{"id":"gen9nationaldexdoubles-1951102536","p1":"QAQ333","p2":"Mierda de oro","format":"[Gen 9] National Dex Doubles","log":"|j|\u2606QAQ333\n|j|\u2606Mierda de oro\n|t:|1695543692\n|gametype|doubles\n|player|p1|QAQ333|102|1302\n|player|p2|Mierda de oro|clown|1394\n|teamsize|p1|6\n|teamsize|p2|6\n|gen|9\n|tier|[Gen 9] National Dex Doubles\n|rated|\n|rule|HP Percentage Mod: HP is shown in percentages\n|rule|Endless Battle Clause: Forcing endless battles is banned\n|rule|OHKO Clause: OHKO moves are banned\n|rule|Evasion Moves Clause: Evasion moves are banned\n|rule|Evasion Abilities Clause: Evasion abilities are banned\n|rule|Species Clause: Limit one of each Pok\u00e9mon\n|rule|Gravity Sleep Clause: The combination of sleep-inducing moves with imperfect accuracy and Gravity or Gigantamax Orbeetle are banned\n|clearpoke\n|poke|p1|Ogerpon-Cornerstone, F|\n|poke|p1|Tyranitar, M|\n|poke|p1|Landorus-Therian, M|\n|poke|p1|Excadrill, F|\n|poke|p1|Empoleon, F|\n|poke|p1|Sinistcha|\n|poke|p2|Shiftry, M|\n|poke|p2|Tornadus, M|\n|poke|p2|Chien-Pao|\n|poke|p2|Brambleghast, F|\n|poke|p2|Volbeat, M|\n|poke|p2|Golem-Alola, M|\n|teampreview\n|inactive|Battle timer is ON: inactive players will automatically lose when time's up. (requested by Mierda de oro)\n|\n|t:|1695543710\n|start\n|switch|p1a: \u53e4\u4ee3\u79cd\u94c1\u8346\u68d8|Tyranitar, M|100\/100\n|switch|p1b: \u9f20\u9f20\u6211\u554a\u6700\u559c\u6b22\u5730\u9707\u4e86|Excadrill, F|100\/100\n|switch|p2a: Tornadus|Tornadus, M|100\/100\n|switch|p2b: Golem|Golem-Alola, M|100\/100\n|-weather|Sandstorm|[from] ability: Sand Stream|[of] p1a: \u53e4\u4ee3\u79cd\u94c1\u8346\u68d8\n|turn|1\n|inactive|QAQ333 has 120 seconds left.\n|\n|t:|1695543741\n|detailschange|p1a: \u53e4\u4ee3\u79cd\u94c1\u8346\u68d8|Tyranitar-Mega, M\n|-mega|p1a: \u53e4\u4ee3\u79cd\u94c1\u8346\u68d8|Tyranitar|Tyranitarite\n|move|p1a: \u53e4\u4ee3\u79cd\u94c1\u8346\u68d8|Detect|p1a: \u53e4\u4ee3\u79cd\u94c1\u8346\u68d8\n|-singleturn|p1a: \u53e4\u4ee3\u79cd\u94c1\u8346\u68d8|Protect\n|move|p2a: Tornadus|Tailwind|p2a: Tornadus\n|-sidestart|p2: Mierda de oro|move: Tailwind\n|move|p1b: \u9f20\u9f20\u6211\u554a\u6700\u559c\u6b22\u5730\u9707\u4e86|High Horsepower|p2b: Golem\n|-supereffective|p2b: Golem\n|-damage|p2b: Golem|0 fnt\n|faint|p2b: Golem\n|\n|-weather|Sandstorm|[upkeep]\n|-damage|p2a: Tornadus|94\/100|[from] Sandstorm\n|upkeep\n|\n|t:|1695543757\n|switch|p2b: Shiftry|Shiftry, M|100\/100\n|-ability|p2b: Shiftry|Wind Rider|boost\n|-boost|p2b: Shiftry|atk|1\n|turn|2\n|\n|t:|1695543777\n|switch|p2a: Brambleghast|Brambleghast, F|100\/100\n|-ability|p2a: Brambleghast|Wind Rider|boost\n|-boost|p2a: Brambleghast|atk|1\n|switch|p1b: Landorus|Landorus-Therian, M|100\/100\n|-ability|p1b: Landorus|Intimidate|boost\n|-unboost|p2a: Brambleghast|atk|1\n|-unboost|p2b: Shiftry|atk|1\n|move|p2b: Shiftry|Low Kick|p1a: \u53e4\u4ee3\u79cd\u94c1\u8346\u68d8\n|-supereffective|p1a: \u53e4\u4ee3\u79cd\u94c1\u8346\u68d8\n|-damage|p1a: \u53e4\u4ee3\u79cd\u94c1\u8346\u68d8|0 fnt\n|faint|p1a: \u53e4\u4ee3\u79cd\u94c1\u8346\u68d8\n|-damage|p2b: Shiftry|91\/100|[from] item: Life Orb\n|\n|-weather|Sandstorm|[upkeep]\n|-damage|p2a: Brambleghast|94\/100|[from] Sandstorm\n|-damage|p2b: Shiftry|84\/100|[from] Sandstorm\n|upkeep\n|\n|t:|1695543802\n|switch|p1a: \u9f20\u9f20\u6211\u554a\u6700\u559c\u6b22\u5730\u9707\u4e86|Excadrill, F|100\/100\n|turn|3\n|\n|t:|1695543820\n|move|p2b: Shiftry|Sucker Punch|p1a: \u9f20\u9f20\u6211\u554a\u6700\u559c\u6b22\u5730\u9707\u4e86\n|-damage|p1a: \u9f20\u9f20\u6211\u554a\u6700\u559c\u6b22\u5730\u9707\u4e86|38\/100\n|-damage|p2b: Shiftry|74\/100|[from] item: Life Orb\n|move|p1a: \u9f20\u9f20\u6211\u554a\u6700\u559c\u6b22\u5730\u9707\u4e86|Iron Head|p2b: Shiftry\n|-damage|p2b: Shiftry|0 fnt\n|faint|p2b: Shiftry\n|move|p2a: Brambleghast|Poltergeist|p1b: Landorus\n|-activate|p1b: Landorus|move: Poltergeist|Assault Vest\n|-damage|p1b: Landorus|11\/100\n|move|p1b: Landorus|Knock Off|p2a: Brambleghast\n|-supereffective|p2a: Brambleghast\n|-damage|p2a: Brambleghast|0 fnt\n|-enditem|p2a: Brambleghast|Choice Band|[from] move: Knock Off|[of] p1b: Landorus\n|faint|p2a: Brambleghast\n|\n|-weather|Sandstorm|[upkeep]\n|upkeep\n|inactive|Mierda de oro has 120 seconds left.\n|\n|t:|1695543840\n|switch|p2a: Chien-Pao|Chien-Pao|100\/100\n|switch|p2b: Volbeat|Volbeat, M|100\/100\n|-ability|p2a: Chien-Pao|Sword of Ruin\n|turn|4\n|inactive|Mierda de oro has 120 seconds left.\n|\n|t:|1695543879\n|move|p2a: Chien-Pao|Sacred Sword|p1a: \u9f20\u9f20\u6211\u554a\u6700\u559c\u6b22\u5730\u9707\u4e86\n|-supereffective|p1a: \u9f20\u9f20\u6211\u554a\u6700\u559c\u6b22\u5730\u9707\u4e86\n|-damage|p1a: \u9f20\u9f20\u6211\u554a\u6700\u559c\u6b22\u5730\u9707\u4e86|0 fnt\n|faint|p1a: \u9f20\u9f20\u6211\u554a\u6700\u559c\u6b22\u5730\u9707\u4e86\n|move|p2b: Volbeat|Lunge|p1b: Landorus\n|-resisted|p1b: Landorus\n|-damage|p1b: Landorus|0 fnt\n|faint|p1b: Landorus\n|\n|-weather|Sandstorm|[upkeep]\n|-damage|p2a: Chien-Pao|94\/100|[from] Sandstorm\n|-damage|p2b: Volbeat|94\/100|[from] Sandstorm\n|-sideend|p2: Mierda de oro|move: Tailwind\n|upkeep\n|\n|t:|1695543893\n|switch|p1a: \u5ca9\u77f3\u9762\u5177\u7684\u840c\u840c\u54d2\u8001\u5a46|Ogerpon-Cornerstone, F|100\/100\n|switch|p1b: \u571f\u5730\u4e91\u8fc7\u6765\u53d7\u6b7b|Empoleon, F|100\/100\n|turn|5\n|inactive|Mierda de oro has 120 seconds left.\n|\n|t:|1695543916\n|move|p1a: \u5ca9\u77f3\u9762\u5177\u7684\u840c\u840c\u54d2\u8001\u5a46|Ivy Cudgel|p2a: Chien-Pao\n|-supereffective|p2a: Chien-Pao\n|-damage|p2a: Chien-Pao|0 fnt\n|faint|p2a: Chien-Pao\n|move|p2b: Volbeat|Lunge|p1a: \u5ca9\u77f3\u9762\u5177\u7684\u840c\u840c\u54d2\u8001\u5a46\n|-supereffective|p1a: \u5ca9\u77f3\u9762\u5177\u7684\u840c\u840c\u54d2\u8001\u5a46\n|-damage|p1a: \u5ca9\u77f3\u9762\u5177\u7684\u840c\u840c\u54d2\u8001\u5a46|43\/100\n|-unboost|p1a: \u5ca9\u77f3\u9762\u5177\u7684\u840c\u840c\u54d2\u8001\u5a46|atk|1\n|move|p1b: \u571f\u5730\u4e91\u8fc7\u6765\u53d7\u6b7b|Hydro Pump|p2b: Volbeat|[miss]\n|-miss|p1b: \u571f\u5730\u4e91\u8fc7\u6765\u53d7\u6b7b|p2b: Volbeat\n|\n|-weather|none\n|upkeep\n|inactive|Mierda de oro has 120 seconds left.\n|\n|t:|1695543926\n|switch|p2a: Tornadus|Tornadus, M|94\/100\n|turn|6\n|\n|t:|1695543934\n|move|p2a: Tornadus|Tailwind|p2a: Tornadus\n|-sidestart|p2: Mierda de oro|move: Tailwind\n|move|p2b: Volbeat|Lunge|p1a: \u5ca9\u77f3\u9762\u5177\u7684\u840c\u840c\u54d2\u8001\u5a46\n|-supereffective|p1a: \u5ca9\u77f3\u9762\u5177\u7684\u840c\u840c\u54d2\u8001\u5a46\n|-damage|p1a: \u5ca9\u77f3\u9762\u5177\u7684\u840c\u840c\u54d2\u8001\u5a46|0 fnt\n|faint|p1a: \u5ca9\u77f3\u9762\u5177\u7684\u840c\u840c\u54d2\u8001\u5a46\n|move|p1b: \u571f\u5730\u4e91\u8fc7\u6765\u53d7\u6b7b|Ice Beam|p2a: Tornadus\n|-supereffective|p2a: Tornadus\n|-damage|p2a: Tornadus|40\/100\n|\n|upkeep\n|\n|t:|1695543942\n|switch|p1a: \u53ef\u7231\u58f6\u58f6qaq|Sinistcha|100\/100\n|turn|7\n|\n|t:|1695543951\n|move|p2a: Tornadus|Bleakwind Storm|p1b: \u571f\u5730\u4e91\u8fc7\u6765\u53d7\u6b7b|[spread] p1b\n|-miss|p2a: Tornadus|p1a: \u53ef\u7231\u58f6\u58f6qaq\n|-resisted|p1b: \u571f\u5730\u4e91\u8fc7\u6765\u53d7\u6b7b\n|-damage|p1b: \u571f\u5730\u4e91\u8fc7\u6765\u53d7\u6b7b|89\/100\n|-unboost|p1b: \u571f\u5730\u4e91\u8fc7\u6765\u53d7\u6b7b|spe|1\n|-ability|p1b: \u571f\u5730\u4e91\u8fc7\u6765\u53d7\u6b7b|Competitive|boost\n|-boost|p1b: \u571f\u5730\u4e91\u8fc7\u6765\u53d7\u6b7b|spa|2\n|move|p2b: Volbeat|Brick Break|p1b: \u571f\u5730\u4e91\u8fc7\u6765\u53d7\u6b7b\n|-supereffective|p1b: \u571f\u5730\u4e91\u8fc7\u6765\u53d7\u6b7b\n|-damage|p1b: \u571f\u5730\u4e91\u8fc7\u6765\u53d7\u6b7b|66\/100\n|move|p1a: \u53ef\u7231\u58f6\u58f6qaq|Hex|p2b: Volbeat\n|-damage|p2b: Volbeat|64\/100\n|move|p1b: \u571f\u5730\u4e91\u8fc7\u6765\u53d7\u6b7b|Ice Beam|p2a: Tornadus\n|-supereffective|p2a: Tornadus\n|-damage|p2a: Tornadus|0 fnt\n|faint|p2a: Tornadus\n|\n|-heal|p1b: \u571f\u5730\u4e91\u8fc7\u6765\u53d7\u6b7b|72\/100|[from] item: Leftovers\n|upkeep\n|turn|8\n|-message|Mierda de oro forfeited.\n|\n|win|QAQ333\n|raw|QAQ333's rating: 1302 &rarr; <strong>1327<\/strong><br \/>(+25 for winning)\n|raw|Mierda de oro's rating: 1394 &rarr; <strong>1369<\/strong><br \/>(-25 for losing)\n|l|\u2606Mierda de oro\n","uploadtime":1695543981,"views":20,"p1id":"qaq333","p2id":"mierdadeoro","formatid":"gen9nationaldexdoubles","rating":1327,"private":0,"password":""}