{"id":"gen9nationaldexdoubles-1965299650","p1":"MobeT12GER","p2":"Clea_Foxx96","format":"[Gen 9] National Dex Doubles","log":"|j|\u2606MobeT12GER\n|j|\u2606Clea_Foxx96\n|t:|1697058861\n|gametype|doubles\n|player|p1|MobeT12GER|101|1077\n|player|p2|Clea_Foxx96|bianca|1049\n|teamsize|p1|6\n|teamsize|p2|6\n|gen|9\n|tier|[Gen 9] National Dex Doubles\n|rated|\n|rule|HP Percentage Mod: HP is shown in percentages\n|rule|Endless Battle Clause: Forcing endless battles is banned\n|rule|OHKO Clause: OHKO moves are banned\n|rule|Evasion Moves Clause: Evasion moves are banned\n|rule|Evasion Abilities Clause: Evasion abilities are banned\n|rule|Species Clause: Limit one of each Pok\u00e9mon\n|rule|Gravity Sleep Clause: The combination of sleep-inducing moves with imperfect accuracy and Gravity or Gigantamax Orbeetle are banned\n|clearpoke\n|poke|p1|Blastoise, M|\n|poke|p1|Torkoal, M|\n|poke|p1|Torterra, M|\n|poke|p1|Drednaw, F|\n|poke|p1|Turtonator, F|\n|poke|p1|Shuckle, F|\n|poke|p2|Alcremie-Ruby-Swirl, F|\n|poke|p2|Bisharp, M|\n|poke|p2|Gastrodon-East, F|\n|poke|p2|Arcanine, M|\n|poke|p2|Oricorio-Pom-Pom, F|\n|poke|p2|Beedrill, M|\n|teampreview\n|\n|t:|1697058873\n|start\n|switch|p1a: Blastoise|Blastoise, M|100\/100\n|switch|p1b: Shuckle|Shuckle, F|100\/100\n|switch|p2a: Ada|Alcremie-Ruby-Swirl, F|100\/100\n|switch|p2b: Gooped|Gastrodon-East, F|100\/100\n|turn|1\n|\n|t:|1697058888\n|detailschange|p1a: Blastoise|Blastoise-Mega, M\n|-mega|p1a: Blastoise|Blastoise|Blastoisinite\n|move|p1a: Blastoise|Shell Smash|p1a: Blastoise\n|-unboost|p1a: Blastoise|def|1\n|-unboost|p1a: Blastoise|spd|1\n|-boost|p1a: Blastoise|atk|2\n|-boost|p1a: Blastoise|spa|2\n|-boost|p1a: Blastoise|spe|2\n|move|p2a: Ada|Decorate|p2b: Gooped\n|-boost|p2b: Gooped|atk|2\n|-boost|p2b: Gooped|spa|2\n|move|p2b: Gooped|Icy Wind|p1a: Blastoise|[spread] p1a,p1b\n|-resisted|p1a: Blastoise\n|-damage|p1a: Blastoise|81\/100\n|-damage|p1b: Shuckle|86\/100\n|-unboost|p1a: Blastoise|spe|1\n|-boost|p1b: Shuckle|spe|1\n|move|p1b: Shuckle|Stealth Rock|p2a: Ada\n|-sidestart|p2: Clea_Foxx96|move: Stealth Rock\n|\n|-heal|p1b: Shuckle|92\/100|[from] item: Leftovers\n|upkeep\n|turn|2\n|\n|t:|1697058923\n|move|p1a: Blastoise|Dragon Pulse|p2b: Gooped\n|-damage|p2b: Gooped|10\/100\n|move|p2a: Ada|Calm Mind|p2a: Ada\n|-boost|p2a: Ada|spa|1\n|-boost|p2a: Ada|spd|1\n|move|p2b: Gooped|Icy Wind|p1a: Blastoise|[spread] p1a,p1b\n|-resisted|p1a: Blastoise\n|-crit|p1a: Blastoise\n|-damage|p1a: Blastoise|52\/100\n|-damage|p1b: Shuckle|76\/100\n|-unboost|p1a: Blastoise|spe|1\n|-boost|p1b: Shuckle|spe|1\n|move|p1b: Shuckle|Sticky Web|p2b: Gooped\n|-sidestart|p2: Clea_Foxx96|move: Sticky Web\n|\n|-heal|p1b: Shuckle|82\/100|[from] item: Leftovers\n|upkeep\n|turn|3\n|\n|t:|1697058947\n|move|p2a: Ada|Helping Hand|p2b: Gooped\n|-singleturn|p2b: Gooped|Helping Hand|[of] p2a: Ada\n|move|p1a: Blastoise|Aura Sphere|p2b: Gooped\n|-crit|p2b: Gooped\n|-damage|p2b: Gooped|0 fnt\n|faint|p2b: Gooped\n|move|p1b: Shuckle|Toxic|p2a: Ada\n|-status|p2a: Ada|tox\n|\n|-heal|p1b: Shuckle|89\/100|[from] item: Leftovers\n|-damage|p2a: Ada|95\/100 tox|[from] psn\n|upkeep\n|\n|t:|1697058971\n|switch|p2b: Stabler|Beedrill, M|100\/100\n|-damage|p2b: Stabler|76\/100|[from] Stealth Rock\n|-activate|p2b: Stabler|move: Sticky Web\n|-unboost|p2b: Stabler|spe|1\n|turn|4\n|\n|t:|1697058992\n|detailschange|p2b: Stabler|Beedrill-Mega, M\n|-mega|p2b: Stabler|Beedrill|Beedrillite\n|move|p2a: Ada|Helping Hand|p2b: Stabler\n|-singleturn|p2b: Stabler|Helping Hand|[of] p2a: Ada\n|move|p2b: Stabler|Poison Jab|p1a: Blastoise\n|-damage|p1a: Blastoise|0 fnt\n|faint|p1a: Blastoise\n|move|p1b: Shuckle|Shell Smash|p1b: Shuckle\n|-boost|p1b: Shuckle|def|1\n|-boost|p1b: Shuckle|spd|1\n|-unboost|p1b: Shuckle|atk|2\n|-unboost|p1b: Shuckle|spa|2\n|-unboost|p1b: Shuckle|spe|2\n|\n|-heal|p2a: Ada|100\/100 tox|[from] item: Leftovers\n|-heal|p1b: Shuckle|95\/100|[from] item: Leftovers\n|-damage|p2a: Ada|89\/100 tox|[from] psn\n|upkeep\n|\n|t:|1697059026\n|switch|p1a: Torkoal|Torkoal, M|100\/100\n|-weather|SunnyDay|[from] ability: Drought|[of] p1a: Torkoal\n|turn|5\n|\n|t:|1697059042\n|move|p2a: Ada|Helping Hand|p2b: Stabler\n|-singleturn|p2b: Stabler|Helping Hand|[of] p2a: Ada\n|move|p2b: Stabler|Drill Run|p1a: Torkoal\n|-supereffective|p1a: Torkoal\n|-damage|p1a: Torkoal|25\/100\n|move|p1a: Torkoal|Eruption|p2a: Ada|[spread] p2a,p2b\n|-supereffective|p2b: Stabler\n|-damage|p2a: Ada|77\/100 tox\n|-damage|p2b: Stabler|23\/100\n|move|p1b: Shuckle|Shell Smash|p1b: Shuckle\n|-boost|p1b: Shuckle|def|1\n|-boost|p1b: Shuckle|spd|1\n|-unboost|p1b: Shuckle|atk|2\n|-unboost|p1b: Shuckle|spa|2\n|-unboost|p1b: Shuckle|spe|2\n|\n|-weather|SunnyDay|[upkeep]\n|-heal|p2a: Ada|83\/100 tox|[from] item: Leftovers\n|-heal|p1b: Shuckle|100\/100|[from] item: Leftovers\n|-damage|p2a: Ada|65\/100 tox|[from] psn\n|upkeep\n|turn|6\n|\n|t:|1697059097\n|-terastallize|p1a: Torkoal|Grass\n|move|p2a: Ada|Helping Hand|p2b: Stabler\n|-singleturn|p2b: Stabler|Helping Hand|[of] p2a: Ada\n|move|p2b: Stabler|Drill Run|p1a: Torkoal\n|-resisted|p1a: Torkoal\n|-crit|p1a: Torkoal\n|-damage|p1a: Torkoal|0 fnt\n|faint|p1a: Torkoal\n|move|p1b: Shuckle|Shell Smash|p1b: Shuckle\n|-boost|p1b: Shuckle|def|1\n|-boost|p1b: Shuckle|spd|1\n|-unboost|p1b: Shuckle|atk|2\n|-unboost|p1b: Shuckle|spa|2\n|-unboost|p1b: Shuckle|spe|2\n|\n|-weather|SunnyDay|[upkeep]\n|-heal|p2a: Ada|71\/100 tox|[from] item: Leftovers\n|-damage|p2a: Ada|48\/100 tox|[from] psn\n|upkeep\n|\n|t:|1697059133\n|switch|p1a: Turtonator|Turtonator, F|100\/100\n|turn|7\n|\n|t:|1697059140\n|move|p2a: Ada|Helping Hand|p2b: Stabler\n|-singleturn|p2b: Stabler|Helping Hand|[of] p2a: Ada\n|move|p2b: Stabler|Drill Run|p1a: Turtonator\n|-supereffective|p1a: Turtonator\n|-damage|p1a: Turtonator|25\/100\n|move|p1a: Turtonator|Flamethrower|p2b: Stabler\n|-supereffective|p2b: Stabler\n|-damage|p2b: Stabler|0 fnt\n|faint|p2b: Stabler\n|move|p1b: Shuckle|Shell Smash|p1b: Shuckle\n|-boost|p1b: Shuckle|def|1\n|-boost|p1b: Shuckle|spd|1\n|-unboost|p1b: Shuckle|atk|0\n|-unboost|p1b: Shuckle|spa|0\n|-unboost|p1b: Shuckle|spe|2\n|\n|-weather|SunnyDay|[upkeep]\n|-heal|p2a: Ada|53\/100 tox|[from] item: Leftovers\n|-damage|p2a: Ada|24\/100 tox|[from] psn\n|upkeep\n|\n|t:|1697059164\n|switch|p2b: Ronnie|Oricorio-Pom-Pom, F, shiny|100\/100\n|-damage|p2b: Ronnie|75\/100|[from] Stealth Rock\n|turn|8\n|\n|t:|1697059211\n|move|p2b: Ronnie|Calm Mind|p2b: Ronnie\n|-boost|p2b: Ronnie|spa|1\n|-boost|p2b: Ronnie|spd|1\n|move|p2a: Ada|Decorate|p2b: Ronnie\n|-boost|p2b: Ronnie|atk|2\n|-boost|p2b: Ronnie|spa|2\n|move|p1a: Turtonator|Draco Meteor|p2b: Ronnie\n|-damage|p2b: Ronnie|19\/100\n|-unboost|p1a: Turtonator|spa|2\n|-enditem|p1a: Turtonator|White Herb\n|-clearnegativeboost|p1a: Turtonator|[silent]\n|move|p1b: Shuckle|Toxic|p2b: Ronnie\n|-status|p2b: Ronnie|tox\n|\n|-weather|SunnyDay|[upkeep]\n|-heal|p2a: Ada|30\/100 tox|[from] item: Leftovers\n|-damage|p2b: Ronnie|13\/100 tox|[from] psn\n|-damage|p2a: Ada|0 fnt|[from] psn\n|faint|p2a: Ada\n|upkeep\n|\n|t:|1697059227\n|switch|p2a: Chimney|Arcanine, M|100\/100\n|-damage|p2a: Chimney|76\/100|[from] Stealth Rock\n|-activate|p2a: Chimney|move: Sticky Web\n|-unboost|p2a: Chimney|spe|1\n|-ability|p2a: Chimney|Intimidate|boost\n|-unboost|p1a: Turtonator|atk|1\n|-boost|p1b: Shuckle|atk|1\n|turn|9\n|\n|t:|1697059274\n|move|p2a: Chimney|Extreme Speed|p1a: Turtonator\n|-damage|p1a: Turtonator|2\/100\n|-zpower|p2b: Ronnie\n|move|p2b: Ronnie|Z-Roost|p2b: Ronnie|[anim]Roost\n|-clearnegativeboost|p2b: Ronnie|[zeffect]\n|-heal|p2b: Ronnie|63\/100 tox\n|-singleturn|p2b: Ronnie|move: Roost\n|move|p1a: Turtonator|Draco Meteor|p2a: Chimney\n|-damage|p2a: Chimney|3\/100\n|-unboost|p1a: Turtonator|spa|2\n|-enditem|p2a: Chimney|Sitrus Berry|[eat]\n|-heal|p2a: Chimney|28\/100|[from] item: Sitrus Berry\n|move|p1b: Shuckle|Toxic|p2a: Chimney\n|-status|p2a: Chimney|tox\n|\n|-weather|none\n|-damage|p2b: Ronnie|50\/100 tox|[from] psn\n|-damage|p2a: Chimney|21\/100 tox|[from] psn\n|upkeep\n|turn|10\n|\n|t:|1697059306\n|-terastallize|p2a: Chimney|Fire\n|move|p2b: Ronnie|Revelation Dance|p1a: Turtonator\n|-resisted|p1a: Turtonator\n|-damage|p1a: Turtonator|0 fnt\n|faint|p1a: Turtonator\n|move|p2a: Chimney|Flare Blitz|p1b: Shuckle\n|-damage|p1b: Shuckle|86\/100\n|-damage|p2a: Chimney|18\/100 tox|[from] Recoil\n|move|p1b: Shuckle|Shell Smash|p1b: Shuckle\n|-boost|p1b: Shuckle|def|1\n|-boost|p1b: Shuckle|spd|1\n|-unboost|p1b: Shuckle|atk|1\n|-unboost|p1b: Shuckle|spa|0\n|-unboost|p1b: Shuckle|spe|0\n|\n|-heal|p1b: Shuckle|92\/100|[from] item: Leftovers\n|-damage|p2b: Ronnie|32\/100 tox|[from] psn\n|-damage|p2a: Chimney|5\/100 tox|[from] psn\n|upkeep\n|\n|t:|1697059324\n|switch|p1a: Drednaw|Drednaw, F|100\/100\n|turn|11\n|\n|t:|1697059339\n|move|p2b: Ronnie|Revelation Dance|p1a: Drednaw\n|-supereffective|p1a: Drednaw\n|-damage|p1a: Drednaw|0 fnt\n|faint|p1a: Drednaw\n|move|p2a: Chimney|Flare Blitz|p1b: Shuckle\n|-damage|p1b: Shuckle|78\/100\n|-damage|p2a: Chimney|2\/100 tox|[from] Recoil\n|move|p1b: Shuckle|Shell Smash|p1b: Shuckle\n|-boost|p1b: Shuckle|def|1\n|-boost|p1b: Shuckle|spd|1\n|-unboost|p1b: Shuckle|atk|0\n|-unboost|p1b: Shuckle|spa|0\n|-unboost|p1b: Shuckle|spe|0\n|\n|-heal|p1b: Shuckle|84\/100|[from] item: Leftovers\n|-damage|p2b: Ronnie|7\/100 tox|[from] psn\n|-damage|p2a: Chimney|0 fnt|[from] psn\n|faint|p2a: Chimney\n|upkeep\n|\n|t:|1697059355\n|switch|p2a: Makaveli|Bisharp, M|100\/100\n|switch|p1a: Torterra|Torterra, M|100\/100\n|-damage|p2a: Makaveli|95\/100|[from] Stealth Rock\n|-activate|p2a: Makaveli|move: Sticky Web\n|-unboost|p2a: Makaveli|spe|1\n|-ability|p2a: Makaveli|Defiant|boost\n|-boost|p2a: Makaveli|atk|2\n|turn|12\n|\n|t:|1697059383\n|move|p2a: Makaveli|Sucker Punch|p1a: Torterra\n|-damage|p1a: Torterra|20\/100\n|move|p2b: Ronnie|Air Slash|p1a: Torterra\n|-supereffective|p1a: Torterra\n|-damage|p1a: Torterra|0 fnt\n|faint|p1a: Torterra\n|move|p1b: Shuckle|Toxic|p2a: Makaveli\n|-immune|p2a: Makaveli\n|\n|-heal|p1b: Shuckle|90\/100|[from] item: Leftovers\n|-damage|p2b: Ronnie|0 fnt|[from] psn\n|faint|p2b: Ronnie\n|upkeep\n|turn|13\n|\n|t:|1697059399\n|move|p2a: Makaveli|Rock Polish|p2a: Makaveli\n|-boost|p2a: Makaveli|spe|2\n|move|p1b: Shuckle|Shell Smash|p1b: Shuckle\n|-boost|p1b: Shuckle|def|0\n|-boost|p1b: Shuckle|spd|0\n|-unboost|p1b: Shuckle|atk|0\n|-unboost|p1b: Shuckle|spa|0\n|-unboost|p1b: Shuckle|spe|0\n|\n|-heal|p1b: Shuckle|96\/100|[from] item: Leftovers\n|upkeep\n|turn|14\n|c|\u2606MobeT12GER|hmmm\n|\n|t:|1697059415\n|move|p2a: Makaveli|Rock Polish|p2a: Makaveli\n|-boost|p2a: Makaveli|spe|2\n|move|p1b: Shuckle|Stealth Rock||[still]\n|-fail|p1b: Shuckle\n|\n|-heal|p1b: Shuckle|100\/100|[from] item: Leftovers\n|upkeep\n|turn|15\n|c|\u2606Clea_Foxx96|welp\n|\n|t:|1697059423\n|move|p2a: Makaveli|Rock Polish|p2a: Makaveli\n|-boost|p2a: Makaveli|spe|2\n|move|p1b: Shuckle|Stealth Rock||[still]\n|-fail|p1b: Shuckle\n|\n|upkeep\n|turn|16\n|inactive|Battle timer is ON: inactive players will automatically lose when time's up. (requested by MobeT12GER)\n|\n|t:|1697059436\n|move|p2a: Makaveli|Rock Polish|p2a: Makaveli\n|-boost|p2a: Makaveli|spe|1\n|move|p1b: Shuckle|Stealth Rock||[still]\n|-fail|p1b: Shuckle\n|\n|upkeep\n|turn|17\n|\n|t:|1697059449\n|move|p2a: Makaveli|Iron Head|p1b: Shuckle\n|-supereffective|p1b: Shuckle\n|-damage|p1b: Shuckle|71\/100\n|cant|p1b: Shuckle|flinch\n|\n|-heal|p1b: Shuckle|77\/100|[from] item: Leftovers\n|upkeep\n|turn|18\n|c|\u2606MobeT12GER|gg i gues\n|\n|t:|1697059465\n|move|p2a: Makaveli|Iron Head|p1b: Shuckle\n|-supereffective|p1b: Shuckle\n|-damage|p1b: Shuckle|50\/100\n|move|p1b: Shuckle|Toxic|p2a: Makaveli\n|-immune|p2a: Makaveli\n|\n|-heal|p1b: Shuckle|56\/100|[from] item: Leftovers\n|upkeep\n|turn|19\n|c|\u2606Clea_Foxx96|gg this battle was actually really awesome\n|\n|t:|1697059483\n|move|p2a: Makaveli|Iron Head|p1b: Shuckle\n|-supereffective|p1b: Shuckle\n|-damage|p1b: Shuckle|31\/100\n|move|p1b: Shuckle|Stealth Rock||[still]\n|-fail|p1b: Shuckle\n|\n|-heal|p1b: Shuckle|37\/100|[from] item: Leftovers\n|upkeep\n|turn|20\n|\n|t:|1697059491\n|move|p2a: Makaveli|Iron Head|p1b: Shuckle\n|-supereffective|p1b: Shuckle\n|-damage|p1b: Shuckle|7\/100\n|move|p1b: Shuckle|Stealth Rock||[still]\n|-fail|p1b: Shuckle\n|\n|-heal|p1b: Shuckle|14\/100|[from] item: Leftovers\n|upkeep\n|turn|21\n|\n|t:|1697059498\n|move|p2a: Makaveli|Iron Head|p1b: Shuckle\n|-supereffective|p1b: Shuckle\n|-damage|p1b: Shuckle|0 fnt\n|faint|p1b: Shuckle\n|\n|win|Clea_Foxx96\n|raw|MobeT12GER's rating: 1077 &rarr; <strong>1054<\/strong><br \/>(-23 for losing)\n|raw|Clea_Foxx96's rating: 1049 &rarr; <strong>1084<\/strong><br \/>(+35 for winning)\n","uploadtime":1697059505,"views":15,"p1id":"mobet12ger","p2id":"cleafoxx96","formatid":"gen9nationaldexdoubles","rating":1054,"private":0,"password":""}