{"id":"gen9nationaldexdoubles-1983884496","p1":"sshnc","p2":"fumbari 24","format":"[Gen 9] National Dex Doubles","log":"|j|\u203dsshnc\n|j|\u2606fumbari 24\n|t:|1699195967\n|gametype|doubles\n|player|p1|sshnc|101|1284\n|player|p2|fumbari 24|hilbert|1485\n|teamsize|p1|6\n|teamsize|p2|6\n|gen|9\n|tier|[Gen 9] National Dex Doubles\n|rated|\n|rule|HP Percentage Mod: HP is shown in percentages\n|rule|Endless Battle Clause: Forcing endless battles is banned\n|rule|OHKO Clause: OHKO moves are banned\n|rule|Evasion Moves Clause: Evasion moves are banned\n|rule|Evasion Abilities Clause: Evasion abilities are banned\n|rule|Species Clause: Limit one of each Pok\u00e9mon\n|rule|Gravity Sleep Clause: The combination of sleep-inducing moves with imperfect accuracy and Gravity or Gigantamax Orbeetle are banned\n|clearpoke\n|poke|p1|Flutter Mane|\n|poke|p1|Chi-Yu|\n|poke|p1|Charizard, F|\n|poke|p1|Ogerpon-Hearthflame, F|\n|poke|p1|Kingambit, F|\n|poke|p1|Heatran, M|\n|poke|p2|Tornadus, M|\n|poke|p2|Chi-Yu|\n|poke|p2|Krookodile, M|\n|poke|p2|Salamence, M|\n|poke|p2|Arcanine-Hisui, M|\n|poke|p2|Amoonguss, F|\n|teampreview\n|inactive|Battle timer is ON: inactive players will automatically lose when time's up. (requested by fumbari 24)\n|\n|t:|1699195990\n|start\n|switch|p1a: Charizard|Charizard, F|100\/100\n|switch|p1b: Chi-Yu|Chi-Yu|100\/100\n|switch|p2a: Dare|Tornadus, M|100\/100\n|switch|p2b: Red Moon|Arcanine-Hisui, M|100\/100\n|-ability|p1b: Chi-Yu|Beads of Ruin\n|turn|1\n|\n|t:|1699196000\n|detailschange|p1a: Charizard|Charizard-Mega-Y, F\n|-mega|p1a: Charizard|Charizard|Charizardite Y\n|-weather|SunnyDay|[from] ability: Drought|[of] p1a: Charizard\n|move|p2a: Dare|Tailwind|p2a: Dare\n|-sidestart|p2: fumbari 24|move: Tailwind\n|move|p2b: Red Moon|Rock Slide|p1b: Chi-Yu|[spread] p1a,p1b\n|-supereffective|p1a: Charizard\n|-supereffective|p1b: Chi-Yu\n|-damage|p1a: Charizard|0 fnt\n|-damage|p1b: Chi-Yu|8\/100\n|faint|p1a: Charizard\n|cant|p1b: Chi-Yu|flinch\n|\n|-weather|SunnyDay|[upkeep]\n|upkeep\n|\n|t:|1699196010\n|switch|p1a: Kingambit|Kingambit, F|100\/100\n|turn|2\n|\n|t:|1699196019\n|switch|p2a: Catallena|Amoonguss, F|100\/100\n|-terastallize|p1a: Kingambit|Dark\n|move|p2b: Red Moon|Extreme Speed|p1b: Chi-Yu\n|-damage|p1b: Chi-Yu|0 fnt\n|faint|p1b: Chi-Yu\n|move|p1a: Kingambit|Swords Dance|p1a: Kingambit\n|-boost|p1a: Kingambit|atk|2\n|\n|-weather|SunnyDay|[upkeep]\n|upkeep\n|\n|t:|1699196032\n|switch|p1b: Ogerpon|Ogerpon-Hearthflame, F|100\/100\n|-ability|p1b: Ogerpon|Mold Breaker\n|turn|3\n|\n|t:|1699196039\n|-terastallize|p2b: Red Moon|Fire\n|move|p2b: Red Moon|Flare Blitz|p1a: Kingambit\n|-damage|p1a: Kingambit|8\/100\n|move|p1b: Ogerpon|Ivy Cudgel|p2a: Catallena\n|-supereffective|p2a: Catallena\n|-damage|p2a: Catallena|0 fnt\n|faint|p2a: Catallena\n|move|p1a: Kingambit|Knock Off|p2b: Red Moon\n|-damage|p2b: Red Moon|0 fnt\n|-enditem|p2b: Red Moon|Clear Amulet|[from] move: Knock Off|[of] p1a: Kingambit\n|faint|p2b: Red Moon\n|\n|-weather|SunnyDay|[upkeep]\n|upkeep\n|\n|t:|1699196056\n|switch|p2b: Dare|Tornadus, M|100\/100\n|switch|p2a: Canned Heat|Chi-Yu|100\/100\n|-ability|p2a: Canned Heat|Beads of Ruin\n|turn|4\n|\n|t:|1699196078\n|move|p1a: Kingambit|Sucker Punch|p2b: Dare\n|-damage|p2b: Dare|0 fnt\n|faint|p2b: Dare\n|move|p2a: Canned Heat|Heat Wave|p1a: Kingambit|[spread] p1a,p1b\n|-damage|p1a: Kingambit|0 fnt\n|-damage|p1b: Ogerpon|15\/100\n|faint|p1a: Kingambit\n|move|p1b: Ogerpon|Ivy Cudgel|p2a: Canned Heat\n|-resisted|p2a: Canned Heat\n|-damage|p2a: Canned Heat|46\/100\n|\n|-weather|SunnyDay|[upkeep]\n|-sideend|p2: fumbari 24|move: Tailwind\n|upkeep\n|\n|t:|1699196094\n|switch|p2b: Blue Flame|Salamence, M|100\/100\n|switch|p1a: Heatran|Heatran, M|100\/100\n|-ability|p2b: Blue Flame|Intimidate|boost\n|-unboost|p1a: Heatran|atk|1\n|-unboost|p1b: Ogerpon|atk|1\n|turn|5\n|\n|t:|1699196099\n|detailschange|p2b: Blue Flame|Salamence-Mega, M\n|-mega|p2b: Blue Flame|Salamence|Salamencite\n|move|p2a: Canned Heat|Protect|p2a: Canned Heat\n|-singleturn|p2a: Canned Heat|Protect\n|move|p1a: Heatran|Eruption|p2b: Blue Flame|[spread] p2b\n|-activate|p2a: Canned Heat|move: Protect\n|-resisted|p2b: Blue Flame\n|-damage|p2b: Blue Flame|35\/100\n|move|p2b: Blue Flame|Tailwind|p2b: Blue Flame\n|-sidestart|p2: fumbari 24|move: Tailwind\n|move|p1b: Ogerpon|Ivy Cudgel|p2a: Canned Heat\n|-activate|p2a: Canned Heat|move: Protect\n|\n|-weather|none\n|upkeep\n|turn|6\n|\n|t:|1699196126\n|move|p2b: Blue Flame|Hyper Voice|p1b: Ogerpon|[spread] p1a,p1b\n|-resisted|p1a: Heatran\n|-supereffective|p1b: Ogerpon\n|-damage|p1a: Heatran|76\/100\n|-damage|p1b: Ogerpon|0 fnt\n|faint|p1b: Ogerpon\n|move|p2a: Canned Heat|Snarl|p1a: Heatran\n|-damage|p1a: Heatran|41\/100\n|-unboost|p1a: Heatran|spa|1\n|move|p1a: Heatran|Eruption|p2a: Canned Heat|[spread] p2a,p2b\n|-resisted|p2a: Canned Heat\n|-resisted|p2b: Blue Flame\n|-damage|p2a: Canned Heat|39\/100\n|-damage|p2b: Blue Flame|23\/100\n|\n|upkeep\n|\n|t:|1699196129\n|switch|p1b: Flutter Mane|Flutter Mane|100\/100\n|turn|7\n|\n|t:|1699196142\n|move|p2b: Blue Flame|Hyper Voice|p1a: Heatran|[spread] p1a,p1b\n|-resisted|p1a: Heatran\n|-damage|p1a: Heatran|14\/100\n|-damage|p1b: Flutter Mane|50\/100\n|-zpower|p2a: Canned Heat\n|move|p2a: Canned Heat|Inferno Overdrive|p1b: Flutter Mane|[zeffect]\n|-damage|p1b: Flutter Mane|0 fnt\n|faint|p1b: Flutter Mane\n|-end|p1b: Flutter Mane|Protosynthesis|[silent]\n|move|p1a: Heatran|Eruption|p2b: Blue Flame|[spread] p2a,p2b\n|-resisted|p2a: Canned Heat\n|-crit|p2a: Canned Heat\n|-resisted|p2b: Blue Flame\n|-damage|p2a: Canned Heat|34\/100\n|-damage|p2b: Blue Flame|20\/100\n|\n|upkeep\n|turn|8\n|\n|t:|1699196151\n|move|p2b: Blue Flame|Hyper Voice|p1a: Heatran\n|-resisted|p1a: Heatran\n|-damage|p1a: Heatran|0 fnt\n|faint|p1a: Heatran\n|\n|win|fumbari 24\n|raw|sshnc's rating: 1284 &rarr; <strong>1272<\/strong><br \/>(-12 for losing)\n|raw|fumbari 24's rating: 1485 &rarr; <strong>1495<\/strong><br \/>(+10 for winning)\n","uploadtime":1699196166,"views":4,"p1id":"sshnc","p2id":"fumbari24","formatid":"gen9nationaldexdoubles","rating":1272,"private":0,"password":""}