{"id":"gen9nationaldexdoubles-1951261993","p1":"Theonlykev","p2":"A888453350","format":"[Gen 9] National Dex Doubles","log":"|j|\u2606Theonlykev\n|j|\u2606A888453350\n|t:|1695566097\n|gametype|doubles\n|player|p1|Theonlykev|ltsurge|1214\n|player|p2|A888453350|cynthia|1052\n|teamsize|p1|6\n|teamsize|p2|6\n|gen|9\n|tier|[Gen 9] National Dex Doubles\n|rated|\n|rule|HP Percentage Mod: HP is shown in percentages\n|rule|Endless Battle Clause: Forcing endless battles is banned\n|rule|OHKO Clause: OHKO moves are banned\n|rule|Evasion Moves Clause: Evasion moves are banned\n|rule|Evasion Abilities Clause: Evasion abilities are banned\n|rule|Species Clause: Limit one of each Pok\u00e9mon\n|rule|Gravity Sleep Clause: The combination of sleep-inducing moves with imperfect accuracy and Gravity or Gigantamax Orbeetle are banned\n|clearpoke\n|poke|p1|Landorus-Therian, M|\n|poke|p1|Tornadus, M|\n|poke|p1|Enamorus-Therian, F|\n|poke|p1|Thundurus, M|\n|poke|p1|Ogerpon-Hearthflame, F|\n|poke|p1|Palafin, M|\n|poke|p2|Landorus-Therian, M|\n|poke|p2|Urshifu-*, M|\n|poke|p2|Flutter Mane|\n|poke|p2|Chien-Pao|\n|poke|p2|Amoonguss, M|\n|poke|p2|Iron Hands|\n|teampreview\n|c|\u2606Theonlykev|Glhf\n|\n|t:|1695566118\n|start\n|switch|p1a: Tornadus|Tornadus, M|100\/100\n|switch|p1b: Thundurus|Thundurus, M|100\/100\n|switch|p2a: Amoonguss|Amoonguss, M|100\/100\n|switch|p2b: Landorus|Landorus-Therian, M|100\/100\n|-ability|p2b: Landorus|Intimidate|boost\n|-unboost|p1a: Tornadus|atk|1\n|-unboost|p1b: Thundurus|atk|1\n|turn|1\n|\n|t:|1695566149\n|move|p1a: Tornadus|Taunt|p2a: Amoonguss\n|-start|p2a: Amoonguss|move: Taunt\n|move|p1b: Thundurus|Thunder Wave|p2a: Amoonguss\n|-status|p2a: Amoonguss|par\n|move|p2b: Landorus|U-turn|p1a: Tornadus\n|-resisted|p1a: Tornadus\n|-damage|p1a: Tornadus|80\/100\n|\n|t:|1695566163\n|switch|p2b: Chien-Pao|Chien-Pao|100\/100|[from] U-turn\n|-ability|p2b: Chien-Pao|Sword of Ruin\n|cant|p2a: Amoonguss|move: Taunt|Spore\n|\n|upkeep\n|turn|2\n|\n|t:|1695566180\n|switch|p2a: Flutter Mane|Flutter Mane|100\/100\n|-terastallize|p2b: Chien-Pao|Ghost\n|move|p1a: Tornadus|Tailwind|p1a: Tornadus\n|-sidestart|p1: Theonlykev|move: Tailwind\n|move|p1b: Thundurus|Wildbolt Storm|p2a: Flutter Mane|[spread] p2a,p2b\n|-damage|p2a: Flutter Mane|58\/100\n|-damage|p2b: Chien-Pao|36\/100\n|-status|p2a: Flutter Mane|par\n|move|p2b: Chien-Pao|Icicle Crash|p1a: Tornadus\n|-supereffective|p1a: Tornadus\n|-damage|p1a: Tornadus|0 fnt\n|faint|p1a: Tornadus\n|\n|upkeep\n|\n|t:|1695566215\n|switch|p1a: Ogerpon|Ogerpon-Hearthflame, F|100\/100\n|-ability|p1a: Ogerpon|Mold Breaker\n|turn|3\n|\n|t:|1695566229\n|move|p2b: Chien-Pao|Sucker Punch|p1b: Thundurus\n|-damage|p1b: Thundurus|33\/100\n|move|p1a: Ogerpon|Ivy Cudgel|p2a: Flutter Mane\n|-damage|p2a: Flutter Mane|0 fnt\n|faint|p2a: Flutter Mane\n|-end|p2a: Flutter Mane|Protosynthesis|[silent]\n|move|p1b: Thundurus|Wildbolt Storm|p2b: Chien-Pao\n|-damage|p2b: Chien-Pao|0 fnt\n|faint|p2b: Chien-Pao\n|\n|upkeep\n|\n|t:|1695566248\n|switch|p2b: Urshifu|Urshifu-Rapid-Strike, M|100\/100\n|switch|p2a: Landorus|Landorus-Therian, M|100\/100\n|-ability|p2a: Landorus|Intimidate|boost\n|-unboost|p1a: Ogerpon|atk|1\n|-unboost|p1b: Thundurus|atk|1\n|turn|4\n|\n|t:|1695566266\n|-terastallize|p1a: Ogerpon|Fire\n|detailschange|p1a: Ogerpon|Ogerpon-Hearthflame-Tera, F, tera:Fire\n|-ability|p1a: Ogerpon|Embody Aspect (Hearthflame)|boost\n|-boost|p1a: Ogerpon|atk|1\n|move|p1b: Thundurus|Thunder Wave|p2b: Urshifu|[miss]\n|-miss|p1b: Thundurus|p2b: Urshifu\n|move|p2b: Urshifu|Aqua Jet|p1b: Thundurus\n|-damage|p1b: Thundurus|0 fnt\n|faint|p1b: Thundurus\n|move|p1a: Ogerpon|Horn Leech|p2b: Urshifu\n|-supereffective|p2b: Urshifu\n|-damage|p2b: Urshifu|16\/100\n|move|p2a: Landorus|Stomping Tantrum|p1a: Ogerpon\n|-supereffective|p1a: Ogerpon\n|-crit|p1a: Ogerpon\n|-damage|p1a: Ogerpon|0 fnt\n|faint|p1a: Ogerpon\n|\n|upkeep\n|\n|t:|1695566286\n|switch|p1a: Landorus|Landorus-Therian, M|100\/100\n|switch|p1b: Palafin|Palafin, M|100\/100\n|-ability|p1a: Landorus|Intimidate|boost\n|-unboost|p2a: Landorus|atk|1\n|-unboost|p2b: Urshifu|atk|1\n|turn|5\n|\n|t:|1695566303\n|move|p1b: Palafin|Flip Turn|p2a: Landorus\n|-supereffective|p2a: Landorus\n|-damage|p2a: Landorus|37\/100\n|\n|t:|1695566312\n|detailschange|p1b: Palafin|Palafin-Hero, M\n|switch|p1b: Enamorus|Enamorus-Therian, F|100\/100|[from] Flip Turn\n|move|p1a: Landorus|Rock Slide|p2a: Landorus|[spread] p2a,p2b\n|-resisted|p2b: Urshifu\n|-damage|p2a: Landorus|11\/100\n|-damage|p2b: Urshifu|5\/100\n|move|p2a: Landorus|U-turn|p1b: Enamorus\n|-resisted|p1b: Enamorus\n|-crit|p1b: Enamorus\n|-damage|p1b: Enamorus|91\/100\n|\n|t:|1695566323\n|switch|p2a: Iron Hands|Iron Hands|100\/100|[from] U-turn\n|cant|p2b: Urshifu|flinch\n|\n|-heal|p1b: Enamorus|98\/100|[from] item: Leftovers\n|-sideend|p1: Theonlykev|move: Tailwind\n|upkeep\n|turn|6\n|\n|t:|1695566343\n|move|p2b: Urshifu|Aqua Jet|p1b: Enamorus\n|-damage|p1b: Enamorus|82\/100\n|move|p1a: Landorus|Earthquake|p2b: Urshifu|[spread] p2a,p2b\n|-immune|p1b: Enamorus\n|-supereffective|p2a: Iron Hands\n|-damage|p2a: Iron Hands|32\/100\n|-damage|p2b: Urshifu|0 fnt\n|faint|p2b: Urshifu\n|move|p2a: Iron Hands|Drain Punch|p1a: Landorus\n|-resisted|p1a: Landorus\n|-damage|p1a: Landorus|82\/100\n|-heal|p2a: Iron Hands|40\/100|[from] drain|[of] p1a: Landorus\n|move|p1b: Enamorus|Calm Mind|p1b: Enamorus\n|-boost|p1b: Enamorus|spa|1\n|-boost|p1b: Enamorus|spd|1\n|\n|-heal|p1b: Enamorus|88\/100|[from] item: Leftovers\n|upkeep\n|-message|A888453350 forfeited.\n|\n|win|Theonlykev\n|raw|Theonlykev's rating: 1214 &rarr; <strong>1228<\/strong><br \/>(+14 for winning)\n|raw|A888453350's rating: 1052 &rarr; <strong>1042<\/strong><br \/>(-10 for losing)\n|l|\u2606A888453350\n","uploadtime":1695566363,"views":10,"p1id":"theonlykev","p2id":"a888453350","formatid":"gen9nationaldexdoubles","rating":1042,"private":0,"password":""}