{"id":"gen9nationaldexdoubles-1960681050","p1":"Dyonilon","p2":"Mudkiped","format":"[Gen 9] National Dex Doubles","log":"|j|\u2606Dyonilon\n|j|\u2606Mudkiped\n|t:|1696545423\n|gametype|doubles\n|player|p1|Dyonilon|101|\n|player|p2|Mudkiped|crasherwake|\n|teamsize|p1|6\n|teamsize|p2|6\n|gen|9\n|tier|[Gen 9] National Dex Doubles\n|rule|HP Percentage Mod: HP is shown in percentages\n|rule|Endless Battle Clause: Forcing endless battles is banned\n|rule|OHKO Clause: OHKO moves are banned\n|rule|Evasion Moves Clause: Evasion moves are banned\n|rule|Evasion Abilities Clause: Evasion abilities are banned\n|rule|Species Clause: Limit one of each Pok\u00e9mon\n|rule|Gravity Sleep Clause: The combination of sleep-inducing moves with imperfect accuracy and Gravity or Gigantamax Orbeetle are banned\n|clearpoke\n|poke|p1|Ursaluna, F|\n|poke|p1|Cresselia, F|\n|poke|p1|Flutter Mane|\n|poke|p1|Tinkaton, F|\n|poke|p1|Skeledirge, M|\n|poke|p1|Palafin, F|\n|poke|p2|Wo-Chien|\n|poke|p2|Sinistcha-Masterpiece|\n|poke|p2|Incineroar, F|\n|poke|p2|Kommo-o, M|\n|poke|p2|Ninetales-Alola, F|\n|poke|p2|Landorus, M|\n|teampreview\n|j| cr46290\n|\n|t:|1696545470\n|start\n|switch|p1a: Flutter Mane|Flutter Mane|100\/100\n|switch|p1b: Skeledirge|Skeledirge, M|100\/100\n|switch|p2a: Mc Cloud|Ninetales-Alola, F|100\/100\n|switch|p2b: Big Kahuna|Kommo-o, M, shiny|100\/100\n|-weather|Snow|[from] ability: Snow Warning|[of] p2a: Mc Cloud\n|turn|1\n|\n|t:|1696545487\n|-terastallize|p2b: Big Kahuna|Steel\n|move|p1a: Flutter Mane|Moonblast|p2b: Big Kahuna\n|-resisted|p2b: Big Kahuna\n|-damage|p2b: Big Kahuna|68\/100\n|-unboost|p2b: Big Kahuna|spa|1\n|move|p2a: Mc Cloud|Aurora Veil|p2a: Mc Cloud\n|-sidestart|p2: Mudkiped|move: Aurora Veil\n|move|p2b: Big Kahuna|Clangorous Soul|p2b: Big Kahuna\n|-boost|p2b: Big Kahuna|atk|1\n|-boost|p2b: Big Kahuna|def|1\n|-boost|p2b: Big Kahuna|spa|1\n|-boost|p2b: Big Kahuna|spd|1\n|-boost|p2b: Big Kahuna|spe|1\n|-damage|p2b: Big Kahuna|35\/100\n|-enditem|p2b: Big Kahuna|Throat Spray\n|-boost|p2b: Big Kahuna|spa|1|[from] item: Throat Spray\n|move|p1b: Skeledirge|Torch Song|p2a: Mc Cloud\n|-supereffective|p2a: Mc Cloud\n|-damage|p2a: Mc Cloud|56\/100\n|-boost|p1b: Skeledirge|spa|1\n|-enditem|p1b: Skeledirge|Throat Spray\n|-boost|p1b: Skeledirge|spa|1|[from] item: Throat Spray\n|\n|-weather|Snow|[upkeep]\n|upkeep\n|turn|2\n|j| caeden0330\n|\n|t:|1696545535\n|switch|p2a: Let Em Cook|Sinistcha-Masterpiece, shiny|100\/100\n|-heal|p2b: Big Kahuna|60\/100|[from] ability: Hospitality|[of] p2a: Let Em Cook\n|move|p2b: Big Kahuna|Clanging Scales|p1a: Flutter Mane|[spread] p1b\n|-immune|p1a: Flutter Mane\n|-damage|p1b: Skeledirge|70\/100\n|-unboost|p2b: Big Kahuna|def|1\n|move|p1a: Flutter Mane|Moonblast|p2a: Let Em Cook\n|-damage|p2a: Let Em Cook|58\/100\n|-unboost|p2a: Let Em Cook|spa|1\n|move|p1b: Skeledirge|Torch Song|p2b: Big Kahuna\n|-immune|p2b: Big Kahuna|[from] ability: Soundproof\n|\n|-weather|Snow|[upkeep]\n|upkeep\n|turn|3\n|c|\u2606Dyonilon|WHAT\n|l|\u2606Mudkiped\n|player|p2|\n|j|\u2606Mudkiped\n|player|p2|Mudkiped|crasherwake\n|c|\u2606Dyonilon|screaming\n|\n|t:|1696545611\n|-end|p1a: Flutter Mane|Protosynthesis|[silent]\n|switch|p1a: Tinkaton|Tinkaton, F|100\/100\n|-ability|p1a: Tinkaton|Mold Breaker\n|-terastallize|p1b: Skeledirge|Fairy\n|move|p2a: Let Em Cook|Rage Powder|p2a: Let Em Cook\n|-singleturn|p2a: Let Em Cook|move: Rage Powder\n|move|p2b: Big Kahuna|Flash Cannon|p1a: Tinkaton\n|-damage|p1a: Tinkaton|56\/100\n|move|p1b: Skeledirge|Earth Power|p2a: Let Em Cook\n|-resisted|p2a: Let Em Cook\n|-crit|p2a: Let Em Cook\n|-damage|p2a: Let Em Cook|29\/100\n|\n|-weather|Snow|[upkeep]\n|-heal|p1a: Tinkaton|62\/100|[from] item: Leftovers\n|upkeep\n|turn|4\n|\n|t:|1696545655\n|move|p1a: Tinkaton|Fake Out|p2b: Big Kahuna\n|-resisted|p2b: Big Kahuna\n|-damage|p2b: Big Kahuna|58\/100\n|cant|p2b: Big Kahuna|flinch\n|move|p1b: Skeledirge|Shadow Ball|p2b: Big Kahuna\n|-damage|p2b: Big Kahuna|33\/100\n|-unboost|p2b: Big Kahuna|spd|1\n|move|p2a: Let Em Cook|Matcha Gotcha|p1b: Skeledirge|[spread] p1a,p1b\n|-resisted|p1a: Tinkaton\n|-damage|p1a: Tinkaton|53\/100\n|-heal|p2a: Let Em Cook|33\/100|[from] drain|[of] p1a: Tinkaton\n|-damage|p1b: Skeledirge|58\/100\n|-heal|p2a: Let Em Cook|40\/100|[from] drain|[of] p1b: Skeledirge\n|\n|-weather|Snow|[upkeep]\n|-heal|p1a: Tinkaton|59\/100|[from] item: Leftovers\n|upkeep\n|turn|5\n|\n|t:|1696545683\n|move|p2b: Big Kahuna|Flash Cannon|p1b: Skeledirge\n|-supereffective|p1b: Skeledirge\n|-damage|p1b: Skeledirge|0 fnt\n|faint|p1b: Skeledirge\n|move|p1a: Tinkaton|Knock Off|p2a: Let Em Cook\n|-supereffective|p2a: Let Em Cook\n|-damage|p2a: Let Em Cook|9\/100\n|-enditem|p2a: Let Em Cook|Mental Herb|[from] move: Knock Off|[of] p1a: Tinkaton\n|move|p2a: Let Em Cook|Life Dew|p2a: Let Em Cook|[spread] p2a,p2b\n|-heal|p2a: Let Em Cook|35\/100\n|-heal|p2b: Big Kahuna|58\/100\n|\n|-weather|none\n|-heal|p1a: Tinkaton|65\/100|[from] item: Leftovers\n|upkeep\n|\n|t:|1696545695\n|switch|p1b: Flutter Mane|Flutter Mane|100\/100\n|turn|6\n|\n|t:|1696545718\n|switch|p2a: Wheres My Tea?|Landorus, M|100\/100\n|move|p2b: Big Kahuna|Flash Cannon|p1b: Flutter Mane\n|-supereffective|p1b: Flutter Mane\n|-damage|p1b: Flutter Mane|6\/100\n|move|p1b: Flutter Mane|Mystical Fire|p2b: Big Kahuna\n|-supereffective|p2b: Big Kahuna\n|-damage|p2b: Big Kahuna|8\/100\n|-unboost|p2b: Big Kahuna|spa|1\n|move|p1a: Tinkaton|Knock Off|p2a: Wheres My Tea?\n|-damage|p2a: Wheres My Tea?|83\/100\n|-enditem|p2a: Wheres My Tea?|Mirror Herb|[from] move: Knock Off|[of] p1a: Tinkaton\n|\n|-heal|p1a: Tinkaton|72\/100|[from] item: Leftovers\n|upkeep\n|turn|7\n|\n|t:|1696545743\n|-end|p1b: Flutter Mane|Protosynthesis|[silent]\n|switch|p1b: Palafin|Palafin, F|100\/100\n|move|p2b: Big Kahuna|Flash Cannon|p1b: Palafin\n|-resisted|p1b: Palafin\n|-damage|p1b: Palafin|80\/100\n|move|p1a: Tinkaton|Gigaton Hammer|p2a: Wheres My Tea?\n|-damage|p2a: Wheres My Tea?|43\/100\n|move|p2a: Wheres My Tea?|Sandsear Storm|p1a: Tinkaton|[spread] p1b\n|-miss|p2a: Wheres My Tea?|p1a: Tinkaton\n|-damage|p1b: Palafin|9\/100\n|\n|-heal|p1a: Tinkaton|78\/100|[from] item: Leftovers\n|upkeep\n|turn|8\n|\n|t:|1696545760\n|switch|p1a: Cresselia|Cresselia, F|100\/100\n|move|p2b: Big Kahuna|Vacuum Wave|p1b: Palafin\n|-damage|p1b: Palafin|0 fnt\n|faint|p1b: Palafin\n|move|p2a: Wheres My Tea?|Sandsear Storm|p1a: Cresselia\n|-immune|p1a: Cresselia|[from] ability: Levitate\n|\n|-sideend|p2: Mudkiped|move: Aurora Veil\n|upkeep\n|\n|t:|1696545771\n|switch|p1b: Tinkaton|Tinkaton, F|78\/100\n|-ability|p1b: Tinkaton|Mold Breaker\n|turn|9\n|\n|t:|1696545798\n|switch|p2a: Let Em Cook|Sinistcha-Masterpiece, shiny|35\/100\n|-heal|p2b: Big Kahuna|33\/100|[from] ability: Hospitality|[of] p2a: Let Em Cook\n|move|p1b: Tinkaton|Fake Out|p2b: Big Kahuna\n|-resisted|p2b: Big Kahuna\n|-damage|p2b: Big Kahuna|29\/100\n|cant|p2b: Big Kahuna|flinch\n|move|p1a: Cresselia|Future Sight|p2a: Let Em Cook\n|-start|p1a: Cresselia|move: Future Sight\n|\n|-heal|p1b: Tinkaton|84\/100|[from] item: Leftovers\n|upkeep\n|turn|10\n|\n|t:|1696545828\n|switch|p1b: Ursaluna|Ursaluna, F|100\/100\n|move|p2b: Big Kahuna|Flash Cannon|p1b: Ursaluna\n|-damage|p1b: Ursaluna|74\/100\n|move|p2a: Let Em Cook|Life Dew|p2a: Let Em Cook|[spread] p2a,p2b\n|-heal|p2a: Let Em Cook|60\/100\n|-heal|p2b: Big Kahuna|53\/100\n|move|p1a: Cresselia|Trick Room|p1a: Cresselia\n|-fieldstart|move: Trick Room|[of] p1a: Cresselia\n|\n|-status|p1b: Ursaluna|brn|[from] item: Flame Orb\n|upkeep\n|turn|11\n|\n|t:|1696545860\n|move|p2a: Let Em Cook|Rage Powder|p2a: Let Em Cook\n|-singleturn|p2a: Let Em Cook|move: Rage Powder\n|move|p1b: Ursaluna|Earthquake|p2a: Let Em Cook|[spread] p2a,p2b\n|-immune|p1a: Cresselia|[from] ability: Levitate\n|-resisted|p2a: Let Em Cook\n|-supereffective|p2b: Big Kahuna\n|-damage|p2a: Let Em Cook|29\/100\n|-damage|p2b: Big Kahuna|0 fnt\n|faint|p2b: Big Kahuna\n|move|p1a: Cresselia|Lunar Blessing|p1a: Cresselia|[spread] p1a,p1b\n|-heal|p1b: Ursaluna|99\/100 brn\n|-curestatus|p1b: Ursaluna|brn|[msg]\n|\n|-end|p2a: Let Em Cook|move: Future Sight\n|-damage|p2a: Let Em Cook|1\/100\n|-status|p1b: Ursaluna|brn|[from] item: Flame Orb\n|upkeep\n|\n|t:|1696545876\n|switch|p2b: Wheres My Tea?|Landorus, M|43\/100\n|turn|12\n|\n|t:|1696545886\n|switch|p2a: Lich's Big W|Wo-Chien|100\/100\n|-ability|p2a: Lich's Big W|Tablets of Ruin\n|move|p1b: Ursaluna|Earthquake|p2a: Lich's Big W|[spread] p2a\n|-immune|p1a: Cresselia|[from] ability: Levitate\n|-immune|p2b: Wheres My Tea?\n|-resisted|p2a: Lich's Big W\n|-damage|p2a: Lich's Big W|79\/100\n|move|p1a: Cresselia|Future Sight|p2b: Wheres My Tea?\n|-start|p1a: Cresselia|move: Future Sight\n|move|p2b: Wheres My Tea?|Sandsear Storm|p1b: Ursaluna|[spread] \n|-immune|p1a: Cresselia|[from] ability: Levitate\n|-miss|p2b: Wheres My Tea?|p1b: Ursaluna\n|\n|-heal|p2a: Lich's Big W|86\/100|[from] item: Leftovers\n|-damage|p1b: Ursaluna|93\/100 brn|[from] brn\n|upkeep\n|turn|13\n|\n|t:|1696545915\n|switch|p2b: Let Em Cook|Sinistcha-Masterpiece, shiny|1\/100\n|-heal|p2a: Lich's Big W|100\/100|[from] ability: Hospitality|[of] p2b: Let Em Cook\n|move|p1b: Ursaluna|Facade|p2a: Lich's Big W\n|-damage|p2a: Lich's Big W|26\/100\n|move|p2a: Lich's Big W|Pollen Puff|p2b: Let Em Cook\n|-heal|p2b: Let Em Cook|51\/100\n|move|p1a: Cresselia|Lunar Blessing|p1a: Cresselia|[spread] p1a,p1b\n|-heal|p1b: Ursaluna|100\/100 brn\n|-curestatus|p1b: Ursaluna|brn|[msg]\n|\n|-heal|p2a: Lich's Big W|32\/100|[from] item: Leftovers\n|-status|p1b: Ursaluna|brn|[from] item: Flame Orb\n|upkeep\n|turn|14\n|\n|t:|1696545940\n|move|p1b: Ursaluna|Facade|p2a: Lich's Big W\n|-damage|p2a: Lich's Big W|0 fnt\n|faint|p2a: Lich's Big W\n|move|p2b: Let Em Cook|Life Dew|p2b: Let Em Cook\n|-heal|p2b: Let Em Cook|77\/100\n|move|p1a: Cresselia|Reflect|p1a: Cresselia\n|-sidestart|p1: Dyonilon|Reflect\n|\n|-end|p2b: Let Em Cook|move: Future Sight\n|-damage|p2b: Let Em Cook|48\/100\n|-damage|p1b: Ursaluna|94\/100 brn|[from] brn\n|-fieldend|move: Trick Room\n|upkeep\n|\n|t:|1696545954\n|switch|p2a: Wheres My Tea?|Landorus, M|43\/100\n|turn|15\n|\n|t:|1696545963\n|move|p2a: Wheres My Tea?|Taunt|p1a: Cresselia\n|-start|p1a: Cresselia|move: Taunt\n|move|p2b: Let Em Cook|Matcha Gotcha|p1b: Ursaluna|[spread] p1a,p1b\n|-supereffective|p1b: Ursaluna\n|-damage|p1a: Cresselia|88\/100\n|-heal|p2b: Let Em Cook|57\/100|[from] drain|[of] p1a: Cresselia\n|-damage|p1b: Ursaluna|51\/100 brn\n|-heal|p2b: Let Em Cook|85\/100|[from] drain|[of] p1b: Ursaluna\n|move|p1b: Ursaluna|Facade|p2a: Wheres My Tea?\n|-damage|p2a: Wheres My Tea?|0 fnt\n|faint|p2a: Wheres My Tea?\n|cant|p1a: Cresselia|move: Taunt|Trick Room\n|\n|-damage|p1b: Ursaluna|45\/100 brn|[from] brn\n|upkeep\n|\n|t:|1696545984\n|switch|p2a: Mc Cloud|Ninetales-Alola, F|56\/100\n|-weather|Snow|[from] ability: Snow Warning|[of] p2a: Mc Cloud\n|turn|16\n|\n|t:|1696546003\n|move|p2a: Mc Cloud|Aurora Veil|p2a: Mc Cloud\n|-sidestart|p2: Mudkiped|move: Aurora Veil\n|move|p1a: Cresselia|Future Sight|p2b: Let Em Cook\n|-start|p1a: Cresselia|move: Future Sight\n|move|p2b: Let Em Cook|Matcha Gotcha|p1b: Ursaluna|[spread] p1a,p1b\n|-supereffective|p1b: Ursaluna\n|-damage|p1a: Cresselia|76\/100\n|-heal|p2b: Let Em Cook|93\/100|[from] drain|[of] p1a: Cresselia\n|-damage|p1b: Ursaluna|2\/100 brn\n|-heal|p2b: Let Em Cook|100\/100|[from] drain|[of] p1b: Ursaluna\n|move|p1b: Ursaluna|Facade|p2a: Mc Cloud\n|-damage|p2a: Mc Cloud|0 fnt\n|faint|p2a: Mc Cloud\n|\n|-weather|Snow|[upkeep]\n|-damage|p1b: Ursaluna|0 fnt|[from] brn\n|faint|p1b: Ursaluna\n|upkeep\n|\n|t:|1696546019\n|switch|p2a: Whats New?|Incineroar, F, shiny|100\/100\n|switch|p1b: Flutter Mane|Flutter Mane|6\/100\n|-ability|p2a: Whats New?|Intimidate|boost\n|-unboost|p1a: Cresselia|atk|1\n|-unboost|p1b: Flutter Mane|atk|1\n|turn|17\n|\n|t:|1696546040\n|move|p1b: Flutter Mane|Moonblast|p2a: Whats New?\n|-damage|p2a: Whats New?|65\/100\n|move|p1a: Cresselia|Future Sight||[still]\n|-fail|p1a: Cresselia\n|move|p2b: Let Em Cook|Matcha Gotcha|p1a: Cresselia|[spread] p1a,p1b\n|-damage|p1a: Cresselia|64\/100\n|-damage|p1b: Flutter Mane|0 fnt\n|faint|p1b: Flutter Mane\n|-end|p1b: Flutter Mane|Protosynthesis|[silent]\n|move|p2a: Whats New?|Flare Blitz|p1a: Cresselia\n|-crit|p1a: Cresselia\n|-damage|p1a: Cresselia|12\/100\n|-damage|p2a: Whats New?|46\/100|[from] Recoil\n|-enditem|p2a: Whats New?|Sitrus Berry|[eat]\n|-heal|p2a: Whats New?|71\/100|[from] item: Sitrus Berry\n|\n|-weather|Snow|[upkeep]\n|-end|p1a: Cresselia|move: Taunt\n|upkeep\n|\n|t:|1696546055\n|switch|p1b: Tinkaton|Tinkaton, F|84\/100\n|-ability|p1b: Tinkaton|Mold Breaker\n|turn|18\n|\n|t:|1696546071\n|move|p1b: Tinkaton|Fake Out|p2a: Whats New?\n|-damage|p2a: Whats New?|64\/100\n|move|p1a: Cresselia|Lunar Blessing|p1a: Cresselia|[spread] p1a,p1b\n|-heal|p1a: Cresselia|37\/100\n|-heal|p1b: Tinkaton|100\/100\n|move|p2b: Let Em Cook|Matcha Gotcha|p1a: Cresselia|[spread] p1a,p1b\n|-resisted|p1b: Tinkaton\n|-damage|p1a: Cresselia|24\/100\n|-damage|p1b: Tinkaton|89\/100\n|cant|p2a: Whats New?|flinch\n|\n|-weather|Snow|[upkeep]\n|-end|p2b: Let Em Cook|move: Future Sight\n|-damage|p2b: Let Em Cook|82\/100\n|-heal|p1b: Tinkaton|95\/100|[from] item: Leftovers\n|-sideend|p1: Dyonilon|Reflect\n|upkeep\n|turn|19\n|\n|t:|1696546111\n|move|p1b: Tinkaton|Protect|p1b: Tinkaton\n|-singleturn|p1b: Tinkaton|Protect\n|move|p2b: Let Em Cook|Rage Powder|p2b: Let Em Cook\n|-singleturn|p2b: Let Em Cook|move: Rage Powder\n|move|p1a: Cresselia|Reflect|p1a: Cresselia\n|-sidestart|p1: Dyonilon|Reflect\n|move|p2a: Whats New?|Knock Off|p1a: Cresselia\n|-supereffective|p1a: Cresselia\n|-damage|p1a: Cresselia|0 fnt\n|-enditem|p1a: Cresselia|Focus Sash|[from] move: Knock Off|[of] p2a: Whats New?\n|faint|p1a: Cresselia\n|\n|-weather|Snow|[upkeep]\n|-heal|p1b: Tinkaton|100\/100|[from] item: Leftovers\n|upkeep\n|turn|20\n|\n|t:|1696546138\n|move|p1b: Tinkaton|Knock Off|p2b: Let Em Cook\n|-supereffective|p2b: Let Em Cook\n|-damage|p2b: Let Em Cook|61\/100\n|move|p2b: Let Em Cook|Matcha Gotcha|p1b: Tinkaton\n|-resisted|p1b: Tinkaton\n|-damage|p1b: Tinkaton|83\/100\n|-heal|p2b: Let Em Cook|69\/100|[from] drain|[of] p1b: Tinkaton\n|move|p2a: Whats New?|Flare Blitz|p1b: Tinkaton\n|-supereffective|p1b: Tinkaton\n|-damage|p1b: Tinkaton|0 fnt\n|faint|p1b: Tinkaton\n|-damage|p2a: Whats New?|43\/100|[from] Recoil\n|\n|win|Mudkiped\n|c|\u2606Dyonilon|gg\n|c|\u2606Mudkiped|ggs\n","uploadtime":1696546172,"views":6,"p1id":"dyonilon","p2id":"mudkiped","formatid":"gen9nationaldexdoubles","rating":0,"private":0,"password":""}