{"id":"gen9nationaldexdoubles-1986463209","p1":"Wisper78","p2":"Draben18","format":"[Gen 9] National Dex Doubles","log":"|j|\u2606Wisper78\n|j|\u2606Draben18\n|t:|1699481627\n|gametype|doubles\n|player|p1|Wisper78|marley|\n|player|p2|Draben18|brycen|\n|teamsize|p1|6\n|teamsize|p2|6\n|gen|9\n|tier|[Gen 9] National Dex Doubles\n|rule|HP Percentage Mod: HP is shown in percentages\n|rule|Endless Battle Clause: Forcing endless battles is banned\n|rule|OHKO Clause: OHKO moves are banned\n|rule|Evasion Moves Clause: Evasion moves are banned\n|rule|Evasion Abilities Clause: Evasion abilities are banned\n|rule|Species Clause: Limit one of each Pok\u00e9mon\n|rule|Gravity Sleep Clause: The combination of sleep-inducing moves with imperfect accuracy and Gravity or Gigantamax Orbeetle are banned\n|clearpoke\n|poke|p1|Gengar, M|\n|poke|p1|Starmie|\n|poke|p1|Alakazam, M|\n|poke|p1|Wigglytuff, F|\n|poke|p1|Aerodactyl, M|\n|poke|p1|Hitmonchan, M|\n|poke|p2|Pidgeot, F|\n|poke|p2|Nidoking, M|\n|poke|p2|Poliwrath, F|\n|poke|p2|Electrode-Hisui|\n|poke|p2|Mr. Mime, F|\n|poke|p2|Lickitung, M|\n|teampreview\n|j| PorygonTheBot\n|c| PorygonTheBot|Porygon has digitized into the match... booting up... successfully calibrating stats!\n|j| Chef Nando\n|j| GameBro180\n|\n|t:|1699481915\n|start\n|switch|p1a: weevil|Wigglytuff, F|100\/100\n|switch|p1b: Doflamingo|Alakazam, M, shiny|100\/100\n|switch|p2a: Mr. Mime|Mr. Mime, F|100\/100\n|switch|p2b: Nidoking|Nidoking, M|100\/100\n|turn|1\n|\n|t:|1699481927\n|move|p1b: Doflamingo|Psychic Terrain|p1b: Doflamingo\n|-fieldstart|move: Psychic Terrain\n|move|p2a: Mr. Mime|Skill Swap|p2b: Nidoking\n|-activate|p2a: Mr. Mime|move: Skill Swap|||[of] p2b: Nidoking\n|move|p2b: Nidoking|Poison Tail|p1a: weevil\n|-supereffective|p1a: weevil\n|-damage|p1a: weevil|12\/100\n|move|p1a: weevil|Nasty Plot|p1a: weevil\n|-boost|p1a: weevil|spa|2\n|\n|-heal|p1a: weevil|18\/100|[from] item: Leftovers\n|upkeep\n|turn|2\n|\n|t:|1699481944\n|move|p1b: Doflamingo|Shadow Ball|p2a: Mr. Mime\n|-supereffective|p2a: Mr. Mime\n|-damage|p2a: Mr. Mime|18\/100\n|-unboost|p2a: Mr. Mime|spd|1\n|move|p2a: Mr. Mime|Thunderbolt|p1b: Doflamingo\n|-crit|p1b: Doflamingo\n|-damage|p1b: Doflamingo|0 fnt\n|faint|p1b: Doflamingo\n|move|p2b: Nidoking|Poison Tail|p1a: weevil\n|-supereffective|p1a: weevil\n|-damage|p1a: weevil|0 fnt\n|faint|p1a: weevil\n|\n|upkeep\n|\n|t:|1699481957\n|switch|p1b: teach|Gengar, M|100\/100\n|switch|p1a: jinbe|Starmie|100\/100\n|turn|3\n|\n|t:|1699481968\n|move|p1a: jinbe|Surf|p2b: Nidoking|[spread] p1b,p2a,p2b\n|-supereffective|p2b: Nidoking\n|-damage|p1b: teach|53\/100\n|-damage|p2a: Mr. Mime|0 fnt\n|-damage|p2b: Nidoking|31\/100\n|-start|p1a: jinbe|Disable|Surf|[from] ability: Cursed Body|[of] p1b: teach\n|faint|p2a: Mr. Mime\n|move|p1b: teach|Nasty Plot|p1b: teach\n|-boost|p1b: teach|spa|2\n|move|p2b: Nidoking|Rock Blast|p1b: teach\n|-damage|p1b: teach|33\/100\n|-damage|p1b: teach|12\/100\n|-damage|p1b: teach|0 fnt\n|faint|p1b: teach\n|-hitcount|p1: teach|3\n|\n|upkeep\n|\n|t:|1699481986\n|switch|p1b: crocidle|Aerodactyl, M|100\/100\n|switch|p2a: Electrode|Electrode-Hisui|100\/100\n|turn|4\n|\n|t:|1699482009\n|detailschange|p1b: crocidle|Aerodactyl-Mega, M\n|-mega|p1b: crocidle|Aerodactyl|Aerodactylite\n|move|p1b: crocidle|Iron Head|p2a: Electrode\n|-resisted|p2a: Electrode\n|-damage|p2a: Electrode|65\/100\n|move|p2a: Electrode|Volt Switch|p1b: crocidle\n|-supereffective|p1b: crocidle\n|-damage|p1b: crocidle|5\/100\n|\n|t:|1699482016\n|switch|p2a: Pidgeot|Pidgeot, F|100\/100|[from] Volt Switch\n|move|p1a: jinbe|Expanding Force|p2a: Pidgeot|[spread] p2a,p2b\n|-supereffective|p2b: Nidoking\n|-damage|p2a: Pidgeot|23\/100\n|-damage|p2b: Nidoking|0 fnt\n|faint|p2b: Nidoking\n|\n|upkeep\n|\n|t:|1699482023\n|switch|p2b: Electrode|Electrode-Hisui|65\/100\n|turn|5\n|\n|t:|1699482033\n|move|p2a: Pidgeot|Quick Attack|p1b: crocidle\n|-hint|Psychic Terrain doesn't affect Pok\u00e9mon immune to Ground.\n|-resisted|p1b: crocidle\n|-damage|p1b: crocidle|0 fnt\n|faint|p1b: crocidle\n|move|p2b: Electrode|Thunderbolt|p1a: jinbe\n|-supereffective|p1a: jinbe\n|-damage|p1a: jinbe|0 fnt\n|faint|p1a: jinbe\n|\n|-fieldend|move: Psychic Terrain\n|upkeep\n|\n|t:|1699482056\n|switch|p1a: mihawk|Hitmonchan, M|100\/100\n|turn|6\n|\n|t:|1699482065\n|move|p1a: mihawk|Bullet Punch|p2a: Pidgeot\n|-damage|p2a: Pidgeot|2\/100\n|move|p2b: Electrode|Thunderbolt|p1a: mihawk\n|-damage|p1a: mihawk|28\/100\n|move|p2a: Pidgeot|Hurricane|p1a: mihawk\n|-supereffective|p1a: mihawk\n|-damage|p1a: mihawk|0 fnt\n|faint|p1a: mihawk\n|\n|win|Draben18\n|l| PorygonTheBot\n|l|\u2606Draben18\n|l|\u2606Wisper78\n","uploadtime":1699482066,"views":29,"p1id":"wisper78","p2id":"draben18","formatid":"gen9nationaldexdoubles","rating":0,"private":0,"password":""}