{"id":"gen9nationaldexdoubles-1955128618","p1":"DarkSteel2003","p2":"Ledian578","format":"[Gen 9] National Dex Doubles","log":"|j|\u2606DarkSteel2003\n|j|\u2606Ledian578\n|t:|1695959791\n|gametype|doubles\n|player|p1|DarkSteel2003|102|1000\n|player|p2|Ledian578|artist|1000\n|teamsize|p1|6\n|teamsize|p2|6\n|gen|9\n|tier|[Gen 9] National Dex Doubles\n|rated|\n|rule|HP Percentage Mod: HP is shown in percentages\n|rule|Endless Battle Clause: Forcing endless battles is banned\n|rule|OHKO Clause: OHKO moves are banned\n|rule|Evasion Moves Clause: Evasion moves are banned\n|rule|Evasion Abilities Clause: Evasion abilities are banned\n|rule|Species Clause: Limit one of each Pok\u00e9mon\n|rule|Gravity Sleep Clause: The combination of sleep-inducing moves with imperfect accuracy and Gravity or Gigantamax Orbeetle are banned\n|clearpoke\n|poke|p1|Munkidori, M|\n|poke|p1|Klefki, M|\n|poke|p1|Iron Valiant|\n|poke|p1|Iron Treads|\n|poke|p1|Ambipom, M|\n|poke|p1|Landorus-Therian, M|\n|poke|p2|Dusclops, F|\n|poke|p2|Trevenant, M|\n|poke|p2|Conkeldurr, M|\n|poke|p2|Escavalier, M|\n|poke|p2|Ursaluna, M|\n|poke|p2|Hatterene, F|\n|teampreview\n|\n|t:|1695959798\n|start\n|switch|p1a: Klefki|Klefki, M|100\/100\n|switch|p1b: Munkidori|Munkidori, M|100\/100\n|switch|p2a: Dusclops|Dusclops, F|100\/100\n|switch|p2b: Ursaluna|Ursaluna, M|100\/100\n|-ability|p2a: Dusclops|Pressure\n|turn|1\n|\n|t:|1695959820\n|move|p1b: Munkidori|Fake Out|p2b: Ursaluna\n|-damage|p2b: Ursaluna|96\/100\n|move|p1a: Klefki|Reflect|p1a: Klefki\n|-sidestart|p1: DarkSteel2003|Reflect\n|cant|p2b: Ursaluna|flinch\n|move|p2a: Dusclops|Trick Room|p2a: Dusclops\n|-fieldstart|move: Trick Room|[of] p2a: Dusclops\n|\n|-status|p2b: Ursaluna|brn|[from] item: Flame Orb\n|upkeep\n|turn|2\n|\n|t:|1695959846\n|switch|p1b: Landorus|Landorus-Therian, M|100\/100\n|-ability|p1b: Landorus|Intimidate|boost\n|-unboost|p2a: Dusclops|atk|1\n|-unboost|p2b: Ursaluna|atk|1\n|move|p1a: Klefki|Spikes|p2a: Dusclops\n|-sidestart|p2: Ledian578|Spikes\n|move|p2a: Dusclops|Memento|p1b: Landorus\n|-unboost|p1b: Landorus|atk|2\n|-unboost|p1b: Landorus|spa|2\n|faint|p2a: Dusclops\n|move|p2b: Ursaluna|Facade|p1b: Landorus\n|-damage|p1b: Landorus|32\/100\n|\n|-damage|p2b: Ursaluna|90\/100 brn|[from] brn\n|upkeep\n|\n|t:|1695959862\n|switch|p2a: Escavalier|Escavalier, M|100\/100\n|-damage|p2a: Escavalier|88\/100|[from] Spikes\n|turn|3\n|\n|t:|1695959871\n|move|p1a: Klefki|Spikes|p2b: Ursaluna\n|-sidestart|p2: Ledian578|Spikes\n|move|p2a: Escavalier|Close Combat|p1a: Klefki\n|-damage|p1a: Klefki|73\/100\n|-unboost|p2a: Escavalier|def|1\n|-unboost|p2a: Escavalier|spd|1\n|move|p2b: Ursaluna|Facade|p1b: Landorus\n|-damage|p1b: Landorus|0 fnt\n|faint|p1b: Landorus\n|\n|-damage|p2b: Ursaluna|84\/100 brn|[from] brn\n|upkeep\n|\n|t:|1695959883\n|switch|p1b: Ambipom|Ambipom, M|100\/100\n|turn|4\n|\n|t:|1695959897\n|move|p1b: Ambipom|Fake Out|p2b: Ursaluna\n|-damage|p2b: Ursaluna|64\/100 brn\n|move|p1a: Klefki|Spikes|p2b: Ursaluna\n|-sidestart|p2: Ledian578|Spikes\n|move|p2a: Escavalier|Close Combat|p1a: Klefki\n|-damage|p1a: Klefki|43\/100\n|-unboost|p2a: Escavalier|def|1\n|-unboost|p2a: Escavalier|spd|1\n|cant|p2b: Ursaluna|flinch\n|\n|-damage|p2b: Ursaluna|58\/100 brn|[from] brn\n|upkeep\n|turn|5\n|\n|t:|1695959935\n|move|p1a: Klefki|Thunder Wave|p2a: Escavalier\n|-status|p2a: Escavalier|par\n|move|p2a: Escavalier|Close Combat|p1b: Ambipom\n|-supereffective|p1b: Ambipom\n|-damage|p1b: Ambipom|0 fnt\n|-unboost|p2a: Escavalier|def|1\n|-unboost|p2a: Escavalier|spd|1\n|faint|p1b: Ambipom\n|move|p2b: Ursaluna|Swords Dance|p2b: Ursaluna\n|-boost|p2b: Ursaluna|atk|2\n|\n|-damage|p2b: Ursaluna|52\/100 brn|[from] brn\n|-fieldend|move: Trick Room\n|upkeep\n|\n|t:|1695959949\n|switch|p1b: Iron Valiant|Iron Valiant|100\/100\n|-enditem|p1b: Iron Valiant|Booster Energy\n|-activate|p1b: Iron Valiant|ability: Quark Drive|[fromitem]\n|-start|p1b: Iron Valiant|quarkdrivespe\n|turn|6\n|\n|t:|1695959960\n|switch|p2a: Trevenant|Trevenant, M|100\/100\n|-damage|p2a: Trevenant|76\/100|[from] Spikes\n|move|p1a: Klefki|Light Screen|p1a: Klefki\n|-sidestart|p1: DarkSteel2003|move: Light Screen\n|move|p1b: Iron Valiant|Energy Ball|p2b: Ursaluna\n|-supereffective|p2b: Ursaluna\n|-damage|p2b: Ursaluna|1\/100 brn\n|move|p2b: Ursaluna|Facade|p1b: Iron Valiant\n|-damage|p1b: Iron Valiant|0 fnt\n|faint|p1b: Iron Valiant\n|-end|p1b: Iron Valiant|Quark Drive|[silent]\n|\n|-damage|p2b: Ursaluna|0 fnt|[from] brn\n|faint|p2b: Ursaluna\n|upkeep\n|\n|t:|1695959977\n|switch|p1b: Munkidori|Munkidori, M|100\/100\n|switch|p2b: Conkeldurr|Conkeldurr, M|100\/100\n|-damage|p2b: Conkeldurr|76\/100|[from] Spikes\n|turn|7\n|\n|t:|1695959991\n|move|p1a: Klefki|Thunder Wave|p2a: Trevenant\n|-status|p2a: Trevenant|par\n|move|p1b: Munkidori|Sludge Wave|p2b: Conkeldurr|[spread] p2a,p2b\n|-immune|p1a: Klefki\n|-damage|p2a: Trevenant|57\/100 par\n|-damage|p2b: Conkeldurr|33\/100\n|move|p2b: Conkeldurr|High Horsepower|p1a: Klefki\n|-supereffective|p1a: Klefki\n|-damage|p1a: Klefki|0 fnt\n|faint|p1a: Klefki\n|move|p2a: Trevenant|Energy Ball|p1b: Munkidori\n|-resisted|p1b: Munkidori\n|-damage|p1b: Munkidori|92\/100\n|\n|upkeep\n|\n|t:|1695960006\n|switch|p1a: Iron Treads|Iron Treads|100\/100\n|turn|8\n|\n|t:|1695960016\n|move|p1a: Iron Treads|Knock Off|p2a: Trevenant\n|-supereffective|p2a: Trevenant\n|-damage|p2a: Trevenant|0 fnt\n|-enditem|p2a: Trevenant|Assault Vest|[from] move: Knock Off|[of] p1a: Iron Treads\n|faint|p2a: Trevenant\n|move|p1b: Munkidori|Sludge Wave|p2b: Conkeldurr|[spread] p2b\n|-immune|p1a: Iron Treads\n|-damage|p2b: Conkeldurr|0 fnt\n|faint|p2b: Conkeldurr\n|\n|-sideend|p1: DarkSteel2003|Reflect\n|upkeep\n|\n|t:|1695960030\n|switch|p2a: Escavalier|Escavalier, M|88\/100 par\n|switch|p2b: Hatterene|Hatterene, F|100\/100\n|-damage|p2b: Hatterene|76\/100|[from] Spikes\n|-damage|p2a: Escavalier|63\/100 par|[from] Spikes\n|turn|9\n|\n|t:|1695960040\n|move|p1a: Iron Treads|High Horsepower|p2a: Escavalier\n|-damage|p2a: Escavalier|19\/100 par\n|move|p1b: Munkidori|Sludge Wave|p2b: Hatterene|[spread] p2b\n|-immune|p1a: Iron Treads\n|-immune|p2a: Escavalier\n|-supereffective|p2b: Hatterene\n|-damage|p2b: Hatterene|2\/100\n|-status|p2b: Hatterene|tox|[from] ability: Toxic Chain|[of] p1b: Munkidori\n|move|p2b: Hatterene|Dazzling Gleam|p1b: Munkidori|[spread] p1a,p1b\n|-resisted|p1a: Iron Treads\n|-resisted|p1b: Munkidori\n|-crit|p1b: Munkidori\n|-damage|p1a: Iron Treads|85\/100\n|-damage|p1b: Munkidori|44\/100\n|move|p2a: Escavalier|Giga Drain|p1b: Munkidori\n|-resisted|p1b: Munkidori\n|-damage|p1b: Munkidori|37\/100\n|-heal|p2a: Escavalier|22\/100 par|[from] drain|[of] p1b: Munkidori\n|\n|-damage|p2b: Hatterene|0 fnt|[from] psn\n|faint|p2b: Hatterene\n|upkeep\n|turn|10\n|inactive|Battle timer is ON: inactive players will automatically lose when time's up. (requested by DarkSteel2003)\n|l|\u2606Ledian578\n|inactive|Ledian578 disconnected and has a minute to reconnect!\n|player|p2|\n|inactive|Ledian578 has 30 seconds to reconnect!\n|inactive|Ledian578 has 20 seconds to reconnect!\n|inactive|Ledian578 has 15 seconds to reconnect!\n|inactive|Ledian578 has 10 seconds to reconnect!\n|inactive|Ledian578 has 5 seconds to reconnect!\n|-message|Ledian578 lost due to inactivity.\n|\n|win|DarkSteel2003\n|raw|DarkSteel2003's rating: 1000 &rarr; <strong>1040<\/strong><br \/>(+40 for winning)\n|raw|Ledian578's rating: 1000 &rarr; <strong>1000<\/strong><br \/>(+0 for losing)\n","uploadtime":1695960189,"views":22,"p1id":"darksteel2003","p2id":"ledian578","formatid":"gen9nationaldexdoubles","rating":1000,"private":0,"password":""}