{"id":"gen9nationaldexdoubles-1996506145","p1":"omegashenronone","p2":"TexanFarmersMarket","format":"[Gen 9] National Dex Doubles","log":"|j|\u2606omegashenronone\n|j|\u2606TexanFarmersMarket\n|t:|1700688660\n|gametype|doubles\n|player|p1|omegashenronone|hugh|\n|player|p2|TexanFarmersMarket|artist-gen4|\n|teamsize|p1|6\n|teamsize|p2|6\n|gen|9\n|tier|[Gen 9] National Dex Doubles\n|rule|HP Percentage Mod: HP is shown in percentages\n|rule|Endless Battle Clause: Forcing endless battles is banned\n|rule|OHKO Clause: OHKO moves are banned\n|rule|Evasion Moves Clause: Evasion moves are banned\n|rule|Evasion Abilities Clause: Evasion abilities are banned\n|rule|Species Clause: Limit one of each Pok\u00e9mon\n|rule|Gravity Sleep Clause: The combination of sleep-inducing moves with imperfect accuracy and Gravity or Gigantamax Orbeetle are banned\n|clearpoke\n|poke|p1|Urshifu-*, F|\n|poke|p1|Greninja-*, M|\n|poke|p1|Pelipper, F|\n|poke|p1|Swampert, M|\n|poke|p1|Kingdra, F|\n|poke|p1|Empoleon, F|\n|poke|p2|Ursaluna, F|\n|poke|p2|Noivern, M|\n|poke|p2|Hitmontop, M|\n|poke|p2|Mimikyu, M|\n|poke|p2|Aggron, F|\n|poke|p2|Lopunny, F|\n|teampreview\n|inactive|Battle timer is ON: inactive players will automatically lose when time's up. (requested by TexanFarmersMarket)\n|inactive|omegashenronone also wants the timer to be on.\n|c|\u2606TexanFarmersMarket|glhf\n|\n|t:|1700688672\n|start\n|switch|p1a: Happy|Pelipper, F|100\/100\n|switch|p1b: Master Shi-Fu!|Urshifu-Rapid-Strike, F|100\/100\n|switch|p2a: Breakdancer|Hitmontop, M|100\/100\n|switch|p2b: Not Pikachu|Mimikyu, M|100\/100\n|-weather|RainDance|[from] ability: Drizzle|[of] p1a: Happy\n|turn|1\n|\n|t:|1700688682\n|move|p2a: Breakdancer|Fake Out|p1a: Happy\n|-damage|p1a: Happy|80\/100\n|move|p1b: Master Shi-Fu!|Surging Strikes|p2b: Not Pikachu\n|-activate|p2b: Not Pikachu|ability: Disguise\n|-damage|p2b: Not Pikachu|100\/100\n|detailschange|p2b: Not Pikachu|Mimikyu-Busted, M\n|-damage|p2b: Not Pikachu|88\/100|[from] pokemon: Mimikyu-Busted\n|-crit|p2b: Not Pikachu\n|-damage|p2b: Not Pikachu|20\/100\n|-crit|p2b: Not Pikachu\n|-damage|p2b: Not Pikachu|0 fnt\n|faint|p2b: Not Pikachu\n|-hitcount|p2: Not Pikachu|3\n|-damage|p1b: Master Shi-Fu!|91\/100|[from] item: Life Orb\n|cant|p1a: Happy|flinch\n|\n|-weather|RainDance|[upkeep]\n|upkeep\n|\n|t:|1700688690\n|switch|p2b: AHHHH!!!!!|Noivern, M|100\/100\n|-item|p1a: Happy|Damp Rock|[from] ability: Frisk|[of] p2b: AHHHH!!!!!|[identify]\n|-item|p1b: Master Shi-Fu!|Life Orb|[from] ability: Frisk|[of] p2b: AHHHH!!!!!|[identify]\n|turn|2\n|c|\u2606omegashenronone|I agree thats not pilachu\n|\n|t:|1700688704\n|switch|p1b: Gym bro|Swampert, M|100\/100\n|move|p2b: AHHHH!!!!!|Hurricane|p1b: Gym bro\n|-damage|p1b: Gym bro|38\/100\n|-start|p1b: Gym bro|confusion\n|move|p2a: Breakdancer|Triple Axel|p1a: Happy\n|-damage|p1a: Happy|69\/100\n|-damage|p1a: Happy|50\/100\n|-damage|p1a: Happy|21\/100\n|-hitcount|p1a: Happy|3\n|move|p1a: Happy|Tailwind|p1a: Happy\n|-sidestart|p1: omegashenronone|move: Tailwind\n|\n|-weather|RainDance|[upkeep]\n|upkeep\n|turn|3\n|\n|t:|1700688724\n|detailschange|p1b: Gym bro|Swampert-Mega, M\n|-mega|p1b: Gym bro|Swampert|Swampertite\n|-activate|p1b: Gym bro|confusion\n|move|p1b: Gym bro|Ice Punch|p2b: AHHHH!!!!!\n|-supereffective|p2b: AHHHH!!!!!\n|-damage|p2b: AHHHH!!!!!|0 fnt\n|faint|p2b: AHHHH!!!!!\n|move|p1a: Happy|Hurricane|p2a: Breakdancer\n|-supereffective|p2a: Breakdancer\n|-damage|p2a: Breakdancer|17\/100\n|move|p2a: Breakdancer|Triple Axel|p1b: Gym bro\n|-damage|p1b: Gym bro|30\/100\n|-damage|p1b: Gym bro|13\/100\n|-damage|p1b: Gym bro|0 fnt\n|faint|p1b: Gym bro\n|-hitcount|p1: Gym bro|3\n|\n|-weather|RainDance|[upkeep]\n|upkeep\n|\n|t:|1700688737\n|switch|p2b: Gamefreak What|Lopunny, F|100\/100\n|switch|p1b: Hur-Hur-Hur|Kingdra, F|100\/100\n|turn|4\n|\n|t:|1700688759\n|detailschange|p2b: Gamefreak What|Lopunny-Mega, F\n|-mega|p2b: Gamefreak What|Lopunny|Lopunnite\n|move|p2b: Gamefreak What|Fake Out|p1a: Happy\n|-damage|p1a: Happy|0 fnt\n|faint|p1a: Happy\n|move|p1b: Hur-Hur-Hur|Hurricane|p2b: Gamefreak What\n|-supereffective|p2b: Gamefreak What\n|-damage|p2b: Gamefreak What|0 fnt\n|faint|p2b: Gamefreak What\n|move|p2a: Breakdancer|Triple Axel|p1b: Hur-Hur-Hur\n|-damage|p1b: Hur-Hur-Hur|89\/100\n|-damage|p1b: Hur-Hur-Hur|68\/100\n|-damage|p1b: Hur-Hur-Hur|31\/100\n|-hitcount|p1b: Hur-Hur-Hur|3\n|\n|-weather|RainDance|[upkeep]\n|upkeep\n|c|\u2606TexanFarmersMarket|both inky and okto crippled me\n|\n|t:|1700688775\n|switch|p2b: Contact Only|Aggron, F|100\/100\n|switch|p1a: Master Shi-Fu!|Urshifu-Rapid-Strike, F|91\/100\n|turn|5\n|\n|t:|1700688786\n|move|p1b: Hur-Hur-Hur|Hurricane|p2a: Breakdancer\n|-supereffective|p2a: Breakdancer\n|-damage|p2a: Breakdancer|0 fnt\n|faint|p2a: Breakdancer\n|move|p1a: Master Shi-Fu!|Surging Strikes|p2b: Contact Only\n|-supereffective|p2b: Contact Only\n|-crit|p2b: Contact Only\n|-damage|p2b: Contact Only|56\/100\n|-supereffective|p2b: Contact Only\n|-crit|p2b: Contact Only\n|-damage|p2b: Contact Only|11\/100\n|-supereffective|p2b: Contact Only\n|-crit|p2b: Contact Only\n|-damage|p2b: Contact Only|0 fnt\n|faint|p2b: Contact Only\n|-hitcount|p2: Contact Only|3\n|-damage|p1a: Master Shi-Fu!|81\/100|[from] item: Life Orb\n|\n|-weather|RainDance|[upkeep]\n|-sideend|p1: omegashenronone|move: Tailwind\n|upkeep\n|c|\u2606omegashenronone|I could feel the sturdy\n|\n|t:|1700688796\n|switch|p2b: Not Ursaring|Ursaluna, F|100\/100\n|turn|6\n|\n|t:|1700688803\n|move|p1b: Hur-Hur-Hur|Hurricane|p2b: Not Ursaring\n|-damage|p2b: Not Ursaring|55\/100\n|move|p1a: Master Shi-Fu!|Surging Strikes|p2b: Not Ursaring\n|-supereffective|p2b: Not Ursaring\n|-crit|p2b: Not Ursaring\n|-damage|p2b: Not Ursaring|0 fnt\n|faint|p2b: Not Ursaring\n|-hitcount|p2: Not Ursaring|1\n|-damage|p1a: Master Shi-Fu!|71\/100|[from] item: Life Orb\n|\n|win|omegashenronone\n|c|\u2606TexanFarmersMarket|ggwp\n|c|\u2606omegashenronone|Good game\n","uploadtime":1700688816,"views":13,"p1id":"omegashenronone","p2id":"texanfarmersmarket","formatid":"gen9nationaldexdoubles","rating":0,"private":0,"password":""}