{"id":"gen9nationaldexdoubles-1992937960","p1":"KarErsen","p2":"geomtrydash","format":"[Gen 9] National Dex Doubles","log":"|j|\u2606KarErsen\n|j|\u2606geomtrydash\n|t:|1700248479\n|gametype|doubles\n|player|p1|KarErsen|morty|1110\n|player|p2|geomtrydash|palmer|1000\n|teamsize|p1|6\n|teamsize|p2|6\n|gen|9\n|tier|[Gen 9] National Dex Doubles\n|rated|\n|rule|HP Percentage Mod: HP is shown in percentages\n|rule|Endless Battle Clause: Forcing endless battles is banned\n|rule|OHKO Clause: OHKO moves are banned\n|rule|Evasion Moves Clause: Evasion moves are banned\n|rule|Evasion Abilities Clause: Evasion abilities are banned\n|rule|Species Clause: Limit one of each Pok\u00e9mon\n|rule|Gravity Sleep Clause: The combination of sleep-inducing moves with imperfect accuracy and Gravity or Gigantamax Orbeetle are banned\n|clearpoke\n|poke|p1|Serperior, F|\n|poke|p1|Milotic, F|\n|poke|p1|Amoonguss, F|\n|poke|p1|Gyarados, F|\n|poke|p1|Tyranitar, M|\n|poke|p1|Volcarona, F|\n|poke|p2|Vaporeon, F|\n|poke|p2|Charizard, M|\n|poke|p2|Donphan, M|\n|poke|p2|Torterra, M|\n|poke|p2|Aggron, M|\n|poke|p2|Toxtricity, M|\n|teampreview\n|inactive|Battle timer is ON: inactive players will automatically lose when time's up. (requested by geomtrydash)\n|c|\u2606geomtrydash|glhf\n|\n|t:|1700248496\n|start\n|switch|p1a: Serperior|Serperior, F|100\/100\n|switch|p1b: Amoonguss|Amoonguss, F|100\/100\n|switch|p2a: Vaper|Vaporeon, F|100\/100\n|switch|p2b: Chari|Charizard, M|100\/100\n|turn|1\n|\n|t:|1700248509\n|detailschange|p2b: Chari|Charizard-Mega-X, M\n|-mega|p2b: Chari|Charizard|Charizardite X\n|move|p1b: Amoonguss|Rage Powder|p1b: Amoonguss\n|-singleturn|p1b: Amoonguss|move: Rage Powder\n|move|p1a: Serperior|Leaf Storm|p2a: Vaper\n|-supereffective|p2a: Vaper\n|-damage|p2a: Vaper|62\/100\n|-boost|p1a: Serperior|spa|2\n|move|p2b: Chari|Blaze Kick|p1b: Amoonguss\n|-supereffective|p1b: Amoonguss\n|-damage|p1b: Amoonguss|7\/100\n|move|p2a: Vaper|Ice Beam|p1b: Amoonguss\n|-supereffective|p1b: Amoonguss\n|-damage|p1b: Amoonguss|0 fnt\n|faint|p1b: Amoonguss\n|\n|upkeep\n|\n|t:|1700248529\n|switch|p1b: Volcarona|Volcarona, F|100\/100\n|turn|2\n|\n|t:|1700248552\n|move|p1a: Serperior|Protect|p1a: Serperior\n|-singleturn|p1a: Serperior|Protect\n|move|p2b: Chari|Blaze Kick|p1a: Serperior\n|-activate|p1a: Serperior|move: Protect\n|move|p1b: Volcarona|Quiver Dance|p1b: Volcarona\n|-boost|p1b: Volcarona|spa|1\n|-boost|p1b: Volcarona|spd|1\n|-boost|p1b: Volcarona|spe|1\n|move|p2a: Vaper|Muddy Water|p1b: Volcarona|[spread] p1b\n|-activate|p1a: Serperior|move: Protect\n|-supereffective|p1b: Volcarona\n|-damage|p1b: Volcarona|56\/100\n|-unboost|p1b: Volcarona|accuracy|1\n|\n|upkeep\n|turn|3\n|\n|t:|1700248575\n|move|p1b: Volcarona|Protect|p1b: Volcarona\n|-singleturn|p1b: Volcarona|Protect\n|move|p1a: Serperior|Leaf Storm|p2a: Vaper\n|-supereffective|p2a: Vaper\n|-damage|p2a: Vaper|0 fnt\n|-boost|p1a: Serperior|spa|2\n|faint|p2a: Vaper\n|move|p2b: Chari|Blaze Kick|p1a: Serperior\n|-supereffective|p1a: Serperior\n|-damage|p1a: Serperior|0 fnt\n|faint|p1a: Serperior\n|\n|upkeep\n|\n|t:|1700248593\n|switch|p1a: Gyarados|Gyarados, F|100\/100\n|switch|p2a: Aggy|Aggron, M|100\/100\n|-ability|p1a: Gyarados|Intimidate|boost\n|-unboost|p2a: Aggy|atk|1\n|-unboost|p2b: Chari|atk|1\n|turn|4\n|\n|t:|1700248602\n|move|p1b: Volcarona|Fiery Dance|p2a: Aggy\n|-damage|p2a: Aggy|28\/100\n|move|p2b: Chari|Dragon Claw|p1a: Gyarados\n|-damage|p1a: Gyarados|60\/100\n|move|p1a: Gyarados|Dragon Dance|p1a: Gyarados\n|-boost|p1a: Gyarados|atk|1\n|-boost|p1a: Gyarados|spe|1\n|move|p2a: Aggy|Head Smash|p1b: Volcarona\n|-supereffective|p1b: Volcarona\n|-damage|p1b: Volcarona|0 fnt\n|-damage|p2a: Aggy|12\/100|[from] item: Rocky Helmet|[of] p1b: Volcarona\n|faint|p1b: Volcarona\n|\n|upkeep\n|\n|t:|1700248618\n|switch|p1b: Tyranitar|Tyranitar, M|100\/100\n|-weather|Sandstorm|[from] ability: Sand Stream|[of] p1b: Tyranitar\n|turn|5\n|\n|t:|1700248628\n|move|p1a: Gyarados|Waterfall|p2b: Chari\n|-damage|p2b: Chari|36\/100\n|move|p2b: Chari|Iron Tail|p1b: Tyranitar\n|-supereffective|p1b: Tyranitar\n|-damage|p1b: Tyranitar|59\/100\n|move|p1b: Tyranitar|Body Slam|p2b: Chari\n|-damage|p2b: Chari|5\/100\n|move|p2a: Aggy|Head Smash|p1a: Gyarados\n|-supereffective|p1a: Gyarados\n|-damage|p1a: Gyarados|0 fnt\n|faint|p1a: Gyarados\n|\n|-weather|Sandstorm|[upkeep]\n|-damage|p2b: Chari|0 fnt|[from] Sandstorm\n|faint|p2b: Chari\n|upkeep\n|\n|t:|1700248645\n|switch|p2b: Terry|Torterra, M|100\/100\n|switch|p1a: Milotic|Milotic, F|100\/100\n|turn|6\n|c|\u2606geomtrydash|R I P C H A R I\n|\n|t:|1700248669\n|move|p1a: Milotic|Coil|p1a: Milotic\n|-boost|p1a: Milotic|atk|1\n|-boost|p1a: Milotic|def|1\n|-boost|p1a: Milotic|accuracy|1\n|move|p1b: Tyranitar|Rock Slide|p2a: Aggy|[spread] p2b\n|-miss|p1b: Tyranitar|p2a: Aggy\n|-resisted|p2b: Terry\n|-damage|p2b: Terry|89\/100\n|move|p2b: Terry|Seed Bomb|p1a: Milotic\n|-supereffective|p1a: Milotic\n|-damage|p1a: Milotic|62\/100\n|move|p2a: Aggy|Earthquake|p1b: Tyranitar|[spread] p2b,p1a,p1b\n|-resisted|p2b: Terry\n|-supereffective|p1b: Tyranitar\n|-damage|p2b: Terry|82\/100\n|-damage|p1a: Milotic|54\/100\n|-damage|p1b: Tyranitar|34\/100\n|\n|-weather|Sandstorm|[upkeep]\n|-damage|p1a: Milotic|47\/100|[from] Sandstorm\n|-heal|p2b: Terry|89\/100|[from] item: Leftovers\n|-status|p1a: Milotic|brn|[from] item: Flame Orb\n|upkeep\n|turn|7\n|\n|t:|1700248699\n|move|p1a: Milotic|Hypnosis|p2b: Terry\n|-status|p2b: Terry|slp|[from] move: Hypnosis\n|move|p1b: Tyranitar|Knock Off|p2a: Aggy\n|-damage|p2a: Aggy|0 fnt\n|-enditem|p2a: Aggy|Assault Vest|[from] move: Knock Off|[of] p1b: Tyranitar\n|faint|p2a: Aggy\n|cant|p2b: Terry|slp\n|\n|-weather|Sandstorm|[upkeep]\n|-damage|p1a: Milotic|41\/100 brn|[from] Sandstorm\n|-heal|p2b: Terry|95\/100 slp|[from] item: Leftovers\n|-damage|p1a: Milotic|35\/100 brn|[from] brn\n|upkeep\n|\n|t:|1700248702\n|switch|p2a: Rolly|Donphan, M|100\/100\n|turn|8\n|\n|t:|1700248719\n|move|p1a: Milotic|Hypnosis|p2a: Rolly\n|-status|p2a: Rolly|slp|[from] move: Hypnosis\n|move|p1b: Tyranitar|Iron Head|p2b: Terry\n|-damage|p2b: Terry|72\/100 slp\n|cant|p2b: Terry|slp\n|cant|p2a: Rolly|slp\n|\n|-weather|Sandstorm|[upkeep]\n|-damage|p1a: Milotic|29\/100 brn|[from] Sandstorm\n|-heal|p2b: Terry|78\/100 slp|[from] item: Leftovers\n|-damage|p1a: Milotic|23\/100 brn|[from] brn\n|upkeep\n|turn|9\n|\n|t:|1700248737\n|switch|p2a: Toxy|Toxtricity, M|100\/100\n|move|p1a: Milotic|Recover|p1a: Milotic\n|-heal|p1a: Milotic|73\/100 brn\n|move|p1b: Tyranitar|Knock Off|p2a: Toxy\n|-damage|p2a: Toxy|30\/100\n|-enditem|p2a: Toxy|Throat Spray|[from] move: Knock Off|[of] p1b: Tyranitar\n|-curestatus|p2b: Terry|slp|[msg]\n|move|p2b: Terry|Seed Bomb|p1a: Milotic\n|-supereffective|p1a: Milotic\n|-damage|p1a: Milotic|49\/100 brn\n|\n|-weather|none\n|-heal|p2b: Terry|84\/100|[from] item: Leftovers\n|-damage|p1a: Milotic|43\/100 brn|[from] brn\n|upkeep\n|turn|10\n|c|\u2606geomtrydash|if you win this i will be mad\n|\n|t:|1700248757\n|-terastallize|p2a: Toxy|Normal\n|move|p1a: Milotic|Hypnosis|p2b: Terry\n|-status|p2b: Terry|slp|[from] move: Hypnosis\n|move|p2a: Toxy|Boomburst|p1b: Tyranitar|[spread] p2b,p1a,p1b\n|-resisted|p1b: Tyranitar\n|-damage|p2b: Terry|19\/100 slp\n|-damage|p1a: Milotic|0 fnt\n|-damage|p1b: Tyranitar|16\/100\n|faint|p1a: Milotic\n|move|p1b: Tyranitar|Rock Slide|p2b: Terry|[spread] p2a,p2b\n|-resisted|p2b: Terry\n|-damage|p2a: Toxy|0 fnt\n|-damage|p2b: Terry|7\/100 slp\n|faint|p2a: Toxy\n|cant|p2b: Terry|slp\n|\n|-heal|p2b: Terry|13\/100 slp|[from] item: Leftovers\n|upkeep\n|\n|t:|1700248760\n|switch|p2a: Rolly|Donphan, M|100\/100 slp\n|turn|11\n|\n|t:|1700248783\n|move|p1b: Tyranitar|Body Slam|p2b: Terry\n|-damage|p2b: Terry|0 fnt\n|faint|p2b: Terry\n|-curestatus|p2a: Rolly|slp|[msg]\n|move|p2a: Rolly|Earthquake|p1b: Tyranitar\n|-supereffective|p1b: Tyranitar\n|-damage|p1b: Tyranitar|0 fnt\n|faint|p1b: Tyranitar\n|\n|win|geomtrydash\n|raw|KarErsen's rating: 1110 &rarr; <strong>1077<\/strong><br \/>(-33 for losing)\n|raw|geomtrydash's rating: 1000 &rarr; <strong>1052<\/strong><br \/>(+52 for winning)\n|c|\u2606geomtrydash|gg\n","uploadtime":1700248798,"views":13,"p1id":"karersen","p2id":"geomtrydash","formatid":"gen9nationaldexdoubles","rating":1052,"private":0,"password":""}