{"id":"gen9nationaldexdoubles-1992082229","p1":"glimmeraqua","p2":"NinjaSnapple","format":"[Gen 9] National Dex Doubles","log":"|j|\u2606glimmeraqua\n|j|\u2606NinjaSnapple\n|t:|1700153573\n|gametype|doubles\n|player|p1|glimmeraqua|iris-gen5bw2|\n|player|p2|NinjaSnapple|bugcatcher-gen2|\n|teamsize|p1|6\n|teamsize|p2|6\n|gen|9\n|tier|[Gen 9] National Dex Doubles\n|rule|HP Percentage Mod: HP is shown in percentages\n|rule|Endless Battle Clause: Forcing endless battles is banned\n|rule|OHKO Clause: OHKO moves are banned\n|rule|Evasion Moves Clause: Evasion moves are banned\n|rule|Evasion Abilities Clause: Evasion abilities are banned\n|rule|Species Clause: Limit one of each Pok\u00e9mon\n|rule|Gravity Sleep Clause: The combination of sleep-inducing moves with imperfect accuracy and Gravity or Gigantamax Orbeetle are banned\n|clearpoke\n|poke|p1|Iron Bundle|\n|poke|p1|Tapu Koko|\n|poke|p1|Incineroar, F|\n|poke|p1|Salamence, M|\n|poke|p1|Kingambit, M|\n|poke|p1|Ogerpon-Wellspring, F|\n|poke|p2|Tapu Fini|\n|poke|p2|Rillaboom, M|\n|poke|p2|Zamazenta-*|\n|poke|p2|Stakataka|\n|poke|p2|Chi-Yu|\n|poke|p2|Salamence, M|\n|teampreview\n|inactive|Battle timer is ON: inactive players will automatically lose when time's up. (requested by NinjaSnapple)\n|\n|t:|1700153600\n|start\n|switch|p1a: Vanquish|Iron Bundle|100\/100\n|switch|p1b: Vantage|Incineroar, F|100\/100\n|switch|p2a: Zamazenta|Zamazenta|100\/100\n|switch|p2b: Stakataka|Stakataka|100\/100\n|-ability|p2a: Zamazenta|Dauntless Shield|boost\n|-boost|p2a: Zamazenta|def|1\n|-ability|p1b: Vantage|Intimidate|boost\n|-unboost|p2a: Zamazenta|atk|1\n|-fail|p2b: Stakataka|unboost|[from] item: Clear Amulet|[of] p2b: Stakataka\n|turn|1\n|inactive|NinjaSnapple has 270 seconds left.\n|inactive|glimmeraqua has 270 seconds left.\n|inactive|NinjaSnapple has 240 seconds left.\n|\n|t:|1700153664\n|-terastallize|p1a: Vanquish|Water\n|-terastallize|p2b: Stakataka|Ghost\n|move|p2a: Zamazenta|Close Combat|p1b: Vantage\n|-supereffective|p1b: Vantage\n|-damage|p1b: Vantage|30\/100\n|-unboost|p2a: Zamazenta|def|1\n|-unboost|p2a: Zamazenta|spd|1\n|move|p1a: Vanquish|Hydro Pump|p2b: Stakataka\n|-damage|p2b: Stakataka|6\/100\n|-damage|p1a: Vanquish|91\/100|[from] item: Life Orb\n|move|p1b: Vantage|Knock Off|p2b: Stakataka\n|-supereffective|p2b: Stakataka\n|-damage|p2b: Stakataka|0 fnt\n|-enditem|p2b: Stakataka|Clear Amulet|[from] move: Knock Off|[of] p1b: Vantage\n|faint|p2b: Stakataka\n|\n|upkeep\n|inactive|NinjaSnapple has 240 seconds left.\n|c|\u2606NinjaSnapple|I suck lmao\n|inactive|NinjaSnapple has 210 seconds left.\n|\n|t:|1700153710\n|switch|p2b: Tapu Fini|Tapu Fini|100\/100\n|-fieldstart|move: Misty Terrain|[from] ability: Misty Surge|[of] p2b: Tapu Fini\n|turn|2\n|inactive|glimmeraqua has 270 seconds left.\n|\n|t:|1700153742\n|switch|p1b: Valkyrie|Ogerpon-Wellspring, F|100\/100\n|move|p2a: Zamazenta|Coaching|p2b: Tapu Fini\n|-boost|p2b: Tapu Fini|atk|1\n|-boost|p2b: Tapu Fini|def|1\n|move|p1a: Vanquish|Hydro Pump|p2a: Zamazenta\n|-damage|p2a: Zamazenta|0 fnt\n|faint|p2a: Zamazenta\n|-damage|p1a: Vanquish|81\/100|[from] item: Life Orb\n|move|p2b: Tapu Fini|Calm Mind|p2b: Tapu Fini\n|-boost|p2b: Tapu Fini|spa|1\n|-boost|p2b: Tapu Fini|spd|1\n|\n|upkeep\n|inactive|NinjaSnapple has 210 seconds left.\n|\n|t:|1700153763\n|switch|p2a: Rillaboom|Rillaboom, M|100\/100\n|-fieldstart|move: Grassy Terrain|[from] ability: Grassy Surge|[of] p2a: Rillaboom\n|turn|3\n|inactive|glimmeraqua has 270 seconds left.\n|\n|t:|1700153789\n|move|p1b: Valkyrie|Spiky Shield|p1b: Valkyrie\n|-singleturn|p1b: Valkyrie|move: Protect\n|move|p2a: Rillaboom|Fake Out|p1b: Valkyrie\n|-activate|p1b: Valkyrie|move: Protect\n|-damage|p2a: Rillaboom|88\/100|[from] Spiky Shield|[of] p1b: Valkyrie\n|move|p1a: Vanquish|Freeze-Dry|p2b: Tapu Fini\n|-supereffective|p2b: Tapu Fini\n|-damage|p2b: Tapu Fini|54\/100\n|-status|p2b: Tapu Fini|frz\n|-damage|p1a: Vanquish|71\/100|[from] item: Life Orb\n|cant|p2b: Tapu Fini|frz\n|\n|-heal|p1a: Vanquish|77\/100|[from] Grassy Terrain\n|-heal|p2a: Rillaboom|94\/100|[from] Grassy Terrain\n|-heal|p2b: Tapu Fini|60\/100 frz|[from] Grassy Terrain\n|-heal|p2b: Tapu Fini|66\/100 frz|[from] item: Leftovers\n|upkeep\n|turn|4\n|c|\u2606glimmeraqua|sry\n|inactive|glimmeraqua has 270 seconds left.\n|inactive|NinjaSnapple has 210 seconds left.\n|c|\u2606NinjaSnapple|I lost turn 1 it's ok\n|c|\u2606glimmeraqua|turn 1 was dire i just feel bad now\n|\n|t:|1700153845\n|-end|p1a: Vanquish|Quark Drive|[silent]\n|switch|p1a: Valhalla|Salamence, M|100\/100\n|-ability|p1a: Valhalla|Intimidate|boost\n|-unboost|p2a: Rillaboom|atk|1\n|-unboost|p2b: Tapu Fini|atk|1\n|cant|p2b: Tapu Fini|frz\n|move|p1b: Valkyrie|Swords Dance|p1b: Valkyrie\n|-boost|p1b: Valkyrie|atk|2\n|move|p2a: Rillaboom|U-turn|p1b: Valkyrie\n|-supereffective|p1b: Valkyrie\n|-damage|p1b: Valkyrie|63\/100\n|\n|t:|1700153855\n|switch|p2a: Salamence|Salamence, M|100\/100|[from] U-turn\n|-ability|p2a: Salamence|Intimidate|boost\n|-unboost|p1a: Valhalla|atk|1\n|-unboost|p1b: Valkyrie|atk|1\n|\n|-heal|p1b: Valkyrie|69\/100|[from] Grassy Terrain\n|-heal|p2b: Tapu Fini|73\/100 frz|[from] Grassy Terrain\n|-heal|p2b: Tapu Fini|79\/100 frz|[from] item: Leftovers\n|upkeep\n|turn|5\n|inactive|glimmeraqua has 270 seconds left.\n|\n|t:|1700153893\n|switch|p1b: Vantage|Incineroar, F|30\/100\n|-ability|p1b: Vantage|Intimidate|boost\n|-unboost|p2a: Salamence|atk|1\n|-unboost|p2b: Tapu Fini|atk|1\n|detailschange|p1a: Valhalla|Salamence-Mega, M\n|-mega|p1a: Valhalla|Salamence|Salamencite\n|detailschange|p2a: Salamence|Salamence-Mega, M\n|-mega|p2a: Salamence|Salamence|Salamencite\n|move|p2a: Salamence|Hyper Voice|p1a: Valhalla|[spread] p1a,p1b\n|-damage|p1a: Valhalla|70\/100\n|-damage|p1b: Vantage|18\/100\n|move|p1a: Valhalla|Tailwind|p1a: Valhalla\n|-sidestart|p1: glimmeraqua|move: Tailwind\n|cant|p2b: Tapu Fini|frz\n|\n|-heal|p1b: Vantage|24\/100|[from] Grassy Terrain\n|-heal|p2b: Tapu Fini|85\/100 frz|[from] Grassy Terrain\n|-heal|p2b: Tapu Fini|91\/100 frz|[from] item: Leftovers\n|upkeep\n|turn|6\n|inactive|glimmeraqua has 270 seconds left.\n|inactive|NinjaSnapple has 210 seconds left.\n|\n|t:|1700153914\n|move|p2a: Salamence|Protect|p2a: Salamence\n|-singleturn|p2a: Salamence|Protect\n|move|p1b: Vantage|Fake Out|p2a: Salamence\n|-activate|p2a: Salamence|move: Protect\n|move|p1a: Valhalla|Double-Edge|p2b: Tapu Fini\n|-damage|p2b: Tapu Fini|64\/100 frz\n|-damage|p1a: Valhalla|60\/100|[from] Recoil\n|cant|p2b: Tapu Fini|frz\n|\n|-heal|p1b: Vantage|30\/100|[from] Grassy Terrain\n|-heal|p2b: Tapu Fini|70\/100 frz|[from] Grassy Terrain\n|-heal|p2b: Tapu Fini|76\/100 frz|[from] item: Leftovers\n|upkeep\n|turn|7\n|\n|t:|1700153927\n|move|p1a: Valhalla|Double-Edge|p2b: Tapu Fini\n|-damage|p2b: Tapu Fini|50\/100 frz\n|-damage|p1a: Valhalla|51\/100|[from] Recoil\n|move|p2a: Salamence|Tailwind|p2a: Salamence\n|-sidestart|p2: NinjaSnapple|move: Tailwind\n|cant|p2b: Tapu Fini|frz\n|move|p1b: Vantage|U-turn|p2b: Tapu Fini\n|-resisted|p2b: Tapu Fini\n|-damage|p2b: Tapu Fini|45\/100 frz\n|\n|t:|1700153929\n|switch|p1b: Victor|Tapu Koko|100\/100|[from] U-turn\n|-fieldstart|move: Electric Terrain|[from] ability: Electric Surge|[of] p1b: Victor\n|\n|-heal|p2b: Tapu Fini|51\/100 frz|[from] item: Leftovers\n|upkeep\n|turn|8\n|\n|t:|1700153943\n|switch|p1a: Vantage|Incineroar, F|30\/100\n|-ability|p1a: Vantage|Intimidate|boost\n|-unboost|p2a: Salamence|atk|1\n|-unboost|p2b: Tapu Fini|atk|1\n|switch|p2a: Rillaboom|Rillaboom, M|94\/100\n|-fieldstart|move: Grassy Terrain|[from] ability: Grassy Surge|[of] p2a: Rillaboom\n|-zpower|p1b: Victor\n|move|p1b: Victor|Gigavolt Havoc|p2b: Tapu Fini|[zeffect]\n|-supereffective|p2b: Tapu Fini\n|-damage|p2b: Tapu Fini|0 fnt\n|faint|p2b: Tapu Fini\n|\n|-heal|p2a: Rillaboom|100\/100|[from] Grassy Terrain\n|-heal|p1a: Vantage|36\/100|[from] Grassy Terrain\n|-sideend|p1: glimmeraqua|move: Tailwind\n|upkeep\n|inactive|NinjaSnapple has 240 seconds left.\n|\n|t:|1700153960\n|switch|p2b: Chi-Yu|Chi-Yu|100\/100\n|-ability|p2b: Chi-Yu|Beads of Ruin\n|turn|9\n|\n|t:|1700153975\n|switch|p1a: Valour|Kingambit, M|100\/100\n|move|p1b: Victor|Protect|p1b: Victor\n|-singleturn|p1b: Victor|Protect\n|move|p2a: Rillaboom|Fake Out|p1a: Valour\n|-resisted|p1a: Valour\n|-damage|p1a: Valour|96\/100\n|move|p2b: Chi-Yu|Heat Wave|p1a: Valour|[spread] p1a\n|-activate|p1b: Victor|move: Protect\n|-supereffective|p1a: Valour\n|-damage|p1a: Valour|0 fnt\n|faint|p1a: Valour\n|\n|upkeep\n|\n|t:|1700153979\n|switch|p1a: Vantage|Incineroar, F|36\/100\n|-ability|p1a: Vantage|Intimidate|boost\n|-unboost|p2a: Rillaboom|atk|1\n|-unboost|p2b: Chi-Yu|atk|1\n|turn|10\n|inactive|NinjaSnapple has 270 seconds left.\n|\n|t:|1700153992\n|switch|p2b: Salamence|Salamence-Mega, M|100\/100\n|switch|p1b: Valhalla|Salamence-Mega, M|51\/100\n|move|p1a: Vantage|Fake Out|p2b: Salamence\n|-damage|p2b: Salamence|93\/100\n|move|p2a: Rillaboom|Wood Hammer|p1b: Valhalla\n|-resisted|p1b: Valhalla\n|-damage|p1b: Valhalla|41\/100\n|-damage|p2a: Rillaboom|98\/100|[from] Recoil\n|\n|-heal|p2a: Rillaboom|100\/100|[from] Grassy Terrain\n|-heal|p1a: Vantage|42\/100|[from] Grassy Terrain\n|-sideend|p2: NinjaSnapple|move: Tailwind\n|upkeep\n|turn|11\n|inactive|glimmeraqua has 270 seconds left.\n|inactive|glimmeraqua has 240 seconds left.\n|\n|t:|1700154073\n|switch|p1a: Victor|Tapu Koko|100\/100\n|-fieldstart|move: Electric Terrain|[from] ability: Electric Surge|[of] p1a: Victor\n|move|p1b: Valhalla|Double-Edge|p2a: Rillaboom\n|-supereffective|p2a: Rillaboom\n|-damage|p2a: Rillaboom|0 fnt\n|faint|p2a: Rillaboom\n|-damage|p1b: Valhalla|0 fnt|[from] Recoil\n|faint|p1b: Valhalla\n|move|p2b: Salamence|Tailwind|p2b: Salamence\n|-sidestart|p2: NinjaSnapple|move: Tailwind\n|\n|upkeep\n|inactive|glimmeraqua has 240 seconds left.\n|\n|t:|1700154082\n|switch|p1b: Vantage|Incineroar, F|42\/100\n|switch|p2a: Chi-Yu|Chi-Yu|100\/100\n|-ability|p2a: Chi-Yu|Beads of Ruin\n|-ability|p1b: Vantage|Intimidate|boost\n|-unboost|p2a: Chi-Yu|atk|1\n|-unboost|p2b: Salamence|atk|1\n|turn|12\n|\n|t:|1700154099\n|move|p1b: Vantage|Fake Out|p2a: Chi-Yu\n|-damage|p2a: Chi-Yu|85\/100\n|move|p2b: Salamence|Frustration|p1a: Victor\n|-resisted|p1a: Victor\n|-damage|p1a: Victor|72\/100\n|cant|p2a: Chi-Yu|flinch\n|move|p1a: Victor|Hidden Power|p2b: Salamence\n|-supereffective|p2b: Salamence\n|-damage|p2b: Salamence|0 fnt\n|faint|p2b: Salamence\n|\n|upkeep\n|turn|13\n|inactive|glimmeraqua has 270 seconds left.\n|\n|t:|1700154122\n|move|p1a: Victor|Protect|p1a: Victor\n|-singleturn|p1a: Victor|Protect\n|move|p2a: Chi-Yu|Heat Wave|p1b: Vantage|[spread] p1b\n|-activate|p1a: Victor|move: Protect\n|-resisted|p1b: Vantage\n|-damage|p1b: Vantage|23\/100\n|move|p1b: Vantage|U-turn|p2a: Chi-Yu\n|-damage|p2a: Chi-Yu|59\/100\n|\n|t:|1700154127\n|switch|p1b: Vanquish|Iron Bundle, tera:Water|77\/100|[from] U-turn\n|-activate|p1b: Vanquish|ability: Quark Drive\n|-start|p1b: Vanquish|quarkdrivespe\n|\n|upkeep\n|turn|14\n|\n|t:|1700154132\n|move|p1b: Vanquish|Protect|p1b: Vanquish\n|-singleturn|p1b: Vanquish|Protect\n|move|p2a: Chi-Yu|Heat Wave|p1b: Vanquish|[spread] \n|-activate|p1b: Vanquish|move: Protect\n|-miss|p2a: Chi-Yu|p1a: Victor\n|move|p1a: Victor|Thunderbolt|p2a: Chi-Yu\n|-damage|p2a: Chi-Yu|4\/100\n|\n|-sideend|p2: NinjaSnapple|move: Tailwind\n|upkeep\n|turn|15\n|c|\u2606NinjaSnapple|gg well played!\n|\n|t:|1700154140\n|move|p1b: Vanquish|Freeze-Dry|p2a: Chi-Yu\n|-resisted|p2a: Chi-Yu\n|-damage|p2a: Chi-Yu|0 fnt\n|faint|p2a: Chi-Yu\n|-damage|p1b: Vanquish|67\/100|[from] item: Life Orb\n|\n|win|glimmeraqua\n|c|\u2606glimmeraqua|gg\n|l|\u2606NinjaSnapple\n|c|\u2606glimmeraqua|could you give me the replay of g1?\n","uploadtime":1700154253,"views":60,"p1id":"glimmeraqua","p2id":"ninjasnapple","formatid":"gen9nationaldexdoubles","rating":0,"private":0,"password":""}