{"id":"gen9nationaldexdoubles-1969291413","p1":"AlphaApolo","p2":"psng","format":"[Gen 9] National Dex Doubles","log":"|j|\u2606AlphaApolo\n|j|\u2606psng\n|t:|1697510448\n|gametype|doubles\n|player|p1|AlphaApolo|juan|\n|player|p2|psng|wallace|\n|teamsize|p1|6\n|teamsize|p2|6\n|gen|9\n|tier|[Gen 9] National Dex Doubles\n|rule|HP Percentage Mod: HP is shown in percentages\n|rule|Endless Battle Clause: Forcing endless battles is banned\n|rule|OHKO Clause: OHKO moves are banned\n|rule|Evasion Moves Clause: Evasion moves are banned\n|rule|Evasion Abilities Clause: Evasion abilities are banned\n|rule|Species Clause: Limit one of each Pok\u00e9mon\n|rule|Gravity Sleep Clause: The combination of sleep-inducing moves with imperfect accuracy and Gravity or Gigantamax Orbeetle are banned\n|clearpoke\n|poke|p1|Torterra, M|\n|poke|p1|Infernape, M|\n|poke|p1|Empoleon, M|\n|poke|p1|Clefable, M|\n|poke|p1|Gastrodon-East, M|\n|poke|p1|Raichu, M|\n|poke|p2|Indeedee-F, F|\n|poke|p2|Blastoise, M|\n|poke|p2|Pelipper, M|\n|poke|p2|Swampert, M|\n|poke|p2|Zapdos|\n|poke|p2|Ferrothorn, F|\n|teampreview\n|inactive|Battle timer is ON: inactive players will automatically lose when time's up. (requested by psng)\n|\n|t:|1697510476\n|start\n|switch|p1a: Torterra|Torterra, M, shiny|100\/100\n|switch|p1b: Clefable|Clefable, M, shiny|100\/100\n|switch|p2a: Indeedee|Indeedee-F, F, shiny|100\/100\n|switch|p2b: Blastoise|Blastoise, M, shiny|100\/100\n|-fieldstart|move: Psychic Terrain|[from] ability: Psychic Surge|[of] p2a: Indeedee\n|turn|1\n|j| Nyx_The_Minx\n|l| Nyx_The_Minx\n|inactive|AlphaApolo has 270 seconds left.\n|\n|t:|1697510513\n|switch|p2a: Pelipper|Pelipper, M|100\/100\n|-weather|RainDance|[from] ability: Drizzle|[of] p2a: Pelipper\n|-terastallize|p2b: Blastoise|Water\n|move|p2b: Blastoise|Water Spout|p1a: Torterra|[spread] p1a,p1b\n|-damage|p1a: Torterra|0 fnt\n|-damage|p1b: Clefable|19\/100\n|faint|p1a: Torterra\n|move|p1b: Clefable|Light Screen|p1b: Clefable\n|-sidestart|p1: AlphaApolo|move: Light Screen\n|\n|-weather|RainDance|[upkeep]\n|upkeep\n|\n|t:|1697510533\n|switch|p1a: Empoleon|Empoleon, M, shiny|100\/100\n|turn|2\n|inactive|AlphaApolo has 270 seconds left.\n|\n|t:|1697510542\n|switch|p2b: Swampert|Swampert, M, shiny|100\/100\n|move|p2a: Pelipper|Tailwind|p2a: Pelipper\n|-sidestart|p2: psng|move: Tailwind\n|move|p1a: Empoleon|Flash Cannon|p2b: Swampert\n|-resisted|p2b: Swampert\n|-damage|p2b: Swampert|80\/100\n|move|p1b: Clefable|Stealth Rock|p2a: Pelipper\n|-sidestart|p2: psng|move: Stealth Rock\n|\n|-weather|RainDance|[upkeep]\n|upkeep\n|turn|3\n|inactive|AlphaApolo has 270 seconds left.\n|\n|t:|1697510576\n|switch|p2a: Zapdos|Zapdos|100\/100\n|-damage|p2a: Zapdos|76\/100|[from] Stealth Rock\n|switch|p1a: Gastrodon|Gastrodon-East, M, shiny|100\/100\n|detailschange|p2b: Swampert|Swampert-Mega, M, shiny\n|-mega|p2b: Swampert|Swampert|Swampertite\n|move|p2b: Swampert|Earthquake|p1a: Gastrodon|[spread] p1a,p1b\n|-immune|p2a: Zapdos\n|-damage|p1a: Gastrodon|52\/100\n|-damage|p1b: Clefable|0 fnt\n|faint|p1b: Clefable\n|\n|-weather|RainDance|[upkeep]\n|-heal|p1a: Gastrodon|58\/100|[from] item: Leftovers\n|upkeep\n|\n|t:|1697510602\n|switch|p1b: Raichu|Raichu, M, shiny|100\/100\n|turn|4\n|\n|t:|1697510619\n|-terastallize|p1b: Raichu|Water\n|move|p2b: Swampert|Earthquake|p1b: Raichu|[spread] p1a,p1b\n|-immune|p2a: Zapdos\n|-damage|p1a: Gastrodon|5\/100\n|-damage|p1b: Raichu|0 fnt\n|faint|p1b: Raichu\n|move|p2a: Zapdos|Weather Ball|p1a: Gastrodon\n|-ability|p1a: Gastrodon|Storm Drain|boost\n|-boost|p1a: Gastrodon|spa|1\n|move|p1a: Gastrodon|Recover|p1a: Gastrodon\n|-heal|p1a: Gastrodon|55\/100\n|\n|-weather|RainDance|[upkeep]\n|-heal|p1a: Gastrodon|61\/100|[from] item: Leftovers\n|upkeep\n|\n|t:|1697510636\n|switch|p1b: Empoleon|Empoleon, M, shiny|100\/100\n|turn|5\n|inactive|AlphaApolo has 270 seconds left.\n|\n|t:|1697510656\n|move|p1b: Empoleon|Aqua Jet|p1a: Gastrodon\n|-activate|p1a: Gastrodon|ability: Storm Drain\n|-ability|p1a: Gastrodon|Storm Drain|boost\n|-boost|p1a: Gastrodon|spa|1\n|move|p2b: Swampert|Earthquake|p1a: Gastrodon|[spread] p1a,p1b\n|-immune|p2a: Zapdos\n|-supereffective|p1b: Empoleon\n|-damage|p1a: Gastrodon|9\/100\n|-damage|p1b: Empoleon|0 fnt\n|faint|p1b: Empoleon\n|move|p2a: Zapdos|Thunder|p1a: Gastrodon\n|-immune|p1a: Gastrodon\n|move|p1a: Gastrodon|Ice Beam|p2b: Swampert\n|-damage|p2b: Swampert|46\/100\n|\n|-weather|none\n|-heal|p1a: Gastrodon|15\/100|[from] item: Leftovers\n|-sideend|p2: psng|move: Tailwind\n|-fieldend|move: Psychic Terrain\n|upkeep\n|\n|t:|1697510674\n|switch|p1b: Infernape|Infernape, M, shiny|100\/100\n|turn|6\n|inactive|AlphaApolo has 270 seconds left.\n|\n|t:|1697510686\n|move|p1b: Infernape|Mach Punch|p2b: Swampert\n|-damage|p2b: Swampert|20\/100\n|-damage|p1b: Infernape|91\/100|[from] item: Life Orb\n|move|p2a: Zapdos|Discharge|p1a: Gastrodon|[spread] p1b\n|-immune|p2b: Swampert\n|-immune|p1a: Gastrodon\n|-damage|p1b: Infernape|62\/100\n|move|p2b: Swampert|Earthquake|p1b: Infernape|[spread] p1a,p1b\n|-immune|p2a: Zapdos\n|-supereffective|p1b: Infernape\n|-damage|p1a: Gastrodon|0 fnt\n|-damage|p1b: Infernape|0 fnt\n|faint|p1a: Gastrodon\n|faint|p1b: Infernape\n|\n|win|psng\n|l|\u2606AlphaApolo\n|l|\u2606psng\n|j|\u2606psng\n|player|p2|psng|wallace\n","uploadtime":1697511016,"views":14,"p1id":"alphaapolo","p2id":"psng","formatid":"gen9nationaldexdoubles","rating":0,"private":0,"password":""}