{"id":"gen9nationaldexdoubles-1975188672","p1":"thebestever543","p2":"Cesar hacker toons","format":"[Gen 9] National Dex Doubles","log":"|j|\u2606thebestever543\n|j|\u2606Cesar hacker toons\n|t:|1698168773\n|gametype|doubles\n|player|p1|thebestever543|drayden|1220\n|player|p2|Cesar hacker toons|skyla|1301\n|teamsize|p1|6\n|teamsize|p2|6\n|gen|9\n|tier|[Gen 9] National Dex Doubles\n|rated|\n|rule|HP Percentage Mod: HP is shown in percentages\n|rule|Endless Battle Clause: Forcing endless battles is banned\n|rule|OHKO Clause: OHKO moves are banned\n|rule|Evasion Moves Clause: Evasion moves are banned\n|rule|Evasion Abilities Clause: Evasion abilities are banned\n|rule|Species Clause: Limit one of each Pok\u00e9mon\n|rule|Gravity Sleep Clause: The combination of sleep-inducing moves with imperfect accuracy and Gravity or Gigantamax Orbeetle are banned\n|clearpoke\n|poke|p1|Landorus-Therian, M|\n|poke|p1|Ninetales-Alola, M|\n|poke|p1|Amoonguss, M|\n|poke|p1|Chi-Yu|\n|poke|p1|Zamazenta-*|\n|poke|p1|Ursaluna, F|\n|poke|p2|Politoed, M|\n|poke|p2|Incineroar, M|\n|poke|p2|Togekiss, M|\n|poke|p2|Gothitelle, F|\n|poke|p2|Azumarill, M|\n|poke|p2|Klefki, M|\n|teampreview\n|inactive|Battle timer is ON: inactive players will automatically lose when time's up. (requested by thebestever543)\n|\n|t:|1698168789\n|start\n|switch|p1a: Landorus|Landorus-Therian, M|100\/100\n|switch|p1b: Chi-Yu|Chi-Yu|100\/100\n|switch|p2a: Incineroar|Incineroar, M|100\/100\n|switch|p2b: Azumarill|Azumarill, M|100\/100\n|-ability|p1b: Chi-Yu|Beads of Ruin\n|-ability|p1a: Landorus|Intimidate|boost\n|-unboost|p2a: Incineroar|atk|1\n|-unboost|p2b: Azumarill|atk|1\n|-ability|p2a: Incineroar|Intimidate|boost\n|-unboost|p1a: Landorus|atk|1\n|-unboost|p1b: Chi-Yu|atk|1\n|turn|1\n|\n|t:|1698168806\n|switch|p1b: Amoonguss|Amoonguss, M|100\/100\n|switch|p2a: Gothitelle|Gothitelle, F|100\/100\n|move|p1a: Landorus|U-turn|p2a: Gothitelle\n|-supereffective|p2a: Gothitelle\n|-damage|p2a: Gothitelle|66\/100\n|\n|t:|1698168822\n|switch|p1a: Ninetales|Ninetales-Alola, M|100\/100|[from] U-turn\n|-weather|Snow|[from] ability: Snow Warning|[of] p1a: Ninetales\n|move|p2b: Azumarill|Perish Song|p2b: Azumarill\n|-start|p1a: Ninetales|perish3|[silent]\n|-start|p1b: Amoonguss|perish3|[silent]\n|-start|p2a: Gothitelle|perish3|[silent]\n|-start|p2b: Azumarill|perish3|[silent]\n|-fieldactivate|move: Perish Song\n|\n|-weather|Snow|[upkeep]\n|-start|p1a: Ninetales|perish3\n|-start|p2a: Gothitelle|perish3\n|-start|p1b: Amoonguss|perish3\n|-start|p2b: Azumarill|perish3\n|upkeep\n|turn|2\n|inactive|Cesar hacker toons has 120 seconds left.\n|\n|t:|1698168861\n|switch|p2b: Incineroar|Incineroar, M|100\/100\n|-ability|p2b: Incineroar|Intimidate|boost\n|-unboost|p1a: Ninetales|atk|1\n|-unboost|p1b: Amoonguss|atk|1\n|move|p2a: Gothitelle|Protect|p2a: Gothitelle\n|-singleturn|p2a: Gothitelle|Protect\n|move|p1a: Ninetales|Icy Wind|p2b: Incineroar|[spread] p2b\n|-activate|p2a: Gothitelle|move: Protect\n|-resisted|p2b: Incineroar\n|-damage|p2b: Incineroar|95\/100\n|-unboost|p2b: Incineroar|spe|1\n|move|p1b: Amoonguss|Spore|p2a: Gothitelle\n|-activate|p2a: Gothitelle|move: Protect\n|\n|-weather|Snow|[upkeep]\n|-start|p1a: Ninetales|perish2\n|-start|p2a: Gothitelle|perish2\n|-start|p1b: Amoonguss|perish2\n|upkeep\n|turn|3\n|\n|t:|1698168880\n|move|p2b: Incineroar|Fake Out|p1b: Amoonguss\n|-damage|p1b: Amoonguss|93\/100\n|-damage|p2b: Incineroar|78\/100|[from] item: Rocky Helmet|[of] p1b: Amoonguss\n|move|p1a: Ninetales|Icy Wind|p2a: Gothitelle|[spread] p2a,p2b\n|-resisted|p2b: Incineroar\n|-damage|p2a: Gothitelle|56\/100\n|-damage|p2b: Incineroar|74\/100\n|-unboost|p2a: Gothitelle|spe|1\n|-unboost|p2b: Incineroar|spe|1\n|cant|p1b: Amoonguss|flinch\n|move|p2a: Gothitelle|Trick Room|p2a: Gothitelle\n|-fieldstart|move: Trick Room|[of] p2a: Gothitelle\n|\n|-weather|Snow|[upkeep]\n|-start|p2a: Gothitelle|perish1\n|-start|p1b: Amoonguss|perish1\n|-start|p1a: Ninetales|perish1\n|upkeep\n|turn|4\n|\n|t:|1698168904\n|switch|p2a: Azumarill|Azumarill, M|100\/100\n|move|p2b: Incineroar|Protect|p2b: Incineroar\n|-singleturn|p2b: Incineroar|Protect\n|move|p1b: Amoonguss|Spore|p2b: Incineroar\n|-activate|p2b: Incineroar|move: Protect\n|move|p1a: Ninetales|Aurora Veil|p1a: Ninetales\n|-sidestart|p1: thebestever543|move: Aurora Veil\n|\n|-weather|Snow|[upkeep]\n|-start|p1b: Amoonguss|perish0\n|-start|p1a: Ninetales|perish0\n|faint|p1b: Amoonguss\n|faint|p1a: Ninetales\n|upkeep\n|\n|t:|1698168913\n|switch|p1b: Ursaluna|Ursaluna, F|100\/100\n|switch|p1a: Landorus|Landorus-Therian, M|100\/100\n|-ability|p1a: Landorus|Intimidate|boost\n|-unboost|p2a: Azumarill|atk|1\n|-unboost|p2b: Incineroar|atk|1\n|turn|5\n|\n|t:|1698168935\n|move|p2b: Incineroar|Parting Shot|p1b: Ursaluna\n|-unboost|p1b: Ursaluna|atk|1\n|-unboost|p1b: Ursaluna|spa|1\n|\n|t:|1698168940\n|switch|p2b: Gothitelle|Gothitelle, F|56\/100|[from] Parting Shot\n|move|p2a: Azumarill|Perish Song|p2a: Azumarill\n|-start|p1a: Landorus|perish3|[silent]\n|-start|p1b: Ursaluna|perish3|[silent]\n|-start|p2a: Azumarill|perish3|[silent]\n|-start|p2b: Gothitelle|perish3|[silent]\n|-fieldactivate|move: Perish Song\n|move|p1b: Ursaluna|Earthquake|p2b: Gothitelle|[spread] p2a,p2b\n|-immune|p1a: Landorus\n|-damage|p2a: Azumarill|72\/100\n|-damage|p2b: Gothitelle|23\/100\n|move|p1a: Landorus|Rock Slide|p2b: Gothitelle|[spread] p2a,p2b\n|-damage|p2a: Azumarill|52\/100\n|-damage|p2b: Gothitelle|0 fnt\n|faint|p2b: Gothitelle\n|\n|-weather|none\n|-start|p2a: Azumarill|perish3\n|-start|p1b: Ursaluna|perish3\n|-start|p1a: Landorus|perish3\n|-status|p1b: Ursaluna|brn|[from] item: Flame Orb\n|upkeep\n|\n|t:|1698168958\n|switch|p2b: Incineroar|Incineroar, M|74\/100\n|-ability|p2b: Incineroar|Intimidate|boost\n|-unboost|p1a: Landorus|atk|1\n|-unboost|p1b: Ursaluna|atk|1\n|turn|6\n|\n|t:|1698168968\n|switch|p2a: Politoed|Politoed, M|100\/100\n|switch|p1b: Zamazenta|Zamazenta|100\/100\n|-ability|p1b: Zamazenta|Dauntless Shield|boost\n|-boost|p1b: Zamazenta|def|1\n|move|p2b: Incineroar|Fake Out|p1b: Zamazenta\n|-damage|p1b: Zamazenta|97\/100\n|move|p1a: Landorus|U-turn|p2b: Incineroar\n|-damage|p2b: Incineroar|58\/100\n|\n|t:|1698168973\n|switch|p1a: Chi-Yu|Chi-Yu|100\/100|[from] U-turn\n|-ability|p1a: Chi-Yu|Beads of Ruin\n|\n|upkeep\n|turn|7\n|-message|Cesar hacker toons forfeited.\n|\n|win|thebestever543\n|raw|thebestever543's rating: 1220 &rarr; <strong>1251<\/strong><br \/>(+31 for winning)\n|raw|Cesar hacker toons's rating: 1301 &rarr; <strong>1276<\/strong><br \/>(-25 for losing)\n|l|\u2606Cesar hacker toons\n","uploadtime":1698168996,"views":10,"p1id":"thebestever543","p2id":"cesarhackertoons","formatid":"gen9nationaldexdoubles","rating":1251,"private":0,"password":""}