{"id":"gen9nationaldexdoubles-1960153250","p1":"SaladTim","p2":"taowang","format":"[Gen 9] National Dex Doubles","log":"|j|\u2606SaladTim\n|j|\u2606taowang\n|t:|1696499586\n|gametype|doubles\n|player|p1|SaladTim|silver|1137\n|player|p2|taowang|102|1113\n|teamsize|p1|6\n|teamsize|p2|6\n|gen|9\n|tier|[Gen 9] National Dex Doubles\n|rated|\n|rule|HP Percentage Mod: HP is shown in percentages\n|rule|Endless Battle Clause: Forcing endless battles is banned\n|rule|OHKO Clause: OHKO moves are banned\n|rule|Evasion Moves Clause: Evasion moves are banned\n|rule|Evasion Abilities Clause: Evasion abilities are banned\n|rule|Species Clause: Limit one of each Pok\u00e9mon\n|rule|Gravity Sleep Clause: The combination of sleep-inducing moves with imperfect accuracy and Gravity or Gigantamax Orbeetle are banned\n|clearpoke\n|poke|p1|Jumpluff, F|\n|poke|p1|Scizor, M|\n|poke|p1|Feraligatr, F|\n|poke|p1|Alakazam, M|\n|poke|p1|Arcanine, F|\n|poke|p1|Koffing, M|\n|poke|p2|Grafaiai, F|\n|poke|p2|Regigigas|\n|poke|p2|Flutter Mane|\n|poke|p2|Urshifu-*, M|\n|poke|p2|Sinistcha-Masterpiece|\n|poke|p2|Landorus-Therian, M|\n|teampreview\n|inactive|Battle timer is ON: inactive players will automatically lose when time's up. (requested by taowang)\n|\n|t:|1696499633\n|start\n|switch|p1a: Jumpluff|Jumpluff, F|100\/100\n|switch|p1b: Alakazam|Alakazam, M|100\/100\n|switch|p2a: Grafaiai|Grafaiai, F|100\/100\n|switch|p2b: Landorus|Landorus-Therian, M|100\/100\n|-ability|p2b: Landorus|Intimidate|boost\n|-unboost|p1a: Jumpluff|atk|1\n|-unboost|p1b: Alakazam|atk|1\n|turn|1\n|inactive|SaladTim has 120 seconds left.\n|inactive|SaladTim has 90 seconds left.\n|\n|t:|1696499695\n|detailschange|p1b: Alakazam|Alakazam-Mega, M\n|-mega|p1b: Alakazam|Alakazam|Alakazite\n|-ability|p1b: Alakazam|Intimidate|boost\n|-unboost|p2a: Grafaiai|atk|1\n|-unboost|p2b: Landorus|atk|1\n|-ability|p1b: Alakazam|Intimidate|[from] ability: Trace|[of] p2b: Landorus\n|-terastallize|p2a: Grafaiai|Ghost\n|move|p2a: Grafaiai|Taunt|p1a: Jumpluff\n|-start|p1a: Jumpluff|move: Taunt\n|move|p1b: Alakazam|Skill Swap|p2b: Landorus\n|-activate|p1b: Alakazam|move: Skill Swap|Intimidate|Intimidate|[of] p2b: Landorus\n|-ability|p1b: Alakazam|Intimidate|boost\n|-unboost|p2a: Grafaiai|atk|1\n|-unboost|p2b: Landorus|atk|1\n|-ability|p2b: Landorus|Intimidate|boost\n|-unboost|p1a: Jumpluff|atk|1\n|-unboost|p1b: Alakazam|atk|1\n|cant|p1a: Jumpluff|move: Taunt|Sleep Powder\n|move|p2b: Landorus|U-turn|p1b: Alakazam\n|-supereffective|p1b: Alakazam\n|-damage|p1b: Alakazam|50\/100\n|inactive|taowang has 120 seconds left.\n|\n|t:|1696499723\n|switch|p2b: Regigigas|Regigigas, shiny|100\/100|[from] U-turn\n|-start|p2b: Regigigas|ability: Slow Start\n|\n|upkeep\n|turn|2\n|inactive|SaladTim has 90 seconds left.\n|\n|t:|1696499757\n|switch|p1a: Arcanine|Arcanine, F|100\/100\n|-ability|p1a: Arcanine|Intimidate|boost\n|-unboost|p2a: Grafaiai|atk|1\n|-unboost|p2b: Regigigas|atk|1\n|move|p2a: Grafaiai|Doodle|p1b: Alakazam\n|-endability|p2a: Grafaiai|Prankster|[from] move: Doodle\n|-ability|p2a: Grafaiai|Intimidate|boost\n|-unboost|p1a: Arcanine|atk|1\n|-unboost|p1b: Alakazam|atk|1\n|-ability|p2a: Grafaiai|Intimidate|[from] move: Doodle\n|-end|p2b: Regigigas|Slow Start|[silent]\n|-endability|p2b: Regigigas|Slow Start|[from] move: Doodle\n|-ability|p2b: Regigigas|Intimidate|boost\n|-unboost|p1a: Arcanine|atk|1\n|-unboost|p1b: Alakazam|atk|1\n|-ability|p2b: Regigigas|Intimidate|[from] move: Doodle\n|move|p1b: Alakazam|Skill Swap|p1a: Arcanine\n|-activate|p1b: Alakazam|move: Skill Swap|||[of] p1a: Arcanine\n|-ability|p1b: Alakazam|Intimidate|boost\n|-unboost|p2a: Grafaiai|atk|1\n|-unboost|p2b: Regigigas|atk|1\n|-ability|p1a: Arcanine|Intimidate|boost\n|-unboost|p2a: Grafaiai|atk|1\n|-unboost|p2b: Regigigas|atk|1\n|move|p2b: Regigigas|Rock Slide|p1a: Arcanine|[spread] p1a,p1b\n|-supereffective|p1a: Arcanine\n|-damage|p1a: Arcanine|75\/100\n|-damage|p1b: Alakazam|25\/100\n|-damage|p2b: Regigigas|91\/100|[from] item: Life Orb\n|\n|upkeep\n|turn|3\n|inactive|SaladTim has 90 seconds left.\n|inactive|taowang has 120 seconds left.\n|\n|t:|1696499802\n|switch|p2a: Landorus|Landorus-Therian, M|100\/100\n|-ability|p2a: Landorus|Intimidate|boost\n|-unboost|p1a: Arcanine|atk|1\n|-unboost|p1b: Alakazam|atk|1\n|-terastallize|p1a: Arcanine|Ground\n|move|p1b: Alakazam|Psychic|p2a: Landorus\n|-damage|p2a: Landorus|54\/100\n|move|p2b: Regigigas|Earthquake|p1b: Alakazam|[spread] p1a,p1b\n|-immune|p2a: Landorus\n|-damage|p1a: Arcanine|58\/100\n|-damage|p1b: Alakazam|0 fnt\n|faint|p1b: Alakazam\n|-damage|p2b: Regigigas|81\/100|[from] item: Life Orb\n|move|p1a: Arcanine|Heat Wave|p2b: Regigigas|[spread] p2a,p2b\n|-damage|p2a: Landorus|26\/100\n|-damage|p2b: Regigigas|51\/100\n|\n|upkeep\n|inactive|SaladTim has 60 seconds left.\n|\n|t:|1696499837\n|switch|p1b: Feraligatr|Feraligatr, F|100\/100\n|turn|4\n|inactive|SaladTim has 60 seconds left.\n|\n|t:|1696499853\n|switch|p2b: Sinistcha|Sinistcha-Masterpiece|100\/100\n|-heal|p2a: Landorus|51\/100|[from] ability: Hospitality|[of] p2b: Sinistcha\n|move|p2a: Landorus|U-turn|p1b: Feraligatr\n|-damage|p1b: Feraligatr|71\/100\n|inactive|taowang has 120 seconds left.\n|\n|t:|1696499879\n|switch|p2a: Urshifu|Urshifu-Rapid-Strike, M|100\/100|[from] U-turn\n|move|p1b: Feraligatr|Dragon Dance|p1b: Feraligatr\n|-boost|p1b: Feraligatr|atk|1\n|-boost|p1b: Feraligatr|spe|1\n|move|p1a: Arcanine|Heat Wave|p2a: Urshifu|[spread] p2a,p2b\n|-resisted|p2a: Urshifu\n|-supereffective|p2b: Sinistcha\n|-damage|p2a: Urshifu|75\/100\n|-damage|p2b: Sinistcha|19\/100\n|\n|upkeep\n|turn|5\n|inactive|taowang has 120 seconds left.\n|\n|t:|1696499905\n|switch|p2b: Landorus|Landorus-Therian, M|51\/100\n|-ability|p2b: Landorus|Intimidate|boost\n|-unboost|p1a: Arcanine|atk|1\n|-unboost|p1b: Feraligatr|atk|1\n|move|p2a: Urshifu|Thunder Punch|p1b: Feraligatr\n|-supereffective|p1b: Feraligatr\n|-damage|p1b: Feraligatr|9\/100\n|move|p1b: Feraligatr|Waterfall|p2a: Urshifu\n|-resisted|p2a: Urshifu\n|-damage|p2a: Urshifu|41\/100\n|move|p1a: Arcanine|Heat Wave|p2b: Landorus|[spread] p2a,p2b\n|-resisted|p2a: Urshifu\n|-damage|p2a: Urshifu|14\/100\n|-damage|p2b: Landorus|21\/100\n|\n|upkeep\n|turn|6\n|\n|t:|1696499927\n|move|p1b: Feraligatr|Protect|p1b: Feraligatr\n|-singleturn|p1b: Feraligatr|Protect\n|move|p2a: Urshifu|Thunder Punch|p1b: Feraligatr\n|-supereffective|p1b: Feraligatr\n|-damage|p1b: Feraligatr|0 fnt\n|faint|p1b: Feraligatr\n|move|p2b: Landorus|U-turn|p1a: Arcanine\n|-damage|p1a: Arcanine|31\/100\n|\n|t:|1696499933\n|switch|p2b: Sinistcha|Sinistcha-Masterpiece|19\/100|[from] U-turn\n|-heal|p2a: Urshifu|39\/100|[from] ability: Hospitality|[of] p2b: Sinistcha\n|move|p1a: Arcanine|Heat Wave|p2b: Sinistcha|[spread] p2a,p2b\n|-resisted|p2a: Urshifu\n|-supereffective|p2b: Sinistcha\n|-crit|p2b: Sinistcha\n|-damage|p2a: Urshifu|12\/100\n|-damage|p2b: Sinistcha|0 fnt\n|faint|p2b: Sinistcha\n|\n|upkeep\n|\n|t:|1696499951\n|switch|p1b: Scizor|Scizor, M|100\/100\n|switch|p2b: Landorus|Landorus-Therian, M|21\/100\n|-ability|p2b: Landorus|Intimidate|boost\n|-unboost|p1a: Arcanine|atk|1\n|-unboost|p1b: Scizor|atk|1\n|turn|7\n|\n|t:|1696499975\n|switch|p2a: Regigigas|Regigigas, shiny|51\/100\n|-start|p2a: Regigigas|ability: Slow Start\n|move|p2b: Landorus|U-turn|p1a: Arcanine\n|-damage|p1a: Arcanine|1\/100\n|\n|t:|1696499982\n|switch|p2b: Urshifu|Urshifu-Rapid-Strike, M|12\/100|[from] U-turn\n|move|p1a: Arcanine|Heat Wave|p2b: Urshifu|[spread] p2a,p2b\n|-resisted|p2b: Urshifu\n|-damage|p2a: Regigigas|22\/100\n|-damage|p2b: Urshifu|0 fnt\n|faint|p2b: Urshifu\n|move|p1b: Scizor|Swords Dance|p1b: Scizor\n|-boost|p1b: Scizor|atk|2\n|\n|upkeep\n|\n|t:|1696499984\n|switch|p2b: Landorus|Landorus-Therian, M|21\/100\n|-ability|p2b: Landorus|Intimidate|boost\n|-unboost|p1a: Arcanine|atk|1\n|-unboost|p1b: Scizor|atk|1\n|turn|8\n|c|\u2606SaladTim|bro chill on the swap outs my god\n|\n|t:|1696500007\n|move|p1a: Arcanine|Protect|p1a: Arcanine\n|-singleturn|p1a: Arcanine|Protect\n|move|p1b: Scizor|Bullet Punch|p2b: Landorus\n|-damage|p2b: Landorus|0 fnt\n|faint|p2b: Landorus\n|move|p2a: Regigigas|Earthquake|p1a: Arcanine|[spread] p1b\n|-activate|p1a: Arcanine|move: Protect\n|-damage|p1b: Scizor|82\/100\n|-damage|p2a: Regigigas|12\/100|[from] item: Life Orb\n|\n|upkeep\n|\n|t:|1696500015\n|switch|p2b: Grafaiai|Grafaiai, F, tera:Ghost|100\/100\n|turn|9\n|\n|t:|1696500039\n|move|p2b: Grafaiai|Doodle|p1a: Arcanine\n|-end|p2a: Regigigas|Slow Start|[silent]\n|-endability|p2a: Regigigas|Slow Start|[from] move: Doodle\n|-ability|p2a: Regigigas|Intimidate|boost\n|-unboost|p1a: Arcanine|atk|0\n|-unboost|p1b: Scizor|atk|1\n|-ability|p2a: Regigigas|Intimidate|[from] move: Doodle\n|-endability|p2b: Grafaiai|Prankster|[from] move: Doodle\n|-ability|p2b: Grafaiai|Intimidate|boost\n|-unboost|p1a: Arcanine|atk|0\n|-unboost|p1b: Scizor|atk|1\n|-ability|p2b: Grafaiai|Intimidate|[from] move: Doodle\n|move|p1b: Scizor|Bullet Punch|p2a: Regigigas\n|-damage|p2a: Regigigas|0 fnt\n|faint|p2a: Regigigas\n|move|p1a: Arcanine|Heat Wave|p2b: Grafaiai\n|-damage|p2b: Grafaiai|39\/100\n|-status|p2b: Grafaiai|brn\n|\n|-damage|p2b: Grafaiai|33\/100 brn|[from] brn\n|upkeep\n|\n|t:|1696500048\n|switch|p2a: Flutter Mane|Flutter Mane|100\/100\n|turn|10\n|inactive|taowang has 120 seconds left.\n|\n|t:|1696500084\n|move|p1b: Scizor|Bullet Punch|p2b: Grafaiai\n|-damage|p2b: Grafaiai|12\/100 brn\n|move|p2a: Flutter Mane|Shadow Ball|p1b: Scizor\n|-damage|p1b: Scizor|12\/100\n|-unboost|p1b: Scizor|spd|1\n|move|p2b: Grafaiai|Parting Shot|p1b: Scizor\n|-unboost|p1b: Scizor|atk|1\n|-unboost|p1b: Scizor|spa|1\n|move|p1a: Arcanine|Snarl|p2a: Flutter Mane|[spread] p2a,p2b\n|-supereffective|p2b: Grafaiai\n|-damage|p2a: Flutter Mane|87\/100\n|-damage|p2b: Grafaiai|0 fnt\n|-unboost|p2a: Flutter Mane|spa|1\n|faint|p2b: Grafaiai\n|\n|upkeep\n|turn|11\n|\n|t:|1696500102\n|move|p1a: Arcanine|Protect|p1a: Arcanine\n|-singleturn|p1a: Arcanine|Protect\n|move|p2a: Flutter Mane|Shadow Ball|p1a: Arcanine\n|-activate|p1a: Arcanine|move: Protect\n|move|p1b: Scizor|Swords Dance|p1b: Scizor\n|-boost|p1b: Scizor|atk|2\n|\n|upkeep\n|turn|12\n|\n|t:|1696500116\n|move|p2a: Flutter Mane|Shadow Ball|p1a: Arcanine\n|-damage|p1a: Arcanine|0 fnt\n|faint|p1a: Arcanine\n|move|p1b: Scizor|Swords Dance|p1b: Scizor\n|-boost|p1b: Scizor|atk|2\n|\n|upkeep\n|\n|t:|1696500125\n|switch|p1a: Jumpluff|Jumpluff, F|100\/100\n|turn|13\n|\n|t:|1696500130\n|move|p1b: Scizor|Bullet Punch|p2a: Flutter Mane\n|-supereffective|p2a: Flutter Mane\n|-damage|p2a: Flutter Mane|0 fnt\n|faint|p2a: Flutter Mane\n|-end|p2a: Flutter Mane|Protosynthesis|[silent]\n|\n|win|SaladTim\n|raw|SaladTim's rating: 1137 &rarr; <strong>1160<\/strong><br \/>(+23 for winning)\n|raw|taowang's rating: 1113 &rarr; <strong>1090<\/strong><br \/>(-23 for losing)\n|l|\u2606taowang\n|c|\u2606SaladTim|ez\n","uploadtime":1696500147,"views":11,"p1id":"saladtim","p2id":"taowang","formatid":"gen9nationaldexdoubles","rating":1090,"private":0,"password":""}