{"id":"gen9nationaldexdoubles-1964304153","p1":"Mokaccino321","p2":"halemango69","format":"[Gen 9] National Dex Doubles","log":"|j|\u2606Mokaccino321\n|j|\u2606halemango69\n|t:|1696958177\n|gametype|doubles\n|player|p1|Mokaccino321|2|\n|player|p2|halemango69|2|\n|teamsize|p1|6\n|teamsize|p2|6\n|gen|9\n|tier|[Gen 9] National Dex Doubles\n|rule|HP Percentage Mod: HP is shown in percentages\n|rule|Endless Battle Clause: Forcing endless battles is banned\n|rule|OHKO Clause: OHKO moves are banned\n|rule|Evasion Moves Clause: Evasion moves are banned\n|rule|Evasion Abilities Clause: Evasion abilities are banned\n|rule|Species Clause: Limit one of each Pok\u00e9mon\n|rule|Gravity Sleep Clause: The combination of sleep-inducing moves with imperfect accuracy and Gravity or Gigantamax Orbeetle are banned\n|clearpoke\n|poke|p1|Cradily, M|\n|poke|p1|Aerodactyl, M|\n|poke|p1|Arcanine-Hisui, M|\n|poke|p1|Nihilego|\n|poke|p1|Tyranitar, F|\n|poke|p1|Aggron, M|\n|poke|p2|Swampert, F|\n|poke|p2|Greninja-*, M|\n|poke|p2|Mimikyu, M|\n|poke|p2|Dragonite, F|\n|poke|p2|Volcarona, M|\n|poke|p2|Serperior, M|\n|teampreview\n|\n|t:|1696958189\n|start\n|switch|p1a: Aerodactyl|Aerodactyl, M|100\/100\n|switch|p1b: Nihilego|Nihilego|100\/100\n|switch|p2a: Swampert|Swampert, F|100\/100\n|switch|p2b: Serperior|Serperior, M|100\/100\n|-ability|p1a: Aerodactyl|Unnerve\n|turn|1\n|\n|t:|1696958210\n|detailschange|p2a: Swampert|Swampert-Mega, F\n|-mega|p2a: Swampert|Swampert|Swampertite\n|-terastallize|p2b: Serperior|Grass\n|move|p2b: Serperior|Leaf Storm|p1a: Aerodactyl\n|-damage|p1a: Aerodactyl|24\/100\n|-boost|p2b: Serperior|spa|2\n|move|p1a: Aerodactyl|Tailwind|p1a: Aerodactyl\n|-sidestart|p1: Mokaccino321|move: Tailwind\n|move|p1b: Nihilego|Grass Knot|p2a: Swampert\n|-supereffective|p2a: Swampert\n|-damage|p2a: Swampert|0 fnt\n|faint|p2a: Swampert\n|-ability|p1b: Nihilego|Beast Boost|boost\n|-boost|p1b: Nihilego|spa|1\n|\n|upkeep\n|c|\u2606Mokaccino321|oh no tera allowed\n|\n|t:|1696958226\n|switch|p2a: Greninja|Greninja, M|100\/100\n|turn|2\n|c|\u2606Mokaccino321|bc its not in game hmm\n|\n|t:|1696958246\n|move|p2a: Greninja|Water Shuriken|p1a: Aerodactyl\n|-supereffective|p1a: Aerodactyl\n|-damage|p1a: Aerodactyl|7\/100\n|-supereffective|p1a: Aerodactyl\n|-damage|p1a: Aerodactyl|0 fnt\n|faint|p1a: Aerodactyl\n|-ability|p2a: Greninja|Battle Bond|boost\n|-boost|p2a: Greninja|atk|1\n|-boost|p2a: Greninja|spa|1\n|-boost|p2a: Greninja|spe|1\n|-activate|p2a: Greninja|ability: Battle Bond\n|-hitcount|p1: Aerodactyl|2\n|-zpower|p1b: Nihilego\n|move|p1b: Nihilego|Continental Crush|p2b: Serperior|[zeffect]\n|-damage|p2b: Serperior|0 fnt\n|faint|p2b: Serperior\n|-ability|p1b: Nihilego|Beast Boost|boost\n|-boost|p1b: Nihilego|spa|1\n|\n|upkeep\n|\n|t:|1696958270\n|switch|p1a: Cradily|Cradily, M|100\/100\n|switch|p2b: Mimikyu|Mimikyu, M|100\/100\n|turn|3\n|\n|t:|1696958289\n|move|p2a: Greninja|Water Shuriken|p1a: Cradily\n|-activate|p1a: Cradily|ability: Storm Drain\n|-ability|p1a: Cradily|Storm Drain|boost\n|-boost|p1a: Cradily|spa|1\n|move|p1b: Nihilego|Grass Knot|p2a: Greninja\n|-supereffective|p2a: Greninja\n|-enditem|p2a: Greninja|Focus Sash\n|-damage|p2a: Greninja|1\/100\n|move|p2b: Mimikyu|Swords Dance|p2b: Mimikyu\n|-boost|p2b: Mimikyu|atk|2\n|move|p1a: Cradily|Giga Drain|p2b: Mimikyu\n|-activate|p2b: Mimikyu|ability: Disguise\n|-damage|p2b: Mimikyu|100\/100\n|detailschange|p2b: Mimikyu|Mimikyu-Busted, M\n|-damage|p2b: Mimikyu|88\/100|[from] pokemon: Mimikyu-Busted\n|\n|upkeep\n|turn|4\n|\n|t:|1696958312\n|move|p1b: Nihilego|Sludge Wave|p2a: Greninja|[spread] p1a,p2a,p2b\n|-damage|p1a: Cradily|53\/100\n|-damage|p2a: Greninja|0 fnt\n|-damage|p2b: Mimikyu|0 fnt\n|faint|p2a: Greninja\n|faint|p2b: Mimikyu\n|-ability|p1b: Nihilego|Beast Boost|boost\n|-boost|p1b: Nihilego|spa|2\n|move|p1a: Cradily|Meteor Beam||[still]\n|-prepare|p1a: Cradily|Meteor Beam\n|-boost|p1a: Cradily|spa|1\n|-enditem|p1a: Cradily|Power Herb\n|-anim|p1a: Cradily|Meteor Beam|p2: Greninja|[notarget]\n|-fail|p1a: Cradily\n|\n|-sideend|p1: Mokaccino321|move: Tailwind\n|upkeep\n|\n|t:|1696958323\n|switch|p2a: Dragonite|Dragonite, F|100\/100\n|switch|p2b: Volcarona|Volcarona, M|100\/100\n|turn|5\n|\n|t:|1696958351\n|move|p1b: Nihilego|Power Gem|p2b: Volcarona\n|-supereffective|p2b: Volcarona\n|-damage|p2b: Volcarona|0 fnt\n|faint|p2b: Volcarona\n|-ability|p1b: Nihilego|Beast Boost|boost\n|-boost|p1b: Nihilego|spa|1\n|move|p2a: Dragonite|Earthquake|p1a: Cradily|[spread] p1a,p1b\n|-supereffective|p1b: Nihilego\n|-damage|p1a: Cradily|29\/100\n|-damage|p1b: Nihilego|0 fnt\n|faint|p1b: Nihilego\n|move|p1a: Cradily|Giga Drain|p2a: Dragonite\n|-resisted|p2a: Dragonite\n|-damage|p2a: Dragonite|95\/100\n|-heal|p1a: Cradily|31\/100|[from] drain|[of] p2a: Dragonite\n|\n|upkeep\n|\n|t:|1696958364\n|switch|p1b: Tyranitar|Tyranitar, F|100\/100\n|-weather|Sandstorm|[from] ability: Sand Stream|[of] p1b: Tyranitar\n|turn|6\n|\n|t:|1696958374\n|move|p2a: Dragonite|Earthquake|p1a: Cradily|[spread] p1a,p1b\n|-supereffective|p1b: Tyranitar\n|-damage|p1a: Cradily|5\/100\n|-damage|p1b: Tyranitar|54\/100\n|move|p1b: Tyranitar|Ice Punch|p2a: Dragonite\n|-supereffective|p2a: Dragonite\n|-damage|p2a: Dragonite|0 fnt\n|-damage|p1b: Tyranitar|37\/100|[from] item: Rocky Helmet|[of] p2a: Dragonite\n|faint|p2a: Dragonite\n|-damage|p1b: Tyranitar|27\/100|[from] item: Life Orb\n|\n|win|Mokaccino321\n|c|\u2606Mokaccino321|gg :3\n|l|\u2606halemango69\n","uploadtime":1696958508,"views":3,"p1id":"mokaccino321","p2id":"halemango69","formatid":"gen9nationaldexdoubles","rating":0,"private":0,"password":""}