{"id":"gen9nationaldexdoubles-1978976080","p1":"Dan07B","p2":"hanagakiUBD","format":"[Gen 9] National Dex Doubles","log":"|j|\u2606Dan07B\n|j|\u2606hanagakiUBD\n|t:|1698616679\n|gametype|doubles\n|player|p1|Dan07B|pokemonranger-gen4|\n|player|p2|hanagakiUBD|iris-gen5bw2|\n|teamsize|p1|6\n|teamsize|p2|6\n|gen|9\n|tier|[Gen 9] National Dex Doubles\n|rule|HP Percentage Mod: HP is shown in percentages\n|rule|Endless Battle Clause: Forcing endless battles is banned\n|rule|OHKO Clause: OHKO moves are banned\n|rule|Evasion Moves Clause: Evasion moves are banned\n|rule|Evasion Abilities Clause: Evasion abilities are banned\n|rule|Species Clause: Limit one of each Pok\u00e9mon\n|rule|Gravity Sleep Clause: The combination of sleep-inducing moves with imperfect accuracy and Gravity or Gigantamax Orbeetle are banned\n|clearpoke\n|poke|p1|Metagross|\n|poke|p1|Greninja-*, M|\n|poke|p1|Infernape, M|\n|poke|p1|Iron Valiant|\n|poke|p1|Lycanroc-Dusk, M|\n|poke|p1|Latias, F|\n|poke|p2|Marshadow|\n|poke|p2|Zamazenta-*|\n|poke|p2|Kommo-o, F|\n|poke|p2|Sneasler, M|\n|poke|p2|Iron Valiant|\n|poke|p2|Urshifu-*, M|\n|teampreview\n|inactive|Battle timer is ON: inactive players will automatically lose when time's up. (requested by hanagakiUBD)\n|\n|t:|1698616699\n|start\n|switch|p1a: Infernape|Infernape, M|100\/100\n|switch|p1b: Muichiro|Greninja, M|100\/100\n|switch|p2a: Marshadow|Marshadow|100\/100\n|switch|p2b: Urshifu|Urshifu-Rapid-Strike, M|100\/100\n|turn|1\n|\n|t:|1698616722\n|move|p1b: Muichiro|Extrasensory|p2a: Marshadow\n|-supereffective|p2a: Marshadow\n|-damage|p2a: Marshadow|35\/100\n|move|p2a: Marshadow|Close Combat|p1b: Muichiro\n|-supereffective|p1b: Muichiro\n|-damage|p1b: Muichiro|0 fnt\n|-unboost|p2a: Marshadow|def|1\n|-unboost|p2a: Marshadow|spd|1\n|faint|p1b: Muichiro\n|move|p1a: Infernape|Acrobatics|p2b: Urshifu\n|-supereffective|p2b: Urshifu\n|-damage|p2b: Urshifu|39\/100\n|move|p2b: Urshifu|Surging Strikes|p1a: Infernape\n|-supereffective|p1a: Infernape\n|-crit|p1a: Infernape\n|-damage|p1a: Infernape|37\/100\n|-supereffective|p1a: Infernape\n|-crit|p1a: Infernape\n|-damage|p1a: Infernape|0 fnt\n|faint|p1a: Infernape\n|-hitcount|p1: Infernape|2\n|\n|upkeep\n|inactive|Dan07B has 270 seconds left.\n|\n|t:|1698616752\n|switch|p1a: Perturabo|Metagross|100\/100\n|switch|p1b: Silent sister|Latias, F|100\/100\n|turn|2\n|\n|t:|1698616766\n|detailschange|p1a: Perturabo|Metagross-Mega\n|-mega|p1a: Perturabo|Metagross|Metagrossite\n|move|p2a: Marshadow|Spectral Thief|p1b: Silent sister\n|-supereffective|p1b: Silent sister\n|-damage|p1b: Silent sister|11\/100\n|-enditem|p1b: Silent sister|Aguav Berry|[eat]\n|-heal|p1b: Silent sister|44\/100|[from] item: Aguav Berry\n|move|p1b: Silent sister|Psychic|p2b: Urshifu\n|-supereffective|p2b: Urshifu\n|-damage|p2b: Urshifu|0 fnt\n|faint|p2b: Urshifu\n|move|p1a: Perturabo|Psycho Cut|p2a: Marshadow\n|-supereffective|p2a: Marshadow\n|-damage|p2a: Marshadow|0 fnt\n|faint|p2a: Marshadow\n|\n|upkeep\n|\n|t:|1698616789\n|switch|p2a: Kommo-o|Kommo-o, F|100\/100\n|switch|p2b: Iron Valiant|Iron Valiant|100\/100\n|-enditem|p2b: Iron Valiant|Booster Energy\n|-activate|p2b: Iron Valiant|ability: Quark Drive|[fromitem]\n|-start|p2b: Iron Valiant|quarkdrivespe\n|turn|3\n|\n|t:|1698616799\n|move|p2b: Iron Valiant|Calm Mind|p2b: Iron Valiant\n|-boost|p2b: Iron Valiant|spa|1\n|-boost|p2b: Iron Valiant|spd|1\n|move|p1b: Silent sister|Psychic|p2a: Kommo-o\n|-supereffective|p2a: Kommo-o\n|-damage|p2a: Kommo-o|27\/100\n|-zpower|p2a: Kommo-o\n|move|p2a: Kommo-o|Clangorous Soulblaze|p1a: Perturabo|[zeffect]|[spread] p1a,p1b\n|-resisted|p1a: Perturabo\n|-supereffective|p1b: Silent sister\n|-damage|p1a: Perturabo|76\/100\n|-damage|p1b: Silent sister|0 fnt\n|faint|p1b: Silent sister\n|-boost|p2a: Kommo-o|atk|1\n|-boost|p2a: Kommo-o|def|1\n|-boost|p2a: Kommo-o|spa|1\n|-boost|p2a: Kommo-o|spd|1\n|-boost|p2a: Kommo-o|spe|1\n|move|p1a: Perturabo|Reflect|p1a: Perturabo\n|-sidestart|p1: Dan07B|Reflect\n|\n|upkeep\n|\n|t:|1698616803\n|switch|p1b: Lion'el|Iron Valiant|100\/100\n|-enditem|p1b: Lion'el|Booster Energy\n|-activate|p1b: Lion'el|ability: Quark Drive|[fromitem]\n|-start|p1b: Lion'el|quarkdrivespe\n|turn|4\n|\n|t:|1698616823\n|move|p1a: Perturabo|Bullet Punch|p2b: Iron Valiant\n|-supereffective|p2b: Iron Valiant\n|-damage|p2b: Iron Valiant|24\/100\n|move|p2b: Iron Valiant|Moonblast|p1b: Lion'el\n|-supereffective|p1b: Lion'el\n|-damage|p1b: Lion'el|0 fnt\n|faint|p1b: Lion'el\n|-end|p1b: Lion'el|Quark Drive|[silent]\n|move|p2a: Kommo-o|Flamethrower|p1a: Perturabo\n|-supereffective|p1a: Perturabo\n|-damage|p1a: Perturabo|9\/100\n|\n|upkeep\n|\n|t:|1698616825\n|switch|p1b: Leman Russ|Lycanroc-Dusk, M, shiny|100\/100\n|turn|5\n|\n|t:|1698616845\n|move|p1a: Perturabo|Bullet Punch|p2b: Iron Valiant\n|-supereffective|p2b: Iron Valiant\n|-damage|p2b: Iron Valiant|0 fnt\n|faint|p2b: Iron Valiant\n|-end|p2b: Iron Valiant|Quark Drive|[silent]\n|move|p2a: Kommo-o|Clanging Scales|p1a: Perturabo|[spread] p1a,p1b\n|-resisted|p1a: Perturabo\n|-damage|p1a: Perturabo|0 fnt\n|-damage|p1b: Leman Russ|17\/100\n|faint|p1a: Perturabo\n|-unboost|p2a: Kommo-o|def|1\n|move|p1b: Leman Russ|Psychic Fangs|p2a: Kommo-o\n|-supereffective|p2a: Kommo-o\n|-damage|p2a: Kommo-o|0 fnt\n|faint|p2a: Kommo-o\n|\n|upkeep\n|c|\u2606Dan07B|Estoy muerto\n|\n|t:|1698616857\n|switch|p2b: Sneasler|Sneasler, M|100\/100\n|switch|p2a: Zamazenta|Zamazenta|100\/100\n|-ability|p2a: Zamazenta|Dauntless Shield|boost\n|-boost|p2a: Zamazenta|def|1\n|-item|p2b: Sneasler|Air Balloon\n|turn|6\n|\n|t:|1698616871\n|move|p2b: Sneasler|Fake Out|p1b: Leman Russ\n|-resisted|p1b: Leman Russ\n|-damage|p1b: Leman Russ|9\/100\n|move|p2a: Zamazenta|Iron Defense|p2a: Zamazenta\n|-boost|p2a: Zamazenta|def|2\n|cant|p1b: Leman Russ|flinch\n|\n|upkeep\n|turn|7\n|c|\u2606hanagakiUBD|Ps si\n|\n|t:|1698616876\n|move|p2a: Zamazenta|Iron Defense|p2a: Zamazenta\n|-boost|p2a: Zamazenta|def|2\n|-zpower|p1b: Leman Russ\n|move|p1b: Leman Russ|Twinkle Tackle|p2b: Sneasler|[zeffect]\n|-damage|p2b: Sneasler|9\/100\n|-enditem|p2b: Sneasler|Air Balloon\n|move|p2b: Sneasler|Swords Dance|p2b: Sneasler\n|-boost|p2b: Sneasler|atk|2\n|\n|-sideend|p1: Dan07B|Reflect\n|upkeep\n|turn|8\n|\n|t:|1698616884\n|move|p1b: Leman Russ|Quick Attack|p2b: Sneasler\n|-damage|p2b: Sneasler|0 fnt\n|faint|p2b: Sneasler\n|move|p2a: Zamazenta|Iron Defense|p2a: Zamazenta\n|-boost|p2a: Zamazenta|def|1\n|\n|upkeep\n|turn|9\n|\n|t:|1698616891\n|move|p2a: Zamazenta|Body Press|p1b: Leman Russ\n|-supereffective|p1b: Leman Russ\n|-damage|p1b: Leman Russ|0 fnt\n|faint|p1b: Leman Russ\n|\n|win|hanagakiUBD\n","uploadtime":1698616895,"views":8,"p1id":"dan07b","p2id":"hanagakiubd","formatid":"gen9nationaldexdoubles","rating":0,"private":0,"password":""}