{"id":"gen9nationaldexdoubles-1998864741","p1":"Jyu dt Ok fu","p2":"bibleisreal20994","format":"[Gen 9] National Dex Doubles","log":"|j|\u2606Jyu dt Ok fu\n|j|\u2606bibleisreal20994\n|t:|1701005344\n|gametype|doubles\n|player|p1|Jyu dt Ok fu|lucas|1000\n|player|p2|bibleisreal20994|ingo|1290\n|teamsize|p1|6\n|teamsize|p2|6\n|gen|9\n|tier|[Gen 9] National Dex Doubles\n|rated|\n|rule|HP Percentage Mod: HP is shown in percentages\n|rule|Endless Battle Clause: Forcing endless battles is banned\n|rule|OHKO Clause: OHKO moves are banned\n|rule|Evasion Moves Clause: Evasion moves are banned\n|rule|Evasion Abilities Clause: Evasion abilities are banned\n|rule|Species Clause: Limit one of each Pok\u00e9mon\n|rule|Gravity Sleep Clause: The combination of sleep-inducing moves with imperfect accuracy and Gravity or Gigantamax Orbeetle are banned\n|clearpoke\n|poke|p1|Indeedee, M|\n|poke|p1|Deoxys-Attack|\n|poke|p1|Typhlosion, F|\n|poke|p1|Kartana|\n|poke|p1|Murkrow, F|\n|poke|p1|Shuckle, M|\n|poke|p2|Slowbro-Galar, M|\n|poke|p2|Indeedee-F, F|\n|poke|p2|Throh, M|\n|poke|p2|Crabominable, M|\n|poke|p2|Alakazam, M|\n|poke|p2|Oranguru, M|\n|teampreview\n|inactive|Battle timer is ON: inactive players will automatically lose when time's up. (requested by bibleisreal20994)\n|inactive|Jyu dt Ok fu has 120 seconds left.\n|\n|t:|1701005386\n|start\n|switch|p1a: Indeedee|Indeedee, M|100\/100\n|switch|p1b: Typhlosion|Typhlosion, F|100\/100\n|switch|p2a: Slowbro|Slowbro-Galar, M|100\/100\n|switch|p2b: Indeedee|Indeedee-F, F|100\/100\n|-fieldstart|move: Psychic Terrain|[from] ability: Psychic Surge|[of] p1a: Indeedee\n|turn|1\n|\n|t:|1701005407\n|-terastallize|p1b: Typhlosion|Fire\n|move|p1b: Typhlosion|Eruption|p2b: Indeedee|[spread] p2a,p2b\n|-damage|p2a: Slowbro|26\/100\n|-damage|p2b: Indeedee|44\/100\n|-enditem|p2a: Slowbro|Sitrus Berry|[eat]\n|-heal|p2a: Slowbro|51\/100|[from] item: Sitrus Berry\n|-enditem|p2b: Indeedee|Eject Button\n|\n|t:|1701005416\n|switch|p2b: Throh|Throh, M|100\/100\n|move|p1a: Indeedee|Hyper Voice|p2a: Slowbro|[spread] p2a,p2b\n|-damage|p2a: Slowbro|17\/100\n|-damage|p2b: Throh|76\/100\n|move|p2a: Slowbro|Trick Room|p2a: Slowbro\n|-fieldstart|move: Trick Room|[of] p2a: Slowbro\n|\n|upkeep\n|turn|2\n|\n|t:|1701005442\n|switch|p1a: Murkrow|Murkrow, F|100\/100\n|switch|p1b: Shuckle|Shuckle, M|100\/100\n|move|p2a: Slowbro|Drain Punch|p1b: Shuckle\n|-damage|p1b: Shuckle|86\/100\n|-heal|p2a: Slowbro|22\/100|[from] drain|[of] p1b: Shuckle\n|move|p2b: Throh|Mat Block||[still]\n|-fail|p2b: Throh\n|\n|upkeep\n|turn|3\n|inactive|Jyu dt Ok fu has 120 seconds left.\n|\n|t:|1701005487\n|move|p1a: Murkrow|Haze|p1a: Murkrow\n|-clearallboost\n|move|p1b: Shuckle|Toxic|p2b: Throh\n|-status|p2b: Throh|tox\n|move|p2a: Slowbro|Drain Punch|p1b: Shuckle\n|-damage|p1b: Shuckle|73\/100\n|-heal|p2a: Slowbro|27\/100|[from] drain|[of] p1b: Shuckle\n|move|p2b: Throh|Superpower|p1b: Shuckle\n|-damage|p1b: Shuckle|48\/100\n|-unboost|p2b: Throh|atk|1\n|-unboost|p2b: Throh|def|1\n|-enditem|p2b: Throh|Eject Pack\n|\n|t:|1701005510\n|switch|p2b: Crabominable|Crabominable, M|100\/100\n|\n|upkeep\n|turn|4\n|inactive|Jyu dt Ok fu has 120 seconds left.\n|\n|t:|1701005535\n|switch|p2a: Throh|Throh, M|76\/100 tox\n|move|p1a: Murkrow|Taunt|p2b: Crabominable\n|-activate|p2b: Crabominable|move: Psychic Terrain\n|move|p1b: Shuckle|Power Split|p2b: Crabominable\n|-activate|p1b: Shuckle|move: Power Split|[of] p2b: Crabominable\n|move|p2b: Crabominable|Ice Hammer|p1a: Murkrow\n|-supereffective|p1a: Murkrow\n|-damage|p1a: Murkrow|13\/100\n|-unboost|p2b: Crabominable|spe|1\n|\n|-damage|p2a: Throh|70\/100 tox|[from] psn\n|upkeep\n|turn|5\n|inactive|Jyu dt Ok fu has 120 seconds left.\n|\n|t:|1701005569\n|move|p1a: Murkrow|Perish Song|p1a: Murkrow\n|-start|p1a: Murkrow|perish3|[silent]\n|-start|p1b: Shuckle|perish3|[silent]\n|-activate|p2a: Throh|move: Psychic Terrain\n|-activate|p2b: Crabominable|move: Psychic Terrain\n|-fieldactivate|move: Perish Song\n|move|p1b: Shuckle|Toxic|p2b: Crabominable\n|-status|p2b: Crabominable|tox\n|move|p2b: Crabominable|Drain Punch|p1a: Murkrow\n|-damage|p1a: Murkrow|0 fnt\n|faint|p1a: Murkrow\n|move|p2a: Throh|Storm Throw|p1b: Shuckle\n|-crit|p1b: Shuckle\n|-damage|p1b: Shuckle|30\/100\n|\n|-damage|p2b: Crabominable|94\/100 tox|[from] psn\n|-damage|p2a: Throh|58\/100 tox|[from] psn\n|-start|p1b: Shuckle|perish3\n|-fieldend|move: Trick Room\n|-fieldend|move: Psychic Terrain\n|upkeep\n|\n|t:|1701005590\n|switch|p1a: Indeedee|Indeedee, M|100\/100\n|-fieldstart|move: Psychic Terrain|[from] ability: Psychic Surge|[of] p1a: Indeedee\n|turn|6\n|inactive|Jyu dt Ok fu has 120 seconds left.\n|\n|t:|1701005598\n|switch|p1b: Typhlosion|Typhlosion, F, tera:Fire|100\/100\n|move|p2a: Throh|Wide Guard|p2a: Throh\n|-singleturn|p2a: Throh|Wide Guard\n|move|p1a: Indeedee|Expanding Force|p2b: Crabominable|[spread] \n|-activate|p2a: Throh|move: Wide Guard\n|-activate|p2b: Crabominable|move: Wide Guard\n|move|p2b: Crabominable|Brutal Swing|p1a: Indeedee|[spread] p1a,p1b\n|-activate|p2a: Throh|move: Wide Guard\n|-supereffective|p1a: Indeedee\n|-crit|p1b: Typhlosion\n|-damage|p1a: Indeedee|62\/100\n|-damage|p1b: Typhlosion|80\/100\n|\n|-damage|p2a: Throh|40\/100 tox|[from] psn\n|-damage|p2b: Crabominable|82\/100 tox|[from] psn\n|upkeep\n|turn|7\n|\n|t:|1701005611\n|move|p2a: Throh|Wide Guard|p2a: Throh\n|-singleturn|p2a: Throh|Wide Guard\n|move|p1b: Typhlosion|Flamethrower|p2b: Crabominable\n|-supereffective|p2b: Crabominable\n|-damage|p2b: Crabominable|0 fnt\n|faint|p2b: Crabominable\n|move|p1a: Indeedee|Expanding Force|p2a: Throh\n|-activate|p2a: Throh|move: Wide Guard\n|\n|-damage|p2a: Throh|16\/100 tox|[from] psn\n|upkeep\n|\n|t:|1701005619\n|switch|p2b: Alakazam|Alakazam, M|100\/100\n|turn|8\n|\n|t:|1701005630\n|detailschange|p2b: Alakazam|Alakazam-Mega, M\n|-mega|p2b: Alakazam|Alakazam|Alakazite\n|-ability|p2b: Alakazam|Blaze|[from] ability: Trace|[of] p1b: Typhlosion\n|move|p2a: Throh|Wide Guard|p2a: Throh\n|-singleturn|p2a: Throh|Wide Guard\n|move|p1b: Typhlosion|Flamethrower|p2b: Alakazam\n|-damage|p2b: Alakazam|32\/100\n|move|p2b: Alakazam|Expanding Force|p1b: Typhlosion|[spread] p1a,p1b\n|-resisted|p1a: Indeedee\n|-damage|p1a: Indeedee|10\/100\n|-damage|p1b: Typhlosion|0 fnt\n|faint|p1b: Typhlosion\n|move|p1a: Indeedee|Expanding Force|p2b: Alakazam|[spread] \n|-activate|p2a: Throh|move: Wide Guard\n|-activate|p2b: Alakazam|move: Wide Guard\n|\n|-damage|p2a: Throh|0 fnt|[from] psn\n|faint|p2a: Throh\n|upkeep\n|inactive|Jyu dt Ok fu has 120 seconds left.\n|\n|t:|1701005680\n|switch|p1b: Deoxys|Deoxys-Attack|100\/100\n|switch|p2a: Indeedee|Indeedee-F, F|44\/100\n|-ability|p1b: Deoxys|Pressure\n|turn|9\n|inactive|Jyu dt Ok fu has 120 seconds left.\n|\n|t:|1701005710\n|move|p2a: Indeedee|Follow Me|p2a: Indeedee\n|-singleturn|p2a: Indeedee|move: Follow Me\n|move|p1b: Deoxys|Taunt|p2a: Indeedee\n|-start|p2a: Indeedee|move: Taunt\n|move|p2b: Alakazam|Expanding Force|p1a: Indeedee|[spread] p1a,p1b\n|-resisted|p1a: Indeedee\n|-resisted|p1b: Deoxys\n|-damage|p1a: Indeedee|0 fnt\n|-enditem|p1b: Deoxys|Focus Sash\n|-damage|p1b: Deoxys|1\/100\n|faint|p1a: Indeedee\n|\n|upkeep\n|\n|t:|1701005717\n|switch|p1a: Kartana|Kartana|100\/100\n|turn|10\n|inactive|Jyu dt Ok fu has 90 seconds left.\n|\n|t:|1701005775\n|switch|p2a: Slowbro|Slowbro-Galar, M|27\/100\n|move|p1a: Kartana|Smart Strike|p2b: Alakazam\n|-damage|p2b: Alakazam|0 fnt\n|faint|p2b: Alakazam\n|-ability|p1a: Kartana|Beast Boost|boost\n|-boost|p1a: Kartana|atk|1\n|move|p1b: Deoxys|Psyshock|p2a: Slowbro\n|-damage|p2a: Slowbro|0 fnt\n|faint|p2a: Slowbro\n|\n|-fieldend|move: Psychic Terrain\n|upkeep\n|\n|t:|1701005784\n|switch|p2b: Indeedee|Indeedee-F, F|44\/100\n|switch|p2a: Oranguru|Oranguru, M|100\/100\n|-fieldstart|move: Psychic Terrain|[from] ability: Psychic Surge|[of] p2b: Indeedee\n|turn|11\n|inactive|Jyu dt Ok fu has 90 seconds left.\n|\n|t:|1701005798\n|move|p1a: Kartana|Smart Strike|p2b: Indeedee\n|-damage|p2b: Indeedee|0 fnt\n|faint|p2b: Indeedee\n|-ability|p1a: Kartana|Beast Boost|boost\n|-boost|p1a: Kartana|atk|1\n|move|p1b: Deoxys|Psyshock|p2a: Oranguru\n|-resisted|p2a: Oranguru\n|-damage|p2a: Oranguru|73\/100\n|-zpower|p2a: Oranguru\n|move|p2a: Oranguru|Z-Trick Room|p2a: Oranguru|[anim]Trick Room\n|-boost|p2a: Oranguru|accuracy|1|[zeffect]\n|-fieldstart|move: Trick Room|[of] p2a: Oranguru\n|\n|upkeep\n|turn|12\n|inactive|Jyu dt Ok fu has 90 seconds left.\n|\n|t:|1701005820\n|move|p2a: Oranguru|Expanding Force|p1a: Kartana|[spread] p1a,p1b\n|-resisted|p1a: Kartana\n|-resisted|p1b: Deoxys\n|-damage|p1a: Kartana|45\/100\n|-damage|p1b: Deoxys|0 fnt\n|faint|p1b: Deoxys\n|move|p1a: Kartana|Smart Strike|p2a: Oranguru\n|-damage|p2a: Oranguru|0 fnt\n|faint|p2a: Oranguru\n|\n|win|Jyu dt Ok fu\n|raw|Jyu dt Ok fu's rating: 1000 &rarr; <strong>1067<\/strong><br \/>(+67 for winning)\n|raw|bibleisreal20994's rating: 1290 &rarr; <strong>1248<\/strong><br \/>(-42 for losing)\n|l|\u2606bibleisreal20994\n","uploadtime":1701005837,"views":0,"p1id":"jyudtokfu","p2id":"bibleisreal20994","formatid":"gen9nationaldexdoubles","rating":1067,"private":0,"password":""}