{"id":"gen9nationaldexdoubles-1975467393","p1":"Maybebetterthanu","p2":"Wiselin8","format":"[Gen 9] National Dex Doubles","log":"|j|\u2606Maybebetterthanu\n|j|\u2606Wiselin8\n|t:|1698194504\n|gametype|doubles\n|player|p1|Maybebetterthanu|fantina|\n|player|p2|Wiselin8|gentleman-gen4|\n|teamsize|p1|6\n|teamsize|p2|6\n|gen|9\n|tier|[Gen 9] National Dex Doubles\n|rule|HP Percentage Mod: HP is shown in percentages\n|rule|Endless Battle Clause: Forcing endless battles is banned\n|rule|OHKO Clause: OHKO moves are banned\n|rule|Evasion Moves Clause: Evasion moves are banned\n|rule|Evasion Abilities Clause: Evasion abilities are banned\n|rule|Species Clause: Limit one of each Pok\u00e9mon\n|rule|Gravity Sleep Clause: The combination of sleep-inducing moves with imperfect accuracy and Gravity or Gigantamax Orbeetle are banned\n|clearpoke\n|poke|p1|Gliscor, M|\n|poke|p1|Furret, F|\n|poke|p1|Murkrow, M|\n|poke|p1|Ogerpon-Cornerstone, F|\n|poke|p1|Magnezone|\n|poke|p1|Darmanitan, M|\n|poke|p2|Golurk|\n|poke|p2|Volcanion|\n|poke|p2|Golisopod, M|\n|poke|p2|Corviknight, F|\n|poke|p2|Alakazam, F|\n|poke|p2|Beedrill, M|\n|teampreview\n|\n|t:|1698194528\n|start\n|switch|p1a: Mouthwash|Gliscor, M|100\/100\n|switch|p1b: Fwrym|Furret, F|100\/100\n|switch|p2a: Golurk|Golurk, shiny|100\/100\n|switch|p2b: Corviknight|Corviknight, F|100\/100\n|-item|p2a: Golurk|Sticky Barb|[from] ability: Frisk|[of] p1b: Fwrym|[identify]\n|-item|p2b: Corviknight|Light Clay|[from] ability: Frisk|[of] p1b: Fwrym|[identify]\n|turn|1\n|j| landlord79\n|j| Krishy2007\n|\n|t:|1698194543\n|move|p1b: Fwrym|Follow Me|p1b: Fwrym\n|-singleturn|p1b: Fwrym|move: Follow Me\n|move|p1a: Mouthwash|Swords Dance|p1a: Mouthwash\n|-boost|p1a: Mouthwash|atk|2\n|move|p2a: Golurk|Earthquake|p1a: Mouthwash|[spread] p1b\n|-immune|p2b: Corviknight\n|-immune|p1a: Mouthwash\n|-damage|p1b: Fwrym|52\/100\n|move|p2b: Corviknight|Taunt|p1b: Fwrym\n|-start|p1b: Fwrym|move: Taunt\n|\n|-status|p1a: Mouthwash|tox|[from] item: Toxic Orb\n|upkeep\n|turn|2\n|\n|t:|1698194588\n|move|p1a: Mouthwash|Knock Off|p2a: Golurk\n|-supereffective|p2a: Golurk\n|-damage|p2a: Golurk|0 fnt\n|-enditem|p2a: Golurk|Sticky Barb|[from] move: Knock Off|[of] p1a: Mouthwash\n|faint|p2a: Golurk\n|move|p1b: Fwrym|U-turn|p2b: Corviknight\n|-resisted|p2b: Corviknight\n|-damage|p2b: Corviknight|99\/100\n|\n|t:|1698194595\n|switch|p1b: Robocop|Magnezone|100\/100|[from] U-turn\n|-item|p1b: Robocop|Air Balloon\n|move|p2b: Corviknight|Reflect|p2b: Corviknight\n|-sidestart|p2: Wiselin8|Reflect\n|\n|upkeep\n|\n|t:|1698194645\n|switch|p2a: Golisopod|Golisopod, M, shiny|100\/100\n|turn|3\n|\n|t:|1698194701\n|move|p1a: Mouthwash|Knock Off|p2a: Golisopod\n|-damage|p2a: Golisopod|72\/100\n|-enditem|p2a: Golisopod|Heavy-Duty Boots|[from] move: Knock Off|[of] p1a: Mouthwash\n|move|p2b: Corviknight|Light Screen|p2b: Corviknight\n|-sidestart|p2: Wiselin8|move: Light Screen\n|move|p2a: Golisopod|Knock Off|p1a: Mouthwash\n|-damage|p1a: Mouthwash|67\/100 tox\n|-enditem|p1a: Mouthwash|Toxic Orb|[from] move: Knock Off|[of] p2a: Golisopod\n|move|p1b: Robocop|Thunderbolt|p2a: Golisopod\n|-supereffective|p2a: Golisopod\n|-damage|p2a: Golisopod|0 fnt\n|faint|p2a: Golisopod\n|\n|-heal|p1a: Mouthwash|79\/100 tox|[from] ability: Poison Heal\n|upkeep\n|\n|t:|1698194728\n|switch|p2a: Beedrill|Beedrill, M, shiny|100\/100\n|turn|4\n|\n|t:|1698194794\n|detailschange|p2a: Beedrill|Beedrill-Mega, M, shiny\n|-mega|p2a: Beedrill|Beedrill|Beedrillite\n|move|p2a: Beedrill|Drill Run|p1a: Mouthwash\n|-immune|p1a: Mouthwash\n|move|p1a: Mouthwash|Knock Off|p2b: Corviknight\n|-damage|p2b: Corviknight|75\/100\n|-enditem|p2b: Corviknight|Light Clay|[from] move: Knock Off|[of] p1a: Mouthwash\n|move|p2b: Corviknight|U-turn|p1b: Robocop\n|-resisted|p1b: Robocop\n|-damage|p1b: Robocop|95\/100\n|-enditem|p1b: Robocop|Air Balloon\n|\n|t:|1698194816\n|switch|p2b: Alakazam|Alakazam, F|100\/100|[from] U-turn\n|move|p1b: Robocop|Thunderbolt|p2b: Alakazam\n|-damage|p2b: Alakazam|51\/100\n|\n|-heal|p1a: Mouthwash|92\/100 tox|[from] ability: Poison Heal\n|upkeep\n|turn|5\n|\n|t:|1698194842\n|move|p2a: Beedrill|Drill Run|p1b: Robocop\n|-supereffective|p1b: Robocop\n|-damage|p1b: Robocop|0 fnt\n|faint|p1b: Robocop\n|move|p2b: Alakazam|Focus Blast|p1a: Mouthwash|[miss]\n|-miss|p2b: Alakazam|p1a: Mouthwash\n|move|p1a: Mouthwash|Knock Off|p2b: Alakazam\n|-supereffective|p2b: Alakazam\n|-damage|p2b: Alakazam|0 fnt\n|-enditem|p2b: Alakazam|Focus Sash|[from] move: Knock Off|[of] p1a: Mouthwash\n|faint|p2b: Alakazam\n|\n|-heal|p1a: Mouthwash|100\/100 tox|[from] ability: Poison Heal\n|upkeep\n|\n|t:|1698194867\n|switch|p2b: Volcanion|Volcanion|100\/100\n|switch|p1b: Pimp Jr.|Murkrow, M, shiny|100\/100\n|turn|6\n|\n|t:|1698194888\n|move|p1b: Pimp Jr.|Tailwind|p1b: Pimp Jr.\n|-sidestart|p1: Maybebetterthanu|move: Tailwind\n|move|p1a: Mouthwash|Earthquake|p2b: Volcanion|[spread] p2a,p2b\n|-immune|p1b: Pimp Jr.\n|-supereffective|p2b: Volcanion\n|-damage|p2a: Beedrill|0 fnt\n|-damage|p2b: Volcanion|35\/100\n|faint|p2a: Beedrill\n|move|p2b: Volcanion|Heat Wave|p1a: Mouthwash|[spread] p1a,p1b\n|-damage|p1a: Mouthwash|42\/100 tox\n|-damage|p1b: Pimp Jr.|42\/100\n|\n|-heal|p1a: Mouthwash|55\/100 tox|[from] ability: Poison Heal\n|upkeep\n|\n|t:|1698194901\n|switch|p2a: Corviknight|Corviknight, F|75\/100\n|turn|7\n|\n|t:|1698194921\n|move|p1a: Mouthwash|Earthquake|p2b: Volcanion|[spread] p2b\n|-immune|p1b: Pimp Jr.\n|-immune|p2a: Corviknight\n|-supereffective|p2b: Volcanion\n|-damage|p2b: Volcanion|0 fnt\n|faint|p2b: Volcanion\n|move|p1b: Pimp Jr.|Foul Play|p2a: Corviknight\n|-damage|p2a: Corviknight|63\/100\n|move|p2a: Corviknight|U-turn|p1a: Mouthwash\n|-resisted|p1a: Mouthwash\n|-damage|p1a: Mouthwash|48\/100 tox\n|\n|-heal|p1a: Mouthwash|61\/100 tox|[from] ability: Poison Heal\n|upkeep\n|turn|8\n|\n|t:|1698194948\n|move|p1a: Mouthwash|Knock Off|p2a: Corviknight\n|-damage|p2a: Corviknight|48\/100\n|move|p1b: Pimp Jr.|Foul Play|p2a: Corviknight\n|-damage|p2a: Corviknight|35\/100\n|move|p2a: Corviknight|U-turn|p1b: Pimp Jr.\n|-damage|p1b: Pimp Jr.|30\/100\n|\n|-heal|p1a: Mouthwash|73\/100 tox|[from] ability: Poison Heal\n|upkeep\n|turn|9\n|\n|t:|1698194981\n|switch|p1b: MONKEY TIME|Darmanitan, M|100\/100\n|move|p1a: Mouthwash|Knock Off|p2a: Corviknight\n|-damage|p2a: Corviknight|19\/100\n|move|p2a: Corviknight|U-turn|p1b: MONKEY TIME\n|-resisted|p1b: MONKEY TIME\n|-damage|p1b: MONKEY TIME|90\/100\n|\n|-heal|p1a: Mouthwash|85\/100 tox|[from] ability: Poison Heal\n|-sideend|p2: Wiselin8|Reflect\n|-sideend|p1: Maybebetterthanu|move: Tailwind\n|upkeep\n|turn|10\n|\n|t:|1698194995\n|move|p1a: Mouthwash|Swords Dance|p1a: Mouthwash\n|-boost|p1a: Mouthwash|atk|2\n|move|p1b: MONKEY TIME|Flare Blitz|p2a: Corviknight\n|-supereffective|p2a: Corviknight\n|-damage|p2a: Corviknight|0 fnt\n|faint|p2a: Corviknight\n|-damage|p1b: MONKEY TIME|83\/100|[from] Recoil\n|\n|win|Maybebetterthanu\n|c|\u2606Maybebetterthanu|gg\n","uploadtime":1698195006,"views":16,"p1id":"maybebetterthanu","p2id":"wiselin8","formatid":"gen9nationaldexdoubles","rating":0,"private":0,"password":""}