{"id":"gen9nationaldexdoubles-1964495432","p1":"OEEM67","p2":"Sc4rletQu33n","format":"[Gen 9] National Dex Doubles","log":"|j|\u2606OEEM67\n|j|\u2606Sc4rletQu33n\n|t:|1696973788\n|gametype|doubles\n|player|p1|OEEM67|psychic-gen4|1030\n|player|p2|Sc4rletQu33n|cynthia-gen4|1049\n|teamsize|p1|6\n|teamsize|p2|6\n|gen|9\n|tier|[Gen 9] National Dex Doubles\n|rated|\n|rule|HP Percentage Mod: HP is shown in percentages\n|rule|Endless Battle Clause: Forcing endless battles is banned\n|rule|OHKO Clause: OHKO moves are banned\n|rule|Evasion Moves Clause: Evasion moves are banned\n|rule|Evasion Abilities Clause: Evasion abilities are banned\n|rule|Species Clause: Limit one of each Pok\u00e9mon\n|rule|Gravity Sleep Clause: The combination of sleep-inducing moves with imperfect accuracy and Gravity or Gigantamax Orbeetle are banned\n|clearpoke\n|poke|p1|Alakazam, F|\n|poke|p1|Slowbro, F|\n|poke|p1|Jynx, F|\n|poke|p1|Mr. Mime, M|\n|poke|p1|Gardevoir, M|\n|poke|p1|Porygon2|\n|poke|p2|Medicham, F|\n|poke|p2|Regigigas|\n|poke|p2|Landorus-Therian, M|\n|poke|p2|Venusaur, M|\n|poke|p2|Incineroar, F|\n|poke|p2|Basculegion-F, F|\n|teampreview\n|c|\u2606Sc4rletQu33n|There's no way I just ran into Sabrina from RBY..\n|\n|t:|1696973820\n|start\n|switch|p1a: Porygon2|Porygon2|100\/100\n|switch|p1b: Slowbro|Slowbro, F|100\/100\n|switch|p2a: Venusaur|Venusaur, M|100\/100\n|switch|p2b: Incineroar|Incineroar, F|100\/100\n|-ability|p1a: Porygon2|Overgrow|[from] ability: Trace|[of] p2a: Venusaur\n|-ability|p2b: Incineroar|Intimidate|boost\n|-unboost|p1a: Porygon2|atk|1\n|-unboost|p1b: Slowbro|atk|1\n|turn|1\n|\n|t:|1696973838\n|detailschange|p2a: Venusaur|Venusaur-Mega, M\n|-mega|p2a: Venusaur|Venusaur|Venusaurite\n|move|p2a: Venusaur|Grass Pledge|p1b: Slowbro\n|-waiting|p2a: Venusaur|p2b: Incineroar\n|move|p2b: Incineroar|Fire Pledge|p1b: Slowbro|[from]move: Grass Pledge\n|-combine\n|-resisted|p1b: Slowbro\n|-damage|p1b: Slowbro|73\/100\n|-sidestart|p1: OEEM67|Fire Pledge\n|move|p1b: Slowbro|Nasty Plot|p1b: Slowbro\n|-boost|p1b: Slowbro|spa|2\n|move|p1a: Porygon2|Trick Room|p1a: Porygon2\n|-fieldstart|move: Trick Room|[of] p1a: Porygon2\n|\n|-damage|p1b: Slowbro|61\/100|[from] Fire Pledge\n|-heal|p1b: Slowbro|67\/100|[from] item: Leftovers\n|-damage|p1a: Porygon2|88\/100|[from] Fire Pledge\n|-heal|p1a: Porygon2|94\/100|[from] item: Leftovers\n|upkeep\n|turn|2\n|\n|t:|1696973871\n|move|p1b: Slowbro|Hydro Pump|p2b: Incineroar\n|-supereffective|p2b: Incineroar\n|-damage|p2b: Incineroar|0 fnt\n|faint|p2b: Incineroar\n|move|p1a: Porygon2|Psychic|p2a: Venusaur\n|-supereffective|p2a: Venusaur\n|-damage|p2a: Venusaur|52\/100\n|-unboost|p2a: Venusaur|spd|1\n|move|p2a: Venusaur|Toxic|p1a: Porygon2\n|-status|p1a: Porygon2|tox\n|\n|-damage|p1b: Slowbro|55\/100|[from] Fire Pledge\n|-heal|p1b: Slowbro|61\/100|[from] item: Leftovers\n|-damage|p1a: Porygon2|82\/100 tox|[from] Fire Pledge\n|-heal|p1a: Porygon2|88\/100 tox|[from] item: Leftovers\n|-damage|p1a: Porygon2|82\/100 tox|[from] psn\n|upkeep\n|\n|t:|1696973882\n|switch|p2b: Basculegion|Basculegion-F, F|100\/100\n|turn|3\n|\n|t:|1696973896\n|move|p1b: Slowbro|Flamethrower|p2a: Venusaur\n|-supereffective|p2a: Venusaur\n|-damage|p2a: Venusaur|0 fnt\n|faint|p2a: Venusaur\n|move|p1a: Porygon2|Shadow Ball|p2b: Basculegion\n|-supereffective|p2b: Basculegion\n|-damage|p2b: Basculegion|51\/100\n|move|p2b: Basculegion|Crunch|p1b: Slowbro\n|-supereffective|p1b: Slowbro\n|-damage|p1b: Slowbro|24\/100\n|\n|-damage|p1b: Slowbro|12\/100|[from] Fire Pledge\n|-heal|p1b: Slowbro|18\/100|[from] item: Leftovers\n|-damage|p1a: Porygon2|70\/100 tox|[from] Fire Pledge\n|-heal|p1a: Porygon2|76\/100 tox|[from] item: Leftovers\n|-damage|p1a: Porygon2|64\/100 tox|[from] psn\n|upkeep\n|\n|t:|1696973913\n|switch|p2a: Landorus|Landorus-Therian, M|100\/100\n|-ability|p2a: Landorus|Intimidate|boost\n|-unboost|p1a: Porygon2|atk|1\n|-unboost|p1b: Slowbro|atk|1\n|turn|4\n|\n|t:|1696973926\n|move|p1b: Slowbro|Hydro Pump|p2a: Landorus|[miss]\n|-miss|p1b: Slowbro|p2a: Landorus\n|move|p1a: Porygon2|Shadow Ball|p2b: Basculegion\n|-supereffective|p2b: Basculegion\n|-damage|p2b: Basculegion|3\/100\n|move|p2a: Landorus|Knock Off|p1a: Porygon2\n|-damage|p1a: Porygon2|27\/100 tox\n|-enditem|p1a: Porygon2|Leftovers|[from] move: Knock Off|[of] p2a: Landorus\n|move|p2b: Basculegion|Crunch|p1b: Slowbro\n|-supereffective|p1b: Slowbro\n|-damage|p1b: Slowbro|0 fnt\n|faint|p1b: Slowbro\n|\n|-damage|p1a: Porygon2|15\/100 tox|[from] Fire Pledge\n|-damage|p1a: Porygon2|0 fnt|[from] psn\n|faint|p1a: Porygon2\n|-sideend|p1: OEEM67|Fire Pledge\n|upkeep\n|\n|t:|1696973955\n|switch|p1b: Mr. Mime|Mr. Mime, M|100\/100\n|switch|p1a: Jynx|Jynx, F|100\/100\n|turn|5\n|\n|t:|1696973971\n|move|p1b: Mr. Mime|Psychic|p2b: Basculegion\n|-damage|p2b: Basculegion|0 fnt\n|faint|p2b: Basculegion\n|move|p2a: Landorus|U-turn|p1b: Mr. Mime\n|-damage|p1b: Mr. Mime|57\/100\n|\n|t:|1696973977\n|switch|p2a: Medicham|Medicham, F|100\/100|[from] U-turn\n|move|p1a: Jynx|Wish|p1a: Jynx\n|\n|-fieldend|move: Trick Room\n|upkeep\n|\n|t:|1696973979\n|switch|p2b: Regigigas|Regigigas|100\/100\n|-start|p2b: Regigigas|ability: Slow Start\n|turn|6\n|\n|t:|1696973993\n|-terastallize|p2b: Regigigas|Normal\n|move|p2a: Medicham|Skill Swap|p2b: Regigigas\n|-activate|p2a: Medicham|move: Skill Swap|||[of] p2b: Regigigas\n|-end|p2b: Regigigas|Slow Start|[silent]\n|-start|p2a: Medicham|ability: Slow Start\n|move|p2b: Regigigas|Return|p1a: Jynx\n|-damage|p1a: Jynx|0 fnt\n|faint|p1a: Jynx\n|move|p1b: Mr. Mime|Trick Room|p1b: Mr. Mime\n|-fieldstart|move: Trick Room|[of] p1b: Mr. Mime\n|\n|upkeep\n|\n|t:|1696974007\n|switch|p1a: Gardevoir|Gardevoir, M|100\/100\n|turn|7\n|\n|t:|1696974024\n|move|p2a: Medicham|Bullet Punch|p1b: Mr. Mime\n|-supereffective|p1b: Mr. Mime\n|-damage|p1b: Mr. Mime|48\/100\n|move|p1b: Mr. Mime|Mystical Fire|p2a: Medicham\n|-damage|p2a: Medicham|66\/100\n|-unboost|p2a: Medicham|spa|1\n|move|p1a: Gardevoir|Hyper Beam|p2b: Regigigas\n|-damage|p2b: Regigigas|65\/100\n|-mustrecharge|p1a: Gardevoir\n|move|p2b: Regigigas|Return|p1a: Gardevoir\n|-damage|p1a: Gardevoir|0 fnt\n|faint|p1a: Gardevoir\n|\n|upkeep\n|\n|t:|1696974040\n|switch|p1a: Alakazam|Alakazam, F|100\/100\n|turn|8\n|\n|t:|1696974063\n|detailschange|p1a: Alakazam|Alakazam-Mega, F\n|-mega|p1a: Alakazam|Alakazam|Alakazite\n|-start|p1a: Alakazam|ability: Slow Start\n|-ability|p1a: Alakazam|Slow Start|[from] ability: Trace|[of] p2a: Medicham\n|move|p2a: Medicham|Bullet Punch|p1b: Mr. Mime\n|-supereffective|p1b: Mr. Mime\n|-damage|p1b: Mr. Mime|39\/100\n|move|p1b: Mr. Mime|Psychic|p2b: Regigigas\n|-damage|p2b: Regigigas|41\/100\n|move|p1a: Alakazam|Psychic|p2b: Regigigas\n|-damage|p2b: Regigigas|9\/100\n|move|p2b: Regigigas|Return|p1a: Alakazam\n|-damage|p1a: Alakazam|0 fnt\n|faint|p1a: Alakazam\n|-end|p1a: Alakazam|Slow Start|[silent]\n|\n|upkeep\n|turn|9\n|\n|t:|1696974092\n|move|p2a: Medicham|Bullet Punch|p1b: Mr. Mime\n|-supereffective|p1b: Mr. Mime\n|-damage|p1b: Mr. Mime|29\/100\n|move|p1b: Mr. Mime|Psychic|p2b: Regigigas\n|-damage|p2b: Regigigas|0 fnt\n|faint|p2b: Regigigas\n|\n|upkeep\n|\n|t:|1696974095\n|switch|p2b: Landorus|Landorus-Therian, M|100\/100\n|-ability|p2b: Landorus|Intimidate|boost\n|-unboost|p1b: Mr. Mime|atk|1\n|turn|10\n|\n|t:|1696974107\n|move|p2a: Medicham|Bullet Punch|p1b: Mr. Mime\n|-supereffective|p1b: Mr. Mime\n|-damage|p1b: Mr. Mime|19\/100\n|move|p1b: Mr. Mime|Psychic|p2a: Medicham\n|-damage|p2a: Medicham|0 fnt\n|faint|p2a: Medicham\n|-end|p2a: Medicham|Slow Start|[silent]\n|move|p2b: Landorus|U-turn|p1b: Mr. Mime\n|-damage|p1b: Mr. Mime|0 fnt\n|faint|p1b: Mr. Mime\n|\n|win|Sc4rletQu33n\n|raw|OEEM67's rating: 1030 &rarr; <strong>1016<\/strong><br \/>(-14 for losing)\n|raw|Sc4rletQu33n's rating: 1049 &rarr; <strong>1080<\/strong><br \/>(+31 for winning)\n|c|\u2606Sc4rletQu33n|Ggep\n|c|\u2606Sc4rletQu33n|Wp\n|l|\u2606OEEM67\n","uploadtime":1696974130,"views":9,"p1id":"oeem67","p2id":"sc4rletqu33n","formatid":"gen9nationaldexdoubles","rating":1016,"private":0,"password":""}