{"id":"gen9nationaldexdoubles-1959125747","p1":"Asanaquarian","p2":"Darkaccino321","format":"[Gen 9] National Dex Doubles","log":"|j|\u2606Asanaquarian\n|j|\u2606Darkaccino321\n|t:|1696389461\n|gametype|doubles\n|player|p1|Asanaquarian|pokemonrangerf|1186\n|player|p2|Darkaccino321|1|1070\n|teamsize|p1|6\n|teamsize|p2|6\n|gen|9\n|tier|[Gen 9] National Dex Doubles\n|rated|\n|rule|HP Percentage Mod: HP is shown in percentages\n|rule|Endless Battle Clause: Forcing endless battles is banned\n|rule|OHKO Clause: OHKO moves are banned\n|rule|Evasion Moves Clause: Evasion moves are banned\n|rule|Evasion Abilities Clause: Evasion abilities are banned\n|rule|Species Clause: Limit one of each Pok\u00e9mon\n|rule|Gravity Sleep Clause: The combination of sleep-inducing moves with imperfect accuracy and Gravity or Gigantamax Orbeetle are banned\n|clearpoke\n|poke|p1|Serperior, M|\n|poke|p1|Reuniclus, M|\n|poke|p1|Goodra, F|\n|poke|p1|Klefki, M|\n|poke|p1|Appletun, F|\n|poke|p1|Dondozo, M|\n|poke|p2|Moltres-Galar|\n|poke|p2|Grimmsnarl, M|\n|poke|p2|Absol, M|\n|poke|p2|Incineroar, F|\n|poke|p2|Weavile, F|\n|poke|p2|Kingambit, F|\n|teampreview\n|inactive|Battle timer is ON: inactive players will automatically lose when time's up. (requested by Asanaquarian)\n|\n|t:|1696389486\n|start\n|switch|p1a: Goodra|Goodra, F|100\/100\n|switch|p1b: Reuniclus|Reuniclus, M|100\/100\n|switch|p2a: Absol|Absol, M|100\/100\n|switch|p2b: Incineroar|Incineroar, F|100\/100\n|-ability|p2a: Absol|Pressure\n|-ability|p2b: Incineroar|Intimidate|boost\n|-unboost|p1a: Goodra|atk|1\n|-unboost|p1b: Reuniclus|atk|1\n|turn|1\n|\n|t:|1696389509\n|detailschange|p2a: Absol|Absol-Mega, M\n|-mega|p2a: Absol|Absol|Absolite\n|move|p2b: Incineroar|Fake Out|p1b: Reuniclus\n|-damage|p1b: Reuniclus|93\/100\n|move|p2a: Absol|Pursuit|p1b: Reuniclus\n|-supereffective|p1b: Reuniclus\n|-damage|p1b: Reuniclus|56\/100\n|move|p1a: Goodra|Thunderbolt|p2b: Incineroar\n|-damage|p2b: Incineroar|82\/100\n|-status|p2b: Incineroar|par\n|cant|p1b: Reuniclus|flinch\n|\n|upkeep\n|turn|2\n|\n|t:|1696389529\n|move|p2a: Absol|Knock Off|p1b: Reuniclus\n|-supereffective|p1b: Reuniclus\n|-damage|p1b: Reuniclus|0 fnt\n|-enditem|p1b: Reuniclus|Life Orb|[from] move: Knock Off|[of] p2a: Absol\n|faint|p1b: Reuniclus\n|move|p1a: Goodra|Flamethrower|p2a: Absol\n|-damage|p2a: Absol|57\/100\n|move|p2b: Incineroar|Parting Shot|p1a: Goodra\n|-unboost|p1a: Goodra|atk|1\n|-unboost|p1a: Goodra|spa|1\n|\n|t:|1696389542\n|switch|p2b: Grimmsnarl|Grimmsnarl, M|100\/100|[from] Parting Shot\n|\n|upkeep\n|\n|t:|1696389546\n|switch|p1b: Klefki|Klefki, M|100\/100\n|turn|3\n|\n|t:|1696389559\n|move|p1b: Klefki|Reflect|p1b: Klefki\n|-sidestart|p1: Asanaquarian|Reflect\n|move|p2b: Grimmsnarl|Light Screen|p2b: Grimmsnarl\n|-sidestart|p2: Darkaccino321|move: Light Screen\n|move|p2a: Absol|Fire Blast|p1b: Klefki\n|-supereffective|p1b: Klefki\n|-damage|p1b: Klefki|29\/100\n|-status|p1b: Klefki|brn\n|move|p1a: Goodra|Flamethrower|p2a: Absol\n|-damage|p2a: Absol|37\/100\n|-status|p2a: Absol|brn\n|\n|-damage|p2a: Absol|31\/100 brn|[from] brn\n|-damage|p1b: Klefki|23\/100 brn|[from] brn\n|upkeep\n|turn|4\n|\n|t:|1696389579\n|move|p1b: Klefki|Light Screen|p1b: Klefki\n|-sidestart|p1: Asanaquarian|move: Light Screen\n|move|p2a: Absol|Fire Blast|p1b: Klefki\n|-supereffective|p1b: Klefki\n|-damage|p1b: Klefki|0 fnt\n|faint|p1b: Klefki\n|move|p1a: Goodra|Flamethrower|p2a: Absol\n|-damage|p2a: Absol|10\/100 brn\n|move|p2b: Grimmsnarl|Spirit Break|p1a: Goodra\n|-supereffective|p1a: Goodra\n|-damage|p1a: Goodra|52\/100\n|-unboost|p1a: Goodra|spa|1\n|-ability|p1a: Goodra|Gooey\n|-unboost|p2b: Grimmsnarl|spe|1\n|\n|-damage|p2a: Absol|5\/100 brn|[from] brn\n|upkeep\n|\n|t:|1696389596\n|switch|p1b: Serperior|Serperior, M|100\/100\n|turn|5\n|\n|t:|1696389610\n|move|p2a: Absol|Sucker Punch|p1b: Serperior\n|-damage|p1b: Serperior|84\/100\n|move|p2b: Grimmsnarl|Parting Shot|p1b: Serperior\n|-boost|p1b: Serperior|atk|1\n|-boost|p1b: Serperior|spa|1\n|\n|t:|1696389617\n|switch|p2b: Kingambit|Kingambit, F|100\/100|[from] Parting Shot\n|move|p1b: Serperior|Leaf Storm|p2b: Kingambit\n|-resisted|p2b: Kingambit\n|-damage|p2b: Kingambit|79\/100\n|-boost|p1b: Serperior|spa|2\n|move|p1a: Goodra|Thunderbolt|p2a: Absol\n|-damage|p2a: Absol|0 fnt\n|faint|p2a: Absol\n|\n|-heal|p1b: Serperior|91\/100|[from] item: Leftovers\n|upkeep\n|\n|t:|1696389622\n|switch|p2a: Incineroar|Incineroar, F|82\/100 par\n|-ability|p2a: Incineroar|Intimidate|boost\n|-unboost|p1a: Goodra|atk|1\n|-boost|p1b: Serperior|atk|1\n|turn|6\n|\n|t:|1696389636\n|-terastallize|p2b: Kingambit|Dark\n|move|p2a: Incineroar|Fake Out|p1b: Serperior\n|-damage|p1b: Serperior|81\/100\n|cant|p1b: Serperior|flinch\n|move|p1a: Goodra|Flamethrower|p2b: Kingambit\n|-damage|p2b: Kingambit|72\/100\n|move|p2b: Kingambit|Kowtow Cleave|p1b: Serperior\n|-damage|p1b: Serperior|12\/100\n|-damage|p2b: Kingambit|62\/100|[from] item: Life Orb\n|\n|-heal|p1b: Serperior|18\/100|[from] item: Leftovers\n|upkeep\n|turn|7\n|\n|t:|1696389654\n|move|p2b: Kingambit|Sucker Punch|p1b: Serperior\n|-damage|p1b: Serperior|0 fnt\n|faint|p1b: Serperior\n|-damage|p2b: Kingambit|52\/100|[from] item: Life Orb\n|move|p1a: Goodra|Draco Meteor|p2b: Kingambit|[miss]\n|-miss|p1a: Goodra|p2b: Kingambit\n|move|p2a: Incineroar|Parting Shot|p1a: Goodra\n|-unboost|p1a: Goodra|atk|1\n|-unboost|p1a: Goodra|spa|1\n|\n|t:|1696389667\n|switch|p2a: Grimmsnarl|Grimmsnarl, M|100\/100|[from] Parting Shot\n|\n|upkeep\n|\n|t:|1696389671\n|switch|p1b: Appletun|Appletun, F|100\/100\n|turn|8\n|\n|t:|1696389681\n|-end|p2b: Kingambit|fallenundefined|[silent]\n|switch|p2b: Incineroar|Incineroar, F|82\/100 par\n|-ability|p2b: Incineroar|Intimidate|boost\n|-unboost|p1a: Goodra|atk|1\n|-unboost|p1b: Appletun|atk|1\n|-terastallize|p1b: Appletun|Steel\n|move|p1a: Goodra|Draco Meteor|p2b: Incineroar\n|-damage|p2b: Incineroar|73\/100 par\n|-unboost|p1a: Goodra|spa|2\n|move|p2a: Grimmsnarl|Spirit Break|p1b: Appletun\n|-resisted|p1b: Appletun\n|-damage|p1b: Appletun|91\/100\n|-unboost|p1b: Appletun|spa|1\n|move|p1b: Appletun|Giga Drain|p2a: Grimmsnarl\n|-damage|p2a: Grimmsnarl|89\/100\n|-heal|p1b: Appletun|96\/100|[from] drain|[of] p2a: Grimmsnarl\n|\n|-heal|p1b: Appletun|100\/100|[from] item: Leftovers\n|upkeep\n|turn|9\n|\n|t:|1696389703\n|switch|p1b: Dondozo|Dondozo, M|100\/100\n|move|p2b: Incineroar|Fake Out|p1a: Goodra\n|-damage|p1a: Goodra|43\/100\n|-ability|p1a: Goodra|Gooey\n|-unboost|p2b: Incineroar|spe|1\n|move|p2a: Grimmsnarl|Parting Shot|p1b: Dondozo\n|-unboost|p1b: Dondozo|atk|1\n|-unboost|p1b: Dondozo|spa|1\n|\n|t:|1696389713\n|switch|p2a: Moltres|Moltres-Galar|100\/100|[from] Parting Shot\n|cant|p1a: Goodra|flinch\n|\n|upkeep\n|turn|10\n|\n|t:|1696389726\n|move|p2a: Moltres|Taunt|p1b: Dondozo\n|-start|p1b: Dondozo|move: Taunt\n|move|p1a: Goodra|Thunderbolt|p2a: Moltres\n|-supereffective|p2a: Moltres\n|-damage|p2a: Moltres|93\/100\n|-enditem|p2a: Moltres|Weakness Policy\n|-boost|p2a: Moltres|atk|2|[from] item: Weakness Policy\n|-boost|p2a: Moltres|spa|2|[from] item: Weakness Policy\n|cant|p1b: Dondozo|move: Taunt|Curse\n|move|p2b: Incineroar|Knock Off|p1b: Dondozo\n|-damage|p1b: Dondozo|88\/100\n|-enditem|p1b: Dondozo|Chesto Berry|[from] move: Knock Off|[of] p2b: Incineroar\n|\n|-sideend|p1: Asanaquarian|Reflect\n|-sideend|p2: Darkaccino321|move: Light Screen\n|upkeep\n|turn|11\n|\n|t:|1696389744\n|move|p2a: Moltres|Fiery Wrath|p1a: Goodra|[spread] p1a,p1b\n|-damage|p1a: Goodra|30\/100\n|-damage|p1b: Dondozo|72\/100\n|move|p1a: Goodra|Thunderbolt|p2a: Moltres\n|-supereffective|p2a: Moltres\n|-damage|p2a: Moltres|81\/100\n|move|p1b: Dondozo|Wave Crash|p2a: Moltres\n|-damage|p2a: Moltres|51\/100\n|-damage|p1b: Dondozo|66\/100|[from] Recoil\n|move|p2b: Incineroar|Parting Shot|p1a: Goodra\n|-unboost|p1a: Goodra|atk|1\n|-unboost|p1a: Goodra|spa|1\n|\n|t:|1696389757\n|switch|p2b: Weavile|Weavile, F|100\/100|[from] Parting Shot\n|-ability|p2b: Weavile|Pressure\n|\n|-sideend|p1: Asanaquarian|move: Light Screen\n|upkeep\n|turn|12\n|\n|t:|1696389774\n|move|p2b: Weavile|Triple Axel|p1a: Goodra\n|-supereffective|p1a: Goodra\n|-damage|p1a: Goodra|7\/100\n|-ability|p1a: Goodra|Gooey\n|-unboost|p2b: Weavile|spe|1\n|-supereffective|p1a: Goodra\n|-damage|p1a: Goodra|0 fnt\n|-ability|p1a: Goodra|Gooey\n|-unboost|p2b: Weavile|spe|1\n|faint|p1a: Goodra\n|-hitcount|p1: Goodra|2\n|move|p2a: Moltres|Fiery Wrath|p1b: Dondozo\n|-damage|p1b: Dondozo|30\/100\n|move|p1b: Dondozo|Body Press|p2b: Weavile\n|-supereffective|p2b: Weavile\n|-crit|p2b: Weavile\n|-damage|p2b: Weavile|0 fnt\n|faint|p2b: Weavile\n|\n|-end|p1b: Dondozo|move: Taunt\n|upkeep\n|inactive|Asanaquarian has 120 seconds left.\n|\n|t:|1696389819\n|switch|p2b: Incineroar|Incineroar, F|73\/100 par\n|switch|p1a: Appletun|Appletun, F, tera:Steel|100\/100\n|-ability|p2b: Incineroar|Intimidate|boost\n|-unboost|p1a: Appletun|atk|1\n|-unboost|p1b: Dondozo|atk|1\n|turn|13\n|inactive|Asanaquarian has 120 seconds left.\n|\n|t:|1696389847\n|move|p2b: Incineroar|Fake Out|p1a: Appletun\n|-resisted|p1a: Appletun\n|-damage|p1a: Appletun|95\/100\n|move|p2a: Moltres|Taunt|p1b: Dondozo\n|-start|p1b: Dondozo|move: Taunt\n|cant|p1a: Appletun|flinch\n|move|p1b: Dondozo|Body Press|p2b: Incineroar\n|-supereffective|p2b: Incineroar\n|-damage|p2b: Incineroar|18\/100 par\n|-enditem|p2b: Incineroar|Sitrus Berry|[eat]\n|-heal|p2b: Incineroar|43\/100 par|[from] item: Sitrus Berry\n|\n|-heal|p1a: Appletun|100\/100|[from] item: Leftovers\n|upkeep\n|turn|14\n|inactive|Asanaquarian has 120 seconds left.\n|\n|t:|1696389869\n|move|p2a: Moltres|Tailwind|p2a: Moltres\n|-sidestart|p2: Darkaccino321|move: Tailwind\n|cant|p2b: Incineroar|par\n|move|p1a: Appletun|Leech Seed|p2a: Moltres\n|-start|p2a: Moltres|move: Leech Seed\n|move|p1b: Dondozo|Body Press|p2b: Incineroar\n|-supereffective|p2b: Incineroar\n|-damage|p2b: Incineroar|0 fnt\n|faint|p2b: Incineroar\n|\n|-damage|p2a: Moltres|38\/100|[from] Leech Seed|[of] p1a: Appletun\n|upkeep\n|\n|t:|1696389876\n|switch|p2b: Kingambit|Kingambit, F, tera:Dark|52\/100\n|-activate|p2b: Kingambit|ability: Supreme Overlord\n|-start|p2b: Kingambit|fallen3|[silent]\n|turn|15\n|\n|t:|1696389892\n|move|p2a: Moltres|Hurricane|p1b: Dondozo\n|-damage|p1b: Dondozo|0 fnt\n|faint|p1b: Dondozo\n|move|p2b: Kingambit|Kowtow Cleave|p1a: Appletun\n|-damage|p1a: Appletun|0 fnt\n|faint|p1a: Appletun\n|-damage|p2b: Kingambit|42\/100|[from] item: Life Orb\n|\n|win|Darkaccino321\n|raw|Asanaquarian's rating: 1186 &rarr; <strong>1153<\/strong><br \/>(-33 for losing)\n|raw|Darkaccino321's rating: 1070 &rarr; <strong>1109<\/strong><br \/>(+39 for winning)\n","uploadtime":1696389903,"views":11,"p1id":"asanaquarian","p2id":"darkaccino321","formatid":"gen9nationaldexdoubles","rating":1109,"private":0,"password":""}