{"id":"gen9nationaldexdoubles-1962167057","p1":"Zera & Lucy","p2":"thundervoltss","format":"[Gen 9] National Dex Doubles","log":"|j|\u2606Zera & Lucy\n|j|\u203dthundervoltss\n|t:|1696713812\n|gametype|doubles\n|player|p1|Zera & Lucy|cynthia|1349\n|player|p2|thundervoltss|volkner|1412\n|teamsize|p1|6\n|teamsize|p2|6\n|gen|9\n|tier|[Gen 9] National Dex Doubles\n|rated|\n|rule|HP Percentage Mod: HP is shown in percentages\n|rule|Endless Battle Clause: Forcing endless battles is banned\n|rule|OHKO Clause: OHKO moves are banned\n|rule|Evasion Moves Clause: Evasion moves are banned\n|rule|Evasion Abilities Clause: Evasion abilities are banned\n|rule|Species Clause: Limit one of each Pok\u00e9mon\n|rule|Gravity Sleep Clause: The combination of sleep-inducing moves with imperfect accuracy and Gravity or Gigantamax Orbeetle are banned\n|clearpoke\n|poke|p1|Goodra-Hisui, F|\n|poke|p1|Indeedee, M|\n|poke|p1|Munkidori, M|\n|poke|p1|Espeon, M|\n|poke|p1|Ninetales-Alola, M|\n|poke|p1|Iron Bundle|\n|poke|p2|Kommo-o, F|\n|poke|p2|Blacephalon|\n|poke|p2|Indeedee-F, F|\n|poke|p2|Incineroar, F|\n|poke|p2|Sneasler, M|\n|poke|p2|Rillaboom, F|\n|teampreview\n|inactive|Battle timer is ON: inactive players will automatically lose when time's up. (requested by Zera & Lucy)\n|\n|t:|1696713844\n|start\n|switch|p1a: Ninetales|Ninetales-Alola, M|100\/100\n|switch|p1b: Iron Bundle|Iron Bundle|100\/100\n|switch|p2a: Rillaboom|Rillaboom, F, shiny|100\/100\n|switch|p2b: Sneasler|Sneasler, M|100\/100\n|-weather|Snow|[from] ability: Snow Warning|[of] p1a: Ninetales\n|-fieldstart|move: Grassy Terrain|[from] ability: Grassy Surge|[of] p2a: Rillaboom\n|-enditem|p2b: Sneasler|Grassy Seed\n|-boost|p2b: Sneasler|def|1|[from] item: Grassy Seed\n|-enditem|p1b: Iron Bundle|Booster Energy\n|-activate|p1b: Iron Bundle|ability: Quark Drive|[fromitem]\n|-start|p1b: Iron Bundle|quarkdrivespa\n|turn|1\n|\n|t:|1696713869\n|move|p2a: Rillaboom|Fake Out|p1b: Iron Bundle\n|-damage|p1b: Iron Bundle|89\/100\n|move|p2b: Sneasler|Rock Slide|p1a: Ninetales|[spread] p1a,p1b\n|-supereffective|p1a: Ninetales\n|-supereffective|p1b: Iron Bundle\n|-damage|p1a: Ninetales|61\/100\n|-damage|p1b: Iron Bundle|53\/100\n|cant|p1b: Iron Bundle|flinch\n|move|p1a: Ninetales|Blizzard|p2a: Rillaboom|[spread] p2a,p2b\n|-supereffective|p2a: Rillaboom\n|-damage|p2a: Rillaboom|38\/100\n|-damage|p2b: Sneasler|41\/100\n|\n|-weather|Snow|[upkeep]\n|-heal|p2b: Sneasler|47\/100|[from] Grassy Terrain\n|-heal|p1b: Iron Bundle|59\/100|[from] Grassy Terrain\n|-heal|p1a: Ninetales|67\/100|[from] Grassy Terrain\n|-heal|p2a: Rillaboom|45\/100|[from] Grassy Terrain\n|upkeep\n|turn|2\n|\n|t:|1696713892\n|switch|p2a: Incineroar|Incineroar, F|100\/100\n|-ability|p2a: Incineroar|Intimidate|boost\n|-unboost|p1a: Ninetales|atk|1\n|-unboost|p1b: Iron Bundle|atk|1\n|move|p2b: Sneasler|Close Combat|p1b: Iron Bundle\n|-supereffective|p1b: Iron Bundle\n|-crit|p1b: Iron Bundle\n|-damage|p1b: Iron Bundle|0 fnt\n|-unboost|p2b: Sneasler|def|1\n|-unboost|p2b: Sneasler|spd|1\n|faint|p1b: Iron Bundle\n|-end|p1b: Iron Bundle|Quark Drive|[silent]\n|move|p1a: Ninetales|Blizzard|p2b: Sneasler|[spread] p2a,p2b\n|-resisted|p2a: Incineroar\n|-damage|p2a: Incineroar|82\/100\n|-damage|p2b: Sneasler|0 fnt\n|-status|p2a: Incineroar|frz\n|faint|p2b: Sneasler\n|\n|-weather|Snow|[upkeep]\n|-heal|p1a: Ninetales|73\/100|[from] Grassy Terrain\n|-heal|p2a: Incineroar|88\/100 frz|[from] Grassy Terrain\n|upkeep\n|\n|t:|1696713912\n|switch|p1b: Munkidori|Munkidori, M|100\/100\n|switch|p2b: Blacephalon|Blacephalon|100\/100\n|turn|3\n|\n|t:|1696713923\n|switch|p1a: Goodra|Goodra-Hisui, F|100\/100\n|move|p2b: Blacephalon|Protect|p2b: Blacephalon\n|-singleturn|p2b: Blacephalon|Protect\n|move|p1b: Munkidori|Sludge Wave|p2a: Incineroar|[spread] p2a\n|-activate|p2b: Blacephalon|move: Protect\n|-immune|p1a: Goodra\n|-damage|p2a: Incineroar|44\/100 frz\n|-enditem|p2a: Incineroar|Sitrus Berry|[eat]\n|-heal|p2a: Incineroar|69\/100 frz|[from] item: Sitrus Berry\n|-damage|p1b: Munkidori|91\/100|[from] item: Life Orb\n|-curestatus|p2a: Incineroar|frz|[from] move: Flare Blitz\n|move|p2a: Incineroar|Flare Blitz|p1a: Goodra\n|-damage|p1a: Goodra|54\/100\n|-ability|p1a: Goodra|Gooey\n|-unboost|p2a: Incineroar|spe|1\n|-damage|p2a: Incineroar|55\/100|[from] Recoil\n|\n|-weather|Snow|[upkeep]\n|-heal|p1b: Munkidori|97\/100|[from] Grassy Terrain\n|-heal|p1a: Goodra|60\/100|[from] Grassy Terrain\n|-heal|p1a: Goodra|66\/100|[from] item: Leftovers\n|-heal|p2a: Incineroar|61\/100|[from] Grassy Terrain\n|upkeep\n|turn|4\n|\n|t:|1696713941\n|switch|p2a: Indeedee|Indeedee-F, F|100\/100\n|-fieldstart|move: Psychic Terrain|[from] ability: Psychic Surge|[of] p2a: Indeedee\n|-enditem|p2a: Indeedee|Psychic Seed\n|-boost|p2a: Indeedee|spd|1|[from] item: Psychic Seed\n|-terastallize|p2b: Blacephalon|Psychic\n|move|p2b: Blacephalon|Expanding Force|p1b: Munkidori|[spread] p1a,p1b\n|-resisted|p1a: Goodra\n|-damage|p1a: Goodra|36\/100\n|-damage|p1b: Munkidori|0 fnt\n|faint|p1b: Munkidori\n|-ability|p2b: Blacephalon|Beast Boost|boost\n|-boost|p2b: Blacephalon|spa|1\n|-damage|p2b: Blacephalon|91\/100|[from] item: Life Orb\n|move|p1a: Goodra|Earthquake|p2a: Indeedee|[spread] p2a,p2b\n|-crit|p2b: Blacephalon\n|-damage|p2a: Indeedee|72\/100\n|-damage|p2b: Blacephalon|13\/100\n|\n|-weather|Snow|[upkeep]\n|-heal|p1a: Goodra|43\/100|[from] item: Leftovers\n|upkeep\n|inactive|Zera & Lucy has 120 seconds left.\n|\n|t:|1696713961\n|switch|p1b: Espeon|Espeon, M|100\/100\n|turn|5\n|\n|t:|1696713972\n|switch|p1a: Indeedee|Indeedee, M|100\/100\n|-terastallize|p1b: Espeon|Psychic\n|move|p2b: Blacephalon|Protect|p2b: Blacephalon\n|-singleturn|p2b: Blacephalon|Protect\n|move|p1b: Espeon|Expanding Force|p2a: Indeedee|[spread] p2a\n|-activate|p2b: Blacephalon|move: Protect\n|-resisted|p2a: Indeedee\n|-damage|p2a: Indeedee|40\/100\n|move|p2a: Indeedee|Trick Room|p2a: Indeedee\n|-fieldstart|move: Trick Room|[of] p2a: Indeedee\n|\n|-weather|none\n|upkeep\n|turn|6\n|\n|t:|1696713995\n|switch|p2a: Incineroar|Incineroar, F|61\/100\n|-ability|p2a: Incineroar|Intimidate|boost\n|-unboost|p1a: Indeedee|atk|1\n|-unboost|p1b: Espeon|atk|1\n|switch|p1b: Goodra|Goodra-Hisui, F|43\/100\n|move|p1a: Indeedee|Expanding Force|p2b: Blacephalon|[spread] p2b\n|-immune|p2a: Incineroar\n|-resisted|p2b: Blacephalon\n|-damage|p2b: Blacephalon|0 fnt\n|faint|p2b: Blacephalon\n|\n|-heal|p1b: Goodra|49\/100|[from] item: Leftovers\n|upkeep\n|\n|t:|1696714009\n|switch|p2b: Kommo-o|Kommo-o, F|100\/100\n|turn|7\n|\n|t:|1696714020\n|move|p2a: Incineroar|Fake Out|p1a: Indeedee\n|-activate|p1a: Indeedee|move: Psychic Terrain\n|move|p1b: Goodra|Earthquake|p2a: Incineroar|[spread] p1a,p2a,p2b\n|-supereffective|p2a: Incineroar\n|-damage|p1a: Indeedee|52\/100\n|-damage|p2a: Incineroar|24\/100\n|-damage|p2b: Kommo-o|80\/100\n|-zpower|p2b: Kommo-o\n|move|p2b: Kommo-o|Clangorous Soulblaze|p1a: Indeedee|[zeffect]|[spread] p1a,p1b\n|-damage|p1a: Indeedee|0 fnt\n|-damage|p1b: Goodra|14\/100\n|faint|p1a: Indeedee\n|-boost|p2b: Kommo-o|atk|1\n|-boost|p2b: Kommo-o|def|1\n|-boost|p2b: Kommo-o|spa|1\n|-boost|p2b: Kommo-o|spd|1\n|-boost|p2b: Kommo-o|spe|1\n|\n|-heal|p1b: Goodra|20\/100|[from] item: Leftovers\n|upkeep\n|\n|t:|1696714034\n|switch|p1a: Ninetales|Ninetales-Alola, M|73\/100\n|-weather|Snow|[from] ability: Snow Warning|[of] p1a: Ninetales\n|turn|8\n|\n|t:|1696714051\n|move|p1b: Goodra|Earthquake|p2a: Incineroar|[spread] p1a,p2a,p2b\n|-supereffective|p2a: Incineroar\n|-crit|p2a: Incineroar\n|-damage|p1a: Ninetales|49\/100\n|-damage|p2a: Incineroar|0 fnt\n|-damage|p2b: Kommo-o|65\/100\n|faint|p2a: Incineroar\n|move|p1a: Ninetales|Moonblast|p2b: Kommo-o\n|-supereffective|p2b: Kommo-o\n|-damage|p2b: Kommo-o|0 fnt\n|faint|p2b: Kommo-o\n|\n|-weather|Snow|[upkeep]\n|-heal|p1b: Goodra|26\/100|[from] item: Leftovers\n|-fieldend|move: Psychic Terrain\n|upkeep\n|\n|t:|1696714059\n|switch|p2a: Indeedee|Indeedee-F, F|40\/100\n|switch|p2b: Rillaboom|Rillaboom, F, shiny|45\/100\n|-fieldstart|move: Grassy Terrain|[from] ability: Grassy Surge|[of] p2b: Rillaboom\n|-fieldstart|move: Psychic Terrain|[from] ability: Psychic Surge|[of] p2a: Indeedee\n|turn|9\n|\n|t:|1696714073\n|move|p1b: Goodra|Curse|p1b: Goodra\n|-unboost|p1b: Goodra|spe|1\n|-boost|p1b: Goodra|atk|1\n|-boost|p1b: Goodra|def|1\n|move|p2b: Rillaboom|High Horsepower|p1a: Ninetales\n|-damage|p1a: Ninetales|11\/100\n|move|p2a: Indeedee|Dazzling Gleam|p1b: Goodra|[spread] p1a,p1b\n|-damage|p1a: Ninetales|0 fnt\n|-damage|p1b: Goodra|18\/100\n|faint|p1a: Ninetales\n|\n|-weather|Snow|[upkeep]\n|-heal|p1b: Goodra|24\/100|[from] item: Leftovers\n|-fieldend|move: Trick Room\n|upkeep\n|\n|t:|1696714083\n|switch|p1a: Espeon|Espeon, M, tera:Psychic|100\/100\n|turn|10\n|\n|t:|1696714094\n|move|p1a: Espeon|Expanding Force|p2a: Indeedee|[spread] p2a,p2b\n|-resisted|p2a: Indeedee\n|-damage|p2a: Indeedee|0 fnt\n|-damage|p2b: Rillaboom|0 fnt\n|faint|p2a: Indeedee\n|faint|p2b: Rillaboom\n|\n|win|Zera & Lucy\n|raw|Zera &amp; Lucy's rating: 1349 &rarr; <strong>1373<\/strong><br \/>(+24 for winning)\n|raw|thundervoltss's rating: 1412 &rarr; <strong>1388<\/strong><br \/>(-24 for losing)\n|l|\u203dthundervoltss\n","uploadtime":1696714101,"views":7,"p1id":"zeralucy","p2id":"thundervoltss","formatid":"gen9nationaldexdoubles","rating":1373,"private":0,"password":""}