{"id":"gen9nationaldexdoubles-1993768514","p1":"ocnarf30","p2":"jffmm7","format":"[Gen 9] National Dex Doubles","log":"|j|\u2606ocnarf30\n|j|\u2606jffmm7\n|t:|1700354987\n|gametype|doubles\n|player|p1|ocnarf30|265|\n|player|p2|jffmm7|169|\n|teamsize|p1|6\n|teamsize|p2|6\n|gen|9\n|tier|[Gen 9] National Dex Doubles\n|rule|HP Percentage Mod: HP is shown in percentages\n|rule|Endless Battle Clause: Forcing endless battles is banned\n|rule|OHKO Clause: OHKO moves are banned\n|rule|Evasion Moves Clause: Evasion moves are banned\n|rule|Evasion Abilities Clause: Evasion abilities are banned\n|rule|Species Clause: Limit one of each Pok\u00e9mon\n|rule|Gravity Sleep Clause: The combination of sleep-inducing moves with imperfect accuracy and Gravity or Gigantamax Orbeetle are banned\n|clearpoke\n|poke|p1|Bulbasaur, F|\n|poke|p1|Chikorita, M|\n|poke|p1|Litten, M|\n|poke|p1|Pichu, M|\n|poke|p1|Squirtle, M|\n|poke|p1|Fennekin, F|\n|poke|p2|Squirtle, F|\n|poke|p2|Chikorita, F|\n|poke|p2|Litten, M|\n|poke|p2|Scorbunny, M|\n|poke|p2|Larvitar, F|\n|poke|p2|Pichu, M|\n|teampreview\n|\n|t:|1700355082\n|start\n|switch|p1a: Pichu|Pichu, M|100\/100\n|switch|p1b: Squirtle|Squirtle, M|100\/100\n|switch|p2a: Litten|Litten, M|100\/100\n|switch|p2b: Larvitar|Larvitar, F|100\/100\n|-ability|p2a: Litten|Intimidate|boost\n|-unboost|p1a: Pichu|atk|1\n|-unboost|p1b: Squirtle|atk|1\n|turn|1\n|\n|t:|1700355137\n|move|p2a: Litten|Protect|p2a: Litten\n|-singleturn|p2a: Litten|Protect\n|move|p1a: Pichu|Fake Out|p2b: Larvitar\n|-resisted|p2b: Larvitar\n|-crit|p2b: Larvitar\n|-damage|p2b: Larvitar|91\/100\n|move|p1b: Squirtle|Scald|p2b: Larvitar\n|-supereffective|p2b: Larvitar\n|-damage|p2b: Larvitar|0 fnt\n|faint|p2b: Larvitar\n|\n|upkeep\n|\n|t:|1700355147\n|switch|p2b: Scorbunny|Scorbunny, M|100\/100\n|turn|2\n|\n|t:|1700355168\n|move|p2a: Litten|U-turn|p1b: Squirtle\n|-damage|p1b: Squirtle|75\/100\n|-damage|p2a: Litten|91\/100|[from] item: Life Orb\n|\n|t:|1700355180\n|switch|p2a: Squirtle|Squirtle, F|100\/100|[from] U-turn\n|move|p2b: Scorbunny|U-turn|p1a: Pichu\n|-start|p2b: Scorbunny|typechange|Bug|[from] ability: Libero\n|-enditem|p1a: Pichu|Focus Sash\n|-damage|p1a: Pichu|1\/100\n|\n|t:|1700355189\n|switch|p2b: Pichu|Pichu, M|100\/100|[from] U-turn\n|move|p1a: Pichu|Nuzzle|p2b: Pichu\n|-ability|p2b: Pichu|Lightning Rod|boost\n|-boost|p2b: Pichu|spa|1\n|move|p1b: Squirtle|Scald|p2a: Squirtle\n|-resisted|p2a: Squirtle\n|-damage|p2a: Squirtle|88\/100\n|-status|p2a: Squirtle|brn\n|\n|-damage|p2a: Squirtle|82\/100 brn|[from] brn\n|upkeep\n|turn|3\n|\n|t:|1700355214\n|move|p1a: Pichu|Protect|p1a: Pichu\n|-singleturn|p1a: Pichu|Protect\n|move|p2b: Pichu|Protect|p2b: Pichu\n|-singleturn|p2b: Pichu|Protect\n|move|p1b: Squirtle|Icy Wind|p2b: Pichu|[spread] p2a\n|-activate|p2b: Pichu|move: Protect\n|-resisted|p2a: Squirtle\n|-damage|p2a: Squirtle|78\/100 brn\n|-unboost|p2a: Squirtle|spe|1\n|move|p2a: Squirtle|Icy Wind|p1a: Pichu|[spread] p1b\n|-activate|p1a: Pichu|move: Protect\n|-resisted|p1b: Squirtle\n|-crit|p1b: Squirtle\n|-damage|p1b: Squirtle|68\/100\n|-unboost|p1b: Squirtle|spe|1\n|\n|-damage|p2a: Squirtle|72\/100 brn|[from] brn\n|upkeep\n|turn|4\n|\n|t:|1700355279\n|switch|p1a: Bulbasaur|Bulbasaur, F|100\/100\n|switch|p1b: Chikorita|Chikorita, M|100\/100\n|move|p2a: Squirtle|Protect|p2a: Squirtle\n|-singleturn|p2a: Squirtle|Protect\n|move|p2b: Pichu|Play Rough|p1a: Bulbasaur\n|-resisted|p1a: Bulbasaur\n|-damage|p1a: Bulbasaur|90\/100\n|\n|-damage|p2a: Squirtle|66\/100 brn|[from] brn\n|upkeep\n|turn|5\n|\n|t:|1700355336\n|switch|p2b: Chikorita|Chikorita, F|100\/100\n|move|p1a: Bulbasaur|Giga Drain|p2a: Squirtle\n|-supereffective|p2a: Squirtle\n|-damage|p2a: Squirtle|13\/100 brn\n|-heal|p1a: Bulbasaur|100\/100|[from] drain|[of] p2a: Squirtle\n|move|p1b: Chikorita|Body Slam|p2b: Chikorita\n|-damage|p2b: Chikorita|89\/100\n|-status|p2b: Chikorita|par\n|move|p2a: Squirtle|Icy Wind|p1b: Chikorita|[spread] p1a,p1b\n|-supereffective|p1a: Bulbasaur\n|-supereffective|p1b: Chikorita\n|-damage|p1a: Bulbasaur|84\/100\n|-damage|p1b: Chikorita|88\/100\n|-unboost|p1a: Bulbasaur|spe|1\n|-unboost|p1b: Chikorita|spe|1\n|\n|-damage|p2a: Squirtle|7\/100 brn|[from] brn\n|upkeep\n|turn|6\n|\n|t:|1700355371\n|move|p1a: Bulbasaur|Sludge Bomb|p2b: Chikorita\n|-supereffective|p2b: Chikorita\n|-damage|p2b: Chikorita|44\/100 par\n|move|p2a: Squirtle|Ice Beam|p1a: Bulbasaur\n|-supereffective|p1a: Bulbasaur\n|-damage|p1a: Bulbasaur|48\/100\n|move|p1b: Chikorita|Body Slam|p2a: Squirtle\n|-damage|p2a: Squirtle|0 fnt\n|faint|p2a: Squirtle\n|move|p2b: Chikorita|Iron Tail|p1a: Bulbasaur\n|-damage|p1a: Bulbasaur|30\/100\n|\n|upkeep\n|\n|t:|1700355385\n|switch|p2a: Litten|Litten, M|91\/100\n|-ability|p2a: Litten|Intimidate|boost\n|-unboost|p1a: Bulbasaur|atk|1\n|-unboost|p1b: Chikorita|atk|1\n|turn|7\n|\n|t:|1700355418\n|switch|p1a: Squirtle|Squirtle, M|68\/100\n|switch|p1b: Fennekin|Fennekin, F|100\/100\n|move|p2a: Litten|Flare Blitz|p1b: Fennekin\n|-resisted|p1b: Fennekin\n|-damage|p1b: Fennekin|23\/100\n|-damage|p2a: Litten|66\/100|[from] Recoil\n|-damage|p2a: Litten|56\/100|[from] item: Life Orb\n|move|p2b: Chikorita|Iron Tail|p1a: Squirtle\n|-resisted|p1a: Squirtle\n|-damage|p1a: Squirtle|59\/100\n|-unboost|p1a: Squirtle|def|1\n|\n|upkeep\n|turn|8\n|\n|t:|1700355470\n|move|p1b: Fennekin|Protect|p1b: Fennekin\n|-singleturn|p1b: Fennekin|Protect\n|move|p2a: Litten|U-turn|p1b: Fennekin\n|-activate|p1b: Fennekin|move: Protect\n|move|p1a: Squirtle|Icy Wind|p2b: Chikorita|[spread] p2a,p2b\n|-resisted|p2a: Litten\n|-supereffective|p2b: Chikorita\n|-damage|p2a: Litten|44\/100\n|-damage|p2b: Chikorita|30\/100 par\n|-unboost|p2a: Litten|spe|1\n|-unboost|p2b: Chikorita|spe|1\n|cant|p2b: Chikorita|par\n|\n|upkeep\n|turn|9\n|\n|t:|1700355501\n|move|p1b: Fennekin|Heat Wave|p2a: Litten|[spread] p2a\n|-miss|p1b: Fennekin|p2b: Chikorita\n|-resisted|p2a: Litten\n|-damage|p2a: Litten|0 fnt\n|faint|p2a: Litten\n|move|p1a: Squirtle|Scald|p2b: Chikorita\n|-resisted|p2b: Chikorita\n|-damage|p2b: Chikorita|21\/100 par\n|cant|p2b: Chikorita|par\n|\n|upkeep\n|\n|t:|1700355518\n|switch|p2a: Pichu|Pichu, M|100\/100\n|turn|10\n|\n|t:|1700355531\n|move|p1b: Fennekin|Protect|p1b: Fennekin\n|-singleturn|p1b: Fennekin|Protect\n|move|p1a: Squirtle|Protect|p1a: Squirtle\n|-singleturn|p1a: Squirtle|Protect\n|move|p2a: Pichu|Wild Charge|p1b: Fennekin\n|-activate|p1b: Fennekin|move: Protect\n|move|p2b: Chikorita|Seed Bomb|p1a: Squirtle\n|-activate|p1a: Squirtle|move: Protect\n|\n|upkeep\n|turn|11\n|\n|t:|1700355577\n|move|p2a: Pichu|Wild Charge|p1a: Squirtle\n|-supereffective|p1a: Squirtle\n|-damage|p1a: Squirtle|0 fnt\n|faint|p1a: Squirtle\n|-damage|p2a: Pichu|80\/100|[from] Recoil\n|move|p1b: Fennekin|Heat Wave|p2a: Pichu|[spread] p2a,p2b\n|-supereffective|p2b: Chikorita\n|-damage|p2a: Pichu|0 fnt\n|-damage|p2b: Chikorita|0 fnt\n|faint|p2a: Pichu\n|faint|p2b: Chikorita\n|\n|upkeep\n|\n|t:|1700355598\n|switch|p2a: Scorbunny|Scorbunny, M|100\/100\n|switch|p1a: Pichu|Pichu, M|1\/100\n|turn|12\n|\n|t:|1700355621\n|move|p1a: Pichu|Fake Out|p2a: Scorbunny\n|-damage|p2a: Scorbunny|77\/100\n|cant|p2a: Scorbunny|flinch\n|move|p1b: Fennekin|Psychic|p2a: Scorbunny\n|-damage|p2a: Scorbunny|15\/100\n|-unboost|p2a: Scorbunny|spd|1\n|\n|upkeep\n|turn|13\n|\n|t:|1700355669\n|switch|p1a: Litten|Litten, M|100\/100\n|-ability|p1a: Litten|Intimidate|boost\n|-unboost|p2a: Scorbunny|atk|1\n|move|p2a: Scorbunny|U-turn|p1a: Litten\n|-start|p2a: Scorbunny|typechange|Bug|[from] ability: Libero\n|-resisted|p1a: Litten\n|-damage|p1a: Litten|59\/100\n|move|p1b: Fennekin|Psychic|p2a: Scorbunny\n|-damage|p2a: Scorbunny|0 fnt\n|faint|p2a: Scorbunny\n|\n|win|ocnarf30\n","uploadtime":1700355684,"views":16,"p1id":"ocnarf30","p2id":"jffmm7","formatid":"gen9nationaldexdoubles","rating":0,"private":0,"password":""}