{"id":"gen9nationaldexdoubles-1983398088","p1":"Ind0mitable Will","p2":"Spler","format":"[Gen 9] National Dex Doubles","log":"|j|\u2606Ind0mitable Will\n|j|\u2606Spler\n|t:|1699125900\n|gametype|doubles\n|player|p1|Ind0mitable Will|irida|1145\n|player|p2|Spler|1|1000\n|teamsize|p1|6\n|teamsize|p2|6\n|gen|9\n|tier|[Gen 9] National Dex Doubles\n|rated|\n|rule|HP Percentage Mod: HP is shown in percentages\n|rule|Endless Battle Clause: Forcing endless battles is banned\n|rule|OHKO Clause: OHKO moves are banned\n|rule|Evasion Moves Clause: Evasion moves are banned\n|rule|Evasion Abilities Clause: Evasion abilities are banned\n|rule|Species Clause: Limit one of each Pok\u00e9mon\n|rule|Gravity Sleep Clause: The combination of sleep-inducing moves with imperfect accuracy and Gravity or Gigantamax Orbeetle are banned\n|clearpoke\n|poke|p1|Flutter Mane|\n|poke|p1|Duraludon, M|\n|poke|p1|Incineroar, F|\n|poke|p1|Urshifu-*, F|\n|poke|p1|Amoonguss, M|\n|poke|p1|Landorus-Therian, M|\n|poke|p2|Zygarde|\n|poke|p2|Jirachi|\n|poke|p2|Zamazenta-*|\n|poke|p2|Chien-Pao|\n|poke|p2|Flutter Mane|\n|poke|p2|Rillaboom, F|\n|teampreview\n|\n|t:|1699125913\n|start\n|switch|p1a: Flutter Mane|Flutter Mane|100\/100\n|switch|p1b: Incineroar|Incineroar, F|100\/100\n|switch|p2a: Zygarde|Zygarde|100\/100\n|switch|p2b: Jirachi|Jirachi|100\/100\n|-ability|p2a: Zygarde|Aura Break\n|-ability|p1b: Incineroar|Intimidate|boost\n|-fail|p2a: Zygarde|unboost|[from] item: Clear Amulet|[of] p2a: Zygarde\n|-unboost|p2b: Jirachi|atk|1\n|-enditem|p1a: Flutter Mane|Booster Energy\n|-activate|p1a: Flutter Mane|ability: Protosynthesis|[fromitem]\n|-start|p1a: Flutter Mane|protosynthesisspe\n|turn|1\n|\n|t:|1699125939\n|move|p2a: Zygarde|Protect|p2a: Zygarde\n|-singleturn|p2a: Zygarde|Protect\n|move|p1b: Incineroar|Fake Out|p2b: Jirachi\n|-resisted|p2b: Jirachi\n|-damage|p2b: Jirachi|95\/100\n|move|p1a: Flutter Mane|Dazzling Gleam|p2a: Zygarde|[spread] p2b\n|-activate|p2a: Zygarde|move: Protect\n|-resisted|p2b: Jirachi\n|-damage|p2b: Jirachi|83\/100\n|cant|p2b: Jirachi|flinch\n|\n|upkeep\n|turn|2\n|inactive|Battle timer is ON: inactive players will automatically lose when time's up. (requested by Spler)\n|\n|t:|1699125980\n|move|p2b: Jirachi|Follow Me|p2b: Jirachi\n|-singleturn|p2b: Jirachi|move: Follow Me\n|move|p1a: Flutter Mane|Moonblast|p2b: Jirachi\n|-resisted|p2b: Jirachi\n|-crit|p2b: Jirachi\n|-damage|p2b: Jirachi|54\/100\n|move|p2a: Zygarde|Dragon Dance|p2a: Zygarde\n|-boost|p2a: Zygarde|atk|1\n|-boost|p2a: Zygarde|spe|1\n|move|p1b: Incineroar|Flare Blitz|p2b: Jirachi\n|-supereffective|p2b: Jirachi\n|-damage|p2b: Jirachi|0 fnt\n|faint|p2b: Jirachi\n|-damage|p1b: Incineroar|82\/100|[from] Recoil\n|\n|upkeep\n|inactive|Spler has 120 seconds left.\n|\n|t:|1699126030\n|switch|p2b: Rillaboom|Rillaboom, F|100\/100\n|-fieldstart|move: Grassy Terrain|[from] ability: Grassy Surge|[of] p2b: Rillaboom\n|turn|3\n|inactive|Spler has 120 seconds left.\n|\n|t:|1699126059\n|-terastallize|p2a: Zygarde|Normal\n|move|p1a: Flutter Mane|Dazzling Gleam|p2a: Zygarde|[spread] p2a,p2b\n|-damage|p2a: Zygarde|73\/100\n|-damage|p2b: Rillaboom|78\/100\n|move|p2a: Zygarde|Dragon Dance|p2a: Zygarde\n|-boost|p2a: Zygarde|atk|1\n|-boost|p2a: Zygarde|spe|1\n|move|p2b: Rillaboom|Wood Hammer|p1a: Flutter Mane\n|-damage|p1a: Flutter Mane|0 fnt\n|faint|p1a: Flutter Mane\n|-end|p1a: Flutter Mane|Protosynthesis|[silent]\n|-damage|p2b: Rillaboom|57\/100|[from] Recoil\n|move|p1b: Incineroar|Flare Blitz|p2b: Rillaboom\n|-supereffective|p2b: Rillaboom\n|-damage|p2b: Rillaboom|0 fnt\n|faint|p2b: Rillaboom\n|-damage|p1b: Incineroar|63\/100|[from] Recoil\n|\n|-heal|p2a: Zygarde|80\/100|[from] Grassy Terrain\n|-heal|p1b: Incineroar|69\/100|[from] Grassy Terrain\n|upkeep\n|l|\u2606Ind0mitable Will\n|inactive|Ind0mitable Will disconnected and has a minute to reconnect!\n|player|p1|\n|inactive|Spler has 120 seconds left.\n|j|\u2606Ind0mitable Will\n|inactive|Ind0mitable Will reconnected and has 135 seconds left.\n|player|p1|Ind0mitable Will|irida\n|\n|t:|1699126081\n|switch|p1a: Landorus|Landorus-Therian, M|100\/100\n|switch|p2b: Zamazenta|Zamazenta|100\/100\n|-ability|p1a: Landorus|Intimidate|boost\n|-fail|p2a: Zygarde|unboost|[from] item: Clear Amulet|[of] p2a: Zygarde\n|-unboost|p2b: Zamazenta|atk|1\n|-ability|p2b: Zamazenta|Dauntless Shield|boost\n|-boost|p2b: Zamazenta|def|1\n|turn|4\n|\n|t:|1699126097\n|-terastallize|p1a: Landorus|Flying\n|move|p2a: Zygarde|Thousand Arrows|p1b: Incineroar|[spread] p1a,p1b\n|-supereffective|p1b: Incineroar\n|-damage|p1a: Landorus|27\/100\n|-damage|p1b: Incineroar|0 fnt\n|-start|p1a: Landorus|Smack Down\n|faint|p1b: Incineroar\n|move|p1a: Landorus|Tera Blast|p2b: Zamazenta|[anim] Tera Blast Flying\n|-supereffective|p2b: Zamazenta\n|-damage|p2b: Zamazenta|49\/100\n|-enditem|p2b: Zamazenta|Sitrus Berry|[eat]\n|-heal|p2b: Zamazenta|74\/100|[from] item: Sitrus Berry\n|move|p2b: Zamazenta|Coaching|p2a: Zygarde\n|-boost|p2a: Zygarde|atk|1\n|-boost|p2a: Zygarde|def|1\n|\n|-heal|p2a: Zygarde|86\/100|[from] Grassy Terrain\n|-heal|p1a: Landorus|33\/100|[from] Grassy Terrain\n|-heal|p2b: Zamazenta|80\/100|[from] Grassy Terrain\n|upkeep\n|\n|t:|1699126110\n|switch|p1b: Amoonguss|Amoonguss, M|100\/100\n|turn|5\n|\n|t:|1699126130\n|switch|p1a: Duraludon|Duraludon, M|100\/100\n|move|p2a: Zygarde|Thousand Arrows|p1b: Amoonguss|[spread] p1a,p1b\n|-supereffective|p1a: Duraludon\n|-damage|p1a: Duraludon|0 fnt\n|-damage|p1b: Amoonguss|51\/100\n|faint|p1a: Duraludon\n|move|p2b: Zamazenta|Coaching|p2a: Zygarde\n|-boost|p2a: Zygarde|atk|1\n|-boost|p2a: Zygarde|def|1\n|move|p1b: Amoonguss|Spore|p2a: Zygarde\n|-status|p2a: Zygarde|slp|[from] move: Spore\n|\n|-heal|p2a: Zygarde|92\/100 slp|[from] Grassy Terrain\n|-heal|p2b: Zamazenta|86\/100|[from] Grassy Terrain\n|-heal|p1b: Amoonguss|57\/100|[from] Grassy Terrain\n|upkeep\n|\n|t:|1699126143\n|switch|p1a: Landorus|Landorus-Therian, M, tera:Flying|33\/100\n|-ability|p1a: Landorus|Intimidate|boost\n|-fail|p2a: Zygarde|unboost|[from] item: Clear Amulet|[of] p2a: Zygarde\n|-unboost|p2b: Zamazenta|atk|1\n|turn|6\n|\n|t:|1699126157\n|cant|p2a: Zygarde|slp\n|move|p1a: Landorus|Tera Blast|p2b: Zamazenta|[anim] Tera Blast Flying\n|-supereffective|p2b: Zamazenta\n|-damage|p2b: Zamazenta|36\/100\n|move|p2b: Zamazenta|Body Press|p1a: Landorus\n|-resisted|p1a: Landorus\n|-damage|p1a: Landorus|2\/100\n|move|p1b: Amoonguss|Clear Smog|p2a: Zygarde\n|-damage|p2a: Zygarde|79\/100 slp\n|-clearboost|p2a: Zygarde\n|\n|-heal|p2b: Zamazenta|42\/100|[from] Grassy Terrain\n|-heal|p2a: Zygarde|85\/100 slp|[from] Grassy Terrain\n|-heal|p1b: Amoonguss|63\/100|[from] Grassy Terrain\n|upkeep\n|turn|7\n|inactive|Spler has 120 seconds left.\n|\n|t:|1699126188\n|move|p1a: Landorus|Tera Blast|p2b: Zamazenta|[anim] Tera Blast Flying\n|-supereffective|p2b: Zamazenta\n|-damage|p2b: Zamazenta|0 fnt\n|faint|p2b: Zamazenta\n|cant|p2a: Zygarde|slp\n|move|p1b: Amoonguss|Pollen Puff|p1a: Landorus\n|-heal|p1a: Landorus|52\/100\n|\n|-heal|p2a: Zygarde|92\/100 slp|[from] Grassy Terrain\n|-heal|p1b: Amoonguss|69\/100|[from] Grassy Terrain\n|-fieldend|move: Grassy Terrain\n|upkeep\n|inactive|Spler has 120 seconds left.\n|\n|t:|1699126201\n|switch|p2b: Chien-Pao|Chien-Pao|100\/100\n|-ability|p2b: Chien-Pao|Sword of Ruin\n|turn|8\n|\n|t:|1699126214\n|switch|p1a: Urshifu|Urshifu-Rapid-Strike, F|100\/100\n|move|p2b: Chien-Pao|Protect|p2b: Chien-Pao\n|-singleturn|p2b: Chien-Pao|Protect\n|-curestatus|p2a: Zygarde|slp|[msg]\n|move|p2a: Zygarde|Dragon Dance|p2a: Zygarde\n|-boost|p2a: Zygarde|atk|1\n|-boost|p2a: Zygarde|spe|1\n|move|p1b: Amoonguss|Spore|p2b: Chien-Pao\n|-activate|p2b: Chien-Pao|move: Protect\n|\n|upkeep\n|turn|9\n|\n|t:|1699126239\n|move|p2a: Zygarde|Thousand Arrows|p1a: Urshifu|[spread] p1a,p1b\n|-damage|p1a: Urshifu|47\/100\n|-damage|p1b: Amoonguss|25\/100\n|move|p2b: Chien-Pao|Icicle Crash|p1b: Amoonguss\n|-supereffective|p1b: Amoonguss\n|-damage|p1b: Amoonguss|0 fnt\n|faint|p1b: Amoonguss\n|move|p1a: Urshifu|Surging Strikes|p2b: Chien-Pao\n|-crit|p2b: Chien-Pao\n|-damage|p2b: Chien-Pao|74\/100\n|-crit|p2b: Chien-Pao\n|-damage|p2b: Chien-Pao|47\/100\n|-crit|p2b: Chien-Pao\n|-damage|p2b: Chien-Pao|22\/100\n|-hitcount|p2b: Chien-Pao|3\n|\n|upkeep\n|\n|t:|1699126246\n|switch|p1b: Landorus|Landorus-Therian, M, tera:Flying|52\/100\n|-ability|p1b: Landorus|Intimidate|boost\n|-fail|p2a: Zygarde|unboost|[from] item: Clear Amulet|[of] p2a: Zygarde\n|-unboost|p2b: Chien-Pao|atk|1\n|turn|10\n|\n|t:|1699126265\n|move|p2b: Chien-Pao|Sucker Punch|p1b: Landorus\n|-damage|p1b: Landorus|12\/100\n|move|p1b: Landorus|Tera Blast|p2b: Chien-Pao|[anim] Tera Blast Flying\n|-damage|p2b: Chien-Pao|0 fnt\n|faint|p2b: Chien-Pao\n|move|p2a: Zygarde|Thousand Arrows|p1b: Landorus|[spread] p1a,p1b\n|-damage|p1a: Urshifu|5\/100\n|-damage|p1b: Landorus|0 fnt\n|faint|p1b: Landorus\n|move|p1a: Urshifu|Surging Strikes|p2a: Zygarde\n|-crit|p2a: Zygarde\n|-damage|p2a: Zygarde|76\/100\n|-crit|p2a: Zygarde\n|-damage|p2a: Zygarde|61\/100\n|-crit|p2a: Zygarde\n|-damage|p2a: Zygarde|47\/100\n|-hitcount|p2a: Zygarde|3\n|\n|upkeep\n|-message|Ind0mitable Will forfeited.\n|\n|win|Spler\n|raw|Ind0mitable Will's rating: 1145 &rarr; <strong>1110<\/strong><br \/>(-35 for losing)\n|raw|Spler's rating: 1000 &rarr; <strong>1056<\/strong><br \/>(+56 for winning)\n|l|\u2606Ind0mitable Will\n","uploadtime":1699126286,"views":10,"p1id":"ind0mitablewill","p2id":"spler","formatid":"gen9nationaldexdoubles","rating":1056,"private":0,"password":""}