{"id":"gen9nationaldexdoubles-1989508781","p1":"St0mi","p2":"ShinoTheRhino","format":"[Gen 9] National Dex Doubles","log":"|j|\u2606St0mi\n|j|\u2606ShinoTheRhino\n|t:|1699862778\n|gametype|doubles\n|player|p1|St0mi|roxie|1210\n|player|p2|ShinoTheRhino|steven|1135\n|teamsize|p1|6\n|teamsize|p2|6\n|gen|9\n|tier|[Gen 9] National Dex Doubles\n|rated|\n|rule|HP Percentage Mod: HP is shown in percentages\n|rule|Endless Battle Clause: Forcing endless battles is banned\n|rule|OHKO Clause: OHKO moves are banned\n|rule|Evasion Moves Clause: Evasion moves are banned\n|rule|Evasion Abilities Clause: Evasion abilities are banned\n|rule|Species Clause: Limit one of each Pok\u00e9mon\n|rule|Gravity Sleep Clause: The combination of sleep-inducing moves with imperfect accuracy and Gravity or Gigantamax Orbeetle are banned\n|clearpoke\n|poke|p1|Samurott-Hisui, F|\n|poke|p1|Scizor, F|\n|poke|p1|Clefairy, F|\n|poke|p1|Chi-Yu|\n|poke|p1|Azumarill, M|\n|poke|p1|Serperior, F|\n|poke|p2|Haxorus, M|\n|poke|p2|Heatran, F|\n|poke|p2|Ursaluna-Bloodmoon, M|\n|poke|p2|Scizor, M|\n|poke|p2|Indeedee-F, F|\n|poke|p2|Snorlax, F|\n|teampreview\n|inactive|Battle timer is ON: inactive players will automatically lose when time's up. (requested by St0mi)\n|inactive|ShinoTheRhino has 120 seconds left.\n|\n|t:|1699862814\n|start\n|switch|p1a: Chi-Yu|Chi-Yu|100\/100\n|switch|p1b: Serperior|Serperior, F|100\/100\n|switch|p2a: Haxorus|Haxorus, M|100\/100\n|switch|p2b: Heatran|Heatran, F|100\/100\n|-ability|p2a: Haxorus|Mold Breaker\n|-ability|p1a: Chi-Yu|Beads of Ruin\n|-item|p2b: Heatran|Air Balloon\n|turn|1\n|\n|t:|1699862838\n|switch|p1a: Clefairy|Clefairy, F|100\/100\n|move|p2a: Haxorus|Rock Slide|p1a: Clefairy|[spread] p1a,p1b\n|-damage|p1a: Clefairy|80\/100\n|-damage|p1b: Serperior|70\/100\n|cant|p1b: Serperior|flinch\n|move|p2b: Heatran|Heat Wave|p1b: Serperior|[spread] p1a,p1b\n|-supereffective|p1b: Serperior\n|-damage|p1a: Clefairy|48\/100\n|-damage|p1b: Serperior|0 fnt\n|faint|p1b: Serperior\n|\n|upkeep\n|\n|t:|1699862851\n|switch|p1b: Azumarill|Azumarill, M|100\/100\n|turn|2\n|\n|t:|1699862877\n|switch|p2a: Scizor|Scizor, M|100\/100\n|-terastallize|p2b: Heatran|Grass\n|move|p2b: Heatran|Tera Blast|p1b: Azumarill|[anim] Tera Blast Grass\n|-supereffective|p1b: Azumarill\n|-damage|p1b: Azumarill|30\/100\n|-enditem|p1b: Azumarill|Sitrus Berry|[eat]\n|-heal|p1b: Azumarill|55\/100|[from] item: Sitrus Berry\n|move|p1b: Azumarill|Belly Drum|p1b: Azumarill\n|-damage|p1b: Azumarill|5\/100\n|-setboost|p1b: Azumarill|atk|6|[from] move: Belly Drum\n|move|p1a: Clefairy|Heal Pulse|p1b: Azumarill\n|-heal|p1b: Azumarill|55\/100\n|\n|upkeep\n|turn|3\n|\n|t:|1699862905\n|detailschange|p2a: Scizor|Scizor-Mega, M\n|-mega|p2a: Scizor|Scizor|Scizorite\n|-terastallize|p1a: Clefairy|Steel\n|move|p1a: Clefairy|Follow Me|p1a: Clefairy\n|-singleturn|p1a: Clefairy|move: Follow Me\n|move|p2a: Scizor|Bullet Punch|p1a: Clefairy\n|-resisted|p1a: Clefairy\n|-damage|p1a: Clefairy|31\/100\n|move|p2b: Heatran|Tera Blast|p1a: Clefairy|[anim] Tera Blast Grass\n|-resisted|p1a: Clefairy\n|-damage|p1a: Clefairy|15\/100\n|move|p1b: Azumarill|Play Rough|p2b: Heatran\n|-damage|p2b: Heatran|0 fnt\n|-enditem|p2b: Heatran|Air Balloon\n|faint|p2b: Heatran\n|\n|upkeep\n|inactive|ShinoTheRhino has 120 seconds left.\n|\n|t:|1699862927\n|switch|p2b: Indeedee|Indeedee-F, F|100\/100\n|turn|4\n|\n|t:|1699862936\n|move|p2b: Indeedee|Fake Out|p1a: Clefairy\n|-resisted|p1a: Clefairy\n|-damage|p1a: Clefairy|11\/100\n|cant|p1a: Clefairy|flinch\n|move|p2a: Scizor|Bullet Punch|p1b: Azumarill\n|-damage|p1b: Azumarill|24\/100\n|move|p1b: Azumarill|Aqua Jet|p2a: Scizor\n|-damage|p2a: Scizor|22\/100\n|\n|upkeep\n|turn|5\n|\n|t:|1699862955\n|move|p1a: Clefairy|Follow Me|p1a: Clefairy\n|-singleturn|p1a: Clefairy|move: Follow Me\n|move|p2a: Scizor|Bullet Punch|p1a: Clefairy\n|-resisted|p1a: Clefairy\n|-damage|p1a: Clefairy|0 fnt\n|faint|p1a: Clefairy\n|move|p1b: Azumarill|Aqua Jet|p2a: Scizor\n|-crit|p2a: Scizor\n|-damage|p2a: Scizor|0 fnt\n|faint|p2a: Scizor\n|move|p2b: Indeedee|Dazzling Gleam|p1b: Azumarill\n|-damage|p1b: Azumarill|6\/100\n|\n|upkeep\n|\n|t:|1699862976\n|switch|p2a: Ursaluna|Ursaluna-Bloodmoon, M|100\/100\n|switch|p1a: Samurott|Samurott-Hisui, F|100\/100\n|turn|6\n|inactive|ShinoTheRhino has 120 seconds left.\n|\n|t:|1699863010\n|move|p1b: Azumarill|Aqua Jet|p2a: Ursaluna\n|-supereffective|p2a: Ursaluna\n|-damage|p2a: Ursaluna|0 fnt\n|faint|p2a: Ursaluna\n|move|p1a: Samurott|Ceaseless Edge|p2b: Indeedee\n|-supereffective|p2b: Indeedee\n|-damage|p2b: Indeedee|0 fnt\n|-sidestart|p2: ShinoTheRhino|Spikes\n|faint|p2b: Indeedee\n|\n|upkeep\n|inactive|ShinoTheRhino has 120 seconds left.\n|\n|t:|1699863020\n|switch|p2b: Snorlax|Snorlax, F|100\/100\n|switch|p2a: Haxorus|Haxorus, M|100\/100\n|-damage|p2a: Haxorus|88\/100|[from] Spikes\n|-ability|p2a: Haxorus|Mold Breaker\n|-damage|p2b: Snorlax|88\/100|[from] Spikes\n|turn|7\n|\n|t:|1699863047\n|switch|p1a: Chi-Yu|Chi-Yu|100\/100\n|-ability|p1a: Chi-Yu|Beads of Ruin\n|move|p1b: Azumarill|Aqua Jet|p2a: Haxorus\n|-resisted|p2a: Haxorus\n|-damage|p2a: Haxorus|27\/100\n|move|p2a: Haxorus|Iron Head|p1b: Azumarill\n|-damage|p1b: Azumarill|0 fnt\n|faint|p1b: Azumarill\n|move|p2b: Snorlax|Belly Drum|p2b: Snorlax\n|-damage|p2b: Snorlax|38\/100\n|-setboost|p2b: Snorlax|atk|6|[from] move: Belly Drum\n|-enditem|p2b: Snorlax|Sitrus Berry|[eat]\n|-heal|p2b: Snorlax|63\/100|[from] item: Sitrus Berry\n|\n|upkeep\n|inactive|St0mi has 120 seconds left.\n|\n|t:|1699863058\n|switch|p1b: Samurott|Samurott-Hisui, F|100\/100\n|turn|8\n|\n|t:|1699863079\n|move|p2a: Haxorus|Iron Head|p1b: Samurott\n|-resisted|p1b: Samurott\n|-damage|p1b: Samurott|79\/100\n|move|p1b: Samurott|Aqua Cutter|p2b: Snorlax\n|-damage|p2b: Snorlax|18\/100\n|move|p1a: Chi-Yu|Heat Wave|p2a: Haxorus|[spread] p2a\n|-miss|p1a: Chi-Yu|p2b: Snorlax\n|-resisted|p2a: Haxorus\n|-crit|p2a: Haxorus\n|-damage|p2a: Haxorus|0 fnt\n|faint|p2a: Haxorus\n|move|p2b: Snorlax|Seismic Toss|p1a: Chi-Yu\n|-damage|p1a: Chi-Yu|61\/100\n|\n|upkeep\n|turn|9\n|-message|ShinoTheRhino forfeited.\n|\n|win|St0mi\n|raw|St0mi's rating: 1210 &rarr; <strong>1230<\/strong><br \/>(+20 for winning)\n|raw|ShinoTheRhino's rating: 1135 &rarr; <strong>1115<\/strong><br \/>(-20 for losing)\n|l|\u2606ShinoTheRhino\n","uploadtime":1699863099,"views":5,"p1id":"st0mi","p2id":"shinotherhino","formatid":"gen9nationaldexdoubles","rating":1115,"private":0,"password":""}