{"id":"gen9nationaldexdoubles-1974196700","p1":"THE EQUAL MAN","p2":"Numa no Kage","format":"[Gen 9] National Dex Doubles","log":"|j|\u2606THE EQUAL MAN\n|j|\u2606Numa no Kage\n|t:|1698067345\n|gametype|doubles\n|player|p1|THE EQUAL MAN|102|1088\n|player|p2|Numa no Kage|acetrainer|1286\n|teamsize|p1|6\n|teamsize|p2|6\n|gen|9\n|tier|[Gen 9] National Dex Doubles\n|rated|\n|rule|HP Percentage Mod: HP is shown in percentages\n|rule|Endless Battle Clause: Forcing endless battles is banned\n|rule|OHKO Clause: OHKO moves are banned\n|rule|Evasion Moves Clause: Evasion moves are banned\n|rule|Evasion Abilities Clause: Evasion abilities are banned\n|rule|Species Clause: Limit one of each Pok\u00e9mon\n|rule|Gravity Sleep Clause: The combination of sleep-inducing moves with imperfect accuracy and Gravity or Gigantamax Orbeetle are banned\n|clearpoke\n|poke|p1|Landorus-Therian, M|\n|poke|p1|Shaymin-Sky|\n|poke|p1|Blaziken, F|\n|poke|p1|Blastoise, F|\n|poke|p1|Type: Null|\n|poke|p1|Weezing-Galar, F|\n|poke|p2|Chansey, F|\n|poke|p2|Okidogi, M|\n|poke|p2|Grimmsnarl, M|\n|poke|p2|Landorus-Therian, M|\n|poke|p2|Walking Wake|\n|poke|p2|Flutter Mane|\n|teampreview\n|inactive|Battle timer is ON: inactive players will automatically lose when time's up. (requested by Numa no Kage)\n|\n|t:|1698067368\n|start\n|switch|p1a: Landorus|Landorus-Therian, M|100\/100\n|switch|p1b: Shaymin|Shaymin-Sky|100\/100\n|switch|p2a: Chansey|Chansey, F|100\/100\n|switch|p2b: Landorus|Landorus-Therian, M|100\/100\n|-ability|p1a: Landorus|Intimidate|boost\n|-unboost|p2a: Chansey|atk|1\n|-unboost|p2b: Landorus|atk|1\n|-ability|p2b: Landorus|Intimidate|boost\n|-unboost|p1a: Landorus|atk|1\n|-unboost|p1b: Shaymin|atk|1\n|turn|1\n|\n|t:|1698067383\n|move|p1b: Shaymin|Tailwind|p1b: Shaymin\n|-sidestart|p1: THE EQUAL MAN|move: Tailwind\n|move|p1a: Landorus|Knock Off|p2a: Chansey\n|-damage|p2a: Chansey|84\/100\n|-enditem|p2a: Chansey|Eviolite|[from] move: Knock Off|[of] p1a: Landorus\n|move|p2b: Landorus|Stone Edge|p1a: Landorus|[miss]\n|-miss|p2b: Landorus|p1a: Landorus\n|move|p2a: Chansey|Thunder Wave|p1b: Shaymin\n|-status|p1b: Shaymin|par\n|\n|upkeep\n|turn|2\n|\n|t:|1698067403\n|move|p1a: Landorus|Earthquake|p2a: Chansey|[spread] p2a\n|-immune|p1b: Shaymin\n|-immune|p2b: Landorus\n|-damage|p2a: Chansey|59\/100\n|move|p1b: Shaymin|Seed Flare|p2b: Landorus\n|-damage|p2b: Landorus|23\/100\n|move|p2b: Landorus|Stone Edge|p1a: Landorus\n|-damage|p1a: Landorus|70\/100\n|move|p2a: Chansey|Seismic Toss|p1b: Shaymin\n|-damage|p1b: Shaymin|71\/100 par\n|\n|-heal|p2b: Landorus|29\/100|[from] item: Leftovers\n|upkeep\n|turn|3\n|\n|t:|1698067426\n|move|p1a: Landorus|Earthquake|p2a: Chansey|[spread] p2a\n|-immune|p1b: Shaymin\n|-immune|p2b: Landorus\n|-damage|p2a: Chansey|31\/100\n|move|p1b: Shaymin|Seed Flare|p2b: Landorus\n|-damage|p2b: Landorus|0 fnt\n|faint|p2b: Landorus\n|move|p2a: Chansey|Soft-Boiled|p2a: Chansey\n|-heal|p2a: Chansey|81\/100\n|\n|upkeep\n|\n|t:|1698067438\n|switch|p2b: Grimmsnarl|Grimmsnarl, M, shiny|100\/100\n|turn|4\n|\n|t:|1698067454\n|move|p2b: Grimmsnarl|Reflect|p2b: Grimmsnarl\n|-sidestart|p2: Numa no Kage|Reflect\n|move|p1a: Landorus|Earthquake|p2b: Grimmsnarl|[spread] p2a,p2b\n|-immune|p1b: Shaymin\n|-damage|p2a: Chansey|63\/100\n|-damage|p2b: Grimmsnarl|77\/100\n|move|p1b: Shaymin|Seed Flare|p2b: Grimmsnarl|[miss]\n|-miss|p1b: Shaymin|p2b: Grimmsnarl\n|move|p2a: Chansey|Seismic Toss|p1b: Shaymin\n|-damage|p1b: Shaymin|42\/100 par\n|\n|-sideend|p1: THE EQUAL MAN|move: Tailwind\n|upkeep\n|turn|5\n|\n|t:|1698067479\n|move|p2b: Grimmsnarl|Taunt|p1b: Shaymin\n|-start|p1b: Shaymin|move: Taunt\n|move|p1a: Landorus|Knock Off|p2b: Grimmsnarl\n|-resisted|p2b: Grimmsnarl\n|-damage|p2b: Grimmsnarl|72\/100\n|-enditem|p2b: Grimmsnarl|Light Clay|[from] move: Knock Off|[of] p1a: Landorus\n|cant|p1b: Shaymin|move: Taunt|Tailwind\n|move|p2a: Chansey|Seismic Toss|p1b: Shaymin\n|-damage|p1b: Shaymin|13\/100 par\n|\n|upkeep\n|turn|6\n|inactive|THE EQUAL MAN has 120 seconds left.\n|\n|t:|1698067511\n|move|p2b: Grimmsnarl|Parting Shot|p1a: Landorus\n|-unboost|p1a: Landorus|atk|1\n|-unboost|p1a: Landorus|spa|1\n|\n|t:|1698067517\n|switch|p2b: Walking Wake|Walking Wake|100\/100|[from] Parting Shot\n|move|p1a: Landorus|U-turn|p2a: Chansey\n|-damage|p2a: Chansey|54\/100\n|inactive|THE EQUAL MAN has 120 seconds left.\n|inactive|THE EQUAL MAN has 90 seconds left.\n|\n|t:|1698067560\n|switch|p1a: Weezing|Weezing-Galar, F|100\/100|[from] U-turn\n|-ability|p1a: Weezing|Neutralizing Gas\n|cant|p1b: Shaymin|par\n|move|p2a: Chansey|Seismic Toss|p1b: Shaymin\n|-damage|p1b: Shaymin|0 fnt\n|faint|p1b: Shaymin\n|\n|upkeep\n|inactive|THE EQUAL MAN has 90 seconds left.\n|\n|t:|1698067572\n|switch|p1b: Type: Null|Type: Null|100\/100\n|turn|7\n|\n|t:|1698067584\n|move|p2b: Walking Wake|Hydro Steam|p1a: Weezing\n|-damage|p1a: Weezing|40\/100\n|move|p1a: Weezing|Taunt|p2a: Chansey\n|-start|p2a: Chansey|move: Taunt\n|move|p1b: Type: Null|Swords Dance|p1b: Type: Null\n|-boost|p1b: Type: Null|atk|2\n|cant|p2a: Chansey|move: Taunt|Thunder Wave\n|\n|-heal|p1a: Weezing|46\/100|[from] item: Leftovers\n|upkeep\n|turn|8\n|inactive|THE EQUAL MAN has 120 seconds left.\n|\n|t:|1698067601\n|move|p1a: Weezing|Protect|p1a: Weezing\n|-singleturn|p1a: Weezing|Protect\n|move|p2b: Walking Wake|Hydro Steam|p1a: Weezing\n|-activate|p1a: Weezing|move: Protect\n|move|p1b: Type: Null|Return|p2b: Walking Wake\n|-damage|p2b: Walking Wake|27\/100\n|move|p2a: Chansey|Seismic Toss|p1b: Type: Null\n|-damage|p1b: Type: Null|75\/100\n|\n|-heal|p1a: Weezing|52\/100|[from] item: Leftovers\n|upkeep\n|turn|9\n|\n|t:|1698067620\n|-end|p1a: Weezing|ability: Neutralizing Gas\n|switch|p1a: Blastoise|Blastoise, F|100\/100\n|move|p2b: Walking Wake|Hydro Steam|p1a: Blastoise\n|-resisted|p1a: Blastoise\n|-damage|p1a: Blastoise|76\/100\n|move|p1b: Type: Null|Return|p2b: Walking Wake\n|-damage|p2b: Walking Wake|0 fnt\n|faint|p2b: Walking Wake\n|-end|p2b: Walking Wake|Protosynthesis|[silent]\n|move|p2a: Chansey|Seismic Toss|p1a: Blastoise\n|-damage|p1a: Blastoise|43\/100\n|\n|-end|p2a: Chansey|move: Taunt\n|upkeep\n|\n|t:|1698067631\n|switch|p2b: Grimmsnarl|Grimmsnarl, M, shiny|72\/100\n|turn|10\n|\n|t:|1698067639\n|switch|p1a: Weezing|Weezing-Galar, F|52\/100\n|-ability|p1a: Weezing|Neutralizing Gas\n|move|p2b: Grimmsnarl|Parting Shot|p1a: Weezing\n|-unboost|p1a: Weezing|atk|1\n|-unboost|p1a: Weezing|spa|1\n|\n|t:|1698067648\n|switch|p2b: Mega Misdreavus|Flutter Mane, shiny|100\/100|[from] Parting Shot\n|move|p1b: Type: Null|Return|p2b: Mega Misdreavus\n|-immune|p2b: Mega Misdreavus\n|move|p2a: Chansey|Soft-Boiled|p2a: Chansey\n|-heal|p2a: Chansey|100\/100\n|\n|-heal|p1a: Weezing|58\/100|[from] item: Leftovers\n|upkeep\n|turn|11\n|inactive|THE EQUAL MAN has 120 seconds left.\n|inactive|Numa no Kage has 120 seconds left.\n|\n|t:|1698067684\n|-terastallize|p2b: Mega Misdreavus|Ghost\n|move|p1a: Weezing|Protect|p1a: Weezing\n|-singleturn|p1a: Weezing|Protect\n|move|p2b: Mega Misdreavus|Shadow Ball|p1a: Weezing\n|-activate|p1a: Weezing|move: Protect\n|move|p1b: Type: Null|Return|p2a: Chansey\n|-damage|p2a: Chansey|43\/100\n|move|p2a: Chansey|Thunder Wave|p1b: Type: Null\n|-status|p1b: Type: Null|par\n|\n|-heal|p1a: Weezing|64\/100|[from] item: Leftovers\n|-sideend|p2: Numa no Kage|Reflect\n|upkeep\n|turn|12\n|inactive|THE EQUAL MAN has 120 seconds left.\n|\n|t:|1698067720\n|move|p1a: Weezing|Protect||[still]\n|-fail|p1a: Weezing\n|move|p2b: Mega Misdreavus|Shadow Ball|p1a: Weezing\n|-damage|p1a: Weezing|0 fnt\n|faint|p1a: Weezing\n|-end|p1a: Weezing|ability: Neutralizing Gas\n|move|p2a: Chansey|Soft-Boiled|p2a: Chansey\n|-heal|p2a: Chansey|93\/100\n|cant|p1b: Type: Null|par\n|\n|upkeep\n|\n|t:|1698067742\n|switch|p1a: Landorus|Landorus-Therian, M|70\/100\n|-ability|p1a: Landorus|Intimidate|boost\n|-unboost|p2a: Chansey|atk|1\n|-unboost|p2b: Mega Misdreavus|atk|1\n|turn|13\n|\n|t:|1698067758\n|-end|p2b: Mega Misdreavus|Protosynthesis|[silent]\n|switch|p2b: Grimmsnarl|Grimmsnarl, M, shiny|72\/100\n|move|p1a: Landorus|Knock Off|p2b: Grimmsnarl\n|-resisted|p2b: Grimmsnarl\n|-damage|p2b: Grimmsnarl|64\/100\n|move|p2a: Chansey|Seismic Toss|p1b: Type: Null\n|-damage|p1b: Type: Null|50\/100 par\n|move|p1b: Type: Null|Rest|p1b: Type: Null\n|-status|p1b: Type: Null|slp|[from] move: Rest\n|-heal|p1b: Type: Null|100\/100 slp|[silent]\n|\n|upkeep\n|turn|14\n|inactive|THE EQUAL MAN has 120 seconds left.\n|\n|t:|1698067778\n|switch|p1a: Blaziken|Blaziken, F|100\/100\n|move|p2b: Grimmsnarl|Reflect|p2b: Grimmsnarl\n|-sidestart|p2: Numa no Kage|Reflect\n|cant|p1b: Type: Null|slp\n|move|p1b: Type: Null|Sleep Talk|p1b: Type: Null\n|move|p1b: Type: Null|Swords Dance|p1b: Type: Null|[from]move: Sleep Talk\n|-boost|p1b: Type: Null|atk|2\n|move|p2a: Chansey|Seismic Toss|p1b: Type: Null\n|-damage|p1b: Type: Null|75\/100 slp\n|\n|upkeep\n|turn|15\n|inactive|THE EQUAL MAN has 120 seconds left.\n|\n|t:|1698067796\n|move|p2b: Grimmsnarl|Parting Shot|p1b: Type: Null\n|-unboost|p1b: Type: Null|atk|1\n|-unboost|p1b: Type: Null|spa|1\n|\n|t:|1698067802\n|switch|p2b: Mega Misdreavus|Flutter Mane, shiny, tera:Ghost|100\/100|[from] Parting Shot\n|move|p1a: Blaziken|High Jump Kick|p2a: Chansey\n|-supereffective|p2a: Chansey\n|-damage|p2a: Chansey|0 fnt\n|faint|p2a: Chansey\n|-damage|p1a: Blaziken|91\/100|[from] item: Life Orb\n|cant|p1b: Type: Null|slp\n|move|p1b: Type: Null|Sleep Talk|p1b: Type: Null\n|move|p1b: Type: Null|Swords Dance|p1b: Type: Null|[from]move: Sleep Talk\n|-boost|p1b: Type: Null|atk|2\n|\n|-ability|p1a: Blaziken|Speed Boost|boost\n|-boost|p1a: Blaziken|spe|1\n|upkeep\n|\n|t:|1698067818\n|switch|p2a: Grimmsnarl|Grimmsnarl, M, shiny|64\/100\n|turn|16\n|\n|t:|1698067828\n|move|p1a: Blaziken|Protect|p1a: Blaziken\n|-singleturn|p1a: Blaziken|Protect\n|move|p2a: Grimmsnarl|Taunt|p1b: Type: Null\n|-start|p1b: Type: Null|move: Taunt\n|move|p2b: Mega Misdreavus|Shadow Ball|p1a: Blaziken\n|-activate|p1a: Blaziken|move: Protect\n|-curestatus|p1b: Type: Null|slp|[msg]\n|move|p1b: Type: Null|Return|p2a: Grimmsnarl\n|-damage|p2a: Grimmsnarl|0 fnt\n|faint|p2a: Grimmsnarl\n|\n|-ability|p1a: Blaziken|Speed Boost|boost\n|-boost|p1a: Blaziken|spe|1\n|upkeep\n|\n|t:|1698067839\n|switch|p2a: Okidogi|Okidogi, M|100\/100\n|turn|17\n|\n|t:|1698067851\n|-terastallize|p1a: Blaziken|Fire\n|move|p2b: Mega Misdreavus|Shadow Ball|p1a: Blaziken\n|-damage|p1a: Blaziken|0 fnt\n|faint|p1a: Blaziken\n|move|p1b: Type: Null|Return|p2a: Okidogi\n|-damage|p2a: Okidogi|6\/100\n|move|p2a: Okidogi|Drain Punch|p1b: Type: Null\n|-supereffective|p1b: Type: Null\n|-damage|p1b: Type: Null|20\/100\n|-heal|p2a: Okidogi|35\/100|[from] drain|[of] p1b: Type: Null\n|\n|upkeep\n|\n|t:|1698067872\n|switch|p1a: Landorus|Landorus-Therian, M|70\/100\n|-ability|p1a: Landorus|Intimidate|boost\n|-unboost|p2a: Okidogi|atk|1\n|-unboost|p2b: Mega Misdreavus|atk|1\n|turn|18\n|\n|t:|1698067893\n|switch|p1b: Blastoise|Blastoise, F|43\/100\n|move|p2b: Mega Misdreavus|Shadow Ball|p1a: Landorus\n|-damage|p1a: Landorus|0 fnt\n|faint|p1a: Landorus\n|move|p2a: Okidogi|Drain Punch|p1b: Blastoise\n|-damage|p1b: Blastoise|13\/100\n|-heal|p2a: Okidogi|47\/100|[from] drain|[of] p1b: Blastoise\n|\n|-sideend|p2: Numa no Kage|Reflect\n|upkeep\n|\n|t:|1698067898\n|switch|p1a: Type: Null|Type: Null|20\/100\n|turn|19\n|\n|t:|1698067911\n|detailschange|p1b: Blastoise|Blastoise-Mega, F\n|-mega|p1b: Blastoise|Blastoise|Blastoisinite\n|move|p2b: Mega Misdreavus|Shadow Ball|p1b: Blastoise\n|-damage|p1b: Blastoise|0 fnt\n|faint|p1b: Blastoise\n|move|p1a: Type: Null|Rest|p1a: Type: Null\n|-status|p1a: Type: Null|slp|[from] move: Rest\n|-heal|p1a: Type: Null|100\/100 slp|[silent]\n|move|p2a: Okidogi|Drain Punch|p1a: Type: Null\n|-supereffective|p1a: Type: Null\n|-damage|p1a: Type: Null|63\/100 slp\n|-heal|p2a: Okidogi|66\/100|[from] drain|[of] p1a: Type: Null\n|\n|upkeep\n|turn|20\n|\n|t:|1698067927\n|move|p2b: Mega Misdreavus|Shadow Ball|p1a: Type: Null\n|-immune|p1a: Type: Null\n|cant|p1a: Type: Null|slp\n|move|p1a: Type: Null|Sleep Talk|p1a: Type: Null\n|move|p1a: Type: Null|Rest||[from]move: Sleep Talk|[still]\n|-fail|p1a: Type: Null\n|move|p2a: Okidogi|Drain Punch|p1a: Type: Null\n|-supereffective|p1a: Type: Null\n|-damage|p1a: Type: Null|27\/100 slp\n|-heal|p2a: Okidogi|85\/100|[from] drain|[of] p1a: Type: Null\n|\n|upkeep\n|turn|21\n|\n|t:|1698067943\n|move|p2b: Mega Misdreavus|Shadow Ball|p1a: Type: Null\n|-immune|p1a: Type: Null\n|cant|p1a: Type: Null|slp\n|move|p1a: Type: Null|Sleep Talk|p1a: Type: Null\n|move|p1a: Type: Null|Rest||[from]move: Sleep Talk|[still]\n|-fail|p1a: Type: Null\n|move|p2a: Okidogi|Drain Punch|p1a: Type: Null\n|-supereffective|p1a: Type: Null\n|-damage|p1a: Type: Null|0 fnt\n|-heal|p2a: Okidogi|99\/100|[from] drain|[of] p1a: Type: Null\n|faint|p1a: Type: Null\n|\n|win|Numa no Kage\n|raw|THE EQUAL MAN's rating: 1088 &rarr; <strong>1077<\/strong><br \/>(-11 for losing)\n|raw|Numa no Kage's rating: 1286 &rarr; <strong>1298<\/strong><br \/>(+12 for winning)\n|l|\u2606THE EQUAL MAN\n","uploadtime":1698068799,"views":18,"p1id":"theequalman","p2id":"numanokage","formatid":"gen9nationaldexdoubles","rating":1077,"private":0,"password":""}