{"id":"gen9nationaldexdoubles-1996692539","p1":"MagikarpLover12876","p2":"JakeySnakey00","format":"[Gen 9] National Dex Doubles","log":"|j|\u2606MagikarpLover12876\n|j|\u2606JakeySnakey00\n|t:|1700710445\n|gametype|doubles\n|player|p1|MagikarpLover12876|alec-anime|\n|player|p2|JakeySnakey00|169|\n|teamsize|p1|6\n|teamsize|p2|6\n|gen|9\n|tier|[Gen 9] National Dex Doubles\n|rule|HP Percentage Mod: HP is shown in percentages\n|rule|Endless Battle Clause: Forcing endless battles is banned\n|rule|OHKO Clause: OHKO moves are banned\n|rule|Evasion Moves Clause: Evasion moves are banned\n|rule|Evasion Abilities Clause: Evasion abilities are banned\n|rule|Species Clause: Limit one of each Pok\u00e9mon\n|rule|Gravity Sleep Clause: The combination of sleep-inducing moves with imperfect accuracy and Gravity or Gigantamax Orbeetle are banned\n|clearpoke\n|poke|p1|Clefairy, F|\n|poke|p1|Ogerpon-Cornerstone, F|\n|poke|p1|Urshifu-*, F|\n|poke|p1|Greninja-*, M|\n|poke|p1|Amoonguss, M|\n|poke|p1|Zeraora|\n|poke|p2|Charizard, F|\n|poke|p2|Chi-Yu|\n|poke|p2|Flutter Mane|\n|poke|p2|Rabsca, M|\n|poke|p2|Golduck, F|\n|poke|p2|Kingambit, M|\n|teampreview\n|\n|t:|1700710467\n|start\n|switch|p1a: Urshifu|Urshifu-Rapid-Strike, F|100\/100\n|switch|p1b: Zeraora|Zeraora, shiny|100\/100\n|switch|p2a: Golduck|Golduck, F|100\/100\n|switch|p2b: absorby|Flutter Mane|100\/100\n|-ability|p2a: Golduck|Cloud Nine\n|turn|1\n|\n|t:|1700710482\n|move|p2b: absorby|Protect|p2b: absorby\n|-singleturn|p2b: absorby|Protect\n|move|p1b: Zeraora|Fake Out|p2a: Golduck\n|-damage|p2a: Golduck|80\/100\n|move|p1a: Urshifu|Surging Strikes|p2b: absorby\n|-crit|p2b: absorby\n|-damage|p2b: absorby|60\/100\n|-crit|p2b: absorby\n|-damage|p2b: absorby|15\/100\n|-crit|p2b: absorby\n|-damage|p2b: absorby|0 fnt\n|faint|p2b: absorby\n|-end|p2b: absorby|Protosynthesis|[silent]\n|-hitcount|p2: absorby|3\n|cant|p2a: Golduck|flinch\n|\n|upkeep\n|\n|t:|1700710500\n|switch|p2b: shang-chi|Chi-Yu|100\/100\n|-ability|p2b: shang-chi|Beads of Ruin\n|turn|2\n|\n|t:|1700710510\n|move|p2b: shang-chi|Heat Wave|p1b: Zeraora|[spread] p1a,p1b\n|-resisted|p1a: Urshifu\n|-crit|p1a: Urshifu\n|-damage|p1a: Urshifu|39\/100\n|-damage|p1b: Zeraora|41\/100\n|move|p1b: Zeraora|Plasma Fists|p2a: Golduck\n|-supereffective|p2a: Golduck\n|-damage|p2a: Golduck|0 fnt\n|-fieldactivate|move: Ion Deluge\n|-hint|Normal-type moves become Electric-type after using Plasma Fists.\n|faint|p2a: Golduck\n|move|p1a: Urshifu|Surging Strikes|p2b: shang-chi\n|-supereffective|p2b: shang-chi\n|-crit|p2b: shang-chi\n|-damage|p2b: shang-chi|22\/100\n|-supereffective|p2b: shang-chi\n|-crit|p2b: shang-chi\n|-damage|p2b: shang-chi|0 fnt\n|faint|p2b: shang-chi\n|-hitcount|p2: shang-chi|2\n|\n|upkeep\n|\n|t:|1700710532\n|switch|p2b: revive me pls|Rabsca, M|100\/100\n|switch|p2a: poopyturd|Charizard, F|100\/100\n|turn|3\n|\n|t:|1700710543\n|detailschange|p2a: poopyturd|Charizard-Mega-Y, F\n|-mega|p2a: poopyturd|Charizard|Charizardite Y\n|-weather|SunnyDay|[from] ability: Drought|[of] p2a: poopyturd\n|move|p1b: Zeraora|Plasma Fists|p2a: poopyturd\n|-supereffective|p2a: poopyturd\n|-damage|p2a: poopyturd|0 fnt\n|-fieldactivate|move: Ion Deluge\n|-hint|Normal-type moves become Electric-type after using Plasma Fists.\n|faint|p2a: poopyturd\n|move|p1a: Urshifu|Surging Strikes|p2b: revive me pls\n|-crit|p2b: revive me pls\n|-damage|p2b: revive me pls|85\/100\n|-crit|p2b: revive me pls\n|-damage|p2b: revive me pls|67\/100\n|-crit|p2b: revive me pls\n|-damage|p2b: revive me pls|48\/100\n|-hitcount|p2b: revive me pls|3\n|move|p2b: revive me pls|Revival Blessing|p2b: revive me pls\n|\n|t:|1700710560\n|-heal|p2: absorby|50\/100|[from] move: Revival Blessing\n|\n|-weather|SunnyDay|[upkeep]\n|upkeep\n|\n|t:|1700710565\n|switch|p2a: absorby|Flutter Mane|50\/100\n|-activate|p2a: absorby|ability: Protosynthesis\n|-start|p2a: absorby|protosynthesisspa\n|turn|4\n|\n|t:|1700710576\n|move|p1b: Zeraora|Plasma Fists|p2a: absorby\n|-damage|p2a: absorby|0 fnt\n|-fieldactivate|move: Ion Deluge\n|-hint|Normal-type moves become Electric-type after using Plasma Fists.\n|faint|p2a: absorby\n|-end|p2a: absorby|Protosynthesis|[silent]\n|move|p1a: Urshifu|Surging Strikes|p2b: revive me pls\n|-crit|p2b: revive me pls\n|-damage|p2b: revive me pls|31\/100\n|-crit|p2b: revive me pls\n|-damage|p2b: revive me pls|13\/100\n|-crit|p2b: revive me pls\n|-damage|p2b: revive me pls|0 fnt\n|faint|p2b: revive me pls\n|-hitcount|p2: revive me pls|3\n|\n|-weather|SunnyDay|[upkeep]\n|upkeep\n|\n|t:|1700710593\n|switch|p2a: Kingambit|Kingambit, M|100\/100\n|-activate|p2a: Kingambit|ability: Supreme Overlord\n|-start|p2a: Kingambit|fallen5|[silent]\n|turn|5\n|\n|t:|1700710609\n|move|p1b: Zeraora|Power-Up Punch|p2a: Kingambit\n|-supereffective|p2a: Kingambit\n|-damage|p2a: Kingambit|63\/100\n|-boost|p1b: Zeraora|atk|1\n|move|p1a: Urshifu|Drain Punch|p2a: Kingambit\n|-supereffective|p2a: Kingambit\n|-damage|p2a: Kingambit|0 fnt\n|-heal|p1a: Urshifu|76\/100|[from] drain|[of] p2a: Kingambit\n|faint|p2a: Kingambit\n|-end|p2a: Kingambit|fallen5|[silent]\n|\n|win|MagikarpLover12876\n","uploadtime":1700710621,"views":0,"p1id":"magikarplover12876","p2id":"jakeysnakey00","formatid":"gen9nationaldexdoubles","rating":0,"private":0,"password":""}