{"id":"gen9nationaldexdoubles-1971006538","p1":"Chuuugs","p2":"Smurfy1972","format":"[Gen 9] National Dex Doubles","log":"|j|\u2606Chuuugs\n|j|\u2606Smurfy1972\n|t:|1697691506\n|gametype|doubles\n|player|p1|Chuuugs|hilda|1106\n|player|p2|Smurfy1972|101|1000\n|teamsize|p1|6\n|teamsize|p2|6\n|gen|9\n|tier|[Gen 9] National Dex Doubles\n|rated|\n|rule|HP Percentage Mod: HP is shown in percentages\n|rule|Endless Battle Clause: Forcing endless battles is banned\n|rule|OHKO Clause: OHKO moves are banned\n|rule|Evasion Moves Clause: Evasion moves are banned\n|rule|Evasion Abilities Clause: Evasion abilities are banned\n|rule|Species Clause: Limit one of each Pok\u00e9mon\n|rule|Gravity Sleep Clause: The combination of sleep-inducing moves with imperfect accuracy and Gravity or Gigantamax Orbeetle are banned\n|clearpoke\n|poke|p1|Pincurchin, M|\n|poke|p1|Arboliva, F|\n|poke|p1|Toxapex, F|\n|poke|p1|Iron Hands|\n|poke|p1|Sinistcha-Masterpiece|\n|poke|p1|Scream Tail|\n|poke|p2|Incineroar, M|\n|poke|p2|Jolteon, F|\n|poke|p2|Goodra-Hisui, F|\n|poke|p2|Great Tusk|\n|poke|p2|Ogerpon-Wellspring, F|\n|poke|p2|Flutter Mane|\n|teampreview\n|\n|t:|1697691528\n|start\n|switch|p1a: Kidney Stone|Pincurchin, M, shiny|100\/100\n|switch|p1b: Mambo|Scream Tail|100\/100\n|switch|p2a: Incineroar|Incineroar, M|100\/100\n|switch|p2b: Jolteon|Jolteon, F|100\/100\n|-ability|p2a: Incineroar|Intimidate|boost\n|-unboost|p1a: Kidney Stone|atk|1\n|-unboost|p1b: Mambo|atk|1\n|-fieldstart|move: Electric Terrain|[from] ability: Electric Surge|[of] p1a: Kidney Stone\n|turn|1\n|\n|t:|1697691546\n|move|p2a: Incineroar|Protect|p2a: Incineroar\n|-singleturn|p2a: Incineroar|Protect\n|move|p2b: Jolteon|Calm Mind|p2b: Jolteon\n|-boost|p2b: Jolteon|spa|1\n|-boost|p2b: Jolteon|spd|1\n|move|p1a: Kidney Stone|Toxic Spikes|p2b: Jolteon\n|-sidestart|p2: Smurfy1972|move: Toxic Spikes\n|move|p1b: Mambo|Trick Room|p1b: Mambo\n|-fieldstart|move: Trick Room|[of] p1b: Mambo\n|\n|upkeep\n|turn|2\n|\n|t:|1697691577\n|move|p1a: Kidney Stone|Scald|p2a: Incineroar\n|-supereffective|p2a: Incineroar\n|-damage|p2a: Incineroar|64\/100\n|move|p2a: Incineroar|Close Combat|p1a: Kidney Stone\n|-damage|p1a: Kidney Stone|61\/100\n|-unboost|p2a: Incineroar|def|1\n|-unboost|p2a: Incineroar|spd|1\n|move|p1b: Mambo|Dazzling Gleam|p2b: Jolteon|[spread] p2a,p2b\n|-damage|p2a: Incineroar|45\/100\n|-damage|p2b: Jolteon|91\/100\n|move|p2b: Jolteon|Thunder Wave|p1a: Kidney Stone\n|-immune|p1a: Kidney Stone\n|\n|upkeep\n|turn|3\n|\n|t:|1697691621\n|move|p1a: Kidney Stone|Rising Voltage|p2a: Incineroar\n|-hint|Rising Voltage's BP doubled on grounded target.\n|-damage|p2a: Incineroar|0 fnt\n|faint|p2a: Incineroar\n|move|p1b: Mambo|Wish|p1b: Mambo\n|move|p2b: Jolteon|Tera Blast|p1a: Kidney Stone\n|-damage|p1a: Kidney Stone|22\/100\n|\n|upkeep\n|\n|t:|1697691630\n|switch|p2a: Goodra|Goodra-Hisui, F|100\/100\n|turn|4\n|\n|t:|1697691665\n|-end|p1b: Mambo|Protosynthesis|[silent]\n|switch|p1b: Poki|Toxapex, F, shiny|100\/100\n|move|p1a: Kidney Stone|Recover|p1a: Kidney Stone\n|-heal|p1a: Kidney Stone|72\/100\n|move|p2a: Goodra|Draco Meteor|p1a: Kidney Stone\n|-damage|p1a: Kidney Stone|0 fnt\n|-unboost|p2a: Goodra|spa|2\n|faint|p1a: Kidney Stone\n|move|p2b: Jolteon|Tera Blast|p1b: Poki\n|-damage|p1b: Poki|74\/100\n|\n|-heal|p1b: Poki|100\/100|[from] move: Wish|[wisher] Mambo\n|upkeep\n|\n|t:|1697691679\n|switch|p1a: Oven Mits|Iron Hands|100\/100\n|-activate|p1a: Oven Mits|ability: Quark Drive\n|-start|p1a: Oven Mits|quarkdriveatk\n|turn|5\n|\n|t:|1697691717\n|move|p1a: Oven Mits|Fake Out|p2a: Goodra\n|-resisted|p2a: Goodra\n|-damage|p2a: Goodra|93\/100\n|-ability|p2a: Goodra|Gooey\n|-unboost|p1a: Oven Mits|spe|1\n|move|p1b: Poki|Toxic|p2b: Jolteon\n|-status|p2b: Jolteon|tox\n|cant|p2a: Goodra|flinch\n|move|p2b: Jolteon|Tera Blast|p1a: Oven Mits\n|-damage|p1a: Oven Mits|71\/100\n|\n|-heal|p2a: Goodra|99\/100|[from] item: Leftovers\n|-damage|p2b: Jolteon|85\/100 tox|[from] psn\n|-fieldend|move: Trick Room\n|upkeep\n|turn|6\n|\n|t:|1697691767\n|move|p2b: Jolteon|Calm Mind|p2b: Jolteon\n|-boost|p2b: Jolteon|spa|1\n|-boost|p2b: Jolteon|spd|1\n|move|p2a: Goodra|Flash Cannon|p1b: Poki\n|-resisted|p1b: Poki\n|-damage|p1b: Poki|94\/100\n|move|p1b: Poki|Surf|p2a: Goodra|[spread] p1a,p2a,p2b\n|-resisted|p2a: Goodra\n|-damage|p1a: Oven Mits|59\/100\n|-damage|p2a: Goodra|94\/100\n|-damage|p2b: Jolteon|77\/100 tox\n|move|p1a: Oven Mits|Drain Punch|p2a: Goodra\n|-supereffective|p2a: Goodra\n|-damage|p2a: Goodra|4\/100\n|-heal|p1a: Oven Mits|90\/100|[from] drain|[of] p2a: Goodra\n|-ability|p2a: Goodra|Gooey\n|-unboost|p1a: Oven Mits|spe|1\n|\n|-heal|p2a: Goodra|10\/100|[from] item: Leftovers\n|-heal|p1b: Poki|99\/100|[from] item: Leftovers\n|-damage|p2b: Jolteon|65\/100 tox|[from] psn\n|upkeep\n|turn|7\n|\n|t:|1697691834\n|switch|p2a: Great Tusk|Great Tusk|100\/100\n|-status|p2a: Great Tusk|psn\n|-enditem|p2a: Great Tusk|Booster Energy\n|-activate|p2a: Great Tusk|ability: Protosynthesis|[fromitem]\n|-start|p2a: Great Tusk|protosynthesisspe\n|-terastallize|p1b: Poki|Steel\n|move|p2b: Jolteon|Tera Blast|p1b: Poki\n|-resisted|p1b: Poki\n|-damage|p1b: Poki|85\/100\n|move|p1b: Poki|Haze|p1b: Poki\n|-clearallboost\n|move|p1a: Oven Mits|Drain Punch|p2b: Jolteon\n|-damage|p2b: Jolteon|5\/100 tox\n|-heal|p1a: Oven Mits|100\/100|[from] drain|[of] p2b: Jolteon\n|\n|-heal|p1b: Poki|91\/100|[from] item: Leftovers\n|-damage|p2a: Great Tusk|88\/100 psn|[from] psn\n|-damage|p2b: Jolteon|0 fnt|[from] psn\n|faint|p2b: Jolteon\n|upkeep\n|\n|t:|1697691867\n|switch|p2b: Flutter Mane|Flutter Mane|100\/100\n|-status|p2b: Flutter Mane|psn\n|-enditem|p2b: Flutter Mane|Booster Energy\n|-activate|p2b: Flutter Mane|ability: Protosynthesis|[fromitem]\n|-start|p2b: Flutter Mane|protosynthesisspe\n|turn|8\n|\n|t:|1697691908\n|switch|p1b: Bongwater|Arboliva, F|100\/100\n|move|p1a: Oven Mits|Protect|p1a: Oven Mits\n|-singleturn|p1a: Oven Mits|Protect\n|move|p2b: Flutter Mane|Psyshock|p1a: Oven Mits\n|-activate|p1a: Oven Mits|move: Protect\n|move|p2a: Great Tusk|Bulk Up|p2a: Great Tusk\n|-boost|p2a: Great Tusk|atk|1\n|-boost|p2a: Great Tusk|def|1\n|\n|-damage|p2b: Flutter Mane|88\/100 psn|[from] psn\n|-damage|p2a: Great Tusk|76\/100 psn|[from] psn\n|-fieldend|move: Electric Terrain\n|-end|p1a: Oven Mits|Quark Drive\n|upkeep\n|turn|9\n|\n|t:|1697691943\n|-end|p1a: Oven Mits|Quark Drive|[silent]\n|switch|p1a: Poki|Toxapex, F, shiny, tera:Steel|100\/100\n|move|p2b: Flutter Mane|Protect|p2b: Flutter Mane\n|-singleturn|p2b: Flutter Mane|Protect\n|move|p2a: Great Tusk|Bulk Up|p2a: Great Tusk\n|-boost|p2a: Great Tusk|atk|1\n|-boost|p2a: Great Tusk|def|1\n|move|p1b: Bongwater|Leech Seed|p2b: Flutter Mane\n|-activate|p2b: Flutter Mane|move: Protect\n|\n|-damage|p2b: Flutter Mane|76\/100 psn|[from] psn\n|-damage|p2a: Great Tusk|63\/100 psn|[from] psn\n|upkeep\n|turn|10\n|\n|t:|1697691984\n|move|p1b: Bongwater|Protect|p1b: Bongwater\n|-singleturn|p1b: Bongwater|Protect\n|move|p2b: Flutter Mane|Dazzling Gleam|p1b: Bongwater|[spread] p1a\n|-activate|p1b: Bongwater|move: Protect\n|-resisted|p1a: Poki\n|-damage|p1a: Poki|91\/100\n|move|p2a: Great Tusk|Ice Spinner|p1a: Poki\n|-resisted|p1a: Poki\n|-damage|p1a: Poki|76\/100\n|move|p1a: Poki|Haze|p1a: Poki\n|-clearallboost\n|\n|-heal|p1a: Poki|82\/100|[from] item: Leftovers\n|-damage|p2b: Flutter Mane|63\/100 psn|[from] psn\n|-damage|p2a: Great Tusk|51\/100 psn|[from] psn\n|upkeep\n|turn|11\n|\n|t:|1697692017\n|move|p2b: Flutter Mane|Shadow Ball|p1a: Poki\n|-damage|p1a: Poki|51\/100\n|move|p2a: Great Tusk|Close Combat|p1a: Poki\n|-supereffective|p1a: Poki\n|-damage|p1a: Poki|0 fnt\n|-unboost|p2a: Great Tusk|def|1\n|-unboost|p2a: Great Tusk|spd|1\n|faint|p1a: Poki\n|move|p1b: Bongwater|Leech Seed|p2a: Great Tusk\n|-start|p2a: Great Tusk|move: Leech Seed\n|\n|-damage|p2a: Great Tusk|38\/100 psn|[from] Leech Seed|[of] p1b: Bongwater\n|-damage|p2b: Flutter Mane|51\/100 psn|[from] psn\n|-damage|p2a: Great Tusk|26\/100 psn|[from] psn\n|upkeep\n|\n|t:|1697692037\n|switch|p1a: Starbucks|Sinistcha-Masterpiece, shiny|100\/100\n|turn|12\n|\n|t:|1697692059\n|move|p2b: Flutter Mane|Protect|p2b: Flutter Mane\n|-singleturn|p2b: Flutter Mane|Protect\n|move|p2a: Great Tusk|Bulk Up|p2a: Great Tusk\n|-boost|p2a: Great Tusk|atk|1\n|-boost|p2a: Great Tusk|def|1\n|move|p1a: Starbucks|Matcha Gotcha|p2a: Great Tusk|[spread] p2a\n|-activate|p2b: Flutter Mane|move: Protect\n|-supereffective|p2a: Great Tusk\n|-damage|p2a: Great Tusk|0 fnt\n|faint|p2a: Great Tusk\n|-end|p2a: Great Tusk|Protosynthesis|[silent]\n|move|p1b: Bongwater|Leech Seed|p2b: Flutter Mane\n|-activate|p2b: Flutter Mane|move: Protect\n|\n|-damage|p2b: Flutter Mane|38\/100 psn|[from] psn\n|upkeep\n|\n|t:|1697692077\n|switch|p2a: Ogerpon|Ogerpon-Wellspring, F|100\/100\n|-status|p2a: Ogerpon|psn\n|turn|13\n|\n|t:|1697692135\n|move|p2b: Flutter Mane|Shadow Ball|p1b: Bongwater\n|-immune|p1b: Bongwater\n|move|p2a: Ogerpon|Ivy Cudgel|p1a: Starbucks\n|-resisted|p1a: Starbucks\n|-damage|p1a: Starbucks|80\/100\n|move|p1a: Starbucks|Matcha Gotcha|p2a: Ogerpon|[spread] p2a,p2b\n|-damage|p2a: Ogerpon|73\/100 psn\n|-heal|p1a: Starbucks|92\/100|[from] drain|[of] p2a: Ogerpon\n|-damage|p2b: Flutter Mane|20\/100 psn\n|-heal|p1a: Starbucks|100\/100|[from] drain|[of] p2b: Flutter Mane\n|move|p1b: Bongwater|Giga Drain|p2b: Flutter Mane\n|-damage|p2b: Flutter Mane|0 fnt\n|faint|p2b: Flutter Mane\n|-end|p2b: Flutter Mane|Protosynthesis|[silent]\n|\n|-damage|p2a: Ogerpon|61\/100 psn|[from] psn\n|upkeep\n|\n|t:|1697692153\n|switch|p2b: Goodra|Goodra-Hisui, F|10\/100\n|turn|14\n|\n|t:|1697692204\n|-terastallize|p2b: Goodra|Flying\n|move|p2a: Ogerpon|Ivy Cudgel|p1a: Starbucks\n|-resisted|p1a: Starbucks\n|-damage|p1a: Starbucks|77\/100\n|move|p1a: Starbucks|Matcha Gotcha|p2a: Ogerpon|[spread] p2b\n|-miss|p1a: Starbucks|p2a: Ogerpon\n|-resisted|p2b: Goodra\n|-damage|p2b: Goodra|0 fnt\n|-heal|p1a: Starbucks|81\/100|[from] drain|[of] p2b: Goodra\n|faint|p2b: Goodra\n|move|p1b: Bongwater|Giga Drain|p2a: Ogerpon\n|-damage|p2a: Ogerpon|29\/100 psn\n|\n|-damage|p2a: Ogerpon|17\/100 psn|[from] psn\n|upkeep\n|turn|15\n|\n|t:|1697692231\n|move|p2a: Ogerpon|Ivy Cudgel|p1a: Starbucks\n|-resisted|p1a: Starbucks\n|-damage|p1a: Starbucks|59\/100\n|move|p1a: Starbucks|Matcha Gotcha|p2a: Ogerpon\n|-damage|p2a: Ogerpon|0 fnt\n|-heal|p1a: Starbucks|66\/100|[from] drain|[of] p2a: Ogerpon\n|faint|p2a: Ogerpon\n|\n|win|Chuuugs\n|raw|Chuuugs's rating: 1106 &rarr; <strong>1124<\/strong><br \/>(+18 for winning)\n|raw|Smurfy1972's rating: 1000 &rarr; <strong>1000<\/strong><br \/>(+0 for losing)\n|c|\u2606Chuuugs|gg\n|l|\u2606Smurfy1972\n","uploadtime":1697692254,"views":6,"p1id":"chuuugs","p2id":"smurfy1972","formatid":"gen9nationaldexdoubles","rating":1000,"private":0,"password":""}