{"id":"gen9nationaldexdoubles-1982735231","p1":"UltraVapor","p2":"shr3dex","format":"[Gen 9] National Dex Doubles","log":"|j|\u2606UltraVapor\n|j|\u2606shr3dex\n|t:|1699040018\n|gametype|doubles\n|player|p1|UltraVapor|shelly|1124\n|player|p2|shr3dex|rocketgruntf|1191\n|teamsize|p1|6\n|teamsize|p2|6\n|gen|9\n|tier|[Gen 9] National Dex Doubles\n|rated|\n|rule|HP Percentage Mod: HP is shown in percentages\n|rule|Endless Battle Clause: Forcing endless battles is banned\n|rule|OHKO Clause: OHKO moves are banned\n|rule|Evasion Moves Clause: Evasion moves are banned\n|rule|Evasion Abilities Clause: Evasion abilities are banned\n|rule|Species Clause: Limit one of each Pok\u00e9mon\n|rule|Gravity Sleep Clause: The combination of sleep-inducing moves with imperfect accuracy and Gravity or Gigantamax Orbeetle are banned\n|clearpoke\n|poke|p1|Pelipper, F|\n|poke|p1|Vaporeon, M|\n|poke|p1|Walking Wake|\n|poke|p1|Basculegion-F, F|\n|poke|p1|Ogerpon-Wellspring, F|\n|poke|p1|Urshifu-*, M|\n|poke|p2|Muk-Alola, F|\n|poke|p2|Mudsdale, F|\n|poke|p2|Sylveon, F|\n|poke|p2|Kingdra, F|\n|poke|p2|Manectric, M|\n|poke|p2|Slowking-Galar, F|\n|teampreview\n|\n|t:|1699040057\n|start\n|switch|p1a: Pelipper|Pelipper, F|100\/100\n|switch|p1b: Ogerpon|Ogerpon-Wellspring, F|100\/100\n|switch|p2a: Slowking|Slowking-Galar, F|100\/100\n|switch|p2b: Kingdra|Kingdra, F, shiny|100\/100\n|-weather|RainDance|[from] ability: Drizzle|[of] p1a: Pelipper\n|turn|1\n|\n|t:|1699040089\n|move|p1b: Ogerpon|Horn Leech|p2b: Kingdra\n|-damage|p2b: Kingdra|56\/100\n|move|p2b: Kingdra|Draco Meteor|p1b: Ogerpon\n|-damage|p1b: Ogerpon|27\/100\n|-unboost|p2b: Kingdra|spa|2\n|move|p1a: Pelipper|Tailwind|p1a: Pelipper\n|-sidestart|p1: UltraVapor|move: Tailwind\n|move|p2a: Slowking|Trick Room|p2a: Slowking\n|-fieldstart|move: Trick Room|[of] p2a: Slowking\n|\n|-weather|RainDance|[upkeep]\n|upkeep\n|turn|2\n|inactive|Battle timer is ON: inactive players will automatically lose when time's up. (requested by shr3dex)\n|c|\u2606shr3dex|well\n|\n|t:|1699040120\n|move|p2a: Slowking|Sludge Bomb|p1b: Ogerpon\n|-supereffective|p1b: Ogerpon\n|-damage|p1b: Ogerpon|0 fnt\n|faint|p1b: Ogerpon\n|move|p2b: Kingdra|Flip Turn|p1a: Pelipper\n|-resisted|p1a: Pelipper\n|-damage|p1a: Pelipper|84\/100\n|\n|t:|1699040129\n|switch|p2b: Mudsdale|Mudsdale, F|100\/100|[from] Flip Turn\n|move|p1a: Pelipper|U-turn|p2a: Slowking\n|-damage|p2a: Slowking|92\/100\n|\n|t:|1699040137\n|switch|p1a: Basculegion|Basculegion-F, F|100\/100|[from] U-turn\n|\n|-weather|RainDance|[upkeep]\n|-heal|p2a: Slowking|98\/100|[from] item: Leftovers\n|upkeep\n|\n|t:|1699040143\n|switch|p1b: Vaporeon|Vaporeon, M|100\/100\n|turn|3\n|inactive|shr3dex has 120 seconds left.\n|c|\u2606UltraVapor|trick room sets really ruin me lmao\n|\n|t:|1699040178\n|switch|p2a: Manectric|Manectric, M, shiny|100\/100\n|-terastallize|p1a: Basculegion|Water\n|move|p2b: Mudsdale|Close Combat|p1b: Vaporeon\n|-damage|p1b: Vaporeon|52\/100\n|-unboost|p2b: Mudsdale|def|1\n|-unboost|p2b: Mudsdale|spd|1\n|move|p1b: Vaporeon|Aqua Ring|p1b: Vaporeon\n|-start|p1b: Vaporeon|Aqua Ring\n|move|p1a: Basculegion|Surf|p2a: Manectric|[spread] p2a,p2b\n|-heal|p1b: Vaporeon|77\/100|[from] ability: Water Absorb|[of] p1a: Basculegion\n|-supereffective|p2b: Mudsdale\n|-damage|p2a: Manectric|0 fnt\n|-damage|p2b: Mudsdale|0 fnt\n|faint|p2a: Manectric\n|faint|p2b: Mudsdale\n|-damage|p1a: Basculegion|91\/100|[from] item: Life Orb\n|\n|-weather|RainDance|[upkeep]\n|-heal|p1b: Vaporeon|83\/100|[from] item: Leftovers\n|-heal|p1b: Vaporeon|90\/100|[from] Aqua Ring\n|upkeep\n|inactive|shr3dex has 120 seconds left.\n|\n|t:|1699040206\n|switch|p2b: Sylveon|Sylveon, F|100\/100\n|switch|p2a: Kingdra|Kingdra, F, shiny|56\/100\n|turn|4\n|inactive|shr3dex has 120 seconds left.\n|\n|t:|1699040226\n|move|p2b: Sylveon|Hyper Voice|p1b: Vaporeon|[spread] p1a,p1b\n|-damage|p1a: Basculegion|54\/100\n|-damage|p1b: Vaporeon|68\/100\n|move|p2a: Kingdra|Draco Meteor|p1a: Basculegion\n|-damage|p1a: Basculegion|0 fnt\n|-unboost|p2a: Kingdra|spa|2\n|faint|p1a: Basculegion\n|move|p1b: Vaporeon|Ice Beam|p2a: Kingdra\n|-damage|p2a: Kingdra|31\/100\n|\n|-weather|RainDance|[upkeep]\n|-heal|p1b: Vaporeon|74\/100|[from] item: Leftovers\n|-heal|p1b: Vaporeon|80\/100|[from] Aqua Ring\n|-sideend|p1: UltraVapor|move: Tailwind\n|upkeep\n|inactive|UltraVapor has 120 seconds left.\n|\n|t:|1699040242\n|switch|p1a: Walking Wake|Walking Wake|100\/100\n|-enditem|p1a: Walking Wake|Booster Energy\n|-activate|p1a: Walking Wake|ability: Protosynthesis|[fromitem]\n|-start|p1a: Walking Wake|protosynthesisspa\n|turn|5\n|\n|t:|1699040260\n|-terastallize|p2b: Sylveon|Steel\n|move|p2b: Sylveon|Hyper Voice|p1a: Walking Wake|[spread] p1a,p1b\n|-supereffective|p1a: Walking Wake\n|-damage|p1a: Walking Wake|35\/100\n|-damage|p1b: Vaporeon|57\/100\n|move|p1b: Vaporeon|Scald|p2b: Sylveon\n|-damage|p2b: Sylveon|55\/100\n|move|p2a: Kingdra|Flip Turn|p1b: Vaporeon\n|-heal|p1b: Vaporeon|82\/100|[from] ability: Water Absorb|[of] p2a: Kingdra\n|move|p1a: Walking Wake|Dragon Pulse|p2a: Kingdra\n|-supereffective|p2a: Kingdra\n|-damage|p2a: Kingdra|0 fnt\n|faint|p2a: Kingdra\n|\n|-weather|RainDance|[upkeep]\n|-heal|p1b: Vaporeon|88\/100|[from] item: Leftovers\n|-heal|p1b: Vaporeon|95\/100|[from] Aqua Ring\n|-fieldend|move: Trick Room\n|upkeep\n|inactive|shr3dex has 120 seconds left.\n|\n|t:|1699040281\n|switch|p2a: Muk|Muk-Alola, F, shiny|100\/100\n|turn|6\n|c|\u2606shr3dex|forgot water absorb redirects it\n|\n|t:|1699040303\n|move|p1a: Walking Wake|Flamethrower|p2b: Sylveon\n|-supereffective|p2b: Sylveon\n|-damage|p2b: Sylveon|24\/100\n|move|p1b: Vaporeon|Scald|p2a: Muk\n|-damage|p2a: Muk|61\/100\n|-status|p2a: Muk|brn\n|move|p2b: Sylveon|Hyper Voice|p1b: Vaporeon|[spread] p1a,p1b\n|-supereffective|p1a: Walking Wake\n|-damage|p1a: Walking Wake|0 fnt\n|-damage|p1b: Vaporeon|72\/100\n|faint|p1a: Walking Wake\n|-end|p1a: Walking Wake|Protosynthesis|[silent]\n|move|p2a: Muk|Knock Off|p1b: Vaporeon\n|-damage|p1b: Vaporeon|51\/100\n|-enditem|p1b: Vaporeon|Leftovers|[from] move: Knock Off|[of] p2a: Muk\n|\n|-weather|RainDance|[upkeep]\n|-heal|p1b: Vaporeon|58\/100|[from] Aqua Ring\n|-damage|p2a: Muk|55\/100 brn|[from] brn\n|upkeep\n|c|\u2606UltraVapor|oop\n|\n|t:|1699040322\n|switch|p1a: Urshifu|Urshifu-Rapid-Strike, M|100\/100\n|turn|7\n|c|\u2606shr3dex|yeah im kinda fucked here\n|\n|t:|1699040338\n|move|p1a: Urshifu|Aqua Jet|p2b: Sylveon\n|-damage|p2b: Sylveon|0 fnt\n|faint|p2b: Sylveon\n|move|p1b: Vaporeon|Scald|p2a: Muk\n|-damage|p2a: Muk|17\/100 brn\n|-enditem|p2a: Muk|Aguav Berry|[eat]\n|-heal|p2a: Muk|50\/100 brn|[from] item: Aguav Berry\n|move|p2a: Muk|Knock Off|p1a: Urshifu\n|-resisted|p1a: Urshifu\n|-damage|p1a: Urshifu|91\/100\n|-enditem|p1a: Urshifu|Mystic Water|[from] move: Knock Off|[of] p2a: Muk\n|\n|-weather|RainDance|[upkeep]\n|-heal|p1b: Vaporeon|64\/100|[from] Aqua Ring\n|-damage|p2a: Muk|44\/100 brn|[from] brn\n|upkeep\n|\n|t:|1699040351\n|switch|p2b: Slowking|Slowking-Galar, F|100\/100\n|turn|8\n|c|\u2606UltraVapor|uh oh\n|\n|t:|1699040371\n|move|p2a: Muk|Protect|p2a: Muk\n|-singleturn|p2a: Muk|Protect\n|move|p1a: Urshifu|Surging Strikes|p2b: Slowking\n|-crit|p2b: Slowking\n|-damage|p2b: Slowking|65\/100\n|-crit|p2b: Slowking\n|-damage|p2b: Slowking|30\/100\n|-crit|p2b: Slowking\n|-damage|p2b: Slowking|0 fnt\n|faint|p2b: Slowking\n|-hitcount|p2: Slowking|3\n|move|p1b: Vaporeon|Shadow Ball|p2a: Muk\n|-activate|p2a: Muk|move: Protect\n|\n|-weather|none\n|-heal|p1b: Vaporeon|70\/100|[from] Aqua Ring\n|-damage|p2a: Muk|38\/100 brn|[from] brn\n|upkeep\n|turn|9\n|c|\u2606shr3dex|its joever\n|\n|t:|1699040393\n|move|p1a: Urshifu|Surging Strikes|p2a: Muk\n|-crit|p2a: Muk\n|-damage|p2a: Muk|17\/100 brn\n|-crit|p2a: Muk\n|-damage|p2a: Muk|0 fnt\n|faint|p2a: Muk\n|-hitcount|p2: Muk|2\n|\n|win|UltraVapor\n|raw|UltraVapor's rating: 1124 &rarr; <strong>1154<\/strong><br \/>(+30 for winning)\n|raw|shr3dex's rating: 1191 &rarr; <strong>1161<\/strong><br \/>(-30 for losing)\n|c|\u2606UltraVapor|ggs\n|c|\u2606shr3dex|gg\n|l|\u2606shr3dex\n|c|\u2606UltraVapor|i thought i was in hella trouble when that troom came up\n","uploadtime":1699040416,"views":4,"p1id":"ultravapor","p2id":"shr3dex","formatid":"gen9nationaldexdoubles","rating":1154,"private":0,"password":""}