{"id":"gen9nationaldexdoubles-1949219188","p1":"br_xton_alt","p2":"Sans the pokemon","format":"[Gen 9] National Dex Doubles","log":"|j|\u2606br_xton_alt\n|j|\u2606Sans the pokemon\n|t:|1695336515\n|gametype|doubles\n|player|p1|br_xton_alt|ethan|1014\n|player|p2|Sans the pokemon|wallace|1026\n|teamsize|p1|6\n|teamsize|p2|6\n|gen|9\n|tier|[Gen 9] National Dex Doubles\n|rated|\n|rule|HP Percentage Mod: HP is shown in percentages\n|rule|Endless Battle Clause: Forcing endless battles is banned\n|rule|OHKO Clause: OHKO moves are banned\n|rule|Evasion Moves Clause: Evasion moves are banned\n|rule|Evasion Abilities Clause: Evasion abilities are banned\n|rule|Species Clause: Limit one of each Pok\u00e9mon\n|rule|Gravity Sleep Clause: The combination of sleep-inducing moves with imperfect accuracy and Gravity or Gigantamax Orbeetle are banned\n|clearpoke\n|poke|p1|Dipplin, M|\n|poke|p1|Xurkitree|\n|poke|p1|Sinistcha-Masterpiece|\n|poke|p1|Arcanine-Hisui, F|\n|poke|p1|Gholdengo|\n|poke|p1|Ursaluna-Bloodmoon, M|\n|poke|p2|Swellow, F|\n|poke|p2|Drampa, M|\n|poke|p2|Oranguru, F|\n|poke|p2|Porygon-Z|\n|poke|p2|Ursaluna-Bloodmoon, M|\n|poke|p2|Pidgeot, F|\n|teampreview\n|inactive|Battle timer is ON: inactive players will automatically lose when time's up. (requested by br_xton_alt)\n|\n|t:|1695336543\n|start\n|switch|p1a: Dip|Dipplin, M, shiny|100\/100\n|switch|p1b: Sinistcha|Sinistcha-Masterpiece|100\/100\n|switch|p2a: Ursaluna|Ursaluna-Bloodmoon, M|100\/100\n|switch|p2b: Oranguru|Oranguru, F|100\/100\n|-ability|p1a: Dip|Supersweet Syrup\n|-ability|p1a: Dip|Supersweet Syrup|boost\n|-unboost|p2a: Ursaluna|evasion|1\n|-unboost|p2b: Oranguru|evasion|1\n|turn|1\n|inactive|br_xton_alt has 120 seconds left.\n|\n|t:|1695336598\n|move|p1b: Sinistcha|Matcha Gotcha|p2b: Oranguru|[spread] p2a,p2b\n|-supereffective|p2a: Ursaluna\n|-damage|p2a: Ursaluna|46\/100\n|-damage|p2b: Oranguru|81\/100\n|move|p2b: Oranguru|Shadow Ball|p1b: Sinistcha\n|-supereffective|p1b: Sinistcha\n|-damage|p1b: Sinistcha|45\/100\n|move|p2a: Ursaluna|Blood Moon|p1a: Dip\n|-damage|p1a: Dip|4\/100\n|-damage|p2a: Ursaluna|36\/100|[from] item: Life Orb\n|move|p1a: Dip|Grassy Terrain|p1a: Dip\n|-fieldstart|move: Grassy Terrain\n|\n|-heal|p1b: Sinistcha|51\/100|[from] Grassy Terrain\n|-heal|p1b: Sinistcha|57\/100|[from] item: Leftovers\n|-heal|p2b: Oranguru|87\/100|[from] Grassy Terrain\n|-heal|p2a: Ursaluna|42\/100|[from] Grassy Terrain\n|-heal|p1a: Dip|10\/100|[from] Grassy Terrain\n|upkeep\n|turn|2\n|inactive|br_xton_alt has 120 seconds left.\n|\n|t:|1695336625\n|move|p1b: Sinistcha|Matcha Gotcha|p2b: Oranguru|[spread] p2a,p2b\n|-supereffective|p2a: Ursaluna\n|-damage|p2a: Ursaluna|0 fnt\n|-heal|p1b: Sinistcha|83\/100|[from] drain|[of] p2a: Ursaluna\n|-damage|p2b: Oranguru|59\/100\n|-heal|p1b: Sinistcha|98\/100|[from] drain|[of] p2b: Oranguru\n|faint|p2a: Ursaluna\n|move|p2b: Oranguru|Shadow Ball|p1b: Sinistcha\n|-supereffective|p1b: Sinistcha\n|-damage|p1b: Sinistcha|43\/100\n|move|p1a: Dip|Energy Ball|p2b: Oranguru\n|-damage|p2b: Oranguru|19\/100\n|\n|-heal|p1b: Sinistcha|49\/100|[from] Grassy Terrain\n|-heal|p1b: Sinistcha|55\/100|[from] item: Leftovers\n|-heal|p2b: Oranguru|25\/100|[from] Grassy Terrain\n|-heal|p1a: Dip|16\/100|[from] Grassy Terrain\n|upkeep\n|\n|t:|1695336630\n|switch|p2a: Porygon-Z|Porygon-Z, shiny|100\/100\n|-ability|p2a: Porygon-Z|Download|boost\n|-boost|p2a: Porygon-Z|spa|1\n|turn|3\n|inactive|br_xton_alt has 120 seconds left.\n|inactive|br_xton_alt has 90 seconds left.\n|\n|t:|1695336678\n|move|p2a: Porygon-Z|Nasty Plot|p2a: Porygon-Z\n|-boost|p2a: Porygon-Z|spa|2\n|move|p1b: Sinistcha|Phantom Force||[still]\n|-prepare|p1b: Sinistcha|Phantom Force\n|-zpower|p2b: Oranguru\n|move|p2b: Oranguru|Z-Instruct|p2a: Porygon-Z|[anim]Instruct\n|-boost|p2b: Oranguru|spa|1|[zeffect]\n|-singleturn|p2a: Porygon-Z|move: Instruct|[of] p2b: Oranguru\n|move|p2a: Porygon-Z|Nasty Plot|p2a: Porygon-Z\n|-boost|p2a: Porygon-Z|spa|2\n|move|p1a: Dip|Energy Ball|p2b: Oranguru\n|-damage|p2b: Oranguru|0 fnt\n|faint|p2b: Oranguru\n|\n|-heal|p1b: Sinistcha|61\/100|[from] item: Leftovers\n|-heal|p1a: Dip|22\/100|[from] Grassy Terrain\n|upkeep\n|\n|t:|1695336701\n|switch|p2b: Paradigm|Pidgeot, F, shiny|100\/100\n|turn|4\n|inactive|br_xton_alt has 90 seconds left.\n|\n|t:|1695336728\n|detailschange|p2b: Paradigm|Pidgeot-Mega, F, shiny\n|-mega|p2b: Paradigm|Pidgeot|Pidgeotite\n|move|p2a: Porygon-Z|Protect|p2a: Porygon-Z\n|-singleturn|p2a: Porygon-Z|Protect\n|move|p2b: Paradigm|Brave Bird|p1b: Sinistcha\n|-supereffective|p1b: Sinistcha\n|-damage|p1b: Sinistcha|0 fnt\n|faint|p1b: Sinistcha\n|-damage|p2b: Paradigm|78\/100|[from] Recoil\n|move|p1a: Dip|Draco Meteor|p2b: Paradigm\n|-damage|p2b: Paradigm|0 fnt\n|-unboost|p1a: Dip|spa|2\n|faint|p2b: Paradigm\n|\n|-heal|p1a: Dip|28\/100|[from] Grassy Terrain\n|upkeep\n|\n|t:|1695336746\n|switch|p2b: Paradox|Swellow, F|100\/100\n|switch|p1b: Xurkitree|Xurkitree|100\/100\n|turn|5\n|inactive|br_xton_alt has 120 seconds left.\n|l|\u2606Sans the pokemon\n|inactive|Sans the pokemon disconnected and has a minute to reconnect!\n|player|p2|\n|j|\u2606Sans the pokemon\n|inactive|Sans the pokemon reconnected and has 115 seconds left.\n|player|p2|Sans the pokemon|wallace\n|\n|t:|1695336791\n|move|p2b: Paradox|Protect|p2b: Paradox\n|-singleturn|p2b: Paradox|Protect\n|move|p2a: Porygon-Z|Tri Attack|p1b: Xurkitree\n|-damage|p1b: Xurkitree|0 fnt\n|faint|p1b: Xurkitree\n|move|p1a: Dip|Draco Meteor|p2b: Paradox\n|-activate|p2b: Paradox|move: Protect\n|\n|-heal|p1a: Dip|34\/100|[from] Grassy Terrain\n|-fieldend|move: Grassy Terrain\n|-status|p2b: Paradox|brn|[from] item: Flame Orb\n|upkeep\n|\n|t:|1695336806\n|switch|p1b: Arcanine|Arcanine-Hisui, F, shiny|100\/100\n|turn|6\n|\n|t:|1695336818\n|move|p2a: Porygon-Z|Protect|p2a: Porygon-Z\n|-singleturn|p2a: Porygon-Z|Protect\n|move|p2b: Paradox|Pursuit|p1b: Arcanine\n|-damage|p1b: Arcanine|77\/100\n|move|p1b: Arcanine|Raging Fury|p2b: Paradox\n|-damage|p2b: Paradox|0 fnt\n|faint|p2b: Paradox\n|move|p1a: Dip|Grassy Terrain|p1a: Dip\n|-fieldstart|move: Grassy Terrain\n|\n|-heal|p1b: Arcanine|83\/100|[from] Grassy Terrain\n|-heal|p1a: Dip|40\/100|[from] Grassy Terrain\n|upkeep\n|inactive|Sans the pokemon has 120 seconds left.\n|\n|t:|1695336828\n|switch|p2b: Drampa|Drampa, M, shiny|100\/100\n|turn|7\n|\n|t:|1695336843\n|-terastallize|p2a: Porygon-Z|Normal\n|move|p1b: Arcanine|Raging Fury|p2b: Drampa|[from]lockedmove\n|-resisted|p2b: Drampa\n|-damage|p2b: Drampa|68\/100\n|move|p2a: Porygon-Z|Tri Attack|p1b: Arcanine\n|-resisted|p1b: Arcanine\n|-damage|p1b: Arcanine|0 fnt\n|faint|p1b: Arcanine\n|move|p1a: Dip|Draco Meteor|p2b: Drampa\n|-supereffective|p2b: Drampa\n|-damage|p2b: Drampa|11\/100\n|-unboost|p1a: Dip|spa|2\n|-ability|p2b: Drampa|Berserk|boost\n|-boost|p2b: Drampa|spa|1\n|move|p2b: Drampa|Calm Mind|p2b: Drampa\n|-boost|p2b: Drampa|spa|1\n|-boost|p2b: Drampa|spd|1\n|\n|-heal|p1a: Dip|46\/100|[from] Grassy Terrain\n|-heal|p2b: Drampa|17\/100|[from] Grassy Terrain\n|-heal|p2b: Drampa|24\/100|[from] item: Leftovers\n|upkeep\n|inactive|br_xton_alt has 120 seconds left.\n|\n|t:|1695336863\n|switch|p1b: Gholdengo|Gholdengo|100\/100\n|turn|8\n|\n|t:|1695336880\n|move|p2a: Porygon-Z|Protect|p2a: Porygon-Z\n|-singleturn|p2a: Porygon-Z|Protect\n|move|p1b: Gholdengo|Thunder Wave|p2b: Drampa\n|-status|p2b: Drampa|par\n|-zpower|p1a: Dip\n|move|p1a: Dip|Devastating Drake|p2a: Porygon-Z|[zeffect]\n|-zbroken|p2a: Porygon-Z\n|-damage|p2a: Porygon-Z|91\/100\n|move|p2b: Drampa|Flamethrower|p1b: Gholdengo\n|-supereffective|p1b: Gholdengo\n|-damage|p1b: Gholdengo|0 fnt\n|faint|p1b: Gholdengo\n|\n|-heal|p2a: Porygon-Z|97\/100|[from] Grassy Terrain\n|-heal|p1a: Dip|52\/100|[from] Grassy Terrain\n|-heal|p2b: Drampa|30\/100 par|[from] Grassy Terrain\n|-heal|p2b: Drampa|36\/100 par|[from] item: Leftovers\n|upkeep\n|inactive|br_xton_alt has 120 seconds left.\n|\n|t:|1695336902\n|switch|p1b: Ursaluna|Ursaluna-Bloodmoon, M|100\/100\n|turn|9\n|inactive|br_xton_alt has 120 seconds left.\n|\n|t:|1695336925\n|move|p2a: Porygon-Z|Tri Attack|p1b: Ursaluna\n|-crit|p1b: Ursaluna\n|-damage|p1b: Ursaluna|0 fnt\n|faint|p1b: Ursaluna\n|move|p1a: Dip|Draco Meteor|p2b: Drampa\n|-supereffective|p2b: Drampa\n|-damage|p2b: Drampa|7\/100 par\n|-unboost|p1a: Dip|spa|2\n|move|p2b: Drampa|Blizzard|p1a: Dip\n|-supereffective|p1a: Dip\n|-damage|p1a: Dip|0 fnt\n|faint|p1a: Dip\n|\n|win|Sans the pokemon\n|raw|br_xton_alt's rating: 1014 &rarr; <strong>1002<\/strong><br \/>(-12 for losing)\n|raw|Sans the pokemon's rating: 1026 &rarr; <strong>1061<\/strong><br \/>(+35 for winning)\n|l|\u2606br_xton_alt\n","uploadtime":1695336976,"views":9,"p1id":"brxtonalt","p2id":"sansthepokemon","formatid":"gen9nationaldexdoubles","rating":1002,"private":0,"password":""}