{"id":"gen9nationaldexdoubles-1969868007","p1":"ReZisTLust","p2":"kjb kjb jb","format":"[Gen 9] National Dex Doubles","log":"|j|\u2606ReZisTLust\n|j|\u2606kjb kjb jb\n|t:|1697571668\n|gametype|doubles\n|player|p1|ReZisTLust|backersf|1000\n|player|p2|kjb kjb jb|lucas|1124\n|teamsize|p1|6\n|teamsize|p2|6\n|gen|9\n|tier|[Gen 9] National Dex Doubles\n|rated|\n|rule|HP Percentage Mod: HP is shown in percentages\n|rule|Endless Battle Clause: Forcing endless battles is banned\n|rule|OHKO Clause: OHKO moves are banned\n|rule|Evasion Moves Clause: Evasion moves are banned\n|rule|Evasion Abilities Clause: Evasion abilities are banned\n|rule|Species Clause: Limit one of each Pok\u00e9mon\n|rule|Gravity Sleep Clause: The combination of sleep-inducing moves with imperfect accuracy and Gravity or Gigantamax Orbeetle are banned\n|clearpoke\n|poke|p1|Salamence, F|\n|poke|p1|Carbink|\n|poke|p1|Sylveon, M|\n|poke|p1|Slaking, F|\n|poke|p1|Regieleki|\n|poke|p1|Ting-Lu|\n|poke|p2|Indeedee-F, F|\n|poke|p2|Oranguru, F|\n|poke|p2|Glastrier|\n|poke|p2|Hoopa-Unbound|\n|poke|p2|Ursaluna, F|\n|poke|p2|Zygarde|\n|teampreview\n|inactive|Battle timer is ON: inactive players will automatically lose when time's up. (requested by kjb kjb jb)\n|\n|t:|1697571711\n|start\n|switch|p1a: Regieleki|Regieleki|100\/100\n|switch|p1b: Slaking|Slaking, F|100\/100\n|switch|p2a: Hoopa|Hoopa-Unbound|100\/100\n|switch|p2b: Zygarde|Zygarde|100\/100\n|-ability|p2b: Zygarde|Aura Break\n|turn|1\n|\n|t:|1697571724\n|-terastallize|p1b: Slaking|Fairy\n|move|p1a: Regieleki|Eerie Impulse|p2a: Hoopa\n|-unboost|p2a: Hoopa|spa|2\n|move|p1b: Slaking|Play Rough|p2b: Zygarde\n|-supereffective|p2b: Zygarde\n|-damage|p2b: Zygarde|35\/100\n|move|p2b: Zygarde|Coil|p2b: Zygarde\n|-boost|p2b: Zygarde|atk|1\n|-boost|p2b: Zygarde|def|1\n|-boost|p2b: Zygarde|accuracy|1\n|move|p2a: Hoopa|Trick Room|p2a: Hoopa\n|-fieldstart|move: Trick Room|[of] p2a: Hoopa\n|-enditem|p2b: Zygarde|Room Service\n|-unboost|p2b: Zygarde|spe|1|[from] item: Room Service\n|-enditem|p2a: Hoopa|Room Service\n|-unboost|p2a: Hoopa|spe|1|[from] item: Room Service\n|\n|upkeep\n|turn|2\n|inactive|ReZisTLust has 120 seconds left.\n|\n|t:|1697571755\n|move|p2a: Hoopa|Shadow Ball|p1b: Slaking\n|-damage|p1b: Slaking|87\/100\n|-unboost|p1b: Slaking|spd|1\n|-item|p2a: Hoopa|Salac Berry|[from] ability: Magician|[of] p1b: Slaking\n|move|p2b: Zygarde|Thousand Arrows|p1a: Regieleki|[spread] p1a,p1b\n|-supereffective|p1a: Regieleki\n|-damage|p1a: Regieleki|13\/100\n|-damage|p1b: Slaking|65\/100\n|cant|p1b: Slaking|ability: Truant\n|move|p1a: Regieleki|Reflect|p1a: Regieleki\n|-sidestart|p1: ReZisTLust|Reflect\n|\n|upkeep\n|turn|3\n|inactive|ReZisTLust has 120 seconds left.\n|\n|t:|1697571787\n|switch|p2a: Ursaluna|Ursaluna, F|100\/100\n|switch|p1a: Ting-Lu|Ting-Lu|100\/100\n|-ability|p1a: Ting-Lu|Vessel of Ruin\n|move|p2b: Zygarde|Thousand Arrows|p1a: Ting-Lu|[spread] p1a,p1b\n|-damage|p1a: Ting-Lu|87\/100\n|-damage|p1b: Slaking|50\/100\n|move|p1b: Slaking|Play Rough|p2b: Zygarde\n|-supereffective|p2b: Zygarde\n|-damage|p2b: Zygarde|0 fnt\n|faint|p2b: Zygarde\n|\n|-status|p2a: Ursaluna|brn|[from] item: Flame Orb\n|upkeep\n|inactive|kjb kjb jb has 120 seconds left.\n|\n|t:|1697571823\n|switch|p2b: Glastrier|Glastrier|100\/100\n|turn|4\n|inactive|kjb kjb jb has 120 seconds left.\n|\n|t:|1697571840\n|switch|p1b: Regieleki|Regieleki|13\/100\n|-terastallize|p2b: Glastrier|Ice\n|move|p2b: Glastrier|Icicle Spear|p1a: Ting-Lu\n|-supereffective|p1a: Ting-Lu\n|-damage|p1a: Ting-Lu|73\/100\n|-supereffective|p1a: Ting-Lu\n|-damage|p1a: Ting-Lu|58\/100\n|-supereffective|p1a: Ting-Lu\n|-damage|p1a: Ting-Lu|43\/100\n|-supereffective|p1a: Ting-Lu\n|-crit|p1a: Ting-Lu\n|-damage|p1a: Ting-Lu|9\/100\n|-supereffective|p1a: Ting-Lu\n|-damage|p1a: Ting-Lu|0 fnt\n|faint|p1a: Ting-Lu\n|-ability|p2b: Glastrier|Chilling Neigh|boost\n|-boost|p2b: Glastrier|atk|1\n|-hitcount|p1: Ting-Lu|5\n|move|p2a: Ursaluna|Close Combat|p1b: Regieleki\n|-damage|p1b: Regieleki|0 fnt\n|-unboost|p2a: Ursaluna|def|1\n|-unboost|p2a: Ursaluna|spd|1\n|-damage|p2a: Ursaluna|84\/100 brn|[from] item: Rocky Helmet|[of] p1b: Regieleki\n|faint|p1b: Regieleki\n|\n|-damage|p2a: Ursaluna|78\/100 brn|[from] brn\n|upkeep\n|inactive|ReZisTLust has 120 seconds left.\n|\n|t:|1697571859\n|switch|p1a: Carbink|Carbink|100\/100\n|switch|p1b: Slaking|Slaking, F, tera:Fairy|50\/100\n|turn|5\n|\n|t:|1697571880\n|move|p2b: Glastrier|Icicle Spear|p1a: Carbink\n|-damage|p1a: Carbink|87\/100\n|-damage|p1a: Carbink|74\/100\n|-damage|p1a: Carbink|59\/100\n|-damage|p1a: Carbink|46\/100\n|-hitcount|p1a: Carbink|4\n|move|p2a: Ursaluna|Headlong Rush|p1a: Carbink\n|-supereffective|p1a: Carbink\n|-damage|p1a: Carbink|0 fnt\n|-unboost|p2a: Ursaluna|def|1\n|-unboost|p2a: Ursaluna|spd|1\n|faint|p1a: Carbink\n|move|p1b: Slaking|Giga Impact|p2b: Glastrier\n|-damage|p2b: Glastrier|45\/100\n|-mustrecharge|p1b: Slaking\n|\n|-damage|p2a: Ursaluna|71\/100 brn|[from] brn\n|-fieldend|move: Trick Room\n|upkeep\n|inactive|ReZisTLust has 120 seconds left.\n|\n|t:|1697571892\n|switch|p1a: Sylveon|Sylveon, M|100\/100\n|turn|6\n|\n|t:|1697571908\n|cant|p1b: Slaking|recharge\n|move|p1a: Sylveon|Hyper Voice|p2a: Ursaluna|[spread] p2a,p2b\n|-damage|p2a: Ursaluna|4\/100 brn\n|-damage|p2b: Glastrier|16\/100\n|move|p2a: Ursaluna|Facade|p1a: Sylveon\n|-damage|p1a: Sylveon|22\/100\n|move|p2b: Glastrier|Icicle Spear|p1b: Slaking\n|-damage|p1b: Slaking|35\/100\n|-damage|p1b: Slaking|20\/100\n|-damage|p1b: Slaking|7\/100\n|-damage|p1b: Slaking|0 fnt\n|faint|p1b: Slaking\n|-ability|p2b: Glastrier|Chilling Neigh|boost\n|-boost|p2b: Glastrier|atk|1\n|-hitcount|p1: Slaking|4\n|\n|-damage|p2a: Ursaluna|0 fnt|[from] brn\n|faint|p2a: Ursaluna\n|-sideend|p1: ReZisTLust|Reflect\n|upkeep\n|\n|t:|1697571926\n|switch|p1b: Salamence|Salamence, F|100\/100\n|switch|p2a: Indeedee|Indeedee-F, F|100\/100\n|-ability|p1b: Salamence|Intimidate|boost\n|-unboost|p2a: Indeedee|atk|1\n|-unboost|p2b: Glastrier|atk|1\n|-fieldstart|move: Psychic Terrain|[from] ability: Psychic Surge|[of] p2a: Indeedee\n|turn|7\n|\n|t:|1697571941\n|move|p1b: Salamence|Helping Hand|p1a: Sylveon\n|-singleturn|p1a: Sylveon|Helping Hand|[of] p1b: Salamence\n|move|p2b: Glastrier|Protect|p2b: Glastrier\n|-singleturn|p2b: Glastrier|Protect\n|move|p1a: Sylveon|Hyper Voice|p2a: Indeedee|[spread] p2a\n|-activate|p2b: Glastrier|move: Protect\n|-damage|p2a: Indeedee|47\/100\n|move|p2a: Indeedee|Trick Room|p2a: Indeedee\n|-fieldstart|move: Trick Room|[of] p2a: Indeedee\n|\n|upkeep\n|turn|8\n|\n|t:|1697571964\n|move|p2b: Glastrier|Icicle Spear|p1a: Sylveon\n|-damage|p1a: Sylveon|0 fnt\n|faint|p1a: Sylveon\n|-ability|p2b: Glastrier|Chilling Neigh|boost\n|-boost|p2b: Glastrier|atk|1\n|-hitcount|p1: Sylveon|1\n|move|p2a: Indeedee|Heal Pulse|p2b: Glastrier\n|-heal|p2b: Glastrier|66\/100\n|move|p1b: Salamence|Zen Headbutt|p2b: Glastrier\n|-damage|p2b: Glastrier|49\/100\n|\n|upkeep\n|turn|9\n|-message|ReZisTLust forfeited.\n|\n|win|kjb kjb jb\n|raw|ReZisTLust's rating: 1000 &rarr; <strong>1000<\/strong><br \/>(+0 for losing)\n|raw|kjb kjb jb's rating: 1124 &rarr; <strong>1140<\/strong><br \/>(+16 for winning)\n|l|\u2606ReZisTLust\n","uploadtime":1697571976,"views":9,"p1id":"rezistlust","p2id":"kjbkjbjb","formatid":"gen9nationaldexdoubles","rating":1000,"private":0,"password":""}