{"id":"gen9nationaldexdoubles-1972978012","p1":"IzKingZ","p2":"kakoGMS","format":"[Gen 9] National Dex Doubles","log":"|j|\u2606IzKingZ\n|j|\u2606kakoGMS\n|t:|1697914798\n|gametype|doubles\n|player|p1|IzKingZ|dancer|1340\n|player|p2|kakoGMS|blue|1351\n|teamsize|p1|6\n|teamsize|p2|6\n|gen|9\n|tier|[Gen 9] National Dex Doubles\n|rated|\n|rule|HP Percentage Mod: HP is shown in percentages\n|rule|Endless Battle Clause: Forcing endless battles is banned\n|rule|OHKO Clause: OHKO moves are banned\n|rule|Evasion Moves Clause: Evasion moves are banned\n|rule|Evasion Abilities Clause: Evasion abilities are banned\n|rule|Species Clause: Limit one of each Pok\u00e9mon\n|rule|Gravity Sleep Clause: The combination of sleep-inducing moves with imperfect accuracy and Gravity or Gigantamax Orbeetle are banned\n|clearpoke\n|poke|p1|Torkoal, F|\n|poke|p1|Arboliva, F|\n|poke|p1|Walking Wake|\n|poke|p1|Landorus-Therian, M|\n|poke|p1|Charizard, M|\n|poke|p1|Gastrodon-East, F|\n|poke|p2|Meowstic, M|\n|poke|p2|Maushold-Four|\n|poke|p2|Chien-Pao|\n|poke|p2|Amoonguss, F|\n|poke|p2|Hatterene, F|\n|poke|p2|Dragonite, F|\n|teampreview\n|\n|t:|1697914805\n|start\n|switch|p1a: Charizard|Charizard, M, shiny|100\/100\n|switch|p1b: Landorus|Landorus-Therian, M, shiny|100\/100\n|switch|p2a: Meowstic|Meowstic, M, shiny|100\/100\n|switch|p2b: Hatterene|Hatterene, F|100\/100\n|-ability|p1b: Landorus|Intimidate|boost\n|-unboost|p2a: Meowstic|atk|1\n|-unboost|p2b: Hatterene|atk|1\n|turn|1\n|\n|t:|1697914829\n|detailschange|p1a: Charizard|Charizard-Mega-Y, M, shiny\n|-mega|p1a: Charizard|Charizard|Charizardite Y\n|-weather|SunnyDay|[from] ability: Drought|[of] p1a: Charizard\n|move|p2a: Meowstic|Reflect|p2a: Meowstic\n|-sidestart|p2: kakoGMS|Reflect\n|move|p1a: Charizard|Tailwind|p1a: Charizard\n|-sidestart|p1: IzKingZ|move: Tailwind\n|move|p1b: Landorus|Earthquake|p2b: Hatterene|[spread] p2a,p2b\n|-immune|p1a: Charizard\n|-damage|p2a: Meowstic|53\/100\n|-damage|p2b: Hatterene|57\/100\n|-damage|p1b: Landorus|91\/100|[from] item: Life Orb\n|move|p2b: Hatterene|Nuzzle|p1a: Charizard\n|-supereffective|p1a: Charizard\n|-damage|p1a: Charizard|92\/100\n|-status|p1a: Charizard|par\n|\n|-weather|SunnyDay|[upkeep]\n|-heal|p2b: Hatterene|62\/100|[from] item: Leftovers\n|upkeep\n|turn|2\n|\n|t:|1697914867\n|move|p2a: Meowstic|Yawn|p1b: Landorus\n|-start|p1b: Landorus|move: Yawn|[of] p2a: Meowstic\n|move|p1b: Landorus|Earthquake|p2b: Hatterene|[spread] p2a,p2b\n|-immune|p1a: Charizard\n|-damage|p2a: Meowstic|11\/100\n|-damage|p2b: Hatterene|13\/100\n|-damage|p1b: Landorus|81\/100|[from] item: Life Orb\n|move|p1a: Charizard|Heat Wave|p2a: Meowstic|[spread] p2b\n|-miss|p1a: Charizard|p2a: Meowstic\n|-damage|p2b: Hatterene|0 fnt\n|faint|p2b: Hatterene\n|\n|-weather|SunnyDay|[upkeep]\n|upkeep\n|\n|t:|1697914882\n|switch|p2b: Maushold|Maushold-Four|100\/100\n|turn|3\n|\n|t:|1697914893\n|switch|p1b: Walking Wake|Walking Wake|100\/100\n|-activate|p1b: Walking Wake|ability: Protosynthesis\n|-start|p1b: Walking Wake|protosynthesisspa\n|-terastallize|p2b: Maushold|Normal\n|move|p2b: Maushold|Population Bomb|p1a: Charizard\n|-damage|p1a: Charizard|59\/100 par\n|-damage|p1a: Charizard|30\/100 par\n|-damage|p1a: Charizard|0 fnt\n|faint|p1a: Charizard\n|-hitcount|p1: Charizard|3\n|move|p2a: Meowstic|Psychic|p1b: Walking Wake\n|-damage|p1b: Walking Wake|67\/100\n|\n|-weather|SunnyDay|[upkeep]\n|upkeep\n|\n|t:|1697914909\n|switch|p1a: Landorus|Landorus-Therian, M, shiny|81\/100\n|-ability|p1a: Landorus|Intimidate|boost\n|-unboost|p2a: Meowstic|atk|1\n|-unboost|p2b: Maushold|atk|1\n|turn|4\n|\n|t:|1697914924\n|switch|p2b: Amoonguss|Amoonguss, F|100\/100\n|move|p2a: Meowstic|Light Screen|p2a: Meowstic\n|-sidestart|p2: kakoGMS|move: Light Screen\n|move|p1b: Walking Wake|Hydro Steam|p2a: Meowstic\n|-damage|p2a: Meowstic|0 fnt\n|faint|p2a: Meowstic\n|-damage|p1b: Walking Wake|58\/100|[from] item: Life Orb\n|move|p1a: Landorus|Earth Power|p2b: Amoonguss\n|-damage|p2b: Amoonguss|73\/100\n|-damage|p1a: Landorus|71\/100|[from] item: Life Orb\n|\n|-weather|SunnyDay|[upkeep]\n|-sideend|p1: IzKingZ|move: Tailwind\n|upkeep\n|\n|t:|1697914932\n|switch|p2a: Maushold|Maushold-Four, tera:Normal|100\/100\n|turn|5\n|\n|t:|1697914946\n|move|p2b: Amoonguss|Rage Powder|p2b: Amoonguss\n|-singleturn|p2b: Amoonguss|move: Rage Powder\n|move|p2a: Maushold|Population Bomb|p1a: Landorus\n|-damage|p1a: Landorus|45\/100\n|-damage|p1a: Landorus|18\/100\n|-damage|p1a: Landorus|0 fnt\n|faint|p1a: Landorus\n|-hitcount|p1: Landorus|3\n|move|p1b: Walking Wake|Flamethrower|p2b: Amoonguss\n|-supereffective|p2b: Amoonguss\n|-damage|p2b: Amoonguss|0 fnt\n|faint|p2b: Amoonguss\n|-damage|p1b: Walking Wake|48\/100|[from] item: Life Orb\n|\n|-weather|none\n|-end|p1b: Walking Wake|Protosynthesis\n|upkeep\n|\n|t:|1697914963\n|switch|p1a: Torkoal|Torkoal, F, shiny|100\/100\n|switch|p2b: Chien-Pao|Chien-Pao|100\/100\n|-ability|p2b: Chien-Pao|Sword of Ruin\n|-weather|SunnyDay|[from] ability: Drought|[of] p1a: Torkoal\n|-activate|p1b: Walking Wake|ability: Protosynthesis\n|-start|p1b: Walking Wake|protosynthesisspa\n|turn|6\n|\n|t:|1697914975\n|move|p2b: Chien-Pao|Sucker Punch|p1b: Walking Wake\n|-damage|p1b: Walking Wake|0 fnt\n|faint|p1b: Walking Wake\n|-end|p1b: Walking Wake|Protosynthesis|[silent]\n|-damage|p2b: Chien-Pao|91\/100|[from] item: Life Orb\n|move|p2a: Maushold|Population Bomb|p1a: Torkoal\n|-damage|p1a: Torkoal|82\/100\n|-damage|p1a: Torkoal|66\/100\n|-damage|p1a: Torkoal|48\/100\n|-damage|p1a: Torkoal|31\/100\n|-damage|p1a: Torkoal|12\/100\n|-damage|p1a: Torkoal|0 fnt\n|faint|p1a: Torkoal\n|-hitcount|p1: Torkoal|6\n|\n|-weather|SunnyDay|[upkeep]\n|upkeep\n|\n|t:|1697914991\n|switch|p1b: Gastrodon|Gastrodon-East, F|100\/100\n|switch|p1a: Arboliva|Arboliva, F, shiny|100\/100\n|turn|7\n|\n|t:|1697915014\n|-terastallize|p1b: Gastrodon|Fire\n|move|p2b: Chien-Pao|Icicle Crash|p1b: Gastrodon\n|-resisted|p1b: Gastrodon\n|-damage|p1b: Gastrodon|63\/100\n|-damage|p2b: Chien-Pao|81\/100|[from] item: Life Orb\n|move|p2a: Maushold|Population Bomb|p1a: Arboliva|[miss]\n|-miss|p2a: Maushold|p1a: Arboliva\n|move|p1b: Gastrodon|Tera Blast|p2b: Chien-Pao|[anim] Tera Blast Fire\n|-supereffective|p2b: Chien-Pao\n|-damage|p2b: Chien-Pao|0 fnt\n|faint|p2b: Chien-Pao\n|move|p1a: Arboliva|Leech Seed|p2a: Maushold|[miss]\n|-miss|p1a: Arboliva|p2a: Maushold\n|\n|-weather|SunnyDay|[upkeep]\n|-heal|p1b: Gastrodon|69\/100|[from] item: Leftovers\n|upkeep\n|\n|t:|1697915025\n|switch|p2b: Dragonite|Dragonite, F|100\/100\n|turn|8\n|\n|t:|1697915042\n|move|p2a: Maushold|Population Bomb|p1b: Gastrodon\n|-damage|p1b: Gastrodon|46\/100\n|-damage|p1b: Gastrodon|22\/100\n|-damage|p1b: Gastrodon|0 fnt\n|faint|p1b: Gastrodon\n|-hitcount|p1: Gastrodon|3\n|move|p2b: Dragonite|Wing Attack|p1a: Arboliva\n|-supereffective|p1a: Arboliva\n|-damage|p1a: Arboliva|13\/100\n|-enditem|p1a: Arboliva|Sitrus Berry|[eat]\n|-heal|p1a: Arboliva|38\/100|[from] item: Sitrus Berry\n|-damage|p2b: Dragonite|91\/100|[from] item: Life Orb\n|move|p1a: Arboliva|Dazzling Gleam|p2b: Dragonite|[spread] p2a,p2b\n|-supereffective|p2b: Dragonite\n|-damage|p2a: Maushold|85\/100\n|-damage|p2b: Dragonite|68\/100\n|\n|-weather|SunnyDay|[upkeep]\n|-sideend|p2: kakoGMS|Reflect\n|-item|p1a: Arboliva|Sitrus Berry|[from] ability: Harvest\n|upkeep\n|-enditem|p1a: Arboliva|Sitrus Berry|[eat]\n|-heal|p1a: Arboliva|62\/100|[from] item: Sitrus Berry\n|turn|9\n|\n|t:|1697915065\n|move|p1a: Arboliva|Protect|p1a: Arboliva\n|-singleturn|p1a: Arboliva|Protect\n|move|p2a: Maushold|Population Bomb|p1a: Arboliva\n|-activate|p1a: Arboliva|move: Protect\n|move|p2b: Dragonite|Outrage|p1a: Arboliva\n|-activate|p1a: Arboliva|move: Protect\n|\n|-weather|SunnyDay|[upkeep]\n|-item|p1a: Arboliva|Sitrus Berry|[from] ability: Harvest\n|upkeep\n|turn|10\n|\n|t:|1697915077\n|move|p2a: Maushold|Population Bomb|p1a: Arboliva\n|-damage|p1a: Arboliva|37\/100\n|-enditem|p1a: Arboliva|Sitrus Berry|[eat]\n|-heal|p1a: Arboliva|62\/100|[from] item: Sitrus Berry\n|-damage|p1a: Arboliva|37\/100\n|-damage|p1a: Arboliva|15\/100\n|-crit|p1a: Arboliva\n|-damage|p1a: Arboliva|0 fnt\n|faint|p1a: Arboliva\n|-hitcount|p1: Arboliva|4\n|\n|win|kakoGMS\n|raw|IzKingZ's rating: 1340 &rarr; <strong>1321<\/strong><br \/>(-19 for losing)\n|raw|kakoGMS's rating: 1351 &rarr; <strong>1370<\/strong><br \/>(+19 for winning)\n|l|\u2606IzKingZ\n","uploadtime":1697915099,"views":7,"p1id":"izkingz","p2id":"kakogms","formatid":"gen9nationaldexdoubles","rating":1321,"private":0,"password":""}