{"id":"gen9nationaldexdoubles-1972403008","p1":"Diquizerazz","p2":"delicioustree","format":"[Gen 9] National Dex Doubles","log":"|j|\u2606Diquizerazz\n|j|\u2606delicioustree\n|t:|1697839016\n|gametype|doubles\n|player|p1|Diquizerazz|wattson|1121\n|player|p2|delicioustree|acetrainerf-gen7|1012\n|teamsize|p1|6\n|teamsize|p2|6\n|gen|9\n|tier|[Gen 9] National Dex Doubles\n|rated|\n|rule|HP Percentage Mod: HP is shown in percentages\n|rule|Endless Battle Clause: Forcing endless battles is banned\n|rule|OHKO Clause: OHKO moves are banned\n|rule|Evasion Moves Clause: Evasion moves are banned\n|rule|Evasion Abilities Clause: Evasion abilities are banned\n|rule|Species Clause: Limit one of each Pok\u00e9mon\n|rule|Gravity Sleep Clause: The combination of sleep-inducing moves with imperfect accuracy and Gravity or Gigantamax Orbeetle are banned\n|clearpoke\n|poke|p1|Breloom, F|\n|poke|p1|Vivillon-Sandstorm, M|\n|poke|p1|Sinistcha|\n|poke|p1|Basculegion, M|\n|poke|p1|Clodsire, M|\n|poke|p1|Mightyena, M|\n|poke|p2|Jirachi|\n|poke|p2|Mismagius, F|\n|poke|p2|Audino, F|\n|poke|p2|Delphox, F|\n|poke|p2|Mienshao, M|\n|poke|p2|Altaria, F|\n|teampreview\n|\n|t:|1697839029\n|start\n|switch|p1a: Breloom|Breloom, F, shiny|100\/100\n|switch|p1b: Vivillon|Vivillon-Sandstorm, M|100\/100\n|switch|p2a: 9999999|Mismagius, F|100\/100\n|switch|p2b: Yes|Audino, F|100\/100\n|turn|1\n|inactive|Battle timer is ON: inactive players will automatically lose when time's up. (requested by delicioustree)\n|\n|t:|1697839051\n|move|p2a: 9999999|Icy Wind|p1b: Vivillon|[spread] p1a,p1b\n|-supereffective|p1a: Breloom\n|-supereffective|p1b: Vivillon\n|-damage|p1a: Breloom|51\/100\n|-damage|p1b: Vivillon|61\/100\n|-unboost|p1a: Breloom|spe|1\n|-unboost|p1b: Vivillon|spe|1\n|move|p1b: Vivillon|Sleep Powder|p2a: 9999999\n|-status|p2a: 9999999|slp|[from] move: Sleep Powder\n|move|p1a: Breloom|Power-Up Punch|p2b: Yes\n|-supereffective|p2b: Yes\n|-damage|p2b: Yes|50\/100\n|-boost|p1a: Breloom|atk|1\n|-damage|p1a: Breloom|35\/100|[from] item: Rocky Helmet|[of] p2b: Yes\n|move|p2b: Yes|Blizzard|p1a: Breloom|[spread] p1a,p1b\n|-supereffective|p1a: Breloom\n|-supereffective|p1b: Vivillon\n|-damage|p1a: Breloom|0 fnt\n|-damage|p1b: Vivillon|20\/100\n|faint|p1a: Breloom\n|\n|upkeep\n|\n|t:|1697839077\n|switch|p1a: Basculegion|Basculegion, M|100\/100\n|turn|2\n|\n|t:|1697839105\n|cant|p2a: 9999999|slp\n|move|p1a: Basculegion|Last Respects|p2a: 9999999\n|-supereffective|p2a: 9999999\n|-damage|p2a: 9999999|0 fnt\n|faint|p2a: 9999999\n|-damage|p1a: Basculegion|91\/100|[from] item: Life Orb\n|move|p1b: Vivillon|U-turn|p2b: Yes\n|-damage|p2b: Yes|40\/100\n|-damage|p1b: Vivillon|4\/100|[from] item: Rocky Helmet|[of] p2b: Yes\n|\n|t:|1697839117\n|switch|p1b: Sinistcha|Sinistcha|100\/100|[from] U-turn\n|-heal|p1a: Basculegion|100\/100|[from] ability: Hospitality|[of] p1b: Sinistcha\n|move|p2b: Yes|Blizzard|p1a: Basculegion|[spread] p1a,p1b\n|-resisted|p1a: Basculegion\n|-supereffective|p1b: Sinistcha\n|-damage|p1a: Basculegion|94\/100\n|-damage|p1b: Sinistcha|73\/100\n|\n|upkeep\n|inactive|delicioustree has 120 seconds left.\n|\n|t:|1697839141\n|switch|p2a: Get mad!!|Mienshao, M|100\/100\n|turn|3\n|\n|t:|1697839162\n|move|p2b: Yes|Helping Hand|p2a: Get mad!!\n|-singleturn|p2a: Get mad!!|Helping Hand|[of] p2b: Yes\n|move|p2a: Get mad!!|Knock Off|p1a: Basculegion\n|-supereffective|p1a: Basculegion\n|-damage|p1a: Basculegion|0 fnt\n|-enditem|p1a: Basculegion|Life Orb|[from] move: Knock Off|[of] p2a: Get mad!!\n|faint|p1a: Basculegion\n|-damage|p2a: Get mad!!|91\/100|[from] item: Life Orb\n|move|p1b: Sinistcha|Matcha Gotcha|p2a: Get mad!!|[spread] p2a,p2b\n|-damage|p2a: Get mad!!|24\/100\n|-heal|p1b: Sinistcha|99\/100|[from] drain|[of] p2a: Get mad!!\n|-damage|p2b: Yes|12\/100\n|-heal|p1b: Sinistcha|100\/100|[from] drain|[of] p2b: Yes\n|-status|p2a: Get mad!!|brn\n|\n|-damage|p2a: Get mad!!|18\/100 brn|[from] brn\n|upkeep\n|inactive|Diquizerazz has 120 seconds left.\n|\n|t:|1697839185\n|switch|p1a: Vivillon|Vivillon-Sandstorm, M|4\/100\n|turn|4\n|\n|t:|1697839197\n|move|p2b: Yes|Helping Hand|p2a: Get mad!!\n|-singleturn|p2a: Get mad!!|Helping Hand|[of] p2b: Yes\n|move|p2a: Get mad!!|Knock Off|p1b: Sinistcha\n|-supereffective|p1b: Sinistcha\n|-damage|p1b: Sinistcha|36\/100\n|-enditem|p1b: Sinistcha|Wiki Berry|[from] move: Knock Off|[of] p2a: Get mad!!\n|-damage|p2a: Get mad!!|8\/100 brn|[from] item: Life Orb\n|move|p1a: Vivillon|Stun Spore||[still]\n|-fail|p1a: Vivillon\n|move|p1b: Sinistcha|Matcha Gotcha|p2b: Yes|[spread] p2a,p2b\n|-damage|p2a: Get mad!!|0 fnt\n|-heal|p1b: Sinistcha|39\/100|[from] drain|[of] p2a: Get mad!!\n|-damage|p2b: Yes|0 fnt\n|-heal|p1b: Sinistcha|45\/100|[from] drain|[of] p2b: Yes\n|faint|p2a: Get mad!!\n|faint|p2b: Yes\n|\n|upkeep\n|inactive|delicioustree has 120 seconds left.\n|\n|t:|1697839228\n|switch|p2a: Machiavellian Bach|Jirachi|100\/100\n|switch|p2b: Lemonade|Delphox, F|100\/100\n|turn|5\n|j| Zakyzzz\n|inactive|delicioustree has 120 seconds left.\n|\n|t:|1697839266\n|move|p2b: Lemonade|Heat Wave|p1b: Sinistcha|[spread] p1a,p1b\n|-supereffective|p1a: Vivillon\n|-supereffective|p1b: Sinistcha\n|-damage|p1a: Vivillon|0 fnt\n|-damage|p1b: Sinistcha|0 fnt\n|faint|p1a: Vivillon\n|faint|p1b: Sinistcha\n|-damage|p2b: Lemonade|91\/100|[from] item: Life Orb\n|move|p2a: Machiavellian Bach|Ice Punch|p1: Vivillon|[notarget]\n|-fail|p2a: Machiavellian Bach\n|\n|upkeep\n|\n|t:|1697839276\n|switch|p1a: Clodsire|Clodsire, M|100\/100\n|switch|p1b: Mightyena|Mightyena, M|100\/100\n|turn|6\n|inactive|delicioustree has 120 seconds left.\n|\n|t:|1697839312\n|-terastallize|p2b: Lemonade|Fire\n|move|p2b: Lemonade|Dazzling Gleam|p1a: Clodsire|[spread] p1a,p1b\n|-resisted|p1a: Clodsire\n|-supereffective|p1b: Mightyena\n|-damage|p1a: Clodsire|94\/100\n|-damage|p1b: Mightyena|0 fnt\n|faint|p1b: Mightyena\n|-damage|p2b: Lemonade|81\/100|[from] item: Life Orb\n|move|p2a: Machiavellian Bach|Ice Punch|p1a: Clodsire\n|-supereffective|p1a: Clodsire\n|-damage|p1a: Clodsire|58\/100\n|move|p1a: Clodsire|Megahorn|p2b: Lemonade\n|-resisted|p2b: Lemonade\n|-damage|p2b: Lemonade|63\/100\n|\n|-heal|p1a: Clodsire|64\/100|[from] item: Leftovers\n|upkeep\n|turn|7\n|inactive|delicioustree has 120 seconds left.\n|inactive|delicioustree has 90 seconds left.\n|\n|t:|1697839353\n|move|p2b: Lemonade|Dazzling Gleam|p1a: Clodsire\n|-resisted|p1a: Clodsire\n|-damage|p1a: Clodsire|56\/100\n|-damage|p2b: Lemonade|53\/100|[from] item: Life Orb\n|move|p2a: Machiavellian Bach|Psychic|p1a: Clodsire\n|-supereffective|p1a: Clodsire\n|-damage|p1a: Clodsire|22\/100\n|move|p1a: Clodsire|Earth Power|p2b: Lemonade\n|-supereffective|p2b: Lemonade\n|-damage|p2b: Lemonade|15\/100\n|\n|-heal|p1a: Clodsire|28\/100|[from] item: Leftovers\n|upkeep\n|turn|8\n|inactive|delicioustree has 90 seconds left.\n|\n|t:|1697839373\n|move|p2b: Lemonade|Heat Wave|p1a: Clodsire\n|-damage|p1a: Clodsire|0 fnt\n|faint|p1a: Clodsire\n|-damage|p2b: Lemonade|5\/100|[from] item: Life Orb\n|\n|win|delicioustree\n|raw|Diquizerazz's rating: 1121 &rarr; <strong>1088<\/strong><br \/>(-33 for losing)\n|raw|delicioustree's rating: 1012 &rarr; <strong>1062<\/strong><br \/>(+50 for winning)\n","uploadtime":1697839381,"views":14,"p1id":"diquizerazz","p2id":"delicioustree","formatid":"gen9nationaldexdoubles","rating":1062,"private":0,"password":""}