{"id":"gen9nationaldexdoubles-1979854493","p1":"Jack the Ripper21","p2":"AhiruChan","format":"[Gen 9] National Dex Doubles","log":"|j|\u2606Jack the Ripper21\n|j|\u2606AhiruChan\n|t:|1698720396\n|gametype|doubles\n|player|p1|Jack the Ripper21|gentleman-gen4dp|\n|player|p2|AhiruChan|waitress|\n|teamsize|p1|6\n|teamsize|p2|6\n|gen|9\n|tier|[Gen 9] National Dex Doubles\n|rule|HP Percentage Mod: HP is shown in percentages\n|rule|Endless Battle Clause: Forcing endless battles is banned\n|rule|OHKO Clause: OHKO moves are banned\n|rule|Evasion Moves Clause: Evasion moves are banned\n|rule|Evasion Abilities Clause: Evasion abilities are banned\n|rule|Species Clause: Limit one of each Pok\u00e9mon\n|rule|Gravity Sleep Clause: The combination of sleep-inducing moves with imperfect accuracy and Gravity or Gigantamax Orbeetle are banned\n|clearpoke\n|poke|p1|Venusaur, M|\n|poke|p1|Toxapex, M|\n|poke|p1|Iron Moth|\n|poke|p1|Sneasler, M|\n|poke|p1|Glimmora, F|\n|poke|p1|Slowking-Galar, F|\n|poke|p2|Scizor, F|\n|poke|p2|Sneasler, M|\n|poke|p2|Tapu Koko|\n|poke|p2|Meowscarada, F|\n|poke|p2|Iron Valiant|\n|poke|p2|Raichu-Alola, F|\n|teampreview\n|inactive|Battle timer is ON: inactive players will automatically lose when time's up. (requested by AhiruChan)\n|c|\u2606AhiruChan|Glhf\n|\n|t:|1698720414\n|start\n|switch|p1a: Sazae|Slowking-Galar, F|100\/100\n|switch|p1b: Mutated Ballsack|Glimmora, F|100\/100\n|switch|p2a: Tapu Koko|Tapu Koko|100\/100\n|switch|p2b: Scizor|Scizor, F|100\/100\n|-fieldstart|move: Electric Terrain|[from] ability: Electric Surge|[of] p2a: Tapu Koko\n|turn|1\n|\n|t:|1698720441\n|switch|p2b: Sneasler|Sneasler, M|100\/100\n|-enditem|p2b: Sneasler|Electric Seed\n|-boost|p2b: Sneasler|def|1|[from] item: Electric Seed\n|move|p2a: Tapu Koko|Light Screen|p2a: Tapu Koko\n|-sidestart|p2: AhiruChan|move: Light Screen\n|move|p1b: Mutated Ballsack|Stealth Rock|p2b: Sneasler\n|-sidestart|p2: AhiruChan|move: Stealth Rock\n|move|p1a: Sazae|Sludge Bomb|p2a: Tapu Koko\n|-supereffective|p2a: Tapu Koko\n|-damage|p2a: Tapu Koko|46\/100\n|\n|upkeep\n|turn|2\n|\n|t:|1698720471\n|move|p2b: Sneasler|Fake Out|p1a: Sazae\n|-damage|p1a: Sazae|89\/100\n|move|p2a: Tapu Koko|Volt Switch|p1b: Mutated Ballsack\n|-damage|p1b: Mutated Ballsack|63\/100\n|\n|t:|1698720477\n|switch|p2a: Raichu|Raichu-Alola, F|100\/100|[from] Volt Switch\n|-damage|p2a: Raichu|88\/100|[from] Stealth Rock\n|move|p1b: Mutated Ballsack|Sludge Bomb|p2a: Raichu\n|-damage|p2a: Raichu|43\/100\n|cant|p1a: Sazae|flinch\n|\n|upkeep\n|turn|3\n|c|\u2606Jack the Ripper21|poison this next mon\n|inactive|AhiruChan has 270 seconds left.\n|\n|t:|1698720511\n|-terastallize|p2b: Sneasler|Flying\n|move|p1b: Mutated Ballsack|Spiky Shield|p1b: Mutated Ballsack\n|-singleturn|p1b: Mutated Ballsack|move: Protect\n|move|p2a: Raichu|Rising Voltage|p1b: Mutated Ballsack\n|-activate|p1b: Mutated Ballsack|move: Protect\n|move|p2b: Sneasler|Acrobatics|p1a: Sazae\n|-damage|p1a: Sazae|40\/100\n|move|p1a: Sazae|Thunder Wave|p2b: Sneasler\n|-status|p2b: Sneasler|par\n|\n|upkeep\n|turn|4\n|inactive|Jack the Ripper21 has 270 seconds left.\n|\n|t:|1698720542\n|move|p2a: Raichu|Psyshock|p1b: Mutated Ballsack\n|-supereffective|p1b: Mutated Ballsack\n|-damage|p1b: Mutated Ballsack|0 fnt\n|faint|p1b: Mutated Ballsack\n|cant|p2b: Sneasler|par\n|move|p1a: Sazae|Sludge Bomb|p2a: Raichu\n|-damage|p2a: Raichu|7\/100\n|\n|upkeep\n|inactive|Jack the Ripper21 has 270 seconds left.\n|\n|t:|1698720557\n|switch|p1b: Ripper|Sneasler, M|100\/100\n|-item|p1b: Ripper|Air Balloon\n|turn|5\n|inactive|Jack the Ripper21 has 270 seconds left.\n|\n|t:|1698720584\n|switch|p1b: hello|Venusaur, M|100\/100\n|move|p2a: Raichu|Psyshock|p1b: hello\n|-supereffective|p1b: hello\n|-damage|p1b: hello|53\/100\n|move|p2b: Sneasler|Acrobatics|p1a: Sazae\n|-damage|p1a: Sazae|0 fnt\n|faint|p1a: Sazae\n|\n|-fieldend|move: Electric Terrain\n|upkeep\n|\n|t:|1698720603\n|switch|p1a: Its a moth|Iron Moth|100\/100\n|-enditem|p1a: Its a moth|Booster Energy\n|-activate|p1a: Its a moth|ability: Quark Drive|[fromitem]\n|-start|p1a: Its a moth|quarkdrivespa\n|turn|6\n|\n|t:|1698720632\n|switch|p2b: Tapu Koko|Tapu Koko|46\/100\n|-damage|p2b: Tapu Koko|33\/100|[from] Stealth Rock\n|-fieldstart|move: Electric Terrain|[from] ability: Electric Surge|[of] p2b: Tapu Koko\n|detailschange|p1b: hello|Venusaur-Mega, M\n|-mega|p1b: hello|Venusaur|Venusaurite\n|-terastallize|p1a: Its a moth|Fire\n|move|p2a: Raichu|Psyshock|p1b: hello\n|-supereffective|p1b: hello\n|-damage|p1b: hello|13\/100\n|move|p1a: Its a moth|Dazzling Gleam|p2b: Tapu Koko|[spread] p2a,p2b\n|-damage|p2a: Raichu|0 fnt\n|-damage|p2b: Tapu Koko|10\/100\n|faint|p2a: Raichu\n|move|p1b: hello|Synthesis|p1b: hello\n|-heal|p1b: hello|63\/100\n|\n|upkeep\n|inactive|AhiruChan has 270 seconds left.\n|c|\u2606AhiruChan|Oof\n|c|\u2606Jack the Ripper21|i knew he would tank\n|\n|t:|1698720658\n|switch|p2a: Iron Valiant|Iron Valiant|100\/100\n|-damage|p2a: Iron Valiant|94\/100|[from] Stealth Rock\n|-activate|p2a: Iron Valiant|ability: Quark Drive\n|-start|p2a: Iron Valiant|quarkdrivespe\n|turn|7\n|inactive|AhiruChan has 270 seconds left.\n|\n|t:|1698720674\n|switch|p1b: tanky|Toxapex, M|100\/100\n|move|p2a: Iron Valiant|Thunderbolt|p1a: Its a moth\n|-damage|p1a: Its a moth|57\/100\n|move|p2b: Tapu Koko|Volt Switch|p1a: Its a moth\n|-damage|p1a: Its a moth|26\/100\n|\n|t:|1698720683\n|switch|p2b: Sneasler|Sneasler, M, tera:Flying|100\/100 par|[from] Volt Switch\n|-damage|p2b: Sneasler|76\/100 par|[from] Stealth Rock\n|move|p1a: Its a moth|Sludge Wave|p2a: Iron Valiant|[spread] p1b,p2a,p2b\n|-resisted|p1b: tanky\n|-supereffective|p2a: Iron Valiant\n|-damage|p1b: tanky|81\/100\n|-damage|p2a: Iron Valiant|0 fnt\n|-damage|p2b: Sneasler|33\/100 par\n|faint|p2a: Iron Valiant\n|-end|p2a: Iron Valiant|Quark Drive|[silent]\n|\n|-heal|p1b: tanky|87\/100|[from] item: Black Sludge\n|upkeep\n|\n|t:|1698720692\n|switch|p2a: Meowscarada|Meowscarada, F|100\/100\n|-damage|p2a: Meowscarada|88\/100|[from] Stealth Rock\n|turn|8\n|\n|t:|1698720707\n|switch|p1b: hello|Venusaur-Mega, M|63\/100\n|move|p2a: Meowscarada|Knock Off|p1a: Its a moth\n|-start|p2a: Meowscarada|typechange|Dark|[from] ability: Protean\n|-damage|p1a: Its a moth|0 fnt\n|faint|p1a: Its a moth\n|-end|p1a: Its a moth|Quark Drive|[silent]\n|cant|p2b: Sneasler|par\n|\n|-sideend|p2: AhiruChan|move: Light Screen\n|upkeep\n|\n|t:|1698720718\n|switch|p1a: Ripper|Sneasler, M|100\/100\n|-item|p1a: Ripper|Air Balloon\n|turn|9\n|\n|t:|1698720741\n|move|p2a: Meowscarada|Knock Off|p1b: hello\n|-damage|p1b: hello|43\/100\n|move|p1a: Ripper|Dire Claw|p2b: Sneasler\n|-damage|p2b: Sneasler|0 fnt\n|faint|p2b: Sneasler\n|move|p1b: hello|Leech Seed|p2a: Meowscarada\n|-start|p2a: Meowscarada|move: Leech Seed\n|\n|-damage|p2a: Meowscarada|76\/100|[from] Leech Seed|[of] p1b: hello\n|-heal|p1b: hello|53\/100|[silent]\n|upkeep\n|\n|t:|1698720747\n|switch|p2b: Scizor|Scizor, F|100\/100\n|-damage|p2b: Scizor|88\/100|[from] Stealth Rock\n|turn|10\n|\n|t:|1698720764\n|switch|p2a: Tapu Koko|Tapu Koko|10\/100\n|-damage|p2a: Tapu Koko|0 fnt|[from] Stealth Rock\n|faint|p2a: Tapu Koko\n|detailschange|p2b: Scizor|Scizor-Mega, F\n|-mega|p2b: Scizor|Scizor|Scizorite\n|move|p1a: Ripper|Swords Dance|p1a: Ripper\n|-boost|p1a: Ripper|atk|2\n|move|p1b: hello|Hidden Power|p2b: Scizor\n|-supereffective|p2b: Scizor\n|-damage|p2b: Scizor|18\/100\n|move|p2b: Scizor|Swords Dance|p2b: Scizor\n|-boost|p2b: Scizor|atk|2\n|\n|-fieldend|move: Electric Terrain\n|upkeep\n|\n|t:|1698720767\n|switch|p2a: Meowscarada|Meowscarada, F|76\/100\n|-damage|p2a: Meowscarada|64\/100|[from] Stealth Rock\n|turn|11\n|c|\u2606Jack the Ripper21|your in the line of fire\n|inactive|AhiruChan has 270 seconds left.\n|\n|t:|1698720800\n|move|p2b: Scizor|Bullet Punch|p1a: Ripper\n|-damage|p1a: Ripper|0 fnt\n|-enditem|p1a: Ripper|Air Balloon\n|faint|p1a: Ripper\n|move|p2a: Meowscarada|U-turn|p1b: hello\n|-start|p2a: Meowscarada|typechange|Bug|[from] ability: Protean\n|-damage|p1b: hello|33\/100\n|move|p1b: hello|Hidden Power|p2b: Scizor\n|-supereffective|p2b: Scizor\n|-damage|p2b: Scizor|0 fnt\n|faint|p2b: Scizor\n|\n|upkeep\n|c|\u2606AhiruChan|Gg\n|\n|t:|1698720813\n|switch|p1a: tanky|Toxapex, M|100\/100\n|turn|12\n|c|\u2606AhiruChan|Can i change sets\n|c|\u2606AhiruChan|?\n|\n|t:|1698720830\n|move|p2a: Meowscarada|U-turn|p1b: hello\n|-damage|p1b: hello|14\/100\n|move|p1b: hello|Synthesis|p1b: hello\n|-heal|p1b: hello|64\/100\n|move|p1a: tanky|Scald|p2a: Meowscarada\n|-damage|p2a: Meowscarada|38\/100\n|-status|p2a: Meowscarada|brn\n|\n|-damage|p2a: Meowscarada|32\/100 brn|[from] brn\n|upkeep\n|turn|13\n|c|\u2606Jack the Ripper21|your not allowed to\n|c|\u2606Jack the Ripper21|the only way is reset your badges\n|c|\u2606AhiruChan|Fair\n|\n|t:|1698720848\n|move|p2a: Meowscarada|U-turn|p1b: hello\n|-damage|p1b: hello|54\/100\n|move|p1b: hello|Hidden Power|p2a: Meowscarada\n|-supereffective|p2a: Meowscarada\n|-damage|p2a: Meowscarada|0 fnt\n|faint|p2a: Meowscarada\n|\n|win|Jack the Ripper21\n|c|\u2606AhiruChan|Gg\n|c|\u2606Jack the Ripper21|Gg\n","uploadtime":1698720956,"views":12,"p1id":"jacktheripper21","p2id":"ahiruchan","formatid":"gen9nationaldexdoubles","rating":0,"private":0,"password":""}