{"id":"gen9nationaldexdoubles-1959191713","p1":"Prapple2","p2":"Not McBruh","format":"[Gen 9] National Dex Doubles","log":"|j|\u2606Prapple2\n|j|\u2606Not McBruh\n|t:|1696398276\n|gametype|doubles\n|player|p1|Prapple2|caitlin|1283\n|player|p2|Not McBruh|colress|1403\n|teamsize|p1|6\n|teamsize|p2|6\n|gen|9\n|tier|[Gen 9] National Dex Doubles\n|rated|\n|rule|HP Percentage Mod: HP is shown in percentages\n|rule|Endless Battle Clause: Forcing endless battles is banned\n|rule|OHKO Clause: OHKO moves are banned\n|rule|Evasion Moves Clause: Evasion moves are banned\n|rule|Evasion Abilities Clause: Evasion abilities are banned\n|rule|Species Clause: Limit one of each Pok\u00e9mon\n|rule|Gravity Sleep Clause: The combination of sleep-inducing moves with imperfect accuracy and Gravity or Gigantamax Orbeetle are banned\n|clearpoke\n|poke|p1|Amoonguss, F|\n|poke|p1|Chesnaught, F|\n|poke|p1|Rillaboom, M|\n|poke|p1|Zarude-Dada|\n|poke|p1|Jumpluff, F|\n|poke|p1|Exeggutor-Alola, M|\n|poke|p2|Pheromosa|\n|poke|p2|Ursaluna, M|\n|poke|p2|Ninetales-Alola, F|\n|poke|p2|Whimsicott, M|\n|poke|p2|Sableye, M|\n|poke|p2|Camerupt, M|\n|teampreview\n|c|\u2606Not McBruh|glhf\n|\n|t:|1696398307\n|start\n|switch|p1a: Exeggutor|Exeggutor-Alola, M|100\/100\n|switch|p1b: Zarude|Zarude-Dada|100\/100\n|switch|p2a: DO NOT THE BUG|Pheromosa|100\/100\n|switch|p2b: Whimsicott|Whimsicott, M|100\/100\n|-item|p2a: DO NOT THE BUG|Focus Sash|[from] ability: Frisk|[of] p1a: Exeggutor|[identify]\n|-item|p2b: Whimsicott|Focus Sash|[from] ability: Frisk|[of] p1a: Exeggutor|[identify]\n|turn|1\n|\n|t:|1696398326\n|move|p2a: DO NOT THE BUG|Protect|p2a: DO NOT THE BUG\n|-singleturn|p2a: DO NOT THE BUG|Protect\n|move|p2b: Whimsicott|Tailwind|p2b: Whimsicott\n|-sidestart|p2: Not McBruh|move: Tailwind\n|move|p1b: Zarude|Rock Slide|p2b: Whimsicott|[spread] p2b\n|-activate|p2a: DO NOT THE BUG|move: Protect\n|-damage|p2b: Whimsicott|64\/100\n|-damage|p1b: Zarude|91\/100|[from] item: Life Orb\n|move|p1a: Exeggutor|Psyshock|p2a: DO NOT THE BUG\n|-activate|p2a: DO NOT THE BUG|move: Protect\n|\n|upkeep\n|turn|2\n|\n|t:|1696398342\n|switch|p2b: Ursaluna|Ursaluna, M|100\/100\n|move|p2a: DO NOT THE BUG|Coaching|p2b: Ursaluna\n|-boost|p2b: Ursaluna|atk|1\n|-boost|p2b: Ursaluna|def|1\n|move|p1b: Zarude|U-turn|p2b: Ursaluna\n|-damage|p2b: Ursaluna|84\/100\n|-damage|p1b: Zarude|81\/100|[from] item: Life Orb\n|\n|t:|1696398355\n|switch|p1b: Chesnaught|Chesnaught, F|100\/100|[from] U-turn\n|move|p1a: Exeggutor|Psyshock|p2a: DO NOT THE BUG\n|-supereffective|p2a: DO NOT THE BUG\n|-enditem|p2a: DO NOT THE BUG|Focus Sash\n|-damage|p2a: DO NOT THE BUG|1\/100\n|\n|upkeep\n|turn|3\n|\n|t:|1696398362\n|move|p2b: Ursaluna|Protect|p2b: Ursaluna\n|-singleturn|p2b: Ursaluna|Protect\n|move|p2a: DO NOT THE BUG|Speed Swap|p2b: Ursaluna\n|-activate|p2b: Ursaluna|move: Protect\n|move|p1b: Chesnaught|Iron Defense|p1b: Chesnaught\n|-boost|p1b: Chesnaught|def|2\n|move|p1a: Exeggutor|Psyshock|p2a: DO NOT THE BUG\n|-supereffective|p2a: DO NOT THE BUG\n|-damage|p2a: DO NOT THE BUG|0 fnt\n|faint|p2a: DO NOT THE BUG\n|\n|upkeep\n|\n|t:|1696398370\n|switch|p2a: Sableye|Sableye, M|100\/100\n|turn|4\n|\n|t:|1696398380\n|-terastallize|p2b: Ursaluna|Normal\n|move|p1b: Chesnaught|Wide Guard|p1b: Chesnaught\n|-singleturn|p1b: Chesnaught|Wide Guard\n|move|p2a: Sableye|Will-O-Wisp|p2b: Ursaluna\n|-status|p2b: Ursaluna|brn\n|move|p2b: Ursaluna|Facade|p1b: Chesnaught\n|-damage|p1b: Chesnaught|8\/100\n|move|p1a: Exeggutor|Psyshock|p2b: Ursaluna\n|-damage|p2b: Ursaluna|61\/100 brn\n|\n|-heal|p1b: Chesnaught|14\/100|[from] item: Leftovers\n|-damage|p2b: Ursaluna|55\/100 brn|[from] brn\n|-sideend|p2: Not McBruh|move: Tailwind\n|upkeep\n|turn|5\n|\n|t:|1696398406\n|move|p2a: Sableye|Will-O-Wisp|p1b: Chesnaught\n|-status|p1b: Chesnaught|brn\n|move|p1b: Chesnaught|Body Press|p2b: Ursaluna\n|-supereffective|p2b: Ursaluna\n|-damage|p2b: Ursaluna|26\/100 brn\n|move|p2b: Ursaluna|Facade|p1a: Exeggutor\n|-damage|p1a: Exeggutor|0 fnt\n|faint|p1a: Exeggutor\n|\n|-heal|p1b: Chesnaught|20\/100 brn|[from] item: Leftovers\n|-damage|p1b: Chesnaught|14\/100 brn|[from] brn\n|-damage|p2b: Ursaluna|20\/100 brn|[from] brn\n|upkeep\n|\n|t:|1696398414\n|switch|p1a: Jumpluff|Jumpluff, F|100\/100\n|turn|6\n|\n|t:|1696398420\n|move|p2a: Sableye|Trick|p1a: Jumpluff\n|-activate|p2a: Sableye|move: Trick|[of] p1a: Jumpluff\n|-item|p1a: Jumpluff|Iron Ball|[from] move: Trick\n|-item|p2a: Sableye|Focus Sash|[from] move: Trick\n|move|p1a: Jumpluff|Tailwind|p1a: Jumpluff\n|-sidestart|p1: Prapple2|move: Tailwind\n|move|p1b: Chesnaught|Rock Slide|p2b: Ursaluna|[spread] p2a,p2b\n|-damage|p2a: Sableye|91\/100\n|-damage|p2b: Ursaluna|16\/100 brn\n|cant|p2b: Ursaluna|flinch\n|\n|-heal|p1b: Chesnaught|20\/100 brn|[from] item: Leftovers\n|-damage|p1b: Chesnaught|14\/100 brn|[from] brn\n|-damage|p2b: Ursaluna|9\/100 brn|[from] brn\n|upkeep\n|turn|7\n|\n|t:|1696398451\n|move|p1a: Jumpluff|U-turn|p2b: Ursaluna\n|-damage|p2b: Ursaluna|4\/100 brn\n|\n|t:|1696398457\n|switch|p1a: Zarude|Zarude-Dada|81\/100|[from] U-turn\n|move|p1b: Chesnaught|Rock Slide|p2b: Ursaluna|[spread] p2a,p2b\n|-damage|p2a: Sableye|82\/100\n|-damage|p2b: Ursaluna|0 fnt\n|faint|p2b: Ursaluna\n|move|p2a: Sableye|Foul Play|p1b: Chesnaught\n|-resisted|p1b: Chesnaught\n|-damage|p1b: Chesnaught|4\/100 brn\n|\n|-heal|p1b: Chesnaught|10\/100 brn|[from] item: Leftovers\n|-damage|p1b: Chesnaught|4\/100 brn|[from] brn\n|upkeep\n|\n|t:|1696398461\n|switch|p2b: Camerupt|Camerupt, M|100\/100\n|turn|8\n|\n|t:|1696398472\n|detailschange|p2b: Camerupt|Camerupt-Mega, M\n|-mega|p2b: Camerupt|Camerupt|Cameruptite\n|move|p2b: Camerupt|Protect|p2b: Camerupt\n|-singleturn|p2b: Camerupt|Protect\n|move|p1b: Chesnaught|Wide Guard|p1b: Chesnaught\n|-singleturn|p1b: Chesnaught|Wide Guard\n|move|p1a: Zarude|Rock Slide|p2b: Camerupt|[spread] p2a\n|-activate|p2b: Camerupt|move: Protect\n|-damage|p2a: Sableye|55\/100\n|-damage|p1a: Zarude|71\/100|[from] item: Life Orb\n|move|p2a: Sableye|Foul Play|p1b: Chesnaught\n|-resisted|p1b: Chesnaught\n|-damage|p1b: Chesnaught|0 fnt\n|faint|p1b: Chesnaught\n|\n|upkeep\n|\n|t:|1696398483\n|switch|p1b: Rillaboom|Rillaboom, M|100\/100\n|-fieldstart|move: Grassy Terrain|[from] ability: Grassy Surge|[of] p1b: Rillaboom\n|turn|9\n|\n|t:|1696398503\n|move|p2a: Sableye|Will-O-Wisp|p1b: Rillaboom\n|-status|p1b: Rillaboom|brn\n|move|p1a: Zarude|Rock Slide|p2b: Camerupt|[spread] p2a,p2b\n|-damage|p2a: Sableye|32\/100\n|-damage|p2b: Camerupt|72\/100\n|-damage|p1a: Zarude|61\/100|[from] item: Life Orb\n|move|p1b: Rillaboom|Wood Hammer|p2b: Camerupt\n|-damage|p2b: Camerupt|4\/100\n|-damage|p1b: Rillaboom|81\/100 brn|[from] Recoil\n|cant|p2b: Camerupt|flinch\n|\n|-heal|p1a: Zarude|67\/100|[from] Grassy Terrain\n|-heal|p1b: Rillaboom|88\/100 brn|[from] Grassy Terrain\n|-heal|p2a: Sableye|38\/100|[from] Grassy Terrain\n|-heal|p2b: Camerupt|10\/100|[from] Grassy Terrain\n|-damage|p1b: Rillaboom|81\/100 brn|[from] brn\n|-sideend|p1: Prapple2|move: Tailwind\n|upkeep\n|turn|10\n|\n|t:|1696398522\n|switch|p2b: Ninetales|Ninetales-Alola, F|100\/100\n|-weather|Snow|[from] ability: Snow Warning|[of] p2b: Ninetales\n|move|p2a: Sableye|Recover|p2a: Sableye\n|-heal|p2a: Sableye|88\/100\n|move|p1a: Zarude|Rock Slide|p2b: Ninetales|[spread] p2a,p2b\n|-supereffective|p2b: Ninetales\n|-damage|p2a: Sableye|61\/100\n|-damage|p2b: Ninetales|48\/100\n|-damage|p1a: Zarude|57\/100|[from] item: Life Orb\n|move|p1b: Rillaboom|Wood Hammer|p2a: Sableye\n|-damage|p2a: Sableye|0 fnt\n|faint|p2a: Sableye\n|-damage|p1b: Rillaboom|66\/100 brn|[from] Recoil\n|\n|-weather|Snow|[upkeep]\n|-heal|p2b: Ninetales|54\/100|[from] Grassy Terrain\n|-heal|p1a: Zarude|63\/100|[from] Grassy Terrain\n|-heal|p1b: Rillaboom|73\/100 brn|[from] Grassy Terrain\n|-damage|p1b: Rillaboom|66\/100 brn|[from] brn\n|upkeep\n|\n|t:|1696398535\n|switch|p2a: Whimsicott|Whimsicott, M|64\/100\n|turn|11\n|\n|t:|1696398540\n|move|p2a: Whimsicott|Moonblast|p1a: Zarude\n|-supereffective|p1a: Zarude\n|-damage|p1a: Zarude|8\/100\n|move|p2b: Ninetales|Aurora Veil|p2b: Ninetales\n|-sidestart|p2: Not McBruh|move: Aurora Veil\n|move|p1a: Zarude|Rock Slide|p2a: Whimsicott|[spread] p2a,p2b\n|-supereffective|p2b: Ninetales\n|-damage|p2a: Whimsicott|37\/100\n|-damage|p2b: Ninetales|21\/100\n|-damage|p1a: Zarude|0 fnt|[from] item: Life Orb\n|faint|p1a: Zarude\n|move|p1b: Rillaboom|Wood Hammer|p2b: Ninetales\n|-damage|p2b: Ninetales|0 fnt\n|faint|p2b: Ninetales\n|-damage|p1b: Rillaboom|62\/100 brn|[from] Recoil\n|\n|-weather|Snow|[upkeep]\n|-heal|p2a: Whimsicott|43\/100|[from] Grassy Terrain\n|-heal|p1b: Rillaboom|68\/100 brn|[from] Grassy Terrain\n|-damage|p1b: Rillaboom|62\/100 brn|[from] brn\n|upkeep\n|\n|t:|1696398548\n|switch|p2b: Camerupt|Camerupt-Mega, M|10\/100\n|switch|p1a: Amoonguss|Amoonguss, F|100\/100\n|turn|12\n|\n|t:|1696398560\n|move|p2b: Camerupt|Protect|p2b: Camerupt\n|-singleturn|p2b: Camerupt|Protect\n|move|p2a: Whimsicott|Taunt|p1a: Amoonguss\n|-start|p1a: Amoonguss|move: Taunt\n|move|p1b: Rillaboom|Wood Hammer|p2b: Camerupt\n|-activate|p2b: Camerupt|move: Protect\n|cant|p1a: Amoonguss|move: Taunt|Sunny Day\n|\n|-weather|Snow|[upkeep]\n|-heal|p2a: Whimsicott|49\/100|[from] Grassy Terrain\n|-heal|p1b: Rillaboom|68\/100 brn|[from] Grassy Terrain\n|-heal|p2b: Camerupt|16\/100|[from] Grassy Terrain\n|-damage|p1b: Rillaboom|62\/100 brn|[from] brn\n|upkeep\n|turn|13\n|\n|t:|1696398571\n|move|p2a: Whimsicott|Moonblast|p1b: Rillaboom\n|-damage|p1b: Rillaboom|21\/100 brn\n|move|p1b: Rillaboom|Wood Hammer|p2b: Camerupt\n|-damage|p2b: Camerupt|0 fnt\n|faint|p2b: Camerupt\n|-damage|p1b: Rillaboom|17\/100 brn|[from] Recoil\n|move|p1a: Amoonguss|Pollen Puff|p1b: Rillaboom\n|-heal|p1b: Rillaboom|67\/100 brn\n|\n|-weather|Snow|[upkeep]\n|-heal|p2a: Whimsicott|55\/100|[from] Grassy Terrain\n|-heal|p1b: Rillaboom|73\/100 brn|[from] Grassy Terrain\n|-damage|p1b: Rillaboom|67\/100 brn|[from] brn\n|-fieldend|move: Grassy Terrain\n|upkeep\n|turn|14\n|-message|Not McBruh forfeited.\n|\n|win|Prapple2\n|raw|Prapple2's rating: 1283 &rarr; <strong>1316<\/strong><br \/>(+33 for winning)\n|raw|Not McBruh's rating: 1403 &rarr; <strong>1376<\/strong><br \/>(-27 for losing)\n|l|\u2606Not McBruh\n","uploadtime":1696398584,"views":10,"p1id":"prapple2","p2id":"notmcbruh","formatid":"gen9nationaldexdoubles","rating":1316,"private":0,"password":""}