{"id":"gen9nationaldexdoubles-1981161621","p1":"wead023","p2":"Octolockr","format":"[Gen 9] National Dex Doubles","log":"|j|\u2606wead023\n|j|\u2606Octolockr\n|t:|1698868583\n|gametype|doubles\n|player|p1|wead023|101|1050\n|player|p2|Octolockr|blackbelt-gen4dp|1151\n|teamsize|p1|6\n|teamsize|p2|6\n|gen|9\n|tier|[Gen 9] National Dex Doubles\n|rated|\n|rule|HP Percentage Mod: HP is shown in percentages\n|rule|Endless Battle Clause: Forcing endless battles is banned\n|rule|OHKO Clause: OHKO moves are banned\n|rule|Evasion Moves Clause: Evasion moves are banned\n|rule|Evasion Abilities Clause: Evasion abilities are banned\n|rule|Species Clause: Limit one of each Pok\u00e9mon\n|rule|Gravity Sleep Clause: The combination of sleep-inducing moves with imperfect accuracy and Gravity or Gigantamax Orbeetle are banned\n|clearpoke\n|poke|p1|Poliwrath, M|\n|poke|p1|Walking Wake|\n|poke|p1|Politoed, M|\n|poke|p1|Gyarados, M|\n|poke|p1|Greninja-*, M|\n|poke|p1|Iron Bundle|\n|poke|p2|Excadrill, F|\n|poke|p2|Togekiss, M|\n|poke|p2|Quaquaval, M|\n|poke|p2|Lopunny, F|\n|poke|p2|Ninetales-Alola, F|\n|poke|p2|Zangoose, M|\n|teampreview\n|\n|t:|1698868594\n|start\n|switch|p1a: Poliwrath|Poliwrath, M|100\/100\n|switch|p1b: Politoed|Politoed, M|100\/100\n|switch|p2a: Quaquaval|Quaquaval, M|100\/100\n|switch|p2b: Lopunny|Lopunny, F|100\/100\n|-weather|RainDance|[from] ability: Drizzle|[of] p1b: Politoed\n|turn|1\n|\n|t:|1698868614\n|detailschange|p2b: Lopunny|Lopunny-Mega, F\n|-mega|p2b: Lopunny|Lopunny|Lopunnite\n|move|p2b: Lopunny|Fake Out|p1a: Poliwrath\n|-damage|p1a: Poliwrath|79\/100\n|cant|p1a: Poliwrath|flinch\n|move|p2a: Quaquaval|Aqua Step|p1b: Politoed\n|-resisted|p1b: Politoed\n|-damage|p1b: Politoed|65\/100\n|-boost|p2a: Quaquaval|spe|1\n|move|p1b: Politoed|Haze|p1b: Politoed\n|-clearallboost\n|\n|-weather|RainDance|[upkeep]\n|upkeep\n|turn|2\n|\n|t:|1698868638\n|switch|p2b: Togekiss|Togekiss, M|100\/100\n|move|p1a: Poliwrath|Close Combat|p2a: Quaquaval\n|-damage|p2a: Quaquaval|22\/100\n|-unboost|p1a: Poliwrath|def|1\n|-unboost|p1a: Poliwrath|spd|1\n|move|p2a: Quaquaval|Aqua Step|p1b: Politoed\n|-resisted|p1b: Politoed\n|-damage|p1b: Politoed|29\/100\n|-boost|p2a: Quaquaval|spe|1\n|move|p1b: Politoed|Haze|p1b: Politoed\n|-clearallboost\n|\n|-weather|RainDance|[upkeep]\n|upkeep\n|turn|3\n|\n|t:|1698868667\n|move|p2a: Quaquaval|Aqua Jet|p1b: Politoed\n|-resisted|p1b: Politoed\n|-damage|p1b: Politoed|12\/100\n|move|p1a: Poliwrath|Ice Punch|p2b: Togekiss\n|-supereffective|p2b: Togekiss\n|-damage|p2b: Togekiss|61\/100\n|move|p1b: Politoed|Haze|p1b: Politoed\n|-clearallboost\n|move|p2b: Togekiss|Air Slash|p1a: Poliwrath\n|-supereffective|p1a: Poliwrath\n|-damage|p1a: Poliwrath|4\/100\n|\n|-weather|RainDance|[upkeep]\n|-heal|p2b: Togekiss|67\/100|[from] item: Leftovers\n|upkeep\n|turn|4\n|\n|t:|1698868689\n|move|p2a: Quaquaval|Aqua Jet|p1b: Politoed\n|-resisted|p1b: Politoed\n|-damage|p1b: Politoed|0 fnt\n|faint|p1b: Politoed\n|-ability|p2a: Quaquaval|Moxie|boost\n|-boost|p2a: Quaquaval|atk|1\n|move|p1a: Poliwrath|Ice Punch|p2b: Togekiss\n|-supereffective|p2b: Togekiss\n|-damage|p2b: Togekiss|29\/100\n|move|p2b: Togekiss|Dazzling Gleam|p1a: Poliwrath\n|-supereffective|p1a: Poliwrath\n|-damage|p1a: Poliwrath|0 fnt\n|faint|p1a: Poliwrath\n|\n|-weather|RainDance|[upkeep]\n|-heal|p2b: Togekiss|35\/100|[from] item: Leftovers\n|upkeep\n|\n|t:|1698868701\n|switch|p1b: Gyarados|Gyarados, M|100\/100\n|switch|p1a: Walking Wake|Walking Wake|100\/100\n|-ability|p1b: Gyarados|Intimidate|boost\n|-unboost|p2a: Quaquaval|atk|1\n|-unboost|p2b: Togekiss|atk|1\n|turn|5\n|\n|t:|1698868716\n|detailschange|p1b: Gyarados|Gyarados-Mega, M\n|-mega|p1b: Gyarados|Gyarados|Gyaradosite\n|-ability|p1b: Gyarados|Mold Breaker\n|move|p1a: Walking Wake|Hydro Steam|p2a: Quaquaval\n|-resisted|p2a: Quaquaval\n|-damage|p2a: Quaquaval|0 fnt\n|faint|p2a: Quaquaval\n|move|p1b: Gyarados|Dragon Dance|p1b: Gyarados\n|-boost|p1b: Gyarados|atk|1\n|-boost|p1b: Gyarados|spe|1\n|move|p2b: Togekiss|Dazzling Gleam|p1b: Gyarados|[spread] p1a,p1b\n|-supereffective|p1a: Walking Wake\n|-supereffective|p1b: Gyarados\n|-damage|p1a: Walking Wake|38\/100\n|-damage|p1b: Gyarados|56\/100\n|\n|-weather|none\n|-heal|p1a: Walking Wake|44\/100|[from] item: Leftovers\n|-heal|p2b: Togekiss|41\/100|[from] item: Leftovers\n|upkeep\n|\n|t:|1698868734\n|switch|p2a: Ninetales|Ninetales-Alola, F|100\/100\n|-weather|Snow|[from] ability: Snow Warning|[of] p2a: Ninetales\n|turn|6\n|\n|t:|1698868746\n|move|p1b: Gyarados|Waterfall|p2b: Togekiss\n|-damage|p2b: Togekiss|0 fnt\n|faint|p2b: Togekiss\n|move|p2a: Ninetales|Blizzard|p1b: Gyarados|[spread] p1a,p1b\n|-resisted|p1b: Gyarados\n|-crit|p1b: Gyarados\n|-damage|p1a: Walking Wake|11\/100\n|-damage|p1b: Gyarados|41\/100\n|move|p1a: Walking Wake|Flamethrower|p2a: Ninetales\n|-supereffective|p2a: Ninetales\n|-damage|p2a: Ninetales|39\/100\n|\n|-weather|Snow|[upkeep]\n|-heal|p1a: Walking Wake|18\/100|[from] item: Leftovers\n|upkeep\n|\n|t:|1698868760\n|switch|p2b: Lopunny|Lopunny-Mega, F|100\/100\n|turn|7\n|\n|t:|1698868768\n|move|p2a: Ninetales|Protect|p2a: Ninetales\n|-singleturn|p2a: Ninetales|Protect\n|move|p2b: Lopunny|Fake Out|p1a: Walking Wake\n|-damage|p1a: Walking Wake|0 fnt\n|faint|p1a: Walking Wake\n|-end|p1a: Walking Wake|Protosynthesis|[silent]\n|move|p1b: Gyarados|Earthquake|p2a: Ninetales|[spread] p2b\n|-activate|p2a: Ninetales|move: Protect\n|-damage|p2b: Lopunny|40\/100\n|\n|-weather|Snow|[upkeep]\n|upkeep\n|\n|t:|1698868773\n|switch|p1a: Greninja|Greninja, M|100\/100\n|turn|8\n|\n|t:|1698868789\n|move|p1b: Gyarados|Waterfall|p2b: Lopunny\n|-damage|p2b: Lopunny|0 fnt\n|faint|p2b: Lopunny\n|move|p1a: Greninja|Surf|p2a: Ninetales|[spread] p1b,p2a\n|-resisted|p1b: Gyarados\n|-damage|p1b: Gyarados|25\/100\n|-damage|p2a: Ninetales|0 fnt\n|faint|p2a: Ninetales\n|-ability|p1a: Greninja|Battle Bond|boost\n|-boost|p1a: Greninja|atk|1\n|-boost|p1a: Greninja|spa|1\n|-boost|p1a: Greninja|spe|1\n|-activate|p1a: Greninja|ability: Battle Bond\n|-damage|p1a: Greninja|91\/100|[from] item: Life Orb\n|\n|-weather|Snow|[upkeep]\n|upkeep\n|\n|t:|1698868827\n|switch|p2b: Zangoose|Zangoose, M|100\/100\n|switch|p2a: Excadrill|Excadrill, F|100\/100\n|-ability|p2a: Excadrill|Mold Breaker\n|turn|9\n|\n|t:|1698868860\n|-terastallize|p2b: Zangoose|Ghost\n|move|p1a: Greninja|Grass Knot|p2a: Excadrill\n|-damage|p2a: Excadrill|51\/100\n|-damage|p1a: Greninja|81\/100|[from] item: Life Orb\n|move|p1b: Gyarados|Waterfall|p2a: Excadrill\n|-supereffective|p2a: Excadrill\n|-damage|p2a: Excadrill|0 fnt\n|faint|p2a: Excadrill\n|move|p2b: Zangoose|Switcheroo|p1a: Greninja\n|-activate|p2b: Zangoose|move: Trick|[of] p1a: Greninja\n|-item|p1a: Greninja|Toxic Orb|[from] move: Switcheroo\n|-item|p2b: Zangoose|Life Orb|[from] move: Switcheroo\n|\n|-weather|Snow|[upkeep]\n|-status|p1a: Greninja|tox|[from] item: Toxic Orb\n|upkeep\n|turn|10\n|\n|t:|1698868893\n|move|p1a: Greninja|Dark Pulse|p2b: Zangoose\n|-supereffective|p2b: Zangoose\n|-damage|p2b: Zangoose|0 fnt\n|faint|p2b: Zangoose\n|\n|win|wead023\n|raw|wead023's rating: 1050 &rarr; <strong>1092<\/strong><br \/>(+42 for winning)\n|raw|Octolockr's rating: 1151 &rarr; <strong>1119<\/strong><br \/>(-32 for losing)\n|l|\u2606wead023\n","uploadtime":1698868909,"views":10,"p1id":"wead023","p2id":"octolockr","formatid":"gen9nationaldexdoubles","rating":1092,"private":0,"password":""}