{"id":"gen9nationaldexdoubles-1960835982","p1":"NotArusef","p2":"taowang","format":"[Gen 9] National Dex Doubles","log":"|j|\u2606NotArusef\n|j|\u2606taowang\n|t:|1696561906\n|gametype|doubles\n|player|p1|NotArusef|pokemonranger-gen4|1163\n|player|p2|taowang|170|1063\n|teamsize|p1|6\n|teamsize|p2|6\n|gen|9\n|tier|[Gen 9] National Dex Doubles\n|rated|\n|rule|HP Percentage Mod: HP is shown in percentages\n|rule|Endless Battle Clause: Forcing endless battles is banned\n|rule|OHKO Clause: OHKO moves are banned\n|rule|Evasion Moves Clause: Evasion moves are banned\n|rule|Evasion Abilities Clause: Evasion abilities are banned\n|rule|Species Clause: Limit one of each Pok\u00e9mon\n|rule|Gravity Sleep Clause: The combination of sleep-inducing moves with imperfect accuracy and Gravity or Gigantamax Orbeetle are banned\n|clearpoke\n|poke|p1|Conkeldurr, M|\n|poke|p1|Slowking-Galar, M|\n|poke|p1|Slowbro, M|\n|poke|p1|Cofagrigus, F|\n|poke|p1|Sableye, F|\n|poke|p1|Cradily, F|\n|poke|p2|Grafaiai, F|\n|poke|p2|Regigigas|\n|poke|p2|Flutter Mane|\n|poke|p2|Rillaboom, F|\n|poke|p2|Sinistcha-Masterpiece|\n|poke|p2|Incineroar, F|\n|teampreview\n|inactive|Battle timer is ON: inactive players will automatically lose when time's up. (requested by NotArusef)\n|\n|t:|1696561919\n|start\n|switch|p1a: Cofagrigus|Cofagrigus, F|100\/100\n|switch|p1b: Sableye|Sableye, F|100\/100\n|switch|p2a: Grafaiai|Grafaiai, F|100\/100\n|switch|p2b: Regigigas|Regigigas, shiny|100\/100\n|-start|p2b: Regigigas|ability: Slow Start\n|turn|1\n|\n|t:|1696561940\n|-end|p2b: Regigigas|Slow Start|[silent]\n|switch|p2b: Incineroar|Incineroar, F, shiny|100\/100\n|-ability|p2b: Incineroar|Intimidate|boost\n|-unboost|p1a: Cofagrigus|atk|1\n|-unboost|p1b: Sableye|atk|1\n|move|p2a: Grafaiai|Taunt|p1a: Cofagrigus\n|-start|p1a: Cofagrigus|move: Taunt\n|-enditem|p1a: Cofagrigus|Mental Herb\n|-end|p1a: Cofagrigus|move: Taunt\n|move|p1b: Sableye|Taunt|p2a: Grafaiai\n|-start|p2a: Grafaiai|move: Taunt\n|move|p1a: Cofagrigus|Trick Room|p1a: Cofagrigus\n|-fieldstart|move: Trick Room|[of] p1a: Cofagrigus\n|\n|upkeep\n|turn|2\n|inactive|taowang has 120 seconds left.\n|\n|t:|1696561975\n|switch|p2a: Sinistcha|Sinistcha-Masterpiece|100\/100\n|move|p1a: Cofagrigus|Body Press|p2b: Incineroar\n|-supereffective|p2b: Incineroar\n|-damage|p2b: Incineroar|35\/100\n|move|p1b: Sableye|Knock Off|p2a: Sinistcha\n|-supereffective|p2a: Sinistcha\n|-damage|p2a: Sinistcha|78\/100\n|-damage|p1b: Sableye|84\/100|[from] item: Rocky Helmet|[of] p2a: Sinistcha\n|-enditem|p2a: Sinistcha|Rocky Helmet|[from] move: Knock Off|[of] p1b: Sableye\n|move|p2b: Incineroar|Knock Off|p1a: Cofagrigus\n|-supereffective|p1a: Cofagrigus\n|-damage|p1a: Cofagrigus|63\/100\n|-activate|p1a: Cofagrigus|ability: Mummy|Intimidate|[of] p2b: Incineroar\n|\n|upkeep\n|turn|3\n|inactive|taowang has 120 seconds left.\n|\n|t:|1696562005\n|move|p1a: Cofagrigus|Shadow Ball|p2a: Sinistcha\n|-supereffective|p2a: Sinistcha\n|-damage|p2a: Sinistcha|12\/100\n|move|p1b: Sableye|Knock Off|p2b: Incineroar\n|-resisted|p2b: Incineroar\n|-damage|p2b: Incineroar|27\/100\n|-activate|p2b: Incineroar|ability: Mummy|Prankster|[of] p1b: Sableye\n|-enditem|p2b: Incineroar|Figy Berry|[from] move: Knock Off|[of] p1b: Sableye\n|move|p2b: Incineroar|Parting Shot|p1a: Cofagrigus\n|-unboost|p1a: Cofagrigus|atk|1\n|-unboost|p1a: Cofagrigus|spa|1\n|inactive|taowang has 120 seconds left.\n|\n|t:|1696562026\n|switch|p2b: Grafaiai|Grafaiai, F|100\/100|[from] Parting Shot\n|move|p2a: Sinistcha|Trick Room|p2a: Sinistcha\n|-fieldend|move: Trick Room\n|\n|upkeep\n|turn|4\n|\n|t:|1696562039\n|switch|p2a: Regigigas|Regigigas, shiny|100\/100\n|-start|p2a: Regigigas|ability: Slow Start\n|switch|p1a: Conkeldurr|Conkeldurr, M|100\/100\n|move|p2b: Grafaiai|Taunt|p1a: Conkeldurr\n|-start|p1a: Conkeldurr|move: Taunt\n|move|p1b: Sableye|Taunt|p2a: Regigigas\n|-start|p2a: Regigigas|move: Taunt\n|\n|-status|p1a: Conkeldurr|brn|[from] item: Flame Orb\n|upkeep\n|turn|5\n|\n|t:|1696562069\n|switch|p1b: Slowking|Slowking-Galar, M|100\/100\n|-terastallize|p2a: Regigigas|Fire\n|move|p2b: Grafaiai|Doodle|p1a: Conkeldurr\n|-end|p2a: Regigigas|Slow Start|[silent]\n|-endability|p2a: Regigigas|Slow Start|[from] move: Doodle\n|-ability|p2a: Regigigas|Guts|[from] move: Doodle\n|-endability|p2b: Grafaiai|Prankster|[from] move: Doodle\n|-ability|p2b: Grafaiai|Guts|[from] move: Doodle\n|move|p1a: Conkeldurr|Mach Punch|p2b: Grafaiai\n|-damage|p2b: Grafaiai|62\/100\n|-enditem|p2b: Grafaiai|Eject Button\n|\n|t:|1696562083\n|switch|p2b: Incineroar|Incineroar, F, shiny|27\/100\n|-ability|p2b: Incineroar|Intimidate|boost\n|-unboost|p1a: Conkeldurr|atk|1\n|-unboost|p1b: Slowking|atk|1\n|move|p2a: Regigigas|Rock Slide|p1a: Conkeldurr|[spread] p1a,p1b\n|-resisted|p1a: Conkeldurr\n|-damage|p1a: Conkeldurr|90\/100 brn\n|-damage|p1b: Slowking|77\/100\n|\n|-heal|p1b: Slowking|83\/100|[from] item: Black Sludge\n|-damage|p1a: Conkeldurr|84\/100 brn|[from] brn\n|upkeep\n|turn|6\n|inactive|NotArusef has 120 seconds left.\n|\n|t:|1696562124\n|switch|p1a: Cofagrigus|Cofagrigus, F|63\/100\n|switch|p1b: Sableye|Sableye, F|84\/100\n|move|p2b: Incineroar|Fake Out|p1b: Sableye\n|-immune|p1b: Sableye\n|move|p2a: Regigigas|Rock Slide|p1b: Sableye|[spread] p1a,p1b\n|-damage|p1a: Cofagrigus|50\/100\n|-damage|p1b: Sableye|61\/100\n|\n|-end|p2a: Regigigas|move: Taunt\n|upkeep\n|turn|7\n|inactive|taowang has 120 seconds left.\n|\n|t:|1696562155\n|move|p1b: Sableye|Reflect|p1b: Sableye\n|-sidestart|p1: NotArusef|Reflect\n|move|p2a: Regigigas|Rock Slide|p1a: Cofagrigus|[spread] p1a,p1b\n|-damage|p1a: Cofagrigus|42\/100\n|-damage|p1b: Sableye|47\/100\n|move|p2b: Incineroar|Knock Off|p1a: Cofagrigus\n|-supereffective|p1a: Cofagrigus\n|-damage|p1a: Cofagrigus|17\/100\n|-activate|p1a: Cofagrigus|ability: Mummy|Intimidate|[of] p2b: Incineroar\n|move|p1a: Cofagrigus|Trick Room|p1a: Cofagrigus\n|-fieldstart|move: Trick Room|[of] p1a: Cofagrigus\n|\n|upkeep\n|turn|8\n|\n|t:|1696562179\n|switch|p1b: Conkeldurr|Conkeldurr, M|84\/100 brn\n|move|p1a: Cofagrigus|Body Press|p2a: Regigigas\n|-damage|p2a: Regigigas|72\/100\n|move|p2b: Incineroar|Knock Off|p1a: Cofagrigus\n|-supereffective|p1a: Cofagrigus\n|-damage|p1a: Cofagrigus|0 fnt\n|faint|p1a: Cofagrigus\n|move|p2a: Regigigas|Rock Slide|p1b: Conkeldurr\n|-resisted|p1b: Conkeldurr\n|-damage|p1b: Conkeldurr|75\/100 brn\n|\n|-damage|p1b: Conkeldurr|69\/100 brn|[from] brn\n|upkeep\n|inactive|NotArusef has 120 seconds left.\n|\n|t:|1696562198\n|switch|p1a: Slowbro|Slowbro, M|100\/100\n|turn|9\n|l|\u2606NotArusef\n|inactive|NotArusef disconnected and has a minute to reconnect!\n|player|p1|\n|inactive|NotArusef has 30 seconds to reconnect!\n|inactive|NotArusef has 20 seconds to reconnect!\n|inactive|NotArusef has 15 seconds to reconnect!\n|j|\u2606NotArusef\n|inactive|NotArusef reconnected and has 90 seconds left.\n|player|p1|NotArusef|pokemonranger-gen4\n|\n|t:|1696562271\n|switch|p2b: Sinistcha|Sinistcha-Masterpiece|12\/100\n|-heal|p2a: Regigigas|97\/100|[from] ability: Hospitality|[of] p2b: Sinistcha\n|move|p1a: Slowbro|Hydro Pump|p2a: Regigigas\n|-supereffective|p2a: Regigigas\n|-damage|p2a: Regigigas|8\/100\n|move|p1b: Conkeldurr|Drain Punch|p2b: Sinistcha\n|-immune|p2b: Sinistcha\n|move|p2a: Regigigas|Rock Slide|p1b: Conkeldurr|[spread] p1a,p1b\n|-crit|p1a: Slowbro\n|-resisted|p1b: Conkeldurr\n|-damage|p1a: Slowbro|72\/100\n|-damage|p1b: Conkeldurr|63\/100 brn\n|\n|-heal|p1a: Slowbro|78\/100|[from] item: Leftovers\n|-damage|p1b: Conkeldurr|57\/100 brn|[from] brn\n|upkeep\n|turn|10\n|inactive|NotArusef has 90 seconds left.\n|inactive|taowang has 120 seconds left.\n|\n|t:|1696562303\n|switch|p2a: Rillaboom|Rillaboom, F, shiny|100\/100\n|-fieldstart|move: Grassy Terrain|[from] ability: Grassy Surge|[of] p2a: Rillaboom\n|move|p1a: Slowbro|Hydro Pump|p2b: Sinistcha\n|-resisted|p2b: Sinistcha\n|-damage|p2b: Sinistcha|0 fnt\n|faint|p2b: Sinistcha\n|move|p1b: Conkeldurr|Knock Off|p2a: Rillaboom\n|-damage|p2a: Rillaboom|48\/100\n|-enditem|p2a: Rillaboom|Assault Vest|[from] move: Knock Off|[of] p1b: Conkeldurr\n|\n|-heal|p1a: Slowbro|84\/100|[from] Grassy Terrain\n|-heal|p1a: Slowbro|90\/100|[from] item: Leftovers\n|-heal|p1b: Conkeldurr|63\/100 brn|[from] Grassy Terrain\n|-heal|p2a: Rillaboom|54\/100|[from] Grassy Terrain\n|-damage|p1b: Conkeldurr|57\/100 brn|[from] brn\n|upkeep\n|inactive|taowang has 120 seconds left.\n|\n|t:|1696562313\n|switch|p2b: Incineroar|Incineroar, F, shiny|27\/100\n|-ability|p2b: Incineroar|Intimidate|boost\n|-unboost|p1a: Slowbro|atk|1\n|-unboost|p1b: Conkeldurr|atk|1\n|turn|11\n|inactive|NotArusef has 90 seconds left.\n|\n|t:|1696562338\n|switch|p1b: Sableye|Sableye, F|47\/100\n|move|p2b: Incineroar|Fake Out|p1b: Sableye\n|-immune|p1b: Sableye\n|move|p2a: Rillaboom|Grassy Glide|p1a: Slowbro\n|-supereffective|p1a: Slowbro\n|-damage|p1a: Slowbro|50\/100\n|move|p1a: Slowbro|Flamethrower|p2a: Rillaboom\n|-supereffective|p2a: Rillaboom\n|-damage|p2a: Rillaboom|0 fnt\n|faint|p2a: Rillaboom\n|\n|-heal|p1a: Slowbro|56\/100|[from] Grassy Terrain\n|-heal|p1a: Slowbro|62\/100|[from] item: Leftovers\n|-heal|p1b: Sableye|53\/100|[from] Grassy Terrain\n|-heal|p2b: Incineroar|33\/100|[from] Grassy Terrain\n|-fieldend|move: Trick Room\n|upkeep\n|inactive|taowang has 120 seconds left.\n|\n|t:|1696562350\n|switch|p2a: Grafaiai|Grafaiai, F|62\/100\n|turn|12\n|\n|t:|1696562362\n|switch|p1a: Conkeldurr|Conkeldurr, M|57\/100 brn\n|move|p2a: Grafaiai|Taunt|p1a: Conkeldurr\n|-start|p1a: Conkeldurr|move: Taunt\n|move|p1b: Sableye|Taunt|p2a: Grafaiai\n|-start|p2a: Grafaiai|move: Taunt\n|move|p2b: Incineroar|Knock Off|p1a: Conkeldurr\n|-resisted|p1a: Conkeldurr\n|-damage|p1a: Conkeldurr|43\/100 brn\n|-enditem|p1a: Conkeldurr|Flame Orb|[from] move: Knock Off|[of] p2b: Incineroar\n|\n|-heal|p2a: Grafaiai|68\/100|[from] Grassy Terrain\n|-heal|p2b: Incineroar|39\/100|[from] Grassy Terrain\n|-heal|p1b: Sableye|59\/100|[from] Grassy Terrain\n|-heal|p1a: Conkeldurr|49\/100 brn|[from] Grassy Terrain\n|-damage|p1a: Conkeldurr|43\/100 brn|[from] brn\n|upkeep\n|turn|13\n|inactive|NotArusef has 120 seconds left.\n|\n|t:|1696562399\n|switch|p2a: Regigigas|Regigigas, shiny, tera:Fire|8\/100\n|-start|p2a: Regigigas|ability: Slow Start\n|move|p1b: Sableye|Light Screen|p1b: Sableye\n|-sidestart|p1: NotArusef|move: Light Screen\n|move|p2b: Incineroar|Parting Shot|p1a: Conkeldurr\n|-unboost|p1a: Conkeldurr|atk|1\n|-unboost|p1a: Conkeldurr|spa|1\n|\n|t:|1696562408\n|switch|p2b: Grafaiai|Grafaiai, F|68\/100|[from] Parting Shot\n|move|p1a: Conkeldurr|Drain Punch|p2b: Grafaiai\n|-damage|p2b: Grafaiai|27\/100\n|-heal|p1a: Conkeldurr|60\/100 brn|[from] drain|[of] p2b: Grafaiai\n|\n|-heal|p2b: Grafaiai|33\/100|[from] Grassy Terrain\n|-heal|p2a: Regigigas|14\/100|[from] Grassy Terrain\n|-heal|p1b: Sableye|65\/100|[from] Grassy Terrain\n|-heal|p1a: Conkeldurr|66\/100 brn|[from] Grassy Terrain\n|-damage|p1a: Conkeldurr|60\/100 brn|[from] brn\n|upkeep\n|turn|14\n|inactive|NotArusef has 120 seconds left.\n|\n|t:|1696562422\n|-end|p2a: Regigigas|Slow Start|[silent]\n|switch|p2a: Incineroar|Incineroar, F, shiny|39\/100\n|-ability|p2a: Incineroar|Intimidate|boost\n|-unboost|p1a: Conkeldurr|atk|1\n|-unboost|p1b: Sableye|atk|1\n|move|p2b: Grafaiai|Parting Shot|p1a: Conkeldurr\n|-unboost|p1a: Conkeldurr|atk|1\n|-unboost|p1a: Conkeldurr|spa|1\n|\n|t:|1696562429\n|switch|p2b: Flutter Mane|Flutter Mane|100\/100|[from] Parting Shot\n|-enditem|p2b: Flutter Mane|Booster Energy\n|-activate|p2b: Flutter Mane|ability: Protosynthesis|[fromitem]\n|-start|p2b: Flutter Mane|protosynthesisspa\n|move|p1b: Sableye|Taunt|p2b: Flutter Mane\n|-start|p2b: Flutter Mane|move: Taunt\n|move|p1a: Conkeldurr|Mach Punch|p2a: Incineroar\n|-supereffective|p2a: Incineroar\n|-damage|p2a: Incineroar|10\/100\n|\n|-heal|p2a: Incineroar|16\/100|[from] Grassy Terrain\n|-heal|p1b: Sableye|71\/100|[from] Grassy Terrain\n|-heal|p1a: Conkeldurr|66\/100 brn|[from] Grassy Terrain\n|-damage|p1a: Conkeldurr|60\/100 brn|[from] brn\n|-end|p1a: Conkeldurr|move: Taunt\n|-sideend|p1: NotArusef|Reflect\n|-fieldend|move: Grassy Terrain\n|upkeep\n|turn|15\n|\n|t:|1696562450\n|switch|p1a: Slowking|Slowking-Galar, M|100\/100\n|move|p2a: Incineroar|Fake Out|p1a: Slowking\n|-damage|p1a: Slowking|87\/100\n|move|p1b: Sableye|Taunt|p2a: Incineroar\n|-hint|Since gen 7, Dark is immune to Prankster moves.\n|-immune|p2a: Incineroar\n|move|p2b: Flutter Mane|Dazzling Gleam|p1b: Sableye|[spread] p1a,p1b\n|-resisted|p1a: Slowking\n|-supereffective|p1b: Sableye\n|-crit|p1b: Sableye\n|-damage|p1a: Slowking|75\/100\n|-damage|p1b: Sableye|0 fnt\n|faint|p1b: Sableye\n|\n|-heal|p1a: Slowking|81\/100|[from] item: Black Sludge\n|upkeep\n|inactive|NotArusef has 120 seconds left.\n|\n|t:|1696562466\n|switch|p1b: Cradily|Cradily, F|100\/100\n|turn|16\n|inactive|taowang has 120 seconds left.\n|\n|t:|1696562498\n|move|p2b: Flutter Mane|Shadow Ball|p1a: Slowking\n|-supereffective|p1a: Slowking\n|-damage|p1a: Slowking|12\/100\n|move|p2a: Incineroar|Parting Shot|p1a: Slowking\n|-unboost|p1a: Slowking|atk|1\n|-unboost|p1a: Slowking|spa|1\n|inactive|taowang has 120 seconds left.\n|\n|t:|1696562504\n|switch|p2a: Grafaiai|Grafaiai, F|33\/100|[from] Parting Shot\n|move|p1b: Cradily|Ancient Power|p2a: Grafaiai\n|-damage|p2a: Grafaiai|7\/100\n|move|p1a: Slowking|Trick Room|p1a: Slowking\n|-fieldstart|move: Trick Room|[of] p1a: Slowking\n|\n|-heal|p1a: Slowking|18\/100|[from] item: Black Sludge\n|-end|p2b: Flutter Mane|move: Taunt\n|upkeep\n|turn|17\n|inactive|taowang has 120 seconds left.\n|\n|t:|1696562530\n|switch|p1a: Conkeldurr|Conkeldurr, M|60\/100 brn\n|move|p2a: Grafaiai|Encore||[still]\n|-fail|p2a: Grafaiai\n|move|p1b: Cradily|Giga Drain|p2b: Flutter Mane\n|-damage|p2b: Flutter Mane|75\/100\n|move|p2b: Flutter Mane|Dazzling Gleam|p1b: Cradily|[spread] p1a,p1b\n|-supereffective|p1a: Conkeldurr\n|-damage|p1a: Conkeldurr|0 fnt\n|-damage|p1b: Cradily|82\/100\n|faint|p1a: Conkeldurr\n|\n|upkeep\n|inactive|NotArusef has 120 seconds left.\n|\n|t:|1696562547\n|switch|p1a: Slowking|Slowking-Galar, M|51\/100\n|turn|18\n|\n|t:|1696562566\n|switch|p1a: Slowbro|Slowbro, M|95\/100\n|-end|p2b: Flutter Mane|Protosynthesis|[silent]\n|switch|p2b: Regigigas|Regigigas, shiny, tera:Fire|14\/100\n|-start|p2b: Regigigas|ability: Slow Start\n|move|p2a: Grafaiai|Parting Shot|p1a: Slowbro\n|-unboost|p1a: Slowbro|atk|1\n|-unboost|p1a: Slowbro|spa|1\n|\n|t:|1696562577\n|switch|p2a: Flutter Mane|Flutter Mane|75\/100|[from] Parting Shot\n|move|p1b: Cradily|Giga Drain|p2a: Flutter Mane\n|-damage|p2a: Flutter Mane|50\/100\n|-heal|p1b: Cradily|93\/100|[from] drain|[of] p2a: Flutter Mane\n|\n|-heal|p1a: Slowbro|100\/100|[from] item: Leftovers\n|upkeep\n|turn|19\n|inactive|taowang has 120 seconds left.\n|\n|t:|1696562613\n|move|p1a: Slowbro|Psychic|p2b: Regigigas\n|-damage|p2b: Regigigas|0 fnt\n|faint|p2b: Regigigas\n|-end|p2b: Regigigas|Slow Start|[silent]\n|move|p1b: Cradily|Giga Drain|p2a: Flutter Mane\n|-damage|p2a: Flutter Mane|29\/100\n|-heal|p1b: Cradily|100\/100|[from] drain|[of] p2a: Flutter Mane\n|move|p2a: Flutter Mane|Shadow Ball|p1a: Slowbro\n|-supereffective|p1a: Slowbro\n|-damage|p1a: Slowbro|40\/100\n|\n|-heal|p1a: Slowbro|46\/100|[from] item: Leftovers\n|upkeep\n|\n|t:|1696562617\n|switch|p2b: Incineroar|Incineroar, F, shiny|16\/100\n|-ability|p2b: Incineroar|Intimidate|boost\n|-unboost|p1a: Slowbro|atk|1\n|-unboost|p1b: Cradily|atk|1\n|turn|20\n|\n|t:|1696562639\n|switch|p1a: Slowking|Slowking-Galar, M|84\/100\n|-end|p2a: Flutter Mane|Protosynthesis|[silent]\n|switch|p2a: Grafaiai|Grafaiai, F|7\/100\n|move|p2b: Incineroar|Fake Out|p1b: Cradily\n|-resisted|p1b: Cradily\n|-damage|p1b: Cradily|95\/100\n|cant|p1b: Cradily|flinch\n|\n|-heal|p1a: Slowking|90\/100|[from] item: Black Sludge\n|-sideend|p1: NotArusef|move: Light Screen\n|-fieldend|move: Trick Room\n|upkeep\n|turn|21\n|\n|t:|1696562663\n|move|p2a: Grafaiai|Taunt|p1a: Slowking\n|-start|p1a: Slowking|move: Taunt\n|move|p2b: Incineroar|Knock Off|p1a: Slowking\n|-supereffective|p1a: Slowking\n|-damage|p1a: Slowking|0 fnt\n|-enditem|p1a: Slowking|Black Sludge|[from] move: Knock Off|[of] p2b: Incineroar\n|faint|p1a: Slowking\n|move|p1b: Cradily|Ancient Power|p2b: Incineroar\n|-supereffective|p2b: Incineroar\n|-damage|p2b: Incineroar|0 fnt\n|faint|p2b: Incineroar\n|\n|upkeep\n|\n|t:|1696562672\n|switch|p2b: Flutter Mane|Flutter Mane|29\/100\n|switch|p1a: Slowbro|Slowbro, M|79\/100\n|turn|22\n|inactive|taowang has 120 seconds left.\n|\n|t:|1696562707\n|move|p2a: Grafaiai|Parting Shot|p1b: Cradily\n|-unboost|p1b: Cradily|atk|1\n|-unboost|p1b: Cradily|spa|1\n|move|p2b: Flutter Mane|Shadow Ball|p1a: Slowbro\n|-supereffective|p1a: Slowbro\n|-damage|p1a: Slowbro|0 fnt\n|faint|p1a: Slowbro\n|move|p1b: Cradily|Giga Drain|p2b: Flutter Mane\n|-damage|p2b: Flutter Mane|14\/100\n|-heal|p1b: Cradily|100\/100|[from] drain|[of] p2b: Flutter Mane\n|\n|upkeep\n|turn|23\n|\n|t:|1696562724\n|move|p2a: Grafaiai|Parting Shot|p1b: Cradily\n|-unboost|p1b: Cradily|atk|1\n|-unboost|p1b: Cradily|spa|1\n|move|p2b: Flutter Mane|Mystical Fire|p1b: Cradily\n|-damage|p1b: Cradily|81\/100\n|-unboost|p1b: Cradily|spa|1\n|move|p1b: Cradily|Ancient Power|p2a: Grafaiai\n|-damage|p2a: Grafaiai|0 fnt\n|faint|p2a: Grafaiai\n|\n|upkeep\n|turn|24\n|\n|t:|1696562738\n|move|p2b: Flutter Mane|Moonblast|p1b: Cradily\n|-damage|p1b: Cradily|48\/100\n|move|p1b: Cradily|Leech Seed|p2b: Flutter Mane\n|-start|p2b: Flutter Mane|move: Leech Seed\n|\n|-damage|p2b: Flutter Mane|2\/100|[from] Leech Seed|[of] p1b: Cradily\n|-heal|p1b: Cradily|58\/100|[silent]\n|upkeep\n|turn|25\n|\n|t:|1696562744\n|move|p1b: Cradily|Protect|p1b: Cradily\n|-singleturn|p1b: Cradily|Protect\n|move|p2b: Flutter Mane|Moonblast|p1b: Cradily\n|-activate|p1b: Cradily|move: Protect\n|\n|-damage|p2b: Flutter Mane|0 fnt|[from] Leech Seed|[of] p1b: Cradily\n|-heal|p1b: Cradily|60\/100|[silent]\n|faint|p2b: Flutter Mane\n|-end|p2b: Flutter Mane|Protosynthesis|[silent]\n|\n|win|NotArusef\n|upkeep\n|raw|NotArusef's rating: 1163 &rarr; <strong>1181<\/strong><br \/>(+18 for winning)\n|raw|taowang's rating: 1063 &rarr; <strong>1049<\/strong><br \/>(-14 for losing)\n|l|\u2606taowang\n","uploadtime":1696562754,"views":15,"p1id":"notarusef","p2id":"taowang","formatid":"gen9nationaldexdoubles","rating":1049,"private":0,"password":""}