{"id":"gen9nationaldexdoubles-1979888125","p1":"St0mi","p2":"thankyouforthelove","format":"[Gen 9] National Dex Doubles","log":"|j|\u2606St0mi\n|j|\u2606thankyouforthelove\n|t:|1698724599\n|gametype|doubles\n|player|p1|St0mi|roxie|1085\n|player|p2|thankyouforthelove|acetrainercouple|1000\n|teamsize|p1|6\n|teamsize|p2|6\n|gen|9\n|tier|[Gen 9] National Dex Doubles\n|rated|\n|rule|HP Percentage Mod: HP is shown in percentages\n|rule|Endless Battle Clause: Forcing endless battles is banned\n|rule|OHKO Clause: OHKO moves are banned\n|rule|Evasion Moves Clause: Evasion moves are banned\n|rule|Evasion Abilities Clause: Evasion abilities are banned\n|rule|Species Clause: Limit one of each Pok\u00e9mon\n|rule|Gravity Sleep Clause: The combination of sleep-inducing moves with imperfect accuracy and Gravity or Gigantamax Orbeetle are banned\n|clearpoke\n|poke|p1|Cinderace, F|\n|poke|p1|Galvantula, F|\n|poke|p1|Serperior, M|\n|poke|p1|Cresselia, F|\n|poke|p1|Azumarill, M|\n|poke|p1|Indeedee-F, F|\n|poke|p2|Sinistcha-Masterpiece|\n|poke|p2|Shuckle, F|\n|poke|p2|Flutter Mane|\n|poke|p2|Ursaluna, F|\n|poke|p2|Cresselia, F|\n|poke|p2|Salamence, M|\n|teampreview\n|inactive|Battle timer is ON: inactive players will automatically lose when time's up. (requested by St0mi)\n|\n|t:|1698724614\n|start\n|switch|p1a: Galvantula|Galvantula, F|100\/100\n|switch|p1b: Cinderace|Cinderace, F|100\/100\n|switch|p2a: Sinistcha|Sinistcha-Masterpiece|100\/100\n|switch|p2b: Shuckle|Shuckle, F|100\/100\n|turn|1\n|\n|t:|1698724625\n|move|p2b: Shuckle|Protect|p2b: Shuckle\n|-singleturn|p2b: Shuckle|Protect\n|move|p1a: Galvantula|Sticky Web|p2b: Shuckle\n|-sidestart|p2: thankyouforthelove|move: Sticky Web\n|move|p1b: Cinderace|Court Change|p1b: Cinderace\n|-start|p1b: Cinderace|typechange|Normal|[from] ability: Libero\n|-swapsideconditions\n|-activate|p1b: Cinderace|move: Court Change\n|move|p2a: Sinistcha|Trick Room|p2a: Sinistcha\n|-fieldstart|move: Trick Room|[of] p2a: Sinistcha\n|\n|upkeep\n|turn|2\n|\n|t:|1698724642\n|move|p1b: Cinderace|Protect|p1b: Cinderace\n|-singleturn|p1b: Cinderace|Protect\n|move|p2a: Sinistcha|Rage Powder|p2a: Sinistcha\n|-singleturn|p2a: Sinistcha|move: Rage Powder\n|move|p2b: Shuckle|Power Trick|p2b: Shuckle\n|-start|p2b: Shuckle|Power Trick\n|move|p1a: Galvantula|Infestation|p2a: Sinistcha\n|-damage|p2a: Sinistcha|93\/100\n|-activate|p2a: Sinistcha|move: Infestation|[of] p1a: Galvantula\n|\n|-damage|p2a: Sinistcha|80\/100|[from] move: Infestation|[partiallytrapped]\n|upkeep\n|turn|3\n|\n|t:|1698724659\n|move|p2a: Sinistcha|Rage Powder|p2a: Sinistcha\n|-singleturn|p2a: Sinistcha|move: Rage Powder\n|move|p2b: Shuckle|Stone Edge|p1a: Galvantula\n|-supereffective|p1a: Galvantula\n|-enditem|p1a: Galvantula|Focus Sash\n|-damage|p1a: Galvantula|1\/100\n|move|p1b: Cinderace|Pyro Ball|p2a: Sinistcha\n|-supereffective|p2a: Sinistcha\n|-damage|p2a: Sinistcha|19\/100\n|-status|p2a: Sinistcha|brn\n|move|p1a: Galvantula|Thunder|p2a: Sinistcha\n|-resisted|p2a: Sinistcha\n|-damage|p2a: Sinistcha|0 fnt\n|faint|p2a: Sinistcha\n|\n|upkeep\n|\n|t:|1698724670\n|switch|p2a: Cresselia|Cresselia, F|100\/100\n|turn|4\n|\n|t:|1698724681\n|move|p2a: Cresselia|Helping Hand|p2b: Shuckle\n|-singleturn|p2b: Shuckle|Helping Hand|[of] p2a: Cresselia\n|move|p2b: Shuckle|Earthquake|p1a: Galvantula|[spread] p1a,p1b\n|-immune|p2a: Cresselia|[from] ability: Levitate\n|-damage|p1a: Galvantula|0 fnt\n|-damage|p1b: Cinderace|4\/100\n|faint|p1a: Galvantula\n|move|p1b: Cinderace|Pyro Ball|p2a: Cresselia\n|-damage|p2a: Cresselia|79\/100\n|\n|upkeep\n|\n|t:|1698724696\n|switch|p1a: Azumarill|Azumarill, M|100\/100\n|-activate|p1a: Azumarill|move: Sticky Web\n|-unboost|p1a: Azumarill|spe|1\n|turn|5\n|\n|t:|1698724704\n|move|p2a: Cresselia|Helping Hand|p2b: Shuckle\n|-singleturn|p2b: Shuckle|Helping Hand|[of] p2a: Cresselia\n|move|p2b: Shuckle|Earthquake|p1b: Cinderace|[spread] p1a,p1b\n|-immune|p2a: Cresselia|[from] ability: Levitate\n|-damage|p1a: Azumarill|27\/100\n|-damage|p1b: Cinderace|0 fnt\n|-enditem|p1a: Azumarill|Sitrus Berry|[eat]\n|-heal|p1a: Azumarill|52\/100|[from] item: Sitrus Berry\n|faint|p1b: Cinderace\n|move|p1a: Azumarill|Belly Drum|p1a: Azumarill\n|-damage|p1a: Azumarill|2\/100\n|-setboost|p1a: Azumarill|atk|6|[from] move: Belly Drum\n|\n|-fieldend|move: Trick Room\n|upkeep\n|\n|t:|1698724719\n|switch|p1b: Serperior|Serperior, M|100\/100\n|-activate|p1b: Serperior|move: Sticky Web\n|-boost|p1b: Serperior|spe|1\n|turn|6\n|\n|t:|1698724730\n|-terastallize|p1b: Serperior|Grass\n|move|p2b: Shuckle|Protect|p2b: Shuckle\n|-singleturn|p2b: Shuckle|Protect\n|move|p1a: Azumarill|Aqua Jet|p2b: Shuckle\n|-activate|p2b: Shuckle|move: Protect\n|move|p1b: Serperior|Leaf Storm|p2a: Cresselia\n|-damage|p2a: Cresselia|21\/100\n|-boost|p1b: Serperior|spa|2\n|move|p2a: Cresselia|Trick Room|p2a: Cresselia\n|-fieldstart|move: Trick Room|[of] p2a: Cresselia\n|\n|upkeep\n|turn|7\n|\n|t:|1698724744\n|move|p2b: Shuckle|Protect||[still]\n|-fail|p2b: Shuckle\n|move|p1a: Azumarill|Aqua Jet|p2b: Shuckle\n|-supereffective|p2b: Shuckle\n|-ability|p2b: Shuckle|Sturdy\n|-damage|p2b: Shuckle|1\/100\n|move|p2a: Cresselia|Psychic|p1a: Azumarill\n|-damage|p1a: Azumarill|0 fnt\n|faint|p1a: Azumarill\n|move|p1b: Serperior|Leaf Storm|p2a: Cresselia\n|-damage|p2a: Cresselia|0 fnt\n|-boost|p1b: Serperior|spa|2\n|faint|p2a: Cresselia\n|\n|-heal|p2b: Shuckle|7\/100|[from] item: Leftovers\n|upkeep\n|\n|t:|1698724762\n|switch|p1a: Cresselia|Cresselia, F|100\/100\n|switch|p2a: Ursaluna|Ursaluna, F|100\/100\n|turn|8\n|\n|t:|1698724781\n|move|p2b: Shuckle|Stone Edge|p1b: Serperior|[miss]\n|-miss|p2b: Shuckle|p1b: Serperior\n|move|p2a: Ursaluna|Stone Edge|p1b: Serperior\n|-crit|p1b: Serperior\n|-damage|p1b: Serperior|15\/100\n|move|p1a: Cresselia|Stored Power|p2b: Shuckle\n|-damage|p2b: Shuckle|2\/100\n|move|p1b: Serperior|Leaf Storm|p2a: Ursaluna\n|-supereffective|p2a: Ursaluna\n|-damage|p2a: Ursaluna|0 fnt\n|-boost|p1b: Serperior|spa|2\n|faint|p2a: Ursaluna\n|\n|-heal|p2b: Shuckle|8\/100|[from] item: Leftovers\n|upkeep\n|\n|t:|1698724795\n|switch|p2a: Flutter Mane|Flutter Mane|100\/100\n|turn|9\n|\n|t:|1698724809\n|move|p2b: Shuckle|Stone Edge|p1a: Cresselia\n|-damage|p1a: Cresselia|38\/100\n|move|p1a: Cresselia|Calm Mind|p1a: Cresselia\n|-boost|p1a: Cresselia|spa|1\n|-boost|p1a: Cresselia|spd|1\n|move|p2a: Flutter Mane|Dazzling Gleam|p1a: Cresselia|[spread] p1a,p1b\n|-damage|p1a: Cresselia|19\/100\n|-damage|p1b: Serperior|0 fnt\n|faint|p1b: Serperior\n|\n|-heal|p2b: Shuckle|14\/100|[from] item: Leftovers\n|-heal|p1a: Cresselia|25\/100|[from] item: Leftovers\n|upkeep\n|\n|t:|1698724818\n|switch|p1b: Indeedee|Indeedee-F, F|100\/100\n|-activate|p1b: Indeedee|move: Sticky Web\n|-unboost|p1b: Indeedee|spe|1\n|turn|10\n|\n|t:|1698724825\n|move|p2b: Shuckle|Stone Edge|p1a: Cresselia|[miss]\n|-miss|p2b: Shuckle|p1a: Cresselia\n|move|p1b: Indeedee|Reflect|p1b: Indeedee\n|-sidestart|p1: St0mi|Reflect\n|move|p1a: Cresselia|Calm Mind|p1a: Cresselia\n|-boost|p1a: Cresselia|spa|1\n|-boost|p1a: Cresselia|spd|1\n|move|p2a: Flutter Mane|Dazzling Gleam|p1b: Indeedee|[spread] p1a,p1b\n|-damage|p1a: Cresselia|10\/100\n|-damage|p1b: Indeedee|55\/100\n|\n|-heal|p2b: Shuckle|20\/100|[from] item: Leftovers\n|-heal|p1b: Indeedee|61\/100|[from] item: Leftovers\n|-heal|p1a: Cresselia|16\/100|[from] item: Leftovers\n|-fieldend|move: Trick Room\n|upkeep\n|turn|11\n|\n|t:|1698724844\n|move|p1b: Indeedee|Follow Me|p1b: Indeedee\n|-singleturn|p1b: Indeedee|move: Follow Me\n|move|p2a: Flutter Mane|Dazzling Gleam|p1b: Indeedee|[spread] p1a,p1b\n|-damage|p1a: Cresselia|0 fnt\n|-damage|p1b: Indeedee|19\/100\n|faint|p1a: Cresselia\n|move|p2b: Shuckle|Stone Edge|p1b: Indeedee\n|-damage|p1b: Indeedee|0 fnt\n|faint|p1b: Indeedee\n|\n|win|thankyouforthelove\n|raw|St0mi's rating: 1085 &rarr; <strong>1057<\/strong><br \/>(-28 for losing)\n|raw|thankyouforthelove's rating: 1000 &rarr; <strong>1050<\/strong><br \/>(+50 for winning)\n","uploadtime":1698724859,"views":14,"p1id":"st0mi","p2id":"thankyouforthelove","formatid":"gen9nationaldexdoubles","rating":1050,"private":0,"password":""}