{"id":"gen9nationaldexdoubles-1980325849","p1":"lxvliiz","p2":"LUIZ_BR_75 new","format":"[Gen 9] National Dex Doubles","log":"|j|\u2606lxvliiz\n|j|\u2606LUIZ_BR_75 new\n|t:|1698775516\n|gametype|doubles\n|player|p1|lxvliiz|gambler|1086\n|player|p2|LUIZ_BR_75 new|red|1000\n|teamsize|p1|6\n|teamsize|p2|6\n|gen|9\n|tier|[Gen 9] National Dex Doubles\n|rated|\n|rule|HP Percentage Mod: HP is shown in percentages\n|rule|Endless Battle Clause: Forcing endless battles is banned\n|rule|OHKO Clause: OHKO moves are banned\n|rule|Evasion Moves Clause: Evasion moves are banned\n|rule|Evasion Abilities Clause: Evasion abilities are banned\n|rule|Species Clause: Limit one of each Pok\u00e9mon\n|rule|Gravity Sleep Clause: The combination of sleep-inducing moves with imperfect accuracy and Gravity or Gigantamax Orbeetle are banned\n|clearpoke\n|poke|p1|Lilligant-Hisui, F|\n|poke|p1|Kommo-o, F|\n|poke|p1|Volcarona, M|\n|poke|p1|Oricorio-Pom-Pom, M|\n|poke|p1|Quaquaval, M|\n|poke|p1|Flamigo, F|\n|poke|p2|Skeledirge, M|\n|poke|p2|Palafin, M|\n|poke|p2|Iron Hands|\n|poke|p2|Meowscarada, F|\n|poke|p2|Toedscruel, M|\n|poke|p2|Kingambit, F|\n|teampreview\n|\n|t:|1698775531\n|start\n|switch|p1a: Volcarona|Volcarona, M|100\/100\n|switch|p1b: Oricorio|Oricorio-Pom-Pom, M|100\/100\n|switch|p2a: Skeledirge|Skeledirge, M|100\/100\n|switch|p2b: Meowscarada|Meowscarada, F|100\/100\n|turn|1\n|\n|t:|1698775561\n|move|p1a: Volcarona|Rage Powder|p1a: Volcarona\n|-singleturn|p1a: Volcarona|move: Rage Powder\n|move|p2b: Meowscarada|Knock Off|p1b: Oricorio\n|-start|p2b: Meowscarada|typechange|Dark|[from] ability: Protean\n|-damage|p1b: Oricorio|35\/100\n|-enditem|p1b: Oricorio|Mirror Herb|[from] move: Knock Off|[of] p2b: Meowscarada\n|move|p1b: Oricorio|Quiver Dance|p1b: Oricorio\n|-boost|p1b: Oricorio|spa|1\n|-boost|p1b: Oricorio|spd|1\n|-boost|p1b: Oricorio|spe|1\n|move|p2a: Skeledirge|Torch Song|p1a: Volcarona\n|-damage|p1a: Volcarona|67\/100\n|-boost|p2a: Skeledirge|spa|1\n|\n|upkeep\n|turn|2\n|\n|t:|1698775585\n|move|p2a: Skeledirge|Protect|p2a: Skeledirge\n|-singleturn|p2a: Skeledirge|Protect\n|move|p1b: Oricorio|Revelation Dance|p2a: Skeledirge\n|-activate|p2a: Skeledirge|move: Protect\n|move|p2b: Meowscarada|Flower Trick|p1b: Oricorio\n|-resisted|p1b: Oricorio\n|-crit|p1b: Oricorio\n|-damage|p1b: Oricorio|9\/100\n|move|p1a: Volcarona|Quiver Dance|p1a: Volcarona\n|-boost|p1a: Volcarona|spa|1\n|-boost|p1a: Volcarona|spd|1\n|-boost|p1a: Volcarona|spe|1\n|-activate|p1b: Oricorio|ability: Dancer\n|move|p1b: Oricorio|Quiver Dance|p1b: Oricorio|[from]ability: Dancer\n|-boost|p1b: Oricorio|spa|1\n|-boost|p1b: Oricorio|spd|1\n|-boost|p1b: Oricorio|spe|1\n|\n|upkeep\n|turn|3\n|\n|t:|1698775629\n|move|p1a: Volcarona|Rage Powder|p1a: Volcarona\n|-singleturn|p1a: Volcarona|move: Rage Powder\n|move|p2b: Meowscarada|Sucker Punch||[still]\n|-fail|p2b: Meowscarada\n|move|p1b: Oricorio|Baton Pass|p1b: Oricorio\n|\n|t:|1698775632\n|switch|p1b: Quaquaval|Quaquaval, M|100\/100|[from] Baton Pass\n|move|p2a: Skeledirge|Torch Song|p1a: Volcarona\n|-damage|p1a: Volcarona|13\/100\n|-boost|p2a: Skeledirge|spa|1\n|-enditem|p1a: Volcarona|Wiki Berry|[eat]\n|-heal|p1a: Volcarona|46\/100|[from] item: Wiki Berry\n|\n|upkeep\n|turn|4\n|\n|t:|1698775650\n|-terastallize|p1b: Quaquaval|Water\n|move|p2a: Skeledirge|Protect|p2a: Skeledirge\n|-singleturn|p2a: Skeledirge|Protect\n|move|p1b: Quaquaval|Aqua Step|p2a: Skeledirge\n|-activate|p2a: Skeledirge|move: Protect\n|move|p1a: Volcarona|Fiery Dance|p2b: Meowscarada\n|-enditem|p2b: Meowscarada|Focus Sash\n|-damage|p2b: Meowscarada|1\/100\n|-boost|p1a: Volcarona|spa|1\n|move|p2b: Meowscarada|Flower Trick|p1b: Quaquaval\n|-supereffective|p1b: Quaquaval\n|-crit|p1b: Quaquaval\n|-damage|p1b: Quaquaval|19\/100\n|\n|upkeep\n|turn|5\n|c|\u2606LUIZ_BR_75 new|That's hard\n|\n|t:|1698775717\n|switch|p2b: Iron Hands|Iron Hands|100\/100\n|-terastallize|p2a: Skeledirge|Fairy\n|move|p1b: Quaquaval|Aqua Step|p2a: Skeledirge\n|-crit|p2a: Skeledirge\n|-damage|p2a: Skeledirge|17\/100\n|-boost|p1b: Quaquaval|spe|1\n|move|p1a: Volcarona|Fiery Dance|p2b: Iron Hands\n|-damage|p2b: Iron Hands|19\/100\n|-enditem|p2b: Iron Hands|Sitrus Berry|[eat]\n|-heal|p2b: Iron Hands|44\/100|[from] item: Sitrus Berry\n|move|p2a: Skeledirge|Tera Blast|p1a: Volcarona|[anim] Tera Blast Fairy\n|-resisted|p1a: Volcarona\n|-damage|p1a: Volcarona|12\/100\n|\n|-heal|p2a: Skeledirge|23\/100|[from] item: Leftovers\n|upkeep\n|turn|6\n|c|\u2606lxvliiz|yes\n|\n|t:|1698775748\n|move|p2b: Iron Hands|Fake Out|p1b: Quaquaval\n|-damage|p1b: Quaquaval|0 fnt\n|faint|p1b: Quaquaval\n|move|p1a: Volcarona|Fiery Dance|p2b: Iron Hands\n|-damage|p2b: Iron Hands|0 fnt\n|-boost|p1a: Volcarona|spa|1\n|faint|p2b: Iron Hands\n|-end|p2b: Iron Hands|Quark Drive|[silent]\n|move|p2a: Skeledirge|Torch Song|p1a: Volcarona\n|-damage|p1a: Volcarona|0 fnt\n|-boost|p2a: Skeledirge|spa|1\n|faint|p1a: Volcarona\n|\n|-heal|p2a: Skeledirge|29\/100|[from] item: Leftovers\n|upkeep\n|\n|t:|1698775774\n|switch|p1a: Kommo-o|Kommo-o, F|100\/100\n|switch|p1b: Lilligant|Lilligant-Hisui, F|100\/100\n|switch|p2b: Palafin|Palafin, M|100\/100\n|turn|7\n|\n|t:|1698775798\n|move|p1b: Lilligant|Leaf Blade|p2b: Palafin\n|-supereffective|p2b: Palafin\n|-damage|p2b: Palafin|0 fnt\n|faint|p2b: Palafin\n|-zpower|p1a: Kommo-o\n|move|p1a: Kommo-o|Clangorous Soulblaze|p2a: Skeledirge|[zeffect]\n|-immune|p2a: Skeledirge\n|move|p2a: Skeledirge|Tera Blast|p1a: Kommo-o|[anim] Tera Blast Fairy\n|-supereffective|p1a: Kommo-o\n|-damage|p1a: Kommo-o|0 fnt\n|faint|p1a: Kommo-o\n|\n|-heal|p2a: Skeledirge|35\/100|[from] item: Leftovers\n|upkeep\n|c|\u2606lxvliiz|oh\n|c|\u2606LUIZ_BR_75 new|That was insane\n|\n|t:|1698775832\n|switch|p2b: Kingambit|Kingambit, F|100\/100\n|switch|p1a: Oricorio|Oricorio-Pom-Pom, M|9\/100\n|turn|8\n|\n|t:|1698775850\n|move|p2b: Kingambit|Sucker Punch|p1a: Oricorio\n|-damage|p1a: Oricorio|0 fnt\n|faint|p1a: Oricorio\n|move|p1b: Lilligant|Close Combat|p2b: Kingambit\n|-supereffective|p2b: Kingambit\n|-damage|p2b: Kingambit|0 fnt\n|-unboost|p1b: Lilligant|def|1\n|-unboost|p1b: Lilligant|spd|1\n|faint|p2b: Kingambit\n|move|p2a: Skeledirge|Torch Song|p1b: Lilligant\n|-supereffective|p1b: Lilligant\n|-damage|p1b: Lilligant|0 fnt\n|-boost|p2a: Skeledirge|spa|1\n|faint|p1b: Lilligant\n|\n|-heal|p2a: Skeledirge|41\/100|[from] item: Leftovers\n|upkeep\n|\n|t:|1698775868\n|switch|p1b: Flamigo|Flamigo, F|100\/100\n|switch|p2b: Toedscruel|Toedscruel, M|100\/100\n|turn|9\n|\n|t:|1698775881\n|move|p1b: Flamigo|Acrobatics|p2a: Skeledirge\n|-damage|p2a: Skeledirge|0 fnt\n|faint|p2a: Skeledirge\n|move|p2b: Toedscruel|Spore|p1b: Flamigo\n|-status|p1b: Flamigo|slp|[from] move: Spore\n|\n|upkeep\n|\n|t:|1698775889\n|switch|p2a: Meowscarada|Meowscarada, F|1\/100\n|turn|10\n|\n|t:|1698775902\n|move|p2b: Toedscruel|Rage Powder|p2b: Toedscruel\n|-singleturn|p2b: Toedscruel|move: Rage Powder\n|move|p2a: Meowscarada|Flower Trick|p1b: Flamigo\n|-start|p2a: Meowscarada|typechange|Grass|[from] ability: Protean\n|-resisted|p1b: Flamigo\n|-crit|p1b: Flamigo\n|-damage|p1b: Flamigo|67\/100 slp\n|cant|p1b: Flamigo|slp\n|\n|upkeep\n|turn|11\n|\n|t:|1698775919\n|move|p2b: Toedscruel|Rage Powder|p2b: Toedscruel\n|-singleturn|p2b: Toedscruel|move: Rage Powder\n|move|p2a: Meowscarada|Knock Off|p1b: Flamigo\n|-resisted|p1b: Flamigo\n|-damage|p1b: Flamigo|54\/100 slp\n|cant|p1b: Flamigo|slp\n|\n|upkeep\n|turn|12\n|\n|t:|1698775935\n|move|p2a: Meowscarada|Sucker Punch|p1b: Flamigo\n|-resisted|p1b: Flamigo\n|-damage|p1b: Flamigo|37\/100 slp\n|-curestatus|p1b: Flamigo|slp|[msg]\n|move|p1b: Flamigo|Acrobatics|p2b: Toedscruel\n|-supereffective|p2b: Toedscruel\n|-damage|p2b: Toedscruel|0 fnt\n|faint|p2b: Toedscruel\n|\n|upkeep\n|turn|13\n|\n|t:|1698775948\n|move|p2a: Meowscarada|Flower Trick|p1b: Flamigo\n|-resisted|p1b: Flamigo\n|-crit|p1b: Flamigo\n|-damage|p1b: Flamigo|2\/100\n|move|p1b: Flamigo|Acrobatics|p2a: Meowscarada\n|-supereffective|p2a: Meowscarada\n|-damage|p2a: Meowscarada|0 fnt\n|faint|p2a: Meowscarada\n|\n|win|lxvliiz\n|raw|lxvliiz's rating: 1086 &rarr; <strong>1107<\/strong><br \/>(+21 for winning)\n|raw|LUIZ_BR_75 new's rating: 1000 &rarr; <strong>1000<\/strong><br \/>(+0 for losing)\n|c|\u2606lxvliiz|gg\n","uploadtime":1698775959,"views":8,"p1id":"lxvliiz","p2id":"luizbr75new","formatid":"gen9nationaldexdoubles","rating":1000,"private":0,"password":""}