{"id":"gen9nationaldexdoubles-1968549063","p1":"GoldGrifter","p2":"Miiirza","format":"[Gen 9] National Dex Doubles","log":"|j|\u2606GoldGrifter\n|j|\u2606Miiirza\n|t:|1697431729\n|gametype|doubles\n|player|p1|GoldGrifter|clair|1387\n|player|p2|Miiirza|266|1410\n|teamsize|p1|6\n|teamsize|p2|6\n|gen|9\n|tier|[Gen 9] National Dex Doubles\n|rated|\n|rule|HP Percentage Mod: HP is shown in percentages\n|rule|Endless Battle Clause: Forcing endless battles is banned\n|rule|OHKO Clause: OHKO moves are banned\n|rule|Evasion Moves Clause: Evasion moves are banned\n|rule|Evasion Abilities Clause: Evasion abilities are banned\n|rule|Species Clause: Limit one of each Pok\u00e9mon\n|rule|Gravity Sleep Clause: The combination of sleep-inducing moves with imperfect accuracy and Gravity or Gigantamax Orbeetle are banned\n|clearpoke\n|poke|p1|Diancie|\n|poke|p1|Celesteela|\n|poke|p1|Landorus, M|\n|poke|p1|Dracovish|\n|poke|p1|Tyranitar, M|\n|poke|p1|Hippowdon, F|\n|poke|p2|Incineroar, M|\n|poke|p2|Gastrodon-East, M|\n|poke|p2|Rillaboom, M|\n|poke|p2|Zygarde|\n|poke|p2|Amoonguss, M|\n|poke|p2|Chien-Pao|\n|teampreview\n|inactive|Battle timer is ON: inactive players will automatically lose when time's up. (requested by Miiirza)\n|inactive|GoldGrifter also wants the timer to be on.\n|\n|t:|1697431748\n|start\n|switch|p1a: Hippowdon|Hippowdon, F|100\/100\n|switch|p1b: Landorus|Landorus, M|100\/100\n|switch|p2a: Incineroar|Incineroar, M, shiny|100\/100\n|switch|p2b: Rillaboom|Rillaboom, M|100\/100\n|-fieldstart|move: Grassy Terrain|[from] ability: Grassy Surge|[of] p2b: Rillaboom\n|-ability|p2a: Incineroar|Intimidate|boost\n|-unboost|p1a: Hippowdon|atk|1\n|-unboost|p1b: Landorus|atk|1\n|-weather|Sandstorm|[from] ability: Sand Stream|[of] p1a: Hippowdon\n|turn|1\n|\n|t:|1697431764\n|move|p2b: Rillaboom|Grassy Glide|p1a: Hippowdon\n|-supereffective|p1a: Hippowdon\n|-damage|p1a: Hippowdon|60\/100\n|move|p1b: Landorus|Weather Ball|p2a: Incineroar\n|-supereffective|p2a: Incineroar\n|-damage|p2a: Incineroar|16\/100\n|-enditem|p2a: Incineroar|Mago Berry|[eat]\n|-heal|p2a: Incineroar|49\/100|[from] item: Mago Berry\n|move|p2a: Incineroar|Knock Off|p1a: Hippowdon\n|-damage|p1a: Hippowdon|34\/100\n|-enditem|p1a: Hippowdon|Smooth Rock|[from] move: Knock Off|[of] p2a: Incineroar\n|move|p1a: Hippowdon|Yawn|p2b: Rillaboom\n|-start|p2b: Rillaboom|move: Yawn|[of] p1a: Hippowdon\n|\n|-weather|Sandstorm|[upkeep]\n|-damage|p2b: Rillaboom|94\/100|[from] Sandstorm\n|-damage|p2a: Incineroar|43\/100|[from] Sandstorm\n|-heal|p2b: Rillaboom|100\/100|[from] Grassy Terrain\n|-heal|p2a: Incineroar|49\/100|[from] Grassy Terrain\n|-heal|p1a: Hippowdon|40\/100|[from] Grassy Terrain\n|upkeep\n|turn|2\n|\n|t:|1697431785\n|switch|p2a: Amoonguss|Amoonguss, M|100\/100\n|move|p1b: Landorus|Weather Ball|p2a: Amoonguss\n|-damage|p2a: Amoonguss|67\/100\n|move|p2b: Rillaboom|U-turn|p1a: Hippowdon\n|-damage|p1a: Hippowdon|27\/100\n|\n|t:|1697431795\n|switch|p2b: Gastrodon|Gastrodon-East, M, shiny|100\/100|[from] U-turn\n|move|p1a: Hippowdon|Slack Off|p1a: Hippowdon\n|-heal|p1a: Hippowdon|77\/100\n|\n|-weather|Sandstorm|[upkeep]\n|-damage|p2a: Amoonguss|60\/100|[from] Sandstorm\n|-heal|p1a: Hippowdon|83\/100|[from] Grassy Terrain\n|-heal|p2a: Amoonguss|67\/100|[from] Grassy Terrain\n|-heal|p2a: Amoonguss|73\/100|[from] item: Leftovers\n|upkeep\n|turn|3\n|\n|t:|1697431811\n|switch|p1a: Celesteela|Celesteela|100\/100\n|-zpower|p1b: Landorus\n|move|p1b: Landorus|Tectonic Rage|p2b: Gastrodon|[zeffect]\n|-damage|p2b: Gastrodon|4\/100\n|move|p2b: Gastrodon|Ice Beam|p1b: Landorus\n|-supereffective|p1b: Landorus\n|-damage|p1b: Landorus|0 fnt\n|faint|p1b: Landorus\n|move|p2a: Amoonguss|Spore|p1a: Celesteela\n|-status|p1a: Celesteela|slp|[from] move: Spore\n|\n|-weather|Sandstorm|[upkeep]\n|-damage|p2a: Amoonguss|67\/100|[from] Sandstorm\n|-heal|p2b: Gastrodon|10\/100|[from] Grassy Terrain\n|-heal|p2b: Gastrodon|16\/100|[from] item: Leftovers\n|-heal|p2a: Amoonguss|73\/100|[from] Grassy Terrain\n|-heal|p2a: Amoonguss|79\/100|[from] item: Leftovers\n|upkeep\n|\n|t:|1697431823\n|switch|p1b: Dracovish|Dracovish|100\/100\n|turn|4\n|\n|t:|1697431835\n|move|p2b: Gastrodon|Protect|p2b: Gastrodon\n|-singleturn|p2b: Gastrodon|Protect\n|move|p1b: Dracovish|Psychic Fangs|p2a: Amoonguss\n|-supereffective|p2a: Amoonguss\n|-crit|p2a: Amoonguss\n|-damage|p2a: Amoonguss|12\/100\n|cant|p1a: Celesteela|slp\n|move|p2a: Amoonguss|Spore|p1b: Dracovish\n|-status|p1b: Dracovish|slp|[from] move: Spore\n|-enditem|p1b: Dracovish|Lum Berry|[eat]\n|-curestatus|p1b: Dracovish|slp|[msg]\n|\n|-weather|Sandstorm|[upkeep]\n|-damage|p2a: Amoonguss|6\/100|[from] Sandstorm\n|-heal|p2b: Gastrodon|22\/100|[from] Grassy Terrain\n|-heal|p2b: Gastrodon|28\/100|[from] item: Leftovers\n|-heal|p2a: Amoonguss|12\/100|[from] Grassy Terrain\n|-heal|p2a: Amoonguss|18\/100|[from] item: Leftovers\n|upkeep\n|turn|5\n|\n|t:|1697431854\n|switch|p2b: Chien-Pao|Chien-Pao|100\/100\n|-ability|p2b: Chien-Pao|Sword of Ruin\n|switch|p2a: Incineroar|Incineroar, M, shiny|49\/100\n|-ability|p2a: Incineroar|Intimidate|boost\n|-unboost|p1a: Celesteela|atk|1\n|-unboost|p1b: Dracovish|atk|1\n|move|p1b: Dracovish|Psychic Fangs|p2a: Incineroar\n|-immune|p2a: Incineroar\n|cant|p1a: Celesteela|slp\n|\n|-weather|Sandstorm|[upkeep]\n|-damage|p2b: Chien-Pao|95\/100|[from] Sandstorm\n|-damage|p2a: Incineroar|43\/100|[from] Sandstorm\n|-heal|p2b: Chien-Pao|100\/100|[from] Grassy Terrain\n|-heal|p2a: Incineroar|49\/100|[from] Grassy Terrain\n|-fieldend|move: Grassy Terrain\n|upkeep\n|turn|6\n|\n|t:|1697431873\n|switch|p2b: Gastrodon|Gastrodon-East, M, shiny|28\/100\n|move|p1b: Dracovish|Fishious Rend|p2b: Gastrodon\n|-activate|p2b: Gastrodon|ability: Storm Drain\n|-ability|p2b: Gastrodon|Storm Drain|boost\n|-boost|p2b: Gastrodon|spa|1\n|cant|p1a: Celesteela|slp\n|move|p2a: Incineroar|Flare Blitz|p1a: Celesteela\n|-supereffective|p1a: Celesteela\n|-damage|p1a: Celesteela|0 fnt\n|faint|p1a: Celesteela\n|-damage|p2a: Incineroar|17\/100|[from] Recoil\n|\n|-weather|Sandstorm|[upkeep]\n|-damage|p2a: Incineroar|11\/100|[from] Sandstorm\n|-heal|p2b: Gastrodon|34\/100|[from] item: Leftovers\n|upkeep\n|\n|t:|1697431883\n|switch|p1a: Diancie|Diancie|100\/100\n|turn|7\n|\n|t:|1697431895\n|switch|p1b: Hippowdon|Hippowdon, F|83\/100\n|move|p2b: Gastrodon|Protect|p2b: Gastrodon\n|-singleturn|p2b: Gastrodon|Protect\n|move|p1a: Diancie|Diamond Storm|p2a: Incineroar|[spread] p2a\n|-activate|p2b: Gastrodon|move: Protect\n|-supereffective|p2a: Incineroar\n|-damage|p2a: Incineroar|0 fnt\n|faint|p2a: Incineroar\n|\n|-weather|Sandstorm|[upkeep]\n|-heal|p2b: Gastrodon|40\/100|[from] item: Leftovers\n|upkeep\n|\n|t:|1697431908\n|switch|p2a: Amoonguss|Amoonguss, M|52\/100\n|turn|8\n|\n|t:|1697431917\n|switch|p2a: Rillaboom|Rillaboom, M|100\/100\n|-fieldstart|move: Grassy Terrain|[from] ability: Grassy Surge|[of] p2a: Rillaboom\n|move|p1a: Diancie|Diamond Storm|p2b: Gastrodon|[spread] p2a,p2b\n|-resisted|p2b: Gastrodon\n|-damage|p2a: Rillaboom|76\/100\n|-damage|p2b: Gastrodon|29\/100\n|-boost|p1a: Diancie|def|2\n|move|p1b: Hippowdon|Yawn|p2a: Rillaboom\n|-start|p2a: Rillaboom|move: Yawn|[of] p1b: Hippowdon\n|move|p2b: Gastrodon|Muddy Water|p1a: Diancie|[spread] p1a,p1b\n|-supereffective|p1a: Diancie\n|-supereffective|p1b: Hippowdon\n|-damage|p1a: Diancie|63\/100\n|-damage|p1b: Hippowdon|0 fnt\n|faint|p1b: Hippowdon\n|\n|-weather|none\n|-heal|p2a: Rillaboom|82\/100|[from] Grassy Terrain\n|-heal|p1a: Diancie|69\/100|[from] Grassy Terrain\n|-heal|p2b: Gastrodon|35\/100|[from] Grassy Terrain\n|-heal|p2b: Gastrodon|42\/100|[from] item: Leftovers\n|upkeep\n|\n|t:|1697431930\n|switch|p1b: Tyranitar|Tyranitar, M|100\/100\n|-weather|Sandstorm|[from] ability: Sand Stream|[of] p1b: Tyranitar\n|turn|9\n|\n|t:|1697431944\n|move|p2b: Gastrodon|Protect|p2b: Gastrodon\n|-singleturn|p2b: Gastrodon|Protect\n|move|p2a: Rillaboom|U-turn|p1b: Tyranitar\n|-supereffective|p1b: Tyranitar\n|-damage|p1b: Tyranitar|61\/100\n|\n|t:|1697431949\n|switch|p2a: Amoonguss|Amoonguss, M|85\/100|[from] U-turn\n|move|p1b: Tyranitar|Dragon Dance|p1b: Tyranitar\n|-boost|p1b: Tyranitar|atk|1\n|-boost|p1b: Tyranitar|spe|1\n|move|p1a: Diancie|Dazzling Gleam|p2a: Amoonguss|[spread] p2a\n|-activate|p2b: Gastrodon|move: Protect\n|-resisted|p2a: Amoonguss\n|-damage|p2a: Amoonguss|73\/100\n|\n|-weather|Sandstorm|[upkeep]\n|-damage|p2a: Amoonguss|67\/100|[from] Sandstorm\n|-heal|p1b: Tyranitar|68\/100|[from] Grassy Terrain\n|-heal|p1a: Diancie|76\/100|[from] Grassy Terrain\n|-heal|p2b: Gastrodon|48\/100|[from] Grassy Terrain\n|-heal|p2b: Gastrodon|54\/100|[from] item: Leftovers\n|-heal|p2a: Amoonguss|73\/100|[from] Grassy Terrain\n|-heal|p2a: Amoonguss|80\/100|[from] item: Leftovers\n|upkeep\n|turn|10\n|\n|t:|1697431970\n|detailschange|p1b: Tyranitar|Tyranitar-Mega, M\n|-mega|p1b: Tyranitar|Tyranitar|Tyranitarite\n|move|p1b: Tyranitar|Rock Slide|p2b: Gastrodon|[spread] p2a,p2b\n|-resisted|p2b: Gastrodon\n|-damage|p2a: Amoonguss|44\/100\n|-damage|p2b: Gastrodon|31\/100\n|move|p1a: Diancie|Dazzling Gleam|p2b: Gastrodon|[spread] p2a,p2b\n|-resisted|p2a: Amoonguss\n|-damage|p2a: Amoonguss|32\/100\n|-damage|p2b: Gastrodon|2\/100\n|move|p2b: Gastrodon|Muddy Water|p1b: Tyranitar|[spread] p1a,p1b\n|-supereffective|p1a: Diancie\n|-supereffective|p1b: Tyranitar\n|-damage|p1a: Diancie|41\/100\n|-damage|p1b: Tyranitar|26\/100\n|move|p2a: Amoonguss|Spore|p1b: Tyranitar\n|-status|p1b: Tyranitar|slp|[from] move: Spore\n|\n|-weather|Sandstorm|[upkeep]\n|-damage|p2a: Amoonguss|26\/100|[from] Sandstorm\n|-heal|p1b: Tyranitar|32\/100 slp|[from] Grassy Terrain\n|-heal|p1a: Diancie|47\/100|[from] Grassy Terrain\n|-heal|p2b: Gastrodon|8\/100|[from] Grassy Terrain\n|-heal|p2b: Gastrodon|14\/100|[from] item: Leftovers\n|-heal|p2a: Amoonguss|32\/100|[from] Grassy Terrain\n|-heal|p2a: Amoonguss|39\/100|[from] item: Leftovers\n|upkeep\n|turn|11\n|\n|t:|1697431997\n|move|p2b: Gastrodon|Protect|p2b: Gastrodon\n|-singleturn|p2b: Gastrodon|Protect\n|cant|p1b: Tyranitar|slp\n|move|p1a: Diancie|Diamond Storm|p2b: Gastrodon|[spread] \n|-activate|p2b: Gastrodon|move: Protect\n|-miss|p1a: Diancie|p2a: Amoonguss\n|move|p2a: Amoonguss|Spore|p1a: Diancie\n|-status|p1a: Diancie|slp|[from] move: Spore\n|\n|-weather|Sandstorm|[upkeep]\n|-damage|p2a: Amoonguss|32\/100|[from] Sandstorm\n|-heal|p1b: Tyranitar|38\/100 slp|[from] Grassy Terrain\n|-heal|p1a: Diancie|53\/100 slp|[from] Grassy Terrain\n|-heal|p2b: Gastrodon|20\/100|[from] Grassy Terrain\n|-heal|p2b: Gastrodon|26\/100|[from] item: Leftovers\n|-heal|p2a: Amoonguss|39\/100|[from] Grassy Terrain\n|-heal|p2a: Amoonguss|45\/100|[from] item: Leftovers\n|upkeep\n|turn|12\n|\n|t:|1697432018\n|-curestatus|p1b: Tyranitar|slp|[msg]\n|move|p1b: Tyranitar|Crunch|p2b: Gastrodon\n|-crit|p2b: Gastrodon\n|-damage|p2b: Gastrodon|0 fnt\n|faint|p2b: Gastrodon\n|cant|p1a: Diancie|slp\n|move|p2a: Amoonguss|Clear Smog|p1a: Diancie\n|-damage|p1a: Diancie|46\/100 slp\n|-clearboost|p1a: Diancie\n|\n|-weather|Sandstorm|[upkeep]\n|-damage|p2a: Amoonguss|39\/100|[from] Sandstorm\n|-heal|p1b: Tyranitar|45\/100|[from] Grassy Terrain\n|-heal|p1a: Diancie|52\/100 slp|[from] Grassy Terrain\n|-heal|p2a: Amoonguss|45\/100|[from] Grassy Terrain\n|-heal|p2a: Amoonguss|51\/100|[from] item: Leftovers\n|-fieldend|move: Grassy Terrain\n|upkeep\n|inactive|Miiirza has 120 seconds left.\n|\n|t:|1697432035\n|switch|p2b: Chien-Pao|Chien-Pao|100\/100\n|-ability|p2b: Chien-Pao|Sword of Ruin\n|turn|13\n|\n|t:|1697432043\n|move|p1b: Tyranitar|Protect|p1b: Tyranitar\n|-singleturn|p1b: Tyranitar|Protect\n|move|p2b: Chien-Pao|Sacred Sword|p1b: Tyranitar\n|-activate|p1b: Tyranitar|move: Protect\n|-curestatus|p1a: Diancie|slp|[msg]\n|move|p1a: Diancie|Diamond Storm|p2b: Chien-Pao|[spread] p2a,p2b\n|-supereffective|p2b: Chien-Pao\n|-damage|p2a: Amoonguss|28\/100\n|-damage|p2b: Chien-Pao|33\/100\n|move|p2a: Amoonguss|Spore|p1b: Tyranitar\n|-activate|p1b: Tyranitar|move: Protect\n|\n|-weather|none\n|-heal|p2a: Amoonguss|34\/100|[from] item: Leftovers\n|upkeep\n|turn|14\n|\n|t:|1697432060\n|move|p2b: Chien-Pao|Sacred Sword|p1b: Tyranitar\n|-supereffective|p1b: Tyranitar\n|-damage|p1b: Tyranitar|0 fnt\n|faint|p1b: Tyranitar\n|move|p1a: Diancie|Diamond Storm|p2a: Amoonguss|[spread] p2a,p2b\n|-supereffective|p2b: Chien-Pao\n|-damage|p2a: Amoonguss|10\/100\n|-damage|p2b: Chien-Pao|0 fnt\n|faint|p2b: Chien-Pao\n|move|p2a: Amoonguss|Spore|p1a: Diancie\n|-status|p1a: Diancie|slp|[from] move: Spore\n|\n|-heal|p2a: Amoonguss|16\/100|[from] item: Leftovers\n|upkeep\n|\n|t:|1697432072\n|switch|p2b: Rillaboom|Rillaboom, M|82\/100\n|switch|p1b: Dracovish|Dracovish|100\/100\n|-fieldstart|move: Grassy Terrain|[from] ability: Grassy Surge|[of] p2b: Rillaboom\n|turn|15\n|\n|t:|1697432082\n|move|p2b: Rillaboom|Fake Out|p1b: Dracovish\n|-damage|p1b: Dracovish|89\/100\n|cant|p1b: Dracovish|flinch\n|cant|p1a: Diancie|slp\n|move|p2a: Amoonguss|Spore|p1b: Dracovish\n|-status|p1b: Dracovish|slp|[from] move: Spore\n|\n|-heal|p2b: Rillaboom|88\/100|[from] Grassy Terrain\n|-heal|p1b: Dracovish|95\/100 slp|[from] Grassy Terrain\n|-heal|p1a: Diancie|58\/100 slp|[from] Grassy Terrain\n|-heal|p2a: Amoonguss|23\/100|[from] Grassy Terrain\n|-heal|p2a: Amoonguss|29\/100|[from] item: Leftovers\n|upkeep\n|turn|16\n|\n|t:|1697432102\n|switch|p2a: Zygarde|Zygarde, shiny|100\/100\n|-ability|p2a: Zygarde|Aura Break\n|move|p2b: Rillaboom|Grassy Glide|p1a: Diancie\n|-supereffective|p1a: Diancie\n|-damage|p1a: Diancie|0 fnt\n|faint|p1a: Diancie\n|cant|p1b: Dracovish|slp\n|\n|-heal|p2b: Rillaboom|94\/100|[from] Grassy Terrain\n|-heal|p1b: Dracovish|100\/100 slp|[from] Grassy Terrain\n|upkeep\n|turn|17\n|\n|t:|1697432118\n|-terastallize|p2a: Zygarde|Normal\n|move|p2b: Rillaboom|U-turn|p1b: Dracovish\n|-damage|p1b: Dracovish|76\/100 slp\n|\n|t:|1697432121\n|switch|p2b: Amoonguss|Amoonguss, M|62\/100|[from] U-turn\n|move|p2a: Zygarde|Dragon Dance|p2a: Zygarde\n|-boost|p2a: Zygarde|atk|1\n|-boost|p2a: Zygarde|spe|1\n|cant|p1b: Dracovish|slp\n|\n|-heal|p1b: Dracovish|82\/100 slp|[from] Grassy Terrain\n|-heal|p2b: Amoonguss|69\/100|[from] Grassy Terrain\n|-heal|p2b: Amoonguss|75\/100|[from] item: Leftovers\n|upkeep\n|turn|18\n|\n|t:|1697432133\n|switch|p2b: Rillaboom|Rillaboom, M|94\/100\n|move|p2a: Zygarde|Protect|p2a: Zygarde\n|-singleturn|p2a: Zygarde|Protect\n|-curestatus|p1b: Dracovish|slp|[msg]\n|move|p1b: Dracovish|Psychic Fangs|p2b: Rillaboom\n|-damage|p2b: Rillaboom|65\/100\n|\n|-heal|p2b: Rillaboom|71\/100|[from] Grassy Terrain\n|-heal|p1b: Dracovish|88\/100|[from] Grassy Terrain\n|upkeep\n|turn|19\n|\n|t:|1697432145\n|-terastallize|p1b: Dracovish|Water\n|move|p2b: Rillaboom|Fake Out|p1b: Dracovish\n|-damage|p1b: Dracovish|75\/100\n|move|p2a: Zygarde|Dragon Dance|p2a: Zygarde\n|-boost|p2a: Zygarde|atk|1\n|-boost|p2a: Zygarde|spe|1\n|cant|p1b: Dracovish|flinch\n|\n|-heal|p2b: Rillaboom|77\/100|[from] Grassy Terrain\n|-heal|p1b: Dracovish|81\/100|[from] Grassy Terrain\n|-fieldend|move: Grassy Terrain\n|upkeep\n|turn|20\n|c|\u2606GoldGrifter|Just beat me\n|\n|t:|1697432158\n|move|p2a: Zygarde|Protect|p2a: Zygarde\n|-singleturn|p2a: Zygarde|Protect\n|move|p2b: Rillaboom|U-turn|p1b: Dracovish\n|-damage|p1b: Dracovish|57\/100\n|c|\u2606GoldGrifter|this is ridiculous\n|\n|t:|1697432162\n|switch|p2b: Amoonguss|Amoonguss, M|100\/100|[from] U-turn\n|move|p1b: Dracovish|Fishious Rend|p2a: Zygarde\n|-activate|p2a: Zygarde|move: Protect\n|\n|upkeep\n|turn|21\n|\n|t:|1697432170\n|move|p2b: Amoonguss|Rage Powder|p2b: Amoonguss\n|-singleturn|p2b: Amoonguss|move: Rage Powder\n|move|p2a: Zygarde|Thousand Arrows|p1b: Dracovish\n|-damage|p1b: Dracovish|0 fnt\n|faint|p1b: Dracovish\n|\n|win|Miiirza\n|raw|GoldGrifter's rating: 1387 &rarr; <strong>1368<\/strong><br \/>(-19 for losing)\n|raw|Miiirza's rating: 1410 &rarr; <strong>1429<\/strong><br \/>(+19 for winning)\n|l|\u2606GoldGrifter\n|c|\u2606Miiirza|gg\n","uploadtime":1697432185,"views":10,"p1id":"goldgrifter","p2id":"miiirza","formatid":"gen9nationaldexdoubles","rating":1368,"private":0,"password":""}