{"id":"gen9nationaldexdoubles-1977095018","p1":"Elnutriajp","p2":"JacintoElGrande","format":"[Gen 9] National Dex Doubles","log":"|j|\u2606Elnutriajp\n|j|\u2606JacintoElGrande\n|t:|1698370958\n|gametype|doubles\n|player|p1|Elnutriajp|lucas|\n|player|p2|JacintoElGrande|doctor-gen8|\n|teamsize|p1|6\n|teamsize|p2|6\n|gen|9\n|tier|[Gen 9] National Dex Doubles\n|rule|HP Percentage Mod: HP is shown in percentages\n|rule|Endless Battle Clause: Forcing endless battles is banned\n|rule|OHKO Clause: OHKO moves are banned\n|rule|Evasion Moves Clause: Evasion moves are banned\n|rule|Evasion Abilities Clause: Evasion abilities are banned\n|rule|Species Clause: Limit one of each Pok\u00e9mon\n|rule|Gravity Sleep Clause: The combination of sleep-inducing moves with imperfect accuracy and Gravity or Gigantamax Orbeetle are banned\n|clearpoke\n|poke|p1|Flareon, M|\n|poke|p1|Leafeon, F|\n|poke|p1|Jolteon, F|\n|poke|p1|Umbreon, M|\n|poke|p1|Espeon, F|\n|poke|p1|Sylveon, F|\n|poke|p2|Glimmora, M|\n|poke|p2|Garganacl, M|\n|poke|p2|Sinistcha|\n|poke|p2|Iron Hands|\n|poke|p2|Pawmot, F|\n|poke|p2|Cresselia, F|\n|teampreview\n|c|\u2606JacintoElGrande|nice\n|c|\u2606JacintoElGrande|gl hf\n|\n|t:|1698370986\n|start\n|switch|p1a: Riv|Sylveon, F, shiny|100\/100\n|switch|p1b: Akarui|Umbreon, M, shiny|100\/100\n|switch|p2a: Glimmora|Glimmora, M|100\/100\n|switch|p2b: Iron Hands|Iron Hands|100\/100\n|turn|1\n|\n|t:|1698371011\n|move|p2a: Glimmora|Mortal Spin|p1b: Akarui|[spread] p1a,p1b\n|-supereffective|p1a: Riv\n|-damage|p1a: Riv|88\/100\n|-damage|p1b: Akarui|97\/100\n|-status|p1a: Riv|psn\n|-status|p1b: Akarui|psn\n|-activate|p1b: Akarui|ability: Synchronize\n|-immune|p2a: Glimmora\n|move|p1b: Akarui|Toxic|p2b: Iron Hands\n|-status|p2b: Iron Hands|tox\n|move|p1a: Riv|Yawn|p2a: Glimmora\n|-start|p2a: Glimmora|move: Yawn|[of] p1a: Riv\n|move|p2b: Iron Hands|Volt Switch|p1a: Riv\n|-damage|p1a: Riv|80\/100 psn\n|\n|t:|1698371030\n|-end|p2b: Iron Hands|Quark Drive|[silent]\n|switch|p2b: Garganacl|Garganacl, M|100\/100|[from] Volt Switch\n|\n|-heal|p1b: Akarui|100\/100 psn|[from] item: Leftovers\n|-damage|p1b: Akarui|88\/100 psn|[from] psn\n|-damage|p1a: Riv|68\/100 psn|[from] psn\n|upkeep\n|turn|2\n|\n|t:|1698371046\n|switch|p2a: Cresselia|Cresselia, F|100\/100\n|move|p1b: Akarui|Wish|p1b: Akarui\n|move|p1a: Riv|Hyper Beam|p2b: Garganacl\n|-damage|p2b: Garganacl|44\/100\n|-mustrecharge|p1a: Riv\n|-damage|p1a: Riv|58\/100 psn|[from] item: Life Orb\n|move|p2b: Garganacl|Iron Defense|p2b: Garganacl\n|-boost|p2b: Garganacl|def|2\n|\n|-heal|p1b: Akarui|94\/100 psn|[from] item: Leftovers\n|-heal|p2b: Garganacl|50\/100|[from] item: Leftovers\n|-damage|p1b: Akarui|82\/100 psn|[from] psn\n|-damage|p1a: Riv|45\/100 psn|[from] psn\n|upkeep\n|turn|3\n|\n|t:|1698371066\n|switch|p2a: Glimmora|Glimmora, M|100\/100\n|move|p1b: Akarui|Toxic|p2b: Garganacl\n|-immune|p2b: Garganacl|[from] ability: Purifying Salt\n|cant|p1a: Riv|recharge\n|move|p2b: Garganacl|Recover|p2b: Garganacl\n|-heal|p2b: Garganacl|100\/100\n|\n|-heal|p1b: Akarui|100\/100 psn|[from] move: Wish|[wisher] Akarui\n|-damage|p1b: Akarui|88\/100 psn|[from] psn\n|-damage|p1a: Riv|33\/100 psn|[from] psn\n|upkeep\n|turn|4\n|\n|t:|1698371103\n|switch|p1a: hina|Espeon, F, shiny|100\/100\n|move|p2a: Glimmora|Toxic Spikes|p1b: Akarui\n|move|p1a: hina|Toxic Spikes|p2a: Glimmora|[from]ability: Magic Bounce\n|-sidestart|p2: JacintoElGrande|move: Toxic Spikes\n|move|p1b: Akarui|Wish|p1b: Akarui\n|move|p2b: Garganacl|Iron Defense|p2b: Garganacl\n|-boost|p2b: Garganacl|def|2\n|\n|-heal|p1b: Akarui|94\/100 psn|[from] item: Leftovers\n|-damage|p1b: Akarui|82\/100 psn|[from] psn\n|upkeep\n|turn|5\n|c|\u2606JacintoElGrande|nice\n|\n|t:|1698371132\n|switch|p1b: Coal :3|Flareon, M|100\/100\n|move|p1a: hina|Grass Knot|p2b: Garganacl\n|-supereffective|p2b: Garganacl\n|-damage|p2b: Garganacl|50\/100\n|move|p2a: Glimmora|Power Gem|p1a: hina\n|-damage|p1a: hina|64\/100\n|move|p2b: Garganacl|Body Press|p1a: hina\n|-resisted|p1a: hina\n|-damage|p1a: hina|0 fnt\n|faint|p1a: hina\n|\n|-heal|p2b: Garganacl|56\/100|[from] item: Leftovers\n|upkeep\n|\n|t:|1698371148\n|switch|p1a: Rosemary|Leafeon, F|100\/100\n|turn|6\n|\n|t:|1698371161\n|-terastallize|p1b: Coal :3|Normal\n|move|p2a: Glimmora|Toxic Spikes|p1b: Coal :3\n|-sidestart|p1: Elnutriajp|move: Toxic Spikes\n|move|p1a: Rosemary|Sunny Day|p1a: Rosemary\n|-weather|SunnyDay\n|move|p1b: Coal :3|Trailblaze|p2b: Garganacl\n|-supereffective|p2b: Garganacl\n|-damage|p2b: Garganacl|47\/100\n|-boost|p1b: Coal :3|spe|1\n|move|p2b: Garganacl|Recover|p2b: Garganacl\n|-heal|p2b: Garganacl|97\/100\n|\n|-weather|SunnyDay|[upkeep]\n|-heal|p2b: Garganacl|100\/100|[from] item: Leftovers\n|-status|p1b: Coal :3|brn|[from] item: Flame Orb\n|upkeep\n|turn|7\n|\n|t:|1698371187\n|move|p1a: Rosemary|Solar Blade||[still]\n|-prepare|p1a: Rosemary|Solar Blade\n|-anim|p1a: Rosemary|Solar Blade|p2a: Glimmora\n|-damage|p2a: Glimmora|25\/100\n|-activate|p2a: Glimmora|ability: Toxic Debris\n|-sidestart|p1: Elnutriajp|move: Toxic Spikes\n|move|p2a: Glimmora|Toxic Spikes||[still]\n|-fail|p2a: Glimmora\n|move|p1b: Coal :3|Facade|p2a: Glimmora\n|-resisted|p2a: Glimmora\n|-damage|p2a: Glimmora|0 fnt\n|faint|p2a: Glimmora\n|move|p2b: Garganacl|Body Press|p1b: Coal :3\n|-supereffective|p1b: Coal :3\n|-damage|p1b: Coal :3|0 fnt\n|faint|p1b: Coal :3\n|\n|-weather|SunnyDay|[upkeep]\n|upkeep\n|\n|t:|1698371208\n|switch|p2a: Iron Hands|Iron Hands|100\/100 tox\n|switch|p1b: Akarui|Umbreon, M, shiny|82\/100 psn\n|turn|8\n|\n|t:|1698371222\n|move|p2a: Iron Hands|Fake Out|p1a: Rosemary\n|-damage|p1a: Rosemary|88\/100\n|cant|p1a: Rosemary|flinch\n|move|p1b: Akarui|Foul Play|p2a: Iron Hands\n|-resisted|p2a: Iron Hands\n|-damage|p2a: Iron Hands|88\/100 tox\n|move|p2b: Garganacl|Body Press|p1b: Akarui\n|-supereffective|p1b: Akarui\n|-damage|p1b: Akarui|0 fnt\n|faint|p1b: Akarui\n|\n|-weather|SunnyDay|[upkeep]\n|-damage|p2a: Iron Hands|82\/100 tox|[from] psn\n|upkeep\n|\n|t:|1698371242\n|switch|p1b: Mitsuki|Jolteon, F|100\/100\n|-status|p1b: Mitsuki|tox\n|turn|9\n|\n|t:|1698371260\n|move|p1a: Rosemary|Solar Blade||[still]\n|-prepare|p1a: Rosemary|Solar Blade\n|-anim|p1a: Rosemary|Solar Blade|p2a: Iron Hands\n|-damage|p2a: Iron Hands|47\/100 tox\n|move|p1b: Mitsuki|Volt Switch|p2b: Garganacl\n|-damage|p2b: Garganacl|68\/100\n|\n|t:|1698371268\n|switch|p1b: Riv|Sylveon, F, shiny|33\/100 psn|[from] Volt Switch\n|move|p2b: Garganacl|Salt Cure|p1a: Rosemary\n|-damage|p1a: Rosemary|73\/100\n|-start|p1a: Rosemary|Salt Cure\n|move|p2a: Iron Hands|Volt Switch|p1a: Rosemary\n|-resisted|p1a: Rosemary\n|-damage|p1a: Rosemary|61\/100\n|\n|t:|1698371274\n|-end|p2a: Iron Hands|Quark Drive|[silent]\n|switch|p2a: Pawmot|Pawmot, F|100\/100|[from] Volt Switch\n|-status|p2a: Pawmot|psn\n|\n|-weather|SunnyDay|[upkeep]\n|-heal|p2b: Garganacl|74\/100|[from] item: Leftovers\n|-damage|p2a: Pawmot|88\/100 psn|[from] psn\n|-damage|p1b: Riv|21\/100 psn|[from] psn\n|-damage|p1a: Rosemary|49\/100|[from] Salt Cure\n|upkeep\n|turn|10\n|\n|t:|1698371305\n|move|p2a: Pawmot|Fake Out|p1a: Rosemary\n|-damage|p1a: Rosemary|36\/100\n|cant|p1a: Rosemary|flinch\n|move|p1b: Riv|Hyper Voice|p2b: Garganacl|[spread] p2a,p2b\n|-supereffective|p2a: Pawmot\n|-damage|p2a: Pawmot|0 fnt\n|-damage|p2b: Garganacl|48\/100\n|faint|p2a: Pawmot\n|-damage|p1b: Riv|11\/100 psn|[from] item: Life Orb\n|move|p2b: Garganacl|Salt Cure|p1b: Riv\n|-damage|p1b: Riv|0 fnt\n|faint|p1b: Riv\n|\n|-weather|SunnyDay|[upkeep]\n|-heal|p2b: Garganacl|54\/100|[from] item: Leftovers\n|-damage|p1a: Rosemary|24\/100|[from] Salt Cure\n|upkeep\n|\n|t:|1698371323\n|switch|p2a: Sinistcha|Sinistcha|100\/100\n|switch|p1b: Mitsuki|Jolteon, F|100\/100 tox\n|-status|p2a: Sinistcha|psn\n|-heal|p2b: Garganacl|79\/100|[from] ability: Hospitality|[of] p2a: Sinistcha\n|turn|11\n|\n|t:|1698371340\n|move|p1a: Rosemary|X-Scissor|p2a: Sinistcha\n|-damage|p2a: Sinistcha|75\/100 psn\n|move|p1b: Mitsuki|Discharge|p2a: Sinistcha|[spread] p1a,p2a,p2b\n|-resisted|p1a: Rosemary\n|-resisted|p2a: Sinistcha\n|-damage|p1a: Rosemary|0 fnt\n|-damage|p2a: Sinistcha|56\/100 psn\n|-damage|p2b: Garganacl|54\/100\n|faint|p1a: Rosemary\n|move|p2a: Sinistcha|Strength Sap|p1b: Mitsuki\n|-unboost|p1b: Mitsuki|atk|1\n|-heal|p2a: Sinistcha|91\/100 psn\n|move|p2b: Garganacl|Salt Cure|p1b: Mitsuki\n|-damage|p1b: Mitsuki|72\/100 tox\n|-start|p1b: Mitsuki|Salt Cure\n|\n|-weather|SunnyDay|[upkeep]\n|-heal|p2b: Garganacl|60\/100|[from] item: Leftovers\n|-damage|p1b: Mitsuki|67\/100 tox|[from] psn\n|-damage|p2a: Sinistcha|78\/100 psn|[from] psn\n|-damage|p1b: Mitsuki|54\/100 tox|[from] Salt Cure\n|upkeep\n|turn|12\n|\n|t:|1698371361\n|move|p1b: Mitsuki|Discharge|p2b: Garganacl|[spread] p2a,p2b\n|-resisted|p2a: Sinistcha\n|-damage|p2a: Sinistcha|59\/100 psn\n|-damage|p2b: Garganacl|32\/100\n|move|p2a: Sinistcha|Matcha Gotcha|p1b: Mitsuki\n|-damage|p1b: Mitsuki|15\/100 tox\n|-heal|p2a: Sinistcha|75\/100 psn|[from] drain|[of] p1b: Mitsuki\n|move|p2b: Garganacl|Body Press|p1b: Mitsuki\n|-crit|p1b: Mitsuki\n|-damage|p1b: Mitsuki|0 fnt\n|faint|p1b: Mitsuki\n|\n|win|JacintoElGrande\n|c|\u2606JacintoElGrande|gg\n","uploadtime":1698371378,"views":10,"p1id":"elnutriajp","p2id":"jacintoelgrande","formatid":"gen9nationaldexdoubles","rating":0,"private":0,"password":""}