{"id":"gen9nationaldexdoubles-1987352370","p1":"Theadonia","p2":"JoeIsHereG","format":"[Gen 9] National Dex Doubles","log":"|j|\u2606Theadonia\n|j|\u2606JoeIsHereG\n|t:|1699580774\n|gametype|doubles\n|player|p1|Theadonia|roxie|1092\n|player|p2|JoeIsHereG|1|1059\n|teamsize|p1|6\n|teamsize|p2|6\n|gen|9\n|tier|[Gen 9] National Dex Doubles\n|rated|\n|rule|HP Percentage Mod: HP is shown in percentages\n|rule|Endless Battle Clause: Forcing endless battles is banned\n|rule|OHKO Clause: OHKO moves are banned\n|rule|Evasion Moves Clause: Evasion moves are banned\n|rule|Evasion Abilities Clause: Evasion abilities are banned\n|rule|Species Clause: Limit one of each Pok\u00e9mon\n|rule|Gravity Sleep Clause: The combination of sleep-inducing moves with imperfect accuracy and Gravity or Gigantamax Orbeetle are banned\n|clearpoke\n|poke|p1|Accelgor, F|\n|poke|p1|Sylveon, F|\n|poke|p1|Toxtricity-Low-Key, F|\n|poke|p1|Primarina, F|\n|poke|p1|Bibarel, F|\n|poke|p1|Alcremie, F|\n|poke|p2|Gallade, M|\n|poke|p2|Maushold-Four|\n|poke|p2|Ribombee, M|\n|poke|p2|Oricorio-Pom-Pom, M|\n|poke|p2|Drednaw, M|\n|poke|p2|Lilligant-Hisui, F|\n|teampreview\n|inactive|Battle timer is ON: inactive players will automatically lose when time's up. (requested by JoeIsHereG)\n|\n|t:|1699580792\n|start\n|switch|p1a: Bibarel|Bibarel, F|100\/100\n|switch|p1b: Alcremie|Alcremie, F, shiny|100\/100\n|switch|p2a: Ribombee|Ribombee, M|100\/100\n|switch|p2b: Oricorio|Oricorio-Pom-Pom, M|100\/100\n|turn|1\n|\n|t:|1699580803\n|-terastallize|p1a: Bibarel|Normal\n|move|p1b: Alcremie|Decorate|p1a: Bibarel\n|-boost|p1a: Bibarel|atk|4\n|-boost|p1a: Bibarel|spa|4\n|move|p2a: Ribombee|Sticky Web|p1b: Alcremie\n|-sidestart|p1: Theadonia|move: Sticky Web\n|move|p2b: Oricorio|Revelation Dance|p1a: Bibarel\n|-damage|p1a: Bibarel|36\/100\n|move|p1a: Bibarel|Work Up|p1a: Bibarel\n|-boost|p1a: Bibarel|atk|2\n|-boost|p1a: Bibarel|spa|2\n|\n|upkeep\n|turn|2\n|\n|t:|1699580817\n|switch|p1b: Accelgor|Accelgor, F, shiny|100\/100\n|-activate|p1b: Accelgor|move: Sticky Web\n|-unboost|p1b: Accelgor|spe|1\n|move|p2b: Oricorio|Protect|p2b: Oricorio\n|-singleturn|p2b: Oricorio|Protect\n|move|p1a: Bibarel|Quick Attack|p2b: Oricorio\n|-activate|p2b: Oricorio|move: Protect\n|move|p2a: Ribombee|Quiver Dance|p2a: Ribombee\n|-boost|p2a: Ribombee|spa|1\n|-boost|p2a: Ribombee|spd|1\n|-boost|p2a: Ribombee|spe|1\n|-enditem|p1a: Bibarel|Mirror Herb\n|-boost|p1a: Bibarel|spa|0\n|-boost|p1a: Bibarel|spd|2|[from] item: Mirror Herb\n|-boost|p1a: Bibarel|spe|2|[from] item: Mirror Herb\n|-activate|p2b: Oricorio|ability: Dancer\n|move|p2b: Oricorio|Quiver Dance|p2b: Oricorio|[from]ability: Dancer\n|-boost|p2b: Oricorio|spa|1\n|-boost|p2b: Oricorio|spd|1\n|-boost|p2b: Oricorio|spe|1\n|\n|upkeep\n|turn|3\n|\n|t:|1699580843\n|move|p1a: Bibarel|Quick Attack|p2b: Oricorio\n|-damage|p2b: Oricorio|0 fnt\n|faint|p2b: Oricorio\n|move|p2a: Ribombee|Tailwind|p2a: Ribombee\n|-sidestart|p2: JoeIsHereG|move: Tailwind\n|move|p1b: Accelgor|Round|p2a: Ribombee\n|-damage|p2a: Ribombee|82\/100\n|-enditem|p1b: Accelgor|Throat Spray\n|-boost|p1b: Accelgor|spa|1|[from] item: Throat Spray\n|\n|upkeep\n|inactive|JoeIsHereG has 120 seconds left.\n|\n|t:|1699580855\n|switch|p2b: Maushold|Maushold-Four|100\/100\n|turn|4\n|\n|t:|1699580865\n|move|p2b: Maushold|Follow Me|p2b: Maushold\n|-singleturn|p2b: Maushold|move: Follow Me\n|move|p1a: Bibarel|Quick Attack|p2b: Maushold\n|-damage|p2b: Maushold|0 fnt\n|faint|p2b: Maushold\n|move|p2a: Ribombee|Draining Kiss|p1a: Bibarel\n|-damage|p1a: Bibarel|5\/100\n|-heal|p2a: Ribombee|100\/100|[from] drain|[of] p1a: Bibarel\n|move|p1b: Accelgor|Encore|p2a: Ribombee\n|-start|p2a: Ribombee|Encore\n|\n|upkeep\n|\n|t:|1699580872\n|switch|p2b: Gallade|Gallade, M|100\/100\n|turn|5\n|-message|JoeIsHereG forfeited.\n|\n|win|Theadonia\n|raw|Theadonia's rating: 1092 &rarr; <strong>1116<\/strong><br \/>(+24 for winning)\n|raw|JoeIsHereG's rating: 1059 &rarr; <strong>1042<\/strong><br \/>(-17 for losing)\n|l|\u2606JoeIsHereG\n","uploadtime":1699580877,"views":5,"p1id":"theadonia","p2id":"joeishereg","formatid":"gen9nationaldexdoubles","rating":1042,"private":0,"password":""}