{"id":"gen9nationaldexdoubles-1972834653","p1":"Okto481","p2":"khush19","format":"[Gen 9] National Dex Doubles","log":"|j|\u2606Okto481\n|j|\u2606khush19\n|t:|1697900446\n|gametype|doubles\n|player|p1|Okto481|dawn|\n|player|p2|khush19|n|\n|teamsize|p1|6\n|teamsize|p2|6\n|gen|9\n|tier|[Gen 9] National Dex Doubles\n|rule|HP Percentage Mod: HP is shown in percentages\n|rule|Endless Battle Clause: Forcing endless battles is banned\n|rule|OHKO Clause: OHKO moves are banned\n|rule|Evasion Moves Clause: Evasion moves are banned\n|rule|Evasion Abilities Clause: Evasion abilities are banned\n|rule|Species Clause: Limit one of each Pok\u00e9mon\n|rule|Gravity Sleep Clause: The combination of sleep-inducing moves with imperfect accuracy and Gravity or Gigantamax Orbeetle are banned\n|clearpoke\n|poke|p1|Tapu Lele|\n|poke|p1|Gardevoir, M|\n|poke|p1|Gallade, M|\n|poke|p1|Indeedee-F, F|\n|poke|p1|Dottler, F|\n|poke|p1|Armarouge, M|\n|poke|p2|Cinderace, M|\n|poke|p2|Swampert, F|\n|poke|p2|Blaziken, M|\n|poke|p2|Mimikyu, M|\n|poke|p2|Greninja-*, M|\n|poke|p2|Zapdos|\n|teampreview\n|c|\u2606khush19|Glhf\n|c|\u2606Okto481|glhf\n|\n|t:|1697900476\n|start\n|switch|p1a: Dottler|Dottler, F|100\/100\n|switch|p1b: Indeedee|Indeedee-F, F|100\/100\n|switch|p2a: Swampert|Swampert, F|100\/100\n|switch|p2b: Blaziken|Blaziken, M|100\/100\n|-fieldstart|move: Psychic Terrain|[from] ability: Psychic Surge|[of] p1b: Indeedee\n|turn|1\n|\n|t:|1697900506\n|detailschange|p2a: Swampert|Swampert-Mega, F\n|-mega|p2a: Swampert|Swampert|Swampertite\n|move|p2b: Blaziken|Protect|p2b: Blaziken\n|-singleturn|p2b: Blaziken|Protect\n|move|p1b: Indeedee|Follow Me|p1b: Indeedee\n|-singleturn|p1b: Indeedee|move: Follow Me\n|move|p2a: Swampert|Earthquake|p1a: Dottler|[spread] p1a,p1b\n|-activate|p2b: Blaziken|move: Protect\n|-resisted|p1a: Dottler\n|-damage|p1a: Dottler|88\/100\n|-damage|p1b: Indeedee|42\/100\n|move|p1a: Dottler|Sticky Web|p2b: Blaziken\n|-sidestart|p2: khush19|move: Sticky Web\n|\n|-ability|p2b: Blaziken|Speed Boost|boost\n|-boost|p2b: Blaziken|spe|1\n|upkeep\n|turn|2\n|\n|t:|1697900541\n|switch|p1a: Armarouge|Armarouge, M|100\/100\n|-terastallize|p2b: Blaziken|Water\n|move|p1b: Indeedee|Protect|p1b: Indeedee\n|-singleturn|p1b: Indeedee|Protect\n|move|p2b: Blaziken|Bulk Up|p2b: Blaziken\n|-boost|p2b: Blaziken|atk|1\n|-boost|p2b: Blaziken|def|1\n|move|p2a: Swampert|Scald|p1b: Indeedee\n|-activate|p1b: Indeedee|move: Protect\n|\n|-ability|p2b: Blaziken|Speed Boost|boost\n|-boost|p2b: Blaziken|spe|1\n|upkeep\n|turn|3\n|\n|t:|1697900561\n|move|p2b: Blaziken|Protect|p2b: Blaziken\n|-singleturn|p2b: Blaziken|Protect\n|move|p1b: Indeedee|Follow Me|p1b: Indeedee\n|-singleturn|p1b: Indeedee|move: Follow Me\n|move|p1a: Armarouge|Expanding Force|p2a: Swampert|[spread] p2a\n|-activate|p2b: Blaziken|move: Protect\n|-damage|p2a: Swampert|58\/100\n|move|p2a: Swampert|Earthquake|p1b: Indeedee|[spread] p1a,p1b\n|-activate|p2b: Blaziken|move: Protect\n|-supereffective|p1a: Armarouge\n|-damage|p1a: Armarouge|21\/100\n|-damage|p1b: Indeedee|0 fnt\n|-ability|p1a: Armarouge|Weak Armor|boost\n|-unboost|p1a: Armarouge|def|1\n|-boost|p1a: Armarouge|spe|2\n|-enditem|p1a: Armarouge|Weakness Policy\n|-boost|p1a: Armarouge|atk|2|[from] item: Weakness Policy\n|-boost|p1a: Armarouge|spa|2|[from] item: Weakness Policy\n|faint|p1b: Indeedee\n|\n|-ability|p2b: Blaziken|Speed Boost|boost\n|-boost|p2b: Blaziken|spe|1\n|upkeep\n|\n|t:|1697900588\n|switch|p1b: Gardevoir|Gardevoir, M|100\/100\n|-ability|p1b: Gardevoir|Speed Boost|[from] ability: Trace|[of] p2b: Blaziken\n|turn|4\n|\n|t:|1697900621\n|move|p1a: Armarouge|Protect|p1a: Armarouge\n|-singleturn|p1a: Armarouge|Protect\n|move|p2b: Blaziken|Thunder Punch|p1a: Armarouge\n|-activate|p1a: Armarouge|move: Protect\n|move|p1b: Gardevoir|Expanding Force|p2a: Swampert|[spread] p2a,p2b\n|-damage|p2a: Swampert|13\/100\n|-damage|p2b: Blaziken|11\/100\n|move|p2a: Swampert|Scald|p1b: Gardevoir\n|-damage|p1b: Gardevoir|75\/100\n|\n|-ability|p2b: Blaziken|Speed Boost|boost\n|-boost|p2b: Blaziken|spe|1\n|-ability|p1b: Gardevoir|Speed Boost|boost\n|-boost|p1b: Gardevoir|spe|1\n|upkeep\n|turn|5\n|c|\u2606Okto481|i unclicked mega :(\n|\n|t:|1697900665\n|move|p2b: Blaziken|Protect|p2b: Blaziken\n|-singleturn|p2b: Blaziken|Protect\n|move|p1a: Armarouge|Protect||[still]\n|-fail|p1a: Armarouge\n|move|p1b: Gardevoir|Expanding Force|p2a: Swampert|[spread] p2a\n|-activate|p2b: Blaziken|move: Protect\n|-damage|p2a: Swampert|0 fnt\n|faint|p2a: Swampert\n|\n|-fieldend|move: Psychic Terrain\n|-ability|p2b: Blaziken|Speed Boost|boost\n|-boost|p2b: Blaziken|spe|1\n|-ability|p1b: Gardevoir|Speed Boost|boost\n|-boost|p1b: Gardevoir|spe|1\n|upkeep\n|\n|t:|1697900687\n|switch|p2a: Greninja|Greninja, M|100\/100\n|turn|6\n|\n|t:|1697900709\n|detailschange|p1b: Gardevoir|Gardevoir-Mega, M\n|-mega|p1b: Gardevoir|Gardevoir|Gardevoirite\n|move|p1a: Armarouge|Protect|p1a: Armarouge\n|-singleturn|p1a: Armarouge|Protect\n|move|p2b: Blaziken|Thunder Punch|p1a: Armarouge\n|-activate|p1a: Armarouge|move: Protect\n|move|p1b: Gardevoir|Moonblast|p2a: Greninja\n|-supereffective|p2a: Greninja\n|-damage|p2a: Greninja|0 fnt\n|faint|p2a: Greninja\n|\n|-ability|p2b: Blaziken|Speed Boost|boost\n|-boost|p2b: Blaziken|spe|1\n|upkeep\n|\n|t:|1697900728\n|switch|p2a: Zapdos|Zapdos|100\/100\n|turn|7\n|\n|t:|1697900737\n|move|p2b: Blaziken|Flare Blitz|p1b: Gardevoir\n|-damage|p1b: Gardevoir|0 fnt\n|faint|p1b: Gardevoir\n|-damage|p2b: Blaziken|0 fnt|[from] Recoil\n|faint|p2b: Blaziken\n|move|p1a: Armarouge|Armor Cannon|p2a: Zapdos\n|-damage|p2a: Zapdos|0 fnt\n|-unboost|p1a: Armarouge|def|1\n|-unboost|p1a: Armarouge|spd|1\n|faint|p2a: Zapdos\n|\n|upkeep\n|\n|t:|1697900785\n|switch|p1b: Tapu Lele|Tapu Lele|100\/100\n|switch|p2a: Cinderace|Cinderace, M|100\/100\n|switch|p2b: Mimikyu|Mimikyu, M|100\/100\n|-activate|p2a: Cinderace|move: Sticky Web\n|-unboost|p2a: Cinderace|spe|1\n|-activate|p2b: Mimikyu|move: Sticky Web\n|-unboost|p2b: Mimikyu|spe|1\n|-fieldstart|move: Psychic Terrain|[from] ability: Psychic Surge|[of] p1b: Tapu Lele\n|turn|8\n|\n|t:|1697900813\n|move|p2b: Mimikyu|Shadow Sneak|p1a: Armarouge\n|-activate|p1a: Armarouge|move: Psychic Terrain\n|move|p1a: Armarouge|Expanding Force|p2a: Cinderace|[spread] p2a,p2b\n|-damage|p2a: Cinderace|0 fnt\n|-activate|p2b: Mimikyu|ability: Disguise\n|-damage|p2b: Mimikyu|100\/100\n|detailschange|p2b: Mimikyu|Mimikyu-Busted, M\n|-damage|p2b: Mimikyu|88\/100|[from] pokemon: Mimikyu-Busted\n|faint|p2a: Cinderace\n|move|p1b: Tapu Lele|Psychic|p2b: Mimikyu\n|-damage|p2b: Mimikyu|0 fnt\n|faint|p2b: Mimikyu\n|\n|win|Okto481\n|c|\u2606khush19|Gg\n|c|\u2606Okto481|gg\n","uploadtime":1697900837,"views":12,"p1id":"okto481","p2id":"khush19","formatid":"gen9nationaldexdoubles","rating":0,"private":0,"password":""}