{"id":"gen9nationaldexdoubles-1983637786","p1":"JC0MP","p2":"the maraculous","format":"[Gen 9] National Dex Doubles","log":"|j|\u2606JC0MP\n|j|\u2606the maraculous\n|t:|1699152409\n|gametype|doubles\n|player|p1|JC0MP|lucas-gen4pt|1223\n|player|p2|the maraculous|dragontamer|1446\n|teamsize|p1|6\n|teamsize|p2|6\n|gen|9\n|tier|[Gen 9] National Dex Doubles\n|rated|\n|rule|HP Percentage Mod: HP is shown in percentages\n|rule|Endless Battle Clause: Forcing endless battles is banned\n|rule|OHKO Clause: OHKO moves are banned\n|rule|Evasion Moves Clause: Evasion moves are banned\n|rule|Evasion Abilities Clause: Evasion abilities are banned\n|rule|Species Clause: Limit one of each Pok\u00e9mon\n|rule|Gravity Sleep Clause: The combination of sleep-inducing moves with imperfect accuracy and Gravity or Gigantamax Orbeetle are banned\n|clearpoke\n|poke|p1|Empoleon, M|\n|poke|p1|Luxray, M|\n|poke|p1|Lucario, M|\n|poke|p1|Staraptor, M|\n|poke|p1|Infernape, M|\n|poke|p1|Darkrai|\n|poke|p2|Xurkitree|\n|poke|p2|Iron Valiant|\n|poke|p2|Chandelure, M|\n|poke|p2|Landorus-Therian, M|\n|poke|p2|Kartana|\n|poke|p2|Farigiraf, F|\n|teampreview\n|inactive|Battle timer is ON: inactive players will automatically lose when time's up. (requested by JC0MP)\n|\n|t:|1699152433\n|start\n|switch|p1a: Tux|Empoleon, M|100\/100\n|switch|p1b: Hawk|Staraptor, M|100\/100\n|switch|p2a: Kartana|Kartana|100\/100\n|switch|p2b: Iron Valiant|Iron Valiant|100\/100\n|turn|1\n|\n|t:|1699152453\n|move|p1b: Hawk|Brave Bird|p2b: Iron Valiant\n|-supereffective|p2b: Iron Valiant\n|-damage|p2b: Iron Valiant|0 fnt\n|faint|p2b: Iron Valiant\n|-end|p2b: Iron Valiant|Quark Drive|[silent]\n|-damage|p1b: Hawk|70\/100|[from] Recoil\n|move|p2a: Kartana|Tailwind|p2a: Kartana\n|-sidestart|p2: the maraculous|move: Tailwind\n|move|p1a: Tux|Stealth Rock|p2a: Kartana\n|-sidestart|p2: the maraculous|move: Stealth Rock\n|\n|upkeep\n|\n|t:|1699152461\n|switch|p2b: Xurkitree|Xurkitree|100\/100\n|-damage|p2b: Xurkitree|88\/100|[from] Stealth Rock\n|turn|2\n|\n|t:|1699152479\n|move|p2a: Kartana|Sacred Sword|p1a: Tux\n|-supereffective|p1a: Tux\n|-crit|p1a: Tux\n|-damage|p1a: Tux|0 fnt\n|faint|p1a: Tux\n|-ability|p2a: Kartana|Beast Boost|boost\n|-boost|p2a: Kartana|atk|1\n|-zpower|p2b: Xurkitree\n|move|p2b: Xurkitree|Z-Electric Terrain|p2b: Xurkitree|[anim]Electric Terrain\n|-boost|p2b: Xurkitree|spe|1|[zeffect]\n|-fieldstart|move: Electric Terrain\n|move|p1b: Hawk|Brave Bird|p2a: Kartana\n|-damage|p2a: Kartana|35\/100\n|-damage|p1b: Hawk|52\/100|[from] Recoil\n|\n|upkeep\n|\n|t:|1699152489\n|switch|p1a: Chosen|Infernape, M|100\/100\n|turn|3\n|\n|t:|1699152500\n|switch|p2a: Farigiraf|Farigiraf, F|100\/100\n|-damage|p2a: Farigiraf|88\/100|[from] Stealth Rock\n|move|p1a: Chosen|Mach Punch||[still]\n|cant|p2a: Farigiraf|ability: Armor Tail|Mach Punch|[of] p1a: Chosen\n|move|p2b: Xurkitree|Rising Voltage|p1b: Hawk\n|-supereffective|p1b: Hawk\n|-damage|p1b: Hawk|0 fnt\n|faint|p1b: Hawk\n|-ability|p2b: Xurkitree|Beast Boost|boost\n|-boost|p2b: Xurkitree|spa|1\n|\n|-heal|p2a: Farigiraf|94\/100|[from] item: Leftovers\n|upkeep\n|inactive|JC0MP has 120 seconds left.\n|\n|t:|1699152530\n|switch|p1b: Leo|Luxray, M|100\/100\n|turn|4\n|\n|t:|1699152541\n|-terastallize|p1b: Leo|Normal\n|move|p1b: Leo|Protect|p1b: Leo\n|-singleturn|p1b: Leo|Protect\n|move|p2b: Xurkitree|Rising Voltage|p1b: Leo\n|-activate|p1b: Leo|move: Protect\n|move|p1a: Chosen|Close Combat|p2a: Farigiraf\n|-damage|p2a: Farigiraf|36\/100\n|-unboost|p1a: Chosen|def|1\n|-unboost|p1a: Chosen|spd|1\n|move|p2a: Farigiraf|Twin Beam|p1a: Chosen\n|-supereffective|p1a: Chosen\n|-damage|p1a: Chosen|10\/100\n|-supereffective|p1a: Chosen\n|-damage|p1a: Chosen|0 fnt\n|faint|p1a: Chosen\n|-hitcount|p1: Chosen|2\n|\n|-heal|p2a: Farigiraf|42\/100|[from] item: Leftovers\n|-sideend|p2: the maraculous|move: Tailwind\n|-status|p1b: Leo|brn|[from] item: Flame Orb\n|upkeep\n|\n|t:|1699152545\n|switch|p1a: Captain|Lucario, M|100\/100\n|turn|5\n|\n|t:|1699152557\n|detailschange|p1a: Captain|Lucario-Mega, M\n|-mega|p1a: Captain|Lucario|Lucarionite\n|move|p2b: Xurkitree|Rising Voltage|p1b: Leo\n|-hint|Rising Voltage's BP doubled on grounded target.\n|-damage|p1b: Leo|0 fnt\n|faint|p1b: Leo\n|-ability|p2b: Xurkitree|Beast Boost|boost\n|-boost|p2b: Xurkitree|spa|1\n|move|p1a: Captain|Close Combat|p2b: Xurkitree\n|-damage|p2b: Xurkitree|0 fnt\n|-unboost|p1a: Captain|def|1\n|-unboost|p1a: Captain|spd|1\n|faint|p2b: Xurkitree\n|move|p2a: Farigiraf|Twin Beam|p1a: Captain\n|-damage|p1a: Captain|50\/100\n|-damage|p1a: Captain|3\/100\n|-hitcount|p1a: Captain|2\n|\n|-heal|p2a: Farigiraf|48\/100|[from] item: Leftovers\n|upkeep\n|inactive|JC0MP has 120 seconds left.\n|\n|t:|1699152588\n|switch|p2b: Landorus|Landorus-Therian, M|100\/100\n|switch|p1b: Wrath|Darkrai|100\/100\n|-damage|p2b: Landorus|88\/100|[from] Stealth Rock\n|-ability|p2b: Landorus|Intimidate|boost\n|-unboost|p1a: Captain|atk|1\n|-unboost|p1b: Wrath|atk|1\n|turn|6\n|\n|t:|1699152606\n|-terastallize|p2b: Landorus|Ground\n|move|p1b: Wrath|Ice Beam|p2b: Landorus\n|-supereffective|p2b: Landorus\n|-damage|p2b: Landorus|32\/100\n|-damage|p1b: Wrath|91\/100|[from] item: Life Orb\n|move|p1a: Captain|Close Combat|p2a: Farigiraf\n|-damage|p2a: Farigiraf|0 fnt\n|-unboost|p1a: Captain|def|1\n|-unboost|p1a: Captain|spd|1\n|faint|p2a: Farigiraf\n|move|p2b: Landorus|Stomping Tantrum|p1b: Wrath\n|-damage|p1b: Wrath|12\/100\n|\n|-fieldend|move: Electric Terrain\n|upkeep\n|\n|t:|1699152623\n|switch|p2a: Kartana|Kartana|35\/100\n|-damage|p2a: Kartana|29\/100|[from] Stealth Rock\n|turn|7\n|\n|t:|1699152636\n|move|p1a: Captain|Bullet Punch|p2b: Landorus\n|-damage|p2b: Landorus|10\/100\n|move|p1b: Wrath|Ice Beam|p2a: Kartana\n|-damage|p2a: Kartana|0 fnt\n|faint|p2a: Kartana\n|-damage|p1b: Wrath|2\/100|[from] item: Life Orb\n|move|p2b: Landorus|Stomping Tantrum|p1a: Captain\n|-supereffective|p1a: Captain\n|-damage|p1a: Captain|0 fnt\n|faint|p1a: Captain\n|\n|upkeep\n|\n|t:|1699152640\n|switch|p2a: Chandelure|Chandelure, M|100\/100\n|-damage|p2a: Chandelure|75\/100|[from] Stealth Rock\n|-item|p2a: Chandelure|Air Balloon\n|turn|8\n|\n|t:|1699152651\n|move|p1b: Wrath|Dark Pulse|p2a: Chandelure\n|-supereffective|p2a: Chandelure\n|-damage|p2a: Chandelure|0 fnt\n|-enditem|p2a: Chandelure|Air Balloon\n|faint|p2a: Chandelure\n|-damage|p1b: Wrath|0 fnt|[from] item: Life Orb\n|faint|p1b: Wrath\n|\n|win|the maraculous\n|raw|JC0MP's rating: 1223 &rarr; <strong>1212<\/strong><br \/>(-11 for losing)\n|raw|the maraculous's rating: 1446 &rarr; <strong>1455<\/strong><br \/>(+9 for winning)\n","uploadtime":1699152656,"views":5,"p1id":"jc0mp","p2id":"themaraculous","formatid":"gen9nationaldexdoubles","rating":1212,"private":0,"password":""}