{"id":"gen9nationaldexdoubles-1956356398","p1":"monolugar","p2":"ErHecks","format":"[Gen 9] National Dex Doubles","log":"|j|\u2606monolugar\n|j|\u2606ErHecks\n|t:|1696099908\n|gametype|doubles\n|player|p1|monolugar|1|1299\n|player|p2|ErHecks|cyclist|1289\n|teamsize|p1|6\n|teamsize|p2|6\n|gen|9\n|tier|[Gen 9] National Dex Doubles\n|rated|\n|rule|HP Percentage Mod: HP is shown in percentages\n|rule|Endless Battle Clause: Forcing endless battles is banned\n|rule|OHKO Clause: OHKO moves are banned\n|rule|Evasion Moves Clause: Evasion moves are banned\n|rule|Evasion Abilities Clause: Evasion abilities are banned\n|rule|Species Clause: Limit one of each Pok\u00e9mon\n|rule|Gravity Sleep Clause: The combination of sleep-inducing moves with imperfect accuracy and Gravity or Gigantamax Orbeetle are banned\n|clearpoke\n|poke|p1|Hatterene, F|\n|poke|p1|Ursaluna, F|\n|poke|p1|Cresselia, F|\n|poke|p1|Vikavolt, M|\n|poke|p1|Ampharos, F|\n|poke|p1|Stakataka|\n|poke|p2|Torkoal, M|\n|poke|p2|Flutter Mane|\n|poke|p2|Walking Wake|\n|poke|p2|Volcanion|\n|poke|p2|Chien-Pao|\n|poke|p2|Kingambit, M|\n|teampreview\n|\n|t:|1696099919\n|start\n|switch|p1a: osito cari\u00f1osito|Ursaluna, F|100\/100\n|switch|p1b: Cresselia|Cresselia, F|100\/100\n|switch|p2a: Cheems-Pao|Chien-Pao|100\/100\n|switch|p2b: Volcanion|Volcanion|100\/100\n|-ability|p2a: Cheems-Pao|Sword of Ruin\n|turn|1\n|\n|t:|1696099968\n|move|p1a: osito cari\u00f1osito|Protect|p1a: osito cari\u00f1osito\n|-singleturn|p1a: osito cari\u00f1osito|Protect\n|move|p2a: Cheems-Pao|Crunch|p1b: Cresselia\n|-supereffective|p1b: Cresselia\n|-damage|p1b: Cresselia|23\/100\n|move|p2b: Volcanion|Heat Wave|p1b: Cresselia|[spread] p1b\n|-activate|p1a: osito cari\u00f1osito|move: Protect\n|-damage|p1b: Cresselia|8\/100\n|-status|p1b: Cresselia|brn\n|move|p1b: Cresselia|Trick Room|p1b: Cresselia\n|-fieldstart|move: Trick Room|[of] p1b: Cresselia\n|\n|-damage|p1b: Cresselia|2\/100 brn|[from] brn\n|-status|p1a: osito cari\u00f1osito|brn|[from] item: Flame Orb\n|upkeep\n|turn|2\n|c|\u2606ErHecks|apenas me fijo que sos vos XDXDXD\n|c|\u2606ErHecks|no filtres mi team que te funo por twitter\n|c|\u2606monolugar|XDD\n|c|\u2606monolugar|como anda rh\n|c|\u2606ErHecks|pos probando por ultima vez esta fumada que hize xd\n|c|\u2606ErHecks|ya este es el quintop team trickroom que encuentro hoy\n|\n|t:|1696100019\n|move|p1a: osito cari\u00f1osito|Headlong Rush|p2b: Volcanion\n|-supereffective|p2b: Volcanion\n|-damage|p2b: Volcanion|0 fnt\n|-unboost|p1a: osito cari\u00f1osito|def|1\n|-unboost|p1a: osito cari\u00f1osito|spd|1\n|faint|p2b: Volcanion\n|move|p1b: Cresselia|Lunar Blessing|p1b: Cresselia|[spread] p1a,p1b\n|-curestatus|p1a: osito cari\u00f1osito|brn|[msg]\n|-heal|p1b: Cresselia|27\/100 brn\n|-curestatus|p1b: Cresselia|brn|[msg]\n|move|p2a: Cheems-Pao|Ice Spinner|p1a: osito cari\u00f1osito\n|-supereffective|p1a: osito cari\u00f1osito\n|-damage|p1a: osito cari\u00f1osito|0 fnt\n|faint|p1a: osito cari\u00f1osito\n|\n|upkeep\n|j| famus123\n|j| The Red Tides\n|\n|t:|1696100040\n|switch|p1a: Vikavolt|Vikavolt, M|100\/100\n|switch|p2b: Pana Zulia|Torkoal, M|100\/100\n|-weather|SunnyDay|[from] ability: Drought|[of] p2b: Pana Zulia\n|turn|3\n|c| famus123|procede a doxearlo*\n|c|\u2606ErHecks|las tetas rojas entro a la batalla\n|\n|t:|1696100068\n|move|p1b: Cresselia|Ally Switch|p1b: Cresselia\n|swap|p1b: Cresselia|0|[from] move: Ally Switch\n|move|p2a: Cheems-Pao|Sucker Punch||[still]\n|-fail|p2a: Cheems-Pao\n|move|p2b: Pana Zulia|Eruption|p1a: Cresselia|[spread] p1a,p1b\n|-supereffective|p1b: Vikavolt\n|-damage|p1a: Cresselia|2\/100\n|-damage|p1b: Vikavolt|0 fnt\n|faint|p1b: Vikavolt\n|\n|-weather|SunnyDay|[upkeep]\n|upkeep\n|\n|t:|1696100078\n|switch|p1b: Ampharos|Ampharos, F|100\/100\n|turn|4\n|\n|t:|1696100087\n|detailschange|p1b: Ampharos|Ampharos-Mega, F\n|-mega|p1b: Ampharos|Ampharos|Ampharosite\n|-ability|p1b: Ampharos|Mold Breaker\n|move|p2b: Pana Zulia|Eruption|p1a: Cresselia|[spread] p1a,p1b\n|-resisted|p1b: Ampharos\n|-damage|p1a: Cresselia|0 fnt\n|-damage|p1b: Ampharos|81\/100\n|faint|p1a: Cresselia\n|move|p1b: Ampharos|Dazzling Gleam|p2b: Pana Zulia|[spread] p2a,p2b\n|-supereffective|p2a: Cheems-Pao\n|-resisted|p2b: Pana Zulia\n|-damage|p2a: Cheems-Pao|9\/100\n|-damage|p2b: Pana Zulia|84\/100\n|move|p2a: Cheems-Pao|Ice Spinner|p1b: Ampharos\n|-supereffective|p1b: Ampharos\n|-damage|p1b: Ampharos|0 fnt\n|faint|p1b: Ampharos\n|\n|-weather|SunnyDay|[upkeep]\n|upkeep\n|\n|t:|1696100104\n|switch|p1b: Stakataka|Stakataka, shiny|100\/100\n|switch|p1a: Hatterene|Hatterene, F|100\/100\n|turn|5\n|\n|t:|1696100121\n|move|p1b: Stakataka|Earthquake|p2a: Cheems-Pao|[spread] p1a,p2a,p2b\n|-supereffective|p2b: Pana Zulia\n|-damage|p1a: Hatterene|58\/100\n|-damage|p2a: Cheems-Pao|0 fnt\n|-damage|p2b: Pana Zulia|33\/100\n|faint|p2a: Cheems-Pao\n|-ability|p1b: Stakataka|Beast Boost|boost\n|-boost|p1b: Stakataka|atk|1\n|move|p1a: Hatterene|Dazzling Gleam|p2b: Pana Zulia\n|-resisted|p2b: Pana Zulia\n|-damage|p2b: Pana Zulia|8\/100\n|move|p2b: Pana Zulia|Eruption|p1a: Hatterene|[spread] p1a,p1b\n|-damage|p1a: Hatterene|54\/100\n|-damage|p1b: Stakataka|97\/100\n|\n|-weather|SunnyDay|[upkeep]\n|-fieldend|move: Trick Room\n|upkeep\n|\n|t:|1696100140\n|switch|p2a: Agua Potable|Walking Wake|100\/100\n|-activate|p2a: Agua Potable|ability: Protosynthesis\n|-start|p2a: Agua Potable|protosynthesisspe\n|turn|6\n|\n|t:|1696100152\n|move|p2a: Agua Potable|Hydro Steam|p1b: Stakataka\n|-supereffective|p1b: Stakataka\n|-damage|p1b: Stakataka|0 fnt\n|faint|p1b: Stakataka\n|move|p2b: Pana Zulia|Lava Plume|p1a: Hatterene|[spread] p2a,p1a\n|-resisted|p2a: Agua Potable\n|-damage|p2a: Agua Potable|93\/100\n|-damage|p1a: Hatterene|23\/100\n|-status|p2a: Agua Potable|brn\n|move|p1a: Hatterene|Trick Room|p1a: Hatterene\n|-fieldstart|move: Trick Room|[of] p1a: Hatterene\n|\n|-weather|SunnyDay|[upkeep]\n|-damage|p2a: Agua Potable|87\/100 brn|[from] brn\n|upkeep\n|turn|7\n|c|\u2606ErHecks|menosmal es atacante especial esta vaina KKK\n|\n|t:|1696100173\n|-terastallize|p2a: Agua Potable|Fire\n|move|p1a: Hatterene|Dazzling Gleam|p2b: Pana Zulia|[spread] p2a,p2b\n|-resisted|p2a: Agua Potable\n|-resisted|p2b: Pana Zulia\n|-damage|p2a: Agua Potable|65\/100 brn\n|-damage|p2b: Pana Zulia|0 fnt\n|faint|p2b: Pana Zulia\n|move|p2a: Agua Potable|Hydro Steam|p1a: Hatterene\n|-damage|p1a: Hatterene|0 fnt\n|faint|p1a: Hatterene\n|\n|win|ErHecks\n|raw|monolugar's rating: 1299 &rarr; <strong>1273<\/strong><br \/>(-26 for losing)\n|raw|ErHecks's rating: 1289 &rarr; <strong>1315<\/strong><br \/>(+26 for winning)\n|c|\u2606ErHecks|gg\n|c|\u2606monolugar|gg\n|c| famus123|te falto fe\n|c|\u2606monolugar|perdiendo contra esqueletos\n|c|\u2606ErHecks|te faltaron tetas rojas\n|c|\u2606ErHecks|digo red tidies\n","uploadtime":1696100188,"views":8,"p1id":"monolugar","p2id":"erhecks","formatid":"gen9nationaldexdoubles","rating":1273,"private":0,"password":""}