{"id":"gen9nationaldexdoubles-1956828551","p1":"balablll","p2":"Atempt6","format":"[Gen 9] National Dex Doubles","log":"|j|\u2606balablll\n|j|\u2606Atempt6\n|t:|1696158345\n|gametype|doubles\n|player|p1|balablll|102|1035\n|player|p2|Atempt6|steven|1010\n|teamsize|p1|6\n|teamsize|p2|6\n|gen|9\n|tier|[Gen 9] National Dex Doubles\n|rated|\n|rule|HP Percentage Mod: HP is shown in percentages\n|rule|Endless Battle Clause: Forcing endless battles is banned\n|rule|OHKO Clause: OHKO moves are banned\n|rule|Evasion Moves Clause: Evasion moves are banned\n|rule|Evasion Abilities Clause: Evasion abilities are banned\n|rule|Species Clause: Limit one of each Pok\u00e9mon\n|rule|Gravity Sleep Clause: The combination of sleep-inducing moves with imperfect accuracy and Gravity or Gigantamax Orbeetle are banned\n|clearpoke\n|poke|p1|Kartana|\n|poke|p1|Amoonguss, F|\n|poke|p1|Eevee, M|\n|poke|p1|Latios, M|\n|poke|p1|Alcremie, F|\n|poke|p1|Medicham, M|\n|poke|p2|Meloetta|\n|poke|p2|Ursaluna-Bloodmoon, M|\n|poke|p2|Swampert, F|\n|poke|p2|Pelipper, F|\n|poke|p2|Ferrothorn, M|\n|poke|p2|Vikavolt, M|\n|teampreview\n|inactive|Battle timer is ON: inactive players will automatically lose when time's up. (requested by balablll)\n|\n|t:|1696158373\n|start\n|switch|p1a: Eevee|Eevee, M|100\/100\n|switch|p1b: Amoonguss|Amoonguss, F|100\/100\n|switch|p2a: Ferrothorn|Ferrothorn, M|100\/100\n|switch|p2b: Vikavolt|Vikavolt, M|100\/100\n|turn|1\n|\n|t:|1696158403\n|move|p1b: Amoonguss|Rage Powder|p1b: Amoonguss\n|-singleturn|p1b: Amoonguss|move: Rage Powder\n|move|p2b: Vikavolt|Sticky Web|p1a: Eevee\n|-sidestart|p1: balablll|move: Sticky Web\n|-zpower|p1a: Eevee\n|move|p1a: Eevee|Extreme Evoboost|p1a: Eevee\n|-boost|p1a: Eevee|atk|2\n|-boost|p1a: Eevee|def|2\n|-boost|p1a: Eevee|spa|2\n|-boost|p1a: Eevee|spd|2\n|-boost|p1a: Eevee|spe|2\n|move|p2a: Ferrothorn|Thunder Wave|p1b: Amoonguss\n|-status|p1b: Amoonguss|par\n|\n|upkeep\n|turn|2\n|inactive|balablll has 120 seconds left.\n|\n|t:|1696158440\n|switch|p1b: Alcremie|Alcremie, F|100\/100\n|-activate|p1b: Alcremie|move: Sticky Web\n|-unboost|p1b: Alcremie|spe|1\n|move|p1a: Eevee|Baton Pass|p1a: Eevee\n|\n|t:|1696158449\n|switch|p1a: Latios|Latios, M|100\/100|[from] Baton Pass\n|move|p2b: Vikavolt|Thunder Wave|p1a: Latios\n|-status|p1a: Latios|par\n|move|p2a: Ferrothorn|Leech Seed|p1a: Latios\n|-start|p1a: Latios|move: Leech Seed\n|\n|-damage|p1a: Latios|88\/100 par|[from] Leech Seed|[of] p2a: Ferrothorn\n|upkeep\n|turn|3\n|\n|t:|1696158465\n|move|p1a: Latios|Baton Pass|p1a: Latios\n|\n|t:|1696158484\n|switch|p1a: Kartana|Kartana|100\/100|[from] Baton Pass\n|-activate|p1a: Kartana|move: Sticky Web\n|-unboost|p1a: Kartana|spe|1\n|move|p2b: Vikavolt|Volt Switch|p1a: Kartana\n|-resisted|p1a: Kartana\n|-damage|p1a: Kartana|72\/100\n|\n|t:|1696158493\n|switch|p2b: Ursaluna|Ursaluna-Bloodmoon, M|100\/100|[from] Volt Switch\n|move|p1b: Alcremie|Decorate|p1a: Kartana\n|-boost|p1a: Kartana|atk|2\n|-boost|p1a: Kartana|spa|2\n|move|p2a: Ferrothorn|Toxic|p1b: Alcremie\n|-status|p1b: Alcremie|tox\n|\n|-damage|p1a: Kartana|60\/100|[from] Leech Seed|[of] p2a: Ferrothorn\n|-damage|p1b: Alcremie|95\/100 tox|[from] psn\n|upkeep\n|turn|4\n|\n|t:|1696158511\n|-terastallize|p1a: Kartana|Grass\n|-terastallize|p2b: Ursaluna|Ground\n|move|p1a: Kartana|Razor Leaf|p2a: Ferrothorn|[spread] p2a,p2b\n|-resisted|p2a: Ferrothorn\n|-supereffective|p2b: Ursaluna\n|-damage|p2a: Ferrothorn|68\/100\n|-damage|p2b: Ursaluna|0 fnt\n|faint|p2b: Ursaluna\n|-ability|p1a: Kartana|Beast Boost|boost\n|-boost|p1a: Kartana|atk|1\n|move|p1b: Alcremie|Decorate|p1a: Kartana\n|-boost|p1a: Kartana|atk|1\n|-boost|p1a: Kartana|spa|2\n|move|p2a: Ferrothorn|Spikes|p1a: Kartana\n|-sidestart|p1: balablll|Spikes\n|\n|-damage|p1a: Kartana|48\/100|[from] Leech Seed|[of] p2a: Ferrothorn\n|-heal|p2a: Ferrothorn|78\/100|[silent]\n|-damage|p1b: Alcremie|83\/100 tox|[from] psn\n|upkeep\n|\n|t:|1696158530\n|switch|p2b: Pelipper|Pelipper, F|100\/100\n|-weather|RainDance|[from] ability: Drizzle|[of] p2b: Pelipper\n|turn|5\n|\n|t:|1696158543\n|switch|p1b: Medicham|Medicham, M|100\/100\n|-activate|p1b: Medicham|move: Sticky Web\n|-unboost|p1b: Medicham|spe|1\n|-damage|p1b: Medicham|88\/100|[from] Spikes\n|move|p1a: Kartana|Razor Leaf|p2b: Pelipper|[spread] p2a,p2b\n|-resisted|p2a: Ferrothorn\n|-damage|p2a: Ferrothorn|35\/100\n|-damage|p2b: Pelipper|0 fnt\n|faint|p2b: Pelipper\n|move|p2a: Ferrothorn|Spikes|p1a: Kartana\n|-sidestart|p1: balablll|Spikes\n|\n|-weather|RainDance|[upkeep]\n|-damage|p1a: Kartana|35\/100|[from] Leech Seed|[of] p2a: Ferrothorn\n|-heal|p2a: Ferrothorn|44\/100|[silent]\n|upkeep\n|\n|t:|1696158557\n|switch|p2b: Swampert|Swampert, F|100\/100\n|turn|6\n|\n|t:|1696158571\n|detailschange|p2b: Swampert|Swampert-Mega, F\n|-mega|p2b: Swampert|Swampert|Swampertite\n|move|p1b: Medicham|Fake Out|p2b: Swampert\n|-damage|p2b: Swampert|89\/100\n|cant|p2b: Swampert|flinch\n|move|p1a: Kartana|Razor Leaf|p2b: Swampert|[spread] p2a,p2b\n|-resisted|p2a: Ferrothorn\n|-supereffective|p2b: Swampert\n|-damage|p2a: Ferrothorn|0 fnt\n|-damage|p2b: Swampert|0 fnt\n|faint|p2a: Ferrothorn\n|faint|p2b: Swampert\n|\n|-weather|RainDance|[upkeep]\n|upkeep\n|\n|t:|1696158582\n|switch|p2b: Meloetta|Meloetta|100\/100\n|switch|p2a: Vikavolt|Vikavolt, M|100\/100\n|turn|7\n|\n|t:|1696158589\n|move|p1a: Kartana|Razor Leaf|p2b: Meloetta|[spread] p2a,p2b\n|-resisted|p2a: Vikavolt\n|-damage|p2a: Vikavolt|0 fnt\n|-damage|p2b: Meloetta|0 fnt\n|faint|p2a: Vikavolt\n|faint|p2b: Meloetta\n|\n|win|balablll\n|raw|balablll's rating: 1035 &rarr; <strong>1067<\/strong><br \/>(+32 for winning)\n|raw|Atempt6's rating: 1010 &rarr; <strong>1000<\/strong><br \/>(-10 for losing)\n","uploadtime":1696158606,"views":16,"p1id":"balablll","p2id":"atempt6","formatid":"gen9nationaldexdoubles","rating":1000,"private":0,"password":""}