{"id":"gen9nationaldexdoubles-1948203345","p1":"Ancientguirus","p2":"DR_K12","format":"[Gen 9] National Dex Doubles","log":"|j|\u2606Ancientguirus\n|j|\u2606DR_K12\n|t:|1695238462\n|gametype|doubles\n|player|p1|Ancientguirus|raihan|1135\n|player|p2|DR_K12|102|1120\n|teamsize|p1|6\n|teamsize|p2|6\n|gen|9\n|tier|[Gen 9] National Dex Doubles\n|rated|\n|rule|HP Percentage Mod: HP is shown in percentages\n|rule|Endless Battle Clause: Forcing endless battles is banned\n|rule|OHKO Clause: OHKO moves are banned\n|rule|Evasion Moves Clause: Evasion moves are banned\n|rule|Evasion Abilities Clause: Evasion abilities are banned\n|rule|Species Clause: Limit one of each Pok\u00e9mon\n|rule|Gravity Sleep Clause: The combination of sleep-inducing moves with imperfect accuracy and Gravity or Gigantamax Orbeetle are banned\n|clearpoke\n|poke|p1|Rillaboom, M|\n|poke|p1|Toxtricity, M|\n|poke|p1|Corviknight, M|\n|poke|p1|Grimmsnarl, M|\n|poke|p1|Nihilego|\n|poke|p1|Marshadow|\n|poke|p2|Regieleki|\n|poke|p2|Rillaboom, M|\n|poke|p2|Lopunny, M|\n|poke|p2|Ting-Lu|\n|poke|p2|Flutter Mane|\n|poke|p2|Torkoal, M|\n|teampreview\n|c|\u2606DR_K12|monke\n|c|\u2606Ancientguirus|monke\n|\n|t:|1695238488\n|start\n|switch|p1a: Nihilego|Nihilego, shiny|100\/100\n|switch|p1b: Grimmsnarl|Grimmsnarl, M|100\/100\n|switch|p2a: Flutter Mane|Flutter Mane|100\/100\n|switch|p2b: Lopunny|Lopunny, M|100\/100\n|turn|1\n|c|\u2606DR_K12|music lizard\n|c|\u2606Ancientguirus|metal bird\n|\n|t:|1695238512\n|-end|p2a: Flutter Mane|Protosynthesis|[silent]\n|switch|p2a: Ting-Lu|Ting-Lu|100\/100\n|-ability|p2a: Ting-Lu|Vessel of Ruin\n|detailschange|p2b: Lopunny|Lopunny-Mega, M\n|-mega|p2b: Lopunny|Lopunny|Lopunnite\n|move|p2b: Lopunny|Fake Out|p1a: Nihilego\n|-resisted|p1a: Nihilego\n|-damage|p1a: Nihilego|83\/100\n|cant|p1a: Nihilego|flinch\n|move|p1b: Grimmsnarl|Spirit Break|p2b: Lopunny\n|-supereffective|p2b: Lopunny\n|-damage|p2b: Lopunny|6\/100\n|-unboost|p2b: Lopunny|spa|1\n|\n|upkeep\n|turn|2\n|c|\u2606DR_K12|ghost boxer\n|\n|t:|1695238535\n|move|p1b: Grimmsnarl|Sucker Punch|p2b: Lopunny\n|-resisted|p2b: Lopunny\n|-damage|p2b: Lopunny|0 fnt\n|faint|p2b: Lopunny\n|move|p1a: Nihilego|Dazzling Gleam|p2a: Ting-Lu\n|-supereffective|p2a: Ting-Lu\n|-damage|p2a: Ting-Lu|70\/100\n|move|p2a: Ting-Lu|Body Press|p1a: Nihilego\n|-damage|p1a: Nihilego|36\/100\n|\n|upkeep\n|c|\u2606Ancientguirus|alien jellyfish\n|\n|t:|1695238542\n|switch|p2b: Rillaboom|Rillaboom, M|100\/100\n|-fieldstart|move: Grassy Terrain|[from] ability: Grassy Surge|[of] p2b: Rillaboom\n|turn|3\n|c|\u2606Ancientguirus|hairy forest demon\n|\n|t:|1695238554\n|move|p2b: Rillaboom|Grassy Glide|p1a: Nihilego\n|-damage|p1a: Nihilego|0 fnt\n|faint|p1a: Nihilego\n|move|p1b: Grimmsnarl|Spirit Break|p2a: Ting-Lu\n|-supereffective|p2a: Ting-Lu\n|-damage|p2a: Ting-Lu|37\/100\n|-unboost|p2a: Ting-Lu|spa|1\n|-damage|p1b: Grimmsnarl|84\/100|[from] item: Rocky Helmet|[of] p2a: Ting-Lu\n|move|p2a: Ting-Lu|Body Press|p1b: Grimmsnarl\n|-damage|p1b: Grimmsnarl|51\/100\n|\n|-heal|p1b: Grimmsnarl|57\/100|[from] Grassy Terrain\n|-heal|p2a: Ting-Lu|43\/100|[from] Grassy Terrain\n|upkeep\n|c|\u2606DR_K12|rabit lady\n|\n|t:|1695238574\n|switch|p1a: Rillaboom|Rillaboom, M|100\/100\n|-enditem|p1a: Rillaboom|Grassy Seed\n|-boost|p1a: Rillaboom|def|1|[from] item: Grassy Seed\n|turn|4\n|\n|t:|1695238590\n|move|p1a: Rillaboom|Fake Out|p2b: Rillaboom\n|-damage|p2b: Rillaboom|89\/100\n|cant|p2b: Rillaboom|flinch\n|move|p1b: Grimmsnarl|Drain Punch|p2a: Ting-Lu\n|-supereffective|p2a: Ting-Lu\n|-damage|p2a: Ting-Lu|18\/100\n|-heal|p1b: Grimmsnarl|74\/100|[from] drain|[of] p2a: Ting-Lu\n|-damage|p1b: Grimmsnarl|58\/100|[from] item: Rocky Helmet|[of] p2a: Ting-Lu\n|move|p2a: Ting-Lu|Ruination|p1a: Rillaboom\n|-damage|p1a: Rillaboom|51\/100\n|\n|-heal|p1a: Rillaboom|57\/100|[from] Grassy Terrain\n|-heal|p2b: Rillaboom|95\/100|[from] Grassy Terrain\n|-heal|p1b: Grimmsnarl|64\/100|[from] Grassy Terrain\n|-heal|p2a: Ting-Lu|24\/100|[from] Grassy Terrain\n|upkeep\n|turn|5\n|c|\u2606DR_K12|rock horse\n|\n|t:|1695238614\n|move|p1a: Rillaboom|Acrobatics|p2b: Rillaboom\n|-supereffective|p2b: Rillaboom\n|-damage|p2b: Rillaboom|26\/100\n|move|p2b: Rillaboom|Drain Punch|p1b: Grimmsnarl\n|-damage|p1b: Grimmsnarl|36\/100\n|-heal|p2b: Rillaboom|39\/100|[from] drain|[of] p1b: Grimmsnarl\n|move|p1b: Grimmsnarl|Drain Punch|p2a: Ting-Lu\n|-supereffective|p2a: Ting-Lu\n|-damage|p2a: Ting-Lu|1\/100\n|-heal|p1b: Grimmsnarl|52\/100|[from] drain|[of] p2a: Ting-Lu\n|-damage|p1b: Grimmsnarl|36\/100|[from] item: Rocky Helmet|[of] p2a: Ting-Lu\n|move|p2a: Ting-Lu|Ruination|p1a: Rillaboom\n|-damage|p1a: Rillaboom|29\/100\n|\n|-heal|p1a: Rillaboom|35\/100|[from] Grassy Terrain\n|-heal|p2b: Rillaboom|45\/100|[from] Grassy Terrain\n|-heal|p1b: Grimmsnarl|42\/100|[from] Grassy Terrain\n|-heal|p2a: Ting-Lu|7\/100|[from] Grassy Terrain\n|upkeep\n|turn|6\n|c|\u2606DR_K12|rock camel\n|c|\u2606Ancientguirus|i think its more of a deer.\n|c|\u2606DR_K12|oh yeah\n|c|\u2606Ancientguirus|fire turtle\n|c|\u2606Ancientguirus|ghost thing\n|c|\u2606Ancientguirus|and\n|\n|t:|1695238663\n|move|p1a: Rillaboom|Acrobatics|p2b: Rillaboom\n|-supereffective|p2b: Rillaboom\n|-damage|p2b: Rillaboom|0 fnt\n|faint|p2b: Rillaboom\n|move|p1b: Grimmsnarl|Drain Punch|p2a: Ting-Lu\n|-supereffective|p2a: Ting-Lu\n|-damage|p2a: Ting-Lu|0 fnt\n|-heal|p1b: Grimmsnarl|46\/100|[from] drain|[of] p2a: Ting-Lu\n|-damage|p1b: Grimmsnarl|30\/100|[from] item: Rocky Helmet|[of] p2a: Ting-Lu\n|faint|p2a: Ting-Lu\n|\n|-heal|p1a: Rillaboom|41\/100|[from] Grassy Terrain\n|-heal|p1b: Grimmsnarl|36\/100|[from] Grassy Terrain\n|upkeep\n|c|\u2606Ancientguirus|flash but pokemon\n|\n|t:|1695238670\n|switch|p2b: Torkoal|Torkoal, M|100\/100\n|switch|p2a: Regieleki|Regieleki|100\/100\n|-item|p2a: Regieleki|Air Balloon\n|-weather|SunnyDay|[from] ability: Drought|[of] p2b: Torkoal\n|turn|7\n|c|\u2606DR_K12|fast spirit\n|c|\u2606DR_K12|ribbon ghost\u2019\n|\n|t:|1695238696\n|-terastallize|p1b: Grimmsnarl|Ground\n|move|p2a: Regieleki|Protect|p2a: Regieleki\n|-singleturn|p2a: Regieleki|Protect\n|move|p1a: Rillaboom|Drum Beating|p2a: Regieleki\n|-activate|p2a: Regieleki|move: Protect\n|move|p1b: Grimmsnarl|Tera Blast|p2b: Torkoal\n|-supereffective|p2b: Torkoal\n|-damage|p2b: Torkoal|33\/100\n|move|p2b: Torkoal|Lava Plume|p1a: Rillaboom|[spread] p1a,p1b\n|-activate|p2a: Regieleki|move: Protect\n|-supereffective|p1a: Rillaboom\n|-damage|p1a: Rillaboom|0 fnt\n|-damage|p1b: Grimmsnarl|1\/100\n|faint|p1a: Rillaboom\n|\n|-weather|SunnyDay|[upkeep]\n|-heal|p1b: Grimmsnarl|7\/100|[from] Grassy Terrain\n|-heal|p2b: Torkoal|39\/100|[from] Grassy Terrain\n|-fieldend|move: Grassy Terrain\n|upkeep\n|\n|t:|1695238717\n|switch|p1a: Toxtricity|Toxtricity, M|100\/100\n|turn|8\n|\n|t:|1695238738\n|switch|p2a: Flutter Mane|Flutter Mane|100\/100\n|-activate|p2a: Flutter Mane|ability: Protosynthesis\n|-start|p2a: Flutter Mane|protosynthesisspe\n|move|p1a: Toxtricity|Overdrive|p2a: Flutter Mane|[spread] p2a,p2b\n|-damage|p2a: Flutter Mane|64\/100\n|-damage|p2b: Torkoal|0 fnt\n|faint|p2b: Torkoal\n|-enditem|p1a: Toxtricity|Throat Spray\n|-boost|p1a: Toxtricity|spa|1|[from] item: Throat Spray\n|move|p1b: Grimmsnarl|Tera Blast|p2a: Flutter Mane\n|-damage|p2a: Flutter Mane|0 fnt\n|faint|p2a: Flutter Mane\n|-end|p2a: Flutter Mane|Protosynthesis|[silent]\n|\n|-weather|SunnyDay|[upkeep]\n|upkeep\n|\n|t:|1695238746\n|switch|p2b: Regieleki|Regieleki|100\/100\n|-item|p2b: Regieleki|Air Balloon\n|turn|9\n|c|\u2606DR_K12|you win i cant hit grimsnarl\n|c|\u2606DR_K12|goodbye\n|c|\u2606Ancientguirus|grimmsnarl sweep\n|c|\u2606DR_K12|fren\n|\n|t:|1695238780\n|move|p2b: Regieleki|Electroweb|p1a: Toxtricity|[spread] p1a\n|-immune|p1b: Grimmsnarl\n|-resisted|p1a: Toxtricity\n|-damage|p1a: Toxtricity|86\/100\n|-unboost|p1a: Toxtricity|spe|1\n|move|p1b: Grimmsnarl|Tera Blast|p2b: Regieleki\n|-immune|p2b: Regieleki\n|move|p1a: Toxtricity|Sludge Bomb|p2b: Regieleki\n|-damage|p2b: Regieleki|0 fnt\n|-enditem|p2b: Regieleki|Air Balloon\n|faint|p2b: Regieleki\n|\n|win|Ancientguirus\n|raw|Ancientguirus's rating: 1135 &rarr; <strong>1159<\/strong><br \/>(+24 for winning)\n|raw|DR_K12's rating: 1120 &rarr; <strong>1096<\/strong><br \/>(-24 for losing)\n|c|\u2606Ancientguirus|gg\n|c|\u2606DR_K12|gg\n|l|\u2606DR_K12\n","uploadtime":1695238961,"views":5,"p1id":"ancientguirus","p2id":"drk12","formatid":"gen9nationaldexdoubles","rating":1096,"private":0,"password":""}