{"id":"gen9nationaldexdoubles-1987417198","p1":"a target","p2":"Theadonia","format":"[Gen 9] National Dex Doubles","log":"|j|\u2606a target\n|j|\u2606Theadonia\n|t:|1699588618\n|gametype|doubles\n|player|p1|a target|1|1059\n|player|p2|Theadonia|roxie|1126\n|teamsize|p1|6\n|teamsize|p2|6\n|gen|9\n|tier|[Gen 9] National Dex Doubles\n|rated|\n|rule|HP Percentage Mod: HP is shown in percentages\n|rule|Endless Battle Clause: Forcing endless battles is banned\n|rule|OHKO Clause: OHKO moves are banned\n|rule|Evasion Moves Clause: Evasion moves are banned\n|rule|Evasion Abilities Clause: Evasion abilities are banned\n|rule|Species Clause: Limit one of each Pok\u00e9mon\n|rule|Gravity Sleep Clause: The combination of sleep-inducing moves with imperfect accuracy and Gravity or Gigantamax Orbeetle are banned\n|clearpoke\n|poke|p1|Wo-Chien|\n|poke|p1|Slowbro, F|\n|poke|p1|Veluza, F|\n|poke|p1|Volcarona, F|\n|poke|p1|Hoopa-Unbound|\n|poke|p1|Lucario, F|\n|poke|p2|Oricorio-Pom-Pom, M|\n|poke|p2|Inteleon, M|\n|poke|p2|Gulpin, M|\n|poke|p2|Oranguru, F|\n|poke|p2|Cloyster, M|\n|poke|p2|Gengar, M|\n|teampreview\n|\n|t:|1699588637\n|start\n|switch|p1a: Veluza|Veluza, F|100\/100\n|switch|p1b: Lucario|Lucario, F|100\/100\n|switch|p2a: Gulpin|Gulpin, M|100\/100\n|switch|p2b: Cloyster|Cloyster, M|100\/100\n|turn|1\n|\n|t:|1699588663\n|-terastallize|p1a: Veluza|Dark\n|move|p1b: Lucario|Aura Sphere|p2b: Cloyster\n|-supereffective|p2b: Cloyster\n|-enditem|p2b: Cloyster|Focus Sash\n|-damage|p2b: Cloyster|1\/100\n|move|p2b: Cloyster|Shell Smash|p2b: Cloyster\n|-unboost|p2b: Cloyster|def|1\n|-unboost|p2b: Cloyster|spd|1\n|-boost|p2b: Cloyster|atk|2\n|-boost|p2b: Cloyster|spa|2\n|-boost|p2b: Cloyster|spe|2\n|move|p1a: Veluza|Fillet Away|p1a: Veluza\n|-boost|p1a: Veluza|atk|2\n|-boost|p1a: Veluza|spa|2\n|-boost|p1a: Veluza|spe|2\n|-damage|p1a: Veluza|51\/100\n|-zpower|p2a: Gulpin\n|move|p2a: Gulpin|Z-Destiny Bond|p2a: Gulpin|[anim]Destiny Bond\n|-singleturn|p2a: Gulpin|move: Follow Me|[zeffect]\n|-singlemove|p2a: Gulpin|Destiny Bond\n|\n|upkeep\n|turn|2\n|\n|t:|1699588698\n|move|p2b: Cloyster|Rock Blast|p1a: Veluza\n|-damage|p1a: Veluza|31\/100\n|-damage|p1a: Veluza|10\/100\n|-enditem|p1a: Veluza|Aguav Berry|[eat]\n|-heal|p1a: Veluza|44\/100|[from] item: Aguav Berry\n|-damage|p1a: Veluza|21\/100\n|-damage|p1a: Veluza|0 fnt\n|faint|p1a: Veluza\n|-hitcount|p1: Veluza|4\n|move|p1b: Lucario|Heal Pulse|p1: Veluza|[notarget]\n|-fail|p1b: Lucario\n|move|p2a: Gulpin|Counter||[still]\n|-fail|p2a: Gulpin\n|\n|upkeep\n|\n|t:|1699588709\n|switch|p1a: Slowbro|Slowbro, F|100\/100\n|turn|3\n|\n|t:|1699588717\n|detailschange|p1a: Slowbro|Slowbro-Mega, F\n|-mega|p1a: Slowbro|Slowbro|Slowbronite\n|move|p2b: Cloyster|Razor Shell|p1b: Lucario\n|-damage|p1b: Lucario|15\/100\n|-unboost|p1b: Lucario|def|1\n|-enditem|p1b: Lucario|Aguav Berry|[eat]\n|-heal|p1b: Lucario|48\/100|[from] item: Aguav Berry\n|move|p1b: Lucario|Aura Sphere|p2b: Cloyster\n|-supereffective|p2b: Cloyster\n|-damage|p2b: Cloyster|0 fnt\n|faint|p2b: Cloyster\n|move|p2a: Gulpin|Toxic|p1a: Slowbro\n|-status|p1a: Slowbro|tox\n|move|p1a: Slowbro|Future Sight|p2a: Gulpin\n|-start|p1a: Slowbro|move: Future Sight\n|\n|-damage|p1a: Slowbro|94\/100 tox|[from] psn\n|upkeep\n|\n|t:|1699588743\n|switch|p2b: Gengar|Gengar, M|100\/100\n|turn|4\n|\n|t:|1699588764\n|switch|p2a: Oricorio|Oricorio-Pom-Pom, M|100\/100\n|move|p2b: Gengar|Role Play|p2a: Oricorio\n|-endability|p2b: Gengar|Cursed Body|[from] move: Role Play\n|-ability|p2b: Gengar|Dancer|[from] move: Role Play|[of] p2a: Oricorio\n|move|p1b: Lucario|Ice Punch|p2b: Gengar\n|-damage|p2b: Gengar|66\/100\n|move|p1a: Slowbro|Heal Pulse|p1b: Lucario\n|-heal|p1b: Lucario|98\/100\n|\n|-damage|p1a: Slowbro|82\/100 tox|[from] psn\n|upkeep\n|turn|5\n|\n|t:|1699588788\n|move|p2b: Gengar|Shadow Ball|p1b: Lucario\n|-damage|p1b: Lucario|41\/100\n|move|p2a: Oricorio|Quiver Dance|p2a: Oricorio\n|-boost|p2a: Oricorio|spa|1\n|-boost|p2a: Oricorio|spd|1\n|-boost|p2a: Oricorio|spe|1\n|-activate|p2b: Gengar|ability: Dancer\n|move|p2b: Gengar|Quiver Dance|p2b: Gengar|[from]ability: Dancer\n|-boost|p2b: Gengar|spa|1\n|-boost|p2b: Gengar|spd|1\n|-boost|p2b: Gengar|spe|1\n|move|p1b: Lucario|Ice Punch|p2a: Oricorio\n|-supereffective|p2a: Oricorio\n|-damage|p2a: Oricorio|42\/100\n|move|p1a: Slowbro|Scald|p2b: Gengar\n|-damage|p2b: Gengar|26\/100\n|-status|p2b: Gengar|brn\n|\n|-end|p2a: Oricorio|move: Future Sight\n|-damage|p2a: Oricorio|0 fnt\n|faint|p2a: Oricorio\n|-damage|p1a: Slowbro|64\/100 tox|[from] psn\n|-damage|p2b: Gengar|20\/100 brn|[from] brn\n|upkeep\n|\n|t:|1699588798\n|switch|p2a: Inteleon|Inteleon, M|100\/100\n|turn|6\n|\n|t:|1699588829\n|move|p2b: Gengar|Shadow Ball|p1a: Slowbro\n|-supereffective|p1a: Slowbro\n|-damage|p1a: Slowbro|0 fnt\n|faint|p1a: Slowbro\n|move|p2a: Inteleon|Snipe Shot|p1b: Lucario\n|-damage|p1b: Lucario|0 fnt\n|faint|p1b: Lucario\n|\n|-damage|p2b: Gengar|14\/100 brn|[from] brn\n|upkeep\n|\n|t:|1699588840\n|switch|p1b: Hoopa|Hoopa-Unbound|100\/100\n|switch|p1a: Wo-Chien|Wo-Chien|100\/100\n|-ability|p1a: Wo-Chien|Tablets of Ruin\n|turn|7\n|\n|t:|1699588859\n|move|p2b: Gengar|Sludge Bomb|p1a: Wo-Chien\n|-supereffective|p1a: Wo-Chien\n|-damage|p1a: Wo-Chien|0 fnt\n|faint|p1a: Wo-Chien\n|move|p2a: Inteleon|Focus Energy|p2a: Inteleon\n|-start|p2a: Inteleon|move: Focus Energy\n|move|p1b: Hoopa|Destiny Bond|p1b: Hoopa\n|-singlemove|p1b: Hoopa|Destiny Bond\n|\n|-damage|p2b: Gengar|7\/100 brn|[from] brn\n|upkeep\n|\n|t:|1699588865\n|switch|p1a: Volcarona|Volcarona, F|100\/100\n|turn|8\n|\n|t:|1699588874\n|move|p2b: Gengar|Snatch|p2b: Gengar\n|-singleturn|p2b: Gengar|Snatch\n|move|p2a: Inteleon|Snipe Shot|p1a: Volcarona\n|-supereffective|p1a: Volcarona\n|-crit|p1a: Volcarona\n|-damage|p1a: Volcarona|0 fnt\n|faint|p1a: Volcarona\n|move|p1b: Hoopa|Hyperspace Fury|p2a: Inteleon\n|-damage|p2a: Inteleon|20\/100\n|-unboost|p1b: Hoopa|def|1\n|\n|-damage|p2b: Gengar|1\/100 brn|[from] brn\n|upkeep\n|turn|9\n|\n|t:|1699588889\n|move|p2b: Gengar|Shadow Ball|p1b: Hoopa\n|-damage|p1b: Hoopa|47\/100\n|move|p2a: Inteleon|Snipe Shot|p1b: Hoopa\n|-crit|p1b: Hoopa\n|-damage|p1b: Hoopa|0 fnt\n|faint|p1b: Hoopa\n|\n|win|Theadonia\n|raw|a target's rating: 1059 &rarr; <strong>1044<\/strong><br \/>(-15 for losing)\n|raw|Theadonia's rating: 1126 &rarr; <strong>1146<\/strong><br \/>(+20 for winning)\n|l|\u2606a target\n","uploadtime":1699588897,"views":5,"p1id":"atarget","p2id":"theadonia","formatid":"gen9nationaldexdoubles","rating":1044,"private":0,"password":""}