{"id":"gen9nationaldexdoubles-1952066248","p1":"Theadonia","p2":"KoolAidDealer","format":"[Gen 9] National Dex Doubles","log":"|j|\u2606Theadonia\n|j|\u2606KoolAidDealer\n|t:|1695654395\n|gametype|doubles\n|player|p1|Theadonia|caitlin|1125\n|player|p2|KoolAidDealer|ingo|1230\n|teamsize|p1|6\n|teamsize|p2|6\n|gen|9\n|tier|[Gen 9] National Dex Doubles\n|rated|\n|rule|HP Percentage Mod: HP is shown in percentages\n|rule|Endless Battle Clause: Forcing endless battles is banned\n|rule|OHKO Clause: OHKO moves are banned\n|rule|Evasion Moves Clause: Evasion moves are banned\n|rule|Evasion Abilities Clause: Evasion abilities are banned\n|rule|Species Clause: Limit one of each Pok\u00e9mon\n|rule|Gravity Sleep Clause: The combination of sleep-inducing moves with imperfect accuracy and Gravity or Gigantamax Orbeetle are banned\n|clearpoke\n|poke|p1|Delphox, M|\n|poke|p1|Oricorio-Sensu, F|\n|poke|p1|Kommo-o, F|\n|poke|p1|Smeargle, F|\n|poke|p1|Comfey, F|\n|poke|p1|Manaphy|\n|poke|p2|Darmanitan-Galar, F|\n|poke|p2|Togekiss, F|\n|poke|p2|Orthworm, M|\n|poke|p2|Chesnaught, F|\n|poke|p2|Garchomp, M|\n|poke|p2|Zapdos|\n|teampreview\n|c|\u2606KoolAidDealer|rematch\n|\n|t:|1695654418\n|start\n|switch|p1a: Delphox|Delphox, M|100\/100\n|switch|p1b: Smeargle|Smeargle, F|100\/100\n|switch|p2a: Zapdos|Zapdos|100\/100\n|switch|p2b: Garchomp|Garchomp, M|100\/100\n|-ability|p2a: Zapdos|Pressure\n|turn|1\n|\n|t:|1695654436\n|move|p2b: Garchomp|Protect|p2b: Garchomp\n|-singleturn|p2b: Garchomp|Protect\n|move|p1b: Smeargle|Acupressure|p1a: Delphox\n|-boost|p1a: Delphox|evasion|2\n|move|p1a: Delphox|Heat Wave|p2b: Garchomp|[spread] p2a\n|-activate|p2b: Garchomp|move: Protect\n|-damage|p2a: Zapdos|64\/100\n|move|p2a: Zapdos|Discharge|p1b: Smeargle|[spread] p1b\n|-activate|p2b: Garchomp|move: Protect\n|-miss|p2a: Zapdos|p1a: Delphox\n|-damage|p1b: Smeargle|23\/100\n|\n|upkeep\n|turn|2\n|c|\u2606KoolAidDealer|mann i thought evasion was banned \ud83d\udc80\n|c|\u2606Theadonia|Honestly same \u2620\ufe0f\n|\n|t:|1695654467\n|move|p1b: Smeargle|Acupressure|p1a: Delphox\n|-boost|p1a: Delphox|def|2\n|move|p1a: Delphox|Heat Wave|p2a: Zapdos|[spread] p2a,p2b\n|-resisted|p2b: Garchomp\n|-damage|p2a: Zapdos|25\/100\n|-damage|p2b: Garchomp|80\/100\n|-enditem|p2a: Zapdos|Aguav Berry|[eat]\n|-heal|p2a: Zapdos|59\/100|[from] item: Aguav Berry\n|move|p2b: Garchomp|Earthquake|p1b: Smeargle|[spread] p1a,p1b\n|-immune|p2a: Zapdos\n|-supereffective|p1a: Delphox\n|-damage|p1a: Delphox|44\/100\n|-damage|p1b: Smeargle|0 fnt\n|faint|p1b: Smeargle\n|move|p2a: Zapdos|Volt Switch|p1a: Delphox\n|-damage|p1a: Delphox|3\/100\n|\n|t:|1695654486\n|switch|p2a: Chesnaught|Chesnaught, F|100\/100|[from] Volt Switch\n|\n|upkeep\n|\n|t:|1695654489\n|switch|p1b: Comfey|Comfey, F|100\/100\n|turn|3\n|\n|t:|1695654495\n|detailschange|p2b: Garchomp|Garchomp-Mega, M\n|-mega|p2b: Garchomp|Garchomp|Garchompite\n|move|p1b: Comfey|Floral Healing|p1a: Delphox\n|-heal|p1a: Delphox|53\/100\n|move|p2a: Chesnaught|Wide Guard|p2a: Chesnaught\n|-singleturn|p2a: Chesnaught|Wide Guard\n|move|p1a: Delphox|Heat Wave|p2b: Garchomp|[spread] \n|-activate|p2a: Chesnaught|move: Wide Guard\n|-activate|p2b: Garchomp|move: Wide Guard\n|move|p2b: Garchomp|Earthquake|p1a: Delphox|[spread] p1b\n|-activate|p2a: Chesnaught|move: Wide Guard\n|-miss|p2b: Garchomp|p1a: Delphox\n|-damage|p1b: Comfey|28\/100\n|\n|-heal|p1b: Comfey|34\/100|[from] item: Leftovers\n|upkeep\n|turn|4\n|\n|t:|1695654512\n|move|p1b: Comfey|Floral Healing|p1a: Delphox\n|-heal|p1a: Delphox|100\/100\n|move|p2a: Chesnaught|Wide Guard|p2a: Chesnaught\n|-singleturn|p2a: Chesnaught|Wide Guard\n|move|p1a: Delphox|Stored Power|p2a: Chesnaught\n|-supereffective|p2a: Chesnaught\n|-damage|p2a: Chesnaught|0 fnt\n|faint|p2a: Chesnaught\n|move|p2b: Garchomp|Earthquake|p1b: Comfey|[spread] p1b\n|-miss|p2b: Garchomp|p1a: Delphox\n|-crit|p1b: Comfey\n|-damage|p1b: Comfey|0 fnt\n|faint|p1b: Comfey\n|\n|upkeep\n|\n|t:|1695654529\n|switch|p1b: Oricorio|Oricorio-Sensu, F|100\/100\n|switch|p2a: Orthworm|Orthworm, M|100\/100\n|turn|5\n|\n|t:|1695654544\n|move|p1a: Delphox|Role Play|p1b: Oricorio\n|-endability|p1a: Delphox|Magician|[from] move: Role Play\n|-ability|p1a: Delphox|Dancer|[from] move: Role Play|[of] p1b: Oricorio\n|move|p2b: Garchomp|Dragon Claw|p1a: Delphox|[miss]\n|-miss|p2b: Garchomp|p1a: Delphox\n|move|p1b: Oricorio|Quiver Dance|p1b: Oricorio\n|-boost|p1b: Oricorio|spa|1\n|-boost|p1b: Oricorio|spd|1\n|-boost|p1b: Oricorio|spe|1\n|-activate|p1a: Delphox|ability: Dancer\n|move|p1a: Delphox|Quiver Dance|p1a: Delphox|[from]ability: Dancer\n|-boost|p1a: Delphox|spa|1\n|-boost|p1a: Delphox|spd|1\n|-boost|p1a: Delphox|spe|1\n|move|p2a: Orthworm|Shed Tail|p2a: Orthworm\n|-start|p2a: Orthworm|Substitute|[from] move: Shed Tail\n|-damage|p2a: Orthworm|50\/100\n|j| Munassirace\n|\n|t:|1695654560\n|switch|p2a: Darmanitan|Darmanitan-Galar, F|100\/100|[from] Shed Tail\n|\n|upkeep\n|turn|6\n|l| Munassirace\n|\n|t:|1695654571\n|move|p1a: Delphox|Stored Power|p2b: Garchomp\n|-damage|p2b: Garchomp|0 fnt\n|faint|p2b: Garchomp\n|move|p1b: Oricorio|Revelation Dance|p2a: Darmanitan\n|-end|p2a: Darmanitan|Substitute\n|-activate|p1a: Delphox|ability: Dancer\n|move|p1a: Delphox|Revelation Dance|p2a: Darmanitan|[from]ability: Dancer\n|-supereffective|p2a: Darmanitan\n|-damage|p2a: Darmanitan|0 fnt\n|faint|p2a: Darmanitan\n|\n|upkeep\n|c|\u2606KoolAidDealer|you are NOT sex\n|-message|KoolAidDealer forfeited.\n|\n|win|Theadonia\n|raw|Theadonia's rating: 1125 &rarr; <strong>1157<\/strong><br \/>(+32 for winning)\n|raw|KoolAidDealer's rating: 1230 &rarr; <strong>1198<\/strong><br \/>(-32 for losing)\n|l|\u2606KoolAidDealer\n|c|\u2606Theadonia|I-\n|c|\u2606Theadonia|wHAT\n","uploadtime":1695654603,"views":7,"p1id":"theadonia","p2id":"koolaiddealer","formatid":"gen9nationaldexdoubles","rating":1157,"private":0,"password":""}