{"id":"gen9nationaldexdoubles-1950975004","p1":"thundervoltss","p2":"S1r.sweepsaLot","format":"[Gen 9] National Dex Doubles","log":"|j|\u2606thundervoltss\n|j|\u2606S1r.sweepsaLot\n|t:|1695525455\n|gametype|doubles\n|player|p1|thundervoltss|volkner|1438\n|player|p2|S1r.sweepsaLot|guzma|1538\n|teamsize|p1|6\n|teamsize|p2|6\n|gen|9\n|tier|[Gen 9] National Dex Doubles\n|rated|\n|rule|HP Percentage Mod: HP is shown in percentages\n|rule|Endless Battle Clause: Forcing endless battles is banned\n|rule|OHKO Clause: OHKO moves are banned\n|rule|Evasion Moves Clause: Evasion moves are banned\n|rule|Evasion Abilities Clause: Evasion abilities are banned\n|rule|Species Clause: Limit one of each Pok\u00e9mon\n|rule|Gravity Sleep Clause: The combination of sleep-inducing moves with imperfect accuracy and Gravity or Gigantamax Orbeetle are banned\n|clearpoke\n|poke|p1|Stakataka|\n|poke|p1|Whimsicott, M|\n|poke|p1|Lurantis, M|\n|poke|p1|Iron Hands|\n|poke|p1|Flutter Mane|\n|poke|p1|Basculegion, M|\n|poke|p2|Tyranitar, M|\n|poke|p2|Excadrill, F|\n|poke|p2|Togekiss, F|\n|poke|p2|Kommo-o, F|\n|poke|p2|Gholdengo|\n|poke|p2|Incineroar, F|\n|teampreview\n|c|\u2606S1r.sweepsaLot|hey\n|c|\u2606thundervoltss|oh wtf\n|c|\u2606S1r.sweepsaLot|testing your team\n|c|\u2606thundervoltss|kinda\n|c|\u2606thundervoltss|not exactly the team im gonna bring\n|c|\u2606S1r.sweepsaLot|wdym?\n|c|\u2606S1r.sweepsaLot|oh\n|c|\u2606S1r.sweepsaLot|me too\n|\n|t:|1695525559\n|start\n|switch|p1a: Whimsicott|Whimsicott, M|100\/100\n|switch|p1b: Flutter Mane|Flutter Mane|100\/100\n|switch|p2a: Godzilla|Tyranitar, M|100\/100\n|switch|p2b: Home Depot|Excadrill, F|100\/100\n|-weather|Sandstorm|[from] ability: Sand Stream|[of] p2a: Godzilla\n|-enditem|p1b: Flutter Mane|Booster Energy\n|-activate|p1b: Flutter Mane|ability: Protosynthesis|[fromitem]\n|-start|p1b: Flutter Mane|protosynthesisspa\n|turn|1\n|j| kitty teve\n|\n|t:|1695525592\n|-terastallize|p1b: Flutter Mane|Fairy\n|move|p1a: Whimsicott|Tailwind|p1a: Whimsicott\n|-sidestart|p1: thundervoltss|move: Tailwind\n|move|p1b: Flutter Mane|Dazzling Gleam|p2a: Godzilla|[spread] p2a,p2b\n|-supereffective|p2a: Godzilla\n|-resisted|p2b: Home Depot\n|-damage|p2a: Godzilla|44\/100\n|-damage|p2b: Home Depot|68\/100\n|move|p2b: Home Depot|High Horsepower|p1a: Whimsicott\n|-resisted|p1a: Whimsicott\n|-damage|p1a: Whimsicott|59\/100\n|-damage|p2b: Home Depot|58\/100|[from] item: Life Orb\n|-zpower|p2a: Godzilla\n|move|p2a: Godzilla|Continental Crush|p1b: Flutter Mane|[zeffect]\n|-damage|p1b: Flutter Mane|0 fnt\n|faint|p1b: Flutter Mane\n|-end|p1b: Flutter Mane|Protosynthesis|[silent]\n|\n|-weather|Sandstorm|[upkeep]\n|-damage|p1a: Whimsicott|53\/100|[from] Sandstorm\n|upkeep\n|\n|t:|1695525619\n|switch|p1b: Lurantis|Lurantis, M|100\/100\n|turn|2\n|\n|t:|1695525645\n|switch|p2a: Money Bags|Gholdengo, shiny|100\/100\n|-terastallize|p2b: Home Depot|Ground\n|move|p1a: Whimsicott|Charm|p2b: Home Depot\n|-unboost|p2b: Home Depot|atk|2\n|move|p2b: Home Depot|Rock Slide|p1a: Whimsicott|[spread] p1a,p1b\n|-damage|p1a: Whimsicott|36\/100\n|-damage|p1b: Lurantis|86\/100\n|-enditem|p1a: Whimsicott|Sitrus Berry|[eat]\n|-heal|p1a: Whimsicott|61\/100|[from] item: Sitrus Berry\n|-damage|p2b: Home Depot|48\/100|[from] item: Life Orb\n|move|p1b: Lurantis|Knock Off|p2b: Home Depot\n|-damage|p2b: Home Depot|0 fnt\n|-enditem|p2b: Home Depot|Life Orb|[from] move: Knock Off|[of] p1b: Lurantis\n|faint|p2b: Home Depot\n|\n|-weather|Sandstorm|[upkeep]\n|-damage|p1a: Whimsicott|55\/100|[from] Sandstorm\n|-damage|p1b: Lurantis|80\/100|[from] Sandstorm\n|upkeep\n|\n|t:|1695525664\n|switch|p2b: Look at Me|Togekiss, F|100\/100\n|turn|3\n|\n|t:|1695525680\n|switch|p1a: Basculegion|Basculegion, M|100\/100\n|move|p2b: Look at Me|Follow Me|p2b: Look at Me\n|-singleturn|p2b: Look at Me|move: Follow Me\n|move|p1b: Lurantis|Knock Off|p2b: Look at Me\n|-resisted|p2b: Look at Me\n|-damage|p2b: Look at Me|86\/100\n|-enditem|p2b: Look at Me|Safety Goggles|[from] move: Knock Off|[of] p1b: Lurantis\n|move|p2a: Money Bags|Nasty Plot|p2a: Money Bags\n|-boost|p2a: Money Bags|spa|2\n|\n|-weather|Sandstorm|[upkeep]\n|-damage|p1a: Basculegion|94\/100|[from] Sandstorm\n|-damage|p1b: Lurantis|74\/100|[from] Sandstorm\n|-damage|p2b: Look at Me|80\/100|[from] Sandstorm\n|upkeep\n|turn|4\n|\n|t:|1695525699\n|switch|p1a: Whimsicott|Whimsicott, M|55\/100\n|move|p2a: Money Bags|Protect|p2a: Money Bags\n|-singleturn|p2a: Money Bags|Protect\n|move|p1b: Lurantis|Knock Off|p2a: Money Bags\n|-activate|p2a: Money Bags|move: Protect\n|move|p2b: Look at Me|Tailwind|p2b: Look at Me\n|-sidestart|p2: S1r.sweepsaLot|move: Tailwind\n|\n|-weather|Sandstorm|[upkeep]\n|-damage|p1a: Whimsicott|49\/100|[from] Sandstorm\n|-damage|p2b: Look at Me|74\/100|[from] Sandstorm\n|-damage|p1b: Lurantis|68\/100|[from] Sandstorm\n|-sideend|p1: thundervoltss|move: Tailwind\n|upkeep\n|turn|5\n|\n|t:|1695525714\n|move|p2b: Look at Me|Follow Me|p2b: Look at Me\n|-singleturn|p2b: Look at Me|move: Follow Me\n|move|p1a: Whimsicott|Taunt|p2b: Look at Me\n|-start|p2b: Look at Me|move: Taunt\n|move|p2a: Money Bags|Make It Rain|p1a: Whimsicott|[spread] p1a,p1b\n|-supereffective|p1a: Whimsicott\n|-crit|p1a: Whimsicott\n|-damage|p1a: Whimsicott|0 fnt\n|-damage|p1b: Lurantis|0 fnt\n|-unboost|p2a: Money Bags|spa|1\n|faint|p1a: Whimsicott\n|faint|p1b: Lurantis\n|\n|-weather|none\n|upkeep\n|\n|t:|1695525722\n|switch|p1a: Stakataka|Stakataka|100\/100\n|switch|p1b: Basculegion|Basculegion, M|94\/100\n|turn|6\n|\n|t:|1695525740\n|switch|p2b: Nala|Incineroar, F|100\/100\n|-ability|p2b: Nala|Intimidate|boost\n|-unboost|p1a: Stakataka|atk|1\n|-unboost|p1b: Basculegion|atk|1\n|move|p2a: Money Bags|Shadow Ball|p1b: Basculegion\n|-supereffective|p1b: Basculegion\n|-damage|p1b: Basculegion|0 fnt\n|faint|p1b: Basculegion\n|move|p1a: Stakataka|Trick Room|p1a: Stakataka\n|-fieldstart|move: Trick Room|[of] p1a: Stakataka\n|\n|upkeep\n|\n|t:|1695525747\n|switch|p1b: Iron Hands|Iron Hands|100\/100\n|turn|7\n|\n|t:|1695525759\n|move|p1b: Iron Hands|Fake Out|p2b: Nala\n|-damage|p2b: Nala|84\/100\n|-damage|p1b: Iron Hands|91\/100|[from] item: Life Orb\n|cant|p2b: Nala|flinch\n|move|p1a: Stakataka|Iron Defense|p1a: Stakataka\n|-boost|p1a: Stakataka|def|2\n|move|p2a: Money Bags|Nasty Plot|p2a: Money Bags\n|-boost|p2a: Money Bags|spa|2\n|\n|-sideend|p2: S1r.sweepsaLot|move: Tailwind\n|upkeep\n|turn|8\n|c|\u2606thundervoltss|gg\n|c|\u2606thundervoltss|gotta play outta my mind to win this\n|\n|t:|1695525786\n|move|p1a: Stakataka|Body Press|p2b: Nala\n|-supereffective|p2b: Nala\n|-damage|p2b: Nala|0 fnt\n|faint|p2b: Nala\n|-ability|p1a: Stakataka|Beast Boost|boost\n|-boost|p1a: Stakataka|def|1\n|move|p1b: Iron Hands|Wild Charge|p2a: Money Bags\n|-damage|p2a: Money Bags|45\/100\n|-damage|p1b: Iron Hands|80\/100|[from] Recoil\n|-damage|p1b: Iron Hands|70\/100|[from] item: Life Orb\n|move|p2a: Money Bags|Shadow Ball|p1a: Stakataka\n|-damage|p1a: Stakataka|24\/100\n|\n|-heal|p2a: Money Bags|51\/100|[from] item: Leftovers\n|upkeep\n|\n|t:|1695525806\n|switch|p2b: Godzilla|Tyranitar, M|44\/100\n|-weather|Sandstorm|[from] ability: Sand Stream|[of] p2b: Godzilla\n|turn|9\n|\n|t:|1695525821\n|move|p2a: Money Bags|Protect|p2a: Money Bags\n|-singleturn|p2a: Money Bags|Protect\n|move|p1a: Stakataka|Body Press|p2b: Godzilla\n|-supereffective|p2b: Godzilla\n|-damage|p2b: Godzilla|0 fnt\n|faint|p2b: Godzilla\n|-ability|p1a: Stakataka|Beast Boost|boost\n|-boost|p1a: Stakataka|def|1\n|move|p1b: Iron Hands|Wild Charge|p2a: Money Bags\n|-activate|p2a: Money Bags|move: Protect\n|\n|-weather|Sandstorm|[upkeep]\n|-damage|p1b: Iron Hands|64\/100|[from] Sandstorm\n|-heal|p2a: Money Bags|57\/100|[from] item: Leftovers\n|upkeep\n|\n|t:|1695525834\n|switch|p2b: Look at Me|Togekiss, F|74\/100\n|turn|10\n|\n|t:|1695525845\n|move|p2b: Look at Me|Follow Me|p2b: Look at Me\n|-singleturn|p2b: Look at Me|move: Follow Me\n|move|p1a: Stakataka|Gyro Ball|p2b: Look at Me\n|-supereffective|p2b: Look at Me\n|-damage|p2b: Look at Me|3\/100\n|move|p1b: Iron Hands|Wild Charge|p2b: Look at Me\n|-supereffective|p2b: Look at Me\n|-damage|p2b: Look at Me|0 fnt\n|faint|p2b: Look at Me\n|-damage|p1b: Iron Hands|63\/100|[from] Recoil\n|-damage|p1b: Iron Hands|53\/100|[from] item: Life Orb\n|move|p2a: Money Bags|Shadow Ball|p1a: Stakataka\n|-damage|p1a: Stakataka|0 fnt\n|faint|p1a: Stakataka\n|\n|-weather|Sandstorm|[upkeep]\n|-damage|p1b: Iron Hands|47\/100|[from] Sandstorm\n|-heal|p2a: Money Bags|64\/100|[from] item: Leftovers\n|-fieldend|move: Trick Room\n|upkeep\n|c|\u2606thundervoltss|oh cmonnnn\n|\n|t:|1695525856\n|switch|p2b: Concert Speaker|Kommo-o, F|100\/100\n|turn|11\n|c|\u2606thundervoltss|it barely lived\n|c|\u2606S1r.sweepsaLot|look at him go\n|c|\u2606thundervoltss|was gonna lose anyways\n|\n|t:|1695525868\n|move|p2b: Concert Speaker|Clanging Scales|p1b: Iron Hands\n|-damage|p1b: Iron Hands|6\/100\n|-unboost|p2b: Concert Speaker|def|1\n|-enditem|p2b: Concert Speaker|Throat Spray\n|-boost|p2b: Concert Speaker|spa|1|[from] item: Throat Spray\n|move|p2a: Money Bags|Shadow Ball|p1b: Iron Hands\n|-damage|p1b: Iron Hands|0 fnt\n|faint|p1b: Iron Hands\n|-end|p1b: Iron Hands|Quark Drive|[silent]\n|\n|win|S1r.sweepsaLot\n|raw|thundervoltss's rating: 1438 &rarr; <strong>1424<\/strong><br \/>(-14 for losing)\n|raw|S1r.sweepsaLot's rating: 1538 &rarr; <strong>1552<\/strong><br \/>(+14 for winning)\n|c|\u2606S1r.sweepsaLot|see you in the tournament\n","uploadtime":1695525880,"views":18,"p1id":"thundervoltss","p2id":"s1rsweepsalot","formatid":"gen9nationaldexdoubles","rating":1424,"private":0,"password":""}