{"id":"gen9nationaldexdoubles-1955194671","p1":"LDP333","p2":"Mudkiped","format":"[Gen 9] National Dex Doubles","log":"|j|\u2606LDP333\n|j|\u2606Mudkiped\n|t:|1695969648\n|gametype|doubles\n|player|p1|LDP333|riley|1593\n|player|p2|Mudkiped|crasherwake|1418\n|teamsize|p1|6\n|teamsize|p2|6\n|gen|9\n|tier|[Gen 9] National Dex Doubles\n|rated|\n|rule|HP Percentage Mod: HP is shown in percentages\n|rule|Endless Battle Clause: Forcing endless battles is banned\n|rule|OHKO Clause: OHKO moves are banned\n|rule|Evasion Moves Clause: Evasion moves are banned\n|rule|Evasion Abilities Clause: Evasion abilities are banned\n|rule|Species Clause: Limit one of each Pok\u00e9mon\n|rule|Gravity Sleep Clause: The combination of sleep-inducing moves with imperfect accuracy and Gravity or Gigantamax Orbeetle are banned\n|clearpoke\n|poke|p1|Urshifu-*, F|\n|poke|p1|Flutter Mane|\n|poke|p1|Tornadus, M|\n|poke|p1|Incineroar, F|\n|poke|p1|Salamence, M|\n|poke|p1|Kommo-o, F|\n|poke|p2|Wo-Chien|\n|poke|p2|Sinistcha-Masterpiece|\n|poke|p2|Glimmora, F|\n|poke|p2|Kommo-o, M|\n|poke|p2|Ninetales-Alola, F|\n|poke|p2|Landorus-Therian, M|\n|teampreview\n|\n|t:|1695969683\n|start\n|switch|p1a: Urshifu|Urshifu-Rapid-Strike, F|100\/100\n|switch|p1b: Salamence|Salamence, M|100\/100\n|switch|p2a: WatchYoStep|Glimmora, F|100\/100\n|switch|p2b: Mc Cloud|Ninetales-Alola, F, shiny|100\/100\n|-weather|Snow|[from] ability: Snow Warning|[of] p2b: Mc Cloud\n|-ability|p1b: Salamence|Intimidate|boost\n|-unboost|p2a: WatchYoStep|atk|1\n|-unboost|p2b: Mc Cloud|atk|1\n|turn|1\n|\n|t:|1695969711\n|switch|p1b: Tornadus|Tornadus, M|100\/100\n|move|p2a: WatchYoStep|Spiky Shield|p2a: WatchYoStep\n|-singleturn|p2a: WatchYoStep|move: Protect\n|move|p2b: Mc Cloud|Moonblast|p1a: Urshifu\n|-supereffective|p1a: Urshifu\n|-crit|p1a: Urshifu\n|-damage|p1a: Urshifu|0 fnt\n|faint|p1a: Urshifu\n|\n|-weather|Snow|[upkeep]\n|upkeep\n|\n|t:|1695969736\n|switch|p1a: Incineroar|Incineroar, F|100\/100\n|-ability|p1a: Incineroar|Intimidate|boost\n|-unboost|p2a: WatchYoStep|atk|1\n|-unboost|p2b: Mc Cloud|atk|1\n|turn|2\n|\n|t:|1695969757\n|move|p2b: Mc Cloud|Protect|p2b: Mc Cloud\n|-singleturn|p2b: Mc Cloud|Protect\n|move|p1b: Tornadus|Sunny Day|p1b: Tornadus\n|-weather|SunnyDay\n|move|p2a: WatchYoStep|Power Gem|p1b: Tornadus\n|-supereffective|p1b: Tornadus\n|-damage|p1b: Tornadus|33\/100\n|move|p1a: Incineroar|Parting Shot|p2a: WatchYoStep\n|-unboost|p2a: WatchYoStep|atk|1\n|-unboost|p2a: WatchYoStep|spa|1\n|\n|t:|1695969774\n|switch|p1a: Salamence|Salamence, M|100\/100|[from] Parting Shot\n|-ability|p1a: Salamence|Intimidate|boost\n|-unboost|p2a: WatchYoStep|atk|1\n|-unboost|p2b: Mc Cloud|atk|1\n|\n|-weather|SunnyDay|[upkeep]\n|upkeep\n|turn|3\n|\n|t:|1695969788\n|detailschange|p1a: Salamence|Salamence-Mega, M\n|-mega|p1a: Salamence|Salamence|Salamencite\n|move|p2b: Mc Cloud|Freeze-Dry|p1a: Salamence\n|-supereffective|p1a: Salamence\n|-damage|p1a: Salamence|17\/100\n|move|p1a: Salamence|Hyper Voice|p2b: Mc Cloud|[spread] p2a,p2b\n|-resisted|p2a: WatchYoStep\n|-damage|p2a: WatchYoStep|82\/100\n|-damage|p2b: Mc Cloud|56\/100\n|move|p1b: Tornadus|Bleakwind Storm|p2b: Mc Cloud|[spread] p2a,p2b\n|-resisted|p2a: WatchYoStep\n|-damage|p2a: WatchYoStep|69\/100\n|-damage|p2b: Mc Cloud|26\/100\n|-unboost|p2b: Mc Cloud|spe|1\n|move|p2a: WatchYoStep|Power Gem|p1b: Tornadus\n|-supereffective|p1b: Tornadus\n|-damage|p1b: Tornadus|0 fnt\n|faint|p1b: Tornadus\n|\n|-weather|SunnyDay|[upkeep]\n|upkeep\n|\n|t:|1695969806\n|switch|p1b: Incineroar|Incineroar, F|100\/100\n|-ability|p1b: Incineroar|Intimidate|boost\n|-unboost|p2a: WatchYoStep|atk|1\n|-unboost|p2b: Mc Cloud|atk|1\n|turn|4\n|\n|t:|1695969819\n|switch|p2b: Big Kahuna|Kommo-o, M, shiny|100\/100\n|move|p1a: Salamence|Tailwind|p1a: Salamence\n|-sidestart|p1: LDP333|move: Tailwind\n|move|p1b: Incineroar|Parting Shot|p2a: WatchYoStep\n|-unboost|p2a: WatchYoStep|atk|1\n|-unboost|p2a: WatchYoStep|spa|1\n|\n|t:|1695969827\n|switch|p1b: Komm-susser-Tod|Kommo-o, F|100\/100|[from] Parting Shot\n|move|p2a: WatchYoStep|Power Gem|p1a: Salamence\n|-supereffective|p1a: Salamence\n|-damage|p1a: Salamence|0 fnt\n|faint|p1a: Salamence\n|\n|-weather|SunnyDay|[upkeep]\n|upkeep\n|\n|t:|1695969834\n|switch|p1a: Flutter Mane|Flutter Mane|100\/100\n|-activate|p1a: Flutter Mane|ability: Protosynthesis\n|-start|p1a: Flutter Mane|protosynthesisspa\n|turn|5\n|\n|t:|1695969851\n|-terastallize|p1a: Flutter Mane|Fairy\n|-terastallize|p2b: Big Kahuna|Steel\n|move|p2a: WatchYoStep|Spiky Shield|p2a: WatchYoStep\n|-singleturn|p2a: WatchYoStep|move: Protect\n|move|p1a: Flutter Mane|Dazzling Gleam|p2b: Big Kahuna|[spread] p2b\n|-activate|p2a: WatchYoStep|move: Protect\n|-resisted|p2b: Big Kahuna\n|-damage|p2b: Big Kahuna|56\/100\n|move|p1b: Komm-susser-Tod|Aura Sphere|p2a: WatchYoStep\n|-activate|p2a: WatchYoStep|move: Protect\n|move|p2b: Big Kahuna|Clangorous Soul|p2b: Big Kahuna\n|-boost|p2b: Big Kahuna|atk|1\n|-boost|p2b: Big Kahuna|def|1\n|-boost|p2b: Big Kahuna|spa|1\n|-boost|p2b: Big Kahuna|spd|1\n|-boost|p2b: Big Kahuna|spe|1\n|-damage|p2b: Big Kahuna|23\/100\n|-enditem|p2b: Big Kahuna|Sitrus Berry|[eat]\n|-heal|p2b: Big Kahuna|48\/100|[from] item: Sitrus Berry\n|\n|-weather|SunnyDay|[upkeep]\n|upkeep\n|turn|6\n|\n|t:|1695969885\n|move|p1a: Flutter Mane|Dazzling Gleam|p2b: Big Kahuna|[spread] p2a,p2b\n|-resisted|p2a: WatchYoStep\n|-resisted|p2b: Big Kahuna\n|-damage|p2a: WatchYoStep|34\/100\n|-damage|p2b: Big Kahuna|17\/100\n|-zpower|p1b: Komm-susser-Tod\n|move|p1b: Komm-susser-Tod|Clangorous Soulblaze|p2a: WatchYoStep|[zeffect]|[spread] p2a\n|-immune|p2b: Big Kahuna|[from] ability: Soundproof\n|-damage|p2a: WatchYoStep|0 fnt\n|faint|p2a: WatchYoStep\n|-boost|p1b: Komm-susser-Tod|atk|1\n|-boost|p1b: Komm-susser-Tod|def|1\n|-boost|p1b: Komm-susser-Tod|spa|1\n|-boost|p1b: Komm-susser-Tod|spd|1\n|-boost|p1b: Komm-susser-Tod|spe|1\n|move|p2b: Big Kahuna|Flash Cannon|p1a: Flutter Mane\n|-supereffective|p1a: Flutter Mane\n|-damage|p1a: Flutter Mane|13\/100\n|\n|-weather|none\n|-end|p1a: Flutter Mane|Protosynthesis\n|upkeep\n|\n|t:|1695969905\n|switch|p2a: In A Hot Tub|Sinistcha-Masterpiece, shiny|100\/100\n|-heal|p2b: Big Kahuna|42\/100|[from] ability: Hospitality|[of] p2a: In A Hot Tub\n|turn|7\n|\n|t:|1695969923\n|-end|p1a: Flutter Mane|Protosynthesis|[silent]\n|switch|p1a: Incineroar|Incineroar, F|100\/100\n|-ability|p1a: Incineroar|Intimidate|boost\n|-unboost|p2a: In A Hot Tub|atk|1\n|-unboost|p2b: Big Kahuna|atk|1\n|move|p2a: In A Hot Tub|Rage Powder|p2a: In A Hot Tub\n|-singleturn|p2a: In A Hot Tub|move: Rage Powder\n|move|p1b: Komm-susser-Tod|Aura Sphere|p2a: In A Hot Tub\n|-immune|p2a: In A Hot Tub\n|move|p2b: Big Kahuna|Drain Punch|p1a: Incineroar\n|-supereffective|p1a: Incineroar\n|-damage|p1a: Incineroar|53\/100\n|-heal|p2b: Big Kahuna|71\/100|[from] drain|[of] p1a: Incineroar\n|\n|-sideend|p1: LDP333|move: Tailwind\n|upkeep\n|turn|8\n|\n|t:|1695969966\n|move|p1b: Komm-susser-Tod|Flamethrower|p2a: In A Hot Tub\n|-supereffective|p2a: In A Hot Tub\n|-damage|p2a: In A Hot Tub|28\/100\n|move|p2b: Big Kahuna|Drain Punch|p1a: Incineroar\n|-supereffective|p1a: Incineroar\n|-damage|p1a: Incineroar|6\/100\n|-heal|p2b: Big Kahuna|99\/100|[from] drain|[of] p1a: Incineroar\n|-enditem|p1a: Incineroar|Sitrus Berry|[eat]\n|-heal|p1a: Incineroar|31\/100|[from] item: Sitrus Berry\n|move|p1a: Incineroar|Knock Off|p2a: In A Hot Tub\n|-supereffective|p2a: In A Hot Tub\n|-damage|p2a: In A Hot Tub|0 fnt\n|-enditem|p2a: In A Hot Tub|Room Service|[from] move: Knock Off|[of] p1a: Incineroar\n|faint|p2a: In A Hot Tub\n|\n|upkeep\n|\n|t:|1695969981\n|switch|p2a: Big W|Wo-Chien|100\/100\n|-ability|p2a: Big W|Tablets of Ruin\n|turn|9\n|\n|t:|1695970003\n|move|p1b: Komm-susser-Tod|Aura Sphere|p2b: Big Kahuna\n|-supereffective|p2b: Big Kahuna\n|-damage|p2b: Big Kahuna|35\/100\n|move|p2b: Big Kahuna|Flash Cannon|p1b: Komm-susser-Tod\n|-damage|p1b: Komm-susser-Tod|59\/100\n|move|p1a: Incineroar|Parting Shot|p2a: Big W\n|-unboost|p2a: Big W|atk|1\n|-unboost|p2a: Big W|spa|1\n|\n|t:|1695970012\n|switch|p1a: Flutter Mane|Flutter Mane, tera:Fairy|13\/100|[from] Parting Shot\n|move|p2a: Big W|Leech Seed|p1b: Komm-susser-Tod\n|-start|p1b: Komm-susser-Tod|move: Leech Seed\n|\n|-damage|p1b: Komm-susser-Tod|47\/100|[from] Leech Seed|[of] p2a: Big W\n|upkeep\n|turn|10\n|\n|t:|1695970035\n|switch|p2b: Land o Tea|Landorus-Therian, M|100\/100\n|-ability|p2b: Land o Tea|Intimidate|boost\n|-unboost|p1a: Flutter Mane|atk|1\n|-unboost|p1b: Komm-susser-Tod|atk|1\n|move|p1b: Komm-susser-Tod|Aura Sphere|p2b: Land o Tea\n|-resisted|p2b: Land o Tea\n|-damage|p2b: Land o Tea|76\/100\n|move|p1a: Flutter Mane|Moonblast|p2a: Big W\n|-supereffective|p2a: Big W\n|-damage|p2a: Big W|0 fnt\n|faint|p2a: Big W\n|\n|upkeep\n|\n|t:|1695970048\n|switch|p2a: Mc Cloud|Ninetales-Alola, F, shiny|26\/100\n|-weather|Snow|[from] ability: Snow Warning|[of] p2a: Mc Cloud\n|turn|11\n|inactive|Battle timer is ON: inactive players will automatically lose when time's up. (requested by LDP333)\n|\n|t:|1695970083\n|move|p2a: Mc Cloud|Protect|p2a: Mc Cloud\n|-singleturn|p2a: Mc Cloud|Protect\n|move|p1b: Komm-susser-Tod|Flamethrower|p2a: Mc Cloud\n|-activate|p2a: Mc Cloud|move: Protect\n|move|p1a: Flutter Mane|Moonblast|p2b: Land o Tea\n|-damage|p2b: Land o Tea|0 fnt\n|faint|p2b: Land o Tea\n|\n|-weather|Snow|[upkeep]\n|-damage|p1b: Komm-susser-Tod|35\/100|[from] Leech Seed|[of] p2a: Mc Cloud\n|-heal|p2a: Mc Cloud|36\/100|[silent]\n|upkeep\n|c|\u2606Mudkiped|ggs shoulda kept attacking incin\n|\n|t:|1695970097\n|switch|p2b: Big Kahuna|Kommo-o, M, shiny, tera:Steel|35\/100\n|turn|12\n|\n|t:|1695970104\n|move|p1b: Komm-susser-Tod|Aura Sphere|p2b: Big Kahuna\n|-supereffective|p2b: Big Kahuna\n|-damage|p2b: Big Kahuna|0 fnt\n|faint|p2b: Big Kahuna\n|move|p2a: Mc Cloud|Freeze-Dry|p1a: Flutter Mane\n|-damage|p1a: Flutter Mane|0 fnt\n|faint|p1a: Flutter Mane\n|-end|p1a: Flutter Mane|Protosynthesis|[silent]\n|\n|-weather|Snow|[upkeep]\n|-damage|p1b: Komm-susser-Tod|22\/100|[from] Leech Seed|[of] p2a: Mc Cloud\n|-heal|p2a: Mc Cloud|46\/100|[silent]\n|upkeep\n|\n|t:|1695970110\n|switch|p1a: Incineroar|Incineroar, F|31\/100\n|-ability|p1a: Incineroar|Intimidate|boost\n|-unboost|p2a: Mc Cloud|atk|1\n|turn|13\n|\n|t:|1695970120\n|move|p2a: Mc Cloud|Protect|p2a: Mc Cloud\n|-singleturn|p2a: Mc Cloud|Protect\n|move|p1a: Incineroar|Fake Out|p2a: Mc Cloud\n|-activate|p2a: Mc Cloud|move: Protect\n|move|p1b: Komm-susser-Tod|Flamethrower|p2a: Mc Cloud\n|-activate|p2a: Mc Cloud|move: Protect\n|\n|-weather|Snow|[upkeep]\n|-damage|p1b: Komm-susser-Tod|10\/100|[from] Leech Seed|[of] p2a: Mc Cloud\n|-heal|p2a: Mc Cloud|57\/100|[silent]\n|upkeep\n|turn|14\n|inactive|Mudkiped has 120 seconds left.\n|\n|t:|1695970158\n|move|p1b: Komm-susser-Tod|Flamethrower|p2a: Mc Cloud\n|-supereffective|p2a: Mc Cloud\n|-damage|p2a: Mc Cloud|0 fnt\n|faint|p2a: Mc Cloud\n|\n|win|LDP333\n|raw|LDP333's rating: 1593 &rarr; <strong>1604<\/strong><br \/>(+11 for winning)\n|raw|Mudkiped's rating: 1418 &rarr; <strong>1407<\/strong><br \/>(-11 for losing)\n|l|\u2606LDP333\n","uploadtime":1695970175,"views":16,"p1id":"ldp333","p2id":"mudkiped","formatid":"gen9nationaldexdoubles","rating":1407,"private":0,"password":""}