{"id":"gen9nationaldexdoubles-1985802371","p1":"Ch4mpionDiantha","p2":"Tombstone Ghost","format":"[Gen 9] National Dex Doubles","log":"|j|\u2606Ch4mpionDiantha\n|j|\u2606Tombstone Ghost\n|t:|1699407727\n|gametype|doubles\n|player|p1|Ch4mpionDiantha|diantha-masters2|1000\n|player|p2|Tombstone Ghost|brycenman|1155\n|teamsize|p1|6\n|teamsize|p2|6\n|gen|9\n|tier|[Gen 9] National Dex Doubles\n|rated|\n|rule|HP Percentage Mod: HP is shown in percentages\n|rule|Endless Battle Clause: Forcing endless battles is banned\n|rule|OHKO Clause: OHKO moves are banned\n|rule|Evasion Moves Clause: Evasion moves are banned\n|rule|Evasion Abilities Clause: Evasion abilities are banned\n|rule|Species Clause: Limit one of each Pok\u00e9mon\n|rule|Gravity Sleep Clause: The combination of sleep-inducing moves with imperfect accuracy and Gravity or Gigantamax Orbeetle are banned\n|clearpoke\n|poke|p1|Hawlucha, M|\n|poke|p1|Tyrantrum, F|\n|poke|p1|Aurorus, F|\n|poke|p1|Gourgeist-*, M|\n|poke|p1|Goodra, M|\n|poke|p1|Gardevoir, M|\n|poke|p2|Espathra, M|\n|poke|p2|Electrode-Hisui|\n|poke|p2|Chi-Yu|\n|poke|p2|Gliscor, F|\n|poke|p2|Whimsicott, F|\n|poke|p2|Florges, F|\n|teampreview\n|\n|t:|1699407743\n|start\n|switch|p1a: Aurorus|Aurorus, F|100\/100\n|switch|p1b: Gourgeist|Gourgeist-Super, M|100\/100\n|switch|p2a: Crash|Espathra, M|100\/100\n|switch|p2b: Loki|Whimsicott, F, shiny|100\/100\n|turn|1\n|\n|t:|1699407779\n|-terastallize|p2a: Crash|Dark\n|move|p1a: Aurorus|Protect|p1a: Aurorus\n|-singleturn|p1a: Aurorus|Protect\n|move|p2b: Loki|Taunt|p1a: Aurorus\n|-activate|p1a: Aurorus|move: Protect\n|move|p2a: Crash|Calm Mind|p2a: Crash\n|-boost|p2a: Crash|spa|1\n|-boost|p2a: Crash|spd|1\n|move|p1b: Gourgeist|Trick Room|p1b: Gourgeist\n|-fieldstart|move: Trick Room|[of] p1b: Gourgeist\n|-enditem|p1b: Gourgeist|Room Service\n|-unboost|p1b: Gourgeist|spe|1|[from] item: Room Service\n|\n|-ability|p2a: Crash|Speed Boost|boost\n|-boost|p2a: Crash|spe|1\n|upkeep\n|turn|2\n|\n|t:|1699407802\n|move|p2a: Crash|Protect|p2a: Crash\n|-singleturn|p2a: Crash|Protect\n|move|p1b: Gourgeist|Ally Switch|p1b: Gourgeist\n|swap|p1b: Gourgeist|0|[from] move: Ally Switch\n|move|p2b: Loki|Encore|p1a: Gourgeist\n|-start|p1a: Gourgeist|Encore\n|move|p1b: Aurorus|Meteor Beam||[still]\n|-prepare|p1b: Aurorus|Meteor Beam\n|-boost|p1b: Aurorus|spa|1\n|-enditem|p1b: Aurorus|Power Herb\n|-anim|p1b: Aurorus|Meteor Beam|p2a: Crash\n|-activate|p2a: Crash|move: Protect\n|\n|-item|p1a: Gourgeist|Power Herb|[from] ability: Pickup\n|-ability|p2a: Crash|Speed Boost|boost\n|-boost|p2a: Crash|spe|1\n|upkeep\n|turn|3\n|\n|t:|1699407847\n|switch|p1a: Goodra|Goodra, M|100\/100\n|move|p1b: Aurorus|Hyper Voice|p2a: Crash|[spread] p2a,p2b\n|-supereffective|p2b: Loki\n|-damage|p2a: Crash|36\/100\n|-damage|p2b: Loki|0 fnt\n|faint|p2b: Loki\n|move|p2a: Crash|Stored Power|p1b: Aurorus\n|-damage|p1b: Aurorus|43\/100\n|\n|-ability|p2a: Crash|Speed Boost|boost\n|-boost|p2a: Crash|spe|1\n|upkeep\n|\n|t:|1699407874\n|switch|p2b: Grim|Florges, F, shiny|100\/100\n|turn|4\n|\n|t:|1699407893\n|move|p1b: Aurorus|Protect|p1b: Aurorus\n|-singleturn|p1b: Aurorus|Protect\n|move|p2a: Crash|Protect|p2a: Crash\n|-singleturn|p2a: Crash|Protect\n|move|p2b: Grim|Pollen Puff|p1b: Aurorus\n|-activate|p1b: Aurorus|move: Protect\n|move|p1a: Goodra|Life Dew||[still]|[spread] p1a,p1b\n|-fail|p1a: Goodra|heal\n|-heal|p1b: Aurorus|68\/100\n|\n|-ability|p2a: Crash|Speed Boost|boost\n|-boost|p2a: Crash|spe|1\n|upkeep\n|turn|5\n|\n|t:|1699407914\n|move|p2a: Crash|Protect||[still]\n|-fail|p2a: Crash\n|move|p1b: Aurorus|Hyper Voice|p2a: Crash|[spread] p2a,p2b\n|-damage|p2a: Crash|0 fnt\n|-damage|p2b: Grim|72\/100\n|faint|p2a: Crash\n|move|p2b: Grim|Pollen Puff|p2: Crash|[notarget]\n|-fail|p2b: Grim\n|move|p1a: Goodra|Substitute|p1a: Goodra\n|-start|p1a: Goodra|Substitute\n|-damage|p1a: Goodra|76\/100\n|\n|-heal|p2b: Grim|78\/100|[from] item: Leftovers\n|-heal|p1a: Goodra|82\/100|[from] item: Leftovers\n|-fieldend|move: Trick Room\n|upkeep\n|-message|Tombstone Ghost forfeited.\n|\n|win|Ch4mpionDiantha\n|raw|Ch4mpionDiantha's rating: 1000 &rarr; <strong>1057<\/strong><br \/>(+57 for winning)\n|raw|Tombstone Ghost's rating: 1155 &rarr; <strong>1120<\/strong><br \/>(-35 for losing)\n|l|\u2606Tombstone Ghost\n","uploadtime":1699407951,"views":5,"p1id":"ch4mpiondiantha","p2id":"tombstoneghost","formatid":"gen9nationaldexdoubles","rating":1057,"private":0,"password":""}