{"id":"gen9nationaldexdoubles-1955829343","p1":"Critian Caceorte","p2":"SludgeHammer71","format":"[Gen 9] National Dex Doubles","log":"|j|\u2606Critian Caceorte\n|j|\u2606SludgeHammer71\n|t:|1696032473\n|gametype|doubles\n|player|p1|Critian Caceorte|1|\n|player|p2|SludgeHammer71|scientistf|\n|teamsize|p1|6\n|teamsize|p2|6\n|gen|9\n|tier|[Gen 9] National Dex Doubles\n|rule|HP Percentage Mod: HP is shown in percentages\n|rule|Endless Battle Clause: Forcing endless battles is banned\n|rule|OHKO Clause: OHKO moves are banned\n|rule|Evasion Moves Clause: Evasion moves are banned\n|rule|Evasion Abilities Clause: Evasion abilities are banned\n|rule|Species Clause: Limit one of each Pok\u00e9mon\n|rule|Gravity Sleep Clause: The combination of sleep-inducing moves with imperfect accuracy and Gravity or Gigantamax Orbeetle are banned\n|clearpoke\n|poke|p1|Toedscruel, F|\n|poke|p1|Gastrodon, M|\n|poke|p1|Garchomp, M|\n|poke|p1|Hippowdon, M|\n|poke|p1|Clodsire, F|\n|poke|p1|Ursaluna-Bloodmoon, M|\n|poke|p2|Baxcalibur, M|\n|poke|p2|Gliscor, M|\n|poke|p2|Volcarona, F|\n|poke|p2|Ninetales-Alola, F|\n|poke|p2|Dragonite, F|\n|poke|p2|Glimmora, F|\n|teampreview\n|\n|t:|1696032489\n|start\n|switch|p1a: Toedscruel|Toedscruel, F|100\/100\n|switch|p1b: Hippowdon|Hippowdon, M|100\/100\n|switch|p2a: Baxcalibur|Baxcalibur, M|100\/100\n|switch|p2b: Ninetales|Ninetales-Alola, F|100\/100\n|-weather|Snow|[from] ability: Snow Warning|[of] p2b: Ninetales\n|-weather|Sandstorm|[from] ability: Sand Stream|[of] p1b: Hippowdon\n|turn|1\n|\n|t:|1696032516\n|switch|p1b: Gastrodon|Gastrodon, M|100\/100\n|move|p2b: Ninetales|Blizzard|p1b: Gastrodon|[spread] p1a\n|-miss|p2b: Ninetales|p1b: Gastrodon\n|-supereffective|p1a: Toedscruel\n|-damage|p1a: Toedscruel|30\/100\n|move|p2a: Baxcalibur|Dragon Dance|p2a: Baxcalibur\n|-boost|p2a: Baxcalibur|atk|1\n|-boost|p2a: Baxcalibur|spe|1\n|move|p1a: Toedscruel|Trick Room|p1a: Toedscruel\n|-fieldstart|move: Trick Room|[of] p1a: Toedscruel\n|\n|-weather|Sandstorm|[upkeep]\n|-damage|p2b: Ninetales|95\/100|[from] Sandstorm\n|-damage|p2a: Baxcalibur|94\/100|[from] Sandstorm\n|upkeep\n|turn|2\n|\n|t:|1696032546\n|switch|p2b: Gliscor|Gliscor, M|100\/100\n|move|p1b: Gastrodon|Clear Smog|p2a: Baxcalibur\n|-damage|p2a: Baxcalibur|79\/100\n|-clearboost|p2a: Baxcalibur\n|move|p2a: Baxcalibur|Icicle Spear|p1a: Toedscruel\n|-supereffective|p1a: Toedscruel\n|-damage|p1a: Toedscruel|0 fnt\n|faint|p1a: Toedscruel\n|-hitcount|p1: Toedscruel|1\n|\n|-weather|Sandstorm|[upkeep]\n|-damage|p2a: Baxcalibur|73\/100|[from] Sandstorm\n|-status|p2b: Gliscor|tox|[from] item: Toxic Orb\n|upkeep\n|\n|t:|1696032559\n|switch|p1a: Clodsire|Clodsire, F|100\/100\n|turn|3\n|\n|t:|1696032574\n|move|p1a: Clodsire|Stealth Rock|p2b: Gliscor\n|-sidestart|p2: SludgeHammer71|move: Stealth Rock\n|move|p1b: Gastrodon|Ice Beam|p2b: Gliscor\n|-supereffective|p2b: Gliscor\n|-damage|p2b: Gliscor|0 fnt\n|faint|p2b: Gliscor\n|move|p2a: Baxcalibur|Icicle Spear|p1a: Clodsire\n|-supereffective|p1a: Clodsire\n|-damage|p1a: Clodsire|64\/100\n|-supereffective|p1a: Clodsire\n|-damage|p1a: Clodsire|30\/100\n|-supereffective|p1a: Clodsire\n|-damage|p1a: Clodsire|0 fnt\n|faint|p1a: Clodsire\n|-hitcount|p1: Clodsire|3\n|\n|-weather|Sandstorm|[upkeep]\n|-damage|p2a: Baxcalibur|67\/100|[from] Sandstorm\n|upkeep\n|\n|t:|1696032595\n|switch|p1a: Ursaluna|Ursaluna-Bloodmoon, M|100\/100\n|switch|p2b: Glimmora|Glimmora, F|100\/100\n|-damage|p2b: Glimmora|88\/100|[from] Stealth Rock\n|-item|p2b: Glimmora|Air Balloon\n|turn|4\n|\n|t:|1696032627\n|move|p1b: Gastrodon|Surf|p2a: Baxcalibur|[spread] p1a,p2a,p2b\n|-supereffective|p1a: Ursaluna\n|-resisted|p2a: Baxcalibur\n|-supereffective|p2b: Glimmora\n|-damage|p1a: Ursaluna|47\/100\n|-damage|p2a: Baxcalibur|51\/100\n|-damage|p2b: Glimmora|39\/100\n|-enditem|p2b: Glimmora|Air Balloon\n|move|p1a: Ursaluna|Body Press|p2a: Baxcalibur\n|-supereffective|p2a: Baxcalibur\n|-damage|p2a: Baxcalibur|0 fnt\n|faint|p2a: Baxcalibur\n|move|p2b: Glimmora|Mortal Spin|p1a: Ursaluna|[spread] p1a,p1b\n|-resisted|p1a: Ursaluna\n|-resisted|p1b: Gastrodon\n|-damage|p1a: Ursaluna|45\/100\n|-damage|p1b: Gastrodon|98\/100\n|-status|p1a: Ursaluna|psn\n|-status|p1b: Gastrodon|psn\n|-sideend|p2: SludgeHammer71|Stealth Rock|[from] move: Mortal Spin|[of] p2b: Glimmora\n|\n|-weather|Sandstorm|[upkeep]\n|-heal|p1b: Gastrodon|100\/100 psn|[from] item: Leftovers\n|-damage|p1b: Gastrodon|88\/100 psn|[from] psn\n|-damage|p1a: Ursaluna|33\/100 psn|[from] psn\n|upkeep\n|\n|t:|1696032654\n|switch|p2a: Ninetales|Ninetales-Alola, F|95\/100\n|-weather|Snow|[from] ability: Snow Warning|[of] p2a: Ninetales\n|turn|5\n|\n|t:|1696032676\n|-terastallize|p2b: Glimmora|Grass\n|move|p1b: Gastrodon|Clear Smog|p2a: Ninetales\n|-supereffective|p2a: Ninetales\n|-damage|p2a: Ninetales|58\/100\n|-clearboost|p2a: Ninetales\n|move|p1a: Ursaluna|Blood Moon|p2a: Ninetales\n|-damage|p2a: Ninetales|0 fnt\n|faint|p2a: Ninetales\n|move|p2b: Glimmora|Energy Ball|p1b: Gastrodon\n|-supereffective|p1b: Gastrodon\n|-damage|p1b: Gastrodon|0 fnt\n|faint|p1b: Gastrodon\n|\n|-weather|Snow|[upkeep]\n|-damage|p1a: Ursaluna|20\/100 psn|[from] psn\n|-fieldend|move: Trick Room\n|upkeep\n|\n|t:|1696032692\n|switch|p2a: Volcarona|Volcarona, F|100\/100\n|switch|p1b: Hippowdon|Hippowdon, M|100\/100\n|-weather|Sandstorm|[from] ability: Sand Stream|[of] p1b: Hippowdon\n|turn|6\n|\n|t:|1696032712\n|-terastallize|p1b: Hippowdon|Ground\n|move|p2a: Volcarona|Quiver Dance|p2a: Volcarona\n|-boost|p2a: Volcarona|spa|1\n|-boost|p2a: Volcarona|spd|1\n|-boost|p2a: Volcarona|spe|1\n|move|p2b: Glimmora|Energy Ball|p1b: Hippowdon\n|-supereffective|p1b: Hippowdon\n|-damage|p1b: Hippowdon|5\/100\n|move|p1a: Ursaluna|Hyper Voice|p2a: Volcarona|[spread] p2a,p2b\n|-damage|p2a: Volcarona|71\/100\n|-damage|p2b: Glimmora|0 fnt\n|faint|p2b: Glimmora\n|move|p1b: Hippowdon|Earthquake|p2a: Volcarona|[spread] p1a,p2a\n|-crit|p2a: Volcarona\n|-damage|p1a: Ursaluna|0 fnt\n|-damage|p2a: Volcarona|0 fnt\n|faint|p1a: Ursaluna\n|faint|p2a: Volcarona\n|\n|-weather|Sandstorm|[upkeep]\n|upkeep\n|\n|t:|1696032736\n|switch|p2a: Dragonite|Dragonite, F|100\/100\n|switch|p1a: Garchomp|Garchomp, M|100\/100\n|turn|7\n|\n|t:|1696032750\n|detailschange|p1a: Garchomp|Garchomp-Mega, M\n|-mega|p1a: Garchomp|Garchomp|Garchompite\n|move|p2a: Dragonite|Dragon Dance|p2a: Dragonite\n|-boost|p2a: Dragonite|atk|1\n|-boost|p2a: Dragonite|spe|1\n|move|p1a: Garchomp|Outrage|p2a: Dragonite\n|-supereffective|p2a: Dragonite\n|-damage|p2a: Dragonite|3\/100\n|-enditem|p2a: Dragonite|Weakness Policy\n|-boost|p2a: Dragonite|atk|2|[from] item: Weakness Policy\n|-boost|p2a: Dragonite|spa|2|[from] item: Weakness Policy\n|move|p1b: Hippowdon|Ice Fang|p2a: Dragonite\n|-supereffective|p2a: Dragonite\n|-damage|p2a: Dragonite|0 fnt\n|faint|p2a: Dragonite\n|\n|win|Critian Caceorte\n|c|\u2606Critian Caceorte|gg\n|l|\u2606SludgeHammer71\n","uploadtime":1696032785,"views":8,"p1id":"critiancaceorte","p2id":"sludgehammer71","formatid":"gen9nationaldexdoubles","rating":0,"private":0,"password":""}