{"id":"gen9nationaldexdoubles-1980085312","p1":"AhiruChan","p2":"lucrencrum25","format":"[Gen 9] National Dex Doubles","log":"|j|\u2606AhiruChan\n|j|\u2606lucrencrum25\n|t:|1698755725\n|gametype|doubles\n|player|p1|AhiruChan|lillie-masters2|\n|player|p2|lucrencrum25|burgh|\n|teamsize|p1|6\n|teamsize|p2|6\n|gen|9\n|tier|[Gen 9] National Dex Doubles\n|rule|HP Percentage Mod: HP is shown in percentages\n|rule|Endless Battle Clause: Forcing endless battles is banned\n|rule|OHKO Clause: OHKO moves are banned\n|rule|Evasion Moves Clause: Evasion moves are banned\n|rule|Evasion Abilities Clause: Evasion abilities are banned\n|rule|Species Clause: Limit one of each Pok\u00e9mon\n|rule|Gravity Sleep Clause: The combination of sleep-inducing moves with imperfect accuracy and Gravity or Gigantamax Orbeetle are banned\n|clearpoke\n|poke|p1|Scizor, M|\n|poke|p1|Sneasler, F|\n|poke|p1|Tapu Koko|\n|poke|p1|Meowscarada, F|\n|poke|p1|Iron Valiant|\n|poke|p1|Raichu-Alola, M|\n|poke|p2|Sirfetch\u2019d, F|\n|poke|p2|Lilligant-Hisui, F|\n|poke|p2|Sneasler, F|\n|poke|p2|Conkeldurr, F|\n|poke|p2|Heracross, F|\n|poke|p2|Great Tusk|\n|teampreview\n|c|\u2606AhiruChan|glhf\n|c|\u2606lucrencrum25|nice team\n|c|\u2606lucrencrum25|u2\n|c|\u2606AhiruChan|u2\n|\n|t:|1698755746\n|start\n|switch|p1a: Tapu Koko|Tapu Koko|100\/100\n|switch|p1b: Meowscarada|Meowscarada, F|100\/100\n|switch|p2a: Lilligant|Lilligant-Hisui, F, shiny|100\/100\n|switch|p2b: Great Tusk|Great Tusk|100\/100\n|-fieldstart|move: Electric Terrain|[from] ability: Electric Surge|[of] p1a: Tapu Koko\n|-enditem|p2b: Great Tusk|Booster Energy\n|-activate|p2b: Great Tusk|ability: Protosynthesis|[fromitem]\n|-start|p2b: Great Tusk|protosynthesisatk\n|turn|1\n|\n|t:|1698755757\n|move|p1b: Meowscarada|Flower Trick|p2b: Great Tusk\n|-start|p1b: Meowscarada|typechange|Grass|[from] ability: Protean\n|-supereffective|p2b: Great Tusk\n|-crit|p2b: Great Tusk\n|-damage|p2b: Great Tusk|33\/100\n|move|p1a: Tapu Koko|Reflect|p1a: Tapu Koko\n|-sidestart|p1: AhiruChan|Reflect\n|move|p2a: Lilligant|Sunny Day|p2a: Lilligant\n|-weather|SunnyDay\n|move|p2b: Great Tusk|Ice Spinner|p1b: Meowscarada\n|-supereffective|p1b: Meowscarada\n|-damage|p1b: Meowscarada|23\/100\n|-fieldend|move: Electric Terrain\n|\n|-weather|SunnyDay|[upkeep]\n|upkeep\n|turn|2\n|\n|t:|1698755793\n|move|p2a: Lilligant|Ice Spinner|p1b: Meowscarada\n|-supereffective|p1b: Meowscarada\n|-damage|p1b: Meowscarada|0 fnt\n|faint|p1b: Meowscarada\n|move|p1a: Tapu Koko|Volt Switch|p2a: Lilligant\n|-resisted|p2a: Lilligant\n|-damage|p2a: Lilligant|82\/100\n|\n|t:|1698755806\n|switch|p1a: Sneasler|Sneasler, F|100\/100|[from] Volt Switch\n|move|p2b: Great Tusk|Headlong Rush|p1a: Sneasler\n|-supereffective|p1a: Sneasler\n|-damage|p1a: Sneasler|0 fnt\n|-unboost|p2b: Great Tusk|def|1\n|-unboost|p2b: Great Tusk|spd|1\n|faint|p1a: Sneasler\n|\n|-weather|SunnyDay|[upkeep]\n|upkeep\n|c|\u2606lucrencrum25|chlorophyll is great\n|\n|t:|1698755811\n|switch|p1b: Raichu|Raichu-Alola, M|100\/100\n|switch|p1a: Tapu Koko|Tapu Koko|100\/100\n|-fieldstart|move: Electric Terrain|[from] ability: Electric Surge|[of] p1a: Tapu Koko\n|turn|3\n|\n|t:|1698755838\n|switch|p1a: Iron Valiant|Iron Valiant|100\/100\n|-activate|p1a: Iron Valiant|ability: Quark Drive\n|-start|p1a: Iron Valiant|quarkdrivespe\n|move|p1b: Raichu|Rising Voltage|p2a: Lilligant\n|-hint|Rising Voltage's BP doubled on grounded target.\n|-resisted|p2a: Lilligant\n|-damage|p2a: Lilligant|13\/100\n|move|p2a: Lilligant|Ice Spinner|p1b: Raichu\n|-damage|p1b: Raichu|59\/100\n|-fieldend|move: Electric Terrain\n|-end|p1a: Iron Valiant|Quark Drive\n|move|p2b: Great Tusk|Headlong Rush|p1a: Iron Valiant\n|-damage|p1a: Iron Valiant|18\/100\n|-unboost|p2b: Great Tusk|def|1\n|-unboost|p2b: Great Tusk|spd|1\n|\n|-weather|SunnyDay|[upkeep]\n|upkeep\n|turn|4\n|\n|t:|1698755866\n|switch|p1b: Tapu Koko|Tapu Koko|100\/100\n|-fieldstart|move: Electric Terrain|[from] ability: Electric Surge|[of] p1b: Tapu Koko\n|-activate|p1a: Iron Valiant|ability: Quark Drive\n|-start|p1a: Iron Valiant|quarkdrivespe\n|move|p2a: Lilligant|Ice Spinner|p1a: Iron Valiant\n|-damage|p1a: Iron Valiant|0 fnt\n|-fieldend|move: Electric Terrain\n|faint|p1a: Iron Valiant\n|-end|p1a: Iron Valiant|Quark Drive|[silent]\n|move|p2b: Great Tusk|Headlong Rush|p1b: Tapu Koko\n|-supereffective|p1b: Tapu Koko\n|-damage|p1b: Tapu Koko|0 fnt\n|-unboost|p2b: Great Tusk|def|1\n|-unboost|p2b: Great Tusk|spd|1\n|faint|p1b: Tapu Koko\n|\n|-weather|SunnyDay|[upkeep]\n|upkeep\n|c|\u2606AhiruChan|i screw up hard @@\n|c|\u2606lucrencrum25|rip\n|\n|t:|1698755878\n|switch|p1b: Scizor|Scizor, M|100\/100\n|switch|p1a: Raichu|Raichu-Alola, M|59\/100\n|turn|5\n|c|\u2606lucrencrum25|will this be my first win?\n|c|\u2606AhiruChan|maybe\n|c|\u2606lucrencrum25|or will I be swept by the thing I always see in nat dex mono?\n|\n|t:|1698755918\n|detailschange|p1b: Scizor|Scizor-Mega, M\n|-mega|p1b: Scizor|Scizor|Scizorite\n|move|p1a: Raichu|Fake Out|p2b: Great Tusk\n|-damage|p2b: Great Tusk|16\/100\n|move|p1b: Scizor|Bullet Punch|p2a: Lilligant\n|-damage|p2a: Lilligant|0 fnt\n|faint|p2a: Lilligant\n|cant|p2b: Great Tusk|flinch\n|\n|-weather|none\n|upkeep\n|\n|t:|1698755926\n|switch|p2a: Conkeldurr|Conkeldurr, F, shiny|100\/100\n|turn|6\n|\n|t:|1698755934\n|move|p2a: Conkeldurr|Protect|p2a: Conkeldurr\n|-singleturn|p2a: Conkeldurr|Protect\n|move|p1b: Scizor|Bullet Punch|p2b: Great Tusk\n|-damage|p2b: Great Tusk|0 fnt\n|faint|p2b: Great Tusk\n|-end|p2b: Great Tusk|Protosynthesis|[silent]\n|move|p1a: Raichu|Psyshock|p2a: Conkeldurr\n|-activate|p2a: Conkeldurr|move: Protect\n|\n|-status|p2a: Conkeldurr|brn|[from] item: Flame Orb\n|upkeep\n|c|\u2606lucrencrum25|oh well\n|c|\u2606lucrencrum25|great tusk did it's job\n|c|\u2606lucrencrum25|aka 2\/3 of your team\n|\n|t:|1698755961\n|switch|p2b: Sir Duck|Sirfetch\u2019d, F, shiny|100\/100\n|turn|7\n|\n|t:|1698755979\n|-terastallize|p2a: Conkeldurr|Fighting\n|move|p2b: Sir Duck|First Impression|p1a: Raichu\n|-supereffective|p1a: Raichu\n|-crit|p1a: Raichu\n|-damage|p1a: Raichu|0 fnt\n|faint|p1a: Raichu\n|move|p2a: Conkeldurr|Mach Punch|p1b: Scizor\n|-damage|p1b: Scizor|77\/100\n|move|p1b: Scizor|X-Scissor|p2a: Conkeldurr\n|-resisted|p2a: Conkeldurr\n|-damage|p2a: Conkeldurr|76\/100 brn\n|\n|-damage|p2a: Conkeldurr|70\/100 brn|[from] brn\n|upkeep\n|turn|8\n|\n|t:|1698755990\n|move|p1b: Scizor|Swords Dance|p1b: Scizor\n|-boost|p1b: Scizor|atk|2\n|move|p2b: Sir Duck|Focus Energy|p2b: Sir Duck\n|-start|p2b: Sir Duck|move: Focus Energy\n|move|p2a: Conkeldurr|Drain Punch|p1b: Scizor\n|-damage|p1b: Scizor|31\/100\n|-heal|p2a: Conkeldurr|92\/100 brn|[from] drain|[of] p1b: Scizor\n|\n|-damage|p2a: Conkeldurr|86\/100 brn|[from] brn\n|-sideend|p1: AhiruChan|Reflect\n|upkeep\n|turn|9\n|c|\u2606AhiruChan|gg\n|c|\u2606lucrencrum25|that did... a lot\n|c|\u2606lucrencrum25|gg\n|\n|t:|1698756005\n|move|p1b: Scizor|Bullet Punch|p2a: Conkeldurr\n|-damage|p2a: Conkeldurr|4\/100 brn\n|move|p2b: Sir Duck|Meteor Assault|p1b: Scizor\n|-crit|p1b: Scizor\n|-damage|p1b: Scizor|0 fnt\n|-mustrecharge|p2b: Sir Duck\n|faint|p1b: Scizor\n|\n|win|lucrencrum25\n|c|\u2606AhiruChan|my win con ruined by me\n","uploadtime":1698756014,"views":21,"p1id":"ahiruchan","p2id":"lucrencrum25","formatid":"gen9nationaldexdoubles","rating":0,"private":0,"password":""}