{"id":"gen9nationaldexdoubles-1971252267","p1":"Lattev2exe_6666","p2":"ElectroShibe","format":"[Gen 9] National Dex Doubles","log":"|j|\u2606Lattev2exe_6666\n|j|\u2606ElectroShibe\n|t:|1697723846\n|gametype|doubles\n|player|p1|Lattev2exe_6666|will|1064\n|player|p2|ElectroShibe|266|1267\n|teamsize|p1|6\n|teamsize|p2|6\n|gen|9\n|tier|[Gen 9] National Dex Doubles\n|rated|\n|rule|HP Percentage Mod: HP is shown in percentages\n|rule|Endless Battle Clause: Forcing endless battles is banned\n|rule|OHKO Clause: OHKO moves are banned\n|rule|Evasion Moves Clause: Evasion moves are banned\n|rule|Evasion Abilities Clause: Evasion abilities are banned\n|rule|Species Clause: Limit one of each Pok\u00e9mon\n|rule|Gravity Sleep Clause: The combination of sleep-inducing moves with imperfect accuracy and Gravity or Gigantamax Orbeetle are banned\n|clearpoke\n|poke|p1|Rapidash, F|\n|poke|p1|Crawdaunt, M|\n|poke|p1|Leavanny, M|\n|poke|p1|Braviary-Hisui, M|\n|poke|p1|Manectric, M|\n|poke|p1|Baxcalibur, M|\n|poke|p2|Ninetales, M|\n|poke|p2|Ceruledge, F|\n|poke|p2|Arcanine-Hisui, F|\n|poke|p2|Eevee, F|\n|poke|p2|Amoonguss, M|\n|poke|p2|Victini|\n|teampreview\n|\n|t:|1697723886\n|start\n|switch|p1a: Rapidash|Rapidash, F|100\/100\n|switch|p1b: Leavanny|Leavanny, M|100\/100\n|switch|p2a: Eevee|Eevee, F, shiny|100\/100\n|switch|p2b: Amoonguss|Amoonguss, M|100\/100\n|turn|1\n|\n|t:|1697723902\n|move|p2b: Amoonguss|Rage Powder|p2b: Amoonguss\n|-singleturn|p2b: Amoonguss|move: Rage Powder\n|move|p1a: Rapidash|Flare Blitz|p2b: Amoonguss\n|-supereffective|p2b: Amoonguss\n|-damage|p2b: Amoonguss|0 fnt\n|faint|p2b: Amoonguss\n|-damage|p1a: Rapidash|48\/100|[from] Recoil\n|-damage|p1a: Rapidash|38\/100|[from] item: Life Orb\n|move|p1b: Leavanny|Bug Bite|p2a: Eevee\n|-damage|p2a: Eevee|51\/100\n|-zpower|p2a: Eevee\n|move|p2a: Eevee|Extreme Evoboost|p2a: Eevee\n|-boost|p2a: Eevee|atk|2\n|-boost|p2a: Eevee|def|2\n|-boost|p2a: Eevee|spa|2\n|-boost|p2a: Eevee|spd|2\n|-boost|p2a: Eevee|spe|2\n|\n|upkeep\n|\n|t:|1697723913\n|switch|p2b: Ninetales|Ninetales, M|100\/100\n|-weather|SunnyDay|[from] ability: Drought|[of] p2b: Ninetales\n|turn|2\n|\n|t:|1697723925\n|switch|p2b: Ceruledge|Ceruledge, F|100\/100\n|move|p1b: Leavanny|Leaf Blade|p2a: Eevee\n|-damage|p2a: Eevee|14\/100\n|move|p2a: Eevee|Baton Pass|p2a: Eevee\n|\n|t:|1697723928\n|switch|p2a: Victini|Victini|100\/100|[from] Baton Pass\n|move|p1a: Rapidash|High Horsepower|p2b: Ceruledge\n|-supereffective|p2b: Ceruledge\n|-damage|p2b: Ceruledge|0 fnt\n|faint|p2b: Ceruledge\n|-damage|p1a: Rapidash|28\/100|[from] item: Life Orb\n|\n|-weather|SunnyDay|[upkeep]\n|upkeep\n|\n|t:|1697723931\n|switch|p2b: Arcanine|Arcanine-Hisui, F|100\/100\n|turn|3\n|\n|t:|1697723945\n|move|p2a: Victini|Searing Shot|p1a: Rapidash|[spread] p2b,p1b\n|-start|p1a: Rapidash|ability: Flash Fire\n|-resisted|p2b: Arcanine\n|-supereffective|p1b: Leavanny\n|-damage|p2b: Arcanine|82\/100\n|-damage|p1b: Leavanny|0 fnt\n|faint|p1b: Leavanny\n|move|p1a: Rapidash|High Horsepower|p2b: Arcanine\n|-supereffective|p2b: Arcanine\n|-damage|p2b: Arcanine|0 fnt\n|faint|p2b: Arcanine\n|-damage|p1a: Rapidash|18\/100|[from] item: Life Orb\n|\n|-weather|SunnyDay|[upkeep]\n|upkeep\n|\n|t:|1697723956\n|switch|p1b: Crawdaunt|Crawdaunt, M|100\/100\n|switch|p2b: Ninetales|Ninetales, M|100\/100\n|turn|4\n|\n|t:|1697723973\n|move|p2a: Victini|Dazzling Gleam|p1b: Crawdaunt|[spread] p1a,p1b\n|-resisted|p1a: Rapidash\n|-supereffective|p1b: Crawdaunt\n|-damage|p1a: Rapidash|0 fnt\n|-damage|p1b: Crawdaunt|0 fnt\n|faint|p1a: Rapidash\n|faint|p1b: Crawdaunt\n|move|p2b: Ninetales|Will-O-Wisp|p1: Rapidash|[notarget]\n|-fail|p2b: Ninetales\n|\n|-weather|SunnyDay|[upkeep]\n|upkeep\n|\n|t:|1697723981\n|switch|p1a: Manectric|Manectric, M|100\/100\n|switch|p1b: Braviary|Braviary-Hisui, M|100\/100\n|turn|5\n|\n|t:|1697723997\n|move|p2a: Victini|Searing Shot|p1b: Braviary|[spread] p2b,p1a,p1b\n|-resisted|p2b: Ninetales\n|-damage|p2b: Ninetales|42\/100\n|-damage|p1a: Manectric|0 fnt\n|-damage|p1b: Braviary|0 fnt\n|faint|p1a: Manectric\n|faint|p1b: Braviary\n|move|p2b: Ninetales|Heat Wave|p1: Manectric|[notarget]\n|-fail|p2b: Ninetales\n|\n|-weather|SunnyDay|[upkeep]\n|upkeep\n|\n|t:|1697724021\n|switch|p1a: Baxcalibur|Baxcalibur, M|100\/100\n|turn|6\n|-message|Lattev2exe_6666 forfeited.\n|\n|win|ElectroShibe\n|raw|Lattev2exe_6666's rating: 1064 &rarr; <strong>1055<\/strong><br \/>(-9 for losing)\n|raw|ElectroShibe's rating: 1267 &rarr; <strong>1279<\/strong><br \/>(+12 for winning)\n|l|\u2606Lattev2exe_6666\n","uploadtime":1697724038,"views":10,"p1id":"lattev2exe6666","p2id":"electroshibe","formatid":"gen9nationaldexdoubles","rating":1055,"private":0,"password":""}