{"id":"gen9nationaldexdoubles-1994553919","p1":"Eliminathan","p2":"Dylanpika99","format":"[Gen 9] National Dex Doubles","log":"|j|\u2606Eliminathan\n|j|\u2606Dylanpika99\n|t:|1700458886\n|gametype|doubles\n|player|p1|Eliminathan|schoolkid-gen4|\n|player|p2|Dylanpika99|caitlin|\n|teamsize|p1|6\n|teamsize|p2|6\n|gen|9\n|tier|[Gen 9] National Dex Doubles\n|rule|HP Percentage Mod: HP is shown in percentages\n|rule|Endless Battle Clause: Forcing endless battles is banned\n|rule|OHKO Clause: OHKO moves are banned\n|rule|Evasion Moves Clause: Evasion moves are banned\n|rule|Evasion Abilities Clause: Evasion abilities are banned\n|rule|Species Clause: Limit one of each Pok\u00e9mon\n|rule|Gravity Sleep Clause: The combination of sleep-inducing moves with imperfect accuracy and Gravity or Gigantamax Orbeetle are banned\n|clearpoke\n|poke|p1|Zygarde|\n|poke|p1|Zamazenta-*|\n|poke|p1|Jirachi|\n|poke|p1|Kangaskhan, F|\n|poke|p1|Glimmora, M|\n|poke|p1|Iron Hands|\n|poke|p2|Ogerpon-Cornerstone, F|\n|poke|p2|Sinistcha-Masterpiece|\n|poke|p2|Incineroar, F|\n|poke|p2|Salamence, M|\n|poke|p2|Tapu Fini|\n|poke|p2|Jirachi|\n|teampreview\n|\n|t:|1700458983\n|start\n|switch|p1a: FIX THE PROBLEM!|Jirachi|100\/100\n|switch|p1b: Watch out|Iron Hands|100\/100\n|switch|p2a: Tapu Fini|Tapu Fini|100\/100\n|switch|p2b: Sinistcha|Sinistcha-Masterpiece|100\/100\n|-fieldstart|move: Misty Terrain|[from] ability: Misty Surge|[of] p2a: Tapu Fini\n|turn|1\n|\n|t:|1700459023\n|move|p2a: Tapu Fini|Protect|p2a: Tapu Fini\n|-singleturn|p2a: Tapu Fini|Protect\n|move|p1b: Watch out|Fake Out|p2a: Tapu Fini\n|-activate|p2a: Tapu Fini|move: Protect\n|move|p1a: FIX THE PROBLEM!|Iron Head|p2b: Sinistcha\n|-damage|p2b: Sinistcha|78\/100\n|-damage|p1a: FIX THE PROBLEM!|84\/100|[from] item: Rocky Helmet|[of] p2b: Sinistcha\n|cant|p2b: Sinistcha|flinch\n|\n|-heal|p1a: FIX THE PROBLEM!|90\/100|[from] item: Leftovers\n|upkeep\n|turn|2\n|\n|t:|1700459039\n|move|p2b: Sinistcha|Rage Powder|p2b: Sinistcha\n|-singleturn|p2b: Sinistcha|move: Rage Powder\n|move|p1a: FIX THE PROBLEM!|Iron Head|p2b: Sinistcha\n|-damage|p2b: Sinistcha|54\/100\n|-damage|p1a: FIX THE PROBLEM!|74\/100|[from] item: Rocky Helmet|[of] p2b: Sinistcha\n|-zpower|p2a: Tapu Fini\n|move|p2a: Tapu Fini|Hydro Vortex|p1a: FIX THE PROBLEM!|[zeffect]\n|-damage|p1a: FIX THE PROBLEM!|20\/100\n|move|p1b: Watch out|Wild Charge|p2b: Sinistcha\n|-resisted|p2b: Sinistcha\n|-damage|p2b: Sinistcha|37\/100\n|-damage|p1b: Watch out|84\/100|[from] item: Rocky Helmet|[of] p2b: Sinistcha\n|-damage|p1b: Watch out|81\/100|[from] Recoil\n|\n|-heal|p1a: FIX THE PROBLEM!|26\/100|[from] item: Leftovers\n|upkeep\n|turn|3\n|\n|t:|1700459055\n|move|p2b: Sinistcha|Rage Powder|p2b: Sinistcha\n|-singleturn|p2b: Sinistcha|move: Rage Powder\n|move|p1a: FIX THE PROBLEM!|Iron Head|p2b: Sinistcha\n|-damage|p2b: Sinistcha|14\/100\n|-damage|p1a: FIX THE PROBLEM!|10\/100|[from] item: Rocky Helmet|[of] p2b: Sinistcha\n|move|p2a: Tapu Fini|Muddy Water|p1a: FIX THE PROBLEM!|[spread] p1a,p1b\n|-damage|p1a: FIX THE PROBLEM!|0 fnt\n|-damage|p1b: Watch out|67\/100\n|faint|p1a: FIX THE PROBLEM!\n|move|p1b: Watch out|Wild Charge|p2b: Sinistcha\n|-resisted|p2b: Sinistcha\n|-damage|p2b: Sinistcha|0 fnt\n|-damage|p1b: Watch out|51\/100|[from] item: Rocky Helmet|[of] p2b: Sinistcha\n|faint|p2b: Sinistcha\n|-damage|p1b: Watch out|48\/100|[from] Recoil\n|\n|upkeep\n|\n|t:|1700459103\n|switch|p1a: pointy|Glimmora, M|100\/100\n|switch|p2b: Jirachi|Jirachi|100\/100\n|turn|4\n|\n|t:|1700459135\n|move|p2b: Jirachi|Zen Headbutt|p1b: Watch out\n|-supereffective|p1b: Watch out\n|-damage|p1b: Watch out|8\/100\n|move|p1a: pointy|Earth Power|p2b: Jirachi\n|-supereffective|p2b: Jirachi\n|-damage|p2b: Jirachi|37\/100\n|-enditem|p2b: Jirachi|Sitrus Berry|[eat]\n|-heal|p2b: Jirachi|62\/100|[from] item: Sitrus Berry\n|move|p2a: Tapu Fini|Muddy Water|p1a: pointy|[spread] p1a,p1b\n|-supereffective|p1a: pointy\n|-damage|p1a: pointy|12\/100\n|-damage|p1b: Watch out|0 fnt\n|faint|p1b: Watch out\n|-end|p1b: Watch out|Quark Drive|[silent]\n|\n|upkeep\n|\n|t:|1700459145\n|switch|p1b: Ginkle|Zygarde|100\/100\n|-ability|p1b: Ginkle|Aura Break\n|turn|5\n|\n|t:|1700459169\n|move|p2b: Jirachi|Protect|p2b: Jirachi\n|-singleturn|p2b: Jirachi|Protect\n|move|p1b: Ginkle|Protect|p1b: Ginkle\n|-singleturn|p1b: Ginkle|Protect\n|move|p1a: pointy|Sludge Bomb|p2a: Tapu Fini\n|-supereffective|p2a: Tapu Fini\n|-damage|p2a: Tapu Fini|24\/100\n|move|p2a: Tapu Fini|Moonblast|p1b: Ginkle\n|-activate|p1b: Ginkle|move: Protect\n|\n|-fieldend|Misty Terrain\n|upkeep\n|turn|6\n|\n|t:|1700459282\n|switch|p2b: Salamence|Salamence, M|100\/100\n|-ability|p2b: Salamence|Intimidate|boost\n|-unboost|p1a: pointy|atk|1\n|-fail|p1b: Ginkle|unboost|[from] item: Clear Amulet|[of] p1b: Ginkle\n|move|p1a: pointy|Sludge Bomb|p2a: Tapu Fini\n|-supereffective|p2a: Tapu Fini\n|-damage|p2a: Tapu Fini|0 fnt\n|faint|p2a: Tapu Fini\n|move|p1b: Ginkle|Thousand Arrows|p2b: Salamence\n|-damage|p2b: Salamence|47\/100\n|-start|p2b: Salamence|Smack Down\n|\n|upkeep\n|\n|t:|1700459310\n|switch|p2a: her|Ogerpon-Cornerstone, F|100\/100\n|turn|7\n|\n|t:|1700459343\n|detailschange|p2b: Salamence|Salamence-Mega, M\n|-mega|p2b: Salamence|Salamence|Salamencite\n|move|p1b: Ginkle|Protect|p1b: Ginkle\n|-singleturn|p1b: Ginkle|Protect\n|move|p2a: her|Ivy Cudgel|p1a: pointy|[anim] Ivy Cudgel Rock\n|-damage|p1a: pointy|0 fnt\n|-activate|p1a: pointy|ability: Toxic Debris\n|-sidestart|p2: Dylanpika99|move: Toxic Spikes\n|faint|p1a: pointy\n|move|p2b: Salamence|Tailwind|p2b: Salamence\n|-sidestart|p2: Dylanpika99|move: Tailwind\n|\n|upkeep\n|\n|t:|1700459356\n|switch|p1a: momma|Kangaskhan, F|100\/100\n|turn|8\n|\n|t:|1700459380\n|switch|p2b: Jirachi|Jirachi|62\/100\n|detailschange|p1a: momma|Kangaskhan-Mega, F\n|-mega|p1a: momma|Kangaskhan|Kangaskhanite\n|move|p2a: her|Spiky Shield|p2a: her\n|-singleturn|p2a: her|move: Protect\n|move|p1a: momma|Fake Out|p2b: Jirachi\n|-resisted|p2b: Jirachi\n|-damage|p2b: Jirachi|55\/100\n|-resisted|p2b: Jirachi\n|-damage|p2b: Jirachi|53\/100\n|-hitcount|p2b: Jirachi|2\n|move|p1b: Ginkle|Thousand Arrows|p2a: her|[spread] p2b\n|-activate|p2a: her|move: Protect\n|-supereffective|p2b: Jirachi\n|-damage|p2b: Jirachi|0 fnt\n|faint|p2b: Jirachi\n|\n|upkeep\n|\n|t:|1700459394\n|switch|p2b: Salamence|Salamence-Mega, M|47\/100\n|turn|9\n|\n|t:|1700459428\n|-terastallize|p2a: her|Rock\n|detailschange|p2a: her|Ogerpon-Cornerstone-Tera, F, tera:Rock\n|-ability|p2a: her|Embody Aspect (Cornerstone)|boost\n|-boost|p2a: her|def|1\n|move|p1a: momma|Sucker Punch|p2a: her\n|-damage|p2a: her|83\/100\n|-damage|p2a: her|79\/100\n|-hitcount|p2a: her|2\n|move|p2a: her|Ivy Cudgel|p1a: momma|[anim] Ivy Cudgel Rock\n|-damage|p1a: momma|37\/100\n|move|p2b: Salamence|Dragon Claw|p1b: Ginkle\n|-supereffective|p1b: Ginkle\n|-damage|p1b: Ginkle|28\/100\n|move|p1b: Ginkle|Thousand Arrows|p2b: Salamence|[spread] p2a,p2b\n|-supereffective|p2a: her\n|-crit|p2a: her\n|-damage|p2a: her|0 fnt\n|-damage|p2b: Salamence|23\/100\n|-start|p2b: Salamence|Smack Down\n|faint|p2a: her\n|\n|upkeep\n|c|\u2606Dylanpika99|no way\n|\n|t:|1700459448\n|switch|p2a: Incineroar|Incineroar, F|100\/100\n|-status|p2a: Incineroar|psn\n|-ability|p2a: Incineroar|Intimidate|boost\n|-unboost|p1a: momma|atk|1\n|-fail|p1b: Ginkle|unboost|[from] item: Clear Amulet|[of] p1b: Ginkle\n|turn|10\n|\n|t:|1700459486\n|move|p1a: momma|Protect|p1a: momma\n|-singleturn|p1a: momma|Protect\n|move|p1b: Ginkle|Protect|p1b: Ginkle\n|-singleturn|p1b: Ginkle|Protect\n|move|p2b: Salamence|Dragon Dance|p2b: Salamence\n|-boost|p2b: Salamence|atk|1\n|-boost|p2b: Salamence|spe|1\n|move|p2a: Incineroar|Flare Blitz|p1a: momma\n|-activate|p1a: momma|move: Protect\n|\n|-damage|p2a: Incineroar|88\/100 psn|[from] psn\n|-sideend|p2: Dylanpika99|move: Tailwind\n|upkeep\n|turn|11\n|\n|t:|1700459515\n|move|p1b: Ginkle|Extreme Speed|p2b: Salamence\n|-damage|p2b: Salamence|2\/100\n|move|p2b: Salamence|Return|p1b: Ginkle\n|-damage|p1b: Ginkle|0 fnt\n|faint|p1b: Ginkle\n|move|p1a: momma|Seismic Toss|p2a: Incineroar\n|-damage|p2a: Incineroar|63\/100 psn\n|-damage|p2a: Incineroar|37\/100 psn\n|-hitcount|p2a: Incineroar|2\n|move|p2a: Incineroar|Flare Blitz|p1a: momma\n|-damage|p1a: momma|1\/100\n|-damage|p2a: Incineroar|24\/100 psn|[from] Recoil\n|\n|-damage|p2a: Incineroar|12\/100 psn|[from] psn\n|upkeep\n|\n|t:|1700459526\n|switch|p1b: Spanky|Zamazenta|100\/100\n|-ability|p1b: Spanky|Dauntless Shield|boost\n|-boost|p1b: Spanky|def|1\n|turn|12\n|c|\u2606Eliminathan|no way\n|c|\u2606Dylanpika99|wait\n|\n|t:|1700459542\n|move|p1a: momma|Sucker Punch|p2b: Salamence\n|-damage|p2b: Salamence|0 fnt\n|faint|p2b: Salamence\n|-hitcount|p2: Salamence|1\n|move|p1b: Spanky|Body Press|p2a: Incineroar\n|-supereffective|p2a: Incineroar\n|-damage|p2a: Incineroar|0 fnt\n|faint|p2a: Incineroar\n|\n|win|Eliminathan\n|c|\u2606Eliminathan|gg\n|c|\u2606Dylanpika99|nvm\n|c|\u2606Dylanpika99|gg\n","uploadtime":1700459551,"views":12,"p1id":"eliminathan","p2id":"dylanpika99","formatid":"gen9nationaldexdoubles","rating":0,"private":0,"password":""}