{"id":"gen9nationaldexdoubles-1956296531","p1":"german_mg53","p2":"harvestmarc","format":"[Gen 9] National Dex Doubles","log":"|j|\u2606german_mg53\n|j|\u2606harvestmarc\n|t:|1696094141\n|gametype|doubles\n|player|p1|german_mg53|saturn|\n|player|p2|harvestmarc|caitlin|\n|teamsize|p1|6\n|teamsize|p2|6\n|gen|9\n|tier|[Gen 9] National Dex Doubles\n|rule|HP Percentage Mod: HP is shown in percentages\n|rule|Endless Battle Clause: Forcing endless battles is banned\n|rule|OHKO Clause: OHKO moves are banned\n|rule|Evasion Moves Clause: Evasion moves are banned\n|rule|Evasion Abilities Clause: Evasion abilities are banned\n|rule|Species Clause: Limit one of each Pok\u00e9mon\n|rule|Gravity Sleep Clause: The combination of sleep-inducing moves with imperfect accuracy and Gravity or Gigantamax Orbeetle are banned\n|clearpoke\n|poke|p1|Flygon, F|\n|poke|p1|Eelektross, F|\n|poke|p1|Orthworm, M|\n|poke|p1|Lilligant-Hisui, F|\n|poke|p1|Charizard, F|\n|poke|p1|Pachirisu, F|\n|poke|p2|Lilligant-Hisui, F|\n|poke|p2|Indeedee-F, F|\n|poke|p2|Torkoal, M|\n|poke|p2|Hatterene, F|\n|poke|p2|Armarouge, F|\n|poke|p2|Ursaluna, F|\n|teampreview\n|\n|t:|1696094151\n|start\n|switch|p1a: longaniza|Charizard, F|100\/100\n|switch|p1b: bailonga|Lilligant-Hisui, F|100\/100\n|switch|p2a: Manierista|Indeedee-F, F, shiny|100\/100\n|switch|p2b: Expresionismo|Armarouge, F|100\/100\n|-fieldstart|move: Psychic Terrain|[from] ability: Psychic Surge|[of] p2a: Manierista\n|turn|1\n|j| PJewe\n|\n|t:|1696094176\n|detailschange|p1a: longaniza|Charizard-Mega-Y, F\n|-mega|p1a: longaniza|Charizard|Charizardite Y\n|-weather|SunnyDay|[from] ability: Drought|[of] p1a: longaniza\n|move|p1b: bailonga|Ice Spinner|p2b: Expresionismo\n|-resisted|p2b: Expresionismo\n|-damage|p2b: Expresionismo|89\/100\n|-fieldend|move: Psychic Terrain\n|move|p1a: longaniza|Ancient Power|p2b: Expresionismo\n|-supereffective|p2b: Expresionismo\n|-crit|p2b: Expresionismo\n|-damage|p2b: Expresionismo|9\/100\n|move|p2b: Expresionismo|Expanding Force|p1a: longaniza\n|-damage|p1a: longaniza|44\/100\n|move|p2a: Manierista|Trick Room|p2a: Manierista\n|-fieldstart|move: Trick Room|[of] p2a: Manierista\n|\n|-weather|SunnyDay|[upkeep]\n|upkeep\n|turn|2\n|\n|t:|1696094197\n|switch|p1a: arantxa|Flygon, F|100\/100\n|switch|p1b: radiolo|Eelektross, F|100\/100\n|move|p2a: Manierista|Helping Hand|p2b: Expresionismo\n|-singleturn|p2b: Expresionismo|Helping Hand|[of] p2a: Manierista\n|move|p2b: Expresionismo|Expanding Force|p1b: radiolo\n|-damage|p1b: radiolo|56\/100\n|\n|-weather|SunnyDay|[upkeep]\n|upkeep\n|turn|3\n|j| VenusTatas\n|\n|t:|1696094219\n|switch|p1b: bailonga|Lilligant-Hisui, F|100\/100\n|move|p2b: Expresionismo|Wide Guard|p2b: Expresionismo\n|-singleturn|p2b: Expresionismo|Wide Guard\n|move|p1a: arantxa|Quick Attack|p2b: Expresionismo\n|-damage|p2b: Expresionismo|0 fnt\n|faint|p2b: Expresionismo\n|-damage|p1a: arantxa|91\/100|[from] item: Life Orb\n|move|p2a: Manierista|Dazzling Gleam|p1a: arantxa|[spread] p1a,p1b\n|-supereffective|p1a: arantxa\n|-supereffective|p1b: bailonga\n|-damage|p1a: arantxa|61\/100\n|-damage|p1b: bailonga|61\/100\n|\n|-weather|SunnyDay|[upkeep]\n|-heal|p1b: bailonga|67\/100|[from] item: Leftovers\n|upkeep\n|\n|t:|1696094232\n|switch|p2b: Rococ\u00f3|Hatterene, F, shiny|100\/100\n|turn|4\n|\n|t:|1696094245\n|switch|p1a: radiolo|Eelektross, F|56\/100\n|move|p2b: Rococ\u00f3|Dazzling Gleam|p1a: radiolo|[spread] p1a,p1b\n|-supereffective|p1b: bailonga\n|-damage|p1a: radiolo|33\/100\n|-damage|p1b: bailonga|0 fnt\n|faint|p1b: bailonga\n|-damage|p2b: Rococ\u00f3|91\/100|[from] item: Life Orb\n|move|p2a: Manierista|Dazzling Gleam|p1a: radiolo\n|-damage|p1a: radiolo|24\/100\n|\n|-weather|SunnyDay|[upkeep]\n|upkeep\n|\n|t:|1696094260\n|switch|p1b: sorpresiva|Orthworm, M|100\/100\n|turn|5\n|\n|t:|1696094283\n|switch|p1a: mar|Pachirisu, F|100\/100\n|switch|p2a: Plateresco|Torkoal, M, shiny|100\/100\n|move|p2b: Rococ\u00f3|Psychic|p1a: mar\n|-damage|p1a: mar|14\/100\n|-damage|p2b: Rococ\u00f3|81\/100|[from] item: Life Orb\n|move|p1b: sorpresiva|Iron Head|p2b: Rococ\u00f3\n|-supereffective|p2b: Rococ\u00f3\n|-damage|p2b: Rococ\u00f3|28\/100\n|\n|-weather|none\n|-fieldend|move: Trick Room\n|upkeep\n|turn|6\n|\n|t:|1696094309\n|switch|p1a: radiolo|Eelektross, F|24\/100\n|switch|p1b: arantxa|Flygon, F|61\/100\n|-terastallize|p2b: Rococ\u00f3|Water\n|move|p2a: Plateresco|Heat Wave|p1a: radiolo|[spread] p1b\n|-miss|p2a: Plateresco|p1a: radiolo\n|-resisted|p1b: arantxa\n|-damage|p1b: arantxa|32\/100\n|move|p2b: Rococ\u00f3|Trick Room|p2b: Rococ\u00f3\n|-fieldstart|move: Trick Room|[of] p2b: Rococ\u00f3\n|\n|upkeep\n|turn|7\n|\n|t:|1696094348\n|move|p2a: Plateresco|Heat Wave|p1b: arantxa|[spread] p1a,p1b\n|-resisted|p1b: arantxa\n|-damage|p1a: radiolo|1\/100\n|-damage|p1b: arantxa|3\/100\n|move|p2b: Rococ\u00f3|Dazzling Gleam|p1a: radiolo|[spread] p1a,p1b\n|-supereffective|p1b: arantxa\n|-damage|p1a: radiolo|0 fnt\n|-damage|p1b: arantxa|0 fnt\n|faint|p1a: radiolo\n|faint|p1b: arantxa\n|-damage|p2b: Rococ\u00f3|18\/100|[from] item: Life Orb\n|\n|upkeep\n|\n|t:|1696094370\n|switch|p1a: sorpresiva|Orthworm, M|100\/100\n|switch|p1b: longaniza|Charizard-Mega-Y, F|44\/100\n|-weather|SunnyDay|[from] ability: Drought|[of] p1b: longaniza\n|turn|8\n|\n|t:|1696094406\n|move|p2a: Plateresco|Heat Wave|p1b: longaniza|[spread] p1b\n|-miss|p2a: Plateresco|p1a: sorpresiva\n|-resisted|p1b: longaniza\n|-damage|p1b: longaniza|10\/100\n|move|p2b: Rococ\u00f3|Psychic|p1b: longaniza\n|-damage|p1b: longaniza|0 fnt\n|faint|p1b: longaniza\n|-damage|p2b: Rococ\u00f3|9\/100|[from] item: Life Orb\n|move|p1a: sorpresiva|Iron Head|p2b: Rococ\u00f3\n|-resisted|p2b: Rococ\u00f3\n|-damage|p2b: Rococ\u00f3|0 fnt\n|faint|p2b: Rococ\u00f3\n|\n|-weather|SunnyDay|[upkeep]\n|upkeep\n|\n|t:|1696094419\n|switch|p2b: Barroca|Lilligant-Hisui, F|100\/100\n|switch|p1b: mar|Pachirisu, F|14\/100\n|turn|9\n|\n|t:|1696094450\n|move|p2a: Plateresco|Heat Wave|p1b: mar|[spread] p1a,p1b\n|-supereffective|p1a: sorpresiva\n|-damage|p1a: sorpresiva|0 fnt\n|-damage|p1b: mar|0 fnt\n|faint|p1a: sorpresiva\n|faint|p1b: mar\n|\n|win|harvestmarc\n","uploadtime":1696094459,"views":10,"p1id":"germanmg53","p2id":"harvestmarc","formatid":"gen9nationaldexdoubles","rating":0,"private":0,"password":""}