{"id":"gen9nationaldexdoubles-1967027051","p1":"Jojo_press","p2":"MonoScaryyType","format":"[Gen 9] National Dex Doubles","log":"|j|\u2606Jojo_press\n|j|\u2606MonoScaryyType\n|t:|1697245767\n|gametype|doubles\n|player|p1|Jojo_press|steven|1018\n|player|p2|MonoScaryyType|caitlin|1000\n|teamsize|p1|6\n|teamsize|p2|6\n|gen|9\n|tier|[Gen 9] National Dex Doubles\n|rated|\n|rule|HP Percentage Mod: HP is shown in percentages\n|rule|Endless Battle Clause: Forcing endless battles is banned\n|rule|OHKO Clause: OHKO moves are banned\n|rule|Evasion Moves Clause: Evasion moves are banned\n|rule|Evasion Abilities Clause: Evasion abilities are banned\n|rule|Species Clause: Limit one of each Pok\u00e9mon\n|rule|Gravity Sleep Clause: The combination of sleep-inducing moves with imperfect accuracy and Gravity or Gigantamax Orbeetle are banned\n|clearpoke\n|poke|p1|Garchomp, F|\n|poke|p1|Scizor, F|\n|poke|p1|Slowbro, F|\n|poke|p1|Sylveon, M|\n|poke|p1|Venusaur, M|\n|poke|p1|Charizard, M|\n|poke|p2|Phantump, F|\n|poke|p2|Pumpkaboo-*, M|\n|poke|p2|Flutter Mane|\n|poke|p2|Gholdengo|\n|poke|p2|Spectrier|\n|poke|p2|Banette, F|\n|teampreview\n|\n|t:|1697245771\n|start\n|switch|p1a: Venusaur|Venusaur, M|100\/100\n|switch|p1b: Charizard|Charizard, M|100\/100\n|switch|p2a: fearwood|Phantump, F, shiny|100\/100\n|switch|p2b: Scary Spice|Banette, F|100\/100\n|-item|p1a: Venusaur|Black Sludge|[from] ability: Frisk|[of] p2a: fearwood|[identify]\n|-item|p1b: Charizard|Charizardite Y|[from] ability: Frisk|[of] p2a: fearwood|[identify]\n|turn|1\n|inactive|Battle timer is ON: inactive players will automatically lose when time's up. (requested by MonoScaryyType)\n|\n|t:|1697245799\n|detailschange|p1b: Charizard|Charizard-Mega-Y, M\n|-mega|p1b: Charizard|Charizard|Charizardite Y\n|-weather|SunnyDay|[from] ability: Drought|[of] p1b: Charizard\n|detailschange|p2b: Scary Spice|Banette-Mega, F\n|-mega|p2b: Scary Spice|Banette|Banettite\n|move|p1a: Venusaur|Hidden Power|p2a: fearwood\n|-supereffective|p2a: fearwood\n|-damage|p2a: fearwood|29\/100\n|move|p1b: Charizard|Flame Charge|p2b: Scary Spice\n|-damage|p2b: Scary Spice|69\/100\n|-boost|p1b: Charizard|spe|1\n|move|p2b: Scary Spice|Knock Off|p1b: Charizard\n|-damage|p1b: Charizard|57\/100\n|move|p2a: fearwood|Destiny Bond|p2a: fearwood\n|-singlemove|p2a: fearwood|Destiny Bond\n|\n|-weather|SunnyDay|[upkeep]\n|upkeep\n|turn|2\n|inactive|MonoScaryyType has 120 seconds left.\n|\n|t:|1697245842\n|switch|p2a: Gourdy|Pumpkaboo-Super, M|100\/100\n|move|p1a: Venusaur|Growth|p1a: Venusaur\n|-boost|p1a: Venusaur|atk|2\n|-boost|p1a: Venusaur|spa|2\n|move|p1b: Charizard|Fire Blast|p2b: Scary Spice\n|-damage|p2b: Scary Spice|0 fnt\n|faint|p2b: Scary Spice\n|\n|-weather|SunnyDay|[upkeep]\n|upkeep\n|\n|t:|1697245856\n|switch|p2b: MissFotrune|Flutter Mane|100\/100\n|-activate|p2b: MissFotrune|ability: Protosynthesis\n|-start|p2b: MissFotrune|protosynthesisspa\n|turn|3\n|inactive|MonoScaryyType has 120 seconds left.\n|\n|t:|1697245880\n|-terastallize|p2b: MissFotrune|Fire\n|move|p2a: Gourdy|Shadow Sneak|p1b: Charizard\n|-damage|p1b: Charizard|44\/100\n|move|p1a: Venusaur|Giga Drain|p2b: MissFotrune\n|-resisted|p2b: MissFotrune\n|-damage|p2b: MissFotrune|70\/100\n|move|p1b: Charizard|Fire Blast|p2b: MissFotrune\n|-resisted|p2b: MissFotrune\n|-damage|p2b: MissFotrune|28\/100\n|move|p2b: MissFotrune|Mystical Fire|p1a: Venusaur\n|-supereffective|p1a: Venusaur\n|-damage|p1a: Venusaur|0 fnt\n|faint|p1a: Venusaur\n|\n|-weather|SunnyDay|[upkeep]\n|upkeep\n|inactive|Jojo_press has 120 seconds left.\n|\n|t:|1697245905\n|switch|p1a: Scizor|Scizor, F|100\/100\n|turn|4\n|\n|t:|1697245925\n|-end|p2b: MissFotrune|Protosynthesis|[silent]\n|switch|p2b: ugh money again|Gholdengo|100\/100\n|move|p1a: Scizor|Bullet Punch|p2b: ugh money again\n|-resisted|p2b: ugh money again\n|-damage|p2b: ugh money again|90\/100\n|move|p2a: Gourdy|Shadow Sneak|p1b: Charizard\n|-damage|p1b: Charizard|31\/100\n|move|p1b: Charizard|Fire Blast|p2a: Gourdy\n|-supereffective|p2a: Gourdy\n|-damage|p2a: Gourdy|0 fnt\n|faint|p2a: Gourdy\n|\n|-weather|SunnyDay|[upkeep]\n|-heal|p2b: ugh money again|96\/100|[from] item: Leftovers\n|upkeep\n|inactive|MonoScaryyType has 120 seconds left.\n|\n|t:|1697245939\n|switch|p2a: MLP MVP tho|Spectrier|100\/100\n|turn|5\n|inactive|MonoScaryyType has 120 seconds left.\n|\n|t:|1697245971\n|move|p1b: Charizard|Fire Blast|p2b: ugh money again\n|-supereffective|p2b: ugh money again\n|-damage|p2b: ugh money again|0 fnt\n|faint|p2b: ugh money again\n|move|p2a: MLP MVP tho|Shadow Ball|p1b: Charizard\n|-damage|p1b: Charizard|0 fnt\n|faint|p1b: Charizard\n|-ability|p2a: MLP MVP tho|Grim Neigh|boost\n|-boost|p2a: MLP MVP tho|spa|1\n|move|p1a: Scizor|U-turn|p2a: MLP MVP tho\n|-resisted|p2a: MLP MVP tho\n|-damage|p2a: MLP MVP tho|73\/100\n|inactive|Jojo_press has 120 seconds left.\n|\n|t:|1697245993\n|switch|p1a: Garchomp|Garchomp, F|100\/100|[from] U-turn\n|\n|-weather|none\n|upkeep\n|\n|t:|1697246005\n|switch|p1b: Sylveon|Sylveon, M|100\/100\n|switch|p2b: MissFotrune|Flutter Mane, tera:Fire|28\/100\n|-enditem|p2b: MissFotrune|Booster Energy\n|-activate|p2b: MissFotrune|ability: Protosynthesis|[fromitem]\n|-start|p2b: MissFotrune|protosynthesisspa\n|turn|6\n|\n|t:|1697246023\n|move|p1a: Garchomp|Iron Head|p2a: MLP MVP tho\n|-damage|p2a: MLP MVP tho|37\/100\n|move|p2b: MissFotrune|Pain Split|p1b: Sylveon\n|-sethp|p1b: Sylveon|61\/100|[from] move: Pain Split|[silent]\n|-sethp|p2b: MissFotrune|77\/100|[from] move: Pain Split\n|move|p2a: MLP MVP tho|Draining Kiss|p1a: Garchomp\n|-supereffective|p1a: Garchomp\n|-damage|p1a: Garchomp|29\/100\n|-heal|p2a: MLP MVP tho|84\/100|[from] drain|[of] p1a: Garchomp\n|-damage|p2a: MLP MVP tho|72\/100|[from] ability: Rough Skin|[of] p1a: Garchomp\n|move|p1b: Sylveon|Hyper Voice|p2b: MissFotrune|[spread] p2b\n|-immune|p2a: MLP MVP tho\n|-damage|p2b: MissFotrune|62\/100\n|\n|-heal|p1b: Sylveon|68\/100|[from] item: Leftovers\n|upkeep\n|turn|7\n|inactive|Jojo_press has 120 seconds left.\n|\n|t:|1697246070\n|move|p1a: Garchomp|Outrage|p2a: MLP MVP tho\n|-damage|p2a: MLP MVP tho|0 fnt\n|faint|p2a: MLP MVP tho\n|move|p2b: MissFotrune|Substitute|p2b: MissFotrune\n|-start|p2b: MissFotrune|Substitute\n|-damage|p2b: MissFotrune|37\/100\n|move|p1b: Sylveon|Wish|p1b: Sylveon\n|\n|-heal|p1b: Sylveon|74\/100|[from] item: Leftovers\n|upkeep\n|\n|t:|1697246079\n|switch|p2a: fearwood|Phantump, F, shiny|29\/100\n|-item|p1a: Garchomp|Lum Berry|[from] ability: Frisk|[of] p2a: fearwood|[identify]\n|-item|p1b: Sylveon|Leftovers|[from] ability: Frisk|[of] p2a: fearwood|[identify]\n|turn|8\n|inactive|Jojo_press has 120 seconds left.\n|\n|t:|1697246097\n|move|p1a: Garchomp|Outrage|p2b: MissFotrune|[from]lockedmove\n|-end|p2b: MissFotrune|Substitute\n|move|p2b: MissFotrune|Pain Split|p1b: Sylveon\n|-sethp|p1b: Sylveon|52\/100|[from] move: Pain Split|[silent]\n|-sethp|p2b: MissFotrune|65\/100|[from] move: Pain Split\n|move|p1b: Sylveon|Baton Pass|p1b: Sylveon\n|inactive|Jojo_press has 120 seconds left.\n|\n|t:|1697246105\n|switch|p1b: Slowbro|Slowbro, F|100\/100|[from] Baton Pass\n|move|p2a: fearwood|Giga Drain|p1a: Garchomp\n|-damage|p1a: Garchomp|12\/100\n|-heal|p2a: fearwood|39\/100|[from] drain|[of] p1a: Garchomp\n|\n|upkeep\n|turn|9\n|\n|t:|1697246124\n|move|p1a: Garchomp|Outrage|p2a: fearwood|[from]lockedmove\n|-crit|p2a: fearwood\n|-damage|p2a: fearwood|0 fnt\n|faint|p2a: fearwood\n|-start|p1a: Garchomp|confusion|[fatigue]\n|-enditem|p1a: Garchomp|Lum Berry|[eat]\n|-end|p1a: Garchomp|confusion\n|move|p2b: MissFotrune|Dazzling Gleam|p1b: Slowbro|[spread] p1a,p1b\n|-supereffective|p1a: Garchomp\n|-damage|p1a: Garchomp|0 fnt\n|-damage|p1b: Slowbro|63\/100\n|faint|p1a: Garchomp\n|move|p1b: Slowbro|Scald|p2b: MissFotrune\n|-supereffective|p2b: MissFotrune\n|-damage|p2b: MissFotrune|17\/100\n|\n|-heal|p1b: Slowbro|69\/100|[from] item: Leftovers\n|upkeep\n|inactive|Jojo_press has 120 seconds left.\n|\n|t:|1697246139\n|switch|p1a: Scizor|Scizor, F|100\/100\n|turn|10\n|\n|t:|1697246146\n|move|p1a: Scizor|Bullet Punch|p2b: MissFotrune\n|-resisted|p2b: MissFotrune\n|-damage|p2b: MissFotrune|4\/100\n|move|p2b: MissFotrune|Mystical Fire|p1a: Scizor\n|-supereffective|p1a: Scizor\n|-damage|p1a: Scizor|0 fnt\n|faint|p1a: Scizor\n|move|p1b: Slowbro|Scald|p2b: MissFotrune\n|-supereffective|p2b: MissFotrune\n|-damage|p2b: MissFotrune|0 fnt\n|faint|p2b: MissFotrune\n|-end|p2b: MissFotrune|Protosynthesis|[silent]\n|\n|win|Jojo_press\n|raw|Jojo_press's rating: 1018 &rarr; <strong>1053<\/strong><br \/>(+35 for winning)\n|raw|MonoScaryyType's rating: 1000 &rarr; <strong>1000<\/strong><br \/>(+0 for losing)\n","uploadtime":1697246169,"views":7,"p1id":"jojopress","p2id":"monoscaryytype","formatid":"gen9nationaldexdoubles","rating":1000,"private":0,"password":""}