{"id":"gen9nationaldexdoubles-1960255668","p1":"xiaoqing three","p2":"the mudkip warrior","format":"[Gen 9] National Dex Doubles","log":"|j|\u2606xiaoqing three\n|j|\u2606the mudkip warrior\n|t:|1696511275\n|gametype|doubles\n|player|p1|xiaoqing three|grusha|1540\n|player|p2|the mudkip warrior|acetrainer-gen4dp|1586\n|teamsize|p1|6\n|teamsize|p2|6\n|gen|9\n|tier|[Gen 9] National Dex Doubles\n|rated|\n|rule|HP Percentage Mod: HP is shown in percentages\n|rule|Endless Battle Clause: Forcing endless battles is banned\n|rule|OHKO Clause: OHKO moves are banned\n|rule|Evasion Moves Clause: Evasion moves are banned\n|rule|Evasion Abilities Clause: Evasion abilities are banned\n|rule|Species Clause: Limit one of each Pok\u00e9mon\n|rule|Gravity Sleep Clause: The combination of sleep-inducing moves with imperfect accuracy and Gravity or Gigantamax Orbeetle are banned\n|clearpoke\n|poke|p1|Marshadow|\n|poke|p1|Rillaboom, M|\n|poke|p1|Diancie|\n|poke|p1|Palafin, M|\n|poke|p1|Salamence, F|\n|poke|p1|Heatran, M|\n|poke|p2|Chien-Pao|\n|poke|p2|Dragonite, F|\n|poke|p2|Tornadus, M|\n|poke|p2|Charizard, M|\n|poke|p2|Walking Wake|\n|poke|p2|Kingambit, M|\n|teampreview\n|c|\u2606the mudkip warrior|gl\n|\n|t:|1696511292\n|start\n|switch|p1a: Rillaboom|Rillaboom, M, shiny|100\/100\n|switch|p1b: Palafin|Palafin, M, shiny|100\/100\n|switch|p2a: Dolce|Dragonite, F|100\/100\n|switch|p2b: Al'akir|Tornadus, M|100\/100\n|-fieldstart|move: Grassy Terrain|[from] ability: Grassy Surge|[of] p1a: Rillaboom\n|turn|1\n|\n|t:|1696511300\n|detailschange|p1b: Palafin|Palafin-Hero, M, shiny\n|switch|p1b: Diancie|Diancie, shiny|100\/100\n|move|p1a: Rillaboom|Fake Out|p2a: Dolce\n|-damage|p2a: Dolce|94\/100\n|move|p2b: Al'akir|Tailwind|p2b: Al'akir\n|-sidestart|p2: the mudkip warrior|move: Tailwind\n|cant|p2a: Dolce|flinch\n|\n|upkeep\n|turn|2\n|\n|t:|1696511313\n|switch|p1a: Heatran|Heatran, M|100\/100\n|-terastallize|p2a: Dolce|Normal\n|move|p2b: Al'akir|Bleakwind Storm|p1b: Diancie|[spread] p1a,p1b\n|-resisted|p1a: Heatran\n|-resisted|p1b: Diancie\n|-damage|p1a: Heatran|91\/100\n|-damage|p1b: Diancie|88\/100\n|-unboost|p1a: Heatran|spe|1\n|move|p2a: Dolce|Ice Spinner|p1b: Diancie\n|-damage|p1b: Diancie|63\/100\n|-fieldend|move: Grassy Terrain\n|move|p1b: Diancie|Trick Room|p1b: Diancie\n|-fieldstart|move: Trick Room|[of] p1b: Diancie\n|\n|upkeep\n|turn|3\n|l|\u2606xiaoqing three\n|player|p1|\n|j|\u2606xiaoqing three\n|player|p1|xiaoqing three|grusha\n|\n|t:|1696511344\n|move|p2a: Dolce|Protect|p2a: Dolce\n|-singleturn|p2a: Dolce|Protect\n|move|p1b: Diancie|Diamond Storm|p2a: Dolce|[spread] p2b\n|-activate|p2a: Dolce|move: Protect\n|-supereffective|p2b: Al'akir\n|-damage|p2b: Al'akir|4\/100\n|-boost|p1b: Diancie|def|2\n|move|p1a: Heatran|Eruption|p2b: Al'akir|[spread] p2b\n|-activate|p2a: Dolce|move: Protect\n|-damage|p2b: Al'akir|0 fnt\n|faint|p2b: Al'akir\n|\n|upkeep\n|\n|t:|1696511356\n|switch|p2b: Schimitar|Kingambit, M|100\/100\n|turn|4\n|\n|t:|1696511366\n|move|p1b: Diancie|Diamond Storm|p2b: Schimitar|[spread] p2b\n|-miss|p1b: Diancie|p2a: Dolce\n|-resisted|p2b: Schimitar\n|-damage|p2b: Schimitar|90\/100\n|-boost|p1b: Diancie|def|2\n|move|p1a: Heatran|Eruption|p2b: Schimitar|[spread] p2a,p2b\n|-supereffective|p2b: Schimitar\n|-damage|p2a: Dolce|44\/100\n|-damage|p2b: Schimitar|8\/100\n|move|p2b: Schimitar|Brick Break|p1a: Heatran\n|-supereffective|p1a: Heatran\n|-damage|p1a: Heatran|40\/100\n|move|p2a: Dolce|Rock Slide|p1b: Diancie|[spread] p1a,p1b\n|-damage|p1a: Heatran|20\/100\n|-damage|p1b: Diancie|58\/100\n|\n|-sideend|p2: the mudkip warrior|move: Tailwind\n|upkeep\n|turn|5\n|\n|t:|1696511393\n|switch|p1a: Palafin|Palafin-Hero, M, shiny|100\/100\n|-activate|p1a: Palafin|ability: Zero to Hero\n|move|p2a: Dolce|Protect|p2a: Dolce\n|-singleturn|p2a: Dolce|Protect\n|move|p2b: Schimitar|Sucker Punch||[still]\n|-fail|p2b: Schimitar\n|move|p1b: Diancie|Diamond Storm|p2a: Dolce|[spread] p2b\n|-activate|p2a: Dolce|move: Protect\n|-resisted|p2b: Schimitar\n|-damage|p2b: Schimitar|0 fnt\n|faint|p2b: Schimitar\n|\n|upkeep\n|\n|t:|1696511411\n|switch|p2b: Yusuke|Chien-Pao|100\/100\n|-ability|p2b: Yusuke|Sword of Ruin\n|turn|6\n|\n|t:|1696511421\n|move|p2b: Yusuke|Protect|p2b: Yusuke\n|-singleturn|p2b: Yusuke|Protect\n|move|p2a: Dolce|Extreme Speed|p1a: Palafin\n|-damage|p1a: Palafin|44\/100\n|move|p1b: Diancie|Diamond Storm|p2b: Yusuke|[spread] p2a\n|-activate|p2b: Yusuke|move: Protect\n|-damage|p2a: Dolce|0 fnt\n|faint|p2a: Dolce\n|move|p1a: Palafin|Bulk Up|p1a: Palafin\n|-boost|p1a: Palafin|atk|1\n|-boost|p1a: Palafin|def|1\n|\n|-fieldend|move: Trick Room\n|upkeep\n|\n|t:|1696511431\n|switch|p2a: Galakrond|Charizard, M, shiny|100\/100\n|turn|7\n|\n|t:|1696511440\n|detailschange|p2a: Galakrond|Charizard-Mega-Y, M, shiny\n|-mega|p2a: Galakrond|Charizard|Charizardite Y\n|-weather|SunnyDay|[from] ability: Drought|[of] p2a: Galakrond\n|move|p2b: Yusuke|Sucker Punch|p1a: Palafin\n|-damage|p1a: Palafin|18\/100\n|move|p1a: Palafin|Jet Punch|p2a: Galakrond\n|-supereffective|p2a: Galakrond\n|-damage|p2a: Galakrond|0 fnt\n|faint|p2a: Galakrond\n|move|p1b: Diancie|Trick Room|p1b: Diancie\n|-fieldstart|move: Trick Room|[of] p1b: Diancie\n|\n|-weather|SunnyDay|[upkeep]\n|upkeep\n|\n|t:|1696511449\n|switch|p2a: GRONGO|Walking Wake|100\/100\n|-activate|p2a: GRONGO|ability: Protosynthesis\n|-start|p2a: GRONGO|protosynthesisspe\n|turn|8\n|\n|t:|1696511462\n|move|p2b: Yusuke|Sucker Punch||[still]\n|-fail|p2b: Yusuke\n|move|p1b: Diancie|Body Press|p2a: GRONGO\n|-damage|p2a: GRONGO|0 fnt\n|faint|p2a: GRONGO\n|-end|p2a: GRONGO|Protosynthesis|[silent]\n|move|p1a: Palafin|Bulk Up|p1a: Palafin\n|-boost|p1a: Palafin|atk|1\n|-boost|p1a: Palafin|def|1\n|\n|-weather|SunnyDay|[upkeep]\n|upkeep\n|turn|9\n|c|\u2606the mudkip warrior|jesus not even one\n|c|\u2606the mudkip warrior|gg\n|\n|t:|1696511477\n|move|p2b: Yusuke|Sucker Punch|p1a: Palafin\n|-damage|p1a: Palafin|0 fnt\n|faint|p1a: Palafin\n|move|p1b: Diancie|Body Press|p2b: Yusuke\n|-supereffective|p2b: Yusuke\n|-enditem|p2b: Yusuke|Focus Sash\n|-damage|p2b: Yusuke|1\/100\n|\n|-weather|SunnyDay|[upkeep]\n|upkeep\n|-message|the mudkip warrior forfeited.\n|\n|win|xiaoqing three\n|raw|xiaoqing three's rating: 1540 &rarr; <strong>1563<\/strong><br \/>(+23 for winning)\n|raw|the mudkip warrior's rating: 1586 &rarr; <strong>1563<\/strong><br \/>(-23 for losing)\n|l|\u2606the mudkip warrior\n","uploadtime":1696511494,"views":15,"p1id":"xiaoqingthree","p2id":"themudkipwarrior","formatid":"gen9nationaldexdoubles","rating":1563,"private":0,"password":""}