{"id":"gen9nationaldexdoubles-1951989499","p1":"elmaptiv","p2":"gatita golosa 123","format":"[Gen 9] National Dex Doubles","log":"|j|\u2606elmaptiv\n|j|\u2606gatita golosa 123\n|t:|1695647978\n|gametype|doubles\n|player|p1|elmaptiv|ghetsis|1164\n|player|p2|gatita golosa 123|shauntal|1082\n|teamsize|p1|6\n|teamsize|p2|6\n|gen|9\n|tier|[Gen 9] National Dex Doubles\n|rated|\n|rule|HP Percentage Mod: HP is shown in percentages\n|rule|Endless Battle Clause: Forcing endless battles is banned\n|rule|OHKO Clause: OHKO moves are banned\n|rule|Evasion Moves Clause: Evasion moves are banned\n|rule|Evasion Abilities Clause: Evasion abilities are banned\n|rule|Species Clause: Limit one of each Pok\u00e9mon\n|rule|Gravity Sleep Clause: The combination of sleep-inducing moves with imperfect accuracy and Gravity or Gigantamax Orbeetle are banned\n|clearpoke\n|poke|p1|Gyarados, M|\n|poke|p1|Arbok, M|\n|poke|p1|Scrafty, F|\n|poke|p1|Morpeko, M|\n|poke|p1|Crawdaunt, M|\n|poke|p1|Sinistcha|\n|poke|p2|Cinderace, F|\n|poke|p2|Ursaluna, F|\n|poke|p2|Moltres-Galar|\n|poke|p2|Tapu Fini|\n|poke|p2|Ogerpon-Hearthflame, F|\n|poke|p2|Grimmsnarl, M|\n|teampreview\n|\n|t:|1695647996\n|start\n|switch|p1a: Gyarados|Gyarados, M|100\/100\n|switch|p1b: Crawdaunt|Crawdaunt, M|100\/100\n|switch|p2a: Grimmsnarl|Grimmsnarl, M|100\/100\n|switch|p2b: Ursaluna|Ursaluna, F|100\/100\n|-ability|p1a: Gyarados|Intimidate|boost\n|-unboost|p2a: Grimmsnarl|atk|1\n|-unboost|p2b: Ursaluna|atk|1\n|turn|1\n|\n|t:|1695648016\n|move|p2a: Grimmsnarl|Fake Out|p1a: Gyarados\n|-damage|p1a: Gyarados|92\/100\n|cant|p1a: Gyarados|flinch\n|move|p1b: Crawdaunt|Dragon Dance|p1b: Crawdaunt\n|-boost|p1b: Crawdaunt|atk|1\n|-boost|p1b: Crawdaunt|spe|1\n|move|p2b: Ursaluna|Drain Punch|p1b: Crawdaunt\n|-supereffective|p1b: Crawdaunt\n|-damage|p1b: Crawdaunt|44\/100\n|\n|-status|p2b: Ursaluna|brn|[from] item: Flame Orb\n|upkeep\n|turn|2\n|\n|t:|1695648070\n|switch|p2b: Tapu Fini|Tapu Fini|100\/100\n|-fieldstart|move: Misty Terrain|[from] ability: Misty Surge|[of] p2b: Tapu Fini\n|detailschange|p1a: Gyarados|Gyarados-Mega, M\n|-mega|p1a: Gyarados|Gyarados|Gyaradosite\n|-ability|p1a: Gyarados|Mold Breaker\n|move|p1b: Crawdaunt|Razor Shell|p2b: Tapu Fini\n|-resisted|p2b: Tapu Fini\n|-damage|p2b: Tapu Fini|64\/100\n|-unboost|p2b: Tapu Fini|def|1\n|move|p1a: Gyarados|Waterfall|p2b: Tapu Fini\n|-resisted|p2b: Tapu Fini\n|-damage|p2b: Tapu Fini|34\/100\n|move|p2a: Grimmsnarl|Spirit Break|p1b: Crawdaunt\n|-supereffective|p1b: Crawdaunt\n|-damage|p1b: Crawdaunt|0 fnt\n|faint|p1b: Crawdaunt\n|\n|-heal|p2b: Tapu Fini|40\/100|[from] item: Leftovers\n|upkeep\n|\n|t:|1695648085\n|switch|p1b: Arbok|Arbok, M|100\/100\n|-ability|p1b: Arbok|Intimidate|boost\n|-unboost|p2a: Grimmsnarl|atk|1\n|-unboost|p2b: Tapu Fini|atk|1\n|turn|3\n|\n|t:|1695648099\n|switch|p1a: Sinistcha|Sinistcha|100\/100\n|move|p2a: Grimmsnarl|Parting Shot|p1b: Arbok\n|-unboost|p1b: Arbok|atk|1\n|-unboost|p1b: Arbok|spa|1\n|\n|t:|1695648112\n|switch|p2a: Ogerpon|Ogerpon-Hearthflame, F|100\/100|[from] Parting Shot\n|-ability|p2a: Ogerpon|Mold Breaker\n|move|p1b: Arbok|Coil|p1b: Arbok\n|-boost|p1b: Arbok|atk|1\n|-boost|p1b: Arbok|def|1\n|-boost|p1b: Arbok|accuracy|1\n|move|p2b: Tapu Fini|Icy Wind|p1b: Arbok|[spread] p1a,p1b\n|-supereffective|p1a: Sinistcha\n|-damage|p1a: Sinistcha|80\/100\n|-damage|p1b: Arbok|87\/100\n|-unboost|p1a: Sinistcha|spe|1\n|-unboost|p1b: Arbok|spe|1\n|\n|-heal|p2b: Tapu Fini|46\/100|[from] item: Leftovers\n|-heal|p1b: Arbok|93\/100|[from] item: Leftovers\n|upkeep\n|turn|4\n|\n|t:|1695648162\n|switch|p1a: Gyarados|Gyarados-Mega, M|92\/100\n|-ability|p1a: Gyarados|Mold Breaker\n|-terastallize|p2a: Ogerpon|Fire\n|detailschange|p2a: Ogerpon|Ogerpon-Hearthflame-Tera, F, tera:Fire\n|-ability|p2a: Ogerpon|Embody Aspect (Hearthflame)|boost\n|-boost|p2a: Ogerpon|atk|1\n|move|p2a: Ogerpon|Ivy Cudgel|p1a: Gyarados\n|-resisted|p1a: Gyarados\n|-damage|p1a: Gyarados|36\/100\n|move|p2b: Tapu Fini|Soak|p1b: Arbok\n|-start|p1b: Arbok|typechange|Water\n|move|p1b: Arbok|Gunk Shot|p2b: Tapu Fini\n|-supereffective|p2b: Tapu Fini\n|-damage|p2b: Tapu Fini|0 fnt\n|faint|p2b: Tapu Fini\n|\n|-heal|p1b: Arbok|99\/100|[from] item: Leftovers\n|upkeep\n|\n|t:|1695648181\n|switch|p2b: Moltres|Moltres-Galar|100\/100\n|turn|5\n|\n|t:|1695648225\n|move|p2a: Ogerpon|Wood Hammer|p1a: Gyarados\n|-supereffective|p1a: Gyarados\n|-damage|p1a: Gyarados|0 fnt\n|faint|p1a: Gyarados\n|-damage|p2a: Ogerpon|88\/100|[from] Recoil\n|move|p2b: Moltres|Fiery Wrath|p1b: Arbok\n|-damage|p1b: Arbok|48\/100\n|move|p1b: Arbok|Coil|p1b: Arbok\n|-boost|p1b: Arbok|atk|1\n|-boost|p1b: Arbok|def|1\n|-boost|p1b: Arbok|accuracy|1\n|\n|-heal|p1b: Arbok|54\/100|[from] item: Leftovers\n|upkeep\n|\n|t:|1695648229\n|switch|p1a: Morpeko|Morpeko, M|100\/100\n|turn|6\n|\n|t:|1695648246\n|move|p2a: Ogerpon|Ivy Cudgel|p1a: Morpeko\n|-damage|p1a: Morpeko|0 fnt\n|faint|p1a: Morpeko\n|move|p2b: Moltres|Fiery Wrath|p1b: Arbok\n|-damage|p1b: Arbok|9\/100\n|move|p1b: Arbok|Gunk Shot|p2a: Ogerpon\n|-damage|p2a: Ogerpon|23\/100\n|\n|-heal|p1b: Arbok|15\/100|[from] item: Leftovers\n|-fieldend|Misty Terrain\n|upkeep\n|\n|t:|1695648278\n|switch|p1a: Sinistcha|Sinistcha|80\/100\n|-heal|p1b: Arbok|40\/100|[from] ability: Hospitality|[of] p1a: Sinistcha\n|turn|7\n|\n|t:|1695648291\n|switch|p1a: Scrafty|Scrafty, F|100\/100\n|move|p2a: Ogerpon|Ivy Cudgel|p1a: Scrafty\n|-damage|p1a: Scrafty|0 fnt\n|faint|p1a: Scrafty\n|move|p2b: Moltres|Fiery Wrath|p1b: Arbok\n|-damage|p1b: Arbok|0 fnt\n|faint|p1b: Arbok\n|\n|upkeep\n|-message|elmaptiv forfeited.\n|\n|win|gatita golosa 123\n|raw|elmaptiv's rating: 1142 &rarr; <strong>1113<\/strong><br \/>(-29 for losing)\n|raw|gatita golosa 123's rating: 1082 &rarr; <strong>1114<\/strong><br \/>(+32 for winning)\n|l|\u2606elmaptiv\n","uploadtime":1695648421,"views":19,"p1id":"elmaptiv","p2id":"gatitagolosa123","formatid":"gen9nationaldexdoubles","rating":1113,"private":0,"password":""}