{"id":"gen9nationaldexdoubles-1967953376","p1":"Balazs1102","p2":"purrglar","format":"[Gen 9] National Dex Doubles","log":"|j|\u2606Balazs1102\n|j|\u2606purrglar\n|t:|1697364514\n|gametype|doubles\n|player|p1|Balazs1102|jogger|1414\n|player|p2|purrglar|petrel|1351\n|teamsize|p1|6\n|teamsize|p2|6\n|gen|9\n|tier|[Gen 9] National Dex Doubles\n|rated|\n|rule|HP Percentage Mod: HP is shown in percentages\n|rule|Endless Battle Clause: Forcing endless battles is banned\n|rule|OHKO Clause: OHKO moves are banned\n|rule|Evasion Moves Clause: Evasion moves are banned\n|rule|Evasion Abilities Clause: Evasion abilities are banned\n|rule|Species Clause: Limit one of each Pok\u00e9mon\n|rule|Gravity Sleep Clause: The combination of sleep-inducing moves with imperfect accuracy and Gravity or Gigantamax Orbeetle are banned\n|clearpoke\n|poke|p1|Mawile, M|\n|poke|p1|Ribombee, F|\n|poke|p1|Tapu Fini|\n|poke|p1|Hatterene, F|\n|poke|p1|Enamorus-Therian, F|\n|poke|p1|Grimmsnarl, M|\n|poke|p2|Armarouge, F|\n|poke|p2|Amoonguss, M|\n|poke|p2|Bronzong|\n|poke|p2|Torkoal, L99, F|\n|poke|p2|Iron Hands|\n|poke|p2|Indeedee-F, F|\n|teampreview\n|inactive|Battle timer is ON: inactive players will automatically lose when time's up. (requested by purrglar)\n|inactive|Balazs1102 also wants the timer to be on.\n|c|\u2606purrglar|cool team, glhf\n|c|\u2606Balazs1102|gl\n|c|\u2606Balazs1102|level 99?\n|c|\u2606purrglar|underspeeds other torkoal in trick room\n|inactive|purrglar has 120 seconds left.\n|c|\u2606Balazs1102|that's a very specific optimization\n|c|\u2606purrglar|so far it only came up once but it was funny when it did\n|c|\u2606Balazs1102|you can just lover iv by 1\n|inactive|purrglar has 90 seconds left.\n|c|\u2606Balazs1102|*lower\n|c|\u2606purrglar|it's already min speed for trick room\n|\n|t:|1697364585\n|start\n|switch|p1a: Tapu Fini|Tapu Fini|100\/100\n|switch|p1b: Enamorus|Enamorus-Therian, F|100\/100\n|switch|p2a: ding dong|Bronzong, shiny|100\/100\n|switch|p2b: agree|Indeedee-F, F, shiny|100\/100\n|-fieldstart|move: Misty Terrain|[from] ability: Misty Surge|[of] p1a: Tapu Fini\n|-fieldstart|move: Psychic Terrain|[from] ability: Psychic Surge|[of] p2b: agree\n|-enditem|p2b: agree|Psychic Seed\n|-boost|p2b: agree|spd|1|[from] item: Psychic Seed\n|turn|1\n|\n|t:|1697364608\n|switch|p1a: Alactria|Mawile, M|100\/100\n|-ability|p1a: Alactria|Intimidate|boost\n|-unboost|p2a: ding dong|atk|1\n|-unboost|p2b: agree|atk|1\n|switch|p1b: Grimmsnarl|Grimmsnarl, M|100\/100\n|move|p2b: agree|Psychic|p1a: Alactria\n|-resisted|p1a: Alactria\n|-damage|p1a: Alactria|62\/100\n|-zpower|p2a: ding dong\n|move|p2a: ding dong|Z-Trick Room|p2a: ding dong|[anim]Trick Room\n|-boost|p2a: ding dong|accuracy|1|[zeffect]\n|-fieldstart|move: Trick Room|[of] p2a: ding dong\n|\n|upkeep\n|turn|2\n|inactive|Balazs1102 has 120 seconds left.\n|inactive|purrglar has 120 seconds left.\n|\n|t:|1697364654\n|switch|p2b: heat|Torkoal, L99, F|100\/100\n|-weather|SunnyDay|[from] ability: Drought|[of] p2b: heat\n|detailschange|p1a: Alactria|Mawile-Mega, M\n|-mega|p1a: Alactria|Mawile|Mawilite\n|move|p1b: Grimmsnarl|Parting Shot|p2a: ding dong\n|-activate|p2a: ding dong|move: Psychic Terrain\n|move|p2a: ding dong|Hypnosis|p1b: Grimmsnarl\n|-status|p1b: Grimmsnarl|slp|[from] move: Hypnosis\n|move|p1a: Alactria|Play Rough|p2b: heat\n|-resisted|p2b: heat\n|-damage|p2b: heat|64\/100\n|-unboost|p2b: heat|atk|1\n|\n|-weather|SunnyDay|[upkeep]\n|upkeep\n|turn|3\n|c|\u2606Balazs1102|oh yeah terrain\n|inactive|Balazs1102 has 120 seconds left.\n|\n|t:|1697364677\n|switch|p1a: Tapu Fini|Tapu Fini|100\/100\n|-fieldstart|move: Misty Terrain|[from] ability: Misty Surge|[of] p1a: Tapu Fini\n|switch|p1b: Hatterene|Hatterene, F|100\/100\n|move|p2b: heat|Heat Wave|p1a: Tapu Fini|[spread] p1a,p1b\n|-resisted|p1a: Tapu Fini\n|-damage|p1a: Tapu Fini|74\/100\n|-damage|p1b: Hatterene|48\/100\n|move|p2a: ding dong|Gyro Ball|p1b: Hatterene\n|-supereffective|p1b: Hatterene\n|-damage|p1b: Hatterene|33\/100\n|\n|-weather|SunnyDay|[upkeep]\n|-heal|p1b: Hatterene|39\/100|[from] item: Leftovers\n|-heal|p1a: Tapu Fini|80\/100|[from] item: Leftovers\n|upkeep\n|turn|4\n|inactive|purrglar has 120 seconds left.\n|\n|t:|1697364708\n|switch|p2b: edible|Amoonguss, M, shiny|100\/100\n|move|p2a: ding dong|Gyro Ball|p1a: Tapu Fini\n|-damage|p1a: Tapu Fini|66\/100\n|move|p1b: Hatterene|Life Dew|p1b: Hatterene|[spread] p1a,p1b\n|-heal|p1a: Tapu Fini|91\/100\n|-heal|p1b: Hatterene|64\/100\n|move|p1a: Tapu Fini|Muddy Water|p2b: edible|[spread] p2a,p2b\n|-resisted|p2b: edible\n|-damage|p2a: ding dong|90\/100\n|-damage|p2b: edible|95\/100\n|-unboost|p2a: ding dong|accuracy|1\n|-unboost|p2b: edible|accuracy|1\n|-enditem|p2b: edible|Eject Button\n|inactive|purrglar has 120 seconds left.\n|j| cavalodefogo\n|l| cavalodefogo\n|c|\u2606Balazs1102|i didn't mean to do that\n|inactive|purrglar has 90 seconds left.\n|\n|t:|1697364747\n|switch|p2b: \"Hariyama\"|Iron Hands|100\/100\n|\n|-weather|SunnyDay|[upkeep]\n|-heal|p1b: Hatterene|70\/100|[from] item: Leftovers\n|-heal|p1a: Tapu Fini|97\/100|[from] item: Leftovers\n|upkeep\n|turn|5\n|\n|t:|1697364768\n|switch|p2a: agree|Indeedee-F, F, shiny|100\/100\n|-fieldstart|move: Psychic Terrain|[from] ability: Psychic Surge|[of] p2a: agree\n|move|p1b: Hatterene|Psychic|p2b: \"Hariyama\"\n|-supereffective|p2b: \"Hariyama\"\n|-damage|p2b: \"Hariyama\"|44\/100\n|move|p2b: \"Hariyama\"|Heavy Slam|p1b: Hatterene\n|-supereffective|p1b: Hatterene\n|-damage|p1b: Hatterene|0 fnt\n|faint|p1b: Hatterene\n|move|p1a: Tapu Fini|Calm Mind|p1a: Tapu Fini\n|-boost|p1a: Tapu Fini|spa|1\n|-boost|p1a: Tapu Fini|spd|1\n|\n|-weather|SunnyDay|[upkeep]\n|-heal|p1a: Tapu Fini|100\/100|[from] item: Leftovers\n|-fieldend|move: Trick Room\n|upkeep\n|\n|t:|1697364784\n|switch|p1b: Alactria|Mawile-Mega, M|62\/100\n|turn|6\n|\n|t:|1697364804\n|move|p2a: agree|Follow Me|p2a: agree\n|-singleturn|p2a: agree|move: Follow Me\n|move|p1a: Tapu Fini|Draining Kiss|p2a: agree\n|-damage|p2a: agree|66\/100\n|move|p1b: Alactria|Play Rough|p2a: agree\n|-crit|p2a: agree\n|-damage|p2a: agree|0 fnt\n|faint|p2a: agree\n|move|p2b: \"Hariyama\"|Wild Charge|p1a: Tapu Fini\n|-supereffective|p1a: Tapu Fini\n|-damage|p1a: Tapu Fini|6\/100\n|-damage|p2b: \"Hariyama\"|26\/100|[from] Recoil\n|\n|-weather|none\n|-heal|p1a: Tapu Fini|12\/100|[from] item: Leftovers\n|upkeep\n|inactive|purrglar has 120 seconds left.\n|inactive|purrglar has 90 seconds left.\n|\n|t:|1697364850\n|switch|p2a: Armarouge|Armarouge, F|100\/100\n|turn|7\n|c|\u2606Balazs1102|bet\n|inactive|purrglar has 90 seconds left.\n|\n|t:|1697364875\n|-end|p2b: \"Hariyama\"|Quark Drive|[silent]\n|switch|p2b: edible|Amoonguss, M, shiny|100\/100\n|move|p1a: Tapu Fini|Muddy Water|p2a: Armarouge|[spread] p2a,p2b\n|-supereffective|p2a: Armarouge\n|-resisted|p2b: edible\n|-damage|p2a: Armarouge|6\/100\n|-damage|p2b: edible|85\/100\n|-enditem|p2a: Armarouge|Weakness Policy\n|-boost|p2a: Armarouge|atk|2|[from] item: Weakness Policy\n|-boost|p2a: Armarouge|spa|2|[from] item: Weakness Policy\n|move|p1b: Alactria|Play Rough|p2a: Armarouge\n|-resisted|p2a: Armarouge\n|-damage|p2a: Armarouge|0 fnt\n|faint|p2a: Armarouge\n|\n|-heal|p1a: Tapu Fini|19\/100|[from] item: Leftovers\n|upkeep\n|inactive|purrglar has 90 seconds left.\n|\n|t:|1697364884\n|switch|p2a: ding dong|Bronzong, shiny|90\/100\n|turn|8\n|c|\u2606Balazs1102|huh\n|\n|t:|1697364897\n|-singleturn|p1b: Alactria|move: Focus Punch\n|move|p1a: Tapu Fini|Ice Beam|p2b: edible\n|-supereffective|p2b: edible\n|-damage|p2b: edible|29\/100\n|move|p2b: edible|Spore|p1b: Alactria\n|-status|p1b: Alactria|slp|[from] move: Spore\n|cant|p1b: Alactria|slp\n|move|p2a: ding dong|Trick Room|p2a: ding dong\n|-fieldstart|move: Trick Room|[of] p2a: ding dong\n|\n|-heal|p1a: Tapu Fini|25\/100|[from] item: Leftovers\n|upkeep\n|turn|9\n|inactive|purrglar has 120 seconds left.\n|inactive|Balazs1102 has 120 seconds left.\n|\n|t:|1697364937\n|switch|p2a: heat|Torkoal, L99, F|64\/100\n|-weather|SunnyDay|[from] ability: Drought|[of] p2a: heat\n|switch|p1a: Grimmsnarl|Grimmsnarl, M|100\/100 slp\n|cant|p1b: Alactria|slp\n|move|p2b: edible|Spore|p1a: Grimmsnarl\n|-fail|p1a: Grimmsnarl|slp\n|\n|-weather|SunnyDay|[upkeep]\n|-fieldend|move: Psychic Terrain\n|upkeep\n|turn|10\n|inactive|purrglar has 120 seconds left.\n|inactive|Balazs1102 has 120 seconds left.\n|\n|t:|1697364958\n|switch|p1a: Tapu Fini|Tapu Fini|25\/100\n|-fieldstart|move: Misty Terrain|[from] ability: Misty Surge|[of] p1a: Tapu Fini\n|-curestatus|p1b: Alactria|slp|[msg]\n|move|p1b: Alactria|Sucker Punch|p2a: heat\n|-damage|p2a: heat|32\/100\n|move|p2a: heat|Eruption|p1a: Tapu Fini|[spread] p1a,p1b\n|-resisted|p1a: Tapu Fini\n|-supereffective|p1b: Alactria\n|-damage|p1a: Tapu Fini|12\/100\n|-damage|p1b: Alactria|0 fnt\n|faint|p1b: Alactria\n|move|p2b: edible|Pollen Puff|p2a: heat\n|-heal|p2a: heat|82\/100\n|\n|-weather|SunnyDay|[upkeep]\n|-heal|p1a: Tapu Fini|19\/100|[from] item: Leftovers\n|upkeep\n|inactive|Balazs1102 has 120 seconds left.\n|\n|t:|1697364981\n|switch|p1b: Enamorus|Enamorus-Therian, F|100\/100\n|turn|11\n|inactive|Balazs1102 has 120 seconds left.\n|\n|t:|1697364996\n|move|p2a: heat|Eruption|p1a: Tapu Fini|[spread] p1a,p1b\n|-resisted|p1a: Tapu Fini\n|-damage|p1a: Tapu Fini|0 fnt\n|-damage|p1b: Enamorus|15\/100\n|faint|p1a: Tapu Fini\n|move|p2b: edible|Clear Smog|p1b: Enamorus\n|-supereffective|p1b: Enamorus\n|-damage|p1b: Enamorus|0 fnt\n|-clearboost|p1b: Enamorus\n|faint|p1b: Enamorus\n|\n|-weather|SunnyDay|[upkeep]\n|upkeep\n|inactive|Balazs1102 has 120 seconds left.\n|\n|t:|1697365006\n|switch|p1b: Grimmsnarl|Grimmsnarl, M|100\/100 slp\n|switch|p1a: Ribombee|Ribombee, F|100\/100\n|turn|12\n|c|\u2606Balazs1102|gg\n|c|\u2606purrglar|gg\n|\n|t:|1697365018\n|-terastallize|p1b: Grimmsnarl|Dark\n|move|p2a: heat|Eruption|p1a: Ribombee|[spread] p1a,p1b\n|-supereffective|p1a: Ribombee\n|-enditem|p1a: Ribombee|Focus Sash\n|-damage|p1a: Ribombee|1\/100\n|-damage|p1b: Grimmsnarl|8\/100 slp\n|-enditem|p1b: Grimmsnarl|Aguav Berry|[eat]\n|-heal|p1b: Grimmsnarl|41\/100 slp|[from] item: Aguav Berry\n|move|p2b: edible|Clear Smog|p1a: Ribombee\n|-supereffective|p1a: Ribombee\n|-damage|p1a: Ribombee|0 fnt\n|-clearboost|p1a: Ribombee\n|faint|p1a: Ribombee\n|cant|p1b: Grimmsnarl|slp\n|\n|-weather|SunnyDay|[upkeep]\n|-fieldend|move: Trick Room\n|upkeep\n|turn|13\n|\n|t:|1697365034\n|-curestatus|p1b: Grimmsnarl|slp|[msg]\n|move|p1b: Grimmsnarl|Darkest Lariat|p2a: heat\n|-damage|p2a: heat|35\/100\n|move|p2b: edible|Pollen Puff|p1b: Grimmsnarl\n|-supereffective|p1b: Grimmsnarl\n|-damage|p1b: Grimmsnarl|2\/100\n|move|p2a: heat|Eruption|p1b: Grimmsnarl\n|-damage|p1b: Grimmsnarl|0 fnt\n|faint|p1b: Grimmsnarl\n|\n|win|purrglar\n|raw|Balazs1102's rating: 1414 &rarr; <strong>1390<\/strong><br \/>(-24 for losing)\n|raw|purrglar's rating: 1351 &rarr; <strong>1375<\/strong><br \/>(+24 for winning)\n|l|\u2606Balazs1102\n","uploadtime":1697365052,"views":12,"p1id":"balazs1102","p2id":"purrglar","formatid":"gen9nationaldexdoubles","rating":1375,"private":0,"password":""}