{"id":"gen9nationaldexdoubles-1995536188","p1":"kingcow_thegoat","p2":"omegashenronone","format":"[Gen 9] National Dex Doubles","log":"|j|\u2606kingcow_thegoat\n|j|\u2606omegashenronone\n|t:|1700580792\n|gametype|doubles\n|player|p1|kingcow_thegoat|1|\n|player|p2|omegashenronone|hugh|\n|teamsize|p1|6\n|teamsize|p2|6\n|gen|9\n|tier|[Gen 9] National Dex Doubles\n|rule|HP Percentage Mod: HP is shown in percentages\n|rule|Endless Battle Clause: Forcing endless battles is banned\n|rule|OHKO Clause: OHKO moves are banned\n|rule|Evasion Moves Clause: Evasion moves are banned\n|rule|Evasion Abilities Clause: Evasion abilities are banned\n|rule|Species Clause: Limit one of each Pok\u00e9mon\n|rule|Gravity Sleep Clause: The combination of sleep-inducing moves with imperfect accuracy and Gravity or Gigantamax Orbeetle are banned\n|clearpoke\n|poke|p1|Tapu Bulu|\n|poke|p1|Sneasler, F|\n|poke|p1|Milotic, M|\n|poke|p1|Ninetales-Alola, F|\n|poke|p1|Toxapex, M|\n|poke|p1|Lopunny, M|\n|poke|p2|Urshifu-*, M|\n|poke|p2|Greninja-*, M|\n|poke|p2|Pelipper, M|\n|poke|p2|Swampert, M|\n|poke|p2|Kingdra, F|\n|poke|p2|Empoleon, F|\n|teampreview\n|inactive|Battle timer is ON: inactive players will automatically lose when time's up. (requested by omegashenronone)\n|\n|t:|1700580818\n|start\n|switch|p1a: Lopunny|Lopunny, M|100\/100\n|switch|p1b: Tapu Bulu|Tapu Bulu|100\/100\n|switch|p2a: Happy|Pelipper, M|100\/100\n|switch|p2b: Genji|Greninja, M|100\/100\n|-fieldstart|move: Grassy Terrain|[from] ability: Grassy Surge|[of] p1b: Tapu Bulu\n|-weather|RainDance|[from] ability: Drizzle|[of] p2a: Happy\n|turn|1\n|\n|t:|1700580842\n|switch|p2b: Chunky|Empoleon, F|100\/100\n|switch|p1b: Ninetales|Ninetales-Alola, F|100\/100\n|-weather|Snow|[from] ability: Snow Warning|[of] p1b: Ninetales\n|move|p1a: Lopunny|Close Combat|p2b: Chunky\n|-supereffective|p2b: Chunky\n|-damage|p2b: Chunky|33\/100\n|-unboost|p1a: Lopunny|def|1\n|-unboost|p1a: Lopunny|spd|1\n|move|p2a: Happy|Tailwind|p2a: Happy\n|-sidestart|p2: omegashenronone|move: Tailwind\n|\n|-weather|Snow|[upkeep]\n|-heal|p2b: Chunky|40\/100|[from] Grassy Terrain\n|upkeep\n|turn|2\n|\n|t:|1700580866\n|switch|p1a: Toxapex|Toxapex, M|100\/100\n|move|p1b: Ninetales|Aurora Veil|p1b: Ninetales\n|-sidestart|p1: kingcow_thegoat|move: Aurora Veil\n|move|p2a: Happy|Icy Wind|p1a: Toxapex|[spread] p1a,p1b\n|-resisted|p1a: Toxapex\n|-resisted|p1b: Ninetales\n|-damage|p1a: Toxapex|98\/100\n|-damage|p1b: Ninetales|97\/100\n|-unboost|p1a: Toxapex|spe|1\n|-unboost|p1b: Ninetales|spe|1\n|move|p2b: Chunky|Steel Beam|p1b: Ninetales\n|-supereffective|p1b: Ninetales\n|-damage|p1b: Ninetales|0 fnt\n|-damage|p2b: Chunky|0 fnt|[from] steelbeam\n|faint|p2b: Chunky\n|faint|p1b: Ninetales\n|\n|-weather|Snow|[upkeep]\n|-heal|p1a: Toxapex|100\/100|[from] Grassy Terrain\n|upkeep\n|\n|t:|1700580881\n|switch|p1b: Sneasler|Sneasler, F|100\/100\n|switch|p2b: Gym bro|Swampert, M|100\/100\n|-enditem|p1b: Sneasler|Grassy Seed\n|-boost|p1b: Sneasler|def|1|[from] item: Grassy Seed\n|turn|3\n|\n|t:|1700580910\n|detailschange|p2b: Gym bro|Swampert-Mega, M\n|-mega|p2b: Gym bro|Swampert|Swampertite\n|-terastallize|p1b: Sneasler|Flying\n|move|p1b: Sneasler|Acrobatics|p2a: Happy\n|-damage|p2a: Happy|33\/100\n|move|p2b: Gym bro|Liquidation|p1b: Sneasler\n|-damage|p1b: Sneasler|56\/100\n|move|p2a: Happy|Hurricane|p1b: Sneasler\n|-damage|p1b: Sneasler|21\/100\n|move|p1a: Toxapex|Toxic|p2b: Gym bro\n|-status|p2b: Gym bro|tox\n|\n|-weather|Snow|[upkeep]\n|-damage|p2b: Gym bro|94\/100 tox|[from] psn\n|upkeep\n|turn|4\n|\n|t:|1700580941\n|switch|p2a: Hur-Hur-Hur|Kingdra, F|100\/100\n|move|p1a: Toxapex|Baneful Bunker|p1a: Toxapex\n|-singleturn|p1a: Toxapex|move: Protect\n|move|p1b: Sneasler|Acrobatics|p2b: Gym bro\n|-damage|p2b: Gym bro|41\/100 tox\n|move|p2b: Gym bro|Liquidation|p1b: Sneasler\n|-damage|p1b: Sneasler|0 fnt\n|faint|p1b: Sneasler\n|\n|-weather|Snow|[upkeep]\n|-heal|p2b: Gym bro|47\/100 tox|[from] Grassy Terrain\n|-damage|p2b: Gym bro|35\/100 tox|[from] psn\n|-sideend|p2: omegashenronone|move: Tailwind\n|upkeep\n|inactive|kingcow_thegoat has 270 seconds left.\n|\n|t:|1700580960\n|switch|p1b: Tapu Bulu|Tapu Bulu|100\/100\n|turn|5\n|\n|t:|1700580971\n|switch|p1a: Milotic|Milotic, M|100\/100\n|move|p2a: Hur-Hur-Hur|Hurricane|p1b: Tapu Bulu\n|-supereffective|p1b: Tapu Bulu\n|-damage|p1b: Tapu Bulu|28\/100\n|move|p1b: Tapu Bulu|Horn Leech|p2b: Gym bro\n|-supereffective|p2b: Gym bro\n|-damage|p2b: Gym bro|0 fnt\n|-heal|p1b: Tapu Bulu|45\/100|[from] drain|[of] p2b: Gym bro\n|faint|p2b: Gym bro\n|\n|-weather|Snow|[upkeep]\n|-heal|p1b: Tapu Bulu|52\/100|[from] Grassy Terrain\n|-fieldend|move: Grassy Terrain\n|-status|p1a: Milotic|brn|[from] item: Flame Orb\n|upkeep\n|\n|t:|1700580980\n|switch|p2b: Happy|Pelipper, M|33\/100\n|-weather|RainDance|[from] ability: Drizzle|[of] p2b: Happy\n|turn|6\n|\n|t:|1700580998\n|switch|p1b: Toxapex|Toxapex, M|100\/100\n|move|p2a: Hur-Hur-Hur|Hurricane|p1b: Toxapex\n|-damage|p1b: Toxapex|74\/100\n|move|p1a: Milotic|Toxic|p2a: Hur-Hur-Hur\n|-status|p2a: Hur-Hur-Hur|tox\n|move|p2b: Happy|Tailwind|p2b: Happy\n|-sidestart|p2: omegashenronone|move: Tailwind\n|\n|-weather|RainDance|[upkeep]\n|-heal|p1b: Toxapex|80\/100|[from] item: Leftovers\n|-damage|p2a: Hur-Hur-Hur|94\/100 tox|[from] psn\n|-damage|p1a: Milotic|94\/100 brn|[from] brn\n|-sideend|p1: kingcow_thegoat|move: Aurora Veil\n|upkeep\n|turn|7\n|\n|t:|1700581020\n|switch|p2a: Genji|Greninja, M|100\/100\n|switch|p2b: Master Shi-Fu!|Urshifu-Rapid-Strike, M|100\/100\n|move|p1b: Toxapex|Baneful Bunker|p1b: Toxapex\n|-singleturn|p1b: Toxapex|move: Protect\n|move|p1a: Milotic|Toxic|p2b: Master Shi-Fu!\n|-status|p2b: Master Shi-Fu!|tox\n|\n|-weather|RainDance|[upkeep]\n|-heal|p1b: Toxapex|86\/100|[from] item: Leftovers\n|-damage|p2b: Master Shi-Fu!|94\/100 tox|[from] psn\n|-damage|p1a: Milotic|88\/100 brn|[from] brn\n|upkeep\n|turn|8\n|\n|t:|1700581041\n|-terastallize|p2a: Genji|Electric\n|move|p2a: Genji|Tera Blast|p1a: Milotic|[anim] Tera Blast Electric\n|-supereffective|p1a: Milotic\n|-damage|p1a: Milotic|8\/100 brn\n|move|p2b: Master Shi-Fu!|Surging Strikes|p1b: Toxapex\n|-resisted|p1b: Toxapex\n|-crit|p1b: Toxapex\n|-damage|p1b: Toxapex|75\/100\n|-resisted|p1b: Toxapex\n|-crit|p1b: Toxapex\n|-damage|p1b: Toxapex|63\/100\n|-resisted|p1b: Toxapex\n|-crit|p1b: Toxapex\n|-damage|p1b: Toxapex|52\/100\n|-hitcount|p1b: Toxapex|3\n|-damage|p2b: Master Shi-Fu!|84\/100 tox|[from] item: Life Orb\n|move|p1a: Milotic|Coil|p1a: Milotic\n|-boost|p1a: Milotic|atk|1\n|-boost|p1a: Milotic|def|1\n|-boost|p1a: Milotic|accuracy|1\n|move|p1b: Toxapex|Toxic|p2a: Genji\n|-status|p2a: Genji|tox\n|\n|-weather|RainDance|[upkeep]\n|-heal|p1b: Toxapex|58\/100|[from] item: Leftovers\n|-damage|p2a: Genji|95\/100 tox|[from] psn\n|-damage|p2b: Master Shi-Fu!|72\/100 tox|[from] psn\n|-damage|p1a: Milotic|2\/100 brn|[from] brn\n|upkeep\n|turn|9\n|\n|t:|1700581065\n|move|p2a: Genji|Tera Blast|p1a: Milotic|[anim] Tera Blast Electric\n|-supereffective|p1a: Milotic\n|-damage|p1a: Milotic|0 fnt\n|faint|p1a: Milotic\n|-ability|p2a: Genji|Battle Bond|boost\n|-boost|p2a: Genji|atk|1\n|-boost|p2a: Genji|spa|1\n|-boost|p2a: Genji|spe|1\n|-activate|p2a: Genji|ability: Battle Bond\n|move|p2b: Master Shi-Fu!|Surging Strikes|p1b: Toxapex\n|-resisted|p1b: Toxapex\n|-crit|p1b: Toxapex\n|-damage|p1b: Toxapex|46\/100\n|-resisted|p1b: Toxapex\n|-crit|p1b: Toxapex\n|-damage|p1b: Toxapex|35\/100\n|-resisted|p1b: Toxapex\n|-crit|p1b: Toxapex\n|-damage|p1b: Toxapex|23\/100\n|-hitcount|p1b: Toxapex|3\n|-damage|p2b: Master Shi-Fu!|62\/100 tox|[from] item: Life Orb\n|move|p1b: Toxapex|Recover|p1b: Toxapex\n|-heal|p1b: Toxapex|73\/100\n|\n|-weather|RainDance|[upkeep]\n|-heal|p1b: Toxapex|79\/100|[from] item: Leftovers\n|-damage|p2a: Genji|83\/100 tox|[from] psn\n|-damage|p2b: Master Shi-Fu!|44\/100 tox|[from] psn\n|-sideend|p2: omegashenronone|move: Tailwind\n|upkeep\n|\n|t:|1700581074\n|switch|p1a: Lopunny|Lopunny, M|100\/100\n|turn|10\n|\n|t:|1700581080\n|detailschange|p1a: Lopunny|Lopunny-Mega, M\n|-mega|p1a: Lopunny|Lopunny|Lopunnite\n|move|p1a: Lopunny|Fake Out|p2b: Master Shi-Fu!\n|-damage|p2b: Master Shi-Fu!|23\/100 tox\n|move|p2a: Genji|Tera Blast|p1a: Lopunny|[anim] Tera Blast Electric\n|-damage|p1a: Lopunny|0 fnt\n|faint|p1a: Lopunny\n|cant|p2b: Master Shi-Fu!|flinch\n|move|p1b: Toxapex|Scald|p2b: Master Shi-Fu!\n|-resisted|p2b: Master Shi-Fu!\n|-crit|p2b: Master Shi-Fu!\n|-damage|p2b: Master Shi-Fu!|0 fnt\n|faint|p2b: Master Shi-Fu!\n|\n|-weather|RainDance|[upkeep]\n|-heal|p1b: Toxapex|86\/100|[from] item: Leftovers\n|-damage|p2a: Genji|65\/100 tox|[from] psn\n|upkeep\n|\n|t:|1700581089\n|switch|p1a: Tapu Bulu|Tapu Bulu|52\/100\n|switch|p2b: Hur-Hur-Hur|Kingdra, F|94\/100 tox\n|-fieldstart|move: Grassy Terrain|[from] ability: Grassy Surge|[of] p1a: Tapu Bulu\n|turn|11\n|\n|t:|1700581096\n|move|p1b: Toxapex|Baneful Bunker|p1b: Toxapex\n|-singleturn|p1b: Toxapex|move: Protect\n|move|p2a: Genji|Tera Blast|p1b: Toxapex|[anim] Tera Blast Electric\n|-activate|p1b: Toxapex|move: Protect\n|move|p2b: Hur-Hur-Hur|Hurricane|p1a: Tapu Bulu\n|-supereffective|p1a: Tapu Bulu\n|-damage|p1a: Tapu Bulu|0 fnt\n|faint|p1a: Tapu Bulu\n|\n|-weather|RainDance|[upkeep]\n|-heal|p2a: Genji|71\/100 tox|[from] Grassy Terrain\n|-heal|p2b: Hur-Hur-Hur|100\/100 tox|[from] Grassy Terrain\n|-heal|p1b: Toxapex|92\/100|[from] Grassy Terrain\n|-heal|p1b: Toxapex|98\/100|[from] item: Leftovers\n|-damage|p2a: Genji|47\/100 tox|[from] psn\n|-damage|p2b: Hur-Hur-Hur|94\/100 tox|[from] psn\n|upkeep\n|turn|12\n|\n|t:|1700581104\n|move|p2a: Genji|Tera Blast|p1b: Toxapex|[anim] Tera Blast Electric\n|-supereffective|p1b: Toxapex\n|-damage|p1b: Toxapex|0 fnt\n|faint|p1b: Toxapex\n|\n|win|omegashenronone\n|c|\u2606kingcow_thegoat|gg\n|c|\u2606omegashenronone|Good game\n|c|\u2606kingcow_thegoat|wasn't expecting tera electric\n|c|\u2606omegashenronone|Its good to cover all my avenues\n|c|\u2606kingcow_thegoat|ye\n|c|\u2606omegashenronone|I have tera ground flying and fire\n|c|\u2606kingcow_thegoat|otherwise I think Milotic + Toxpex walled\n|l|\u2606kingcow_thegoat\n|c|\u2606omegashenronone|Yea Toxapex is the bane of my existance too much stall for me to normally handle\n","uploadtime":1700581114,"views":6,"p1id":"kingcowthegoat","p2id":"omegashenronone","formatid":"gen9nationaldexdoubles","rating":0,"private":0,"password":""}