{"id":"gen9nationaldexdoubles-1979411410","p1":"RAAAAAAAAAAAAR","p2":"AdvancedDigit","format":"[Gen 9] National Dex Doubles","log":"|j|\u2606RAAAAAAAAAAAAR\n|j|\u2606AdvancedDigit\n|t:|1698680543\n|gametype|doubles\n|player|p1|RAAAAAAAAAAAAR|unknown|1153\n|player|p2|AdvancedDigit|hilbert|1300\n|teamsize|p1|6\n|teamsize|p2|6\n|gen|9\n|tier|[Gen 9] National Dex Doubles\n|rated|\n|rule|HP Percentage Mod: HP is shown in percentages\n|rule|Endless Battle Clause: Forcing endless battles is banned\n|rule|OHKO Clause: OHKO moves are banned\n|rule|Evasion Moves Clause: Evasion moves are banned\n|rule|Evasion Abilities Clause: Evasion abilities are banned\n|rule|Species Clause: Limit one of each Pok\u00e9mon\n|rule|Gravity Sleep Clause: The combination of sleep-inducing moves with imperfect accuracy and Gravity or Gigantamax Orbeetle are banned\n|clearpoke\n|poke|p1|Charizard, M|\n|poke|p1|Greninja-*, M|\n|poke|p1|Pelipper, F|\n|poke|p1|Basculegion, M|\n|poke|p1|Leavanny, F|\n|poke|p1|Venusaur, F|\n|poke|p2|Grafaiai, F|\n|poke|p2|Indeedee-F, F|\n|poke|p2|Farigiraf, F|\n|poke|p2|Roaring Moon|\n|poke|p2|Maushold|\n|poke|p2|Tornadus, M|\n|teampreview\n|inactive|Battle timer is ON: inactive players will automatically lose when time's up. (requested by RAAAAAAAAAAAAR)\n|\n|t:|1698680571\n|start\n|switch|p1a: Charizard|Charizard, M|100\/100\n|switch|p1b: Leavanny|Leavanny, F|100\/100\n|switch|p2a: Maushold|Maushold|100\/100\n|switch|p2b: Farigiraf|Farigiraf, F|100\/100\n|turn|1\n|\n|t:|1698680588\n|detailschange|p1a: Charizard|Charizard-Mega-Y, M\n|-mega|p1a: Charizard|Charizard|Charizardite Y\n|-weather|SunnyDay|[from] ability: Drought|[of] p1a: Charizard\n|move|p1b: Leavanny|Knock Off|p2b: Farigiraf\n|-supereffective|p2b: Farigiraf\n|-damage|p2b: Farigiraf|23\/100\n|-enditem|p2b: Farigiraf|Leftovers|[from] move: Knock Off|[of] p1b: Leavanny\n|move|p2a: Maushold|Thunder Wave|p1a: Charizard\n|-status|p1a: Charizard|par\n|move|p1a: Charizard|Fire Pledge|p2a: Maushold\n|-damage|p2a: Maushold|17\/100\n|move|p2b: Farigiraf|Light Screen|p2b: Farigiraf\n|-sidestart|p2: AdvancedDigit|move: Light Screen\n|\n|-weather|SunnyDay|[upkeep]\n|-heal|p2a: Maushold|23\/100|[from] item: Leftovers\n|upkeep\n|turn|2\n|inactive|AdvancedDigit has 120 seconds left.\n|\n|t:|1698680628\n|move|p2b: Farigiraf|Magic Coat|p2b: Farigiraf\n|-singleturn|p2b: Farigiraf|move: Magic Coat\n|move|p1b: Leavanny|Knock Off|p2b: Farigiraf\n|-supereffective|p2b: Farigiraf\n|-damage|p2b: Farigiraf|0 fnt\n|faint|p2b: Farigiraf\n|move|p2a: Maushold|Population Bomb|p1a: Charizard\n|-damage|p1a: Charizard|90\/100 par\n|-hitcount|p1a: Charizard|1\n|move|p1a: Charizard|Fire Pledge|p2a: Maushold\n|-damage|p2a: Maushold|0 fnt\n|faint|p2a: Maushold\n|\n|-weather|SunnyDay|[upkeep]\n|upkeep\n|\n|t:|1698680637\n|switch|p2a: Roaring Moon|Roaring Moon|100\/100\n|switch|p2b: Tornadus|Tornadus, M|100\/100\n|-activate|p2a: Roaring Moon|ability: Protosynthesis\n|-start|p2a: Roaring Moon|protosynthesisatk\n|turn|3\n|c|\u2606RAAAAAAAAAAAAR|nahhhh\n|c|\u2606RAAAAAAAAAAAAR|1 time\n|j| faiirybread\n|\n|t:|1698680652\n|move|p2b: Tornadus|Tailwind|p2b: Tornadus\n|-sidestart|p2: AdvancedDigit|move: Tailwind\n|move|p2a: Roaring Moon|Acrobatics|p1b: Leavanny\n|-supereffective|p1b: Leavanny\n|-damage|p1b: Leavanny|0 fnt\n|faint|p1b: Leavanny\n|cant|p1a: Charizard|par\n|\n|-weather|SunnyDay|[upkeep]\n|upkeep\n|\n|t:|1698680660\n|switch|p1b: Venusaur|Venusaur, F|100\/100\n|turn|4\n|\n|t:|1698680672\n|move|p2a: Roaring Moon|Acrobatics|p1b: Venusaur\n|-supereffective|p1b: Venusaur\n|-damage|p1b: Venusaur|22\/100\n|move|p1b: Venusaur|Toxic|p2a: Roaring Moon\n|-status|p2a: Roaring Moon|tox\n|move|p2b: Tornadus|Bleakwind Storm|p1a: Charizard|[spread] p1a,p1b\n|-supereffective|p1b: Venusaur\n|-damage|p1a: Charizard|60\/100 par\n|-damage|p1b: Venusaur|0 fnt\n|faint|p1b: Venusaur\n|move|p1a: Charizard|Dragon Pulse|p2a: Roaring Moon\n|-supereffective|p2a: Roaring Moon\n|-damage|p2a: Roaring Moon|57\/100 tox\n|\n|-weather|SunnyDay|[upkeep]\n|-damage|p2a: Roaring Moon|51\/100 tox|[from] psn\n|upkeep\n|\n|t:|1698680687\n|switch|p1b: Pelipper|Pelipper, F|100\/100\n|-weather|RainDance|[from] ability: Drizzle|[of] p1b: Pelipper\n|-end|p2a: Roaring Moon|Protosynthesis\n|-enditem|p2a: Roaring Moon|Booster Energy\n|-activate|p2a: Roaring Moon|ability: Protosynthesis|[fromitem]\n|-start|p2a: Roaring Moon|protosynthesisatk\n|turn|5\n|\n|t:|1698680706\n|move|p2a: Roaring Moon|Acrobatics|p1b: Pelipper\n|-damage|p1b: Pelipper|38\/100\n|move|p2b: Tornadus|Bleakwind Storm|p1a: Charizard|[spread] p1a,p1b\n|-damage|p1a: Charizard|29\/100 par\n|-damage|p1b: Pelipper|0 fnt\n|faint|p1b: Pelipper\n|move|p1a: Charizard|Defog|p2b: Tornadus\n|-unboost|p2b: Tornadus|evasion|1\n|-sideend|p2: AdvancedDigit|move: Light Screen\n|\n|-weather|RainDance|[upkeep]\n|-damage|p2a: Roaring Moon|39\/100 tox|[from] psn\n|upkeep\n|\n|t:|1698680722\n|switch|p1b: Greninja|Greninja, M|100\/100\n|turn|6\n|l| faiirybread\n|\n|t:|1698680745\n|move|p2a: Roaring Moon|Earthquake|p1a: Charizard|[spread] p1b\n|-immune|p2b: Tornadus\n|-immune|p1a: Charizard\n|-damage|p1b: Greninja|32\/100\n|move|p2b: Tornadus|Bleakwind Storm|p1b: Greninja|[spread] p1a,p1b\n|-damage|p1a: Charizard|0 fnt\n|-damage|p1b: Greninja|0 fnt\n|faint|p1a: Charizard\n|faint|p1b: Greninja\n|\n|-weather|RainDance|[upkeep]\n|-damage|p2a: Roaring Moon|21\/100 tox|[from] psn\n|-sideend|p2: AdvancedDigit|move: Tailwind\n|upkeep\n|-message|RAAAAAAAAAAAAR forfeited.\n|\n|win|AdvancedDigit\n|raw|RAAAAAAAAAAAAR's rating: 1153 &rarr; <strong>1138<\/strong><br \/>(-15 for losing)\n|raw|AdvancedDigit's rating: 1300 &rarr; <strong>1315<\/strong><br \/>(+15 for winning)\n|l|\u2606RAAAAAAAAAAAAR\n","uploadtime":1698680757,"views":9,"p1id":"raaaaaaaaaaaar","p2id":"advanceddigit","formatid":"gen9nationaldexdoubles","rating":1138,"private":0,"password":""}