{"id":"gen9nationaldexdoubles-1960735365","p1":"cr46290","p2":"seta0052","format":"[Gen 9] National Dex Doubles","log":"|j|\u2606cr46290\n|j|\u2606seta0052\n|t:|1696551012\n|gametype|doubles\n|player|p1|cr46290|guitarist|\n|player|p2|seta0052|pokemaniac|\n|teamsize|p1|6\n|teamsize|p2|6\n|gen|9\n|tier|[Gen 9] National Dex Doubles\n|rule|HP Percentage Mod: HP is shown in percentages\n|rule|Endless Battle Clause: Forcing endless battles is banned\n|rule|OHKO Clause: OHKO moves are banned\n|rule|Evasion Moves Clause: Evasion moves are banned\n|rule|Evasion Abilities Clause: Evasion abilities are banned\n|rule|Species Clause: Limit one of each Pok\u00e9mon\n|rule|Gravity Sleep Clause: The combination of sleep-inducing moves with imperfect accuracy and Gravity or Gigantamax Orbeetle are banned\n|clearpoke\n|poke|p1|Tornadus, M|\n|poke|p1|Metagross|\n|poke|p1|Sinistcha|\n|poke|p1|Jirachi|\n|poke|p1|Samurott-Hisui, F|\n|poke|p1|Iron Valiant|\n|poke|p2|Salamence, F|\n|poke|p2|Rillaboom, F|\n|poke|p2|Volcanion|\n|poke|p2|Flutter Mane|\n|poke|p2|Chien-Pao|\n|poke|p2|Ogerpon-Cornerstone, F|\n|teampreview\n|j| caeden0330\n|\n|t:|1696551043\n|start\n|switch|p1a: Samurott|Samurott-Hisui, F|100\/100\n|switch|p1b: Tornadus|Tornadus, M|100\/100\n|switch|p2a: Rillaboom|Rillaboom, F|100\/100\n|switch|p2b: Volcanion|Volcanion|100\/100\n|-fieldstart|move: Grassy Terrain|[from] ability: Grassy Surge|[of] p2a: Rillaboom\n|turn|1\n|\n|t:|1696551070\n|switch|p2b: Salamence|Salamence, F|100\/100\n|-ability|p2b: Salamence|Intimidate|boost\n|-unboost|p1a: Samurott|atk|1\n|-unboost|p1b: Tornadus|atk|1\n|move|p2a: Rillaboom|Fake Out|p1a: Samurott\n|-damage|p1a: Samurott|82\/100\n|move|p1b: Tornadus|Tailwind|p1b: Tornadus\n|-sidestart|p1: cr46290|move: Tailwind\n|cant|p1a: Samurott|flinch\n|\n|-heal|p1a: Samurott|89\/100|[from] Grassy Terrain\n|upkeep\n|turn|2\n|\n|t:|1696551103\n|switch|p2a: Ogerpon|Ogerpon-Cornerstone, F|100\/100\n|detailschange|p2b: Salamence|Salamence-Mega, F\n|-mega|p2b: Salamence|Salamence|Salamencite\n|move|p1b: Tornadus|Taunt|p2b: Salamence\n|-start|p2b: Salamence|move: Taunt\n|move|p1a: Samurott|Ceaseless Edge|p2a: Ogerpon\n|-damage|p2a: Ogerpon|64\/100\n|-sidestart|p2: seta0052|Spikes\n|cant|p2b: Salamence|move: Taunt|Dragon Dance\n|\n|-heal|p1a: Samurott|95\/100|[from] Grassy Terrain\n|-heal|p2a: Ogerpon|70\/100|[from] Grassy Terrain\n|upkeep\n|turn|3\n|\n|t:|1696551125\n|move|p1b: Tornadus|Protect|p1b: Tornadus\n|-singleturn|p1b: Tornadus|Protect\n|move|p2a: Ogerpon|Protect|p2a: Ogerpon\n|-singleturn|p2a: Ogerpon|Protect\n|move|p1a: Samurott|Razor Shell|p2a: Ogerpon\n|-activate|p2a: Ogerpon|move: Protect\n|move|p2b: Salamence|Frustration|p1b: Tornadus\n|-activate|p1b: Tornadus|move: Protect\n|\n|-heal|p1a: Samurott|100\/100|[from] Grassy Terrain\n|-heal|p2a: Ogerpon|76\/100|[from] Grassy Terrain\n|upkeep\n|turn|4\n|\n|t:|1696551146\n|switch|p1a: Metagross|Metagross|100\/100\n|switch|p2a: Rillaboom|Rillaboom, F|100\/100\n|-damage|p2a: Rillaboom|88\/100|[from] Spikes\n|move|p1b: Tornadus|Protect||[still]\n|-fail|p1b: Tornadus\n|move|p2b: Salamence|Frustration|p1b: Tornadus\n|-crit|p1b: Tornadus\n|-enditem|p1b: Tornadus|Focus Sash\n|-damage|p1b: Tornadus|1\/100\n|\n|-heal|p2a: Rillaboom|94\/100|[from] Grassy Terrain\n|-end|p2b: Salamence|move: Taunt\n|-sideend|p1: cr46290|move: Tailwind\n|upkeep\n|turn|5\n|\n|t:|1696551178\n|switch|p2b: Volcanion|Volcanion|100\/100\n|-damage|p2b: Volcanion|88\/100|[from] Spikes\n|detailschange|p1a: Metagross|Metagross-Mega\n|-mega|p1a: Metagross|Metagross|Metagrossite\n|move|p1b: Tornadus|Tailwind|p1b: Tornadus\n|-sidestart|p1: cr46290|move: Tailwind\n|move|p2a: Rillaboom|Grassy Glide|p1b: Tornadus\n|-resisted|p1b: Tornadus\n|-damage|p1b: Tornadus|0 fnt\n|faint|p1b: Tornadus\n|move|p1a: Metagross|Ice Punch|p2b: Volcanion\n|-resisted|p2b: Volcanion\n|-damage|p2b: Volcanion|80\/100\n|-status|p2b: Volcanion|frz\n|\n|-heal|p2a: Rillaboom|99\/100|[from] Grassy Terrain\n|-heal|p2b: Volcanion|86\/100 frz|[from] Grassy Terrain\n|-fieldend|move: Grassy Terrain\n|upkeep\n|\n|t:|1696551198\n|switch|p1b: Iron Valiant|Iron Valiant|100\/100\n|-enditem|p1b: Iron Valiant|Booster Energy\n|-activate|p1b: Iron Valiant|ability: Quark Drive|[fromitem]\n|-start|p1b: Iron Valiant|quarkdrivespe\n|turn|6\n|\n|t:|1696551212\n|move|p1b: Iron Valiant|Calm Mind|p1b: Iron Valiant\n|-boost|p1b: Iron Valiant|spa|1\n|-boost|p1b: Iron Valiant|spd|1\n|move|p1a: Metagross|Ice Punch|p2a: Rillaboom\n|-supereffective|p2a: Rillaboom\n|-damage|p2a: Rillaboom|36\/100\n|move|p2a: Rillaboom|U-turn|p1a: Metagross\n|-damage|p1a: Metagross|82\/100\n|\n|t:|1696551222\n|switch|p2a: Flutter Mane|Flutter Mane|100\/100|[from] U-turn\n|-damage|p2a: Flutter Mane|88\/100|[from] Spikes\n|-curestatus|p2b: Volcanion|frz|[from] move: Steam Eruption\n|move|p2b: Volcanion|Steam Eruption|p1a: Metagross\n|-damage|p1a: Metagross|19\/100\n|\n|upkeep\n|turn|7\n|\n|t:|1696551247\n|-end|p1b: Iron Valiant|Quark Drive|[silent]\n|switch|p1b: Sinistcha|Sinistcha|100\/100\n|-heal|p1a: Metagross|44\/100|[from] ability: Hospitality|[of] p1b: Sinistcha\n|-end|p2a: Flutter Mane|Protosynthesis|[silent]\n|switch|p2a: Salamence|Salamence-Mega, F|100\/100\n|move|p1a: Metagross|Stomping Tantrum|p2b: Volcanion\n|-supereffective|p2b: Volcanion\n|-damage|p2b: Volcanion|22\/100\n|move|p2b: Volcanion|Heat Wave|p1b: Sinistcha|[spread] p1a\n|-miss|p2b: Volcanion|p1b: Sinistcha\n|-supereffective|p1a: Metagross\n|-crit|p1a: Metagross\n|-damage|p1a: Metagross|0 fnt\n|faint|p1a: Metagross\n|\n|upkeep\n|\n|t:|1696551265\n|switch|p1a: Samurott|Samurott-Hisui, F|100\/100\n|turn|8\n|\n|t:|1696551283\n|-terastallize|p1b: Sinistcha|Water\n|move|p1a: Samurott|Ceaseless Edge|p2a: Salamence\n|-damage|p2a: Salamence|67\/100\n|-sidestart|p2: seta0052|Spikes\n|move|p2a: Salamence|Frustration|p1b: Sinistcha\n|-damage|p1b: Sinistcha|48\/100\n|move|p1b: Sinistcha|Matcha Gotcha|p2a: Salamence|[spread] p2a,p2b\n|-resisted|p2a: Salamence\n|-damage|p2a: Salamence|60\/100\n|-heal|p1b: Sinistcha|52\/100|[from] drain|[of] p2a: Salamence\n|-damage|p2b: Volcanion|3\/100\n|-heal|p1b: Sinistcha|61\/100|[from] drain|[of] p2b: Volcanion\n|move|p2b: Volcanion|Heat Wave|p1a: Samurott|[spread] p1a,p1b\n|-resisted|p1a: Samurott\n|-resisted|p1b: Sinistcha\n|-damage|p1a: Samurott|73\/100\n|-damage|p1b: Sinistcha|39\/100\n|\n|-heal|p1b: Sinistcha|45\/100|[from] item: Leftovers\n|-sideend|p1: cr46290|move: Tailwind\n|upkeep\n|turn|9\n|\n|t:|1696551319\n|move|p1a: Samurott|Sucker Punch|p2a: Salamence\n|-damage|p2a: Salamence|37\/100\n|move|p2a: Salamence|Frustration|p1b: Sinistcha\n|-damage|p1b: Sinistcha|0 fnt\n|faint|p1b: Sinistcha\n|move|p2b: Volcanion|Steam Eruption|p1a: Samurott|[miss]\n|-miss|p2b: Volcanion|p1a: Samurott\n|\n|upkeep\n|\n|t:|1696551331\n|switch|p1b: Iron Valiant|Iron Valiant|100\/100\n|turn|10\n|\n|t:|1696551345\n|move|p2a: Salamence|Frustration|p1b: Iron Valiant\n|-supereffective|p1b: Iron Valiant\n|-damage|p1b: Iron Valiant|0 fnt\n|faint|p1b: Iron Valiant\n|-end|p1b: Iron Valiant|Quark Drive|[silent]\n|move|p1a: Samurott|Ceaseless Edge|p2b: Volcanion\n|-crit|p2b: Volcanion\n|-damage|p2b: Volcanion|0 fnt\n|-sidestart|p2: seta0052|Spikes\n|faint|p2b: Volcanion\n|\n|upkeep\n|\n|t:|1696551358\n|switch|p1b: Jirachi|Jirachi|100\/100\n|switch|p2b: Rillaboom|Rillaboom, F|36\/100\n|-damage|p2b: Rillaboom|11\/100|[from] Spikes\n|-fieldstart|move: Grassy Terrain|[from] ability: Grassy Surge|[of] p2b: Rillaboom\n|turn|11\n|\n|t:|1696551374\n|move|p2b: Rillaboom|Fake Out|p1b: Jirachi\n|-resisted|p1b: Jirachi\n|-damage|p1b: Jirachi|95\/100\n|move|p1a: Samurott|Sucker Punch||[still]\n|-fail|p1a: Samurott\n|move|p2a: Salamence|Dragon Dance|p2a: Salamence\n|-boost|p2a: Salamence|atk|1\n|-boost|p2a: Salamence|spe|1\n|cant|p1b: Jirachi|flinch\n|\n|-heal|p1a: Samurott|79\/100|[from] Grassy Terrain\n|-heal|p1b: Jirachi|100\/100|[from] Grassy Terrain\n|-heal|p2b: Rillaboom|17\/100|[from] Grassy Terrain\n|upkeep\n|turn|12\n|\n|t:|1696551399\n|move|p2a: Salamence|Protect|p2a: Salamence\n|-singleturn|p2a: Salamence|Protect\n|move|p1a: Samurott|Sucker Punch||[still]\n|-fail|p1a: Samurott\n|move|p1b: Jirachi|U-turn|p2b: Rillaboom\n|-supereffective|p2b: Rillaboom\n|-damage|p2b: Rillaboom|0 fnt\n|faint|p2b: Rillaboom\n|\n|-heal|p1a: Samurott|85\/100|[from] Grassy Terrain\n|upkeep\n|\n|t:|1696551411\n|switch|p2b: Flutter Mane|Flutter Mane|88\/100\n|-damage|p2b: Flutter Mane|63\/100|[from] Spikes\n|turn|13\n|\n|t:|1696551419\n|move|p1a: Samurott|Sucker Punch|p2a: Salamence\n|-damage|p2a: Salamence|16\/100\n|move|p2a: Salamence|Frustration|p1a: Samurott\n|-damage|p1a: Samurott|0 fnt\n|faint|p1a: Samurott\n|move|p2b: Flutter Mane|Shadow Ball|p1b: Jirachi\n|-supereffective|p1b: Jirachi\n|-damage|p1b: Jirachi|20\/100\n|move|p1b: Jirachi|Iron Head|p2b: Flutter Mane\n|-supereffective|p2b: Flutter Mane\n|-damage|p2b: Flutter Mane|0 fnt\n|faint|p2b: Flutter Mane\n|-end|p2b: Flutter Mane|Protosynthesis|[silent]\n|\n|-heal|p1b: Jirachi|26\/100|[from] Grassy Terrain\n|-heal|p1b: Jirachi|32\/100|[from] item: Leftovers\n|upkeep\n|\n|t:|1696551437\n|switch|p2b: Chien-Pao|Chien-Pao|100\/100\n|-damage|p2b: Chien-Pao|76\/100|[from] Spikes\n|-ability|p2b: Chien-Pao|Sword of Ruin\n|turn|14\n|\n|t:|1696551445\n|move|p2a: Salamence|Frustration|p1b: Jirachi\n|-resisted|p1b: Jirachi\n|-damage|p1b: Jirachi|0 fnt\n|faint|p1b: Jirachi\n|\n|win|seta0052\n","uploadtime":1696551452,"views":33,"p1id":"cr46290","p2id":"seta0052","formatid":"gen9nationaldexdoubles","rating":0,"private":0,"password":""}