{"id":"gen9nationaldexdoubles-1978992011","p1":"Evanlava75","p2":"LowksterP","format":"[Gen 9] National Dex Doubles","log":"|j|\u2606Evanlava75\n|j|\u2606LowksterP\n|t:|1698618540\n|gametype|doubles\n|player|p1|Evanlava75|ethan|1104\n|player|p2|LowksterP|striker|1000\n|teamsize|p1|6\n|teamsize|p2|6\n|gen|9\n|tier|[Gen 9] National Dex Doubles\n|rated|\n|rule|HP Percentage Mod: HP is shown in percentages\n|rule|Endless Battle Clause: Forcing endless battles is banned\n|rule|OHKO Clause: OHKO moves are banned\n|rule|Evasion Moves Clause: Evasion moves are banned\n|rule|Evasion Abilities Clause: Evasion abilities are banned\n|rule|Species Clause: Limit one of each Pok\u00e9mon\n|rule|Gravity Sleep Clause: The combination of sleep-inducing moves with imperfect accuracy and Gravity or Gigantamax Orbeetle are banned\n|clearpoke\n|poke|p1|Baxcalibur, F|\n|poke|p1|Ogerpon-Wellspring, F|\n|poke|p1|Scizor, F|\n|poke|p1|Infernape, F|\n|poke|p1|Empoleon, M|\n|poke|p1|Gliscor, M|\n|poke|p2|Dodrio, M|\n|poke|p2|Golduck, M|\n|poke|p2|Primeape, M|\n|poke|p2|Arcanine, M|\n|poke|p2|Hypno, M|\n|poke|p2|Parasect, M|\n|teampreview\n|\n|t:|1698618553\n|start\n|switch|p1a: Gliscor|Gliscor, M|100\/100\n|switch|p1b: Ogerpon|Ogerpon-Wellspring, F|100\/100\n|switch|p2a: Hypno|Hypno, M, shiny|100\/100\n|switch|p2b: Golduck|Golduck, M, shiny|100\/100\n|-ability|p2b: Golduck|Cloud Nine\n|turn|1\n|\n|t:|1698618571\n|move|p1b: Ogerpon|U-turn|p2a: Hypno\n|-supereffective|p2a: Hypno\n|-damage|p2a: Hypno|43\/100\n|\n|t:|1698618580\n|switch|p1b: Empoleon|Empoleon, M|100\/100|[from] U-turn\n|move|p2b: Golduck|Icy Wind|p1a: Gliscor|[spread] p1a,p1b\n|-supereffective|p1a: Gliscor\n|-resisted|p1b: Empoleon\n|-damage|p1a: Gliscor|51\/100\n|-damage|p1b: Empoleon|98\/100\n|-unboost|p1a: Gliscor|spe|1\n|-unboost|p1b: Empoleon|spe|1\n|-ability|p1b: Empoleon|Competitive|boost\n|-boost|p1b: Empoleon|spa|2\n|move|p2a: Hypno|Thunder Wave|p1b: Empoleon\n|-status|p1b: Empoleon|par\n|move|p1a: Gliscor|Stealth Rock|p2a: Hypno\n|-sidestart|p2: LowksterP|move: Stealth Rock\n|\n|-heal|p2a: Hypno|49\/100|[from] item: Leftovers\n|-heal|p1b: Empoleon|100\/100 par|[from] item: Leftovers\n|-status|p1a: Gliscor|tox|[from] item: Toxic Orb\n|upkeep\n|turn|2\n|inactive|Battle timer is ON: inactive players will automatically lose when time's up. (requested by Evanlava75)\n|\n|t:|1698618625\n|move|p1b: Empoleon|Vacuum Wave|p2b: Golduck\n|-damage|p2b: Golduck|77\/100\n|move|p2b: Golduck|Icy Wind|p1b: Empoleon|[spread] p1a,p1b\n|-supereffective|p1a: Gliscor\n|-resisted|p1b: Empoleon\n|-damage|p1a: Gliscor|0 fnt\n|-damage|p1b: Empoleon|99\/100 par\n|-unboost|p1b: Empoleon|spe|1\n|-ability|p1b: Empoleon|Competitive|boost\n|-boost|p1b: Empoleon|spa|2\n|faint|p1a: Gliscor\n|move|p2a: Hypno|Nasty Plot|p2a: Hypno\n|-boost|p2a: Hypno|spa|2\n|\n|-heal|p2b: Golduck|83\/100|[from] item: Leftovers\n|-heal|p2a: Hypno|55\/100|[from] item: Leftovers\n|-heal|p1b: Empoleon|100\/100 par|[from] item: Leftovers\n|upkeep\n|\n|t:|1698618640\n|switch|p1a: Scizor|Scizor, F|100\/100\n|turn|3\n|\n|t:|1698618655\n|move|p1a: Scizor|Bullet Punch|p2a: Hypno\n|-damage|p2a: Hypno|25\/100\n|move|p2b: Golduck|Psych Up|p2a: Hypno\n|-copyboost|p2b: Golduck|p2a: Hypno|[from] move: Psych Up\n|move|p2a: Hypno|Thunder Wave|p1a: Scizor\n|-status|p1a: Scizor|par\n|move|p1b: Empoleon|Icy Wind|p2b: Golduck|[spread] p2a,p2b\n|-resisted|p2b: Golduck\n|-damage|p2a: Hypno|0 fnt\n|-damage|p2b: Golduck|66\/100\n|-unboost|p2b: Golduck|spe|1\n|faint|p2a: Hypno\n|\n|-heal|p2b: Golduck|72\/100|[from] item: Leftovers\n|upkeep\n|\n|t:|1698618670\n|switch|p2a: Parasect|Parasect, M, shiny|100\/100\n|-damage|p2a: Parasect|75\/100|[from] Stealth Rock\n|turn|4\n|\n|t:|1698618682\n|cant|p1b: Empoleon|par\n|move|p2b: Golduck|Muddy Water|p1b: Empoleon|[spread] p1a\n|-miss|p2b: Golduck|p1b: Empoleon\n|-damage|p1a: Scizor|42\/100 par\n|cant|p1a: Scizor|par\n|move|p2a: Parasect|Leech Seed|p1b: Empoleon\n|-start|p1b: Empoleon|move: Leech Seed\n|\n|-heal|p2b: Golduck|78\/100|[from] item: Leftovers\n|-heal|p2a: Parasect|82\/100|[from] item: Leftovers\n|-damage|p1b: Empoleon|88\/100 par|[from] Leech Seed|[of] p2a: Parasect\n|-heal|p2a: Parasect|98\/100|[silent]\n|upkeep\n|turn|5\n|\n|t:|1698618708\n|detailschange|p1a: Scizor|Scizor-Mega, F\n|-mega|p1a: Scizor|Scizor|Scizorite\n|move|p2b: Golduck|Muddy Water|p1a: Scizor|[spread] p1a,p1b\n|-resisted|p1b: Empoleon\n|-damage|p1a: Scizor|0 fnt\n|-damage|p1b: Empoleon|65\/100 par\n|faint|p1a: Scizor\n|move|p2a: Parasect|Leech Seed||[still]\n|-fail|p2a: Parasect\n|cant|p1b: Empoleon|par\n|\n|-heal|p2b: Golduck|84\/100|[from] item: Leftovers\n|-heal|p2a: Parasect|100\/100|[from] item: Leftovers\n|-heal|p1b: Empoleon|71\/100 par|[from] item: Leftovers\n|-damage|p1b: Empoleon|59\/100 par|[from] Leech Seed|[of] p2a: Parasect\n|upkeep\n|\n|t:|1698618720\n|switch|p1a: Infernape|Infernape, F|100\/100\n|turn|6\n|\n|t:|1698618729\n|move|p1a: Infernape|Fake Out|p2b: Golduck\n|-damage|p2b: Golduck|71\/100\n|cant|p2b: Golduck|flinch\n|move|p2a: Parasect|Spore|p1a: Infernape\n|-status|p1a: Infernape|slp|[from] move: Spore\n|move|p1b: Empoleon|Scald|p2a: Parasect\n|-immune|p2a: Parasect|[from] ability: Dry Skin\n|\n|-heal|p2b: Golduck|77\/100|[from] item: Leftovers\n|-heal|p1b: Empoleon|65\/100 par|[from] item: Leftovers\n|-damage|p1b: Empoleon|53\/100 par|[from] Leech Seed|[of] p2a: Parasect\n|upkeep\n|turn|7\n|\n|t:|1698618751\n|cant|p1a: Infernape|slp\n|move|p2b: Golduck|Muddy Water|p1b: Empoleon|[spread] p1a\n|-miss|p2b: Golduck|p1b: Empoleon\n|-supereffective|p1a: Infernape\n|-damage|p1a: Infernape|0 fnt\n|faint|p1a: Infernape\n|move|p2a: Parasect|Leech Seed||[still]\n|-fail|p2a: Parasect\n|move|p1b: Empoleon|Icy Wind|p2a: Parasect|[spread] p2a\n|-miss|p1b: Empoleon|p2b: Golduck\n|-supereffective|p2a: Parasect\n|-damage|p2a: Parasect|23\/100\n|-unboost|p2a: Parasect|spe|1\n|\n|-heal|p2b: Golduck|83\/100|[from] item: Leftovers\n|-heal|p2a: Parasect|29\/100|[from] item: Leftovers\n|-heal|p1b: Empoleon|59\/100 par|[from] item: Leftovers\n|-damage|p1b: Empoleon|47\/100 par|[from] Leech Seed|[of] p2a: Parasect\n|-heal|p2a: Parasect|45\/100|[silent]\n|upkeep\n|inactive|Evanlava75 has 120 seconds left.\n|\n|t:|1698618771\n|switch|p1a: Baxcalibur|Baxcalibur, F|100\/100\n|turn|8\n|\n|t:|1698618786\n|move|p1a: Baxcalibur|Swords Dance|p1a: Baxcalibur\n|-boost|p1a: Baxcalibur|atk|2\n|move|p2b: Golduck|Muddy Water|p1a: Baxcalibur|[spread] p1b\n|-miss|p2b: Golduck|p1a: Baxcalibur\n|-resisted|p1b: Empoleon\n|-damage|p1b: Empoleon|24\/100 par\n|move|p2a: Parasect|Spore|p1a: Baxcalibur\n|-status|p1a: Baxcalibur|slp|[from] move: Spore\n|move|p1b: Empoleon|Icy Wind|p2b: Golduck|[spread] p2b\n|-miss|p1b: Empoleon|p2a: Parasect\n|-resisted|p2b: Golduck\n|-damage|p2b: Golduck|67\/100\n|-unboost|p2b: Golduck|spe|1\n|\n|-heal|p2b: Golduck|73\/100|[from] item: Leftovers\n|-heal|p2a: Parasect|51\/100|[from] item: Leftovers\n|-heal|p1b: Empoleon|31\/100 par|[from] item: Leftovers\n|-damage|p1b: Empoleon|18\/100 par|[from] Leech Seed|[of] p2a: Parasect\n|-heal|p2a: Parasect|67\/100|[silent]\n|upkeep\n|turn|9\n|\n|t:|1698618816\n|-terastallize|p1b: Empoleon|Fighting\n|move|p1b: Empoleon|Vacuum Wave|p2b: Golduck\n|-damage|p2b: Golduck|20\/100\n|cant|p1a: Baxcalibur|slp\n|move|p2b: Golduck|Muddy Water|p1b: Empoleon|[spread] p1a,p1b\n|-resisted|p1a: Baxcalibur\n|-damage|p1a: Baxcalibur|77\/100 slp\n|-damage|p1b: Empoleon|0 fnt\n|faint|p1b: Empoleon\n|move|p2a: Parasect|Leech Seed|p1a: Baxcalibur\n|-start|p1a: Baxcalibur|move: Leech Seed\n|\n|-heal|p2b: Golduck|26\/100|[from] item: Leftovers\n|-heal|p2a: Parasect|73\/100|[from] item: Leftovers\n|-damage|p1a: Baxcalibur|64\/100 slp|[from] Leech Seed|[of] p2a: Parasect\n|-heal|p2a: Parasect|89\/100|[silent]\n|upkeep\n|inactive|Evanlava75 has 120 seconds left.\n|\n|t:|1698618830\n|switch|p1b: Ogerpon|Ogerpon-Wellspring, F|100\/100\n|turn|10\n|\n|t:|1698618849\n|move|p1b: Ogerpon|Horn Leech|p2b: Golduck\n|-supereffective|p2b: Golduck\n|-damage|p2b: Golduck|0 fnt\n|faint|p2b: Golduck\n|cant|p1a: Baxcalibur|slp\n|move|p2a: Parasect|Leech Life|p1b: Ogerpon\n|-supereffective|p1b: Ogerpon\n|-damage|p1b: Ogerpon|18\/100\n|-heal|p2a: Parasect|100\/100|[from] drain|[of] p1b: Ogerpon\n|\n|-damage|p1a: Baxcalibur|52\/100 slp|[from] Leech Seed|[of] p2a: Parasect\n|upkeep\n|\n|t:|1698618861\n|switch|p2b: Arcanine|Arcanine, M, shiny|100\/100\n|-damage|p2b: Arcanine|76\/100|[from] Stealth Rock\n|-ability|p2b: Arcanine|Intimidate|boost\n|-unboost|p1a: Baxcalibur|atk|1\n|-unboost|p1b: Ogerpon|atk|1\n|turn|11\n|\n|t:|1698618875\n|move|p1b: Ogerpon|Ivy Cudgel|p2b: Arcanine\n|-supereffective|p2b: Arcanine\n|-damage|p2b: Arcanine|0 fnt\n|faint|p2b: Arcanine\n|cant|p1a: Baxcalibur|slp\n|move|p2a: Parasect|Leech Life|p1b: Ogerpon\n|-supereffective|p1b: Ogerpon\n|-damage|p1b: Ogerpon|0 fnt\n|faint|p1b: Ogerpon\n|\n|-damage|p1a: Baxcalibur|39\/100 slp|[from] Leech Seed|[of] p2a: Parasect\n|upkeep\n|\n|t:|1698618884\n|switch|p2b: Primeape|Primeape, M, shiny|100\/100\n|-damage|p2b: Primeape|95\/100|[from] Stealth Rock\n|turn|12\n|\n|t:|1698618894\n|-curestatus|p1a: Baxcalibur|slp|[msg]\n|move|p1a: Baxcalibur|Swords Dance|p1a: Baxcalibur\n|-boost|p1a: Baxcalibur|atk|2\n|move|p2b: Primeape|Dynamic Punch|p1a: Baxcalibur|[miss]\n|-miss|p2b: Primeape|p1a: Baxcalibur\n|-enditem|p2b: Primeape|Blunder Policy\n|-boost|p2b: Primeape|spe|2\n|move|p2a: Parasect|Spore|p1a: Baxcalibur\n|-status|p1a: Baxcalibur|slp|[from] move: Spore\n|\n|-damage|p1a: Baxcalibur|27\/100 slp|[from] Leech Seed|[of] p2a: Parasect\n|upkeep\n|turn|13\n|\n|t:|1698618915\n|move|p2b: Primeape|Hone Claws|p2b: Primeape\n|-boost|p2b: Primeape|atk|1\n|-boost|p2b: Primeape|accuracy|1\n|cant|p1a: Baxcalibur|slp\n|move|p2a: Parasect|Leech Life|p1a: Baxcalibur\n|-damage|p1a: Baxcalibur|0 fnt\n|faint|p1a: Baxcalibur\n|\n|win|LowksterP\n|raw|Evanlava75's rating: 1104 &rarr; <strong>1072<\/strong><br \/>(-32 for losing)\n|raw|LowksterP's rating: 1000 &rarr; <strong>1052<\/strong><br \/>(+52 for winning)\n|l|\u2606Evanlava75\n","uploadtime":1698618932,"views":6,"p1id":"evanlava75","p2id":"lowksterp","formatid":"gen9nationaldexdoubles","rating":1052,"private":0,"password":""}