{"id":"gen9nationaldexdoubles-1998665326","p1":"Mivioshi","p2":"Shammm","format":"[Gen 9] National Dex Doubles","log":"|j|\u2606Mivioshi\n|j|\u2606Shammm\n|t:|1700969590\n|gametype|doubles\n|player|p1|Mivioshi|n|\n|player|p2|Shammm|depotagent|\n|teamsize|p1|6\n|teamsize|p2|6\n|gen|9\n|tier|[Gen 9] National Dex Doubles\n|rule|HP Percentage Mod: HP is shown in percentages\n|rule|Endless Battle Clause: Forcing endless battles is banned\n|rule|OHKO Clause: OHKO moves are banned\n|rule|Evasion Moves Clause: Evasion moves are banned\n|rule|Evasion Abilities Clause: Evasion abilities are banned\n|rule|Species Clause: Limit one of each Pok\u00e9mon\n|rule|Gravity Sleep Clause: The combination of sleep-inducing moves with imperfect accuracy and Gravity or Gigantamax Orbeetle are banned\n|clearpoke\n|poke|p1|Iron Hands|\n|poke|p1|Amoonguss, F|\n|poke|p1|Meowscarada, M|\n|poke|p1|Sinistcha-Masterpiece|\n|poke|p1|Skeledirge, F|\n|poke|p1|Tornadus-Therian, M|\n|poke|p2|Flamigo, F|\n|poke|p2|Medicham, M|\n|poke|p2|Scizor, M|\n|poke|p2|Gardevoir, F|\n|poke|p2|Archeops, M|\n|poke|p2|Ariados, F|\n|teampreview\n|inactive|Battle timer is ON: inactive players will automatically lose when time's up. (requested by Mivioshi)\n|\n|t:|1700969613\n|start\n|switch|p1a: Meowscarada|Meowscarada, M|100\/100\n|switch|p1b: Instigator|Tornadus-Therian, M|100\/100\n|switch|p2a: Archeops|Archeops, M, shiny|100\/100\n|switch|p2b: Ariados|Ariados, F|100\/100\n|turn|1\n|inactive|Mivioshi has 270 seconds left.\n|\n|t:|1700969646\n|move|p1a: Meowscarada|U-turn|p2a: Archeops\n|-start|p1a: Meowscarada|typechange|Bug|[from] ability: Protean\n|-resisted|p2a: Archeops\n|-crit|p2a: Archeops\n|-damage|p2a: Archeops|62\/100\n|inactive|Mivioshi has 270 seconds left.\n|\n|t:|1700969653\n|switch|p1a: Iron Fade|Iron Hands|100\/100|[from] U-turn\n|-enditem|p1a: Iron Fade|Booster Energy\n|-activate|p1a: Iron Fade|ability: Quark Drive|[fromitem]\n|-start|p1a: Iron Fade|quarkdriveatk\n|move|p1b: Instigator|U-turn|p2a: Archeops\n|-resisted|p2a: Archeops\n|-damage|p2a: Archeops|45\/100\n|inactive|Mivioshi has 270 seconds left.\n|\n|t:|1700969663\n|switch|p1b: Skeledirge|Skeledirge, F|100\/100|[from] U-turn\n|move|p2a: Archeops|Rock Slide|p1b: Skeledirge|[spread] p1a,p1b\n|-resisted|p1a: Iron Fade\n|-supereffective|p1b: Skeledirge\n|-damage|p1a: Iron Fade|94\/100\n|-damage|p1b: Skeledirge|68\/100\n|-damage|p2a: Archeops|35\/100|[from] item: Life Orb\n|move|p2b: Ariados|Cross Poison|p1b: Skeledirge\n|-resisted|p1b: Skeledirge\n|-crit|p1b: Skeledirge\n|-damage|p1b: Skeledirge|37\/100\n|\n|upkeep\n|turn|2\n|inactive|Shammm has 270 seconds left.\n|\n|t:|1700969693\n|move|p2a: Archeops|Crunch|p1b: Skeledirge\n|-supereffective|p1b: Skeledirge\n|-damage|p1b: Skeledirge|7\/100\n|-damage|p2a: Archeops|25\/100|[from] item: Life Orb\n|move|p1b: Skeledirge|Torch Song|p2b: Ariados\n|-supereffective|p2b: Ariados\n|-damage|p2b: Ariados|0 fnt\n|-boost|p1b: Skeledirge|spa|1\n|faint|p2b: Ariados\n|move|p1a: Iron Fade|Ice Punch|p2a: Archeops\n|-supereffective|p2a: Archeops\n|-damage|p2a: Archeops|0 fnt\n|faint|p2a: Archeops\n|\n|upkeep\n|inactive|Shammm has 270 seconds left.\n|\n|t:|1700969710\n|switch|p2a: Gardevoir|Gardevoir, F, shiny|100\/100\n|switch|p2b: Azul|Medicham, M, shiny|100\/100\n|-ability|p2a: Gardevoir|Unaware|[from] ability: Trace|[of] p1b: Skeledirge\n|turn|3\n|inactive|Shammm has 270 seconds left.\n|\n|t:|1700969732\n|move|p2b: Azul|Psycho Cut|p1a: Iron Fade\n|-supereffective|p1a: Iron Fade\n|-damage|p1a: Iron Fade|40\/100\n|move|p2a: Gardevoir|Dazzling Gleam|p1b: Skeledirge|[spread] p1a,p1b\n|-supereffective|p1a: Iron Fade\n|-resisted|p1b: Skeledirge\n|-damage|p1a: Iron Fade|0 fnt\n|-damage|p1b: Skeledirge|0 fnt\n|faint|p1a: Iron Fade\n|-end|p1a: Iron Fade|Quark Drive|[silent]\n|faint|p1b: Skeledirge\n|\n|upkeep\n|\n|t:|1700969746\n|switch|p1b: Instigator|Tornadus-Therian, M|100\/100\n|switch|p1a: Meowscarada|Meowscarada, M|100\/100\n|turn|4\n|\n|t:|1700969770\n|-terastallize|p1a: Meowscarada|Ground\n|-terastallize|p2b: Azul|Fighting\n|move|p1a: Meowscarada|U-turn|p2a: Gardevoir\n|-damage|p2a: Gardevoir|76\/100\n|\n|t:|1700969775\n|switch|p1a: Amoonguss|Amoonguss, F|100\/100|[from] U-turn\n|move|p2b: Azul|Psycho Cut|p1b: Instigator\n|-crit|p1b: Instigator\n|-damage|p1b: Instigator|6\/100\n|move|p1b: Instigator|Tailwind|p1b: Instigator\n|-sidestart|p1: Mivioshi|move: Tailwind\n|move|p2a: Gardevoir|Will-O-Wisp|p1a: Amoonguss\n|-status|p1a: Amoonguss|brn\n|\n|-damage|p1a: Amoonguss|94\/100 brn|[from] brn\n|upkeep\n|turn|5\n|\n|t:|1700969794\n|move|p1a: Amoonguss|Rage Powder|p1a: Amoonguss\n|-singleturn|p1a: Amoonguss|move: Rage Powder\n|move|p1b: Instigator|Fling|p2a: Gardevoir\n|-damage|p2a: Gardevoir|51\/100\n|-status|p2a: Gardevoir|psn\n|-enditem|p1b: Instigator|Poison Barb|[from] move: Fling\n|move|p2b: Azul|Psycho Cut|p1a: Amoonguss\n|-supereffective|p1a: Amoonguss\n|-damage|p1a: Amoonguss|0 fnt\n|faint|p1a: Amoonguss\n|move|p2a: Gardevoir|Dazzling Gleam|p1b: Instigator\n|-damage|p1b: Instigator|0 fnt\n|faint|p1b: Instigator\n|\n|-damage|p2a: Gardevoir|38\/100 psn|[from] psn\n|upkeep\n|\n|t:|1700969807\n|switch|p1b: Meowscarada|Meowscarada, M, tera:Ground|100\/100\n|switch|p1a: Arizona Tea|Sinistcha-Masterpiece|100\/100\n|turn|6\n|inactive|Mivioshi has 270 seconds left.\n|\n|t:|1700969846\n|move|p1b: Meowscarada|Play Rough|p2a: Gardevoir\n|-damage|p2a: Gardevoir|6\/100 psn\n|-unboost|p2a: Gardevoir|atk|1\n|move|p2b: Azul|Psycho Cut|p1a: Arizona Tea\n|-damage|p1a: Arizona Tea|70\/100\n|move|p1a: Arizona Tea|Matcha Gotcha|p2b: Azul|[spread] p2a,p2b\n|-damage|p2a: Gardevoir|0 fnt\n|-heal|p1a: Arizona Tea|73\/100|[from] drain|[of] p2a: Gardevoir\n|-damage|p2b: Azul|63\/100\n|-heal|p1a: Arizona Tea|87\/100|[from] drain|[of] p2b: Azul\n|faint|p2a: Gardevoir\n|\n|upkeep\n|inactive|Shammm has 270 seconds left.\n|\n|t:|1700969861\n|switch|p2a: Flamigo|Flamigo, F|100\/100\n|-copyboost|p2a: Flamigo|p2b: Azul|[from] ability: Costar\n|turn|7\n|\n|t:|1700969882\n|move|p1a: Arizona Tea|Protect|p1a: Arizona Tea\n|-singleturn|p1a: Arizona Tea|Protect\n|move|p1b: Meowscarada|Play Rough|p2a: Flamigo\n|-supereffective|p2a: Flamigo\n|-damage|p2a: Flamigo|38\/100\n|move|p2b: Azul|Psycho Cut|p1b: Meowscarada\n|-damage|p1b: Meowscarada|29\/100\n|move|p2a: Flamigo|Tailwind|p2a: Flamigo\n|-sidestart|p2: Shammm|move: Tailwind\n|\n|-sideend|p1: Mivioshi|move: Tailwind\n|upkeep\n|turn|8\n|inactive|Mivioshi has 270 seconds left.\n|\n|t:|1700969912\n|move|p2b: Azul|Psycho Cut|p1a: Arizona Tea\n|-damage|p1a: Arizona Tea|54\/100\n|move|p1b: Meowscarada|Play Rough|p2a: Flamigo\n|-supereffective|p2a: Flamigo\n|-damage|p2a: Flamigo|0 fnt\n|faint|p2a: Flamigo\n|move|p1a: Arizona Tea|Matcha Gotcha|p2b: Azul\n|-damage|p2b: Azul|6\/100\n|-heal|p1a: Arizona Tea|76\/100|[from] drain|[of] p2b: Azul\n|-status|p2b: Azul|brn\n|\n|-damage|p2b: Azul|0 fnt|[from] brn\n|faint|p2b: Azul\n|upkeep\n|\n|t:|1700969929\n|switch|p2b: Rojo|Scizor, M|100\/100\n|turn|9\n|\n|t:|1700969941\n|move|p1b: Meowscarada|Play Rough|p2b: Rojo\n|-resisted|p2b: Rojo\n|-damage|p2b: Rojo|83\/100\n|move|p2b: Rojo|Thief|p1a: Arizona Tea\n|-supereffective|p1a: Arizona Tea\n|-damage|p1a: Arizona Tea|29\/100\n|move|p1a: Arizona Tea|Strength Sap|p2b: Rojo\n|-unboost|p2b: Rojo|atk|1\n|-heal|p1a: Arizona Tea|100\/100\n|\n|upkeep\n|turn|10\n|\n|t:|1700969964\n|move|p1b: Meowscarada|Play Rough|p2b: Rojo|[miss]\n|-miss|p1b: Meowscarada|p2b: Rojo\n|move|p2b: Rojo|Iron Head|p1b: Meowscarada\n|-damage|p1b: Meowscarada|0 fnt\n|faint|p1b: Meowscarada\n|move|p1a: Arizona Tea|Strength Sap|p2b: Rojo\n|-unboost|p2b: Rojo|atk|1\n|\n|-sideend|p2: Shammm|move: Tailwind\n|upkeep\n|turn|11\n|\n|t:|1700969982\n|move|p2b: Rojo|Thief|p1a: Arizona Tea\n|-supereffective|p1a: Arizona Tea\n|-damage|p1a: Arizona Tea|79\/100\n|move|p1a: Arizona Tea|Scald|p2b: Rojo\n|-damage|p2b: Rojo|51\/100\n|-status|p2b: Rojo|brn\n|\n|-damage|p2b: Rojo|45\/100 brn|[from] brn\n|upkeep\n|turn|12\n|\n|t:|1700969999\n|move|p1a: Arizona Tea|Protect|p1a: Arizona Tea\n|-singleturn|p1a: Arizona Tea|Protect\n|move|p2b: Rojo|Iron Head|p1a: Arizona Tea\n|-activate|p1a: Arizona Tea|move: Protect\n|\n|-damage|p2b: Rojo|39\/100 brn|[from] brn\n|upkeep\n|turn|13\n|\n|t:|1700970011\n|move|p2b: Rojo|Iron Head|p1a: Arizona Tea\n|-damage|p1a: Arizona Tea|71\/100\n|move|p1a: Arizona Tea|Scald|p2b: Rojo\n|-damage|p2b: Rojo|6\/100 brn\n|\n|-damage|p2b: Rojo|0 fnt|[from] brn\n|faint|p2b: Rojo\n|\n|win|Mivioshi\n|upkeep\n|l|\u2606Shammm\n","uploadtime":1700970032,"views":0,"p1id":"mivioshi","p2id":"shammm","formatid":"gen9nationaldexdoubles","rating":0,"private":0,"password":""}