{"id":"gen9nationaldexdoubles-1972531476","p1":"dog678","p2":"Feetstreetmeatseat","format":"[Gen 9] National Dex Doubles","log":"|j|\u2606dog678\n|j|\u2606Feetstreetmeatseat\n|t:|1697853611\n|gametype|doubles\n|player|p1|dog678|1|1108\n|player|p2|Feetstreetmeatseat|skierf|1201\n|teamsize|p1|6\n|teamsize|p2|6\n|gen|9\n|tier|[Gen 9] National Dex Doubles\n|rated|\n|rule|HP Percentage Mod: HP is shown in percentages\n|rule|Endless Battle Clause: Forcing endless battles is banned\n|rule|OHKO Clause: OHKO moves are banned\n|rule|Evasion Moves Clause: Evasion moves are banned\n|rule|Evasion Abilities Clause: Evasion abilities are banned\n|rule|Species Clause: Limit one of each Pok\u00e9mon\n|rule|Gravity Sleep Clause: The combination of sleep-inducing moves with imperfect accuracy and Gravity or Gigantamax Orbeetle are banned\n|clearpoke\n|poke|p1|Flutter Mane|\n|poke|p1|Regieleki|\n|poke|p1|Dugtrio, F|\n|poke|p1|Palafin, F|\n|poke|p1|Spidops, F|\n|poke|p1|Skeledirge, M|\n|poke|p2|Porygon2|\n|poke|p2|Torkoal, M|\n|poke|p2|Incineroar, F|\n|poke|p2|Iron Hands|\n|poke|p2|Farigiraf, M|\n|poke|p2|Gastrodon-East, F|\n|teampreview\n|\n|t:|1697853626\n|start\n|switch|p1a: dawg|Flutter Mane, shiny|100\/100\n|switch|p1b: 3 floor dumps|Dugtrio, F, shiny|100\/100\n|switch|p2a: kawaii cuteness|Porygon2|100\/100\n|switch|p2b: fursona|Incineroar, F|100\/100\n|-ability|p2b: fursona|Intimidate|boost\n|-unboost|p1a: dawg|atk|1\n|-unboost|p1b: 3 floor dumps|atk|1\n|-ability|p2a: kawaii cuteness|Arena Trap|[from] ability: Trace|[of] p1b: 3 floor dumps\n|turn|1\n|\n|t:|1697853648\n|move|p1a: dawg|Perish Song|p1a: dawg\n|-start|p1a: dawg|perish3|[silent]\n|-start|p1b: 3 floor dumps|perish3|[silent]\n|-start|p2a: kawaii cuteness|perish3|[silent]\n|-start|p2b: fursona|perish3|[silent]\n|-fieldactivate|move: Perish Song\n|move|p1b: 3 floor dumps|Stealth Rock|p2b: fursona\n|-sidestart|p2: Feetstreetmeatseat|move: Stealth Rock\n|move|p2b: fursona|Knock Off|p1a: dawg\n|-damage|p1a: dawg|46\/100\n|move|p2a: kawaii cuteness|Ice Beam|p1b: 3 floor dumps\n|-supereffective|p1b: 3 floor dumps\n|-damage|p1b: 3 floor dumps|0 fnt\n|faint|p1b: 3 floor dumps\n|\n|-start|p1a: dawg|perish3\n|-start|p2b: fursona|perish3\n|-start|p2a: kawaii cuteness|perish3\n|upkeep\n|\n|t:|1697853654\n|switch|p1b: SPEED DEMON|Regieleki, shiny|100\/100\n|turn|2\n|\n|t:|1697853679\n|move|p1b: SPEED DEMON|Thunder Cage|p2a: kawaii cuteness\n|-damage|p2a: kawaii cuteness|65\/100\n|-activate|p2a: kawaii cuteness|move: Thunder Cage|[of] p1b: SPEED DEMON\n|move|p1a: dawg|Draining Kiss|p2b: fursona\n|-damage|p2b: fursona|85\/100\n|-heal|p1a: dawg|65\/100|[from] drain|[of] p2b: fursona\n|move|p2b: fursona|U-turn|p1a: dawg\n|-resisted|p1a: dawg\n|-damage|p1a: dawg|54\/100\n|\n|t:|1697853693\n|switch|p2b: slugterra|Gastrodon-East, F|100\/100|[from] U-turn\n|-damage|p2b: slugterra|94\/100|[from] Stealth Rock\n|move|p2a: kawaii cuteness|Trick Room|p2a: kawaii cuteness\n|-fieldstart|move: Trick Room|[of] p2a: kawaii cuteness\n|\n|-damage|p2a: kawaii cuteness|53\/100|[from] move: Thunder Cage|[partiallytrapped]\n|-start|p2a: kawaii cuteness|perish2\n|-start|p1a: dawg|perish2\n|upkeep\n|turn|3\n|\n|t:|1697853729\n|move|p2b: slugterra|Earth Power|p1b: SPEED DEMON\n|-supereffective|p1b: SPEED DEMON\n|-damage|p1b: SPEED DEMON|0 fnt\n|faint|p1b: SPEED DEMON\n|move|p2a: kawaii cuteness|Ice Beam|p1a: dawg\n|-damage|p1a: dawg|21\/100\n|move|p1a: dawg|Pain Split|p2b: slugterra\n|-sethp|p2b: slugterra|53\/100|[from] move: Pain Split|[silent]\n|-sethp|p1a: dawg|90\/100|[from] move: Pain Split\n|\n|-end|p2a: kawaii cuteness|Thunder Cage|[partiallytrapped]|[silent]\n|-start|p2a: kawaii cuteness|perish1\n|-start|p1a: dawg|perish1\n|upkeep\n|\n|t:|1697853743\n|switch|p1b: ALL MIGHT|Palafin, F, shiny|100\/100\n|turn|4\n|\n|t:|1697853784\n|-end|p1a: dawg|Protosynthesis|[silent]\n|switch|p1a: nom nom|Skeledirge, M|100\/100\n|move|p2b: slugterra|Recover|p2b: slugterra\n|-heal|p2b: slugterra|100\/100\n|move|p2a: kawaii cuteness|Thunderbolt|p1b: ALL MIGHT\n|-supereffective|p1b: ALL MIGHT\n|-damage|p1b: ALL MIGHT|22\/100\n|move|p1b: ALL MIGHT|Wave Crash|p2b: slugterra\n|-ability|p2b: slugterra|Storm Drain|boost\n|-boost|p2b: slugterra|spa|1\n|\n|-start|p2a: kawaii cuteness|perish0\n|faint|p2a: kawaii cuteness\n|upkeep\n|\n|t:|1697853805\n|switch|p2a: holy smokes|Torkoal, M|100\/100\n|-damage|p2a: holy smokes|76\/100|[from] Stealth Rock\n|-weather|SunnyDay|[from] ability: Drought|[of] p2a: holy smokes\n|turn|5\n|inactive|Battle timer is ON: inactive players will automatically lose when time's up. (requested by Feetstreetmeatseat)\n|\n|t:|1697853850\n|-terastallize|p2a: holy smokes|Grass\n|move|p2a: holy smokes|Solar Beam||[still]\n|-prepare|p2a: holy smokes|Solar Beam\n|-anim|p2a: holy smokes|Solar Beam|p1b: ALL MIGHT\n|-supereffective|p1b: ALL MIGHT\n|-damage|p1b: ALL MIGHT|0 fnt\n|faint|p1b: ALL MIGHT\n|move|p2b: slugterra|Earth Power|p1a: nom nom\n|-supereffective|p1a: nom nom\n|-damage|p1a: nom nom|0 fnt\n|faint|p1a: nom nom\n|\n|-weather|SunnyDay|[upkeep]\n|upkeep\n|\n|t:|1697853858\n|switch|p1a: rat|Spidops, F|100\/100\n|switch|p1b: dawg|Flutter Mane, shiny|90\/100\n|-activate|p1b: dawg|ability: Protosynthesis\n|-start|p1b: dawg|protosynthesisspa\n|turn|6\n|-message|dog678 forfeited.\n|\n|win|Feetstreetmeatseat\n|raw|dog678's rating: 1108 &rarr; <strong>1090<\/strong><br \/>(-18 for losing)\n|raw|Feetstreetmeatseat's rating: 1201 &rarr; <strong>1219<\/strong><br \/>(+18 for winning)\n|l|\u2606dog678\n","uploadtime":1697853894,"views":5,"p1id":"dog678","p2id":"feetstreetmeatseat","formatid":"gen9nationaldexdoubles","rating":1090,"private":0,"password":""}