{"id":"gen9nationaldexdoubles-1950445298","p1":"Play Tale of Wuxia","p2":"Leonarth5","format":"[Gen 9] National Dex Doubles","log":"|j|\u2606Play Tale of Wuxia\n|j|\u2606Leonarth5\n|t:|1695473660\n|gametype|doubles\n|player|p1|Play Tale of Wuxia|gentleman|\n|player|p2|Leonarth5|acetrainersnowf|\n|teamsize|p1|6\n|teamsize|p2|6\n|gen|9\n|tier|[Gen 9] National Dex Doubles\n|rule|HP Percentage Mod: HP is shown in percentages\n|rule|Endless Battle Clause: Forcing endless battles is banned\n|rule|OHKO Clause: OHKO moves are banned\n|rule|Evasion Moves Clause: Evasion moves are banned\n|rule|Evasion Abilities Clause: Evasion abilities are banned\n|rule|Species Clause: Limit one of each Pok\u00e9mon\n|rule|Gravity Sleep Clause: The combination of sleep-inducing moves with imperfect accuracy and Gravity or Gigantamax Orbeetle are banned\n|clearpoke\n|poke|p1|Hoopa-Unbound|\n|poke|p1|Tornadus, M|\n|poke|p1|Iron Treads|\n|poke|p1|Iron Bundle|\n|poke|p1|Qwilfish-Hisui, F|\n|poke|p1|Dragonite, F|\n|poke|p2|Scizor, M|\n|poke|p2|Cresselia, F|\n|poke|p2|Garganacl, F|\n|poke|p2|Meowscarada, F|\n|poke|p2|Muk-Alola, F|\n|poke|p2|Landorus, M|\n|teampreview\n|j| SgtSmilies\n|\n|t:|1695473674\n|start\n|switch|p1a: Hoopa|Hoopa-Unbound|100\/100\n|switch|p1b: be nice to me|Tornadus, M|100\/100\n|switch|p2a: Cresselia|Cresselia, F|100\/100\n|switch|p2b: Meowscarada|Meowscarada, F, shiny|100\/100\n|turn|1\n|\n|t:|1695473687\n|move|p2a: Cresselia|Helping Hand|p2b: Meowscarada\n|-singleturn|p2b: Meowscarada|Helping Hand|[of] p2a: Cresselia\n|move|p1b: be nice to me|Tailwind|p1b: be nice to me\n|-sidestart|p1: Play Tale of Wuxia|move: Tailwind\n|move|p1a: Hoopa|Hyperspace Fury|p2a: Cresselia\n|-supereffective|p2a: Cresselia\n|-damage|p2a: Cresselia|0 fnt\n|-unboost|p1a: Hoopa|def|1\n|faint|p2a: Cresselia\n|move|p2b: Meowscarada|Thunder Punch|p1b: be nice to me\n|-start|p2b: Meowscarada|typechange|Electric|[from] ability: Protean\n|-supereffective|p1b: be nice to me\n|-enditem|p1b: be nice to me|Focus Sash\n|-damage|p1b: be nice to me|1\/100\n|\n|upkeep\n|\n|t:|1695473706\n|switch|p2a: Garganacl|Garganacl, F|100\/100\n|turn|2\n|\n|t:|1695473716\n|switch|p1b: fish?|Qwilfish-Hisui, F|100\/100\n|-ability|p1b: fish?|Intimidate|boost\n|-unboost|p2a: Garganacl|atk|1\n|-unboost|p2b: Meowscarada|atk|1\n|move|p1a: Hoopa|Hyperspace Fury|p2b: Meowscarada\n|-enditem|p2b: Meowscarada|Focus Sash\n|-damage|p2b: Meowscarada|1\/100\n|-unboost|p1a: Hoopa|def|1\n|move|p2b: Meowscarada|U-turn|p1a: Hoopa\n|-supereffective|p1a: Hoopa\n|-damage|p1a: Hoopa|0 fnt\n|faint|p1a: Hoopa\n|\n|t:|1695473736\n|switch|p2b: Scizor|Scizor, M|100\/100|[from] U-turn\n|move|p2a: Garganacl|Iron Defense|p2a: Garganacl\n|-boost|p2a: Garganacl|def|2\n|\n|upkeep\n|\n|t:|1695473749\n|switch|p1a: Big D|Dragonite, F|100\/100\n|turn|3\n|\n|t:|1695473838\n|move|p1b: fish?|Spikes|p2b: Scizor\n|-sidestart|p2: Leonarth5|Spikes\n|move|p1a: Big D|Fire Punch|p2b: Scizor\n|-supereffective|p2b: Scizor\n|-damage|p2b: Scizor|0 fnt\n|faint|p2b: Scizor\n|-damage|p1a: Big D|91\/100|[from] item: Life Orb\n|move|p2a: Garganacl|Iron Defense|p2a: Garganacl\n|-boost|p2a: Garganacl|def|2\n|\n|upkeep\n|\n|t:|1695473848\n|switch|p2b: Landorus|Landorus, M|100\/100\n|turn|4\n|\n|t:|1695473867\n|switch|p1b: rockslide.exe|Iron Treads|100\/100\n|move|p1a: Big D|Ice Spinner|p2b: Landorus\n|-supereffective|p2b: Landorus\n|-damage|p2b: Landorus|0 fnt\n|faint|p2b: Landorus\n|-damage|p1a: Big D|81\/100|[from] item: Life Orb\n|move|p2a: Garganacl|Salt Cure|p1a: Big D\n|-supereffective|p1a: Big D\n|-damage|p1a: Big D|61\/100\n|-start|p1a: Big D|Salt Cure\n|\n|-damage|p1a: Big D|49\/100|[from] Salt Cure\n|-sideend|p1: Play Tale of Wuxia|move: Tailwind\n|upkeep\n|\n|t:|1695473879\n|switch|p2b: Muk|Muk-Alola, F, shiny|100\/100\n|-damage|p2b: Muk|88\/100|[from] Spikes\n|turn|5\n|\n|t:|1695473909\n|move|p1b: rockslide.exe|High Horsepower|p2b: Muk\n|-supereffective|p2b: Muk\n|-damage|p2b: Muk|1\/100\n|move|p1a: Big D|Dual Wingbeat|p2b: Muk\n|-damage|p2b: Muk|0 fnt\n|faint|p2b: Muk\n|-hitcount|p2: Muk|1\n|-damage|p1a: Big D|39\/100|[from] item: Life Orb\n|move|p2a: Garganacl|Body Press|p1b: rockslide.exe\n|-supereffective|p1b: rockslide.exe\n|-damage|p1b: rockslide.exe|0 fnt\n|faint|p1b: rockslide.exe\n|-end|p1b: rockslide.exe|Quark Drive|[silent]\n|\n|-damage|p1a: Big D|27\/100|[from] Salt Cure\n|upkeep\n|\n|t:|1695473924\n|switch|p1b: Cool Bird|Iron Bundle|100\/100\n|switch|p2b: Meowscarada|Meowscarada, F, shiny|1\/100\n|-damage|p2b: Meowscarada|0 fnt|[from] Spikes\n|faint|p2b: Meowscarada\n|-enditem|p1b: Cool Bird|Booster Energy\n|-activate|p1b: Cool Bird|ability: Quark Drive|[fromitem]\n|-start|p1b: Cool Bird|quarkdrivespe\n|turn|6\n|\n|t:|1695473940\n|-terastallize|p1b: Cool Bird|Water\n|move|p1b: Cool Bird|Hydro Pump|p2a: Garganacl\n|-supereffective|p2a: Garganacl\n|-damage|p2a: Garganacl|0 fnt\n|faint|p2a: Garganacl\n|\n|win|Play Tale of Wuxia\n|c| SgtSmilies|imagine not missing hydro pump\n","uploadtime":1695473949,"views":24,"p1id":"playtaleofwuxia","p2id":"leonarth5","formatid":"gen9nationaldexdoubles","rating":0,"private":0,"password":""}