{"id":"gen9nationaldexdoubles-1962622758","p1":"Himbrrboi","p2":"JuicyJK","format":"[Gen 9] National Dex Doubles","log":"|j|\u2606Himbrrboi\n|j|\u2606JuicyJK\n|t:|1696775751\n|gametype|doubles\n|player|p1|Himbrrboi|lance|1336\n|player|p2|JuicyJK|265|1040\n|teamsize|p1|6\n|teamsize|p2|6\n|gen|9\n|tier|[Gen 9] National Dex Doubles\n|rated|\n|rule|HP Percentage Mod: HP is shown in percentages\n|rule|Endless Battle Clause: Forcing endless battles is banned\n|rule|OHKO Clause: OHKO moves are banned\n|rule|Evasion Moves Clause: Evasion moves are banned\n|rule|Evasion Abilities Clause: Evasion abilities are banned\n|rule|Species Clause: Limit one of each Pok\u00e9mon\n|rule|Gravity Sleep Clause: The combination of sleep-inducing moves with imperfect accuracy and Gravity or Gigantamax Orbeetle are banned\n|clearpoke\n|poke|p1|Hatterene, F|\n|poke|p1|Tapu Lele|\n|poke|p1|Ogerpon-Hearthflame, F|\n|poke|p1|Flutter Mane|\n|poke|p1|Walking Wake|\n|poke|p1|Charizard, M|\n|poke|p2|Shuckle, M|\n|poke|p2|Oranguru, F|\n|poke|p2|Escavalier, M|\n|poke|p2|Hatterene, F|\n|poke|p2|Primarina, M|\n|poke|p2|Marowak-Alola, M|\n|teampreview\n|inactive|Battle timer is ON: inactive players will automatically lose when time's up. (requested by Himbrrboi)\n|inactive|Himbrrboi has 120 seconds left.\n|\n|t:|1696775800\n|start\n|switch|p1a: Charizard|Charizard, M|100\/100\n|switch|p1b: Flutter Mane|Flutter Mane|100\/100\n|switch|p2a: Shuckle|Shuckle, M|100\/100\n|switch|p2b: Oranguru|Oranguru, F|100\/100\n|turn|1\n|\n|t:|1696775814\n|detailschange|p1a: Charizard|Charizard-Mega-Y, M\n|-mega|p1a: Charizard|Charizard|Charizardite Y\n|-weather|SunnyDay|[from] ability: Drought|[of] p1a: Charizard\n|-activate|p1b: Flutter Mane|ability: Protosynthesis\n|-start|p1b: Flutter Mane|protosynthesisspe\n|move|p1b: Flutter Mane|Dazzling Gleam|p2b: Oranguru|[spread] p2a,p2b\n|-damage|p2a: Shuckle|65\/100\n|-damage|p2b: Oranguru|78\/100\n|-damage|p1b: Flutter Mane|91\/100|[from] item: Life Orb\n|move|p1a: Charizard|Weather Ball|p2b: Oranguru\n|-damage|p2b: Oranguru|23\/100\n|move|p2a: Shuckle|Power Trick|p2a: Shuckle\n|-start|p2a: Shuckle|Power Trick\n|move|p2b: Oranguru|Trick Room|p2b: Oranguru\n|-fieldstart|move: Trick Room|[of] p2b: Oranguru\n|\n|-weather|SunnyDay|[upkeep]\n|upkeep\n|turn|2\n|\n|t:|1696775836\n|move|p2a: Shuckle|Rock Slide|p1a: Charizard|[spread] p1a,p1b\n|-supereffective|p1a: Charizard\n|-damage|p1a: Charizard|0 fnt\n|-damage|p1b: Flutter Mane|0 fnt\n|faint|p1a: Charizard\n|faint|p1b: Flutter Mane\n|-end|p1b: Flutter Mane|Protosynthesis|[silent]\n|move|p2b: Oranguru|Instruct|p2a: Shuckle\n|-singleturn|p2a: Shuckle|move: Instruct|[of] p2b: Oranguru\n|move|p2a: Shuckle|Rock Slide|p1: Charizard|[notarget]\n|-fail|p2a: Shuckle\n|\n|-weather|SunnyDay|[upkeep]\n|upkeep\n|inactive|Himbrrboi has 120 seconds left.\n|\n|t:|1696775860\n|switch|p1a: Ogerpon|Ogerpon-Hearthflame, F|100\/100\n|switch|p1b: Hatterene|Hatterene, F|100\/100\n|-ability|p1a: Ogerpon|Mold Breaker\n|turn|3\n|\n|t:|1696775882\n|move|p1b: Hatterene|Protect|p1b: Hatterene\n|-singleturn|p1b: Hatterene|Protect\n|move|p1a: Ogerpon|Spiky Shield|p1a: Ogerpon\n|-singleturn|p1a: Ogerpon|move: Protect\n|move|p2a: Shuckle|Rock Slide|p1a: Ogerpon|[spread] \n|-activate|p1a: Ogerpon|move: Protect\n|-activate|p1b: Hatterene|move: Protect\n|move|p2b: Oranguru|Instruct|p2a: Shuckle\n|-singleturn|p2a: Shuckle|move: Instruct|[of] p2b: Oranguru\n|move|p2a: Shuckle|Rock Slide|p1b: Hatterene|[spread] \n|-activate|p1a: Ogerpon|move: Protect\n|-activate|p1b: Hatterene|move: Protect\n|\n|-weather|SunnyDay|[upkeep]\n|upkeep\n|turn|4\n|\n|t:|1696775906\n|move|p2a: Shuckle|Rock Slide|p1b: Hatterene|[spread] p1a,p1b\n|-supereffective|p1a: Ogerpon\n|-damage|p1a: Ogerpon|0 fnt\n|-damage|p1b: Hatterene|41\/100\n|faint|p1a: Ogerpon\n|move|p1b: Hatterene|Draining Kiss|p2a: Shuckle\n|-damage|p2a: Shuckle|32\/100\n|-heal|p1b: Hatterene|56\/100|[from] drain|[of] p2a: Shuckle\n|-damage|p1b: Hatterene|47\/100|[from] item: Life Orb\n|move|p2b: Oranguru|Instruct|p2a: Shuckle\n|-singleturn|p2a: Shuckle|move: Instruct|[of] p2b: Oranguru\n|move|p2a: Shuckle|Rock Slide|p1b: Hatterene\n|-damage|p1b: Hatterene|0 fnt\n|faint|p1b: Hatterene\n|\n|-weather|SunnyDay|[upkeep]\n|upkeep\n|\n|t:|1696775921\n|switch|p1b: Tapu Lele|Tapu Lele|100\/100\n|switch|p1a: Walking Wake|Walking Wake|100\/100\n|-fieldstart|move: Psychic Terrain|[from] ability: Psychic Surge|[of] p1b: Tapu Lele\n|-activate|p1a: Walking Wake|ability: Protosynthesis\n|-start|p1a: Walking Wake|protosynthesisspe\n|turn|5\n|\n|t:|1696775943\n|move|p1b: Tapu Lele|Protect|p1b: Tapu Lele\n|-singleturn|p1b: Tapu Lele|Protect\n|move|p1a: Walking Wake|Protect|p1a: Walking Wake\n|-singleturn|p1a: Walking Wake|Protect\n|move|p2a: Shuckle|Gyro Ball|p1b: Tapu Lele\n|-activate|p1b: Tapu Lele|move: Protect\n|move|p2b: Oranguru|Instruct|p2a: Shuckle\n|-singleturn|p2a: Shuckle|move: Instruct|[of] p2b: Oranguru\n|move|p2a: Shuckle|Gyro Ball|p1b: Tapu Lele\n|-activate|p1b: Tapu Lele|move: Protect\n|\n|-weather|none\n|-end|p1a: Walking Wake|Protosynthesis\n|-fieldend|move: Trick Room\n|upkeep\n|turn|6\n|\n|t:|1696775958\n|move|p1a: Walking Wake|Hydro Steam|p2a: Shuckle\n|-supereffective|p2a: Shuckle\n|-damage|p2a: Shuckle|0 fnt\n|faint|p2a: Shuckle\n|move|p1b: Tapu Lele|Dazzling Gleam|p2b: Oranguru\n|-damage|p2b: Oranguru|3\/100\n|move|p2b: Oranguru|Trick Room|p2b: Oranguru\n|-fieldstart|move: Trick Room|[of] p2b: Oranguru\n|\n|upkeep\n|\n|t:|1696775971\n|switch|p2a: Escavalier|Escavalier, M|100\/100\n|turn|7\n|\n|t:|1696775979\n|-terastallize|p1a: Walking Wake|Fire\n|move|p1b: Tapu Lele|Protect|p1b: Tapu Lele\n|-singleturn|p1b: Tapu Lele|Protect\n|move|p2a: Escavalier|Iron Head|p1b: Tapu Lele\n|-activate|p1b: Tapu Lele|move: Protect\n|move|p2b: Oranguru|Instruct|p2a: Escavalier\n|-singleturn|p2a: Escavalier|move: Instruct|[of] p2b: Oranguru\n|move|p2a: Escavalier|Iron Head|p1b: Tapu Lele\n|-activate|p1b: Tapu Lele|move: Protect\n|move|p1a: Walking Wake|Flamethrower|p2a: Escavalier\n|-supereffective|p2a: Escavalier\n|-damage|p2a: Escavalier|0 fnt\n|faint|p2a: Escavalier\n|\n|upkeep\n|\n|t:|1696775992\n|switch|p2a: Marowak|Marowak-Alola, M|100\/100\n|turn|8\n|\n|t:|1696776000\n|move|p2a: Marowak|Bonemerang|p1a: Walking Wake|[miss]\n|-miss|p2a: Marowak|p1a: Walking Wake\n|move|p2b: Oranguru|Instruct|p2a: Marowak\n|-singleturn|p2a: Marowak|move: Instruct|[of] p2b: Oranguru\n|move|p2a: Marowak|Bonemerang|p1a: Walking Wake\n|-supereffective|p1a: Walking Wake\n|-damage|p1a: Walking Wake|46\/100\n|-supereffective|p1a: Walking Wake\n|-damage|p1a: Walking Wake|0 fnt\n|faint|p1a: Walking Wake\n|-end|p1a: Walking Wake|Protosynthesis|[silent]\n|-hitcount|p1: Walking Wake|2\n|move|p1b: Tapu Lele|Dazzling Gleam|p2a: Marowak|[spread] p2a,p2b\n|-resisted|p2a: Marowak\n|-damage|p2a: Marowak|85\/100\n|-damage|p2b: Oranguru|0 fnt\n|faint|p2b: Oranguru\n|\n|upkeep\n|\n|t:|1696776021\n|switch|p2b: Hatterene|Hatterene, F|100\/100\n|turn|9\n|\n|t:|1696776038\n|move|p2b: Hatterene|Mystical Fire|p1b: Tapu Lele\n|-damage|p1b: Tapu Lele|71\/100\n|-unboost|p1b: Tapu Lele|spa|1\n|move|p2a: Marowak|Flare Blitz|p1b: Tapu Lele\n|-crit|p1b: Tapu Lele\n|-damage|p1b: Tapu Lele|0 fnt\n|faint|p1b: Tapu Lele\n|\n|win|JuicyJK\n|raw|Himbrrboi's rating: 1336 &rarr; <strong>1302<\/strong><br \/>(-34 for losing)\n|raw|JuicyJK's rating: 1040 &rarr; <strong>1098<\/strong><br \/>(+58 for winning)\n|l|\u2606Himbrrboi\n|c|\u2606JuicyJK|Gg\n","uploadtime":1696776075,"views":11,"p1id":"himbrrboi","p2id":"juicyjk","formatid":"gen9nationaldexdoubles","rating":1098,"private":0,"password":""}