{"id":"gen9nationaldexdoubles-1975270298","p1":"UltraVapor","p2":"bggf","format":"[Gen 9] National Dex Doubles","log":"|j|\u2606UltraVapor\n|j|\u2606bggf\n|t:|1698175285\n|gametype|doubles\n|player|p1|UltraVapor|shelly|1067\n|player|p2|bggf|102|1069\n|teamsize|p1|6\n|teamsize|p2|6\n|gen|9\n|tier|[Gen 9] National Dex Doubles\n|rated|\n|rule|HP Percentage Mod: HP is shown in percentages\n|rule|Endless Battle Clause: Forcing endless battles is banned\n|rule|OHKO Clause: OHKO moves are banned\n|rule|Evasion Moves Clause: Evasion moves are banned\n|rule|Evasion Abilities Clause: Evasion abilities are banned\n|rule|Species Clause: Limit one of each Pok\u00e9mon\n|rule|Gravity Sleep Clause: The combination of sleep-inducing moves with imperfect accuracy and Gravity or Gigantamax Orbeetle are banned\n|clearpoke\n|poke|p1|Ninetales-Alola, F|\n|poke|p1|Baxcalibur, M|\n|poke|p1|Chien-Pao|\n|poke|p1|Iron Bundle|\n|poke|p1|Avalugg-Hisui, F|\n|poke|p1|Glaceon, F|\n|poke|p2|Cryogonal|\n|poke|p2|Tauros-Paldea-Aqua, M|\n|poke|p2|Hoopa-Unbound|\n|poke|p2|Salamence, M|\n|poke|p2|Regieleki|\n|poke|p2|Garganacl, M|\n|teampreview\n|inactive|Battle timer is ON: inactive players will automatically lose when time's up. (requested by bggf)\n|\n|t:|1698175293\n|start\n|switch|p1a: Ninetales|Ninetales-Alola, F|100\/100\n|switch|p1b: Avalugg|Avalugg-Hisui, F, shiny|100\/100\n|switch|p2a: Tauros|Tauros-Paldea-Aqua, M|100\/100\n|switch|p2b: Cryogonal|Cryogonal|100\/100\n|-weather|Snow|[from] ability: Snow Warning|[of] p1a: Ninetales\n|turn|1\n|\n|t:|1698175311\n|move|p2b: Cryogonal|Frost Breath|p2a: Tauros\n|-resisted|p2a: Tauros\n|-crit|p2a: Tauros\n|-damage|p2a: Tauros|70\/100\n|-setboost|p2a: Tauros|atk|6|[from] ability: Anger Point\n|move|p2a: Tauros|Earthquake|p1b: Avalugg|[spread] p1a,p1b\n|-immune|p2b: Cryogonal|[from] ability: Levitate\n|-supereffective|p1b: Avalugg\n|-damage|p1a: Ninetales|0 fnt\n|-damage|p1b: Avalugg|45\/100\n|-enditem|p1b: Avalugg|Sitrus Berry|[eat]\n|-heal|p1b: Avalugg|70\/100|[from] item: Sitrus Berry\n|faint|p1a: Ninetales\n|move|p1b: Avalugg|Aurora Veil|p1b: Avalugg\n|-sidestart|p1: UltraVapor|move: Aurora Veil\n|\n|-weather|Snow|[upkeep]\n|upkeep\n|c|\u2606bggf|ice mono?\n|inactive|UltraVapor has 120 seconds left.\n|\n|t:|1698175332\n|switch|p1a: Chien-Pao|Chien-Pao|100\/100\n|-ability|p1a: Chien-Pao|Sword of Ruin\n|turn|2\n|c|\u2606UltraVapor|snow team\n|c|\u2606bggf|oh\n|inactive|UltraVapor has 120 seconds left.\n|\n|t:|1698175358\n|-terastallize|p1a: Chien-Pao|Psychic\n|move|p2b: Cryogonal|Frost Breath|p1b: Avalugg\n|-resisted|p1b: Avalugg\n|-crit|p1b: Avalugg\n|-damage|p1b: Avalugg|26\/100\n|move|p2a: Tauros|Earthquake|p1b: Avalugg|[spread] p1a,p1b\n|-immune|p2b: Cryogonal|[from] ability: Levitate\n|-supereffective|p1b: Avalugg\n|-damage|p1a: Chien-Pao|10\/100\n|-damage|p1b: Avalugg|0 fnt\n|faint|p1b: Avalugg\n|move|p1a: Chien-Pao|Sacred Sword|p2b: Cryogonal\n|-supereffective|p2b: Cryogonal\n|-damage|p2b: Cryogonal|0 fnt\n|faint|p2b: Cryogonal\n|\n|-weather|Snow|[upkeep]\n|upkeep\n|\n|t:|1698175384\n|switch|p2b: Salamence|Salamence, M|100\/100\n|switch|p1b: Glaceon|Glaceon, F, shiny|100\/100\n|turn|3\n|\n|t:|1698175400\n|move|p2a: Tauros|Earthquake|p1b: Glaceon|[spread] p1a,p1b\n|-immune|p2b: Salamence\n|-damage|p1a: Chien-Pao|0 fnt\n|-damage|p1b: Glaceon|58\/100\n|faint|p1a: Chien-Pao\n|move|p2b: Salamence|Outrage|p1b: Glaceon\n|-damage|p1b: Glaceon|24\/100\n|move|p1b: Glaceon|Ice Beam|p2b: Salamence\n|-supereffective|p2b: Salamence\n|-damage|p2b: Salamence|0 fnt\n|faint|p2b: Salamence\n|-damage|p1b: Glaceon|14\/100|[from] item: Life Orb\n|\n|-weather|Snow|[upkeep]\n|-heal|p1b: Glaceon|20\/100|[from] ability: Ice Body\n|upkeep\n|\n|t:|1698175418\n|switch|p1a: Iron Bundle|Iron Bundle, shiny|100\/100\n|switch|p2b: Regieleki|Regieleki|100\/100\n|-enditem|p1a: Iron Bundle|Booster Energy\n|-activate|p1a: Iron Bundle|ability: Quark Drive|[fromitem]\n|-start|p1a: Iron Bundle|quarkdrivespa\n|turn|4\n|inactive|bggf has 120 seconds left.\n|\n|t:|1698175450\n|move|p2b: Regieleki|Thunderbolt|p1a: Iron Bundle\n|-supereffective|p1a: Iron Bundle\n|-damage|p1a: Iron Bundle|0 fnt\n|faint|p1a: Iron Bundle\n|-end|p1a: Iron Bundle|Quark Drive|[silent]\n|move|p2a: Tauros|Earthquake|p1b: Glaceon|[spread] p2b,p1b\n|-supereffective|p2b: Regieleki\n|-damage|p2b: Regieleki|0 fnt\n|-damage|p1b: Glaceon|0 fnt\n|faint|p2b: Regieleki\n|faint|p1b: Glaceon\n|\n|-weather|Snow|[upkeep]\n|upkeep\n|inactive|UltraVapor has 120 seconds left.\n|\n|t:|1698175485\n|switch|p2b: Garganacl|Garganacl, M|100\/100\n|switch|p1a: Baxcalibur|Baxcalibur, M|100\/100\n|turn|5\n|\n|t:|1698175495\n|move|p1a: Baxcalibur|Ice Shard|p2a: Tauros\n|-resisted|p2a: Tauros\n|-damage|p2a: Tauros|56\/100\n|move|p2a: Tauros|Earthquake|p1a: Baxcalibur|[spread] p2b,p1a\n|-supereffective|p2b: Garganacl\n|-enditem|p2b: Garganacl|Focus Sash\n|-damage|p2b: Garganacl|1\/100\n|-damage|p1a: Baxcalibur|70\/100\n|move|p2b: Garganacl|Salt Cure|p1a: Baxcalibur\n|-supereffective|p1a: Baxcalibur\n|-damage|p1a: Baxcalibur|62\/100\n|-start|p1a: Baxcalibur|Salt Cure\n|\n|-weather|Snow|[upkeep]\n|-damage|p1a: Baxcalibur|49\/100|[from] Salt Cure\n|-sideend|p1: UltraVapor|move: Aurora Veil\n|upkeep\n|turn|6\n|c|\u2606UltraVapor|ok ggs\n|\n|t:|1698175513\n|move|p2a: Tauros|Earthquake|p1a: Baxcalibur|[spread] p2b,p1a\n|-supereffective|p2b: Garganacl\n|-damage|p2b: Garganacl|0 fnt\n|-damage|p1a: Baxcalibur|4\/100\n|faint|p2b: Garganacl\n|move|p1a: Baxcalibur|Glaive Rush|p2a: Tauros\n|-damage|p2a: Tauros|0 fnt\n|-singlemove|p1a: Baxcalibur|Glaive Rush|[silent]\n|faint|p2a: Tauros\n|\n|-weather|Snow|[upkeep]\n|-damage|p1a: Baxcalibur|0 fnt|[from] Salt Cure\n|faint|p1a: Baxcalibur\n|\n|win|bggf\n|upkeep\n|raw|UltraVapor's rating: 1067 &rarr; <strong>1047<\/strong><br \/>(-20 for losing)\n|raw|bggf's rating: 1069 &rarr; <strong>1098<\/strong><br \/>(+29 for winning)\n|c|\u2606bggf|gg\n|c|\u2606bggf|oh\n|c|\u2606bggf|nbm\n|c|\u2606bggf|nvm\n|c|\u2606UltraVapor|lmao\n|c|\u2606bggf|gg\n|c|\u2606UltraVapor|that was fun\n|c|\u2606bggf|ya\n|c|\u2606bggf|you have a good team\n|c|\u2606UltraVapor|ty\n|c|\u2606bggf|np\n|c|\u2606UltraVapor|its been my best one so far\n|c|\u2606UltraVapor|u too actually\n|c|\u2606UltraVapor|any theme?\n|c|\u2606UltraVapor|or just\n|c|\u2606bggf|no just fun stuff\n|l|\u2606bggf\n|c|\u2606UltraVapor|ah\n|c|\u2606UltraVapor|nice\n","uploadtime":1698175854,"views":15,"p1id":"ultravapor","p2id":"bggf","formatid":"gen9nationaldexdoubles","rating":1047,"private":0,"password":""}