{"id":"gen9nationaldexdoubles-1972929492","p1":"retro assassin","p2":"Dragonnightwing","format":"[Gen 9] National Dex Doubles","log":"|j|\u2606retro assassin\n|j|\u2606Dragonnightwing\n|t:|1697909903\n|gametype|doubles\n|player|p1|retro assassin|iris-gen5bw2|\n|player|p2|Dragonnightwing|lance|\n|teamsize|p1|6\n|teamsize|p2|6\n|gen|9\n|tier|[Gen 9] National Dex Doubles\n|rule|HP Percentage Mod: HP is shown in percentages\n|rule|Endless Battle Clause: Forcing endless battles is banned\n|rule|OHKO Clause: OHKO moves are banned\n|rule|Evasion Moves Clause: Evasion moves are banned\n|rule|Evasion Abilities Clause: Evasion abilities are banned\n|rule|Species Clause: Limit one of each Pok\u00e9mon\n|rule|Gravity Sleep Clause: The combination of sleep-inducing moves with imperfect accuracy and Gravity or Gigantamax Orbeetle are banned\n|clearpoke\n|poke|p1|Tyranitar, F|\n|poke|p1|Sandslash, M|\n|poke|p1|Cresselia, F|\n|poke|p1|Ursaluna, F|\n|poke|p1|Hippowdon, F|\n|poke|p1|Goodra-Hisui, M|\n|poke|p2|Corviknight, F|\n|poke|p2|Empoleon, M|\n|poke|p2|Duraludon, M|\n|poke|p2|Aegislash, F|\n|poke|p2|Metagross|\n|poke|p2|Kingambit, F|\n|teampreview\n|\n|t:|1697909918\n|start\n|switch|p1a: Goodra|Goodra-Hisui, M|100\/100\n|switch|p1b: Cresselia|Cresselia, F|100\/100\n|switch|p2a: Sire|Corviknight, F|100\/100\n|switch|p2b: Napoleon|Empoleon, M|100\/100\n|-ability|p2a: Sire|Pressure\n|turn|1\n|\n|t:|1697909935\n|move|p2a: Sire|Bulk Up|p2a: Sire\n|-boost|p2a: Sire|atk|1\n|-boost|p2a: Sire|def|1\n|move|p2b: Napoleon|Ice Beam|p1b: Cresselia\n|-damage|p1b: Cresselia|79\/100\n|-status|p1b: Cresselia|frz\n|move|p1a: Goodra|Body Press|p2b: Napoleon\n|-supereffective|p2b: Napoleon\n|-damage|p2b: Napoleon|65\/100\n|-curestatus|p1b: Cresselia|frz|[msg]\n|move|p1b: Cresselia|Trick Room|p1b: Cresselia\n|-fieldstart|move: Trick Room|[of] p1b: Cresselia\n|\n|-heal|p1b: Cresselia|85\/100|[from] item: Leftovers\n|upkeep\n|turn|2\n|c|\u2606retro assassin|thank god\n|\n|t:|1697909969\n|move|p2b: Napoleon|Ice Beam|p1b: Cresselia\n|-damage|p1b: Cresselia|66\/100\n|move|p2a: Sire|Bulk Up|p2a: Sire\n|-boost|p2a: Sire|atk|1\n|-boost|p2a: Sire|def|1\n|move|p1b: Cresselia|Power Gem|p2b: Napoleon\n|-resisted|p2b: Napoleon\n|-damage|p2b: Napoleon|55\/100\n|move|p1a: Goodra|Dragon Tail|p2a: Sire\n|-resisted|p2a: Sire\n|-damage|p2a: Sire|97\/100\n|-damage|p1a: Goodra|84\/100|[from] item: Rocky Helmet|[of] p2a: Sire\n|drag|p2a: Donnie|Duraludon, M|100\/100\n|\n|-heal|p1b: Cresselia|73\/100|[from] item: Leftovers\n|upkeep\n|turn|3\n|\n|t:|1697909994\n|move|p1a: Goodra|Body Press|p2b: Napoleon\n|-supereffective|p2b: Napoleon\n|-damage|p2b: Napoleon|19\/100\n|move|p2b: Napoleon|Surf|p1a: Goodra|[spread] p2a,p1a,p1b\n|-resisted|p2a: Donnie\n|-resisted|p1a: Goodra\n|-damage|p2a: Donnie|73\/100\n|-damage|p1a: Goodra|77\/100\n|-damage|p1b: Cresselia|48\/100\n|move|p1b: Cresselia|Dazzling Gleam|p2b: Napoleon|[spread] p2a,p2b\n|-resisted|p2b: Napoleon\n|-damage|p2a: Donnie|46\/100\n|-damage|p2b: Napoleon|12\/100\n|move|p2a: Donnie|Dragon Pulse|p1a: Goodra\n|-damage|p1a: Goodra|57\/100\n|\n|-heal|p1b: Cresselia|54\/100|[from] item: Leftovers\n|upkeep\n|turn|4\n|\n|t:|1697910021\n|move|p1a: Goodra|Draco Meteor|p2a: Donnie\n|-damage|p2a: Donnie|0 fnt\n|-unboost|p1a: Goodra|spa|2\n|faint|p2a: Donnie\n|move|p2b: Napoleon|Ice Beam|p1b: Cresselia\n|-damage|p1b: Cresselia|33\/100\n|move|p1b: Cresselia|Moonlight|p1b: Cresselia\n|-heal|p1b: Cresselia|83\/100\n|\n|-heal|p1b: Cresselia|89\/100|[from] item: Leftovers\n|upkeep\n|\n|t:|1697910034\n|switch|p2a: Agatha|Aegislash, F|100\/100\n|turn|5\n|\n|t:|1697910047\n|move|p1a: Goodra|Chilling Water|p2a: Agatha\n|-damage|p2a: Agatha|96\/100\n|-unboost|p2a: Agatha|atk|1\n|-formechange|p2a: Agatha|Aegislash-Blade||[from] ability: Stance Change\n|move|p2a: Agatha|Night Slash|p1b: Cresselia\n|-supereffective|p1b: Cresselia\n|-damage|p1b: Cresselia|64\/100\n|move|p2b: Napoleon|Air Slash|p1a: Goodra\n|-resisted|p1a: Goodra\n|-damage|p1a: Goodra|50\/100\n|move|p1b: Cresselia|Power Gem|p2b: Napoleon\n|-resisted|p2b: Napoleon\n|-damage|p2b: Napoleon|2\/100\n|\n|-heal|p1b: Cresselia|70\/100|[from] item: Leftovers\n|-fieldend|move: Trick Room\n|upkeep\n|turn|6\n|\n|t:|1697910080\n|move|p2b: Napoleon|Flash Cannon|p1b: Cresselia\n|-damage|p1b: Cresselia|41\/100\n|move|p2a: Agatha|Air Slash|p1b: Cresselia\n|-damage|p1b: Cresselia|26\/100\n|move|p1a: Goodra|Chilling Water|p2b: Napoleon\n|-resisted|p2b: Napoleon\n|-damage|p2b: Napoleon|0 fnt\n|faint|p2b: Napoleon\n|cant|p1b: Cresselia|flinch\n|\n|-heal|p1b: Cresselia|32\/100|[from] item: Leftovers\n|upkeep\n|c|\u2606retro assassin|oh ffs\n|\n|t:|1697910095\n|switch|p2b: Sire|Corviknight, F|97\/100\n|-ability|p2b: Sire|Pressure\n|turn|7\n|\n|t:|1697910112\n|move|p2b: Sire|Body Press|p1a: Goodra\n|-supereffective|p1a: Goodra\n|-damage|p1a: Goodra|5\/100\n|move|p2a: Agatha|Air Slash|p1b: Cresselia|[miss]\n|-miss|p2a: Agatha|p1b: Cresselia\n|move|p1a: Goodra|Body Press|p2b: Sire\n|-damage|p2b: Sire|87\/100\n|-damage|p1a: Goodra|0 fnt|[from] item: Rocky Helmet|[of] p2b: Sire\n|faint|p1a: Goodra\n|move|p1b: Cresselia|Trick Room|p1b: Cresselia\n|-fieldstart|move: Trick Room|[of] p1b: Cresselia\n|\n|-heal|p1b: Cresselia|38\/100|[from] item: Leftovers\n|upkeep\n|\n|t:|1697910134\n|switch|p1a: Tyranitar|Tyranitar, F|100\/100\n|-weather|Sandstorm|[from] ability: Sand Stream|[of] p1a: Tyranitar\n|turn|8\n|\n|t:|1697910147\n|move|p2a: Agatha|Air Slash|p1b: Cresselia\n|-damage|p1b: Cresselia|22\/100\n|move|p1a: Tyranitar|Fire Punch|p2a: Agatha\n|-supereffective|p2a: Agatha\n|-damage|p2a: Agatha|0 fnt\n|faint|p2a: Agatha\n|move|p2b: Sire|Body Press|p1a: Tyranitar\n|-supereffective|p1a: Tyranitar\n|-damage|p1a: Tyranitar|18\/100\n|-enditem|p1a: Tyranitar|Weakness Policy\n|-boost|p1a: Tyranitar|atk|2|[from] item: Weakness Policy\n|-boost|p1a: Tyranitar|spa|2|[from] item: Weakness Policy\n|move|p1b: Cresselia|Moonlight|p1b: Cresselia\n|-heal|p1b: Cresselia|47\/100\n|\n|-weather|Sandstorm|[upkeep]\n|-damage|p1b: Cresselia|41\/100|[from] Sandstorm\n|-heal|p1b: Cresselia|47\/100|[from] item: Leftovers\n|upkeep\n|\n|t:|1697910167\n|switch|p2a: Shelldon|Metagross|100\/100\n|turn|9\n|\n|t:|1697910199\n|move|p1a: Tyranitar|Fire Punch|p2a: Shelldon\n|-supereffective|p2a: Shelldon\n|-crit|p2a: Shelldon\n|-damage|p2a: Shelldon|0 fnt\n|faint|p2a: Shelldon\n|move|p2b: Sire|Body Press|p1a: Tyranitar\n|-supereffective|p1a: Tyranitar\n|-damage|p1a: Tyranitar|0 fnt\n|faint|p1a: Tyranitar\n|move|p1b: Cresselia|Moonlight|p1b: Cresselia\n|-heal|p1b: Cresselia|72\/100\n|\n|-weather|Sandstorm|[upkeep]\n|-damage|p1b: Cresselia|66\/100|[from] Sandstorm\n|-heal|p1b: Cresselia|72\/100|[from] item: Leftovers\n|upkeep\n|\n|t:|1697910215\n|switch|p1a: Ursaluna|Ursaluna, F|100\/100\n|switch|p2a: Chess|Kingambit, F|100\/100\n|-activate|p2a: Chess|ability: Supreme Overlord\n|-start|p2a: Chess|fallen4|[silent]\n|turn|10\n|\n|t:|1697910229\n|move|p2a: Chess|Sucker Punch|p1a: Ursaluna\n|-damage|p1a: Ursaluna|57\/100\n|move|p1a: Ursaluna|Fire Punch|p2a: Chess\n|-supereffective|p2a: Chess\n|-damage|p2a: Chess|53\/100\n|move|p2b: Sire|Body Press|p1a: Ursaluna\n|-supereffective|p1a: Ursaluna\n|-damage|p1a: Ursaluna|22\/100\n|move|p1b: Cresselia|Dazzling Gleam|p2a: Chess|[spread] p2a,p2b\n|-crit|p2a: Chess\n|-resisted|p2b: Sire\n|-damage|p2a: Chess|38\/100\n|-damage|p2b: Sire|79\/100\n|\n|-weather|Sandstorm|[upkeep]\n|-damage|p1b: Cresselia|66\/100|[from] Sandstorm\n|-heal|p1b: Cresselia|72\/100|[from] item: Leftovers\n|-status|p1a: Ursaluna|brn|[from] item: Flame Orb\n|upkeep\n|turn|11\n|\n|t:|1697910253\n|move|p2a: Chess|Sucker Punch|p1a: Ursaluna\n|-damage|p1a: Ursaluna|0 fnt\n|faint|p1a: Ursaluna\n|move|p2b: Sire|Drill Peck|p1b: Cresselia\n|-damage|p1b: Cresselia|53\/100\n|move|p1b: Cresselia|Dazzling Gleam|p2b: Sire|[spread] p2a,p2b\n|-resisted|p2b: Sire\n|-damage|p2a: Chess|27\/100\n|-damage|p2b: Sire|71\/100\n|\n|-weather|Sandstorm|[upkeep]\n|-damage|p1b: Cresselia|47\/100|[from] Sandstorm\n|-heal|p1b: Cresselia|53\/100|[from] item: Leftovers\n|-fieldend|move: Trick Room\n|upkeep\n|\n|t:|1697910265\n|switch|p1a: Hippowdon|Hippowdon, F|100\/100\n|turn|12\n|\n|t:|1697910282\n|move|p2a: Chess|Sucker Punch||[still]\n|-fail|p2a: Chess\n|move|p1b: Cresselia|Moonlight|p1b: Cresselia\n|-heal|p1b: Cresselia|78\/100\n|move|p2b: Sire|Bulk Up|p2b: Sire\n|-boost|p2b: Sire|atk|1\n|-boost|p2b: Sire|def|1\n|move|p1a: Hippowdon|Body Press|p2a: Chess\n|-supereffective|p2a: Chess\n|-damage|p2a: Chess|0 fnt\n|faint|p2a: Chess\n|-end|p2a: Chess|fallen4|[silent]\n|\n|-weather|none\n|-heal|p1b: Cresselia|85\/100|[from] item: Leftovers\n|upkeep\n|turn|13\n|\n|t:|1697910302\n|move|p1b: Cresselia|Power Gem|p2b: Sire\n|-damage|p2b: Sire|51\/100\n|move|p2b: Sire|U-turn|p1b: Cresselia\n|-supereffective|p1b: Cresselia\n|-damage|p1b: Cresselia|53\/100\n|move|p1a: Hippowdon|Ice Fang|p2b: Sire\n|-damage|p2b: Sire|43\/100\n|-damage|p1a: Hippowdon|84\/100|[from] item: Rocky Helmet|[of] p2b: Sire\n|\n|-heal|p1b: Cresselia|59\/100|[from] item: Leftovers\n|-heal|p1a: Hippowdon|90\/100|[from] item: Leftovers\n|upkeep\n|turn|14\n|\n|t:|1697910320\n|move|p1b: Cresselia|Power Gem|p2b: Sire\n|-damage|p2b: Sire|24\/100\n|move|p2b: Sire|U-turn|p1b: Cresselia\n|-supereffective|p1b: Cresselia\n|-damage|p1b: Cresselia|25\/100\n|move|p1a: Hippowdon|Curse|p1a: Hippowdon\n|-unboost|p1a: Hippowdon|spe|1\n|-boost|p1a: Hippowdon|atk|1\n|-boost|p1a: Hippowdon|def|1\n|\n|-heal|p1b: Cresselia|31\/100|[from] item: Leftovers\n|-heal|p1a: Hippowdon|96\/100|[from] item: Leftovers\n|upkeep\n|turn|15\n|\n|t:|1697910336\n|move|p1b: Cresselia|Moonlight|p1b: Cresselia\n|-heal|p1b: Cresselia|81\/100\n|move|p2b: Sire|U-turn|p1b: Cresselia\n|-supereffective|p1b: Cresselia\n|-damage|p1b: Cresselia|50\/100\n|move|p1a: Hippowdon|Body Press|p2b: Sire\n|-damage|p2b: Sire|10\/100\n|-damage|p1a: Hippowdon|80\/100|[from] item: Rocky Helmet|[of] p2b: Sire\n|\n|-heal|p1b: Cresselia|56\/100|[from] item: Leftovers\n|-heal|p1a: Hippowdon|86\/100|[from] item: Leftovers\n|upkeep\n|turn|16\n|\n|t:|1697910351\n|move|p1b: Cresselia|Power Gem|p2b: Sire\n|-damage|p2b: Sire|0 fnt\n|faint|p2b: Sire\n|\n|win|retro assassin\n|c|\u2606retro assassin|gg\n","uploadtime":1697910382,"views":12,"p1id":"retroassassin","p2id":"dragonnightwing","formatid":"gen9nationaldexdoubles","rating":0,"private":0,"password":""}