{"id":"gen9nationaldexdoubles-1970238561","p1":"a mcbruh alt","p2":"anonymints","format":"[Gen 9] National Dex Doubles","log":"|j|\u2606a mcbruh alt\n|j|\u2606anonymints\n|t:|1697615433\n|gametype|doubles\n|player|p1|a mcbruh alt|266|1000\n|player|p2|anonymints|infielder|1000\n|teamsize|p1|6\n|teamsize|p2|6\n|gen|9\n|tier|[Gen 9] National Dex Doubles\n|rated|\n|rule|HP Percentage Mod: HP is shown in percentages\n|rule|Endless Battle Clause: Forcing endless battles is banned\n|rule|OHKO Clause: OHKO moves are banned\n|rule|Evasion Moves Clause: Evasion moves are banned\n|rule|Evasion Abilities Clause: Evasion abilities are banned\n|rule|Species Clause: Limit one of each Pok\u00e9mon\n|rule|Gravity Sleep Clause: The combination of sleep-inducing moves with imperfect accuracy and Gravity or Gigantamax Orbeetle are banned\n|clearpoke\n|poke|p1|Durant, M|\n|poke|p1|Gothitelle, F|\n|poke|p1|Zygarde|\n|poke|p1|Indeedee-F, F|\n|poke|p1|Cresselia, F|\n|poke|p1|Mimikyu, M|\n|poke|p2|Bronzong|\n|poke|p2|Floatzel, M|\n|poke|p2|Clawitzer, M|\n|poke|p2|Goodra, F|\n|poke|p2|Aggron, M|\n|poke|p2|Ludicolo, F|\n|teampreview\n|\n|t:|1697615448\n|start\n|switch|p1a: Durant|Durant, M|100\/100\n|switch|p1b: Gothitelle|Gothitelle, F|100\/100\n|switch|p2a: Benson|Bronzong|100\/100\n|switch|p2b: Frye|Floatzel, M|100\/100\n|turn|1\n|\n|t:|1697615463\n|move|p1b: Gothitelle|Fake Out|p2a: Benson\n|-resisted|p2a: Benson\n|-damage|p2a: Benson|98\/100\n|move|p1a: Durant|Entrainment|p2b: Frye\n|-endability|p2b: Frye|Swift Swim|[from] move: Entrainment\n|-ability|p2b: Frye|Truant|[from] move: Entrainment\n|move|p2b: Frye|Wave Crash|p1b: Gothitelle\n|-damage|p1b: Gothitelle|47\/100\n|-damage|p2b: Frye|84\/100|[from] Recoil\n|cant|p2a: Benson|flinch\n|\n|-heal|p1b: Gothitelle|53\/100|[from] item: Leftovers\n|upkeep\n|turn|2\n|\n|t:|1697615485\n|move|p1b: Gothitelle|Snatch|p1b: Gothitelle\n|-singleturn|p1b: Gothitelle|Snatch\n|cant|p1a: Durant|ability: Truant\n|cant|p2b: Frye|ability: Truant\n|move|p2a: Benson|Rain Dance|p2a: Benson\n|-weather|RainDance\n|\n|-weather|RainDance|[upkeep]\n|-heal|p1b: Gothitelle|59\/100|[from] item: Leftovers\n|upkeep\n|turn|3\n|\n|t:|1697615496\n|move|p1b: Gothitelle|Protect|p1b: Gothitelle\n|-singleturn|p1b: Gothitelle|Protect\n|move|p2b: Frye|Aqua Jet|p1b: Gothitelle\n|-activate|p1b: Gothitelle|move: Protect\n|move|p1a: Durant|Entrainment|p2a: Benson\n|-endability|p2a: Benson|Levitate|[from] move: Entrainment\n|-ability|p2a: Benson|Truant|[from] move: Entrainment\n|move|p2a: Benson|Gyro Ball|p1a: Durant\n|-resisted|p1a: Durant\n|-damage|p1a: Durant|70\/100\n|\n|-weather|RainDance|[upkeep]\n|-heal|p1b: Gothitelle|65\/100|[from] item: Leftovers\n|upkeep\n|turn|4\n|\n|t:|1697615509\n|switch|p1a: Zygarde|Zygarde|100\/100\n|-ability|p1a: Zygarde|Aura Break\n|cant|p2b: Frye|ability: Truant\n|move|p1b: Gothitelle|Skill Swap|p1a: Zygarde\n|-activate|p1b: Gothitelle|move: Skill Swap|||[of] p1a: Zygarde\n|-ability|p1b: Gothitelle|Aura Break\n|cant|p2a: Benson|ability: Truant\n|\n|-weather|RainDance|[upkeep]\n|-heal|p1b: Gothitelle|71\/100|[from] item: Leftovers\n|upkeep\n|turn|5\n|\n|t:|1697615531\n|switch|p1b: Cresselia|Cresselia, F|100\/100\n|move|p1a: Zygarde|Protect|p1a: Zygarde\n|-singleturn|p1a: Zygarde|Protect\n|move|p2b: Frye|Wave Crash|p1a: Zygarde\n|-activate|p1a: Zygarde|move: Protect\n|move|p2a: Benson|Gyro Ball|p1a: Zygarde\n|-activate|p1a: Zygarde|move: Protect\n|\n|-weather|RainDance|[upkeep]\n|upkeep\n|turn|6\n|\n|t:|1697615544\n|move|p1b: Cresselia|Protect|p1b: Cresselia\n|-singleturn|p1b: Cresselia|Protect\n|cant|p2b: Frye|ability: Truant\n|move|p1a: Zygarde|Dragon Dance|p1a: Zygarde\n|-boost|p1a: Zygarde|atk|1\n|-boost|p1a: Zygarde|spe|1\n|cant|p2a: Benson|ability: Truant\n|\n|-weather|RainDance|[upkeep]\n|upkeep\n|turn|7\n|\n|t:|1697615556\n|move|p1a: Zygarde|Protect|p1a: Zygarde\n|-singleturn|p1a: Zygarde|Protect\n|move|p2b: Frye|Liquidation|p1a: Zygarde\n|-activate|p1a: Zygarde|move: Protect\n|move|p1b: Cresselia|Lunar Blessing||[still]|[spread] \n|-fail|p1b: Cresselia\n|move|p2a: Benson|Gyro Ball|p1a: Zygarde\n|-activate|p1a: Zygarde|move: Protect\n|\n|-weather|RainDance|[upkeep]\n|upkeep\n|turn|8\n|\n|t:|1697615581\n|move|p1a: Zygarde|Dragon Dance|p1a: Zygarde\n|-boost|p1a: Zygarde|atk|1\n|-boost|p1a: Zygarde|spe|1\n|cant|p2b: Frye|ability: Truant\n|move|p1b: Cresselia|Lunar Blessing||[still]|[spread] \n|-fail|p1b: Cresselia\n|cant|p2a: Benson|ability: Truant\n|\n|-weather|RainDance|[upkeep]\n|upkeep\n|turn|9\n|\n|t:|1697615597\n|move|p1b: Cresselia|Ally Switch|p1b: Cresselia\n|swap|p1b: Cresselia|0|[from] move: Ally Switch\n|move|p1b: Zygarde|Dragon Dance|p1b: Zygarde\n|-boost|p1b: Zygarde|atk|1\n|-boost|p1b: Zygarde|spe|1\n|move|p2b: Frye|Liquidation|p1a: Cresselia\n|-damage|p1a: Cresselia|66\/100\n|-unboost|p1a: Cresselia|def|1\n|move|p2a: Benson|Gyro Ball|p1a: Cresselia\n|-damage|p1a: Cresselia|39\/100\n|\n|-weather|none\n|upkeep\n|turn|10\n|\n|t:|1697615615\n|move|p1b: Zygarde|Dragon Dance|p1b: Zygarde\n|-boost|p1b: Zygarde|atk|1\n|-boost|p1b: Zygarde|spe|1\n|cant|p2b: Frye|ability: Truant\n|move|p1a: Cresselia|Lunar Blessing|p1a: Cresselia|[spread] p1a,p1b\n|-heal|p1a: Cresselia|64\/100\n|cant|p2a: Benson|ability: Truant\n|\n|upkeep\n|turn|11\n|\n|t:|1697615629\n|move|p1a: Cresselia|Ally Switch|p1a: Cresselia\n|swap|p1a: Cresselia|1|[from] move: Ally Switch\n|move|p1a: Zygarde|Dragon Dance|p1a: Zygarde\n|-boost|p1a: Zygarde|atk|1\n|-boost|p1a: Zygarde|spe|1\n|move|p2b: Frye|Wave Crash|p1b: Cresselia\n|-damage|p1b: Cresselia|20\/100\n|-damage|p2b: Frye|64\/100|[from] Recoil\n|move|p2a: Benson|Rain Dance|p2a: Benson\n|-weather|RainDance\n|\n|-weather|RainDance|[upkeep]\n|upkeep\n|turn|12\n|\n|t:|1697615644\n|cant|p2b: Frye|ability: Truant\n|move|p1a: Zygarde|Dragon Dance|p1a: Zygarde\n|-boost|p1a: Zygarde|atk|1\n|-boost|p1a: Zygarde|spe|1\n|move|p1b: Cresselia|Lunar Blessing|p1b: Cresselia|[spread] p1a,p1b\n|-heal|p1b: Cresselia|45\/100\n|cant|p2a: Benson|ability: Truant\n|\n|-weather|RainDance|[upkeep]\n|upkeep\n|turn|13\n|\n|t:|1697615651\n|move|p1b: Cresselia|Helping Hand|p1a: Zygarde\n|-singleturn|p1a: Zygarde|Helping Hand|[of] p1b: Cresselia\n|move|p2b: Frye|Aqua Jet|p1b: Cresselia\n|-damage|p1b: Cresselia|21\/100\n|move|p1a: Zygarde|Thousand Arrows|p2b: Frye|[spread] p2a,p2b\n|-supereffective|p2a: Benson\n|-damage|p2a: Benson|0 fnt\n|-damage|p2b: Frye|0 fnt\n|faint|p2a: Benson\n|faint|p2b: Frye\n|\n|-weather|RainDance|[upkeep]\n|upkeep\n|\n|t:|1697615659\n|switch|p2b: Rocky|Aggron, M|100\/100\n|switch|p2a: Lucille|Ludicolo, F|100\/100\n|turn|14\n|\n|t:|1697615674\n|switch|p1b: Indeedee|Indeedee-F, F|100\/100\n|-fieldstart|move: Psychic Terrain|[from] ability: Psychic Surge|[of] p1b: Indeedee\n|-enditem|p1b: Indeedee|Psychic Seed\n|-boost|p1b: Indeedee|spd|1|[from] item: Psychic Seed\n|move|p1a: Zygarde|Thousand Arrows|p2a: Lucille|[spread] p2a,p2b\n|-resisted|p2a: Lucille\n|-supereffective|p2b: Rocky\n|-damage|p2a: Lucille|3\/100\n|-ability|p2b: Rocky|Sturdy\n|-damage|p2b: Rocky|1\/100\n|move|p2a: Lucille|Rain Dance||[still]\n|-fail|p2a: Lucille\n|move|p2b: Rocky|Rock Polish|p2b: Rocky\n|-boost|p2b: Rocky|spe|2\n|\n|-weather|RainDance|[upkeep]\n|upkeep\n|turn|15\n|\n|t:|1697615694\n|detailschange|p2b: Rocky|Aggron-Mega, M\n|-mega|p2b: Rocky|Aggron|Aggronite\n|move|p1b: Indeedee|Helping Hand|p1a: Zygarde\n|-singleturn|p1a: Zygarde|Helping Hand|[of] p1b: Indeedee\n|move|p1a: Zygarde|Thousand Arrows|p2b: Rocky|[spread] p2a,p2b\n|-resisted|p2a: Lucille\n|-supereffective|p2b: Rocky\n|-damage|p2a: Lucille|0 fnt\n|-damage|p2b: Rocky|0 fnt\n|faint|p2a: Lucille\n|faint|p2b: Rocky\n|\n|-weather|RainDance|[upkeep]\n|upkeep\n|\n|t:|1697615700\n|switch|p2a: Klaus|Clawitzer, M|100\/100\n|switch|p2b: Gina|Goodra, F|100\/100\n|turn|16\n|\n|t:|1697615714\n|move|p1b: Indeedee|Helping Hand|p1a: Zygarde\n|-singleturn|p1a: Zygarde|Helping Hand|[of] p1b: Indeedee\n|move|p1a: Zygarde|Thousand Arrows|p2b: Gina|[spread] p2a,p2b\n|-damage|p2a: Klaus|0 fnt\n|-damage|p2b: Gina|0 fnt\n|faint|p2a: Klaus\n|faint|p2b: Gina\n|\n|win|a mcbruh alt\n|raw|a mcbruh alt's rating: 1000 &rarr; <strong>1040<\/strong><br \/>(+40 for winning)\n|raw|anonymints's rating: 1000 &rarr; <strong>1000<\/strong><br \/>(+0 for losing)\n|c|\u2606anonymints|damn\n|c|\u2606anonymints|gg\n|l|\u2606anonymints\n","uploadtime":1697615907,"views":9,"p1id":"amcbruhalt","p2id":"anonymints","formatid":"gen9nationaldexdoubles","rating":1000,"private":0,"password":""}