{"id":"gen9nationaldexdoubles-1956931281","p1":"Electroshibe","p2":"You eeiieieieej","format":"[Gen 9] National Dex Doubles","log":"|j|\u2606Electroshibe\n|j|\u2606You eeiieieieej\n|t:|1696171033\n|gametype|doubles\n|player|p1|Electroshibe|benga|1172\n|player|p2|You eeiieieieej|byron|1053\n|teamsize|p1|6\n|teamsize|p2|6\n|gen|9\n|tier|[Gen 9] National Dex Doubles\n|rated|\n|rule|HP Percentage Mod: HP is shown in percentages\n|rule|Endless Battle Clause: Forcing endless battles is banned\n|rule|OHKO Clause: OHKO moves are banned\n|rule|Evasion Moves Clause: Evasion moves are banned\n|rule|Evasion Abilities Clause: Evasion abilities are banned\n|rule|Species Clause: Limit one of each Pok\u00e9mon\n|rule|Gravity Sleep Clause: The combination of sleep-inducing moves with imperfect accuracy and Gravity or Gigantamax Orbeetle are banned\n|clearpoke\n|poke|p1|Ninetales, M|\n|poke|p1|Ceruledge, M|\n|poke|p1|Arcanine-Hisui, F|\n|poke|p1|Eevee, M|\n|poke|p1|Amoonguss, F|\n|poke|p1|Victini|\n|poke|p2|Electivire, M|\n|poke|p2|Swampert, M|\n|poke|p2|Malamar, F|\n|poke|p2|Gengar, M|\n|poke|p2|Heatran, M|\n|poke|p2|Hatterene, F|\n|teampreview\n|inactive|Battle timer is ON: inactive players will automatically lose when time's up. (requested by You eeiieieieej)\n|\n|t:|1696171044\n|start\n|switch|p1a: Prism|Eevee, M, shiny|100\/100\n|switch|p1b: SUS|Amoonguss, F|100\/100\n|switch|p2a: Malamar|Malamar, F|100\/100\n|switch|p2b: Hatterene|Hatterene, F|100\/100\n|turn|1\n|\n|t:|1696171050\n|move|p1b: SUS|Rage Powder|p1b: SUS\n|-singleturn|p1b: SUS|move: Rage Powder\n|-zpower|p1a: Prism\n|move|p1a: Prism|Extreme Evoboost|p1a: Prism\n|-boost|p1a: Prism|atk|2\n|-boost|p1a: Prism|def|2\n|-boost|p1a: Prism|spa|2\n|-boost|p1a: Prism|spd|2\n|-boost|p1a: Prism|spe|2\n|move|p2b: Hatterene|Calm Mind|p2b: Hatterene\n|-boost|p2b: Hatterene|spa|1\n|-boost|p2b: Hatterene|spd|1\n|move|p2a: Malamar|Trick Room|p2a: Malamar\n|-fieldstart|move: Trick Room|[of] p2a: Malamar\n|\n|upkeep\n|turn|2\n|\n|t:|1696171074\n|move|p1b: SUS|Rage Powder|p1b: SUS\n|-singleturn|p1b: SUS|move: Rage Powder\n|move|p2b: Hatterene|Dazzling Gleam|p1a: Prism|[spread] p1a,p1b\n|-resisted|p1b: SUS\n|-damage|p1a: Prism|61\/100\n|-damage|p1b: SUS|83\/100\n|move|p2a: Malamar|Topsy-Turvy||[still]\n|-fail|p2a: Malamar\n|move|p1a: Prism|Baton Pass|p1a: Prism\n|\n|t:|1696171077\n|switch|p1a: Shiru|Victini|100\/100|[from] Baton Pass\n|\n|-heal|p1b: SUS|89\/100|[from] item: Black Sludge\n|upkeep\n|turn|3\n|\n|t:|1696171092\n|move|p1b: SUS|Rage Powder|p1b: SUS\n|-singleturn|p1b: SUS|move: Rage Powder\n|move|p2b: Hatterene|Future Sight|p1b: SUS\n|-start|p2b: Hatterene|move: Future Sight\n|move|p2a: Malamar|Knock Off|p1b: SUS\n|-damage|p1b: SUS|45\/100\n|-enditem|p1b: SUS|Black Sludge|[from] move: Knock Off|[of] p2a: Malamar\n|move|p1a: Shiru|Dazzling Gleam|p2b: Hatterene|[spread] p2a,p2b\n|-supereffective|p2a: Malamar\n|-damage|p2a: Malamar|25\/100\n|-damage|p2b: Hatterene|75\/100\n|\n|upkeep\n|turn|4\n|inactive|Electroshibe has 120 seconds left.\n|inactive|You eeiieieieej has 120 seconds left.\n|\n|t:|1696171127\n|move|p1b: SUS|Rage Powder|p1b: SUS\n|-singleturn|p1b: SUS|move: Rage Powder\n|move|p2b: Hatterene|Future Sight||[still]\n|-fail|p2b: Hatterene\n|move|p2a: Malamar|Topsy-Turvy||[still]\n|-fail|p2a: Malamar\n|move|p1a: Shiru|Searing Shot|p2b: Hatterene|[spread] p1b,p2a,p2b\n|-supereffective|p1b: SUS\n|-damage|p1b: SUS|0 fnt\n|-damage|p2a: Malamar|0 fnt\n|-damage|p2b: Hatterene|33\/100\n|-status|p2b: Hatterene|brn\n|faint|p1b: SUS\n|faint|p2a: Malamar\n|\n|-damage|p2b: Hatterene|27\/100 brn|[from] brn\n|upkeep\n|\n|t:|1696171143\n|switch|p1b: Helios|Ninetales, M|100\/100\n|switch|p2a: Swampert|Swampert, M|100\/100\n|-weather|SunnyDay|[from] ability: Drought|[of] p1b: Helios\n|turn|5\n|inactive|Electroshibe has 120 seconds left.\n|\n|t:|1696171177\n|switch|p1b: Amaterasu|Arcanine-Hisui, F|100\/100\n|detailschange|p2a: Swampert|Swampert-Mega, M\n|-mega|p2a: Swampert|Swampert|Swampertite\n|-terastallize|p1a: Shiru|Psychic\n|move|p2b: Hatterene|Baton Pass|p2b: Hatterene\n|\n|t:|1696171191\n|switch|p2b: Gengar|Gengar, M|100\/100|[from] Baton Pass\n|move|p2a: Swampert|Earthquake|p1a: Shiru|[spread] p2b,p1a,p1b\n|-supereffective|p2b: Gengar\n|-supereffective|p1b: Amaterasu\n|-damage|p2b: Gengar|0 fnt\n|-damage|p1a: Shiru|77\/100\n|-damage|p1b: Amaterasu|0 fnt\n|faint|p2b: Gengar\n|faint|p1b: Amaterasu\n|move|p1a: Shiru|Stored Power|p2a: Swampert\n|-damage|p2a: Swampert|0 fnt\n|faint|p2a: Swampert\n|\n|-weather|SunnyDay|[upkeep]\n|-hint|Future Sight did not hit because the target is fainted.\n|-heal|p1a: Shiru|83\/100|[from] item: Leftovers\n|-fieldend|move: Trick Room\n|upkeep\n|\n|t:|1696171202\n|switch|p2b: Electivire|Electivire, M|100\/100\n|switch|p1b: Funny|Ceruledge, M|100\/100\n|switch|p2a: Heatran|Heatran, M, shiny|100\/100\n|turn|6\n|\n|t:|1696171224\n|move|p1a: Shiru|Stored Power|p2a: Heatran\n|-resisted|p2a: Heatran\n|-damage|p2a: Heatran|0 fnt\n|faint|p2a: Heatran\n|move|p1b: Funny|Close Combat|p2b: Electivire\n|-damage|p2b: Electivire|40\/100\n|-unboost|p1b: Funny|def|1\n|-unboost|p1b: Funny|spd|1\n|move|p2b: Electivire|Darkest Lariat|p1a: Shiru\n|-supereffective|p1a: Shiru\n|-damage|p1a: Shiru|17\/100\n|\n|-weather|SunnyDay|[upkeep]\n|-heal|p1a: Shiru|23\/100|[from] item: Leftovers\n|upkeep\n|\n|t:|1696171246\n|switch|p2a: Hatterene|Hatterene, F|27\/100 brn\n|turn|7\n|\n|t:|1696171255\n|move|p1b: Funny|Shadow Sneak|p2b: Electivire\n|-damage|p2b: Electivire|7\/100\n|move|p1a: Shiru|Searing Shot|p2b: Electivire|[spread] p2a,p2b\n|-start|p1b: Funny|ability: Flash Fire\n|-damage|p2a: Hatterene|0 fnt\n|-damage|p2b: Electivire|0 fnt\n|faint|p2a: Hatterene\n|faint|p2b: Electivire\n|\n|win|Electroshibe\n|raw|Electroshibe's rating: 1172 &rarr; <strong>1189<\/strong><br \/>(+17 for winning)\n|raw|You eeiieieieej's rating: 1053 &rarr; <strong>1041<\/strong><br \/>(-12 for losing)\n|l|\u2606You eeiieieieej\n","uploadtime":1696171286,"views":9,"p1id":"electroshibe","p2id":"youeeiieieieej","formatid":"gen9nationaldexdoubles","rating":1041,"private":0,"password":""}