{"id":"gen9nationaldexdoubles-1990797278","p1":"Marinorey002","p2":"The OG Trainer Red","format":"[Gen 9] National Dex Doubles","log":"|j|\u2606Marinorey002\n|j|\u2606The OG Trainer Red\n|t:|1700001808\n|gametype|doubles\n|player|p1|Marinorey002|101|1187\n|player|p2|The OG Trainer Red|fisherman-gen4|1216\n|teamsize|p1|6\n|teamsize|p2|6\n|gen|9\n|tier|[Gen 9] National Dex Doubles\n|rated|\n|rule|HP Percentage Mod: HP is shown in percentages\n|rule|Endless Battle Clause: Forcing endless battles is banned\n|rule|OHKO Clause: OHKO moves are banned\n|rule|Evasion Moves Clause: Evasion moves are banned\n|rule|Evasion Abilities Clause: Evasion abilities are banned\n|rule|Species Clause: Limit one of each Pok\u00e9mon\n|rule|Gravity Sleep Clause: The combination of sleep-inducing moves with imperfect accuracy and Gravity or Gigantamax Orbeetle are banned\n|clearpoke\n|poke|p1|Indeedee-F, F|\n|poke|p1|Hatterene, F|\n|poke|p1|Stakataka|\n|poke|p1|Porygon2|\n|poke|p1|Reuniclus, F|\n|poke|p1|Jellicent, M|\n|poke|p2|Ninetales, F|\n|poke|p2|Leafeon, F|\n|poke|p2|Espeon, F|\n|poke|p2|Indeedee-F, F|\n|poke|p2|Umbreon, F|\n|poke|p2|Cresselia, F|\n|teampreview\n|\n|t:|1700001825\n|start\n|switch|p1a: Indeedee|Indeedee-F, F|100\/100\n|switch|p1b: Porygon2|Porygon2|100\/100\n|switch|p2a: Espeon|Espeon, F|100\/100\n|switch|p2b: Indeedee|Indeedee-F, F|100\/100\n|-fieldstart|move: Psychic Terrain|[from] ability: Psychic Surge|[of] p1a: Indeedee\n|-ability|p1b: Porygon2|Download|boost\n|-boost|p1b: Porygon2|atk|1\n|turn|1\n|\n|t:|1700001842\n|move|p1a: Indeedee|Protect|p1a: Indeedee\n|-singleturn|p1a: Indeedee|Protect\n|move|p2a: Espeon|Calm Mind|p2a: Espeon\n|-boost|p2a: Espeon|spa|1\n|-boost|p2a: Espeon|spd|1\n|move|p2b: Indeedee|Trick Room|p2b: Indeedee\n|-fieldstart|move: Trick Room|[of] p2b: Indeedee\n|move|p1b: Porygon2|Trick Room|p1b: Porygon2\n|-fieldend|move: Trick Room\n|\n|upkeep\n|turn|2\n|inactive|Battle timer is ON: inactive players will automatically lose when time's up. (requested by The OG Trainer Red)\n|\n|t:|1700001861\n|move|p2a: Espeon|Expanding Force|p1b: Porygon2|[spread] p1a,p1b\n|-resisted|p1a: Indeedee\n|-damage|p1a: Indeedee|56\/100\n|-damage|p1b: Porygon2|42\/100\n|-enditem|p1a: Indeedee|Eject Button\n|\n|t:|1700001868\n|switch|p1a: Jellicent|Jellicent, M|100\/100\n|move|p2b: Indeedee|Expanding Force|p1b: Porygon2|[spread] p1a,p1b\n|-damage|p1a: Jellicent|71\/100\n|-damage|p1b: Porygon2|8\/100\n|move|p1b: Porygon2|Thunderbolt|p2b: Indeedee\n|-damage|p2b: Indeedee|70\/100\n|\n|-heal|p1a: Jellicent|77\/100|[from] item: Leftovers\n|upkeep\n|turn|3\n|\n|t:|1700001896\n|move|p1b: Porygon2|Protect|p1b: Porygon2\n|-singleturn|p1b: Porygon2|Protect\n|move|p2a: Espeon|Expanding Force|p1b: Porygon2|[spread] p1a\n|-activate|p1b: Porygon2|move: Protect\n|-damage|p1a: Jellicent|25\/100\n|move|p2b: Indeedee|Expanding Force|p1a: Jellicent|[spread] p1a\n|-activate|p1b: Porygon2|move: Protect\n|-damage|p1a: Jellicent|0 fnt\n|faint|p1a: Jellicent\n|\n|upkeep\n|\n|t:|1700001919\n|switch|p1a: Hatterene|Hatterene, F|100\/100\n|turn|4\n|\n|t:|1700001927\n|move|p1b: Porygon2|Protect|p1b: Porygon2\n|-singleturn|p1b: Porygon2|Protect\n|move|p2a: Espeon|Calm Mind|p2a: Espeon\n|-boost|p2a: Espeon|spa|1\n|-boost|p2a: Espeon|spd|1\n|move|p2b: Indeedee|Trick Room|p2b: Indeedee\n|-fieldstart|move: Trick Room|[of] p2b: Indeedee\n|move|p1a: Hatterene|Trick Room|p1a: Hatterene\n|-fieldend|move: Trick Room\n|\n|upkeep\n|turn|5\n|\n|t:|1700001942\n|move|p2a: Espeon|Expanding Force|p1b: Porygon2|[spread] p1a,p1b\n|-resisted|p1a: Hatterene\n|-damage|p1a: Hatterene|39\/100\n|-damage|p1b: Porygon2|0 fnt\n|faint|p1b: Porygon2\n|move|p2b: Indeedee|Expanding Force|p1a: Hatterene\n|-resisted|p1a: Hatterene\n|-damage|p1a: Hatterene|4\/100\n|move|p1a: Hatterene|Trick Room|p1a: Hatterene\n|-fieldstart|move: Trick Room|[of] p1a: Hatterene\n|\n|-fieldend|move: Psychic Terrain\n|upkeep\n|\n|t:|1700001951\n|switch|p1b: Stakataka|Stakataka|100\/100\n|turn|6\n|inactive|Marinorey002 has 120 seconds left.\n|\n|t:|1700001982\n|-zpower|p1b: Stakataka\n|move|p1b: Stakataka|Continental Crush|p2b: Indeedee|[zeffect]\n|-damage|p2b: Indeedee|0 fnt\n|faint|p2b: Indeedee\n|-ability|p1b: Stakataka|Beast Boost|boost\n|-boost|p1b: Stakataka|def|1\n|move|p1a: Hatterene|Mystical Fire|p2a: Espeon\n|-damage|p2a: Espeon|74\/100\n|-unboost|p2a: Espeon|spa|1\n|-damage|p1a: Hatterene|0 fnt|[from] item: Life Orb\n|faint|p1a: Hatterene\n|move|p2a: Espeon|Expanding Force|p1b: Stakataka\n|-resisted|p1b: Stakataka\n|-damage|p1b: Stakataka|66\/100\n|\n|upkeep\n|inactive|The OG Trainer Red has 120 seconds left.\n|\n|t:|1700002014\n|switch|p1a: Indeedee|Indeedee-F, F|56\/100\n|switch|p2b: Cresselia|Cresselia, F|100\/100\n|-fieldstart|move: Psychic Terrain|[from] ability: Psychic Surge|[of] p1a: Indeedee\n|turn|7\n|\n|t:|1700002034\n|move|p1a: Indeedee|Protect|p1a: Indeedee\n|-singleturn|p1a: Indeedee|Protect\n|move|p1b: Stakataka|Superpower|p2b: Cresselia\n|-resisted|p2b: Cresselia\n|-damage|p2b: Cresselia|89\/100\n|-unboost|p1b: Stakataka|atk|1\n|-unboost|p1b: Stakataka|def|1\n|move|p2b: Cresselia|Lunar Blessing|p2b: Cresselia|[spread] p2a,p2b\n|-heal|p2a: Espeon|99\/100\n|-heal|p2b: Cresselia|100\/100\n|move|p2a: Espeon|Expanding Force|p1a: Indeedee|[spread] p1b\n|-activate|p1a: Indeedee|move: Protect\n|-resisted|p1b: Stakataka\n|-damage|p1b: Stakataka|19\/100\n|\n|upkeep\n|turn|8\n|inactive|Marinorey002 has 120 seconds left.\n|\n|t:|1700002069\n|-terastallize|p1a: Indeedee|Ghost\n|move|p1b: Stakataka|Iron Head|p2b: Cresselia\n|-damage|p2b: Cresselia|86\/100\n|move|p2b: Cresselia|Lunar Blessing|p2b: Cresselia|[spread] p2a,p2b\n|-heal|p2a: Espeon|100\/100\n|-heal|p2b: Cresselia|100\/100\n|move|p1a: Indeedee|Psychic|p2a: Espeon\n|-resisted|p2a: Espeon\n|-damage|p2a: Espeon|87\/100\n|move|p2a: Espeon|Draining Kiss|p1b: Stakataka\n|-resisted|p1b: Stakataka\n|-crit|p1b: Stakataka\n|-damage|p1b: Stakataka|0 fnt\n|-heal|p2a: Espeon|100\/100|[from] drain|[of] p1b: Stakataka\n|faint|p1b: Stakataka\n|\n|upkeep\n|\n|t:|1700002085\n|switch|p1b: Reuniclus|Reuniclus, F|100\/100\n|turn|9\n|inactive|Marinorey002 has 120 seconds left.\n|\n|t:|1700002109\n|move|p1b: Reuniclus|Shadow Ball|p2b: Cresselia\n|-supereffective|p2b: Cresselia\n|-damage|p2b: Cresselia|58\/100\n|move|p2b: Cresselia|Calm Mind|p2b: Cresselia\n|-boost|p2b: Cresselia|spa|1\n|-boost|p2b: Cresselia|spd|1\n|move|p1a: Indeedee|Reflect|p1a: Indeedee\n|-sidestart|p1: Marinorey002|Reflect\n|move|p2a: Espeon|Draining Kiss|p1a: Indeedee\n|-damage|p1a: Indeedee|32\/100\n|\n|-heal|p2b: Cresselia|64\/100|[from] item: Leftovers\n|-fieldend|move: Trick Room\n|-status|p1b: Reuniclus|brn|[from] item: Flame Orb\n|upkeep\n|turn|10\n|inactive|Marinorey002 has 120 seconds left.\n|\n|t:|1700002136\n|move|p1a: Indeedee|Protect|p1a: Indeedee\n|-singleturn|p1a: Indeedee|Protect\n|move|p2a: Espeon|Expanding Force|p1b: Reuniclus|[spread] p1b\n|-activate|p1a: Indeedee|move: Protect\n|-resisted|p1b: Reuniclus\n|-damage|p1b: Reuniclus|60\/100 brn\n|move|p2b: Cresselia|Calm Mind|p2b: Cresselia\n|-boost|p2b: Cresselia|spa|1\n|-boost|p2b: Cresselia|spd|1\n|move|p1b: Reuniclus|Shadow Ball|p2b: Cresselia\n|-supereffective|p2b: Cresselia\n|-damage|p2b: Cresselia|43\/100\n|\n|-heal|p2b: Cresselia|49\/100|[from] item: Leftovers\n|upkeep\n|turn|11\n|\n|t:|1700002155\n|move|p2a: Espeon|Expanding Force|p1b: Reuniclus|[spread] p1a,p1b\n|-resisted|p1b: Reuniclus\n|-damage|p1a: Indeedee|0 fnt\n|-damage|p1b: Reuniclus|20\/100 brn\n|faint|p1a: Indeedee\n|move|p2b: Cresselia|Lunar Blessing|p2b: Cresselia|[spread] p2a,p2b\n|-heal|p2b: Cresselia|74\/100\n|move|p1b: Reuniclus|Shadow Ball|p2b: Cresselia\n|-supereffective|p2b: Cresselia\n|-damage|p2b: Cresselia|53\/100\n|\n|-heal|p2b: Cresselia|60\/100|[from] item: Leftovers\n|-fieldend|move: Psychic Terrain\n|upkeep\n|turn|12\n|\n|t:|1700002173\n|move|p2a: Espeon|Expanding Force|p1b: Reuniclus\n|-resisted|p1b: Reuniclus\n|-damage|p1b: Reuniclus|0 fnt\n|faint|p1b: Reuniclus\n|\n|win|The OG Trainer Red\n|raw|Marinorey002's rating: 1187 &rarr; <strong>1164<\/strong><br \/>(-23 for losing)\n|raw|The OG Trainer Red's rating: 1216 &rarr; <strong>1239<\/strong><br \/>(+23 for winning)\n|l|\u2606Marinorey002\n","uploadtime":1700002183,"views":5,"p1id":"marinorey002","p2id":"theogtrainerred","formatid":"gen9nationaldexdoubles","rating":1164,"private":0,"password":""}