{"id":"gen9nationaldexdoubles-1952185742","p1":"Theadonia","p2":"w0nderstruck","format":"[Gen 9] National Dex Doubles","log":"|j|\u2606Theadonia\n|j|\u2606w0nderstruck\n|t:|1695663387\n|gametype|doubles\n|player|p1|Theadonia|caitlin|1085\n|player|p2|w0nderstruck|grimsley|1073\n|teamsize|p1|6\n|teamsize|p2|6\n|gen|9\n|tier|[Gen 9] National Dex Doubles\n|rated|\n|rule|HP Percentage Mod: HP is shown in percentages\n|rule|Endless Battle Clause: Forcing endless battles is banned\n|rule|OHKO Clause: OHKO moves are banned\n|rule|Evasion Moves Clause: Evasion moves are banned\n|rule|Evasion Abilities Clause: Evasion abilities are banned\n|rule|Species Clause: Limit one of each Pok\u00e9mon\n|rule|Gravity Sleep Clause: The combination of sleep-inducing moves with imperfect accuracy and Gravity or Gigantamax Orbeetle are banned\n|clearpoke\n|poke|p1|Falinks|\n|poke|p1|Hoopa-Unbound|\n|poke|p1|Tinkaton, F|\n|poke|p1|Drifblim, F|\n|poke|p1|Latios, M|\n|poke|p1|Sableye, M|\n|poke|p2|Jolteon, M|\n|poke|p2|Metagross|\n|poke|p2|Clodsire, M|\n|poke|p2|Metapod, M|\n|poke|p2|Golurk|\n|poke|p2|Drapion, M|\n|teampreview\n|inactive|Battle timer is ON: inactive players will automatically lose when time's up. (requested by w0nderstruck)\n|\n|t:|1695663411\n|start\n|switch|p1a: Falinks|Falinks, shiny|100\/100\n|switch|p1b: Sableye|Sableye, M, shiny|100\/100\n|switch|p2a: Metapod|Metapod, M|100\/100\n|switch|p2b: Golurk|Golurk|100\/100\n|turn|1\n|\n|t:|1695663423\n|move|p1b: Sableye|Trick|p2b: Golurk\n|-activate|p1b: Sableye|move: Trick|[of] p2b: Golurk\n|-item|p2b: Golurk|Eject Button|[from] move: Trick\n|-item|p1b: Sableye|Choice Band|[from] move: Trick\n|move|p1a: Falinks|Poison Jab|p2a: Metapod\n|-damage|p2a: Metapod|80\/100\n|move|p2b: Golurk|Dynamic Punch|p1a: Falinks\n|-damage|p1a: Falinks|71\/100\n|-start|p1a: Falinks|confusion\n|move|p2a: Metapod|String Shot|p1a: Falinks|[spread] p1a,p1b\n|-unboost|p1a: Falinks|spe|2\n|-unboost|p1b: Sableye|spe|2\n|\n|upkeep\n|turn|2\n|\n|t:|1695663444\n|move|p1b: Sableye|Trick|p2a: Metapod\n|-activate|p1b: Sableye|move: Trick|[of] p2a: Metapod\n|-item|p2a: Metapod|Choice Band|[from] move: Trick\n|-item|p1b: Sableye|Focus Sash|[from] move: Trick\n|move|p2b: Golurk|Mega Kick|p1a: Falinks\n|-damage|p1a: Falinks|41\/100\n|move|p2a: Metapod|String Shot|p1b: Sableye|[spread] p1a,p1b\n|-unboost|p1a: Falinks|spe|2\n|-unboost|p1b: Sableye|spe|2\n|-activate|p1a: Falinks|confusion\n|-damage|p1a: Falinks|34\/100|[from] confusion\n|\n|upkeep\n|turn|3\n|\n|t:|1695663459\n|move|p1b: Sableye|Shadow Sneak|p2b: Golurk\n|-supereffective|p2b: Golurk\n|-damage|p2b: Golurk|64\/100\n|-enditem|p2b: Golurk|Eject Button\n|\n|t:|1695663464\n|switch|p2b: Drapion|Drapion, M|100\/100\n|move|p2a: Metapod|String Shot|p1a: Falinks|[spread] p1a,p1b\n|-unboost|p1a: Falinks|spe|2\n|-unboost|p1b: Sableye|spe|2\n|-activate|p1a: Falinks|confusion\n|-damage|p1a: Falinks|27\/100|[from] confusion\n|\n|upkeep\n|turn|4\n|\n|t:|1695663491\n|move|p1b: Sableye|Mean Look|p1a: Falinks\n|-activate|p1a: Falinks|trapped\n|move|p2b: Drapion|Rock Slide|p1b: Sableye|[spread] p1a,p1b\n|-resisted|p1a: Falinks\n|-damage|p1a: Falinks|19\/100\n|-damage|p1b: Sableye|70\/100\n|-enditem|p1a: Falinks|Aguav Berry|[eat]\n|-heal|p1a: Falinks|52\/100|[from] item: Aguav Berry\n|-damage|p2b: Drapion|91\/100|[from] item: Life Orb\n|move|p2a: Metapod|String Shot|p1a: Falinks|[spread] \n|-unboost|p1a: Falinks|spe|0\n|-unboost|p1b: Sableye|spe|0\n|cant|p1a: Falinks|flinch\n|\n|upkeep\n|turn|5\n|\n|t:|1695663521\n|switch|p2a: Golurk|Golurk|64\/100\n|move|p1b: Sableye|Mean Look||[still]\n|-fail|p1b: Sableye\n|move|p2b: Drapion|Poison Jab|p1a: Falinks\n|-damage|p1a: Falinks|20\/100\n|-status|p1a: Falinks|psn\n|-damage|p2b: Drapion|81\/100|[from] item: Life Orb\n|-end|p1a: Falinks|confusion\n|move|p1a: Falinks|No Retreat|p1a: Falinks\n|-boost|p1a: Falinks|atk|1\n|-boost|p1a: Falinks|def|1\n|-boost|p1a: Falinks|spa|1\n|-boost|p1a: Falinks|spd|1\n|-boost|p1a: Falinks|spe|1\n|\n|-damage|p1a: Falinks|7\/100 psn|[from] psn\n|upkeep\n|turn|6\n|\n|t:|1695663540\n|move|p1b: Sableye|Shadow Sneak|p2a: Golurk\n|-supereffective|p2a: Golurk\n|-damage|p2a: Golurk|29\/100\n|move|p2b: Drapion|Leech Life|p1b: Sableye\n|-damage|p1b: Sableye|32\/100\n|-heal|p2b: Drapion|100\/100|[from] drain|[of] p1b: Sableye\n|-damage|p2b: Drapion|91\/100|[from] item: Life Orb\n|move|p2a: Golurk|Poltergeist|p1b: Sableye\n|-activate|p1b: Sableye|move: Poltergeist|Focus Sash\n|-damage|p1b: Sableye|0 fnt\n|faint|p1b: Sableye\n|move|p1a: Falinks|Rest|p1a: Falinks\n|-status|p1a: Falinks|slp|[from] move: Rest\n|-heal|p1a: Falinks|100\/100 slp|[silent]\n|\n|upkeep\n|\n|t:|1695663556\n|switch|p1b: Drifblim|Drifblim, F|100\/100\n|turn|7\n|\n|t:|1695663563\n|move|p2b: Drapion|Knock Off|p1b: Drifblim\n|-supereffective|p1b: Drifblim\n|-damage|p1b: Drifblim|0 fnt\n|-enditem|p1b: Drifblim|Flame Orb|[from] move: Knock Off|[of] p2b: Drapion\n|faint|p1b: Drifblim\n|-damage|p2b: Drapion|81\/100|[from] item: Life Orb\n|move|p2a: Golurk|Stone Edge|p1a: Falinks\n|-resisted|p1a: Falinks\n|-damage|p1a: Falinks|91\/100 slp\n|cant|p1a: Falinks|slp\n|\n|upkeep\n|\n|t:|1695663570\n|switch|p1b: Tinkaton|Tinkaton, F|100\/100\n|-ability|p1b: Tinkaton|Mold Breaker\n|turn|8\n|\n|t:|1695663585\n|move|p2b: Drapion|Poison Jab|p1a: Falinks\n|-damage|p1a: Falinks|69\/100 slp\n|-damage|p2b: Drapion|71\/100|[from] item: Life Orb\n|move|p1b: Tinkaton|Knock Off|p2a: Golurk\n|-supereffective|p2a: Golurk\n|-damage|p2a: Golurk|0 fnt\n|faint|p2a: Golurk\n|cant|p1a: Falinks|slp\n|\n|upkeep\n|\n|t:|1695663599\n|switch|p2a: Metapod|Metapod, M|80\/100\n|turn|9\n|\n|t:|1695663612\n|move|p2b: Drapion|Knock Off|p1b: Tinkaton\n|-resisted|p1b: Tinkaton\n|-damage|p1b: Tinkaton|65\/100\n|-enditem|p1b: Tinkaton|Assault Vest|[from] move: Knock Off|[of] p2b: Drapion\n|-damage|p2b: Drapion|61\/100|[from] item: Life Orb\n|move|p1b: Tinkaton|Gigaton Hammer|p2b: Drapion\n|-damage|p2b: Drapion|0 fnt\n|faint|p2b: Drapion\n|move|p2a: Metapod|String Shot|p1b: Tinkaton|[spread] p1a,p1b\n|-unboost|p1a: Falinks|spe|1\n|-unboost|p1b: Tinkaton|spe|2\n|-curestatus|p1a: Falinks|slp|[msg]\n|move|p1a: Falinks|No Retreat|p1a: Falinks\n|-boost|p1a: Falinks|atk|1\n|-boost|p1a: Falinks|def|1\n|-boost|p1a: Falinks|spa|1\n|-boost|p1a: Falinks|spd|1\n|-boost|p1a: Falinks|spe|1\n|-start|p1a: Falinks|move: No Retreat\n|\n|upkeep\n|\n|t:|1695663629\n|switch|p2b: Clodsire|Clodsire, M|100\/100\n|turn|10\n|\n|t:|1695663639\n|move|p1b: Tinkaton|Ice Hammer|p2b: Clodsire\n|-supereffective|p2b: Clodsire\n|-damage|p2b: Clodsire|51\/100\n|-unboost|p1b: Tinkaton|spe|1\n|move|p2a: Metapod|String Shot|p1b: Tinkaton|[spread] p1a,p1b\n|-unboost|p1a: Falinks|spe|1\n|-unboost|p1b: Tinkaton|spe|2\n|move|p2b: Clodsire|Earthquake|p1a: Falinks|[spread] p2a,p1a,p1b\n|-resisted|p2a: Metapod\n|-supereffective|p1b: Tinkaton\n|-damage|p2a: Metapod|69\/100\n|-damage|p1a: Falinks|54\/100\n|-damage|p1b: Tinkaton|7\/100\n|move|p1a: Falinks|Body Press|p2a: Metapod\n|-resisted|p2a: Metapod\n|-damage|p2a: Metapod|29\/100\n|\n|-heal|p2b: Clodsire|57\/100|[from] item: Leftovers\n|upkeep\n|turn|11\n|\n|t:|1695663652\n|move|p2a: Metapod|String Shot|p1a: Falinks|[spread] p1a,p1b\n|-unboost|p1a: Falinks|spe|0\n|-unboost|p1b: Tinkaton|spe|1\n|move|p1b: Tinkaton|Ice Hammer|p2b: Clodsire\n|-supereffective|p2b: Clodsire\n|-damage|p2b: Clodsire|4\/100\n|move|p2b: Clodsire|Earthquake|p1b: Tinkaton|[spread] p2a,p1a,p1b\n|-resisted|p2a: Metapod\n|-supereffective|p1b: Tinkaton\n|-damage|p2a: Metapod|18\/100\n|-damage|p1a: Falinks|40\/100\n|-damage|p1b: Tinkaton|0 fnt\n|faint|p1b: Tinkaton\n|move|p1a: Falinks|Body Press|p2b: Clodsire\n|-resisted|p2b: Clodsire\n|-damage|p2b: Clodsire|0 fnt\n|faint|p2b: Clodsire\n|\n|upkeep\n|\n|t:|1695663667\n|switch|p1b: Hoopa|Hoopa-Unbound|100\/100\n|switch|p2b: Metagross|Metagross|100\/100\n|turn|12\n|\n|t:|1695663674\n|detailschange|p2b: Metagross|Metagross-Mega\n|-mega|p2b: Metagross|Metagross|Metagrossite\n|move|p2b: Metagross|Psycho Cut|p1a: Falinks\n|-supereffective|p1a: Falinks\n|-damage|p1a: Falinks|11\/100\n|move|p2a: Metapod|String Shot|p1b: Hoopa|[spread] p1a,p1b\n|-unboost|p1a: Falinks|spe|0\n|-unboost|p1b: Hoopa|spe|2\n|move|p1a: Falinks|Rest|p1a: Falinks\n|-status|p1a: Falinks|slp|[from] move: Rest\n|-heal|p1a: Falinks|100\/100 slp|[silent]\n|move|p1b: Hoopa|Trick Room|p1b: Hoopa\n|-fieldstart|move: Trick Room|[of] p1b: Hoopa\n|-enditem|p1b: Hoopa|Room Service\n|-unboost|p1b: Hoopa|spe|1|[from] item: Room Service\n|\n|upkeep\n|turn|13\n|\n|t:|1695663691\n|cant|p1a: Falinks|slp\n|move|p1b: Hoopa|Knock Off|p2b: Metagross\n|-supereffective|p2b: Metagross\n|-damage|p2b: Metagross|45\/100\n|move|p2a: Metapod|String Shot|p1a: Falinks|[spread] p1a,p1b\n|-unboost|p1a: Falinks|spe|0\n|-unboost|p1b: Hoopa|spe|2\n|move|p2b: Metagross|Meteor Mash|p1b: Hoopa|[miss]\n|-miss|p2b: Metagross|p1b: Hoopa\n|\n|upkeep\n|turn|14\n|\n|t:|1695663705\n|move|p2b: Metagross|Bullet Punch|p1b: Hoopa\n|-damage|p1b: Hoopa|61\/100\n|cant|p1a: Falinks|slp\n|move|p1b: Hoopa|Knock Off|p2b: Metagross\n|-supereffective|p2b: Metagross\n|-damage|p2b: Metagross|0 fnt\n|faint|p2b: Metagross\n|move|p2a: Metapod|String Shot|p1b: Hoopa|[spread] p1a,p1b\n|-unboost|p1a: Falinks|spe|0\n|-unboost|p1b: Hoopa|spe|1\n|\n|upkeep\n|\n|t:|1695663717\n|switch|p2b: Jolteon|Jolteon, M|100\/100\n|turn|15\n|\n|t:|1695663727\n|-terastallize|p2b: Jolteon|Electric\n|move|p1b: Hoopa|Knock Off|p2a: Metapod\n|-damage|p2a: Metapod|0 fnt\n|-enditem|p2a: Metapod|Choice Band|[from] move: Knock Off|[of] p1b: Hoopa\n|faint|p2a: Metapod\n|-curestatus|p1a: Falinks|slp|[msg]\n|move|p1a: Falinks|Body Press|p2b: Jolteon\n|-damage|p2b: Jolteon|0 fnt\n|faint|p2b: Jolteon\n|\n|win|Theadonia\n|raw|Theadonia's rating: 1085 &rarr; <strong>1111<\/strong><br \/>(+26 for winning)\n|raw|w0nderstruck's rating: 1073 &rarr; <strong>1053<\/strong><br \/>(-20 for losing)\n|l|\u2606w0nderstruck\n","uploadtime":1695663740,"views":8,"p1id":"theadonia","p2id":"w0nderstruck","formatid":"gen9nationaldexdoubles","rating":1053,"private":0,"password":""}