{"id":"gen9nationaldexdoubles-1973075972","p1":"KageDeSin","p2":"usagi the weeb","format":"[Gen 9] National Dex Doubles","log":"|j|\u2606KageDeSin\n|j|\u2606usagi the weeb\n|t:|1697924940\n|gametype|doubles\n|player|p1|KageDeSin|biker|\n|player|p2|usagi the weeb|101|\n|teamsize|p1|6\n|teamsize|p2|6\n|gen|9\n|tier|[Gen 9] National Dex Doubles\n|rule|HP Percentage Mod: HP is shown in percentages\n|rule|Endless Battle Clause: Forcing endless battles is banned\n|rule|OHKO Clause: OHKO moves are banned\n|rule|Evasion Moves Clause: Evasion moves are banned\n|rule|Evasion Abilities Clause: Evasion abilities are banned\n|rule|Species Clause: Limit one of each Pok\u00e9mon\n|rule|Gravity Sleep Clause: The combination of sleep-inducing moves with imperfect accuracy and Gravity or Gigantamax Orbeetle are banned\n|clearpoke\n|poke|p1|Glimmora, F|\n|poke|p1|Kommo-o, F|\n|poke|p1|Skeledirge, F|\n|poke|p1|Zoroark, F|\n|poke|p1|Espathra, F|\n|poke|p1|Ogerpon-Wellspring, F|\n|poke|p2|Stonjourner, M|\n|poke|p2|Ursaluna, M|\n|poke|p2|Toxapex, M|\n|poke|p2|Gardevoir, F|\n|poke|p2|Moltres-Galar|\n|poke|p2|Torterra, M|\n|teampreview\n|j| TheOfficialSlade\n|c| TheOfficialSlade|ZOROARK GANG WE UP\n|\n|t:|1697924978\n|start\n|switch|p1a: N'Harmony|Kommo-o, F|100\/100\n|switch|p1b: Bone Thugs|Skeledirge, F|100\/100\n|switch|p2a: Rem|Gardevoir, F, shiny|100\/100\n|switch|p2b: open says me|Stonjourner, M, shiny|100\/100\n|turn|1\n|\n|t:|1697925015\n|detailschange|p2a: Rem|Gardevoir-Mega, F, shiny\n|-mega|p2a: Rem|Gardevoir|Gardevoirite\n|move|p1b: Bone Thugs|Helping Hand|p1a: N'Harmony\n|-singleturn|p1a: N'Harmony|Helping Hand|[of] p1b: Bone Thugs\n|move|p2b: open says me|Protect|p2b: open says me\n|-singleturn|p2b: open says me|Protect\n|move|p2a: Rem|Calm Mind|p2a: Rem\n|-boost|p2a: Rem|spa|1\n|-boost|p2a: Rem|spd|1\n|move|p1a: N'Harmony|Boomburst|p2b: open says me|[spread] p1b,p2a\n|-activate|p2b: open says me|move: Protect\n|-damage|p1b: Bone Thugs|30\/100\n|-damage|p2a: Rem|78\/100\n|replace|p1b: Mask Off|Zoroark, F\n|-end|p1b: Mask Off|Illusion\n|\n|upkeep\n|turn|2\n|j| landlord79\n|\n|t:|1697925089\n|switch|p1a: Big Perm|Glimmora, F|100\/100\n|-item|p1a: Big Perm|Air Balloon\n|move|p2b: open says me|Protect||[still]\n|-fail|p2b: open says me\n|move|p2a: Rem|Moonblast|p1a: Big Perm\n|-resisted|p1a: Big Perm\n|-damage|p1a: Big Perm|18\/100\n|-enditem|p1a: Big Perm|Air Balloon\n|move|p1b: Mask Off|Knock Off|p2b: open says me\n|-damage|p2b: open says me|80\/100\n|-enditem|p2b: open says me|Focus Sash|[from] move: Knock Off|[of] p1b: Mask Off\n|\n|upkeep\n|turn|3\n|\n|t:|1697925131\n|switch|p1b: Bone Thugs|Skeledirge, F|100\/100\n|move|p2a: Rem|Psychic|p1a: Big Perm\n|-supereffective|p1a: Big Perm\n|-damage|p1a: Big Perm|0 fnt\n|faint|p1a: Big Perm\n|move|p2b: open says me|Body Press|p1b: Bone Thugs\n|-immune|p1b: Bone Thugs\n|\n|upkeep\n|\n|t:|1697925152\n|switch|p1a: Big Bird|Espathra, F|100\/100\n|turn|4\n|\n|t:|1697925181\n|move|p2b: open says me|Protect|p2b: open says me\n|-singleturn|p2b: open says me|Protect\n|move|p1a: Big Bird|Shadow Ball|p2a: Rem\n|-supereffective|p2a: Rem\n|-damage|p2a: Rem|45\/100\n|move|p2a: Rem|Aura Sphere|p1a: Big Bird\n|-resisted|p1a: Big Bird\n|-damage|p1a: Big Bird|54\/100\n|move|p1b: Bone Thugs|Yawn|p2a: Rem\n|-start|p2a: Rem|move: Yawn|[of] p1b: Bone Thugs\n|\n|upkeep\n|turn|5\n|\n|t:|1697925203\n|move|p1a: Big Bird|Shadow Ball|p2a: Rem\n|-supereffective|p2a: Rem\n|-damage|p2a: Rem|13\/100\n|move|p2a: Rem|Moonblast|p1a: Big Bird\n|-damage|p1a: Big Bird|0 fnt\n|faint|p1a: Big Bird\n|move|p2b: open says me|Stone Edge|p1b: Bone Thugs\n|-supereffective|p1b: Bone Thugs\n|-damage|p1b: Bone Thugs|44\/100\n|move|p1b: Bone Thugs|Torch Song|p2a: Rem\n|-damage|p2a: Rem|0 fnt\n|-boost|p1b: Bone Thugs|spa|1\n|faint|p2a: Rem\n|-enditem|p1b: Bone Thugs|Throat Spray\n|-boost|p1b: Bone Thugs|spa|1|[from] item: Throat Spray\n|\n|upkeep\n|\n|t:|1697925221\n|switch|p2a: Papa Bear|Ursaluna, M, shiny|100\/100\n|switch|p1a: N'Harmony|Kommo-o, F|100\/100\n|turn|6\n|\n|t:|1697925248\n|move|p2b: open says me|Protect|p2b: open says me\n|-singleturn|p2b: open says me|Protect\n|move|p1b: Bone Thugs|Hyper Voice|p2b: open says me|[spread] p2a\n|-activate|p2b: open says me|move: Protect\n|-damage|p2a: Papa Bear|66\/100\n|move|p2a: Papa Bear|Earthquake|p1b: Bone Thugs|[spread] p1a,p1b\n|-activate|p2b: open says me|move: Protect\n|-supereffective|p1b: Bone Thugs\n|-damage|p1a: N'Harmony|47\/100\n|-damage|p1b: Bone Thugs|0 fnt\n|faint|p1b: Bone Thugs\n|move|p1a: N'Harmony|Dragon Tail|p2a: Papa Bear\n|-crit|p2a: Papa Bear\n|-damage|p2a: Papa Bear|43\/100\n|drag|p2a: ITS A TRAP|Toxapex, M, shiny|100\/100\n|\n|upkeep\n|\n|t:|1697925267\n|switch|p1b: Mask On|Ogerpon-Wellspring, F|30\/100\n|turn|7\n|\n|t:|1697925281\n|move|p1b: Mask On|Helping Hand|p1a: N'Harmony\n|-singleturn|p1a: N'Harmony|Helping Hand|[of] p1b: Mask On\n|move|p2b: open says me|Protect|p2b: open says me\n|-singleturn|p2b: open says me|Protect\n|move|p1a: N'Harmony|Thunder Punch|p2a: ITS A TRAP\n|-supereffective|p2a: ITS A TRAP\n|-damage|p2a: ITS A TRAP|54\/100\n|move|p2a: ITS A TRAP|Ice Beam|p1b: Mask On\n|-damage|p1b: Mask On|0 fnt\n|replace|p1b: Mask Off|Zoroark, F\n|-end|p1b: Mask Off|Illusion\n|faint|p1b: Mask Off\n|\n|upkeep\n|\n|t:|1697925292\n|switch|p1b: Mask On|Ogerpon-Wellspring, F|100\/100\n|turn|8\n|\n|t:|1697925306\n|move|p1b: Mask On|Trailblaze|p2a: ITS A TRAP\n|-damage|p2a: ITS A TRAP|33\/100\n|-boost|p1b: Mask On|spe|1\n|move|p1a: N'Harmony|Ice Punch|p2b: open says me\n|-damage|p2b: open says me|71\/100\n|move|p2b: open says me|Stone Edge|p1a: N'Harmony\n|-resisted|p1a: N'Harmony\n|-damage|p1a: N'Harmony|27\/100\n|move|p2a: ITS A TRAP|Ice Beam|p1b: Mask On\n|-damage|p1b: Mask On|76\/100\n|-status|p1b: Mask On|frz\n|\n|upkeep\n|turn|9\n|\n|t:|1697925328\n|cant|p1b: Mask On|frz\n|move|p1a: N'Harmony|Thunder Punch|p2a: ITS A TRAP\n|-supereffective|p2a: ITS A TRAP\n|-damage|p2a: ITS A TRAP|2\/100\n|move|p2b: open says me|Body Slam|p1a: N'Harmony\n|-damage|p1a: N'Harmony|6\/100\n|move|p2a: ITS A TRAP|Gunk Shot|p1b: Mask On\n|-supereffective|p1b: Mask On\n|-damage|p1b: Mask On|0 fnt\n|faint|p1b: Mask On\n|\n|upkeep\n|turn|10\n|\n|t:|1697925344\n|move|p2b: open says me|Protect|p2b: open says me\n|-singleturn|p2b: open says me|Protect\n|move|p1a: N'Harmony|Thunder Punch|p2a: ITS A TRAP\n|-supereffective|p2a: ITS A TRAP\n|-crit|p2a: ITS A TRAP\n|-damage|p2a: ITS A TRAP|0 fnt\n|faint|p2a: ITS A TRAP\n|\n|upkeep\n|\n|t:|1697925351\n|switch|p2a: Phoenix|Moltres-Galar, shiny|100\/100\n|turn|11\n|\n|t:|1697925359\n|move|p2a: Phoenix|Fiery Wrath|p1a: N'Harmony\n|-resisted|p1a: N'Harmony\n|-damage|p1a: N'Harmony|0 fnt\n|faint|p1a: N'Harmony\n|\n|win|usagi the weeb\n","uploadtime":1697925369,"views":23,"p1id":"kagedesin","p2id":"usagitheweeb","formatid":"gen9nationaldexdoubles","rating":0,"private":0,"password":""}