{"id":"gen9nationaldexdoubles-1951646770","p1":"Critian Caceorte","p2":"Delfuerte","format":"[Gen 9] National Dex Doubles","log":"|j|\u2606Critian Caceorte\n|j|\u2606Delfuerte\n|t:|1695602660\n|gametype|doubles\n|player|p1|Critian Caceorte|170|\n|player|p2|Delfuerte|candice|\n|teamsize|p1|6\n|teamsize|p2|6\n|gen|9\n|tier|[Gen 9] National Dex Doubles\n|rule|HP Percentage Mod: HP is shown in percentages\n|rule|Endless Battle Clause: Forcing endless battles is banned\n|rule|OHKO Clause: OHKO moves are banned\n|rule|Evasion Moves Clause: Evasion moves are banned\n|rule|Evasion Abilities Clause: Evasion abilities are banned\n|rule|Species Clause: Limit one of each Pok\u00e9mon\n|rule|Gravity Sleep Clause: The combination of sleep-inducing moves with imperfect accuracy and Gravity or Gigantamax Orbeetle are banned\n|clearpoke\n|poke|p1|Toedscruel, M|\n|poke|p1|Gastrodon, M|\n|poke|p1|Garchomp, M|\n|poke|p1|Hippowdon, F|\n|poke|p1|Clodsire, F|\n|poke|p1|Ursaluna-Bloodmoon, M|\n|poke|p2|Lokix, F|\n|poke|p2|Serperior, F|\n|poke|p2|Hawlucha, M|\n|poke|p2|Iron Valiant|\n|poke|p2|Garchomp, F|\n|poke|p2|Glimmora, F|\n|teampreview\n|\n|t:|1695602666\n|start\n|switch|p1a: Toedscruel|Toedscruel, M|100\/100\n|switch|p1b: Hippowdon|Hippowdon, F|100\/100\n|switch|p2a: Chrysanthemum|Glimmora, F|100\/100\n|switch|p2b: F\u00e9nix|Hawlucha, M|100\/100\n|-weather|Sandstorm|[from] ability: Sand Stream|[of] p1b: Hippowdon\n|turn|1\n|c|\u2606Delfuerte|My strategy has improved.\n|\n|t:|1695602695\n|switch|p1b: Gastrodon|Gastrodon, M|100\/100\n|move|p2b: F\u00e9nix|Acrobatics|p1a: Toedscruel\n|-supereffective|p1a: Toedscruel\n|-enditem|p1a: Toedscruel|Focus Sash\n|-damage|p1a: Toedscruel|1\/100\n|move|p2a: Chrysanthemum|Spikes|p1b: Gastrodon\n|-sidestart|p1: Critian Caceorte|Spikes\n|move|p1a: Toedscruel|Trick Room|p1a: Toedscruel\n|-fieldstart|move: Trick Room|[of] p1a: Toedscruel\n|\n|-weather|Sandstorm|[upkeep]\n|-damage|p2b: F\u00e9nix|94\/100|[from] Sandstorm\n|upkeep\n|turn|2\n|\n|t:|1695602718\n|move|p1b: Gastrodon|Earth Power|p2a: Chrysanthemum\n|-supereffective|p2a: Chrysanthemum\n|-enditem|p2a: Chrysanthemum|Focus Sash\n|-damage|p2a: Chrysanthemum|1\/100\n|move|p2a: Chrysanthemum|Spikes|p1b: Gastrodon\n|-sidestart|p1: Critian Caceorte|Spikes\n|move|p2b: F\u00e9nix|Iron Head|p1a: Toedscruel\n|-damage|p1a: Toedscruel|0 fnt\n|faint|p1a: Toedscruel\n|\n|-weather|Sandstorm|[upkeep]\n|-damage|p2b: F\u00e9nix|88\/100|[from] Sandstorm\n|upkeep\n|\n|t:|1695602741\n|switch|p1a: Clodsire|Clodsire, F|100\/100\n|-damage|p1a: Clodsire|84\/100|[from] Spikes\n|turn|3\n|\n|t:|1695602756\n|move|p1a: Clodsire|Stealth Rock|p2b: F\u00e9nix\n|-sidestart|p2: Delfuerte|move: Stealth Rock\n|move|p1b: Gastrodon|Surf|p2a: Chrysanthemum|[spread] p2a,p2b\n|-heal|p1a: Clodsire|100\/100|[from] ability: Water Absorb|[of] p1b: Gastrodon\n|-supereffective|p2a: Chrysanthemum\n|-damage|p2a: Chrysanthemum|0 fnt\n|-damage|p2b: F\u00e9nix|35\/100\n|faint|p2a: Chrysanthemum\n|move|p2b: F\u00e9nix|Acrobatics|p1b: Gastrodon\n|-damage|p1b: Gastrodon|50\/100\n|\n|-weather|Sandstorm|[upkeep]\n|-damage|p2b: F\u00e9nix|28\/100|[from] Sandstorm\n|-heal|p1b: Gastrodon|56\/100|[from] item: Leftovers\n|upkeep\n|\n|t:|1695602774\n|switch|p2a: Karmen|Lokix, F|100\/100\n|-damage|p2a: Karmen|76\/100|[from] Stealth Rock\n|turn|4\n|\n|t:|1695602790\n|move|p1a: Clodsire|Toxic Spikes|p2b: F\u00e9nix\n|-sidestart|p2: Delfuerte|move: Toxic Spikes\n|move|p1b: Gastrodon|Surf|p2b: F\u00e9nix|[spread] p2a,p2b\n|-immune|p1a: Clodsire|[from] ability: Water Absorb\n|-crit|p2a: Karmen\n|-damage|p2a: Karmen|0 fnt\n|-damage|p2b: F\u00e9nix|0 fnt\n|faint|p2a: Karmen\n|faint|p2b: F\u00e9nix\n|\n|-weather|Sandstorm|[upkeep]\n|-heal|p1b: Gastrodon|62\/100|[from] item: Leftovers\n|upkeep\n|\n|t:|1695602803\n|switch|p2a: Corrin|Serperior, F, shiny|100\/100\n|switch|p2b: Anakin|Iron Valiant|100\/100\n|-damage|p2b: Anakin|94\/100|[from] Stealth Rock\n|-status|p2b: Anakin|psn\n|-damage|p2a: Corrin|88\/100|[from] Stealth Rock\n|-status|p2a: Corrin|psn\n|-enditem|p2b: Anakin|Booster Energy\n|-activate|p2b: Anakin|ability: Quark Drive|[fromitem]\n|-start|p2b: Anakin|quarkdrivespe\n|turn|5\n|\n|t:|1695602821\n|move|p1a: Clodsire|Poison Jab|p2a: Corrin\n|-supereffective|p2a: Corrin\n|-damage|p2a: Corrin|32\/100 psn\n|move|p1b: Gastrodon|Ice Beam|p2a: Corrin\n|-supereffective|p2a: Corrin\n|-damage|p2a: Corrin|0 fnt\n|faint|p2a: Corrin\n|move|p2b: Anakin|Ice Punch|p1a: Clodsire\n|-supereffective|p1a: Clodsire\n|-damage|p1a: Clodsire|44\/100\n|\n|-weather|Sandstorm|[upkeep]\n|-damage|p2b: Anakin|88\/100 psn|[from] Sandstorm\n|-heal|p1a: Clodsire|50\/100|[from] item: Black Sludge\n|-heal|p1b: Gastrodon|69\/100|[from] item: Leftovers\n|-damage|p2b: Anakin|76\/100 psn|[from] psn\n|-fieldend|move: Trick Room\n|upkeep\n|c|\u2606Delfuerte|This Trick Room is ruining me\n|\n|t:|1695602836\n|switch|p2a: Death|Garchomp, F|100\/100\n|-damage|p2a: Death|94\/100|[from] Stealth Rock\n|-status|p2a: Death|psn\n|turn|6\n|\n|t:|1695602847\n|detailschange|p2a: Death|Garchomp-Mega, F\n|-mega|p2a: Death|Garchomp|Garchompite\n|move|p2b: Anakin|Ice Punch|p1a: Clodsire\n|-supereffective|p1a: Clodsire\n|-damage|p1a: Clodsire|0 fnt\n|faint|p1a: Clodsire\n|move|p2a: Death|Brick Break|p1b: Gastrodon\n|-damage|p1b: Gastrodon|34\/100\n|move|p1b: Gastrodon|Ice Beam|p2a: Death\n|-supereffective|p2a: Death\n|-damage|p2a: Death|0 fnt\n|faint|p2a: Death\n|\n|-weather|Sandstorm|[upkeep]\n|-damage|p2b: Anakin|69\/100 psn|[from] Sandstorm\n|-heal|p1b: Gastrodon|40\/100|[from] item: Leftovers\n|-damage|p2b: Anakin|57\/100 psn|[from] psn\n|upkeep\n|\n|t:|1695602864\n|switch|p1a: Ursaluna|Ursaluna-Bloodmoon, M|100\/100\n|-damage|p1a: Ursaluna|84\/100|[from] Spikes\n|turn|7\n|\n|t:|1695602877\n|-terastallize|p2b: Anakin|Grass\n|-terastallize|p1a: Ursaluna|Ground\n|move|p2b: Anakin|Leaf Blade|p1a: Ursaluna\n|-supereffective|p1a: Ursaluna\n|-crit|p1a: Ursaluna\n|-damage|p1a: Ursaluna|0 fnt\n|faint|p1a: Ursaluna\n|move|p1b: Gastrodon|Clear Smog|p2b: Anakin\n|-supereffective|p2b: Anakin\n|-damage|p2b: Anakin|0 fnt\n|-clearboost|p2b: Anakin\n|faint|p2b: Anakin\n|-end|p2b: Anakin|Quark Drive|[silent]\n|\n|win|Critian Caceorte\n|c|\u2606Critian Caceorte|gg\n|c|\u2606Delfuerte|AGAGAGGAGA\n|c|\u2606Delfuerte|GG\n","uploadtime":1695602896,"views":14,"p1id":"critiancaceorte","p2id":"delfuerte","formatid":"gen9nationaldexdoubles","rating":0,"private":0,"password":""}