{"id":"gen9nationaldexdoubles-1986590973","p1":"Chaos92031","p2":"yaya_x3","format":"[Gen 9] National Dex Doubles","log":"|j|\u2606Chaos92031\n|j|\u2606yaya_x3\n|t:|1699495432\n|gametype|doubles\n|player|p1|Chaos92031|blue|\n|player|p2|yaya_x3|morgan|\n|teamsize|p1|6\n|teamsize|p2|6\n|gen|9\n|tier|[Gen 9] National Dex Doubles\n|rule|HP Percentage Mod: HP is shown in percentages\n|rule|Endless Battle Clause: Forcing endless battles is banned\n|rule|OHKO Clause: OHKO moves are banned\n|rule|Evasion Moves Clause: Evasion moves are banned\n|rule|Evasion Abilities Clause: Evasion abilities are banned\n|rule|Species Clause: Limit one of each Pok\u00e9mon\n|rule|Gravity Sleep Clause: The combination of sleep-inducing moves with imperfect accuracy and Gravity or Gigantamax Orbeetle are banned\n|clearpoke\n|poke|p1|Charizard, F|\n|poke|p1|Chi-Yu|\n|poke|p1|Flutter Mane|\n|poke|p1|Whimsicott, F|\n|poke|p1|Kingambit, F|\n|poke|p1|Landorus-Therian, M|\n|poke|p2|Marshadow|\n|poke|p2|Rillaboom, M|\n|poke|p2|Chien-Pao|\n|poke|p2|Zamazenta-*|\n|poke|p2|Zygarde|\n|poke|p2|Whimsicott, F|\n|teampreview\n|j| realspades\n|j| MarcusTalks\n|inactive|Battle timer is ON: inactive players will automatically lose when time's up. (requested by Chaos92031)\n|c| MarcusTalks|Give him heck\n|\n|t:|1699495493\n|start\n|switch|p1a: Charizard|Charizard, F|100\/100\n|switch|p1b: Whimsicott|Whimsicott, F|100\/100\n|switch|p2a: \ud835\udc03\ud835\udc28\ud835\udc20\ud835\udc1e \ud835\udde3\ud835\uddfc\ud835\ude04 !|Chien-Pao|100\/100\n|switch|p2b: \uff30\uff55\uff4c\uff4c \uff35\uff30|Marshadow|100\/100\n|-ability|p2a: \ud835\udc03\ud835\udc28\ud835\udc20\ud835\udc1e \ud835\udde3\ud835\uddfc\ud835\ude04 !|Sword of Ruin\n|turn|1\n|\n|t:|1699495515\n|detailschange|p1a: Charizard|Charizard-Mega-Y, F\n|-mega|p1a: Charizard|Charizard|Charizardite Y\n|-weather|SunnyDay|[from] ability: Drought|[of] p1a: Charizard\n|move|p1b: Whimsicott|Tailwind|p1b: Whimsicott\n|-sidestart|p1: Chaos92031|move: Tailwind\n|move|p1a: Charizard|Heat Wave|p2b: \uff30\uff55\uff4c\uff4c \uff35\uff30|[spread] p2a,p2b\n|-supereffective|p2a: \ud835\udc03\ud835\udc28\ud835\udc20\ud835\udc1e \ud835\udde3\ud835\uddfc\ud835\ude04 !\n|-enditem|p2a: \ud835\udc03\ud835\udc28\ud835\udc20\ud835\udc1e \ud835\udde3\ud835\uddfc\ud835\ude04 !|Focus Sash\n|-damage|p2a: \ud835\udc03\ud835\udc28\ud835\udc20\ud835\udc1e \ud835\udde3\ud835\uddfc\ud835\ude04 !|1\/100\n|-damage|p2b: \uff30\uff55\uff4c\uff4c \uff35\uff30|32\/100\n|-zpower|p2b: \uff30\uff55\uff4c\uff4c \uff35\uff30\n|move|p2b: \uff30\uff55\uff4c\uff4c \uff35\uff30|Soul-Stealing 7-Star Strike|p1a: Charizard|[zeffect]\n|-damage|p1a: Charizard|0 fnt\n|faint|p1a: Charizard\n|move|p2a: \ud835\udc03\ud835\udc28\ud835\udc20\ud835\udc1e \ud835\udde3\ud835\uddfc\ud835\ude04 !|Ice Spinner|p1b: Whimsicott\n|-supereffective|p1b: Whimsicott\n|-damage|p1b: Whimsicott|0 fnt\n|faint|p1b: Whimsicott\n|\n|-weather|SunnyDay|[upkeep]\n|upkeep\n|inactive|Chaos92031 has 270 seconds left.\n|\n|t:|1699495551\n|switch|p1b: Chi-Yu|Chi-Yu|100\/100\n|switch|p1a: Flutter Mane|Flutter Mane|100\/100\n|-activate|p1a: Flutter Mane|ability: Protosynthesis\n|-start|p1a: Flutter Mane|protosynthesisspe\n|-ability|p1b: Chi-Yu|Beads of Ruin\n|turn|2\n|inactive|Chaos92031 has 270 seconds left.\n|inactive|yaya_x3 has 270 seconds left.\n|\n|t:|1699495584\n|switch|p2b: \u2b50 Twinkle \u2b50|Whimsicott, F, shiny|100\/100\n|-terastallize|p1a: Flutter Mane|Fairy\n|move|p2a: \ud835\udc03\ud835\udc28\ud835\udc20\ud835\udc1e \ud835\udde3\ud835\uddfc\ud835\ude04 !|Protect|p2a: \ud835\udc03\ud835\udc28\ud835\udc20\ud835\udc1e \ud835\udde3\ud835\uddfc\ud835\ude04 !\n|-singleturn|p2a: \ud835\udc03\ud835\udc28\ud835\udc20\ud835\udc1e \ud835\udde3\ud835\uddfc\ud835\ude04 !|Protect\n|move|p1a: Flutter Mane|Dazzling Gleam|p2a: \ud835\udc03\ud835\udc28\ud835\udc20\ud835\udc1e \ud835\udde3\ud835\uddfc\ud835\ude04 !|[spread] p2b\n|-activate|p2a: \ud835\udc03\ud835\udc28\ud835\udc20\ud835\udc1e \ud835\udde3\ud835\uddfc\ud835\ude04 !|move: Protect\n|-crit|p2b: \u2b50 Twinkle \u2b50\n|-damage|p2b: \u2b50 Twinkle \u2b50|0 fnt\n|faint|p2b: \u2b50 Twinkle \u2b50\n|move|p1b: Chi-Yu|Heat Wave|p2a: \ud835\udc03\ud835\udc28\ud835\udc20\ud835\udc1e \ud835\udde3\ud835\uddfc\ud835\ude04 !\n|-activate|p2a: \ud835\udc03\ud835\udc28\ud835\udc20\ud835\udc1e \ud835\udde3\ud835\uddfc\ud835\ude04 !|move: Protect\n|\n|-weather|SunnyDay|[upkeep]\n|upkeep\n|inactive|yaya_x3 has 270 seconds left.\n|\n|t:|1699495616\n|switch|p2b: \uff2d\uff4f\uff4e\uff4b\uff45 \ud83d\udc12|Rillaboom, M|100\/100\n|-fieldstart|move: Grassy Terrain|[from] ability: Grassy Surge|[of] p2b: \uff2d\uff4f\uff4e\uff4b\uff45 \ud83d\udc12\n|turn|3\n|inactive|yaya_x3 has 240 seconds left.\n|\n|t:|1699495663\n|move|p2b: \uff2d\uff4f\uff4e\uff4b\uff45 \ud83d\udc12|Fake Out|p1b: Chi-Yu\n|-damage|p1b: Chi-Yu|58\/100\n|-damage|p2b: \uff2d\uff4f\uff4e\uff4b\uff45 \ud83d\udc12|91\/100|[from] item: Life Orb\n|move|p1a: Flutter Mane|Dazzling Gleam|p2b: \uff2d\uff4f\uff4e\uff4b\uff45 \ud83d\udc12|[spread] p2a,p2b\n|-supereffective|p2a: \ud835\udc03\ud835\udc28\ud835\udc20\ud835\udc1e \ud835\udde3\ud835\uddfc\ud835\ude04 !\n|-damage|p2a: \ud835\udc03\ud835\udc28\ud835\udc20\ud835\udc1e \ud835\udde3\ud835\uddfc\ud835\ude04 !|0 fnt\n|-damage|p2b: \uff2d\uff4f\uff4e\uff4b\uff45 \ud83d\udc12|0 fnt\n|faint|p2a: \ud835\udc03\ud835\udc28\ud835\udc20\ud835\udc1e \ud835\udde3\ud835\uddfc\ud835\ude04 !\n|faint|p2b: \uff2d\uff4f\uff4e\uff4b\uff45 \ud83d\udc12\n|cant|p1b: Chi-Yu|flinch\n|\n|-weather|SunnyDay|[upkeep]\n|-heal|p1b: Chi-Yu|64\/100|[from] Grassy Terrain\n|upkeep\n|inactive|yaya_x3 has 210 seconds left.\n|\n|t:|1699495686\n|switch|p2a: \ud835\udc03\ud835\udc28\ud835\udc20\ud835\udc1e \u0535\u03b1\u0572k|Zamazenta|100\/100\n|switch|p2b: (\ud835\ude7c\ud835\ude8e\ud835\ude90\ud835\ude8a) \u2022 Arbok|Zygarde, shiny|100\/100\n|-ability|p2a: \ud835\udc03\ud835\udc28\ud835\udc20\ud835\udc1e \u0535\u03b1\u0572k|Dauntless Shield|boost\n|-boost|p2a: \ud835\udc03\ud835\udc28\ud835\udc20\ud835\udc1e \u0535\u03b1\u0572k|def|1\n|-ability|p2b: (\ud835\ude7c\ud835\ude8e\ud835\ude90\ud835\ude8a) \u2022 Arbok|Aura Break\n|turn|4\n|\n|t:|1699495708\n|-terastallize|p2a: \ud835\udc03\ud835\udc28\ud835\udc20\ud835\udc1e \u0535\u03b1\u0572k|Steel\n|move|p2b: (\ud835\ude7c\ud835\ude8e\ud835\ude90\ud835\ude8a) \u2022 Arbok|Protect|p2b: (\ud835\ude7c\ud835\ude8e\ud835\ude90\ud835\ude8a) \u2022 Arbok\n|-singleturn|p2b: (\ud835\ude7c\ud835\ude8e\ud835\ude90\ud835\ude8a) \u2022 Arbok|Protect\n|move|p1a: Flutter Mane|Dazzling Gleam|p2a: \ud835\udc03\ud835\udc28\ud835\udc20\ud835\udc1e \u0535\u03b1\u0572k|[spread] p2a\n|-activate|p2b: (\ud835\ude7c\ud835\ude8e\ud835\ude90\ud835\ude8a) \u2022 Arbok|move: Protect\n|-resisted|p2a: \ud835\udc03\ud835\udc28\ud835\udc20\ud835\udc1e \u0535\u03b1\u0572k\n|-damage|p2a: \ud835\udc03\ud835\udc28\ud835\udc20\ud835\udc1e \u0535\u03b1\u0572k|67\/100\n|move|p1b: Chi-Yu|Overheat|p2a: \ud835\udc03\ud835\udc28\ud835\udc20\ud835\udc1e \u0535\u03b1\u0572k\n|-supereffective|p2a: \ud835\udc03\ud835\udc28\ud835\udc20\ud835\udc1e \u0535\u03b1\u0572k\n|-damage|p2a: \ud835\udc03\ud835\udc28\ud835\udc20\ud835\udc1e \u0535\u03b1\u0572k|0 fnt\n|-unboost|p1b: Chi-Yu|spa|2\n|faint|p2a: \ud835\udc03\ud835\udc28\ud835\udc20\ud835\udc1e \u0535\u03b1\u0572k\n|\n|-weather|SunnyDay|[upkeep]\n|-heal|p1b: Chi-Yu|70\/100|[from] Grassy Terrain\n|-sideend|p1: Chaos92031|move: Tailwind\n|upkeep\n|inactive|yaya_x3 has 210 seconds left.\n|\n|t:|1699495726\n|switch|p2a: \uff30\uff55\uff4c\uff4c \uff35\uff30|Marshadow|32\/100\n|turn|5\n|c|\u2606yaya_x3|gg\n|inactive|yaya_x3 has 210 seconds left.\n|\n|t:|1699495754\n|switch|p1b: Landorus|Landorus-Therian, M|100\/100\n|-ability|p1b: Landorus|Intimidate|boost\n|-unboost|p2a: \uff30\uff55\uff4c\uff4c \uff35\uff30|atk|1\n|-unboost|p2b: (\ud835\ude7c\ud835\ude8e\ud835\ude90\ud835\ude8a) \u2022 Arbok|atk|1\n|move|p1a: Flutter Mane|Dazzling Gleam|p2a: \uff30\uff55\uff4c\uff4c \uff35\uff30|[spread] p2a,p2b\n|-supereffective|p2a: \uff30\uff55\uff4c\uff4c \uff35\uff30\n|-supereffective|p2b: (\ud835\ude7c\ud835\ude8e\ud835\ude90\ud835\ude8a) \u2022 Arbok\n|-damage|p2a: \uff30\uff55\uff4c\uff4c \uff35\uff30|0 fnt\n|-damage|p2b: (\ud835\ude7c\ud835\ude8e\ud835\ude90\ud835\ude8a) \u2022 Arbok|7\/100\n|faint|p2a: \uff30\uff55\uff4c\uff4c \uff35\uff30\n|move|p2b: (\ud835\ude7c\ud835\ude8e\ud835\ude90\ud835\ude8a) \u2022 Arbok|Dragon Dance|p2b: (\ud835\ude7c\ud835\ude8e\ud835\ude90\ud835\ude8a) \u2022 Arbok\n|-boost|p2b: (\ud835\ude7c\ud835\ude8e\ud835\ude90\ud835\ude8a) \u2022 Arbok|atk|1\n|-boost|p2b: (\ud835\ude7c\ud835\ude8e\ud835\ude90\ud835\ude8a) \u2022 Arbok|spe|1\n|\n|-weather|none\n|-end|p1a: Flutter Mane|Protosynthesis\n|-heal|p2b: (\ud835\ude7c\ud835\ude8e\ud835\ude90\ud835\ude8a) \u2022 Arbok|13\/100|[from] Grassy Terrain\n|-heal|p2b: (\ud835\ude7c\ud835\ude8e\ud835\ude90\ud835\ude8a) \u2022 Arbok|19\/100|[from] item: Leftovers\n|upkeep\n|turn|6\n|\n|t:|1699495771\n|move|p1a: Flutter Mane|Dazzling Gleam|p2b: (\ud835\ude7c\ud835\ude8e\ud835\ude90\ud835\ude8a) \u2022 Arbok\n|-supereffective|p2b: (\ud835\ude7c\ud835\ude8e\ud835\ude90\ud835\ude8a) \u2022 Arbok\n|-damage|p2b: (\ud835\ude7c\ud835\ude8e\ud835\ude90\ud835\ude8a) \u2022 Arbok|0 fnt\n|faint|p2b: (\ud835\ude7c\ud835\ude8e\ud835\ude90\ud835\ude8a) \u2022 Arbok\n|\n|win|Chaos92031\n|c|\u2606Chaos92031|gg\n","uploadtime":1699495780,"views":12,"p1id":"chaos92031","p2id":"yayax3","formatid":"gen9nationaldexdoubles","rating":0,"private":0,"password":""}