{"id":"gen9nationaldexdoubles-1957266604","p1":"pokeedro","p2":"El Ryuk456","format":"[Gen 9] National Dex Doubles","log":"|j|\u2606pokeedro\n|j|\u2606El Ryuk456\n|t:|1696202763\n|gametype|doubles\n|player|p1|pokeedro|cilan|1277\n|player|p2|El Ryuk456|blaine|1264\n|teamsize|p1|6\n|teamsize|p2|6\n|gen|9\n|tier|[Gen 9] National Dex Doubles\n|rated|\n|rule|HP Percentage Mod: HP is shown in percentages\n|rule|Endless Battle Clause: Forcing endless battles is banned\n|rule|OHKO Clause: OHKO moves are banned\n|rule|Evasion Moves Clause: Evasion moves are banned\n|rule|Evasion Abilities Clause: Evasion abilities are banned\n|rule|Species Clause: Limit one of each Pok\u00e9mon\n|rule|Gravity Sleep Clause: The combination of sleep-inducing moves with imperfect accuracy and Gravity or Gigantamax Orbeetle are banned\n|clearpoke\n|poke|p1|Gigalith, M|\n|poke|p1|Stoutland, F|\n|poke|p1|Tyranitar, M|\n|poke|p1|Houndstone, M|\n|poke|p1|Excadrill, M|\n|poke|p1|Dracozolt|\n|poke|p2|Blastoise, M|\n|poke|p2|Sableye, M|\n|poke|p2|Corviknight, M|\n|poke|p2|Gardevoir, F|\n|poke|p2|Skeledirge, M|\n|poke|p2|Meowscarada, M|\n|teampreview\n|inactive|Battle timer is ON: inactive players will automatically lose when time's up. (requested by El Ryuk456)\n|\n|t:|1696202774\n|start\n|switch|p1a: Tyranitar|Tyranitar, M, shiny|100\/100\n|switch|p1b: Stoutland|Stoutland, F|100\/100\n|switch|p2a: Harbor|Blastoise, M|100\/100\n|switch|p2b: Yami|Sableye, M|100\/100\n|-weather|Sandstorm|[from] ability: Sand Stream|[of] p1a: Tyranitar\n|turn|1\n|\n|t:|1696202795\n|detailschange|p2a: Harbor|Blastoise-Mega, M\n|-mega|p2a: Harbor|Blastoise|Blastoisinite\n|detailschange|p1a: Tyranitar|Tyranitar-Mega, M, shiny\n|-mega|p1a: Tyranitar|Tyranitar|Tyranitarite\n|-terastallize|p1b: Stoutland|Normal\n|move|p2b: Yami|Fake Out|p1b: Stoutland\n|-damage|p1b: Stoutland|91\/100\n|cant|p1b: Stoutland|flinch\n|move|p2a: Harbor|Water Spout|p1a: Tyranitar|[spread] p1a,p1b\n|-supereffective|p1a: Tyranitar\n|-damage|p1a: Tyranitar|38\/100\n|-damage|p1b: Stoutland|13\/100\n|move|p1a: Tyranitar|Ice Punch|p2b: Yami\n|-damage|p2b: Yami|57\/100\n|\n|-weather|Sandstorm|[upkeep]\n|-damage|p2a: Harbor|94\/100|[from] Sandstorm\n|-damage|p2b: Yami|50\/100|[from] Sandstorm\n|-heal|p2b: Yami|57\/100|[from] item: Leftovers\n|upkeep\n|turn|2\n|\n|t:|1696202817\n|move|p2b: Yami|Quash|p1b: Stoutland\n|-activate|p1b: Stoutland|move: Quash\n|move|p2a: Harbor|Water Spout|p1a: Tyranitar|[spread] p1a,p1b\n|-supereffective|p1a: Tyranitar\n|-damage|p1a: Tyranitar|0 fnt\n|-damage|p1b: Stoutland|0 fnt\n|faint|p1a: Tyranitar\n|faint|p1b: Stoutland\n|\n|-weather|Sandstorm|[upkeep]\n|-damage|p2a: Harbor|88\/100|[from] Sandstorm\n|-damage|p2b: Yami|50\/100|[from] Sandstorm\n|-heal|p2b: Yami|57\/100|[from] item: Leftovers\n|upkeep\n|\n|t:|1696202831\n|switch|p1b: Dracozolt|Dracozolt|100\/100\n|switch|p1a: Excadrill|Excadrill, M|100\/100\n|-item|p1a: Excadrill|Air Balloon\n|turn|3\n|\n|t:|1696202846\n|move|p2a: Harbor|Protect|p2a: Harbor\n|-singleturn|p2a: Harbor|Protect\n|move|p2b: Yami|Will-O-Wisp|p1a: Excadrill\n|-status|p1a: Excadrill|brn\n|move|p1b: Dracozolt|Bolt Beak|p2a: Harbor\n|-activate|p2a: Harbor|move: Protect\n|move|p1a: Excadrill|Rock Slide|p2a: Harbor|[spread] p2b\n|-activate|p2a: Harbor|move: Protect\n|-damage|p2b: Yami|40\/100\n|\n|-weather|Sandstorm|[upkeep]\n|-damage|p2a: Harbor|82\/100|[from] Sandstorm\n|-damage|p2b: Yami|34\/100|[from] Sandstorm\n|-heal|p2b: Yami|40\/100|[from] item: Leftovers\n|-damage|p1a: Excadrill|94\/100 brn|[from] brn\n|upkeep\n|turn|4\n|j| Noibaat 500\n|\n|t:|1696202867\n|move|p2b: Yami|Quash|p1b: Dracozolt\n|-activate|p1b: Dracozolt|move: Quash\n|move|p1a: Excadrill|Rock Slide|p2a: Harbor|[spread] p2a,p2b\n|-damage|p2a: Harbor|70\/100\n|-damage|p2b: Yami|23\/100\n|cant|p2a: Harbor|flinch\n|move|p1b: Dracozolt|Bolt Beak|p2a: Harbor\n|-supereffective|p2a: Harbor\n|-crit|p2a: Harbor\n|-damage|p2a: Harbor|0 fnt\n|faint|p2a: Harbor\n|-damage|p1b: Dracozolt|91\/100|[from] item: Life Orb\n|\n|-weather|Sandstorm|[upkeep]\n|-damage|p2b: Yami|17\/100|[from] Sandstorm\n|-heal|p2b: Yami|23\/100|[from] item: Leftovers\n|-damage|p1a: Excadrill|88\/100 brn|[from] brn\n|upkeep\n|\n|t:|1696202878\n|switch|p2a: Belle|Gardevoir, F, shiny|100\/100\n|-ability|p2a: Belle|Sand Force|[from] ability: Trace|[of] p1a: Excadrill\n|turn|5\n|\n|t:|1696202891\n|move|p2b: Yami|Will-O-Wisp|p1b: Dracozolt\n|-status|p1b: Dracozolt|brn\n|move|p1b: Dracozolt|Bolt Beak|p2b: Yami\n|-damage|p2b: Yami|0 fnt\n|faint|p2b: Yami\n|-damage|p1b: Dracozolt|81\/100 brn|[from] item: Life Orb\n|move|p2a: Belle|Dazzling Gleam|p1a: Excadrill|[spread] p1a,p1b\n|-resisted|p1a: Excadrill\n|-crit|p1a: Excadrill\n|-supereffective|p1b: Dracozolt\n|-damage|p1a: Excadrill|55\/100 brn\n|-damage|p1b: Dracozolt|0 fnt\n|-enditem|p1a: Excadrill|Air Balloon\n|faint|p1b: Dracozolt\n|move|p1a: Excadrill|Iron Head|p2a: Belle\n|-supereffective|p2a: Belle\n|-damage|p2a: Belle|1\/100\n|\n|-weather|none\n|-damage|p1a: Excadrill|49\/100 brn|[from] brn\n|upkeep\n|\n|t:|1696202908\n|switch|p1b: Gigalith|Gigalith, M, shiny|100\/100\n|switch|p2b: Silva|Corviknight, M, shiny|100\/100\n|-weather|Sandstorm|[from] ability: Sand Stream|[of] p1b: Gigalith\n|turn|6\n|\n|t:|1696202931\n|move|p2a: Belle|Dazzling Gleam|p1b: Gigalith|[spread] p1a,p1b\n|-resisted|p1a: Excadrill\n|-damage|p1a: Excadrill|28\/100 brn\n|-damage|p1b: Gigalith|73\/100\n|move|p1a: Excadrill|Rock Slide|p2a: Belle|[spread] p2a,p2b\n|-damage|p2a: Belle|0 fnt\n|-damage|p2b: Silva|91\/100\n|faint|p2a: Belle\n|cant|p2b: Silva|flinch\n|move|p1b: Gigalith|Rock Slide|p2b: Silva\n|-damage|p2b: Silva|60\/100\n|\n|-weather|Sandstorm|[upkeep]\n|-damage|p1a: Excadrill|22\/100 brn|[from] brn\n|upkeep\n|\n|t:|1696202942\n|switch|p2a: Rookie|Skeledirge, M|100\/100\n|turn|7\n|\n|t:|1696202953\n|-terastallize|p2a: Rookie|Grass\n|move|p1a: Excadrill|Rock Slide|p2a: Rookie|[spread] p2a,p2b\n|-damage|p2a: Rookie|91\/100\n|-damage|p2b: Silva|51\/100\n|move|p2b: Silva|Bulk Up|p2b: Silva\n|-boost|p2b: Silva|atk|1\n|-boost|p2b: Silva|def|1\n|cant|p2a: Rookie|flinch\n|move|p1b: Gigalith|Rock Slide|p2a: Rookie|[spread] p2a,p2b\n|-damage|p2a: Rookie|65\/100\n|-damage|p2b: Silva|35\/100\n|\n|-weather|Sandstorm|[upkeep]\n|-damage|p2a: Rookie|59\/100|[from] Sandstorm\n|-damage|p1a: Excadrill|16\/100 brn|[from] brn\n|upkeep\n|turn|8\n|\n|t:|1696202977\n|move|p1a: Excadrill|Rock Slide|p2a: Rookie|[spread] p2a,p2b\n|-damage|p2a: Rookie|49\/100\n|-damage|p2b: Silva|29\/100\n|-enditem|p2a: Rookie|Sitrus Berry|[eat]\n|-heal|p2a: Rookie|73\/100|[from] item: Sitrus Berry\n|cant|p2b: Silva|flinch\n|move|p2a: Rookie|Slack Off|p2a: Rookie\n|-heal|p2a: Rookie|100\/100\n|move|p1b: Gigalith|Heavy Slam|p2b: Silva\n|-resisted|p2b: Silva\n|-damage|p2b: Silva|22\/100\n|-damage|p1b: Gigalith|56\/100|[from] item: Rocky Helmet|[of] p2b: Silva\n|\n|-weather|Sandstorm|[upkeep]\n|-damage|p2a: Rookie|94\/100|[from] Sandstorm\n|-damage|p1a: Excadrill|10\/100 brn|[from] brn\n|upkeep\n|turn|9\n|\n|t:|1696202999\n|move|p1a: Excadrill|Rock Slide|p2b: Silva|[spread] p2b\n|-miss|p1a: Excadrill|p2a: Rookie\n|-damage|p2b: Silva|16\/100\n|cant|p2b: Silva|flinch\n|move|p2a: Rookie|Torch Song|p1b: Gigalith\n|-resisted|p1b: Gigalith\n|-damage|p1b: Gigalith|39\/100\n|-boost|p2a: Rookie|spa|1\n|move|p1b: Gigalith|Rock Slide|p2b: Silva|[spread] p2a,p2b\n|-damage|p2a: Rookie|68\/100\n|-damage|p2b: Silva|1\/100\n|\n|-weather|Sandstorm|[upkeep]\n|-damage|p2a: Rookie|62\/100|[from] Sandstorm\n|-damage|p1a: Excadrill|4\/100 brn|[from] brn\n|upkeep\n|turn|10\n|\n|t:|1696203022\n|move|p1a: Excadrill|Rock Slide|p2b: Silva|[spread] p2a,p2b\n|-damage|p2a: Rookie|51\/100\n|-damage|p2b: Silva|0 fnt\n|faint|p2b: Silva\n|move|p2a: Rookie|Slack Off|p2a: Rookie\n|-heal|p2a: Rookie|100\/100\n|move|p1b: Gigalith|Rock Slide|p2a: Rookie\n|-damage|p2a: Rookie|64\/100\n|\n|-weather|Sandstorm|[upkeep]\n|-damage|p2a: Rookie|58\/100|[from] Sandstorm\n|-damage|p1a: Excadrill|0 fnt|[from] brn\n|faint|p1a: Excadrill\n|upkeep\n|\n|t:|1696203035\n|switch|p1a: Houndstone|Houndstone, M|100\/100\n|switch|p2b: A.Banderas|Meowscarada, M|100\/100\n|turn|11\n|\n|t:|1696203049\n|move|p2a: Rookie|Protect|p2a: Rookie\n|-singleturn|p2a: Rookie|Protect\n|move|p1a: Houndstone|Last Respects|p2a: Rookie\n|-activate|p2a: Rookie|move: Protect\n|move|p2b: A.Banderas|Knock Off|p1a: Houndstone\n|-start|p2b: A.Banderas|typechange|Dark|[from] ability: Protean\n|-supereffective|p1a: Houndstone\n|-damage|p1a: Houndstone|0 fnt\n|-enditem|p1a: Houndstone|Leftovers|[from] move: Knock Off|[of] p2b: A.Banderas\n|faint|p1a: Houndstone\n|move|p1b: Gigalith|Heavy Slam|p2b: A.Banderas\n|-damage|p2b: A.Banderas|19\/100\n|\n|-weather|Sandstorm|[upkeep]\n|-damage|p2b: A.Banderas|13\/100|[from] Sandstorm\n|-damage|p2a: Rookie|52\/100|[from] Sandstorm\n|upkeep\n|turn|12\n|\n|t:|1696203066\n|move|p2b: A.Banderas|Flower Trick|p1b: Gigalith\n|-supereffective|p1b: Gigalith\n|-crit|p1b: Gigalith\n|-damage|p1b: Gigalith|0 fnt\n|faint|p1b: Gigalith\n|\n|win|El Ryuk456\n|raw|pokeedro's rating: 1277 &rarr; <strong>1251<\/strong><br \/>(-26 for losing)\n|raw|El Ryuk456's rating: 1264 &rarr; <strong>1290<\/strong><br \/>(+26 for winning)\n|l|\u2606pokeedro\n","uploadtime":1696203087,"views":7,"p1id":"pokeedro","p2id":"elryuk456","formatid":"gen9nationaldexdoubles","rating":1251,"private":0,"password":""}