{"id":"gen9nationaldexdoubles-1999341322","p1":"specner4","p2":"BROCKISAROCK","format":"[Gen 9] National Dex Doubles","log":"|j|\u2606specner4\n|j|\u2606BROCKISAROCK\n|t:|1701063197\n|gametype|doubles\n|player|p1|specner4|265|\n|player|p2|BROCKISAROCK|brock|\n|teamsize|p1|6\n|teamsize|p2|6\n|gen|9\n|tier|[Gen 9] National Dex Doubles\n|rule|HP Percentage Mod: HP is shown in percentages\n|rule|Endless Battle Clause: Forcing endless battles is banned\n|rule|OHKO Clause: OHKO moves are banned\n|rule|Evasion Moves Clause: Evasion moves are banned\n|rule|Evasion Abilities Clause: Evasion abilities are banned\n|rule|Species Clause: Limit one of each Pok\u00e9mon\n|rule|Gravity Sleep Clause: The combination of sleep-inducing moves with imperfect accuracy and Gravity or Gigantamax Orbeetle are banned\n|rule|Item Clause: Limit one of each item\n|clearpoke\n|poke|p1|Toedscruel, F|\n|poke|p1|Ferrothorn, F|\n|poke|p1|Slither Wing|\n|poke|p1|Abomasnow, M|\n|poke|p1|Cetitan, F|\n|poke|p1|Trevenant, F|\n|poke|p2|Gyarados, M|\n|poke|p2|Dudunsparce-*, F|\n|poke|p2|Machamp, F|\n|poke|p2|Sharpedo, M|\n|poke|p2|Sudowoodo, F|\n|poke|p2|Gumshoos, M|\n|teampreview|4\n|j| prophetofsnacc\n|j| Felis Regalis\n|j| Whaleu\n|\n|t:|1701063257\n|start\n|switch|p1a: The|Toedscruel, F|100\/100\n|switch|p1b: Feet|Cetitan, F|100\/100\n|switch|p2a: SHRIMP|Gyarados, M, shiny|100\/100\n|switch|p2b: COACH|Machamp, F|100\/100\n|-ability|p2a: SHRIMP|Intimidate|boost\n|-unboost|p1a: The|atk|1\n|-unboost|p1b: Feet|atk|1\n|turn|1\n|\n|t:|1701063297\n|move|p2a: SHRIMP|Protect|p2a: SHRIMP\n|-singleturn|p2a: SHRIMP|Protect\n|move|p1a: The|Rage Powder|p1a: The\n|-singleturn|p1a: The|move: Rage Powder\n|move|p1b: Feet|Belly Drum|p1b: Feet\n|-damage|p1b: Feet|50\/100\n|-setboost|p1b: Feet|atk|6|[from] move: Belly Drum\n|-enditem|p1b: Feet|Sitrus Berry|[eat]\n|-heal|p1b: Feet|75\/100|[from] item: Sitrus Berry\n|move|p2b: COACH|Dynamic Punch|p1a: The\n|-damage|p1a: The|46\/100\n|-start|p1a: The|confusion\n|\n|upkeep\n|turn|2\n|\n|t:|1701063350\n|switch|p1a: Ten|Abomasnow, M|100\/100\n|-weather|Snow|[from] ability: Snow Warning|[of] p1a: Ten\n|move|p1b: Feet|Play Rough|p2b: COACH\n|-supereffective|p2b: COACH\n|-damage|p2b: COACH|0 fnt\n|faint|p2b: COACH\n|move|p2a: SHRIMP|Roar|p1b: Feet\n|drag|p1b: The|Toedscruel, F|46\/100\n|\n|-weather|Snow|[upkeep]\n|upkeep\n|\n|t:|1701063368\n|switch|p2b: TRUMP|Gumshoos, M|100\/100\n|turn|3\n|\n|t:|1701063391\n|detailschange|p1a: Ten|Abomasnow-Mega, M\n|-mega|p1a: Ten|Abomasnow|Abomasite\n|move|p2a: SHRIMP|Taunt|p1a: Ten\n|-start|p1a: Ten|move: Taunt\n|move|p2b: TRUMP|Fire Punch|p1a: Ten\n|-supereffective|p1a: Ten\n|-damage|p1a: Ten|19\/100\n|-status|p1a: Ten|brn\n|cant|p1a: Ten|move: Taunt|Aurora Veil\n|move|p1b: The|Spore|p2a: SHRIMP\n|-activate|p2a: SHRIMP|item: Safety Goggles|Spore\n|\n|-weather|Snow|[upkeep]\n|-damage|p1a: Ten|13\/100 brn|[from] brn\n|upkeep\n|turn|4\n|\n|t:|1701063429\n|move|p2a: SHRIMP|Taunt|p1b: The\n|-start|p1b: The|move: Taunt\n|move|p2b: TRUMP|Fire Punch|p1a: Ten\n|-supereffective|p1a: Ten\n|-damage|p1a: Ten|0 fnt\n|faint|p1a: Ten\n|cant|p1b: The|move: Taunt|Trick Room\n|\n|-weather|Snow|[upkeep]\n|upkeep\n|\n|t:|1701063438\n|switch|p1a: Feet|Cetitan, F|75\/100\n|turn|5\n|\n|t:|1701063450\n|move|p1a: Feet|Superpower|p2b: TRUMP\n|-supereffective|p2b: TRUMP\n|-damage|p2b: TRUMP|0 fnt\n|-unboost|p1a: Feet|atk|1\n|-unboost|p1a: Feet|def|1\n|faint|p2b: TRUMP\n|move|p2a: SHRIMP|Thunder Wave|p1a: Feet\n|-status|p1a: Feet|par\n|move|p1b: The|Leaf Storm|p2a: SHRIMP\n|-damage|p2a: SHRIMP|72\/100\n|-unboost|p1b: The|spa|2\n|\n|-weather|Snow|[upkeep]\n|upkeep\n|\n|t:|1701063462\n|switch|p2b: THE KING|Dudunsparce, F|100\/100\n|turn|6\n|\n|t:|1701063476\n|switch|p1a: Wall|Ferrothorn, F|100\/100\n|move|p2a: SHRIMP|Taunt|p1a: Wall\n|-start|p1a: Wall|move: Taunt\n|move|p1b: The|Leaf Storm|p2a: SHRIMP\n|-damage|p2a: SHRIMP|60\/100\n|-unboost|p1b: The|spa|2\n|move|p2b: THE KING|Rock Slide|p1a: Wall|[spread] p1a,p1b\n|-resisted|p1a: Wall\n|-resisted|p1b: The\n|-damage|p1a: Wall|95\/100\n|-damage|p1b: The|39\/100\n|\n|-weather|none\n|-heal|p1a: Wall|100\/100|[from] item: Leftovers\n|-end|p1b: The|move: Taunt\n|upkeep\n|turn|7\n|\n|t:|1701063503\n|move|p2b: THE KING|Rock Slide|p1b: The|[spread] p1a,p1b\n|-resisted|p1a: Wall\n|-resisted|p1b: The\n|-damage|p1a: Wall|96\/100\n|-damage|p1b: The|32\/100\n|cant|p1a: Wall|flinch\n|move|p2a: SHRIMP|Roar|p1a: Wall\n|drag|p1a: Feet|Cetitan, F|75\/100 par\n|cant|p1b: The|flinch\n|\n|upkeep\n|turn|8\n|\n|t:|1701063524\n|move|p2a: SHRIMP|Taunt|p1b: The\n|-start|p1b: The|move: Taunt\n|move|p2b: THE KING|Glare|p1b: The\n|-status|p1b: The|par\n|move|p1a: Feet|Superpower|p2b: THE KING\n|-supereffective|p2b: THE KING\n|-damage|p2b: THE KING|29\/100\n|-unboost|p1a: Feet|atk|1\n|-unboost|p1a: Feet|def|1\n|cant|p1b: The|move: Taunt|Trick Room\n|\n|-heal|p2b: THE KING|35\/100|[from] item: Leftovers\n|upkeep\n|turn|9\n|\n|t:|1701063548\n|switch|p1b: Wall|Ferrothorn, F|96\/100\n|move|p2b: THE KING|Roost|p2b: THE KING\n|-heal|p2b: THE KING|85\/100\n|-singleturn|p2b: THE KING|move: Roost\n|cant|p1a: Feet|par\n|move|p2a: SHRIMP|Roar|p1a: Feet\n|drag|p1a: The|Toedscruel, F|32\/100 par\n|\n|-heal|p2b: THE KING|91\/100|[from] item: Leftovers\n|-heal|p1b: Wall|100\/100|[from] item: Leftovers\n|upkeep\n|turn|10\n|\n|t:|1701063564\n|move|p2a: SHRIMP|Taunt|p1a: The\n|-start|p1a: The|move: Taunt\n|move|p2b: THE KING|Glare|p1b: Wall\n|-status|p1b: Wall|par\n|cant|p1b: Wall|par\n|cant|p1a: The|move: Taunt|Trick Room\n|\n|-heal|p2b: THE KING|98\/100|[from] item: Leftovers\n|upkeep\n|turn|11\n|\n|t:|1701063582\n|switch|p1a: Feet|Cetitan, F|75\/100 par\n|cant|p1b: Wall|par\n|move|p2b: THE KING|Rock Slide|p1a: Feet|[spread] p1a,p1b\n|-supereffective|p1a: Feet\n|-resisted|p1b: Wall\n|-damage|p1a: Feet|48\/100 par\n|-damage|p1b: Wall|96\/100 par\n|move|p2a: SHRIMP|Roar|p1a: Feet\n|drag|p1a: The|Toedscruel, F|32\/100 par\n|\n|-heal|p2b: THE KING|100\/100|[from] item: Leftovers\n|-heal|p1b: Wall|100\/100 par|[from] item: Leftovers\n|upkeep\n|turn|12\n|\n|t:|1701063600\n|move|p2a: SHRIMP|Taunt|p1b: Wall\n|-start|p1b: Wall|move: Taunt\n|move|p2b: THE KING|Rock Slide|p1b: Wall|[spread] p1a,p1b\n|-resisted|p1a: The\n|-resisted|p1b: Wall\n|-damage|p1a: The|25\/100 par\n|-damage|p1b: Wall|96\/100 par\n|cant|p1b: Wall|flinch\n|move|p1a: The|Trick Room|p1a: The\n|-fieldstart|move: Trick Room|[of] p1a: The\n|\n|-heal|p1b: Wall|100\/100 par|[from] item: Leftovers\n|upkeep\n|turn|13\n|\n|t:|1701063618\n|move|p1b: Wall|Body Press|p2b: THE KING\n|-supereffective|p2b: THE KING\n|-damage|p2b: THE KING|58\/100\n|move|p2b: THE KING|Rock Slide|p1a: The|[spread] p1a,p1b\n|-resisted|p1a: The\n|-resisted|p1b: Wall\n|-damage|p1a: The|18\/100 par\n|-damage|p1b: Wall|96\/100 par\n|cant|p1a: The|flinch\n|move|p2a: SHRIMP|Roar|p1a: The\n|drag|p1a: Feet|Cetitan, F|48\/100 par\n|\n|-heal|p1b: Wall|100\/100 par|[from] item: Leftovers\n|-heal|p2b: THE KING|64\/100|[from] item: Leftovers\n|upkeep\n|turn|14\n|\n|t:|1701063661\n|move|p2a: SHRIMP|Protect|p2a: SHRIMP\n|-singleturn|p2a: SHRIMP|Protect\n|cant|p1b: Wall|par\n|move|p1a: Feet|Superpower|p2b: THE KING\n|-supereffective|p2b: THE KING\n|-damage|p2b: THE KING|0 fnt\n|-unboost|p1a: Feet|atk|1\n|-unboost|p1a: Feet|def|1\n|faint|p2b: THE KING\n|\n|-end|p1b: Wall|move: Taunt\n|upkeep\n|turn|15\n|-message|BROCKISAROCK forfeited.\n|\n|win|specner4\n|l|\u2606BROCKISAROCK\n|l| prophetofsnacc\n","uploadtime":1701063683,"views":0,"p1id":"specner4","p2id":"brockisarock","formatid":"gen9nationaldexdoubles","rating":0,"private":0,"password":""}