{"id":"gen9nationaldexdoubles-1982660114","p1":"Trainer Pyrus","p2":"Champion Bean","format":"[Gen 9] National Dex Doubles","log":"|j|\u2606Trainer Pyrus\n|j|\u2606Champion Bean\n|t:|1699033600\n|gametype|doubles\n|player|p1|Trainer Pyrus|n-masters|1260\n|player|p2|Champion Bean|steven|1190\n|teamsize|p1|6\n|teamsize|p2|6\n|gen|9\n|tier|[Gen 9] National Dex Doubles\n|rated|\n|rule|HP Percentage Mod: HP is shown in percentages\n|rule|Endless Battle Clause: Forcing endless battles is banned\n|rule|OHKO Clause: OHKO moves are banned\n|rule|Evasion Moves Clause: Evasion moves are banned\n|rule|Evasion Abilities Clause: Evasion abilities are banned\n|rule|Species Clause: Limit one of each Pok\u00e9mon\n|rule|Gravity Sleep Clause: The combination of sleep-inducing moves with imperfect accuracy and Gravity or Gigantamax Orbeetle are banned\n|clearpoke\n|poke|p1|Infernape, M|\n|poke|p1|Golurk|\n|poke|p1|Scizor, F|\n|poke|p1|Lapras, F|\n|poke|p1|Salamence, M|\n|poke|p1|Farigiraf, F|\n|poke|p2|Indeedee-F, F|\n|poke|p2|Hatterene, F|\n|poke|p2|Swampert, M|\n|poke|p2|Pelipper, M|\n|poke|p2|Cresselia, F|\n|poke|p2|Urshifu-*, M|\n|teampreview\n|inactive|Battle timer is ON: inactive players will automatically lose when time's up. (requested by Champion Bean)\n|c|\u2606Trainer Pyrus|glhf\n|\n|t:|1699033615\n|start\n|switch|p1a: Hippolyta|Scizor, F|100\/100\n|switch|p1b: Eve|Farigiraf, F, shiny|100\/100\n|switch|p2a: Indeedee|Indeedee-F, F|100\/100\n|switch|p2b: Hatterene|Hatterene, F|100\/100\n|-fieldstart|move: Psychic Terrain|[from] ability: Psychic Surge|[of] p2a: Indeedee\n|turn|1\n|\n|t:|1699033622\n|move|p2a: Indeedee|Follow Me|p2a: Indeedee\n|-singleturn|p2a: Indeedee|move: Follow Me\n|move|p1a: Hippolyta|Bug Bite|p2a: Indeedee\n|-supereffective|p2a: Indeedee\n|-damage|p2a: Indeedee|3\/100\n|move|p1b: Eve|Imprison|p1b: Eve\n|-start|p1b: Eve|move: Imprison\n|cant|p2b: Hatterene|move: Imprison|Trick Room\n|\n|-heal|p2a: Indeedee|9\/100|[from] item: Leftovers\n|upkeep\n|turn|2\n|\n|t:|1699033638\n|switch|p1a: Brandy|Lapras, F|100\/100\n|-terastallize|p2b: Hatterene|Psychic\n|move|p2a: Indeedee|Helping Hand|p2b: Hatterene\n|-singleturn|p2b: Hatterene|Helping Hand|[of] p2a: Indeedee\n|move|p1b: Eve|Hyper Voice|p2a: Indeedee|[spread] p2a,p2b\n|-damage|p2a: Indeedee|0 fnt\n|-damage|p2b: Hatterene|67\/100\n|faint|p2a: Indeedee\n|move|p2b: Hatterene|Expanding Force|p1a: Brandy|[spread] p1a,p1b\n|-resisted|p1b: Eve\n|-damage|p1a: Brandy|5\/100\n|-damage|p1b: Eve|9\/100\n|-damage|p2b: Hatterene|57\/100|[from] item: Life Orb\n|\n|-heal|p1a: Brandy|11\/100|[from] item: Leftovers\n|upkeep\n|\n|t:|1699033653\n|switch|p2a: Urshifu|Urshifu-Rapid-Strike, M|100\/100\n|turn|3\n|inactive|Champion Bean has 120 seconds left.\n|inactive|Trainer Pyrus has 120 seconds left.\n|inactive|Champion Bean has 90 seconds left.\n|\n|t:|1699033727\n|move|p2a: Urshifu|Aqua Jet||[still]\n|cant|p1b: Eve|ability: Armor Tail|Aqua Jet|[of] p2a: Urshifu\n|move|p1a: Brandy|Icy Wind|p2b: Hatterene|[spread] p2a\n|-miss|p1a: Brandy|p2b: Hatterene\n|-resisted|p2a: Urshifu\n|-damage|p2a: Urshifu|92\/100\n|-unboost|p2a: Urshifu|spe|1\n|move|p1b: Eve|Hyper Voice|p2a: Urshifu|[spread] p2a,p2b\n|-damage|p2a: Urshifu|46\/100\n|-damage|p2b: Hatterene|20\/100\n|move|p2b: Hatterene|Expanding Force|p1a: Brandy|[spread] p1a,p1b\n|-resisted|p1b: Eve\n|-damage|p1a: Brandy|0 fnt\n|-damage|p1b: Eve|0 fnt\n|faint|p1a: Brandy\n|faint|p1b: Eve\n|-damage|p2b: Hatterene|10\/100|[from] item: Life Orb\n|\n|upkeep\n|inactive|Trainer Pyrus has 120 seconds left.\n|\n|t:|1699033748\n|switch|p1a: Hippolyta|Scizor, F|100\/100\n|switch|p1b: Typhon|Salamence, M|100\/100\n|-ability|p1b: Typhon|Intimidate|boost\n|-unboost|p2a: Urshifu|atk|1\n|-unboost|p2b: Hatterene|atk|1\n|turn|4\n|inactive|Trainer Pyrus has 120 seconds left.\n|inactive|Champion Bean has 90 seconds left.\n|inactive|Champion Bean has 60 seconds left.\n|\n|t:|1699033803\n|detailschange|p1b: Typhon|Salamence-Mega, M\n|-mega|p1b: Typhon|Salamence|Salamencite\n|move|p1b: Typhon|Return|p2a: Urshifu\n|-supereffective|p2a: Urshifu\n|-damage|p2a: Urshifu|0 fnt\n|faint|p2a: Urshifu\n|move|p1a: Hippolyta|Bug Bite|p2b: Hatterene\n|-supereffective|p2b: Hatterene\n|-damage|p2b: Hatterene|0 fnt\n|faint|p2b: Hatterene\n|\n|upkeep\n|inactive|Champion Bean has 60 seconds left.\n|\n|t:|1699033813\n|switch|p2a: Swampert|Swampert, M|100\/100\n|switch|p2b: Pelipper|Pelipper, M|100\/100\n|-weather|RainDance|[from] ability: Drizzle|[of] p2b: Pelipper\n|turn|5\n|\n|t:|1699033832\n|detailschange|p2a: Swampert|Swampert-Mega, M\n|-mega|p2a: Swampert|Swampert|Swampertite\n|move|p2b: Pelipper|Protect|p2b: Pelipper\n|-singleturn|p2b: Pelipper|Protect\n|move|p1b: Typhon|Return|p2b: Pelipper\n|-activate|p2b: Pelipper|move: Protect\n|move|p2a: Swampert|Ice Punch|p1b: Typhon\n|-supereffective|p1b: Typhon\n|-damage|p1b: Typhon|0 fnt\n|faint|p1b: Typhon\n|move|p1a: Hippolyta|Tailwind|p1a: Hippolyta\n|-sidestart|p1: Trainer Pyrus|move: Tailwind\n|\n|-weather|RainDance|[upkeep]\n|-fieldend|move: Psychic Terrain\n|upkeep\n|\n|t:|1699033836\n|switch|p1b: Wukong|Infernape, M|100\/100\n|turn|6\n|\n|t:|1699033856\n|-terastallize|p1a: Hippolyta|Flying\n|move|p1b: Wukong|Fake Out|p2a: Swampert\n|-damage|p2a: Swampert|93\/100\n|move|p1a: Hippolyta|Dual Wingbeat|p2a: Swampert\n|-damage|p2a: Swampert|65\/100\n|-damage|p2a: Swampert|37\/100\n|-hitcount|p2a: Swampert|2\n|cant|p2a: Swampert|flinch\n|move|p2b: Pelipper|Hurricane|p1b: Wukong\n|-supereffective|p1b: Wukong\n|-enditem|p1b: Wukong|Focus Sash\n|-damage|p1b: Wukong|1\/100\n|-start|p1b: Wukong|confusion\n|\n|-weather|RainDance|[upkeep]\n|upkeep\n|turn|7\n|inactive|Champion Bean has 120 seconds left.\n|\n|t:|1699033871\n|-activate|p1b: Wukong|confusion\n|move|p1b: Wukong|Aura Sphere|p2a: Swampert\n|-damage|p2a: Swampert|9\/100\n|move|p1a: Hippolyta|Dual Wingbeat|p2a: Swampert\n|-damage|p2a: Swampert|0 fnt\n|faint|p2a: Swampert\n|-hitcount|p2: Swampert|1\n|move|p2b: Pelipper|Weather Ball|p1b: Wukong\n|-supereffective|p1b: Wukong\n|-damage|p1b: Wukong|0 fnt\n|faint|p1b: Wukong\n|\n|-weather|RainDance|[upkeep]\n|upkeep\n|\n|t:|1699033877\n|switch|p1b: Elric|Golurk, shiny|100\/100\n|switch|p2a: Cresselia|Cresselia, F|100\/100\n|turn|8\n|\n|t:|1699033889\n|move|p1a: Hippolyta|Dual Wingbeat|p2b: Pelipper\n|-damage|p2b: Pelipper|62\/100\n|-damage|p2b: Pelipper|29\/100\n|-hitcount|p2b: Pelipper|2\n|move|p1b: Elric|Rock Slide|p2b: Pelipper|[spread] p2a,p2b\n|-supereffective|p2b: Pelipper\n|-damage|p2a: Cresselia|83\/100\n|-damage|p2b: Pelipper|0 fnt\n|faint|p2b: Pelipper\n|move|p2a: Cresselia|Trick Room|p2a: Cresselia\n|-fieldstart|move: Trick Room|[of] p2a: Cresselia\n|\n|-weather|RainDance|[upkeep]\n|-heal|p2a: Cresselia|89\/100|[from] item: Leftovers\n|-sideend|p1: Trainer Pyrus|move: Tailwind\n|upkeep\n|turn|9\n|\n|t:|1699033900\n|move|p1b: Elric|Rock Slide|p2a: Cresselia\n|-damage|p2a: Cresselia|66\/100\n|move|p2a: Cresselia|Dazzling Gleam|p1b: Elric|[spread] p1a,p1b\n|-damage|p1a: Hippolyta|87\/100\n|-damage|p1b: Elric|89\/100\n|move|p1a: Hippolyta|Bug Bite|p2a: Cresselia\n|-supereffective|p2a: Cresselia\n|-damage|p2a: Cresselia|2\/100\n|\n|-weather|RainDance|[upkeep]\n|-heal|p2a: Cresselia|8\/100|[from] item: Leftovers\n|upkeep\n|turn|10\n|\n|t:|1699033910\n|move|p1b: Elric|Rock Slide|p2a: Cresselia\n|-damage|p2a: Cresselia|0 fnt\n|faint|p2a: Cresselia\n|\n|win|Trainer Pyrus\n|raw|Trainer Pyrus's rating: 1260 &rarr; <strong>1280<\/strong><br \/>(+20 for winning)\n|raw|Champion Bean's rating: 1190 &rarr; <strong>1170<\/strong><br \/>(-20 for losing)\n|l|\u2606Champion Bean\n|c|\u2606Trainer Pyrus|Gg\n","uploadtime":1699033928,"views":9,"p1id":"trainerpyrus","p2id":"championbean","formatid":"gen9nationaldexdoubles","rating":1170,"private":0,"password":""}