{"id":"gen9nationaldexdoubles-1975964722","p1":"Exy-Merxy","p2":"muryi","format":"[Gen 9] National Dex Doubles","log":"|j|\u2606Exy-Merxy\n|j|\u2606muryi\n|t:|1698252742\n|gametype|doubles\n|player|p1|Exy-Merxy|1|1106\n|player|p2|muryi|preschooler|1000\n|teamsize|p1|6\n|teamsize|p2|6\n|gen|9\n|tier|[Gen 9] National Dex Doubles\n|rated|\n|rule|HP Percentage Mod: HP is shown in percentages\n|rule|Endless Battle Clause: Forcing endless battles is banned\n|rule|OHKO Clause: OHKO moves are banned\n|rule|Evasion Moves Clause: Evasion moves are banned\n|rule|Evasion Abilities Clause: Evasion abilities are banned\n|rule|Species Clause: Limit one of each Pok\u00e9mon\n|rule|Gravity Sleep Clause: The combination of sleep-inducing moves with imperfect accuracy and Gravity or Gigantamax Orbeetle are banned\n|clearpoke\n|poke|p1|Chien-Pao|\n|poke|p1|Amoonguss, F|\n|poke|p1|Flutter Mane|\n|poke|p1|Landorus-Therian, M|\n|poke|p1|Sinistcha|\n|poke|p1|Enamorus, F|\n|poke|p2|Blastoise, M|\n|poke|p2|Roserade, F|\n|poke|p2|Sylveon, M|\n|poke|p2|Swoobat, F|\n|poke|p2|Pyroar, M|\n|poke|p2|Luvdisc, F|\n|teampreview\n|inactive|Battle timer is ON: inactive players will automatically lose when time's up. (requested by muryi)\n|\n|t:|1698252751\n|start\n|switch|p1a: Chien-Pao|Chien-Pao|100\/100\n|switch|p1b: Landorus|Landorus-Therian, M, shiny|100\/100\n|switch|p2a: Devil|Luvdisc, F|100\/100\n|switch|p2b: Bowser|Blastoise, M|100\/100\n|-ability|p1a: Chien-Pao|Sword of Ruin\n|-ability|p1b: Landorus|Intimidate|boost\n|-unboost|p2a: Devil|atk|1\n|-unboost|p2b: Bowser|atk|1\n|turn|1\n|inactive|Exy-Merxy has 120 seconds left.\n|\n|t:|1698252788\n|switch|p1b: Sinistcha|Sinistcha, shiny|100\/100\n|detailschange|p2b: Bowser|Blastoise-Mega, M\n|-mega|p2b: Bowser|Blastoise|Blastoisinite\n|-terastallize|p2a: Devil|Ghost\n|move|p2b: Bowser|Protect|p2b: Bowser\n|-singleturn|p2b: Bowser|Protect\n|move|p1a: Chien-Pao|Icicle Crash|p2a: Devil\n|-damage|p2a: Devil|0 fnt\n|faint|p2a: Devil\n|\n|upkeep\n|\n|t:|1698252806\n|switch|p2a: Apolo|Pyroar, M|100\/100\n|-ability|p2a: Apolo|Unnerve\n|turn|2\n|inactive|Exy-Merxy has 120 seconds left.\n|inactive|Exy-Merxy has 90 seconds left.\n|\n|t:|1698252863\n|move|p1a: Chien-Pao|Sacred Sword|p2a: Apolo\n|-supereffective|p2a: Apolo\n|-damage|p2a: Apolo|0 fnt\n|faint|p2a: Apolo\n|move|p2b: Bowser|Focus Blast|p1a: Chien-Pao|[miss]\n|-miss|p2b: Bowser|p1a: Chien-Pao\n|move|p1b: Sinistcha|Matcha Gotcha|p2b: Bowser\n|-supereffective|p2b: Bowser\n|-damage|p2b: Bowser|14\/100\n|\n|upkeep\n|\n|t:|1698252874\n|switch|p2a: L\u00facifer|Sylveon, M|100\/100\n|turn|3\n|\n|t:|1698252903\n|move|p2b: Bowser|Protect|p2b: Bowser\n|-singleturn|p2b: Bowser|Protect\n|move|p1a: Chien-Pao|Sucker Punch||[still]\n|-fail|p1a: Chien-Pao\n|move|p1b: Sinistcha|Matcha Gotcha|p2b: Bowser|[spread] \n|-activate|p2b: Bowser|move: Protect\n|-miss|p1b: Sinistcha|p2a: L\u00facifer\n|move|p2a: L\u00facifer|Play Rough|p1a: Chien-Pao\n|-supereffective|p1a: Chien-Pao\n|-damage|p1a: Chien-Pao|34\/100\n|\n|upkeep\n|turn|4\n|\n|t:|1698252922\n|move|p1a: Chien-Pao|Sucker Punch|p2b: Bowser\n|-damage|p2b: Bowser|0 fnt\n|faint|p2b: Bowser\n|move|p1b: Sinistcha|Matcha Gotcha|p2a: L\u00facifer\n|-damage|p2a: L\u00facifer|80\/100\n|move|p2a: L\u00facifer|Play Rough|p1a: Chien-Pao\n|-supereffective|p1a: Chien-Pao\n|-damage|p1a: Chien-Pao|0 fnt\n|faint|p1a: Chien-Pao\n|\n|upkeep\n|inactive|Exy-Merxy has 120 seconds left.\n|\n|t:|1698252954\n|switch|p1a: Amoonguss|Amoonguss, F, shiny|100\/100\n|switch|p2b: Blueberry|Swoobat, F|100\/100\n|turn|5\n|\n|t:|1698252984\n|move|p2b: Blueberry|Air Slash|p1b: Sinistcha\n|-supereffective|p1b: Sinistcha\n|-damage|p1b: Sinistcha|25\/100\n|move|p1b: Sinistcha|Calm Mind|p1b: Sinistcha\n|-boost|p1b: Sinistcha|spa|1\n|-boost|p1b: Sinistcha|spd|1\n|move|p2a: L\u00facifer|Wish|p2a: L\u00facifer\n|move|p1a: Amoonguss|Spore|p2b: Blueberry\n|-status|p2b: Blueberry|slp|[from] move: Spore\n|\n|upkeep\n|turn|6\n|\n|t:|1698253006\n|cant|p2b: Blueberry|slp\n|move|p1b: Sinistcha|Matcha Gotcha|p2b: Blueberry|[spread] p2a,p2b\n|-resisted|p2b: Blueberry\n|-damage|p2a: L\u00facifer|55\/100\n|-heal|p1b: Sinistcha|40\/100|[from] drain|[of] p2a: L\u00facifer\n|-damage|p2b: Blueberry|63\/100 slp\n|-heal|p1b: Sinistcha|55\/100|[from] drain|[of] p2b: Blueberry\n|move|p2a: L\u00facifer|Shadow Ball|p1b: Sinistcha\n|-supereffective|p1b: Sinistcha\n|-damage|p1b: Sinistcha|22\/100\n|move|p1a: Amoonguss|Sludge Bomb|p2a: L\u00facifer\n|-supereffective|p2a: L\u00facifer\n|-damage|p2a: L\u00facifer|16\/100\n|-status|p2a: L\u00facifer|psn\n|\n|-heal|p2a: L\u00facifer|66\/100 psn|[from] move: Wish|[wisher] L\u00facifer\n|-damage|p2a: L\u00facifer|54\/100 psn|[from] psn\n|upkeep\n|turn|7\n|\n|t:|1698253026\n|-terastallize|p1b: Sinistcha|Water\n|cant|p2b: Blueberry|slp\n|move|p1b: Sinistcha|Matcha Gotcha|p2a: L\u00facifer|[spread] p2a,p2b\n|-resisted|p2b: Blueberry\n|-damage|p2a: L\u00facifer|29\/100 psn\n|-heal|p1b: Sinistcha|36\/100|[from] drain|[of] p2a: L\u00facifer\n|-damage|p2b: Blueberry|27\/100 slp\n|-heal|p1b: Sinistcha|50\/100|[from] drain|[of] p2b: Blueberry\n|move|p2a: L\u00facifer|Shadow Ball|p1b: Sinistcha\n|-damage|p1b: Sinistcha|35\/100\n|move|p1a: Amoonguss|Sludge Bomb|p2a: L\u00facifer\n|-supereffective|p2a: L\u00facifer\n|-damage|p2a: L\u00facifer|0 fnt\n|faint|p2a: L\u00facifer\n|\n|upkeep\n|\n|t:|1698253042\n|switch|p2a: Demeter|Roserade, F|100\/100\n|turn|8\n|\n|t:|1698253054\n|cant|p2b: Blueberry|slp\n|-zpower|p2a: Demeter\n|move|p2a: Demeter|Bloom Doom|p1b: Sinistcha|[zeffect]\n|-supereffective|p1b: Sinistcha\n|-damage|p1b: Sinistcha|0 fnt\n|faint|p1b: Sinistcha\n|move|p1a: Amoonguss|Giga Drain|p2b: Blueberry\n|-resisted|p2b: Blueberry\n|-damage|p2b: Blueberry|0 fnt\n|faint|p2b: Blueberry\n|\n|upkeep\n|\n|t:|1698253065\n|switch|p1b: Flutter Mane|Flutter Mane, shiny|100\/100\n|turn|9\n|\n|t:|1698253075\n|move|p1b: Flutter Mane|Mystical Fire|p2a: Demeter\n|-supereffective|p2a: Demeter\n|-damage|p2a: Demeter|14\/100\n|-unboost|p2a: Demeter|spa|1\n|-damage|p1b: Flutter Mane|91\/100|[from] item: Life Orb\n|move|p2a: Demeter|Sludge Bomb|p1b: Flutter Mane\n|-damage|p1b: Flutter Mane|61\/100\n|-status|p1b: Flutter Mane|psn\n|move|p1a: Amoonguss|Sludge Bomb|p2a: Demeter\n|-damage|p2a: Demeter|0 fnt\n|faint|p2a: Demeter\n|\n|win|Exy-Merxy\n|raw|Exy-Merxy's rating: 1106 &rarr; <strong>1124<\/strong><br \/>(+18 for winning)\n|raw|muryi's rating: 1000 &rarr; <strong>1000<\/strong><br \/>(+0 for losing)\n|c|\u2606Exy-Merxy|GG\n","uploadtime":1698253087,"views":7,"p1id":"exymerxy","p2id":"muryi","formatid":"gen9nationaldexdoubles","rating":1000,"private":0,"password":""}