{"id":"gen9nationaldexdoubles-1957147586","p1":"El Barano","p2":"Horuskoria","format":"[Gen 9] National Dex Doubles","log":"|j|\u2606El Barano\n|j|\u2606Horuskoria\n|t:|1696190394\n|gametype|doubles\n|player|p1|El Barano|hiker-gen4|\n|player|p2|Horuskoria|170|\n|teamsize|p1|6\n|teamsize|p2|6\n|gen|9\n|tier|[Gen 9] National Dex Doubles\n|rule|HP Percentage Mod: HP is shown in percentages\n|rule|Endless Battle Clause: Forcing endless battles is banned\n|rule|OHKO Clause: OHKO moves are banned\n|rule|Evasion Moves Clause: Evasion moves are banned\n|rule|Evasion Abilities Clause: Evasion abilities are banned\n|rule|Species Clause: Limit one of each Pok\u00e9mon\n|rule|Gravity Sleep Clause: The combination of sleep-inducing moves with imperfect accuracy and Gravity or Gigantamax Orbeetle are banned\n|clearpoke\n|poke|p1|Whimsicott, F|\n|poke|p1|Silvally-*|\n|poke|p1|Kangaskhan, F|\n|poke|p1|Dragapult, M|\n|poke|p1|Absol, M|\n|poke|p1|Grimmsnarl, M|\n|poke|p2|Flutter Mane|\n|poke|p2|Talonflame, M|\n|poke|p2|Mr. Rime, F|\n|poke|p2|Zeraora|\n|poke|p2|Hydreigon, M|\n|poke|p2|Torkoal, M|\n|teampreview\n|\n|t:|1696190424\n|start\n|switch|p1a: Jiraya|Absol, M, shiny|100\/100\n|switch|p1b: Pain|Dragapult, M, shiny|100\/100\n|switch|p2a: Flutter Mane|Flutter Mane|100\/100\n|switch|p2b: Talonflame|Talonflame, M|100\/100\n|-enditem|p2a: Flutter Mane|Booster Energy\n|-activate|p2a: Flutter Mane|ability: Protosynthesis|[fromitem]\n|-start|p2a: Flutter Mane|protosynthesisspe\n|turn|1\n|\n|t:|1696190466\n|-terastallize|p1a: Jiraya|Fairy\n|move|p2a: Flutter Mane|Dazzling Gleam|p1b: Pain|[spread] p1a,p1b\n|-supereffective|p1b: Pain\n|-damage|p1a: Jiraya|55\/100\n|-damage|p1b: Pain|50\/100\n|move|p2b: Talonflame|Will-O-Wisp|p1a: Jiraya|[miss]\n|-miss|p2b: Talonflame|p1a: Jiraya\n|move|p1b: Pain|Beat Up|p1a: Jiraya\n|-resisted|p1a: Jiraya\n|-damage|p1a: Jiraya|51\/100\n|-ability|p1a: Jiraya|Justified|boost\n|-boost|p1a: Jiraya|atk|1\n|-resisted|p1a: Jiraya\n|-damage|p1a: Jiraya|48\/100\n|-ability|p1a: Jiraya|Justified|boost\n|-boost|p1a: Jiraya|atk|1\n|-resisted|p1a: Jiraya\n|-damage|p1a: Jiraya|45\/100\n|-ability|p1a: Jiraya|Justified|boost\n|-boost|p1a: Jiraya|atk|1\n|-resisted|p1a: Jiraya\n|-damage|p1a: Jiraya|42\/100\n|-ability|p1a: Jiraya|Justified|boost\n|-boost|p1a: Jiraya|atk|1\n|-resisted|p1a: Jiraya\n|-damage|p1a: Jiraya|40\/100\n|-ability|p1a: Jiraya|Justified|boost\n|-boost|p1a: Jiraya|atk|1\n|-resisted|p1a: Jiraya\n|-crit|p1a: Jiraya\n|-damage|p1a: Jiraya|36\/100\n|-ability|p1a: Jiraya|Justified|boost\n|-boost|p1a: Jiraya|atk|1\n|-hitcount|p1a: Jiraya|6\n|move|p1a: Jiraya|Knock Off|p2a: Flutter Mane\n|-damage|p2a: Flutter Mane|0 fnt\n|faint|p2a: Flutter Mane\n|-end|p2a: Flutter Mane|Protosynthesis|[silent]\n|\n|upkeep\n|\n|t:|1696190510\n|switch|p2a: Mr. Rime|Mr. Rime, F|100\/100\n|turn|2\n|\n|t:|1696190523\n|move|p2a: Mr. Rime|Fake Out|p1a: Jiraya\n|-damage|p1a: Jiraya|22\/100\n|move|p2b: Talonflame|Will-O-Wisp|p1a: Jiraya\n|-status|p1a: Jiraya|brn\n|move|p1b: Pain|Thunderbolt|p2b: Talonflame\n|-supereffective|p2b: Talonflame\n|-damage|p2b: Talonflame|24\/100\n|move|p1a: Jiraya|Knock Off|p2a: Mr. Rime\n|-supereffective|p2a: Mr. Rime\n|-damage|p2a: Mr. Rime|0 fnt\n|-enditem|p2a: Mr. Rime|Leftovers|[from] move: Knock Off|[of] p1a: Jiraya\n|faint|p2a: Mr. Rime\n|\n|-damage|p1a: Jiraya|16\/100 brn|[from] brn\n|upkeep\n|\n|t:|1696190541\n|switch|p2a: Zeraora|Zeraora|100\/100\n|turn|3\n|\n|t:|1696190561\n|move|p2b: Talonflame|Protect|p2b: Talonflame\n|-singleturn|p2b: Talonflame|Protect\n|move|p2a: Zeraora|Plasma Fists|p1a: Jiraya\n|-damage|p1a: Jiraya|0 fnt\n|-fieldactivate|move: Ion Deluge\n|-hint|Normal-type moves become Electric-type after using Plasma Fists.\n|faint|p1a: Jiraya\n|-damage|p2a: Zeraora|91\/100|[from] item: Life Orb\n|move|p1b: Pain|Shadow Ball|p2a: Zeraora\n|-damage|p2a: Zeraora|44\/100\n|\n|upkeep\n|\n|t:|1696190584\n|switch|p1a: Silvally|Silvally|100\/100\n|turn|4\n|\n|t:|1696190597\n|move|p2a: Zeraora|Knock Off|p1b: Pain\n|-supereffective|p1b: Pain\n|-damage|p1b: Pain|0 fnt\n|-enditem|p1b: Pain|Assault Vest|[from] move: Knock Off|[of] p2a: Zeraora\n|faint|p1b: Pain\n|-damage|p2a: Zeraora|34\/100|[from] item: Life Orb\n|move|p2b: Talonflame|Tailwind|p2b: Talonflame\n|-sidestart|p2: Horuskoria|move: Tailwind\n|move|p1a: Silvally|Hyper Voice|p2b: Talonflame|[spread] p2a,p2b\n|-damage|p2a: Zeraora|6\/100\n|-damage|p2b: Talonflame|0 fnt\n|faint|p2b: Talonflame\n|\n|upkeep\n|\n|t:|1696190613\n|switch|p2b: Hydreigon|Hydreigon, M|100\/100\n|switch|p1b: Hinata|Whimsicott, F, shiny|100\/100\n|turn|5\n|\n|t:|1696190643\n|-terastallize|p2b: Hydreigon|Ghost\n|move|p1b: Hinata|Helping Hand|p1a: Silvally\n|-singleturn|p1a: Silvally|Helping Hand|[of] p1b: Hinata\n|move|p2a: Zeraora|Plasma Fists|p1a: Silvally\n|-crit|p1a: Silvally\n|-damage|p1a: Silvally|24\/100\n|-fieldactivate|move: Ion Deluge\n|-hint|Normal-type moves become Electric-type after using Plasma Fists.\n|-damage|p2a: Zeraora|0 fnt|[from] item: Life Orb\n|faint|p2a: Zeraora\n|move|p2b: Hydreigon|Heat Wave|p1a: Silvally|[spread] p1a\n|-miss|p2b: Hydreigon|p1b: Hinata\n|-damage|p1a: Silvally|15\/100\n|move|p1a: Silvally|Hyper Voice|p2b: Hydreigon\n|-damage|p2b: Hydreigon|72\/100\n|\n|upkeep\n|\n|t:|1696190664\n|switch|p2a: Torkoal|Torkoal, M|100\/100\n|-weather|SunnyDay|[from] ability: Drought|[of] p2a: Torkoal\n|turn|6\n|\n|t:|1696190684\n|move|p2b: Hydreigon|Heat Wave|p1b: Hinata|[spread] p1a,p1b\n|-supereffective|p1b: Hinata\n|-damage|p1a: Silvally|1\/100\n|-damage|p1b: Hinata|25\/100\n|move|p1b: Hinata|Shadow Ball|p2b: Hydreigon\n|-supereffective|p2b: Hydreigon\n|-damage|p2b: Hydreigon|42\/100\n|-enditem|p2b: Hydreigon|Sitrus Berry|[eat]\n|-heal|p2b: Hydreigon|67\/100|[from] item: Sitrus Berry\n|move|p1a: Silvally|Thunderbolt|p2b: Hydreigon\n|-damage|p2b: Hydreigon|49\/100\n|move|p2a: Torkoal|Heat Wave|p1a: Silvally|[spread] p1a,p1b\n|-supereffective|p1b: Hinata\n|-damage|p1a: Silvally|0 fnt\n|-damage|p1b: Hinata|0 fnt\n|faint|p1a: Silvally\n|faint|p1b: Hinata\n|\n|-weather|SunnyDay|[upkeep]\n|upkeep\n|\n|t:|1696190707\n|switch|p1b: Obito|Grimmsnarl, M, shiny|100\/100\n|switch|p1a: Tsunade|Kangaskhan, F, shiny|100\/100\n|turn|7\n|\n|t:|1696190743\n|detailschange|p1a: Tsunade|Kangaskhan-Mega, F, shiny\n|-mega|p1a: Tsunade|Kangaskhan|Kangaskhanite\n|move|p2b: Hydreigon|Protect|p2b: Hydreigon\n|-singleturn|p2b: Hydreigon|Protect\n|move|p1b: Obito|Light Screen|p1b: Obito\n|-sidestart|p1: El Barano|move: Light Screen\n|move|p1a: Tsunade|Shadow Claw|p2b: Hydreigon\n|-activate|p2b: Hydreigon|move: Protect\n|move|p2a: Torkoal|Yawn|p1a: Tsunade\n|-start|p1a: Tsunade|move: Yawn|[of] p2a: Torkoal\n|\n|-weather|SunnyDay|[upkeep]\n|-sideend|p2: Horuskoria|move: Tailwind\n|upkeep\n|turn|8\n|\n|t:|1696190765\n|move|p2b: Hydreigon|Protect|p2b: Hydreigon\n|-singleturn|p2b: Hydreigon|Protect\n|move|p1b: Obito|Parting Shot|p2b: Hydreigon\n|-activate|p2b: Hydreigon|move: Protect\n|move|p1a: Tsunade|Shadow Claw|p2b: Hydreigon\n|-activate|p2b: Hydreigon|move: Protect\n|move|p2a: Torkoal|Heat Wave|p1b: Obito|[spread] p1a,p1b\n|-damage|p1a: Tsunade|84\/100\n|-damage|p1b: Obito|85\/100\n|-status|p1a: Tsunade|brn\n|\n|-weather|SunnyDay|[upkeep]\n|-damage|p1a: Tsunade|78\/100 brn|[from] brn\n|-end|p1a: Tsunade|move: Yawn|[silent]\n|upkeep\n|turn|9\n|c|\u2606Horuskoria|omg\n|c|\u2606El Barano|holy moly\n|\n|t:|1696190804\n|move|p2b: Hydreigon|Dark Pulse|p1a: Tsunade\n|-damage|p1a: Tsunade|59\/100 brn\n|cant|p1a: Tsunade|flinch\n|move|p1b: Obito|Spirit Break|p2a: Torkoal\n|-resisted|p2a: Torkoal\n|-damage|p2a: Torkoal|92\/100\n|-unboost|p2a: Torkoal|spa|1\n|-damage|p1b: Obito|68\/100|[from] item: Rocky Helmet|[of] p2a: Torkoal\n|move|p2a: Torkoal|Yawn|p1b: Obito\n|-start|p1b: Obito|move: Yawn|[of] p2a: Torkoal\n|\n|-weather|SunnyDay|[upkeep]\n|-damage|p1a: Tsunade|53\/100 brn|[from] brn\n|upkeep\n|turn|10\n|c|\u2606Horuskoria|der burn ist so dumm\n|\n|t:|1696190827\n|move|p2b: Hydreigon|Dark Pulse|p1a: Tsunade\n|-damage|p1a: Tsunade|34\/100 brn\n|move|p1a: Tsunade|Shadow Claw|p2b: Hydreigon\n|-supereffective|p2b: Hydreigon\n|-damage|p2b: Hydreigon|29\/100\n|-supereffective|p2b: Hydreigon\n|-damage|p2b: Hydreigon|24\/100\n|-hitcount|p2b: Hydreigon|2\n|move|p1b: Obito|Spirit Break|p2b: Hydreigon\n|-damage|p2b: Hydreigon|0 fnt\n|faint|p2b: Hydreigon\n|move|p2a: Torkoal|Heat Wave|p1a: Tsunade|[spread] p1a,p1b\n|-damage|p1a: Tsunade|22\/100 brn\n|-damage|p1b: Obito|58\/100\n|\n|-weather|none\n|-damage|p1a: Tsunade|16\/100 brn|[from] brn\n|-end|p1b: Obito|move: Yawn|[silent]\n|-status|p1b: Obito|slp\n|upkeep\n|turn|11\n|\n|t:|1696190859\n|cant|p1b: Obito|slp\n|move|p1a: Tsunade|Drain Punch|p2a: Torkoal\n|-crit|p2a: Torkoal\n|-damage|p2a: Torkoal|82\/100\n|-heal|p1a: Tsunade|21\/100 brn|[from] drain|[of] p2a: Torkoal\n|-damage|p1a: Tsunade|4\/100 brn|[from] item: Rocky Helmet|[of] p2a: Torkoal\n|-damage|p2a: Torkoal|80\/100\n|-heal|p1a: Tsunade|5\/100 brn|[from] drain|[of] p2a: Torkoal\n|-damage|p1a: Tsunade|0 fnt|[from] item: Rocky Helmet|[of] p2a: Torkoal\n|faint|p1a: Tsunade\n|-hitcount|p2a: Torkoal|2\n|move|p2a: Torkoal|Heat Wave|p1b: Obito\n|-damage|p1b: Obito|49\/100 slp\n|\n|upkeep\n|turn|12\n|\n|t:|1696190879\n|cant|p1b: Obito|slp\n|move|p2a: Torkoal|Heat Wave|p1b: Obito\n|-damage|p1b: Obito|39\/100 slp\n|\n|upkeep\n|turn|13\n|\n|t:|1696190887\n|-curestatus|p1b: Obito|slp|[msg]\n|move|p1b: Obito|Spirit Break|p2a: Torkoal\n|-resisted|p2a: Torkoal\n|-damage|p2a: Torkoal|72\/100\n|-unboost|p2a: Torkoal|spa|1\n|-damage|p1b: Obito|23\/100|[from] item: Rocky Helmet|[of] p2a: Torkoal\n|move|p2a: Torkoal|Heat Wave|p1b: Obito\n|-damage|p1b: Obito|15\/100\n|\n|upkeep\n|turn|14\n|c|\u2606El Barano|gg\n|\n|t:|1696190906\n|move|p1b: Obito|Spirit Break|p2a: Torkoal\n|-resisted|p2a: Torkoal\n|-damage|p2a: Torkoal|64\/100\n|-unboost|p2a: Torkoal|spa|1\n|-damage|p1b: Obito|0 fnt|[from] item: Rocky Helmet|[of] p2a: Torkoal\n|faint|p1b: Obito\n|\n|win|Horuskoria\n|c|\u2606Horuskoria|gg\n","uploadtime":1696190929,"views":24,"p1id":"elbarano","p2id":"horuskoria","formatid":"gen9nationaldexdoubles","rating":0,"private":0,"password":""}