{"id":"gen9nationaldexdoubles-1990838829","p1":"Hiub oh fkggj","p2":"maiothegreat","format":"[Gen 9] National Dex Doubles","log":"|j|\u2606Hiub oh fkggj\n|j|\u203dmaiothegreat\n|t:|1700006167\n|gametype|doubles\n|player|p1|Hiub oh fkggj|lucas|1043\n|player|p2|maiothegreat|265|1090\n|teamsize|p1|6\n|teamsize|p2|6\n|gen|9\n|tier|[Gen 9] National Dex Doubles\n|rated|\n|rule|HP Percentage Mod: HP is shown in percentages\n|rule|Endless Battle Clause: Forcing endless battles is banned\n|rule|OHKO Clause: OHKO moves are banned\n|rule|Evasion Moves Clause: Evasion moves are banned\n|rule|Evasion Abilities Clause: Evasion abilities are banned\n|rule|Species Clause: Limit one of each Pok\u00e9mon\n|rule|Gravity Sleep Clause: The combination of sleep-inducing moves with imperfect accuracy and Gravity or Gigantamax Orbeetle are banned\n|clearpoke\n|poke|p1|Indeedee, M|\n|poke|p1|Deoxys-Attack|\n|poke|p1|Typhlosion, F|\n|poke|p1|Kartana|\n|poke|p1|Murkrow, F|\n|poke|p1|Shuckle, M|\n|poke|p2|Gastrodon-East, F|\n|poke|p2|Appletun, F|\n|poke|p2|Gengar, M|\n|poke|p2|Exploud, F|\n|poke|p2|Electrode|\n|poke|p2|Charizard, F|\n|teampreview\n|\n|t:|1700006180\n|start\n|switch|p1a: Murkrow|Murkrow, F|100\/100\n|switch|p1b: Shuckle|Shuckle, M|100\/100\n|switch|p2a: Gastrodon|Gastrodon-East, F|100\/100\n|switch|p2b: Charizard|Charizard, F|100\/100\n|turn|1\n|inactive|Battle timer is ON: inactive players will automatically lose when time's up. (requested by Hiub oh fkggj)\n|\n|t:|1700006212\n|detailschange|p2b: Charizard|Charizard-Mega-Y, F\n|-mega|p2b: Charizard|Charizard|Charizardite Y\n|-weather|SunnyDay|[from] ability: Drought|[of] p2b: Charizard\n|move|p1a: Murkrow|Taunt|p2a: Gastrodon\n|-start|p2a: Gastrodon|move: Taunt\n|move|p2b: Charizard|Tailwind|p2b: Charizard\n|-sidestart|p2: maiothegreat|move: Tailwind\n|move|p2a: Gastrodon|Earthquake|p1b: Shuckle|[spread] p1b\n|-immune|p2b: Charizard\n|-immune|p1a: Murkrow\n|-damage|p1b: Shuckle|82\/100\n|-damage|p2a: Gastrodon|91\/100|[from] item: Life Orb\n|move|p1b: Shuckle|Power Split|p2b: Charizard\n|-activate|p1b: Shuckle|move: Power Split|[of] p2b: Charizard\n|\n|-weather|SunnyDay|[upkeep]\n|upkeep\n|turn|2\n|inactive|maiothegreat has 120 seconds left.\n|\n|t:|1700006246\n|switch|p2a: Electrode|Electrode|100\/100\n|move|p1a: Murkrow|Tailwind|p1a: Murkrow\n|-sidestart|p1: Hiub oh fkggj|move: Tailwind\n|move|p2b: Charizard|Air Cutter|p1a: Murkrow|[spread] p1a,p1b\n|-damage|p1a: Murkrow|67\/100\n|-damage|p1b: Shuckle|74\/100\n|move|p1b: Shuckle|Toxic|p2b: Charizard\n|-status|p2b: Charizard|tox\n|\n|-weather|SunnyDay|[upkeep]\n|-damage|p2b: Charizard|94\/100 tox|[from] psn\n|upkeep\n|turn|3\n|\n|t:|1700006265\n|move|p1a: Murkrow|Taunt|p2a: Electrode\n|-start|p2a: Electrode|move: Taunt\n|move|p2a: Electrode|Thunder|p1a: Murkrow\n|-supereffective|p1a: Murkrow\n|-damage|p1a: Murkrow|0 fnt\n|faint|p1a: Murkrow\n|move|p2b: Charizard|Air Cutter|p1b: Shuckle|[miss]\n|-miss|p2b: Charizard|p1b: Shuckle\n|move|p1b: Shuckle|Stealth Rock|p2b: Charizard\n|-sidestart|p2: maiothegreat|move: Stealth Rock\n|\n|-weather|SunnyDay|[upkeep]\n|-damage|p2b: Charizard|82\/100 tox|[from] psn\n|upkeep\n|inactive|Hiub oh fkggj has 120 seconds left.\n|\n|t:|1700006302\n|switch|p1a: Typhlosion|Typhlosion, F|100\/100\n|turn|4\n|inactive|Hiub oh fkggj has 120 seconds left.\n|inactive|Hiub oh fkggj has 90 seconds left.\n|\n|t:|1700006350\n|move|p1a: Typhlosion|Flamethrower|p2a: Electrode\n|-damage|p2a: Electrode|0 fnt\n|faint|p2a: Electrode\n|move|p2b: Charizard|Air Cutter|p1b: Shuckle|[spread] p1a,p1b\n|-damage|p1a: Typhlosion|80\/100\n|-damage|p1b: Shuckle|65\/100\n|move|p1b: Shuckle|Sticky Web|p2b: Charizard\n|-sidestart|p2: maiothegreat|move: Sticky Web\n|\n|-weather|SunnyDay|[upkeep]\n|-damage|p2b: Charizard|64\/100 tox|[from] psn\n|-sideend|p2: maiothegreat|move: Tailwind\n|upkeep\n|\n|t:|1700006366\n|switch|p2a: Exploud|Exploud, F|100\/100\n|-damage|p2a: Exploud|88\/100|[from] Stealth Rock\n|-activate|p2a: Exploud|move: Sticky Web\n|-unboost|p2a: Exploud|spe|1\n|turn|5\n|\n|t:|1700006373\n|switch|p2b: Gengar|Gengar, M|100\/100\n|-damage|p2b: Gengar|88\/100|[from] Stealth Rock\n|-activate|p2b: Gengar|move: Sticky Web\n|-unboost|p2b: Gengar|spe|1\n|move|p1a: Typhlosion|Flamethrower|p2a: Exploud\n|-damage|p2a: Exploud|19\/100\n|move|p2a: Exploud|Boomburst|p1a: Typhlosion|[spread] p1a,p1b\n|-immune|p2b: Gengar\n|-resisted|p1b: Shuckle\n|-damage|p1a: Typhlosion|19\/100\n|-damage|p1b: Shuckle|51\/100\n|-heal|p2a: Exploud|25\/100|[from] item: Shell Bell|[of] p1b: Shuckle\n|move|p1b: Shuckle|Toxic|p2a: Exploud\n|-status|p2a: Exploud|tox\n|\n|-weather|none\n|-damage|p2a: Exploud|19\/100 tox|[from] psn\n|-sideend|p1: Hiub oh fkggj|move: Tailwind\n|upkeep\n|turn|6\n|inactive|Hiub oh fkggj has 120 seconds left.\n|\n|t:|1700006403\n|-terastallize|p2a: Exploud|Ghost\n|move|p1a: Typhlosion|Flamethrower|p2b: Gengar\n|-damage|p2b: Gengar|0 fnt\n|faint|p2b: Gengar\n|move|p2a: Exploud|Boomburst|p1b: Shuckle|[spread] p1a,p1b\n|-resisted|p1b: Shuckle\n|-damage|p1a: Typhlosion|0 fnt\n|-damage|p1b: Shuckle|37\/100\n|faint|p1a: Typhlosion\n|-heal|p2a: Exploud|22\/100 tox|[from] item: Shell Bell|[of] p1b: Shuckle\n|move|p1b: Shuckle|Toxic|p2a: Exploud\n|-fail|p2a: Exploud|tox\n|\n|-damage|p2a: Exploud|10\/100 tox|[from] psn\n|upkeep\n|inactive|Hiub oh fkggj has 120 seconds left.\n|\n|t:|1700006423\n|switch|p2b: Charizard|Charizard-Mega-Y, F|64\/100 tox\n|switch|p1a: Kartana|Kartana|100\/100\n|-damage|p2b: Charizard|14\/100 tox|[from] Stealth Rock\n|-weather|SunnyDay|[from] ability: Drought|[of] p2b: Charizard\n|turn|7\n|\n|t:|1700006445\n|move|p1a: Kartana|Smart Strike|p2b: Charizard\n|-resisted|p2b: Charizard\n|-damage|p2b: Charizard|0 fnt\n|faint|p2b: Charizard\n|-ability|p1a: Kartana|Beast Boost|boost\n|-boost|p1a: Kartana|atk|1\n|move|p2a: Exploud|Boomburst|p1a: Kartana|[spread] p1a,p1b\n|-resisted|p1a: Kartana\n|-resisted|p1b: Shuckle\n|-damage|p1a: Kartana|28\/100\n|-damage|p1b: Shuckle|22\/100\n|-heal|p2a: Exploud|17\/100 tox|[from] item: Shell Bell|[of] p1b: Shuckle\n|move|p1b: Shuckle|Toxic|p2a: Exploud\n|-fail|p2a: Exploud|tox\n|\n|-weather|SunnyDay|[upkeep]\n|-damage|p2a: Exploud|0 fnt|[from] psn\n|faint|p2a: Exploud\n|upkeep\n|\n|t:|1700006460\n|switch|p2b: Appletun|Appletun, F|100\/100\n|switch|p2a: Gastrodon|Gastrodon-East, F|91\/100\n|-damage|p2a: Gastrodon|84\/100|[from] Stealth Rock\n|-activate|p2a: Gastrodon|move: Sticky Web\n|-unboost|p2a: Gastrodon|spe|1\n|-damage|p2b: Appletun|88\/100|[from] Stealth Rock\n|-activate|p2b: Appletun|move: Sticky Web\n|-unboost|p2b: Appletun|spe|1\n|turn|8\n|inactive|maiothegreat has 120 seconds left.\n|\n|t:|1700006491\n|move|p1a: Kartana|Smart Strike|p2b: Appletun\n|-damage|p2b: Appletun|32\/100\n|-enditem|p2b: Appletun|Figy Berry|[eat]\n|-heal|p2b: Appletun|65\/100|[from] item: Figy Berry\n|move|p2a: Gastrodon|Earthquake|p1a: Kartana|[spread] p2b,p1a,p1b\n|-resisted|p2b: Appletun\n|-damage|p2b: Appletun|51\/100\n|-damage|p1a: Kartana|0 fnt\n|-damage|p1b: Shuckle|1\/100\n|faint|p1a: Kartana\n|-damage|p2a: Gastrodon|74\/100|[from] item: Life Orb\n|move|p2b: Appletun|Leech Seed|p1b: Shuckle\n|-start|p1b: Shuckle|move: Leech Seed\n|move|p1b: Shuckle|Toxic|p2b: Appletun\n|-status|p2b: Appletun|tox\n|\n|-weather|SunnyDay|[upkeep]\n|-damage|p1b: Shuckle|0 fnt|[from] Leech Seed|[of] p2b: Appletun\n|-heal|p2b: Appletun|51\/100 tox|[silent]\n|faint|p1b: Shuckle\n|-damage|p2b: Appletun|45\/100 tox|[from] psn\n|upkeep\n|\n|t:|1700006518\n|switch|p1a: Indeedee|Indeedee, M|100\/100\n|switch|p1b: Deoxys|Deoxys-Attack|100\/100\n|-ability|p1b: Deoxys|Pressure\n|-fieldstart|move: Psychic Terrain|[from] ability: Psychic Surge|[of] p1a: Indeedee\n|turn|9\n|\n|t:|1700006532\n|-terastallize|p1b: Deoxys|Psychic\n|move|p1b: Deoxys|Psyshock|p2b: Appletun\n|-damage|p2b: Appletun|0 fnt\n|faint|p2b: Appletun\n|move|p1a: Indeedee|Energy Ball|p2a: Gastrodon\n|-supereffective|p2a: Gastrodon\n|-damage|p2a: Gastrodon|0 fnt\n|faint|p2a: Gastrodon\n|\n|win|Hiub oh fkggj\n|raw|Hiub oh fkggj's rating: 1078 &rarr; <strong>1107<\/strong><br \/>(+29 for winning)\n|raw|maiothegreat's rating: 1090 &rarr; <strong>1066<\/strong><br \/>(-24 for losing)\n","uploadtime":1700006545,"views":5,"p1id":"hiubohfkggj","p2id":"maiothegreat","formatid":"gen9nationaldexdoubles","rating":1066,"private":0,"password":""}