{"id":"gen9nationaldexdoubles-1950651797","p1":"the mudkip warrior","p2":"the maraculous","format":"[Gen 9] National Dex Doubles","log":"|j|\u2606the mudkip warrior\n|j|\u2606the maraculous\n|t:|1695493380\n|gametype|doubles\n|player|p1|the mudkip warrior|acetrainer-gen4dp|1506\n|player|p2|the maraculous|dragontamer|1491\n|teamsize|p1|6\n|teamsize|p2|6\n|gen|9\n|tier|[Gen 9] National Dex Doubles\n|rated|\n|rule|HP Percentage Mod: HP is shown in percentages\n|rule|Endless Battle Clause: Forcing endless battles is banned\n|rule|OHKO Clause: OHKO moves are banned\n|rule|Evasion Moves Clause: Evasion moves are banned\n|rule|Evasion Abilities Clause: Evasion abilities are banned\n|rule|Species Clause: Limit one of each Pok\u00e9mon\n|rule|Gravity Sleep Clause: The combination of sleep-inducing moves with imperfect accuracy and Gravity or Gigantamax Orbeetle are banned\n|clearpoke\n|poke|p1|Dragonite, F|\n|poke|p1|Chien-Pao|\n|poke|p1|Brambleghast, M|\n|poke|p1|Tornadus, M|\n|poke|p1|Charizard, M|\n|poke|p1|Flutter Mane|\n|poke|p2|Xurkitree|\n|poke|p2|Iron Valiant|\n|poke|p2|Chandelure, F|\n|poke|p2|Landorus-Therian, M|\n|poke|p2|Kartana|\n|poke|p2|Farigiraf, F|\n|teampreview\n|c|\u2606the mudkip warrior|gl\n|\n|t:|1695493396\n|start\n|switch|p1a: Dolce|Dragonite, F|100\/100\n|switch|p1b: Yusuke|Chien-Pao|100\/100\n|switch|p2a: Chandelure|Chandelure, F|100\/100\n|switch|p2b: Xurkitree|Xurkitree|100\/100\n|-ability|p1b: Yusuke|Sword of Ruin\n|-item|p2a: Chandelure|Air Balloon\n|turn|1\n|\n|t:|1695493414\n|-terastallize|p1a: Dolce|Normal\n|move|p1a: Dolce|Extreme Speed|p2b: Xurkitree\n|-damage|p2b: Xurkitree|8\/100\n|move|p1b: Yusuke|Sucker Punch||[still]\n|-fail|p1b: Yusuke\n|move|p2b: Xurkitree|Dazzling Gleam|p1a: Dolce|[spread] p1a,p1b\n|-supereffective|p1b: Yusuke\n|-damage|p1a: Dolce|89\/100\n|-damage|p1b: Yusuke|14\/100\n|move|p2a: Chandelure|Trick Room|p2a: Chandelure\n|-fieldstart|move: Trick Room|[of] p2a: Chandelure\n|\n|upkeep\n|turn|2\n|\n|t:|1695493431\n|switch|p2a: Farigiraf|Farigiraf, F|100\/100\n|move|p1a: Dolce|Extreme Speed||[still]\n|cant|p2a: Farigiraf|ability: Armor Tail|Extreme Speed|[of] p1a: Dolce\n|move|p1b: Yusuke|Sucker Punch||[still]\n|cant|p2a: Farigiraf|ability: Armor Tail|Sucker Punch|[of] p1b: Yusuke\n|move|p2b: Xurkitree|Dazzling Gleam|p1a: Dolce|[spread] p1a,p1b\n|-supereffective|p1b: Yusuke\n|-damage|p1a: Dolce|68\/100\n|-damage|p1b: Yusuke|0 fnt\n|faint|p1b: Yusuke\n|-ability|p2b: Xurkitree|Beast Boost|boost\n|-boost|p2b: Xurkitree|spa|1\n|\n|upkeep\n|c|\u2606the mudkip warrior|oops\n|\n|t:|1695493444\n|switch|p1b: Lorna|Flutter Mane|100\/100\n|turn|3\n|\n|t:|1695493454\n|move|p2a: Farigiraf|Nasty Plot|p2a: Farigiraf\n|-boost|p2a: Farigiraf|spa|2\n|move|p1a: Dolce|Rock Slide|p2a: Farigiraf|[spread] p2a\n|-miss|p1a: Dolce|p2b: Xurkitree\n|-damage|p2a: Farigiraf|77\/100\n|-zpower|p2b: Xurkitree\n|move|p2b: Xurkitree|Gigavolt Havoc|p1b: Lorna|[zeffect]\n|-damage|p1b: Lorna|0 fnt\n|faint|p1b: Lorna\n|-end|p1b: Lorna|Protosynthesis|[silent]\n|-ability|p2b: Xurkitree|Beast Boost|boost\n|-boost|p2b: Xurkitree|spa|1\n|\n|-heal|p2a: Farigiraf|83\/100|[from] item: Leftovers\n|upkeep\n|\n|t:|1695493474\n|switch|p1b: Galakrond|Charizard, M, shiny|100\/100\n|turn|4\n|\n|t:|1695493482\n|detailschange|p1b: Galakrond|Charizard-Mega-Y, M, shiny\n|-mega|p1b: Galakrond|Charizard|Charizardite Y\n|-weather|SunnyDay|[from] ability: Drought|[of] p1b: Galakrond\n|move|p1b: Galakrond|Protect|p1b: Galakrond\n|-singleturn|p1b: Galakrond|Protect\n|move|p2a: Farigiraf|Hyper Voice|p1b: Galakrond|[spread] p1a\n|-activate|p1b: Galakrond|move: Protect\n|-damage|p1a: Dolce|8\/100\n|move|p1a: Dolce|Rock Slide|p2b: Xurkitree|[spread] p2a,p2b\n|-damage|p2a: Farigiraf|61\/100\n|-damage|p2b: Xurkitree|0 fnt\n|faint|p2b: Xurkitree\n|\n|-weather|SunnyDay|[upkeep]\n|-heal|p2a: Farigiraf|67\/100|[from] item: Leftovers\n|upkeep\n|\n|t:|1695493497\n|switch|p2b: Landorus|Landorus-Therian, M|100\/100\n|-ability|p2b: Landorus|Intimidate|boost\n|-unboost|p1a: Dolce|atk|1\n|-unboost|p1b: Galakrond|atk|1\n|turn|5\n|\n|t:|1695493516\n|switch|p1b: Al'akir|Tornadus, M|100\/100\n|move|p2a: Farigiraf|Hyper Voice|p1a: Dolce|[spread] p1a,p1b\n|-damage|p1a: Dolce|0 fnt\n|-damage|p1b: Al'akir|14\/100\n|faint|p1a: Dolce\n|move|p2b: Landorus|Rock Slide|p1b: Al'akir\n|-supereffective|p1b: Al'akir\n|-damage|p1b: Al'akir|0 fnt\n|faint|p1b: Al'akir\n|\n|-weather|SunnyDay|[upkeep]\n|-heal|p2a: Farigiraf|73\/100|[from] item: Leftovers\n|-fieldend|move: Trick Room\n|upkeep\n|\n|t:|1695493528\n|switch|p1b: Galakrond|Charizard-Mega-Y, M, shiny|100\/100\n|switch|p1a: Trailblazer|Brambleghast, M|100\/100\n|turn|6\n|\n|t:|1695493541\n|move|p1a: Trailblazer|Bullet Seed|p2a: Farigiraf\n|-damage|p2a: Farigiraf|61\/100\n|-damage|p2a: Farigiraf|49\/100\n|-damage|p2a: Farigiraf|37\/100\n|-damage|p2a: Farigiraf|24\/100\n|-damage|p2a: Farigiraf|12\/100\n|-hitcount|p2a: Farigiraf|5\n|move|p1b: Galakrond|Heat Wave|p2b: Landorus|[spread] p2b\n|-miss|p1b: Galakrond|p2a: Farigiraf\n|-crit|p2b: Landorus\n|-damage|p2b: Landorus|30\/100\n|move|p2b: Landorus|Rock Slide|p1a: Trailblazer|[spread] p1a,p1b\n|-supereffective|p1b: Galakrond\n|-damage|p1a: Trailblazer|61\/100\n|-damage|p1b: Galakrond|0 fnt\n|faint|p1b: Galakrond\n|move|p2a: Farigiraf|Twin Beam|p1a: Trailblazer\n|-damage|p1a: Trailblazer|0 fnt\n|faint|p1a: Trailblazer\n|-hitcount|p1: Trailblazer|1\n|\n|win|the maraculous\n|raw|the mudkip warrior's rating: 1506 &rarr; <strong>1485<\/strong><br \/>(-21 for losing)\n|raw|the maraculous's rating: 1491 &rarr; <strong>1512<\/strong><br \/>(+21 for winning)\n|c|\u2606the mudkip warrior|gg\n|c|\u2606the maraculous|gg\n","uploadtime":1695493555,"views":12,"p1id":"themudkipwarrior","p2id":"themaraculous","formatid":"gen9nationaldexdoubles","rating":1485,"private":0,"password":""}