{"id":"gen9nationaldexdoubles-1988161846","p1":"Shadowburner058","p2":"Water043969","format":"[Gen 9] National Dex Doubles","log":"|j|\u2606Shadowburner058\n|j|\u2606Water043969\n|t:|1699677664\n|gametype|doubles\n|player|p1|Shadowburner058|hugh|\n|player|p2|Water043969|102|\n|teamsize|p1|6\n|teamsize|p2|6\n|gen|9\n|tier|[Gen 9] National Dex Doubles\n|rule|HP Percentage Mod: HP is shown in percentages\n|rule|Endless Battle Clause: Forcing endless battles is banned\n|rule|OHKO Clause: OHKO moves are banned\n|rule|Evasion Moves Clause: Evasion moves are banned\n|rule|Evasion Abilities Clause: Evasion abilities are banned\n|rule|Species Clause: Limit one of each Pok\u00e9mon\n|rule|Gravity Sleep Clause: The combination of sleep-inducing moves with imperfect accuracy and Gravity or Gigantamax Orbeetle are banned\n|clearpoke\n|poke|p1|Greninja-*, M|\n|poke|p1|Gallade, M|\n|poke|p1|Staraptor, M|\n|poke|p1|Luxray, M|\n|poke|p1|Lycanroc-Midnight, M|\n|poke|p1|Armarouge, M|\n|poke|p2|Primarina, F|\n|poke|p2|Goodra-Hisui, M|\n|poke|p2|Jolteon, F|\n|poke|p2|Gliscor, M|\n|poke|p2|Cinccino, F|\n|poke|p2|Rillaboom, M|\n|teampreview\n|\n|t:|1699677671\n|start\n|switch|p1a: Greninja|Greninja, M|100\/100\n|switch|p1b: Luxray|Luxray, M|100\/100\n|switch|p2a: Rillaboom|Rillaboom, M|100\/100\n|switch|p2b: Gliscor|Gliscor, M|100\/100\n|-fieldstart|move: Grassy Terrain|[from] ability: Grassy Surge|[of] p2a: Rillaboom\n|turn|1\n|\n|t:|1699677696\n|-terastallize|p1a: Greninja|Poison\n|-terastallize|p2a: Rillaboom|Grass\n|move|p2a: Rillaboom|Grassy Glide|p1a: Greninja\n|-resisted|p1a: Greninja\n|-damage|p1a: Greninja|46\/100\n|move|p1a: Greninja|Gunk Shot|p2a: Rillaboom|[miss]\n|-miss|p1a: Greninja|p2a: Rillaboom\n|move|p1b: Luxray|Ice Fang|p2b: Gliscor\n|-supereffective|p2b: Gliscor\n|-damage|p2b: Gliscor|36\/100\n|move|p2b: Gliscor|Toxic Spikes|p1a: Greninja\n|-sidestart|p1: Shadowburner058|move: Toxic Spikes\n|\n|-heal|p1a: Greninja|52\/100|[from] Grassy Terrain\n|-status|p1b: Luxray|brn|[from] item: Flame Orb\n|-status|p2b: Gliscor|tox|[from] item: Toxic Orb\n|upkeep\n|turn|2\n|\n|t:|1699677738\n|switch|p2b: Goodra|Goodra-Hisui, M|100\/100\n|move|p2a: Rillaboom|Grassy Glide|p1b: Luxray\n|-damage|p1b: Luxray|12\/100 brn\n|move|p1a: Greninja|Ice Beam|p2b: Goodra\n|-damage|p2b: Goodra|83\/100\n|move|p1b: Luxray|Facade|p2a: Rillaboom\n|-damage|p2a: Rillaboom|46\/100\n|\n|-heal|p1a: Greninja|58\/100|[from] Grassy Terrain\n|-heal|p1b: Luxray|18\/100 brn|[from] Grassy Terrain\n|-heal|p2a: Rillaboom|52\/100|[from] Grassy Terrain\n|-heal|p2b: Goodra|89\/100|[from] Grassy Terrain\n|-damage|p1b: Luxray|12\/100 brn|[from] brn\n|upkeep\n|turn|3\n|\n|t:|1699677771\n|move|p2a: Rillaboom|Grassy Glide|p1a: Greninja\n|-resisted|p1a: Greninja\n|-damage|p1a: Greninja|4\/100\n|move|p1a: Greninja|Ice Beam|p2a: Rillaboom\n|-supereffective|p2a: Rillaboom\n|-damage|p2a: Rillaboom|11\/100\n|-status|p2a: Rillaboom|frz\n|move|p1b: Luxray|Facade|p2b: Goodra\n|-resisted|p2b: Goodra\n|-damage|p2b: Goodra|62\/100\n|move|p2b: Goodra|Ice Spinner|p1b: Luxray\n|-damage|p1b: Luxray|0 fnt\n|-fieldend|move: Grassy Terrain\n|faint|p1b: Luxray\n|\n|upkeep\n|\n|t:|1699677796\n|switch|p1b: Gallade|Gallade, M|100\/100\n|-status|p1b: Gallade|psn\n|turn|4\n|\n|t:|1699677812\n|switch|p2a: Primarina|Primarina, F|100\/100\n|move|p1a: Greninja|Night Slash|p2a: Primarina\n|-resisted|p2a: Primarina\n|-damage|p2a: Primarina|87\/100\n|move|p1b: Gallade|Sacred Sword|p2b: Goodra\n|-supereffective|p2b: Goodra\n|-damage|p2b: Goodra|0 fnt\n|faint|p2b: Goodra\n|-damage|p1b: Gallade|91\/100 psn|[from] item: Life Orb\n|\n|-damage|p1b: Gallade|78\/100 psn|[from] psn\n|upkeep\n|\n|t:|1699677827\n|switch|p2b: Cinccino|Cinccino, F|100\/100\n|turn|5\n|\n|t:|1699677853\n|move|p1a: Greninja|Gunk Shot|p2a: Primarina|[miss]\n|-miss|p1a: Greninja|p2a: Primarina\n|move|p2b: Cinccino|U-turn|p1a: Greninja\n|-resisted|p1a: Greninja\n|-damage|p1a: Greninja|0 fnt\n|faint|p1a: Greninja\n|\n|t:|1699677859\n|switch|p2b: Jolteon|Jolteon, F|100\/100|[from] U-turn\n|move|p1b: Gallade|Psycho Cut|p2b: Jolteon\n|-crit|p2b: Jolteon\n|-damage|p2b: Jolteon|0 fnt\n|faint|p2b: Jolteon\n|-damage|p1b: Gallade|69\/100 psn|[from] item: Life Orb\n|move|p2a: Primarina|Moonblast|p1b: Gallade\n|-supereffective|p1b: Gallade\n|-damage|p1b: Gallade|0 fnt\n|faint|p1b: Gallade\n|\n|upkeep\n|\n|t:|1699677879\n|switch|p1a: Staraptor|Staraptor, M|100\/100\n|switch|p2b: Cinccino|Cinccino, F|100\/100\n|switch|p1b: Seoul|Armarouge, M, shiny|100\/100\n|-status|p1b: Seoul|psn\n|turn|6\n|\n|t:|1699677898\n|move|p2b: Cinccino|Tail Slap|p1b: Seoul\n|-damage|p1b: Seoul|88\/100 psn\n|-ability|p1b: Seoul|Weak Armor|boost\n|-unboost|p1b: Seoul|def|1\n|-boost|p1b: Seoul|spe|2\n|-damage|p1b: Seoul|70\/100 psn\n|-ability|p1b: Seoul|Weak Armor|boost\n|-unboost|p1b: Seoul|def|1\n|-boost|p1b: Seoul|spe|2\n|-damage|p1b: Seoul|46\/100 psn\n|-ability|p1b: Seoul|Weak Armor|boost\n|-unboost|p1b: Seoul|def|1\n|-boost|p1b: Seoul|spe|2\n|-damage|p1b: Seoul|12\/100 psn\n|-ability|p1b: Seoul|Weak Armor|boost\n|-unboost|p1b: Seoul|def|1\n|-damage|p1b: Seoul|0 fnt\n|faint|p1b: Seoul\n|-hitcount|p1: Seoul|5\n|move|p1a: Staraptor|Brave Bird|p2b: Cinccino\n|-damage|p2b: Cinccino|0 fnt\n|faint|p2b: Cinccino\n|-damage|p1a: Staraptor|70\/100|[from] Recoil\n|move|p2a: Primarina|Surf|p1a: Staraptor\n|-damage|p1a: Staraptor|0 fnt\n|faint|p1a: Staraptor\n|\n|upkeep\n|\n|t:|1699677923\n|switch|p2b: Gliscor|Gliscor, M|36\/100 tox\n|switch|p1b: Lycanroc|Lycanroc-Midnight, M|100\/100\n|-status|p1b: Lycanroc|psn\n|turn|7\n|\n|t:|1699677931\n|move|p2b: Gliscor|Swords Dance|p2b: Gliscor\n|-boost|p2b: Gliscor|atk|2\n|move|p2a: Primarina|Moonblast|p1b: Lycanroc\n|-damage|p1b: Lycanroc|36\/100 psn\n|move|p1b: Lycanroc|Counter||[still]\n|-fail|p1b: Lycanroc\n|\n|-damage|p1b: Lycanroc|23\/100 psn|[from] psn\n|-heal|p2b: Gliscor|48\/100 tox|[from] ability: Poison Heal\n|upkeep\n|turn|8\n|\n|t:|1699677947\n|move|p1b: Lycanroc|Stone Edge|p2b: Gliscor\n|-damage|p2b: Gliscor|13\/100 tox\n|move|p2b: Gliscor|Baton Pass|p2b: Gliscor\n|\n|t:|1699677951\n|switch|p2b: Rillaboom|Rillaboom, M, tera:Grass|11\/100 frz|[from] Baton Pass\n|-fieldstart|move: Grassy Terrain|[from] ability: Grassy Surge|[of] p2b: Rillaboom\n|move|p2a: Primarina|Moonblast|p1b: Lycanroc\n|-damage|p1b: Lycanroc|0 fnt\n|faint|p1b: Lycanroc\n|\n|win|Water043969\n|l|\u2606Shadowburner058\n","uploadtime":1699677962,"views":10,"p1id":"shadowburner058","p2id":"water043969","formatid":"gen9nationaldexdoubles","rating":0,"private":0,"password":""}