{"id":"gen9nationaldexdoubles-1993198197","p1":"VenoCancer","p2":"Shazamwhich","format":"[Gen 9] National Dex Doubles","log":"|j|\u2606VenoCancer\n|j|\u2606Shazamwhich\n|t:|1700276895\n|gametype|doubles\n|player|p1|VenoCancer|roxie|1146\n|player|p2|Shazamwhich|brendan-gen3|1327\n|teamsize|p1|6\n|teamsize|p2|6\n|gen|9\n|tier|[Gen 9] National Dex Doubles\n|rated|\n|rule|HP Percentage Mod: HP is shown in percentages\n|rule|Endless Battle Clause: Forcing endless battles is banned\n|rule|OHKO Clause: OHKO moves are banned\n|rule|Evasion Moves Clause: Evasion moves are banned\n|rule|Evasion Abilities Clause: Evasion abilities are banned\n|rule|Species Clause: Limit one of each Pok\u00e9mon\n|rule|Gravity Sleep Clause: The combination of sleep-inducing moves with imperfect accuracy and Gravity or Gigantamax Orbeetle are banned\n|clearpoke\n|poke|p1|Oricorio-Pom-Pom, F|\n|poke|p1|Volcarona, M|\n|poke|p1|Lilligant, F|\n|poke|p1|Murkrow, F|\n|poke|p1|Arboliva, F|\n|poke|p1|Vivillon-Pokeball, M|\n|poke|p2|Zamazenta-*|\n|poke|p2|Grimmsnarl, M|\n|poke|p2|Landorus-Therian, M|\n|poke|p2|Sinistcha-Masterpiece|\n|poke|p2|Diancie|\n|poke|p2|Walking Wake|\n|teampreview\n|inactive|Battle timer is ON: inactive players will automatically lose when time's up. (requested by Shazamwhich)\n|inactive|VenoCancer also wants the timer to be on.\n|\n|t:|1700276917\n|start\n|switch|p1a: Murkrow|Murkrow, F|100\/100\n|switch|p1b: Vivillon|Vivillon-Pokeball, M|100\/100\n|switch|p2a: Grimmsnarl|Grimmsnarl, M|100\/100\n|switch|p2b: Ring Pop|Diancie|100\/100\n|turn|1\n|\n|t:|1700276936\n|detailschange|p2b: Ring Pop|Diancie-Mega\n|-mega|p2b: Ring Pop|Diancie|Diancite\n|move|p1a: Murkrow|Tailwind|p1a: Murkrow\n|-sidestart|p1: VenoCancer|move: Tailwind\n|move|p2a: Grimmsnarl|Light Screen|p2a: Grimmsnarl\n|-sidestart|p2: Shazamwhich|move: Light Screen\n|move|p1b: Vivillon|Sleep Powder|p2a: Grimmsnarl\n|-status|p2a: Grimmsnarl|slp|[from] move: Sleep Powder\n|move|p2b: Ring Pop|Diamond Storm|p1b: Vivillon|[spread] p1a,p1b\n|-supereffective|p1a: Murkrow\n|-supereffective|p1b: Vivillon\n|-damage|p1a: Murkrow|0 fnt\n|-enditem|p1b: Vivillon|Focus Sash\n|-damage|p1b: Vivillon|1\/100\n|faint|p1a: Murkrow\n|\n|upkeep\n|\n|t:|1700276949\n|switch|p1a: Oricorio|Oricorio-Pom-Pom, F|100\/100\n|turn|2\n|\n|t:|1700276969\n|switch|p2a: Landorus|Landorus-Therian, M|100\/100\n|-ability|p2a: Landorus|Intimidate|boost\n|-unboost|p1a: Oricorio|atk|1\n|-unboost|p1b: Vivillon|atk|1\n|move|p1a: Oricorio|Protect|p1a: Oricorio\n|-singleturn|p1a: Oricorio|Protect\n|move|p1b: Vivillon|Quiver Dance|p1b: Vivillon\n|-boost|p1b: Vivillon|spa|1\n|-boost|p1b: Vivillon|spd|1\n|-boost|p1b: Vivillon|spe|1\n|-activate|p1a: Oricorio|ability: Dancer\n|move|p1a: Oricorio|Quiver Dance|p1a: Oricorio|[from]ability: Dancer\n|-boost|p1a: Oricorio|spa|1\n|-boost|p1a: Oricorio|spd|1\n|-boost|p1a: Oricorio|spe|1\n|move|p2b: Ring Pop|Diamond Storm|p1b: Vivillon|[spread] p1b\n|-activate|p1a: Oricorio|move: Protect\n|-supereffective|p1b: Vivillon\n|-damage|p1b: Vivillon|0 fnt\n|-boost|p2b: Ring Pop|def|2\n|faint|p1b: Vivillon\n|\n|upkeep\n|\n|t:|1700276992\n|switch|p1b: Arboliva|Arboliva, F|100\/100\n|turn|3\n|inactive|VenoCancer has 120 seconds left.\n|\n|t:|1700277028\n|-terastallize|p1a: Oricorio|Electric\n|move|p1a: Oricorio|Revelation Dance|p2b: Ring Pop\n|-damage|p2b: Ring Pop|25\/100\n|move|p2a: Landorus|U-turn|p1b: Arboliva\n|-supereffective|p1b: Arboliva\n|-damage|p1b: Arboliva|45\/100\n|-fieldstart|move: Grassy Terrain|[from] ability: Seed Sower|[of] p1b: Arboliva\n|inactive|Shazamwhich has 120 seconds left.\n|\n|t:|1700277062\n|switch|p2a: Zamazenta|Zamazenta|100\/100|[from] U-turn\n|-ability|p2a: Zamazenta|Dauntless Shield|boost\n|-boost|p2a: Zamazenta|def|1\n|move|p2b: Ring Pop|Diamond Storm|p1b: Arboliva|[spread] p1a,p1b\n|-damage|p1a: Oricorio|51\/100\n|-damage|p1b: Arboliva|6\/100\n|-boost|p2b: Ring Pop|def|2\n|move|p1b: Arboliva|Petal Dance|p2b: Ring Pop\n|-supereffective|p2b: Ring Pop\n|-damage|p2b: Ring Pop|0 fnt\n|faint|p2b: Ring Pop\n|-activate|p1a: Oricorio|ability: Dancer\n|move|p1a: Oricorio|Petal Dance|p2a: Zamazenta|[from]ability: Dancer\n|-damage|p2a: Zamazenta|60\/100\n|\n|-heal|p1a: Oricorio|58\/100|[from] Grassy Terrain\n|-heal|p2a: Zamazenta|66\/100|[from] Grassy Terrain\n|-heal|p1b: Arboliva|12\/100|[from] Grassy Terrain\n|upkeep\n|inactive|Shazamwhich has 90 seconds left.\n|\n|t:|1700277083\n|switch|p2b: Landorus|Landorus-Therian, M|100\/100\n|-ability|p2b: Landorus|Intimidate|boost\n|-unboost|p1a: Oricorio|atk|1\n|-unboost|p1b: Arboliva|atk|1\n|turn|4\n|\n|t:|1700277097\n|move|p1a: Oricorio|Protect|p1a: Oricorio\n|-singleturn|p1a: Oricorio|Protect\n|move|p2a: Zamazenta|Protect|p2a: Zamazenta\n|-singleturn|p2a: Zamazenta|Protect\n|move|p2b: Landorus|Earthquake|p1b: Arboliva|[spread] p1b\n|-activate|p2a: Zamazenta|move: Protect\n|-activate|p1a: Oricorio|move: Protect\n|-resisted|p1b: Arboliva\n|-damage|p1b: Arboliva|0 fnt\n|faint|p1b: Arboliva\n|\n|-heal|p1a: Oricorio|64\/100|[from] Grassy Terrain\n|-heal|p2a: Zamazenta|72\/100|[from] Grassy Terrain\n|-sideend|p1: VenoCancer|move: Tailwind\n|upkeep\n|\n|t:|1700277118\n|switch|p1b: Lilligant|Lilligant, F|100\/100\n|turn|5\n|\n|t:|1700277128\n|move|p2b: Landorus|Earthquake|p1a: Oricorio|[spread] p2a,p1a,p1b\n|-supereffective|p1a: Oricorio\n|-resisted|p1b: Lilligant\n|-damage|p2a: Zamazenta|62\/100\n|-damage|p1a: Oricorio|6\/100\n|-damage|p1b: Lilligant|82\/100\n|move|p1a: Oricorio|Air Slash|p2b: Landorus\n|-damage|p2b: Landorus|53\/100\n|move|p2a: Zamazenta|Body Press|p1b: Lilligant\n|-damage|p1b: Lilligant|0 fnt\n|faint|p1b: Lilligant\n|-damage|p2a: Zamazenta|53\/100|[from] item: Life Orb\n|\n|-heal|p1a: Oricorio|12\/100|[from] Grassy Terrain\n|-heal|p2a: Zamazenta|59\/100|[from] Grassy Terrain\n|upkeep\n|c|\u2606Shazamwhich|gg\n|-message|VenoCancer forfeited.\n|\n|win|Shazamwhich\n|raw|VenoCancer's rating: 1146 &rarr; <strong>1133<\/strong><br \/>(-13 for losing)\n|raw|Shazamwhich's rating: 1327 &rarr; <strong>1337<\/strong><br \/>(+10 for winning)\n|l|\u2606VenoCancer\n","uploadtime":1700277150,"views":14,"p1id":"venocancer","p2id":"shazamwhich","formatid":"gen9nationaldexdoubles","rating":1133,"private":0,"password":""}