{"id":"gen9nationaldexdoubles-1950629807","p1":"Thalassophobia","p2":"Theadonia","format":"[Gen 9] National Dex Doubles","log":"|j|\u2606Thalassophobia\n|j|\u2606Theadonia\n|t:|1695491392\n|gametype|doubles\n|player|p1|Thalassophobia|pokekid|1132\n|player|p2|Theadonia|caitlin|1310\n|teamsize|p1|6\n|teamsize|p2|6\n|gen|9\n|tier|[Gen 9] National Dex Doubles\n|rated|\n|rule|HP Percentage Mod: HP is shown in percentages\n|rule|Endless Battle Clause: Forcing endless battles is banned\n|rule|OHKO Clause: OHKO moves are banned\n|rule|Evasion Moves Clause: Evasion moves are banned\n|rule|Evasion Abilities Clause: Evasion abilities are banned\n|rule|Species Clause: Limit one of each Pok\u00e9mon\n|rule|Gravity Sleep Clause: The combination of sleep-inducing moves with imperfect accuracy and Gravity or Gigantamax Orbeetle are banned\n|clearpoke\n|poke|p1|Vaporeon, M|\n|poke|p1|Sylveon, F|\n|poke|p1|Glaceon, M|\n|poke|p1|Aurorus, F|\n|poke|p1|Ambipom, M|\n|poke|p1|Breloom, F|\n|poke|p2|Delphox, F|\n|poke|p2|Oricorio-Sensu, F|\n|poke|p2|Kommo-o, M|\n|poke|p2|Smeargle, M|\n|poke|p2|Comfey, M|\n|poke|p2|Manaphy|\n|teampreview\n|inactive|Battle timer is ON: inactive players will automatically lose when time's up. (requested by Thalassophobia)\n|\n|t:|1695491403\n|start\n|switch|p1a: Ambipom|Ambipom, M|100\/100\n|switch|p1b: Breloom|Breloom, F|100\/100\n|switch|p2a: Oricorio|Oricorio-Sensu, F|100\/100\n|switch|p2b: Comfey|Comfey, M|100\/100\n|turn|1\n|\n|t:|1695491418\n|move|p1a: Ambipom|Fake Out|p2b: Comfey\n|-damage|p2b: Comfey|46\/100\n|-damage|p1a: Ambipom|91\/100|[from] item: Life Orb\n|cant|p2b: Comfey|flinch\n|move|p2a: Oricorio|Substitute|p2a: Oricorio\n|-start|p2a: Oricorio|Substitute\n|-damage|p2a: Oricorio|75\/100\n|move|p1b: Breloom|Spore||[still]\n|-fail|p1b: Breloom\n|\n|-heal|p2b: Comfey|52\/100|[from] item: Leftovers\n|-status|p1b: Breloom|tox|[from] item: Toxic Orb\n|upkeep\n|turn|2\n|\n|t:|1695491447\n|move|p1a: Ambipom|U-turn|p2a: Oricorio\n|-resisted|p2a: Oricorio\n|-activate|p2a: Oricorio|move: Substitute|[damage]\n|-damage|p1a: Ambipom|81\/100|[from] item: Life Orb\n|inactive|Thalassophobia has 120 seconds left.\n|\n|t:|1695491461\n|switch|p1a: Aurorus|Aurorus, F|100\/100|[from] U-turn\n|-weather|Snow|[from] ability: Snow Warning|[of] p1a: Aurorus\n|move|p2b: Comfey|Role Play|p2a: Oricorio\n|-endability|p2b: Comfey|Triage|[from] move: Role Play\n|-ability|p2b: Comfey|Dancer|[from] move: Role Play|[of] p2a: Oricorio\n|move|p2a: Oricorio|Quiver Dance|p2a: Oricorio\n|-boost|p2a: Oricorio|spa|1\n|-boost|p2a: Oricorio|spd|1\n|-boost|p2a: Oricorio|spe|1\n|-activate|p2b: Comfey|ability: Dancer\n|move|p2b: Comfey|Quiver Dance|p2b: Comfey|[from]ability: Dancer\n|-boost|p2b: Comfey|spa|1\n|-boost|p2b: Comfey|spd|1\n|-boost|p2b: Comfey|spe|1\n|move|p1b: Breloom|Spore|p2b: Comfey\n|-status|p2b: Comfey|slp|[from] move: Spore\n|\n|-weather|Snow|[upkeep]\n|-heal|p2b: Comfey|58\/100 slp|[from] item: Leftovers\n|upkeep\n|turn|3\n|inactive|Thalassophobia has 120 seconds left.\n|\n|t:|1695491489\n|cant|p2b: Comfey|slp\n|move|p2a: Oricorio|Quiver Dance|p2a: Oricorio\n|-boost|p2a: Oricorio|spa|1\n|-boost|p2a: Oricorio|spd|1\n|-boost|p2a: Oricorio|spe|1\n|-activate|p2b: Comfey|ability: Dancer\n|-curestatus|p2b: Comfey|slp|[msg]\n|move|p2b: Comfey|Quiver Dance|p2b: Comfey|[from]ability: Dancer\n|-boost|p2b: Comfey|spa|1\n|-boost|p2b: Comfey|spd|1\n|-boost|p2b: Comfey|spe|1\n|move|p1b: Breloom|Leech Seed|p2b: Comfey|[miss]\n|-miss|p1b: Breloom|p2b: Comfey\n|move|p1a: Aurorus|Blizzard|p2a: Oricorio|[spread] p2a,p2b\n|-supereffective|p2a: Oricorio\n|-end|p2a: Oricorio|Substitute\n|-damage|p2b: Comfey|32\/100\n|\n|-weather|Snow|[upkeep]\n|-heal|p2b: Comfey|38\/100|[from] item: Leftovers\n|upkeep\n|turn|4\n|inactive|Thalassophobia has 120 seconds left.\n|\n|t:|1695491515\n|move|p1b: Breloom|Protect|p1b: Breloom\n|-singleturn|p1b: Breloom|Protect\n|move|p2b: Comfey|Giga Drain|p1a: Aurorus\n|-supereffective|p1a: Aurorus\n|-damage|p1a: Aurorus|40\/100\n|-heal|p2b: Comfey|94\/100|[from] drain|[of] p1a: Aurorus\n|move|p2a: Oricorio|Revelation Dance|p1b: Breloom\n|-activate|p1b: Breloom|move: Protect\n|move|p1a: Aurorus|Blizzard|p2b: Comfey|[spread] p2a,p2b\n|-supereffective|p2a: Oricorio\n|-damage|p2a: Oricorio|27\/100\n|-damage|p2b: Comfey|66\/100\n|\n|-weather|Snow|[upkeep]\n|-heal|p2b: Comfey|73\/100|[from] item: Leftovers\n|-heal|p1a: Aurorus|47\/100|[from] item: Leftovers\n|upkeep\n|turn|5\n|\n|t:|1695491537\n|switch|p1b: Glaceon|Glaceon, M, shiny|100\/100\n|-terastallize|p1a: Aurorus|Electric\n|move|p2b: Comfey|Floral Healing|p2a: Oricorio\n|-heal|p2a: Oricorio|77\/100\n|move|p2a: Oricorio|Revelation Dance|p1a: Aurorus\n|-crit|p1a: Aurorus\n|-damage|p1a: Aurorus|0 fnt\n|faint|p1a: Aurorus\n|-activate|p2b: Comfey|ability: Dancer\n|move|p2b: Comfey|Revelation Dance|p1b: Glaceon|[from]ability: Dancer\n|-damage|p1b: Glaceon|6\/100\n|\n|-weather|Snow|[upkeep]\n|-heal|p1b: Glaceon|12\/100|[from] ability: Ice Body\n|-heal|p2b: Comfey|79\/100|[from] item: Leftovers\n|upkeep\n|inactive|Thalassophobia has 120 seconds left.\n|\n|t:|1695491553\n|switch|p1a: Ambipom|Ambipom, M|81\/100\n|turn|6\n|\n|t:|1695491563\n|move|p1a: Ambipom|Fake Out|p2b: Comfey\n|-damage|p2b: Comfey|28\/100\n|-damage|p1a: Ambipom|71\/100|[from] item: Life Orb\n|cant|p2b: Comfey|flinch\n|move|p2a: Oricorio|Revelation Dance|p1b: Glaceon\n|-damage|p1b: Glaceon|0 fnt\n|faint|p1b: Glaceon\n|-activate|p2b: Comfey|ability: Dancer\n|cant|p2b: Comfey|flinch\n|\n|-weather|none\n|-heal|p2b: Comfey|35\/100|[from] item: Leftovers\n|upkeep\n|\n|t:|1695491572\n|switch|p1b: Breloom|Breloom, F|100\/100 tox\n|turn|7\n|\n|t:|1695491585\n|move|p2b: Comfey|Draining Kiss|p1b: Breloom\n|-supereffective|p1b: Breloom\n|-damage|p1b: Breloom|0 fnt\n|-heal|p2b: Comfey|100\/100|[from] drain|[of] p1b: Breloom\n|faint|p1b: Breloom\n|move|p2a: Oricorio|Revelation Dance|p1a: Ambipom\n|-immune|p1a: Ambipom\n|move|p1a: Ambipom|Double-Edge|p2b: Comfey\n|-damage|p2b: Comfey|0 fnt\n|faint|p2b: Comfey\n|-damage|p1a: Ambipom|43\/100|[from] Recoil\n|-damage|p1a: Ambipom|33\/100|[from] item: Life Orb\n|\n|upkeep\n|\n|t:|1695491603\n|switch|p2b: Kommo-o|Kommo-o, M|100\/100\n|switch|p1b: Sylveon|Sylveon, F|100\/100\n|turn|8\n|\n|t:|1695491612\n|move|p2a: Oricorio|Revelation Dance|p1b: Sylveon\n|-damage|p1b: Sylveon|72\/100\n|move|p1a: Ambipom|U-turn|p2a: Oricorio\n|-resisted|p2a: Oricorio\n|-damage|p2a: Oricorio|71\/100\n|-damage|p1a: Ambipom|23\/100|[from] item: Life Orb\n|\n|t:|1695491619\n|switch|p1a: Vaporeon|Vaporeon, M|100\/100|[from] U-turn\n|move|p2b: Kommo-o|Clangorous Soul|p2b: Kommo-o\n|-boost|p2b: Kommo-o|atk|1\n|-boost|p2b: Kommo-o|def|1\n|-boost|p2b: Kommo-o|spa|1\n|-boost|p2b: Kommo-o|spd|1\n|-boost|p2b: Kommo-o|spe|1\n|-damage|p2b: Kommo-o|68\/100\n|-activate|p2a: Oricorio|ability: Dancer\n|move|p2a: Oricorio|Clangorous Soul|p2a: Oricorio|[from]ability: Dancer\n|-boost|p2a: Oricorio|atk|1\n|-boost|p2a: Oricorio|def|1\n|-boost|p2a: Oricorio|spa|1\n|-boost|p2a: Oricorio|spd|1\n|-boost|p2a: Oricorio|spe|1\n|-damage|p2a: Oricorio|38\/100\n|move|p1b: Sylveon|Hyper Voice|p2a: Oricorio|[spread] p2a\n|-immune|p2b: Kommo-o|[from] ability: Soundproof\n|-damage|p2a: Oricorio|18\/100\n|-enditem|p2a: Oricorio|Aguav Berry|[eat]\n|-heal|p2a: Oricorio|51\/100|[from] item: Aguav Berry\n|\n|upkeep\n|turn|9\n|inactive|Theadonia has 120 seconds left.\n|\n|t:|1695491655\n|move|p2a: Oricorio|Roost|p2a: Oricorio\n|-heal|p2a: Oricorio|100\/100\n|-singleturn|p2a: Oricorio|move: Roost\n|-zpower|p2b: Kommo-o\n|move|p2b: Kommo-o|Clangorous Soulblaze|p1b: Sylveon|[zeffect]|[spread] p1a\n|-immune|p1b: Sylveon\n|-damage|p1a: Vaporeon|44\/100\n|-boost|p2b: Kommo-o|atk|1\n|-boost|p2b: Kommo-o|def|1\n|-boost|p2b: Kommo-o|spa|1\n|-boost|p2b: Kommo-o|spd|1\n|-boost|p2b: Kommo-o|spe|1\n|move|p1a: Vaporeon|Ice Beam|p2b: Kommo-o\n|-supereffective|p2b: Kommo-o\n|-damage|p2b: Kommo-o|32\/100\n|move|p1b: Sylveon|Draining Kiss|p2b: Kommo-o\n|-supereffective|p2b: Kommo-o\n|-damage|p2b: Kommo-o|0 fnt\n|-heal|p1b: Sylveon|89\/100|[from] drain|[of] p2b: Kommo-o\n|faint|p2b: Kommo-o\n|\n|-heal|p1a: Vaporeon|50\/100|[from] item: Leftovers\n|upkeep\n|\n|t:|1695491681\n|switch|p2b: Delphox|Delphox, F|100\/100\n|turn|10\n|\n|t:|1695491693\n|move|p2a: Oricorio|Revelation Dance|p1b: Sylveon\n|-damage|p1b: Sylveon|53\/100\n|move|p2b: Delphox|Heat Wave|p1b: Sylveon|[spread] p1a,p1b\n|-resisted|p1a: Vaporeon\n|-damage|p1a: Vaporeon|38\/100\n|-damage|p1b: Sylveon|36\/100\n|-status|p1a: Vaporeon|brn\n|move|p1a: Vaporeon|Scald|p2b: Delphox\n|-supereffective|p2b: Delphox\n|-damage|p2b: Delphox|10\/100\n|move|p1b: Sylveon|Hyper Voice|p2a: Oricorio|[spread] p2a,p2b\n|-resisted|p2b: Delphox\n|-damage|p2a: Oricorio|80\/100\n|-damage|p2b: Delphox|0 fnt\n|faint|p2b: Delphox\n|\n|-heal|p1a: Vaporeon|44\/100 brn|[from] item: Leftovers\n|-damage|p1a: Vaporeon|38\/100 brn|[from] brn\n|upkeep\n|\n|t:|1695491704\n|switch|p2b: Smeargle|Smeargle, M|100\/100\n|turn|11\n|\n|t:|1695491712\n|move|p2a: Oricorio|Quiver Dance|p2a: Oricorio\n|-boost|p2a: Oricorio|spa|1\n|-boost|p2a: Oricorio|spd|1\n|-boost|p2a: Oricorio|spe|1\n|move|p2b: Smeargle|Spore|p1b: Sylveon\n|-status|p1b: Sylveon|slp|[from] move: Spore\n|move|p1a: Vaporeon|Heal Bell|p1a: Vaporeon\n|-activate|p1a: Vaporeon|move: Heal Bell\n|-curestatus|p1a: Vaporeon|brn|[msg]\n|-curestatus|p1b: Sylveon|slp|[msg]\n|move|p1b: Sylveon|Hyper Voice|p2a: Oricorio|[spread] p2a,p2b\n|-damage|p2a: Oricorio|63\/100\n|-damage|p2b: Smeargle|18\/100\n|\n|-heal|p1a: Vaporeon|44\/100|[from] item: Leftovers\n|upkeep\n|turn|12\n|\n|t:|1695491728\n|move|p2a: Oricorio|Quiver Dance|p2a: Oricorio\n|-boost|p2a: Oricorio|spa|1\n|-boost|p2a: Oricorio|spd|1\n|-boost|p2a: Oricorio|spe|1\n|move|p2b: Smeargle|Destiny Bond|p2b: Smeargle\n|-singlemove|p2b: Smeargle|Destiny Bond\n|move|p1a: Vaporeon|Scald|p2b: Smeargle\n|-damage|p2b: Smeargle|0 fnt\n|faint|p2b: Smeargle\n|-activate|p2b: Smeargle|move: Destiny Bond\n|faint|p1a: Vaporeon\n|move|p1b: Sylveon|Hyper Voice|p2a: Oricorio\n|-damage|p2a: Oricorio|43\/100\n|\n|upkeep\n|\n|t:|1695491740\n|switch|p2b: Manaphy|Manaphy|100\/100\n|switch|p1a: Ambipom|Ambipom, M|23\/100\n|turn|13\n|\n|t:|1695491753\n|move|p1a: Ambipom|Fake Out|p2b: Manaphy\n|-crit|p2b: Manaphy\n|-damage|p2b: Manaphy|60\/100\n|-damage|p1a: Ambipom|13\/100|[from] item: Life Orb\n|move|p2a: Oricorio|Revelation Dance|p1b: Sylveon\n|-damage|p1b: Sylveon|0 fnt\n|faint|p1b: Sylveon\n|cant|p2b: Manaphy|flinch\n|\n|-heal|p2b: Manaphy|66\/100|[from] item: Leftovers\n|upkeep\n|turn|14\n|\n|t:|1695491766\n|move|p2a: Oricorio|Roost|p2a: Oricorio\n|-heal|p2a: Oricorio|93\/100\n|-singleturn|p2a: Oricorio|move: Roost\n|move|p1a: Ambipom|Double-Edge|p2b: Manaphy\n|-damage|p2b: Manaphy|5\/100\n|-damage|p1a: Ambipom|0 fnt|[from] Recoil\n|faint|p1a: Ambipom\n|\n|win|Theadonia\n|raw|Thalassophobia's rating: 1132 &rarr; <strong>1119<\/strong><br \/>(-13 for losing)\n|raw|Theadonia's rating: 1310 &rarr; <strong>1321<\/strong><br \/>(+11 for winning)\n|l|\u2606Thalassophobia\n","uploadtime":1695491777,"views":10,"p1id":"thalassophobia","p2id":"theadonia","formatid":"gen9nationaldexdoubles","rating":1119,"private":0,"password":""}