{"id":"gen9nationaldexdoubles-1967144466","p1":"Hunter13004","p2":"Humilau3529","format":"[Gen 9] National Dex Doubles","log":"|j|\u2606Hunter13004\n|j|\u2606Humilau3529\n|t:|1697260505\n|gametype|doubles\n|player|p1|Hunter13004|169|\n|player|p2|Humilau3529|policeman-gen4|\n|teamsize|p1|6\n|teamsize|p2|6\n|gen|9\n|tier|[Gen 9] National Dex Doubles\n|rule|HP Percentage Mod: HP is shown in percentages\n|rule|Endless Battle Clause: Forcing endless battles is banned\n|rule|OHKO Clause: OHKO moves are banned\n|rule|Evasion Moves Clause: Evasion moves are banned\n|rule|Evasion Abilities Clause: Evasion abilities are banned\n|rule|Species Clause: Limit one of each Pok\u00e9mon\n|rule|Gravity Sleep Clause: The combination of sleep-inducing moves with imperfect accuracy and Gravity or Gigantamax Orbeetle are banned\n|clearpoke\n|poke|p1|Amoonguss, M|\n|poke|p1|Type: Null|\n|poke|p1|Swampert, M|\n|poke|p1|Ursaluna, F|\n|poke|p1|Incineroar, M|\n|poke|p1|Iron Bundle|\n|poke|p2|Iron Hands|\n|poke|p2|Dusclops, M|\n|poke|p2|Latias, F|\n|poke|p2|Pachirisu, M|\n|poke|p2|Conkeldurr, F|\n|poke|p2|Stantler, M|\n|teampreview\n|j| CluelessGamer18\n|j| tomciv20\n|\n|t:|1697260533\n|start\n|switch|p1a: Ursaluna|Ursaluna, F|100\/100\n|switch|p1b: Iron Bundle|Iron Bundle|100\/100\n|switch|p2a: Iron Hand DeezNuts|Iron Hands, shiny|100\/100\n|switch|p2b: Sir Dus of Clops|Dusclops, M|100\/100\n|-ability|p2b: Sir Dus of Clops|Pressure\n|-enditem|p1b: Iron Bundle|Booster Energy\n|-activate|p1b: Iron Bundle|ability: Quark Drive|[fromitem]\n|-start|p1b: Iron Bundle|quarkdrivespa\n|turn|1\n|\n|t:|1697260576\n|move|p1b: Iron Bundle|Protect|p1b: Iron Bundle\n|-singleturn|p1b: Iron Bundle|Protect\n|move|p2a: Iron Hand DeezNuts|Fake Out|p1b: Iron Bundle\n|-activate|p1b: Iron Bundle|move: Protect\n|move|p1a: Ursaluna|Swords Dance|p1a: Ursaluna\n|-boost|p1a: Ursaluna|atk|2\n|move|p2b: Sir Dus of Clops|Trick Room|p2b: Sir Dus of Clops\n|-fieldstart|move: Trick Room|[of] p2b: Sir Dus of Clops\n|\n|-status|p1a: Ursaluna|brn|[from] item: Flame Orb\n|upkeep\n|turn|2\n|\n|t:|1697260622\n|move|p2b: Sir Dus of Clops|Helping Hand|p2a: Iron Hand DeezNuts\n|-singleturn|p2a: Iron Hand DeezNuts|Helping Hand|[of] p2b: Sir Dus of Clops\n|move|p1a: Ursaluna|Facade|p2a: Iron Hand DeezNuts\n|-damage|p2a: Iron Hand DeezNuts|0 fnt\n|faint|p2a: Iron Hand DeezNuts\n|-end|p2a: Iron Hand DeezNuts|Quark Drive|[silent]\n|move|p1b: Iron Bundle|Ice Beam|p2b: Sir Dus of Clops\n|-damage|p2b: Sir Dus of Clops|65\/100\n|\n|-damage|p1a: Ursaluna|94\/100 brn|[from] brn\n|upkeep\n|\n|t:|1697260632\n|switch|p2a: Miss Thigh Crusher|Conkeldurr, F, shiny|100\/100\n|turn|3\n|\n|t:|1697260661\n|move|p2b: Sir Dus of Clops|Helping Hand|p2a: Miss Thigh Crusher\n|-singleturn|p2a: Miss Thigh Crusher|Helping Hand|[of] p2b: Sir Dus of Clops\n|move|p1a: Ursaluna|Facade|p2a: Miss Thigh Crusher\n|-damage|p2a: Miss Thigh Crusher|0 fnt\n|faint|p2a: Miss Thigh Crusher\n|move|p1b: Iron Bundle|Ice Beam|p2b: Sir Dus of Clops\n|-damage|p2b: Sir Dus of Clops|33\/100\n|\n|-damage|p1a: Ursaluna|88\/100 brn|[from] brn\n|upkeep\n|\n|t:|1697260701\n|switch|p2a: Stitler|Stantler, M|100\/100\n|-ability|p2a: Stitler|Intimidate|boost\n|-unboost|p1a: Ursaluna|atk|1\n|-unboost|p1b: Iron Bundle|atk|1\n|turn|4\n|\n|t:|1697260740\n|move|p2b: Sir Dus of Clops|Pain Split|p1a: Ursaluna\n|-sethp|p1a: Ursaluna|54\/100 brn|[from] move: Pain Split|[silent]\n|-sethp|p2b: Sir Dus of Clops|88\/100|[from] move: Pain Split\n|move|p1a: Ursaluna|Facade|p2a: Stitler\n|-damage|p2a: Stitler|0 fnt\n|faint|p2a: Stitler\n|move|p1b: Iron Bundle|Ice Beam|p2b: Sir Dus of Clops\n|-damage|p2b: Sir Dus of Clops|56\/100\n|\n|-damage|p1a: Ursaluna|48\/100 brn|[from] brn\n|upkeep\n|\n|t:|1697260771\n|switch|p2a: Sir Pach of Irisu|Pachirisu, M|100\/100\n|turn|5\n|\n|t:|1697260812\n|move|p2a: Sir Pach of Irisu|Protect|p2a: Sir Pach of Irisu\n|-singleturn|p2a: Sir Pach of Irisu|Protect\n|move|p2b: Sir Dus of Clops|Pain Split|p1b: Iron Bundle\n|-sethp|p1b: Iron Bundle|75\/100|[from] move: Pain Split|[silent]\n|-sethp|p2b: Sir Dus of Clops|84\/100|[from] move: Pain Split\n|move|p1a: Ursaluna|Facade|p2a: Sir Pach of Irisu\n|-activate|p2a: Sir Pach of Irisu|move: Protect\n|move|p1b: Iron Bundle|Hydro Pump|p2b: Sir Dus of Clops\n|-damage|p2b: Sir Dus of Clops|42\/100\n|\n|-damage|p1a: Ursaluna|42\/100 brn|[from] brn\n|-fieldend|move: Trick Room\n|upkeep\n|turn|6\n|\n|t:|1697260916\n|move|p1b: Iron Bundle|Ice Beam|p2b: Sir Dus of Clops\n|-damage|p2b: Sir Dus of Clops|7\/100\n|move|p2a: Sir Pach of Irisu|Nuzzle|p1b: Iron Bundle\n|-supereffective|p1b: Iron Bundle\n|-damage|p1b: Iron Bundle|68\/100\n|-status|p1b: Iron Bundle|par\n|move|p1a: Ursaluna|Facade|p2a: Sir Pach of Irisu\n|-damage|p2a: Sir Pach of Irisu|0 fnt\n|faint|p2a: Sir Pach of Irisu\n|move|p2b: Sir Dus of Clops|Night Shade|p1b: Iron Bundle\n|-damage|p1b: Iron Bundle|36\/100 par\n|\n|-damage|p1a: Ursaluna|36\/100 brn|[from] brn\n|upkeep\n|\n|t:|1697260930\n|switch|p2a: Latiass|Latias, F|100\/100\n|turn|7\n|\n|t:|1697260970\n|-end|p1b: Iron Bundle|Quark Drive|[silent]\n|switch|p1b: Type: Null|Type: Null|100\/100\n|detailschange|p2a: Latiass|Latias-Mega, F\n|-mega|p2a: Latiass|Latias|Latiasite\n|move|p2a: Latiass|Psychic|p1a: Ursaluna\n|-damage|p1a: Ursaluna|0 fnt\n|faint|p1a: Ursaluna\n|move|p2b: Sir Dus of Clops|Pain Split|p1b: Type: Null\n|-sethp|p1b: Type: Null|53\/100|[from] move: Pain Split|[silent]\n|-sethp|p2b: Sir Dus of Clops|62\/100|[from] move: Pain Split\n|\n|upkeep\n|\n|t:|1697260990\n|switch|p1a: Amoonguss|Amoonguss, M|100\/100\n|turn|8\n|\n|t:|1697261134\n|move|p2b: Sir Dus of Clops|Helping Hand|p2a: Latiass\n|-singleturn|p2a: Latiass|Helping Hand|[of] p2b: Sir Dus of Clops\n|move|p1b: Type: Null|Protect|p1b: Type: Null\n|-singleturn|p1b: Type: Null|Protect\n|move|p2a: Latiass|Psychic|p1a: Amoonguss\n|-supereffective|p1a: Amoonguss\n|-damage|p1a: Amoonguss|0 fnt\n|faint|p1a: Amoonguss\n|\n|upkeep\n|\n|t:|1697261151\n|switch|p1a: Swampert|Swampert, M|100\/100\n|turn|9\n|\n|t:|1697261192\n|detailschange|p1a: Swampert|Swampert-Mega, M\n|-mega|p1a: Swampert|Swampert|Swampertite\n|move|p1b: Type: Null|Protect||[still]\n|-fail|p1b: Type: Null\n|move|p2a: Latiass|Psychic|p1b: Type: Null\n|-damage|p1b: Type: Null|25\/100\n|move|p1a: Swampert|Yawn|p2a: Latiass\n|-start|p2a: Latiass|move: Yawn|[of] p1a: Swampert\n|move|p2b: Sir Dus of Clops|Pain Split|p1a: Swampert\n|-sethp|p1a: Swampert|76\/100|[from] move: Pain Split|[silent]\n|-sethp|p2b: Sir Dus of Clops|91\/100|[from] move: Pain Split\n|\n|upkeep\n|turn|10\n|\n|t:|1697261255\n|move|p2b: Sir Dus of Clops|Helping Hand|p2a: Latiass\n|-singleturn|p2a: Latiass|Helping Hand|[of] p2b: Sir Dus of Clops\n|move|p1b: Type: Null|Protect|p1b: Type: Null\n|-singleturn|p1b: Type: Null|Protect\n|move|p2a: Latiass|Psychic|p1a: Swampert\n|-crit|p1a: Swampert\n|-damage|p1a: Swampert|0 fnt\n|faint|p1a: Swampert\n|\n|-end|p2a: Latiass|move: Yawn|[silent]\n|-status|p2a: Latiass|slp\n|upkeep\n|\n|t:|1697261265\n|switch|p1a: Incineroar|Incineroar, M|100\/100\n|-ability|p1a: Incineroar|Intimidate|boost\n|-unboost|p2a: Latiass|atk|1\n|-unboost|p2b: Sir Dus of Clops|atk|1\n|turn|11\n|\n|t:|1697261298\n|-terastallize|p1b: Type: Null|Ghost\n|cant|p2a: Latiass|slp\n|-zpower|p1a: Incineroar\n|move|p1a: Incineroar|Malicious Moonsault|p2b: Sir Dus of Clops|[zeffect]\n|-supereffective|p2b: Sir Dus of Clops\n|-damage|p2b: Sir Dus of Clops|0 fnt\n|faint|p2b: Sir Dus of Clops\n|move|p1b: Type: Null|Shadow Claw|p2a: Latiass\n|-supereffective|p2a: Latiass\n|-damage|p2a: Latiass|64\/100 slp\n|\n|upkeep\n|turn|12\n|\n|t:|1697261344\n|move|p1a: Incineroar|Fake Out||[still]\n|-hint|Fake Out only works on your first turn out.\n|-fail|p1a: Incineroar\n|cant|p2a: Latiass|slp\n|move|p1b: Type: Null|Double-Edge|p2a: Latiass\n|-damage|p2a: Latiass|35\/100 slp\n|-damage|p1b: Type: Null|14\/100|[from] Recoil\n|\n|upkeep\n|turn|13\n|\n|t:|1697261385\n|cant|p2a: Latiass|slp\n|move|p1a: Incineroar|Parting Shot|p2a: Latiass\n|-unboost|p2a: Latiass|atk|1\n|-unboost|p2a: Latiass|spa|1\n|\n|t:|1697261391\n|switch|p1a: Iron Bundle|Iron Bundle|36\/100 par|[from] Parting Shot\n|move|p1b: Type: Null|Shadow Claw|p2a: Latiass\n|-supereffective|p2a: Latiass\n|-damage|p2a: Latiass|0 fnt\n|faint|p2a: Latiass\n|\n|win|Hunter13004\n","uploadtime":1697261409,"views":17,"p1id":"hunter13004","p2id":"humilau3529","formatid":"gen9nationaldexdoubles","rating":0,"private":0,"password":""}