{"id":"gen9nationaldexdoubles-1994436356","p1":"Shiny_Hero64","p2":"TheMoistFetus","format":"[Gen 9] National Dex Doubles","log":"|j|\u2606Shiny_Hero64\n|j|\u2606TheMoistFetus\n|t:|1700443743\n|gametype|doubles\n|player|p1|Shiny_Hero64|n-masters3|\n|player|p2|TheMoistFetus|bianca-pwt|\n|teamsize|p1|6\n|teamsize|p2|6\n|gen|9\n|tier|[Gen 9] National Dex Doubles\n|rule|HP Percentage Mod: HP is shown in percentages\n|rule|Endless Battle Clause: Forcing endless battles is banned\n|rule|OHKO Clause: OHKO moves are banned\n|rule|Evasion Moves Clause: Evasion moves are banned\n|rule|Evasion Abilities Clause: Evasion abilities are banned\n|rule|Species Clause: Limit one of each Pok\u00e9mon\n|rule|Gravity Sleep Clause: The combination of sleep-inducing moves with imperfect accuracy and Gravity or Gigantamax Orbeetle are banned\n|clearpoke\n|poke|p1|Indeedee-F, F|\n|poke|p1|Chien-Pao|\n|poke|p1|Alakazam, M|\n|poke|p1|Sneasler, F|\n|poke|p1|Ursaluna-Bloodmoon, M|\n|poke|p1|Deoxys-Attack|\n|poke|p2|Chien-Pao|\n|poke|p2|Iron Bundle|\n|poke|p2|Ninetales-Alola, M|\n|poke|p2|Ogerpon-Cornerstone, F|\n|poke|p2|Tornadus, M|\n|poke|p2|Chi-Yu|\n|teampreview\n|j| Ryan1Baek\n|c|\u2606TheMoistFetus|is this bo5?\n|c| Ryan1Baek|yes\n|j| TestudoJK\n|c| Ryan1Baek|all top 8 is bo5 i believe\n|c|\u2606Shiny_Hero64|It is\n|c|\u2606TheMoistFetus|kk\n|\n|t:|1700443819\n|start\n|switch|p1a: Indeedee|Indeedee-F, F|100\/100\n|switch|p1b: Sneasler|Sneasler, F|100\/100\n|switch|p2a: Darwin|Chi-Yu|100\/100\n|switch|p2b: Penny|Ogerpon-Cornerstone, F|100\/100\n|-ability|p2a: Darwin|Beads of Ruin\n|-fieldstart|move: Psychic Terrain|[from] ability: Psychic Surge|[of] p1a: Indeedee\n|-enditem|p1b: Sneasler|Psychic Seed\n|-boost|p1b: Sneasler|spd|1|[from] item: Psychic Seed\n|turn|1\n|l|\u2606Shiny_Hero64\n|player|p1|\n|j|\u2606Shiny_Hero64\n|player|p1|Shiny_Hero64|n-masters3\n|\n|t:|1700443888\n|move|p1b: Sneasler|Protect|p1b: Sneasler\n|-singleturn|p1b: Sneasler|Protect\n|move|p2a: Darwin|Overheat|p1b: Sneasler\n|-activate|p1b: Sneasler|move: Protect\n|move|p2b: Penny|Horn Leech|p1b: Sneasler\n|-activate|p1b: Sneasler|move: Protect\n|move|p1a: Indeedee|Expanding Force|p2a: Darwin|[spread] p2b\n|-immune|p2a: Darwin\n|-damage|p2b: Penny|41\/100\n|\n|upkeep\n|turn|2\n|\n|t:|1700443968\n|switch|p2a: Mr Small|Tornadus, M, shiny|100\/100\n|move|p2b: Penny|Spiky Shield|p2b: Penny\n|-singleturn|p2b: Penny|move: Protect\n|move|p1b: Sneasler|Dire Claw|p2a: Mr Small\n|-damage|p2a: Mr Small|43\/100\n|-status|p2a: Mr Small|par\n|move|p1a: Indeedee|Expanding Force|p2a: Mr Small|[spread] p2a\n|-activate|p2b: Penny|move: Protect\n|-damage|p2a: Mr Small|10\/100 par\n|\n|upkeep\n|turn|3\n|c|\u2606TheMoistFetus|god I hate dire claw\n|c|\u2606Shiny_Hero64|This move is not okay\n|c|\u2606TheMoistFetus|you are literally always getting the right status too\n|\n|t:|1700444011\n|move|p2a: Mr Small|Tailwind|p2a: Mr Small\n|-sidestart|p2: TheMoistFetus|move: Tailwind\n|move|p2b: Penny|Horn Leech|p1a: Indeedee\n|-damage|p1a: Indeedee|59\/100\n|-heal|p2b: Penny|65\/100|[from] drain|[of] p1a: Indeedee\n|move|p1b: Sneasler|Dire Claw|p2b: Penny\n|-damage|p2b: Penny|8\/100\n|move|p1a: Indeedee|Expanding Force|p2b: Penny|[spread] p2a,p2b\n|-damage|p2a: Mr Small|0 fnt\n|-damage|p2b: Penny|0 fnt\n|faint|p2a: Mr Small\n|faint|p2b: Penny\n|\n|upkeep\n|c| Ryan1Baek|i mean it coulda been sleep\n|\n|t:|1700444027\n|switch|p2b: Bobert|Iron Bundle, shiny|100\/100\n|switch|p2a: Darwin|Chi-Yu|100\/100\n|-ability|p2a: Darwin|Beads of Ruin\n|-enditem|p2b: Bobert|Booster Energy\n|-activate|p2b: Bobert|ability: Quark Drive|[fromitem]\n|-start|p2b: Bobert|quarkdrivespe\n|turn|4\n|\n|t:|1700444088\n|move|p1b: Sneasler|Protect|p1b: Sneasler\n|-singleturn|p1b: Sneasler|Protect\n|move|p2b: Bobert|Hydro Pump|p1a: Indeedee\n|-damage|p1a: Indeedee|0 fnt\n|faint|p1a: Indeedee\n|move|p2a: Darwin|Overheat|p1b: Sneasler\n|-activate|p1b: Sneasler|move: Protect\n|\n|upkeep\n|\n|t:|1700444104\n|switch|p1a: Deoxys|Deoxys-Attack|100\/100\n|-ability|p1a: Deoxys|Pressure\n|turn|5\n|\n|t:|1700444119\n|move|p1a: Deoxys|Protect|p1a: Deoxys\n|-singleturn|p1a: Deoxys|Protect\n|move|p2b: Bobert|Freeze-Dry|p1a: Deoxys\n|-activate|p1a: Deoxys|move: Protect\n|move|p2a: Darwin|Overheat|p1b: Sneasler\n|-damage|p1b: Sneasler|1\/100\n|-unboost|p2a: Darwin|spa|2\n|move|p1b: Sneasler|Close Combat|p2a: Darwin\n|-supereffective|p2a: Darwin\n|-damage|p2a: Darwin|0 fnt\n|-unboost|p1b: Sneasler|def|1\n|-unboost|p1b: Sneasler|spd|1\n|faint|p2a: Darwin\n|\n|upkeep\n|c|\u2606Shiny_Hero64|WOW\n|\n|t:|1700444136\n|switch|p2a: Gumball|Ninetales-Alola, M|100\/100\n|-weather|Snow|[from] ability: Snow Warning|[of] p2a: Gumball\n|turn|6\n|c|\u2606TheMoistFetus|theres just no way\n|c| Ryan1Baek|unlucky\n|\n|t:|1700444164\n|switch|p1a: Chien-Pao|Chien-Pao|100\/100\n|-ability|p1a: Chien-Pao|Sword of Ruin\n|move|p2b: Bobert|Blizzard|p1a: Chien-Pao|[spread] p1a,p1b\n|-resisted|p1a: Chien-Pao\n|-damage|p1a: Chien-Pao|70\/100\n|-damage|p1b: Sneasler|0 fnt\n|faint|p1b: Sneasler\n|move|p2a: Gumball|Blizzard|p1a: Chien-Pao\n|-resisted|p1a: Chien-Pao\n|-damage|p1a: Chien-Pao|43\/100\n|\n|-weather|Snow|[upkeep]\n|-sideend|p2: TheMoistFetus|move: Tailwind\n|upkeep\n|\n|t:|1700444176\n|switch|p1b: Alakazam|Alakazam, M|100\/100\n|turn|7\n|\n|t:|1700444207\n|detailschange|p1b: Alakazam|Alakazam-Mega, M\n|-mega|p1b: Alakazam|Alakazam|Alakazite\n|-ability|p1b: Alakazam|Snow Warning|[from] ability: Trace|[of] p2a: Gumball\n|-terastallize|p2b: Bobert|Ice\n|move|p2b: Bobert|Blizzard|p1b: Alakazam|[spread] p1a,p1b\n|-resisted|p1a: Chien-Pao\n|-damage|p1a: Chien-Pao|0 fnt\n|-damage|p1b: Alakazam|32\/100\n|faint|p1a: Chien-Pao\n|move|p1b: Alakazam|Expanding Force|p2a: Gumball|[spread] p2a,p2b\n|-damage|p2a: Gumball|23\/100\n|-damage|p2b: Bobert|0 fnt\n|faint|p2b: Bobert\n|-end|p2b: Bobert|Quark Drive|[silent]\n|move|p2a: Gumball|Blizzard|p1b: Alakazam\n|-damage|p1b: Alakazam|0 fnt\n|faint|p1b: Alakazam\n|\n|-weather|Snow|[upkeep]\n|upkeep\n|\n|t:|1700444224\n|switch|p1b: Deoxys|Deoxys-Attack|100\/100\n|switch|p2b: Nicole|Chien-Pao|100\/100\n|switch|p1a: Fred bear|Ursaluna-Bloodmoon, M|100\/100\n|-ability|p1b: Deoxys|Pressure\n|-ability|p2b: Nicole|Sword of Ruin\n|turn|8\n|\n|t:|1700444251\n|-terastallize|p1a: Fred bear|Fairy\n|move|p1b: Deoxys|Thunderbolt|p2a: Gumball\n|-damage|p2a: Gumball|0 fnt\n|faint|p2a: Gumball\n|-damage|p1b: Deoxys|91\/100|[from] item: Life Orb\n|move|p2b: Nicole|Icicle Crash|p1a: Fred bear\n|-damage|p1a: Fred bear|63\/100\n|cant|p1a: Fred bear|flinch\n|\n|-weather|Snow|[upkeep]\n|-heal|p1a: Fred bear|69\/100|[from] item: Leftovers\n|-fieldend|move: Psychic Terrain\n|upkeep\n|turn|9\n|\n|t:|1700444270\n|move|p1b: Deoxys|Protect|p1b: Deoxys\n|-singleturn|p1b: Deoxys|Protect\n|move|p2b: Nicole|Icicle Crash|p1a: Fred bear\n|-damage|p1a: Fred bear|31\/100\n|move|p1a: Fred bear|Blood Moon|p2b: Nicole\n|-enditem|p2b: Nicole|Focus Sash\n|-damage|p2b: Nicole|1\/100\n|\n|-weather|Snow|[upkeep]\n|-heal|p1a: Fred bear|37\/100|[from] item: Leftovers\n|upkeep\n|turn|10\n|c| Ryan1Baek|1 hp and a dream\n|c|\u2606TheMoistFetus|such bad luck\n|c|\u2606Shiny_Hero64|Nah\n|\n|t:|1700444288\n|move|p1b: Deoxys|Thunderbolt|p2b: Nicole\n|-damage|p2b: Nicole|0 fnt\n|faint|p2b: Nicole\n|-damage|p1b: Deoxys|81\/100|[from] item: Life Orb\n|\n|win|Shiny_Hero64\n|c|\u2606TheMoistFetus|so annoying\n","uploadtime":1700444299,"views":10,"p1id":"shinyhero64","p2id":"themoistfetus","formatid":"gen9nationaldexdoubles","rating":0,"private":0,"password":""}