{"id":"gen9nationaldexdoubles-1959684194","p1":"Vict04hz","p2":"dsrgsdfg dfgf","format":"[Gen 9] National Dex Doubles","log":"|j|\u2606Vict04hz\n|j|\u2606dsrgsdfg dfgf\n|t:|1696446755\n|gametype|doubles\n|player|p1|Vict04hz|ash-sinnoh|1058\n|player|p2|dsrgsdfg dfgf|lucas|1054\n|teamsize|p1|6\n|teamsize|p2|6\n|gen|9\n|tier|[Gen 9] National Dex Doubles\n|rated|\n|rule|HP Percentage Mod: HP is shown in percentages\n|rule|Endless Battle Clause: Forcing endless battles is banned\n|rule|OHKO Clause: OHKO moves are banned\n|rule|Evasion Moves Clause: Evasion moves are banned\n|rule|Evasion Abilities Clause: Evasion abilities are banned\n|rule|Species Clause: Limit one of each Pok\u00e9mon\n|rule|Gravity Sleep Clause: The combination of sleep-inducing moves with imperfect accuracy and Gravity or Gigantamax Orbeetle are banned\n|clearpoke\n|poke|p1|Blaziken, M|\n|poke|p1|Medicham, M|\n|poke|p1|Dragapult, M|\n|poke|p1|Palafin, M|\n|poke|p1|Flutter Mane|\n|poke|p1|Slaking, M|\n|poke|p2|Indeedee-F, F|\n|poke|p2|Oranguru, M|\n|poke|p2|Glastrier|\n|poke|p2|Hoopa-Unbound|\n|poke|p2|Ursaluna, M|\n|poke|p2|Zygarde|\n|teampreview\n|inactive|Battle timer is ON: inactive players will automatically lose when time's up. (requested by dsrgsdfg dfgf)\n|\n|t:|1696446765\n|start\n|switch|p1a: Slaking|Slaking, M, shiny|100\/100\n|switch|p1b: Medicham|Medicham, M, shiny|100\/100\n|switch|p2a: Hoopa|Hoopa-Unbound|100\/100\n|switch|p2b: Zygarde|Zygarde|100\/100\n|-ability|p2b: Zygarde|Aura Break\n|turn|1\n|\n|t:|1696446781\n|-terastallize|p2b: Zygarde|Steel\n|move|p1a: Slaking|Bulk Up|p1a: Slaking\n|-boost|p1a: Slaking|atk|1\n|-boost|p1a: Slaking|def|1\n|move|p1b: Medicham|Skill Swap|p1a: Slaking\n|-activate|p1b: Medicham|move: Skill Swap|||[of] p1a: Slaking\n|move|p2b: Zygarde|Coil|p2b: Zygarde\n|-boost|p2b: Zygarde|atk|1\n|-boost|p2b: Zygarde|def|1\n|-boost|p2b: Zygarde|accuracy|1\n|move|p2a: Hoopa|Trick Room|p2a: Hoopa\n|-fieldstart|move: Trick Room|[of] p2a: Hoopa\n|-enditem|p2b: Zygarde|Room Service\n|-unboost|p2b: Zygarde|spe|1|[from] item: Room Service\n|-enditem|p2a: Hoopa|Room Service\n|-unboost|p2a: Hoopa|spe|1|[from] item: Room Service\n|\n|upkeep\n|turn|2\n|c|\u2606Vict04hz|aura break?\n|\n|t:|1696446806\n|switch|p1b: Palafin|Palafin, M|100\/100\n|move|p2a: Hoopa|Dark Pulse|p1a: Slaking\n|-damage|p1a: Slaking|36\/100\n|-item|p2a: Hoopa|Salac Berry|[from] ability: Magician|[of] p1a: Slaking\n|move|p2b: Zygarde|Thousand Arrows|p1a: Slaking|[spread] p1a,p1b\n|-crit|p1a: Slaking\n|-damage|p1a: Slaking|0 fnt\n|-damage|p1b: Palafin|55\/100\n|faint|p1a: Slaking\n|\n|upkeep\n|c|\u2606Vict04hz|why I can't test my strat\n|inactive|Vict04hz has 120 seconds left.\n|c|\u2606Vict04hz|ugh\n|\n|t:|1696446827\n|switch|p1a: Medicham|Medicham, M, shiny|100\/100\n|turn|3\n|\n|t:|1696446841\n|detailschange|p1b: Palafin|Palafin-Hero, M\n|switch|p1b: Dragapult|Dragapult, M, shiny|100\/100\n|move|p1a: Medicham|Fake Out|p2b: Zygarde\n|-resisted|p2b: Zygarde\n|-damage|p2b: Zygarde|97\/100\n|move|p2a: Hoopa|Dark Pulse|p1b: Dragapult\n|-supereffective|p1b: Dragapult\n|-damage|p1b: Dragapult|0 fnt\n|faint|p1b: Dragapult\n|cant|p2b: Zygarde|flinch\n|\n|upkeep\n|\n|t:|1696446854\n|switch|p1b: Flutter Mane|Flutter Mane|100\/100\n|-enditem|p1b: Flutter Mane|Booster Energy\n|-activate|p1b: Flutter Mane|ability: Protosynthesis|[fromitem]\n|-start|p1b: Flutter Mane|protosynthesisspa\n|turn|4\n|\n|t:|1696446865\n|move|p1a: Medicham|Bullet Punch|p2a: Hoopa\n|-damage|p2a: Hoopa|74\/100\n|move|p2a: Hoopa|Dark Pulse|p1b: Flutter Mane\n|-damage|p1b: Flutter Mane|45\/100\n|move|p2b: Zygarde|Thousand Arrows|p1a: Medicham|[spread] p1a,p1b\n|-crit|p1b: Flutter Mane\n|-damage|p1a: Medicham|48\/100\n|-damage|p1b: Flutter Mane|0 fnt\n|faint|p1b: Flutter Mane\n|-end|p1b: Flutter Mane|Protosynthesis|[silent]\n|\n|-heal|p1a: Medicham|54\/100|[from] item: Leftovers\n|upkeep\n|\n|t:|1696446872\n|switch|p1b: Palafin|Palafin-Hero, M|55\/100\n|-activate|p1b: Palafin|ability: Zero to Hero\n|turn|5\n|\n|t:|1696446880\n|move|p1b: Palafin|Jet Punch|p2a: Hoopa\n|-damage|p2a: Hoopa|0 fnt\n|faint|p2a: Hoopa\n|move|p2b: Zygarde|Thousand Arrows|p1b: Palafin|[spread] p1a,p1b\n|-damage|p1a: Medicham|0 fnt\n|-damage|p1b: Palafin|20\/100\n|faint|p1a: Medicham\n|\n|-fieldend|move: Trick Room\n|upkeep\n|\n|t:|1696446888\n|switch|p1a: Blaziken|Blaziken, M, shiny|100\/100\n|switch|p2a: Indeedee|Indeedee-F, F|100\/100\n|-fieldstart|move: Psychic Terrain|[from] ability: Psychic Surge|[of] p2a: Indeedee\n|turn|6\n|\n|t:|1696446903\n|detailschange|p1a: Blaziken|Blaziken-Mega, M, shiny\n|-mega|p1a: Blaziken|Blaziken|Blazikenite\n|move|p1b: Palafin|Jet Punch|p2b: Zygarde\n|-activate|p2b: Zygarde|move: Psychic Terrain\n|move|p1a: Blaziken|Close Combat|p2a: Indeedee\n|-damage|p2a: Indeedee|15\/100\n|-unboost|p1a: Blaziken|def|1\n|-unboost|p1a: Blaziken|spd|1\n|move|p2b: Zygarde|Thousand Arrows|p1a: Blaziken|[spread] p1a,p1b\n|-supereffective|p1a: Blaziken\n|-damage|p1a: Blaziken|0 fnt\n|-damage|p1b: Palafin|0 fnt\n|faint|p1a: Blaziken\n|faint|p1b: Palafin\n|\n|win|dsrgsdfg dfgf\n|raw|Vict04hz's rating: 1058 &rarr; <strong>1039<\/strong><br \/>(-19 for losing)\n|raw|dsrgsdfg dfgf's rating: 1054 &rarr; <strong>1086<\/strong><br \/>(+32 for winning)\n|l|\u2606Vict04hz\n","uploadtime":1696446916,"views":3,"p1id":"vict04hz","p2id":"dsrgsdfgdfgf","formatid":"gen9nationaldexdoubles","rating":1039,"private":0,"password":""}