{"id":"gen9nationaldexdoubles-1952507649","p1":"Spookely","p2":"Mokaccino321","format":"[Gen 9] National Dex Doubles","log":"|j|\u2606Spookely\n|j|\u2606Mokaccino321\n|t:|1695691658\n|gametype|doubles\n|player|p1|Spookely|fisherman-gen4|1336\n|player|p2|Mokaccino321|170|1329\n|teamsize|p1|6\n|teamsize|p2|6\n|gen|9\n|tier|[Gen 9] National Dex Doubles\n|rated|\n|rule|HP Percentage Mod: HP is shown in percentages\n|rule|Endless Battle Clause: Forcing endless battles is banned\n|rule|OHKO Clause: OHKO moves are banned\n|rule|Evasion Moves Clause: Evasion moves are banned\n|rule|Evasion Abilities Clause: Evasion abilities are banned\n|rule|Species Clause: Limit one of each Pok\u00e9mon\n|rule|Gravity Sleep Clause: The combination of sleep-inducing moves with imperfect accuracy and Gravity or Gigantamax Orbeetle are banned\n|clearpoke\n|poke|p1|Politoed, M|\n|poke|p1|Kingdra, M|\n|poke|p1|Barraskewda, F|\n|poke|p1|Scizor, F|\n|poke|p1|Zapdos|\n|poke|p1|Landorus-Therian, M|\n|poke|p2|Cradily, F|\n|poke|p2|Aerodactyl, F|\n|poke|p2|Arcanine-Hisui, M|\n|poke|p2|Nihilego|\n|poke|p2|Tyranitar, F|\n|poke|p2|Aggron, F|\n|teampreview\n|c|\u2606Spookely|haha no way\n|inactive|Battle timer is ON: inactive players will automatically lose when time's up. (requested by Spookely)\n|c|\u2606Mokaccino321|HAHAHA\n|c|\u2606Mokaccino321|wtf\n|\n|t:|1695691679\n|start\n|switch|p1a: Landorus|Landorus-Therian, M|100\/100\n|switch|p1b: Zapdos|Zapdos|100\/100\n|switch|p2a: Aerodactyl|Aerodactyl, F|100\/100\n|switch|p2b: Nihilego|Nihilego|100\/100\n|-ability|p2a: Aerodactyl|Unnerve\n|-ability|p1a: Landorus|Intimidate|boost\n|-unboost|p2a: Aerodactyl|atk|1\n|-unboost|p2b: Nihilego|atk|1\n|turn|1\n|c|\u2606Spookely|what elo are u at\n|j| toxyk tonyx\n|c|\u2606Mokaccino321|1.2k :C\n|c|\u2606Mokaccino321|very low\n|c|\u2606Spookely|ah ok\n|c|\u2606Spookely|im only ayt like 1300 cuz i was testing dumb teams\n|\n|t:|1695691705\n|move|p2b: Nihilego|Protect|p2b: Nihilego\n|-singleturn|p2b: Nihilego|Protect\n|move|p2a: Aerodactyl|Taunt|p1b: Zapdos\n|-start|p1b: Zapdos|move: Taunt\n|move|p1a: Landorus|Stomping Tantrum|p2b: Nihilego\n|-activate|p2b: Nihilego|move: Protect\n|cant|p1b: Zapdos|move: Taunt|Tailwind\n|\n|upkeep\n|turn|2\n|\n|t:|1695691720\n|move|p2a: Aerodactyl|Sky Drop||[still]\n|-prepare|p2a: Aerodactyl|Sky Drop|p1a: Landorus\n|move|p2b: Nihilego|Meteor Beam||[still]\n|-prepare|p2b: Nihilego|Meteor Beam\n|-boost|p2b: Nihilego|spa|1\n|-enditem|p2b: Nihilego|Power Herb\n|-anim|p2b: Nihilego|Meteor Beam|p1b: Zapdos\n|-supereffective|p1b: Zapdos\n|-damage|p1b: Zapdos|0 fnt\n|faint|p1b: Zapdos\n|-ability|p2b: Nihilego|Beast Boost|boost\n|-boost|p2b: Nihilego|spa|1\n|\n|upkeep\n|\n|t:|1695691730\n|switch|p1b: Politoed|Politoed, M, shiny|100\/100\n|-weather|RainDance|[from] ability: Drizzle|[of] p1b: Politoed\n|turn|3\n|\n|t:|1695691742\n|move|p2b: Nihilego|Protect|p2b: Nihilego\n|-singleturn|p2b: Nihilego|Protect\n|move|p2a: Aerodactyl|Sky Drop|p1a: Landorus|[from]lockedmove\n|-immune|p1a: Landorus\n|move|p1a: Landorus|Stomping Tantrum|p2b: Nihilego\n|-activate|p2b: Nihilego|move: Protect\n|move|p1b: Politoed|Icy Wind|p2a: Aerodactyl|[spread] p2a\n|-activate|p2b: Nihilego|move: Protect\n|-supereffective|p2a: Aerodactyl\n|-damage|p2a: Aerodactyl|78\/100\n|-unboost|p2a: Aerodactyl|spe|1\n|\n|-weather|RainDance|[upkeep]\n|upkeep\n|turn|4\n|l| toxyk tonyx\n|\n|t:|1695691764\n|switch|p2b: Cradily|Cradily, F|100\/100\n|switch|p2a: Tyranitar|Tyranitar, F|100\/100\n|-weather|Sandstorm|[from] ability: Sand Stream|[of] p2a: Tyranitar\n|move|p1a: Landorus|Stomping Tantrum|p2b: Cradily\n|-damage|p2b: Cradily|62\/100\n|move|p1b: Politoed|Icy Wind|p2b: Cradily|[spread] p2b\n|-miss|p1b: Politoed|p2a: Tyranitar\n|-supereffective|p2b: Cradily\n|-damage|p2b: Cradily|54\/100\n|-unboost|p2b: Cradily|spe|1\n|\n|-weather|Sandstorm|[upkeep]\n|-damage|p1b: Politoed|94\/100|[from] Sandstorm\n|upkeep\n|turn|5\n|\n|t:|1695691785\n|switch|p1b: Barraskewda|Barraskewda, F|100\/100\n|move|p1a: Landorus|U-turn|p2a: Tyranitar\n|-supereffective|p2a: Tyranitar\n|-damage|p2a: Tyranitar|47\/100\n|\n|t:|1695691790\n|switch|p1a: Politoed|Politoed, M, shiny|94\/100|[from] U-turn\n|-weather|RainDance|[from] ability: Drizzle|[of] p1a: Politoed\n|move|p2a: Tyranitar|Ice Punch|p1a: Politoed\n|-resisted|p1a: Politoed\n|-damage|p1a: Politoed|76\/100\n|move|p2b: Cradily|Giga Drain|p1b: Barraskewda\n|-supereffective|p1b: Barraskewda\n|-damage|p1b: Barraskewda|0 fnt\n|-heal|p2b: Cradily|90\/100|[from] drain|[of] p1b: Barraskewda\n|faint|p1b: Barraskewda\n|\n|-weather|RainDance|[upkeep]\n|upkeep\n|inactive|Spookely has 120 seconds left.\n|inactive|Spookely has 90 seconds left.\n|\n|t:|1695691837\n|switch|p1b: Kingdra|Kingdra, M, shiny|100\/100\n|turn|6\n|\n|t:|1695691851\n|switch|p2a: Aerodactyl|Aerodactyl, F|78\/100\n|-ability|p2a: Aerodactyl|Unnerve\n|move|p1b: Kingdra|Protect|p1b: Kingdra\n|-singleturn|p1b: Kingdra|Protect\n|move|p1a: Politoed|Protect|p1a: Politoed\n|-singleturn|p1a: Politoed|Protect\n|move|p2b: Cradily|Meteor Beam||[still]\n|-prepare|p2b: Cradily|Meteor Beam\n|-boost|p2b: Cradily|spa|1\n|-enditem|p2b: Cradily|Power Herb\n|-anim|p2b: Cradily|Meteor Beam|p1b: Kingdra\n|-activate|p1b: Kingdra|move: Protect\n|\n|-weather|RainDance|[upkeep]\n|upkeep\n|turn|7\n|inactive|Spookely has 120 seconds left.\n|\n|t:|1695691871\n|move|p2a: Aerodactyl|Wide Guard|p2a: Aerodactyl\n|-singleturn|p2a: Aerodactyl|Wide Guard\n|move|p1b: Kingdra|Draco Meteor|p2a: Aerodactyl\n|-damage|p2a: Aerodactyl|0 fnt\n|-unboost|p1b: Kingdra|spa|2\n|faint|p2a: Aerodactyl\n|-damage|p1b: Kingdra|91\/100|[from] item: Life Orb\n|move|p1a: Politoed|Icy Wind|p2b: Cradily\n|-activate|p2b: Cradily|move: Wide Guard\n|move|p2b: Cradily|Giga Drain|p1a: Politoed\n|-supereffective|p1a: Politoed\n|-damage|p1a: Politoed|23\/100\n|-heal|p2b: Cradily|100\/100|[from] drain|[of] p1a: Politoed\n|\n|-weather|RainDance|[upkeep]\n|upkeep\n|inactive|Mokaccino321 has 120 seconds left.\n|\n|t:|1695691893\n|switch|p2a: Tyranitar|Tyranitar, F|47\/100\n|-weather|Sandstorm|[from] ability: Sand Stream|[of] p2a: Tyranitar\n|turn|8\n|\n|t:|1695691911\n|switch|p1b: Scizor|Scizor, F|100\/100\n|switch|p2a: Arcanine|Arcanine-Hisui, M|100\/100\n|switch|p1a: Landorus|Landorus-Therian, M|100\/100\n|-ability|p1a: Landorus|Intimidate|boost\n|-unboost|p2a: Arcanine|atk|1\n|-unboost|p2b: Cradily|atk|1\n|move|p2b: Cradily|Giga Drain|p1a: Landorus\n|-damage|p1a: Landorus|76\/100\n|\n|-weather|Sandstorm|[upkeep]\n|upkeep\n|turn|9\n|inactive|Spookely has 120 seconds left.\n|inactive|Mokaccino321 has 120 seconds left.\n|inactive|Spookely has 90 seconds left.\n|\n|t:|1695691983\n|switch|p1a: Politoed|Politoed, M, shiny|23\/100\n|-weather|RainDance|[from] ability: Drizzle|[of] p1a: Politoed\n|detailschange|p1b: Scizor|Scizor-Mega, F\n|-mega|p1b: Scizor|Scizor|Scizorite\n|move|p2a: Arcanine|Flare Blitz|p1b: Scizor\n|-supereffective|p1b: Scizor\n|-damage|p1b: Scizor|0 fnt\n|faint|p1b: Scizor\n|move|p2b: Cradily|Giga Drain|p1a: Politoed\n|-supereffective|p1a: Politoed\n|-damage|p1a: Politoed|0 fnt\n|faint|p1a: Politoed\n|\n|-weather|RainDance|[upkeep]\n|upkeep\n|c|\u2606Spookely|no shot it still one shot thru rain AND intim\n|\n|t:|1695692002\n|switch|p1b: Landorus|Landorus-Therian, M|76\/100\n|switch|p1a: Kingdra|Kingdra, M, shiny|91\/100\n|-ability|p1b: Landorus|Intimidate|boost\n|-unboost|p2a: Arcanine|atk|1\n|-unboost|p2b: Cradily|atk|1\n|turn|10\n|c|\u2606Mokaccino321|ya LMAO\n|c|\u2606Mokaccino321|its crazy\n|inactive|Spookely has 90 seconds left.\n|c|\u2606Spookely|damn you high rolled\n|c|\u2606Spookely|unluck\n|c|\u2606Mokaccino321|unlucky\n|\n|t:|1695692027\n|move|p1a: Kingdra|Hurricane|p2b: Cradily\n|-damage|p2b: Cradily|70\/100\n|-damage|p1a: Kingdra|81\/100|[from] item: Life Orb\n|move|p2a: Arcanine|Flare Blitz|p1b: Landorus\n|-damage|p1b: Landorus|56\/100\n|-status|p1b: Landorus|brn\n|move|p1b: Landorus|Stomping Tantrum|p2a: Arcanine\n|-supereffective|p2a: Arcanine\n|-damage|p2a: Arcanine|0 fnt\n|faint|p2a: Arcanine\n|move|p2b: Cradily|Giga Drain|p1a: Kingdra\n|-damage|p1a: Kingdra|37\/100\n|-heal|p2b: Cradily|87\/100|[from] drain|[of] p1a: Kingdra\n|\n|-weather|RainDance|[upkeep]\n|-damage|p1b: Landorus|50\/100 brn|[from] brn\n|upkeep\n|c|\u2606Mokaccino321|oh what what the %\n|\n|t:|1695692042\n|switch|p2a: Tyranitar|Tyranitar, F|47\/100\n|-weather|Sandstorm|[from] ability: Sand Stream|[of] p2a: Tyranitar\n|turn|11\n|\n|t:|1695692053\n|move|p1a: Kingdra|Draco Meteor|p2b: Cradily\n|-damage|p2b: Cradily|55\/100\n|-unboost|p1a: Kingdra|spa|2\n|-damage|p1a: Kingdra|27\/100|[from] item: Life Orb\n|move|p1b: Landorus|Tera Blast|p2a: Tyranitar\n|-resisted|p2a: Tyranitar\n|-damage|p2a: Tyranitar|41\/100\n|move|p2a: Tyranitar|Ice Punch|p1b: Landorus\n|-supereffective|p1b: Landorus\n|-damage|p1b: Landorus|0 fnt\n|faint|p1b: Landorus\n|move|p2b: Cradily|Giga Drain|p1a: Kingdra\n|-damage|p1a: Kingdra|0 fnt\n|-heal|p2b: Cradily|65\/100|[from] drain|[of] p1a: Kingdra\n|faint|p1a: Kingdra\n|\n|win|Mokaccino321\n|raw|Spookely's rating: 1336 &rarr; <strong>1316<\/strong><br \/>(-20 for losing)\n|raw|Mokaccino321's rating: 1329 &rarr; <strong>1349<\/strong><br \/>(+20 for winning)\n|c|\u2606Spookely|gg\n|c|\u2606Mokaccino321|gg :3\n|c|\u2606Spookely|lmao you had like a 32.5 to kill scizor\n|c|\u2606Spookely|just unluck\n|c|\u2606Mokaccino321|ohh unlucky\n","uploadtime":1695692086,"views":17,"p1id":"spookely","p2id":"mokaccino321","formatid":"gen9nationaldexdoubles","rating":1316,"private":0,"password":""}