{"id":"gen9nationaldexdoubles-1975510102","p1":"byrd0o0","p2":"Angry Adipose","format":"[Gen 9] National Dex Doubles","log":"|j|\u2606byrd0o0\n|j|\u2606Angry Adipose\n|t:|1698199073\n|gametype|doubles\n|player|p1|byrd0o0|265|\n|player|p2|Angry Adipose|101|\n|teamsize|p1|6\n|teamsize|p2|6\n|gen|9\n|tier|[Gen 9] National Dex Doubles\n|rule|HP Percentage Mod: HP is shown in percentages\n|rule|Endless Battle Clause: Forcing endless battles is banned\n|rule|OHKO Clause: OHKO moves are banned\n|rule|Evasion Moves Clause: Evasion moves are banned\n|rule|Evasion Abilities Clause: Evasion abilities are banned\n|rule|Species Clause: Limit one of each Pok\u00e9mon\n|rule|Gravity Sleep Clause: The combination of sleep-inducing moves with imperfect accuracy and Gravity or Gigantamax Orbeetle are banned\n|clearpoke\n|poke|p1|Hoopa|\n|poke|p1|Oricorio-Sensu, M|\n|poke|p1|Gimmighoul-Roaming|\n|poke|p1|Sinistcha|\n|poke|p1|Typhlosion-Hisui, F|\n|poke|p1|Sableye, F|\n|poke|p2|Zoroark-Hisui, F|\n|poke|p2|Spiritomb, M|\n|poke|p2|Cinderace, M|\n|poke|p2|Sinistcha-Masterpiece|\n|poke|p2|Ditto|\n|poke|p2|Ceruledge, F|\n|teampreview\n|c|\u2606byrd0o0|jumpscare\n|c|\u2606Angry Adipose|i followed the rules\n|c|\u2606byrd0o0|oh for sure\n|c|\u2606byrd0o0|i dont see an issue\n|\n|t:|1698199105\n|start\n|switch|p1a: KRAKATOA!|Typhlosion-Hisui, F|100\/100\n|switch|p1b: joe mama lol|Sableye, F|100\/100\n|switch|p2a: Dead Child|Spiritomb, M, shiny|100\/100\n|switch|p2b: Ghost type|Ditto, shiny|100\/100\n|-item|p2a: Dead Child|Leftovers|[from] ability: Frisk|[of] p1a: KRAKATOA!|[identify]\n|-transform|p2b: Ghost type|p1a: KRAKATOA!|[from] ability: Imposter\n|-item|p1a: KRAKATOA!|Choice Scarf|[from] ability: Frisk|[of] p2b: Ghost type|[identify]\n|-item|p1b: joe mama lol|Light Clay|[from] ability: Frisk|[of] p2b: Ghost type|[identify]\n|turn|1\n|c|\u2606byrd0o0|i LOVE DEAD CHILDREN\n|\n|t:|1698199157\n|move|p1b: joe mama lol|Thunder Wave|p2b: Ghost type|[miss]\n|-miss|p1b: joe mama lol|p2b: Ghost type\n|move|p1a: KRAKATOA!|Infernal Parade|p2b: Ghost type\n|-supereffective|p2b: Ghost type\n|-damage|p2b: Ghost type|20\/100\n|move|p2b: Ghost type|Infernal Parade|p1a: KRAKATOA!\n|-supereffective|p1a: KRAKATOA!\n|-damage|p1a: KRAKATOA!|23\/100\n|move|p2a: Dead Child|Toxic|p1b: joe mama lol\n|-status|p1b: joe mama lol|tox\n|\n|-damage|p1b: joe mama lol|95\/100 tox|[from] psn\n|upkeep\n|turn|2\n|c|\u2606Angry Adipose|its a ghost type now\n|c|\u2606byrd0o0|dang\n|\n|t:|1698199189\n|move|p1b: joe mama lol|Reflect|p1b: joe mama lol\n|-sidestart|p1: byrd0o0|Reflect\n|move|p1a: KRAKATOA!|Infernal Parade|p2b: Ghost type\n|-supereffective|p2b: Ghost type\n|-damage|p2b: Ghost type|0 fnt\n|faint|p2b: Ghost type\n|move|p2a: Dead Child|Foul Play|p1a: KRAKATOA!\n|-supereffective|p1a: KRAKATOA!\n|-damage|p1a: KRAKATOA!|0 fnt\n|faint|p1a: KRAKATOA!\n|\n|-damage|p1b: joe mama lol|83\/100 tox|[from] psn\n|upkeep\n|\n|t:|1698199210\n|switch|p1a: miror c|Oricorio-Sensu, M, shiny|100\/100\n|switch|p2b: Kirito-Kun|Ceruledge, F, shiny|100\/100\n|turn|3\n|c|\u2606byrd0o0|is that a reference\n|\n|t:|1698199238\n|-terastallize|p1a: miror c|Fairy\n|move|p1b: joe mama lol|Light Screen|p1b: joe mama lol\n|-sidestart|p1: byrd0o0|move: Light Screen\n|move|p2b: Kirito-Kun|Knock Off|p1b: joe mama lol\n|-damage|p1b: joe mama lol|68\/100 tox\n|-enditem|p1b: joe mama lol|Light Clay|[from] move: Knock Off|[of] p2b: Kirito-Kun\n|move|p1a: miror c|Quiver Dance|p1a: miror c\n|-boost|p1a: miror c|spa|1\n|-boost|p1a: miror c|spd|1\n|-boost|p1a: miror c|spe|1\n|move|p2a: Dead Child|Toxic|p1a: miror c\n|-status|p1a: miror c|tox\n|\n|-damage|p1a: miror c|94\/100 tox|[from] psn\n|-damage|p1b: joe mama lol|51\/100 tox|[from] psn\n|upkeep\n|turn|4\n|\n|t:|1698199272\n|switch|p1b: miror b|Hoopa|100\/100\n|move|p1a: miror c|Quiver Dance|p1a: miror c\n|-boost|p1a: miror c|spa|1\n|-boost|p1a: miror c|spd|1\n|-boost|p1a: miror c|spe|1\n|move|p2b: Kirito-Kun|Knock Off|p1a: miror c\n|-resisted|p1a: miror c\n|-crit|p1a: miror c\n|-damage|p1a: miror c|80\/100 tox\n|-enditem|p1a: miror c|Sitrus Berry|[from] move: Knock Off|[of] p2b: Kirito-Kun\n|move|p2a: Dead Child|Foul Play|p1b: miror b\n|-supereffective|p1b: miror b\n|-enditem|p1b: miror b|Focus Sash\n|-damage|p1b: miror b|1\/100\n|\n|-damage|p1a: miror c|67\/100 tox|[from] psn\n|upkeep\n|turn|5\n|\n|t:|1698199301\n|move|p1a: miror c|Baton Pass|p1a: miror c\n|\n|t:|1698199304\n|switch|p1a: gimmigoonie|Gimmighoul-Roaming|100\/100|[from] Baton Pass\n|move|p1b: miror b|Shadow Ball|p2b: Kirito-Kun\n|-immune|p2b: Kirito-Kun\n|move|p2a: Dead Child|Foul Play|p1b: miror b\n|-supereffective|p1b: miror b\n|-damage|p1b: miror b|0 fnt\n|faint|p1b: miror b\n|move|p2b: Kirito-Kun|Roar|p1a: gimmigoonie\n|drag|p1a: joe mama lol|Sableye, F|51\/100 tox\n|\n|-damage|p1a: joe mama lol|45\/100 tox|[from] psn\n|upkeep\n|c|\u2606byrd0o0|oh\n|c|\u2606byrd0o0|oh\n|\n|t:|1698199317\n|switch|p1b: bro is cooking???|Sinistcha|100\/100\n|-heal|p1a: joe mama lol|69\/100 tox|[from] ability: Hospitality|[of] p1b: bro is cooking???\n|turn|6\n|c|\u2606Angry Adipose|get back here\n|c|\u2606byrd0o0|thats ggs lol\n|\n|t:|1698199329\n|move|p1a: joe mama lol|Thunder Wave|p2b: Kirito-Kun\n|-status|p2b: Kirito-Kun|par\n|move|p1b: bro is cooking???|Matcha Gotcha|p2b: Kirito-Kun|[spread] p2a,p2b\n|-damage|p2a: Dead Child|83\/100\n|-damage|p2b: Kirito-Kun|48\/100 par\n|replace|p2b: Yo mama|Zoroark-Hisui, F, shiny\n|-end|p2b: Yo mama|Illusion\n|move|p2b: Yo mama|Burning Jealousy|p1a: joe mama lol|[spread] p1a,p1b\n|-supereffective|p1b: bro is cooking???\n|-damage|p1a: joe mama lol|49\/100 tox\n|-damage|p1b: bro is cooking???|72\/100\n|move|p2a: Dead Child|Foul Play|p1b: bro is cooking???\n|-supereffective|p1b: bro is cooking???\n|-damage|p1b: bro is cooking???|52\/100\n|\n|-heal|p1b: bro is cooking???|58\/100|[from] item: Leftovers\n|-heal|p2a: Dead Child|89\/100|[from] item: Leftovers\n|-damage|p1a: joe mama lol|37\/100 tox|[from] psn\n|upkeep\n|turn|7\n|\n|t:|1698199356\n|move|p1a: joe mama lol|Thunder Wave|p2a: Dead Child\n|-hint|Since gen 7, Dark is immune to Prankster moves.\n|-immune|p2a: Dead Child\n|move|p1b: bro is cooking???|Matcha Gotcha|p2b: Yo mama|[spread] p2a,p2b\n|-damage|p2a: Dead Child|70\/100\n|-heal|p1b: bro is cooking???|66\/100|[from] drain|[of] p2a: Dead Child\n|-damage|p2b: Yo mama|0 fnt\n|-heal|p1b: bro is cooking???|83\/100|[from] drain|[of] p2b: Yo mama\n|faint|p2b: Yo mama\n|move|p2a: Dead Child|Foul Play|p1a: joe mama lol\n|-damage|p1a: joe mama lol|20\/100 tox\n|\n|-heal|p1b: bro is cooking???|90\/100|[from] item: Leftovers\n|-heal|p2a: Dead Child|76\/100|[from] item: Leftovers\n|-damage|p1a: joe mama lol|2\/100 tox|[from] psn\n|upkeep\n|\n|t:|1698199374\n|switch|p2b: Kirito-Kun|Ceruledge, F, shiny|100\/100\n|turn|8\n|\n|t:|1698199383\n|move|p2a: Dead Child|Protect|p2a: Dead Child\n|-singleturn|p2a: Dead Child|Protect\n|move|p1a: joe mama lol|Thunder Wave|p2b: Kirito-Kun|[miss]\n|-miss|p1a: joe mama lol|p2b: Kirito-Kun\n|move|p2b: Kirito-Kun|Bitter Blade|p1b: bro is cooking???\n|-supereffective|p1b: bro is cooking???\n|-damage|p1b: bro is cooking???|40\/100\n|-damage|p2b: Kirito-Kun|91\/100|[from] item: Life Orb\n|move|p1b: bro is cooking???|Matcha Gotcha|p2a: Dead Child|[spread] \n|-activate|p2a: Dead Child|move: Protect\n|-miss|p1b: bro is cooking???|p2b: Kirito-Kun\n|\n|-heal|p1b: bro is cooking???|46\/100|[from] item: Leftovers\n|-heal|p2a: Dead Child|83\/100|[from] item: Leftovers\n|-damage|p1a: joe mama lol|0 fnt|[from] psn\n|faint|p1a: joe mama lol\n|upkeep\n|c|\u2606byrd0o0|yikes\n|\n|t:|1698199401\n|switch|p1a: miror c|Oricorio-Sensu, M, shiny, tera:Fairy|67\/100 tox\n|turn|9\n|\n|t:|1698199411\n|move|p1b: bro is cooking???|Protect|p1b: bro is cooking???\n|-singleturn|p1b: bro is cooking???|Protect\n|move|p2b: Kirito-Kun|Bitter Blade|p1b: bro is cooking???\n|-activate|p1b: bro is cooking???|move: Protect\n|move|p1a: miror c|Revelation Dance|p2a: Dead Child\n|-supereffective|p2a: Dead Child\n|-damage|p2a: Dead Child|31\/100\n|move|p2a: Dead Child|Foul Play|p1a: miror c\n|-resisted|p1a: miror c\n|-damage|p1a: miror c|58\/100 tox\n|\n|-heal|p1b: bro is cooking???|52\/100|[from] item: Leftovers\n|-heal|p2a: Dead Child|38\/100|[from] item: Leftovers\n|-damage|p1a: miror c|52\/100 tox|[from] psn\n|-sideend|p1: byrd0o0|Reflect\n|upkeep\n|turn|10\n|\n|t:|1698199436\n|move|p2b: Kirito-Kun|Bitter Blade|p1b: bro is cooking???\n|-supereffective|p1b: bro is cooking???\n|-damage|p1b: bro is cooking???|0 fnt\n|-heal|p2b: Kirito-Kun|100\/100|[from] drain|[of] p1b: bro is cooking???\n|faint|p1b: bro is cooking???\n|-damage|p2b: Kirito-Kun|91\/100|[from] item: Life Orb\n|move|p1a: miror c|Revelation Dance|p2a: Dead Child\n|-supereffective|p2a: Dead Child\n|-damage|p2a: Dead Child|0 fnt\n|faint|p2a: Dead Child\n|\n|-damage|p1a: miror c|39\/100 tox|[from] psn\n|-sideend|p1: byrd0o0|move: Light Screen\n|upkeep\n|\n|t:|1698199455\n|switch|p1b: gimmigoonie|Gimmighoul-Roaming|100\/100\n|switch|p2a: PG tips|Sinistcha-Masterpiece, shiny|100\/100\n|-heal|p2b: Kirito-Kun|100\/100|[from] ability: Hospitality|[of] p2a: PG tips\n|turn|11\n|c|\u2606byrd0o0|this is going to end very badly\n|\n|t:|1698199469\n|move|p2b: Kirito-Kun|Bitter Blade|p1a: miror c\n|-damage|p1a: miror c|0 fnt\n|faint|p1a: miror c\n|-damage|p2b: Kirito-Kun|91\/100|[from] item: Life Orb\n|move|p1b: gimmigoonie|Power Gem|p2b: Kirito-Kun\n|-supereffective|p2b: Kirito-Kun\n|-damage|p2b: Kirito-Kun|19\/100\n|move|p2a: PG tips|Scald|p1b: gimmigoonie\n|-damage|p1b: gimmigoonie|23\/100\n|\n|upkeep\n|turn|12\n|c|\u2606Angry Adipose|some may say this was pure luck but im still so proud\n|c|\u2606byrd0o0|true\n|\n|t:|1698199517\n|move|p2b: Kirito-Kun|Bitter Blade|p1b: gimmigoonie\n|-damage|p1b: gimmigoonie|0 fnt\n|-heal|p2b: Kirito-Kun|28\/100|[from] drain|[of] p1b: gimmigoonie\n|faint|p1b: gimmigoonie\n|-damage|p2b: Kirito-Kun|18\/100|[from] item: Life Orb\n|\n|win|Angry Adipose\n|c|\u2606byrd0o0|i at least know that my stuff kinda works\n|c|\u2606Angry Adipose|oop\n|c|\u2606Angry Adipose|forgot to confirm\n","uploadtime":1698199528,"views":11,"p1id":"byrd0o0","p2id":"angryadipose","formatid":"gen9nationaldexdoubles","rating":0,"private":0,"password":""}