{"id":"gen9nationaldexdoubles-1962684777","p1":"Kapatrops K","p2":"Jti gru","format":"[Gen 9] National Dex Doubles","log":"|j|\u2606Kapatrops K\n|j|\u2606Jti gru\n|t:|1696782256\n|gametype|doubles\n|player|p1|Kapatrops K|palmer|1189\n|player|p2|Jti gru|pokemonbreeder-gen4|1000\n|teamsize|p1|6\n|teamsize|p2|6\n|gen|9\n|tier|[Gen 9] National Dex Doubles\n|rated|\n|rule|HP Percentage Mod: HP is shown in percentages\n|rule|Endless Battle Clause: Forcing endless battles is banned\n|rule|OHKO Clause: OHKO moves are banned\n|rule|Evasion Moves Clause: Evasion moves are banned\n|rule|Evasion Abilities Clause: Evasion abilities are banned\n|rule|Species Clause: Limit one of each Pok\u00e9mon\n|rule|Gravity Sleep Clause: The combination of sleep-inducing moves with imperfect accuracy and Gravity or Gigantamax Orbeetle are banned\n|clearpoke\n|poke|p1|Ursaluna, M|\n|poke|p1|Skeledirge, F|\n|poke|p1|Walking Wake|\n|poke|p1|Toxtricity, F|\n|poke|p1|Iron Valiant|\n|poke|p1|Metagross|\n|poke|p2|Indeedee, M|\n|poke|p2|Deoxys-Attack|\n|poke|p2|Typhlosion, M|\n|poke|p2|Kartana|\n|poke|p2|Murkrow, F|\n|poke|p2|Shuckle, M|\n|teampreview\n|c|\u2606Kapatrops K|Gg\n|inactive|Battle timer is ON: inactive players will automatically lose when time's up. (requested by Jti gru)\n|c|\u2606Kapatrops K|No questions\n|\n|t:|1696782281\n|start\n|switch|p1a: Karea|Ursaluna, M|100\/100\n|switch|p1b: Kassite|Metagross, shiny|100\/100\n|switch|p2a: Murkrow|Murkrow, F|100\/100\n|switch|p2b: Shuckle|Shuckle, M|100\/100\n|turn|1\n|\n|t:|1696782310\n|detailschange|p1b: Kassite|Metagross-Mega, shiny\n|-mega|p1b: Kassite|Metagross|Metagrossite\n|move|p2a: Murkrow|Taunt|p1b: Kassite\n|-start|p1b: Kassite|move: Taunt\n|cant|p1b: Kassite|move: Taunt|Hone Claws\n|move|p1a: Karea|Drain Punch|p2b: Shuckle\n|-damage|p2b: Shuckle|81\/100\n|move|p2b: Shuckle|Stealth Rock|p1b: Kassite\n|-sidestart|p1: Kapatrops K|move: Stealth Rock\n|\n|-status|p1a: Karea|brn|[from] item: Flame Orb\n|upkeep\n|turn|2\n|\n|t:|1696782334\n|move|p1b: Kassite|Bullet Punch|p2b: Shuckle\n|-supereffective|p2b: Shuckle\n|-damage|p2b: Shuckle|44\/100\n|move|p2a: Murkrow|Perish Song|p2a: Murkrow\n|-start|p1a: Karea|perish3|[silent]\n|-start|p1b: Kassite|perish3|[silent]\n|-start|p2a: Murkrow|perish3|[silent]\n|-start|p2b: Shuckle|perish3|[silent]\n|-fieldactivate|move: Perish Song\n|move|p1a: Karea|Stomping Tantrum|p2b: Shuckle\n|-damage|p2b: Shuckle|0 fnt\n|faint|p2b: Shuckle\n|\n|-damage|p1a: Karea|94\/100 brn|[from] brn\n|-start|p1b: Kassite|perish3\n|-start|p2a: Murkrow|perish3\n|-start|p1a: Karea|perish3\n|upkeep\n|inactive|Jti gru has 120 seconds left.\n|\n|t:|1696782353\n|switch|p2b: Kartana|Kartana|100\/100\n|turn|3\n|inactive|Jti gru has 120 seconds left.\n|\n|t:|1696782388\n|switch|p2a: Deoxys|Deoxys-Attack|100\/100\n|-ability|p2a: Deoxys|Pressure\n|move|p2b: Kartana|Leaf Blade|p1a: Karea\n|-supereffective|p1a: Karea\n|-damage|p1a: Karea|0 fnt\n|faint|p1a: Karea\n|-ability|p2b: Kartana|Beast Boost|boost\n|-boost|p2b: Kartana|atk|1\n|move|p1b: Kassite|Meteor Mash|p2b: Kartana\n|-resisted|p2b: Kartana\n|-damage|p2b: Kartana|68\/100\n|-boost|p1b: Kassite|atk|1\n|\n|-end|p1b: Kassite|move: Taunt\n|-start|p1b: Kassite|perish2\n|upkeep\n|\n|t:|1696782411\n|switch|p1a: Kalcium|Skeledirge, F|100\/100\n|-damage|p1a: Kalcium|75\/100|[from] Stealth Rock\n|turn|4\n|inactive|Jti gru has 120 seconds left.\n|\n|t:|1696782431\n|move|p2b: Kartana|Leaf Blade|p1a: Kalcium\n|-resisted|p1a: Kalcium\n|-damage|p1a: Kalcium|48\/100\n|move|p2a: Deoxys|Shadow Ball|p1a: Kalcium\n|-supereffective|p1a: Kalcium\n|-damage|p1a: Kalcium|0 fnt\n|faint|p1a: Kalcium\n|move|p1b: Kassite|Zen Headbutt|p2b: Kartana\n|-resisted|p2b: Kartana\n|-damage|p2b: Kartana|24\/100\n|\n|-start|p1b: Kassite|perish1\n|upkeep\n|\n|t:|1696782449\n|switch|p1a: Toxtricity|Toxtricity, F|100\/100\n|-damage|p1a: Toxtricity|88\/100|[from] Stealth Rock\n|turn|5\n|\n|t:|1696782459\n|-terastallize|p1a: Toxtricity|Normal\n|move|p1b: Kassite|Bullet Punch|p2a: Deoxys\n|-enditem|p2a: Deoxys|Focus Sash\n|-damage|p2a: Deoxys|1\/100\n|move|p2b: Kartana|Leaf Blade|p1b: Kassite\n|-resisted|p1b: Kassite\n|-crit|p1b: Kassite\n|-damage|p1b: Kassite|46\/100\n|move|p2a: Deoxys|Psyshock|p1a: Toxtricity\n|-damage|p1a: Toxtricity|22\/100\n|move|p1a: Toxtricity|Boomburst|p2b: Kartana|[spread] p1b,p2a,p2b\n|-resisted|p1b: Kassite\n|-resisted|p2b: Kartana\n|-damage|p1b: Kassite|7\/100\n|-damage|p2a: Deoxys|0 fnt\n|-damage|p2b: Kartana|0 fnt\n|faint|p2a: Deoxys\n|faint|p2b: Kartana\n|-enditem|p1a: Toxtricity|Throat Spray\n|-boost|p1a: Toxtricity|spa|1|[from] item: Throat Spray\n|\n|-start|p1b: Kassite|perish0\n|upkeep\n|faint|p1b: Kassite\n|\n|t:|1696782494\n|switch|p2a: Indeedee|Indeedee, M|100\/100\n|switch|p1b: Kallade|Iron Valiant|100\/100\n|switch|p2b: Typhlosion|Typhlosion, M|100\/100\n|-fieldstart|move: Psychic Terrain|[from] ability: Psychic Surge|[of] p2a: Indeedee\n|-damage|p1b: Kallade|94\/100|[from] Stealth Rock\n|-enditem|p1b: Kallade|Booster Energy\n|-activate|p1b: Kallade|ability: Quark Drive|[fromitem]\n|-start|p1b: Kallade|quarkdrivespe\n|turn|6\n|inactive|Jti gru has 120 seconds left.\n|\n|t:|1696782526\n|-terastallize|p2a: Indeedee|Psychic\n|move|p1b: Kallade|Aura Sphere|p2a: Indeedee\n|-resisted|p2a: Indeedee\n|-damage|p2a: Indeedee|73\/100\n|move|p2b: Typhlosion|Seismic Toss|p1b: Kallade\n|-damage|p1b: Kallade|60\/100\n|move|p2a: Indeedee|Expanding Force|p1b: Kallade|[spread] p1a,p1b\n|-supereffective|p1b: Kallade\n|-damage|p1a: Toxtricity|0 fnt\n|-damage|p1b: Kallade|0 fnt\n|faint|p1a: Toxtricity\n|faint|p1b: Kallade\n|-end|p1b: Kallade|Quark Drive|[silent]\n|\n|upkeep\n|\n|t:|1696782544\n|switch|p1a: Kodder|Walking Wake|100\/100\n|-damage|p1a: Kodder|88\/100|[from] Stealth Rock\n|-enditem|p1a: Kodder|Booster Energy\n|-activate|p1a: Kodder|ability: Protosynthesis|[fromitem]\n|-start|p1a: Kodder|protosynthesisspa\n|turn|7\n|\n|t:|1696782553\n|move|p2b: Typhlosion|Seismic Toss|p1a: Kodder\n|-damage|p1a: Kodder|59\/100\n|move|p2a: Indeedee|Expanding Force|p1a: Kodder\n|-crit|p1a: Kodder\n|-damage|p1a: Kodder|0 fnt\n|faint|p1a: Kodder\n|-end|p1a: Kodder|Protosynthesis|[silent]\n|\n|win|Jti gru\n|raw|Kapatrops K's rating: 1189 &rarr; <strong>1152<\/strong><br \/>(-37 for losing)\n|raw|Jti gru's rating: 1000 &rarr; <strong>1060<\/strong><br \/>(+60 for winning)\n|l|\u2606Kapatrops K\n","uploadtime":1696782577,"views":9,"p1id":"kapatropsk","p2id":"jtigru","formatid":"gen9nationaldexdoubles","rating":1060,"private":0,"password":""}