{"id":"gen9nationaldexdoubles-1972231235","p1":"robloxian5gl","p2":"Sneakipants","format":"[Gen 9] National Dex Doubles","log":"|j|\u2606robloxian5gl\n|j|\u2606Sneakipants\n|t:|1697823479\n|gametype|doubles\n|player|p1|robloxian5gl|geeta|1106\n|player|p2|Sneakipants|riley|1088\n|teamsize|p1|6\n|teamsize|p2|6\n|gen|9\n|tier|[Gen 9] National Dex Doubles\n|rated|\n|rule|HP Percentage Mod: HP is shown in percentages\n|rule|Endless Battle Clause: Forcing endless battles is banned\n|rule|OHKO Clause: OHKO moves are banned\n|rule|Evasion Moves Clause: Evasion moves are banned\n|rule|Evasion Abilities Clause: Evasion abilities are banned\n|rule|Species Clause: Limit one of each Pok\u00e9mon\n|rule|Gravity Sleep Clause: The combination of sleep-inducing moves with imperfect accuracy and Gravity or Gigantamax Orbeetle are banned\n|clearpoke\n|poke|p1|Glimmora, M|\n|poke|p1|Espathra, F|\n|poke|p1|Gogoat, M|\n|poke|p1|Avalugg, F|\n|poke|p1|Veluza, F|\n|poke|p1|Kingambit, M|\n|poke|p2|Regieleki|\n|poke|p2|Amoonguss, F|\n|poke|p2|Torkoal, F|\n|poke|p2|Grimmsnarl, M|\n|poke|p2|Clefable, F|\n|poke|p2|Basculegion-F, F|\n|teampreview\n|inactive|Battle timer is ON: inactive players will automatically lose when time's up. (requested by robloxian5gl)\n|\n|t:|1697823485\n|start\n|switch|p1a: Glimmora|Glimmora, M|100\/100\n|switch|p1b: Espathra|Espathra, F|100\/100\n|switch|p2a: Regieleki|Regieleki|100\/100\n|switch|p2b: Grimmsnarl|Grimmsnarl, M|100\/100\n|turn|1\n|\n|t:|1697823497\n|move|p2b: Grimmsnarl|Reflect|p2b: Grimmsnarl\n|-sidestart|p2: Sneakipants|Reflect\n|move|p2a: Regieleki|Electroweb|p1a: Glimmora|[spread] p1a,p1b\n|-damage|p1a: Glimmora|80\/100\n|-damage|p1b: Espathra|62\/100\n|-unboost|p1a: Glimmora|spe|1\n|-unboost|p1b: Espathra|spe|1\n|move|p1b: Espathra|Dazzling Gleam|p2a: Regieleki|[spread] p2a,p2b\n|-supereffective|p2b: Grimmsnarl\n|-damage|p2a: Regieleki|68\/100\n|-damage|p2b: Grimmsnarl|75\/100\n|move|p1a: Glimmora|Earth Power|p2a: Regieleki\n|-supereffective|p2a: Regieleki\n|-damage|p2a: Regieleki|0 fnt\n|faint|p2a: Regieleki\n|\n|upkeep\n|\n|t:|1697823515\n|switch|p2a: Amoonguss|Amoonguss, F|100\/100\n|turn|2\n|\n|t:|1697823525\n|-singleturn|p2b: Grimmsnarl|move: Focus Punch\n|move|p2a: Amoonguss|Rage Powder|p2a: Amoonguss\n|-singleturn|p2a: Amoonguss|move: Rage Powder\n|move|p1b: Espathra|Reflect|p1b: Espathra\n|-sidestart|p1: robloxian5gl|Reflect\n|move|p1a: Glimmora|Sludge Bomb|p2a: Amoonguss\n|-damage|p2a: Amoonguss|71\/100\n|move|p2b: Grimmsnarl|Focus Punch|p1b: Espathra\n|-resisted|p1b: Espathra\n|-damage|p1b: Espathra|38\/100\n|\n|upkeep\n|turn|3\n|\n|t:|1697823542\n|move|p1b: Espathra|Lumina Crash|p2a: Amoonguss\n|-supereffective|p2a: Amoonguss\n|-damage|p2a: Amoonguss|23\/100\n|-unboost|p2a: Amoonguss|spd|2\n|move|p1a: Glimmora|Sludge Bomb|p2b: Grimmsnarl\n|-supereffective|p2b: Grimmsnarl\n|-damage|p2b: Grimmsnarl|5\/100\n|move|p2b: Grimmsnarl|Darkest Lariat|p1a: Glimmora\n|-damage|p1a: Glimmora|51\/100\n|-activate|p1a: Glimmora|ability: Toxic Debris\n|-sidestart|p2: Sneakipants|move: Toxic Spikes\n|move|p2a: Amoonguss|Toxic|p1b: Espathra\n|-status|p1b: Espathra|tox\n|\n|-damage|p1b: Espathra|32\/100 tox|[from] psn\n|upkeep\n|turn|4\n|\n|t:|1697823569\n|move|p2a: Amoonguss|Rage Powder|p2a: Amoonguss\n|-singleturn|p2a: Amoonguss|move: Rage Powder\n|move|p1b: Espathra|Quick Attack|p2a: Amoonguss\n|-damage|p2a: Amoonguss|19\/100\n|move|p1a: Glimmora|Energy Ball|p2a: Amoonguss\n|-resisted|p2a: Amoonguss\n|-damage|p2a: Amoonguss|8\/100\n|move|p2b: Grimmsnarl|Darkest Lariat|p1b: Espathra\n|-supereffective|p1b: Espathra\n|-damage|p1b: Espathra|0 fnt\n|faint|p1b: Espathra\n|\n|upkeep\n|\n|t:|1697823584\n|switch|p1b: Gogoat|Gogoat, M|100\/100\n|turn|5\n|\n|t:|1697823595\n|-singleturn|p2b: Grimmsnarl|move: Focus Punch\n|move|p1a: Glimmora|Power Gem|p2b: Grimmsnarl\n|-damage|p2b: Grimmsnarl|0 fnt\n|faint|p2b: Grimmsnarl\n|move|p1b: Gogoat|Tera Blast|p2a: Amoonguss\n|-damage|p2a: Amoonguss|0 fnt\n|faint|p2a: Amoonguss\n|\n|-sideend|p2: Sneakipants|Reflect\n|upkeep\n|\n|t:|1697823608\n|switch|p2b: Clefable|Clefable, F|100\/100\n|switch|p2a: Torkoal|Torkoal, F|100\/100\n|-status|p2b: Clefable|psn\n|-status|p2a: Torkoal|psn\n|-weather|SunnyDay|[from] ability: Drought|[of] p2a: Torkoal\n|turn|6\n|\n|t:|1697823620\n|switch|p1b: Veluza|Veluza, F|100\/100\n|move|p1a: Glimmora|Sludge Bomb|p2b: Clefable\n|-supereffective|p2b: Clefable\n|-damage|p2b: Clefable|38\/100 psn\n|-enditem|p2b: Clefable|Weakness Policy\n|-boost|p2b: Clefable|atk|2|[from] item: Weakness Policy\n|-boost|p2b: Clefable|spa|2|[from] item: Weakness Policy\n|move|p2b: Clefable|Heal Bell|p2b: Clefable\n|-activate|p2b: Clefable|move: Heal Bell\n|-curestatus|p2a: Torkoal|psn|[msg]\n|-curestatus|p2b: Clefable|psn|[msg]\n|move|p2a: Torkoal|Eruption|p1a: Glimmora|[spread] p1a,p1b\n|-resisted|p1a: Glimmora\n|-resisted|p1b: Veluza\n|-damage|p1a: Glimmora|15\/100\n|-damage|p1b: Veluza|42\/100\n|-enditem|p1b: Veluza|Sitrus Berry|[eat]\n|-heal|p1b: Veluza|67\/100|[from] item: Sitrus Berry\n|\n|-weather|SunnyDay|[upkeep]\n|-sideend|p1: robloxian5gl|Reflect\n|upkeep\n|turn|7\n|\n|t:|1697823649\n|move|p1a: Glimmora|Sludge Bomb|p2b: Clefable\n|-supereffective|p2b: Clefable\n|-damage|p2b: Clefable|0 fnt\n|faint|p2b: Clefable\n|move|p1b: Veluza|Psycho Cut|p2a: Torkoal\n|-damage|p2a: Torkoal|55\/100\n|move|p2a: Torkoal|Eruption|p1a: Glimmora|[spread] p1a,p1b\n|-resisted|p1a: Glimmora\n|-resisted|p1b: Veluza\n|-damage|p1a: Glimmora|0 fnt\n|-damage|p1b: Veluza|39\/100\n|faint|p1a: Glimmora\n|\n|-weather|SunnyDay|[upkeep]\n|upkeep\n|\n|t:|1697823663\n|switch|p1a: Gogoat|Gogoat, M|100\/100\n|switch|p2b: Basculegion|Basculegion-F, F|100\/100\n|-status|p2b: Basculegion|psn\n|turn|8\n|\n|t:|1697823675\n|move|p2b: Basculegion|Shadow Ball|p1b: Veluza\n|-supereffective|p1b: Veluza\n|-damage|p1b: Veluza|0 fnt\n|faint|p1b: Veluza\n|move|p1a: Gogoat|Horn Leech|p2b: Basculegion\n|-supereffective|p2b: Basculegion\n|-damage|p2b: Basculegion|19\/100 psn\n|move|p2a: Torkoal|Eruption|p1a: Gogoat\n|-supereffective|p1a: Gogoat\n|-damage|p1a: Gogoat|0 fnt\n|faint|p1a: Gogoat\n|\n|-weather|SunnyDay|[upkeep]\n|-damage|p2b: Basculegion|7\/100 psn|[from] psn\n|upkeep\n|\n|t:|1697823689\n|switch|p1b: Avalugg|Avalugg, F|100\/100\n|switch|p1a: Kingambit|Kingambit, M|100\/100\n|-activate|p1a: Kingambit|ability: Supreme Overlord\n|-start|p1a: Kingambit|fallen4|[silent]\n|turn|9\n|\n|t:|1697823705\n|move|p1a: Kingambit|Sucker Punch|p2b: Basculegion\n|-supereffective|p2b: Basculegion\n|-damage|p2b: Basculegion|0 fnt\n|faint|p2b: Basculegion\n|move|p2a: Torkoal|Eruption|p1a: Kingambit|[spread] p1a,p1b\n|-supereffective|p1a: Kingambit\n|-supereffective|p1b: Avalugg\n|-damage|p1a: Kingambit|16\/100\n|-ability|p1b: Avalugg|Sturdy\n|-damage|p1b: Avalugg|1\/100\n|move|p1b: Avalugg|Body Press|p2a: Torkoal\n|-crit|p2a: Torkoal\n|-damage|p2a: Torkoal|5\/100\n|\n|-weather|SunnyDay|[upkeep]\n|upkeep\n|turn|10\n|\n|t:|1697823723\n|-terastallize|p2a: Torkoal|Fire\n|move|p2a: Torkoal|Eruption|p1b: Avalugg|[spread] p1a,p1b\n|-supereffective|p1a: Kingambit\n|-supereffective|p1b: Avalugg\n|-damage|p1a: Kingambit|7\/100\n|-damage|p1b: Avalugg|0 fnt\n|faint|p1b: Avalugg\n|move|p1a: Kingambit|Low Kick|p2a: Torkoal\n|-damage|p2a: Torkoal|0 fnt\n|faint|p2a: Torkoal\n|\n|win|robloxian5gl\n|raw|robloxian5gl's rating: 1106 &rarr; <strong>1130<\/strong><br \/>(+24 for winning)\n|raw|Sneakipants's rating: 1088 &rarr; <strong>1066<\/strong><br \/>(-22 for losing)\n","uploadtime":1697823740,"views":9,"p1id":"robloxian5gl","p2id":"sneakipants","formatid":"gen9nationaldexdoubles","rating":1066,"private":0,"password":""}