{"id":"gen9nationaldexdoubles-1989164522","p1":"Croc\/MK","p2":"SlowySlow","format":"[Gen 9] National Dex Doubles","log":"|j|\u2606Croc\/MK\n|j|\u2606SlowySlow\n|t:|1699819045\n|gametype|doubles\n|player|p1|Croc\/MK|169|1071\n|player|p2|SlowySlow|rocker-gen3|1064\n|teamsize|p1|6\n|teamsize|p2|6\n|gen|9\n|tier|[Gen 9] National Dex Doubles\n|rated|\n|rule|HP Percentage Mod: HP is shown in percentages\n|rule|Endless Battle Clause: Forcing endless battles is banned\n|rule|OHKO Clause: OHKO moves are banned\n|rule|Evasion Moves Clause: Evasion moves are banned\n|rule|Evasion Abilities Clause: Evasion abilities are banned\n|rule|Species Clause: Limit one of each Pok\u00e9mon\n|rule|Gravity Sleep Clause: The combination of sleep-inducing moves with imperfect accuracy and Gravity or Gigantamax Orbeetle are banned\n|clearpoke\n|poke|p1|Chi-Yu|\n|poke|p1|Gholdengo|\n|poke|p1|Flutter Mane|\n|poke|p1|Kingambit, M|\n|poke|p1|Ursaluna, M|\n|poke|p1|Chien-Pao|\n|poke|p2|Torkoal, M|\n|poke|p2|Charizard, F|\n|poke|p2|Venusaur, F|\n|poke|p2|Kartana|\n|poke|p2|Landorus-Therian, M|\n|poke|p2|Morpeko, F|\n|teampreview\n|inactive|Battle timer is ON: inactive players will automatically lose when time's up. (requested by SlowySlow)\n|\n|t:|1699819062\n|start\n|switch|p1a: Flutter Mane|Flutter Mane, shiny|100\/100\n|switch|p1b: Chi-Yu|Chi-Yu|100\/100\n|switch|p2a: Torkoal|Torkoal, M|100\/100\n|switch|p2b: Kartana|Kartana|100\/100\n|-ability|p1b: Chi-Yu|Beads of Ruin\n|-weather|SunnyDay|[from] ability: Drought|[of] p2a: Torkoal\n|-activate|p1a: Flutter Mane|ability: Protosynthesis\n|-start|p1a: Flutter Mane|protosynthesisspa\n|turn|1\n|\n|t:|1699819088\n|move|p2b: Kartana|Smart Strike|p1a: Flutter Mane\n|-supereffective|p1a: Flutter Mane\n|-damage|p1a: Flutter Mane|0 fnt\n|faint|p1a: Flutter Mane\n|-end|p1a: Flutter Mane|Protosynthesis|[silent]\n|-ability|p2b: Kartana|Beast Boost|boost\n|-boost|p2b: Kartana|atk|1\n|move|p1b: Chi-Yu|Heat Wave|p2b: Kartana|[spread] p2a,p2b\n|-resisted|p2a: Torkoal\n|-supereffective|p2b: Kartana\n|-damage|p2a: Torkoal|52\/100\n|-damage|p2b: Kartana|0 fnt\n|faint|p2b: Kartana\n|move|p2a: Torkoal|Stealth Rock|p1b: Chi-Yu\n|-sidestart|p1: Croc\/MK|move: Stealth Rock\n|\n|-weather|SunnyDay|[upkeep]\n|upkeep\n|\n|t:|1699819113\n|switch|p2b: Morpeko|Morpeko, F|100\/100\n|switch|p1a: Ursaluna|Ursaluna, M, shiny|100\/100\n|-damage|p1a: Ursaluna|94\/100|[from] Stealth Rock\n|turn|2\n|\n|t:|1699819136\n|move|p2b: Morpeko|Fake Out|p1a: Ursaluna\n|-damage|p1a: Ursaluna|86\/100\n|move|p1b: Chi-Yu|Heat Wave|p2a: Torkoal|[spread] p2a,p2b\n|-resisted|p2a: Torkoal\n|-damage|p2a: Torkoal|0 fnt\n|-enditem|p2b: Morpeko|Focus Sash\n|-damage|p2b: Morpeko|1\/100\n|faint|p2a: Torkoal\n|cant|p1a: Ursaluna|flinch\n|\n|-weather|SunnyDay|[upkeep]\n|-status|p1a: Ursaluna|brn|[from] item: Flame Orb\n|-formechange|p2b: Morpeko|Morpeko-Hangry||[from] ability: Hunger Switch\n|upkeep\n|\n|t:|1699819147\n|switch|p2a: Charcoal|Venusaur, F|100\/100\n|turn|3\n|\n|t:|1699819159\n|-terastallize|p2a: Charcoal|Fire\n|move|p2a: Charcoal|Solar Beam||[still]\n|-prepare|p2a: Charcoal|Solar Beam\n|-anim|p2a: Charcoal|Solar Beam|p1a: Ursaluna\n|-supereffective|p1a: Ursaluna\n|-damage|p1a: Ursaluna|0 fnt\n|faint|p1a: Ursaluna\n|-damage|p2a: Charcoal|91\/100|[from] item: Life Orb\n|move|p2b: Morpeko|Aura Wheel|p1b: Chi-Yu\n|-resisted|p1b: Chi-Yu\n|-damage|p1b: Chi-Yu|61\/100\n|-boost|p2b: Morpeko|spe|1\n|move|p1b: Chi-Yu|Heat Wave|p2a: Charcoal|[spread] p2a,p2b\n|-resisted|p2a: Charcoal\n|-damage|p2a: Charcoal|48\/100\n|-damage|p2b: Morpeko|0 fnt\n|faint|p2b: Morpeko\n|\n|-weather|SunnyDay|[upkeep]\n|-heal|p1b: Chi-Yu|67\/100|[from] item: Leftovers\n|upkeep\n|inactive|Croc\/MK has 120 seconds left.\n|\n|t:|1699819213\n|switch|p2b: Landorus|Landorus-Therian, M|100\/100\n|switch|p1a: Chien-Pao|Chien-Pao|100\/100\n|-damage|p1a: Chien-Pao|76\/100|[from] Stealth Rock\n|-ability|p1a: Chien-Pao|Sword of Ruin\n|-ability|p2b: Landorus|Intimidate|boost\n|-unboost|p1a: Chien-Pao|atk|1\n|-unboost|p1b: Chi-Yu|atk|1\n|turn|4\n|inactive|Croc\/MK has 120 seconds left.\n|inactive|Croc\/MK has 90 seconds left.\n|\n|t:|1699819249\n|move|p2a: Charcoal|Weather Ball|p1a: Chien-Pao\n|-supereffective|p1a: Chien-Pao\n|-damage|p1a: Chien-Pao|0 fnt\n|faint|p1a: Chien-Pao\n|-damage|p2a: Charcoal|38\/100|[from] item: Life Orb\n|move|p2b: Landorus|Earthquake|p1b: Chi-Yu|[spread] p2a,p1b\n|-supereffective|p2a: Charcoal\n|-supereffective|p1b: Chi-Yu\n|-damage|p2a: Charcoal|0 fnt\n|-damage|p1b: Chi-Yu|0 fnt\n|faint|p2a: Charcoal\n|faint|p1b: Chi-Yu\n|\n|-weather|SunnyDay|[upkeep]\n|upkeep\n|\n|t:|1699819263\n|switch|p1a: Kingambit|Kingambit, M, shiny|100\/100\n|switch|p1b: Gholdengo|Gholdengo|100\/100\n|switch|p2a: Charizard|Charizard, F|100\/100\n|-damage|p1b: Gholdengo|94\/100|[from] Stealth Rock\n|-damage|p1a: Kingambit|94\/100|[from] Stealth Rock\n|-activate|p1a: Kingambit|ability: Supreme Overlord\n|-start|p1a: Kingambit|fallen4|[silent]\n|turn|5\n|inactive|Croc\/MK has 120 seconds left.\n|\n|t:|1699819285\n|move|p2a: Charizard|Helping Hand|p2b: Landorus\n|-singleturn|p2b: Landorus|Helping Hand|[of] p2a: Charizard\n|move|p1a: Kingambit|Sucker Punch||[still]\n|-fail|p1a: Kingambit\n|move|p2b: Landorus|Earthquake|p1a: Kingambit|[spread] p1a,p1b\n|-immune|p2a: Charizard\n|-supereffective|p1a: Kingambit\n|-supereffective|p1b: Gholdengo\n|-damage|p1a: Kingambit|0 fnt\n|-damage|p1b: Gholdengo|0 fnt\n|faint|p1a: Kingambit\n|-end|p1a: Kingambit|fallen4|[silent]\n|faint|p1b: Gholdengo\n|\n|win|SlowySlow\n|raw|Croc&#x2f;MK's rating: 1071 &rarr; <strong>1050<\/strong><br \/>(-21 for losing)\n|raw|SlowySlow's rating: 1064 &rarr; <strong>1095<\/strong><br \/>(+31 for winning)\n|c|\u2606SlowySlow|gg\n|l|\u2606Croc\/MK\n","uploadtime":1699819298,"views":5,"p1id":"crocmk","p2id":"slowyslow","formatid":"gen9nationaldexdoubles","rating":1050,"private":0,"password":""}