{"id":"gen9nationaldexdoubles-1956273153","p1":"munchceliaxoxo","p2":"WeezyFMike","format":"[Gen 9] National Dex Doubles","log":"|j|\u2606munchceliaxoxo\n|j|\u2606WeezyFMike\n|t:|1696091919\n|gametype|doubles\n|player|p1|munchceliaxoxo|winona|1000\n|player|p2|WeezyFMike|102|1051\n|teamsize|p1|6\n|teamsize|p2|4\n|gen|9\n|tier|[Gen 9] National Dex Doubles\n|rated|\n|rule|HP Percentage Mod: HP is shown in percentages\n|rule|Endless Battle Clause: Forcing endless battles is banned\n|rule|OHKO Clause: OHKO moves are banned\n|rule|Evasion Moves Clause: Evasion moves are banned\n|rule|Evasion Abilities Clause: Evasion abilities are banned\n|rule|Species Clause: Limit one of each Pok\u00e9mon\n|rule|Gravity Sleep Clause: The combination of sleep-inducing moves with imperfect accuracy and Gravity or Gigantamax Orbeetle are banned\n|clearpoke\n|poke|p1|Whimsicott, F|\n|poke|p1|Chimecho, M|\n|poke|p1|Ribombee, M|\n|poke|p1|Oricorio-Sensu, M|\n|poke|p1|Lycanroc, F|\n|poke|p1|Toxtricity-Low-Key, M|\n|poke|p2|Flutter Mane|\n|poke|p2|Amoonguss, M|\n|poke|p2|Basculegion, M|\n|poke|p2|Kingambit, M|\n|teampreview\n|\n|t:|1696091930\n|start\n|switch|p1a: Whimsicott|Whimsicott, F|100\/100\n|switch|p1b: Chimecho|Chimecho, M|100\/100\n|switch|p2a: Flutter Mane|Flutter Mane|100\/100\n|switch|p2b: Amoonguss|Amoonguss, M|100\/100\n|-enditem|p2a: Flutter Mane|Booster Energy\n|-activate|p2a: Flutter Mane|ability: Protosynthesis|[fromitem]\n|-start|p2a: Flutter Mane|protosynthesisspe\n|turn|1\n|\n|t:|1696091947\n|-terastallize|p1b: Chimecho|Electric\n|move|p1a: Whimsicott|Tailwind|p1a: Whimsicott\n|-sidestart|p1: munchceliaxoxo|move: Tailwind\n|move|p2a: Flutter Mane|Perish Song|p2a: Flutter Mane\n|-start|p1a: Whimsicott|perish3|[silent]\n|-start|p1b: Chimecho|perish3|[silent]\n|-start|p2a: Flutter Mane|perish3|[silent]\n|-start|p2b: Amoonguss|perish3|[silent]\n|-fieldactivate|move: Perish Song\n|move|p1b: Chimecho|Cosmic Power|p1b: Chimecho\n|-boost|p1b: Chimecho|def|1\n|-boost|p1b: Chimecho|spd|1\n|move|p2b: Amoonguss|Spore|p1a: Whimsicott\n|-immune|p1a: Whimsicott\n|\n|-start|p2a: Flutter Mane|perish3\n|-start|p1a: Whimsicott|perish3\n|-start|p1b: Chimecho|perish3\n|-start|p2b: Amoonguss|perish3\n|upkeep\n|turn|2\n|\n|t:|1696091972\n|move|p1a: Whimsicott|Encore|p2a: Flutter Mane\n|-start|p2a: Flutter Mane|Encore\n|move|p2a: Flutter Mane|Perish Song||[still]\n|-fail|p2a: Flutter Mane\n|move|p1b: Chimecho|Cosmic Power|p1b: Chimecho\n|-boost|p1b: Chimecho|def|1\n|-boost|p1b: Chimecho|spd|1\n|move|p2b: Amoonguss|Spore|p1b: Chimecho\n|-status|p1b: Chimecho|slp|[from] move: Spore\n|\n|-start|p2a: Flutter Mane|perish2\n|-start|p1a: Whimsicott|perish2\n|-start|p1b: Chimecho|perish2\n|-start|p2b: Amoonguss|perish2\n|upkeep\n|turn|3\n|\n|t:|1696092009\n|-end|p2a: Flutter Mane|Protosynthesis|[silent]\n|switch|p2a: Kingambit|Kingambit, M|100\/100\n|switch|p1a: Ribombee|Ribombee, M|100\/100\n|cant|p1b: Chimecho|slp\n|move|p2b: Amoonguss|Clear Smog|p1b: Chimecho\n|-damage|p1b: Chimecho|88\/100 slp\n|-clearboost|p1b: Chimecho\n|\n|-heal|p1b: Chimecho|94\/100 slp|[from] item: Leftovers\n|-start|p1b: Chimecho|perish1\n|-start|p2b: Amoonguss|perish1\n|upkeep\n|turn|4\n|\n|t:|1696092048\n|switch|p1b: Lycanroc|Lycanroc, F, shiny|100\/100\n|switch|p2b: Basculegion|Basculegion, M|100\/100\n|move|p1a: Ribombee|Quiver Dance|p1a: Ribombee\n|-boost|p1a: Ribombee|spa|1\n|-boost|p1a: Ribombee|spd|1\n|-boost|p1a: Ribombee|spe|1\n|move|p2a: Kingambit|Iron Head|p1a: Ribombee\n|-supereffective|p1a: Ribombee\n|-enditem|p1a: Ribombee|Focus Sash\n|-damage|p1a: Ribombee|1\/100\n|\n|-sideend|p1: munchceliaxoxo|move: Tailwind\n|upkeep\n|turn|5\n|\n|t:|1696092070\n|move|p1a: Ribombee|Dazzling Gleam|p2b: Basculegion|[spread] p2a,p2b\n|-damage|p2a: Kingambit|78\/100\n|-damage|p2b: Basculegion|59\/100\n|move|p1b: Lycanroc|Close Combat|p2a: Kingambit\n|-supereffective|p2a: Kingambit\n|-damage|p2a: Kingambit|0 fnt\n|-unboost|p1b: Lycanroc|def|1\n|-unboost|p1b: Lycanroc|spd|1\n|faint|p2a: Kingambit\n|-damage|p1b: Lycanroc|91\/100|[from] item: Life Orb\n|move|p2b: Basculegion|Flip Turn|p1a: Ribombee\n|-damage|p1a: Ribombee|0 fnt\n|faint|p1a: Ribombee\n|\n|t:|1696092085\n|switch|p2b: Flutter Mane|Flutter Mane|100\/100|[from] Flip Turn\n|\n|upkeep\n|\n|t:|1696092090\n|switch|p1a: Toxtricity|Toxtricity-Low-Key, M, shiny|100\/100\n|switch|p2a: Amoonguss|Amoonguss, M|100\/100\n|turn|6\n|\n|t:|1696092104\n|move|p2b: Flutter Mane|Perish Song|p2b: Flutter Mane\n|-start|p1a: Toxtricity|perish3|[silent]\n|-start|p1b: Lycanroc|perish3|[silent]\n|-start|p2a: Amoonguss|perish3|[silent]\n|-start|p2b: Flutter Mane|perish3|[silent]\n|-fieldactivate|move: Perish Song\n|move|p1b: Lycanroc|Crunch|p2b: Flutter Mane\n|-damage|p2b: Flutter Mane|34\/100\n|-unboost|p2b: Flutter Mane|def|1\n|-damage|p1b: Lycanroc|81\/100|[from] item: Life Orb\n|move|p1a: Toxtricity|Boomburst|p2a: Amoonguss|[spread] p1b,p2a\n|-immune|p2b: Flutter Mane\n|-resisted|p1b: Lycanroc\n|-crit|p1b: Lycanroc\n|-damage|p1b: Lycanroc|0 fnt\n|-damage|p2a: Amoonguss|50\/100\n|faint|p1b: Lycanroc\n|-enditem|p1a: Toxtricity|Throat Spray\n|-boost|p1a: Toxtricity|spa|1|[from] item: Throat Spray\n|move|p2a: Amoonguss|Spore|p1a: Toxtricity\n|-status|p1a: Toxtricity|slp|[from] move: Spore\n|\n|-start|p2b: Flutter Mane|perish3\n|-start|p1a: Toxtricity|perish3\n|-start|p2a: Amoonguss|perish3\n|upkeep\n|\n|t:|1696092132\n|switch|p1b: Oricorio|Oricorio-Sensu, M|100\/100\n|turn|7\n|\n|t:|1696092139\n|move|p2b: Flutter Mane|Mean Look|p1a: Toxtricity\n|-activate|p1a: Toxtricity|trapped\n|move|p1b: Oricorio|Revelation Dance|p2b: Flutter Mane\n|-supereffective|p2b: Flutter Mane\n|-damage|p2b: Flutter Mane|0 fnt\n|faint|p2b: Flutter Mane\n|-end|p2b: Flutter Mane|Protosynthesis|[silent]\n|cant|p1a: Toxtricity|slp\n|move|p2a: Amoonguss|Spore|p1b: Oricorio\n|-status|p1b: Oricorio|slp|[from] move: Spore\n|\n|-start|p1a: Toxtricity|perish2\n|-start|p2a: Amoonguss|perish2\n|upkeep\n|\n|t:|1696092153\n|switch|p2b: Basculegion|Basculegion, M|59\/100\n|turn|8\n|\n|t:|1696092169\n|cant|p1b: Oricorio|slp\n|move|p2b: Basculegion|Agility|p2b: Basculegion\n|-boost|p2b: Basculegion|spe|2\n|cant|p1a: Toxtricity|slp\n|move|p2a: Amoonguss|Hex|p1b: Oricorio\n|-supereffective|p1b: Oricorio\n|-enditem|p1b: Oricorio|Focus Sash\n|-damage|p1b: Oricorio|1\/100 slp\n|\n|-start|p1a: Toxtricity|perish1\n|-start|p2a: Amoonguss|perish1\n|upkeep\n|turn|9\n|\n|t:|1696092191\n|move|p2b: Basculegion|Agility|p2b: Basculegion\n|-boost|p2b: Basculegion|spe|2\n|cant|p1b: Oricorio|slp\n|cant|p1a: Toxtricity|slp\n|move|p2a: Amoonguss|Hex|p1b: Oricorio\n|-supereffective|p1b: Oricorio\n|-damage|p1b: Oricorio|0 fnt\n|faint|p1b: Oricorio\n|\n|-start|p1a: Toxtricity|perish0\n|-start|p2a: Amoonguss|perish0\n|upkeep\n|faint|p1a: Toxtricity\n|faint|p2a: Amoonguss\n|\n|t:|1696092207\n|switch|p1b: Chimecho|Chimecho, M, tera:Electric|94\/100 slp\n|switch|p1a: Whimsicott|Whimsicott, F|100\/100\n|turn|10\n|\n|t:|1696092220\n|move|p1a: Whimsicott|Encore|p2b: Basculegion\n|-start|p2b: Basculegion|Encore\n|move|p2b: Basculegion|Agility|p2b: Basculegion\n|-boost|p2b: Basculegion|spe|2\n|-curestatus|p1b: Chimecho|slp|[msg]\n|move|p1b: Chimecho|Cosmic Power|p1b: Chimecho\n|-boost|p1b: Chimecho|def|1\n|-boost|p1b: Chimecho|spd|1\n|\n|-heal|p1b: Chimecho|99\/100|[from] item: Leftovers\n|upkeep\n|turn|11\n|\n|t:|1696092245\n|move|p1a: Whimsicott|Growth|p1a: Whimsicott\n|-boost|p1a: Whimsicott|atk|1\n|-boost|p1a: Whimsicott|spa|1\n|move|p2b: Basculegion|Agility|p2b: Basculegion\n|-boost|p2b: Basculegion|spe|0\n|move|p1b: Chimecho|Cosmic Power|p1b: Chimecho\n|-boost|p1b: Chimecho|def|1\n|-boost|p1b: Chimecho|spd|1\n|\n|-heal|p1b: Chimecho|100\/100|[from] item: Leftovers\n|upkeep\n|turn|12\n|\n|t:|1696092264\n|move|p2b: Basculegion|Agility|p2b: Basculegion\n|-boost|p2b: Basculegion|spe|0\n|move|p1a: Whimsicott|U-turn|p2b: Basculegion\n|-resisted|p2b: Basculegion\n|-damage|p2b: Basculegion|48\/100\n|move|p1b: Chimecho|Stored Power|p2b: Basculegion\n|-damage|p2b: Basculegion|11\/100\n|-enditem|p2b: Basculegion|Aguav Berry|[eat]\n|-heal|p2b: Basculegion|44\/100|[from] item: Aguav Berry\n|\n|-end|p2b: Basculegion|Encore\n|upkeep\n|turn|13\n|\n|t:|1696092280\n|move|p1a: Whimsicott|Encore|p2b: Basculegion\n|-start|p2b: Basculegion|Encore\n|move|p2b: Basculegion|Agility|p2b: Basculegion\n|-boost|p2b: Basculegion|spe|0\n|move|p1b: Chimecho|Stored Power|p2b: Basculegion\n|-damage|p2b: Basculegion|3\/100\n|\n|upkeep\n|turn|14\n|-message|WeezyFMike forfeited.\n|\n|win|munchceliaxoxo\n|raw|munchceliaxoxo's rating: 1000 &rarr; <strong>1046<\/strong><br \/>(+46 for winning)\n|raw|WeezyFMike's rating: 1051 &rarr; <strong>1031<\/strong><br \/>(-20 for losing)\n|l|\u2606WeezyFMike\n|c|\u2606munchceliaxoxo|\ud83d\ude2d wack ass mf\n","uploadtime":1696092322,"views":6,"p1id":"munchceliaxoxo","p2id":"weezyfmike","formatid":"gen9nationaldexdoubles","rating":1031,"private":0,"password":""}