{"id":"gen9nationaldexdoubles-1963718225","p1":"Denvah_17","p2":"AlphaApolo","format":"[Gen 9] National Dex Doubles","log":"|j|\u2606Denvah_17\n|j|\u2606AlphaApolo\n|t:|1696893032\n|gametype|doubles\n|player|p1|Denvah_17|alder|1382\n|player|p2|AlphaApolo|juan|1184\n|teamsize|p1|6\n|teamsize|p2|6\n|gen|9\n|tier|[Gen 9] National Dex Doubles\n|rated|\n|rule|HP Percentage Mod: HP is shown in percentages\n|rule|Endless Battle Clause: Forcing endless battles is banned\n|rule|OHKO Clause: OHKO moves are banned\n|rule|Evasion Moves Clause: Evasion moves are banned\n|rule|Evasion Abilities Clause: Evasion abilities are banned\n|rule|Species Clause: Limit one of each Pok\u00e9mon\n|rule|Gravity Sleep Clause: The combination of sleep-inducing moves with imperfect accuracy and Gravity or Gigantamax Orbeetle are banned\n|clearpoke\n|poke|p1|Sinistcha-Masterpiece|\n|poke|p1|Enamorus, F|\n|poke|p1|Volcanion|\n|poke|p1|Scizor, M|\n|poke|p1|Okidogi, M|\n|poke|p1|Ursaluna-Bloodmoon, M|\n|poke|p2|Amoonguss, M|\n|poke|p2|Spiritomb, M|\n|poke|p2|Clefable, M|\n|poke|p2|Garchomp, M|\n|poke|p2|Azumarill, F|\n|poke|p2|Indeedee-F, F|\n|teampreview\n|inactive|Battle timer is ON: inactive players will automatically lose when time's up. (requested by Denvah_17)\n|\n|t:|1696893062\n|start\n|switch|p1a: Sonria|Enamorus, F|100\/100\n|switch|p1b: Grass Latte|Sinistcha-Masterpiece|100\/100\n|switch|p2a: Clefable|Clefable, M, shiny|100\/100\n|switch|p2b: Garchomp|Garchomp, M, shiny|100\/100\n|turn|1\n|\n|t:|1696893088\n|move|p2a: Clefable|Follow Me|p2a: Clefable\n|-singleturn|p2a: Clefable|move: Follow Me\n|move|p1a: Sonria|Play Rough|p2a: Clefable\n|-damage|p2a: Clefable|56\/100\n|move|p2b: Garchomp|Swords Dance|p2b: Garchomp\n|-boost|p2b: Garchomp|atk|2\n|move|p1b: Grass Latte|Strength Sap|p2a: Clefable\n|-unboost|p2a: Clefable|atk|1\n|\n|-heal|p2a: Clefable|62\/100|[from] item: Leftovers\n|upkeep\n|turn|2\n|\n|t:|1696893111\n|switch|p1b: Sudafed|Scizor, M|100\/100\n|detailschange|p2b: Garchomp|Garchomp-Mega, M, shiny\n|-mega|p2b: Garchomp|Garchomp|Garchompite\n|move|p2a: Clefable|Follow Me|p2a: Clefable\n|-singleturn|p2a: Clefable|move: Follow Me\n|move|p1a: Sonria|Play Rough|p2a: Clefable|[miss]\n|-miss|p1a: Sonria|p2a: Clefable\n|move|p2b: Garchomp|Iron Head|p1a: Sonria\n|-supereffective|p1a: Sonria\n|-damage|p1a: Sonria|0 fnt\n|faint|p1a: Sonria\n|\n|-heal|p2a: Clefable|68\/100|[from] item: Leftovers\n|upkeep\n|inactive|Denvah_17 has 120 seconds left.\n|\n|t:|1696893131\n|switch|p1a: Saxophone|Volcanion|100\/100\n|turn|3\n|\n|t:|1696893144\n|switch|p2a: Amoonguss|Amoonguss, M, shiny|100\/100\n|detailschange|p1b: Sudafed|Scizor-Mega, M\n|-mega|p1b: Sudafed|Scizor|Scizorite\n|move|p1b: Sudafed|Bullet Punch|p2a: Amoonguss\n|-damage|p2a: Amoonguss|60\/100\n|move|p1a: Saxophone|Steam Eruption|p2b: Garchomp\n|-damage|p2b: Garchomp|39\/100\n|move|p2b: Garchomp|Dragon Tail|p1b: Sudafed|[miss]\n|-miss|p2b: Garchomp|p1b: Sudafed\n|\n|-heal|p2a: Amoonguss|66\/100|[from] item: Black Sludge\n|upkeep\n|turn|4\n|\n|t:|1696893164\n|move|p2a: Amoonguss|Protect|p2a: Amoonguss\n|-singleturn|p2a: Amoonguss|Protect\n|move|p2b: Garchomp|Scale Shot|p1a: Saxophone\n|-damage|p1a: Saxophone|76\/100\n|-damage|p1a: Saxophone|50\/100\n|-damage|p1a: Saxophone|23\/100\n|-damage|p1a: Saxophone|0 fnt\n|faint|p1a: Saxophone\n|-hitcount|p1: Saxophone|4\n|-unboost|p2b: Garchomp|def|1\n|-boost|p2b: Garchomp|spe|1\n|move|p1b: Sudafed|Bug Bite|p2a: Amoonguss\n|-activate|p2a: Amoonguss|move: Protect\n|\n|-heal|p2a: Amoonguss|72\/100|[from] item: Black Sludge\n|upkeep\n|\n|t:|1696893178\n|switch|p1a: Xi Jinping|Ursaluna-Bloodmoon, M|100\/100\n|turn|5\n|\n|t:|1696893193\n|move|p1b: Sudafed|Bullet Punch|p2b: Garchomp\n|-damage|p2b: Garchomp|0 fnt\n|faint|p2b: Garchomp\n|move|p1a: Xi Jinping|Blood Moon|p2a: Amoonguss\n|-damage|p2a: Amoonguss|16\/100\n|move|p2a: Amoonguss|Spore|p1b: Sudafed\n|-status|p1b: Sudafed|slp|[from] move: Spore\n|\n|-heal|p2a: Amoonguss|22\/100|[from] item: Black Sludge\n|upkeep\n|inactive|AlphaApolo has 120 seconds left.\n|\n|t:|1696893227\n|switch|p2b: Clefable|Clefable, M, shiny|68\/100\n|turn|6\n|\n|t:|1696893239\n|switch|p2a: Spiritomb|Spiritomb, M, shiny|100\/100\n|move|p2b: Clefable|Follow Me|p2b: Clefable\n|-singleturn|p2b: Clefable|move: Follow Me\n|cant|p1b: Sudafed|slp\n|move|p1a: Xi Jinping|Calm Mind|p1a: Xi Jinping\n|-boost|p1a: Xi Jinping|spa|1\n|-boost|p1a: Xi Jinping|spd|1\n|\n|-heal|p2b: Clefable|74\/100|[from] item: Leftovers\n|upkeep\n|turn|7\n|\n|t:|1696893262\n|-terastallize|p2a: Spiritomb|Ghost\n|cant|p1b: Sudafed|slp\n|move|p2b: Clefable|Light Screen|p2b: Clefable\n|-sidestart|p2: AlphaApolo|move: Light Screen\n|move|p1a: Xi Jinping|Blood Moon|p2a: Spiritomb\n|-crit|p2a: Spiritomb\n|-damage|p2a: Spiritomb|0 fnt\n|faint|p2a: Spiritomb\n|\n|-heal|p2b: Clefable|80\/100|[from] item: Leftovers\n|upkeep\n|inactive|AlphaApolo has 120 seconds left.\n|\n|t:|1696893277\n|switch|p2a: Indeedee|Indeedee-F, F, shiny|100\/100\n|-fieldstart|move: Psychic Terrain|[from] ability: Psychic Surge|[of] p2a: Indeedee\n|turn|8\n|\n|t:|1696893296\n|cant|p1b: Sudafed|slp\n|move|p2b: Clefable|Reflect|p2b: Clefable\n|-sidestart|p2: AlphaApolo|Reflect\n|move|p1a: Xi Jinping|Calm Mind|p1a: Xi Jinping\n|-boost|p1a: Xi Jinping|spa|1\n|-boost|p1a: Xi Jinping|spd|1\n|move|p2a: Indeedee|Trick Room|p2a: Indeedee\n|-fieldstart|move: Trick Room|[of] p2a: Indeedee\n|\n|-heal|p2b: Clefable|87\/100|[from] item: Leftovers\n|upkeep\n|turn|9\n|\n|t:|1696893314\n|move|p2b: Clefable|Follow Me|p2b: Clefable\n|-singleturn|p2b: Clefable|move: Follow Me\n|move|p1a: Xi Jinping|Blood Moon|p2b: Clefable\n|-crit|p2b: Clefable\n|-damage|p2b: Clefable|0 fnt\n|faint|p2b: Clefable\n|-curestatus|p1b: Sudafed|slp|[msg]\n|move|p1b: Sudafed|Bug Bite|p2a: Indeedee\n|-supereffective|p2a: Indeedee\n|-damage|p2a: Indeedee|0 fnt\n|faint|p2a: Indeedee\n|\n|upkeep\n|\n|t:|1696893326\n|switch|p2b: Amoonguss|Amoonguss, M, shiny|55\/100\n|switch|p2a: Azumarill|Azumarill, F, shiny|100\/100\n|turn|10\n|\n|t:|1696893338\n|move|p1b: Sudafed|Bullet Punch|p2a: Azumarill\n|-activate|p2a: Azumarill|move: Psychic Terrain\n|move|p2b: Amoonguss|Spore|p1a: Xi Jinping\n|-status|p1a: Xi Jinping|slp|[from] move: Spore\n|-zpower|p2a: Azumarill\n|move|p2a: Azumarill|Twinkle Tackle|p1a: Xi Jinping|[zeffect]\n|-damage|p1a: Xi Jinping|62\/100 slp\n|cant|p1a: Xi Jinping|slp\n|\n|-heal|p2b: Amoonguss|61\/100|[from] item: Black Sludge\n|-heal|p1a: Xi Jinping|68\/100 slp|[from] item: Leftovers\n|upkeep\n|turn|11\n|\n|t:|1696893359\n|move|p2b: Amoonguss|Spore|p1b: Sudafed\n|-status|p1b: Sudafed|slp|[from] move: Spore\n|move|p2a: Azumarill|Belly Drum|p2a: Azumarill\n|-damage|p2a: Azumarill|50\/100\n|-setboost|p2a: Azumarill|atk|6|[from] move: Belly Drum\n|-curestatus|p1a: Xi Jinping|slp|[msg]\n|move|p1a: Xi Jinping|Moonlight|p1a: Xi Jinping\n|-heal|p1a: Xi Jinping|100\/100\n|cant|p1b: Sudafed|slp\n|\n|-heal|p2b: Amoonguss|68\/100|[from] item: Black Sludge\n|-sideend|p2: AlphaApolo|move: Light Screen\n|upkeep\n|turn|12\n|\n|t:|1696893389\n|move|p2b: Amoonguss|Spore|p1a: Xi Jinping\n|-status|p1a: Xi Jinping|slp|[from] move: Spore\n|move|p2a: Azumarill|Play Rough|p1a: Xi Jinping\n|-damage|p1a: Xi Jinping|30\/100 slp\n|-unboost|p1a: Xi Jinping|atk|1\n|cant|p1a: Xi Jinping|slp\n|cant|p1b: Sudafed|slp\n|\n|-heal|p2b: Amoonguss|74\/100|[from] item: Black Sludge\n|-heal|p1a: Xi Jinping|36\/100 slp|[from] item: Leftovers\n|-sideend|p2: AlphaApolo|Reflect\n|-fieldend|move: Trick Room\n|-fieldend|move: Psychic Terrain\n|upkeep\n|turn|13\n|\n|t:|1696893408\n|cant|p1b: Sudafed|slp\n|move|p2a: Azumarill|Aqua Jet|p1a: Xi Jinping\n|-supereffective|p1a: Xi Jinping\n|-damage|p1a: Xi Jinping|0 fnt\n|faint|p1a: Xi Jinping\n|move|p2b: Amoonguss|Giga Drain|p1b: Sudafed\n|-resisted|p1b: Sudafed\n|-damage|p1b: Sudafed|95\/100 slp\n|-heal|p2b: Amoonguss|76\/100|[from] drain|[of] p1b: Sudafed\n|\n|-heal|p2b: Amoonguss|82\/100|[from] item: Black Sludge\n|upkeep\n|\n|t:|1696893414\n|switch|p1a: Grass Latte|Sinistcha-Masterpiece|100\/100\n|turn|14\n|\n|t:|1696893428\n|-terastallize|p1a: Grass Latte|Grass\n|move|p2a: Azumarill|Protect|p2a: Azumarill\n|-singleturn|p2a: Azumarill|Protect\n|-curestatus|p1b: Sudafed|slp|[msg]\n|move|p1b: Sudafed|Bullet Punch|p2a: Azumarill\n|-activate|p2a: Azumarill|move: Protect\n|move|p1a: Grass Latte|Matcha Gotcha|p2a: Azumarill|[spread] p2b\n|-activate|p2a: Azumarill|move: Protect\n|-resisted|p2b: Amoonguss\n|-damage|p2b: Amoonguss|76\/100\n|move|p2b: Amoonguss|Sludge Bomb|p1a: Grass Latte\n|-supereffective|p1a: Grass Latte\n|-damage|p1a: Grass Latte|43\/100\n|-enditem|p1a: Grass Latte|Weakness Policy\n|-boost|p1a: Grass Latte|atk|2|[from] item: Weakness Policy\n|-boost|p1a: Grass Latte|spa|2|[from] item: Weakness Policy\n|\n|-heal|p2b: Amoonguss|83\/100|[from] item: Black Sludge\n|upkeep\n|turn|15\n|\n|t:|1696893454\n|move|p1b: Sudafed|Bullet Punch|p2a: Azumarill\n|-damage|p2a: Azumarill|8\/100\n|move|p2a: Azumarill|Aqua Jet|p1b: Sudafed\n|-damage|p1b: Sudafed|59\/100\n|move|p1a: Grass Latte|Matcha Gotcha|p2a: Azumarill|[spread] p2b\n|-immune|p2a: Azumarill|[from] ability: Sap Sipper\n|-resisted|p2b: Amoonguss\n|-damage|p2b: Amoonguss|71\/100\n|-heal|p1a: Grass Latte|51\/100|[from] drain|[of] p2b: Amoonguss\n|move|p2b: Amoonguss|Spore|p1b: Sudafed\n|-status|p1b: Sudafed|slp|[from] move: Spore\n|\n|-heal|p2b: Amoonguss|78\/100|[from] item: Black Sludge\n|upkeep\n|turn|16\n|\n|t:|1696893473\n|cant|p1b: Sudafed|slp\n|move|p1a: Grass Latte|Hex|p2b: Amoonguss\n|-damage|p2b: Amoonguss|36\/100\n|move|p2a: Azumarill|Play Rough|p1b: Sudafed\n|-resisted|p1b: Sudafed\n|-damage|p1b: Sudafed|17\/100 slp\n|move|p2b: Amoonguss|Sludge Bomb|p1a: Grass Latte\n|-supereffective|p1a: Grass Latte\n|-damage|p1a: Grass Latte|0 fnt\n|faint|p1a: Grass Latte\n|\n|-heal|p2b: Amoonguss|43\/100|[from] item: Black Sludge\n|upkeep\n|\n|t:|1696893481\n|switch|p1a: Dogecoin|Okidogi, M|100\/100\n|turn|17\n|\n|t:|1696893507\n|cant|p1b: Sudafed|slp\n|move|p2a: Azumarill|Aqua Jet|p1b: Sudafed\n|-damage|p1b: Sudafed|0 fnt\n|faint|p1b: Sudafed\n|move|p1a: Dogecoin|Ice Punch|p2b: Amoonguss\n|-supereffective|p2b: Amoonguss\n|-damage|p2b: Amoonguss|0 fnt\n|faint|p2b: Amoonguss\n|\n|upkeep\n|turn|18\n|\n|t:|1696893520\n|move|p1a: Dogecoin|Drain Punch|p2a: Azumarill\n|-resisted|p2a: Azumarill\n|-damage|p2a: Azumarill|0 fnt\n|faint|p2a: Azumarill\n|\n|win|Denvah_17\n|raw|Denvah_17's rating: 1382 &rarr; <strong>1392<\/strong><br \/>(+10 for winning)\n|raw|AlphaApolo's rating: 1184 &rarr; <strong>1172<\/strong><br \/>(-12 for losing)\n","uploadtime":1696893527,"views":3,"p1id":"denvah17","p2id":"alphaapolo","formatid":"gen9nationaldexdoubles","rating":1172,"private":0,"password":""}