{"id":"gen9nationaldexdoubles-1984929751","p1":"TREC117","p2":"BirbOnFire","format":"[Gen 9] National Dex Doubles","log":"|j|\u2606TREC117\n|j|\u2606BirbOnFire\n|t:|1699311858\n|gametype|doubles\n|player|p1|TREC117|hugh|1287\n|player|p2|BirbOnFire|rollerskaterf|1224\n|teamsize|p1|6\n|teamsize|p2|6\n|gen|9\n|tier|[Gen 9] National Dex Doubles\n|rated|\n|rule|HP Percentage Mod: HP is shown in percentages\n|rule|Endless Battle Clause: Forcing endless battles is banned\n|rule|OHKO Clause: OHKO moves are banned\n|rule|Evasion Moves Clause: Evasion moves are banned\n|rule|Evasion Abilities Clause: Evasion abilities are banned\n|rule|Species Clause: Limit one of each Pok\u00e9mon\n|rule|Gravity Sleep Clause: The combination of sleep-inducing moves with imperfect accuracy and Gravity or Gigantamax Orbeetle are banned\n|clearpoke\n|poke|p1|Ferrothorn, F|\n|poke|p1|Politoed, F|\n|poke|p1|Landorus-Therian, M|\n|poke|p1|Palafin, F|\n|poke|p1|Sinistcha|\n|poke|p1|Blastoise, F|\n|poke|p2|Beheeyem, F|\n|poke|p2|Gourgeist-*, M|\n|poke|p2|Indeedee-F, F|\n|poke|p2|Ambipom, F|\n|poke|p2|Nihilego|\n|poke|p2|Tsareena, F|\n|teampreview\n|\n|t:|1699311875\n|start\n|switch|p1a: Ferrothorn|Ferrothorn, F|100\/100\n|switch|p1b: Landorus|Landorus-Therian, M|100\/100\n|switch|p2a: Ambipom|Ambipom, F|100\/100\n|switch|p2b: Nihilego|Nihilego|100\/100\n|-ability|p1b: Landorus|Intimidate|boost\n|-unboost|p2a: Ambipom|atk|1\n|-unboost|p2b: Nihilego|atk|1\n|turn|1\n|\n|t:|1699311893\n|switch|p2b: Gourgeist|Gourgeist-Super, M|100\/100\n|move|p1b: Landorus|Rock Slide|p2b: Gourgeist|[spread] p2a,p2b\n|-damage|p2a: Ambipom|73\/100\n|-damage|p2b: Gourgeist|88\/100\n|cant|p2a: Ambipom|flinch\n|move|p1a: Ferrothorn|Gyro Ball|p2b: Gourgeist\n|-damage|p2b: Gourgeist|76\/100\n|\n|upkeep\n|turn|2\n|\n|t:|1699311916\n|switch|p2a: Beheeyem|Beheeyem, F, shiny|100\/100\n|move|p1b: Landorus|Rock Slide|p2b: Gourgeist|[spread] p2a,p2b\n|-damage|p2a: Beheeyem|73\/100\n|-damage|p2b: Gourgeist|63\/100\n|move|p1a: Ferrothorn|Stealth Rock|p2a: Beheeyem\n|-sidestart|p2: BirbOnFire|move: Stealth Rock\n|move|p2b: Gourgeist|Trick Room|p2b: Gourgeist\n|-fieldstart|move: Trick Room|[of] p2b: Gourgeist\n|-enditem|p2b: Gourgeist|Room Service\n|-unboost|p2b: Gourgeist|spe|1|[from] item: Room Service\n|\n|upkeep\n|turn|3\n|\n|t:|1699311937\n|switch|p1b: Blastoise|Blastoise, F|100\/100\n|move|p2b: Gourgeist|Ally Switch|p2b: Gourgeist\n|swap|p2b: Gourgeist|0|[from] move: Ally Switch\n|move|p1a: Ferrothorn|Gyro Ball|p2a: Gourgeist\n|-damage|p2a: Gourgeist|56\/100\n|move|p2b: Beheeyem|Meteor Beam||[still]\n|-prepare|p2b: Beheeyem|Meteor Beam\n|-boost|p2b: Beheeyem|spa|1\n|-enditem|p2b: Beheeyem|Power Herb\n|-anim|p2b: Beheeyem|Meteor Beam|p1b: Blastoise\n|-damage|p1b: Blastoise|16\/100\n|\n|-item|p2a: Gourgeist|Power Herb|[from] ability: Pickup\n|upkeep\n|turn|4\n|\n|t:|1699311962\n|detailschange|p1b: Blastoise|Blastoise-Mega, F\n|-mega|p1b: Blastoise|Blastoise|Blastoisinite\n|move|p1a: Ferrothorn|Gyro Ball|p2b: Beheeyem\n|-damage|p2b: Beheeyem|50\/100\n|move|p2a: Gourgeist|Trick|p2b: Beheeyem\n|-activate|p2a: Gourgeist|move: Trick|[of] p2b: Beheeyem\n|-item|p2b: Beheeyem|Power Herb|[from] move: Trick\n|-enditem|p2a: Gourgeist|Power Herb|[silent]|[from] move: Trick\n|move|p2b: Beheeyem|Meteor Beam||[still]\n|-prepare|p2b: Beheeyem|Meteor Beam\n|-boost|p2b: Beheeyem|spa|1\n|-enditem|p2b: Beheeyem|Power Herb\n|-anim|p2b: Beheeyem|Meteor Beam|p1b: Blastoise\n|-crit|p1b: Blastoise\n|-damage|p1b: Blastoise|0 fnt\n|faint|p1b: Blastoise\n|\n|-item|p2a: Gourgeist|Power Herb|[from] ability: Pickup\n|upkeep\n|\n|t:|1699311980\n|switch|p1b: Politoed|Politoed, F|100\/100\n|-weather|RainDance|[from] ability: Drizzle|[of] p1b: Politoed\n|turn|5\n|\n|t:|1699312005\n|move|p1b: Politoed|Protect|p1b: Politoed\n|-singleturn|p1b: Politoed|Protect\n|move|p2a: Gourgeist|Ally Switch|p2a: Gourgeist\n|swap|p2a: Gourgeist|1|[from] move: Ally Switch\n|move|p1a: Ferrothorn|Gyro Ball|p2b: Gourgeist\n|-damage|p2b: Gourgeist|48\/100\n|move|p2a: Beheeyem|Signal Beam|p1a: Ferrothorn\n|-damage|p1a: Ferrothorn|36\/100\n|\n|-weather|RainDance|[upkeep]\n|-heal|p1a: Ferrothorn|43\/100|[from] item: Leftovers\n|upkeep\n|turn|6\n|\n|t:|1699312023\n|switch|p2b: Indeedee|Indeedee-F, F|100\/100\n|-damage|p2b: Indeedee|88\/100|[from] Stealth Rock\n|-fieldstart|move: Psychic Terrain|[from] ability: Psychic Surge|[of] p2b: Indeedee\n|switch|p1b: Sinistcha|Sinistcha|100\/100\n|-heal|p1a: Ferrothorn|68\/100|[from] ability: Hospitality|[of] p1b: Sinistcha\n|move|p1a: Ferrothorn|Gyro Ball|p2a: Beheeyem\n|-damage|p2a: Beheeyem|28\/100\n|move|p2a: Beheeyem|Expanding Force|p1b: Sinistcha|[spread] p1a,p1b\n|-resisted|p1a: Ferrothorn\n|-damage|p1a: Ferrothorn|1\/100\n|-damage|p1b: Sinistcha|0 fnt\n|faint|p1b: Sinistcha\n|\n|-weather|RainDance|[upkeep]\n|-heal|p1a: Ferrothorn|7\/100|[from] item: Leftovers\n|-fieldend|move: Trick Room\n|upkeep\n|\n|t:|1699312051\n|switch|p1b: Landorus|Landorus-Therian, M|100\/100\n|-ability|p1b: Landorus|Intimidate|boost\n|-unboost|p2a: Beheeyem|atk|1\n|-unboost|p2b: Indeedee|atk|1\n|turn|7\n|\n|t:|1699312061\n|move|p2a: Beheeyem|Protect|p2a: Beheeyem\n|-singleturn|p2a: Beheeyem|Protect\n|move|p1b: Landorus|U-turn|p2a: Beheeyem\n|-activate|p2a: Beheeyem|move: Protect\n|move|p1a: Ferrothorn|Seed Bomb|p2a: Beheeyem\n|-activate|p2a: Beheeyem|move: Protect\n|move|p2b: Indeedee|Trick Room|p2b: Indeedee\n|-fieldstart|move: Trick Room|[of] p2b: Indeedee\n|\n|-weather|RainDance|[upkeep]\n|-heal|p1a: Ferrothorn|14\/100|[from] item: Leftovers\n|upkeep\n|turn|8\n|\n|t:|1699312078\n|move|p2b: Indeedee|Follow Me|p2b: Indeedee\n|-singleturn|p2b: Indeedee|move: Follow Me\n|move|p1a: Ferrothorn|Gyro Ball|p2b: Indeedee\n|-damage|p2b: Indeedee|0 fnt\n|faint|p2b: Indeedee\n|move|p2a: Beheeyem|Expanding Force|p1b: Landorus|[spread] p1a,p1b\n|-resisted|p1a: Ferrothorn\n|-crit|p1b: Landorus\n|-damage|p1a: Ferrothorn|0 fnt\n|-damage|p1b: Landorus|0 fnt\n|faint|p1a: Ferrothorn\n|faint|p1b: Landorus\n|\n|-weather|RainDance|[upkeep]\n|upkeep\n|-message|TREC117 forfeited.\n|\n|win|BirbOnFire\n|raw|TREC117's rating: 1287 &rarr; <strong>1256<\/strong><br \/>(-31 for losing)\n|raw|BirbOnFire's rating: 1206 &rarr; <strong>1237<\/strong><br \/>(+31 for winning)\n|l|\u2606TREC117\n","uploadtime":1699312111,"views":5,"p1id":"trec117","p2id":"birbonfire","formatid":"gen9nationaldexdoubles","rating":1237,"private":0,"password":""}