{"id":"gen9nationaldexdoubles-1947489582","p1":"Bluberry108","p2":"br_xton_alt","format":"[Gen 9] National Dex Doubles","log":"|j|\u2606Bluberry108\n|j|\u2606br_xton_alt\n|t:|1695165668\n|gametype|doubles\n|player|p1|Bluberry108|gentleman-gen4|1040\n|player|p2|br_xton_alt|ethan|1000\n|teamsize|p1|6\n|teamsize|p2|6\n|gen|9\n|tier|[Gen 9] National Dex Doubles\n|rated|\n|rule|HP Percentage Mod: HP is shown in percentages\n|rule|Endless Battle Clause: Forcing endless battles is banned\n|rule|OHKO Clause: OHKO moves are banned\n|rule|Evasion Moves Clause: Evasion moves are banned\n|rule|Evasion Abilities Clause: Evasion abilities are banned\n|rule|Species Clause: Limit one of each Pok\u00e9mon\n|rule|Gravity Sleep Clause: The combination of sleep-inducing moves with imperfect accuracy and Gravity or Gigantamax Orbeetle are banned\n|clearpoke\n|poke|p1|Jellicent, M|\n|poke|p1|Kommo-o, F|\n|poke|p1|Oricorio-Pom-Pom, M|\n|poke|p1|Volcarona, F|\n|poke|p1|Farfetch\u2019d, M|\n|poke|p1|Linoone, M|\n|poke|p2|Dipplin, M|\n|poke|p2|Xurkitree|\n|poke|p2|Sinistcha-Masterpiece|\n|poke|p2|Arcanine-Hisui, M|\n|poke|p2|Gholdengo|\n|poke|p2|Ursaluna-Bloodmoon, M|\n|teampreview\n|\n|t:|1695165695\n|start\n|switch|p1a: Kommo-o|Kommo-o, F|100\/100\n|switch|p1b: Oricorio|Oricorio-Pom-Pom, M|100\/100\n|switch|p2a: Dip|Dipplin, M, shiny|100\/100\n|switch|p2b: Sinistcha|Sinistcha-Masterpiece|100\/100\n|-ability|p2a: Dip|Supersweet Syrup\n|-ability|p2a: Dip|Supersweet Syrup|boost\n|-unboost|p1a: Kommo-o|evasion|1\n|-unboost|p1b: Oricorio|evasion|1\n|turn|1\n|\n|t:|1695165717\n|move|p1b: Oricorio|Icy Wind|p2a: Dip|[spread] p2a,p2b\n|-supereffective|p2a: Dip\n|-supereffective|p2b: Sinistcha\n|-damage|p2a: Dip|42\/100\n|-damage|p2b: Sinistcha|68\/100\n|-unboost|p2a: Dip|spe|1\n|-unboost|p2b: Sinistcha|spe|1\n|move|p1a: Kommo-o|Clangorous Soul|p1a: Kommo-o\n|-boost|p1a: Kommo-o|atk|1\n|-boost|p1a: Kommo-o|def|1\n|-boost|p1a: Kommo-o|spa|1\n|-boost|p1a: Kommo-o|spd|1\n|-boost|p1a: Kommo-o|spe|1\n|-damage|p1a: Kommo-o|68\/100\n|-activate|p1b: Oricorio|ability: Dancer\n|move|p1b: Oricorio|Clangorous Soul|p1b: Oricorio|[from]ability: Dancer\n|-boost|p1b: Oricorio|atk|1\n|-boost|p1b: Oricorio|def|1\n|-boost|p1b: Oricorio|spa|1\n|-boost|p1b: Oricorio|spd|1\n|-boost|p1b: Oricorio|spe|1\n|-damage|p1b: Oricorio|68\/100\n|move|p2b: Sinistcha|Matcha Gotcha|p1a: Kommo-o|[spread] p1a,p1b\n|-resisted|p1a: Kommo-o\n|-resisted|p1b: Oricorio\n|-damage|p1a: Kommo-o|62\/100\n|-heal|p2b: Sinistcha|71\/100|[from] drain|[of] p1a: Kommo-o\n|-damage|p1b: Oricorio|55\/100\n|-heal|p2b: Sinistcha|77\/100|[from] drain|[of] p1b: Oricorio\n|-status|p1b: Oricorio|brn\n|move|p2a: Dip|Grassy Terrain|p2a: Dip\n|-fieldstart|move: Grassy Terrain\n|-enditem|p2b: Sinistcha|Grassy Seed\n|-boost|p2b: Sinistcha|def|1|[from] item: Grassy Seed\n|\n|-heal|p1a: Kommo-o|68\/100|[from] Grassy Terrain\n|-heal|p2b: Sinistcha|83\/100|[from] Grassy Terrain\n|-heal|p2a: Dip|48\/100|[from] Grassy Terrain\n|-damage|p1b: Oricorio|49\/100 brn|[from] brn\n|upkeep\n|turn|2\n|inactive|Battle timer is ON: inactive players will automatically lose when time's up. (requested by br_xton_alt)\n|\n|t:|1695165754\n|move|p1b: Oricorio|Icy Wind|p2a: Dip|[spread] p2a,p2b\n|-supereffective|p2a: Dip\n|-supereffective|p2b: Sinistcha\n|-damage|p2a: Dip|0 fnt\n|-damage|p2b: Sinistcha|36\/100\n|-unboost|p2b: Sinistcha|spe|1\n|faint|p2a: Dip\n|-heal|p1b: Oricorio|63\/100 brn|[from] item: Shell Bell|[of] p2b: Sinistcha\n|move|p1a: Kommo-o|Clangorous Soul|p1a: Kommo-o\n|-boost|p1a: Kommo-o|atk|1\n|-boost|p1a: Kommo-o|def|1\n|-boost|p1a: Kommo-o|spa|1\n|-boost|p1a: Kommo-o|spd|1\n|-boost|p1a: Kommo-o|spe|1\n|-damage|p1a: Kommo-o|35\/100\n|-enditem|p1a: Kommo-o|Sitrus Berry|[eat]\n|-heal|p1a: Kommo-o|60\/100|[from] item: Sitrus Berry\n|-activate|p1b: Oricorio|ability: Dancer\n|move|p1b: Oricorio|Clangorous Soul|p1b: Oricorio|[from]ability: Dancer\n|-boost|p1b: Oricorio|atk|1\n|-boost|p1b: Oricorio|def|1\n|-boost|p1b: Oricorio|spa|1\n|-boost|p1b: Oricorio|spd|1\n|-boost|p1b: Oricorio|spe|1\n|-damage|p1b: Oricorio|30\/100 brn\n|move|p2b: Sinistcha|Phantom Force||[still]\n|-prepare|p2b: Sinistcha|Phantom Force\n|\n|-heal|p1a: Kommo-o|66\/100|[from] Grassy Terrain\n|-damage|p1b: Oricorio|24\/100 brn|[from] brn\n|upkeep\n|\n|t:|1695165780\n|switch|p2a: Xurkitree|Xurkitree|100\/100\n|turn|3\n|inactive|Bluberry108 has 120 seconds left.\n|\n|t:|1695165823\n|move|p1b: Oricorio|Revelation Dance|p2a: Xurkitree\n|-resisted|p2a: Xurkitree\n|-damage|p2a: Xurkitree|39\/100\n|-heal|p1b: Oricorio|32\/100 brn|[from] item: Shell Bell|[of] p2a: Xurkitree\n|move|p1a: Kommo-o|Clangorous Soul|p1a: Kommo-o\n|-boost|p1a: Kommo-o|atk|1\n|-boost|p1a: Kommo-o|def|1\n|-boost|p1a: Kommo-o|spa|1\n|-boost|p1a: Kommo-o|spd|1\n|-boost|p1a: Kommo-o|spe|1\n|-damage|p1a: Kommo-o|34\/100\n|-activate|p1b: Oricorio|ability: Dancer\n|move|p1b: Oricorio|Clangorous Soul||[from]ability: Dancer|[still]\n|-fail|p1b: Oricorio\n|move|p2a: Xurkitree|Power Whip|p1a: Kommo-o\n|-resisted|p1a: Kommo-o\n|-damage|p1a: Kommo-o|27\/100\n|move|p2b: Sinistcha|Phantom Force|p1a: Kommo-o|[from]lockedmove\n|-damage|p1a: Kommo-o|17\/100\n|\n|-heal|p1a: Kommo-o|24\/100|[from] Grassy Terrain\n|-heal|p2a: Xurkitree|45\/100|[from] Grassy Terrain\n|-heal|p2a: Xurkitree|51\/100|[from] item: Leftovers\n|-heal|p2b: Sinistcha|42\/100|[from] Grassy Terrain\n|-damage|p1b: Oricorio|26\/100 brn|[from] brn\n|upkeep\n|turn|4\n|inactive|Bluberry108 has 120 seconds left.\n|inactive|br_xton_alt has 120 seconds left.\n|inactive|Bluberry108 has 90 seconds left.\n|inactive|br_xton_alt has 90 seconds left.\n|\n|t:|1695165895\n|move|p1a: Kommo-o|Flamethrower|p2a: Xurkitree\n|-damage|p2a: Xurkitree|0 fnt\n|faint|p2a: Xurkitree\n|move|p1b: Oricorio|Icy Wind|p2b: Sinistcha\n|-supereffective|p2b: Sinistcha\n|-damage|p2b: Sinistcha|0 fnt\n|faint|p2b: Sinistcha\n|-heal|p1b: Oricorio|32\/100 brn|[from] item: Shell Bell|[of] p2: Sinistcha\n|\n|-heal|p1a: Kommo-o|30\/100|[from] Grassy Terrain\n|-damage|p1b: Oricorio|26\/100 brn|[from] brn\n|upkeep\n|\n|t:|1695165908\n|switch|p2a: Gholdengo|Gholdengo|100\/100\n|switch|p2b: Arcanine|Arcanine-Hisui, M, shiny|100\/100\n|turn|5\n|inactive|br_xton_alt has 90 seconds left.\n|inactive|Bluberry108 has 90 seconds left.\n|\n|t:|1695165928\n|move|p1b: Oricorio|Protect|p1b: Oricorio\n|-singleturn|p1b: Oricorio|Protect\n|move|p1a: Kommo-o|Flamethrower|p2a: Gholdengo\n|-supereffective|p2a: Gholdengo\n|-damage|p2a: Gholdengo|0 fnt\n|faint|p2a: Gholdengo\n|move|p2b: Arcanine|Head Smash|p1b: Oricorio\n|-activate|p1b: Oricorio|move: Protect\n|\n|-heal|p1a: Kommo-o|36\/100|[from] Grassy Terrain\n|-damage|p1b: Oricorio|20\/100 brn|[from] brn\n|-fieldend|move: Grassy Terrain\n|upkeep\n|inactive|br_xton_alt has 90 seconds left.\n|\n|t:|1695165942\n|switch|p2a: Ursaluna|Ursaluna-Bloodmoon, M|100\/100\n|turn|6\n|\n|t:|1695165957\n|-terastallize|p1b: Oricorio|Electric\n|move|p1a: Kommo-o|Aura Sphere|p2a: Ursaluna\n|-supereffective|p2a: Ursaluna\n|-enditem|p2a: Ursaluna|Chople Berry|[eat]\n|-enditem|p2a: Ursaluna|Chople Berry|[weaken]\n|-damage|p2a: Ursaluna|20\/100\n|move|p1b: Oricorio|Revelation Dance|p2b: Arcanine\n|-enditem|p2b: Arcanine|Focus Sash\n|-damage|p2b: Arcanine|1\/100\n|-heal|p1b: Oricorio|34\/100 brn|[from] item: Shell Bell|[of] p2b: Arcanine\n|move|p2b: Arcanine|Close Combat|p1b: Oricorio\n|-damage|p1b: Oricorio|6\/100 brn\n|-unboost|p2b: Arcanine|def|1\n|-unboost|p2b: Arcanine|spd|1\n|move|p2a: Ursaluna|Blood Moon|p1a: Kommo-o\n|-damage|p1a: Kommo-o|8\/100\n|\n|-damage|p1b: Oricorio|0 fnt|[from] brn\n|faint|p1b: Oricorio\n|upkeep\n|inactive|Bluberry108 has 90 seconds left.\n|\n|t:|1695165975\n|switch|p1b: Linoone|Linoone, M|100\/100\n|turn|7\n|inactive|br_xton_alt has 120 seconds left.\n|\n|t:|1695165986\n|move|p1b: Linoone|Extreme Speed|p2a: Ursaluna\n|-crit|p2a: Ursaluna\n|-damage|p2a: Ursaluna|0 fnt\n|faint|p2a: Ursaluna\n|move|p1a: Kommo-o|Clanging Scales|p2b: Arcanine\n|-damage|p2b: Arcanine|0 fnt\n|faint|p2b: Arcanine\n|\n|win|Bluberry108\n|raw|Bluberry108's rating: 1027 &rarr; <strong>1060<\/strong><br \/>(+33 for winning)\n|raw|br_xton_alt's rating: 1000 &rarr; <strong>1000<\/strong><br \/>(+0 for losing)\n","uploadtime":1695165994,"views":4,"p1id":"bluberry108","p2id":"brxtonalt","formatid":"gen9nationaldexdoubles","rating":1000,"private":0,"password":""}