{"id":"gen9nationaldexdoubles-1978612394","p1":"Nnybbor","p2":"TREC117","format":"[Gen 9] National Dex Doubles","log":"|j|\u2606Nnybbor\n|j|\u2606TREC117\n|t:|1698566685\n|gametype|doubles\n|player|p1|Nnybbor|hilbert|\n|player|p2|TREC117|hugh|\n|teamsize|p1|6\n|teamsize|p2|6\n|gen|9\n|tier|[Gen 9] National Dex Doubles\n|rule|HP Percentage Mod: HP is shown in percentages\n|rule|Endless Battle Clause: Forcing endless battles is banned\n|rule|OHKO Clause: OHKO moves are banned\n|rule|Evasion Moves Clause: Evasion moves are banned\n|rule|Evasion Abilities Clause: Evasion abilities are banned\n|rule|Species Clause: Limit one of each Pok\u00e9mon\n|rule|Gravity Sleep Clause: The combination of sleep-inducing moves with imperfect accuracy and Gravity or Gigantamax Orbeetle are banned\n|clearpoke\n|poke|p1|Toxtricity-Low-Key, M|\n|poke|p1|Scream Tail|\n|poke|p1|Exploud, M|\n|poke|p1|Primarina, M|\n|poke|p1|Rillaboom, M|\n|poke|p1|Kommo-o, M|\n|poke|p2|Sinistcha|\n|poke|p2|Fezandipiti, M|\n|poke|p2|Empoleon, F|\n|poke|p2|Grimmsnarl, M|\n|poke|p2|Ogerpon-Hearthflame, F|\n|poke|p2|Hariyama, M|\n|teampreview\n|\n|t:|1698566695\n|start\n|switch|p1a: Exploud|Exploud, M|100\/100\n|switch|p1b: Toxtricity|Toxtricity-Low-Key, M|100\/100\n|switch|p2a: Fezandipiti|Fezandipiti, M|100\/100\n|switch|p2b: Grimmsnarl|Grimmsnarl, M|100\/100\n|turn|1\n|\n|t:|1698566712\n|move|p2b: Grimmsnarl|Fake Out|p1b: Toxtricity\n|-damage|p1b: Toxtricity|86\/100\n|move|p2a: Fezandipiti|Icy Wind|p1b: Toxtricity|[spread] p1a,p1b\n|-damage|p1a: Exploud|92\/100\n|-damage|p1b: Toxtricity|73\/100\n|-unboost|p1a: Exploud|spe|1\n|-unboost|p1b: Toxtricity|spe|1\n|-status|p1a: Exploud|tox|[from] ability: Toxic Chain|[of] p2a: Fezandipiti\n|cant|p1b: Toxtricity|flinch\n|move|p1a: Exploud|Flamethrower|p2a: Fezandipiti\n|-damage|p2a: Fezandipiti|84\/100\n|\n|-heal|p1a: Exploud|98\/100 tox|[from] item: Leftovers\n|-damage|p1a: Exploud|92\/100 tox|[from] psn\n|upkeep\n|turn|2\n|\n|t:|1698566737\n|move|p2b: Grimmsnarl|Light Screen|p2b: Grimmsnarl\n|-sidestart|p2: TREC117|move: Light Screen\n|move|p2a: Fezandipiti|Heat Wave|p1b: Toxtricity|[spread] p1a\n|-miss|p2a: Fezandipiti|p1b: Toxtricity\n|-damage|p1a: Exploud|79\/100 tox\n|move|p1b: Toxtricity|Boomburst|p2a: Fezandipiti|[spread] p2a,p2b\n|-immune|p1a: Exploud|[from] ability: Soundproof\n|-damage|p2a: Fezandipiti|51\/100\n|-damage|p2b: Grimmsnarl|68\/100\n|move|p1a: Exploud|Boomburst|p2b: Grimmsnarl|[spread] p1b,p2a,p2b\n|-damage|p1b: Toxtricity|54\/100\n|-damage|p2a: Fezandipiti|31\/100\n|-damage|p2b: Grimmsnarl|50\/100\n|\n|-heal|p1a: Exploud|85\/100 tox|[from] item: Leftovers\n|-damage|p1a: Exploud|72\/100 tox|[from] psn\n|upkeep\n|turn|3\n|\n|t:|1698566766\n|move|p2a: Fezandipiti|Protect|p2a: Fezandipiti\n|-singleturn|p2a: Fezandipiti|Protect\n|move|p2b: Grimmsnarl|Parting Shot|p1b: Toxtricity\n|-unboost|p1b: Toxtricity|atk|1\n|-unboost|p1b: Toxtricity|spa|1\n|\n|t:|1698566773\n|switch|p2b: Sinistcha|Sinistcha|100\/100|[from] Parting Shot\n|-heal|p2a: Fezandipiti|56\/100|[from] ability: Hospitality|[of] p2b: Sinistcha\n|move|p1b: Toxtricity|Boomburst|p2b: Sinistcha|[spread] \n|-activate|p2a: Fezandipiti|move: Protect\n|-immune|p1a: Exploud|[from] ability: Soundproof\n|-immune|p2b: Sinistcha\n|move|p1a: Exploud|Flamethrower|p2a: Fezandipiti\n|-activate|p2a: Fezandipiti|move: Protect\n|\n|-heal|p1a: Exploud|79\/100 tox|[from] item: Leftovers\n|-damage|p1a: Exploud|60\/100 tox|[from] psn\n|upkeep\n|turn|4\n|\n|t:|1698566803\n|switch|p1b: Kommo-o|Kommo-o, M|100\/100\n|switch|p1a: Rillaboom|Rillaboom, M|100\/100\n|-fieldstart|move: Grassy Terrain|[from] ability: Grassy Surge|[of] p1a: Rillaboom\n|move|p2a: Fezandipiti|Heat Wave|p1b: Kommo-o|[spread] p1a,p1b\n|-supereffective|p1a: Rillaboom\n|-resisted|p1b: Kommo-o\n|-damage|p1a: Rillaboom|67\/100\n|-damage|p1b: Kommo-o|91\/100\n|-status|p1a: Rillaboom|tox|[from] ability: Toxic Chain|[of] p2a: Fezandipiti\n|-status|p1b: Kommo-o|tox|[from] ability: Toxic Chain|[of] p2a: Fezandipiti\n|move|p2b: Sinistcha|Matcha Gotcha|p1a: Rillaboom|[spread] p1a,p1b\n|-resisted|p1a: Rillaboom\n|-resisted|p1b: Kommo-o\n|-damage|p1a: Rillaboom|52\/100 tox\n|-damage|p1b: Kommo-o|75\/100 tox\n|\n|-heal|p2a: Fezandipiti|62\/100|[from] Grassy Terrain\n|-heal|p1b: Kommo-o|81\/100 tox|[from] Grassy Terrain\n|-heal|p1a: Rillaboom|59\/100 tox|[from] Grassy Terrain\n|-heal|p1a: Rillaboom|65\/100 tox|[from] item: Leftovers\n|-damage|p1b: Kommo-o|75\/100 tox|[from] psn\n|-damage|p1a: Rillaboom|59\/100 tox|[from] psn\n|upkeep\n|turn|5\n|\n|t:|1698566852\n|switch|p2b: Grimmsnarl|Grimmsnarl, M|50\/100\n|move|p2a: Fezandipiti|Icy Wind|p1b: Kommo-o|[spread] p1a,p1b\n|-supereffective|p1a: Rillaboom\n|-supereffective|p1b: Kommo-o\n|-damage|p1a: Rillaboom|41\/100 tox\n|-damage|p1b: Kommo-o|51\/100 tox\n|-unboost|p1a: Rillaboom|spe|1\n|-unboost|p1b: Kommo-o|spe|1\n|move|p1b: Kommo-o|Boomburst|p2a: Fezandipiti|[spread] p1a,p2a,p2b\n|-damage|p1a: Rillaboom|13\/100 tox\n|-damage|p2a: Fezandipiti|42\/100\n|-damage|p2b: Grimmsnarl|31\/100\n|move|p1a: Rillaboom|U-turn|p2a: Fezandipiti\n|-resisted|p2a: Fezandipiti\n|-damage|p2a: Fezandipiti|35\/100\n|\n|t:|1698566867\n|switch|p1a: Exploud|Exploud, M|60\/100 tox|[from] U-turn\n|\n|-heal|p2a: Fezandipiti|41\/100|[from] Grassy Terrain\n|-heal|p1b: Kommo-o|58\/100 tox|[from] Grassy Terrain\n|-heal|p1a: Exploud|66\/100 tox|[from] Grassy Terrain\n|-heal|p1a: Exploud|72\/100 tox|[from] item: Leftovers\n|-heal|p2b: Grimmsnarl|37\/100|[from] Grassy Terrain\n|-damage|p1b: Kommo-o|45\/100 tox|[from] psn\n|-damage|p1a: Exploud|66\/100 tox|[from] psn\n|upkeep\n|turn|6\n|\n|t:|1698566882\n|move|p2b: Grimmsnarl|Fake Out|p1a: Exploud\n|-damage|p1a: Exploud|55\/100 tox\n|move|p2a: Fezandipiti|Icy Wind|p1a: Exploud|[spread] p1a,p1b\n|-supereffective|p1b: Kommo-o\n|-damage|p1a: Exploud|46\/100 tox\n|-damage|p1b: Kommo-o|25\/100 tox\n|-unboost|p1a: Exploud|spe|1\n|-unboost|p1b: Kommo-o|spe|1\n|move|p1b: Kommo-o|Boomburst|p2a: Fezandipiti|[spread] p2a,p2b\n|-immune|p1a: Exploud|[from] ability: Soundproof\n|-damage|p2a: Fezandipiti|22\/100\n|-damage|p2b: Grimmsnarl|18\/100\n|cant|p1a: Exploud|flinch\n|\n|-heal|p2a: Fezandipiti|28\/100|[from] Grassy Terrain\n|-heal|p2b: Grimmsnarl|24\/100|[from] Grassy Terrain\n|-heal|p1b: Kommo-o|31\/100 tox|[from] Grassy Terrain\n|-heal|p1a: Exploud|52\/100 tox|[from] Grassy Terrain\n|-heal|p1a: Exploud|58\/100 tox|[from] item: Leftovers\n|-damage|p1b: Kommo-o|13\/100 tox|[from] psn\n|-damage|p1a: Exploud|46\/100 tox|[from] psn\n|upkeep\n|turn|7\n|\n|t:|1698566916\n|move|p2b: Grimmsnarl|Parting Shot|p1a: Exploud\n|-immune|p1a: Exploud|[from] ability: Soundproof\n|move|p2a: Fezandipiti|Icy Wind|p1b: Kommo-o|[spread] p1a,p1b\n|-supereffective|p1b: Kommo-o\n|-damage|p1a: Exploud|38\/100 tox\n|-damage|p1b: Kommo-o|0 fnt\n|-unboost|p1a: Exploud|spe|1\n|faint|p1b: Kommo-o\n|move|p1a: Exploud|Boomburst|p2b: Grimmsnarl|[spread] p2a,p2b\n|-damage|p2a: Fezandipiti|9\/100\n|-damage|p2b: Grimmsnarl|4\/100\n|\n|-heal|p2a: Fezandipiti|15\/100|[from] Grassy Terrain\n|-heal|p2b: Grimmsnarl|10\/100|[from] Grassy Terrain\n|-heal|p1a: Exploud|44\/100 tox|[from] Grassy Terrain\n|-heal|p1a: Exploud|50\/100 tox|[from] item: Leftovers\n|-damage|p1a: Exploud|32\/100 tox|[from] psn\n|upkeep\n|\n|t:|1698566937\n|switch|p1b: Toxtricity|Toxtricity-Low-Key, M|54\/100\n|turn|8\n|\n|t:|1698566944\n|move|p2a: Fezandipiti|Protect|p2a: Fezandipiti\n|-singleturn|p2a: Fezandipiti|Protect\n|move|p2b: Grimmsnarl|Parting Shot|p1b: Toxtricity\n|-unboost|p1b: Toxtricity|atk|1\n|-unboost|p1b: Toxtricity|spa|1\n|\n|t:|1698566949\n|switch|p2b: Sinistcha|Sinistcha|100\/100|[from] Parting Shot\n|-heal|p2a: Fezandipiti|40\/100|[from] ability: Hospitality|[of] p2b: Sinistcha\n|move|p1b: Toxtricity|Boomburst|p2b: Sinistcha|[spread] \n|-activate|p2a: Fezandipiti|move: Protect\n|-immune|p1a: Exploud|[from] ability: Soundproof\n|-immune|p2b: Sinistcha\n|move|p1a: Exploud|Boomburst|p2a: Fezandipiti|[spread] p1b\n|-activate|p2a: Fezandipiti|move: Protect\n|-immune|p2b: Sinistcha\n|-damage|p1b: Toxtricity|32\/100\n|\n|-heal|p2a: Fezandipiti|46\/100|[from] Grassy Terrain\n|-heal|p1b: Toxtricity|38\/100|[from] Grassy Terrain\n|-heal|p1a: Exploud|38\/100 tox|[from] Grassy Terrain\n|-heal|p1a: Exploud|44\/100 tox|[from] item: Leftovers\n|-damage|p1a: Exploud|20\/100 tox|[from] psn\n|-fieldend|move: Grassy Terrain\n|upkeep\n|turn|9\n|\n|t:|1698566988\n|switch|p2b: Hariyama|Hariyama, M|100\/100\n|move|p2a: Fezandipiti|Icy Wind|p1b: Toxtricity|[spread] p1a,p1b\n|-damage|p1a: Exploud|11\/100 tox\n|-damage|p1b: Toxtricity|27\/100\n|-unboost|p1a: Exploud|spe|1\n|-unboost|p1b: Toxtricity|spe|1\n|move|p1b: Toxtricity|Thunderbolt|p2a: Fezandipiti\n|-damage|p2a: Fezandipiti|24\/100\n|move|p1a: Exploud|Flamethrower|p2b: Hariyama\n|-damage|p2b: Hariyama|87\/100\n|\n|-heal|p1a: Exploud|17\/100 tox|[from] item: Leftovers\n|-damage|p1a: Exploud|0 fnt|[from] psn\n|faint|p1a: Exploud\n|-sideend|p2: TREC117|move: Light Screen\n|-status|p2b: Hariyama|brn|[from] item: Flame Orb\n|upkeep\n|\n|t:|1698567009\n|switch|p1a: Primarina|Primarina, M|100\/100\n|turn|10\n|\n|t:|1698567042\n|-terastallize|p1a: Primarina|Water\n|move|p2a: Fezandipiti|Icy Wind|p1a: Primarina|[spread] p1a,p1b\n|-resisted|p1a: Primarina\n|-damage|p1a: Primarina|96\/100\n|-damage|p1b: Toxtricity|15\/100\n|-unboost|p1a: Primarina|spe|1\n|-unboost|p1b: Toxtricity|spe|1\n|-status|p1a: Primarina|tox|[from] ability: Toxic Chain|[of] p2a: Fezandipiti\n|move|p2b: Hariyama|Rock Slide|p1a: Primarina|[spread] p1a,p1b\n|-damage|p1a: Primarina|58\/100 tox\n|-damage|p1b: Toxtricity|0 fnt\n|faint|p1b: Toxtricity\n|move|p1a: Primarina|Sparkling Aria|p2a: Fezandipiti|[spread] p2a,p2b\n|-damage|p2a: Fezandipiti|0 fnt\n|-damage|p2b: Hariyama|33\/100 brn\n|faint|p2a: Fezandipiti\n|-curestatus|p2b: Hariyama|brn|[msg]\n|\n|-heal|p1a: Primarina|65\/100 tox|[from] item: Leftovers\n|-damage|p1a: Primarina|58\/100 tox|[from] psn\n|-status|p2b: Hariyama|brn|[from] item: Flame Orb\n|upkeep\n|\n|t:|1698567066\n|switch|p2a: Grimmsnarl|Grimmsnarl, M|10\/100\n|switch|p1b: Scream Tail|Scream Tail|100\/100\n|turn|11\n|\n|t:|1698567075\n|move|p2a: Grimmsnarl|Light Screen|p2a: Grimmsnarl\n|-sidestart|p2: TREC117|move: Light Screen\n|move|p1b: Scream Tail|Light Screen|p1b: Scream Tail\n|-sidestart|p1: Nnybbor|move: Light Screen\n|move|p2b: Hariyama|Rock Slide|p1b: Scream Tail|[spread] p1a,p1b\n|-damage|p1a: Primarina|23\/100 tox\n|-damage|p1b: Scream Tail|77\/100\n|move|p1a: Primarina|Sparkling Aria|p2b: Hariyama|[spread] p1b,p2a,p2b\n|-damage|p1b: Scream Tail|54\/100\n|-damage|p2a: Grimmsnarl|0 fnt\n|-damage|p2b: Hariyama|0 fnt\n|faint|p2a: Grimmsnarl\n|faint|p2b: Hariyama\n|\n|-heal|p1a: Primarina|29\/100 tox|[from] item: Leftovers\n|-damage|p1a: Primarina|16\/100 tox|[from] psn\n|upkeep\n|\n|t:|1698567092\n|switch|p2a: Ogerpon|Ogerpon-Hearthflame, F|100\/100\n|switch|p2b: Empoleon|Empoleon, F|100\/100\n|-ability|p2a: Ogerpon|Mold Breaker\n|turn|12\n|\n|t:|1698567116\n|switch|p1a: Rillaboom|Rillaboom, M|13\/100 tox\n|-fieldstart|move: Grassy Terrain|[from] ability: Grassy Surge|[of] p1a: Rillaboom\n|move|p2a: Ogerpon|Ivy Cudgel|p1b: Scream Tail\n|-damage|p1b: Scream Tail|7\/100\n|move|p1b: Scream Tail|Psychic|p2a: Ogerpon\n|-damage|p2a: Ogerpon|75\/100\n|move|p2b: Empoleon|Flash Cannon|p1a: Rillaboom\n|-damage|p1a: Rillaboom|0 fnt\n|faint|p1a: Rillaboom\n|\n|-heal|p2a: Ogerpon|81\/100|[from] Grassy Terrain\n|-heal|p1b: Scream Tail|13\/100|[from] Grassy Terrain\n|upkeep\n|\n|t:|1698567133\n|switch|p1a: Primarina|Primarina, M, tera:Water|16\/100 tox\n|turn|13\n|\n|t:|1698567145\n|-terastallize|p2a: Ogerpon|Fire\n|detailschange|p2a: Ogerpon|Ogerpon-Hearthflame-Tera, F, tera:Fire\n|-ability|p2a: Ogerpon|Embody Aspect (Hearthflame)|boost\n|-boost|p2a: Ogerpon|atk|1\n|move|p2a: Ogerpon|Ivy Cudgel|p1b: Scream Tail\n|-damage|p1b: Scream Tail|0 fnt\n|faint|p1b: Scream Tail\n|-end|p1b: Scream Tail|Protosynthesis|[silent]\n|move|p2b: Empoleon|Flash Cannon|p1a: Primarina\n|-resisted|p1a: Primarina\n|-damage|p1a: Primarina|6\/100 tox\n|move|p1a: Primarina|Sparkling Aria|p2b: Empoleon|[spread] p2a,p2b\n|-supereffective|p2a: Ogerpon\n|-resisted|p2b: Empoleon\n|-damage|p2a: Ogerpon|0 fnt\n|-damage|p2b: Empoleon|88\/100\n|faint|p2a: Ogerpon\n|\n|-heal|p2b: Empoleon|94\/100|[from] Grassy Terrain\n|-heal|p1a: Primarina|13\/100 tox|[from] Grassy Terrain\n|-heal|p1a: Primarina|19\/100 tox|[from] item: Leftovers\n|-damage|p1a: Primarina|13\/100 tox|[from] psn\n|upkeep\n|\n|t:|1698567164\n|switch|p2a: Sinistcha|Sinistcha|100\/100\n|-heal|p2b: Empoleon|100\/100|[from] ability: Hospitality|[of] p2a: Sinistcha\n|turn|14\n|\n|t:|1698567184\n|move|p2b: Empoleon|Flash Cannon|p1a: Primarina\n|-resisted|p1a: Primarina\n|-damage|p1a: Primarina|3\/100 tox\n|move|p1a: Primarina|Ice Beam|p2a: Sinistcha\n|-supereffective|p2a: Sinistcha\n|-damage|p2a: Sinistcha|61\/100\n|move|p2a: Sinistcha|Trick Room|p2a: Sinistcha\n|-fieldstart|move: Trick Room|[of] p2a: Sinistcha\n|\n|-heal|p1a: Primarina|9\/100 tox|[from] Grassy Terrain\n|-heal|p1a: Primarina|15\/100 tox|[from] item: Leftovers\n|-heal|p2a: Sinistcha|67\/100|[from] Grassy Terrain\n|-damage|p1a: Primarina|3\/100 tox|[from] psn\n|upkeep\n|turn|15\n|\n|t:|1698567201\n|move|p2a: Sinistcha|Rage Powder|p2a: Sinistcha\n|-singleturn|p2a: Sinistcha|move: Rage Powder\n|move|p1a: Primarina|Ice Beam|p2a: Sinistcha\n|-supereffective|p2a: Sinistcha\n|-damage|p2a: Sinistcha|29\/100\n|-status|p2a: Sinistcha|frz\n|move|p2b: Empoleon|Hidden Power|p1a: Primarina\n|-damage|p1a: Primarina|0 fnt\n|faint|p1a: Primarina\n|\n|win|TREC117\n","uploadtime":1698567211,"views":9,"p1id":"nnybbor","p2id":"trec117","formatid":"gen9nationaldexdoubles","rating":0,"private":0,"password":""}