{"id":"gen9nationaldexdoubles-1973728500","p1":"Davichu7","p2":"MaaChACaHOmEr","format":"[Gen 9] National Dex Doubles","log":"|j|\u2606Davichu7\n|j|\u2606MaaChACaHOmEr\n|t:|1698007503\n|gametype|doubles\n|player|p1|Davichu7|pokemaniac|\n|player|p2|MaaChACaHOmEr|170|\n|teamsize|p1|6\n|teamsize|p2|6\n|gen|9\n|tier|[Gen 9] National Dex Doubles\n|rule|HP Percentage Mod: HP is shown in percentages\n|rule|Endless Battle Clause: Forcing endless battles is banned\n|rule|OHKO Clause: OHKO moves are banned\n|rule|Evasion Moves Clause: Evasion moves are banned\n|rule|Evasion Abilities Clause: Evasion abilities are banned\n|rule|Species Clause: Limit one of each Pok\u00e9mon\n|rule|Gravity Sleep Clause: The combination of sleep-inducing moves with imperfect accuracy and Gravity or Gigantamax Orbeetle are banned\n|clearpoke\n|poke|p1|Flutter Mane|\n|poke|p1|Gholdengo|\n|poke|p1|Sableye, F|\n|poke|p1|Dragapult, M|\n|poke|p1|Typhlosion-Hisui, M|\n|poke|p1|Palossand, F|\n|poke|p2|Cradily, F|\n|poke|p2|Whimsicott, M|\n|poke|p2|Decidueye, M|\n|poke|p2|Ferrothorn, M|\n|poke|p2|Sceptile, F|\n|poke|p2|Meowscarada, M|\n|teampreview\n|\n|t:|1698007519\n|start\n|switch|p1a: Dragapult|Dragapult, M, shiny|100\/100\n|switch|p1b: Gholdengo|Gholdengo, shiny|100\/100\n|switch|p2a: Ferrothorn|Ferrothorn, M|100\/100\n|switch|p2b: Cradily|Cradily, F|100\/100\n|turn|1\n|\n|t:|1698007543\n|move|p1a: Dragapult|Reflect|p1a: Dragapult\n|-sidestart|p1: Davichu7|Reflect\n|move|p1b: Gholdengo|Nasty Plot|p1b: Gholdengo\n|-boost|p1b: Gholdengo|spa|2\n|move|p2b: Cradily|Ancient Power|p1b: Gholdengo\n|-resisted|p1b: Gholdengo\n|-damage|p1b: Gholdengo|93\/100\n|move|p2a: Ferrothorn|Toxic|p1a: Dragapult\n|-status|p1a: Dragapult|tox\n|\n|-heal|p1b: Gholdengo|99\/100|[from] item: Leftovers\n|-damage|p1a: Dragapult|94\/100 tox|[from] psn\n|upkeep\n|turn|2\n|\n|t:|1698007570\n|move|p1a: Dragapult|Light Screen|p1a: Dragapult\n|-sidestart|p1: Davichu7|move: Light Screen\n|move|p1b: Gholdengo|Nasty Plot|p1b: Gholdengo\n|-boost|p1b: Gholdengo|spa|2\n|move|p2b: Cradily|Ancient Power|p1a: Dragapult\n|-damage|p1a: Dragapult|78\/100 tox\n|-start|p2b: Cradily|Disable|Ancient Power|[from] ability: Cursed Body|[of] p1a: Dragapult\n|move|p2a: Ferrothorn|Toxic|p1b: Gholdengo\n|-immune|p1b: Gholdengo|[from] ability: Good as Gold\n|\n|-heal|p1b: Gholdengo|100\/100|[from] item: Leftovers\n|-damage|p1a: Dragapult|66\/100 tox|[from] psn\n|upkeep\n|turn|3\n|\n|t:|1698007596\n|move|p1a: Dragapult|Dragon Darts|p2b: Cradily\n|-damage|p2b: Cradily|80\/100\n|-anim|p1a: Dragapult|Dragon Darts|p2a: Ferrothorn\n|-resisted|p2a: Ferrothorn\n|-damage|p2a: Ferrothorn|93\/100\n|move|p1b: Gholdengo|Shadow Ball|p2b: Cradily\n|-damage|p2b: Cradily|0 fnt\n|faint|p2b: Cradily\n|move|p2a: Ferrothorn|Leech Seed|p1b: Gholdengo\n|-immune|p1b: Gholdengo|[from] ability: Good as Gold\n|\n|-heal|p2a: Ferrothorn|99\/100|[from] item: Leftovers\n|-damage|p1a: Dragapult|48\/100 tox|[from] psn\n|upkeep\n|\n|t:|1698007619\n|switch|p2b: Decidueye|Decidueye, M|100\/100\n|turn|4\n|\n|t:|1698007630\n|switch|p2a: Whimsicott|Whimsicott, M|100\/100\n|move|p1a: Dragapult|U-turn|p2b: Decidueye\n|-damage|p2b: Decidueye|71\/100\n|\n|t:|1698007644\n|switch|p1a: Typhlosion|Typhlosion-Hisui, M, shiny|100\/100|[from] U-turn\n|-item|p2a: Whimsicott|Leftovers|[from] ability: Frisk|[of] p1a: Typhlosion|[identify]\n|-item|p2b: Decidueye|Focus Sash|[from] ability: Frisk|[of] p1a: Typhlosion|[identify]\n|move|p2b: Decidueye|Poltergeist|p1b: Gholdengo\n|-activate|p1b: Gholdengo|move: Poltergeist|Leftovers\n|-supereffective|p1b: Gholdengo\n|-damage|p1b: Gholdengo|36\/100\n|move|p1b: Gholdengo|Shadow Ball|p2b: Decidueye\n|-supereffective|p2b: Decidueye\n|-damage|p2b: Decidueye|0 fnt\n|faint|p2b: Decidueye\n|\n|-heal|p1b: Gholdengo|42\/100|[from] item: Leftovers\n|upkeep\n|\n|t:|1698007666\n|switch|p2b: Meowscarada|Meowscarada, M|100\/100\n|turn|5\n|\n|t:|1698007679\n|switch|p1b: Palossand|Palossand, F, shiny|100\/100\n|move|p1a: Typhlosion|Eruption|p2a: Whimsicott|[spread] p2a,p2b\n|-supereffective|p2a: Whimsicott\n|-supereffective|p2b: Meowscarada\n|-damage|p2a: Whimsicott|0 fnt\n|-enditem|p2b: Meowscarada|Focus Sash\n|-damage|p2b: Meowscarada|1\/100\n|faint|p2a: Whimsicott\n|move|p2b: Meowscarada|Shadow Claw|p2: Whimsicott|[notarget]\n|-fail|p2b: Meowscarada\n|\n|upkeep\n|\n|t:|1698007700\n|switch|p2a: Sceptile|Sceptile, F|100\/100\n|turn|6\n|\n|t:|1698007711\n|detailschange|p2a: Sceptile|Sceptile-Mega, F\n|-mega|p2a: Sceptile|Sceptile|Sceptilite\n|move|p1a: Typhlosion|Eruption|p2b: Meowscarada|[spread] p2a,p2b\n|-supereffective|p2b: Meowscarada\n|-damage|p2a: Sceptile|16\/100\n|-damage|p2b: Meowscarada|0 fnt\n|faint|p2b: Meowscarada\n|move|p2a: Sceptile|Dragon Pulse|p1a: Typhlosion\n|-damage|p1a: Typhlosion|59\/100\n|move|p1b: Palossand|Shore Up|p1b: Palossand\n|-fail|p1b: Palossand|heal\n|\n|upkeep\n|\n|t:|1698007725\n|switch|p2b: Ferrothorn|Ferrothorn, M|99\/100\n|-ability|p2b: Ferrothorn|Anticipation\n|turn|7\n|\n|t:|1698007740\n|move|p1a: Typhlosion|Eruption|p2b: Ferrothorn|[spread] p2a,p2b\n|-supereffective|p2b: Ferrothorn\n|-damage|p2a: Sceptile|0 fnt\n|-damage|p2b: Ferrothorn|0 fnt\n|faint|p2a: Sceptile\n|faint|p2b: Ferrothorn\n|\n|win|Davichu7\n|l|\u2606MaaChACaHOmEr\n","uploadtime":1698007855,"views":10,"p1id":"davichu7","p2id":"maachacahomer","formatid":"gen9nationaldexdoubles","rating":0,"private":0,"password":""}