{"id":"gen9nationaldexdoubles-1971417425","p1":"GakeP","p2":"Beyond Subzero","format":"[Gen 9] National Dex Doubles","log":"|j|\u2606GakeP\n|j|\u2606Beyond Subzero\n|t:|1697736862\n|gametype|doubles\n|player|p1|GakeP|2|1319\n|player|p2|Beyond Subzero|bruno|1429\n|teamsize|p1|6\n|teamsize|p2|6\n|gen|9\n|tier|[Gen 9] National Dex Doubles\n|rated|\n|rule|HP Percentage Mod: HP is shown in percentages\n|rule|Endless Battle Clause: Forcing endless battles is banned\n|rule|OHKO Clause: OHKO moves are banned\n|rule|Evasion Moves Clause: Evasion moves are banned\n|rule|Evasion Abilities Clause: Evasion abilities are banned\n|rule|Species Clause: Limit one of each Pok\u00e9mon\n|rule|Gravity Sleep Clause: The combination of sleep-inducing moves with imperfect accuracy and Gravity or Gigantamax Orbeetle are banned\n|clearpoke\n|poke|p1|Tyranitar, F|\n|poke|p1|Garchomp, F|\n|poke|p1|Zapdos|\n|poke|p1|Rillaboom, M|\n|poke|p1|Kangaskhan, F|\n|poke|p1|Whimsicott, M|\n|poke|p2|Ninetales-Alola, M|\n|poke|p2|Latias, F|\n|poke|p2|Volcanion|\n|poke|p2|Kyurem-Black|\n|poke|p2|Whimsicott, F|\n|poke|p2|Zamazenta-*|\n|teampreview\n|c|\u2606GakeP|This team again\n|c|\u2606Beyond Subzero|ah it's you again glhf\n|c|\u2606GakeP|Same to you\n|c|\u2606Beyond Subzero|Let's not get another freeze lol\n|c|\u2606GakeP|I forgot what happened last time but I do remember getting forzen\n|c|\u2606GakeP|frozen\n|\n|t:|1697736921\n|start\n|switch|p1a: Whimsicott|Whimsicott, M|100\/100\n|switch|p1b: Kangaskhan|Kangaskhan, F|100\/100\n|switch|p2a: Ninetales|Ninetales-Alola, M|100\/100\n|switch|p2b: Volcanion|Volcanion|100\/100\n|-weather|Snow|[from] ability: Snow Warning|[of] p2a: Ninetales\n|turn|1\n|\n|t:|1697736931\n|detailschange|p1b: Kangaskhan|Kangaskhan-Mega, F\n|-mega|p1b: Kangaskhan|Kangaskhan|Kangaskhanite\n|move|p2a: Ninetales|Protect|p2a: Ninetales\n|-singleturn|p2a: Ninetales|Protect\n|move|p1b: Kangaskhan|Fake Out|p2a: Ninetales\n|-activate|p2a: Ninetales|move: Protect\n|move|p1a: Whimsicott|Tailwind|p1a: Whimsicott\n|-sidestart|p1: GakeP|move: Tailwind\n|move|p2b: Volcanion|Substitute|p2b: Volcanion\n|-start|p2b: Volcanion|Substitute\n|-damage|p2b: Volcanion|75\/100\n|\n|-weather|Snow|[upkeep]\n|upkeep\n|turn|2\n|\n|t:|1697736946\n|move|p1a: Whimsicott|Energy Ball|p2b: Volcanion\n|-end|p2b: Volcanion|Substitute\n|move|p1b: Kangaskhan|Double-Edge|p2a: Ninetales\n|-damage|p2a: Ninetales|29\/100\n|-damage|p2a: Ninetales|11\/100\n|-hitcount|p2a: Ninetales|2\n|-damage|p1b: Kangaskhan|77\/100|[from] Recoil\n|move|p2a: Ninetales|Aurora Veil|p2a: Ninetales\n|-sidestart|p2: Beyond Subzero|move: Aurora Veil\n|-zpower|p2b: Volcanion\n|move|p2b: Volcanion|Hydro Vortex|p1b: Kangaskhan|[zeffect]\n|-damage|p1b: Kangaskhan|0 fnt\n|faint|p1b: Kangaskhan\n|\n|-weather|Snow|[upkeep]\n|upkeep\n|\n|t:|1697736954\n|switch|p1b: Garchomp|Garchomp, F|100\/100\n|turn|3\n|c|\u2606GakeP|I FORGOT\n|c|\u2606GakeP|Z MOVES EXIST\n|\n|t:|1697736983\n|switch|p2b: Whimsicott|Whimsicott, F|100\/100\n|move|p2a: Ninetales|Protect|p2a: Ninetales\n|-singleturn|p2a: Ninetales|Protect\n|move|p1a: Whimsicott|Energy Ball|p2b: Whimsicott\n|-resisted|p2b: Whimsicott\n|-damage|p2b: Whimsicott|81\/100\n|move|p1b: Garchomp|Earthquake|p2b: Whimsicott|[spread] p1a,p2b\n|-activate|p2a: Ninetales|move: Protect\n|-resisted|p1a: Whimsicott\n|-resisted|p2b: Whimsicott\n|-damage|p1a: Whimsicott|61\/100\n|-damage|p2b: Whimsicott|55\/100\n|-damage|p1b: Garchomp|91\/100|[from] item: Life Orb\n|\n|-weather|Snow|[upkeep]\n|-heal|p1a: Whimsicott|67\/100|[from] item: Leftovers\n|upkeep\n|turn|4\n|\n|t:|1697736999\n|move|p1a: Whimsicott|Taunt|p2b: Whimsicott\n|-start|p2b: Whimsicott|move: Taunt\n|cant|p2b: Whimsicott|move: Taunt|Tailwind\n|move|p1b: Garchomp|Earthquake|p2b: Whimsicott|[spread] p1a,p2a,p2b\n|-resisted|p1a: Whimsicott\n|-resisted|p2b: Whimsicott\n|-damage|p1a: Whimsicott|28\/100\n|-damage|p2a: Ninetales|0 fnt\n|-damage|p2b: Whimsicott|30\/100\n|faint|p2a: Ninetales\n|-damage|p1b: Garchomp|81\/100|[from] item: Life Orb\n|\n|-weather|Snow|[upkeep]\n|-heal|p1a: Whimsicott|34\/100|[from] item: Leftovers\n|-sideend|p1: GakeP|move: Tailwind\n|upkeep\n|\n|t:|1697737016\n|switch|p2a: Zamazenta|Zamazenta|100\/100\n|-ability|p2a: Zamazenta|Dauntless Shield|boost\n|-boost|p2a: Zamazenta|def|1\n|turn|5\n|c|\u2606GakeP|My whimsicott won both speed ties\n|\n|t:|1697737023\n|move|p2a: Zamazenta|Wide Guard|p2a: Zamazenta\n|-singleturn|p2a: Zamazenta|Wide Guard\n|move|p1a: Whimsicott|Tailwind|p1a: Whimsicott\n|-sidestart|p1: GakeP|move: Tailwind\n|move|p1b: Garchomp|Stealth Rock|p2a: Zamazenta\n|-sidestart|p2: Beyond Subzero|move: Stealth Rock\n|move|p2b: Whimsicott|Moonblast|p1b: Garchomp\n|-supereffective|p1b: Garchomp\n|-damage|p1b: Garchomp|0 fnt\n|faint|p1b: Garchomp\n|\n|-weather|none\n|-heal|p1a: Whimsicott|40\/100|[from] item: Leftovers\n|upkeep\n|\n|t:|1697737034\n|switch|p1b: Zapdos|Zapdos|100\/100\n|turn|6\n|\n|t:|1697737059\n|-terastallize|p2a: Zamazenta|Fairy\n|move|p1a: Whimsicott|Moonblast|p2a: Zamazenta\n|-damage|p2a: Zamazenta|82\/100\n|-unboost|p2a: Zamazenta|spa|1\n|move|p1b: Zapdos|Hurricane|p2a: Zamazenta\n|-damage|p2a: Zamazenta|51\/100\n|move|p2a: Zamazenta|Play Rough|p1a: Whimsicott\n|-damage|p1a: Whimsicott|0 fnt\n|faint|p1a: Whimsicott\n|move|p2b: Whimsicott|Moonblast|p1b: Zapdos\n|-damage|p1b: Zapdos|65\/100\n|\n|-end|p2b: Whimsicott|move: Taunt\n|upkeep\n|\n|t:|1697737078\n|switch|p1a: Rillaboom|Rillaboom, M|100\/100\n|-fieldstart|move: Grassy Terrain|[from] ability: Grassy Surge|[of] p1a: Rillaboom\n|turn|7\n|\n|t:|1697737085\n|move|p2b: Whimsicott|Protect|p2b: Whimsicott\n|-singleturn|p2b: Whimsicott|Protect\n|move|p1a: Rillaboom|Fake Out|p2b: Whimsicott\n|-activate|p2b: Whimsicott|move: Protect\n|move|p1b: Zapdos|Heat Wave|p2b: Whimsicott|[spread] p2a\n|-activate|p2b: Whimsicott|move: Protect\n|-damage|p2a: Zamazenta|38\/100\n|-enditem|p2a: Zamazenta|Sitrus Berry|[eat]\n|-heal|p2a: Zamazenta|63\/100|[from] item: Sitrus Berry\n|move|p2a: Zamazenta|Body Press|p1a: Rillaboom\n|-damage|p1a: Rillaboom|51\/100\n|\n|-heal|p2a: Zamazenta|69\/100|[from] Grassy Terrain\n|-heal|p2b: Whimsicott|36\/100|[from] Grassy Terrain\n|-heal|p1a: Rillaboom|57\/100|[from] Grassy Terrain\n|-heal|p1a: Rillaboom|63\/100|[from] item: Leftovers\n|upkeep\n|turn|8\n|c|\u2606GakeP|Welp\n|c|\u2606GakeP|Only one thing left to try\n|\n|t:|1697737108\n|move|p2b: Whimsicott|Tailwind|p2b: Whimsicott\n|-sidestart|p2: Beyond Subzero|move: Tailwind\n|move|p2a: Zamazenta|Body Press|p1a: Rillaboom\n|-damage|p1a: Rillaboom|13\/100\n|move|p1b: Zapdos|Thunderbolt|p2a: Zamazenta\n|-damage|p2a: Zamazenta|45\/100\n|move|p1a: Rillaboom|Leech Seed|p2a: Zamazenta\n|-start|p2a: Zamazenta|move: Leech Seed\n|\n|-heal|p2a: Zamazenta|52\/100|[from] Grassy Terrain\n|-heal|p2b: Whimsicott|42\/100|[from] Grassy Terrain\n|-heal|p1a: Rillaboom|20\/100|[from] Grassy Terrain\n|-heal|p1a: Rillaboom|26\/100|[from] item: Leftovers\n|-damage|p2a: Zamazenta|39\/100|[from] Leech Seed|[of] p1a: Rillaboom\n|-heal|p1a: Rillaboom|38\/100|[silent]\n|-sideend|p1: GakeP|move: Tailwind\n|upkeep\n|turn|9\n|\n|t:|1697737142\n|switch|p2b: Latias|Latias, F|100\/100\n|-damage|p2b: Latias|88\/100|[from] Stealth Rock\n|move|p1a: Rillaboom|Grassy Glide|p2a: Zamazenta\n|-damage|p2a: Zamazenta|25\/100\n|move|p2a: Zamazenta|Coaching|p2b: Latias\n|-boost|p2b: Latias|atk|1\n|-boost|p2b: Latias|def|1\n|move|p1b: Zapdos|Hurricane|p2a: Zamazenta\n|-damage|p2a: Zamazenta|0 fnt\n|faint|p2a: Zamazenta\n|\n|-heal|p1a: Rillaboom|44\/100|[from] Grassy Terrain\n|-heal|p1a: Rillaboom|50\/100|[from] item: Leftovers\n|-sideend|p2: Beyond Subzero|move: Aurora Veil\n|upkeep\n|c|\u2606GakeP|Physical Latias?\n|\n|t:|1697737159\n|switch|p2a: Kyurem|Kyurem-Black|100\/100\n|-damage|p2a: Kyurem|75\/100|[from] Stealth Rock\n|-ability|p2a: Kyurem|Teravolt\n|turn|10\n|\n|t:|1697737173\n|switch|p1b: Tyranitar|Tyranitar, F|100\/100\n|-weather|Sandstorm|[from] ability: Sand Stream|[of] p1b: Tyranitar\n|detailschange|p2b: Latias|Latias-Mega, F\n|-mega|p2b: Latias|Latias|Latiasite\n|move|p2b: Latias|Calm Mind|p2b: Latias\n|-boost|p2b: Latias|spa|1\n|-boost|p2b: Latias|spd|1\n|move|p2a: Kyurem|Icicle Spear|p1a: Rillaboom\n|-supereffective|p1a: Rillaboom\n|-damage|p1a: Rillaboom|19\/100\n|-supereffective|p1a: Rillaboom\n|-damage|p1a: Rillaboom|0 fnt\n|faint|p1a: Rillaboom\n|-hitcount|p1: Rillaboom|2\n|\n|-weather|Sandstorm|[upkeep]\n|-damage|p2b: Latias|82\/100|[from] Sandstorm\n|-damage|p2a: Kyurem|69\/100|[from] Sandstorm\n|-heal|p2a: Kyurem|75\/100|[from] Grassy Terrain\n|upkeep\n|c|\u2606GakeP|Welp gg\n|-message|GakeP forfeited.\n|\n|win|Beyond Subzero\n|raw|GakeP's rating: 1319 &rarr; <strong>1305<\/strong><br \/>(-14 for losing)\n|raw|Beyond Subzero's rating: 1429 &rarr; <strong>1443<\/strong><br \/>(+14 for winning)\n|c|\u2606Beyond Subzero|ggs\n|l|\u2606GakeP\n","uploadtime":1697737207,"views":9,"p1id":"gakep","p2id":"beyondsubzero","formatid":"gen9nationaldexdoubles","rating":1305,"private":0,"password":""}