{"id":"gen9nationaldexdoubles-1953931378","p1":"Bryantdang3r","p2":"tyranitar1977","format":"[Gen 9] National Dex Doubles","log":"|j|\u2606Bryantdang3r\n|j|\u2606tyranitar1977\n|t:|1695839118\n|gametype|doubles\n|player|p1|Bryantdang3r|riley|1138\n|player|p2|tyranitar1977|ingo|1077\n|teamsize|p1|6\n|teamsize|p2|6\n|gen|9\n|tier|[Gen 9] National Dex Doubles\n|rated|\n|rule|HP Percentage Mod: HP is shown in percentages\n|rule|Endless Battle Clause: Forcing endless battles is banned\n|rule|OHKO Clause: OHKO moves are banned\n|rule|Evasion Moves Clause: Evasion moves are banned\n|rule|Evasion Abilities Clause: Evasion abilities are banned\n|rule|Species Clause: Limit one of each Pok\u00e9mon\n|rule|Gravity Sleep Clause: The combination of sleep-inducing moves with imperfect accuracy and Gravity or Gigantamax Orbeetle are banned\n|clearpoke\n|poke|p1|Arcanine-Hisui, F|\n|poke|p1|Tyranitar, M|\n|poke|p1|Milotic, F|\n|poke|p1|Metagross|\n|poke|p1|Amoonguss, M|\n|poke|p1|Cresselia, F|\n|poke|p2|Torterra, F|\n|poke|p2|Shiftry, M|\n|poke|p2|Rillaboom, M|\n|poke|p2|Amoonguss, F|\n|poke|p2|Ogerpon-Cornerstone, F|\n|poke|p2|Dipplin, F|\n|teampreview\n|inactive|Battle timer is ON: inactive players will automatically lose when time's up. (requested by tyranitar1977)\n|c|\u2606tyranitar1977|hf!\n|\n|t:|1695839131\n|start\n|switch|p1a: Arcanine|Arcanine-Hisui, F|100\/100\n|switch|p1b: Amoonguss|Amoonguss, M|100\/100\n|switch|p2a: Shiftry|Shiftry, M|100\/100\n|switch|p2b: Ogerpon|Ogerpon-Cornerstone, F|100\/100\n|turn|1\n|\n|t:|1695839149\n|move|p1a: Arcanine|Protect|p1a: Arcanine\n|-singleturn|p1a: Arcanine|Protect\n|move|p2a: Shiftry|Fake Out|p1b: Amoonguss\n|-damage|p1b: Amoonguss|87\/100\n|move|p2b: Ogerpon|Stomping Tantrum|p1a: Arcanine\n|-activate|p1a: Arcanine|move: Protect\n|cant|p1b: Amoonguss|flinch\n|\n|-heal|p1b: Amoonguss|93\/100|[from] item: Black Sludge\n|upkeep\n|turn|2\n|\n|t:|1695839172\n|switch|p2b: Dipplin|Dipplin, F|100\/100\n|-ability|p2b: Dipplin|Supersweet Syrup\n|-ability|p2b: Dipplin|Supersweet Syrup|boost\n|-unboost|p1a: Arcanine|evasion|1\n|-unboost|p1b: Amoonguss|evasion|1\n|move|p1b: Amoonguss|Rage Powder|p1b: Amoonguss\n|-singleturn|p1b: Amoonguss|move: Rage Powder\n|move|p2a: Shiftry|Tailwind|p2a: Shiftry\n|-sidestart|p2: tyranitar1977|move: Tailwind\n|-ability|p2a: Shiftry|Wind Rider|boost\n|-boost|p2a: Shiftry|atk|1\n|move|p1a: Arcanine|Flare Blitz|p2a: Shiftry\n|-supereffective|p2a: Shiftry\n|-enditem|p2a: Shiftry|Focus Sash\n|-damage|p2a: Shiftry|1\/100\n|-damage|p1a: Arcanine|91\/100|[from] item: Life Orb\n|\n|-heal|p1b: Amoonguss|99\/100|[from] item: Black Sludge\n|upkeep\n|turn|3\n|\n|t:|1695839197\n|move|p1a: Arcanine|Extreme Speed|p2a: Shiftry\n|-damage|p2a: Shiftry|0 fnt\n|faint|p2a: Shiftry\n|-damage|p1a: Arcanine|81\/100|[from] item: Life Orb\n|move|p2b: Dipplin|Pollen Puff|p1b: Amoonguss\n|-damage|p1b: Amoonguss|87\/100\n|move|p1b: Amoonguss|Clear Smog|p2b: Dipplin\n|-supereffective|p2b: Dipplin\n|-damage|p2b: Dipplin|79\/100\n|-clearboost|p2b: Dipplin\n|\n|-heal|p1b: Amoonguss|93\/100|[from] item: Black Sludge\n|upkeep\n|\n|t:|1695839205\n|switch|p2a: Ogerpon|Ogerpon-Cornerstone, F|100\/100\n|turn|4\n|\n|t:|1695839226\n|-terastallize|p2a: Ogerpon|Rock\n|detailschange|p2a: Ogerpon|Ogerpon-Cornerstone-Tera, F, tera:Rock\n|-ability|p2a: Ogerpon|Embody Aspect (Cornerstone)|boost\n|-boost|p2a: Ogerpon|def|1\n|move|p2a: Ogerpon|Swords Dance|p2a: Ogerpon\n|-boost|p2a: Ogerpon|atk|2\n|move|p2b: Dipplin|Pollen Puff|p2a: Ogerpon\n|-immune|p2a: Ogerpon\n|move|p1a: Arcanine|Head Smash|p2a: Ogerpon\n|-damage|p2a: Ogerpon|7\/100\n|-damage|p1a: Arcanine|71\/100|[from] item: Life Orb\n|move|p1b: Amoonguss|Giga Drain|p2a: Ogerpon\n|-supereffective|p2a: Ogerpon\n|-damage|p2a: Ogerpon|0 fnt\n|-heal|p1b: Amoonguss|96\/100|[from] drain|[of] p2a: Ogerpon\n|faint|p2a: Ogerpon\n|\n|-heal|p1b: Amoonguss|100\/100|[from] item: Black Sludge\n|upkeep\n|\n|t:|1695839231\n|switch|p2a: Torterra|Torterra, F|100\/100\n|turn|5\n|\n|t:|1695839260\n|switch|p2b: Amoonguss|Amoonguss, F|100\/100\n|-terastallize|p1a: Arcanine|Fire\n|move|p1b: Amoonguss|Rage Powder|p1b: Amoonguss\n|-singleturn|p1b: Amoonguss|move: Rage Powder\n|move|p2a: Torterra|Headlong Rush|p1a: Arcanine\n|-supereffective|p1a: Arcanine\n|-damage|p1a: Arcanine|0 fnt\n|-unboost|p2a: Torterra|def|1\n|-unboost|p2a: Torterra|spd|1\n|faint|p1a: Arcanine\n|\n|-sideend|p2: tyranitar1977|move: Tailwind\n|upkeep\n|inactive|Bryantdang3r has 120 seconds left.\n|\n|t:|1695839274\n|switch|p1a: Milotic|Milotic, F|100\/100\n|turn|6\n|\n|t:|1695839283\n|switch|p2a: Dipplin|Dipplin, F|79\/100\n|move|p1b: Amoonguss|Rage Powder|p1b: Amoonguss\n|-singleturn|p1b: Amoonguss|move: Rage Powder\n|move|p1a: Milotic|Ice Beam|p2a: Dipplin\n|-supereffective|p2a: Dipplin\n|-damage|p2a: Dipplin|3\/100\n|move|p2b: Amoonguss|Spore|p1a: Milotic\n|-status|p1a: Milotic|slp|[from] move: Spore\n|\n|upkeep\n|turn|7\n|\n|t:|1695839313\n|cant|p1a: Milotic|slp\n|move|p2a: Dipplin|Syrup Bomb|p1a: Milotic\n|-supereffective|p1a: Milotic\n|-damage|p1a: Milotic|64\/100 slp\n|-start|p1a: Milotic|Syrup Bomb\n|move|p2b: Amoonguss|Leaf Storm|p1a: Milotic\n|-supereffective|p1a: Milotic\n|-damage|p1a: Milotic|3\/100 slp\n|-unboost|p2b: Amoonguss|spa|2\n|move|p1b: Amoonguss|Clear Smog|p2a: Dipplin\n|-supereffective|p2a: Dipplin\n|-damage|p2a: Dipplin|0 fnt\n|-clearboost|p2a: Dipplin\n|faint|p2a: Dipplin\n|\n|-heal|p1a: Milotic|9\/100 slp|[from] item: Leftovers\n|-unboost|p1a: Milotic|spe|1\n|upkeep\n|\n|t:|1695839322\n|switch|p2a: Torterra|Torterra, F|100\/100\n|turn|8\n|inactive|Bryantdang3r has 120 seconds left.\n|\n|t:|1695839355\n|move|p2b: Amoonguss|Rage Powder|p2b: Amoonguss\n|-singleturn|p2b: Amoonguss|move: Rage Powder\n|move|p2a: Torterra|Shell Smash|p2a: Torterra\n|-unboost|p2a: Torterra|def|1\n|-unboost|p2a: Torterra|spd|1\n|-boost|p2a: Torterra|atk|2\n|-boost|p2a: Torterra|spa|2\n|-boost|p2a: Torterra|spe|2\n|cant|p1a: Milotic|slp\n|move|p1b: Amoonguss|Giga Drain|p2a: Torterra\n|-damage|p2a: Torterra|60\/100\n|\n|-heal|p1a: Milotic|15\/100 slp|[from] item: Leftovers\n|-unboost|p1a: Milotic|spe|1\n|upkeep\n|turn|9\n|\n|t:|1695839374\n|move|p2b: Amoonguss|Rage Powder|p2b: Amoonguss\n|-singleturn|p2b: Amoonguss|move: Rage Powder\n|move|p2a: Torterra|Headlong Rush|p1b: Amoonguss\n|-damage|p1b: Amoonguss|4\/100\n|-unboost|p2a: Torterra|def|1\n|-unboost|p2a: Torterra|spd|1\n|cant|p1a: Milotic|slp\n|move|p1b: Amoonguss|Giga Drain|p2a: Torterra\n|-damage|p2a: Torterra|11\/100\n|-heal|p1b: Amoonguss|23\/100|[from] drain|[of] p2a: Torterra\n|\n|-heal|p1a: Milotic|21\/100 slp|[from] item: Leftovers\n|-heal|p1b: Amoonguss|29\/100|[from] item: Black Sludge\n|-end|p1a: Milotic|Syrup Bomb\n|upkeep\n|turn|10\n|\n|t:|1695839399\n|move|p2b: Amoonguss|Rage Powder|p2b: Amoonguss\n|-singleturn|p2b: Amoonguss|move: Rage Powder\n|move|p1b: Amoonguss|Rage Powder|p1b: Amoonguss\n|-singleturn|p1b: Amoonguss|move: Rage Powder\n|move|p2a: Torterra|Headlong Rush|p1b: Amoonguss\n|-damage|p1b: Amoonguss|0 fnt\n|-unboost|p2a: Torterra|def|1\n|-unboost|p2a: Torterra|spd|1\n|faint|p1b: Amoonguss\n|-curestatus|p1a: Milotic|slp|[msg]\n|move|p1a: Milotic|Haze|p1a: Milotic\n|-clearallboost\n|\n|-heal|p1a: Milotic|27\/100|[from] item: Leftovers\n|upkeep\n|inactive|Bryantdang3r has 120 seconds left.\n|\n|t:|1695839417\n|switch|p1b: Metagross|Metagross|100\/100\n|turn|11\n|\n|t:|1695839431\n|detailschange|p1b: Metagross|Metagross-Mega\n|-mega|p1b: Metagross|Metagross|Metagrossite\n|move|p2b: Amoonguss|Rage Powder|p2b: Amoonguss\n|-singleturn|p2b: Amoonguss|move: Rage Powder\n|move|p1b: Metagross|Bullet Punch|p2b: Amoonguss\n|-damage|p2b: Amoonguss|77\/100\n|move|p2a: Torterra|Headlong Rush|p1b: Metagross\n|-supereffective|p1b: Metagross\n|-damage|p1b: Metagross|29\/100\n|-unboost|p2a: Torterra|def|1\n|-unboost|p2a: Torterra|spd|1\n|move|p1a: Milotic|Ice Beam|p2b: Amoonguss\n|-supereffective|p2b: Amoonguss\n|-damage|p2b: Amoonguss|30\/100\n|-enditem|p2b: Amoonguss|Sitrus Berry|[eat]\n|-heal|p2b: Amoonguss|55\/100|[from] item: Sitrus Berry\n|\n|-heal|p1a: Milotic|33\/100|[from] item: Leftovers\n|upkeep\n|turn|12\n|\n|t:|1695839453\n|move|p2b: Amoonguss|Rage Powder|p2b: Amoonguss\n|-singleturn|p2b: Amoonguss|move: Rage Powder\n|move|p1b: Metagross|Bullet Punch|p2b: Amoonguss\n|-damage|p2b: Amoonguss|30\/100\n|move|p2a: Torterra|Headlong Rush|p1b: Metagross\n|-supereffective|p1b: Metagross\n|-damage|p1b: Metagross|0 fnt\n|-unboost|p2a: Torterra|def|1\n|-unboost|p2a: Torterra|spd|1\n|faint|p1b: Metagross\n|move|p1a: Milotic|Ice Beam|p2b: Amoonguss\n|-supereffective|p2b: Amoonguss\n|-damage|p2b: Amoonguss|0 fnt\n|faint|p2b: Amoonguss\n|\n|-heal|p1a: Milotic|39\/100|[from] item: Leftovers\n|upkeep\n|\n|t:|1695839473\n|switch|p1b: Tyranitar|Tyranitar, M|100\/100\n|switch|p2b: Rillaboom|Rillaboom, M|100\/100\n|-fieldstart|move: Grassy Terrain|[from] ability: Grassy Surge|[of] p2b: Rillaboom\n|-weather|Sandstorm|[from] ability: Sand Stream|[of] p1b: Tyranitar\n|turn|13\n|\n|t:|1695839492\n|move|p2b: Rillaboom|Grassy Glide|p1a: Milotic\n|-supereffective|p1a: Milotic\n|-damage|p1a: Milotic|0 fnt\n|faint|p1a: Milotic\n|move|p2a: Torterra|Headlong Rush|p1b: Tyranitar\n|-supereffective|p1b: Tyranitar\n|-damage|p1b: Tyranitar|27\/100\n|-unboost|p2a: Torterra|def|1\n|-unboost|p2a: Torterra|spd|1\n|move|p1b: Tyranitar|Power-Up Punch|p2b: Rillaboom\n|-damage|p2b: Rillaboom|90\/100\n|-boost|p1b: Tyranitar|atk|1\n|\n|-weather|Sandstorm|[upkeep]\n|-damage|p2b: Rillaboom|83\/100|[from] Sandstorm\n|-heal|p2a: Torterra|17\/100|[from] Grassy Terrain\n|-heal|p2b: Rillaboom|90\/100|[from] Grassy Terrain\n|-heal|p1b: Tyranitar|33\/100|[from] Grassy Terrain\n|upkeep\n|\n|t:|1695839511\n|switch|p1a: Cresselia|Cresselia, F|100\/100\n|turn|14\n|\n|t:|1695839519\n|move|p2b: Rillaboom|Grassy Glide|p1a: Cresselia\n|-damage|p1a: Cresselia|68\/100\n|move|p2a: Torterra|Headlong Rush|p1b: Tyranitar\n|-supereffective|p1b: Tyranitar\n|-damage|p1b: Tyranitar|0 fnt\n|-unboost|p2a: Torterra|def|1\n|-unboost|p2a: Torterra|spd|1\n|faint|p1b: Tyranitar\n|move|p1a: Cresselia|Reflect|p1a: Cresselia\n|-sidestart|p1: Bryantdang3r|Reflect\n|\n|-weather|Sandstorm|[upkeep]\n|-damage|p1a: Cresselia|62\/100|[from] Sandstorm\n|-damage|p2b: Rillaboom|83\/100|[from] Sandstorm\n|-heal|p2a: Torterra|23\/100|[from] Grassy Terrain\n|-heal|p2b: Rillaboom|90\/100|[from] Grassy Terrain\n|upkeep\n|turn|15\n|c|\u2606Bryantdang3r|Gg\n|c|\u2606tyranitar1977|gg\n|-message|Bryantdang3r forfeited.\n|\n|win|tyranitar1977\n|raw|Bryantdang3r's rating: 1138 &rarr; <strong>1109<\/strong><br \/>(-29 for losing)\n|raw|tyranitar1977's rating: 1077 &rarr; <strong>1110<\/strong><br \/>(+33 for winning)\n|l|\u2606Bryantdang3r\n","uploadtime":1695839534,"views":9,"p1id":"bryantdang3r","p2id":"tyranitar1977","formatid":"gen9nationaldexdoubles","rating":1109,"private":0,"password":""}