{"id":"gen9nationaldexdoubles-1994844987","p1":"EstemanACG1","p2":"bigbroj","format":"[Gen 9] National Dex Doubles","log":"|j|\u2606EstemanACG1\n|j|\u2606bigbroj\n|t:|1700498041\n|gametype|doubles\n|player|p1|EstemanACG1|riley|1202\n|player|p2|bigbroj|cynthia|1099\n|teamsize|p1|6\n|teamsize|p2|6\n|gen|9\n|tier|[Gen 9] National Dex Doubles\n|rated|\n|rule|HP Percentage Mod: HP is shown in percentages\n|rule|Endless Battle Clause: Forcing endless battles is banned\n|rule|OHKO Clause: OHKO moves are banned\n|rule|Evasion Moves Clause: Evasion moves are banned\n|rule|Evasion Abilities Clause: Evasion abilities are banned\n|rule|Species Clause: Limit one of each Pok\u00e9mon\n|rule|Gravity Sleep Clause: The combination of sleep-inducing moves with imperfect accuracy and Gravity or Gigantamax Orbeetle are banned\n|clearpoke\n|poke|p1|Torkoal, F|\n|poke|p1|Walking Wake|\n|poke|p1|Roaring Moon|\n|poke|p1|Landorus, M|\n|poke|p1|Palafin, F|\n|poke|p1|Pelipper, M|\n|poke|p2|Palafin, M|\n|poke|p2|Arcanine, M|\n|poke|p2|Amoonguss, M|\n|poke|p2|Murkrow, M|\n|poke|p2|Landorus-Therian, M|\n|poke|p2|Incineroar, F|\n|teampreview\n|inactive|Battle timer is ON: inactive players will automatically lose when time's up. (requested by bigbroj)\n|inactive|EstemanACG1 has 120 seconds left.\n|\n|t:|1700498078\n|start\n|switch|p1a: Roaring Moon|Roaring Moon|100\/100\n|switch|p1b: Pelipper|Pelipper, M|100\/100\n|switch|p2a: Palafin|Palafin, M|100\/100\n|switch|p2b: Incineroar|Incineroar, F|100\/100\n|-ability|p2b: Incineroar|Intimidate|boost\n|-unboost|p1a: Roaring Moon|atk|1\n|-unboost|p1b: Pelipper|atk|1\n|-weather|RainDance|[from] ability: Drizzle|[of] p1b: Pelipper\n|-enditem|p1a: Roaring Moon|Booster Energy\n|-activate|p1a: Roaring Moon|ability: Protosynthesis|[fromitem]\n|-start|p1a: Roaring Moon|protosynthesisspe\n|turn|1\n|\n|t:|1700498095\n|move|p2b: Incineroar|Fake Out|p1b: Pelipper\n|-damage|p1b: Pelipper|92\/100\n|move|p1a: Roaring Moon|Dragon Dance|p1a: Roaring Moon\n|-boost|p1a: Roaring Moon|atk|1\n|-boost|p1a: Roaring Moon|spe|1\n|move|p2a: Palafin|Flip Turn|p1a: Roaring Moon\n|-resisted|p1a: Roaring Moon\n|-damage|p1a: Roaring Moon|79\/100\n|\n|t:|1700498100\n|detailschange|p2a: Palafin|Palafin-Hero, M\n|switch|p2a: Murkrow|Murkrow, M|100\/100|[from] Flip Turn\n|cant|p1b: Pelipper|flinch\n|\n|-weather|RainDance|[upkeep]\n|upkeep\n|turn|2\n|\n|t:|1700498118\n|move|p2a: Murkrow|Taunt|p1a: Roaring Moon\n|-hint|Since gen 7, Dark is immune to Prankster moves.\n|-immune|p1a: Roaring Moon\n|move|p1a: Roaring Moon|Acrobatics|p2a: Murkrow\n|-damage|p2a: Murkrow|45\/100\n|move|p2b: Incineroar|Parting Shot|p1b: Pelipper\n|-unboost|p1b: Pelipper|atk|1\n|-unboost|p1b: Pelipper|spa|1\n|\n|t:|1700498126\n|switch|p2b: Palafin|Palafin-Hero, M|100\/100|[from] Parting Shot\n|-activate|p2b: Palafin|ability: Zero to Hero\n|move|p1b: Pelipper|Hurricane|p2a: Murkrow\n|-crit|p2a: Murkrow\n|-damage|p2a: Murkrow|0 fnt\n|faint|p2a: Murkrow\n|\n|-weather|RainDance|[upkeep]\n|upkeep\n|\n|t:|1700498137\n|switch|p2a: Amoonguss|Amoonguss, M|100\/100\n|turn|3\n|\n|t:|1700498144\n|switch|p1b: Torkoal|Torkoal, F|100\/100\n|-weather|SunnyDay|[from] ability: Drought|[of] p1b: Torkoal\n|move|p2a: Amoonguss|Protect|p2a: Amoonguss\n|-singleturn|p2a: Amoonguss|Protect\n|move|p1a: Roaring Moon|Acrobatics|p2a: Amoonguss\n|-activate|p2a: Amoonguss|move: Protect\n|move|p2b: Palafin|Close Combat|p1a: Roaring Moon\n|-supereffective|p1a: Roaring Moon\n|-damage|p1a: Roaring Moon|0 fnt\n|-unboost|p2b: Palafin|def|1\n|-unboost|p2b: Palafin|spd|1\n|faint|p1a: Roaring Moon\n|-end|p1a: Roaring Moon|Protosynthesis|[silent]\n|\n|-weather|SunnyDay|[upkeep]\n|upkeep\n|\n|t:|1700498154\n|switch|p1a: Landorus|Landorus, M|100\/100\n|turn|4\n|\n|t:|1700498170\n|switch|p2a: Incineroar|Incineroar, F|100\/100\n|-ability|p2a: Incineroar|Intimidate|boost\n|-unboost|p1a: Landorus|atk|1\n|-unboost|p1b: Torkoal|atk|1\n|-zpower|p2b: Palafin\n|move|p2b: Palafin|Hydro Vortex|p1b: Torkoal|[zeffect]\n|-supereffective|p1b: Torkoal\n|-damage|p1b: Torkoal|59\/100\n|move|p1a: Landorus|Weather Ball|p2a: Incineroar\n|-resisted|p2a: Incineroar\n|-damage|p2a: Incineroar|66\/100\n|-damage|p1a: Landorus|91\/100|[from] item: Life Orb\n|move|p1b: Torkoal|Lava Plume|p2a: Incineroar|[spread] p1a,p2a,p2b\n|-resisted|p2a: Incineroar\n|-resisted|p2b: Palafin\n|-damage|p1a: Landorus|58\/100\n|-damage|p2a: Incineroar|53\/100\n|-damage|p2b: Palafin|76\/100\n|\n|-weather|SunnyDay|[upkeep]\n|upkeep\n|turn|5\n|\n|t:|1700498181\n|move|p2a: Incineroar|Fake Out|p1b: Torkoal\n|-damage|p1b: Torkoal|52\/100\n|move|p2b: Palafin|Jet Punch|p1b: Torkoal\n|-supereffective|p1b: Torkoal\n|-damage|p1b: Torkoal|31\/100\n|move|p1a: Landorus|Earth Power|p2a: Incineroar\n|-supereffective|p2a: Incineroar\n|-damage|p2a: Incineroar|0 fnt\n|faint|p2a: Incineroar\n|cant|p1b: Torkoal|flinch\n|\n|-weather|SunnyDay|[upkeep]\n|upkeep\n|\n|t:|1700498192\n|switch|p2a: Landorus|Landorus-Therian, M|100\/100\n|-ability|p2a: Landorus|Intimidate|boost\n|-unboost|p1a: Landorus|atk|1\n|-unboost|p1b: Torkoal|atk|1\n|turn|6\n|\n|t:|1700498202\n|switch|p1b: Pelipper|Pelipper, M|92\/100\n|-weather|RainDance|[from] ability: Drizzle|[of] p1b: Pelipper\n|move|p2b: Palafin|Jet Punch|p1b: Pelipper\n|-resisted|p1b: Pelipper\n|-damage|p1b: Pelipper|69\/100\n|move|p2a: Landorus|Rock Slide|p1b: Pelipper|[spread] p1a,p1b\n|-supereffective|p1b: Pelipper\n|-damage|p1a: Landorus|32\/100\n|-damage|p1b: Pelipper|38\/100\n|move|p1a: Landorus|Rock Polish|p1a: Landorus\n|-boost|p1a: Landorus|spe|2\n|\n|-weather|RainDance|[upkeep]\n|upkeep\n|turn|7\n|\n|t:|1700498218\n|move|p2b: Palafin|Jet Punch|p1a: Landorus\n|-supereffective|p1a: Landorus\n|-damage|p1a: Landorus|0 fnt\n|faint|p1a: Landorus\n|move|p2a: Landorus|Rock Slide|p1b: Pelipper\n|-supereffective|p1b: Pelipper\n|-damage|p1b: Pelipper|0 fnt\n|faint|p1b: Pelipper\n|\n|-weather|RainDance|[upkeep]\n|upkeep\n|\n|t:|1700498225\n|switch|p1a: Palafin|Palafin, F|100\/100\n|switch|p1b: Walking Wake|Walking Wake|100\/100\n|turn|8\n|\n|t:|1700498239\n|switch|p2a: Amoonguss|Amoonguss, M|100\/100\n|switch|p2b: Arcanine|Arcanine, M|100\/100\n|-ability|p2b: Arcanine|Intimidate|boost\n|-unboost|p1a: Palafin|atk|1\n|-unboost|p1b: Walking Wake|atk|1\n|detailschange|p1a: Palafin|Palafin-Hero, F\n|switch|p1a: Torkoal|Torkoal, F|31\/100\n|-weather|SunnyDay|[from] ability: Drought|[of] p1a: Torkoal\n|-activate|p1b: Walking Wake|ability: Protosynthesis\n|-start|p1b: Walking Wake|protosynthesisspe\n|move|p1b: Walking Wake|Hydro Steam|p2a: Amoonguss\n|-resisted|p2a: Amoonguss\n|-crit|p2a: Amoonguss\n|-damage|p2a: Amoonguss|57\/100\n|\n|-weather|SunnyDay|[upkeep]\n|upkeep\n|turn|9\n|\n|t:|1700498263\n|switch|p2a: Landorus|Landorus-Therian, M|100\/100\n|-ability|p2a: Landorus|Intimidate|boost\n|-unboost|p1a: Torkoal|atk|1\n|-unboost|p1b: Walking Wake|atk|1\n|move|p1b: Walking Wake|Hydro Steam|p2a: Landorus\n|-supereffective|p2a: Landorus\n|-damage|p2a: Landorus|0 fnt\n|faint|p2a: Landorus\n|move|p2b: Arcanine|Snarl|p1a: Torkoal|[spread] p1a,p1b\n|-crit|p1b: Walking Wake\n|-damage|p1a: Torkoal|19\/100\n|-damage|p1b: Walking Wake|85\/100\n|-unboost|p1a: Torkoal|spa|1\n|-unboost|p1b: Walking Wake|spa|1\n|move|p1a: Torkoal|Lava Plume|p2b: Arcanine|[spread] p1b,p2b\n|-resisted|p1b: Walking Wake\n|-resisted|p2b: Arcanine\n|-crit|p2b: Arcanine\n|-damage|p1b: Walking Wake|80\/100\n|-damage|p2b: Arcanine|84\/100\n|\n|-weather|SunnyDay|[upkeep]\n|upkeep\n|\n|t:|1700498272\n|switch|p2a: Amoonguss|Amoonguss, M|91\/100\n|turn|10\n|\n|t:|1700498280\n|switch|p1a: Palafin|Palafin-Hero, F|100\/100\n|-activate|p1a: Palafin|ability: Zero to Hero\n|move|p2a: Amoonguss|Protect|p2a: Amoonguss\n|-singleturn|p2a: Amoonguss|Protect\n|move|p1b: Walking Wake|Hydro Steam|p2b: Arcanine\n|-supereffective|p2b: Arcanine\n|-enditem|p2b: Arcanine|Passho Berry|[eat]\n|-enditem|p2b: Arcanine|Passho Berry|[weaken]\n|-damage|p2b: Arcanine|36\/100\n|move|p2b: Arcanine|Snarl|p1b: Walking Wake|[spread] p1a,p1b\n|-damage|p1a: Palafin|89\/100\n|-damage|p1b: Walking Wake|69\/100\n|-unboost|p1a: Palafin|spa|1\n|-unboost|p1b: Walking Wake|spa|1\n|\n|-weather|SunnyDay|[upkeep]\n|upkeep\n|turn|11\n|\n|t:|1700498293\n|move|p1b: Walking Wake|Hydro Steam|p2b: Arcanine\n|-supereffective|p2b: Arcanine\n|-damage|p2b: Arcanine|0 fnt\n|faint|p2b: Arcanine\n|move|p1a: Palafin|Zen Headbutt|p2a: Amoonguss\n|-supereffective|p2a: Amoonguss\n|-damage|p2a: Amoonguss|0 fnt\n|faint|p2a: Amoonguss\n|\n|-weather|SunnyDay|[upkeep]\n|upkeep\n|-message|bigbroj forfeited.\n|\n|win|EstemanACG1\n|raw|EstemanACG1's rating: 1202 &rarr; <strong>1220<\/strong><br \/>(+18 for winning)\n|raw|bigbroj's rating: 1099 &rarr; <strong>1081<\/strong><br \/>(-18 for losing)\n|l|\u2606bigbroj\n","uploadtime":1700498302,"views":5,"p1id":"estemanacg1","p2id":"bigbroj","formatid":"gen9nationaldexdoubles","rating":1081,"private":0,"password":""}