{"id":"gen9nationaldexdoubles-1957964461","p1":"edgeguard2","p2":"Jkhiii","format":"[Gen 9] National Dex Doubles","log":"|j|\u2606edgeguard2\n|j|\u2606Jkhiii\n|t:|1696276335\n|gametype|doubles\n|player|p1|edgeguard2|2|1042\n|player|p2|Jkhiii|zinzolin|1131\n|teamsize|p1|6\n|teamsize|p2|6\n|gen|9\n|tier|[Gen 9] National Dex Doubles\n|rated|\n|rule|HP Percentage Mod: HP is shown in percentages\n|rule|Endless Battle Clause: Forcing endless battles is banned\n|rule|OHKO Clause: OHKO moves are banned\n|rule|Evasion Moves Clause: Evasion moves are banned\n|rule|Evasion Abilities Clause: Evasion abilities are banned\n|rule|Species Clause: Limit one of each Pok\u00e9mon\n|rule|Gravity Sleep Clause: The combination of sleep-inducing moves with imperfect accuracy and Gravity or Gigantamax Orbeetle are banned\n|clearpoke\n|poke|p1|Electrode|\n|poke|p1|Arboliva, M|\n|poke|p1|Blissey, F|\n|poke|p1|Samurott, M|\n|poke|p1|Mismagius, F|\n|poke|p1|Lurantis, M|\n|poke|p2|Rillaboom, F|\n|poke|p2|Umbreon, M|\n|poke|p2|Wyrdeer, F|\n|poke|p2|Arboliva, F|\n|poke|p2|Ursaluna, F|\n|poke|p2|Orthworm, M|\n|teampreview\n|inactive|Battle timer is ON: inactive players will automatically lose when time's up. (requested by Jkhiii)\n|\n|t:|1696276350\n|start\n|switch|p1a: Electrode|Electrode|100\/100\n|switch|p1b: Blissey|Blissey, F|100\/100\n|switch|p2a: Wyrdeer|Wyrdeer, F|100\/100\n|switch|p2b: Arboliva|Arboliva, F|100\/100\n|-ability|p2a: Wyrdeer|Intimidate|boost\n|-unboost|p1a: Electrode|atk|1\n|-unboost|p1b: Blissey|atk|1\n|turn|1\n|\n|t:|1696276375\n|-terastallize|p2b: Arboliva|Dragon\n|move|p1a: Electrode|Taunt|p2a: Wyrdeer\n|-start|p2a: Wyrdeer|move: Taunt\n|cant|p2a: Wyrdeer|move: Taunt|Calm Mind\n|move|p1b: Blissey|Stealth Rock|p2b: Arboliva\n|-sidestart|p2: Jkhiii|move: Stealth Rock\n|move|p2b: Arboliva|Light Screen|p2b: Arboliva\n|-sidestart|p2: Jkhiii|move: Light Screen\n|\n|upkeep\n|turn|2\n|inactive|edgeguard2 has 120 seconds left.\n|\n|t:|1696276406\n|move|p1a: Electrode|Taunt|p2b: Arboliva\n|-start|p2b: Arboliva|move: Taunt\n|move|p2a: Wyrdeer|Psyshield Bash|p1a: Electrode\n|-damage|p1a: Electrode|59\/100\n|-boost|p2a: Wyrdeer|def|1\n|move|p1b: Blissey|Thunder Wave|p2b: Arboliva\n|-status|p2b: Arboliva|par\n|move|p2b: Arboliva|Earth Power|p1a: Electrode\n|-supereffective|p1a: Electrode\n|-damage|p1a: Electrode|0 fnt\n|faint|p1a: Electrode\n|\n|upkeep\n|inactive|edgeguard2 has 120 seconds left.\n|\n|t:|1696276431\n|switch|p1a: Samurott|Samurott, M|100\/100\n|turn|3\n|\n|t:|1696276440\n|move|p1a: Samurott|Knock Off|p2a: Wyrdeer\n|-supereffective|p2a: Wyrdeer\n|-damage|p2a: Wyrdeer|55\/100\n|-enditem|p2a: Wyrdeer|Leftovers|[from] move: Knock Off|[of] p1a: Samurott\n|move|p2a: Wyrdeer|Psyshield Bash|p1a: Samurott\n|-damage|p1a: Samurott|69\/100\n|-boost|p2a: Wyrdeer|def|1\n|move|p1b: Blissey|Seismic Toss|p2a: Wyrdeer\n|-damage|p2a: Wyrdeer|26\/100\n|cant|p2b: Arboliva|par\n|\n|-heal|p1a: Samurott|75\/100|[from] item: Leftovers\n|-end|p2a: Wyrdeer|move: Taunt\n|upkeep\n|turn|4\n|\n|t:|1696276461\n|move|p1a: Samurott|Swords Dance|p1a: Samurott\n|-boost|p1a: Samurott|atk|2\n|move|p1b: Blissey|Seismic Toss|p2a: Wyrdeer\n|-damage|p2a: Wyrdeer|0 fnt\n|faint|p2a: Wyrdeer\n|move|p2b: Arboliva|Giga Drain|p1a: Samurott\n|-supereffective|p1a: Samurott\n|-damage|p1a: Samurott|0 fnt\n|faint|p1a: Samurott\n|\n|-end|p2b: Arboliva|move: Taunt\n|upkeep\n|\n|t:|1696276481\n|switch|p1a: Arboliva|Arboliva, M|100\/100\n|switch|p2a: Ursaluna|Ursaluna, F|100\/100\n|-damage|p2a: Ursaluna|94\/100|[from] Stealth Rock\n|turn|5\n|\n|t:|1696276498\n|move|p2a: Ursaluna|Bulk Up|p2a: Ursaluna\n|-boost|p2a: Ursaluna|atk|1\n|-boost|p2a: Ursaluna|def|1\n|move|p1b: Blissey|Seismic Toss|p2a: Ursaluna\n|-damage|p2a: Ursaluna|69\/100\n|move|p1a: Arboliva|Sunny Day|p1a: Arboliva\n|-weather|SunnyDay\n|move|p2b: Arboliva|Dazzling Gleam|p1a: Arboliva|[spread] p1a,p1b\n|-damage|p1a: Arboliva|83\/100\n|-damage|p1b: Blissey|94\/100\n|-fieldstart|move: Grassy Terrain|[from] ability: Seed Sower|[of] p1a: Arboliva\n|\n|-weather|SunnyDay|[upkeep]\n|-heal|p2a: Ursaluna|76\/100|[from] Grassy Terrain\n|-heal|p1b: Blissey|99\/100|[from] Grassy Terrain\n|-heal|p1a: Arboliva|89\/100|[from] Grassy Terrain\n|-heal|p1a: Arboliva|95\/100|[from] item: Leftovers\n|-sideend|p2: Jkhiii|move: Light Screen\n|-status|p2a: Ursaluna|brn|[from] item: Flame Orb\n|upkeep\n|turn|6\n|inactive|edgeguard2 has 120 seconds left.\n|\n|t:|1696276542\n|move|p2a: Ursaluna|Facade|p1a: Arboliva\n|-damage|p1a: Arboliva|0 fnt\n|faint|p1a: Arboliva\n|move|p1b: Blissey|Seismic Toss|p2a: Ursaluna\n|-damage|p2a: Ursaluna|51\/100 brn\n|move|p2b: Arboliva|Giga Drain|p1b: Blissey\n|-damage|p1b: Blissey|84\/100\n|\n|-weather|SunnyDay|[upkeep]\n|-heal|p2a: Ursaluna|57\/100 brn|[from] Grassy Terrain\n|-heal|p1b: Blissey|90\/100|[from] Grassy Terrain\n|-damage|p2a: Ursaluna|51\/100 brn|[from] brn\n|upkeep\n|\n|t:|1696276554\n|switch|p1a: Mismagius|Mismagius, F|100\/100\n|turn|7\n|inactive|edgeguard2 has 120 seconds left.\n|\n|t:|1696276568\n|-terastallize|p1a: Mismagius|Fire\n|move|p1a: Mismagius|Mystical Fire|p2a: Ursaluna\n|-damage|p2a: Ursaluna|3\/100 brn\n|-unboost|p2a: Ursaluna|spa|1\n|move|p2a: Ursaluna|Bulk Up|p2a: Ursaluna\n|-boost|p2a: Ursaluna|atk|1\n|-boost|p2a: Ursaluna|def|1\n|move|p1b: Blissey|Seismic Toss|p2a: Ursaluna\n|-damage|p2a: Ursaluna|0 fnt\n|faint|p2a: Ursaluna\n|move|p2b: Arboliva|Giga Drain|p1a: Mismagius\n|-resisted|p1a: Mismagius\n|-damage|p1a: Mismagius|72\/100\n|\n|-weather|SunnyDay|[upkeep]\n|-heal|p1a: Mismagius|78\/100|[from] item: Leftovers\n|-heal|p1b: Blissey|97\/100|[from] Grassy Terrain\n|upkeep\n|\n|t:|1696276590\n|switch|p2a: Umbreon|Umbreon, M|100\/100\n|-damage|p2a: Umbreon|88\/100|[from] Stealth Rock\n|turn|8\n|\n|t:|1696276604\n|move|p1a: Mismagius|Mystical Fire|p2a: Umbreon\n|-damage|p2a: Umbreon|54\/100\n|-unboost|p2a: Umbreon|spa|1\n|move|p2a: Umbreon|Toxic|p1b: Blissey\n|-status|p1b: Blissey|tox\n|move|p1b: Blissey|Seismic Toss|p2a: Umbreon\n|-damage|p2a: Umbreon|28\/100\n|cant|p2b: Arboliva|par\n|\n|-weather|SunnyDay|[upkeep]\n|-heal|p1a: Mismagius|84\/100|[from] item: Leftovers\n|-heal|p2a: Umbreon|34\/100|[from] Grassy Terrain\n|-heal|p2a: Umbreon|40\/100|[from] item: Leftovers\n|-heal|p1b: Blissey|100\/100 tox|[from] Grassy Terrain\n|-damage|p1b: Blissey|94\/100 tox|[from] psn\n|upkeep\n|turn|9\n|\n|t:|1696276636\n|move|p1a: Mismagius|Nasty Plot|p1a: Mismagius\n|-boost|p1a: Mismagius|spa|2\n|move|p2a: Umbreon|Moonlight|p2a: Umbreon\n|-heal|p2a: Umbreon|100\/100\n|move|p1b: Blissey|Seismic Toss|p2a: Umbreon\n|-damage|p2a: Umbreon|74\/100\n|move|p2b: Arboliva|Giga Drain|p1a: Mismagius\n|-resisted|p1a: Mismagius\n|-damage|p1a: Mismagius|57\/100\n|\n|-weather|none\n|-heal|p1a: Mismagius|63\/100|[from] item: Leftovers\n|-heal|p2a: Umbreon|80\/100|[from] Grassy Terrain\n|-heal|p2a: Umbreon|86\/100|[from] item: Leftovers\n|-heal|p1b: Blissey|100\/100 tox|[from] Grassy Terrain\n|-damage|p1b: Blissey|88\/100 tox|[from] psn\n|-fieldend|move: Grassy Terrain\n|upkeep\n|turn|10\n|\n|t:|1696276660\n|move|p1a: Mismagius|Mystical Fire|p2a: Umbreon\n|-damage|p2a: Umbreon|40\/100\n|-unboost|p2a: Umbreon|spa|1\n|move|p2a: Umbreon|Moonlight|p2a: Umbreon\n|-heal|p2a: Umbreon|90\/100\n|move|p1b: Blissey|Seismic Toss|p2a: Umbreon\n|-damage|p2a: Umbreon|63\/100\n|move|p2b: Arboliva|Light Screen|p2b: Arboliva\n|-sidestart|p2: Jkhiii|move: Light Screen\n|\n|-heal|p1a: Mismagius|69\/100|[from] item: Leftovers\n|-heal|p2a: Umbreon|69\/100|[from] item: Leftovers\n|-damage|p1b: Blissey|70\/100 tox|[from] psn\n|upkeep\n|turn|11\n|\n|t:|1696276682\n|move|p1a: Mismagius|Nasty Plot|p1a: Mismagius\n|-boost|p1a: Mismagius|spa|2\n|move|p2a: Umbreon|Foul Play|p1b: Blissey\n|-damage|p1b: Blissey|68\/100 tox\n|move|p1b: Blissey|Thunder Wave|p2a: Umbreon|[miss]\n|-miss|p1b: Blissey|p2a: Umbreon\n|cant|p2b: Arboliva|par\n|\n|-heal|p1a: Mismagius|76\/100|[from] item: Leftovers\n|-heal|p2a: Umbreon|75\/100|[from] item: Leftovers\n|-damage|p1b: Blissey|43\/100 tox|[from] psn\n|upkeep\n|turn|12\n|\n|t:|1696276700\n|move|p1a: Mismagius|Nasty Plot|p1a: Mismagius\n|-boost|p1a: Mismagius|spa|2\n|move|p2a: Umbreon|Heal Bell|p2a: Umbreon\n|-activate|p2a: Umbreon|move: Heal Bell\n|-curestatus|p2b: Arboliva|par|[msg]\n|move|p1b: Blissey|Thunder Wave||[still]\n|-status|p2a: Umbreon|par\n|-activate|p2a: Umbreon|ability: Synchronize\n|-fail|p2a: Umbreon\n|move|p2b: Arboliva|Giga Drain|p1a: Mismagius\n|-resisted|p1a: Mismagius\n|-damage|p1a: Mismagius|55\/100\n|\n|-heal|p1a: Mismagius|61\/100|[from] item: Leftovers\n|-heal|p2a: Umbreon|81\/100 par|[from] item: Leftovers\n|-damage|p1b: Blissey|13\/100 tox|[from] psn\n|upkeep\n|turn|13\n|\n|t:|1696276726\n|move|p1a: Mismagius|Shadow Ball|p2b: Arboliva\n|-damage|p2b: Arboliva|20\/100\n|-fieldstart|move: Grassy Terrain|[from] ability: Seed Sower|[of] p2b: Arboliva\n|move|p1b: Blissey|Soft-Boiled|p1b: Blissey\n|-heal|p1b: Blissey|63\/100 tox\n|move|p2b: Arboliva|Dazzling Gleam|p1a: Mismagius|[spread] p1a,p1b\n|-resisted|p1a: Mismagius\n|-damage|p1a: Mismagius|50\/100\n|-damage|p1b: Blissey|57\/100 tox\n|move|p2a: Umbreon|Heal Bell|p2a: Umbreon\n|-activate|p2a: Umbreon|move: Heal Bell\n|-curestatus|p2a: Umbreon|par|[msg]\n|\n|-heal|p1a: Mismagius|56\/100|[from] item: Leftovers\n|-heal|p2a: Umbreon|88\/100|[from] Grassy Terrain\n|-heal|p2a: Umbreon|94\/100|[from] item: Leftovers\n|-heal|p1b: Blissey|63\/100 tox|[from] Grassy Terrain\n|-heal|p2b: Arboliva|26\/100|[from] Grassy Terrain\n|-heal|p2b: Arboliva|32\/100|[from] item: Leftovers\n|-damage|p1b: Blissey|26\/100 tox|[from] psn\n|upkeep\n|turn|14\n|inactive|Jkhiii has 120 seconds left.\n|\n|t:|1696276764\n|move|p1a: Mismagius|Shadow Ball|p2b: Arboliva\n|-damage|p2b: Arboliva|0 fnt\n|faint|p2b: Arboliva\n|move|p2a: Umbreon|Foul Play|p1a: Mismagius\n|-damage|p1a: Mismagius|27\/100\n|move|p1b: Blissey|Thunder Wave||[still]\n|-status|p2a: Umbreon|par\n|-activate|p2a: Umbreon|ability: Synchronize\n|-fail|p2a: Umbreon\n|\n|-heal|p1a: Mismagius|33\/100|[from] item: Leftovers\n|-heal|p1b: Blissey|32\/100 tox|[from] Grassy Terrain\n|-heal|p2a: Umbreon|99\/100 par|[from] Grassy Terrain\n|-heal|p2a: Umbreon|100\/100 par|[from] item: Leftovers\n|-damage|p1b: Blissey|0 fnt|[from] psn\n|faint|p1b: Blissey\n|-sideend|p2: Jkhiii|move: Light Screen\n|upkeep\n|inactive|Jkhiii has 120 seconds left.\n|\n|t:|1696276784\n|switch|p1b: Lurantis|Lurantis, M|100\/100\n|switch|p2b: Orthworm|Orthworm, M|100\/100\n|-damage|p2b: Orthworm|94\/100|[from] Stealth Rock\n|turn|15\n|\n|t:|1696276796\n|move|p1a: Mismagius|Mystical Fire|p2b: Orthworm\n|-supereffective|p2b: Orthworm\n|-damage|p2b: Orthworm|0 fnt\n|faint|p2b: Orthworm\n|move|p1b: Lurantis|Leaf Storm|p2a: Umbreon\n|-damage|p2a: Umbreon|62\/100 par\n|-boost|p1b: Lurantis|spa|2\n|cant|p2a: Umbreon|par\n|\n|-heal|p1a: Mismagius|39\/100|[from] item: Leftovers\n|-heal|p2a: Umbreon|68\/100 par|[from] Grassy Terrain\n|-heal|p2a: Umbreon|74\/100 par|[from] item: Leftovers\n|upkeep\n|inactive|Jkhiii has 120 seconds left.\n|\n|t:|1696276823\n|switch|p2b: Rillaboom|Rillaboom, F|100\/100\n|-damage|p2b: Rillaboom|88\/100|[from] Stealth Rock\n|turn|16\n|\n|t:|1696276836\n|move|p2b: Rillaboom|Grassy Glide|p1a: Mismagius\n|-resisted|p1a: Mismagius\n|-damage|p1a: Mismagius|7\/100\n|move|p1a: Mismagius|Mystical Fire|p2b: Rillaboom\n|-supereffective|p2b: Rillaboom\n|-damage|p2b: Rillaboom|0 fnt\n|faint|p2b: Rillaboom\n|move|p1b: Lurantis|Leaf Storm|p2a: Umbreon\n|-damage|p2a: Umbreon|0 fnt\n|-boost|p1b: Lurantis|spa|2\n|faint|p2a: Umbreon\n|\n|win|edgeguard2\n|raw|edgeguard2's rating: 1042 &rarr; <strong>1084<\/strong><br \/>(+42 for winning)\n|raw|Jkhiii's rating: 1131 &rarr; <strong>1100<\/strong><br \/>(-31 for losing)\n|l|\u2606Jkhiii\n","uploadtime":1696276854,"views":5,"p1id":"edgeguard2","p2id":"jkhiii","formatid":"gen9nationaldexdoubles","rating":1084,"private":0,"password":""}