{"id":"gen9nationaldexdoubles-1994478248","p1":"Ryan1Baek","p2":"wammer18","format":"[Gen 9] National Dex Doubles","log":"|j|\u2606Ryan1Baek\n|j|\u2606wammer18\n|t:|1700448575\n|gametype|doubles\n|player|p1|Ryan1Baek|carmine|\n|player|p2|wammer18|266|\n|teamsize|p1|6\n|teamsize|p2|6\n|gen|9\n|tier|[Gen 9] National Dex Doubles\n|rule|HP Percentage Mod: HP is shown in percentages\n|rule|Endless Battle Clause: Forcing endless battles is banned\n|rule|OHKO Clause: OHKO moves are banned\n|rule|Evasion Moves Clause: Evasion moves are banned\n|rule|Evasion Abilities Clause: Evasion abilities are banned\n|rule|Species Clause: Limit one of each Pok\u00e9mon\n|rule|Gravity Sleep Clause: The combination of sleep-inducing moves with imperfect accuracy and Gravity or Gigantamax Orbeetle are banned\n|clearpoke\n|poke|p1|Farigiraf, F|\n|poke|p1|Diancie|\n|poke|p1|Torkoal, F|\n|poke|p1|Venusaur, F|\n|poke|p1|Tornadus, M|\n|poke|p1|Walking Wake|\n|poke|p2|Charizard, M|\n|poke|p2|Chi-Yu|\n|poke|p2|Tornadus, M|\n|poke|p2|Tapu Fini|\n|poke|p2|Kingambit, F|\n|poke|p2|Ogerpon-Wellspring, F|\n|teampreview\n|j| TestudoJK\n|j| Shiny_Hero64\n|j| Eliminathan\n|\n|t:|1700448617\n|start\n|switch|p1a: Walking Wake|Walking Wake|100\/100\n|switch|p1b: Tornadus|Tornadus, M, shiny|100\/100\n|switch|p2a: Ogerpon|Ogerpon-Wellspring, F|100\/100\n|switch|p2b: Chi-Yu|Chi-Yu|100\/100\n|-ability|p2b: Chi-Yu|Beads of Ruin\n|turn|1\n|\n|t:|1700448642\n|-terastallize|p2b: Chi-Yu|Dark\n|move|p2a: Ogerpon|Follow Me|p2a: Ogerpon\n|-singleturn|p2a: Ogerpon|move: Follow Me\n|move|p1a: Walking Wake|Hydro Steam|p2a: Ogerpon\n|-immune|p2a: Ogerpon|[from] ability: Water Absorb\n|move|p1b: Tornadus|Bleakwind Storm|p2a: Ogerpon|[spread] p2a,p2b\n|-supereffective|p2a: Ogerpon\n|-damage|p2a: Ogerpon|0 fnt\n|-damage|p2b: Chi-Yu|58\/100\n|faint|p2a: Ogerpon\n|move|p2b: Chi-Yu|Dark Pulse|p1a: Walking Wake\n|-damage|p1a: Walking Wake|0 fnt\n|faint|p1a: Walking Wake\n|-end|p1a: Walking Wake|Protosynthesis|[silent]\n|\n|upkeep\n|c|\u2606Ryan1Baek|SHIT\n|\n|t:|1700448663\n|switch|p1a: Diancie|Diancie|100\/100\n|switch|p2a: Tornadus|Tornadus, M|100\/100\n|turn|2\n|\n|t:|1700448680\n|switch|p2b: Tapu Fini|Tapu Fini|100\/100\n|-fieldstart|move: Misty Terrain|[from] ability: Misty Surge|[of] p2b: Tapu Fini\n|detailschange|p1a: Diancie|Diancie-Mega\n|-mega|p1a: Diancie|Diancie|Diancite\n|move|p2a: Tornadus|Protect|p2a: Tornadus\n|-singleturn|p2a: Tornadus|Protect\n|move|p1b: Tornadus|Tailwind|p1b: Tornadus\n|-sidestart|p1: Ryan1Baek|move: Tailwind\n|move|p1a: Diancie|Diamond Storm|p2a: Tornadus|[spread] p2b\n|-activate|p2a: Tornadus|move: Protect\n|-damage|p2b: Tapu Fini|63\/100\n|\n|upkeep\n|turn|3\n|\n|t:|1700448698\n|move|p2a: Tornadus|Tailwind|p2a: Tornadus\n|-sidestart|p2: wammer18|move: Tailwind\n|move|p1b: Tornadus|Bleakwind Storm|p2b: Tapu Fini|[spread] p2b\n|-miss|p1b: Tornadus|p2a: Tornadus\n|-damage|p2b: Tapu Fini|40\/100\n|-unboost|p2b: Tapu Fini|spe|1\n|move|p1a: Diancie|Diamond Storm|p2b: Tapu Fini|[spread] p2a\n|-miss|p1a: Diancie|p2b: Tapu Fini\n|-supereffective|p2a: Tornadus\n|-crit|p2a: Tornadus\n|-enditem|p2a: Tornadus|Focus Sash\n|-damage|p2a: Tornadus|1\/100\n|move|p2b: Tapu Fini|Muddy Water|p1b: Tornadus|[spread] p1a,p1b\n|-supereffective|p1a: Diancie\n|-damage|p1a: Diancie|23\/100\n|-damage|p1b: Tornadus|54\/100\n|-unboost|p1b: Tornadus|accuracy|1\n|\n|upkeep\n|turn|4\n|c|\u2606Ryan1Baek|bruh\n|\n|t:|1700448727\n|move|p1b: Tornadus|U-turn|p2b: Tapu Fini|[miss]\n|-miss|p1b: Tornadus|p2b: Tapu Fini\n|move|p2a: Tornadus|Bleakwind Storm|p1a: Diancie|[spread] p1a\n|-miss|p2a: Tornadus|p1b: Tornadus\n|-resisted|p1a: Diancie\n|-damage|p1a: Diancie|0 fnt\n|faint|p1a: Diancie\n|move|p2b: Tapu Fini|Muddy Water|p1b: Tornadus|[miss]\n|-miss|p2b: Tapu Fini|p1b: Tornadus\n|\n|upkeep\n|c|\u2606Ryan1Baek|DUDE\n|c|\u2606wammer18|lol\n|\n|t:|1700448743\n|switch|p1a: Farigiraf|Farigiraf, F|100\/100\n|turn|5\n|\n|t:|1700448761\n|move|p1b: Tornadus|U-turn|p2a: Tornadus\n|-resisted|p2a: Tornadus\n|-damage|p2a: Tornadus|0 fnt\n|faint|p2a: Tornadus\n|\n|t:|1700448766\n|switch|p1b: Torkoal|Torkoal, F, shiny|100\/100|[from] U-turn\n|-weather|SunnyDay|[from] ability: Drought|[of] p1b: Torkoal\n|move|p2b: Tapu Fini|Muddy Water|p1b: Torkoal|[spread] p1a,p1b\n|-crit|p1a: Farigiraf\n|-supereffective|p1b: Torkoal\n|-damage|p1a: Farigiraf|80\/100\n|-damage|p1b: Torkoal|67\/100\n|-unboost|p1b: Torkoal|accuracy|1\n|move|p1a: Farigiraf|Trick Room|p1a: Farigiraf\n|-fieldstart|move: Trick Room|[of] p1a: Farigiraf\n|\n|-weather|SunnyDay|[upkeep]\n|-sideend|p1: Ryan1Baek|move: Tailwind\n|upkeep\n|c|\u2606Ryan1Baek|chat\n|c|\u2606Ryan1Baek|im gonna kms\n|\n|t:|1700448785\n|switch|p2a: Kingambit|Kingambit, F|100\/100\n|turn|6\n|c| Shiny_Hero64|What method?\n|\n|t:|1700448801\n|move|p1a: Farigiraf|Helping Hand|p1b: Torkoal\n|-singleturn|p1b: Torkoal|Helping Hand|[of] p1a: Farigiraf\n|move|p2a: Kingambit|Sucker Punch||[still]\n|cant|p1a: Farigiraf|ability: Armor Tail|Sucker Punch|[of] p2a: Kingambit\n|move|p1b: Torkoal|Eruption|p2a: Kingambit|[spread] \n|-miss|p1b: Torkoal|p2a: Kingambit\n|-miss|p1b: Torkoal|p2b: Tapu Fini\n|move|p2b: Tapu Fini|Muddy Water|p1a: Farigiraf|[spread] p1b\n|-miss|p2b: Tapu Fini|p1a: Farigiraf\n|-supereffective|p1b: Torkoal\n|-damage|p1b: Torkoal|28\/100\n|-enditem|p1b: Torkoal|Sitrus Berry|[eat]\n|-heal|p1b: Torkoal|53\/100|[from] item: Sitrus Berry\n|\n|-weather|SunnyDay|[upkeep]\n|-sideend|p2: wammer18|move: Tailwind\n|-fieldend|Misty Terrain\n|upkeep\n|turn|7\n|c|\u2606Ryan1Baek|CHAT\n|c|\u2606Ryan1Baek|IM KILLING MYSELF\n|c| Shiny_Hero64|\u2026\n|c|\u2606wammer18|bro\n|\n|t:|1700448838\n|move|p1a: Farigiraf|Helping Hand|p1b: Torkoal\n|-singleturn|p1b: Torkoal|Helping Hand|[of] p1a: Farigiraf\n|move|p2a: Kingambit|Protect|p2a: Kingambit\n|-singleturn|p2a: Kingambit|Protect\n|move|p1b: Torkoal|Heat Wave|p2b: Tapu Fini|[spread] p2b\n|-activate|p2a: Kingambit|move: Protect\n|-resisted|p2b: Tapu Fini\n|-damage|p2b: Tapu Fini|20\/100\n|move|p2b: Tapu Fini|Muddy Water|p1b: Torkoal|[spread] p1b\n|-miss|p2b: Tapu Fini|p1a: Farigiraf\n|-supereffective|p1b: Torkoal\n|-crit|p1b: Torkoal\n|-damage|p1b: Torkoal|0 fnt\n|faint|p1b: Torkoal\n|\n|-weather|SunnyDay|[upkeep]\n|upkeep\n|\n|t:|1700448851\n|switch|p1b: Venusaur|Venusaur, F, shiny|100\/100\n|turn|8\n|\n|t:|1700448863\n|move|p2a: Kingambit|Kowtow Cleave|p1a: Farigiraf\n|-supereffective|p1a: Farigiraf\n|-damage|p1a: Farigiraf|4\/100\n|move|p2b: Tapu Fini|Moonblast|p1b: Venusaur\n|-resisted|p1b: Venusaur\n|-damage|p1b: Venusaur|79\/100\n|move|p1b: Venusaur|Weather Ball|p2a: Kingambit\n|-supereffective|p2a: Kingambit\n|-damage|p2a: Kingambit|0 fnt\n|faint|p2a: Kingambit\n|-damage|p1b: Venusaur|69\/100|[from] item: Life Orb\n|move|p1a: Farigiraf|Trick Room|p1a: Farigiraf\n|-fieldend|move: Trick Room\n|\n|-weather|SunnyDay|[upkeep]\n|upkeep\n|\n|t:|1700448877\n|switch|p2a: Chi-Yu|Chi-Yu, tera:Dark|58\/100\n|-ability|p2a: Chi-Yu|Beads of Ruin\n|turn|9\n|\n|t:|1700448888\n|move|p1a: Farigiraf|Helping Hand|p1b: Venusaur\n|-singleturn|p1b: Venusaur|Helping Hand|[of] p1a: Farigiraf\n|move|p1b: Venusaur|Weather Ball|p2a: Chi-Yu\n|-damage|p2a: Chi-Yu|0 fnt\n|faint|p2a: Chi-Yu\n|-damage|p1b: Venusaur|59\/100|[from] item: Life Orb\n|move|p2b: Tapu Fini|Muddy Water|p1b: Venusaur|[spread] p1a\n|-miss|p2b: Tapu Fini|p1b: Venusaur\n|-damage|p1a: Farigiraf|0 fnt\n|faint|p1a: Farigiraf\n|\n|-weather|none\n|upkeep\n|\n|t:|1700448900\n|switch|p2a: Charizard|Charizard, M|100\/100\n|switch|p1a: Tornadus|Tornadus, M, shiny|54\/100\n|turn|10\n|\n|t:|1700448914\n|detailschange|p2a: Charizard|Charizard-Mega-Y, M\n|-mega|p2a: Charizard|Charizard|Charizardite Y\n|-weather|SunnyDay|[from] ability: Drought|[of] p2a: Charizard\n|-terastallize|p1b: Venusaur|Fire\n|move|p1b: Venusaur|Sleep Powder|p2a: Charizard\n|-status|p2a: Charizard|slp|[from] move: Sleep Powder\n|move|p1a: Tornadus|Bleakwind Storm|p2a: Charizard|[spread] p2a,p2b\n|-damage|p2a: Charizard|67\/100 slp\n|-damage|p2b: Tapu Fini|0 fnt\n|faint|p2b: Tapu Fini\n|cant|p2a: Charizard|slp\n|\n|-weather|SunnyDay|[upkeep]\n|upkeep\n|turn|11\n|\n|t:|1700448929\n|cant|p2a: Charizard|slp\n|move|p1b: Venusaur|Weather Ball|p2a: Charizard\n|-resisted|p2a: Charizard\n|-damage|p2a: Charizard|28\/100 slp\n|-damage|p1b: Venusaur|49\/100|[from] item: Life Orb\n|move|p1a: Tornadus|Bleakwind Storm|p2a: Charizard\n|-crit|p2a: Charizard\n|-damage|p2a: Charizard|0 fnt\n|faint|p2a: Charizard\n|\n|win|Ryan1Baek\n|c|\u2606Ryan1Baek|gg\n|c|\u2606Ryan1Baek|i cant believe\n|c|\u2606Ryan1Baek|i won\n|c|\u2606wammer18|ff\n|l|\u2606wammer18\n|c|\u2606Ryan1Baek|after all that luck\n","uploadtime":1700448950,"views":4,"p1id":"ryan1baek","p2id":"wammer18","formatid":"gen9nationaldexdoubles","rating":0,"private":0,"password":""}