{"id":"gen9nationaldexdoubles-1989166771","p1":"Vican259","p2":"xephos223","format":"[Gen 9] National Dex Doubles","log":"|j|\u2606Vican259\n|j|\u2606xephos223\n|t:|1699819278\n|gametype|doubles\n|player|p1|Vican259|bellelba|\n|player|p2|xephos223|gambler|\n|teamsize|p1|6\n|teamsize|p2|6\n|gen|9\n|tier|[Gen 9] National Dex Doubles\n|rule|HP Percentage Mod: HP is shown in percentages\n|rule|Endless Battle Clause: Forcing endless battles is banned\n|rule|OHKO Clause: OHKO moves are banned\n|rule|Evasion Moves Clause: Evasion moves are banned\n|rule|Evasion Abilities Clause: Evasion abilities are banned\n|rule|Species Clause: Limit one of each Pok\u00e9mon\n|rule|Gravity Sleep Clause: The combination of sleep-inducing moves with imperfect accuracy and Gravity or Gigantamax Orbeetle are banned\n|clearpoke\n|poke|p1|Ting-Lu|\n|poke|p1|Crawdaunt, M|\n|poke|p1|Honchkrow, F|\n|poke|p1|Wo-Chien|\n|poke|p1|Houndoom, F|\n|poke|p1|Hydreigon, F|\n|poke|p2|Gallade, M|\n|poke|p2|Ceruledge, F|\n|poke|p2|Iron Moth|\n|poke|p2|Raichu-Alola, F|\n|poke|p2|Decidueye, M|\n|poke|p2|Toxapex, F|\n|teampreview\n|\n|t:|1699819307\n|start\n|switch|p1a: No sp atac|Ting-Lu|100\/100\n|switch|p1b: Crawdaunt|Crawdaunt, M|100\/100\n|switch|p2a: Toxapex|Toxapex, F|100\/100\n|switch|p2b: Decidueye|Decidueye, M|100\/100\n|-ability|p1a: No sp atac|Vessel of Ruin\n|turn|1\n|\n|t:|1699819329\n|move|p2b: Decidueye|Leaf Blade|p1b: Crawdaunt\n|-supereffective|p1b: Crawdaunt\n|-damage|p1b: Crawdaunt|0 fnt\n|faint|p1b: Crawdaunt\n|move|p1a: No sp atac|Stealth Rock|p2b: Decidueye\n|-sidestart|p2: xephos223|move: Stealth Rock\n|move|p2a: Toxapex|Toxic Spikes|p1a: No sp atac\n|-sidestart|p1: Vican259|move: Toxic Spikes\n|\n|upkeep\n|\n|t:|1699819341\n|switch|p1b: Honchkrow|Honchkrow, F|100\/100\n|turn|2\n|\n|t:|1699819385\n|move|p2b: Decidueye|Leaf Blade|p1b: Honchkrow\n|-resisted|p1b: Honchkrow\n|-crit|p1b: Honchkrow\n|-damage|p1b: Honchkrow|49\/100\n|move|p1b: Honchkrow|Night Slash|p2b: Decidueye\n|-supereffective|p2b: Decidueye\n|-damage|p2b: Decidueye|0 fnt\n|faint|p2b: Decidueye\n|-ability|p1b: Honchkrow|Moxie|boost\n|-boost|p1b: Honchkrow|atk|1\n|move|p1a: No sp atac|Throat Chop|p2a: Toxapex\n|-damage|p2a: Toxapex|80\/100\n|-start|p2a: Toxapex|Throat Chop|[silent]\n|move|p2a: Toxapex|Scald|p1b: Honchkrow\n|-damage|p1b: Honchkrow|28\/100\n|\n|-heal|p2a: Toxapex|87\/100|[from] item: Black Sludge\n|upkeep\n|\n|t:|1699819411\n|switch|p2b: Raichu|Raichu-Alola, F|100\/100\n|-damage|p2b: Raichu|88\/100|[from] Stealth Rock\n|turn|3\n|\n|t:|1699819426\n|move|p2b: Raichu|Focus Blast|p1a: No sp atac|[miss]\n|-miss|p2b: Raichu|p1a: No sp atac\n|move|p1b: Honchkrow|Brave Bird|p2a: Toxapex\n|-damage|p2a: Toxapex|28\/100\n|-damage|p1b: Honchkrow|11\/100|[from] Recoil\n|move|p1a: No sp atac|Earthquake|p2a: Toxapex|[spread] p2a,p2b\n|-immune|p1b: Honchkrow\n|-supereffective|p2a: Toxapex\n|-supereffective|p2b: Raichu\n|-damage|p2a: Toxapex|0 fnt\n|-damage|p2b: Raichu|0 fnt\n|faint|p2a: Toxapex\n|faint|p2b: Raichu\n|\n|upkeep\n|\n|t:|1699819447\n|switch|p2b: Ceruledge|Ceruledge, F, shiny|100\/100\n|switch|p2a: Iron Moth|Iron Moth|100\/100\n|-damage|p2a: Iron Moth|76\/100|[from] Stealth Rock\n|-damage|p2b: Ceruledge|76\/100|[from] Stealth Rock\n|-enditem|p2a: Iron Moth|Booster Energy\n|-activate|p2a: Iron Moth|ability: Quark Drive|[fromitem]\n|-start|p2a: Iron Moth|quarkdrivespa\n|turn|4\n|\n|t:|1699819476\n|move|p2a: Iron Moth|Sunny Day|p2a: Iron Moth\n|-weather|SunnyDay\n|move|p2b: Ceruledge|Solar Blade||[still]\n|-prepare|p2b: Ceruledge|Solar Blade\n|-anim|p2b: Ceruledge|Solar Blade|p1a: No sp atac\n|-supereffective|p1a: No sp atac\n|-damage|p1a: No sp atac|52\/100\n|move|p1b: Honchkrow|Defog|p2b: Ceruledge\n|-unboost|p2b: Ceruledge|evasion|1\n|-sideend|p2: xephos223|Stealth Rock|[from] move: Defog|[of] p1b: Honchkrow\n|-sideend|p1: Vican259|Toxic Spikes|[from] move: Defog|[of] p1b: Honchkrow\n|move|p1a: No sp atac|Earthquake|p2a: Iron Moth|[spread] p2a,p2b\n|-immune|p1b: Honchkrow\n|-supereffective|p2a: Iron Moth\n|-supereffective|p2b: Ceruledge\n|-damage|p2a: Iron Moth|0 fnt\n|-damage|p2b: Ceruledge|0 fnt\n|faint|p2a: Iron Moth\n|-end|p2a: Iron Moth|Quark Drive|[silent]\n|faint|p2b: Ceruledge\n|\n|-weather|SunnyDay|[upkeep]\n|-heal|p1a: No sp atac|58\/100|[from] item: Leftovers\n|upkeep\n|\n|t:|1699819494\n|switch|p2a: Gallade|Gallade, M|100\/100\n|turn|5\n|\n|t:|1699819501\n|-terastallize|p2a: Gallade|Dark\n|move|p2a: Gallade|Sacred Sword|p1a: No sp atac\n|-supereffective|p1a: No sp atac\n|-damage|p1a: No sp atac|0 fnt\n|faint|p1a: No sp atac\n|move|p1b: Honchkrow|Night Slash|p2a: Gallade\n|-resisted|p2a: Gallade\n|-damage|p2a: Gallade|50\/100\n|\n|-weather|SunnyDay|[upkeep]\n|upkeep\n|\n|t:|1699819513\n|switch|p1a: No atac|Wo-Chien|100\/100\n|-ability|p1a: No atac|Tablets of Ruin\n|turn|6\n|\n|t:|1699819527\n|move|p2a: Gallade|Sacred Sword|p1b: Honchkrow\n|-damage|p1b: Honchkrow|0 fnt\n|faint|p1b: Honchkrow\n|move|p1a: No atac|Pollen Puff|p2a: Gallade\n|-supereffective|p2a: Gallade\n|-damage|p2a: Gallade|4\/100\n|\n|-weather|SunnyDay|[upkeep]\n|upkeep\n|\n|t:|1699819536\n|switch|p1b: Hydreigon|Hydreigon, F|100\/100\n|turn|7\n|\n|t:|1699819546\n|move|p2a: Gallade|Sacred Sword|p1a: No atac\n|-supereffective|p1a: No atac\n|-damage|p1a: No atac|17\/100\n|move|p1b: Hydreigon|Flash Cannon|p2a: Gallade\n|-damage|p2a: Gallade|0 fnt\n|faint|p2a: Gallade\n|\n|win|Vican259\n","uploadtime":1699819555,"views":8,"p1id":"vican259","p2id":"xephos223","formatid":"gen9nationaldexdoubles","rating":0,"private":0,"password":""}