{"id":"gen9nationaldexdoubles-1951750797","p1":"Koge Takashii","p2":"Monkmilt2","format":"[Gen 9] National Dex Doubles","log":"|j|\u2606Koge Takashii\n|j|\u2606Monkmilt2\n|t:|1695615151\n|gametype|doubles\n|player|p1|Koge Takashii|jupiter|1196\n|player|p2|Monkmilt2|li|1221\n|teamsize|p1|6\n|teamsize|p2|6\n|gen|9\n|tier|[Gen 9] National Dex Doubles\n|rated|\n|rule|HP Percentage Mod: HP is shown in percentages\n|rule|Endless Battle Clause: Forcing endless battles is banned\n|rule|OHKO Clause: OHKO moves are banned\n|rule|Evasion Moves Clause: Evasion moves are banned\n|rule|Evasion Abilities Clause: Evasion abilities are banned\n|rule|Species Clause: Limit one of each Pok\u00e9mon\n|rule|Gravity Sleep Clause: The combination of sleep-inducing moves with imperfect accuracy and Gravity or Gigantamax Orbeetle are banned\n|clearpoke\n|poke|p1|Empoleon, M|\n|poke|p1|Feraligatr, M|\n|poke|p1|Iron Bundle|\n|poke|p1|Froslass, F|\n|poke|p1|Gyarados, F|\n|poke|p1|Regieleki|\n|poke|p2|Baxcalibur, M|\n|poke|p2|Serperior, F|\n|poke|p2|Arcanine-Hisui, F|\n|poke|p2|Empoleon, M|\n|poke|p2|Sneasler, M|\n|poke|p2|Kommo-o, M|\n|teampreview\n|\n|t:|1695615215\n|start\n|switch|p1a: \ud83d\uddef\ufe0fWind-Up Action\u2757|Froslass, F, shiny|100\/100\n|switch|p1b: \ud83d\uddef\ufe0fExtra Dex\u2757\u2757|Iron Bundle, shiny|100\/100\n|switch|p2a: Sneasler|Sneasler, M, shiny|100\/100\n|switch|p2b: Arcanine|Arcanine-Hisui, F|100\/100\n|-enditem|p1b: \ud83d\uddef\ufe0fExtra Dex\u2757\u2757|Booster Energy\n|-activate|p1b: \ud83d\uddef\ufe0fExtra Dex\u2757\u2757|ability: Quark Drive|[fromitem]\n|-start|p1b: \ud83d\uddef\ufe0fExtra Dex\u2757\u2757|quarkdrivespe\n|turn|1\n|\n|t:|1695615253\n|-end|p1b: \ud83d\uddef\ufe0fExtra Dex\u2757\u2757|Quark Drive|[silent]\n|switch|p1b: \ud83d\uddef\ufe0fProxy|Gyarados, F, shiny|100\/100\n|-ability|p1b: \ud83d\uddef\ufe0fProxy|Intimidate|boost\n|-unboost|p2a: Sneasler|atk|1\n|-unboost|p2b: Arcanine|atk|1\n|-terastallize|p1a: \ud83d\uddef\ufe0fWind-Up Action\u2757|Dragon\n|move|p2a: Sneasler|Fake Out|p1b: \ud83d\uddef\ufe0fProxy\n|-damage|p1b: \ud83d\uddef\ufe0fProxy|90\/100\n|-status|p1b: \ud83d\uddef\ufe0fProxy|psn|[from] ability: Poison Touch|[of] p2a: Sneasler\n|move|p1a: \ud83d\uddef\ufe0fWind-Up Action\u2757|Spikes|p2a: Sneasler\n|-sidestart|p2: Monkmilt2|Spikes\n|move|p2b: Arcanine|Flare Blitz|p1a: \ud83d\uddef\ufe0fWind-Up Action\u2757\n|-resisted|p1a: \ud83d\uddef\ufe0fWind-Up Action\u2757\n|-damage|p1a: \ud83d\uddef\ufe0fWind-Up Action\u2757|61\/100\n|\n|-damage|p1b: \ud83d\uddef\ufe0fProxy|78\/100 psn|[from] psn\n|upkeep\n|turn|2\n|\n|t:|1695615299\n|detailschange|p1b: \ud83d\uddef\ufe0fProxy|Gyarados-Mega, F, shiny\n|-mega|p1b: \ud83d\uddef\ufe0fProxy|Gyarados|Gyaradosite\n|-ability|p1b: \ud83d\uddef\ufe0fProxy|Mold Breaker\n|move|p1a: \ud83d\uddef\ufe0fWind-Up Action\u2757|Spikes|p2b: Arcanine\n|-sidestart|p2: Monkmilt2|Spikes\n|move|p2b: Arcanine|Flare Blitz|p1a: \ud83d\uddef\ufe0fWind-Up Action\u2757\n|-resisted|p1a: \ud83d\uddef\ufe0fWind-Up Action\u2757\n|-damage|p1a: \ud83d\uddef\ufe0fWind-Up Action\u2757|21\/100\n|move|p2a: Sneasler|U-turn|p1a: \ud83d\uddef\ufe0fWind-Up Action\u2757\n|-damage|p1a: \ud83d\uddef\ufe0fWind-Up Action\u2757|0 fnt\n|faint|p1a: \ud83d\uddef\ufe0fWind-Up Action\u2757\n|\n|t:|1695615315\n|switch|p2a: Kommo-o|Kommo-o, M|100\/100|[from] U-turn\n|-damage|p2a: Kommo-o|84\/100|[from] Spikes\n|move|p1b: \ud83d\uddef\ufe0fProxy|Dragon Tail|p2a: Kommo-o\n|-supereffective|p2a: Kommo-o\n|-damage|p2a: Kommo-o|41\/100\n|drag|p2a: Empoleon|Empoleon, M, shiny|100\/100\n|-damage|p2a: Empoleon|84\/100|[from] Spikes\n|\n|-damage|p1b: \ud83d\uddef\ufe0fProxy|65\/100 psn|[from] psn\n|upkeep\n|\n|t:|1695615339\n|switch|p1a: \ud83d\uddef\ufe0fBattle phase 2\u2757|Regieleki, shiny|100\/100\n|turn|3\n|\n|t:|1695615358\n|move|p1a: \ud83d\uddef\ufe0fBattle phase 2\u2757|Volt Switch|p2a: Empoleon\n|-supereffective|p2a: Empoleon\n|-damage|p2a: Empoleon|9\/100\n|\n|t:|1695615366\n|switch|p1a: \ud83d\uddef\ufe0fDragoons\u2757\u2757|Feraligatr, M, shiny|100\/100|[from] Volt Switch\n|move|p2b: Arcanine|Flare Blitz|p1a: \ud83d\uddef\ufe0fDragoons\u2757\u2757\n|-resisted|p1a: \ud83d\uddef\ufe0fDragoons\u2757\u2757\n|-damage|p1a: \ud83d\uddef\ufe0fDragoons\u2757\u2757|68\/100\n|move|p1b: \ud83d\uddef\ufe0fProxy|Waterfall|p2b: Arcanine\n|-supereffective|p2b: Arcanine\n|-damage|p2b: Arcanine|0 fnt\n|faint|p2b: Arcanine\n|move|p2a: Empoleon|Flash Cannon|p1a: \ud83d\uddef\ufe0fDragoons\u2757\u2757\n|-resisted|p1a: \ud83d\uddef\ufe0fDragoons\u2757\u2757\n|-damage|p1a: \ud83d\uddef\ufe0fDragoons\u2757\u2757|44\/100\n|\n|-damage|p1b: \ud83d\uddef\ufe0fProxy|53\/100 psn|[from] psn\n|upkeep\n|\n|t:|1695615377\n|switch|p2b: Serperior|Serperior, F, shiny|100\/100\n|-damage|p2b: Serperior|84\/100|[from] Spikes\n|turn|4\n|\n|t:|1695615410\n|move|p1b: \ud83d\uddef\ufe0fProxy|Protect|p1b: \ud83d\uddef\ufe0fProxy\n|-singleturn|p1b: \ud83d\uddef\ufe0fProxy|Protect\n|move|p1a: \ud83d\uddef\ufe0fDragoons\u2757\u2757|Aqua Jet|p2a: Empoleon\n|-resisted|p2a: Empoleon\n|-crit|p2a: Empoleon\n|-damage|p2a: Empoleon|0 fnt\n|-damage|p1a: \ud83d\uddef\ufe0fDragoons\u2757\u2757|28\/100|[from] item: Rocky Helmet|[of] p2a: Empoleon\n|faint|p2a: Empoleon\n|move|p2b: Serperior|Leaf Storm|p1b: \ud83d\uddef\ufe0fProxy\n|-activate|p1b: \ud83d\uddef\ufe0fProxy|move: Protect\n|\n|-damage|p1b: \ud83d\uddef\ufe0fProxy|40\/100 psn|[from] psn\n|upkeep\n|\n|t:|1695615440\n|switch|p2a: Kommo-o|Kommo-o, M|41\/100\n|-damage|p2a: Kommo-o|24\/100|[from] Spikes\n|turn|5\n|\n|t:|1695615452\n|move|p2b: Serperior|Leaf Storm|p1b: \ud83d\uddef\ufe0fProxy\n|-supereffective|p1b: \ud83d\uddef\ufe0fProxy\n|-damage|p1b: \ud83d\uddef\ufe0fProxy|0 fnt\n|-boost|p2b: Serperior|spa|2\n|faint|p1b: \ud83d\uddef\ufe0fProxy\n|move|p2a: Kommo-o|Drain Punch|p1a: \ud83d\uddef\ufe0fDragoons\u2757\u2757\n|-damage|p1a: \ud83d\uddef\ufe0fDragoons\u2757\u2757|0 fnt\n|-heal|p2a: Kommo-o|39\/100|[from] drain|[of] p1a: \ud83d\uddef\ufe0fDragoons\u2757\u2757\n|faint|p1a: \ud83d\uddef\ufe0fDragoons\u2757\u2757\n|\n|upkeep\n|\n|t:|1695615472\n|switch|p1a: \ud83d\uddef\ufe0fDrident\u2757\u2757|Empoleon, M, shiny|100\/100\n|switch|p1b: \ud83d\uddef\ufe0fBattle phase 2\u2757|Regieleki, shiny|100\/100\n|turn|6\n|\n|t:|1695615496\n|move|p1b: \ud83d\uddef\ufe0fBattle phase 2\u2757|Explosion|p2b: Serperior|[spread] p1a,p2a,p2b\n|-resisted|p1a: \ud83d\uddef\ufe0fDrident\u2757\u2757\n|-damage|p1a: \ud83d\uddef\ufe0fDrident\u2757\u2757|53\/100\n|-damage|p2a: Kommo-o|0 fnt\n|-damage|p2b: Serperior|0 fnt\n|faint|p1b: \ud83d\uddef\ufe0fBattle phase 2\u2757\n|faint|p2a: Kommo-o\n|faint|p2b: Serperior\n|move|p1a: \ud83d\uddef\ufe0fDrident\u2757\u2757|Agility|p1a: \ud83d\uddef\ufe0fDrident\u2757\u2757\n|-boost|p1a: \ud83d\uddef\ufe0fDrident\u2757\u2757|spe|2\n|\n|upkeep\n|\n|t:|1695615513\n|switch|p1b: \ud83d\uddef\ufe0fExtra Dex\u2757\u2757|Iron Bundle, shiny|100\/100\n|switch|p2b: Sneasler|Sneasler, M, shiny|100\/100\n|switch|p2a: Baxcalibur|Baxcalibur, M|100\/100\n|-damage|p2b: Sneasler|84\/100|[from] Spikes\n|-damage|p2a: Baxcalibur|84\/100|[from] Spikes\n|turn|7\n|\n|t:|1695615537\n|move|p2b: Sneasler|Fake Out|p1a: \ud83d\uddef\ufe0fDrident\u2757\u2757\n|-resisted|p1a: \ud83d\uddef\ufe0fDrident\u2757\u2757\n|-damage|p1a: \ud83d\uddef\ufe0fDrident\u2757\u2757|46\/100\n|cant|p1a: \ud83d\uddef\ufe0fDrident\u2757\u2757|flinch\n|move|p1b: \ud83d\uddef\ufe0fExtra Dex\u2757\u2757|Rain Dance|p1b: \ud83d\uddef\ufe0fExtra Dex\u2757\u2757\n|-weather|RainDance\n|move|p2a: Baxcalibur|Dragon Dance|p2a: Baxcalibur\n|-boost|p2a: Baxcalibur|atk|1\n|-boost|p2a: Baxcalibur|spe|1\n|\n|-weather|RainDance|[upkeep]\n|-heal|p2b: Sneasler|90\/100|[from] item: Black Sludge\n|upkeep\n|turn|8\n|\n|t:|1695615571\n|move|p2a: Baxcalibur|Scale Shot|p1b: \ud83d\uddef\ufe0fExtra Dex\u2757\u2757\n|-damage|p1b: \ud83d\uddef\ufe0fExtra Dex\u2757\u2757|77\/100\n|-damage|p1b: \ud83d\uddef\ufe0fExtra Dex\u2757\u2757|53\/100\n|-damage|p1b: \ud83d\uddef\ufe0fExtra Dex\u2757\u2757|29\/100\n|-damage|p1b: \ud83d\uddef\ufe0fExtra Dex\u2757\u2757|5\/100\n|-hitcount|p1b: \ud83d\uddef\ufe0fExtra Dex\u2757\u2757|4\n|-unboost|p2a: Baxcalibur|def|1\n|-boost|p2a: Baxcalibur|spe|1\n|-zpower|p1a: \ud83d\uddef\ufe0fDrident\u2757\u2757\n|move|p1a: \ud83d\uddef\ufe0fDrident\u2757\u2757|Corkscrew Crash|p2a: Baxcalibur|[zeffect]\n|-supereffective|p2a: Baxcalibur\n|-damage|p2a: Baxcalibur|0 fnt\n|faint|p2a: Baxcalibur\n|move|p1b: \ud83d\uddef\ufe0fExtra Dex\u2757\u2757|Hydro Pump|p2b: Sneasler\n|-damage|p2b: Sneasler|0 fnt\n|faint|p2b: Sneasler\n|\n|win|Koge Takashii\n|raw|Koge Takashii's rating: 1196 &rarr; <strong>1223<\/strong><br \/>(+27 for winning)\n|raw|Monkmilt2's rating: 1221 &rarr; <strong>1194<\/strong><br \/>(-27 for losing)\n|l|\u2606Monkmilt2\n","uploadtime":1695616047,"views":9,"p1id":"kogetakashii","p2id":"monkmilt2","formatid":"gen9nationaldexdoubles","rating":1194,"private":0,"password":""}