{"id":"gen9nationaldexdoubles-1992336934","p1":"zsennas","p2":"Zaynzito","format":"[Gen 9] National Dex Doubles","log":"|j|\u2606zsennas\n|j|\u2606Zaynzito\n|t:|1700176080\n|gametype|doubles\n|player|p1|zsennas|chili|\n|player|p2|Zaynzito|hugh|\n|teamsize|p1|6\n|teamsize|p2|4\n|gen|9\n|tier|[Gen 9] National Dex Doubles\n|rule|HP Percentage Mod: HP is shown in percentages\n|rule|Endless Battle Clause: Forcing endless battles is banned\n|rule|OHKO Clause: OHKO moves are banned\n|rule|Evasion Moves Clause: Evasion moves are banned\n|rule|Evasion Abilities Clause: Evasion abilities are banned\n|rule|Species Clause: Limit one of each Pok\u00e9mon\n|rule|Gravity Sleep Clause: The combination of sleep-inducing moves with imperfect accuracy and Gravity or Gigantamax Orbeetle are banned\n|clearpoke\n|poke|p1|Pichu, L10, M|\n|poke|p1|Pikipek, L10, F|\n|poke|p1|Zorua-Hisui, L10, F|\n|poke|p1|Rockruff, L10, F|\n|poke|p1|Growlithe, L10, M|\n|poke|p1|Squirtle, L10, M|\n|poke|p2|Yungoos, L11, M|\n|poke|p2|Gumshoos, L14, F|\n|poke|p2|Rattata-Alola, L11, F|\n|poke|p2|Raticate-Alola, L14, F|\n|teampreview\n|\n|t:|1700176102\n|start\n|switch|p1a: Big Magro|Rockruff, L10, F|100\/100\n|switch|p1b: Pikipek|Pikipek, L10, F|100\/100\n|switch|p2a: Yungoos|Yungoos, L11, M|100\/100\n|switch|p2b: Raticate|Raticate-Alola, L14, F|100\/100\n|turn|1\n|\n|t:|1700176124\n|move|p1b: Pikipek|Brick Break|p2b: Raticate\n|-supereffective|p2b: Raticate\n|-enditem|p2b: Raticate|Chople Berry|[eat]\n|-enditem|p2b: Raticate|Chople Berry|[weaken]\n|-damage|p2b: Raticate|60\/100\n|move|p2b: Raticate|Crunch|p1b: Pikipek\n|-damage|p1b: Pikipek|0 fnt\n|faint|p1b: Pikipek\n|move|p2a: Yungoos|Psychic Fangs|p1a: Big Magro\n|-damage|p1a: Big Magro|54\/100\n|replace|p1a: Zorua|Zorua-Hisui, L10, F\n|-end|p1a: Zorua|Illusion\n|move|p1a: Zorua|Will-O-Wisp|p2a: Yungoos|[miss]\n|-miss|p1a: Zorua|p2a: Yungoos\n|\n|upkeep\n|\n|t:|1700176143\n|switch|p1b: Lino|Pichu, L10, M|100\/100\n|turn|2\n|\n|t:|1700176165\n|switch|p2b: Rattata|Rattata-Alola, L11, F|100\/100\n|move|p1b: Lino|Fake Out|p2b: Rattata\n|-damage|p2b: Rattata|78\/100\n|move|p2a: Yungoos|Psychic Fangs|p1a: Zorua\n|-damage|p1a: Zorua|7\/100\n|move|p1a: Zorua|Will-O-Wisp|p2a: Yungoos\n|-status|p2a: Yungoos|brn\n|\n|-damage|p2a: Yungoos|95\/100 brn|[from] brn\n|upkeep\n|turn|3\n|\n|t:|1700176193\n|move|p2b: Rattata|U-turn|p1b: Lino\n|-damage|p1b: Lino|43\/100\n|\n|t:|1700176196\n|switch|p2b: Gumshoos|Gumshoos, L14, F|100\/100|[from] U-turn\n|move|p2a: Yungoos|Taunt|p1a: Zorua\n|-start|p1a: Zorua|move: Taunt\n|move|p1b: Lino|Volt Tackle|p2b: Gumshoos\n|-crit|p2b: Gumshoos\n|-damage|p2b: Gumshoos|52\/100\n|-damage|p1b: Lino|15\/100|[from] Recoil\n|move|p1a: Zorua|Dark Pulse|p2a: Yungoos\n|-damage|p2a: Yungoos|30\/100 brn\n|\n|-damage|p2a: Yungoos|24\/100 brn|[from] brn\n|upkeep\n|-enditem|p2a: Yungoos|Salac Berry|[eat]\n|-boost|p2a: Yungoos|spe|1|[from] item: Salac Berry\n|turn|4\n|\n|t:|1700176218\n|move|p2a: Yungoos|Psychic Fangs|p1b: Lino\n|-damage|p1b: Lino|0 fnt\n|faint|p1b: Lino\n|move|p2b: Gumshoos|Fire Fang|p1a: Zorua\n|-damage|p1a: Zorua|0 fnt\n|faint|p1a: Zorua\n|\n|-damage|p2a: Yungoos|18\/100 brn|[from] brn\n|upkeep\n|\n|t:|1700176230\n|switch|p1b: Big Magro|Rockruff, L10, F|100\/100\n|switch|p1a: Jotap\u00ea|Squirtle, L10, M|100\/100\n|turn|5\n|\n|t:|1700176251\n|move|p1a: Jotap\u00ea|Fake Out|p2a: Yungoos\n|-damage|p2a: Yungoos|3\/100 brn\n|cant|p2a: Yungoos|flinch\n|move|p2b: Gumshoos|Thunder Fang|p1a: Jotap\u00ea\n|-supereffective|p1a: Jotap\u00ea\n|-damage|p1a: Jotap\u00ea|0 fnt\n|faint|p1a: Jotap\u00ea\n|move|p1b: Big Magro|Stone Edge|p2b: Gumshoos\n|-damage|p2b: Gumshoos|0 fnt\n|faint|p2b: Gumshoos\n|-damage|p1b: Big Magro|94\/100|[from] item: Life Orb\n|\n|-damage|p2a: Yungoos|0 fnt|[from] brn\n|faint|p2a: Yungoos\n|upkeep\n|\n|t:|1700176268\n|switch|p2b: Rattata|Rattata-Alola, L11, F|78\/100\n|switch|p2a: Raticate|Raticate-Alola, L14, F|60\/100\n|switch|p1a: Zuluz\u00e3o|Growlithe, L10, M|100\/100\n|-ability|p1a: Zuluz\u00e3o|Intimidate|boost\n|-unboost|p2a: Raticate|atk|1\n|-unboost|p2b: Rattata|atk|1\n|turn|6\n|\n|t:|1700176353\n|move|p2b: Rattata|Sucker Punch|p1b: Big Magro\n|-damage|p1b: Big Magro|49\/100\n|move|p2a: Raticate|Double-Edge|p1a: Zuluz\u00e3o\n|-damage|p1a: Zuluz\u00e3o|23\/100\n|-damage|p2a: Raticate|41\/100|[from] Recoil\n|move|p1b: Big Magro|Stone Edge|p2b: Rattata|[miss]\n|-miss|p1b: Big Magro|p2b: Rattata\n|move|p1a: Zuluz\u00e3o|Flare Blitz|p2a: Raticate\n|-damage|p2a: Raticate|5\/100\n|-status|p2a: Raticate|brn\n|-damage|p1a: Zuluz\u00e3o|6\/100|[from] Recoil\n|\n|-damage|p2a: Raticate|0 fnt|[from] brn\n|faint|p2a: Raticate\n|upkeep\n|turn|7\n|\n|t:|1700176380\n|move|p2b: Rattata|Sucker Punch|p1a: Zuluz\u00e3o\n|-damage|p1a: Zuluz\u00e3o|0 fnt\n|faint|p1a: Zuluz\u00e3o\n|move|p1b: Big Magro|Stone Edge|p2b: Rattata\n|-crit|p2b: Rattata\n|-damage|p2b: Rattata|0 fnt\n|faint|p2b: Rattata\n|-damage|p1b: Big Magro|42\/100|[from] item: Life Orb\n|\n|win|zsennas\n|c|\u2606zsennas|Vai darre\n|c|\u2606zsennas|Goooooooooolllll\n","uploadtime":1700176394,"views":19,"p1id":"zsennas","p2id":"zaynzito","formatid":"gen9nationaldexdoubles","rating":0,"private":0,"password":""}