{"id":"gen9nationaldexdoubles-1976126475","p1":"The power of ROCK","p2":"NimbusFlight","format":"[Gen 9] National Dex Doubles","log":"|j|\u2606The power of ROCK\n|j|\u2606NimbusFlight\n|t:|1698265943\n|gametype|doubles\n|player|p1|The power of ROCK|roark|\n|player|p2|NimbusFlight|rika|\n|teamsize|p1|6\n|teamsize|p2|6\n|gen|9\n|tier|[Gen 9] National Dex Doubles\n|rated|Tournament battle\n|rule|HP Percentage Mod: HP is shown in percentages\n|rule|Endless Battle Clause: Forcing endless battles is banned\n|rule|OHKO Clause: OHKO moves are banned\n|rule|Evasion Moves Clause: Evasion moves are banned\n|rule|Evasion Abilities Clause: Evasion abilities are banned\n|rule|Species Clause: Limit one of each Pok\u00e9mon\n|rule|Gravity Sleep Clause: The combination of sleep-inducing moves with imperfect accuracy and Gravity or Gigantamax Orbeetle are banned\n|clearpoke\n|poke|p1|Tyranitar, F|\n|poke|p1|Garganacl, M|\n|poke|p1|Stakataka|\n|poke|p1|Aggron, F|\n|poke|p1|Ogerpon-Cornerstone, F|\n|poke|p1|Shuckle, M|\n|poke|p2|Charizard, F|\n|poke|p2|Ninetales, M|\n|poke|p2|Walking Wake|\n|poke|p2|Leafeon, F|\n|poke|p2|Ogerpon-Hearthflame, F|\n|poke|p2|Sandy Shocks|\n|teampreview\n|inactive|Battle timer is ON: inactive players will automatically lose when time's up. (requested by NimbusFlight)\n|c|\u2606NimbusFlight|gl hf\n|c|\u2606The power of ROCK|Welcome to the ROCK gym\n|inactive|The power of ROCK has 120 seconds left.\n|\n|t:|1698265977\n|start\n|switch|p1a: Ogerpon|Ogerpon-Cornerstone, F|100\/100\n|switch|p1b: Shuckle|Shuckle, M|100\/100\n|switch|p2a: Charizard|Charizard, F|100\/100\n|switch|p2b: Sandy Shocks|Sandy Shocks|100\/100\n|turn|1\n|\n|t:|1698266002\n|detailschange|p2a: Charizard|Charizard-Mega-Y, F\n|-mega|p2a: Charizard|Charizard|Charizardite Y\n|-weather|SunnyDay|[from] ability: Drought|[of] p2a: Charizard\n|-activate|p2b: Sandy Shocks|ability: Protosynthesis\n|-start|p2b: Sandy Shocks|protosynthesisspa\n|move|p2b: Sandy Shocks|Flash Cannon|p1a: Ogerpon\n|-supereffective|p1a: Ogerpon\n|-damage|p1a: Ogerpon|14\/100\n|move|p1a: Ogerpon|Ivy Cudgel|p2a: Charizard\n|-supereffective|p2a: Charizard\n|-damage|p2a: Charizard|0 fnt\n|faint|p2a: Charizard\n|move|p1b: Shuckle|Sticky Web|p2b: Sandy Shocks\n|-sidestart|p2: NimbusFlight|move: Sticky Web\n|\n|-weather|SunnyDay|[upkeep]\n|upkeep\n|inactive|NimbusFlight has 120 seconds left.\n|\n|t:|1698266021\n|switch|p2a: Walking Wake|Walking Wake|100\/100\n|-activate|p2a: Walking Wake|move: Sticky Web\n|-unboost|p2a: Walking Wake|spe|1\n|-activate|p2a: Walking Wake|ability: Protosynthesis\n|-start|p2a: Walking Wake|protosynthesisspa\n|turn|2\n|\n|t:|1698266035\n|switch|p1a: Tyranitar|Tyranitar, F|100\/100\n|-weather|Sandstorm|[from] ability: Sand Stream|[of] p1a: Tyranitar\n|-end|p2b: Sandy Shocks|Protosynthesis\n|-end|p2a: Walking Wake|Protosynthesis\n|switch|p1b: Garganacl|Garganacl, M|100\/100\n|move|p2b: Sandy Shocks|Flash Cannon|p1a: Tyranitar\n|-supereffective|p1a: Tyranitar\n|-damage|p1a: Tyranitar|84\/100\n|move|p2a: Walking Wake|Hydro Steam|p1b: Garganacl\n|-supereffective|p1b: Garganacl\n|-damage|p1b: Garganacl|55\/100\n|-enditem|p1b: Garganacl|Maranga Berry|[eat]\n|-boost|p1b: Garganacl|spd|1|[from] item: Maranga Berry\n|\n|-weather|Sandstorm|[upkeep]\n|-damage|p2a: Walking Wake|94\/100|[from] Sandstorm\n|upkeep\n|turn|3\n|j| Daepiquejt\n|\n|t:|1698266054\n|-end|p2b: Sandy Shocks|Protosynthesis|[silent]\n|switch|p2b: Ninetales|Ninetales, M|100\/100\n|-activate|p2b: Ninetales|move: Sticky Web\n|-unboost|p2b: Ninetales|spe|1\n|-weather|SunnyDay|[from] ability: Drought|[of] p2b: Ninetales\n|-activate|p2a: Walking Wake|ability: Protosynthesis\n|-start|p2a: Walking Wake|protosynthesisspa\n|switch|p1a: Shuckle|Shuckle, M|100\/100\n|-terastallize|p1b: Garganacl|Ghost\n|move|p2a: Walking Wake|Hydro Steam|p1a: Shuckle\n|-supereffective|p1a: Shuckle\n|-ability|p1a: Shuckle|Sturdy\n|-damage|p1a: Shuckle|1\/100\n|move|p1b: Garganacl|Recover|p1b: Garganacl\n|-heal|p1b: Garganacl|100\/100\n|\n|-weather|SunnyDay|[upkeep]\n|-heal|p1a: Shuckle|7\/100|[from] item: Leftovers\n|upkeep\n|turn|4\n|l| Daepiquejt\n|j| Daepiquejt\n|l| Daepiquejt\n|inactive|NimbusFlight has 120 seconds left.\n|\n|t:|1698266086\n|switch|p2b: Sandy Shocks|Sandy Shocks|100\/100\n|-activate|p2b: Sandy Shocks|move: Sticky Web\n|-unboost|p2b: Sandy Shocks|spe|1\n|-activate|p2b: Sandy Shocks|ability: Protosynthesis\n|-start|p2b: Sandy Shocks|protosynthesisspa\n|switch|p1a: Tyranitar|Tyranitar, F|84\/100\n|-weather|Sandstorm|[from] ability: Sand Stream|[of] p1a: Tyranitar\n|-end|p2b: Sandy Shocks|Protosynthesis\n|-end|p2a: Walking Wake|Protosynthesis\n|move|p2a: Walking Wake|Hydro Steam|p1b: Garganacl\n|-damage|p1b: Garganacl|82\/100\n|move|p1b: Garganacl|Salt Cure|p2a: Walking Wake\n|-damage|p2a: Walking Wake|80\/100\n|-start|p2a: Walking Wake|Salt Cure\n|\n|-weather|Sandstorm|[upkeep]\n|-damage|p2a: Walking Wake|74\/100|[from] Sandstorm\n|-damage|p1b: Garganacl|75\/100|[from] Sandstorm\n|-damage|p2a: Walking Wake|49\/100|[from] Salt Cure\n|upkeep\n|turn|5\n|inactive|NimbusFlight has 120 seconds left.\n|\n|t:|1698266112\n|-end|p2a: Walking Wake|Protosynthesis|[silent]\n|switch|p2a: Ninetales|Ninetales, M|100\/100\n|-activate|p2a: Ninetales|move: Sticky Web\n|-unboost|p2a: Ninetales|spe|1\n|-weather|SunnyDay|[from] ability: Drought|[of] p2a: Ninetales\n|-activate|p2b: Sandy Shocks|ability: Protosynthesis\n|-start|p2b: Sandy Shocks|protosynthesisspa\n|switch|p1a: Aggron|Aggron, F|100\/100\n|move|p2b: Sandy Shocks|Earth Power|p1a: Aggron\n|-supereffective|p1a: Aggron\n|-ability|p1a: Aggron|Sturdy\n|-damage|p1a: Aggron|1\/100\n|move|p1b: Garganacl|Recover|p1b: Garganacl\n|-heal|p1b: Garganacl|100\/100\n|\n|-weather|SunnyDay|[upkeep]\n|upkeep\n|turn|6\n|inactive|NimbusFlight has 120 seconds left.\n|\n|t:|1698266138\n|switch|p1a: Tyranitar|Tyranitar, F|84\/100\n|-weather|Sandstorm|[from] ability: Sand Stream|[of] p1a: Tyranitar\n|-end|p2b: Sandy Shocks|Protosynthesis\n|move|p2b: Sandy Shocks|Earth Power|p1a: Tyranitar\n|-supereffective|p1a: Tyranitar\n|-damage|p1a: Tyranitar|56\/100\n|move|p2a: Ninetales|Heat Wave|p1a: Tyranitar|[spread] p1a,p1b\n|-resisted|p1a: Tyranitar\n|-damage|p1a: Tyranitar|53\/100\n|-damage|p1b: Garganacl|92\/100\n|move|p1b: Garganacl|Salt Cure|p2b: Sandy Shocks\n|-resisted|p2b: Sandy Shocks\n|-damage|p2b: Sandy Shocks|92\/100\n|-start|p2b: Sandy Shocks|Salt Cure\n|\n|-weather|Sandstorm|[upkeep]\n|-damage|p2a: Ninetales|94\/100|[from] Sandstorm\n|-damage|p1b: Garganacl|85\/100|[from] Sandstorm\n|-damage|p2b: Sandy Shocks|80\/100|[from] Salt Cure\n|upkeep\n|turn|7\n|\n|t:|1698266161\n|-end|p2b: Sandy Shocks|Protosynthesis|[silent]\n|switch|p2b: Leafeon|Leafeon, F|100\/100\n|-activate|p2b: Leafeon|move: Sticky Web\n|-unboost|p2b: Leafeon|spe|1\n|switch|p1a: Aggron|Aggron, F|1\/100\n|switch|p2a: Walking Wake|Walking Wake|49\/100\n|-activate|p2a: Walking Wake|move: Sticky Web\n|-unboost|p2a: Walking Wake|spe|1\n|move|p1b: Garganacl|Salt Cure|p2a: Walking Wake\n|-damage|p2a: Walking Wake|34\/100\n|-start|p2a: Walking Wake|Salt Cure\n|\n|-weather|Sandstorm|[upkeep]\n|-damage|p2a: Walking Wake|28\/100|[from] Sandstorm\n|-damage|p2b: Leafeon|95\/100|[from] Sandstorm\n|-damage|p1b: Garganacl|79\/100|[from] Sandstorm\n|-damage|p2a: Walking Wake|3\/100|[from] Salt Cure\n|upkeep\n|turn|8\n|\n|t:|1698266185\n|-end|p2a: Walking Wake|Protosynthesis|[silent]\n|switch|p2a: Ninetales|Ninetales, M|94\/100\n|-activate|p2a: Ninetales|move: Sticky Web\n|-unboost|p2a: Ninetales|spe|1\n|-weather|SunnyDay|[from] ability: Drought|[of] p2a: Ninetales\n|detailschange|p1a: Aggron|Aggron-Mega, F\n|-mega|p1a: Aggron|Aggron|Aggronite\n|move|p2b: Leafeon|Knock Off|p1b: Garganacl\n|-supereffective|p1b: Garganacl\n|-damage|p1b: Garganacl|38\/100\n|-damage|p2b: Leafeon|85\/100|[from] item: Life Orb\n|move|p1a: Aggron|Rest|p1a: Aggron\n|-status|p1a: Aggron|slp|[from] move: Rest\n|-heal|p1a: Aggron|100\/100 slp|[silent]\n|move|p1b: Garganacl|Recover|p1b: Garganacl\n|-heal|p1b: Garganacl|88\/100\n|\n|-weather|SunnyDay|[upkeep]\n|upkeep\n|turn|9\n|\n|t:|1698266207\n|switch|p2a: Ogerpon|Ogerpon-Hearthflame, F|100\/100\n|-activate|p2a: Ogerpon|move: Sticky Web\n|-unboost|p2a: Ogerpon|spe|1\n|-ability|p2a: Ogerpon|Mold Breaker\n|move|p2b: Leafeon|Swords Dance|p2b: Leafeon\n|-boost|p2b: Leafeon|atk|2\n|cant|p1a: Aggron|slp\n|move|p1a: Aggron|Sleep Talk|p1a: Aggron\n|move|p1a: Aggron|Body Press|p2b: Leafeon|[from]move: Sleep Talk\n|-damage|p2b: Leafeon|39\/100\n|move|p1b: Garganacl|Iron Defense|p1b: Garganacl\n|-boost|p1b: Garganacl|def|2\n|\n|-weather|SunnyDay|[upkeep]\n|upkeep\n|turn|10\n|inactive|The power of ROCK has 120 seconds left.\n|\n|t:|1698266243\n|switch|p1a: Tyranitar|Tyranitar, F|53\/100\n|-weather|Sandstorm|[from] ability: Sand Stream|[of] p1a: Tyranitar\n|move|p2a: Ogerpon|Ivy Cudgel|p1a: Tyranitar\n|-resisted|p1a: Tyranitar\n|-damage|p1a: Tyranitar|30\/100\n|move|p2b: Leafeon|Solar Blade||[still]\n|-prepare|p2b: Leafeon|Solar Blade\n|move|p1b: Garganacl|Body Press|p2b: Leafeon\n|-damage|p2b: Leafeon|0 fnt\n|faint|p2b: Leafeon\n|\n|-weather|Sandstorm|[upkeep]\n|-damage|p2a: Ogerpon|95\/100|[from] Sandstorm\n|-damage|p1b: Garganacl|82\/100|[from] Sandstorm\n|upkeep\n|inactive|NimbusFlight has 120 seconds left.\n|\n|t:|1698266257\n|switch|p2b: Ninetales|Ninetales, M|94\/100\n|-activate|p2b: Ninetales|move: Sticky Web\n|-unboost|p2b: Ninetales|spe|1\n|-weather|SunnyDay|[from] ability: Drought|[of] p2b: Ninetales\n|turn|11\n|inactive|The power of ROCK has 120 seconds left.\n|\n|t:|1698266282\n|switch|p1a: Shuckle|Shuckle, M|7\/100\n|move|p2a: Ogerpon|Horn Leech|p1a: Shuckle\n|-damage|p1a: Shuckle|0 fnt\n|-heal|p2a: Ogerpon|97\/100|[from] drain|[of] p1a: Shuckle\n|faint|p1a: Shuckle\n|move|p2b: Ninetales|Heat Wave|p1b: Garganacl\n|-damage|p1b: Garganacl|63\/100\n|move|p1b: Garganacl|Recover|p1b: Garganacl\n|-heal|p1b: Garganacl|100\/100\n|\n|-weather|SunnyDay|[upkeep]\n|upkeep\n|inactive|The power of ROCK has 120 seconds left.\n|\n|t:|1698266294\n|switch|p1a: Ogerpon|Ogerpon-Cornerstone, F|14\/100\n|turn|12\n|\n|t:|1698266310\n|move|p2b: Ninetales|Protect|p2b: Ninetales\n|-singleturn|p2b: Ninetales|Protect\n|move|p1a: Ogerpon|Ivy Cudgel|p2b: Ninetales\n|-activate|p2b: Ninetales|move: Protect\n|move|p2a: Ogerpon|Horn Leech|p1a: Ogerpon\n|-damage|p1a: Ogerpon|0 fnt\n|-heal|p2a: Ogerpon|100\/100|[from] drain|[of] p1a: Ogerpon\n|faint|p1a: Ogerpon\n|move|p1b: Garganacl|Salt Cure|p2a: Ogerpon\n|-supereffective|p2a: Ogerpon\n|-damage|p2a: Ogerpon|63\/100\n|-start|p2a: Ogerpon|Salt Cure\n|\n|-weather|SunnyDay|[upkeep]\n|-damage|p2a: Ogerpon|50\/100|[from] Salt Cure\n|upkeep\n|\n|t:|1698266315\n|switch|p1a: Tyranitar|Tyranitar, F|30\/100\n|-weather|Sandstorm|[from] ability: Sand Stream|[of] p1a: Tyranitar\n|turn|13\n|\n|t:|1698266338\n|switch|p1a: Aggron|Aggron-Mega, F|100\/100 slp\n|switch|p2b: Walking Wake|Walking Wake|3\/100\n|-activate|p2b: Walking Wake|move: Sticky Web\n|-unboost|p2b: Walking Wake|spe|1\n|move|p2a: Ogerpon|Horn Leech|p1a: Aggron\n|-resisted|p1a: Aggron\n|-damage|p1a: Aggron|92\/100 slp\n|-heal|p2a: Ogerpon|55\/100|[from] drain|[of] p1a: Aggron\n|move|p1b: Garganacl|Salt Cure|p2b: Walking Wake\n|-damage|p2b: Walking Wake|0 fnt\n|faint|p2b: Walking Wake\n|-end|p2b: Walking Wake|Protosynthesis|[silent]\n|\n|-weather|Sandstorm|[upkeep]\n|-damage|p2a: Ogerpon|49\/100|[from] Sandstorm\n|-damage|p1b: Garganacl|94\/100|[from] Sandstorm\n|-damage|p2a: Ogerpon|37\/100|[from] Salt Cure\n|upkeep\n|\n|t:|1698266354\n|switch|p2b: Ninetales|Ninetales, M|94\/100\n|-activate|p2b: Ninetales|move: Sticky Web\n|-unboost|p2b: Ninetales|spe|1\n|-weather|SunnyDay|[from] ability: Drought|[of] p2b: Ninetales\n|turn|14\n|\n|t:|1698266367\n|switch|p2a: Sandy Shocks|Sandy Shocks|80\/100\n|-activate|p2a: Sandy Shocks|move: Sticky Web\n|-unboost|p2a: Sandy Shocks|spe|1\n|-activate|p2a: Sandy Shocks|ability: Protosynthesis\n|-start|p2a: Sandy Shocks|protosynthesisspa\n|switch|p1a: Tyranitar|Tyranitar, F|30\/100\n|-weather|Sandstorm|[from] ability: Sand Stream|[of] p1a: Tyranitar\n|-end|p2a: Sandy Shocks|Protosynthesis\n|move|p2b: Ninetales|Will-O-Wisp|p1a: Tyranitar\n|-status|p1a: Tyranitar|brn\n|move|p1b: Garganacl|Body Press|p2a: Sandy Shocks\n|-damage|p2a: Sandy Shocks|29\/100\n|\n|-weather|Sandstorm|[upkeep]\n|-damage|p2b: Ninetales|88\/100|[from] Sandstorm\n|-damage|p1b: Garganacl|88\/100|[from] Sandstorm\n|-damage|p1a: Tyranitar|24\/100 brn|[from] brn\n|upkeep\n|turn|15\n|\n|t:|1698266392\n|switch|p1a: Aggron|Aggron-Mega, F|92\/100 slp\n|switch|p2b: Ogerpon|Ogerpon-Hearthflame, F|37\/100\n|-activate|p2b: Ogerpon|move: Sticky Web\n|-unboost|p2b: Ogerpon|spe|1\n|-ability|p2b: Ogerpon|Mold Breaker\n|move|p2a: Sandy Shocks|Earth Power|p1b: Garganacl\n|-crit|p1b: Garganacl\n|-damage|p1b: Garganacl|37\/100\n|move|p1b: Garganacl|Body Press|p2a: Sandy Shocks\n|-damage|p2a: Sandy Shocks|0 fnt\n|faint|p2a: Sandy Shocks\n|-end|p2a: Sandy Shocks|Protosynthesis|[silent]\n|\n|-weather|Sandstorm|[upkeep]\n|-damage|p2b: Ogerpon|31\/100|[from] Sandstorm\n|-damage|p1b: Garganacl|31\/100|[from] Sandstorm\n|upkeep\n|inactive|NimbusFlight has 120 seconds left.\n|\n|t:|1698266408\n|switch|p2a: Ninetales|Ninetales, M|88\/100\n|-activate|p2a: Ninetales|move: Sticky Web\n|-unboost|p2a: Ninetales|spe|1\n|-weather|SunnyDay|[from] ability: Drought|[of] p2a: Ninetales\n|turn|16\n|\n|t:|1698266419\n|switch|p1a: Tyranitar|Tyranitar, F|24\/100 brn\n|-weather|Sandstorm|[from] ability: Sand Stream|[of] p1a: Tyranitar\n|-terastallize|p2b: Ogerpon|Fire\n|detailschange|p2b: Ogerpon|Ogerpon-Hearthflame-Tera, F, tera:Fire\n|-ability|p2b: Ogerpon|Embody Aspect (Hearthflame)|boost\n|-boost|p2b: Ogerpon|atk|1\n|move|p2b: Ogerpon|Ivy Cudgel|p1a: Tyranitar\n|-resisted|p1a: Tyranitar\n|-damage|p1a: Tyranitar|0 fnt\n|faint|p1a: Tyranitar\n|move|p2a: Ninetales|Heat Wave|p1b: Garganacl\n|-damage|p1b: Garganacl|19\/100\n|move|p1b: Garganacl|Recover|p1b: Garganacl\n|-heal|p1b: Garganacl|69\/100\n|\n|-weather|Sandstorm|[upkeep]\n|-damage|p2b: Ogerpon|25\/100|[from] Sandstorm\n|-damage|p2a: Ninetales|82\/100|[from] Sandstorm\n|-damage|p1b: Garganacl|63\/100|[from] Sandstorm\n|upkeep\n|\n|t:|1698266424\n|switch|p1a: Stakataka|Stakataka|100\/100\n|turn|17\n|\n|t:|1698266442\n|move|p2b: Ogerpon|Horn Leech|p1a: Stakataka\n|-damage|p1a: Stakataka|60\/100\n|-heal|p2b: Ogerpon|47\/100|[from] drain|[of] p1a: Stakataka\n|move|p2a: Ninetales|Heat Wave|p1a: Stakataka|[spread] p1a,p1b\n|-damage|p1a: Stakataka|45\/100\n|-damage|p1b: Garganacl|53\/100\n|move|p1b: Garganacl|Salt Cure|p2b: Ogerpon\n|-supereffective|p2b: Ogerpon\n|-damage|p2b: Ogerpon|9\/100\n|-start|p2b: Ogerpon|Salt Cure\n|move|p1a: Stakataka|Trick Room|p1a: Stakataka\n|-fieldstart|move: Trick Room|[of] p1a: Stakataka\n|\n|-weather|Sandstorm|[upkeep]\n|-damage|p1b: Garganacl|47\/100|[from] Sandstorm\n|-damage|p2a: Ninetales|76\/100|[from] Sandstorm\n|-damage|p2b: Ogerpon|3\/100|[from] Sandstorm\n|-damage|p2b: Ogerpon|0 fnt|[from] Salt Cure\n|faint|p2b: Ogerpon\n|upkeep\n|turn|18\n|\n|t:|1698266460\n|move|p2a: Ninetales|Protect|p2a: Ninetales\n|-singleturn|p2a: Ninetales|Protect\n|move|p1a: Stakataka|Rock Blast|p2a: Ninetales\n|-activate|p2a: Ninetales|move: Protect\n|move|p1b: Garganacl|Recover|p1b: Garganacl\n|-heal|p1b: Garganacl|97\/100\n|\n|-weather|Sandstorm|[upkeep]\n|-damage|p1b: Garganacl|91\/100|[from] Sandstorm\n|-damage|p2a: Ninetales|70\/100|[from] Sandstorm\n|upkeep\n|turn|19\n|\n|t:|1698266469\n|move|p1a: Stakataka|Rock Blast|p2a: Ninetales\n|-supereffective|p2a: Ninetales\n|-damage|p2a: Ninetales|37\/100\n|-supereffective|p2a: Ninetales\n|-damage|p2a: Ninetales|3\/100\n|-hitcount|p2a: Ninetales|2\n|move|p1b: Garganacl|Salt Cure|p2a: Ninetales\n|-supereffective|p2a: Ninetales\n|-damage|p2a: Ninetales|0 fnt\n|faint|p2a: Ninetales\n|\n|win|The power of ROCK\n|n|\u2606The power of ROCK|thepowerofrock\n|n|\u2606NimbusFlight|nimbusflight\n|c|\u2606NimbusFlight|gg\n|c|\u2606The power of ROCK|gg\n|j| Daepiquejt\n|l|\u2606NimbusFlight\n","uploadtime":1698266477,"views":13,"p1id":"thepowerofrock","p2id":"nimbusflight","formatid":"gen9nationaldexdoubles","rating":0,"private":0,"password":""}