{"id":"gen9nationaldexdoubles-1972279257","p1":"MadJac","p2":"lxvliiz","format":"[Gen 9] National Dex Doubles","log":"|j|\u2606MadJac\n|j|\u2606lxvliiz\n|t:|1697827484\n|gametype|doubles\n|player|p1|MadJac|101|1087\n|player|p2|lxvliiz|2|1094\n|teamsize|p1|6\n|teamsize|p2|6\n|gen|9\n|tier|[Gen 9] National Dex Doubles\n|rated|\n|rule|HP Percentage Mod: HP is shown in percentages\n|rule|Endless Battle Clause: Forcing endless battles is banned\n|rule|OHKO Clause: OHKO moves are banned\n|rule|Evasion Moves Clause: Evasion moves are banned\n|rule|Evasion Abilities Clause: Evasion abilities are banned\n|rule|Species Clause: Limit one of each Pok\u00e9mon\n|rule|Gravity Sleep Clause: The combination of sleep-inducing moves with imperfect accuracy and Gravity or Gigantamax Orbeetle are banned\n|clearpoke\n|poke|p1|Banette, M|\n|poke|p1|Gengar, F|\n|poke|p1|Sylveon, M|\n|poke|p1|Zoroark-Hisui, F|\n|poke|p1|Toxtricity, M|\n|poke|p1|Noivern, F|\n|poke|p2|Eevee, F|\n|poke|p2|Oricorio-Sensu, F|\n|poke|p2|Kommo-o, M|\n|poke|p2|Medicham, F|\n|poke|p2|Volcarona, F|\n|poke|p2|Ogerpon-Cornerstone, F|\n|teampreview\n|\n|t:|1697827489\n|start\n|switch|p1a: Banette|Banette, M|100\/100\n|switch|p1b: Gengar|Gengar, F, shiny|100\/100\n|switch|p2a: Kommo-o|Kommo-o, M|100\/100\n|switch|p2b: Oricorio|Oricorio-Sensu, F|100\/100\n|turn|1\n|\n|t:|1697827507\n|detailschange|p1a: Banette|Banette-Mega, M\n|-mega|p1a: Banette|Banette|Banettite\n|move|p1a: Banette|Thunder Wave|p2b: Oricorio\n|-status|p2b: Oricorio|par\n|move|p1b: Gengar|Hypnosis|p2a: Kommo-o\n|-status|p2a: Kommo-o|slp|[from] move: Hypnosis\n|cant|p2a: Kommo-o|slp\n|move|p2b: Oricorio|Quiver Dance|p2b: Oricorio\n|-boost|p2b: Oricorio|spa|1\n|-boost|p2b: Oricorio|spd|1\n|-boost|p2b: Oricorio|spe|1\n|\n|upkeep\n|turn|2\n|\n|t:|1697827525\n|move|p1b: Gengar|Hex|p2a: Kommo-o\n|-damage|p2a: Kommo-o|20\/100 slp\n|cant|p2a: Kommo-o|slp\n|move|p2b: Oricorio|Revelation Dance|p1b: Gengar\n|-supereffective|p1b: Gengar\n|-damage|p1b: Gengar|0 fnt\n|faint|p1b: Gengar\n|move|p1a: Banette|Phantom Force||[still]\n|-prepare|p1a: Banette|Phantom Force\n|\n|upkeep\n|\n|t:|1697827539\n|switch|p1b: Noivern|Noivern, F|100\/100\n|turn|3\n|\n|t:|1697827546\n|move|p1b: Noivern|Boomburst|p2a: Kommo-o|[spread] p2a\n|-miss|p1b: Noivern|p1a: Banette\n|-immune|p2b: Oricorio\n|-damage|p2a: Kommo-o|0 fnt\n|faint|p2a: Kommo-o\n|move|p2b: Oricorio|Revelation Dance|p1a: Banette|[miss]\n|-miss|p2b: Oricorio|p1a: Banette\n|move|p1a: Banette|Phantom Force|p2b: Oricorio|[from]lockedmove\n|-supereffective|p2b: Oricorio\n|-damage|p2b: Oricorio|0 fnt\n|faint|p2b: Oricorio\n|\n|upkeep\n|\n|t:|1697827560\n|switch|p2a: Volcarona|Volcarona, F|100\/100\n|switch|p2b: Eevee|Eevee, F|100\/100\n|turn|4\n|\n|t:|1697827573\n|move|p2a: Volcarona|Rage Powder|p2a: Volcarona\n|-singleturn|p2a: Volcarona|move: Rage Powder\n|move|p1a: Banette|Thunder Wave|p2a: Volcarona\n|-status|p2a: Volcarona|par\n|move|p1b: Noivern|Hurricane|p2a: Volcarona\n|-supereffective|p2a: Volcarona\n|-damage|p2a: Volcarona|36\/100 par\n|-zpower|p2b: Eevee\n|move|p2b: Eevee|Extreme Evoboost|p2b: Eevee\n|-boost|p2b: Eevee|atk|2\n|-boost|p2b: Eevee|def|2\n|-boost|p2b: Eevee|spa|2\n|-boost|p2b: Eevee|spd|2\n|-boost|p2b: Eevee|spe|2\n|\n|upkeep\n|turn|5\n|\n|t:|1697827591\n|move|p2a: Volcarona|Rage Powder|p2a: Volcarona\n|-singleturn|p2a: Volcarona|move: Rage Powder\n|move|p1a: Banette|Thunder Wave|p2a: Volcarona\n|-fail|p2a: Volcarona|par\n|move|p2b: Eevee|Baton Pass|p2b: Eevee\n|\n|t:|1697827596\n|switch|p2b: Medicham|Medicham, F|100\/100|[from] Baton Pass\n|move|p1b: Noivern|Hurricane|p2a: Volcarona|[miss]\n|-miss|p1b: Noivern|p2a: Volcarona\n|\n|upkeep\n|turn|6\n|\n|t:|1697827610\n|detailschange|p2b: Medicham|Medicham-Mega, F\n|-mega|p2b: Medicham|Medicham|Medichamite\n|cant|p2a: Volcarona|par\n|move|p2b: Medicham|Zen Headbutt|p1b: Noivern\n|-damage|p1b: Noivern|0 fnt\n|faint|p1b: Noivern\n|move|p1a: Banette|Phantom Force||[still]\n|-prepare|p1a: Banette|Phantom Force\n|\n|upkeep\n|\n|t:|1697827619\n|switch|p1b: Toxtricity|Toxtricity, M|100\/100\n|turn|7\n|\n|t:|1697827626\n|-terastallize|p1b: Toxtricity|Normal\n|move|p2a: Volcarona|Rage Powder|p2a: Volcarona\n|-singleturn|p2a: Volcarona|move: Rage Powder\n|move|p2b: Medicham|Zen Headbutt|p1b: Toxtricity\n|-damage|p1b: Toxtricity|0 fnt\n|faint|p1b: Toxtricity\n|move|p1a: Banette|Phantom Force|p2a: Volcarona|[from]lockedmove\n|-damage|p2a: Volcarona|0 fnt\n|faint|p2a: Volcarona\n|\n|upkeep\n|\n|t:|1697827637\n|switch|p2a: Ogerpon|Ogerpon-Cornerstone, F|100\/100\n|switch|p1b: Sylveon|Sylveon, M|100\/100\n|turn|8\n|\n|t:|1697827652\n|-terastallize|p2a: Ogerpon|Rock\n|detailschange|p2a: Ogerpon|Ogerpon-Cornerstone-Tera, F, tera:Rock\n|-ability|p2a: Ogerpon|Embody Aspect (Cornerstone)|boost\n|-boost|p2a: Ogerpon|def|1\n|move|p2a: Ogerpon|Follow Me|p2a: Ogerpon\n|-singleturn|p2a: Ogerpon|move: Follow Me\n|move|p2b: Medicham|Zen Headbutt|p1a: Banette\n|-damage|p1a: Banette|0 fnt\n|faint|p1a: Banette\n|move|p1b: Sylveon|Reflect|p1b: Sylveon\n|-sidestart|p1: MadJac|Reflect\n|\n|upkeep\n|\n|t:|1697827662\n|switch|p1a: Sylveon|Sylveon, M|100\/100\n|turn|9\n|\n|t:|1697827673\n|move|p2a: Ogerpon|Follow Me|p2a: Ogerpon\n|-singleturn|p2a: Ogerpon|move: Follow Me\n|move|p2b: Medicham|Zen Headbutt|p1a: Sylveon\n|-damage|p1a: Sylveon|0 fnt\n|replace|p1a: Zoroark|Zoroark-Hisui, F, shiny\n|-end|p1a: Zoroark|Illusion\n|faint|p1a: Zoroark\n|move|p1b: Sylveon|Hyper Beam|p2a: Ogerpon\n|-crit|p2a: Ogerpon\n|-damage|p2a: Ogerpon|0 fnt\n|-mustrecharge|p1b: Sylveon\n|faint|p2a: Ogerpon\n|\n|upkeep\n|\n|t:|1697827678\n|switch|p2a: Eevee|Eevee, F|100\/100\n|turn|10\n|\n|t:|1697827685\n|move|p2a: Eevee|Quick Attack|p1b: Sylveon\n|-damage|p1b: Sylveon|88\/100\n|move|p2b: Medicham|Zen Headbutt|p1b: Sylveon\n|-damage|p1b: Sylveon|0 fnt\n|faint|p1b: Sylveon\n|\n|win|lxvliiz\n|raw|MadJac's rating: 1087 &rarr; <strong>1064<\/strong><br \/>(-23 for losing)\n|raw|lxvliiz's rating: 1094 &rarr; <strong>1119<\/strong><br \/>(+25 for winning)\n","uploadtime":1697827692,"views":8,"p1id":"madjac","p2id":"lxvliiz","formatid":"gen9nationaldexdoubles","rating":1064,"private":0,"password":""}