{"id":"gen9nationaldexdoubles-1967569288","p1":"Nfjj ngfk","p2":"Salvatore16","format":"[Gen 9] National Dex Doubles","log":"|j|\u2606Nfjj ngfk\n|j|\u2606Salvatore16\n|t:|1697314612\n|gametype|doubles\n|player|p1|Nfjj ngfk|lucas|1044\n|player|p2|Salvatore16|clair|1000\n|teamsize|p1|6\n|teamsize|p2|6\n|gen|9\n|tier|[Gen 9] National Dex Doubles\n|rated|\n|rule|HP Percentage Mod: HP is shown in percentages\n|rule|Endless Battle Clause: Forcing endless battles is banned\n|rule|OHKO Clause: OHKO moves are banned\n|rule|Evasion Moves Clause: Evasion moves are banned\n|rule|Evasion Abilities Clause: Evasion abilities are banned\n|rule|Species Clause: Limit one of each Pok\u00e9mon\n|rule|Gravity Sleep Clause: The combination of sleep-inducing moves with imperfect accuracy and Gravity or Gigantamax Orbeetle are banned\n|clearpoke\n|poke|p1|Indeedee, M|\n|poke|p1|Deoxys-Attack|\n|poke|p1|Typhlosion, F|\n|poke|p1|Kartana|\n|poke|p1|Murkrow, M|\n|poke|p1|Shuckle, F|\n|poke|p2|Charizard, F|\n|poke|p2|Sableye, M|\n|poke|p2|Venusaur, F|\n|poke|p2|Gastrodon-East, F|\n|poke|p2|Victini|\n|poke|p2|Garchomp, F|\n|teampreview\n|inactive|Battle timer is ON: inactive players will automatically lose when time's up. (requested by Nfjj ngfk)\n|\n|t:|1697314639\n|start\n|switch|p1a: Murkrow|Murkrow, M|100\/100\n|switch|p1b: Shuckle|Shuckle, F|100\/100\n|switch|p2a: Sableye|Sableye, M, shiny|100\/100\n|switch|p2b: Charizard|Charizard, F, shiny|100\/100\n|turn|1\n|inactive|Nfjj ngfk has 120 seconds left.\n|inactive|Salvatore16 has 120 seconds left.\n|\n|t:|1697314672\n|move|p1a: Murkrow|Perish Song|p1a: Murkrow\n|-start|p1a: Murkrow|perish3|[silent]\n|-start|p1b: Shuckle|perish3|[silent]\n|-start|p2a: Sableye|perish3|[silent]\n|-start|p2b: Charizard|perish3|[silent]\n|-fieldactivate|move: Perish Song\n|move|p2a: Sableye|Sunny Day|p2a: Sableye\n|-weather|SunnyDay\n|move|p2b: Charizard|Solar Beam||[still]\n|-prepare|p2b: Charizard|Solar Beam\n|-anim|p2b: Charizard|Solar Beam|p1b: Shuckle\n|-damage|p1b: Shuckle|70\/100\n|move|p1b: Shuckle|Toxic|p2b: Charizard\n|-status|p2b: Charizard|tox\n|\n|-weather|SunnyDay|[upkeep]\n|-damage|p2b: Charizard|88\/100 tox|[from] ability: Solar Power|[of] p2b: Charizard\n|-damage|p2b: Charizard|82\/100 tox|[from] psn\n|-start|p2b: Charizard|perish3\n|-start|p1a: Murkrow|perish3\n|-start|p2a: Sableye|perish3\n|-start|p1b: Shuckle|perish3\n|upkeep\n|turn|2\n|inactive|Salvatore16 has 120 seconds left.\n|inactive|Nfjj ngfk has 120 seconds left.\n|\n|t:|1697314721\n|move|p1a: Murkrow|Tailwind|p1a: Murkrow\n|-sidestart|p1: Nfjj ngfk|move: Tailwind\n|move|p2a: Sableye|Encore|p1a: Murkrow\n|-hint|Since gen 7, Dark is immune to Prankster moves.\n|-immune|p1a: Murkrow\n|move|p2b: Charizard|Scorching Sands|p1b: Shuckle\n|-damage|p1b: Shuckle|49\/100\n|-status|p1b: Shuckle|brn\n|move|p1b: Shuckle|Power Split|p2b: Charizard\n|-activate|p1b: Shuckle|move: Power Split|[of] p2b: Charizard\n|\n|-weather|SunnyDay|[upkeep]\n|-damage|p2b: Charizard|70\/100 tox|[from] ability: Solar Power|[of] p2b: Charizard\n|-damage|p2b: Charizard|57\/100 tox|[from] psn\n|-damage|p1b: Shuckle|43\/100 brn|[from] brn\n|-start|p1a: Murkrow|perish2\n|-start|p2b: Charizard|perish2\n|-start|p2a: Sableye|perish2\n|-start|p1b: Shuckle|perish2\n|upkeep\n|turn|3\n|inactive|Salvatore16 has 120 seconds left.\n|\n|t:|1697314753\n|switch|p2b: Venusaur|Venusaur, F, shiny|100\/100\n|move|p1a: Murkrow|Perish Song|p1a: Murkrow\n|-start|p2b: Venusaur|perish3|[silent]\n|-fieldactivate|move: Perish Song\n|move|p2a: Sableye|Knock Off|p1a: Murkrow\n|-resisted|p1a: Murkrow\n|-crit|p1a: Murkrow\n|-damage|p1a: Murkrow|73\/100\n|-enditem|p1a: Murkrow|Focus Sash|[from] move: Knock Off|[of] p2a: Sableye\n|move|p1b: Shuckle|Stealth Rock|p2b: Venusaur\n|-sidestart|p2: Salvatore16|move: Stealth Rock\n|\n|-weather|SunnyDay|[upkeep]\n|-damage|p1b: Shuckle|37\/100 brn|[from] brn\n|-start|p2b: Venusaur|perish3\n|-start|p1a: Murkrow|perish1\n|-start|p2a: Sableye|perish1\n|-start|p1b: Shuckle|perish1\n|upkeep\n|turn|4\n|inactive|Salvatore16 has 90 seconds left.\n|\n|t:|1697314784\n|switch|p2a: Garchomp|Garchomp, F, shiny|100\/100\n|-damage|p2a: Garchomp|94\/100|[from] Stealth Rock\n|move|p1a: Murkrow|Taunt|p2a: Garchomp\n|-start|p2a: Garchomp|move: Taunt\n|move|p2b: Venusaur|Growth|p2b: Venusaur\n|-boost|p2b: Venusaur|atk|2\n|-boost|p2b: Venusaur|spa|2\n|move|p1b: Shuckle|Sticky Web|p2b: Venusaur\n|-sidestart|p2: Salvatore16|move: Sticky Web\n|\n|-weather|SunnyDay|[upkeep]\n|-damage|p1b: Shuckle|31\/100 brn|[from] brn\n|-start|p2b: Venusaur|perish2\n|-start|p1a: Murkrow|perish0\n|-start|p1b: Shuckle|perish0\n|faint|p1a: Murkrow\n|faint|p1b: Shuckle\n|upkeep\n|inactive|Nfjj ngfk has 120 seconds left.\n|\n|t:|1697314809\n|switch|p1a: Typhlosion|Typhlosion, F|100\/100\n|switch|p1b: Indeedee|Indeedee, M|100\/100\n|-fieldstart|move: Psychic Terrain|[from] ability: Psychic Surge|[of] p1b: Indeedee\n|turn|5\n|inactive|Salvatore16 has 90 seconds left.\n|l|\u2606Salvatore16\n|inactive|Salvatore16 disconnected and has a minute to reconnect!\n|player|p2|\n|j|\u2606Salvatore16\n|inactive|Salvatore16 reconnected and has 50 seconds left.\n|player|p2|Salvatore16|clair\n|inactive|Salvatore16 has 30 seconds left.\n|\n|t:|1697314901\n|-terastallize|p1b: Indeedee|Psychic\n|move|p1a: Typhlosion|Eruption|p2b: Venusaur|[spread] p2a,p2b\n|-resisted|p2a: Garchomp\n|-supereffective|p2b: Venusaur\n|-damage|p2a: Garchomp|50\/100\n|-damage|p2b: Venusaur|0 fnt\n|faint|p2b: Venusaur\n|move|p1b: Indeedee|Expanding Force|p2a: Garchomp\n|-damage|p2a: Garchomp|0 fnt\n|faint|p2a: Garchomp\n|\n|-weather|none\n|-sideend|p1: Nfjj ngfk|move: Tailwind\n|upkeep\n|inactive|Salvatore16 has 30 seconds left.\n|inactive|Salvatore16 has 20 seconds left.\n|\n|t:|1697314917\n|switch|p2a: Sableye|Sableye, M, shiny|100\/100\n|switch|p2b: Charizard|Charizard, F, shiny|57\/100 tox\n|-damage|p2b: Charizard|8\/100 tox|[from] Stealth Rock\n|-damage|p2a: Sableye|88\/100|[from] Stealth Rock\n|-activate|p2a: Sableye|move: Sticky Web\n|-unboost|p2a: Sableye|spe|1\n|turn|6\n|-message|Salvatore16 forfeited.\n|\n|win|Nfjj ngfk\n|raw|Nfjj ngfk's rating: 1044 &rarr; <strong>1073<\/strong><br \/>(+29 for winning)\n|raw|Salvatore16's rating: 1000 &rarr; <strong>1000<\/strong><br \/>(+0 for losing)\n|l|\u2606Salvatore16\n","uploadtime":1697314940,"views":7,"p1id":"nfjjngfk","p2id":"salvatore16","formatid":"gen9nationaldexdoubles","rating":1000,"private":0,"password":""}