{"id":"gen9nationaldexdoubles-1978503997","p1":"oonation","p2":"adaal","format":"[Gen 9] National Dex Doubles","log":"|j|\u2606oonation\n|j|\u2606adaal\n|t:|1698547603\n|gametype|doubles\n|player|p1|oonation|elesa-gen5bw2|\n|player|p2|adaal|maxie-gen6|\n|teamsize|p1|6\n|teamsize|p2|6\n|gen|9\n|tier|[Gen 9] National Dex Doubles\n|rule|HP Percentage Mod: HP is shown in percentages\n|rule|Endless Battle Clause: Forcing endless battles is banned\n|rule|OHKO Clause: OHKO moves are banned\n|rule|Evasion Moves Clause: Evasion moves are banned\n|rule|Evasion Abilities Clause: Evasion abilities are banned\n|rule|Species Clause: Limit one of each Pok\u00e9mon\n|rule|Gravity Sleep Clause: The combination of sleep-inducing moves with imperfect accuracy and Gravity or Gigantamax Orbeetle are banned\n|clearpoke\n|poke|p1|Marshadow|\n|poke|p1|Rillaboom, M|\n|poke|p1|Diancie|\n|poke|p1|Palafin, M|\n|poke|p1|Salamence, M|\n|poke|p1|Heatran, M|\n|poke|p2|Gardevoir, F|\n|poke|p2|Tapu Lele|\n|poke|p2|Landorus-Therian, M|\n|poke|p2|Entei|\n|poke|p2|Torkoal, M|\n|poke|p2|Stakataka|\n|teampreview\n|inactive|Battle timer is ON: inactive players will automatically lose when time's up. (requested by oonation)\n|\n|t:|1698547625\n|start\n|switch|p1a: Palafin|Palafin, M|100\/100\n|switch|p1b: Diancie|Diancie|100\/100\n|switch|p2a: Landorus|Landorus-Therian, M|100\/100\n|switch|p2b: Stakataka|Stakataka|100\/100\n|-ability|p2a: Landorus|Intimidate|boost\n|-unboost|p1a: Palafin|atk|1\n|-fail|p1b: Diancie|unboost|[from] ability: Clear Body|[of] p1b: Diancie\n|turn|1\n|\n|t:|1698547646\n|detailschange|p1a: Palafin|Palafin-Hero, M\n|switch|p1a: Heatran|Heatran, M|100\/100\n|move|p2a: Landorus|U-turn|p1b: Diancie\n|-resisted|p1b: Diancie\n|-damage|p1b: Diancie|92\/100\n|\n|t:|1698547657\n|switch|p2a: Torkoal|Torkoal, M|100\/100|[from] U-turn\n|-weather|SunnyDay|[from] ability: Drought|[of] p2a: Torkoal\n|move|p1b: Diancie|Body Press|p2b: Stakataka\n|-supereffective|p2b: Stakataka\n|-damage|p2b: Stakataka|38\/100\n|move|p2b: Stakataka|Trick Room|p2b: Stakataka\n|-fieldstart|move: Trick Room|[of] p2b: Stakataka\n|\n|-weather|SunnyDay|[upkeep]\n|upkeep\n|turn|2\n|inactive|oonation has 270 seconds left.\n|\n|t:|1698547689\n|-terastallize|p1a: Heatran|Grass\n|move|p2b: Stakataka|Rock Slide|p1a: Heatran|[spread] p1a,p1b\n|-damage|p1a: Heatran|74\/100\n|-damage|p1b: Diancie|67\/100\n|move|p2a: Torkoal|Body Press|p1a: Heatran\n|-damage|p1a: Heatran|53\/100\n|move|p1a: Heatran|Eruption|p2a: Torkoal|[spread] p2a,p2b\n|-resisted|p2a: Torkoal\n|-damage|p2a: Torkoal|71\/100\n|-damage|p2b: Stakataka|0 fnt\n|faint|p2b: Stakataka\n|move|p1b: Diancie|Trick Room|p1b: Diancie\n|-fieldend|move: Trick Room\n|\n|-weather|SunnyDay|[upkeep]\n|upkeep\n|inactive|adaal has 270 seconds left.\n|\n|t:|1698547705\n|switch|p2b: Gardevoir|Gardevoir, F, shiny|100\/100\n|-ability|p2b: Gardevoir|Clear Body|[from] ability: Trace|[of] p1b: Diancie\n|turn|3\n|\n|t:|1698547728\n|switch|p2a: Tapu Lele|Tapu Lele|100\/100\n|-fieldstart|move: Psychic Terrain|[from] ability: Psychic Surge|[of] p2a: Tapu Lele\n|detailschange|p2b: Gardevoir|Gardevoir-Mega, F, shiny\n|-mega|p2b: Gardevoir|Gardevoir|Gardevoirite\n|move|p2b: Gardevoir|Expanding Force|p1b: Diancie|[spread] p1a,p1b\n|-crit|p1a: Heatran\n|-damage|p1a: Heatran|0 fnt\n|-damage|p1b: Diancie|13\/100\n|faint|p1a: Heatran\n|move|p1b: Diancie|Diamond Storm|p2a: Tapu Lele|[spread] p2a,p2b\n|-damage|p2a: Tapu Lele|53\/100\n|-damage|p2b: Gardevoir|50\/100\n|\n|-weather|SunnyDay|[upkeep]\n|upkeep\n|inactive|oonation has 270 seconds left.\n|\n|t:|1698547745\n|switch|p1a: Rillaboom|Rillaboom, M|100\/100\n|-fieldstart|move: Grassy Terrain|[from] ability: Grassy Surge|[of] p1a: Rillaboom\n|turn|4\n|inactive|oonation has 270 seconds left.\n|\n|t:|1698547773\n|switch|p2a: Landorus|Landorus-Therian, M|100\/100\n|-ability|p2a: Landorus|Intimidate|boost\n|-unboost|p1a: Rillaboom|atk|1\n|-fail|p1b: Diancie|unboost|[from] ability: Clear Body|[of] p1b: Diancie\n|move|p2b: Gardevoir|Protect|p2b: Gardevoir\n|-singleturn|p2b: Gardevoir|Protect\n|move|p1a: Rillaboom|Fake Out|p2b: Gardevoir\n|-activate|p2b: Gardevoir|move: Protect\n|move|p1b: Diancie|Diamond Storm|p2a: Landorus|[spread] p2a\n|-activate|p2b: Gardevoir|move: Protect\n|-damage|p2a: Landorus|69\/100\n|-boost|p1b: Diancie|def|2\n|\n|-weather|SunnyDay|[upkeep]\n|-heal|p2b: Gardevoir|55\/100|[from] Grassy Terrain\n|-heal|p2a: Landorus|75\/100|[from] item: Leftovers\n|-heal|p1b: Diancie|20\/100|[from] Grassy Terrain\n|upkeep\n|turn|5\n|inactive|oonation has 270 seconds left.\n|\n|t:|1698547802\n|move|p1b: Diancie|Protect|p1b: Diancie\n|-singleturn|p1b: Diancie|Protect\n|move|p2b: Gardevoir|Expanding Force|p1b: Diancie\n|-activate|p1b: Diancie|move: Protect\n|move|p2a: Landorus|U-turn|p1a: Rillaboom\n|-supereffective|p1a: Rillaboom\n|-damage|p1a: Rillaboom|59\/100\n|\n|t:|1698547814\n|switch|p2a: Tapu Lele|Tapu Lele|53\/100|[from] U-turn\n|-fieldstart|move: Psychic Terrain|[from] ability: Psychic Surge|[of] p2a: Tapu Lele\n|move|p1a: Rillaboom|U-turn|p2b: Gardevoir\n|-damage|p2b: Gardevoir|32\/100\n|inactive|oonation has 270 seconds left.\n|\n|t:|1698547824\n|switch|p1a: Marshadow|Marshadow|100\/100|[from] U-turn\n|\n|-weather|none\n|upkeep\n|turn|6\n|\n|t:|1698547830\n|switch|p1b: Palafin|Palafin-Hero, M|100\/100\n|-activate|p1b: Palafin|ability: Zero to Hero\n|move|p1a: Marshadow|Protect|p1a: Marshadow\n|-singleturn|p1a: Marshadow|Protect\n|move|p2a: Tapu Lele|Dazzling Gleam|p1b: Palafin|[spread] p1b\n|-activate|p1a: Marshadow|move: Protect\n|-damage|p1b: Palafin|74\/100\n|move|p2b: Gardevoir|Hyper Voice|p1b: Palafin|[spread] p1b\n|-activate|p1a: Marshadow|move: Protect\n|-damage|p1b: Palafin|31\/100\n|\n|upkeep\n|turn|7\n|\n|t:|1698547850\n|switch|p1b: Rillaboom|Rillaboom, M|59\/100\n|-fieldstart|move: Grassy Terrain|[from] ability: Grassy Surge|[of] p1b: Rillaboom\n|move|p1a: Marshadow|Shadow Sneak|p2b: Gardevoir\n|-supereffective|p2b: Gardevoir\n|-damage|p2b: Gardevoir|0 fnt\n|faint|p2b: Gardevoir\n|move|p2a: Tapu Lele|Dazzling Gleam|p1b: Rillaboom|[spread] p1a,p1b\n|-supereffective|p1a: Marshadow\n|-damage|p1a: Marshadow|26\/100\n|-damage|p1b: Rillaboom|38\/100\n|\n|-heal|p2a: Tapu Lele|59\/100|[from] Grassy Terrain\n|-heal|p1a: Marshadow|32\/100|[from] Grassy Terrain\n|-heal|p1b: Rillaboom|44\/100|[from] Grassy Terrain\n|upkeep\n|\n|t:|1698547867\n|switch|p2b: Landorus|Landorus-Therian, M|75\/100\n|-ability|p2b: Landorus|Intimidate|boost\n|-unboost|p1a: Marshadow|atk|1\n|-unboost|p1b: Rillaboom|atk|1\n|turn|8\n|\n|t:|1698547886\n|switch|p2a: Entei|Entei|100\/100\n|switch|p1a: Salamence|Salamence, M|100\/100\n|-ability|p1a: Salamence|Intimidate|boost\n|-fail|p2a: Entei|unboost|Attack|[from] ability: Inner Focus|[of] p2a: Entei\n|-unboost|p2b: Landorus|atk|1\n|move|p1b: Rillaboom|Fake Out|p2a: Entei\n|-damage|p2a: Entei|92\/100\n|move|p2b: Landorus|U-turn|p1b: Rillaboom\n|-supereffective|p1b: Rillaboom\n|-damage|p1b: Rillaboom|16\/100\n|\n|t:|1698547898\n|switch|p2b: Tapu Lele|Tapu Lele|59\/100|[from] U-turn\n|-fieldstart|move: Psychic Terrain|[from] ability: Psychic Surge|[of] p2b: Tapu Lele\n|\n|upkeep\n|turn|9\n|\n|t:|1698547917\n|switch|p1b: Diancie|Diancie|20\/100\n|move|p1a: Salamence|Protect|p1a: Salamence\n|-singleturn|p1a: Salamence|Protect\n|move|p2b: Tapu Lele|Dazzling Gleam|p1b: Diancie|[spread] p1b\n|-activate|p1a: Salamence|move: Protect\n|-damage|p1b: Diancie|0 fnt\n|faint|p1b: Diancie\n|move|p2a: Entei|Snarl|p1a: Salamence\n|-activate|p1a: Salamence|move: Protect\n|\n|upkeep\n|\n|t:|1698547919\n|switch|p1b: Rillaboom|Rillaboom, M|16\/100\n|-fieldstart|move: Grassy Terrain|[from] ability: Grassy Surge|[of] p1b: Rillaboom\n|turn|10\n|\n|t:|1698547934\n|switch|p2b: Landorus|Landorus-Therian, M|75\/100\n|-ability|p2b: Landorus|Intimidate|boost\n|-unboost|p1a: Salamence|atk|1\n|-unboost|p1b: Rillaboom|atk|1\n|switch|p1b: Palafin|Palafin-Hero, M|31\/100\n|detailschange|p1a: Salamence|Salamence-Mega, M\n|-mega|p1a: Salamence|Salamence|Salamencite\n|move|p1a: Salamence|Double-Edge|p2a: Entei\n|-damage|p2a: Entei|48\/100\n|-damage|p1a: Salamence|85\/100|[from] Recoil\n|move|p2a: Entei|Sacred Fire|p1a: Salamence\n|-resisted|p1a: Salamence\n|-damage|p1a: Salamence|72\/100\n|-status|p1a: Salamence|brn\n|\n|-heal|p2a: Entei|54\/100|[from] Grassy Terrain\n|-heal|p2b: Landorus|82\/100|[from] item: Leftovers\n|-heal|p1b: Palafin|37\/100|[from] Grassy Terrain\n|-damage|p1a: Salamence|65\/100 brn|[from] brn\n|upkeep\n|turn|11\n|\n|t:|1698547959\n|switch|p2a: Torkoal|Torkoal, M|71\/100\n|-weather|SunnyDay|[from] ability: Drought|[of] p2a: Torkoal\n|move|p1a: Salamence|Hyper Voice|p2a: Torkoal|[spread] p2a,p2b\n|-damage|p2a: Torkoal|31\/100\n|-damage|p2b: Landorus|47\/100\n|-enditem|p2a: Torkoal|Sitrus Berry|[eat]\n|-heal|p2a: Torkoal|56\/100|[from] item: Sitrus Berry\n|move|p2b: Landorus|Stomping Tantrum|p1b: Palafin\n|-damage|p1b: Palafin|5\/100\n|move|p1b: Palafin|Bulk Up|p1b: Palafin\n|-boost|p1b: Palafin|atk|1\n|-boost|p1b: Palafin|def|1\n|\n|-weather|SunnyDay|[upkeep]\n|-heal|p2b: Landorus|53\/100|[from] item: Leftovers\n|-heal|p1b: Palafin|11\/100|[from] Grassy Terrain\n|-heal|p2a: Torkoal|62\/100|[from] Grassy Terrain\n|-damage|p1a: Salamence|59\/100 brn|[from] brn\n|upkeep\n|turn|12\n|\n|t:|1698547983\n|move|p1b: Palafin|Jet Punch|p2b: Landorus\n|-supereffective|p2b: Landorus\n|-damage|p2b: Landorus|0 fnt\n|faint|p2b: Landorus\n|move|p1a: Salamence|Hyper Voice|p2a: Torkoal\n|-damage|p2a: Torkoal|9\/100\n|move|p2a: Torkoal|Heat Wave|p1b: Palafin|[spread] p1b\n|-miss|p2a: Torkoal|p1a: Salamence\n|-resisted|p1b: Palafin\n|-damage|p1b: Palafin|0 fnt\n|faint|p1b: Palafin\n|\n|-weather|SunnyDay|[upkeep]\n|-heal|p2a: Torkoal|15\/100|[from] Grassy Terrain\n|-damage|p1a: Salamence|53\/100 brn|[from] brn\n|upkeep\n|\n|t:|1698547994\n|switch|p2b: Entei|Entei|54\/100\n|switch|p1b: Marshadow|Marshadow|32\/100\n|turn|13\n|\n|t:|1698548005\n|move|p2a: Torkoal|Protect|p2a: Torkoal\n|-singleturn|p2a: Torkoal|Protect\n|move|p1b: Marshadow|Spectral Thief|p2b: Entei\n|-damage|p2b: Entei|14\/100\n|move|p1a: Salamence|Hyper Voice|p2b: Entei|[spread] p2b\n|-activate|p2a: Torkoal|move: Protect\n|-damage|p2b: Entei|0 fnt\n|faint|p2b: Entei\n|\n|-weather|SunnyDay|[upkeep]\n|-heal|p1b: Marshadow|38\/100|[from] Grassy Terrain\n|-heal|p2a: Torkoal|21\/100|[from] Grassy Terrain\n|-damage|p1a: Salamence|47\/100 brn|[from] brn\n|upkeep\n|\n|t:|1698548012\n|switch|p2b: Tapu Lele|Tapu Lele|59\/100\n|-fieldstart|move: Psychic Terrain|[from] ability: Psychic Surge|[of] p2b: Tapu Lele\n|turn|14\n|inactive|oonation has 270 seconds left.\n|\n|t:|1698548070\n|move|p1b: Marshadow|Protect|p1b: Marshadow\n|-singleturn|p1b: Marshadow|Protect\n|move|p2b: Tapu Lele|Dazzling Gleam|p1a: Salamence|[spread] p1a\n|-activate|p1b: Marshadow|move: Protect\n|-supereffective|p1a: Salamence\n|-crit|p1a: Salamence\n|-damage|p1a: Salamence|0 fnt\n|faint|p1a: Salamence\n|move|p2a: Torkoal|Heat Wave|p1b: Marshadow\n|-activate|p1b: Marshadow|move: Protect\n|\n|-weather|SunnyDay|[upkeep]\n|upkeep\n|inactive|oonation has 240 seconds left.\n|\n|t:|1698548082\n|switch|p1a: Rillaboom|Rillaboom, M|16\/100\n|-fieldstart|move: Grassy Terrain|[from] ability: Grassy Surge|[of] p1a: Rillaboom\n|turn|15\n|\n|t:|1698548106\n|move|p1a: Rillaboom|Fake Out|p2b: Tapu Lele\n|-damage|p2b: Tapu Lele|39\/100\n|cant|p2b: Tapu Lele|flinch\n|-zpower|p1b: Marshadow\n|move|p1b: Marshadow|Soul-Stealing 7-Star Strike|p2a: Torkoal|[zeffect]\n|-damage|p2a: Torkoal|0 fnt\n|faint|p2a: Torkoal\n|\n|-weather|none\n|-heal|p2b: Tapu Lele|45\/100|[from] Grassy Terrain\n|-heal|p1b: Marshadow|44\/100|[from] Grassy Terrain\n|-heal|p1a: Rillaboom|22\/100|[from] Grassy Terrain\n|upkeep\n|turn|16\n|\n|t:|1698548126\n|move|p1b: Marshadow|Shadow Sneak|p2b: Tapu Lele\n|-supereffective|p2b: Tapu Lele\n|-damage|p2b: Tapu Lele|0 fnt\n|faint|p2b: Tapu Lele\n|\n|win|oonation\n|l|\u2606adaal\n","uploadtime":1698548142,"views":7,"p1id":"oonation","p2id":"adaal","formatid":"gen9nationaldexdoubles","rating":0,"private":0,"password":""}