{"id":"gen9nationaldexdoubles-1957795867","p1":"Theadonia","p2":"Creepystank","format":"[Gen 9] National Dex Doubles","log":"|j|\u2606Theadonia\n|j|\u2606Creepystank\n|t:|1696261641\n|gametype|doubles\n|player|p1|Theadonia|caitlin|1085\n|player|p2|Creepystank|cynthia-gen4|1176\n|teamsize|p1|6\n|teamsize|p2|6\n|gen|9\n|tier|[Gen 9] National Dex Doubles\n|rated|\n|rule|HP Percentage Mod: HP is shown in percentages\n|rule|Endless Battle Clause: Forcing endless battles is banned\n|rule|OHKO Clause: OHKO moves are banned\n|rule|Evasion Moves Clause: Evasion moves are banned\n|rule|Evasion Abilities Clause: Evasion abilities are banned\n|rule|Species Clause: Limit one of each Pok\u00e9mon\n|rule|Gravity Sleep Clause: The combination of sleep-inducing moves with imperfect accuracy and Gravity or Gigantamax Orbeetle are banned\n|clearpoke\n|poke|p1|Delphox, M|\n|poke|p1|Oricorio-Sensu, M|\n|poke|p1|Kommo-o, M|\n|poke|p1|Riolu, F|\n|poke|p1|Cresselia, F|\n|poke|p1|Smeargle, F|\n|poke|p2|Tornadus, M|\n|poke|p2|Riolu, M|\n|poke|p2|Tyranitar, F|\n|poke|p2|Dragonite, F|\n|poke|p2|Flutter Mane|\n|poke|p2|Torkoal, F|\n|teampreview\n|inactive|Battle timer is ON: inactive players will automatically lose when time's up. (requested by Creepystank)\n|inactive|Creepystank has 120 seconds left.\n|\n|t:|1696261685\n|start\n|switch|p1a: Kommo-o|Kommo-o, M, shiny|100\/100\n|switch|p1b: Smeargle|Smeargle, F|100\/100\n|switch|p2a: Tornadus|Tornadus, M|100\/100\n|switch|p2b: Flutter Mane|Flutter Mane|100\/100\n|turn|1\n|c|\u2606Creepystank|Oh wait.. bullet proof.. dang\n|inactive|Theadonia has 120 seconds left.\n|c|\u2606Creepystank|What to do...\n|inactive|Creepystank has 120 seconds left.\n|c|\u2606Creepystank|I know!\n|\n|t:|1696261733\n|switch|p1b: Oricorio|Oricorio-Sensu, M, shiny|100\/100\n|switch|p1a: Delphox|Delphox, M, shiny|100\/100\n|move|p2a: Tornadus|Tailwind|p2a: Tornadus\n|-sidestart|p2: Creepystank|move: Tailwind\n|move|p2b: Flutter Mane|Dazzling Gleam|p1b: Oricorio|[spread] p1a,p1b\n|-resisted|p1a: Delphox\n|-damage|p1a: Delphox|76\/100\n|-damage|p1b: Oricorio|46\/100\n|-damage|p2b: Flutter Mane|91\/100|[from] item: Life Orb\n|\n|upkeep\n|turn|2\n|\n|t:|1696261749\n|move|p2a: Tornadus|Taunt|p1b: Oricorio\n|-start|p1b: Oricorio|move: Taunt\n|move|p2b: Flutter Mane|Shadow Ball|p1a: Delphox\n|-supereffective|p1a: Delphox\n|-damage|p1a: Delphox|0 fnt\n|faint|p1a: Delphox\n|-damage|p2b: Flutter Mane|81\/100|[from] item: Life Orb\n|move|p1b: Oricorio|Revelation Dance|p2b: Flutter Mane\n|-supereffective|p2b: Flutter Mane\n|-damage|p2b: Flutter Mane|25\/100\n|\n|upkeep\n|inactive|Theadonia has 120 seconds left.\n|\n|t:|1696261759\n|switch|p1a: Cresselia|Cresselia, F|100\/100\n|turn|3\n|\n|t:|1696261764\n|switch|p1b: Smeargle|Smeargle, F|100\/100\n|move|p2a: Tornadus|Taunt|p1a: Cresselia\n|-start|p1a: Cresselia|move: Taunt\n|move|p2b: Flutter Mane|Shadow Ball|p1b: Smeargle\n|-immune|p1b: Smeargle\n|move|p1a: Cresselia|Icy Wind|p2a: Tornadus|[spread] p2a,p2b\n|-supereffective|p2a: Tornadus\n|-damage|p2a: Tornadus|68\/100\n|-damage|p2b: Flutter Mane|16\/100\n|-unboost|p2b: Flutter Mane|spe|1\n|\n|upkeep\n|turn|4\n|\n|t:|1696261781\n|-end|p2b: Flutter Mane|Protosynthesis|[silent]\n|switch|p2b: Torkoal|Torkoal, F|100\/100\n|-weather|SunnyDay|[from] ability: Drought|[of] p2b: Torkoal\n|move|p1b: Smeargle|Extreme Speed|p2a: Tornadus\n|-damage|p2a: Tornadus|54\/100\n|move|p2a: Tornadus|Weather Ball|p1b: Smeargle\n|-damage|p1b: Smeargle|1\/100\n|move|p1a: Cresselia|Icy Wind|p2b: Torkoal|[spread] p2a,p2b\n|-supereffective|p2a: Tornadus\n|-resisted|p2b: Torkoal\n|-damage|p2a: Tornadus|24\/100\n|-damage|p2b: Torkoal|94\/100\n|-unboost|p2b: Torkoal|spe|1\n|\n|-weather|SunnyDay|[upkeep]\n|-sideend|p2: Creepystank|move: Tailwind\n|upkeep\n|turn|5\n|\n|t:|1696261797\n|move|p1b: Smeargle|Extreme Speed|p2a: Tornadus\n|-damage|p2a: Tornadus|10\/100\n|move|p2a: Tornadus|Bleakwind Storm|p1b: Smeargle|[spread] p1a,p1b\n|-damage|p1a: Cresselia|75\/100\n|-damage|p1b: Smeargle|0 fnt\n|-unboost|p1a: Cresselia|spe|1\n|faint|p1b: Smeargle\n|move|p1a: Cresselia|Icy Wind|p2b: Torkoal|[spread] p2a,p2b\n|-supereffective|p2a: Tornadus\n|-resisted|p2b: Torkoal\n|-damage|p2a: Tornadus|0 fnt\n|-damage|p2b: Torkoal|88\/100\n|-unboost|p2b: Torkoal|spe|1\n|faint|p2a: Tornadus\n|move|p2b: Torkoal|Eruption|p1a: Cresselia\n|-damage|p1a: Cresselia|16\/100\n|\n|-weather|SunnyDay|[upkeep]\n|-heal|p1a: Cresselia|23\/100|[from] item: Leftovers\n|-end|p1a: Cresselia|move: Taunt\n|upkeep\n|\n|t:|1696261812\n|switch|p2a: Tyranitar|Tyranitar, F|100\/100\n|switch|p1b: Riolu|Riolu, F|100\/100\n|-weather|Sandstorm|[from] ability: Sand Stream|[of] p2a: Tyranitar\n|turn|6\n|\n|t:|1696261833\n|switch|p1a: Kommo-o|Kommo-o, M, shiny|100\/100\n|move|p1b: Riolu|Coaching|p1a: Kommo-o\n|-boost|p1a: Kommo-o|atk|1\n|-boost|p1a: Kommo-o|def|1\n|move|p2a: Tyranitar|Rock Slide|p1a: Kommo-o|[spread] p1a,p1b\n|-resisted|p1a: Kommo-o\n|-resisted|p1b: Riolu\n|-damage|p1a: Kommo-o|91\/100\n|-damage|p1b: Riolu|77\/100\n|move|p2b: Torkoal|Eruption|p1b: Riolu|[spread] p1a,p1b\n|-resisted|p1a: Kommo-o\n|-damage|p1a: Kommo-o|64\/100\n|-damage|p1b: Riolu|12\/100\n|\n|-weather|Sandstorm|[upkeep]\n|-damage|p1a: Kommo-o|58\/100|[from] Sandstorm\n|-damage|p1b: Riolu|6\/100|[from] Sandstorm\n|-damage|p2b: Torkoal|82\/100|[from] Sandstorm\n|upkeep\n|turn|7\n|\n|t:|1696261851\n|move|p1b: Riolu|Coaching|p1a: Kommo-o\n|-boost|p1a: Kommo-o|atk|1\n|-boost|p1a: Kommo-o|def|1\n|-zpower|p1a: Kommo-o\n|move|p1a: Kommo-o|Clangorous Soulblaze|p2a: Tyranitar|[zeffect]|[spread] p2a,p2b\n|-damage|p2a: Tyranitar|84\/100\n|-damage|p2b: Torkoal|26\/100\n|-boost|p1a: Kommo-o|atk|1\n|-boost|p1a: Kommo-o|def|1\n|-boost|p1a: Kommo-o|spa|1\n|-boost|p1a: Kommo-o|spd|1\n|-boost|p1a: Kommo-o|spe|1\n|move|p2a: Tyranitar|Rock Slide|p1a: Kommo-o|[spread] p1a,p1b\n|-resisted|p1a: Kommo-o\n|-resisted|p1b: Riolu\n|-damage|p1a: Kommo-o|52\/100\n|-damage|p1b: Riolu|0 fnt\n|faint|p1b: Riolu\n|move|p2b: Torkoal|Clear Smog|p1a: Kommo-o\n|-damage|p1a: Kommo-o|40\/100\n|-clearboost|p1a: Kommo-o\n|\n|-weather|Sandstorm|[upkeep]\n|-damage|p1a: Kommo-o|33\/100|[from] Sandstorm\n|-damage|p2b: Torkoal|20\/100|[from] Sandstorm\n|upkeep\n|\n|t:|1696261870\n|switch|p1b: Oricorio|Oricorio-Sensu, M, shiny|46\/100\n|turn|8\n|\n|t:|1696261880\n|move|p2b: Torkoal|Protect|p2b: Torkoal\n|-singleturn|p2b: Torkoal|Protect\n|move|p1a: Kommo-o|Drain Punch|p2a: Tyranitar\n|-supereffective|p2a: Tyranitar\n|-damage|p2a: Tyranitar|0 fnt\n|-heal|p1a: Kommo-o|88\/100|[from] drain|[of] p2a: Tyranitar\n|faint|p2a: Tyranitar\n|move|p1b: Oricorio|Roost|p1b: Oricorio\n|-heal|p1b: Oricorio|96\/100\n|-singleturn|p1b: Oricorio|move: Roost\n|\n|-weather|Sandstorm|[upkeep]\n|-damage|p1a: Kommo-o|82\/100|[from] Sandstorm\n|-damage|p1b: Oricorio|90\/100|[from] Sandstorm\n|-damage|p2b: Torkoal|14\/100|[from] Sandstorm\n|upkeep\n|\n|t:|1696261899\n|switch|p2a: Dragonite|Dragonite, F|100\/100\n|turn|9\n|\n|t:|1696261916\n|switch|p2b: Riolu|Riolu, M|100\/100\n|-terastallize|p1b: Oricorio|Fairy\n|move|p1a: Kommo-o|Clangorous Soul|p1a: Kommo-o\n|-boost|p1a: Kommo-o|atk|1\n|-boost|p1a: Kommo-o|def|1\n|-boost|p1a: Kommo-o|spa|1\n|-boost|p1a: Kommo-o|spd|1\n|-boost|p1a: Kommo-o|spe|1\n|-damage|p1a: Kommo-o|49\/100\n|-activate|p1b: Oricorio|ability: Dancer\n|move|p1b: Oricorio|Clangorous Soul|p1b: Oricorio|[from]ability: Dancer\n|-boost|p1b: Oricorio|atk|1\n|-boost|p1b: Oricorio|def|1\n|-boost|p1b: Oricorio|spa|1\n|-boost|p1b: Oricorio|spd|1\n|-boost|p1b: Oricorio|spe|1\n|-damage|p1b: Oricorio|57\/100\n|move|p1b: Oricorio|Revelation Dance|p2a: Dragonite\n|-supereffective|p2a: Dragonite\n|-damage|p2a: Dragonite|61\/100\n|move|p2a: Dragonite|Aerial Ace|p1a: Kommo-o\n|-supereffective|p1a: Kommo-o\n|-damage|p1a: Kommo-o|0 fnt\n|faint|p1a: Kommo-o\n|\n|-weather|Sandstorm|[upkeep]\n|-damage|p1b: Oricorio|51\/100|[from] Sandstorm\n|-damage|p2b: Riolu|95\/100|[from] Sandstorm\n|upkeep\n|\n|t:|1696261923\n|switch|p1a: Cresselia|Cresselia, F|23\/100\n|turn|10\n|\n|t:|1696261944\n|-terastallize|p2a: Dragonite|Normal\n|move|p2b: Riolu|Follow Me|p2b: Riolu\n|-singleturn|p2b: Riolu|move: Follow Me\n|move|p2a: Dragonite|Extreme Speed|p1b: Oricorio\n|-damage|p1b: Oricorio|25\/100\n|-enditem|p1b: Oricorio|Aguav Berry|[eat]\n|-heal|p1b: Oricorio|58\/100|[from] item: Aguav Berry\n|move|p1b: Oricorio|Revelation Dance|p2b: Riolu\n|-supereffective|p2b: Riolu\n|-crit|p2b: Riolu\n|-damage|p2b: Riolu|0 fnt\n|faint|p2b: Riolu\n|move|p1a: Cresselia|Psych Up|p1b: Oricorio\n|-copyboost|p1a: Cresselia|p1b: Oricorio|[from] move: Psych Up\n|\n|-weather|none\n|-heal|p1a: Cresselia|29\/100|[from] item: Leftovers\n|upkeep\n|\n|t:|1696261953\n|switch|p2b: Torkoal|Torkoal, F|14\/100\n|-weather|SunnyDay|[from] ability: Drought|[of] p2b: Torkoal\n|turn|11\n|\n|t:|1696261964\n|move|p1b: Oricorio|Revelation Dance|p2b: Torkoal\n|-resisted|p2b: Torkoal\n|-damage|p2b: Torkoal|0 fnt\n|faint|p2b: Torkoal\n|move|p1a: Cresselia|Stored Power|p2a: Dragonite\n|-damage|p2a: Dragonite|0 fnt\n|faint|p2a: Dragonite\n|\n|-weather|SunnyDay|[upkeep]\n|-heal|p1a: Cresselia|35\/100|[from] item: Leftovers\n|upkeep\n|\n|t:|1696261972\n|switch|p2b: Flutter Mane|Flutter Mane|16\/100\n|-activate|p2b: Flutter Mane|ability: Protosynthesis\n|-start|p2b: Flutter Mane|protosynthesisspe\n|turn|12\n|c|\u2606Theadonia|Ggwp :)\n|\n|t:|1696261988\n|move|p2b: Flutter Mane|Protect|p2b: Flutter Mane\n|-singleturn|p2b: Flutter Mane|Protect\n|move|p1b: Oricorio|Revelation Dance|p2b: Flutter Mane\n|-activate|p2b: Flutter Mane|move: Protect\n|move|p1a: Cresselia|Stored Power|p2b: Flutter Mane\n|-activate|p2b: Flutter Mane|move: Protect\n|\n|-weather|SunnyDay|[upkeep]\n|-heal|p1a: Cresselia|41\/100|[from] item: Leftovers\n|upkeep\n|turn|13\n|\n|t:|1696261999\n|move|p2b: Flutter Mane|Dazzling Gleam|p1b: Oricorio|[spread] p1a,p1b\n|-damage|p1a: Cresselia|23\/100\n|-damage|p1b: Oricorio|24\/100\n|-damage|p2b: Flutter Mane|6\/100|[from] item: Life Orb\n|move|p1b: Oricorio|Revelation Dance|p2b: Flutter Mane\n|-damage|p2b: Flutter Mane|0 fnt\n|faint|p2b: Flutter Mane\n|-end|p2b: Flutter Mane|Protosynthesis|[silent]\n|\n|win|Theadonia\n|raw|Theadonia's rating: 1085 &rarr; <strong>1119<\/strong><br \/>(+34 for winning)\n|raw|Creepystank's rating: 1176 &rarr; <strong>1145<\/strong><br \/>(-31 for losing)\n|c|\u2606Creepystank|Ill c u again dont worry\n|c|\u2606Creepystank|Gg\n|l|\u2606Creepystank\n","uploadtime":1696262016,"views":16,"p1id":"theadonia","p2id":"creepystank","formatid":"gen9nationaldexdoubles","rating":1119,"private":0,"password":""}