{"id":"gen9nationaldexdoubles-1964018197","p1":"lemonjohn","p2":"Kin+ak (\u2727\u2207\u2727)","format":"[Gen 9] National Dex Doubles","log":"|j|\u2606lemonjohn\n|j|\u2606Kin+ak (\u2727\u2207\u2727)\n|t:|1696930915\n|gametype|doubles\n|player|p1|lemonjohn|tuberf|1282\n|player|p2|Kin+ak (\u2727\u2207\u2727)|wally|1550\n|teamsize|p1|6\n|teamsize|p2|6\n|gen|9\n|tier|[Gen 9] National Dex Doubles\n|rated|\n|rule|HP Percentage Mod: HP is shown in percentages\n|rule|Endless Battle Clause: Forcing endless battles is banned\n|rule|OHKO Clause: OHKO moves are banned\n|rule|Evasion Moves Clause: Evasion moves are banned\n|rule|Evasion Abilities Clause: Evasion abilities are banned\n|rule|Species Clause: Limit one of each Pok\u00e9mon\n|rule|Gravity Sleep Clause: The combination of sleep-inducing moves with imperfect accuracy and Gravity or Gigantamax Orbeetle are banned\n|clearpoke\n|poke|p1|Torkoal, F|\n|poke|p1|Venusaur, F|\n|poke|p1|Farigiraf, F|\n|poke|p1|Charizard, F|\n|poke|p1|Whimsicott, F|\n|poke|p1|Incineroar, F|\n|poke|p2|Charizard, M|\n|poke|p2|Chi-Yu|\n|poke|p2|Flutter Mane|\n|poke|p2|Ogerpon-Hearthflame, F|\n|poke|p2|Rillaboom, F|\n|poke|p2|Walking Wake|\n|teampreview\n|inactive|Battle timer is ON: inactive players will automatically lose when time's up. (requested by lemonjohn)\n|\n|t:|1696930924\n|start\n|switch|p1a: Torkoal|Torkoal, F|100\/100\n|switch|p1b: Venusaur|Venusaur, F|100\/100\n|switch|p2a: Charizard|Charizard, M|100\/100\n|switch|p2b: Ogerpon|Ogerpon-Hearthflame, F|100\/100\n|-ability|p2b: Ogerpon|Mold Breaker\n|-weather|SunnyDay|[from] ability: Drought|[of] p1a: Torkoal\n|turn|1\n|\n|t:|1696930939\n|switch|p1a: Incineroar|Incineroar, F|100\/100\n|-ability|p1a: Incineroar|Intimidate|boost\n|-unboost|p2a: Charizard|atk|1\n|-unboost|p2b: Ogerpon|atk|1\n|detailschange|p2a: Charizard|Charizard-Mega-Y, M\n|-mega|p2a: Charizard|Charizard|Charizardite Y\n|move|p1b: Venusaur|Sludge Bomb|p2b: Ogerpon\n|-supereffective|p2b: Ogerpon\n|-damage|p2b: Ogerpon|0 fnt\n|faint|p2b: Ogerpon\n|-damage|p1b: Venusaur|91\/100|[from] item: Life Orb\n|move|p2a: Charizard|Tailwind|p2a: Charizard\n|-sidestart|p2: Kin+ak (\u2727\u2207\u2727)|move: Tailwind\n|\n|-weather|SunnyDay|[upkeep]\n|upkeep\n|\n|t:|1696930960\n|switch|p2b: Walking Wake|Walking Wake|100\/100\n|-activate|p2b: Walking Wake|ability: Protosynthesis\n|-start|p2b: Walking Wake|protosynthesisspe\n|turn|2\n|\n|t:|1696930975\n|move|p1a: Incineroar|Fake Out|p2a: Charizard\n|-damage|p2a: Charizard|84\/100\n|move|p2b: Walking Wake|Hydro Steam|p1a: Incineroar\n|-supereffective|p1a: Incineroar\n|-damage|p1a: Incineroar|0 fnt\n|faint|p1a: Incineroar\n|cant|p2a: Charizard|flinch\n|move|p1b: Venusaur|Sludge Bomb|p2a: Charizard\n|-damage|p2a: Charizard|27\/100\n|-damage|p1b: Venusaur|81\/100|[from] item: Life Orb\n|\n|-weather|SunnyDay|[upkeep]\n|upkeep\n|\n|t:|1696930979\n|switch|p1a: Whimsicott|Whimsicott, F|100\/100\n|turn|3\n|\n|t:|1696930994\n|move|p1a: Whimsicott|Tailwind|p1a: Whimsicott\n|-sidestart|p1: lemonjohn|move: Tailwind\n|move|p2b: Walking Wake|Hydro Steam|p1a: Whimsicott\n|-resisted|p1a: Whimsicott\n|-damage|p1a: Whimsicott|38\/100\n|move|p1b: Venusaur|Sludge Bomb|p2a: Charizard\n|-damage|p2a: Charizard|0 fnt\n|faint|p2a: Charizard\n|-damage|p1b: Venusaur|71\/100|[from] item: Life Orb\n|\n|-weather|SunnyDay|[upkeep]\n|upkeep\n|inactive|Kin+ak (\u2727\u2207\u2727) has 120 seconds left.\n|\n|t:|1696931020\n|switch|p2a: Rillaboom|Rillaboom, F|100\/100\n|-fieldstart|move: Grassy Terrain|[from] ability: Grassy Surge|[of] p2a: Rillaboom\n|turn|4\n|\n|t:|1696931032\n|move|p1b: Venusaur|Protect|p1b: Venusaur\n|-singleturn|p1b: Venusaur|Protect\n|move|p2a: Rillaboom|Fake Out|p1b: Venusaur\n|-activate|p1b: Venusaur|move: Protect\n|move|p1a: Whimsicott|Fake Tears|p2a: Rillaboom\n|-unboost|p2a: Rillaboom|spd|2\n|move|p2b: Walking Wake|Hydro Steam|p1b: Venusaur\n|-activate|p1b: Venusaur|move: Protect\n|\n|-weather|SunnyDay|[upkeep]\n|-heal|p1b: Venusaur|77\/100|[from] Grassy Terrain\n|-heal|p1a: Whimsicott|44\/100|[from] Grassy Terrain\n|-sideend|p2: Kin+ak (\u2727\u2207\u2727)|move: Tailwind\n|upkeep\n|turn|5\n|\n|t:|1696931046\n|switch|p2a: Flutter Mane|Flutter Mane|100\/100\n|-activate|p2a: Flutter Mane|ability: Protosynthesis\n|-start|p2a: Flutter Mane|protosynthesisspe\n|-terastallize|p1b: Venusaur|Grass\n|move|p1a: Whimsicott|Encore||[still]\n|-fail|p1a: Whimsicott\n|move|p1b: Venusaur|Giga Drain|p2b: Walking Wake\n|-damage|p2b: Walking Wake|8\/100\n|-heal|p1b: Venusaur|100\/100|[from] drain|[of] p2b: Walking Wake\n|-damage|p1b: Venusaur|91\/100|[from] item: Life Orb\n|move|p2b: Walking Wake|Hydro Steam|p1a: Whimsicott\n|-resisted|p1a: Whimsicott\n|-damage|p1a: Whimsicott|0 fnt\n|faint|p1a: Whimsicott\n|\n|-weather|none\n|-end|p2a: Flutter Mane|Protosynthesis\n|-end|p2b: Walking Wake|Protosynthesis\n|-heal|p1b: Venusaur|97\/100|[from] Grassy Terrain\n|-heal|p2b: Walking Wake|14\/100|[from] Grassy Terrain\n|upkeep\n|\n|t:|1696931050\n|switch|p1a: Torkoal|Torkoal, F|100\/100\n|-weather|SunnyDay|[from] ability: Drought|[of] p1a: Torkoal\n|-activate|p2a: Flutter Mane|ability: Protosynthesis\n|-start|p2a: Flutter Mane|protosynthesisspe\n|-activate|p2b: Walking Wake|ability: Protosynthesis\n|-start|p2b: Walking Wake|protosynthesisspe\n|turn|6\n|\n|t:|1696931071\n|-end|p2b: Walking Wake|Protosynthesis|[silent]\n|switch|p2b: Chi-Yu|Chi-Yu|100\/100\n|-ability|p2b: Chi-Yu|Beads of Ruin\n|move|p1b: Venusaur|Giga Drain|p2a: Flutter Mane\n|-damage|p2a: Flutter Mane|0 fnt\n|-heal|p1b: Venusaur|100\/100|[from] drain|[of] p2a: Flutter Mane\n|faint|p2a: Flutter Mane\n|-end|p2a: Flutter Mane|Protosynthesis|[silent]\n|-damage|p1b: Venusaur|91\/100|[from] item: Life Orb\n|move|p1a: Torkoal|Heat Wave|p2b: Chi-Yu\n|-resisted|p2b: Chi-Yu\n|-crit|p2b: Chi-Yu\n|-damage|p2b: Chi-Yu|41\/100\n|\n|-weather|SunnyDay|[upkeep]\n|-heal|p1b: Venusaur|97\/100|[from] Grassy Terrain\n|-heal|p2b: Chi-Yu|47\/100|[from] Grassy Terrain\n|-sideend|p1: lemonjohn|move: Tailwind\n|upkeep\n|\n|t:|1696931083\n|switch|p2a: Rillaboom|Rillaboom, F|100\/100\n|turn|7\n|\n|t:|1696931094\n|switch|p1a: Farigiraf|Farigiraf, F|100\/100\n|move|p2a: Rillaboom|Fake Out||[still]\n|cant|p1a: Farigiraf|ability: Armor Tail|Fake Out|[of] p2a: Rillaboom\n|move|p1b: Venusaur|Sludge Bomb|p2b: Chi-Yu\n|-damage|p2b: Chi-Yu|0 fnt\n|faint|p2b: Chi-Yu\n|-damage|p1b: Venusaur|87\/100|[from] item: Life Orb\n|\n|-weather|SunnyDay|[upkeep]\n|-heal|p1b: Venusaur|93\/100|[from] Grassy Terrain\n|upkeep\n|\n|t:|1696931101\n|switch|p2b: Walking Wake|Walking Wake|14\/100\n|-activate|p2b: Walking Wake|ability: Protosynthesis\n|-start|p2b: Walking Wake|protosynthesisspe\n|turn|8\n|\n|t:|1696931111\n|-terastallize|p2b: Walking Wake|Fire\n|move|p1a: Farigiraf|Ally Switch|p1a: Farigiraf\n|swap|p1a: Farigiraf|1|[from] move: Ally Switch\n|move|p2b: Walking Wake|Weather Ball|p1b: Farigiraf\n|-damage|p1b: Farigiraf|19\/100\n|move|p1a: Venusaur|Weather Ball|p2a: Rillaboom\n|-supereffective|p2a: Rillaboom\n|-crit|p2a: Rillaboom\n|-damage|p2a: Rillaboom|0 fnt\n|faint|p2a: Rillaboom\n|-damage|p1a: Venusaur|83\/100|[from] item: Life Orb\n|\n|-weather|SunnyDay|[upkeep]\n|-heal|p2b: Walking Wake|20\/100|[from] Grassy Terrain\n|-heal|p1a: Venusaur|89\/100|[from] Grassy Terrain\n|-heal|p1b: Farigiraf|25\/100|[from] Grassy Terrain\n|-fieldend|move: Grassy Terrain\n|upkeep\n|turn|9\n|\n|t:|1696931123\n|move|p1b: Farigiraf|Protect||[still]\n|-fail|p1b: Farigiraf\n|move|p2b: Walking Wake|Weather Ball|p1b: Farigiraf\n|-damage|p1b: Farigiraf|0 fnt\n|faint|p1b: Farigiraf\n|move|p1a: Venusaur|Sludge Bomb|p2b: Walking Wake\n|-damage|p2b: Walking Wake|0 fnt\n|faint|p2b: Walking Wake\n|-end|p2b: Walking Wake|Protosynthesis|[silent]\n|-damage|p1a: Venusaur|79\/100|[from] item: Life Orb\n|\n|win|lemonjohn\n|raw|lemonjohn's rating: 1282 &rarr; <strong>1323<\/strong><br \/>(+41 for winning)\n|raw|Kin+ak (\u2727\u2207\u2727)'s rating: 1550 &rarr; <strong>1517<\/strong><br \/>(-33 for losing)\n","uploadtime":1696931132,"views":15,"p1id":"lemonjohn","p2id":"kinak","formatid":"gen9nationaldexdoubles","rating":1323,"private":0,"password":""}