{"id":"gen9nationaldexdoubles-1950801411","p1":"qasxcfdcvbjhygtf","p2":"zak143","format":"[Gen 9] National Dex Doubles","log":"|j|\u2606qasxcfdcvbjhygtf\n|j|\u2606zak143\n|t:|1695507233\n|gametype|doubles\n|player|p1|qasxcfdcvbjhygtf|guzma|1164\n|player|p2|zak143|101|1176\n|teamsize|p1|6\n|teamsize|p2|6\n|gen|9\n|tier|[Gen 9] National Dex Doubles\n|rated|\n|rule|HP Percentage Mod: HP is shown in percentages\n|rule|Endless Battle Clause: Forcing endless battles is banned\n|rule|OHKO Clause: OHKO moves are banned\n|rule|Evasion Moves Clause: Evasion moves are banned\n|rule|Evasion Abilities Clause: Evasion abilities are banned\n|rule|Species Clause: Limit one of each Pok\u00e9mon\n|rule|Gravity Sleep Clause: The combination of sleep-inducing moves with imperfect accuracy and Gravity or Gigantamax Orbeetle are banned\n|clearpoke\n|poke|p1|Sinistcha|\n|poke|p1|Snorlax, F|\n|poke|p1|Torkoal, F|\n|poke|p1|Ursaluna-Bloodmoon, M|\n|poke|p1|Kingambit, M|\n|poke|p1|Pheromosa|\n|poke|p2|Thundurus-Therian, M|\n|poke|p2|Tapu Koko|\n|poke|p2|Iron Leaves|\n|poke|p2|Sceptile, M|\n|poke|p2|Iron Hands|\n|poke|p2|Zeraora|\n|teampreview\n|\n|t:|1695507255\n|start\n|switch|p1a: Girl Boss|Pheromosa|100\/100\n|switch|p1b: Yogi Bear|Ursaluna-Bloodmoon, M|100\/100\n|switch|p2a: Tapu Koko|Tapu Koko|100\/100\n|switch|p2b: Thundurus|Thundurus-Therian, M|100\/100\n|-fieldstart|move: Electric Terrain|[from] ability: Electric Surge|[of] p2a: Tapu Koko\n|turn|1\n|\n|t:|1695507285\n|-terastallize|p2b: Thundurus|Flying\n|move|p1a: Girl Boss|Speed Swap|p1b: Yogi Bear\n|-activate|p1a: Girl Boss|move: Speed Swap|[of] p1b: Yogi Bear\n|move|p1b: Yogi Bear|Calm Mind|p1b: Yogi Bear\n|-boost|p1b: Yogi Bear|spa|1\n|-boost|p1b: Yogi Bear|spd|1\n|move|p2a: Tapu Koko|Discharge|p1b: Yogi Bear|[spread] p1a\n|-immune|p2b: Thundurus|[from] ability: Volt Absorb\n|-immune|p1b: Yogi Bear\n|-damage|p1a: Girl Boss|21\/100\n|-status|p1a: Girl Boss|par\n|move|p2b: Thundurus|Tera Blast|p1a: Girl Boss|[anim] Tera Blast Flying\n|-supereffective|p1a: Girl Boss\n|-damage|p1a: Girl Boss|0 fnt\n|faint|p1a: Girl Boss\n|\n|upkeep\n|\n|t:|1695507301\n|switch|p1a: Yakuza Boss|Kingambit, M|100\/100\n|turn|2\n|\n|t:|1695507317\n|-terastallize|p1b: Yogi Bear|Normal\n|move|p1a: Yakuza Boss|Sucker Punch|p2b: Thundurus\n|-damage|p2b: Thundurus|27\/100\n|move|p1b: Yogi Bear|Hyper Voice|p2a: Tapu Koko|[spread] p2a,p2b\n|-damage|p2a: Tapu Koko|0 fnt\n|-damage|p2b: Thundurus|0 fnt\n|faint|p2a: Tapu Koko\n|faint|p2b: Thundurus\n|-damage|p1b: Yogi Bear|90\/100|[from] item: Life Orb\n|\n|upkeep\n|\n|t:|1695507334\n|switch|p2a: Zeraora|Zeraora|100\/100\n|switch|p2b: Sceptile|Sceptile, M|100\/100\n|turn|3\n|\n|t:|1695507375\n|detailschange|p2b: Sceptile|Sceptile-Mega, M\n|-mega|p2b: Sceptile|Sceptile|Sceptilite\n|move|p1b: Yogi Bear|Hyper Voice|p2a: Zeraora|[spread] p2a,p2b\n|-damage|p2a: Zeraora|11\/100\n|-damage|p2b: Sceptile|0 fnt\n|faint|p2b: Sceptile\n|-damage|p1b: Yogi Bear|80\/100|[from] item: Life Orb\n|move|p2a: Zeraora|Plasma Fists|p1b: Yogi Bear\n|-damage|p1b: Yogi Bear|41\/100\n|-fieldactivate|move: Ion Deluge\n|-hint|Normal-type moves become Electric-type after using Plasma Fists.\n|move|p1a: Yakuza Boss|Swords Dance|p1a: Yakuza Boss\n|-boost|p1a: Yakuza Boss|atk|2\n|\n|upkeep\n|\n|t:|1695507397\n|switch|p2b: Iron Hands|Iron Hands|100\/100\n|-activate|p2b: Iron Hands|ability: Quark Drive\n|-start|p2b: Iron Hands|quarkdriveatk\n|turn|4\n|\n|t:|1695507419\n|move|p2b: Iron Hands|Fake Out|p1b: Yogi Bear\n|-damage|p1b: Yogi Bear|26\/100\n|move|p1a: Yakuza Boss|Sucker Punch|p2a: Zeraora\n|-damage|p2a: Zeraora|0 fnt\n|faint|p2a: Zeraora\n|cant|p1b: Yogi Bear|flinch\n|\n|upkeep\n|\n|t:|1695507426\n|switch|p2a: Iron Leaves|Iron Leaves|100\/100\n|-activate|p2a: Iron Leaves|ability: Quark Drive\n|-start|p2a: Iron Leaves|quarkdriveatk\n|turn|5\n|\n|t:|1695507446\n|move|p1a: Yakuza Boss|Sucker Punch|p2a: Iron Leaves\n|-supereffective|p2a: Iron Leaves\n|-damage|p2a: Iron Leaves|0 fnt\n|faint|p2a: Iron Leaves\n|-end|p2a: Iron Leaves|Quark Drive|[silent]\n|move|p1b: Yogi Bear|Earth Power|p2b: Iron Hands\n|-supereffective|p2b: Iron Hands\n|-damage|p2b: Iron Hands|0 fnt\n|faint|p2b: Iron Hands\n|-end|p2b: Iron Hands|Quark Drive|[silent]\n|-damage|p1b: Yogi Bear|16\/100|[from] item: Life Orb\n|\n|win|qasxcfdcvbjhygtf\n|raw|qasxcfdcvbjhygtf's rating: 1164 &rarr; <strong>1190<\/strong><br \/>(+26 for winning)\n|raw|zak143's rating: 1176 &rarr; <strong>1150<\/strong><br \/>(-26 for losing)\n","uploadtime":1695507458,"views":6,"p1id":"qasxcfdcvbjhygtf","p2id":"zak143","formatid":"gen9nationaldexdoubles","rating":1150,"private":0,"password":""}