{"id":"gen9nationaldexdoubles-1974352877","p1":"wvv3man","p2":"Mongoose556","format":"[Gen 9] National Dex Doubles","log":"|j|\u2606wvv3man\n|j|\u2606Mongoose556\n|t:|1698080218\n|gametype|doubles\n|player|p1|wvv3man|preschooler|1067\n|player|p2|Mongoose556|may|1166\n|teamsize|p1|6\n|teamsize|p2|6\n|gen|9\n|tier|[Gen 9] National Dex Doubles\n|rated|\n|rule|HP Percentage Mod: HP is shown in percentages\n|rule|Endless Battle Clause: Forcing endless battles is banned\n|rule|OHKO Clause: OHKO moves are banned\n|rule|Evasion Moves Clause: Evasion moves are banned\n|rule|Evasion Abilities Clause: Evasion abilities are banned\n|rule|Species Clause: Limit one of each Pok\u00e9mon\n|rule|Gravity Sleep Clause: The combination of sleep-inducing moves with imperfect accuracy and Gravity or Gigantamax Orbeetle are banned\n|clearpoke\n|poke|p1|Absol, M|\n|poke|p1|Tornadus, M|\n|poke|p1|Tapu Koko|\n|poke|p1|Urshifu-*, M|\n|poke|p1|Dragonite, F|\n|poke|p1|Rotom-Wash|\n|poke|p2|Inteleon, M|\n|poke|p2|Swampert, M|\n|poke|p2|Araquanid, F|\n|poke|p2|Tauros-Paldea-Aqua, M|\n|poke|p2|Cramorant, M|\n|poke|p2|Ogerpon-Wellspring, F|\n|teampreview\n|inactive|Battle timer is ON: inactive players will automatically lose when time's up. (requested by Mongoose556)\n|\n|t:|1698080236\n|start\n|switch|p1a: Tornadus|Tornadus, M|100\/100\n|switch|p1b: Dragonite|Dragonite, F|100\/100\n|switch|p2a: Throat Goat|Cramorant, M|100\/100\n|switch|p2b: BeefCake|Swampert, M, shiny|100\/100\n|turn|1\n|\n|t:|1698080252\n|-terastallize|p1a: Tornadus|Dragon\n|move|p1a: Tornadus|Rain Dance|p1a: Tornadus\n|-weather|RainDance\n|move|p2a: Throat Goat|Tailwind|p2a: Throat Goat\n|-sidestart|p2: Mongoose556|move: Tailwind\n|move|p2b: BeefCake|Ice Punch|p1b: Dragonite\n|-supereffective|p1b: Dragonite\n|-damage|p1b: Dragonite|5\/100\n|move|p1b: Dragonite|Thunder|p2a: Throat Goat\n|-supereffective|p2a: Throat Goat\n|-enditem|p2a: Throat Goat|Focus Sash\n|-damage|p2a: Throat Goat|1\/100\n|\n|-weather|RainDance|[upkeep]\n|upkeep\n|turn|2\n|\n|t:|1698080280\n|move|p1b: Dragonite|Extreme Speed|p2b: BeefCake\n|-damage|p2b: BeefCake|72\/100\n|move|p2a: Throat Goat|Air Slash|p1b: Dragonite\n|-damage|p1b: Dragonite|0 fnt\n|faint|p1b: Dragonite\n|move|p2b: BeefCake|Ice Punch|p1a: Tornadus\n|-supereffective|p1a: Tornadus\n|-damage|p1a: Tornadus|47\/100\n|move|p1a: Tornadus|Bleakwind Storm|p2b: BeefCake|[spread] p2a,p2b\n|-crit|p2b: BeefCake\n|-damage|p2a: Throat Goat|0 fnt\n|-damage|p2b: BeefCake|41\/100\n|faint|p2a: Throat Goat\n|\n|-weather|RainDance|[upkeep]\n|upkeep\n|\n|t:|1698080299\n|switch|p2a: Araquanid|Araquanid, F, shiny|100\/100\n|switch|p1b: Absol|Absol, M|100\/100\n|turn|3\n|\n|t:|1698080313\n|move|p1b: Absol|Protect|p1b: Absol\n|-singleturn|p1b: Absol|Protect\n|move|p2b: BeefCake|Ice Punch|p1a: Tornadus\n|-supereffective|p1a: Tornadus\n|-damage|p1a: Tornadus|0 fnt\n|faint|p1a: Tornadus\n|move|p2a: Araquanid|Lunge|p1b: Absol\n|-activate|p1b: Absol|move: Protect\n|\n|-weather|RainDance|[upkeep]\n|upkeep\n|\n|t:|1698080328\n|switch|p1a: Rotom|Rotom-Wash|100\/100\n|turn|4\n|\n|t:|1698080337\n|move|p2b: BeefCake|Brick Break|p1b: Absol\n|-supereffective|p1b: Absol\n|-damage|p1b: Absol|14\/100\n|move|p2a: Araquanid|Sticky Web|p1b: Absol\n|-sidestart|p1: wvv3man|move: Sticky Web\n|move|p1b: Absol|Night Slash|p2b: BeefCake\n|-crit|p2b: BeefCake\n|-damage|p2b: BeefCake|0 fnt\n|faint|p2b: BeefCake\n|move|p1a: Rotom|Thunder|p2a: Araquanid\n|-supereffective|p2a: Araquanid\n|-damage|p2a: Araquanid|36\/100\n|\n|-weather|RainDance|[upkeep]\n|-sideend|p2: Mongoose556|move: Tailwind\n|upkeep\n|\n|t:|1698080350\n|switch|p2b: Ogerp\u00f6rn|Ogerpon-Wellspring, F|100\/100\n|turn|5\n|\n|t:|1698080375\n|move|p2b: Ogerp\u00f6rn|Horn Leech|p1a: Rotom\n|-supereffective|p1a: Rotom\n|-damage|p1a: Rotom|11\/100\n|-enditem|p1a: Rotom|Sitrus Berry|[eat]\n|-heal|p1a: Rotom|36\/100|[from] item: Sitrus Berry\n|move|p1b: Absol|Night Slash|p2b: Ogerp\u00f6rn\n|-crit|p2b: Ogerp\u00f6rn\n|-damage|p2b: Ogerp\u00f6rn|22\/100\n|move|p1a: Rotom|Thunder|p2a: Araquanid\n|-supereffective|p2a: Araquanid\n|-damage|p2a: Araquanid|0 fnt\n|faint|p2a: Araquanid\n|\n|-weather|none\n|upkeep\n|\n|t:|1698080386\n|switch|p2a: Randall|Inteleon, M, shiny|100\/100\n|turn|6\n|\n|t:|1698080411\n|move|p2a: Randall|Snipe Shot|p1b: Absol\n|-damage|p1b: Absol|0 fnt\n|faint|p1b: Absol\n|move|p2b: Ogerp\u00f6rn|Horn Leech|p1a: Rotom\n|-supereffective|p1a: Rotom\n|-damage|p1a: Rotom|0 fnt\n|-heal|p2b: Ogerp\u00f6rn|40\/100|[from] drain|[of] p1a: Rotom\n|faint|p1a: Rotom\n|\n|upkeep\n|\n|t:|1698080414\n|switch|p1b: Tapu Koko|Tapu Koko|100\/100\n|switch|p1a: Urshifu|Urshifu-Rapid-Strike, M|100\/100\n|-activate|p1b: Tapu Koko|move: Sticky Web\n|-unboost|p1b: Tapu Koko|spe|1\n|-fieldstart|move: Electric Terrain|[from] ability: Electric Surge|[of] p1b: Tapu Koko\n|-activate|p1a: Urshifu|move: Sticky Web\n|-unboost|p1a: Urshifu|spe|1\n|turn|7\n|\n|t:|1698080426\n|move|p2a: Randall|Snipe Shot|p1b: Tapu Koko\n|-damage|p1b: Tapu Koko|55\/100\n|move|p2b: Ogerp\u00f6rn|Stomping Tantrum|p1b: Tapu Koko\n|-supereffective|p1b: Tapu Koko\n|-damage|p1b: Tapu Koko|0 fnt\n|faint|p1b: Tapu Koko\n|move|p1a: Urshifu|Close Combat|p2b: Ogerp\u00f6rn\n|-damage|p2b: Ogerp\u00f6rn|0 fnt\n|-unboost|p1a: Urshifu|def|1\n|-unboost|p1a: Urshifu|spd|1\n|faint|p2b: Ogerp\u00f6rn\n|\n|upkeep\n|\n|t:|1698080431\n|switch|p2b: Hydrotaur|Tauros-Paldea-Aqua, M|100\/100\n|-ability|p2b: Hydrotaur|Intimidate|boost\n|-unboost|p1a: Urshifu|atk|1\n|turn|8\n|\n|t:|1698080443\n|move|p2a: Randall|Air Slash|p1a: Urshifu\n|-supereffective|p1a: Urshifu\n|-damage|p1a: Urshifu|29\/100\n|move|p2b: Hydrotaur|Close Combat|p1a: Urshifu\n|-damage|p1a: Urshifu|0 fnt\n|-unboost|p2b: Hydrotaur|def|1\n|-unboost|p2b: Hydrotaur|spd|1\n|faint|p1a: Urshifu\n|-damage|p2b: Hydrotaur|91\/100|[from] item: Life Orb\n|\n|win|Mongoose556\n|raw|wvv3man's rating: 1067 &rarr; <strong>1053<\/strong><br \/>(-14 for losing)\n|raw|Mongoose556's rating: 1166 &rarr; <strong>1184<\/strong><br \/>(+18 for winning)\n|l|\u2606wvv3man\n","uploadtime":1698080455,"views":8,"p1id":"wvv3man","p2id":"mongoose556","formatid":"gen9nationaldexdoubles","rating":1053,"private":0,"password":""}