{"id":"gen9nationaldexdoubles-1958845101","p1":"Electroshibe","p2":"aryyypunk","format":"[Gen 9] National Dex Doubles","log":"|j|\u2606Electroshibe\n|j|\u2606aryyypunk\n|t:|1696362347\n|gametype|doubles\n|player|p1|Electroshibe|benga|1179\n|player|p2|aryyypunk|plumeria|1050\n|teamsize|p1|6\n|teamsize|p2|6\n|gen|9\n|tier|[Gen 9] National Dex Doubles\n|rated|\n|rule|HP Percentage Mod: HP is shown in percentages\n|rule|Endless Battle Clause: Forcing endless battles is banned\n|rule|OHKO Clause: OHKO moves are banned\n|rule|Evasion Moves Clause: Evasion moves are banned\n|rule|Evasion Abilities Clause: Evasion abilities are banned\n|rule|Species Clause: Limit one of each Pok\u00e9mon\n|rule|Gravity Sleep Clause: The combination of sleep-inducing moves with imperfect accuracy and Gravity or Gigantamax Orbeetle are banned\n|clearpoke\n|poke|p1|Ninetales, M|\n|poke|p1|Ceruledge, M|\n|poke|p1|Arcanine-Hisui, F|\n|poke|p1|Eevee, M|\n|poke|p1|Amoonguss, M|\n|poke|p1|Victini|\n|poke|p2|Torterra, F|\n|poke|p2|Empoleon, M|\n|poke|p2|Infernape, M|\n|poke|p2|Togekiss, M|\n|poke|p2|Mawile, M|\n|poke|p2|Murkrow, M|\n|teampreview\n|\n|t:|1696362374\n|start\n|switch|p1a: Prism|Eevee, M, shiny|100\/100\n|switch|p1b: SUS|Amoonguss, M|100\/100\n|switch|p2a: Mawile|Mawile, M, shiny|100\/100\n|switch|p2b: Torterra|Torterra, F, shiny|100\/100\n|-ability|p2a: Mawile|Intimidate|boost\n|-unboost|p1a: Prism|atk|1\n|-unboost|p1b: SUS|atk|1\n|turn|1\n|\n|t:|1696362395\n|switch|p1a: Amaterasu|Arcanine-Hisui, F|100\/100\n|detailschange|p2a: Mawile|Mawile-Mega, M, shiny\n|-mega|p2a: Mawile|Mawile|Mawilite\n|move|p2b: Torterra|Shell Smash|p2b: Torterra\n|-unboost|p2b: Torterra|def|1\n|-unboost|p2b: Torterra|spd|1\n|-boost|p2b: Torterra|atk|2\n|-boost|p2b: Torterra|spa|2\n|-boost|p2b: Torterra|spe|2\n|-enditem|p2b: Torterra|White Herb\n|-clearnegativeboost|p2b: Torterra|[silent]\n|move|p2a: Mawile|Iron Head|p1a: Amaterasu\n|-damage|p1a: Amaterasu|0 fnt\n|faint|p1a: Amaterasu\n|move|p1b: SUS|Clear Smog|p2b: Torterra\n|-damage|p2b: Torterra|82\/100\n|-clearboost|p2b: Torterra\n|\n|upkeep\n|\n|t:|1696362403\n|switch|p1a: Prism|Eevee, M, shiny|100\/100\n|turn|2\n|inactive|Battle timer is ON: inactive players will automatically lose when time's up. (requested by Electroshibe)\n|inactive|aryyypunk has 120 seconds left.\n|\n|t:|1696362493\n|move|p1b: SUS|Rage Powder|p1b: SUS\n|-singleturn|p1b: SUS|move: Rage Powder\n|-zpower|p1a: Prism\n|move|p1a: Prism|Extreme Evoboost|p1a: Prism\n|-boost|p1a: Prism|atk|2\n|-boost|p1a: Prism|def|2\n|-boost|p1a: Prism|spa|2\n|-boost|p1a: Prism|spd|2\n|-boost|p1a: Prism|spe|2\n|move|p2b: Torterra|High Horsepower|p1b: SUS\n|-damage|p1b: SUS|54\/100\n|move|p2a: Mawile|Iron Head|p1b: SUS\n|-damage|p1b: SUS|0 fnt\n|faint|p1b: SUS\n|\n|upkeep\n|\n|t:|1696362509\n|switch|p1b: Helios|Ninetales, M|100\/100\n|-weather|SunnyDay|[from] ability: Drought|[of] p1b: Helios\n|turn|3\n|\n|t:|1696362523\n|move|p2a: Mawile|Protect|p2a: Mawile\n|-singleturn|p2a: Mawile|Protect\n|move|p1a: Prism|Baton Pass|p1a: Prism\n|\n|t:|1696362527\n|switch|p1a: Shiru|Victini|100\/100|[from] Baton Pass\n|move|p1b: Helios|Heat Wave|p2b: Torterra|[spread] p2b\n|-activate|p2a: Mawile|move: Protect\n|-supereffective|p2b: Torterra\n|-damage|p2b: Torterra|0 fnt\n|faint|p2b: Torterra\n|\n|-weather|SunnyDay|[upkeep]\n|upkeep\n|\n|t:|1696362536\n|switch|p2b: Murkrow|Murkrow, M, shiny|100\/100\n|turn|4\n|\n|t:|1696362540\n|switch|p1b: Funny|Ceruledge, M|100\/100\n|move|p2b: Murkrow|Thunder Wave|p1a: Shiru\n|-status|p1a: Shiru|par\n|move|p1a: Shiru|Searing Shot|p2b: Murkrow|[spread] p2a,p2b\n|-start|p1b: Funny|ability: Flash Fire\n|-supereffective|p2a: Mawile\n|-damage|p2a: Mawile|0 fnt\n|-damage|p2b: Murkrow|20\/100\n|faint|p2a: Mawile\n|\n|-weather|SunnyDay|[upkeep]\n|upkeep\n|\n|t:|1696362553\n|switch|p2a: Togekiss|Togekiss, M, shiny|100\/100\n|turn|5\n|\n|t:|1696362561\n|move|p1b: Funny|Shadow Sneak|p2b: Murkrow\n|-resisted|p2b: Murkrow\n|-damage|p2b: Murkrow|7\/100\n|move|p2b: Murkrow|Tailwind|p2b: Murkrow\n|-sidestart|p2: aryyypunk|move: Tailwind\n|move|p2a: Togekiss|Air Slash|p1a: Shiru\n|-damage|p1a: Shiru|82\/100 par\n|move|p1a: Shiru|Searing Shot|p2a: Togekiss|[spread] p2a,p2b\n|-immune|p1b: Funny|[from] ability: Flash Fire\n|-damage|p2a: Togekiss|2\/100\n|-damage|p2b: Murkrow|0 fnt\n|-status|p2a: Togekiss|brn\n|faint|p2b: Murkrow\n|\n|-weather|SunnyDay|[upkeep]\n|-heal|p1a: Shiru|88\/100 par|[from] item: Leftovers\n|-damage|p2a: Togekiss|0 fnt|[from] brn\n|faint|p2a: Togekiss\n|upkeep\n|\n|t:|1696362576\n|switch|p2a: Empoleon|Empoleon, M, shiny|100\/100\n|switch|p2b: Infernape|Infernape, M, shiny|100\/100\n|turn|6\n|\n|t:|1696362597\n|move|p1b: Funny|Shadow Sneak|p2b: Infernape\n|-damage|p2b: Infernape|70\/100\n|move|p2b: Infernape|Fire Punch|p1a: Shiru\n|-resisted|p1a: Shiru\n|-damage|p1a: Shiru|71\/100 par\n|move|p1a: Shiru|Searing Shot|p2a: Empoleon|[spread] p2a,p2b\n|-immune|p1b: Funny|[from] ability: Flash Fire\n|-resisted|p2b: Infernape\n|-damage|p2a: Empoleon|13\/100\n|-damage|p2b: Infernape|0 fnt\n|faint|p2b: Infernape\n|move|p2a: Empoleon|Scald|p1b: Funny\n|-supereffective|p1b: Funny\n|-damage|p1b: Funny|59\/100\n|-enditem|p1b: Funny|Weakness Policy\n|-boost|p1b: Funny|atk|2|[from] item: Weakness Policy\n|-boost|p1b: Funny|spa|2|[from] item: Weakness Policy\n|\n|-weather|SunnyDay|[upkeep]\n|-heal|p1a: Shiru|78\/100 par|[from] item: Leftovers\n|upkeep\n|turn|7\n|inactive|aryyypunk has 120 seconds left.\n|-message|aryyypunk forfeited.\n|\n|win|Electroshibe\n|raw|Electroshibe's rating: 1179 &rarr; <strong>1197<\/strong><br \/>(+18 for winning)\n|raw|aryyypunk's rating: 1084 &rarr; <strong>1067<\/strong><br \/>(-17 for losing)\n|l|\u2606aryyypunk\n","uploadtime":1696362642,"views":9,"p1id":"electroshibe","p2id":"aryyypunk","formatid":"gen9nationaldexdoubles","rating":1067,"private":0,"password":""}