{"id":"gen9nationaldexdoubles-1996666313","p1":"sabertooth290","p2":"El Ryuk456","format":"[Gen 9] National Dex Doubles","log":"|j|\u2606sabertooth290\n|j|\u2606El Ryuk456\n|t:|1700707140\n|gametype|doubles\n|player|p1|sabertooth290|clay|1160\n|player|p2|El Ryuk456|ingo|1288\n|teamsize|p1|6\n|teamsize|p2|6\n|gen|9\n|tier|[Gen 9] National Dex Doubles\n|rated|\n|rule|HP Percentage Mod: HP is shown in percentages\n|rule|Endless Battle Clause: Forcing endless battles is banned\n|rule|OHKO Clause: OHKO moves are banned\n|rule|Evasion Moves Clause: Evasion moves are banned\n|rule|Evasion Abilities Clause: Evasion abilities are banned\n|rule|Species Clause: Limit one of each Pok\u00e9mon\n|rule|Gravity Sleep Clause: The combination of sleep-inducing moves with imperfect accuracy and Gravity or Gigantamax Orbeetle are banned\n|clearpoke\n|poke|p1|Palafin, F|\n|poke|p1|Coalossal, F|\n|poke|p1|Pelipper, F|\n|poke|p1|Torkoal, F|\n|poke|p1|Clodsire, M|\n|poke|p1|Sinistcha|\n|poke|p2|Lucario, M|\n|poke|p2|Ogerpon, F|\n|poke|p2|Tapu Lele|\n|poke|p2|Crobat, F|\n|poke|p2|Tinkaton, F|\n|poke|p2|Luxray, M|\n|teampreview\n|inactive|Battle timer is ON: inactive players will automatically lose when time's up. (requested by sabertooth290)\n|\n|t:|1700707152\n|start\n|switch|p1a: Palafin|Palafin, F|100\/100\n|switch|p1b: Coalossal|Coalossal, F|100\/100\n|switch|p2a: Tinkaton|Tinkaton, F|100\/100\n|switch|p2b: Lucario|Lucario, M|100\/100\n|-ability|p2a: Tinkaton|Mold Breaker\n|turn|1\n|\n|t:|1700707159\n|detailschange|p2b: Lucario|Lucario-Mega, M\n|-mega|p2b: Lucario|Lucario|Lucarionite\n|-terastallize|p1b: Coalossal|Water\n|move|p2a: Tinkaton|Fake Out|p1b: Coalossal\n|-damage|p1b: Coalossal|95\/100\n|move|p1a: Palafin|Jet Punch|p1b: Coalossal\n|-resisted|p1b: Coalossal\n|-damage|p1b: Coalossal|89\/100\n|-ability|p1b: Coalossal|Steam Engine|boost\n|-boost|p1b: Coalossal|spe|6\n|-enditem|p1b: Coalossal|Absorb Bulb\n|-boost|p1b: Coalossal|spa|1|[from] item: Absorb Bulb\n|cant|p1b: Coalossal|flinch\n|move|p2b: Lucario|Aura Sphere|p1b: Coalossal\n|-damage|p1b: Coalossal|42\/100\n|\n|upkeep\n|turn|2\n|\n|t:|1700707177\n|detailschange|p1a: Palafin|Palafin-Hero, F\n|switch|p1a: Torkoal|Torkoal, F|100\/100\n|-weather|SunnyDay|[from] ability: Drought|[of] p1a: Torkoal\n|-terastallize|p2a: Tinkaton|Water\n|move|p2b: Lucario|Protect|p2b: Lucario\n|-singleturn|p2b: Lucario|Protect\n|move|p1b: Coalossal|Heat Wave|p2a: Tinkaton|[spread] p2a\n|-activate|p2b: Lucario|move: Protect\n|-resisted|p2a: Tinkaton\n|-damage|p2a: Tinkaton|84\/100\n|move|p2a: Tinkaton|Rock Tomb|p1b: Coalossal\n|-damage|p1b: Coalossal|33\/100\n|-unboost|p1b: Coalossal|spe|1\n|\n|-weather|SunnyDay|[upkeep]\n|upkeep\n|turn|3\n|\n|t:|1700707200\n|move|p2a: Tinkaton|Feint|p1b: Coalossal\n|-damage|p1b: Coalossal|29\/100\n|move|p2b: Lucario|Vacuum Wave|p1b: Coalossal\n|-damage|p1b: Coalossal|4\/100\n|move|p1b: Coalossal|Solar Beam||[still]\n|-prepare|p1b: Coalossal|Solar Beam\n|-anim|p1b: Coalossal|Solar Beam|p2a: Tinkaton\n|-supereffective|p2a: Tinkaton\n|-damage|p2a: Tinkaton|33\/100\n|move|p1a: Torkoal|Yawn|p2b: Lucario\n|-start|p2b: Lucario|move: Yawn|[of] p1a: Torkoal\n|\n|-weather|SunnyDay|[upkeep]\n|upkeep\n|turn|4\n|\n|t:|1700707216\n|switch|p2b: Tapu Lele|Tapu Lele, shiny|100\/100\n|-fieldstart|move: Psychic Terrain|[from] ability: Psychic Surge|[of] p2b: Tapu Lele\n|move|p2a: Tinkaton|Feint|p1b: Coalossal\n|-activate|p1b: Coalossal|move: Psychic Terrain\n|move|p1b: Coalossal|Solar Beam||[still]\n|-prepare|p1b: Coalossal|Solar Beam\n|-anim|p1b: Coalossal|Solar Beam|p2a: Tinkaton\n|-supereffective|p2a: Tinkaton\n|-damage|p2a: Tinkaton|0 fnt\n|faint|p2a: Tinkaton\n|move|p1a: Torkoal|Yawn|p2b: Tapu Lele\n|-start|p2b: Tapu Lele|move: Yawn|[of] p1a: Torkoal\n|\n|-weather|SunnyDay|[upkeep]\n|upkeep\n|\n|t:|1700707235\n|switch|p2a: Luxray|Luxray, M|100\/100\n|-ability|p2a: Luxray|Intimidate|boost\n|-unboost|p1a: Torkoal|atk|1\n|-unboost|p1b: Coalossal|atk|1\n|turn|5\n|\n|t:|1700707240\n|move|p1b: Coalossal|Heat Wave|p2b: Tapu Lele|[spread] p2a,p2b\n|-damage|p2a: Luxray|50\/100\n|-damage|p2b: Tapu Lele|47\/100\n|-zpower|p2b: Tapu Lele\n|move|p2b: Tapu Lele|Shattered Psyche|p1a: Torkoal|[zeffect]\n|-damage|p1a: Torkoal|0 fnt\n|faint|p1a: Torkoal\n|move|p2a: Luxray|Snarl|p1b: Coalossal\n|-damage|p1b: Coalossal|0 fnt\n|faint|p1b: Coalossal\n|\n|-weather|SunnyDay|[upkeep]\n|-end|p2b: Tapu Lele|move: Yawn|[silent]\n|-status|p2b: Tapu Lele|slp\n|upkeep\n|\n|t:|1700707255\n|switch|p1b: Palafin|Palafin-Hero, F|100\/100\n|switch|p1a: Pelipper|Pelipper, F|100\/100\n|-activate|p1b: Palafin|ability: Zero to Hero\n|-weather|RainDance|[from] ability: Drizzle|[of] p1a: Pelipper\n|turn|6\n|\n|t:|1700707264\n|switch|p2a: Ogerpon|Ogerpon, F|100\/100\n|move|p1b: Palafin|Jet Punch|p2a: Ogerpon\n|-activate|p2a: Ogerpon|move: Psychic Terrain\n|cant|p2b: Tapu Lele|slp\n|move|p1a: Pelipper|Tailwind|p1a: Pelipper\n|-sidestart|p1: sabertooth290|move: Tailwind\n|\n|-weather|RainDance|[upkeep]\n|upkeep\n|turn|7\n|\n|t:|1700707279\n|switch|p1b: Clodsire|Clodsire, M|100\/100\n|move|p2a: Ogerpon|Spiky Shield|p2a: Ogerpon\n|-singleturn|p2a: Ogerpon|move: Protect\n|move|p1a: Pelipper|Hurricane|p2a: Ogerpon\n|-activate|p2a: Ogerpon|move: Protect\n|-curestatus|p2b: Tapu Lele|slp|[msg]\n|move|p2b: Tapu Lele|Psychic|p1a: Pelipper\n|-damage|p1a: Pelipper|26\/100\n|-unboost|p1a: Pelipper|spd|1\n|\n|-weather|RainDance|[upkeep]\n|-heal|p1a: Pelipper|33\/100|[from] item: Leftovers\n|upkeep\n|turn|8\n|\n|t:|1700707291\n|switch|p2a: Crobat|Crobat, F, shiny|100\/100\n|move|p2b: Tapu Lele|Protect|p2b: Tapu Lele\n|-singleturn|p2b: Tapu Lele|Protect\n|move|p1a: Pelipper|Hurricane|p2a: Crobat\n|-damage|p2a: Crobat|58\/100\n|-start|p2a: Crobat|confusion\n|move|p1b: Clodsire|Liquidation|p2b: Tapu Lele\n|-activate|p2b: Tapu Lele|move: Protect\n|\n|-weather|RainDance|[upkeep]\n|-heal|p1a: Pelipper|39\/100|[from] item: Leftovers\n|-fieldend|move: Psychic Terrain\n|upkeep\n|turn|9\n|\n|t:|1700707311\n|switch|p2b: Ogerpon|Ogerpon, F|100\/100\n|-activate|p2a: Crobat|confusion\n|move|p2a: Crobat|Tailwind|p2a: Crobat\n|-sidestart|p2: El Ryuk456|move: Tailwind\n|move|p1a: Pelipper|Ice Beam|p2a: Crobat\n|-supereffective|p2a: Crobat\n|-damage|p2a: Crobat|9\/100\n|move|p1b: Clodsire|Liquidation|p2b: Ogerpon\n|-resisted|p2b: Ogerpon\n|-damage|p2b: Ogerpon|91\/100\n|\n|-weather|RainDance|[upkeep]\n|-heal|p1a: Pelipper|45\/100|[from] item: Leftovers\n|-sideend|p1: sabertooth290|move: Tailwind\n|upkeep\n|turn|10\n|\n|t:|1700707325\n|-activate|p2a: Crobat|confusion\n|move|p2a: Crobat|Snatch|p2a: Crobat\n|-singleturn|p2a: Crobat|Snatch\n|move|p2b: Ogerpon|Ivy Cudgel|p1a: Pelipper\n|-damage|p1a: Pelipper|9\/100\n|move|p1a: Pelipper|Tailwind|p1a: Pelipper\n|-activate|p2a: Crobat|move: Snatch|[of] p1a: Pelipper\n|move|p2a: Crobat|Tailwind||[from]Snatch|[still]\n|-fail|p2a: Crobat\n|move|p1b: Clodsire|Toxic|p2b: Ogerpon\n|-status|p2b: Ogerpon|tox\n|\n|-weather|none\n|-heal|p1a: Pelipper|15\/100|[from] item: Leftovers\n|-damage|p2b: Ogerpon|85\/100 tox|[from] psn\n|upkeep\n|turn|11\n|\n|t:|1700707346\n|-activate|p2a: Crobat|confusion\n|-damage|p2a: Crobat|1\/100|[from] confusion\n|move|p2b: Ogerpon|Ivy Cudgel|p1a: Pelipper\n|-damage|p1a: Pelipper|0 fnt\n|faint|p1a: Pelipper\n|move|p1b: Clodsire|Body Slam|p2b: Ogerpon\n|-damage|p2b: Ogerpon|72\/100 tox\n|\n|-damage|p2b: Ogerpon|60\/100 tox|[from] psn\n|upkeep\n|\n|t:|1700707360\n|switch|p1a: Sinistcha|Sinistcha|100\/100\n|turn|12\n|\n|t:|1700707373\n|move|p2b: Ogerpon|Helping Hand|p2a: Crobat\n|-singleturn|p2a: Crobat|Helping Hand|[of] p2b: Ogerpon\n|-end|p2a: Crobat|confusion\n|move|p2a: Crobat|Brave Bird|p1a: Sinistcha\n|-supereffective|p1a: Sinistcha\n|-damage|p1a: Sinistcha|9\/100\n|-damage|p2a: Crobat|0 fnt|[from] Recoil\n|faint|p2a: Crobat\n|move|p1a: Sinistcha|Matcha Gotcha|p2b: Ogerpon|[miss]\n|-miss|p1a: Sinistcha|p2b: Ogerpon\n|move|p1b: Clodsire|Body Slam|p2b: Ogerpon\n|-damage|p2b: Ogerpon|47\/100 tox\n|-enditem|p2b: Ogerpon|Sitrus Berry|[eat]\n|-heal|p2b: Ogerpon|72\/100 tox|[from] item: Sitrus Berry\n|\n|-heal|p1a: Sinistcha|15\/100|[from] item: Leftovers\n|-damage|p2b: Ogerpon|54\/100 tox|[from] psn\n|-sideend|p2: El Ryuk456|move: Tailwind\n|upkeep\n|\n|t:|1700707385\n|switch|p2a: Tapu Lele|Tapu Lele, shiny|47\/100\n|-fieldstart|move: Psychic Terrain|[from] ability: Psychic Surge|[of] p2a: Tapu Lele\n|turn|13\n|\n|t:|1700707396\n|switch|p1a: Palafin|Palafin-Hero, F|100\/100\n|move|p2b: Ogerpon|Ivy Cudgel|p1a: Palafin\n|-supereffective|p1a: Palafin\n|-damage|p1a: Palafin|27\/100\n|move|p2a: Tapu Lele|Psychic|p1b: Clodsire\n|-supereffective|p1b: Clodsire\n|-damage|p1b: Clodsire|20\/100\n|move|p1b: Clodsire|Earthquake|p2a: Tapu Lele|[spread] p1a,p2a,p2b\n|-resisted|p2b: Ogerpon\n|-damage|p1a: Palafin|8\/100\n|-damage|p2a: Tapu Lele|22\/100\n|-damage|p2b: Ogerpon|46\/100 tox\n|-enditem|p1a: Palafin|Liechi Berry|[eat]\n|-boost|p1a: Palafin|atk|1|[from] item: Liechi Berry\n|\n|-heal|p1b: Clodsire|27\/100|[from] item: Leftovers\n|-damage|p2b: Ogerpon|22\/100 tox|[from] psn\n|upkeep\n|turn|14\n|\n|t:|1700707412\n|move|p2b: Ogerpon|Follow Me|p2b: Ogerpon\n|-singleturn|p2b: Ogerpon|move: Follow Me\n|move|p1a: Palafin|Jet Punch|p2b: Ogerpon\n|-activate|p2b: Ogerpon|move: Psychic Terrain\n|move|p2a: Tapu Lele|Dazzling Gleam|p1a: Palafin|[spread] p1a,p1b\n|-resisted|p1b: Clodsire\n|-damage|p1a: Palafin|0 fnt\n|-damage|p1b: Clodsire|16\/100\n|faint|p1a: Palafin\n|move|p1b: Clodsire|Earthquake|p2b: Ogerpon|[spread] p2a,p2b\n|-resisted|p2b: Ogerpon\n|-damage|p2a: Tapu Lele|0 fnt\n|-damage|p2b: Ogerpon|14\/100 tox\n|faint|p2a: Tapu Lele\n|\n|-heal|p1b: Clodsire|22\/100|[from] item: Leftovers\n|-damage|p2b: Ogerpon|0 fnt|[from] psn\n|faint|p2b: Ogerpon\n|upkeep\n|\n|t:|1700707420\n|switch|p1a: Sinistcha|Sinistcha|15\/100\n|switch|p2b: Lucario|Lucario-Mega, M|100\/100\n|switch|p2a: Luxray|Luxray, M|50\/100\n|-ability|p2a: Luxray|Intimidate|boost\n|-unboost|p1a: Sinistcha|atk|1\n|-unboost|p1b: Clodsire|atk|1\n|-heal|p1b: Clodsire|47\/100|[from] ability: Hospitality|[of] p1a: Sinistcha\n|turn|15\n|\n|t:|1700707427\n|move|p2b: Lucario|Flash Cannon|p1b: Clodsire\n|-damage|p1b: Clodsire|10\/100\n|move|p2a: Luxray|Snarl|p1b: Clodsire|[spread] p1a,p1b\n|-supereffective|p1a: Sinistcha\n|-damage|p1a: Sinistcha|0 fnt\n|-damage|p1b: Clodsire|4\/100\n|-unboost|p1b: Clodsire|spa|1\n|faint|p1a: Sinistcha\n|move|p1b: Clodsire|Toxic|p2a: Luxray\n|-status|p2a: Luxray|tox\n|\n|-heal|p1b: Clodsire|10\/100|[from] item: Leftovers\n|-damage|p2a: Luxray|44\/100 tox|[from] psn\n|upkeep\n|turn|16\n|\n|t:|1700707439\n|move|p2a: Luxray|Helping Hand|p2b: Lucario\n|-singleturn|p2b: Lucario|Helping Hand|[of] p2a: Luxray\n|move|p2b: Lucario|Flash Cannon|p1b: Clodsire\n|-damage|p1b: Clodsire|0 fnt\n|faint|p1b: Clodsire\n|\n|win|El Ryuk456\n|raw|sabertooth290's rating: 1160 &rarr; <strong>1144<\/strong><br \/>(-16 for losing)\n|raw|El Ryuk456's rating: 1288 &rarr; <strong>1304<\/strong><br \/>(+16 for winning)\n|l|\u2606sabertooth290\n","uploadtime":1700707450,"views":1,"p1id":"sabertooth290","p2id":"elryuk456","formatid":"gen9nationaldexdoubles","rating":1144,"private":0,"password":""}