{"id":"gen9nationaldexdoubles-1983984853","p1":"sb kky","p2":"zeref203","format":"[Gen 9] National Dex Doubles","log":"|j|\u2606sb kky\n|j|\u2606zeref203\n|t:|1699206890\n|gametype|doubles\n|player|p1|sb kky|cynthia|1430\n|player|p2|zeref203|170|1312\n|teamsize|p1|6\n|teamsize|p2|6\n|gen|9\n|tier|[Gen 9] National Dex Doubles\n|rated|\n|rule|HP Percentage Mod: HP is shown in percentages\n|rule|Endless Battle Clause: Forcing endless battles is banned\n|rule|OHKO Clause: OHKO moves are banned\n|rule|Evasion Moves Clause: Evasion moves are banned\n|rule|Evasion Abilities Clause: Evasion abilities are banned\n|rule|Species Clause: Limit one of each Pok\u00e9mon\n|rule|Gravity Sleep Clause: The combination of sleep-inducing moves with imperfect accuracy and Gravity or Gigantamax Orbeetle are banned\n|clearpoke\n|poke|p1|Oranguru, M|\n|poke|p1|Indeedee, M|\n|poke|p1|Chi-Yu|\n|poke|p1|Lucario, M|\n|poke|p1|Flutter Mane|\n|poke|p1|Iron Bundle|\n|poke|p2|Feraligatr, M|\n|poke|p2|Krookodile, F|\n|poke|p2|Flamigo, F|\n|poke|p2|Sandaconda, F|\n|poke|p2|Iron Valiant|\n|poke|p2|Fezandipiti, M|\n|teampreview\n|inactive|Battle timer is ON: inactive players will automatically lose when time's up. (requested by zeref203)\n|inactive|sb kky also wants the timer to be on.\n|j| Sir.TweaksALot\n|\n|t:|1699206909\n|start\n|switch|p1a: Iron Bundle|Iron Bundle, shiny|100\/100\n|switch|p1b: Flutter Mane|Flutter Mane|100\/100\n|switch|p2a: Peacockatu|Fezandipiti, M|100\/100\n|switch|p2b: Krikey|Krookodile, F|100\/100\n|-enditem|p1a: Iron Bundle|Booster Energy\n|-activate|p1a: Iron Bundle|ability: Quark Drive|[fromitem]\n|-start|p1a: Iron Bundle|quarkdrivespe\n|turn|1\n|\n|t:|1699206927\n|move|p2b: Krikey|Protect|p2b: Krikey\n|-singleturn|p2b: Krikey|Protect\n|move|p1a: Iron Bundle|Icy Wind|p2b: Krikey|[spread] p2a\n|-activate|p2b: Krikey|move: Protect\n|-damage|p2a: Peacockatu|83\/100\n|-unboost|p2a: Peacockatu|spe|1\n|move|p1b: Flutter Mane|Dazzling Gleam|p2a: Peacockatu|[spread] p2a\n|-activate|p2b: Krikey|move: Protect\n|-resisted|p2a: Peacockatu\n|-crit|p2a: Peacockatu\n|-damage|p2a: Peacockatu|48\/100\n|move|p2a: Peacockatu|Lash Out|p1b: Flutter Mane\n|-damage|p1b: Flutter Mane|30\/100\n|\n|-heal|p2a: Peacockatu|54\/100|[from] item: Leftovers\n|upkeep\n|turn|2\n|l| Sir.TweaksALot\n|\n|t:|1699206952\n|move|p1a: Iron Bundle|Freeze-Dry|p2a: Peacockatu\n|-crit|p2a: Peacockatu\n|-damage|p2a: Peacockatu|10\/100\n|move|p1b: Flutter Mane|Dazzling Gleam|p2a: Peacockatu|[spread] p2a,p2b\n|-resisted|p2a: Peacockatu\n|-supereffective|p2b: Krikey\n|-damage|p2a: Peacockatu|0 fnt\n|-damage|p2b: Krikey|3\/100\n|faint|p2a: Peacockatu\n|move|p2b: Krikey|Earthquake|p1b: Flutter Mane|[spread] p1a,p1b\n|-crit|p1a: Iron Bundle\n|-damage|p1a: Iron Bundle|44\/100\n|-damage|p1b: Flutter Mane|0 fnt\n|faint|p1b: Flutter Mane\n|-end|p1b: Flutter Mane|Protosynthesis|[silent]\n|-ability|p2b: Krikey|Moxie|boost\n|-boost|p2b: Krikey|atk|1\n|\n|upkeep\n|\n|t:|1699206969\n|switch|p1b: Lucario|Lucario, M, shiny|100\/100\n|switch|p2a: Shrimpbreath|Flamigo, F, shiny|100\/100\n|-copyboost|p2a: Shrimpbreath|p2b: Krikey|[from] ability: Costar\n|turn|3\n|\n|t:|1699206991\n|detailschange|p1b: Lucario|Lucario-Mega, M, shiny\n|-mega|p1b: Lucario|Lucario|Lucarionite\n|move|p2b: Krikey|Protect|p2b: Krikey\n|-singleturn|p2b: Krikey|Protect\n|move|p1b: Lucario|Bullet Punch|p2a: Shrimpbreath\n|-damage|p2a: Shrimpbreath|60\/100\n|move|p1a: Iron Bundle|Icy Wind|p2b: Krikey|[spread] p2a\n|-activate|p2b: Krikey|move: Protect\n|-supereffective|p2a: Shrimpbreath\n|-damage|p2a: Shrimpbreath|0 fnt\n|faint|p2a: Shrimpbreath\n|\n|upkeep\n|\n|t:|1699207005\n|switch|p2a: Flawda man|Iron Valiant|100\/100\n|-enditem|p2a: Flawda man|Booster Energy\n|-activate|p2a: Flawda man|ability: Quark Drive|[fromitem]\n|-start|p2a: Flawda man|quarkdrivespe\n|turn|4\n|\n|t:|1699207017\n|move|p2a: Flawda man|Wide Guard|p2a: Flawda man\n|-singleturn|p2a: Flawda man|Wide Guard\n|move|p1b: Lucario|Bullet Punch|p2a: Flawda man\n|-supereffective|p2a: Flawda man\n|-damage|p2a: Flawda man|23\/100\n|move|p1a: Iron Bundle|Icy Wind|p2a: Flawda man|[spread] \n|-activate|p2a: Flawda man|move: Wide Guard\n|-activate|p2b: Krikey|move: Wide Guard\n|move|p2b: Krikey|Earthquake|p1b: Lucario|[spread] p1a,p1b\n|-activate|p2a: Flawda man|move: Wide Guard\n|-supereffective|p1b: Lucario\n|-crit|p1b: Lucario\n|-damage|p1a: Iron Bundle|0 fnt\n|-damage|p1b: Lucario|0 fnt\n|faint|p1a: Iron Bundle\n|-end|p1a: Iron Bundle|Quark Drive|[silent]\n|faint|p1b: Lucario\n|-ability|p2b: Krikey|Moxie|boost\n|-boost|p2b: Krikey|atk|2\n|\n|upkeep\n|\n|t:|1699207031\n|switch|p1a: Indeedee|Indeedee, M|100\/100\n|switch|p1b: Chi-Yu|Chi-Yu|100\/100\n|-ability|p1b: Chi-Yu|Beads of Ruin\n|-fieldstart|move: Psychic Terrain|[from] ability: Psychic Surge|[of] p1a: Indeedee\n|turn|5\n|\n|t:|1699207045\n|move|p2a: Flawda man|Wide Guard|p2a: Flawda man\n|-singleturn|p2a: Flawda man|Wide Guard\n|move|p1b: Chi-Yu|Dark Pulse|p2a: Flawda man\n|-resisted|p2a: Flawda man\n|-damage|p2a: Flawda man|0 fnt\n|faint|p2a: Flawda man\n|-end|p2a: Flawda man|Quark Drive|[silent]\n|move|p1a: Indeedee|Dazzling Gleam|p2b: Krikey\n|-activate|p2b: Krikey|move: Wide Guard\n|move|p2b: Krikey|Earthquake|p1b: Chi-Yu|[spread] p1a,p1b\n|-supereffective|p1b: Chi-Yu\n|-damage|p1a: Indeedee|0 fnt\n|-damage|p1b: Chi-Yu|0 fnt\n|faint|p1a: Indeedee\n|faint|p1b: Chi-Yu\n|-ability|p2b: Krikey|Moxie|boost\n|-boost|p2b: Krikey|atk|2\n|\n|upkeep\n|-message|sb kky forfeited.\n|\n|win|zeref203\n|raw|sb kky's rating: 1430 &rarr; <strong>1403<\/strong><br \/>(-27 for losing)\n|raw|zeref203's rating: 1312 &rarr; <strong>1339<\/strong><br \/>(+27 for winning)\n","uploadtime":1699207065,"views":7,"p1id":"sbkky","p2id":"zeref203","formatid":"gen9nationaldexdoubles","rating":1339,"private":0,"password":""}