{"id":"gen9nationaldexdoubles-1962642391","p1":"AdvancedDigit","p2":"LeChaelum","format":"[Gen 9] National Dex Doubles","log":"|j|\u2606AdvancedDigit\n|j|\u2606LeChaelum\n|t:|1696777870\n|gametype|doubles\n|player|p1|AdvancedDigit|hilbert|1295\n|player|p2|LeChaelum|schoolkid-gen4|1397\n|teamsize|p1|6\n|teamsize|p2|6\n|gen|9\n|tier|[Gen 9] National Dex Doubles\n|rated|\n|rule|HP Percentage Mod: HP is shown in percentages\n|rule|Endless Battle Clause: Forcing endless battles is banned\n|rule|OHKO Clause: OHKO moves are banned\n|rule|Evasion Moves Clause: Evasion moves are banned\n|rule|Evasion Abilities Clause: Evasion abilities are banned\n|rule|Species Clause: Limit one of each Pok\u00e9mon\n|rule|Gravity Sleep Clause: The combination of sleep-inducing moves with imperfect accuracy and Gravity or Gigantamax Orbeetle are banned\n|clearpoke\n|poke|p1|Crawdaunt, M|\n|poke|p1|Mr. Mime, F|\n|poke|p1|Maushold-Four|\n|poke|p1|Sableye, M|\n|poke|p1|Amoonguss, M|\n|poke|p1|Clefable, F|\n|poke|p2|Charizard, M|\n|poke|p2|Roaring Moon|\n|poke|p2|Incineroar, M|\n|poke|p2|Vivillon-River, M|\n|poke|p2|Oricorio-Sensu, M|\n|poke|p2|Lilligant-Hisui, F|\n|teampreview\n|\n|t:|1696777881\n|start\n|switch|p1a: Sableye|Sableye, M|100\/100\n|switch|p1b: Clefable|Clefable, F|100\/100\n|switch|p2a: Lilligant|Lilligant-Hisui, F|100\/100\n|switch|p2b: Oricorio|Oricorio-Sensu, M|100\/100\n|turn|1\n|\n|t:|1696777895\n|move|p1a: Sableye|Fake Out|p2a: Lilligant\n|-damage|p2a: Lilligant|90\/100\n|move|p2a: Lilligant|Leaf Blade|p1a: Sableye\n|-damage|p1a: Sableye|64\/100\n|move|p2b: Oricorio|Revelation Dance|p1a: Sableye\n|-damage|p1a: Sableye|0 fnt\n|faint|p1a: Sableye\n|move|p1b: Clefable|Moonblast|p2a: Lilligant\n|-supereffective|p2a: Lilligant\n|-damage|p2a: Lilligant|0 fnt\n|faint|p2a: Lilligant\n|\n|upkeep\n|\n|t:|1696777907\n|switch|p2a: Vivillon|Vivillon-River, M|100\/100\n|switch|p1a: Crawdaunt|Crawdaunt, M|100\/100\n|turn|2\n|\n|t:|1696777912\n|move|p1b: Clefable|Follow Me|p1b: Clefable\n|-singleturn|p1b: Clefable|move: Follow Me\n|move|p2a: Vivillon|Quiver Dance|p2a: Vivillon\n|-boost|p2a: Vivillon|spa|1\n|-boost|p2a: Vivillon|spd|1\n|-boost|p2a: Vivillon|spe|1\n|-activate|p2b: Oricorio|ability: Dancer\n|move|p2b: Oricorio|Quiver Dance|p2b: Oricorio|[from]ability: Dancer\n|-boost|p2b: Oricorio|spa|1\n|-boost|p2b: Oricorio|spd|1\n|-boost|p2b: Oricorio|spe|1\n|move|p2b: Oricorio|Baton Pass|p2b: Oricorio\n|\n|t:|1696777927\n|switch|p2b: Incineroar|Incineroar, M|100\/100|[from] Baton Pass\n|-ability|p2b: Incineroar|Intimidate|boost\n|-unboost|p1a: Crawdaunt|atk|1\n|-unboost|p1b: Clefable|atk|1\n|move|p1a: Crawdaunt|Swords Dance|p1a: Crawdaunt\n|-boost|p1a: Crawdaunt|atk|2\n|\n|upkeep\n|turn|3\n|\n|t:|1696777953\n|-terastallize|p1a: Crawdaunt|Water\n|move|p1b: Clefable|Follow Me|p1b: Clefable\n|-singleturn|p1b: Clefable|move: Follow Me\n|move|p1a: Crawdaunt|Aqua Jet|p2b: Incineroar\n|-supereffective|p2b: Incineroar\n|-damage|p2b: Incineroar|16\/100\n|-enditem|p2b: Incineroar|Weakness Policy\n|-boost|p2b: Incineroar|atk|2|[from] item: Weakness Policy\n|-boost|p2b: Incineroar|spa|2|[from] item: Weakness Policy\n|move|p2a: Vivillon|Sleep Powder|p1b: Clefable\n|-status|p1b: Clefable|slp|[from] move: Sleep Powder\n|move|p2b: Incineroar|Flare Blitz|p1b: Clefable\n|-damage|p1b: Clefable|39\/100 slp\n|-damage|p2b: Incineroar|0 fnt|[from] Recoil\n|faint|p2b: Incineroar\n|\n|-heal|p1b: Clefable|45\/100 slp|[from] item: Leftovers\n|upkeep\n|\n|t:|1696777972\n|switch|p2b: Charizard|Charizard, M|100\/100\n|turn|4\n|\n|t:|1696777995\n|switch|p1b: Mr. Mime|Mr. Mime, F|100\/100\n|detailschange|p2b: Charizard|Charizard-Mega-Y, M\n|-mega|p2b: Charizard|Charizard|Charizardite Y\n|-weather|SunnyDay|[from] ability: Drought|[of] p2b: Charizard\n|move|p2b: Charizard|Protect|p2b: Charizard\n|-singleturn|p2b: Charizard|Protect\n|move|p2a: Vivillon|Sleep Powder|p1a: Crawdaunt|[miss]\n|-miss|p2a: Vivillon|p1a: Crawdaunt\n|move|p1a: Crawdaunt|Waterfall|p2a: Vivillon\n|-enditem|p2a: Vivillon|Focus Sash\n|-damage|p2a: Vivillon|1\/100\n|\n|-weather|SunnyDay|[upkeep]\n|upkeep\n|turn|5\n|c|\u2606AdvancedDigit|omg\n|\n|t:|1696778018\n|move|p1b: Mr. Mime|Fake Out|p2a: Vivillon\n|-damage|p2a: Vivillon|0 fnt\n|faint|p2a: Vivillon\n|move|p1a: Crawdaunt|Aqua Jet|p2b: Charizard\n|-supereffective|p2b: Charizard\n|-damage|p2b: Charizard|21\/100\n|move|p2b: Charizard|Heat Wave|p1b: Mr. Mime|[spread] p1a,p1b\n|-resisted|p1a: Crawdaunt\n|-damage|p1a: Crawdaunt|45\/100\n|-damage|p1b: Mr. Mime|32\/100\n|\n|-weather|SunnyDay|[upkeep]\n|-heal|p1b: Mr. Mime|38\/100|[from] item: Leftovers\n|upkeep\n|\n|t:|1696778023\n|switch|p2a: Roaring Moon|Roaring Moon|100\/100\n|-activate|p2a: Roaring Moon|ability: Protosynthesis\n|-start|p2a: Roaring Moon|protosynthesisatk\n|turn|6\n|c|\u2606AdvancedDigit|thank arceus\n|\n|t:|1696778067\n|move|p2b: Charizard|Protect|p2b: Charizard\n|-singleturn|p2b: Charizard|Protect\n|move|p1b: Mr. Mime|Wide Guard|p1b: Mr. Mime\n|-singleturn|p1b: Mr. Mime|Wide Guard\n|move|p2a: Roaring Moon|Earthquake|p1a: Crawdaunt|[spread] \n|-activate|p1a: Crawdaunt|move: Wide Guard\n|-activate|p1b: Mr. Mime|move: Wide Guard\n|-activate|p2b: Charizard|move: Protect\n|move|p1a: Crawdaunt|Waterfall|p2a: Roaring Moon\n|-resisted|p2a: Roaring Moon\n|-damage|p2a: Roaring Moon|61\/100\n|\n|-weather|SunnyDay|[upkeep]\n|-heal|p1b: Mr. Mime|44\/100|[from] item: Leftovers\n|upkeep\n|turn|7\n|\n|t:|1696778084\n|switch|p2b: Oricorio|Oricorio-Sensu, M|100\/100\n|move|p1b: Mr. Mime|Follow Me|p1b: Mr. Mime\n|-singleturn|p1b: Mr. Mime|move: Follow Me\n|move|p1a: Crawdaunt|Aqua Jet|p2b: Oricorio\n|-damage|p2b: Oricorio|56\/100\n|move|p2a: Roaring Moon|Dragon Claw|p1b: Mr. Mime\n|-immune|p1b: Mr. Mime\n|\n|-weather|SunnyDay|[upkeep]\n|-heal|p1b: Mr. Mime|50\/100|[from] item: Leftovers\n|upkeep\n|turn|8\n|\n|t:|1696778101\n|move|p2a: Roaring Moon|Protect|p2a: Roaring Moon\n|-singleturn|p2a: Roaring Moon|Protect\n|move|p1b: Mr. Mime|Wide Guard|p1b: Mr. Mime\n|-singleturn|p1b: Mr. Mime|Wide Guard\n|move|p2b: Oricorio|Revelation Dance|p1b: Mr. Mime\n|-supereffective|p1b: Mr. Mime\n|-damage|p1b: Mr. Mime|0 fnt\n|faint|p1b: Mr. Mime\n|move|p1a: Crawdaunt|Waterfall|p2a: Roaring Moon\n|-activate|p2a: Roaring Moon|move: Protect\n|\n|-weather|none\n|-end|p2a: Roaring Moon|Protosynthesis\n|upkeep\n|\n|t:|1696778125\n|switch|p1b: Maushold|Maushold-Four|100\/100\n|turn|9\n|\n|t:|1696778154\n|switch|p2b: Charizard|Charizard-Mega-Y, M|21\/100\n|-weather|SunnyDay|[from] ability: Drought|[of] p2b: Charizard\n|-activate|p2a: Roaring Moon|ability: Protosynthesis\n|-start|p2a: Roaring Moon|protosynthesisatk\n|move|p1a: Crawdaunt|Aqua Jet|p2a: Roaring Moon\n|-resisted|p2a: Roaring Moon\n|-damage|p2a: Roaring Moon|42\/100\n|move|p2a: Roaring Moon|Earthquake|p1a: Crawdaunt|[spread] p1a,p1b\n|-immune|p2b: Charizard\n|-damage|p1a: Crawdaunt|1\/100\n|-damage|p1b: Maushold|41\/100\n|-damage|p2a: Roaring Moon|32\/100|[from] item: Life Orb\n|move|p1b: Maushold|Population Bomb|p2a: Roaring Moon\n|-damage|p2a: Roaring Moon|24\/100\n|-damage|p2a: Roaring Moon|17\/100\n|-damage|p2a: Roaring Moon|10\/100\n|-damage|p2a: Roaring Moon|3\/100\n|-crit|p2a: Roaring Moon\n|-damage|p2a: Roaring Moon|0 fnt\n|faint|p2a: Roaring Moon\n|-end|p2a: Roaring Moon|Protosynthesis|[silent]\n|-hitcount|p2: Roaring Moon|5\n|\n|-weather|SunnyDay|[upkeep]\n|-heal|p1b: Maushold|47\/100|[from] item: Leftovers\n|upkeep\n|\n|t:|1696778177\n|switch|p2a: Oricorio|Oricorio-Sensu, M|56\/100\n|turn|10\n|\n|t:|1696778193\n|move|p1b: Maushold|Follow Me|p1b: Maushold\n|-singleturn|p1b: Maushold|move: Follow Me\n|move|p1a: Crawdaunt|Aqua Jet|p2b: Charizard\n|-supereffective|p2b: Charizard\n|-damage|p2b: Charizard|0 fnt\n|faint|p2b: Charizard\n|move|p2a: Oricorio|Quiver Dance|p2a: Oricorio\n|-boost|p2a: Oricorio|spa|1\n|-boost|p2a: Oricorio|spd|1\n|-boost|p2a: Oricorio|spe|1\n|\n|-weather|SunnyDay|[upkeep]\n|-heal|p1b: Maushold|54\/100|[from] item: Leftovers\n|upkeep\n|turn|11\n|\n|t:|1696778211\n|move|p1b: Maushold|Follow Me|p1b: Maushold\n|-singleturn|p1b: Maushold|move: Follow Me\n|move|p2a: Oricorio|Revelation Dance|p1b: Maushold\n|-immune|p1b: Maushold\n|move|p1a: Crawdaunt|Knock Off|p2a: Oricorio\n|-supereffective|p2a: Oricorio\n|-damage|p2a: Oricorio|0 fnt\n|-enditem|p2a: Oricorio|Focus Sash|[from] move: Knock Off|[of] p1a: Crawdaunt\n|faint|p2a: Oricorio\n|\n|win|AdvancedDigit\n|raw|AdvancedDigit's rating: 1295 &rarr; <strong>1327<\/strong><br \/>(+32 for winning)\n|raw|LeChaelum's rating: 1397 &rarr; <strong>1371<\/strong><br \/>(-26 for losing)\n|c|\u2606AdvancedDigit|gg\n|c|\u2606LeChaelum|gg\n","uploadtime":1696778221,"views":9,"p1id":"advanceddigit","p2id":"lechaelum","formatid":"gen9nationaldexdoubles","rating":1327,"private":0,"password":""}