{"id":"gen9nationaldexdoubles-1971548403","p1":"ElectroShibe","p2":"fumbari 24","format":"[Gen 9] National Dex Doubles","log":"|j|\u2606ElectroShibe\n|j|\u2606fumbari 24\n|t:|1697747408\n|gametype|doubles\n|player|p1|ElectroShibe|1|1192\n|player|p2|fumbari 24|hilbert|1377\n|teamsize|p1|6\n|teamsize|p2|6\n|gen|9\n|tier|[Gen 9] National Dex Doubles\n|rated|\n|rule|HP Percentage Mod: HP is shown in percentages\n|rule|Endless Battle Clause: Forcing endless battles is banned\n|rule|OHKO Clause: OHKO moves are banned\n|rule|Evasion Moves Clause: Evasion moves are banned\n|rule|Evasion Abilities Clause: Evasion abilities are banned\n|rule|Species Clause: Limit one of each Pok\u00e9mon\n|rule|Gravity Sleep Clause: The combination of sleep-inducing moves with imperfect accuracy and Gravity or Gigantamax Orbeetle are banned\n|clearpoke\n|poke|p1|Ninetales, M|\n|poke|p1|Ceruledge, F|\n|poke|p1|Arcanine-Hisui, F|\n|poke|p1|Eevee, F|\n|poke|p1|Amoonguss, M|\n|poke|p1|Victini|\n|poke|p2|Alakazam, M|\n|poke|p2|Indeedee-F, F|\n|poke|p2|Meowscarada, M|\n|poke|p2|Suicune|\n|poke|p2|Garchomp, M|\n|poke|p2|Blastoise, M|\n|teampreview\n|\n|t:|1697747422\n|start\n|switch|p1a: Ninetales|Ninetales, M|100\/100\n|switch|p1b: Victini|Victini|100\/100\n|switch|p2a: Indeedee|Indeedee-F, F|100\/100\n|switch|p2b: Delusion|Alakazam, M|100\/100\n|-weather|SunnyDay|[from] ability: Drought|[of] p1a: Ninetales\n|-fieldstart|move: Psychic Terrain|[from] ability: Psychic Surge|[of] p2a: Indeedee\n|-enditem|p2a: Indeedee|Psychic Seed\n|-boost|p2a: Indeedee|spd|1|[from] item: Psychic Seed\n|turn|1\n|\n|t:|1697747431\n|detailschange|p2b: Delusion|Alakazam-Mega, M\n|-mega|p2b: Delusion|Alakazam|Alakazite\n|-ability|p2b: Delusion|Victory Star|[from] ability: Trace|[of] p1b: Victini\n|move|p2a: Indeedee|Follow Me|p2a: Indeedee\n|-singleturn|p2a: Indeedee|move: Follow Me\n|move|p2b: Delusion|Expanding Force|p1b: Victini|[spread] p1a,p1b\n|-resisted|p1b: Victini\n|-damage|p1a: Ninetales|19\/100\n|-damage|p1b: Victini|64\/100\n|move|p1a: Ninetales|Heat Wave|p2b: Delusion|[spread] p2a,p2b\n|-damage|p2a: Indeedee|74\/100\n|-damage|p2b: Delusion|51\/100\n|move|p1b: Victini|Dazzling Gleam|p2b: Delusion|[spread] p2a,p2b\n|-damage|p2a: Indeedee|63\/100\n|-damage|p2b: Delusion|31\/100\n|-heal|p1b: Victini|68\/100|[from] item: Shell Bell|[of] p2b: Delusion\n|\n|-weather|SunnyDay|[upkeep]\n|upkeep\n|turn|2\n|inactive|Battle timer is ON: inactive players will automatically lose when time's up. (requested by fumbari 24)\n|\n|t:|1697747466\n|move|p2b: Delusion|Protect|p2b: Delusion\n|-singleturn|p2b: Delusion|Protect\n|move|p1b: Victini|Substitute|p1b: Victini\n|-start|p1b: Victini|Substitute\n|-damage|p1b: Victini|43\/100\n|move|p1a: Ninetales|Healing Wish|p1a: Ninetales\n|faint|p1a: Ninetales\n|move|p2a: Indeedee|Expanding Force|p1b: Victini\n|-resisted|p1b: Victini\n|-end|p1b: Victini|Substitute\n|\n|-weather|SunnyDay|[upkeep]\n|upkeep\n|\n|t:|1697747479\n|switch|p1a: Amoonguss|Amoonguss, M|100\/100\n|turn|3\n|\n|t:|1697747499\n|switch|p1a: Ceruledge|Ceruledge, F|100\/100\n|move|p2b: Delusion|Expanding Force|p1b: Victini|[spread] p1a,p1b\n|-resisted|p1b: Victini\n|-damage|p1a: Ceruledge|11\/100\n|-damage|p1b: Victini|8\/100\n|move|p1b: Victini|Searing Shot|p2a: Indeedee|[spread] p2a,p2b\n|-start|p1a: Ceruledge|ability: Flash Fire\n|-damage|p2a: Indeedee|31\/100\n|-damage|p2b: Delusion|0 fnt\n|-status|p2a: Indeedee|brn\n|faint|p2b: Delusion\n|-heal|p1b: Victini|14\/100|[from] item: Shell Bell|[of] p2: Delusion\n|move|p2a: Indeedee|Expanding Force|p1b: Victini|[spread] p1a,p1b\n|-resisted|p1b: Victini\n|-damage|p1a: Ceruledge|0 fnt\n|-damage|p1b: Victini|0 fnt\n|faint|p1a: Ceruledge\n|faint|p1b: Victini\n|\n|-weather|SunnyDay|[upkeep]\n|-damage|p2a: Indeedee|25\/100 brn|[from] brn\n|upkeep\n|\n|t:|1697747513\n|switch|p2b: Fang|Garchomp, M|100\/100\n|switch|p1b: Amoonguss|Amoonguss, M|100\/100\n|switch|p1a: Eevee|Eevee, F, shiny|100\/100\n|turn|4\n|\n|t:|1697747523\n|move|p1b: Amoonguss|Rage Powder|p1b: Amoonguss\n|-singleturn|p1b: Amoonguss|move: Rage Powder\n|-zpower|p2b: Fang\n|move|p2b: Fang|Tectonic Rage|p1b: Amoonguss|[zeffect]\n|-damage|p1b: Amoonguss|0 fnt\n|faint|p1b: Amoonguss\n|-zpower|p1a: Eevee\n|move|p1a: Eevee|Extreme Evoboost|p1a: Eevee\n|-boost|p1a: Eevee|atk|2\n|-boost|p1a: Eevee|def|2\n|-boost|p1a: Eevee|spa|2\n|-boost|p1a: Eevee|spd|2\n|-boost|p1a: Eevee|spe|2\n|move|p2a: Indeedee|Expanding Force|p1a: Eevee\n|-damage|p1a: Eevee|59\/100\n|\n|-weather|SunnyDay|[upkeep]\n|-damage|p2a: Indeedee|19\/100 brn|[from] brn\n|upkeep\n|\n|t:|1697747532\n|switch|p1b: Arcanine|Arcanine-Hisui, F|100\/100\n|turn|5\n|\n|t:|1697747553\n|-terastallize|p1b: Arcanine|Fire\n|move|p2a: Indeedee|Follow Me|p2a: Indeedee\n|-singleturn|p2a: Indeedee|move: Follow Me\n|move|p1a: Eevee|Baton Pass||[still]\n|-fail|p1a: Eevee\n|move|p1b: Arcanine|Flame Charge|p2a: Indeedee\n|-damage|p2a: Indeedee|0 fnt\n|-boost|p1b: Arcanine|spe|1\n|faint|p2a: Indeedee\n|move|p2b: Fang|Earthquake|p1b: Arcanine|[spread] p1a,p1b\n|-supereffective|p1b: Arcanine\n|-damage|p1a: Eevee|16\/100\n|-damage|p1b: Arcanine|0 fnt\n|faint|p1b: Arcanine\n|\n|-weather|SunnyDay|[upkeep]\n|-fieldend|move: Psychic Terrain\n|upkeep\n|-message|ElectroShibe forfeited.\n|\n|win|fumbari 24\n|raw|ElectroShibe's rating: 1192 &rarr; <strong>1179<\/strong><br \/>(-13 for losing)\n|raw|fumbari 24's rating: 1377 &rarr; <strong>1387<\/strong><br \/>(+10 for winning)\n|l|\u2606ElectroShibe\n","uploadtime":1697747574,"views":12,"p1id":"electroshibe","p2id":"fumbari24","formatid":"gen9nationaldexdoubles","rating":1179,"private":0,"password":""}