{"id":"gen9nationaldexdoubles-1980583853","p1":"TheBosses27","p2":"thundervoltss","format":"[Gen 9] National Dex Doubles","log":"|j|\u2606TheBosses27\n|j|\u2606thundervoltss\n|t:|1698800029\n|gametype|doubles\n|player|p1|TheBosses27|bruno|1255\n|player|p2|thundervoltss|elesa-masters|1444\n|teamsize|p1|6\n|teamsize|p2|6\n|gen|9\n|tier|[Gen 9] National Dex Doubles\n|rated|\n|rule|HP Percentage Mod: HP is shown in percentages\n|rule|Endless Battle Clause: Forcing endless battles is banned\n|rule|OHKO Clause: OHKO moves are banned\n|rule|Evasion Moves Clause: Evasion moves are banned\n|rule|Evasion Abilities Clause: Evasion abilities are banned\n|rule|Species Clause: Limit one of each Pok\u00e9mon\n|rule|Gravity Sleep Clause: The combination of sleep-inducing moves with imperfect accuracy and Gravity or Gigantamax Orbeetle are banned\n|clearpoke\n|poke|p1|Indeedee-F, F|\n|poke|p1|Armarouge, M|\n|poke|p1|Kingambit, M|\n|poke|p1|Iron Hands|\n|poke|p1|Torkoal, F|\n|poke|p1|Salamence, M|\n|poke|p2|Stakataka|\n|poke|p2|Whimsicott, F|\n|poke|p2|Lurantis, F|\n|poke|p2|Iron Hands|\n|poke|p2|Flutter Mane|\n|poke|p2|Basculegion, M|\n|teampreview\n|inactive|Battle timer is ON: inactive players will automatically lose when time's up. (requested by TheBosses27)\n|\n|t:|1698800051\n|start\n|switch|p1a: Indeedee|Indeedee-F, F|100\/100\n|switch|p1b: Armarouge|Armarouge, M|100\/100\n|switch|p2a: Her crush|Whimsicott, F|100\/100\n|switch|p2b: Her mom|Flutter Mane|100\/100\n|-fieldstart|move: Psychic Terrain|[from] ability: Psychic Surge|[of] p1a: Indeedee\n|-enditem|p2b: Her mom|Booster Energy\n|-activate|p2b: Her mom|ability: Protosynthesis|[fromitem]\n|-start|p2b: Her mom|protosynthesisspa\n|turn|1\n|\n|t:|1698800068\n|switch|p2a: Their.. dog?|Basculegion, M|100\/100\n|switch|p1b: Kingambit|Kingambit, M|100\/100\n|move|p2b: Her mom|Power Gem|p1b: Kingambit\n|-resisted|p1b: Kingambit\n|-damage|p1b: Kingambit|84\/100\n|move|p1a: Indeedee|Trick Room|p1a: Indeedee\n|-fieldstart|move: Trick Room|[of] p1a: Indeedee\n|\n|upkeep\n|turn|2\n|inactive|thundervoltss has 120 seconds left.\n|\n|t:|1698800103\n|-end|p2b: Her mom|Protosynthesis|[silent]\n|switch|p2b: The best friend|Iron Hands|100\/100\n|move|p1b: Kingambit|Iron Head|p2b: The best friend\n|-resisted|p2b: The best friend\n|-damage|p2b: The best friend|88\/100\n|move|p1a: Indeedee|Expanding Force|p2b: The best friend|[spread] p2a,p2b\n|-supereffective|p2b: The best friend\n|-damage|p2a: Their.. dog?|72\/100\n|-damage|p2b: The best friend|16\/100\n|move|p2a: Their.. dog?|Wave Crash|p1a: Indeedee\n|-damage|p1a: Indeedee|30\/100\n|-damage|p2a: Their.. dog?|51\/100|[from] Recoil\n|\n|-heal|p1a: Indeedee|36\/100|[from] item: Leftovers\n|upkeep\n|turn|3\n|\n|t:|1698800118\n|move|p2b: The best friend|Protect|p2b: The best friend\n|-singleturn|p2b: The best friend|Protect\n|move|p1b: Kingambit|Sucker Punch|p2a: Their.. dog?\n|-activate|p2a: Their.. dog?|move: Psychic Terrain\n|move|p1a: Indeedee|Expanding Force|p2a: Their.. dog?|[spread] p2a\n|-activate|p2b: The best friend|move: Protect\n|-damage|p2a: Their.. dog?|25\/100\n|move|p2a: Their.. dog?|Wave Crash|p1b: Kingambit\n|-damage|p1b: Kingambit|26\/100\n|-damage|p2a: Their.. dog?|4\/100|[from] Recoil\n|\n|-heal|p1a: Indeedee|42\/100|[from] item: Leftovers\n|upkeep\n|turn|4\n|\n|t:|1698800132\n|-end|p1b: Kingambit|fallenundefined|[silent]\n|switch|p1b: Iron Hands|Iron Hands|100\/100\n|move|p2b: The best friend|Drain Punch|p1b: Iron Hands\n|-damage|p1b: Iron Hands|73\/100\n|-heal|p2b: The best friend|28\/100|[from] drain|[of] p1b: Iron Hands\n|-damage|p2b: The best friend|19\/100|[from] item: Life Orb\n|move|p1a: Indeedee|Expanding Force|p2a: Their.. dog?|[spread] p2a,p2b\n|-supereffective|p2b: The best friend\n|-damage|p2a: Their.. dog?|0 fnt\n|-damage|p2b: The best friend|0 fnt\n|faint|p2a: Their.. dog?\n|faint|p2b: The best friend\n|-end|p2b: The best friend|Quark Drive|[silent]\n|\n|-heal|p1a: Indeedee|48\/100|[from] item: Leftovers\n|upkeep\n|\n|t:|1698800141\n|switch|p2b: The closet|Stakataka|100\/100\n|switch|p2a: The gay|Lurantis, F|100\/100\n|turn|5\n|\n|t:|1698800161\n|-terastallize|p2b: The closet|Ghost\n|move|p1a: Indeedee|Protect|p1a: Indeedee\n|-singleturn|p1a: Indeedee|Protect\n|move|p2b: The closet|Iron Defense|p2b: The closet\n|-boost|p2b: The closet|def|2\n|move|p1b: Iron Hands|Drain Punch|p2b: The closet\n|-immune|p2b: The closet\n|move|p2a: The gay|Psycho Cut|p1b: Iron Hands\n|-supereffective|p1b: Iron Hands\n|-damage|p1b: Iron Hands|30\/100\n|\n|-heal|p1a: Indeedee|55\/100|[from] item: Leftovers\n|-fieldend|move: Trick Room\n|-fieldend|move: Psychic Terrain\n|upkeep\n|turn|6\n|inactive|TheBosses27 has 120 seconds left.\n|\n|t:|1698800206\n|switch|p1a: Kingambit|Kingambit, M|26\/100\n|move|p2a: The gay|Psycho Cut|p1b: Iron Hands\n|-supereffective|p1b: Iron Hands\n|-damage|p1b: Iron Hands|1\/100\n|move|p1b: Iron Hands|Volt Switch|p2a: The gay\n|-resisted|p2a: The gay\n|-damage|p2a: The gay|94\/100\n|\n|t:|1698800209\n|-end|p1b: Iron Hands|Quark Drive|[silent]\n|switch|p1b: Indeedee|Indeedee-F, F|55\/100|[from] Volt Switch\n|-fieldstart|move: Psychic Terrain|[from] ability: Psychic Surge|[of] p1b: Indeedee\n|move|p2b: The closet|Trick Room|p2b: The closet\n|-fieldstart|move: Trick Room|[of] p2b: The closet\n|\n|-heal|p1b: Indeedee|61\/100|[from] item: Leftovers\n|upkeep\n|turn|7\n|\n|t:|1698800226\n|move|p1a: Kingambit|Sucker Punch|p2b: The closet\n|-activate|p2b: The closet|move: Psychic Terrain\n|move|p2b: The closet|Body Press|p1a: Kingambit\n|-supereffective|p1a: Kingambit\n|-damage|p1a: Kingambit|0 fnt\n|faint|p1a: Kingambit\n|-end|p1a: Kingambit|fallenundefined|[silent]\n|-ability|p2b: The closet|Beast Boost|boost\n|-boost|p2b: The closet|def|1\n|move|p2a: The gay|Psycho Cut|p1b: Indeedee\n|-resisted|p1b: Indeedee\n|-damage|p1b: Indeedee|43\/100\n|move|p1b: Indeedee|Trick Room|p1b: Indeedee\n|-fieldend|move: Trick Room\n|\n|-heal|p1b: Indeedee|49\/100|[from] item: Leftovers\n|upkeep\n|\n|t:|1698800230\n|switch|p1a: Armarouge|Armarouge, M|100\/100\n|turn|8\n|\n|t:|1698800246\n|move|p1b: Indeedee|Helping Hand|p1a: Armarouge\n|-singleturn|p1a: Armarouge|Helping Hand|[of] p1b: Indeedee\n|move|p1a: Armarouge|Shadow Ball|p2b: The closet\n|-supereffective|p2b: The closet\n|-damage|p2b: The closet|22\/100\n|move|p2a: The gay|Psycho Cut|p1a: Armarouge\n|-resisted|p1a: Armarouge\n|-damage|p1a: Armarouge|84\/100\n|move|p2b: The closet|Body Press|p1a: Armarouge\n|-resisted|p1a: Armarouge\n|-damage|p1a: Armarouge|48\/100\n|\n|-heal|p1b: Indeedee|55\/100|[from] item: Leftovers\n|upkeep\n|turn|9\n|\n|t:|1698800279\n|switch|p2a: Her mom|Flutter Mane|100\/100\n|switch|p2b: Her crush|Whimsicott, F|100\/100\n|-terastallize|p1a: Armarouge|Psychic\n|move|p1b: Indeedee|Helping Hand|p1a: Armarouge\n|-singleturn|p1a: Armarouge|Helping Hand|[of] p1b: Indeedee\n|move|p1a: Armarouge|Expanding Force|p2a: Her mom|[spread] p2a,p2b\n|-damage|p2a: Her mom|0 fnt\n|-damage|p2b: Her crush|0 fnt\n|faint|p2a: Her mom\n|-end|p2a: Her mom|Protosynthesis|[silent]\n|faint|p2b: Her crush\n|\n|-heal|p1b: Indeedee|61\/100|[from] item: Leftovers\n|upkeep\n|\n|t:|1698800286\n|switch|p2b: The closet|Stakataka, tera:Ghost|22\/100\n|switch|p2a: The gay|Lurantis, F|94\/100\n|turn|10\n|\n|t:|1698800294\n|move|p1b: Indeedee|Expanding Force|p2b: The closet|[spread] p2a,p2b\n|-damage|p2a: The gay|62\/100\n|-damage|p2b: The closet|0 fnt\n|faint|p2b: The closet\n|move|p1a: Armarouge|Expanding Force|p2a: The gay\n|-damage|p2a: The gay|0 fnt\n|faint|p2a: The gay\n|\n|win|TheBosses27\n|raw|TheBosses27's rating: 1255 &rarr; <strong>1292<\/strong><br \/>(+37 for winning)\n|raw|thundervoltss's rating: 1444 &rarr; <strong>1414<\/strong><br \/>(-30 for losing)\n|l|\u2606thundervoltss\n","uploadtime":1698800480,"views":7,"p1id":"thebosses27","p2id":"thundervoltss","formatid":"gen9nationaldexdoubles","rating":1292,"private":0,"password":""}