{"id":"gen9nationaldexdoubles-1962414209","p1":"Numa no Kage","p2":"rhyan 666","format":"[Gen 9] National Dex Doubles","log":"|j|\u2606Numa no Kage\n|j|\u2606rhyan 666\n|t:|1696742859\n|gametype|doubles\n|player|p1|Numa no Kage|acetrainer|\n|player|p2|rhyan 666|bruno|\n|teamsize|p1|6\n|teamsize|p2|6\n|gen|9\n|tier|[Gen 9] National Dex Doubles\n|rule|HP Percentage Mod: HP is shown in percentages\n|rule|Endless Battle Clause: Forcing endless battles is banned\n|rule|OHKO Clause: OHKO moves are banned\n|rule|Evasion Moves Clause: Evasion moves are banned\n|rule|Evasion Abilities Clause: Evasion abilities are banned\n|rule|Species Clause: Limit one of each Pok\u00e9mon\n|rule|Gravity Sleep Clause: The combination of sleep-inducing moves with imperfect accuracy and Gravity or Gigantamax Orbeetle are banned\n|clearpoke\n|poke|p1|Swampert, F|\n|poke|p1|Wo-Chien|\n|poke|p1|Cradily, M|\n|poke|p1|Amoonguss, F|\n|poke|p1|Walking Wake|\n|poke|p1|Politoed, M|\n|poke|p2|Krookodile, F|\n|poke|p2|Hippowdon, M|\n|poke|p2|Heliolisk, F|\n|poke|p2|Mandibuzz, F|\n|poke|p2|Volcarona, M|\n|poke|p2|Tapu Bulu|\n|teampreview\n|inactive|Battle timer is ON: inactive players will automatically lose when time's up. (requested by Numa no Kage)\n|\n|t:|1696742879\n|start\n|switch|p1a: Cradily|Cradily, M|100\/100\n|switch|p1b: Amoonguss|Amoonguss, F|100\/100\n|switch|p2a: Hippowdon|Hippowdon, M|100\/100\n|switch|p2b: Mandibuzz|Mandibuzz, F|100\/100\n|-weather|Sandstorm|[from] ability: Sand Stream|[of] p2a: Hippowdon\n|turn|1\n|\n|t:|1696742900\n|move|p2b: Mandibuzz|Iron Defense|p2b: Mandibuzz\n|-boost|p2b: Mandibuzz|def|2\n|move|p2a: Hippowdon|Earthquake|p1b: Amoonguss|[spread] p1a,p1b\n|-immune|p2b: Mandibuzz\n|-damage|p1a: Cradily|74\/100\n|-damage|p1b: Amoonguss|71\/100\n|move|p1b: Amoonguss|Spore|p2b: Mandibuzz\n|-immune|p2b: Mandibuzz|[from] ability: Overcoat\n|move|p1a: Cradily|Stockpile|p1a: Cradily\n|-start|p1a: Cradily|stockpile1\n|-boost|p1a: Cradily|def|1\n|-boost|p1a: Cradily|spd|1\n|\n|-weather|Sandstorm|[upkeep]\n|-damage|p1b: Amoonguss|65\/100|[from] Sandstorm\n|-heal|p1b: Amoonguss|71\/100|[from] item: Leftovers\n|-heal|p1a: Cradily|80\/100|[from] item: Leftovers\n|upkeep\n|turn|2\n|\n|t:|1696742922\n|move|p2b: Mandibuzz|Iron Defense|p2b: Mandibuzz\n|-boost|p2b: Mandibuzz|def|2\n|move|p2a: Hippowdon|Earthquake|p1a: Cradily|[spread] p1a,p1b\n|-immune|p2b: Mandibuzz\n|-crit|p1b: Amoonguss\n|-damage|p1a: Cradily|61\/100\n|-damage|p1b: Amoonguss|28\/100\n|move|p1b: Amoonguss|Giga Drain|p2a: Hippowdon\n|-supereffective|p2a: Hippowdon\n|-damage|p2a: Hippowdon|63\/100\n|-heal|p1b: Amoonguss|47\/100|[from] drain|[of] p2a: Hippowdon\n|move|p1a: Cradily|Stockpile|p1a: Cradily\n|-start|p1a: Cradily|stockpile2\n|-boost|p1a: Cradily|def|1\n|-boost|p1a: Cradily|spd|1\n|\n|-weather|Sandstorm|[upkeep]\n|-damage|p1b: Amoonguss|40\/100|[from] Sandstorm\n|-heal|p1b: Amoonguss|47\/100|[from] item: Leftovers\n|-heal|p1a: Cradily|67\/100|[from] item: Leftovers\n|upkeep\n|turn|3\n|\n|t:|1696742949\n|move|p2a: Hippowdon|Protect|p2a: Hippowdon\n|-singleturn|p2a: Hippowdon|Protect\n|move|p2b: Mandibuzz|Foul Play|p1a: Cradily\n|-damage|p1a: Cradily|57\/100\n|move|p1b: Amoonguss|Spore|p2a: Hippowdon\n|-activate|p2a: Hippowdon|move: Protect\n|move|p1a: Cradily|Leech Seed|p2b: Mandibuzz\n|-start|p2b: Mandibuzz|move: Leech Seed\n|\n|-weather|Sandstorm|[upkeep]\n|-damage|p1b: Amoonguss|40\/100|[from] Sandstorm\n|-heal|p1b: Amoonguss|47\/100|[from] item: Leftovers\n|-heal|p1a: Cradily|64\/100|[from] item: Leftovers\n|-damage|p2b: Mandibuzz|88\/100|[from] Leech Seed|[of] p1a: Cradily\n|-heal|p1a: Cradily|76\/100|[silent]\n|upkeep\n|turn|4\n|\n|t:|1696742971\n|switch|p2a: Tapu Bulu|Tapu Bulu|100\/100\n|-fieldstart|move: Grassy Terrain|[from] ability: Grassy Surge|[of] p2a: Tapu Bulu\n|move|p1b: Amoonguss|Protect|p1b: Amoonguss\n|-singleturn|p1b: Amoonguss|Protect\n|move|p2b: Mandibuzz|Brave Bird|p1b: Amoonguss\n|-activate|p1b: Amoonguss|move: Protect\n|move|p1a: Cradily|Leech Seed|p2a: Tapu Bulu\n|-immune|p2a: Tapu Bulu\n|\n|-weather|Sandstorm|[upkeep]\n|-damage|p2a: Tapu Bulu|94\/100|[from] Sandstorm\n|-damage|p1b: Amoonguss|40\/100|[from] Sandstorm\n|-heal|p2b: Mandibuzz|94\/100|[from] item: Leftovers\n|-heal|p2a: Tapu Bulu|100\/100|[from] Grassy Terrain\n|-heal|p1b: Amoonguss|47\/100|[from] Grassy Terrain\n|-heal|p1b: Amoonguss|53\/100|[from] item: Leftovers\n|-heal|p1a: Cradily|82\/100|[from] Grassy Terrain\n|-heal|p1a: Cradily|89\/100|[from] item: Leftovers\n|-damage|p2b: Mandibuzz|82\/100|[from] Leech Seed|[of] p1a: Cradily\n|-heal|p1a: Cradily|100\/100|[silent]\n|upkeep\n|turn|5\n|inactive|Numa no Kage has 270 seconds left.\n|\n|t:|1696743006\n|move|p2b: Mandibuzz|Brave Bird|p1b: Amoonguss\n|-supereffective|p1b: Amoonguss\n|-damage|p1b: Amoonguss|0 fnt\n|faint|p1b: Amoonguss\n|-damage|p2b: Mandibuzz|63\/100|[from] Recoil\n|move|p2a: Tapu Bulu|Swords Dance|p2a: Tapu Bulu\n|-boost|p2a: Tapu Bulu|atk|2\n|move|p1a: Cradily|Sludge Bomb|p2a: Tapu Bulu\n|-supereffective|p2a: Tapu Bulu\n|-damage|p2a: Tapu Bulu|22\/100\n|\n|-weather|Sandstorm|[upkeep]\n|-damage|p2a: Tapu Bulu|16\/100|[from] Sandstorm\n|-heal|p2b: Mandibuzz|69\/100|[from] item: Leftovers\n|-heal|p2a: Tapu Bulu|22\/100|[from] Grassy Terrain\n|-heal|p2a: Tapu Bulu|29\/100|[from] item: Leftovers\n|-damage|p2b: Mandibuzz|56\/100|[from] Leech Seed|[of] p1a: Cradily\n|upkeep\n|\n|t:|1696743032\n|switch|p1b: Walking Wake|Walking Wake|100\/100\n|turn|6\n|\n|t:|1696743044\n|move|p1b: Walking Wake|Flamethrower|p2a: Tapu Bulu\n|-supereffective|p2a: Tapu Bulu\n|-damage|p2a: Tapu Bulu|0 fnt\n|faint|p2a: Tapu Bulu\n|move|p2b: Mandibuzz|Brave Bird|p1b: Walking Wake\n|-damage|p1b: Walking Wake|66\/100\n|-damage|p2b: Mandibuzz|46\/100|[from] Recoil\n|move|p1a: Cradily|Stockpile|p1a: Cradily\n|-start|p1a: Cradily|stockpile3\n|-boost|p1a: Cradily|def|1\n|-boost|p1a: Cradily|spd|1\n|\n|-weather|Sandstorm|[upkeep]\n|-damage|p1b: Walking Wake|59\/100|[from] Sandstorm\n|-heal|p1b: Walking Wake|66\/100|[from] Grassy Terrain\n|-heal|p2b: Mandibuzz|52\/100|[from] item: Leftovers\n|-damage|p2b: Mandibuzz|40\/100|[from] Leech Seed|[of] p1a: Cradily\n|upkeep\n|\n|t:|1696743060\n|switch|p2a: Heliolisk|Heliolisk, F|100\/100\n|turn|7\n|\n|t:|1696743074\n|-end|p1b: Walking Wake|Protosynthesis|[silent]\n|switch|p1b: Politoed|Politoed, M|100\/100\n|-weather|RainDance|[from] ability: Drizzle|[of] p1b: Politoed\n|move|p2a: Heliolisk|Hyper Voice|p1b: Politoed|[spread] p1a,p1b\n|-resisted|p1a: Cradily\n|-damage|p1a: Cradily|97\/100\n|-damage|p1b: Politoed|81\/100\n|-enditem|p2a: Heliolisk|Throat Spray\n|-boost|p2a: Heliolisk|spa|1|[from] item: Throat Spray\n|move|p2b: Mandibuzz|Roost|p2b: Mandibuzz\n|-heal|p2b: Mandibuzz|90\/100\n|-singleturn|p2b: Mandibuzz|move: Roost\n|move|p1a: Cradily|Leech Seed|p2a: Heliolisk\n|-start|p2a: Heliolisk|move: Leech Seed\n|\n|-weather|RainDance|[upkeep]\n|-heal|p2b: Mandibuzz|96\/100|[from] Grassy Terrain\n|-heal|p2b: Mandibuzz|100\/100|[from] item: Leftovers\n|-heal|p1b: Politoed|87\/100|[from] Grassy Terrain\n|-heal|p1a: Cradily|100\/100|[from] Grassy Terrain\n|-damage|p2a: Heliolisk|88\/100|[from] Leech Seed|[of] p1a: Cradily\n|-damage|p2b: Mandibuzz|88\/100|[from] Leech Seed|[of] p1a: Cradily\n|upkeep\n|turn|8\n|inactive|Numa no Kage has 270 seconds left.\n|inactive|rhyan 666 has 270 seconds left.\n|\n|t:|1696743117\n|switch|p1b: Walking Wake|Walking Wake|66\/100\n|move|p2a: Heliolisk|Dark Pulse|p1b: Walking Wake\n|-damage|p1b: Walking Wake|19\/100\n|move|p2b: Mandibuzz|Brave Bird|p1b: Walking Wake\n|-damage|p1b: Walking Wake|0 fnt\n|faint|p1b: Walking Wake\n|-end|p1b: Walking Wake|Protosynthesis|[silent]\n|-damage|p2b: Mandibuzz|83\/100|[from] Recoil\n|move|p1a: Cradily|Giga Drain|p2a: Heliolisk\n|-damage|p2a: Heliolisk|48\/100\n|\n|-weather|RainDance|[upkeep]\n|-heal|p2a: Heliolisk|61\/100|[from] ability: Dry Skin\n|-heal|p2a: Heliolisk|67\/100|[from] Grassy Terrain\n|-heal|p2b: Mandibuzz|89\/100|[from] item: Leftovers\n|-damage|p2a: Heliolisk|54\/100|[from] Leech Seed|[of] p1a: Cradily\n|-damage|p2b: Mandibuzz|76\/100|[from] Leech Seed|[of] p1a: Cradily\n|-fieldend|move: Grassy Terrain\n|upkeep\n|\n|t:|1696743143\n|switch|p1b: Swampert|Swampert, F|100\/100\n|turn|9\n|\n|t:|1696743160\n|detailschange|p1b: Swampert|Swampert-Mega, F\n|-mega|p1b: Swampert|Swampert|Swampertite\n|move|p1b: Swampert|Flip Turn|p1a: Cradily\n|-ability|p1a: Cradily|Storm Drain|boost\n|-boost|p1a: Cradily|spa|1\n|move|p2a: Heliolisk|Dark Pulse|p1b: Swampert\n|-damage|p1b: Swampert|68\/100\n|move|p2b: Mandibuzz|Foul Play|p1b: Swampert\n|-damage|p1b: Swampert|15\/100\n|move|p1a: Cradily|Giga Drain|p2a: Heliolisk\n|-damage|p2a: Heliolisk|10\/100\n|\n|-weather|RainDance|[upkeep]\n|-heal|p2a: Heliolisk|22\/100|[from] ability: Dry Skin\n|-heal|p2b: Mandibuzz|83\/100|[from] item: Leftovers\n|-damage|p2a: Heliolisk|10\/100|[from] Leech Seed|[of] p1a: Cradily\n|-damage|p2b: Mandibuzz|70\/100|[from] Leech Seed|[of] p1a: Cradily\n|upkeep\n|turn|10\n|inactive|Numa no Kage has 270 seconds left.\n|\n|t:|1696743193\n|move|p1b: Swampert|Flip Turn|p1a: Cradily\n|-ability|p1a: Cradily|Storm Drain|boost\n|-boost|p1a: Cradily|spa|1\n|move|p2a: Heliolisk|Dark Pulse|p1b: Swampert\n|-damage|p1b: Swampert|0 fnt\n|faint|p1b: Swampert\n|move|p2b: Mandibuzz|Brave Bird|p1a: Cradily\n|-damage|p1a: Cradily|89\/100\n|-damage|p2b: Mandibuzz|67\/100|[from] Recoil\n|move|p1a: Cradily|Sludge Bomb|p2b: Mandibuzz\n|-damage|p2b: Mandibuzz|42\/100\n|\n|-weather|RainDance|[upkeep]\n|-heal|p2a: Heliolisk|22\/100|[from] ability: Dry Skin\n|-heal|p2b: Mandibuzz|48\/100|[from] item: Leftovers\n|-heal|p1a: Cradily|95\/100|[from] item: Leftovers\n|-damage|p2a: Heliolisk|10\/100|[from] Leech Seed|[of] p1a: Cradily\n|-heal|p1a: Cradily|100\/100|[silent]\n|-damage|p2b: Mandibuzz|36\/100|[from] Leech Seed|[of] p1a: Cradily\n|upkeep\n|inactive|Numa no Kage has 240 seconds left.\n|\n|t:|1696743220\n|switch|p1b: Politoed|Politoed, M|87\/100\n|turn|11\n|\n|t:|1696743232\n|move|p2a: Heliolisk|Thunderbolt|p1b: Politoed\n|-supereffective|p1b: Politoed\n|-damage|p1b: Politoed|4\/100\n|move|p2b: Mandibuzz|Roost|p2b: Mandibuzz\n|-heal|p2b: Mandibuzz|86\/100\n|-singleturn|p2b: Mandibuzz|move: Roost\n|move|p1b: Politoed|Whirlpool|p1a: Cradily\n|-ability|p1a: Cradily|Storm Drain|boost\n|-boost|p1a: Cradily|spa|1\n|move|p1a: Cradily|Giga Drain|p2a: Heliolisk\n|-damage|p2a: Heliolisk|0 fnt\n|faint|p2a: Heliolisk\n|\n|-weather|RainDance|[upkeep]\n|-heal|p2b: Mandibuzz|92\/100|[from] item: Leftovers\n|-damage|p2b: Mandibuzz|80\/100|[from] Leech Seed|[of] p1a: Cradily\n|upkeep\n|\n|t:|1696743244\n|switch|p2a: Hippowdon|Hippowdon, M|63\/100\n|-weather|Sandstorm|[from] ability: Sand Stream|[of] p2a: Hippowdon\n|turn|12\n|inactive|Numa no Kage has 270 seconds left.\n|\n|t:|1696743265\n|move|p2b: Mandibuzz|Foul Play|p1b: Politoed\n|-damage|p1b: Politoed|0 fnt\n|faint|p1b: Politoed\n|move|p2a: Hippowdon|Toxic|p1a: Cradily\n|-status|p1a: Cradily|tox\n|move|p1a: Cradily|Giga Drain|p2a: Hippowdon\n|-supereffective|p2a: Hippowdon\n|-damage|p2a: Hippowdon|0 fnt\n|faint|p2a: Hippowdon\n|\n|-weather|Sandstorm|[upkeep]\n|-heal|p2b: Mandibuzz|86\/100|[from] item: Leftovers\n|-damage|p2b: Mandibuzz|74\/100|[from] Leech Seed|[of] p1a: Cradily\n|-damage|p1a: Cradily|94\/100 tox|[from] psn\n|upkeep\n|inactive|Numa no Kage has 270 seconds left.\n|\n|t:|1696743284\n|switch|p1b: Wo-Chien|Wo-Chien|100\/100\n|switch|p2a: Volcarona|Volcarona, M|100\/100\n|-ability|p1b: Wo-Chien|Tablets of Ruin\n|turn|13\n|\n|t:|1696743298\n|move|p2a: Volcarona|Bug Buzz|p1b: Wo-Chien\n|-supereffective|p1b: Wo-Chien\n|-damage|p1b: Wo-Chien|3\/100\n|move|p2b: Mandibuzz|Brave Bird|p1a: Cradily\n|-damage|p1a: Cradily|86\/100 tox\n|-damage|p2b: Mandibuzz|71\/100|[from] Recoil\n|move|p1b: Wo-Chien|Snarl|p2a: Volcarona|[spread] p2a,p2b\n|-resisted|p2b: Mandibuzz\n|-damage|p2a: Volcarona|79\/100\n|-damage|p2b: Mandibuzz|65\/100\n|-unboost|p2a: Volcarona|spa|1\n|-unboost|p2b: Mandibuzz|spa|1\n|move|p1a: Cradily|Sludge Bomb|p2a: Volcarona\n|-damage|p2a: Volcarona|30\/100\n|-status|p2a: Volcarona|psn\n|\n|-weather|Sandstorm|[upkeep]\n|-damage|p2a: Volcarona|24\/100 psn|[from] Sandstorm\n|-damage|p1b: Wo-Chien|0 fnt|[from] Sandstorm\n|faint|p1b: Wo-Chien\n|-heal|p2b: Mandibuzz|71\/100|[from] item: Leftovers\n|-heal|p1a: Cradily|92\/100 tox|[from] item: Leftovers\n|-damage|p2b: Mandibuzz|58\/100|[from] Leech Seed|[of] p1a: Cradily\n|-heal|p1a: Cradily|100\/100 tox|[silent]\n|-damage|p2a: Volcarona|11\/100 psn|[from] psn\n|-damage|p1a: Cradily|88\/100 tox|[from] psn\n|upkeep\n|turn|14\n|inactive|Numa no Kage has 270 seconds left.\n|\n|t:|1696743341\n|move|p2a: Volcarona|Fiery Dance|p1a: Cradily\n|-damage|p1a: Cradily|83\/100 tox\n|move|p2b: Mandibuzz|Roost|p2b: Mandibuzz\n|-heal|p2b: Mandibuzz|100\/100\n|-singleturn|p2b: Mandibuzz|move: Roost\n|move|p1a: Cradily|Giga Drain|p2b: Mandibuzz\n|-damage|p2b: Mandibuzz|62\/100\n|-heal|p1a: Cradily|100\/100 tox|[from] drain|[of] p2b: Mandibuzz\n|\n|-weather|Sandstorm|[upkeep]\n|-damage|p2a: Volcarona|5\/100 psn|[from] Sandstorm\n|-heal|p2b: Mandibuzz|68\/100|[from] item: Leftovers\n|-damage|p2b: Mandibuzz|56\/100|[from] Leech Seed|[of] p1a: Cradily\n|-damage|p2a: Volcarona|0 fnt|[from] psn\n|faint|p2a: Volcarona\n|-damage|p1a: Cradily|82\/100 tox|[from] psn\n|upkeep\n|\n|t:|1696743347\n|switch|p2a: Krookodile|Krookodile, F|100\/100\n|turn|15\n|\n|t:|1696743364\n|move|p2a: Krookodile|Crunch|p1a: Cradily\n|-damage|p1a: Cradily|69\/100 tox\n|move|p2b: Mandibuzz|Roost|p2b: Mandibuzz\n|-heal|p2b: Mandibuzz|100\/100\n|-singleturn|p2b: Mandibuzz|move: Roost\n|move|p1a: Cradily|Giga Drain|p2a: Krookodile\n|-supereffective|p2a: Krookodile\n|-damage|p2a: Krookodile|0 fnt\n|-heal|p1a: Cradily|100\/100 tox|[from] drain|[of] p2a: Krookodile\n|faint|p2a: Krookodile\n|\n|-weather|Sandstorm|[upkeep]\n|-damage|p2b: Mandibuzz|88\/100|[from] Leech Seed|[of] p1a: Cradily\n|-damage|p1a: Cradily|76\/100 tox|[from] psn\n|upkeep\n|turn|16\n|\n|t:|1696743384\n|-terastallize|p1a: Cradily|Poison\n|move|p2b: Mandibuzz|Brave Bird|p1a: Cradily\n|-damage|p1a: Cradily|65\/100 tox\n|-damage|p2b: Mandibuzz|84\/100|[from] Recoil\n|move|p1a: Cradily|Sludge Bomb|p2b: Mandibuzz\n|-damage|p2b: Mandibuzz|38\/100\n|\n|-weather|Sandstorm|[upkeep]\n|-damage|p1a: Cradily|59\/100 tox|[from] Sandstorm\n|-heal|p2b: Mandibuzz|44\/100|[from] item: Leftovers\n|-heal|p1a: Cradily|65\/100 tox|[from] item: Leftovers\n|-damage|p2b: Mandibuzz|32\/100|[from] Leech Seed|[of] p1a: Cradily\n|-heal|p1a: Cradily|78\/100 tox|[silent]\n|-damage|p1a: Cradily|47\/100 tox|[from] psn\n|upkeep\n|turn|17\n|\n|t:|1696743402\n|move|p2b: Mandibuzz|Roost|p2b: Mandibuzz\n|-heal|p2b: Mandibuzz|82\/100\n|-singleturn|p2b: Mandibuzz|move: Roost\n|move|p1a: Cradily|Sludge Bomb|p2b: Mandibuzz\n|-damage|p2b: Mandibuzz|36\/100\n|-status|p2b: Mandibuzz|psn\n|\n|-weather|Sandstorm|[upkeep]\n|-damage|p1a: Cradily|41\/100 tox|[from] Sandstorm\n|-heal|p2b: Mandibuzz|42\/100 psn|[from] item: Leftovers\n|-heal|p1a: Cradily|47\/100 tox|[from] item: Leftovers\n|-damage|p2b: Mandibuzz|29\/100 psn|[from] Leech Seed|[of] p1a: Cradily\n|-heal|p1a: Cradily|60\/100 tox|[silent]\n|-damage|p2b: Mandibuzz|17\/100 psn|[from] psn\n|-damage|p1a: Cradily|23\/100 tox|[from] psn\n|upkeep\n|turn|18\n|\n|t:|1696743421\n|move|p2b: Mandibuzz|Roost|p2b: Mandibuzz\n|-heal|p2b: Mandibuzz|67\/100 psn\n|-singleturn|p2b: Mandibuzz|move: Roost\n|move|p1a: Cradily|Sludge Bomb|p2b: Mandibuzz\n|-damage|p2b: Mandibuzz|25\/100 psn\n|\n|-weather|Sandstorm|[upkeep]\n|-damage|p1a: Cradily|17\/100 tox|[from] Sandstorm\n|-heal|p2b: Mandibuzz|31\/100 psn|[from] item: Leftovers\n|-heal|p1a: Cradily|23\/100 tox|[from] item: Leftovers\n|-damage|p2b: Mandibuzz|18\/100 psn|[from] Leech Seed|[of] p1a: Cradily\n|-heal|p1a: Cradily|36\/100 tox|[silent]\n|-damage|p2b: Mandibuzz|6\/100 psn|[from] psn\n|-damage|p1a: Cradily|0 fnt|[from] psn\n|faint|p1a: Cradily\n|\n|win|rhyan 666\n|upkeep\n|l|\u2606rhyan 666\n","uploadtime":1696743465,"views":9,"p1id":"numanokage","p2id":"rhyan666","formatid":"gen9nationaldexdoubles","rating":0,"private":0,"password":""}