{"id":"gen9nationaldexdoubles-1975954450","p1":"Colorless Energy","p2":"SuZo","format":"[Gen 9] National Dex Doubles","log":"|j|\u2606Colorless Energy\n|j|\u2606SuZo\n|t:|1698251940\n|gametype|doubles\n|player|p1|Colorless Energy|larry|1378\n|player|p2|SuZo|lusamine-nihilego|1206\n|teamsize|p1|6\n|teamsize|p2|6\n|gen|9\n|tier|[Gen 9] National Dex Doubles\n|rated|\n|rule|HP Percentage Mod: HP is shown in percentages\n|rule|Endless Battle Clause: Forcing endless battles is banned\n|rule|OHKO Clause: OHKO moves are banned\n|rule|Evasion Moves Clause: Evasion moves are banned\n|rule|Evasion Abilities Clause: Evasion abilities are banned\n|rule|Species Clause: Limit one of each Pok\u00e9mon\n|rule|Gravity Sleep Clause: The combination of sleep-inducing moves with imperfect accuracy and Gravity or Gigantamax Orbeetle are banned\n|clearpoke\n|poke|p1|Ursaluna, M|\n|poke|p1|Staraptor, F|\n|poke|p1|Indeedee-F, F|\n|poke|p1|Oranguru, M|\n|poke|p1|Kangaskhan, F|\n|poke|p1|Meloetta|\n|poke|p2|Glimmora, F|\n|poke|p2|Ogerpon-Wellspring, F|\n|poke|p2|Chien-Pao|\n|poke|p2|Ursaluna, F|\n|poke|p2|Cresselia, F|\n|poke|p2|Flutter Mane|\n|teampreview\n|l|\u2606Colorless Energy\n|player|p1|\n|j|\u2606Colorless Energy\n|player|p1|Colorless Energy|larry\n|inactive|Battle timer is ON: inactive players will automatically lose when time's up. (requested by Colorless Energy)\n|\n|t:|1698252085\n|start\n|switch|p1a: Grunty & Gruntling|Kangaskhan, F|100\/100\n|switch|p1b: Kazooie|Staraptor, F, shiny|100\/100\n|switch|p2a: Glimmora|Glimmora, F|100\/100\n|switch|p2b: Ogerpon|Ogerpon-Wellspring, F|100\/100\n|-ability|p1b: Kazooie|Intimidate|boost\n|-unboost|p2a: Glimmora|atk|1\n|-unboost|p2b: Ogerpon|atk|1\n|turn|1\n|inactive|Colorless Energy has 120 seconds left.\n|\n|t:|1698252134\n|detailschange|p1a: Grunty & Gruntling|Kangaskhan-Mega, F\n|-mega|p1a: Grunty & Gruntling|Kangaskhan|Kangaskhanite\n|move|p2b: Ogerpon|Spiky Shield|p2b: Ogerpon\n|-singleturn|p2b: Ogerpon|move: Protect\n|move|p1b: Kazooie|Final Gambit|p2b: Ogerpon\n|-activate|p2b: Ogerpon|move: Protect\n|move|p1a: Grunty & Gruntling|Power-Up Punch|p2a: Glimmora\n|-damage|p2a: Glimmora|83\/100\n|-boost|p1a: Grunty & Gruntling|atk|1\n|-activate|p2a: Glimmora|ability: Toxic Debris\n|-sidestart|p1: Colorless Energy|move: Toxic Spikes\n|-damage|p2a: Glimmora|76\/100\n|-boost|p1a: Grunty & Gruntling|atk|1\n|-activate|p2a: Glimmora|ability: Toxic Debris\n|-sidestart|p1: Colorless Energy|move: Toxic Spikes\n|-hitcount|p2a: Glimmora|2\n|move|p2a: Glimmora|Power Gem|p1b: Kazooie\n|-supereffective|p1b: Kazooie\n|-damage|p1b: Kazooie|0 fnt\n|faint|p1b: Kazooie\n|\n|upkeep\n|inactive|Colorless Energy has 90 seconds left.\n|inactive|Colorless Energy has 60 seconds left.\n|l|\u2606Colorless Energy\n|inactive|Colorless Energy disconnected and has a minute to reconnect!\n|player|p1|\n|j|\u2606Colorless Energy\n|inactive|Colorless Energy reconnected and has 35 seconds left.\n|player|p1|Colorless Energy|larry\n|inactive|Colorless Energy has 30 seconds left.\n|\n|t:|1698252219\n|switch|p1b: Mumbo Jumbo|Oranguru, M|100\/100\n|-status|p1b: Mumbo Jumbo|tox\n|turn|2\n|\n|t:|1698252227\n|move|p2a: Glimmora|Spiky Shield|p2a: Glimmora\n|-singleturn|p2a: Glimmora|move: Protect\n|move|p2b: Ogerpon|Ivy Cudgel|p1a: Grunty & Gruntling\n|-crit|p1a: Grunty & Gruntling\n|-damage|p1a: Grunty & Gruntling|28\/100\n|move|p1a: Grunty & Gruntling|Frustration|p2b: Ogerpon\n|-damage|p2b: Ogerpon|0 fnt\n|faint|p2b: Ogerpon\n|-hitcount|p2: Ogerpon|1\n|move|p1b: Mumbo Jumbo|Trick Room|p1b: Mumbo Jumbo\n|-fieldstart|move: Trick Room|[of] p1b: Mumbo Jumbo\n|\n|-damage|p1b: Mumbo Jumbo|94\/100 tox|[from] psn\n|upkeep\n|\n|t:|1698252240\n|switch|p2b: Ursaluna|Ursaluna, F|100\/100\n|turn|3\n|inactive|Colorless Energy has 60 seconds left.\n|\n|t:|1698252271\n|move|p1b: Mumbo Jumbo|Imprison|p1b: Mumbo Jumbo\n|-start|p1b: Mumbo Jumbo|move: Imprison\n|move|p2b: Ursaluna|Facade|p1a: Grunty & Gruntling\n|-damage|p1a: Grunty & Gruntling|0 fnt\n|faint|p1a: Grunty & Gruntling\n|move|p2a: Glimmora|Power Gem|p1b: Mumbo Jumbo\n|-damage|p1b: Mumbo Jumbo|72\/100 tox\n|\n|-damage|p1b: Mumbo Jumbo|60\/100 tox|[from] psn\n|-status|p2b: Ursaluna|brn|[from] item: Flame Orb\n|upkeep\n|\n|t:|1698252278\n|switch|p1a: Banjo|Ursaluna, M|100\/100\n|-status|p1a: Banjo|tox\n|turn|4\n|inactive|SuZo has 120 seconds left.\n|\n|t:|1698252313\n|-terastallize|p1a: Banjo|Normal\n|move|p2a: Glimmora|Spiky Shield|p2a: Glimmora\n|-singleturn|p2a: Glimmora|move: Protect\n|move|p1a: Banjo|Facade|p2b: Ursaluna\n|-damage|p2b: Ursaluna|0 fnt\n|faint|p2b: Ursaluna\n|move|p1b: Mumbo Jumbo|Instruct|p1a: Banjo\n|-singleturn|p1a: Banjo|move: Instruct|[of] p1b: Mumbo Jumbo\n|move|p1a: Banjo|Facade|p2a: Glimmora\n|-activate|p2a: Glimmora|move: Protect\n|-damage|p1a: Banjo|88\/100 tox|[from] Spiky Shield|[of] p2a: Glimmora\n|\n|-damage|p1a: Banjo|82\/100 tox|[from] psn\n|-damage|p1b: Mumbo Jumbo|41\/100 tox|[from] psn\n|upkeep\n|\n|t:|1698252337\n|switch|p2b: Chien-Pao|Chien-Pao|100\/100\n|-ability|p2b: Chien-Pao|Sword of Ruin\n|turn|5\n|inactive|SuZo has 120 seconds left.\n|inactive|Colorless Energy has 90 seconds left.\n|\n|t:|1698252364\n|move|p2b: Chien-Pao|Sucker Punch|p1a: Banjo\n|-damage|p1a: Banjo|51\/100 tox\n|move|p1a: Banjo|Facade|p2b: Chien-Pao\n|-enditem|p2b: Chien-Pao|Focus Sash\n|-damage|p2b: Chien-Pao|1\/100\n|move|p1b: Mumbo Jumbo|Instruct|p1a: Banjo\n|-singleturn|p1a: Banjo|move: Instruct|[of] p1b: Mumbo Jumbo\n|move|p1a: Banjo|Facade|p2b: Chien-Pao\n|-damage|p2b: Chien-Pao|0 fnt\n|faint|p2b: Chien-Pao\n|move|p2a: Glimmora|Earth Power|p1a: Banjo\n|-damage|p1a: Banjo|24\/100 tox\n|\n|-damage|p1a: Banjo|12\/100 tox|[from] psn\n|-damage|p1b: Mumbo Jumbo|17\/100 tox|[from] psn\n|upkeep\n|inactive|SuZo has 90 seconds left.\n|\n|t:|1698252381\n|switch|p2b: Cresselia|Cresselia, F|100\/100\n|turn|6\n|inactive|SuZo has 90 seconds left.\n|inactive|Colorless Energy has 90 seconds left.\n|\n|t:|1698252417\n|move|p2a: Glimmora|Spiky Shield|p2a: Glimmora\n|-singleturn|p2a: Glimmora|move: Protect\n|move|p2b: Cresselia|Ally Switch|p2b: Cresselia\n|swap|p2b: Cresselia|0|[from] move: Ally Switch\n|move|p1a: Banjo|Facade|p2b: Glimmora\n|-activate|p2b: Glimmora|move: Protect\n|-damage|p1a: Banjo|0 fnt|[from] Spiky Shield|[of] p2b: Glimmora\n|faint|p1a: Banjo\n|move|p1b: Mumbo Jumbo|Instruct|p1: Banjo|[notarget]\n|-fail|p1b: Mumbo Jumbo\n|\n|-damage|p1b: Mumbo Jumbo|0 fnt|[from] psn\n|faint|p1b: Mumbo Jumbo\n|-fieldend|move: Trick Room\n|upkeep\n|inactive|Colorless Energy has 90 seconds left.\n|\n|t:|1698252430\n|switch|p1b: Tootie|Meloetta|100\/100\n|switch|p1a: Jinjo|Indeedee-F, F|100\/100\n|-status|p1a: Jinjo|tox\n|-fieldstart|move: Psychic Terrain|[from] ability: Psychic Surge|[of] p1a: Jinjo\n|-enditem|p1a: Jinjo|Psychic Seed\n|-boost|p1a: Jinjo|spd|1|[from] item: Psychic Seed\n|-status|p1b: Tootie|tox\n|turn|7\n|inactive|SuZo has 90 seconds left.\n|\n|t:|1698252463\n|move|p2a: Cresselia|Protect||[still]\n|-fail|p2a: Cresselia\n|move|p2b: Glimmora|Power Gem|p1a: Jinjo\n|-damage|p1a: Jinjo|74\/100 tox\n|move|p1b: Tootie|Psychic|p2b: Glimmora\n|-supereffective|p2b: Glimmora\n|-damage|p2b: Glimmora|0 fnt\n|faint|p2b: Glimmora\n|move|p1a: Jinjo|Trick Room|p1a: Jinjo\n|-fieldstart|move: Trick Room|[of] p1a: Jinjo\n|\n|-damage|p1b: Tootie|94\/100 tox|[from] psn\n|-damage|p1a: Jinjo|68\/100 tox|[from] psn\n|upkeep\n|\n|t:|1698252476\n|switch|p2b: Flutter Mane|Flutter Mane|100\/100\n|-enditem|p2b: Flutter Mane|Booster Energy\n|-activate|p2b: Flutter Mane|ability: Protosynthesis|[fromitem]\n|-start|p2b: Flutter Mane|protosynthesisspe\n|turn|8\n|\n|t:|1698252490\n|move|p1b: Tootie|Psychic|p2b: Flutter Mane\n|-crit|p2b: Flutter Mane\n|-damage|p2b: Flutter Mane|0 fnt\n|faint|p2b: Flutter Mane\n|-end|p2b: Flutter Mane|Protosynthesis|[silent]\n|move|p1a: Jinjo|Psychic|p2a: Cresselia\n|-resisted|p2a: Cresselia\n|-damage|p2a: Cresselia|84\/100\n|-unboost|p2a: Cresselia|spd|1\n|move|p2a: Cresselia|Trick Room|p2a: Cresselia\n|-fieldend|move: Trick Room\n|\n|-heal|p2a: Cresselia|90\/100|[from] item: Leftovers\n|-damage|p1a: Jinjo|56\/100 tox|[from] psn\n|-damage|p1b: Tootie|82\/100 tox|[from] psn\n|upkeep\n|turn|9\n|\n|t:|1698252511\n|move|p2a: Cresselia|Protect|p2a: Cresselia\n|-singleturn|p2a: Cresselia|Protect\n|move|p1a: Jinjo|Hyper Voice|p2a: Cresselia\n|-activate|p2a: Cresselia|move: Protect\n|move|p1b: Tootie|Hyper Voice|p2a: Cresselia\n|-activate|p2a: Cresselia|move: Protect\n|\n|-heal|p2a: Cresselia|96\/100|[from] item: Leftovers\n|-damage|p1a: Jinjo|37\/100 tox|[from] psn\n|-damage|p1b: Tootie|63\/100 tox|[from] psn\n|upkeep\n|turn|10\n|inactive|SuZo has 120 seconds left.\n|\n|t:|1698252527\n|move|p1a: Jinjo|Hyper Voice|p2a: Cresselia\n|-damage|p2a: Cresselia|62\/100\n|move|p1b: Tootie|Hyper Voice|p2a: Cresselia\n|-damage|p2a: Cresselia|17\/100\n|move|p2a: Cresselia|Trick Room|p2a: Cresselia\n|-fieldstart|move: Trick Room|[of] p2a: Cresselia\n|\n|-heal|p2a: Cresselia|23\/100|[from] item: Leftovers\n|-damage|p1b: Tootie|39\/100 tox|[from] psn\n|-damage|p1a: Jinjo|13\/100 tox|[from] psn\n|upkeep\n|turn|11\n|\n|t:|1698252540\n|move|p2a: Cresselia|Protect|p2a: Cresselia\n|-singleturn|p2a: Cresselia|Protect\n|move|p1b: Tootie|Hyper Voice|p2a: Cresselia\n|-activate|p2a: Cresselia|move: Protect\n|move|p1a: Jinjo|Hyper Voice|p2a: Cresselia\n|-activate|p2a: Cresselia|move: Protect\n|\n|-heal|p2a: Cresselia|29\/100|[from] item: Leftovers\n|-damage|p1b: Tootie|8\/100 tox|[from] psn\n|-damage|p1a: Jinjo|0 fnt|[from] psn\n|faint|p1a: Jinjo\n|-fieldend|move: Psychic Terrain\n|upkeep\n|turn|12\n|\n|t:|1698252560\n|move|p2a: Cresselia|Protect||[still]\n|-fail|p2a: Cresselia\n|move|p1b: Tootie|Hyper Voice|p2a: Cresselia\n|-damage|p2a: Cresselia|0 fnt\n|faint|p2a: Cresselia\n|\n|win|Colorless Energy\n|raw|Colorless Energy's rating: 1378 &rarr; <strong>1389<\/strong><br \/>(+11 for winning)\n|raw|SuZo's rating: 1206 &rarr; <strong>1192<\/strong><br \/>(-14 for losing)\n|c|\u2606SuZo|gg\n","uploadtime":1698252622,"views":9,"p1id":"colorlessenergy","p2id":"suzo","formatid":"gen9nationaldexdoubles","rating":1192,"private":0,"password":""}