{"id":"gen9nationaldexdoubles-1952065219","p1":"Electroshibe","p2":"HelloHiHowAreYou","format":"[Gen 9] National Dex Doubles","log":"|j|\u2606Electroshibe\n|j|\u2606HelloHiHowAreYou\n|t:|1695654314\n|gametype|doubles\n|player|p1|Electroshibe|benga|1128\n|player|p2|HelloHiHowAreYou|caitlin|1126\n|teamsize|p1|6\n|teamsize|p2|6\n|gen|9\n|tier|[Gen 9] National Dex Doubles\n|rated|\n|rule|HP Percentage Mod: HP is shown in percentages\n|rule|Endless Battle Clause: Forcing endless battles is banned\n|rule|OHKO Clause: OHKO moves are banned\n|rule|Evasion Moves Clause: Evasion moves are banned\n|rule|Evasion Abilities Clause: Evasion abilities are banned\n|rule|Species Clause: Limit one of each Pok\u00e9mon\n|rule|Gravity Sleep Clause: The combination of sleep-inducing moves with imperfect accuracy and Gravity or Gigantamax Orbeetle are banned\n|clearpoke\n|poke|p1|Ninetales, M|\n|poke|p1|Ceruledge, F|\n|poke|p1|Arcanine-Hisui, F|\n|poke|p1|Eevee, F|\n|poke|p1|Amoonguss, M|\n|poke|p1|Espeon, F|\n|poke|p2|Oricorio-Pom-Pom, F|\n|poke|p2|Volcarona, F|\n|poke|p2|Quaquaval, F|\n|poke|p2|Lilligant-Hisui, F|\n|poke|p2|Ninetales, M|\n|poke|p2|Greninja-*, M|\n|teampreview\n|inactive|Battle timer is ON: inactive players will automatically lose when time's up. (requested by HelloHiHowAreYou)\n|\n|t:|1695654330\n|start\n|switch|p1a: Prism|Eevee, F|100\/100\n|switch|p1b: SUS|Amoonguss, M|100\/100\n|switch|p2a: Oricorio|Oricorio-Pom-Pom, F|100\/100\n|switch|p2b: Quaquaval|Quaquaval, F|100\/100\n|turn|1\n|\n|t:|1695654343\n|move|p1b: SUS|Rage Powder|p1b: SUS\n|-singleturn|p1b: SUS|move: Rage Powder\n|move|p2b: Quaquaval|Brave Bird|p1b: SUS\n|-supereffective|p1b: SUS\n|-damage|p1b: SUS|10\/100\n|-damage|p2b: Quaquaval|59\/100|[from] Recoil\n|-zpower|p1a: Prism\n|move|p1a: Prism|Extreme Evoboost|p1a: Prism\n|-boost|p1a: Prism|atk|2\n|-boost|p1a: Prism|def|2\n|-boost|p1a: Prism|spa|2\n|-boost|p1a: Prism|spd|2\n|-boost|p1a: Prism|spe|2\n|move|p2a: Oricorio|Air Slash|p1b: SUS\n|-supereffective|p1b: SUS\n|-damage|p1b: SUS|0 fnt\n|faint|p1b: SUS\n|\n|upkeep\n|\n|t:|1695654350\n|switch|p1b: Helios|Ninetales, M|100\/100\n|-weather|SunnyDay|[from] ability: Drought|[of] p1b: Helios\n|turn|2\n|\n|t:|1695654379\n|move|p1a: Prism|Baton Pass|p1a: Prism\n|\n|t:|1695654383\n|switch|p1a: Galaxy|Espeon, F|100\/100|[from] Baton Pass\n|move|p2b: Quaquaval|Brave Bird|p1a: Galaxy\n|-damage|p1a: Galaxy|64\/100\n|-damage|p2b: Quaquaval|48\/100|[from] Recoil\n|move|p1b: Helios|Will-O-Wisp|p2b: Quaquaval|[miss]\n|-miss|p1b: Helios|p2b: Quaquaval\n|move|p2a: Oricorio|Revelation Dance|p1b: Helios\n|-damage|p1b: Helios|54\/100\n|\n|-weather|SunnyDay|[upkeep]\n|upkeep\n|turn|3\n|inactive|HelloHiHowAreYou has 120 seconds left.\n|\n|t:|1695654420\n|move|p1a: Galaxy|Dazzling Gleam|p2a: Oricorio|[spread] p2a,p2b\n|-supereffective|p2b: Quaquaval\n|-damage|p2a: Oricorio|32\/100\n|-damage|p2b: Quaquaval|0 fnt\n|faint|p2b: Quaquaval\n|-damage|p1a: Galaxy|54\/100|[from] item: Life Orb\n|move|p1b: Helios|Heat Wave|p2a: Oricorio\n|-damage|p2a: Oricorio|0 fnt\n|faint|p2a: Oricorio\n|\n|-weather|SunnyDay|[upkeep]\n|upkeep\n|\n|t:|1695654432\n|switch|p2b: Ninetales|Ninetales, M, shiny|100\/100\n|switch|p2a: Lilligant|Lilligant-Hisui, F|100\/100\n|turn|4\n|inactive|HelloHiHowAreYou has 120 seconds left.\n|\n|t:|1695654450\n|move|p1a: Galaxy|Morning Sun|p1a: Galaxy\n|-heal|p1a: Galaxy|100\/100\n|move|p2a: Lilligant|Leaf Blade|p1a: Galaxy\n|-damage|p1a: Galaxy|62\/100\n|move|p2b: Ninetales|Scorching Sands|p1b: Helios\n|-supereffective|p1b: Helios\n|-damage|p1b: Helios|11\/100\n|move|p1b: Helios|Heat Wave|p2a: Lilligant|[spread] p2a\n|-miss|p1b: Helios|p2b: Ninetales\n|-supereffective|p2a: Lilligant\n|-damage|p2a: Lilligant|0 fnt\n|faint|p2a: Lilligant\n|\n|-weather|SunnyDay|[upkeep]\n|upkeep\n|inactive|HelloHiHowAreYou has 120 seconds left.\n|\n|t:|1695654467\n|switch|p2a: Greninja|Greninja, M|100\/100\n|turn|5\n|\n|t:|1695654496\n|switch|p1b: Prism|Eevee, F|100\/100\n|move|p1a: Galaxy|Stored Power|p2b: Ninetales\n|-damage|p2b: Ninetales|0 fnt\n|faint|p2b: Ninetales\n|-damage|p1a: Galaxy|52\/100|[from] item: Life Orb\n|move|p2a: Greninja|Dark Pulse|p1a: Galaxy\n|-supereffective|p1a: Galaxy\n|-damage|p1a: Galaxy|7\/100\n|\n|-weather|SunnyDay|[upkeep]\n|upkeep\n|\n|t:|1695654509\n|switch|p2b: Volcarona|Volcarona, F|100\/100\n|turn|6\n|\n|t:|1695654521\n|move|p2a: Greninja|Water Shuriken|p1a: Galaxy\n|-damage|p1a: Galaxy|5\/100\n|-damage|p1a: Galaxy|2\/100\n|-damage|p1a: Galaxy|0 fnt\n|faint|p1a: Galaxy\n|-ability|p2a: Greninja|Battle Bond|boost\n|-boost|p2a: Greninja|atk|1\n|-boost|p2a: Greninja|spa|1\n|-boost|p2a: Greninja|spe|1\n|-activate|p2a: Greninja|ability: Battle Bond\n|-hitcount|p1: Galaxy|3\n|move|p2b: Volcarona|Fiery Dance|p1b: Prism\n|-damage|p1b: Prism|0 fnt\n|faint|p1b: Prism\n|-damage|p2b: Volcarona|91\/100|[from] item: Life Orb\n|\n|-weather|SunnyDay|[upkeep]\n|upkeep\n|\n|t:|1695654528\n|switch|p1a: Funny|Ceruledge, F|100\/100\n|switch|p1b: Amaterasu|Arcanine-Hisui, F|100\/100\n|turn|7\n|inactive|HelloHiHowAreYou has 120 seconds left.\n|inactive|HelloHiHowAreYou has 90 seconds left.\n|\n|t:|1695654590\n|-terastallize|p2a: Greninja|Water\n|-terastallize|p1a: Funny|Fighting\n|move|p2a: Greninja|Dark Pulse|p1a: Funny\n|-resisted|p1a: Funny\n|-damage|p1a: Funny|72\/100\n|move|p2b: Volcarona|Giga Drain|p1b: Amaterasu\n|-damage|p1b: Amaterasu|69\/100\n|-heal|p2b: Volcarona|100\/100|[from] drain|[of] p1b: Amaterasu\n|-damage|p2b: Volcarona|91\/100|[from] item: Life Orb\n|move|p1a: Funny|Close Combat|p2a: Greninja\n|-damage|p2a: Greninja|0 fnt\n|-unboost|p1a: Funny|def|1\n|-unboost|p1a: Funny|spd|1\n|faint|p2a: Greninja\n|move|p1b: Amaterasu|Head Smash|p2b: Volcarona\n|-supereffective|p2b: Volcarona\n|-damage|p2b: Volcarona|0 fnt\n|faint|p2b: Volcarona\n|\n|win|Electroshibe\n|raw|Electroshibe's rating: 1128 &rarr; <strong>1153<\/strong><br \/>(+25 for winning)\n|raw|HelloHiHowAreYou's rating: 1126 &rarr; <strong>1101<\/strong><br \/>(-25 for losing)\n|l|\u2606HelloHiHowAreYou\n|c|\u2606Electroshibe|gg\n","uploadtime":1695654620,"views":8,"p1id":"electroshibe","p2id":"hellohihowareyou","formatid":"gen9nationaldexdoubles","rating":1101,"private":0,"password":""}