{"id":"gen9nationaldexdoubles-1966289381","p1":"scxrletrilxgy","p2":"luijoroma","format":"[Gen 9] National Dex Doubles","log":"|j|\u2606scxrletrilxgy\n|j|\u2606luijoroma\n|t:|1697164819\n|gametype|doubles\n|player|p1|scxrletrilxgy|169|1068\n|player|p2|luijoroma|lucas-gen4pt|1000\n|teamsize|p1|6\n|teamsize|p2|6\n|gen|9\n|tier|[Gen 9] National Dex Doubles\n|rated|\n|rule|HP Percentage Mod: HP is shown in percentages\n|rule|Endless Battle Clause: Forcing endless battles is banned\n|rule|OHKO Clause: OHKO moves are banned\n|rule|Evasion Moves Clause: Evasion moves are banned\n|rule|Evasion Abilities Clause: Evasion abilities are banned\n|rule|Species Clause: Limit one of each Pok\u00e9mon\n|rule|Gravity Sleep Clause: The combination of sleep-inducing moves with imperfect accuracy and Gravity or Gigantamax Orbeetle are banned\n|clearpoke\n|poke|p1|Seviper, M|\n|poke|p1|Leavanny, M|\n|poke|p1|Slowking, M|\n|poke|p1|Sandslash-Alola, F|\n|poke|p1|Regigigas|\n|poke|p1|Clefable, F|\n|poke|p2|Garchomp, M|\n|poke|p2|Togekiss, M|\n|poke|p2|Milotic, F|\n|poke|p2|Typhlosion, M|\n|poke|p2|Tinkaton, F|\n|poke|p2|Gardevoir, F|\n|teampreview\n|\n|t:|1697164831\n|start\n|switch|p1a: Regigigas|Regigigas|100\/100\n|switch|p1b: Clefable|Clefable, F|100\/100\n|switch|p2a: Typhlosion|Typhlosion, M|100\/100\n|switch|p2b: Gardevoir|Gardevoir, F|100\/100\n|-start|p1a: Regigigas|ability: Slow Start\n|turn|1\n|inactive|Battle timer is ON: inactive players will automatically lose when time's up. (requested by scxrletrilxgy)\n|\n|t:|1697164845\n|move|p2a: Typhlosion|Eruption|p1b: Clefable|[spread] p1a,p1b\n|-damage|p1a: Regigigas|65\/100\n|-damage|p1b: Clefable|49\/100\n|move|p2b: Gardevoir|Sunny Day|p2b: Gardevoir\n|-weather|SunnyDay\n|move|p1b: Clefable|Skill Swap|p1a: Regigigas\n|-activate|p1b: Clefable|move: Skill Swap|||[of] p1a: Regigigas\n|-end|p1a: Regigigas|Slow Start|[silent]\n|-start|p1b: Clefable|ability: Slow Start\n|move|p1a: Regigigas|Knock Off|p2b: Gardevoir\n|-damage|p2b: Gardevoir|53\/100\n|\n|-weather|SunnyDay|[upkeep]\n|-heal|p1a: Regigigas|71\/100|[from] item: Leftovers\n|upkeep\n|turn|2\n|\n|t:|1697164864\n|move|p2a: Typhlosion|Eruption|p1b: Clefable|[spread] p1a,p1b\n|-damage|p1a: Regigigas|17\/100\n|-damage|p1b: Clefable|0 fnt\n|faint|p1b: Clefable\n|-end|p1b: Clefable|Slow Start|[silent]\n|move|p2b: Gardevoir|Hypnosis|p1a: Regigigas|[miss]\n|-miss|p2b: Gardevoir|p1a: Regigigas\n|move|p1a: Regigigas|Drain Punch|p2a: Typhlosion\n|-damage|p2a: Typhlosion|50\/100\n|-heal|p1a: Regigigas|35\/100|[from] drain|[of] p2a: Typhlosion\n|\n|-weather|SunnyDay|[upkeep]\n|-heal|p1a: Regigigas|41\/100|[from] item: Leftovers\n|upkeep\n|\n|t:|1697164881\n|switch|p1b: Vanilla|Slowking, M|100\/100\n|turn|3\n|\n|t:|1697164897\n|detailschange|p2b: Gardevoir|Gardevoir-Mega, F\n|-mega|p2b: Gardevoir|Gardevoir|Gardevoirite\n|-terastallize|p2a: Typhlosion|Ghost\n|move|p2a: Typhlosion|Solar Beam||[still]\n|-prepare|p2a: Typhlosion|Solar Beam\n|-anim|p2a: Typhlosion|Solar Beam|p1b: Vanilla\n|-supereffective|p1b: Vanilla\n|-damage|p1b: Vanilla|59\/100\n|move|p2b: Gardevoir|Moonblast|p1a: Regigigas\n|-damage|p1a: Regigigas|0 fnt\n|faint|p1a: Regigigas\n|move|p1b: Vanilla|Hydro Pump|p2a: Typhlosion|[miss]\n|-miss|p1b: Vanilla|p2a: Typhlosion\n|\n|-weather|SunnyDay|[upkeep]\n|upkeep\n|\n|t:|1697164911\n|switch|p1a: Leavanny|Leavanny, M|100\/100\n|turn|4\n|\n|t:|1697164920\n|move|p2b: Gardevoir|Moonblast|p1a: Leavanny\n|-damage|p1a: Leavanny|10\/100\n|move|p2a: Typhlosion|Eruption|p1b: Vanilla|[spread] p1a,p1b\n|-supereffective|p1a: Leavanny\n|-resisted|p1b: Vanilla\n|-damage|p1a: Leavanny|0 fnt\n|-damage|p1b: Vanilla|48\/100\n|faint|p1a: Leavanny\n|move|p1b: Vanilla|Slack Off|p1b: Vanilla\n|-heal|p1b: Vanilla|98\/100\n|\n|-weather|SunnyDay|[upkeep]\n|upkeep\n|\n|t:|1697164931\n|switch|p1a: Sandslash|Sandslash-Alola, F|100\/100\n|turn|5\n|\n|t:|1697164944\n|move|p2a: Typhlosion|Eruption|p1b: Vanilla|[spread] p1a,p1b\n|-supereffective|p1a: Sandslash\n|-resisted|p1b: Vanilla\n|-damage|p1a: Sandslash|0 fnt\n|-damage|p1b: Vanilla|87\/100\n|faint|p1a: Sandslash\n|move|p2b: Gardevoir|Hypnosis|p1b: Vanilla\n|-status|p1b: Vanilla|slp|[from] move: Hypnosis\n|cant|p1b: Vanilla|slp\n|\n|-weather|none\n|upkeep\n|\n|t:|1697164950\n|switch|p1a: Seviper|Seviper, M, shiny|100\/100\n|turn|6\n|\n|t:|1697164967\n|-terastallize|p1a: Seviper|Fairy\n|move|p2a: Typhlosion|Shadow Ball|p1b: Vanilla\n|-supereffective|p1b: Vanilla\n|-damage|p1b: Vanilla|41\/100 slp\n|move|p2b: Gardevoir|Hypnosis|p1a: Seviper\n|-status|p1a: Seviper|slp|[from] move: Hypnosis\n|cant|p1a: Seviper|slp\n|cant|p1b: Vanilla|slp\n|\n|upkeep\n|turn|7\n|\n|t:|1697164983\n|move|p2b: Gardevoir|Moonblast|p1a: Seviper\n|-damage|p1a: Seviper|26\/100 slp\n|-unboost|p1a: Seviper|spa|1\n|move|p2a: Typhlosion|Eruption|p1b: Vanilla|[spread] p1a,p1b\n|-resisted|p1b: Vanilla\n|-damage|p1a: Seviper|0 fnt\n|-damage|p1b: Vanilla|34\/100 slp\n|faint|p1a: Seviper\n|-curestatus|p1b: Vanilla|slp|[msg]\n|move|p1b: Vanilla|Hydro Pump|p2a: Typhlosion\n|-damage|p2a: Typhlosion|16\/100\n|\n|upkeep\n|turn|8\n|\n|t:|1697165001\n|move|p2a: Typhlosion|Solar Beam||[still]\n|-prepare|p2a: Typhlosion|Solar Beam\n|move|p2b: Gardevoir|Moonblast|p1b: Vanilla\n|-damage|p1b: Vanilla|2\/100\n|-unboost|p1b: Vanilla|spa|1\n|move|p1b: Vanilla|Psychic|p2a: Typhlosion\n|-damage|p2a: Typhlosion|0 fnt\n|faint|p2a: Typhlosion\n|\n|upkeep\n|\n|t:|1697165016\n|switch|p2a: Garchomp|Garchomp, M|100\/100\n|turn|9\n|\n|t:|1697165024\n|move|p2b: Gardevoir|Moonblast|p1b: Vanilla\n|-damage|p1b: Vanilla|0 fnt\n|faint|p1b: Vanilla\n|\n|win|luijoroma\n|raw|scxrletrilxgy's rating: 1068 &rarr; <strong>1044<\/strong><br \/>(-24 for losing)\n|raw|luijoroma's rating: 1000 &rarr; <strong>1048<\/strong><br \/>(+48 for winning)\n|l|\u2606scxrletrilxgy\n","uploadtime":1697165035,"views":10,"p1id":"scxrletrilxgy","p2id":"luijoroma","formatid":"gen9nationaldexdoubles","rating":1044,"private":0,"password":""}