{"id":"gen9nationaldexdoubles-1960851661","p1":"Kinglid","p2":"Zera & Lucy","format":"[Gen 9] National Dex Doubles","log":"|j|\u2606Kinglid\n|j|\u2606Zera & Lucy\n|t:|1696563819\n|gametype|doubles\n|player|p1|Kinglid|dancer|1135\n|player|p2|Zera & Lucy|cynthia|1040\n|teamsize|p1|6\n|teamsize|p2|6\n|gen|9\n|tier|[Gen 9] National Dex Doubles\n|rated|\n|rule|HP Percentage Mod: HP is shown in percentages\n|rule|Endless Battle Clause: Forcing endless battles is banned\n|rule|OHKO Clause: OHKO moves are banned\n|rule|Evasion Moves Clause: Evasion moves are banned\n|rule|Evasion Abilities Clause: Evasion abilities are banned\n|rule|Species Clause: Limit one of each Pok\u00e9mon\n|rule|Gravity Sleep Clause: The combination of sleep-inducing moves with imperfect accuracy and Gravity or Gigantamax Orbeetle are banned\n|clearpoke\n|poke|p1|Overqwil, M|\n|poke|p1|Pelipper, M|\n|poke|p1|Skeledirge, M|\n|poke|p1|Electrode-Hisui|\n|poke|p1|Ursaluna, M|\n|poke|p1|Lokix, M|\n|poke|p2|Fezandipiti, M|\n|poke|p2|Goodra-Hisui, M|\n|poke|p2|Cresselia, F|\n|poke|p2|Indeedee, M|\n|poke|p2|Iron Bundle|\n|poke|p2|Ogerpon-Hearthflame, F|\n|teampreview\n|inactive|Battle timer is ON: inactive players will automatically lose when time's up. (requested by Zera & Lucy)\n|\n|t:|1696563832\n|start\n|switch|p1a: Pelipper|Pelipper, M|100\/100\n|switch|p1b: Overqwil|Overqwil, M|100\/100\n|switch|p2a: Fezandipiti|Fezandipiti, M|100\/100\n|switch|p2b: Goodra|Goodra-Hisui, M|100\/100\n|-weather|RainDance|[from] ability: Drizzle|[of] p1a: Pelipper\n|turn|1\n|\n|t:|1696563855\n|move|p1b: Overqwil|Smart Strike|p2a: Fezandipiti\n|-supereffective|p2a: Fezandipiti\n|-damage|p2a: Fezandipiti|47\/100\n|move|p2a: Fezandipiti|Icy Wind|p1b: Overqwil|[spread] p1a,p1b\n|-damage|p1a: Pelipper|86\/100\n|-damage|p1b: Overqwil|89\/100\n|-unboost|p1a: Pelipper|spe|1\n|-unboost|p1b: Overqwil|spe|1\n|-enditem|p1b: Overqwil|Red Card|[of] p2a: Fezandipiti\n|drag|p2a: Cresselia|Cresselia, F|100\/100\n|move|p1a: Pelipper|Tailwind|p1a: Pelipper\n|-sidestart|p1: Kinglid|move: Tailwind\n|move|p2b: Goodra|Thunder Punch|p1a: Pelipper\n|-supereffective|p1a: Pelipper\n|-damage|p1a: Pelipper|0 fnt\n|faint|p1a: Pelipper\n|\n|-weather|RainDance|[upkeep]\n|upkeep\n|inactive|Kinglid has 120 seconds left.\n|\n|t:|1696563877\n|switch|p1a: Lokix|Lokix, M|100\/100\n|turn|2\n|\n|t:|1696563896\n|move|p1a: Lokix|First Impression|p2a: Cresselia\n|-supereffective|p2a: Cresselia\n|-damage|p2a: Cresselia|55\/100\n|-damage|p1a: Lokix|84\/100|[from] item: Rocky Helmet|[of] p2a: Cresselia\n|move|p1b: Overqwil|Fell Stinger|p2a: Cresselia\n|-supereffective|p2a: Cresselia\n|-damage|p2a: Cresselia|37\/100\n|-damage|p1b: Overqwil|73\/100|[from] item: Rocky Helmet|[of] p2a: Cresselia\n|move|p2b: Goodra|Dragon Tail|p1a: Lokix\n|-damage|p1a: Lokix|52\/100\n|drag|p1a: Ursaluna|Ursaluna, M|100\/100\n|move|p2a: Cresselia|Trick Room|p2a: Cresselia\n|-fieldstart|move: Trick Room|[of] p2a: Cresselia\n|\n|-weather|RainDance|[upkeep]\n|upkeep\n|turn|3\n|inactive|Kinglid has 120 seconds left.\n|\n|t:|1696563928\n|move|p2a: Cresselia|Ice Beam|p1a: Ursaluna\n|-supereffective|p1a: Ursaluna\n|-damage|p1a: Ursaluna|69\/100\n|move|p1a: Ursaluna|Brick Break|p2b: Goodra\n|-supereffective|p2b: Goodra\n|-damage|p2b: Goodra|49\/100\n|-ability|p2b: Goodra|Gooey\n|-unboost|p1a: Ursaluna|spe|1\n|move|p1b: Overqwil|Crunch|p2a: Cresselia\n|-supereffective|p2a: Cresselia\n|-damage|p2a: Cresselia|0 fnt\n|-damage|p1b: Overqwil|56\/100|[from] item: Rocky Helmet|[of] p2a: Cresselia\n|faint|p2a: Cresselia\n|move|p2b: Goodra|Dragon Tail|p1b: Overqwil\n|-damage|p1b: Overqwil|27\/100\n|drag|p1b: Lokix|Lokix, M|52\/100\n|\n|-weather|RainDance|[upkeep]\n|upkeep\n|inactive|Zera & Lucy has 120 seconds left.\n|\n|t:|1696563947\n|switch|p2a: Fezandipiti|Fezandipiti, M|47\/100\n|turn|4\n|\n|t:|1696563967\n|move|p1b: Lokix|First Impression|p2a: Fezandipiti\n|-resisted|p2a: Fezandipiti\n|-damage|p2a: Fezandipiti|24\/100\n|move|p1a: Ursaluna|Brick Break|p2b: Goodra\n|-supereffective|p2b: Goodra\n|-damage|p2b: Goodra|0 fnt\n|-ability|p2b: Goodra|Gooey\n|-unboost|p1a: Ursaluna|spe|1\n|faint|p2b: Goodra\n|move|p2a: Fezandipiti|Play Rough|p1b: Lokix\n|-supereffective|p1b: Lokix\n|-damage|p1b: Lokix|0 fnt\n|faint|p1b: Lokix\n|-damage|p2a: Fezandipiti|14\/100|[from] item: Life Orb\n|\n|-weather|RainDance|[upkeep]\n|-sideend|p1: Kinglid|move: Tailwind\n|upkeep\n|\n|t:|1696563990\n|switch|p2b: Indeedee|Indeedee, M|100\/100\n|switch|p1b: Electrode|Electrode-Hisui|100\/100\n|-fieldstart|move: Psychic Terrain|[from] ability: Psychic Surge|[of] p2b: Indeedee\n|turn|5\n|\n|t:|1696564015\n|switch|p2a: Iron Bundle|Iron Bundle|100\/100\n|-enditem|p2a: Iron Bundle|Booster Energy\n|-activate|p2a: Iron Bundle|ability: Quark Drive|[fromitem]\n|-start|p2a: Iron Bundle|quarkdrivespe\n|move|p2b: Indeedee|Mystical Fire|p1b: Electrode\n|-supereffective|p1b: Electrode\n|-damage|p1b: Electrode|59\/100\n|-unboost|p1b: Electrode|spa|1\n|move|p1b: Electrode|Volt Switch|p2b: Indeedee\n|-damage|p2b: Indeedee|81\/100\n|inactive|Kinglid has 120 seconds left.\n|\n|t:|1696564035\n|switch|p1b: Overqwil|Overqwil, M|27\/100|[from] Volt Switch\n|move|p1a: Ursaluna|Avalanche|p2a: Iron Bundle\n|-resisted|p2a: Iron Bundle\n|-damage|p2a: Iron Bundle|94\/100\n|\n|-weather|none\n|upkeep\n|turn|6\n|\n|t:|1696564055\n|switch|p2b: Fezandipiti|Fezandipiti, M|14\/100\n|move|p2a: Iron Bundle|Protect|p2a: Iron Bundle\n|-singleturn|p2a: Iron Bundle|Protect\n|move|p1a: Ursaluna|Brick Break|p2a: Iron Bundle\n|-activate|p2a: Iron Bundle|move: Protect\n|move|p1b: Overqwil|Smart Strike|p2a: Iron Bundle\n|-activate|p2a: Iron Bundle|move: Protect\n|\n|-fieldend|move: Trick Room\n|upkeep\n|turn|7\n|\n|t:|1696564083\n|move|p2a: Iron Bundle|Hydro Pump|p1a: Ursaluna\n|-supereffective|p1a: Ursaluna\n|-damage|p1a: Ursaluna|0 fnt\n|faint|p1a: Ursaluna\n|move|p2b: Fezandipiti|Icy Wind|p1b: Overqwil\n|-damage|p1b: Overqwil|13\/100\n|-unboost|p1b: Overqwil|spe|1\n|-damage|p2b: Fezandipiti|5\/100|[from] item: Life Orb\n|move|p1b: Overqwil|Barb Barrage|p2b: Fezandipiti\n|-damage|p2b: Fezandipiti|0 fnt\n|faint|p2b: Fezandipiti\n|\n|upkeep\n|\n|t:|1696564097\n|switch|p2b: Indeedee|Indeedee, M|81\/100\n|switch|p1a: Electrode|Electrode-Hisui|59\/100\n|turn|8\n|\n|t:|1696564112\n|move|p2a: Iron Bundle|Freeze-Dry|p1b: Overqwil\n|-damage|p1b: Overqwil|0 fnt\n|faint|p1b: Overqwil\n|move|p1a: Electrode|Giga Drain|p2a: Iron Bundle\n|-supereffective|p2a: Iron Bundle\n|-damage|p2a: Iron Bundle|0 fnt\n|-heal|p1a: Electrode|100\/100|[from] drain|[of] p2a: Iron Bundle\n|faint|p2a: Iron Bundle\n|-end|p2a: Iron Bundle|Quark Drive|[silent]\n|move|p2b: Indeedee|Expanding Force|p1a: Electrode\n|-enditem|p1a: Electrode|Focus Sash\n|-damage|p1a: Electrode|1\/100\n|\n|upkeep\n|\n|t:|1696564125\n|switch|p2a: Ogerpon|Ogerpon-Hearthflame, F|100\/100\n|switch|p1b: Skeledirge|Skeledirge, M|100\/100\n|-ability|p2a: Ogerpon|Mold Breaker\n|turn|9\n|\n|t:|1696564145\n|-terastallize|p2b: Indeedee|Psychic\n|move|p1a: Electrode|Giga Drain|p2b: Indeedee\n|-damage|p2b: Indeedee|45\/100\n|-heal|p1a: Electrode|19\/100|[from] drain|[of] p2b: Indeedee\n|move|p2a: Ogerpon|Knock Off|p1b: Skeledirge\n|-supereffective|p1b: Skeledirge\n|-damage|p1b: Skeledirge|24\/100\n|-enditem|p1b: Skeledirge|Wiki Berry|[from] move: Knock Off|[of] p2a: Ogerpon\n|move|p2b: Indeedee|Expanding Force|p1a: Electrode|[spread] p1a,p1b\n|-damage|p1a: Electrode|0 fnt\n|-damage|p1b: Skeledirge|0 fnt\n|faint|p1a: Electrode\n|faint|p1b: Skeledirge\n|\n|win|Zera & Lucy\n|raw|Kinglid's rating: 1135 &rarr; <strong>1103<\/strong><br \/>(-32 for losing)\n|raw|Zera &amp; Lucy's rating: 1040 &rarr; <strong>1083<\/strong><br \/>(+43 for winning)\n|l|\u2606Kinglid\n","uploadtime":1696564164,"views":14,"p1id":"kinglid","p2id":"zeralucy","formatid":"gen9nationaldexdoubles","rating":1083,"private":0,"password":""}