{"id":"gen9nationaldexdoubles-1993681517","p1":"Galaxia015","p2":"sans525262","format":"[Gen 9] National Dex Doubles","log":"|j|\u2606Galaxia015\n|j|\u2606sans525262\n|t:|1700344970\n|gametype|doubles\n|player|p1|Galaxia015|ghetsis|\n|player|p2|sans525262|preschooler|\n|teamsize|p1|6\n|teamsize|p2|6\n|gen|9\n|tier|[Gen 9] National Dex Doubles\n|rule|HP Percentage Mod: HP is shown in percentages\n|rule|Endless Battle Clause: Forcing endless battles is banned\n|rule|OHKO Clause: OHKO moves are banned\n|rule|Evasion Moves Clause: Evasion moves are banned\n|rule|Evasion Abilities Clause: Evasion abilities are banned\n|rule|Species Clause: Limit one of each Pok\u00e9mon\n|rule|Gravity Sleep Clause: The combination of sleep-inducing moves with imperfect accuracy and Gravity or Gigantamax Orbeetle are banned\n|clearpoke\n|poke|p1|Armarouge, M|\n|poke|p1|Indeedee-F, F|\n|poke|p1|Cresselia, F|\n|poke|p1|Ursaluna-Bloodmoon, M|\n|poke|p1|Dusclops, M|\n|poke|p1|Iron Hands|\n|poke|p2|Amoonguss, F|\n|poke|p2|Charizard, M|\n|poke|p2|Victini|\n|poke|p2|Armarouge, F|\n|poke|p2|Indeedee-F, F|\n|poke|p2|Ogerpon-Hearthflame, F|\n|teampreview\n|inactive|Battle timer is ON: inactive players will automatically lose when time's up. (requested by Galaxia015)\n|\n|t:|1700345024\n|start\n|switch|p1a: Cresselia|Cresselia, F|100\/100\n|switch|p1b: Dusclops|Dusclops, M|100\/100\n|switch|p2a: Ogerpon|Ogerpon-Hearthflame, F|100\/100\n|switch|p2b: Victini|Victini|100\/100\n|-ability|p2a: Ogerpon|Mold Breaker\n|-item|p2a: Ogerpon|Hearthflame Mask|[from] ability: Frisk|[of] p1b: Dusclops|[identify]\n|-item|p2b: Victini|Choice Specs|[from] ability: Frisk|[of] p1b: Dusclops|[identify]\n|turn|1\n|\n|t:|1700345048\n|move|p1b: Dusclops|Ally Switch|p1b: Dusclops\n|swap|p1b: Dusclops|0|[from] move: Ally Switch\n|move|p2a: Ogerpon|Leech Seed|p1a: Dusclops\n|-start|p1a: Dusclops|move: Leech Seed\n|move|p2b: Victini|Searing Shot|p1a: Dusclops|[spread] p2a,p1a,p1b\n|-damage|p2a: Ogerpon|45\/100\n|-damage|p1a: Dusclops|79\/100\n|-damage|p1b: Cresselia|75\/100\n|move|p1b: Cresselia|Trick Room|p1b: Cresselia\n|-fieldstart|move: Trick Room|[of] p1b: Cresselia\n|\n|-heal|p1b: Cresselia|81\/100|[from] item: Leftovers\n|-damage|p1a: Dusclops|67\/100|[from] Leech Seed|[of] p2a: Ogerpon\n|-heal|p2a: Ogerpon|56\/100|[silent]\n|upkeep\n|turn|2\n|\n|t:|1700345065\n|switch|p1a: Ursaluna|Ursaluna-Bloodmoon, M|100\/100\n|switch|p2b: Amoonguss|Amoonguss, F|100\/100\n|move|p1b: Cresselia|Lunar Blessing|p1b: Cresselia|[spread] p1a,p1b\n|-heal|p1b: Cresselia|100\/100\n|move|p2a: Ogerpon|Horn Leech|p1b: Cresselia\n|-damage|p1b: Cresselia|69\/100\n|-heal|p2a: Ogerpon|80\/100|[from] drain|[of] p1b: Cresselia\n|\n|-heal|p1b: Cresselia|75\/100|[from] item: Leftovers\n|upkeep\n|turn|3\n|\n|t:|1700345083\n|move|p2b: Amoonguss|Pollen Puff|p1b: Cresselia\n|-supereffective|p1b: Cresselia\n|-damage|p1b: Cresselia|48\/100\n|move|p1a: Ursaluna|Calm Mind|p1a: Ursaluna\n|-boost|p1a: Ursaluna|spa|1\n|-boost|p1a: Ursaluna|spd|1\n|move|p1b: Cresselia|Ice Beam|p2b: Amoonguss\n|-supereffective|p2b: Amoonguss\n|-damage|p2b: Amoonguss|69\/100\n|move|p2a: Ogerpon|Swords Dance|p2a: Ogerpon\n|-boost|p2a: Ogerpon|atk|2\n|\n|-heal|p1b: Cresselia|54\/100|[from] item: Leftovers\n|upkeep\n|turn|4\n|\n|t:|1700345099\n|move|p2b: Amoonguss|Spore|p1a: Ursaluna\n|-status|p1a: Ursaluna|slp|[from] move: Spore\n|cant|p1a: Ursaluna|slp\n|move|p1b: Cresselia|Lunar Blessing|p1b: Cresselia|[spread] p1a,p1b\n|-curestatus|p1a: Ursaluna|slp|[msg]\n|-heal|p1b: Cresselia|79\/100\n|move|p2a: Ogerpon|Leech Seed|p1a: Ursaluna\n|-start|p1a: Ursaluna|move: Leech Seed\n|\n|-heal|p1b: Cresselia|85\/100|[from] item: Leftovers\n|-damage|p1a: Ursaluna|88\/100|[from] Leech Seed|[of] p2a: Ogerpon\n|-heal|p2a: Ogerpon|98\/100|[silent]\n|upkeep\n|turn|5\n|\n|t:|1700345118\n|move|p1b: Cresselia|Ally Switch|p1b: Cresselia\n|swap|p1b: Cresselia|0|[from] move: Ally Switch\n|move|p2b: Amoonguss|Spore|p1a: Cresselia\n|-status|p1a: Cresselia|slp|[from] move: Spore\n|move|p1b: Ursaluna|Blood Moon|p2a: Ogerpon\n|-damage|p2a: Ogerpon|0 fnt\n|faint|p2a: Ogerpon\n|\n|-heal|p1b: Ursaluna|94\/100|[from] item: Leftovers\n|-heal|p1a: Cresselia|91\/100 slp|[from] item: Leftovers\n|-fieldend|move: Trick Room\n|upkeep\n|inactive|sans525262 has 270 seconds left.\n|\n|t:|1700345162\n|switch|p2a: Charizard|Charizard, M|100\/100\n|turn|6\n|inactive|sans525262 has 270 seconds left.\n|\n|t:|1700345181\n|switch|p1b: Indeedee|Indeedee-F, F|100\/100\n|-fieldstart|move: Psychic Terrain|[from] ability: Psychic Surge|[of] p1b: Indeedee\n|move|p2a: Charizard|Solar Beam||[still]\n|-prepare|p2a: Charizard|Solar Beam\n|move|p2b: Amoonguss|Pollen Puff|p1a: Cresselia\n|-supereffective|p1a: Cresselia\n|-damage|p1a: Cresselia|68\/100 slp\n|cant|p1a: Cresselia|slp\n|\n|-heal|p1a: Cresselia|74\/100 slp|[from] item: Leftovers\n|upkeep\n|turn|7\n|\n|t:|1700345195\n|move|p2a: Charizard|Solar Beam|p1b: Indeedee|[from]lockedmove\n|-damage|p1b: Indeedee|60\/100\n|move|p1b: Indeedee|Expanding Force|p2a: Charizard|[spread] p2a,p2b\n|-supereffective|p2b: Amoonguss\n|-damage|p2a: Charizard|31\/100\n|-damage|p2b: Amoonguss|0 fnt\n|faint|p2b: Amoonguss\n|-curestatus|p1a: Cresselia|slp|[msg]\n|move|p1a: Cresselia|Trick Room|p1a: Cresselia\n|-fieldstart|move: Trick Room|[of] p1a: Cresselia\n|\n|-heal|p1a: Cresselia|80\/100|[from] item: Leftovers\n|upkeep\n|inactive|sans525262 has 270 seconds left.\n|\n|t:|1700345209\n|switch|p2b: Armarouge|Armarouge, F|100\/100\n|turn|8\n|\n|t:|1700345230\n|detailschange|p2a: Charizard|Charizard-Mega-Y, M\n|-mega|p2a: Charizard|Charizard|Charizardite Y\n|-weather|SunnyDay|[from] ability: Drought|[of] p2a: Charizard\n|move|p1a: Cresselia|Lunar Blessing|p1a: Cresselia|[spread] p1a,p1b\n|-heal|p1a: Cresselia|100\/100\n|-heal|p1b: Indeedee|85\/100\n|move|p2b: Armarouge|Calm Mind|p2b: Armarouge\n|-boost|p2b: Armarouge|spa|1\n|-boost|p2b: Armarouge|spd|1\n|move|p1b: Indeedee|Expanding Force|p2b: Armarouge|[spread] p2a,p2b\n|-resisted|p2b: Armarouge\n|-damage|p2a: Charizard|0 fnt\n|-damage|p2b: Armarouge|83\/100\n|faint|p2a: Charizard\n|\n|-weather|SunnyDay|[upkeep]\n|upkeep\n|\n|t:|1700345236\n|switch|p2a: Victini|Victini|100\/100\n|turn|9\n|\n|t:|1700345251\n|switch|p1a: Ursaluna|Ursaluna-Bloodmoon, M|94\/100\n|move|p2b: Armarouge|Calm Mind|p2b: Armarouge\n|-boost|p2b: Armarouge|spa|1\n|-boost|p2b: Armarouge|spd|1\n|move|p1b: Indeedee|Expanding Force|p2b: Armarouge|[spread] p2a,p2b\n|-resisted|p2a: Victini\n|-resisted|p2b: Armarouge\n|-damage|p2a: Victini|77\/100\n|-damage|p2b: Armarouge|69\/100\n|move|p2a: Victini|Searing Shot|p1a: Ursaluna|[spread] p1a,p1b\n|-start|p2b: Armarouge|ability: Flash Fire\n|-damage|p1a: Ursaluna|16\/100\n|-damage|p1b: Indeedee|3\/100\n|\n|-weather|SunnyDay|[upkeep]\n|-heal|p1a: Ursaluna|22\/100|[from] item: Leftovers\n|upkeep\n|turn|10\n|\n|t:|1700345280\n|switch|p1b: Cresselia|Cresselia, F|100\/100\n|move|p1a: Ursaluna|Earth Power|p2a: Victini\n|-supereffective|p2a: Victini\n|-damage|p2a: Victini|0 fnt\n|faint|p2a: Victini\n|move|p2b: Armarouge|Expanding Force|p1b: Cresselia|[spread] p1a,p1b\n|-resisted|p1b: Cresselia\n|-damage|p1a: Ursaluna|0 fnt\n|-damage|p1b: Cresselia|70\/100\n|faint|p1a: Ursaluna\n|\n|-weather|SunnyDay|[upkeep]\n|-heal|p1b: Cresselia|76\/100|[from] item: Leftovers\n|upkeep\n|\n|t:|1700345291\n|switch|p1a: Dusclops|Dusclops, M|67\/100\n|switch|p2a: Indeedee|Indeedee-F, F|100\/100\n|-item|p2a: Indeedee|Light Clay|[from] ability: Frisk|[of] p1a: Dusclops|[identify]\n|-item|p2b: Armarouge|White Herb|[from] ability: Frisk|[of] p1a: Dusclops|[identify]\n|turn|11\n|\n|t:|1700345307\n|move|p1a: Dusclops|Pain Split|p2b: Armarouge\n|-sethp|p2b: Armarouge|60\/100|[from] move: Pain Split|[silent]\n|-sethp|p1a: Dusclops|79\/100|[from] move: Pain Split\n|move|p1b: Cresselia|Lunar Blessing|p1b: Cresselia|[spread] p1a,p1b\n|-heal|p1a: Dusclops|100\/100\n|-heal|p1b: Cresselia|100\/100\n|move|p2b: Armarouge|Armor Cannon|p1b: Cresselia\n|-damage|p1b: Cresselia|0 fnt\n|-unboost|p2b: Armarouge|def|1\n|-unboost|p2b: Armarouge|spd|1\n|-enditem|p2b: Armarouge|White Herb\n|-clearnegativeboost|p2b: Armarouge|[silent]\n|faint|p1b: Cresselia\n|move|p2a: Indeedee|Light Screen|p2a: Indeedee\n|-sidestart|p2: sans525262|move: Light Screen\n|\n|-weather|SunnyDay|[upkeep]\n|-fieldend|move: Trick Room\n|upkeep\n|\n|t:|1700345329\n|switch|p1b: Indeedee|Indeedee-F, F|3\/100\n|turn|12\n|\n|t:|1700345343\n|move|p1b: Indeedee|Follow Me|p1b: Indeedee\n|-singleturn|p1b: Indeedee|move: Follow Me\n|move|p2a: Indeedee|Expanding Force|p1a: Dusclops|[spread] p1a,p1b\n|-resisted|p1b: Indeedee\n|-damage|p1a: Dusclops|82\/100\n|-damage|p1b: Indeedee|0 fnt\n|faint|p1b: Indeedee\n|move|p2b: Armarouge|Calm Mind|p2b: Armarouge\n|-boost|p2b: Armarouge|spa|1\n|-boost|p2b: Armarouge|spd|1\n|move|p1a: Dusclops|Will-O-Wisp|p2a: Indeedee\n|-status|p2a: Indeedee|brn\n|\n|-weather|none\n|-damage|p2a: Indeedee|94\/100 brn|[from] brn\n|upkeep\n|\n|t:|1700345350\n|switch|p1b: Armarouge|Armarouge, M|100\/100\n|turn|13\n|\n|t:|1700345378\n|move|p2a: Indeedee|Expanding Force|p1a: Dusclops|[spread] p1a,p1b\n|-resisted|p1b: Armarouge\n|-damage|p1a: Dusclops|62\/100\n|-damage|p1b: Armarouge|80\/100\n|move|p1b: Armarouge|Expanding Force|p2b: Armarouge|[spread] p2a,p2b\n|-resisted|p2a: Indeedee\n|-resisted|p2b: Armarouge\n|-damage|p2a: Indeedee|75\/100 brn\n|-damage|p2b: Armarouge|49\/100\n|move|p2b: Armarouge|Armor Cannon|p1b: Armarouge\n|-resisted|p1b: Armarouge\n|-damage|p1b: Armarouge|0 fnt\n|-unboost|p2b: Armarouge|def|1\n|-unboost|p2b: Armarouge|spd|1\n|faint|p1b: Armarouge\n|move|p1a: Dusclops|Trick Room|p1a: Dusclops\n|-fieldstart|move: Trick Room|[of] p1a: Dusclops\n|\n|-damage|p2a: Indeedee|69\/100 brn|[from] brn\n|-fieldend|move: Psychic Terrain\n|upkeep\n|\n|t:|1700345389\n|switch|p1b: Iron Hands|Iron Hands|100\/100\n|-enditem|p1b: Iron Hands|Booster Energy\n|-activate|p1b: Iron Hands|ability: Quark Drive|[fromitem]\n|-start|p1b: Iron Hands|quarkdriveatk\n|turn|14\n|\n|t:|1700345403\n|move|p1b: Iron Hands|Fake Out|p2b: Armarouge\n|-damage|p2b: Armarouge|21\/100\n|move|p1a: Dusclops|Pain Split|p2a: Indeedee\n|-sethp|p2a: Indeedee|60\/100 brn|[from] move: Pain Split|[silent]\n|-sethp|p1a: Dusclops|73\/100|[from] move: Pain Split\n|cant|p2b: Armarouge|flinch\n|move|p2a: Indeedee|Expanding Force|p1b: Iron Hands\n|-supereffective|p1b: Iron Hands\n|-damage|p1b: Iron Hands|52\/100\n|\n|-damage|p2a: Indeedee|54\/100 brn|[from] brn\n|upkeep\n|turn|15\n|\n|t:|1700345423\n|move|p1a: Dusclops|Ally Switch|p1a: Dusclops\n|swap|p1a: Dusclops|1|[from] move: Ally Switch\n|move|p1a: Iron Hands|Drain Punch|p2a: Indeedee\n|-damage|p2a: Indeedee|0 fnt\n|-heal|p1a: Iron Hands|70\/100|[from] drain|[of] p2a: Indeedee\n|faint|p2a: Indeedee\n|move|p2b: Armarouge|Expanding Force|p1b: Dusclops\n|-damage|p1b: Dusclops|17\/100\n|\n|upkeep\n|turn|16\n|\n|t:|1700345439\n|move|p1b: Dusclops|Ally Switch||[still]\n|-fail|p1b: Dusclops\n|move|p1a: Iron Hands|Drain Punch|p2b: Armarouge\n|-resisted|p2b: Armarouge\n|-damage|p2b: Armarouge|0 fnt\n|-heal|p1a: Iron Hands|78\/100|[from] drain|[of] p2b: Armarouge\n|faint|p2b: Armarouge\n|\n|win|Galaxia015\n|c|\u2606sans525262|gg\n|l|\u2606Galaxia015\n","uploadtime":1700345850,"views":10,"p1id":"galaxia015","p2id":"sans525262","formatid":"gen9nationaldexdoubles","rating":0,"private":0,"password":""}