{"id":"gen9nationaldexdoubles-2000578265","p1":"SmeargleOnAcid","p2":"0rTheSpecial0ne\u26a0\ufe0f+","format":"[Gen 9] National Dex Doubles","log":"|j|\u2606SmeargleOnAcid\n|j|\u26060rTheSpecial0ne\u26a0\ufe0f+\n|t:|1701207067\n|gametype|doubles\n|player|p1|SmeargleOnAcid|alder|\n|player|p2|0rTheSpecial0ne\u26a0\ufe0f+|teammates|\n|teamsize|p1|6\n|teamsize|p2|6\n|gen|9\n|tier|[Gen 9] National Dex Doubles\n|rule|HP Percentage Mod: HP is shown in percentages\n|rule|Endless Battle Clause: Forcing endless battles is banned\n|rule|OHKO Clause: OHKO moves are banned\n|rule|Evasion Moves Clause: Evasion moves are banned\n|rule|Evasion Abilities Clause: Evasion abilities are banned\n|rule|Species Clause: Limit one of each Pok\u00e9mon\n|rule|Gravity Sleep Clause: The combination of sleep-inducing moves with imperfect accuracy and Gravity or Gigantamax Orbeetle are banned\n|clearpoke\n|poke|p1|Dusknoir, F|\n|poke|p1|Indeedee-F, F|\n|poke|p1|Grapploct, F|\n|poke|p1|Lurantis, M|\n|poke|p1|Ribombee, F|\n|poke|p1|Amoonguss, M|\n|poke|p2|Charizard, F|\n|poke|p2|Ogerpon-Hearthflame, F|\n|poke|p2|Whimsicott, F|\n|poke|p2|Tapu Fini|\n|poke|p2|Chien-Pao|\n|poke|p2|Marshadow|\n|teampreview\n|inactive|Battle timer is ON: inactive players will automatically lose when time's up. (requested by 0rTheSpecial0ne\u26a0\ufe0f+)\n|\n|t:|1701207078\n|start\n|switch|p1a: Necro-Blissey|Dusknoir, F|100\/100\n|switch|p1b: Indeedee|Indeedee-F, F|100\/100\n|switch|p2a: Charizard|Charizard, F, shiny|100\/100\n|switch|p2b: Tapu Fini|Tapu Fini, shiny|100\/100\n|-fieldstart|move: Misty Terrain|[from] ability: Misty Surge|[of] p2b: Tapu Fini\n|-fieldstart|move: Psychic Terrain|[from] ability: Psychic Surge|[of] p1b: Indeedee\n|-item|p2a: Charizard|Charizardite Y|[from] ability: Frisk|[of] p1a: Necro-Blissey|[identify]\n|-item|p2b: Tapu Fini|Choice Scarf|[from] ability: Frisk|[of] p1a: Necro-Blissey|[identify]\n|turn|1\n|\n|t:|1701207092\n|detailschange|p2a: Charizard|Charizard-Mega-Y, F, shiny\n|-mega|p2a: Charizard|Charizard|Charizardite Y\n|-weather|SunnyDay|[from] ability: Drought|[of] p2a: Charizard\n|move|p1b: Indeedee|Follow Me|p1b: Indeedee\n|-singleturn|p1b: Indeedee|move: Follow Me\n|move|p2b: Tapu Fini|Moonblast|p1b: Indeedee\n|-damage|p1b: Indeedee|63\/100\n|move|p2a: Charizard|Heat Wave|p1a: Necro-Blissey|[spread] p1a,p1b\n|-crit|p1a: Necro-Blissey\n|-damage|p1a: Necro-Blissey|16\/100\n|-damage|p1b: Indeedee|4\/100\n|move|p1a: Necro-Blissey|Trick Room|p1a: Necro-Blissey\n|-fieldstart|move: Trick Room|[of] p1a: Necro-Blissey\n|\n|-weather|SunnyDay|[upkeep]\n|upkeep\n|turn|2\n|\n|t:|1701207111\n|move|p1a: Necro-Blissey|Memento|p2a: Charizard\n|-unboost|p2a: Charizard|atk|2\n|-unboost|p2a: Charizard|spa|2\n|faint|p1a: Necro-Blissey\n|move|p1b: Indeedee|Healing Wish|p1b: Indeedee\n|faint|p1b: Indeedee\n|move|p2a: Charizard|Heat Wave|p1: Necro-Blissey|[notarget]\n|-fail|p2a: Charizard\n|move|p2b: Tapu Fini|Moonblast|p1: Necro-Blissey|[notarget]\n|-fail|p2b: Tapu Fini\n|\n|-weather|SunnyDay|[upkeep]\n|upkeep\n|\n|t:|1701207115\n|switch|p1a: Grapploct|Grapploct, F|100\/100\n|switch|p1b: Lurantis|Lurantis, M|100\/100\n|turn|3\n|\n|t:|1701207126\n|-terastallize|p1a: Grapploct|Steel\n|move|p1a: Grapploct|Octolock|p1b: Lurantis\n|-start|p1b: Lurantis|move: Octolock|[of] p1a: Grapploct\n|move|p1b: Lurantis|Ingrain|p1b: Lurantis\n|-start|p1b: Lurantis|move: Ingrain\n|move|p2a: Charizard|Heat Wave|p1b: Lurantis|[spread] p1a,p1b\n|-supereffective|p1a: Grapploct\n|-supereffective|p1b: Lurantis\n|-damage|p1a: Grapploct|49\/100\n|-damage|p1b: Lurantis|25\/100\n|move|p2b: Tapu Fini|Moonblast|p1a: Grapploct\n|-resisted|p1a: Grapploct\n|-damage|p1a: Grapploct|30\/100\n|\n|-weather|SunnyDay|[upkeep]\n|-heal|p1b: Lurantis|31\/100|[from] item: Leftovers\n|-heal|p1b: Lurantis|37\/100|[from] Ingrain\n|-boost|p1b: Lurantis|def|1\n|-boost|p1b: Lurantis|spd|1\n|upkeep\n|turn|4\n|\n|t:|1701207148\n|move|p1a: Grapploct|Protect|p1a: Grapploct\n|-singleturn|p1a: Grapploct|Protect\n|move|p1b: Lurantis|Protect|p1b: Lurantis\n|-singleturn|p1b: Lurantis|Protect\n|move|p2a: Charizard|Heat Wave|p1a: Grapploct|[spread] \n|-activate|p1a: Grapploct|move: Protect\n|-activate|p1b: Lurantis|move: Protect\n|move|p2b: Tapu Fini|Moonblast|p1a: Grapploct\n|-activate|p1a: Grapploct|move: Protect\n|\n|-weather|SunnyDay|[upkeep]\n|-heal|p1b: Lurantis|43\/100|[from] item: Leftovers\n|-heal|p1b: Lurantis|49\/100|[from] Ingrain\n|-boost|p1b: Lurantis|def|1\n|-boost|p1b: Lurantis|spd|1\n|upkeep\n|turn|5\n|c|\u26060rTheSpecial0ne\u26a0\ufe0f+|sorry bb\n|\n|t:|1701207172\n|switch|p2a: Whimsicott|Whimsicott, F, shiny|100\/100\n|switch|p2b: Chien-Pao|Chien-Pao|100\/100\n|-ability|p2b: Chien-Pao|Sword of Ruin\n|move|p1a: Grapploct|Scary Face|p1b: Lurantis\n|-boost|p1b: Lurantis|spe|2\n|move|p1b: Lurantis|Superpower|p2b: Chien-Pao\n|-supereffective|p2b: Chien-Pao\n|-damage|p2b: Chien-Pao|0 fnt\n|-boost|p1b: Lurantis|atk|1\n|-boost|p1b: Lurantis|def|1\n|faint|p2b: Chien-Pao\n|\n|-weather|none\n|-heal|p1b: Lurantis|55\/100|[from] item: Leftovers\n|-heal|p1b: Lurantis|62\/100|[from] Ingrain\n|-boost|p1b: Lurantis|def|1\n|-boost|p1b: Lurantis|spd|1\n|-fieldend|move: Trick Room\n|-fieldend|move: Psychic Terrain\n|upkeep\n|\n|t:|1701207183\n|switch|p2b: Marshadow|Marshadow|100\/100\n|turn|6\n|\n|t:|1701207209\n|switch|p1a: Amoonguss|Amoonguss, M|100\/100\n|-terastallize|p2b: Marshadow|Poison\n|move|p1b: Lurantis|Protect|p1b: Lurantis\n|-singleturn|p1b: Lurantis|Protect\n|move|p2a: Whimsicott|Tailwind|p2a: Whimsicott\n|-sidestart|p2: 0rTheSpecial0ne\u26a0\ufe0f+|move: Tailwind\n|move|p2b: Marshadow|Spectral Thief|p1b: Lurantis\n|-activate|p1b: Lurantis|move: Protect\n|\n|-heal|p1b: Lurantis|68\/100|[from] item: Leftovers\n|-heal|p1b: Lurantis|74\/100|[from] Ingrain\n|-end|p1b: Lurantis|Octolock|[partiallytrapped]|[silent]\n|upkeep\n|turn|7\n|\n|t:|1701207224\n|switch|p2b: Charizard|Charizard-Mega-Y, F, shiny|100\/100\n|-weather|SunnyDay|[from] ability: Drought|[of] p2b: Charizard\n|move|p1a: Amoonguss|Rage Powder|p1a: Amoonguss\n|-singleturn|p1a: Amoonguss|move: Rage Powder\n|move|p2a: Whimsicott|Encore|p1b: Lurantis\n|-start|p1b: Lurantis|Encore\n|move|p1b: Lurantis|Protect||[still]\n|-fail|p1b: Lurantis\n|\n|-weather|SunnyDay|[upkeep]\n|-heal|p1b: Lurantis|80\/100|[from] item: Leftovers\n|-heal|p1b: Lurantis|86\/100|[from] Ingrain\n|upkeep\n|turn|8\n|\n|t:|1701207241\n|switch|p2a: Marshadow|Marshadow, tera:Poison|100\/100\n|switch|p1a: Ribombee|Ribombee, F|100\/100\n|move|p1b: Lurantis|Protect|p1b: Lurantis\n|-singleturn|p1b: Lurantis|Protect\n|move|p2b: Charizard|Heat Wave|p1b: Lurantis|[spread] p1a\n|-activate|p1b: Lurantis|move: Protect\n|-supereffective|p1a: Ribombee\n|-enditem|p1a: Ribombee|Focus Sash\n|-damage|p1a: Ribombee|1\/100\n|\n|-weather|SunnyDay|[upkeep]\n|-heal|p1b: Lurantis|92\/100|[from] item: Leftovers\n|-heal|p1b: Lurantis|98\/100|[from] Ingrain\n|upkeep\n|turn|9\n|inactive|SmeargleOnAcid has 270 seconds left.\n|\n|t:|1701207272\n|switch|p1a: Amoonguss|Amoonguss, M|100\/100\n|move|p1b: Lurantis|Protect|p1b: Lurantis\n|-singleturn|p1b: Lurantis|Protect\n|move|p2a: Marshadow|Spectral Thief|p1b: Lurantis\n|-activate|p1b: Lurantis|move: Protect\n|move|p2b: Charizard|Heat Wave|p1a: Amoonguss|[spread] p1a\n|-activate|p1b: Lurantis|move: Protect\n|-supereffective|p1a: Amoonguss\n|-damage|p1a: Amoonguss|0 fnt\n|faint|p1a: Amoonguss\n|\n|-weather|SunnyDay|[upkeep]\n|-heal|p1b: Lurantis|100\/100|[from] item: Leftovers\n|-end|p1b: Lurantis|Encore\n|-sideend|p2: 0rTheSpecial0ne\u26a0\ufe0f+|move: Tailwind\n|upkeep\n|inactive|SmeargleOnAcid has 270 seconds left.\n|c|\u26060rTheSpecial0ne\u26a0\ufe0f+|dame ese bosteo owo\n|\n|t:|1701207282\n|switch|p1a: Grapploct|Grapploct, F, tera:Steel|30\/100\n|turn|10\n|\n|t:|1701207292\n|move|p2a: Marshadow|Spectral Thief||[still]\n|-clearpositiveboost|p1b: Lurantis|p2a: Marshadow|move: Spectral Thief\n|-boost|p2a: Marshadow|atk|1\n|-boost|p2a: Marshadow|def|4\n|-boost|p2a: Marshadow|spd|3\n|-boost|p2a: Marshadow|spe|2\n|-anim|p2a: Marshadow|Spectral Thief|p1b: Lurantis\n|-damage|p1b: Lurantis|3\/100\n|-damage|p2a: Marshadow|91\/100|[from] item: Life Orb\n|move|p2b: Charizard|Heat Wave|p1a: Grapploct|[spread] p1a,p1b\n|-supereffective|p1a: Grapploct\n|-supereffective|p1b: Lurantis\n|-crit|p1b: Lurantis\n|-damage|p1a: Grapploct|0 fnt\n|-damage|p1b: Lurantis|0 fnt\n|faint|p1a: Grapploct\n|faint|p1b: Lurantis\n|\n|-weather|SunnyDay|[upkeep]\n|upkeep\n|c|\u26060rTheSpecial0ne\u26a0\ufe0f+|gg\n|c|\u2606SmeargleOnAcid|gg\n|inactive|SmeargleOnAcid has 270 seconds left.\n|c|\u2606SmeargleOnAcid|te hiva a usar Tusky turby XD\n|c|\u26060rTheSpecial0ne\u26a0\ufe0f+|:v\n|c|\u2606SmeargleOnAcid|Topsy turvy*\n|c|\u26060rTheSpecial0ne\u26a0\ufe0f+|lo aprende el pulpo?\n|c|\u2606SmeargleOnAcid|si\n|c|\u2606SmeargleOnAcid|es cosa de octopuses\n|inactive|SmeargleOnAcid has 240 seconds left.\n|\n|t:|1701207350\n|switch|p1b: Ribombee|Ribombee, F|1\/100\n|-heal|p1b: Ribombee|100\/100|[from] move: Healing Wish\n|turn|11\n|-message|SmeargleOnAcid forfeited.\n|\n|win|0rTheSpecial0ne\u26a0\ufe0f+\n|l|\u2606SmeargleOnAcid\n|c|\u26060rTheSpecial0ne\u26a0\ufe0f+|!learn  grapploct, topsy-turvy\n|c| 0rTheSpecial0ne\u26a0\ufe0f+|\/raw <div class=\"infobox\">In [Gen 9] National Dex Doubles, Grapploct <span class=\"message-learn-canlearn\">can<\/span> learn Topsy-Turvy only when obtained from:<ul class=\"message-learn-list\"><li>Gen 8 or earlier (move is level-up\/tutor\/TM\/HM\/egg in Gen 8)<\/ul><\/div>\n","uploadtime":1701207381,"views":4,"p1id":"smeargleonacid","p2id":"0rthespecial0ne","formatid":"gen9nationaldexdoubles","rating":0,"private":0,"password":""}