{"id":"gen9nationaldexdoubles-1948628684","p1":"Gunter0037","p2":"Tukitiko","format":"[Gen 9] National Dex Doubles","log":"|j|\u2606Gunter0037\n|j|\u2606Tukitiko\n|t:|1695284420\n|gametype|doubles\n|player|p1|Gunter0037|unknown|1000\n|player|p2|Tukitiko|lusamine-nihilego|1159\n|teamsize|p1|6\n|teamsize|p2|6\n|gen|9\n|tier|[Gen 9] National Dex Doubles\n|rated|\n|rule|HP Percentage Mod: HP is shown in percentages\n|rule|Endless Battle Clause: Forcing endless battles is banned\n|rule|OHKO Clause: OHKO moves are banned\n|rule|Evasion Moves Clause: Evasion moves are banned\n|rule|Evasion Abilities Clause: Evasion abilities are banned\n|rule|Species Clause: Limit one of each Pok\u00e9mon\n|rule|Gravity Sleep Clause: The combination of sleep-inducing moves with imperfect accuracy and Gravity or Gigantamax Orbeetle are banned\n|clearpoke\n|poke|p1|Weezing-Galar, F|\n|poke|p1|Hatterene, F|\n|poke|p1|Rabsca, M|\n|poke|p1|Diancie|\n|poke|p1|Houndstone, M|\n|poke|p1|Marshadow|\n|poke|p2|Iron Moth|\n|poke|p2|Vanilluxe, F|\n|poke|p2|Nihilego|\n|poke|p2|Ceruledge, F|\n|poke|p2|Blastoise, M|\n|poke|p2|Magmar, M|\n|teampreview\n|inactive|Battle timer is ON: inactive players will automatically lose when time's up. (requested by Gunter0037)\n|\n|t:|1695284427\n|start\n|switch|p1a: Weezing|Weezing-Galar, F, shiny|100\/100\n|switch|p1b: Hatterene|Hatterene, F, shiny|100\/100\n|switch|p2a: Alexa|Ceruledge, F|100\/100\n|switch|p2b: El Helado del D&D|Vanilluxe, F, shiny|100\/100\n|-weather|Snow|[from] ability: Snow Warning|[of] p2b: El Helado del D&D\n|-fieldstart|move: Misty Terrain|[from] ability: Misty Surge|[of] p1a: Weezing\n|turn|1\n|\n|t:|1695284448\n|-terastallize|p1b: Hatterene|Fairy\n|move|p1a: Weezing|Protect|p1a: Weezing\n|-singleturn|p1a: Weezing|Protect\n|move|p2a: Alexa|Poltergeist|p1b: Hatterene\n|-activate|p1b: Hatterene|move: Poltergeist|Choice Specs\n|-damage|p1b: Hatterene|18\/100\n|-damage|p2a: Alexa|91\/100|[from] item: Life Orb\n|move|p2b: El Helado del D&D|Blizzard|p1a: Weezing|[spread] p1b\n|-activate|p1a: Weezing|move: Protect\n|-damage|p1b: Hatterene|0 fnt\n|faint|p1b: Hatterene\n|\n|-weather|Snow|[upkeep]\n|upkeep\n|\n|t:|1695284462\n|switch|p1b: Rabsca|Rabsca, M, shiny|100\/100\n|turn|2\n|\n|t:|1695284475\n|move|p2a: Alexa|Bitter Blade|p1b: Rabsca\n|-supereffective|p1b: Rabsca\n|-damage|p1b: Rabsca|0 fnt\n|-heal|p2a: Alexa|100\/100|[from] drain|[of] p1b: Rabsca\n|faint|p1b: Rabsca\n|-damage|p2a: Alexa|91\/100|[from] item: Life Orb\n|move|p2b: El Helado del D&D|Blizzard|p1a: Weezing\n|-damage|p1a: Weezing|25\/100\n|move|p1a: Weezing|Misty Explosion|p2a: Alexa|[spread] p2a,p2b\n|-resisted|p2a: Alexa\n|-damage|p2a: Alexa|68\/100\n|-damage|p2b: El Helado del D&D|48\/100\n|faint|p1a: Weezing\n|\n|-weather|Snow|[upkeep]\n|upkeep\n|\n|t:|1695284490\n|switch|p1a: Diancie|Diancie, shiny|100\/100\n|switch|p1b: Marshadow|Marshadow|100\/100\n|turn|3\n|\n|t:|1695284512\n|detailschange|p1a: Diancie|Diancie-Mega, shiny\n|-mega|p1a: Diancie|Diancie|Diancite\n|move|p1b: Marshadow|Protect|p1b: Marshadow\n|-singleturn|p1b: Marshadow|Protect\n|move|p2a: Alexa|Protect|p2a: Alexa\n|-singleturn|p2a: Alexa|Protect\n|move|p2b: El Helado del D&D|Flash Cannon|p1a: Diancie\n|-supereffective|p1a: Diancie\n|-damage|p1a: Diancie|0 fnt\n|faint|p1a: Diancie\n|\n|-weather|Snow|[upkeep]\n|upkeep\n|\n|t:|1695284522\n|switch|p1a: Houndstone|Houndstone, M, shiny|100\/100\n|turn|4\n|\n|t:|1695284531\n|move|p1b: Marshadow|Copycat|p1b: Marshadow\n|move|p1b: Marshadow|Flash Cannon|p2b: El Helado del D&D|[from]move: Copycat\n|-supereffective|p2b: El Helado del D&D\n|-damage|p2b: El Helado del D&D|18\/100\n|move|p2a: Alexa|Poltergeist|p1a: Houndstone\n|-activate|p1a: Houndstone|move: Poltergeist|Choice Band\n|-supereffective|p1a: Houndstone\n|-damage|p1a: Houndstone|0 fnt\n|faint|p1a: Houndstone\n|-damage|p2a: Alexa|58\/100|[from] item: Life Orb\n|move|p2b: El Helado del D&D|Aurora Veil|p2b: El Helado del D&D\n|-sidestart|p2: Tukitiko|move: Aurora Veil\n|\n|-weather|Snow|[upkeep]\n|upkeep\n|turn|5\n|-message|Gunter0037 forfeited.\n|\n|win|Tukitiko\n|raw|Gunter0037's rating: 1000 &rarr; <strong>1000<\/strong><br \/>(+0 for losing)\n|raw|Tukitiko's rating: 1159 &rarr; <strong>1173<\/strong><br \/>(+14 for winning)\n|l|\u2606Gunter0037\n","uploadtime":1695284549,"views":10,"p1id":"gunter0037","p2id":"tukitiko","formatid":"gen9nationaldexdoubles","rating":1000,"private":0,"password":""}