{"id":"gen9nationaldexdoubles-1961410160","p1":"annoyingcanuck","p2":"Dusk Lucarionite","format":"[Gen 9] National Dex Doubles","log":"|j|\u2606annoyingcanuck\n|j|\u2606Dusk Lucarionite\n|t:|1696622827\n|gametype|doubles\n|player|p1|annoyingcanuck|169|1020\n|player|p2|Dusk Lucarionite|riley|1166\n|teamsize|p1|6\n|teamsize|p2|6\n|gen|9\n|tier|[Gen 9] National Dex Doubles\n|rated|\n|rule|HP Percentage Mod: HP is shown in percentages\n|rule|Endless Battle Clause: Forcing endless battles is banned\n|rule|OHKO Clause: OHKO moves are banned\n|rule|Evasion Moves Clause: Evasion moves are banned\n|rule|Evasion Abilities Clause: Evasion abilities are banned\n|rule|Species Clause: Limit one of each Pok\u00e9mon\n|rule|Gravity Sleep Clause: The combination of sleep-inducing moves with imperfect accuracy and Gravity or Gigantamax Orbeetle are banned\n|clearpoke\n|poke|p1|Golduck, M|\n|poke|p1|Toedscruel, M|\n|poke|p1|Toxapex, M|\n|poke|p1|Umbreon, M|\n|poke|p1|Toxtricity-Low-Key, F|\n|poke|p1|Clefable, F|\n|poke|p2|Tauros-Paldea-Aqua, M|\n|poke|p2|Meowscarada, F|\n|poke|p2|Hatterene, F|\n|poke|p2|Flamigo, M|\n|poke|p2|Gholdengo|\n|poke|p2|Barraskewda, F|\n|teampreview\n|\n|t:|1696622861\n|start\n|switch|p1a: Golduck|Golduck, M|100\/100\n|switch|p1b: Umbreon|Umbreon, M|100\/100\n|switch|p2a: Tauros|Tauros-Paldea-Aqua, M|100\/100\n|switch|p2b: Meowscarada|Meowscarada, F|100\/100\n|-ability|p1a: Golduck|Cloud Nine\n|turn|1\n|\n|t:|1696622876\n|-terastallize|p2a: Tauros|Fire\n|move|p2b: Meowscarada|Flower Trick|p2a: Tauros\n|-start|p2b: Meowscarada|typechange|Grass|[from] ability: Protean\n|-resisted|p2a: Tauros\n|-crit|p2a: Tauros\n|-damage|p2a: Tauros|65\/100\n|-setboost|p2a: Tauros|atk|6|[from] ability: Anger Point\n|move|p1a: Golduck|Simple Beam|p1b: Umbreon\n|-endability|p1b: Umbreon|Synchronize|[from] move: Simple Beam\n|-ability|p1b: Umbreon|Simple|[from] move: Simple Beam\n|move|p2a: Tauros|Bulk Up|p2a: Tauros\n|-boost|p2a: Tauros|atk|0\n|-boost|p2a: Tauros|def|1\n|-zpower|p1b: Umbreon\n|move|p1b: Umbreon|Z-Sand Attack|p2a: Tauros|[anim]Sand Attack\n|-boost|p1b: Umbreon|evasion|1|[zeffect]\n|-unboost|p2a: Tauros|accuracy|1\n|\n|upkeep\n|turn|2\n|\n|t:|1696622920\n|switch|p1a: Toedscruel|Toedscruel, M|100\/100\n|move|p2a: Tauros|Aqua Jet|p1b: Umbreon\n|-damage|p1b: Umbreon|56\/100\n|move|p2b: Meowscarada|Flower Trick|p1a: Toedscruel\n|-crit|p1a: Toedscruel\n|-damage|p1a: Toedscruel|0 fnt\n|faint|p1a: Toedscruel\n|move|p1b: Umbreon|Moonlight|p1b: Umbreon\n|-heal|p1b: Umbreon|100\/100\n|\n|upkeep\n|\n|t:|1696622934\n|switch|p1a: Clefable|Clefable, F|100\/100\n|turn|3\n|\n|t:|1696622950\n|move|p1a: Clefable|Follow Me|p1a: Clefable\n|-singleturn|p1a: Clefable|move: Follow Me\n|move|p2b: Meowscarada|Flower Trick|p1a: Clefable\n|-crit|p1a: Clefable\n|-damage|p1a: Clefable|21\/100\n|move|p2a: Tauros|Rock Slide|p1b: Umbreon|[spread] p1a\n|-miss|p2a: Tauros|p1b: Umbreon\n|-damage|p1a: Clefable|4\/100\n|move|p1b: Umbreon|Sand Attack|p2a: Tauros\n|-unboost|p2a: Tauros|accuracy|1\n|\n|-heal|p1a: Clefable|10\/100|[from] item: Leftovers\n|upkeep\n|turn|4\n|\n|t:|1696622965\n|move|p1a: Clefable|Follow Me|p1a: Clefable\n|-singleturn|p1a: Clefable|move: Follow Me\n|move|p2a: Tauros|Aqua Jet|p1a: Clefable\n|-damage|p1a: Clefable|0 fnt\n|faint|p1a: Clefable\n|move|p2b: Meowscarada|Flower Trick|p1b: Umbreon\n|-crit|p1b: Umbreon\n|-damage|p1b: Umbreon|40\/100\n|move|p1b: Umbreon|Sand Attack|p2a: Tauros\n|-unboost|p2a: Tauros|accuracy|1\n|\n|upkeep\n|\n|t:|1696622979\n|switch|p1a: Toxtricity|Toxtricity-Low-Key, F|100\/100\n|turn|5\n|\n|t:|1696622990\n|-terastallize|p1a: Toxtricity|Normal\n|move|p2b: Meowscarada|Flower Trick|p1b: Umbreon\n|-crit|p1b: Umbreon\n|-damage|p1b: Umbreon|0 fnt\n|faint|p1b: Umbreon\n|move|p2a: Tauros|High Horsepower|p1a: Toxtricity\n|-damage|p1a: Toxtricity|0 fnt\n|faint|p1a: Toxtricity\n|\n|upkeep\n|\n|t:|1696622997\n|switch|p1a: Toxapex|Toxapex, M|100\/100\n|switch|p1b: Golduck|Golduck, M|100\/100\n|-ability|p1b: Golduck|Cloud Nine\n|turn|6\n|\n|t:|1696623021\n|move|p2b: Meowscarada|Flower Trick|p1b: Golduck\n|-supereffective|p1b: Golduck\n|-crit|p1b: Golduck\n|-damage|p1b: Golduck|0 fnt\n|faint|p1b: Golduck\n|move|p2a: Tauros|High Horsepower|p1a: Toxapex|[miss]\n|-miss|p2a: Tauros|p1a: Toxapex\n|move|p1a: Toxapex|Ice Spinner|p2b: Meowscarada\n|-supereffective|p2b: Meowscarada\n|-damage|p2b: Meowscarada|63\/100\n|\n|upkeep\n|turn|7\n|-message|annoyingcanuck forfeited.\n|\n|win|Dusk Lucarionite\n|raw|annoyingcanuck's rating: 1020 &rarr; <strong>1012<\/strong><br \/>(-8 for losing)\n|raw|Dusk Lucarionite's rating: 1166 &rarr; <strong>1181<\/strong><br \/>(+15 for winning)\n|l|\u2606annoyingcanuck\n","uploadtime":1696623050,"views":9,"p1id":"annoyingcanuck","p2id":"dusklucarionite","formatid":"gen9nationaldexdoubles","rating":1012,"private":0,"password":""}