{"id":"gen9nationaldexdoubles-1984703460","p1":"Vyrusi","p2":"AceCoyoteNK","format":"[Gen 9] National Dex Doubles","log":"|j|\u2606Vyrusi\n|j|\u2606AceCoyoteNK\n|t:|1699292196\n|gametype|doubles\n|player|p1|Vyrusi|proton|1229\n|player|p2|AceCoyoteNK|skyla|1184\n|teamsize|p1|6\n|teamsize|p2|6\n|gen|9\n|tier|[Gen 9] National Dex Doubles\n|rated|\n|rule|HP Percentage Mod: HP is shown in percentages\n|rule|Endless Battle Clause: Forcing endless battles is banned\n|rule|OHKO Clause: OHKO moves are banned\n|rule|Evasion Moves Clause: Evasion moves are banned\n|rule|Evasion Abilities Clause: Evasion abilities are banned\n|rule|Species Clause: Limit one of each Pok\u00e9mon\n|rule|Gravity Sleep Clause: The combination of sleep-inducing moves with imperfect accuracy and Gravity or Gigantamax Orbeetle are banned\n|clearpoke\n|poke|p1|Cherrim, F|\n|poke|p1|Lurantis, F|\n|poke|p1|Charizard, M|\n|poke|p1|Malamar, F|\n|poke|p1|Walking Wake|\n|poke|p1|Golurk|\n|poke|p2|Incineroar, F|\n|poke|p2|Arcanine-Hisui, F|\n|poke|p2|Kommo-o, F|\n|poke|p2|Flutter Mane|\n|poke|p2|Great Tusk|\n|poke|p2|Cresselia, F|\n|teampreview\n|inactive|Battle timer is ON: inactive players will automatically lose when time's up. (requested by AceCoyoteNK)\n|\n|t:|1699292241\n|start\n|switch|p1a: Cherrim|Cherrim, F, shiny|100\/100\n|switch|p1b: Golurk|Golurk, shiny|100\/100\n|switch|p2a: GEN 8 Nightmare|Incineroar, F|100\/100\n|switch|p2b: Rocky boi|Arcanine-Hisui, F, shiny|100\/100\n|-ability|p2b: Rocky boi|Intimidate|boost\n|-unboost|p1a: Cherrim|atk|1\n|-unboost|p1b: Golurk|atk|1\n|-ability|p2a: GEN 8 Nightmare|Intimidate|boost\n|-unboost|p1a: Cherrim|atk|1\n|-unboost|p1b: Golurk|atk|1\n|turn|1\n|\n|t:|1699292270\n|switch|p1b: Charizard|Charizard, M|100\/100\n|move|p2a: GEN 8 Nightmare|Fake Out|p1a: Cherrim\n|-damage|p1a: Cherrim|89\/100\n|move|p2b: Rocky boi|Flare Blitz|p1a: Cherrim\n|-supereffective|p1a: Cherrim\n|-damage|p1a: Cherrim|0 fnt\n|faint|p1a: Cherrim\n|-damage|p2b: Rocky boi|70\/100|[from] Recoil\n|\n|upkeep\n|inactive|Vyrusi has 120 seconds left.\n|\n|t:|1699292290\n|switch|p1a: Walking Wake|Walking Wake|100\/100\n|turn|2\n|\n|t:|1699292302\n|switch|p2b: Misty|Flutter Mane|100\/100\n|switch|p2a: Cresselia|Cresselia, F, shiny|100\/100\n|move|p1a: Walking Wake|Hydro Steam|p2b: Misty\n|-damage|p2b: Misty|59\/100\n|move|p1b: Charizard|Air Slash|p2a: Cresselia\n|-damage|p2a: Cresselia|86\/100\n|\n|-heal|p2a: Cresselia|92\/100|[from] item: Leftovers\n|upkeep\n|turn|3\n|inactive|Vyrusi has 120 seconds left.\n|\n|t:|1699292334\n|detailschange|p1b: Charizard|Charizard-Mega-Y, M\n|-mega|p1b: Charizard|Charizard|Charizardite Y\n|-weather|SunnyDay|[from] ability: Drought|[of] p1b: Charizard\n|-activate|p1a: Walking Wake|ability: Protosynthesis\n|-start|p1a: Walking Wake|protosynthesisspa\n|-activate|p2b: Misty|ability: Protosynthesis\n|-start|p2b: Misty|protosynthesisspa\n|move|p1a: Walking Wake|Hydro Steam|p2b: Misty\n|-damage|p2b: Misty|0 fnt\n|faint|p2b: Misty\n|-end|p2b: Misty|Protosynthesis|[silent]\n|move|p1b: Charizard|Heat Wave|p2a: Cresselia\n|-crit|p2a: Cresselia\n|-damage|p2a: Cresselia|35\/100\n|move|p2a: Cresselia|Thunder Wave|p1b: Charizard|[miss]\n|-miss|p2a: Cresselia|p1b: Charizard\n|\n|-weather|SunnyDay|[upkeep]\n|-heal|p2a: Cresselia|41\/100|[from] item: Leftovers\n|upkeep\n|inactive|AceCoyoteNK has 120 seconds left.\n|\n|t:|1699292364\n|switch|p2b: Rocky boi|Arcanine-Hisui, F, shiny|70\/100\n|-ability|p2b: Rocky boi|Intimidate|boost\n|-unboost|p1a: Walking Wake|atk|1\n|-unboost|p1b: Charizard|atk|1\n|turn|4\n|\n|t:|1699292377\n|move|p2a: Cresselia|Ally Switch|p2a: Cresselia\n|swap|p2a: Cresselia|1|[from] move: Ally Switch\n|move|p1a: Walking Wake|Hydro Steam|p2b: Cresselia\n|-damage|p2b: Cresselia|1\/100\n|move|p2a: Rocky boi|Rock Slide|p1a: Walking Wake|[spread] p1a,p1b\n|-supereffective|p1b: Charizard\n|-damage|p1a: Walking Wake|55\/100\n|-damage|p1b: Charizard|0 fnt\n|faint|p1b: Charizard\n|\n|-weather|SunnyDay|[upkeep]\n|-heal|p2b: Cresselia|7\/100|[from] item: Leftovers\n|upkeep\n|\n|t:|1699292386\n|switch|p1b: Golurk|Golurk, shiny|100\/100\n|turn|5\n|\n|t:|1699292398\n|-end|p1a: Walking Wake|Protosynthesis|[silent]\n|switch|p1a: Malamar|Malamar, F|100\/100\n|move|p2a: Rocky boi|Rock Slide|p1b: Golurk|[spread] p1a,p1b\n|-resisted|p1b: Golurk\n|-crit|p1b: Golurk\n|-damage|p1a: Malamar|57\/100\n|-damage|p1b: Golurk|71\/100\n|move|p2b: Cresselia|Thunder Wave|p1a: Malamar\n|-status|p1a: Malamar|par\n|move|p1b: Golurk|Earthquake|p2b: Cresselia|[spread] p1a,p2a\n|-immune|p2b: Cresselia|[from] ability: Levitate\n|-supereffective|p2a: Rocky boi\n|-damage|p1a: Malamar|12\/100 par\n|-damage|p2a: Rocky boi|0 fnt\n|faint|p2a: Rocky boi\n|\n|-weather|SunnyDay|[upkeep]\n|-heal|p2b: Cresselia|14\/100|[from] item: Leftovers\n|upkeep\n|\n|t:|1699292415\n|switch|p2a: GEN 8 Nightmare|Incineroar, F|100\/100\n|-ability|p2a: GEN 8 Nightmare|Intimidate|boost\n|-boost|p1a: Malamar|atk|1\n|-unboost|p1b: Golurk|atk|1\n|turn|6\n|\n|t:|1699292433\n|move|p2a: GEN 8 Nightmare|Fake Out|p1a: Malamar\n|-damage|p1a: Malamar|0 fnt\n|faint|p1a: Malamar\n|move|p2b: Cresselia|Lunar Blessing|p2b: Cresselia|[spread] p2a,p2b\n|-heal|p2b: Cresselia|39\/100\n|move|p1b: Golurk|Earthquake|p2a: GEN 8 Nightmare|[spread] p2a\n|-immune|p2b: Cresselia|[from] ability: Levitate\n|-supereffective|p2a: GEN 8 Nightmare\n|-damage|p2a: GEN 8 Nightmare|49\/100\n|-enditem|p2a: GEN 8 Nightmare|Red Card|[of] p1b: Golurk\n|drag|p1b: Walking Wake|Walking Wake|55\/100\n|-activate|p1b: Walking Wake|ability: Protosynthesis\n|-start|p1b: Walking Wake|protosynthesisspa\n|\n|-weather|SunnyDay|[upkeep]\n|-heal|p2b: Cresselia|45\/100|[from] item: Leftovers\n|upkeep\n|\n|t:|1699292441\n|switch|p1a: Golurk|Golurk, shiny|71\/100\n|turn|7\n|\n|t:|1699292457\n|switch|p2a: Trash|Kommo-o, F|100\/100\n|move|p1b: Walking Wake|Hydro Steam|p2a: Trash\n|-resisted|p2a: Trash\n|-damage|p2a: Trash|49\/100\n|move|p2b: Cresselia|Lunar Blessing|p2b: Cresselia|[spread] p2a,p2b\n|-heal|p2a: Trash|74\/100\n|-heal|p2b: Cresselia|70\/100\n|move|p1a: Golurk|Shadow Punch|p2b: Cresselia\n|-supereffective|p2b: Cresselia\n|-damage|p2b: Cresselia|7\/100\n|\n|-weather|none\n|-end|p1b: Walking Wake|Protosynthesis\n|-heal|p2b: Cresselia|14\/100|[from] item: Leftovers\n|upkeep\n|turn|8\n|inactive|AceCoyoteNK has 120 seconds left.\n|\n|t:|1699292504\n|-terastallize|p1b: Walking Wake|Water\n|move|p1b: Walking Wake|Hydro Steam|p2a: Trash\n|-resisted|p2a: Trash\n|-damage|p2a: Trash|43\/100\n|move|p2a: Trash|Clangorous Soul|p2a: Trash\n|-boost|p2a: Trash|atk|1\n|-boost|p2a: Trash|def|1\n|-boost|p2a: Trash|spa|1\n|-boost|p2a: Trash|spd|1\n|-boost|p2a: Trash|spe|1\n|-damage|p2a: Trash|10\/100\n|move|p2b: Cresselia|Lunar Blessing|p2b: Cresselia|[spread] p2a,p2b\n|-heal|p2a: Trash|35\/100\n|-heal|p2b: Cresselia|39\/100\n|move|p1a: Golurk|Shadow Punch|p2b: Cresselia\n|-supereffective|p2b: Cresselia\n|-damage|p2b: Cresselia|0 fnt\n|faint|p2b: Cresselia\n|\n|upkeep\n|inactive|AceCoyoteNK has 90 seconds left.\n|\n|t:|1699292530\n|switch|p2b: The DON|Great Tusk|100\/100\n|-enditem|p2b: The DON|Booster Energy\n|-activate|p2b: The DON|ability: Protosynthesis|[fromitem]\n|-start|p2b: The DON|protosynthesisspe\n|turn|9\n|inactive|AceCoyoteNK has 90 seconds left.\n|\n|t:|1699292559\n|-terastallize|p2b: The DON|Ice\n|move|p1b: Walking Wake|Hydro Steam|p2a: Trash\n|-resisted|p2a: Trash\n|-damage|p2a: Trash|10\/100\n|move|p2b: The DON|Ice Spinner|p1a: Golurk\n|-supereffective|p1a: Golurk\n|-damage|p1a: Golurk|0 fnt\n|faint|p1a: Golurk\n|move|p2a: Trash|Drain Punch|p1b: Walking Wake\n|-damage|p1b: Walking Wake|8\/100\n|-heal|p2a: Trash|38\/100|[from] drain|[of] p1b: Walking Wake\n|\n|upkeep\n|\n|t:|1699292566\n|switch|p1a: Lurantis|Lurantis, F|100\/100\n|turn|10\n|\n|t:|1699292578\n|move|p1b: Walking Wake|Hydro Steam|p2a: Trash\n|-resisted|p2a: Trash\n|-damage|p2a: Trash|16\/100\n|move|p2b: The DON|Ice Spinner|p1a: Lurantis\n|-supereffective|p1a: Lurantis\n|-damage|p1a: Lurantis|30\/100\n|move|p2a: Trash|Drain Punch|p1b: Walking Wake\n|-damage|p1b: Walking Wake|0 fnt\n|-heal|p2a: Trash|21\/100|[from] drain|[of] p1b: Walking Wake\n|faint|p1b: Walking Wake\n|-end|p1b: Walking Wake|Protosynthesis|[silent]\n|move|p1a: Lurantis|Superpower|p2b: The DON\n|-supereffective|p2b: The DON\n|-damage|p2b: The DON|60\/100\n|-boost|p1a: Lurantis|atk|1\n|-boost|p1a: Lurantis|def|1\n|\n|upkeep\n|turn|11\n|-message|Vyrusi forfeited.\n|\n|win|AceCoyoteNK\n|raw|Vyrusi's rating: 1229 &rarr; <strong>1201<\/strong><br \/>(-28 for losing)\n|raw|AceCoyoteNK's rating: 1184 &rarr; <strong>1212<\/strong><br \/>(+28 for winning)\n|l|\u2606Vyrusi\n","uploadtime":1699292596,"views":5,"p1id":"vyrusi","p2id":"acecoyotenk","formatid":"gen9nationaldexdoubles","rating":1201,"private":0,"password":""}