{"id":"gen9nationaldexdoubles-1963635421","p1":"MageDream\/UHE","p2":"Fluff018","format":"[Gen 9] National Dex Doubles","log":"|j|\u2606MageDream\/UHE\n|j|\u2606Fluff018\n|t:|1696885129\n|gametype|doubles\n|player|p1|MageDream\/UHE|chuck|1187\n|player|p2|Fluff018|ninjaboy|1261\n|teamsize|p1|6\n|teamsize|p2|6\n|gen|9\n|tier|[Gen 9] National Dex Doubles\n|rated|\n|rule|HP Percentage Mod: HP is shown in percentages\n|rule|Endless Battle Clause: Forcing endless battles is banned\n|rule|OHKO Clause: OHKO moves are banned\n|rule|Evasion Moves Clause: Evasion moves are banned\n|rule|Evasion Abilities Clause: Evasion abilities are banned\n|rule|Species Clause: Limit one of each Pok\u00e9mon\n|rule|Gravity Sleep Clause: The combination of sleep-inducing moves with imperfect accuracy and Gravity or Gigantamax Orbeetle are banned\n|clearpoke\n|poke|p1|Grafaiai, M|\n|poke|p1|Lilligant-Hisui, F|\n|poke|p1|Hawlucha, M|\n|poke|p1|Gothitelle, F|\n|poke|p1|Kleavor, F|\n|poke|p1|Gardevoir, F|\n|poke|p2|Ninetales-Alola, F|\n|poke|p2|Abomasnow, M|\n|poke|p2|Arctozolt|\n|poke|p2|Arctovish|\n|poke|p2|Chien-Pao|\n|poke|p2|Glalie, M|\n|teampreview\n|\n|t:|1696885135\n|start\n|switch|p1a: Kleavor|Kleavor, F|100\/100\n|switch|p1b: Gardevoir|Gardevoir, F|100\/100\n|switch|p2a: Ninetales|Ninetales-Alola, F|100\/100\n|switch|p2b: Arctovish|Arctovish|100\/100\n|-weather|Snow|[from] ability: Snow Warning|[of] p2a: Ninetales\n|-ability|p1b: Gardevoir|Snow Warning|[from] ability: Trace|[of] p2a: Ninetales\n|turn|1\n|\n|t:|1696885179\n|move|p2b: Arctovish|Fishious Rend|p1a: Kleavor\n|-supereffective|p1a: Kleavor\n|-damage|p1a: Kleavor|0 fnt\n|faint|p1a: Kleavor\n|move|p2a: Ninetales|Aurora Veil|p2a: Ninetales\n|-sidestart|p2: Fluff018|move: Aurora Veil\n|move|p1b: Gardevoir|Mystical Fire|p2a: Ninetales\n|-supereffective|p2a: Ninetales\n|-damage|p2a: Ninetales|56\/100\n|-unboost|p2a: Ninetales|spa|1\n|\n|-weather|Snow|[upkeep]\n|upkeep\n|\n|t:|1696885197\n|switch|p1a: Gothitelle|Gothitelle, F|100\/100\n|turn|2\n|\n|t:|1696885208\n|move|p2b: Arctovish|Fishious Rend|p1a: Gothitelle\n|-damage|p1a: Gothitelle|16\/100\n|move|p2a: Ninetales|Blizzard|p1a: Gothitelle|[spread] p1a,p1b\n|-damage|p1a: Gothitelle|4\/100\n|-damage|p1b: Gardevoir|82\/100\n|move|p1b: Gardevoir|Skill Swap|p2b: Arctovish\n|-activate|p1b: Gardevoir|move: Skill Swap|Slush Rush|Snow Warning|[of] p2b: Arctovish\n|move|p1a: Gothitelle|Thunderbolt|p2b: Arctovish\n|-supereffective|p2b: Arctovish\n|-damage|p2b: Arctovish|58\/100\n|\n|-weather|Snow|[upkeep]\n|upkeep\n|turn|3\n|\n|t:|1696885243\n|switch|p1a: Lilligant|Lilligant-Hisui, F, shiny|100\/100\n|move|p1b: Gardevoir|Dazzling Gleam|p2a: Ninetales|[spread] p2a,p2b\n|-damage|p2a: Ninetales|33\/100\n|-damage|p2b: Arctovish|35\/100\n|move|p2a: Ninetales|Blizzard|p1a: Lilligant|[spread] p1a,p1b\n|-supereffective|p1a: Lilligant\n|-damage|p1a: Lilligant|48\/100\n|-damage|p1b: Gardevoir|64\/100\n|move|p2b: Arctovish|Fishious Rend|p1a: Lilligant\n|-resisted|p1a: Lilligant\n|-damage|p1a: Lilligant|0 fnt\n|faint|p1a: Lilligant\n|\n|-weather|Snow|[upkeep]\n|upkeep\n|\n|t:|1696885257\n|switch|p1a: Hawlucha|Hawlucha, M|100\/100\n|turn|4\n|\n|t:|1696885289\n|-terastallize|p1a: Hawlucha|Electric\n|move|p1b: Gardevoir|Dazzling Gleam|p2b: Arctovish|[spread] p2a,p2b\n|-damage|p2a: Ninetales|11\/100\n|-damage|p2b: Arctovish|12\/100\n|move|p2a: Ninetales|Blizzard|p1b: Gardevoir|[spread] p1a,p1b\n|-damage|p1a: Hawlucha|70\/100\n|-damage|p1b: Gardevoir|44\/100\n|move|p1a: Hawlucha|Thunder Punch|p2b: Arctovish\n|-supereffective|p2b: Arctovish\n|-damage|p2b: Arctovish|0 fnt\n|faint|p2b: Arctovish\n|\n|-weather|Snow|[upkeep]\n|upkeep\n|\n|t:|1696885302\n|switch|p2b: Glalie|Glalie, M|100\/100\n|turn|5\n|\n|t:|1696885311\n|detailschange|p2b: Glalie|Glalie-Mega, M\n|-mega|p2b: Glalie|Glalie|Glalitite\n|move|p1b: Gardevoir|Mystical Fire|p2b: Glalie\n|-supereffective|p2b: Glalie\n|-damage|p2b: Glalie|55\/100\n|-unboost|p2b: Glalie|spa|1\n|move|p2a: Ninetales|Blizzard|p1a: Hawlucha|[spread] p1a,p1b\n|-damage|p1a: Hawlucha|38\/100\n|-damage|p1b: Gardevoir|27\/100\n|-enditem|p1a: Hawlucha|Sitrus Berry|[eat]\n|-heal|p1a: Hawlucha|63\/100|[from] item: Sitrus Berry\n|move|p1a: Hawlucha|Fire Punch|p2b: Glalie\n|-supereffective|p2b: Glalie\n|-damage|p2b: Glalie|27\/100\n|move|p2b: Glalie|Explosion|p1a: Hawlucha|[spread] p2a,p1a,p1b\n|-resisted|p2a: Ninetales\n|-damage|p2a: Ninetales|0 fnt\n|-damage|p1a: Hawlucha|0 fnt\n|-damage|p1b: Gardevoir|0 fnt\n|faint|p2b: Glalie\n|faint|p2a: Ninetales\n|faint|p1a: Hawlucha\n|faint|p1b: Gardevoir\n|\n|-weather|none\n|upkeep\n|\n|t:|1696885331\n|switch|p2a: Abomasnow|Abomasnow, M|100\/100\n|switch|p2b: Arctozolt|Arctozolt|100\/100\n|switch|p1a: Grafaiai|Grafaiai, M|100\/100\n|switch|p1b: Gothitelle|Gothitelle, F|4\/100\n|-weather|Snow|[from] ability: Snow Warning|[of] p2a: Abomasnow\n|turn|6\n|\n|t:|1696885358\n|move|p1a: Grafaiai|Copycat|p1a: Grafaiai\n|move|p1a: Grafaiai|Explosion|p2b: Arctozolt|[from]move: Copycat|[spread] p1b,p2a,p2b\n|-damage|p1b: Gothitelle|0 fnt\n|-damage|p2a: Abomasnow|70\/100\n|-damage|p2b: Arctozolt|67\/100\n|faint|p1a: Grafaiai\n|faint|p1b: Gothitelle\n|\n|win|Fluff018\n|raw|MageDream&#x2f;UHE's rating: 1187 &rarr; <strong>1167<\/strong><br \/>(-20 for losing)\n|raw|Fluff018's rating: 1261 &rarr; <strong>1281<\/strong><br \/>(+20 for winning)\n|l|\u2606MageDream\/UHE\n|c|\u2606Fluff018|gg\n","uploadtime":1696885370,"views":17,"p1id":"magedreamuhe","p2id":"fluff018","formatid":"gen9nationaldexdoubles","rating":1167,"private":0,"password":""}