{"id":"gen9nationaldexdoubles-1977081307","p1":"sootywhisper73","p2":"Lord Highkage","format":"[Gen 9] National Dex Doubles","log":"|j|\u2606sootywhisper73\n|j|\u2606Lord Highkage\n|t:|1698369428\n|gametype|doubles\n|player|p1|sootywhisper73|dawn-gen4pt|\n|player|p2|Lord Highkage|102|\n|teamsize|p1|6\n|teamsize|p2|6\n|gen|9\n|tier|[Gen 9] National Dex Doubles\n|rule|HP Percentage Mod: HP is shown in percentages\n|rule|Endless Battle Clause: Forcing endless battles is banned\n|rule|OHKO Clause: OHKO moves are banned\n|rule|Evasion Moves Clause: Evasion moves are banned\n|rule|Evasion Abilities Clause: Evasion abilities are banned\n|rule|Species Clause: Limit one of each Pok\u00e9mon\n|rule|Gravity Sleep Clause: The combination of sleep-inducing moves with imperfect accuracy and Gravity or Gigantamax Orbeetle are banned\n|clearpoke\n|poke|p1|Charizard, F|\n|poke|p1|Samurott, F|\n|poke|p1|Lucario, F|\n|poke|p1|Tapu Koko|\n|poke|p1|Espeon, F|\n|poke|p1|Skarmory, F|\n|poke|p2|Torterra, M|\n|poke|p2|Hydreigon, F|\n|poke|p2|Jirachi|\n|poke|p2|Starmie|\n|poke|p2|Wyrdeer, M|\n|poke|p2|Salamence, F|\n|teampreview\n|\n|t:|1698369475\n|start\n|switch|p1a: Skarmory|Skarmory, F|100\/100\n|switch|p1b: Charizard|Charizard, F, shiny|100\/100\n|switch|p2a: Wyrdeer|Wyrdeer, M|100\/100\n|switch|p2b: Starmie|Starmie|100\/100\n|turn|1\n|\n|t:|1698369516\n|switch|p1b: Espeon|Espeon, F|100\/100\n|switch|p2b: Hydreigon|Hydreigon, F|100\/100\n|move|p1a: Skarmory|Tailwind|p1a: Skarmory\n|-sidestart|p1: sootywhisper73|move: Tailwind\n|move|p2a: Wyrdeer|Trick Room|p2a: Wyrdeer\n|-fieldstart|move: Trick Room|[of] p2a: Wyrdeer\n|\n|upkeep\n|turn|2\n|\n|t:|1698369533\n|switch|p1b: Charizard|Charizard, F, shiny|100\/100\n|move|p2a: Wyrdeer|Megahorn|p1b: Charizard\n|-resisted|p1b: Charizard\n|-damage|p1b: Charizard|90\/100\n|move|p2b: Hydreigon|Fire Blast|p1a: Skarmory\n|-supereffective|p1a: Skarmory\n|-crit|p1a: Skarmory\n|-ability|p1a: Skarmory|Sturdy\n|-damage|p1a: Skarmory|1\/100\n|-damage|p2b: Hydreigon|91\/100|[from] item: Life Orb\n|move|p1a: Skarmory|Stealth Rock|p2b: Hydreigon\n|-sidestart|p2: Lord Highkage|move: Stealth Rock\n|\n|-heal|p1a: Skarmory|7\/100|[from] item: Leftovers\n|upkeep\n|turn|3\n|\n|t:|1698369572\n|switch|p1a: Tapu Koko|Tapu Koko, shiny|100\/100\n|-fieldstart|move: Electric Terrain|[from] ability: Electric Surge|[of] p1a: Tapu Koko\n|detailschange|p1b: Charizard|Charizard-Mega-Y, F, shiny\n|-mega|p1b: Charizard|Charizard|Charizardite Y\n|-weather|SunnyDay|[from] ability: Drought|[of] p1b: Charizard\n|move|p2a: Wyrdeer|Psyshield Bash|p1a: Tapu Koko\n|-damage|p1a: Tapu Koko|64\/100\n|-boost|p2a: Wyrdeer|def|1\n|move|p2b: Hydreigon|Draco Meteor|p1b: Charizard\n|-damage|p1b: Charizard|0 fnt\n|-unboost|p2b: Hydreigon|spa|2\n|faint|p1b: Charizard\n|-damage|p2b: Hydreigon|81\/100|[from] item: Life Orb\n|\n|-weather|SunnyDay|[upkeep]\n|upkeep\n|\n|t:|1698369606\n|switch|p1b: Samurott|Samurott, F|100\/100\n|turn|4\n|\n|t:|1698369633\n|switch|p2b: Torterra|Torterra, M|100\/100\n|-damage|p2b: Torterra|94\/100|[from] Stealth Rock\n|move|p2a: Wyrdeer|Psyshield Bash|p1b: Samurott|[miss]\n|-miss|p2a: Wyrdeer|p1b: Samurott\n|move|p1a: Tapu Koko|Dazzling Gleam|p2a: Wyrdeer|[spread] p2a,p2b\n|-damage|p2a: Wyrdeer|81\/100\n|-damage|p2b: Torterra|74\/100\n|move|p1b: Samurott|Avalanche|p2b: Torterra\n|-supereffective|p2b: Torterra\n|-damage|p2b: Torterra|0 fnt\n|faint|p2b: Torterra\n|-damage|p1b: Samurott|91\/100|[from] item: Life Orb\n|\n|-weather|SunnyDay|[upkeep]\n|-heal|p2a: Wyrdeer|87\/100|[from] item: Leftovers\n|-sideend|p1: sootywhisper73|move: Tailwind\n|upkeep\n|\n|t:|1698369652\n|switch|p2b: Jirachi|Jirachi|100\/100\n|-damage|p2b: Jirachi|94\/100|[from] Stealth Rock\n|turn|5\n|\n|t:|1698369669\n|move|p2a: Wyrdeer|Psyshield Bash|p1a: Tapu Koko\n|-damage|p1a: Tapu Koko|29\/100\n|-boost|p2a: Wyrdeer|def|1\n|move|p2b: Jirachi|Meteor Mash|p1a: Tapu Koko\n|-damage|p1a: Tapu Koko|0 fnt\n|-boost|p2b: Jirachi|atk|1\n|faint|p1a: Tapu Koko\n|move|p1b: Samurott|Brick Break|p2a: Wyrdeer\n|-damage|p2a: Wyrdeer|72\/100\n|-damage|p1b: Samurott|81\/100|[from] item: Life Orb\n|\n|-weather|SunnyDay|[upkeep]\n|-heal|p2a: Wyrdeer|78\/100|[from] item: Leftovers\n|-heal|p2b: Jirachi|100\/100|[from] item: Leftovers\n|-fieldend|move: Trick Room\n|upkeep\n|\n|t:|1698369675\n|switch|p1a: Espeon|Espeon, F|100\/100\n|turn|6\n|\n|t:|1698369695\n|move|p1a: Espeon|Reflect|p1a: Espeon\n|-sidestart|p1: sootywhisper73|Reflect\n|move|p1b: Samurott|Drill Run|p2b: Jirachi|[miss]\n|-miss|p1b: Samurott|p2b: Jirachi\n|move|p2a: Wyrdeer|Megahorn|p1a: Espeon\n|-supereffective|p1a: Espeon\n|-damage|p1a: Espeon|38\/100\n|move|p2b: Jirachi|Trick Room|p2b: Jirachi\n|-fieldstart|move: Trick Room|[of] p2b: Jirachi\n|\n|-weather|SunnyDay|[upkeep]\n|-heal|p2a: Wyrdeer|84\/100|[from] item: Leftovers\n|-heal|p1a: Espeon|44\/100|[from] item: Leftovers\n|upkeep\n|turn|7\n|\n|t:|1698369716\n|move|p2a: Wyrdeer|Megahorn|p1a: Espeon\n|-supereffective|p1a: Espeon\n|-damage|p1a: Espeon|0 fnt\n|faint|p1a: Espeon\n|move|p2b: Jirachi|Cosmic Power|p2b: Jirachi\n|-boost|p2b: Jirachi|def|1\n|-boost|p2b: Jirachi|spd|1\n|move|p1b: Samurott|Drill Run|p2b: Jirachi\n|-supereffective|p2b: Jirachi\n|-damage|p2b: Jirachi|66\/100\n|-damage|p1b: Samurott|71\/100|[from] item: Life Orb\n|\n|-weather|none\n|-heal|p2a: Wyrdeer|90\/100|[from] item: Leftovers\n|-heal|p2b: Jirachi|73\/100|[from] item: Leftovers\n|-fieldend|move: Electric Terrain\n|upkeep\n|\n|t:|1698369722\n|switch|p1a: Lucario|Lucario, F|100\/100\n|turn|8\n|\n|t:|1698369759\n|move|p2a: Wyrdeer|Psyshield Bash|p1a: Lucario\n|-damage|p1a: Lucario|70\/100\n|-boost|p2a: Wyrdeer|def|1\n|move|p2b: Jirachi|Cosmic Power|p2b: Jirachi\n|-boost|p2b: Jirachi|def|1\n|-boost|p2b: Jirachi|spd|1\n|move|p1b: Samurott|Drill Run|p2b: Jirachi\n|-supereffective|p2b: Jirachi\n|-damage|p2b: Jirachi|46\/100\n|-damage|p1b: Samurott|61\/100|[from] item: Life Orb\n|move|p1a: Lucario|Blaze Kick|p2b: Jirachi\n|-supereffective|p2b: Jirachi\n|-damage|p2b: Jirachi|16\/100\n|-damage|p1a: Lucario|60\/100|[from] item: Life Orb\n|\n|-heal|p2a: Wyrdeer|96\/100|[from] item: Leftovers\n|-heal|p2b: Jirachi|23\/100|[from] item: Leftovers\n|upkeep\n|turn|9\n|\n|t:|1698369778\n|move|p2a: Wyrdeer|Psyshield Bash|p1a: Lucario\n|-damage|p1a: Lucario|31\/100\n|-boost|p2a: Wyrdeer|def|1\n|move|p2b: Jirachi|Life Dew|p2b: Jirachi|[spread] p2a,p2b\n|-heal|p2a: Wyrdeer|100\/100\n|-heal|p2b: Jirachi|48\/100\n|move|p1b: Samurott|Drill Run|p2b: Jirachi\n|-supereffective|p2b: Jirachi\n|-damage|p2b: Jirachi|21\/100\n|-damage|p1b: Samurott|51\/100|[from] item: Life Orb\n|move|p1a: Lucario|Blaze Kick|p2b: Jirachi\n|-supereffective|p2b: Jirachi\n|-damage|p2b: Jirachi|0 fnt\n|faint|p2b: Jirachi\n|-damage|p1a: Lucario|21\/100|[from] item: Life Orb\n|\n|upkeep\n|\n|t:|1698369807\n|switch|p2b: Salamence|Salamence, F|100\/100\n|-damage|p2b: Salamence|76\/100|[from] Stealth Rock\n|-ability|p2b: Salamence|Intimidate|boost\n|-fail|p1a: Lucario|unboost|Attack|[from] ability: Inner Focus|[of] p1a: Lucario\n|-unboost|p1b: Samurott|atk|1\n|turn|10\n|\n|t:|1698369821\n|move|p2a: Wyrdeer|Psyshield Bash|p1a: Lucario\n|-damage|p1a: Lucario|0 fnt\n|-boost|p2a: Wyrdeer|def|1\n|faint|p1a: Lucario\n|move|p2b: Salamence|Earthquake|p1b: Samurott|[spread] p2a,p1b\n|-damage|p2a: Wyrdeer|91\/100\n|-damage|p1b: Samurott|29\/100\n|move|p1b: Samurott|Avalanche|p2b: Salamence\n|-supereffective|p2b: Salamence\n|-damage|p2b: Salamence|0 fnt\n|faint|p2b: Salamence\n|-damage|p1b: Samurott|19\/100|[from] item: Life Orb\n|\n|-heal|p2a: Wyrdeer|98\/100|[from] item: Leftovers\n|-sideend|p1: sootywhisper73|Reflect\n|-fieldend|move: Trick Room\n|upkeep\n|\n|t:|1698369839\n|switch|p1a: Skarmory|Skarmory, F|7\/100\n|switch|p2b: Hydreigon|Hydreigon, F|81\/100\n|-damage|p2b: Hydreigon|69\/100|[from] Stealth Rock\n|turn|11\n|\n|t:|1698369860\n|switch|p2b: Starmie|Starmie|100\/100\n|-damage|p2b: Starmie|88\/100|[from] Stealth Rock\n|move|p1a: Skarmory|Tailwind|p1a: Skarmory\n|-sidestart|p1: sootywhisper73|move: Tailwind\n|move|p2a: Wyrdeer|Psyshield Bash|p1b: Samurott\n|-damage|p1b: Samurott|0 fnt\n|-boost|p2a: Wyrdeer|def|1\n|faint|p1b: Samurott\n|\n|-heal|p1a: Skarmory|13\/100|[from] item: Leftovers\n|-heal|p2a: Wyrdeer|100\/100|[from] item: Leftovers\n|upkeep\n|turn|12\n|\n|t:|1698369876\n|move|p1a: Skarmory|Drill Peck|p2a: Wyrdeer\n|-damage|p2a: Wyrdeer|92\/100\n|move|p2b: Starmie|Power Gem|p1a: Skarmory\n|-crit|p1a: Skarmory\n|-damage|p1a: Skarmory|0 fnt\n|faint|p1a: Skarmory\n|-damage|p2b: Starmie|78\/100|[from] item: Life Orb\n|\n|win|Lord Highkage\n|c|\u2606Lord Highkage|gg\n|c|\u2606sootywhisper73|gg\n|l|\u2606sootywhisper73\n","uploadtime":1698369888,"views":12,"p1id":"sootywhisper73","p2id":"lordhighkage","formatid":"gen9nationaldexdoubles","rating":0,"private":0,"password":""}