{"id":"gen9nationaldexdoubles-1965941902","p1":"hogocog","p2":"myarip","format":"[Gen 9] National Dex Doubles","log":"|j|\u2606hogocog\n|j|\u2606myarip\n|t:|1697131736\n|gametype|doubles\n|player|p1|hogocog|266|\n|player|p2|myarip|sabrina|\n|teamsize|p1|6\n|teamsize|p2|6\n|gen|9\n|tier|[Gen 9] National Dex Doubles\n|rule|HP Percentage Mod: HP is shown in percentages\n|rule|Endless Battle Clause: Forcing endless battles is banned\n|rule|OHKO Clause: OHKO moves are banned\n|rule|Evasion Moves Clause: Evasion moves are banned\n|rule|Evasion Abilities Clause: Evasion abilities are banned\n|rule|Species Clause: Limit one of each Pok\u00e9mon\n|rule|Gravity Sleep Clause: The combination of sleep-inducing moves with imperfect accuracy and Gravity or Gigantamax Orbeetle are banned\n|clearpoke\n|poke|p1|Gholdengo|\n|poke|p1|Salamence, F|\n|poke|p1|Ferrothorn, M|\n|poke|p1|Darmanitan-Galar, F|\n|poke|p1|Palafin, F|\n|poke|p1|Ursaluna-Bloodmoon, M|\n|poke|p2|Granbull, F|\n|poke|p2|Togekiss, M|\n|poke|p2|Umbreon, M|\n|poke|p2|Carbink|\n|poke|p2|Klefki, F|\n|poke|p2|Iron Valiant|\n|teampreview\n|c|\u2606hogocog|glhf\n|c|\u2606myarip|u 2\n|\n|t:|1697131765\n|start\n|switch|p1a: Salamence|Salamence, F|100\/100\n|switch|p1b: Ferrothorn|Ferrothorn, M|100\/100\n|switch|p2a: Granbull|Granbull, F|100\/100\n|switch|p2b: Togekiss|Togekiss, M|100\/100\n|-ability|p1a: Salamence|Intimidate|boost\n|-unboost|p2a: Granbull|atk|1\n|-unboost|p2b: Togekiss|atk|1\n|-ability|p2a: Granbull|Intimidate|boost\n|-unboost|p1a: Salamence|atk|1\n|-unboost|p1b: Ferrothorn|atk|1\n|turn|1\n|\n|t:|1697131806\n|detailschange|p1a: Salamence|Salamence-Mega, F\n|-mega|p1a: Salamence|Salamence|Salamencite\n|-terastallize|p1b: Ferrothorn|Fairy\n|move|p1a: Salamence|Earthquake|p2a: Granbull|[spread] p1b,p2a\n|-immune|p2b: Togekiss\n|-damage|p1b: Ferrothorn|86\/100\n|-damage|p2a: Granbull|76\/100\n|move|p2b: Togekiss|Flamethrower|p1b: Ferrothorn\n|-crit|p1b: Ferrothorn\n|-damage|p1b: Ferrothorn|59\/100\n|move|p2a: Granbull|Thunder Wave|p1a: Salamence\n|-status|p1a: Salamence|par\n|move|p1b: Ferrothorn|Spikes|p2a: Granbull\n|-sidestart|p2: myarip|Spikes\n|\n|-heal|p2a: Granbull|83\/100|[from] item: Leftovers\n|-heal|p1b: Ferrothorn|65\/100|[from] item: Leftovers\n|upkeep\n|turn|2\n|\n|t:|1697131842\n|switch|p1a: Ursaluna|Ursaluna-Bloodmoon, M|100\/100\n|move|p2b: Togekiss|Dazzling Gleam|p1a: Ursaluna|[spread] p1a,p1b\n|-crit|p1b: Ferrothorn\n|-damage|p1a: Ursaluna|64\/100\n|-damage|p1b: Ferrothorn|39\/100\n|move|p2a: Granbull|Play Rough|p1a: Ursaluna\n|-damage|p1a: Ursaluna|40\/100\n|move|p1b: Ferrothorn|Leech Seed|p2a: Granbull\n|-start|p2a: Granbull|move: Leech Seed\n|\n|-heal|p2a: Granbull|89\/100|[from] item: Leftovers\n|-heal|p1b: Ferrothorn|45\/100|[from] item: Leftovers\n|-damage|p2a: Granbull|76\/100|[from] Leech Seed|[of] p1b: Ferrothorn\n|-heal|p1b: Ferrothorn|59\/100|[silent]\n|upkeep\n|turn|3\n|\n|t:|1697131884\n|move|p2b: Togekiss|Dazzling Gleam|p1a: Ursaluna|[spread] p1a,p1b\n|-crit|p1a: Ursaluna\n|-crit|p1b: Ferrothorn\n|-damage|p1a: Ursaluna|0 fnt\n|-damage|p1b: Ferrothorn|32\/100\n|faint|p1a: Ursaluna\n|move|p2a: Granbull|Fire Punch|p1b: Ferrothorn\n|-damage|p1b: Ferrothorn|19\/100\n|-damage|p2a: Granbull|64\/100|[from] ability: Iron Barbs|[of] p1b: Ferrothorn\n|move|p1b: Ferrothorn|Spikes|p2a: Granbull\n|-sidestart|p2: myarip|Spikes\n|\n|-heal|p2a: Granbull|70\/100|[from] item: Leftovers\n|-heal|p1b: Ferrothorn|25\/100|[from] item: Leftovers\n|-damage|p2a: Granbull|58\/100|[from] Leech Seed|[of] p1b: Ferrothorn\n|-heal|p1b: Ferrothorn|39\/100|[silent]\n|upkeep\n|\n|t:|1697131899\n|switch|p1a: Darmanitan|Darmanitan-Galar, F|100\/100\n|turn|4\n|\n|t:|1697131913\n|switch|p1b: Palafin|Palafin, F|100\/100\n|move|p1a: Darmanitan|Icicle Crash|p2b: Togekiss\n|-supereffective|p2b: Togekiss\n|-damage|p2b: Togekiss|0 fnt\n|faint|p2b: Togekiss\n|move|p2a: Granbull|Fire Punch|p1a: Darmanitan\n|-supereffective|p1a: Darmanitan\n|-damage|p1a: Darmanitan|45\/100\n|\n|-heal|p2a: Granbull|64\/100|[from] item: Leftovers\n|-damage|p2a: Granbull|51\/100|[from] Leech Seed|[of] p1b: Palafin\n|upkeep\n|\n|t:|1697131927\n|switch|p2b: Umbreon|Umbreon, M|100\/100\n|-damage|p2b: Umbreon|84\/100|[from] Spikes\n|turn|5\n|j| CloysterEnjoyer\n|c| CloysterEnjoyer|oo lala\n|\n|t:|1697132000\n|-terastallize|p2b: Umbreon|Fairy\n|move|p1a: Darmanitan|Icicle Crash|p2a: Granbull\n|-damage|p2a: Granbull|0 fnt\n|faint|p2a: Granbull\n|move|p1b: Palafin|Flip Turn|p2b: Umbreon\n|-damage|p2b: Umbreon|59\/100\n|\n|t:|1697132009\n|detailschange|p1b: Palafin|Palafin-Hero, F\n|switch|p1b: Ferrothorn|Ferrothorn, M, tera:Fairy|39\/100|[from] Flip Turn\n|move|p2b: Umbreon|Calm Mind|p2b: Umbreon\n|-boost|p2b: Umbreon|spa|1\n|-boost|p2b: Umbreon|spd|1\n|\n|-heal|p2b: Umbreon|65\/100|[from] item: Leftovers\n|-heal|p1b: Ferrothorn|45\/100|[from] item: Leftovers\n|upkeep\n|\n|t:|1697132018\n|switch|p2a: Klefki|Klefki, F|100\/100\n|-damage|p2a: Klefki|84\/100|[from] Spikes\n|turn|6\n|\n|t:|1697132039\n|switch|p1a: Gholdengo|Gholdengo|100\/100\n|move|p2b: Umbreon|Protect|p2b: Umbreon\n|-singleturn|p2b: Umbreon|Protect\n|move|p2a: Klefki|Reflect|p2a: Klefki\n|-sidestart|p2: myarip|Reflect\n|move|p1b: Ferrothorn|Leech Seed|p2b: Umbreon\n|-activate|p2b: Umbreon|move: Protect\n|\n|-heal|p2b: Umbreon|71\/100|[from] item: Leftovers\n|-heal|p1b: Ferrothorn|51\/100|[from] item: Leftovers\n|upkeep\n|turn|7\n|\n|t:|1697132068\n|move|p2a: Klefki|Thunder Wave|p1a: Gholdengo\n|-immune|p1a: Gholdengo|[from] ability: Good as Gold\n|move|p1a: Gholdengo|Make It Rain|p2a: Klefki|[spread] p2a,p2b\n|-supereffective|p2b: Umbreon\n|-damage|p2a: Klefki|33\/100\n|-damage|p2b: Umbreon|31\/100\n|-unboost|p1a: Gholdengo|spa|1\n|move|p2b: Umbreon|Toxic|p1b: Ferrothorn\n|-status|p1b: Ferrothorn|tox\n|move|p1b: Ferrothorn|Leech Seed|p2b: Umbreon\n|-start|p2b: Umbreon|move: Leech Seed\n|\n|-heal|p2b: Umbreon|37\/100|[from] item: Leftovers\n|-heal|p1b: Ferrothorn|57\/100 tox|[from] item: Leftovers\n|-damage|p2b: Umbreon|25\/100|[from] Leech Seed|[of] p1b: Ferrothorn\n|-heal|p1b: Ferrothorn|69\/100 tox|[silent]\n|-damage|p1b: Ferrothorn|63\/100 tox|[from] psn\n|upkeep\n|turn|8\n|\n|t:|1697132094\n|switch|p1a: Salamence|Salamence-Mega, F|100\/100 par\n|move|p2b: Umbreon|Protect|p2b: Umbreon\n|-singleturn|p2b: Umbreon|Protect\n|move|p2a: Klefki|Light Screen|p2a: Klefki\n|-sidestart|p2: myarip|move: Light Screen\n|move|p1b: Ferrothorn|Leech Seed|p2a: Klefki\n|-start|p2a: Klefki|move: Leech Seed\n|\n|-heal|p2b: Umbreon|31\/100|[from] item: Leftovers\n|-heal|p1b: Ferrothorn|69\/100 tox|[from] item: Leftovers\n|-damage|p2a: Klefki|21\/100|[from] Leech Seed|[of] p1b: Ferrothorn\n|-heal|p1b: Ferrothorn|77\/100 tox|[silent]\n|-damage|p2b: Umbreon|18\/100|[from] Leech Seed|[of] p1b: Ferrothorn\n|-heal|p1b: Ferrothorn|89\/100 tox|[silent]\n|-damage|p1b: Ferrothorn|77\/100 tox|[from] psn\n|upkeep\n|turn|9\n|\n|t:|1697132124\n|switch|p2a: Carbink|Carbink|100\/100\n|-damage|p2a: Carbink|84\/100|[from] Spikes\n|move|p1a: Salamence|Earthquake|p2b: Umbreon|[spread] p1b,p2a,p2b\n|-supereffective|p2a: Carbink\n|-damage|p1b: Ferrothorn|52\/100 tox\n|-damage|p2a: Carbink|54\/100\n|-damage|p2b: Umbreon|4\/100\n|move|p2b: Umbreon|Baton Pass|p2b: Umbreon\n|\n|t:|1697132132\n|switch|p2b: Iron Valiant|Iron Valiant|100\/100|[from] Baton Pass\n|-enditem|p2b: Iron Valiant|Booster Energy\n|-activate|p2b: Iron Valiant|ability: Quark Drive|[fromitem]\n|-start|p2b: Iron Valiant|quarkdriveatk\n|-damage|p2b: Iron Valiant|84\/100|[from] Spikes\n|move|p1b: Ferrothorn|Spikes|p2a: Carbink\n|-sidestart|p2: myarip|Spikes\n|\n|-heal|p2a: Carbink|60\/100|[from] item: Leftovers\n|-heal|p1b: Ferrothorn|58\/100 tox|[from] item: Leftovers\n|-damage|p2b: Iron Valiant|72\/100|[from] Leech Seed|[of] p1b: Ferrothorn\n|-heal|p1b: Ferrothorn|68\/100 tox|[silent]\n|-damage|p1b: Ferrothorn|50\/100 tox|[from] psn\n|upkeep\n|turn|10\n|c| CloysterEnjoyer|this is close\n|\n|t:|1697132146\n|move|p2b: Iron Valiant|Spirit Break|p1a: Salamence\n|-supereffective|p1a: Salamence\n|-damage|p1a: Salamence|9\/100 par\n|-unboost|p1a: Salamence|spa|1\n|move|p1a: Salamence|Return|p2b: Iron Valiant\n|-supereffective|p2b: Iron Valiant\n|-damage|p2b: Iron Valiant|0 fnt\n|faint|p2b: Iron Valiant\n|-end|p2b: Iron Valiant|Quark Drive|[silent]\n|move|p2a: Carbink|Stealth Rock|p1a: Salamence\n|-sidestart|p1: hogocog|move: Stealth Rock\n|move|p1b: Ferrothorn|Leech Seed|p2a: Carbink\n|-start|p2a: Carbink|move: Leech Seed\n|\n|-heal|p2a: Carbink|66\/100|[from] item: Leftovers\n|-heal|p1b: Ferrothorn|56\/100 tox|[from] item: Leftovers\n|-damage|p2a: Carbink|54\/100|[from] Leech Seed|[of] p1b: Ferrothorn\n|-heal|p1b: Ferrothorn|65\/100 tox|[silent]\n|-damage|p1b: Ferrothorn|41\/100 tox|[from] psn\n|upkeep\n|\n|t:|1697132160\n|switch|p2b: Klefki|Klefki, F|21\/100\n|-damage|p2b: Klefki|0 fnt|[from] Spikes\n|faint|p2b: Klefki\n|c| CloysterEnjoyer|no way\n|\n|t:|1697132177\n|switch|p2b: Umbreon|Umbreon, M, tera:Fairy|4\/100\n|-damage|p2b: Umbreon|0 fnt|[from] Spikes\n|faint|p2b: Umbreon\n|turn|11\n|\n|t:|1697132197\n|move|p2a: Carbink|Protect|p2a: Carbink\n|-singleturn|p2a: Carbink|Protect\n|move|p1a: Salamence|Earthquake|p2a: Carbink|[spread] p1b\n|-activate|p2a: Carbink|move: Protect\n|-damage|p1b: Ferrothorn|16\/100 tox\n|move|p1b: Ferrothorn|Knock Off|p2a: Carbink\n|-activate|p2a: Carbink|move: Protect\n|\n|-heal|p2a: Carbink|60\/100|[from] item: Leftovers\n|-heal|p1b: Ferrothorn|22\/100 tox|[from] item: Leftovers\n|-damage|p2a: Carbink|48\/100|[from] Leech Seed|[of] p1b: Ferrothorn\n|-heal|p1b: Ferrothorn|31\/100 tox|[silent]\n|-damage|p1b: Ferrothorn|1\/100 tox|[from] psn\n|upkeep\n|turn|12\n|\n|t:|1697132213\n|move|p1a: Salamence|Roost|p1a: Salamence\n|-heal|p1a: Salamence|59\/100 par\n|-singleturn|p1a: Salamence|move: Roost\n|move|p2a: Carbink|Spikes|p1a: Salamence\n|-sidestart|p1: hogocog|Spikes\n|move|p1b: Ferrothorn|Knock Off|p2a: Carbink\n|-resisted|p2a: Carbink\n|-damage|p2a: Carbink|43\/100\n|-enditem|p2a: Carbink|Leftovers|[from] move: Knock Off|[of] p1b: Ferrothorn\n|\n|-heal|p1b: Ferrothorn|7\/100 tox|[from] item: Leftovers\n|-damage|p2a: Carbink|30\/100|[from] Leech Seed|[of] p1b: Ferrothorn\n|-heal|p1b: Ferrothorn|16\/100 tox|[silent]\n|-damage|p1b: Ferrothorn|0 fnt|[from] psn\n|faint|p1b: Ferrothorn\n|upkeep\n|\n|t:|1697132224\n|switch|p1b: Palafin|Palafin-Hero, F|100\/100\n|-damage|p1b: Palafin|88\/100|[from] Stealth Rock\n|-damage|p1b: Palafin|76\/100|[from] Spikes\n|-activate|p1b: Palafin|ability: Zero to Hero\n|turn|13\n|\n|t:|1697132236\n|move|p2a: Carbink|Protect|p2a: Carbink\n|-singleturn|p2a: Carbink|Protect\n|move|p1b: Palafin|Wave Crash|p2a: Carbink\n|-activate|p2a: Carbink|move: Protect\n|move|p1a: Salamence|Return|p2a: Carbink\n|-activate|p2a: Carbink|move: Protect\n|\n|-damage|p2a: Carbink|18\/100|[from] Leech Seed|[of] p1b: Palafin\n|-heal|p1b: Palafin|85\/100|[silent]\n|-sideend|p2: myarip|Reflect\n|upkeep\n|turn|14\n|\n|t:|1697132249\n|move|p1b: Palafin|Wave Crash|p2a: Carbink\n|-supereffective|p2a: Carbink\n|-damage|p2a: Carbink|0 fnt\n|faint|p2a: Carbink\n|-damage|p1b: Palafin|81\/100|[from] Recoil\n|\n|win|hogocog\n|c|\u2606myarip|gg.......\n|c|\u2606hogocog|gg\n|c|\u2606myarip|I KNEW MY TEAM WASNT GOOD AGAINST YOURS\n|c|\u2606myarip|you counter everything when I saw yours\n","uploadtime":1697132313,"views":8,"p1id":"hogocog","p2id":"myarip","formatid":"gen9nationaldexdoubles","rating":0,"private":0,"password":""}