{"id":"gen9nationaldexdoubles-1949311710","p1":"kingspeed51","p2":"Fightguy2654","format":"[Gen 9] National Dex Doubles","log":"|j|\u2606kingspeed51\n|j|\u2606Fightguy2654\n|t:|1695346025\n|gametype|doubles\n|player|p1|kingspeed51|102|1138\n|player|p2|Fightguy2654|266|1108\n|teamsize|p1|6\n|teamsize|p2|6\n|gen|9\n|tier|[Gen 9] National Dex Doubles\n|rated|\n|rule|HP Percentage Mod: HP is shown in percentages\n|rule|Endless Battle Clause: Forcing endless battles is banned\n|rule|OHKO Clause: OHKO moves are banned\n|rule|Evasion Moves Clause: Evasion moves are banned\n|rule|Evasion Abilities Clause: Evasion abilities are banned\n|rule|Species Clause: Limit one of each Pok\u00e9mon\n|rule|Gravity Sleep Clause: The combination of sleep-inducing moves with imperfect accuracy and Gravity or Gigantamax Orbeetle are banned\n|clearpoke\n|poke|p1|Metagross|\n|poke|p1|Roaring Moon|\n|poke|p1|Milotic, F|\n|poke|p1|Sinistcha|\n|poke|p1|Talonflame, F|\n|poke|p1|Chansey, F|\n|poke|p2|Zapdos|\n|poke|p2|Hatterene, F|\n|poke|p2|Ogerpon-Hearthflame, F|\n|poke|p2|Flutter Mane|\n|poke|p2|Walking Wake|\n|poke|p2|Torkoal, F|\n|teampreview\n|\n|t:|1695346057\n|start\n|switch|p1a: Talonflame|Talonflame, F|100\/100\n|switch|p1b: Roaring Moon|Roaring Moon|100\/100\n|switch|p2a: Torkoal|Torkoal, F|100\/100\n|switch|p2b: Hatterene|Hatterene, F|100\/100\n|-weather|SunnyDay|[from] ability: Drought|[of] p2a: Torkoal\n|-activate|p1b: Roaring Moon|ability: Protosynthesis\n|-start|p1b: Roaring Moon|protosynthesisatk\n|turn|1\n|\n|t:|1695346075\n|switch|p2b: Walking Wake|Walking Wake|100\/100\n|-activate|p2b: Walking Wake|ability: Protosynthesis\n|-start|p2b: Walking Wake|protosynthesisspa\n|-terastallize|p1b: Roaring Moon|Flying\n|move|p1a: Talonflame|Flare Blitz|p2b: Walking Wake\n|-resisted|p2b: Walking Wake\n|-damage|p2b: Walking Wake|82\/100\n|-damage|p1a: Talonflame|94\/100|[from] Recoil\n|move|p1b: Roaring Moon|Acrobatics|p2b: Walking Wake\n|-damage|p2b: Walking Wake|35\/100\n|move|p2a: Torkoal|Stealth Rock|p1a: Talonflame\n|-sidestart|p1: kingspeed51|move: Stealth Rock\n|\n|-weather|SunnyDay|[upkeep]\n|upkeep\n|turn|2\n|j| S1r.sweepsaLot\n|l| S1r.sweepsaLot\n|\n|t:|1695346106\n|switch|p2a: Flutter Mane|Flutter Mane|100\/100\n|-activate|p2a: Flutter Mane|ability: Protosynthesis\n|-start|p2a: Flutter Mane|protosynthesisspe\n|-terastallize|p2b: Walking Wake|Water\n|move|p1a: Talonflame|Tailwind|p1a: Talonflame\n|-sidestart|p1: kingspeed51|move: Tailwind\n|move|p1b: Roaring Moon|Outrage|p2a: Flutter Mane\n|-immune|p2a: Flutter Mane\n|move|p2b: Walking Wake|Hydro Steam|p1a: Talonflame\n|-supereffective|p1a: Talonflame\n|-crit|p1a: Talonflame\n|-damage|p1a: Talonflame|0 fnt\n|faint|p1a: Talonflame\n|\n|-weather|SunnyDay|[upkeep]\n|upkeep\n|\n|t:|1695346121\n|switch|p1a: Sinistcha|Sinistcha|100\/100\n|-damage|p1a: Sinistcha|88\/100|[from] Stealth Rock\n|turn|3\n|\n|t:|1695346155\n|-end|p2a: Flutter Mane|Protosynthesis|[silent]\n|switch|p2a: Hatterene|Hatterene, F|100\/100\n|-end|p2b: Walking Wake|Protosynthesis|[silent]\n|switch|p2b: Zapdos|Zapdos|100\/100\n|move|p1b: Roaring Moon|Acrobatics|p2a: Hatterene\n|-damage|p2a: Hatterene|54\/100\n|move|p1a: Sinistcha|Shadow Ball|p2a: Hatterene\n|-supereffective|p2a: Hatterene\n|-damage|p2a: Hatterene|0 fnt\n|faint|p2a: Hatterene\n|\n|-weather|SunnyDay|[upkeep]\n|upkeep\n|\n|t:|1695346167\n|switch|p2a: Ogerpon|Ogerpon-Hearthflame, F|100\/100\n|-ability|p2a: Ogerpon|Mold Breaker\n|turn|4\n|inactive|Battle timer is ON: inactive players will automatically lose when time's up. (requested by Fightguy2654)\n|\n|t:|1695346175\n|move|p1a: Sinistcha|Protect|p1a: Sinistcha\n|-singleturn|p1a: Sinistcha|Protect\n|move|p1b: Roaring Moon|Acrobatics|p2a: Ogerpon\n|-supereffective|p2a: Ogerpon\n|-damage|p2a: Ogerpon|0 fnt\n|faint|p2a: Ogerpon\n|move|p2b: Zapdos|Thunderbolt|p1b: Roaring Moon\n|-supereffective|p1b: Roaring Moon\n|-damage|p1b: Roaring Moon|0 fnt\n|faint|p1b: Roaring Moon\n|-end|p1b: Roaring Moon|Protosynthesis|[silent]\n|\n|-weather|SunnyDay|[upkeep]\n|upkeep\n|\n|t:|1695346190\n|switch|p2a: Torkoal|Torkoal, F|100\/100\n|switch|p1b: Metagross|Metagross|100\/100\n|-damage|p1b: Metagross|95\/100|[from] Stealth Rock\n|turn|5\n|inactive|Fightguy2654 has 120 seconds left.\n|\n|t:|1695346225\n|move|p1b: Metagross|Earthquake|p2b: Zapdos|[spread] p1a,p2a\n|-immune|p2b: Zapdos\n|-resisted|p1a: Sinistcha\n|-supereffective|p2a: Torkoal\n|-damage|p1a: Sinistcha|75\/100\n|-damage|p2a: Torkoal|62\/100\n|-enditem|p2a: Torkoal|Red Card|[of] p1b: Metagross\n|drag|p1b: Chansey|Chansey, F|100\/100\n|-damage|p1b: Chansey|88\/100|[from] Stealth Rock\n|move|p1a: Sinistcha|Scald|p2a: Torkoal\n|-supereffective|p2a: Torkoal\n|-damage|p2a: Torkoal|37\/100\n|move|p2b: Zapdos|Thunderbolt|p1a: Sinistcha\n|-resisted|p1a: Sinistcha\n|-damage|p1a: Sinistcha|45\/100\n|move|p2a: Torkoal|Overheat|p1b: Chansey\n|-damage|p1b: Chansey|67\/100\n|-unboost|p2a: Torkoal|spa|2\n|\n|-weather|none\n|-sideend|p1: kingspeed51|move: Tailwind\n|upkeep\n|turn|6\n|inactive|Fightguy2654 has 120 seconds left.\n|j| S1r.sweepsaLot\n|\n|t:|1695346253\n|switch|p2a: Flutter Mane|Flutter Mane|100\/100\n|move|p1a: Sinistcha|Protect|p1a: Sinistcha\n|-singleturn|p1a: Sinistcha|Protect\n|move|p2b: Zapdos|Thunderbolt|p1a: Sinistcha\n|-activate|p1a: Sinistcha|move: Protect\n|move|p1b: Chansey|Soft-Boiled|p1b: Chansey\n|-heal|p1b: Chansey|100\/100\n|\n|upkeep\n|turn|7\n|\n|t:|1695346269\n|switch|p2b: Torkoal|Torkoal, F|37\/100\n|-weather|SunnyDay|[from] ability: Drought|[of] p2b: Torkoal\n|-activate|p2a: Flutter Mane|ability: Protosynthesis\n|-start|p2a: Flutter Mane|protosynthesisspe\n|switch|p1a: Milotic|Milotic, F|100\/100\n|-damage|p1a: Milotic|88\/100|[from] Stealth Rock\n|move|p2a: Flutter Mane|Moonblast|p1a: Milotic\n|-damage|p1a: Milotic|36\/100\n|-damage|p2a: Flutter Mane|91\/100|[from] item: Life Orb\n|move|p1b: Chansey|Toxic|p2a: Flutter Mane\n|-status|p2a: Flutter Mane|tox\n|\n|-weather|SunnyDay|[upkeep]\n|-damage|p2a: Flutter Mane|85\/100 tox|[from] psn\n|upkeep\n|turn|8\n|\n|t:|1695346296\n|move|p1a: Milotic|Protect|p1a: Milotic\n|-singleturn|p1a: Milotic|Protect\n|move|p2a: Flutter Mane|Shadow Ball|p1a: Milotic\n|-activate|p1a: Milotic|move: Protect\n|move|p1b: Chansey|Toxic|p2b: Torkoal\n|-status|p2b: Torkoal|tox\n|move|p2b: Torkoal|Overheat|p1b: Chansey\n|-damage|p1b: Chansey|80\/100\n|-unboost|p2b: Torkoal|spa|2\n|\n|-weather|SunnyDay|[upkeep]\n|-damage|p2a: Flutter Mane|73\/100 tox|[from] psn\n|-damage|p2b: Torkoal|31\/100 tox|[from] psn\n|upkeep\n|turn|9\n|inactive|kingspeed51 has 120 seconds left.\n|\n|t:|1695346339\n|switch|p2b: Walking Wake|Walking Wake, tera:Water|35\/100\n|-activate|p2b: Walking Wake|ability: Protosynthesis\n|-start|p2b: Walking Wake|protosynthesisspa\n|move|p2a: Flutter Mane|Shadow Ball|p1a: Milotic\n|-damage|p1a: Milotic|0 fnt\n|faint|p1a: Milotic\n|-damage|p2a: Flutter Mane|63\/100 tox|[from] item: Life Orb\n|move|p1b: Chansey|Seismic Toss|p2b: Walking Wake\n|-damage|p2b: Walking Wake|6\/100\n|\n|-weather|SunnyDay|[upkeep]\n|-damage|p2a: Flutter Mane|45\/100 tox|[from] psn\n|upkeep\n|l| S1r.sweepsaLot\n|\n|t:|1695346353\n|switch|p1a: Sinistcha|Sinistcha|45\/100\n|-damage|p1a: Sinistcha|32\/100|[from] Stealth Rock\n|-heal|p1b: Chansey|100\/100|[from] ability: Hospitality|[of] p1a: Sinistcha\n|turn|10\n|inactive|kingspeed51 has 120 seconds left.\n|inactive|Fightguy2654 has 120 seconds left.\n|\n|t:|1695346385\n|move|p1a: Sinistcha|Protect|p1a: Sinistcha\n|-singleturn|p1a: Sinistcha|Protect\n|move|p2a: Flutter Mane|Moonblast|p1b: Chansey\n|-damage|p1b: Chansey|80\/100\n|-damage|p2a: Flutter Mane|35\/100 tox|[from] item: Life Orb\n|move|p2b: Walking Wake|Hydro Steam|p1b: Chansey\n|-damage|p1b: Chansey|34\/100\n|move|p1b: Chansey|Seismic Toss|p2b: Walking Wake\n|-damage|p2b: Walking Wake|0 fnt\n|faint|p2b: Walking Wake\n|-end|p2b: Walking Wake|Protosynthesis|[silent]\n|\n|-weather|SunnyDay|[upkeep]\n|-damage|p2a: Flutter Mane|11\/100 tox|[from] psn\n|upkeep\n|inactive|Fightguy2654 has 120 seconds left.\n|\n|t:|1695346395\n|switch|p2b: Zapdos|Zapdos|100\/100\n|turn|11\n|\n|t:|1695346403\n|move|p2a: Flutter Mane|Shadow Ball|p1a: Sinistcha\n|-supereffective|p1a: Sinistcha\n|-damage|p1a: Sinistcha|0 fnt\n|faint|p1a: Sinistcha\n|-damage|p2a: Flutter Mane|1\/100 tox|[from] item: Life Orb\n|move|p2b: Zapdos|Weather Ball|p1b: Chansey\n|-damage|p1b: Chansey|9\/100\n|move|p1b: Chansey|Soft-Boiled|p1b: Chansey\n|-heal|p1b: Chansey|59\/100\n|\n|-weather|none\n|-end|p2a: Flutter Mane|Protosynthesis\n|-damage|p2a: Flutter Mane|0 fnt|[from] psn\n|faint|p2a: Flutter Mane\n|-end|p2a: Flutter Mane|Protosynthesis|[silent]\n|upkeep\n|inactive|Fightguy2654 has 120 seconds left.\n|\n|t:|1695346439\n|switch|p2a: Torkoal|Torkoal, F|31\/100 tox\n|switch|p1a: Metagross|Metagross|95\/100\n|-damage|p1a: Metagross|89\/100|[from] Stealth Rock\n|-weather|SunnyDay|[from] ability: Drought|[of] p2a: Torkoal\n|turn|12\n|\n|t:|1695346448\n|move|p2b: Zapdos|Weather Ball|p1a: Metagross\n|-supereffective|p1a: Metagross\n|-damage|p1a: Metagross|0 fnt\n|faint|p1a: Metagross\n|move|p1b: Chansey|Soft-Boiled|p1b: Chansey\n|-heal|p1b: Chansey|100\/100\n|move|p2a: Torkoal|Overheat|p1b: Chansey\n|-damage|p1b: Chansey|80\/100\n|-unboost|p2a: Torkoal|spa|2\n|\n|-weather|SunnyDay|[upkeep]\n|-damage|p2a: Torkoal|25\/100 tox|[from] psn\n|upkeep\n|turn|13\n|\n|t:|1695346466\n|move|p2b: Zapdos|Weather Ball|p1b: Chansey\n|-damage|p1b: Chansey|58\/100\n|move|p1b: Chansey|Toxic|p2b: Zapdos\n|-status|p2b: Zapdos|tox\n|move|p2a: Torkoal|Overheat|p1b: Chansey\n|-damage|p1b: Chansey|49\/100\n|-unboost|p2a: Torkoal|spa|2\n|\n|-weather|SunnyDay|[upkeep]\n|-damage|p2b: Zapdos|94\/100 tox|[from] psn\n|-damage|p2a: Torkoal|12\/100 tox|[from] psn\n|upkeep\n|turn|14\n|\n|t:|1695346477\n|move|p2b: Zapdos|Weather Ball|p1b: Chansey\n|-damage|p1b: Chansey|25\/100\n|move|p1b: Chansey|Soft-Boiled|p1b: Chansey\n|-heal|p1b: Chansey|75\/100\n|move|p2a: Torkoal|Overheat|p1b: Chansey\n|-damage|p1b: Chansey|68\/100\n|-unboost|p2a: Torkoal|spa|2\n|\n|-weather|SunnyDay|[upkeep]\n|-damage|p2b: Zapdos|82\/100 tox|[from] psn\n|-damage|p2a: Torkoal|0 fnt|[from] psn\n|faint|p2a: Torkoal\n|upkeep\n|turn|15\n|\n|t:|1695346496\n|move|p2b: Zapdos|Weather Ball|p1b: Chansey\n|-damage|p1b: Chansey|45\/100\n|move|p1b: Chansey|Seismic Toss|p2b: Zapdos\n|-damage|p2b: Zapdos|51\/100 tox\n|\n|-weather|SunnyDay|[upkeep]\n|-damage|p2b: Zapdos|32\/100 tox|[from] psn\n|upkeep\n|turn|16\n|inactive|Fightguy2654 has 120 seconds left.\n|\n|t:|1695346537\n|move|p2b: Zapdos|Weather Ball|p1b: Chansey\n|-damage|p1b: Chansey|22\/100\n|move|p1b: Chansey|Soft-Boiled|p1b: Chansey\n|-heal|p1b: Chansey|72\/100\n|\n|-weather|none\n|-damage|p2b: Zapdos|7\/100 tox|[from] psn\n|upkeep\n|turn|17\n|inactive|Fightguy2654 has 120 seconds left.\n|c|\u2606kingspeed51|gg\n|inactive|Fightguy2654 has 90 seconds left.\n|inactive|Fightguy2654 has 60 seconds left.\n|\n|t:|1695346615\n|move|p2b: Zapdos|Weather Ball|p1b: Chansey\n|-damage|p1b: Chansey|64\/100\n|move|p1b: Chansey|Soft-Boiled|p1b: Chansey\n|-heal|p1b: Chansey|100\/100\n|\n|-damage|p2b: Zapdos|0 fnt|[from] psn\n|faint|p2b: Zapdos\n|\n|win|kingspeed51\n|upkeep\n|raw|kingspeed51's rating: 1138 &rarr; <strong>1165<\/strong><br \/>(+27 for winning)\n|raw|Fightguy2654's rating: 1163 &rarr; <strong>1136<\/strong><br \/>(-27 for losing)\n|l|\u2606Fightguy2654\n","uploadtime":1695346629,"views":19,"p1id":"kingspeed51","p2id":"fightguy2654","formatid":"gen9nationaldexdoubles","rating":1136,"private":0,"password":""}