{"id":"gen9nationaldexdoubles-1950556305","p1":"Rey_The_Savage","p2":"Red_Ice_Games","format":"[Gen 9] National Dex Doubles","log":"|j|\u2606Rey_The_Savage\n|j|\u2606Red_Ice_Games\n|t:|1695484748\n|gametype|doubles\n|player|p1|Rey_The_Savage|ethan|1189\n|player|p2|Red_Ice_Games|psychic|1142\n|teamsize|p1|6\n|teamsize|p2|6\n|gen|9\n|tier|[Gen 9] National Dex Doubles\n|rated|\n|rule|HP Percentage Mod: HP is shown in percentages\n|rule|Endless Battle Clause: Forcing endless battles is banned\n|rule|OHKO Clause: OHKO moves are banned\n|rule|Evasion Moves Clause: Evasion moves are banned\n|rule|Evasion Abilities Clause: Evasion abilities are banned\n|rule|Species Clause: Limit one of each Pok\u00e9mon\n|rule|Gravity Sleep Clause: The combination of sleep-inducing moves with imperfect accuracy and Gravity or Gigantamax Orbeetle are banned\n|clearpoke\n|poke|p1|Ogerpon-Cornerstone, F|\n|poke|p1|Tyranitar, M|\n|poke|p1|Alcremie, F|\n|poke|p1|Arcanine-Hisui, F|\n|poke|p1|Archeops, M|\n|poke|p1|Ursaluna-Bloodmoon, M|\n|poke|p2|Iron Valiant|\n|poke|p2|Chien-Pao|\n|poke|p2|Weavile, F|\n|poke|p2|Ninjask, F|\n|poke|p2|Absol, M|\n|poke|p2|Farfetch\u2019d, F|\n|teampreview\n|inactive|Battle timer is ON: inactive players will automatically lose when time's up. (requested by Rey_The_Savage)\n|\n|t:|1695484779\n|start\n|switch|p1a: Tyranitar|Tyranitar, M|100\/100\n|switch|p1b: Alcremie|Alcremie, F, shiny|100\/100\n|switch|p2a: Ninjask|Ninjask, F|100\/100\n|switch|p2b: Weavile|Weavile, F|100\/100\n|-weather|Sandstorm|[from] ability: Sand Stream|[of] p1a: Tyranitar\n|turn|1\n|\n|t:|1695484800\n|-terastallize|p1a: Tyranitar|Rock\n|move|p2b: Weavile|Fake Out|p1a: Tyranitar\n|-resisted|p1a: Tyranitar\n|-damage|p1a: Tyranitar|95\/100\n|move|p2a: Ninjask|Substitute|p2a: Ninjask\n|-start|p2a: Ninjask|Substitute\n|-damage|p2a: Ninjask|76\/100\n|cant|p1a: Tyranitar|flinch\n|move|p1b: Alcremie|Substitute|p1b: Alcremie\n|-start|p1b: Alcremie|Substitute\n|-damage|p1b: Alcremie|76\/100\n|\n|-weather|Sandstorm|[upkeep]\n|-damage|p2a: Ninjask|70\/100|[from] Sandstorm\n|-damage|p2b: Weavile|94\/100|[from] Sandstorm\n|-ability|p2a: Ninjask|Speed Boost|boost\n|-boost|p2a: Ninjask|spe|1\n|upkeep\n|turn|2\n|\n|t:|1695484819\n|move|p2a: Ninjask|Hone Claws|p2a: Ninjask\n|-boost|p2a: Ninjask|atk|1\n|-boost|p2a: Ninjask|accuracy|1\n|move|p2b: Weavile|Hone Claws|p2b: Weavile\n|-boost|p2b: Weavile|atk|1\n|-boost|p2b: Weavile|accuracy|1\n|move|p1a: Tyranitar|Tera Blast|p2b: Weavile|[anim] Tera Blast Rock\n|-supereffective|p2b: Weavile\n|-damage|p2b: Weavile|0 fnt\n|faint|p2b: Weavile\n|move|p1b: Alcremie|Decorate|p1a: Tyranitar\n|-boost|p1a: Tyranitar|atk|2\n|-boost|p1a: Tyranitar|spa|2\n|-enditem|p2a: Ninjask|Mirror Herb\n|-boost|p2a: Ninjask|atk|2|[from] item: Mirror Herb\n|-boost|p2a: Ninjask|spa|2|[from] item: Mirror Herb\n|\n|-weather|Sandstorm|[upkeep]\n|-damage|p2a: Ninjask|64\/100|[from] Sandstorm\n|-ability|p2a: Ninjask|Speed Boost|boost\n|-boost|p2a: Ninjask|spe|1\n|upkeep\n|\n|t:|1695484838\n|switch|p2b: Chien-Pao|Chien-Pao|100\/100\n|-ability|p2b: Chien-Pao|Sword of Ruin\n|turn|3\n|\n|t:|1695484847\n|-terastallize|p2a: Ninjask|Bug\n|move|p2b: Chien-Pao|Sucker Punch|p1a: Tyranitar\n|-damage|p1a: Tyranitar|58\/100\n|move|p2a: Ninjask|Leech Life|p1a: Tyranitar\n|-damage|p1a: Tyranitar|0 fnt\n|-heal|p2a: Ninjask|100\/100|[from] drain|[of] p1a: Tyranitar\n|faint|p1a: Tyranitar\n|move|p1b: Alcremie|Dazzling Gleam|p2a: Ninjask|[spread] p2a,p2b\n|-end|p2a: Ninjask|Substitute\n|-supereffective|p2b: Chien-Pao\n|-damage|p2b: Chien-Pao|33\/100\n|\n|-weather|Sandstorm|[upkeep]\n|-damage|p2a: Ninjask|94\/100|[from] Sandstorm\n|-damage|p2b: Chien-Pao|27\/100|[from] Sandstorm\n|-ability|p2a: Ninjask|Speed Boost|boost\n|-boost|p2a: Ninjask|spe|1\n|upkeep\n|\n|t:|1695484856\n|switch|p1a: Archeops|Archeops, M|100\/100\n|turn|4\n|\n|t:|1695484874\n|move|p1b: Alcremie|Protect|p1b: Alcremie\n|-singleturn|p1b: Alcremie|Protect\n|move|p2b: Chien-Pao|Ice Shard|p1a: Archeops\n|-supereffective|p1a: Archeops\n|-damage|p1a: Archeops|10\/100\n|-enditem|p1a: Archeops|Sitrus Berry|[eat]\n|-heal|p1a: Archeops|35\/100|[from] item: Sitrus Berry\n|move|p2a: Ninjask|Leech Life|p1a: Archeops\n|-resisted|p1a: Archeops\n|-damage|p1a: Archeops|0 fnt\n|-heal|p2a: Ninjask|100\/100|[from] drain|[of] p1a: Archeops\n|faint|p1a: Archeops\n|\n|-weather|Sandstorm|[upkeep]\n|-damage|p2a: Ninjask|94\/100|[from] Sandstorm\n|-damage|p2b: Chien-Pao|21\/100|[from] Sandstorm\n|-ability|p2a: Ninjask|Speed Boost|boost\n|-boost|p2a: Ninjask|spe|1\n|upkeep\n|\n|t:|1695484887\n|switch|p1a: Ogerpon|Ogerpon-Cornerstone, F|100\/100\n|turn|5\n|\n|t:|1695484897\n|move|p1a: Ogerpon|Spiky Shield|p1a: Ogerpon\n|-singleturn|p1a: Ogerpon|move: Protect\n|move|p2a: Ninjask|Leech Life|p1a: Ogerpon\n|-activate|p1a: Ogerpon|move: Protect\n|-damage|p2a: Ninjask|82\/100|[from] Spiky Shield|[of] p1a: Ogerpon\n|move|p2b: Chien-Pao|Ice Spinner|p1b: Alcremie\n|-end|p1b: Alcremie|Substitute\n|move|p1b: Alcremie|Dazzling Gleam|p2a: Ninjask|[spread] p2a,p2b\n|-supereffective|p2b: Chien-Pao\n|-damage|p2a: Ninjask|29\/100\n|-damage|p2b: Chien-Pao|0 fnt\n|faint|p2b: Chien-Pao\n|\n|-weather|none\n|-ability|p2a: Ninjask|Speed Boost|boost\n|-boost|p2a: Ninjask|spe|1\n|upkeep\n|\n|t:|1695484910\n|switch|p2b: Iron Valiant|Iron Valiant|100\/100\n|turn|6\n|\n|t:|1695484929\n|move|p2a: Ninjask|Substitute|p2a: Ninjask\n|-start|p2a: Ninjask|Substitute\n|-damage|p2a: Ninjask|5\/100\n|move|p2b: Iron Valiant|Brick Break|p1a: Ogerpon\n|-supereffective|p1a: Ogerpon\n|-damage|p1a: Ogerpon|10\/100\n|move|p1a: Ogerpon|Ivy Cudgel|p2b: Iron Valiant\n|-resisted|p2b: Iron Valiant\n|-damage|p2b: Iron Valiant|60\/100\n|move|p1b: Alcremie|Substitute|p1b: Alcremie\n|-start|p1b: Alcremie|Substitute\n|-damage|p1b: Alcremie|51\/100\n|\n|-ability|p2a: Ninjask|Speed Boost|boost\n|-boost|p2a: Ninjask|spe|1\n|upkeep\n|turn|7\n|\n|t:|1695484950\n|move|p1a: Ogerpon|Spiky Shield|p1a: Ogerpon\n|-singleturn|p1a: Ogerpon|move: Protect\n|move|p2a: Ninjask|Baton Pass|p2a: Ninjask\n|\n|t:|1695484953\n|switch|p2a: Farfetch\u2019d|Farfetch\u2019d, F|100\/100|[from] Baton Pass\n|move|p2b: Iron Valiant|Swords Dance|p2b: Iron Valiant\n|-boost|p2b: Iron Valiant|atk|2\n|move|p1b: Alcremie|Dazzling Gleam|p2a: Farfetch\u2019d|[spread] p2a,p2b\n|-end|p2a: Farfetch\u2019d|Substitute\n|-supereffective|p2b: Iron Valiant\n|-damage|p2b: Iron Valiant|0 fnt\n|faint|p2b: Iron Valiant\n|-end|p2b: Iron Valiant|Quark Drive|[silent]\n|\n|upkeep\n|\n|t:|1695484959\n|switch|p2b: Ninjask|Ninjask, F, tera:Bug|5\/100\n|turn|8\n|inactive|Rey_The_Savage has 120 seconds left.\n|\n|t:|1695485007\n|move|p2a: Farfetch\u2019d|Dual Wingbeat|p1b: Alcremie\n|-crit|p1b: Alcremie\n|-end|p1b: Alcremie|Substitute\n|-crit|p1b: Alcremie\n|-damage|p1b: Alcremie|0 fnt\n|faint|p1b: Alcremie\n|-hitcount|p1: Alcremie|2\n|move|p2b: Ninjask|Leech Life|p1a: Ogerpon\n|-supereffective|p1a: Ogerpon\n|-damage|p1a: Ogerpon|0 fnt\n|-heal|p2b: Ninjask|10\/100|[from] drain|[of] p1a: Ogerpon\n|faint|p1a: Ogerpon\n|\n|-ability|p2b: Ninjask|Speed Boost|boost\n|-boost|p2b: Ninjask|spe|1\n|upkeep\n|\n|t:|1695485012\n|switch|p1a: Ursaluna|Ursaluna-Bloodmoon, M|100\/100\n|switch|p1b: Arcanine|Arcanine-Hisui, F|100\/100\n|-ability|p1b: Arcanine|Intimidate|boost\n|-unboost|p2a: Farfetch\u2019d|atk|1\n|-unboost|p2b: Ninjask|atk|1\n|turn|9\n|inactive|Rey_The_Savage has 120 seconds left.\n|\n|t:|1695485032\n|move|p1b: Arcanine|Extreme Speed|p2b: Ninjask\n|-damage|p2b: Ninjask|0 fnt\n|faint|p2b: Ninjask\n|move|p2a: Farfetch\u2019d|Close Combat|p1b: Arcanine\n|-supereffective|p1b: Arcanine\n|-damage|p1b: Arcanine|0 fnt\n|-unboost|p2a: Farfetch\u2019d|def|1\n|-unboost|p2a: Farfetch\u2019d|spd|1\n|faint|p1b: Arcanine\n|move|p1a: Ursaluna|Blood Moon|p2a: Farfetch\u2019d\n|-damage|p2a: Farfetch\u2019d|0 fnt\n|faint|p2a: Farfetch\u2019d\n|\n|upkeep\n|\n|t:|1695485037\n|switch|p2b: Absol|Absol, M|100\/100\n|turn|10\n|\n|t:|1695485048\n|detailschange|p2b: Absol|Absol-Mega, M\n|-mega|p2b: Absol|Absol|Absolite\n|move|p2b: Absol|Knock Off|p1a: Ursaluna\n|-damage|p1a: Ursaluna|65\/100\n|-enditem|p1a: Ursaluna|Assault Vest|[from] move: Knock Off|[of] p2b: Absol\n|move|p1a: Ursaluna|Earth Power|p2b: Absol\n|-damage|p2b: Absol|22\/100\n|\n|upkeep\n|turn|11\n|\n|t:|1695485056\n|move|p2b: Absol|Sucker Punch|p1a: Ursaluna\n|-damage|p1a: Ursaluna|37\/100\n|move|p1a: Ursaluna|Vacuum Wave|p2b: Absol\n|-supereffective|p2b: Absol\n|-damage|p2b: Absol|0 fnt\n|faint|p2b: Absol\n|\n|win|Rey_The_Savage\n|raw|Rey_The_Savage's rating: 1189 &rarr; <strong>1211<\/strong><br \/>(+22 for winning)\n|raw|Red_Ice_Games's rating: 1142 &rarr; <strong>1120<\/strong><br \/>(-22 for losing)\n|l|\u2606Red_Ice_Games\n","uploadtime":1695485065,"views":10,"p1id":"reythesavage","p2id":"redicegames","formatid":"gen9nationaldexdoubles","rating":1120,"private":0,"password":""}