{"id":"gen9nationaldexdoubles-1961342372","p1":"Zeref203","p2":"ManManMan8","format":"[Gen 9] National Dex Doubles","log":"|j|\u2606Zeref203\n|j|\u2606ManManMan8\n|t:|1696617030\n|gametype|doubles\n|player|p1|Zeref203|2|1215\n|player|p2|ManManMan8|pokemaniac|1160\n|teamsize|p1|6\n|teamsize|p2|6\n|gen|9\n|tier|[Gen 9] National Dex Doubles\n|rated|\n|rule|HP Percentage Mod: HP is shown in percentages\n|rule|Endless Battle Clause: Forcing endless battles is banned\n|rule|OHKO Clause: OHKO moves are banned\n|rule|Evasion Moves Clause: Evasion moves are banned\n|rule|Evasion Abilities Clause: Evasion abilities are banned\n|rule|Species Clause: Limit one of each Pok\u00e9mon\n|rule|Gravity Sleep Clause: The combination of sleep-inducing moves with imperfect accuracy and Gravity or Gigantamax Orbeetle are banned\n|clearpoke\n|poke|p1|Great Tusk|\n|poke|p1|Ninetales, F|\n|poke|p1|Sableye, M|\n|poke|p1|Feraligatr, M|\n|poke|p1|Salamence, M|\n|poke|p1|Flutter Mane|\n|poke|p2|Toxtricity, F|\n|poke|p2|Klinklang|\n|poke|p2|Manectric, F|\n|poke|p2|Ampharos, M|\n|poke|p2|Tapu Koko|\n|poke|p2|Revavroom, M|\n|teampreview\n|inactive|Battle timer is ON: inactive players will automatically lose when time's up. (requested by Zeref203)\n|\n|t:|1696617046\n|start\n|switch|p1a: Sableye|Sableye, M|100\/100\n|switch|p1b: Flutter Mane|Flutter Mane|100\/100\n|switch|p2a: Metal pipe falling|Toxtricity, F|100\/100\n|switch|p2b: Your greasing my|Klinklang|100\/100\n|turn|1\n|\n|t:|1696617069\n|-terastallize|p1b: Flutter Mane|Ghost\n|move|p1a: Sableye|Taunt|p2b: Your greasing my\n|-start|p2b: Your greasing my|move: Taunt\n|move|p1b: Flutter Mane|Dazzling Gleam|p2b: Your greasing my|[spread] p2a,p2b\n|-resisted|p2a: Metal pipe falling\n|-resisted|p2b: Your greasing my\n|-damage|p2a: Metal pipe falling|60\/100\n|-damage|p2b: Your greasing my|66\/100\n|cant|p2b: Your greasing my|move: Taunt|Shift Gear\n|move|p2a: Metal pipe falling|Sludge Wave|p1a: Sableye|[spread] p1a,p1b\n|-immune|p2b: Your greasing my\n|-resisted|p1a: Sableye\n|-resisted|p1b: Flutter Mane\n|-damage|p1a: Sableye|76\/100\n|-damage|p1b: Flutter Mane|78\/100\n|\n|-heal|p1a: Sableye|82\/100|[from] item: Leftovers\n|upkeep\n|turn|2\n|\n|t:|1696617089\n|move|p1a: Sableye|Will-O-Wisp|p2b: Your greasing my\n|-status|p2b: Your greasing my|brn\n|move|p1b: Flutter Mane|Dazzling Gleam|p2a: Metal pipe falling|[spread] p2a,p2b\n|-resisted|p2a: Metal pipe falling\n|-resisted|p2b: Your greasing my\n|-damage|p2a: Metal pipe falling|26\/100\n|-damage|p2b: Your greasing my|27\/100 brn\n|move|p2b: Your greasing my|Gear Grind|p1b: Flutter Mane\n|-damage|p1b: Flutter Mane|52\/100\n|-damage|p1b: Flutter Mane|24\/100\n|-hitcount|p1b: Flutter Mane|2\n|-damage|p2b: Your greasing my|17\/100 brn|[from] item: Life Orb\n|move|p2a: Metal pipe falling|Shift Gear|p2a: Metal pipe falling\n|-boost|p2a: Metal pipe falling|spe|2\n|-boost|p2a: Metal pipe falling|atk|1\n|\n|-heal|p1a: Sableye|88\/100|[from] item: Leftovers\n|-damage|p2b: Your greasing my|11\/100 brn|[from] brn\n|upkeep\n|turn|3\n|\n|t:|1696617117\n|switch|p1a: Ninetales|Ninetales, F|100\/100\n|-weather|SunnyDay|[from] ability: Drought|[of] p1a: Ninetales\n|-activate|p1b: Flutter Mane|ability: Protosynthesis\n|-start|p1b: Flutter Mane|protosynthesisspe\n|move|p1b: Flutter Mane|Dazzling Gleam|p2b: Your greasing my|[spread] p2a,p2b\n|-resisted|p2a: Metal pipe falling\n|-resisted|p2b: Your greasing my\n|-damage|p2a: Metal pipe falling|0 fnt\n|-damage|p2b: Your greasing my|0 fnt\n|faint|p2a: Metal pipe falling\n|faint|p2b: Your greasing my\n|\n|-weather|SunnyDay|[upkeep]\n|upkeep\n|inactive|ManManMan8 has 120 seconds left.\n|\n|t:|1696617130\n|switch|p2b: Me when your mo|Manectric, F|100\/100\n|switch|p2a: Nikola tesla|Ampharos, M|100\/100\n|turn|4\n|\n|t:|1696617151\n|detailschange|p2b: Me when your mo|Manectric-Mega, F\n|-mega|p2b: Me when your mo|Manectric|Manectite\n|-ability|p2b: Me when your mo|Intimidate|boost\n|-unboost|p1a: Ninetales|atk|1\n|-unboost|p1b: Flutter Mane|atk|1\n|move|p1b: Flutter Mane|Dazzling Gleam|p2b: Me when your mo|[spread] p2a,p2b\n|-damage|p2a: Nikola tesla|68\/100\n|-damage|p2b: Me when your mo|29\/100\n|move|p2b: Me when your mo|Hyper Voice|p1a: Ninetales|[spread] p1a\n|-immune|p1b: Flutter Mane\n|-damage|p1a: Ninetales|70\/100\n|move|p1a: Ninetales|Heat Wave|p2b: Me when your mo|[spread] p2a,p2b\n|-damage|p2a: Nikola tesla|39\/100\n|-damage|p2b: Me when your mo|0 fnt\n|faint|p2b: Me when your mo\n|move|p2a: Nikola tesla|Dazzling Gleam|p1a: Ninetales|[spread] p1a,p1b\n|-resisted|p1a: Ninetales\n|-damage|p1a: Ninetales|59\/100\n|-damage|p1b: Flutter Mane|8\/100\n|\n|-weather|SunnyDay|[upkeep]\n|upkeep\n|inactive|ManManMan8 has 120 seconds left.\n|\n|t:|1696617165\n|switch|p2b: Absolutely nuts|Tapu Koko|100\/100\n|-fieldstart|move: Electric Terrain|[from] ability: Electric Surge|[of] p2b: Absolutely nuts\n|turn|5\n|\n|t:|1696617177\n|move|p1b: Flutter Mane|Dazzling Gleam|p2a: Nikola tesla|[spread] p2a,p2b\n|-damage|p2a: Nikola tesla|7\/100\n|-damage|p2b: Absolutely nuts|32\/100\n|move|p2b: Absolutely nuts|U-turn|p1a: Ninetales\n|-resisted|p1a: Ninetales\n|-damage|p1a: Ninetales|42\/100\n|\n|t:|1696617184\n|switch|p2b: Its about family|Revavroom, M|100\/100|[from] U-turn\n|-item|p2b: Its about family|Air Balloon\n|move|p1a: Ninetales|Heat Wave|p2b: Its about family|[spread] p2a\n|-miss|p1a: Ninetales|p2b: Its about family\n|-damage|p2a: Nikola tesla|0 fnt\n|faint|p2a: Nikola tesla\n|\n|-weather|SunnyDay|[upkeep]\n|upkeep\n|\n|t:|1696617192\n|switch|p2a: Absolutely nuts|Tapu Koko|32\/100\n|turn|6\n|\n|t:|1696617217\n|move|p1b: Flutter Mane|Dazzling Gleam|p2a: Absolutely nuts|[spread] p2a,p2b\n|-resisted|p2b: Its about family\n|-damage|p2a: Absolutely nuts|0 fnt\n|-damage|p2b: Its about family|81\/100\n|-enditem|p2b: Its about family|Air Balloon\n|faint|p2a: Absolutely nuts\n|move|p1a: Ninetales|Heat Wave|p2b: Its about family\n|-supereffective|p2b: Its about family\n|-damage|p2b: Its about family|0 fnt\n|faint|p2b: Its about family\n|\n|win|Zeref203\n|raw|Zeref203's rating: 1215 &rarr; <strong>1236<\/strong><br \/>(+21 for winning)\n|raw|ManManMan8's rating: 1160 &rarr; <strong>1139<\/strong><br \/>(-21 for losing)\n|l|\u2606ManManMan8\n","uploadtime":1696617243,"views":10,"p1id":"zeref203","p2id":"manmanman8","formatid":"gen9nationaldexdoubles","rating":1139,"private":0,"password":""}