{"id":"gen9nationaldexdoubles-1952034991","p1":"Monkmilt2","p2":"El Ryuk456","format":"[Gen 9] National Dex Doubles","log":"|j|\u2606Monkmilt2\n|j|\u2606El Ryuk456\n|t:|1695651916\n|gametype|doubles\n|player|p1|Monkmilt2|li|1168\n|player|p2|El Ryuk456|blaine|1282\n|teamsize|p1|6\n|teamsize|p2|6\n|gen|9\n|tier|[Gen 9] National Dex Doubles\n|rated|\n|rule|HP Percentage Mod: HP is shown in percentages\n|rule|Endless Battle Clause: Forcing endless battles is banned\n|rule|OHKO Clause: OHKO moves are banned\n|rule|Evasion Moves Clause: Evasion moves are banned\n|rule|Evasion Abilities Clause: Evasion abilities are banned\n|rule|Species Clause: Limit one of each Pok\u00e9mon\n|rule|Gravity Sleep Clause: The combination of sleep-inducing moves with imperfect accuracy and Gravity or Gigantamax Orbeetle are banned\n|clearpoke\n|poke|p1|Baxcalibur, M|\n|poke|p1|Serperior, F|\n|poke|p1|Arcanine-Hisui, F|\n|poke|p1|Empoleon, M|\n|poke|p1|Urshifu-*, M|\n|poke|p1|Altaria, F|\n|poke|p2|Blaziken, M|\n|poke|p2|Sceptile, M|\n|poke|p2|Blissey, F|\n|poke|p2|Dusknoir, F|\n|poke|p2|Pawmot, M|\n|poke|p2|Pelipper, M|\n|teampreview\n|\n|t:|1695651926\n|start\n|switch|p1a: Serperior|Serperior, F, shiny|100\/100\n|switch|p1b: Urshifu|Urshifu-Rapid-Strike, M|100\/100\n|switch|p2a: Inferno|Blaziken, M|100\/100\n|switch|p2b: Leo|Sceptile, M|100\/100\n|turn|1\n|\n|t:|1695651938\n|switch|p2a: Michel|Pawmot, M|100\/100\n|move|p1a: Serperior|Leaf Storm|p2b: Leo\n|-resisted|p2b: Leo\n|-crit|p2b: Leo\n|-damage|p2b: Leo|51\/100\n|-boost|p1a: Serperior|spa|2\n|move|p2b: Leo|Leaf Storm|p1b: Urshifu\n|-supereffective|p1b: Urshifu\n|-damage|p1b: Urshifu|0 fnt\n|-unboost|p2b: Leo|spa|2\n|-enditem|p2b: Leo|White Herb\n|-clearnegativeboost|p2b: Leo|[silent]\n|faint|p1b: Urshifu\n|\n|upkeep\n|\n|t:|1695651953\n|switch|p1b: Arcanine|Arcanine-Hisui, F|100\/100\n|turn|2\n|\n|t:|1695651967\n|move|p2a: Michel|Fake Out|p1a: Serperior\n|-damage|p1a: Serperior|88\/100\n|move|p2b: Leo|Breaking Swipe|p1b: Arcanine|[spread] p1a,p1b\n|-damage|p1a: Serperior|80\/100\n|-damage|p1b: Arcanine|91\/100\n|-boost|p1a: Serperior|atk|1\n|-unboost|p1b: Arcanine|atk|1\n|cant|p1a: Serperior|flinch\n|move|p1b: Arcanine|Flare Blitz|p2b: Leo\n|-supereffective|p2b: Leo\n|-damage|p2b: Leo|0 fnt\n|faint|p2b: Leo\n|\n|upkeep\n|\n|t:|1695651980\n|switch|p2b: Inferno|Blaziken, M|100\/100\n|turn|3\n|\n|t:|1695651990\n|move|p2b: Inferno|Protect|p2b: Inferno\n|-singleturn|p2b: Inferno|Protect\n|move|p2a: Michel|Revival Blessing|p2a: Michel\n|\n|t:|1695651994\n|-heal|p2: Leo|50\/100|[from] move: Revival Blessing\n|move|p1a: Serperior|Leaf Storm|p2b: Inferno\n|-activate|p2b: Inferno|move: Protect\n|move|p1b: Arcanine|Flare Blitz|p2a: Michel\n|-enditem|p2a: Michel|Focus Sash\n|-damage|p2a: Michel|1\/100\n|\n|-ability|p2b: Inferno|Speed Boost|boost\n|-boost|p2b: Inferno|spe|1\n|upkeep\n|turn|4\n|\n|t:|1695652012\n|detailschange|p2b: Inferno|Blaziken-Mega, M\n|-mega|p2b: Inferno|Blaziken|Blazikenite\n|move|p2a: Michel|Mach Punch|p1b: Arcanine\n|-supereffective|p1b: Arcanine\n|-damage|p1b: Arcanine|41\/100\n|move|p2b: Inferno|Flare Blitz|p1a: Serperior\n|-supereffective|p1a: Serperior\n|-damage|p1a: Serperior|0 fnt\n|faint|p1a: Serperior\n|-damage|p2b: Inferno|73\/100|[from] Recoil\n|move|p1b: Arcanine|Flare Blitz|p2a: Michel\n|-damage|p2a: Michel|0 fnt\n|faint|p2a: Michel\n|\n|-ability|p2b: Inferno|Speed Boost|boost\n|-boost|p2b: Inferno|spe|1\n|upkeep\n|\n|t:|1695652027\n|switch|p2a: Leo|Sceptile, M|50\/100\n|switch|p1a: Altaria|Altaria, F, shiny|100\/100\n|-ability|p1a: Altaria|Cloud Nine\n|turn|5\n|\n|t:|1695652062\n|move|p2b: Inferno|Rock Slide|p1b: Arcanine|[spread] p1a\n|-miss|p2b: Inferno|p1b: Arcanine\n|-supereffective|p1a: Altaria\n|-damage|p1a: Altaria|42\/100\n|move|p2a: Leo|Leaf Storm|p1b: Arcanine\n|-damage|p1b: Arcanine|0 fnt\n|-unboost|p2a: Leo|spa|2\n|faint|p1b: Arcanine\n|move|p1a: Altaria|Heat Wave|p2a: Leo|[spread] p2a,p2b\n|-supereffective|p2a: Leo\n|-resisted|p2b: Inferno\n|-damage|p2a: Leo|9\/100\n|-damage|p2b: Inferno|63\/100\n|\n|-ability|p2b: Inferno|Speed Boost|boost\n|-boost|p2b: Inferno|spe|1\n|upkeep\n|\n|t:|1695652074\n|switch|p1b: Baxcalibur|Baxcalibur, M|100\/100\n|turn|6\n|\n|t:|1695652090\n|detailschange|p1a: Altaria|Altaria-Mega, F, shiny\n|-mega|p1a: Altaria|Altaria|Altarianite\n|-terastallize|p1b: Baxcalibur|Fairy\n|move|p1b: Baxcalibur|Ice Shard|p2a: Leo\n|-supereffective|p2a: Leo\n|-damage|p2a: Leo|0 fnt\n|faint|p2a: Leo\n|move|p2b: Inferno|Low Kick|p1b: Baxcalibur\n|-resisted|p1b: Baxcalibur\n|-damage|p1b: Baxcalibur|61\/100\n|move|p1a: Altaria|Dazzling Gleam|p2b: Inferno\n|-damage|p2b: Inferno|18\/100\n|\n|-ability|p2b: Inferno|Speed Boost|boost\n|-boost|p2b: Inferno|spe|1\n|upkeep\n|\n|t:|1695652101\n|switch|p2a: Mine Mine|Pelipper, M|100\/100\n|-weather|RainDance|[from] ability: Drizzle|[of] p2a: Mine Mine\n|turn|7\n|\n|t:|1695652107\n|move|p2b: Inferno|Protect|p2b: Inferno\n|-singleturn|p2b: Inferno|Protect\n|move|p1b: Baxcalibur|Ice Shard|p2b: Inferno\n|-activate|p2b: Inferno|move: Protect\n|move|p1a: Altaria|Tailwind|p1a: Altaria\n|-sidestart|p1: Monkmilt2|move: Tailwind\n|move|p2a: Mine Mine|Tailwind|p2a: Mine Mine\n|-sidestart|p2: El Ryuk456|move: Tailwind\n|\n|-weather|RainDance|[upkeep]\n|-ability|p2b: Inferno|Speed Boost|boost\n|-boost|p2b: Inferno|spe|1\n|upkeep\n|turn|8\n|\n|t:|1695652147\n|move|p1b: Baxcalibur|Ice Shard|p2b: Inferno\n|-resisted|p2b: Inferno\n|-damage|p2b: Inferno|4\/100\n|move|p2b: Inferno|Rock Slide|p1b: Baxcalibur|[spread] p1a,p1b\n|-damage|p1a: Altaria|15\/100\n|-damage|p1b: Baxcalibur|36\/100\n|cant|p1a: Altaria|flinch\n|move|p2a: Mine Mine|Hurricane|p1a: Altaria\n|-damage|p1a: Altaria|0 fnt\n|faint|p1a: Altaria\n|\n|-weather|RainDance|[upkeep]\n|-ability|p2b: Inferno|Speed Boost|boost\n|-boost|p2b: Inferno|spe|1\n|upkeep\n|\n|t:|1695652156\n|switch|p1a: Empoleon|Empoleon, M, shiny|100\/100\n|turn|9\n|\n|t:|1695652165\n|move|p2b: Inferno|Protect|p2b: Inferno\n|-singleturn|p2b: Inferno|Protect\n|move|p1b: Baxcalibur|Ice Shard|p2b: Inferno\n|-activate|p2b: Inferno|move: Protect\n|move|p2a: Mine Mine|Hurricane|p1b: Baxcalibur\n|-damage|p1b: Baxcalibur|0 fnt\n|faint|p1b: Baxcalibur\n|move|p1a: Empoleon|Ice Beam|p2a: Mine Mine\n|-damage|p2a: Mine Mine|65\/100\n|\n|-weather|RainDance|[upkeep]\n|upkeep\n|turn|10\n|-message|Monkmilt2 forfeited.\n|\n|win|El Ryuk456\n|raw|Monkmilt2's rating: 1168 &rarr; <strong>1151<\/strong><br \/>(-17 for losing)\n|raw|El Ryuk456's rating: 1282 &rarr; <strong>1299<\/strong><br \/>(+17 for winning)\n|l|\u2606Monkmilt2\n","uploadtime":1695652178,"views":9,"p1id":"monkmilt2","p2id":"elryuk456","formatid":"gen9nationaldexdoubles","rating":1151,"private":0,"password":""}