{"id":"gen9nationaldexdoubles-1970577928","p1":"Clabeh","p2":"Chumpette","format":"[Gen 9] National Dex Doubles","log":"|j|\u2606Clabeh\n|j|\u2606Chumpette\n|t:|1697649749\n|gametype|doubles\n|player|p1|Clabeh|102|\n|player|p2|Chumpette|boarder|\n|teamsize|p1|6\n|teamsize|p2|6\n|gen|9\n|tier|[Gen 9] National Dex Doubles\n|rule|HP Percentage Mod: HP is shown in percentages\n|rule|Endless Battle Clause: Forcing endless battles is banned\n|rule|OHKO Clause: OHKO moves are banned\n|rule|Evasion Moves Clause: Evasion moves are banned\n|rule|Evasion Abilities Clause: Evasion abilities are banned\n|rule|Species Clause: Limit one of each Pok\u00e9mon\n|rule|Gravity Sleep Clause: The combination of sleep-inducing moves with imperfect accuracy and Gravity or Gigantamax Orbeetle are banned\n|clearpoke\n|poke|p1|Claydol|\n|poke|p1|Seismitoad, F|\n|poke|p1|Ninetales, F|\n|poke|p1|Tyranitar, M|\n|poke|p1|Venusaur, M|\n|poke|p1|Cinderace, M|\n|poke|p2|Ninetales-Alola, F|\n|poke|p2|Togekiss, F|\n|poke|p2|Vanilluxe, M|\n|poke|p2|Cloyster, F|\n|poke|p2|Jolteon, M|\n|poke|p2|Sandslash-Alola, M|\n|teampreview\n|\n|t:|1697649776\n|start\n|switch|p1a: Ninetales|Ninetales, F|100\/100\n|switch|p1b: Venusaur|Venusaur, M|100\/100\n|switch|p2a: Sycophant|Togekiss, F|100\/100\n|switch|p2b: The Messiah|Sandslash-Alola, M|100\/100\n|-weather|SunnyDay|[from] ability: Drought|[of] p1a: Ninetales\n|turn|1\n|\n|t:|1697649800\n|switch|p2b: Vanilla Ice|Vanilluxe, M|100\/100\n|-weather|Snow|[from] ability: Snow Warning|[of] p2b: Vanilla Ice\n|move|p1b: Venusaur|Protect|p1b: Venusaur\n|-singleturn|p1b: Venusaur|Protect\n|move|p1a: Ninetales|Heat Wave|p2b: Vanilla Ice|[spread] p2a,p2b\n|-supereffective|p2b: Vanilla Ice\n|-damage|p2a: Sycophant|84\/100\n|-damage|p2b: Vanilla Ice|66\/100\n|move|p2a: Sycophant|Air Slash|p1b: Venusaur\n|-activate|p1b: Venusaur|move: Protect\n|\n|-weather|Snow|[upkeep]\n|upkeep\n|turn|2\n|\n|t:|1697649826\n|switch|p1b: Tyranitar|Tyranitar, M|100\/100\n|-weather|Sandstorm|[from] ability: Sand Stream|[of] p1b: Tyranitar\n|move|p1a: Ninetales|Heat Wave|p2a: Sycophant|[spread] p2a,p2b\n|-supereffective|p2b: Vanilla Ice\n|-damage|p2a: Sycophant|68\/100\n|-damage|p2b: Vanilla Ice|29\/100\n|move|p2a: Sycophant|Air Slash|p1b: Tyranitar\n|-resisted|p1b: Tyranitar\n|-damage|p1b: Tyranitar|94\/100\n|move|p2b: Vanilla Ice|Water Pulse|p1a: Ninetales\n|-supereffective|p1a: Ninetales\n|-damage|p1a: Ninetales|54\/100\n|-enditem|p1a: Ninetales|Eject Button\n|\n|t:|1697649858\n|switch|p1a: Claydol|Claydol|100\/100\n|\n|-weather|Sandstorm|[upkeep]\n|-damage|p2a: Sycophant|61\/100|[from] Sandstorm\n|-damage|p2b: Vanilla Ice|23\/100|[from] Sandstorm\n|upkeep\n|turn|3\n|\n|t:|1697649886\n|switch|p2a: Winter|Ninetales-Alola, F|100\/100\n|-weather|Snow|[from] ability: Snow Warning|[of] p2a: Winter\n|move|p2b: Vanilla Ice|Blizzard|p1a: Claydol|[spread] p1a,p1b\n|-supereffective|p1a: Claydol\n|-damage|p1a: Claydol|32\/100\n|-damage|p1b: Tyranitar|71\/100\n|move|p1a: Claydol|Iron Defense|p1a: Claydol\n|-boost|p1a: Claydol|def|2\n|move|p1b: Tyranitar|Rock Slide|p2b: Vanilla Ice|[spread] p2a\n|-miss|p1b: Tyranitar|p2b: Vanilla Ice\n|-supereffective|p2a: Winter\n|-damage|p2a: Winter|50\/100\n|\n|-weather|Snow|[upkeep]\n|-heal|p1a: Claydol|38\/100|[from] item: Leftovers\n|upkeep\n|turn|4\n|\n|t:|1697649911\n|move|p2a: Winter|Blizzard|p1a: Claydol|[spread] p1a,p1b\n|-supereffective|p1a: Claydol\n|-damage|p1a: Claydol|0 fnt\n|-damage|p1b: Tyranitar|52\/100\n|faint|p1a: Claydol\n|move|p2b: Vanilla Ice|Water Pulse|p1b: Tyranitar\n|-supereffective|p1b: Tyranitar\n|-damage|p1b: Tyranitar|25\/100\n|move|p1b: Tyranitar|Rock Slide|p2b: Vanilla Ice|[spread] p2a,p2b\n|-supereffective|p2a: Winter\n|-supereffective|p2b: Vanilla Ice\n|-damage|p2a: Winter|0 fnt\n|-damage|p2b: Vanilla Ice|0 fnt\n|faint|p2a: Winter\n|faint|p2b: Vanilla Ice\n|\n|-weather|Snow|[upkeep]\n|upkeep\n|\n|t:|1697649938\n|switch|p2a: The Messiah|Sandslash-Alola, M|100\/100\n|switch|p2b: Sycophant|Togekiss, F|61\/100\n|switch|p1a: Ninetales|Ninetales, F|54\/100\n|-weather|SunnyDay|[from] ability: Drought|[of] p1a: Ninetales\n|turn|5\n|\n|t:|1697649953\n|move|p2b: Sycophant|Follow Me|p2b: Sycophant\n|-singleturn|p2b: Sycophant|move: Follow Me\n|move|p1a: Ninetales|Heat Wave|p2b: Sycophant|[spread] p2a,p2b\n|-supereffective|p2a: The Messiah\n|-damage|p2a: The Messiah|0 fnt\n|-damage|p2b: Sycophant|37\/100\n|-status|p2b: Sycophant|brn\n|faint|p2a: The Messiah\n|move|p1b: Tyranitar|Rock Slide|p2b: Sycophant\n|-supereffective|p2b: Sycophant\n|-damage|p2b: Sycophant|0 fnt\n|faint|p2b: Sycophant\n|\n|-weather|SunnyDay|[upkeep]\n|upkeep\n|\n|t:|1697649965\n|switch|p2a: Judas|Cloyster, F|100\/100\n|switch|p2b: MC Hammer|Jolteon, M|100\/100\n|turn|6\n|\n|t:|1697649973\n|move|p2b: MC Hammer|Thunder Wave|p1a: Ninetales\n|-status|p1a: Ninetales|par\n|move|p2a: Judas|Shell Smash|p2a: Judas\n|-unboost|p2a: Judas|def|1\n|-unboost|p2a: Judas|spd|1\n|-boost|p2a: Judas|atk|2\n|-boost|p2a: Judas|spa|2\n|-boost|p2a: Judas|spe|2\n|-enditem|p2a: Judas|White Herb\n|-clearnegativeboost|p2a: Judas|[silent]\n|move|p1a: Ninetales|Heat Wave|p2a: Judas|[spread] p2a,p2b\n|-damage|p2a: Judas|0 fnt\n|-damage|p2b: MC Hammer|50\/100\n|faint|p2a: Judas\n|move|p1b: Tyranitar|Rock Slide|p2b: MC Hammer|[miss]\n|-miss|p1b: Tyranitar|p2b: MC Hammer\n|\n|-weather|SunnyDay|[upkeep]\n|upkeep\n|turn|7\n|\n|t:|1697649989\n|move|p2b: MC Hammer|Hidden Power|p1b: Tyranitar\n|-supereffective|p1b: Tyranitar\n|-damage|p1b: Tyranitar|1\/100\n|move|p1a: Ninetales|Heat Wave|p2b: MC Hammer\n|-damage|p2b: MC Hammer|0 fnt\n|faint|p2b: MC Hammer\n|\n|win|Clabeh\n","uploadtime":1697649997,"views":13,"p1id":"clabeh","p2id":"chumpette","formatid":"gen9nationaldexdoubles","rating":0,"private":0,"password":""}