{"id":"gen9nationaldexdoubles-1992429313","p1":"kuzeama","p2":"Plutf","format":"[Gen 9] National Dex Doubles","log":"|j|\u2606kuzeama\n|j|\u2606Plutf\n|t:|1700186540\n|gametype|doubles\n|player|p1|kuzeama|cheren-gen5bw2|1000\n|player|p2|Plutf|266|1051\n|teamsize|p1|6\n|teamsize|p2|6\n|gen|9\n|tier|[Gen 9] National Dex Doubles\n|rated|\n|rule|HP Percentage Mod: HP is shown in percentages\n|rule|Endless Battle Clause: Forcing endless battles is banned\n|rule|OHKO Clause: OHKO moves are banned\n|rule|Evasion Moves Clause: Evasion moves are banned\n|rule|Evasion Abilities Clause: Evasion abilities are banned\n|rule|Species Clause: Limit one of each Pok\u00e9mon\n|rule|Gravity Sleep Clause: The combination of sleep-inducing moves with imperfect accuracy and Gravity or Gigantamax Orbeetle are banned\n|clearpoke\n|poke|p1|Garbodor, M|\n|poke|p1|Audino, F|\n|poke|p1|Krookodile, M|\n|poke|p1|Indeedee-F, F|\n|poke|p1|Aegislash, M|\n|poke|p1|Scolipede, M|\n|poke|p2|Politoed, F|\n|poke|p2|Alcremie, F|\n|poke|p2|Minior-Green|\n|poke|p2|Pangoro, F|\n|poke|p2|Marowak-Alola, M|\n|poke|p2|Revavroom, M|\n|teampreview\n|\n|t:|1700186556\n|start\n|switch|p1a: Amide|Indeedee-F, F|100\/100\n|switch|p1b: Acid Chloride|Scolipede, M|100\/100\n|switch|p2a: Revavroom|Revavroom, M|100\/100\n|switch|p2b: Minior|Minior-Green|100\/100\n|-formechange|p2b: Minior|Minior-Meteor||[from] ability: Shields Down\n|-fieldstart|move: Psychic Terrain|[from] ability: Psychic Surge|[of] p1a: Amide\n|turn|1\n|\n|t:|1700186575\n|move|p1a: Amide|Follow Me|p1a: Amide\n|-singleturn|p1a: Amide|move: Follow Me\n|move|p1b: Acid Chloride|Swords Dance|p1b: Acid Chloride\n|-boost|p1b: Acid Chloride|atk|2\n|move|p2a: Revavroom|Taunt|p1a: Amide\n|-start|p1a: Amide|move: Taunt\n|move|p2b: Minior|Light Screen|p2b: Minior\n|-sidestart|p2: Plutf|move: Light Screen\n|\n|-ability|p1b: Acid Chloride|Speed Boost|boost\n|-boost|p1b: Acid Chloride|spe|1\n|upkeep\n|turn|2\n|\n|t:|1700186594\n|switch|p1a: Starbucks\ud83e\udd2e\ud83e\udd2e|Garbodor, M|100\/100\n|-item|p1a: Starbucks\ud83e\udd2e\ud83e\udd2e|Air Balloon\n|move|p1b: Acid Chloride|Baton Pass|p1b: Acid Chloride\n|\n|t:|1700186601\n|switch|p1b: Kroko|Krookodile, M|100\/100|[from] Baton Pass\n|-ability|p1b: Kroko|Intimidate|boost\n|-unboost|p2a: Revavroom|atk|1\n|-unboost|p2b: Minior|atk|1\n|move|p2a: Revavroom|Haze|p2a: Revavroom\n|-clearallboost\n|move|p2b: Minior|Reflect|p2b: Minior\n|-sidestart|p2: Plutf|Reflect\n|\n|upkeep\n|turn|3\n|\n|t:|1700186643\n|switch|p1b: Acid Chloride|Scolipede, M|100\/100\n|move|p2a: Revavroom|Toxic Spikes|p1b: Acid Chloride\n|-sidestart|p1: kuzeama|move: Toxic Spikes\n|move|p2b: Minior|Stealth Rock|p1a: Starbucks\ud83e\udd2e\ud83e\udd2e\n|-sidestart|p1: kuzeama|move: Stealth Rock\n|move|p1a: Starbucks\ud83e\udd2e\ud83e\udd2e|Toxic Spikes|p2a: Revavroom\n|-sidestart|p2: Plutf|move: Toxic Spikes\n|\n|upkeep\n|turn|4\n|\n|t:|1700186664\n|switch|p2b: Marowak|Marowak-Alola, M|100\/100\n|-status|p2b: Marowak|psn\n|move|p1b: Acid Chloride|Swords Dance|p1b: Acid Chloride\n|-boost|p1b: Acid Chloride|atk|2\n|move|p2a: Revavroom|Taunt|p1b: Acid Chloride\n|-start|p1b: Acid Chloride|move: Taunt\n|move|p1a: Starbucks\ud83e\udd2e\ud83e\udd2e|Toxic Spikes|p2a: Revavroom\n|-sidestart|p2: Plutf|move: Toxic Spikes\n|\n|-damage|p2b: Marowak|88\/100 psn|[from] psn\n|-ability|p1b: Acid Chloride|Speed Boost|boost\n|-boost|p1b: Acid Chloride|spe|1\n|upkeep\n|turn|5\n|inactive|Battle timer is ON: inactive players will automatically lose when time's up. (requested by kuzeama)\n|\n|t:|1700186703\n|move|p1b: Acid Chloride|Poison Jab|p2b: Marowak\n|-resisted|p2b: Marowak\n|-damage|p2b: Marowak|65\/100 psn\n|move|p2a: Revavroom|Haze|p2a: Revavroom\n|-clearallboost\n|move|p1a: Starbucks\ud83e\udd2e\ud83e\udd2e|Spikes|p2a: Revavroom\n|-sidestart|p2: Plutf|Spikes\n|move|p2b: Marowak|Fire Punch|p1b: Acid Chloride\n|-supereffective|p1b: Acid Chloride\n|-enditem|p1b: Acid Chloride|Focus Sash\n|-damage|p1b: Acid Chloride|1\/100\n|\n|-damage|p2b: Marowak|53\/100 psn|[from] psn\n|-sideend|p2: Plutf|move: Light Screen\n|-fieldend|move: Psychic Terrain\n|-ability|p1b: Acid Chloride|Speed Boost|boost\n|-boost|p1b: Acid Chloride|spe|1\n|upkeep\n|turn|6\n|\n|t:|1700186731\n|move|p1b: Acid Chloride|Poison Jab|p2b: Marowak\n|-resisted|p2b: Marowak\n|-crit|p2b: Marowak\n|-damage|p2b: Marowak|22\/100 psn\n|move|p2a: Revavroom|Iron Head|p1a: Starbucks\ud83e\udd2e\ud83e\udd2e\n|-damage|p1a: Starbucks\ud83e\udd2e\ud83e\udd2e|62\/100\n|-ability|p1a: Starbucks\ud83e\udd2e\ud83e\udd2e|Weak Armor|boost\n|-unboost|p1a: Starbucks\ud83e\udd2e\ud83e\udd2e|def|1\n|-boost|p1a: Starbucks\ud83e\udd2e\ud83e\udd2e|spe|2\n|-enditem|p1a: Starbucks\ud83e\udd2e\ud83e\udd2e|Air Balloon\n|move|p1a: Starbucks\ud83e\udd2e\ud83e\udd2e|Infestation|p2a: Revavroom\n|-resisted|p2a: Revavroom\n|-damage|p2a: Revavroom|99\/100\n|-activate|p2a: Revavroom|move: Infestation|[of] p1a: Starbucks\ud83e\udd2e\ud83e\udd2e\n|-damage|p1a: Starbucks\ud83e\udd2e\ud83e\udd2e|45\/100|[from] item: Rocky Helmet|[of] p2a: Revavroom\n|move|p2b: Marowak|Fire Punch|p1b: Acid Chloride\n|-supereffective|p1b: Acid Chloride\n|-damage|p1b: Acid Chloride|0 fnt\n|faint|p1b: Acid Chloride\n|\n|-damage|p2b: Marowak|10\/100 psn|[from] psn\n|-damage|p2a: Revavroom|87\/100|[from] move: Infestation|[partiallytrapped]\n|-sideend|p2: Plutf|Reflect\n|upkeep\n|inactive|kuzeama has 120 seconds left.\n|\n|t:|1700186762\n|switch|p1b: Kroko|Krookodile, M|100\/100\n|-status|p1b: Kroko|psn\n|-damage|p1b: Kroko|94\/100 psn|[from] Stealth Rock\n|-ability|p1b: Kroko|Intimidate|boost\n|-unboost|p2a: Revavroom|atk|1\n|-unboost|p2b: Marowak|atk|1\n|turn|7\n|inactive|kuzeama has 120 seconds left.\n|\n|t:|1700186776\n|move|p1a: Starbucks\ud83e\udd2e\ud83e\udd2e|Infestation|p2b: Marowak\n|-resisted|p2b: Marowak\n|-damage|p2b: Marowak|9\/100 psn\n|-activate|p2b: Marowak|move: Infestation|[of] p1a: Starbucks\ud83e\udd2e\ud83e\udd2e\n|move|p2a: Revavroom|Haze|p2a: Revavroom\n|-clearallboost\n|move|p1b: Kroko|Earthquake|p2a: Revavroom|[spread] p1a,p2a,p2b\n|-supereffective|p1a: Starbucks\ud83e\udd2e\ud83e\udd2e\n|-supereffective|p2a: Revavroom\n|-supereffective|p2b: Marowak\n|-damage|p1a: Starbucks\ud83e\udd2e\ud83e\udd2e|0 fnt\n|-damage|p2a: Revavroom|0 fnt\n|-damage|p2b: Marowak|0 fnt\n|faint|p1a: Starbucks\ud83e\udd2e\ud83e\udd2e\n|faint|p2a: Revavroom\n|faint|p2b: Marowak\n|\n|-heal|p1b: Kroko|100\/100 psn|[from] item: Leftovers\n|-damage|p1b: Kroko|88\/100 psn|[from] psn\n|upkeep\n|\n|t:|1700186797\n|switch|p2a: Minior|Minior-Green|100\/100\n|switch|p1a: Amine|Audino, F|100\/100\n|switch|p2b: Politoed|Politoed, F|100\/100\n|-formechange|p2a: Minior|Minior-Meteor||[from] ability: Shields Down\n|-status|p2b: Politoed|tox\n|-damage|p2b: Politoed|88\/100 tox|[from] Spikes\n|-status|p1a: Amine|psn\n|-damage|p1a: Amine|88\/100 psn|[from] Stealth Rock\n|turn|8\n|inactive|kuzeama has 120 seconds left.\n|\n|t:|1700186840\n|detailschange|p1a: Amine|Audino-Mega, F\n|-mega|p1a: Amine|Audino|Audinite\n|-terastallize|p1b: Kroko|Steel\n|move|p1b: Kroko|Tera Blast|p2a: Minior|[anim] Tera Blast Steel\n|-supereffective|p2a: Minior\n|-damage|p2a: Minior|4\/100\n|move|p2a: Minior|Reflect|p2a: Minior\n|-sidestart|p2: Plutf|Reflect\n|move|p2b: Politoed|Muddy Water|p1b: Kroko|[spread] p1a,p1b\n|-damage|p1a: Amine|78\/100 psn\n|-damage|p1b: Kroko|58\/100 psn\n|move|p1a: Amine|Light Screen|p1a: Amine\n|-sidestart|p1: kuzeama|move: Light Screen\n|\n|-heal|p1b: Kroko|64\/100 psn|[from] item: Leftovers\n|-heal|p2b: Politoed|94\/100 tox|[from] item: Leftovers\n|-damage|p1b: Kroko|52\/100 psn|[from] psn\n|-damage|p2b: Politoed|88\/100 tox|[from] psn\n|-damage|p1a: Amine|65\/100 psn|[from] psn\n|-formechange|p2a: Minior|Minior-Green||[from] ability: Shields Down\n|upkeep\n|turn|9\n|inactive|kuzeama has 120 seconds left.\n|inactive|kuzeama has 90 seconds left.\n|\n|t:|1700186887\n|move|p2a: Minior|Telekinesis|p1b: Kroko\n|-start|p1b: Kroko|Telekinesis\n|move|p1b: Kroko|Knock Off|p2b: Politoed\n|-crit|p2b: Politoed\n|-damage|p2b: Politoed|11\/100 tox\n|-enditem|p2b: Politoed|Leftovers|[from] move: Knock Off|[of] p1b: Kroko\n|move|p2b: Politoed|Focus Blast|p1b: Kroko\n|-supereffective|p1b: Kroko\n|-damage|p1b: Kroko|8\/100 psn\n|move|p1a: Amine|Life Dew|p1a: Amine|[spread] p1a,p1b\n|-heal|p1a: Amine|90\/100 psn\n|-heal|p1b: Kroko|33\/100 psn\n|\n|-heal|p1b: Kroko|39\/100 psn|[from] item: Leftovers\n|-damage|p1b: Kroko|27\/100 psn|[from] psn\n|-damage|p2b: Politoed|0 fnt|[from] psn\n|faint|p2b: Politoed\n|-damage|p1a: Amine|78\/100 psn|[from] psn\n|upkeep\n|inactive|Plutf has 120 seconds left.\n|\n|t:|1700186910\n|switch|p2b: Pangoro|Pangoro, F|100\/100\n|-status|p2b: Pangoro|tox\n|-damage|p2b: Pangoro|88\/100 tox|[from] Spikes\n|turn|10\n|inactive|Plutf has 120 seconds left.\n|\n|t:|1700186930\n|-terastallize|p2b: Pangoro|Poison\n|move|p1b: Kroko|Protect|p1b: Kroko\n|-singleturn|p1b: Kroko|Protect\n|move|p2a: Minior|Light Screen|p2a: Minior\n|-sidestart|p2: Plutf|move: Light Screen\n|move|p1a: Amine|Life Dew|p1a: Amine|[spread] p1a,p1b\n|-heal|p1a: Amine|100\/100 psn\n|-heal|p1b: Kroko|52\/100 psn\n|move|p2b: Pangoro|Circle Throw|p1b: Kroko\n|-activate|p1b: Kroko|move: Protect\n|\n|-heal|p1b: Kroko|58\/100 psn|[from] item: Leftovers\n|-damage|p1b: Kroko|46\/100 psn|[from] psn\n|-damage|p2b: Pangoro|82\/100 tox|[from] psn\n|-damage|p1a: Amine|88\/100 psn|[from] psn\n|upkeep\n|turn|11\n|inactive|kuzeama has 120 seconds left.\n|inactive|Plutf has 120 seconds left.\n|inactive|kuzeama has 90 seconds left.\n|\n|t:|1700186977\n|switch|p2a: Alcremie|Alcremie, F|100\/100\n|-status|p2a: Alcremie|tox\n|-damage|p2a: Alcremie|88\/100 tox|[from] Spikes\n|move|p1a: Amine|Protect|p1a: Amine\n|-singleturn|p1a: Amine|Protect\n|move|p1b: Kroko|Earthquake|p2b: Pangoro|[spread] p2a,p2b\n|-activate|p1a: Amine|move: Protect\n|-supereffective|p2b: Pangoro\n|-damage|p2a: Alcremie|57\/100 tox\n|-damage|p2b: Pangoro|18\/100 tox\n|-enditem|p2a: Alcremie|Red Card|[of] p1b: Kroko\n|drag|p1b: Amide|Indeedee-F, F|100\/100\n|-status|p1b: Amide|psn\n|-damage|p1b: Amide|88\/100 psn|[from] Stealth Rock\n|-fieldstart|move: Psychic Terrain|[from] ability: Psychic Surge|[of] p1b: Amide\n|move|p2b: Pangoro|Circle Throw|p1a: Amine\n|-activate|p1a: Amine|move: Protect\n|\n|-heal|p1b: Amide|94\/100 psn|[from] item: Leftovers\n|-damage|p1b: Amide|82\/100 psn|[from] psn\n|-damage|p2a: Alcremie|50\/100 tox|[from] psn\n|-damage|p2b: Pangoro|6\/100 tox|[from] psn\n|-damage|p1a: Amine|76\/100 psn|[from] psn\n|upkeep\n|turn|12\n|inactive|kuzeama has 90 seconds left.\n|inactive|Plutf has 120 seconds left.\n|\n|t:|1700187015\n|move|p2b: Pangoro|Bullet Punch|p1a: Amine\n|-activate|p1a: Amine|move: Psychic Terrain\n|move|p1b: Amide|Calm Mind|p1b: Amide\n|-boost|p1b: Amide|spa|1\n|-boost|p1b: Amide|spd|1\n|move|p2a: Alcremie|Aromatherapy|p2a: Alcremie\n|-activate|p2a: Alcremie|move: Aromatherapy\n|-curestatus|p2a: Alcremie|tox|[msg]\n|-curestatus|p2b: Pangoro|tox|[msg]\n|move|p1a: Amine|Life Dew|p1a: Amine|[spread] p1a,p1b\n|-heal|p1a: Amine|100\/100 psn\n|-heal|p1b: Amide|100\/100 psn\n|\n|-activate|p1a: Amine|ability: Healer\n|-curestatus|p1b: Amide|psn|[msg]\n|-damage|p1a: Amine|88\/100 psn|[from] psn\n|-sideend|p2: Plutf|Reflect\n|-sideend|p1: kuzeama|move: Light Screen\n|upkeep\n|turn|13\n|inactive|Plutf has 120 seconds left.\n|inactive|kuzeama has 90 seconds left.\n|\n|t:|1700187040\n|move|p1b: Amide|Calm Mind|p1b: Amide\n|-boost|p1b: Amide|spa|1\n|-boost|p1b: Amide|spd|1\n|move|p2a: Alcremie|Decorate|p2b: Pangoro\n|-boost|p2b: Pangoro|atk|2\n|-boost|p2b: Pangoro|spa|2\n|move|p2b: Pangoro|Darkest Lariat|p1b: Amide\n|-supereffective|p1b: Amide\n|-damage|p1b: Amide|0 fnt\n|faint|p1b: Amide\n|move|p1a: Amine|Light Screen|p1a: Amine\n|-sidestart|p1: kuzeama|move: Light Screen\n|\n|-damage|p1a: Amine|76\/100 psn|[from] psn\n|upkeep\n|inactive|kuzeama has 90 seconds left.\n|\n|t:|1700187069\n|switch|p1b: Kroko|Krookodile, M, tera:Steel|46\/100 psn\n|-damage|p1b: Kroko|40\/100 psn|[from] Stealth Rock\n|-ability|p1b: Kroko|Intimidate|boost\n|-unboost|p2a: Alcremie|atk|1\n|-unboost|p2b: Pangoro|atk|1\n|turn|14\n|inactive|kuzeama has 90 seconds left.\n|\n|t:|1700187088\n|move|p2a: Alcremie|Helping Hand|p2b: Pangoro\n|-singleturn|p2b: Pangoro|Helping Hand|[of] p2a: Alcremie\n|move|p1a: Amine|Protect|p1a: Amine\n|-singleturn|p1a: Amine|Protect\n|move|p1b: Kroko|Earthquake|p2a: Alcremie|[spread] p2a,p2b\n|-activate|p1a: Amine|move: Protect\n|-supereffective|p2b: Pangoro\n|-damage|p2a: Alcremie|4\/100\n|-damage|p2b: Pangoro|0 fnt\n|faint|p2b: Pangoro\n|\n|-heal|p1b: Kroko|46\/100 psn|[from] item: Leftovers\n|-damage|p1b: Kroko|33\/100 psn|[from] psn\n|-damage|p1a: Amine|63\/100 psn|[from] psn\n|-sideend|p2: Plutf|move: Light Screen\n|upkeep\n|\n|t:|1700187093\n|switch|p2b: Minior|Minior-Green|4\/100\n|turn|15\n|\n|t:|1700187110\n|move|p1b: Kroko|Protect|p1b: Kroko\n|-singleturn|p1b: Kroko|Protect\n|move|p2b: Minior|Reflect|p2b: Minior\n|-sidestart|p2: Plutf|Reflect\n|move|p2a: Alcremie|Dazzling Gleam|p1a: Amine|[spread] p1a\n|-activate|p1b: Kroko|move: Protect\n|-damage|p1a: Amine|56\/100 psn\n|move|p1a: Amine|Life Dew|p1a: Amine|[spread] p1a,p1b\n|-heal|p1a: Amine|81\/100 psn\n|-heal|p1b: Kroko|58\/100 psn\n|\n|-heal|p1b: Kroko|64\/100 psn|[from] item: Leftovers\n|-damage|p1b: Kroko|52\/100 psn|[from] psn\n|-damage|p1a: Amine|69\/100 psn|[from] psn\n|-fieldend|move: Psychic Terrain\n|upkeep\n|turn|16\n|inactive|kuzeama has 120 seconds left.\n|-message|Plutf forfeited.\n|\n|win|kuzeama\n|raw|kuzeama's rating: 1000 &rarr; <strong>1046<\/strong><br \/>(+46 for winning)\n|raw|Plutf's rating: 1051 &rarr; <strong>1031<\/strong><br \/>(-20 for losing)\n|l|\u2606Plutf\n","uploadtime":1700187127,"views":6,"p1id":"kuzeama","p2id":"plutf","formatid":"gen9nationaldexdoubles","rating":1031,"private":0,"password":""}