{"id":"gen9nationaldexdoubles-1956548324","p1":"Bananamann457","p2":"Chi-Yu's Solider","format":"[Gen 9] National Dex Doubles","log":"|j|\u2606Bananamann457\n|j|\u2606Chi-Yu's Solider\n|t:|1696119574\n|gametype|doubles\n|player|p1|Bananamann457|scientist-gen4|\n|player|p2|Chi-Yu's Solider|ghetsis|\n|teamsize|p1|6\n|teamsize|p2|6\n|gen|9\n|tier|[Gen 9] National Dex Doubles\n|rule|HP Percentage Mod: HP is shown in percentages\n|rule|Endless Battle Clause: Forcing endless battles is banned\n|rule|OHKO Clause: OHKO moves are banned\n|rule|Evasion Moves Clause: Evasion moves are banned\n|rule|Evasion Abilities Clause: Evasion abilities are banned\n|rule|Species Clause: Limit one of each Pok\u00e9mon\n|rule|Gravity Sleep Clause: The combination of sleep-inducing moves with imperfect accuracy and Gravity or Gigantamax Orbeetle are banned\n|clearpoke\n|poke|p1|Mudsdale, M|\n|poke|p1|Flutter Mane|\n|poke|p1|Palafin, F|\n|poke|p1|Arcanine, M|\n|poke|p1|Whimsicott, F|\n|poke|p1|Lucario, M|\n|poke|p2|Kommo-o, M|\n|poke|p2|Blacephalon|\n|poke|p2|Indeedee-F, F|\n|poke|p2|Incineroar, F|\n|poke|p2|Sneasler, M|\n|poke|p2|Rillaboom, F|\n|teampreview\n|inactive|Battle timer is ON: inactive players will automatically lose when time's up. (requested by Chi-Yu's Solider)\n|\n|t:|1696119600\n|start\n|switch|p1a: Bestest Boy|Whimsicott, F|100\/100\n|switch|p1b: Furry Incinerator|Arcanine, M|100\/100\n|switch|p2a: Blacephalon|Blacephalon|100\/100\n|switch|p2b: Indeedee|Indeedee-F, F|100\/100\n|-fieldstart|move: Psychic Terrain|[from] ability: Psychic Surge|[of] p2b: Indeedee\n|-enditem|p2b: Indeedee|Psychic Seed\n|-boost|p2b: Indeedee|spd|1|[from] item: Psychic Seed\n|turn|1\n|\n|t:|1696119612\n|-terastallize|p2a: Blacephalon|Psychic\n|move|p2b: Indeedee|Follow Me|p2b: Indeedee\n|-singleturn|p2b: Indeedee|move: Follow Me\n|move|p1a: Bestest Boy|Tailwind|p1a: Bestest Boy\n|-sidestart|p1: Bananamann457|move: Tailwind\n|move|p1b: Furry Incinerator|Flare Blitz|p2b: Indeedee\n|-damage|p2b: Indeedee|43\/100\n|-damage|p1b: Furry Incinerator|80\/100|[from] Recoil\n|move|p2a: Blacephalon|Expanding Force|p1a: Bestest Boy|[spread] p1a,p1b\n|-damage|p1a: Bestest Boy|0 fnt\n|-damage|p1b: Furry Incinerator|0 fnt\n|faint|p1a: Bestest Boy\n|faint|p1b: Furry Incinerator\n|-ability|p2a: Blacephalon|Beast Boost|boost\n|-boost|p2a: Blacephalon|spa|2\n|-damage|p2a: Blacephalon|91\/100|[from] item: Life Orb\n|\n|upkeep\n|\n|t:|1696119632\n|switch|p1a: All Might|Palafin, F|100\/100\n|switch|p1b: Sokka|Lucario, M|100\/100\n|turn|2\n|j| S1r.sweepsaLot\n|\n|t:|1696119646\n|move|p2b: Indeedee|Follow Me|p2b: Indeedee\n|-singleturn|p2b: Indeedee|move: Follow Me\n|move|p1b: Sokka|Drain Punch|p2b: Indeedee\n|-damage|p2b: Indeedee|0 fnt\n|faint|p2b: Indeedee\n|-damage|p1b: Sokka|91\/100|[from] item: Life Orb\n|move|p1a: All Might|Wave Crash|p2a: Blacephalon\n|-damage|p2a: Blacephalon|0 fnt\n|faint|p2a: Blacephalon\n|-damage|p1a: All Might|81\/100|[from] Recoil\n|\n|upkeep\n|\n|t:|1696119661\n|switch|p2a: Sneasler|Sneasler, M|100\/100\n|switch|p2b: Rillaboom|Rillaboom, F, shiny|100\/100\n|-fieldstart|move: Grassy Terrain|[from] ability: Grassy Surge|[of] p2b: Rillaboom\n|-enditem|p2a: Sneasler|Grassy Seed\n|-boost|p2a: Sneasler|def|1|[from] item: Grassy Seed\n|turn|3\n|\n|t:|1696119673\n|-terastallize|p1b: Sokka|Flying\n|move|p1a: All Might|Protect|p1a: All Might\n|-singleturn|p1a: All Might|Protect\n|move|p2b: Rillaboom|Grassy Glide|p1a: All Might\n|-activate|p1a: All Might|move: Protect\n|move|p2a: Sneasler|Rock Slide|p1a: All Might|[spread] p1b\n|-activate|p1a: All Might|move: Protect\n|-supereffective|p1b: Sokka\n|-damage|p1b: Sokka|19\/100\n|move|p1b: Sokka|Drain Punch|p2b: Rillaboom\n|-damage|p2b: Rillaboom|57\/100\n|-heal|p1b: Sokka|49\/100|[from] drain|[of] p2b: Rillaboom\n|-damage|p1b: Sokka|39\/100|[from] item: Life Orb\n|\n|-heal|p1a: All Might|87\/100|[from] Grassy Terrain\n|-heal|p2b: Rillaboom|63\/100|[from] Grassy Terrain\n|upkeep\n|turn|4\n|inactive|Bananamann457 has 270 seconds left.\n|\n|t:|1696119703\n|move|p1a: All Might|Jet Punch|p2a: Sneasler\n|-damage|p2a: Sneasler|66\/100\n|move|p2b: Rillaboom|Grassy Glide|p1a: All Might\n|-supereffective|p1a: All Might\n|-damage|p1a: All Might|0 fnt\n|faint|p1a: All Might\n|move|p2a: Sneasler|Rock Slide|p1b: Sokka\n|-supereffective|p1b: Sokka\n|-damage|p1b: Sokka|0 fnt\n|faint|p1b: Sokka\n|\n|-heal|p2a: Sneasler|72\/100|[from] Grassy Terrain\n|-heal|p2b: Rillaboom|69\/100|[from] Grassy Terrain\n|-sideend|p1: Bananamann457|move: Tailwind\n|upkeep\n|\n|t:|1696119708\n|switch|p1b: Mudsdale|Mudsdale, M|100\/100\n|switch|p1a: Flushdrivus|Flutter Mane|100\/100\n|-enditem|p1a: Flushdrivus|Booster Energy\n|-activate|p1a: Flushdrivus|ability: Protosynthesis|[fromitem]\n|-start|p1a: Flushdrivus|protosynthesisspa\n|turn|5\n|inactive|Chi-Yu's Solider has 270 seconds left.\n|\n|t:|1696119746\n|move|p2a: Sneasler|Protect|p2a: Sneasler\n|-singleturn|p2a: Sneasler|Protect\n|move|p2b: Rillaboom|Grassy Glide|p1a: Flushdrivus\n|-damage|p1a: Flushdrivus|48\/100\n|move|p1a: Flushdrivus|Moonblast|p2b: Rillaboom\n|-damage|p2b: Rillaboom|28\/100\n|move|p1b: Mudsdale|High Horsepower|p2a: Sneasler\n|-activate|p2a: Sneasler|move: Protect\n|\n|-heal|p2a: Sneasler|78\/100|[from] Grassy Terrain\n|-heal|p1a: Flushdrivus|54\/100|[from] Grassy Terrain\n|-heal|p2b: Rillaboom|34\/100|[from] Grassy Terrain\n|upkeep\n|turn|6\n|\n|t:|1696119765\n|move|p2b: Rillaboom|Grassy Glide|p1a: Flushdrivus\n|-damage|p1a: Flushdrivus|0 fnt\n|faint|p1a: Flushdrivus\n|-end|p1a: Flushdrivus|Protosynthesis|[silent]\n|move|p2a: Sneasler|Close Combat|p1b: Mudsdale\n|-damage|p1b: Mudsdale|41\/100\n|-unboost|p2a: Sneasler|def|1\n|-unboost|p2a: Sneasler|spd|1\n|-ability|p1b: Mudsdale|Stamina|boost\n|-boost|p1b: Mudsdale|def|1\n|move|p1b: Mudsdale|High Horsepower|p2a: Sneasler\n|-supereffective|p2a: Sneasler\n|-damage|p2a: Sneasler|0 fnt\n|faint|p2a: Sneasler\n|\n|-heal|p2b: Rillaboom|40\/100|[from] Grassy Terrain\n|-heal|p1b: Mudsdale|47\/100|[from] Grassy Terrain\n|upkeep\n|\n|t:|1696119775\n|switch|p2a: Kommo-o|Kommo-o, M|100\/100\n|turn|7\n|\n|t:|1696119782\n|move|p2b: Rillaboom|Grassy Glide|p1b: Mudsdale\n|-supereffective|p1b: Mudsdale\n|-damage|p1b: Mudsdale|2\/100\n|-ability|p1b: Mudsdale|Stamina|boost\n|-boost|p1b: Mudsdale|def|1\n|-zpower|p2a: Kommo-o\n|move|p2a: Kommo-o|Clangorous Soulblaze|p1b: Mudsdale|[zeffect]\n|-damage|p1b: Mudsdale|0 fnt\n|faint|p1b: Mudsdale\n|\n|win|Chi-Yu's Solider\n|l|\u2606Bananamann457\n","uploadtime":1696119801,"views":8,"p1id":"bananamann457","p2id":"chiyussolider","formatid":"gen9nationaldexdoubles","rating":0,"private":0,"password":""}