{"id":"gen9nationaldexdoubles-1999119692","p1":"MamaoPapaya","p2":"CatchTheSky","format":"[Gen 9] National Dex Doubles","log":"|j|\u2606MamaoPapaya\n|j|\u2606CatchTheSky\n|t:|1701035241\n|gametype|doubles\n|player|p1|MamaoPapaya|worker|1048\n|player|p2|CatchTheSky|nate|1043\n|teamsize|p1|6\n|teamsize|p2|6\n|gen|9\n|tier|[Gen 9] National Dex Doubles\n|rated|\n|rule|HP Percentage Mod: HP is shown in percentages\n|rule|Endless Battle Clause: Forcing endless battles is banned\n|rule|OHKO Clause: OHKO moves are banned\n|rule|Evasion Moves Clause: Evasion moves are banned\n|rule|Evasion Abilities Clause: Evasion abilities are banned\n|rule|Species Clause: Limit one of each Pok\u00e9mon\n|rule|Gravity Sleep Clause: The combination of sleep-inducing moves with imperfect accuracy and Gravity or Gigantamax Orbeetle are banned\n|clearpoke\n|poke|p1|Greedent, F|\n|poke|p1|Slowbro, F|\n|poke|p1|Drednaw, M|\n|poke|p1|Flamigo, F|\n|poke|p1|Pelipper, F|\n|poke|p1|Maushold|\n|poke|p2|Pachirisu, F|\n|poke|p2|Salamence, M|\n|poke|p2|Lucario, M|\n|poke|p2|Greninja-*, M|\n|poke|p2|Gliscor, M|\n|poke|p2|Breloom, M|\n|teampreview\n|\n|t:|1701035248\n|start\n|switch|p1a: Artryuu|Greedent, F, shiny|100\/100\n|switch|p1b: Slowbra|Slowbro, F|100\/100\n|switch|p2a: Breloom|Breloom, M|100\/100\n|switch|p2b: Pachirisu|Pachirisu, F|100\/100\n|turn|1\n|\n|t:|1701035267\n|move|p2a: Breloom|Leech Seed|p1b: Slowbra|[miss]\n|-miss|p2a: Breloom|p1b: Slowbra\n|move|p2b: Pachirisu|Nuzzle|p1b: Slowbra\n|-supereffective|p1b: Slowbra\n|-damage|p1b: Slowbra|94\/100\n|move|p1a: Artryuu|Belly Drum|p1a: Artryuu\n|-damage|p1a: Artryuu|51\/100\n|-setboost|p1a: Artryuu|atk|6|[from] move: Belly Drum\n|move|p1b: Slowbra|Trick Room|p1b: Slowbra\n|-fieldstart|move: Trick Room|[of] p1b: Slowbra\n|\n|upkeep\n|turn|2\n|\n|t:|1701035287\n|move|p1a: Artryuu|Earthquake|p2a: Breloom|[spread] p1b,p2a,p2b\n|-resisted|p2a: Breloom\n|-supereffective|p2b: Pachirisu\n|-damage|p1b: Slowbra|24\/100\n|-damage|p2a: Breloom|24\/100\n|-damage|p2b: Pachirisu|0 fnt\n|faint|p2b: Pachirisu\n|move|p1b: Slowbra|Psych Up|p1a: Artryuu\n|-copyboost|p1b: Slowbra|p1a: Artryuu|[from] move: Psych Up\n|move|p2a: Breloom|Leech Seed|p1a: Artryuu\n|-start|p1a: Artryuu|move: Leech Seed\n|\n|-damage|p1a: Artryuu|38\/100|[from] Leech Seed|[of] p2a: Breloom\n|-heal|p2a: Breloom|45\/100|[silent]\n|upkeep\n|-enditem|p1a: Artryuu|Sitrus Berry|[eat]\n|-heal|p1a: Artryuu|63\/100|[from] item: Sitrus Berry\n|-heal|p1a: Artryuu|96\/100|[from] ability: Cheek Pouch\n|\n|t:|1701035304\n|switch|p2b: Salamence|Salamence, M|100\/100\n|-ability|p2b: Salamence|Intimidate|boost\n|-unboost|p1a: Artryuu|atk|1\n|-fail|p1b: Slowbra|unboost|Attack|[from] ability: Oblivious|[of] p1b: Slowbra\n|turn|3\n|\n|t:|1701035320\n|-terastallize|p2b: Salamence|Dragon\n|move|p1a: Artryuu|Body Slam|p2b: Salamence\n|-damage|p2b: Salamence|0 fnt\n|faint|p2b: Salamence\n|move|p1b: Slowbra|Liquidation|p2a: Breloom\n|-resisted|p2a: Breloom\n|-damage|p2a: Breloom|0 fnt\n|faint|p2a: Breloom\n|\n|upkeep\n|\n|t:|1701035332\n|switch|p2a: Greninja|Greninja, M, shiny|100\/100\n|switch|p2b: Lucario|Lucario, M|100\/100\n|turn|4\n|\n|t:|1701035348\n|detailschange|p2b: Lucario|Lucario-Mega, M\n|-mega|p2b: Lucario|Lucario|Lucarionite\n|move|p1a: Artryuu|Earthquake|p2a: Greninja|[spread] p1b,p2a,p2b\n|-supereffective|p2b: Lucario\n|-damage|p1b: Slowbra|0 fnt\n|-damage|p2a: Greninja|0 fnt\n|-damage|p2b: Lucario|0 fnt\n|faint|p1b: Slowbra\n|faint|p2a: Greninja\n|faint|p2b: Lucario\n|\n|upkeep\n|\n|t:|1701035371\n|switch|p1b: Flamigo|Flamigo, F, shiny|100\/100\n|switch|p2b: Gliscor|Gliscor, M|100\/100\n|-copyboost|p1b: Flamigo|p1a: Artryuu|[from] ability: Costar\n|turn|5\n|\n|t:|1701035422\n|move|p1b: Flamigo|Feint|p2b: Gliscor\n|-damage|p2b: Gliscor|70\/100\n|move|p1a: Artryuu|Body Slam|p2b: Gliscor\n|-damage|p2b: Gliscor|0 fnt\n|faint|p2b: Gliscor\n|\n|win|MamaoPapaya\n|raw|MamaoPapaya's rating: 1048 &rarr; <strong>1080<\/strong><br \/>(+32 for winning)\n|raw|CatchTheSky's rating: 1043 &rarr; <strong>1027<\/strong><br \/>(-16 for losing)\n","uploadtime":1701035436,"views":0,"p1id":"mamaopapaya","p2id":"catchthesky","formatid":"gen9nationaldexdoubles","rating":1027,"private":0,"password":""}