{"id":"gen9nationaldexdoubles-1984953358","p1":"The Cracked One","p2":"Mike Geezy","format":"[Gen 9] National Dex Doubles","log":"|j|\u2606The Cracked One\n|j|\u2606Mike Geezy\n|t:|1699314290\n|gametype|doubles\n|player|p1|The Cracked One|psychic-gen4|1081\n|player|p2|Mike Geezy|unknown|1000\n|teamsize|p1|6\n|teamsize|p2|6\n|gen|9\n|tier|[Gen 9] National Dex Doubles\n|rated|\n|rule|HP Percentage Mod: HP is shown in percentages\n|rule|Endless Battle Clause: Forcing endless battles is banned\n|rule|OHKO Clause: OHKO moves are banned\n|rule|Evasion Moves Clause: Evasion moves are banned\n|rule|Evasion Abilities Clause: Evasion abilities are banned\n|rule|Species Clause: Limit one of each Pok\u00e9mon\n|rule|Gravity Sleep Clause: The combination of sleep-inducing moves with imperfect accuracy and Gravity or Gigantamax Orbeetle are banned\n|clearpoke\n|poke|p1|Eiscue, M|\n|poke|p1|Abomasnow, M|\n|poke|p1|Azumarill, M|\n|poke|p1|Froslass, F|\n|poke|p1|Baxcalibur, M|\n|poke|p1|Delibird, M|\n|poke|p2|Latias, F|\n|poke|p2|Lucario, F|\n|poke|p2|Espeon, M|\n|poke|p2|Charizard, F|\n|poke|p2|Swampert, F|\n|poke|p2|Thundurus, M|\n|teampreview\n|\n|t:|1699314324\n|start\n|switch|p1a: You|Eiscue, M, shiny|100\/100\n|switch|p1b: Have|Abomasnow, M, shiny|100\/100\n|switch|p2a: Thundurus|Thundurus, M|100\/100\n|switch|p2b: Swampert|Swampert, F|100\/100\n|-weather|Snow|[from] ability: Snow Warning|[of] p1b: Have\n|turn|1\n|\n|t:|1699314363\n|switch|p2b: Charizard|Charizard, F|100\/100\n|detailschange|p1b: Have|Abomasnow-Mega, M, shiny\n|-mega|p1b: Have|Abomasnow|Abomasite\n|move|p2a: Thundurus|Discharge|p1b: Have|[spread] p2b,p1a,p1b\n|-supereffective|p2b: Charizard\n|-resisted|p1b: Have\n|-damage|p2b: Charizard|42\/100\n|-damage|p1a: You|54\/100\n|-damage|p1b: Have|88\/100\n|-status|p1a: You|par\n|cant|p1a: You|par\n|move|p1b: Have|Aurora Veil|p1b: Have\n|-sidestart|p1: The Cracked One|move: Aurora Veil\n|\n|-weather|Snow|[upkeep]\n|upkeep\n|turn|2\n|\n|t:|1699314405\n|move|p2a: Thundurus|Sky Drop||[still]\n|-prepare|p2a: Thundurus|Sky Drop|p1b: Have\n|move|p2b: Charizard|Fire Blast|p1a: You\n|-supereffective|p1a: You\n|-damage|p1a: You|0 fnt\n|faint|p1a: You\n|\n|-weather|Snow|[upkeep]\n|upkeep\n|\n|t:|1699314416\n|switch|p1a: Just|Azumarill, M, shiny|100\/100\n|turn|3\n|\n|t:|1699314438\n|move|p2a: Thundurus|Sky Drop|p1b: Have|[from]lockedmove\n|-supereffective|p1b: Have\n|-damage|p1b: Have|67\/100\n|-end|p1b: Have|Sky Drop\n|move|p2b: Charizard|Acrobatics|p1a: Just\n|-crit|p1a: Just\n|-damage|p1a: Just|74\/100\n|move|p1a: Just|Belly Drum|p1a: Just\n|-damage|p1a: Just|24\/100\n|-setboost|p1a: Just|atk|6|[from] move: Belly Drum\n|-enditem|p1a: Just|Sitrus Berry|[eat]\n|-heal|p1a: Just|49\/100|[from] item: Sitrus Berry\n|move|p1b: Have|Blizzard|p2b: Charizard|[spread] p2a,p2b\n|-supereffective|p2a: Thundurus\n|-damage|p2a: Thundurus|0 fnt\n|-damage|p2b: Charizard|0 fnt\n|faint|p2a: Thundurus\n|faint|p2b: Charizard\n|\n|-weather|Snow|[upkeep]\n|upkeep\n|\n|t:|1699314471\n|switch|p2a: Swampert|Swampert, F|100\/100\n|switch|p2b: Lucario|Lucario, F|100\/100\n|turn|4\n|\n|t:|1699314489\n|move|p2b: Lucario|Bullet Punch|p1a: Just\n|-damage|p1a: Just|37\/100\n|move|p1a: Just|Aqua Jet|p2b: Lucario\n|-damage|p2b: Lucario|0 fnt\n|faint|p2b: Lucario\n|move|p2a: Swampert|Earth Power|p1b: Have\n|-resisted|p1b: Have\n|-damage|p1b: Have|58\/100\n|move|p1b: Have|Energy Ball|p2a: Swampert\n|-supereffective|p2a: Swampert\n|-damage|p2a: Swampert|0 fnt\n|faint|p2a: Swampert\n|\n|-weather|Snow|[upkeep]\n|upkeep\n|\n|t:|1699314505\n|switch|p2b: Latias|Latias, F|100\/100\n|switch|p2a: Espeon|Espeon, M|100\/100\n|turn|5\n|c|\u2606The Cracked One|gg\n|\n|t:|1699314530\n|move|p1a: Just|Aqua Jet|p2a: Espeon\n|-crit|p2a: Espeon\n|-damage|p2a: Espeon|0 fnt\n|faint|p2a: Espeon\n|move|p2b: Latias|Psychic|p1a: Just\n|-damage|p1a: Just|12\/100\n|move|p1b: Have|Blizzard|p2b: Latias\n|-supereffective|p2b: Latias\n|-damage|p2b: Latias|12\/100\n|\n|-weather|none\n|-sideend|p1: The Cracked One|move: Aurora Veil\n|upkeep\n|turn|6\n|\n|t:|1699314550\n|move|p1a: Just|Aqua Jet|p2b: Latias\n|-resisted|p2b: Latias\n|-damage|p2b: Latias|0 fnt\n|faint|p2b: Latias\n|\n|win|The Cracked One\n|raw|The Cracked One's rating: 1081 &rarr; <strong>1102<\/strong><br \/>(+21 for winning)\n|raw|Mike Geezy's rating: 1000 &rarr; <strong>1000<\/strong><br \/>(+0 for losing)\n|c|\u2606The Cracked One|ggs\n|l|\u2606Mike Geezy\n|j| WatIzDatFing\n|j| Tsav1\n|l| Tsav1\n|j| kipperace\n|l|\u2606The Cracked One\n|l| WatIzDatFing\n","uploadtime":1699314598,"views":5,"p1id":"thecrackedone","p2id":"mikegeezy","formatid":"gen9nationaldexdoubles","rating":1000,"private":0,"password":""}