{"id":"gen9nationaldexdoubles-1999506666","p1":"Leitorex26","p2":"Kazutoxo","format":"[Gen 9] National Dex Doubles","log":"|j|\u2606Leitorex26\n|j|\u2606Kazutoxo\n|t:|1701090330\n|gametype|doubles\n|player|p1|Leitorex26|unknown|\n|player|p2|Kazutoxo|ingo|\n|teamsize|p1|6\n|teamsize|p2|6\n|gen|9\n|tier|[Gen 9] National Dex Doubles\n|rule|HP Percentage Mod: HP is shown in percentages\n|rule|Endless Battle Clause: Forcing endless battles is banned\n|rule|OHKO Clause: OHKO moves are banned\n|rule|Evasion Moves Clause: Evasion moves are banned\n|rule|Evasion Abilities Clause: Evasion abilities are banned\n|rule|Species Clause: Limit one of each Pok\u00e9mon\n|rule|Gravity Sleep Clause: The combination of sleep-inducing moves with imperfect accuracy and Gravity or Gigantamax Orbeetle are banned\n|clearpoke\n|poke|p1|Ursaluna, M|\n|poke|p1|Amoonguss, F|\n|poke|p1|Flutter Mane|\n|poke|p1|Gholdengo|\n|poke|p1|Iron Hands|\n|poke|p1|Chi-Yu|\n|poke|p2|Kangaskhan, F|\n|poke|p2|Incineroar, M|\n|poke|p2|Ogerpon-Wellspring, F|\n|poke|p2|Landorus-Therian, M|\n|poke|p2|Rillaboom, F|\n|poke|p2|Flutter Mane|\n|teampreview\n|\n|t:|1701090340\n|start\n|switch|p1a: Ursaluna|Ursaluna, M, shiny|100\/100\n|switch|p1b: Amoonguss|Amoonguss, F, shiny|100\/100\n|switch|p2a: Incineroar|Incineroar, M|100\/100\n|switch|p2b: Ogerpon|Ogerpon-Wellspring, F|100\/100\n|-ability|p2a: Incineroar|Intimidate|boost\n|-unboost|p1a: Ursaluna|atk|1\n|-unboost|p1b: Amoonguss|atk|1\n|turn|1\n|\n|t:|1701090360\n|switch|p1a: Iron Hands|Iron Hands, shiny|100\/100\n|move|p2b: Ogerpon|Ivy Cudgel|p1a: Iron Hands|[anim] Ivy Cudgel Water\n|-damage|p1a: Iron Hands|65\/100\n|move|p2a: Incineroar|Knock Off|p1b: Amoonguss\n|-damage|p1b: Amoonguss|52\/100\n|-enditem|p1b: Amoonguss|Covert Cloak|[from] move: Knock Off|[of] p2a: Incineroar\n|move|p1b: Amoonguss|Spore|p2a: Incineroar\n|-activate|p2a: Incineroar|item: Safety Goggles|Spore\n|\n|upkeep\n|turn|2\n|\n|t:|1701090383\n|switch|p2a: Rillaboom|Rillaboom, F|100\/100\n|-fieldstart|move: Grassy Terrain|[from] ability: Grassy Surge|[of] p2a: Rillaboom\n|move|p2b: Ogerpon|Spiky Shield|p2b: Ogerpon\n|-singleturn|p2b: Ogerpon|move: Protect\n|move|p1a: Iron Hands|Fake Out|p2a: Rillaboom\n|-damage|p2a: Rillaboom|86\/100\n|move|p1b: Amoonguss|Clear Smog|p2b: Ogerpon\n|-activate|p2b: Ogerpon|move: Protect\n|\n|-heal|p2a: Rillaboom|92\/100|[from] Grassy Terrain\n|-heal|p1a: Iron Hands|71\/100|[from] Grassy Terrain\n|-heal|p1b: Amoonguss|58\/100|[from] Grassy Terrain\n|upkeep\n|turn|3\n|\n|t:|1701090425\n|switch|p2b: Landorus|Landorus-Therian, M|100\/100\n|-ability|p2b: Landorus|Intimidate|boost\n|-unboost|p1a: Iron Hands|atk|1\n|-unboost|p1b: Amoonguss|atk|1\n|-enditem|p2b: Landorus|Grassy Seed\n|-boost|p2b: Landorus|def|1|[from] item: Grassy Seed\n|move|p2a: Rillaboom|Fake Out|p1a: Iron Hands\n|-damage|p1a: Iron Hands|64\/100\n|cant|p1a: Iron Hands|flinch\n|move|p1b: Amoonguss|Clear Smog|p2a: Rillaboom\n|-supereffective|p2a: Rillaboom\n|-damage|p2a: Rillaboom|66\/100\n|-clearboost|p2a: Rillaboom\n|\n|-heal|p2a: Rillaboom|72\/100|[from] Grassy Terrain\n|-heal|p1a: Iron Hands|70\/100|[from] Grassy Terrain\n|-heal|p1b: Amoonguss|64\/100|[from] Grassy Terrain\n|upkeep\n|turn|4\n|\n|t:|1701090465\n|switch|p2a: Ogerpon|Ogerpon-Wellspring, F|100\/100\n|move|p2b: Landorus|Protect|p2b: Landorus\n|-singleturn|p2b: Landorus|Protect\n|move|p1a: Iron Hands|Drain Punch|p2a: Ogerpon\n|-damage|p2a: Ogerpon|66\/100\n|-heal|p1a: Iron Hands|81\/100|[from] drain|[of] p2a: Ogerpon\n|move|p1b: Amoonguss|Spore|p2b: Landorus\n|-activate|p2b: Landorus|move: Protect\n|\n|-heal|p2a: Ogerpon|72\/100|[from] Grassy Terrain\n|-heal|p1a: Iron Hands|87\/100|[from] Grassy Terrain\n|-heal|p1b: Amoonguss|70\/100|[from] Grassy Terrain\n|upkeep\n|turn|5\n|\n|t:|1701090486\n|move|p2a: Ogerpon|Follow Me|p2a: Ogerpon\n|-singleturn|p2a: Ogerpon|move: Follow Me\n|move|p2b: Landorus|Swords Dance|p2b: Landorus\n|-boost|p2b: Landorus|atk|2\n|move|p1a: Iron Hands|Drain Punch|p2a: Ogerpon\n|-damage|p2a: Ogerpon|35\/100\n|-heal|p1a: Iron Hands|99\/100|[from] drain|[of] p2a: Ogerpon\n|move|p1b: Amoonguss|Spore|p2a: Ogerpon\n|-immune|p2a: Ogerpon\n|\n|-heal|p2a: Ogerpon|41\/100|[from] Grassy Terrain\n|-heal|p1a: Iron Hands|100\/100|[from] Grassy Terrain\n|-heal|p1b: Amoonguss|76\/100|[from] Grassy Terrain\n|upkeep\n|turn|6\n|\n|t:|1701090524\n|switch|p2a: Incineroar|Incineroar, M|100\/100\n|-ability|p2a: Incineroar|Intimidate|boost\n|-unboost|p1a: Iron Hands|atk|1\n|-unboost|p1b: Amoonguss|atk|1\n|move|p1b: Amoonguss|Rage Powder|p1b: Amoonguss\n|-singleturn|p1b: Amoonguss|move: Rage Powder\n|move|p2b: Landorus|Rock Slide|p1b: Amoonguss|[spread] p1b\n|-miss|p2b: Landorus|p1a: Iron Hands\n|-damage|p1b: Amoonguss|34\/100\n|move|p1a: Iron Hands|Drain Punch|p2a: Incineroar\n|-supereffective|p2a: Incineroar\n|-damage|p2a: Incineroar|64\/100\n|\n|-heal|p2a: Incineroar|70\/100|[from] Grassy Terrain\n|-heal|p1b: Amoonguss|40\/100|[from] Grassy Terrain\n|-fieldend|move: Grassy Terrain\n|upkeep\n|turn|7\n|\n|t:|1701090549\n|-end|p1a: Iron Hands|Quark Drive|[silent]\n|switch|p1a: Flutter Mane|Flutter Mane, shiny|100\/100\n|-enditem|p1a: Flutter Mane|Booster Energy\n|-activate|p1a: Flutter Mane|ability: Protosynthesis|[fromitem]\n|-start|p1a: Flutter Mane|protosynthesisspe\n|move|p2b: Landorus|Stomping Tantrum|p1a: Flutter Mane\n|-damage|p1a: Flutter Mane|0 fnt\n|faint|p1a: Flutter Mane\n|-end|p1a: Flutter Mane|Protosynthesis|[silent]\n|move|p2a: Incineroar|Flare Blitz|p1b: Amoonguss\n|-supereffective|p1b: Amoonguss\n|-damage|p1b: Amoonguss|0 fnt\n|faint|p1b: Amoonguss\n|-damage|p2a: Incineroar|56\/100|[from] Recoil\n|\n|upkeep\n|\n|t:|1701090581\n|switch|p1a: Iron Hands|Iron Hands, shiny|100\/100\n|switch|p1b: Ursaluna|Ursaluna, M, shiny|100\/100\n|turn|8\n|\n|t:|1701090595\n|-terastallize|p1b: Ursaluna|Normal\n|move|p2b: Landorus|Protect|p2b: Landorus\n|-singleturn|p2b: Landorus|Protect\n|move|p1a: Iron Hands|Fake Out|p2a: Incineroar\n|-damage|p2a: Incineroar|41\/100\n|cant|p2a: Incineroar|flinch\n|move|p1b: Ursaluna|Facade|p2a: Incineroar\n|-damage|p2a: Incineroar|0 fnt\n|faint|p2a: Incineroar\n|\n|-status|p1b: Ursaluna|brn|[from] item: Flame Orb\n|upkeep\n|\n|t:|1701090626\n|switch|p2a: Kangaskhan|Kangaskhan, F|100\/100\n|turn|9\n|\n|t:|1701090641\n|move|p2a: Kangaskhan|Fake Out|p1b: Ursaluna\n|-crit|p1b: Ursaluna\n|-damage|p1b: Ursaluna|87\/100 brn\n|move|p2b: Landorus|Rock Slide|p1b: Ursaluna|[spread] p1a,p1b\n|-resisted|p1a: Iron Hands\n|-crit|p1a: Iron Hands\n|-damage|p1a: Iron Hands|82\/100\n|-damage|p1b: Ursaluna|58\/100 brn\n|move|p1a: Iron Hands|Drain Punch|p2a: Kangaskhan\n|-supereffective|p2a: Kangaskhan\n|-damage|p2a: Kangaskhan|7\/100\n|-heal|p1a: Iron Hands|100\/100|[from] drain|[of] p2a: Kangaskhan\n|cant|p1b: Ursaluna|flinch\n|\n|-damage|p1b: Ursaluna|51\/100 brn|[from] brn\n|upkeep\n|turn|10\n|\n|t:|1701090659\n|switch|p2a: Flutter Mane|Flutter Mane|100\/100\n|-enditem|p2a: Flutter Mane|Booster Energy\n|-activate|p2a: Flutter Mane|ability: Protosynthesis|[fromitem]\n|-start|p2a: Flutter Mane|protosynthesisspe\n|move|p2b: Landorus|Protect|p2b: Landorus\n|-singleturn|p2b: Landorus|Protect\n|move|p1b: Ursaluna|Facade|p2b: Landorus\n|-activate|p2b: Landorus|move: Protect\n|move|p1a: Iron Hands|Drain Punch|p2a: Flutter Mane\n|-immune|p2a: Flutter Mane\n|\n|-damage|p1b: Ursaluna|45\/100 brn|[from] brn\n|upkeep\n|turn|11\n|\n|t:|1701090691\n|switch|p1b: Gholdengo|Gholdengo|100\/100\n|move|p2a: Flutter Mane|Dazzling Gleam|p1a: Iron Hands|[spread] p1a,p1b\n|-supereffective|p1a: Iron Hands\n|-resisted|p1b: Gholdengo\n|-damage|p1a: Iron Hands|63\/100\n|-damage|p1b: Gholdengo|83\/100\n|move|p2b: Landorus|Stomping Tantrum|p1a: Iron Hands\n|-supereffective|p1a: Iron Hands\n|-damage|p1a: Iron Hands|0 fnt\n|faint|p1a: Iron Hands\n|-end|p1a: Iron Hands|Quark Drive|[silent]\n|\n|upkeep\n|\n|t:|1701090702\n|switch|p1a: Chi-Yu|Chi-Yu|100\/100\n|-ability|p1a: Chi-Yu|Beads of Ruin\n|turn|12\n|\n|t:|1701090717\n|move|p2a: Flutter Mane|Protect|p2a: Flutter Mane\n|-singleturn|p2a: Flutter Mane|Protect\n|move|p1a: Chi-Yu|Heat Wave|p2a: Flutter Mane|[spread] p2b\n|-activate|p2a: Flutter Mane|move: Protect\n|-damage|p2b: Landorus|18\/100\n|-damage|p1a: Chi-Yu|91\/100|[from] item: Life Orb\n|move|p2b: Landorus|Stomping Tantrum|p1a: Chi-Yu\n|-supereffective|p1a: Chi-Yu\n|-damage|p1a: Chi-Yu|0 fnt\n|faint|p1a: Chi-Yu\n|move|p1b: Gholdengo|Make It Rain|p2a: Flutter Mane|[spread] p2b\n|-activate|p2a: Flutter Mane|move: Protect\n|-damage|p2b: Landorus|0 fnt\n|-unboost|p1b: Gholdengo|spa|1\n|faint|p2b: Landorus\n|\n|upkeep\n|\n|t:|1701090738\n|switch|p1a: Ursaluna|Ursaluna, M, shiny, tera:Normal|45\/100 brn\n|switch|p2b: Kangaskhan|Kangaskhan, F|7\/100\n|turn|13\n|\n|t:|1701090756\n|move|p2b: Kangaskhan|Fake Out|p1b: Gholdengo\n|-resisted|p1b: Gholdengo\n|-damage|p1b: Gholdengo|76\/100\n|move|p2a: Flutter Mane|Moonblast|p1a: Ursaluna\n|-damage|p1a: Ursaluna|2\/100 brn\n|-unboost|p1a: Ursaluna|spa|1\n|cant|p1b: Gholdengo|flinch\n|move|p1a: Ursaluna|Metal Claw|p2a: Flutter Mane\n|-supereffective|p2a: Flutter Mane\n|-damage|p2a: Flutter Mane|0 fnt\n|faint|p2a: Flutter Mane\n|-end|p2a: Flutter Mane|Protosynthesis|[silent]\n|\n|-damage|p1a: Ursaluna|0 fnt|[from] brn\n|faint|p1a: Ursaluna\n|upkeep\n|\n|t:|1701090763\n|switch|p2a: Rillaboom|Rillaboom, F|72\/100\n|-fieldstart|move: Grassy Terrain|[from] ability: Grassy Surge|[of] p2a: Rillaboom\n|turn|14\n|\n|t:|1701090776\n|detailschange|p2b: Kangaskhan|Kangaskhan-Mega, F\n|-mega|p2b: Kangaskhan|Kangaskhan|Kangaskhanite\n|move|p2b: Kangaskhan|Crunch|p1b: Gholdengo\n|-supereffective|p1b: Gholdengo\n|-damage|p1b: Gholdengo|21\/100\n|-supereffective|p1b: Gholdengo\n|-damage|p1b: Gholdengo|8\/100\n|-unboost|p1b: Gholdengo|def|1\n|-hitcount|p1b: Gholdengo|2\n|move|p1b: Gholdengo|Make It Rain|p2a: Rillaboom|[spread] p2a,p2b\n|-damage|p2a: Rillaboom|40\/100\n|-damage|p2b: Kangaskhan|0 fnt\n|-unboost|p1b: Gholdengo|spa|1\n|faint|p2b: Kangaskhan\n|move|p2a: Rillaboom|High Horsepower|p1b: Gholdengo\n|-supereffective|p1b: Gholdengo\n|-damage|p1b: Gholdengo|0 fnt\n|faint|p1b: Gholdengo\n|\n|win|Kazutoxo\n|c|\u2606Leitorex26|GG\n|l|\u2606Kazutoxo\n|l|\u2606Leitorex26\n|j|\u2606Kazutoxo\n|player|p2|Kazutoxo|ingo\n","uploadtime":1701090836,"views":1,"p1id":"leitorex26","p2id":"kazutoxo","formatid":"gen9nationaldexdoubles","rating":0,"private":0,"password":""}