{"id":"gen9nationaldexdoubles-1980334097","p1":"Sorry Cant Type","p2":"Turo's assistant","format":"[Gen 9] National Dex Doubles","log":"|j|\u2606Sorry Cant Type\n|j|\u2606Turo's assistant\n|t:|1698776163\n|gametype|doubles\n|player|p1|Sorry Cant Type|cameraman|1056\n|player|p2|Turo's assistant|acerola-masters|1211\n|teamsize|p1|6\n|teamsize|p2|6\n|gen|9\n|tier|[Gen 9] National Dex Doubles\n|rated|\n|rule|HP Percentage Mod: HP is shown in percentages\n|rule|Endless Battle Clause: Forcing endless battles is banned\n|rule|OHKO Clause: OHKO moves are banned\n|rule|Evasion Moves Clause: Evasion moves are banned\n|rule|Evasion Abilities Clause: Evasion abilities are banned\n|rule|Species Clause: Limit one of each Pok\u00e9mon\n|rule|Gravity Sleep Clause: The combination of sleep-inducing moves with imperfect accuracy and Gravity or Gigantamax Orbeetle are banned\n|clearpoke\n|poke|p1|Ninetales-Alola, M|\n|poke|p1|Toxtricity-Low-Key, F|\n|poke|p1|Sinistcha|\n|poke|p1|Murkrow, M|\n|poke|p1|Emboar, M|\n|poke|p1|Sharpedo, M|\n|poke|p2|Dusclops, F|\n|poke|p2|Gourgeist-*, M|\n|poke|p2|Cursola, F|\n|poke|p2|Mimikyu, F|\n|poke|p2|Chandelure, M|\n|poke|p2|Banette, F|\n|teampreview\n|inactive|Battle timer is ON: inactive players will automatically lose when time's up. (requested by Turo's assistant)\n|\n|t:|1698776189\n|start\n|switch|p1a: Sinistcha|Sinistcha|100\/100\n|switch|p1b: Sharpedo|Sharpedo, M|100\/100\n|switch|p2a: Cursola|Cursola, F|100\/100\n|switch|p2b: Gourgeist|Gourgeist-Super, M|100\/100\n|turn|1\n|inactive|Sorry Cant Type has 120 seconds left.\n|\n|t:|1698776224\n|-terastallize|p2a: Cursola|Rock\n|move|p1b: Sharpedo|Crunch|p2a: Cursola\n|-damage|p2a: Cursola|41\/100\n|-ability|p2a: Cursola|Perish Body\n|move|p1a: Sinistcha|Shadow Ball|p2b: Gourgeist\n|-supereffective|p2b: Gourgeist\n|-damage|p2b: Gourgeist|52\/100\n|move|p2a: Cursola|Meteor Beam||[still]\n|-prepare|p2a: Cursola|Meteor Beam\n|-boost|p2a: Cursola|spa|1\n|-enditem|p2a: Cursola|Power Herb\n|-anim|p2a: Cursola|Meteor Beam|p1a: Sinistcha\n|-damage|p1a: Sinistcha|0 fnt\n|faint|p1a: Sinistcha\n|move|p2b: Gourgeist|Trick Room|p2b: Gourgeist\n|-fieldstart|move: Trick Room|[of] p2b: Gourgeist\n|-enditem|p2b: Gourgeist|Room Service\n|-unboost|p2b: Gourgeist|spe|1|[from] item: Room Service\n|\n|-start|p2a: Cursola|perish3\n|-start|p1b: Sharpedo|perish3\n|-item|p2b: Gourgeist|Power Herb|[from] ability: Pickup\n|-ability|p1b: Sharpedo|Speed Boost|boost\n|-boost|p1b: Sharpedo|spe|1\n|upkeep\n|inactive|Sorry Cant Type has 120 seconds left.\n|\n|t:|1698776250\n|switch|p1a: Ninetales|Ninetales-Alola, M|100\/100\n|-weather|Snow|[from] ability: Snow Warning|[of] p1a: Ninetales\n|turn|2\n|inactive|Sorry Cant Type has 120 seconds left.\n|\n|t:|1698776267\n|switch|p1b: Emboar|Emboar, M, shiny|100\/100\n|move|p2b: Gourgeist|Trick|p2a: Cursola\n|-activate|p2b: Gourgeist|move: Trick|[of] p2a: Cursola\n|-item|p2a: Cursola|Power Herb|[from] move: Trick\n|-enditem|p2b: Gourgeist|Power Herb|[silent]|[from] move: Trick\n|move|p2a: Cursola|Meteor Beam||[still]\n|-prepare|p2a: Cursola|Meteor Beam\n|-boost|p2a: Cursola|spa|1\n|-enditem|p2a: Cursola|Power Herb\n|-anim|p2a: Cursola|Meteor Beam|p1a: Ninetales\n|-supereffective|p1a: Ninetales\n|-damage|p1a: Ninetales|0 fnt\n|faint|p1a: Ninetales\n|\n|-weather|Snow|[upkeep]\n|-start|p2a: Cursola|perish2\n|-item|p2b: Gourgeist|Power Herb|[from] ability: Pickup\n|upkeep\n|\n|t:|1698776292\n|switch|p1a: Sharpedo|Sharpedo, M|100\/100\n|turn|3\n|\n|t:|1698776320\n|move|p2b: Gourgeist|Ally Switch|p2b: Gourgeist\n|swap|p2b: Gourgeist|0|[from] move: Ally Switch\n|move|p2b: Cursola|Scald|p1b: Emboar\n|-supereffective|p1b: Emboar\n|-damage|p1b: Emboar|0 fnt\n|faint|p1b: Emboar\n|move|p1a: Sharpedo|Liquidation|p2a: Gourgeist\n|-resisted|p2a: Gourgeist\n|-damage|p2a: Gourgeist|34\/100\n|\n|-weather|Snow|[upkeep]\n|-start|p2b: Cursola|perish1\n|-ability|p1a: Sharpedo|Speed Boost|boost\n|-boost|p1a: Sharpedo|spe|1\n|upkeep\n|inactive|Sorry Cant Type has 90 seconds left.\n|\n|t:|1698776334\n|switch|p1b: Toxtricity|Toxtricity-Low-Key, F, shiny|100\/100\n|turn|4\n|\n|t:|1698776352\n|detailschange|p1a: Sharpedo|Sharpedo-Mega, M\n|-mega|p1a: Sharpedo|Sharpedo|Sharpedonite\n|move|p1a: Sharpedo|Protect|p1a: Sharpedo\n|-singleturn|p1a: Sharpedo|Protect\n|move|p2a: Gourgeist|Trick|p2b: Cursola\n|-activate|p2a: Gourgeist|move: Trick|[of] p2b: Cursola\n|-item|p2b: Cursola|Power Herb|[from] move: Trick\n|-enditem|p2a: Gourgeist|Power Herb|[silent]|[from] move: Trick\n|move|p2b: Cursola|Meteor Beam||[still]\n|-prepare|p2b: Cursola|Meteor Beam\n|-boost|p2b: Cursola|spa|1\n|-enditem|p2b: Cursola|Power Herb\n|-anim|p2b: Cursola|Meteor Beam|p1b: Toxtricity\n|-damage|p1b: Toxtricity|0 fnt\n|faint|p1b: Toxtricity\n|\n|-weather|Snow|[upkeep]\n|-start|p2b: Cursola|perish0\n|faint|p2b: Cursola\n|upkeep\n|inactive|Sorry Cant Type has 120 seconds left.\n|\n|t:|1698776370\n|switch|p2b: Mimikyu|Mimikyu, F|100\/100\n|switch|p1b: Murkrow|Murkrow, M|100\/100\n|turn|5\n|inactive|Sorry Cant Type has 120 seconds left.\n|\n|t:|1698776397\n|move|p2a: Gourgeist|Ally Switch|p2a: Gourgeist\n|swap|p2a: Gourgeist|1|[from] move: Ally Switch\n|move|p2a: Mimikyu|Play Rough|p1a: Sharpedo\n|-supereffective|p1a: Sharpedo\n|-damage|p1a: Sharpedo|0 fnt\n|faint|p1a: Sharpedo\n|-damage|p2a: Mimikyu|91\/100|[from] item: Life Orb\n|move|p1b: Murkrow|Foul Play|p2b: Gourgeist\n|-supereffective|p2b: Gourgeist\n|-damage|p2b: Gourgeist|0 fnt\n|faint|p2b: Gourgeist\n|\n|-weather|Snow|[upkeep]\n|-fieldend|move: Trick Room\n|upkeep\n|\n|t:|1698776403\n|switch|p2b: Chandelure|Chandelure, M|100\/100\n|turn|6\n|-message|Sorry Cant Type forfeited.\n|\n|win|Turo's assistant\n|raw|Sorry Cant Type's rating: 1056 &rarr; <strong>1045<\/strong><br \/>(-11 for losing)\n|raw|Turo&apos;s assistant's rating: 1211 &rarr; <strong>1226<\/strong><br \/>(+15 for winning)\n|l|\u2606Sorry Cant Type\n","uploadtime":1698776410,"views":5,"p1id":"sorrycanttype","p2id":"turosassistant","formatid":"gen9nationaldexdoubles","rating":1045,"private":0,"password":""}