{"id":"gen9nationaldexdoubles-1993581287","p1":"NoseHairs420","p2":"Shiny_Hero64","format":"[Gen 9] National Dex Doubles","log":"|j|\u2606NoseHairs420\n|j|\u2606Shiny_Hero64\n|t:|1700334088\n|gametype|doubles\n|player|p1|NoseHairs420|drayden|\n|player|p2|Shiny_Hero64|n-masters3|\n|teamsize|p1|6\n|teamsize|p2|6\n|gen|9\n|tier|[Gen 9] National Dex Doubles\n|rule|HP Percentage Mod: HP is shown in percentages\n|rule|Endless Battle Clause: Forcing endless battles is banned\n|rule|OHKO Clause: OHKO moves are banned\n|rule|Evasion Moves Clause: Evasion moves are banned\n|rule|Evasion Abilities Clause: Evasion abilities are banned\n|rule|Species Clause: Limit one of each Pok\u00e9mon\n|rule|Gravity Sleep Clause: The combination of sleep-inducing moves with imperfect accuracy and Gravity or Gigantamax Orbeetle are banned\n|clearpoke\n|poke|p1|Kartana|\n|poke|p1|Kommo-o, M|\n|poke|p1|Gardevoir, F|\n|poke|p1|Ogerpon-Hearthflame, F|\n|poke|p1|Ursaluna-Bloodmoon, M|\n|poke|p1|Landorus-Therian, M|\n|poke|p2|Indeedee-F, F|\n|poke|p2|Chien-Pao|\n|poke|p2|Alakazam, F|\n|poke|p2|Sneasler, F|\n|poke|p2|Ursaluna-Bloodmoon, M|\n|poke|p2|Deoxys-Attack|\n|teampreview\n|j| Eliminathan\n|\n|t:|1700334113\n|start\n|switch|p1a: Therion|Landorus-Therian, M|100\/100\n|switch|p1b: Hikari|Kartana, shiny|100\/100\n|switch|p2a: Indeedee|Indeedee-F, F|100\/100\n|switch|p2b: Alakazam|Alakazam, F|100\/100\n|-ability|p1a: Therion|Intimidate|boost\n|-unboost|p2a: Indeedee|atk|1\n|-unboost|p2b: Alakazam|atk|1\n|-fieldstart|move: Psychic Terrain|[from] ability: Psychic Surge|[of] p2a: Indeedee\n|turn|1\n|\n|t:|1700334132\n|detailschange|p2b: Alakazam|Alakazam-Mega, F\n|-mega|p2b: Alakazam|Alakazam|Alakazite\n|-ability|p2b: Alakazam|Beast Boost|[from] ability: Trace|[of] p1b: Hikari\n|move|p2a: Indeedee|Follow Me|p2a: Indeedee\n|-singleturn|p2a: Indeedee|move: Follow Me\n|move|p2b: Alakazam|Substitute|p2b: Alakazam\n|-start|p2b: Alakazam|Substitute\n|-damage|p2b: Alakazam|76\/100\n|move|p1b: Hikari|Tailwind|p1b: Hikari\n|-sidestart|p1: NoseHairs420|move: Tailwind\n|move|p1a: Therion|U-turn|p2a: Indeedee\n|-supereffective|p2a: Indeedee\n|-damage|p2a: Indeedee|47\/100\n|\n|t:|1700334148\n|switch|p1a: Timerra|Gardevoir, F, shiny|100\/100|[from] U-turn\n|\n|upkeep\n|turn|2\n|c| Eliminathan|MEGA ZAM WITH BEAST BOOST???\n|\n|t:|1700334167\n|detailschange|p1a: Timerra|Gardevoir-Mega, F, shiny\n|-mega|p1a: Timerra|Gardevoir|Gardevoirite\n|move|p1b: Hikari|Leaf Blade|p2b: Alakazam\n|-end|p2b: Alakazam|Substitute\n|move|p1a: Timerra|Hyper Voice|p2a: Indeedee|[spread] p2a,p2b\n|-damage|p2a: Indeedee|0 fnt\n|-damage|p2b: Alakazam|0 fnt\n|faint|p2a: Indeedee\n|faint|p2b: Alakazam\n|\n|upkeep\n|c|\u2606Shiny_Hero64|Yes\n|c| Eliminathan|there it goes\n|\n|t:|1700334181\n|switch|p2b: Ursaluna|Ursaluna-Bloodmoon, M|100\/100\n|switch|p2a: Sneasler|Sneasler, F|100\/100\n|-enditem|p2a: Sneasler|Psychic Seed\n|-boost|p2a: Sneasler|spd|1|[from] item: Psychic Seed\n|turn|3\n|c|\u2606NoseHairs420|O Cholera\n|c|\u2606NoseHairs420|Czy to Freddy Fazbear?\n|\n|t:|1700334215\n|move|p1b: Hikari|Sacred Sword|p2b: Ursaluna\n|-supereffective|p2b: Ursaluna\n|-damage|p2b: Ursaluna|44\/100\n|move|p2a: Sneasler|Dire Claw|p1a: Timerra\n|-supereffective|p1a: Timerra\n|-damage|p1a: Timerra|0 fnt\n|faint|p1a: Timerra\n|move|p2b: Ursaluna|Blood Moon|p1b: Hikari\n|-resisted|p1b: Hikari\n|-enditem|p1b: Hikari|Focus Sash\n|-damage|p1b: Hikari|1\/100\n|\n|-heal|p2b: Ursaluna|50\/100|[from] item: Leftovers\n|upkeep\n|\n|t:|1700334227\n|switch|p1a: Therion|Landorus-Therian, M|100\/100\n|-ability|p1a: Therion|Intimidate|boost\n|-unboost|p2a: Sneasler|atk|1\n|-unboost|p2b: Ursaluna|atk|1\n|turn|4\n|j| TheMoistFetus\n|\n|t:|1700334274\n|move|p2a: Sneasler|Protect|p2a: Sneasler\n|-singleturn|p2a: Sneasler|Protect\n|move|p2b: Ursaluna|Protect|p2b: Ursaluna\n|-singleturn|p2b: Ursaluna|Protect\n|move|p1b: Hikari|Sacred Sword|p2b: Ursaluna\n|-activate|p2b: Ursaluna|move: Protect\n|move|p1a: Therion|Stomping Tantrum|p2a: Sneasler\n|-activate|p2a: Sneasler|move: Protect\n|\n|-heal|p2b: Ursaluna|56\/100|[from] item: Leftovers\n|-sideend|p1: NoseHairs420|move: Tailwind\n|upkeep\n|turn|5\n|\n|t:|1700334298\n|move|p2a: Sneasler|Close Combat|p1b: Hikari\n|-supereffective|p1b: Hikari\n|-damage|p1b: Hikari|0 fnt\n|-unboost|p2a: Sneasler|def|1\n|-unboost|p2a: Sneasler|spd|1\n|faint|p1b: Hikari\n|move|p1a: Therion|Stomping Tantrum|p2a: Sneasler\n|-supereffective|p2a: Sneasler\n|-damage|p2a: Sneasler|0 fnt\n|faint|p2a: Sneasler\n|move|p2b: Ursaluna|Calm Mind|p2b: Ursaluna\n|-boost|p2b: Ursaluna|spa|1\n|-boost|p2b: Ursaluna|spd|1\n|\n|-heal|p2b: Ursaluna|62\/100|[from] item: Leftovers\n|upkeep\n|\n|t:|1700334315\n|switch|p1b: Kuna|Kommo-o, M|100\/100\n|switch|p2a: Deoxys|Deoxys-Attack|100\/100\n|-ability|p2a: Deoxys|Pressure\n|turn|6\n|c| TheMoistFetus|kommo o\n|c| TheMoistFetus|mega cringe\n|c|\u2606NoseHairs420|why the kommo o hate\n|c|\u2606NoseHairs420|hes awesome\n|c| TheMoistFetus|hes ugly and cringe\n|\n|t:|1700334358\n|move|p2a: Deoxys|Protect|p2a: Deoxys\n|-singleturn|p2a: Deoxys|Protect\n|move|p1b: Kuna|Protect|p1b: Kuna\n|-singleturn|p1b: Kuna|Protect\n|move|p1a: Therion|U-turn|p2a: Deoxys\n|-activate|p2a: Deoxys|move: Protect\n|move|p2b: Ursaluna|Blood Moon|p1a: Therion\n|-damage|p1a: Therion|0 fnt\n|faint|p1a: Therion\n|\n|-heal|p2b: Ursaluna|68\/100|[from] item: Leftovers\n|upkeep\n|c| Eliminathan|mega mega cringe\n|\n|t:|1700334375\n|switch|p1a: Point of the Mask|Ogerpon-Hearthflame, F|100\/100\n|-ability|p1a: Point of the Mask|Mold Breaker\n|turn|7\n|\n|t:|1700334387\n|move|p1a: Point of the Mask|Follow Me|p1a: Point of the Mask\n|-singleturn|p1a: Point of the Mask|move: Follow Me\n|move|p2a: Deoxys|Psycho Boost|p1a: Point of the Mask\n|-damage|p1a: Point of the Mask|0 fnt\n|-unboost|p2a: Deoxys|spa|2\n|faint|p1a: Point of the Mask\n|-damage|p2a: Deoxys|91\/100|[from] item: Life Orb\n|-zpower|p1b: Kuna\n|move|p1b: Kuna|Clangorous Soulblaze|p2b: Ursaluna|[zeffect]|[spread] p2a,p2b\n|-damage|p2a: Deoxys|0 fnt\n|-damage|p2b: Ursaluna|20\/100\n|faint|p2a: Deoxys\n|-boost|p1b: Kuna|atk|1\n|-boost|p1b: Kuna|def|1\n|-boost|p1b: Kuna|spa|1\n|-boost|p1b: Kuna|spd|1\n|-boost|p1b: Kuna|spe|1\n|move|p2b: Ursaluna|Earth Power|p1b: Kuna\n|-damage|p1b: Kuna|43\/100\n|\n|-heal|p2b: Ursaluna|27\/100|[from] item: Leftovers\n|upkeep\n|c| TheMoistFetus|clangorous soulblaze is some of the most annoying strats to deal with\n|c| TheMoistFetus|especially because jordan always bans ITS BEST CHECKS\n|\n|t:|1700334408\n|switch|p2a: Chien-Pao|Chien-Pao|100\/100\n|switch|p1a: Freddy Fazbear|Ursaluna-Bloodmoon, M|100\/100\n|-ability|p2a: Chien-Pao|Sword of Ruin\n|turn|8\n|c|\u2606NoseHairs420|O Cholera\n|c|\u2606NoseHairs420|Czy to Freddy Fazbear?\n|\n|t:|1700334438\n|move|p1a: Freddy Fazbear|Vacuum Wave|p2a: Chien-Pao\n|-activate|p2a: Chien-Pao|move: Psychic Terrain\n|move|p1b: Kuna|Clanging Scales|p2b: Ursaluna|[spread] p2a,p2b\n|-damage|p2a: Chien-Pao|22\/100\n|-damage|p2b: Ursaluna|0 fnt\n|faint|p2b: Ursaluna\n|-unboost|p1b: Kuna|def|1\n|move|p2a: Chien-Pao|Ice Spinner|p1b: Kuna\n|-supereffective|p1b: Kuna\n|-damage|p1b: Kuna|0 fnt\n|-fieldend|move: Psychic Terrain\n|faint|p1b: Kuna\n|\n|upkeep\n|turn|9\n|\n|t:|1700334455\n|move|p1a: Freddy Fazbear|Vacuum Wave|p2a: Chien-Pao\n|-supereffective|p2a: Chien-Pao\n|-damage|p2a: Chien-Pao|0 fnt\n|faint|p2a: Chien-Pao\n|\n|win|NoseHairs420\n|l|\u2606Shiny_Hero64\n|l| TheMoistFetus\n|c| Eliminathan|vacuum wave is nuts\n|l|\u2606NoseHairs420\n","uploadtime":1700335003,"views":26,"p1id":"nosehairs420","p2id":"shinyhero64","formatid":"gen9nationaldexdoubles","rating":0,"private":0,"password":""}