{"id":"gen9nationaldexdoubles-1994343115","p1":"xephos223","p2":"Vican259","format":"[Gen 9] National Dex Doubles","log":"|j|\u2606xephos223\n|j|\u2606Vican259\n|t:|1700433192\n|gametype|doubles\n|player|p1|xephos223|gambler|\n|player|p2|Vican259|bellelba|\n|teamsize|p1|6\n|teamsize|p2|6\n|gen|9\n|tier|[Gen 9] National Dex Doubles\n|rule|HP Percentage Mod: HP is shown in percentages\n|rule|Endless Battle Clause: Forcing endless battles is banned\n|rule|OHKO Clause: OHKO moves are banned\n|rule|Evasion Moves Clause: Evasion moves are banned\n|rule|Evasion Abilities Clause: Evasion abilities are banned\n|rule|Species Clause: Limit one of each Pok\u00e9mon\n|rule|Gravity Sleep Clause: The combination of sleep-inducing moves with imperfect accuracy and Gravity or Gigantamax Orbeetle are banned\n|clearpoke\n|poke|p1|Gallade, M|\n|poke|p1|Garchomp, F|\n|poke|p1|Magnezone|\n|poke|p1|Gastrodon, M|\n|poke|p1|Togekiss, F|\n|poke|p1|Lucario, M|\n|poke|p2|Stakataka|\n|poke|p2|Araquanid, M|\n|poke|p2|Buzzwole|\n|poke|p2|Guzzlord|\n|poke|p2|Blacephalon|\n|poke|p2|Celesteela|\n|teampreview\n|\n|t:|1700433206\n|start\n|switch|p1a: Beep Boop|Magnezone|100\/100\n|switch|p1b: Not a Mega|Lucario, M|100\/100\n|switch|p2a: Stakataka|Stakataka|100\/100\n|switch|p2b: Araquanid|Araquanid, M|100\/100\n|turn|1\n|\n|t:|1700433228\n|detailschange|p1b: Not a Mega|Lucario-Mega, M\n|-mega|p1b: Not a Mega|Lucario|Lucarionite\n|-terastallize|p2a: Stakataka|Flying\n|move|p1b: Not a Mega|Close Combat|p2a: Stakataka\n|-resisted|p2a: Stakataka\n|-damage|p2a: Stakataka|78\/100\n|-unboost|p1b: Not a Mega|def|1\n|-unboost|p1b: Not a Mega|spd|1\n|move|p1a: Beep Boop|Discharge|p2b: Araquanid|[spread] p1b,p2a,p2b\n|-supereffective|p2a: Stakataka\n|-supereffective|p2b: Araquanid\n|-damage|p1b: Not a Mega|18\/100\n|-damage|p2a: Stakataka|17\/100\n|-damage|p2b: Araquanid|47\/100\n|move|p2b: Araquanid|Liquidation|p1a: Beep Boop\n|-damage|p1a: Beep Boop|45\/100\n|-unboost|p1a: Beep Boop|def|1\n|-damage|p2b: Araquanid|30\/100|[from] item: Rocky Helmet|[of] p1a: Beep Boop\n|move|p2a: Stakataka|Body Press|p1a: Beep Boop\n|-supereffective|p1a: Beep Boop\n|-damage|p1a: Beep Boop|0 fnt\n|-damage|p2a: Stakataka|1\/100|[from] item: Rocky Helmet|[of] p1a: Beep Boop\n|faint|p1a: Beep Boop\n|-ability|p2a: Stakataka|Beast Boost|boost\n|-boost|p2a: Stakataka|def|1\n|\n|-heal|p2a: Stakataka|7\/100|[from] item: Leftovers\n|upkeep\n|\n|t:|1700433253\n|switch|p1a: :)|Togekiss, F|100\/100\n|turn|2\n|\n|t:|1700433270\n|switch|p2a: Celesteela|Celesteela|100\/100\n|move|p1b: Not a Mega|Bullet Punch|p2a: Celesteela\n|-resisted|p2a: Celesteela\n|-damage|p2a: Celesteela|88\/100\n|move|p1a: :)|Air Slash|p2b: Araquanid\n|-supereffective|p2b: Araquanid\n|-damage|p2b: Araquanid|0 fnt\n|faint|p2b: Araquanid\n|\n|-heal|p2a: Celesteela|94\/100|[from] item: Leftovers\n|upkeep\n|\n|t:|1700433299\n|switch|p2b: Buzzwole|Buzzwole|100\/100\n|turn|3\n|\n|t:|1700433314\n|switch|p1b: OU|Garchomp, F|100\/100\n|move|p2a: Celesteela|Protect|p2a: Celesteela\n|-singleturn|p2a: Celesteela|Protect\n|move|p1a: :)|Air Slash|p2b: Buzzwole\n|-supereffective|p2b: Buzzwole\n|-damage|p2b: Buzzwole|0 fnt\n|faint|p2b: Buzzwole\n|\n|-heal|p2a: Celesteela|99\/100|[from] item: Leftovers\n|upkeep\n|\n|t:|1700433336\n|switch|p2b: Guzzlord|Guzzlord|100\/100\n|turn|4\n|\n|t:|1700433361\n|move|p1b: OU|Outrage|p2b: Guzzlord\n|-supereffective|p2b: Guzzlord\n|-damage|p2b: Guzzlord|0 fnt\n|faint|p2b: Guzzlord\n|move|p1a: :)|Air Slash|p2a: Celesteela\n|-resisted|p2a: Celesteela\n|-damage|p2a: Celesteela|87\/100\n|cant|p2a: Celesteela|flinch\n|\n|-heal|p2a: Celesteela|93\/100|[from] item: Leftovers\n|upkeep\n|\n|t:|1700433370\n|switch|p2b: Blacephalon|Blacephalon|100\/100\n|turn|5\n|\n|t:|1700433380\n|move|p2a: Celesteela|Protect|p2a: Celesteela\n|-singleturn|p2a: Celesteela|Protect\n|move|p2b: Blacephalon|Shadow Ball|p1b: OU\n|-damage|p1b: OU|30\/100\n|move|p1b: OU|Outrage|p2a: Celesteela|[from]lockedmove\n|-activate|p2a: Celesteela|move: Protect\n|-start|p1b: OU|confusion|[fatigue]\n|move|p1a: :)|Air Slash|p2b: Blacephalon\n|-damage|p2b: Blacephalon|35\/100\n|\n|-heal|p2a: Celesteela|99\/100|[from] item: Leftovers\n|upkeep\n|turn|6\n|\n|t:|1700433418\n|move|p2b: Blacephalon|Shadow Ball|p1a: :)\n|-damage|p1a: :)|27\/100\n|-activate|p1b: OU|confusion\n|-damage|p1b: OU|16\/100|[from] confusion\n|move|p1a: :)|Air Slash|p2a: Celesteela\n|-resisted|p2a: Celesteela\n|-damage|p2a: Celesteela|86\/100\n|move|p2a: Celesteela|Heavy Slam|p1a: :)\n|-supereffective|p1a: :)\n|-damage|p1a: :)|0 fnt\n|faint|p1a: :)\n|-ability|p2a: Celesteela|Beast Boost|boost\n|-boost|p2a: Celesteela|spd|1\n|\n|-heal|p2a: Celesteela|92\/100|[from] item: Leftovers\n|upkeep\n|\n|t:|1700433431\n|switch|p1a: My Boy|Gallade, M|100\/100\n|turn|7\n|\n|t:|1700433451\n|switch|p1b: Budget Swampert|Gastrodon, M|100\/100\n|move|p1a: My Boy|Psycho Cut|p2b: Blacephalon\n|-damage|p2b: Blacephalon|0 fnt\n|faint|p2b: Blacephalon\n|move|p2a: Celesteela|Heavy Slam|p1b: Budget Swampert\n|-resisted|p1b: Budget Swampert\n|-damage|p1b: Budget Swampert|76\/100\n|\n|-heal|p2a: Celesteela|98\/100|[from] item: Leftovers\n|-heal|p1b: Budget Swampert|82\/100|[from] item: Leftovers\n|upkeep\n|\n|t:|1700433462\n|switch|p2b: Stakataka|Stakataka, tera:Flying|7\/100\n|turn|8\n|\n|t:|1700433482\n|move|p1a: My Boy|Psycho Cut|p2b: Stakataka\n|-damage|p2b: Stakataka|0 fnt\n|faint|p2b: Stakataka\n|move|p2a: Celesteela|Heavy Slam|p1b: Budget Swampert\n|-resisted|p1b: Budget Swampert\n|-damage|p1b: Budget Swampert|58\/100\n|move|p1b: Budget Swampert|Ice Beam|p2a: Celesteela\n|-damage|p2a: Celesteela|86\/100\n|\n|-heal|p2a: Celesteela|92\/100|[from] item: Leftovers\n|-heal|p1b: Budget Swampert|64\/100|[from] item: Leftovers\n|upkeep\n|turn|9\n|\n|t:|1700433499\n|move|p1a: My Boy|Psycho Cut|p2a: Celesteela\n|-resisted|p2a: Celesteela\n|-damage|p2a: Celesteela|69\/100\n|move|p2a: Celesteela|Leech Seed|p1b: Budget Swampert\n|-start|p1b: Budget Swampert|move: Leech Seed\n|move|p1b: Budget Swampert|Ice Beam|p2a: Celesteela\n|-damage|p2a: Celesteela|56\/100\n|\n|-heal|p2a: Celesteela|62\/100|[from] item: Leftovers\n|-heal|p1b: Budget Swampert|70\/100|[from] item: Leftovers\n|-damage|p1b: Budget Swampert|58\/100|[from] Leech Seed|[of] p2a: Celesteela\n|-heal|p2a: Celesteela|75\/100|[silent]\n|upkeep\n|turn|10\n|\n|t:|1700433514\n|move|p1a: My Boy|Psycho Cut|p2a: Celesteela\n|-resisted|p2a: Celesteela\n|-damage|p2a: Celesteela|54\/100\n|move|p2a: Celesteela|Flamethrower|p1a: My Boy\n|-damage|p1a: My Boy|75\/100\n|move|p1b: Budget Swampert|Ice Beam|p2a: Celesteela\n|-damage|p2a: Celesteela|41\/100\n|\n|-heal|p2a: Celesteela|47\/100|[from] item: Leftovers\n|-heal|p1b: Budget Swampert|64\/100|[from] item: Leftovers\n|-damage|p1b: Budget Swampert|52\/100|[from] Leech Seed|[of] p2a: Celesteela\n|-heal|p2a: Celesteela|61\/100|[silent]\n|upkeep\n|turn|11\n|\n|t:|1700433532\n|move|p2a: Celesteela|Protect|p2a: Celesteela\n|-singleturn|p2a: Celesteela|Protect\n|move|p1a: My Boy|Psycho Cut|p2a: Celesteela\n|-activate|p2a: Celesteela|move: Protect\n|move|p1b: Budget Swampert|Ice Beam|p2a: Celesteela\n|-activate|p2a: Celesteela|move: Protect\n|\n|-heal|p2a: Celesteela|67\/100|[from] item: Leftovers\n|-heal|p1b: Budget Swampert|58\/100|[from] item: Leftovers\n|-damage|p1b: Budget Swampert|45\/100|[from] Leech Seed|[of] p2a: Celesteela\n|-heal|p2a: Celesteela|80\/100|[silent]\n|upkeep\n|turn|12\n|\n|t:|1700433559\n|move|p1a: My Boy|Psycho Cut|p2a: Celesteela\n|-resisted|p2a: Celesteela\n|-damage|p2a: Celesteela|57\/100\n|move|p2a: Celesteela|Heavy Slam|p1a: My Boy\n|-damage|p1a: My Boy|0 fnt\n|faint|p1a: My Boy\n|-ability|p2a: Celesteela|Beast Boost|boost\n|-boost|p2a: Celesteela|spd|1\n|move|p1b: Budget Swampert|Ice Beam|p2a: Celesteela\n|-damage|p2a: Celesteela|48\/100\n|-status|p2a: Celesteela|frz\n|\n|-heal|p2a: Celesteela|54\/100 frz|[from] item: Leftovers\n|-heal|p1b: Budget Swampert|51\/100|[from] item: Leftovers\n|-damage|p1b: Budget Swampert|39\/100|[from] Leech Seed|[of] p2a: Celesteela\n|-heal|p2a: Celesteela|67\/100 frz|[silent]\n|upkeep\n|\n|t:|1700433574\n|switch|p1a: Not a Mega|Lucario-Mega, M|18\/100\n|turn|13\n|\n|t:|1700433580\n|cant|p2a: Celesteela|frz\n|move|p1a: Not a Mega|Close Combat|p2a: Celesteela\n|-damage|p2a: Celesteela|0 fnt\n|-unboost|p1a: Not a Mega|def|1\n|-unboost|p1a: Not a Mega|spd|1\n|faint|p2a: Celesteela\n|\n|win|xephos223\n","uploadtime":1700433591,"views":4,"p1id":"xephos223","p2id":"vican259","formatid":"gen9nationaldexdoubles","rating":0,"private":0,"password":""}