{"id":"gen9nationaldexdoubles-1971314444","p1":"Beyond Subzero","p2":"LDP333","format":"[Gen 9] National Dex Doubles","log":"|j|\u2606Beyond Subzero\n|j|\u2606LDP333\n|t:|1697728831\n|gametype|doubles\n|player|p1|Beyond Subzero|bruno|1364\n|player|p2|LDP333|riley|1575\n|teamsize|p1|6\n|teamsize|p2|6\n|gen|9\n|tier|[Gen 9] National Dex Doubles\n|rated|\n|rule|HP Percentage Mod: HP is shown in percentages\n|rule|Endless Battle Clause: Forcing endless battles is banned\n|rule|OHKO Clause: OHKO moves are banned\n|rule|Evasion Moves Clause: Evasion moves are banned\n|rule|Evasion Abilities Clause: Evasion abilities are banned\n|rule|Species Clause: Limit one of each Pok\u00e9mon\n|rule|Gravity Sleep Clause: The combination of sleep-inducing moves with imperfect accuracy and Gravity or Gigantamax Orbeetle are banned\n|clearpoke\n|poke|p1|Spectrier|\n|poke|p1|Rillaboom, M|\n|poke|p1|Incineroar, F|\n|poke|p1|Salamence, M|\n|poke|p1|Tapu Fini|\n|poke|p1|Whimsicott, F|\n|poke|p2|Kommo-o, M|\n|poke|p2|Iron Bundle|\n|poke|p2|Manectric, M|\n|poke|p2|Ursaluna-Bloodmoon, M|\n|poke|p2|Incineroar, M|\n|poke|p2|Rillaboom, F|\n|teampreview\n|\n|t:|1697728856\n|start\n|switch|p1a: Incineroar|Incineroar, F|100\/100\n|switch|p1b: Rillaboom|Rillaboom, M|100\/100\n|switch|p2a: Manectric|Manectric, M|100\/100\n|switch|p2b: Ursaluna|Ursaluna-Bloodmoon, M|100\/100\n|-fieldstart|move: Grassy Terrain|[from] ability: Grassy Surge|[of] p1b: Rillaboom\n|-ability|p1a: Incineroar|Intimidate|boost\n|-unboost|p2a: Manectric|atk|1\n|-unboost|p2b: Ursaluna|atk|1\n|turn|1\n|\n|t:|1697728871\n|switch|p2a: Incineroar|Incineroar, M|100\/100\n|-ability|p2a: Incineroar|Intimidate|boost\n|-unboost|p1a: Incineroar|atk|1\n|-unboost|p1b: Rillaboom|atk|1\n|move|p2b: Ursaluna|Protect|p2b: Ursaluna\n|-singleturn|p2b: Ursaluna|Protect\n|move|p1a: Incineroar|Fake Out|p2b: Ursaluna\n|-activate|p2b: Ursaluna|move: Protect\n|move|p1b: Rillaboom|Wood Hammer|p2b: Ursaluna\n|-activate|p2b: Ursaluna|move: Protect\n|\n|upkeep\n|turn|2\n|\n|t:|1697728889\n|move|p2a: Incineroar|Fake Out|p1b: Rillaboom\n|-damage|p1b: Rillaboom|90\/100\n|cant|p1b: Rillaboom|flinch\n|move|p1a: Incineroar|Parting Shot|p2a: Incineroar\n|-unboost|p2a: Incineroar|atk|1\n|-unboost|p2a: Incineroar|spa|1\n|\n|t:|1697728897\n|switch|p1a: Tapu Fini|Tapu Fini|100\/100|[from] Parting Shot\n|-fieldstart|move: Misty Terrain|[from] ability: Misty Surge|[of] p1a: Tapu Fini\n|move|p2b: Ursaluna|Earth Power|p1a: Tapu Fini\n|-damage|p1a: Tapu Fini|50\/100\n|-damage|p2b: Ursaluna|90\/100|[from] item: Life Orb\n|\n|-heal|p1a: Tapu Fini|56\/100|[from] item: Leftovers\n|upkeep\n|turn|3\n|\n|t:|1697728923\n|move|p1a: Tapu Fini|Protect|p1a: Tapu Fini\n|-singleturn|p1a: Tapu Fini|Protect\n|move|p2b: Ursaluna|Protect|p2b: Ursaluna\n|-singleturn|p2b: Ursaluna|Protect\n|move|p1b: Rillaboom|Wood Hammer|p2b: Ursaluna\n|-activate|p2b: Ursaluna|move: Protect\n|move|p2a: Incineroar|Parting Shot|p1b: Rillaboom\n|-unboost|p1b: Rillaboom|atk|1\n|-unboost|p1b: Rillaboom|spa|1\n|\n|t:|1697728935\n|switch|p2a: Manectric|Manectric, M|100\/100|[from] Parting Shot\n|\n|-heal|p1a: Tapu Fini|62\/100|[from] item: Leftovers\n|upkeep\n|turn|4\n|\n|t:|1697728958\n|switch|p1a: Incineroar|Incineroar, F|100\/100\n|-ability|p1a: Incineroar|Intimidate|boost\n|-unboost|p2a: Manectric|atk|1\n|-unboost|p2b: Ursaluna|atk|1\n|detailschange|p2a: Manectric|Manectric-Mega, M\n|-mega|p2a: Manectric|Manectric|Manectite\n|-ability|p2a: Manectric|Intimidate|boost\n|-unboost|p1a: Incineroar|atk|1\n|-unboost|p1b: Rillaboom|atk|1\n|move|p2a: Manectric|Volt Switch|p1a: Incineroar\n|-damage|p1a: Incineroar|73\/100\n|\n|t:|1697728969\n|switch|p2a: Incineroar|Incineroar, M|100\/100|[from] Volt Switch\n|-ability|p2a: Incineroar|Intimidate|boost\n|-unboost|p1a: Incineroar|atk|1\n|-unboost|p1b: Rillaboom|atk|1\n|move|p1b: Rillaboom|U-turn|p2a: Incineroar\n|-damage|p2a: Incineroar|91\/100\n|\n|t:|1697728982\n|switch|p1b: Tapu Fini|Tapu Fini|62\/100|[from] U-turn\n|move|p2b: Ursaluna|Blood Moon|p1b: Tapu Fini\n|-damage|p1b: Tapu Fini|0 fnt\n|faint|p1b: Tapu Fini\n|-damage|p2b: Ursaluna|80\/100|[from] item: Life Orb\n|\n|upkeep\n|\n|t:|1697729002\n|switch|p1b: Rillaboom|Rillaboom, M|90\/100\n|-fieldstart|move: Grassy Terrain|[from] ability: Grassy Surge|[of] p1b: Rillaboom\n|turn|5\n|\n|t:|1697729029\n|move|p2b: Ursaluna|Protect|p2b: Ursaluna\n|-singleturn|p2b: Ursaluna|Protect\n|move|p1b: Rillaboom|U-turn|p2a: Incineroar\n|-damage|p2a: Incineroar|66\/100\n|\n|t:|1697729040\n|switch|p1b: Salamence|Salamence, M|100\/100|[from] U-turn\n|-ability|p1b: Salamence|Intimidate|boost\n|-unboost|p2a: Incineroar|atk|1\n|-unboost|p2b: Ursaluna|atk|1\n|move|p1a: Incineroar|Parting Shot|p2a: Incineroar\n|-unboost|p2a: Incineroar|atk|1\n|-unboost|p2a: Incineroar|spa|1\n|\n|t:|1697729048\n|switch|p1a: Rillaboom|Rillaboom, M|90\/100|[from] Parting Shot\n|move|p2a: Incineroar|Flare Blitz|p1b: Salamence\n|-resisted|p1b: Salamence\n|-damage|p1b: Salamence|84\/100\n|-damage|p2a: Incineroar|61\/100|[from] Recoil\n|\n|-heal|p1a: Rillaboom|97\/100|[from] Grassy Terrain\n|-heal|p2a: Incineroar|68\/100|[from] Grassy Terrain\n|-heal|p2b: Ursaluna|87\/100|[from] Grassy Terrain\n|upkeep\n|turn|6\n|\n|t:|1697729090\n|detailschange|p1b: Salamence|Salamence-Mega, M\n|-mega|p1b: Salamence|Salamence|Salamencite\n|-terastallize|p2b: Ursaluna|Ghost\n|move|p1b: Salamence|Hyper Voice|p2a: Incineroar|[spread] p2a,p2b\n|-damage|p2a: Incineroar|44\/100\n|-damage|p2b: Ursaluna|47\/100\n|-enditem|p2a: Incineroar|Sitrus Berry|[eat]\n|-heal|p2a: Incineroar|69\/100|[from] item: Sitrus Berry\n|move|p1a: Rillaboom|Wood Hammer|p2b: Ursaluna\n|-damage|p2b: Ursaluna|0 fnt\n|faint|p2b: Ursaluna\n|-damage|p1a: Rillaboom|80\/100|[from] Recoil\n|move|p2a: Incineroar|Parting Shot|p1a: Rillaboom\n|-unboost|p1a: Rillaboom|atk|1\n|-unboost|p1a: Rillaboom|spa|1\n|\n|t:|1697729108\n|switch|p2a: Kommo-o|Kommo-o, M, shiny|100\/100|[from] Parting Shot\n|\n|-heal|p1a: Rillaboom|86\/100|[from] Grassy Terrain\n|upkeep\n|\n|t:|1697729110\n|switch|p2b: Iron Bundle|Iron Bundle|100\/100\n|-enditem|p2b: Iron Bundle|Booster Energy\n|-activate|p2b: Iron Bundle|ability: Quark Drive|[fromitem]\n|-start|p2b: Iron Bundle|quarkdrivespe\n|turn|7\n|\n|t:|1697729140\n|switch|p1b: Incineroar|Incineroar, F|73\/100\n|-ability|p1b: Incineroar|Intimidate|boost\n|-unboost|p2a: Kommo-o|atk|1\n|-unboost|p2b: Iron Bundle|atk|1\n|move|p1a: Rillaboom|Grassy Glide|p2b: Iron Bundle\n|-supereffective|p2b: Iron Bundle\n|-damage|p2b: Iron Bundle|29\/100\n|move|p2b: Iron Bundle|Icy Wind|p1a: Rillaboom|[spread] p1a,p1b\n|-supereffective|p1a: Rillaboom\n|-resisted|p1b: Incineroar\n|-damage|p1a: Rillaboom|57\/100\n|-damage|p1b: Incineroar|65\/100\n|-unboost|p1a: Rillaboom|spe|1\n|-unboost|p1b: Incineroar|spe|1\n|-zpower|p2a: Kommo-o\n|move|p2a: Kommo-o|Clangorous Soulblaze|p1a: Rillaboom|[zeffect]|[spread] p1a,p1b\n|-damage|p1a: Rillaboom|11\/100\n|-damage|p1b: Incineroar|22\/100\n|-enditem|p1b: Incineroar|Sitrus Berry|[eat]\n|-heal|p1b: Incineroar|47\/100|[from] item: Sitrus Berry\n|-boost|p2a: Kommo-o|atk|1\n|-boost|p2a: Kommo-o|def|1\n|-boost|p2a: Kommo-o|spa|1\n|-boost|p2a: Kommo-o|spd|1\n|-boost|p2a: Kommo-o|spe|1\n|\n|-heal|p2b: Iron Bundle|35\/100|[from] Grassy Terrain\n|-heal|p1a: Rillaboom|17\/100|[from] Grassy Terrain\n|-heal|p1b: Incineroar|53\/100|[from] Grassy Terrain\n|upkeep\n|turn|8\n|inactive|Battle timer is ON: inactive players will automatically lose when time's up. (requested by LDP333)\n|\n|t:|1697729213\n|move|p1b: Incineroar|Fake Out|p2a: Kommo-o\n|-damage|p2a: Kommo-o|93\/100\n|move|p1a: Rillaboom|Grassy Glide|p2b: Iron Bundle\n|-supereffective|p2b: Iron Bundle\n|-damage|p2b: Iron Bundle|0 fnt\n|faint|p2b: Iron Bundle\n|-end|p2b: Iron Bundle|Quark Drive|[silent]\n|cant|p2a: Kommo-o|flinch\n|\n|-heal|p2a: Kommo-o|99\/100|[from] Grassy Terrain\n|-heal|p1a: Rillaboom|24\/100|[from] Grassy Terrain\n|-heal|p1b: Incineroar|59\/100|[from] Grassy Terrain\n|upkeep\n|\n|t:|1697729220\n|switch|p2b: Manectric|Manectric-Mega, M|100\/100\n|-ability|p2b: Manectric|Intimidate|boost\n|-unboost|p1a: Rillaboom|atk|1\n|-unboost|p1b: Incineroar|atk|1\n|turn|9\n|\n|t:|1697729236\n|move|p2a: Kommo-o|Clanging Scales|p1a: Rillaboom|[spread] p1a,p1b\n|-damage|p1a: Rillaboom|0 fnt\n|-damage|p1b: Incineroar|21\/100\n|faint|p1a: Rillaboom\n|-unboost|p2a: Kommo-o|def|1\n|move|p2b: Manectric|Thunderbolt|p1b: Incineroar\n|-damage|p1b: Incineroar|0 fnt\n|faint|p1b: Incineroar\n|\n|-heal|p2a: Kommo-o|100\/100|[from] Grassy Terrain\n|-fieldend|move: Grassy Terrain\n|upkeep\n|l|\u2606LDP333\n|inactive|LDP333 disconnected and has a minute to reconnect!\n|player|p2|\n|\n|t:|1697729249\n|switch|p1a: Spectrier|Spectrier|100\/100\n|switch|p1b: Whimsicott|Whimsicott, F|100\/100\n|turn|10\n|inactive|LDP333 has 30 seconds to reconnect!\n|inactive|LDP333 has 20 seconds to reconnect!\n|inactive|LDP333 has 15 seconds to reconnect!\n|inactive|LDP333 has 10 seconds to reconnect!\n|inactive|LDP333 has 5 seconds to reconnect!\n|-message|LDP333 lost due to inactivity.\n|\n|win|Beyond Subzero\n|raw|Beyond Subzero's rating: 1364 &rarr; <strong>1395<\/strong><br \/>(+31 for winning)\n|raw|LDP333's rating: 1575 &rarr; <strong>1544<\/strong><br \/>(-31 for losing)\n","uploadtime":1697729336,"views":17,"p1id":"beyondsubzero","p2id":"ldp333","formatid":"gen9nationaldexdoubles","rating":1395,"private":0,"password":""}