{"id":"gen9nationaldexdoubles-1967739419","p1":"gen1erfr","p2":"Modigliana","format":"[Gen 9] National Dex Doubles","log":"|j|\u2606gen1erfr\n|j|\u2606Modigliana\n|t:|1697332983\n|gametype|doubles\n|player|p1|gen1erfr|1|\n|player|p2|Modigliana|medium|\n|teamsize|p1|2\n|teamsize|p2|6\n|gen|9\n|tier|[Gen 9] National Dex Doubles\n|rule|HP Percentage Mod: HP is shown in percentages\n|rule|Endless Battle Clause: Forcing endless battles is banned\n|rule|OHKO Clause: OHKO moves are banned\n|rule|Evasion Moves Clause: Evasion moves are banned\n|rule|Evasion Abilities Clause: Evasion abilities are banned\n|rule|Species Clause: Limit one of each Pok\u00e9mon\n|rule|Gravity Sleep Clause: The combination of sleep-inducing moves with imperfect accuracy and Gravity or Gigantamax Orbeetle are banned\n|clearpoke\n|poke|p1|Krookodile, F|\n|poke|p1|Cryogonal|\n|poke|p2|Shuckle, F|\n|poke|p2|Ribombee, F|\n|poke|p2|Weavile, F|\n|poke|p2|Lilligant-Hisui, F|\n|poke|p2|Farigiraf, M|\n|poke|p2|Dracozolt|\n|teampreview\n|\n|t:|1697332989\n|start\n|switch|p1a: Krookodile|Krookodile, F|100\/100\n|switch|p1b: Cryogonal|Cryogonal|100\/100\n|switch|p2a: Eres|Shuckle, F|100\/100\n|switch|p2b: Mitchell|Weavile, F|100\/100\n|-ability|p2b: Mitchell|Pressure\n|turn|1\n|c|\u2606gen1erfr|Ok\n|c|\u2606gen1erfr|I got this\n|c|\u2606Modigliana|lets see the suprise\n|c|\u2606gen1erfr|if my plan goes the right way\n|\n|t:|1697333006\n|-terastallize|p1a: Krookodile|Fire\n|move|p2b: Mitchell|Fake Out|p1b: Cryogonal\n|-damage|p1b: Cryogonal|79\/100\n|cant|p1b: Cryogonal|flinch\n|move|p1a: Krookodile|Earthquake|p2a: Eres|[spread] p2a,p2b\n|-immune|p1b: Cryogonal|[from] ability: Levitate\n|-damage|p2a: Eres|77\/100\n|-damage|p2b: Mitchell|28\/100\n|move|p2a: Eres|Power Trick|p2a: Eres\n|-start|p2a: Eres|Power Trick\n|\n|-heal|p2a: Eres|83\/100|[from] item: Leftovers\n|upkeep\n|turn|2\n|c|\u2606gen1erfr|GOD DANG IT\n|c|\u2606gen1erfr|We still have hope\n|\n|t:|1697333029\n|move|p1b: Cryogonal|Frost Breath|p1a: Krookodile\n|-resisted|p1a: Krookodile\n|-crit|p1a: Krookodile\n|-damage|p1a: Krookodile|81\/100\n|-setboost|p1a: Krookodile|atk|6|[from] ability: Anger Point\n|move|p1a: Krookodile|Earthquake|p2a: Eres|[spread] p2a,p2b\n|-immune|p1b: Cryogonal|[from] ability: Levitate\n|-damage|p2a: Eres|0 fnt\n|-damage|p2b: Mitchell|0 fnt\n|faint|p2a: Eres\n|faint|p2b: Mitchell\n|\n|upkeep\n|c|\u2606gen1erfr|yesh\n|c|\u2606gen1erfr|it worked\n|c|\u2606Modigliana|AUGH\n|c|\u2606gen1erfr|NOW TIME TO SWEEP\n|\n|t:|1697333059\n|switch|p2b: Lily of the Valley|Lilligant-Hisui, F|100\/100\n|switch|p2a: Girafina|Farigiraf, M|100\/100\n|turn|3\n|\n|t:|1697333081\n|move|p1b: Cryogonal|Frost Breath|p2b: Lily of the Valley\n|-supereffective|p2b: Lily of the Valley\n|-crit|p2b: Lily of the Valley\n|-damage|p2b: Lily of the Valley|32\/100\n|move|p1a: Krookodile|Earthquake|p2a: Girafina|[spread] p2a,p2b\n|-immune|p1b: Cryogonal|[from] ability: Levitate\n|-crit|p2a: Girafina\n|-resisted|p2b: Lily of the Valley\n|-damage|p2a: Girafina|0 fnt\n|-damage|p2b: Lily of the Valley|0 fnt\n|faint|p2a: Girafina\n|faint|p2b: Lily of the Valley\n|\n|upkeep\n|\n|t:|1697333097\n|switch|p2b: Pants|Dracozolt|100\/100\n|switch|p2a: Orihime|Ribombee, F|100\/100\n|turn|4\n|c|\u2606gen1erfr|>:)\n|c|\u2606gen1erfr|I love this team\n|\n|t:|1697333122\n|-terastallize|p2b: Pants|Flying\n|move|p1b: Cryogonal|Frost Breath|p2b: Pants\n|-supereffective|p2b: Pants\n|-crit|p2b: Pants\n|-damage|p2b: Pants|20\/100\n|move|p1a: Krookodile|Earthquake|p2a: Orihime|[spread] p2a\n|-immune|p1b: Cryogonal|[from] ability: Levitate\n|-immune|p2b: Pants\n|-resisted|p2a: Orihime\n|-damage|p2a: Orihime|0 fnt\n|faint|p2a: Orihime\n|move|p2b: Pants|Flamethrower|p1b: Cryogonal\n|-supereffective|p1b: Cryogonal\n|-damage|p1b: Cryogonal|45\/100\n|-status|p1b: Cryogonal|brn\n|\n|-damage|p1b: Cryogonal|39\/100 brn|[from] brn\n|upkeep\n|turn|5\n|\n|t:|1697333147\n|move|p1b: Cryogonal|Frost Breath|p2b: Pants\n|-supereffective|p2b: Pants\n|-crit|p2b: Pants\n|-damage|p2b: Pants|0 fnt\n|faint|p2b: Pants\n|\n|win|gen1erfr\n|c|\u2606gen1erfr|welp gg\n|c|\u2606gen1erfr|hehehe\n|c|\u2606Modigliana|how did it not occur to me flying is still weak to ice lmao\n|c|\u2606Modigliana|thank you for playing hehehehe\n|c|\u2606gen1erfr|Np\n|c|\u2606gen1erfr|lel\n|l|\u2606Modigliana\n","uploadtime":1697333208,"views":10,"p1id":"gen1erfr","p2id":"modigliana","formatid":"gen9nationaldexdoubles","rating":0,"private":0,"password":""}