{"id":"gen9nationaldexdoubles-1965550437","p1":"Smudge","p2":"Penter","format":"[Gen 9] National Dex Doubles","log":"|j|\u2606Smudge\n|j|\u2606Penter\n|t:|1697086586\n|gametype|doubles\n|player|p1|Smudge|#dwcopiii|\n|player|p2|Penter|n|\n|teamsize|p1|6\n|teamsize|p2|6\n|gen|9\n|tier|[Gen 9] National Dex Doubles\n|rated|Tournament battle\n|rule|HP Percentage Mod: HP is shown in percentages\n|rule|Endless Battle Clause: Forcing endless battles is banned\n|rule|OHKO Clause: OHKO moves are banned\n|rule|Evasion Moves Clause: Evasion moves are banned\n|rule|Evasion Abilities Clause: Evasion abilities are banned\n|rule|Species Clause: Limit one of each Pok\u00e9mon\n|rule|Gravity Sleep Clause: The combination of sleep-inducing moves with imperfect accuracy and Gravity or Gigantamax Orbeetle are banned\n|clearpoke\n|poke|p1|Tornadus, M|\n|poke|p1|Ogerpon-Hearthflame, F|\n|poke|p1|Rillaboom, F|\n|poke|p1|Chi-Yu|\n|poke|p1|Zamazenta-*|\n|poke|p1|Flutter Mane|\n|poke|p2|Zygarde|\n|poke|p2|Urshifu-*, F|\n|poke|p2|Politoed, F|\n|poke|p2|Kingdra, M|\n|poke|p2|Metagross|\n|poke|p2|Tornadus, M|\n|teampreview\n|inactive|Battle timer is ON: inactive players will automatically lose when time's up. (requested by Smudge)\n|inactive|Smudge has 120 seconds left.\n|inactive|Penter has 120 seconds left.\n|inactive|Penter has 90 seconds left.\n|\n|t:|1697086654\n|start\n|switch|p1a: Tornadus|Tornadus, M|100\/100\n|switch|p1b: Zamazenta|Zamazenta|100\/100\n|switch|p2a: Politoed|Politoed, F|100\/100\n|switch|p2b: Kingdra|Kingdra, M|100\/100\n|-ability|p1b: Zamazenta|Dauntless Shield|boost\n|-boost|p1b: Zamazenta|def|1\n|-weather|RainDance|[from] ability: Drizzle|[of] p2a: Politoed\n|turn|1\n|inactive|Penter has 120 seconds left.\n|\n|t:|1697086687\n|switch|p2a: Metagross|Metagross|100\/100\n|move|p1a: Tornadus|Sunny Day|p1a: Tornadus\n|-weather|SunnyDay\n|move|p1b: Zamazenta|Body Press|p2b: Kingdra\n|-damage|p2b: Kingdra|47\/100\n|move|p2b: Kingdra|Draco Meteor|p1b: Zamazenta\n|-damage|p1b: Zamazenta|25\/100\n|-unboost|p2b: Kingdra|spa|2\n|\n|-weather|SunnyDay|[upkeep]\n|-heal|p1b: Zamazenta|32\/100|[from] item: Leftovers\n|upkeep\n|turn|2\n|inactive|Smudge has 120 seconds left.\n|j| eragon11145\n|\n|t:|1697086719\n|switch|p2b: Politoed|Politoed, F|100\/100\n|-weather|RainDance|[from] ability: Drizzle|[of] p2b: Politoed\n|detailschange|p2a: Metagross|Metagross-Mega\n|-mega|p2a: Metagross|Metagross|Metagrossite\n|move|p1a: Tornadus|Tailwind|p1a: Tornadus\n|-sidestart|p1: Smudge|move: Tailwind\n|move|p1b: Zamazenta|Body Press|p2a: Metagross\n|-damage|p2a: Metagross|61\/100\n|move|p2a: Metagross|Ice Punch|p1a: Tornadus\n|-supereffective|p1a: Tornadus\n|-damage|p1a: Tornadus|38\/100\n|\n|-weather|RainDance|[upkeep]\n|-heal|p1b: Zamazenta|38\/100|[from] item: Leftovers\n|upkeep\n|turn|3\n|\n|t:|1697086745\n|move|p1a: Tornadus|Sunny Day|p1a: Tornadus\n|-weather|SunnyDay\n|move|p1b: Zamazenta|Body Press|p2b: Politoed\n|-damage|p2b: Politoed|51\/100\n|-enditem|p2b: Politoed|Eject Button\n|inactive|Penter has 120 seconds left.\n|\n|t:|1697086760\n|switch|p2b: Tornadus|Tornadus, M|100\/100\n|move|p2a: Metagross|Ice Punch|p1a: Tornadus\n|-supereffective|p1a: Tornadus\n|-damage|p1a: Tornadus|0 fnt\n|faint|p1a: Tornadus\n|\n|-weather|SunnyDay|[upkeep]\n|-heal|p1b: Zamazenta|44\/100|[from] item: Leftovers\n|upkeep\n|\n|t:|1697086768\n|switch|p1a: Flutter Mane|Flutter Mane|100\/100\n|-activate|p1a: Flutter Mane|ability: Protosynthesis\n|-start|p1a: Flutter Mane|protosynthesisspe\n|turn|4\n|inactive|Smudge has 120 seconds left.\n|inactive|Penter has 120 seconds left.\n|\n|t:|1697086815\n|move|p2b: Tornadus|Rain Dance|p2b: Tornadus\n|-weather|RainDance\n|-end|p1a: Flutter Mane|Protosynthesis\n|move|p1b: Zamazenta|Body Press|p2b: Tornadus\n|-resisted|p2b: Tornadus\n|-damage|p2b: Tornadus|63\/100\n|move|p1a: Flutter Mane|Shadow Ball|p2a: Metagross\n|-supereffective|p2a: Metagross\n|-damage|p2a: Metagross|0 fnt\n|faint|p2a: Metagross\n|\n|-weather|RainDance|[upkeep]\n|-heal|p1b: Zamazenta|50\/100|[from] item: Leftovers\n|upkeep\n|\n|t:|1697086829\n|switch|p2a: Urshifu|Urshifu-Rapid-Strike, F|100\/100\n|turn|5\n|inactive|Penter has 120 seconds left.\n|\n|t:|1697086844\n|-end|p1a: Flutter Mane|Protosynthesis|[silent]\n|switch|p1a: Rillaboom|Rillaboom, F|100\/100\n|-fieldstart|move: Grassy Terrain|[from] ability: Grassy Surge|[of] p1a: Rillaboom\n|move|p1b: Zamazenta|Wide Guard|p1b: Zamazenta\n|-singleturn|p1b: Zamazenta|Wide Guard\n|move|p2b: Tornadus|Tailwind|p2b: Tornadus\n|-sidestart|p2: Penter|move: Tailwind\n|move|p2a: Urshifu|Surging Strikes|p1a: Rillaboom\n|-resisted|p1a: Rillaboom\n|-crit|p1a: Rillaboom\n|-damage|p1a: Rillaboom|84\/100\n|-resisted|p1a: Rillaboom\n|-crit|p1a: Rillaboom\n|-damage|p1a: Rillaboom|68\/100\n|-resisted|p1a: Rillaboom\n|-crit|p1a: Rillaboom\n|-damage|p1a: Rillaboom|53\/100\n|-hitcount|p1a: Rillaboom|3\n|\n|-weather|RainDance|[upkeep]\n|-heal|p1b: Zamazenta|56\/100|[from] Grassy Terrain\n|-heal|p1b: Zamazenta|63\/100|[from] item: Leftovers\n|-heal|p1a: Rillaboom|60\/100|[from] Grassy Terrain\n|-sideend|p1: Smudge|move: Tailwind\n|upkeep\n|turn|6\n|\n|t:|1697086871\n|move|p1a: Rillaboom|Grassy Glide|p2a: Urshifu\n|-supereffective|p2a: Urshifu\n|-damage|p2a: Urshifu|13\/100\n|move|p2a: Urshifu|Surging Strikes|p1b: Zamazenta\n|-crit|p1b: Zamazenta\n|-damage|p1b: Zamazenta|38\/100\n|-crit|p1b: Zamazenta\n|-damage|p1b: Zamazenta|12\/100\n|-crit|p1b: Zamazenta\n|-damage|p1b: Zamazenta|0 fnt\n|faint|p1b: Zamazenta\n|-hitcount|p1: Zamazenta|3\n|move|p2b: Tornadus|Bleakwind Storm|p1a: Rillaboom\n|-supereffective|p1a: Rillaboom\n|-crit|p1a: Rillaboom\n|-damage|p1a: Rillaboom|0 fnt\n|faint|p1a: Rillaboom\n|\n|-weather|RainDance|[upkeep]\n|-heal|p2a: Urshifu|19\/100|[from] Grassy Terrain\n|upkeep\n|inactive|Smudge has 120 seconds left.\n|\n|t:|1697086884\n|switch|p1b: Flutter Mane|Flutter Mane|100\/100\n|switch|p1a: Ogerpon|Ogerpon-Hearthflame, F|100\/100\n|-ability|p1a: Ogerpon|Mold Breaker\n|turn|7\n|\n|t:|1697086903\n|switch|p2a: Zygarde|Zygarde|100\/100\n|-ability|p2a: Zygarde|Aura Break\n|-terastallize|p1b: Flutter Mane|Fairy\n|move|p1a: Ogerpon|Grassy Glide|p2a: Zygarde\n|-damage|p2a: Zygarde|66\/100\n|move|p2b: Tornadus|Bleakwind Storm|p1b: Flutter Mane|[spread] p1a,p1b\n|-supereffective|p1a: Ogerpon\n|-crit|p1b: Flutter Mane\n|-damage|p1a: Ogerpon|17\/100\n|-damage|p1b: Flutter Mane|49\/100\n|move|p1b: Flutter Mane|Dazzling Gleam|p2a: Zygarde|[spread] p2a,p2b\n|-supereffective|p2a: Zygarde\n|-damage|p2a: Zygarde|0 fnt\n|-damage|p2b: Tornadus|0 fnt\n|faint|p2a: Zygarde\n|faint|p2b: Tornadus\n|\n|-weather|RainDance|[upkeep]\n|-heal|p1b: Flutter Mane|55\/100|[from] Grassy Terrain\n|-heal|p1a: Ogerpon|23\/100|[from] Grassy Terrain\n|upkeep\n|l| eragon11145\n|\n|t:|1697086920\n|switch|p2b: Kingdra|Kingdra, M|47\/100\n|switch|p2a: Urshifu|Urshifu-Rapid-Strike, F|19\/100\n|turn|8\n|inactive|Smudge has 120 seconds left.\n|\n|t:|1697086951\n|-end|p1b: Flutter Mane|Protosynthesis|[silent]\n|switch|p1b: Chi-Yu|Chi-Yu|100\/100\n|-ability|p1b: Chi-Yu|Beads of Ruin\n|-enditem|p1b: Chi-Yu|Grassy Seed\n|-boost|p1b: Chi-Yu|def|1|[from] item: Grassy Seed\n|move|p1a: Ogerpon|Grassy Glide|p2b: Kingdra\n|-damage|p2b: Kingdra|0 fnt\n|faint|p2b: Kingdra\n|move|p2a: Urshifu|Surging Strikes|p1b: Chi-Yu\n|-supereffective|p1b: Chi-Yu\n|-crit|p1b: Chi-Yu\n|-damage|p1b: Chi-Yu|26\/100\n|-supereffective|p1b: Chi-Yu\n|-crit|p1b: Chi-Yu\n|-damage|p1b: Chi-Yu|0 fnt\n|faint|p1b: Chi-Yu\n|-hitcount|p1: Chi-Yu|2\n|\n|-weather|none\n|-heal|p2a: Urshifu|25\/100|[from] Grassy Terrain\n|-heal|p1a: Ogerpon|29\/100|[from] Grassy Terrain\n|-sideend|p2: Penter|move: Tailwind\n|upkeep\n|\n|t:|1697086964\n|switch|p1b: Flutter Mane|Flutter Mane, tera:Fairy|55\/100\n|switch|p2b: Politoed|Politoed, F|51\/100\n|-weather|RainDance|[from] ability: Drizzle|[of] p2b: Politoed\n|turn|9\n|\n|t:|1697086976\n|-terastallize|p2a: Urshifu|Grass\n|move|p1a: Ogerpon|Grassy Glide|p2a: Urshifu\n|-resisted|p2a: Urshifu\n|-damage|p2a: Urshifu|3\/100\n|move|p2a: Urshifu|Surging Strikes|p1a: Ogerpon\n|-crit|p1a: Ogerpon\n|-damage|p1a: Ogerpon|0 fnt\n|faint|p1a: Ogerpon\n|-hitcount|p1: Ogerpon|1\n|move|p1b: Flutter Mane|Energy Ball|p2b: Politoed\n|-supereffective|p2b: Politoed\n|-damage|p2b: Politoed|0 fnt\n|faint|p2b: Politoed\n|\n|-weather|RainDance|[upkeep]\n|-heal|p2a: Urshifu|9\/100|[from] Grassy Terrain\n|-heal|p1b: Flutter Mane|61\/100|[from] Grassy Terrain\n|-fieldend|move: Grassy Terrain\n|upkeep\n|turn|10\n|\n|t:|1697086994\n|move|p2a: Urshifu|Surging Strikes|p1b: Flutter Mane\n|-crit|p1b: Flutter Mane\n|-damage|p1b: Flutter Mane|3\/100\n|-crit|p1b: Flutter Mane\n|-damage|p1b: Flutter Mane|0 fnt\n|faint|p1b: Flutter Mane\n|-end|p1b: Flutter Mane|Protosynthesis|[silent]\n|-hitcount|p1: Flutter Mane|2\n|\n|win|Penter\n|n|\u2606Smudge|smudge\n|n|\u2606Penter|penter\n|c|\u2606Smudge|gg\n","uploadtime":1697086999,"views":14,"p1id":"smudge","p2id":"penter","formatid":"gen9nationaldexdoubles","rating":0,"private":0,"password":""}