{"id":"gen9nationaldexdoubles-1999796037","p1":"RonaldX8","p2":"Mv d de evd","format":"[Gen 9] National Dex Doubles","log":"|j|\u2606RonaldX8\n|j|\u2606Mv d de evd\n|t:|1701117462\n|gametype|doubles\n|player|p1|RonaldX8|pilot|1068\n|player|p2|Mv d de evd|youngster-gen4dp|1043\n|teamsize|p1|6\n|teamsize|p2|6\n|gen|9\n|tier|[Gen 9] National Dex Doubles\n|rated|\n|rule|HP Percentage Mod: HP is shown in percentages\n|rule|Endless Battle Clause: Forcing endless battles is banned\n|rule|OHKO Clause: OHKO moves are banned\n|rule|Evasion Moves Clause: Evasion moves are banned\n|rule|Evasion Abilities Clause: Evasion abilities are banned\n|rule|Species Clause: Limit one of each Pok\u00e9mon\n|rule|Gravity Sleep Clause: The combination of sleep-inducing moves with imperfect accuracy and Gravity or Gigantamax Orbeetle are banned\n|clearpoke\n|poke|p1|Regigigas|\n|poke|p1|Weezing-Galar, M|\n|poke|p1|Oricorio-Sensu, M|\n|poke|p1|Volcarona, M|\n|poke|p1|Chien-Pao|\n|poke|p1|Volbeat, M|\n|poke|p2|Indeedee, M|\n|poke|p2|Deoxys-Attack|\n|poke|p2|Typhlosion, M|\n|poke|p2|Kartana|\n|poke|p2|Murkrow, F|\n|poke|p2|Shuckle, F|\n|teampreview\n|\n|t:|1701117485\n|start\n|switch|p1a: GGGGGGS|Volbeat, M|100\/100\n|switch|p1b: Chien-Pao|Chien-Pao|100\/100\n|switch|p2a: Murkrow|Murkrow, F|100\/100\n|switch|p2b: Shuckle|Shuckle, F|100\/100\n|-ability|p1b: Chien-Pao|Sword of Ruin\n|turn|1\n|\n|t:|1701117504\n|move|p2a: Murkrow|Taunt|p1a: GGGGGGS\n|-start|p1a: GGGGGGS|move: Taunt\n|cant|p1a: GGGGGGS|move: Taunt|Taunt\n|move|p1b: Chien-Pao|Crunch|p2a: Murkrow\n|-resisted|p2a: Murkrow\n|-damage|p2a: Murkrow|49\/100\n|-unboost|p2a: Murkrow|def|1\n|move|p2b: Shuckle|Stealth Rock|p1b: Chien-Pao\n|-sidestart|p1: RonaldX8|move: Stealth Rock\n|\n|upkeep\n|turn|2\n|\n|t:|1701117526\n|move|p2a: Murkrow|Tailwind|p2a: Murkrow\n|-sidestart|p2: Mv d de evd|move: Tailwind\n|move|p1b: Chien-Pao|Crunch|p2b: Shuckle\n|-damage|p2b: Shuckle|52\/100\n|move|p1a: GGGGGGS|Infestation|p2a: Murkrow\n|-damage|p2a: Murkrow|41\/100\n|-activate|p2a: Murkrow|move: Infestation|[of] p1a: GGGGGGS\n|move|p2b: Shuckle|Toxic|p1b: Chien-Pao\n|-status|p1b: Chien-Pao|tox\n|\n|-damage|p1b: Chien-Pao|95\/100 tox|[from] psn\n|-damage|p2a: Murkrow|29\/100|[from] move: Infestation|[partiallytrapped]\n|upkeep\n|turn|3\n|\n|t:|1701117548\n|move|p2a: Murkrow|Perish Song|p2a: Murkrow\n|-start|p1a: GGGGGGS|perish3|[silent]\n|-start|p1b: Chien-Pao|perish3|[silent]\n|-start|p2a: Murkrow|perish3|[silent]\n|-start|p2b: Shuckle|perish3|[silent]\n|-fieldactivate|move: Perish Song\n|move|p1b: Chien-Pao|Crunch|p2b: Shuckle\n|-damage|p2b: Shuckle|0 fnt\n|faint|p2b: Shuckle\n|move|p1a: GGGGGGS|Infestation|p2a: Murkrow\n|-damage|p2a: Murkrow|20\/100\n|\n|-damage|p1b: Chien-Pao|83\/100 tox|[from] psn\n|-damage|p2a: Murkrow|8\/100|[from] move: Infestation|[partiallytrapped]\n|-end|p1a: GGGGGGS|move: Taunt\n|-start|p2a: Murkrow|perish3\n|-start|p1b: Chien-Pao|perish3\n|-start|p1a: GGGGGGS|perish3\n|upkeep\n|\n|t:|1701117562\n|switch|p2b: Kartana|Kartana|100\/100\n|turn|4\n|\n|t:|1701117568\n|move|p2a: Murkrow|Taunt|p1a: GGGGGGS\n|-start|p1a: GGGGGGS|move: Taunt\n|move|p2b: Kartana|Sacred Sword|p1b: Chien-Pao\n|-supereffective|p1b: Chien-Pao\n|-damage|p1b: Chien-Pao|0 fnt\n|faint|p1b: Chien-Pao\n|-ability|p2b: Kartana|Beast Boost|boost\n|-boost|p2b: Kartana|atk|1\n|move|p1a: GGGGGGS|Infestation|p2b: Kartana\n|-damage|p2b: Kartana|89\/100\n|-activate|p2b: Kartana|move: Infestation|[of] p1a: GGGGGGS\n|\n|-damage|p2b: Kartana|77\/100|[from] move: Infestation|[partiallytrapped]\n|-damage|p2a: Murkrow|0 fnt|[from] move: Infestation|[partiallytrapped]\n|faint|p2a: Murkrow\n|-start|p1a: GGGGGGS|perish2\n|upkeep\n|\n|t:|1701117590\n|switch|p1b: Regigigas|Regigigas|100\/100\n|switch|p2a: Indeedee|Indeedee, M|100\/100\n|-fieldstart|move: Psychic Terrain|[from] ability: Psychic Surge|[of] p2a: Indeedee\n|-damage|p1b: Regigigas|88\/100|[from] Stealth Rock\n|-start|p1b: Regigigas|ability: Slow Start\n|turn|5\n|\n|t:|1701117604\n|switch|p1a: Weezing|Weezing-Galar, M|100\/100\n|-ability|p1a: Weezing|Neutralizing Gas\n|-end|p1b: Regigigas|Slow Start|[silent]\n|-damage|p1a: Weezing|88\/100|[from] Stealth Rock\n|-terastallize|p2a: Indeedee|Psychic\n|move|p2b: Kartana|Sacred Sword|p1b: Regigigas\n|-supereffective|p1b: Regigigas\n|-damage|p1b: Regigigas|0 fnt\n|faint|p1b: Regigigas\n|-end|p1b: Regigigas|Slow Start|[silent]\n|move|p2a: Indeedee|Expanding Force|p1a: Weezing\n|-supereffective|p1a: Weezing\n|-damage|p1a: Weezing|0 fnt\n|faint|p1a: Weezing\n|-end|p1a: Weezing|ability: Neutralizing Gas\n|\n|-end|p2b: Kartana|Infestation|[partiallytrapped]|[silent]\n|-sideend|p2: Mv d de evd|move: Tailwind\n|upkeep\n|inactive|Battle timer is ON: inactive players will automatically lose when time's up. (requested by Mv d de evd)\n|\n|t:|1701117623\n|switch|p1b: Oricorio|Oricorio-Sensu, M|100\/100\n|switch|p1a: Volcarona|Volcarona, M|100\/100\n|turn|6\n|\n|t:|1701117634\n|move|p2b: Kartana|Sacred Sword|p1a: Volcarona\n|-resisted|p1a: Volcarona\n|-damage|p1a: Volcarona|52\/100\n|move|p2a: Indeedee|Expanding Force|p1b: Oricorio|[spread] p1a,p1b\n|-crit|p1a: Volcarona\n|-damage|p1a: Volcarona|0 fnt\n|-damage|p1b: Oricorio|7\/100\n|faint|p1a: Volcarona\n|move|p1b: Oricorio|Revelation Dance|p2a: Indeedee\n|-supereffective|p2a: Indeedee\n|-damage|p2a: Indeedee|20\/100\n|\n|upkeep\n|-message|RonaldX8 forfeited.\n|\n|win|Mv d de evd\n|raw|RonaldX8's rating: 1068 &rarr; <strong>1046<\/strong><br \/>(-22 for losing)\n|raw|Mv d de evd's rating: 1043 &rarr; <strong>1079<\/strong><br \/>(+36 for winning)\n|l|\u2606RonaldX8\n","uploadtime":1701117650,"views":0,"p1id":"ronaldx8","p2id":"mvddeevd","formatid":"gen9nationaldexdoubles","rating":1046,"private":0,"password":""}