{"id":"gen9nationaldexdoubles-1955457592","p1":"isSpaceLord_","p2":"sparkiapcalt","format":"[Gen 9] National Dex Doubles","log":"|j|\u2606isSpaceLord_\n|j|\u2606sparkiapcalt\n|t:|1695999770\n|gametype|doubles\n|player|p1|isSpaceLord_|veteran|1000\n|player|p2|sparkiapcalt|dragontamer|1004\n|teamsize|p1|5\n|teamsize|p2|3\n|gen|9\n|tier|[Gen 9] National Dex Doubles\n|rated|\n|rule|HP Percentage Mod: HP is shown in percentages\n|rule|Endless Battle Clause: Forcing endless battles is banned\n|rule|OHKO Clause: OHKO moves are banned\n|rule|Evasion Moves Clause: Evasion moves are banned\n|rule|Evasion Abilities Clause: Evasion abilities are banned\n|rule|Species Clause: Limit one of each Pok\u00e9mon\n|rule|Gravity Sleep Clause: The combination of sleep-inducing moves with imperfect accuracy and Gravity or Gigantamax Orbeetle are banned\n|clearpoke\n|poke|p1|Empoleon, M|\n|poke|p1|Typhlosion-Hisui, F|\n|poke|p1|Jirachi|\n|poke|p1|Vaporeon, M|\n|poke|p1|Dragonite, M|\n|poke|p2|Manaphy|\n|poke|p2|Araquanid, M|\n|poke|p2|Pelipper, F|\n|teampreview\n|inactive|Battle timer is ON: inactive players will automatically lose when time's up. (requested by isSpaceLord_)\n|\n|t:|1695999779\n|start\n|switch|p1a: Empoleon|Empoleon, M, shiny|100\/100\n|switch|p1b: Typhlosion|Typhlosion-Hisui, F|100\/100\n|switch|p2a: Araquanid|Araquanid, M|100\/100\n|switch|p2b: Manaphy|Manaphy|100\/100\n|-item|p2a: Araquanid|Choice Scarf|[from] ability: Frisk|[of] p1b: Typhlosion|[identify]\n|-item|p2b: Manaphy|Leftovers|[from] ability: Frisk|[of] p1b: Typhlosion|[identify]\n|turn|1\n|\n|t:|1695999803\n|move|p2b: Manaphy|Tail Glow|p2b: Manaphy\n|-boost|p2b: Manaphy|spa|3\n|move|p1b: Typhlosion|Fire Pledge|p2a: Araquanid\n|-waiting|p1b: Typhlosion|p1a: Empoleon\n|move|p1a: Empoleon|Water Pledge|p2a: Araquanid|[from]move: Fire Pledge\n|-combine\n|-resisted|p2a: Araquanid\n|-damage|p2a: Araquanid|78\/100\n|-sidestart|p1: isSpaceLord_|Water Pledge\n|move|p2a: Araquanid|Entrainment|p2b: Manaphy\n|-endability|p2b: Manaphy|Hydration|[from] move: Entrainment\n|-ability|p2b: Manaphy|Water Bubble|[from] move: Entrainment\n|\n|upkeep\n|turn|2\n|\n|t:|1695999821\n|switch|p2a: Pelipper|Pelipper, F|100\/100\n|-weather|RainDance|[from] ability: Drizzle|[of] p2a: Pelipper\n|switch|p1a: Jirachi|Jirachi|100\/100\n|-terastallize|p2b: Manaphy|Water\n|move|p2b: Manaphy|Surf|p1b: Typhlosion|[spread] p2a,p1a,p1b\n|-resisted|p2a: Pelipper\n|-supereffective|p1b: Typhlosion\n|-damage|p2a: Pelipper|0 fnt\n|-damage|p1a: Jirachi|0 fnt\n|-damage|p1b: Typhlosion|0 fnt\n|faint|p2a: Pelipper\n|faint|p1a: Jirachi\n|faint|p1b: Typhlosion\n|\n|-weather|RainDance|[upkeep]\n|upkeep\n|\n|t:|1695999844\n|switch|p1b: Vaporeon|Vaporeon, M|100\/100\n|switch|p1a: Empoleon|Empoleon, M, shiny|100\/100\n|switch|p2a: Araquanid|Araquanid, M|78\/100\n|turn|3\n|\n|t:|1695999856\n|move|p2b: Manaphy|Surf|p1a: Empoleon|[spread] p2a,p1a\n|-immune|p1b: Vaporeon|[from] ability: Water Absorb\n|-resisted|p2a: Araquanid\n|-resisted|p1a: Empoleon\n|-damage|p2a: Araquanid|0 fnt\n|-damage|p1a: Empoleon|0 fnt\n|faint|p2a: Araquanid\n|faint|p1a: Empoleon\n|-zpower|p1b: Vaporeon\n|move|p1b: Vaporeon|Z-Celebrate|p1b: Vaporeon|[anim]Celebrate\n|-boost|p1b: Vaporeon|atk|1|[zeffect]\n|-boost|p1b: Vaporeon|def|1|[zeffect]\n|-boost|p1b: Vaporeon|spa|1|[zeffect]\n|-boost|p1b: Vaporeon|spd|1|[zeffect]\n|-boost|p1b: Vaporeon|spe|1|[zeffect]\n|-activate|p1b: Vaporeon|move: Celebrate\n|\n|-weather|RainDance|[upkeep]\n|upkeep\n|\n|t:|1695999870\n|switch|p1a: Dragonite|Dragonite, M|100\/100\n|turn|4\n|\n|t:|1695999877\n|move|p2b: Manaphy|Blizzard|p1b: Vaporeon|[spread] p1b\n|-miss|p2b: Manaphy|p1a: Dragonite\n|-resisted|p1b: Vaporeon\n|-damage|p1b: Vaporeon|89\/100\n|move|p1b: Vaporeon|Surf|p2b: Manaphy|[spread] p1a,p2b\n|-resisted|p1a: Dragonite\n|-resisted|p2b: Manaphy\n|-damage|p1a: Dragonite|73\/100\n|-damage|p2b: Manaphy|73\/100\n|move|p1a: Dragonite|Earthquake|p2b: Manaphy|[spread] p1b,p2b\n|-damage|p1b: Vaporeon|68\/100\n|-damage|p2b: Manaphy|44\/100\n|\n|-weather|RainDance|[upkeep]\n|-heal|p2b: Manaphy|51\/100|[from] item: Leftovers\n|-sideend|p1: isSpaceLord_|Water Pledge\n|upkeep\n|turn|5\n|\n|t:|1695999892\n|move|p2b: Manaphy|Blizzard|p1b: Vaporeon|[spread] p1a,p1b\n|-supereffective|p1a: Dragonite\n|-resisted|p1b: Vaporeon\n|-damage|p1a: Dragonite|0 fnt\n|-damage|p1b: Vaporeon|57\/100\n|faint|p1a: Dragonite\n|move|p1b: Vaporeon|Surf|p2b: Manaphy\n|-resisted|p2b: Manaphy\n|-damage|p2b: Manaphy|11\/100\n|\n|-weather|RainDance|[upkeep]\n|-heal|p2b: Manaphy|18\/100|[from] item: Leftovers\n|upkeep\n|turn|6\n|\n|t:|1695999904\n|move|p2b: Manaphy|Energy Ball|p1b: Vaporeon\n|-supereffective|p1b: Vaporeon\n|-damage|p1b: Vaporeon|11\/100\n|move|p1b: Vaporeon|Surf|p2b: Manaphy\n|-resisted|p2b: Manaphy\n|-damage|p2b: Manaphy|0 fnt\n|faint|p2b: Manaphy\n|\n|win|isSpaceLord_\n|raw|isSpaceLord_'s rating: 1000 &rarr; <strong>1040<\/strong><br \/>(+40 for winning)\n|raw|sparkiapcalt's rating: 1004 &rarr; <strong>1000<\/strong><br \/>(-4 for losing)\n","uploadtime":1695999910,"views":8,"p1id":"isspacelord","p2id":"sparkiapcalt","formatid":"gen9nationaldexdoubles","rating":1000,"private":0,"password":""}