{"id":"gen9nationaldexdoubles-1994515001","p1":"Shiny_Hero64","p2":"Ryan1Baek","format":"[Gen 9] National Dex Doubles","log":"|j|\u2606Shiny_Hero64\n|j|\u2606Ryan1Baek\n|t:|1700453158\n|gametype|doubles\n|player|p1|Shiny_Hero64|n-masters3|\n|player|p2|Ryan1Baek|carmine|\n|teamsize|p1|6\n|teamsize|p2|6\n|gen|9\n|tier|[Gen 9] National Dex Doubles\n|rule|HP Percentage Mod: HP is shown in percentages\n|rule|Endless Battle Clause: Forcing endless battles is banned\n|rule|OHKO Clause: OHKO moves are banned\n|rule|Evasion Moves Clause: Evasion moves are banned\n|rule|Evasion Abilities Clause: Evasion abilities are banned\n|rule|Species Clause: Limit one of each Pok\u00e9mon\n|rule|Gravity Sleep Clause: The combination of sleep-inducing moves with imperfect accuracy and Gravity or Gigantamax Orbeetle are banned\n|clearpoke\n|poke|p1|Indeedee-F, F|\n|poke|p1|Chien-Pao|\n|poke|p1|Alakazam, M|\n|poke|p1|Sneasler, F|\n|poke|p1|Ursaluna-Bloodmoon, M|\n|poke|p1|Deoxys-Attack|\n|poke|p2|Farigiraf, F|\n|poke|p2|Diancie|\n|poke|p2|Torkoal, F|\n|poke|p2|Venusaur, F|\n|poke|p2|Tornadus, M|\n|poke|p2|Walking Wake|\n|teampreview\n|j| TestudoJK\n|c|\u2606Shiny_Hero64|Knew this was coming out\n|j| Eliminathan\n|\n|t:|1700453188\n|start\n|switch|p1a: Indeedee|Indeedee-F, F|100\/100\n|switch|p1b: I KNOW TO MUCH|Alakazam, M|100\/100\n|switch|p2a: Tornadus|Tornadus, M, shiny|100\/100\n|switch|p2b: Walking Wake|Walking Wake|100\/100\n|-fieldstart|move: Psychic Terrain|[from] ability: Psychic Surge|[of] p1a: Indeedee\n|turn|1\n|\n|t:|1700453221\n|detailschange|p1b: I KNOW TO MUCH|Alakazam-Mega, M\n|-mega|p1b: I KNOW TO MUCH|Alakazam|Alakazite\n|-ability|p1b: I KNOW TO MUCH|Prankster|[from] ability: Trace|[of] p2a: Tornadus\n|move|p1a: Indeedee|Helping Hand|p1b: I KNOW TO MUCH\n|-singleturn|p1b: I KNOW TO MUCH|Helping Hand|[of] p1a: Indeedee\n|move|p2a: Tornadus|Tailwind|p2a: Tornadus\n|-sidestart|p2: Ryan1Baek|move: Tailwind\n|move|p2b: Walking Wake|Draco Meteor|p1b: I KNOW TO MUCH\n|-damage|p1b: I KNOW TO MUCH|2\/100\n|-unboost|p2b: Walking Wake|spa|2\n|move|p1b: I KNOW TO MUCH|Expanding Force|p2b: Walking Wake|[spread] p2a,p2b\n|-enditem|p2a: Tornadus|Focus Sash\n|-damage|p2a: Tornadus|1\/100\n|-damage|p2b: Walking Wake|0 fnt\n|faint|p2b: Walking Wake\n|-end|p2b: Walking Wake|Protosynthesis|[silent]\n|\n|upkeep\n|c|\u2606Ryan1Baek|NOOOOOO\n|c|\u2606Ryan1Baek|COME ON\n|\n|t:|1700453250\n|switch|p2b: Farigiraf|Farigiraf, F|100\/100\n|turn|2\n|\n|t:|1700453272\n|move|p2a: Tornadus|U-turn|p1b: I KNOW TO MUCH\n|-supereffective|p1b: I KNOW TO MUCH\n|-damage|p1b: I KNOW TO MUCH|0 fnt\n|faint|p1b: I KNOW TO MUCH\n|\n|t:|1700453277\n|switch|p2a: Torkoal|Torkoal, F, shiny|100\/100|[from] U-turn\n|-weather|SunnyDay|[from] ability: Drought|[of] p2a: Torkoal\n|move|p1a: Indeedee|Expanding Force|p2b: Farigiraf|[spread] p2a,p2b\n|-resisted|p2b: Farigiraf\n|-damage|p2a: Torkoal|47\/100\n|-damage|p2b: Farigiraf|81\/100\n|-enditem|p2a: Torkoal|Sitrus Berry|[eat]\n|-heal|p2a: Torkoal|72\/100|[from] item: Sitrus Berry\n|move|p2b: Farigiraf|Trick Room|p2b: Farigiraf\n|-fieldstart|move: Trick Room|[of] p2b: Farigiraf\n|\n|-weather|SunnyDay|[upkeep]\n|upkeep\n|\n|t:|1700453285\n|switch|p1b: Fred bear|Ursaluna-Bloodmoon, M|100\/100\n|turn|3\n|\n|t:|1700453308\n|move|p2b: Farigiraf|Helping Hand|p2a: Torkoal\n|-singleturn|p2a: Torkoal|Helping Hand|[of] p2b: Farigiraf\n|move|p1b: Fred bear|Protect|p1b: Fred bear\n|-singleturn|p1b: Fred bear|Protect\n|move|p2a: Torkoal|Solar Beam||[still]\n|-prepare|p2a: Torkoal|Solar Beam\n|-anim|p2a: Torkoal|Solar Beam|p1b: Fred bear\n|-activate|p1b: Fred bear|move: Protect\n|move|p1a: Indeedee|Expanding Force|p2a: Torkoal|[spread] p2a,p2b\n|-resisted|p2b: Farigiraf\n|-damage|p2a: Torkoal|21\/100\n|-damage|p2b: Farigiraf|61\/100\n|\n|-weather|SunnyDay|[upkeep]\n|upkeep\n|turn|4\n|\n|t:|1700453337\n|-terastallize|p1b: Fred bear|Fairy\n|move|p2b: Farigiraf|Helping Hand|p2a: Torkoal\n|-singleturn|p2a: Torkoal|Helping Hand|[of] p2b: Farigiraf\n|move|p1a: Indeedee|Follow Me|p1a: Indeedee\n|-singleturn|p1a: Indeedee|move: Follow Me\n|move|p2a: Torkoal|Heat Wave|p1b: Fred bear|[spread] p1a,p1b\n|-damage|p1a: Indeedee|38\/100\n|-damage|p1b: Fred bear|27\/100\n|move|p1b: Fred bear|Calm Mind|p1b: Fred bear\n|-boost|p1b: Fred bear|spa|1\n|-boost|p1b: Fred bear|spd|1\n|\n|-weather|SunnyDay|[upkeep]\n|-heal|p1b: Fred bear|33\/100|[from] item: Leftovers\n|-sideend|p2: Ryan1Baek|move: Tailwind\n|upkeep\n|turn|5\n|\n|t:|1700453352\n|move|p2b: Farigiraf|Helping Hand|p2a: Torkoal\n|-singleturn|p2a: Torkoal|Helping Hand|[of] p2b: Farigiraf\n|move|p1b: Fred bear|Protect|p1b: Fred bear\n|-singleturn|p1b: Fred bear|Protect\n|move|p2a: Torkoal|Heat Wave|p1a: Indeedee|[spread] p1a\n|-activate|p1b: Fred bear|move: Protect\n|-damage|p1a: Indeedee|0 fnt\n|faint|p1a: Indeedee\n|\n|-weather|SunnyDay|[upkeep]\n|-heal|p1b: Fred bear|39\/100|[from] item: Leftovers\n|upkeep\n|\n|t:|1700453362\n|switch|p1a: Sneasler|Sneasler, F|100\/100\n|-enditem|p1a: Sneasler|Psychic Seed\n|-boost|p1a: Sneasler|spd|1|[from] item: Psychic Seed\n|turn|6\n|\n|t:|1700453372\n|move|p1b: Fred bear|Protect||[still]\n|-fail|p1b: Fred bear\n|move|p1a: Sneasler|Protect|p1a: Sneasler\n|-singleturn|p1a: Sneasler|Protect\n|move|p2a: Torkoal|Heat Wave|p1b: Fred bear|[spread] \n|-activate|p1a: Sneasler|move: Protect\n|-miss|p2a: Torkoal|p1b: Fred bear\n|move|p2b: Farigiraf|Psychic|p1a: Sneasler\n|-activate|p1a: Sneasler|move: Protect\n|\n|-weather|none\n|-heal|p1b: Fred bear|45\/100|[from] item: Leftovers\n|-fieldend|move: Trick Room\n|upkeep\n|turn|7\n|c|\u2606Ryan1Baek|i hate this game\n|c|\u2606Ryan1Baek|with every fiber in my being\n|\n|t:|1700453393\n|move|p2a: Torkoal|Protect|p2a: Torkoal\n|-singleturn|p2a: Torkoal|Protect\n|move|p1a: Sneasler|Close Combat|p2b: Farigiraf\n|-damage|p2b: Farigiraf|17\/100\n|-unboost|p1a: Sneasler|def|1\n|-unboost|p1a: Sneasler|spd|1\n|move|p2b: Farigiraf|Psychic|p1a: Sneasler\n|-supereffective|p1a: Sneasler\n|-damage|p1a: Sneasler|0 fnt\n|faint|p1a: Sneasler\n|move|p1b: Fred bear|Earth Power|p2a: Torkoal\n|-activate|p2a: Torkoal|move: Protect\n|\n|-heal|p1b: Fred bear|51\/100|[from] item: Leftovers\n|upkeep\n|\n|t:|1700453405\n|switch|p1a: Chien-Pao|Chien-Pao|100\/100\n|-ability|p1a: Chien-Pao|Sword of Ruin\n|turn|8\n|\n|t:|1700453420\n|switch|p2a: Venusaur|Venusaur, F, shiny|100\/100\n|move|p1a: Chien-Pao|Crunch|p2b: Farigiraf\n|-supereffective|p2b: Farigiraf\n|-damage|p2b: Farigiraf|0 fnt\n|faint|p2b: Farigiraf\n|move|p1b: Fred bear|Earth Power|p2a: Venusaur\n|-damage|p2a: Venusaur|13\/100\n|\n|-heal|p1b: Fred bear|57\/100|[from] item: Leftovers\n|-fieldend|move: Psychic Terrain\n|upkeep\n|\n|t:|1700453428\n|switch|p2b: Torkoal|Torkoal, F, shiny|21\/100\n|-weather|SunnyDay|[from] ability: Drought|[of] p2b: Torkoal\n|turn|9\n|\n|t:|1700453446\n|move|p1a: Chien-Pao|Protect|p1a: Chien-Pao\n|-singleturn|p1a: Chien-Pao|Protect\n|move|p2a: Venusaur|Sleep Powder|p1b: Fred bear\n|-status|p1b: Fred bear|slp|[from] move: Sleep Powder\n|cant|p1b: Fred bear|slp\n|move|p2b: Torkoal|Heat Wave|p1a: Chien-Pao|[spread] p1b\n|-activate|p1a: Chien-Pao|move: Protect\n|-damage|p1b: Fred bear|21\/100 slp\n|\n|-weather|SunnyDay|[upkeep]\n|-heal|p1b: Fred bear|27\/100 slp|[from] item: Leftovers\n|upkeep\n|turn|10\n|\n|t:|1700453464\n|move|p2a: Venusaur|Weather Ball|p1a: Chien-Pao\n|-supereffective|p1a: Chien-Pao\n|-damage|p1a: Chien-Pao|0 fnt\n|faint|p1a: Chien-Pao\n|-damage|p2a: Venusaur|3\/100|[from] item: Life Orb\n|cant|p1b: Fred bear|slp\n|move|p2b: Torkoal|Heat Wave|p1b: Fred bear\n|-damage|p1b: Fred bear|0 fnt\n|faint|p1b: Fred bear\n|\n|-weather|SunnyDay|[upkeep]\n|upkeep\n|\n|t:|1700453467\n|switch|p1b: Deoxys|Deoxys-Attack|100\/100\n|-ability|p1b: Deoxys|Pressure\n|turn|11\n|\n|t:|1700453477\n|move|p2a: Venusaur|Sleep Powder|p1b: Deoxys\n|-status|p1b: Deoxys|slp|[from] move: Sleep Powder\n|cant|p1b: Deoxys|slp\n|move|p2b: Torkoal|Heat Wave|p1b: Deoxys|[miss]\n|-miss|p2b: Torkoal|p1b: Deoxys\n|\n|-weather|SunnyDay|[upkeep]\n|upkeep\n|turn|12\n|\n|t:|1700453483\n|-curestatus|p1b: Deoxys|slp|[msg]\n|move|p1b: Deoxys|Protect|p1b: Deoxys\n|-singleturn|p1b: Deoxys|Protect\n|move|p2a: Venusaur|Giga Drain|p1b: Deoxys\n|-activate|p1b: Deoxys|move: Protect\n|move|p2b: Torkoal|Heat Wave|p1b: Deoxys\n|-activate|p1b: Deoxys|move: Protect\n|\n|-weather|SunnyDay|[upkeep]\n|upkeep\n|turn|13\n|\n|t:|1700453489\n|move|p2a: Venusaur|Sleep Powder|p1b: Deoxys\n|-status|p1b: Deoxys|slp|[from] move: Sleep Powder\n|cant|p1b: Deoxys|slp\n|move|p2b: Torkoal|Heat Wave|p1b: Deoxys\n|-damage|p1b: Deoxys|0 fnt\n|faint|p1b: Deoxys\n|\n|win|Ryan1Baek\n","uploadtime":1700453494,"views":3,"p1id":"shinyhero64","p2id":"ryan1baek","formatid":"gen9nationaldexdoubles","rating":0,"private":0,"password":""}