{"id":"gen9nationaldexdoubles-1983163861","p1":"KnighZeus","p2":"kitsu-aria","format":"[Gen 9] National Dex Doubles","log":"|j|\u2606KnighZeus\n|j|\u2606kitsu-aria\n|t:|1699098775\n|gametype|doubles\n|player|p1|KnighZeus|1|1383\n|player|p2|kitsu-aria|roxie|1644\n|teamsize|p1|6\n|teamsize|p2|6\n|gen|9\n|tier|[Gen 9] National Dex Doubles\n|rated|\n|rule|HP Percentage Mod: HP is shown in percentages\n|rule|Endless Battle Clause: Forcing endless battles is banned\n|rule|OHKO Clause: OHKO moves are banned\n|rule|Evasion Moves Clause: Evasion moves are banned\n|rule|Evasion Abilities Clause: Evasion abilities are banned\n|rule|Species Clause: Limit one of each Pok\u00e9mon\n|rule|Gravity Sleep Clause: The combination of sleep-inducing moves with imperfect accuracy and Gravity or Gigantamax Orbeetle are banned\n|clearpoke\n|poke|p1|Torkoal, M|\n|poke|p1|Walking Wake|\n|poke|p1|Parasect, F|\n|poke|p1|Iron Hands|\n|poke|p1|Flutter Mane|\n|poke|p1|Indeedee-F, F|\n|poke|p2|Jirachi|\n|poke|p2|Kingambit, M|\n|poke|p2|Gothorita, F|\n|poke|p2|Urshifu-*, M|\n|poke|p2|Salamence, F|\n|poke|p2|Tapu Fini|\n|teampreview\n|\n|t:|1699098803\n|start\n|switch|p1a: Flutter Mane|Flutter Mane|100\/100\n|switch|p1b: Iron Hands|Iron Hands|100\/100\n|switch|p2a: Salamence|Salamence, F|100\/100\n|switch|p2b: Gothorita|Gothorita, F|100\/100\n|-ability|p2a: Salamence|Intimidate|boost\n|-unboost|p1a: Flutter Mane|atk|1\n|-unboost|p1b: Iron Hands|atk|1\n|-enditem|p1a: Flutter Mane|Booster Energy\n|-activate|p1a: Flutter Mane|ability: Protosynthesis|[fromitem]\n|-start|p1a: Flutter Mane|protosynthesisspa\n|turn|1\n|\n|t:|1699098827\n|move|p2a: Salamence|Protect|p2a: Salamence\n|-singleturn|p2a: Salamence|Protect\n|move|p1b: Iron Hands|Fake Out|p2b: Gothorita\n|-damage|p2b: Gothorita|89\/100\n|move|p1a: Flutter Mane|Moonblast|p2a: Salamence\n|-activate|p2a: Salamence|move: Protect\n|cant|p2b: Gothorita|flinch\n|\n|upkeep\n|turn|2\n|\n|t:|1699098842\n|switch|p2a: Jirachi|Jirachi|100\/100\n|move|p1a: Flutter Mane|Moonblast|p2a: Jirachi\n|-resisted|p2a: Jirachi\n|-damage|p2a: Jirachi|72\/100\n|move|p1b: Iron Hands|Wild Charge|p2a: Jirachi\n|-damage|p2a: Jirachi|48\/100\n|-damage|p1b: Iron Hands|96\/100|[from] Recoil\n|move|p2b: Gothorita|Thunder Wave|p1a: Flutter Mane\n|-status|p1a: Flutter Mane|par\n|\n|-heal|p2a: Jirachi|54\/100|[from] item: Leftovers\n|upkeep\n|turn|3\n|\n|t:|1699098857\n|move|p2a: Jirachi|Iron Head|p1a: Flutter Mane\n|-supereffective|p1a: Flutter Mane\n|-damage|p1a: Flutter Mane|0 fnt\n|faint|p1a: Flutter Mane\n|-end|p1a: Flutter Mane|Protosynthesis|[silent]\n|move|p1b: Iron Hands|Rock Slide|p2a: Jirachi|[spread] p2a,p2b\n|-resisted|p2a: Jirachi\n|-damage|p2a: Jirachi|49\/100\n|-damage|p2b: Gothorita|75\/100\n|move|p2b: Gothorita|Psychic|p1b: Iron Hands\n|-supereffective|p1b: Iron Hands\n|-damage|p1b: Iron Hands|68\/100\n|\n|-heal|p2a: Jirachi|55\/100|[from] item: Leftovers\n|upkeep\n|\n|t:|1699098868\n|switch|p1a: Indeedee|Indeedee-F, F|100\/100\n|-fieldstart|move: Psychic Terrain|[from] ability: Psychic Surge|[of] p1a: Indeedee\n|turn|4\n|\n|t:|1699098892\n|move|p2a: Jirachi|Cosmic Power|p2a: Jirachi\n|-boost|p2a: Jirachi|def|1\n|-boost|p2a: Jirachi|spd|1\n|move|p1b: Iron Hands|Drain Punch|p2a: Jirachi\n|-damage|p2a: Jirachi|41\/100\n|-heal|p1b: Iron Hands|74\/100|[from] drain|[of] p2a: Jirachi\n|move|p2b: Gothorita|Thunder Wave|p1a: Indeedee\n|-status|p1a: Indeedee|par\n|cant|p1a: Indeedee|par\n|\n|-heal|p2a: Jirachi|47\/100|[from] item: Leftovers\n|upkeep\n|turn|5\n|\n|t:|1699098908\n|move|p2b: Gothorita|Ally Switch|p2b: Gothorita\n|swap|p2b: Gothorita|0|[from] move: Ally Switch\n|move|p2b: Jirachi|Cosmic Power|p2b: Jirachi\n|-boost|p2b: Jirachi|def|1\n|-boost|p2b: Jirachi|spd|1\n|move|p1b: Iron Hands|Drain Punch|p2b: Jirachi\n|-damage|p2b: Jirachi|36\/100\n|-heal|p1b: Iron Hands|79\/100|[from] drain|[of] p2b: Jirachi\n|move|p1a: Indeedee|Trick Room|p1a: Indeedee\n|-fieldstart|move: Trick Room|[of] p1a: Indeedee\n|\n|-heal|p2b: Jirachi|42\/100|[from] item: Leftovers\n|upkeep\n|turn|6\n|\n|t:|1699098924\n|cant|p1a: Indeedee|par\n|move|p2a: Gothorita|Psychic|p1b: Iron Hands\n|-supereffective|p1b: Iron Hands\n|-damage|p1b: Iron Hands|39\/100\n|move|p1b: Iron Hands|Wild Charge|p2b: Jirachi\n|-damage|p2b: Jirachi|30\/100\n|-damage|p1b: Iron Hands|37\/100|[from] Recoil\n|move|p2b: Jirachi|Cosmic Power|p2b: Jirachi\n|-boost|p2b: Jirachi|def|1\n|-boost|p2b: Jirachi|spd|1\n|\n|-heal|p2b: Jirachi|37\/100|[from] item: Leftovers\n|upkeep\n|turn|7\n|\n|t:|1699098943\n|move|p2a: Gothorita|Ally Switch|p2a: Gothorita\n|swap|p2a: Gothorita|1|[from] move: Ally Switch\n|move|p1a: Indeedee|Expanding Force|p2a: Jirachi|[spread] p2a,p2b\n|-resisted|p2a: Jirachi\n|-resisted|p2b: Gothorita\n|-damage|p2a: Jirachi|34\/100\n|-damage|p2b: Gothorita|64\/100\n|move|p1b: Iron Hands|Rock Slide|p2b: Gothorita|[spread] p2a\n|-miss|p1b: Iron Hands|p2b: Gothorita\n|-resisted|p2a: Jirachi\n|-damage|p2a: Jirachi|31\/100\n|cant|p2a: Jirachi|flinch\n|\n|-heal|p2a: Jirachi|38\/100|[from] item: Leftovers\n|upkeep\n|turn|8\n|\n|t:|1699098969\n|move|p2a: Jirachi|Protect|p2a: Jirachi\n|-singleturn|p2a: Jirachi|Protect\n|move|p1a: Indeedee|Expanding Force|p2a: Jirachi|[spread] p2b\n|-activate|p2a: Jirachi|move: Protect\n|-resisted|p2b: Gothorita\n|-crit|p2b: Gothorita\n|-damage|p2b: Gothorita|47\/100\n|move|p2b: Gothorita|Psychic|p1a: Indeedee\n|-resisted|p1a: Indeedee\n|-crit|p1a: Indeedee\n|-damage|p1a: Indeedee|84\/100 par\n|move|p1b: Iron Hands|Drain Punch|p2a: Jirachi\n|-activate|p2a: Jirachi|move: Protect\n|\n|-heal|p2a: Jirachi|44\/100|[from] item: Leftovers\n|-fieldend|move: Psychic Terrain\n|upkeep\n|turn|9\n|\n|t:|1699098981\n|move|p1a: Indeedee|Expanding Force|p2b: Gothorita\n|-resisted|p2b: Gothorita\n|-damage|p2b: Gothorita|40\/100\n|move|p2b: Gothorita|Psychic|p1b: Iron Hands\n|-supereffective|p1b: Iron Hands\n|-damage|p1b: Iron Hands|7\/100\n|-unboost|p1b: Iron Hands|spd|1\n|move|p1b: Iron Hands|Drain Punch|p2b: Gothorita\n|-resisted|p2b: Gothorita\n|-damage|p2b: Gothorita|26\/100\n|-heal|p1b: Iron Hands|11\/100|[from] drain|[of] p2b: Gothorita\n|move|p2a: Jirachi|Cosmic Power|p2a: Jirachi\n|-boost|p2a: Jirachi|def|1\n|-boost|p2a: Jirachi|spd|1\n|\n|-heal|p2a: Jirachi|50\/100|[from] item: Leftovers\n|-fieldend|move: Trick Room\n|upkeep\n|turn|10\n|\n|t:|1699099002\n|switch|p2b: Salamence|Salamence, F|100\/100\n|-ability|p2b: Salamence|Intimidate|boost\n|-unboost|p1a: Indeedee|atk|1\n|-unboost|p1b: Iron Hands|atk|1\n|move|p2a: Jirachi|Cosmic Power|p2a: Jirachi\n|-boost|p2a: Jirachi|def|1\n|-boost|p2a: Jirachi|spd|1\n|move|p1b: Iron Hands|Drain Punch|p2b: Salamence\n|-resisted|p2b: Salamence\n|-damage|p2b: Salamence|89\/100\n|-heal|p1b: Iron Hands|15\/100|[from] drain|[of] p2b: Salamence\n|move|p1a: Indeedee|Trick Room|p1a: Indeedee\n|-fieldstart|move: Trick Room|[of] p1a: Indeedee\n|\n|-heal|p2a: Jirachi|56\/100|[from] item: Leftovers\n|upkeep\n|turn|11\n|\n|t:|1699099018\n|-end|p1b: Iron Hands|Quark Drive|[silent]\n|switch|p1b: Torkoal|Torkoal, M|100\/100\n|-weather|SunnyDay|[from] ability: Drought|[of] p1b: Torkoal\n|switch|p2b: Gothorita|Gothorita, F|26\/100\n|move|p1a: Indeedee|Follow Me|p1a: Indeedee\n|-singleturn|p1a: Indeedee|move: Follow Me\n|move|p2a: Jirachi|Cosmic Power|p2a: Jirachi\n|-boost|p2a: Jirachi|def|1\n|-boost|p2a: Jirachi|spd|1\n|\n|-weather|SunnyDay|[upkeep]\n|-heal|p2a: Jirachi|62\/100|[from] item: Leftovers\n|upkeep\n|turn|12\n|\n|t:|1699099036\n|-terastallize|p1b: Torkoal|Fire\n|move|p1a: Indeedee|Helping Hand|p1b: Torkoal\n|-singleturn|p1b: Torkoal|Helping Hand|[of] p1a: Indeedee\n|move|p2a: Jirachi|Protect|p2a: Jirachi\n|-singleturn|p2a: Jirachi|Protect\n|move|p1b: Torkoal|Eruption|p2a: Jirachi|[spread] p2b\n|-activate|p2a: Jirachi|move: Protect\n|-damage|p2b: Gothorita|0 fnt\n|faint|p2b: Gothorita\n|\n|-weather|SunnyDay|[upkeep]\n|-heal|p2a: Jirachi|69\/100|[from] item: Leftovers\n|upkeep\n|\n|t:|1699099046\n|switch|p2b: Tapu Fini|Tapu Fini, shiny|100\/100\n|-fieldstart|move: Misty Terrain|[from] ability: Misty Surge|[of] p2b: Tapu Fini\n|turn|13\n|\n|t:|1699099057\n|-terastallize|p2a: Jirachi|Normal\n|move|p1a: Indeedee|Helping Hand|p1b: Torkoal\n|-singleturn|p1b: Torkoal|Helping Hand|[of] p1a: Indeedee\n|move|p1b: Torkoal|Eruption|p2b: Tapu Fini|[spread] p2a,p2b\n|-resisted|p2b: Tapu Fini\n|-crit|p2b: Tapu Fini\n|-damage|p2a: Jirachi|34\/100\n|-damage|p2b: Tapu Fini|3\/100\n|move|p2b: Tapu Fini|Calm Mind|p2b: Tapu Fini\n|-boost|p2b: Tapu Fini|spa|1\n|-boost|p2b: Tapu Fini|spd|1\n|move|p2a: Jirachi|Iron Head|p1b: Torkoal\n|-resisted|p1b: Torkoal\n|-damage|p1b: Torkoal|91\/100\n|\n|-weather|SunnyDay|[upkeep]\n|-heal|p2b: Tapu Fini|10\/100|[from] item: Leftovers\n|-heal|p2a: Jirachi|41\/100|[from] item: Leftovers\n|upkeep\n|turn|14\n|\n|t:|1699099075\n|cant|p1a: Indeedee|par\n|move|p2b: Tapu Fini|Protect|p2b: Tapu Fini\n|-singleturn|p2b: Tapu Fini|Protect\n|move|p2a: Jirachi|Protect|p2a: Jirachi\n|-singleturn|p2a: Jirachi|Protect\n|move|p1b: Torkoal|Eruption|p2a: Jirachi|[spread] \n|-activate|p2a: Jirachi|move: Protect\n|-activate|p2b: Tapu Fini|move: Protect\n|\n|-weather|SunnyDay|[upkeep]\n|-heal|p2b: Tapu Fini|16\/100|[from] item: Leftovers\n|-heal|p2a: Jirachi|47\/100|[from] item: Leftovers\n|-fieldend|move: Trick Room\n|upkeep\n|turn|15\n|\n|t:|1699099085\n|move|p1a: Indeedee|Helping Hand|p1b: Torkoal\n|-singleturn|p1b: Torkoal|Helping Hand|[of] p1a: Indeedee\n|move|p2a: Jirachi|Iron Head|p1b: Torkoal\n|-resisted|p1b: Torkoal\n|-damage|p1b: Torkoal|80\/100\n|move|p2b: Tapu Fini|Muddy Water|p1b: Torkoal|[spread] p1a\n|-miss|p2b: Tapu Fini|p1b: Torkoal\n|-damage|p1a: Indeedee|72\/100 par\n|cant|p1b: Torkoal|flinch\n|\n|-weather|none\n|-heal|p2a: Jirachi|53\/100|[from] item: Leftovers\n|-heal|p2b: Tapu Fini|22\/100|[from] item: Leftovers\n|upkeep\n|turn|16\n|\n|t:|1699099098\n|move|p1b: Torkoal|Protect|p1b: Torkoal\n|-singleturn|p1b: Torkoal|Protect\n|move|p2a: Jirachi|Iron Head|p1b: Torkoal\n|-activate|p1b: Torkoal|move: Protect\n|move|p2b: Tapu Fini|Muddy Water|p1a: Indeedee|[spread] p1a\n|-activate|p1b: Torkoal|move: Protect\n|-damage|p1a: Indeedee|47\/100 par\n|-unboost|p1a: Indeedee|accuracy|1\n|cant|p1a: Indeedee|par\n|\n|-heal|p2a: Jirachi|59\/100|[from] item: Leftovers\n|-heal|p2b: Tapu Fini|28\/100|[from] item: Leftovers\n|upkeep\n|turn|17\n|\n|t:|1699099113\n|switch|p1b: Iron Hands|Iron Hands|15\/100\n|move|p2a: Jirachi|Iron Head|p1b: Iron Hands\n|-resisted|p1b: Iron Hands\n|-damage|p1b: Iron Hands|7\/100\n|move|p2b: Tapu Fini|Muddy Water|p1b: Iron Hands|[spread] p1a\n|-miss|p2b: Tapu Fini|p1b: Iron Hands\n|-damage|p1a: Indeedee|26\/100 par\n|move|p1a: Indeedee|Trick Room|p1a: Indeedee\n|-fieldstart|move: Trick Room|[of] p1a: Indeedee\n|\n|-heal|p2b: Tapu Fini|34\/100|[from] item: Leftovers\n|-heal|p2a: Jirachi|65\/100|[from] item: Leftovers\n|-fieldend|Misty Terrain\n|upkeep\n|turn|18\n|\n|t:|1699099129\n|move|p1b: Iron Hands|Fake Out|p2a: Jirachi\n|-damage|p2a: Jirachi|62\/100\n|cant|p2a: Jirachi|flinch\n|move|p1a: Indeedee|Expanding Force|p2b: Tapu Fini|[miss]\n|-miss|p1a: Indeedee|p2b: Tapu Fini\n|move|p2b: Tapu Fini|Calm Mind|p2b: Tapu Fini\n|-boost|p2b: Tapu Fini|spa|1\n|-boost|p2b: Tapu Fini|spd|1\n|\n|-heal|p2b: Tapu Fini|40\/100|[from] item: Leftovers\n|-heal|p2a: Jirachi|69\/100|[from] item: Leftovers\n|upkeep\n|turn|19\n|\n|t:|1699099149\n|switch|p1a: Parasect|Parasect, F|100\/100\n|-end|p1b: Iron Hands|Quark Drive|[silent]\n|switch|p1b: Torkoal|Torkoal, M, tera:Fire|80\/100\n|-weather|SunnyDay|[from] ability: Drought|[of] p1b: Torkoal\n|move|p2a: Jirachi|Follow Me|p2a: Jirachi\n|-singleturn|p2a: Jirachi|move: Follow Me\n|move|p2b: Tapu Fini|Calm Mind|p2b: Tapu Fini\n|-boost|p2b: Tapu Fini|spa|1\n|-boost|p2b: Tapu Fini|spd|1\n|\n|-weather|SunnyDay|[upkeep]\n|-heal|p2b: Tapu Fini|46\/100|[from] item: Leftovers\n|-heal|p2a: Jirachi|75\/100|[from] item: Leftovers\n|upkeep\n|turn|20\n|\n|t:|1699099167\n|move|p2a: Jirachi|Follow Me|p2a: Jirachi\n|-singleturn|p2a: Jirachi|move: Follow Me\n|move|p1b: Torkoal|Eruption|p2a: Jirachi|[spread] p2a,p2b\n|-resisted|p2b: Tapu Fini\n|-damage|p2a: Jirachi|58\/100\n|-damage|p2b: Tapu Fini|32\/100\n|move|p1a: Parasect|Spore|p2a: Jirachi\n|-status|p2a: Jirachi|slp|[from] move: Spore\n|move|p2b: Tapu Fini|Muddy Water|p1b: Torkoal|[spread] p1a\n|-miss|p2b: Tapu Fini|p1b: Torkoal\n|-resisted|p1a: Parasect\n|-damage|p1a: Parasect|87\/100\n|\n|-weather|SunnyDay|[upkeep]\n|-heal|p1a: Parasect|94\/100|[from] item: Leftovers\n|-heal|p2b: Tapu Fini|38\/100|[from] item: Leftovers\n|-heal|p2a: Jirachi|65\/100 slp|[from] item: Leftovers\n|upkeep\n|turn|21\n|\n|t:|1699099188\n|move|p2b: Tapu Fini|Protect|p2b: Tapu Fini\n|-singleturn|p2b: Tapu Fini|Protect\n|cant|p2a: Jirachi|slp\n|move|p1b: Torkoal|Eruption|p2b: Tapu Fini|[spread] p2a\n|-activate|p2b: Tapu Fini|move: Protect\n|-damage|p2a: Jirachi|48\/100 slp\n|move|p1a: Parasect|Spore|p2b: Tapu Fini\n|-activate|p2b: Tapu Fini|move: Protect\n|\n|-weather|SunnyDay|[upkeep]\n|-heal|p1a: Parasect|99\/100|[from] item: Leftovers\n|-heal|p2b: Tapu Fini|44\/100|[from] item: Leftovers\n|-heal|p2a: Jirachi|54\/100 slp|[from] item: Leftovers\n|-fieldend|move: Trick Room\n|upkeep\n|turn|22\n|\n|t:|1699099202\n|switch|p1b: Iron Hands|Iron Hands|7\/100\n|-curestatus|p2a: Jirachi|slp|[msg]\n|move|p2a: Jirachi|Iron Head|p1a: Parasect\n|-damage|p1a: Parasect|62\/100\n|move|p2b: Tapu Fini|Draining Kiss|p1a: Parasect\n|-damage|p1a: Parasect|24\/100\n|-heal|p2b: Tapu Fini|70\/100|[from] drain|[of] p1a: Parasect\n|-status|p2b: Tapu Fini|slp|[from] ability: Effect Spore|[of] p1a: Parasect\n|cant|p1a: Parasect|flinch\n|\n|-weather|SunnyDay|[upkeep]\n|-heal|p2a: Jirachi|60\/100|[from] item: Leftovers\n|-heal|p2b: Tapu Fini|76\/100 slp|[from] item: Leftovers\n|-heal|p1a: Parasect|31\/100|[from] item: Leftovers\n|upkeep\n|turn|23\n|\n|t:|1699099217\n|move|p1b: Iron Hands|Fake Out|p2a: Jirachi\n|-damage|p2a: Jirachi|57\/100\n|cant|p2a: Jirachi|flinch\n|cant|p2b: Tapu Fini|slp\n|move|p1a: Parasect|Spore|p2a: Jirachi\n|-status|p2a: Jirachi|slp|[from] move: Spore\n|\n|-weather|none\n|-heal|p2a: Jirachi|64\/100 slp|[from] item: Leftovers\n|-heal|p2b: Tapu Fini|82\/100 slp|[from] item: Leftovers\n|-heal|p1a: Parasect|37\/100|[from] item: Leftovers\n|upkeep\n|turn|24\n|\n|t:|1699099230\n|cant|p2a: Jirachi|slp\n|-curestatus|p2b: Tapu Fini|slp|[msg]\n|move|p2b: Tapu Fini|Muddy Water|p1a: Parasect|[spread] p1a,p1b\n|-resisted|p1a: Parasect\n|-damage|p1a: Parasect|12\/100\n|-damage|p1b: Iron Hands|0 fnt\n|-unboost|p1a: Parasect|accuracy|1\n|faint|p1b: Iron Hands\n|-end|p1b: Iron Hands|Quark Drive|[silent]\n|move|p1a: Parasect|Synthesis|p1a: Parasect\n|-heal|p1a: Parasect|62\/100\n|\n|-heal|p2a: Jirachi|70\/100 slp|[from] item: Leftovers\n|-heal|p2b: Tapu Fini|89\/100|[from] item: Leftovers\n|-heal|p1a: Parasect|68\/100|[from] item: Leftovers\n|upkeep\n|\n|t:|1699099241\n|switch|p1b: Indeedee|Indeedee-F, F|26\/100 par\n|-fieldstart|move: Psychic Terrain|[from] ability: Psychic Surge|[of] p1b: Indeedee\n|turn|25\n|\n|t:|1699099245\n|move|p1a: Parasect|Rage Powder|p1a: Parasect\n|-singleturn|p1a: Parasect|move: Rage Powder\n|-curestatus|p2a: Jirachi|slp|[msg]\n|move|p2a: Jirachi|Iron Head|p1a: Parasect\n|-damage|p1a: Parasect|35\/100\n|move|p2b: Tapu Fini|Draining Kiss|p1a: Parasect\n|-damage|p1a: Parasect|0 fnt\n|-heal|p2b: Tapu Fini|100\/100|[from] drain|[of] p1a: Parasect\n|-status|p2b: Tapu Fini|par|[from] ability: Effect Spore|[of] p1a: Parasect\n|faint|p1a: Parasect\n|move|p1b: Indeedee|Trick Room|p1b: Indeedee\n|-fieldstart|move: Trick Room|[of] p1b: Indeedee\n|\n|-heal|p2a: Jirachi|76\/100|[from] item: Leftovers\n|upkeep\n|\n|t:|1699099254\n|switch|p1a: Torkoal|Torkoal, M, tera:Fire|80\/100\n|-weather|SunnyDay|[from] ability: Drought|[of] p1a: Torkoal\n|turn|26\n|\n|t:|1699099258\n|move|p1b: Indeedee|Helping Hand|p1a: Torkoal\n|-singleturn|p1a: Torkoal|Helping Hand|[of] p1b: Indeedee\n|move|p2a: Jirachi|Protect|p2a: Jirachi\n|-singleturn|p2a: Jirachi|Protect\n|move|p1a: Torkoal|Eruption|p2a: Jirachi|[spread] p2b\n|-activate|p2a: Jirachi|move: Protect\n|-resisted|p2b: Tapu Fini\n|-damage|p2b: Tapu Fini|77\/100 par\n|cant|p2b: Tapu Fini|par\n|\n|-weather|SunnyDay|[upkeep]\n|-heal|p2b: Tapu Fini|83\/100 par|[from] item: Leftovers\n|-heal|p2a: Jirachi|82\/100|[from] item: Leftovers\n|upkeep\n|turn|27\n|\n|t:|1699099264\n|move|p1b: Indeedee|Helping Hand|p1a: Torkoal\n|-singleturn|p1a: Torkoal|Helping Hand|[of] p1b: Indeedee\n|move|p1a: Torkoal|Eruption|p2a: Jirachi|[spread] p2a,p2b\n|-resisted|p2b: Tapu Fini\n|-damage|p2a: Jirachi|54\/100\n|-damage|p2b: Tapu Fini|62\/100 par\n|cant|p2b: Tapu Fini|par\n|move|p2a: Jirachi|Iron Head|p1a: Torkoal\n|-resisted|p1a: Torkoal\n|-damage|p1a: Torkoal|70\/100\n|\n|-weather|SunnyDay|[upkeep]\n|-heal|p2b: Tapu Fini|69\/100 par|[from] item: Leftovers\n|-heal|p2a: Jirachi|61\/100|[from] item: Leftovers\n|upkeep\n|turn|28\n|-message|KnighZeus forfeited.\n|\n|win|kitsu-aria\n|raw|KnighZeus's rating: 1383 &rarr; <strong>1376<\/strong><br \/>(-7 for losing)\n|raw|kitsu-aria's rating: 1644 &rarr; <strong>1651<\/strong><br \/>(+7 for winning)\n|l|\u2606KnighZeus\n","uploadtime":1699099282,"views":23,"p1id":"knighzeus","p2id":"kitsuaria","formatid":"gen9nationaldexdoubles","rating":1376,"private":0,"password":""}