{"id":"gen9nationaldexdoubles-1948799703","p1":"Victor CR14","p2":"kyjin42","format":"[Gen 9] National Dex Doubles","log":"|j|\u2606Victor CR14\n|j|\u2606kyjin42\n|t:|1695303814\n|gametype|doubles\n|player|p1|Victor CR14|steven|1000\n|player|p2|kyjin42|2|1052\n|teamsize|p1|6\n|teamsize|p2|6\n|gen|9\n|tier|[Gen 9] National Dex Doubles\n|rated|\n|rule|HP Percentage Mod: HP is shown in percentages\n|rule|Endless Battle Clause: Forcing endless battles is banned\n|rule|OHKO Clause: OHKO moves are banned\n|rule|Evasion Moves Clause: Evasion moves are banned\n|rule|Evasion Abilities Clause: Evasion abilities are banned\n|rule|Species Clause: Limit one of each Pok\u00e9mon\n|rule|Gravity Sleep Clause: The combination of sleep-inducing moves with imperfect accuracy and Gravity or Gigantamax Orbeetle are banned\n|clearpoke\n|poke|p1|Gliscor, F|\n|poke|p1|Ludicolo, M|\n|poke|p1|Clefable, F|\n|poke|p1|Goodra-Hisui, F|\n|poke|p1|Torkoal, M|\n|poke|p1|Flutter Mane|\n|poke|p2|Raichu, M|\n|poke|p2|Corviknight, M|\n|poke|p2|Dragonite, M|\n|poke|p2|Keldeo-Resolute|\n|poke|p2|Breloom, M|\n|poke|p2|Lycanroc-Dusk, M|\n|teampreview\n|inactive|Battle timer is ON: inactive players will automatically lose when time's up. (requested by Victor CR14)\n|\n|t:|1695303824\n|start\n|switch|p1a: Ludicolo|Ludicolo, M|100\/100\n|switch|p1b: Clefable|Clefable, F|100\/100\n|switch|p2a: Raichu|Raichu, M, shiny|100\/100\n|switch|p2b: Breloom|Breloom, M, shiny|100\/100\n|turn|1\n|\n|t:|1695303843\n|move|p2a: Raichu|Fake Out|p1b: Clefable\n|-damage|p1b: Clefable|90\/100\n|-damage|p2a: Raichu|91\/100|[from] item: Life Orb\n|move|p1a: Ludicolo|Fake Out|p2b: Breloom\n|-damage|p2b: Breloom|91\/100\n|cant|p2b: Breloom|flinch\n|cant|p1b: Clefable|flinch\n|\n|upkeep\n|turn|2\n|\n|t:|1695303861\n|move|p2a: Raichu|Iron Tail|p1b: Clefable\n|-supereffective|p1b: Clefable\n|-damage|p1b: Clefable|31\/100\n|-start|p2a: Raichu|Attract|[from] ability: Cute Charm|[of] p1b: Clefable\n|-enditem|p1b: Clefable|Sitrus Berry|[eat]\n|-heal|p1b: Clefable|56\/100|[from] item: Sitrus Berry\n|-damage|p2a: Raichu|81\/100|[from] item: Life Orb\n|move|p1a: Ludicolo|Blizzard|p2a: Raichu|[spread] p2a\n|-miss|p1a: Ludicolo|p2b: Breloom\n|-damage|p2a: Raichu|41\/100\n|move|p2b: Breloom|Spore|p1b: Clefable\n|-status|p1b: Clefable|slp|[from] move: Spore\n|cant|p1b: Clefable|slp\n|\n|upkeep\n|turn|3\n|\n|t:|1695303884\n|-activate|p2a: Raichu|move: Attract|[of] p1b: Clefable\n|cant|p2a: Raichu|Attract\n|move|p1a: Ludicolo|Blizzard|p2a: Raichu|[spread] p2a,p2b\n|-supereffective|p2b: Breloom\n|-damage|p2a: Raichu|2\/100\n|-damage|p2b: Breloom|13\/100\n|move|p2b: Breloom|Spore|p1a: Ludicolo\n|-immune|p1a: Ludicolo\n|cant|p1b: Clefable|slp\n|\n|upkeep\n|turn|4\n|\n|t:|1695303906\n|move|p2b: Breloom|Mach Punch|p1a: Ludicolo\n|-damage|p1a: Ludicolo|48\/100\n|-activate|p2a: Raichu|move: Attract|[of] p1b: Clefable\n|move|p2a: Raichu|Volt Tackle|p1a: Ludicolo\n|-damage|p1a: Ludicolo|0 fnt\n|faint|p1a: Ludicolo\n|-damage|p2a: Raichu|0 fnt|[from] Recoil\n|faint|p2a: Raichu\n|-curestatus|p1b: Clefable|slp|[msg]\n|move|p1b: Clefable|Light Screen|p1b: Clefable\n|-sidestart|p1: Victor CR14|move: Light Screen\n|\n|upkeep\n|\n|t:|1695303922\n|switch|p2a: Corviknight|Corviknight, M, shiny|100\/100\n|switch|p1a: Torkoal|Torkoal, M|100\/100\n|-weather|SunnyDay|[from] ability: Drought|[of] p1a: Torkoal\n|turn|5\n|\n|t:|1695303940\n|switch|p2a: Dragonite|Dragonite, M, shiny|100\/100\n|move|p2b: Breloom|Spore|p1a: Torkoal\n|-status|p1a: Torkoal|slp|[from] move: Spore\n|move|p1b: Clefable|Calm Mind|p1b: Clefable\n|-boost|p1b: Clefable|spa|1\n|-boost|p1b: Clefable|spd|1\n|cant|p1a: Torkoal|slp\n|\n|-weather|SunnyDay|[upkeep]\n|upkeep\n|turn|6\n|\n|t:|1695303957\n|move|p2a: Dragonite|Extreme Speed|p1b: Clefable\n|-damage|p1b: Clefable|33\/100\n|move|p2b: Breloom|Swords Dance|p2b: Breloom\n|-boost|p2b: Breloom|atk|2\n|move|p1b: Clefable|Baton Pass|p1b: Clefable\n|\n|t:|1695303962\n|switch|p1b: Flutter Mane|Flutter Mane, shiny|100\/100|[from] Baton Pass\n|-activate|p1b: Flutter Mane|ability: Protosynthesis\n|-start|p1b: Flutter Mane|protosynthesisspa\n|cant|p1a: Torkoal|slp\n|\n|-weather|SunnyDay|[upkeep]\n|upkeep\n|turn|7\n|\n|t:|1695303985\n|switch|p2b: Corviknight|Corviknight, M, shiny|100\/100\n|move|p1b: Flutter Mane|Dazzling Gleam|p2b: Corviknight|[spread] p2a,p2b\n|-supereffective|p2a: Dragonite\n|-resisted|p2b: Corviknight\n|-damage|p2a: Dragonite|42\/100\n|-damage|p2b: Corviknight|70\/100\n|-enditem|p2a: Dragonite|Weakness Policy\n|-boost|p2a: Dragonite|atk|2|[from] item: Weakness Policy\n|-boost|p2a: Dragonite|spa|2|[from] item: Weakness Policy\n|move|p2a: Dragonite|Earthquake|p1b: Flutter Mane|[spread] p1a,p1b\n|-immune|p2b: Corviknight\n|-supereffective|p1a: Torkoal\n|-damage|p1a: Torkoal|8\/100 slp\n|-damage|p1b: Flutter Mane|0 fnt\n|faint|p1b: Flutter Mane\n|-end|p1b: Flutter Mane|Protosynthesis|[silent]\n|-curestatus|p1a: Torkoal|slp|[msg]\n|move|p1a: Torkoal|Heat Wave|p2b: Corviknight|[spread] p2a,p2b\n|-resisted|p2a: Dragonite\n|-supereffective|p2b: Corviknight\n|-damage|p2a: Dragonite|27\/100\n|-damage|p2b: Corviknight|5\/100\n|\n|-weather|SunnyDay|[upkeep]\n|-heal|p1a: Torkoal|14\/100|[from] item: Leftovers\n|upkeep\n|\n|t:|1695303993\n|switch|p1b: Gliscor|Gliscor, F|100\/100\n|turn|8\n|\n|t:|1695304015\n|move|p1b: Gliscor|Dig||[still]\n|-prepare|p1b: Gliscor|Dig\n|move|p2a: Dragonite|Earthquake|p1a: Torkoal|[spread] p1a\n|-immune|p2b: Corviknight\n|-immune|p1b: Gliscor\n|-supereffective|p1a: Torkoal\n|-damage|p1a: Torkoal|0 fnt\n|faint|p1a: Torkoal\n|move|p2b: Corviknight|Iron Defense|p2b: Corviknight\n|-boost|p2b: Corviknight|def|2\n|\n|-weather|SunnyDay|[upkeep]\n|-sideend|p1: Victor CR14|move: Light Screen\n|-status|p1b: Gliscor|tox|[from] item: Toxic Orb\n|upkeep\n|\n|t:|1695304024\n|switch|p1a: Goodra|Goodra-Hisui, F|100\/100\n|turn|9\n|\n|t:|1695304051\n|switch|p2b: Keldeo|Keldeo-Resolute|100\/100\n|move|p1b: Gliscor|Dig|p2a: Dragonite|[from]lockedmove\n|-immune|p2a: Dragonite\n|move|p2a: Dragonite|Draco Meteor|p1a: Goodra\n|-damage|p1a: Goodra|49\/100\n|-unboost|p2a: Dragonite|spa|2\n|move|p1a: Goodra|Dragon Pulse|p2a: Dragonite\n|-supereffective|p2a: Dragonite\n|-damage|p2a: Dragonite|0 fnt\n|faint|p2a: Dragonite\n|\n|-weather|none\n|-heal|p1a: Goodra|55\/100|[from] item: Leftovers\n|upkeep\n|inactive|kyjin42 has 120 seconds left.\n|\n|t:|1695304072\n|switch|p2a: Lycanroc|Lycanroc-Dusk, M, shiny|100\/100\n|turn|10\n|inactive|kyjin42 has 120 seconds left.\n|inactive|Victor CR14 has 120 seconds left.\n|inactive|Victor CR14 has 90 seconds left.\n|\n|t:|1695304146\n|move|p2a: Lycanroc|Accelerock|p1b: Gliscor\n|-damage|p1b: Gliscor|71\/100 tox\n|-damage|p2a: Lycanroc|91\/100|[from] item: Life Orb\n|move|p2b: Keldeo|Secret Sword|p1b: Gliscor\n|-resisted|p1b: Gliscor\n|-damage|p1b: Gliscor|50\/100 tox\n|move|p1b: Gliscor|Dig||[still]\n|-prepare|p1b: Gliscor|Dig\n|move|p1a: Goodra|Body Press|p2a: Lycanroc\n|-supereffective|p2a: Lycanroc\n|-damage|p2a: Lycanroc|18\/100\n|\n|-heal|p1a: Goodra|61\/100|[from] item: Leftovers\n|-heal|p1b: Gliscor|62\/100 tox|[from] ability: Poison Heal\n|upkeep\n|turn|11\n|inactive|kyjin42 has 120 seconds left.\n|\n|t:|1695304183\n|move|p2a: Lycanroc|Earth Power|p1a: Goodra\n|-supereffective|p1a: Goodra\n|-damage|p1a: Goodra|42\/100\n|-damage|p2a: Lycanroc|8\/100|[from] item: Life Orb\n|move|p2b: Keldeo|Hydro Pump|p1b: Gliscor|[miss]\n|-miss|p2b: Keldeo|p1b: Gliscor\n|move|p1b: Gliscor|Dig|p2b: Keldeo|[from]lockedmove\n|-damage|p2b: Keldeo|60\/100\n|move|p1a: Goodra|Acid Armor|p1a: Goodra\n|-boost|p1a: Goodra|def|2\n|\n|-heal|p1a: Goodra|48\/100|[from] item: Leftovers\n|-heal|p1b: Gliscor|74\/100 tox|[from] ability: Poison Heal\n|upkeep\n|turn|12\n|inactive|Victor CR14 has 120 seconds left.\n|inactive|kyjin42 has 120 seconds left.\n|\n|t:|1695304209\n|move|p2a: Lycanroc|Earth Power|p1a: Goodra\n|-supereffective|p1a: Goodra\n|-damage|p1a: Goodra|28\/100\n|-damage|p2a: Lycanroc|0 fnt|[from] item: Life Orb\n|faint|p2a: Lycanroc\n|move|p2b: Keldeo|Hydro Pump|p1b: Gliscor\n|-supereffective|p1b: Gliscor\n|-damage|p1b: Gliscor|0 fnt\n|faint|p1b: Gliscor\n|move|p1a: Goodra|Body Press|p2b: Keldeo\n|-damage|p2b: Keldeo|9\/100\n|\n|-heal|p1a: Goodra|34\/100|[from] item: Leftovers\n|upkeep\n|inactive|kyjin42 has 120 seconds left.\n|\n|t:|1695304224\n|switch|p2a: Breloom|Breloom, M, shiny|13\/100\n|switch|p1b: Clefable|Clefable, F|33\/100\n|turn|13\n|\n|t:|1695304239\n|move|p2a: Breloom|Mach Punch|p1a: Goodra\n|-supereffective|p1a: Goodra\n|-damage|p1a: Goodra|4\/100\n|move|p2b: Keldeo|Hydro Pump|p1b: Clefable\n|-damage|p1b: Clefable|0 fnt\n|faint|p1b: Clefable\n|move|p1a: Goodra|Body Press|p2b: Keldeo\n|-damage|p2b: Keldeo|0 fnt\n|faint|p2b: Keldeo\n|\n|-heal|p1a: Goodra|10\/100|[from] item: Leftovers\n|upkeep\n|\n|t:|1695304253\n|switch|p2b: Corviknight|Corviknight, M, shiny|5\/100\n|turn|14\n|\n|t:|1695304260\n|move|p2a: Breloom|Mach Punch|p1a: Goodra\n|-supereffective|p1a: Goodra\n|-damage|p1a: Goodra|0 fnt\n|faint|p1a: Goodra\n|\n|win|kyjin42\n|raw|Victor CR14's rating: 1000 &rarr; <strong>1000<\/strong><br \/>(+0 for losing)\n|raw|kyjin42's rating: 1052 &rarr; <strong>1079<\/strong><br \/>(+27 for winning)\n","uploadtime":1695304271,"views":6,"p1id":"victorcr14","p2id":"kyjin42","formatid":"gen9nationaldexdoubles","rating":1000,"private":0,"password":""}