{"id":"gen9nationaldexdoubles-1962649201","p1":"Chad Tankers","p2":"music and apple","format":"[Gen 9] National Dex Doubles","log":"|j|\u2606Chad Tankers\n|j|\u2606music and apple\n|t:|1696778606\n|gametype|doubles\n|player|p1|Chad Tankers|burglar|1406\n|player|p2|music and apple|iris-gen5bw2|1361\n|teamsize|p1|6\n|teamsize|p2|6\n|gen|9\n|tier|[Gen 9] National Dex Doubles\n|rated|\n|rule|HP Percentage Mod: HP is shown in percentages\n|rule|Endless Battle Clause: Forcing endless battles is banned\n|rule|OHKO Clause: OHKO moves are banned\n|rule|Evasion Moves Clause: Evasion moves are banned\n|rule|Evasion Abilities Clause: Evasion abilities are banned\n|rule|Species Clause: Limit one of each Pok\u00e9mon\n|rule|Gravity Sleep Clause: The combination of sleep-inducing moves with imperfect accuracy and Gravity or Gigantamax Orbeetle are banned\n|clearpoke\n|poke|p1|Tapu Lele|\n|poke|p1|Alakazam, M|\n|poke|p1|Zygarde|\n|poke|p1|Chi-Yu|\n|poke|p1|Zapdos|\n|poke|p1|Urshifu-*, F|\n|poke|p2|Oranguru, M|\n|poke|p2|Cresselia, F|\n|poke|p2|Torkoal, F|\n|poke|p2|Heatran, M|\n|poke|p2|Iron Hands|\n|poke|p2|Brute Bonnet|\n|teampreview\n|inactive|Battle timer is ON: inactive players will automatically lose when time's up. (requested by Chad Tankers)\n|\n|t:|1696778624\n|start\n|switch|p1a: Tapu Lele|Tapu Lele|100\/100\n|switch|p1b: Alakazam|Alakazam, M|100\/100\n|switch|p2a: Oranguru|Oranguru, M|100\/100\n|switch|p2b: Heatran|Heatran, M|100\/100\n|-fieldstart|move: Psychic Terrain|[from] ability: Psychic Surge|[of] p1a: Tapu Lele\n|turn|1\n|inactive|Chad Tankers has 120 seconds left.\n|\n|t:|1696778657\n|switch|p1a: Zygarde|Zygarde|100\/100\n|-ability|p1a: Zygarde|Aura Break\n|detailschange|p1b: Alakazam|Alakazam-Mega, M\n|-mega|p1b: Alakazam|Alakazam|Alakazite\n|-ability|p1b: Alakazam|Flash Fire|[from] ability: Trace|[of] p2b: Heatran\n|move|p1b: Alakazam|Nasty Plot|p1b: Alakazam\n|-boost|p1b: Alakazam|spa|2\n|move|p2b: Heatran|Eruption|p1b: Alakazam|[spread] p1a\n|-start|p1b: Alakazam|ability: Flash Fire\n|-resisted|p1a: Zygarde\n|-damage|p1a: Zygarde|72\/100\n|move|p2a: Oranguru|Trick Room|p2a: Oranguru\n|-fieldstart|move: Trick Room|[of] p2a: Oranguru\n|\n|upkeep\n|turn|2\n|inactive|Chad Tankers has 120 seconds left.\n|inactive|music and apple has 120 seconds left.\n|\n|t:|1696778689\n|-terastallize|p2b: Heatran|Grass\n|move|p2a: Oranguru|Encore|p1b: Alakazam\n|-start|p1b: Alakazam|Encore\n|move|p2b: Heatran|Tera Blast|p1a: Zygarde|[anim] Tera Blast Grass\n|-damage|p1a: Zygarde|34\/100\n|move|p1a: Zygarde|Thousand Arrows|p2a: Oranguru|[spread] p2a,p2b\n|-resisted|p2b: Heatran\n|-damage|p2a: Oranguru|72\/100\n|-damage|p2b: Heatran|88\/100\n|move|p1b: Alakazam|Nasty Plot|p1b: Alakazam\n|-boost|p1b: Alakazam|spa|2\n|\n|-heal|p2b: Heatran|94\/100|[from] item: Leftovers\n|upkeep\n|turn|3\n|\n|t:|1696778709\n|switch|p1a: Zapdos|Zapdos|100\/100\n|-enditem|p1a: Zapdos|Psychic Seed\n|-boost|p1a: Zapdos|spd|1|[from] item: Psychic Seed\n|move|p2a: Oranguru|Instruct|p2b: Heatran\n|-singleturn|p2b: Heatran|move: Instruct|[of] p2a: Oranguru\n|move|p2b: Heatran|Tera Blast|p1a: Zapdos|[anim] Tera Blast Grass\n|-resisted|p1a: Zapdos\n|-damage|p1a: Zapdos|88\/100\n|move|p2b: Heatran|Tera Blast|p1a: Zapdos|[anim] Tera Blast Grass\n|-resisted|p1a: Zapdos\n|-damage|p1a: Zapdos|75\/100\n|move|p1b: Alakazam|Nasty Plot|p1b: Alakazam\n|-boost|p1b: Alakazam|spa|2\n|\n|-heal|p2b: Heatran|100\/100|[from] item: Leftovers\n|upkeep\n|turn|4\n|\n|t:|1696778735\n|move|p2a: Oranguru|Psychic|p1a: Zapdos\n|-damage|p1a: Zapdos|55\/100\n|move|p2b: Heatran|Eruption|p1b: Alakazam|[spread] p1a\n|-immune|p1b: Alakazam|[from] ability: Flash Fire\n|-damage|p1a: Zapdos|19\/100\n|move|p1a: Zapdos|Roost|p1a: Zapdos\n|-heal|p1a: Zapdos|69\/100\n|-singleturn|p1a: Zapdos|move: Roost\n|move|p1b: Alakazam|Nasty Plot|p1b: Alakazam\n|-boost|p1b: Alakazam|spa|0\n|\n|-end|p1b: Alakazam|Encore\n|upkeep\n|turn|5\n|\n|t:|1696778758\n|move|p1b: Alakazam|Protect|p1b: Alakazam\n|-singleturn|p1b: Alakazam|Protect\n|move|p2a: Oranguru|Encore|p1b: Alakazam\n|-activate|p1b: Alakazam|move: Protect\n|move|p2b: Heatran|Earth Power|p1b: Alakazam\n|-activate|p1b: Alakazam|move: Protect\n|move|p1a: Zapdos|Roost|p1a: Zapdos\n|-heal|p1a: Zapdos|100\/100\n|-singleturn|p1a: Zapdos|move: Roost\n|\n|-fieldend|move: Trick Room\n|-fieldend|move: Psychic Terrain\n|upkeep\n|turn|6\n|inactive|Chad Tankers has 120 seconds left.\n|\n|t:|1696778792\n|switch|p1a: Tapu Lele|Tapu Lele|100\/100\n|-fieldstart|move: Psychic Terrain|[from] ability: Psychic Surge|[of] p1a: Tapu Lele\n|move|p1b: Alakazam|Expanding Force|p2a: Oranguru|[spread] p2a,p2b\n|-resisted|p2a: Oranguru\n|-damage|p2a: Oranguru|0 fnt\n|-damage|p2b: Heatran|0 fnt\n|faint|p2a: Oranguru\n|faint|p2b: Heatran\n|\n|upkeep\n|-message|music and apple forfeited.\n|\n|win|Chad Tankers\n|raw|Chad Tankers's rating: 1406 &rarr; <strong>1423<\/strong><br \/>(+17 for winning)\n|raw|music and apple's rating: 1361 &rarr; <strong>1344<\/strong><br \/>(-17 for losing)\n","uploadtime":1696779028,"views":6,"p1id":"chadtankers","p2id":"musicandapple","formatid":"gen9nationaldexdoubles","rating":1344,"private":0,"password":""}