{"id":"gen9nationaldexdoubles-1962209894","p1":"cassinidivision","p2":"parkle","format":"[Gen 9] National Dex Doubles","log":"|j|\u2606cassinidivision\n|j|\u2606parkle\n|t:|1696718293\n|gametype|doubles\n|player|p1|cassinidivision|giacomo|\n|player|p2|parkle|bugcatcher-gen4dp|\n|teamsize|p1|6\n|teamsize|p2|6\n|gen|9\n|tier|[Gen 9] National Dex Doubles\n|rule|HP Percentage Mod: HP is shown in percentages\n|rule|Endless Battle Clause: Forcing endless battles is banned\n|rule|OHKO Clause: OHKO moves are banned\n|rule|Evasion Moves Clause: Evasion moves are banned\n|rule|Evasion Abilities Clause: Evasion abilities are banned\n|rule|Species Clause: Limit one of each Pok\u00e9mon\n|rule|Gravity Sleep Clause: The combination of sleep-inducing moves with imperfect accuracy and Gravity or Gigantamax Orbeetle are banned\n|clearpoke\n|poke|p1|Kingambit, M|\n|poke|p1|Honchkrow, M|\n|poke|p1|Weavile, M|\n|poke|p1|Krookodile, F|\n|poke|p1|Muk-Alola, F|\n|poke|p1|Umbreon, F|\n|poke|p2|Dragonite, F|\n|poke|p2|Salamence, M|\n|poke|p2|Haxorus, M|\n|poke|p2|Drampa, F|\n|poke|p2|Arboliva, F|\n|poke|p2|Plusle, F|\n|teampreview\n|c|\u2606cassinidivision|fear\n|c|\u2606parkle|:3\n|c|\u2606parkle|i think youll be fine really\n|\n|t:|1696718365\n|start\n|switch|p1a: MOONWITCH|Umbreon, F, shiny|100\/100\n|switch|p1b: BIG BIRD|Honchkrow, M|100\/100\n|switch|p2a: Luci|Drampa, F|100\/100\n|switch|p2b: Lillie|Arboliva, F|100\/100\n|turn|1\n|c|\u2606parkle|oh no.\n|\n|t:|1696718402\n|move|p1b: BIG BIRD|Air Slash|p2b: Lillie\n|-supereffective|p2b: Lillie\n|-damage|p2b: Lillie|42\/100\n|-enditem|p2b: Lillie|Sitrus Berry|[eat]\n|-heal|p2b: Lillie|67\/100|[from] item: Sitrus Berry\n|move|p1a: MOONWITCH|Toxic|p2b: Lillie\n|-status|p2b: Lillie|tox\n|move|p2a: Luci|Calm Mind|p2a: Luci\n|-boost|p2a: Luci|spa|1\n|-boost|p2a: Luci|spd|1\n|cant|p2b: Lillie|flinch\n|\n|-damage|p2b: Lillie|61\/100 tox|[from] psn\n|upkeep\n|turn|2\n|j| AutumnCookie\n|c|\u2606parkle|i sense the brave OH THANK GOD\n|c|\u2606parkle|oh no poison\n|c|\u2606cassinidivision|i actually dont run bb\n|c|\u2606parkle|wow fuck lillie i guess.... \/silly\n|\n|t:|1696718440\n|move|p1b: BIG BIRD|Air Slash|p2b: Lillie\n|-supereffective|p2b: Lillie\n|-damage|p2b: Lillie|3\/100 tox\n|move|p1a: MOONWITCH|Toxic|p2a: Luci\n|-status|p2a: Luci|tox\n|move|p2a: Luci|Hyper Voice|p1b: BIG BIRD|[spread] p1a,p1b\n|-damage|p1a: MOONWITCH|71\/100\n|-damage|p1b: BIG BIRD|19\/100\n|cant|p2b: Lillie|flinch\n|\n|-heal|p1b: BIG BIRD|26\/100|[from] item: Leftovers\n|-heal|p1a: MOONWITCH|77\/100|[from] item: Leftovers\n|-damage|p2a: Luci|94\/100 tox|[from] psn\n|-damage|p2b: Lillie|0 fnt|[from] psn\n|faint|p2b: Lillie\n|upkeep\n|c|\u2606parkle|LEAVE HER ALONNEEEE\n|c|\u2606parkle|oh my god the flinch\n|c|\u2606cassinidivision|olive death...\n|c|\u2606parkle|she was gonna leech seed both times too\n|c|\u2606parkle|how could you.. his olive tree..\n|c|\u2606cassinidivision|sorry hawk is sim\n|c|\u2606parkle|fun fact lillie was the first dolliv that ever came back to him once it did its olive pilgrimage\n|c|\u2606cassinidivision|OLIVE WHAT\n|\n|t:|1696718499\n|switch|p2b: Pellie|Plusle, F|100\/100\n|turn|3\n|\n|t:|1696718518\n|move|p1b: BIG BIRD|Sucker Punch|p2a: Luci\n|-damage|p2a: Luci|50\/100 tox\n|-ability|p2a: Luci|Berserk|boost\n|-boost|p2a: Luci|spa|1\n|move|p2b: Pellie|Thunderbolt|p1b: BIG BIRD\n|-supereffective|p1b: BIG BIRD\n|-crit|p1b: BIG BIRD\n|-damage|p1b: BIG BIRD|0 fnt\n|faint|p1b: BIG BIRD\n|-damage|p2b: Pellie|91\/100|[from] item: Life Orb\n|move|p1a: MOONWITCH|Curse|p1a: MOONWITCH\n|-unboost|p1a: MOONWITCH|spe|1\n|-boost|p1a: MOONWITCH|atk|1\n|-boost|p1a: MOONWITCH|def|1\n|move|p2a: Luci|Hyper Voice|p1a: MOONWITCH\n|-damage|p1a: MOONWITCH|19\/100\n|\n|-heal|p2a: Luci|57\/100 tox|[from] item: Leftovers\n|-heal|p1a: MOONWITCH|25\/100|[from] item: Leftovers\n|-damage|p2a: Luci|44\/100 tox|[from] psn\n|upkeep\n|\n|t:|1696718527\n|switch|p1b: PASTRAMI|Krookodile, F|100\/100\n|turn|4\n|c| AutumnCookie|BERSERK IS SUCH A SCARY ABILITY\n|\n|t:|1696718554\n|move|p2b: Pellie|Grass Knot|p1b: PASTRAMI\n|-supereffective|p1b: PASTRAMI\n|-damage|p1b: PASTRAMI|30\/100\n|-damage|p2b: Pellie|81\/100|[from] item: Life Orb\n|move|p1b: PASTRAMI|Bulk Up|p1b: PASTRAMI\n|-boost|p1b: PASTRAMI|atk|1\n|-boost|p1b: PASTRAMI|def|1\n|move|p2a: Luci|Roost|p2a: Luci\n|-heal|p2a: Luci|94\/100 tox\n|-singleturn|p2a: Luci|move: Roost\n|move|p1a: MOONWITCH|Moonlight|p1a: MOONWITCH\n|-heal|p1a: MOONWITCH|75\/100\n|\n|-heal|p2a: Luci|100\/100 tox|[from] item: Leftovers\n|-heal|p1a: MOONWITCH|81\/100|[from] item: Leftovers\n|-damage|p2a: Luci|82\/100 tox|[from] psn\n|upkeep\n|turn|5\n|c|\u2606parkle|i love it so much\n|c|\u2606cassinidivision|literally\n|c|\u2606parkle|especially since this thing has roost on it\n|l| AutumnCookie\n|\n|t:|1696718591\n|move|p2b: Pellie|Nasty Plot|p2b: Pellie\n|-boost|p2b: Pellie|spa|2\n|move|p1b: PASTRAMI|Dragon Claw|p2a: Luci\n|-supereffective|p2a: Luci\n|-damage|p2a: Luci|0 fnt\n|faint|p2a: Luci\n|-ability|p1b: PASTRAMI|Moxie|boost\n|-boost|p1b: PASTRAMI|atk|1\n|-damage|p1b: PASTRAMI|20\/100|[from] item: Life Orb\n|move|p1a: MOONWITCH|Crunch|p2b: Pellie\n|-damage|p2b: Pellie|0 fnt\n|faint|p2b: Pellie\n|\n|-heal|p1a: MOONWITCH|88\/100|[from] item: Leftovers\n|upkeep\n|j| AutumnCookie\n|c|\u2606parkle|the amount of stat boosts in this battle is scary\n|c|\u2606parkle|WHY DOES PASTRAMI HAVE DRAGON CLAW\n|c|\u2606cassinidivision|forgot she had that.\n|c|\u2606parkle|oh my god that thing is terrifying\n|c|\u2606cassinidivision|for this exact reason\n|c|\u2606cassinidivision|i just. forgor\n|\n|t:|1696718642\n|switch|p2b: Silver|Salamence, M|100\/100\n|switch|p2a: Alexander|Haxorus, M|100\/100\n|-ability|p2a: Alexander|Unnerve\n|-ability|p2b: Silver|Intimidate|boost\n|-unboost|p1a: MOONWITCH|atk|1\n|-unboost|p1b: PASTRAMI|atk|1\n|turn|6\n|\n|t:|1696718672\n|move|p2b: Silver|Flamethrower|p1b: PASTRAMI\n|-damage|p1b: PASTRAMI|0 fnt\n|faint|p1b: PASTRAMI\n|move|p2a: Alexander|Close Combat|p1a: MOONWITCH\n|-supereffective|p1a: MOONWITCH\n|-damage|p1a: MOONWITCH|39\/100\n|-unboost|p2a: Alexander|def|1\n|-unboost|p2a: Alexander|spd|1\n|move|p1a: MOONWITCH|Curse|p1a: MOONWITCH\n|-unboost|p1a: MOONWITCH|spe|1\n|-boost|p1a: MOONWITCH|atk|1\n|-boost|p1a: MOONWITCH|def|1\n|\n|-heal|p1a: MOONWITCH|45\/100|[from] item: Leftovers\n|upkeep\n|\n|t:|1696718680\n|switch|p1b: SLASHER|Weavile, M|100\/100\n|turn|7\n|c|\u2606parkle|oh my god that defence\n|c| AutumnCookie|YEAH MOONWITCH IS AWFUL.\n|c|\u2606cassinidivision|actually shes awesom e\n|c| AutumnCookie|THAT'S WHAT GOT RED. HE COULDN'T TAKE THAT DAMN THING OUT\n|\n|t:|1696718720\n|move|p1b: SLASHER|Fake Out|p2b: Silver\n|-damage|p2b: Silver|85\/100\n|cant|p2b: Silver|flinch\n|move|p2a: Alexander|Earthquake|p1b: SLASHER|[spread] p1a,p1b\n|-immune|p2b: Silver\n|-damage|p1a: MOONWITCH|35\/100\n|-damage|p1b: SLASHER|50\/100\n|move|p1a: MOONWITCH|Moonlight|p1a: MOONWITCH\n|-heal|p1a: MOONWITCH|85\/100\n|\n|-heal|p1a: MOONWITCH|91\/100|[from] item: Leftovers\n|upkeep\n|turn|8\n|c|\u2606cassinidivision|:)\n|c|\u2606parkle|oh you fuck\n|c|\u2606parkle|GODDD\n|c|\u2606parkle|is this how fighting lillie usually feels\n|c| AutumnCookie|YES.\n|c|\u2606parkle|HDSFG\n|c| AutumnCookie|Well Lillie isn't THIS bad\n|c| AutumnCookie|Lillie at least doesn't boost her defense insanely like this\n|c|\u2606cassinidivision|i think a troll mon really suits gia\n|c| AutumnCookie|YEAH\n|\n|t:|1696718800\n|move|p1b: SLASHER|Icicle Crash|p2b: Silver\n|-supereffective|p2b: Silver\n|-damage|p2b: Silver|0 fnt\n|faint|p2b: Silver\n|move|p2a: Alexander|Earthquake|p1a: MOONWITCH|[spread] p1a,p1b\n|-damage|p1a: MOONWITCH|80\/100\n|-damage|p1b: SLASHER|3\/100\n|move|p1a: MOONWITCH|Curse|p1a: MOONWITCH\n|-unboost|p1a: MOONWITCH|spe|1\n|-boost|p1a: MOONWITCH|atk|1\n|-boost|p1a: MOONWITCH|def|1\n|\n|-heal|p1a: MOONWITCH|87\/100|[from] item: Leftovers\n|upkeep\n|c|\u2606parkle|oh whore\n|c| AutumnCookie|Penny gave him that Umbreon and was just like \"okay can you help me make her absolutely awful\" and Penny was just \"aight bet\"\n|c|\u2606parkle|3 PERCENT\n|c|\u2606parkle|MY ASS\n|\n|t:|1696718811\n|switch|p2b: Haneul|Dragonite, F|100\/100\n|turn|9\n|\n|t:|1696718825\n|move|p2b: Haneul|Extreme Speed|p1b: SLASHER\n|-damage|p1b: SLASHER|0 fnt\n|faint|p1b: SLASHER\n|move|p2a: Alexander|Close Combat|p1a: MOONWITCH\n|-supereffective|p1a: MOONWITCH\n|-damage|p1a: MOONWITCH|59\/100\n|-unboost|p2a: Alexander|def|1\n|-unboost|p2a: Alexander|spd|1\n|move|p1a: MOONWITCH|Toxic|p2a: Alexander\n|-status|p2a: Alexander|tox\n|\n|-heal|p1a: MOONWITCH|65\/100|[from] item: Leftovers\n|-damage|p2a: Alexander|94\/100 tox|[from] psn\n|upkeep\n|\n|t:|1696718836\n|switch|p1b: SAUCE|Muk-Alola, F|100\/100\n|turn|10\n|c| AutumnCookie|What is the actual number for Moonwitch's defense rn out of curiosity\n|c|\u2606cassinidivision|640\n|c|\u2606parkle|FUCK ME\n|c| AutumnCookie|AWFUL\n|c| AutumnCookie|Special moves are the only way to kill her but you gotta pray you OHKO or else she'll just use Moonlight\n|\n|t:|1696718886\n|move|p2b: Haneul|Extreme Speed|p1a: MOONWITCH\n|-damage|p1a: MOONWITCH|55\/100\n|move|p2a: Alexander|Earthquake|p1b: SAUCE|[spread] p1a,p1b\n|-immune|p2b: Haneul\n|-supereffective|p1b: SAUCE\n|-damage|p1a: MOONWITCH|45\/100\n|-damage|p1b: SAUCE|45\/100\n|move|p1b: SAUCE|Substitute|p1b: SAUCE\n|-start|p1b: SAUCE|Substitute\n|-damage|p1b: SAUCE|20\/100\n|move|p1a: MOONWITCH|Moonlight|p1a: MOONWITCH\n|-heal|p1a: MOONWITCH|95\/100\n|\n|-heal|p1b: SAUCE|26\/100|[from] item: Leftovers\n|-heal|p1a: MOONWITCH|100\/100|[from] item: Leftovers\n|-damage|p2a: Alexander|82\/100 tox|[from] psn\n|upkeep\n|turn|11\n|c|\u2606parkle|genuinely nothing i can do to win here\n|c|\u2606cassinidivision|sauce is dead\n|c|\u2606cassinidivision|forgot abt earthquake\n|c|\u2606cassinidivision|poor sauce\n|c| AutumnCookie|YEAH CAUSE NO MATTER WHAT THERE'S STILL THE HORRIBLE KINGAMBIT\n|c|\u2606parkle|with like 4 fallen on it MINIMUM\n|c|\u2606parkle|does it have kowtow kleave\n|c| AutumnCookie|YEAH.\n|\n|t:|1696718954\n|move|p2a: Alexander|Earthquake|p1b: SAUCE|[spread] p1a,p1b\n|-immune|p2b: Haneul\n|-supereffective|p1b: SAUCE\n|-end|p1b: SAUCE|Substitute\n|-damage|p1a: MOONWITCH|91\/100\n|move|p2b: Haneul|Outrage|p1b: SAUCE\n|-damage|p1b: SAUCE|0 fnt\n|faint|p1b: SAUCE\n|move|p1a: MOONWITCH|Toxic|p2b: Haneul\n|-status|p2b: Haneul|tox\n|\n|-heal|p1a: MOONWITCH|97\/100|[from] item: Leftovers\n|-damage|p2a: Alexander|64\/100 tox|[from] psn\n|-damage|p2b: Haneul|94\/100 tox|[from] psn\n|upkeep\n|c|\u2606cassinidivision|:teehee:\n|c|\u2606parkle|why couldnt i\n|c|\u2606parkle|pick\n|\n|t:|1696718966\n|switch|p1b: BOZZMAN|Kingambit, M|100\/100\n|-activate|p1b: BOZZMAN|ability: Supreme Overlord\n|-start|p1b: BOZZMAN|fallen4|[silent]\n|turn|12\n|c|\u2606parkle|who it used outrage on\n|\n|t:|1696718989\n|move|p1b: BOZZMAN|Sucker Punch|p2a: Alexander\n|-damage|p2a: Alexander|0 fnt\n|faint|p2a: Alexander\n|move|p2b: Haneul|Outrage|p1b: BOZZMAN|[from]lockedmove\n|-resisted|p1b: BOZZMAN\n|-damage|p1b: BOZZMAN|75\/100\n|-start|p2b: Haneul|confusion|[fatigue]\n|move|p1a: MOONWITCH|Curse|p1a: MOONWITCH\n|-unboost|p1a: MOONWITCH|spe|1\n|-boost|p1a: MOONWITCH|atk|1\n|-boost|p1a: MOONWITCH|def|1\n|\n|-heal|p1a: MOONWITCH|100\/100|[from] item: Leftovers\n|-damage|p2b: Haneul|82\/100 tox|[from] psn\n|upkeep\n|turn|13\n|c| AutumnCookie|I gotta make Penny's team because as demonstrated here Eeveelutions can actually be MENACES\n|c|\u2606parkle|this move either kills me or does at least 50 on moonwitch\n|c|\u2606cassinidivision|i turned the canonically weakest member into This\n|c|\u2606parkle|place your bets now\n|\n|t:|1696719043\n|move|p1b: BOZZMAN|Sucker Punch|p2b: Haneul\n|-damage|p2b: Haneul|18\/100 tox\n|-activate|p2b: Haneul|confusion\n|-zpower|p2b: Haneul\n|move|p2b: Haneul|Devastating Drake|p1a: MOONWITCH|[zeffect]\n|-damage|p1a: MOONWITCH|69\/100\n|move|p1a: MOONWITCH|Crunch|p2b: Haneul\n|-damage|p2b: Haneul|0 fnt\n|faint|p2b: Haneul\n|\n|win|cassinidivision\n|c|\u2606parkle|that was Not 50\n|c| AutumnCookie|ONLY 31\n|c|\u2606cassinidivision|768 def\n|c|\u2606parkle|thats a 190 power move\n|c|\u2606parkle|there was nothing i could have done\n|c|\u2606cassinidivision|aye shes a witch for a reason\n","uploadtime":1696719067,"views":12,"p1id":"cassinidivision","p2id":"parkle","formatid":"gen9nationaldexdoubles","rating":0,"private":0,"password":""}