{"id":"gen9nationaldexdoubles-1998276211","p1":"flutteringfairryyy","p2":"Ancientguirus","format":"[Gen 9] National Dex Doubles","log":"|j|\u2606flutteringfairryyy\n|j|\u2606Ancientguirus\n|t:|1700923507\n|gametype|doubles\n|player|p1|flutteringfairryyy|anabel|\n|player|p2|Ancientguirus|raihan|\n|teamsize|p1|6\n|teamsize|p2|6\n|gen|9\n|tier|[Gen 9] National Dex Doubles\n|rule|HP Percentage Mod: HP is shown in percentages\n|rule|Endless Battle Clause: Forcing endless battles is banned\n|rule|OHKO Clause: OHKO moves are banned\n|rule|Evasion Moves Clause: Evasion moves are banned\n|rule|Evasion Abilities Clause: Evasion abilities are banned\n|rule|Species Clause: Limit one of each Pok\u00e9mon\n|rule|Gravity Sleep Clause: The combination of sleep-inducing moves with imperfect accuracy and Gravity or Gigantamax Orbeetle are banned\n|clearpoke\n|poke|p1|Lopunny, F|\n|poke|p1|Sylveon, F|\n|poke|p1|Cresselia, F|\n|poke|p1|Amoonguss, F|\n|poke|p1|Delcatty, F|\n|poke|p1|Clefable, F|\n|poke|p2|Armarouge, M|\n|poke|p2|Ogerpon-Cornerstone, F|\n|poke|p2|Haxorus, M|\n|poke|p2|Grimmsnarl, M|\n|poke|p2|Swampert, M|\n|poke|p2|Hawlucha, M|\n|teampreview\n|\n|t:|1700923545\n|start\n|switch|p1a: Cresselia|Cresselia, F, shiny|100\/100\n|switch|p1b: Sylveon|Sylveon, F|100\/100\n|switch|p2a: Haxorus|Haxorus, M, shiny|100\/100\n|switch|p2b: Armarouge|Armarouge, M|100\/100\n|-ability|p2a: Haxorus|Mold Breaker\n|turn|1\n|\n|t:|1700923570\n|-terastallize|p1a: Cresselia|Electric\n|move|p2a: Haxorus|Scale Shot|p1a: Cresselia\n|-damage|p1a: Cresselia|89\/100\n|-damage|p1a: Cresselia|77\/100\n|-damage|p1a: Cresselia|64\/100\n|-hitcount|p1a: Cresselia|3\n|-unboost|p2a: Haxorus|def|1\n|-boost|p2a: Haxorus|spe|1\n|-damage|p2a: Haxorus|91\/100|[from] item: Life Orb\n|move|p1a: Cresselia|Attract|p2b: Armarouge\n|-start|p2b: Armarouge|Attract\n|-activate|p2b: Armarouge|move: Attract|[of] p1a: Cresselia\n|cant|p2b: Armarouge|Attract\n|move|p1b: Sylveon|Moonblast|p2a: Haxorus\n|-supereffective|p2a: Haxorus\n|-damage|p2a: Haxorus|0 fnt\n|faint|p2a: Haxorus\n|-damage|p1b: Sylveon|91\/100|[from] item: Life Orb\n|\n|-heal|p1a: Cresselia|70\/100|[from] item: Leftovers\n|upkeep\n|\n|t:|1700923590\n|switch|p2a: Ogerpon|Ogerpon-Cornerstone, F|100\/100\n|turn|2\n|\n|t:|1700923629\n|move|p2a: Ogerpon|Swords Dance|p2a: Ogerpon\n|-boost|p2a: Ogerpon|atk|2\n|move|p1a: Cresselia|Psychic|p2a: Ogerpon\n|-damage|p2a: Ogerpon|71\/100\n|-unboost|p2a: Ogerpon|spd|1\n|-activate|p2b: Armarouge|move: Attract|[of] p1a: Cresselia\n|move|p2b: Armarouge|Energy Ball|p1b: Sylveon\n|-damage|p1b: Sylveon|69\/100\n|move|p1b: Sylveon|Moonblast|p2a: Ogerpon\n|-damage|p2a: Ogerpon|0 fnt\n|faint|p2a: Ogerpon\n|-damage|p1b: Sylveon|59\/100|[from] item: Life Orb\n|\n|-heal|p1a: Cresselia|76\/100|[from] item: Leftovers\n|upkeep\n|\n|t:|1700923645\n|switch|p2a: Grimmsnarl|Grimmsnarl, M|100\/100\n|turn|3\n|\n|t:|1700923653\n|-terastallize|p2a: Grimmsnarl|Steel\n|move|p1a: Cresselia|Psychic|p2a: Grimmsnarl\n|-resisted|p2a: Grimmsnarl\n|-damage|p2a: Grimmsnarl|87\/100\n|-activate|p2b: Armarouge|move: Attract|[of] p1a: Cresselia\n|move|p2b: Armarouge|Psychic|p1a: Cresselia\n|-damage|p1a: Cresselia|46\/100\n|move|p1b: Sylveon|Attract|p2a: Grimmsnarl\n|-start|p2a: Grimmsnarl|Attract\n|-activate|p2a: Grimmsnarl|move: Attract|[of] p1b: Sylveon\n|cant|p2a: Grimmsnarl|Attract\n|\n|-heal|p1a: Cresselia|52\/100|[from] item: Leftovers\n|upkeep\n|turn|4\n|\n|t:|1700923679\n|move|p1a: Cresselia|Lunar Blessing|p1a: Cresselia|[spread] p1a,p1b\n|-heal|p1a: Cresselia|77\/100\n|-heal|p1b: Sylveon|84\/100\n|-activate|p2b: Armarouge|move: Attract|[of] p1a: Cresselia\n|move|p2b: Armarouge|Heat Wave|p1b: Sylveon|[spread] p1a,p1b\n|-crit|p1b: Sylveon\n|-damage|p1a: Cresselia|52\/100\n|-damage|p1b: Sylveon|46\/100\n|move|p1b: Sylveon|Mystical Fire|p2a: Grimmsnarl\n|-supereffective|p2a: Grimmsnarl\n|-damage|p2a: Grimmsnarl|10\/100\n|-unboost|p2a: Grimmsnarl|spa|1\n|-enditem|p2a: Grimmsnarl|Weakness Policy\n|-boost|p2a: Grimmsnarl|atk|2|[from] item: Weakness Policy\n|-boost|p2a: Grimmsnarl|spa|2|[from] item: Weakness Policy\n|-damage|p1b: Sylveon|36\/100|[from] item: Life Orb\n|-activate|p2a: Grimmsnarl|move: Attract|[of] p1b: Sylveon\n|cant|p2a: Grimmsnarl|Attract\n|\n|-heal|p1a: Cresselia|58\/100|[from] item: Leftovers\n|upkeep\n|turn|5\n|\n|t:|1700923701\n|move|p1a: Cresselia|Lunar Blessing|p1a: Cresselia|[spread] p1a,p1b\n|-heal|p1a: Cresselia|83\/100\n|-heal|p1b: Sylveon|61\/100\n|-activate|p2b: Armarouge|move: Attract|[of] p1a: Cresselia\n|cant|p2b: Armarouge|Attract\n|move|p1b: Sylveon|Mystical Fire|p2a: Grimmsnarl\n|-supereffective|p2a: Grimmsnarl\n|-damage|p2a: Grimmsnarl|0 fnt\n|faint|p2a: Grimmsnarl\n|-damage|p1b: Sylveon|51\/100|[from] item: Life Orb\n|\n|-heal|p1a: Cresselia|89\/100|[from] item: Leftovers\n|upkeep\n|\n|t:|1700923716\n|switch|p2a: Hawlucha|Hawlucha, M|100\/100\n|turn|6\n|\n|t:|1700923729\n|move|p2a: Hawlucha|Iron Head|p1b: Sylveon\n|-supereffective|p1b: Sylveon\n|-damage|p1b: Sylveon|0 fnt\n|faint|p1b: Sylveon\n|move|p1a: Cresselia|Attract|p2a: Hawlucha\n|-start|p2a: Hawlucha|Attract\n|-activate|p2b: Armarouge|move: Attract|[of] p1a: Cresselia\n|move|p2b: Armarouge|Heat Wave|p1a: Cresselia\n|-damage|p1a: Cresselia|56\/100\n|\n|-heal|p1a: Cresselia|62\/100|[from] item: Leftovers\n|upkeep\n|\n|t:|1700923748\n|switch|p1b: Delcatty|Delcatty, F|100\/100\n|turn|7\n|\n|t:|1700923773\n|move|p1b: Delcatty|Fake Out|p2b: Armarouge\n|-damage|p2b: Armarouge|82\/100\n|-ability|p2b: Armarouge|Weak Armor|boost\n|-unboost|p2b: Armarouge|def|1\n|-boost|p2b: Armarouge|spe|2\n|-damage|p1b: Delcatty|91\/100|[from] item: Life Orb\n|cant|p2b: Armarouge|flinch\n|-activate|p2a: Hawlucha|move: Attract|[of] p1a: Cresselia\n|move|p2a: Hawlucha|Drain Punch|p1b: Delcatty\n|-supereffective|p1b: Delcatty\n|-damage|p1b: Delcatty|0 fnt\n|faint|p1b: Delcatty\n|move|p1a: Cresselia|Psychic|p2a: Hawlucha\n|-supereffective|p2a: Hawlucha\n|-damage|p2a: Hawlucha|26\/100\n|\n|-heal|p1a: Cresselia|68\/100|[from] item: Leftovers\n|upkeep\n|\n|t:|1700923790\n|switch|p1b: Amoonguss|Amoonguss, F, shiny|100\/100\n|turn|8\n|\n|t:|1700923808\n|move|p1b: Amoonguss|Protect|p1b: Amoonguss\n|-singleturn|p1b: Amoonguss|Protect\n|-activate|p2b: Armarouge|move: Attract|[of] p1a: Cresselia\n|cant|p2b: Armarouge|Attract\n|-activate|p2a: Hawlucha|move: Attract|[of] p1a: Cresselia\n|move|p2a: Hawlucha|Rock Slide|p1a: Cresselia|[spread] \n|-activate|p1b: Amoonguss|move: Protect\n|-miss|p2a: Hawlucha|p1a: Cresselia\n|move|p1a: Cresselia|Psychic|p2a: Hawlucha\n|-supereffective|p2a: Hawlucha\n|-damage|p2a: Hawlucha|0 fnt\n|faint|p2a: Hawlucha\n|\n|-heal|p1a: Cresselia|74\/100|[from] item: Leftovers\n|upkeep\n|\n|t:|1700923821\n|switch|p2a: Swampert|Swampert, M|100\/100\n|turn|9\n|\n|t:|1700923851\n|detailschange|p2a: Swampert|Swampert-Mega, M\n|-mega|p2a: Swampert|Swampert|Swampertite\n|-activate|p2b: Armarouge|move: Attract|[of] p1a: Cresselia\n|move|p2b: Armarouge|Heat Wave|p1b: Amoonguss|[spread] p1a,p1b\n|-supereffective|p1b: Amoonguss\n|-damage|p1a: Cresselia|47\/100\n|-damage|p1b: Amoonguss|28\/100\n|move|p2a: Swampert|Ice Punch|p1b: Amoonguss\n|-supereffective|p1b: Amoonguss\n|-damage|p1b: Amoonguss|0 fnt\n|faint|p1b: Amoonguss\n|move|p1a: Cresselia|Attract|p2a: Swampert\n|-start|p2a: Swampert|Attract\n|\n|-heal|p1a: Cresselia|53\/100|[from] item: Leftovers\n|upkeep\n|\n|t:|1700923872\n|switch|p1b: Clefable|Clefable, F|100\/100\n|turn|10\n|\n|t:|1700923890\n|move|p1b: Clefable|Protect|p1b: Clefable\n|-singleturn|p1b: Clefable|Protect\n|-activate|p2b: Armarouge|move: Attract|[of] p1a: Cresselia\n|cant|p2b: Armarouge|Attract\n|-activate|p2a: Swampert|move: Attract|[of] p1a: Cresselia\n|move|p2a: Swampert|Liquidation|p1a: Cresselia\n|-damage|p1a: Cresselia|15\/100\n|move|p1a: Cresselia|Psychic|p2a: Swampert\n|-damage|p2a: Swampert|78\/100\n|\n|-heal|p1a: Cresselia|21\/100|[from] item: Leftovers\n|upkeep\n|turn|11\n|\n|t:|1700923955\n|move|p1a: Cresselia|Protect|p1a: Cresselia\n|-singleturn|p1a: Cresselia|Protect\n|-activate|p2b: Armarouge|move: Attract|[of] p1a: Cresselia\n|cant|p2b: Armarouge|Attract\n|-activate|p2a: Swampert|move: Attract|[of] p1a: Cresselia\n|move|p2a: Swampert|Liquidation|p1b: Clefable\n|-damage|p1b: Clefable|42\/100\n|move|p1b: Clefable|Flamethrower|p2b: Armarouge\n|-resisted|p2b: Armarouge\n|-damage|p2b: Armarouge|71\/100\n|\n|-heal|p1a: Cresselia|27\/100|[from] item: Leftovers\n|upkeep\n|turn|12\n|\n|t:|1700923972\n|move|p1b: Clefable|Follow Me|p1b: Clefable\n|-singleturn|p1b: Clefable|move: Follow Me\n|-activate|p2b: Armarouge|move: Attract|[of] p1a: Cresselia\n|move|p2b: Armarouge|Heat Wave|p1a: Cresselia|[spread] p1a,p1b\n|-damage|p1a: Cresselia|2\/100\n|-damage|p1b: Clefable|5\/100\n|-status|p1b: Clefable|brn\n|-enditem|p1b: Clefable|Iapapa Berry|[eat]\n|-heal|p1b: Clefable|38\/100 brn|[from] item: Iapapa Berry\n|-activate|p2a: Swampert|move: Attract|[of] p1a: Cresselia\n|move|p2a: Swampert|Liquidation|p1b: Clefable\n|-damage|p1b: Clefable|0 fnt\n|faint|p1b: Clefable\n|move|p1a: Cresselia|Lunar Blessing|p1a: Cresselia\n|-heal|p1a: Cresselia|27\/100\n|\n|-heal|p1a: Cresselia|33\/100|[from] item: Leftovers\n|upkeep\n|\n|t:|1700923987\n|switch|p1b: Lopunny|Lopunny, F, shiny|100\/100\n|turn|13\n|\n|t:|1700924018\n|move|p1a: Cresselia|Protect|p1a: Cresselia\n|-singleturn|p1a: Cresselia|Protect\n|-activate|p2b: Armarouge|move: Attract|[of] p1a: Cresselia\n|move|p2b: Armarouge|Aura Sphere|p1b: Lopunny\n|-supereffective|p1b: Lopunny\n|-damage|p1b: Lopunny|26\/100\n|move|p1b: Lopunny|Drain Punch|p2a: Swampert\n|-damage|p2a: Swampert|58\/100\n|-heal|p1b: Lopunny|38\/100|[from] drain|[of] p2a: Swampert\n|-activate|p2a: Swampert|move: Attract|[of] p1a: Cresselia\n|cant|p2a: Swampert|Attract\n|\n|-heal|p1a: Cresselia|39\/100|[from] item: Leftovers\n|upkeep\n|turn|14\n|\n|t:|1700924045\n|-activate|p2b: Armarouge|move: Attract|[of] p1a: Cresselia\n|cant|p2b: Armarouge|Attract\n|move|p1b: Lopunny|Drain Punch|p2a: Swampert\n|-damage|p2a: Swampert|40\/100\n|-heal|p1b: Lopunny|50\/100|[from] drain|[of] p2a: Swampert\n|-activate|p2a: Swampert|move: Attract|[of] p1a: Cresselia\n|cant|p2a: Swampert|Attract\n|move|p1a: Cresselia|Lunar Blessing|p1a: Cresselia|[spread] p1a,p1b\n|-heal|p1a: Cresselia|64\/100\n|-heal|p1b: Lopunny|75\/100\n|\n|-heal|p1a: Cresselia|70\/100|[from] item: Leftovers\n|upkeep\n|turn|15\n|\n|t:|1700924091\n|-activate|p2b: Armarouge|move: Attract|[of] p1a: Cresselia\n|move|p2b: Armarouge|Aura Sphere|p1b: Lopunny\n|-supereffective|p1b: Lopunny\n|-damage|p1b: Lopunny|1\/100\n|move|p1b: Lopunny|Drain Punch|p2a: Swampert\n|-damage|p2a: Swampert|19\/100\n|-heal|p1b: Lopunny|14\/100|[from] drain|[of] p2a: Swampert\n|-activate|p2a: Swampert|move: Attract|[of] p1a: Cresselia\n|cant|p2a: Swampert|Attract\n|move|p1a: Cresselia|Psychic|p2a: Swampert\n|-damage|p2a: Swampert|0 fnt\n|faint|p2a: Swampert\n|\n|-heal|p1a: Cresselia|76\/100|[from] item: Leftovers\n|upkeep\n|turn|16\n|\n|t:|1700924120\n|move|p1b: Lopunny|Protect|p1b: Lopunny\n|-singleturn|p1b: Lopunny|Protect\n|-activate|p2b: Armarouge|move: Attract|[of] p1a: Cresselia\n|cant|p2b: Armarouge|Attract\n|move|p1a: Cresselia|Lunar Blessing|p1a: Cresselia|[spread] p1a,p1b\n|-heal|p1a: Cresselia|100\/100\n|-heal|p1b: Lopunny|39\/100\n|\n|upkeep\n|turn|17\n|\n|t:|1700924167\n|-activate|p2b: Armarouge|move: Attract|[of] p1a: Cresselia\n|move|p2b: Armarouge|Heat Wave|p1a: Cresselia|[spread] p1a,p1b\n|-damage|p1a: Cresselia|78\/100\n|-damage|p1b: Lopunny|0 fnt\n|faint|p1b: Lopunny\n|move|p1a: Cresselia|Psychic|p2b: Armarouge\n|-resisted|p2b: Armarouge\n|-damage|p2b: Armarouge|58\/100\n|\n|-heal|p1a: Cresselia|84\/100|[from] item: Leftovers\n|upkeep\n|turn|18\n|\n|t:|1700924197\n|-activate|p2b: Armarouge|move: Attract|[of] p1a: Cresselia\n|move|p2b: Armarouge|Heat Wave|p1a: Cresselia\n|-damage|p1a: Cresselia|53\/100\n|move|p1a: Cresselia|Psychic|p2b: Armarouge\n|-resisted|p2b: Armarouge\n|-crit|p2b: Armarouge\n|-damage|p2b: Armarouge|37\/100\n|\n|-heal|p1a: Cresselia|59\/100|[from] item: Leftovers\n|upkeep\n|turn|19\n|\n|t:|1700924210\n|-activate|p2b: Armarouge|move: Attract|[of] p1a: Cresselia\n|cant|p2b: Armarouge|Attract\n|move|p1a: Cresselia|Psychic|p2b: Armarouge\n|-resisted|p2b: Armarouge\n|-damage|p2b: Armarouge|23\/100\n|\n|-heal|p1a: Cresselia|65\/100|[from] item: Leftovers\n|upkeep\n|turn|20\n|\n|t:|1700924218\n|-activate|p2b: Armarouge|move: Attract|[of] p1a: Cresselia\n|move|p2b: Armarouge|Psychic|p1a: Cresselia\n|-damage|p1a: Cresselia|32\/100\n|move|p1a: Cresselia|Psychic|p2b: Armarouge\n|-resisted|p2b: Armarouge\n|-damage|p2b: Armarouge|8\/100\n|\n|-heal|p1a: Cresselia|38\/100|[from] item: Leftovers\n|upkeep\n|turn|21\n|\n|t:|1700924234\n|-activate|p2b: Armarouge|move: Attract|[of] p1a: Cresselia\n|move|p2b: Armarouge|Psychic|p1a: Cresselia\n|-damage|p1a: Cresselia|8\/100\n|move|p1a: Cresselia|Lunar Blessing|p1a: Cresselia\n|-heal|p1a: Cresselia|33\/100\n|\n|-heal|p1a: Cresselia|39\/100|[from] item: Leftovers\n|upkeep\n|turn|22\n|\n|t:|1700924242\n|move|p1a: Cresselia|Protect|p1a: Cresselia\n|-singleturn|p1a: Cresselia|Protect\n|-activate|p2b: Armarouge|move: Attract|[of] p1a: Cresselia\n|move|p2b: Armarouge|Heat Wave|p1a: Cresselia\n|-activate|p1a: Cresselia|move: Protect\n|\n|-heal|p1a: Cresselia|45\/100|[from] item: Leftovers\n|upkeep\n|turn|23\n|\n|t:|1700924251\n|-activate|p2b: Armarouge|move: Attract|[of] p1a: Cresselia\n|cant|p2b: Armarouge|Attract\n|move|p1a: Cresselia|Psychic|p2b: Armarouge\n|-resisted|p2b: Armarouge\n|-damage|p2b: Armarouge|0 fnt\n|faint|p2b: Armarouge\n|\n|win|flutteringfairryyy\n","uploadtime":1700924285,"views":1,"p1id":"flutteringfairryyy","p2id":"ancientguirus","formatid":"gen9nationaldexdoubles","rating":0,"private":0,"password":""}