{"id":"gen9nationaldexdoubles-1975946819","p1":"Jasonspatrick","p2":"4999crabs","format":"[Gen 9] National Dex Doubles","log":"|j|\u2606Jasonspatrick\n|j|\u26064999crabs\n|t:|1698251358\n|gametype|doubles\n|player|p1|Jasonspatrick|n|\n|player|p2|4999crabs|bugsy|\n|teamsize|p1|6\n|teamsize|p2|6\n|gen|9\n|tier|[Gen 9] National Dex Doubles\n|rule|HP Percentage Mod: HP is shown in percentages\n|rule|Endless Battle Clause: Forcing endless battles is banned\n|rule|OHKO Clause: OHKO moves are banned\n|rule|Evasion Moves Clause: Evasion moves are banned\n|rule|Evasion Abilities Clause: Evasion abilities are banned\n|rule|Species Clause: Limit one of each Pok\u00e9mon\n|rule|Gravity Sleep Clause: The combination of sleep-inducing moves with imperfect accuracy and Gravity or Gigantamax Orbeetle are banned\n|clearpoke\n|poke|p1|Sinistcha|\n|poke|p1|Houndstone, F|\n|poke|p1|Basculegion, M|\n|poke|p1|Sableye, F|\n|poke|p1|Mimikyu, M|\n|poke|p1|Zoroark-Hisui, M|\n|poke|p2|Froslass, F|\n|poke|p2|Spiritomb, M|\n|poke|p2|Typhlosion-Hisui, M|\n|poke|p2|Zoroark-Hisui, F|\n|poke|p2|Houndstone, M|\n|poke|p2|Skeledirge, F|\n|teampreview\n|\n|t:|1698251375\n|start\n|switch|p1a: Gemineye|Sableye, F|100\/100\n|switch|p1b: Foosh|Basculegion, M|100\/100\n|switch|p2a: Coldplay|Froslass, F, shiny|100\/100\n|switch|p2b: Spiritomb|Spiritomb, M|100\/100\n|turn|1\n|\n|t:|1698251389\n|move|p1a: Gemineye|Rain Dance|p1a: Gemineye\n|-weather|RainDance\n|move|p1b: Foosh|Waterfall|p2b: Spiritomb\n|-damage|p2b: Spiritomb|16\/100\n|-damage|p1b: Foosh|91\/100|[from] item: Life Orb\n|move|p2a: Coldplay|Spikes|p1b: Foosh\n|-sidestart|p1: Jasonspatrick|Spikes\n|move|p2b: Spiritomb|Calm Mind|p2b: Spiritomb\n|-boost|p2b: Spiritomb|spa|1\n|-boost|p2b: Spiritomb|spd|1\n|\n|-weather|RainDance|[upkeep]\n|-heal|p2b: Spiritomb|22\/100|[from] item: Leftovers\n|upkeep\n|turn|2\n|\n|t:|1698251413\n|move|p1a: Gemineye|Light Screen|p1a: Gemineye\n|-sidestart|p1: Jasonspatrick|move: Light Screen\n|move|p1b: Foosh|Waterfall|p2a: Coldplay\n|-damage|p2a: Coldplay|0 fnt\n|-damage|p1b: Foosh|74\/100|[from] item: Rocky Helmet|[of] p2a: Coldplay\n|-start|p1b: Foosh|Disable|Waterfall|[from] ability: Cursed Body|[of] p2a: Coldplay\n|faint|p2a: Coldplay\n|-damage|p1b: Foosh|64\/100|[from] item: Life Orb\n|move|p2b: Spiritomb|Pain Split|p1a: Gemineye\n|-sethp|p1a: Gemineye|61\/100|[from] move: Pain Split|[silent]\n|-sethp|p2b: Spiritomb|61\/100|[from] move: Pain Split\n|\n|-weather|RainDance|[upkeep]\n|-heal|p2b: Spiritomb|67\/100|[from] item: Leftovers\n|upkeep\n|\n|t:|1698251433\n|switch|p2a: tow gator|Skeledirge, F|100\/100\n|turn|3\n|\n|t:|1698251453\n|switch|p1b: Death.|Mimikyu, M|100\/100\n|-damage|p1b: Death.|88\/100|[from] Spikes\n|move|p1a: Gemineye|Reflect|p1a: Gemineye\n|-sidestart|p1: Jasonspatrick|Reflect\n|move|p2a: tow gator|Nasty Plot|p2a: tow gator\n|-boost|p2a: tow gator|spa|2\n|move|p2b: Spiritomb|Calm Mind|p2b: Spiritomb\n|-boost|p2b: Spiritomb|spa|1\n|-boost|p2b: Spiritomb|spd|1\n|\n|-weather|RainDance|[upkeep]\n|-heal|p2b: Spiritomb|73\/100|[from] item: Leftovers\n|upkeep\n|turn|4\n|\n|t:|1698251479\n|move|p2a: tow gator|Shadow Claw|p1a: Gemineye\n|-damage|p1a: Gemineye|39\/100\n|-zpower|p1b: Death.\n|move|p1b: Death.|Z-Splash|p1b: Death.|[anim]Splash\n|-boost|p1b: Death.|atk|3|[zeffect]\n|-nothing\n|move|p2b: Spiritomb|Destiny Bond|p2b: Spiritomb\n|-singlemove|p2b: Spiritomb|Destiny Bond\n|move|p1a: Gemineye|Knock Off|p2a: tow gator\n|-supereffective|p2a: tow gator\n|-damage|p2a: tow gator|0 fnt\n|replace|p2a: miles 'tails'|Zoroark-Hisui, F\n|-end|p2a: miles 'tails'|Illusion\n|-enditem|p2a: miles 'tails'|Expert Belt|[from] move: Knock Off|[of] p1a: Gemineye\n|faint|p2a: miles 'tails'\n|\n|-weather|RainDance|[upkeep]\n|-heal|p2b: Spiritomb|79\/100|[from] item: Leftovers\n|upkeep\n|\n|t:|1698251503\n|switch|p2a: tow gator|Skeledirge, F|100\/100\n|turn|5\n|\n|t:|1698251517\n|move|p1b: Death.|Shadow Sneak|p2a: tow gator\n|-supereffective|p2a: tow gator\n|-damage|p2a: tow gator|68\/100\n|move|p2a: tow gator|Torch Song|p1b: Death.\n|-activate|p1b: Death.|ability: Disguise\n|-damage|p1b: Death.|88\/100\n|-boost|p2a: tow gator|spa|1\n|detailschange|p1b: Death.|Mimikyu-Busted, M\n|-damage|p1b: Death.|76\/100|[from] pokemon: Mimikyu-Busted\n|move|p2b: Spiritomb|Stored Power|p1b: Death.\n|-damage|p1b: Death.|8\/100\n|move|p1a: Gemineye|Knock Off|p2b: Spiritomb\n|-damage|p2b: Spiritomb|49\/100\n|-enditem|p2b: Spiritomb|Leftovers|[from] move: Knock Off|[of] p1a: Gemineye\n|\n|-weather|none\n|upkeep\n|turn|6\n|\n|t:|1698251552\n|move|p1b: Death.|Shadow Sneak|p2b: Spiritomb\n|-damage|p2b: Spiritomb|0 fnt\n|faint|p2b: Spiritomb\n|move|p1a: Gemineye|Rain Dance|p1a: Gemineye\n|-weather|RainDance\n|move|p2a: tow gator|Torch Song|p1a: Gemineye\n|-damage|p1a: Gemineye|13\/100\n|-boost|p2a: tow gator|spa|1\n|\n|-weather|RainDance|[upkeep]\n|upkeep\n|\n|t:|1698251565\n|switch|p2b: sonic.exe|Typhlosion-Hisui, M, shiny|100\/100\n|-item|p1a: Gemineye|Light Clay|[from] ability: Frisk|[of] p2b: sonic.exe|[identify]\n|-item|p1b: Death.|Normalium Z|[from] ability: Frisk|[of] p2b: sonic.exe|[identify]\n|turn|7\n|\n|t:|1698251575\n|move|p1b: Death.|Shadow Sneak|p2b: sonic.exe\n|-supereffective|p2b: sonic.exe\n|-damage|p2b: sonic.exe|0 fnt\n|faint|p2b: sonic.exe\n|move|p2a: tow gator|Crunch|p1a: Gemineye\n|-crit|p1a: Gemineye\n|-damage|p1a: Gemineye|0 fnt\n|faint|p1a: Gemineye\n|\n|-weather|RainDance|[upkeep]\n|upkeep\n|\n|t:|1698251585\n|switch|p2b: arven help me|Houndstone, M|100\/100\n|switch|p1a: Foosh|Basculegion, M|100\/100\n|-damage|p1a: Foosh|88\/100|[from] Spikes\n|turn|8\n|\n|t:|1698251606\n|move|p1b: Death.|Shadow Sneak|p2b: arven help me\n|-supereffective|p2b: arven help me\n|-damage|p2b: arven help me|70\/100\n|move|p1a: Foosh|Shadow Ball|p2b: arven help me\n|-supereffective|p2b: arven help me\n|-damage|p2b: arven help me|0 fnt\n|faint|p2b: arven help me\n|move|p2a: tow gator|Torch Song|p1b: Death.\n|-damage|p1b: Death.|0 fnt\n|-boost|p2a: tow gator|spa|1\n|faint|p1b: Death.\n|\n|-weather|RainDance|[upkeep]\n|upkeep\n|\n|t:|1698251617\n|switch|p1b: Foosh|Basculegion, M|64\/100\n|-damage|p1b: Foosh|52\/100|[from] Spikes\n|turn|9\n|\n|t:|1698251625\n|move|p1b: Foosh|Waterfall|p2a: tow gator\n|-supereffective|p2a: tow gator\n|-damage|p2a: tow gator|0 fnt\n|faint|p2a: tow gator\n|-damage|p1b: Foosh|42\/100|[from] item: Life Orb\n|\n|win|Jasonspatrick\n|l|\u2606Jasonspatrick\n","uploadtime":1698251640,"views":9,"p1id":"jasonspatrick","p2id":"4999crabs","formatid":"gen9nationaldexdoubles","rating":0,"private":0,"password":""}