{"id":"gen9nationaldexdoubles-1976358843","p1":"Enderoof","p2":"larsonshark","format":"[Gen 9] National Dex Doubles","log":"|j|\u2606Enderoof\n|j|\u2606larsonshark\n|t:|1698290908\n|gametype|doubles\n|player|p1|Enderoof|266|1075\n|player|p2|larsonshark|caitlin|1274\n|teamsize|p1|6\n|teamsize|p2|6\n|gen|9\n|tier|[Gen 9] National Dex Doubles\n|rated|\n|rule|HP Percentage Mod: HP is shown in percentages\n|rule|Endless Battle Clause: Forcing endless battles is banned\n|rule|OHKO Clause: OHKO moves are banned\n|rule|Evasion Moves Clause: Evasion moves are banned\n|rule|Evasion Abilities Clause: Evasion abilities are banned\n|rule|Species Clause: Limit one of each Pok\u00e9mon\n|rule|Gravity Sleep Clause: The combination of sleep-inducing moves with imperfect accuracy and Gravity or Gigantamax Orbeetle are banned\n|clearpoke\n|poke|p1|Volcarona, F|\n|poke|p1|Oricorio-Pom-Pom, M|\n|poke|p1|Pelipper, M|\n|poke|p1|Mightyena, F|\n|poke|p1|Glimmora, F|\n|poke|p1|Lilligant, F|\n|poke|p2|Cresselia, F|\n|poke|p2|Minior|\n|poke|p2|Chien-Pao|\n|poke|p2|Ogerpon-Hearthflame, F|\n|poke|p2|Salamence, M|\n|poke|p2|Okidogi, M|\n|teampreview\n|inactive|Battle timer is ON: inactive players will automatically lose when time's up. (requested by larsonshark)\n|inactive|larsonshark has 120 seconds left.\n|inactive|Enderoof also wants the timer to be on.\n|\n|t:|1698290958\n|start\n|switch|p1a: Volcarona|Volcarona, F|100\/100\n|switch|p1b: Oricorio|Oricorio-Pom-Pom, M|100\/100\n|switch|p2a: Minior|Minior|100\/100\n|switch|p2b: Salamence|Salamence, M|100\/100\n|-formechange|p2a: Minior|Minior-Meteor||[from] ability: Shields Down\n|-ability|p2b: Salamence|Intimidate|boost\n|-unboost|p1a: Volcarona|atk|1\n|-unboost|p1b: Oricorio|atk|1\n|turn|1\n|\n|t:|1698290982\n|detailschange|p2b: Salamence|Salamence-Mega, M\n|-mega|p2b: Salamence|Salamence|Salamencite\n|move|p1b: Oricorio|Protect|p1b: Oricorio\n|-singleturn|p1b: Oricorio|Protect\n|move|p2b: Salamence|Dragon Dance|p2b: Salamence\n|-boost|p2b: Salamence|atk|1\n|-boost|p2b: Salamence|spe|1\n|-activate|p1b: Oricorio|ability: Dancer\n|move|p1b: Oricorio|Dragon Dance|p1b: Oricorio|[from]ability: Dancer\n|-boost|p1b: Oricorio|atk|1\n|-boost|p1b: Oricorio|spe|1\n|move|p1a: Volcarona|Quiver Dance|p1a: Volcarona\n|-boost|p1a: Volcarona|spa|1\n|-boost|p1a: Volcarona|spd|1\n|-boost|p1a: Volcarona|spe|1\n|-activate|p1b: Oricorio|ability: Dancer\n|move|p1b: Oricorio|Quiver Dance|p1b: Oricorio|[from]ability: Dancer\n|-boost|p1b: Oricorio|spa|1\n|-boost|p1b: Oricorio|spd|1\n|-boost|p1b: Oricorio|spe|1\n|move|p2a: Minior|Shell Smash|p2a: Minior\n|-unboost|p2a: Minior|def|1\n|-unboost|p2a: Minior|spd|1\n|-boost|p2a: Minior|atk|2\n|-boost|p2a: Minior|spa|2\n|-boost|p2a: Minior|spe|2\n|\n|upkeep\n|turn|2\n|inactive|Enderoof has 120 seconds left.\n|\n|t:|1698291014\n|move|p1b: Oricorio|Revelation Dance|p2b: Salamence\n|-damage|p2b: Salamence|25\/100\n|move|p2b: Salamence|Double-Edge|p1b: Oricorio\n|-resisted|p1b: Oricorio\n|-damage|p1b: Oricorio|8\/100\n|-damage|p2b: Salamence|0 fnt|[from] Recoil\n|faint|p2b: Salamence\n|move|p2a: Minior|Rock Slide|p1b: Oricorio|[spread] p1a,p1b\n|-supereffective|p1a: Volcarona\n|-supereffective|p1b: Oricorio\n|-enditem|p1a: Volcarona|Focus Sash\n|-damage|p1a: Volcarona|1\/100\n|-damage|p1b: Oricorio|0 fnt\n|faint|p1b: Oricorio\n|move|p1a: Volcarona|Giga Drain|p2a: Minior\n|-damage|p2a: Minior|8\/100\n|-heal|p1a: Volcarona|40\/100|[from] drain|[of] p2a: Minior\n|\n|-formechange|p2a: Minior|Minior||[from] ability: Shields Down\n|upkeep\n|inactive|Enderoof has 120 seconds left.\n|\n|t:|1698291042\n|switch|p2b: Chien-Pao|Chien-Pao|100\/100\n|switch|p1b: Glimmora|Glimmora, F|100\/100\n|-ability|p2b: Chien-Pao|Sword of Ruin\n|turn|3\n|\n|t:|1698291052\n|move|p1b: Glimmora|Spiky Shield|p1b: Glimmora\n|-singleturn|p1b: Glimmora|move: Protect\n|move|p2a: Minior|Rock Slide|p1b: Glimmora|[spread] p1a\n|-activate|p1b: Glimmora|move: Protect\n|-supereffective|p1a: Volcarona\n|-damage|p1a: Volcarona|0 fnt\n|faint|p1a: Volcarona\n|move|p2b: Chien-Pao|Psychic Fangs|p1b: Glimmora\n|-activate|p1b: Glimmora|move: Protect\n|-damage|p2b: Chien-Pao|88\/100|[from] Spiky Shield|[of] p1b: Glimmora\n|\n|upkeep\n|\n|t:|1698291072\n|switch|p1a: Pelipper|Pelipper, M|100\/100\n|-weather|RainDance|[from] ability: Drizzle|[of] p1a: Pelipper\n|turn|4\n|\n|t:|1698291088\n|move|p2a: Minior|Rock Slide|p1b: Glimmora|[spread] p1a,p1b\n|-supereffective|p1a: Pelipper\n|-damage|p1a: Pelipper|0 fnt\n|-damage|p1b: Glimmora|55\/100\n|-activate|p1b: Glimmora|ability: Toxic Debris\n|-sidestart|p2: larsonshark|move: Toxic Spikes\n|faint|p1a: Pelipper\n|move|p2b: Chien-Pao|Crunch|p1b: Glimmora\n|-damage|p1b: Glimmora|3\/100\n|-unboost|p1b: Glimmora|def|1\n|-activate|p1b: Glimmora|ability: Toxic Debris\n|-sidestart|p2: larsonshark|move: Toxic Spikes\n|-damage|p2b: Chien-Pao|78\/100|[from] item: Life Orb\n|move|p1b: Glimmora|Stealth Rock|p2b: Chien-Pao\n|-sidestart|p2: larsonshark|move: Stealth Rock\n|\n|-weather|RainDance|[upkeep]\n|-heal|p1b: Glimmora|10\/100|[from] item: Leftovers\n|upkeep\n|inactive|Enderoof has 120 seconds left.\n|\n|t:|1698291109\n|switch|p1a: Lilligant|Lilligant, F|100\/100\n|turn|5\n|\n|t:|1698291121\n|move|p1b: Glimmora|Spiky Shield|p1b: Glimmora\n|-singleturn|p1b: Glimmora|move: Protect\n|move|p2a: Minior|Rock Slide|p1a: Lilligant|[spread] p1a\n|-activate|p1b: Glimmora|move: Protect\n|-damage|p1a: Lilligant|3\/100\n|move|p2b: Chien-Pao|Ice Spinner|p1a: Lilligant\n|-supereffective|p1a: Lilligant\n|-damage|p1a: Lilligant|0 fnt\n|faint|p1a: Lilligant\n|-damage|p2b: Chien-Pao|68\/100|[from] item: Life Orb\n|\n|-weather|RainDance|[upkeep]\n|-heal|p1b: Glimmora|16\/100|[from] item: Leftovers\n|upkeep\n|\n|t:|1698291132\n|switch|p1a: Mightyena|Mightyena, F|100\/100\n|turn|6\n|\n|t:|1698291145\n|move|p1b: Glimmora|Spiky Shield||[still]\n|-fail|p1b: Glimmora\n|move|p2a: Minior|Iron Head|p1b: Glimmora\n|-supereffective|p1b: Glimmora\n|-damage|p1b: Glimmora|0 fnt\n|faint|p1b: Glimmora\n|move|p2b: Chien-Pao|Sacred Sword|p1a: Mightyena\n|-supereffective|p1a: Mightyena\n|-damage|p1a: Mightyena|0 fnt\n|faint|p1a: Mightyena\n|-damage|p2b: Chien-Pao|58\/100|[from] item: Life Orb\n|\n|win|larsonshark\n|raw|Enderoof's rating: 1075 &rarr; <strong>1065<\/strong><br \/>(-10 for losing)\n|raw|larsonshark's rating: 1274 &rarr; <strong>1286<\/strong><br \/>(+12 for winning)\n|l|\u2606Enderoof\n|c|\u2606larsonshark|gg\n","uploadtime":1698291206,"views":12,"p1id":"enderoof","p2id":"larsonshark","formatid":"gen9nationaldexdoubles","rating":1065,"private":0,"password":""}