{"id":"gen9nationaldexdoubles-1993555877","p1":"Theadonia","p2":"SupaMexicanMan","format":"[Gen 9] National Dex Doubles","log":"|j|\u2606Theadonia\n|j|\u2606SupaMexicanMan\n|t:|1700331332\n|gametype|doubles\n|player|p1|Theadonia|roxie|1130\n|player|p2|SupaMexicanMan|richboy-gen4|1118\n|teamsize|p1|6\n|teamsize|p2|6\n|gen|9\n|tier|[Gen 9] National Dex Doubles\n|rated|\n|rule|HP Percentage Mod: HP is shown in percentages\n|rule|Endless Battle Clause: Forcing endless battles is banned\n|rule|OHKO Clause: OHKO moves are banned\n|rule|Evasion Moves Clause: Evasion moves are banned\n|rule|Evasion Abilities Clause: Evasion abilities are banned\n|rule|Species Clause: Limit one of each Pok\u00e9mon\n|rule|Gravity Sleep Clause: The combination of sleep-inducing moves with imperfect accuracy and Gravity or Gigantamax Orbeetle are banned\n|clearpoke\n|poke|p1|Dodrio, F|\n|poke|p1|Oricorio-Sensu, M|\n|poke|p1|Barraskewda, F|\n|poke|p1|Riolu, M|\n|poke|p1|Cresselia, F|\n|poke|p1|Swoobat, M|\n|poke|p2|Hatterene, F|\n|poke|p2|Grimmsnarl, M|\n|poke|p2|Ceruledge, M|\n|poke|p2|Gholdengo|\n|poke|p2|Amoonguss, F|\n|poke|p2|Buzzwole|\n|teampreview\n|\n|t:|1700331342\n|start\n|switch|p1a: Cresselia|Cresselia, F|100\/100\n|switch|p1b: Swoobat|Swoobat, M|100\/100\n|switch|p2a: Hatterene|Hatterene, F|100\/100\n|switch|p2b: Grimmsnarl|Grimmsnarl, M|100\/100\n|turn|1\n|\n|t:|1700331357\n|move|p1b: Swoobat|Simple Beam|p1a: Cresselia\n|-endability|p1a: Cresselia|Levitate|[from] move: Simple Beam\n|-ability|p1a: Cresselia|Simple|[from] move: Simple Beam\n|move|p1a: Cresselia|Calm Mind|p1a: Cresselia\n|-boost|p1a: Cresselia|spa|2\n|-boost|p1a: Cresselia|spd|2\n|move|p2b: Grimmsnarl|Spirit Break|p1b: Swoobat\n|-damage|p1b: Swoobat|38\/100\n|-unboost|p1b: Swoobat|spa|2\n|move|p2a: Hatterene|Dazzling Gleam|p1a: Cresselia|[spread] p1a,p1b\n|-damage|p1a: Cresselia|92\/100\n|-damage|p1b: Swoobat|0 fnt\n|faint|p1b: Swoobat\n|\n|-heal|p1a: Cresselia|98\/100|[from] item: Leftovers\n|upkeep\n|\n|t:|1700331371\n|switch|p1b: Riolu|Riolu, M|100\/100\n|turn|2\n|\n|t:|1700331378\n|move|p1b: Riolu|Coaching|p1a: Cresselia\n|-boost|p1a: Cresselia|atk|2\n|-boost|p1a: Cresselia|def|2\n|move|p2b: Grimmsnarl|Taunt|p1a: Cresselia\n|-start|p1a: Cresselia|move: Taunt\n|move|p1a: Cresselia|Dazzling Gleam|p2a: Hatterene|[spread] p2a,p2b\n|-supereffective|p2b: Grimmsnarl\n|-damage|p2a: Hatterene|69\/100\n|-damage|p2b: Grimmsnarl|42\/100\n|move|p2a: Hatterene|Trick Room|p2a: Hatterene\n|-fieldstart|move: Trick Room|[of] p2a: Hatterene\n|\n|-heal|p1a: Cresselia|100\/100|[from] item: Leftovers\n|upkeep\n|turn|3\n|\n|t:|1700331394\n|move|p1b: Riolu|Copycat|p1b: Riolu\n|move|p1b: Riolu|Trick Room|p1b: Riolu|[from]move: Copycat\n|-fieldend|move: Trick Room\n|move|p2b: Grimmsnarl|Light Screen|p2b: Grimmsnarl\n|-sidestart|p2: SupaMexicanMan|move: Light Screen\n|move|p1a: Cresselia|Dazzling Gleam|p2a: Hatterene|[spread] p2a,p2b\n|-supereffective|p2b: Grimmsnarl\n|-damage|p2a: Hatterene|50\/100\n|-damage|p2b: Grimmsnarl|3\/100\n|move|p2a: Hatterene|Dazzling Gleam|p1b: Riolu|[spread] p1a,p1b\n|-supereffective|p1b: Riolu\n|-damage|p1a: Cresselia|92\/100\n|-damage|p1b: Riolu|10\/100\n|\n|-heal|p1a: Cresselia|98\/100|[from] item: Leftovers\n|upkeep\n|turn|4\n|\n|t:|1700331443\n|move|p1b: Riolu|Copycat|p1b: Riolu\n|move|p1b: Riolu|Dazzling Gleam|p2b: Grimmsnarl|[from]move: Copycat|[spread] p2a\n|-hint|Since gen 7, Dark is immune to Prankster moves.\n|-immune|p2b: Grimmsnarl\n|-damage|p2a: Hatterene|43\/100\n|move|p2b: Grimmsnarl|Reflect|p2b: Grimmsnarl\n|-sidestart|p2: SupaMexicanMan|Reflect\n|move|p1a: Cresselia|Stored Power|p2a: Hatterene\n|-resisted|p2a: Hatterene\n|-damage|p2a: Hatterene|0 fnt\n|faint|p2a: Hatterene\n|\n|-heal|p1a: Cresselia|100\/100|[from] item: Leftovers\n|-end|p1a: Cresselia|move: Taunt\n|upkeep\n|\n|t:|1700331468\n|switch|p2a: Amoonguss|Amoonguss, F|100\/100\n|turn|5\n|\n|t:|1700331483\n|move|p1b: Riolu|Vacuum Wave|p2b: Grimmsnarl\n|-damage|p2b: Grimmsnarl|0 fnt\n|faint|p2b: Grimmsnarl\n|move|p1a: Cresselia|Stored Power|p2a: Amoonguss\n|-supereffective|p2a: Amoonguss\n|-damage|p2a: Amoonguss|0 fnt\n|faint|p2a: Amoonguss\n|\n|upkeep\n|\n|t:|1700331495\n|switch|p2b: Gholdengo|Gholdengo|100\/100\n|switch|p2a: Ceruledge|Ceruledge, M|100\/100\n|turn|6\n|\n|t:|1700331516\n|move|p1b: Riolu|Coaching|p1a: Cresselia\n|-boost|p1a: Cresselia|atk|2\n|-boost|p1a: Cresselia|def|2\n|move|p1a: Cresselia|Calm Mind|p1a: Cresselia\n|-boost|p1a: Cresselia|spa|2\n|-boost|p1a: Cresselia|spd|2\n|move|p2a: Ceruledge|Shadow Claw|p1a: Cresselia\n|-supereffective|p1a: Cresselia\n|-damage|p1a: Cresselia|81\/100\n|-damage|p2a: Ceruledge|91\/100|[from] item: Life Orb\n|move|p2b: Gholdengo|Shadow Ball|p1a: Cresselia\n|-supereffective|p1a: Cresselia\n|-damage|p1a: Cresselia|64\/100\n|\n|-heal|p1a: Cresselia|70\/100|[from] item: Leftovers\n|upkeep\n|turn|7\n|-message|SupaMexicanMan forfeited.\n|\n|win|Theadonia\n|raw|Theadonia's rating: 1130 &rarr; <strong>1154<\/strong><br \/>(+24 for winning)\n|raw|SupaMexicanMan's rating: 1118 &rarr; <strong>1094<\/strong><br \/>(-24 for losing)\n|l|\u2606SupaMexicanMan\n","uploadtime":1700331542,"views":21,"p1id":"theadonia","p2id":"supamexicanman","formatid":"gen9nationaldexdoubles","rating":1094,"private":0,"password":""}