{"id":"gen9nationaldexdoubles-1973082973","p1":"KageDeSin","p2":"usagi the weeb","format":"[Gen 9] National Dex Doubles","log":"|j|\u2606KageDeSin\n|j|\u2606usagi the weeb\n|t:|1697925705\n|gametype|doubles\n|player|p1|KageDeSin|biker|\n|player|p2|usagi the weeb|101|\n|teamsize|p1|6\n|teamsize|p2|6\n|gen|9\n|tier|[Gen 9] National Dex Doubles\n|rule|HP Percentage Mod: HP is shown in percentages\n|rule|Endless Battle Clause: Forcing endless battles is banned\n|rule|OHKO Clause: OHKO moves are banned\n|rule|Evasion Moves Clause: Evasion moves are banned\n|rule|Evasion Abilities Clause: Evasion abilities are banned\n|rule|Species Clause: Limit one of each Pok\u00e9mon\n|rule|Gravity Sleep Clause: The combination of sleep-inducing moves with imperfect accuracy and Gravity or Gigantamax Orbeetle are banned\n|clearpoke\n|poke|p1|Glimmora, M|\n|poke|p1|Kommo-o, F|\n|poke|p1|Skeledirge, F|\n|poke|p1|Zoroark, F|\n|poke|p1|Espathra, F|\n|poke|p1|Ogerpon-Wellspring, F|\n|poke|p2|Stonjourner, M|\n|poke|p2|Ursaluna, M|\n|poke|p2|Toxapex, M|\n|poke|p2|Gardevoir, M|\n|poke|p2|Moltres-Galar|\n|poke|p2|Torterra, M|\n|teampreview\n|\n|t:|1697925742\n|start\n|switch|p1a: Big Perm|Glimmora, M|100\/100\n|switch|p1b: Big Bird|Espathra, F|100\/100\n|switch|p2a: ITS A TRAP|Toxapex, M, shiny|100\/100\n|switch|p2b: Turtle|Torterra, M|100\/100\n|-item|p1a: Big Perm|Air Balloon\n|turn|1\n|j| TheOfficialSlade\n|\n|t:|1697925765\n|move|p1b: Big Bird|U-turn|p2b: Turtle\n|-supereffective|p2b: Turtle\n|-damage|p2b: Turtle|81\/100\n|\n|t:|1697925776\n|switch|p1b: Mask On|Ogerpon-Wellspring, F|100\/100|[from] U-turn\n|move|p1a: Big Perm|Energy Ball|p2a: ITS A TRAP\n|-damage|p2a: ITS A TRAP|74\/100\n|move|p2b: Turtle|Headlong Rush|p1a: Big Perm\n|-immune|p1a: Big Perm\n|move|p2a: ITS A TRAP|Gunk Shot|p1b: Mask On|[miss]\n|-miss|p2a: ITS A TRAP|p1b: Mask On\n|\n|upkeep\n|turn|2\n|\n|t:|1697925807\n|move|p1b: Mask On|Swords Dance|p1b: Mask On\n|-boost|p1b: Mask On|atk|2\n|move|p1a: Big Perm|Energy Ball|p2a: ITS A TRAP\n|-damage|p2a: ITS A TRAP|50\/100\n|move|p2b: Turtle|Rock Blast|p1b: Mask On\n|-damage|p1b: Mask On|91\/100\n|-damage|p1b: Mask On|81\/100\n|-damage|p1b: Mask On|71\/100\n|-damage|p1b: Mask On|61\/100\n|-damage|p1b: Mask On|52\/100\n|-hitcount|p1b: Mask On|5\n|move|p2a: ITS A TRAP|Hydro Pump|p1a: Big Perm|[miss]\n|-miss|p2a: ITS A TRAP|p1a: Big Perm\n|\n|upkeep\n|turn|3\n|\n|t:|1697925836\n|move|p1b: Mask On|Low Kick|p2b: Turtle\n|-damage|p2b: Turtle|0 fnt\n|faint|p2b: Turtle\n|move|p1a: Big Perm|Energy Ball|p2a: ITS A TRAP\n|-damage|p2a: ITS A TRAP|24\/100\n|-unboost|p2a: ITS A TRAP|spd|1\n|move|p2a: ITS A TRAP|Hydro Pump|p1a: Big Perm\n|-supereffective|p1a: Big Perm\n|-damage|p1a: Big Perm|0 fnt\n|-enditem|p1a: Big Perm|Air Balloon\n|faint|p1a: Big Perm\n|\n|upkeep\n|j| landlord79\n|\n|t:|1697925855\n|switch|p1a: Big Bird|Espathra, F|100\/100\n|switch|p2b: Rem|Gardevoir, M, shiny|100\/100\n|turn|4\n|\n|t:|1697925882\n|detailschange|p2b: Rem|Gardevoir-Mega, M, shiny\n|-mega|p2b: Rem|Gardevoir|Gardevoirite\n|move|p2a: ITS A TRAP|Baneful Bunker|p2a: ITS A TRAP\n|-singleturn|p2a: ITS A TRAP|move: Protect\n|move|p1a: Big Bird|Shadow Ball|p2b: Rem\n|-supereffective|p2b: Rem\n|-damage|p2b: Rem|49\/100\n|-unboost|p2b: Rem|spd|1\n|move|p2b: Rem|Moonblast|p1a: Big Bird\n|-damage|p1a: Big Bird|23\/100\n|-unboost|p1a: Big Bird|spa|1\n|move|p1b: Mask On|Trailblaze|p2a: ITS A TRAP\n|-activate|p2a: ITS A TRAP|move: Protect\n|-status|p1b: Mask On|psn\n|\n|-damage|p1b: Mask On|39\/100 psn|[from] psn\n|upkeep\n|turn|5\n|\n|t:|1697925923\n|switch|p1b: Bone Thugs|Skeledirge, F|100\/100\n|move|p2a: ITS A TRAP|Baneful Bunker||[still]\n|-fail|p2a: ITS A TRAP\n|move|p1a: Big Bird|Shadow Ball|p2b: Rem\n|-supereffective|p2b: Rem\n|-damage|p2b: Rem|2\/100\n|move|p2b: Rem|Psychic|p1a: Big Bird\n|-resisted|p1a: Big Bird\n|-damage|p1a: Big Bird|0 fnt\n|faint|p1a: Big Bird\n|\n|upkeep\n|\n|t:|1697925938\n|switch|p1a: N'Harmony|Kommo-o, F|100\/100\n|turn|6\n|\n|t:|1697925966\n|move|p2a: ITS A TRAP|Baneful Bunker|p2a: ITS A TRAP\n|-singleturn|p2a: ITS A TRAP|move: Protect\n|move|p2b: Rem|Moonblast|p1a: N'Harmony\n|-supereffective|p1a: N'Harmony\n|-damage|p1a: N'Harmony|0 fnt\n|faint|p1a: N'Harmony\n|move|p1b: Bone Thugs|Pursuit|p2b: Rem\n|-damage|p2b: Rem|0 fnt\n|faint|p2b: Rem\n|\n|upkeep\n|\n|t:|1697925994\n|switch|p2b: Papa Bear|Ursaluna, M, shiny|100\/100\n|switch|p1a: Mask On|Ogerpon-Wellspring, F|39\/100 psn\n|turn|7\n|\n|t:|1697926022\n|move|p1b: Bone Thugs|Helping Hand|p1a: Mask On\n|-singleturn|p1a: Mask On|Helping Hand|[of] p1b: Bone Thugs\n|move|p2a: ITS A TRAP|Baneful Bunker|p2a: ITS A TRAP\n|-singleturn|p2a: ITS A TRAP|move: Protect\n|move|p1a: Mask On|Low Kick|p2b: Papa Bear\n|-supereffective|p2b: Papa Bear\n|-damage|p2b: Papa Bear|0 fnt\n|faint|p2b: Papa Bear\n|\n|-damage|p1a: Mask On|27\/100 psn|[from] psn\n|upkeep\n|\n|t:|1697926033\n|switch|p2b: Phoenix|Moltres-Galar, shiny|100\/100\n|turn|8\n|\n|t:|1697926053\n|move|p1b: Bone Thugs|Knock Off|p2b: Phoenix\n|-resisted|p2b: Phoenix\n|-damage|p2b: Phoenix|73\/100\n|-enditem|p2b: Phoenix|Weakness Policy|[from] move: Knock Off|[of] p1b: Bone Thugs\n|move|p1a: Mask On|Ivy Cudgel|p2b: Phoenix\n|-damage|p2b: Phoenix|5\/100\n|-ability|p2b: Phoenix|Berserk|boost\n|-boost|p2b: Phoenix|spa|1\n|move|p2b: Phoenix|Fiery Wrath|p1a: Mask On|[spread] p1a,p1b\n|-resisted|p1b: Bone Thugs\n|-damage|p1a: Mask On|0 fnt\n|-damage|p1b: Bone Thugs|59\/100\n|replace|p1b: Mask Off|Zoroark, F\n|-end|p1b: Mask Off|Illusion\n|faint|p1a: Mask On\n|move|p2a: ITS A TRAP|Gunk Shot|p1b: Mask Off|[miss]\n|-miss|p2a: ITS A TRAP|p1b: Mask Off\n|\n|upkeep\n|\n|t:|1697926067\n|switch|p1a: Bone Thugs|Skeledirge, F|100\/100\n|turn|9\n|\n|t:|1697926085\n|-activate|p2b: Phoenix|move: Pursuit\n|move|p1b: Mask Off|Pursuit|p2b: Phoenix|[from]Pursuit\n|-resisted|p2b: Phoenix\n|-damage|p2b: Phoenix|0 fnt\n|faint|p2b: Phoenix\n|-hint|A Pokemon can't switch between when it runs out of HP and when it faints\n|move|p2a: ITS A TRAP|Baneful Bunker|p2a: ITS A TRAP\n|-singleturn|p2a: ITS A TRAP|move: Protect\n|move|p1a: Bone Thugs|Torch Song|p2a: ITS A TRAP\n|-activate|p2a: ITS A TRAP|move: Protect\n|\n|upkeep\n|\n|t:|1697926096\n|switch|p2b: open says me|Stonjourner, M, shiny|100\/100\n|turn|10\n|\n|t:|1697926118\n|move|p1b: Mask Off|Knock Off|p2a: ITS A TRAP\n|-damage|p2a: ITS A TRAP|0 fnt\n|-enditem|p2a: ITS A TRAP|Heavy-Duty Boots|[from] move: Knock Off|[of] p1b: Mask Off\n|faint|p2a: ITS A TRAP\n|move|p2b: open says me|Body Press|p1b: Mask Off\n|-supereffective|p1b: Mask Off\n|-damage|p1b: Mask Off|0 fnt\n|faint|p1b: Mask Off\n|move|p1a: Bone Thugs|Yawn|p2b: open says me\n|-start|p2b: open says me|move: Yawn|[of] p1a: Bone Thugs\n|\n|upkeep\n|turn|11\n|\n|t:|1697926132\n|move|p2b: open says me|Stone Edge|p1a: Bone Thugs\n|-supereffective|p1a: Bone Thugs\n|-damage|p1a: Bone Thugs|41\/100\n|move|p1a: Bone Thugs|Torch Song|p2b: open says me\n|-resisted|p2b: open says me\n|-damage|p2b: open says me|54\/100\n|-boost|p1a: Bone Thugs|spa|1\n|-enditem|p1a: Bone Thugs|Throat Spray\n|-boost|p1a: Bone Thugs|spa|1|[from] item: Throat Spray\n|\n|-end|p2b: open says me|move: Yawn|[silent]\n|-status|p2b: open says me|slp\n|upkeep\n|turn|12\n|\n|t:|1697926144\n|cant|p2b: open says me|slp\n|move|p1a: Bone Thugs|Hyper Voice|p2b: open says me\n|-resisted|p2b: open says me\n|-damage|p2b: open says me|0 fnt\n|faint|p2b: open says me\n|\n|win|KageDeSin\n|l|\u2606usagi the weeb\n|l| landlord79\n","uploadtime":1697926160,"views":28,"p1id":"kagedesin","p2id":"usagitheweeb","formatid":"gen9nationaldexdoubles","rating":0,"private":0,"password":""}