{"id":"gen9nationaldexdoubles-1962136428","p1":"DxTrainerBlue","p2":"Voadera","format":"[Gen 9] National Dex Doubles","log":"|j|\u2606DxTrainerBlue\n|j|\u2606Voadera\n|t:|1696710745\n|gametype|doubles\n|player|p1|DxTrainerBlue|blue|1170\n|player|p2|Voadera|dancer|1185\n|teamsize|p1|6\n|teamsize|p2|6\n|gen|9\n|tier|[Gen 9] National Dex Doubles\n|rated|\n|rule|HP Percentage Mod: HP is shown in percentages\n|rule|Endless Battle Clause: Forcing endless battles is banned\n|rule|OHKO Clause: OHKO moves are banned\n|rule|Evasion Moves Clause: Evasion moves are banned\n|rule|Evasion Abilities Clause: Evasion abilities are banned\n|rule|Species Clause: Limit one of each Pok\u00e9mon\n|rule|Gravity Sleep Clause: The combination of sleep-inducing moves with imperfect accuracy and Gravity or Gigantamax Orbeetle are banned\n|clearpoke\n|poke|p1|Koffing, F|\n|poke|p1|Dragonite, M|\n|poke|p1|Gyarados, F|\n|poke|p1|Zapdos|\n|poke|p1|Toedscruel, F|\n|poke|p1|Alakazam, F|\n|poke|p2|Blaziken, M|\n|poke|p2|Baxcalibur, F|\n|poke|p2|Zoroark-Hisui, M|\n|poke|p2|Greninja-*, M|\n|poke|p2|Togekiss, M|\n|poke|p2|Lycanroc-Dusk, F|\n|teampreview\n|inactive|Battle timer is ON: inactive players will automatically lose when time's up. (requested by Voadera)\n|inactive|DxTrainerBlue has 120 seconds left.\n|\n|t:|1696710784\n|start\n|switch|p1a: Koffing|Koffing, F|100\/100\n|switch|p1b: Toedscruel|Toedscruel, F|100\/100\n|switch|p2a: Greninja|Greninja, M|100\/100\n|switch|p2b: Blaziken|Blaziken, M|100\/100\n|-ability|p1a: Koffing|Neutralizing Gas\n|turn|1\n|inactive|Voadera has 120 seconds left.\n|\n|t:|1696710820\n|detailschange|p2b: Blaziken|Blaziken-Mega, M\n|-mega|p2b: Blaziken|Blaziken|Blazikenite\n|-terastallize|p1b: Toedscruel|Fire\n|move|p1a: Koffing|Protect|p1a: Koffing\n|-singleturn|p1a: Koffing|Protect\n|move|p1b: Toedscruel|Spore|p2a: Greninja\n|-status|p2a: Greninja|slp|[from] move: Spore\n|cant|p2a: Greninja|slp\n|move|p2b: Blaziken|Hone Claws|p2b: Blaziken\n|-boost|p2b: Blaziken|atk|1\n|-boost|p2b: Blaziken|accuracy|1\n|\n|upkeep\n|turn|2\n|\n|t:|1696710834\n|move|p1b: Toedscruel|Spore|p2b: Blaziken\n|-status|p2b: Blaziken|slp|[from] move: Spore\n|cant|p2a: Greninja|slp\n|cant|p2b: Blaziken|slp\n|move|p1a: Koffing|Haze|p1a: Koffing\n|-clearallboost\n|\n|upkeep\n|turn|3\n|\n|t:|1696710850\n|switch|p1b: Zapdos|Zapdos|100\/100\n|-end|p1a: Koffing|ability: Neutralizing Gas\n|-ability|p1b: Zapdos|Pressure\n|switch|p1a: Gyarados|Gyarados, F|100\/100\n|-ability|p1a: Gyarados|Intimidate|boost\n|-unboost|p2a: Greninja|atk|1\n|-unboost|p2b: Blaziken|atk|1\n|-curestatus|p2a: Greninja|slp|[msg]\n|move|p2a: Greninja|Scald|p1b: Zapdos\n|-damage|p1b: Zapdos|61\/100\n|-status|p1b: Zapdos|brn\n|cant|p2b: Blaziken|slp\n|\n|-damage|p1b: Zapdos|55\/100 brn|[from] brn\n|-ability|p2b: Blaziken|Speed Boost|boost\n|-boost|p2b: Blaziken|spe|1\n|upkeep\n|turn|4\n|\n|t:|1696710874\n|switch|p2b: Lycanroc|Lycanroc-Dusk, F|100\/100\n|move|p1a: Gyarados|Protect|p1a: Gyarados\n|-singleturn|p1a: Gyarados|Protect\n|move|p2a: Greninja|Scald|p1a: Gyarados\n|-activate|p1a: Gyarados|move: Protect\n|move|p1b: Zapdos|Discharge|p2a: Greninja|[spread] p2a,p2b\n|-activate|p1a: Gyarados|move: Protect\n|-supereffective|p2a: Greninja\n|-damage|p2a: Greninja|0 fnt\n|-damage|p2b: Lycanroc|38\/100\n|faint|p2a: Greninja\n|-damage|p1b: Zapdos|45\/100 brn|[from] item: Life Orb\n|\n|-damage|p1b: Zapdos|39\/100 brn|[from] brn\n|upkeep\n|inactive|Voadera has 120 seconds left.\n|\n|t:|1696710905\n|switch|p2a: Togekiss|Togekiss, M|100\/100\n|turn|5\n|l|\u2606Voadera\n|inactive|Voadera disconnected and has a minute to reconnect!\n|player|p2|\n|\n|t:|1696710919\n|move|p1b: Zapdos|Protect|p1b: Zapdos\n|-singleturn|p1b: Zapdos|Protect\n|move|p2b: Lycanroc|Accelerock|p1b: Zapdos\n|-activate|p1b: Zapdos|move: Protect\n|move|p2a: Togekiss|Bitter Malice|p1a: Gyarados\n|-damage|p1a: Gyarados|52\/100\n|-unboost|p1a: Gyarados|atk|1\n|-damage|p2a: Togekiss|91\/100|[from] item: Life Orb\n|move|p1a: Gyarados|Waterfall|p2b: Lycanroc\n|-supereffective|p2b: Lycanroc\n|-damage|p2b: Lycanroc|0 fnt\n|faint|p2b: Lycanroc\n|\n|-damage|p1b: Zapdos|32\/100 brn|[from] brn\n|upkeep\n|j|\u2606Voadera\n|inactive|Voadera reconnected and has 145 seconds left.\n|player|p2|Voadera|dancer\n|inactive|Voadera has 120 seconds left.\n|\n|t:|1696710949\n|switch|p2b: Togekiss|Togekiss, M|100\/100\n|turn|6\n|inactive|DxTrainerBlue has 120 seconds left.\n|c|\u2606DxTrainerBlue|oh god double togekiss\n|c|\u2606DxTrainerBlue|WHICH ONE DO I SHOOT\n|inactive|DxTrainerBlue has 90 seconds left.\n|inactive|DxTrainerBlue has 60 seconds left.\n|\n|t:|1696711050\n|switch|p1a: Toedscruel|Toedscruel, F, tera:Fire|100\/100\n|-terastallize|p2b: Togekiss|Electric\n|move|p2a: Togekiss|Bitter Malice|p1a: Toedscruel\n|-damage|p1a: Toedscruel|51\/100\n|-unboost|p1a: Toedscruel|atk|1\n|-damage|p2a: Togekiss|81\/100|[from] item: Life Orb\n|move|p1b: Zapdos|Hurricane|p2a: Togekiss|[miss]\n|-miss|p1b: Zapdos|p2a: Togekiss\n|move|p2b: Togekiss|Ancient Power|p1b: Zapdos\n|-supereffective|p1b: Zapdos\n|-damage|p1b: Zapdos|0 fnt\n|faint|p1b: Zapdos\n|\n|upkeep\n|c|\u2606Voadera|\ud83e\udd14\n|\n|t:|1696711066\n|switch|p1b: Koffing|Koffing, F|100\/100\n|-ability|p1b: Koffing|Neutralizing Gas\n|replace|p2a: Zoroark|Zoroark-Hisui, M\n|-end|p2a: Zoroark|Illusion\n|turn|7\n|inactive|DxTrainerBlue has 60 seconds left.\n|c|\u2606Voadera|Nice strat\n|\n|t:|1696711098\n|move|p1a: Toedscruel|Spore|p2b: Togekiss\n|-status|p2b: Togekiss|slp|[from] move: Spore\n|move|p2a: Zoroark|Psychic|p1a: Toedscruel\n|-damage|p1a: Toedscruel|15\/100\n|-damage|p2a: Zoroark|71\/100|[from] item: Life Orb\n|cant|p2b: Togekiss|slp\n|move|p1b: Koffing|Acid Spray|p2a: Zoroark\n|-resisted|p2a: Zoroark\n|-damage|p2a: Zoroark|62\/100\n|-unboost|p2a: Zoroark|spd|2\n|\n|upkeep\n|turn|8\n|c|\u2606DxTrainerBlue|thanks\n|c|\u2606DxTrainerBlue|maximum annoyance factor achieved\n|c|\u2606Voadera|Bitter mallice is the signature move of h Zoroark\n|inactive|DxTrainerBlue has 30 seconds left.\n|inactive|Voadera has 120 seconds left.\n|inactive|DxTrainerBlue has 20 seconds left.\n|inactive|DxTrainerBlue has 15 seconds left.\n|\n|t:|1696711147\n|move|p1a: Toedscruel|Spore|p2a: Zoroark\n|-status|p2a: Zoroark|slp|[from] move: Spore\n|cant|p2a: Zoroark|slp\n|-curestatus|p2b: Togekiss|slp|[msg]\n|move|p2b: Togekiss|Ancient Power|p1a: Toedscruel\n|-supereffective|p1a: Toedscruel\n|-damage|p1a: Toedscruel|0 fnt\n|faint|p1a: Toedscruel\n|move|p1b: Koffing|Acid Spray|p2a: Zoroark\n|-resisted|p2a: Zoroark\n|-damage|p2a: Zoroark|45\/100 slp\n|-unboost|p2a: Zoroark|spd|2\n|\n|upkeep\n|inactive|DxTrainerBlue has 20 seconds left this turn.\n|inactive|DxTrainerBlue has 15 seconds left.\n|c|\u2606Voadera|:D\n|inactive|DxTrainerBlue has 10 seconds left.\n|inactive|DxTrainerBlue has 5 seconds left.\n|\n|t:|1696711166\n|switch|p1a: Dragonite|Dragonite, M|100\/100\n|turn|9\n|inactive|DxTrainerBlue has 30 seconds left this turn.\n|inactive|DxTrainerBlue has 20 seconds left.\n|\n|t:|1696711177\n|move|p1a: Dragonite|Protect|p1a: Dragonite\n|-singleturn|p1a: Dragonite|Protect\n|cant|p2a: Zoroark|slp\n|move|p2b: Togekiss|Zap Cannon|p1a: Dragonite\n|-activate|p1a: Dragonite|move: Protect\n|move|p1b: Koffing|Acid Spray|p2a: Zoroark\n|-resisted|p2a: Zoroark\n|-damage|p2a: Zoroark|18\/100 slp\n|-unboost|p2a: Zoroark|spd|2\n|\n|upkeep\n|turn|10\n|c|\u2606Voadera|Pls\n|c|\u2606Voadera|Pls\n|c|\u2606Voadera|Pls\n|inactive|DxTrainerBlue has 30 seconds left.\n|c|\u2606Voadera|Pls\n|\n|t:|1696711193\n|cant|p2a: Zoroark|slp\n|move|p2b: Togekiss|Zap Cannon|p1a: Dragonite|[miss]\n|-miss|p2b: Togekiss|p1a: Dragonite\n|move|p1a: Dragonite|Tailwind|p1a: Dragonite\n|-sidestart|p1: DxTrainerBlue|move: Tailwind\n|move|p1b: Koffing|Acid Spray|p2a: Zoroark\n|-resisted|p2a: Zoroark\n|-damage|p2a: Zoroark|0 fnt\n|faint|p2a: Zoroark\n|\n|upkeep\n|c|\u2606Voadera|Pls\n|c|\u2606Voadera|Pls\n|c|\u2606DxTrainerBlue|LOL\n|c|\u2606Voadera|Ah :(\n|c|\u2606DxTrainerBlue|rip\n|\n|t:|1696711205\n|switch|p2a: Baxcalibur|Baxcalibur, F|100\/100\n|turn|11\n|\n|t:|1696711225\n|move|p1a: Dragonite|Dragon Rush|p2a: Baxcalibur\n|-supereffective|p2a: Baxcalibur\n|-damage|p2a: Baxcalibur|3\/100\n|move|p2a: Baxcalibur|Dragon Dance|p2a: Baxcalibur\n|-boost|p2a: Baxcalibur|atk|1\n|-boost|p2a: Baxcalibur|spe|1\n|move|p2b: Togekiss|Zap Cannon|p1a: Dragonite\n|-damage|p1a: Dragonite|34\/100\n|-status|p1a: Dragonite|par\n|move|p1b: Koffing|Explosion|p2b: Togekiss|[spread] p1a,p2a,p2b\n|-enditem|p1b: Koffing|Normal Gem|[from] gem\n|-damage|p1a: Dragonite|0 fnt\n|-damage|p2a: Baxcalibur|0 fnt\n|-damage|p2b: Togekiss|32\/100\n|faint|p1b: Koffing\n|-end|p1b: Koffing|ability: Neutralizing Gas\n|faint|p1a: Dragonite\n|faint|p2a: Baxcalibur\n|\n|upkeep\n|c|\u2606Voadera|Eow\n|c|\u2606DxTrainerBlue|finna splode\n|inactive|DxTrainerBlue has 60 seconds left.\n|\n|t:|1696711243\n|switch|p2a: Blaziken|Blaziken-Mega, M|100\/100 slp\n|switch|p1a: Gyarados|Gyarados, F|52\/100\n|switch|p1b: Alakazam|Alakazam, F|100\/100\n|-ability|p1a: Gyarados|Intimidate|boost\n|-unboost|p2a: Blaziken|atk|1\n|-unboost|p2b: Togekiss|atk|1\n|turn|12\n|c|\u2606Voadera|Welp, gg i guess\n|inactive|DxTrainerBlue has 60 seconds left.\n|\n|t:|1696711266\n|detailschange|p1b: Alakazam|Alakazam-Mega, F\n|-mega|p1b: Alakazam|Alakazam|Alakazite\n|-ability|p1b: Alakazam|Speed Boost|[from] ability: Trace|[of] p2a: Blaziken\n|move|p1b: Alakazam|Psychic|p2a: Blaziken\n|-supereffective|p2a: Blaziken\n|-damage|p2a: Blaziken|0 fnt\n|faint|p2a: Blaziken\n|move|p1a: Gyarados|Waterfall|p2b: Togekiss\n|-damage|p2b: Togekiss|0 fnt\n|faint|p2b: Togekiss\n|\n|win|DxTrainerBlue\n|raw|DxTrainerBlue's rating: 1170 &rarr; <strong>1196<\/strong><br \/>(+26 for winning)\n|raw|Voadera's rating: 1185 &rarr; <strong>1159<\/strong><br \/>(-26 for losing)\n|c|\u2606DxTrainerBlue|gg, just so you dont think you lost to a complete idiot i was joking about togekiss\n|c|\u2606DxTrainerBlue|gg\n|c|\u2606DxTrainerBlue|i just downsized and i came back and there were two i was like o shit\n|c|\u2606Voadera|Gg\n|c|\u2606Voadera|A\n|l|\u2606Voadera\n","uploadtime":1696711394,"views":10,"p1id":"dxtrainerblue","p2id":"voadera","formatid":"gen9nationaldexdoubles","rating":1159,"private":0,"password":""}