{"id":"gen9nationaldexdoubles-1948237850","p1":"Epilepsy Espeon","p2":"EthanMenos10","format":"[Gen 9] National Dex Doubles","log":"|j|\u2606Epilepsy Espeon\n|j|\u2606EthanMenos10\n|t:|1695241211\n|gametype|doubles\n|player|p1|Epilepsy Espeon|psychic-gen4|1200\n|player|p2|EthanMenos10|cyclist-gen4|1201\n|teamsize|p1|6\n|teamsize|p2|6\n|gen|9\n|tier|[Gen 9] National Dex Doubles\n|rated|\n|rule|HP Percentage Mod: HP is shown in percentages\n|rule|Endless Battle Clause: Forcing endless battles is banned\n|rule|OHKO Clause: OHKO moves are banned\n|rule|Evasion Moves Clause: Evasion moves are banned\n|rule|Evasion Abilities Clause: Evasion abilities are banned\n|rule|Species Clause: Limit one of each Pok\u00e9mon\n|rule|Gravity Sleep Clause: The combination of sleep-inducing moves with imperfect accuracy and Gravity or Gigantamax Orbeetle are banned\n|clearpoke\n|poke|p1|Espeon, M|\n|poke|p1|Lurantis, F|\n|poke|p1|Corsola-Galar, F|\n|poke|p1|Sableye, M|\n|poke|p1|Chimecho, M|\n|poke|p1|Muk-Alola, M|\n|poke|p2|Eevee, F|\n|poke|p2|Ogerpon-Cornerstone, F|\n|poke|p2|Sinistcha|\n|poke|p2|Great Tusk|\n|poke|p2|Espeon, F|\n|poke|p2|Lopunny, F|\n|teampreview\n|inactive|Battle timer is ON: inactive players will automatically lose when time's up. (requested by Epilepsy Espeon)\n|\n|t:|1695241237\n|start\n|switch|p1a: Lurantis|Lurantis, F|100\/100\n|switch|p1b: Sableye|Sableye, M|100\/100\n|switch|p2a: \"Don't lose hope \"|Lopunny, F, shiny|100\/100\n|switch|p2b: \"its not over yet\"|Espeon, F, shiny|100\/100\n|turn|1\n|\n|t:|1695241253\n|detailschange|p2a: \"Don't lose hope \"|Lopunny-Mega, F, shiny\n|-mega|p2a: \"Don't lose hope \"|Lopunny|Lopunnite\n|move|p2a: \"Don't lose hope \"|Fake Out|p1b: Sableye\n|-damage|p1b: Sableye|78\/100\n|cant|p1b: Sableye|flinch\n|move|p2b: \"its not over yet\"|Draining Kiss|p1b: Sableye\n|-supereffective|p1b: Sableye\n|-damage|p1b: Sableye|2\/100\n|-damage|p2b: \"its not over yet\"|91\/100|[from] item: Life Orb\n|move|p1a: Lurantis|Superpower|p2a: \"Don't lose hope \"\n|-supereffective|p2a: \"Don't lose hope \"\n|-damage|p2a: \"Don't lose hope \"|38\/100\n|-boost|p1a: Lurantis|atk|1\n|-boost|p1a: Lurantis|def|1\n|\n|upkeep\n|turn|2\n|inactive|EthanMenos10 has 120 seconds left.\n|\n|t:|1695241288\n|move|p1b: Sableye|Encore|p2a: \"Don't lose hope \"\n|-start|p2a: \"Don't lose hope \"|Encore\n|move|p2a: \"Don't lose hope \"|Fake Out||[still]\n|-hint|Fake Out only works on your first turn out.\n|-fail|p2a: \"Don't lose hope \"\n|move|p2b: \"its not over yet\"|Toxic|p1a: Lurantis\n|-status|p1a: Lurantis|tox\n|move|p1a: Lurantis|Superpower|p2a: \"Don't lose hope \"\n|-supereffective|p2a: \"Don't lose hope \"\n|-damage|p2a: \"Don't lose hope \"|0 fnt\n|-boost|p1a: Lurantis|atk|1\n|-boost|p1a: Lurantis|def|1\n|faint|p2a: \"Don't lose hope \"\n|\n|-damage|p1a: Lurantis|94\/100 tox|[from] psn\n|upkeep\n|inactive|EthanMenos10 has 120 seconds left.\n|\n|t:|1695241305\n|switch|p2a: \"be yourself \"|Sinistcha, shiny|100\/100\n|-heal|p2b: \"its not over yet\"|100\/100|[from] ability: Hospitality|[of] p2a: \"be yourself \"\n|turn|3\n|inactive|EthanMenos10 has 120 seconds left.\n|\n|t:|1695241322\n|move|p1b: Sableye|Confuse Ray|p2a: \"be yourself \"\n|-start|p2a: \"be yourself \"|confusion\n|move|p2b: \"its not over yet\"|Psychic|p1a: Lurantis\n|-damage|p1a: Lurantis|27\/100 tox\n|-damage|p2b: \"its not over yet\"|91\/100|[from] item: Life Orb\n|move|p1a: Lurantis|Leech Life|p2b: \"its not over yet\"\n|-supereffective|p2b: \"its not over yet\"\n|-damage|p2b: \"its not over yet\"|0 fnt\n|-heal|p1a: Lurantis|63\/100 tox|[from] drain|[of] p2b: \"its not over yet\"\n|faint|p2b: \"its not over yet\"\n|-activate|p2a: \"be yourself \"|confusion\n|move|p2a: \"be yourself \"|Matcha Gotcha|p1a: Lurantis|[spread] p1a,p1b\n|-resisted|p1a: Lurantis\n|-damage|p1a: Lurantis|46\/100 tox\n|-damage|p1b: Sableye|0 fnt\n|faint|p1b: Sableye\n|\n|-damage|p1a: Lurantis|34\/100 tox|[from] psn\n|upkeep\n|\n|t:|1695241345\n|switch|p2b: \" so get up \"|Great Tusk, shiny|100\/100\n|switch|p1b: Chimecho|Chimecho, M|100\/100\n|turn|4\n|inactive|EthanMenos10 has 120 seconds left.\n|\n|t:|1695241386\n|-terastallize|p2b: \" so get up \"|Steel\n|move|p2b: \" so get up \"|Rapid Spin|p1a: Lurantis\n|-damage|p1a: Lurantis|24\/100 tox\n|-boost|p2b: \" so get up \"|spe|1\n|move|p1a: Lurantis|Leaf Storm|p2b: \" so get up \"\n|-resisted|p2b: \" so get up \"\n|-damage|p2b: \" so get up \"|71\/100\n|-boost|p1a: Lurantis|spa|2\n|-activate|p2a: \"be yourself \"|confusion\n|move|p2a: \"be yourself \"|Life Dew||[still]|[spread] p2a,p2b\n|-fail|p2a: \"be yourself \"|heal\n|-heal|p2b: \" so get up \"|96\/100\n|move|p1b: Chimecho|Skill Swap|p2a: \"be yourself \"\n|-activate|p1b: Chimecho|move: Skill Swap|Hospitality|Levitate|[of] p2a: \"be yourself \"\n|-heal|p1a: Lurantis|49\/100 tox|[from] ability: Hospitality|[of] p1b: Chimecho\n|\n|-damage|p1a: Lurantis|30\/100 tox|[from] psn\n|upkeep\n|turn|5\n|inactive|EthanMenos10 has 120 seconds left.\n|\n|t:|1695241426\n|move|p2b: \" so get up \"|Ice Spinner|p1a: Lurantis\n|-supereffective|p1a: Lurantis\n|-damage|p1a: Lurantis|0 fnt\n|faint|p1a: Lurantis\n|-end|p2a: \"be yourself \"|confusion\n|move|p2a: \"be yourself \"|Life Dew||[still]|[spread] p2a,p2b\n|-fail|p2a: \"be yourself \"|heal\n|-heal|p2b: \" so get up \"|100\/100\n|move|p1b: Chimecho|Cosmic Power|p1b: Chimecho\n|-boost|p1b: Chimecho|def|1\n|-boost|p1b: Chimecho|spd|1\n|\n|upkeep\n|\n|t:|1695241437\n|switch|p1a: Espeon|Espeon, M|100\/100\n|turn|6\n|inactive|EthanMenos10 has 120 seconds left.\n|\n|t:|1695241451\n|move|p2b: \" so get up \"|Rapid Spin|p1a: Espeon\n|-damage|p1a: Espeon|66\/100\n|-boost|p2b: \" so get up \"|spe|1\n|move|p1a: Espeon|Shadow Ball|p2a: \"be yourself \"\n|-supereffective|p2a: \"be yourself \"\n|-crit|p2a: \"be yourself \"\n|-damage|p2a: \"be yourself \"|6\/100\n|-unboost|p2a: \"be yourself \"|spd|1\n|move|p2a: \"be yourself \"|Shadow Ball|p1a: Espeon\n|-supereffective|p1a: Espeon\n|-crit|p1a: Espeon\n|-damage|p1a: Espeon|0 fnt\n|faint|p1a: Espeon\n|move|p1b: Chimecho|Cosmic Power|p1b: Chimecho\n|-boost|p1b: Chimecho|def|1\n|-boost|p1b: Chimecho|spd|1\n|\n|-heal|p2a: \"be yourself \"|12\/100|[from] item: Leftovers\n|upkeep\n|\n|t:|1695241463\n|switch|p1a: Muk|Muk-Alola, M|100\/100\n|turn|7\n|\n|t:|1695241484\n|move|p2b: \" so get up \"|Headlong Rush|p1b: Chimecho\n|-damage|p1b: Chimecho|65\/100\n|-unboost|p2b: \" so get up \"|def|1\n|-unboost|p2b: \" so get up \"|spd|1\n|move|p1a: Muk|Drain Punch|p2b: \" so get up \"\n|-supereffective|p2b: \" so get up \"\n|-damage|p2b: \" so get up \"|50\/100\n|move|p2a: \"be yourself \"|Shadow Ball|p1b: Chimecho\n|-supereffective|p1b: Chimecho\n|-damage|p1b: Chimecho|21\/100\n|move|p1b: Chimecho|Cosmic Power|p1b: Chimecho\n|-boost|p1b: Chimecho|def|1\n|-boost|p1b: Chimecho|spd|1\n|\n|-heal|p2a: \"be yourself \"|18\/100|[from] item: Leftovers\n|-heal|p1b: Chimecho|28\/100|[from] item: Leftovers\n|upkeep\n|turn|8\n|\n|t:|1695241510\n|move|p2b: \" so get up \"|Headlong Rush|p1b: Chimecho\n|-damage|p1b: Chimecho|0 fnt\n|-unboost|p2b: \" so get up \"|def|1\n|-unboost|p2b: \" so get up \"|spd|1\n|faint|p1b: Chimecho\n|-ability|p1a: Muk|Hospitality|[from] ability: Power of Alchemy|[of] p1b: Chimecho\n|move|p1a: Muk|Drain Punch|p2b: \" so get up \"\n|-supereffective|p2b: \" so get up \"\n|-damage|p2b: \" so get up \"|0 fnt\n|faint|p2b: \" so get up \"\n|-end|p2b: \" so get up \"|Protosynthesis|[silent]\n|move|p2a: \"be yourself \"|Shadow Ball|p1a: Muk\n|-resisted|p1a: Muk\n|-damage|p1a: Muk|81\/100\n|\n|-heal|p1a: Muk|87\/100|[from] item: Black Sludge\n|-heal|p2a: \"be yourself \"|24\/100|[from] item: Leftovers\n|upkeep\n|\n|t:|1695241528\n|switch|p2b: \"GIVE YOUR BEST\"|Ogerpon-Cornerstone, F|100\/100\n|switch|p1b: Corsola|Corsola-Galar, F|100\/100\n|turn|9\n|\n|t:|1695241541\n|switch|p2a: \"AND GO BEYOND!\"|Eevee, F|100\/100\n|move|p2b: \"GIVE YOUR BEST\"|Swords Dance|p2b: \"GIVE YOUR BEST\"\n|-boost|p2b: \"GIVE YOUR BEST\"|atk|2\n|move|p1a: Muk|Rock Polish|p1a: Muk\n|-boost|p1a: Muk|spe|2\n|move|p1b: Corsola|Confuse Ray|p2b: \"GIVE YOUR BEST\"\n|-start|p2b: \"GIVE YOUR BEST\"|confusion\n|\n|-heal|p1a: Muk|93\/100|[from] item: Black Sludge\n|upkeep\n|turn|10\n|inactive|EthanMenos10 has 120 seconds left.\n|\n|t:|1695241592\n|move|p1a: Muk|Rock Slide|p2b: \"GIVE YOUR BEST\"|[spread] p2a,p2b\n|-damage|p2a: \"AND GO BEYOND!\"|65\/100\n|-damage|p2b: \"GIVE YOUR BEST\"|77\/100\n|-activate|p2b: \"GIVE YOUR BEST\"|confusion\n|-damage|p2b: \"GIVE YOUR BEST\"|44\/100|[from] confusion\n|-zpower|p2a: \"AND GO BEYOND!\"\n|move|p2a: \"AND GO BEYOND!\"|Extreme Evoboost|p2a: \"AND GO BEYOND!\"\n|-boost|p2a: \"AND GO BEYOND!\"|atk|2\n|-boost|p2a: \"AND GO BEYOND!\"|def|2\n|-boost|p2a: \"AND GO BEYOND!\"|spa|2\n|-boost|p2a: \"AND GO BEYOND!\"|spd|2\n|-boost|p2a: \"AND GO BEYOND!\"|spe|2\n|move|p1b: Corsola|Strength Sap|p2b: \"GIVE YOUR BEST\"\n|-unboost|p2b: \"GIVE YOUR BEST\"|atk|1\n|\n|-heal|p1a: Muk|99\/100|[from] item: Black Sludge\n|upkeep\n|turn|11\n|inactive|EthanMenos10 has 120 seconds left.\n|inactive|EthanMenos10 has 90 seconds left.\n|\n|t:|1695241650\n|move|p1a: Muk|Rock Slide|p2a: \"AND GO BEYOND!\"|[spread] p2a,p2b\n|-crit|p2b: \"GIVE YOUR BEST\"\n|-damage|p2a: \"AND GO BEYOND!\"|49\/100\n|-damage|p2b: \"GIVE YOUR BEST\"|8\/100\n|cant|p2b: \"GIVE YOUR BEST\"|flinch\n|move|p2a: \"AND GO BEYOND!\"|Stored Power|p1b: Corsola\n|-damage|p1b: Corsola|68\/100\n|move|p1b: Corsola|Strength Sap|p2b: \"GIVE YOUR BEST\"\n|-unboost|p2b: \"GIVE YOUR BEST\"|atk|1\n|-heal|p1b: Corsola|100\/100\n|\n|-heal|p1a: Muk|100\/100|[from] item: Black Sludge\n|upkeep\n|turn|12\n|inactive|EthanMenos10 has 90 seconds left.\n|\n|t:|1695241679\n|move|p2a: \"AND GO BEYOND!\"|Protect|p2a: \"AND GO BEYOND!\"\n|-singleturn|p2a: \"AND GO BEYOND!\"|Protect\n|move|p1a: Muk|Rock Slide|p2b: \"GIVE YOUR BEST\"|[spread] p2b\n|-activate|p2a: \"AND GO BEYOND!\"|move: Protect\n|-damage|p2b: \"GIVE YOUR BEST\"|0 fnt\n|faint|p2b: \"GIVE YOUR BEST\"\n|move|p1b: Corsola|Mirror Coat||[still]\n|-fail|p1b: Corsola\n|\n|upkeep\n|\n|t:|1695241689\n|switch|p2b: \"be yourself \"|Sinistcha, shiny|24\/100\n|-heal|p2a: \"AND GO BEYOND!\"|74\/100|[from] ability: Hospitality|[of] p2b: \"be yourself \"\n|turn|13\n|\n|t:|1695241701\n|move|p1a: Muk|Rock Slide|p2b: \"be yourself \"|[spread] p2a\n|-miss|p1a: Muk|p2b: \"be yourself \"\n|-damage|p2a: \"AND GO BEYOND!\"|56\/100\n|move|p2a: \"AND GO BEYOND!\"|Trailblaze|p1b: Corsola\n|-damage|p1b: Corsola|87\/100\n|-boost|p2a: \"AND GO BEYOND!\"|spe|1\n|move|p2b: \"be yourself \"|Life Dew|p2b: \"be yourself \"|[spread] p2a,p2b\n|-heal|p2a: \"AND GO BEYOND!\"|81\/100\n|-heal|p2b: \"be yourself \"|50\/100\n|move|p1b: Corsola|Mirror Coat||[still]\n|-fail|p1b: Corsola\n|\n|-heal|p2b: \"be yourself \"|56\/100|[from] item: Leftovers\n|upkeep\n|turn|14\n|inactive|EthanMenos10 has 90 seconds left.\n|\n|t:|1695241727\n|move|p2a: \"AND GO BEYOND!\"|Protect|p2a: \"AND GO BEYOND!\"\n|-singleturn|p2a: \"AND GO BEYOND!\"|Protect\n|move|p1a: Muk|Poison Jab|p2b: \"be yourself \"\n|-damage|p2b: \"be yourself \"|16\/100\n|move|p2b: \"be yourself \"|Life Dew|p2b: \"be yourself \"|[spread] p2a,p2b\n|-heal|p2a: \"AND GO BEYOND!\"|100\/100\n|-heal|p2b: \"be yourself \"|41\/100\n|move|p1b: Corsola|Confuse Ray|p2a: \"AND GO BEYOND!\"\n|-activate|p2a: \"AND GO BEYOND!\"|move: Protect\n|\n|-heal|p2b: \"be yourself \"|47\/100|[from] item: Leftovers\n|upkeep\n|turn|15\n|inactive|EthanMenos10 has 90 seconds left.\n|\n|t:|1695241752\n|move|p1a: Muk|Rock Slide|p2b: \"be yourself \"|[spread] p2b\n|-miss|p1a: Muk|p2a: \"AND GO BEYOND!\"\n|-damage|p2b: \"be yourself \"|29\/100\n|move|p2a: \"AND GO BEYOND!\"|Last Resort|p1a: Muk\n|-damage|p1a: Muk|0 fnt\n|faint|p1a: Muk\n|move|p2b: \"be yourself \"|Shadow Ball|p1b: Corsola\n|-supereffective|p1b: Corsola\n|-damage|p1b: Corsola|45\/100\n|move|p1b: Corsola|Night Shade|p2b: \"be yourself \"\n|-damage|p2b: \"be yourself \"|0 fnt\n|faint|p2b: \"be yourself \"\n|\n|upkeep\n|turn|16\n|c|\u2606EthanMenos10|gg\n|inactive|EthanMenos10 has 90 seconds left.\n|\n|t:|1695241769\n|move|p2a: \"AND GO BEYOND!\"|Last Resort|p1b: Corsola\n|-immune|p1b: Corsola\n|move|p1b: Corsola|Strength Sap|p2a: \"AND GO BEYOND!\"\n|-unboost|p2a: \"AND GO BEYOND!\"|atk|1\n|-heal|p1b: Corsola|100\/100\n|\n|upkeep\n|turn|17\n|c|\u2606Epilepsy Espeon|GG\n|\n|t:|1695241779\n|move|p2a: \"AND GO BEYOND!\"|Stored Power|p1b: Corsola\n|-damage|p1b: Corsola|65\/100\n|move|p1b: Corsola|Confuse Ray|p2a: \"AND GO BEYOND!\"\n|-start|p2a: \"AND GO BEYOND!\"|confusion\n|\n|upkeep\n|turn|18\n|\n|t:|1695241785\n|-activate|p2a: \"AND GO BEYOND!\"|confusion\n|move|p2a: \"AND GO BEYOND!\"|Protect|p2a: \"AND GO BEYOND!\"\n|-singleturn|p2a: \"AND GO BEYOND!\"|Protect\n|move|p1b: Corsola|Strength Sap|p2a: \"AND GO BEYOND!\"\n|-activate|p2a: \"AND GO BEYOND!\"|move: Protect\n|\n|upkeep\n|turn|19\n|\n|t:|1695241793\n|-activate|p2a: \"AND GO BEYOND!\"|confusion\n|move|p2a: \"AND GO BEYOND!\"|Trailblaze|p1b: Corsola\n|-damage|p1b: Corsola|55\/100\n|-boost|p2a: \"AND GO BEYOND!\"|spe|1\n|move|p1b: Corsola|Strength Sap|p2a: \"AND GO BEYOND!\"\n|-unboost|p2a: \"AND GO BEYOND!\"|atk|1\n|-heal|p1b: Corsola|100\/100\n|\n|upkeep\n|turn|20\n|\n|t:|1695241803\n|-activate|p2a: \"AND GO BEYOND!\"|confusion\n|move|p2a: \"AND GO BEYOND!\"|Trailblaze|p1b: Corsola\n|-damage|p1b: Corsola|94\/100\n|-boost|p2a: \"AND GO BEYOND!\"|spe|1\n|move|p1b: Corsola|Mirror Coat||[still]\n|-fail|p1b: Corsola\n|\n|upkeep\n|turn|21\n|\n|t:|1695241812\n|-end|p2a: \"AND GO BEYOND!\"|confusion\n|move|p2a: \"AND GO BEYOND!\"|Trailblaze|p1b: Corsola\n|-damage|p1b: Corsola|88\/100\n|-boost|p2a: \"AND GO BEYOND!\"|spe|1\n|move|p1b: Corsola|Mirror Coat||[still]\n|-fail|p1b: Corsola\n|\n|upkeep\n|turn|22\n|\n|t:|1695241822\n|move|p2a: \"AND GO BEYOND!\"|Trailblaze|p1b: Corsola\n|-damage|p1b: Corsola|82\/100\n|move|p1b: Corsola|Strength Sap|p2a: \"AND GO BEYOND!\"\n|-unboost|p2a: \"AND GO BEYOND!\"|atk|1\n|-heal|p1b: Corsola|100\/100\n|\n|upkeep\n|turn|23\n|\n|t:|1695241830\n|move|p2a: \"AND GO BEYOND!\"|Trailblaze|p1b: Corsola\n|-damage|p1b: Corsola|96\/100\n|move|p1b: Corsola|Mirror Coat||[still]\n|-fail|p1b: Corsola\n|\n|upkeep\n|turn|24\n|c|\u2606Epilepsy Espeon|Why make this take longer though?\n|c|\u2606EthanMenos10|Im not stupid\n|\n|t:|1695241854\n|move|p2a: \"AND GO BEYOND!\"|Trailblaze|p1b: Corsola\n|-damage|p1b: Corsola|92\/100\n|move|p1b: Corsola|Confuse Ray|p2a: \"AND GO BEYOND!\"\n|-start|p2a: \"AND GO BEYOND!\"|confusion\n|\n|upkeep\n|turn|25\n|c|\u2606Epilepsy Espeon|Uh, okay?\n|c|\u2606Epilepsy Espeon|You still can't win\n|\n|t:|1695241873\n|-activate|p2a: \"AND GO BEYOND!\"|confusion\n|-damage|p2a: \"AND GO BEYOND!\"|96\/100|[from] confusion\n|move|p1b: Corsola|Mirror Coat||[still]\n|-fail|p1b: Corsola\n|\n|upkeep\n|turn|26\n|inactive|EthanMenos10 has 120 seconds left.\n|c|\u2606EthanMenos10|it's not over yet\n|\n|t:|1695241910\n|-end|p2a: \"AND GO BEYOND!\"|confusion\n|move|p2a: \"AND GO BEYOND!\"|Trailblaze|p1b: Corsola\n|-damage|p1b: Corsola|87\/100\n|-start|p2a: \"AND GO BEYOND!\"|Disable|Trailblaze|[from] ability: Cursed Body|[of] p1b: Corsola\n|move|p1b: Corsola|Mirror Coat||[still]\n|-fail|p1b: Corsola\n|\n|upkeep\n|turn|27\n|c|\u2606Epilepsy Espeon|Bro, you can test my patience all day, I got nowhere to be\n|c|\u2606Epilepsy Espeon|If you wanna lose slower, go for it\n|\n|t:|1695241931\n|move|p2a: \"AND GO BEYOND!\"|Last Resort|p1b: Corsola\n|-immune|p1b: Corsola\n|move|p1b: Corsola|Confuse Ray|p2a: \"AND GO BEYOND!\"\n|-start|p2a: \"AND GO BEYOND!\"|confusion\n|\n|upkeep\n|turn|28\n|\n|t:|1695241937\n|-activate|p2a: \"AND GO BEYOND!\"|confusion\n|move|p2a: \"AND GO BEYOND!\"|Protect|p2a: \"AND GO BEYOND!\"\n|-singleturn|p2a: \"AND GO BEYOND!\"|Protect\n|move|p1b: Corsola|Mirror Coat||[still]\n|-fail|p1b: Corsola\n|\n|upkeep\n|turn|29\n|\n|t:|1695241946\n|-end|p2a: \"AND GO BEYOND!\"|confusion\n|move|p2a: \"AND GO BEYOND!\"|Protect|p2a: \"AND GO BEYOND!\"\n|-singleturn|p2a: \"AND GO BEYOND!\"|Protect\n|move|p1b: Corsola|Night Shade|p2a: \"AND GO BEYOND!\"\n|-activate|p2a: \"AND GO BEYOND!\"|move: Protect\n|\n|-end|p2a: \"AND GO BEYOND!\"|Disable\n|upkeep\n|turn|30\n|\n|t:|1695241964\n|move|p2a: \"AND GO BEYOND!\"|Trailblaze|p1b: Corsola\n|-crit|p1b: Corsola\n|-damage|p1b: Corsola|77\/100\n|-start|p2a: \"AND GO BEYOND!\"|Disable|Trailblaze|[from] ability: Cursed Body|[of] p1b: Corsola\n|move|p1b: Corsola|Mirror Coat||[still]\n|-fail|p1b: Corsola\n|\n|upkeep\n|turn|31\n|\n|t:|1695241972\n|move|p2a: \"AND GO BEYOND!\"|Protect|p2a: \"AND GO BEYOND!\"\n|-singleturn|p2a: \"AND GO BEYOND!\"|Protect\n|move|p1b: Corsola|Confuse Ray|p2a: \"AND GO BEYOND!\"\n|-activate|p2a: \"AND GO BEYOND!\"|move: Protect\n|\n|upkeep\n|turn|32\n|\n|t:|1695241982\n|move|p2a: \"AND GO BEYOND!\"|Last Resort|p1b: Corsola\n|-immune|p1b: Corsola\n|move|p1b: Corsola|Confuse Ray|p2a: \"AND GO BEYOND!\"\n|-start|p2a: \"AND GO BEYOND!\"|confusion\n|\n|upkeep\n|turn|33\n|\n|t:|1695241996\n|-activate|p2a: \"AND GO BEYOND!\"|confusion\n|-damage|p2a: \"AND GO BEYOND!\"|91\/100|[from] confusion\n|move|p1b: Corsola|Mirror Coat||[still]\n|-fail|p1b: Corsola\n|\n|-end|p2a: \"AND GO BEYOND!\"|Disable\n|upkeep\n|turn|34\n|\n|t:|1695242003\n|-end|p2a: \"AND GO BEYOND!\"|confusion\n|move|p2a: \"AND GO BEYOND!\"|Trailblaze|p1b: Corsola\n|-damage|p1b: Corsola|73\/100\n|move|p1b: Corsola|Mirror Coat||[still]\n|-fail|p1b: Corsola\n|\n|upkeep\n|turn|35\n|\n|t:|1695242013\n|move|p2a: \"AND GO BEYOND!\"|Protect|p2a: \"AND GO BEYOND!\"\n|-singleturn|p2a: \"AND GO BEYOND!\"|Protect\n|move|p1b: Corsola|Strength Sap|p2a: \"AND GO BEYOND!\"\n|-activate|p2a: \"AND GO BEYOND!\"|move: Protect\n|\n|upkeep\n|turn|36\n|\n|t:|1695242020\n|move|p2a: \"AND GO BEYOND!\"|Trailblaze|p1b: Corsola\n|-damage|p1b: Corsola|69\/100\n|move|p1b: Corsola|Strength Sap|p2a: \"AND GO BEYOND!\"\n|-unboost|p2a: \"AND GO BEYOND!\"|atk|1\n|-heal|p1b: Corsola|100\/100\n|\n|upkeep\n|turn|37\n|\n|t:|1695242045\n|move|p2a: \"AND GO BEYOND!\"|Trailblaze|p1b: Corsola\n|-damage|p1b: Corsola|97\/100\n|move|p1b: Corsola|Night Shade|p2a: \"AND GO BEYOND!\"\n|-immune|p2a: \"AND GO BEYOND!\"\n|\n|upkeep\n|turn|38\n|\n|t:|1695242055\n|move|p2a: \"AND GO BEYOND!\"|Trailblaze|p1b: Corsola\n|-damage|p1b: Corsola|94\/100\n|-start|p2a: \"AND GO BEYOND!\"|Disable|Trailblaze|[from] ability: Cursed Body|[of] p1b: Corsola\n|move|p1b: Corsola|Confuse Ray|p2a: \"AND GO BEYOND!\"\n|-start|p2a: \"AND GO BEYOND!\"|confusion\n|\n|upkeep\n|turn|39\n|\n|t:|1695242063\n|-activate|p2a: \"AND GO BEYOND!\"|confusion\n|move|p2a: \"AND GO BEYOND!\"|Protect|p2a: \"AND GO BEYOND!\"\n|-singleturn|p2a: \"AND GO BEYOND!\"|Protect\n|move|p1b: Corsola|Night Shade|p2a: \"AND GO BEYOND!\"\n|-activate|p2a: \"AND GO BEYOND!\"|move: Protect\n|\n|upkeep\n|turn|40\n|\n|t:|1695242081\n|-end|p2a: \"AND GO BEYOND!\"|confusion\n|move|p2a: \"AND GO BEYOND!\"|Last Resort|p1b: Corsola\n|-immune|p1b: Corsola\n|move|p1b: Corsola|Night Shade|p2a: \"AND GO BEYOND!\"\n|-immune|p2a: \"AND GO BEYOND!\"\n|\n|upkeep\n|turn|41\n|\n|t:|1695242096\n|move|p2a: \"AND GO BEYOND!\"|Protect|p2a: \"AND GO BEYOND!\"\n|-singleturn|p2a: \"AND GO BEYOND!\"|Protect\n|move|p1b: Corsola|Night Shade|p2a: \"AND GO BEYOND!\"\n|-activate|p2a: \"AND GO BEYOND!\"|move: Protect\n|\n|-end|p2a: \"AND GO BEYOND!\"|Disable\n|upkeep\n|turn|42\n|\n|t:|1695242118\n|move|p2a: \"AND GO BEYOND!\"|Trailblaze|p1b: Corsola\n|-damage|p1b: Corsola|90\/100\n|move|p1b: Corsola|Confuse Ray|p2a: \"AND GO BEYOND!\"\n|-start|p2a: \"AND GO BEYOND!\"|confusion\n|\n|upkeep\n|turn|43\n|\n|t:|1695242126\n|-activate|p2a: \"AND GO BEYOND!\"|confusion\n|move|p2a: \"AND GO BEYOND!\"|Stored Power|p1b: Corsola\n|-damage|p1b: Corsola|53\/100\n|move|p1b: Corsola|Night Shade|p2a: \"AND GO BEYOND!\"\n|-immune|p2a: \"AND GO BEYOND!\"\n|\n|upkeep\n|turn|44\n|\n|t:|1695242138\n|-activate|p2a: \"AND GO BEYOND!\"|confusion\n|move|p2a: \"AND GO BEYOND!\"|Trailblaze|p1b: Corsola\n|-damage|p1b: Corsola|49\/100\n|move|p1b: Corsola|Mirror Coat||[still]\n|-fail|p1b: Corsola\n|\n|upkeep\n|turn|45\n|\n|t:|1695242146\n|-end|p2a: \"AND GO BEYOND!\"|confusion\n|move|p2a: \"AND GO BEYOND!\"|Trailblaze|p1b: Corsola\n|-damage|p1b: Corsola|46\/100\n|move|p1b: Corsola|Strength Sap|p2a: \"AND GO BEYOND!\"\n|-unboost|p2a: \"AND GO BEYOND!\"|atk|1\n|-heal|p1b: Corsola|73\/100\n|\n|upkeep\n|turn|46\n|\n|t:|1695242158\n|move|p2a: \"AND GO BEYOND!\"|Trailblaze|p1b: Corsola\n|-damage|p1b: Corsola|71\/100\n|-start|p2a: \"AND GO BEYOND!\"|Disable|Trailblaze|[from] ability: Cursed Body|[of] p1b: Corsola\n|move|p1b: Corsola|Confuse Ray|p2a: \"AND GO BEYOND!\"\n|-start|p2a: \"AND GO BEYOND!\"|confusion\n|\n|upkeep\n|turn|47\n|\n|t:|1695242173\n|-activate|p2a: \"AND GO BEYOND!\"|confusion\n|move|p2a: \"AND GO BEYOND!\"|Stored Power|p1b: Corsola\n|-damage|p1b: Corsola|33\/100\n|move|p1b: Corsola|Strength Sap|p2a: \"AND GO BEYOND!\"\n|-unboost|p2a: \"AND GO BEYOND!\"|atk|1\n|-heal|p1b: Corsola|55\/100\n|\n|upkeep\n|turn|48\n|\n|t:|1695242195\n|-end|p2a: \"AND GO BEYOND!\"|confusion\n|move|p2a: \"AND GO BEYOND!\"|Stored Power|p1b: Corsola\n|-damage|p1b: Corsola|15\/100\n|move|p1b: Corsola|Strength Sap|p2a: \"AND GO BEYOND!\"\n|-unboost|p2a: \"AND GO BEYOND!\"|atk|1\n|-heal|p1b: Corsola|33\/100\n|\n|upkeep\n|turn|49\n|c|\u2606EthanMenos10|GG\n|\n|t:|1695242212\n|-terastallize|p1b: Corsola|Dark\n|move|p2a: \"AND GO BEYOND!\"|Stored Power|p1b: Corsola\n|-immune|p1b: Corsola\n|move|p1b: Corsola|Confuse Ray|p2a: \"AND GO BEYOND!\"\n|-start|p2a: \"AND GO BEYOND!\"|confusion\n|\n|-end|p2a: \"AND GO BEYOND!\"|Disable\n|upkeep\n|turn|50\n|\n|t:|1695242220\n|-activate|p2a: \"AND GO BEYOND!\"|confusion\n|move|p2a: \"AND GO BEYOND!\"|Trailblaze|p1b: Corsola\n|-damage|p1b: Corsola|31\/100\n|-start|p2a: \"AND GO BEYOND!\"|Disable|Trailblaze|[from] ability: Cursed Body|[of] p1b: Corsola\n|move|p1b: Corsola|Strength Sap|p2a: \"AND GO BEYOND!\"\n|-unboost|p2a: \"AND GO BEYOND!\"|atk|1\n|-heal|p1b: Corsola|47\/100\n|\n|upkeep\n|turn|51\n|c|\u2606EthanMenos10|GG!\n|\n|t:|1695242249\n|-activate|p2a: \"AND GO BEYOND!\"|confusion\n|move|p2a: \"AND GO BEYOND!\"|Last Resort|p1b: Corsola\n|-damage|p1b: Corsola|38\/100\n|move|p1b: Corsola|Strength Sap||[still]\n|-fail|p1b: Corsola\n|\n|upkeep\n|turn|52\n|c|\u2606Epilepsy Espeon|You were saying?\n|\n|t:|1695242266\n|-activate|p2a: \"AND GO BEYOND!\"|confusion\n|-damage|p2a: \"AND GO BEYOND!\"|90\/100|[from] confusion\n|move|p1b: Corsola|Strength Sap||[still]\n|-fail|p1b: Corsola\n|\n|upkeep\n|turn|53\n|\n|t:|1695242282\n|-activate|p2a: \"AND GO BEYOND!\"|confusion\n|-damage|p2a: \"AND GO BEYOND!\"|88\/100|[from] confusion\n|move|p1b: Corsola|Confuse Ray||[still]\n|-fail|p1b: Corsola\n|\n|-end|p2a: \"AND GO BEYOND!\"|Disable\n|upkeep\n|turn|54\n|c|\u2606EthanMenos10|I just need an crit\n|\n|t:|1695242305\n|-end|p2a: \"AND GO BEYOND!\"|confusion\n|move|p2a: \"AND GO BEYOND!\"|Trailblaze|p1b: Corsola\n|-damage|p1b: Corsola|36\/100\n|move|p1b: Corsola|Night Shade|p2a: \"AND GO BEYOND!\"\n|-immune|p2a: \"AND GO BEYOND!\"\n|\n|upkeep\n|turn|55\n|\n|t:|1695242314\n|move|p2a: \"AND GO BEYOND!\"|Trailblaze|p1b: Corsola\n|-damage|p1b: Corsola|34\/100\n|move|p1b: Corsola|Confuse Ray|p2a: \"AND GO BEYOND!\"\n|-start|p2a: \"AND GO BEYOND!\"|confusion\n|\n|upkeep\n|turn|56\n|inactive|EthanMenos10 has 120 seconds left.\n|\n|t:|1695242355\n|-activate|p2a: \"AND GO BEYOND!\"|confusion\n|-damage|p2a: \"AND GO BEYOND!\"|86\/100|[from] confusion\n|move|p1b: Corsola|Mirror Coat||[still]\n|-fail|p1b: Corsola\n|\n|upkeep\n|turn|57\n|\n|t:|1695242361\n|-activate|p2a: \"AND GO BEYOND!\"|confusion\n|-damage|p2a: \"AND GO BEYOND!\"|84\/100|[from] confusion\n|move|p1b: Corsola|Mirror Coat||[still]\n|-fail|p1b: Corsola\n|\n|upkeep\n|turn|58\n|\n|t:|1695242365\n|-activate|p2a: \"AND GO BEYOND!\"|confusion\n|-damage|p2a: \"AND GO BEYOND!\"|82\/100|[from] confusion\n|move|p1b: Corsola|Mirror Coat||[still]\n|-fail|p1b: Corsola\n|\n|upkeep\n|turn|59\n|\n|t:|1695242369\n|-end|p2a: \"AND GO BEYOND!\"|confusion\n|move|p2a: \"AND GO BEYOND!\"|Trailblaze|p1b: Corsola\n|-damage|p1b: Corsola|33\/100\n|move|p1b: Corsola|Confuse Ray|p2a: \"AND GO BEYOND!\"\n|-start|p2a: \"AND GO BEYOND!\"|confusion\n|\n|upkeep\n|turn|60\n|\n|t:|1695242376\n|-activate|p2a: \"AND GO BEYOND!\"|confusion\n|move|p2a: \"AND GO BEYOND!\"|Protect|p2a: \"AND GO BEYOND!\"\n|-singleturn|p2a: \"AND GO BEYOND!\"|Protect\n|move|p1b: Corsola|Mirror Coat||[still]\n|-fail|p1b: Corsola\n|\n|upkeep\n|turn|61\n|\n|t:|1695242385\n|-activate|p2a: \"AND GO BEYOND!\"|confusion\n|-damage|p2a: \"AND GO BEYOND!\"|80\/100|[from] confusion\n|move|p1b: Corsola|Mirror Coat||[still]\n|-fail|p1b: Corsola\n|\n|upkeep\n|turn|62\n|\n|t:|1695242390\n|-end|p2a: \"AND GO BEYOND!\"|confusion\n|move|p2a: \"AND GO BEYOND!\"|Trailblaze|p1b: Corsola\n|-damage|p1b: Corsola|31\/100\n|move|p1b: Corsola|Mirror Coat||[still]\n|-fail|p1b: Corsola\n|\n|upkeep\n|turn|63\n|\n|t:|1695242398\n|move|p2a: \"AND GO BEYOND!\"|Trailblaze|p1b: Corsola\n|-damage|p1b: Corsola|29\/100\n|move|p1b: Corsola|Night Shade|p2a: \"AND GO BEYOND!\"\n|-immune|p2a: \"AND GO BEYOND!\"\n|\n|upkeep\n|turn|64\n|\n|t:|1695242404\n|move|p2a: \"AND GO BEYOND!\"|Trailblaze|p1b: Corsola\n|-damage|p1b: Corsola|27\/100\n|move|p1b: Corsola|Confuse Ray|p2a: \"AND GO BEYOND!\"\n|-start|p2a: \"AND GO BEYOND!\"|confusion\n|\n|upkeep\n|turn|65\n|\n|t:|1695242410\n|-activate|p2a: \"AND GO BEYOND!\"|confusion\n|-damage|p2a: \"AND GO BEYOND!\"|78\/100|[from] confusion\n|move|p1b: Corsola|Mirror Coat||[still]\n|-fail|p1b: Corsola\n|\n|upkeep\n|turn|66\n|\n|t:|1695242414\n|-activate|p2a: \"AND GO BEYOND!\"|confusion\n|move|p2a: \"AND GO BEYOND!\"|Trailblaze|p1b: Corsola\n|-damage|p1b: Corsola|25\/100\n|move|p1b: Corsola|Mirror Coat||[still]\n|-fail|p1b: Corsola\n|\n|upkeep\n|turn|67\n|\n|t:|1695242423\n|-end|p2a: \"AND GO BEYOND!\"|confusion\n|move|p2a: \"AND GO BEYOND!\"|Trailblaze|p1b: Corsola\n|-damage|p1b: Corsola|24\/100\n|move|p1b: Corsola|Mirror Coat||[still]\n|-fail|p1b: Corsola\n|\n|upkeep\n|turn|68\n|\n|t:|1695242438\n|move|p2a: \"AND GO BEYOND!\"|Stored Power|p1b: Corsola\n|-immune|p1b: Corsola\n|move|p1b: Corsola|Confuse Ray|p2a: \"AND GO BEYOND!\"\n|-start|p2a: \"AND GO BEYOND!\"|confusion\n|\n|upkeep\n|turn|69\n|\n|t:|1695242445\n|-activate|p2a: \"AND GO BEYOND!\"|confusion\n|-damage|p2a: \"AND GO BEYOND!\"|76\/100|[from] confusion\n|move|p1b: Corsola|Night Shade|p2a: \"AND GO BEYOND!\"\n|-immune|p2a: \"AND GO BEYOND!\"\n|\n|upkeep\n|turn|70\n|\n|t:|1695242450\n|-activate|p2a: \"AND GO BEYOND!\"|confusion\n|move|p2a: \"AND GO BEYOND!\"|Protect|p2a: \"AND GO BEYOND!\"\n|-singleturn|p2a: \"AND GO BEYOND!\"|Protect\n|move|p1b: Corsola|Night Shade|p2a: \"AND GO BEYOND!\"\n|-activate|p2a: \"AND GO BEYOND!\"|move: Protect\n|\n|upkeep\n|turn|71\n|\n|t:|1695242462\n|-activate|p2a: \"AND GO BEYOND!\"|confusion\n|move|p2a: \"AND GO BEYOND!\"|Trailblaze|p1b: Corsola\n|-damage|p1b: Corsola|22\/100\n|move|p1b: Corsola|Night Shade|p2a: \"AND GO BEYOND!\"\n|-immune|p2a: \"AND GO BEYOND!\"\n|\n|upkeep\n|turn|72\n|\n|t:|1695242469\n|-activate|p2a: \"AND GO BEYOND!\"|confusion\n|-damage|p2a: \"AND GO BEYOND!\"|74\/100|[from] confusion\n|move|p1b: Corsola|Mirror Coat||[still]\n|-fail|p1b: Corsola\n|\n|upkeep\n|turn|73\n|\n|t:|1695242487\n|-end|p2a: \"AND GO BEYOND!\"|confusion\n|move|p2a: \"AND GO BEYOND!\"|Stored Power|p1b: Corsola\n|-immune|p1b: Corsola\n|move|p1b: Corsola|Mirror Coat||[still]\n|-fail|p1b: Corsola\n|\n|upkeep\n|turn|74\n|\n|t:|1695242512\n|move|p2a: \"AND GO BEYOND!\"|Trailblaze|p1b: Corsola\n|-damage|p1b: Corsola|20\/100\n|move|p1b: Corsola|Mirror Coat||[still]\n|-fail|p1b: Corsola\n|\n|upkeep\n|turn|75\n|\n|t:|1695242521\n|move|p2a: \"AND GO BEYOND!\"|Trailblaze|p1b: Corsola\n|-damage|p1b: Corsola|18\/100\n|move|p1b: Corsola|Mirror Coat||[still]\n|-fail|p1b: Corsola\n|\n|upkeep\n|turn|76\n|\n|t:|1695242526\n|move|p2a: \"AND GO BEYOND!\"|Trailblaze|p1b: Corsola\n|-damage|p1b: Corsola|17\/100\n|move|p1b: Corsola|Mirror Coat||[still]\n|-fail|p1b: Corsola\n|\n|upkeep\n|turn|77\n|\n|t:|1695242531\n|move|p2a: \"AND GO BEYOND!\"|Trailblaze|p1b: Corsola\n|-damage|p1b: Corsola|15\/100\n|move|p1b: Corsola|Mirror Coat||[still]\n|-fail|p1b: Corsola\n|\n|upkeep\n|turn|78\n|\n|t:|1695242536\n|move|p2a: \"AND GO BEYOND!\"|Trailblaze|p1b: Corsola\n|-damage|p1b: Corsola|13\/100\n|move|p1b: Corsola|Mirror Coat||[still]\n|-fail|p1b: Corsola\n|\n|upkeep\n|turn|79\n|c|\u2606Epilepsy Espeon|Now the fun part\n|\n|t:|1695242544\n|move|p2a: \"AND GO BEYOND!\"|Last Resort|p1b: Corsola\n|-damage|p1b: Corsola|5\/100\n|move|p1b: Corsola|Mirror Coat||[still]\n|-fail|p1b: Corsola\n|\n|upkeep\n|turn|80\n|\n|t:|1695242551\n|move|p2a: \"AND GO BEYOND!\"|Protect|p2a: \"AND GO BEYOND!\"\n|-singleturn|p2a: \"AND GO BEYOND!\"|Protect\n|move|p1b: Corsola|Strength Sap|p2a: \"AND GO BEYOND!\"\n|-activate|p2a: \"AND GO BEYOND!\"|move: Protect\n|\n|upkeep\n|turn|81\n|\n|t:|1695242558\n|move|p2a: \"AND GO BEYOND!\"|Stored Power|p1b: Corsola\n|-immune|p1b: Corsola\n|move|p1b: Corsola|Strength Sap||[still]\n|-fail|p1b: Corsola\n|\n|upkeep\n|turn|82\n|\n|t:|1695242570\n|move|p2a: \"AND GO BEYOND!\"|Stored Power|p1b: Corsola\n|-immune|p1b: Corsola\n|move|p1b: Corsola|Mirror Coat||[still]\n|-fail|p1b: Corsola\n|\n|upkeep\n|turn|83\n|c|\u2606Epilepsy Espeon|I'm genuinely curious if Corsola can tank the upcoming Struggles now\n|inactive|EthanMenos10 has 120 seconds left.\n|c|\u2606Epilepsy Espeon|Probably not tbh, so GG\n|\n|t:|1695242620\n|move|p2a: \"AND GO BEYOND!\"|Stored Power|p1b: Corsola\n|-immune|p1b: Corsola\n|move|p1b: Corsola|Night Shade|p2a: \"AND GO BEYOND!\"\n|-immune|p2a: \"AND GO BEYOND!\"\n|\n|upkeep\n|turn|84\n|\n|t:|1695242629\n|move|p2a: \"AND GO BEYOND!\"|Protect|p2a: \"AND GO BEYOND!\"\n|-singleturn|p2a: \"AND GO BEYOND!\"|Protect\n|move|p1b: Corsola|Night Shade|p2a: \"AND GO BEYOND!\"\n|-activate|p2a: \"AND GO BEYOND!\"|move: Protect\n|\n|upkeep\n|turn|85\n|\n|t:|1695242633\n|move|p2a: \"AND GO BEYOND!\"|Stored Power|p1b: Corsola\n|-immune|p1b: Corsola\n|move|p1b: Corsola|Night Shade|p2a: \"AND GO BEYOND!\"\n|-immune|p2a: \"AND GO BEYOND!\"\n|\n|upkeep\n|turn|86\n|\n|t:|1695242639\n|move|p2a: \"AND GO BEYOND!\"|Stored Power|p1b: Corsola\n|-immune|p1b: Corsola\n|move|p1b: Corsola|Night Shade|p2a: \"AND GO BEYOND!\"\n|-immune|p2a: \"AND GO BEYOND!\"\n|\n|upkeep\n|turn|87\n|\n|t:|1695242645\n|move|p2a: \"AND GO BEYOND!\"|Stored Power|p1b: Corsola\n|-immune|p1b: Corsola\n|move|p1b: Corsola|Night Shade|p2a: \"AND GO BEYOND!\"\n|-immune|p2a: \"AND GO BEYOND!\"\n|\n|upkeep\n|turn|88\n|\n|t:|1695242652\n|move|p2a: \"AND GO BEYOND!\"|Stored Power|p1b: Corsola\n|-immune|p1b: Corsola\n|move|p1b: Corsola|Night Shade|p2a: \"AND GO BEYOND!\"\n|-immune|p2a: \"AND GO BEYOND!\"\n|\n|upkeep\n|turn|89\n|\n|t:|1695242658\n|move|p2a: \"AND GO BEYOND!\"|Stored Power|p1b: Corsola\n|-immune|p1b: Corsola\n|move|p1b: Corsola|Night Shade|p2a: \"AND GO BEYOND!\"\n|-immune|p2a: \"AND GO BEYOND!\"\n|\n|upkeep\n|turn|90\n|\n|t:|1695242663\n|move|p2a: \"AND GO BEYOND!\"|Protect|p2a: \"AND GO BEYOND!\"\n|-singleturn|p2a: \"AND GO BEYOND!\"|Protect\n|move|p1b: Corsola|Mirror Coat||[still]\n|-fail|p1b: Corsola\n|\n|upkeep\n|turn|91\n|\n|t:|1695242666\n|move|p2a: \"AND GO BEYOND!\"|Protect||[still]\n|-fail|p2a: \"AND GO BEYOND!\"\n|move|p1b: Corsola|Mirror Coat||[still]\n|-fail|p1b: Corsola\n|\n|upkeep\n|turn|92\n|\n|t:|1695242670\n|move|p2a: \"AND GO BEYOND!\"|Protect|p2a: \"AND GO BEYOND!\"\n|-singleturn|p2a: \"AND GO BEYOND!\"|Protect\n|move|p1b: Corsola|Night Shade|p2a: \"AND GO BEYOND!\"\n|-activate|p2a: \"AND GO BEYOND!\"|move: Protect\n|\n|upkeep\n|turn|93\n|\n|t:|1695242675\n|-activate|p2a: \"AND GO BEYOND!\"|move: Struggle\n|move|p2a: \"AND GO BEYOND!\"|Struggle|p1b: Corsola\n|-damage|p1b: Corsola|3\/100\n|-damage|p2a: \"AND GO BEYOND!\"|49\/100|[from] recoil\n|move|p1b: Corsola|Night Shade|p2a: \"AND GO BEYOND!\"\n|-immune|p2a: \"AND GO BEYOND!\"\n|\n|upkeep\n|turn|94\n|\n|t:|1695242683\n|-activate|p2a: \"AND GO BEYOND!\"|move: Struggle\n|move|p2a: \"AND GO BEYOND!\"|Struggle|p1b: Corsola\n|-damage|p1b: Corsola|1\/100\n|-damage|p2a: \"AND GO BEYOND!\"|24\/100|[from] recoil\n|move|p1b: Corsola|Night Shade|p2a: \"AND GO BEYOND!\"\n|-immune|p2a: \"AND GO BEYOND!\"\n|\n|upkeep\n|turn|95\n|c|\u2606EthanMenos10|GG!\n|\n|t:|1695242694\n|-activate|p2a: \"AND GO BEYOND!\"|move: Struggle\n|move|p2a: \"AND GO BEYOND!\"|Struggle|p1b: Corsola\n|-damage|p1b: Corsola|0 fnt\n|faint|p1b: Corsola\n|-damage|p2a: \"AND GO BEYOND!\"|0 fnt|[from] recoil\n|faint|p2a: \"AND GO BEYOND!\"\n|\n|win|EthanMenos10\n|raw|Epilepsy Espeon's rating: 1200 &rarr; <strong>1175<\/strong><br \/>(-25 for losing)\n|raw|EthanMenos10's rating: 1201 &rarr; <strong>1226<\/strong><br \/>(+25 for winning)\n|c|\u2606Epilepsy Espeon|LMAO\n|c|\u2606Epilepsy Espeon|GG\n","uploadtime":1695242718,"views":3,"p1id":"epilepsyespeon","p2id":"ethanmenos10","formatid":"gen9nationaldexdoubles","rating":1175,"private":0,"password":""}