{"id":"gen9nationaldexdoubles-1984587067","p1":"Theadonia","p2":"AaronXu","format":"[Gen 9] National Dex Doubles","log":"|j|\u2606Theadonia\n|j|\u2606AaronXu\n|t:|1699282312\n|gametype|doubles\n|player|p1|Theadonia|roxie|1165\n|player|p2|AaronXu|hilbert|1326\n|teamsize|p1|6\n|teamsize|p2|6\n|gen|9\n|tier|[Gen 9] National Dex Doubles\n|rated|\n|rule|HP Percentage Mod: HP is shown in percentages\n|rule|Endless Battle Clause: Forcing endless battles is banned\n|rule|OHKO Clause: OHKO moves are banned\n|rule|Evasion Moves Clause: Evasion moves are banned\n|rule|Evasion Abilities Clause: Evasion abilities are banned\n|rule|Species Clause: Limit one of each Pok\u00e9mon\n|rule|Gravity Sleep Clause: The combination of sleep-inducing moves with imperfect accuracy and Gravity or Gigantamax Orbeetle are banned\n|clearpoke\n|poke|p1|Delphox, F|\n|poke|p1|Oricorio-Sensu, F|\n|poke|p1|Kommo-o, F|\n|poke|p1|Wailord, F|\n|poke|p1|Cresselia, F|\n|poke|p1|Ribombee, M|\n|poke|p2|Pelipper, F|\n|poke|p2|Munkidori, M|\n|poke|p2|Ogerpon-Wellspring, F|\n|poke|p2|Swampert, F|\n|poke|p2|Tapu Koko|\n|poke|p2|Goodra-Hisui, F|\n|teampreview\n|\n|t:|1699282353\n|start\n|switch|p1a: Oricorio|Oricorio-Sensu, F, shiny|100\/100\n|switch|p1b: Ribombee|Ribombee, M|100\/100\n|switch|p2a: Pelipper|Pelipper, F|100\/100\n|switch|p2b: Munkidori|Munkidori, M|100\/100\n|-weather|RainDance|[from] ability: Drizzle|[of] p2a: Pelipper\n|turn|1\n|inactive|Battle timer is ON: inactive players will automatically lose when time's up. (requested by AaronXu)\n|\n|t:|1699282367\n|move|p2b: Munkidori|Fake Out|p1b: Ribombee\n|-damage|p1b: Ribombee|89\/100\n|-status|p1b: Ribombee|tox|[from] ability: Toxic Chain|[of] p2b: Munkidori\n|cant|p1b: Ribombee|flinch\n|move|p2a: Pelipper|Hurricane|p1b: Ribombee\n|-supereffective|p1b: Ribombee\n|-damage|p1b: Ribombee|0 fnt\n|faint|p1b: Ribombee\n|move|p1a: Oricorio|Quiver Dance|p1a: Oricorio\n|-boost|p1a: Oricorio|spa|1\n|-boost|p1a: Oricorio|spd|1\n|-boost|p1a: Oricorio|spe|1\n|\n|-weather|RainDance|[upkeep]\n|upkeep\n|\n|t:|1699282373\n|switch|p1b: Kommo-o|Kommo-o, F, shiny|100\/100\n|turn|2\n|\n|t:|1699282396\n|move|p2b: Munkidori|Hex|p1a: Oricorio\n|-supereffective|p1a: Oricorio\n|-damage|p1a: Oricorio|62\/100\n|-status|p1a: Oricorio|tox|[from] ability: Toxic Chain|[of] p2b: Munkidori\n|move|p1a: Oricorio|Quiver Dance|p1a: Oricorio\n|-boost|p1a: Oricorio|spa|1\n|-boost|p1a: Oricorio|spd|1\n|-boost|p1a: Oricorio|spe|1\n|move|p1b: Kommo-o|Clangorous Soul|p1b: Kommo-o\n|-boost|p1b: Kommo-o|atk|1\n|-boost|p1b: Kommo-o|def|1\n|-boost|p1b: Kommo-o|spa|1\n|-boost|p1b: Kommo-o|spd|1\n|-boost|p1b: Kommo-o|spe|1\n|-damage|p1b: Kommo-o|68\/100\n|-activate|p1a: Oricorio|ability: Dancer\n|move|p1a: Oricorio|Clangorous Soul|p1a: Oricorio|[from]ability: Dancer\n|-boost|p1a: Oricorio|atk|1\n|-boost|p1a: Oricorio|def|1\n|-boost|p1a: Oricorio|spa|1\n|-boost|p1a: Oricorio|spd|1\n|-boost|p1a: Oricorio|spe|1\n|-damage|p1a: Oricorio|29\/100 tox\n|move|p2a: Pelipper|Hurricane|p1b: Kommo-o\n|-supereffective|p1b: Kommo-o\n|-damage|p1b: Kommo-o|0 fnt\n|faint|p1b: Kommo-o\n|\n|-weather|RainDance|[upkeep]\n|-damage|p1a: Oricorio|23\/100 tox|[from] psn\n|upkeep\n|-enditem|p1a: Oricorio|Aguav Berry|[eat]\n|-heal|p1a: Oricorio|56\/100 tox|[from] item: Aguav Berry\n|\n|t:|1699282406\n|switch|p1b: Cresselia|Cresselia, F|100\/100\n|turn|3\n|\n|t:|1699282430\n|move|p2a: Pelipper|Protect|p2a: Pelipper\n|-singleturn|p2a: Pelipper|Protect\n|move|p1a: Oricorio|Baton Pass|p1a: Oricorio\n|\n|t:|1699282433\n|switch|p1a: Wailord|Wailord, F, shiny|100\/100|[from] Baton Pass\n|-ability|p1a: Wailord|Pressure\n|move|p2b: Munkidori|Hex|p1a: Wailord\n|-damage|p1a: Wailord|90\/100\n|move|p1b: Cresselia|Psych Up|p1a: Wailord\n|-copyboost|p1b: Cresselia|p1a: Wailord|[from] move: Psych Up\n|\n|-weather|RainDance|[upkeep]\n|-heal|p1a: Wailord|96\/100|[from] item: Leftovers\n|upkeep\n|turn|4\n|inactive|AaronXu has 120 seconds left.\n|\n|t:|1699282464\n|switch|p2a: Goodra|Goodra-Hisui, F|100\/100\n|-terastallize|p1a: Wailord|Water\n|move|p1b: Cresselia|Lunar Blessing|p1b: Cresselia|[spread] p1a,p1b\n|-heal|p1a: Wailord|100\/100\n|move|p1a: Wailord|Water Spout|p2a: Goodra|[spread] p2a,p2b\n|-resisted|p2a: Goodra\n|-damage|p2a: Goodra|44\/100\n|-enditem|p2b: Munkidori|Focus Sash\n|-damage|p2b: Munkidori|1\/100\n|move|p2b: Munkidori|Sludge Wave|p1a: Wailord|[spread] p1a,p1b\n|-immune|p2a: Goodra\n|-damage|p1a: Wailord|82\/100\n|-damage|p1b: Cresselia|90\/100\n|-status|p1b: Cresselia|tox|[from] ability: Toxic Chain|[of] p2b: Munkidori\n|\n|-weather|RainDance|[upkeep]\n|-heal|p1b: Cresselia|96\/100 tox|[from] item: Leftovers\n|-heal|p1a: Wailord|88\/100|[from] item: Leftovers\n|-damage|p1b: Cresselia|90\/100 tox|[from] psn\n|upkeep\n|turn|5\n|inactive|AaronXu has 120 seconds left.\n|\n|t:|1699282494\n|switch|p2b: Ogerpon|Ogerpon-Wellspring, F|100\/100\n|move|p1b: Cresselia|Lunar Blessing|p1b: Cresselia|[spread] p1a,p1b\n|-heal|p1a: Wailord|100\/100\n|-heal|p1b: Cresselia|100\/100 tox\n|-curestatus|p1b: Cresselia|tox|[msg]\n|move|p1a: Wailord|Water Spout|p2a: Goodra|[spread] p2a\n|-immune|p2b: Ogerpon|[from] ability: Water Absorb\n|-resisted|p2a: Goodra\n|-damage|p2a: Goodra|0 fnt\n|faint|p2a: Goodra\n|\n|-weather|RainDance|[upkeep]\n|upkeep\n|inactive|AaronXu has 120 seconds left.\n|\n|t:|1699282509\n|switch|p2a: Munkidori|Munkidori, M|1\/100\n|turn|6\n|\n|t:|1699282518\n|move|p2a: Munkidori|Fake Out|p1a: Wailord\n|-damage|p1a: Wailord|95\/100\n|move|p1b: Cresselia|Stored Power|p2b: Ogerpon\n|-damage|p2b: Ogerpon|0 fnt\n|faint|p2b: Ogerpon\n|cant|p1a: Wailord|flinch\n|\n|-weather|RainDance|[upkeep]\n|-heal|p1a: Wailord|100\/100|[from] item: Leftovers\n|upkeep\n|\n|t:|1699282531\n|switch|p2b: Tapu Koko|Tapu Koko|100\/100\n|-fieldstart|move: Electric Terrain|[from] ability: Electric Surge|[of] p2b: Tapu Koko\n|-item|p2b: Tapu Koko|Air Balloon\n|turn|7\n|\n|t:|1699282551\n|switch|p2a: Pelipper|Pelipper, F|100\/100\n|move|p1b: Cresselia|Stored Power|p2b: Tapu Koko\n|-damage|p2b: Tapu Koko|0 fnt\n|-enditem|p2b: Tapu Koko|Air Balloon\n|faint|p2b: Tapu Koko\n|move|p1a: Wailord|Water Spout|p2a: Pelipper\n|-resisted|p2a: Pelipper\n|-damage|p2a: Pelipper|0 fnt\n|faint|p2a: Pelipper\n|\n|-weather|RainDance|[upkeep]\n|upkeep\n|\n|t:|1699282563\n|switch|p2b: Munkidori|Munkidori, M|1\/100\n|switch|p2a: Swampert|Swampert, F|100\/100\n|turn|8\n|\n|t:|1699282590\n|detailschange|p2a: Swampert|Swampert-Mega, F\n|-mega|p2a: Swampert|Swampert|Swampertite\n|move|p2b: Munkidori|Fake Out|p1a: Wailord\n|-damage|p1a: Wailord|95\/100\n|-status|p1a: Wailord|tox|[from] ability: Toxic Chain|[of] p2b: Munkidori\n|move|p1b: Cresselia|Stored Power|p2a: Swampert\n|-damage|p2a: Swampert|0 fnt\n|faint|p2a: Swampert\n|cant|p1a: Wailord|flinch\n|\n|-weather|none\n|-heal|p1a: Wailord|100\/100 tox|[from] item: Leftovers\n|-damage|p1a: Wailord|94\/100 tox|[from] psn\n|upkeep\n|turn|9\n|\n|t:|1699282606\n|move|p1b: Cresselia|Lunar Blessing|p1b: Cresselia|[spread] p1a,p1b\n|-heal|p1a: Wailord|100\/100 tox\n|-curestatus|p1a: Wailord|tox|[msg]\n|move|p1a: Wailord|Water Spout|p2b: Munkidori\n|-damage|p2b: Munkidori|0 fnt\n|faint|p2b: Munkidori\n|\n|win|Theadonia\n|raw|Theadonia's rating: 1165 &rarr; <strong>1201<\/strong><br \/>(+36 for winning)\n|raw|AaronXu's rating: 1326 &rarr; <strong>1297<\/strong><br \/>(-29 for losing)\n|c|\u2606Theadonia|Ggwp\n|l|\u2606AaronXu\n","uploadtime":1699282617,"views":26,"p1id":"theadonia","p2id":"aaronxu","formatid":"gen9nationaldexdoubles","rating":1201,"private":0,"password":""}