{"id":"gen9nationaldexdoubles-1955963939","p1":"Nido-Rus","p2":"theyummybagel","format":"[Gen 9] National Dex Doubles","log":"|j|\u2606Nido-Rus\n|j|\u2606theyummybagel\n|t:|1696047883\n|gametype|doubles\n|player|p1|Nido-Rus|cheryl|\n|player|p2|theyummybagel|#scl3breakers|\n|teamsize|p1|6\n|teamsize|p2|6\n|gen|9\n|tier|[Gen 9] National Dex Doubles\n|rated|Tournament battle\n|rule|HP Percentage Mod: HP is shown in percentages\n|rule|Endless Battle Clause: Forcing endless battles is banned\n|rule|OHKO Clause: OHKO moves are banned\n|rule|Evasion Moves Clause: Evasion moves are banned\n|rule|Evasion Abilities Clause: Evasion abilities are banned\n|rule|Species Clause: Limit one of each Pok\u00e9mon\n|rule|Gravity Sleep Clause: The combination of sleep-inducing moves with imperfect accuracy and Gravity or Gigantamax Orbeetle are banned\n|clearpoke\n|poke|p1|Ursaluna-Bloodmoon, M|\n|poke|p1|Salamence, M|\n|poke|p1|Rillaboom, F|\n|poke|p1|Kingambit, F|\n|poke|p1|Diancie|\n|poke|p1|Marshadow|\n|poke|p2|Flutter Mane|\n|poke|p2|Rillaboom, F|\n|poke|p2|Urshifu-*, M|\n|poke|p2|Chien-Pao|\n|poke|p2|Salamence, F|\n|poke|p2|Glimmora, M|\n|teampreview\n|j| Test Botz\n|c|\u2606Nido-Rus|my mortal enemy\n|c|\u2606Nido-Rus|tspikes\n|\n|t:|1696047917\n|start\n|switch|p1a: Ursaluna|Ursaluna-Bloodmoon, M|100\/100\n|switch|p1b: Salamence|Salamence, M|100\/100\n|switch|p2a: Glimmora|Glimmora, M|100\/100\n|switch|p2b: Urshifu|Urshifu-Rapid-Strike, M|100\/100\n|-ability|p1b: Salamence|Intimidate|boost\n|-unboost|p2a: Glimmora|atk|1\n|-unboost|p2b: Urshifu|atk|1\n|turn|1\n|c|\u2606theyummybagel|tspikes my beloved\n|\n|t:|1696047930\n|detailschange|p1b: Salamence|Salamence-Mega, M\n|-mega|p1b: Salamence|Salamence|Salamencite\n|-terastallize|p2b: Urshifu|Water\n|-terastallize|p1a: Ursaluna|Water\n|move|p2b: Urshifu|Ice Punch|p1b: Salamence\n|-supereffective|p1b: Salamence\n|-damage|p1b: Salamence|27\/100\n|move|p1b: Salamence|Tailwind|p1b: Salamence\n|-sidestart|p1: Nido-Rus|move: Tailwind\n|move|p2a: Glimmora|Stealth Rock|p1b: Salamence\n|-sidestart|p1: Nido-Rus|move: Stealth Rock\n|move|p1a: Ursaluna|Substitute|p1a: Ursaluna\n|-start|p1a: Ursaluna|Substitute\n|-damage|p1a: Ursaluna|75\/100\n|\n|upkeep\n|turn|2\n|c|\u2606Nido-Rus|oh\n|c|\u2606Nido-Rus|I need to make this thing faster\n|c|\u2606theyummybagel|im scarf\n|\n|t:|1696047959\n|switch|p2b: Rillaboom|Rillaboom, F|100\/100\n|-fieldstart|move: Grassy Terrain|[from] ability: Grassy Surge|[of] p2b: Rillaboom\n|move|p1b: Salamence|Hyper Voice|p2a: Glimmora|[spread] p2a,p2b\n|-resisted|p2a: Glimmora\n|-supereffective|p2b: Rillaboom\n|-damage|p2a: Glimmora|74\/100\n|-damage|p2b: Rillaboom|33\/100\n|move|p2a: Glimmora|Power Gem|p1b: Salamence\n|-supereffective|p1b: Salamence\n|-damage|p1b: Salamence|0 fnt\n|faint|p1b: Salamence\n|move|p1a: Ursaluna|Earth Power|p2a: Glimmora\n|-supereffective|p2a: Glimmora\n|-damage|p2a: Glimmora|0 fnt\n|faint|p2a: Glimmora\n|-damage|p1a: Ursaluna|65\/100|[from] item: Life Orb\n|\n|-heal|p1a: Ursaluna|72\/100|[from] Grassy Terrain\n|-heal|p2b: Rillaboom|39\/100|[from] Grassy Terrain\n|upkeep\n|c|\u2606theyummybagel|rip tspikes you woulda been epic\n|\n|t:|1696048000\n|switch|p1b: Kingambit|Kingambit, F|100\/100\n|switch|p2a: Urshifu|Urshifu-Rapid-Strike, M, tera:Water|100\/100\n|-damage|p1b: Kingambit|94\/100|[from] Stealth Rock\n|turn|3\n|\n|t:|1696048029\n|move|p1b: Kingambit|Sucker Punch|p2b: Rillaboom\n|-damage|p2b: Rillaboom|0 fnt\n|faint|p2b: Rillaboom\n|move|p2a: Urshifu|Surging Strikes|p1b: Kingambit\n|-crit|p1b: Kingambit\n|-damage|p1b: Kingambit|73\/100\n|-crit|p1b: Kingambit\n|-damage|p1b: Kingambit|51\/100\n|-crit|p1b: Kingambit\n|-damage|p1b: Kingambit|30\/100\n|-hitcount|p1b: Kingambit|3\n|move|p1a: Ursaluna|Blood Moon|p2a: Urshifu\n|-damage|p2a: Urshifu|0 fnt\n|faint|p2a: Urshifu\n|-damage|p1a: Ursaluna|62\/100|[from] item: Life Orb\n|\n|-heal|p1b: Kingambit|36\/100|[from] Grassy Terrain\n|-heal|p1a: Ursaluna|68\/100|[from] Grassy Terrain\n|upkeep\n|\n|t:|1696048037\n|switch|p2a: Chien-Pao|Chien-Pao|100\/100\n|switch|p2b: Flutter Mane|Flutter Mane|100\/100\n|-ability|p2a: Chien-Pao|Sword of Ruin\n|turn|4\n|c|\u2606Nido-Rus|no marsh switchin for you\n|\n|t:|1696048073\n|move|p1b: Kingambit|Sucker Punch|p2a: Chien-Pao\n|-resisted|p2a: Chien-Pao\n|-damage|p2a: Chien-Pao|74\/100\n|move|p2a: Chien-Pao|Crunch|p1a: Ursaluna\n|-end|p1a: Ursaluna|Substitute\n|move|p2b: Flutter Mane|Dazzling Gleam|p1b: Kingambit|[spread] p1a,p1b\n|-damage|p1a: Ursaluna|29\/100\n|-damage|p1b: Kingambit|0 fnt\n|faint|p1b: Kingambit\n|move|p1a: Ursaluna|Earth Power|p2b: Flutter Mane\n|-damage|p2b: Flutter Mane|34\/100\n|-damage|p1a: Ursaluna|19\/100|[from] item: Life Orb\n|\n|-heal|p2a: Chien-Pao|80\/100|[from] Grassy Terrain\n|-heal|p2b: Flutter Mane|40\/100|[from] Grassy Terrain\n|-heal|p1a: Ursaluna|25\/100|[from] Grassy Terrain\n|-sideend|p1: Nido-Rus|move: Tailwind\n|upkeep\n|l| Test Botz\n|\n|t:|1696048088\n|switch|p1b: Diancie|Diancie|100\/100\n|-damage|p1b: Diancie|88\/100|[from] Stealth Rock\n|turn|5\n|j| badcalibur\n|\n|t:|1696048105\n|move|p1b: Diancie|Protect|p1b: Diancie\n|-singleturn|p1b: Diancie|Protect\n|move|p2a: Chien-Pao|Icicle Crash|p1b: Diancie\n|-activate|p1b: Diancie|move: Protect\n|move|p2b: Flutter Mane|Dazzling Gleam|p1a: Ursaluna|[spread] p1a\n|-activate|p1b: Diancie|move: Protect\n|-damage|p1a: Ursaluna|0 fnt\n|faint|p1a: Ursaluna\n|\n|-heal|p2a: Chien-Pao|86\/100|[from] Grassy Terrain\n|-heal|p2b: Flutter Mane|46\/100|[from] Grassy Terrain\n|-heal|p1b: Diancie|94\/100|[from] Grassy Terrain\n|upkeep\n|\n|t:|1696048111\n|switch|p1a: Marshadow|Marshadow|100\/100\n|-damage|p1a: Marshadow|94\/100|[from] Stealth Rock\n|turn|6\n|\n|t:|1696048123\n|move|p1a: Marshadow|Shadow Sneak|p2b: Flutter Mane\n|-supereffective|p2b: Flutter Mane\n|-damage|p2b: Flutter Mane|0 fnt\n|faint|p2b: Flutter Mane\n|-end|p2b: Flutter Mane|Protosynthesis|[silent]\n|-damage|p1a: Marshadow|84\/100|[from] item: Life Orb\n|move|p2a: Chien-Pao|Icicle Crash|p1b: Diancie\n|-damage|p1b: Diancie|48\/100\n|move|p1b: Diancie|Trick Room|p1b: Diancie\n|-fieldstart|move: Trick Room|[of] p1b: Diancie\n|\n|-heal|p1b: Diancie|54\/100|[from] Grassy Terrain\n|-heal|p1a: Marshadow|91\/100|[from] Grassy Terrain\n|-heal|p2a: Chien-Pao|92\/100|[from] Grassy Terrain\n|-fieldend|move: Grassy Terrain\n|upkeep\n|\n|t:|1696048126\n|switch|p2b: Salamence|Salamence, F|100\/100\n|-ability|p2b: Salamence|Intimidate|boost\n|-unboost|p1a: Marshadow|atk|1\n|-fail|p1b: Diancie|unboost|[from] ability: Clear Body|[of] p1b: Diancie\n|turn|7\n|j|+Mizuhime\n|\n|t:|1696048151\n|detailschange|p2b: Salamence|Salamence-Mega, F\n|-mega|p2b: Salamence|Salamence|Salamencite\n|move|p1b: Diancie|Protect|p1b: Diancie\n|-singleturn|p1b: Diancie|Protect\n|move|p2a: Chien-Pao|Protect|p2a: Chien-Pao\n|-singleturn|p2a: Chien-Pao|Protect\n|move|p2b: Salamence|Double-Edge|p1b: Diancie\n|-activate|p1b: Diancie|move: Protect\n|move|p1a: Marshadow|Close Combat|p2a: Chien-Pao\n|-activate|p2a: Chien-Pao|move: Protect\n|\n|upkeep\n|turn|8\n|\n|t:|1696048169\n|move|p2a: Chien-Pao|Protect||[still]\n|-fail|p2a: Chien-Pao\n|move|p1b: Diancie|Body Press|p2a: Chien-Pao\n|-supereffective|p2a: Chien-Pao\n|-damage|p2a: Chien-Pao|0 fnt\n|faint|p2a: Chien-Pao\n|move|p2b: Salamence|Double-Edge|p1b: Diancie\n|-resisted|p1b: Diancie\n|-damage|p1b: Diancie|24\/100\n|-damage|p2b: Salamence|91\/100|[from] Recoil\n|move|p1a: Marshadow|Spectral Thief|p2b: Salamence\n|-damage|p2b: Salamence|59\/100\n|-damage|p1a: Marshadow|81\/100|[from] item: Life Orb\n|\n|upkeep\n|turn|9\n|\n|t:|1696048190\n|switch|p1a: Rillaboom|Rillaboom, F|100\/100\n|-damage|p1a: Rillaboom|88\/100|[from] Stealth Rock\n|-fieldstart|move: Grassy Terrain|[from] ability: Grassy Surge|[of] p1a: Rillaboom\n|move|p1b: Diancie|Diamond Storm|p2b: Salamence\n|-supereffective|p2b: Salamence\n|-damage|p2b: Salamence|0 fnt\n|faint|p2b: Salamence\n|\n|win|Nido-Rus\n|n|\u2606Nido-Rus|nidorus\n|n|\u2606theyummybagel|theyummybagel\n|n| badcalibur|badcalibur\n|n|+Mizuhime|mizuhime\n","uploadtime":1696048191,"views":22,"p1id":"nidorus","p2id":"theyummybagel","formatid":"gen9nationaldexdoubles","rating":0,"private":0,"password":""}