{"id":"gen9nationaldexdoubles-1982873165","p1":"PanduxD","p2":"jffmm7","format":"[Gen 9] National Dex Doubles","log":"|j|\u2606PanduxD\n|j|\u2606jffmm7\n|t:|1699053560\n|gametype|doubles\n|player|p1|PanduxD|101|\n|player|p2|jffmm7|102|\n|teamsize|p1|6\n|teamsize|p2|6\n|gen|9\n|tier|[Gen 9] National Dex Doubles\n|rule|HP Percentage Mod: HP is shown in percentages\n|rule|Endless Battle Clause: Forcing endless battles is banned\n|rule|OHKO Clause: OHKO moves are banned\n|rule|Evasion Moves Clause: Evasion moves are banned\n|rule|Evasion Abilities Clause: Evasion abilities are banned\n|rule|Species Clause: Limit one of each Pok\u00e9mon\n|rule|Gravity Sleep Clause: The combination of sleep-inducing moves with imperfect accuracy and Gravity or Gigantamax Orbeetle are banned\n|clearpoke\n|poke|p1|Sprigatito, M|\n|poke|p1|Bulbasaur, M|\n|poke|p1|Totodile, F|\n|poke|p1|Riolu, M|\n|poke|p1|Scorbunny, M|\n|poke|p1|Larvitar, M|\n|poke|p2|Squirtle, F|\n|poke|p2|Chikorita, M|\n|poke|p2|Litten, M|\n|poke|p2|Scorbunny, F|\n|poke|p2|Larvitar, M|\n|poke|p2|Pichu, F|\n|teampreview\n|\n|t:|1699053609\n|start\n|switch|p1a: Meowscarratin|Sprigatito, M|100\/100\n|switch|p1b: Cebollino|Bulbasaur, M|100\/100\n|switch|p2a: Pichu|Pichu, F|100\/100\n|switch|p2b: Litten|Litten, M|100\/100\n|-ability|p2b: Litten|Intimidate|boost\n|-unboost|p1a: Meowscarratin|atk|1\n|-unboost|p1b: Cebollino|atk|1\n|turn|1\n|\n|t:|1699053669\n|switch|p1a: Juancho|Totodile, F|100\/100\n|move|p2b: Litten|Protect|p2b: Litten\n|-singleturn|p2b: Litten|Protect\n|move|p1b: Cebollino|Protect|p1b: Cebollino\n|-singleturn|p1b: Cebollino|Protect\n|move|p2a: Pichu|Play Rough|p1b: Cebollino\n|-activate|p1b: Cebollino|move: Protect\n|\n|upkeep\n|turn|2\n|\n|t:|1699053725\n|-terastallize|p1a: Juancho|Dragon\n|move|p2a: Pichu|Protect|p2a: Pichu\n|-singleturn|p2a: Pichu|Protect\n|move|p2b: Litten|Flare Blitz|p1b: Cebollino\n|-supereffective|p1b: Cebollino\n|-damage|p1b: Cebollino|0 fnt\n|faint|p1b: Cebollino\n|-damage|p2b: Litten|64\/100|[from] Recoil\n|-damage|p2b: Litten|54\/100|[from] item: Life Orb\n|move|p1a: Juancho|Dragon Dance|p1a: Juancho\n|-boost|p1a: Juancho|atk|1\n|-boost|p1a: Juancho|spe|1\n|\n|upkeep\n|\n|t:|1699053740\n|switch|p1b: Larvita|Larvitar, M|100\/100\n|turn|3\n|\n|t:|1699053756\n|move|p2b: Litten|U-turn|p1a: Juancho\n|-damage|p1a: Juancho|81\/100\n|-damage|p2b: Litten|44\/100|[from] item: Life Orb\n|\n|t:|1699053763\n|switch|p2b: Chikorita|Chikorita, M|100\/100|[from] U-turn\n|move|p2a: Pichu|Nuzzle|p1a: Juancho\n|-resisted|p1a: Juancho\n|-damage|p1a: Juancho|78\/100\n|-status|p1a: Juancho|par\n|move|p1b: Larvita|Dragon Dance|p1b: Larvita\n|-boost|p1b: Larvita|atk|1\n|-boost|p1b: Larvita|spe|1\n|move|p1a: Juancho|Waterfall|p2b: Chikorita\n|-resisted|p2b: Chikorita\n|-damage|p2b: Chikorita|79\/100\n|\n|-status|p1b: Larvita|brn|[from] item: Flame Orb\n|upkeep\n|turn|4\n|\n|t:|1699053806\n|move|p2a: Pichu|Play Rough|p1a: Juancho\n|-supereffective|p1a: Juancho\n|-damage|p1a: Juancho|42\/100 par\n|move|p1b: Larvita|Rock Slide|p2b: Chikorita|[spread] p2a,p2b\n|-enditem|p2a: Pichu|Focus Sash\n|-damage|p2a: Pichu|1\/100\n|-damage|p2b: Chikorita|49\/100\n|cant|p2b: Chikorita|flinch\n|cant|p1a: Juancho|par\n|\n|-damage|p1b: Larvita|94\/100 brn|[from] brn\n|upkeep\n|turn|5\n|\n|t:|1699053829\n|move|p2a: Pichu|Protect|p2a: Pichu\n|-singleturn|p2a: Pichu|Protect\n|move|p1b: Larvita|Rock Slide|p2a: Pichu|[spread] p2b\n|-activate|p2a: Pichu|move: Protect\n|-damage|p2b: Chikorita|19\/100\n|move|p2b: Chikorita|Seed Bomb|p1a: Juancho\n|-resisted|p1a: Juancho\n|-damage|p1a: Juancho|33\/100 par\n|move|p1a: Juancho|Ice Punch|p2b: Chikorita\n|-supereffective|p2b: Chikorita\n|-damage|p2b: Chikorita|0 fnt\n|faint|p2b: Chikorita\n|\n|-damage|p1b: Larvita|88\/100 brn|[from] brn\n|upkeep\n|\n|t:|1699053845\n|switch|p2b: Squirtle|Squirtle, F|100\/100\n|turn|6\n|\n|t:|1699053869\n|move|p2a: Pichu|Wild Charge|p1a: Juancho\n|-resisted|p1a: Juancho\n|-damage|p1a: Juancho|20\/100 par\n|-damage|p2a: Pichu|0 fnt|[from] Recoil\n|faint|p2a: Pichu\n|move|p1b: Larvita|Rock Slide|p2b: Squirtle\n|-damage|p2b: Squirtle|53\/100\n|move|p2b: Squirtle|Ice Beam|p1b: Larvita\n|-supereffective|p1b: Larvita\n|-damage|p1b: Larvita|35\/100 brn\n|move|p1a: Juancho|Dragon Claw|p2b: Squirtle\n|-damage|p2b: Squirtle|14\/100\n|\n|-damage|p1b: Larvita|29\/100 brn|[from] brn\n|upkeep\n|\n|t:|1699053915\n|switch|p2a: Litten|Litten, M|44\/100\n|-ability|p2a: Litten|Intimidate|boost\n|-unboost|p1a: Juancho|atk|1\n|-unboost|p1b: Larvita|atk|1\n|turn|7\n|\n|t:|1699053945\n|move|p2a: Litten|U-turn|p1a: Juancho\n|-damage|p1a: Juancho|0 fnt\n|faint|p1a: Juancho\n|-damage|p2a: Litten|34\/100|[from] item: Life Orb\n|\n|t:|1699053952\n|switch|p2a: Larvitar|Larvitar, M|100\/100|[from] U-turn\n|move|p1b: Larvita|Earthquake|p2b: Squirtle|[spread] p2a,p2b\n|-supereffective|p2a: Larvitar\n|-damage|p2a: Larvitar|0 fnt\n|-damage|p2b: Squirtle|0 fnt\n|faint|p2a: Larvitar\n|faint|p2b: Squirtle\n|\n|-damage|p1b: Larvita|23\/100 brn|[from] brn\n|upkeep\n|\n|t:|1699053971\n|switch|p2b: Scorbunny|Scorbunny, F|100\/100\n|switch|p2a: Litten|Litten, M|34\/100\n|switch|p1a: Meowscarratin|Sprigatito, M|100\/100\n|-ability|p2a: Litten|Intimidate|boost\n|-unboost|p1a: Meowscarratin|atk|1\n|-unboost|p1b: Larvita|atk|1\n|turn|8\n|\n|t:|1699054026\n|move|p1a: Meowscarratin|Protect|p1a: Meowscarratin\n|-start|p1a: Meowscarratin|typechange|Normal|[from] ability: Protean\n|-singleturn|p1a: Meowscarratin|Protect\n|move|p2a: Litten|Double Kick|p1b: Larvita\n|-supereffective|p1b: Larvita\n|-crit|p1b: Larvita\n|-damage|p1b: Larvita|0 fnt\n|faint|p1b: Larvita\n|-hitcount|p1: Larvita|1\n|-damage|p2a: Litten|24\/100|[from] item: Life Orb\n|move|p2b: Scorbunny|Gunk Shot|p1a: Meowscarratin\n|-start|p2b: Scorbunny|typechange|Poison|[from] ability: Libero\n|-activate|p1a: Meowscarratin|move: Protect\n|\n|upkeep\n|j| bloodycheese\n|l| bloodycheese\n|\n|t:|1699054042\n|switch|p1b: Rimuru|Riolu, M|100\/100\n|turn|9\n|\n|t:|1699054103\n|move|p2a: Litten|Protect|p2a: Litten\n|-singleturn|p2a: Litten|Protect\n|move|p1b: Rimuru|Rock Slide|p2a: Litten|[spread] p2b\n|-activate|p2a: Litten|move: Protect\n|-damage|p2b: Scorbunny|71\/100\n|move|p2b: Scorbunny|Gunk Shot|p1a: Meowscarratin\n|-damage|p1a: Meowscarratin|0 fnt\n|faint|p1a: Meowscarratin\n|\n|upkeep\n|\n|t:|1699054113\n|switch|p1a: Furro|Scorbunny, M|100\/100\n|turn|10\n|\n|t:|1699054153\n|-terastallize|p2a: Litten|Fairy\n|move|p2a: Litten|Double Kick|p1b: Rimuru\n|-damage|p1b: Rimuru|75\/100\n|-crit|p1b: Rimuru\n|-damage|p1b: Rimuru|37\/100\n|-hitcount|p1b: Rimuru|2\n|-damage|p2a: Litten|14\/100|[from] item: Life Orb\n|move|p1b: Rimuru|Rock Slide|p2a: Litten|[spread] p2a,p2b\n|-damage|p2a: Litten|0 fnt\n|-damage|p2b: Scorbunny|40\/100\n|faint|p2a: Litten\n|move|p2b: Scorbunny|Gunk Shot|p1a: Furro|[miss]\n|-miss|p2b: Scorbunny|p1a: Furro\n|move|p1a: Furro|Flare Blitz|p2b: Scorbunny\n|-damage|p2b: Scorbunny|0 fnt\n|faint|p2b: Scorbunny\n|-damage|p1a: Furro|87\/100|[from] Recoil\n|-damage|p1a: Furro|77\/100|[from] item: Life Orb\n|\n|win|PanduxD\n|l|\u2606jffmm7\n|j| bloodycheese\n|c|\u2606PanduxD|gg\n","uploadtime":1699054160,"views":14,"p1id":"panduxd","p2id":"jffmm7","formatid":"gen9nationaldexdoubles","rating":0,"private":0,"password":""}