{"id":"gen9nationaldexdoubles-1999287718","p1":"SeanboyQ","p2":"hu hu hu hu you","format":"[Gen 9] National Dex Doubles","log":"|j|\u2606SeanboyQ\n|j|\u2606hu hu hu hu you\n|t:|1701055396\n|gametype|doubles\n|player|p1|SeanboyQ|170|1045\n|player|p2|hu hu hu hu you|cress|1000\n|teamsize|p1|6\n|teamsize|p2|6\n|gen|9\n|tier|[Gen 9] National Dex Doubles\n|rated|\n|rule|HP Percentage Mod: HP is shown in percentages\n|rule|Endless Battle Clause: Forcing endless battles is banned\n|rule|OHKO Clause: OHKO moves are banned\n|rule|Evasion Moves Clause: Evasion moves are banned\n|rule|Evasion Abilities Clause: Evasion abilities are banned\n|rule|Species Clause: Limit one of each Pok\u00e9mon\n|rule|Gravity Sleep Clause: The combination of sleep-inducing moves with imperfect accuracy and Gravity or Gigantamax Orbeetle are banned\n|clearpoke\n|poke|p1|Plusle, F|\n|poke|p1|Minun, F|\n|poke|p1|Pincurchin, F|\n|poke|p1|Clefable, F|\n|poke|p1|Pelipper, F|\n|poke|p1|Heatran, M|\n|poke|p2|Zorua-Hisui, M|\n|poke|p2|Grimmsnarl, M|\n|poke|p2|Braviary-Hisui, M|\n|poke|p2|Cresselia, F|\n|poke|p2|Cinderace, M|\n|poke|p2|Talonflame, F|\n|teampreview\n|\n|t:|1701055426\n|start\n|switch|p1a: Pincurchin|Pincurchin, F|100\/100\n|switch|p1b: Pelipper|Pelipper, F|100\/100\n|switch|p2a: Cinderace|Cinderace, M|100\/100\n|switch|p2b: Cresselia|Cresselia, F|100\/100\n|-weather|RainDance|[from] ability: Drizzle|[of] p1b: Pelipper\n|-fieldstart|move: Electric Terrain|[from] ability: Electric Surge|[of] p1a: Pincurchin\n|turn|1\n|\n|t:|1701055448\n|switch|p1b: Heatran|Heatran, M|100\/100\n|-terastallize|p2a: Cinderace|Dark\n|move|p2a: Cinderace|Gunk Shot|p1b: Heatran\n|-immune|p1b: Heatran\n|move|p2b: Cresselia|Snarl|p1a: Pincurchin|[spread] p1a,p1b\n|-crit|p1b: Heatran\n|-damage|p1a: Pincurchin|85\/100\n|-damage|p1b: Heatran|87\/100\n|-unboost|p1a: Pincurchin|spa|1\n|-unboost|p1b: Heatran|spa|1\n|move|p1a: Pincurchin|Rising Voltage|p2a: Cinderace\n|-hint|Rising Voltage's BP doubled on grounded target.\n|-damage|p2a: Cinderace|53\/100\n|\n|-weather|RainDance|[upkeep]\n|upkeep\n|turn|2\n|\n|t:|1701055474\n|move|p2a: Cinderace|Gunk Shot|p1a: Pincurchin\n|-damage|p1a: Pincurchin|51\/100\n|-status|p1a: Pincurchin|psn\n|move|p1b: Heatran|Magma Storm|p2a: Cinderace\n|-damage|p2a: Cinderace|31\/100\n|-activate|p2a: Cinderace|move: Magma Storm|[of] p1b: Heatran\n|move|p2b: Cresselia|Torment|p1a: Pincurchin\n|-start|p1a: Pincurchin|Torment\n|move|p1a: Pincurchin|Toxic Spikes|p2a: Cinderace\n|-sidestart|p2: hu hu hu hu you|move: Toxic Spikes\n|\n|-weather|RainDance|[upkeep]\n|-damage|p1a: Pincurchin|39\/100 psn|[from] psn\n|-damage|p2a: Cinderace|18\/100|[from] move: Magma Storm|[partiallytrapped]\n|upkeep\n|turn|3\n|\n|t:|1701055496\n|move|p2a: Cinderace|Tera Blast|p1b: Heatran|[anim] Tera Blast Dark\n|-damage|p1b: Heatran|54\/100\n|cant|p1b: Heatran|flinch\n|move|p2b: Cresselia|Snarl|p1a: Pincurchin|[spread] p1a,p1b\n|-crit|p1a: Pincurchin\n|-damage|p1a: Pincurchin|17\/100 psn\n|-damage|p1b: Heatran|45\/100\n|-unboost|p1a: Pincurchin|spa|1\n|-unboost|p1b: Heatran|spa|1\n|-enditem|p1b: Heatran|Sitrus Berry|[eat]\n|-heal|p1b: Heatran|70\/100|[from] item: Sitrus Berry\n|move|p1a: Pincurchin|Spikes|p2b: Cresselia\n|-sidestart|p2: hu hu hu hu you|Spikes\n|\n|-weather|RainDance|[upkeep]\n|-damage|p1a: Pincurchin|5\/100 psn|[from] psn\n|-damage|p2a: Cinderace|6\/100|[from] move: Magma Storm|[partiallytrapped]\n|upkeep\n|turn|4\n|\n|t:|1701055526\n|move|p2a: Cinderace|Tera Blast|p1b: Heatran|[anim] Tera Blast Dark\n|-damage|p1b: Heatran|38\/100\n|move|p1b: Heatran|Magma Storm|p2b: Cresselia|[miss]\n|-miss|p1b: Heatran|p2b: Cresselia\n|move|p2b: Cresselia|Snarl|p1a: Pincurchin|[spread] p1a,p1b\n|-damage|p1a: Pincurchin|0 fnt\n|-damage|p1b: Heatran|29\/100\n|-unboost|p1b: Heatran|spa|1\n|faint|p1a: Pincurchin\n|\n|-weather|RainDance|[upkeep]\n|-damage|p2a: Cinderace|0 fnt|[from] move: Magma Storm|[partiallytrapped]\n|faint|p2a: Cinderace\n|upkeep\n|\n|t:|1701055547\n|switch|p2a: Grimmsnarl|Grimmsnarl, M, shiny|100\/100\n|switch|p1a: Plusle|Plusle, F|100\/100\n|-status|p2a: Grimmsnarl|psn\n|-damage|p2a: Grimmsnarl|88\/100 psn|[from] Spikes\n|turn|5\n|\n|t:|1701055562\n|switch|p1b: Minun|Minun, F|100\/100\n|move|p2a: Grimmsnarl|Fake Out|p1b: Minun\n|-damage|p1b: Minun|70\/100\n|move|p1a: Plusle|Thunder|p2b: Cresselia\n|-damage|p2b: Cresselia|0 fnt\n|replace|p2b: Zorua|Zorua-Hisui, M, shiny\n|-end|p2b: Zorua|Illusion\n|faint|p2b: Zorua\n|\n|-weather|none\n|-damage|p2a: Grimmsnarl|76\/100 psn|[from] psn\n|upkeep\n|\n|t:|1701055576\n|switch|p2b: Braviary|Braviary-Hisui, M|100\/100\n|turn|6\n|\n|t:|1701055592\n|move|p2a: Grimmsnarl|Parting Shot|p1b: Minun\n|-unboost|p1b: Minun|atk|1\n|-unboost|p1b: Minun|spa|1\n|\n|t:|1701055597\n|switch|p2a: Cresselia|Cresselia, F|100\/100|[from] Parting Shot\n|move|p1b: Minun|Signal Beam|p2a: Cresselia\n|-supereffective|p2a: Cresselia\n|-damage|p2a: Cresselia|70\/100\n|-start|p2a: Cresselia|confusion\n|move|p1a: Plusle|Thunder|p2b: Braviary|[miss]\n|-miss|p1a: Plusle|p2b: Braviary\n|move|p2b: Braviary|Shadow Ball|p1b: Minun\n|-damage|p1b: Minun|32\/100\n|-unboost|p1b: Minun|spd|1\n|\n|upkeep\n|turn|7\n|\n|t:|1701055617\n|switch|p2b: Talonflame|Talonflame, F|100\/100\n|move|p1b: Minun|Signal Beam|p2a: Cresselia\n|-supereffective|p2a: Cresselia\n|-damage|p2a: Cresselia|40\/100\n|move|p1a: Plusle|Thunder|p2b: Talonflame\n|-supereffective|p2b: Talonflame\n|-damage|p2b: Talonflame|0 fnt\n|faint|p2b: Talonflame\n|-activate|p2a: Cresselia|confusion\n|move|p2a: Cresselia|Trick Room|p2a: Cresselia\n|-fieldstart|move: Trick Room|[of] p2a: Cresselia\n|\n|upkeep\n|inactive|Battle timer is ON: inactive players will automatically lose when time's up. (requested by SeanboyQ)\n|inactive|hu hu hu hu you has 120 seconds left.\n|l|\u2606hu hu hu hu you\n|inactive|hu hu hu hu you disconnected and has a minute to reconnect!\n|player|p2|\n|inactive|hu hu hu hu you has 30 seconds to reconnect!\n|inactive|hu hu hu hu you has 20 seconds to reconnect!\n|inactive|hu hu hu hu you has 15 seconds to reconnect!\n|inactive|hu hu hu hu you has 10 seconds to reconnect!\n|inactive|hu hu hu hu you has 5 seconds to reconnect!\n|-message|hu hu hu hu you lost due to inactivity.\n|\n|win|SeanboyQ\n|raw|SeanboyQ's rating: 1045 &rarr; <strong>1074<\/strong><br \/>(+29 for winning)\n|raw|hu hu hu hu you's rating: 1000 &rarr; <strong>1000<\/strong><br \/>(+0 for losing)\n","uploadtime":1701057597,"views":0,"p1id":"seanboyq","p2id":"huhuhuhuyou","formatid":"gen9nationaldexdoubles","rating":1000,"private":0,"password":""}