{"id":"gen9nationaldexdoubles-1983988408","p1":"AhiruChan","p2":"GunGalione","format":"[Gen 9] National Dex Doubles","log":"|j|\u2606AhiruChan\n|j|\u2606GunGalione\n|t:|1699207253\n|gametype|doubles\n|player|p1|AhiruChan|lillie-masters2|1204\n|player|p2|GunGalione|pokemonranger-gen4|1223\n|teamsize|p1|2\n|teamsize|p2|6\n|gen|9\n|tier|[Gen 9] National Dex Doubles\n|rated|\n|rule|HP Percentage Mod: HP is shown in percentages\n|rule|Endless Battle Clause: Forcing endless battles is banned\n|rule|OHKO Clause: OHKO moves are banned\n|rule|Evasion Moves Clause: Evasion moves are banned\n|rule|Evasion Abilities Clause: Evasion abilities are banned\n|rule|Species Clause: Limit one of each Pok\u00e9mon\n|rule|Gravity Sleep Clause: The combination of sleep-inducing moves with imperfect accuracy and Gravity or Gigantamax Orbeetle are banned\n|clearpoke\n|poke|p1|Slaking, M|\n|poke|p1|Grafaiai, F|\n|poke|p2|Umbreon, F|\n|poke|p2|Espathra, M|\n|poke|p2|Indeedee-F, F|\n|poke|p2|Alcremie, F|\n|poke|p2|Chi-Yu|\n|poke|p2|Clawitzer, M|\n|teampreview\n|inactive|Battle timer is ON: inactive players will automatically lose when time's up. (requested by AhiruChan)\n|\n|t:|1699207257\n|start\n|switch|p1a: Slaking|Slaking, M|100\/100\n|switch|p1b: Grafaiai|Grafaiai, F|100\/100\n|switch|p2a: Umbreon|Umbreon, F|100\/100\n|switch|p2b: Espathra|Espathra, M|100\/100\n|turn|1\n|\n|t:|1699207279\n|move|p1b: Grafaiai|Doodle|p2b: Espathra\n|-endability|p1a: Slaking|Truant|[from] move: Doodle\n|-ability|p1a: Slaking|Speed Boost|[from] move: Doodle\n|-endability|p1b: Grafaiai|Prankster|[from] move: Doodle\n|-ability|p1b: Grafaiai|Speed Boost|[from] move: Doodle\n|move|p2b: Espathra|Skill Swap|p2a: Umbreon\n|-activate|p2b: Espathra|move: Skill Swap|||[of] p2a: Umbreon\n|move|p1a: Slaking|Bulk Up|p1a: Slaking\n|-boost|p1a: Slaking|atk|1\n|-boost|p1a: Slaking|def|1\n|move|p2a: Umbreon|Hyper Voice|p1a: Slaking|[spread] p1a,p1b\n|-crit|p1a: Slaking\n|-damage|p1a: Slaking|82\/100\n|-damage|p1b: Grafaiai|83\/100\n|-enditem|p2a: Umbreon|Throat Spray\n|-boost|p2a: Umbreon|spa|1|[from] item: Throat Spray\n|\n|-heal|p1b: Grafaiai|89\/100|[from] item: Black Sludge\n|-heal|p1a: Slaking|88\/100|[from] item: Leftovers\n|-ability|p1b: Grafaiai|Speed Boost|boost\n|-boost|p1b: Grafaiai|spe|1\n|-ability|p1a: Slaking|Speed Boost|boost\n|-boost|p1a: Slaking|spe|1\n|-ability|p2a: Umbreon|Speed Boost|boost\n|-boost|p2a: Umbreon|spe|1\n|upkeep\n|turn|2\n|\n|t:|1699207308\n|move|p2a: Umbreon|Protect|p2a: Umbreon\n|-singleturn|p2a: Umbreon|Protect\n|move|p1b: Grafaiai|Super Fang|p2a: Umbreon\n|-activate|p2a: Umbreon|move: Protect\n|move|p1a: Slaking|Knock Off|p2b: Espathra\n|-supereffective|p2b: Espathra\n|-crit|p2b: Espathra\n|-enditem|p2b: Espathra|Focus Sash\n|-damage|p2b: Espathra|1\/100\n|move|p2b: Espathra|Reflect|p2b: Espathra\n|-sidestart|p2: GunGalione|Reflect\n|\n|-heal|p1b: Grafaiai|95\/100|[from] item: Black Sludge\n|-heal|p1a: Slaking|95\/100|[from] item: Leftovers\n|-ability|p1b: Grafaiai|Speed Boost|boost\n|-boost|p1b: Grafaiai|spe|1\n|-ability|p1a: Slaking|Speed Boost|boost\n|-boost|p1a: Slaking|spe|1\n|-ability|p2a: Umbreon|Speed Boost|boost\n|-boost|p2a: Umbreon|spe|1\n|upkeep\n|turn|3\n|\n|t:|1699207331\n|switch|p2b: Indeedee|Indeedee-F, F|100\/100\n|-fieldstart|move: Psychic Terrain|[from] ability: Psychic Surge|[of] p2b: Indeedee\n|move|p1b: Grafaiai|Super Fang|p2b: Indeedee\n|-damage|p2b: Indeedee|50\/100\n|-enditem|p2b: Indeedee|Sitrus Berry|[eat]\n|-heal|p2b: Indeedee|75\/100|[from] item: Sitrus Berry\n|move|p1a: Slaking|Bulk Up|p1a: Slaking\n|-boost|p1a: Slaking|atk|1\n|-boost|p1a: Slaking|def|1\n|move|p2a: Umbreon|Calm Mind|p2a: Umbreon\n|-boost|p2a: Umbreon|spa|1\n|-boost|p2a: Umbreon|spd|1\n|\n|-heal|p1b: Grafaiai|100\/100|[from] item: Black Sludge\n|-heal|p1a: Slaking|100\/100|[from] item: Leftovers\n|-ability|p1b: Grafaiai|Speed Boost|boost\n|-boost|p1b: Grafaiai|spe|1\n|-ability|p1a: Slaking|Speed Boost|boost\n|-boost|p1a: Slaking|spe|1\n|-ability|p2a: Umbreon|Speed Boost|boost\n|-boost|p2a: Umbreon|spe|1\n|upkeep\n|turn|4\n|\n|t:|1699207357\n|move|p2b: Indeedee|Follow Me|p2b: Indeedee\n|-singleturn|p2b: Indeedee|move: Follow Me\n|move|p1b: Grafaiai|Super Fang|p2b: Indeedee\n|-damage|p2b: Indeedee|38\/100\n|move|p1a: Slaking|Knock Off|p2b: Indeedee\n|-supereffective|p2b: Indeedee\n|-damage|p2b: Indeedee|0 fnt\n|faint|p2b: Indeedee\n|move|p2a: Umbreon|Stored Power|p1a: Slaking\n|-damage|p1a: Slaking|26\/100\n|\n|-heal|p1a: Slaking|32\/100|[from] item: Leftovers\n|-ability|p1b: Grafaiai|Speed Boost|boost\n|-boost|p1b: Grafaiai|spe|1\n|-ability|p1a: Slaking|Speed Boost|boost\n|-boost|p1a: Slaking|spe|1\n|-ability|p2a: Umbreon|Speed Boost|boost\n|-boost|p2a: Umbreon|spe|1\n|upkeep\n|inactive|GunGalione has 120 seconds left.\n|\n|t:|1699207375\n|switch|p2b: Alcremie|Alcremie, F|100\/100\n|turn|5\n|\n|t:|1699207401\n|-terastallize|p1a: Slaking|Fighting\n|move|p1b: Grafaiai|Parting Shot|p2b: Alcremie\n|-unboost|p2b: Alcremie|atk|1\n|-unboost|p2b: Alcremie|spa|1\n|move|p1a: Slaking|Drain Punch|p2a: Umbreon\n|-supereffective|p2a: Umbreon\n|-damage|p2a: Umbreon|4\/100\n|-heal|p1a: Slaking|64\/100|[from] drain|[of] p2a: Umbreon\n|move|p2a: Umbreon|Stored Power|p1a: Slaking\n|-supereffective|p1a: Slaking\n|-damage|p1a: Slaking|0 fnt\n|faint|p1a: Slaking\n|move|p2b: Alcremie|Decorate|p2a: Umbreon\n|-boost|p2a: Umbreon|atk|2\n|-boost|p2a: Umbreon|spa|2\n|\n|-ability|p1b: Grafaiai|Speed Boost|boost\n|-boost|p1b: Grafaiai|spe|1\n|-ability|p2a: Umbreon|Speed Boost|boost\n|-boost|p2a: Umbreon|spe|1\n|upkeep\n|turn|6\n|\n|t:|1699207425\n|switch|p2b: Alphonse|Clawitzer, M, shiny|100\/100\n|move|p2a: Umbreon|Protect|p2a: Umbreon\n|-singleturn|p2a: Umbreon|Protect\n|move|p1b: Grafaiai|Super Fang|p2a: Umbreon\n|-activate|p2a: Umbreon|move: Protect\n|\n|-sideend|p2: GunGalione|Reflect\n|-ability|p1b: Grafaiai|Speed Boost|boost\n|-boost|p1b: Grafaiai|spe|1\n|-ability|p2a: Umbreon|Speed Boost|boost\n|-boost|p2a: Umbreon|spe|1\n|upkeep\n|turn|7\n|-message|AhiruChan forfeited.\n|\n|win|GunGalione\n|raw|AhiruChan's rating: 1204 &rarr; <strong>1180<\/strong><br \/>(-24 for losing)\n|raw|GunGalione's rating: 1223 &rarr; <strong>1247<\/strong><br \/>(+24 for winning)\n|l|\u2606AhiruChan\n","uploadtime":1699207456,"views":5,"p1id":"ahiruchan","p2id":"gungalione","formatid":"gen9nationaldexdoubles","rating":1180,"private":0,"password":""}