{"id":"gen9nationaldexdoubles-1965047433","p1":"Gear6Luffy","p2":"lxvliiz","format":"[Gen 9] National Dex Doubles","log":"|j|\u2606Gear6Luffy\n|j|\u2606lxvliiz\n|t:|1697038326\n|gametype|doubles\n|player|p1|Gear6Luffy|266|\n|player|p2|lxvliiz|101|\n|teamsize|p1|6\n|teamsize|p2|6\n|gen|9\n|tier|[Gen 9] National Dex Doubles\n|rule|HP Percentage Mod: HP is shown in percentages\n|rule|Endless Battle Clause: Forcing endless battles is banned\n|rule|OHKO Clause: OHKO moves are banned\n|rule|Evasion Moves Clause: Evasion moves are banned\n|rule|Evasion Abilities Clause: Evasion abilities are banned\n|rule|Species Clause: Limit one of each Pok\u00e9mon\n|rule|Gravity Sleep Clause: The combination of sleep-inducing moves with imperfect accuracy and Gravity or Gigantamax Orbeetle are banned\n|clearpoke\n|poke|p1|Dondozo, F|\n|poke|p1|Tatsugiri, M|\n|poke|p1|Tyranitar, M|\n|poke|p1|Lycanroc, M|\n|poke|p1|Dragapult, M|\n|poke|p1|Garganacl, F|\n|poke|p2|Nidoking, M|\n|poke|p2|Charizard, M|\n|poke|p2|Torkoal, M|\n|poke|p2|Lilligant-Hisui, F|\n|poke|p2|Rillaboom, F|\n|poke|p2|Sinistcha-Masterpiece|\n|teampreview\n|\n|t:|1697038334\n|start\n|switch|p1a: Dragapult|Dragapult, M|100\/100\n|switch|p1b: Garganacl|Garganacl, F|100\/100\n|switch|p2a: Charizard|Charizard, M|100\/100\n|switch|p2b: Rillaboom|Rillaboom, F|100\/100\n|-fieldstart|move: Grassy Terrain|[from] ability: Grassy Surge|[of] p2b: Rillaboom\n|-enditem|p2b: Rillaboom|Grassy Seed\n|-boost|p2b: Rillaboom|def|1|[from] item: Grassy Seed\n|turn|1\n|\n|t:|1697038360\n|detailschange|p2a: Charizard|Charizard-Mega-Y, M\n|-mega|p2a: Charizard|Charizard|Charizardite Y\n|-weather|SunnyDay|[from] ability: Drought|[of] p2a: Charizard\n|move|p1a: Dragapult|Dragon Darts|p2b: Rillaboom\n|-damage|p2b: Rillaboom|76\/100\n|-anim|p1a: Dragapult|Dragon Darts|p2a: Charizard\n|-damage|p2a: Charizard|44\/100\n|-damage|p1a: Dragapult|91\/100|[from] item: Life Orb\n|move|p2a: Charizard|Solar Beam||[still]\n|-prepare|p2a: Charizard|Solar Beam\n|-anim|p2a: Charizard|Solar Beam|p1b: Garganacl\n|-supereffective|p1b: Garganacl\n|-damage|p1b: Garganacl|0 fnt\n|faint|p1b: Garganacl\n|move|p2b: Rillaboom|Knock Off|p1a: Dragapult\n|-supereffective|p1a: Dragapult\n|-damage|p1a: Dragapult|0 fnt\n|-enditem|p1a: Dragapult|Life Orb|[from] move: Knock Off|[of] p2b: Rillaboom\n|faint|p1a: Dragapult\n|\n|-weather|SunnyDay|[upkeep]\n|-heal|p2b: Rillaboom|82\/100|[from] Grassy Terrain\n|upkeep\n|\n|t:|1697038387\n|switch|p1a: Tatsugiri|Tatsugiri, M|100\/100\n|switch|p1b: Lycanroc|Lycanroc, M|100\/100\n|turn|2\n|\n|t:|1697038400\n|switch|p2a: Sinistcha|Sinistcha-Masterpiece|100\/100\n|-heal|p2b: Rillaboom|100\/100|[from] ability: Hospitality|[of] p2a: Sinistcha\n|move|p1b: Lycanroc|Close Combat|p2b: Rillaboom\n|-damage|p2b: Rillaboom|57\/100\n|-unboost|p1b: Lycanroc|def|1\n|-unboost|p1b: Lycanroc|spd|1\n|move|p2b: Rillaboom|Swords Dance|p2b: Rillaboom\n|-boost|p2b: Rillaboom|atk|2\n|move|p1a: Tatsugiri|Chilling Water|p2a: Sinistcha\n|-resisted|p2a: Sinistcha\n|-damage|p2a: Sinistcha|93\/100\n|-unboost|p2a: Sinistcha|atk|1\n|\n|-weather|SunnyDay|[upkeep]\n|-heal|p2b: Rillaboom|63\/100|[from] Grassy Terrain\n|-heal|p2a: Sinistcha|99\/100|[from] Grassy Terrain\n|-heal|p2a: Sinistcha|100\/100|[from] item: Leftovers\n|-status|p1a: Tatsugiri|tox|[from] item: Toxic Orb\n|upkeep\n|turn|3\n|\n|t:|1697038422\n|move|p2b: Rillaboom|Grassy Glide|p1b: Lycanroc\n|-supereffective|p1b: Lycanroc\n|-damage|p1b: Lycanroc|0 fnt\n|faint|p1b: Lycanroc\n|move|p1a: Tatsugiri|Draco Meteor|p2b: Rillaboom\n|-damage|p2b: Rillaboom|0 fnt\n|-unboost|p1a: Tatsugiri|spa|2\n|faint|p2b: Rillaboom\n|move|p2a: Sinistcha|Matcha Gotcha|p1a: Tatsugiri\n|-damage|p1a: Tatsugiri|25\/100 tox\n|\n|-weather|SunnyDay|[upkeep]\n|-heal|p1a: Tatsugiri|31\/100 tox|[from] Grassy Terrain\n|-damage|p1a: Tatsugiri|25\/100 tox|[from] psn\n|upkeep\n|\n|t:|1697038435\n|switch|p1b: Tyranitar|Tyranitar, M|100\/100\n|switch|p2b: Lilligant|Lilligant-Hisui, F|100\/100\n|-weather|Sandstorm|[from] ability: Sand Stream|[of] p1b: Tyranitar\n|turn|4\n|\n|t:|1697038451\n|switch|p2a: Torkoal|Torkoal, M|100\/100\n|-weather|SunnyDay|[from] ability: Drought|[of] p2a: Torkoal\n|move|p2b: Lilligant|Close Combat|p1b: Tyranitar\n|-supereffective|p1b: Tyranitar\n|-damage|p1b: Tyranitar|0 fnt\n|-unboost|p2b: Lilligant|def|1\n|-unboost|p2b: Lilligant|spd|1\n|faint|p1b: Tyranitar\n|move|p1a: Tatsugiri|Draco Meteor|p2b: Lilligant\n|-damage|p2b: Lilligant|14\/100\n|-unboost|p1a: Tatsugiri|spa|2\n|\n|-weather|SunnyDay|[upkeep]\n|-heal|p2b: Lilligant|20\/100|[from] Grassy Terrain\n|-heal|p1a: Tatsugiri|31\/100 tox|[from] Grassy Terrain\n|-damage|p1a: Tatsugiri|19\/100 tox|[from] psn\n|upkeep\n|\n|t:|1697038467\n|switch|p1b: Dondozo|Dondozo, F|100\/100\n|turn|5\n|\n|t:|1697038480\n|move|p2b: Lilligant|Solar Blade||[still]\n|-prepare|p2b: Lilligant|Solar Blade\n|-anim|p2b: Lilligant|Solar Blade|p1b: Dondozo\n|-supereffective|p1b: Dondozo\n|-damage|p1b: Dondozo|0 fnt\n|faint|p1b: Dondozo\n|move|p1a: Tatsugiri|Draco Meteor|p2a: Torkoal\n|-damage|p2a: Torkoal|78\/100\n|-unboost|p1a: Tatsugiri|spa|2\n|move|p2a: Torkoal|Eruption|p1a: Tatsugiri\n|-resisted|p1a: Tatsugiri\n|-damage|p1a: Tatsugiri|0 fnt\n|faint|p1a: Tatsugiri\n|\n|win|lxvliiz\n|l|\u2606Gear6Luffy\n","uploadtime":1697038507,"views":12,"p1id":"gear6luffy","p2id":"lxvliiz","formatid":"gen9nationaldexdoubles","rating":0,"private":0,"password":""}