{"id":"gen9nationaldexdoubles-1987878031","p1":"thatsrealnito2","p2":"Ubitroll","format":"[Gen 9] National Dex Doubles","log":"|j|\u2606thatsrealnito2\n|j|\u2606Ubitroll\n|t:|1699645164\n|gametype|doubles\n|player|p1|thatsrealnito2|iris-gen5bw2|\n|player|p2|Ubitroll|101|\n|teamsize|p1|6\n|teamsize|p2|6\n|gen|9\n|tier|[Gen 9] National Dex Doubles\n|rule|HP Percentage Mod: HP is shown in percentages\n|rule|Endless Battle Clause: Forcing endless battles is banned\n|rule|OHKO Clause: OHKO moves are banned\n|rule|Evasion Moves Clause: Evasion moves are banned\n|rule|Evasion Abilities Clause: Evasion abilities are banned\n|rule|Species Clause: Limit one of each Pok\u00e9mon\n|rule|Gravity Sleep Clause: The combination of sleep-inducing moves with imperfect accuracy and Gravity or Gigantamax Orbeetle are banned\n|clearpoke\n|poke|p1|Dracozolt|\n|poke|p1|Flygon, F|\n|poke|p1|Appletun, M|\n|poke|p1|Goodra, M|\n|poke|p1|Noivern, F|\n|poke|p1|Turtonator, F|\n|poke|p2|Azumarill, F|\n|poke|p2|Iron Valiant|\n|poke|p2|Tinkaton, F|\n|poke|p2|Sylveon, M|\n|poke|p2|Gardevoir, M|\n|poke|p2|Dachsbun, M|\n|teampreview\n|\n|t:|1699645203\n|start\n|switch|p1a: zolt|Dracozolt, shiny|100\/100\n|switch|p1b: goggles|Flygon, F|100\/100\n|switch|p2a: Gardevoir|Gardevoir, M, shiny|100\/100\n|switch|p2b: Iron Valiant|Iron Valiant|100\/100\n|-enditem|p2b: Iron Valiant|Booster Energy\n|-activate|p2b: Iron Valiant|ability: Quark Drive|[fromitem]\n|-start|p2b: Iron Valiant|quarkdrivespe\n|-ability|p2a: Gardevoir|Levitate|[from] ability: Trace|[of] p1b: goggles\n|turn|1\n|\n|t:|1699645270\n|detailschange|p2a: Gardevoir|Gardevoir-Mega, M, shiny\n|-mega|p2a: Gardevoir|Gardevoir|Gardevoirite\n|move|p2b: Iron Valiant|Swords Dance|p2b: Iron Valiant\n|-boost|p2b: Iron Valiant|atk|2\n|move|p1b: goggles|Sandstorm|p1b: goggles\n|-weather|Sandstorm\n|move|p1a: zolt|Bolt Beak|p2a: Gardevoir\n|-damage|p2a: Gardevoir|0 fnt\n|faint|p2a: Gardevoir\n|\n|-weather|Sandstorm|[upkeep]\n|-damage|p2b: Iron Valiant|94\/100|[from] Sandstorm\n|upkeep\n|\n|t:|1699645284\n|switch|p2a: Azumarill|Azumarill, F, shiny|100\/100\n|turn|2\n|\n|t:|1699645304\n|-terastallize|p1b: goggles|Ground\n|move|p2b: Iron Valiant|Close Combat|p1a: zolt\n|-damage|p1a: zolt|0 fnt\n|-unboost|p2b: Iron Valiant|def|1\n|-unboost|p2b: Iron Valiant|spd|1\n|faint|p1a: zolt\n|move|p1b: goggles|Stone Edge|p2b: Iron Valiant\n|-resisted|p2b: Iron Valiant\n|-damage|p2b: Iron Valiant|59\/100\n|-damage|p1b: goggles|91\/100|[from] item: Life Orb\n|move|p2a: Azumarill|Belly Drum|p2a: Azumarill\n|-damage|p2a: Azumarill|50\/100\n|-setboost|p2a: Azumarill|atk|6|[from] move: Belly Drum\n|-enditem|p2a: Azumarill|Sitrus Berry|[eat]\n|-heal|p2a: Azumarill|75\/100|[from] item: Sitrus Berry\n|\n|-weather|Sandstorm|[upkeep]\n|-damage|p2b: Iron Valiant|52\/100|[from] Sandstorm\n|-damage|p2a: Azumarill|69\/100|[from] Sandstorm\n|upkeep\n|\n|t:|1699645321\n|switch|p1a: a good boi|Appletun, M|100\/100\n|turn|3\n|\n|t:|1699645336\n|move|p2a: Azumarill|Aqua Jet|p1b: goggles\n|-supereffective|p1b: goggles\n|-damage|p1b: goggles|0 fnt\n|faint|p1b: goggles\n|move|p2b: Iron Valiant|Close Combat|p1a: a good boi\n|-damage|p1a: a good boi|0 fnt\n|-unboost|p2b: Iron Valiant|def|1\n|-unboost|p2b: Iron Valiant|spd|1\n|faint|p1a: a good boi\n|\n|-weather|Sandstorm|[upkeep]\n|-damage|p2b: Iron Valiant|46\/100|[from] Sandstorm\n|-damage|p2a: Azumarill|63\/100|[from] Sandstorm\n|upkeep\n|\n|t:|1699645350\n|switch|p1b: Turtle|Turtonator, F|100\/100\n|switch|p1a: goo|Goodra, M|100\/100\n|turn|4\n|\n|t:|1699645365\n|move|p2a: Azumarill|Aqua Jet|p1b: Turtle\n|-damage|p1b: Turtle|5\/100\n|move|p2b: Iron Valiant|Close Combat|p1a: goo\n|-damage|p1a: goo|0 fnt\n|-unboost|p2b: Iron Valiant|def|1\n|-unboost|p2b: Iron Valiant|spd|1\n|faint|p1a: goo\n|move|p1b: Turtle|Flash Cannon|p2a: Azumarill\n|-damage|p2a: Azumarill|41\/100\n|\n|-weather|Sandstorm|[upkeep]\n|-damage|p2b: Iron Valiant|40\/100|[from] Sandstorm\n|-damage|p1b: Turtle|0 fnt|[from] Sandstorm\n|-damage|p2a: Azumarill|35\/100|[from] Sandstorm\n|faint|p1b: Turtle\n|upkeep\n|\n|t:|1699645389\n|switch|p1a: Mr Bat|Noivern, F|100\/100\n|turn|5\n|\n|t:|1699645406\n|move|p2b: Iron Valiant|Close Combat|p1a: Mr Bat\n|-resisted|p1a: Mr Bat\n|-damage|p1a: Mr Bat|18\/100\n|-unboost|p2b: Iron Valiant|def|1\n|-unboost|p2b: Iron Valiant|spd|1\n|move|p1a: Mr Bat|Flamethrower|p2b: Iron Valiant\n|-damage|p2b: Iron Valiant|0 fnt\n|faint|p2b: Iron Valiant\n|-end|p2b: Iron Valiant|Quark Drive|[silent]\n|move|p2a: Azumarill|Knock Off|p1a: Mr Bat\n|-damage|p1a: Mr Bat|0 fnt\n|-enditem|p1a: Mr Bat|Heavy-Duty Boots|[from] move: Knock Off|[of] p2a: Azumarill\n|faint|p1a: Mr Bat\n|\n|win|Ubitroll\n","uploadtime":1699645429,"views":9,"p1id":"thatsrealnito2","p2id":"ubitroll","formatid":"gen9nationaldexdoubles","rating":0,"private":0,"password":""}