{"id":"gen9nationaldexdoubles-2000518597","p1":"AdvancedDigit","p2":"RonaldX8","format":"[Gen 9] National Dex Doubles","log":"|j|\u2606AdvancedDigit\n|j|\u2606RonaldX8\n|t:|1701201591\n|gametype|doubles\n|player|p1|AdvancedDigit|nate|1147\n|player|p2|RonaldX8|pilot|1005\n|teamsize|p1|6\n|teamsize|p2|6\n|gen|9\n|tier|[Gen 9] National Dex Doubles\n|rated|\n|rule|HP Percentage Mod: HP is shown in percentages\n|rule|Endless Battle Clause: Forcing endless battles is banned\n|rule|OHKO Clause: OHKO moves are banned\n|rule|Evasion Moves Clause: Evasion moves are banned\n|rule|Evasion Abilities Clause: Evasion abilities are banned\n|rule|Species Clause: Limit one of each Pok\u00e9mon\n|rule|Gravity Sleep Clause: The combination of sleep-inducing moves with imperfect accuracy and Gravity or Gigantamax Orbeetle are banned\n|clearpoke\n|poke|p1|Wo-Chien|\n|poke|p1|Arcanine, M|\n|poke|p1|Incineroar, M|\n|poke|p1|Manectric, F|\n|poke|p1|Tauros, M|\n|poke|p1|Iron Hands|\n|poke|p2|Regigigas|\n|poke|p2|Weezing-Galar, M|\n|poke|p2|Chien-Pao|\n|poke|p2|Volbeat, M|\n|poke|p2|Dracovish|\n|poke|p2|Oranguru, M|\n|teampreview\n|\n|t:|1701201624\n|start\n|switch|p1a: Iron Hands|Iron Hands|100\/100\n|switch|p1b: Manectric|Manectric, F|100\/100\n|switch|p2a: Regigigas|Regigigas|100\/100\n|switch|p2b: Weezing|Weezing-Galar, M|100\/100\n|-ability|p2b: Weezing|Neutralizing Gas\n|turn|1\n|\n|t:|1701201647\n|detailschange|p1b: Manectric|Manectric-Mega, F\n|-mega|p1b: Manectric|Manectric|Manectite\n|move|p1a: Iron Hands|Fake Out|p2a: Regigigas\n|-damage|p2a: Regigigas|85\/100\n|move|p1b: Manectric|Volt Switch|p2a: Regigigas\n|-crit|p2a: Regigigas\n|-damage|p2a: Regigigas|37\/100\n|\n|t:|1701201654\n|switch|p1b: Incineroar|Incineroar, M|100\/100|[from] Volt Switch\n|cant|p2a: Regigigas|flinch\n|move|p2b: Weezing|Will-O-Wisp|p1a: Iron Hands|[miss]\n|-miss|p2b: Weezing|p1a: Iron Hands\n|\n|upkeep\n|turn|2\n|\n|t:|1701201669\n|move|p1b: Incineroar|Fake Out|p2a: Regigigas\n|-damage|p2a: Regigigas|24\/100\n|cant|p2a: Regigigas|flinch\n|move|p2b: Weezing|Will-O-Wisp|p1a: Iron Hands\n|-status|p1a: Iron Hands|brn\n|move|p1a: Iron Hands|Drain Punch|p2a: Regigigas\n|-supereffective|p2a: Regigigas\n|-damage|p2a: Regigigas|0 fnt\n|faint|p2a: Regigigas\n|-end|p2a: Regigigas|Slow Start|[silent]\n|\n|-damage|p1a: Iron Hands|94\/100 brn|[from] brn\n|upkeep\n|\n|t:|1701201709\n|switch|p2a: Oranguru|Oranguru, M|100\/100\n|turn|3\n|\n|t:|1701201720\n|move|p2b: Weezing|Haze|p2b: Weezing\n|-clearallboost\n|move|p1b: Incineroar|Darkest Lariat|p2a: Oranguru\n|-supereffective|p2a: Oranguru\n|-damage|p2a: Oranguru|6\/100\n|move|p2a: Oranguru|Psychic|p1a: Iron Hands\n|-supereffective|p1a: Iron Hands\n|-damage|p1a: Iron Hands|62\/100 brn\n|move|p1a: Iron Hands|Volt Switch|p2a: Oranguru\n|-damage|p2a: Oranguru|0 fnt\n|faint|p2a: Oranguru\n|\n|t:|1701201740\n|-end|p1a: Iron Hands|Quark Drive|[silent]\n|switch|p1a: Tauros|Tauros, M|100\/100|[from] Volt Switch\n|\n|upkeep\n|\n|t:|1701201748\n|switch|p2a: Chien-Pao|Chien-Pao|100\/100\n|turn|4\n|\n|t:|1701201755\n|move|p2a: Chien-Pao|Sacred Sword|p1b: Incineroar\n|-supereffective|p1b: Incineroar\n|-damage|p1b: Incineroar|12\/100\n|move|p1a: Tauros|Body Slam|p2a: Chien-Pao\n|-damage|p2a: Chien-Pao|18\/100\n|-status|p2a: Chien-Pao|par\n|move|p2b: Weezing|Will-O-Wisp|p1a: Tauros\n|-status|p1a: Tauros|brn\n|move|p1b: Incineroar|Revenge|p2a: Chien-Pao\n|-supereffective|p2a: Chien-Pao\n|-damage|p2a: Chien-Pao|0 fnt\n|faint|p2a: Chien-Pao\n|\n|-damage|p1a: Tauros|94\/100 brn|[from] brn\n|upkeep\n|\n|t:|1701201779\n|switch|p2a: Dracovish|Dracovish|100\/100\n|turn|5\n|\n|t:|1701201794\n|switch|p1b: Iron Hands|Iron Hands|62\/100 brn\n|-end|p2b: Weezing|ability: Neutralizing Gas\n|switch|p2b: GGGGGGS|Volbeat, M|100\/100\n|-terastallize|p2a: Dracovish|Water\n|move|p2a: Dracovish|Fishious Rend|p1b: Iron Hands\n|-damage|p1b: Iron Hands|0 fnt\n|faint|p1b: Iron Hands\n|-end|p1b: Iron Hands|Quark Drive|[silent]\n|move|p1a: Tauros|Body Slam|p2a: Dracovish\n|-damage|p2a: Dracovish|65\/100\n|\n|-damage|p1a: Tauros|88\/100 brn|[from] brn\n|upkeep\n|\n|t:|1701201807\n|switch|p1b: Incineroar|Incineroar, M|12\/100\n|-ability|p1b: Incineroar|Intimidate|boost\n|-unboost|p2a: Dracovish|atk|1\n|-unboost|p2b: GGGGGGS|atk|1\n|turn|6\n|\n|t:|1701201826\n|switch|p2a: Weezing|Weezing-Galar, M|100\/100\n|-ability|p2a: Weezing|Neutralizing Gas\n|move|p1b: Incineroar|Fake Out|p2a: Weezing\n|-damage|p2a: Weezing|90\/100\n|move|p1a: Tauros|Body Slam|p2a: Weezing\n|-damage|p2a: Weezing|67\/100\n|move|p2b: GGGGGGS|Infestation|p1b: Incineroar\n|-damage|p1b: Incineroar|9\/100\n|-activate|p1b: Incineroar|move: Infestation|[of] p2b: GGGGGGS\n|\n|-heal|p2a: Weezing|73\/100|[from] item: Leftovers\n|-damage|p1a: Tauros|82\/100 brn|[from] brn\n|-damage|p1b: Incineroar|0 fnt|[from] move: Infestation|[partiallytrapped]\n|faint|p1b: Incineroar\n|upkeep\n|\n|t:|1701201839\n|switch|p1b: Manectric|Manectric-Mega, F|100\/100\n|turn|7\n|\n|t:|1701201862\n|move|p1b: Manectric|Volt Switch|p2a: Weezing\n|-damage|p2a: Weezing|33\/100\n|\n|t:|1701201872\n|switch|p1b: Arcanine|Arcanine, M|100\/100|[from] Volt Switch\n|move|p1a: Tauros|Body Slam|p2a: Weezing\n|-damage|p2a: Weezing|12\/100\n|move|p2b: GGGGGGS|Taunt|p1b: Arcanine\n|-start|p1b: Arcanine|move: Taunt\n|move|p2a: Weezing|Pain Split|p1b: Arcanine\n|-sethp|p1b: Arcanine|55\/100|[from] move: Pain Split|[silent]\n|-sethp|p2a: Weezing|64\/100|[from] move: Pain Split\n|\n|-heal|p1b: Arcanine|62\/100|[from] item: Leftovers\n|-heal|p2a: Weezing|70\/100|[from] item: Leftovers\n|-damage|p1a: Tauros|76\/100 brn|[from] brn\n|upkeep\n|turn|8\n|inactive|Battle timer is ON: inactive players will automatically lose when time's up. (requested by AdvancedDigit)\n|\n|t:|1701201948\n|switch|p1a: Manectric|Manectric-Mega, F|100\/100\n|move|p1b: Arcanine|Flare Blitz|p2a: Weezing\n|-damage|p2a: Weezing|37\/100\n|-damage|p1b: Arcanine|52\/100|[from] Recoil\n|move|p2b: GGGGGGS|Infestation|p1a: Manectric\n|-damage|p1a: Manectric|94\/100\n|-activate|p1a: Manectric|move: Infestation|[of] p2b: GGGGGGS\n|move|p2a: Weezing|Destiny Bond|p2a: Weezing\n|-singlemove|p2a: Weezing|Destiny Bond\n|\n|-heal|p1b: Arcanine|59\/100|[from] item: Leftovers\n|-heal|p2a: Weezing|43\/100|[from] item: Leftovers\n|-damage|p1a: Manectric|81\/100|[from] move: Infestation|[partiallytrapped]\n|upkeep\n|turn|9\n|inactive|RonaldX8 has 120 seconds left.\n|inactive|RonaldX8 has 90 seconds left.\n|\n|t:|1701202013\n|move|p1a: Manectric|Volt Switch|p2a: Weezing\n|-damage|p2a: Weezing|4\/100\n|\n|t:|1701202018\n|switch|p1a: Tauros|Tauros, M|76\/100 brn|[from] Volt Switch\n|move|p1b: Arcanine|Flare Blitz|p2b: GGGGGGS\n|-supereffective|p2b: GGGGGGS\n|-damage|p2b: GGGGGGS|20\/100\n|-damage|p1b: Arcanine|35\/100|[from] Recoil\n|move|p2b: GGGGGGS|Roost|p2b: GGGGGGS\n|-heal|p2b: GGGGGGS|70\/100\n|-singleturn|p2b: GGGGGGS|move: Roost\n|move|p2a: Weezing|Pain Split|p2b: GGGGGGS\n|-sethp|p2b: GGGGGGS|37\/100|[from] move: Pain Split|[silent]\n|-sethp|p2a: Weezing|37\/100|[from] move: Pain Split\n|\n|-heal|p1b: Arcanine|42\/100|[from] item: Leftovers\n|-heal|p2b: GGGGGGS|43\/100|[from] item: Leftovers\n|-heal|p2a: Weezing|43\/100|[from] item: Leftovers\n|-damage|p1a: Tauros|70\/100 brn|[from] brn\n|-end|p1b: Arcanine|move: Taunt\n|upkeep\n|turn|10\n|inactive|RonaldX8 has 90 seconds left.\n|\n|t:|1701202068\n|move|p1a: Tauros|Stomping Tantrum|p2a: Weezing\n|-supereffective|p2a: Weezing\n|-damage|p2a: Weezing|19\/100\n|move|p1b: Arcanine|Flare Blitz|p2a: Weezing\n|-damage|p2a: Weezing|0 fnt\n|faint|p2a: Weezing\n|-end|p2a: Weezing|ability: Neutralizing Gas\n|-ability|p1b: Arcanine|Intimidate|boost\n|-unboost|p2b: GGGGGGS|atk|1\n|-damage|p1b: Arcanine|36\/100|[from] Recoil\n|move|p2b: GGGGGGS|Infestation|p1a: Tauros\n|-damage|p1a: Tauros|63\/100 brn\n|-activate|p1a: Tauros|move: Infestation|[of] p2b: GGGGGGS\n|\n|-heal|p1b: Arcanine|42\/100|[from] item: Leftovers\n|-heal|p2b: GGGGGGS|49\/100|[from] item: Leftovers\n|-damage|p1a: Tauros|57\/100 brn|[from] brn\n|-damage|p1a: Tauros|45\/100 brn|[from] move: Infestation|[partiallytrapped]\n|upkeep\n|inactive|RonaldX8 has 60 seconds left.\n|\n|t:|1701202113\n|switch|p2a: Dracovish|Dracovish, tera:Water|65\/100\n|turn|11\n|\n|t:|1701202126\n|switch|p1b: Wo-Chien|Wo-Chien|100\/100\n|-ability|p1b: Wo-Chien|Tablets of Ruin\n|move|p2b: GGGGGGS|Roost|p2b: GGGGGGS\n|-heal|p2b: GGGGGGS|99\/100\n|-singleturn|p2b: GGGGGGS|move: Roost\n|move|p2a: Dracovish|Fishious Rend|p1b: Wo-Chien\n|-resisted|p1b: Wo-Chien\n|-damage|p1b: Wo-Chien|57\/100\n|move|p1a: Tauros|Stomping Tantrum|p2a: Dracovish\n|-damage|p2a: Dracovish|51\/100\n|\n|-heal|p2b: GGGGGGS|100\/100|[from] item: Leftovers\n|-heal|p1b: Wo-Chien|63\/100|[from] item: Leftovers\n|-damage|p1a: Tauros|39\/100 brn|[from] brn\n|-damage|p1a: Tauros|26\/100 brn|[from] move: Infestation|[partiallytrapped]\n|upkeep\n|turn|12\n|inactive|RonaldX8 has 60 seconds left.\n|c|\u2606AdvancedDigit|gg\n|\n|t:|1701202164\n|switch|p1b: Arcanine|Arcanine, M|42\/100\n|-ability|p1b: Arcanine|Intimidate|boost\n|-unboost|p2a: Dracovish|atk|1\n|-unboost|p2b: GGGGGGS|atk|1\n|move|p2a: Dracovish|Fishious Rend|p1b: Arcanine\n|-supereffective|p1b: Arcanine\n|-damage|p1b: Arcanine|0 fnt\n|faint|p1b: Arcanine\n|move|p1a: Tauros|Stomping Tantrum|p2a: Dracovish\n|-damage|p2a: Dracovish|33\/100\n|move|p2b: GGGGGGS|Infestation|p1a: Tauros\n|-crit|p1a: Tauros\n|-damage|p1a: Tauros|17\/100 brn\n|\n|-damage|p1a: Tauros|11\/100 brn|[from] brn\n|-damage|p1a: Tauros|0 fnt|[from] move: Infestation|[partiallytrapped]\n|faint|p1a: Tauros\n|upkeep\n|\n|t:|1701202175\n|switch|p1a: Wo-Chien|Wo-Chien|63\/100\n|switch|p1b: Manectric|Manectric-Mega, F|81\/100\n|-ability|p1b: Manectric|Intimidate|boost\n|-unboost|p2a: Dracovish|atk|1\n|-unboost|p2b: GGGGGGS|atk|1\n|-ability|p1a: Wo-Chien|Tablets of Ruin\n|turn|13\n|inactive|RonaldX8 has 60 seconds left.\n|inactive|RonaldX8 has 30 seconds left.\n|\n|t:|1701202225\n|move|p2a: Dracovish|Fishious Rend|p1b: Manectric\n|-damage|p1b: Manectric|3\/100\n|move|p1b: Manectric|Thunderbolt|p2a: Dracovish\n|-supereffective|p2a: Dracovish\n|-damage|p2a: Dracovish|0 fnt\n|faint|p2a: Dracovish\n|move|p2b: GGGGGGS|Infestation|p1a: Wo-Chien\n|-supereffective|p1a: Wo-Chien\n|-damage|p1a: Wo-Chien|53\/100\n|-activate|p1a: Wo-Chien|move: Infestation|[of] p2b: GGGGGGS\n|move|p1a: Wo-Chien|Leech Seed|p2b: GGGGGGS|[miss]\n|-miss|p1a: Wo-Chien|p2b: GGGGGGS\n|\n|-heal|p1a: Wo-Chien|59\/100|[from] item: Leftovers\n|-damage|p1a: Wo-Chien|47\/100|[from] move: Infestation|[partiallytrapped]\n|upkeep\n|turn|14\n|inactive|RonaldX8 has 30 seconds left.\n|inactive|RonaldX8 has 20 seconds left.\n|\n|t:|1701202258\n|move|p1b: Manectric|Flamethrower|p2b: GGGGGGS\n|-supereffective|p2b: GGGGGGS\n|-damage|p2b: GGGGGGS|33\/100\n|move|p2b: GGGGGGS|Infestation|p1b: Manectric\n|-damage|p1b: Manectric|0 fnt\n|faint|p1b: Manectric\n|move|p1a: Wo-Chien|Leech Seed|p2b: GGGGGGS\n|-start|p2b: GGGGGGS|move: Leech Seed\n|\n|-heal|p2b: GGGGGGS|39\/100|[from] item: Leftovers\n|-heal|p1a: Wo-Chien|53\/100|[from] item: Leftovers\n|-damage|p2b: GGGGGGS|27\/100|[from] Leech Seed|[of] p1a: Wo-Chien\n|-heal|p1a: Wo-Chien|64\/100|[silent]\n|-damage|p1a: Wo-Chien|52\/100|[from] move: Infestation|[partiallytrapped]\n|upkeep\n|turn|15\n|inactive|RonaldX8 has 30 seconds left.\n|inactive|RonaldX8 has 20 seconds left.\n|inactive|RonaldX8 has 15 seconds left.\n|\n|t:|1701202291\n|move|p2b: GGGGGGS|Roost|p2b: GGGGGGS\n|-heal|p2b: GGGGGGS|77\/100\n|-singleturn|p2b: GGGGGGS|move: Roost\n|move|p1a: Wo-Chien|Stun Spore|p2b: GGGGGGS|[miss]\n|-miss|p1a: Wo-Chien|p2b: GGGGGGS\n|\n|-heal|p2b: GGGGGGS|83\/100|[from] item: Leftovers\n|-heal|p1a: Wo-Chien|58\/100|[from] item: Leftovers\n|-damage|p2b: GGGGGGS|71\/100|[from] Leech Seed|[of] p1a: Wo-Chien\n|-heal|p1a: Wo-Chien|69\/100|[silent]\n|-damage|p1a: Wo-Chien|57\/100|[from] move: Infestation|[partiallytrapped]\n|upkeep\n|turn|16\n|inactive|RonaldX8 has 30 seconds left.\n|inactive|RonaldX8 has 20 seconds left.\n|inactive|RonaldX8 has 15 seconds left.\n|inactive|RonaldX8 has 10 seconds left.\n|\n|t:|1701202326\n|-terastallize|p1a: Wo-Chien|Dark\n|move|p2b: GGGGGGS|Infestation|p1a: Wo-Chien\n|-supereffective|p1a: Wo-Chien\n|-damage|p1a: Wo-Chien|51\/100\n|move|p1a: Wo-Chien|Stun Spore|p2b: GGGGGGS\n|-status|p2b: GGGGGGS|par\n|\n|-heal|p1a: Wo-Chien|57\/100|[from] item: Leftovers\n|-heal|p2b: GGGGGGS|77\/100 par|[from] item: Leftovers\n|-damage|p2b: GGGGGGS|65\/100 par|[from] Leech Seed|[of] p1a: Wo-Chien\n|-heal|p1a: Wo-Chien|68\/100|[silent]\n|-damage|p1a: Wo-Chien|56\/100|[from] move: Infestation|[partiallytrapped]\n|upkeep\n|turn|17\n|inactive|RonaldX8 has 30 seconds left.\n|\n|t:|1701202344\n|cant|p2b: GGGGGGS|par\n|move|p1a: Wo-Chien|Ruination|p2b: GGGGGGS\n|-damage|p2b: GGGGGGS|33\/100 par\n|\n|-heal|p1a: Wo-Chien|62\/100|[from] item: Leftovers\n|-heal|p2b: GGGGGGS|39\/100 par|[from] item: Leftovers\n|-damage|p2b: GGGGGGS|26\/100 par|[from] Leech Seed|[of] p1a: Wo-Chien\n|-heal|p1a: Wo-Chien|73\/100|[silent]\n|-end|p1a: Wo-Chien|Infestation|[partiallytrapped]\n|upkeep\n|turn|18\n|inactive|RonaldX8 has 30 seconds left.\n|inactive|RonaldX8 has 20 seconds left.\n|\n|t:|1701202374\n|move|p2b: GGGGGGS|Roost|p2b: GGGGGGS\n|-heal|p2b: GGGGGGS|76\/100 par\n|-singleturn|p2b: GGGGGGS|move: Roost\n|move|p1a: Wo-Chien|Ruination|p2b: GGGGGGS\n|-damage|p2b: GGGGGGS|39\/100 par\n|\n|-heal|p1a: Wo-Chien|79\/100|[from] item: Leftovers\n|-heal|p2b: GGGGGGS|45\/100 par|[from] item: Leftovers\n|-damage|p2b: GGGGGGS|32\/100 par|[from] Leech Seed|[of] p1a: Wo-Chien\n|-heal|p1a: Wo-Chien|90\/100|[silent]\n|upkeep\n|turn|19\n|\n|t:|1701202388\n|move|p1a: Wo-Chien|Ruination|p2b: GGGGGGS\n|-damage|p2b: GGGGGGS|16\/100 par\n|move|p2b: GGGGGGS|Infestation|p1a: Wo-Chien\n|-supereffective|p1a: Wo-Chien\n|-damage|p1a: Wo-Chien|85\/100\n|-activate|p1a: Wo-Chien|move: Infestation|[of] p2b: GGGGGGS\n|\n|-heal|p1a: Wo-Chien|91\/100|[from] item: Leftovers\n|-heal|p2b: GGGGGGS|22\/100 par|[from] item: Leftovers\n|-damage|p2b: GGGGGGS|10\/100 par|[from] Leech Seed|[of] p1a: Wo-Chien\n|-heal|p1a: Wo-Chien|100\/100|[silent]\n|-damage|p1a: Wo-Chien|88\/100|[from] move: Infestation|[partiallytrapped]\n|upkeep\n|turn|20\n|\n|t:|1701202406\n|cant|p2b: GGGGGGS|par\n|move|p1a: Wo-Chien|Ruination|p2b: GGGGGGS\n|-damage|p2b: GGGGGGS|5\/100 par\n|\n|-heal|p1a: Wo-Chien|94\/100|[from] item: Leftovers\n|-heal|p2b: GGGGGGS|11\/100 par|[from] item: Leftovers\n|-damage|p2b: GGGGGGS|0 fnt|[from] Leech Seed|[of] p1a: Wo-Chien\n|-heal|p1a: Wo-Chien|100\/100|[silent]\n|faint|p2b: GGGGGGS\n|\n|win|AdvancedDigit\n|upkeep\n|raw|AdvancedDigit's rating: 1147 &rarr; <strong>1162<\/strong><br \/>(+15 for winning)\n|raw|RonaldX8's rating: 1000 &rarr; <strong>1000<\/strong><br \/>(+0 for losing)\n|l|\u2606RonaldX8\n","uploadtime":1701202413,"views":0,"p1id":"advanceddigit","p2id":"ronaldx8","formatid":"gen9nationaldexdoubles","rating":1000,"private":0,"password":""}