{"id":"gen9nationaldexdoubles-1968509467","p1":"snail_chips","p2":"The OG Trainer Red","format":"[Gen 9] National Dex Doubles","log":"|j|\u2606snail_chips\n|j|\u2606The OG Trainer Red\n|t:|1697426471\n|gametype|doubles\n|player|p1|snail_chips|ruinmaniac|1106\n|player|p2|The OG Trainer Red|fisherman-gen4|1185\n|teamsize|p1|6\n|teamsize|p2|6\n|gen|9\n|tier|[Gen 9] National Dex Doubles\n|rated|\n|rule|HP Percentage Mod: HP is shown in percentages\n|rule|Endless Battle Clause: Forcing endless battles is banned\n|rule|OHKO Clause: OHKO moves are banned\n|rule|Evasion Moves Clause: Evasion moves are banned\n|rule|Evasion Abilities Clause: Evasion abilities are banned\n|rule|Species Clause: Limit one of each Pok\u00e9mon\n|rule|Gravity Sleep Clause: The combination of sleep-inducing moves with imperfect accuracy and Gravity or Gigantamax Orbeetle are banned\n|clearpoke\n|poke|p1|Baxcalibur, F|\n|poke|p1|Abomasnow, F|\n|poke|p1|Indeedee-F, F|\n|poke|p1|Gliscor, F|\n|poke|p1|Basculegion, M|\n|poke|p1|Empoleon, F|\n|poke|p2|Articuno|\n|poke|p2|Lapras, M|\n|poke|p2|Mimikyu, M|\n|poke|p2|Noctowl, M|\n|poke|p2|Ludicolo, M|\n|poke|p2|Politoed, F|\n|teampreview\n|\n|t:|1697426486\n|start\n|switch|p1a: Baxcalibur|Baxcalibur, F|100\/100\n|switch|p1b: Abomasnow|Abomasnow, F|100\/100\n|switch|p2a: Mimikyu|Mimikyu, M|100\/100\n|switch|p2b: Noctowl|Noctowl, M|100\/100\n|-weather|Snow|[from] ability: Snow Warning|[of] p1b: Abomasnow\n|turn|1\n|\n|t:|1697426512\n|-terastallize|p1a: Baxcalibur|Steel\n|move|p1a: Baxcalibur|Dragon Dance|p1a: Baxcalibur\n|-boost|p1a: Baxcalibur|atk|1\n|-boost|p1a: Baxcalibur|spe|1\n|move|p1b: Abomasnow|Bulldoze|p2b: Noctowl|[spread] p1a,p2a\n|-immune|p2b: Noctowl\n|-supereffective|p1a: Baxcalibur\n|-damage|p1a: Baxcalibur|85\/100\n|-activate|p2a: Mimikyu|ability: Disguise\n|-damage|p2a: Mimikyu|100\/100\n|-unboost|p1a: Baxcalibur|spe|1\n|-unboost|p2a: Mimikyu|spe|1\n|-enditem|p1a: Baxcalibur|Weakness Policy\n|-boost|p1a: Baxcalibur|atk|2|[from] item: Weakness Policy\n|-boost|p1a: Baxcalibur|spa|2|[from] item: Weakness Policy\n|detailschange|p2a: Mimikyu|Mimikyu-Busted, M\n|-damage|p2a: Mimikyu|88\/100|[from] pokemon: Mimikyu-Busted\n|move|p2b: Noctowl|Moonblast|p1a: Baxcalibur\n|-resisted|p1a: Baxcalibur\n|-damage|p1a: Baxcalibur|57\/100\n|move|p2a: Mimikyu|Trick Room|p2a: Mimikyu\n|-fieldstart|move: Trick Room|[of] p2a: Mimikyu\n|\n|-weather|Snow|[upkeep]\n|-heal|p1a: Baxcalibur|63\/100|[from] ability: Ice Body\n|upkeep\n|turn|2\n|\n|t:|1697426552\n|move|p2a: Mimikyu|Drain Punch|p1a: Baxcalibur\n|-supereffective|p1a: Baxcalibur\n|-damage|p1a: Baxcalibur|29\/100\n|-heal|p2a: Mimikyu|100\/100|[from] drain|[of] p1a: Baxcalibur\n|move|p2b: Noctowl|Air Slash|p1b: Abomasnow\n|-supereffective|p1b: Abomasnow\n|-crit|p1b: Abomasnow\n|-damage|p1b: Abomasnow|0 fnt\n|faint|p1b: Abomasnow\n|move|p1a: Baxcalibur|Icicle Crash|p2b: Noctowl\n|-supereffective|p2b: Noctowl\n|-damage|p2b: Noctowl|0 fnt\n|faint|p2b: Noctowl\n|\n|-weather|Snow|[upkeep]\n|-heal|p1a: Baxcalibur|35\/100|[from] ability: Ice Body\n|upkeep\n|\n|t:|1697426575\n|switch|p2b: Lapras|Lapras, M|100\/100\n|switch|p1b: Indeedee|Indeedee-F, F|100\/100\n|-fieldstart|move: Psychic Terrain|[from] ability: Psychic Surge|[of] p1b: Indeedee\n|turn|3\n|\n|t:|1697426597\n|move|p1b: Indeedee|Follow Me|p1b: Indeedee\n|-singleturn|p1b: Indeedee|move: Follow Me\n|move|p2a: Mimikyu|Drain Punch|p1b: Indeedee\n|-damage|p1b: Indeedee|72\/100\n|move|p2b: Lapras|Blizzard|p1a: Baxcalibur|[spread] p1a,p1b\n|-resisted|p1a: Baxcalibur\n|-damage|p1a: Baxcalibur|19\/100\n|-damage|p1b: Indeedee|38\/100\n|move|p1a: Baxcalibur|Earthquake|p2a: Mimikyu|[spread] p1b,p2a,p2b\n|-damage|p1b: Indeedee|0 fnt\n|-damage|p2a: Mimikyu|14\/100\n|-damage|p2b: Lapras|61\/100\n|-enditem|p2a: Mimikyu|Iapapa Berry|[eat]\n|-heal|p2a: Mimikyu|47\/100|[from] item: Iapapa Berry\n|faint|p1b: Indeedee\n|\n|-weather|Snow|[upkeep]\n|-heal|p1a: Baxcalibur|25\/100|[from] ability: Ice Body\n|-heal|p2b: Lapras|67\/100|[from] item: Leftovers\n|upkeep\n|\n|t:|1697426621\n|switch|p1b: Gliscor|Gliscor, F|100\/100\n|turn|4\n|\n|t:|1697426652\n|move|p2a: Mimikyu|Drain Punch|p1a: Baxcalibur\n|-supereffective|p1a: Baxcalibur\n|-damage|p1a: Baxcalibur|0 fnt\n|-heal|p2a: Mimikyu|61\/100|[from] drain|[of] p1a: Baxcalibur\n|faint|p1a: Baxcalibur\n|move|p2b: Lapras|Blizzard|p1b: Gliscor\n|-supereffective|p1b: Gliscor\n|-damage|p1b: Gliscor|0 fnt\n|faint|p1b: Gliscor\n|\n|-weather|Snow|[upkeep]\n|-heal|p2b: Lapras|73\/100|[from] item: Leftovers\n|upkeep\n|\n|t:|1697426663\n|switch|p1a: Empoleon|Empoleon, F|100\/100\n|switch|p1b: Basculegion|Basculegion, M|100\/100\n|turn|5\n|\n|t:|1697426677\n|move|p2a: Mimikyu|Drain Punch|p1a: Empoleon\n|-supereffective|p1a: Empoleon\n|-damage|p1a: Empoleon|59\/100\n|-heal|p2a: Mimikyu|86\/100|[from] drain|[of] p1a: Empoleon\n|move|p2b: Lapras|Freeze-Dry|p1b: Basculegion\n|-supereffective|p1b: Basculegion\n|-damage|p1b: Basculegion|38\/100\n|move|p1a: Empoleon|Flash Cannon|p2a: Mimikyu\n|-supereffective|p2a: Mimikyu\n|-damage|p2a: Mimikyu|0 fnt\n|faint|p2a: Mimikyu\n|-damage|p1a: Empoleon|49\/100|[from] item: Life Orb\n|move|p1b: Basculegion|Last Respects|p2b: Lapras\n|-damage|p2b: Lapras|0 fnt\n|faint|p2b: Lapras\n|\n|-weather|none\n|-fieldend|move: Trick Room\n|upkeep\n|\n|t:|1697426695\n|switch|p2a: Ludicolo|Ludicolo, M|100\/100\n|switch|p2b: Politoed|Politoed, F|100\/100\n|-weather|RainDance|[from] ability: Drizzle|[of] p2b: Politoed\n|turn|6\n|\n|t:|1697426714\n|move|p2a: Ludicolo|Giga Drain|p1b: Basculegion\n|-supereffective|p1b: Basculegion\n|-damage|p1b: Basculegion|0 fnt\n|faint|p1b: Basculegion\n|move|p2b: Politoed|Earth Power|p1a: Empoleon\n|-supereffective|p1a: Empoleon\n|-damage|p1a: Empoleon|0 fnt\n|faint|p1a: Empoleon\n|\n|win|The OG Trainer Red\n|raw|snail_chips's rating: 1106 &rarr; <strong>1087<\/strong><br \/>(-19 for losing)\n|raw|The OG Trainer Red's rating: 1185 &rarr; <strong>1204<\/strong><br \/>(+19 for winning)\n|c|\u2606snail_chips|gg\n|l|\u2606snail_chips\n","uploadtime":1697426729,"views":7,"p1id":"snailchips","p2id":"theogtrainerred","formatid":"gen9nationaldexdoubles","rating":1087,"private":0,"password":""}