{"id":"gen9nationaldexdoubles-1995149278","p1":"Blastfury0614","p2":"studios_galaxy","format":"[Gen 9] National Dex Doubles","log":"|j|\u2606Blastfury0614\n|j|\u2606studios_galaxy\n|t:|1700528072\n|gametype|doubles\n|player|p1|Blastfury0614|ash-kalos|1114\n|player|p2|studios_galaxy|hilbert-wonderlauncher|1052\n|teamsize|p1|6\n|teamsize|p2|6\n|gen|9\n|tier|[Gen 9] National Dex Doubles\n|rated|\n|rule|HP Percentage Mod: HP is shown in percentages\n|rule|Endless Battle Clause: Forcing endless battles is banned\n|rule|OHKO Clause: OHKO moves are banned\n|rule|Evasion Moves Clause: Evasion moves are banned\n|rule|Evasion Abilities Clause: Evasion abilities are banned\n|rule|Species Clause: Limit one of each Pok\u00e9mon\n|rule|Gravity Sleep Clause: The combination of sleep-inducing moves with imperfect accuracy and Gravity or Gigantamax Orbeetle are banned\n|clearpoke\n|poke|p1|Dudunsparce-*, M|\n|poke|p1|Farigiraf, M|\n|poke|p1|Cresselia, F|\n|poke|p1|Flamigo, M|\n|poke|p1|Flutter Mane|\n|poke|p1|Chien-Pao|\n|poke|p2|Venusaur, F|\n|poke|p2|Swampert, F|\n|poke|p2|Incineroar, F|\n|poke|p2|Jolteon, M|\n|poke|p2|Blaziken, F|\n|poke|p2|Golurk|\n|teampreview\n|inactive|Battle timer is ON: inactive players will automatically lose when time's up. (requested by Blastfury0614)\n|\n|t:|1700528087\n|start\n|switch|p1a: Farigiraf|Farigiraf, M|100\/100\n|switch|p1b: Dudunsparce|Dudunsparce-Three-Segment, M, shiny|100\/100\n|switch|p2a: Incineroar|Incineroar, F|100\/100\n|switch|p2b: Swampert|Swampert, F|100\/100\n|turn|1\n|\n|t:|1700528108\n|move|p2b: Swampert|Stone Edge|p1a: Farigiraf\n|-damage|p1a: Farigiraf|77\/100\n|move|p2a: Incineroar|Close Combat|p1b: Dudunsparce\n|-supereffective|p1b: Dudunsparce\n|-damage|p1b: Dudunsparce|47\/100\n|-unboost|p2a: Incineroar|def|1\n|-unboost|p2a: Incineroar|spd|1\n|-enditem|p1b: Dudunsparce|Sitrus Berry|[eat]\n|-heal|p1b: Dudunsparce|72\/100|[from] item: Sitrus Berry\n|move|p1b: Dudunsparce|Rage|p2a: Incineroar\n|-damage|p2a: Incineroar|87\/100\n|-singlemove|p1b: Dudunsparce|Rage\n|move|p1a: Farigiraf|Beat Up|p1b: Dudunsparce\n|-damage|p1b: Dudunsparce|69\/100\n|-boost|p1b: Dudunsparce|atk|1\n|-ability|p1b: Dudunsparce|Rattled|boost\n|-boost|p1b: Dudunsparce|spe|1\n|-damage|p1b: Dudunsparce|66\/100\n|-boost|p1b: Dudunsparce|atk|1\n|-ability|p1b: Dudunsparce|Rattled|boost\n|-boost|p1b: Dudunsparce|spe|1\n|-damage|p1b: Dudunsparce|64\/100\n|-boost|p1b: Dudunsparce|atk|1\n|-ability|p1b: Dudunsparce|Rattled|boost\n|-boost|p1b: Dudunsparce|spe|1\n|-damage|p1b: Dudunsparce|61\/100\n|-boost|p1b: Dudunsparce|atk|1\n|-ability|p1b: Dudunsparce|Rattled|boost\n|-boost|p1b: Dudunsparce|spe|1\n|-damage|p1b: Dudunsparce|59\/100\n|-boost|p1b: Dudunsparce|atk|1\n|-ability|p1b: Dudunsparce|Rattled|boost\n|-boost|p1b: Dudunsparce|spe|1\n|-damage|p1b: Dudunsparce|55\/100\n|-boost|p1b: Dudunsparce|atk|1\n|-ability|p1b: Dudunsparce|Rattled|boost\n|-boost|p1b: Dudunsparce|spe|1\n|-hitcount|p1b: Dudunsparce|6\n|\n|-heal|p2a: Incineroar|93\/100|[from] item: Leftovers\n|upkeep\n|turn|2\n|inactive|Blastfury0614 has 120 seconds left.\n|inactive|studios_galaxy has 120 seconds left.\n|\n|t:|1700528152\n|switch|p1a: Flamigo|Flamigo, M|100\/100\n|-copyboost|p1a: Flamigo|p1b: Dudunsparce|[from] ability: Costar\n|move|p1b: Dudunsparce|Earthquake|p2b: Swampert|[spread] p2a,p2b\n|-immune|p1a: Flamigo\n|-supereffective|p2a: Incineroar\n|-damage|p2a: Incineroar|0 fnt\n|-damage|p2b: Swampert|9\/100\n|faint|p2a: Incineroar\n|move|p2b: Swampert|Blizzard|p1a: Flamigo|[spread] p1a,p1b\n|-supereffective|p1a: Flamigo\n|-crit|p1b: Dudunsparce\n|-damage|p1a: Flamigo|44\/100\n|-damage|p1b: Dudunsparce|27\/100\n|\n|-heal|p2b: Swampert|15\/100|[from] item: Leftovers\n|upkeep\n|\n|t:|1700528168\n|switch|p2a: Blaziken|Blaziken, F|100\/100\n|turn|3\n|inactive|studios_galaxy has 120 seconds left.\n|\n|t:|1700528184\n|switch|p2b: Jolteon|Jolteon, M|100\/100\n|move|p1a: Flamigo|Throat Chop|p2a: Blaziken\n|-resisted|p2a: Blaziken\n|-damage|p2a: Blaziken|24\/100\n|-start|p2a: Blaziken|Throat Chop|[silent]\n|-damage|p1a: Flamigo|34\/100|[from] item: Life Orb\n|move|p1b: Dudunsparce|Earthquake|p2b: Jolteon|[spread] p2a,p2b\n|-immune|p1a: Flamigo\n|-supereffective|p2a: Blaziken\n|-supereffective|p2b: Jolteon\n|-damage|p2a: Blaziken|0 fnt\n|-damage|p2b: Jolteon|0 fnt\n|faint|p2a: Blaziken\n|faint|p2b: Jolteon\n|\n|upkeep\n|\n|t:|1700528202\n|switch|p2b: Golurk|Golurk|100\/100\n|switch|p2a: Swampert|Swampert, F|15\/100\n|turn|4\n|inactive|studios_galaxy has 120 seconds left.\n|\n|t:|1700528215\n|move|p1a: Flamigo|Throat Chop|p2b: Golurk\n|-supereffective|p2b: Golurk\n|-damage|p2b: Golurk|0 fnt\n|faint|p2b: Golurk\n|-damage|p1a: Flamigo|24\/100|[from] item: Life Orb\n|move|p1b: Dudunsparce|Earthquake|p2a: Swampert|[spread] p2a\n|-immune|p1a: Flamigo\n|-damage|p2a: Swampert|0 fnt\n|faint|p2a: Swampert\n|\n|upkeep\n|\n|t:|1700528231\n|switch|p2a: Venusaur|Venusaur, F|100\/100\n|turn|5\n|inactive|studios_galaxy has 120 seconds left.\n|\n|t:|1700528243\n|move|p1a: Flamigo|Detect|p1a: Flamigo\n|-singleturn|p1a: Flamigo|Protect\n|move|p1b: Dudunsparce|Frustration|p2a: Venusaur\n|-damage|p2a: Venusaur|0 fnt\n|faint|p2a: Venusaur\n|\n|win|Blastfury0614\n|raw|Blastfury0614's rating: 1114 &rarr; <strong>1135<\/strong><br \/>(+21 for winning)\n|raw|studios_galaxy's rating: 1052 &rarr; <strong>1037<\/strong><br \/>(-15 for losing)\n|c|\u2606Blastfury0614|gg\n|l|\u2606studios_galaxy\n","uploadtime":1700528256,"views":2,"p1id":"blastfury0614","p2id":"studiosgalaxy","formatid":"gen9nationaldexdoubles","rating":1037,"private":0,"password":""}