{"id":"gen9nationaldexdoubles-1981379818","p1":"Bean.god","p2":"Kin+ak (\u2727\u2207\u2727)","format":"[Gen 9] National Dex Doubles","log":"|j|\u2606Bean.god\n|j|\u2606Kin+ak (\u2727\u2207\u2727)\n|t:|1698889442\n|gametype|doubles\n|player|p1|Bean.god|striker|1341\n|player|p2|Kin+ak (\u2727\u2207\u2727)|wally|1535\n|teamsize|p1|6\n|teamsize|p2|6\n|gen|9\n|tier|[Gen 9] National Dex Doubles\n|rated|\n|rule|HP Percentage Mod: HP is shown in percentages\n|rule|Endless Battle Clause: Forcing endless battles is banned\n|rule|OHKO Clause: OHKO moves are banned\n|rule|Evasion Moves Clause: Evasion moves are banned\n|rule|Evasion Abilities Clause: Evasion abilities are banned\n|rule|Species Clause: Limit one of each Pok\u00e9mon\n|rule|Gravity Sleep Clause: The combination of sleep-inducing moves with imperfect accuracy and Gravity or Gigantamax Orbeetle are banned\n|clearpoke\n|poke|p1|Pelipper, M|\n|poke|p1|Blastoise, M|\n|poke|p1|Tsareena, F|\n|poke|p1|Swampert, M|\n|poke|p1|Toxicroak, F|\n|poke|p1|Kingdra, M|\n|poke|p2|Camerupt, M|\n|poke|p2|Porygon2|\n|poke|p2|Indeedee-F, F|\n|poke|p2|Cresselia, F|\n|poke|p2|Glastrier|\n|poke|p2|Ursaluna, M|\n|teampreview\n|\n|t:|1698889464\n|start\n|switch|p1a: Pelipper|Pelipper, M|100\/100\n|switch|p1b: Swampert|Swampert, M|100\/100\n|switch|p2a: Cresselia|Cresselia, F|100\/100\n|switch|p2b: Porygon2|Porygon2, shiny|100\/100\n|-weather|RainDance|[from] ability: Drizzle|[of] p1a: Pelipper\n|-ability|p2b: Porygon2|Torrent|[from] ability: Trace|[of] p1b: Swampert\n|turn|1\n|\n|t:|1698889475\n|detailschange|p1b: Swampert|Swampert-Mega, M\n|-mega|p1b: Swampert|Swampert|Swampertite\n|move|p1a: Pelipper|Helping Hand|p1b: Swampert\n|-singleturn|p1b: Swampert|Helping Hand|[of] p1a: Pelipper\n|move|p1b: Swampert|Waterfall|p2a: Cresselia\n|-damage|p2a: Cresselia|18\/100\n|move|p2b: Porygon2|Teleport|p2b: Porygon2\n|\n|t:|1698889486\n|switch|p2b: Ursaluna|Ursaluna, M|100\/100|[from] Teleport\n|move|p2a: Cresselia|Trick Room|p2a: Cresselia\n|-fieldstart|move: Trick Room|[of] p2a: Cresselia\n|\n|-weather|RainDance|[upkeep]\n|-status|p2b: Ursaluna|brn|[from] item: Flame Orb\n|upkeep\n|turn|2\n|\n|t:|1698889516\n|switch|p2a: Camerupt|Camerupt, M|100\/100\n|-terastallize|p2b: Ursaluna|Normal\n|move|p2b: Ursaluna|Facade|p1a: Pelipper\n|-damage|p1a: Pelipper|0 fnt\n|faint|p1a: Pelipper\n|move|p1b: Swampert|Waterfall|p2b: Ursaluna\n|-damage|p2b: Ursaluna|39\/100 brn\n|\n|-weather|RainDance|[upkeep]\n|-damage|p2b: Ursaluna|33\/100 brn|[from] brn\n|upkeep\n|\n|t:|1698889541\n|switch|p1a: Blastoise|Blastoise, M|100\/100\n|turn|3\n|\n|t:|1698889552\n|detailschange|p2a: Camerupt|Camerupt-Mega, M\n|-mega|p2a: Camerupt|Camerupt|Cameruptite\n|move|p1a: Blastoise|Fake Out|p2b: Ursaluna\n|-damage|p2b: Ursaluna|27\/100 brn\n|move|p2a: Camerupt|Earth Power|p1a: Blastoise\n|-damage|p1a: Blastoise|35\/100\n|cant|p2b: Ursaluna|flinch\n|move|p1b: Swampert|Earthquake|p2a: Camerupt|[spread] p1a,p2a,p2b\n|-supereffective|p2a: Camerupt\n|-damage|p1a: Blastoise|0 fnt\n|-damage|p2a: Camerupt|0 fnt\n|-damage|p2b: Ursaluna|0 fnt\n|faint|p1a: Blastoise\n|faint|p2a: Camerupt\n|faint|p2b: Ursaluna\n|\n|-weather|RainDance|[upkeep]\n|upkeep\n|\n|t:|1698889575\n|switch|p2a: Glastrier|Glastrier|100\/100\n|switch|p2b: Cresselia|Cresselia, F|18\/100\n|switch|p1a: Toxicroak|Toxicroak, F|100\/100\n|turn|4\n|\n|t:|1698889591\n|-terastallize|p1a: Toxicroak|Steel\n|move|p2a: Glastrier|High Horsepower|p1a: Toxicroak\n|-supereffective|p1a: Toxicroak\n|-damage|p1a: Toxicroak|0 fnt\n|faint|p1a: Toxicroak\n|-ability|p2a: Glastrier|Chilling Neigh|boost\n|-boost|p2a: Glastrier|atk|1\n|move|p2b: Cresselia|Lunar Blessing|p2b: Cresselia|[spread] p2a,p2b\n|-heal|p2b: Cresselia|43\/100\n|move|p1b: Swampert|Waterfall|p2a: Glastrier\n|-damage|p2a: Glastrier|51\/100\n|\n|-weather|RainDance|[upkeep]\n|upkeep\n|\n|t:|1698889606\n|switch|p1a: Kingdra|Kingdra, M|100\/100\n|turn|5\n|\n|t:|1698889623\n|move|p1b: Swampert|Protect|p1b: Swampert\n|-singleturn|p1b: Swampert|Protect\n|move|p1a: Kingdra|Protect|p1a: Kingdra\n|-singleturn|p1a: Kingdra|Protect\n|move|p2b: Cresselia|Ally Switch|p2b: Cresselia\n|swap|p2b: Cresselia|0|[from] move: Ally Switch\n|move|p2b: Glastrier|Icicle Crash|p1a: Kingdra\n|-activate|p1a: Kingdra|move: Protect\n|\n|-weather|RainDance|[upkeep]\n|-fieldend|move: Trick Room\n|upkeep\n|turn|6\n|\n|t:|1698889647\n|switch|p2a: Porygon2|Porygon2, shiny|100\/100\n|-ability|p2a: Porygon2|Swift Swim|[from] ability: Trace|[of] p1a: Kingdra\n|move|p2b: Glastrier|Protect|p2b: Glastrier\n|-singleturn|p2b: Glastrier|Protect\n|move|p1a: Kingdra|Hydro Pump|p2b: Glastrier\n|-activate|p2b: Glastrier|move: Protect\n|move|p1b: Swampert|Waterfall|p2a: Porygon2\n|-damage|p2a: Porygon2|66\/100\n|\n|-weather|RainDance|[upkeep]\n|upkeep\n|turn|7\n|l|\u2606Bean.god\n|player|p1|\n|j|\u2606Bean.god\n|player|p1|Bean.god|striker\n|\n|t:|1698889693\n|switch|p2b: Cresselia|Cresselia, F|43\/100\n|move|p1a: Kingdra|Hydro Pump|p2a: Porygon2\n|-damage|p2a: Porygon2|3\/100\n|-damage|p1a: Kingdra|91\/100|[from] item: Life Orb\n|move|p1b: Swampert|Waterfall|p2b: Cresselia\n|-damage|p2b: Cresselia|0 fnt\n|faint|p2b: Cresselia\n|move|p2a: Porygon2|Trick Room|p2a: Porygon2\n|-fieldstart|move: Trick Room|[of] p2a: Porygon2\n|\n|-weather|RainDance|[upkeep]\n|upkeep\n|\n|t:|1698889709\n|switch|p2b: Indeedee|Indeedee-F, F|100\/100\n|-fieldstart|move: Psychic Terrain|[from] ability: Psychic Surge|[of] p2b: Indeedee\n|turn|8\n|\n|t:|1698889720\n|move|p1a: Kingdra|Protect|p1a: Kingdra\n|-singleturn|p1a: Kingdra|Protect\n|move|p2b: Indeedee|Expanding Force|p1b: Swampert|[spread] p1b\n|-activate|p1a: Kingdra|move: Protect\n|-damage|p1b: Swampert|62\/100\n|move|p2a: Porygon2|Tri Attack|p1a: Kingdra\n|-activate|p1a: Kingdra|move: Protect\n|move|p1b: Swampert|Earthquake|p2b: Indeedee|[spread] p2a,p2b\n|-activate|p1a: Kingdra|move: Protect\n|-damage|p2a: Porygon2|0 fnt\n|-damage|p2b: Indeedee|28\/100\n|faint|p2a: Porygon2\n|\n|-weather|none\n|upkeep\n|\n|t:|1698889731\n|switch|p2a: Glastrier|Glastrier|51\/100\n|turn|9\n|\n|t:|1698889741\n|move|p2a: Glastrier|Icicle Crash|p1a: Kingdra\n|-damage|p1a: Kingdra|28\/100\n|move|p2b: Indeedee|Expanding Force|p1a: Kingdra|[spread] p1a,p1b\n|-damage|p1a: Kingdra|0 fnt\n|-damage|p1b: Swampert|28\/100\n|faint|p1a: Kingdra\n|move|p1b: Swampert|Earthquake|p2b: Indeedee|[spread] p2a,p2b\n|-damage|p2a: Glastrier|17\/100\n|-damage|p2b: Indeedee|0 fnt\n|faint|p2b: Indeedee\n|\n|upkeep\n|\n|t:|1698889751\n|switch|p1a: Tsareena|Tsareena, F|100\/100\n|turn|10\n|\n|t:|1698889758\n|move|p2a: Glastrier|Icicle Crash|p1b: Swampert\n|-damage|p1b: Swampert|0 fnt\n|faint|p1b: Swampert\n|-ability|p2a: Glastrier|Chilling Neigh|boost\n|-boost|p2a: Glastrier|atk|1\n|move|p1a: Tsareena|U-turn|p2a: Glastrier\n|-damage|p2a: Glastrier|1\/100\n|\n|upkeep\n|turn|11\n|c|\u2606Kin+ak (\u2727\u2207\u2727)|gg\n|\n|t:|1698889767\n|move|p2a: Glastrier|Icicle Crash|p1a: Tsareena\n|-supereffective|p1a: Tsareena\n|-damage|p1a: Tsareena|0 fnt\n|faint|p1a: Tsareena\n|\n|win|Kin+ak (\u2727\u2207\u2727)\n|raw|Bean.god's rating: 1341 &rarr; <strong>1331<\/strong><br \/>(-10 for losing)\n|raw|Kin+ak (\u2727\u2207\u2727)'s rating: 1535 &rarr; <strong>1545<\/strong><br \/>(+10 for winning)\n|l|\u2606Bean.god\n","uploadtime":1698889817,"views":6,"p1id":"beangod","p2id":"kinak","formatid":"gen9nationaldexdoubles","rating":1331,"private":0,"password":""}