{"id":"gen9nationaldexdoubles-1961663340","p1":"Aquiley","p2":"InfernoPlays8","format":"[Gen 9] National Dex Doubles","log":"|j|\u2606Aquiley\n|j|\u2606InfernoPlays8\n|t:|1696649653\n|gametype|doubles\n|player|p1|Aquiley|hilbert|1074\n|player|p2|InfernoPlays8|hugh|1000\n|teamsize|p1|6\n|teamsize|p2|6\n|gen|9\n|tier|[Gen 9] National Dex Doubles\n|rated|\n|rule|HP Percentage Mod: HP is shown in percentages\n|rule|Endless Battle Clause: Forcing endless battles is banned\n|rule|OHKO Clause: OHKO moves are banned\n|rule|Evasion Moves Clause: Evasion moves are banned\n|rule|Evasion Abilities Clause: Evasion abilities are banned\n|rule|Species Clause: Limit one of each Pok\u00e9mon\n|rule|Gravity Sleep Clause: The combination of sleep-inducing moves with imperfect accuracy and Gravity or Gigantamax Orbeetle are banned\n|clearpoke\n|poke|p1|Jirachi|\n|poke|p1|Ninetales-Alola, F|\n|poke|p1|Eevee, M|\n|poke|p1|Diancie|\n|poke|p1|Amoonguss, F|\n|poke|p1|Dragapult, M|\n|poke|p2|Xurkitree|\n|poke|p2|Togekiss, F|\n|poke|p2|Gardevoir, F|\n|poke|p2|Torkoal, F|\n|poke|p2|Incineroar, M|\n|poke|p2|Urshifu-*, F|\n|teampreview\n|\n|t:|1696649669\n|start\n|switch|p1a: Eevee|Eevee, M|100\/100\n|switch|p1b: Ninetales|Ninetales-Alola, F|100\/100\n|switch|p2a: Togekiss|Togekiss, F|100\/100\n|switch|p2b: Xurkitree|Xurkitree, shiny|100\/100\n|-weather|Snow|[from] ability: Snow Warning|[of] p1b: Ninetales\n|turn|1\n|\n|t:|1696649690\n|move|p1b: Ninetales|Aurora Veil|p1b: Ninetales\n|-sidestart|p1: Aquiley|move: Aurora Veil\n|move|p2a: Togekiss|Light Screen|p2a: Togekiss\n|-sidestart|p2: InfernoPlays8|move: Light Screen\n|move|p2b: Xurkitree|Zap Cannon|p1b: Ninetales|[miss]\n|-miss|p2b: Xurkitree|p1b: Ninetales\n|-enditem|p2b: Xurkitree|Blunder Policy\n|-boost|p2b: Xurkitree|spe|2\n|-zpower|p1a: Eevee\n|move|p1a: Eevee|Extreme Evoboost|p1a: Eevee\n|-boost|p1a: Eevee|atk|2\n|-boost|p1a: Eevee|def|2\n|-boost|p1a: Eevee|spa|2\n|-boost|p1a: Eevee|spd|2\n|-boost|p1a: Eevee|spe|2\n|\n|-weather|Snow|[upkeep]\n|upkeep\n|turn|2\n|\n|t:|1696649713\n|move|p2b: Xurkitree|Discharge|p1a: Eevee|[spread] p2a,p1a,p1b\n|-supereffective|p2a: Togekiss\n|-damage|p2a: Togekiss|55\/100\n|-damage|p1a: Eevee|85\/100\n|-damage|p1b: Ninetales|64\/100\n|-status|p2a: Togekiss|par\n|-status|p1a: Eevee|par\n|move|p1b: Ninetales|Agility|p1b: Ninetales\n|-boost|p1b: Ninetales|spe|2\n|move|p1a: Eevee|Baton Pass|p1a: Eevee\n|\n|t:|1696649723\n|switch|p1a: Jirachi|Jirachi|100\/100|[from] Baton Pass\n|move|p2a: Togekiss|Reflect|p2a: Togekiss\n|-sidestart|p2: InfernoPlays8|Reflect\n|\n|-weather|Snow|[upkeep]\n|-heal|p1b: Ninetales|70\/100|[from] item: Leftovers\n|upkeep\n|turn|3\n|\n|t:|1696649740\n|move|p1b: Ninetales|Calm Mind|p1b: Ninetales\n|-boost|p1b: Ninetales|spa|1\n|-boost|p1b: Ninetales|spd|1\n|move|p1a: Jirachi|Ancient Power|p2a: Togekiss\n|-supereffective|p2a: Togekiss\n|-damage|p2a: Togekiss|25\/100 par\n|move|p2b: Xurkitree|Discharge|p1b: Ninetales|[spread] p2a,p1a,p1b\n|-supereffective|p2a: Togekiss\n|-damage|p2a: Togekiss|0 fnt\n|-damage|p1a: Jirachi|91\/100\n|-damage|p1b: Ninetales|49\/100\n|faint|p2a: Togekiss\n|-ability|p2b: Xurkitree|Beast Boost|boost\n|-boost|p2b: Xurkitree|spa|1\n|\n|-weather|Snow|[upkeep]\n|-heal|p1b: Ninetales|55\/100|[from] item: Leftovers\n|upkeep\n|\n|t:|1696649753\n|switch|p2a: Gardevoir|Gardevoir, F|100\/100\n|turn|4\n|\n|t:|1696649762\n|switch|p1b: Diancie|Diancie|100\/100\n|move|p1a: Jirachi|Baton Pass|p1a: Jirachi\n|\n|t:|1696649769\n|switch|p1a: Amoonguss|Amoonguss, F|100\/100|[from] Baton Pass\n|move|p2b: Xurkitree|Discharge|p1b: Diancie|[spread] p1a,p1b\n|-activate|p2a: Gardevoir|ability: Telepathy\n|-resisted|p1a: Amoonguss\n|-damage|p1a: Amoonguss|90\/100\n|-damage|p1b: Diancie|59\/100\n|move|p2a: Gardevoir|Toxic|p1b: Diancie\n|-status|p1b: Diancie|tox\n|\n|-weather|Snow|[upkeep]\n|-heal|p1a: Amoonguss|97\/100|[from] item: Leftovers\n|-damage|p1b: Diancie|53\/100 tox|[from] psn\n|upkeep\n|turn|5\n|\n|t:|1696649795\n|detailschange|p1b: Diancie|Diancie-Mega\n|-mega|p1b: Diancie|Diancie|Diancite\n|-terastallize|p2a: Gardevoir|Ice\n|move|p2b: Xurkitree|Energy Ball|p1b: Diancie\n|-supereffective|p1b: Diancie\n|-damage|p1b: Diancie|0 fnt\n|faint|p1b: Diancie\n|-ability|p2b: Xurkitree|Beast Boost|boost\n|-boost|p2b: Xurkitree|spa|1\n|move|p2a: Gardevoir|Tera Blast|p1a: Amoonguss|[anim] Tera Blast Ice\n|-supereffective|p1a: Amoonguss\n|-damage|p1a: Amoonguss|69\/100\n|move|p1a: Amoonguss|Sludge Bomb|p2a: Gardevoir\n|-damage|p2a: Gardevoir|42\/100\n|\n|-weather|none\n|-heal|p1a: Amoonguss|76\/100|[from] item: Leftovers\n|-sideend|p1: Aquiley|move: Aurora Veil\n|upkeep\n|\n|t:|1696649810\n|switch|p1b: Ninetales|Ninetales-Alola, F|55\/100\n|-weather|Snow|[from] ability: Snow Warning|[of] p1b: Ninetales\n|turn|6\n|\n|t:|1696649828\n|move|p2b: Xurkitree|Discharge|p1b: Ninetales|[spread] p1a,p1b\n|-activate|p2a: Gardevoir|ability: Telepathy\n|-resisted|p1a: Amoonguss\n|-damage|p1a: Amoonguss|55\/100\n|-damage|p1b: Ninetales|0 fnt\n|-status|p1a: Amoonguss|par\n|faint|p1b: Ninetales\n|-ability|p2b: Xurkitree|Beast Boost|boost\n|-boost|p2b: Xurkitree|spa|1\n|move|p2a: Gardevoir|Psychic|p1a: Amoonguss\n|-supereffective|p1a: Amoonguss\n|-damage|p1a: Amoonguss|10\/100 par\n|-unboost|p1a: Amoonguss|spd|1\n|move|p1a: Amoonguss|Spore|p2b: Xurkitree\n|-status|p2b: Xurkitree|slp|[from] move: Spore\n|\n|-weather|Snow|[upkeep]\n|-heal|p1a: Amoonguss|17\/100 par|[from] item: Leftovers\n|upkeep\n|\n|t:|1696649850\n|switch|p1b: Eevee|Eevee, M|85\/100 par\n|turn|7\n|\n|t:|1696649861\n|cant|p2b: Xurkitree|slp\n|move|p2a: Gardevoir|Psychic|p1a: Amoonguss\n|-supereffective|p1a: Amoonguss\n|-damage|p1a: Amoonguss|0 fnt\n|faint|p1a: Amoonguss\n|move|p1b: Eevee|Yawn|p2a: Gardevoir\n|-start|p2a: Gardevoir|move: Yawn|[of] p1b: Eevee\n|\n|-weather|Snow|[upkeep]\n|upkeep\n|\n|t:|1696649870\n|switch|p1a: Jirachi|Jirachi|91\/100\n|turn|8\n|\n|t:|1696649893\n|cant|p2b: Xurkitree|slp\n|move|p2a: Gardevoir|Psychic|p1b: Eevee\n|-damage|p1b: Eevee|36\/100 par\n|move|p1a: Jirachi|Ancient Power|p2a: Gardevoir\n|-supereffective|p2a: Gardevoir\n|-damage|p2a: Gardevoir|21\/100\n|-enditem|p2a: Gardevoir|Aguav Berry|[eat]\n|-heal|p2a: Gardevoir|55\/100|[from] item: Aguav Berry\n|move|p1b: Eevee|Wish|p1b: Eevee\n|\n|-weather|Snow|[upkeep]\n|-end|p2a: Gardevoir|move: Yawn|[silent]\n|-status|p2a: Gardevoir|slp\n|-sideend|p2: InfernoPlays8|move: Light Screen\n|upkeep\n|turn|9\n|\n|t:|1696649907\n|switch|p1b: Dragapult|Dragapult, M|100\/100\n|-curestatus|p2b: Xurkitree|slp|[msg]\n|move|p2b: Xurkitree|Discharge|p1b: Dragapult|[spread] p1a,p1b\n|-activate|p2a: Gardevoir|ability: Telepathy\n|-resisted|p1b: Dragapult\n|-damage|p1a: Jirachi|22\/100\n|-damage|p1b: Dragapult|22\/100\n|-status|p1a: Jirachi|par\n|cant|p2a: Gardevoir|slp\n|cant|p1a: Jirachi|par\n|\n|-weather|Snow|[upkeep]\n|-heal|p1b: Dragapult|71\/100|[from] move: Wish|[wisher] Eevee\n|-heal|p1b: Dragapult|77\/100|[from] item: Leftovers\n|-sideend|p2: InfernoPlays8|Reflect\n|upkeep\n|turn|10\n|\n|t:|1696649934\n|move|p2b: Xurkitree|Dazzling Gleam|p1b: Dragapult|[spread] p1a,p1b\n|-resisted|p1a: Jirachi\n|-supereffective|p1b: Dragapult\n|-damage|p1a: Jirachi|0 fnt\n|-damage|p1b: Dragapult|0 fnt\n|-start|p2b: Xurkitree|Disable|Dazzling Gleam|[from] ability: Cursed Body|[of] p1b: Dragapult\n|faint|p1a: Jirachi\n|faint|p1b: Dragapult\n|-ability|p2b: Xurkitree|Beast Boost|boost\n|-boost|p2b: Xurkitree|spa|2\n|cant|p2a: Gardevoir|slp\n|\n|-weather|none\n|upkeep\n|c|\u2606InfernoPlays8|gg\n|-message|Aquiley forfeited.\n|\n|win|InfernoPlays8\n|raw|Aquiley's rating: 1074 &rarr; <strong>1048<\/strong><br \/>(-26 for losing)\n|raw|InfernoPlays8's rating: 1000 &rarr; <strong>1048<\/strong><br \/>(+48 for winning)\n|l|\u2606Aquiley\n","uploadtime":1696649972,"views":12,"p1id":"aquiley","p2id":"infernoplays8","formatid":"gen9nationaldexdoubles","rating":1048,"private":0,"password":""}