{"id":"gen9nationaldexdoubles-1984688534","p1":"Not_Paint","p2":"StickmenSwampert","format":"[Gen 9] National Dex Doubles","log":"|j|\u2606Not_Paint\n|j|\u2606StickmenSwampert\n|t:|1699290995\n|gametype|doubles\n|player|p1|Not_Paint|yellow|\n|player|p2|StickmenSwampert|unknown|\n|teamsize|p1|6\n|teamsize|p2|6\n|gen|9\n|tier|[Gen 9] National Dex Doubles\n|rule|HP Percentage Mod: HP is shown in percentages\n|rule|Endless Battle Clause: Forcing endless battles is banned\n|rule|OHKO Clause: OHKO moves are banned\n|rule|Evasion Moves Clause: Evasion moves are banned\n|rule|Evasion Abilities Clause: Evasion abilities are banned\n|rule|Species Clause: Limit one of each Pok\u00e9mon\n|rule|Gravity Sleep Clause: The combination of sleep-inducing moves with imperfect accuracy and Gravity or Gigantamax Orbeetle are banned\n|clearpoke\n|poke|p1|Hatterene, F|\n|poke|p1|Glimmora, M|\n|poke|p1|Hariyama, M|\n|poke|p1|Bronzong|\n|poke|p1|Gothitelle, F|\n|poke|p1|Bellibolt, M|\n|poke|p2|Armarouge, F|\n|poke|p2|Tauros-Paldea-Aqua, M|\n|poke|p2|Toedscruel, F|\n|poke|p2|Bombirdier, F|\n|poke|p2|Glimmora, F|\n|poke|p2|Baxcalibur, F|\n|teampreview\n|\n|t:|1699291025\n|start\n|switch|p1a: Magic Women|Hatterene, F|100\/100\n|switch|p1b: Boss lookin alien|Glimmora, M|100\/100\n|switch|p2a: Buff|Tauros-Paldea-Aqua, M|100\/100\n|switch|p2b: Spencer|Bombirdier, F|100\/100\n|turn|1\n|\n|t:|1699291036\n|-terastallize|p2a: Buff|Steel\n|move|p2a: Buff|Iron Head|p1a: Magic Women\n|-supereffective|p1a: Magic Women\n|-crit|p1a: Magic Women\n|-enditem|p1a: Magic Women|Focus Sash\n|-damage|p1a: Magic Women|1\/100\n|move|p2b: Spencer|Dual Wingbeat|p1a: Magic Women\n|-damage|p1a: Magic Women|0 fnt\n|faint|p1a: Magic Women\n|-hitcount|p1: Magic Women|1\n|move|p1b: Boss lookin alien|Power Gem|p2b: Spencer\n|-supereffective|p2b: Spencer\n|-damage|p2b: Spencer|0 fnt\n|faint|p2b: Spencer\n|\n|upkeep\n|\n|t:|1699291050\n|switch|p2b: Amber|Armarouge, F|100\/100\n|switch|p1a: Bing Bong|Bronzong|100\/100\n|turn|2\n|\n|t:|1699291062\n|move|p2a: Buff|Close Combat|p1a: Bing Bong\n|-damage|p1a: Bing Bong|55\/100\n|-unboost|p2a: Buff|def|1\n|-unboost|p2a: Buff|spd|1\n|move|p2b: Amber|Armor Cannon|p1a: Bing Bong\n|-supereffective|p1a: Bing Bong\n|-damage|p1a: Bing Bong|0 fnt\n|-unboost|p2b: Amber|def|1\n|-unboost|p2b: Amber|spd|1\n|faint|p1a: Bing Bong\n|move|p1b: Boss lookin alien|Power Gem|p2b: Amber\n|-supereffective|p2b: Amber\n|-damage|p2b: Amber|0 fnt\n|faint|p2b: Amber\n|\n|upkeep\n|\n|t:|1699291077\n|switch|p2b: Lotor|Baxcalibur, F|100\/100\n|switch|p1a: THICC|Hariyama, M|100\/100\n|turn|3\n|\n|t:|1699291094\n|switch|p2a: Flerz|Glimmora, F, shiny|100\/100\n|move|p2b: Lotor|Dragon Dance|p2b: Lotor\n|-boost|p2b: Lotor|atk|1\n|-boost|p2b: Lotor|spe|1\n|move|p1b: Boss lookin alien|Power Gem|p2b: Lotor\n|-supereffective|p2b: Lotor\n|-damage|p2b: Lotor|14\/100\n|move|p1a: THICC|Close Combat|p2a: Flerz\n|-damage|p2a: Flerz|60\/100\n|-unboost|p1a: THICC|def|1\n|-unboost|p1a: THICC|spd|1\n|-activate|p2a: Flerz|ability: Toxic Debris\n|-sidestart|p1: Not_Paint|move: Toxic Spikes\n|\n|-status|p1a: THICC|brn|[from] item: Flame Orb\n|upkeep\n|turn|4\n|\n|t:|1699291118\n|move|p2b: Lotor|Scale Shot|p1a: THICC\n|-damage|p1a: THICC|69\/100 brn\n|-damage|p1a: THICC|33\/100 brn\n|-damage|p1a: THICC|3\/100 brn\n|-damage|p1a: THICC|0 fnt\n|faint|p1a: THICC\n|-hitcount|p1: THICC|4\n|-unboost|p2b: Lotor|def|1\n|-boost|p2b: Lotor|spe|1\n|move|p2a: Flerz|Stealth Rock|p1b: Boss lookin alien\n|-sidestart|p1: Not_Paint|move: Stealth Rock\n|move|p1b: Boss lookin alien|Energy Ball|p2a: Flerz\n|-damage|p2a: Flerz|31\/100\n|\n|upkeep\n|\n|t:|1699291120\n|switch|p1a: Emo Gorl|Gothitelle, F|100\/100\n|-status|p1a: Emo Gorl|psn\n|-damage|p1a: Emo Gorl|88\/100 psn|[from] Stealth Rock\n|turn|5\n|\n|t:|1699291171\n|move|p1a: Emo Gorl|Fake Out|p2b: Lotor\n|-damage|p2b: Lotor|3\/100\n|-damage|p1a: Emo Gorl|78\/100 psn|[from] item: Life Orb\n|cant|p2b: Lotor|flinch\n|move|p2a: Flerz|Mortal Spin|p1b: Boss lookin alien|[spread] p1a,p1b\n|-resisted|p1b: Boss lookin alien\n|-crit|p1b: Boss lookin alien\n|-damage|p1a: Emo Gorl|73\/100 psn\n|-damage|p1b: Boss lookin alien|99\/100\n|-activate|p1b: Boss lookin alien|ability: Toxic Debris\n|-sidestart|p2: StickmenSwampert|move: Toxic Spikes\n|-sideend|p2: StickmenSwampert|Toxic Spikes|[from] move: Mortal Spin|[of] p2a: Flerz\n|move|p1b: Boss lookin alien|Energy Ball|p2a: Flerz\n|-damage|p2a: Flerz|3\/100\n|\n|-damage|p1a: Emo Gorl|60\/100 psn|[from] psn\n|upkeep\n|turn|6\n|\n|t:|1699291206\n|move|p2b: Lotor|Icicle Spear|p1b: Boss lookin alien\n|-damage|p1b: Boss lookin alien|79\/100\n|-activate|p1b: Boss lookin alien|ability: Toxic Debris\n|-sidestart|p2: StickmenSwampert|move: Toxic Spikes\n|-damage|p1b: Boss lookin alien|58\/100\n|-activate|p1b: Boss lookin alien|ability: Toxic Debris\n|-sidestart|p2: StickmenSwampert|move: Toxic Spikes\n|-damage|p1b: Boss lookin alien|36\/100\n|-damage|p1b: Boss lookin alien|16\/100\n|-damage|p1b: Boss lookin alien|0 fnt\n|faint|p1b: Boss lookin alien\n|-hitcount|p1: Boss lookin alien|5\n|move|p2a: Flerz|Power Gem|p1a: Emo Gorl\n|-damage|p1a: Emo Gorl|30\/100 psn\n|move|p1a: Emo Gorl|Psyshock|p2b: Lotor\n|-damage|p2b: Lotor|0 fnt\n|faint|p2b: Lotor\n|-damage|p1a: Emo Gorl|21\/100 psn|[from] item: Life Orb\n|\n|-damage|p1a: Emo Gorl|8\/100 psn|[from] psn\n|upkeep\n|\n|t:|1699291233\n|switch|p2b: Pulpo|Toedscruel, F, shiny|100\/100\n|switch|p1b: My new friend|Bellibolt, M|100\/100\n|-status|p2b: Pulpo|tox\n|-status|p1b: My new friend|psn\n|-damage|p1b: My new friend|88\/100 psn|[from] Stealth Rock\n|turn|7\n|\n|t:|1699291252\n|-terastallize|p1b: My new friend|Psychic\n|move|p2b: Pulpo|Earth Power|p1b: My new friend\n|-damage|p1b: My new friend|58\/100 psn\n|-unboost|p1b: My new friend|spd|1\n|-start|p1b: My new friend|Charge|Earth Power|[from] ability: Electromorphosis\n|move|p2a: Flerz|Mortal Spin|p1a: Emo Gorl|[spread] p1a,p1b\n|-damage|p1a: Emo Gorl|3\/100 psn\n|-damage|p1b: My new friend|55\/100 psn\n|-start|p1b: My new friend|Charge|Mortal Spin|[from] ability: Electromorphosis\n|-damage|p2a: Flerz|0 fnt|[from] item: Rocky Helmet|[of] p1b: My new friend\n|faint|p2a: Flerz\n|move|p1a: Emo Gorl|Psyshock|p2b: Pulpo\n|-damage|p2b: Pulpo|26\/100 tox\n|-damage|p1a: Emo Gorl|0 fnt|[from] item: Life Orb\n|faint|p1a: Emo Gorl\n|move|p1b: My new friend|Soak|p2b: Pulpo\n|-start|p2b: Pulpo|typechange|Water\n|\n|-damage|p2b: Pulpo|20\/100 tox|[from] psn\n|-damage|p1b: My new friend|42\/100 psn|[from] psn\n|upkeep\n|\n|t:|1699291272\n|switch|p2a: Buff|Tauros-Paldea-Aqua, M, tera:Steel|100\/100\n|turn|8\n|\n|t:|1699291283\n|move|p2a: Buff|Raging Bull|p1b: My new friend\n|-damage|p1b: My new friend|13\/100 psn\n|-start|p1b: My new friend|Charge|Raging Bull|[from] ability: Electromorphosis\n|-damage|p2a: Buff|84\/100|[from] item: Rocky Helmet|[of] p1b: My new friend\n|move|p2b: Pulpo|Hex|p1b: My new friend\n|-supereffective|p1b: My new friend\n|-damage|p1b: My new friend|0 fnt\n|faint|p1b: My new friend\n|\n|win|StickmenSwampert\n|c|\u2606StickmenSwampert|AND THAT\n|c|\u2606StickmenSwampert|is a GG\n","uploadtime":1699291304,"views":6,"p1id":"notpaint","p2id":"stickmenswampert","formatid":"gen9nationaldexdoubles","rating":0,"private":0,"password":""}