{"id":"gen9nationaldexdoubles-1984064047","p1":"Ancientguirus","p2":"Kurususilver11","format":"[Gen 9] National Dex Doubles","log":"|j|\u2606Ancientguirus\n|j|\u2606Kurususilver11\n|t:|1699214947\n|gametype|doubles\n|player|p1|Ancientguirus|raihan|1118\n|player|p2|Kurususilver11|2|1264\n|teamsize|p1|6\n|teamsize|p2|6\n|gen|9\n|tier|[Gen 9] National Dex Doubles\n|rated|\n|rule|HP Percentage Mod: HP is shown in percentages\n|rule|Endless Battle Clause: Forcing endless battles is banned\n|rule|OHKO Clause: OHKO moves are banned\n|rule|Evasion Moves Clause: Evasion moves are banned\n|rule|Evasion Abilities Clause: Evasion abilities are banned\n|rule|Species Clause: Limit one of each Pok\u00e9mon\n|rule|Gravity Sleep Clause: The combination of sleep-inducing moves with imperfect accuracy and Gravity or Gigantamax Orbeetle are banned\n|clearpoke\n|poke|p1|Glastrier|\n|poke|p1|Mudsdale, M|\n|poke|p1|Rapidash-Galar, M|\n|poke|p1|Spectrier|\n|poke|p1|Zebstrika, F|\n|poke|p1|Keldeo-Resolute|\n|poke|p2|Diancie|\n|poke|p2|Eevee, F|\n|poke|p2|Flutter Mane|\n|poke|p2|Cresselia, F|\n|poke|p2|Indeedee-F, F|\n|poke|p2|Iron Bundle|\n|teampreview\n|c|\u2606Kurususilver11|h o r s e\n|\n|t:|1699214965\n|start\n|switch|p1a: tucker|Mudsdale, M, shiny|100\/100\n|switch|p1b: newbie|Keldeo-Resolute|100\/100\n|switch|p2a: Eevee|Eevee, F, shiny|100\/100\n|switch|p2b: Indeedee|Indeedee-F, F, shiny|100\/100\n|-fieldstart|move: Psychic Terrain|[from] ability: Psychic Surge|[of] p2b: Indeedee\n|turn|1\n|c|\u2606Ancientguirus|neigh neigh\n|\n|t:|1699214991\n|move|p2b: Indeedee|Follow Me|p2b: Indeedee\n|-singleturn|p2b: Indeedee|move: Follow Me\n|move|p1b: newbie|Icy Wind|p2b: Indeedee|[spread] p2a,p2b\n|-damage|p2a: Eevee|80\/100\n|-damage|p2b: Indeedee|88\/100\n|-unboost|p2a: Eevee|spe|1\n|-unboost|p2b: Indeedee|spe|1\n|move|p1a: tucker|Heavy Slam|p2b: Indeedee\n|-damage|p2b: Indeedee|41\/100\n|-zpower|p2a: Eevee\n|move|p2a: Eevee|Extreme Evoboost|p2a: Eevee\n|-boost|p2a: Eevee|atk|2\n|-boost|p2a: Eevee|def|2\n|-boost|p2a: Eevee|spa|2\n|-boost|p2a: Eevee|spd|2\n|-boost|p2a: Eevee|spe|2\n|\n|-heal|p2b: Indeedee|47\/100|[from] item: Leftovers\n|upkeep\n|turn|2\n|\n|t:|1699215012\n|move|p2b: Indeedee|Follow Me|p2b: Indeedee\n|-singleturn|p2b: Indeedee|move: Follow Me\n|move|p1b: newbie|Icy Wind|p2a: Eevee|[spread] p2a,p2b\n|-damage|p2a: Eevee|70\/100\n|-damage|p2b: Indeedee|33\/100\n|-unboost|p2a: Eevee|spe|1\n|-unboost|p2b: Indeedee|spe|1\n|move|p2a: Eevee|Baton Pass|p2a: Eevee\n|\n|t:|1699215021\n|switch|p2a: Hard Candy|Diancie, shiny|100\/100|[from] Baton Pass\n|move|p1a: tucker|Heavy Slam|p2b: Indeedee\n|-damage|p2b: Indeedee|0 fnt\n|faint|p2b: Indeedee\n|\n|upkeep\n|\n|t:|1699215032\n|switch|p2b: Silver Deli|Iron Bundle, shiny|100\/100\n|-enditem|p2b: Silver Deli|Booster Energy\n|-activate|p2b: Silver Deli|ability: Quark Drive|[fromitem]\n|-start|p2b: Silver Deli|quarkdrivespe\n|turn|3\n|\n|t:|1699215046\n|detailschange|p2a: Hard Candy|Diancie-Mega, shiny\n|-mega|p2a: Hard Candy|Diancie|Diancite\n|-terastallize|p2b: Silver Deli|Ground\n|move|p2a: Hard Candy|Protect|p2a: Hard Candy\n|-singleturn|p2a: Hard Candy|Protect\n|move|p2b: Silver Deli|Freeze-Dry|p1b: newbie\n|-supereffective|p1b: newbie\n|-damage|p1b: newbie|20\/100\n|move|p1b: newbie|Secret Sword|p2b: Silver Deli\n|-damage|p2b: Silver Deli|49\/100\n|move|p1a: tucker|Heavy Slam|p2a: Hard Candy\n|-activate|p2a: Hard Candy|move: Protect\n|\n|upkeep\n|turn|4\n|\n|t:|1699215070\n|move|p2b: Silver Deli|Freeze-Dry|p1b: newbie\n|-supereffective|p1b: newbie\n|-damage|p1b: newbie|0 fnt\n|faint|p1b: newbie\n|move|p2a: Hard Candy|Stored Power|p1a: tucker\n|-damage|p1a: tucker|0 fnt\n|faint|p1a: tucker\n|\n|upkeep\n|c|\u2606Kurususilver11|stored power with evoboost is insane\n|\n|t:|1699215096\n|switch|p1b: zappity zap|Zebstrika, F|100\/100\n|switch|p1a: g-ghost?!?|Spectrier|100\/100\n|turn|5\n|c|\u2606Ancientguirus|180 base power?\n|\n|t:|1699215134\n|move|p2b: Silver Deli|Tera Blast|p1b: zappity zap|[anim] Tera Blast Ground\n|-supereffective|p1b: zappity zap\n|-damage|p1b: zappity zap|0 fnt\n|faint|p1b: zappity zap\n|move|p1a: g-ghost?!?|Shadow Ball|p2a: Hard Candy\n|-damage|p2a: Hard Candy|59\/100\n|-damage|p1a: g-ghost?!?|91\/100|[from] item: Life Orb\n|move|p2a: Hard Candy|Diamond Storm|p1a: g-ghost?!?\n|-damage|p1a: g-ghost?!?|0 fnt\n|faint|p1a: g-ghost?!?\n|\n|-fieldend|move: Psychic Terrain\n|upkeep\n|\n|t:|1699215141\n|switch|p1a: my little pony|Rapidash-Galar, M|100\/100\n|switch|p1b: horseytwinkletoes|Glastrier|100\/100\n|turn|6\n|c|\u2606Kurususilver11|currently yeah\n|c|\u2606Kurususilver11|usually its 200 something but u screwed up the speed buff lmao\n|c|\u2606Ancientguirus|ik\n|c|\u2606Ancientguirus|saw eevee and knew to screw up the speed\n|\n|t:|1699215190\n|move|p2b: Silver Deli|Tera Blast|p1a: my little pony|[anim] Tera Blast Ground\n|-damage|p1a: my little pony|58\/100\n|move|p2a: Hard Candy|Stored Power|p1b: horseytwinkletoes\n|-damage|p1b: horseytwinkletoes|0 fnt\n|faint|p1b: horseytwinkletoes\n|move|p1a: my little pony|High Horsepower|p2a: Hard Candy\n|-supereffective|p2a: Hard Candy\n|-damage|p2a: Hard Candy|21\/100\n|\n|upkeep\n|turn|7\n|c|\u2606Kurususilver11|i love that i get to use an eevee in this format and its not a bad idea\n|\n|t:|1699215222\n|move|p2b: Silver Deli|Freeze-Dry|p1a: my little pony\n|-damage|p1a: my little pony|25\/100\n|move|p2a: Hard Candy|Stored Power|p1a: my little pony\n|-resisted|p1a: my little pony\n|-damage|p1a: my little pony|0 fnt\n|faint|p1a: my little pony\n|\n|win|Kurususilver11\n|raw|Ancientguirus's rating: 1118 &rarr; <strong>1103<\/strong><br \/>(-15 for losing)\n|raw|Kurususilver11's rating: 1264 &rarr; <strong>1279<\/strong><br \/>(+15 for winning)\n|c|\u2606Ancientguirus|gg\n|l|\u2606Ancientguirus\n|c|\u2606Kurususilver11|gg bro\n","uploadtime":1699215246,"views":14,"p1id":"ancientguirus","p2id":"kurususilver11","formatid":"gen9nationaldexdoubles","rating":1103,"private":0,"password":""}