{"id":"gen9nationaldexdoubles-1969811274","p1":"BlodiaMan","p2":"lxvliiz","format":"[Gen 9] National Dex Doubles","log":"|j|\u2606BlodiaMan\n|j|\u2606lxvliiz\n|t:|1697567187\n|gametype|doubles\n|player|p1|BlodiaMan|silver|1073\n|player|p2|lxvliiz|gambler|1120\n|teamsize|p1|6\n|teamsize|p2|6\n|gen|9\n|tier|[Gen 9] National Dex Doubles\n|rated|\n|rule|HP Percentage Mod: HP is shown in percentages\n|rule|Endless Battle Clause: Forcing endless battles is banned\n|rule|OHKO Clause: OHKO moves are banned\n|rule|Evasion Moves Clause: Evasion moves are banned\n|rule|Evasion Abilities Clause: Evasion abilities are banned\n|rule|Species Clause: Limit one of each Pok\u00e9mon\n|rule|Gravity Sleep Clause: The combination of sleep-inducing moves with imperfect accuracy and Gravity or Gigantamax Orbeetle are banned\n|clearpoke\n|poke|p1|Golduck, M|\n|poke|p1|Vaporeon, F|\n|poke|p1|Charizard, M|\n|poke|p1|Pikachu, F|\n|poke|p1|Volcarona, F|\n|poke|p1|Ariados, F|\n|poke|p2|Ribombee, F|\n|poke|p2|Nidoking, M|\n|poke|p2|Ogerpon-Cornerstone, F|\n|poke|p2|Eevee, M|\n|poke|p2|Volcarona, F|\n|poke|p2|Medicham, M|\n|teampreview\n|inactive|Battle timer is ON: inactive players will automatically lose when time's up. (requested by lxvliiz)\n|\n|t:|1697567210\n|start\n|switch|p1a: Pikachu|Pikachu, F|100\/100\n|switch|p1b: Ariados|Ariados, F|100\/100\n|switch|p2a: testing1|Eevee, M|100\/100\n|switch|p2b: testing2|Ogerpon-Cornerstone, F|100\/100\n|turn|1\n|\n|t:|1697567223\n|-terastallize|p2b: testing2|Rock\n|detailschange|p2b: testing2|Ogerpon-Cornerstone-Tera, F, tera:Rock\n|-ability|p2b: testing2|Embody Aspect (Cornerstone)|boost\n|-boost|p2b: testing2|def|1\n|move|p1a: Pikachu|Fake Out|p2a: testing1\n|-damage|p2a: testing1|71\/100\n|move|p2b: testing2|Follow Me|p2b: testing2\n|-singleturn|p2b: testing2|move: Follow Me\n|cant|p2a: testing1|flinch\n|move|p1b: Ariados|Toxic Thread|p2b: testing2\n|-unboost|p2b: testing2|spe|1\n|-status|p2b: testing2|psn\n|\n|-damage|p2b: testing2|88\/100 psn|[from] psn\n|upkeep\n|turn|2\n|\n|t:|1697567252\n|move|p2b: testing2|Follow Me|p2b: testing2\n|-singleturn|p2b: testing2|move: Follow Me\n|move|p1a: Pikachu|Trailblaze|p2b: testing2\n|-supereffective|p2b: testing2\n|-damage|p2b: testing2|54\/100 psn\n|-boost|p1a: Pikachu|spe|1\n|-zpower|p2a: testing1\n|move|p2a: testing1|Extreme Evoboost|p2a: testing1\n|-boost|p2a: testing1|atk|2\n|-boost|p2a: testing1|def|2\n|-boost|p2a: testing1|spa|2\n|-boost|p2a: testing1|spd|2\n|-boost|p2a: testing1|spe|2\n|move|p1b: Ariados|Cross Poison|p2b: testing2\n|-resisted|p2b: testing2\n|-damage|p2b: testing2|41\/100 psn\n|\n|-damage|p2b: testing2|29\/100 psn|[from] psn\n|upkeep\n|turn|3\n|\n|t:|1697567273\n|switch|p1b: Golduck|Golduck, M|100\/100\n|-ability|p1b: Golduck|Cloud Nine\n|move|p2b: testing2|Follow Me|p2b: testing2\n|-singleturn|p2b: testing2|move: Follow Me\n|move|p1a: Pikachu|Trailblaze|p2b: testing2\n|-supereffective|p2b: testing2\n|-damage|p2b: testing2|0 fnt\n|-boost|p1a: Pikachu|spe|1\n|faint|p2b: testing2\n|move|p2a: testing1|Baton Pass|p2a: testing1\n|\n|t:|1697567285\n|switch|p2a: Medicham|Medicham, M|100\/100|[from] Baton Pass\n|\n|upkeep\n|\n|t:|1697567287\n|switch|p2b: testing4|Volcarona, F|100\/100\n|turn|4\n|\n|t:|1697567295\n|detailschange|p2a: Medicham|Medicham-Mega, M\n|-mega|p2a: Medicham|Medicham|Medichamite\n|move|p1a: Pikachu|Extreme Speed|p2a: Medicham\n|-damage|p2a: Medicham|76\/100\n|move|p2b: testing4|Rage Powder|p2b: testing4\n|-singleturn|p2b: testing4|move: Rage Powder\n|move|p2a: Medicham|Power-Up Punch|p1b: Golduck\n|-damage|p1b: Golduck|1\/100\n|-boost|p2a: Medicham|atk|1\n|move|p1b: Golduck|Haze|p1b: Golduck\n|-clearallboost\n|\n|upkeep\n|turn|5\n|c|\u2606lxvliiz|damn\n|\n|t:|1697567325\n|move|p1a: Pikachu|Extreme Speed|p2a: Medicham\n|-damage|p2a: Medicham|29\/100\n|move|p2b: testing4|Rage Powder|p2b: testing4\n|-singleturn|p2b: testing4|move: Rage Powder\n|move|p2a: Medicham|Drain Punch|p1a: Pikachu\n|-damage|p1a: Pikachu|0 fnt\n|-heal|p2a: Medicham|70\/100|[from] drain|[of] p1a: Pikachu\n|faint|p1a: Pikachu\n|move|p1b: Golduck|Scald|p2b: testing4\n|-supereffective|p2b: testing4\n|-damage|p2b: testing4|52\/100\n|\n|upkeep\n|\n|t:|1697567340\n|switch|p1a: Ariados|Ariados, F|100\/100\n|turn|6\n|\n|t:|1697567348\n|move|p2b: testing4|Rage Powder|p2b: testing4\n|-singleturn|p2b: testing4|move: Rage Powder\n|move|p2a: Medicham|Drain Punch|p1a: Ariados\n|-resisted|p1a: Ariados\n|-damage|p1a: Ariados|77\/100\n|-heal|p2a: Medicham|86\/100|[from] drain|[of] p1a: Ariados\n|move|p1b: Golduck|Scald|p2b: testing4\n|-supereffective|p2b: testing4\n|-damage|p2b: testing4|9\/100\n|-enditem|p2b: testing4|Wiki Berry|[eat]\n|-heal|p2b: testing4|42\/100|[from] item: Wiki Berry\n|move|p1a: Ariados|Toxic Thread|p2b: testing4\n|-unboost|p2b: testing4|spe|1\n|-status|p2b: testing4|psn\n|\n|-damage|p2b: testing4|30\/100 psn|[from] psn\n|upkeep\n|turn|7\n|\n|t:|1697567375\n|switch|p1a: Charizard|Charizard, M|100\/100\n|move|p2b: testing4|Rage Powder|p2b: testing4\n|-singleturn|p2b: testing4|move: Rage Powder\n|move|p2a: Medicham|Power-Up Punch|p1a: Charizard\n|-resisted|p1a: Charizard\n|-damage|p1a: Charizard|78\/100\n|-boost|p2a: Medicham|atk|1\n|move|p1b: Golduck|Scald|p2b: testing4\n|-supereffective|p2b: testing4\n|-damage|p2b: testing4|0 fnt\n|faint|p2b: testing4\n|\n|upkeep\n|\n|t:|1697567384\n|switch|p2b: testing1|Eevee, M|71\/100\n|turn|8\n|\n|t:|1697567392\n|move|p2b: testing1|Quick Attack|p1b: Golduck\n|-damage|p1b: Golduck|0 fnt\n|faint|p1b: Golduck\n|move|p2a: Medicham|Zen Headbutt|p1a: Charizard\n|-damage|p1a: Charizard|0 fnt\n|faint|p1a: Charizard\n|\n|upkeep\n|\n|t:|1697567402\n|switch|p1a: Ariados|Ariados, F|77\/100\n|switch|p1b: Volcarona|Volcarona, F|100\/100\n|turn|9\n|\n|t:|1697567423\n|-terastallize|p1b: Volcarona|Bug\n|move|p2b: testing1|Quick Attack|p1b: Volcarona\n|-damage|p1b: Volcarona|70\/100\n|-status|p2b: testing1|brn|[from] ability: Flame Body|[of] p1b: Volcarona\n|move|p2a: Medicham|Zen Headbutt|p1a: Ariados\n|-supereffective|p1a: Ariados\n|-damage|p1a: Ariados|0 fnt\n|faint|p1a: Ariados\n|move|p1b: Volcarona|Bug Buzz|p2a: Medicham\n|-damage|p2a: Medicham|0 fnt\n|faint|p2a: Medicham\n|\n|-damage|p2b: testing1|65\/100 brn|[from] brn\n|upkeep\n|\n|t:|1697567436\n|switch|p2a: testing6|Nidoking, M|100\/100\n|switch|p1a: Vaporeon|Vaporeon, F|100\/100\n|turn|10\n|-message|lxvliiz forfeited.\n|\n|win|BlodiaMan\n|raw|BlodiaMan's rating: 1073 &rarr; <strong>1106<\/strong><br \/>(+33 for winning)\n|raw|lxvliiz's rating: 1120 &rarr; <strong>1092<\/strong><br \/>(-28 for losing)\n|l|\u2606lxvliiz\n","uploadtime":1697567449,"views":8,"p1id":"blodiaman","p2id":"lxvliiz","formatid":"gen9nationaldexdoubles","rating":1092,"private":0,"password":""}