{"id":"gen9nationaldexdoubles-1997673277","p1":"Arnaenaed \u223e","p2":"Gatita golosa 123","format":"[Gen 9] National Dex Doubles","log":"|j|\u2606Arnaenaed \u223e\n|j|\u2606Gatita golosa 123\n|t:|1700840257\n|gametype|doubles\n|player|p1|Arnaenaed \u223e|clay|\n|player|p2|Gatita golosa 123|pokekid|\n|teamsize|p1|6\n|teamsize|p2|6\n|gen|9\n|tier|[Gen 9] National Dex Doubles\n|rule|HP Percentage Mod: HP is shown in percentages\n|rule|Endless Battle Clause: Forcing endless battles is banned\n|rule|OHKO Clause: OHKO moves are banned\n|rule|Evasion Moves Clause: Evasion moves are banned\n|rule|Evasion Abilities Clause: Evasion abilities are banned\n|rule|Species Clause: Limit one of each Pok\u00e9mon\n|rule|Gravity Sleep Clause: The combination of sleep-inducing moves with imperfect accuracy and Gravity or Gigantamax Orbeetle are banned\n|clearpoke\n|poke|p1|Tyranitar, M|\n|poke|p1|Landorus-Therian, M|\n|poke|p1|Heatran, F|\n|poke|p1|Houndstone, F|\n|poke|p1|Dracovish|\n|poke|p1|Rillaboom, M|\n|poke|p2|Pelipper, M|\n|poke|p2|Overqwil, M|\n|poke|p2|Swampert, F|\n|poke|p2|Chien-Pao|\n|poke|p2|Iron Bundle|\n|poke|p2|Tapu Koko|\n|teampreview\n|c|\u2606Gatita golosa 123|Waos\n|\n|t:|1700840289\n|start\n|switch|p1a: Tyranitar|Tyranitar, M|100\/100\n|switch|p1b: Dracovish|Dracovish|100\/100\n|switch|p2a: Iron Bundle|Iron Bundle|100\/100\n|switch|p2b: Tapu Koko|Tapu Koko|100\/100\n|-fieldstart|move: Electric Terrain|[from] ability: Electric Surge|[of] p2b: Tapu Koko\n|-activate|p2a: Iron Bundle|ability: Quark Drive\n|-start|p2a: Iron Bundle|quarkdrivespe\n|-weather|Sandstorm|[from] ability: Sand Stream|[of] p1a: Tyranitar\n|turn|1\n|\n|t:|1700840321\n|switch|p1b: Heatran|Heatran, F|100\/100\n|switch|p2b: Pelipper|Pelipper, M|100\/100\n|-weather|RainDance|[from] ability: Drizzle|[of] p2b: Pelipper\n|switch|p1a: Rillaboom|Rillaboom, M|100\/100\n|-fieldstart|move: Grassy Terrain|[from] ability: Grassy Surge|[of] p1a: Rillaboom\n|-end|p2a: Iron Bundle|Quark Drive\n|move|p2a: Iron Bundle|Freeze-Dry|p1b: Heatran\n|-resisted|p1b: Heatran\n|-damage|p1b: Heatran|96\/100\n|-status|p1b: Heatran|frz\n|\n|-weather|RainDance|[upkeep]\n|-heal|p1b: Heatran|100\/100 frz|[from] Grassy Terrain\n|upkeep\n|turn|2\n|\n|t:|1700840386\n|-terastallize|p1b: Heatran|Grass\n|move|p1a: Rillaboom|Grassy Glide|p2a: Iron Bundle\n|-supereffective|p2a: Iron Bundle\n|-damage|p2a: Iron Bundle|18\/100\n|move|p2a: Iron Bundle|Freeze-Dry|p1a: Rillaboom\n|-supereffective|p1a: Rillaboom\n|-damage|p1a: Rillaboom|53\/100\n|cant|p1b: Heatran|frz\n|move|p2b: Pelipper|Hurricane|p1a: Rillaboom\n|-supereffective|p1a: Rillaboom\n|-damage|p1a: Rillaboom|10\/100\n|\n|-weather|RainDance|[upkeep]\n|-heal|p2a: Iron Bundle|24\/100|[from] Grassy Terrain\n|-heal|p1a: Rillaboom|16\/100|[from] Grassy Terrain\n|upkeep\n|turn|3\n|\n|t:|1700840406\n|-end|p2a: Iron Bundle|Quark Drive|[silent]\n|switch|p2a: Overqwil|Overqwil, M|100\/100\n|move|p1a: Rillaboom|Grassy Glide|p2a: Overqwil\n|-resisted|p2a: Overqwil\n|-damage|p2a: Overqwil|81\/100\n|cant|p1b: Heatran|frz\n|move|p2b: Pelipper|U-turn|p1a: Rillaboom\n|-supereffective|p1a: Rillaboom\n|-damage|p1a: Rillaboom|0 fnt\n|faint|p1a: Rillaboom\n|c|\u2606Arnaenaed \u223e|pensaba q heatwave\n|c|\u2606Arnaenaed \u223e|lo descongelaba\n|\n|t:|1700840424\n|switch|p2b: Chien-Pao|Chien-Pao|100\/100|[from] U-turn\n|-ability|p2b: Chien-Pao|Sword of Ruin\n|\n|-weather|RainDance|[upkeep]\n|-heal|p2a: Overqwil|87\/100|[from] Grassy Terrain\n|upkeep\n|\n|t:|1700840433\n|switch|p1a: Tyranitar|Tyranitar, M|100\/100\n|-weather|Sandstorm|[from] ability: Sand Stream|[of] p1a: Tyranitar\n|turn|4\n|c|\u2606Gatita golosa 123|Pensaste mal\n|c|\u2606Gatita golosa 123|Rueda fuego, envite, escaldar\n|c|\u2606Gatita golosa 123|Esos si\n|\n|t:|1700840469\n|switch|p1b: Landorus|Landorus-Therian, M|100\/100\n|-ability|p1b: Landorus|Intimidate|boost\n|-unboost|p2a: Overqwil|atk|1\n|-unboost|p2b: Chien-Pao|atk|1\n|move|p2b: Chien-Pao|Icicle Crash|p1b: Landorus\n|-supereffective|p1b: Landorus\n|-damage|p1b: Landorus|0 fnt\n|faint|p1b: Landorus\n|move|p2a: Overqwil|Waterfall|p1a: Tyranitar\n|-supereffective|p1a: Tyranitar\n|-damage|p1a: Tyranitar|65\/100\n|move|p1a: Tyranitar|Stealth Rock|p2b: Chien-Pao\n|-sidestart|p2: Gatita golosa 123|move: Stealth Rock\n|\n|-weather|Sandstorm|[upkeep]\n|-damage|p2b: Chien-Pao|95\/100|[from] Sandstorm\n|-damage|p2a: Overqwil|81\/100|[from] Sandstorm\n|-heal|p2b: Chien-Pao|100\/100|[from] Grassy Terrain\n|-heal|p2a: Overqwil|87\/100|[from] Grassy Terrain\n|-heal|p1a: Tyranitar|72\/100|[from] Grassy Terrain\n|upkeep\n|\n|t:|1700840482\n|switch|p1b: Dracovish|Dracovish|100\/100\n|turn|5\n|\n|t:|1700840494\n|switch|p2b: Pelipper|Pelipper, M|100\/100\n|-damage|p2b: Pelipper|75\/100|[from] Stealth Rock\n|-weather|RainDance|[from] ability: Drizzle|[of] p2b: Pelipper\n|switch|p1a: Heatran|Heatran, F, tera:Grass|100\/100 frz\n|move|p2a: Overqwil|Waterfall|p1a: Heatran\n|-resisted|p1a: Heatran\n|-damage|p1a: Heatran|90\/100 frz\n|move|p1b: Dracovish|Fishious Rend|p2a: Overqwil\n|-damage|p2a: Overqwil|0 fnt\n|faint|p2a: Overqwil\n|\n|-weather|RainDance|[upkeep]\n|-heal|p1a: Heatran|96\/100 frz|[from] Grassy Terrain\n|-fieldend|move: Grassy Terrain\n|upkeep\n|\n|t:|1700840510\n|switch|p2a: Chien-Pao|Chien-Pao|100\/100\n|-damage|p2a: Chien-Pao|76\/100|[from] Stealth Rock\n|-ability|p2a: Chien-Pao|Sword of Ruin\n|turn|6\n|\n|t:|1700840521\n|switch|p1a: Tyranitar|Tyranitar, M|72\/100\n|-weather|Sandstorm|[from] ability: Sand Stream|[of] p1a: Tyranitar\n|move|p2a: Chien-Pao|Sucker Punch|p1b: Dracovish\n|-damage|p1b: Dracovish|31\/100\n|move|p1b: Dracovish|Fishious Rend|p2a: Chien-Pao\n|-crit|p2a: Chien-Pao\n|-damage|p2a: Chien-Pao|0 fnt\n|faint|p2a: Chien-Pao\n|move|p2b: Pelipper|Tailwind|p2b: Pelipper\n|-sidestart|p2: Gatita golosa 123|move: Tailwind\n|\n|-weather|Sandstorm|[upkeep]\n|-damage|p2b: Pelipper|69\/100|[from] Sandstorm\n|upkeep\n|\n|t:|1700840533\n|switch|p2a: Tapu Koko|Tapu Koko|100\/100\n|-damage|p2a: Tapu Koko|88\/100|[from] Stealth Rock\n|-fieldstart|move: Electric Terrain|[from] ability: Electric Surge|[of] p2a: Tapu Koko\n|turn|7\n|\n|t:|1700840549\n|switch|p1b: Heatran|Heatran, F, tera:Grass|96\/100 frz\n|move|p2a: Tapu Koko|Electroweb|p1b: Heatran|[spread] p1a,p1b\n|-resisted|p1b: Heatran\n|-damage|p1a: Tyranitar|61\/100\n|-damage|p1b: Heatran|91\/100 frz\n|-unboost|p1a: Tyranitar|spe|1\n|-unboost|p1b: Heatran|spe|1\n|move|p2b: Pelipper|Hurricane|p1b: Heatran\n|-supereffective|p1b: Heatran\n|-damage|p1b: Heatran|50\/100 frz\n|move|p1a: Tyranitar|Stone Edge|p2b: Pelipper|[miss]\n|-miss|p1a: Tyranitar|p2b: Pelipper\n|\n|-weather|Sandstorm|[upkeep]\n|-damage|p2a: Tapu Koko|82\/100|[from] Sandstorm\n|-damage|p2b: Pelipper|63\/100|[from] Sandstorm\n|-damage|p1b: Heatran|44\/100 frz|[from] Sandstorm\n|upkeep\n|turn|8\n|\n|t:|1700840569\n|move|p2a: Tapu Koko|Reflect|p2a: Tapu Koko\n|-sidestart|p2: Gatita golosa 123|Reflect\n|move|p2b: Pelipper|U-turn|p1b: Heatran\n|-supereffective|p1b: Heatran\n|-damage|p1b: Heatran|30\/100 frz\n|\n|t:|1700840577\n|switch|p2b: Iron Bundle|Iron Bundle|24\/100|[from] U-turn\n|-damage|p2b: Iron Bundle|0 fnt|[from] Stealth Rock\n|faint|p2b: Iron Bundle\n|-end|p2b: Iron Bundle|Quark Drive|[silent]\n|cant|p1b: Heatran|frz\n|move|p1a: Tyranitar|Crunch|p2a: Tapu Koko\n|-resisted|p2a: Tapu Koko\n|-damage|p2a: Tapu Koko|65\/100\n|\n|-weather|Sandstorm|[upkeep]\n|-damage|p2a: Tapu Koko|59\/100|[from] Sandstorm\n|-damage|p1b: Heatran|24\/100 frz|[from] Sandstorm\n|upkeep\n|\n|t:|1700840581\n|switch|p2b: Pelipper|Pelipper, M|63\/100\n|-damage|p2b: Pelipper|38\/100|[from] Stealth Rock\n|-weather|RainDance|[from] ability: Drizzle|[of] p2b: Pelipper\n|turn|9\n|\n|t:|1700840602\n|switch|p1a: Dracovish|Dracovish|31\/100\n|move|p2a: Tapu Koko|Electroweb|p1a: Dracovish|[spread] p1a,p1b\n|-resisted|p1b: Heatran\n|-damage|p1a: Dracovish|8\/100\n|-damage|p1b: Heatran|19\/100 frz\n|-unboost|p1a: Dracovish|spe|1\n|-unboost|p1b: Heatran|spe|1\n|move|p2b: Pelipper|Hurricane|p1b: Heatran\n|-supereffective|p1b: Heatran\n|-damage|p1b: Heatran|0 fnt\n|faint|p1b: Heatran\n|\n|-weather|RainDance|[upkeep]\n|-sideend|p2: Gatita golosa 123|move: Tailwind\n|upkeep\n|\n|t:|1700840614\n|switch|p1b: Tyranitar|Tyranitar, M|61\/100\n|-weather|Sandstorm|[from] ability: Sand Stream|[of] p1b: Tyranitar\n|turn|10\n|\n|t:|1700840637\n|move|p2a: Tapu Koko|Electroweb|p1a: Dracovish|[spread] p1b\n|-miss|p2a: Tapu Koko|p1a: Dracovish\n|-damage|p1b: Tyranitar|50\/100\n|-unboost|p1b: Tyranitar|spe|1\n|-enditem|p1b: Tyranitar|Sitrus Berry|[eat]\n|-heal|p1b: Tyranitar|75\/100|[from] item: Sitrus Berry\n|move|p1a: Dracovish|Fishious Rend|p2b: Pelipper\n|-resisted|p2b: Pelipper\n|-damage|p2b: Pelipper|10\/100\n|move|p2b: Pelipper|Hurricane|p1a: Dracovish\n|-damage|p1a: Dracovish|0 fnt\n|faint|p1a: Dracovish\n|move|p1b: Tyranitar|Stone Edge|p2b: Pelipper\n|-supereffective|p2b: Pelipper\n|-damage|p2b: Pelipper|0 fnt\n|faint|p2b: Pelipper\n|\n|-weather|Sandstorm|[upkeep]\n|-damage|p2a: Tapu Koko|53\/100|[from] Sandstorm\n|upkeep\n|\n|t:|1700840650\n|switch|p1a: Houndstone|Houndstone, F|100\/100\n|switch|p2b: Swampert|Swampert, F|100\/100\n|-damage|p2b: Swampert|94\/100|[from] Stealth Rock\n|turn|11\n|\n|t:|1700840666\n|detailschange|p2b: Swampert|Swampert-Mega, F\n|-mega|p2b: Swampert|Swampert|Swampertite\n|move|p1a: Houndstone|Last Respects|p2a: Tapu Koko\n|-damage|p2a: Tapu Koko|0 fnt\n|faint|p2a: Tapu Koko\n|move|p2b: Swampert|High Horsepower|p1a: Houndstone\n|-damage|p1a: Houndstone|30\/100\n|move|p1b: Tyranitar|Crunch|p2b: Swampert\n|-damage|p2b: Swampert|68\/100\n|\n|-weather|Sandstorm|[upkeep]\n|upkeep\n|turn|12\n|\n|t:|1700840677\n|move|p2b: Swampert|Protect|p2b: Swampert\n|-singleturn|p2b: Swampert|Protect\n|move|p1a: Houndstone|Last Respects|p2b: Swampert\n|-activate|p2b: Swampert|move: Protect\n|move|p1b: Tyranitar|Crunch|p2b: Swampert\n|-activate|p2b: Swampert|move: Protect\n|\n|-weather|Sandstorm|[upkeep]\n|-sideend|p2: Gatita golosa 123|Reflect\n|upkeep\n|turn|13\n|\n|t:|1700840687\n|move|p1a: Houndstone|Last Respects|p2b: Swampert\n|-damage|p2b: Swampert|0 fnt\n|faint|p2b: Swampert\n|\n|win|Arnaenaed \u223e\n|c|\u2606Arnaenaed \u223e|gg\n|c|\u2606Gatita golosa 123|Gg\n","uploadtime":1700840698,"views":4,"p1id":"arnaenaed","p2id":"gatitagolosa123","formatid":"gen9nationaldexdoubles","rating":0,"private":0,"password":""}