{"id":"gen9nationaldexdoubles-1985800857","p1":"Gatrekd","p2":"EbongAtSeabong","format":"[Gen 9] National Dex Doubles","log":"|j|\u2606Gatrekd\n|j|\u2606EbongAtSeabong\n|t:|1699407564\n|gametype|doubles\n|player|p1|Gatrekd|palmer|1000\n|player|p2|EbongAtSeabong|bellelba|1040\n|teamsize|p1|6\n|teamsize|p2|6\n|gen|9\n|tier|[Gen 9] National Dex Doubles\n|rated|\n|rule|HP Percentage Mod: HP is shown in percentages\n|rule|Endless Battle Clause: Forcing endless battles is banned\n|rule|OHKO Clause: OHKO moves are banned\n|rule|Evasion Moves Clause: Evasion moves are banned\n|rule|Evasion Abilities Clause: Evasion abilities are banned\n|rule|Species Clause: Limit one of each Pok\u00e9mon\n|rule|Gravity Sleep Clause: The combination of sleep-inducing moves with imperfect accuracy and Gravity or Gigantamax Orbeetle are banned\n|clearpoke\n|poke|p1|Greninja-*, M|\n|poke|p1|Rillaboom, F|\n|poke|p1|Pelipper, F|\n|poke|p1|Zapdos|\n|poke|p1|Swampert, M|\n|poke|p1|Clodsire, M|\n|poke|p2|Spinda, M|\n|poke|p2|Ursaluna, F|\n|poke|p2|Sinistcha|\n|poke|p2|Urshifu-*, F|\n|poke|p2|Kommo-o, M|\n|poke|p2|Banette, F|\n|teampreview\n|\n|t:|1699407570\n|start\n|switch|p1a: WAAAHTAAAH|Greninja, M|100\/100\n|switch|p1b: GRAASSSIASS|Rillaboom, F|100\/100\n|switch|p2a: Butsed|Ursaluna, F|100\/100\n|switch|p2b: Butt seed|Spinda, M|100\/100\n|-fieldstart|move: Grassy Terrain|[from] ability: Grassy Surge|[of] p1b: GRAASSSIASS\n|turn|1\n|\n|t:|1699407602\n|-terastallize|p2a: Butsed|Ground\n|move|p1a: WAAAHTAAAH|Water Pledge|p2a: Butsed\n|-waiting|p1a: WAAAHTAAAH|p1b: GRAASSSIASS\n|move|p1b: GRAASSSIASS|Grass Pledge|p2b: Butt seed|[from]move: Water Pledge\n|-combine\n|-damage|p2b: Butt seed|32\/100\n|-sidestart|p2: EbongAtSeabong|Grass Pledge\n|move|p2b: Butt seed|Skill Swap|p2a: Butsed\n|-activate|p2b: Butt seed|move: Skill Swap|||[of] p2a: Butsed\n|move|p2a: Butsed|Headlong Rush|p1a: WAAAHTAAAH\n|-damage|p1a: WAAAHTAAAH|0 fnt\n|-boost|p2a: Butsed|def|1\n|-boost|p2a: Butsed|spd|1\n|faint|p1a: WAAAHTAAAH\n|\n|-heal|p2b: Butt seed|38\/100|[from] Grassy Terrain\n|-status|p2b: Butt seed|brn|[from] item: Flame Orb\n|upkeep\n|\n|t:|1699407621\n|switch|p1a: WAYNEEEE|Pelipper, F|100\/100\n|-weather|RainDance|[from] ability: Drizzle|[of] p1a: WAYNEEEE\n|turn|2\n|\n|t:|1699407640\n|move|p1b: GRAASSSIASS|Drum Beating|p2a: Butsed\n|-supereffective|p2a: Butsed\n|-damage|p2a: Butsed|51\/100\n|-boost|p2a: Butsed|spe|1\n|move|p1a: WAYNEEEE|Ice Beam|p2a: Butsed\n|-supereffective|p2a: Butsed\n|-damage|p2a: Butsed|28\/100\n|move|p2a: Butsed|Superpower|p1b: GRAASSSIASS\n|-damage|p1b: GRAASSSIASS|49\/100\n|-boost|p2a: Butsed|atk|1\n|-boost|p2a: Butsed|def|1\n|-enditem|p1b: GRAASSSIASS|Sitrus Berry|[eat]\n|-heal|p1b: GRAASSSIASS|74\/100|[from] item: Sitrus Berry\n|move|p2b: Butt seed|Trick|p1a: WAYNEEEE\n|-activate|p2b: Butt seed|move: Trick|[of] p1a: WAYNEEEE\n|-item|p1a: WAYNEEEE|Flame Orb|[from] move: Trick\n|-item|p2b: Butt seed|Damp Rock|[from] move: Trick\n|\n|-weather|RainDance|[upkeep]\n|-heal|p1b: GRAASSSIASS|80\/100|[from] Grassy Terrain\n|-heal|p2a: Butsed|34\/100|[from] Grassy Terrain\n|-heal|p2a: Butsed|40\/100|[from] item: Leftovers\n|-heal|p2b: Butt seed|44\/100 brn|[from] Grassy Terrain\n|-damage|p2b: Butt seed|38\/100 brn|[from] brn\n|-status|p1a: WAYNEEEE|brn|[from] item: Flame Orb\n|upkeep\n|turn|3\n|\n|t:|1699407674\n|switch|p2b: Slime|Sinistcha|100\/100\n|-heal|p2a: Butsed|65\/100|[from] ability: Hospitality|[of] p2b: Slime\n|move|p1b: GRAASSSIASS|Drain Punch|p2a: Butsed\n|-crit|p2a: Butsed\n|-damage|p2a: Butsed|40\/100\n|-heal|p1b: GRAASSSIASS|97\/100|[from] drain|[of] p2a: Butsed\n|move|p1a: WAYNEEEE|Hurricane|p2b: Slime\n|-supereffective|p2b: Slime\n|-damage|p2b: Slime|36\/100\n|-start|p2b: Slime|confusion\n|move|p2a: Butsed|Headlong Rush|p1b: GRAASSSIASS\n|-resisted|p1b: GRAASSSIASS\n|-damage|p1b: GRAASSSIASS|15\/100\n|-boost|p2a: Butsed|def|1\n|-boost|p2a: Butsed|spd|1\n|\n|-weather|RainDance|[upkeep]\n|-heal|p1b: GRAASSSIASS|21\/100|[from] Grassy Terrain\n|-heal|p2a: Butsed|46\/100|[from] Grassy Terrain\n|-heal|p2a: Butsed|53\/100|[from] item: Leftovers\n|-heal|p2b: Slime|42\/100|[from] Grassy Terrain\n|-heal|p2b: Slime|48\/100|[from] item: Leftovers\n|-damage|p1a: WAYNEEEE|94\/100 brn|[from] brn\n|upkeep\n|turn|4\n|\n|t:|1699407705\n|switch|p2b: Butt seed|Spinda, M|38\/100 brn\n|move|p1b: GRAASSSIASS|Drum Beating|p2a: Butsed\n|-supereffective|p2a: Butsed\n|-crit|p2a: Butsed\n|-damage|p2a: Butsed|0 fnt\n|faint|p2a: Butsed\n|move|p1a: WAYNEEEE|Hurricane|p2b: Butt seed\n|-damage|p2b: Butt seed|0 fnt\n|faint|p2b: Butt seed\n|\n|-weather|RainDance|[upkeep]\n|-heal|p1b: GRAASSSIASS|27\/100|[from] Grassy Terrain\n|-damage|p1a: WAYNEEEE|88\/100 brn|[from] brn\n|-sideend|p2: EbongAtSeabong|Grass Pledge\n|upkeep\n|\n|t:|1699407722\n|switch|p2b: Banette|Banette, F|100\/100\n|switch|p2a: Kommo-o|Kommo-o, M|100\/100\n|-item|p1a: WAYNEEEE|Flame Orb|[from] ability: Frisk|[of] p2b: Banette|[identify]\n|turn|5\n|\n|t:|1699407747\n|detailschange|p2b: Banette|Banette-Mega, F\n|-mega|p2b: Banette|Banette|Banettite\n|move|p2b: Banette|Will-O-Wisp|p1b: GRAASSSIASS|[miss]\n|-miss|p2b: Banette|p1b: GRAASSSIASS\n|move|p2a: Kommo-o|Clanging Scales|p1b: GRAASSSIASS|[spread] p1a,p1b\n|-damage|p1a: WAYNEEEE|39\/100 brn\n|-damage|p1b: GRAASSSIASS|0 fnt\n|faint|p1b: GRAASSSIASS\n|-unboost|p2a: Kommo-o|def|1\n|-enditem|p2a: Kommo-o|Throat Spray\n|-boost|p2a: Kommo-o|spa|1|[from] item: Throat Spray\n|move|p1a: WAYNEEEE|Hurricane|p2a: Kommo-o\n|-supereffective|p2a: Kommo-o\n|-damage|p2a: Kommo-o|15\/100\n|\n|-weather|RainDance|[upkeep]\n|-heal|p2a: Kommo-o|21\/100|[from] Grassy Terrain\n|-damage|p1a: WAYNEEEE|33\/100 brn|[from] brn\n|-fieldend|move: Grassy Terrain\n|upkeep\n|\n|t:|1699407764\n|switch|p1b: SUIMMMM|Swampert, M|100\/100\n|turn|6\n|inactive|Battle timer is ON: inactive players will automatically lose when time's up. (requested by EbongAtSeabong)\n|\n|t:|1699407790\n|detailschange|p1b: SUIMMMM|Swampert-Mega, M\n|-mega|p1b: SUIMMMM|Swampert|Swampertite\n|move|p2b: Banette|Will-O-Wisp|p1b: SUIMMMM\n|-status|p1b: SUIMMMM|brn\n|move|p1b: SUIMMMM|Flip Turn|p2b: Banette\n|-damage|p2b: Banette|64\/100\n|\n|t:|1699407798\n|switch|p1b: XAAAPPPP|Zapdos|100\/100|[from] Flip Turn\n|-ability|p1b: XAAAPPPP|Pressure\n|move|p2a: Kommo-o|Clanging Scales|p1b: XAAAPPPP|[spread] p1a,p1b\n|-damage|p1a: WAYNEEEE|0 fnt\n|-damage|p1b: XAAAPPPP|42\/100\n|faint|p1a: WAYNEEEE\n|-unboost|p2a: Kommo-o|def|1\n|\n|-weather|RainDance|[upkeep]\n|upkeep\n|\n|t:|1699407808\n|switch|p1a: SUIMMMM|Swampert-Mega, M|100\/100 brn\n|turn|7\n|\n|t:|1699407829\n|move|p2a: Kommo-o|Protect|p2a: Kommo-o\n|-singleturn|p2a: Kommo-o|Protect\n|move|p2b: Banette|Will-O-Wisp|p1b: XAAAPPPP|[miss]\n|-miss|p2b: Banette|p1b: XAAAPPPP\n|move|p1a: SUIMMMM|Scald|p2b: Banette\n|-damage|p2b: Banette|35\/100\n|move|p1b: XAAAPPPP|Hurricane|p2a: Kommo-o\n|-activate|p2a: Kommo-o|move: Protect\n|\n|-weather|RainDance|[upkeep]\n|-damage|p1a: SUIMMMM|94\/100 brn|[from] brn\n|upkeep\n|turn|8\n|\n|t:|1699407848\n|move|p2b: Banette|Pain Split|p1a: SUIMMMM\n|-sethp|p1a: SUIMMMM|62\/100 brn|[from] move: Pain Split|[silent]\n|-sethp|p2b: Banette|75\/100|[from] move: Pain Split\n|move|p1a: SUIMMMM|Scald|p2b: Banette\n|-damage|p2b: Banette|47\/100\n|-status|p2b: Banette|brn\n|move|p1b: XAAAPPPP|Hurricane|p2a: Kommo-o\n|-supereffective|p2a: Kommo-o\n|-damage|p2a: Kommo-o|0 fnt\n|faint|p2a: Kommo-o\n|\n|-weather|RainDance|[upkeep]\n|-damage|p1a: SUIMMMM|55\/100 brn|[from] brn\n|-damage|p2b: Banette|41\/100 brn|[from] brn\n|upkeep\n|\n|t:|1699407862\n|switch|p2a: Urshifu|Urshifu-Rapid-Strike, F|100\/100\n|turn|9\n|\n|t:|1699407876\n|move|p2b: Banette|Pain Split|p1a: SUIMMMM\n|-sethp|p1a: SUIMMMM|45\/100 brn|[from] move: Pain Split|[silent]\n|-sethp|p2b: Banette|54\/100 brn|[from] move: Pain Split\n|move|p1a: SUIMMMM|Scald|p2b: Banette\n|-damage|p2b: Banette|24\/100 brn\n|move|p1b: XAAAPPPP|Hurricane|p2a: Urshifu\n|-supereffective|p2a: Urshifu\n|-damage|p2a: Urshifu|0 fnt\n|faint|p2a: Urshifu\n|\n|-weather|none\n|-damage|p1a: SUIMMMM|38\/100 brn|[from] brn\n|-damage|p2b: Banette|18\/100 brn|[from] brn\n|upkeep\n|\n|t:|1699407888\n|switch|p2a: Slime|Sinistcha|48\/100\n|-heal|p2b: Banette|43\/100 brn|[from] ability: Hospitality|[of] p2a: Slime\n|turn|10\n|\n|t:|1699407907\n|move|p2b: Banette|Encore|p1b: XAAAPPPP\n|-start|p1b: XAAAPPPP|Encore\n|move|p1b: XAAAPPPP|Hurricane|p2a: Slime|[miss]\n|-miss|p1b: XAAAPPPP|p2a: Slime\n|move|p2a: Slime|Strength Sap|p1a: SUIMMMM\n|-unboost|p1a: SUIMMMM|atk|1\n|-heal|p2a: Slime|100\/100\n|move|p1a: SUIMMMM|Scald|p2b: Banette\n|-damage|p2b: Banette|25\/100 brn\n|\n|-damage|p2b: Banette|19\/100 brn|[from] brn\n|-damage|p1a: SUIMMMM|32\/100 brn|[from] brn\n|upkeep\n|turn|11\n|inactive|Gatrekd has 120 seconds left.\n|inactive|EbongAtSeabong has 120 seconds left.\n|\n|t:|1699407948\n|move|p2b: Banette|Pain Split|p1b: XAAAPPPP\n|-sethp|p1b: XAAAPPPP|30\/100|[from] move: Pain Split|[silent]\n|-sethp|p2b: Banette|29\/100 brn|[from] move: Pain Split\n|move|p1b: XAAAPPPP|Hurricane|p2a: Slime|[miss]\n|-miss|p1b: XAAAPPPP|p2a: Slime\n|move|p1a: SUIMMMM|Scald|p2b: Banette\n|-damage|p2b: Banette|8\/100 brn\n|move|p2a: Slime|Matcha Gotcha|p1b: XAAAPPPP|[spread] p1a,p1b\n|-supereffective|p1a: SUIMMMM\n|-resisted|p1b: XAAAPPPP\n|-damage|p1a: SUIMMMM|0 fnt\n|-damage|p1b: XAAAPPPP|17\/100\n|faint|p1a: SUIMMMM\n|\n|-damage|p2b: Banette|2\/100 brn|[from] brn\n|upkeep\n|\n|t:|1699407962\n|switch|p1a: charles|Clodsire, M|100\/100\n|turn|12\n|\n|t:|1699407971\n|move|p2b: Banette|Pain Split|p1a: charles\n|-sethp|p1a: charles|51\/100|[from] move: Pain Split|[silent]\n|-sethp|p2b: Banette|71\/100 brn|[from] move: Pain Split\n|move|p1b: XAAAPPPP|Hurricane|p2a: Slime\n|-supereffective|p2a: Slime\n|-damage|p2a: Slime|0 fnt\n|faint|p2a: Slime\n|move|p1a: charles|Earthquake|p2b: Banette|[spread] p2b\n|-immune|p1b: XAAAPPPP\n|-damage|p2b: Banette|44\/100 brn\n|\n|-heal|p1a: charles|57\/100|[from] item: Leftovers\n|-damage|p2b: Banette|38\/100 brn|[from] brn\n|-end|p1b: XAAAPPPP|Encore\n|upkeep\n|turn|13\n|\n|t:|1699407992\n|move|p2b: Banette|Will-O-Wisp|p1a: charles\n|-status|p1a: charles|brn\n|move|p1b: XAAAPPPP|Hurricane|p2b: Banette\n|-damage|p2b: Banette|0 fnt\n|faint|p2b: Banette\n|\n|win|Gatrekd\n|raw|Gatrekd's rating: 1000 &rarr; <strong>1045<\/strong><br \/>(+45 for winning)\n|raw|EbongAtSeabong's rating: 1040 &rarr; <strong>1022<\/strong><br \/>(-18 for losing)\n|l|\u2606EbongAtSeabong\n","uploadtime":1699408002,"views":21,"p1id":"gatrekd","p2id":"ebongatseabong","formatid":"gen9nationaldexdoubles","rating":1022,"private":0,"password":""}