{"id":"gen9nationaldexdoubles-1999974081","p1":"dancingpig","p2":"aweiydx","format":"[Gen 9] National Dex Doubles","log":"|j|\u2606dancingpig\n|j|\u2606aweiydx\n|t:|1701136439\n|gametype|doubles\n|player|p1|dancingpig|n|1402\n|player|p2|aweiydx|korrina-masters|1680\n|teamsize|p1|6\n|teamsize|p2|6\n|gen|9\n|tier|[Gen 9] National Dex Doubles\n|rated|\n|rule|HP Percentage Mod: HP is shown in percentages\n|rule|Endless Battle Clause: Forcing endless battles is banned\n|rule|OHKO Clause: OHKO moves are banned\n|rule|Evasion Moves Clause: Evasion moves are banned\n|rule|Evasion Abilities Clause: Evasion abilities are banned\n|rule|Species Clause: Limit one of each Pok\u00e9mon\n|rule|Gravity Sleep Clause: The combination of sleep-inducing moves with imperfect accuracy and Gravity or Gigantamax Orbeetle are banned\n|clearpoke\n|poke|p1|Whimsicott, M|\n|poke|p1|Arcanine, F|\n|poke|p1|Amoonguss, M|\n|poke|p1|Tyranitar, M|\n|poke|p1|Excadrill, M|\n|poke|p1|Salamence, M|\n|poke|p2|Blaziken, M|\n|poke|p2|Salamence, F|\n|poke|p2|Diancie|\n|poke|p2|Volcanion|\n|poke|p2|Chien-Pao|\n|poke|p2|Kingambit, F|\n|teampreview\n|inactive|Battle timer is ON: inactive players will automatically lose when time's up. (requested by dancingpig)\n|j| S1r.sweepsaLot\n|c| S1r.sweepsaLot|yo nice sand team\n|inactive|aweiydx has 120 seconds left.\n|c|\u2606dancingpig|just soso\n|c| S1r.sweepsaLot|im a excadrill enjoyer to\n|inactive|aweiydx has 90 seconds left.\n|l|\u2606aweiydx\n|inactive|aweiydx disconnected and has a minute to reconnect!\n|player|p2|\n|j|\u2606aweiydx\n|inactive|aweiydx reconnected and has 70 seconds left.\n|player|p2|aweiydx|korrina-masters\n|inactive|aweiydx has 60 seconds left.\n|\n|t:|1701136538\n|start\n|switch|p1a: Whimsicott|Whimsicott, M|100\/100\n|switch|p1b: Arcanine|Arcanine, F|100\/100\n|switch|p2a: Salamence|Salamence, F|100\/100\n|switch|p2b: Chien-Pao|Chien-Pao|100\/100\n|-ability|p2b: Chien-Pao|Sword of Ruin\n|-ability|p2a: Salamence|Intimidate|boost\n|-unboost|p1a: Whimsicott|atk|1\n|-unboost|p1b: Arcanine|atk|1\n|turn|1\n|\n|t:|1701136558\n|detailschange|p2a: Salamence|Salamence-Mega, F\n|-mega|p2a: Salamence|Salamence|Salamencite\n|move|p1b: Arcanine|Protect|p1b: Arcanine\n|-singleturn|p1b: Arcanine|Protect\n|move|p2b: Chien-Pao|Sucker Punch||[still]\n|-fail|p2b: Chien-Pao\n|move|p1a: Whimsicott|Tailwind|p1a: Whimsicott\n|-sidestart|p1: dancingpig|move: Tailwind\n|move|p2a: Salamence|Hyper Voice|p1a: Whimsicott|[spread] p1a\n|-activate|p1b: Arcanine|move: Protect\n|-supereffective|p1a: Whimsicott\n|-enditem|p1a: Whimsicott|Focus Sash\n|-damage|p1a: Whimsicott|1\/100\n|\n|upkeep\n|turn|2\n|inactive|dancingpig has 120 seconds left.\n|\n|t:|1701136599\n|move|p2a: Salamence|Protect|p2a: Salamence\n|-singleturn|p2a: Salamence|Protect\n|move|p2b: Chien-Pao|Sucker Punch|p1b: Arcanine\n|-damage|p1b: Arcanine|40\/100\n|-ability|p1b: Arcanine|Justified|boost\n|-boost|p1b: Arcanine|atk|1\n|move|p1a: Whimsicott|Beat Up|p1b: Arcanine\n|-damage|p1b: Arcanine|37\/100\n|-ability|p1b: Arcanine|Justified|boost\n|-boost|p1b: Arcanine|atk|1\n|-damage|p1b: Arcanine|35\/100\n|-ability|p1b: Arcanine|Justified|boost\n|-boost|p1b: Arcanine|atk|1\n|-damage|p1b: Arcanine|32\/100\n|-ability|p1b: Arcanine|Justified|boost\n|-boost|p1b: Arcanine|atk|1\n|-damage|p1b: Arcanine|29\/100\n|-ability|p1b: Arcanine|Justified|boost\n|-boost|p1b: Arcanine|atk|1\n|-damage|p1b: Arcanine|26\/100\n|-ability|p1b: Arcanine|Justified|boost\n|-boost|p1b: Arcanine|atk|1\n|-crit|p1b: Arcanine\n|-damage|p1b: Arcanine|18\/100\n|-ability|p1b: Arcanine|Justified|boost\n|-boost|p1b: Arcanine|atk|1\n|-hitcount|p1b: Arcanine|6\n|move|p1b: Arcanine|Fire Fang|p2b: Chien-Pao\n|-supereffective|p2b: Chien-Pao\n|-enditem|p2b: Chien-Pao|Focus Sash\n|-damage|p2b: Chien-Pao|1\/100\n|\n|upkeep\n|turn|3\n|\n|t:|1701136611\n|move|p1b: Arcanine|Extreme Speed|p2b: Chien-Pao\n|-damage|p2b: Chien-Pao|0 fnt\n|faint|p2b: Chien-Pao\n|move|p1a: Whimsicott|Moonblast|p2a: Salamence\n|-supereffective|p2a: Salamence\n|-damage|p2a: Salamence|20\/100\n|-unboost|p2a: Salamence|spa|1\n|move|p2a: Salamence|Hyper Voice|p1a: Whimsicott|[spread] p1a,p1b\n|-supereffective|p1a: Whimsicott\n|-damage|p1a: Whimsicott|0 fnt\n|-damage|p1b: Arcanine|0 fnt\n|faint|p1a: Whimsicott\n|faint|p1b: Arcanine\n|\n|upkeep\n|\n|t:|1701136625\n|switch|p2b: Kingambit|Kingambit, F|100\/100\n|switch|p1a: Tyranitar|Tyranitar, M|100\/100\n|switch|p1b: Excadrill|Excadrill, M|100\/100\n|-weather|Sandstorm|[from] ability: Sand Stream|[of] p1a: Tyranitar\n|turn|4\n|\n|t:|1701136648\n|move|p2a: Salamence|Protect|p2a: Salamence\n|-singleturn|p2a: Salamence|Protect\n|move|p2b: Kingambit|Protect|p2b: Kingambit\n|-singleturn|p2b: Kingambit|Protect\n|move|p1b: Excadrill|Drill Run|p2b: Kingambit\n|-activate|p2b: Kingambit|move: Protect\n|move|p1a: Tyranitar|Rock Slide|p2b: Kingambit|[spread] \n|-activate|p2a: Salamence|move: Protect\n|-activate|p2b: Kingambit|move: Protect\n|\n|-weather|Sandstorm|[upkeep]\n|-damage|p2a: Salamence|14\/100|[from] Sandstorm\n|-sideend|p1: dancingpig|move: Tailwind\n|upkeep\n|turn|5\n|\n|t:|1701136664\n|move|p2b: Kingambit|Sucker Punch|p1b: Excadrill\n|-damage|p1b: Excadrill|36\/100\n|move|p1b: Excadrill|Drill Run|p2b: Kingambit\n|-supereffective|p2b: Kingambit\n|-damage|p2b: Kingambit|32\/100\n|move|p2a: Salamence|Tailwind|p2a: Salamence\n|-sidestart|p2: aweiydx|move: Tailwind\n|move|p1a: Tyranitar|Rock Slide|p2b: Kingambit|[spread] p2b\n|-miss|p1a: Tyranitar|p2a: Salamence\n|-resisted|p2b: Kingambit\n|-damage|p2b: Kingambit|21\/100\n|\n|-weather|Sandstorm|[upkeep]\n|-damage|p2a: Salamence|8\/100|[from] Sandstorm\n|upkeep\n|turn|6\n|\n|t:|1701136682\n|move|p1b: Excadrill|Protect|p1b: Excadrill\n|-singleturn|p1b: Excadrill|Protect\n|move|p2b: Kingambit|Protect|p2b: Kingambit\n|-singleturn|p2b: Kingambit|Protect\n|move|p2a: Salamence|Draco Meteor|p1b: Excadrill\n|-activate|p1b: Excadrill|move: Protect\n|move|p1a: Tyranitar|Rock Slide|p2a: Salamence|[spread] p2a\n|-activate|p2b: Kingambit|move: Protect\n|-supereffective|p2a: Salamence\n|-damage|p2a: Salamence|0 fnt\n|faint|p2a: Salamence\n|\n|-weather|Sandstorm|[upkeep]\n|upkeep\n|\n|t:|1701136692\n|switch|p2a: Blaziken|Blaziken, M|100\/100\n|turn|7\n|\n|t:|1701136700\n|switch|p1b: Salamence|Salamence, M|100\/100\n|-ability|p1b: Salamence|Intimidate|boost\n|-unboost|p2a: Blaziken|atk|1\n|-unboost|p2b: Kingambit|atk|1\n|-ability|p2b: Kingambit|Defiant|boost\n|-boost|p2b: Kingambit|atk|2\n|move|p2b: Kingambit|Sucker Punch||[still]\n|-fail|p2b: Kingambit\n|move|p2a: Blaziken|Close Combat|p1a: Tyranitar\n|-supereffective|p1a: Tyranitar\n|-damage|p1a: Tyranitar|0 fnt\n|-unboost|p2a: Blaziken|def|1\n|-unboost|p2a: Blaziken|spd|1\n|faint|p1a: Tyranitar\n|-damage|p2a: Blaziken|91\/100|[from] item: Life Orb\n|\n|-weather|Sandstorm|[upkeep]\n|-damage|p2a: Blaziken|85\/100|[from] Sandstorm\n|-damage|p1b: Salamence|94\/100|[from] Sandstorm\n|-ability|p2a: Blaziken|Speed Boost|boost\n|-boost|p2a: Blaziken|spe|1\n|upkeep\n|\n|t:|1701136711\n|switch|p1a: Amoonguss|Amoonguss, M|100\/100\n|turn|8\n|\n|t:|1701136717\n|detailschange|p1b: Salamence|Salamence-Mega, M\n|-mega|p1b: Salamence|Salamence|Salamencite\n|move|p2a: Blaziken|Protect|p2a: Blaziken\n|-singleturn|p2a: Blaziken|Protect\n|move|p2b: Kingambit|Protect|p2b: Kingambit\n|-singleturn|p2b: Kingambit|Protect\n|move|p1a: Amoonguss|Rage Powder|p1a: Amoonguss\n|-singleturn|p1a: Amoonguss|move: Rage Powder\n|move|p1b: Salamence|Hyper Voice|p2b: Kingambit|[spread] \n|-activate|p2a: Blaziken|move: Protect\n|-activate|p2b: Kingambit|move: Protect\n|\n|-weather|none\n|-sideend|p2: aweiydx|move: Tailwind\n|-ability|p2a: Blaziken|Speed Boost|boost\n|-boost|p2a: Blaziken|spe|1\n|upkeep\n|turn|9\n|inactive|aweiydx has 120 seconds left.\n|\n|t:|1701136754\n|move|p1a: Amoonguss|Rage Powder|p1a: Amoonguss\n|-singleturn|p1a: Amoonguss|move: Rage Powder\n|move|p2b: Kingambit|Sucker Punch||[still]\n|-fail|p2b: Kingambit\n|move|p2a: Blaziken|Flare Blitz|p1a: Amoonguss\n|-supereffective|p1a: Amoonguss\n|-damage|p1a: Amoonguss|17\/100\n|-status|p1a: Amoonguss|brn\n|-enditem|p1a: Amoonguss|Aguav Berry|[eat]\n|-heal|p1a: Amoonguss|50\/100 brn|[from] item: Aguav Berry\n|-damage|p2a: Blaziken|45\/100|[from] Recoil\n|-damage|p2a: Blaziken|35\/100|[from] item: Life Orb\n|move|p1b: Salamence|Hyper Voice|p2a: Blaziken|[spread] p2a,p2b\n|-supereffective|p2a: Blaziken\n|-resisted|p2b: Kingambit\n|-damage|p2a: Blaziken|0 fnt\n|-damage|p2b: Kingambit|2\/100\n|faint|p2a: Blaziken\n|\n|-damage|p1a: Amoonguss|44\/100 brn|[from] brn\n|upkeep\n|\n|t:|1701136764\n|switch|p2a: Diancie|Diancie|100\/100\n|turn|10\n|\n|t:|1701136778\n|move|p2b: Kingambit|Protect|p2b: Kingambit\n|-singleturn|p2b: Kingambit|Protect\n|move|p1b: Salamence|Hyper Voice|p2a: Diancie|[spread] p2a\n|-activate|p2b: Kingambit|move: Protect\n|-resisted|p2a: Diancie\n|-damage|p2a: Diancie|84\/100\n|move|p2a: Diancie|Diamond Storm|p1a: Amoonguss|[spread] p1a,p1b\n|-supereffective|p1b: Salamence\n|-damage|p1a: Amoonguss|16\/100 brn\n|-damage|p1b: Salamence|31\/100\n|move|p1a: Amoonguss|Spore|p2a: Diancie\n|-status|p2a: Diancie|slp|[from] move: Spore\n|\n|-damage|p1a: Amoonguss|9\/100 brn|[from] brn\n|upkeep\n|turn|11\n|\n|t:|1701136796\n|move|p2b: Kingambit|Sucker Punch||[still]\n|-fail|p2b: Kingambit\n|move|p1b: Salamence|Tailwind|p1b: Salamence\n|-sidestart|p1: dancingpig|move: Tailwind\n|move|p1a: Amoonguss|Pollen Puff|p1b: Salamence\n|-heal|p1b: Salamence|81\/100\n|cant|p2a: Diancie|slp\n|\n|-damage|p1a: Amoonguss|3\/100 brn|[from] brn\n|upkeep\n|turn|12\n|\n|t:|1701136820\n|switch|p2b: Volcanion|Volcanion|100\/100\n|move|p1b: Salamence|Hyper Voice|p2a: Diancie|[spread] p2a,p2b\n|-resisted|p2a: Diancie\n|-damage|p2a: Diancie|67\/100 slp\n|-damage|p2b: Volcanion|71\/100\n|move|p1a: Amoonguss|Pollen Puff|p2a: Diancie\n|-resisted|p2a: Diancie\n|-damage|p2a: Diancie|60\/100 slp\n|cant|p2a: Diancie|slp\n|\n|-damage|p1a: Amoonguss|0 fnt|[from] brn\n|faint|p1a: Amoonguss\n|upkeep\n|\n|t:|1701136832\n|switch|p1a: Excadrill|Excadrill, M|36\/100\n|turn|13\n|\n|t:|1701136845\n|-terastallize|p2a: Diancie|Water\n|move|p1b: Salamence|Protect|p1b: Salamence\n|-singleturn|p1b: Salamence|Protect\n|move|p1a: Excadrill|Drill Run|p2b: Volcanion\n|-supereffective|p2b: Volcanion\n|-damage|p2b: Volcanion|0 fnt\n|faint|p2b: Volcanion\n|-curestatus|p2a: Diancie|slp|[msg]\n|move|p2a: Diancie|Trick Room|p2a: Diancie\n|-fieldstart|move: Trick Room|[of] p2a: Diancie\n|\n|upkeep\n|\n|t:|1701136852\n|switch|p2b: Kingambit|Kingambit, F|2\/100\n|turn|14\n|\n|t:|1701136865\n|move|p1a: Excadrill|Protect|p1a: Excadrill\n|-singleturn|p1a: Excadrill|Protect\n|move|p2a: Diancie|Diamond Storm|p1b: Salamence|[spread] \n|-activate|p1a: Excadrill|move: Protect\n|-miss|p2a: Diancie|p1b: Salamence\n|move|p2b: Kingambit|Knock Off|p1b: Salamence\n|-damage|p1b: Salamence|42\/100\n|move|p1b: Salamence|Hyper Voice|p2b: Kingambit|[spread] p2a,p2b\n|-resisted|p2b: Kingambit\n|-damage|p2a: Diancie|26\/100\n|-damage|p2b: Kingambit|0 fnt\n|faint|p2b: Kingambit\n|\n|-sideend|p1: dancingpig|move: Tailwind\n|upkeep\n|turn|15\n|\n|t:|1701136879\n|move|p2a: Diancie|Diamond Storm|p1a: Excadrill|[spread] p1a,p1b\n|-resisted|p1a: Excadrill\n|-supereffective|p1b: Salamence\n|-damage|p1a: Excadrill|23\/100\n|-damage|p1b: Salamence|0 fnt\n|faint|p1b: Salamence\n|move|p1a: Excadrill|Drill Run|p2a: Diancie\n|-damage|p2a: Diancie|0 fnt\n|faint|p2a: Diancie\n|\n|win|dancingpig\n|raw|dancingpig's rating: 1402 &rarr; <strong>1435<\/strong><br \/>(+33 for winning)\n|raw|aweiydx's rating: 1680 &rarr; <strong>1647<\/strong><br \/>(-33 for losing)\n|l|\u2606aweiydx\n|c| S1r.sweepsaLot|gg\n|c| S1r.sweepsaLot|btw\n|c| S1r.sweepsaLot|you know excadrill learns high horsepower which just deals more damage\n|c|\u2606dancingpig|your team are more crazy\n|c|\u2606dancingpig|I just try fire dog\n|c| S1r.sweepsaLot|fax fire dog is kinda strong ngl\n|c|\u2606dancingpig|haha\n|c|\u2606dancingpig|bye nice battle\n|l|\u2606dancingpig\n|j|\u2606dancingpig\n|player|p1|dancingpig|n\n","uploadtime":1701137100,"views":1,"p1id":"dancingpig","p2id":"aweiydx","formatid":"gen9nationaldexdoubles","rating":1435,"private":0,"password":""}