{"id":"gen9nationaldexdoubles-1969948402","p1":"The OG Trainer Red","p2":"dexois","format":"[Gen 9] National Dex Doubles","log":"|j|\u2606The OG Trainer Red\n|j|\u2606dexois\n|t:|1697578603\n|gametype|doubles\n|player|p1|The OG Trainer Red|fisherman-gen4|1170\n|player|p2|dexois|unknown|1089\n|teamsize|p1|6\n|teamsize|p2|6\n|gen|9\n|tier|[Gen 9] National Dex Doubles\n|rated|\n|rule|HP Percentage Mod: HP is shown in percentages\n|rule|Endless Battle Clause: Forcing endless battles is banned\n|rule|OHKO Clause: OHKO moves are banned\n|rule|Evasion Moves Clause: Evasion moves are banned\n|rule|Evasion Abilities Clause: Evasion abilities are banned\n|rule|Species Clause: Limit one of each Pok\u00e9mon\n|rule|Gravity Sleep Clause: The combination of sleep-inducing moves with imperfect accuracy and Gravity or Gigantamax Orbeetle are banned\n|clearpoke\n|poke|p1|Ninetales, F|\n|poke|p1|Leafeon, F|\n|poke|p1|Espeon, F|\n|poke|p1|Indeedee-F, F|\n|poke|p1|Ursaluna-Bloodmoon, M|\n|poke|p1|Umbreon, F|\n|poke|p2|Sableye, F|\n|poke|p2|Chatot, M|\n|poke|p2|Kommo-o, M|\n|poke|p2|Exploud, F|\n|poke|p2|Noivern, F|\n|poke|p2|Toxtricity, F|\n|teampreview\n|\n|t:|1697578613\n|start\n|switch|p1a: Indeedee|Indeedee-F, F|100\/100\n|switch|p1b: Ursaluna|Ursaluna-Bloodmoon, M|100\/100\n|switch|p2a: Sableye|Sableye, F|100\/100\n|switch|p2b: Kommo-o|Kommo-o, M|100\/100\n|-fieldstart|move: Psychic Terrain|[from] ability: Psychic Surge|[of] p1a: Indeedee\n|turn|1\n|\n|t:|1697578632\n|detailschange|p2a: Sableye|Sableye-Mega, F\n|-mega|p2a: Sableye|Sableye|Sablenite\n|move|p2a: Sableye|Helping Hand|p2b: Kommo-o\n|-singleturn|p2b: Kommo-o|Helping Hand|[of] p2a: Sableye\n|-zpower|p2b: Kommo-o\n|move|p2b: Kommo-o|Clangorous Soulblaze|p1a: Indeedee|[zeffect]|[spread] p1a,p1b\n|-damage|p1a: Indeedee|16\/100\n|-damage|p1b: Ursaluna|30\/100\n|-boost|p2b: Kommo-o|atk|1\n|-boost|p2b: Kommo-o|def|1\n|-boost|p2b: Kommo-o|spa|1\n|-boost|p2b: Kommo-o|spd|1\n|-boost|p2b: Kommo-o|spe|1\n|move|p1b: Ursaluna|Earth Power|p2b: Kommo-o\n|-damage|p2b: Kommo-o|64\/100\n|move|p1a: Indeedee|Trick Room|p1a: Indeedee\n|-fieldstart|move: Trick Room|[of] p1a: Indeedee\n|\n|upkeep\n|turn|2\n|\n|t:|1697578655\n|-terastallize|p1b: Ursaluna|Normal\n|move|p2a: Sableye|Helping Hand|p2b: Kommo-o\n|-singleturn|p2b: Kommo-o|Helping Hand|[of] p2a: Sableye\n|move|p1b: Ursaluna|Hyper Voice|p2a: Sableye|[spread] p2a\n|-immune|p2b: Kommo-o|[from] ability: Soundproof\n|-damage|p2a: Sableye|56\/100\n|move|p1a: Indeedee|Expanding Force|p2b: Kommo-o|[spread] p2b\n|-immune|p2a: Sableye\n|-supereffective|p2b: Kommo-o\n|-damage|p2b: Kommo-o|0 fnt\n|faint|p2b: Kommo-o\n|\n|upkeep\n|\n|t:|1697578673\n|switch|p2b: Exploud|Exploud, F|100\/100\n|turn|3\n|\n|t:|1697578686\n|move|p2a: Sableye|Helping Hand|p2b: Exploud\n|-singleturn|p2b: Exploud|Helping Hand|[of] p2a: Sableye\n|move|p1b: Ursaluna|Moonblast|p2a: Sableye\n|-supereffective|p2a: Sableye\n|-damage|p2a: Sableye|0 fnt\n|faint|p2a: Sableye\n|move|p2b: Exploud|Boomburst|p1a: Indeedee|[spread] p1a,p1b\n|-damage|p1a: Indeedee|0 fnt\n|-damage|p1b: Ursaluna|0 fnt\n|faint|p1a: Indeedee\n|faint|p1b: Ursaluna\n|\n|upkeep\n|\n|t:|1697578699\n|switch|p2a: Toxtricity|Toxtricity, F|100\/100\n|switch|p1b: Umbreon|Umbreon, F|100\/100\n|switch|p1a: Leafeon|Leafeon, F|100\/100\n|turn|4\n|\n|t:|1697578733\n|-terastallize|p2b: Exploud|Normal\n|move|p1b: Umbreon|Toxic|p2b: Exploud\n|-status|p2b: Exploud|tox\n|move|p2b: Exploud|Boomburst|p1b: Umbreon|[spread] p2a,p1a,p1b\n|-damage|p2a: Toxtricity|25\/100\n|-damage|p1a: Leafeon|10\/100\n|-damage|p1b: Umbreon|33\/100\n|move|p1a: Leafeon|Knock Off|p2b: Exploud\n|-damage|p2b: Exploud|63\/100 tox\n|-enditem|p2b: Exploud|Choice Specs|[from] move: Knock Off|[of] p1a: Leafeon\n|move|p2a: Toxtricity|Boomburst|p1b: Umbreon|[spread] p1a,p1b\n|-immune|p2b: Exploud|[from] ability: Soundproof\n|-damage|p1a: Leafeon|0 fnt\n|-damage|p1b: Umbreon|0 fnt\n|faint|p1a: Leafeon\n|faint|p1b: Umbreon\n|\n|-damage|p2b: Exploud|57\/100 tox|[from] psn\n|upkeep\n|\n|t:|1697578751\n|switch|p1b: Ninetales|Ninetales, F|100\/100\n|switch|p1a: Espeon|Espeon, F|100\/100\n|-weather|SunnyDay|[from] ability: Drought|[of] p1b: Ninetales\n|turn|5\n|\n|t:|1697578768\n|move|p2b: Exploud|Boomburst|p1b: Ninetales|[spread] p2a,p1a,p1b\n|-damage|p2a: Toxtricity|0 fnt\n|-damage|p1a: Espeon|24\/100\n|-damage|p1b: Ninetales|27\/100\n|faint|p2a: Toxtricity\n|move|p1b: Ninetales|Flamethrower|p2b: Exploud\n|-damage|p2b: Exploud|0 fnt\n|faint|p2b: Exploud\n|move|p1a: Espeon|Expanding Force|p2: Toxtricity|[notarget]\n|-fail|p1a: Espeon\n|\n|-weather|SunnyDay|[upkeep]\n|-fieldend|move: Trick Room\n|-fieldend|move: Psychic Terrain\n|upkeep\n|\n|t:|1697578779\n|switch|p2a: Noivern|Noivern, F|100\/100\n|switch|p2b: Chatot|Chatot, M|100\/100\n|turn|6\n|\n|t:|1697578790\n|move|p2a: Noivern|Heat Wave|p1b: Ninetales|[spread] p1b\n|-miss|p2a: Noivern|p1a: Espeon\n|-resisted|p1b: Ninetales\n|-damage|p1b: Ninetales|8\/100\n|move|p1a: Espeon|Expanding Force|p2a: Noivern\n|-damage|p2a: Noivern|47\/100\n|move|p1b: Ninetales|Flamethrower|p2a: Noivern\n|-resisted|p2a: Noivern\n|-damage|p2a: Noivern|0 fnt\n|faint|p2a: Noivern\n|move|p2b: Chatot|Substitute|p2b: Chatot\n|-start|p2b: Chatot|Substitute\n|-damage|p2b: Chatot|76\/100\n|\n|-weather|SunnyDay|[upkeep]\n|upkeep\n|turn|7\n|\n|t:|1697578806\n|move|p1a: Espeon|Expanding Force|p2b: Chatot\n|-end|p2b: Chatot|Substitute\n|move|p1b: Ninetales|Flamethrower|p2b: Chatot\n|-crit|p2b: Chatot\n|-damage|p2b: Chatot|0 fnt\n|faint|p2b: Chatot\n|\n|win|The OG Trainer Red\n|raw|The OG Trainer Red's rating: 1170 &rarr; <strong>1189<\/strong><br \/>(+19 for winning)\n|raw|dexois's rating: 1089 &rarr; <strong>1071<\/strong><br \/>(-18 for losing)\n|l|\u2606dexois\n","uploadtime":1697578817,"views":6,"p1id":"theogtrainerred","p2id":"dexois","formatid":"gen9nationaldexdoubles","rating":1071,"private":0,"password":""}