{"id":"gen9nationaldexdoubles-1961993604","p1":"AerixThorn","p2":"Sally2416","format":"[Gen 9] National Dex Doubles","log":"|j|\u2606AerixThorn\n|j|\u2606Sally2416\n|t:|1696696584\n|gametype|doubles\n|player|p1|AerixThorn|volkner|1093\n|player|p2|Sally2416|idol|1004\n|teamsize|p1|6\n|teamsize|p2|6\n|gen|9\n|tier|[Gen 9] National Dex Doubles\n|rated|\n|rule|HP Percentage Mod: HP is shown in percentages\n|rule|Endless Battle Clause: Forcing endless battles is banned\n|rule|OHKO Clause: OHKO moves are banned\n|rule|Evasion Moves Clause: Evasion moves are banned\n|rule|Evasion Abilities Clause: Evasion abilities are banned\n|rule|Species Clause: Limit one of each Pok\u00e9mon\n|rule|Gravity Sleep Clause: The combination of sleep-inducing moves with imperfect accuracy and Gravity or Gigantamax Orbeetle are banned\n|clearpoke\n|poke|p1|Clefable, F|\n|poke|p1|Sinistcha-Masterpiece|\n|poke|p1|Ninetales-Alola, F|\n|poke|p1|Chandelure, M|\n|poke|p1|Indeedee-F, F|\n|poke|p1|Hawlucha, M|\n|poke|p2|Minior-Blue|\n|poke|p2|Shaymin-Sky|\n|poke|p2|Ninetales, F|\n|poke|p2|Ogerpon-Wellspring, F|\n|poke|p2|Furret, F|\n|poke|p2|Basculegion, M|\n|teampreview\n|inactive|Battle timer is ON: inactive players will automatically lose when time's up. (requested by AerixThorn)\n|\n|t:|1696696601\n|start\n|switch|p1a: Indeedee|Indeedee-F, F|100\/100\n|switch|p1b: Hawlucha|Hawlucha, M|100\/100\n|switch|p2a: Ogerpon|Ogerpon-Wellspring, F|100\/100\n|switch|p2b: Basculegion|Basculegion, M|100\/100\n|-fieldstart|move: Psychic Terrain|[from] ability: Psychic Surge|[of] p1a: Indeedee\n|-enditem|p1b: Hawlucha|Psychic Seed\n|-boost|p1b: Hawlucha|spd|1|[from] item: Psychic Seed\n|turn|1\n|\n|t:|1696696626\n|move|p1a: Indeedee|Follow Me|p1a: Indeedee\n|-singleturn|p1a: Indeedee|move: Follow Me\n|move|p1b: Hawlucha|Bulk Up|p1b: Hawlucha\n|-boost|p1b: Hawlucha|atk|1\n|-boost|p1b: Hawlucha|def|1\n|move|p2a: Ogerpon|Rain Dance|p2a: Ogerpon\n|-weather|RainDance\n|move|p2b: Basculegion|Soak|p1a: Indeedee\n|-start|p1a: Indeedee|typechange|Water\n|\n|-weather|RainDance|[upkeep]\n|upkeep\n|turn|2\n|\n|t:|1696696649\n|move|p1a: Indeedee|Follow Me|p1a: Indeedee\n|-singleturn|p1a: Indeedee|move: Follow Me\n|move|p1b: Hawlucha|Acrobatics|p2a: Ogerpon\n|-supereffective|p2a: Ogerpon\n|-damage|p2a: Ogerpon|0 fnt\n|faint|p2a: Ogerpon\n|move|p2b: Basculegion|Soak|p1a: Indeedee\n|-fail|p1a: Indeedee\n|\n|-weather|RainDance|[upkeep]\n|upkeep\n|\n|t:|1696696660\n|switch|p2a: Bambi|Shaymin-Sky, shiny|100\/100\n|turn|3\n|\n|t:|1696696682\n|move|p1a: Indeedee|Follow Me|p1a: Indeedee\n|-singleturn|p1a: Indeedee|move: Follow Me\n|move|p1b: Hawlucha|Acrobatics|p2a: Bambi\n|-supereffective|p2a: Bambi\n|-damage|p2a: Bambi|0 fnt\n|faint|p2a: Bambi\n|move|p2b: Basculegion|Soak|p1a: Indeedee\n|-fail|p1a: Indeedee\n|\n|-weather|RainDance|[upkeep]\n|upkeep\n|\n|t:|1696696693\n|switch|p2a: Kitsune|Ninetales, F, shiny|100\/100\n|-weather|SunnyDay|[from] ability: Drought|[of] p2a: Kitsune\n|turn|4\n|\n|t:|1696696706\n|move|p1a: Indeedee|Follow Me|p1a: Indeedee\n|-singleturn|p1a: Indeedee|move: Follow Me\n|move|p1b: Hawlucha|Acrobatics|p2a: Kitsune\n|-damage|p2a: Kitsune|0 fnt\n|faint|p2a: Kitsune\n|move|p2b: Basculegion|Wave Crash|p1a: Indeedee\n|-resisted|p1a: Indeedee\n|-damage|p1a: Indeedee|76\/100\n|-damage|p2b: Basculegion|94\/100|[from] Recoil\n|\n|-weather|SunnyDay|[upkeep]\n|-heal|p1a: Indeedee|82\/100|[from] item: Leftovers\n|upkeep\n|\n|t:|1696696720\n|switch|p2a: Furret|Furret, F, shiny|100\/100\n|-item|p1a: Indeedee|Leftovers|[from] ability: Frisk|[of] p2a: Furret|[identify]\n|turn|5\n|\n|t:|1696696743\n|move|p1a: Indeedee|Follow Me|p1a: Indeedee\n|-singleturn|p1a: Indeedee|move: Follow Me\n|move|p1b: Hawlucha|Drain Punch|p2a: Furret\n|-supereffective|p2a: Furret\n|-damage|p2a: Furret|0 fnt\n|faint|p2a: Furret\n|move|p2b: Basculegion|Last Respects|p1a: Indeedee\n|-damage|p1a: Indeedee|0 fnt\n|faint|p1a: Indeedee\n|\n|-weather|SunnyDay|[upkeep]\n|-fieldend|move: Psychic Terrain\n|upkeep\n|\n|t:|1696696756\n|switch|p1a: Clefable|Clefable, F|100\/100\n|switch|p2a: Pokepowers|Minior-Blue|100\/100\n|-formechange|p2a: Pokepowers|Minior-Meteor||[from] ability: Shields Down\n|turn|6\n|\n|t:|1696696767\n|-terastallize|p2a: Pokepowers|Flying\n|move|p1a: Clefable|Follow Me|p1a: Clefable\n|-singleturn|p1a: Clefable|move: Follow Me\n|move|p1b: Hawlucha|Acrobatics|p2b: Basculegion\n|-damage|p2b: Basculegion|0 fnt\n|faint|p2b: Basculegion\n|move|p2a: Pokepowers|Shell Smash|p2a: Pokepowers\n|-unboost|p2a: Pokepowers|def|1\n|-unboost|p2a: Pokepowers|spd|1\n|-boost|p2a: Pokepowers|atk|2\n|-boost|p2a: Pokepowers|spa|2\n|-boost|p2a: Pokepowers|spe|2\n|-enditem|p2a: Pokepowers|White Herb\n|-clearnegativeboost|p2a: Pokepowers|[silent]\n|\n|-weather|SunnyDay|[upkeep]\n|upkeep\n|turn|7\n|\n|t:|1696696787\n|move|p1a: Clefable|Follow Me|p1a: Clefable\n|-singleturn|p1a: Clefable|move: Follow Me\n|move|p1b: Hawlucha|Acrobatics|p2a: Pokepowers\n|-damage|p2a: Pokepowers|17\/100\n|move|p2a: Pokepowers|Stone Edge|p1a: Clefable\n|-damage|p1a: Clefable|74\/100\n|\n|-weather|SunnyDay|[upkeep]\n|-heal|p1a: Clefable|80\/100|[from] item: Leftovers\n|-formechange|p2a: Pokepowers|Minior-Blue||[from] ability: Shields Down\n|upkeep\n|turn|8\n|\n|t:|1696696800\n|move|p1a: Clefable|Follow Me|p1a: Clefable\n|-singleturn|p1a: Clefable|move: Follow Me\n|move|p2a: Pokepowers|Acrobatics|p1a: Clefable\n|-damage|p1a: Clefable|28\/100\n|move|p1b: Hawlucha|Acrobatics|p2a: Pokepowers\n|-damage|p2a: Pokepowers|0 fnt\n|faint|p2a: Pokepowers\n|\n|win|AerixThorn\n|raw|AerixThorn's rating: 1093 &rarr; <strong>1113<\/strong><br \/>(+20 for winning)\n|raw|Sally2416's rating: 1004 &rarr; <strong>1000<\/strong><br \/>(-4 for losing)\n|l|\u2606Sally2416\n","uploadtime":1696696816,"views":10,"p1id":"aerixthorn","p2id":"sally2416","formatid":"gen9nationaldexdoubles","rating":1000,"private":0,"password":""}