{"id":"gen9nationaldexdoubles-1971944021","p1":"hn3","p2":"IChangeMyNameAlot","format":"[Gen 9] National Dex Doubles","log":"|j|\u2606hn3\n|j|\u2606IChangeMyNameAlot\n|t:|1697795745\n|gametype|doubles\n|player|p1|hn3|lucas|\n|player|p2|IChangeMyNameAlot|rye|\n|teamsize|p1|6\n|teamsize|p2|6\n|gen|9\n|tier|[Gen 9] National Dex Doubles\n|rule|HP Percentage Mod: HP is shown in percentages\n|rule|Endless Battle Clause: Forcing endless battles is banned\n|rule|OHKO Clause: OHKO moves are banned\n|rule|Evasion Moves Clause: Evasion moves are banned\n|rule|Evasion Abilities Clause: Evasion abilities are banned\n|rule|Species Clause: Limit one of each Pok\u00e9mon\n|rule|Gravity Sleep Clause: The combination of sleep-inducing moves with imperfect accuracy and Gravity or Gigantamax Orbeetle are banned\n|clearpoke\n|poke|p1|Dracovish|\n|poke|p1|Rillaboom, M|\n|poke|p1|Roaring Moon|\n|poke|p1|Illumise, F|\n|poke|p1|Dipplin, F|\n|poke|p1|Dracozolt|\n|poke|p2|Pelipper, F|\n|poke|p2|Ludicolo, M|\n|poke|p2|Iron Treads|\n|poke|p2|Barraskewda, F|\n|poke|p2|Kilowattrel, F|\n|poke|p2|Pikachu-Alola, M|\n|teampreview\n|inactive|Battle timer is ON: inactive players will automatically lose when time's up. (requested by IChangeMyNameAlot)\n|inactive|hn3 also wants the timer to be on.\n|c|\u2606IChangeMyNameAlot|FUCKING ILLUMISE XD\n|c|\u2606hn3|glhf\n|c|\u2606IChangeMyNameAlot|u2!\n|inactive|IChangeMyNameAlot has 270 seconds left.\n|\n|t:|1697795779\n|start\n|switch|p1a: Illumise|Illumise, F|100\/100\n|switch|p1b: Rillaboom|Rillaboom, M|100\/100\n|switch|p2a: Pelipper|Pelipper, F|100\/100\n|switch|p2b: Ludicolo|Ludicolo, M|100\/100\n|-weather|RainDance|[from] ability: Drizzle|[of] p2a: Pelipper\n|-fieldstart|move: Grassy Terrain|[from] ability: Grassy Surge|[of] p1b: Rillaboom\n|turn|1\n|c|\u2606hn3|pikachu????\n|\n|t:|1697795794\n|switch|p2b: Pikachu|Pikachu-Alola, M|100\/100\n|move|p1b: Rillaboom|Fake Out|p2a: Pelipper\n|-damage|p2a: Pelipper|82\/100\n|move|p1a: Illumise|Thunder Wave|p2b: Pikachu\n|-ability|p2b: Pikachu|Lightning Rod|boost\n|-boost|p2b: Pikachu|spa|1\n|cant|p2a: Pelipper|flinch\n|\n|-weather|RainDance|[upkeep]\n|upkeep\n|turn|2\n|c|\u2606IChangeMyNameAlot|yes\n|\n|t:|1697795824\n|move|p2b: Pikachu|Fake Out|p1b: Rillaboom\n|-damage|p1b: Rillaboom|87\/100\n|move|p1a: Illumise|Tailwind|p1a: Illumise\n|-sidestart|p1: hn3|move: Tailwind\n|cant|p1b: Rillaboom|flinch\n|move|p2a: Pelipper|Hurricane|p1b: Rillaboom\n|-supereffective|p1b: Rillaboom\n|-damage|p1b: Rillaboom|12\/100\n|\n|-weather|RainDance|[upkeep]\n|-heal|p1b: Rillaboom|18\/100|[from] Grassy Terrain\n|upkeep\n|turn|3\n|\n|t:|1697795840\n|switch|p2b: Kilowattrel|Kilowattrel, F|100\/100\n|move|p1a: Illumise|Thunder Wave|p2a: Pelipper|[miss]\n|-miss|p1a: Illumise|p2a: Pelipper\n|move|p1b: Rillaboom|Grassy Glide|p2b: Kilowattrel\n|-resisted|p2b: Kilowattrel\n|-damage|p2b: Kilowattrel|64\/100\n|move|p2a: Pelipper|Hurricane|p1a: Illumise\n|-supereffective|p1a: Illumise\n|-enditem|p1a: Illumise|Focus Sash\n|-damage|p1a: Illumise|1\/100\n|\n|-weather|RainDance|[upkeep]\n|-heal|p1b: Rillaboom|24\/100|[from] Grassy Terrain\n|-heal|p1a: Illumise|7\/100|[from] Grassy Terrain\n|upkeep\n|turn|4\n|\n|t:|1697795861\n|move|p1a: Illumise|Protect|p1a: Illumise\n|-singleturn|p1a: Illumise|Protect\n|move|p1b: Rillaboom|U-turn|p2a: Pelipper\n|-resisted|p2a: Pelipper\n|-damage|p2a: Pelipper|68\/100\n|\n|t:|1697795874\n|switch|p1b: Dracozolt|Dracozolt|100\/100|[from] U-turn\n|move|p2b: Kilowattrel|Volt Switch|p1a: Illumise\n|-activate|p1a: Illumise|move: Protect\n|move|p2a: Pelipper|Hurricane|p1b: Dracozolt\n|-resisted|p1b: Dracozolt\n|-damage|p1b: Dracozolt|68\/100\n|\n|-weather|RainDance|[upkeep]\n|-heal|p1a: Illumise|13\/100|[from] Grassy Terrain\n|-heal|p1b: Dracozolt|75\/100|[from] Grassy Terrain\n|upkeep\n|turn|5\n|\n|t:|1697795888\n|switch|p2a: Iron Treads|Iron Treads|100\/100\n|-enditem|p2a: Iron Treads|Booster Energy\n|-activate|p2a: Iron Treads|ability: Quark Drive|[fromitem]\n|-start|p2a: Iron Treads|quarkdrivespe\n|move|p1a: Illumise|Defog|p2a: Iron Treads\n|-unboost|p2a: Iron Treads|evasion|1\n|-fieldend|move: Grassy Terrain\n|move|p1b: Dracozolt|Rock Slide|p2a: Iron Treads|[spread] p2a\n|-miss|p1b: Dracozolt|p2b: Kilowattrel\n|-resisted|p2a: Iron Treads\n|-damage|p2a: Iron Treads|93\/100\n|-damage|p1b: Dracozolt|65\/100|[from] item: Life Orb\n|move|p2b: Kilowattrel|Volt Switch|p1a: Illumise\n|-damage|p1a: Illumise|0 fnt\n|faint|p1a: Illumise\n|c|\u2606IChangeMyNameAlot|Okay fine with that\n|\n|t:|1697795907\n|switch|p2b: Pikachu|Pikachu-Alola, M|100\/100|[from] Volt Switch\n|\n|-weather|none\n|-sideend|p1: hn3|move: Tailwind\n|upkeep\n|c|\u2606hn3|frick\n|\n|t:|1697795913\n|switch|p1a: Roaring Moon|Roaring Moon|100\/100\n|-enditem|p1a: Roaring Moon|Booster Energy\n|-activate|p1a: Roaring Moon|ability: Protosynthesis|[fromitem]\n|-start|p1a: Roaring Moon|protosynthesisspe\n|turn|6\n|inactive|IChangeMyNameAlot has 270 seconds left.\n|\n|t:|1697795963\n|-terastallize|p2a: Iron Treads|Ice\n|move|p2b: Pikachu|Fake Out|p1a: Roaring Moon\n|-damage|p1a: Roaring Moon|86\/100\n|cant|p1a: Roaring Moon|flinch\n|move|p2a: Iron Treads|Ice Spinner|p1a: Roaring Moon\n|-supereffective|p1a: Roaring Moon\n|-damage|p1a: Roaring Moon|0 fnt\n|faint|p1a: Roaring Moon\n|-end|p1a: Roaring Moon|Protosynthesis|[silent]\n|move|p1b: Dracozolt|Earthquake|p2b: Pikachu|[spread] p2a\n|-miss|p1b: Dracozolt|p2b: Pikachu\n|-damage|p2a: Iron Treads|55\/100\n|-damage|p1b: Dracozolt|55\/100|[from] item: Life Orb\n|\n|upkeep\n|c|\u2606IChangeMyNameAlot|LMAO\n|\n|t:|1697795978\n|switch|p1a: Dipplin|Dipplin, F|100\/100\n|-ability|p1a: Dipplin|Supersweet Syrup\n|-ability|p1a: Dipplin|Supersweet Syrup|boost\n|-unboost|p2a: Iron Treads|evasion|1\n|-unboost|p2b: Pikachu|evasion|1\n|turn|7\n|inactive|IChangeMyNameAlot has 270 seconds left.\n|\n|t:|1697796008\n|switch|p2b: Pelipper|Pelipper, F|68\/100\n|-weather|RainDance|[from] ability: Drizzle|[of] p2b: Pelipper\n|move|p2a: Iron Treads|Ice Spinner|p1b: Dracozolt\n|-supereffective|p1b: Dracozolt\n|-damage|p1b: Dracozolt|0 fnt\n|faint|p1b: Dracozolt\n|move|p1a: Dipplin|Draco Meteor|p2b: Pelipper\n|-damage|p2b: Pelipper|0 fnt\n|-unboost|p1a: Dipplin|spa|2\n|faint|p2b: Pelipper\n|\n|-weather|RainDance|[upkeep]\n|upkeep\n|inactive|IChangeMyNameAlot has 270 seconds left.\n|\n|t:|1697796024\n|switch|p1b: Rillaboom|Rillaboom, M|24\/100\n|switch|p2b: Ludicolo|Ludicolo, M|100\/100\n|-fieldstart|move: Grassy Terrain|[from] ability: Grassy Surge|[of] p1b: Rillaboom\n|turn|8\n|c|\u2606hn3|hustle fucking sucks\n|c|\u2606IChangeMyNameAlot|It does\n|inactive|IChangeMyNameAlot has 270 seconds left.\n|c|\u2606hn3|might aswell run truant\n|\n|t:|1697796058\n|move|p1b: Rillaboom|Fake Out|p2a: Iron Treads\n|-damage|p2a: Iron Treads|42\/100\n|move|p2b: Ludicolo|Ice Beam|p1b: Rillaboom\n|-supereffective|p1b: Rillaboom\n|-damage|p1b: Rillaboom|0 fnt\n|faint|p1b: Rillaboom\n|cant|p2a: Iron Treads|flinch\n|move|p1a: Dipplin|Pollen Puff|p2a: Iron Treads\n|-damage|p2a: Iron Treads|27\/100\n|\n|-weather|RainDance|[upkeep]\n|-heal|p2a: Iron Treads|34\/100|[from] Grassy Terrain\n|upkeep\n|\n|t:|1697796070\n|switch|p1b: Dracovish|Dracovish|100\/100\n|turn|9\n|inactive|IChangeMyNameAlot has 270 seconds left.\n|\n|t:|1697796093\n|-terastallize|p1b: Dracovish|Water\n|move|p2b: Ludicolo|Ice Beam|p1b: Dracovish\n|-resisted|p1b: Dracovish\n|-crit|p1b: Dracovish\n|-damage|p1b: Dracovish|63\/100\n|move|p2a: Iron Treads|Ice Spinner|p1a: Dipplin\n|-supereffective|p1a: Dipplin\n|-damage|p1a: Dipplin|35\/100\n|-fieldend|move: Grassy Terrain\n|move|p1b: Dracovish|Fishious Rend|p2a: Iron Treads\n|-damage|p2a: Iron Treads|0 fnt\n|faint|p2a: Iron Treads\n|-end|p2a: Iron Treads|Quark Drive|[silent]\n|move|p1a: Dipplin|Pollen Puff|p2b: Ludicolo\n|-supereffective|p2b: Ludicolo\n|-damage|p2b: Ludicolo|75\/100\n|\n|-weather|RainDance|[upkeep]\n|upkeep\n|c|\u2606hn3|i think its joever\n|\n|t:|1697796099\n|switch|p2a: Pikachu|Pikachu-Alola, M|100\/100\n|turn|10\n|c|\u2606IChangeMyNameAlot|probably\n|\n|t:|1697796110\n|move|p2a: Pikachu|Fake Out|p1b: Dracovish\n|-damage|p1b: Dracovish|51\/100\n|move|p2b: Ludicolo|Ice Beam|p1a: Dipplin\n|-supereffective|p1a: Dipplin\n|-damage|p1a: Dipplin|0 fnt\n|faint|p1a: Dipplin\n|cant|p1b: Dracovish|flinch\n|\n|-weather|RainDance|[upkeep]\n|upkeep\n|turn|11\n|\n|t:|1697796122\n|switch|p2b: Kilowattrel|Kilowattrel, F|64\/100\n|switch|p2a: Barraskewda|Barraskewda, F|100\/100\n|move|p1b: Dracovish|Fishious Rend|p2a: Barraskewda\n|-resisted|p2a: Barraskewda\n|-damage|p2a: Barraskewda|0 fnt\n|faint|p2a: Barraskewda\n|\n|-weather|none\n|upkeep\n|\n|t:|1697796129\n|switch|p2a: Pikachu|Pikachu-Alola, M|100\/100\n|turn|12\n|\n|t:|1697796136\n|move|p2a: Pikachu|Fake Out|p1b: Dracovish\n|-damage|p1b: Dracovish|39\/100\n|move|p2b: Kilowattrel|Volt Switch|p2a: Pikachu\n|-activate|p2a: Pikachu|ability: Lightning Rod\n|-ability|p2a: Pikachu|Lightning Rod|boost\n|-boost|p2a: Pikachu|spa|1\n|cant|p1b: Dracovish|flinch\n|\n|upkeep\n|turn|13\n|c|\u2606IChangeMyNameAlot|BRUH\n|c|\u2606hn3|lol\n|inactive|IChangeMyNameAlot has 270 seconds left.\n|\n|t:|1697796166\n|move|p2b: Kilowattrel|Hurricane|p1b: Dracovish\n|-damage|p1b: Dracovish|0 fnt\n|faint|p1b: Dracovish\n|\n|win|IChangeMyNameAlot\n|c|\u2606IChangeMyNameAlot|wp\n|c|\u2606hn3|gg\n","uploadtime":1697796175,"views":16,"p1id":"hn3","p2id":"ichangemynamealot","formatid":"gen9nationaldexdoubles","rating":0,"private":0,"password":""}