{"id":"gen9nationaldexdoubles-1950280133","p1":"Ooobi","p2":"Arkrabbe","format":"[Gen 9] National Dex Doubles","log":"|j|\u2606Ooobi\n|j|\u2606Arkrabbe\n|t:|1695448622\n|gametype|doubles\n|player|p1|Ooobi|pokekid|\n|player|p2|Arkrabbe|wallace|\n|teamsize|p1|6\n|teamsize|p2|6\n|gen|9\n|tier|[Gen 9] National Dex Doubles\n|rule|HP Percentage Mod: HP is shown in percentages\n|rule|Endless Battle Clause: Forcing endless battles is banned\n|rule|OHKO Clause: OHKO moves are banned\n|rule|Evasion Moves Clause: Evasion moves are banned\n|rule|Evasion Abilities Clause: Evasion abilities are banned\n|rule|Species Clause: Limit one of each Pok\u00e9mon\n|rule|Gravity Sleep Clause: The combination of sleep-inducing moves with imperfect accuracy and Gravity or Gigantamax Orbeetle are banned\n|clearpoke\n|poke|p1|Scream Tail|\n|poke|p1|Gothitelle, M|\n|poke|p1|Arcanine, M|\n|poke|p1|Murkrow, M|\n|poke|p1|Tatsugiri, M|\n|poke|p1|Zoroark-Hisui, F|\n|poke|p2|Iron Hands|\n|poke|p2|Chien-Pao|\n|poke|p2|Charizard, M|\n|poke|p2|Azumarill, F|\n|poke|p2|Gallade, M|\n|poke|p2|Heatran, M|\n|teampreview\n|\n|t:|1695448679\n|start\n|switch|p1a: Scream Tail|Scream Tail|100\/100\n|switch|p1b: Gothitelle|Gothitelle, M|100\/100\n|switch|p2a: Charizard|Charizard, M|100\/100\n|switch|p2b: Gallade|Gallade, M|100\/100\n|turn|1\n|\n|t:|1695448726\n|move|p2b: Gallade|Protect|p2b: Gallade\n|-singleturn|p2b: Gallade|Protect\n|move|p1b: Gothitelle|Fake Out|p2b: Gallade\n|-activate|p2b: Gallade|move: Protect\n|move|p2a: Charizard|Heat Wave|p1b: Gothitelle|[spread] p1a,p1b\n|-damage|p1a: Scream Tail|74\/100\n|-damage|p1b: Gothitelle|74\/100\n|move|p1a: Scream Tail|Perish Song|p1a: Scream Tail\n|-start|p1a: Scream Tail|perish3|[silent]\n|-start|p1b: Gothitelle|perish3|[silent]\n|-start|p2a: Charizard|perish3|[silent]\n|-start|p2b: Gallade|perish3|[silent]\n|-fieldactivate|move: Perish Song\n|\n|-start|p2a: Charizard|perish3\n|-start|p1a: Scream Tail|perish3\n|-start|p2b: Gallade|perish3\n|-start|p1b: Gothitelle|perish3\n|upkeep\n|turn|2\n|\n|t:|1695448750\n|move|p1b: Gothitelle|Protect|p1b: Gothitelle\n|-singleturn|p1b: Gothitelle|Protect\n|move|p2a: Charizard|Heat Wave|p1b: Gothitelle|[spread] p1a\n|-activate|p1b: Gothitelle|move: Protect\n|-damage|p1a: Scream Tail|49\/100\n|-status|p1a: Scream Tail|brn\n|move|p1a: Scream Tail|Play Rough|p2a: Charizard\n|-resisted|p2a: Charizard\n|-damage|p2a: Charizard|92\/100\n|move|p2b: Gallade|Psycho Cut|p1b: Gothitelle\n|-activate|p1b: Gothitelle|move: Protect\n|\n|-damage|p1a: Scream Tail|43\/100 brn|[from] brn\n|-start|p2a: Charizard|perish2\n|-start|p1a: Scream Tail|perish2\n|-start|p2b: Gallade|perish2\n|-start|p1b: Gothitelle|perish2\n|upkeep\n|turn|3\n|\n|t:|1695448811\n|move|p2a: Charizard|Heat Wave|p1a: Scream Tail|[spread] p1a,p1b\n|-damage|p1a: Scream Tail|17\/100 brn\n|-damage|p1b: Gothitelle|46\/100\n|move|p1a: Scream Tail|Play Rough|p2b: Gallade\n|-supereffective|p2b: Gallade\n|-damage|p2b: Gallade|74\/100\n|move|p2b: Gallade|Psycho Cut|p1b: Gothitelle\n|-resisted|p1b: Gothitelle\n|-crit|p1b: Gothitelle\n|-damage|p1b: Gothitelle|0 fnt\n|faint|p1b: Gothitelle\n|-damage|p2b: Gallade|64\/100|[from] item: Life Orb\n|\n|-damage|p1a: Scream Tail|11\/100 brn|[from] brn\n|-start|p2a: Charizard|perish1\n|-start|p1a: Scream Tail|perish1\n|-start|p2b: Gallade|perish1\n|upkeep\n|\n|t:|1695448829\n|switch|p1b: Tatsugiri|Tatsugiri, M|100\/100\n|turn|4\n|\n|t:|1695448848\n|switch|p2a: Iron Hands|Iron Hands|100\/100\n|-end|p1a: Scream Tail|Protosynthesis|[silent]\n|switch|p1a: Arcanine|Arcanine, M|100\/100\n|-ability|p1a: Arcanine|Intimidate|boost\n|-unboost|p2a: Iron Hands|atk|1\n|-unboost|p2b: Gallade|atk|1\n|switch|p2b: Heatran|Heatran, M|100\/100\n|move|p1b: Tatsugiri|Surf|p2a: Iron Hands|[spread] p1a,p2a,p2b\n|-supereffective|p1a: Arcanine\n|-supereffective|p2b: Heatran\n|-damage|p1a: Arcanine|42\/100\n|-damage|p2a: Iron Hands|79\/100\n|-damage|p2b: Heatran|49\/100\n|\n|-heal|p2b: Heatran|55\/100|[from] item: Leftovers\n|upkeep\n|turn|5\n|c|\u2606Arkrabbe|that crit proly mattered\n|\n|t:|1695448884\n|switch|p1a: Arcanine|Arcanine, M|100\/100\n|move|p1b: Tatsugiri|Protect|p1b: Tatsugiri\n|-singleturn|p1b: Tatsugiri|Protect\n|move|p2a: Iron Hands|Fake Out|p1b: Tatsugiri\n|-activate|p1b: Tatsugiri|move: Protect\n|move|p2b: Heatran|Earth Power|p1a: Arcanine\n|-damage|p1a: Arcanine|58\/100\n|replace|p1a: Zoroark|Zoroark-Hisui, F\n|-end|p1a: Zoroark|Illusion\n|\n|-heal|p2b: Heatran|62\/100|[from] item: Leftovers\n|upkeep\n|turn|6\n|\n|t:|1695448913\n|move|p1a: Zoroark|Bitter Malice|p2a: Iron Hands\n|-damage|p2a: Iron Hands|52\/100\n|-unboost|p2a: Iron Hands|atk|1\n|move|p1b: Tatsugiri|Hydro Pump|p2b: Heatran\n|-supereffective|p2b: Heatran\n|-damage|p2b: Heatran|0 fnt\n|faint|p2b: Heatran\n|move|p2a: Iron Hands|Wild Charge|p1b: Tatsugiri\n|-damage|p1b: Tatsugiri|54\/100\n|-damage|p2a: Iron Hands|46\/100|[from] Recoil\n|\n|upkeep\n|\n|t:|1695448936\n|switch|p2b: Azumarill|Azumarill, F|100\/100\n|turn|7\n|\n|t:|1695448957\n|move|p1b: Tatsugiri|Protect|p1b: Tatsugiri\n|-singleturn|p1b: Tatsugiri|Protect\n|move|p1a: Zoroark|U-turn|p2b: Azumarill\n|-resisted|p2b: Azumarill\n|-damage|p2b: Azumarill|93\/100\n|\n|t:|1695448970\n|switch|p1a: Scream Tail|Scream Tail|11\/100 brn|[from] U-turn\n|move|p2b: Azumarill|Play Rough|p1a: Scream Tail\n|-damage|p1a: Scream Tail|0 fnt\n|faint|p1a: Scream Tail\n|-end|p1a: Scream Tail|Protosynthesis|[silent]\n|move|p2a: Iron Hands|Thunder Punch|p1b: Tatsugiri\n|-activate|p1b: Tatsugiri|move: Protect\n|\n|upkeep\n|\n|t:|1695448979\n|switch|p1a: Arcanine|Arcanine, M|42\/100\n|-ability|p1a: Arcanine|Intimidate|boost\n|-unboost|p2a: Iron Hands|atk|1\n|-unboost|p2b: Azumarill|atk|1\n|turn|8\n|\n|t:|1695449038\n|-end|p2a: Iron Hands|Quark Drive|[silent]\n|switch|p2a: Charizard|Charizard, M|92\/100\n|move|p1a: Arcanine|Extreme Speed|p2b: Azumarill\n|-damage|p2b: Azumarill|67\/100\n|move|p1b: Tatsugiri|Hydro Pump|p2a: Charizard\n|-supereffective|p2a: Charizard\n|-damage|p2a: Charizard|0 fnt\n|faint|p2a: Charizard\n|move|p2b: Azumarill|Play Rough|p1b: Tatsugiri\n|-supereffective|p1b: Tatsugiri\n|-damage|p1b: Tatsugiri|0 fnt\n|faint|p1b: Tatsugiri\n|\n|upkeep\n|\n|t:|1695449054\n|switch|p2a: Iron Hands|Iron Hands|46\/100\n|switch|p1b: Murkrow|Murkrow, M|58\/100\n|turn|9\n|\n|t:|1695449083\n|move|p1b: Murkrow|Knock Off|p2b: Azumarill\n|-resisted|p2b: Azumarill\n|-damage|p2b: Azumarill|56\/100\n|-enditem|p2b: Azumarill|Choice Band|[from] move: Knock Off|[of] p1b: Murkrow\n|move|p1a: Arcanine|Close Combat|p2b: Azumarill\n|-resisted|p2b: Azumarill\n|-damage|p2b: Azumarill|36\/100\n|-unboost|p1a: Arcanine|def|1\n|-unboost|p1a: Arcanine|spd|1\n|move|p2a: Iron Hands|Drain Punch|p1a: Arcanine\n|-damage|p1a: Arcanine|0 fnt\n|-heal|p2a: Iron Hands|59\/100|[from] drain|[of] p1a: Arcanine\n|faint|p1a: Arcanine\n|move|p2b: Azumarill|Play Rough|p1b: Murkrow\n|-damage|p1b: Murkrow|0 fnt\n|replace|p1b: Zoroark|Zoroark-Hisui, F\n|-end|p1b: Zoroark|Illusion\n|faint|p1b: Zoroark\n|\n|upkeep\n|c|\u2606Ooobi|CHOICE BAND?????????\\\n|\n|t:|1695449103\n|switch|p1a: Murkrow|Murkrow, M|100\/100\n|turn|10\n|c|\u2606Arkrabbe|yeah?\n|c|\u2606Arkrabbe|is that bad?\n|c|\u2606Ooobi|YOU GAVE IT A CHOICE BAND??\n|c|\u2606Arkrabbe|why not?\n|c|\u2606Ooobi|IT WON YOU THE GAME BUT I THOUGHT IT WAS ASSUALT VEST\n|c|\u2606Arkrabbe|LOL\n|c|\u2606Ooobi|usually its a wall or something like that\n|c|\u2606Arkrabbe|nah\n|c|\u2606Arkrabbe|huge power choice band\n|c|\u2606Ooobi|thats why i was so scared to send arcanine in\n|c|\u2606Arkrabbe|ahh\n|c|\u2606Arkrabbe|i was locked into play rough\n|\n|t:|1695449166\n|-terastallize|p2b: Azumarill|Fairy\n|move|p1a: Murkrow|Foul Play|p2b: Azumarill\n|-resisted|p2b: Azumarill\n|-damage|p2b: Azumarill|26\/100\n|move|p2b: Azumarill|Play Rough|p1a: Murkrow\n|-supereffective|p1a: Murkrow\n|-damage|p1a: Murkrow|5\/100\n|move|p2a: Iron Hands|Wild Charge|p1a: Murkrow\n|-supereffective|p1a: Murkrow\n|-damage|p1a: Murkrow|0 fnt\n|faint|p1a: Murkrow\n|-damage|p2a: Iron Hands|58\/100|[from] Recoil\n|\n|win|Arkrabbe\n|c|\u2606Ooobi|geegee\n|l|\u2606Ooobi\n|c|\u2606Arkrabbe|ggs\n|l|\u2606Arkrabbe\n|j|\u2606Arkrabbe\n|player|p2|Arkrabbe|wallace\n","uploadtime":1695449224,"views":11,"p1id":"ooobi","p2id":"arkrabbe","formatid":"gen9nationaldexdoubles","rating":0,"private":0,"password":""}