{"id":"gen9nationaldexdoubles-1962294695","p1":"Empress_Anna","p2":"Rapidklipdo","format":"[Gen 9] National Dex Doubles","log":"|j|\u2606Empress_Anna\n|j|\u2606Rapidklipdo\n|t:|1696727964\n|gametype|doubles\n|player|p1|Empress_Anna|cheryl|\n|player|p2|Rapidklipdo|1|\n|teamsize|p1|6\n|teamsize|p2|6\n|gen|9\n|tier|[Gen 9] National Dex Doubles\n|rule|HP Percentage Mod: HP is shown in percentages\n|rule|Endless Battle Clause: Forcing endless battles is banned\n|rule|OHKO Clause: OHKO moves are banned\n|rule|Evasion Moves Clause: Evasion moves are banned\n|rule|Evasion Abilities Clause: Evasion abilities are banned\n|rule|Species Clause: Limit one of each Pok\u00e9mon\n|rule|Gravity Sleep Clause: The combination of sleep-inducing moves with imperfect accuracy and Gravity or Gigantamax Orbeetle are banned\n|clearpoke\n|poke|p1|Aerodactyl, F|\n|poke|p1|Noivern, F|\n|poke|p1|Corviknight, M|\n|poke|p1|Iron Jugulis|\n|poke|p1|Cyclizar, M|\n|poke|p1|Kommo-o, F|\n|poke|p2|Vanilluxe, M|\n|poke|p2|Greninja-*, M|\n|poke|p2|Beedrill, F|\n|poke|p2|Clefable, M|\n|poke|p2|Torkoal, M|\n|poke|p2|Carbink|\n|teampreview\n|c|\u2606Empress_Anna|gl hf! >:3\n|c|\u2606Rapidklipdo|Kk :3\n|c|\u2606Rapidklipdo|you better hf as well \u00f9w\u00fa\n|\n|t:|1696727997\n|start\n|switch|p1a: Aerodactyl|Aerodactyl, F|100\/100\n|switch|p1b: Noivern|Noivern, F|100\/100\n|switch|p2a: Greninja|Greninja, M|100\/100\n|switch|p2b: Vanilluxe|Vanilluxe, M|100\/100\n|-weather|Snow|[from] ability: Snow Warning|[of] p2b: Vanilluxe\n|turn|1\n|\n|t:|1696728025\n|detailschange|p1a: Aerodactyl|Aerodactyl-Mega, F\n|-mega|p1a: Aerodactyl|Aerodactyl|Aerodactylite\n|move|p1a: Aerodactyl|Iron Head|p2b: Vanilluxe\n|-supereffective|p2b: Vanilluxe\n|-damage|p2b: Vanilluxe|27\/100\n|move|p2b: Vanilluxe|Weather Ball|p1a: Aerodactyl\n|-supereffective|p1a: Aerodactyl\n|-damage|p1a: Aerodactyl|0 fnt\n|faint|p1a: Aerodactyl\n|move|p1b: Noivern|Draco Meteor|p2a: Greninja\n|-damage|p2a: Greninja|0 fnt\n|-unboost|p1b: Noivern|spa|2\n|faint|p2a: Greninja\n|\n|-weather|Snow|[upkeep]\n|upkeep\n|\n|t:|1696728056\n|switch|p1a: Cyclizar|Cyclizar, M|100\/100\n|switch|p2a: Beedrill|Beedrill, F|100\/100\n|turn|2\n|\n|t:|1696728085\n|detailschange|p2a: Beedrill|Beedrill-Mega, F\n|-mega|p2a: Beedrill|Beedrill|Beedrillite\n|move|p2a: Beedrill|Poison Jab|p1a: Cyclizar\n|-damage|p1a: Cyclizar|0 fnt\n|faint|p1a: Cyclizar\n|move|p2b: Vanilluxe|Weather Ball|p1b: Noivern\n|-supereffective|p1b: Noivern\n|-damage|p1b: Noivern|0 fnt\n|faint|p1b: Noivern\n|\n|-weather|Snow|[upkeep]\n|upkeep\n|c|\u2606Empress_Anna|welp\n|\n|t:|1696728099\n|switch|p1b: Iron Jugulis|Iron Jugulis|100\/100\n|switch|p1a: Corviknight|Corviknight, M, shiny|100\/100\n|-enditem|p1b: Iron Jugulis|Booster Energy\n|-activate|p1b: Iron Jugulis|ability: Quark Drive|[fromitem]\n|-start|p1b: Iron Jugulis|quarkdrivespe\n|turn|3\n|\n|t:|1696728124\n|move|p1b: Iron Jugulis|Heat Wave|p2b: Vanilluxe|[spread] p2a,p2b\n|-supereffective|p2a: Beedrill\n|-supereffective|p2b: Vanilluxe\n|-damage|p2a: Beedrill|27\/100\n|-damage|p2b: Vanilluxe|0 fnt\n|faint|p2b: Vanilluxe\n|move|p2a: Beedrill|X-Scissor|p1b: Iron Jugulis\n|-damage|p1b: Iron Jugulis|31\/100\n|move|p1a: Corviknight|Defog|p2a: Beedrill\n|-unboost|p2a: Beedrill|evasion|1\n|\n|-weather|Snow|[upkeep]\n|upkeep\n|\n|t:|1696728128\n|switch|p2b: Carbink|Carbink|100\/100\n|turn|4\n|c|\u2606Empress_Anna|its supposed to cancel weather?? qwq\n|\n|t:|1696728152\n|move|p1b: Iron Jugulis|Heat Wave|p2a: Beedrill|[spread] p2a,p2b\n|-supereffective|p2a: Beedrill\n|-resisted|p2b: Carbink\n|-damage|p2a: Beedrill|0 fnt\n|-damage|p2b: Carbink|92\/100\n|faint|p2a: Beedrill\n|move|p1a: Corviknight|Iron Defense|p1a: Corviknight\n|-boost|p1a: Corviknight|def|2\n|move|p2b: Carbink|Trick Room|p2b: Carbink\n|-fieldstart|move: Trick Room|[of] p2b: Carbink\n|\n|-weather|Snow|[upkeep]\n|upkeep\n|\n|t:|1696728159\n|switch|p2a: Torkoal|Torkoal, M|100\/100\n|-weather|SunnyDay|[from] ability: Drought|[of] p2a: Torkoal\n|turn|5\n|\n|t:|1696728173\n|move|p2a: Torkoal|Eruption|p1b: Iron Jugulis|[spread] p1a,p1b\n|-supereffective|p1a: Corviknight\n|-damage|p1a: Corviknight|0 fnt\n|-damage|p1b: Iron Jugulis|0 fnt\n|faint|p1a: Corviknight\n|faint|p1b: Iron Jugulis\n|-end|p1b: Iron Jugulis|Quark Drive|[silent]\n|move|p2b: Carbink|Moonblast|p1: Corviknight|[notarget]\n|-fail|p2b: Carbink\n|\n|-weather|SunnyDay|[upkeep]\n|upkeep\n|c|\u2606Empress_Anna|maaan ggs\n|\n|t:|1696728187\n|switch|p1b: Kommo-o|Kommo-o, F|100\/100\n|turn|6\n|c|\u2606Rapidklipdo|Sorry qwq\n|c|\u2606Empress_Anna|its ok\n|c|\u2606Empress_Anna|im not upset\n|c|\u2606Rapidklipdo|Carbink is my main kommo-o counter :3\n|c|\u2606Empress_Anna|i expect ya to counter kommo-o every time\n|c|\u2606Rapidklipdo|You always use it and it's super scary x3\n|\n|t:|1696728226\n|move|p2a: Torkoal|Eruption|p1b: Kommo-o\n|-resisted|p1b: Kommo-o\n|-damage|p1b: Kommo-o|19\/100\n|move|p2b: Carbink|Moonblast|p1b: Kommo-o\n|-supereffective|p1b: Kommo-o\n|-damage|p1b: Kommo-o|0 fnt\n|faint|p1b: Kommo-o\n|\n|win|Rapidklipdo\n|c|\u2606Empress_Anna|yeah\n|c|\u2606Rapidklipdo|81%!?\n|l|\u2606Rapidklipdo\n","uploadtime":1696728270,"views":4,"p1id":"empressanna","p2id":"rapidklipdo","formatid":"gen9nationaldexdoubles","rating":0,"private":0,"password":""}