{"id":"gen9nationaldexdoubles-1974178547","p1":"Succodisassiepalle","p2":"Tarantulara","format":"[Gen 9] National Dex Doubles","log":"|j|\u2606Succodisassiepalle\n|j|\u2606Tarantulara\n|t:|1698065520\n|gametype|doubles\n|player|p1|Succodisassiepalle|harlequin|1087\n|player|p2|Tarantulara|aaron|1136\n|teamsize|p1|6\n|teamsize|p2|6\n|gen|9\n|tier|[Gen 9] National Dex Doubles\n|rated|\n|rule|HP Percentage Mod: HP is shown in percentages\n|rule|Endless Battle Clause: Forcing endless battles is banned\n|rule|OHKO Clause: OHKO moves are banned\n|rule|Evasion Moves Clause: Evasion moves are banned\n|rule|Evasion Abilities Clause: Evasion abilities are banned\n|rule|Species Clause: Limit one of each Pok\u00e9mon\n|rule|Gravity Sleep Clause: The combination of sleep-inducing moves with imperfect accuracy and Gravity or Gigantamax Orbeetle are banned\n|clearpoke\n|poke|p1|Regigigas|\n|poke|p1|Weezing-Galar, M|\n|poke|p1|Landorus-Therian, M|\n|poke|p1|Incineroar, M|\n|poke|p1|Smeargle, F|\n|poke|p1|Aggron, F|\n|poke|p2|Oricorio-Pom-Pom, F|\n|poke|p2|Kommo-o, M|\n|poke|p2|Ribombee, M|\n|poke|p2|Iron Moth|\n|poke|p2|Volcarona, M|\n|poke|p2|Lilligant-Hisui, F|\n|teampreview\n|c|\u2606Tarantulara|Gl hf c:\n|\n|t:|1698065558\n|start\n|switch|p1a: Incineroar|Incineroar, M|100\/100\n|switch|p1b: Landorus|Landorus-Therian, M|100\/100\n|switch|p2a: Shake|Oricorio-Pom-Pom, F, shiny|100\/100\n|switch|p2b: Fwoosh|Volcarona, M|100\/100\n|-ability|p1b: Landorus|Intimidate|boost\n|-unboost|p2a: Shake|atk|1\n|-unboost|p2b: Fwoosh|atk|1\n|-ability|p1a: Incineroar|Intimidate|boost\n|-unboost|p2a: Shake|atk|1\n|-unboost|p2b: Fwoosh|atk|1\n|turn|1\n|\n|t:|1698065576\n|move|p1a: Incineroar|Fake Out|p2a: Shake\n|-damage|p2a: Shake|82\/100\n|move|p1b: Landorus|Rock Slide|p2b: Fwoosh|[spread] p2a,p2b\n|-supereffective|p2a: Shake\n|-supereffective|p2b: Fwoosh\n|-damage|p2a: Shake|17\/100\n|-damage|p2b: Fwoosh|0 fnt\n|faint|p2b: Fwoosh\n|cant|p2a: Shake|flinch\n|\n|upkeep\n|\n|t:|1698065588\n|switch|p2b: Shimmer|Ribombee, M, shiny|100\/100\n|turn|2\n|inactive|Battle timer is ON: inactive players will automatically lose when time's up. (requested by Tarantulara)\n|\n|t:|1698065614\n|switch|p1a: Aggron|Aggron, F|100\/100\n|move|p2a: Shake|Protect|p2a: Shake\n|-singleturn|p2a: Shake|Protect\n|move|p1b: Landorus|Rock Slide|p2a: Shake|[spread] p2b\n|-activate|p2a: Shake|move: Protect\n|-supereffective|p2b: Shimmer\n|-damage|p2b: Shimmer|15\/100\n|move|p2b: Shimmer|Quiver Dance|p2b: Shimmer\n|-boost|p2b: Shimmer|spa|1\n|-boost|p2b: Shimmer|spd|1\n|-boost|p2b: Shimmer|spe|1\n|-activate|p2a: Shake|ability: Dancer\n|move|p2a: Shake|Quiver Dance|p2a: Shake|[from]ability: Dancer\n|-boost|p2a: Shake|spa|1\n|-boost|p2a: Shake|spd|1\n|-boost|p2a: Shake|spe|1\n|\n|upkeep\n|turn|3\n|inactive|Tarantulara has 120 seconds left.\n|\n|t:|1698065653\n|detailschange|p1a: Aggron|Aggron-Mega, F\n|-mega|p1a: Aggron|Aggron|Aggronite\n|move|p2b: Shimmer|Moonblast|p1b: Landorus\n|-damage|p1b: Landorus|23\/100\n|move|p2a: Shake|Baton Pass|p2a: Shake\n|\n|t:|1698065660\n|switch|p2a: Bong|Kommo-o, M, shiny|100\/100|[from] Baton Pass\n|move|p1b: Landorus|Rock Slide|p2b: Shimmer|[spread] p2a,p2b\n|-resisted|p2a: Bong\n|-supereffective|p2b: Shimmer\n|-damage|p2a: Bong|91\/100\n|-damage|p2b: Shimmer|0 fnt\n|faint|p2b: Shimmer\n|move|p1a: Aggron|Rock Polish|p1a: Aggron\n|-boost|p1a: Aggron|spe|2\n|\n|upkeep\n|\n|t:|1698065673\n|switch|p2b: Stip-Step|Lilligant-Hisui, F|100\/100\n|turn|4\n|\n|t:|1698065701\n|switch|p1b: Incineroar|Incineroar, M|100\/100\n|-ability|p1b: Incineroar|Intimidate|boost\n|-unboost|p2a: Bong|atk|1\n|-unboost|p2b: Stip-Step|atk|1\n|move|p2a: Bong|Clanging Scales|p1b: Incineroar|[spread] p1a,p1b\n|-resisted|p1a: Aggron\n|-damage|p1a: Aggron|79\/100\n|-damage|p1b: Incineroar|65\/100\n|-unboost|p2a: Bong|def|1\n|move|p2b: Stip-Step|Victory Dance|p2b: Stip-Step\n|-boost|p2b: Stip-Step|atk|1\n|-boost|p2b: Stip-Step|def|1\n|-boost|p2b: Stip-Step|spe|1\n|move|p1a: Aggron|Body Press|p2a: Bong\n|-damage|p2a: Bong|35\/100\n|\n|upkeep\n|turn|5\n|inactive|Succodisassiepalle has 120 seconds left.\n|\n|t:|1698065734\n|move|p1b: Incineroar|Fake Out|p2b: Stip-Step\n|-damage|p2b: Stip-Step|87\/100\n|cant|p2b: Stip-Step|flinch\n|move|p2a: Bong|Aura Sphere|p1b: Incineroar\n|-supereffective|p1b: Incineroar\n|-damage|p1b: Incineroar|0 fnt\n|faint|p1b: Incineroar\n|move|p1a: Aggron|Body Press|p2a: Bong\n|-damage|p2a: Bong|0 fnt\n|faint|p2a: Bong\n|\n|upkeep\n|\n|t:|1698065749\n|switch|p2a: Beep|Iron Moth, shiny|100\/100\n|switch|p1b: Smeargle|Smeargle, F|100\/100\n|-enditem|p2a: Beep|Booster Energy\n|-activate|p2a: Beep|ability: Quark Drive|[fromitem]\n|-start|p2a: Beep|quarkdrivespa\n|turn|6\n|\n|t:|1698065768\n|move|p2b: Stip-Step|Brick Break|p1b: Smeargle\n|-supereffective|p1b: Smeargle\n|-enditem|p1b: Smeargle|Focus Sash\n|-damage|p1b: Smeargle|1\/100\n|-damage|p2b: Stip-Step|77\/100|[from] item: Life Orb\n|move|p2a: Beep|Fiery Dance|p1a: Aggron\n|-supereffective|p1a: Aggron\n|-damage|p1a: Aggron|7\/100\n|-boost|p2a: Beep|spa|1\n|move|p1a: Aggron|Iron Defense|p1a: Aggron\n|-boost|p1a: Aggron|def|2\n|move|p1b: Smeargle|Nuzzle|p2b: Stip-Step\n|-resisted|p2b: Stip-Step\n|-damage|p2b: Stip-Step|76\/100\n|-status|p2b: Stip-Step|par\n|\n|-ability|p1b: Smeargle|Moody|boost\n|-boost|p1b: Smeargle|spd|2\n|-unboost|p1b: Smeargle|spe|1\n|upkeep\n|turn|7\n|inactive|Succodisassiepalle has 120 seconds left.\n|inactive|Tarantulara has 120 seconds left.\n|\n|t:|1698065818\n|switch|p2b: Shake|Oricorio-Pom-Pom, F, shiny|17\/100\n|move|p2a: Beep|Fiery Dance|p1a: Aggron\n|-supereffective|p1a: Aggron\n|-damage|p1a: Aggron|0 fnt\n|faint|p1a: Aggron\n|-activate|p2b: Shake|ability: Dancer\n|move|p2b: Shake|Fiery Dance|p1b: Smeargle|[from]ability: Dancer\n|-damage|p1b: Smeargle|0 fnt\n|-boost|p2b: Shake|spa|1\n|faint|p1b: Smeargle\n|\n|upkeep\n|\n|t:|1698065837\n|switch|p1b: Weezing|Weezing-Galar, M|100\/100\n|switch|p1a: Regigigas|Regigigas|100\/100\n|-ability|p1b: Weezing|Neutralizing Gas\n|turn|8\n|\n|t:|1698065865\n|move|p2a: Beep|Fiery Dance|p1a: Regigigas\n|-damage|p1a: Regigigas|29\/100\n|-boost|p2a: Beep|spa|1\n|move|p2b: Shake|Revelation Dance|p1a: Regigigas\n|-damage|p1a: Regigigas|0 fnt\n|faint|p1a: Regigigas\n|-end|p1a: Regigigas|Slow Start|[silent]\n|move|p1b: Weezing|Dazzling Gleam|p2b: Shake|[spread] p2a,p2b\n|-resisted|p2a: Beep\n|-damage|p2a: Beep|95\/100\n|-damage|p2b: Shake|0 fnt\n|faint|p2b: Shake\n|\n|upkeep\n|\n|t:|1698065881\n|switch|p2b: Stip-Step|Lilligant-Hisui, F|76\/100 par\n|switch|p1a: Landorus|Landorus-Therian, M|23\/100\n|turn|9\n|\n|t:|1698065906\n|-terastallize|p2a: Beep|Fire\n|move|p1a: Landorus|Stomping Tantrum|p2a: Beep\n|-supereffective|p2a: Beep\n|-damage|p2a: Beep|0 fnt\n|faint|p2a: Beep\n|-end|p2a: Beep|Quark Drive|[silent]\n|cant|p2b: Stip-Step|par\n|move|p1b: Weezing|Dazzling Gleam|p2b: Stip-Step\n|-supereffective|p2b: Stip-Step\n|-damage|p2b: Stip-Step|0 fnt\n|faint|p2b: Stip-Step\n|\n|win|Succodisassiepalle\n|raw|Succodisassiepalle's rating: 1087 &rarr; <strong>1118<\/strong><br \/>(+31 for winning)\n|raw|Tarantulara's rating: 1136 &rarr; <strong>1107<\/strong><br \/>(-29 for losing)\n|l|\u2606Succodisassiepalle\n","uploadtime":1698065921,"views":13,"p1id":"succodisassiepalle","p2id":"tarantulara","formatid":"gen9nationaldexdoubles","rating":1107,"private":0,"password":""}