{"id":"gen9nationaldexdoubles-1996562795","p1":"Tubaguia_Ofc","p2":"jokingjester3","format":"[Gen 9] National Dex Doubles","log":"|j|\u2606Tubaguia_Ofc\n|j|\u2606jokingjester3\n|t:|1700694647\n|gametype|doubles\n|player|p1|Tubaguia_Ofc|iris-gen5bw2|\n|player|p2|jokingjester3|265|\n|teamsize|p1|6\n|teamsize|p2|6\n|gen|9\n|tier|[Gen 9] National Dex Doubles\n|rule|HP Percentage Mod: HP is shown in percentages\n|rule|Endless Battle Clause: Forcing endless battles is banned\n|rule|OHKO Clause: OHKO moves are banned\n|rule|Evasion Moves Clause: Evasion moves are banned\n|rule|Evasion Abilities Clause: Evasion abilities are banned\n|rule|Species Clause: Limit one of each Pok\u00e9mon\n|rule|Gravity Sleep Clause: The combination of sleep-inducing moves with imperfect accuracy and Gravity or Gigantamax Orbeetle are banned\n|clearpoke\n|poke|p1|Whimsicott, F|\n|poke|p1|Yanmega, F|\n|poke|p1|Flutter Mane|\n|poke|p1|Chien-Pao|\n|poke|p1|Incineroar, M|\n|poke|p1|Noivern, F|\n|poke|p2|Shiftry, M|\n|poke|p2|Murkrow, F|\n|poke|p2|Kilowattrel, F|\n|poke|p2|Flutter Mane|\n|poke|p2|Sinistcha-Masterpiece|\n|poke|p2|Altaria, F|\n|teampreview\n|\n|t:|1700694683\n|start\n|switch|p1a: Smashy Bros!!|Incineroar, M, shiny|100\/100\n|switch|p1b: Miss VGC?|Flutter Mane, shiny|100\/100\n|switch|p2a: Murkrow|Murkrow, F|100\/100\n|switch|p2b: Kilowattrel|Kilowattrel, F|100\/100\n|-ability|p1a: Smashy Bros!!|Intimidate|boost\n|-unboost|p2a: Murkrow|atk|1\n|-unboost|p2b: Kilowattrel|atk|1\n|-enditem|p1b: Miss VGC?|Booster Energy\n|-activate|p1b: Miss VGC?|ability: Protosynthesis|[fromitem]\n|-start|p1b: Miss VGC?|protosynthesisspa\n|turn|1\n|\n|t:|1700694732\n|move|p1a: Smashy Bros!!|Fake Out|p2a: Murkrow\n|-damage|p2a: Murkrow|86\/100\n|cant|p2a: Murkrow|flinch\n|move|p2b: Kilowattrel|Air Slash|p1b: Miss VGC?\n|-damage|p1b: Miss VGC?|64\/100\n|cant|p1b: Miss VGC?|flinch\n|\n|upkeep\n|turn|2\n|\n|t:|1700694751\n|move|p2a: Murkrow|Tailwind|p2a: Murkrow\n|-sidestart|p2: jokingjester3|move: Tailwind\n|-start|p2b: Kilowattrel|Charge|Tailwind|[from] ability: Wind Power\n|move|p2b: Kilowattrel|Air Slash|p1b: Miss VGC?\n|-damage|p1b: Miss VGC?|30\/100\n|cant|p1b: Miss VGC?|flinch\n|move|p1a: Smashy Bros!!|Darkest Lariat|p2b: Kilowattrel\n|-damage|p2b: Kilowattrel|30\/100\n|\n|upkeep\n|turn|3\n|l|\u2606jokingjester3\n|player|p2|\n|j| aceman2798\n|j|\u2606jokingjester3\n|player|p2|jokingjester3|265\n|\n|t:|1700694966\n|-end|p1b: Miss VGC?|Protosynthesis|[silent]\n|switch|p1b: Batman|Noivern, F, shiny|100\/100\n|move|p2b: Kilowattrel|Air Slash|p1b: Batman\n|-damage|p1b: Batman|56\/100\n|move|p2a: Murkrow|Foul Play|p1a: Smashy Bros!!\n|-resisted|p1a: Smashy Bros!!\n|-damage|p1a: Smashy Bros!!|83\/100\n|move|p1a: Smashy Bros!!|Darkest Lariat|p2b: Kilowattrel\n|-damage|p2b: Kilowattrel|0 fnt\n|faint|p2b: Kilowattrel\n|\n|upkeep\n|\n|t:|1700694991\n|switch|p2b: Flutter Mane|Flutter Mane|100\/100\n|-enditem|p2b: Flutter Mane|Booster Energy\n|-activate|p2b: Flutter Mane|ability: Protosynthesis|[fromitem]\n|-start|p2b: Flutter Mane|protosynthesisspe\n|turn|4\n|\n|t:|1700695004\n|-terastallize|p1b: Batman|Fire\n|move|p2a: Murkrow|Quash|p1b: Batman\n|-activate|p1b: Batman|move: Quash\n|move|p2b: Flutter Mane|Dazzling Gleam|p1b: Batman|[spread] p1a,p1b\n|-resisted|p1b: Batman\n|-damage|p1a: Smashy Bros!!|60\/100\n|-damage|p1b: Batman|33\/100\n|move|p1a: Smashy Bros!!|Parting Shot|p2b: Flutter Mane\n|-unboost|p2b: Flutter Mane|atk|1\n|-unboost|p2b: Flutter Mane|spa|1\n|\n|t:|1700695023\n|switch|p1a: Avalanche ferret|Chien-Pao|100\/100|[from] Parting Shot\n|-ability|p1a: Avalanche ferret|Sword of Ruin\n|move|p1b: Batman|Heat Wave|p2b: Flutter Mane|[spread] p2a,p2b\n|-damage|p2a: Murkrow|57\/100\n|-damage|p2b: Flutter Mane|66\/100\n|\n|upkeep\n|turn|5\n|\n|t:|1700695047\n|move|p2a: Murkrow|Quash|p1a: Avalanche ferret\n|-hint|Since gen 7, Dark is immune to Prankster moves.\n|-immune|p1a: Avalanche ferret\n|move|p1a: Avalanche ferret|Sucker Punch|p2b: Flutter Mane\n|-damage|p2b: Flutter Mane|0 fnt\n|faint|p2b: Flutter Mane\n|-end|p2b: Flutter Mane|Protosynthesis|[silent]\n|move|p1b: Batman|Heat Wave|p2a: Murkrow\n|-damage|p2a: Murkrow|19\/100\n|\n|-sideend|p2: jokingjester3|move: Tailwind\n|upkeep\n|\n|t:|1700695067\n|switch|p2b: Shiftry|Shiftry, M|100\/100\n|turn|6\n|\n|t:|1700695078\n|switch|p1b: Smashy Bros!!|Incineroar, M, shiny|60\/100\n|-ability|p1b: Smashy Bros!!|Intimidate|boost\n|-unboost|p2a: Murkrow|atk|1\n|-unboost|p2b: Shiftry|atk|1\n|-terastallize|p2b: Shiftry|Fire\n|move|p2a: Murkrow|Tailwind|p2a: Murkrow\n|-sidestart|p2: jokingjester3|move: Tailwind\n|-ability|p2b: Shiftry|Wind Rider|boost\n|-boost|p2b: Shiftry|atk|1\n|move|p2b: Shiftry|Low Kick|p1a: Avalanche ferret\n|-supereffective|p1a: Avalanche ferret\n|-enditem|p1a: Avalanche ferret|Focus Sash\n|-damage|p1a: Avalanche ferret|1\/100\n|-damage|p2b: Shiftry|91\/100|[from] item: Life Orb\n|move|p1a: Avalanche ferret|Icicle Crash|p2b: Shiftry|[miss]\n|-miss|p1a: Avalanche ferret|p2b: Shiftry\n|\n|upkeep\n|turn|7\n|\n|t:|1700695121\n|move|p1b: Smashy Bros!!|Fake Out|p2b: Shiftry\n|-damage|p2b: Shiftry|62\/100\n|move|p2a: Murkrow|Taunt|p1b: Smashy Bros!!\n|-hint|Since gen 7, Dark is immune to Prankster moves.\n|-immune|p1b: Smashy Bros!!\n|cant|p2b: Shiftry|flinch\n|move|p1a: Avalanche ferret|Acrobatics|p2b: Shiftry\n|-damage|p2b: Shiftry|0 fnt\n|faint|p2b: Shiftry\n|\n|upkeep\n|\n|t:|1700695134\n|switch|p2b: Altaria|Altaria, F|100\/100\n|-ability|p2b: Altaria|Cloud Nine\n|turn|8\n|\n|t:|1700695151\n|detailschange|p2b: Altaria|Altaria-Mega, F\n|-mega|p2b: Altaria|Altaria|Altarianite\n|move|p2b: Altaria|Dragon Dance|p2b: Altaria\n|-boost|p2b: Altaria|atk|1\n|-boost|p2b: Altaria|spe|1\n|move|p2a: Murkrow|Foul Play|p1a: Avalanche ferret\n|-resisted|p1a: Avalanche ferret\n|-damage|p1a: Avalanche ferret|0 fnt\n|faint|p1a: Avalanche ferret\n|move|p1b: Smashy Bros!!|Fire Punch|p2a: Murkrow\n|-damage|p2a: Murkrow|0 fnt\n|faint|p2a: Murkrow\n|\n|upkeep\n|\n|t:|1700695174\n|switch|p1a: Cheap tornadus-i|Whimsicott, F, shiny|100\/100\n|switch|p2a: Sinistcha|Sinistcha-Masterpiece|100\/100\n|turn|9\n|\n|t:|1700695203\n|move|p1a: Cheap tornadus-i|Taunt|p2a: Sinistcha\n|-start|p2a: Sinistcha|move: Taunt\n|-enditem|p2a: Sinistcha|Mental Herb\n|-end|p2a: Sinistcha|move: Taunt\n|move|p2b: Altaria|Return|p1b: Smashy Bros!!\n|-damage|p1b: Smashy Bros!!|0 fnt\n|faint|p1b: Smashy Bros!!\n|move|p2a: Sinistcha|Strength Sap|p1a: Cheap tornadus-i\n|-unboost|p1a: Cheap tornadus-i|atk|1\n|\n|-sideend|p2: jokingjester3|move: Tailwind\n|upkeep\n|\n|t:|1700695215\n|switch|p1b: Batman|Noivern, F, shiny, tera:Fire|33\/100\n|turn|10\n|\n|t:|1700695231\n|move|p2a: Sinistcha|Protect|p2a: Sinistcha\n|-singleturn|p2a: Sinistcha|Protect\n|move|p1a: Cheap tornadus-i|Tailwind|p1a: Cheap tornadus-i\n|-sidestart|p1: Tubaguia_Ofc|move: Tailwind\n|move|p1b: Batman|Hurricane|p2b: Altaria\n|-damage|p2b: Altaria|42\/100\n|move|p2b: Altaria|Return|p1b: Batman\n|-resisted|p1b: Batman\n|-damage|p1b: Batman|0 fnt\n|faint|p1b: Batman\n|\n|upkeep\n|\n|t:|1700695245\n|switch|p1b: Miss VGC?|Flutter Mane, shiny|30\/100\n|turn|11\n|\n|t:|1700695268\n|move|p1a: Cheap tornadus-i|Helping Hand|p1b: Miss VGC?\n|-singleturn|p1b: Miss VGC?|Helping Hand|[of] p1a: Cheap tornadus-i\n|move|p2a: Sinistcha|Rage Powder|p2a: Sinistcha\n|-singleturn|p2a: Sinistcha|move: Rage Powder\n|move|p1b: Miss VGC?|Dazzling Gleam|p2a: Sinistcha|[spread] p2a,p2b\n|-supereffective|p2b: Altaria\n|-damage|p2a: Sinistcha|39\/100\n|-damage|p2b: Altaria|0 fnt\n|faint|p2b: Altaria\n|\n|upkeep\n|turn|12\n|\n|t:|1700695284\n|move|p1a: Cheap tornadus-i|Taunt|p2a: Sinistcha\n|-start|p2a: Sinistcha|move: Taunt\n|move|p1b: Miss VGC?|Shadow Ball|p2a: Sinistcha\n|-supereffective|p2a: Sinistcha\n|-damage|p2a: Sinistcha|0 fnt\n|faint|p2a: Sinistcha\n|\n|win|Tubaguia_Ofc\n|c|\u2606Tubaguia_Ofc|Gg\n","uploadtime":1700695299,"views":7,"p1id":"tubaguiaofc","p2id":"jokingjester3","formatid":"gen9nationaldexdoubles","rating":0,"private":0,"password":""}