{"id":"gen9nationaldexdoubles-1985434502","p1":"Denvah_17","p2":"Tempest2110","format":"[Gen 9] National Dex Doubles","log":"|j|\u2606Denvah_17\n|j|\u2606Tempest2110\n|t:|1699374397\n|gametype|doubles\n|player|p1|Denvah_17|alder|1262\n|player|p2|Tempest2110|yellow|1102\n|teamsize|p1|6\n|teamsize|p2|6\n|gen|9\n|tier|[Gen 9] National Dex Doubles\n|rated|\n|rule|HP Percentage Mod: HP is shown in percentages\n|rule|Endless Battle Clause: Forcing endless battles is banned\n|rule|OHKO Clause: OHKO moves are banned\n|rule|Evasion Moves Clause: Evasion moves are banned\n|rule|Evasion Abilities Clause: Evasion abilities are banned\n|rule|Species Clause: Limit one of each Pok\u00e9mon\n|rule|Gravity Sleep Clause: The combination of sleep-inducing moves with imperfect accuracy and Gravity or Gigantamax Orbeetle are banned\n|clearpoke\n|poke|p1|Venusaur, F|\n|poke|p1|Charizard, M|\n|poke|p1|Tauros-Paldea-Aqua, M|\n|poke|p1|Sandy Shocks|\n|poke|p1|Snorlax, F|\n|poke|p1|Mew|\n|poke|p2|Clefairy, F|\n|poke|p2|Snorlax, M|\n|poke|p2|Kommo-o, F|\n|poke|p2|Sinistcha|\n|poke|p2|Landorus-Therian, M|\n|poke|p2|Iron Hands|\n|teampreview\n|inactive|Battle timer is ON: inactive players will automatically lose when time's up. (requested by Denvah_17)\n|\n|t:|1699374410\n|start\n|switch|p1a: Sativa|Venusaur, F|100\/100\n|switch|p1b: Enderer Dragon|Charizard, M|100\/100\n|switch|p2a: Landorus|Landorus-Therian, M|100\/100\n|switch|p2b: Snorlax|Snorlax, M|100\/100\n|-ability|p2a: Landorus|Intimidate|boost\n|-unboost|p1a: Sativa|atk|1\n|-unboost|p1b: Enderer Dragon|atk|1\n|turn|1\n|\n|t:|1699374427\n|detailschange|p1b: Enderer Dragon|Charizard-Mega-Y, M\n|-mega|p1b: Enderer Dragon|Charizard|Charizardite Y\n|-weather|SunnyDay|[from] ability: Drought|[of] p1b: Enderer Dragon\n|move|p2b: Snorlax|Protect|p2b: Snorlax\n|-singleturn|p2b: Snorlax|Protect\n|move|p2a: Landorus|U-turn|p1a: Sativa\n|-damage|p1a: Sativa|67\/100\n|\n|t:|1699374435\n|switch|p2a: Clefairy|Clefairy, F|100\/100|[from] U-turn\n|move|p1a: Sativa|Growth|p1a: Sativa\n|-boost|p1a: Sativa|atk|2\n|-boost|p1a: Sativa|spa|2\n|move|p1b: Enderer Dragon|Air Slash|p2a: Clefairy|[miss]\n|-miss|p1b: Enderer Dragon|p2a: Clefairy\n|\n|-weather|SunnyDay|[upkeep]\n|upkeep\n|turn|2\n|\n|t:|1699374447\n|move|p2a: Clefairy|Follow Me|p2a: Clefairy\n|-singleturn|p2a: Clefairy|move: Follow Me\n|move|p1a: Sativa|Grass Pledge|p2a: Clefairy\n|-waiting|p1a: Sativa|p1b: Enderer Dragon\n|move|p1b: Enderer Dragon|Fire Pledge|p2a: Clefairy|[from]move: Grass Pledge\n|-combine\n|-damage|p2a: Clefairy|0 fnt\n|-sidestart|p2: Tempest2110|Fire Pledge\n|faint|p2a: Clefairy\n|move|p2b: Snorlax|Belly Drum|p2b: Snorlax\n|-damage|p2b: Snorlax|50\/100\n|-setboost|p2b: Snorlax|atk|6|[from] move: Belly Drum\n|-enditem|p2b: Snorlax|Sitrus Berry|[eat]\n|-heal|p2b: Snorlax|75\/100|[from] item: Sitrus Berry\n|\n|-weather|SunnyDay|[upkeep]\n|-damage|p2b: Snorlax|63\/100|[from] Fire Pledge\n|upkeep\n|\n|t:|1699374464\n|switch|p2a: Sinistcha|Sinistcha|100\/100\n|-heal|p2b: Snorlax|88\/100|[from] ability: Hospitality|[of] p2a: Sinistcha\n|turn|3\n|\n|t:|1699374482\n|switch|p2a: Landorus|Landorus-Therian, M|100\/100\n|-ability|p2a: Landorus|Intimidate|boost\n|-unboost|p1a: Sativa|atk|1\n|-unboost|p1b: Enderer Dragon|atk|1\n|move|p1a: Sativa|Grass Pledge|p2a: Landorus\n|-waiting|p1a: Sativa|p1b: Enderer Dragon\n|move|p1b: Enderer Dragon|Fire Pledge|p2a: Landorus|[from]move: Grass Pledge\n|-combine\n|-damage|p2a: Landorus|0 fnt\n|faint|p2a: Landorus\n|move|p2b: Snorlax|Facade|p1b: Enderer Dragon\n|-damage|p1b: Enderer Dragon|0 fnt\n|faint|p1b: Enderer Dragon\n|\n|-weather|SunnyDay|[upkeep]\n|-damage|p2b: Snorlax|76\/100|[from] Fire Pledge\n|upkeep\n|\n|t:|1699374492\n|switch|p1b: Literally 1984|Sandy Shocks|100\/100\n|switch|p2a: Sinistcha|Sinistcha|100\/100\n|-activate|p1b: Literally 1984|ability: Protosynthesis\n|-start|p1b: Literally 1984|protosynthesisspe\n|-heal|p2b: Snorlax|100\/100|[from] ability: Hospitality|[of] p2a: Sinistcha\n|turn|4\n|\n|t:|1699374514\n|move|p1b: Literally 1984|Earth Power|p2b: Snorlax\n|-damage|p2b: Snorlax|74\/100\n|move|p1a: Sativa|Weather Ball|p2a: Sinistcha\n|-supereffective|p2a: Sinistcha\n|-damage|p2a: Sinistcha|0 fnt\n|faint|p2a: Sinistcha\n|-damage|p1a: Sativa|57\/100|[from] item: Life Orb\n|move|p2b: Snorlax|Facade|p1a: Sativa\n|-damage|p1a: Sativa|0 fnt\n|faint|p1a: Sativa\n|\n|-weather|SunnyDay|[upkeep]\n|-damage|p2b: Snorlax|62\/100|[from] Fire Pledge\n|upkeep\n|\n|t:|1699374528\n|switch|p1a: Bear Market|Snorlax, F, shiny|100\/100\n|switch|p2a: Iron Hands|Iron Hands|100\/100\n|turn|5\n|\n|t:|1699374542\n|move|p2a: Iron Hands|Fake Out|p1a: Bear Market\n|-damage|p1a: Bear Market|90\/100\n|move|p1b: Literally 1984|Earth Power|p2a: Iron Hands\n|-supereffective|p2a: Iron Hands\n|-damage|p2a: Iron Hands|55\/100\n|move|p2b: Snorlax|High Horsepower|p1b: Literally 1984\n|-supereffective|p1b: Literally 1984\n|-damage|p1b: Literally 1984|0 fnt\n|faint|p1b: Literally 1984\n|-end|p1b: Literally 1984|Protosynthesis|[silent]\n|cant|p1a: Bear Market|flinch\n|\n|-weather|none\n|-damage|p2a: Iron Hands|42\/100|[from] Fire Pledge\n|-damage|p2b: Snorlax|50\/100|[from] Fire Pledge\n|-sideend|p2: Tempest2110|Fire Pledge\n|upkeep\n|\n|t:|1699374555\n|switch|p1b: Garfield|Mew, shiny|100\/100\n|turn|6\n|\n|t:|1699374564\n|move|p1b: Garfield|Transform|p2b: Snorlax\n|-transform|p1b: Garfield|p2b: Snorlax\n|move|p2a: Iron Hands|Drain Punch|p1a: Bear Market\n|-supereffective|p1a: Bear Market\n|-damage|p1a: Bear Market|25\/100\n|-heal|p2a: Iron Hands|76\/100|[from] drain|[of] p1a: Bear Market\n|move|p2b: Snorlax|Facade|p1b: Garfield\n|-damage|p1b: Garfield|4\/100\n|move|p1a: Bear Market|Frustration|p2a: Iron Hands\n|-damage|p2a: Iron Hands|42\/100\n|\n|upkeep\n|turn|7\n|inactive|Denvah_17 has 120 seconds left.\n|\n|t:|1699374602\n|move|p2b: Snorlax|Protect|p2b: Snorlax\n|-singleturn|p2b: Snorlax|Protect\n|move|p2a: Iron Hands|Drain Punch|p1a: Bear Market\n|-supereffective|p1a: Bear Market\n|-damage|p1a: Bear Market|0 fnt\n|-heal|p2a: Iron Hands|54\/100|[from] drain|[of] p1a: Bear Market\n|faint|p1a: Bear Market\n|-zpower|p1b: Garfield\n|move|p1b: Garfield|Z-Belly Drum||[anim]Belly Drum|[still]\n|-heal|p1b: Garfield|100\/100|[zeffect]\n|-fail|p1b: Garfield\n|\n|upkeep\n|\n|t:|1699374612\n|switch|p1a: Bull Market|Tauros-Paldea-Aqua, M|100\/100\n|turn|8\n|\n|t:|1699374632\n|move|p1a: Bull Market|Close Combat|p2b: Snorlax\n|-supereffective|p2b: Snorlax\n|-damage|p2b: Snorlax|0 fnt\n|-unboost|p1a: Bull Market|def|1\n|-unboost|p1a: Bull Market|spd|1\n|faint|p2b: Snorlax\n|move|p2a: Iron Hands|Drain Punch|p1b: Garfield\n|-supereffective|p1b: Garfield\n|-damage|p1b: Garfield|29\/100\n|-heal|p2a: Iron Hands|86\/100|[from] drain|[of] p1b: Garfield\n|move|p1b: Garfield|High Horsepower|p2a: Iron Hands\n|-supereffective|p2a: Iron Hands\n|-damage|p2a: Iron Hands|0 fnt\n|faint|p2a: Iron Hands\n|-end|p2a: Iron Hands|Quark Drive|[silent]\n|\n|upkeep\n|\n|t:|1699374639\n|switch|p2b: Kommo-o|Kommo-o, F|100\/100\n|turn|9\n|\n|t:|1699374653\n|move|p1a: Bull Market|Close Combat|p2b: Kommo-o\n|-damage|p2b: Kommo-o|59\/100\n|-unboost|p1a: Bull Market|def|1\n|-unboost|p1a: Bull Market|spd|1\n|move|p2b: Kommo-o|Clanging Scales|p1a: Bull Market|[spread] p1a,p1b\n|-damage|p1a: Bull Market|29\/100\n|-damage|p1b: Garfield|3\/100\n|-unboost|p2b: Kommo-o|def|1\n|-enditem|p2b: Kommo-o|Throat Spray\n|-boost|p2b: Kommo-o|spa|1|[from] item: Throat Spray\n|move|p1b: Garfield|Facade|p2b: Kommo-o\n|-damage|p2b: Kommo-o|0 fnt\n|faint|p2b: Kommo-o\n|\n|win|Denvah_17\n|raw|Denvah_17's rating: 1262 &rarr; <strong>1276<\/strong><br \/>(+14 for winning)\n|raw|Tempest2110's rating: 1102 &rarr; <strong>1088<\/strong><br \/>(-14 for losing)\n|l|\u2606Tempest2110\n","uploadtime":1699374676,"views":9,"p1id":"denvah17","p2id":"tempest2110","formatid":"gen9nationaldexdoubles","rating":1088,"private":0,"password":""}