{"id":"gen9nationaldexdoubles-1977131525","p1":"LunaStardew","p2":"6DFirapaka","format":"[Gen 9] National Dex Doubles","log":"|j|\u2606LunaStardew\n|j|\u26066DFirapaka\n|t:|1698375196\n|gametype|doubles\n|player|p1|LunaStardew|lass|1214\n|player|p2|6DFirapaka|scientist-gen4dp|1324\n|teamsize|p1|6\n|teamsize|p2|6\n|gen|9\n|tier|[Gen 9] National Dex Doubles\n|rated|\n|rule|HP Percentage Mod: HP is shown in percentages\n|rule|Endless Battle Clause: Forcing endless battles is banned\n|rule|OHKO Clause: OHKO moves are banned\n|rule|Evasion Moves Clause: Evasion moves are banned\n|rule|Evasion Abilities Clause: Evasion abilities are banned\n|rule|Species Clause: Limit one of each Pok\u00e9mon\n|rule|Gravity Sleep Clause: The combination of sleep-inducing moves with imperfect accuracy and Gravity or Gigantamax Orbeetle are banned\n|clearpoke\n|poke|p1|Tapu Koko|\n|poke|p1|Raichu-Alola, M|\n|poke|p1|Iron Leaves|\n|poke|p1|Toedscruel, M|\n|poke|p1|Regieleki|\n|poke|p1|Blaziken, M|\n|poke|p2|Amoonguss, M|\n|poke|p2|Slowking, M|\n|poke|p2|Iron Hands|\n|poke|p2|Iron Valiant|\n|poke|p2|Cetitan, M|\n|poke|p2|Indeedee-F, F|\n|teampreview\n|inactive|Battle timer is ON: inactive players will automatically lose when time's up. (requested by 6DFirapaka)\n|\n|t:|1698375228\n|start\n|switch|p1a: Tapu Koko|Tapu Koko|100\/100\n|switch|p1b: Iron Leaves|Iron Leaves|100\/100\n|switch|p2a: Slowking|Slowking, M|100\/100\n|switch|p2b: Indeedee|Indeedee-F, F|100\/100\n|-fieldstart|move: Electric Terrain|[from] ability: Electric Surge|[of] p1a: Tapu Koko\n|-activate|p1b: Iron Leaves|ability: Quark Drive\n|-start|p1b: Iron Leaves|quarkdriveatk\n|-fieldstart|move: Psychic Terrain|[from] ability: Psychic Surge|[of] p2b: Indeedee\n|-end|p1b: Iron Leaves|Quark Drive\n|-enditem|p2b: Indeedee|Psychic Seed\n|-boost|p2b: Indeedee|spd|1|[from] item: Psychic Seed\n|turn|1\n|\n|t:|1698375257\n|move|p2b: Indeedee|Follow Me|p2b: Indeedee\n|-singleturn|p2b: Indeedee|move: Follow Me\n|move|p1a: Tapu Koko|U-turn|p2b: Indeedee\n|-supereffective|p2b: Indeedee\n|-damage|p2b: Indeedee|52\/100\n|\n|t:|1698375269\n|switch|p1a: Toedscruel|Toedscruel, M|100\/100|[from] U-turn\n|move|p1b: Iron Leaves|Leaf Blade|p2b: Indeedee\n|-damage|p2b: Indeedee|0 fnt\n|faint|p2b: Indeedee\n|move|p2a: Slowking|Trick Room|p2a: Slowking\n|-fieldstart|move: Trick Room|[of] p2a: Slowking\n|\n|upkeep\n|inactive|6DFirapaka has 120 seconds left.\n|\n|t:|1698375288\n|switch|p2b: Cetitan|Cetitan, M|100\/100\n|turn|2\n|\n|t:|1698375313\n|-end|p1b: Iron Leaves|Quark Drive|[silent]\n|switch|p1b: Blaziken|Blaziken, M|100\/100\n|move|p1a: Toedscruel|Protect|p1a: Toedscruel\n|-singleturn|p1a: Toedscruel|Protect\n|move|p2a: Slowking|Chilly Reception|p2a: Slowking\n|-weather|Snow\n|\n|t:|1698375317\n|switch|p2a: Iron Hands|Iron Hands|100\/100|[from] Chilly Reception\n|-enditem|p2a: Iron Hands|Booster Energy\n|-activate|p2a: Iron Hands|ability: Quark Drive|[fromitem]\n|-start|p2a: Iron Hands|quarkdriveatk\n|move|p2b: Cetitan|Icicle Crash|p1a: Toedscruel\n|-activate|p1a: Toedscruel|move: Protect\n|\n|-weather|Snow|[upkeep]\n|upkeep\n|turn|3\n|inactive|LunaStardew has 120 seconds left.\n|\n|t:|1698375370\n|switch|p1a: Tapu Koko|Tapu Koko|100\/100\n|-fieldstart|move: Electric Terrain|[from] ability: Electric Surge|[of] p1a: Tapu Koko\n|detailschange|p1b: Blaziken|Blaziken-Mega, M\n|-mega|p1b: Blaziken|Blaziken|Blazikenite\n|-terastallize|p2a: Iron Hands|Ghost\n|move|p2a: Iron Hands|Tera Blast|p1a: Tapu Koko|[anim] Tera Blast Ghost\n|-damage|p1a: Tapu Koko|44\/100\n|move|p2b: Cetitan|Liquidation|p1b: Blaziken\n|-supereffective|p1b: Blaziken\n|-damage|p1b: Blaziken|0 fnt\n|faint|p1b: Blaziken\n|\n|-weather|Snow|[upkeep]\n|upkeep\n|inactive|LunaStardew has 90 seconds left.\n|\n|t:|1698375390\n|switch|p1b: Raichu|Raichu-Alola, M|100\/100\n|turn|4\n|\n|t:|1698375404\n|move|p1a: Tapu Koko|Protect|p1a: Tapu Koko\n|-singleturn|p1a: Tapu Koko|Protect\n|move|p1b: Raichu|Detect|p1b: Raichu\n|-singleturn|p1b: Raichu|Protect\n|move|p2a: Iron Hands|Tera Blast|p1b: Raichu|[anim] Tera Blast Ghost\n|-activate|p1b: Raichu|move: Protect\n|move|p2b: Cetitan|Icicle Crash|p1a: Tapu Koko\n|-activate|p1a: Tapu Koko|move: Protect\n|\n|-weather|Snow|[upkeep]\n|upkeep\n|turn|5\n|inactive|LunaStardew has 120 seconds left.\n|\n|t:|1698375427\n|move|p2a: Iron Hands|Tera Blast|p1b: Raichu|[anim] Tera Blast Ghost\n|-supereffective|p1b: Raichu\n|-enditem|p1b: Raichu|Focus Sash\n|-damage|p1b: Raichu|1\/100\n|move|p2b: Cetitan|Icicle Crash|p1a: Tapu Koko\n|-damage|p1a: Tapu Koko|0 fnt\n|faint|p1a: Tapu Koko\n|move|p1b: Raichu|Nasty Plot|p1b: Raichu\n|-boost|p1b: Raichu|spa|2\n|\n|-weather|Snow|[upkeep]\n|-fieldend|move: Trick Room\n|upkeep\n|\n|t:|1698375455\n|switch|p1a: Toedscruel|Toedscruel, M|100\/100\n|turn|6\n|\n|t:|1698375478\n|switch|p2b: Slowking|Slowking, M|100\/100\n|move|p2a: Iron Hands|Protect|p2a: Iron Hands\n|-singleturn|p2a: Iron Hands|Protect\n|move|p1a: Toedscruel|Protect|p1a: Toedscruel\n|-singleturn|p1a: Toedscruel|Protect\n|move|p1b: Raichu|Discharge|p2a: Iron Hands|[spread] p2b\n|-activate|p1a: Toedscruel|move: Protect\n|-activate|p2a: Iron Hands|move: Protect\n|-supereffective|p2b: Slowking\n|-damage|p2b: Slowking|22\/100\n|\n|-weather|none\n|upkeep\n|turn|7\n|inactive|LunaStardew has 120 seconds left.\n|\n|t:|1698375501\n|switch|p2b: Amoonguss|Amoonguss, M|100\/100\n|move|p1a: Toedscruel|Rage Powder|p1a: Toedscruel\n|-singleturn|p1a: Toedscruel|move: Rage Powder\n|move|p1b: Raichu|Discharge|p2b: Amoonguss|[spread] p2a,p2b\n|-immune|p1a: Toedscruel\n|-resisted|p2b: Amoonguss\n|-damage|p2a: Iron Hands|31\/100\n|-damage|p2b: Amoonguss|65\/100\n|-status|p2a: Iron Hands|par\n|move|p2a: Iron Hands|Tera Blast|p1a: Toedscruel|[anim] Tera Blast Ghost\n|-damage|p1a: Toedscruel|35\/100\n|\n|upkeep\n|turn|8\n|inactive|LunaStardew has 120 seconds left.\n|inactive|LunaStardew has 90 seconds left.\n|\n|t:|1698375568\n|move|p2a: Iron Hands|Protect|p2a: Iron Hands\n|-singleturn|p2a: Iron Hands|Protect\n|move|p1a: Toedscruel|Rage Powder|p1a: Toedscruel\n|-singleturn|p1a: Toedscruel|move: Rage Powder\n|move|p1b: Raichu|Expanding Force|p2a: Iron Hands\n|-activate|p2a: Iron Hands|move: Protect\n|move|p2b: Amoonguss|Clear Smog|p1b: Raichu\n|-damage|p1b: Raichu|0 fnt\n|-clearboost|p1b: Raichu\n|faint|p1b: Raichu\n|\n|upkeep\n|inactive|LunaStardew has 60 seconds left.\n|\n|t:|1698375602\n|switch|p1b: Iron Leaves|Iron Leaves|100\/100\n|-activate|p1b: Iron Leaves|ability: Quark Drive\n|-start|p1b: Iron Leaves|quarkdriveatk\n|turn|9\n|inactive|LunaStardew has 60 seconds left.\n|\n|t:|1698375636\n|move|p1a: Toedscruel|Rage Powder|p1a: Toedscruel\n|-singleturn|p1a: Toedscruel|move: Rage Powder\n|move|p1b: Iron Leaves|Psyblade|p2b: Amoonguss\n|-supereffective|p2b: Amoonguss\n|-damage|p2b: Amoonguss|0 fnt\n|faint|p2b: Amoonguss\n|move|p2a: Iron Hands|Tera Blast|p1a: Toedscruel|[anim] Tera Blast Ghost\n|-damage|p1a: Toedscruel|0 fnt\n|faint|p1a: Toedscruel\n|\n|upkeep\n|\n|t:|1698375649\n|switch|p1a: Regieleki|Regieleki|100\/100\n|switch|p2b: Slowking|Slowking, M|56\/100\n|turn|10\n|inactive|LunaStardew has 90 seconds left.\n|\n|t:|1698375690\n|switch|p2b: Iron Valiant|Iron Valiant|100\/100\n|-activate|p2b: Iron Valiant|ability: Quark Drive\n|-start|p2b: Iron Valiant|quarkdrivespa\n|move|p2a: Iron Hands|Protect|p2a: Iron Hands\n|-singleturn|p2a: Iron Hands|Protect\n|move|p1a: Regieleki|Electroweb|p2a: Iron Hands|[spread] p2b\n|-activate|p2a: Iron Hands|move: Protect\n|-damage|p2b: Iron Valiant|56\/100\n|-unboost|p2b: Iron Valiant|spe|1\n|move|p1b: Iron Leaves|Psyblade|p2a: Iron Hands\n|-activate|p2a: Iron Hands|move: Protect\n|\n|-fieldend|move: Electric Terrain\n|-end|p1b: Iron Leaves|Quark Drive\n|-end|p2b: Iron Valiant|Quark Drive\n|upkeep\n|turn|11\n|inactive|LunaStardew has 90 seconds left.\n|inactive|LunaStardew has 60 seconds left.\n|inactive|LunaStardew has 30 seconds left.\n|\n|t:|1698375761\n|move|p1a: Regieleki|Electroweb|p2a: Iron Hands|[spread] p2a,p2b\n|-damage|p2a: Iron Hands|9\/100 par\n|-damage|p2b: Iron Valiant|19\/100\n|-unboost|p2a: Iron Hands|spe|1\n|-unboost|p2b: Iron Valiant|spe|1\n|move|p1b: Iron Leaves|Psyblade|p2b: Iron Valiant\n|-supereffective|p2b: Iron Valiant\n|-damage|p2b: Iron Valiant|0 fnt\n|faint|p2b: Iron Valiant\n|-end|p2b: Iron Valiant|Quark Drive|[silent]\n|cant|p2a: Iron Hands|par\n|\n|upkeep\n|inactive|LunaStardew has 30 seconds left this turn.\n|inactive|6DFirapaka has 120 seconds left.\n|\n|t:|1698375781\n|switch|p2b: Cetitan|Cetitan, M|100\/100\n|turn|12\n|\n|t:|1698375789\n|move|p2a: Iron Hands|Protect|p2a: Iron Hands\n|-singleturn|p2a: Iron Hands|Protect\n|-zpower|p1a: Regieleki\n|move|p1a: Regieleki|Gigavolt Havoc|p2b: Cetitan|[zeffect]\n|-damage|p2b: Cetitan|15\/100\n|move|p1b: Iron Leaves|Psyblade|p2a: Iron Hands\n|-activate|p2a: Iron Hands|move: Protect\n|move|p2b: Cetitan|Icicle Crash|p1b: Iron Leaves\n|-supereffective|p1b: Iron Leaves\n|-damage|p1b: Iron Leaves|0 fnt\n|faint|p1b: Iron Leaves\n|-end|p1b: Iron Leaves|Quark Drive|[silent]\n|\n|upkeep\n|turn|13\n|inactive|6DFirapaka has 120 seconds left.\n|\n|t:|1698375841\n|-end|p2a: Iron Hands|Quark Drive|[silent]\n|switch|p2a: Slowking|Slowking, M|89\/100\n|move|p1a: Regieleki|Electroweb|p2a: Slowking|[spread] p2a,p2b\n|-supereffective|p2a: Slowking\n|-damage|p2a: Slowking|60\/100\n|-damage|p2b: Cetitan|0 fnt\n|-unboost|p2a: Slowking|spe|1\n|faint|p2b: Cetitan\n|\n|upkeep\n|\n|t:|1698375848\n|switch|p2b: Iron Hands|Iron Hands, tera:Ghost|9\/100 par\n|turn|14\n|inactive|LunaStardew has 90 seconds left.\n|\n|t:|1698375862\n|move|p2b: Iron Hands|Protect|p2b: Iron Hands\n|-singleturn|p2b: Iron Hands|Protect\n|move|p1a: Regieleki|Electroweb|p2b: Iron Hands|[spread] p2a\n|-activate|p2b: Iron Hands|move: Protect\n|-supereffective|p2a: Slowking\n|-damage|p2a: Slowking|32\/100\n|-unboost|p2a: Slowking|spe|1\n|move|p2a: Slowking|Trick Room|p2a: Slowking\n|-fieldstart|move: Trick Room|[of] p2a: Slowking\n|\n|upkeep\n|turn|15\n|\n|t:|1698375878\n|move|p2a: Slowking|Disable|p1a: Regieleki\n|-start|p1a: Regieleki|Disable|Electroweb\n|move|p2b: Iron Hands|Drain Punch|p1a: Regieleki\n|-damage|p1a: Regieleki|25\/100\n|-heal|p2b: Iron Hands|31\/100 par|[from] drain|[of] p1a: Regieleki\n|cant|p1a: Regieleki|Disable|Electroweb\n|\n|upkeep\n|turn|16\n|inactive|LunaStardew has 120 seconds left.\n|\n|t:|1698375894\n|move|p2a: Slowking|Psychic Terrain|p2a: Slowking\n|-fieldstart|move: Psychic Terrain\n|cant|p2b: Iron Hands|par\n|move|p1a: Regieleki|Rising Voltage|p2a: Slowking\n|-supereffective|p2a: Slowking\n|-damage|p2a: Slowking|0 fnt\n|faint|p2a: Slowking\n|\n|upkeep\n|turn|17\n|\n|t:|1698375905\n|move|p2b: Iron Hands|Tera Blast|p1a: Regieleki|[anim] Tera Blast Ghost\n|-damage|p1a: Regieleki|0 fnt\n|faint|p1a: Regieleki\n|\n|win|6DFirapaka\n|raw|LunaStardew's rating: 1214 &rarr; <strong>1197<\/strong><br \/>(-17 for losing)\n|raw|6DFirapaka's rating: 1324 &rarr; <strong>1338<\/strong><br \/>(+14 for winning)\n|c|\u2606LunaStardew|gg\n|c|\u26066DFirapaka|gg'\n","uploadtime":1698375914,"views":9,"p1id":"lunastardew","p2id":"6dfirapaka","formatid":"gen9nationaldexdoubles","rating":1197,"private":0,"password":""}