{"id":"gen9nationaldexdoubles-1963139927","p1":"FreakInASheet","p2":"bignutta","format":"[Gen 9] National Dex Doubles","log":"|j|\u2606FreakInASheet\n|j|\u2606bignutta\n|t:|1696832325\n|gametype|doubles\n|player|p1|FreakInASheet|medium|1126\n|player|p2|bignutta|brycenman|1010\n|teamsize|p1|6\n|teamsize|p2|6\n|gen|9\n|tier|[Gen 9] National Dex Doubles\n|rated|\n|rule|HP Percentage Mod: HP is shown in percentages\n|rule|Endless Battle Clause: Forcing endless battles is banned\n|rule|OHKO Clause: OHKO moves are banned\n|rule|Evasion Moves Clause: Evasion moves are banned\n|rule|Evasion Abilities Clause: Evasion abilities are banned\n|rule|Species Clause: Limit one of each Pok\u00e9mon\n|rule|Gravity Sleep Clause: The combination of sleep-inducing moves with imperfect accuracy and Gravity or Gigantamax Orbeetle are banned\n|clearpoke\n|poke|p1|Marowak-Alola, F|\n|poke|p1|Chandelure, M|\n|poke|p1|Blacephalon|\n|poke|p1|Skeledirge, M|\n|poke|p1|Typhlosion-Hisui, M|\n|poke|p1|Ceruledge, F|\n|poke|p2|Enamorus, F|\n|poke|p2|Grafaiai, M|\n|poke|p2|Slaking, M|\n|poke|p2|Tauros-Paldea-Blaze, M|\n|poke|p2|Clefable, F|\n|poke|p2|Slowbro-Galar, M|\n|teampreview\n|inactive|Battle timer is ON: inactive players will automatically lose when time's up. (requested by bignutta)\n|\n|t:|1696832339\n|start\n|switch|p1a: Sing K. Rool|Skeledirge, M|100\/100\n|switch|p1b: YOUR HEAD A SPLODE|Blacephalon|100\/100\n|switch|p2a: Slaking|Slaking, M|100\/100\n|switch|p2b: Grafaiai|Grafaiai, M|100\/100\n|turn|1\n|\n|t:|1696832359\n|move|p2b: Grafaiai|Doodle|p1b: YOUR HEAD A SPLODE\n|-endability|p2a: Slaking|Truant|[from] move: Doodle\n|-ability|p2a: Slaking|Beast Boost|[from] move: Doodle\n|-block|p2b: Grafaiai|item: Ability Shield\n|move|p1b: YOUR HEAD A SPLODE|Taunt|p2b: Grafaiai\n|-start|p2b: Grafaiai|move: Taunt\n|move|p2a: Slaking|Earthquake|p1b: YOUR HEAD A SPLODE|[spread] p2b,p1a,p1b\n|-supereffective|p2b: Grafaiai\n|-supereffective|p1a: Sing K. Rool\n|-supereffective|p1b: YOUR HEAD A SPLODE\n|-damage|p2b: Grafaiai|0 fnt\n|-damage|p1a: Sing K. Rool|26\/100\n|-damage|p1b: YOUR HEAD A SPLODE|0 fnt\n|faint|p2b: Grafaiai\n|faint|p1b: YOUR HEAD A SPLODE\n|-ability|p2a: Slaking|Beast Boost|boost\n|-boost|p2a: Slaking|atk|2\n|move|p1a: Sing K. Rool|Will-O-Wisp|p2a: Slaking\n|-status|p2a: Slaking|brn\n|\n|-damage|p2a: Slaking|94\/100 brn|[from] brn\n|upkeep\n|\n|t:|1696832383\n|switch|p1b: Dual Blade Main|Ceruledge, F|100\/100\n|switch|p2b: Enamorus|Enamorus, F|100\/100\n|turn|2\n|\n|t:|1696832400\n|-terastallize|p1b: Dual Blade Main|Fighting\n|move|p2b: Enamorus|Moonblast|p1a: Sing K. Rool\n|-resisted|p1a: Sing K. Rool\n|-damage|p1a: Sing K. Rool|0 fnt\n|faint|p1a: Sing K. Rool\n|move|p2a: Slaking|Earthquake|p1b: Dual Blade Main|[spread] p1b\n|-immune|p2b: Enamorus\n|-damage|p1b: Dual Blade Main|31\/100\n|move|p1b: Dual Blade Main|Tera Blast|p2a: Slaking|[anim] Tera Blast Fighting\n|-supereffective|p2a: Slaking\n|-damage|p2a: Slaking|29\/100 brn\n|\n|-damage|p2a: Slaking|22\/100 brn|[from] brn\n|upkeep\n|\n|t:|1696832416\n|switch|p1a: I Love Lamp|Chandelure, M|100\/100\n|turn|3\n|\n|t:|1696832432\n|move|p1a: I Love Lamp|Heat Wave|p2a: Slaking|[spread] p2a,p2b\n|-damage|p2a: Slaking|0 fnt\n|-damage|p2b: Enamorus|61\/100\n|-status|p2b: Enamorus|brn\n|faint|p2a: Slaking\n|move|p2b: Enamorus|Moonblast|p1b: Dual Blade Main\n|-supereffective|p1b: Dual Blade Main\n|-damage|p1b: Dual Blade Main|0 fnt\n|faint|p1b: Dual Blade Main\n|\n|-damage|p2b: Enamorus|54\/100 brn|[from] brn\n|upkeep\n|\n|t:|1696832461\n|switch|p2a: Tauros|Tauros-Paldea-Blaze, M|100\/100\n|switch|p1b: Diephlosion|Typhlosion-Hisui, M|100\/100\n|-ability|p2a: Tauros|Intimidate|boost\n|-unboost|p1a: I Love Lamp|atk|1\n|-unboost|p1b: Diephlosion|atk|1\n|turn|4\n|\n|t:|1696832479\n|move|p1a: I Love Lamp|Heat Wave|p2b: Enamorus|[spread] p2a,p2b\n|-resisted|p2a: Tauros\n|-damage|p2a: Tauros|78\/100\n|-damage|p2b: Enamorus|9\/100 brn\n|move|p2b: Enamorus|Draining Kiss|p1a: I Love Lamp\n|-resisted|p1a: I Love Lamp\n|-damage|p1a: I Love Lamp|83\/100\n|-heal|p2b: Enamorus|21\/100 brn|[from] drain|[of] p1a: I Love Lamp\n|move|p2a: Tauros|Outrage|p1a: I Love Lamp\n|-damage|p1a: I Love Lamp|28\/100\n|move|p1b: Diephlosion|Wild Charge|p2b: Enamorus\n|-supereffective|p2b: Enamorus\n|-crit|p2b: Enamorus\n|-damage|p2b: Enamorus|0 fnt\n|faint|p2b: Enamorus\n|-damage|p1b: Diephlosion|95\/100|[from] Recoil\n|\n|upkeep\n|\n|t:|1696832497\n|switch|p2b: Clefable|Clefable, F|100\/100\n|turn|5\n|\n|t:|1696832510\n|move|p2b: Clefable|Follow Me|p2b: Clefable\n|-singleturn|p2b: Clefable|move: Follow Me\n|move|p1a: I Love Lamp|Heat Wave|p2a: Tauros|[spread] p2a,p2b\n|-resisted|p2a: Tauros\n|-damage|p2a: Tauros|57\/100\n|-damage|p2b: Clefable|71\/100\n|move|p2a: Tauros|Outrage|p1a: I Love Lamp|[from]lockedmove\n|-damage|p1a: I Love Lamp|0 fnt\n|faint|p1a: I Love Lamp\n|move|p1b: Diephlosion|Infernal Parade|p2b: Clefable\n|-damage|p2b: Clefable|52\/100\n|-status|p2b: Clefable|brn\n|\n|-damage|p2b: Clefable|46\/100 brn|[from] brn\n|upkeep\n|\n|t:|1696832526\n|switch|p1a: Skele (Not Dirge)|Marowak-Alola, F|100\/100\n|turn|6\n|\n|t:|1696832538\n|move|p2b: Clefable|Follow Me|p2b: Clefable\n|-singleturn|p2b: Clefable|move: Follow Me\n|move|p2a: Tauros|Outrage|p1b: Diephlosion|[from]lockedmove\n|-damage|p1b: Diephlosion|31\/100\n|-start|p2a: Tauros|confusion|[fatigue]\n|move|p1b: Diephlosion|Infernal Parade|p2b: Clefable\n|-damage|p2b: Clefable|4\/100 brn\n|move|p1a: Skele (Not Dirge)|Bonemerang|p2b: Clefable\n|-damage|p2b: Clefable|0 fnt\n|faint|p2b: Clefable\n|-hitcount|p2: Clefable|1\n|\n|upkeep\n|\n|t:|1696832552\n|switch|p2b: Slowbro|Slowbro-Galar, M|100\/100\n|turn|7\n|-activate|p2b: Slowbro|ability: Quick Draw\n|\n|t:|1696832569\n|-terastallize|p2b: Slowbro|Fighting\n|move|p2b: Slowbro|Zen Headbutt|p1a: Skele (Not Dirge)\n|-damage|p1a: Skele (Not Dirge)|56\/100\n|-activate|p2a: Tauros|confusion\n|move|p2a: Tauros|Outrage|p1a: Skele (Not Dirge)\n|-damage|p1a: Skele (Not Dirge)|10\/100\n|move|p1b: Diephlosion|Heat Wave|p2b: Slowbro|[spread] p2a,p2b\n|-resisted|p2a: Tauros\n|-damage|p2a: Tauros|30\/100\n|-damage|p2b: Slowbro|36\/100\n|move|p1a: Skele (Not Dirge)|Bonemerang|p2b: Slowbro\n|-damage|p2b: Slowbro|11\/100\n|-enditem|p2b: Slowbro|Aguav Berry|[eat]\n|-heal|p2b: Slowbro|44\/100|[from] item: Aguav Berry\n|-damage|p2b: Slowbro|21\/100\n|-hitcount|p2b: Slowbro|2\n|\n|upkeep\n|turn|8\n|\n|t:|1696832597\n|-end|p2a: Tauros|confusion\n|move|p2a: Tauros|Outrage|p1b: Diephlosion|[from]lockedmove\n|-damage|p1b: Diephlosion|0 fnt\n|faint|p1b: Diephlosion\n|-start|p2a: Tauros|confusion|[fatigue]\n|move|p1a: Skele (Not Dirge)|Shadow Bone|p2a: Tauros\n|-damage|p2a: Tauros|0 fnt\n|faint|p2a: Tauros\n|move|p2b: Slowbro|Zen Headbutt|p1a: Skele (Not Dirge)\n|-damage|p1a: Skele (Not Dirge)|0 fnt\n|faint|p1a: Skele (Not Dirge)\n|\n|win|bignutta\n|raw|FreakInASheet's rating: 1126 &rarr; <strong>1093<\/strong><br \/>(-33 for losing)\n|raw|bignutta's rating: 1010 &rarr; <strong>1061<\/strong><br \/>(+51 for winning)\n|c|\u2606FreakInASheet|gg\n|c|\u2606bignutta|Gg\n|l|\u2606FreakInASheet\n|l|\u2606bignutta\n|j|\u2606bignutta\n|player|p2|bignutta|brycenman\n","uploadtime":1696832647,"views":9,"p1id":"freakinasheet","p2id":"bignutta","formatid":"gen9nationaldexdoubles","rating":1061,"private":0,"password":""}