{"id":"gen9nationaldexdoubles-1995970319","p1":"AzulRadical","p2":"Lewoise","format":"[Gen 9] National Dex Doubles","log":"|j|\u2606AzulRadical\n|j|\u2606Lewoise\n|t:|1700623533\n|gametype|doubles\n|player|p1|AzulRadical|hugh|1274\n|player|p2|Lewoise|acerola-masters|1139\n|teamsize|p1|6\n|teamsize|p2|6\n|gen|9\n|tier|[Gen 9] National Dex Doubles\n|rated|\n|rule|HP Percentage Mod: HP is shown in percentages\n|rule|Endless Battle Clause: Forcing endless battles is banned\n|rule|OHKO Clause: OHKO moves are banned\n|rule|Evasion Moves Clause: Evasion moves are banned\n|rule|Evasion Abilities Clause: Evasion abilities are banned\n|rule|Species Clause: Limit one of each Pok\u00e9mon\n|rule|Gravity Sleep Clause: The combination of sleep-inducing moves with imperfect accuracy and Gravity or Gigantamax Orbeetle are banned\n|clearpoke\n|poke|p1|Ting-Lu|\n|poke|p1|Incineroar, M|\n|poke|p1|Manectric, M|\n|poke|p1|Zapdos-Galar|\n|poke|p1|Inteleon, M|\n|poke|p1|Clefable, F|\n|poke|p2|Mew|\n|poke|p2|Meloetta|\n|poke|p2|Steelix, F|\n|poke|p2|Jirachi|\n|poke|p2|Rapidash-Galar, F|\n|poke|p2|Corviknight, F|\n|teampreview\n|j| wkx6v587\n|\n|t:|1700623549\n|start\n|switch|p1a: Incineroar|Incineroar, M|100\/100\n|switch|p1b: Ting-Lu|Ting-Lu|100\/100\n|switch|p2a: Meloetta|Meloetta|100\/100\n|switch|p2b: Corviknight|Corviknight, F, shiny|100\/100\n|-ability|p1a: Incineroar|Intimidate|boost\n|-unboost|p2a: Meloetta|atk|1\n|-ability|p2b: Corviknight|Mirror Armor\n|-unboost|p1a: Incineroar|atk|1\n|-ability|p1b: Ting-Lu|Vessel of Ruin\n|turn|1\n|inactive|Battle timer is ON: inactive players will automatically lose when time's up. (requested by AzulRadical)\n|\n|t:|1700623575\n|switch|p2b: Mew|Mew, shiny|100\/100\n|move|p1a: Incineroar|Fake Out|p2b: Mew\n|-damage|p2b: Mew|91\/100\n|move|p2a: Meloetta|U-turn|p1a: Incineroar\n|-damage|p1a: Incineroar|91\/100\n|l| wkx6v587\n|\n|t:|1700623584\n|switch|p2a: Corviknight|Corviknight, F, shiny|100\/100|[from] U-turn\n|move|p1b: Ting-Lu|Throat Chop|p2a: Corviknight\n|-damage|p2a: Corviknight|81\/100\n|-start|p2a: Corviknight|Throat Chop|[silent]\n|\n|upkeep\n|turn|2\n|\n|t:|1700623600\n|move|p2b: Mew|Transform|p1b: Ting-Lu\n|-transform|p2b: Mew|p1b: Ting-Lu\n|-ability|p2b: Mew|Vessel of Ruin\n|move|p2a: Corviknight|Iron Defense|p2a: Corviknight\n|-boost|p2a: Corviknight|def|2\n|move|p1a: Incineroar|U-turn|p2b: Mew\n|-supereffective|p2b: Mew\n|-damage|p2b: Mew|62\/100\n|\n|t:|1700623615\n|switch|p1a: Zapdos|Zapdos-Galar|100\/100|[from] U-turn\n|move|p1b: Ting-Lu|Throat Chop|p2b: Mew\n|-resisted|p2b: Mew\n|-damage|p2b: Mew|50\/100\n|-start|p2b: Mew|Throat Chop|[silent]\n|\n|-end|p2a: Corviknight|Throat Chop|[silent]\n|upkeep\n|turn|3\n|\n|t:|1700623632\n|move|p1a: Zapdos|Thunderous Kick|p2b: Mew\n|-supereffective|p2b: Mew\n|-damage|p2b: Mew|0 fnt\n|faint|p2b: Mew\n|move|p2a: Corviknight|Iron Defense|p2a: Corviknight\n|-boost|p2a: Corviknight|def|2\n|move|p1b: Ting-Lu|Ruination|p2a: Corviknight\n|-damage|p2a: Corviknight|41\/100\n|-enditem|p2a: Corviknight|Sitrus Berry|[eat]\n|-heal|p2a: Corviknight|66\/100|[from] item: Sitrus Berry\n|\n|upkeep\n|\n|t:|1700623643\n|switch|p2b: Steelix|Steelix, F, shiny|100\/100\n|turn|4\n|\n|t:|1700623654\n|detailschange|p2b: Steelix|Steelix-Mega, F, shiny\n|-mega|p2b: Steelix|Steelix|Steelixite\n|move|p1a: Zapdos|Bulk Up|p1a: Zapdos\n|-boost|p1a: Zapdos|atk|1\n|-boost|p1a: Zapdos|def|1\n|move|p2a: Corviknight|Body Press|p1b: Ting-Lu\n|-supereffective|p1b: Ting-Lu\n|-damage|p1b: Ting-Lu|24\/100\n|move|p1b: Ting-Lu|Ruination|p2a: Corviknight\n|-damage|p2a: Corviknight|33\/100\n|move|p2b: Steelix|Gyro Ball|p1a: Zapdos\n|-damage|p1a: Zapdos|64\/100\n|\n|upkeep\n|turn|5\n|\n|t:|1700623682\n|move|p1a: Zapdos|Thunderous Kick|p2a: Corviknight\n|-damage|p2a: Corviknight|17\/100\n|-ability|p2a: Corviknight|Mirror Armor\n|-unboost|p1a: Zapdos|def|1\n|-ability|p1a: Zapdos|Defiant|boost\n|-boost|p1a: Zapdos|atk|2\n|move|p2a: Corviknight|Body Press|p1b: Ting-Lu\n|-supereffective|p1b: Ting-Lu\n|-damage|p1b: Ting-Lu|0 fnt\n|faint|p1b: Ting-Lu\n|move|p2b: Steelix|Gyro Ball|p1a: Zapdos\n|-damage|p1a: Zapdos|11\/100\n|\n|upkeep\n|inactive|AzulRadical has 120 seconds left.\n|\n|t:|1700623701\n|switch|p1b: Incineroar|Incineroar, M|91\/100\n|-ability|p1b: Incineroar|Intimidate|boost\n|-ability|p2a: Corviknight|Mirror Armor\n|-unboost|p1b: Incineroar|atk|1\n|-unboost|p2b: Steelix|atk|1\n|turn|6\n|\n|t:|1700623715\n|move|p1b: Incineroar|Fake Out|p2a: Corviknight\n|-resisted|p2a: Corviknight\n|-damage|p2a: Corviknight|16\/100\n|move|p1a: Zapdos|Thunderous Kick|p2b: Steelix\n|-supereffective|p2b: Steelix\n|-damage|p2b: Steelix|0 fnt\n|faint|p2b: Steelix\n|cant|p2a: Corviknight|flinch\n|\n|upkeep\n|\n|t:|1700623727\n|switch|p2b: Rapidash|Rapidash-Galar, F|100\/100\n|turn|7\n|\n|t:|1700623737\n|move|p1a: Zapdos|Thunderous Kick|p2a: Corviknight\n|-damage|p2a: Corviknight|0 fnt\n|faint|p2a: Corviknight\n|move|p2b: Rapidash|Heal Pulse|p2: Corviknight|[notarget]\n|-fail|p2b: Rapidash\n|move|p1b: Incineroar|Flare Blitz|p2b: Rapidash\n|-damage|p2b: Rapidash|53\/100\n|-damage|p1b: Incineroar|78\/100|[from] Recoil\n|\n|upkeep\n|\n|t:|1700623747\n|switch|p2a: Jirachi|Jirachi|100\/100\n|turn|8\n|\n|t:|1700623767\n|move|p2a: Jirachi|Ally Switch|p2a: Jirachi\n|swap|p2a: Jirachi|1|[from] move: Ally Switch\n|move|p1a: Zapdos|Steel Wing|p2b: Jirachi\n|-resisted|p2b: Jirachi\n|-damage|p2b: Jirachi|72\/100\n|move|p2a: Rapidash|Psycho Cut|p1a: Zapdos\n|-supereffective|p1a: Zapdos\n|-damage|p1a: Zapdos|0 fnt\n|faint|p1a: Zapdos\n|move|p1b: Incineroar|U-turn|p2b: Jirachi\n|-damage|p2b: Jirachi|57\/100\n|inactive|AzulRadical has 120 seconds left.\n|\n|t:|1700623807\n|switch|p1b: Inteleon|Inteleon, M|100\/100|[from] U-turn\n|\n|-heal|p2b: Jirachi|63\/100|[from] item: Leftovers\n|upkeep\n|\n|t:|1700623814\n|switch|p1a: Incineroar|Incineroar, M|78\/100\n|-ability|p1a: Incineroar|Intimidate|boost\n|-unboost|p2a: Rapidash|atk|1\n|-unboost|p2b: Jirachi|atk|1\n|turn|9\n|inactive|AzulRadical has 120 seconds left.\n|\n|t:|1700623827\n|switch|p2a: Meloetta|Meloetta|100\/100\n|-terastallize|p1b: Inteleon|Water\n|move|p2b: Jirachi|Protect|p2b: Jirachi\n|-singleturn|p2b: Jirachi|Protect\n|move|p1a: Incineroar|Fake Out|p2b: Jirachi\n|-activate|p2b: Jirachi|move: Protect\n|move|p1b: Inteleon|Muddy Water|p2a: Meloetta|[spread] p2a\n|-activate|p2b: Jirachi|move: Protect\n|-damage|p2a: Meloetta|74\/100\n|\n|-heal|p2b: Jirachi|69\/100|[from] item: Leftovers\n|upkeep\n|turn|10\n|\n|t:|1700623845\n|move|p2b: Jirachi|Follow Me|p2b: Jirachi\n|-singleturn|p2b: Jirachi|move: Follow Me\n|move|p1b: Inteleon|Muddy Water|p2b: Jirachi|[spread] p2a,p2b\n|-damage|p2a: Meloetta|48\/100\n|-damage|p2b: Jirachi|39\/100\n|move|p2a: Meloetta|Relic Song|p1a: Incineroar|[spread] p1a,p1b\n|-damage|p1a: Incineroar|61\/100\n|-damage|p1b: Inteleon|52\/100\n|-status|p1b: Inteleon|slp|[from] move: Relic Song\n|-formechange|p2a: Meloetta|Meloetta-Pirouette|[msg]\n|move|p1a: Incineroar|Knock Off|p2b: Jirachi\n|-supereffective|p2b: Jirachi\n|-damage|p2b: Jirachi|0 fnt\n|-enditem|p2b: Jirachi|Leftovers|[from] move: Knock Off|[of] p1a: Incineroar\n|faint|p2b: Jirachi\n|\n|upkeep\n|\n|t:|1700623859\n|switch|p2b: Rapidash|Rapidash-Galar, F|53\/100\n|turn|11\n|\n|t:|1700623871\n|move|p2a: Meloetta|Close Combat|p1a: Incineroar\n|-supereffective|p1a: Incineroar\n|-damage|p1a: Incineroar|0 fnt\n|-unboost|p2a: Meloetta|def|1\n|-unboost|p2a: Meloetta|spd|1\n|faint|p1a: Incineroar\n|cant|p1b: Inteleon|slp\n|move|p2b: Rapidash|Heal Pulse|p2a: Meloetta\n|-heal|p2a: Meloetta|98\/100\n|\n|upkeep\n|\n|t:|1700623875\n|switch|p1a: Manectric|Manectric, M|100\/100\n|turn|12\n|\n|t:|1700623893\n|detailschange|p1a: Manectric|Manectric-Mega, M\n|-mega|p1a: Manectric|Manectric|Manectite\n|-ability|p1a: Manectric|Intimidate|boost\n|-unboost|p2a: Meloetta|atk|1\n|-unboost|p2b: Rapidash|atk|1\n|move|p2a: Meloetta|Close Combat|p1b: Inteleon\n|-damage|p1b: Inteleon|0 fnt\n|-unboost|p2a: Meloetta|def|1\n|-unboost|p2a: Meloetta|spd|1\n|faint|p1b: Inteleon\n|move|p1a: Manectric|Thunder Wave|p2a: Meloetta\n|-status|p2a: Meloetta|par\n|move|p2b: Rapidash|Drill Run|p1a: Manectric\n|-supereffective|p1a: Manectric\n|-crit|p1a: Manectric\n|-damage|p1a: Manectric|15\/100\n|\n|upkeep\n|\n|t:|1700623907\n|switch|p1b: Clefable|Clefable, F, shiny|100\/100\n|turn|13\n|\n|t:|1700623917\n|move|p1b: Clefable|Follow Me|p1b: Clefable\n|-singleturn|p1b: Clefable|move: Follow Me\n|move|p1a: Manectric|Discharge|p2a: Meloetta|[spread] p1b,p2a,p2b\n|-crit|p2b: Rapidash\n|-damage|p1b: Clefable|77\/100\n|-damage|p2a: Meloetta|34\/100 par\n|-damage|p2b: Rapidash|1\/100\n|-status|p1b: Clefable|par\n|-enditem|p2b: Rapidash|Apicot Berry|[eat]\n|-boost|p2b: Rapidash|spd|1|[from] item: Apicot Berry\n|move|p2b: Rapidash|Drill Run|p1b: Clefable\n|-damage|p1b: Clefable|57\/100 par\n|move|p2a: Meloetta|Close Combat|p1b: Clefable\n|-resisted|p1b: Clefable\n|-damage|p1b: Clefable|25\/100 par\n|-unboost|p2a: Meloetta|def|1\n|-unboost|p2a: Meloetta|spd|1\n|\n|-heal|p1b: Clefable|31\/100 par|[from] item: Leftovers\n|upkeep\n|turn|14\n|\n|t:|1700623939\n|move|p1b: Clefable|Follow Me|p1b: Clefable\n|-singleturn|p1b: Clefable|move: Follow Me\n|move|p1a: Manectric|Discharge|p2a: Meloetta|[spread] p1b,p2a,p2b\n|-crit|p2b: Rapidash\n|-damage|p1b: Clefable|7\/100 par\n|-damage|p2a: Meloetta|0 fnt\n|-damage|p2b: Rapidash|0 fnt\n|faint|p2a: Meloetta\n|faint|p2b: Rapidash\n|\n|win|AzulRadical\n|raw|AzulRadical's rating: 1274 &rarr; <strong>1290<\/strong><br \/>(+16 for winning)\n|raw|Lewoise's rating: 1139 &rarr; <strong>1123<\/strong><br \/>(-16 for losing)\n|l|\u2606AzulRadical\n","uploadtime":1700623956,"views":0,"p1id":"azulradical","p2id":"lewoise","formatid":"gen9nationaldexdoubles","rating":1123,"private":0,"password":""}