{"id":"gen9nationaldexdoubles-1956314968","p1":"ZingyWolf","p2":"H0llow Blade","format":"[Gen 9] National Dex Doubles","log":"|j|\u2606ZingyWolf\n|j|\u2606H0llow Blade\n|t:|1696095885\n|gametype|doubles\n|player|p1|ZingyWolf|nate|\n|player|p2|H0llow Blade|richboy|\n|teamsize|p1|6\n|teamsize|p2|6\n|gen|9\n|tier|[Gen 9] National Dex Doubles\n|rule|HP Percentage Mod: HP is shown in percentages\n|rule|Endless Battle Clause: Forcing endless battles is banned\n|rule|OHKO Clause: OHKO moves are banned\n|rule|Evasion Moves Clause: Evasion moves are banned\n|rule|Evasion Abilities Clause: Evasion abilities are banned\n|rule|Species Clause: Limit one of each Pok\u00e9mon\n|rule|Gravity Sleep Clause: The combination of sleep-inducing moves with imperfect accuracy and Gravity or Gigantamax Orbeetle are banned\n|clearpoke\n|poke|p1|Cinccino, M|\n|poke|p1|Delcatty, F|\n|poke|p1|Lopunny, M|\n|poke|p1|Meowscarada, F|\n|poke|p1|Zoroark-Hisui, M|\n|poke|p1|Weavile, M|\n|poke|p2|Lucario, M|\n|poke|p2|Gengar, F|\n|poke|p2|Chandelure, F|\n|poke|p2|Rotom-Wash|\n|poke|p2|Golem-Alola, M|\n|poke|p2|Morpeko, M|\n|teampreview\n|c|\u2606H0llow Blade|hello\n|\n|t:|1696095922\n|start\n|switch|p1a: Weavile|Weavile, M, shiny|100\/100\n|switch|p1b: Honey|Lopunny, M|100\/100\n|switch|p2a: Zap|Rotom-Wash|100\/100\n|switch|p2b: Mavric|Golem-Alola, M|100\/100\n|-ability|p1a: Weavile|Pressure\n|turn|1\n|\n|t:|1696095947\n|switch|p1b: Coriander|Meowscarada, F|100\/100\n|move|p2a: Zap|Protect|p2a: Zap\n|-singleturn|p2a: Zap|Protect\n|move|p1a: Weavile|Brick Break|p2b: Mavric\n|-supereffective|p2b: Mavric\n|-damage|p2b: Mavric|58\/100\n|move|p2b: Mavric|Rock Polish|p2b: Mavric\n|-boost|p2b: Mavric|spe|2\n|\n|upkeep\n|turn|2\n|\n|t:|1696095983\n|switch|p1a: Cappuccino|Cinccino, M|100\/100\n|move|p1b: Coriander|Flower Trick|p2b: Mavric\n|-supereffective|p2b: Mavric\n|-crit|p2b: Mavric\n|-damage|p2b: Mavric|0 fnt\n|faint|p2b: Mavric\n|move|p2a: Zap|Hydro Pump|p1a: Cappuccino\n|-damage|p1a: Cappuccino|32\/100\n|\n|upkeep\n|\n|t:|1696095994\n|switch|p2b: Osun|Gengar, F|100\/100\n|turn|3\n|\n|t:|1696096007\n|move|p1b: Coriander|Knock Off|p2b: Osun\n|-supereffective|p2b: Osun\n|-damage|p2b: Osun|0 fnt\n|-start|p1b: Coriander|Disable|Knock Off|[from] ability: Cursed Body|[of] p2b: Osun\n|-enditem|p2b: Osun|Spell Tag|[from] move: Knock Off|[of] p1b: Coriander\n|faint|p2b: Osun\n|move|p1a: Cappuccino|Bullet Seed|p2a: Zap\n|-supereffective|p2a: Zap\n|-damage|p2a: Zap|82\/100\n|-supereffective|p2a: Zap\n|-damage|p2a: Zap|65\/100\n|-supereffective|p2a: Zap\n|-crit|p2a: Zap\n|-damage|p2a: Zap|41\/100\n|-supereffective|p2a: Zap\n|-damage|p2a: Zap|24\/100\n|-supereffective|p2a: Zap\n|-damage|p2a: Zap|6\/100\n|-hitcount|p2a: Zap|5\n|move|p2a: Zap|Volt Switch|p1b: Coriander\n|-resisted|p1b: Coriander\n|-damage|p1b: Coriander|82\/100\n|\n|t:|1696096025\n|switch|p2a: The hunger|Morpeko, M|100\/100|[from] Volt Switch\n|\n|-formechange|p2a: The hunger|Morpeko-Hangry||[from] ability: Hunger Switch\n|upkeep\n|\n|t:|1696096032\n|switch|p2b: Sin(66)|Chandelure, F|100\/100\n|turn|4\n|\n|t:|1696096052\n|switch|p1a: Honey|Lopunny, M|100\/100\n|move|p1b: Coriander|Sucker Punch||[still]\n|-fail|p1b: Coriander\n|move|p2a: The hunger|Aura Wheel|p1a: Honey\n|-supereffective|p1a: Honey\n|-enditem|p1a: Honey|Focus Sash\n|-damage|p1a: Honey|1\/100\n|-boost|p2a: The hunger|spe|1\n|replace|p1a: Ri|Zoroark-Hisui, M, shiny\n|-end|p1a: Ri|Illusion\n|move|p2b: Sin(66)|Will-O-Wisp|p1b: Coriander\n|-status|p1b: Coriander|brn\n|\n|-damage|p1b: Coriander|76\/100 brn|[from] brn\n|-formechange|p2a: The hunger|Morpeko||[from] ability: Hunger Switch\n|upkeep\n|turn|5\n|\n|t:|1696096078\n|move|p2a: The hunger|Quick Attack|p1b: Coriander\n|-damage|p1b: Coriander|58\/100 brn\n|move|p1b: Coriander|Flower Trick|p2a: The hunger\n|-crit|p2a: The hunger\n|-damage|p2a: The hunger|48\/100\n|move|p1a: Ri|Shadow Ball|p2b: Sin(66)\n|-supereffective|p2b: Sin(66)\n|-damage|p2b: Sin(66)|5\/100\n|-unboost|p2b: Sin(66)|spd|1\n|move|p2b: Sin(66)|Night Shade|p1a: Ri\n|-immune|p1a: Ri\n|\n|-damage|p1b: Coriander|52\/100 brn|[from] brn\n|-formechange|p2a: The hunger|Morpeko-Hangry||[from] ability: Hunger Switch\n|upkeep\n|turn|6\n|\n|t:|1696096104\n|move|p2a: The hunger|Aura Wheel|p1a: Ri\n|-supereffective|p1a: Ri\n|-crit|p1a: Ri\n|-damage|p1a: Ri|0 fnt\n|-boost|p2a: The hunger|spe|1\n|faint|p1a: Ri\n|move|p1b: Coriander|Flower Trick|p2a: The hunger\n|-crit|p2a: The hunger\n|-damage|p2a: The hunger|1\/100\n|move|p2b: Sin(66)|Night Shade|p1b: Coriander\n|-damage|p1b: Coriander|18\/100 brn\n|\n|-damage|p1b: Coriander|11\/100 brn|[from] brn\n|-end|p1b: Coriander|Disable\n|-formechange|p2a: The hunger|Morpeko||[from] ability: Hunger Switch\n|upkeep\n|\n|t:|1696096122\n|switch|p1a: Weavile|Weavile, M, shiny|100\/100\n|-ability|p1a: Weavile|Pressure\n|turn|7\n|\n|t:|1696096143\n|move|p2a: The hunger|Quick Attack|p1a: Weavile\n|-damage|p1a: Weavile|82\/100\n|move|p1a: Weavile|Brick Break|p2a: The hunger\n|-supereffective|p2a: The hunger\n|-damage|p2a: The hunger|0 fnt\n|faint|p2a: The hunger\n|move|p1b: Coriander|Knock Off|p2b: Sin(66)\n|-supereffective|p2b: Sin(66)\n|-damage|p2b: Sin(66)|0 fnt\n|-enditem|p2b: Sin(66)|Heavy-Duty Boots|[from] move: Knock Off|[of] p1b: Coriander\n|faint|p2b: Sin(66)\n|\n|-damage|p1b: Coriander|5\/100 brn|[from] brn\n|upkeep\n|\n|t:|1696096156\n|switch|p2a: Zap|Rotom-Wash|6\/100\n|switch|p2b: Arc|Lucario, M|100\/100\n|turn|8\n|\n|t:|1696096177\n|move|p2b: Arc|Quick Attack|p1b: Coriander\n|-damage|p1b: Coriander|0 fnt\n|faint|p1b: Coriander\n|move|p1a: Weavile|Brick Break|p2b: Arc\n|-supereffective|p2b: Arc\n|-damage|p2b: Arc|13\/100\n|move|p2a: Zap|Thunder Wave|p1a: Weavile\n|-status|p1a: Weavile|par\n|\n|-heal|p2a: Zap|12\/100|[from] item: Leftovers\n|upkeep\n|\n|t:|1696096190\n|switch|p1b: Cattail|Delcatty, F|100\/100\n|turn|9\n|\n|t:|1696096210\n|move|p2b: Arc|Aura Sphere|p1a: Weavile\n|-supereffective|p1a: Weavile\n|-damage|p1a: Weavile|0 fnt\n|faint|p1a: Weavile\n|move|p1b: Cattail|Iron Tail|p2a: Zap\n|-resisted|p2a: Zap\n|-damage|p2a: Zap|9\/100\n|move|p2a: Zap|Hydro Pump|p1b: Cattail\n|-damage|p1b: Cattail|37\/100\n|\n|-heal|p1b: Cattail|43\/100|[from] item: Leftovers\n|-heal|p2a: Zap|15\/100|[from] item: Leftovers\n|upkeep\n|\n|t:|1696096225\n|switch|p1a: Honey|Lopunny, M|100\/100\n|turn|10\n|\n|t:|1696096251\n|move|p1a: Honey|Fake Out|p2b: Arc\n|-resisted|p2b: Arc\n|-damage|p2b: Arc|0 fnt\n|faint|p2b: Arc\n|move|p1b: Cattail|Sing|p2a: Zap\n|-status|p2a: Zap|slp|[from] move: Sing\n|cant|p2a: Zap|slp\n|\n|-heal|p1b: Cattail|49\/100|[from] item: Leftovers\n|-heal|p2a: Zap|22\/100 slp|[from] item: Leftovers\n|upkeep\n|turn|11\n|\n|t:|1696096268\n|detailschange|p1a: Honey|Lopunny-Mega, M\n|-mega|p1a: Honey|Lopunny|Lopunnite\n|cant|p2a: Zap|slp\n|move|p1a: Honey|Return|p2a: Zap\n|-damage|p2a: Zap|0 fnt\n|faint|p2a: Zap\n|\n|win|ZingyWolf\n|c|\u2606H0llow Blade|GG\n|c|\u2606ZingyWolf|GG\n|c|\u2606ZingyWolf|solid work man\n|c|\u2606H0llow Blade|First time battling like this\n|c|\u2606ZingyWolf|you forgot zoroark was immune to ghost types that one  turn right?\n|c|\u2606ZingyWolf|for your first time on showdown you did alright\n|c|\u2606H0llow Blade|Yep I forgot it was normal too.\n|c|\u2606ZingyWolf|lol\n|c|\u2606H0llow Blade|I am going to work on Galaxy's team and making it a bit more useful\n|c|\u2606ZingyWolf|fair nuff!\n|c|\u2606ZingyWolf|what was that move the morpeko was using? the aura one?\n|c|\u2606H0llow Blade|this was mainly a way to introduce Osun for a story line anyways. Aura wheel is morpekos main move. it changes types with them.\n|c|\u2606ZingyWolf|cool!\n|c|\u2606ZingyWolf|so thats why i was hit by it\n|c|\u2606ZingyWolf|Did you know it was the zoroark or were you just trying out moves?\n|c|\u2606H0llow Blade|it goes electric-dark. it's Hungers main attack move\n|c|\u2606H0llow Blade|I was trying to set up for baton pass.\n|c|\u2606ZingyWolf|scared me with super effecteve damage lol\n|c|\u2606ZingyWolf|I was worried you were about to get the run back with the reverse 4-0\n|c|\u2606H0llow Blade|that band was useful. Arc and Zap almost started to get that reverse sweep started\n|c|\u2606H0llow Blade|I should have mega Arc\n","uploadtime":1696096340,"views":58,"p1id":"zingywolf","p2id":"h0llowblade","formatid":"gen9nationaldexdoubles","rating":0,"private":0,"password":""}