{"id":"gen9nationaldexdoubles-1999637307","p1":"lxvliiz","p2":"Birdie-BBY","format":"[Gen 9] National Dex Doubles","log":"|j|\u2606lxvliiz\n|j|\u2606Birdie-BBY\n|t:|1701103408\n|gametype|doubles\n|player|p1|lxvliiz|firebreather|1081\n|player|p2|Birdie-BBY|veteranf|1072\n|teamsize|p1|6\n|teamsize|p2|6\n|gen|9\n|tier|[Gen 9] National Dex Doubles\n|rated|\n|rule|HP Percentage Mod: HP is shown in percentages\n|rule|Endless Battle Clause: Forcing endless battles is banned\n|rule|OHKO Clause: OHKO moves are banned\n|rule|Evasion Moves Clause: Evasion moves are banned\n|rule|Evasion Abilities Clause: Evasion abilities are banned\n|rule|Species Clause: Limit one of each Pok\u00e9mon\n|rule|Gravity Sleep Clause: The combination of sleep-inducing moves with imperfect accuracy and Gravity or Gigantamax Orbeetle are banned\n|clearpoke\n|poke|p1|Tyranitar, F|\n|poke|p1|Dracovish|\n|poke|p1|Excadrill, F|\n|poke|p1|Skarmory, F|\n|poke|p1|Diancie|\n|poke|p1|Hippowdon, F|\n|poke|p2|Yanmega, M|\n|poke|p2|Metagross|\n|poke|p2|Alomomola, F|\n|poke|p2|Combusken, M|\n|poke|p2|Meowstic, M|\n|poke|p2|Victini|\n|teampreview\n|c|\u2606lxvliiz|hi\n|\n|t:|1701103432\n|start\n|switch|p1a: Hippowdon|Hippowdon, F|100\/100\n|switch|p1b: Dracovish|Dracovish|100\/100\n|switch|p2a: Yanmega|Yanmega, M|100\/100\n|switch|p2b: Metagross|Metagross|100\/100\n|-weather|Sandstorm|[from] ability: Sand Stream|[of] p1a: Hippowdon\n|turn|1\n|\n|t:|1701103452\n|detailschange|p2b: Metagross|Metagross-Mega\n|-mega|p2b: Metagross|Metagross|Metagrossite\n|-terastallize|p1b: Dracovish|Water\n|move|p1b: Dracovish|Fishious Rend|p2b: Metagross\n|-damage|p2b: Metagross|0 fnt\n|faint|p2b: Metagross\n|move|p2a: Yanmega|Hyper Beam|p1b: Dracovish\n|-damage|p1b: Dracovish|38\/100\n|-mustrecharge|p2a: Yanmega\n|move|p1a: Hippowdon|Substitute|p1a: Hippowdon\n|-start|p1a: Hippowdon|Substitute\n|-damage|p1a: Hippowdon|76\/100\n|\n|-weather|Sandstorm|[upkeep]\n|-damage|p2a: Yanmega|94\/100|[from] Sandstorm\n|-heal|p1a: Hippowdon|82\/100|[from] item: Leftovers\n|upkeep\n|c|\u2606Birdie-BBY|Lmao how'd you'd out spd bullet Punch?\n|c|\u2606lxvliiz|did i?\n|\n|t:|1701103503\n|switch|p2b: Meowstic|Meowstic, M|100\/100\n|turn|2\n|c|\u2606Birdie-BBY|Ya\n|\n|t:|1701103521\n|switch|p1a: Diancie|Diancie|100\/100\n|move|p2b: Meowstic|Fake Out|p1b: Dracovish\n|-damage|p1b: Dracovish|32\/100\n|cant|p1b: Dracovish|flinch\n|cant|p2a: Yanmega|recharge\n|\n|-weather|Sandstorm|[upkeep]\n|-damage|p2a: Yanmega|88\/100|[from] Sandstorm\n|-damage|p2b: Meowstic|95\/100|[from] Sandstorm\n|upkeep\n|turn|3\n|c|\u2606lxvliiz|damn idk that shouldnt happen\n|\n|t:|1701103541\n|detailschange|p1a: Diancie|Diancie-Mega\n|-mega|p1a: Diancie|Diancie|Diancite\n|move|p2b: Meowstic|Reflect|p2b: Meowstic\n|-sidestart|p2: Birdie-BBY|Reflect\n|move|p1b: Dracovish|Fishious Rend|p2a: Yanmega\n|-damage|p2a: Yanmega|0 fnt\n|faint|p2a: Yanmega\n|move|p1a: Diancie|Diamond Storm|p2b: Meowstic\n|-damage|p2b: Meowstic|41\/100\n|\n|-weather|Sandstorm|[upkeep]\n|-damage|p2b: Meowstic|35\/100|[from] Sandstorm\n|upkeep\n|\n|t:|1701103561\n|switch|p2a: Alomomola|Alomomola, F|100\/100\n|turn|4\n|c|\u2606lxvliiz|unless u didnt choose bullet punch idk\n|\n|t:|1701103576\n|move|p2b: Meowstic|Light Screen|p2b: Meowstic\n|-sidestart|p2: Birdie-BBY|move: Light Screen\n|move|p1b: Dracovish|Fishious Rend|p2b: Meowstic\n|-damage|p2b: Meowstic|0 fnt\n|faint|p2b: Meowstic\n|move|p1a: Diancie|Diamond Storm|p2a: Alomomola\n|-crit|p2a: Alomomola\n|-damage|p2a: Alomomola|43\/100\n|-boost|p1a: Diancie|def|2\n|move|p2a: Alomomola|Icy Wind|p1a: Diancie|[spread] p1a,p1b\n|-resisted|p1b: Dracovish\n|-damage|p1a: Diancie|96\/100\n|-damage|p1b: Dracovish|29\/100\n|-unboost|p1a: Diancie|spe|1\n|-unboost|p1b: Dracovish|spe|1\n|\n|-weather|Sandstorm|[upkeep]\n|-damage|p2a: Alomomola|37\/100|[from] Sandstorm\n|upkeep\n|l|\u2606Birdie-BBY\n|player|p2|\n|l|\u2606lxvliiz\n|player|p1|\n|j|\u2606lxvliiz\n|player|p1|lxvliiz|firebreather\n|inactive|Battle timer is ON: inactive players will automatically lose when time's up. (requested by lxvliiz)\n|j|\u2606Birdie-BBY\n|inactive|Birdie-BBY reconnected and has 135 seconds left.\n|player|p2|Birdie-BBY|veteranf\n|inactive|Birdie-BBY has 120 seconds left.\n|\n|t:|1701103811\n|switch|p2b: Combusken|Combusken, M|100\/100\n|turn|5\n|inactive|lxvliiz has 120 seconds left.\n|\n|t:|1701103853\n|-terastallize|p2b: Combusken|Dark\n|move|p1b: Dracovish|Fishious Rend|p2b: Combusken\n|-damage|p2b: Combusken|23\/100\n|move|p1a: Diancie|Diamond Storm|p2a: Alomomola|[spread] p2a,p2b\n|-damage|p2a: Alomomola|16\/100\n|-damage|p2b: Combusken|1\/100\n|-boost|p1a: Diancie|def|2\n|move|p2a: Alomomola|Icy Wind|p1b: Dracovish|[spread] p1a,p1b\n|-resisted|p1b: Dracovish\n|-damage|p1a: Diancie|92\/100\n|-damage|p1b: Dracovish|26\/100\n|-unboost|p1a: Diancie|spe|1\n|-unboost|p1b: Dracovish|spe|1\n|move|p2b: Combusken|Swords Dance|p2b: Combusken\n|-boost|p2b: Combusken|atk|2\n|\n|-weather|none\n|-ability|p2b: Combusken|Speed Boost|boost\n|-boost|p2b: Combusken|spe|1\n|upkeep\n|turn|6\n|inactive|lxvliiz has 120 seconds left.\n|inactive|Birdie-BBY has 120 seconds left.\n|\n|t:|1701103888\n|switch|p1a: Tyranitar|Tyranitar, F|100\/100\n|-weather|Sandstorm|[from] ability: Sand Stream|[of] p1a: Tyranitar\n|switch|p1b: Skarmory|Skarmory, F|100\/100\n|move|p2b: Combusken|Protect|p2b: Combusken\n|-singleturn|p2b: Combusken|Protect\n|move|p2a: Alomomola|Heal Pulse|p2b: Combusken\n|-activate|p2b: Combusken|move: Protect\n|\n|-weather|Sandstorm|[upkeep]\n|-damage|p2b: Combusken|0 fnt|[from] Sandstorm\n|-damage|p2a: Alomomola|10\/100|[from] Sandstorm\n|faint|p2b: Combusken\n|upkeep\n|-message|Birdie-BBY forfeited.\n|\n|win|lxvliiz\n|raw|lxvliiz's rating: 1060 &rarr; <strong>1092<\/strong><br \/>(+32 for winning)\n|raw|Birdie-BBY's rating: 1072 &rarr; <strong>1050<\/strong><br \/>(-22 for losing)\n|l|\u2606Birdie-BBY\n","uploadtime":1701103905,"views":0,"p1id":"lxvliiz","p2id":"birdiebby","formatid":"gen9nationaldexdoubles","rating":1050,"private":0,"password":""}