{"id":"gen9nationaldexdoubles-1951508901","p1":"Tiyo98","p2":"MathHacker","format":"[Gen 9] National Dex Doubles","log":"|j|\u2606Tiyo98\n|j|\u2606MathHacker\n|t:|1695588908\n|gametype|doubles\n|player|p1|Tiyo98|101|\n|player|p2|MathHacker|richboy-gen4|\n|teamsize|p1|6\n|teamsize|p2|6\n|gen|9\n|tier|[Gen 9] National Dex Doubles\n|rule|HP Percentage Mod: HP is shown in percentages\n|rule|Endless Battle Clause: Forcing endless battles is banned\n|rule|OHKO Clause: OHKO moves are banned\n|rule|Evasion Moves Clause: Evasion moves are banned\n|rule|Evasion Abilities Clause: Evasion abilities are banned\n|rule|Species Clause: Limit one of each Pok\u00e9mon\n|rule|Gravity Sleep Clause: The combination of sleep-inducing moves with imperfect accuracy and Gravity or Gigantamax Orbeetle are banned\n|clearpoke\n|poke|p1|Empoleon, M|\n|poke|p1|Amoonguss, M|\n|poke|p1|Heatran, F|\n|poke|p1|Landorus-Therian, M|\n|poke|p1|Iron Hands|\n|poke|p1|Chien-Pao|\n|poke|p2|Shuckle, M|\n|poke|p2|Pelipper, F|\n|poke|p2|Cresselia, F|\n|poke|p2|Torkoal, M|\n|poke|p2|Oranguru, M|\n|poke|p2|Ursaluna, F|\n|teampreview\n|\n|t:|1695589033\n|start\n|switch|p1a: Heatran|Heatran, F|100\/100\n|switch|p1b: Empoleon|Empoleon, M|100\/100\n|switch|p2a: Shucky|Shuckle, M, shiny|100\/100\n|switch|p2b: munke|Oranguru, M|100\/100\n|turn|1\n|\n|t:|1695589085\n|move|p1a: Heatran|Taunt|p2b: munke\n|-start|p2b: munke|move: Taunt\n|-enditem|p2b: munke|Mental Herb\n|-end|p2b: munke|move: Taunt\n|move|p1b: Empoleon|Scald|p2a: Shucky\n|-supereffective|p2a: Shucky\n|-damage|p2a: Shucky|58\/100\n|move|p2a: Shucky|Power Trick|p2a: Shucky\n|-start|p2a: Shucky|Power Trick\n|move|p2b: munke|Trick Room|p2b: munke\n|-fieldstart|move: Trick Room|[of] p2b: munke\n|\n|upkeep\n|turn|2\n|\n|t:|1695589110\n|move|p1a: Heatran|Protect|p1a: Heatran\n|-singleturn|p1a: Heatran|Protect\n|move|p2a: Shucky|Rock Slide|p1a: Heatran|[spread] p1b\n|-activate|p1a: Heatran|move: Protect\n|-resisted|p1b: Empoleon\n|-damage|p1b: Empoleon|79\/100\n|-heal|p2a: Shucky|62\/100|[from] item: Shell Bell|[of] p1b: Empoleon\n|move|p2b: munke|Instruct|p2a: Shucky\n|-singleturn|p2a: Shucky|move: Instruct|[of] p2b: munke\n|move|p2a: Shucky|Rock Slide|p1a: Heatran|[spread] p1b\n|-activate|p1a: Heatran|move: Protect\n|-resisted|p1b: Empoleon\n|-damage|p1b: Empoleon|56\/100\n|-heal|p2a: Shucky|66\/100|[from] item: Shell Bell|[of] p1b: Empoleon\n|cant|p1b: Empoleon|flinch\n|\n|-heal|p1b: Empoleon|63\/100|[from] item: Leftovers\n|upkeep\n|turn|3\n|\n|t:|1695589136\n|move|p1b: Empoleon|Protect|p1b: Empoleon\n|-singleturn|p1b: Empoleon|Protect\n|move|p2a: Shucky|Rock Slide|p1a: Heatran|[spread] p1a\n|-activate|p1b: Empoleon|move: Protect\n|-damage|p1a: Heatran|68\/100\n|-heal|p2a: Shucky|72\/100|[from] item: Shell Bell|[of] p1b: Empoleon\n|move|p2b: munke|Instruct|p2a: Shucky\n|-singleturn|p2a: Shucky|move: Instruct|[of] p2b: munke\n|move|p2a: Shucky|Rock Slide|p1a: Heatran|[spread] p1a\n|-activate|p1b: Empoleon|move: Protect\n|-damage|p1a: Heatran|32\/100\n|-enditem|p1a: Heatran|Sitrus Berry|[eat]\n|-heal|p1a: Heatran|57\/100|[from] item: Sitrus Berry\n|-heal|p2a: Shucky|79\/100|[from] item: Shell Bell|[of] p1b: Empoleon\n|cant|p1a: Heatran|flinch\n|\n|-heal|p1b: Empoleon|69\/100|[from] item: Leftovers\n|upkeep\n|turn|4\n|\n|t:|1695589167\n|move|p1a: Heatran|Protect|p1a: Heatran\n|-singleturn|p1a: Heatran|Protect\n|move|p2a: Shucky|Rock Slide|p1a: Heatran|[spread] p1b\n|-activate|p1a: Heatran|move: Protect\n|-resisted|p1b: Empoleon\n|-damage|p1b: Empoleon|46\/100\n|-heal|p2a: Shucky|83\/100|[from] item: Shell Bell|[of] p1b: Empoleon\n|move|p2b: munke|Instruct|p2a: Shucky\n|-singleturn|p2a: Shucky|move: Instruct|[of] p2b: munke\n|move|p2a: Shucky|Rock Slide|p1b: Empoleon|[spread] p1b\n|-activate|p1a: Heatran|move: Protect\n|-resisted|p1b: Empoleon\n|-damage|p1b: Empoleon|25\/100\n|-heal|p2a: Shucky|87\/100|[from] item: Shell Bell|[of] p1b: Empoleon\n|move|p1b: Empoleon|Yawn|p2a: Shucky\n|-start|p2a: Shucky|move: Yawn|[of] p1b: Empoleon\n|\n|-heal|p1b: Empoleon|31\/100|[from] item: Leftovers\n|upkeep\n|turn|5\n|\n|t:|1695589216\n|move|p2a: Shucky|Rock Slide|p1a: Heatran|[spread] p1a\n|-miss|p2a: Shucky|p1b: Empoleon\n|-damage|p1a: Heatran|21\/100\n|-heal|p2a: Shucky|94\/100|[from] item: Shell Bell|[of] p1b: Empoleon\n|move|p2b: munke|Instruct|p2a: Shucky\n|-singleturn|p2a: Shucky|move: Instruct|[of] p2b: munke\n|move|p2a: Shucky|Rock Slide|p1b: Empoleon|[spread] p1a,p1b\n|-resisted|p1b: Empoleon\n|-damage|p1a: Heatran|0 fnt\n|-damage|p1b: Empoleon|10\/100\n|faint|p1a: Heatran\n|-heal|p2a: Shucky|100\/100|[from] item: Shell Bell|[of] p1b: Empoleon\n|move|p1b: Empoleon|Roost|p1b: Empoleon\n|-heal|p1b: Empoleon|60\/100\n|-singleturn|p1b: Empoleon|move: Roost\n|\n|-heal|p1b: Empoleon|66\/100|[from] item: Leftovers\n|-end|p2a: Shucky|move: Yawn|[silent]\n|-status|p2a: Shucky|slp\n|-fieldend|move: Trick Room\n|upkeep\n|\n|t:|1695589245\n|switch|p1a: Chien-Pao|Chien-Pao|100\/100\n|-ability|p1a: Chien-Pao|Sword of Ruin\n|turn|6\n|\n|t:|1695589311\n|switch|p2a: ber|Ursaluna, F|100\/100\n|move|p1a: Chien-Pao|Ice Spinner|p2b: munke\n|-damage|p2b: munke|57\/100\n|move|p1b: Empoleon|Yawn|p2b: munke\n|-start|p2b: munke|move: Yawn|[of] p1b: Empoleon\n|move|p2b: munke|Trick Room|p2b: munke\n|-fieldstart|move: Trick Room|[of] p2b: munke\n|\n|-heal|p1b: Empoleon|73\/100|[from] item: Leftovers\n|-status|p2a: ber|brn|[from] item: Flame Orb\n|upkeep\n|turn|7\n|\n|t:|1695589335\n|switch|p2b: Cresselia|Cresselia, F|100\/100\n|switch|p1a: Landorus|Landorus-Therian, M|100\/100\n|-ability|p1a: Landorus|Intimidate|boost\n|-unboost|p2a: ber|atk|1\n|-unboost|p2b: Cresselia|atk|1\n|-terastallize|p2a: ber|Poison\n|move|p1b: Empoleon|Protect|p1b: Empoleon\n|-singleturn|p1b: Empoleon|Protect\n|move|p2a: ber|Earthquake|p1b: Empoleon|[spread] \n|-activate|p1b: Empoleon|move: Protect\n|-immune|p2b: Cresselia|[from] ability: Levitate\n|-immune|p1a: Landorus\n|\n|-heal|p1b: Empoleon|79\/100|[from] item: Leftovers\n|-damage|p2a: ber|94\/100 brn|[from] brn\n|upkeep\n|turn|8\n|\n|t:|1695589384\n|move|p1b: Empoleon|Protect|p1b: Empoleon\n|-singleturn|p1b: Empoleon|Protect\n|move|p2a: ber|Earthquake|p1b: Empoleon|[spread] \n|-activate|p1b: Empoleon|move: Protect\n|-immune|p2b: Cresselia|[from] ability: Levitate\n|-immune|p1a: Landorus\n|move|p2b: Cresselia|Lunar Blessing|p2b: Cresselia|[spread] p2a,p2b\n|-heal|p2a: ber|100\/100 brn\n|-curestatus|p2a: ber|brn|[msg]\n|move|p1a: Landorus|Stomping Tantrum|p2a: ber\n|-supereffective|p2a: ber\n|-damage|p2a: ber|31\/100\n|\n|-heal|p1b: Empoleon|85\/100|[from] item: Leftovers\n|-status|p2a: ber|brn|[from] item: Flame Orb\n|upkeep\n|turn|9\n|\n|t:|1695589437\n|move|p2b: Cresselia|Helping Hand|p2a: ber\n|-singleturn|p2a: ber|Helping Hand|[of] p2b: Cresselia\n|move|p2a: ber|Drain Punch|p1b: Empoleon\n|-supereffective|p1b: Empoleon\n|-damage|p1b: Empoleon|13\/100\n|-heal|p2a: ber|64\/100 brn|[from] drain|[of] p1b: Empoleon\n|move|p1b: Empoleon|Yawn|p2b: Cresselia\n|-start|p2b: Cresselia|move: Yawn|[of] p1b: Empoleon\n|move|p1a: Landorus|Stomping Tantrum|p2a: ber\n|-supereffective|p2a: ber\n|-damage|p2a: ber|1\/100 brn\n|\n|-heal|p1b: Empoleon|20\/100|[from] item: Leftovers\n|-damage|p2a: ber|0 fnt|[from] brn\n|faint|p2a: ber\n|upkeep\n|\n|t:|1695589478\n|switch|p2a: Pelipper|Pelipper, F|100\/100\n|-weather|RainDance|[from] ability: Drizzle|[of] p2a: Pelipper\n|turn|10\n|\n|t:|1695589501\n|switch|p2b: munke|Oranguru, M|57\/100\n|switch|p1a: Iron Hands|Iron Hands|100\/100\n|move|p2a: Pelipper|Surf|p1a: Iron Hands|[spread] p1a,p1b\n|-activate|p2b: munke|ability: Telepathy\n|-resisted|p1b: Empoleon\n|-damage|p1a: Iron Hands|79\/100\n|-damage|p1b: Empoleon|2\/100\n|move|p1b: Empoleon|Roost|p1b: Empoleon\n|-heal|p1b: Empoleon|52\/100\n|-singleturn|p1b: Empoleon|move: Roost\n|\n|-weather|RainDance|[upkeep]\n|-heal|p1b: Empoleon|59\/100|[from] item: Leftovers\n|-fieldend|move: Trick Room\n|upkeep\n|turn|11\n|\n|t:|1695589546\n|move|p1a: Iron Hands|Fake Out|p2b: munke\n|-damage|p2b: munke|45\/100\n|move|p1b: Empoleon|Yawn|p2b: munke\n|-start|p2b: munke|move: Yawn|[of] p1b: Empoleon\n|move|p2a: Pelipper|Hurricane|p1a: Iron Hands\n|-damage|p1a: Iron Hands|54\/100\n|cant|p2b: munke|flinch\n|\n|-weather|RainDance|[upkeep]\n|-heal|p1b: Empoleon|65\/100|[from] item: Leftovers\n|upkeep\n|turn|12\n|\n|t:|1695589581\n|move|p1b: Empoleon|Scald|p2b: munke\n|-damage|p2b: munke|11\/100\n|move|p1a: Iron Hands|Drain Punch|p2b: munke\n|-damage|p2b: munke|0 fnt\n|-heal|p1a: Iron Hands|59\/100|[from] drain|[of] p2b: munke\n|faint|p2b: munke\n|move|p2a: Pelipper|Surf|p1b: Empoleon|[spread] p1a,p1b\n|-resisted|p1b: Empoleon\n|-damage|p1a: Iron Hands|40\/100\n|-damage|p1b: Empoleon|46\/100\n|\n|-weather|RainDance|[upkeep]\n|-heal|p1b: Empoleon|52\/100|[from] item: Leftovers\n|upkeep\n|\n|t:|1695589600\n|switch|p2b: Cresselia|Cresselia, F|100\/100\n|turn|13\n|\n|t:|1695589624\n|switch|p2a: Yertle|Torkoal, M|100\/100\n|-weather|SunnyDay|[from] ability: Drought|[of] p2a: Yertle\n|move|p1b: Empoleon|Roost|p1b: Empoleon\n|-heal|p1b: Empoleon|100\/100\n|-singleturn|p1b: Empoleon|move: Roost\n|move|p1a: Iron Hands|Wild Charge|p2a: Yertle\n|-damage|p2a: Yertle|54\/100\n|-damage|p1a: Iron Hands|33\/100|[from] Recoil\n|move|p2b: Cresselia|Trick Room|p2b: Cresselia\n|-fieldstart|move: Trick Room|[of] p2b: Cresselia\n|\n|-weather|SunnyDay|[upkeep]\n|upkeep\n|turn|14\n|\n|t:|1695589671\n|move|p2b: Cresselia|Helping Hand|p2a: Yertle\n|-singleturn|p2a: Yertle|Helping Hand|[of] p2b: Cresselia\n|move|p2a: Yertle|Eruption|p1a: Iron Hands|[spread] p1a,p1b\n|-damage|p1a: Iron Hands|8\/100\n|-damage|p1b: Empoleon|54\/100\n|move|p1a: Iron Hands|Heavy Slam|p2b: Cresselia\n|-damage|p2b: Cresselia|82\/100\n|move|p1b: Empoleon|Yawn|p2b: Cresselia\n|-start|p2b: Cresselia|move: Yawn|[of] p1b: Empoleon\n|\n|-weather|SunnyDay|[upkeep]\n|-heal|p1b: Empoleon|60\/100|[from] item: Leftovers\n|-heal|p2b: Cresselia|88\/100|[from] item: Leftovers\n|upkeep\n|turn|15\n|\n|t:|1695589730\n|switch|p2b: Shucky|Shuckle, M, shiny|100\/100 slp\n|move|p2a: Yertle|Eruption|p1b: Empoleon|[spread] p1a,p1b\n|-damage|p1a: Iron Hands|0 fnt\n|-damage|p1b: Empoleon|28\/100\n|faint|p1a: Iron Hands\n|-end|p1a: Iron Hands|Quark Drive|[silent]\n|move|p1b: Empoleon|Roost|p1b: Empoleon\n|-heal|p1b: Empoleon|78\/100\n|-singleturn|p1b: Empoleon|move: Roost\n|\n|-weather|SunnyDay|[upkeep]\n|-heal|p1b: Empoleon|84\/100|[from] item: Leftovers\n|upkeep\n|\n|t:|1695589746\n|switch|p1a: Landorus|Landorus-Therian, M|100\/100\n|-ability|p1a: Landorus|Intimidate|boost\n|-unboost|p2a: Yertle|atk|1\n|-enditem|p2a: Yertle|Eject Pack\n|-unboost|p2b: Shucky|atk|1\n|\n|t:|1695589803\n|switch|p2a: Pelipper|Pelipper, F|100\/100\n|-weather|RainDance|[from] ability: Drizzle|[of] p2a: Pelipper\n|turn|16\n|l|\u2606MathHacker\n|player|p2|\n|j|\u2606MathHacker\n|player|p2|MathHacker|richboy-gen4\n|\n|t:|1695589858\n|switch|p1a: Amoonguss|Amoonguss, M|100\/100\n|cant|p2b: Shucky|slp\n|move|p2a: Pelipper|Surf|p1a: Amoonguss|[spread] p2b,p1a,p1b\n|-supereffective|p2b: Shucky\n|-resisted|p1a: Amoonguss\n|-resisted|p1b: Empoleon\n|-damage|p2b: Shucky|36\/100 slp\n|-damage|p1a: Amoonguss|85\/100\n|-damage|p1b: Empoleon|66\/100\n|move|p1b: Empoleon|Scald|p2b: Shucky\n|-supereffective|p2b: Shucky\n|-damage|p2b: Shucky|0 fnt\n|faint|p2b: Shucky\n|\n|-weather|RainDance|[upkeep]\n|-heal|p1b: Empoleon|73\/100|[from] item: Leftovers\n|upkeep\n|\n|t:|1695589877\n|switch|p2b: Yertle|Torkoal, M|54\/100\n|-weather|SunnyDay|[from] ability: Drought|[of] p2b: Yertle\n|turn|17\n|\n|t:|1695589897\n|switch|p2a: Cresselia|Cresselia, F|88\/100\n|move|p1a: Amoonguss|Protect|p1a: Amoonguss\n|-singleturn|p1a: Amoonguss|Protect\n|move|p1b: Empoleon|Protect|p1b: Empoleon\n|-singleturn|p1b: Empoleon|Protect\n|move|p2b: Yertle|Overheat|p1a: Amoonguss\n|-activate|p1a: Amoonguss|move: Protect\n|\n|-weather|SunnyDay|[upkeep]\n|-heal|p1b: Empoleon|79\/100|[from] item: Leftovers\n|-heal|p2a: Cresselia|94\/100|[from] item: Leftovers\n|-fieldend|move: Trick Room\n|upkeep\n|turn|18\n|\n|t:|1695589920\n|move|p2b: Yertle|Protect|p2b: Yertle\n|-singleturn|p2b: Yertle|Protect\n|move|p1b: Empoleon|Scald|p2b: Yertle\n|-activate|p2b: Yertle|move: Protect\n|move|p1a: Amoonguss|Spore|p2a: Cresselia\n|-status|p2a: Cresselia|slp|[from] move: Spore\n|cant|p2a: Cresselia|slp\n|\n|-weather|SunnyDay|[upkeep]\n|-heal|p2a: Cresselia|99\/100 slp|[from] item: Leftovers\n|-heal|p1b: Empoleon|85\/100|[from] item: Leftovers\n|upkeep\n|turn|19\n|\n|t:|1695589969\n|switch|p1a: Landorus|Landorus-Therian, M|100\/100\n|-ability|p1a: Landorus|Intimidate|boost\n|-unboost|p2a: Cresselia|atk|1\n|-unboost|p2b: Yertle|atk|1\n|move|p1b: Empoleon|Scald|p2b: Yertle\n|-supereffective|p2b: Yertle\n|-damage|p2b: Yertle|22\/100\n|cant|p2a: Cresselia|slp\n|move|p2b: Yertle|Overheat|p1a: Landorus\n|-damage|p1a: Landorus|0 fnt\n|-unboost|p2b: Yertle|spa|2\n|faint|p1a: Landorus\n|\n|-weather|SunnyDay|[upkeep]\n|-heal|p1b: Empoleon|91\/100|[from] item: Leftovers\n|-heal|p2a: Cresselia|100\/100 slp|[from] item: Leftovers\n|upkeep\n|\n|t:|1695589986\n|switch|p1a: Chien-Pao|Chien-Pao|100\/100\n|-ability|p1a: Chien-Pao|Sword of Ruin\n|turn|20\n|\n|t:|1695590020\n|move|p1a: Chien-Pao|Ice Spinner|p2a: Cresselia\n|-damage|p2a: Cresselia|73\/100 slp\n|move|p1b: Empoleon|Scald|p2b: Yertle\n|-supereffective|p2b: Yertle\n|-damage|p2b: Yertle|0 fnt\n|faint|p2b: Yertle\n|-curestatus|p2a: Cresselia|slp|[msg]\n|move|p2a: Cresselia|Dazzling Gleam|p1a: Chien-Pao|[spread] p1a,p1b\n|-supereffective|p1a: Chien-Pao\n|-resisted|p1b: Empoleon\n|-damage|p1a: Chien-Pao|68\/100\n|-damage|p1b: Empoleon|87\/100\n|\n|-weather|SunnyDay|[upkeep]\n|-heal|p1b: Empoleon|94\/100|[from] item: Leftovers\n|-heal|p2a: Cresselia|79\/100|[from] item: Leftovers\n|upkeep\n|\n|t:|1695590035\n|switch|p2b: Pelipper|Pelipper, F|100\/100\n|-weather|RainDance|[from] ability: Drizzle|[of] p2b: Pelipper\n|turn|21\n|l|\u2606MathHacker\n|player|p2|\n|j|\u2606MathHacker\n|player|p2|MathHacker|richboy-gen4\n|\n|t:|1695590098\n|move|p1a: Chien-Pao|Sucker Punch||[still]\n|-fail|p1a: Chien-Pao\n|move|p1b: Empoleon|Scald|p2a: Cresselia\n|-damage|p2a: Cresselia|52\/100\n|move|p2b: Pelipper|Hurricane|p1a: Chien-Pao\n|-damage|p1a: Chien-Pao|0 fnt\n|faint|p1a: Chien-Pao\n|move|p2a: Cresselia|Trick Room|p2a: Cresselia\n|-fieldstart|move: Trick Room|[of] p2a: Cresselia\n|\n|-weather|RainDance|[upkeep]\n|-heal|p2a: Cresselia|58\/100|[from] item: Leftovers\n|-heal|p1b: Empoleon|99\/100|[from] item: Leftovers\n|upkeep\n|l|\u2606MathHacker\n|player|p2|\n|\n|t:|1695590116\n|switch|p1a: Amoonguss|Amoonguss, M|100\/100\n|turn|22\n|j|\u2606MathHacker\n|player|p2|MathHacker|richboy-gen4\n|\n|t:|1695590179\n|move|p1a: Amoonguss|Spore|p2b: Pelipper\n|-status|p2b: Pelipper|slp|[from] move: Spore\n|cant|p2b: Pelipper|slp\n|move|p2a: Cresselia|Lunar Blessing|p2a: Cresselia|[spread] p2a,p2b\n|-heal|p2a: Cresselia|83\/100\n|-curestatus|p2b: Pelipper|slp|[msg]\n|move|p1b: Empoleon|Scald|p2a: Cresselia\n|-damage|p2a: Cresselia|59\/100\n|\n|-weather|RainDance|[upkeep]\n|-heal|p2a: Cresselia|65\/100|[from] item: Leftovers\n|-heal|p1b: Empoleon|100\/100|[from] item: Leftovers\n|upkeep\n|turn|23\n|\n|t:|1695590207\n|move|p1a: Amoonguss|Pollen Puff|p2a: Cresselia\n|-supereffective|p2a: Cresselia\n|-damage|p2a: Cresselia|45\/100\n|move|p2b: Pelipper|Hurricane|p1a: Amoonguss\n|-supereffective|p1a: Amoonguss\n|-damage|p1a: Amoonguss|30\/100\n|-start|p1a: Amoonguss|confusion\n|move|p1b: Empoleon|Scald|p2a: Cresselia\n|-damage|p2a: Cresselia|18\/100\n|move|p2a: Cresselia|Lunar Blessing|p2a: Cresselia|[spread] p2a,p2b\n|-heal|p2a: Cresselia|43\/100\n|\n|-weather|RainDance|[upkeep]\n|-heal|p2a: Cresselia|49\/100|[from] item: Leftovers\n|upkeep\n|turn|24\n|\n|t:|1695590246\n|-activate|p1a: Amoonguss|confusion\n|move|p1a: Amoonguss|Spore|p2a: Cresselia\n|-status|p2a: Cresselia|slp|[from] move: Spore\n|move|p2b: Pelipper|Hurricane|p1a: Amoonguss\n|-supereffective|p1a: Amoonguss\n|-damage|p1a: Amoonguss|0 fnt\n|faint|p1a: Amoonguss\n|cant|p2a: Cresselia|slp\n|move|p1b: Empoleon|Scald|p2a: Cresselia\n|-damage|p2a: Cresselia|22\/100 slp\n|\n|-weather|RainDance|[upkeep]\n|-heal|p2a: Cresselia|28\/100 slp|[from] item: Leftovers\n|upkeep\n|turn|25\n|\n|t:|1695590269\n|-curestatus|p2a: Cresselia|slp|[msg]\n|move|p2a: Cresselia|Helping Hand|p2b: Pelipper\n|-singleturn|p2b: Pelipper|Helping Hand|[of] p2a: Cresselia\n|move|p2b: Pelipper|Hurricane|p1b: Empoleon\n|-resisted|p1b: Empoleon\n|-crit|p1b: Empoleon\n|-damage|p1b: Empoleon|57\/100\n|move|p1b: Empoleon|Scald|p2a: Cresselia\n|-damage|p2a: Cresselia|0 fnt\n|faint|p2a: Cresselia\n|\n|-weather|none\n|-heal|p1b: Empoleon|63\/100|[from] item: Leftovers\n|-fieldend|move: Trick Room\n|upkeep\n|turn|26\n|\n|t:|1695590311\n|move|p1b: Empoleon|Roost|p1b: Empoleon\n|-heal|p1b: Empoleon|100\/100\n|-singleturn|p1b: Empoleon|move: Roost\n|move|p2b: Pelipper|Surf|p1b: Empoleon\n|-resisted|p1b: Empoleon\n|-crit|p1b: Empoleon\n|-damage|p1b: Empoleon|75\/100\n|\n|-heal|p1b: Empoleon|81\/100|[from] item: Leftovers\n|upkeep\n|turn|27\n|\n|t:|1695590325\n|move|p1b: Empoleon|Scald|p2b: Pelipper\n|-resisted|p2b: Pelipper\n|-damage|p2b: Pelipper|78\/100\n|move|p2b: Pelipper|Surf|p1b: Empoleon\n|-resisted|p1b: Empoleon\n|-damage|p1b: Empoleon|64\/100\n|\n|-heal|p1b: Empoleon|70\/100|[from] item: Leftovers\n|upkeep\n|turn|28\n|\n|t:|1695590349\n|move|p1b: Empoleon|Scald|p2b: Pelipper\n|-resisted|p2b: Pelipper\n|-damage|p2b: Pelipper|59\/100\n|-status|p2b: Pelipper|brn\n|move|p2b: Pelipper|Surf|p1b: Empoleon\n|-resisted|p1b: Empoleon\n|-damage|p1b: Empoleon|53\/100\n|\n|-heal|p1b: Empoleon|59\/100|[from] item: Leftovers\n|-damage|p2b: Pelipper|52\/100 brn|[from] brn\n|upkeep\n|turn|29\n|\n|t:|1695590365\n|move|p1b: Empoleon|Scald|p2b: Pelipper\n|-resisted|p2b: Pelipper\n|-damage|p2b: Pelipper|30\/100 brn\n|move|p2b: Pelipper|Roost|p2b: Pelipper\n|-heal|p2b: Pelipper|80\/100 brn\n|-singleturn|p2b: Pelipper|move: Roost\n|\n|-heal|p1b: Empoleon|66\/100|[from] item: Leftovers\n|-damage|p2b: Pelipper|74\/100 brn|[from] brn\n|upkeep\n|turn|30\n|\n|t:|1695590382\n|move|p1b: Empoleon|Scald|p2b: Pelipper\n|-resisted|p2b: Pelipper\n|-damage|p2b: Pelipper|53\/100 brn\n|move|p2b: Pelipper|Surf|p1b: Empoleon\n|-resisted|p1b: Empoleon\n|-damage|p1b: Empoleon|49\/100\n|\n|-heal|p1b: Empoleon|55\/100|[from] item: Leftovers\n|-damage|p2b: Pelipper|46\/100 brn|[from] brn\n|upkeep\n|turn|31\n|\n|t:|1695590406\n|move|p1b: Empoleon|Scald|p2b: Pelipper\n|-resisted|p2b: Pelipper\n|-damage|p2b: Pelipper|25\/100 brn\n|move|p2b: Pelipper|Roost|p2b: Pelipper\n|-heal|p2b: Pelipper|75\/100 brn\n|-singleturn|p2b: Pelipper|move: Roost\n|\n|-heal|p1b: Empoleon|61\/100|[from] item: Leftovers\n|-damage|p2b: Pelipper|69\/100 brn|[from] brn\n|upkeep\n|turn|32\n|\n|t:|1695590425\n|move|p1b: Empoleon|Scald|p2b: Pelipper\n|-resisted|p2b: Pelipper\n|-damage|p2b: Pelipper|49\/100 brn\n|move|p2b: Pelipper|Surf|p1b: Empoleon\n|-resisted|p1b: Empoleon\n|-damage|p1b: Empoleon|46\/100\n|\n|-heal|p1b: Empoleon|52\/100|[from] item: Leftovers\n|-damage|p2b: Pelipper|43\/100 brn|[from] brn\n|upkeep\n|turn|33\n|l|\u2606MathHacker\n|player|p2|\n|j|\u2606MathHacker\n|player|p2|MathHacker|richboy-gen4\n|\n|t:|1695590453\n|move|p1b: Empoleon|Scald|p2b: Pelipper\n|-resisted|p2b: Pelipper\n|-damage|p2b: Pelipper|22\/100 brn\n|move|p2b: Pelipper|Roost|p2b: Pelipper\n|-heal|p2b: Pelipper|72\/100 brn\n|-singleturn|p2b: Pelipper|move: Roost\n|\n|-heal|p1b: Empoleon|58\/100|[from] item: Leftovers\n|-damage|p2b: Pelipper|66\/100 brn|[from] brn\n|upkeep\n|turn|34\n|\n|t:|1695590475\n|move|p1b: Empoleon|Scald|p2b: Pelipper\n|-resisted|p2b: Pelipper\n|-damage|p2b: Pelipper|44\/100 brn\n|move|p2b: Pelipper|Hurricane|p1b: Empoleon\n|-resisted|p1b: Empoleon\n|-damage|p1b: Empoleon|38\/100\n|\n|-heal|p1b: Empoleon|45\/100|[from] item: Leftovers\n|-damage|p2b: Pelipper|38\/100 brn|[from] brn\n|upkeep\n|turn|35\n|\n|t:|1695590493\n|move|p1b: Empoleon|Scald|p2b: Pelipper\n|-resisted|p2b: Pelipper\n|-damage|p2b: Pelipper|15\/100 brn\n|move|p2b: Pelipper|Roost|p2b: Pelipper\n|-heal|p2b: Pelipper|65\/100 brn\n|-singleturn|p2b: Pelipper|move: Roost\n|\n|-heal|p1b: Empoleon|51\/100|[from] item: Leftovers\n|-damage|p2b: Pelipper|59\/100 brn|[from] brn\n|upkeep\n|turn|36\n|\n|t:|1695590549\n|move|p1b: Empoleon|Roost|p1b: Empoleon\n|-heal|p1b: Empoleon|100\/100\n|-singleturn|p1b: Empoleon|move: Roost\n|move|p2b: Pelipper|Roost|p2b: Pelipper\n|-heal|p2b: Pelipper|100\/100 brn\n|-singleturn|p2b: Pelipper|move: Roost\n|\n|-damage|p2b: Pelipper|94\/100 brn|[from] brn\n|upkeep\n|turn|37\n|\n|t:|1695590573\n|move|p1b: Empoleon|Scald|p2b: Pelipper\n|-resisted|p2b: Pelipper\n|-damage|p2b: Pelipper|74\/100 brn\n|move|p2b: Pelipper|Surf|p1b: Empoleon\n|-resisted|p1b: Empoleon\n|-crit|p1b: Empoleon\n|-damage|p1b: Empoleon|75\/100\n|\n|-heal|p1b: Empoleon|81\/100|[from] item: Leftovers\n|-damage|p2b: Pelipper|68\/100 brn|[from] brn\n|upkeep\n|turn|38\n|\n|t:|1695590591\n|move|p1b: Empoleon|Yawn||[still]\n|-fail|p1b: Empoleon\n|move|p2b: Pelipper|Hurricane|p1b: Empoleon|[miss]\n|-miss|p2b: Pelipper|p1b: Empoleon\n|\n|-heal|p1b: Empoleon|87\/100|[from] item: Leftovers\n|-damage|p2b: Pelipper|62\/100 brn|[from] brn\n|upkeep\n|turn|39\n|\n|t:|1695590601\n|move|p1b: Empoleon|Scald|p2b: Pelipper\n|-resisted|p2b: Pelipper\n|-damage|p2b: Pelipper|39\/100 brn\n|move|p2b: Pelipper|Surf|p1b: Empoleon\n|-resisted|p1b: Empoleon\n|-damage|p1b: Empoleon|71\/100\n|\n|-heal|p1b: Empoleon|78\/100|[from] item: Leftovers\n|-damage|p2b: Pelipper|33\/100 brn|[from] brn\n|upkeep\n|turn|40\n|\n|t:|1695590610\n|move|p1b: Empoleon|Scald|p2b: Pelipper\n|-resisted|p2b: Pelipper\n|-damage|p2b: Pelipper|10\/100 brn\n|move|p2b: Pelipper|Roost|p2b: Pelipper\n|-heal|p2b: Pelipper|60\/100 brn\n|-singleturn|p2b: Pelipper|move: Roost\n|\n|-heal|p1b: Empoleon|84\/100|[from] item: Leftovers\n|-damage|p2b: Pelipper|54\/100 brn|[from] brn\n|upkeep\n|turn|41\n|\n|t:|1695590624\n|move|p1b: Empoleon|Yawn||[still]\n|-fail|p1b: Empoleon\n|move|p2b: Pelipper|Roost|p2b: Pelipper\n|-heal|p2b: Pelipper|100\/100 brn\n|-singleturn|p2b: Pelipper|move: Roost\n|\n|-heal|p1b: Empoleon|90\/100|[from] item: Leftovers\n|-damage|p2b: Pelipper|94\/100 brn|[from] brn\n|upkeep\n|turn|42\n|\n|t:|1695590635\n|move|p1b: Empoleon|Yawn||[still]\n|-fail|p1b: Empoleon\n|move|p2b: Pelipper|Surf|p1b: Empoleon\n|-resisted|p1b: Empoleon\n|-damage|p1b: Empoleon|74\/100\n|\n|-heal|p1b: Empoleon|80\/100|[from] item: Leftovers\n|-damage|p2b: Pelipper|88\/100 brn|[from] brn\n|upkeep\n|turn|43\n|l|\u2606MathHacker\n|player|p2|\n|j|\u2606MathHacker\n|player|p2|MathHacker|richboy-gen4\n|\n|t:|1695590695\n|move|p1b: Empoleon|Yawn||[still]\n|-fail|p1b: Empoleon\n|move|p2b: Pelipper|Surf|p1b: Empoleon\n|-resisted|p1b: Empoleon\n|-damage|p1b: Empoleon|63\/100\n|\n|-heal|p1b: Empoleon|69\/100|[from] item: Leftovers\n|-damage|p2b: Pelipper|82\/100 brn|[from] brn\n|upkeep\n|turn|44\n|l|\u2606MathHacker\n|player|p2|\n|j|\u2606MathHacker\n|player|p2|MathHacker|richboy-gen4\n|\n|t:|1695590755\n|move|p1b: Empoleon|Protect|p1b: Empoleon\n|-singleturn|p1b: Empoleon|Protect\n|move|p2b: Pelipper|Surf|p1b: Empoleon\n|-activate|p1b: Empoleon|move: Protect\n|\n|-heal|p1b: Empoleon|75\/100|[from] item: Leftovers\n|-damage|p2b: Pelipper|76\/100 brn|[from] brn\n|upkeep\n|turn|45\n|\n|t:|1695590771\n|move|p1b: Empoleon|Yawn||[still]\n|-fail|p1b: Empoleon\n|move|p2b: Pelipper|Surf|p1b: Empoleon\n|-resisted|p1b: Empoleon\n|-damage|p1b: Empoleon|59\/100\n|\n|-heal|p1b: Empoleon|66\/100|[from] item: Leftovers\n|-damage|p2b: Pelipper|70\/100 brn|[from] brn\n|upkeep\n|turn|46\n|\n|t:|1695590783\n|move|p1b: Empoleon|Protect|p1b: Empoleon\n|-singleturn|p1b: Empoleon|Protect\n|move|p2b: Pelipper|Surf|p1b: Empoleon\n|-activate|p1b: Empoleon|move: Protect\n|\n|-heal|p1b: Empoleon|72\/100|[from] item: Leftovers\n|-damage|p2b: Pelipper|63\/100 brn|[from] brn\n|upkeep\n|turn|47\n|\n|t:|1695590797\n|move|p1b: Empoleon|Yawn||[still]\n|-fail|p1b: Empoleon\n|move|p2b: Pelipper|Surf|p1b: Empoleon\n|-resisted|p1b: Empoleon\n|-damage|p1b: Empoleon|54\/100\n|\n|-heal|p1b: Empoleon|60\/100|[from] item: Leftovers\n|-damage|p2b: Pelipper|57\/100 brn|[from] brn\n|upkeep\n|turn|48\n|\n|t:|1695590807\n|move|p1b: Empoleon|Protect|p1b: Empoleon\n|-singleturn|p1b: Empoleon|Protect\n|move|p2b: Pelipper|Surf|p1b: Empoleon\n|-activate|p1b: Empoleon|move: Protect\n|\n|-heal|p1b: Empoleon|67\/100|[from] item: Leftovers\n|-damage|p2b: Pelipper|51\/100 brn|[from] brn\n|upkeep\n|turn|49\n|\n|t:|1695590818\n|move|p1b: Empoleon|Scald|p2b: Pelipper\n|-resisted|p2b: Pelipper\n|-crit|p2b: Pelipper\n|-damage|p2b: Pelipper|17\/100 brn\n|move|p2b: Pelipper|Roost|p2b: Pelipper\n|-heal|p2b: Pelipper|67\/100 brn\n|-singleturn|p2b: Pelipper|move: Roost\n|\n|-heal|p1b: Empoleon|73\/100|[from] item: Leftovers\n|-damage|p2b: Pelipper|61\/100 brn|[from] brn\n|upkeep\n|turn|50\n|\n|t:|1695590831\n|move|p1b: Empoleon|Yawn||[still]\n|-fail|p1b: Empoleon\n|move|p2b: Pelipper|Surf|p1b: Empoleon\n|-resisted|p1b: Empoleon\n|-damage|p1b: Empoleon|55\/100\n|\n|-heal|p1b: Empoleon|62\/100|[from] item: Leftovers\n|-damage|p2b: Pelipper|55\/100 brn|[from] brn\n|upkeep\n|turn|51\n|\n|t:|1695590839\n|move|p1b: Empoleon|Protect|p1b: Empoleon\n|-singleturn|p1b: Empoleon|Protect\n|move|p2b: Pelipper|Surf|p1b: Empoleon\n|-activate|p1b: Empoleon|move: Protect\n|\n|-heal|p1b: Empoleon|68\/100|[from] item: Leftovers\n|-damage|p2b: Pelipper|48\/100 brn|[from] brn\n|upkeep\n|turn|52\n|\n|t:|1695590859\n|move|p1b: Empoleon|Yawn||[still]\n|-fail|p1b: Empoleon\n|move|p2b: Pelipper|Surf|p1b: Empoleon\n|-resisted|p1b: Empoleon\n|-damage|p1b: Empoleon|52\/100\n|\n|-heal|p1b: Empoleon|58\/100|[from] item: Leftovers\n|-damage|p2b: Pelipper|42\/100 brn|[from] brn\n|upkeep\n|turn|53\n|\n|t:|1695590875\n|move|p1b: Empoleon|Protect|p1b: Empoleon\n|-singleturn|p1b: Empoleon|Protect\n|move|p2b: Pelipper|Surf|p1b: Empoleon\n|-activate|p1b: Empoleon|move: Protect\n|\n|-heal|p1b: Empoleon|64\/100|[from] item: Leftovers\n|-damage|p2b: Pelipper|36\/100 brn|[from] brn\n|upkeep\n|turn|54\n|\n|t:|1695590884\n|move|p1b: Empoleon|Yawn||[still]\n|-fail|p1b: Empoleon\n|move|p2b: Pelipper|Hurricane|p1b: Empoleon|[miss]\n|-miss|p2b: Pelipper|p1b: Empoleon\n|\n|-heal|p1b: Empoleon|71\/100|[from] item: Leftovers\n|-damage|p2b: Pelipper|30\/100 brn|[from] brn\n|upkeep\n|turn|55\n|\n|t:|1695590898\n|move|p1b: Empoleon|Protect|p1b: Empoleon\n|-singleturn|p1b: Empoleon|Protect\n|move|p2b: Pelipper|Surf|p1b: Empoleon\n|-activate|p1b: Empoleon|move: Protect\n|\n|-heal|p1b: Empoleon|77\/100|[from] item: Leftovers\n|-damage|p2b: Pelipper|24\/100 brn|[from] brn\n|upkeep\n|turn|56\n|\n|t:|1695590914\n|move|p1b: Empoleon|Yawn||[still]\n|-fail|p1b: Empoleon\n|move|p2b: Pelipper|Surf|p1b: Empoleon\n|-resisted|p1b: Empoleon\n|-damage|p1b: Empoleon|61\/100\n|\n|-heal|p1b: Empoleon|67\/100|[from] item: Leftovers\n|-damage|p2b: Pelipper|17\/100 brn|[from] brn\n|upkeep\n|turn|57\n|l|\u2606MathHacker\n|player|p2|\n|j|\u2606MathHacker\n|player|p2|MathHacker|richboy-gen4\n|\n|t:|1695590947\n|move|p1b: Empoleon|Protect|p1b: Empoleon\n|-singleturn|p1b: Empoleon|Protect\n|move|p2b: Pelipper|Hurricane|p1b: Empoleon\n|-activate|p1b: Empoleon|move: Protect\n|\n|-heal|p1b: Empoleon|73\/100|[from] item: Leftovers\n|-damage|p2b: Pelipper|11\/100 brn|[from] brn\n|upkeep\n|turn|58\n|\n|t:|1695590956\n|move|p1b: Empoleon|Yawn||[still]\n|-fail|p1b: Empoleon\n|move|p2b: Pelipper|Hurricane|p1b: Empoleon\n|-resisted|p1b: Empoleon\n|-damage|p1b: Empoleon|53\/100\n|\n|-heal|p1b: Empoleon|59\/100|[from] item: Leftovers\n|-damage|p2b: Pelipper|5\/100 brn|[from] brn\n|upkeep\n|turn|59\n|\n|t:|1695590966\n|move|p1b: Empoleon|Roost|p1b: Empoleon\n|-heal|p1b: Empoleon|100\/100\n|-singleturn|p1b: Empoleon|move: Roost\n|move|p2b: Pelipper|Hurricane|p1b: Empoleon\n|-resisted|p1b: Empoleon\n|-damage|p1b: Empoleon|81\/100\n|\n|-heal|p1b: Empoleon|88\/100|[from] item: Leftovers\n|-damage|p2b: Pelipper|0 fnt|[from] brn\n|faint|p2b: Pelipper\n|\n|win|Tiyo98\n|upkeep\n|l|\u2606MathHacker\n|j|\u2606MathHacker\n|player|p2|MathHacker|richboy-gen4\n|l|\u2606Tiyo98\n","uploadtime":1695591113,"views":10,"p1id":"tiyo98","p2id":"mathhacker","formatid":"gen9nationaldexdoubles","rating":0,"private":0,"password":""}