{"id":"gen9nationaldexdoubles-1950630145","p1":"Bluberry108","p2":"Coreslice","format":"[Gen 9] National Dex Doubles","log":"|j|\u2606Bluberry108\n|j|\u2606Coreslice\n|t:|1695491423\n|gametype|doubles\n|player|p1|Bluberry108|gentleman-gen4|1072\n|player|p2|Coreslice|170|1000\n|teamsize|p1|6\n|teamsize|p2|6\n|gen|9\n|tier|[Gen 9] National Dex Doubles\n|rated|\n|rule|HP Percentage Mod: HP is shown in percentages\n|rule|Endless Battle Clause: Forcing endless battles is banned\n|rule|OHKO Clause: OHKO moves are banned\n|rule|Evasion Moves Clause: Evasion moves are banned\n|rule|Evasion Abilities Clause: Evasion abilities are banned\n|rule|Species Clause: Limit one of each Pok\u00e9mon\n|rule|Gravity Sleep Clause: The combination of sleep-inducing moves with imperfect accuracy and Gravity or Gigantamax Orbeetle are banned\n|clearpoke\n|poke|p1|Jellicent, M|\n|poke|p1|Kommo-o, F|\n|poke|p1|Oricorio-Pom-Pom, F|\n|poke|p1|Volcarona, F|\n|poke|p1|Chatot, F|\n|poke|p1|Linoone, M|\n|poke|p2|Typhlosion-Hisui, F|\n|poke|p2|Arbok, M|\n|poke|p2|Lilligant, F|\n|poke|p2|Togekiss, M|\n|poke|p2|Dipplin, M|\n|poke|p2|Slowking, M|\n|teampreview\n|\n|t:|1695491444\n|start\n|switch|p1a: Kommo-o|Kommo-o, F|100\/100\n|switch|p1b: Oricorio|Oricorio-Pom-Pom, F|100\/100\n|switch|p2a: Arbok|Arbok, M, shiny|100\/100\n|switch|p2b: Lilligant|Lilligant, F, shiny|100\/100\n|turn|1\n|\n|t:|1695491455\n|-terastallize|p2b: Lilligant|Fairy\n|move|p2b: Lilligant|Stun Spore|p1a: Kommo-o\n|-immune|p1a: Kommo-o|[from] ability: Overcoat\n|move|p1b: Oricorio|Hurricane|p2b: Lilligant\n|-damage|p2b: Lilligant|30\/100\n|move|p2a: Arbok|Coil|p2a: Arbok\n|-boost|p2a: Arbok|atk|1\n|-boost|p2a: Arbok|def|1\n|-boost|p2a: Arbok|accuracy|1\n|move|p1a: Kommo-o|Clangorous Soul|p1a: Kommo-o\n|-boost|p1a: Kommo-o|atk|1\n|-boost|p1a: Kommo-o|def|1\n|-boost|p1a: Kommo-o|spa|1\n|-boost|p1a: Kommo-o|spd|1\n|-boost|p1a: Kommo-o|spe|1\n|-damage|p1a: Kommo-o|68\/100\n|-activate|p1b: Oricorio|ability: Dancer\n|move|p1b: Oricorio|Clangorous Soul|p1b: Oricorio|[from]ability: Dancer\n|-boost|p1b: Oricorio|atk|1\n|-boost|p1b: Oricorio|def|1\n|-boost|p1b: Oricorio|spa|1\n|-boost|p1b: Oricorio|spd|1\n|-boost|p1b: Oricorio|spe|1\n|-damage|p1b: Oricorio|68\/100\n|\n|upkeep\n|turn|2\n|c|\u2606Coreslice|Gyat..\n|c|\u2606Bluberry108|its alright\n|\n|t:|1695491492\n|move|p1b: Oricorio|Icy Wind|p2b: Lilligant|[spread] p2a,p2b\n|-damage|p2a: Arbok|68\/100\n|-damage|p2b: Lilligant|7\/100\n|-unboost|p2a: Arbok|spe|1\n|-unboost|p2b: Lilligant|spe|1\n|-enditem|p2b: Lilligant|Wiki Berry|[eat]\n|-heal|p2b: Lilligant|40\/100|[from] item: Wiki Berry\n|-heal|p1b: Oricorio|74\/100|[from] item: Shell Bell|[of] p2b: Lilligant\n|move|p1a: Kommo-o|Clangorous Soul|p1a: Kommo-o\n|-boost|p1a: Kommo-o|atk|1\n|-boost|p1a: Kommo-o|def|1\n|-boost|p1a: Kommo-o|spa|1\n|-boost|p1a: Kommo-o|spd|1\n|-boost|p1a: Kommo-o|spe|1\n|-damage|p1a: Kommo-o|35\/100\n|-enditem|p1a: Kommo-o|Sitrus Berry|[eat]\n|-heal|p1a: Kommo-o|60\/100|[from] item: Sitrus Berry\n|-activate|p1b: Oricorio|ability: Dancer\n|move|p1b: Oricorio|Clangorous Soul|p1b: Oricorio|[from]ability: Dancer\n|-boost|p1b: Oricorio|atk|1\n|-boost|p1b: Oricorio|def|1\n|-boost|p1b: Oricorio|spa|1\n|-boost|p1b: Oricorio|spd|1\n|-boost|p1b: Oricorio|spe|1\n|-damage|p1b: Oricorio|42\/100\n|move|p2b: Lilligant|Encore|p1a: Kommo-o\n|-start|p1a: Kommo-o|Encore\n|move|p2a: Arbok|Scale Shot|p1a: Kommo-o\n|-supereffective|p1a: Kommo-o\n|-damage|p1a: Kommo-o|52\/100\n|-supereffective|p1a: Kommo-o\n|-damage|p1a: Kommo-o|43\/100\n|-supereffective|p1a: Kommo-o\n|-damage|p1a: Kommo-o|36\/100\n|-hitcount|p1a: Kommo-o|3\n|-unboost|p2a: Arbok|def|1\n|-boost|p2a: Arbok|spe|1\n|\n|upkeep\n|turn|3\n|\n|t:|1695491536\n|move|p1b: Oricorio|Protect|p1b: Oricorio\n|-singleturn|p1b: Oricorio|Protect\n|move|p1a: Kommo-o|Clangorous Soul|p1a: Kommo-o\n|-boost|p1a: Kommo-o|atk|1\n|-boost|p1a: Kommo-o|def|1\n|-boost|p1a: Kommo-o|spa|1\n|-boost|p1a: Kommo-o|spd|1\n|-boost|p1a: Kommo-o|spe|1\n|-damage|p1a: Kommo-o|3\/100\n|-activate|p1b: Oricorio|ability: Dancer\n|move|p1b: Oricorio|Clangorous Soul|p1b: Oricorio|[from]ability: Dancer\n|-boost|p1b: Oricorio|atk|1\n|-boost|p1b: Oricorio|def|1\n|-boost|p1b: Oricorio|spa|1\n|-boost|p1b: Oricorio|spd|1\n|-boost|p1b: Oricorio|spe|1\n|-damage|p1b: Oricorio|9\/100\n|move|p2a: Arbok|Scale Shot|p1a: Kommo-o\n|-supereffective|p1a: Kommo-o\n|-damage|p1a: Kommo-o|0 fnt\n|faint|p1a: Kommo-o\n|-hitcount|p1: Kommo-o|1\n|-unboost|p2a: Arbok|def|1\n|-boost|p2a: Arbok|spe|1\n|move|p2b: Lilligant|Pollen Puff|p2a: Arbok\n|-heal|p2a: Arbok|100\/100\n|\n|upkeep\n|\n|t:|1695491553\n|switch|p1a: Volcarona|Volcarona, F|100\/100\n|turn|4\n|\n|t:|1695491568\n|-terastallize|p1b: Oricorio|Electric\n|move|p1b: Oricorio|Revelation Dance|p2a: Arbok\n|-crit|p2a: Arbok\n|-damage|p2a: Arbok|0 fnt\n|faint|p2a: Arbok\n|-heal|p1b: Oricorio|20\/100|[from] item: Shell Bell|[of] p2: Arbok\n|move|p1a: Volcarona|Fiery Dance|p2b: Lilligant\n|-crit|p2b: Lilligant\n|-damage|p2b: Lilligant|0 fnt\n|faint|p2b: Lilligant\n|-activate|p1b: Oricorio|ability: Dancer\n|move|p1b: Oricorio|Fiery Dance|p2: Arbok|[from]ability: Dancer|[notarget]\n|-fail|p1b: Oricorio\n|\n|upkeep\n|\n|t:|1695491582\n|switch|p2b: Slowking|Slowking, M, shiny|100\/100\n|switch|p2a: Typhlosion|Typhlosion-Hisui, F, shiny|100\/100\n|turn|5\n|\n|t:|1695491597\n|move|p1b: Oricorio|Protect|p1b: Oricorio\n|-singleturn|p1b: Oricorio|Protect\n|move|p1a: Volcarona|Fiery Dance|p2a: Typhlosion\n|-resisted|p2a: Typhlosion\n|-damage|p2a: Typhlosion|69\/100\n|-activate|p1b: Oricorio|ability: Dancer\n|move|p1b: Oricorio|Fiery Dance|p2a: Typhlosion|[from]ability: Dancer\n|-resisted|p2a: Typhlosion\n|-damage|p2a: Typhlosion|29\/100\n|-heal|p1b: Oricorio|24\/100|[from] item: Shell Bell|[of] p2a: Typhlosion\n|move|p2a: Typhlosion|Eruption|p1a: Volcarona|[spread] p1a\n|-activate|p1b: Oricorio|move: Protect\n|-damage|p1a: Volcarona|78\/100\n|move|p2b: Slowking|Thunder Wave|p1a: Volcarona|[miss]\n|-miss|p2b: Slowking|p1a: Volcarona\n|\n|upkeep\n|turn|6\n|\n|t:|1695491624\n|switch|p2a: Dipplin|Dipplin, M|100\/100\n|move|p1b: Oricorio|Revelation Dance|p2b: Slowking\n|-supereffective|p2b: Slowking\n|-damage|p2b: Slowking|0 fnt\n|faint|p2b: Slowking\n|-heal|p1b: Oricorio|41\/100|[from] item: Shell Bell|[of] p2: Slowking\n|move|p1a: Volcarona|Fiery Dance|p2a: Dipplin\n|-damage|p2a: Dipplin|68\/100\n|-boost|p1a: Volcarona|spa|1\n|-activate|p1b: Oricorio|ability: Dancer\n|move|p1b: Oricorio|Fiery Dance|p2a: Dipplin|[from]ability: Dancer\n|-damage|p2a: Dipplin|20\/100\n|-boost|p1b: Oricorio|spa|1\n|-heal|p1b: Oricorio|48\/100|[from] item: Shell Bell|[of] p2a: Dipplin\n|\n|upkeep\n|\n|t:|1695491635\n|switch|p2b: Togekiss|Togekiss, M|100\/100\n|turn|7\n|\n|t:|1695491646\n|move|p1b: Oricorio|Icy Wind|p2a: Dipplin|[spread] p2a,p2b\n|-supereffective|p2a: Dipplin\n|-supereffective|p2b: Togekiss\n|-damage|p2a: Dipplin|0 fnt\n|-damage|p2b: Togekiss|41\/100\n|-unboost|p2b: Togekiss|spe|1\n|faint|p2a: Dipplin\n|-heal|p1b: Oricorio|61\/100|[from] item: Shell Bell|[of] p2b: Togekiss\n|move|p1a: Volcarona|Fiery Dance|p2b: Togekiss\n|-damage|p2b: Togekiss|0 fnt\n|-boost|p1a: Volcarona|spa|1\n|faint|p2b: Togekiss\n|-activate|p1b: Oricorio|ability: Dancer\n|move|p1b: Oricorio|Fiery Dance|p2: Dipplin|[from]ability: Dancer|[notarget]\n|-fail|p1b: Oricorio\n|\n|upkeep\n|c|\u2606Coreslice|Gg\n|\n|t:|1695491656\n|switch|p2b: Typhlosion|Typhlosion-Hisui, F, shiny|29\/100\n|turn|8\n|c|\u2606Bluberry108|gg\n|\n|t:|1695491666\n|move|p1b: Oricorio|Revelation Dance|p2b: Typhlosion\n|-damage|p2b: Typhlosion|0 fnt\n|faint|p2b: Typhlosion\n|-heal|p1b: Oricorio|64\/100|[from] item: Shell Bell|[of] p2: Typhlosion\n|\n|win|Bluberry108\n|raw|Bluberry108's rating: 1072 &rarr; <strong>1095<\/strong><br \/>(+23 for winning)\n|raw|Coreslice's rating: 1000 &rarr; <strong>1000<\/strong><br \/>(+0 for losing)\n","uploadtime":1695491674,"views":10,"p1id":"bluberry108","p2id":"coreslice","formatid":"gen9nationaldexdoubles","rating":1000,"private":0,"password":""}