{"id":"gen9nationaldexdoubles-1968101139","p1":"Azeri8k","p2":"bgyif8d","format":"[Gen 9] National Dex Doubles","log":"|j|\u2606Azeri8k\n|j|\u2606bgyif8d\n|t:|1697384413\n|gametype|doubles\n|player|p1|Azeri8k|unknownf|1158\n|player|p2|bgyif8d|roark|1180\n|teamsize|p1|6\n|teamsize|p2|6\n|gen|9\n|tier|[Gen 9] National Dex Doubles\n|rated|\n|rule|HP Percentage Mod: HP is shown in percentages\n|rule|Endless Battle Clause: Forcing endless battles is banned\n|rule|OHKO Clause: OHKO moves are banned\n|rule|Evasion Moves Clause: Evasion moves are banned\n|rule|Evasion Abilities Clause: Evasion abilities are banned\n|rule|Species Clause: Limit one of each Pok\u00e9mon\n|rule|Gravity Sleep Clause: The combination of sleep-inducing moves with imperfect accuracy and Gravity or Gigantamax Orbeetle are banned\n|clearpoke\n|poke|p1|Ogerpon-Hearthflame, F|\n|poke|p1|Flutter Mane|\n|poke|p1|Gholdengo|\n|poke|p1|Ursaluna-Bloodmoon, M|\n|poke|p1|Metagross|\n|poke|p1|Kommo-o, M|\n|poke|p2|Tyranitar, F|\n|poke|p2|Garganacl, M|\n|poke|p2|Stakataka|\n|poke|p2|Aggron, F|\n|poke|p2|Ogerpon-Cornerstone, F|\n|poke|p2|Shuckle, M|\n|teampreview\n|inactive|Battle timer is ON: inactive players will automatically lose when time's up. (requested by Azeri8k)\n|\n|t:|1697384430\n|start\n|switch|p1a: Gholdengo|Gholdengo, shiny|100\/100\n|switch|p1b: 8x|Metagross, shiny|100\/100\n|switch|p2a: Stakataka|Stakataka|100\/100\n|switch|p2b: Garganacl|Garganacl, M|100\/100\n|turn|1\n|\n|t:|1697384435\n|-terastallize|p2b: Garganacl|Ghost\n|move|p1a: Gholdengo|Nasty Plot|p1a: Gholdengo\n|-boost|p1a: Gholdengo|spa|2\n|move|p1b: 8x|Hone Claws|p1b: 8x\n|-boost|p1b: 8x|atk|1\n|-boost|p1b: 8x|accuracy|1\n|move|p2b: Garganacl|Iron Defense|p2b: Garganacl\n|-boost|p2b: Garganacl|def|2\n|move|p2a: Stakataka|Trick Room|p2a: Stakataka\n|-fieldstart|move: Trick Room|[of] p2a: Stakataka\n|\n|upkeep\n|turn|2\n|\n|t:|1697384457\n|detailschange|p1b: 8x|Metagross-Mega, shiny\n|-mega|p1b: 8x|Metagross|Metagrossite\n|move|p2a: Stakataka|Heat Crash|p1a: Gholdengo\n|-supereffective|p1a: Gholdengo\n|-damage|p1a: Gholdengo|0 fnt\n|faint|p1a: Gholdengo\n|-ability|p2a: Stakataka|Beast Boost|boost\n|-boost|p2a: Stakataka|atk|1\n|move|p2b: Garganacl|Salt Cure|p1b: 8x\n|-resisted|p1b: 8x\n|-damage|p1b: 8x|95\/100\n|-start|p1b: 8x|Salt Cure\n|move|p1b: 8x|Pursuit|p2b: Garganacl\n|-supereffective|p2b: Garganacl\n|-damage|p2b: Garganacl|79\/100\n|\n|-heal|p2b: Garganacl|85\/100|[from] item: Leftovers\n|-damage|p1b: 8x|70\/100|[from] Salt Cure\n|upkeep\n|inactive|Azeri8k has 120 seconds left.\n|\n|t:|1697384473\n|switch|p1a: OU?|Ursaluna-Bloodmoon, M|100\/100\n|turn|3\n|\n|t:|1697384487\n|move|p2a: Stakataka|Gyro Ball|p1a: OU?\n|-damage|p1a: OU?|49\/100\n|move|p2b: Garganacl|Body Press|p1a: OU?\n|-supereffective|p1a: OU?\n|-damage|p1a: OU?|0 fnt\n|faint|p1a: OU?\n|move|p1b: 8x|Pursuit|p2b: Garganacl\n|-supereffective|p2b: Garganacl\n|-damage|p2b: Garganacl|64\/100\n|\n|-heal|p2b: Garganacl|70\/100|[from] item: Leftovers\n|-damage|p1b: 8x|45\/100|[from] Salt Cure\n|upkeep\n|\n|t:|1697384495\n|switch|p1a: Monkey D. Luffy|Kommo-o, M, shiny|100\/100\n|turn|4\n|\n|t:|1697384504\n|move|p2a: Stakataka|Heat Crash|p1b: 8x\n|-supereffective|p1b: 8x\n|-damage|p1b: 8x|6\/100\n|move|p2b: Garganacl|Salt Cure|p1a: Monkey D. Luffy\n|-resisted|p1a: Monkey D. Luffy\n|-damage|p1a: Monkey D. Luffy|94\/100\n|-start|p1a: Monkey D. Luffy|Salt Cure\n|move|p1a: Monkey D. Luffy|Drain Punch|p2a: Stakataka\n|-supereffective|p2a: Stakataka\n|-damage|p2a: Stakataka|34\/100\n|-heal|p1a: Monkey D. Luffy|100\/100|[from] drain|[of] p2a: Stakataka\n|move|p1b: 8x|Pursuit|p2b: Garganacl\n|-supereffective|p2b: Garganacl\n|-damage|p2b: Garganacl|49\/100\n|\n|-heal|p2b: Garganacl|55\/100|[from] item: Leftovers\n|-damage|p1a: Monkey D. Luffy|88\/100|[from] Salt Cure\n|-damage|p1b: 8x|0 fnt|[from] Salt Cure\n|faint|p1b: 8x\n|upkeep\n|\n|t:|1697384509\n|switch|p1b: Victory Screech|Flutter Mane, shiny|100\/100\n|-enditem|p1b: Victory Screech|Booster Energy\n|-activate|p1b: Victory Screech|ability: Protosynthesis|[fromitem]\n|-start|p1b: Victory Screech|protosynthesisspe\n|turn|5\n|\n|t:|1697384526\n|switch|p1a: Murderer|Ogerpon-Hearthflame, F|100\/100\n|-ability|p1a: Murderer|Mold Breaker\n|move|p2a: Stakataka|Gyro Ball|p1b: Victory Screech\n|-supereffective|p1b: Victory Screech\n|-damage|p1b: Victory Screech|0 fnt\n|faint|p1b: Victory Screech\n|-end|p1b: Victory Screech|Protosynthesis|[silent]\n|-ability|p2a: Stakataka|Beast Boost|boost\n|-boost|p2a: Stakataka|atk|1\n|move|p2b: Garganacl|Recover|p2b: Garganacl\n|-heal|p2b: Garganacl|100\/100\n|\n|-fieldend|move: Trick Room\n|upkeep\n|\n|t:|1697384528\n|switch|p1b: Monkey D. Luffy|Kommo-o, M, shiny|88\/100\n|turn|6\n|\n|t:|1697384537\n|-terastallize|p1a: Murderer|Fire\n|detailschange|p1a: Murderer|Ogerpon-Hearthflame-Tera, F, tera:Fire\n|-ability|p1a: Murderer|Embody Aspect (Hearthflame)|boost\n|-boost|p1a: Murderer|atk|1\n|move|p1a: Murderer|Ivy Cudgel|p2b: Garganacl\n|-damage|p2b: Garganacl|63\/100\n|move|p1b: Monkey D. Luffy|Flamethrower|p2a: Stakataka\n|-damage|p2a: Stakataka|8\/100\n|move|p2b: Garganacl|Salt Cure|p1b: Monkey D. Luffy\n|-resisted|p1b: Monkey D. Luffy\n|-damage|p1b: Monkey D. Luffy|82\/100\n|-start|p1b: Monkey D. Luffy|Salt Cure\n|move|p2a: Stakataka|Trick Room|p2a: Stakataka\n|-fieldstart|move: Trick Room|[of] p2a: Stakataka\n|\n|-heal|p2b: Garganacl|70\/100|[from] item: Leftovers\n|-heal|p1b: Monkey D. Luffy|88\/100|[from] item: Leftovers\n|-damage|p1b: Monkey D. Luffy|76\/100|[from] Salt Cure\n|upkeep\n|turn|7\n|\n|t:|1697384555\n|move|p2a: Stakataka|Stone Edge|p1a: Murderer|[miss]\n|-miss|p2a: Stakataka|p1a: Murderer\n|move|p2b: Garganacl|Recover|p2b: Garganacl\n|-heal|p2b: Garganacl|100\/100\n|move|p1b: Monkey D. Luffy|Drain Punch|p2a: Stakataka\n|-supereffective|p2a: Stakataka\n|-damage|p2a: Stakataka|0 fnt\n|-heal|p1b: Monkey D. Luffy|80\/100|[from] drain|[of] p2a: Stakataka\n|faint|p2a: Stakataka\n|move|p1a: Murderer|Throat Chop|p2b: Garganacl\n|-supereffective|p2b: Garganacl\n|-damage|p2b: Garganacl|66\/100\n|-start|p2b: Garganacl|Throat Chop|[silent]\n|\n|-heal|p2b: Garganacl|72\/100|[from] item: Leftovers\n|-heal|p1b: Monkey D. Luffy|86\/100|[from] item: Leftovers\n|-damage|p1b: Monkey D. Luffy|74\/100|[from] Salt Cure\n|upkeep\n|\n|t:|1697384559\n|switch|p2a: Shuckle|Shuckle, M|100\/100\n|turn|8\n|l|\u2606Azeri8k\n|inactive|Azeri8k disconnected and has a minute to reconnect!\n|player|p1|\n|j|\u2606Azeri8k\n|inactive|Azeri8k reconnected and has 115 seconds left.\n|player|p1|Azeri8k|unknownf\n|\n|t:|1697384604\n|move|p2a: Shuckle|Infestation|p1b: Monkey D. Luffy\n|-resisted|p1b: Monkey D. Luffy\n|-damage|p1b: Monkey D. Luffy|73\/100\n|-activate|p1b: Monkey D. Luffy|move: Infestation|[of] p2a: Shuckle\n|move|p2b: Garganacl|Body Press|p1b: Monkey D. Luffy\n|-damage|p1b: Monkey D. Luffy|29\/100\n|move|p1b: Monkey D. Luffy|Clanging Scales|p2a: Shuckle|[spread] p2a,p2b\n|-damage|p2a: Shuckle|77\/100\n|-damage|p2b: Garganacl|49\/100\n|-unboost|p1b: Monkey D. Luffy|def|1\n|move|p1a: Murderer|Throat Chop|p2b: Garganacl\n|-supereffective|p2b: Garganacl\n|-damage|p2b: Garganacl|17\/100\n|\n|-heal|p2a: Shuckle|83\/100|[from] item: Leftovers\n|-heal|p2b: Garganacl|24\/100|[from] item: Leftovers\n|-heal|p1b: Monkey D. Luffy|35\/100|[from] item: Leftovers\n|-damage|p1b: Monkey D. Luffy|22\/100|[from] Salt Cure\n|-damage|p1b: Monkey D. Luffy|10\/100|[from] move: Infestation|[partiallytrapped]\n|-end|p2b: Garganacl|Throat Chop|[silent]\n|upkeep\n|turn|9\n|\n|t:|1697384618\n|move|p2a: Shuckle|Guard Split|p2b: Garganacl\n|-activate|p2a: Shuckle|move: Guard Split|[of] p2b: Garganacl\n|move|p2b: Garganacl|Recover|p2b: Garganacl\n|-heal|p2b: Garganacl|74\/100\n|move|p1b: Monkey D. Luffy|Clanging Scales|p2b: Garganacl|[spread] p2a,p2b\n|-damage|p2a: Shuckle|53\/100\n|-damage|p2b: Garganacl|55\/100\n|-unboost|p1b: Monkey D. Luffy|def|1\n|move|p1a: Murderer|Ivy Cudgel|p2a: Shuckle\n|-damage|p2a: Shuckle|0 fnt\n|faint|p2a: Shuckle\n|\n|-heal|p2b: Garganacl|61\/100|[from] item: Leftovers\n|-heal|p1b: Monkey D. Luffy|16\/100|[from] item: Leftovers\n|-end|p1b: Monkey D. Luffy|Infestation|[partiallytrapped]|[silent]\n|-damage|p1b: Monkey D. Luffy|4\/100|[from] Salt Cure\n|upkeep\n|\n|t:|1697384630\n|switch|p2a: Tyranitar|Tyranitar, F|100\/100\n|-weather|Sandstorm|[from] ability: Sand Stream|[of] p2a: Tyranitar\n|turn|10\n|\n|t:|1697384642\n|move|p2b: Garganacl|Body Press|p1b: Monkey D. Luffy\n|-damage|p1b: Monkey D. Luffy|0 fnt\n|faint|p1b: Monkey D. Luffy\n|move|p2a: Tyranitar|Stone Edge|p1a: Murderer\n|-supereffective|p1a: Murderer\n|-damage|p1a: Murderer|0 fnt\n|faint|p1a: Murderer\n|\n|win|bgyif8d\n|raw|Azeri8k's rating: 1158 &rarr; <strong>1135<\/strong><br \/>(-23 for losing)\n|raw|bgyif8d's rating: 1180 &rarr; <strong>1203<\/strong><br \/>(+23 for winning)\n|c|\u2606Azeri8k|f u\n|l|\u2606Azeri8k\n|n| The power of ROCK|bgyif8d\n|j| Ineros\n|l| Ineros\n","uploadtime":1697384741,"views":3,"p1id":"azeri8k","p2id":"bgyif8d","formatid":"gen9nationaldexdoubles","rating":1135,"private":0,"password":""}