{"id":"gen9nationaldexdoubles-1994464183","p1":"Eliminathan","p2":"Dylanpika99","format":"[Gen 9] National Dex Doubles","log":"|j|\u2606Eliminathan\n|j|\u2606Dylanpika99\n|t:|1700446919\n|gametype|doubles\n|player|p1|Eliminathan|schoolkid-gen4|\n|player|p2|Dylanpika99|1|\n|teamsize|p1|6\n|teamsize|p2|6\n|gen|9\n|tier|[Gen 9] National Dex Doubles\n|rule|HP Percentage Mod: HP is shown in percentages\n|rule|Endless Battle Clause: Forcing endless battles is banned\n|rule|OHKO Clause: OHKO moves are banned\n|rule|Evasion Moves Clause: Evasion moves are banned\n|rule|Evasion Abilities Clause: Evasion abilities are banned\n|rule|Species Clause: Limit one of each Pok\u00e9mon\n|rule|Gravity Sleep Clause: The combination of sleep-inducing moves with imperfect accuracy and Gravity or Gigantamax Orbeetle are banned\n|clearpoke\n|poke|p1|Zygarde|\n|poke|p1|Zamazenta-*|\n|poke|p1|Jirachi|\n|poke|p1|Kangaskhan, F|\n|poke|p1|Glimmora, M|\n|poke|p1|Iron Hands|\n|poke|p2|Manectric, F|\n|poke|p2|Ogerpon-Wellspring, F|\n|poke|p2|Incineroar, M|\n|poke|p2|Sinistcha-Masterpiece|\n|poke|p2|Chien-Pao|\n|poke|p2|Zeraora|\n|teampreview\n|c|\u2606Eliminathan|MY MF GOAT\n|j| Ryan1Baek\n|j| TestudoJK\n|c|\u2606Eliminathan|ZERAORA\n|j| TheMoistFetus\n|c|\u2606Dylanpika99|zera op\n|c|\u2606Eliminathan|agreed\n|\n|t:|1700447007\n|start\n|switch|p1a: pointy|Glimmora, M|100\/100\n|switch|p1b: Watch out|Iron Hands|100\/100\n|switch|p2a: Zeraora|Zeraora|100\/100\n|switch|p2b: Ogerpon|Ogerpon-Wellspring, F|100\/100\n|turn|1\n|\n|t:|1700447023\n|-terastallize|p2b: Ogerpon|Water\n|detailschange|p2b: Ogerpon|Ogerpon-Wellspring-Tera, F, tera:Water\n|-ability|p2b: Ogerpon|Embody Aspect (Wellspring)|boost\n|-boost|p2b: Ogerpon|spd|1\n|move|p2a: Zeraora|Fake Out|p1b: Watch out\n|-damage|p1b: Watch out|90\/100\n|-damage|p2a: Zeraora|91\/100|[from] item: Life Orb\n|cant|p1b: Watch out|flinch\n|move|p2b: Ogerpon|Ivy Cudgel|p1a: pointy|[anim] Ivy Cudgel Water\n|-supereffective|p1a: pointy\n|-enditem|p1a: pointy|Focus Sash\n|-damage|p1a: pointy|1\/100\n|-activate|p1a: pointy|ability: Toxic Debris\n|-sidestart|p2: Dylanpika99|move: Toxic Spikes\n|move|p1a: pointy|Stealth Rock|p2a: Zeraora\n|-sidestart|p2: Dylanpika99|move: Stealth Rock\n|\n|upkeep\n|turn|2\n|\n|t:|1700447048\n|move|p2a: Zeraora|Plasma Fists|p1a: pointy\n|-damage|p1a: pointy|0 fnt\n|-fieldactivate|move: Ion Deluge\n|-hint|Normal-type moves become Electric-type after using Plasma Fists.\n|-activate|p1a: pointy|ability: Toxic Debris\n|-sidestart|p2: Dylanpika99|move: Toxic Spikes\n|faint|p1a: pointy\n|-damage|p2a: Zeraora|81\/100|[from] item: Life Orb\n|move|p2b: Ogerpon|Ivy Cudgel|p1b: Watch out|[anim] Ivy Cudgel Water\n|-damage|p1b: Watch out|41\/100\n|move|p1b: Watch out|Wild Charge|p2b: Ogerpon\n|-supereffective|p2b: Ogerpon\n|-damage|p2b: Ogerpon|0 fnt\n|faint|p2b: Ogerpon\n|-damage|p1b: Watch out|25\/100|[from] Recoil\n|\n|upkeep\n|\n|t:|1700447074\n|switch|p2b: Chien-Pao|Chien-Pao|100\/100\n|switch|p1a: momma|Kangaskhan, F|100\/100\n|-status|p2b: Chien-Pao|tox\n|-damage|p2b: Chien-Pao|76\/100 tox|[from] Stealth Rock\n|-ability|p2b: Chien-Pao|Sword of Ruin\n|turn|3\n|j| Shiny_Hero64\n|\n|t:|1700447115\n|-end|p1b: Watch out|Quark Drive|[silent]\n|switch|p1b: FIX THE PROBLEM!|Jirachi|100\/100\n|move|p2a: Zeraora|Protect|p2a: Zeraora\n|-singleturn|p2a: Zeraora|Protect\n|move|p2b: Chien-Pao|Protect|p2b: Chien-Pao\n|-singleturn|p2b: Chien-Pao|Protect\n|move|p1a: momma|Fake Out|p2b: Chien-Pao\n|-activate|p2b: Chien-Pao|move: Protect\n|\n|-damage|p2b: Chien-Pao|70\/100 tox|[from] psn\n|upkeep\n|turn|4\n|\n|t:|1700447156\n|detailschange|p1a: momma|Kangaskhan-Mega, F\n|-mega|p1a: momma|Kangaskhan|Kangaskhanite\n|move|p1b: FIX THE PROBLEM!|Follow Me|p1b: FIX THE PROBLEM!\n|-singleturn|p1b: FIX THE PROBLEM!|move: Follow Me\n|move|p2a: Zeraora|Plasma Fists|p1b: FIX THE PROBLEM!\n|-damage|p1b: FIX THE PROBLEM!|37\/100\n|-fieldactivate|move: Ion Deluge\n|-hint|Normal-type moves become Electric-type after using Plasma Fists.\n|-damage|p2a: Zeraora|71\/100|[from] item: Life Orb\n|move|p2b: Chien-Pao|Sacred Sword|p1b: FIX THE PROBLEM!\n|-damage|p1b: FIX THE PROBLEM!|9\/100\n|move|p1a: momma|Seismic Toss|p2a: Zeraora\n|-damage|p2a: Zeraora|40\/100\n|-damage|p2a: Zeraora|8\/100\n|-hitcount|p2a: Zeraora|2\n|\n|-heal|p1b: FIX THE PROBLEM!|16\/100|[from] item: Leftovers\n|-damage|p2b: Chien-Pao|58\/100 tox|[from] psn\n|upkeep\n|turn|5\n|c|\u2606Dylanpika99|HOW\n|c| Shiny_Hero64|Yea maybe Chien-po could have been banned\n|\n|t:|1700447189\n|move|p2a: Zeraora|Protect|p2a: Zeraora\n|-singleturn|p2a: Zeraora|Protect\n|move|p1b: FIX THE PROBLEM!|Follow Me|p1b: FIX THE PROBLEM!\n|-singleturn|p1b: FIX THE PROBLEM!|move: Follow Me\n|move|p2b: Chien-Pao|Sacred Sword|p1b: FIX THE PROBLEM!\n|-damage|p1b: FIX THE PROBLEM!|0 fnt\n|faint|p1b: FIX THE PROBLEM!\n|move|p1a: momma|Seismic Toss|p2b: Chien-Pao\n|-damage|p2b: Chien-Pao|25\/100 tox\n|-damage|p2b: Chien-Pao|0 fnt\n|faint|p2b: Chien-Pao\n|-hitcount|p2: Chien-Pao|2\n|\n|upkeep\n|c| Shiny_Hero64|Almost everyone is using it\n|c|\u2606Eliminathan|its on my second team\n|l| TheMoistFetus\n|\n|t:|1700447210\n|switch|p2b: Incineroar|Incineroar, M|100\/100\n|switch|p1b: Watch out|Iron Hands|25\/100\n|-status|p2b: Incineroar|tox\n|-damage|p2b: Incineroar|76\/100 tox|[from] Stealth Rock\n|-ability|p2b: Incineroar|Intimidate|boost\n|-unboost|p1a: momma|atk|1\n|-unboost|p1b: Watch out|atk|1\n|turn|6\n|\n|t:|1700447223\n|move|p2b: Incineroar|Fake Out|p1b: Watch out\n|-damage|p1b: Watch out|19\/100\n|cant|p1b: Watch out|flinch\n|move|p2a: Zeraora|Close Combat|p1a: momma\n|-supereffective|p1a: momma\n|-damage|p1a: momma|22\/100\n|-unboost|p2a: Zeraora|def|1\n|-unboost|p2a: Zeraora|spd|1\n|-damage|p2a: Zeraora|0 fnt|[from] item: Life Orb\n|faint|p2a: Zeraora\n|move|p1a: momma|Seismic Toss|p2b: Incineroar\n|-damage|p2b: Incineroar|49\/100 tox\n|-damage|p2b: Incineroar|23\/100 tox\n|-enditem|p2b: Incineroar|Aguav Berry|[eat]\n|-heal|p2b: Incineroar|56\/100 tox|[from] item: Aguav Berry\n|-hitcount|p2b: Incineroar|2\n|\n|-damage|p2b: Incineroar|50\/100 tox|[from] psn\n|upkeep\n|\n|t:|1700447240\n|switch|p2a: Manectric|Manectric, F|100\/100\n|-status|p2a: Manectric|tox\n|-damage|p2a: Manectric|88\/100 tox|[from] Stealth Rock\n|turn|7\n|\n|t:|1700447261\n|detailschange|p2a: Manectric|Manectric-Mega, F\n|-mega|p2a: Manectric|Manectric|Manectite\n|-ability|p2a: Manectric|Intimidate|boost\n|-unboost|p1a: momma|atk|1\n|-unboost|p1b: Watch out|atk|1\n|move|p1a: momma|Protect|p1a: momma\n|-singleturn|p1a: momma|Protect\n|move|p2a: Manectric|Volt Switch|p1a: momma\n|-activate|p1a: momma|move: Protect\n|move|p2b: Incineroar|Parting Shot|p1b: Watch out\n|-unboost|p1b: Watch out|atk|1\n|-unboost|p1b: Watch out|spa|1\n|\n|t:|1700447269\n|switch|p2b: Sinistcha|Sinistcha-Masterpiece|100\/100|[from] Parting Shot\n|-status|p2b: Sinistcha|tox\n|-damage|p2b: Sinistcha|88\/100 tox|[from] Stealth Rock\n|-heal|p2a: Manectric|100\/100 tox|[from] ability: Hospitality|[of] p2b: Sinistcha\n|move|p1b: Watch out|Drain Punch|p2b: Sinistcha\n|-immune|p2b: Sinistcha\n|\n|-damage|p2a: Manectric|94\/100 tox|[from] psn\n|-damage|p2b: Sinistcha|82\/100 tox|[from] psn\n|upkeep\n|turn|8\n|\n|t:|1700447301\n|move|p2a: Manectric|Thunderbolt|p1a: momma\n|-damage|p1a: momma|0 fnt\n|faint|p1a: momma\n|move|p2b: Sinistcha|Matcha Gotcha|p1b: Watch out\n|-damage|p1b: Watch out|2\/100\n|-heal|p2b: Sinistcha|94\/100 tox|[from] drain|[of] p1b: Watch out\n|-status|p1b: Watch out|brn\n|move|p1b: Watch out|Ice Punch|p2b: Sinistcha\n|-supereffective|p2b: Sinistcha\n|-damage|p2b: Sinistcha|85\/100 tox\n|-damage|p1b: Watch out|0 fnt|[from] item: Rocky Helmet|[of] p2b: Sinistcha\n|faint|p1b: Watch out\n|-end|p1b: Watch out|Quark Drive|[silent]\n|\n|-damage|p2a: Manectric|82\/100 tox|[from] psn\n|-damage|p2b: Sinistcha|73\/100 tox|[from] psn\n|upkeep\n|\n|t:|1700447308\n|switch|p1a: Spanky|Zamazenta|100\/100\n|switch|p1b: Ginkle|Zygarde|100\/100\n|-ability|p1a: Spanky|Dauntless Shield|boost\n|-boost|p1a: Spanky|def|1\n|-ability|p1b: Ginkle|Aura Break\n|turn|9\n|c|\u2606Dylanpika99|ok.\n|c|\u2606Dylanpika99|nvm se move\n|\n|t:|1700447345\n|switch|p2a: Incineroar|Incineroar, M|50\/100 tox\n|-damage|p2a: Incineroar|25\/100 tox|[from] Stealth Rock\n|-ability|p2a: Incineroar|Intimidate|boost\n|-unboost|p1a: Spanky|atk|1\n|-fail|p1b: Ginkle|unboost|[from] item: Clear Amulet|[of] p1b: Ginkle\n|move|p1a: Spanky|Snarl|p2b: Sinistcha|[spread] p2a,p2b\n|-resisted|p2a: Incineroar\n|-supereffective|p2b: Sinistcha\n|-damage|p2a: Incineroar|22\/100 tox\n|-damage|p2b: Sinistcha|58\/100 tox\n|-unboost|p2a: Incineroar|spa|1\n|-unboost|p2b: Sinistcha|spa|1\n|move|p1b: Ginkle|Dragon Dance|p1b: Ginkle\n|-boost|p1b: Ginkle|atk|1\n|-boost|p1b: Ginkle|spe|1\n|move|p2b: Sinistcha|Matcha Gotcha|p1b: Ginkle|[spread] p1a,p1b\n|-damage|p1a: Spanky|85\/100\n|-heal|p2b: Sinistcha|67\/100 tox|[from] drain|[of] p1a: Spanky\n|-damage|p1b: Ginkle|84\/100\n|-heal|p2b: Sinistcha|75\/100 tox|[from] drain|[of] p1b: Ginkle\n|\n|-damage|p2a: Incineroar|16\/100 tox|[from] psn\n|-damage|p2b: Sinistcha|57\/100 tox|[from] psn\n|upkeep\n|turn|10\n|\n|t:|1700447372\n|move|p1a: Spanky|Wide Guard|p1a: Spanky\n|-singleturn|p1a: Spanky|Wide Guard\n|move|p2a: Incineroar|Fake Out|p1b: Ginkle\n|-damage|p1b: Ginkle|77\/100\n|cant|p1b: Ginkle|flinch\n|move|p2b: Sinistcha|Matcha Gotcha|p1a: Spanky|[spread] \n|-activate|p1a: Spanky|move: Wide Guard\n|-activate|p1b: Ginkle|move: Wide Guard\n|\n|-damage|p2a: Incineroar|4\/100 tox|[from] psn\n|-damage|p2b: Sinistcha|33\/100 tox|[from] psn\n|upkeep\n|turn|11\n|\n|t:|1700447382\n|move|p1a: Spanky|Wide Guard|p1a: Spanky\n|-singleturn|p1a: Spanky|Wide Guard\n|move|p1b: Ginkle|Thousand Arrows|p2b: Sinistcha|[spread] p2a,p2b\n|-supereffective|p2a: Incineroar\n|-resisted|p2b: Sinistcha\n|-damage|p2a: Incineroar|0 fnt\n|-damage|p2b: Sinistcha|13\/100 tox\n|faint|p2a: Incineroar\n|move|p2b: Sinistcha|Matcha Gotcha|p1b: Ginkle|[spread] \n|-activate|p1a: Spanky|move: Wide Guard\n|-activate|p1b: Ginkle|move: Wide Guard\n|\n|-damage|p2b: Sinistcha|0 fnt|[from] psn\n|faint|p2b: Sinistcha\n|upkeep\n|\n|t:|1700447389\n|switch|p2a: Manectric|Manectric-Mega, F|82\/100 tox\n|-damage|p2a: Manectric|70\/100 tox|[from] Stealth Rock\n|-ability|p2a: Manectric|Intimidate|boost\n|-unboost|p1a: Spanky|atk|1\n|-fail|p1b: Ginkle|unboost|[from] item: Clear Amulet|[of] p1b: Ginkle\n|turn|12\n|c|\u2606Dylanpika99|ggs\n|\n|t:|1700447403\n|move|p1b: Ginkle|Protect|p1b: Ginkle\n|-singleturn|p1b: Ginkle|Protect\n|move|p1a: Spanky|Snarl|p2a: Manectric\n|-damage|p2a: Manectric|57\/100 tox\n|-unboost|p2a: Manectric|spa|1\n|move|p2a: Manectric|Volt Switch|p1a: Spanky\n|-damage|p1a: Spanky|66\/100\n|\n|-damage|p2a: Manectric|50\/100 tox|[from] psn\n|upkeep\n|turn|13\n|\n|t:|1700447412\n|move|p1b: Ginkle|Thousand Arrows|p2a: Manectric\n|-supereffective|p2a: Manectric\n|-damage|p2a: Manectric|0 fnt\n|faint|p2a: Manectric\n|\n|win|Eliminathan\n|c|\u2606Eliminathan|ggs\n","uploadtime":1700447418,"views":5,"p1id":"eliminathan","p2id":"dylanpika99","formatid":"gen9nationaldexdoubles","rating":0,"private":0,"password":""}