{"id":"gen9nationaldexdoubles-1993431451","p1":"Jam35_Name","p2":"DoomedTaurus","format":"[Gen 9] National Dex Doubles","log":"|j|\u2606Jam35_Name\n|j|\u2606DoomedTaurus\n|t:|1700317052\n|gametype|doubles\n|player|p1|Jam35_Name|policeman|\n|player|p2|DoomedTaurus|bruno|\n|teamsize|p1|6\n|teamsize|p2|6\n|gen|9\n|tier|[Gen 9] National Dex Doubles\n|rule|HP Percentage Mod: HP is shown in percentages\n|rule|Endless Battle Clause: Forcing endless battles is banned\n|rule|OHKO Clause: OHKO moves are banned\n|rule|Evasion Moves Clause: Evasion moves are banned\n|rule|Evasion Abilities Clause: Evasion abilities are banned\n|rule|Species Clause: Limit one of each Pok\u00e9mon\n|rule|Gravity Sleep Clause: The combination of sleep-inducing moves with imperfect accuracy and Gravity or Gigantamax Orbeetle are banned\n|clearpoke\n|poke|p1|Blastoise, F|\n|poke|p1|Ditto|\n|poke|p1|Cloyster, F|\n|poke|p1|Magneton|\n|poke|p1|Mew|\n|poke|p1|Chansey, F|\n|poke|p2|Florges-Blue, F|\n|poke|p2|Chesnaught, M|\n|poke|p2|Aegislash, M|\n|poke|p2|Klefki, M|\n|poke|p2|Trevenant, M|\n|poke|p2|Dragalge, F|\n|teampreview\n|\n|t:|1700317059\n|start\n|switch|p1a: Cat|Mew, shiny|100\/100\n|switch|p1b: The Dittler|Ditto, shiny|100\/100\n|switch|p2a: Merlin|Klefki, M|100\/100\n|switch|p2b: Morgana|Florges-Blue, F|100\/100\n|-transform|p1b: The Dittler|p2a: Merlin|[from] ability: Imposter\n|turn|1\n|\n|t:|1700317084\n|move|p1b: The Dittler|Light Screen|p1b: The Dittler\n|-sidestart|p1: Jam35_Name|move: Light Screen\n|move|p2a: Merlin|Thunder Wave|p1b: The Dittler\n|-status|p1b: The Dittler|par\n|move|p1a: Cat|Cosmic Power|p1a: Cat\n|-boost|p1a: Cat|def|1\n|-boost|p1a: Cat|spd|1\n|move|p2b: Morgana|Calm Mind|p2b: Morgana\n|-boost|p2b: Morgana|spa|1\n|-boost|p2b: Morgana|spd|1\n|\n|upkeep\n|turn|2\n|\n|t:|1700317105\n|switch|p1b: Kinda Sus|Cloyster, F, shiny|100\/100\n|move|p2a: Merlin|Light Screen|p2a: Merlin\n|-sidestart|p2: DoomedTaurus|move: Light Screen\n|move|p1a: Cat|Cosmic Power|p1a: Cat\n|-boost|p1a: Cat|def|1\n|-boost|p1a: Cat|spd|1\n|move|p2b: Morgana|Calm Mind|p2b: Morgana\n|-boost|p2b: Morgana|spa|1\n|-boost|p2b: Morgana|spd|1\n|\n|upkeep\n|turn|3\n|\n|t:|1700317121\n|-terastallize|p1b: Kinda Sus|Electric\n|move|p1a: Cat|Ally Switch|p1a: Cat\n|swap|p1a: Cat|1|[from] move: Ally Switch\n|move|p2a: Merlin|Thunder Wave|p1a: Kinda Sus\n|-immune|p1a: Kinda Sus\n|move|p1a: Kinda Sus|Shell Smash|p1a: Kinda Sus\n|-unboost|p1a: Kinda Sus|def|1\n|-unboost|p1a: Kinda Sus|spd|1\n|-boost|p1a: Kinda Sus|atk|2\n|-boost|p1a: Kinda Sus|spa|2\n|-boost|p1a: Kinda Sus|spe|2\n|move|p2b: Morgana|Moonblast|p1a: Kinda Sus\n|-crit|p1a: Kinda Sus\n|-enditem|p1a: Kinda Sus|Focus Sash\n|-damage|p1a: Kinda Sus|1\/100\n|\n|upkeep\n|turn|4\n|\n|t:|1700317153\n|move|p1b: Cat|Helping Hand|p1a: Kinda Sus\n|-singleturn|p1a: Kinda Sus|Helping Hand|[of] p1b: Cat\n|move|p2a: Merlin|Spikes|p1b: Cat\n|-sidestart|p1: Jam35_Name|Spikes\n|move|p1a: Kinda Sus|Liquidation|p2a: Merlin\n|-damage|p2a: Merlin|18\/100\n|move|p2b: Morgana|Moonblast|p1a: Kinda Sus\n|-damage|p1a: Kinda Sus|0 fnt\n|faint|p1a: Kinda Sus\n|\n|upkeep\n|\n|t:|1700317166\n|switch|p1a: Balls|Magneton|100\/100\n|-damage|p1a: Balls|88\/100|[from] Spikes\n|turn|5\n|\n|t:|1700317196\n|switch|p2a: Percival|Chesnaught, M|100\/100\n|move|p1b: Cat|Helping Hand|p1a: Balls\n|-singleturn|p1a: Balls|Helping Hand|[of] p1b: Cat\n|move|p2b: Morgana|Moonblast|p1b: Cat\n|-damage|p1b: Cat|86\/100\n|-unboost|p1b: Cat|spa|1\n|move|p1a: Balls|Thunderbolt|p2a: Percival\n|-resisted|p2a: Percival\n|-damage|p2a: Percival|74\/100\n|\n|-heal|p1b: Cat|92\/100|[from] item: Leftovers\n|-sideend|p1: Jam35_Name|move: Light Screen\n|upkeep\n|turn|6\n|\n|t:|1700317231\n|move|p1b: Cat|Cosmic Power|p1b: Cat\n|-boost|p1b: Cat|def|1\n|-boost|p1b: Cat|spd|1\n|move|p2b: Morgana|Moonblast|p1b: Cat\n|-damage|p1b: Cat|75\/100\n|move|p2a: Percival|Body Press|p1a: Balls\n|-supereffective|p1a: Balls\n|-damage|p1a: Balls|33\/100\n|move|p1a: Balls|Light Screen|p1a: Balls\n|-sidestart|p1: Jam35_Name|move: Light Screen\n|\n|-heal|p1b: Cat|81\/100|[from] item: Leftovers\n|upkeep\n|turn|7\n|\n|t:|1700317263\n|move|p1b: Cat|Life Dew|p1b: Cat|[spread] p1a,p1b\n|-heal|p1a: Balls|58\/100\n|-heal|p1b: Cat|100\/100\n|move|p2b: Morgana|Moonblast|p1b: Cat\n|-damage|p1b: Cat|89\/100\n|-unboost|p1b: Cat|spa|1\n|move|p2a: Percival|Body Press|p1a: Balls\n|-supereffective|p1a: Balls\n|-damage|p1a: Balls|0 fnt\n|faint|p1a: Balls\n|\n|-heal|p1b: Cat|95\/100|[from] item: Leftovers\n|upkeep\n|\n|t:|1700317293\n|switch|p1a: The Dittler|Ditto, shiny|100\/100 par\n|-damage|p1a: The Dittler|88\/100 par|[from] Spikes\n|-transform|p1a: The Dittler|p2b: Morgana|[from] ability: Imposter\n|turn|8\n|\n|t:|1700317315\n|move|p1b: Cat|Life Dew|p1b: Cat|[spread] p1a,p1b\n|-heal|p1a: The Dittler|100\/100 par\n|-heal|p1b: Cat|100\/100\n|move|p2b: Morgana|Moonblast|p1a: The Dittler\n|-damage|p1a: The Dittler|80\/100 par\n|-unboost|p1a: The Dittler|spa|1\n|move|p2a: Percival|Wood Hammer|p1a: The Dittler\n|-damage|p1a: The Dittler|37\/100 par\n|-damage|p2a: Percival|63\/100|[from] Recoil\n|move|p1a: The Dittler|Moonblast|p2a: Percival\n|-supereffective|p2a: Percival\n|-damage|p2a: Percival|0 fnt\n|faint|p2a: Percival\n|\n|upkeep\n|\n|t:|1700317334\n|switch|p2a: Arthur|Aegislash, M|100\/100\n|turn|9\n|\n|t:|1700317387\n|move|p1b: Cat|Life Dew||[still]|[spread] p1a,p1b\n|-heal|p1a: The Dittler|62\/100 par\n|-fail|p1b: Cat|heal\n|move|p2b: Morgana|Moonblast|p1a: The Dittler\n|-damage|p1a: The Dittler|43\/100 par\n|move|p2a: Arthur|Toxic|p1b: Cat\n|-status|p1b: Cat|tox\n|-activate|p1b: Cat|ability: Synchronize\n|-immune|p2a: Arthur\n|cant|p1a: The Dittler|par\n|\n|-damage|p1b: Cat|94\/100 tox|[from] psn\n|-sideend|p2: DoomedTaurus|move: Light Screen\n|upkeep\n|turn|10\n|\n|t:|1700317443\n|move|p1b: Cat|Helping Hand|p1a: The Dittler\n|-singleturn|p1a: The Dittler|Helping Hand|[of] p1b: Cat\n|move|p2b: Morgana|Calm Mind|p2b: Morgana\n|-boost|p2b: Morgana|spa|1\n|-boost|p2b: Morgana|spd|1\n|move|p2a: Arthur|Substitute|p2a: Arthur\n|-start|p2a: Arthur|Substitute\n|-damage|p2a: Arthur|75\/100\n|cant|p1a: The Dittler|par\n|\n|-heal|p1b: Cat|100\/100 tox|[from] item: Leftovers\n|-heal|p2a: Arthur|82\/100|[from] item: Leftovers\n|-damage|p1b: Cat|88\/100 tox|[from] psn\n|-sideend|p1: Jam35_Name|move: Light Screen\n|upkeep\n|turn|11\n|\n|t:|1700317469\n|switch|p1b: Oeuf|Chansey, F|100\/100\n|-damage|p1b: Oeuf|88\/100|[from] Spikes\n|switch|p1a: Tutel :)|Blastoise, F|100\/100\n|-damage|p1a: Tutel :)|88\/100|[from] Spikes\n|move|p2b: Morgana|Moonblast|p1a: Tutel :)\n|-damage|p1a: Tutel :)|0 fnt\n|faint|p1a: Tutel :)\n|-formechange|p2a: Arthur|Aegislash-Blade||[from] ability: Stance Change\n|move|p2a: Arthur|Shadow Ball|p1b: Oeuf\n|-immune|p1b: Oeuf\n|\n|-heal|p2a: Arthur|88\/100|[from] item: Leftovers\n|upkeep\n|-message|Jam35_Name forfeited.\n|\n|win|DoomedTaurus\n","uploadtime":1700317563,"views":7,"p1id":"jam35name","p2id":"doomedtaurus","formatid":"gen9nationaldexdoubles","rating":0,"private":0,"password":""}