{"id":"gen9nationaldexdoubles-1974254063","p1":"Black9107","p2":"okiedokay","format":"[Gen 9] National Dex Doubles","log":"|j|\u2606Black9107\n|j|\u2606okiedokay\n|t:|1698072313\n|gametype|doubles\n|player|p1|Black9107|red|1255\n|player|p2|okiedokay|170|1168\n|teamsize|p1|6\n|teamsize|p2|6\n|gen|9\n|tier|[Gen 9] National Dex Doubles\n|rated|\n|rule|HP Percentage Mod: HP is shown in percentages\n|rule|Endless Battle Clause: Forcing endless battles is banned\n|rule|OHKO Clause: OHKO moves are banned\n|rule|Evasion Moves Clause: Evasion moves are banned\n|rule|Evasion Abilities Clause: Evasion abilities are banned\n|rule|Species Clause: Limit one of each Pok\u00e9mon\n|rule|Gravity Sleep Clause: The combination of sleep-inducing moves with imperfect accuracy and Gravity or Gigantamax Orbeetle are banned\n|clearpoke\n|poke|p1|Tornadus, M|\n|poke|p1|Amoonguss, M|\n|poke|p1|Grimmsnarl, M|\n|poke|p1|Brambleghast, M|\n|poke|p1|Metagross|\n|poke|p1|Armarouge, M|\n|poke|p2|Mimikyu, F|\n|poke|p2|Flutter Mane|\n|poke|p2|Gholdengo|\n|poke|p2|Froslass, F|\n|poke|p2|Dragapult, M|\n|poke|p2|Brambleghast, F|\n|teampreview\n|\n|t:|1698072327\n|start\n|switch|p1a: Tornadus|Tornadus, M, shiny|100\/100\n|switch|p1b: Grimmsnarl|Grimmsnarl, M|100\/100\n|switch|p2a: Gholdengo|Gholdengo|100\/100\n|switch|p2b: Dragapult|Dragapult, M|100\/100\n|-item|p2a: Gholdengo|Air Balloon\n|turn|1\n|\n|t:|1698072355\n|move|p1b: Grimmsnarl|Thunder Wave|p2b: Dragapult|[miss]\n|-miss|p1b: Grimmsnarl|p2b: Dragapult\n|move|p2b: Dragapult|Draco Meteor|p1a: Tornadus\n|-damage|p1a: Tornadus|26\/100\n|-unboost|p2b: Dragapult|spa|2\n|move|p2a: Gholdengo|Nasty Plot|p2a: Gholdengo\n|-boost|p2a: Gholdengo|spa|2\n|move|p1a: Tornadus|Icy Wind|p2b: Dragapult|[spread] p2a,p2b\n|-resisted|p2a: Gholdengo\n|-supereffective|p2b: Dragapult\n|-damage|p2a: Gholdengo|93\/100\n|-damage|p2b: Dragapult|63\/100\n|-unboost|p2a: Gholdengo|spe|1\n|-unboost|p2b: Dragapult|spe|1\n|-enditem|p2a: Gholdengo|Air Balloon\n|\n|upkeep\n|turn|2\n|\n|t:|1698072381\n|switch|p2b: Mimikyu|Mimikyu, F|100\/100\n|move|p1a: Tornadus|Tailwind|p1a: Tornadus\n|-sidestart|p1: Black9107|move: Tailwind\n|move|p1b: Grimmsnarl|Thunder Wave|p2b: Mimikyu\n|-status|p2b: Mimikyu|par\n|move|p2a: Gholdengo|Make It Rain|p1b: Grimmsnarl|[spread] p1a,p1b\n|-supereffective|p1b: Grimmsnarl\n|-damage|p1a: Tornadus|0 fnt\n|-damage|p1b: Grimmsnarl|0 fnt\n|-unboost|p2a: Gholdengo|spa|1\n|faint|p1a: Tornadus\n|faint|p1b: Grimmsnarl\n|\n|upkeep\n|\n|t:|1698072395\n|switch|p1a: Brambleghast|Brambleghast, M, shiny|100\/100\n|switch|p1b: Armarouge|Armarouge, M, shiny|100\/100\n|-ability|p1a: Brambleghast|Wind Rider|boost\n|-boost|p1a: Brambleghast|atk|1\n|turn|3\n|\n|t:|1698072408\n|move|p2b: Mimikyu|Shadow Sneak|p1a: Brambleghast\n|-supereffective|p1a: Brambleghast\n|-damage|p1a: Brambleghast|26\/100\n|-damage|p2b: Mimikyu|91\/100 par|[from] item: Life Orb\n|move|p1a: Brambleghast|Poltergeist||[still]\n|-fail|p1a: Brambleghast\n|move|p1b: Armarouge|Heat Wave|p2b: Mimikyu|[spread] p2a,p2b\n|-supereffective|p2a: Gholdengo\n|-crit|p2a: Gholdengo\n|-damage|p2a: Gholdengo|0 fnt\n|-activate|p2b: Mimikyu|ability: Disguise\n|-damage|p2b: Mimikyu|91\/100 par\n|detailschange|p2b: Mimikyu|Mimikyu-Busted, F\n|-damage|p2b: Mimikyu|78\/100 par|[from] pokemon: Mimikyu-Busted\n|faint|p2a: Gholdengo\n|\n|upkeep\n|\n|t:|1698072413\n|switch|p2a: Flutter Mane|Flutter Mane|100\/100\n|turn|4\n|\n|t:|1698072430\n|move|p2b: Mimikyu|Shadow Sneak|p1a: Brambleghast\n|-supereffective|p1a: Brambleghast\n|-damage|p1a: Brambleghast|0 fnt\n|faint|p1a: Brambleghast\n|-damage|p2b: Mimikyu|68\/100 par|[from] item: Life Orb\n|move|p2a: Flutter Mane|Shadow Ball|p1b: Armarouge\n|-supereffective|p1b: Armarouge\n|-enditem|p1b: Armarouge|Focus Sash\n|-damage|p1b: Armarouge|1\/100\n|move|p1b: Armarouge|Calm Mind|p1b: Armarouge\n|-boost|p1b: Armarouge|spa|1\n|-boost|p1b: Armarouge|spd|1\n|\n|upkeep\n|\n|t:|1698072433\n|switch|p1a: Metagross|Metagross, shiny|100\/100\n|turn|5\n|\n|t:|1698072439\n|detailschange|p1a: Metagross|Metagross-Mega, shiny\n|-mega|p1a: Metagross|Metagross|Metagrossite\n|move|p2b: Mimikyu|Shadow Sneak|p1b: Armarouge\n|-supereffective|p1b: Armarouge\n|-damage|p1b: Armarouge|0 fnt\n|faint|p1b: Armarouge\n|-damage|p2b: Mimikyu|58\/100 par|[from] item: Life Orb\n|move|p1a: Metagross|Meteor Mash|p2a: Flutter Mane\n|-supereffective|p2a: Flutter Mane\n|-damage|p2a: Flutter Mane|0 fnt\n|faint|p2a: Flutter Mane\n|-end|p2a: Flutter Mane|Protosynthesis|[silent]\n|\n|-sideend|p1: Black9107|move: Tailwind\n|upkeep\n|\n|t:|1698072450\n|switch|p2a: Froslass|Froslass, F|100\/100\n|switch|p1b: Amoonguss|Amoonguss, M, shiny|100\/100\n|turn|6\n|\n|t:|1698072466\n|move|p1b: Amoonguss|Rage Powder|p1b: Amoonguss\n|-singleturn|p1b: Amoonguss|move: Rage Powder\n|move|p1a: Metagross|Bullet Punch|p2a: Froslass\n|-supereffective|p2a: Froslass\n|-damage|p2a: Froslass|26\/100\n|-start|p1a: Metagross|Disable|Bullet Punch|[from] ability: Cursed Body|[of] p2a: Froslass\n|cant|p2b: Mimikyu|par\n|move|p2a: Froslass|Ice Beam|p1b: Amoonguss\n|-supereffective|p1b: Amoonguss\n|-damage|p1b: Amoonguss|65\/100\n|\n|-heal|p1b: Amoonguss|72\/100|[from] item: Leftovers\n|upkeep\n|turn|7\n|\n|t:|1698072481\n|move|p1b: Amoonguss|Rage Powder|p1b: Amoonguss\n|-singleturn|p1b: Amoonguss|move: Rage Powder\n|move|p2b: Mimikyu|Shadow Sneak|p1b: Amoonguss\n|-damage|p1b: Amoonguss|50\/100\n|-damage|p2b: Mimikyu|48\/100 par|[from] item: Life Orb\n|move|p1a: Metagross|Meteor Mash|p2a: Froslass\n|-supereffective|p2a: Froslass\n|-damage|p2a: Froslass|0 fnt\n|faint|p2a: Froslass\n|\n|-heal|p1b: Amoonguss|57\/100|[from] item: Leftovers\n|upkeep\n|\n|t:|1698072488\n|switch|p2a: Brambleghast|Brambleghast, F|100\/100\n|turn|8\n|\n|t:|1698072511\n|move|p1a: Metagross|Zen Headbutt|p2a: Brambleghast\n|-damage|p2a: Brambleghast|21\/100\n|cant|p2a: Brambleghast|flinch\n|cant|p2b: Mimikyu|par\n|move|p1b: Amoonguss|Spore||[still]\n|-fail|p1b: Amoonguss\n|\n|-heal|p1b: Amoonguss|63\/100|[from] item: Leftovers\n|upkeep\n|turn|9\n|\n|t:|1698072524\n|move|p1b: Amoonguss|Rage Powder|p1b: Amoonguss\n|-singleturn|p1b: Amoonguss|move: Rage Powder\n|cant|p2b: Mimikyu|par\n|move|p1a: Metagross|Meteor Mash|p2b: Mimikyu\n|-supereffective|p2b: Mimikyu\n|-damage|p2b: Mimikyu|0 fnt\n|-boost|p1a: Metagross|atk|1\n|faint|p2b: Mimikyu\n|move|p2a: Brambleghast|Strength Sap|p1a: Metagross\n|-unboost|p1a: Metagross|atk|1\n|-heal|p2a: Brambleghast|100\/100\n|\n|-heal|p1b: Amoonguss|69\/100|[from] item: Leftovers\n|-end|p1a: Metagross|Disable\n|upkeep\n|\n|t:|1698072527\n|switch|p2b: Dragapult|Dragapult, M|63\/100\n|turn|10\n|\n|t:|1698072561\n|move|p2b: Dragapult|Flamethrower|p1b: Amoonguss\n|-supereffective|p1b: Amoonguss\n|-damage|p1b: Amoonguss|22\/100\n|move|p1a: Metagross|Zen Headbutt|p2a: Brambleghast\n|-damage|p2a: Brambleghast|11\/100\n|move|p2a: Brambleghast|Strength Sap|p1a: Metagross\n|-unboost|p1a: Metagross|atk|1\n|-heal|p2a: Brambleghast|100\/100\n|move|p1b: Amoonguss|Spore|p2b: Dragapult\n|-status|p2b: Dragapult|slp|[from] move: Spore\n|\n|-heal|p1b: Amoonguss|28\/100|[from] item: Leftovers\n|upkeep\n|turn|11\n|\n|t:|1698072580\n|move|p1b: Amoonguss|Rage Powder|p1b: Amoonguss\n|-singleturn|p1b: Amoonguss|move: Rage Powder\n|move|p2a: Brambleghast|Shadow Sneak|p1b: Amoonguss\n|-damage|p1b: Amoonguss|7\/100\n|cant|p2b: Dragapult|slp\n|move|p1a: Metagross|Zen Headbutt|p2b: Dragapult\n|-damage|p2b: Dragapult|2\/100 slp\n|\n|-heal|p1b: Amoonguss|13\/100|[from] item: Leftovers\n|upkeep\n|turn|12\n|\n|t:|1698072593\n|move|p1b: Amoonguss|Rage Powder|p1b: Amoonguss\n|-singleturn|p1b: Amoonguss|move: Rage Powder\n|move|p1a: Metagross|Bullet Punch|p2b: Dragapult\n|-damage|p2b: Dragapult|0 fnt\n|faint|p2b: Dragapult\n|move|p2a: Brambleghast|Shadow Sneak|p1b: Amoonguss\n|-damage|p1b: Amoonguss|0 fnt\n|faint|p1b: Amoonguss\n|\n|upkeep\n|turn|13\n|\n|t:|1698072600\n|move|p1a: Metagross|Meteor Mash|p2a: Brambleghast\n|-damage|p2a: Brambleghast|39\/100\n|move|p2a: Brambleghast|Strength Sap|p1a: Metagross\n|-unboost|p1a: Metagross|atk|1\n|-heal|p2a: Brambleghast|100\/100\n|\n|upkeep\n|turn|14\n|\n|t:|1698072610\n|move|p1a: Metagross|Meteor Mash|p2a: Brambleghast\n|-damage|p2a: Brambleghast|51\/100\n|move|p2a: Brambleghast|Strength Sap|p1a: Metagross\n|-unboost|p1a: Metagross|atk|1\n|-heal|p2a: Brambleghast|100\/100\n|\n|upkeep\n|turn|15\n|\n|t:|1698072615\n|move|p1a: Metagross|Meteor Mash|p2a: Brambleghast\n|-damage|p2a: Brambleghast|59\/100\n|-boost|p1a: Metagross|atk|1\n|move|p2a: Brambleghast|Strength Sap|p1a: Metagross\n|-unboost|p1a: Metagross|atk|1\n|-heal|p2a: Brambleghast|100\/100\n|\n|upkeep\n|turn|16\n|\n|t:|1698072619\n|move|p2a: Brambleghast|Shadow Sneak|p1a: Metagross\n|-supereffective|p1a: Metagross\n|-damage|p1a: Metagross|67\/100\n|move|p1a: Metagross|Meteor Mash|p2a: Brambleghast\n|-damage|p2a: Brambleghast|65\/100\n|\n|upkeep\n|turn|17\n|\n|t:|1698072625\n|move|p1a: Metagross|Zen Headbutt|p2a: Brambleghast\n|-damage|p2a: Brambleghast|32\/100\n|move|p2a: Brambleghast|Strength Sap|p1a: Metagross\n|-unboost|p1a: Metagross|atk|1\n|-heal|p2a: Brambleghast|81\/100\n|\n|upkeep\n|turn|18\n|\n|t:|1698072631\n|move|p2a: Brambleghast|Shadow Sneak|p1a: Metagross\n|-supereffective|p1a: Metagross\n|-damage|p1a: Metagross|32\/100\n|move|p1a: Metagross|Meteor Mash|p2a: Brambleghast|[miss]\n|-miss|p1a: Metagross|p2a: Brambleghast\n|\n|upkeep\n|turn|19\n|\n|t:|1698072635\n|move|p2a: Brambleghast|Shadow Sneak|p1a: Metagross\n|-supereffective|p1a: Metagross\n|-damage|p1a: Metagross|0 fnt\n|faint|p1a: Metagross\n|\n|win|okiedokay\n|raw|Black9107's rating: 1255 &rarr; <strong>1224<\/strong><br \/>(-31 for losing)\n|raw|okiedokay's rating: 1168 &rarr; <strong>1199<\/strong><br \/>(+31 for winning)\n|l|\u2606Black9107\n","uploadtime":1698072644,"views":8,"p1id":"black9107","p2id":"okiedokay","formatid":"gen9nationaldexdoubles","rating":1199,"private":0,"password":""}