{"id":"gen9nationaldexdoubles-1961434384","p1":"Flungusdungus","p2":"Tournesun","format":"[Gen 9] National Dex Doubles","log":"|j|\u2606Flungusdungus\n|j|\u2606Tournesun\n|t:|1696625024\n|gametype|doubles\n|player|p1|Flungusdungus|clown|1077\n|player|p2|Tournesun|workerice|1118\n|teamsize|p1|6\n|teamsize|p2|6\n|gen|9\n|tier|[Gen 9] National Dex Doubles\n|rated|\n|rule|HP Percentage Mod: HP is shown in percentages\n|rule|Endless Battle Clause: Forcing endless battles is banned\n|rule|OHKO Clause: OHKO moves are banned\n|rule|Evasion Moves Clause: Evasion moves are banned\n|rule|Evasion Abilities Clause: Evasion abilities are banned\n|rule|Species Clause: Limit one of each Pok\u00e9mon\n|rule|Gravity Sleep Clause: The combination of sleep-inducing moves with imperfect accuracy and Gravity or Gigantamax Orbeetle are banned\n|clearpoke\n|poke|p1|Shuckle, F|\n|poke|p1|Talonflame, M|\n|poke|p1|Ribombee, F|\n|poke|p1|Tornadus, M|\n|poke|p1|Cresselia, F|\n|poke|p1|Mew|\n|poke|p2|Oricorio-Pom-Pom, M|\n|poke|p2|Quaquaval, M|\n|poke|p2|Farigiraf, M|\n|poke|p2|Kingambit, M|\n|poke|p2|Dusclops, M|\n|poke|p2|Ursaluna-Bloodmoon, M|\n|teampreview\n|\n|t:|1696625039\n|start\n|switch|p1a: Shuckle|Shuckle, F|100\/100\n|switch|p1b: Talonflame|Talonflame, M|100\/100\n|switch|p2a: Ursaluna|Ursaluna-Bloodmoon, M|100\/100\n|switch|p2b: Dusclops|Dusclops, M|100\/100\n|-ability|p2b: Dusclops|Pressure\n|turn|1\n|\n|t:|1696625053\n|move|p1b: Talonflame|Defog|p1a: Shuckle\n|-boost|p1a: Shuckle|evasion|1\n|move|p2a: Ursaluna|Hyper Voice|p1a: Shuckle|[spread] p1a,p1b\n|-resisted|p1a: Shuckle\n|-damage|p1a: Shuckle|86\/100\n|-damage|p1b: Talonflame|30\/100\n|-damage|p2a: Ursaluna|90\/100|[from] item: Life Orb\n|move|p2b: Dusclops|Will-O-Wisp|p1a: Shuckle\n|-status|p1a: Shuckle|brn\n|move|p1a: Shuckle|Shell Smash|p1a: Shuckle\n|-boost|p1a: Shuckle|def|1\n|-boost|p1a: Shuckle|spd|1\n|-unboost|p1a: Shuckle|atk|2\n|-unboost|p1a: Shuckle|spa|2\n|-unboost|p1a: Shuckle|spe|2\n|\n|-heal|p1a: Shuckle|92\/100 brn|[from] item: Leftovers\n|-damage|p1a: Shuckle|86\/100 brn|[from] brn\n|upkeep\n|turn|2\n|\n|t:|1696625074\n|move|p1b: Talonflame|Defog|p1a: Shuckle\n|-boost|p1a: Shuckle|evasion|1\n|move|p2a: Ursaluna|Hyper Voice|p1a: Shuckle|[spread] p1a,p1b\n|-resisted|p1a: Shuckle\n|-damage|p1a: Shuckle|78\/100 brn\n|-damage|p1b: Talonflame|0 fnt\n|faint|p1b: Talonflame\n|-damage|p2a: Ursaluna|80\/100|[from] item: Life Orb\n|move|p2b: Dusclops|Charge Beam|p1a: Shuckle\n|-damage|p1a: Shuckle|74\/100 brn\n|move|p1a: Shuckle|Shell Smash|p1a: Shuckle\n|-boost|p1a: Shuckle|def|1\n|-boost|p1a: Shuckle|spd|1\n|-unboost|p1a: Shuckle|atk|2\n|-unboost|p1a: Shuckle|spa|2\n|-unboost|p1a: Shuckle|spe|2\n|\n|-heal|p1a: Shuckle|80\/100 brn|[from] item: Leftovers\n|-damage|p1a: Shuckle|74\/100 brn|[from] brn\n|upkeep\n|\n|t:|1696625095\n|switch|p1b: Cresselia|Cresselia, F|100\/100\n|turn|3\n|\n|t:|1696625105\n|move|p1b: Cresselia|Lunar Blessing|p1b: Cresselia|[spread] p1a,p1b\n|-heal|p1a: Shuckle|99\/100 brn\n|-curestatus|p1a: Shuckle|brn|[msg]\n|move|p2a: Ursaluna|Blood Moon|p1b: Cresselia\n|-damage|p1b: Cresselia|34\/100\n|-damage|p2a: Ursaluna|70\/100|[from] item: Life Orb\n|move|p2b: Dusclops|Skill Swap|p1a: Shuckle\n|-activate|p2b: Dusclops|move: Skill Swap|Contrary|Pressure|[of] p1a: Shuckle\n|-ability|p1a: Shuckle|Pressure\n|move|p1a: Shuckle|Toxic|p2a: Ursaluna|[miss]\n|-miss|p1a: Shuckle|p2a: Ursaluna\n|\n|-heal|p1a: Shuckle|100\/100|[from] item: Leftovers\n|upkeep\n|turn|4\n|\n|t:|1696625133\n|move|p1b: Cresselia|Psych Up|p1a: Shuckle\n|-copyboost|p1b: Cresselia|p1a: Shuckle|[from] move: Psych Up\n|-enditem|p1b: Cresselia|White Herb\n|-clearnegativeboost|p1b: Cresselia|[silent]\n|move|p2a: Ursaluna|Hyper Voice|p1a: Shuckle|[spread] p1a,p1b\n|-resisted|p1a: Shuckle\n|-damage|p1a: Shuckle|94\/100\n|-damage|p1b: Cresselia|16\/100\n|-damage|p2a: Ursaluna|60\/100|[from] item: Life Orb\n|move|p2b: Dusclops|Night Shade|p1b: Cresselia|[miss]\n|-miss|p2b: Dusclops|p1b: Cresselia\n|move|p1a: Shuckle|Toxic|p2a: Ursaluna\n|-status|p2a: Ursaluna|tox\n|\n|-heal|p1a: Shuckle|99\/100|[from] item: Leftovers\n|-damage|p2a: Ursaluna|54\/100 tox|[from] psn\n|upkeep\n|turn|5\n|\n|t:|1696625182\n|move|p1b: Cresselia|Lunar Blessing|p1b: Cresselia|[spread] p1a,p1b\n|-heal|p1a: Shuckle|100\/100\n|-heal|p1b: Cresselia|41\/100\n|move|p2a: Ursaluna|Hyper Voice|p1b: Cresselia|[spread] p1a,p1b\n|-resisted|p1a: Shuckle\n|-damage|p1a: Shuckle|94\/100\n|-damage|p1b: Cresselia|25\/100\n|-damage|p2a: Ursaluna|44\/100 tox|[from] item: Life Orb\n|move|p2b: Dusclops|Night Shade|p1b: Cresselia\n|-damage|p1b: Cresselia|3\/100\n|move|p1a: Shuckle|Infestation|p2a: Ursaluna\n|-damage|p2a: Ursaluna|44\/100 tox\n|-activate|p2a: Ursaluna|move: Infestation|[of] p1a: Shuckle\n|\n|-heal|p1a: Shuckle|99\/100|[from] item: Leftovers\n|-damage|p2a: Ursaluna|32\/100 tox|[from] psn\n|-damage|p2a: Ursaluna|19\/100 tox|[from] move: Infestation|[partiallytrapped]\n|upkeep\n|turn|6\n|\n|t:|1696625204\n|move|p1b: Cresselia|Lunar Blessing|p1b: Cresselia|[spread] p1a,p1b\n|-heal|p1a: Shuckle|100\/100\n|-heal|p1b: Cresselia|28\/100\n|move|p2a: Ursaluna|Hyper Voice|p1a: Shuckle|[spread] p1a,p1b\n|-resisted|p1a: Shuckle\n|-damage|p1a: Shuckle|94\/100\n|-damage|p1b: Cresselia|10\/100\n|-damage|p2a: Ursaluna|9\/100 tox|[from] item: Life Orb\n|move|p2b: Dusclops|Charge Beam|p1b: Cresselia|[miss]\n|-miss|p2b: Dusclops|p1b: Cresselia\n|move|p1a: Shuckle|Toxic|p2b: Dusclops\n|-status|p2b: Dusclops|tox\n|\n|-heal|p1a: Shuckle|99\/100|[from] item: Leftovers\n|-damage|p2a: Ursaluna|0 fnt|[from] psn\n|faint|p2a: Ursaluna\n|-damage|p2b: Dusclops|95\/100 tox|[from] psn\n|upkeep\n|\n|t:|1696625225\n|switch|p2a: Farigiraf|Farigiraf, M|100\/100\n|turn|7\n|\n|t:|1696625243\n|move|p1b: Cresselia|Lunar Blessing|p1b: Cresselia|[spread] p1a,p1b\n|-heal|p1a: Shuckle|100\/100\n|-heal|p1b: Cresselia|35\/100\n|move|p2a: Farigiraf|Shadow Ball|p1b: Cresselia|[miss]\n|-miss|p2a: Farigiraf|p1b: Cresselia\n|move|p2b: Dusclops|Night Shade|p1a: Shuckle|[miss]\n|-miss|p2b: Dusclops|p1a: Shuckle\n|move|p1a: Shuckle|Toxic|p2a: Farigiraf\n|-status|p2a: Farigiraf|tox\n|\n|-damage|p2a: Farigiraf|94\/100 tox|[from] psn\n|-damage|p2b: Dusclops|83\/100 tox|[from] psn\n|upkeep\n|turn|8\n|\n|t:|1696625265\n|move|p1b: Cresselia|Lunar Blessing|p1b: Cresselia|[spread] p1a,p1b\n|-heal|p1b: Cresselia|60\/100\n|move|p2a: Farigiraf|Shadow Ball|p1b: Cresselia\n|-supereffective|p1b: Cresselia\n|-damage|p1b: Cresselia|42\/100\n|move|p2b: Dusclops|Night Shade|p1b: Cresselia\n|-damage|p1b: Cresselia|19\/100\n|move|p1a: Shuckle|Infestation|p2b: Dusclops\n|-resisted|p2b: Dusclops\n|-damage|p2b: Dusclops|82\/100 tox\n|-activate|p2b: Dusclops|move: Infestation|[of] p1a: Shuckle\n|\n|-damage|p2a: Farigiraf|82\/100 tox|[from] psn\n|-damage|p2b: Dusclops|64\/100 tox|[from] psn\n|-damage|p2b: Dusclops|52\/100 tox|[from] move: Infestation|[partiallytrapped]\n|upkeep\n|turn|9\n|\n|t:|1696625328\n|move|p1a: Shuckle|Protect|p1a: Shuckle\n|-singleturn|p1a: Shuckle|Protect\n|move|p1b: Cresselia|Lunar Blessing|p1b: Cresselia|[spread] p1a,p1b\n|-heal|p1b: Cresselia|44\/100\n|move|p2a: Farigiraf|Psychic|p1b: Cresselia|[miss]\n|-miss|p2a: Farigiraf|p1b: Cresselia\n|move|p2b: Dusclops|Night Shade|p1b: Cresselia\n|-damage|p1b: Cresselia|22\/100\n|\n|-damage|p2a: Farigiraf|64\/100 tox|[from] psn\n|-damage|p2b: Dusclops|28\/100 tox|[from] psn\n|-damage|p2b: Dusclops|16\/100 tox|[from] move: Infestation|[partiallytrapped]\n|upkeep\n|turn|10\n|\n|t:|1696625349\n|move|p1b: Cresselia|Lunar Blessing|p1b: Cresselia|[spread] p1a,p1b\n|-heal|p1b: Cresselia|47\/100\n|move|p2a: Farigiraf|Shadow Ball|p1b: Cresselia|[miss]\n|-miss|p2a: Farigiraf|p1b: Cresselia\n|move|p2b: Dusclops|Will-O-Wisp|p1a: Shuckle\n|-status|p1a: Shuckle|brn\n|move|p1a: Shuckle|Infestation|p2a: Farigiraf\n|-supereffective|p2a: Farigiraf\n|-crit|p2a: Farigiraf\n|-damage|p2a: Farigiraf|59\/100 tox\n|-activate|p2a: Farigiraf|move: Infestation|[of] p1a: Shuckle\n|-damage|p1a: Shuckle|84\/100 brn|[from] item: Rocky Helmet|[of] p2a: Farigiraf\n|\n|-heal|p1a: Shuckle|90\/100 brn|[from] item: Leftovers\n|-damage|p2a: Farigiraf|34\/100 tox|[from] psn\n|-damage|p2b: Dusclops|0 fnt|[from] psn\n|faint|p2b: Dusclops\n|-damage|p1a: Shuckle|84\/100 brn|[from] brn\n|-damage|p2a: Farigiraf|22\/100 tox|[from] move: Infestation|[partiallytrapped]\n|upkeep\n|\n|t:|1696625363\n|switch|p2b: Oricorio|Oricorio-Pom-Pom, M|100\/100\n|turn|11\n|\n|t:|1696625376\n|move|p2b: Oricorio|Quiver Dance|p2b: Oricorio\n|-boost|p2b: Oricorio|spa|1\n|-boost|p2b: Oricorio|spd|1\n|-boost|p2b: Oricorio|spe|1\n|move|p1b: Cresselia|Lunar Blessing|p1b: Cresselia|[spread] p1a,p1b\n|-heal|p1a: Shuckle|100\/100 brn\n|-curestatus|p1a: Shuckle|brn|[msg]\n|-heal|p1b: Cresselia|72\/100\n|move|p2a: Farigiraf|Shadow Ball|p1b: Cresselia\n|-supereffective|p1b: Cresselia\n|-damage|p1b: Cresselia|53\/100\n|move|p1a: Shuckle|Toxic|p2b: Oricorio\n|-status|p2b: Oricorio|tox\n|\n|-damage|p2b: Oricorio|94\/100 tox|[from] psn\n|-damage|p2a: Farigiraf|0 fnt|[from] psn\n|faint|p2a: Farigiraf\n|upkeep\n|\n|t:|1696625391\n|switch|p2a: Quaquaval|Quaquaval, M|100\/100\n|turn|12\n|\n|t:|1696625401\n|-terastallize|p2b: Oricorio|Steel\n|move|p2b: Oricorio|Revelation Dance|p1a: Shuckle\n|-supereffective|p1a: Shuckle\n|-damage|p1a: Shuckle|68\/100\n|move|p2a: Quaquaval|Aqua Step|p1a: Shuckle|[miss]\n|-miss|p2a: Quaquaval|p1a: Shuckle\n|move|p1b: Cresselia|Stored Power|p2a: Quaquaval\n|-supereffective|p2a: Quaquaval\n|-enditem|p2a: Quaquaval|Focus Sash\n|-damage|p2a: Quaquaval|1\/100\n|move|p1a: Shuckle|Infestation|p2b: Oricorio\n|-resisted|p2b: Oricorio\n|-damage|p2b: Oricorio|94\/100 tox\n|-activate|p2b: Oricorio|move: Infestation|[of] p1a: Shuckle\n|\n|-heal|p1a: Shuckle|74\/100|[from] item: Leftovers\n|-damage|p2b: Oricorio|82\/100 tox|[from] psn\n|-damage|p2b: Oricorio|69\/100 tox|[from] move: Infestation|[partiallytrapped]\n|upkeep\n|turn|13\n|\n|t:|1696625423\n|move|p1a: Shuckle|Protect|p1a: Shuckle\n|-singleturn|p1a: Shuckle|Protect\n|move|p2b: Oricorio|Quiver Dance|p2b: Oricorio\n|-boost|p2b: Oricorio|spa|1\n|-boost|p2b: Oricorio|spd|1\n|-boost|p2b: Oricorio|spe|1\n|move|p2a: Quaquaval|Aqua Step|p1a: Shuckle\n|-activate|p1a: Shuckle|move: Protect\n|move|p1b: Cresselia|Moonblast|p2a: Quaquaval\n|-supereffective|p2a: Quaquaval\n|-damage|p2a: Quaquaval|0 fnt\n|faint|p2a: Quaquaval\n|\n|-heal|p1a: Shuckle|80\/100|[from] item: Leftovers\n|-damage|p2b: Oricorio|51\/100 tox|[from] psn\n|-damage|p2b: Oricorio|38\/100 tox|[from] move: Infestation|[partiallytrapped]\n|upkeep\n|\n|t:|1696625428\n|switch|p2a: Kingambit|Kingambit, M|100\/100\n|-activate|p2a: Kingambit|ability: Supreme Overlord\n|-start|p2a: Kingambit|fallen4|[silent]\n|turn|14\n|\n|t:|1696625457\n|-terastallize|p1a: Shuckle|Poison\n|move|p2b: Oricorio|Revelation Dance|p1a: Shuckle|[miss]\n|-miss|p2b: Oricorio|p1a: Shuckle\n|move|p1b: Cresselia|Psych Up|p2b: Oricorio\n|-copyboost|p1b: Cresselia|p2b: Oricorio|[from] move: Psych Up\n|move|p2a: Kingambit|Kowtow Cleave|p1b: Cresselia\n|-supereffective|p1b: Cresselia\n|-damage|p1b: Cresselia|0 fnt\n|faint|p1b: Cresselia\n|move|p1a: Shuckle|Infestation|p2a: Kingambit\n|-damage|p2a: Kingambit|99\/100\n|-activate|p2a: Kingambit|move: Infestation|[of] p1a: Shuckle\n|\n|-heal|p1a: Shuckle|86\/100|[from] item: Leftovers\n|-damage|p2b: Oricorio|14\/100 tox|[from] psn\n|-damage|p2b: Oricorio|1\/100 tox|[from] move: Infestation|[partiallytrapped]\n|-damage|p2a: Kingambit|87\/100|[from] move: Infestation|[partiallytrapped]\n|upkeep\n|\n|t:|1696625473\n|switch|p1b: huey lewis|Mew|100\/100\n|turn|15\n|\n|t:|1696625485\n|move|p2b: Oricorio|Revelation Dance|p1a: Shuckle\n|-damage|p1a: Shuckle|65\/100\n|move|p1b: huey lewis|Transform|p1a: Shuckle\n|-transform|p1b: huey lewis|p1a: Shuckle\n|-ability|p1b: huey lewis|Pressure\n|move|p2a: Kingambit|Kowtow Cleave|p1b: huey lewis\n|-damage|p1b: huey lewis|82\/100\n|move|p1a: Shuckle|Infestation|p2b: Oricorio\n|-resisted|p2b: Oricorio\n|-damage|p2b: Oricorio|1\/100 tox\n|\n|-heal|p1b: huey lewis|88\/100|[from] item: Leftovers\n|-heal|p1a: Shuckle|71\/100|[from] item: Leftovers\n|-damage|p2b: Oricorio|0 fnt|[from] psn\n|faint|p2b: Oricorio\n|-damage|p2a: Kingambit|75\/100|[from] move: Infestation|[partiallytrapped]\n|upkeep\n|-start|p1b: huey lewis|typechange|Bug\/Rock|[silent]\n|turn|16\n|-message|Tournesun forfeited.\n|\n|win|Flungusdungus\n|raw|Flungusdungus's rating: 1077 &rarr; <strong>1109<\/strong><br \/>(+32 for winning)\n|raw|Tournesun's rating: 1118 &rarr; <strong>1090<\/strong><br \/>(-28 for losing)\n|l|\u2606Tournesun\n","uploadtime":1696625512,"views":11,"p1id":"flungusdungus","p2id":"tournesun","formatid":"gen9nationaldexdoubles","rating":1090,"private":0,"password":""}