{"id":"gen9nationaldexdoubles-1976642552","p1":"Aquiley","p2":"multiingbe","format":"[Gen 9] National Dex Doubles","log":"|j|\u2606Aquiley\n|j|\u2606multiingbe\n|t:|1698329830\n|gametype|doubles\n|player|p1|Aquiley|pokemonranger-gen4|1061\n|player|p2|multiingbe|kimonogirl|1032\n|teamsize|p1|6\n|teamsize|p2|6\n|gen|9\n|tier|[Gen 9] National Dex Doubles\n|rated|\n|rule|HP Percentage Mod: HP is shown in percentages\n|rule|Endless Battle Clause: Forcing endless battles is banned\n|rule|OHKO Clause: OHKO moves are banned\n|rule|Evasion Moves Clause: Evasion moves are banned\n|rule|Evasion Abilities Clause: Evasion abilities are banned\n|rule|Species Clause: Limit one of each Pok\u00e9mon\n|rule|Gravity Sleep Clause: The combination of sleep-inducing moves with imperfect accuracy and Gravity or Gigantamax Orbeetle are banned\n|clearpoke\n|poke|p1|Amoonguss, F|\n|poke|p1|Scizor, F|\n|poke|p1|Tyranitar, F|\n|poke|p1|Murkrow, F|\n|poke|p1|Landorus-Therian, M|\n|poke|p1|Dragapult, M|\n|poke|p2|Flygon, F|\n|poke|p2|Ditto|\n|poke|p2|Azumarill, F|\n|poke|p2|Zebstrika, M|\n|poke|p2|Tapu Lele|\n|poke|p2|Absol, F|\n|teampreview\n|\n|t:|1698329847\n|start\n|switch|p1a: Scizor|Scizor, F|100\/100\n|switch|p1b: Landorus|Landorus-Therian, M|100\/100\n|switch|p2a: Etudelki|Azumarill, F|100\/100\n|switch|p2b: Refivirsant|Absol, F|100\/100\n|-ability|p1b: Landorus|Intimidate|boost\n|-unboost|p2a: Etudelki|atk|1\n|-unboost|p2b: Refivirsant|atk|1\n|-ability|p2b: Refivirsant|Pressure\n|turn|1\n|\n|t:|1698329861\n|switch|p2b: Tapu Lele|Tapu Lele|100\/100\n|-fieldstart|move: Psychic Terrain|[from] ability: Psychic Surge|[of] p2b: Tapu Lele\n|switch|p2a: Mwuessdeti|Ditto|100\/100\n|-transform|p2a: Mwuessdeti|p1b: Landorus|[from] ability: Imposter\n|-ability|p2a: Mwuessdeti|Intimidate|boost\n|-unboost|p1a: Scizor|atk|1\n|-unboost|p1b: Landorus|atk|1\n|move|p1b: Landorus|Stealth Rock|p2b: Tapu Lele\n|-sidestart|p2: multiingbe|move: Stealth Rock\n|move|p1a: Scizor|Swords Dance|p1a: Scizor\n|-boost|p1a: Scizor|atk|2\n|\n|upkeep\n|turn|2\n|\n|t:|1698329887\n|move|p1b: Landorus|Iron Tail|p2b: Tapu Lele\n|-supereffective|p2b: Tapu Lele\n|-damage|p2b: Tapu Lele|29\/100\n|move|p2a: Mwuessdeti|Stealth Rock|p1a: Scizor\n|-sidestart|p1: Aquiley|move: Stealth Rock\n|move|p1a: Scizor|Swords Dance|p1a: Scizor\n|-boost|p1a: Scizor|atk|2\n|move|p2b: Tapu Lele|Skill Swap|p2a: Mwuessdeti\n|-activate|p2b: Tapu Lele|move: Skill Swap|||[of] p2a: Mwuessdeti\n|-ability|p2b: Tapu Lele|Intimidate|boost\n|-unboost|p1a: Scizor|atk|1\n|-unboost|p1b: Landorus|atk|1\n|\n|upkeep\n|turn|3\n|\n|t:|1698329908\n|switch|p2a: Etudelki|Azumarill, F|100\/100\n|-damage|p2a: Etudelki|88\/100|[from] Stealth Rock\n|move|p1a: Scizor|Bullet Punch|p2a: Etudelki\n|-activate|p2a: Etudelki|move: Psychic Terrain\n|move|p1b: Landorus|Earth Power|p2b: Tapu Lele\n|-damage|p2b: Tapu Lele|2\/100\n|move|p2b: Tapu Lele|Psychic|p1b: Landorus\n|-damage|p1b: Landorus|0 fnt\n|faint|p1b: Landorus\n|\n|upkeep\n|\n|t:|1698329919\n|switch|p1b: Tyranitar|Tyranitar, F|100\/100\n|-damage|p1b: Tyranitar|88\/100|[from] Stealth Rock\n|-weather|Sandstorm|[from] ability: Sand Stream|[of] p1b: Tyranitar\n|turn|4\n|\n|t:|1698329931\n|detailschange|p1b: Tyranitar|Tyranitar-Mega, F\n|-mega|p1b: Tyranitar|Tyranitar|Tyranitarite\n|-terastallize|p2a: Etudelki|Water\n|move|p1b: Tyranitar|Dragon Dance|p1b: Tyranitar\n|-boost|p1b: Tyranitar|atk|1\n|-boost|p1b: Tyranitar|spe|1\n|move|p1a: Scizor|Aerial Ace|p2a: Etudelki\n|-damage|p2a: Etudelki|9\/100\n|move|p2b: Tapu Lele|Moonblast|p1b: Tyranitar\n|-supereffective|p1b: Tyranitar\n|-damage|p1b: Tyranitar|27\/100\n|-unboost|p1b: Tyranitar|spa|1\n|move|p2a: Etudelki|Liquidation|p1a: Scizor\n|-damage|p1a: Scizor|12\/100\n|\n|-weather|Sandstorm|[upkeep]\n|-damage|p2b: Tapu Lele|0 fnt|[from] Sandstorm\n|-damage|p2a: Etudelki|3\/100|[from] Sandstorm\n|faint|p2b: Tapu Lele\n|upkeep\n|\n|t:|1698329951\n|switch|p2b: Mwuessdeti|Ditto|100\/100\n|-damage|p2b: Mwuessdeti|88\/100|[from] Stealth Rock\n|-transform|p2b: Mwuessdeti|p1a: Scizor|[from] ability: Imposter\n|turn|5\n|\n|t:|1698329969\n|move|p1b: Tyranitar|Earthquake|p2a: Etudelki|[spread] p1a,p2a,p2b\n|-damage|p1a: Scizor|0 fnt\n|-damage|p2a: Etudelki|0 fnt\n|-damage|p2b: Mwuessdeti|12\/100\n|faint|p1a: Scizor\n|faint|p2a: Etudelki\n|move|p2b: Mwuessdeti|Roost|p2b: Mwuessdeti\n|-heal|p2b: Mwuessdeti|62\/100\n|-singleturn|p2b: Mwuessdeti|move: Roost\n|\n|-weather|Sandstorm|[upkeep]\n|-fieldend|move: Psychic Terrain\n|upkeep\n|\n|t:|1698329981\n|switch|p1a: Dragapult|Dragapult, M, shiny|100\/100\n|switch|p2a: Refivirsant|Absol, F|100\/100\n|-damage|p1a: Dragapult|88\/100|[from] Stealth Rock\n|-damage|p2a: Refivirsant|88\/100|[from] Stealth Rock\n|-ability|p2a: Refivirsant|Pressure\n|turn|6\n|\n|t:|1698329992\n|detailschange|p2a: Refivirsant|Absol-Mega, F\n|-mega|p2a: Refivirsant|Absol|Absolite\n|move|p2b: Mwuessdeti|Bullet Punch|p1b: Tyranitar\n|-supereffective|p1b: Tyranitar\n|-damage|p1b: Tyranitar|0 fnt\n|faint|p1b: Tyranitar\n|move|p1a: Dragapult|Flamethrower|p2b: Mwuessdeti\n|-supereffective|p2b: Mwuessdeti\n|-damage|p2b: Mwuessdeti|0 fnt\n|faint|p2b: Mwuessdeti\n|move|p2a: Refivirsant|Knock Off|p1a: Dragapult\n|-supereffective|p1a: Dragapult\n|-damage|p1a: Dragapult|0 fnt\n|-enditem|p1a: Dragapult|Leftovers|[from] move: Knock Off|[of] p2a: Refivirsant\n|faint|p1a: Dragapult\n|\n|-weather|Sandstorm|[upkeep]\n|-damage|p2a: Refivirsant|82\/100|[from] Sandstorm\n|upkeep\n|\n|t:|1698330009\n|switch|p1a: Murkrow|Murkrow, F|100\/100\n|switch|p1b: Amoonguss|Amoonguss, F|100\/100\n|switch|p2b: Hynwayod|Zebstrika, M|100\/100\n|-damage|p2b: Hynwayod|88\/100|[from] Stealth Rock\n|-damage|p1a: Murkrow|76\/100|[from] Stealth Rock\n|-damage|p1b: Amoonguss|88\/100|[from] Stealth Rock\n|turn|7\n|\n|t:|1698330022\n|move|p2a: Refivirsant|Hone Claws|p2a: Refivirsant\n|-boost|p2a: Refivirsant|atk|1\n|-boost|p2a: Refivirsant|accuracy|1\n|move|p2b: Hynwayod|Flame Charge|p1b: Amoonguss\n|-supereffective|p1b: Amoonguss\n|-damage|p1b: Amoonguss|65\/100\n|-boost|p2b: Hynwayod|spe|1\n|-damage|p2b: Hynwayod|72\/100|[from] item: Rocky Helmet|[of] p1b: Amoonguss\n|move|p1a: Murkrow|Toxic|p2a: Refivirsant\n|move|p2a: Refivirsant|Toxic|p1a: Murkrow|[from]ability: Magic Bounce\n|-status|p1a: Murkrow|tox\n|move|p1b: Amoonguss|Spore|p2b: Hynwayod\n|-ability|p2b: Hynwayod|Sap Sipper|boost\n|-boost|p2b: Hynwayod|atk|1\n|\n|-weather|Sandstorm|[upkeep]\n|-damage|p2b: Hynwayod|65\/100|[from] Sandstorm\n|-damage|p2a: Refivirsant|77\/100|[from] Sandstorm\n|-damage|p1a: Murkrow|70\/100 tox|[from] Sandstorm\n|-damage|p1b: Amoonguss|59\/100|[from] Sandstorm\n|-heal|p2b: Hynwayod|72\/100|[from] item: Leftovers\n|-damage|p1a: Murkrow|63\/100 tox|[from] psn\n|upkeep\n|turn|8\n|-message|multiingbe forfeited.\n|\n|win|Aquiley\n|raw|Aquiley's rating: 1061 &rarr; <strong>1089<\/strong><br \/>(+28 for winning)\n|raw|multiingbe's rating: 1032 &rarr; <strong>1018<\/strong><br \/>(-14 for losing)\n|l|\u2606Aquiley\n","uploadtime":1698330047,"views":5,"p1id":"aquiley","p2id":"multiingbe","formatid":"gen9nationaldexdoubles","rating":1018,"private":0,"password":""}