{"id":"gen9nationaldexdoubles-1968567719","p1":"DracoAxel","p2":"Pollylopy","format":"[Gen 9] National Dex Doubles","log":"|j|\u2606DracoAxel\n|j|\u2606Pollylopy\n|t:|1697434729\n|gametype|doubles\n|player|p1|DracoAxel|nate|\n|player|p2|Pollylopy|waitress|\n|teamsize|p1|6\n|teamsize|p2|6\n|gen|9\n|tier|[Gen 9] National Dex Doubles\n|rule|HP Percentage Mod: HP is shown in percentages\n|rule|Endless Battle Clause: Forcing endless battles is banned\n|rule|OHKO Clause: OHKO moves are banned\n|rule|Evasion Moves Clause: Evasion moves are banned\n|rule|Evasion Abilities Clause: Evasion abilities are banned\n|rule|Species Clause: Limit one of each Pok\u00e9mon\n|rule|Gravity Sleep Clause: The combination of sleep-inducing moves with imperfect accuracy and Gravity or Gigantamax Orbeetle are banned\n|clearpoke\n|poke|p1|Togekiss, M|\n|poke|p1|Mamoswine, F|\n|poke|p1|Lopunny, F|\n|poke|p1|Ambipom, M|\n|poke|p1|Empoleon, F|\n|poke|p1|Typhlosion, F|\n|poke|p2|Audino, M|\n|poke|p2|Blissey, F|\n|poke|p2|Latias, F|\n|poke|p2|Lapras, F|\n|poke|p2|Clefable, M|\n|poke|p2|Slurpuff, M|\n|teampreview\n|inactive|Battle timer is ON: inactive players will automatically lose when time's up. (requested by Pollylopy)\n|c|\u2606Pollylopy|suerte :)\n|inactive|DracoAxel has 270 seconds left.\n|\n|t:|1697434845\n|start\n|switch|p1a: Lopunny|Lopunny, F, shiny|100\/100\n|switch|p1b: Togekiss|Togekiss, M|100\/100\n|switch|p2a: Lapras|Lapras, F|100\/100\n|switch|p2b: Blissey|Blissey, F|100\/100\n|turn|1\n|\n|t:|1697434871\n|detailschange|p1a: Lopunny|Lopunny-Mega, F, shiny\n|-mega|p1a: Lopunny|Lopunny|Lopunnite\n|move|p1a: Lopunny|Fake Out|p2b: Blissey\n|-damage|p2b: Blissey|75\/100\n|move|p1b: Togekiss|Yawn|p2a: Lapras\n|-start|p2a: Lapras|move: Yawn|[of] p1b: Togekiss\n|move|p2a: Lapras|Freeze-Dry|p1b: Togekiss\n|-supereffective|p1b: Togekiss\n|-damage|p1b: Togekiss|50\/100\n|cant|p2b: Blissey|flinch\n|\n|-heal|p1b: Togekiss|56\/100|[from] item: Leftovers\n|upkeep\n|turn|2\n|inactive|Pollylopy has 270 seconds left.\n|\n|t:|1697434918\n|switch|p2a: Latias|Latias, F|100\/100\n|move|p1b: Togekiss|Follow Me|p1b: Togekiss\n|-singleturn|p1b: Togekiss|move: Follow Me\n|move|p1a: Lopunny|Power-Up Punch|p1b: Togekiss\n|-resisted|p1b: Togekiss\n|-damage|p1b: Togekiss|51\/100\n|-boost|p1a: Lopunny|atk|1\n|move|p2b: Blissey|Trick|p1b: Togekiss\n|-activate|p2b: Blissey|move: Trick|[of] p1b: Togekiss\n|-item|p1b: Togekiss|Iron Ball|[from] move: Trick\n|-item|p2b: Blissey|Leftovers|[from] move: Trick\n|\n|-heal|p2b: Blissey|81\/100|[from] item: Leftovers\n|upkeep\n|turn|3\n|inactive|Pollylopy has 270 seconds left.\n|inactive|DracoAxel has 270 seconds left.\n|\n|t:|1697434955\n|move|p1b: Togekiss|Follow Me|p1b: Togekiss\n|-singleturn|p1b: Togekiss|move: Follow Me\n|move|p1a: Lopunny|Power-Up Punch|p2b: Blissey\n|-supereffective|p2b: Blissey\n|-damage|p2b: Blissey|11\/100\n|-boost|p1a: Lopunny|atk|1\n|move|p2b: Blissey|Reflect|p2b: Blissey\n|-sidestart|p2: Pollylopy|Reflect\n|move|p2a: Latias|Roar|p1b: Togekiss\n|drag|p1b: Empoleon|Empoleon, F, shiny|100\/100\n|\n|-heal|p2b: Blissey|17\/100|[from] item: Leftovers\n|upkeep\n|turn|4\n|inactive|Pollylopy has 270 seconds left.\n|\n|t:|1697434979\n|switch|p2b: Clefable|Clefable, M|100\/100\n|move|p1a: Lopunny|Power-Up Punch|p1b: Empoleon\n|-supereffective|p1b: Empoleon\n|-damage|p1b: Empoleon|18\/100\n|-boost|p1a: Lopunny|atk|1\n|-enditem|p1b: Empoleon|Weakness Policy\n|-boost|p1b: Empoleon|atk|2|[from] item: Weakness Policy\n|-boost|p1b: Empoleon|spa|2|[from] item: Weakness Policy\n|move|p2a: Latias|Psychic|p1a: Lopunny\n|-supereffective|p1a: Lopunny\n|-damage|p1a: Lopunny|0 fnt\n|faint|p1a: Lopunny\n|move|p1b: Empoleon|Surf|p2a: Latias|[spread] p2a,p2b\n|-resisted|p2a: Latias\n|-damage|p2a: Latias|69\/100\n|-damage|p2b: Clefable|40\/100\n|\n|-heal|p2b: Clefable|46\/100|[from] item: Leftovers\n|upkeep\n|inactive|DracoAxel has 270 seconds left.\n|\n|t:|1697435003\n|switch|p1a: Ambipom|Ambipom, M|100\/100\n|turn|5\n|inactive|Pollylopy has 270 seconds left.\n|\n|t:|1697435044\n|switch|p2b: Blissey|Blissey, F|17\/100\n|detailschange|p2a: Latias|Latias-Mega, F\n|-mega|p2a: Latias|Latias|Latiasite\n|move|p1a: Ambipom|Fake Out|p2a: Latias\n|-crit|p2a: Latias\n|-damage|p2a: Latias|31\/100\n|cant|p2a: Latias|flinch\n|move|p1b: Empoleon|Surf|p2b: Blissey|[spread] p1a,p2a,p2b\n|-resisted|p2a: Latias\n|-damage|p1a: Ambipom|0 fnt\n|-damage|p2a: Latias|2\/100\n|-damage|p2b: Blissey|0 fnt\n|faint|p1a: Ambipom\n|faint|p2b: Blissey\n|\n|upkeep\n|\n|t:|1697435073\n|switch|p1a: Togekiss|Togekiss, M|51\/100\n|switch|p2b: Audino|Audino, M|100\/100\n|turn|6\n|\n|t:|1697435094\n|move|p1a: Togekiss|Follow Me|p1a: Togekiss\n|-singleturn|p1a: Togekiss|move: Follow Me\n|move|p2a: Latias|Earthquake|p1b: Empoleon|[spread] p2b,p1a,p1b\n|-supereffective|p1b: Empoleon\n|-damage|p2b: Audino|90\/100\n|-damage|p1a: Togekiss|38\/100\n|-damage|p1b: Empoleon|0 fnt\n|faint|p1b: Empoleon\n|move|p2b: Audino|Light Screen|p2b: Audino\n|-sidestart|p2: Pollylopy|move: Light Screen\n|\n|-heal|p2b: Audino|96\/100|[from] item: Leftovers\n|upkeep\n|\n|t:|1697435106\n|switch|p1b: Mamoswine|Mamoswine, F|100\/100\n|turn|7\n|inactive|Pollylopy has 270 seconds left.\n|\n|t:|1697435127\n|move|p2a: Latias|Ice Beam|p1a: Togekiss\n|-supereffective|p1a: Togekiss\n|-damage|p1a: Togekiss|0 fnt\n|faint|p1a: Togekiss\n|move|p1b: Mamoswine|Rock Slide|p2a: Latias|[spread] p2a,p2b\n|-crit|p2a: Latias\n|-damage|p2a: Latias|0 fnt\n|-damage|p2b: Audino|77\/100\n|faint|p2a: Latias\n|cant|p2b: Audino|flinch\n|\n|-heal|p2b: Audino|83\/100|[from] item: Leftovers\n|-sideend|p2: Pollylopy|Reflect\n|upkeep\n|inactive|Pollylopy has 270 seconds left.\n|\n|t:|1697435148\n|switch|p2a: Lapras|Lapras, F|100\/100\n|switch|p1a: Typhlosion|Typhlosion, F|100\/100\n|turn|8\n|inactive|Pollylopy has 270 seconds left.\n|\n|t:|1697435192\n|move|p1a: Typhlosion|Will-O-Wisp|p2b: Audino\n|-status|p2b: Audino|brn\n|move|p1b: Mamoswine|Rock Slide|p2b: Audino|[spread] p2a,p2b\n|-supereffective|p2a: Lapras\n|-damage|p2a: Lapras|50\/100\n|-damage|p2b: Audino|54\/100 brn\n|cant|p2a: Lapras|flinch\n|move|p2b: Audino|Yawn|p1b: Mamoswine\n|-start|p1b: Mamoswine|move: Yawn|[of] p2b: Audino\n|\n|-heal|p2b: Audino|60\/100 brn|[from] item: Leftovers\n|-damage|p2b: Audino|54\/100 brn|[from] brn\n|upkeep\n|turn|9\n|inactive|Pollylopy has 270 seconds left.\n|inactive|DracoAxel has 270 seconds left.\n|inactive|DracoAxel has 240 seconds left.\n|inactive|DracoAxel has 210 seconds left.\n|\n|t:|1697435285\n|-terastallize|p2a: Lapras|Ground\n|move|p1a: Typhlosion|Flamethrower|p2b: Audino\n|-damage|p2b: Audino|27\/100 brn\n|move|p1b: Mamoswine|Rock Slide|p2a: Lapras|[spread] p2a,p2b\n|-resisted|p2a: Lapras\n|-damage|p2a: Lapras|38\/100\n|-damage|p2b: Audino|0 fnt\n|faint|p2b: Audino\n|move|p2a: Lapras|Hydro Pump|p1a: Typhlosion\n|-supereffective|p1a: Typhlosion\n|-damage|p1a: Typhlosion|0 fnt\n|faint|p1a: Typhlosion\n|\n|-end|p1b: Mamoswine|move: Yawn|[silent]\n|-status|p1b: Mamoswine|slp\n|upkeep\n|inactive|Pollylopy has 240 seconds left.\n|\n|t:|1697435306\n|switch|p2b: Slurpuff|Slurpuff, M|100\/100\n|turn|10\n|\n|t:|1697435316\n|move|p2b: Slurpuff|Belly Drum|p2b: Slurpuff\n|-damage|p2b: Slurpuff|50\/100\n|-setboost|p2b: Slurpuff|atk|6|[from] move: Belly Drum\n|-enditem|p2b: Slurpuff|Sitrus Berry|[eat]\n|-heal|p2b: Slurpuff|75\/100|[from] item: Sitrus Berry\n|cant|p1b: Mamoswine|slp\n|move|p2a: Lapras|Hydro Pump|p1b: Mamoswine|[miss]\n|-miss|p2a: Lapras|p1b: Mamoswine\n|\n|-sideend|p2: Pollylopy|move: Light Screen\n|upkeep\n|turn|11\n|inactive|Pollylopy has 270 seconds left.\n|\n|t:|1697435335\n|move|p2b: Slurpuff|Drain Punch|p1b: Mamoswine\n|-supereffective|p1b: Mamoswine\n|-damage|p1b: Mamoswine|0 fnt\n|-heal|p2b: Slurpuff|100\/100|[from] drain|[of] p1b: Mamoswine\n|faint|p1b: Mamoswine\n|\n|win|Pollylopy\n|l|\u2606DracoAxel\n","uploadtime":1697435417,"views":15,"p1id":"dracoaxel","p2id":"pollylopy","formatid":"gen9nationaldexdoubles","rating":0,"private":0,"password":""}