{"id":"gen9nationaldexdoubles-1964728404","p1":"Tritus ELITE 4","p2":"Theonlykev1","format":"[Gen 9] National Dex Doubles","log":"|j|\u2606Tritus ELITE 4\n|j|\u2606Theonlykev1\n|t:|1696999365\n|gametype|doubles\n|player|p1|Tritus ELITE 4|wulfric|1068\n|player|p2|Theonlykev1|ltsurge|1174\n|teamsize|p1|6\n|teamsize|p2|6\n|gen|9\n|tier|[Gen 9] National Dex Doubles\n|rated|\n|rule|HP Percentage Mod: HP is shown in percentages\n|rule|Endless Battle Clause: Forcing endless battles is banned\n|rule|OHKO Clause: OHKO moves are banned\n|rule|Evasion Moves Clause: Evasion moves are banned\n|rule|Evasion Abilities Clause: Evasion abilities are banned\n|rule|Species Clause: Limit one of each Pok\u00e9mon\n|rule|Gravity Sleep Clause: The combination of sleep-inducing moves with imperfect accuracy and Gravity or Gigantamax Orbeetle are banned\n|clearpoke\n|poke|p1|Basculegion-F, F|\n|poke|p1|Swampert, M|\n|poke|p1|Pelipper, F|\n|poke|p1|Araquanid, M|\n|poke|p1|Milotic, F|\n|poke|p1|Ludicolo, M|\n|poke|p2|Landorus-Therian, M|\n|poke|p2|Tornadus, M|\n|poke|p2|Enamorus-Therian, F|\n|poke|p2|Thundurus, M|\n|poke|p2|Ogerpon-Hearthflame, F|\n|poke|p2|Palafin, M|\n|teampreview\n|inactive|Battle timer is ON: inactive players will automatically lose when time's up. (requested by Tritus ELITE 4)\n|\n|t:|1696999389\n|start\n|switch|p1a: Milotic|Milotic, F|100\/100\n|switch|p1b: Pelipper|Pelipper, F|100\/100\n|switch|p2a: Tornadus|Tornadus, M|100\/100\n|switch|p2b: Thundurus|Thundurus, M|100\/100\n|-weather|RainDance|[from] ability: Drizzle|[of] p1b: Pelipper\n|turn|1\n|c|\u2606Theonlykev1|Glhf\n|\n|t:|1696999403\n|move|p1b: Pelipper|Protect|p1b: Pelipper\n|-singleturn|p1b: Pelipper|Protect\n|move|p2a: Tornadus|Bleakwind Storm|p1b: Pelipper|[spread] p1a\n|-activate|p1b: Pelipper|move: Protect\n|-damage|p1a: Milotic|76\/100\n|move|p2b: Thundurus|Wildbolt Storm|p1a: Milotic|[spread] p1a\n|-activate|p1b: Pelipper|move: Protect\n|-supereffective|p1a: Milotic\n|-damage|p1a: Milotic|23\/100\n|-status|p1a: Milotic|par\n|move|p1a: Milotic|Icy Wind|p2b: Thundurus|[spread] p2a,p2b\n|-supereffective|p2a: Tornadus\n|-supereffective|p2b: Thundurus\n|-damage|p2a: Tornadus|72\/100\n|-damage|p2b: Thundurus|76\/100\n|-unboost|p2a: Tornadus|spe|1\n|\n|-weather|RainDance|[upkeep]\n|-heal|p1a: Milotic|29\/100 par|[from] item: Leftovers\n|upkeep\n|turn|2\n|inactive|Tritus ELITE 4 has 120 seconds left.\n|\n|t:|1696999448\n|switch|p1b: Swampert|Swampert, M|100\/100\n|switch|p1a: Araquanid|Araquanid, M|100\/100\n|move|p2a: Tornadus|Tailwind|p2a: Tornadus\n|-sidestart|p2: Theonlykev1|move: Tailwind\n|move|p2b: Thundurus|Wildbolt Storm|p1b: Swampert|[spread] p1a\n|-immune|p1b: Swampert\n|-supereffective|p1a: Araquanid\n|-damage|p1a: Araquanid|22\/100\n|\n|-weather|RainDance|[upkeep]\n|upkeep\n|turn|3\n|inactive|Tritus ELITE 4 has 120 seconds left.\n|\n|t:|1696999469\n|detailschange|p1b: Swampert|Swampert-Mega, M\n|-mega|p1b: Swampert|Swampert|Swampertite\n|move|p2b: Thundurus|Toxic|p1b: Swampert\n|-status|p1b: Swampert|tox\n|move|p2a: Tornadus|Bleakwind Storm|p1a: Araquanid|[spread] p1a,p1b\n|-supereffective|p1a: Araquanid\n|-damage|p1a: Araquanid|0 fnt\n|-damage|p1b: Swampert|67\/100 tox\n|-unboost|p1b: Swampert|spe|1\n|faint|p1a: Araquanid\n|move|p1b: Swampert|Rock Slide|p2a: Tornadus|[spread] p2b\n|-miss|p1b: Swampert|p2a: Tornadus\n|-supereffective|p2b: Thundurus\n|-damage|p2b: Thundurus|4\/100\n|\n|-weather|RainDance|[upkeep]\n|-damage|p1b: Swampert|61\/100 tox|[from] psn\n|upkeep\n|\n|t:|1696999485\n|switch|p1a: Basculegion|Basculegion-F, F|100\/100\n|turn|4\n|\n|t:|1696999490\n|move|p1a: Basculegion|Aqua Jet|p2b: Thundurus\n|-damage|p2b: Thundurus|0 fnt\n|faint|p2b: Thundurus\n|-damage|p1a: Basculegion|91\/100|[from] item: Life Orb\n|move|p2a: Tornadus|Bleakwind Storm|p1a: Basculegion|[spread] p1a,p1b\n|-damage|p1a: Basculegion|45\/100\n|-damage|p1b: Swampert|23\/100 tox\n|move|p1b: Swampert|Rock Slide|p2a: Tornadus\n|-supereffective|p2a: Tornadus\n|-crit|p2a: Tornadus\n|-damage|p2a: Tornadus|0 fnt\n|faint|p2a: Tornadus\n|\n|-weather|RainDance|[upkeep]\n|-damage|p1b: Swampert|11\/100 tox|[from] psn\n|upkeep\n|\n|t:|1696999508\n|switch|p2a: Palafin|Palafin, M|100\/100\n|switch|p2b: Enamorus|Enamorus-Therian, F|100\/100\n|turn|5\n|\n|t:|1696999536\n|move|p2a: Palafin|Flip Turn|p1a: Basculegion\n|-resisted|p1a: Basculegion\n|-damage|p1a: Basculegion|19\/100\n|\n|t:|1696999552\n|detailschange|p2a: Palafin|Palafin-Hero, M\n|switch|p2a: Landorus|Landorus-Therian, M|100\/100|[from] Flip Turn\n|-ability|p2a: Landorus|Intimidate|boost\n|-unboost|p1a: Basculegion|atk|1\n|-unboost|p1b: Swampert|atk|1\n|move|p1a: Basculegion|Liquidation|p2b: Enamorus\n|-damage|p2b: Enamorus|62\/100\n|-damage|p1a: Basculegion|9\/100|[from] item: Life Orb\n|move|p2b: Enamorus|Springtide Storm|p1a: Basculegion|[spread] p1a,p1b\n|-damage|p1a: Basculegion|0 fnt\n|-damage|p1b: Swampert|0 fnt\n|faint|p1a: Basculegion\n|faint|p1b: Swampert\n|\n|-weather|none\n|-heal|p2b: Enamorus|68\/100|[from] item: Leftovers\n|-sideend|p2: Theonlykev1|move: Tailwind\n|upkeep\n|inactive|Tritus ELITE 4 has 120 seconds left.\n|\n|t:|1696999569\n|switch|p1a: Pelipper|Pelipper, F|100\/100\n|switch|p1b: Ludicolo|Ludicolo, M|100\/100\n|-weather|RainDance|[from] ability: Drizzle|[of] p1a: Pelipper\n|turn|6\n|inactive|Theonlykev1 has 120 seconds left.\n|\n|t:|1696999611\n|move|p1b: Ludicolo|Swords Dance|p1b: Ludicolo\n|-boost|p1b: Ludicolo|atk|2\n|move|p2a: Landorus|Rock Slide|p1a: Pelipper|[spread] p1a,p1b\n|-supereffective|p1a: Pelipper\n|-damage|p1a: Pelipper|42\/100\n|-damage|p1b: Ludicolo|64\/100\n|move|p1a: Pelipper|Scald|p2a: Landorus\n|-supereffective|p2a: Landorus\n|-damage|p2a: Landorus|41\/100\n|move|p2b: Enamorus|Springtide Storm|p1a: Pelipper|[spread] p1a,p1b\n|-damage|p1a: Pelipper|0 fnt\n|-damage|p1b: Ludicolo|16\/100\n|-unboost|p1b: Ludicolo|atk|1\n|faint|p1a: Pelipper\n|\n|-weather|RainDance|[upkeep]\n|-heal|p2b: Enamorus|74\/100|[from] item: Leftovers\n|upkeep\n|\n|t:|1696999630\n|switch|p1a: Milotic|Milotic, F|29\/100 par\n|turn|7\n|inactive|Theonlykev1 has 120 seconds left.\n|\n|t:|1696999663\n|move|p1b: Ludicolo|Waterfall|p2a: Landorus\n|-supereffective|p2a: Landorus\n|-damage|p2a: Landorus|0 fnt\n|faint|p2a: Landorus\n|-damage|p1b: Ludicolo|6\/100|[from] item: Life Orb\n|move|p2b: Enamorus|Springtide Storm|p1a: Milotic|[spread] p1a,p1b\n|-damage|p1a: Milotic|1\/100 par\n|-damage|p1b: Ludicolo|0 fnt\n|-unboost|p1a: Milotic|atk|1\n|-ability|p1a: Milotic|Competitive|boost\n|-boost|p1a: Milotic|spa|2\n|faint|p1b: Ludicolo\n|move|p1a: Milotic|Life Dew|p1a: Milotic\n|-heal|p1a: Milotic|26\/100 par\n|\n|-weather|RainDance|[upkeep]\n|-heal|p2b: Enamorus|81\/100|[from] item: Leftovers\n|-heal|p1a: Milotic|32\/100 par|[from] item: Leftovers\n|upkeep\n|-message|Tritus ELITE 4 forfeited.\n|\n|win|Theonlykev1\n|raw|Tritus ELITE 4's rating: 1068 &rarr; <strong>1054<\/strong><br \/>(-14 for losing)\n|raw|Theonlykev1's rating: 1174 &rarr; <strong>1192<\/strong><br \/>(+18 for winning)\n|l|\u2606Tritus ELITE 4\n|c|\u2606Theonlykev1|Gg\n","uploadtime":1697000169,"views":22,"p1id":"trituselite4","p2id":"theonlykev1","formatid":"gen9nationaldexdoubles","rating":1054,"private":0,"password":""}