{"id":"gen9nationaldexdoubles-1966117325","p1":"kingofspades13","p2":"zdfgfs rsdgdsfh","format":"[Gen 9] National Dex Doubles","log":"|j|\u2606kingofspades13\n|j|\u2606zdfgfs rsdgdsfh\n|t:|1697146463\n|gametype|doubles\n|player|p1|kingofspades13|ghetsis-gen5bw|1295\n|player|p2|zdfgfs rsdgdsfh|lucas|1086\n|teamsize|p1|6\n|teamsize|p2|6\n|gen|9\n|tier|[Gen 9] National Dex Doubles\n|rated|\n|rule|HP Percentage Mod: HP is shown in percentages\n|rule|Endless Battle Clause: Forcing endless battles is banned\n|rule|OHKO Clause: OHKO moves are banned\n|rule|Evasion Moves Clause: Evasion moves are banned\n|rule|Evasion Abilities Clause: Evasion abilities are banned\n|rule|Species Clause: Limit one of each Pok\u00e9mon\n|rule|Gravity Sleep Clause: The combination of sleep-inducing moves with imperfect accuracy and Gravity or Gigantamax Orbeetle are banned\n|clearpoke\n|poke|p1|Grapploct, F|\n|poke|p1|Flutter Mane|\n|poke|p1|Volcanion|\n|poke|p1|Rillaboom, F|\n|poke|p1|Empoleon, F|\n|poke|p1|Slowking-Galar, F|\n|poke|p2|Indeedee-F, F|\n|poke|p2|Oranguru, M|\n|poke|p2|Glastrier|\n|poke|p2|Hoopa-Unbound|\n|poke|p2|Ursaluna, F|\n|poke|p2|Zygarde|\n|teampreview\n|\n|t:|1697146473\n|start\n|switch|p1a: Flutter Mane|Flutter Mane|100\/100\n|switch|p1b: Rillaboom|Rillaboom, F|100\/100\n|switch|p2a: Hoopa|Hoopa-Unbound|100\/100\n|switch|p2b: Zygarde|Zygarde|100\/100\n|-fieldstart|move: Grassy Terrain|[from] ability: Grassy Surge|[of] p1b: Rillaboom\n|-ability|p2b: Zygarde|Aura Break\n|-enditem|p1a: Flutter Mane|Booster Energy\n|-activate|p1a: Flutter Mane|ability: Protosynthesis|[fromitem]\n|-start|p1a: Flutter Mane|protosynthesisspe\n|turn|1\n|\n|t:|1697146490\n|move|p1b: Rillaboom|Fake Out|p2a: Hoopa\n|-damage|p2a: Hoopa|82\/100\n|move|p1a: Flutter Mane|Dazzling Gleam|p2b: Zygarde|[spread] p2a,p2b\n|-supereffective|p2a: Hoopa\n|-supereffective|p2b: Zygarde\n|-damage|p2a: Hoopa|37\/100\n|-damage|p2b: Zygarde|59\/100\n|move|p2b: Zygarde|Coil|p2b: Zygarde\n|-boost|p2b: Zygarde|atk|1\n|-boost|p2b: Zygarde|def|1\n|-boost|p2b: Zygarde|accuracy|1\n|cant|p2a: Hoopa|flinch\n|\n|-heal|p2b: Zygarde|65\/100|[from] Grassy Terrain\n|-heal|p2a: Hoopa|43\/100|[from] Grassy Terrain\n|upkeep\n|turn|2\n|\n|t:|1697146510\n|move|p1a: Flutter Mane|Dazzling Gleam|p2a: Hoopa|[spread] p2a,p2b\n|-supereffective|p2a: Hoopa\n|-supereffective|p2b: Zygarde\n|-damage|p2a: Hoopa|0 fnt\n|-damage|p2b: Zygarde|29\/100\n|faint|p2a: Hoopa\n|move|p1b: Rillaboom|Taunt|p2b: Zygarde\n|-start|p2b: Zygarde|move: Taunt\n|move|p2b: Zygarde|Thousand Arrows|p1b: Rillaboom|[spread] p1a,p1b\n|-resisted|p1b: Rillaboom\n|-damage|p1a: Flutter Mane|19\/100\n|-damage|p1b: Rillaboom|82\/100\n|\n|-heal|p1a: Flutter Mane|25\/100|[from] Grassy Terrain\n|-heal|p1b: Rillaboom|88\/100|[from] Grassy Terrain\n|-heal|p1b: Rillaboom|94\/100|[from] item: Leftovers\n|-heal|p2b: Zygarde|35\/100|[from] Grassy Terrain\n|upkeep\n|inactive|Battle timer is ON: inactive players will automatically lose when time's up. (requested by kingofspades13)\n|\n|t:|1697146557\n|switch|p2a: Oranguru|Oranguru, M|100\/100\n|turn|3\n|\n|t:|1697146567\n|move|p1a: Flutter Mane|Dazzling Gleam|p2b: Zygarde|[spread] p2a,p2b\n|-supereffective|p2b: Zygarde\n|-damage|p2a: Oranguru|76\/100\n|-damage|p2b: Zygarde|0 fnt\n|faint|p2b: Zygarde\n|move|p1b: Rillaboom|Taunt|p2a: Oranguru\n|-start|p2a: Oranguru|move: Taunt\n|-enditem|p2a: Oranguru|Mental Herb\n|-end|p2a: Oranguru|move: Taunt\n|move|p2a: Oranguru|Trick Room|p2a: Oranguru\n|-fieldstart|move: Trick Room|[of] p2a: Oranguru\n|\n|-heal|p2a: Oranguru|83\/100|[from] Grassy Terrain\n|-heal|p1b: Rillaboom|99\/100|[from] Grassy Terrain\n|-heal|p1b: Rillaboom|100\/100|[from] item: Leftovers\n|-heal|p1a: Flutter Mane|31\/100|[from] Grassy Terrain\n|upkeep\n|\n|t:|1697146581\n|switch|p2b: Glastrier|Glastrier|100\/100\n|turn|4\n|\n|t:|1697146593\n|switch|p1b: Volcanion|Volcanion|100\/100\n|-terastallize|p2b: Glastrier|Ice\n|move|p2b: Glastrier|Icicle Spear|p1b: Volcanion\n|-resisted|p1b: Volcanion\n|-damage|p1b: Volcanion|96\/100\n|-resisted|p1b: Volcanion\n|-damage|p1b: Volcanion|92\/100\n|-resisted|p1b: Volcanion\n|-damage|p1b: Volcanion|88\/100\n|-resisted|p1b: Volcanion\n|-damage|p1b: Volcanion|83\/100\n|-hitcount|p1b: Volcanion|4\n|move|p2a: Oranguru|Instruct|p2b: Glastrier\n|-singleturn|p2b: Glastrier|move: Instruct|[of] p2a: Oranguru\n|move|p2b: Glastrier|Icicle Spear|p1b: Volcanion\n|-resisted|p1b: Volcanion\n|-crit|p1b: Volcanion\n|-damage|p1b: Volcanion|77\/100\n|-resisted|p1b: Volcanion\n|-damage|p1b: Volcanion|73\/100\n|-resisted|p1b: Volcanion\n|-damage|p1b: Volcanion|68\/100\n|-resisted|p1b: Volcanion\n|-damage|p1b: Volcanion|65\/100\n|-hitcount|p1b: Volcanion|4\n|move|p1a: Flutter Mane|Shadow Ball|p2a: Oranguru\n|-immune|p2a: Oranguru\n|\n|-heal|p2a: Oranguru|89\/100|[from] Grassy Terrain\n|-heal|p1b: Volcanion|71\/100|[from] Grassy Terrain\n|-heal|p1b: Volcanion|77\/100|[from] item: Leftovers\n|-heal|p1a: Flutter Mane|37\/100|[from] Grassy Terrain\n|upkeep\n|turn|5\n|inactive|kingofspades13 has 120 seconds left.\n|\n|t:|1697146626\n|move|p2b: Glastrier|Stomping Tantrum|p1a: Flutter Mane\n|-damage|p1a: Flutter Mane|0 fnt\n|faint|p1a: Flutter Mane\n|-end|p1a: Flutter Mane|Protosynthesis|[silent]\n|-ability|p2b: Glastrier|Chilling Neigh|boost\n|-boost|p2b: Glastrier|atk|1\n|move|p2a: Oranguru|Instruct|p2b: Glastrier\n|-singleturn|p2b: Glastrier|move: Instruct|[of] p2a: Oranguru\n|move|p2b: Glastrier|Stomping Tantrum|p1b: Volcanion\n|-supereffective|p1b: Volcanion\n|-damage|p1b: Volcanion|0 fnt\n|faint|p1b: Volcanion\n|-ability|p2b: Glastrier|Chilling Neigh|boost\n|-boost|p2b: Glastrier|atk|1\n|\n|-heal|p2a: Oranguru|95\/100|[from] Grassy Terrain\n|-fieldend|move: Grassy Terrain\n|upkeep\n|inactive|kingofspades13 has 120 seconds left.\n|\n|t:|1697146644\n|switch|p1b: Rillaboom|Rillaboom, F|100\/100\n|switch|p1a: Grapploct|Grapploct, F, shiny|100\/100\n|-fieldstart|move: Grassy Terrain|[from] ability: Grassy Surge|[of] p1b: Rillaboom\n|turn|6\n|-activate|p1a: Grapploct|item: Quick Claw\n|\n|t:|1697146654\n|switch|p2a: Indeedee|Indeedee-F, F|100\/100\n|-fieldstart|move: Psychic Terrain|[from] ability: Psychic Surge|[of] p2a: Indeedee\n|move|p1b: Rillaboom|Fake Out|p2b: Glastrier\n|-activate|p2b: Glastrier|move: Psychic Terrain\n|move|p1a: Grapploct|Drain Punch|p2b: Glastrier\n|-supereffective|p2b: Glastrier\n|-damage|p2b: Glastrier|60\/100\n|move|p2b: Glastrier|Icicle Spear|p1b: Rillaboom\n|-supereffective|p1b: Rillaboom\n|-damage|p1b: Rillaboom|15\/100\n|-supereffective|p1b: Rillaboom\n|-damage|p1b: Rillaboom|0 fnt\n|faint|p1b: Rillaboom\n|-ability|p2b: Glastrier|Chilling Neigh|boost\n|-boost|p2b: Glastrier|atk|1\n|-hitcount|p1: Rillaboom|2\n|\n|upkeep\n|inactive|kingofspades13 has 120 seconds left.\n|\n|t:|1697146670\n|switch|p1b: Empoleon|Empoleon, F|100\/100\n|turn|7\n|-activate|p1a: Grapploct|item: Quick Claw\n|\n|t:|1697146680\n|-terastallize|p1b: Empoleon|Ghost\n|move|p2a: Indeedee|Follow Me|p2a: Indeedee\n|-singleturn|p2a: Indeedee|move: Follow Me\n|move|p1a: Grapploct|Octolock|p2a: Indeedee\n|-start|p2a: Indeedee|move: Octolock|[of] p1a: Grapploct\n|move|p2b: Glastrier|Icicle Spear|p1a: Grapploct\n|-damage|p1a: Grapploct|63\/100\n|-damage|p1a: Grapploct|27\/100\n|-damage|p1a: Grapploct|0 fnt\n|faint|p1a: Grapploct\n|-ability|p2b: Glastrier|Chilling Neigh|boost\n|-boost|p2b: Glastrier|atk|1\n|-hitcount|p1: Grapploct|3\n|move|p1b: Empoleon|Haze|p1b: Empoleon\n|-clearallboost\n|\n|-end|p2a: Indeedee|Octolock|[partiallytrapped]|[silent]\n|-fieldend|move: Trick Room\n|upkeep\n|\n|t:|1697146696\n|switch|p1a: Slowking|Slowking-Galar, F|100\/100\n|turn|8\n|\n|t:|1697146708\n|move|p2b: Glastrier|Protect|p2b: Glastrier\n|-singleturn|p2b: Glastrier|Protect\n|move|p1b: Empoleon|Flash Cannon|p2b: Glastrier\n|-activate|p2b: Glastrier|move: Protect\n|move|p1a: Slowking|Flamethrower|p2b: Glastrier\n|-activate|p2b: Glastrier|move: Protect\n|move|p2a: Indeedee|Trick Room|p2a: Indeedee\n|-fieldstart|move: Trick Room|[of] p2a: Indeedee\n|\n|upkeep\n|turn|9\n|\n|t:|1697146720\n|move|p2a: Indeedee|Follow Me|p2a: Indeedee\n|-singleturn|p2a: Indeedee|move: Follow Me\n|move|p2b: Glastrier|Stomping Tantrum|p1b: Empoleon\n|-damage|p1b: Empoleon|69\/100\n|move|p1a: Slowking|Flamethrower|p2a: Indeedee\n|-damage|p2a: Indeedee|80\/100\n|move|p1b: Empoleon|Flash Cannon|p2a: Indeedee\n|-damage|p2a: Indeedee|45\/100\n|\n|-heal|p1b: Empoleon|75\/100|[from] item: Leftovers\n|upkeep\n|turn|10\n|\n|t:|1697146739\n|move|p2a: Indeedee|Follow Me|p2a: Indeedee\n|-singleturn|p2a: Indeedee|move: Follow Me\n|move|p2b: Glastrier|Icicle Spear|p1b: Empoleon\n|-damage|p1b: Empoleon|54\/100\n|-damage|p1b: Empoleon|34\/100\n|-damage|p1b: Empoleon|12\/100\n|-damage|p1b: Empoleon|0 fnt\n|faint|p1b: Empoleon\n|-ability|p2b: Glastrier|Chilling Neigh|boost\n|-boost|p2b: Glastrier|atk|1\n|-hitcount|p1: Empoleon|4\n|move|p1a: Slowking|Flamethrower|p2a: Indeedee\n|-damage|p2a: Indeedee|24\/100\n|\n|-fieldend|move: Psychic Terrain\n|upkeep\n|turn|11\n|-message|kingofspades13 forfeited.\n|\n|win|zdfgfs rsdgdsfh\n|raw|kingofspades13's rating: 1295 &rarr; <strong>1257<\/strong><br \/>(-38 for losing)\n|raw|zdfgfs rsdgdsfh's rating: 1086 &rarr; <strong>1128<\/strong><br \/>(+42 for winning)\n","uploadtime":1697146758,"views":7,"p1id":"kingofspades13","p2id":"zdfgfsrsdgdsfh","formatid":"gen9nationaldexdoubles","rating":1128,"private":0,"password":""}