{"id":"gen9nationaldexdoubles-1963141116","p1":"Thalassophobia","p2":"Theadonia","format":"[Gen 9] National Dex Doubles","log":"|j|\u2606Thalassophobia\n|j|\u2606Theadonia\n|t:|1696832520\n|gametype|doubles\n|player|p1|Thalassophobia|pokekid|1060\n|player|p2|Theadonia|caitlin|1130\n|teamsize|p1|6\n|teamsize|p2|6\n|gen|9\n|tier|[Gen 9] National Dex Doubles\n|rated|\n|rule|HP Percentage Mod: HP is shown in percentages\n|rule|Endless Battle Clause: Forcing endless battles is banned\n|rule|OHKO Clause: OHKO moves are banned\n|rule|Evasion Moves Clause: Evasion moves are banned\n|rule|Evasion Abilities Clause: Evasion abilities are banned\n|rule|Species Clause: Limit one of each Pok\u00e9mon\n|rule|Gravity Sleep Clause: The combination of sleep-inducing moves with imperfect accuracy and Gravity or Gigantamax Orbeetle are banned\n|clearpoke\n|poke|p1|Umbreon, M|\n|poke|p1|Glaceon, M|\n|poke|p1|Sylveon, M|\n|poke|p1|Appletun, F|\n|poke|p1|Ursaluna-Bloodmoon, M|\n|poke|p1|Zoroark, F|\n|poke|p2|Delphox, F|\n|poke|p2|Oricorio-Sensu, M|\n|poke|p2|Kommo-o, F|\n|poke|p2|Slowbro, F|\n|poke|p2|Cresselia, F|\n|poke|p2|Smeargle, F|\n|teampreview\n|\n|t:|1696832530\n|start\n|switch|p1a: Umbreon|Umbreon, M, shiny|100\/100\n|switch|p1b: Overused|Ursaluna-Bloodmoon, M|100\/100\n|switch|p2a: Delphox|Delphox, F, shiny|100\/100\n|switch|p2b: Oricorio|Oricorio-Sensu, M, shiny|100\/100\n|turn|1\n|inactive|Battle timer is ON: inactive players will automatically lose when time's up. (requested by Thalassophobia)\n|\n|t:|1696832557\n|move|p1b: Overused|U-turn|p2a: Delphox\n|-damage|p2a: Delphox|64\/100\n|\n|t:|1696832561\n|switch|p1b: Sylveon|Sylveon, M|100\/100|[from] U-turn\n|move|p2a: Delphox|Role Play|p2b: Oricorio\n|-endability|p2a: Delphox|Magician|[from] move: Role Play\n|-ability|p2a: Delphox|Dancer|[from] move: Role Play|[of] p2b: Oricorio\n|move|p2b: Oricorio|Quiver Dance|p2b: Oricorio\n|-boost|p2b: Oricorio|spa|1\n|-boost|p2b: Oricorio|spd|1\n|-boost|p2b: Oricorio|spe|1\n|-activate|p2a: Delphox|ability: Dancer\n|move|p2a: Delphox|Quiver Dance|p2a: Delphox|[from]ability: Dancer\n|-boost|p2a: Delphox|spa|1\n|-boost|p2a: Delphox|spd|1\n|-boost|p2a: Delphox|spe|1\n|move|p1a: Umbreon|Wish|p1a: Umbreon\n|\n|upkeep\n|turn|2\n|\n|t:|1696832586\n|move|p2a: Delphox|Copycat|p2a: Delphox\n|move|p2a: Delphox|Wish|p2a: Delphox|[from]move: Copycat\n|move|p2b: Oricorio|Quiver Dance|p2b: Oricorio\n|-boost|p2b: Oricorio|spa|1\n|-boost|p2b: Oricorio|spd|1\n|-boost|p2b: Oricorio|spe|1\n|-activate|p2a: Delphox|ability: Dancer\n|move|p2a: Delphox|Quiver Dance|p2a: Delphox|[from]ability: Dancer\n|-boost|p2a: Delphox|spa|1\n|-boost|p2a: Delphox|spd|1\n|-boost|p2a: Delphox|spe|1\n|move|p1a: Umbreon|Calm Mind|p1a: Umbreon\n|-boost|p1a: Umbreon|spa|1\n|-boost|p1a: Umbreon|spd|1\n|move|p1b: Sylveon|Hyper Voice|p2a: Delphox|[spread] p2a,p2b\n|-resisted|p2a: Delphox\n|-damage|p2a: Delphox|52\/100\n|-damage|p2b: Oricorio|76\/100\n|\n|upkeep\n|turn|3\n|\n|t:|1696832613\n|move|p2a: Delphox|Stored Power|p1b: Sylveon\n|-damage|p1b: Sylveon|35\/100\n|move|p2b: Oricorio|Revelation Dance|p1a: Umbreon\n|-resisted|p1a: Umbreon\n|-damage|p1a: Umbreon|86\/100\n|-activate|p2a: Delphox|ability: Dancer\n|move|p2a: Delphox|Revelation Dance|p1a: Umbreon|[from]ability: Dancer\n|-damage|p1a: Umbreon|45\/100\n|move|p1a: Umbreon|Wish|p1a: Umbreon\n|move|p1b: Sylveon|Hyper Voice|p2b: Oricorio|[spread] p2a,p2b\n|-resisted|p2a: Delphox\n|-damage|p2a: Delphox|41\/100\n|-damage|p2b: Oricorio|50\/100\n|\n|-heal|p2a: Delphox|91\/100|[from] move: Wish|[wisher] Delphox\n|-heal|p1a: Umbreon|51\/100|[from] item: Leftovers\n|upkeep\n|turn|4\n|inactive|Thalassophobia has 120 seconds left.\n|\n|t:|1696832646\n|move|p2a: Delphox|Heat Wave|p1b: Sylveon|[spread] p1a,p1b\n|-damage|p1a: Umbreon|21\/100\n|-damage|p1b: Sylveon|6\/100\n|move|p2b: Oricorio|Roost|p2b: Oricorio\n|-heal|p2b: Oricorio|99\/100\n|-singleturn|p2b: Oricorio|move: Roost\n|move|p1a: Umbreon|Baton Pass|p1a: Umbreon\n|inactive|Thalassophobia has 120 seconds left.\n|\n|t:|1696832658\n|switch|p1a: Overused|Ursaluna-Bloodmoon, M|100\/100|[from] Baton Pass\n|move|p1b: Sylveon|Draining Kiss|p2b: Oricorio\n|-damage|p2b: Oricorio|84\/100\n|-heal|p1b: Sylveon|17\/100|[from] drain|[of] p2b: Oricorio\n|\n|upkeep\n|turn|5\n|\n|t:|1696832676\n|move|p2a: Delphox|Heat Wave|p1a: Overused|[spread] p1a,p1b\n|-damage|p1a: Overused|11\/100\n|-damage|p1b: Sylveon|0 fnt\n|replace|p1a: Zoroark|Zoroark, F\n|-end|p1a: Zoroark|Illusion\n|faint|p1b: Sylveon\n|move|p2b: Oricorio|Quiver Dance|p2b: Oricorio\n|-boost|p2b: Oricorio|spa|1\n|-boost|p2b: Oricorio|spd|1\n|-boost|p2b: Oricorio|spe|1\n|-activate|p2a: Delphox|ability: Dancer\n|move|p2a: Delphox|Quiver Dance|p2a: Delphox|[from]ability: Dancer\n|-boost|p2a: Delphox|spa|1\n|-boost|p2a: Delphox|spd|1\n|-boost|p2a: Delphox|spe|1\n|move|p1a: Zoroark|Dark Pulse|p2a: Delphox\n|-supereffective|p2a: Delphox\n|-damage|p2a: Delphox|36\/100\n|-enditem|p2a: Delphox|Weakness Policy\n|-boost|p2a: Delphox|atk|2|[from] item: Weakness Policy\n|-boost|p2a: Delphox|spa|2|[from] item: Weakness Policy\n|\n|upkeep\n|inactive|Thalassophobia has 120 seconds left.\n|\n|t:|1696832686\n|switch|p1b: Umbreon|Umbreon, M, shiny|21\/100\n|turn|6\n|\n|t:|1696832695\n|move|p2a: Delphox|Copycat|p2a: Delphox\n|move|p2a: Delphox|Dark Pulse|p1a: Zoroark|[from]move: Copycat\n|-resisted|p1a: Zoroark\n|-damage|p1a: Zoroark|0 fnt\n|faint|p1a: Zoroark\n|move|p2b: Oricorio|Revelation Dance|p1b: Umbreon\n|-resisted|p1b: Umbreon\n|-damage|p1b: Umbreon|0 fnt\n|faint|p1b: Umbreon\n|-activate|p2a: Delphox|ability: Dancer\n|move|p2a: Delphox|Revelation Dance|p1: Zoroark|[from]ability: Dancer|[notarget]\n|-fail|p2a: Delphox\n|\n|upkeep\n|\n|t:|1696832702\n|switch|p1a: Glaceon|Glaceon, M, shiny|100\/100\n|switch|p1b: Appletun|Appletun, F|100\/100\n|turn|7\n|\n|t:|1696832721\n|-terastallize|p2b: Oricorio|Fairy\n|-terastallize|p1b: Appletun|Ground\n|move|p2a: Delphox|Heat Wave|p1a: Glaceon|[spread] p1a,p1b\n|-supereffective|p1a: Glaceon\n|-damage|p1a: Glaceon|0 fnt\n|-damage|p1b: Appletun|61\/100\n|faint|p1a: Glaceon\n|move|p2b: Oricorio|Revelation Dance|p1b: Appletun\n|-damage|p1b: Appletun|7\/100\n|-activate|p2a: Delphox|ability: Dancer\n|move|p2a: Delphox|Revelation Dance|p1b: Appletun|[from]ability: Dancer\n|-damage|p1b: Appletun|0 fnt\n|faint|p1b: Appletun\n|\n|upkeep\n|-message|Thalassophobia forfeited.\n|\n|win|Theadonia\n|raw|Thalassophobia's rating: 1060 &rarr; <strong>1045<\/strong><br \/>(-15 for losing)\n|raw|Theadonia's rating: 1130 &rarr; <strong>1150<\/strong><br \/>(+20 for winning)\n|l|\u2606Thalassophobia\n","uploadtime":1696832741,"views":9,"p1id":"thalassophobia","p2id":"theadonia","formatid":"gen9nationaldexdoubles","rating":1045,"private":0,"password":""}