{"id":"gen9nationaldexdoubles-1993546106","p1":"BriefMarigold4","p2":"LunaVicta","format":"[Gen 9] National Dex Doubles","log":"|j|\u2606BriefMarigold4\n|j|\u2606LunaVicta\n|t:|1700330263\n|gametype|doubles\n|player|p1|BriefMarigold4|169|\n|player|p2|LunaVicta|1|\n|teamsize|p1|6\n|teamsize|p2|6\n|gen|9\n|tier|[Gen 9] National Dex Doubles\n|rule|HP Percentage Mod: HP is shown in percentages\n|rule|Endless Battle Clause: Forcing endless battles is banned\n|rule|OHKO Clause: OHKO moves are banned\n|rule|Evasion Moves Clause: Evasion moves are banned\n|rule|Evasion Abilities Clause: Evasion abilities are banned\n|rule|Species Clause: Limit one of each Pok\u00e9mon\n|rule|Gravity Sleep Clause: The combination of sleep-inducing moves with imperfect accuracy and Gravity or Gigantamax Orbeetle are banned\n|clearpoke\n|poke|p1|Snorlax, F|\n|poke|p1|Flutter Mane|\n|poke|p1|Rillaboom, F|\n|poke|p1|Sinistcha-Masterpiece|\n|poke|p1|Charizard, M|\n|poke|p1|Incineroar, F|\n|poke|p2|Charizard, M|\n|poke|p2|Ogerpon-Hearthflame, F|\n|poke|p2|Whimsicott, M|\n|poke|p2|Tapu Fini|\n|poke|p2|Chien-Pao|\n|poke|p2|Marshadow|\n|teampreview\n|inactive|Battle timer is ON: inactive players will automatically lose when time's up. (requested by LunaVicta)\n|inactive|LunaVicta has 270 seconds left.\n|inactive|LunaVicta has 240 seconds left.\n|inactive|LunaVicta has 210 seconds left.\n|inactive|BriefMarigold4 has 270 seconds left.\n|\n|t:|1700330381\n|start\n|switch|p1a: Absolute Fatass|Snorlax, F|100\/100\n|switch|p1b: Fur Affanity|Incineroar, F|100\/100\n|switch|p2a: Whimsicott|Whimsicott, M|100\/100\n|switch|p2b: Tapu Fini|Tapu Fini|100\/100\n|-fieldstart|move: Misty Terrain|[from] ability: Misty Surge|[of] p2b: Tapu Fini\n|-ability|p1b: Fur Affanity|Intimidate|boost\n|-unboost|p2a: Whimsicott|atk|1\n|-unboost|p2b: Tapu Fini|atk|1\n|turn|1\n|inactive|LunaVicta has 270 seconds left.\n|\n|t:|1700330410\n|move|p2a: Whimsicott|Protect|p2a: Whimsicott\n|-singleturn|p2a: Whimsicott|Protect\n|move|p2b: Tapu Fini|Hydro Pump|p1b: Fur Affanity\n|-supereffective|p1b: Fur Affanity\n|-damage|p1b: Fur Affanity|9\/100\n|-enditem|p1b: Fur Affanity|Sitrus Berry|[eat]\n|-heal|p1b: Fur Affanity|34\/100|[from] item: Sitrus Berry\n|move|p1b: Fur Affanity|Flare Blitz|p2a: Whimsicott\n|-activate|p2a: Whimsicott|move: Protect\n|move|p1a: Absolute Fatass|Belly Drum|p1a: Absolute Fatass\n|-damage|p1a: Absolute Fatass|50\/100\n|-setboost|p1a: Absolute Fatass|atk|6|[from] move: Belly Drum\n|\n|-heal|p1a: Absolute Fatass|57\/100|[from] item: Leftovers\n|upkeep\n|turn|2\n|inactive|LunaVicta has 270 seconds left.\n|\n|t:|1700330427\n|switch|p1b: hhmmm monke|Rillaboom, F|100\/100\n|-fieldstart|move: Grassy Terrain|[from] ability: Grassy Surge|[of] p1b: hhmmm monke\n|move|p1a: Absolute Fatass|Protect|p1a: Absolute Fatass\n|-singleturn|p1a: Absolute Fatass|Protect\n|move|p2a: Whimsicott|Encore|p1a: Absolute Fatass\n|-activate|p1a: Absolute Fatass|move: Protect\n|move|p2b: Tapu Fini|Hydro Pump|p1b: hhmmm monke|[miss]\n|-miss|p2b: Tapu Fini|p1b: hhmmm monke\n|\n|-heal|p1a: Absolute Fatass|63\/100|[from] Grassy Terrain\n|-heal|p1a: Absolute Fatass|69\/100|[from] item: Leftovers\n|upkeep\n|turn|3\n|c|\u2606BriefMarigold4|if this is covert cloak i'm going to cry\n|inactive|LunaVicta has 270 seconds left.\n|inactive|BriefMarigold4 has 270 seconds left.\n|\n|t:|1700330484\n|switch|p2b: Marshadow|Marshadow|100\/100\n|move|p2a: Whimsicott|Protect|p2a: Whimsicott\n|-singleturn|p2a: Whimsicott|Protect\n|move|p1b: hhmmm monke|Fake Out|p2a: Whimsicott\n|-activate|p2a: Whimsicott|move: Protect\n|move|p1a: Absolute Fatass|High Horsepower|p2a: Whimsicott\n|-activate|p2a: Whimsicott|move: Protect\n|\n|-heal|p1a: Absolute Fatass|75\/100|[from] Grassy Terrain\n|-heal|p1a: Absolute Fatass|81\/100|[from] item: Leftovers\n|upkeep\n|turn|4\n|inactive|BriefMarigold4 has 270 seconds left.\n|inactive|LunaVicta has 240 seconds left.\n|\n|t:|1700330535\n|move|p1b: hhmmm monke|Grassy Glide|p2b: Marshadow\n|-damage|p2b: Marshadow|52\/100\n|move|p2b: Marshadow|Close Combat|p1a: Absolute Fatass\n|-supereffective|p1a: Absolute Fatass\n|-damage|p1a: Absolute Fatass|0 fnt\n|-unboost|p2b: Marshadow|def|1\n|-unboost|p2b: Marshadow|spd|1\n|faint|p1a: Absolute Fatass\n|-damage|p2b: Marshadow|42\/100|[from] item: Life Orb\n|move|p2a: Whimsicott|Moonblast|p1b: hhmmm monke\n|-damage|p1b: hhmmm monke|71\/100\n|\n|-heal|p2b: Marshadow|48\/100|[from] Grassy Terrain\n|-heal|p1b: hhmmm monke|77\/100|[from] Grassy Terrain\n|upkeep\n|\n|t:|1700330543\n|switch|p1a: :3|Flutter Mane|100\/100\n|-enditem|p1a: :3|Grassy Seed\n|-boost|p1a: :3|def|1|[from] item: Grassy Seed\n|turn|5\n|inactive|LunaVicta has 240 seconds left.\n|inactive|BriefMarigold4 has 270 seconds left.\n|inactive|LunaVicta has 210 seconds left.\n|inactive|LunaVicta has 180 seconds left.\n|\n|t:|1700330642\n|-terastallize|p2b: Marshadow|Poison\n|move|p2a: Whimsicott|Tailwind|p2a: Whimsicott\n|-sidestart|p2: LunaVicta|move: Tailwind\n|move|p1b: hhmmm monke|Grassy Glide|p2b: Marshadow\n|-resisted|p2b: Marshadow\n|-damage|p2b: Marshadow|14\/100\n|move|p2b: Marshadow|Spectral Thief||[still]\n|-clearpositiveboost|p1a: :3|p2b: Marshadow|move: Spectral Thief\n|-boost|p2b: Marshadow|def|1\n|-anim|p2b: Marshadow|Spectral Thief|p1a: :3\n|-supereffective|p1a: :3\n|-crit|p1a: :3\n|-damage|p1a: :3|0 fnt\n|faint|p1a: :3\n|-end|p1a: :3|Protosynthesis|[silent]\n|-damage|p2b: Marshadow|4\/100|[from] item: Life Orb\n|\n|-heal|p2b: Marshadow|10\/100|[from] Grassy Terrain\n|-heal|p1b: hhmmm monke|84\/100|[from] Grassy Terrain\n|upkeep\n|\n|t:|1700330654\n|switch|p1a: Groudon 0.5|Charizard, M|100\/100\n|turn|6\n|inactive|LunaVicta has 180 seconds left.\n|\n|t:|1700330679\n|detailschange|p1a: Groudon 0.5|Charizard-Mega-Y, M\n|-mega|p1a: Groudon 0.5|Charizard|Charizardite Y\n|-weather|SunnyDay|[from] ability: Drought|[of] p1a: Groudon 0.5\n|move|p2b: Marshadow|Protect|p2b: Marshadow\n|-singleturn|p2b: Marshadow|Protect\n|move|p1b: hhmmm monke|Grassy Glide|p2b: Marshadow\n|-activate|p2b: Marshadow|move: Protect\n|move|p2a: Whimsicott|Moonblast|p1b: hhmmm monke\n|-damage|p1b: hhmmm monke|54\/100\n|move|p1a: Groudon 0.5|Heat Wave|p2a: Whimsicott|[spread] p2a\n|-activate|p2b: Marshadow|move: Protect\n|-supereffective|p2a: Whimsicott\n|-enditem|p2a: Whimsicott|Focus Sash\n|-damage|p2a: Whimsicott|1\/100\n|\n|-weather|SunnyDay|[upkeep]\n|-heal|p2b: Marshadow|17\/100|[from] Grassy Terrain\n|-heal|p2a: Whimsicott|7\/100|[from] Grassy Terrain\n|-heal|p1b: hhmmm monke|61\/100|[from] Grassy Terrain\n|-fieldend|move: Grassy Terrain\n|upkeep\n|turn|7\n|inactive|LunaVicta has 180 seconds left.\n|inactive|LunaVicta has 150 seconds left.\n|\n|t:|1700330738\n|switch|p1b: Fur Affanity|Incineroar, F|34\/100\n|-ability|p1b: Fur Affanity|Intimidate|boost\n|-unboost|p2a: Whimsicott|atk|1\n|-unboost|p2b: Marshadow|atk|1\n|move|p2b: Marshadow|Close Combat|p1b: Fur Affanity\n|-supereffective|p1b: Fur Affanity\n|-damage|p1b: Fur Affanity|0 fnt\n|-unboost|p2b: Marshadow|def|1\n|-unboost|p2b: Marshadow|spd|1\n|faint|p1b: Fur Affanity\n|-damage|p2b: Marshadow|7\/100|[from] item: Life Orb\n|move|p2a: Whimsicott|Moonblast|p1a: Groudon 0.5\n|-resisted|p1a: Groudon 0.5\n|-damage|p1a: Groudon 0.5|80\/100\n|-unboost|p1a: Groudon 0.5|spa|1\n|move|p1a: Groudon 0.5|Heat Wave|p2b: Marshadow|[spread] p2a,p2b\n|-supereffective|p2a: Whimsicott\n|-damage|p2a: Whimsicott|0 fnt\n|-damage|p2b: Marshadow|0 fnt\n|faint|p2a: Whimsicott\n|faint|p2b: Marshadow\n|\n|-weather|SunnyDay|[upkeep]\n|upkeep\n|inactive|LunaVicta has 150 seconds left.\n|inactive|BriefMarigold4 has 270 seconds left.\n|c|\u2606BriefMarigold4|okay\n|inactive|LunaVicta has 120 seconds left.\n|c|\u2606BriefMarigold4|that was\n|c|\u2606BriefMarigold4|very much uncalled for\n|\n|t:|1700330793\n|switch|p2b: Charizard|Charizard, M|100\/100\n|switch|p2a: Ogerpon|Ogerpon-Hearthflame, F|100\/100\n|switch|p1b: oi it be tea time|Sinistcha-Masterpiece|100\/100\n|-ability|p2a: Ogerpon|Mold Breaker\n|-heal|p1a: Groudon 0.5|100\/100|[from] ability: Hospitality|[of] p1b: oi it be tea time\n|turn|8\n|inactive|LunaVicta has 120 seconds left.\n|inactive|BriefMarigold4 has 270 seconds left.\n|\n|t:|1700330823\n|switch|p1a: hhmmm monke|Rillaboom, F|61\/100\n|-fieldstart|move: Grassy Terrain|[from] ability: Grassy Surge|[of] p1a: hhmmm monke\n|detailschange|p2b: Charizard|Charizard-Mega-Y, M\n|-mega|p2b: Charizard|Charizard|Charizardite Y\n|-terastallize|p1b: oi it be tea time|Fire\n|move|p2a: Ogerpon|Ivy Cudgel|p1a: hhmmm monke|[anim] Ivy Cudgel Fire\n|-supereffective|p1a: hhmmm monke\n|-damage|p1a: hhmmm monke|0 fnt\n|faint|p1a: hhmmm monke\n|move|p2b: Charizard|Heat Wave|p1b: oi it be tea time\n|-resisted|p1b: oi it be tea time\n|-damage|p1b: oi it be tea time|59\/100\n|move|p1b: oi it be tea time|Trick Room|p1b: oi it be tea time\n|-fieldstart|move: Trick Room|[of] p1b: oi it be tea time\n|\n|-weather|SunnyDay|[upkeep]\n|-heal|p1b: oi it be tea time|65\/100|[from] Grassy Terrain\n|-sideend|p2: LunaVicta|move: Tailwind\n|upkeep\n|inactive|BriefMarigold4 has 270 seconds left.\n|\n|t:|1700330831\n|switch|p1a: Groudon 0.5|Charizard-Mega-Y, M|100\/100\n|turn|9\n|inactive|LunaVicta has 120 seconds left.\n|\n|t:|1700330862\n|move|p2a: Ogerpon|Spiky Shield|p2a: Ogerpon\n|-singleturn|p2a: Ogerpon|move: Protect\n|move|p1b: oi it be tea time|Shadow Ball|p2a: Ogerpon\n|-activate|p2a: Ogerpon|move: Protect\n|move|p2b: Charizard|Heat Wave|p1b: oi it be tea time|[spread] p1a,p1b\n|-resisted|p1a: Groudon 0.5\n|-resisted|p1b: oi it be tea time\n|-damage|p1a: Groudon 0.5|71\/100\n|-damage|p1b: oi it be tea time|33\/100\n|move|p1a: Groudon 0.5|Heat Wave|p2b: Charizard|[spread] p2b\n|-activate|p2a: Ogerpon|move: Protect\n|-resisted|p2b: Charizard\n|-damage|p2b: Charizard|74\/100\n|\n|-weather|SunnyDay|[upkeep]\n|-heal|p1b: oi it be tea time|39\/100|[from] Grassy Terrain\n|upkeep\n|turn|10\n|inactive|LunaVicta has 120 seconds left.\n|\n|t:|1700330892\n|switch|p2a: Tapu Fini|Tapu Fini|100\/100\n|-fieldstart|move: Misty Terrain|[from] ability: Misty Surge|[of] p2a: Tapu Fini\n|move|p1b: oi it be tea time|Shadow Ball|p2b: Charizard\n|-damage|p2b: Charizard|44\/100\n|-unboost|p2b: Charizard|spd|1\n|move|p2b: Charizard|Heat Wave|p1b: oi it be tea time|[spread] p1a,p1b\n|-resisted|p1a: Groudon 0.5\n|-resisted|p1b: oi it be tea time\n|-damage|p1a: Groudon 0.5|40\/100\n|-damage|p1b: oi it be tea time|9\/100\n|move|p1a: Groudon 0.5|Heat Wave|p2b: Charizard|[spread] p2a\n|-miss|p1a: Groudon 0.5|p2b: Charizard\n|-resisted|p2a: Tapu Fini\n|-damage|p2a: Tapu Fini|68\/100\n|\n|-weather|none\n|upkeep\n|turn|11\n|inactive|LunaVicta has 120 seconds left.\n|\n|t:|1700330921\n|move|p2b: Charizard|Protect|p2b: Charizard\n|-singleturn|p2b: Charizard|Protect\n|move|p1a: Groudon 0.5|Protect|p1a: Groudon 0.5\n|-singleturn|p1a: Groudon 0.5|Protect\n|move|p1b: oi it be tea time|Matcha Gotcha|p2b: Charizard|[spread] p2a\n|-activate|p2b: Charizard|move: Protect\n|-supereffective|p2a: Tapu Fini\n|-damage|p2a: Tapu Fini|26\/100\n|-heal|p1b: oi it be tea time|26\/100|[from] drain|[of] p2a: Tapu Fini\n|move|p2a: Tapu Fini|Scald|p1a: Groudon 0.5\n|-activate|p1a: Groudon 0.5|move: Protect\n|\n|upkeep\n|turn|12\n|inactive|LunaVicta has 120 seconds left.\n|\n|t:|1700330944\n|switch|p2a: Ogerpon|Ogerpon-Hearthflame, F|100\/100\n|-ability|p2a: Ogerpon|Mold Breaker\n|move|p1b: oi it be tea time|Matcha Gotcha|p2b: Charizard|[spread] p2a\n|-miss|p1b: oi it be tea time|p2b: Charizard\n|-resisted|p2a: Ogerpon\n|-damage|p2a: Ogerpon|93\/100\n|-heal|p1b: oi it be tea time|30\/100|[from] drain|[of] p2a: Ogerpon\n|move|p2b: Charizard|Heat Wave|p1b: oi it be tea time|[spread] p1a,p1b\n|-resisted|p1a: Groudon 0.5\n|-resisted|p1b: oi it be tea time\n|-damage|p1a: Groudon 0.5|17\/100\n|-damage|p1b: oi it be tea time|9\/100\n|move|p1a: Groudon 0.5|Heat Wave|p2a: Ogerpon|[spread] p2a,p2b\n|-crit|p2a: Ogerpon\n|-resisted|p2b: Charizard\n|-damage|p2a: Ogerpon|13\/100\n|-damage|p2b: Charizard|15\/100\n|\n|-fieldend|move: Trick Room\n|upkeep\n|turn|13\n|inactive|LunaVicta has 120 seconds left.\n|\n|t:|1700330973\n|move|p2a: Ogerpon|Ivy Cudgel|p1a: Groudon 0.5|[anim] Ivy Cudgel Fire\n|-resisted|p1a: Groudon 0.5\n|-damage|p1a: Groudon 0.5|0 fnt\n|faint|p1a: Groudon 0.5\n|move|p2b: Charizard|Heat Wave|p1b: oi it be tea time\n|-resisted|p1b: oi it be tea time\n|-crit|p1b: oi it be tea time\n|-damage|p1b: oi it be tea time|0 fnt\n|faint|p1b: oi it be tea time\n|\n|win|LunaVicta\n|c|\u2606LunaVicta|gg\n","uploadtime":1700330991,"views":35,"p1id":"briefmarigold4","p2id":"lunavicta","formatid":"gen9nationaldexdoubles","rating":0,"private":0,"password":""}