{"id":"gen9nationaldexdoubles-1998365845","p1":"Rei Mugen","p2":"Theadonia","format":"[Gen 9] National Dex Doubles","log":"|j|\u2606Rei Mugen\n|j|\u2606Theadonia\n|t:|1700934273\n|gametype|doubles\n|player|p1|Rei Mugen|170|1154\n|player|p2|Theadonia|roxie|1076\n|teamsize|p1|6\n|teamsize|p2|6\n|gen|9\n|tier|[Gen 9] National Dex Doubles\n|rated|\n|rule|HP Percentage Mod: HP is shown in percentages\n|rule|Endless Battle Clause: Forcing endless battles is banned\n|rule|OHKO Clause: OHKO moves are banned\n|rule|Evasion Moves Clause: Evasion moves are banned\n|rule|Evasion Abilities Clause: Evasion abilities are banned\n|rule|Species Clause: Limit one of each Pok\u00e9mon\n|rule|Gravity Sleep Clause: The combination of sleep-inducing moves with imperfect accuracy and Gravity or Gigantamax Orbeetle are banned\n|clearpoke\n|poke|p1|Typhlosion, M|\n|poke|p1|Charizard, F|\n|poke|p1|Heatran, M|\n|poke|p1|Ninetales, M|\n|poke|p1|Rapidash, M|\n|poke|p1|Talonflame, M|\n|poke|p2|Delphox, F|\n|poke|p2|Oricorio-Sensu, M|\n|poke|p2|Kommo-o, F|\n|poke|p2|Wailord, F|\n|poke|p2|Cresselia, F|\n|poke|p2|Ribombee, M|\n|teampreview\n|\n|t:|1700934289\n|start\n|switch|p1a: Inferno|Charizard, F, shiny|100\/100\n|switch|p1b: Kamikaze|Talonflame, M|100\/100\n|switch|p2a: Oricorio|Oricorio-Sensu, M, shiny|100\/100\n|switch|p2b: Ribombee|Ribombee, M|100\/100\n|turn|1\n|\n|t:|1700934309\n|detailschange|p1a: Inferno|Charizard-Mega-Y, F, shiny\n|-mega|p1a: Inferno|Charizard|Charizardite Y\n|-weather|SunnyDay|[from] ability: Drought|[of] p1a: Inferno\n|move|p1b: Kamikaze|Brave Bird|p2b: Ribombee\n|-supereffective|p2b: Ribombee\n|-enditem|p2b: Ribombee|Focus Sash\n|-damage|p2b: Ribombee|1\/100\n|-damage|p1b: Kamikaze|72\/100|[from] Recoil\n|-damage|p1b: Kamikaze|62\/100|[from] item: Life Orb\n|move|p2b: Ribombee|Dazzling Gleam|p1b: Kamikaze|[spread] p1a,p1b\n|-resisted|p1a: Inferno\n|-resisted|p1b: Kamikaze\n|-damage|p1a: Inferno|87\/100\n|-damage|p1b: Kamikaze|44\/100\n|move|p1a: Inferno|Fire Blast|p2a: Oricorio|[miss]\n|-miss|p1a: Inferno|p2a: Oricorio\n|move|p2a: Oricorio|Quiver Dance|p2a: Oricorio\n|-boost|p2a: Oricorio|spa|1\n|-boost|p2a: Oricorio|spd|1\n|-boost|p2a: Oricorio|spe|1\n|\n|-weather|SunnyDay|[upkeep]\n|upkeep\n|turn|2\n|\n|t:|1700934334\n|move|p2b: Ribombee|Quiver Dance|p2b: Ribombee\n|-boost|p2b: Ribombee|spa|1\n|-boost|p2b: Ribombee|spd|1\n|-boost|p2b: Ribombee|spe|1\n|-activate|p2a: Oricorio|ability: Dancer\n|move|p2a: Oricorio|Quiver Dance|p2a: Oricorio|[from]ability: Dancer\n|-boost|p2a: Oricorio|spa|1\n|-boost|p2a: Oricorio|spd|1\n|-boost|p2a: Oricorio|spe|1\n|move|p2a: Oricorio|Quiver Dance|p2a: Oricorio\n|-boost|p2a: Oricorio|spa|1\n|-boost|p2a: Oricorio|spd|1\n|-boost|p2a: Oricorio|spe|1\n|move|p1b: Kamikaze|Tailwind|p1b: Kamikaze\n|-sidestart|p1: Rei Mugen|move: Tailwind\n|move|p1a: Inferno|Fire Blast|p2a: Oricorio\n|-damage|p2a: Oricorio|47\/100\n|-status|p2a: Oricorio|brn\n|\n|-weather|SunnyDay|[upkeep]\n|-damage|p2a: Oricorio|41\/100 brn|[from] brn\n|upkeep\n|turn|3\n|\n|t:|1700934360\n|move|p1b: Kamikaze|Flare Blitz|p2b: Ribombee\n|-supereffective|p2b: Ribombee\n|-damage|p2b: Ribombee|0 fnt\n|faint|p2b: Ribombee\n|-damage|p1b: Kamikaze|43\/100|[from] Recoil\n|-damage|p1b: Kamikaze|33\/100|[from] item: Life Orb\n|move|p1a: Inferno|Fire Blast|p2a: Oricorio|[miss]\n|-miss|p1a: Inferno|p2a: Oricorio\n|move|p2a: Oricorio|Baton Pass|p2a: Oricorio\n|\n|t:|1700934388\n|switch|p2a: Kommo-o|Kommo-o, F, shiny|100\/100|[from] Baton Pass\n|\n|-weather|SunnyDay|[upkeep]\n|upkeep\n|\n|t:|1700934392\n|switch|p2b: Cresselia|Cresselia, F|100\/100\n|turn|4\n|\n|t:|1700934400\n|-zpower|p2a: Kommo-o\n|move|p2a: Kommo-o|Clangorous Soulblaze|p1a: Inferno|[zeffect]|[spread] p1a,p1b\n|-damage|p1a: Inferno|0 fnt\n|-damage|p1b: Kamikaze|0 fnt\n|faint|p1a: Inferno\n|faint|p1b: Kamikaze\n|-boost|p2a: Kommo-o|atk|1\n|-boost|p2a: Kommo-o|def|1\n|-boost|p2a: Kommo-o|spa|1\n|-boost|p2a: Kommo-o|spd|1\n|-boost|p2a: Kommo-o|spe|1\n|move|p2b: Cresselia|Psych Up|p2a: Kommo-o\n|-copyboost|p2b: Cresselia|p2a: Kommo-o|[from] move: Psych Up\n|\n|-weather|SunnyDay|[upkeep]\n|upkeep\n|\n|t:|1700934421\n|switch|p1b: Forest Fire|Heatran, M|100\/100\n|switch|p1a: Kablooee|Typhlosion, M|100\/100\n|turn|5\n|\n|t:|1700934428\n|move|p2a: Kommo-o|Drain Punch|p1b: Forest Fire\n|-supereffective|p1b: Forest Fire\n|-damage|p1b: Forest Fire|13\/100\n|move|p2b: Cresselia|Stored Power|p1a: Kablooee\n|-damage|p1a: Kablooee|0 fnt\n|faint|p1a: Kablooee\n|move|p1b: Forest Fire|Lava Plume|p2a: Kommo-o|[spread] p2a,p2b\n|-resisted|p2a: Kommo-o\n|-damage|p2a: Kommo-o|90\/100\n|-damage|p2b: Cresselia|89\/100\n|-status|p2a: Kommo-o|brn\n|\n|-weather|none\n|-heal|p2b: Cresselia|95\/100|[from] item: Leftovers\n|-damage|p2a: Kommo-o|83\/100 brn|[from] brn\n|-sideend|p1: Rei Mugen|move: Tailwind\n|upkeep\n|\n|t:|1700934448\n|switch|p1a: D1r31nf3rn0|Rapidash, M, shiny|100\/100\n|turn|6\n|\n|t:|1700934477\n|move|p2a: Kommo-o|Clanging Scales|p1b: Forest Fire|[spread] p1a,p1b\n|-resisted|p1b: Forest Fire\n|-damage|p1a: D1r31nf3rn0|0 fnt\n|-damage|p1b: Forest Fire|0 fnt\n|faint|p1a: D1r31nf3rn0\n|faint|p1b: Forest Fire\n|-unboost|p2a: Kommo-o|def|1\n|move|p2b: Cresselia|Lunar Blessing|p2b: Cresselia|[spread] p2a,p2b\n|-heal|p2a: Kommo-o|100\/100 brn\n|-curestatus|p2a: Kommo-o|brn|[msg]\n|-heal|p2b: Cresselia|100\/100\n|\n|upkeep\n|\n|t:|1700934488\n|switch|p1b: Kyubimon|Ninetales, M, shiny|100\/100\n|-weather|SunnyDay|[from] ability: Drought|[of] p1b: Kyubimon\n|turn|7\n|\n|t:|1700934499\n|move|p2a: Kommo-o|Drain Punch|p1b: Kyubimon\n|-damage|p1b: Kyubimon|20\/100\n|move|p2b: Cresselia|Stored Power|p1b: Kyubimon\n|-damage|p1b: Kyubimon|0 fnt\n|faint|p1b: Kyubimon\n|\n|win|Theadonia\n|raw|Rei Mugen's rating: 1154 &rarr; <strong>1123<\/strong><br \/>(-31 for losing)\n|raw|Theadonia's rating: 1076 &rarr; <strong>1111<\/strong><br \/>(+35 for winning)\n|c|\u2606Theadonia|Gg\n|c|\u2606Rei Mugen|gg allin\n","uploadtime":1700934515,"views":0,"p1id":"reimugen","p2id":"theadonia","formatid":"gen9nationaldexdoubles","rating":1111,"private":0,"password":""}