{"id":"gen9nationaldexdoubles-1966284349","p1":"yiming8917","p2":"Durtnap","format":"[Gen 9] National Dex Doubles","log":"|j|\u2606yiming8917\n|j|\u2606Durtnap\n|t:|1697164250\n|gametype|doubles\n|player|p1|yiming8917|rosa|1000\n|player|p2|Durtnap|roughneck|1089\n|teamsize|p1|6\n|teamsize|p2|6\n|gen|9\n|tier|[Gen 9] National Dex Doubles\n|rated|\n|rule|HP Percentage Mod: HP is shown in percentages\n|rule|Endless Battle Clause: Forcing endless battles is banned\n|rule|OHKO Clause: OHKO moves are banned\n|rule|Evasion Moves Clause: Evasion moves are banned\n|rule|Evasion Abilities Clause: Evasion abilities are banned\n|rule|Species Clause: Limit one of each Pok\u00e9mon\n|rule|Gravity Sleep Clause: The combination of sleep-inducing moves with imperfect accuracy and Gravity or Gigantamax Orbeetle are banned\n|clearpoke\n|poke|p1|Torkoal, M|\n|poke|p1|Oranguru, M|\n|poke|p1|Cresselia, F|\n|poke|p1|Indeedee-F, F|\n|poke|p1|Chien-Pao|\n|poke|p1|Ursaluna-Bloodmoon, M|\n|poke|p2|Palafin, F|\n|poke|p2|Scream Tail|\n|poke|p2|Flutter Mane|\n|poke|p2|Amoonguss, F|\n|poke|p2|Arcanine, M|\n|poke|p2|Gothitelle, F|\n|teampreview\n|inactive|Battle timer is ON: inactive players will automatically lose when time's up. (requested by yiming8917)\n|\n|t:|1697164265\n|start\n|switch|p1a: Oranguru|Oranguru, M|100\/100\n|switch|p1b: Torkoal|Torkoal, M, shiny|100\/100\n|switch|p2a: INEEDAHERO|Palafin, F, shiny|100\/100\n|switch|p2b: AMOGUS|Amoonguss, F|100\/100\n|-weather|SunnyDay|[from] ability: Drought|[of] p1b: Torkoal\n|turn|1\n|inactive|Durtnap has 120 seconds left.\n|\n|t:|1697164321\n|detailschange|p2a: INEEDAHERO|Palafin-Hero, F, shiny\n|switch|p2a: EEEEEEEEEEEE|Flutter Mane|100\/100\n|-activate|p2a: EEEEEEEEEEEE|ability: Protosynthesis\n|-start|p2a: EEEEEEEEEEEE|protosynthesisspe\n|move|p1b: Torkoal|Protect|p1b: Torkoal\n|-singleturn|p1b: Torkoal|Protect\n|move|p1a: Oranguru|Psychic|p2b: AMOGUS\n|-supereffective|p2b: AMOGUS\n|-damage|p2b: AMOGUS|59\/100\n|move|p2b: AMOGUS|Spore|p1b: Torkoal\n|-activate|p1b: Torkoal|move: Protect\n|\n|-weather|SunnyDay|[upkeep]\n|upkeep\n|turn|2\n|inactive|yiming8917 has 120 seconds left.\n|inactive|Durtnap has 90 seconds left.\n|\n|t:|1697164361\n|switch|p2b: INEEDAHERO|Palafin-Hero, F, shiny|100\/100\n|-activate|p2b: INEEDAHERO|ability: Zero to Hero\n|switch|p1b: Indeedee|Indeedee-F, F|100\/100\n|-fieldstart|move: Psychic Terrain|[from] ability: Psychic Surge|[of] p1b: Indeedee\n|move|p2a: EEEEEEEEEEEE|Perish Song|p2a: EEEEEEEEEEEE\n|-start|p1a: Oranguru|perish3|[silent]\n|-start|p1b: Indeedee|perish3|[silent]\n|-start|p2a: EEEEEEEEEEEE|perish3|[silent]\n|-start|p2b: INEEDAHERO|perish3|[silent]\n|-fieldactivate|move: Perish Song\n|move|p1a: Oranguru|Trick Room|p1a: Oranguru\n|-fieldstart|move: Trick Room|[of] p1a: Oranguru\n|\n|-weather|SunnyDay|[upkeep]\n|-start|p1a: Oranguru|perish3\n|-start|p1b: Indeedee|perish3\n|-start|p2b: INEEDAHERO|perish3\n|-start|p2a: EEEEEEEEEEEE|perish3\n|upkeep\n|turn|3\n|inactive|yiming8917 has 120 seconds left.\n|inactive|Durtnap has 90 seconds left.\n|\n|t:|1697164403\n|-end|p2a: EEEEEEEEEEEE|Protosynthesis|[silent]\n|switch|p2a: GO BIRD|Gothitelle, F|100\/100\n|move|p2b: INEEDAHERO|Protect|p2b: INEEDAHERO\n|-singleturn|p2b: INEEDAHERO|Protect\n|move|p1a: Oranguru|Psychic|p2b: INEEDAHERO\n|-activate|p2b: INEEDAHERO|move: Protect\n|move|p1b: Indeedee|Dazzling Gleam|p2b: INEEDAHERO|[spread] p2a\n|-activate|p2b: INEEDAHERO|move: Protect\n|-damage|p2a: GO BIRD|90\/100\n|\n|-weather|SunnyDay|[upkeep]\n|-start|p1a: Oranguru|perish2\n|-start|p1b: Indeedee|perish2\n|-start|p2b: INEEDAHERO|perish2\n|upkeep\n|turn|4\n|inactive|Durtnap has 90 seconds left.\n|inactive|yiming8917 has 120 seconds left.\n|inactive|Durtnap has 60 seconds left.\n|inactive|Durtnap has 30 seconds left.\n|inactive|Durtnap has 20 seconds left.\n|inactive|Durtnap has 15 seconds left.\n|inactive|Durtnap has 10 seconds left.\n|inactive|Durtnap has 5 seconds left.\n|\n|t:|1697164498\n|move|p1a: Oranguru|Psychic|p2a: GO BIRD\n|-resisted|p2a: GO BIRD\n|-damage|p2a: GO BIRD|76\/100\n|move|p2a: GO BIRD|Heal Pulse|p2b: INEEDAHERO\n|-fail|p2b: INEEDAHERO|heal\n|move|p1b: Indeedee|Hyper Voice|p2b: INEEDAHERO|[spread] p2a,p2b\n|-damage|p2a: GO BIRD|58\/100\n|-damage|p2b: INEEDAHERO|78\/100\n|move|p2b: INEEDAHERO|Wave Crash|p1b: Indeedee\n|-damage|p1b: Indeedee|35\/100\n|-enditem|p1b: Indeedee|Sitrus Berry|[eat]\n|-heal|p1b: Indeedee|60\/100|[from] item: Sitrus Berry\n|-damage|p2b: INEEDAHERO|59\/100|[from] Recoil\n|\n|-weather|SunnyDay|[upkeep]\n|-start|p1a: Oranguru|perish1\n|-start|p1b: Indeedee|perish1\n|-start|p2b: INEEDAHERO|perish1\n|upkeep\n|turn|5\n|inactive|Durtnap has 30 seconds left this turn.\n|inactive|Durtnap has 20 seconds left.\n|inactive|Durtnap has 15 seconds left.\n|inactive|Durtnap has 10 seconds left.\n|inactive|Durtnap has 5 seconds left.\n|\n|t:|1697164526\n|switch|p2b: AMOGUS|Amoonguss, F|93\/100\n|move|p2a: GO BIRD|Protect|p2a: GO BIRD\n|-singleturn|p2a: GO BIRD|Protect\n|move|p1a: Oranguru|Psychic|p2a: GO BIRD\n|-activate|p2a: GO BIRD|move: Protect\n|move|p1b: Indeedee|Hyper Voice|p2a: GO BIRD|[spread] p2b\n|-activate|p2a: GO BIRD|move: Protect\n|-damage|p2b: AMOGUS|76\/100\n|\n|-weather|none\n|-start|p1a: Oranguru|perish0\n|-start|p1b: Indeedee|perish0\n|faint|p1a: Oranguru\n|faint|p1b: Indeedee\n|upkeep\n|inactive|Durtnap has 10 seconds left this turn.\n|inactive|yiming8917 has 120 seconds left.\n|\n|t:|1697164539\n|switch|p1a: Torkoal|Torkoal, M, shiny|100\/100\n|switch|p1b: Cresselia|Cresselia, F|100\/100\n|-weather|SunnyDay|[from] ability: Drought|[of] p1a: Torkoal\n|turn|6\n|inactive|Durtnap has 30 seconds left.\n|inactive|Durtnap has 20 seconds left.\n|inactive|Durtnap has 15 seconds left.\n|inactive|Durtnap has 10 seconds left.\n|\n|t:|1697164566\n|switch|p2b: AWOOOOOOOOOO|Arcanine, M|100\/100\n|-ability|p2b: AWOOOOOOOOOO|Intimidate|boost\n|-unboost|p1a: Torkoal|atk|1\n|-unboost|p1b: Cresselia|atk|1\n|switch|p2a: EEEEEEEEEEEE|Flutter Mane|100\/100\n|-activate|p2a: EEEEEEEEEEEE|ability: Protosynthesis\n|-start|p2a: EEEEEEEEEEEE|protosynthesisspe\n|move|p1a: Torkoal|Eruption|p2a: EEEEEEEEEEEE|[spread] p2a,p2b\n|-resisted|p2b: AWOOOOOOOOOO\n|-damage|p2a: EEEEEEEEEEEE|11\/100\n|-damage|p2b: AWOOOOOOOOOO|45\/100\n|move|p1b: Cresselia|Dazzling Gleam|p2b: AWOOOOOOOOOO|[spread] p2a,p2b\n|-resisted|p2b: AWOOOOOOOOOO\n|-damage|p2a: EEEEEEEEEEEE|0 fnt\n|-damage|p2b: AWOOOOOOOOOO|38\/100\n|faint|p2a: EEEEEEEEEEEE\n|-end|p2a: EEEEEEEEEEEE|Protosynthesis|[silent]\n|\n|-weather|SunnyDay|[upkeep]\n|-fieldend|move: Trick Room\n|-fieldend|move: Psychic Terrain\n|upkeep\n|inactive|Durtnap has 15 seconds left this turn.\n|inactive|Durtnap has 10 seconds left.\n|inactive|Durtnap has 5 seconds left.\n|-message|Durtnap lost due to inactivity.\n|\n|win|yiming8917\n|raw|yiming8917's rating: 1000 &rarr; <strong>1050<\/strong><br \/>(+50 for winning)\n|raw|Durtnap's rating: 1089 &rarr; <strong>1060<\/strong><br \/>(-29 for losing)\n|l|\u2606yiming8917\n|c|\u2606Durtnap|dang lol\n","uploadtime":1697164607,"views":6,"p1id":"yiming8917","p2id":"durtnap","formatid":"gen9nationaldexdoubles","rating":1050,"private":0,"password":""}