{"id":"gen9nationaldexdoubles-1969398312","p1":"GarlicBreadFrug","p2":"Carolno1","format":"[Gen 9] National Dex Doubles","log":"|j|\u2606GarlicBreadFrug\n|j|\u203dCarolno1\n|t:|1697525515\n|gametype|doubles\n|player|p1|GarlicBreadFrug|giovanni|1143\n|player|p2|Carolno1|swimmerf|1220\n|teamsize|p1|6\n|teamsize|p2|6\n|gen|9\n|tier|[Gen 9] National Dex Doubles\n|rated|\n|rule|HP Percentage Mod: HP is shown in percentages\n|rule|Endless Battle Clause: Forcing endless battles is banned\n|rule|OHKO Clause: OHKO moves are banned\n|rule|Evasion Moves Clause: Evasion moves are banned\n|rule|Evasion Abilities Clause: Evasion abilities are banned\n|rule|Species Clause: Limit one of each Pok\u00e9mon\n|rule|Gravity Sleep Clause: The combination of sleep-inducing moves with imperfect accuracy and Gravity or Gigantamax Orbeetle are banned\n|clearpoke\n|poke|p1|Darmanitan-Galar, F|\n|poke|p1|Ninetales-Alola, M|\n|poke|p1|Baxcalibur, M|\n|poke|p1|Abomasnow, M|\n|poke|p1|Kyurem|\n|poke|p1|Iron Bundle|\n|poke|p2|Golem-Alola, M|\n|poke|p2|Sceptile, F|\n|poke|p2|Incineroar, M|\n|poke|p2|Flutter Mane|\n|poke|p2|Charjabug, M|\n|poke|p2|Lilligant, F|\n|teampreview\n|inactive|Battle timer is ON: inactive players will automatically lose when time's up. (requested by Carolno1)\n|inactive|Carolno1 has 120 seconds left.\n|\n|t:|1697525548\n|start\n|switch|p1a: Abomasnow|Abomasnow, M|100\/100\n|switch|p1b: Iron Bundle|Iron Bundle|100\/100\n|switch|p2a: Incineroar|Incineroar, M|100\/100\n|switch|p2b: Charjabug|Charjabug, M, shiny|100\/100\n|-ability|p2a: Incineroar|Intimidate|boost\n|-unboost|p1a: Abomasnow|atk|1\n|-unboost|p1b: Iron Bundle|atk|1\n|-weather|Snow|[from] ability: Snow Warning|[of] p1a: Abomasnow\n|-enditem|p1b: Iron Bundle|Booster Energy\n|-activate|p1b: Iron Bundle|ability: Quark Drive|[fromitem]\n|-start|p1b: Iron Bundle|quarkdrivespe\n|turn|1\n|\n|t:|1697525565\n|detailschange|p1a: Abomasnow|Abomasnow-Mega, M\n|-mega|p1a: Abomasnow|Abomasnow|Abomasite\n|move|p2a: Incineroar|Fake Out|p1b: Iron Bundle\n|-damage|p1b: Iron Bundle|91\/100\n|cant|p1b: Iron Bundle|flinch\n|move|p2b: Charjabug|String Shot|p1b: Iron Bundle|[spread] p1a,p1b\n|-unboost|p1a: Abomasnow|spe|2\n|-unboost|p1b: Iron Bundle|spe|2\n|move|p1a: Abomasnow|Aurora Veil|p1a: Abomasnow\n|-sidestart|p1: GarlicBreadFrug|move: Aurora Veil\n|\n|-weather|Snow|[upkeep]\n|upkeep\n|turn|2\n|\n|t:|1697525594\n|move|p1b: Iron Bundle|Hydro Pump|p2a: Incineroar\n|-supereffective|p2a: Incineroar\n|-damage|p2a: Incineroar|9\/100\n|-enditem|p2a: Incineroar|Sitrus Berry|[eat]\n|-heal|p2a: Incineroar|33\/100|[from] item: Sitrus Berry\n|move|p2a: Incineroar|Parting Shot|p1b: Iron Bundle\n|-unboost|p1b: Iron Bundle|atk|1\n|-unboost|p1b: Iron Bundle|spa|1\n|inactive|Carolno1 has 120 seconds left.\n|\n|t:|1697525612\n|switch|p2a: Lilligant|Lilligant, F|100\/100|[from] Parting Shot\n|move|p2b: Charjabug|Toxic|p1a: Abomasnow\n|-status|p1a: Abomasnow|tox\n|move|p1a: Abomasnow|Earth Power|p2a: Lilligant\n|-resisted|p2a: Lilligant\n|-damage|p2a: Lilligant|77\/100\n|\n|-weather|Snow|[upkeep]\n|-heal|p2a: Lilligant|83\/100|[from] item: Leftovers\n|-damage|p1a: Abomasnow|94\/100 tox|[from] psn\n|upkeep\n|turn|3\n|inactive|GarlicBreadFrug has 120 seconds left.\n|inactive|GarlicBreadFrug has 90 seconds left.\n|inactive|Carolno1 has 120 seconds left.\n|inactive|GarlicBreadFrug has 60 seconds left.\n|\n|t:|1697525711\n|-end|p1b: Iron Bundle|Quark Drive|[silent]\n|switch|p1b: Darmanitan|Darmanitan-Galar, F|100\/100\n|move|p2a: Lilligant|Giga Drain|p1b: Darmanitan\n|-damage|p1b: Darmanitan|58\/100\n|-heal|p2a: Lilligant|100\/100|[from] drain|[of] p1b: Darmanitan\n|move|p2b: Charjabug|X-Scissor|p1a: Abomasnow\n|-supereffective|p1a: Abomasnow\n|-damage|p1a: Abomasnow|74\/100 tox\n|move|p1a: Abomasnow|Blizzard|p2b: Charjabug|[spread] p2a,p2b\n|-supereffective|p2a: Lilligant\n|-damage|p2a: Lilligant|0 fnt\n|-damage|p2b: Charjabug|63\/100\n|faint|p2a: Lilligant\n|\n|-weather|Snow|[upkeep]\n|-damage|p1a: Abomasnow|62\/100 tox|[from] psn\n|upkeep\n|\n|t:|1697525719\n|switch|p2a: Incineroar|Incineroar, M|33\/100\n|-ability|p2a: Incineroar|Intimidate|boost\n|-unboost|p1a: Abomasnow|atk|1\n|-unboost|p1b: Darmanitan|atk|1\n|turn|4\n|inactive|Carolno1 has 120 seconds left.\n|\n|t:|1697525744\n|switch|p1b: Iron Bundle|Iron Bundle|91\/100\n|switch|p1a: Ninetales|Ninetales-Alola, M|100\/100\n|move|p2a: Incineroar|Parting Shot|p1a: Ninetales\n|-unboost|p1a: Ninetales|atk|1\n|-unboost|p1a: Ninetales|spa|1\n|inactive|Carolno1 has 120 seconds left.\n|\n|t:|1697525753\n|switch|p2a: Golem|Golem-Alola, M, shiny|100\/100|[from] Parting Shot\n|move|p2b: Charjabug|Volt Switch|p1b: Iron Bundle\n|-supereffective|p1b: Iron Bundle\n|-damage|p1b: Iron Bundle|45\/100\n|\n|t:|1697525756\n|switch|p2b: Sceptile|Sceptile, F, shiny|100\/100|[from] Volt Switch\n|\n|-weather|Snow|[upkeep]\n|upkeep\n|turn|5\n|inactive|GarlicBreadFrug has 90 seconds left.\n|\n|t:|1697525785\n|detailschange|p2b: Sceptile|Sceptile-Mega, F, shiny\n|-mega|p2b: Sceptile|Sceptile|Sceptilite\n|move|p2b: Sceptile|Substitute|p2b: Sceptile\n|-start|p2b: Sceptile|Substitute\n|-damage|p2b: Sceptile|76\/100\n|move|p1b: Iron Bundle|Hydro Pump|p2a: Golem\n|-supereffective|p2a: Golem\n|-enditem|p2a: Golem|Focus Sash\n|-damage|p2a: Golem|1\/100\n|move|p1a: Ninetales|Blizzard|p2a: Golem|[spread] p2a,p2b\n|-supereffective|p2b: Sceptile\n|-end|p2b: Sceptile|Substitute\n|-damage|p2a: Golem|0 fnt\n|faint|p2a: Golem\n|\n|-weather|none\n|-sideend|p1: GarlicBreadFrug|move: Aurora Veil\n|upkeep\n|\n|t:|1697525793\n|switch|p2a: Charjabug|Charjabug, M, shiny|63\/100\n|turn|6\n|inactive|GarlicBreadFrug has 90 seconds left.\n|\n|t:|1697525810\n|switch|p1a: Abomasnow|Abomasnow-Mega, M|62\/100 tox\n|-weather|Snow|[from] ability: Snow Warning|[of] p1a: Abomasnow\n|move|p2b: Sceptile|Giga Drain|p1b: Iron Bundle\n|-supereffective|p1b: Iron Bundle\n|-damage|p1b: Iron Bundle|0 fnt\n|-heal|p2b: Sceptile|94\/100|[from] drain|[of] p1b: Iron Bundle\n|faint|p1b: Iron Bundle\n|-end|p1b: Iron Bundle|Quark Drive|[silent]\n|move|p2a: Charjabug|Toxic|p1a: Abomasnow\n|-fail|p1a: Abomasnow|tox\n|\n|-weather|Snow|[upkeep]\n|-damage|p1a: Abomasnow|56\/100 tox|[from] psn\n|upkeep\n|inactive|GarlicBreadFrug has 90 seconds left.\n|\n|t:|1697525819\n|switch|p1b: Kyurem|Kyurem|100\/100\n|-ability|p1b: Kyurem|Pressure\n|turn|7\n|\n|t:|1697525829\n|move|p2b: Sceptile|Dragon Pulse|p1b: Kyurem\n|-supereffective|p1b: Kyurem\n|-crit|p1b: Kyurem\n|-damage|p1b: Kyurem|0 fnt\n|faint|p1b: Kyurem\n|move|p2a: Charjabug|X-Scissor|p1a: Abomasnow\n|-supereffective|p1a: Abomasnow\n|-damage|p1a: Abomasnow|26\/100 tox\n|move|p1a: Abomasnow|Blizzard|p2b: Sceptile|[spread] p2a,p2b\n|-supereffective|p2b: Sceptile\n|-damage|p2a: Charjabug|28\/100\n|-damage|p2b: Sceptile|0 fnt\n|faint|p2b: Sceptile\n|\n|-weather|Snow|[upkeep]\n|-damage|p1a: Abomasnow|14\/100 tox|[from] psn\n|upkeep\n|inactive|GarlicBreadFrug has 120 seconds left.\n|\n|t:|1697525866\n|switch|p2b: Incineroar|Incineroar, M|33\/100\n|switch|p1b: Darmanitan|Darmanitan-Galar, F|58\/100\n|-ability|p2b: Incineroar|Intimidate|boost\n|-unboost|p1a: Abomasnow|atk|1\n|-unboost|p1b: Darmanitan|atk|1\n|turn|8\n|inactive|GarlicBreadFrug has 120 seconds left.\n|\n|t:|1697525883\n|switch|p1a: Ninetales|Ninetales-Alola, M|100\/100\n|move|p2b: Incineroar|Fake Out|p1b: Darmanitan\n|-damage|p1b: Darmanitan|46\/100\n|cant|p1b: Darmanitan|flinch\n|move|p2a: Charjabug|X-Scissor|p1a: Ninetales\n|-resisted|p1a: Ninetales\n|-damage|p1a: Ninetales|87\/100\n|\n|-weather|Snow|[upkeep]\n|upkeep\n|turn|9\n|\n|t:|1697525907\n|move|p1b: Darmanitan|Earthquake|p2a: Charjabug|[spread] p1a,p2a,p2b\n|-supereffective|p2b: Incineroar\n|-damage|p1a: Ninetales|60\/100\n|-damage|p2a: Charjabug|8\/100\n|-damage|p2b: Incineroar|0 fnt\n|faint|p2b: Incineroar\n|move|p1a: Ninetales|Aurora Veil|p1a: Ninetales\n|-sidestart|p1: GarlicBreadFrug|move: Aurora Veil\n|move|p2a: Charjabug|Volt Switch|p1b: Darmanitan\n|-damage|p1b: Darmanitan|30\/100\n|\n|t:|1697525911\n|switch|p2a: Flutter Mane|Flutter Mane, shiny|100\/100|[from] Volt Switch\n|\n|-weather|Snow|[upkeep]\n|upkeep\n|\n|t:|1697525912\n|switch|p2b: Charjabug|Charjabug, M, shiny|8\/100\n|turn|10\n|\n|t:|1697525940\n|switch|p1b: Abomasnow|Abomasnow-Mega, M|14\/100 tox\n|-terastallize|p2a: Flutter Mane|Fairy\n|move|p2a: Flutter Mane|Dazzling Gleam|p1b: Abomasnow|[spread] p1a,p1b\n|-damage|p1a: Ninetales|0 fnt\n|-damage|p1b: Abomasnow|0 fnt\n|faint|p1a: Ninetales\n|faint|p1b: Abomasnow\n|move|p2b: Charjabug|Toxic|p1: Ninetales|[notarget]\n|-fail|p2b: Charjabug\n|\n|-weather|none\n|upkeep\n|\n|t:|1697525949\n|switch|p1a: Darmanitan|Darmanitan-Galar, F|30\/100\n|switch|p1b: Baxcalibur|Baxcalibur, M|100\/100\n|turn|11\n|\n|t:|1697525961\n|move|p1a: Darmanitan|Iron Head|p2a: Flutter Mane\n|-supereffective|p2a: Flutter Mane\n|-damage|p2a: Flutter Mane|0 fnt\n|faint|p2a: Flutter Mane\n|-end|p2a: Flutter Mane|Protosynthesis|[silent]\n|move|p1b: Baxcalibur|Icicle Spear|p2b: Charjabug\n|-damage|p2b: Charjabug|0 fnt\n|faint|p2b: Charjabug\n|-hitcount|p2: Charjabug|1\n|\n|win|GarlicBreadFrug\n|raw|GarlicBreadFrug's rating: 1143 &rarr; <strong>1176<\/strong><br \/>(+33 for winning)\n|raw|Carolno1's rating: 1260 &rarr; <strong>1227<\/strong><br \/>(-33 for losing)\n|l|\u203dCarolno1\n","uploadtime":1697525966,"views":13,"p1id":"garlicbreadfrug","p2id":"carolno1","formatid":"gen9nationaldexdoubles","rating":1176,"private":0,"password":""}