{"id":"gen9nationaldexdoubles-1989163248","p1":"Michael Megale","p2":"FURRETSHINY123","format":"[Gen 9] National Dex Doubles","log":"|j|\u2606Michael Megale\n|j|\u2606FURRETSHINY123\n|t:|1699818914\n|gametype|doubles\n|player|p1|Michael Megale|lucas|\n|player|p2|FURRETSHINY123|170|\n|teamsize|p1|6\n|teamsize|p2|6\n|gen|9\n|tier|[Gen 9] National Dex Doubles\n|rule|HP Percentage Mod: HP is shown in percentages\n|rule|Endless Battle Clause: Forcing endless battles is banned\n|rule|OHKO Clause: OHKO moves are banned\n|rule|Evasion Moves Clause: Evasion moves are banned\n|rule|Evasion Abilities Clause: Evasion abilities are banned\n|rule|Species Clause: Limit one of each Pok\u00e9mon\n|rule|Gravity Sleep Clause: The combination of sleep-inducing moves with imperfect accuracy and Gravity or Gigantamax Orbeetle are banned\n|clearpoke\n|poke|p1|Gholdengo|\n|poke|p1|Salamence, M|\n|poke|p1|Pelipper, M|\n|poke|p1|Amoonguss, F|\n|poke|p1|Rillaboom, F|\n|poke|p1|Dracovish|\n|poke|p2|Sneasler, F|\n|poke|p2|Rillaboom, F|\n|poke|p2|Ninetales-Alola, F|\n|poke|p2|Incineroar, M|\n|poke|p2|Pachirisu, F|\n|poke|p2|Whimsicott, M|\n|teampreview\n|inactive|Battle timer is ON: inactive players will automatically lose when time's up. (requested by FURRETSHINY123)\n|inactiveoff|Battle timer is now OFF.\n|j| Draconic_GamingHD\n|\n|t:|1699819010\n|start\n|switch|p1a: Dracovish|Dracovish|100\/100\n|switch|p1b: Pelipper|Pelipper, M|100\/100\n|switch|p2a: WORLDCHAMPDIFF|Pachirisu, F, shiny|100\/100\n|switch|p2b: Whoevenlikesthis|Sneasler, F, shiny|100\/100\n|-weather|RainDance|[from] ability: Drizzle|[of] p1b: Pelipper\n|turn|1\n|inactive|Battle timer is ON: inactive players will automatically lose when time's up. (requested by FURRETSHINY123)\n|\n|t:|1699819030\n|move|p1a: Dracovish|Protect|p1a: Dracovish\n|-singleturn|p1a: Dracovish|Protect\n|move|p2a: WORLDCHAMPDIFF|Follow Me|p2a: WORLDCHAMPDIFF\n|-singleturn|p2a: WORLDCHAMPDIFF|move: Follow Me\n|move|p2b: Whoevenlikesthis|Swords Dance|p2b: Whoevenlikesthis\n|-boost|p2b: Whoevenlikesthis|atk|2\n|move|p1b: Pelipper|Tailwind|p1b: Pelipper\n|-sidestart|p1: Michael Megale|move: Tailwind\n|\n|-weather|RainDance|[upkeep]\n|upkeep\n|turn|2\n|\n|t:|1699819046\n|switch|p2a: MONKE|Rillaboom, F, shiny|100\/100\n|-fieldstart|move: Grassy Terrain|[from] ability: Grassy Surge|[of] p2a: MONKE\n|-enditem|p2b: Whoevenlikesthis|Grassy Seed\n|-boost|p2b: Whoevenlikesthis|def|1|[from] item: Grassy Seed\n|move|p2b: Whoevenlikesthis|Dire Claw|p1a: Dracovish\n|-crit|p1a: Dracovish\n|-damage|p1a: Dracovish|0 fnt\n|faint|p1a: Dracovish\n|move|p1b: Pelipper|Hurricane|p2b: Whoevenlikesthis\n|-supereffective|p2b: Whoevenlikesthis\n|-damage|p2b: Whoevenlikesthis|0 fnt\n|faint|p2b: Whoevenlikesthis\n|\n|-weather|RainDance|[upkeep]\n|upkeep\n|\n|t:|1699819063\n|switch|p2b: WORLDCHAMPDIFF|Pachirisu, F, shiny|100\/100\n|switch|p1a: Salamence|Salamence, M|100\/100\n|-ability|p1a: Salamence|Intimidate|boost\n|-unboost|p2a: MONKE|atk|1\n|-unboost|p2b: WORLDCHAMPDIFF|atk|1\n|turn|3\n|\n|t:|1699819089\n|-terastallize|p1a: Salamence|Flying\n|move|p2a: MONKE|Fake Out|p1a: Salamence\n|-damage|p1a: Salamence|90\/100\n|cant|p1a: Salamence|flinch\n|move|p1b: Pelipper|Hurricane|p2a: MONKE\n|-supereffective|p2a: MONKE\n|-damage|p2a: MONKE|45\/100\n|-start|p2a: MONKE|confusion\n|move|p2b: WORLDCHAMPDIFF|Nuzzle|p1b: Pelipper\n|-supereffective|p1b: Pelipper\n|-damage|p1b: Pelipper|88\/100\n|-status|p1b: Pelipper|par\n|\n|-weather|RainDance|[upkeep]\n|-heal|p2a: MONKE|51\/100|[from] Grassy Terrain\n|upkeep\n|turn|4\n|\n|t:|1699819114\n|-activate|p2a: MONKE|confusion\n|move|p2a: MONKE|Grassy Glide|p1b: Pelipper\n|-damage|p1b: Pelipper|61\/100 par\n|move|p1a: Salamence|Hurricane|p2a: MONKE\n|-supereffective|p2a: MONKE\n|-damage|p2a: MONKE|0 fnt\n|faint|p2a: MONKE\n|move|p1b: Pelipper|Hurricane|p2b: WORLDCHAMPDIFF\n|-resisted|p2b: WORLDCHAMPDIFF\n|-damage|p2b: WORLDCHAMPDIFF|76\/100\n|move|p2b: WORLDCHAMPDIFF|Volt Switch|p1b: Pelipper\n|-supereffective|p1b: Pelipper\n|-damage|p1b: Pelipper|0 fnt\n|faint|p1b: Pelipper\n|\n|t:|1699819127\n|switch|p2b: FlooofyBoy|Whimsicott, M, shiny|100\/100|[from] Volt Switch\n|\n|-weather|RainDance|[upkeep]\n|-sideend|p1: Michael Megale|move: Tailwind\n|upkeep\n|\n|t:|1699819133\n|switch|p1b: Amoonguss|Amoonguss, F, shiny|100\/100\n|switch|p2a: LUMITYMYFRIENDO|Ninetales-Alola, F, shiny|100\/100\n|-weather|Snow|[from] ability: Snow Warning|[of] p2a: LUMITYMYFRIENDO\n|turn|5\n|\n|t:|1699819161\n|-terastallize|p2a: LUMITYMYFRIENDO|Grass\n|move|p2b: FlooofyBoy|Tailwind|p2b: FlooofyBoy\n|-sidestart|p2: FURRETSHINY123|move: Tailwind\n|move|p2a: LUMITYMYFRIENDO|Blizzard|p1b: Amoonguss|[spread] p1a,p1b\n|-supereffective|p1a: Salamence\n|-supereffective|p1b: Amoonguss\n|-damage|p1a: Salamence|12\/100\n|-damage|p1b: Amoonguss|39\/100\n|-status|p1a: Salamence|frz\n|-enditem|p1b: Amoonguss|Sitrus Berry|[eat]\n|-heal|p1b: Amoonguss|64\/100|[from] item: Sitrus Berry\n|-curestatus|p1a: Salamence|frz|[msg]\n|move|p1a: Salamence|Hurricane|p2b: FlooofyBoy\n|-supereffective|p2b: FlooofyBoy\n|-enditem|p2b: FlooofyBoy|Focus Sash\n|-damage|p2b: FlooofyBoy|1\/100\n|move|p1b: Amoonguss|Spore|p2a: LUMITYMYFRIENDO\n|-immune|p2a: LUMITYMYFRIENDO\n|\n|-weather|Snow|[upkeep]\n|-heal|p2b: FlooofyBoy|7\/100|[from] Grassy Terrain\n|-heal|p1b: Amoonguss|70\/100|[from] Grassy Terrain\n|upkeep\n|turn|6\n|inactive|Michael Megale has 270 seconds left.\n|\n|t:|1699819193\n|switch|p1a: Gholdengo|Gholdengo|100\/100\n|move|p2b: FlooofyBoy|Fake Tears|p1b: Amoonguss\n|-unboost|p1b: Amoonguss|spd|2\n|move|p2a: LUMITYMYFRIENDO|Blizzard|p1a: Gholdengo|[spread] p1a,p1b\n|-resisted|p1a: Gholdengo\n|-supereffective|p1b: Amoonguss\n|-damage|p1a: Gholdengo|84\/100\n|-damage|p1b: Amoonguss|0 fnt\n|-status|p1a: Gholdengo|frz\n|faint|p1b: Amoonguss\n|\n|-weather|Snow|[upkeep]\n|-heal|p2b: FlooofyBoy|13\/100|[from] Grassy Terrain\n|-heal|p1a: Gholdengo|91\/100 frz|[from] Grassy Terrain\n|-heal|p1a: Gholdengo|97\/100 frz|[from] item: Leftovers\n|-fieldend|move: Grassy Terrain\n|upkeep\n|inactive|Michael Megale has 270 seconds left.\n|c|\u2606FURRETSHINY123|OMG\n|\n|t:|1699819208\n|switch|p1b: Rillaboom|Rillaboom, F|100\/100\n|-fieldstart|move: Grassy Terrain|[from] ability: Grassy Surge|[of] p1b: Rillaboom\n|turn|7\n|c|\u2606FURRETSHINY123|NAH\n|\n|t:|1699819219\n|move|p1b: Rillaboom|Fake Out|p2b: FlooofyBoy\n|-crit|p2b: FlooofyBoy\n|-damage|p2b: FlooofyBoy|0 fnt\n|faint|p2b: FlooofyBoy\n|move|p2a: LUMITYMYFRIENDO|Blizzard|p1b: Rillaboom|[spread] p1a,p1b\n|-resisted|p1a: Gholdengo\n|-supereffective|p1b: Rillaboom\n|-damage|p1a: Gholdengo|81\/100 frz\n|-damage|p1b: Rillaboom|54\/100\n|-curestatus|p1a: Gholdengo|frz|[msg]\n|move|p1a: Gholdengo|Nasty Plot|p1a: Gholdengo\n|-boost|p1a: Gholdengo|spa|2\n|\n|-weather|Snow|[upkeep]\n|-heal|p1a: Gholdengo|87\/100|[from] Grassy Terrain\n|-heal|p1a: Gholdengo|93\/100|[from] item: Leftovers\n|-heal|p1b: Rillaboom|60\/100|[from] Grassy Terrain\n|upkeep\n|\n|t:|1699819228\n|switch|p2b: El Tigre|Incineroar, M|100\/100\n|-ability|p2b: El Tigre|Intimidate|boost\n|-unboost|p1a: Gholdengo|atk|1\n|-unboost|p1b: Rillaboom|atk|1\n|turn|8\n|\n|t:|1699819239\n|move|p1a: Gholdengo|Protect|p1a: Gholdengo\n|-singleturn|p1a: Gholdengo|Protect\n|move|p2a: LUMITYMYFRIENDO|Aurora Veil|p2a: LUMITYMYFRIENDO\n|-sidestart|p2: FURRETSHINY123|move: Aurora Veil\n|move|p2b: El Tigre|Flare Blitz|p1a: Gholdengo\n|-activate|p1a: Gholdengo|move: Protect\n|move|p1b: Rillaboom|High Horsepower|p2b: El Tigre\n|-supereffective|p2b: El Tigre\n|-damage|p2b: El Tigre|70\/100\n|\n|-weather|Snow|[upkeep]\n|-heal|p2b: El Tigre|76\/100|[from] Grassy Terrain\n|-heal|p1a: Gholdengo|99\/100|[from] Grassy Terrain\n|-heal|p1a: Gholdengo|100\/100|[from] item: Leftovers\n|-heal|p1b: Rillaboom|66\/100|[from] Grassy Terrain\n|-sideend|p2: FURRETSHINY123|move: Tailwind\n|upkeep\n|turn|9\n|inactive|Michael Megale has 270 seconds left.\n|\n|t:|1699819278\n|move|p2a: LUMITYMYFRIENDO|Blizzard|p1a: Gholdengo|[spread] p1a,p1b\n|-resisted|p1a: Gholdengo\n|-supereffective|p1b: Rillaboom\n|-damage|p1a: Gholdengo|83\/100\n|-damage|p1b: Rillaboom|22\/100\n|-status|p1a: Gholdengo|frz\n|cant|p1a: Gholdengo|frz\n|move|p1b: Rillaboom|High Horsepower|p2b: El Tigre\n|-supereffective|p2b: El Tigre\n|-damage|p2b: El Tigre|48\/100\n|move|p2b: El Tigre|Flare Blitz|p1a: Gholdengo\n|-supereffective|p1a: Gholdengo\n|-damage|p1a: Gholdengo|0 fnt\n|faint|p1a: Gholdengo\n|-damage|p2b: El Tigre|24\/100|[from] Recoil\n|\n|-weather|none\n|-heal|p1b: Rillaboom|28\/100|[from] Grassy Terrain\n|-heal|p2b: El Tigre|30\/100|[from] Grassy Terrain\n|upkeep\n|c|\u2606FURRETSHINY123|1\/100 chance of 3 freezes\n|c|\u2606FURRETSHINY123|1\/1000\n|\n|t:|1699819301\n|switch|p1a: Salamence|Salamence, M, tera:Flying|12\/100\n|-ability|p1a: Salamence|Intimidate|boost\n|-unboost|p2a: LUMITYMYFRIENDO|atk|1\n|-unboost|p2b: El Tigre|atk|1\n|turn|10\n|inactive|Michael Megale has 270 seconds left.\n|inactive|Michael Megale has 240 seconds left.\n|\n|t:|1699819345\n|move|p1a: Salamence|Air Slash|p2b: El Tigre\n|-damage|p2b: El Tigre|0 fnt\n|faint|p2b: El Tigre\n|move|p2a: LUMITYMYFRIENDO|Dazzling Gleam|p1b: Rillaboom|[spread] p1a,p1b\n|-damage|p1a: Salamence|0 fnt\n|-damage|p1b: Rillaboom|11\/100\n|faint|p1a: Salamence\n|move|p1b: Rillaboom|Wood Hammer|p2a: LUMITYMYFRIENDO\n|-resisted|p2a: LUMITYMYFRIENDO\n|-damage|p2a: LUMITYMYFRIENDO|69\/100\n|-damage|p1b: Rillaboom|3\/100|[from] Recoil\n|\n|-heal|p2a: LUMITYMYFRIENDO|75\/100|[from] Grassy Terrain\n|-heal|p1b: Rillaboom|10\/100|[from] Grassy Terrain\n|upkeep\n|\n|t:|1699819358\n|switch|p2b: WORLDCHAMPDIFF|Pachirisu, F, shiny|76\/100\n|turn|11\n|\n|t:|1699819365\n|move|p2b: WORLDCHAMPDIFF|Follow Me|p2b: WORLDCHAMPDIFF\n|-singleturn|p2b: WORLDCHAMPDIFF|move: Follow Me\n|move|p2a: LUMITYMYFRIENDO|Dazzling Gleam|p1b: Rillaboom\n|-crit|p1b: Rillaboom\n|-damage|p1b: Rillaboom|0 fnt\n|faint|p1b: Rillaboom\n|\n|win|FURRETSHINY123\n|c|\u2606FURRETSHINY123|gg\n","uploadtime":1699819391,"views":10,"p1id":"michaelmegale","p2id":"furretshiny123","formatid":"gen9nationaldexdoubles","rating":0,"private":0,"password":""}