{"id":"gen9nationaldexdoubles-1972281394","p1":"Empoleonop0706","p2":"R.para ti","format":"[Gen 9] National Dex Doubles","log":"|j|\u2606Empoleonop0706\n|j|\u2606R.para ti\n|t:|1697827660\n|gametype|doubles\n|player|p1|Empoleonop0706|169|1325\n|player|p2|R.para ti|102|1277\n|teamsize|p1|6\n|teamsize|p2|6\n|gen|9\n|tier|[Gen 9] National Dex Doubles\n|rated|\n|rule|HP Percentage Mod: HP is shown in percentages\n|rule|Endless Battle Clause: Forcing endless battles is banned\n|rule|OHKO Clause: OHKO moves are banned\n|rule|Evasion Moves Clause: Evasion moves are banned\n|rule|Evasion Abilities Clause: Evasion abilities are banned\n|rule|Species Clause: Limit one of each Pok\u00e9mon\n|rule|Gravity Sleep Clause: The combination of sleep-inducing moves with imperfect accuracy and Gravity or Gigantamax Orbeetle are banned\n|clearpoke\n|poke|p1|Whimsicott, M|\n|poke|p1|Walking Wake|\n|poke|p1|Flutter Mane|\n|poke|p1|Chi-Yu|\n|poke|p1|Farigiraf, M|\n|poke|p1|Iron Hands|\n|poke|p2|Meowstic, M|\n|poke|p2|Armarouge, M|\n|poke|p2|Alakazam, M|\n|poke|p2|Chi-Yu|\n|poke|p2|Chandelure, M|\n|poke|p2|Flutter Mane|\n|teampreview\n|inactive|Battle timer is ON: inactive players will automatically lose when time's up. (requested by R.para ti)\n|\n|t:|1697827711\n|start\n|switch|p1a: Farigiraf|Farigiraf, M|100\/100\n|switch|p1b: Iron Hands|Iron Hands|100\/100\n|switch|p2a: Meowstic|Meowstic, M|100\/100\n|switch|p2b: Armarouge|Armarouge, M|100\/100\n|turn|1\n|\n|t:|1697827734\n|move|p1b: Iron Hands|Fake Out|p2b: Armarouge\n|-damage|p2b: Armarouge|85\/100\n|-ability|p2b: Armarouge|Weak Armor|boost\n|-unboost|p2b: Armarouge|def|1\n|-boost|p2b: Armarouge|spe|2\n|move|p2a: Meowstic|Reflect|p2a: Meowstic\n|-sidestart|p2: R.para ti|Reflect\n|cant|p2b: Armarouge|flinch\n|move|p1a: Farigiraf|Trick Room|p1a: Farigiraf\n|-fieldstart|move: Trick Room|[of] p1a: Farigiraf\n|\n|upkeep\n|turn|2\n|inactive|Empoleonop0706 has 120 seconds left.\n|\n|t:|1697827765\n|-terastallize|p2b: Armarouge|Dark\n|move|p2a: Meowstic|Psychic Terrain|p2a: Meowstic\n|-fieldstart|move: Psychic Terrain\n|move|p1b: Iron Hands|Wild Charge|p2b: Armarouge\n|-damage|p2b: Armarouge|33\/100\n|-ability|p2b: Armarouge|Weak Armor|boost\n|-unboost|p2b: Armarouge|def|1\n|-boost|p2b: Armarouge|spe|2\n|-damage|p1b: Iron Hands|90\/100|[from] Recoil\n|move|p1a: Farigiraf|Imprison|p1a: Farigiraf\n|-start|p1a: Farigiraf|move: Imprison\n|move|p2b: Armarouge|Expanding Force|p1b: Iron Hands|[spread] p1a,p1b\n|-resisted|p1a: Farigiraf\n|-supereffective|p1b: Iron Hands\n|-damage|p1a: Farigiraf|76\/100\n|-damage|p1b: Iron Hands|39\/100\n|\n|upkeep\n|turn|3\n|inactive|Empoleonop0706 has 120 seconds left.\n|l|\u2606Empoleonop0706\n|inactive|Empoleonop0706 disconnected and has a minute to reconnect!\n|player|p1|\n|j|\u2606Empoleonop0706\n|inactive|Empoleonop0706 reconnected and has 115 seconds left.\n|player|p1|Empoleonop0706|169\n|\n|t:|1697827813\n|move|p2a: Meowstic|Sunny Day|p2a: Meowstic\n|-weather|SunnyDay\n|move|p1b: Iron Hands|Wild Charge|p2a: Meowstic\n|-damage|p2a: Meowstic|72\/100\n|-damage|p1b: Iron Hands|34\/100|[from] Recoil\n|move|p1a: Farigiraf|Dazzling Gleam|p2a: Meowstic|[spread] p2a,p2b\n|-supereffective|p2b: Armarouge\n|-damage|p2a: Meowstic|52\/100\n|-damage|p2b: Armarouge|1\/100\n|-enditem|p2b: Armarouge|Weakness Policy\n|-boost|p2b: Armarouge|atk|2|[from] item: Weakness Policy\n|-boost|p2b: Armarouge|spa|2|[from] item: Weakness Policy\n|move|p2b: Armarouge|Expanding Force|p1a: Farigiraf|[spread] p1a,p1b\n|-resisted|p1a: Farigiraf\n|-supereffective|p1b: Iron Hands\n|-damage|p1a: Farigiraf|28\/100\n|-damage|p1b: Iron Hands|0 fnt\n|faint|p1b: Iron Hands\n|-end|p1b: Iron Hands|Quark Drive|[silent]\n|\n|-weather|SunnyDay|[upkeep]\n|-heal|p2a: Meowstic|58\/100|[from] item: Leftovers\n|upkeep\n|inactive|Empoleonop0706 has 90 seconds left.\n|\n|t:|1697827844\n|switch|p1b: Flutter Mane|Flutter Mane|100\/100\n|-activate|p1b: Flutter Mane|ability: Protosynthesis\n|-start|p1b: Flutter Mane|protosynthesisspa\n|turn|4\n|\n|t:|1697827865\n|switch|p2a: Chandelure|Chandelure, M|100\/100\n|move|p1a: Farigiraf|Dazzling Gleam|p2a: Chandelure|[spread] p2a,p2b\n|-resisted|p2a: Chandelure\n|-supereffective|p2b: Armarouge\n|-damage|p2a: Chandelure|89\/100\n|-damage|p2b: Armarouge|0 fnt\n|faint|p2b: Armarouge\n|move|p1b: Flutter Mane|Shadow Ball|p2a: Chandelure\n|-supereffective|p2a: Chandelure\n|-damage|p2a: Chandelure|0 fnt\n|faint|p2a: Chandelure\n|\n|-weather|SunnyDay|[upkeep]\n|upkeep\n|inactive|R.para ti has 120 seconds left.\n|\n|t:|1697827882\n|switch|p2a: Chi-Yu|Chi-Yu|100\/100\n|switch|p2b: Alakazam|Alakazam, M|100\/100\n|-ability|p2a: Chi-Yu|Beads of Ruin\n|turn|5\n|inactive|Empoleonop0706 has 120 seconds left.\n|\n|t:|1697827891\n|detailschange|p2b: Alakazam|Alakazam-Mega, M\n|-mega|p2b: Alakazam|Alakazam|Alakazite\n|-ability|p2b: Alakazam|Armor Tail|[from] ability: Trace|[of] p1a: Farigiraf\n|move|p1b: Flutter Mane|Protect|p1b: Flutter Mane\n|-singleturn|p1b: Flutter Mane|Protect\n|move|p1a: Farigiraf|Dazzling Gleam|p2b: Alakazam|[spread] p2a,p2b\n|-damage|p2a: Chi-Yu|80\/100\n|-damage|p2b: Alakazam|68\/100\n|move|p2a: Chi-Yu|Heat Wave|p1b: Flutter Mane|[spread] \n|-activate|p1b: Flutter Mane|move: Protect\n|-miss|p2a: Chi-Yu|p1a: Farigiraf\n|move|p2b: Alakazam|Expanding Force|p1a: Farigiraf|[spread] p1a\n|-activate|p1b: Flutter Mane|move: Protect\n|-resisted|p1a: Farigiraf\n|-damage|p1a: Farigiraf|0 fnt\n|faint|p1a: Farigiraf\n|\n|-weather|SunnyDay|[upkeep]\n|-sideend|p2: R.para ti|Reflect\n|-fieldend|move: Trick Room\n|upkeep\n|inactive|Empoleonop0706 has 120 seconds left.\n|l|\u2606Empoleonop0706\n|inactive|Empoleonop0706 disconnected and has a minute to reconnect!\n|player|p1|\n|j|\u2606Empoleonop0706\n|inactive|Empoleonop0706 reconnected and has 100 seconds left.\n|player|p1|Empoleonop0706|169\n|\n|t:|1697827922\n|switch|p1a: Whimsicott|Whimsicott, M|100\/100\n|turn|6\n|\n|t:|1697827943\n|-terastallize|p1b: Flutter Mane|Fairy\n|move|p1a: Whimsicott|Tailwind|p1a: Whimsicott\n|-sidestart|p1: Empoleonop0706|move: Tailwind\n|move|p1b: Flutter Mane|Dazzling Gleam|p2b: Alakazam|[spread] p2a,p2b\n|-damage|p2a: Chi-Yu|0 fnt\n|-damage|p2b: Alakazam|0 fnt\n|faint|p2a: Chi-Yu\n|faint|p2b: Alakazam\n|\n|-weather|SunnyDay|[upkeep]\n|-fieldend|move: Psychic Terrain\n|upkeep\n|-message|R.para ti forfeited.\n|\n|win|Empoleonop0706\n|raw|Empoleonop0706's rating: 1325 &rarr; <strong>1342<\/strong><br \/>(+17 for winning)\n|raw|R.para ti's rating: 1277 &rarr; <strong>1255<\/strong><br \/>(-22 for losing)\n|l|\u2606R.para ti\n","uploadtime":1697828032,"views":12,"p1id":"empoleonop0706","p2id":"rparati","formatid":"gen9nationaldexdoubles","rating":1255,"private":0,"password":""}