{"id":"gen9nationaldexdoubles-1986641754","p1":"dancingpig","p2":"Prapple2","format":"[Gen 9] National Dex Doubles","log":"|j|\u2606dancingpig\n|j|\u2606Prapple2\n|t:|1699501383\n|gametype|doubles\n|player|p1|dancingpig|n|1422\n|player|p2|Prapple2|caitlin|1281\n|teamsize|p1|6\n|teamsize|p2|6\n|gen|9\n|tier|[Gen 9] National Dex Doubles\n|rated|\n|rule|HP Percentage Mod: HP is shown in percentages\n|rule|Endless Battle Clause: Forcing endless battles is banned\n|rule|OHKO Clause: OHKO moves are banned\n|rule|Evasion Moves Clause: Evasion moves are banned\n|rule|Evasion Abilities Clause: Evasion abilities are banned\n|rule|Species Clause: Limit one of each Pok\u00e9mon\n|rule|Gravity Sleep Clause: The combination of sleep-inducing moves with imperfect accuracy and Gravity or Gigantamax Orbeetle are banned\n|clearpoke\n|poke|p1|Tyranitar, M|\n|poke|p1|Lycanroc, F|\n|poke|p1|Excadrill, F|\n|poke|p1|Salamence, M|\n|poke|p1|Aegislash, F|\n|poke|p1|Tinkaton, F|\n|poke|p2|Tapu Lele|\n|poke|p2|Clefable, F|\n|poke|p2|Mawile, M|\n|poke|p2|Hatterene, F|\n|poke|p2|Grimmsnarl, M|\n|poke|p2|Diancie|\n|teampreview\n|inactive|Battle timer is ON: inactive players will automatically lose when time's up. (requested by dancingpig)\n|\n|t:|1699501393\n|start\n|switch|p1a: Salamence|Salamence, M|100\/100\n|switch|p1b: Tinkaton|Tinkaton, F|100\/100\n|switch|p2a: Hatterene|Hatterene, F|100\/100\n|switch|p2b: Grimmsnarl|Grimmsnarl, M|100\/100\n|-ability|p1a: Salamence|Intimidate|boost\n|-unboost|p2a: Hatterene|atk|1\n|-unboost|p2b: Grimmsnarl|atk|1\n|turn|1\n|\n|t:|1699501417\n|detailschange|p1a: Salamence|Salamence-Mega, M\n|-mega|p1a: Salamence|Salamence|Salamencite\n|move|p2b: Grimmsnarl|Fake Out|p1b: Tinkaton\n|-resisted|p1b: Tinkaton\n|-damage|p1b: Tinkaton|95\/100\n|move|p1a: Salamence|Hyper Voice|p2b: Grimmsnarl|[spread] p2a,p2b\n|-damage|p2a: Hatterene|56\/100\n|-damage|p2b: Grimmsnarl|69\/100\n|cant|p1b: Tinkaton|flinch\n|move|p2a: Hatterene|Trick Room|p2a: Hatterene\n|-fieldstart|move: Trick Room|[of] p2a: Hatterene\n|\n|-heal|p2a: Hatterene|62\/100|[from] item: Leftovers\n|upkeep\n|turn|2\n|\n|t:|1699501439\n|move|p2b: Grimmsnarl|Parting Shot|p1b: Tinkaton\n|-unboost|p1b: Tinkaton|atk|1\n|-unboost|p1b: Tinkaton|spa|1\n|\n|t:|1699501443\n|switch|p2b: Tapu Lele|Tapu Lele|100\/100|[from] Parting Shot\n|-fieldstart|move: Psychic Terrain|[from] ability: Psychic Surge|[of] p2b: Tapu Lele\n|move|p2a: Hatterene|Expanding Force|p1a: Salamence|[spread] p1a,p1b\n|-resisted|p1b: Tinkaton\n|-damage|p1a: Salamence|22\/100\n|-damage|p1b: Tinkaton|61\/100\n|move|p1b: Tinkaton|Gigaton Hammer|p2a: Hatterene\n|-supereffective|p2a: Hatterene\n|-damage|p2a: Hatterene|0 fnt\n|faint|p2a: Hatterene\n|move|p1a: Salamence|Hyper Voice|p2b: Tapu Lele\n|-damage|p2b: Tapu Lele|52\/100\n|\n|upkeep\n|\n|t:|1699501461\n|switch|p2a: Mawile|Mawile, M|100\/100\n|-ability|p2a: Mawile|Intimidate|boost\n|-unboost|p1a: Salamence|atk|1\n|-fail|p1b: Tinkaton|unboost|Attack|[from] ability: Own Tempo|[of] p1b: Tinkaton\n|turn|3\n|\n|t:|1699501469\n|detailschange|p2a: Mawile|Mawile-Mega, M\n|-mega|p2a: Mawile|Mawile|Mawilite\n|move|p1b: Tinkaton|Protect|p1b: Tinkaton\n|-singleturn|p1b: Tinkaton|Protect\n|move|p1a: Salamence|Protect|p1a: Salamence\n|-singleturn|p1a: Salamence|Protect\n|move|p2a: Mawile|Swords Dance|p2a: Mawile\n|-boost|p2a: Mawile|atk|2\n|move|p2b: Tapu Lele|Dazzling Gleam|p1b: Tinkaton|[spread] \n|-activate|p1a: Salamence|move: Protect\n|-activate|p1b: Tinkaton|move: Protect\n|\n|upkeep\n|turn|4\n|\n|t:|1699501487\n|move|p1a: Salamence|Protect|p1a: Salamence\n|-singleturn|p1a: Salamence|Protect\n|move|p2a: Mawile|Fire Fang|p1b: Tinkaton\n|-supereffective|p1b: Tinkaton\n|-damage|p1b: Tinkaton|0 fnt\n|faint|p1b: Tinkaton\n|move|p2b: Tapu Lele|Dazzling Gleam|p1a: Salamence\n|-activate|p1a: Salamence|move: Protect\n|\n|upkeep\n|\n|t:|1699501499\n|switch|p1b: Tyranitar|Tyranitar, M|100\/100\n|-weather|Sandstorm|[from] ability: Sand Stream|[of] p1b: Tyranitar\n|turn|5\n|\n|t:|1699501507\n|move|p1b: Tyranitar|Protect|p1b: Tyranitar\n|-singleturn|p1b: Tyranitar|Protect\n|move|p2a: Mawile|Swords Dance|p2a: Mawile\n|-boost|p2a: Mawile|atk|2\n|move|p2b: Tapu Lele|Focus Blast|p1b: Tyranitar\n|-activate|p1b: Tyranitar|move: Protect\n|move|p1a: Salamence|Fire Blast|p2a: Mawile\n|-supereffective|p2a: Mawile\n|-damage|p2a: Mawile|10\/100\n|\n|-weather|Sandstorm|[upkeep]\n|-damage|p2b: Tapu Lele|46\/100|[from] Sandstorm\n|-damage|p1a: Salamence|16\/100|[from] Sandstorm\n|-fieldend|move: Trick Room\n|upkeep\n|turn|6\n|\n|t:|1699501532\n|move|p2a: Mawile|Sucker Punch|p1a: Salamence\n|-hint|Psychic Terrain doesn't affect Pok\u00e9mon immune to Ground.\n|-damage|p1a: Salamence|0 fnt\n|faint|p1a: Salamence\n|move|p2b: Tapu Lele|Focus Blast|p1b: Tyranitar\n|-supereffective|p1b: Tyranitar\n|-damage|p1b: Tyranitar|0 fnt\n|faint|p1b: Tyranitar\n|-damage|p2b: Tapu Lele|36\/100|[from] item: Life Orb\n|\n|-weather|Sandstorm|[upkeep]\n|-damage|p2b: Tapu Lele|30\/100|[from] Sandstorm\n|-fieldend|move: Psychic Terrain\n|upkeep\n|\n|t:|1699501545\n|switch|p1a: Lycanroc|Lycanroc, F|100\/100\n|switch|p1b: Excadrill|Excadrill, F|100\/100\n|turn|7\n|\n|t:|1699501554\n|-terastallize|p1a: Lycanroc|Rock\n|move|p1b: Excadrill|Protect|p1b: Excadrill\n|-singleturn|p1b: Excadrill|Protect\n|move|p1a: Lycanroc|Accelerock|p2a: Mawile\n|-resisted|p2a: Mawile\n|-damage|p2a: Mawile|0 fnt\n|faint|p2a: Mawile\n|move|p2b: Tapu Lele|Focus Blast|p1a: Lycanroc\n|-supereffective|p1a: Lycanroc\n|-enditem|p1a: Lycanroc|Focus Sash\n|-damage|p1a: Lycanroc|1\/100\n|-unboost|p1a: Lycanroc|spd|1\n|-damage|p2b: Tapu Lele|20\/100|[from] item: Life Orb\n|\n|-weather|Sandstorm|[upkeep]\n|-damage|p2b: Tapu Lele|14\/100|[from] Sandstorm\n|upkeep\n|\n|t:|1699501564\n|switch|p2a: Clefable|Clefable, F|100\/100\n|turn|8\n|\n|t:|1699501569\n|move|p2a: Clefable|Follow Me|p2a: Clefable\n|-singleturn|p2a: Clefable|move: Follow Me\n|move|p1a: Lycanroc|Accelerock|p2a: Clefable\n|-damage|p2a: Clefable|70\/100\n|move|p1b: Excadrill|Iron Head|p2a: Clefable\n|-supereffective|p2a: Clefable\n|-damage|p2a: Clefable|0 fnt\n|faint|p2a: Clefable\n|-damage|p1b: Excadrill|91\/100|[from] item: Life Orb\n|move|p2b: Tapu Lele|Dazzling Gleam|p1b: Excadrill|[spread] p1a,p1b\n|-resisted|p1b: Excadrill\n|-damage|p1a: Lycanroc|0 fnt\n|-damage|p1b: Excadrill|59\/100\n|faint|p1a: Lycanroc\n|-damage|p2b: Tapu Lele|4\/100|[from] item: Life Orb\n|\n|-weather|Sandstorm|[upkeep]\n|-damage|p2b: Tapu Lele|0 fnt|[from] Sandstorm\n|faint|p2b: Tapu Lele\n|upkeep\n|\n|t:|1699501581\n|switch|p1a: Aegislash|Aegislash, F|100\/100\n|switch|p2b: Diancie|Diancie|100\/100\n|switch|p2a: Grimmsnarl|Grimmsnarl, M|69\/100\n|turn|9\n|\n|t:|1699501595\n|-terastallize|p2b: Diancie|Rock\n|move|p1b: Excadrill|Protect|p1b: Excadrill\n|-singleturn|p1b: Excadrill|Protect\n|move|p2a: Grimmsnarl|Fake Out|p1b: Excadrill\n|-activate|p1b: Excadrill|move: Protect\n|move|p2b: Diancie|Diamond Storm|p1a: Aegislash|[spread] p1a\n|-activate|p1b: Excadrill|move: Protect\n|-resisted|p1a: Aegislash\n|-damage|p1a: Aegislash|87\/100\n|-boost|p2b: Diancie|def|2\n|-formechange|p1a: Aegislash|Aegislash-Blade||[from] ability: Stance Change\n|move|p1a: Aegislash|Iron Head|p2b: Diancie\n|-supereffective|p2b: Diancie\n|-crit|p2b: Diancie\n|-damage|p2b: Diancie|17\/100\n|\n|-weather|none\n|-heal|p2b: Diancie|23\/100|[from] item: Leftovers\n|-heal|p1a: Aegislash|93\/100|[from] item: Leftovers\n|upkeep\n|turn|10\n|\n|t:|1699501624\n|-formechange|p1a: Aegislash|Aegislash||[from] ability: Stance Change\n|move|p1a: Aegislash|King's Shield|p1a: Aegislash\n|-singleturn|p1a: Aegislash|Protect\n|move|p2a: Grimmsnarl|Reflect|p2a: Grimmsnarl\n|-sidestart|p2: Prapple2|Reflect\n|move|p1b: Excadrill|Iron Head|p2b: Diancie\n|-supereffective|p2b: Diancie\n|-damage|p2b: Diancie|0 fnt\n|faint|p2b: Diancie\n|-damage|p1b: Excadrill|49\/100|[from] item: Life Orb\n|\n|-heal|p1a: Aegislash|99\/100|[from] item: Leftovers\n|upkeep\n|turn|11\n|\n|t:|1699501639\n|move|p2a: Grimmsnarl|Light Screen|p2a: Grimmsnarl\n|-sidestart|p2: Prapple2|move: Light Screen\n|move|p1b: Excadrill|Iron Head|p2a: Grimmsnarl\n|-supereffective|p2a: Grimmsnarl\n|-damage|p2a: Grimmsnarl|0 fnt\n|faint|p2a: Grimmsnarl\n|-damage|p1b: Excadrill|39\/100|[from] item: Life Orb\n|\n|win|dancingpig\n|raw|dancingpig's rating: 1422 &rarr; <strong>1434<\/strong><br \/>(+12 for winning)\n|raw|Prapple2's rating: 1281 &rarr; <strong>1266<\/strong><br \/>(-15 for losing)\n|l|\u2606dancingpig\n","uploadtime":1699501658,"views":8,"p1id":"dancingpig","p2id":"prapple2","formatid":"gen9nationaldexdoubles","rating":1266,"private":0,"password":""}