{"id":"gen9nationaldexdoubles-1981242408","p1":"PokeGal1239","p2":"Kguuv","format":"[Gen 9] National Dex Doubles","log":"|j|\u2606PokeGal1239\n|j|\u2606Kguuv\n|t:|1698875635\n|gametype|doubles\n|player|p1|PokeGal1239|misty|1054\n|player|p2|Kguuv|dawn|1000\n|teamsize|p1|6\n|teamsize|p2|6\n|gen|9\n|tier|[Gen 9] National Dex Doubles\n|rated|\n|rule|HP Percentage Mod: HP is shown in percentages\n|rule|Endless Battle Clause: Forcing endless battles is banned\n|rule|OHKO Clause: OHKO moves are banned\n|rule|Evasion Moves Clause: Evasion moves are banned\n|rule|Evasion Abilities Clause: Evasion abilities are banned\n|rule|Species Clause: Limit one of each Pok\u00e9mon\n|rule|Gravity Sleep Clause: The combination of sleep-inducing moves with imperfect accuracy and Gravity or Gigantamax Orbeetle are banned\n|clearpoke\n|poke|p1|Persian, F|\n|poke|p1|Empoleon, M|\n|poke|p1|Sylveon, F|\n|poke|p1|Espeon, F|\n|poke|p1|Arcanine, M|\n|poke|p1|Ditto|\n|poke|p2|Blastoise, F|\n|poke|p2|Clefable, M|\n|poke|p2|Indeedee-F, F|\n|poke|p2|Mr. Mime, F|\n|poke|p2|Glastrier|\n|poke|p2|Oranguru, M|\n|teampreview\n|\n|t:|1698875645\n|start\n|switch|p1a: Persian|Persian, F|100\/100\n|switch|p1b: Empoleon|Empoleon, M|100\/100\n|switch|p2a: Glastrier|Glastrier|100\/100\n|switch|p2b: Indeedee|Indeedee-F, F|100\/100\n|-fieldstart|move: Psychic Terrain|[from] ability: Psychic Surge|[of] p2b: Indeedee\n|turn|1\n|inactive|Battle timer is ON: inactive players will automatically lose when time's up. (requested by Kguuv)\n|inactive|PokeGal1239 has 120 seconds left.\n|\n|t:|1698875684\n|-terastallize|p2a: Glastrier|Ice\n|move|p1a: Persian|Hyper Voice|p2b: Indeedee|[spread] p2a,p2b\n|-damage|p2a: Glastrier|79\/100\n|-damage|p2b: Indeedee|75\/100\n|-damage|p1a: Persian|91\/100|[from] item: Life Orb\n|move|p1b: Empoleon|Stealth Rock|p2a: Glastrier\n|-sidestart|p2: Kguuv|move: Stealth Rock\n|move|p2a: Glastrier|Stomping Tantrum|p1b: Empoleon\n|-supereffective|p1b: Empoleon\n|-damage|p1b: Empoleon|40\/100\n|move|p2b: Indeedee|Trick Room|p2b: Indeedee\n|-fieldstart|move: Trick Room|[of] p2b: Indeedee\n|\n|-heal|p1b: Empoleon|46\/100|[from] item: Leftovers\n|upkeep\n|turn|2\n|\n|t:|1698875707\n|switch|p1b: Arcanine|Arcanine, M|100\/100\n|-ability|p1b: Arcanine|Intimidate|boost\n|-unboost|p2a: Glastrier|atk|1\n|-unboost|p2b: Indeedee|atk|1\n|move|p2a: Glastrier|Stomping Tantrum|p1b: Arcanine\n|-supereffective|p1b: Arcanine\n|-damage|p1b: Arcanine|46\/100\n|move|p2b: Indeedee|Heal Pulse|p2a: Glastrier\n|-heal|p2a: Glastrier|100\/100\n|move|p1a: Persian|Hyper Voice|p2a: Glastrier|[spread] p2a,p2b\n|-damage|p2a: Glastrier|79\/100\n|-damage|p2b: Indeedee|47\/100\n|-damage|p1a: Persian|81\/100|[from] item: Life Orb\n|\n|upkeep\n|turn|3\n|\n|t:|1698875733\n|move|p2a: Glastrier|Stomping Tantrum|p1b: Arcanine\n|-supereffective|p1b: Arcanine\n|-damage|p1b: Arcanine|0 fnt\n|faint|p1b: Arcanine\n|-ability|p2a: Glastrier|Chilling Neigh|boost\n|-boost|p2a: Glastrier|atk|1\n|move|p2b: Indeedee|Heal Pulse|p2a: Glastrier\n|-heal|p2a: Glastrier|100\/100\n|move|p1a: Persian|Chilling Water|p2a: Glastrier\n|-damage|p2a: Glastrier|82\/100\n|-unboost|p2a: Glastrier|atk|1\n|-damage|p1a: Persian|71\/100|[from] item: Life Orb\n|\n|upkeep\n|inactive|PokeGal1239 has 120 seconds left.\n|\n|t:|1698875758\n|switch|p1b: Ditto|Ditto|100\/100\n|-transform|p1b: Ditto|p2a: Glastrier|[from] ability: Imposter\n|turn|4\n|inactive|PokeGal1239 has 120 seconds left.\n|\n|t:|1698875781\n|move|p2b: Indeedee|Follow Me|p2b: Indeedee\n|-singleturn|p2b: Indeedee|move: Follow Me\n|move|p2a: Glastrier|Icicle Spear|p1a: Persian\n|-damage|p1a: Persian|46\/100\n|-damage|p1a: Persian|20\/100\n|-damage|p1a: Persian|0 fnt\n|faint|p1a: Persian\n|-ability|p2a: Glastrier|Chilling Neigh|boost\n|-boost|p2a: Glastrier|atk|1\n|-hitcount|p1: Persian|3\n|move|p1b: Ditto|Stomping Tantrum|p2b: Indeedee\n|-damage|p2b: Indeedee|26\/100\n|\n|upkeep\n|\n|t:|1698875799\n|switch|p1a: Sylveon|Sylveon, F|100\/100\n|turn|5\n|\n|t:|1698875810\n|move|p2b: Indeedee|Follow Me|p2b: Indeedee\n|-singleturn|p2b: Indeedee|move: Follow Me\n|move|p2a: Glastrier|Smart Strike|p1b: Ditto\n|-supereffective|p1b: Ditto\n|-crit|p1b: Ditto\n|-damage|p1b: Ditto|25\/100\n|move|p1b: Ditto|Stomping Tantrum|p2b: Indeedee\n|-damage|p2b: Indeedee|5\/100\n|move|p1a: Sylveon|Hyper Voice|p2b: Indeedee|[spread] p2a,p2b\n|-damage|p2a: Glastrier|57\/100\n|-damage|p2b: Indeedee|0 fnt\n|faint|p2b: Indeedee\n|\n|-fieldend|move: Trick Room\n|-fieldend|move: Psychic Terrain\n|upkeep\n|\n|t:|1698875827\n|switch|p2b: Oranguru|Oranguru, M|100\/100\n|-damage|p2b: Oranguru|88\/100|[from] Stealth Rock\n|turn|6\n|\n|t:|1698875839\n|move|p2a: Glastrier|Protect|p2a: Glastrier\n|-singleturn|p2a: Glastrier|Protect\n|move|p1a: Sylveon|Hyper Voice|p2a: Glastrier|[spread] p2b\n|-activate|p2a: Glastrier|move: Protect\n|-damage|p2b: Oranguru|64\/100\n|move|p1b: Ditto|Stomping Tantrum|p2b: Oranguru\n|-damage|p2b: Oranguru|47\/100\n|move|p2b: Oranguru|Trick Room|p2b: Oranguru\n|-fieldstart|move: Trick Room|[of] p2b: Oranguru\n|\n|upkeep\n|turn|7\n|\n|t:|1698875853\n|move|p2a: Glastrier|Smart Strike|p1b: Ditto\n|-supereffective|p1b: Ditto\n|-damage|p1b: Ditto|0 fnt\n|faint|p1b: Ditto\n|-ability|p2a: Glastrier|Chilling Neigh|boost\n|-boost|p2a: Glastrier|atk|1\n|move|p2b: Oranguru|Instruct|p2a: Glastrier\n|-singleturn|p2a: Glastrier|move: Instruct|[of] p2b: Oranguru\n|move|p2a: Glastrier|Smart Strike|p1a: Sylveon\n|-supereffective|p1a: Sylveon\n|-damage|p1a: Sylveon|24\/100\n|move|p1a: Sylveon|Hyper Voice|p2a: Glastrier|[spread] p2a,p2b\n|-damage|p2a: Glastrier|33\/100\n|-damage|p2b: Oranguru|25\/100\n|\n|-heal|p1a: Sylveon|30\/100|[from] item: Leftovers\n|upkeep\n|\n|t:|1698875873\n|switch|p1b: Espeon|Espeon, F|100\/100\n|turn|8\n|\n|t:|1698875897\n|move|p2a: Glastrier|Icicle Spear|p1b: Espeon\n|-damage|p1b: Espeon|39\/100\n|-damage|p1b: Espeon|0 fnt\n|faint|p1b: Espeon\n|-ability|p2a: Glastrier|Chilling Neigh|boost\n|-boost|p2a: Glastrier|atk|1\n|-hitcount|p1: Espeon|2\n|move|p2b: Oranguru|Instruct|p2a: Glastrier\n|-singleturn|p2a: Glastrier|move: Instruct|[of] p2b: Oranguru\n|move|p2a: Glastrier|Icicle Spear|p1a: Sylveon\n|-damage|p1a: Sylveon|0 fnt\n|faint|p1a: Sylveon\n|-ability|p2a: Glastrier|Chilling Neigh|boost\n|-boost|p2a: Glastrier|atk|1\n|-hitcount|p1: Sylveon|1\n|\n|upkeep\n|inactive|PokeGal1239 has 120 seconds left.\n|\n|t:|1698875914\n|switch|p1a: Empoleon|Empoleon, M|46\/100\n|turn|9\n|\n|t:|1698875919\n|move|p2a: Glastrier|Stomping Tantrum|p1a: Empoleon\n|-supereffective|p1a: Empoleon\n|-damage|p1a: Empoleon|0 fnt\n|faint|p1a: Empoleon\n|\n|win|Kguuv\n|raw|PokeGal1239's rating: 1054 &rarr; <strong>1033<\/strong><br \/>(-21 for losing)\n|raw|Kguuv's rating: 1000 &rarr; <strong>1046<\/strong><br \/>(+46 for winning)\n|l|\u2606PokeGal1239\n","uploadtime":1698875931,"views":7,"p1id":"pokegal1239","p2id":"kguuv","formatid":"gen9nationaldexdoubles","rating":1033,"private":0,"password":""}