{"id":"gen9nationaldexdoubles-1986147441","p1":"Prankbox454","p2":"Saywha413","format":"[Gen 9] National Dex Doubles","log":"|j|\u2606Prankbox454\n|j|\u2606Saywha413\n|t:|1699454706\n|gametype|doubles\n|player|p1|Prankbox454|burgh|1084\n|player|p2|Saywha413|hugh|1016\n|teamsize|p1|6\n|teamsize|p2|6\n|gen|9\n|tier|[Gen 9] National Dex Doubles\n|rated|\n|rule|HP Percentage Mod: HP is shown in percentages\n|rule|Endless Battle Clause: Forcing endless battles is banned\n|rule|OHKO Clause: OHKO moves are banned\n|rule|Evasion Moves Clause: Evasion moves are banned\n|rule|Evasion Abilities Clause: Evasion abilities are banned\n|rule|Species Clause: Limit one of each Pok\u00e9mon\n|rule|Gravity Sleep Clause: The combination of sleep-inducing moves with imperfect accuracy and Gravity or Gigantamax Orbeetle are banned\n|clearpoke\n|poke|p1|Regigigas|\n|poke|p1|Medicham, M|\n|poke|p1|Tornadus, M|\n|poke|p1|Kingambit, M|\n|poke|p1|Comfey, F|\n|poke|p1|Clefairy, M|\n|poke|p2|Bouffalant, F|\n|poke|p2|Eelektross, F|\n|poke|p2|Flygon, F|\n|poke|p2|Serperior, M|\n|poke|p2|Salamence, F|\n|poke|p2|Arcanine, M|\n|teampreview\n|\n|t:|1699454717\n|start\n|switch|p1a: Regigigas|Regigigas|100\/100\n|switch|p1b: Medicham|Medicham, M|100\/100\n|switch|p2a: Eelektross|Eelektross, F|100\/100\n|switch|p2b: Bouffalant|Bouffalant, F|100\/100\n|-start|p1a: Regigigas|ability: Slow Start\n|turn|1\n|j| FriedBeaver01\n|c| FriedBeaver01|Sup\n|c|\u2606Prankbox454|Sup\n|c|\u2606Saywha413|Yo\n|c|\u2606Prankbox454|I forgot to change my tera types :P\n|c|\u2606Prankbox454|But it's fine\n|c| FriedBeaver01|Ayo afro cow?!\n|c|\u2606Saywha413|Yup\n|\n|t:|1699454774\n|-terastallize|p1a: Regigigas|Normal\n|move|p1b: Medicham|Skill Swap|p1a: Regigigas\n|-activate|p1b: Medicham|move: Skill Swap|||[of] p1a: Regigigas\n|-end|p1a: Regigigas|Slow Start|[silent]\n|-start|p1b: Medicham|ability: Slow Start\n|move|p1a: Regigigas|Return|p2b: Bouffalant\n|-damage|p2b: Bouffalant|0 fnt\n|faint|p2b: Bouffalant\n|move|p2a: Eelektross|Thunderbolt|p1a: Regigigas\n|-damage|p1a: Regigigas|66\/100\n|\n|-heal|p1a: Regigigas|72\/100|[from] item: Leftovers\n|upkeep\n|c| FriedBeaver01|Noice\n|c| FriedBeaver01|Nooooo\n|c| FriedBeaver01|rip afro cow\n|\n|t:|1699454797\n|switch|p2b: Serperior|Serperior, M|100\/100\n|turn|2\n|c|\u2606Prankbox454|Here he comes\n|c|\u2606Prankbox454|:Smug:\n|\n|t:|1699454849\n|-end|p1b: Medicham|Slow Start|[silent]\n|switch|p1b: Comfey|Comfey, F|100\/100\n|move|p1a: Regigigas|Protect|p1a: Regigigas\n|-singleturn|p1a: Regigigas|Protect\n|move|p2b: Serperior|Toxic|p1a: Regigigas\n|-activate|p1a: Regigigas|move: Protect\n|move|p2a: Eelektross|Flamethrower|p1a: Regigigas\n|-activate|p1a: Regigigas|move: Protect\n|\n|-heal|p1a: Regigigas|78\/100|[from] item: Leftovers\n|upkeep\n|turn|3\n|c| FriedBeaver01|Gottem\n|c|\u2606Prankbox454|It's too late\n|\n|t:|1699454876\n|move|p2b: Serperior|Toxic|p1a: Regigigas\n|-status|p1a: Regigigas|tox\n|move|p1b: Comfey|Tailwind|p1b: Comfey\n|-sidestart|p1: Prankbox454|move: Tailwind\n|move|p1a: Regigigas|Power-Up Punch|p2b: Serperior\n|-damage|p2b: Serperior|67\/100\n|-boost|p1a: Regigigas|atk|1\n|move|p2a: Eelektross|Signal Beam|p1a: Regigigas\n|-damage|p1a: Regigigas|59\/100 tox\n|\n|-heal|p1a: Regigigas|65\/100 tox|[from] item: Leftovers\n|-damage|p1a: Regigigas|59\/100 tox|[from] psn\n|upkeep\n|turn|4\n|\n|t:|1699454909\n|move|p1b: Comfey|Heal Bell|p1b: Comfey\n|-activate|p1b: Comfey|move: Heal Bell\n|-curestatus|p1a: Regigigas|tox|[msg]\n|move|p1a: Regigigas|Return|p2a: Eelektross\n|-damage|p2a: Eelektross|0 fnt\n|faint|p2a: Eelektross\n|move|p2b: Serperior|Leech Seed|p1a: Regigigas|[miss]\n|-miss|p2b: Serperior|p1a: Regigigas\n|\n|-heal|p1a: Regigigas|65\/100|[from] item: Leftovers\n|upkeep\n|\n|t:|1699454921\n|switch|p2a: Salamence|Salamence, F|100\/100\n|-ability|p2a: Salamence|Intimidate|boost\n|-unboost|p1a: Regigigas|atk|1\n|-unboost|p1b: Comfey|atk|1\n|turn|5\n|c|\u2606Prankbox454|Unfortunate\n|\n|t:|1699454940\n|switch|p2a: Arcanine|Arcanine, M|100\/100\n|-ability|p2a: Arcanine|Intimidate|boost\n|-unboost|p1a: Regigigas|atk|1\n|-unboost|p1b: Comfey|atk|1\n|move|p1b: Comfey|Pollen Puff|p1a: Regigigas\n|-heal|p1a: Regigigas|100\/100\n|move|p1a: Regigigas|Return|p2a: Arcanine\n|-damage|p2a: Arcanine|0 fnt\n|faint|p2a: Arcanine\n|move|p2b: Serperior|Leech Seed|p1a: Regigigas\n|-start|p1a: Regigigas|move: Leech Seed\n|\n|-damage|p1a: Regigigas|88\/100|[from] Leech Seed|[of] p2b: Serperior\n|-heal|p2b: Serperior|81\/100|[silent]\n|upkeep\n|c|\u2606Prankbox454|Oh nice\n|\n|t:|1699454955\n|switch|p2a: Salamence|Salamence, F|100\/100\n|-ability|p2a: Salamence|Intimidate|boost\n|-unboost|p1a: Regigigas|atk|1\n|-unboost|p1b: Comfey|atk|1\n|turn|6\n|c| FriedBeaver01|Bro tryna intimidate the shit outta you\n|\n|t:|1699454982\n|switch|p2a: Flygon|Flygon, F|100\/100\n|move|p1b: Comfey|Draining Kiss|p2a: Flygon\n|-supereffective|p2a: Flygon\n|-crit|p2a: Flygon\n|-damage|p2a: Flygon|37\/100\n|move|p1a: Regigigas|Return|p2a: Flygon\n|-damage|p2a: Flygon|0 fnt\n|faint|p2a: Flygon\n|move|p2b: Serperior|Leaf Storm|p1b: Comfey\n|-damage|p1b: Comfey|58\/100\n|-boost|p2b: Serperior|spa|2\n|\n|-heal|p1a: Regigigas|94\/100|[from] item: Leftovers\n|-damage|p1a: Regigigas|82\/100|[from] Leech Seed|[of] p2b: Serperior\n|-heal|p2b: Serperior|95\/100|[silent]\n|-sideend|p1: Prankbox454|move: Tailwind\n|upkeep\n|c|\u2606Prankbox454|Just to add insult to injury :P\n|\n|t:|1699454997\n|switch|p2a: Salamence|Salamence, F|100\/100\n|-ability|p2a: Salamence|Intimidate|boost\n|-unboost|p1a: Regigigas|atk|1\n|-unboost|p1b: Comfey|atk|1\n|turn|7\n|c| FriedBeaver01|I mean\n|c| FriedBeaver01|to be fair\n|\n|t:|1699455018\n|detailschange|p2a: Salamence|Salamence-Mega, F\n|-mega|p2a: Salamence|Salamence|Salamencite\n|-terastallize|p2b: Serperior|Grass\n|move|p1a: Regigigas|Protect|p1a: Regigigas\n|-singleturn|p1a: Regigigas|Protect\n|move|p2b: Serperior|Leaf Storm|p1a: Regigigas\n|-activate|p1a: Regigigas|move: Protect\n|move|p2a: Salamence|Dragon Claw|p1a: Regigigas\n|-activate|p1a: Regigigas|move: Protect\n|move|p1b: Comfey|Tailwind|p1b: Comfey\n|-sidestart|p1: Prankbox454|move: Tailwind\n|\n|-heal|p1a: Regigigas|88\/100|[from] item: Leftovers\n|-damage|p1a: Regigigas|76\/100|[from] Leech Seed|[of] p2b: Serperior\n|-heal|p2b: Serperior|100\/100|[silent]\n|upkeep\n|turn|8\n|c| FriedBeaver01|dude is doing a good job\n|c|\u2606Prankbox454|Thanks\n|c| FriedBeaver01|I meant the other guy\n|c| FriedBeaver01|but you aren\u2019t doing bad either\n|c|\u2606Prankbox454|Lol i meant thanks for the free Tailwind\n|c|\u2606Prankbox454|:P\n|\n|t:|1699455055\n|move|p1b: Comfey|Draining Kiss|p2a: Salamence\n|-supereffective|p2a: Salamence\n|-damage|p2a: Salamence|66\/100\n|-heal|p1b: Comfey|86\/100|[from] drain|[of] p2a: Salamence\n|move|p1a: Regigigas|Return|p2a: Salamence\n|-damage|p2a: Salamence|5\/100\n|move|p2b: Serperior|Leaf Storm|p1a: Regigigas\n|-damage|p1a: Regigigas|0 fnt\n|-boost|p2b: Serperior|spa|2\n|faint|p1a: Regigigas\n|move|p2a: Salamence|Dragon Claw|p1b: Comfey\n|-immune|p1b: Comfey\n|\n|upkeep\n|c| FriedBeaver01|Lol\n|c|\u2606Saywha413|lol ty\n|c| FriedBeaver01|Ripperoni\n|c|\u2606Prankbox454|Still did 61%\n|c|\u2606Prankbox454|Holy\n|c|\u2606Prankbox454|I might run tera normal Regi instead\n|\n|t:|1699455104\n|switch|p1a: Tornadus|Tornadus, M|100\/100\n|turn|9\n|\n|t:|1699455115\n|move|p1b: Comfey|Draining Kiss|p2a: Salamence\n|-supereffective|p2a: Salamence\n|-damage|p2a: Salamence|0 fnt\n|-heal|p1b: Comfey|90\/100|[from] drain|[of] p2a: Salamence\n|faint|p2a: Salamence\n|move|p1a: Tornadus|Acrobatics|p2b: Serperior\n|-supereffective|p2b: Serperior\n|-damage|p2b: Serperior|42\/100\n|move|p2b: Serperior|Leaf Storm|p1a: Tornadus\n|-resisted|p1a: Tornadus\n|-damage|p1a: Tornadus|0 fnt\n|-boost|p2b: Serperior|spa|2\n|faint|p1a: Tornadus\n|\n|upkeep\n|c|\u2606Prankbox454|Max Spatk :uhoh:\n|\n|t:|1699455141\n|switch|p1a: Kingambit|Kingambit, M|100\/100\n|turn|10\n|c| FriedBeaver01|gg boi\n|\n|t:|1699455155\n|move|p1a: Kingambit|Sucker Punch|p2b: Serperior\n|-damage|p2b: Serperior|2\/100\n|move|p1b: Comfey|Pollen Puff|p2b: Serperior\n|-supereffective|p2b: Serperior\n|-damage|p2b: Serperior|0 fnt\n|faint|p2b: Serperior\n|\n|win|Prankbox454\n|raw|Prankbox454's rating: 1084 &rarr; <strong>1106<\/strong><br \/>(+22 for winning)\n|raw|Saywha413's rating: 1016 &rarr; <strong>1006<\/strong><br \/>(-10 for losing)\n|c|\u2606Saywha413|gg lol\n|c|\u2606Prankbox454|gg\n|l|\u2606Saywha413\n|l|\u2606Prankbox454\n|j|\u2606Prankbox454\n|player|p1|Prankbox454|burgh\n","uploadtime":1699455167,"views":8,"p1id":"prankbox454","p2id":"saywha413","formatid":"gen9nationaldexdoubles","rating":1006,"private":0,"password":""}