{"id":"gen9nationaldexdoubles-1955141814","p1":"24 Eevees","p2":"luckihandzjr","format":"[Gen 9] National Dex Doubles","log":"|j|\u260624 Eevees\n|j|\u2606luckihandzjr\n|t:|1695961563\n|gametype|doubles\n|player|p1|24 Eevees|serena|1088\n|player|p2|luckihandzjr|interviewers|1170\n|teamsize|p1|4\n|teamsize|p2|6\n|gen|9\n|tier|[Gen 9] National Dex Doubles\n|rated|\n|rule|HP Percentage Mod: HP is shown in percentages\n|rule|Endless Battle Clause: Forcing endless battles is banned\n|rule|OHKO Clause: OHKO moves are banned\n|rule|Evasion Moves Clause: Evasion moves are banned\n|rule|Evasion Abilities Clause: Evasion abilities are banned\n|rule|Species Clause: Limit one of each Pok\u00e9mon\n|rule|Gravity Sleep Clause: The combination of sleep-inducing moves with imperfect accuracy and Gravity or Gigantamax Orbeetle are banned\n|clearpoke\n|poke|p1|Ogerpon, F|\n|poke|p1|Whimsicott, F|\n|poke|p1|Armarouge, M|\n|poke|p1|Indeedee-F, F|\n|poke|p2|Castform, M|\n|poke|p2|Ninetales-Alola, M|\n|poke|p2|Torkoal, M|\n|poke|p2|Jynx, F|\n|poke|p2|Leavanny, F|\n|poke|p2|Politoed, M|\n|teampreview\n|inactive|Battle timer is ON: inactive players will automatically lose when time's up. (requested by 24 Eevees)\n|c|\u2606luckihandzjr|todays forecast is\n|c|\u2606luckihandzjr|real ice\n|\n|t:|1695961583\n|start\n|switch|p1a: Whimsicott|Whimsicott, F|100\/100\n|switch|p1b: Armarouge|Armarouge, M|100\/100\n|switch|p2a: SOGGY|Politoed, M|100\/100\n|switch|p2b: Reporter Dani|Jynx, F|100\/100\n|-weather|RainDance|[from] ability: Drizzle|[of] p2a: SOGGY\n|turn|1\n|c|\u2606luckihandzjr|and wet\n|c|\u2606luckihandzjr|specifically soggy\n|\n|t:|1695961609\n|-terastallize|p1b: Armarouge|Psychic\n|move|p2b: Reporter Dani|Fake Out|p1b: Armarouge\n|-damage|p1b: Armarouge|95\/100\n|-ability|p1b: Armarouge|Weak Armor|boost\n|-unboost|p1b: Armarouge|def|1\n|-boost|p1b: Armarouge|spe|2\n|cant|p1b: Armarouge|flinch\n|move|p1a: Whimsicott|U-turn|p1b: Armarouge\n|-supereffective|p1b: Armarouge\n|-damage|p1b: Armarouge|61\/100\n|-ability|p1b: Armarouge|Weak Armor|boost\n|-unboost|p1b: Armarouge|def|1\n|-boost|p1b: Armarouge|spe|2\n|-enditem|p1b: Armarouge|Weakness Policy\n|-boost|p1b: Armarouge|atk|2|[from] item: Weakness Policy\n|-boost|p1b: Armarouge|spa|2|[from] item: Weakness Policy\n|inactive|24 Eevees has 120 seconds left.\n|\n|t:|1695961623\n|switch|p1a: Indeedee|Indeedee-F, F|100\/100|[from] U-turn\n|-fieldstart|move: Psychic Terrain|[from] ability: Psychic Surge|[of] p1a: Indeedee\n|move|p2a: SOGGY|Surf|p1b: Armarouge|[spread] p1a,p1b\n|-immune|p2b: Reporter Dani|[from] ability: Dry Skin\n|-damage|p1a: Indeedee|64\/100\n|-damage|p1b: Armarouge|21\/100\n|\n|-weather|RainDance|[upkeep]\n|-heal|p1a: Indeedee|70\/100|[from] item: Leftovers\n|upkeep\n|turn|2\n|\n|t:|1695961642\n|move|p2a: SOGGY|Protect|p2a: SOGGY\n|-singleturn|p2a: SOGGY|Protect\n|move|p1b: Armarouge|Expanding Force|p2a: SOGGY|[spread] p2b\n|-activate|p2a: SOGGY|move: Protect\n|-resisted|p2b: Reporter Dani\n|-crit|p2b: Reporter Dani\n|-damage|p2b: Reporter Dani|15\/100\n|move|p1a: Indeedee|Expanding Force|p2a: SOGGY|[spread] p2b\n|-activate|p2a: SOGGY|move: Protect\n|-resisted|p2b: Reporter Dani\n|-damage|p2b: Reporter Dani|0 fnt\n|faint|p2b: Reporter Dani\n|\n|-weather|RainDance|[upkeep]\n|-heal|p1a: Indeedee|76\/100|[from] item: Leftovers\n|upkeep\n|inactive|luckihandzjr has 120 seconds left.\n|\n|t:|1695961664\n|switch|p2b: Icy w\/light wind|Ninetales-Alola, M|100\/100\n|-weather|Snow|[from] ability: Snow Warning|[of] p2b: Icy w\/light wind\n|turn|3\n|c|\u2606luckihandzjr|damn\n|c|\u2606luckihandzjr|we fucked\n|c|\u2606luckihandzjr|unless soggy\n|c|\u2606luckihandzjr|can outlast two\n|\n|t:|1695961687\n|move|p2a: SOGGY|Helping Hand|p2b: Icy w\/light wind\n|-singleturn|p2b: Icy w\/light wind|Helping Hand|[of] p2a: SOGGY\n|move|p2b: Icy w\/light wind|Ice Shard|p1b: Armarouge\n|-activate|p1b: Armarouge|move: Psychic Terrain\n|move|p1b: Armarouge|Expanding Force|p2a: SOGGY|[spread] p2a,p2b\n|-damage|p2a: SOGGY|0 fnt\n|-enditem|p2b: Icy w\/light wind|Focus Sash\n|-damage|p2b: Icy w\/light wind|1\/100\n|faint|p2a: SOGGY\n|move|p1a: Indeedee|Expanding Force|p2b: Icy w\/light wind\n|-damage|p2b: Icy w\/light wind|0 fnt\n|faint|p2b: Icy w\/light wind\n|\n|-weather|Snow|[upkeep]\n|-heal|p1a: Indeedee|82\/100|[from] item: Leftovers\n|upkeep\n|c|\u2606luckihandzjr|nope\n|inactive|luckihandzjr has 120 seconds left.\n|\n|t:|1695961701\n|switch|p2b: WeatherLady Va-nes|Leavanny, F|100\/100\n|switch|p2a: Sunny and clear|Torkoal, M|100\/100\n|-weather|SunnyDay|[from] ability: Drought|[of] p2a: Sunny and clear\n|turn|4\n|\n|t:|1695961713\n|move|p1b: Armarouge|Expanding Force|p2b: WeatherLady Va-nes|[spread] p2a,p2b\n|-damage|p2a: Sunny and clear|0 fnt\n|-damage|p2b: WeatherLady Va-nes|0 fnt\n|faint|p2a: Sunny and clear\n|faint|p2b: WeatherLady Va-nes\n|move|p1a: Indeedee|Expanding Force|p2: Sunny and clear|[notarget]\n|-fail|p1a: Indeedee\n|\n|-weather|SunnyDay|[upkeep]\n|-heal|p1a: Indeedee|88\/100|[from] item: Leftovers\n|upkeep\n|\n|t:|1695961716\n|switch|p2b: TODAYS WEATHER IS|Castform, M, shiny|100\/100\n|-formechange|p2b: TODAYS WEATHER IS|Castform-Sunny|[msg]|[from] ability: Forecast\n|turn|5\n|\n|t:|1695961729\n|-terastallize|p2b: TODAYS WEATHER IS|Dragon\n|move|p1b: Armarouge|Expanding Force|p2b: TODAYS WEATHER IS\n|-damage|p2b: TODAYS WEATHER IS|0 fnt\n|faint|p2b: TODAYS WEATHER IS\n|\n|win|24 Eevees\n|raw|24 Eevees's rating: 1088 &rarr; <strong>1121<\/strong><br \/>(+33 for winning)\n|raw|luckihandzjr's rating: 1170 &rarr; <strong>1139<\/strong><br \/>(-31 for losing)\n|l|\u2606luckihandzjr\n","uploadtime":1695961739,"views":4,"p1id":"24eevees","p2id":"luckihandzjr","formatid":"gen9nationaldexdoubles","rating":1121,"private":0,"password":""}