{"id":"gen9nationaldexdoubles-1965965045","p1":"orca playz 76","p2":"YokoSpaghetti","format":"[Gen 9] National Dex Doubles","log":"|j|\u2606orca playz 76\n|j|\u2606YokoSpaghetti\n|t:|1697133601\n|gametype|doubles\n|player|p1|orca playz 76|102|1044\n|player|p2|YokoSpaghetti|169|1080\n|teamsize|p1|6\n|teamsize|p2|6\n|gen|9\n|tier|[Gen 9] National Dex Doubles\n|rated|\n|rule|HP Percentage Mod: HP is shown in percentages\n|rule|Endless Battle Clause: Forcing endless battles is banned\n|rule|OHKO Clause: OHKO moves are banned\n|rule|Evasion Moves Clause: Evasion moves are banned\n|rule|Evasion Abilities Clause: Evasion abilities are banned\n|rule|Species Clause: Limit one of each Pok\u00e9mon\n|rule|Gravity Sleep Clause: The combination of sleep-inducing moves with imperfect accuracy and Gravity or Gigantamax Orbeetle are banned\n|clearpoke\n|poke|p1|Bronzong|\n|poke|p1|Falinks|\n|poke|p1|Glimmora, F|\n|poke|p1|Meowscarada, M|\n|poke|p1|Yanmega, F|\n|poke|p1|Chimecho, F|\n|poke|p2|Serperior, F|\n|poke|p2|Zapdos|\n|poke|p2|Gliscor, F|\n|poke|p2|Sableye, M|\n|poke|p2|Jirachi|\n|poke|p2|Dunsparce, F|\n|teampreview\n|inactive|Battle timer is ON: inactive players will automatically lose when time's up. (requested by YokoSpaghetti)\n|\n|t:|1697133606\n|start\n|switch|p1a: Falinks|Falinks|100\/100\n|switch|p1b: Glimmora|Glimmora, F|100\/100\n|switch|p2a: Zapdos|Zapdos, shiny|100\/100\n|switch|p2b: Dunsparce|Dunsparce, F, shiny|100\/100\n|turn|1\n|\n|t:|1697133622\n|-terastallize|p2b: Dunsparce|Rock\n|move|p1a: Falinks|First Impression|p2a: Zapdos\n|-resisted|p2a: Zapdos\n|-damage|p2a: Zapdos|84\/100\n|move|p2a: Zapdos|Tailwind|p2a: Zapdos\n|-sidestart|p2: YokoSpaghetti|move: Tailwind\n|move|p2b: Dunsparce|Coil|p2b: Dunsparce\n|-boost|p2b: Dunsparce|atk|1\n|-boost|p2b: Dunsparce|def|1\n|-boost|p2b: Dunsparce|accuracy|1\n|move|p1b: Glimmora|Stealth Rock|p2b: Dunsparce\n|-sidestart|p2: YokoSpaghetti|move: Stealth Rock\n|\n|upkeep\n|turn|2\n|\n|t:|1697133641\n|move|p2a: Zapdos|Heat Wave|p1b: Glimmora|[spread] p1a,p1b\n|-resisted|p1b: Glimmora\n|-damage|p1a: Falinks|68\/100\n|-damage|p1b: Glimmora|89\/100\n|move|p2b: Dunsparce|Coil|p2b: Dunsparce\n|-boost|p2b: Dunsparce|atk|1\n|-boost|p2b: Dunsparce|def|1\n|-boost|p2b: Dunsparce|accuracy|1\n|move|p1b: Glimmora|Spikes|p2b: Dunsparce\n|-sidestart|p2: YokoSpaghetti|Spikes\n|move|p1a: Falinks|No Retreat|p1a: Falinks\n|-boost|p1a: Falinks|atk|1\n|-boost|p1a: Falinks|def|1\n|-boost|p1a: Falinks|spa|1\n|-boost|p1a: Falinks|spd|1\n|-boost|p1a: Falinks|spe|1\n|-start|p1a: Falinks|move: No Retreat\n|\n|-heal|p1a: Falinks|74\/100|[from] item: Leftovers\n|upkeep\n|turn|3\n|\n|t:|1697133663\n|move|p2a: Zapdos|Heat Wave|p1a: Falinks|[spread] p1b\n|-miss|p2a: Zapdos|p1a: Falinks\n|-resisted|p1b: Glimmora\n|-damage|p1b: Glimmora|77\/100\n|move|p1a: Falinks|No Retreat||[still]\n|-fail|p1a: Falinks\n|move|p2b: Dunsparce|Glare|p1a: Falinks\n|-status|p1a: Falinks|par\n|move|p1b: Glimmora|Spikes|p2a: Zapdos\n|-sidestart|p2: YokoSpaghetti|Spikes\n|\n|-heal|p1a: Falinks|81\/100 par|[from] item: Leftovers\n|upkeep\n|turn|4\n|\n|t:|1697133686\n|move|p2a: Zapdos|Hidden Power|p1b: Glimmora\n|-crit|p1b: Glimmora\n|-damage|p1b: Glimmora|43\/100\n|move|p2b: Dunsparce|Rock Slide|p1a: Falinks|[spread] p1a,p1b\n|-resisted|p1a: Falinks\n|-damage|p1a: Falinks|63\/100 par\n|-damage|p1b: Glimmora|1\/100\n|-activate|p1b: Glimmora|ability: Toxic Debris\n|-sidestart|p2: YokoSpaghetti|move: Toxic Spikes\n|cant|p1b: Glimmora|flinch\n|move|p1a: Falinks|Brick Break|p2b: Dunsparce\n|-supereffective|p2b: Dunsparce\n|-damage|p2b: Dunsparce|62\/100\n|\n|-heal|p1a: Falinks|69\/100 par|[from] item: Leftovers\n|-sideend|p2: YokoSpaghetti|move: Tailwind\n|upkeep\n|turn|5\n|\n|t:|1697133707\n|move|p2a: Zapdos|Heat Wave|p1a: Falinks|[spread] p1b\n|-miss|p2a: Zapdos|p1a: Falinks\n|-resisted|p1b: Glimmora\n|-damage|p1b: Glimmora|0 fnt\n|faint|p1b: Glimmora\n|cant|p1a: Falinks|par\n|move|p2b: Dunsparce|Rock Slide|p1a: Falinks\n|-resisted|p1a: Falinks\n|-damage|p1a: Falinks|43\/100 par\n|\n|-heal|p1a: Falinks|49\/100 par|[from] item: Leftovers\n|upkeep\n|\n|t:|1697133720\n|switch|p1b: Chimecho|Chimecho, F|100\/100\n|turn|6\n|\n|t:|1697133737\n|switch|p1b: Yanmega|Yanmega, F|100\/100\n|move|p2a: Zapdos|Tailwind|p2a: Zapdos\n|-sidestart|p2: YokoSpaghetti|move: Tailwind\n|move|p2b: Dunsparce|Rock Slide|p1b: Yanmega|[spread] p1a,p1b\n|-resisted|p1a: Falinks\n|-supereffective|p1b: Yanmega\n|-damage|p1a: Falinks|32\/100 par\n|-damage|p1b: Yanmega|0 fnt\n|faint|p1b: Yanmega\n|cant|p1a: Falinks|flinch\n|\n|-heal|p1a: Falinks|38\/100 par|[from] item: Leftovers\n|upkeep\n|\n|t:|1697133751\n|switch|p1b: Meowscarada|Meowscarada, M|100\/100\n|turn|7\n|\n|t:|1697133760\n|move|p2a: Zapdos|Heat Wave|p1a: Falinks|[spread] p1a,p1b\n|-supereffective|p1b: Meowscarada\n|-damage|p1a: Falinks|15\/100 par\n|-damage|p1b: Meowscarada|40\/100\n|move|p1b: Meowscarada|Play Rough|p2a: Zapdos|[miss]\n|-start|p1b: Meowscarada|typechange|Fairy|[from] ability: Protean\n|-miss|p1b: Meowscarada|p2a: Zapdos\n|move|p2b: Dunsparce|Glare|p1b: Meowscarada\n|-status|p1b: Meowscarada|par\n|move|p1a: Falinks|Brick Break|p2b: Dunsparce\n|-supereffective|p2b: Dunsparce\n|-damage|p2b: Dunsparce|24\/100\n|\n|-heal|p1a: Falinks|21\/100 par|[from] item: Leftovers\n|upkeep\n|turn|8\n|\n|t:|1697133784\n|switch|p1b: Chimecho|Chimecho, F|100\/100\n|move|p2a: Zapdos|Heat Wave|p1b: Chimecho|[spread] p1a,p1b\n|-damage|p1a: Falinks|0 fnt\n|-damage|p1b: Chimecho|68\/100\n|faint|p1a: Falinks\n|move|p2b: Dunsparce|Rock Slide|p1b: Chimecho\n|-damage|p1b: Chimecho|5\/100\n|\n|-heal|p1b: Chimecho|11\/100|[from] item: Leftovers\n|upkeep\n|inactive|orca playz 76 has 120 seconds left.\n|\n|t:|1697133801\n|switch|p1a: Big Dog|Bronzong|100\/100\n|turn|9\n|\n|t:|1697133812\n|move|p2a: Zapdos|Heat Wave|p1a: Big Dog|[spread] p1a,p1b\n|-supereffective|p1a: Big Dog\n|-damage|p1a: Big Dog|56\/100\n|-damage|p1b: Chimecho|0 fnt\n|faint|p1b: Chimecho\n|move|p2b: Dunsparce|Glare|p1a: Big Dog\n|-status|p1a: Big Dog|par\n|cant|p1a: Big Dog|par\n|\n|-sideend|p2: YokoSpaghetti|move: Tailwind\n|upkeep\n|\n|t:|1697133822\n|switch|p1b: Meowscarada|Meowscarada, M|40\/100 par\n|turn|10\n|\n|t:|1697133835\n|move|p2a: Zapdos|Tailwind|p2a: Zapdos\n|-sidestart|p2: YokoSpaghetti|move: Tailwind\n|move|p2b: Dunsparce|Attract|p1b: Meowscarada\n|-start|p1b: Meowscarada|Attract\n|-activate|p1b: Meowscarada|move: Attract|[of] p2b: Dunsparce\n|cant|p1b: Meowscarada|Attract\n|cant|p1a: Big Dog|par\n|\n|upkeep\n|turn|11\n|\n|t:|1697133848\n|move|p2a: Zapdos|Heat Wave|p1b: Meowscarada|[spread] p1a,p1b\n|-supereffective|p1a: Big Dog\n|-supereffective|p1b: Meowscarada\n|-damage|p1a: Big Dog|14\/100 par\n|-damage|p1b: Meowscarada|0 fnt\n|faint|p1b: Meowscarada\n|move|p2b: Dunsparce|Rock Slide|p1a: Big Dog\n|-resisted|p1a: Big Dog\n|-damage|p1a: Big Dog|0 fnt\n|faint|p1a: Big Dog\n|\n|win|YokoSpaghetti\n|raw|orca playz 76's rating: 1044 &rarr; <strong>1029<\/strong><br \/>(-15 for losing)\n|raw|YokoSpaghetti's rating: 1080 &rarr; <strong>1105<\/strong><br \/>(+25 for winning)\n|l|\u2606orca playz 76\n","uploadtime":1697133867,"views":12,"p1id":"orcaplayz76","p2id":"yokospaghetti","formatid":"gen9nationaldexdoubles","rating":1029,"private":0,"password":""}