{"id":"gen9nationaldexdoubles-1995763328","p1":"eliott.pawsey","p2":"PkMnTrainerChud","format":"[Gen 9] National Dex Doubles","log":"|j|\u2606eliott.pawsey\n|j|\u2606PkMnTrainerChud\n|t:|1700600862\n|gametype|doubles\n|player|p1|eliott.pawsey|fisherman-gen4|1108\n|player|p2|PkMnTrainerChud|pokemonbreeder-gen4|1117\n|teamsize|p1|6\n|teamsize|p2|6\n|gen|9\n|tier|[Gen 9] National Dex Doubles\n|rated|\n|rule|HP Percentage Mod: HP is shown in percentages\n|rule|Endless Battle Clause: Forcing endless battles is banned\n|rule|OHKO Clause: OHKO moves are banned\n|rule|Evasion Moves Clause: Evasion moves are banned\n|rule|Evasion Abilities Clause: Evasion abilities are banned\n|rule|Species Clause: Limit one of each Pok\u00e9mon\n|rule|Gravity Sleep Clause: The combination of sleep-inducing moves with imperfect accuracy and Gravity or Gigantamax Orbeetle are banned\n|clearpoke\n|poke|p1|Kingambit, F|\n|poke|p1|Arcanine, M|\n|poke|p1|Roaring Moon|\n|poke|p1|Glimmora, F|\n|poke|p1|Thundurus-Therian, M|\n|poke|p1|Sandy Shocks|\n|poke|p2|Incineroar, M|\n|poke|p2|Rillaboom, F|\n|poke|p2|Rotom-Wash|\n|poke|p2|Kingambit, F|\n|poke|p2|Sylveon, F|\n|poke|p2|Dragonite, F|\n|teampreview\n|inactive|Battle timer is ON: inactive players will automatically lose when time's up. (requested by eliott.pawsey)\n|\n|t:|1700600876\n|start\n|switch|p1a: Thundurus|Thundurus-Therian, M|100\/100\n|switch|p1b: Sandy Shocks|Sandy Shocks|100\/100\n|switch|p2a: Incineroar|Incineroar, M|100\/100\n|switch|p2b: Rillaboom|Rillaboom, F|100\/100\n|-fieldstart|move: Grassy Terrain|[from] ability: Grassy Surge|[of] p2b: Rillaboom\n|-ability|p2a: Incineroar|Intimidate|boost\n|-unboost|p1a: Thundurus|atk|1\n|-unboost|p1b: Sandy Shocks|atk|1\n|turn|1\n|\n|t:|1700600902\n|move|p2a: Incineroar|Fake Out|p1a: Thundurus\n|-damage|p1a: Thundurus|85\/100\n|cant|p1a: Thundurus|flinch\n|move|p1b: Sandy Shocks|Discharge|p2b: Rillaboom|[spread] p2a,p2b\n|-heal|p1a: Thundurus|100\/100|[from] ability: Volt Absorb|[of] p1b: Sandy Shocks\n|-crit|p2a: Incineroar\n|-resisted|p2b: Rillaboom\n|-damage|p2a: Incineroar|59\/100\n|-damage|p2b: Rillaboom|89\/100\n|-status|p2a: Incineroar|par\n|move|p2b: Rillaboom|High Horsepower|p1a: Thundurus\n|-immune|p1a: Thundurus\n|\n|-heal|p2b: Rillaboom|95\/100|[from] Grassy Terrain\n|-heal|p2a: Incineroar|65\/100 par|[from] Grassy Terrain\n|upkeep\n|turn|2\n|c|\u2606PkMnTrainerChud|Whoops\n|c|\u2606eliott.pawsey|hehe\n|inactive|PkMnTrainerChud has 120 seconds left.\n|\n|t:|1700600937\n|move|p1a: Thundurus|Sludge Wave|p2b: Rillaboom|[spread] p1b,p2a,p2b\n|-resisted|p1b: Sandy Shocks\n|-supereffective|p2b: Rillaboom\n|-damage|p1b: Sandy Shocks|83\/100\n|-damage|p2a: Incineroar|41\/100 par\n|-damage|p2b: Rillaboom|55\/100\n|move|p1b: Sandy Shocks|Discharge|p2a: Incineroar|[spread] p2a,p2b\n|-immune|p1a: Thundurus|[from] ability: Volt Absorb\n|-resisted|p2b: Rillaboom\n|-damage|p2a: Incineroar|18\/100 par\n|-damage|p2b: Rillaboom|44\/100\n|move|p2b: Rillaboom|U-turn|p1b: Sandy Shocks\n|-damage|p1b: Sandy Shocks|56\/100\n|inactive|PkMnTrainerChud has 120 seconds left.\n|\n|t:|1700600957\n|switch|p2b: Dragonite|Dragonite, F|100\/100|[from] U-turn\n|move|p2a: Incineroar|Parting Shot|p1a: Thundurus\n|-unboost|p1a: Thundurus|atk|1\n|-unboost|p1a: Thundurus|spa|1\n|\n|t:|1700600969\n|switch|p2a: Rillaboom|Rillaboom, F|44\/100|[from] Parting Shot\n|\n|-heal|p1b: Sandy Shocks|62\/100|[from] Grassy Terrain\n|-heal|p2a: Rillaboom|50\/100|[from] Grassy Terrain\n|upkeep\n|turn|3\n|inactive|PkMnTrainerChud has 120 seconds left.\n|\n|t:|1700600980\n|-terastallize|p2b: Dragonite|Normal\n|move|p2a: Rillaboom|Fake Out|p1a: Thundurus\n|-damage|p1a: Thundurus|78\/100\n|move|p2b: Dragonite|Extreme Speed|p1a: Thundurus\n|-damage|p1a: Thundurus|0 fnt\n|faint|p1a: Thundurus\n|move|p1b: Sandy Shocks|Discharge|p2a: Rillaboom|[spread] p2a,p2b\n|-resisted|p2a: Rillaboom\n|-damage|p2a: Rillaboom|39\/100\n|-damage|p2b: Dragonite|87\/100\n|-status|p2b: Dragonite|par\n|\n|-heal|p1b: Sandy Shocks|68\/100|[from] Grassy Terrain\n|-heal|p2a: Rillaboom|45\/100|[from] Grassy Terrain\n|-heal|p2b: Dragonite|93\/100 par|[from] Grassy Terrain\n|upkeep\n|\n|t:|1700600992\n|switch|p1a: Glimmora|Glimmora, F|100\/100\n|-item|p1a: Glimmora|Air Balloon\n|turn|4\n|\n|t:|1700601007\n|cant|p2b: Dragonite|par\n|move|p1b: Sandy Shocks|Tri Attack|p2a: Rillaboom\n|-damage|p2a: Rillaboom|24\/100\n|-status|p2a: Rillaboom|frz\n|move|p1a: Glimmora|Reflect|p1a: Glimmora\n|-sidestart|p1: eliott.pawsey|Reflect\n|cant|p2a: Rillaboom|frz\n|\n|-heal|p1b: Sandy Shocks|74\/100|[from] Grassy Terrain\n|-heal|p2a: Rillaboom|30\/100 frz|[from] Grassy Terrain\n|-heal|p2b: Dragonite|99\/100 par|[from] Grassy Terrain\n|upkeep\n|turn|5\n|c|\u2606PkMnTrainerChud|Sheesh\n|c|\u2606eliott.pawsey|lolz\n|inactive|PkMnTrainerChud has 120 seconds left.\n|\n|t:|1700601040\n|cant|p2b: Dragonite|par\n|move|p1b: Sandy Shocks|Tri Attack|p2a: Rillaboom\n|-damage|p2a: Rillaboom|9\/100 frz\n|move|p1a: Glimmora|Light Screen|p1a: Glimmora\n|-sidestart|p1: eliott.pawsey|move: Light Screen\n|cant|p2a: Rillaboom|frz\n|\n|-heal|p1b: Sandy Shocks|80\/100|[from] Grassy Terrain\n|-heal|p2a: Rillaboom|15\/100 frz|[from] Grassy Terrain\n|-heal|p2b: Dragonite|100\/100 par|[from] Grassy Terrain\n|-fieldend|move: Grassy Terrain\n|upkeep\n|turn|6\n|\n|t:|1700601058\n|switch|p2a: Rotom|Rotom-Wash|100\/100\n|move|p2b: Dragonite|Extreme Speed|p1a: Glimmora\n|-resisted|p1a: Glimmora\n|-damage|p1a: Glimmora|77\/100\n|-activate|p1a: Glimmora|ability: Toxic Debris\n|-sidestart|p2: PkMnTrainerChud|move: Toxic Spikes\n|-enditem|p1a: Glimmora|Air Balloon\n|move|p1b: Sandy Shocks|Tri Attack|p2b: Dragonite\n|-damage|p2b: Dragonite|89\/100 par\n|move|p1a: Glimmora|Dazzling Gleam|p2b: Dragonite|[spread] p2a,p2b\n|-damage|p2a: Rotom|86\/100\n|-damage|p2b: Dragonite|74\/100 par\n|\n|-heal|p2a: Rotom|92\/100|[from] item: Leftovers\n|upkeep\n|turn|7\n|inactive|eliott.pawsey has 120 seconds left.\n|\n|t:|1700601090\n|move|p2b: Dragonite|Extreme Speed|p1b: Sandy Shocks\n|-crit|p1b: Sandy Shocks\n|-damage|p1b: Sandy Shocks|0 fnt\n|faint|p1b: Sandy Shocks\n|-end|p1b: Sandy Shocks|Protosynthesis|[silent]\n|move|p1a: Glimmora|Dazzling Gleam|p2a: Rotom|[spread] p2a,p2b\n|-damage|p2a: Rotom|78\/100\n|-damage|p2b: Dragonite|59\/100 par\n|move|p2a: Rotom|Hydro Pump|p1a: Glimmora|[miss]\n|-miss|p2a: Rotom|p1a: Glimmora\n|\n|-heal|p2a: Rotom|84\/100|[from] item: Leftovers\n|upkeep\n|inactive|eliott.pawsey has 120 seconds left.\n|\n|t:|1700601108\n|switch|p1b: Kingambit|Kingambit, F|100\/100\n|turn|8\n|c|\u2606PkMnTrainerChud|CrawlingInMySkin.Mp3\n|\n|t:|1700601125\n|move|p2b: Dragonite|Extreme Speed|p1b: Kingambit\n|-resisted|p1b: Kingambit\n|-damage|p1b: Kingambit|88\/100\n|move|p1a: Glimmora|Mortal Spin|p2b: Dragonite|[spread] p2a,p2b\n|-damage|p2a: Rotom|79\/100\n|-damage|p2b: Dragonite|55\/100 par\n|-status|p2a: Rotom|psn\n|move|p2a: Rotom|Hydro Pump|p1a: Glimmora|[miss]\n|-miss|p2a: Rotom|p1a: Glimmora\n|move|p1b: Kingambit|Stealth Rock|p2b: Dragonite\n|-sidestart|p2: PkMnTrainerChud|move: Stealth Rock\n|\n|-heal|p2a: Rotom|85\/100 psn|[from] item: Leftovers\n|-heal|p1b: Kingambit|94\/100|[from] item: Leftovers\n|-damage|p2a: Rotom|72\/100 psn|[from] psn\n|-sideend|p1: eliott.pawsey|Reflect\n|upkeep\n|turn|9\n|\n|t:|1700601148\n|switch|p2b: Sylveon|Sylveon, F|100\/100\n|-status|p2b: Sylveon|psn\n|-damage|p2b: Sylveon|88\/100 psn|[from] Stealth Rock\n|move|p1b: Kingambit|Protect|p1b: Kingambit\n|-singleturn|p1b: Kingambit|Protect\n|move|p1a: Glimmora|Reflect|p1a: Glimmora\n|-sidestart|p1: eliott.pawsey|Reflect\n|move|p2a: Rotom|Will-O-Wisp|p1b: Kingambit\n|-activate|p1b: Kingambit|move: Protect\n|\n|-heal|p2a: Rotom|78\/100 psn|[from] item: Leftovers\n|-heal|p1b: Kingambit|100\/100|[from] item: Leftovers\n|-damage|p2a: Rotom|66\/100 psn|[from] psn\n|-damage|p2b: Sylveon|76\/100 psn|[from] psn\n|-sideend|p1: eliott.pawsey|move: Light Screen\n|upkeep\n|turn|10\n|\n|t:|1700601175\n|switch|p1b: Roaring Moon|Roaring Moon|100\/100\n|move|p1a: Glimmora|Light Screen|p1a: Glimmora\n|-sidestart|p1: eliott.pawsey|move: Light Screen\n|move|p2a: Rotom|Hydro Pump|p1a: Glimmora\n|-supereffective|p1a: Glimmora\n|-damage|p1a: Glimmora|14\/100\n|move|p2b: Sylveon|Hyper Voice|p1a: Glimmora|[spread] p1a,p1b\n|-resisted|p1a: Glimmora\n|-supereffective|p1b: Roaring Moon\n|-damage|p1a: Glimmora|0 fnt\n|-damage|p1b: Roaring Moon|44\/100\n|faint|p1a: Glimmora\n|-enditem|p2b: Sylveon|Throat Spray\n|-boost|p2b: Sylveon|spa|1|[from] item: Throat Spray\n|\n|-heal|p2a: Rotom|72\/100 psn|[from] item: Leftovers\n|-damage|p2a: Rotom|60\/100 psn|[from] psn\n|-damage|p2b: Sylveon|63\/100 psn|[from] psn\n|upkeep\n|inactive|eliott.pawsey has 120 seconds left.\n|\n|t:|1700601190\n|switch|p1a: Kingambit|Kingambit, F|100\/100\n|turn|11\n|\n|t:|1700601208\n|move|p1a: Kingambit|Protect|p1a: Kingambit\n|-singleturn|p1a: Kingambit|Protect\n|move|p1b: Roaring Moon|Throat Chop|p2b: Sylveon\n|-resisted|p2b: Sylveon\n|-damage|p2b: Sylveon|36\/100 psn\n|-start|p2b: Sylveon|Throat Chop|[silent]\n|move|p2a: Rotom|Will-O-Wisp|p1a: Kingambit\n|-activate|p1a: Kingambit|move: Protect\n|move|p2b: Sylveon|Tera Blast|p1b: Roaring Moon\n|-supereffective|p1b: Roaring Moon\n|-damage|p1b: Roaring Moon|0 fnt\n|faint|p1b: Roaring Moon\n|-end|p1b: Roaring Moon|Protosynthesis|[silent]\n|\n|-heal|p2a: Rotom|66\/100 psn|[from] item: Leftovers\n|-damage|p2a: Rotom|53\/100 psn|[from] psn\n|-damage|p2b: Sylveon|23\/100 psn|[from] psn\n|upkeep\n|\n|t:|1700601219\n|switch|p1b: Arcanine|Arcanine, M|100\/100\n|turn|12\n|\n|t:|1700601232\n|move|p1b: Arcanine|Extreme Speed|p2b: Sylveon\n|-damage|p2b: Sylveon|0 fnt\n|faint|p2b: Sylveon\n|-damage|p1b: Arcanine|91\/100|[from] item: Life Orb\n|move|p2a: Rotom|Hydro Pump|p1b: Arcanine\n|-supereffective|p1b: Arcanine\n|-damage|p1b: Arcanine|20\/100\n|move|p1a: Kingambit|Beat Up|p1b: Arcanine\n|-damage|p1b: Arcanine|15\/100\n|-ability|p1b: Arcanine|Justified|boost\n|-boost|p1b: Arcanine|atk|1\n|-damage|p1b: Arcanine|10\/100\n|-ability|p1b: Arcanine|Justified|boost\n|-boost|p1b: Arcanine|atk|1\n|-hitcount|p1b: Arcanine|2\n|\n|-heal|p2a: Rotom|59\/100 psn|[from] item: Leftovers\n|-damage|p2a: Rotom|47\/100 psn|[from] psn\n|upkeep\n|\n|t:|1700601253\n|switch|p2b: Kingambit|Kingambit, F|100\/100\n|-damage|p2b: Kingambit|94\/100|[from] Stealth Rock\n|turn|13\n|\n|t:|1700601264\n|move|p2b: Kingambit|Sucker Punch|p1b: Arcanine\n|-damage|p1b: Arcanine|0 fnt\n|faint|p1b: Arcanine\n|move|p2a: Rotom|Hydro Pump|p1a: Kingambit\n|-damage|p1a: Kingambit|77\/100\n|move|p1a: Kingambit|Thunder Wave|p2b: Kingambit\n|-status|p2b: Kingambit|par\n|\n|-heal|p2a: Rotom|53\/100 psn|[from] item: Leftovers\n|-heal|p1a: Kingambit|83\/100|[from] item: Leftovers\n|-damage|p2a: Rotom|41\/100 psn|[from] psn\n|-sideend|p1: eliott.pawsey|Reflect\n|upkeep\n|turn|14\n|\n|t:|1700601277\n|move|p1a: Kingambit|Protect|p1a: Kingambit\n|-singleturn|p1a: Kingambit|Protect\n|move|p2a: Rotom|Volt Switch|p1a: Kingambit\n|-activate|p1a: Kingambit|move: Protect\n|cant|p2b: Kingambit|par\n|\n|-heal|p2a: Rotom|47\/100 psn|[from] item: Leftovers\n|-heal|p1a: Kingambit|89\/100|[from] item: Leftovers\n|-damage|p2a: Rotom|35\/100 psn|[from] psn\n|-sideend|p1: eliott.pawsey|move: Light Screen\n|upkeep\n|turn|15\n|\n|t:|1700601297\n|switch|p2a: Dragonite|Dragonite, F, tera:Normal|55\/100 par\n|-damage|p2a: Dragonite|42\/100 par|[from] Stealth Rock\n|move|p1a: Kingambit|Beat Up|p2a: Dragonite\n|-damage|p2a: Dragonite|35\/100 par\n|-hitcount|p2a: Dragonite|1\n|move|p2b: Kingambit|Kowtow Cleave|p1a: Kingambit\n|-resisted|p1a: Kingambit\n|-damage|p1a: Kingambit|76\/100\n|\n|-heal|p1a: Kingambit|82\/100|[from] item: Leftovers\n|upkeep\n|turn|16\n|\n|t:|1700601311\n|move|p1a: Kingambit|Protect|p1a: Kingambit\n|-singleturn|p1a: Kingambit|Protect\n|move|p2a: Dragonite|Extreme Speed|p1a: Kingambit\n|-activate|p1a: Kingambit|move: Protect\n|cant|p2b: Kingambit|par\n|\n|-heal|p1a: Kingambit|88\/100|[from] item: Leftovers\n|upkeep\n|turn|17\n|\n|t:|1700601319\n|move|p2a: Dragonite|Extreme Speed|p1a: Kingambit\n|-resisted|p1a: Kingambit\n|-damage|p1a: Kingambit|70\/100\n|move|p1a: Kingambit|Beat Up|p2a: Dragonite\n|-damage|p2a: Dragonite|27\/100 par\n|-hitcount|p2a: Dragonite|1\n|move|p2b: Kingambit|Kowtow Cleave|p1a: Kingambit\n|-resisted|p1a: Kingambit\n|-damage|p1a: Kingambit|56\/100\n|\n|-heal|p1a: Kingambit|63\/100|[from] item: Leftovers\n|upkeep\n|turn|18\n|\n|t:|1700601336\n|move|p2a: Dragonite|Extreme Speed|p1a: Kingambit\n|-resisted|p1a: Kingambit\n|-damage|p1a: Kingambit|45\/100\n|move|p1a: Kingambit|Beat Up|p2a: Dragonite\n|-damage|p2a: Dragonite|18\/100 par\n|-hitcount|p2a: Dragonite|1\n|move|p2b: Kingambit|Iron Head|p1a: Kingambit\n|-resisted|p1a: Kingambit\n|-damage|p1a: Kingambit|32\/100\n|\n|-heal|p1a: Kingambit|38\/100|[from] item: Leftovers\n|upkeep\n|turn|19\n|\n|t:|1700601347\n|cant|p2a: Dragonite|par\n|move|p1a: Kingambit|Beat Up|p2a: Dragonite\n|-damage|p2a: Dragonite|10\/100 par\n|-hitcount|p2a: Dragonite|1\n|move|p2b: Kingambit|Iron Head|p1a: Kingambit\n|-resisted|p1a: Kingambit\n|-damage|p1a: Kingambit|27\/100\n|\n|-heal|p1a: Kingambit|33\/100|[from] item: Leftovers\n|upkeep\n|turn|20\n|\n|t:|1700601353\n|move|p2a: Dragonite|Extreme Speed|p1a: Kingambit\n|-resisted|p1a: Kingambit\n|-damage|p1a: Kingambit|15\/100\n|move|p1a: Kingambit|Beat Up|p2a: Dragonite\n|-damage|p2a: Dragonite|2\/100 par\n|-hitcount|p2a: Dragonite|1\n|move|p2b: Kingambit|Iron Head|p1a: Kingambit\n|-resisted|p1a: Kingambit\n|-damage|p1a: Kingambit|3\/100\n|\n|-heal|p1a: Kingambit|9\/100|[from] item: Leftovers\n|upkeep\n|turn|21\n|\n|t:|1700601366\n|move|p1a: Kingambit|Protect|p1a: Kingambit\n|-singleturn|p1a: Kingambit|Protect\n|-activate|p2a: Dragonite|move: Struggle\n|move|p2a: Dragonite|Struggle|p1a: Kingambit\n|-activate|p1a: Kingambit|move: Protect\n|move|p2b: Kingambit|Iron Head|p1a: Kingambit\n|-activate|p1a: Kingambit|move: Protect\n|\n|-heal|p1a: Kingambit|16\/100|[from] item: Leftovers\n|upkeep\n|turn|22\n|\n|t:|1700601383\n|move|p1a: Kingambit|Beat Up|p2b: Kingambit\n|-resisted|p2b: Kingambit\n|-damage|p2b: Kingambit|91\/100 par\n|-hitcount|p2b: Kingambit|1\n|-activate|p2a: Dragonite|move: Struggle\n|move|p2a: Dragonite|Struggle|p1a: Kingambit\n|-damage|p1a: Kingambit|1\/100\n|-damage|p2a: Dragonite|0 fnt|[from] recoil\n|faint|p2a: Dragonite\n|cant|p2b: Kingambit|par\n|\n|-heal|p1a: Kingambit|7\/100|[from] item: Leftovers\n|upkeep\n|\n|t:|1700601394\n|switch|p2a: Rotom|Rotom-Wash|35\/100 psn\n|-damage|p2a: Rotom|22\/100 psn|[from] Stealth Rock\n|turn|23\n|\n|t:|1700601401\n|move|p1a: Kingambit|Protect|p1a: Kingambit\n|-singleturn|p1a: Kingambit|Protect\n|move|p2a: Rotom|Volt Switch|p1a: Kingambit\n|-activate|p1a: Kingambit|move: Protect\n|move|p2b: Kingambit|Kowtow Cleave|p1a: Kingambit\n|-activate|p1a: Kingambit|move: Protect\n|\n|-heal|p2a: Rotom|28\/100 psn|[from] item: Leftovers\n|-heal|p1a: Kingambit|13\/100|[from] item: Leftovers\n|-damage|p2a: Rotom|16\/100 psn|[from] psn\n|upkeep\n|turn|24\n|\n|t:|1700601407\n|move|p2a: Rotom|Volt Switch|p1a: Kingambit\n|-damage|p1a: Kingambit|0 fnt\n|faint|p1a: Kingambit\n|\n|win|PkMnTrainerChud\n|raw|eliott.pawsey's rating: 1108 &rarr; <strong>1084<\/strong><br \/>(-24 for losing)\n|raw|PkMnTrainerChud's rating: 1117 &rarr; <strong>1141<\/strong><br \/>(+24 for winning)\n|l|\u2606eliott.pawsey\n|c|\u2606PkMnTrainerChud|Gg\n","uploadtime":1700601417,"views":1,"p1id":"eliottpawsey","p2id":"pkmntrainerchud","formatid":"gen9nationaldexdoubles","rating":1084,"private":0,"password":""}