{"id":"gen9nationaldexdoubles-1971383675","p1":"Nickalip","p2":"Vicenteriffo","format":"[Gen 9] National Dex Doubles","log":"|j|\u2606Nickalip\n|j|\u2606Vicenteriffo\n|t:|1697734226\n|gametype|doubles\n|player|p1|Nickalip|steven|\n|player|p2|Vicenteriffo|hiker-gen4|\n|teamsize|p1|6\n|teamsize|p2|6\n|gen|9\n|tier|[Gen 9] National Dex Doubles\n|rule|HP Percentage Mod: HP is shown in percentages\n|rule|Endless Battle Clause: Forcing endless battles is banned\n|rule|OHKO Clause: OHKO moves are banned\n|rule|Evasion Moves Clause: Evasion moves are banned\n|rule|Evasion Abilities Clause: Evasion abilities are banned\n|rule|Species Clause: Limit one of each Pok\u00e9mon\n|rule|Gravity Sleep Clause: The combination of sleep-inducing moves with imperfect accuracy and Gravity or Gigantamax Orbeetle are banned\n|clearpoke\n|poke|p1|Iron Valiant|\n|poke|p1|Scizor, M|\n|poke|p1|Serperior, F|\n|poke|p1|Ceruledge, M|\n|poke|p1|Gardevoir, F|\n|poke|p1|Swampert, F|\n|poke|p2|Dondozo, M|\n|poke|p2|Lucario, M|\n|poke|p2|Whimsicott, F|\n|poke|p2|Maushold-Four|\n|poke|p2|Cinderace, F|\n|poke|p2|Rillaboom, M|\n|teampreview\n|inactive|Battle timer is ON: inactive players will automatically lose when time's up. (requested by Vicenteriffo)\n|\n|t:|1697734236\n|start\n|switch|p1a: Fresita|Swampert, F, shiny|100\/100\n|switch|p1b: Meka-Nick|Iron Valiant, shiny|100\/100\n|switch|p2a: Lucario|Lucario, M|100\/100\n|switch|p2b: Whimsicott|Whimsicott, F|100\/100\n|-enditem|p1b: Meka-Nick|Booster Energy\n|-activate|p1b: Meka-Nick|ability: Quark Drive|[fromitem]\n|-start|p1b: Meka-Nick|quarkdrivespe\n|turn|1\n|\n|t:|1697734255\n|move|p1b: Meka-Nick|Drain Punch|p2a: Lucario\n|-supereffective|p2a: Lucario\n|-damage|p2a: Lucario|0 fnt\n|faint|p2a: Lucario\n|move|p2b: Whimsicott|Beat Up|p2: Lucario|[notarget]\n|-fail|p2b: Whimsicott\n|move|p1a: Fresita|Ice Beam|p2b: Whimsicott\n|-supereffective|p2b: Whimsicott\n|-damage|p2b: Whimsicott|53\/100\n|\n|-heal|p2b: Whimsicott|59\/100|[from] item: Leftovers\n|upkeep\n|\n|t:|1697734268\n|switch|p2a: Pablo|Dondozo, M, shiny|100\/100\n|turn|2\n|\n|t:|1697734291\n|move|p1b: Meka-Nick|Ice Punch|p2b: Whimsicott\n|-supereffective|p2b: Whimsicott\n|-damage|p2b: Whimsicott|0 fnt\n|faint|p2b: Whimsicott\n|move|p1a: Fresita|Ice Beam|p2a: Pablo\n|-resisted|p2a: Pablo\n|-damage|p2a: Pablo|92\/100\n|-status|p2a: Pablo|frz\n|cant|p2a: Pablo|frz\n|\n|-heal|p2a: Pablo|99\/100 frz|[from] item: Leftovers\n|upkeep\n|inactive|Vicenteriffo has 270 seconds left.\n|\n|t:|1697734307\n|switch|p2b: Maushold|Maushold-Four|100\/100\n|turn|3\n|\n|t:|1697734318\n|move|p1b: Meka-Nick|Drain Punch|p2b: Maushold\n|-supereffective|p2b: Maushold\n|-damage|p2b: Maushold|0 fnt\n|faint|p2b: Maushold\n|move|p1a: Fresita|Ice Beam|p2a: Pablo\n|-resisted|p2a: Pablo\n|-damage|p2a: Pablo|89\/100 frz\n|cant|p2a: Pablo|frz\n|\n|-heal|p2a: Pablo|96\/100 frz|[from] item: Leftovers\n|upkeep\n|inactive|Vicenteriffo has 270 seconds left.\n|\n|t:|1697734341\n|switch|p2b: Jos\u00e9|Cinderace, F, shiny|100\/100\n|turn|4\n|\n|t:|1697734354\n|move|p1b: Meka-Nick|Drain Punch|p2b: Jos\u00e9\n|-damage|p2b: Jos\u00e9|44\/100\n|move|p2b: Jos\u00e9|Pyro Ball|p1b: Meka-Nick\n|-damage|p1b: Meka-Nick|14\/100\n|move|p1a: Fresita|Earthquake|p2a: Pablo|[spread] p1b,p2a,p2b\n|-supereffective|p2b: Jos\u00e9\n|-damage|p1b: Meka-Nick|0 fnt\n|-damage|p2a: Pablo|80\/100 frz\n|-damage|p2b: Jos\u00e9|0 fnt\n|faint|p1b: Meka-Nick\n|-end|p1b: Meka-Nick|Quark Drive|[silent]\n|faint|p2b: Jos\u00e9\n|cant|p2a: Pablo|frz\n|\n|-heal|p2a: Pablo|87\/100 frz|[from] item: Leftovers\n|upkeep\n|\n|t:|1697734380\n|switch|p1b: Snake|Serperior, F, shiny|100\/100\n|switch|p2b: Rillaboom|Rillaboom, M|100\/100\n|-fieldstart|move: Grassy Terrain|[from] ability: Grassy Surge|[of] p2b: Rillaboom\n|turn|5\n|\n|t:|1697734393\n|move|p2b: Rillaboom|Fake Out|p1b: Snake\n|-damage|p1b: Snake|85\/100\n|cant|p1b: Snake|flinch\n|move|p1a: Fresita|Ice Beam|p2b: Rillaboom\n|-supereffective|p2b: Rillaboom\n|-damage|p2b: Rillaboom|62\/100\n|-status|p2b: Rillaboom|frz\n|cant|p2a: Pablo|frz\n|\n|-heal|p1b: Snake|91\/100|[from] Grassy Terrain\n|-heal|p2b: Rillaboom|68\/100 frz|[from] Grassy Terrain\n|-heal|p2b: Rillaboom|74\/100 frz|[from] item: Leftovers\n|-heal|p2a: Pablo|93\/100 frz|[from] Grassy Terrain\n|-heal|p2a: Pablo|99\/100 frz|[from] item: Leftovers\n|upkeep\n|turn|6\n|inactive|Vicenteriffo has 270 seconds left.\n|\n|t:|1697734424\n|switch|p1a: Choro-Y|Scizor, M, shiny|100\/100\n|move|p1b: Snake|Leaf Storm|p2a: Pablo\n|-supereffective|p2a: Pablo\n|-damage|p2a: Pablo|0 fnt\n|-boost|p1b: Snake|spa|2\n|faint|p2a: Pablo\n|cant|p2b: Rillaboom|frz\n|\n|-heal|p1b: Snake|97\/100|[from] Grassy Terrain\n|-heal|p2b: Rillaboom|80\/100 frz|[from] Grassy Terrain\n|-heal|p2b: Rillaboom|87\/100 frz|[from] item: Leftovers\n|upkeep\n|turn|7\n|inactive|Vicenteriffo has 270 seconds left.\n|inactive|Nickalip has 270 seconds left.\n|\n|t:|1697734472\n|switch|p1b: K\u0101v|Ceruledge, M|100\/100\n|cant|p2b: Rillaboom|frz\n|move|p1a: Choro-Y|Swords Dance|p1a: Choro-Y\n|-boost|p1a: Choro-Y|atk|2\n|\n|-heal|p2b: Rillaboom|93\/100 frz|[from] Grassy Terrain\n|-heal|p2b: Rillaboom|99\/100 frz|[from] item: Leftovers\n|upkeep\n|turn|8\n|inactive|Nickalip has 270 seconds left.\n|\n|t:|1697734508\n|cant|p2b: Rillaboom|frz\n|move|p1b: K\u0101v|Reflect|p1b: K\u0101v\n|-sidestart|p1: Nickalip|Reflect\n|move|p1a: Choro-Y|Swords Dance|p1a: Choro-Y\n|-boost|p1a: Choro-Y|atk|2\n|\n|-heal|p2b: Rillaboom|100\/100 frz|[from] Grassy Terrain\n|upkeep\n|turn|9\n|\n|t:|1697734526\n|switch|p1b: Himiko|Gardevoir, F, shiny|100\/100\n|-ability|p1b: Himiko|Grassy Surge|[from] ability: Trace|[of] p2b: Rillaboom\n|cant|p2b: Rillaboom|frz\n|move|p1a: Choro-Y|Swords Dance|p1a: Choro-Y\n|-boost|p1a: Choro-Y|atk|2\n|\n|-fieldend|move: Grassy Terrain\n|upkeep\n|turn|10\n|inactive|Nickalip has 270 seconds left.\n|\n|t:|1697734542\n|switch|p1b: K\u0101v|Ceruledge, M|100\/100\n|cant|p2b: Rillaboom|frz\n|move|p1a: Choro-Y|Swords Dance|p1a: Choro-Y\n|-boost|p1a: Choro-Y|atk|0\n|\n|upkeep\n|turn|11\n|\n|t:|1697734558\n|switch|p1b: Himiko|Gardevoir, F, shiny|100\/100\n|-fieldstart|move: Grassy Terrain|[from] ability: Grassy Surge|[of] p1b: Himiko\n|-ability|p1b: Himiko|Grassy Surge|[from] ability: Trace|[of] p2b: Rillaboom\n|-curestatus|p2b: Rillaboom|frz|[msg]\n|move|p2b: Rillaboom|Knock Off|p1b: Himiko\n|-damage|p1b: Himiko|73\/100\n|move|p1a: Choro-Y|U-turn|p2b: Rillaboom\n|-supereffective|p2b: Rillaboom\n|-damage|p2b: Rillaboom|0 fnt\n|faint|p2b: Rillaboom\n|\n|win|Nickalip\n","uploadtime":1697734574,"views":11,"p1id":"nickalip","p2id":"vicenteriffo","formatid":"gen9nationaldexdoubles","rating":0,"private":0,"password":""}