{"id":"gen9nationaldexdoubles-1949285527","p1":"WOOOPY","p2":"BransonCB_035","format":"[Gen 9] National Dex Doubles","log":"|j|\u2606WOOOPY\n|j|\u2606BransonCB_035\n|t:|1695343337\n|gametype|doubles\n|player|p1|WOOOPY|pokemaniac|1040\n|player|p2|BransonCB_035|gambler|1205\n|teamsize|p1|6\n|teamsize|p2|6\n|gen|9\n|tier|[Gen 9] National Dex Doubles\n|rated|\n|rule|HP Percentage Mod: HP is shown in percentages\n|rule|Endless Battle Clause: Forcing endless battles is banned\n|rule|OHKO Clause: OHKO moves are banned\n|rule|Evasion Moves Clause: Evasion moves are banned\n|rule|Evasion Abilities Clause: Evasion abilities are banned\n|rule|Species Clause: Limit one of each Pok\u00e9mon\n|rule|Gravity Sleep Clause: The combination of sleep-inducing moves with imperfect accuracy and Gravity or Gigantamax Orbeetle are banned\n|clearpoke\n|poke|p1|Cresselia, F|\n|poke|p1|Slaking, F|\n|poke|p1|Ceruledge, F|\n|poke|p1|Chi-Yu|\n|poke|p1|Flutter Mane|\n|poke|p1|Iron Bundle|\n|poke|p2|Cresselia, F|\n|poke|p2|Abomasnow, M|\n|poke|p2|Enamorus-Therian, F|\n|poke|p2|Ursaluna, M|\n|poke|p2|Torkoal, F|\n|poke|p2|Oranguru, M|\n|teampreview\n|\n|t:|1695343345\n|start\n|switch|p1a: Cresselia|Cresselia, F, shiny|100\/100\n|switch|p1b: Slaking|Slaking, F, shiny|100\/100\n|switch|p2a: Cresselia|Cresselia, F|100\/100\n|switch|p2b: Ursaluna|Ursaluna, M, shiny|100\/100\n|turn|1\n|\n|t:|1695343371\n|move|p2a: Cresselia|Ally Switch|p2a: Cresselia\n|swap|p2a: Cresselia|1|[from] move: Ally Switch\n|move|p1b: Slaking|Body Press|p2b: Cresselia\n|-resisted|p2b: Cresselia\n|-damage|p2b: Cresselia|93\/100\n|-damage|p1b: Slaking|84\/100|[from] item: Rocky Helmet|[of] p2b: Cresselia\n|move|p1a: Cresselia|Skill Swap|p1b: Slaking\n|-activate|p1a: Cresselia|move: Skill Swap|||[of] p1b: Slaking\n|move|p2a: Ursaluna|Swords Dance|p2a: Ursaluna\n|-boost|p2a: Ursaluna|atk|2\n|\n|-status|p2a: Ursaluna|brn|[from] item: Flame Orb\n|upkeep\n|turn|2\n|\n|t:|1695343404\n|move|p2a: Ursaluna|Protect|p2a: Ursaluna\n|-singleturn|p2a: Ursaluna|Protect\n|move|p1b: Slaking|Body Slam|p2b: Cresselia\n|-damage|p2b: Cresselia|68\/100\n|-status|p2b: Cresselia|par\n|-damage|p1b: Slaking|67\/100|[from] item: Rocky Helmet|[of] p2b: Cresselia\n|cant|p1a: Cresselia|ability: Truant\n|move|p2b: Cresselia|Trick Room|p2b: Cresselia\n|-fieldstart|move: Trick Room|[of] p2b: Cresselia\n|\n|-damage|p2a: Ursaluna|94\/100 brn|[from] brn\n|upkeep\n|turn|3\n|\n|t:|1695343426\n|cant|p2b: Cresselia|par\n|move|p2a: Ursaluna|Facade|p1b: Slaking\n|-damage|p1b: Slaking|0 fnt\n|faint|p1b: Slaking\n|move|p1a: Cresselia|Skill Swap|p2a: Ursaluna\n|-activate|p1a: Cresselia|move: Skill Swap|Guts|Truant|[of] p2a: Ursaluna\n|\n|-damage|p2a: Ursaluna|88\/100 brn|[from] brn\n|upkeep\n|\n|t:|1695343437\n|switch|p1b: Ceruledge|Ceruledge, F|100\/100\n|turn|4\n|\n|t:|1695343461\n|cant|p2b: Cresselia|par\n|cant|p2a: Ursaluna|ability: Truant\n|move|p1a: Cresselia|Energy Ball|p2a: Ursaluna\n|-supereffective|p2a: Ursaluna\n|-damage|p2a: Ursaluna|61\/100 brn\n|move|p1b: Ceruledge|Bitter Blade|p2b: Cresselia\n|-damage|p2b: Cresselia|40\/100 par\n|-damage|p1b: Ceruledge|84\/100|[from] item: Rocky Helmet|[of] p2b: Cresselia\n|\n|-damage|p2a: Ursaluna|55\/100 brn|[from] brn\n|upkeep\n|turn|5\n|\n|t:|1695343480\n|move|p2b: Cresselia|Lunar Blessing|p2b: Cresselia|[spread] p2a,p2b\n|-heal|p2a: Ursaluna|80\/100 brn\n|-curestatus|p2a: Ursaluna|brn|[msg]\n|-heal|p2b: Cresselia|65\/100 par\n|-curestatus|p2b: Cresselia|par|[msg]\n|move|p2a: Ursaluna|Earthquake|p1a: Cresselia|[spread] p1a,p1b\n|-immune|p2b: Cresselia|[from] ability: Levitate\n|-supereffective|p1b: Ceruledge\n|-damage|p1a: Cresselia|43\/100\n|-damage|p1b: Ceruledge|0 fnt\n|faint|p1b: Ceruledge\n|move|p1a: Cresselia|Energy Ball|p2a: Ursaluna\n|-supereffective|p2a: Ursaluna\n|-damage|p2a: Ursaluna|54\/100\n|\n|-status|p2a: Ursaluna|brn|[from] item: Flame Orb\n|upkeep\n|\n|t:|1695343500\n|switch|p1b: Iron Bundle|Iron Bundle|100\/100\n|-enditem|p1b: Iron Bundle|Booster Energy\n|-activate|p1b: Iron Bundle|ability: Quark Drive|[fromitem]\n|-start|p1b: Iron Bundle|quarkdrivespe\n|turn|6\n|\n|t:|1695343514\n|cant|p2a: Ursaluna|ability: Truant\n|move|p2b: Cresselia|Moonblast|p1b: Iron Bundle\n|-damage|p1b: Iron Bundle|64\/100\n|-unboost|p1b: Iron Bundle|spa|1\n|move|p1a: Cresselia|Energy Ball|p2a: Ursaluna\n|-supereffective|p2a: Ursaluna\n|-damage|p2a: Ursaluna|25\/100 brn\n|move|p1b: Iron Bundle|Ice Beam|p2a: Ursaluna\n|-supereffective|p2a: Ursaluna\n|-crit|p2a: Ursaluna\n|-damage|p2a: Ursaluna|0 fnt\n|faint|p2a: Ursaluna\n|\n|-fieldend|move: Trick Room\n|upkeep\n|\n|t:|1695343529\n|switch|p2a: Abomasnow|Abomasnow, M|100\/100\n|-weather|Snow|[from] ability: Snow Warning|[of] p2a: Abomasnow\n|turn|7\n|\n|t:|1695343545\n|detailschange|p2a: Abomasnow|Abomasnow-Mega, M\n|-mega|p2a: Abomasnow|Abomasnow|Abomasite\n|move|p1b: Iron Bundle|Blizzard|p2b: Cresselia|[spread] p2a,p2b\n|-damage|p2a: Abomasnow|78\/100\n|-damage|p2b: Cresselia|51\/100\n|-status|p2b: Cresselia|frz\n|move|p1a: Cresselia|Light Screen|p1a: Cresselia\n|-sidestart|p1: WOOOPY|move: Light Screen\n|move|p2a: Abomasnow|Aurora Veil|p2a: Abomasnow\n|-sidestart|p2: BransonCB_035|move: Aurora Veil\n|-curestatus|p2b: Cresselia|frz|[msg]\n|move|p2b: Cresselia|Trick Room|p2b: Cresselia\n|-fieldstart|move: Trick Room|[of] p2b: Cresselia\n|\n|-weather|Snow|[upkeep]\n|upkeep\n|turn|8\n|\n|t:|1695343578\n|move|p2a: Abomasnow|Grass Knot|p1a: Cresselia\n|-damage|p1a: Cresselia|25\/100\n|-enditem|p1a: Cresselia|Aguav Berry|[eat]\n|-heal|p1a: Cresselia|58\/100|[from] item: Aguav Berry\n|move|p2b: Cresselia|Moonblast|p1a: Cresselia\n|-damage|p1a: Cresselia|50\/100\n|move|p1a: Cresselia|Dazzling Gleam|p2b: Cresselia|[spread] p2a,p2b\n|-damage|p2a: Abomasnow|73\/100\n|-damage|p2b: Cresselia|47\/100\n|move|p1b: Iron Bundle|Blizzard|p2b: Cresselia|[spread] p2a,p2b\n|-crit|p2b: Cresselia\n|-damage|p2a: Abomasnow|59\/100\n|-damage|p2b: Cresselia|13\/100\n|\n|-weather|Snow|[upkeep]\n|upkeep\n|turn|9\n|\n|t:|1695343598\n|move|p2a: Abomasnow|Blizzard|p1a: Cresselia|[spread] p1a,p1b\n|-resisted|p1b: Iron Bundle\n|-damage|p1a: Cresselia|33\/100\n|-damage|p1b: Iron Bundle|49\/100\n|move|p2b: Cresselia|Lunar Blessing|p2b: Cresselia|[spread] p2a,p2b\n|-heal|p2a: Abomasnow|84\/100\n|-heal|p2b: Cresselia|38\/100\n|move|p1a: Cresselia|Dazzling Gleam|p2b: Cresselia|[spread] p2a,p2b\n|-damage|p2a: Abomasnow|78\/100\n|-damage|p2b: Cresselia|34\/100\n|move|p1b: Iron Bundle|Blizzard|p2b: Cresselia|[spread] p2a,p2b\n|-damage|p2a: Abomasnow|63\/100\n|-damage|p2b: Cresselia|23\/100\n|\n|-weather|Snow|[upkeep]\n|upkeep\n|turn|10\n|\n|t:|1695343621\n|move|p2a: Abomasnow|Blizzard|p1b: Iron Bundle|[spread] p1a,p1b\n|-resisted|p1b: Iron Bundle\n|-damage|p1a: Cresselia|15\/100\n|-damage|p1b: Iron Bundle|35\/100\n|move|p2b: Cresselia|Lunar Blessing|p2b: Cresselia|[spread] p2a,p2b\n|-heal|p2a: Abomasnow|88\/100\n|-heal|p2b: Cresselia|48\/100\n|move|p1a: Cresselia|Dazzling Gleam|p2a: Abomasnow|[spread] p2a,p2b\n|-damage|p2a: Abomasnow|83\/100\n|-damage|p2b: Cresselia|45\/100\n|move|p1b: Iron Bundle|Blizzard|p2a: Abomasnow|[spread] p2a,p2b\n|-damage|p2a: Abomasnow|68\/100\n|-damage|p2b: Cresselia|35\/100\n|\n|-weather|Snow|[upkeep]\n|upkeep\n|turn|11\n|\n|t:|1695343660\n|move|p2a: Abomasnow|Blizzard|p1a: Cresselia|[spread] p1a,p1b\n|-crit|p1a: Cresselia\n|-resisted|p1b: Iron Bundle\n|-damage|p1a: Cresselia|0 fnt\n|-damage|p1b: Iron Bundle|21\/100\n|faint|p1a: Cresselia\n|move|p2b: Cresselia|Lunar Blessing|p2b: Cresselia|[spread] p2a,p2b\n|-heal|p2a: Abomasnow|93\/100\n|-heal|p2b: Cresselia|60\/100\n|move|p1b: Iron Bundle|Acrobatics|p2a: Abomasnow\n|-supereffective|p2a: Abomasnow\n|-damage|p2a: Abomasnow|78\/100\n|\n|-weather|none\n|-sideend|p1: WOOOPY|move: Light Screen\n|-sideend|p2: BransonCB_035|move: Aurora Veil\n|-fieldend|move: Trick Room\n|upkeep\n|\n|t:|1695343675\n|switch|p1a: Chi-Yu|Chi-Yu|100\/100\n|-ability|p1a: Chi-Yu|Beads of Ruin\n|turn|12\n|\n|t:|1695343698\n|move|p1b: Iron Bundle|Ice Beam|p2b: Cresselia\n|-damage|p2b: Cresselia|37\/100\n|move|p1a: Chi-Yu|Ruination|p2b: Cresselia|[miss]\n|-miss|p1a: Chi-Yu|p2b: Cresselia\n|move|p2a: Abomasnow|Aurora Veil||[still]\n|-fail|p2a: Abomasnow\n|move|p2b: Cresselia|Trick Room|p2b: Cresselia\n|-fieldstart|move: Trick Room|[of] p2b: Cresselia\n|\n|upkeep\n|turn|13\n|\n|t:|1695343716\n|move|p2a: Abomasnow|Earth Power|p1a: Chi-Yu\n|-supereffective|p1a: Chi-Yu\n|-damage|p1a: Chi-Yu|41\/100\n|move|p2b: Cresselia|Moonblast|p1a: Chi-Yu\n|-damage|p1a: Chi-Yu|23\/100\n|move|p1a: Chi-Yu|Fire Blast|p2b: Cresselia\n|-damage|p2b: Cresselia|4\/100\n|-status|p2b: Cresselia|brn\n|move|p1b: Iron Bundle|Acrobatics|p2a: Abomasnow\n|-supereffective|p2a: Abomasnow\n|-damage|p2a: Abomasnow|42\/100\n|\n|-damage|p2b: Cresselia|0 fnt|[from] brn\n|faint|p2b: Cresselia\n|upkeep\n|\n|t:|1695343731\n|switch|p2b: Oranguru|Oranguru, M|100\/100\n|turn|14\n|\n|t:|1695343740\n|move|p2a: Abomasnow|Earth Power|p1a: Chi-Yu\n|-supereffective|p1a: Chi-Yu\n|-damage|p1a: Chi-Yu|0 fnt\n|faint|p1a: Chi-Yu\n|move|p2b: Oranguru|Instruct|p2a: Abomasnow\n|-singleturn|p2a: Abomasnow|move: Instruct|[of] p2b: Oranguru\n|move|p2a: Abomasnow|Earth Power|p1b: Iron Bundle\n|-damage|p1b: Iron Bundle|0 fnt\n|faint|p1b: Iron Bundle\n|-end|p1b: Iron Bundle|Quark Drive|[silent]\n|\n|upkeep\n|\n|t:|1695343758\n|switch|p1a: Flutter Mane|Flutter Mane|100\/100\n|-enditem|p1a: Flutter Mane|Booster Energy\n|-activate|p1a: Flutter Mane|ability: Protosynthesis|[fromitem]\n|-start|p1a: Flutter Mane|protosynthesisspe\n|turn|15\n|\n|t:|1695343772\n|move|p2a: Abomasnow|Blizzard|p1a: Flutter Mane|[miss]\n|-miss|p2a: Abomasnow|p1a: Flutter Mane\n|move|p2b: Oranguru|Instruct|p2a: Abomasnow\n|-singleturn|p2a: Abomasnow|move: Instruct|[of] p2b: Oranguru\n|move|p2a: Abomasnow|Blizzard|p1a: Flutter Mane|[miss]\n|-miss|p2a: Abomasnow|p1a: Flutter Mane\n|move|p1a: Flutter Mane|Hyper Voice|p2a: Abomasnow|[spread] p2a,p2b\n|-crit|p2a: Abomasnow\n|-damage|p2a: Abomasnow|12\/100\n|-damage|p2b: Oranguru|85\/100\n|\n|-heal|p2b: Oranguru|91\/100|[from] item: Leftovers\n|upkeep\n|turn|16\n|\n|t:|1695343788\n|-terastallize|p1a: Flutter Mane|Ghost\n|move|p2a: Abomasnow|Blizzard|p1a: Flutter Mane\n|-crit|p1a: Flutter Mane\n|-damage|p1a: Flutter Mane|4\/100\n|move|p2b: Oranguru|Instruct|p2a: Abomasnow\n|-singleturn|p2a: Abomasnow|move: Instruct|[of] p2b: Oranguru\n|move|p2a: Abomasnow|Blizzard|p1a: Flutter Mane\n|-damage|p1a: Flutter Mane|0 fnt\n|faint|p1a: Flutter Mane\n|-end|p1a: Flutter Mane|Protosynthesis|[silent]\n|\n|win|BransonCB_035\n|raw|WOOOPY's rating: 1040 &rarr; <strong>1031<\/strong><br \/>(-9 for losing)\n|raw|BransonCB_035's rating: 1205 &rarr; <strong>1219<\/strong><br \/>(+14 for winning)\n|c|\u2606BransonCB_035|gg\n","uploadtime":1695343802,"views":14,"p1id":"wooopy","p2id":"bransoncb035","formatid":"gen9nationaldexdoubles","rating":1031,"private":0,"password":""}