{"id":"gen9nationaldexdoubles-1976515167","p1":"Portguitas","p2":"Asumi95","format":"[Gen 9] National Dex Doubles","log":"|j|\u2606Portguitas\n|j|\u2606Asumi95\n|t:|1698315803\n|gametype|doubles\n|player|p1|Portguitas|ethan|\n|player|p2|Asumi95|flannery|\n|teamsize|p1|6\n|teamsize|p2|6\n|gen|9\n|tier|[Gen 9] National Dex Doubles\n|rule|HP Percentage Mod: HP is shown in percentages\n|rule|Endless Battle Clause: Forcing endless battles is banned\n|rule|OHKO Clause: OHKO moves are banned\n|rule|Evasion Moves Clause: Evasion moves are banned\n|rule|Evasion Abilities Clause: Evasion abilities are banned\n|rule|Species Clause: Limit one of each Pok\u00e9mon\n|rule|Gravity Sleep Clause: The combination of sleep-inducing moves with imperfect accuracy and Gravity or Gigantamax Orbeetle are banned\n|clearpoke\n|poke|p1|Typhlosion-Hisui, M|\n|poke|p1|Gliscor, M|\n|poke|p1|Murkrow, F|\n|poke|p1|Incineroar, F|\n|poke|p1|Flutter Mane|\n|poke|p1|Roaring Moon|\n|poke|p2|Murkrow, M|\n|poke|p2|Sinistcha|\n|poke|p2|Chi-Yu|\n|poke|p2|Rotom-Wash|\n|poke|p2|Kingambit, F|\n|poke|p2|Chien-Pao|\n|teampreview\n|\n|t:|1698315834\n|start\n|switch|p1a: Ace|Typhlosion-Hisui, M, shiny|100\/100\n|switch|p1b: AsumiNews|Murkrow, F|100\/100\n|switch|p2a: Hielopahoe|Chien-Pao|100\/100\n|switch|p2b: Mulan|Kingambit, F|100\/100\n|-ability|p2a: Hielopahoe|Sword of Ruin\n|turn|1\n|\n|t:|1698315864\n|-terastallize|p2b: Mulan|Fairy\n|move|p2a: Hielopahoe|Protect|p2a: Hielopahoe\n|-singleturn|p2a: Hielopahoe|Protect\n|move|p1a: Ace|Detect|p1a: Ace\n|-singleturn|p1a: Ace|Protect\n|move|p1b: AsumiNews|Sunny Day|p1b: AsumiNews\n|-weather|SunnyDay\n|move|p2b: Mulan|Sucker Punch||[still]\n|-fail|p2b: Mulan\n|\n|-weather|SunnyDay|[upkeep]\n|upkeep\n|turn|2\n|\n|t:|1698315880\n|-terastallize|p1a: Ace|Water\n|move|p2a: Hielopahoe|Sucker Punch|p1a: Ace\n|-damage|p1a: Ace|35\/100\n|move|p1b: AsumiNews|Tailwind|p1b: AsumiNews\n|-sidestart|p1: Portguitas|move: Tailwind\n|move|p2b: Mulan|Sucker Punch|p1a: Ace\n|-crit|p1a: Ace\n|-damage|p1a: Ace|0 fnt\n|faint|p1a: Ace\n|\n|-weather|SunnyDay|[upkeep]\n|upkeep\n|\n|t:|1698315895\n|switch|p1a: Scorpio|Gliscor, M|100\/100\n|turn|3\n|\n|t:|1698315945\n|switch|p1b: Tsuki|Roaring Moon, shiny|100\/100\n|-activate|p1b: Tsuki|ability: Protosynthesis\n|-start|p1b: Tsuki|protosynthesisatk\n|switch|p2b: DixanPlus|Rotom-Wash, shiny|100\/100\n|move|p1a: Scorpio|Earthquake|p2b: DixanPlus|[spread] p1b,p2a\n|-immune|p2b: DixanPlus|[from] ability: Levitate\n|-damage|p1b: Tsuki|55\/100\n|-damage|p2a: Hielopahoe|64\/100\n|move|p2a: Hielopahoe|Ice Spinner|p1b: Tsuki\n|-supereffective|p1b: Tsuki\n|-damage|p1b: Tsuki|0 fnt\n|faint|p1b: Tsuki\n|-end|p1b: Tsuki|Protosynthesis|[silent]\n|\n|-weather|SunnyDay|[upkeep]\n|upkeep\n|\n|t:|1698315978\n|switch|p1b: AsumiNews|Murkrow, F|100\/100\n|turn|4\n|\n|t:|1698316015\n|move|p2a: Hielopahoe|Protect|p2a: Hielopahoe\n|-singleturn|p2a: Hielopahoe|Protect\n|move|p1b: AsumiNews|Haze|p1b: AsumiNews\n|-clearallboost\n|move|p1a: Scorpio|Knock Off|p2b: DixanPlus\n|-damage|p2b: DixanPlus|77\/100\n|move|p2b: DixanPlus|Will-O-Wisp|p1a: Scorpio\n|-status|p1a: Scorpio|brn\n|\n|-weather|SunnyDay|[upkeep]\n|-damage|p1a: Scorpio|94\/100 brn|[from] brn\n|upkeep\n|turn|5\n|\n|t:|1698316043\n|move|p1b: AsumiNews|Tailwind||[still]\n|-fail|p1b: AsumiNews\n|move|p1a: Scorpio|Knock Off|p2a: Hielopahoe\n|-resisted|p2a: Hielopahoe\n|-damage|p2a: Hielopahoe|59\/100\n|move|p2a: Hielopahoe|Ice Spinner|p1a: Scorpio\n|-supereffective|p1a: Scorpio\n|-damage|p1a: Scorpio|0 fnt\n|faint|p1a: Scorpio\n|move|p2b: DixanPlus|Thunderbolt|p1b: AsumiNews\n|-supereffective|p1b: AsumiNews\n|-damage|p1b: AsumiNews|0 fnt\n|faint|p1b: AsumiNews\n|\n|-weather|none\n|-sideend|p1: Portguitas|move: Tailwind\n|upkeep\n|-message|Portguitas forfeited.\n|\n|win|Asumi95\n|l|\u2606Portguitas\n","uploadtime":1698316078,"views":19,"p1id":"portguitas","p2id":"asumi95","formatid":"gen9nationaldexdoubles","rating":0,"private":0,"password":""}