{"id":"gen9nationaldexdoubles-1985254965","p1":"seanthsheep","p2":"psng","format":"[Gen 9] National Dex Doubles","log":"|j|\u2606seanthsheep\n|j|\u2606psng\n|t:|1699356024\n|gametype|doubles\n|player|p1|seanthsheep|bugsy|1151\n|player|p2|psng|wallace|1179\n|teamsize|p1|6\n|teamsize|p2|6\n|gen|9\n|tier|[Gen 9] National Dex Doubles\n|rated|\n|rule|HP Percentage Mod: HP is shown in percentages\n|rule|Endless Battle Clause: Forcing endless battles is banned\n|rule|OHKO Clause: OHKO moves are banned\n|rule|Evasion Moves Clause: Evasion moves are banned\n|rule|Evasion Abilities Clause: Evasion abilities are banned\n|rule|Species Clause: Limit one of each Pok\u00e9mon\n|rule|Gravity Sleep Clause: The combination of sleep-inducing moves with imperfect accuracy and Gravity or Gigantamax Orbeetle are banned\n|clearpoke\n|poke|p1|Mudsdale, M|\n|poke|p1|Hatterene, F|\n|poke|p1|Samurott-Hisui, F|\n|poke|p1|Ursaluna, F|\n|poke|p1|Arcanine-Hisui, F|\n|poke|p1|Sinistcha-Masterpiece|\n|poke|p2|Chien-Pao|\n|poke|p2|Zapdos|\n|poke|p2|Pelipper, M|\n|poke|p2|Swampert, F|\n|poke|p2|Klefki, F|\n|poke|p2|Sinistcha|\n|teampreview\n|inactive|Battle timer is ON: inactive players will automatically lose when time's up. (requested by psng)\n|j| wkx6v587\n|\n|t:|1699356048\n|start\n|switch|p1a: Hatterene|Hatterene, F, shiny|100\/100\n|switch|p1b: Samurott|Samurott-Hisui, F, shiny|100\/100\n|switch|p2a: Klefki|Klefki, F, shiny|100\/100\n|switch|p2b: Pelipper|Pelipper, M, shiny|100\/100\n|-weather|RainDance|[from] ability: Drizzle|[of] p2b: Pelipper\n|turn|1\n|l| wkx6v587\n|\n|t:|1699356070\n|switch|p2b: Zapdos|Zapdos, shiny|100\/100\n|move|p1b: Samurott|Knock Off|p2a: Klefki\n|-resisted|p2a: Klefki\n|-damage|p2a: Klefki|75\/100\n|-enditem|p2a: Klefki|Light Clay|[from] move: Knock Off|[of] p1b: Samurott\n|move|p2a: Klefki|Steel Beam|p1a: Hatterene\n|-supereffective|p1a: Hatterene\n|-damage|p1a: Hatterene|0 fnt\n|-damage|p2a: Klefki|25\/100|[from] steelbeam\n|faint|p1a: Hatterene\n|\n|-weather|RainDance|[upkeep]\n|upkeep\n|\n|t:|1699356084\n|switch|p1a: Mudsdale|Mudsdale, M, shiny|100\/100\n|turn|2\n|\n|t:|1699356091\n|move|p2a: Klefki|Reflect|p2a: Klefki\n|-sidestart|p2: psng|Reflect\n|move|p1b: Samurott|Ceaseless Edge|p2b: Zapdos\n|-damage|p2b: Zapdos|79\/100\n|-damage|p1b: Samurott|84\/100|[from] item: Rocky Helmet|[of] p2b: Zapdos\n|-sidestart|p2: psng|Spikes\n|move|p2b: Zapdos|Thunder|p1b: Samurott\n|-supereffective|p1b: Samurott\n|-damage|p1b: Samurott|0 fnt\n|faint|p1b: Samurott\n|move|p1a: Mudsdale|Rock Slide|p2a: Klefki|[spread] p2a,p2b\n|-resisted|p2a: Klefki\n|-crit|p2a: Klefki\n|-supereffective|p2b: Zapdos\n|-damage|p2a: Klefki|8\/100\n|-damage|p2b: Zapdos|58\/100\n|\n|-weather|RainDance|[upkeep]\n|upkeep\n|\n|t:|1699356106\n|switch|p1b: Ursaluna|Ursaluna, F|100\/100\n|turn|3\n|\n|t:|1699356117\n|move|p1b: Ursaluna|Protect|p1b: Ursaluna\n|-singleturn|p1b: Ursaluna|Protect\n|move|p2a: Klefki|Light Screen|p2a: Klefki\n|-sidestart|p2: psng|move: Light Screen\n|move|p2b: Zapdos|Tailwind|p2b: Zapdos\n|-sidestart|p2: psng|move: Tailwind\n|move|p1a: Mudsdale|Rock Slide|p2a: Klefki|[spread] p2a,p2b\n|-resisted|p2a: Klefki\n|-supereffective|p2b: Zapdos\n|-damage|p2a: Klefki|1\/100\n|-damage|p2b: Zapdos|38\/100\n|\n|-weather|RainDance|[upkeep]\n|-status|p1b: Ursaluna|brn|[from] item: Flame Orb\n|upkeep\n|turn|4\n|\n|t:|1699356135\n|-terastallize|p1b: Ursaluna|Normal\n|move|p2b: Zapdos|Roost|p2b: Zapdos\n|-heal|p2b: Zapdos|88\/100\n|-singleturn|p2b: Zapdos|move: Roost\n|move|p2a: Klefki|Dazzling Gleam|p1b: Ursaluna|[spread] p1a,p1b\n|-damage|p1a: Mudsdale|85\/100\n|-damage|p1b: Ursaluna|78\/100 brn\n|-ability|p1a: Mudsdale|Stamina|boost\n|-boost|p1a: Mudsdale|def|1\n|move|p1b: Ursaluna|Facade|p2b: Zapdos\n|-damage|p2b: Zapdos|5\/100\n|-damage|p1b: Ursaluna|61\/100 brn|[from] item: Rocky Helmet|[of] p2b: Zapdos\n|move|p1a: Mudsdale|Rock Slide|p2a: Klefki|[spread] p2a,p2b\n|-resisted|p2a: Klefki\n|-damage|p2a: Klefki|0 fnt\n|-damage|p2b: Zapdos|0 fnt\n|faint|p2a: Klefki\n|faint|p2b: Zapdos\n|\n|-weather|RainDance|[upkeep]\n|-damage|p1b: Ursaluna|55\/100 brn|[from] brn\n|upkeep\n|\n|t:|1699356158\n|switch|p2b: Swampert|Swampert, F, shiny|100\/100\n|switch|p2a: Chien-Pao|Chien-Pao|100\/100\n|-damage|p2a: Chien-Pao|88\/100|[from] Spikes\n|-ability|p2a: Chien-Pao|Sword of Ruin\n|-damage|p2b: Swampert|88\/100|[from] Spikes\n|turn|5\n|\n|t:|1699356171\n|detailschange|p2b: Swampert|Swampert-Mega, F, shiny\n|-mega|p2b: Swampert|Swampert|Swampertite\n|move|p2b: Swampert|Liquidation|p1a: Mudsdale\n|-supereffective|p1a: Mudsdale\n|-damage|p1a: Mudsdale|0 fnt\n|faint|p1a: Mudsdale\n|move|p2a: Chien-Pao|Sacred Sword|p1b: Ursaluna\n|-supereffective|p1b: Ursaluna\n|-crit|p1b: Ursaluna\n|-damage|p1b: Ursaluna|0 fnt\n|faint|p1b: Ursaluna\n|-damage|p2a: Chien-Pao|78\/100|[from] item: Life Orb\n|\n|-weather|none\n|upkeep\n|\n|t:|1699356183\n|switch|p1b: Sinistcha|Sinistcha-Masterpiece|100\/100\n|switch|p1a: Arcanine|Arcanine-Hisui, F|100\/100\n|-ability|p1a: Arcanine|Intimidate|boost\n|-unboost|p2a: Chien-Pao|atk|1\n|-unboost|p2b: Swampert|atk|1\n|turn|6\n|\n|t:|1699356196\n|move|p1a: Arcanine|Extreme Speed|p2a: Chien-Pao\n|-damage|p2a: Chien-Pao|53\/100\n|move|p2a: Chien-Pao|Ice Spinner|p1b: Sinistcha\n|-supereffective|p1b: Sinistcha\n|-damage|p1b: Sinistcha|13\/100\n|-damage|p2a: Chien-Pao|43\/100|[from] item: Life Orb\n|move|p2b: Swampert|Earthquake|p1b: Sinistcha|[spread] p2a,p1a,p1b\n|-supereffective|p1a: Arcanine\n|-resisted|p1b: Sinistcha\n|-damage|p2a: Chien-Pao|16\/100\n|-damage|p1a: Arcanine|0 fnt\n|-damage|p1b: Sinistcha|0 fnt\n|faint|p1a: Arcanine\n|faint|p1b: Sinistcha\n|\n|win|psng\n|raw|seanthsheep's rating: 1151 &rarr; <strong>1128<\/strong><br \/>(-23 for losing)\n|raw|psng's rating: 1179 &rarr; <strong>1202<\/strong><br \/>(+23 for winning)\n|l|\u2606seanthsheep\n","uploadtime":1699356223,"views":7,"p1id":"seanthsheep","p2id":"psng","formatid":"gen9nationaldexdoubles","rating":1128,"private":0,"password":""}