{"id":"gen9nationaldexdoubles-1951377474","p1":"wawa employee","p2":"DragsIThink","format":"[Gen 9] National Dex Doubles","log":"|j|\u2606wawa employee\n|j|\u2606DragsIThink\n|t:|1695577021\n|gametype|doubles\n|player|p1|wawa employee|harlequin|1046\n|player|p2|DragsIThink|roxie|1157\n|teamsize|p1|6\n|teamsize|p2|6\n|gen|9\n|tier|[Gen 9] National Dex Doubles\n|rated|\n|rule|HP Percentage Mod: HP is shown in percentages\n|rule|Endless Battle Clause: Forcing endless battles is banned\n|rule|OHKO Clause: OHKO moves are banned\n|rule|Evasion Moves Clause: Evasion moves are banned\n|rule|Evasion Abilities Clause: Evasion abilities are banned\n|rule|Species Clause: Limit one of each Pok\u00e9mon\n|rule|Gravity Sleep Clause: The combination of sleep-inducing moves with imperfect accuracy and Gravity or Gigantamax Orbeetle are banned\n|clearpoke\n|poke|p1|Dipplin, M|\n|poke|p1|Sinistcha-Masterpiece|\n|poke|p1|Dragapult, M|\n|poke|p1|Basculegion, M|\n|poke|p1|Blissey, F|\n|poke|p1|Zoroark-Hisui, M|\n|poke|p2|Shiftry, F|\n|poke|p2|Tornadus, M|\n|poke|p2|Skeledirge, M|\n|poke|p2|Ogerpon-Wellspring, F|\n|poke|p2|Baxcalibur, F|\n|poke|p2|Ninetales-Alola, M|\n|teampreview\n|inactive|Battle timer is ON: inactive players will automatically lose when time's up. (requested by wawa employee)\n|c|\u2606DragsIThink|glhf\n|c|\u2606wawa employee|you too\n|\n|t:|1695577040\n|start\n|switch|p1a: mc golden apple|Dipplin, M, shiny|100\/100\n|switch|p1b: greeeeeeeen|Sinistcha-Masterpiece, shiny|100\/100\n|switch|p2a: Tornadus|Tornadus, M|100\/100\n|switch|p2b: Oni|Shiftry, F|100\/100\n|-ability|p1a: mc golden apple|Supersweet Syrup\n|-ability|p1a: mc golden apple|Supersweet Syrup|boost\n|-unboost|p2a: Tornadus|evasion|1\n|-unboost|p2b: Oni|evasion|1\n|turn|1\n|inactive|wawa employee has 120 seconds left.\n|\n|t:|1695577074\n|switch|p1b: feesh|Basculegion, M, shiny|100\/100\n|move|p2a: Tornadus|Tailwind|p2a: Tornadus\n|-sidestart|p2: DragsIThink|move: Tailwind\n|-ability|p2b: Oni|Wind Rider|boost\n|-boost|p2b: Oni|atk|1\n|move|p2b: Oni|Knock Off|p1b: feesh\n|-supereffective|p1b: feesh\n|-damage|p1b: feesh|0 fnt\n|-enditem|p1b: feesh|Expert Belt|[from] move: Knock Off|[of] p2b: Oni\n|faint|p1b: feesh\n|-damage|p2b: Oni|91\/100|[from] item: Life Orb\n|move|p1a: mc golden apple|Gyro Ball|p2a: Tornadus\n|-damage|p2a: Tornadus|66\/100\n|\n|upkeep\n|inactive|wawa employee has 120 seconds left.\n|\n|t:|1695577090\n|switch|p1b: greeeeeeeen|Sinistcha-Masterpiece, shiny|100\/100\n|turn|2\n|inactive|wawa employee has 120 seconds left.\n|\n|t:|1695577116\n|move|p2a: Tornadus|Bleakwind Storm|p1b: greeeeeeeen|[spread] p1b\n|-miss|p2a: Tornadus|p1a: mc golden apple\n|-damage|p1b: greeeeeeeen|38\/100\n|replace|p1b: surprise|Zoroark-Hisui, M, shiny\n|-end|p1b: surprise|Illusion\n|move|p2b: Oni|Knock Off|p1b: surprise\n|-supereffective|p1b: surprise\n|-damage|p1b: surprise|0 fnt\n|-enditem|p1b: surprise|Focus Sash|[from] move: Knock Off|[of] p2b: Oni\n|faint|p1b: surprise\n|-damage|p2b: Oni|81\/100|[from] item: Life Orb\n|move|p1a: mc golden apple|Gyro Ball|p2a: Tornadus\n|-damage|p2a: Tornadus|31\/100\n|\n|upkeep\n|\n|t:|1695577131\n|switch|p1b: egg|Blissey, F, shiny|100\/100\n|turn|3\n|inactive|wawa employee has 120 seconds left.\n|\n|t:|1695577143\n|move|p2a: Tornadus|Bleakwind Storm|p1a: mc golden apple|[spread] p1a,p1b\n|-supereffective|p1a: mc golden apple\n|-damage|p1a: mc golden apple|62\/100\n|-damage|p1b: egg|89\/100\n|-unboost|p1a: mc golden apple|spe|1\n|-unboost|p1b: egg|spe|1\n|move|p2b: Oni|Knock Off|p1b: egg\n|-damage|p1b: egg|0 fnt\n|-enditem|p1b: egg|Leftovers|[from] move: Knock Off|[of] p2b: Oni\n|faint|p1b: egg\n|-damage|p2b: Oni|71\/100|[from] item: Life Orb\n|move|p1a: mc golden apple|Gyro Ball|p2a: Tornadus\n|-damage|p2a: Tornadus|0 fnt\n|faint|p2a: Tornadus\n|\n|upkeep\n|inactive|DragsIThink has 120 seconds left.\n|\n|t:|1695577175\n|switch|p2a: Baxcalibur|Baxcalibur, F|100\/100\n|switch|p1b: blackbird bombr|Dragapult, M, shiny|100\/100\n|turn|4\n|\n|t:|1695577191\n|move|p2a: Baxcalibur|Icicle Spear|p1a: mc golden apple\n|-supereffective|p1a: mc golden apple\n|-damage|p1a: mc golden apple|26\/100\n|-supereffective|p1a: mc golden apple\n|-damage|p1a: mc golden apple|0 fnt\n|faint|p1a: mc golden apple\n|-hitcount|p1: mc golden apple|2\n|move|p2b: Oni|Knock Off|p1b: blackbird bombr\n|-supereffective|p1b: blackbird bombr\n|-damage|p1b: blackbird bombr|0 fnt\n|-enditem|p1b: blackbird bombr|Draco Plate|[from] move: Knock Off|[of] p2b: Oni\n|faint|p1b: blackbird bombr\n|-damage|p2b: Oni|61\/100|[from] item: Life Orb\n|\n|-sideend|p2: DragsIThink|move: Tailwind\n|upkeep\n|inactive|wawa employee has 120 seconds left.\n|\n|t:|1695577216\n|switch|p1b: greeeeeeeen|Sinistcha-Masterpiece, shiny|100\/100\n|turn|5\n|c|\u2606wawa employee|man\n|c|\u2606wawa employee|gg\n|c|\u2606DragsIThink|yeah gg\n|inactive|DragsIThink has 120 seconds left.\n|c|\u2606DragsIThink|i think you need more typings in your team\n|\n|t:|1695577257\n|move|p2a: Baxcalibur|Swords Dance|p2a: Baxcalibur\n|-boost|p2a: Baxcalibur|atk|2\n|move|p2b: Oni|Knock Off|p1b: greeeeeeeen\n|-supereffective|p1b: greeeeeeeen\n|-damage|p1b: greeeeeeeen|0 fnt\n|-enditem|p1b: greeeeeeeen|Leftovers|[from] move: Knock Off|[of] p2b: Oni\n|faint|p1b: greeeeeeeen\n|-damage|p2b: Oni|51\/100|[from] item: Life Orb\n|\n|win|DragsIThink\n|raw|wawa employee's rating: 1046 &rarr; <strong>1034<\/strong><br \/>(-12 for losing)\n|raw|DragsIThink's rating: 1157 &rarr; <strong>1174<\/strong><br \/>(+17 for winning)\n|c|\u2606wawa employee|yeah i know\n|c|\u2606DragsIThink|have a good one\n","uploadtime":1695577271,"views":5,"p1id":"wawaemployee","p2id":"dragsithink","formatid":"gen9nationaldexdoubles","rating":1034,"private":0,"password":""}