{"id":"gen9nationaldexdoubles-1978520828","p1":"WillowBi","p2":"Alonso26ca","format":"[Gen 9] National Dex Doubles","log":"|j|\u2606WillowBi\n|j|\u2606Alonso26ca\n|t:|1698549923\n|gametype|doubles\n|player|p1|WillowBi|lady|\n|player|p2|Alonso26ca|n|\n|teamsize|p1|6\n|teamsize|p2|6\n|gen|9\n|tier|[Gen 9] National Dex Doubles\n|rule|HP Percentage Mod: HP is shown in percentages\n|rule|Endless Battle Clause: Forcing endless battles is banned\n|rule|OHKO Clause: OHKO moves are banned\n|rule|Evasion Moves Clause: Evasion moves are banned\n|rule|Evasion Abilities Clause: Evasion abilities are banned\n|rule|Species Clause: Limit one of each Pok\u00e9mon\n|rule|Gravity Sleep Clause: The combination of sleep-inducing moves with imperfect accuracy and Gravity or Gigantamax Orbeetle are banned\n|clearpoke\n|poke|p1|Totodile, F|\n|poke|p1|Scorbunny, F|\n|poke|p1|Riolu, F|\n|poke|p1|Grookey, F|\n|poke|p1|Larvitar, M|\n|poke|p1|Fuecoco, F|\n|poke|p2|Bulbasaur, M|\n|poke|p2|Scorbunny, M|\n|poke|p2|Litten, F|\n|poke|p2|Froakie, M|\n|poke|p2|Riolu, M|\n|poke|p2|Snivy, M|\n|teampreview\n|\n|t:|1698549932\n|start\n|switch|p1a: Riolu|Riolu, F|100\/100\n|switch|p1b: Grookey|Grookey, F|100\/100\n|switch|p2a: Litten|Litten, F|100\/100\n|switch|p2b: Snivy|Snivy, M|100\/100\n|-ability|p2a: Litten|Intimidate|boost\n|-fail|p1a: Riolu|unboost|Attack|[from] ability: Inner Focus|[of] p1a: Riolu\n|-unboost|p1b: Grookey|atk|1\n|-fieldstart|move: Grassy Terrain|[from] ability: Grassy Surge|[of] p1b: Grookey\n|turn|1\n|\n|t:|1698549966\n|move|p1b: Grookey|Protect|p1b: Grookey\n|-singleturn|p1b: Grookey|Protect\n|move|p2a: Litten|Fake Out|p1b: Grookey\n|-activate|p1b: Grookey|move: Protect\n|move|p2b: Snivy|Glare|p1a: Riolu\n|-status|p1a: Riolu|par\n|move|p1a: Riolu|Poison Jab|p2b: Snivy\n|-supereffective|p2b: Snivy\n|-damage|p2b: Snivy|9\/100\n|\n|-heal|p2b: Snivy|15\/100|[from] Grassy Terrain\n|-heal|p2b: Snivy|21\/100|[from] item: Leftovers\n|upkeep\n|turn|2\n|\n|t:|1698549986\n|switch|p1b: Totodile|Totodile, F|100\/100\n|move|p2b: Snivy|Leaf Storm|p1a: Riolu\n|-enditem|p1a: Riolu|Focus Sash\n|-damage|p1a: Riolu|1\/100 par\n|-boost|p2b: Snivy|spa|2\n|move|p2a: Litten|Parting Shot|p1a: Riolu\n|-unboost|p1a: Riolu|atk|1\n|-unboost|p1a: Riolu|spa|1\n|\n|t:|1698549997\n|switch|p2a: Bulbasaur|Bulbasaur, M|100\/100|[from] Parting Shot\n|move|p1a: Riolu|Poison Jab|p2b: Snivy\n|-supereffective|p2b: Snivy\n|-damage|p2b: Snivy|0 fnt\n|faint|p2b: Snivy\n|\n|-heal|p1a: Riolu|7\/100 par|[from] Grassy Terrain\n|upkeep\n|\n|t:|1698550002\n|switch|p2b: Litten|Litten, F|100\/100\n|-ability|p2b: Litten|Intimidate|boost\n|-fail|p1a: Riolu|unboost|Attack|[from] ability: Inner Focus|[of] p1a: Riolu\n|-unboost|p1b: Totodile|atk|1\n|turn|3\n|\n|t:|1698550021\n|switch|p1a: Fuecoco|Fuecoco, F|100\/100\n|move|p2b: Litten|Fake Out|p1a: Fuecoco\n|-damage|p1a: Fuecoco|91\/100\n|move|p1b: Totodile|Aqua Jet|p2b: Litten\n|-supereffective|p2b: Litten\n|-damage|p2b: Litten|61\/100\n|move|p2a: Bulbasaur|Giga Drain|p1b: Totodile\n|-supereffective|p1b: Totodile\n|-damage|p1b: Totodile|35\/100\n|\n|-heal|p2b: Litten|67\/100|[from] Grassy Terrain\n|-heal|p1b: Totodile|41\/100|[from] Grassy Terrain\n|-heal|p1a: Fuecoco|97\/100|[from] Grassy Terrain\n|upkeep\n|turn|4\n|\n|t:|1698550045\n|move|p2b: Litten|Parting Shot|p1a: Fuecoco\n|-unboost|p1a: Fuecoco|atk|1\n|-unboost|p1a: Fuecoco|spa|1\n|\n|t:|1698550059\n|switch|p2b: Scorbunny|Scorbunny, M|100\/100|[from] Parting Shot\n|move|p1b: Totodile|Waterfall|p2b: Scorbunny\n|-supereffective|p2b: Scorbunny\n|-crit|p2b: Scorbunny\n|-damage|p2b: Scorbunny|0 fnt\n|faint|p2b: Scorbunny\n|move|p2a: Bulbasaur|Sleep Powder|p1a: Fuecoco\n|-status|p1a: Fuecoco|slp|[from] move: Sleep Powder\n|cant|p1a: Fuecoco|slp\n|\n|-heal|p1b: Totodile|47\/100|[from] Grassy Terrain\n|-heal|p1a: Fuecoco|100\/100 slp|[from] Grassy Terrain\n|upkeep\n|\n|t:|1698550069\n|switch|p2b: Riolu|Riolu, M|100\/100\n|turn|5\n|\n|t:|1698550108\n|switch|p1b: Grookey|Grookey, F|100\/100\n|move|p2b: Riolu|Swords Dance|p2b: Riolu\n|-boost|p2b: Riolu|atk|2\n|move|p2a: Bulbasaur|Sleep Powder|p1b: Grookey\n|-immune|p1b: Grookey\n|-curestatus|p1a: Fuecoco|slp|[msg]\n|move|p1a: Fuecoco|Flamethrower|p2a: Bulbasaur\n|-supereffective|p2a: Bulbasaur\n|-damage|p2a: Bulbasaur|52\/100\n|\n|-heal|p2a: Bulbasaur|58\/100|[from] Grassy Terrain\n|-heal|p2a: Bulbasaur|64\/100|[from] item: Leftovers\n|-fieldend|move: Grassy Terrain\n|upkeep\n|turn|6\n|\n|t:|1698550130\n|move|p2b: Riolu|Protect|p2b: Riolu\n|-singleturn|p2b: Riolu|Protect\n|move|p1b: Grookey|Drain Punch|p2b: Riolu\n|-activate|p2b: Riolu|move: Protect\n|move|p2a: Bulbasaur|Sleep Powder|p1a: Fuecoco\n|-status|p1a: Fuecoco|slp|[from] move: Sleep Powder\n|cant|p1a: Fuecoco|slp\n|\n|-heal|p2a: Bulbasaur|70\/100|[from] item: Leftovers\n|upkeep\n|turn|7\n|\n|t:|1698550217\n|-terastallize|p2b: Riolu|Fighting\n|move|p2b: Riolu|Close Combat|p1b: Grookey\n|-damage|p1b: Grookey|0 fnt\n|-unboost|p2b: Riolu|def|1\n|-unboost|p2b: Riolu|spd|1\n|faint|p1b: Grookey\n|-damage|p2b: Riolu|91\/100|[from] item: Life Orb\n|move|p2a: Bulbasaur|Leech Seed|p1a: Fuecoco\n|-start|p1a: Fuecoco|move: Leech Seed\n|cant|p1a: Fuecoco|slp\n|\n|-heal|p2a: Bulbasaur|76\/100|[from] item: Leftovers\n|-damage|p1a: Fuecoco|88\/100 slp|[from] Leech Seed|[of] p2a: Bulbasaur\n|-heal|p2a: Bulbasaur|89\/100|[silent]\n|upkeep\n|\n|t:|1698550233\n|switch|p1b: Scorbunny|Scorbunny, F|100\/100\n|turn|8\n|\n|t:|1698550308\n|move|p2b: Riolu|Protect|p2b: Riolu\n|-singleturn|p2b: Riolu|Protect\n|move|p1b: Scorbunny|Low Kick|p2b: Riolu\n|-start|p1b: Scorbunny|typechange|Fighting|[from] ability: Libero\n|-activate|p2b: Riolu|move: Protect\n|move|p2a: Bulbasaur|Sleep Powder|p1b: Scorbunny\n|-status|p1b: Scorbunny|slp|[from] move: Sleep Powder\n|-curestatus|p1a: Fuecoco|slp|[msg]\n|move|p1a: Fuecoco|Hyper Voice|p2a: Bulbasaur|[spread] p2a\n|-activate|p2b: Riolu|move: Protect\n|-damage|p2a: Bulbasaur|76\/100\n|-enditem|p1a: Fuecoco|Throat Spray\n|-boost|p1a: Fuecoco|spa|1|[from] item: Throat Spray\n|\n|-heal|p2a: Bulbasaur|82\/100|[from] item: Leftovers\n|-damage|p1a: Fuecoco|76\/100|[from] Leech Seed|[of] p2a: Bulbasaur\n|-heal|p2a: Bulbasaur|95\/100|[silent]\n|upkeep\n|turn|9\n|\n|t:|1698550389\n|cant|p1b: Scorbunny|slp\n|move|p2b: Riolu|Close Combat|p1a: Fuecoco\n|-damage|p1a: Fuecoco|0 fnt\n|-unboost|p2b: Riolu|def|1\n|-unboost|p2b: Riolu|spd|1\n|faint|p1a: Fuecoco\n|-damage|p2b: Riolu|81\/100|[from] item: Life Orb\n|move|p2a: Bulbasaur|Sleep Powder|p1b: Scorbunny\n|-fail|p1b: Scorbunny|slp\n|\n|-heal|p2a: Bulbasaur|100\/100|[from] item: Leftovers\n|upkeep\n|\n|t:|1698550407\n|switch|p1a: Larvitar|Larvitar, M|100\/100\n|turn|10\n|\n|t:|1698550418\n|cant|p1b: Scorbunny|slp\n|move|p2b: Riolu|Close Combat|p1a: Larvitar\n|-supereffective|p1a: Larvitar\n|-damage|p1a: Larvitar|0 fnt\n|-unboost|p2b: Riolu|def|1\n|-unboost|p2b: Riolu|spd|1\n|faint|p1a: Larvitar\n|-damage|p2b: Riolu|71\/100|[from] item: Life Orb\n|move|p2a: Bulbasaur|Sleep Powder|p1b: Scorbunny|[miss]\n|-miss|p2a: Bulbasaur|p1b: Scorbunny\n|\n|upkeep\n|\n|t:|1698550447\n|switch|p1a: Riolu|Riolu, F|7\/100 par\n|turn|11\n|\n|t:|1698550467\n|move|p2b: Riolu|Protect|p2b: Riolu\n|-singleturn|p2b: Riolu|Protect\n|cant|p1b: Scorbunny|slp\n|move|p2a: Bulbasaur|Sleep Powder|p1b: Scorbunny|[miss]\n|-miss|p2a: Bulbasaur|p1b: Scorbunny\n|move|p1a: Riolu|Drain Punch|p2b: Riolu\n|-activate|p2b: Riolu|move: Protect\n|\n|upkeep\n|turn|12\n|\n|t:|1698550484\n|-curestatus|p1b: Scorbunny|slp|[msg]\n|move|p1b: Scorbunny|Low Kick|p2b: Riolu\n|-damage|p2b: Riolu|0 fnt\n|faint|p2b: Riolu\n|move|p2a: Bulbasaur|Sleep Powder|p1b: Scorbunny|[miss]\n|-miss|p2a: Bulbasaur|p1b: Scorbunny\n|cant|p1a: Riolu|par\n|\n|upkeep\n|\n|t:|1698550492\n|switch|p2b: Litten|Litten, F|67\/100\n|-ability|p2b: Litten|Intimidate|boost\n|-fail|p1a: Riolu|unboost|Attack|[from] ability: Inner Focus|[of] p1a: Riolu\n|-unboost|p1b: Scorbunny|atk|1\n|turn|13\n|\n|t:|1698550502\n|move|p2b: Litten|Fake Out|p1a: Riolu\n|-damage|p1a: Riolu|0 fnt\n|faint|p1a: Riolu\n|move|p1b: Scorbunny|Low Kick|p2a: Bulbasaur\n|-resisted|p2a: Bulbasaur\n|-damage|p2a: Bulbasaur|95\/100\n|move|p2a: Bulbasaur|Sleep Powder|p1b: Scorbunny|[miss]\n|-miss|p2a: Bulbasaur|p1b: Scorbunny\n|\n|-heal|p2a: Bulbasaur|100\/100|[from] item: Leftovers\n|upkeep\n|\n|t:|1698550515\n|switch|p1a: Totodile|Totodile, F|47\/100\n|turn|14\n|\n|t:|1698550532\n|move|p1a: Totodile|Aqua Jet|p2b: Litten\n|-supereffective|p2b: Litten\n|-damage|p2b: Litten|14\/100\n|-enditem|p2b: Litten|Iapapa Berry|[eat]\n|-heal|p2b: Litten|47\/100|[from] item: Iapapa Berry\n|move|p1b: Scorbunny|Low Kick|p2b: Litten\n|-damage|p2b: Litten|28\/100\n|move|p2b: Litten|Parting Shot|p1b: Scorbunny\n|-unboost|p1b: Scorbunny|atk|1\n|-unboost|p1b: Scorbunny|spa|1\n|\n|t:|1698550541\n|switch|p2b: Froakie|Froakie, M|100\/100|[from] Parting Shot\n|move|p2a: Bulbasaur|Sleep Powder|p1b: Scorbunny|[miss]\n|-miss|p2a: Bulbasaur|p1b: Scorbunny\n|\n|upkeep\n|turn|15\n|\n|t:|1698550565\n|move|p2b: Froakie|Bounce||[still]\n|-prepare|p2b: Froakie|Bounce\n|-start|p2b: Froakie|typechange|Flying|[from] ability: Protean\n|move|p1b: Scorbunny|Low Kick|p2b: Froakie|[miss]\n|-miss|p1b: Scorbunny|p2b: Froakie\n|move|p1a: Totodile|Ice Punch|p2b: Froakie|[miss]\n|-miss|p1a: Totodile|p2b: Froakie\n|move|p2a: Bulbasaur|Giga Drain|p1a: Totodile\n|-supereffective|p1a: Totodile\n|-damage|p1a: Totodile|0 fnt\n|faint|p1a: Totodile\n|\n|upkeep\n|turn|16\n|\n|t:|1698550591\n|move|p2b: Froakie|Bounce|p1b: Scorbunny|[from]lockedmove\n|-supereffective|p1b: Scorbunny\n|-damage|p1b: Scorbunny|0 fnt\n|faint|p1b: Scorbunny\n|\n|win|Alonso26ca\n|c|\u2606Alonso26ca|gg\n","uploadtime":1698550599,"views":12,"p1id":"willowbi","p2id":"alonso26ca","formatid":"gen9nationaldexdoubles","rating":0,"private":0,"password":""}