{"id":"gen9nationaldexdoubles-1979722495","p1":"FearlessFluf1","p2":"AnimalJoker7068","format":"[Gen 9] National Dex Doubles","log":"|j|\u2606FearlessFluf1\n|j|\u2606AnimalJoker7068\n|t:|1698706628\n|gametype|doubles\n|player|p1|FearlessFluf1|pokemaniac|1033\n|player|p2|AnimalJoker7068|169|1057\n|teamsize|p1|6\n|teamsize|p2|6\n|gen|9\n|tier|[Gen 9] National Dex Doubles\n|rated|\n|rule|HP Percentage Mod: HP is shown in percentages\n|rule|Endless Battle Clause: Forcing endless battles is banned\n|rule|OHKO Clause: OHKO moves are banned\n|rule|Evasion Moves Clause: Evasion moves are banned\n|rule|Evasion Abilities Clause: Evasion abilities are banned\n|rule|Species Clause: Limit one of each Pok\u00e9mon\n|rule|Gravity Sleep Clause: The combination of sleep-inducing moves with imperfect accuracy and Gravity or Gigantamax Orbeetle are banned\n|clearpoke\n|poke|p1|Slowbro-Galar, F|\n|poke|p1|Ampharos, F|\n|poke|p1|Lucario, F|\n|poke|p1|Regieleki|\n|poke|p1|Mew|\n|poke|p1|Dragapult, F|\n|poke|p2|Talonflame, M|\n|poke|p2|Goodra-Hisui, M|\n|poke|p2|Darkrai|\n|poke|p2|Volcanion|\n|poke|p2|Dragonite, F|\n|poke|p2|Grimmsnarl, M|\n|teampreview\n|\n|t:|1698706652\n|start\n|switch|p1a: Lucario|Lucario, F|100\/100\n|switch|p1b: Ampharos|Ampharos, F, shiny|100\/100\n|switch|p2a: Volcanion|Volcanion|100\/100\n|switch|p2b: Dragonite|Dragonite, F|100\/100\n|turn|1\n|\n|t:|1698706676\n|detailschange|p1b: Ampharos|Ampharos-Mega, F, shiny\n|-mega|p1b: Ampharos|Ampharos|Ampharosite\n|-ability|p1b: Ampharos|Mold Breaker\n|-terastallize|p2a: Volcanion|Fire\n|move|p1a: Lucario|Extreme Speed|p2b: Dragonite\n|-damage|p2b: Dragonite|79\/100\n|move|p2b: Dragonite|Blizzard|p1b: Ampharos|[spread] p1b\n|-miss|p2b: Dragonite|p1a: Lucario\n|-supereffective|p1b: Ampharos\n|-damage|p1b: Ampharos|69\/100\n|move|p2a: Volcanion|Earthquake|p1a: Lucario|[spread] p1a,p1b\n|-immune|p2b: Dragonite\n|-supereffective|p1a: Lucario\n|-supereffective|p1b: Ampharos\n|-damage|p1a: Lucario|37\/100\n|-damage|p1b: Ampharos|31\/100\n|move|p1b: Ampharos|Hidden Power|p2b: Dragonite\n|-supereffective|p2b: Dragonite\n|-damage|p2b: Dragonite|0 fnt\n|faint|p2b: Dragonite\n|\n|upkeep\n|\n|t:|1698706703\n|switch|p2b: Talonflame|Talonflame, M|100\/100\n|turn|2\n|\n|t:|1698706718\n|move|p1a: Lucario|Extreme Speed|p2a: Volcanion\n|-damage|p2a: Volcanion|78\/100\n|move|p2b: Talonflame|Brave Bird|p1a: Lucario\n|-damage|p1a: Lucario|0 fnt\n|faint|p1a: Lucario\n|-damage|p2b: Talonflame|90\/100|[from] Recoil\n|move|p2a: Volcanion|Earthquake|p1b: Ampharos|[spread] p1b\n|-immune|p2b: Talonflame\n|-supereffective|p1b: Ampharos\n|-damage|p1b: Ampharos|0 fnt\n|faint|p1b: Ampharos\n|\n|upkeep\n|\n|t:|1698706735\n|switch|p1a: Mew|Mew|100\/100\n|switch|p1b: Dragapult|Dragapult, F|100\/100\n|turn|3\n|\n|t:|1698706747\n|move|p1b: Dragapult|Draco Meteor|p2a: Volcanion\n|-damage|p2a: Volcanion|0 fnt\n|-unboost|p1b: Dragapult|spa|2\n|faint|p2a: Volcanion\n|move|p2b: Talonflame|Brave Bird|p1b: Dragapult\n|-damage|p1b: Dragapult|48\/100\n|-damage|p2b: Talonflame|72\/100|[from] Recoil\n|-zpower|p1a: Mew\n|move|p1a: Mew|Genesis Supernova|p1b: Dragapult|[zeffect]\n|-damage|p1b: Dragapult|0 fnt\n|-fieldstart|move: Psychic Terrain\n|faint|p1b: Dragapult\n|\n|upkeep\n|\n|t:|1698706770\n|switch|p1b: Slowbro|Slowbro-Galar, F, shiny|100\/100\n|switch|p2a: Darkrai|Darkrai|100\/100\n|turn|4\n|\n|t:|1698706792\n|move|p2b: Talonflame|Brave Bird|p1a: Mew\n|-damage|p1a: Mew|54\/100\n|-damage|p2b: Talonflame|55\/100|[from] Recoil\n|move|p2a: Darkrai|Hypnosis|p1b: Slowbro\n|-status|p1b: Slowbro|slp|[from] move: Hypnosis\n|move|p1a: Mew|Hidden Power|p2a: Darkrai\n|-damage|p2a: Darkrai|82\/100\n|cant|p1b: Slowbro|slp\n|\n|-damage|p1b: Slowbro|88\/100 slp|[from] ability: Bad Dreams|[of] p2a: Darkrai\n|upkeep\n|turn|5\n|\n|t:|1698706818\n|move|p2b: Talonflame|Brave Bird|p1a: Mew\n|-damage|p1a: Mew|10\/100\n|-damage|p2b: Talonflame|39\/100|[from] Recoil\n|move|p2a: Darkrai|Hypnosis|p1a: Mew\n|-status|p1a: Mew|slp|[from] move: Hypnosis\n|cant|p1a: Mew|slp\n|cant|p1b: Slowbro|slp\n|\n|-damage|p1a: Mew|0 fnt|[from] ability: Bad Dreams|[of] p2a: Darkrai\n|-damage|p1b: Slowbro|76\/100 slp|[from] ability: Bad Dreams|[of] p2a: Darkrai\n|faint|p1a: Mew\n|upkeep\n|\n|t:|1698706832\n|switch|p1a: Regieleki|Regieleki|100\/100\n|turn|6\n|\n|t:|1698706870\n|-terastallize|p1b: Slowbro|Poison\n|move|p1a: Regieleki|Electric Terrain|p1a: Regieleki\n|-fieldstart|move: Electric Terrain\n|-enditem|p1a: Regieleki|Electric Seed\n|-boost|p1a: Regieleki|def|1|[from] item: Electric Seed\n|move|p2b: Talonflame|Brave Bird|p1a: Regieleki\n|-resisted|p1a: Regieleki\n|-damage|p1a: Regieleki|76\/100\n|-damage|p2b: Talonflame|32\/100|[from] Recoil\n|move|p2a: Darkrai|Hypnosis|p1a: Regieleki\n|-activate|p1a: Regieleki|move: Electric Terrain\n|cant|p1b: Slowbro|slp\n|\n|-damage|p1b: Slowbro|63\/100 slp|[from] ability: Bad Dreams|[of] p2a: Darkrai\n|upkeep\n|turn|7\n|-activate|p1b: Slowbro|ability: Quick Draw\n|\n|t:|1698706905\n|-curestatus|p1b: Slowbro|slp|[msg]\n|move|p1b: Slowbro|Shadow Ball|p2b: Talonflame\n|-damage|p2b: Talonflame|1\/100\n|move|p1a: Regieleki|Thunderbolt|p2b: Talonflame\n|-supereffective|p2b: Talonflame\n|-damage|p2b: Talonflame|0 fnt\n|faint|p2b: Talonflame\n|move|p2a: Darkrai|Drain Punch|p1a: Regieleki\n|-damage|p1a: Regieleki|53\/100\n|-heal|p2a: Darkrai|93\/100|[from] drain|[of] p1a: Regieleki\n|\n|upkeep\n|\n|t:|1698706922\n|switch|p2b: Grimmsnarl|Grimmsnarl, M|100\/100\n|turn|8\n|-activate|p1b: Slowbro|ability: Quick Draw\n|\n|t:|1698706935\n|move|p1b: Slowbro|Ice Beam|p2b: Grimmsnarl\n|-damage|p2b: Grimmsnarl|73\/100\n|move|p1a: Regieleki|Thunderbolt|p2b: Grimmsnarl\n|-damage|p2b: Grimmsnarl|15\/100\n|-enditem|p2b: Grimmsnarl|Aguav Berry|[eat]\n|-heal|p2b: Grimmsnarl|48\/100|[from] item: Aguav Berry\n|move|p2a: Darkrai|Ice Beam|p1a: Regieleki\n|-damage|p1a: Regieleki|10\/100\n|move|p2b: Grimmsnarl|Foul Play|p1a: Regieleki\n|-damage|p1a: Regieleki|0 fnt\n|faint|p1a: Regieleki\n|\n|upkeep\n|turn|9\n|-activate|p1b: Slowbro|ability: Quick Draw\n|\n|t:|1698706962\n|move|p1b: Slowbro|Flamethrower|p2b: Grimmsnarl\n|-damage|p2b: Grimmsnarl|23\/100\n|-status|p2b: Grimmsnarl|brn\n|move|p2a: Darkrai|Ice Beam|p1b: Slowbro\n|-crit|p1b: Slowbro\n|-damage|p1b: Slowbro|19\/100\n|move|p2b: Grimmsnarl|Foul Play|p1b: Slowbro\n|-damage|p1b: Slowbro|6\/100\n|\n|-damage|p2b: Grimmsnarl|17\/100 brn|[from] brn\n|upkeep\n|turn|10\n|-activate|p1b: Slowbro|ability: Quick Draw\n|\n|t:|1698706986\n|move|p1b: Slowbro|Flamethrower|p2a: Darkrai\n|-damage|p2a: Darkrai|67\/100\n|-status|p2a: Darkrai|brn\n|move|p2a: Darkrai|Dark Pulse|p1b: Slowbro\n|-damage|p1b: Slowbro|0 fnt\n|faint|p1b: Slowbro\n|\n|win|AnimalJoker7068\n|raw|FearlessFluf1's rating: 1033 &rarr; <strong>1019<\/strong><br \/>(-14 for losing)\n|raw|AnimalJoker7068's rating: 1057 &rarr; <strong>1086<\/strong><br \/>(+29 for winning)\n","uploadtime":1698707008,"views":9,"p1id":"fearlessfluf1","p2id":"animaljoker7068","formatid":"gen9nationaldexdoubles","rating":1019,"private":0,"password":""}