{"id":"gen9nationaldexdoubles-1987242031","p1":"lbwtc","p2":"AydenMecha","format":"[Gen 9] National Dex Doubles","log":"|j|\u2606lbwtc\n|j|\u2606AydenMecha\n|t:|1699568633\n|gametype|doubles\n|player|p1|lbwtc|170|1106\n|player|p2|AydenMecha|clair|1129\n|teamsize|p1|6\n|teamsize|p2|6\n|gen|9\n|tier|[Gen 9] National Dex Doubles\n|rated|\n|rule|HP Percentage Mod: HP is shown in percentages\n|rule|Endless Battle Clause: Forcing endless battles is banned\n|rule|OHKO Clause: OHKO moves are banned\n|rule|Evasion Moves Clause: Evasion moves are banned\n|rule|Evasion Abilities Clause: Evasion abilities are banned\n|rule|Species Clause: Limit one of each Pok\u00e9mon\n|rule|Gravity Sleep Clause: The combination of sleep-inducing moves with imperfect accuracy and Gravity or Gigantamax Orbeetle are banned\n|clearpoke\n|poke|p1|Victini|\n|poke|p1|Shuckle, M|\n|poke|p1|Indeedee, M|\n|poke|p1|Tornadus, M|\n|poke|p1|Sinistcha-Masterpiece|\n|poke|p1|Zoroark-Hisui, F|\n|poke|p2|Ogerpon-Hearthflame, F|\n|poke|p2|Zamazenta-*|\n|poke|p2|Diancie|\n|poke|p2|Lucario, F|\n|poke|p2|Spectrier|\n|poke|p2|Urshifu-*, F|\n|teampreview\n|\n|t:|1699568645\n|start\n|switch|p1a: Victini|Victini|100\/100\n|switch|p1b: Shuckle|Shuckle, M|100\/100\n|switch|p2a: Diancie|Diancie|100\/100\n|switch|p2b: Lucario|Lucario, F|100\/100\n|turn|1\n|\n|t:|1699568661\n|detailschange|p2a: Diancie|Diancie-Mega\n|-mega|p2a: Diancie|Diancie|Diancite\n|-terastallize|p1a: Victini|Psychic\n|move|p2a: Diancie|Rock Polish|p2a: Diancie\n|-boost|p2a: Diancie|spe|2\n|move|p2b: Lucario|Coaching|p2a: Diancie\n|-boost|p2a: Diancie|atk|1\n|-boost|p2a: Diancie|def|1\n|move|p1a: Victini|Skill Swap|p1b: Shuckle\n|-activate|p1a: Victini|move: Skill Swap|||[of] p1b: Shuckle\n|move|p1b: Shuckle|Final Gambit|p2b: Lucario\n|-damage|p2b: Lucario|14\/100\n|faint|p1b: Shuckle\n|\n|upkeep\n|\n|t:|1699568673\n|switch|p1b: Tornadus|Tornadus, M|100\/100\n|turn|2\n|\n|t:|1699568689\n|move|p2b: Lucario|Extreme Speed|p1b: Tornadus\n|-damage|p1b: Tornadus|71\/100\n|move|p1b: Tornadus|Tailwind|p1b: Tornadus\n|-sidestart|p1: lbwtc|move: Tailwind\n|move|p2a: Diancie|Diamond Storm|p1b: Tornadus|[spread] p1b\n|-miss|p2a: Diancie|p1a: Victini\n|-supereffective|p1b: Tornadus\n|-damage|p1b: Tornadus|0 fnt\n|-boost|p2a: Diancie|def|2\n|faint|p1b: Tornadus\n|move|p1a: Victini|V-create|p2b: Lucario\n|-supereffective|p2b: Lucario\n|-damage|p2b: Lucario|0 fnt\n|-boost|p1a: Victini|spe|1\n|-boost|p1a: Victini|def|1\n|-boost|p1a: Victini|spd|1\n|faint|p2b: Lucario\n|\n|upkeep\n|\n|t:|1699568720\n|switch|p1b: Indeedee|Indeedee, M|100\/100\n|switch|p2b: Spectrier|Spectrier|100\/100\n|-fieldstart|move: Psychic Terrain|[from] ability: Psychic Surge|[of] p1b: Indeedee\n|-enditem|p1b: Indeedee|Psychic Seed\n|-boost|p1b: Indeedee|spd|1|[from] item: Psychic Seed\n|turn|3\n|\n|t:|1699568739\n|move|p1a: Victini|V-create|p2b: Spectrier\n|-damage|p2b: Spectrier|0 fnt\n|-boost|p1a: Victini|spe|1\n|-boost|p1a: Victini|def|1\n|-boost|p1a: Victini|spd|1\n|faint|p2b: Spectrier\n|move|p2a: Diancie|Diamond Storm|p1b: Indeedee|[spread] p1a,p1b\n|-damage|p1a: Victini|65\/100\n|-damage|p1b: Indeedee|9\/100\n|-boost|p2a: Diancie|def|2\n|move|p1b: Indeedee|Expanding Force|p2a: Diancie\n|-damage|p2a: Diancie|25\/100\n|\n|-heal|p1a: Victini|71\/100|[from] item: Leftovers\n|upkeep\n|\n|t:|1699568760\n|switch|p2b: Ogerpon|Ogerpon-Hearthflame, F|100\/100\n|-ability|p2b: Ogerpon|Mold Breaker\n|turn|4\n|\n|t:|1699568774\n|-terastallize|p2b: Ogerpon|Fire\n|detailschange|p2b: Ogerpon|Ogerpon-Hearthflame-Tera, F, tera:Fire\n|-ability|p2b: Ogerpon|Embody Aspect (Hearthflame)|boost\n|-boost|p2b: Ogerpon|atk|1\n|move|p1a: Victini|Stored Power|p2a: Diancie\n|-damage|p2a: Diancie|0 fnt\n|faint|p2a: Diancie\n|move|p1b: Indeedee|Expanding Force|p2b: Ogerpon\n|-damage|p2b: Ogerpon|34\/100\n|move|p2b: Ogerpon|Ivy Cudgel|p1a: Victini\n|-damage|p1a: Victini|13\/100\n|\n|-heal|p1a: Victini|19\/100|[from] item: Leftovers\n|upkeep\n|\n|t:|1699568808\n|switch|p2a: Urshifu|Urshifu-Rapid-Strike, F|100\/100\n|turn|5\n|\n|t:|1699568824\n|move|p1a: Victini|Stored Power|p2a: Urshifu\n|-supereffective|p2a: Urshifu\n|-damage|p2a: Urshifu|0 fnt\n|faint|p2a: Urshifu\n|move|p1b: Indeedee|Expanding Force|p2b: Ogerpon\n|-damage|p2b: Ogerpon|0 fnt\n|faint|p2b: Ogerpon\n|\n|-heal|p1a: Victini|25\/100|[from] item: Leftovers\n|-sideend|p1: lbwtc|move: Tailwind\n|upkeep\n|\n|t:|1699568843\n|switch|p2b: Zamazenta|Zamazenta|100\/100\n|-ability|p2b: Zamazenta|Dauntless Shield|boost\n|-boost|p2b: Zamazenta|def|1\n|turn|6\n|\n|t:|1699568862\n|move|p1a: Victini|Stored Power|p2b: Zamazenta\n|-supereffective|p2b: Zamazenta\n|-damage|p2b: Zamazenta|0 fnt\n|faint|p2b: Zamazenta\n|\n|win|lbwtc\n|raw|lbwtc's rating: 1106 &rarr; <strong>1133<\/strong><br \/>(+27 for winning)\n|raw|AydenMecha's rating: 1129 &rarr; <strong>1102<\/strong><br \/>(-27 for losing)\n|l|\u2606AydenMecha\n","uploadtime":1699568873,"views":16,"p1id":"lbwtc","p2id":"aydenmecha","formatid":"gen9nationaldexdoubles","rating":1102,"private":0,"password":""}