{"id":"gen9nationaldexdoubles-1966213892","p1":"Immagamer","p2":"Mr. Juroku","format":"[Gen 9] National Dex Doubles","log":"|j|\u203dImmagamer\n|j|\u2606Mr. Juroku\n|t:|1697156527\n|gametype|doubles\n|player|p1|Immagamer|lucas|1360\n|player|p2|Mr. Juroku|juggler|1351\n|teamsize|p1|6\n|teamsize|p2|6\n|gen|9\n|tier|[Gen 9] National Dex Doubles\n|rated|\n|rule|HP Percentage Mod: HP is shown in percentages\n|rule|Endless Battle Clause: Forcing endless battles is banned\n|rule|OHKO Clause: OHKO moves are banned\n|rule|Evasion Moves Clause: Evasion moves are banned\n|rule|Evasion Abilities Clause: Evasion abilities are banned\n|rule|Species Clause: Limit one of each Pok\u00e9mon\n|rule|Gravity Sleep Clause: The combination of sleep-inducing moves with imperfect accuracy and Gravity or Gigantamax Orbeetle are banned\n|clearpoke\n|poke|p1|Eevee, M|\n|poke|p1|Maushold|\n|poke|p1|Flutter Mane|\n|poke|p1|Mr. Mime, F|\n|poke|p1|Gardevoir, M|\n|poke|p1|Indeedee-F, F|\n|poke|p2|Ferrothorn, M|\n|poke|p2|Slowking, F|\n|poke|p2|Diancie|\n|poke|p2|Amoonguss, L99, M|\n|poke|p2|Iron Moth|\n|poke|p2|Fezandipiti, M|\n|teampreview\n|inactive|Battle timer is ON: inactive players will automatically lose when time's up. (requested by Immagamer)\n|\n|t:|1697156533\n|start\n|switch|p1a: Eevee|Eevee, M|100\/100\n|switch|p1b: Maushold|Maushold|100\/100\n|switch|p2a: Slowking|Slowking, F|100\/100\n|switch|p2b: Ferrothorn|Ferrothorn, M|100\/100\n|turn|1\n|j| S1r.sweepsaLot\n|\n|t:|1697156572\n|move|p1b: Maushold|Taunt|p2b: Ferrothorn\n|-start|p2b: Ferrothorn|move: Taunt\n|-zpower|p1a: Eevee\n|move|p1a: Eevee|Extreme Evoboost|p1a: Eevee\n|-boost|p1a: Eevee|atk|2\n|-boost|p1a: Eevee|def|2\n|-boost|p1a: Eevee|spa|2\n|-boost|p1a: Eevee|spd|2\n|-boost|p1a: Eevee|spe|2\n|cant|p2b: Ferrothorn|move: Taunt|Curse\n|move|p2a: Slowking|Trick Room|p2a: Slowking\n|-fieldstart|move: Trick Room|[of] p2a: Slowking\n|\n|upkeep\n|turn|2\n|l| S1r.sweepsaLot\n|inactive|Mr. Juroku has 120 seconds left.\n|inactive|Mr. Juroku has 90 seconds left.\n|\n|t:|1697156633\n|move|p1b: Maushold|Follow Me|p1b: Maushold\n|-singleturn|p1b: Maushold|move: Follow Me\n|move|p2b: Ferrothorn|Body Press|p1b: Maushold\n|-supereffective|p1b: Maushold\n|-damage|p1b: Maushold|22\/100\n|move|p2a: Slowking|Toxic|p1b: Maushold\n|-status|p1b: Maushold|tox\n|move|p1a: Eevee|Baton Pass|p1a: Eevee\n|\n|t:|1697156643\n|switch|p1a: Flutter Mane|Flutter Mane|100\/100|[from] Baton Pass\n|-enditem|p1a: Flutter Mane|Booster Energy\n|-activate|p1a: Flutter Mane|ability: Protosynthesis|[fromitem]\n|-start|p1a: Flutter Mane|protosynthesisspa\n|\n|-damage|p1b: Maushold|16\/100 tox|[from] psn\n|upkeep\n|turn|3\n|\n|t:|1697156671\n|move|p1a: Flutter Mane|Protect|p1a: Flutter Mane\n|-singleturn|p1a: Flutter Mane|Protect\n|move|p1b: Maushold|Follow Me|p1b: Maushold\n|-singleturn|p1b: Maushold|move: Follow Me\n|move|p2b: Ferrothorn|Gyro Ball|p1b: Maushold\n|-damage|p1b: Maushold|0 fnt\n|faint|p1b: Maushold\n|move|p2a: Slowking|Hydro Pump|p1a: Flutter Mane\n|-activate|p1a: Flutter Mane|move: Protect\n|\n|-end|p2b: Ferrothorn|move: Taunt\n|upkeep\n|inactive|Immagamer has 120 seconds left.\n|\n|t:|1697156684\n|switch|p1b: Mr. Mime|Mr. Mime, F|100\/100\n|turn|4\n|inactive|Mr. Juroku has 120 seconds left.\n|\n|t:|1697156703\n|-terastallize|p1a: Flutter Mane|Ghost\n|move|p1b: Mr. Mime|Follow Me|p1b: Mr. Mime\n|-singleturn|p1b: Mr. Mime|move: Follow Me\n|move|p2b: Ferrothorn|Curse|p2b: Ferrothorn\n|-unboost|p2b: Ferrothorn|spe|1\n|-boost|p2b: Ferrothorn|atk|1\n|-boost|p2b: Ferrothorn|def|1\n|move|p2a: Slowking|Chilly Reception|p2a: Slowking\n|-weather|Snow\n|\n|t:|1697156720\n|switch|p2a: Amoonguss|Amoonguss, L99, M|100\/100|[from] Chilly Reception\n|move|p1a: Flutter Mane|Shadow Ball|p2b: Ferrothorn\n|-damage|p2b: Ferrothorn|0 fnt\n|faint|p2b: Ferrothorn\n|\n|-weather|Snow|[upkeep]\n|upkeep\n|\n|t:|1697156729\n|switch|p2b: Diancie|Diancie|100\/100\n|turn|5\n|inactive|Mr. Juroku has 120 seconds left.\n|inactive|Mr. Juroku has 90 seconds left.\n|\n|t:|1697156774\n|move|p1b: Mr. Mime|Protect|p1b: Mr. Mime\n|-singleturn|p1b: Mr. Mime|Protect\n|move|p1a: Flutter Mane|Protect|p1a: Flutter Mane\n|-singleturn|p1a: Flutter Mane|Protect\n|move|p2a: Amoonguss|Spore|p1b: Mr. Mime\n|-activate|p1b: Mr. Mime|move: Protect\n|move|p2b: Diancie|Diamond Storm|p1b: Mr. Mime|[spread] \n|-activate|p1a: Flutter Mane|move: Protect\n|-activate|p1b: Mr. Mime|move: Protect\n|\n|-weather|Snow|[upkeep]\n|-fieldend|move: Trick Room\n|upkeep\n|turn|6\n|\n|t:|1697156788\n|move|p2b: Diancie|Protect|p2b: Diancie\n|-singleturn|p2b: Diancie|Protect\n|move|p2a: Amoonguss|Rage Powder|p2a: Amoonguss\n|-singleturn|p2a: Amoonguss|move: Rage Powder\n|move|p1a: Flutter Mane|Shadow Ball|p2a: Amoonguss\n|-crit|p2a: Amoonguss\n|-damage|p2a: Amoonguss|0 fnt\n|faint|p2a: Amoonguss\n|move|p1b: Mr. Mime|Taunt|p2b: Diancie\n|-activate|p2b: Diancie|move: Protect\n|\n|-weather|Snow|[upkeep]\n|upkeep\n|\n|t:|1697156803\n|switch|p2a: Iron Moth|Iron Moth|100\/100\n|-enditem|p2a: Iron Moth|Booster Energy\n|-activate|p2a: Iron Moth|ability: Quark Drive|[fromitem]\n|-start|p2a: Iron Moth|quarkdrivespe\n|turn|7\n|inactive|Mr. Juroku has 120 seconds left.\n|\n|t:|1697156823\n|move|p1b: Mr. Mime|Follow Me|p1b: Mr. Mime\n|-singleturn|p1b: Mr. Mime|move: Follow Me\n|move|p1a: Flutter Mane|Moonblast|p2b: Diancie\n|-damage|p2b: Diancie|2\/100\n|move|p2a: Iron Moth|Fiery Dance|p1b: Mr. Mime\n|-damage|p1b: Mr. Mime|55\/100\n|move|p2b: Diancie|Trick Room|p2b: Diancie\n|-fieldstart|move: Trick Room|[of] p2b: Diancie\n|\n|-weather|Snow|[upkeep]\n|upkeep\n|turn|8\n|\n|t:|1697156842\n|move|p1b: Mr. Mime|Protect|p1b: Mr. Mime\n|-singleturn|p1b: Mr. Mime|Protect\n|move|p1a: Flutter Mane|Protect|p1a: Flutter Mane\n|-singleturn|p1a: Flutter Mane|Protect\n|move|p2b: Diancie|Diamond Storm|p1a: Flutter Mane|[spread] \n|-activate|p1a: Flutter Mane|move: Protect\n|-activate|p1b: Mr. Mime|move: Protect\n|move|p2a: Iron Moth|Substitute|p2a: Iron Moth\n|-start|p2a: Iron Moth|Substitute\n|-damage|p2a: Iron Moth|76\/100\n|\n|-weather|none\n|upkeep\n|turn|9\n|\n|t:|1697156862\n|move|p1b: Mr. Mime|Wide Guard|p1b: Mr. Mime\n|-singleturn|p1b: Mr. Mime|Wide Guard\n|move|p2b: Diancie|Diamond Storm|p1a: Flutter Mane|[spread] \n|-activate|p1a: Flutter Mane|move: Wide Guard\n|-activate|p1b: Mr. Mime|move: Wide Guard\n|move|p2a: Iron Moth|Sludge Wave|p1b: Mr. Mime|[spread] p2b\n|-activate|p1a: Flutter Mane|move: Wide Guard\n|-activate|p1b: Mr. Mime|move: Wide Guard\n|-damage|p2b: Diancie|0 fnt\n|faint|p2b: Diancie\n|move|p1a: Flutter Mane|Shadow Ball|p2a: Iron Moth\n|-end|p2a: Iron Moth|Substitute\n|\n|upkeep\n|\n|t:|1697156874\n|switch|p2b: Slowking|Slowking, F|100\/100\n|turn|10\n|\n|t:|1697156885\n|move|p1b: Mr. Mime|Protect||[still]\n|-fail|p1b: Mr. Mime\n|move|p1a: Flutter Mane|Protect|p1a: Flutter Mane\n|-singleturn|p1a: Flutter Mane|Protect\n|move|p2b: Slowking|Toxic|p1a: Flutter Mane\n|-activate|p1a: Flutter Mane|move: Protect\n|move|p2a: Iron Moth|Substitute|p2a: Iron Moth\n|-start|p2a: Iron Moth|Substitute\n|-damage|p2a: Iron Moth|51\/100\n|\n|upkeep\n|turn|11\n|\n|t:|1697156904\n|move|p1b: Mr. Mime|Follow Me|p1b: Mr. Mime\n|-singleturn|p1b: Mr. Mime|move: Follow Me\n|move|p2b: Slowking|Toxic|p1b: Mr. Mime\n|-status|p1b: Mr. Mime|tox\n|move|p2a: Iron Moth|Fiery Dance|p1b: Mr. Mime\n|-damage|p1b: Mr. Mime|17\/100 tox\n|move|p1a: Flutter Mane|Shadow Ball|p2a: Iron Moth\n|-end|p2a: Iron Moth|Substitute\n|\n|-damage|p1b: Mr. Mime|11\/100 tox|[from] psn\n|-fieldend|move: Trick Room\n|upkeep\n|turn|12\n|\n|t:|1697156926\n|move|p1b: Mr. Mime|Follow Me|p1b: Mr. Mime\n|-singleturn|p1b: Mr. Mime|move: Follow Me\n|move|p1a: Flutter Mane|Shadow Ball|p2a: Iron Moth\n|-damage|p2a: Iron Moth|0 fnt\n|faint|p2a: Iron Moth\n|-end|p2a: Iron Moth|Quark Drive|[silent]\n|move|p2b: Slowking|Trick Room|p2b: Slowking\n|-fieldstart|move: Trick Room|[of] p2b: Slowking\n|\n|-damage|p1b: Mr. Mime|0 fnt|[from] psn\n|faint|p1b: Mr. Mime\n|upkeep\n|\n|t:|1697156939\n|switch|p1b: Indeedee|Indeedee-F, F|100\/100\n|switch|p2a: Fezandipiti|Fezandipiti, M|100\/100\n|-fieldstart|move: Psychic Terrain|[from] ability: Psychic Surge|[of] p1b: Indeedee\n|turn|13\n|\n|t:|1697156968\n|move|p1b: Indeedee|Follow Me|p1b: Indeedee\n|-singleturn|p1b: Indeedee|move: Follow Me\n|move|p2b: Slowking|Hydro Pump|p1b: Indeedee\n|-damage|p1b: Indeedee|64\/100\n|move|p2a: Fezandipiti|Dazzling Gleam|p1b: Indeedee|[spread] p1a,p1b\n|-damage|p1a: Flutter Mane|89\/100\n|-damage|p1b: Indeedee|44\/100\n|move|p1a: Flutter Mane|Shadow Ball|p2a: Fezandipiti\n|-damage|p2a: Fezandipiti|10\/100\n|-unboost|p2a: Fezandipiti|spd|1\n|\n|upkeep\n|turn|14\n|\n|t:|1697156991\n|move|p2b: Slowking|Hydro Pump|p1b: Indeedee\n|-damage|p1b: Indeedee|5\/100\n|move|p1b: Indeedee|Heal Pulse|p1a: Flutter Mane\n|-heal|p1a: Flutter Mane|100\/100\n|move|p2a: Fezandipiti|Dazzling Gleam|p1a: Flutter Mane|[spread] p1a,p1b\n|-damage|p1a: Flutter Mane|89\/100\n|-damage|p1b: Indeedee|0 fnt\n|-status|p1a: Flutter Mane|tox|[from] ability: Toxic Chain|[of] p2a: Fezandipiti\n|faint|p1b: Indeedee\n|move|p1a: Flutter Mane|Dazzling Gleam|p2a: Fezandipiti|[spread] p2a,p2b\n|-resisted|p2a: Fezandipiti\n|-damage|p2a: Fezandipiti|0 fnt\n|-damage|p2b: Slowking|47\/100\n|faint|p2a: Fezandipiti\n|\n|-heal|p2b: Slowking|53\/100|[from] item: Leftovers\n|-damage|p1a: Flutter Mane|83\/100 tox|[from] psn\n|upkeep\n|\n|t:|1697157008\n|switch|p1b: Gardevoir|Gardevoir, M|100\/100\n|turn|15\n|inactive|Mr. Juroku has 120 seconds left.\n|\n|t:|1697157038\n|detailschange|p1b: Gardevoir|Gardevoir-Mega, M\n|-mega|p1b: Gardevoir|Gardevoir|Gardevoirite\n|move|p2b: Slowking|Hydro Pump|p1b: Gardevoir\n|-damage|p1b: Gardevoir|65\/100\n|move|p1b: Gardevoir|Hyper Voice|p2b: Slowking\n|-damage|p2b: Slowking|11\/100\n|move|p1a: Flutter Mane|Moonblast|p2b: Slowking\n|-damage|p2b: Slowking|0 fnt\n|faint|p2b: Slowking\n|\n|win|Immagamer\n|raw|Immagamer's rating: 1360 &rarr; <strong>1379<\/strong><br \/>(+19 for winning)\n|raw|Mr. Juroku's rating: 1351 &rarr; <strong>1332<\/strong><br \/>(-19 for losing)\n|l|\u2606Mr. Juroku\n","uploadtime":1697157052,"views":10,"p1id":"immagamer","p2id":"mrjuroku","formatid":"gen9nationaldexdoubles","rating":1332,"private":0,"password":""}