{"id":"gen9nationaldexdoubles-1976310224","p1":"mitsuri19","p2":"larsonshark","format":"[Gen 9] National Dex Doubles","log":"|j|\u2606mitsuri19\n|j|\u2606larsonshark\n|t:|1698285068\n|gametype|doubles\n|player|p1|mitsuri19|clerkf|1069\n|player|p2|larsonshark|caitlin|1158\n|teamsize|p1|6\n|teamsize|p2|6\n|gen|9\n|tier|[Gen 9] National Dex Doubles\n|rated|\n|rule|HP Percentage Mod: HP is shown in percentages\n|rule|Endless Battle Clause: Forcing endless battles is banned\n|rule|OHKO Clause: OHKO moves are banned\n|rule|Evasion Moves Clause: Evasion moves are banned\n|rule|Evasion Abilities Clause: Evasion abilities are banned\n|rule|Species Clause: Limit one of each Pok\u00e9mon\n|rule|Gravity Sleep Clause: The combination of sleep-inducing moves with imperfect accuracy and Gravity or Gigantamax Orbeetle are banned\n|clearpoke\n|poke|p1|Ninetales-Alola, F|\n|poke|p1|Froslass, F|\n|poke|p1|Cresselia, F|\n|poke|p1|Ogerpon-Wellspring, F|\n|poke|p1|Milotic, F|\n|poke|p1|Chi-Yu|\n|poke|p2|Cresselia, F|\n|poke|p2|Minior|\n|poke|p2|Chien-Pao|\n|poke|p2|Ogerpon-Hearthflame, F|\n|poke|p2|Salamence, M|\n|poke|p2|Okidogi, M|\n|teampreview\n|inactive|Battle timer is ON: inactive players will automatically lose when time's up. (requested by larsonshark)\n|\n|t:|1698285079\n|start\n|switch|p1a: frost|Ninetales-Alola, F|100\/100\n|switch|p1b: glacier|Froslass, F, shiny|100\/100\n|switch|p2a: Minior|Minior|100\/100\n|switch|p2b: Chien-Pao|Chien-Pao|100\/100\n|-ability|p2b: Chien-Pao|Sword of Ruin\n|-formechange|p2a: Minior|Minior-Meteor||[from] ability: Shields Down\n|-weather|Snow|[from] ability: Snow Warning|[of] p1a: frost\n|turn|1\n|\n|t:|1698285097\n|move|p2b: Chien-Pao|Crunch|p1b: glacier\n|-supereffective|p1b: glacier\n|-enditem|p1b: glacier|Focus Sash\n|-damage|p1b: glacier|1\/100\n|-damage|p2b: Chien-Pao|91\/100|[from] item: Life Orb\n|move|p1b: glacier|Aurora Veil|p1b: glacier\n|-sidestart|p1: mitsuri19|move: Aurora Veil\n|move|p1a: frost|Substitute|p1a: frost\n|-start|p1a: frost|Substitute\n|-damage|p1a: frost|76\/100\n|move|p2a: Minior|Iron Head|p1a: frost\n|-supereffective|p1a: frost\n|-end|p1a: frost|Substitute\n|\n|-weather|Snow|[upkeep]\n|upkeep\n|turn|2\n|\n|t:|1698285117\n|move|p2b: Chien-Pao|Sacred Sword|p1a: frost\n|-damage|p1a: frost|46\/100\n|-damage|p2b: Chien-Pao|81\/100|[from] item: Life Orb\n|move|p1b: glacier|Destiny Bond|p1b: glacier\n|-singlemove|p1b: glacier|Destiny Bond\n|move|p1a: frost|Substitute|p1a: frost\n|-start|p1a: frost|Substitute\n|-damage|p1a: frost|21\/100\n|move|p2a: Minior|Shell Smash|p2a: Minior\n|-unboost|p2a: Minior|def|1\n|-unboost|p2a: Minior|spd|1\n|-boost|p2a: Minior|atk|2\n|-boost|p2a: Minior|spa|2\n|-boost|p2a: Minior|spe|2\n|\n|-weather|Snow|[upkeep]\n|upkeep\n|turn|3\n|\n|t:|1698285142\n|move|p2a: Minior|Iron Head|p1a: frost\n|-supereffective|p1a: frost\n|-end|p1a: frost|Substitute\n|move|p2b: Chien-Pao|Sacred Sword|p1a: frost\n|-damage|p1a: frost|0 fnt\n|faint|p1a: frost\n|-damage|p2b: Chien-Pao|71\/100|[from] item: Life Orb\n|move|p1b: glacier|Shadow Ball|p2b: Chien-Pao\n|-resisted|p2b: Chien-Pao\n|-damage|p2b: Chien-Pao|46\/100\n|-unboost|p2b: Chien-Pao|spd|1\n|\n|-weather|Snow|[upkeep]\n|upkeep\n|inactive|mitsuri19 has 120 seconds left.\n|\n|t:|1698285161\n|switch|p1a: ember|Chi-Yu|100\/100\n|-ability|p1a: ember|Beads of Ruin\n|turn|4\n|\n|t:|1698285176\n|move|p2a: Minior|Rock Slide|p1b: glacier|[spread] p1a,p1b\n|-supereffective|p1a: ember\n|-supereffective|p1b: glacier\n|-damage|p1a: ember|3\/100\n|-damage|p1b: glacier|0 fnt\n|faint|p1b: glacier\n|move|p2b: Chien-Pao|Sacred Sword|p1a: ember\n|-supereffective|p1a: ember\n|-damage|p1a: ember|0 fnt\n|faint|p1a: ember\n|-damage|p2b: Chien-Pao|36\/100|[from] item: Life Orb\n|\n|-weather|Snow|[upkeep]\n|upkeep\n|\n|t:|1698285190\n|switch|p1b: diamond|Ogerpon-Wellspring, F|100\/100\n|switch|p1a: luna|Cresselia, F|100\/100\n|turn|5\n|\n|t:|1698285202\n|move|p2a: Minior|Rock Slide|p1a: luna|[spread] p1a,p1b\n|-damage|p1a: luna|75\/100\n|-damage|p1b: diamond|61\/100\n|move|p2b: Chien-Pao|Crunch|p1a: luna\n|-supereffective|p1a: luna\n|-damage|p1a: luna|6\/100\n|-enditem|p1a: luna|Iapapa Berry|[eat]\n|-heal|p1a: luna|40\/100|[from] item: Iapapa Berry\n|-damage|p2b: Chien-Pao|26\/100|[from] item: Life Orb\n|move|p1b: diamond|Ivy Cudgel|p2a: Minior\n|-supereffective|p2a: Minior\n|-enditem|p2a: Minior|Focus Sash\n|-damage|p2a: Minior|1\/100\n|move|p1a: luna|Moonblast|p2b: Chien-Pao\n|-supereffective|p2b: Chien-Pao\n|-damage|p2b: Chien-Pao|0 fnt\n|faint|p2b: Chien-Pao\n|\n|-weather|Snow|[upkeep]\n|-sideend|p1: mitsuri19|move: Aurora Veil\n|-formechange|p2a: Minior|Minior||[from] ability: Shields Down\n|upkeep\n|\n|t:|1698285219\n|switch|p2b: Salamence|Salamence, M|100\/100\n|-ability|p2b: Salamence|Intimidate|boost\n|-unboost|p1a: luna|atk|1\n|-unboost|p1b: diamond|atk|1\n|turn|6\n|inactive|larsonshark has 120 seconds left.\n|\n|t:|1698285254\n|detailschange|p2b: Salamence|Salamence-Mega, M\n|-mega|p2b: Salamence|Salamence|Salamencite\n|move|p1b: diamond|Spiky Shield|p1b: diamond\n|-singleturn|p1b: diamond|move: Protect\n|move|p1a: luna|Protect|p1a: luna\n|-singleturn|p1a: luna|Protect\n|move|p2a: Minior|Rock Slide|p1a: luna|[spread] \n|-activate|p1a: luna|move: Protect\n|-activate|p1b: diamond|move: Protect\n|move|p2b: Salamence|Double-Edge|p1a: luna\n|-activate|p1a: luna|move: Protect\n|\n|-weather|Snow|[upkeep]\n|upkeep\n|turn|7\n|\n|t:|1698285282\n|-terastallize|p1b: diamond|Water\n|detailschange|p1b: diamond|Ogerpon-Wellspring-Tera, F, tera:Water\n|-ability|p1b: diamond|Embody Aspect (Wellspring)|boost\n|-boost|p1b: diamond|spd|1\n|move|p2a: Minior|Rock Slide|p1b: diamond|[spread] p1a,p1b\n|-damage|p1a: luna|5\/100\n|-damage|p1b: diamond|0 fnt\n|faint|p1b: diamond\n|move|p2b: Salamence|Double-Edge|p1a: luna\n|-damage|p1a: luna|0 fnt\n|faint|p1a: luna\n|-damage|p2b: Salamence|99\/100|[from] Recoil\n|\n|-weather|Snow|[upkeep]\n|upkeep\n|inactive|mitsuri19 has 120 seconds left.\n|c|\u2606larsonshark|gg\n|c|\u2606mitsuri19|gg\n|\n|t:|1698285322\n|switch|p1a: coral|Milotic, F|100\/100\n|turn|8\n|\n|t:|1698285330\n|move|p2a: Minior|Earthquake|p1a: coral|[spread] p1a\n|-immune|p2b: Salamence\n|-damage|p1a: coral|47\/100\n|move|p2b: Salamence|Double-Edge|p1a: coral\n|-damage|p1a: coral|0 fnt\n|faint|p1a: coral\n|-damage|p2b: Salamence|83\/100|[from] Recoil\n|\n|win|larsonshark\n|raw|mitsuri19's rating: 1069 &rarr; <strong>1054<\/strong><br \/>(-15 for losing)\n|raw|larsonshark's rating: 1158 &rarr; <strong>1177<\/strong><br \/>(+19 for winning)\n|l|\u2606mitsuri19\n","uploadtime":1698285411,"views":15,"p1id":"mitsuri19","p2id":"larsonshark","formatid":"gen9nationaldexdoubles","rating":1054,"private":0,"password":""}