{"id":"gen9nationaldexdoubles-1981031105","p1":"Crosland","p2":"AdvancedDigit","format":"[Gen 9] National Dex Doubles","log":"|j|\u2606Crosland\n|j|\u2606AdvancedDigit\n|t:|1698858152\n|gametype|doubles\n|player|p1|Crosland|hiker-gen4|1353\n|player|p2|AdvancedDigit|hilbert|1277\n|teamsize|p1|6\n|teamsize|p2|6\n|gen|9\n|tier|[Gen 9] National Dex Doubles\n|rated|\n|rule|HP Percentage Mod: HP is shown in percentages\n|rule|Endless Battle Clause: Forcing endless battles is banned\n|rule|OHKO Clause: OHKO moves are banned\n|rule|Evasion Moves Clause: Evasion moves are banned\n|rule|Evasion Abilities Clause: Evasion abilities are banned\n|rule|Species Clause: Limit one of each Pok\u00e9mon\n|rule|Gravity Sleep Clause: The combination of sleep-inducing moves with imperfect accuracy and Gravity or Gigantamax Orbeetle are banned\n|clearpoke\n|poke|p1|Zygarde|\n|poke|p1|Zamazenta-*|\n|poke|p1|Jirachi|\n|poke|p1|Rillaboom, M|\n|poke|p1|Kangaskhan, F|\n|poke|p1|Glimmora, M|\n|poke|p2|Lilligant-Hisui, F|\n|poke|p2|Tornadus, M|\n|poke|p2|Malamar, M|\n|poke|p2|Gothitelle, M|\n|poke|p2|Charizard, F|\n|poke|p2|Garchomp, F|\n|teampreview\n|inactive|Battle timer is ON: inactive players will automatically lose when time's up. (requested by Crosland)\n|\n|t:|1698858164\n|start\n|switch|p1a: Zamazenta|Zamazenta|100\/100\n|switch|p1b: Zygarde|Zygarde|100\/100\n|switch|p2a: Garchomp|Garchomp, F|100\/100\n|switch|p2b: Tornadus|Tornadus, M|100\/100\n|-ability|p1a: Zamazenta|Dauntless Shield|boost\n|-boost|p1a: Zamazenta|def|1\n|-ability|p1b: Zygarde|Aura Break\n|turn|1\n|\n|t:|1698858170\n|-terastallize|p1b: Zygarde|Fire\n|move|p1a: Zamazenta|Coaching|p1b: Zygarde\n|-boost|p1b: Zygarde|atk|1\n|-boost|p1b: Zygarde|def|1\n|move|p2b: Tornadus|Icy Wind|p1b: Zygarde|[spread] p1a,p1b\n|-resisted|p1b: Zygarde\n|-damage|p1a: Zamazenta|89\/100\n|-damage|p1b: Zygarde|94\/100\n|-unboost|p1a: Zamazenta|spe|1\n|move|p2a: Garchomp|Dragon Claw|p1b: Zygarde\n|-damage|p1b: Zygarde|72\/100\n|move|p1b: Zygarde|Dragon Dance|p1b: Zygarde\n|-boost|p1b: Zygarde|atk|1\n|-boost|p1b: Zygarde|spe|1\n|\n|upkeep\n|turn|2\n|\n|t:|1698858184\n|move|p1b: Zygarde|Protect|p1b: Zygarde\n|-singleturn|p1b: Zygarde|Protect\n|move|p2b: Tornadus|Tailwind|p2b: Tornadus\n|-sidestart|p2: AdvancedDigit|move: Tailwind\n|move|p2a: Garchomp|Earthquake|p1b: Zygarde|[spread] p1a\n|-activate|p1b: Zygarde|move: Protect\n|-immune|p2b: Tornadus\n|-damage|p1a: Zamazenta|68\/100\n|move|p1a: Zamazenta|Coaching|p1b: Zygarde\n|-boost|p1b: Zygarde|atk|1\n|-boost|p1b: Zygarde|def|1\n|\n|upkeep\n|turn|3\n|\n|t:|1698858199\n|move|p2b: Tornadus|Bleakwind Storm|p1a: Zamazenta|[spread] p1a,p1b\n|-supereffective|p1a: Zamazenta\n|-damage|p1a: Zamazenta|4\/100\n|-damage|p1b: Zygarde|34\/100\n|-enditem|p1a: Zamazenta|Sitrus Berry|[eat]\n|-heal|p1a: Zamazenta|29\/100|[from] item: Sitrus Berry\n|move|p2a: Garchomp|Earthquake|p1b: Zygarde|[spread] p1a,p1b\n|-immune|p2b: Tornadus\n|-crit|p1a: Zamazenta\n|-supereffective|p1b: Zygarde\n|-damage|p1a: Zamazenta|0 fnt\n|-damage|p1b: Zygarde|0 fnt\n|faint|p1a: Zamazenta\n|faint|p1b: Zygarde\n|\n|upkeep\n|c|\u2606AdvancedDigit|zamn\n|\n|t:|1698858222\n|switch|p1a: Rillaboom|Rillaboom, M|100\/100\n|switch|p1b: Kangaskhan|Kangaskhan, F|100\/100\n|-fieldstart|move: Grassy Terrain|[from] ability: Grassy Surge|[of] p1a: Rillaboom\n|turn|4\n|\n|t:|1698858229\n|detailschange|p1b: Kangaskhan|Kangaskhan-Mega, F\n|-mega|p1b: Kangaskhan|Kangaskhan|Kangaskhanite\n|move|p1a: Rillaboom|Fake Out|p2b: Tornadus\n|-damage|p2b: Tornadus|80\/100\n|cant|p2b: Tornadus|flinch\n|move|p2a: Garchomp|Dragon Claw|p1b: Kangaskhan\n|-crit|p1b: Kangaskhan\n|-damage|p1b: Kangaskhan|46\/100\n|move|p1b: Kangaskhan|Seismic Toss|p2a: Garchomp\n|-damage|p2a: Garchomp|72\/100\n|-damage|p1b: Kangaskhan|34\/100|[from] ability: Rough Skin|[of] p2a: Garchomp\n|-damage|p2a: Garchomp|44\/100\n|-damage|p1b: Kangaskhan|22\/100|[from] ability: Rough Skin|[of] p2a: Garchomp\n|-hitcount|p2a: Garchomp|2\n|\n|-heal|p2b: Tornadus|86\/100|[from] item: Leftovers\n|-heal|p2a: Garchomp|51\/100|[from] Grassy Terrain\n|-heal|p1b: Kangaskhan|28\/100|[from] Grassy Terrain\n|upkeep\n|turn|5\n|\n|t:|1698858246\n|move|p1b: Kangaskhan|Protect|p1b: Kangaskhan\n|-singleturn|p1b: Kangaskhan|Protect\n|move|p2b: Tornadus|Icy Wind|p1b: Kangaskhan|[spread] p1a\n|-activate|p1b: Kangaskhan|move: Protect\n|-supereffective|p1a: Rillaboom\n|-damage|p1a: Rillaboom|84\/100\n|-unboost|p1a: Rillaboom|spe|1\n|move|p2a: Garchomp|Dragon Claw|p1b: Kangaskhan\n|-activate|p1b: Kangaskhan|move: Protect\n|move|p1a: Rillaboom|Wood Hammer|p2a: Garchomp\n|-damage|p2a: Garchomp|0 fnt\n|-damage|p1a: Rillaboom|71\/100|[from] ability: Rough Skin|[of] p2a: Garchomp\n|faint|p2a: Garchomp\n|-damage|p1a: Rillaboom|57\/100|[from] Recoil\n|\n|-heal|p2b: Tornadus|92\/100|[from] item: Leftovers\n|-heal|p1b: Kangaskhan|34\/100|[from] Grassy Terrain\n|-heal|p1a: Rillaboom|63\/100|[from] Grassy Terrain\n|-sideend|p2: AdvancedDigit|move: Tailwind\n|upkeep\n|\n|t:|1698858254\n|switch|p2a: Malamar|Malamar, M|100\/100\n|turn|6\n|\n|t:|1698858265\n|switch|p1b: Jirachi|Jirachi|100\/100\n|move|p2b: Tornadus|Defog|p2a: Malamar\n|-boost|p2a: Malamar|evasion|1\n|-fieldend|move: Grassy Terrain\n|move|p2a: Malamar|Superpower|p1b: Jirachi\n|-damage|p1b: Jirachi|75\/100\n|-boost|p2a: Malamar|atk|1\n|-boost|p2a: Malamar|def|1\n|move|p1a: Rillaboom|U-turn|p2a: Malamar|[miss]\n|-miss|p1a: Rillaboom|p2a: Malamar\n|\n|-heal|p2b: Tornadus|98\/100|[from] item: Leftovers\n|upkeep\n|turn|7\n|\n|t:|1698858283\n|-terastallize|p2a: Malamar|Steel\n|move|p2b: Tornadus|Icy Wind|p1a: Rillaboom|[spread] p1a,p1b\n|-supereffective|p1a: Rillaboom\n|-resisted|p1b: Jirachi\n|-damage|p1a: Rillaboom|44\/100\n|-damage|p1b: Jirachi|70\/100\n|-unboost|p1a: Rillaboom|spe|1\n|-unboost|p1b: Jirachi|spe|1\n|move|p2a: Malamar|Knock Off|p1b: Jirachi\n|-supereffective|p1b: Jirachi\n|-damage|p1b: Jirachi|0 fnt\n|-enditem|p1b: Jirachi|Safety Goggles|[from] move: Knock Off|[of] p2a: Malamar\n|faint|p1b: Jirachi\n|move|p1a: Rillaboom|U-turn|p2a: Malamar\n|-resisted|p2a: Malamar\n|-damage|p2a: Malamar|94\/100\n|\n|t:|1698858291\n|switch|p1a: Kangaskhan|Kangaskhan-Mega, F|34\/100|[from] U-turn\n|\n|-heal|p2b: Tornadus|100\/100|[from] item: Leftovers\n|-heal|p2a: Malamar|99\/100|[from] item: Leftovers\n|upkeep\n|\n|t:|1698858294\n|switch|p1b: Rillaboom|Rillaboom, M|44\/100\n|-fieldstart|move: Grassy Terrain|[from] ability: Grassy Surge|[of] p1b: Rillaboom\n|turn|8\n|\n|t:|1698858309\n|move|p2a: Malamar|Protect|p2a: Malamar\n|-singleturn|p2a: Malamar|Protect\n|move|p1b: Rillaboom|Fake Out|p2b: Tornadus\n|-damage|p2b: Tornadus|82\/100\n|cant|p2b: Tornadus|flinch\n|move|p1a: Kangaskhan|Seismic Toss|p2a: Malamar\n|-activate|p2a: Malamar|move: Protect\n|\n|-heal|p2b: Tornadus|88\/100|[from] item: Leftovers\n|-heal|p1a: Kangaskhan|40\/100|[from] Grassy Terrain\n|-heal|p1b: Rillaboom|51\/100|[from] Grassy Terrain\n|-heal|p2a: Malamar|100\/100|[from] Grassy Terrain\n|upkeep\n|turn|9\n|\n|t:|1698858321\n|move|p2b: Tornadus|Defog|p2a: Malamar\n|-boost|p2a: Malamar|evasion|1\n|-fieldend|move: Grassy Terrain\n|move|p1a: Kangaskhan|Seismic Toss|p2a: Malamar|[miss]\n|-miss|p1a: Kangaskhan|p2a: Malamar\n|move|p1b: Rillaboom|U-turn|p2b: Tornadus\n|-resisted|p2b: Tornadus\n|-damage|p2b: Tornadus|71\/100\n|\n|t:|1698858323\n|switch|p1b: Glimmora|Glimmora, M|100\/100|[from] U-turn\n|move|p2a: Malamar|Superpower|p1a: Kangaskhan\n|-supereffective|p1a: Kangaskhan\n|-damage|p1a: Kangaskhan|0 fnt\n|-boost|p2a: Malamar|atk|1\n|-boost|p2a: Malamar|def|1\n|faint|p1a: Kangaskhan\n|\n|-heal|p2b: Tornadus|77\/100|[from] item: Leftovers\n|upkeep\n|\n|t:|1698858324\n|switch|p1a: Rillaboom|Rillaboom, M|51\/100\n|-fieldstart|move: Grassy Terrain|[from] ability: Grassy Surge|[of] p1a: Rillaboom\n|turn|10\n|\n|t:|1698858333\n|move|p1a: Rillaboom|Fake Out|p2b: Tornadus\n|-damage|p2b: Tornadus|58\/100\n|cant|p2b: Tornadus|flinch\n|move|p1b: Glimmora|Earth Power|p2a: Malamar\n|-supereffective|p2a: Malamar\n|-damage|p2a: Malamar|33\/100\n|move|p2a: Malamar|Superpower|p1a: Rillaboom\n|-damage|p1a: Rillaboom|0 fnt\n|-boost|p2a: Malamar|atk|1\n|-boost|p2a: Malamar|def|1\n|faint|p1a: Rillaboom\n|\n|-heal|p2b: Tornadus|64\/100|[from] item: Leftovers\n|-heal|p2a: Malamar|40\/100|[from] Grassy Terrain\n|-heal|p2a: Malamar|46\/100|[from] item: Leftovers\n|upkeep\n|turn|11\n|\n|t:|1698858341\n|move|p2b: Tornadus|Defog|p2a: Malamar\n|-boost|p2a: Malamar|evasion|1\n|-fieldend|move: Grassy Terrain\n|move|p1b: Glimmora|Earth Power|p2a: Malamar|[miss]\n|-miss|p1b: Glimmora|p2a: Malamar\n|move|p2a: Malamar|Superpower|p1b: Glimmora\n|-enditem|p1b: Glimmora|Focus Sash\n|-damage|p1b: Glimmora|1\/100\n|-boost|p2a: Malamar|atk|1\n|-boost|p2a: Malamar|def|1\n|-activate|p1b: Glimmora|ability: Toxic Debris\n|-sidestart|p2: AdvancedDigit|move: Toxic Spikes\n|\n|-heal|p2b: Tornadus|70\/100|[from] item: Leftovers\n|-heal|p2a: Malamar|52\/100|[from] item: Leftovers\n|upkeep\n|turn|12\n|\n|t:|1698858349\n|move|p2b: Tornadus|Icy Wind|p1b: Glimmora|[miss]\n|-miss|p2b: Tornadus|p1b: Glimmora\n|move|p1b: Glimmora|Earth Power|p2a: Malamar\n|-supereffective|p2a: Malamar\n|-damage|p2a: Malamar|0 fnt\n|faint|p2a: Malamar\n|\n|-heal|p2b: Tornadus|76\/100|[from] item: Leftovers\n|upkeep\n|c|\u2606AdvancedDigit|gg\n|\n|t:|1698858356\n|switch|p2a: Lilligant|Lilligant-Hisui, F|100\/100\n|-status|p2a: Lilligant|psn\n|turn|13\n|\n|t:|1698858362\n|move|p2b: Tornadus|Icy Wind|p1b: Glimmora\n|-damage|p1b: Glimmora|0 fnt\n|faint|p1b: Glimmora\n|\n|win|AdvancedDigit\n|raw|Crosland's rating: 1353 &rarr; <strong>1329<\/strong><br \/>(-24 for losing)\n|raw|AdvancedDigit's rating: 1277 &rarr; <strong>1307<\/strong><br \/>(+30 for winning)\n|l|\u2606Crosland\n","uploadtime":1698858368,"views":7,"p1id":"crosland","p2id":"advanceddigit","formatid":"gen9nationaldexdoubles","rating":1307,"private":0,"password":""}