{"id":"gen9nationaldexdoubles-1947454477","p1":"Charvern","p2":"sawayoshi","format":"[Gen 9] National Dex Doubles","log":"|j|\u2606Charvern\n|j|\u2606sawayoshi\n|t:|1695162265\n|gametype|doubles\n|player|p1|Charvern|lucas-gen4pt|1070\n|player|p2|sawayoshi|266|1115\n|teamsize|p1|6\n|teamsize|p2|6\n|gen|9\n|tier|[Gen 9] National Dex Doubles\n|rated|\n|rule|HP Percentage Mod: HP is shown in percentages\n|rule|Endless Battle Clause: Forcing endless battles is banned\n|rule|OHKO Clause: OHKO moves are banned\n|rule|Evasion Moves Clause: Evasion moves are banned\n|rule|Evasion Abilities Clause: Evasion abilities are banned\n|rule|Species Clause: Limit one of each Pok\u00e9mon\n|rule|Gravity Sleep Clause: The combination of sleep-inducing moves with imperfect accuracy and Gravity or Gigantamax Orbeetle are banned\n|clearpoke\n|poke|p1|Toxtricity, M|\n|poke|p1|Noivern, M|\n|poke|p1|Gliscor, M|\n|poke|p1|Staraptor, M|\n|poke|p1|Sceptile, M|\n|poke|p1|Charizard, M|\n|poke|p2|Garganacl, M|\n|poke|p2|Gengar, F|\n|poke|p2|Swampert, F|\n|poke|p2|Zapdos|\n|poke|p2|Zoroark, M|\n|poke|p2|Mimikyu, F|\n|teampreview\n|c|\u2606Charvern|hi\n|c|\u2606Charvern|glhf\n|\n|t:|1695162298\n|start\n|switch|p1a: Blitz|Toxtricity, M|100\/100\n|switch|p1b: Sony|Noivern, M|100\/100\n|switch|p2a: Garganacl|Garganacl, M|100\/100\n|switch|p2b: Swampert|Swampert, F|100\/100\n|turn|1\n|c|\u2606sawayoshi|glhf!\n|\n|t:|1695162332\n|switch|p1a: Jungle|Sceptile, M|100\/100\n|move|p1b: Sony|Tailwind|p1b: Sony\n|-sidestart|p1: Charvern|move: Tailwind\n|move|p2b: Swampert|Stealth Rock|p1a: Jungle\n|-sidestart|p1: Charvern|move: Stealth Rock\n|move|p2a: Garganacl|Salt Cure|p1b: Sony\n|-supereffective|p1b: Sony\n|-damage|p1b: Sony|64\/100\n|-start|p1b: Sony|Salt Cure\n|\n|-damage|p1b: Sony|52\/100|[from] Salt Cure\n|upkeep\n|turn|2\n|\n|t:|1695162354\n|switch|p2b: Mimikyu|Mimikyu, F|100\/100\n|move|p2a: Garganacl|Protect|p2a: Garganacl\n|-singleturn|p2a: Garganacl|Protect\n|move|p1b: Sony|Hyper Voice|p2a: Garganacl|[spread] \n|-activate|p2a: Garganacl|move: Protect\n|-immune|p2b: Mimikyu\n|move|p1a: Jungle|Giga Drain|p2b: Mimikyu\n|-activate|p2b: Mimikyu|ability: Disguise\n|-damage|p2b: Mimikyu|100\/100\n|detailschange|p2b: Mimikyu|Mimikyu-Busted, F\n|-damage|p2b: Mimikyu|88\/100|[from] pokemon: Mimikyu-Busted\n|\n|-damage|p1b: Sony|39\/100|[from] Salt Cure\n|upkeep\n|turn|3\n|\n|t:|1695162389\n|move|p1b: Sony|Heat Wave|p2a: Garganacl|[spread] p2a,p2b\n|-resisted|p2a: Garganacl\n|-crit|p2a: Garganacl\n|-crit|p2b: Mimikyu\n|-damage|p2a: Garganacl|84\/100\n|-damage|p2b: Mimikyu|54\/100\n|move|p1a: Jungle|Giga Drain|p2a: Garganacl\n|-supereffective|p2a: Garganacl\n|-damage|p2a: Garganacl|33\/100\n|move|p2b: Mimikyu|Curse|p1a: Jungle\n|-start|p1a: Jungle|Curse|[of] p2b: Mimikyu\n|-damage|p2b: Mimikyu|4\/100\n|-enditem|p2b: Mimikyu|Aguav Berry|[eat]\n|-heal|p2b: Mimikyu|37\/100|[from] item: Aguav Berry\n|move|p2a: Garganacl|Recover|p2a: Garganacl\n|-heal|p2a: Garganacl|83\/100\n|\n|-damage|p1a: Jungle|75\/100|[from] Curse\n|-damage|p1b: Sony|27\/100|[from] Salt Cure\n|upkeep\n|turn|4\n|\n|t:|1695162425\n|move|p2a: Garganacl|Protect|p2a: Garganacl\n|-singleturn|p2a: Garganacl|Protect\n|move|p1b: Sony|Heat Wave|p2a: Garganacl|[spread] p2b\n|-activate|p2a: Garganacl|move: Protect\n|-damage|p2b: Mimikyu|13\/100\n|move|p1a: Jungle|Solar Beam||[still]\n|-prepare|p1a: Jungle|Solar Beam\n|move|p2b: Mimikyu|Pain Split|p1a: Jungle\n|-sethp|p1a: Jungle|44\/100|[from] move: Pain Split|[silent]\n|-sethp|p2b: Mimikyu|48\/100|[from] move: Pain Split\n|\n|-heal|p1a: Jungle|50\/100|[from] item: Leftovers\n|-damage|p1a: Jungle|25\/100|[from] Curse\n|-damage|p1b: Sony|15\/100|[from] Salt Cure\n|-sideend|p1: Charvern|move: Tailwind\n|upkeep\n|turn|5\n|\n|t:|1695162449\n|switch|p2a: Zapdos|Zapdos|100\/100\n|move|p2b: Mimikyu|Protect|p2b: Mimikyu\n|-singleturn|p2b: Mimikyu|Protect\n|move|p1b: Sony|Dark Pulse|p2b: Mimikyu\n|-activate|p2b: Mimikyu|move: Protect\n|move|p1a: Jungle|Solar Beam|p2a: Zapdos|[from]lockedmove\n|-resisted|p2a: Zapdos\n|-damage|p2a: Zapdos|64\/100\n|\n|-heal|p1a: Jungle|31\/100|[from] item: Leftovers\n|-damage|p1a: Jungle|6\/100|[from] Curse\n|-damage|p1b: Sony|3\/100|[from] Salt Cure\n|upkeep\n|turn|6\n|\n|t:|1695162484\n|switch|p2b: Garganacl|Garganacl, M|83\/100\n|move|p2a: Zapdos|Protect|p2a: Zapdos\n|-singleturn|p2a: Zapdos|Protect\n|move|p1b: Sony|Dark Pulse|p2b: Garganacl\n|-damage|p2b: Garganacl|60\/100\n|move|p1a: Jungle|Dragon Pulse|p2a: Zapdos\n|-activate|p2a: Zapdos|move: Protect\n|\n|-heal|p1a: Jungle|12\/100|[from] item: Leftovers\n|-damage|p1a: Jungle|0 fnt|[from] Curse\n|faint|p1a: Jungle\n|-damage|p1b: Sony|0 fnt|[from] Salt Cure\n|faint|p1b: Sony\n|upkeep\n|-message|Charvern forfeited.\n|\n|win|sawayoshi\n|raw|Charvern's rating: 1070 &rarr; <strong>1052<\/strong><br \/>(-18 for losing)\n|raw|sawayoshi's rating: 1115 &rarr; <strong>1137<\/strong><br \/>(+22 for winning)\n|l|\u2606Charvern\n","uploadtime":1695162516,"views":3,"p1id":"charvern","p2id":"sawayoshi","formatid":"gen9nationaldexdoubles","rating":1052,"private":0,"password":""}