{"id":"gen9nationaldexdoubles-1985301666","p1":"psng","p2":"IDKwhatnameIwhat","format":"[Gen 9] National Dex Doubles","log":"|j|\u2606psng\n|j|\u2606IDKwhatnameIwhat\n|t:|1699362063\n|gametype|doubles\n|player|p1|psng|wallace|1290\n|player|p2|IDKwhatnameIwhat|rocketgrunt|1152\n|teamsize|p1|6\n|teamsize|p2|6\n|gen|9\n|tier|[Gen 9] National Dex Doubles\n|rated|\n|rule|HP Percentage Mod: HP is shown in percentages\n|rule|Endless Battle Clause: Forcing endless battles is banned\n|rule|OHKO Clause: OHKO moves are banned\n|rule|Evasion Moves Clause: Evasion moves are banned\n|rule|Evasion Abilities Clause: Evasion abilities are banned\n|rule|Species Clause: Limit one of each Pok\u00e9mon\n|rule|Gravity Sleep Clause: The combination of sleep-inducing moves with imperfect accuracy and Gravity or Gigantamax Orbeetle are banned\n|clearpoke\n|poke|p1|Chien-Pao|\n|poke|p1|Zapdos|\n|poke|p1|Pelipper, F|\n|poke|p1|Swampert, M|\n|poke|p1|Klefki, F|\n|poke|p1|Sinistcha|\n|poke|p2|Jirachi|\n|poke|p2|Diancie|\n|poke|p2|Indeedee-F, F|\n|poke|p2|Beedrill, M|\n|poke|p2|Incineroar, M|\n|poke|p2|Blastoise, M|\n|teampreview\n|inactive|Battle timer is ON: inactive players will automatically lose when time's up. (requested by psng)\n|\n|t:|1699362071\n|start\n|switch|p1a: Pelipper|Pelipper, F, shiny|100\/100\n|switch|p1b: Klefki|Klefki, F, shiny|100\/100\n|switch|p2a: Blastoise|Blastoise, M, shiny|100\/100\n|switch|p2b: Incineroar|Incineroar, M, shiny|100\/100\n|-weather|RainDance|[from] ability: Drizzle|[of] p1a: Pelipper\n|-ability|p2b: Incineroar|Intimidate|boost\n|-unboost|p1a: Pelipper|atk|1\n|-unboost|p1b: Klefki|atk|1\n|turn|1\n|\n|t:|1699362088\n|move|p1b: Klefki|Light Screen|p1b: Klefki\n|-sidestart|p1: psng|move: Light Screen\n|move|p1a: Pelipper|Tailwind|p1a: Pelipper\n|-sidestart|p1: psng|move: Tailwind\n|move|p2a: Blastoise|Water Pledge|p1b: Klefki\n|-waiting|p2a: Blastoise|p2b: Incineroar\n|move|p2b: Incineroar|Fire Pledge|p1b: Klefki|[from]move: Water Pledge\n|-combine\n|-damage|p1b: Klefki|51\/100\n|-sidestart|p2: IDKwhatnameIwhat|Water Pledge\n|\n|-weather|RainDance|[upkeep]\n|upkeep\n|turn|2\n|\n|t:|1699362113\n|switch|p1a: Sinistcha|Sinistcha, shiny|100\/100\n|-heal|p1b: Klefki|76\/100|[from] ability: Hospitality|[of] p1a: Sinistcha\n|move|p2a: Blastoise|Follow Me|p2a: Blastoise\n|-singleturn|p2a: Blastoise|move: Follow Me\n|move|p1b: Klefki|Reflect|p1b: Klefki\n|-sidestart|p1: psng|Reflect\n|move|p2b: Incineroar|Parting Shot|p1a: Sinistcha\n|-unboost|p1a: Sinistcha|atk|1\n|-unboost|p1a: Sinistcha|spa|1\n|\n|t:|1699362123\n|switch|p2b: Jirachi|Jirachi, shiny|100\/100|[from] Parting Shot\n|\n|-weather|RainDance|[upkeep]\n|upkeep\n|turn|3\n|\n|t:|1699362142\n|switch|p1b: Swampert|Swampert, M, shiny|100\/100\n|move|p2a: Blastoise|Follow Me|p2a: Blastoise\n|-singleturn|p2a: Blastoise|move: Follow Me\n|move|p1a: Sinistcha|Matcha Gotcha|p2b: Jirachi|[spread] p2b\n|-miss|p1a: Sinistcha|p2a: Blastoise\n|-resisted|p2b: Jirachi\n|-damage|p2b: Jirachi|93\/100\n|move|p2b: Jirachi|Ancient Power|p1b: Swampert\n|-resisted|p1b: Swampert\n|-damage|p1b: Swampert|95\/100\n|\n|-weather|RainDance|[upkeep]\n|upkeep\n|turn|4\n|\n|t:|1699362163\n|detailschange|p1b: Swampert|Swampert-Mega, M, shiny\n|-mega|p1b: Swampert|Swampert|Swampertite\n|move|p2a: Blastoise|Follow Me|p2a: Blastoise\n|-singleturn|p2a: Blastoise|move: Follow Me\n|move|p1b: Swampert|Earthquake|p2b: Jirachi|[spread] p1a,p2a,p2b\n|-resisted|p1a: Sinistcha\n|-supereffective|p2b: Jirachi\n|-damage|p1a: Sinistcha|89\/100\n|-damage|p2a: Blastoise|55\/100\n|-damage|p2b: Jirachi|0 fnt\n|faint|p2b: Jirachi\n|move|p1a: Sinistcha|Matcha Gotcha|p2a: Blastoise\n|-supereffective|p2a: Blastoise\n|-damage|p2a: Blastoise|16\/100\n|-heal|p1a: Sinistcha|100\/100|[from] drain|[of] p2a: Blastoise\n|\n|-weather|RainDance|[upkeep]\n|-sideend|p1: psng|move: Tailwind\n|-sideend|p2: IDKwhatnameIwhat|Water Pledge\n|upkeep\n|\n|t:|1699362179\n|switch|p2b: Incineroar|Incineroar, M, shiny|100\/100\n|-ability|p2b: Incineroar|Intimidate|boost\n|-unboost|p1a: Sinistcha|atk|1\n|-unboost|p1b: Swampert|atk|1\n|turn|5\n|\n|t:|1699362186\n|switch|p1a: Chien-Pao|Chien-Pao|100\/100\n|-ability|p1a: Chien-Pao|Sword of Ruin\n|move|p2a: Blastoise|Follow Me|p2a: Blastoise\n|-singleturn|p2a: Blastoise|move: Follow Me\n|move|p1b: Swampert|Earthquake|p2b: Incineroar|[spread] p1a,p2a,p2b\n|-supereffective|p2b: Incineroar\n|-damage|p1a: Chien-Pao|73\/100\n|-damage|p2a: Blastoise|0 fnt\n|-damage|p2b: Incineroar|26\/100\n|faint|p2a: Blastoise\n|move|p2b: Incineroar|Parting Shot|p1b: Swampert\n|-unboost|p1b: Swampert|atk|1\n|-unboost|p1b: Swampert|spa|1\n|\n|t:|1699362203\n|switch|p2b: Indeedee|Indeedee-F, F, shiny|100\/100|[from] Parting Shot\n|-fieldstart|move: Psychic Terrain|[from] ability: Psychic Surge|[of] p2b: Indeedee\n|-enditem|p2b: Indeedee|Psychic Seed\n|-boost|p2b: Indeedee|spd|1|[from] item: Psychic Seed\n|\n|-weather|none\n|upkeep\n|\n|t:|1699362206\n|switch|p2a: Beedrill|Beedrill, M|100\/100\n|turn|6\n|\n|t:|1699362219\n|switch|p1b: Pelipper|Pelipper, F, shiny|100\/100\n|-weather|RainDance|[from] ability: Drizzle|[of] p1b: Pelipper\n|detailschange|p2a: Beedrill|Beedrill-Mega, M\n|-mega|p2a: Beedrill|Beedrill|Beedrillite\n|move|p2b: Indeedee|Follow Me|p2b: Indeedee\n|-singleturn|p2b: Indeedee|move: Follow Me\n|move|p2a: Beedrill|Knock Off|p1b: Pelipper\n|-damage|p1b: Pelipper|56\/100\n|-enditem|p1b: Pelipper|Focus Sash|[from] move: Knock Off|[of] p2a: Beedrill\n|move|p1a: Chien-Pao|Ice Spinner|p2b: Indeedee\n|-damage|p2b: Indeedee|7\/100\n|-fieldend|move: Psychic Terrain\n|-damage|p1a: Chien-Pao|63\/100|[from] item: Life Orb\n|\n|-weather|RainDance|[upkeep]\n|upkeep\n|turn|7\n|inactive|IDKwhatnameIwhat has 120 seconds left.\n|\n|t:|1699362250\n|move|p2b: Indeedee|Protect|p2b: Indeedee\n|-singleturn|p2b: Indeedee|Protect\n|move|p2a: Beedrill|Drill Run|p1a: Chien-Pao\n|-damage|p1a: Chien-Pao|33\/100\n|move|p1a: Chien-Pao|Ice Spinner|p2b: Indeedee\n|-activate|p2b: Indeedee|move: Protect\n|move|p1b: Pelipper|Tailwind|p1b: Pelipper\n|-sidestart|p1: psng|move: Tailwind\n|\n|-weather|RainDance|[upkeep]\n|upkeep\n|turn|8\n|\n|t:|1699362269\n|move|p2b: Indeedee|Follow Me|p2b: Indeedee\n|-singleturn|p2b: Indeedee|move: Follow Me\n|move|p1a: Chien-Pao|Ice Spinner|p2b: Indeedee\n|-damage|p2b: Indeedee|0 fnt\n|faint|p2b: Indeedee\n|-damage|p1a: Chien-Pao|23\/100|[from] item: Life Orb\n|move|p1b: Pelipper|Scald|p2a: Beedrill\n|-damage|p2a: Beedrill|13\/100\n|move|p2a: Beedrill|Drill Run|p1a: Chien-Pao\n|-damage|p1a: Chien-Pao|0 fnt\n|faint|p1a: Chien-Pao\n|\n|-weather|RainDance|[upkeep]\n|-sideend|p1: psng|move: Light Screen\n|upkeep\n|\n|t:|1699362285\n|switch|p1a: Klefki|Klefki, F, shiny|76\/100\n|switch|p2b: Diancie|Diancie, shiny|100\/100\n|turn|9\n|\n|t:|1699362298\n|move|p1b: Pelipper|Scald|p2a: Beedrill\n|-damage|p2a: Beedrill|0 fnt\n|faint|p2a: Beedrill\n|move|p1a: Klefki|Steel Beam|p2b: Diancie\n|-supereffective|p2b: Diancie\n|-damage|p2b: Diancie|0 fnt\n|-damage|p1a: Klefki|26\/100|[from] steelbeam\n|faint|p2b: Diancie\n|\n|-weather|RainDance|[upkeep]\n|-sideend|p1: psng|Reflect\n|upkeep\n|\n|t:|1699362307\n|switch|p2b: Incineroar|Incineroar, M, shiny|26\/100\n|-ability|p2b: Incineroar|Intimidate|boost\n|-unboost|p1a: Klefki|atk|1\n|-unboost|p1b: Pelipper|atk|1\n|turn|10\n|\n|t:|1699362314\n|move|p1a: Klefki|Reflect|p1a: Klefki\n|-sidestart|p1: psng|Reflect\n|move|p1b: Pelipper|Scald|p2b: Incineroar\n|-supereffective|p2b: Incineroar\n|-damage|p2b: Incineroar|0 fnt\n|faint|p2b: Incineroar\n|\n|win|psng\n|raw|psng's rating: 1290 &rarr; <strong>1306<\/strong><br \/>(+16 for winning)\n|raw|IDKwhatnameIwhat's rating: 1152 &rarr; <strong>1136<\/strong><br \/>(-16 for losing)\n","uploadtime":1699362323,"views":6,"p1id":"psng","p2id":"idkwhatnameiwhat","formatid":"gen9nationaldexdoubles","rating":1136,"private":0,"password":""}