{"id":"gen9nationaldexdoubles-1967031856","p1":"Mokaccino321","p2":"ZioMioDio","format":"[Gen 9] National Dex Doubles","log":"|j|\u2606Mokaccino321\n|j|\u2606ZioMioDio\n|t:|1697246313\n|gametype|doubles\n|player|p1|Mokaccino321|266|\n|player|p2|ZioMioDio|acetrainer-gen4dp|\n|teamsize|p1|6\n|teamsize|p2|6\n|gen|9\n|tier|[Gen 9] National Dex Doubles\n|rule|HP Percentage Mod: HP is shown in percentages\n|rule|Endless Battle Clause: Forcing endless battles is banned\n|rule|OHKO Clause: OHKO moves are banned\n|rule|Evasion Moves Clause: Evasion moves are banned\n|rule|Evasion Abilities Clause: Evasion abilities are banned\n|rule|Species Clause: Limit one of each Pok\u00e9mon\n|rule|Gravity Sleep Clause: The combination of sleep-inducing moves with imperfect accuracy and Gravity or Gigantamax Orbeetle are banned\n|clearpoke\n|poke|p1|Cradily, F|\n|poke|p1|Aerodactyl, M|\n|poke|p1|Lycanroc-Dusk, F|\n|poke|p1|Nihilego|\n|poke|p1|Tyranitar, M|\n|poke|p1|Aggron, F|\n|poke|p2|Cursola, M|\n|poke|p2|Swampert, F|\n|poke|p2|Toxapex, M|\n|poke|p2|Electrode|\n|poke|p2|Gliscor, M|\n|poke|p2|Rillaboom, F|\n|teampreview\n|\n|t:|1697246336\n|start\n|switch|p1a: Aerodactyl|Aerodactyl, M|100\/100\n|switch|p1b: Nihilego|Nihilego|100\/100\n|switch|p2a: Cursola|Cursola, M, shiny|100\/100\n|switch|p2b: Gliscor|Gliscor, M, shiny|100\/100\n|-ability|p1a: Aerodactyl|Unnerve\n|turn|1\n|\n|t:|1697246361\n|move|p1a: Aerodactyl|Tailwind|p1a: Aerodactyl\n|-sidestart|p1: Mokaccino321|move: Tailwind\n|-zpower|p1b: Nihilego\n|move|p1b: Nihilego|Continental Crush|p2b: Gliscor|[zeffect]\n|-damage|p2b: Gliscor|0 fnt\n|faint|p2b: Gliscor\n|-ability|p1b: Nihilego|Beast Boost|boost\n|-boost|p1b: Nihilego|spa|1\n|move|p2a: Cursola|Will-O-Wisp|p1b: Nihilego\n|-status|p1b: Nihilego|brn\n|\n|-damage|p1b: Nihilego|94\/100 brn|[from] brn\n|upkeep\n|\n|t:|1697246379\n|switch|p2b: Toxapex|Toxapex, M|100\/100\n|turn|2\n|\n|t:|1697246390\n|move|p2b: Toxapex|Baneful Bunker|p2b: Toxapex\n|-singleturn|p2b: Toxapex|move: Protect\n|move|p1a: Aerodactyl|Sky Drop|p2b: Toxapex\n|-activate|p2b: Toxapex|move: Protect\n|move|p1b: Nihilego|Power Gem|p2a: Cursola\n|-damage|p2a: Cursola|55\/100\n|move|p2a: Cursola|Hex|p1b: Nihilego\n|-damage|p1b: Nihilego|22\/100 brn\n|-damage|p2a: Cursola|45\/100|[from] item: Life Orb\n|\n|-damage|p1b: Nihilego|16\/100 brn|[from] brn\n|upkeep\n|turn|3\n|\n|t:|1697246409\n|move|p1a: Aerodactyl|Sky Drop||[still]\n|-prepare|p1a: Aerodactyl|Sky Drop|p2b: Toxapex\n|move|p1b: Nihilego|Power Gem|p2a: Cursola\n|-damage|p2a: Cursola|0 fnt\n|faint|p2a: Cursola\n|-ability|p1b: Nihilego|Beast Boost|boost\n|-boost|p1b: Nihilego|spa|1\n|\n|-damage|p1b: Nihilego|9\/100 brn|[from] brn\n|upkeep\n|\n|t:|1697246417\n|switch|p2a: Electrode|Electrode|100\/100\n|turn|4\n|c|\u2606ZioMioDio|Yo i forgot to put my item on electrode\n|c|\u2606ZioMioDio|Still play?\n|c|\u2606Mokaccino321|ya\n|\n|t:|1697246449\n|move|p1a: Aerodactyl|Sky Drop|p2b: Toxapex|[from]lockedmove\n|-damage|p2b: Toxapex|82\/100\n|-end|p2b: Toxapex|Sky Drop\n|move|p1b: Nihilego|Power Gem|p2a: Electrode\n|-damage|p2a: Electrode|0 fnt\n|faint|p2a: Electrode\n|-ability|p1b: Nihilego|Beast Boost|boost\n|-boost|p1b: Nihilego|spa|1\n|\n|-heal|p2b: Toxapex|88\/100|[from] item: Black Sludge\n|-damage|p1b: Nihilego|3\/100 brn|[from] brn\n|-sideend|p1: Mokaccino321|move: Tailwind\n|upkeep\n|\n|t:|1697246460\n|switch|p2a: Swampert|Swampert, F, shiny|100\/100\n|turn|5\n|\n|t:|1697246478\n|detailschange|p2a: Swampert|Swampert-Mega, F, shiny\n|-mega|p2a: Swampert|Swampert|Swampertite\n|move|p2b: Toxapex|Baneful Bunker|p2b: Toxapex\n|-singleturn|p2b: Toxapex|move: Protect\n|move|p1a: Aerodactyl|Tailwind|p1a: Aerodactyl\n|-sidestart|p1: Mokaccino321|move: Tailwind\n|move|p1b: Nihilego|Grass Knot|p2a: Swampert\n|-supereffective|p2a: Swampert\n|-damage|p2a: Swampert|0 fnt\n|faint|p2a: Swampert\n|-ability|p1b: Nihilego|Beast Boost|boost\n|-boost|p1b: Nihilego|spa|1\n|\n|-heal|p2b: Toxapex|94\/100|[from] item: Black Sludge\n|-damage|p1b: Nihilego|0 fnt|[from] brn\n|faint|p1b: Nihilego\n|upkeep\n|\n|t:|1697246493\n|switch|p1b: Lycanroc|Lycanroc-Dusk, F|100\/100\n|switch|p2a: Rillaboom|Rillaboom, F|100\/100\n|turn|6\n|\n|t:|1697246504\n|move|p1a: Aerodactyl|Sky Drop||[still]\n|-prepare|p1a: Aerodactyl|Sky Drop|p2b: Toxapex\n|move|p1b: Lycanroc|Fire Fang|p2a: Rillaboom\n|-supereffective|p2a: Rillaboom\n|-damage|p2a: Rillaboom|0 fnt\n|faint|p2a: Rillaboom\n|\n|-heal|p2b: Toxapex|100\/100|[from] item: Black Sludge\n|upkeep\n|turn|7\n|\n|t:|1697246513\n|switch|p1b: Cradily|Cradily, F|100\/100\n|move|p1a: Aerodactyl|Sky Drop|p2b: Toxapex|[from]lockedmove\n|-damage|p2b: Toxapex|82\/100\n|-end|p2b: Toxapex|Sky Drop\n|move|p2b: Toxapex|Recover|p2b: Toxapex\n|-heal|p2b: Toxapex|100\/100\n|\n|upkeep\n|turn|8\n|\n|t:|1697246524\n|move|p1a: Aerodactyl|Taunt|p2b: Toxapex\n|-start|p2b: Toxapex|move: Taunt\n|move|p1b: Cradily|Earth Power|p2b: Toxapex\n|-supereffective|p2b: Toxapex\n|-damage|p2b: Toxapex|71\/100\n|move|p2b: Toxapex|Liquidation|p1b: Cradily\n|-activate|p1b: Cradily|ability: Storm Drain\n|-ability|p1b: Cradily|Storm Drain|boost\n|-boost|p1b: Cradily|spa|1\n|\n|-heal|p2b: Toxapex|77\/100|[from] item: Black Sludge\n|-sideend|p1: Mokaccino321|move: Tailwind\n|upkeep\n|turn|9\n|\n|t:|1697246538\n|switch|p1a: Tyranitar|Tyranitar, M|100\/100\n|-weather|Sandstorm|[from] ability: Sand Stream|[of] p1a: Tyranitar\n|move|p1b: Cradily|Earth Power|p2b: Toxapex\n|-supereffective|p2b: Toxapex\n|-damage|p2b: Toxapex|35\/100\n|move|p2b: Toxapex|Liquidation|p1b: Cradily\n|-activate|p1b: Cradily|ability: Storm Drain\n|-ability|p1b: Cradily|Storm Drain|boost\n|-boost|p1b: Cradily|spa|1\n|\n|-weather|Sandstorm|[upkeep]\n|-damage|p2b: Toxapex|29\/100|[from] Sandstorm\n|-heal|p2b: Toxapex|35\/100|[from] item: Black Sludge\n|upkeep\n|turn|10\n|\n|t:|1697246557\n|move|p1a: Tyranitar|Crunch|p2b: Toxapex\n|-damage|p2b: Toxapex|0 fnt\n|faint|p2b: Toxapex\n|-damage|p1a: Tyranitar|91\/100|[from] item: Life Orb\n|\n|win|Mokaccino321\n|c|\u2606Mokaccino321|gg but we can do a rematch for fun\n|c|\u2606Mokaccino321|if you want\n|l|\u2606ZioMioDio\n|c|\u2606Mokaccino321|so  you can put items on your electrode\n","uploadtime":1697246569,"views":15,"p1id":"mokaccino321","p2id":"ziomiodio","formatid":"gen9nationaldexdoubles","rating":0,"private":0,"password":""}