{"id":"gen9nationaldexdoubles-1973222958","p1":"MathHacker","p2":"hongwengdragon","format":"[Gen 9] National Dex Doubles","log":"|j|\u2606MathHacker\n|j|\u2606hongwengdragon\n|t:|1697941226\n|gametype|doubles\n|player|p1|MathHacker|richboy-gen4|1415\n|player|p2|hongwengdragon|265|1377\n|teamsize|p1|6\n|teamsize|p2|6\n|gen|9\n|tier|[Gen 9] National Dex Doubles\n|rated|\n|rule|HP Percentage Mod: HP is shown in percentages\n|rule|Endless Battle Clause: Forcing endless battles is banned\n|rule|OHKO Clause: OHKO moves are banned\n|rule|Evasion Moves Clause: Evasion moves are banned\n|rule|Evasion Abilities Clause: Evasion abilities are banned\n|rule|Species Clause: Limit one of each Pok\u00e9mon\n|rule|Gravity Sleep Clause: The combination of sleep-inducing moves with imperfect accuracy and Gravity or Gigantamax Orbeetle are banned\n|clearpoke\n|poke|p1|Shuckle, M|\n|poke|p1|Pelipper, F|\n|poke|p1|Cresselia, F|\n|poke|p1|Torkoal, M|\n|poke|p1|Oranguru, F|\n|poke|p1|Ursaluna, M|\n|poke|p2|Excadrill, M|\n|poke|p2|Houndstone, F|\n|poke|p2|Dracovish|\n|poke|p2|Rillaboom, F|\n|poke|p2|Iron Valiant|\n|poke|p2|Tyranitar, M|\n|teampreview\n|\n|t:|1697941275\n|start\n|switch|p1a: Shucky|Shuckle, M, shiny|100\/100\n|switch|p1b: munke|Oranguru, F|100\/100\n|switch|p2a: Dracovish|Dracovish|100\/100\n|switch|p2b: Excadrill|Excadrill, M|100\/100\n|turn|1\n|\n|t:|1697941297\n|move|p2b: Excadrill|Rock Slide|p1a: Shucky|[spread] p1a,p1b\n|-supereffective|p1a: Shucky\n|-damage|p1a: Shucky|78\/100\n|-damage|p1b: munke|82\/100\n|move|p2a: Dracovish|Fishious Rend|p1b: munke\n|-damage|p1b: munke|0 fnt\n|faint|p1b: munke\n|move|p1a: Shucky|Power Trick|p1a: Shucky\n|-start|p1a: Shucky|Power Trick\n|\n|upkeep\n|\n|t:|1697941330\n|switch|p1b: Cresselia|Cresselia, F, shiny|100\/100\n|turn|2\n|\n|t:|1697941340\n|move|p1a: Shucky|Protect|p1a: Shucky\n|-singleturn|p1a: Shucky|Protect\n|move|p2b: Excadrill|Iron Head|p1b: Cresselia\n|-damage|p1b: Cresselia|72\/100\n|move|p2a: Dracovish|Fishious Rend|p1a: Shucky\n|-activate|p1a: Shucky|move: Protect\n|cant|p1b: Cresselia|flinch\n|\n|-heal|p1b: Cresselia|78\/100|[from] item: Leftovers\n|upkeep\n|turn|3\n|\n|t:|1697941371\n|switch|p1b: Yertle|Torkoal, M|100\/100\n|-weather|SunnyDay|[from] ability: Drought|[of] p1b: Yertle\n|move|p2b: Excadrill|Iron Head|p1b: Yertle\n|-resisted|p1b: Yertle\n|-damage|p1b: Yertle|80\/100\n|move|p2a: Dracovish|Fishious Rend|p1a: Shucky\n|-supereffective|p1a: Shucky\n|-damage|p1a: Shucky|0 fnt\n|faint|p1a: Shucky\n|\n|-weather|SunnyDay|[upkeep]\n|upkeep\n|\n|t:|1697941385\n|switch|p1a: Cresselia|Cresselia, F, shiny|78\/100\n|turn|4\n|\n|t:|1697941405\n|switch|p2b: Tyranitar|Tyranitar, M|100\/100\n|-weather|Sandstorm|[from] ability: Sand Stream|[of] p2b: Tyranitar\n|move|p1b: Yertle|Protect|p1b: Yertle\n|-singleturn|p1b: Yertle|Protect\n|move|p2a: Dracovish|Fishious Rend|p1a: Cresselia\n|-damage|p1a: Cresselia|16\/100\n|move|p1a: Cresselia|Trick Room|p1a: Cresselia\n|-fieldstart|move: Trick Room|[of] p1a: Cresselia\n|\n|-weather|Sandstorm|[upkeep]\n|-damage|p1b: Yertle|74\/100|[from] Sandstorm\n|-damage|p1a: Cresselia|10\/100|[from] Sandstorm\n|-heal|p1a: Cresselia|16\/100|[from] item: Leftovers\n|upkeep\n|turn|5\n|inactive|Battle timer is ON: inactive players will automatically lose when time's up. (requested by hongwengdragon)\n|inactive|MathHacker has 120 seconds left.\n|\n|t:|1697941477\n|-activate|p1b: Yertle|move: Pursuit\n|detailschange|p2b: Tyranitar|Tyranitar-Mega, M\n|-mega|p2b: Tyranitar|Tyranitar|Tyranitarite\n|move|p2b: Tyranitar|Pursuit|p1b: Yertle|[from]Pursuit\n|-damage|p1b: Yertle|24\/100\n|switch|p1b: Bird|Pelipper, F|100\/100\n|-weather|RainDance|[from] ability: Drizzle|[of] p1b: Bird\n|switch|p1a: ber|Ursaluna, M|100\/100\n|move|p2a: Dracovish|Fishious Rend|p1b: Bird\n|-resisted|p1b: Bird\n|-damage|p1b: Bird|18\/100\n|\n|-weather|RainDance|[upkeep]\n|-status|p1a: ber|brn|[from] item: Flame Orb\n|upkeep\n|turn|6\n|\n|t:|1697941507\n|move|p1a: ber|Earthquake|p2b: Tyranitar|[spread] p2a,p2b\n|-immune|p1b: Bird\n|-supereffective|p2b: Tyranitar\n|-damage|p2a: Dracovish|28\/100\n|-damage|p2b: Tyranitar|24\/100\n|move|p1b: Bird|Hurricane|p2a: Dracovish\n|-damage|p2a: Dracovish|0 fnt\n|faint|p2a: Dracovish\n|move|p2b: Tyranitar|Rock Slide|p1a: ber|[spread] p1a\n|-miss|p2b: Tyranitar|p1b: Bird\n|-resisted|p1a: ber\n|-damage|p1a: ber|85\/100 brn\n|\n|-weather|RainDance|[upkeep]\n|-damage|p1a: ber|79\/100 brn|[from] brn\n|upkeep\n|\n|t:|1697941520\n|switch|p2a: Houndstone|Houndstone, F|100\/100\n|turn|7\n|\n|t:|1697941532\n|switch|p2b: Rillaboom|Rillaboom, F|100\/100\n|-fieldstart|move: Grassy Terrain|[from] ability: Grassy Surge|[of] p2b: Rillaboom\n|move|p2a: Houndstone|Shadow Sneak|p1b: Bird\n|-damage|p1b: Bird|0 fnt\n|faint|p1b: Bird\n|move|p1a: ber|Earthquake|p2b: Rillaboom|[spread] p2a,p2b\n|-resisted|p2b: Rillaboom\n|-damage|p2a: Houndstone|60\/100\n|-damage|p2b: Rillaboom|86\/100\n|\n|-weather|RainDance|[upkeep]\n|-heal|p1a: ber|85\/100 brn|[from] Grassy Terrain\n|-heal|p2b: Rillaboom|92\/100|[from] Grassy Terrain\n|-heal|p2a: Houndstone|66\/100|[from] Grassy Terrain\n|-damage|p1a: ber|79\/100 brn|[from] brn\n|upkeep\n|j| Mcgrillin\n|inactive|MathHacker has 120 seconds left.\n|\n|t:|1697941558\n|switch|p1b: Cresselia|Cresselia, F, shiny|16\/100\n|turn|8\n|\n|t:|1697941568\n|move|p2b: Rillaboom|Fake Out|p1a: ber\n|-damage|p1a: ber|66\/100 brn\n|move|p1b: Cresselia|Ally Switch|p1b: Cresselia\n|swap|p1b: Cresselia|0|[from] move: Ally Switch\n|move|p2a: Houndstone|Shadow Sneak|p1b: ber\n|-immune|p1b: ber\n|cant|p1b: ber|flinch\n|\n|-weather|RainDance|[upkeep]\n|-heal|p1b: ber|72\/100 brn|[from] Grassy Terrain\n|-heal|p1a: Cresselia|22\/100|[from] item: Leftovers\n|-heal|p2b: Rillaboom|98\/100|[from] Grassy Terrain\n|-heal|p2a: Houndstone|72\/100|[from] Grassy Terrain\n|-damage|p1b: ber|66\/100 brn|[from] brn\n|-fieldend|move: Trick Room\n|upkeep\n|turn|9\n|\n|t:|1697941590\n|-terastallize|p1a: Cresselia|Fighting\n|move|p2a: Houndstone|Destiny Bond|p2a: Houndstone\n|-singlemove|p2a: Houndstone|Destiny Bond\n|move|p2b: Rillaboom|Knock Off|p1a: Cresselia\n|-resisted|p1a: Cresselia\n|-damage|p1a: Cresselia|12\/100\n|-enditem|p1a: Cresselia|Leftovers|[from] move: Knock Off|[of] p2b: Rillaboom\n|move|p1b: ber|Facade|p2b: Rillaboom\n|-damage|p2b: Rillaboom|0 fnt\n|faint|p2b: Rillaboom\n|move|p1a: Cresselia|Trick Room|p1a: Cresselia\n|-fieldstart|move: Trick Room|[of] p1a: Cresselia\n|\n|-weather|none\n|-heal|p1b: ber|72\/100 brn|[from] Grassy Terrain\n|-heal|p2a: Houndstone|78\/100|[from] Grassy Terrain\n|-damage|p1b: ber|66\/100 brn|[from] brn\n|upkeep\n|\n|t:|1697941603\n|switch|p2b: Tyranitar|Tyranitar-Mega, M|24\/100\n|-weather|Sandstorm|[from] ability: Sand Stream|[of] p2b: Tyranitar\n|turn|10\n|\n|t:|1697941623\n|move|p1b: ber|Earthquake|p2b: Tyranitar|[spread] p2a,p2b\n|-immune|p1a: Cresselia|[from] ability: Levitate\n|-supereffective|p2b: Tyranitar\n|-damage|p2a: Houndstone|40\/100\n|-damage|p2b: Tyranitar|0 fnt\n|faint|p2b: Tyranitar\n|move|p1a: Cresselia|Lunar Blessing|p1a: Cresselia|[spread] p1a,p1b\n|-heal|p1a: Cresselia|37\/100\n|-heal|p1b: ber|91\/100 brn\n|-curestatus|p1b: ber|brn|[msg]\n|move|p2a: Houndstone|Play Rough|p1b: ber\n|-crit|p1b: ber\n|-damage|p1b: ber|56\/100\n|\n|-weather|Sandstorm|[upkeep]\n|-damage|p1a: Cresselia|31\/100|[from] Sandstorm\n|-heal|p1b: ber|62\/100|[from] Grassy Terrain\n|-heal|p2a: Houndstone|46\/100|[from] Grassy Terrain\n|-status|p1b: ber|brn|[from] item: Flame Orb\n|upkeep\n|\n|t:|1697941632\n|switch|p2b: Excadrill|Excadrill, M|100\/100\n|turn|11\n|\n|t:|1697941653\n|move|p1a: Cresselia|Helping Hand|p1b: ber\n|-singleturn|p1b: ber|Helping Hand|[of] p1a: Cresselia\n|move|p1b: ber|Earthquake|p2b: Excadrill|[spread] p2a,p2b\n|-immune|p1a: Cresselia|[from] ability: Levitate\n|-supereffective|p2b: Excadrill\n|-damage|p2a: Houndstone|0 fnt\n|-enditem|p2b: Excadrill|Focus Sash\n|-damage|p2b: Excadrill|1\/100\n|faint|p2a: Houndstone\n|move|p2b: Excadrill|High Horsepower|p1a: Cresselia\n|-immune|p1a: Cresselia|[from] ability: Levitate\n|\n|-weather|Sandstorm|[upkeep]\n|-damage|p1a: Cresselia|25\/100|[from] Sandstorm\n|-heal|p1b: ber|69\/100 brn|[from] Grassy Terrain\n|-heal|p2b: Excadrill|7\/100|[from] Grassy Terrain\n|-damage|p1b: ber|62\/100 brn|[from] brn\n|-fieldend|move: Grassy Terrain\n|upkeep\n|\n|t:|1697941663\n|switch|p2a: Iron Valiant|Iron Valiant|100\/100\n|turn|12\n|-message|hongwengdragon forfeited.\n|\n|win|MathHacker\n|raw|MathHacker's rating: 1415 &rarr; <strong>1433<\/strong><br \/>(+18 for winning)\n|raw|hongwengdragon's rating: 1377 &rarr; <strong>1359<\/strong><br \/>(-18 for losing)\n|l|\u2606hongwengdragon\n","uploadtime":1697941688,"views":13,"p1id":"mathhacker","p2id":"hongwengdragon","formatid":"gen9nationaldexdoubles","rating":1359,"private":0,"password":""}