{"id":"gen9nationaldexdoubles-1962754592","p1":"ATSP 4294","p2":"Jus sets","format":"[Gen 9] National Dex Doubles","log":"|j|\u2606ATSP 4294\n|j|\u2606Jus sets\n|t:|1696789114\n|gametype|doubles\n|player|p1|ATSP 4294|iris-gen5bw2|1144\n|player|p2|Jus sets|101|1000\n|teamsize|p1|6\n|teamsize|p2|6\n|gen|9\n|tier|[Gen 9] National Dex Doubles\n|rated|\n|rule|HP Percentage Mod: HP is shown in percentages\n|rule|Endless Battle Clause: Forcing endless battles is banned\n|rule|OHKO Clause: OHKO moves are banned\n|rule|Evasion Moves Clause: Evasion moves are banned\n|rule|Evasion Abilities Clause: Evasion abilities are banned\n|rule|Species Clause: Limit one of each Pok\u00e9mon\n|rule|Gravity Sleep Clause: The combination of sleep-inducing moves with imperfect accuracy and Gravity or Gigantamax Orbeetle are banned\n|clearpoke\n|poke|p1|Ninetales-Alola, F|\n|poke|p1|Empoleon, M|\n|poke|p1|Vaporeon, F|\n|poke|p1|Scizor, M|\n|poke|p1|Diancie|\n|poke|p1|Dragonite, M|\n|poke|p2|Toxtricity-Low-Key, F|\n|poke|p2|Ampharos, M|\n|poke|p2|Pincurchin, M|\n|poke|p2|Cyclizar, F|\n|poke|p2|Grimmsnarl, M|\n|poke|p2|Ditto|\n|teampreview\n|\n|t:|1696789132\n|start\n|switch|p1a: Diancie|Diancie|100\/100\n|switch|p1b: Ninetales|Ninetales-Alola, F, shiny|100\/100\n|switch|p2a: Grimmsnarl|Grimmsnarl, M|100\/100\n|switch|p2b: Pincurchin|Pincurchin, M|100\/100\n|-weather|Snow|[from] ability: Snow Warning|[of] p1b: Ninetales\n|-fieldstart|move: Electric Terrain|[from] ability: Electric Surge|[of] p2b: Pincurchin\n|turn|1\n|\n|t:|1696789154\n|detailschange|p1a: Diancie|Diancie-Mega\n|-mega|p1a: Diancie|Diancie|Diancite\n|move|p2a: Grimmsnarl|Reflect|p2a: Grimmsnarl\n|-sidestart|p2: Jus sets|Reflect\n|move|p1a: Diancie|Diamond Storm|p2b: Pincurchin|[spread] p2b\n|-miss|p1a: Diancie|p2a: Grimmsnarl\n|-damage|p2b: Pincurchin|79\/100\n|move|p1b: Ninetales|Aurora Veil|p1b: Ninetales\n|-sidestart|p1: ATSP 4294|move: Aurora Veil\n|move|p2b: Pincurchin|Rising Voltage|p1b: Ninetales\n|-hint|Rising Voltage's BP doubled on grounded target.\n|-damage|p1b: Ninetales|42\/100\n|\n|-weather|Snow|[upkeep]\n|upkeep\n|turn|2\n|\n|t:|1696789175\n|move|p1b: Ninetales|Protect|p1b: Ninetales\n|-singleturn|p1b: Ninetales|Protect\n|move|p2a: Grimmsnarl|Light Screen|p2a: Grimmsnarl\n|-sidestart|p2: Jus sets|move: Light Screen\n|move|p1a: Diancie|Diamond Storm|p2a: Grimmsnarl|[spread] p2a,p2b\n|-damage|p2a: Grimmsnarl|68\/100\n|-damage|p2b: Pincurchin|57\/100\n|move|p2b: Pincurchin|Rising Voltage|p1b: Ninetales\n|-activate|p1b: Ninetales|move: Protect\n|\n|-weather|Snow|[upkeep]\n|upkeep\n|turn|3\n|\n|t:|1696789188\n|move|p2a: Grimmsnarl|Torment|p1a: Diancie\n|move|p1a: Diancie|Torment|p2a: Grimmsnarl|[from]ability: Magic Bounce\n|-start|p2a: Grimmsnarl|Torment\n|move|p1a: Diancie|Diamond Storm|p2a: Grimmsnarl|[spread] p2a,p2b\n|-damage|p2a: Grimmsnarl|35\/100\n|-damage|p2b: Pincurchin|34\/100\n|-boost|p1a: Diancie|def|2\n|move|p1b: Ninetales|Blizzard|p2a: Grimmsnarl|[spread] p2a,p2b\n|-damage|p2a: Grimmsnarl|19\/100\n|-damage|p2b: Pincurchin|9\/100\n|move|p2b: Pincurchin|Hydro Pump|p1a: Diancie|[miss]\n|-miss|p2b: Pincurchin|p1a: Diancie\n|\n|-weather|Snow|[upkeep]\n|upkeep\n|turn|4\n|\n|t:|1696789216\n|move|p1a: Diancie|Protect|p1a: Diancie\n|-singleturn|p1a: Diancie|Protect\n|move|p2a: Grimmsnarl|Parting Shot|p1a: Diancie\n|-activate|p1a: Diancie|move: Protect\n|move|p1b: Ninetales|Blizzard|p2a: Grimmsnarl|[spread] p2a,p2b\n|-damage|p2a: Grimmsnarl|2\/100\n|-damage|p2b: Pincurchin|0 fnt\n|faint|p2b: Pincurchin\n|\n|-weather|Snow|[upkeep]\n|upkeep\n|\n|t:|1696789228\n|switch|p2b: Cyclizar|Cyclizar, F|100\/100\n|turn|5\n|\n|t:|1696789245\n|move|p1b: Ninetales|Protect|p1b: Ninetales\n|-singleturn|p1b: Ninetales|Protect\n|move|p2a: Grimmsnarl|Torment|p1b: Ninetales\n|-activate|p1b: Ninetales|move: Protect\n|move|p1a: Diancie|Diamond Storm|p2a: Grimmsnarl|[spread] p2a,p2b\n|-damage|p2a: Grimmsnarl|0 fnt\n|-damage|p2b: Cyclizar|57\/100\n|-boost|p1a: Diancie|def|2\n|faint|p2a: Grimmsnarl\n|move|p2b: Cyclizar|Shed Tail|p2b: Cyclizar\n|-start|p2b: Cyclizar|Substitute|[from] move: Shed Tail\n|-damage|p2b: Cyclizar|7\/100\n|\n|t:|1696789265\n|switch|p2b: Toxtricity|Toxtricity-Low-Key, F|100\/100|[from] Shed Tail\n|\n|-weather|none\n|-sideend|p1: ATSP 4294|move: Aurora Veil\n|-fieldend|move: Electric Terrain\n|upkeep\n|\n|t:|1696789272\n|switch|p2a: Ampharos|Ampharos, M|100\/100\n|turn|6\n|\n|t:|1696789282\n|move|p1a: Diancie|Protect|p1a: Diancie\n|-singleturn|p1a: Diancie|Protect\n|move|p1b: Ninetales|Draining Kiss|p2a: Ampharos\n|-damage|p2a: Ampharos|86\/100\n|-heal|p1b: Ninetales|54\/100|[from] drain|[of] p2a: Ampharos\n|move|p2a: Ampharos|Magnetic Flux|p2a: Ampharos\n|-boost|p2a: Ampharos|def|1\n|-boost|p2a: Ampharos|spd|1\n|-boost|p2b: Toxtricity|def|1\n|-boost|p2b: Toxtricity|spd|1\n|move|p2b: Toxtricity|Magnetic Flux|p2b: Toxtricity\n|-boost|p2a: Ampharos|def|1\n|-boost|p2a: Ampharos|spd|1\n|-boost|p2b: Toxtricity|def|1\n|-boost|p2b: Toxtricity|spd|1\n|\n|upkeep\n|turn|7\n|\n|t:|1696789311\n|move|p1a: Diancie|Diamond Storm|p2a: Ampharos|[spread] p2a,p2b\n|-activate|p2b: Toxtricity|move: Substitute|[damage]\n|-damage|p2a: Ampharos|72\/100\n|move|p1b: Ninetales|Draining Kiss|p2a: Ampharos\n|-damage|p2a: Ampharos|64\/100\n|-heal|p1b: Ninetales|61\/100|[from] drain|[of] p2a: Ampharos\n|move|p2a: Ampharos|Magnetic Flux|p2a: Ampharos\n|-boost|p2a: Ampharos|def|1\n|-boost|p2a: Ampharos|spd|1\n|-boost|p2b: Toxtricity|def|1\n|-boost|p2b: Toxtricity|spd|1\n|move|p2b: Toxtricity|Magnetic Flux|p2b: Toxtricity\n|-boost|p2a: Ampharos|def|1\n|-boost|p2a: Ampharos|spd|1\n|-boost|p2b: Toxtricity|def|1\n|-boost|p2b: Toxtricity|spd|1\n|\n|upkeep\n|turn|8\n|\n|t:|1696789330\n|move|p1a: Diancie|Protect|p1a: Diancie\n|-singleturn|p1a: Diancie|Protect\n|move|p1b: Ninetales|Protect|p1b: Ninetales\n|-singleturn|p1b: Ninetales|Protect\n|move|p2a: Ampharos|Magnetic Flux|p2a: Ampharos\n|-boost|p2a: Ampharos|def|1\n|-boost|p2a: Ampharos|spd|1\n|-boost|p2b: Toxtricity|def|1\n|-boost|p2b: Toxtricity|spd|1\n|move|p2b: Toxtricity|Magnetic Flux|p2b: Toxtricity\n|-boost|p2a: Ampharos|def|1\n|-boost|p2a: Ampharos|spd|1\n|-boost|p2b: Toxtricity|def|1\n|-boost|p2b: Toxtricity|spd|1\n|\n|-sideend|p2: Jus sets|Reflect\n|upkeep\n|turn|9\n|\n|t:|1696789362\n|switch|p1b: Dragonite|Dragonite, M, shiny|100\/100\n|move|p1a: Diancie|Calm Mind|p1a: Diancie\n|-boost|p1a: Diancie|spa|1\n|-boost|p1a: Diancie|spd|1\n|move|p2a: Ampharos|Agility|p2a: Ampharos\n|-boost|p2a: Ampharos|spe|2\n|move|p2b: Toxtricity|Boomburst|p1a: Diancie|[spread] p2a,p1a,p1b\n|-resisted|p1a: Diancie\n|-damage|p2a: Ampharos|53\/100\n|-damage|p1a: Diancie|77\/100\n|-damage|p1b: Dragonite|74\/100\n|-enditem|p2b: Toxtricity|Throat Spray\n|-boost|p2b: Toxtricity|spa|1|[from] item: Throat Spray\n|\n|-sideend|p2: Jus sets|move: Light Screen\n|upkeep\n|turn|10\n|\n|t:|1696789398\n|move|p1a: Diancie|Protect|p1a: Diancie\n|-singleturn|p1a: Diancie|Protect\n|move|p2a: Ampharos|Dazzling Gleam|p1a: Diancie|[spread] p1b\n|-activate|p1a: Diancie|move: Protect\n|-supereffective|p1b: Dragonite\n|-damage|p1b: Dragonite|2\/100\n|move|p1b: Dragonite|Outrage|p2a: Ampharos\n|-damage|p2a: Ampharos|33\/100\n|move|p2b: Toxtricity|Stored Power|p1a: Diancie\n|-activate|p1a: Diancie|move: Protect\n|\n|upkeep\n|turn|11\n|\n|t:|1696789421\n|move|p2a: Ampharos|Dazzling Gleam|p1a: Diancie|[spread] p1a,p1b\n|-supereffective|p1b: Dragonite\n|-damage|p1a: Diancie|50\/100\n|-damage|p1b: Dragonite|0 fnt\n|faint|p1b: Dragonite\n|move|p1a: Diancie|Calm Mind|p1a: Diancie\n|-boost|p1a: Diancie|spa|1\n|-boost|p1a: Diancie|spd|1\n|move|p2b: Toxtricity|Gunk Shot|p1a: Diancie\n|-damage|p1a: Diancie|30\/100\n|-status|p1a: Diancie|psn\n|\n|-damage|p1a: Diancie|18\/100 psn|[from] psn\n|upkeep\n|\n|t:|1696789443\n|switch|p1b: Ninetales|Ninetales-Alola, F, shiny|61\/100\n|-weather|Snow|[from] ability: Snow Warning|[of] p1b: Ninetales\n|turn|12\n|\n|t:|1696789464\n|-terastallize|p2a: Ampharos|Electric\n|move|p1b: Ninetales|Protect|p1b: Ninetales\n|-singleturn|p1b: Ninetales|Protect\n|move|p2a: Ampharos|Discharge|p1a: Diancie|[spread] p2b,p1a\n|-activate|p1b: Ninetales|move: Protect\n|-resisted|p2b: Toxtricity\n|-end|p2b: Toxtricity|Substitute\n|-damage|p1a: Diancie|0 fnt\n|faint|p1a: Diancie\n|move|p2b: Toxtricity|Stored Power|p1b: Ninetales\n|-activate|p1b: Ninetales|move: Protect\n|\n|-weather|Snow|[upkeep]\n|upkeep\n|\n|t:|1696789478\n|switch|p1a: Scizor|Scizor, M, shiny|100\/100\n|turn|13\n|\n|t:|1696789490\n|move|p2a: Ampharos|Discharge|p1a: Scizor|[spread] p2b,p1a,p1b\n|-resisted|p2b: Toxtricity\n|-damage|p2b: Toxtricity|88\/100\n|-damage|p1a: Scizor|4\/100\n|-damage|p1b: Ninetales|0 fnt\n|-status|p1a: Scizor|par\n|faint|p1b: Ninetales\n|move|p2b: Toxtricity|Gunk Shot|p1a: Scizor\n|-immune|p1a: Scizor\n|cant|p1a: Scizor|par\n|\n|-weather|Snow|[upkeep]\n|upkeep\n|\n|t:|1696789500\n|switch|p1b: Empoleon|Empoleon, M, shiny|100\/100\n|turn|14\n|\n|t:|1696789509\n|move|p1a: Scizor|Bullet Punch|p2a: Ampharos\n|-resisted|p2a: Ampharos\n|-damage|p2a: Ampharos|27\/100\n|move|p2a: Ampharos|Discharge|p1a: Scizor|[spread] p2b,p1a,p1b\n|-resisted|p2b: Toxtricity\n|-supereffective|p1b: Empoleon\n|-crit|p1b: Empoleon\n|-damage|p2b: Toxtricity|77\/100\n|-damage|p1a: Scizor|0 fnt\n|-damage|p1b: Empoleon|0 fnt\n|faint|p1a: Scizor\n|faint|p1b: Empoleon\n|move|p2b: Toxtricity|Stored Power|p1: Scizor|[notarget]\n|-fail|p2b: Toxtricity\n|\n|-weather|Snow|[upkeep]\n|upkeep\n|\n|t:|1696789522\n|switch|p1a: Hatsume Miku|Vaporeon, F, shiny|100\/100\n|turn|15\n|\n|t:|1696789533\n|-terastallize|p1a: Hatsume Miku|Fire\n|move|p2a: Ampharos|Discharge|p1a: Hatsume Miku|[spread] p2b,p1a\n|-resisted|p2b: Toxtricity\n|-damage|p2b: Toxtricity|65\/100\n|-damage|p1a: Hatsume Miku|41\/100\n|move|p2b: Toxtricity|Stored Power|p1a: Hatsume Miku\n|-damage|p1a: Hatsume Miku|0 fnt\n|faint|p1a: Hatsume Miku\n|\n|win|Jus sets\n|raw|ATSP 4294's rating: 1144 &rarr; <strong>1109<\/strong><br \/>(-35 for losing)\n|raw|Jus sets's rating: 1000 &rarr; <strong>1056<\/strong><br \/>(+56 for winning)\n|c|\u2606Jus sets|Gg\n|l|\u2606ATSP 4294\n","uploadtime":1696789556,"views":10,"p1id":"atsp4294","p2id":"jussets","formatid":"gen9nationaldexdoubles","rating":1056,"private":0,"password":""}