{"id":"gen9nationaldexdoubles-1990045987","p1":"U lose coz u NOOB","p2":"Joedamama","format":"[Gen 9] National Dex Doubles","log":"|j|\u2606U lose coz u NOOB\n|j|\u2606Joedamama\n|t:|1699918723\n|gametype|doubles\n|player|p1|U lose coz u NOOB|picnicker|1000\n|player|p2|Joedamama|2|1102\n|teamsize|p1|6\n|teamsize|p2|6\n|gen|9\n|tier|[Gen 9] National Dex Doubles\n|rated|\n|rule|HP Percentage Mod: HP is shown in percentages\n|rule|Endless Battle Clause: Forcing endless battles is banned\n|rule|OHKO Clause: OHKO moves are banned\n|rule|Evasion Moves Clause: Evasion moves are banned\n|rule|Evasion Abilities Clause: Evasion abilities are banned\n|rule|Species Clause: Limit one of each Pok\u00e9mon\n|rule|Gravity Sleep Clause: The combination of sleep-inducing moves with imperfect accuracy and Gravity or Gigantamax Orbeetle are banned\n|clearpoke\n|poke|p1|Indeedee, M|\n|poke|p1|Regieleki|\n|poke|p1|Meowscarada, M|\n|poke|p1|Spectrier|\n|poke|p1|Murkrow, F|\n|poke|p1|Shuckle, M|\n|poke|p2|Sceptile, M|\n|poke|p2|Corviknight, M|\n|poke|p2|Hawlucha, M|\n|poke|p2|Pawmot, F|\n|poke|p2|Nidoking, M|\n|poke|p2|Mamoswine, F|\n|teampreview\n|\n|t:|1699918748\n|start\n|switch|p1a: Murkrow|Murkrow, F|100\/100\n|switch|p1b: Shuckle|Shuckle, M|100\/100\n|switch|p2a: Mamoswine|Mamoswine, F|100\/100\n|switch|p2b: Sceptile|Sceptile, M|100\/100\n|turn|1\n|\n|t:|1699918782\n|detailschange|p2b: Sceptile|Sceptile-Mega, M\n|-mega|p2b: Sceptile|Sceptile|Sceptilite\n|move|p2a: Mamoswine|Ice Shard|p1a: Murkrow\n|-supereffective|p1a: Murkrow\n|-damage|p1a: Murkrow|17\/100\n|move|p1a: Murkrow|Perish Song|p1a: Murkrow\n|-start|p1a: Murkrow|perish3|[silent]\n|-start|p1b: Shuckle|perish3|[silent]\n|-start|p2a: Mamoswine|perish3|[silent]\n|-start|p2b: Sceptile|perish3|[silent]\n|-fieldactivate|move: Perish Song\n|move|p2b: Sceptile|Agility|p2b: Sceptile\n|-boost|p2b: Sceptile|spe|2\n|move|p1b: Shuckle|Stealth Rock|p2b: Sceptile\n|-sidestart|p2: Joedamama|move: Stealth Rock\n|\n|-start|p2b: Sceptile|perish3\n|-start|p2a: Mamoswine|perish3\n|-start|p1a: Murkrow|perish3\n|-start|p1b: Shuckle|perish3\n|upkeep\n|turn|2\n|\n|t:|1699918805\n|switch|p2b: Corviknight|Corviknight, M|100\/100\n|-damage|p2b: Corviknight|88\/100|[from] Stealth Rock\n|-ability|p2b: Corviknight|Pressure\n|move|p2a: Mamoswine|Ice Shard|p1a: Murkrow\n|-supereffective|p1a: Murkrow\n|-damage|p1a: Murkrow|0 fnt\n|faint|p1a: Murkrow\n|move|p1b: Shuckle|Power Split|p2b: Corviknight\n|-activate|p1b: Shuckle|move: Power Split|[of] p2b: Corviknight\n|\n|-heal|p2b: Corviknight|94\/100|[from] item: Leftovers\n|-start|p2a: Mamoswine|perish2\n|-start|p1b: Shuckle|perish2\n|upkeep\n|\n|t:|1699918843\n|switch|p1a: Meowscarada|Meowscarada, M|100\/100\n|turn|3\n|\n|t:|1699918850\n|switch|p1b: Indeedee|Indeedee, M|100\/100\n|-fieldstart|move: Psychic Terrain|[from] ability: Psychic Surge|[of] p1b: Indeedee\n|move|p2a: Mamoswine|Ice Shard|p1a: Meowscarada\n|-activate|p1a: Meowscarada|move: Psychic Terrain\n|move|p1a: Meowscarada|Flower Trick|p2a: Mamoswine\n|-start|p1a: Meowscarada|typechange|Grass|[from] ability: Protean\n|-supereffective|p2a: Mamoswine\n|-crit|p2a: Mamoswine\n|-damage|p2a: Mamoswine|0 fnt\n|faint|p2a: Mamoswine\n|move|p2b: Corviknight|Leer|p1a: Meowscarada|[spread] p1a,p1b\n|-unboost|p1a: Meowscarada|def|1\n|-unboost|p1b: Indeedee|def|1\n|\n|-heal|p2b: Corviknight|99\/100|[from] item: Leftovers\n|upkeep\n|\n|t:|1699918861\n|switch|p2a: Nidoking|Nidoking, M|100\/100\n|-damage|p2a: Nidoking|95\/100|[from] Stealth Rock\n|turn|4\n|\n|t:|1699918926\n|-terastallize|p1b: Indeedee|Psychic\n|move|p1a: Meowscarada|Flower Trick|p2a: Nidoking\n|-crit|p2a: Nidoking\n|-damage|p2a: Nidoking|26\/100\n|move|p1b: Indeedee|Expanding Force|p2b: Corviknight|[spread] p2a,p2b\n|-supereffective|p2a: Nidoking\n|-resisted|p2b: Corviknight\n|-damage|p2a: Nidoking|0 fnt\n|-damage|p2b: Corviknight|68\/100\n|faint|p2a: Nidoking\n|move|p2b: Corviknight|Brave Bird|p1a: Meowscarada\n|-supereffective|p1a: Meowscarada\n|-damage|p1a: Meowscarada|3\/100\n|-damage|p2b: Corviknight|45\/100|[from] Recoil\n|\n|-heal|p2b: Corviknight|51\/100|[from] item: Leftovers\n|upkeep\n|\n|t:|1699918946\n|switch|p2a: Hawlucha|Hawlucha, M|100\/100\n|-damage|p2a: Hawlucha|88\/100|[from] Stealth Rock\n|turn|5\n|\n|t:|1699918958\n|move|p1a: Meowscarada|Flower Trick|p2b: Corviknight\n|-resisted|p2b: Corviknight\n|-crit|p2b: Corviknight\n|-damage|p2b: Corviknight|43\/100\n|move|p1b: Indeedee|Expanding Force|p2a: Hawlucha|[spread] p2a,p2b\n|-supereffective|p2a: Hawlucha\n|-resisted|p2b: Corviknight\n|-damage|p2a: Hawlucha|0 fnt\n|-damage|p2b: Corviknight|11\/100\n|faint|p2a: Hawlucha\n|move|p2b: Corviknight|Brave Bird|p1b: Indeedee\n|-damage|p1b: Indeedee|39\/100\n|-damage|p2b: Corviknight|0 fnt|[from] Recoil\n|faint|p2b: Corviknight\n|\n|upkeep\n|\n|t:|1699918971\n|switch|p2a: Sceptile|Sceptile-Mega, M|100\/100\n|switch|p2b: Pawmot|Pawmot, F|100\/100\n|-damage|p2a: Sceptile|88\/100|[from] Stealth Rock\n|-damage|p2b: Pawmot|94\/100|[from] Stealth Rock\n|turn|6\n|\n|t:|1699919016\n|switch|p1a: Shuckle|Shuckle, M|100\/100\n|move|p1b: Indeedee|Expanding Force|p2b: Pawmot|[spread] p2a,p2b\n|-supereffective|p2b: Pawmot\n|-damage|p2a: Sceptile|0 fnt\n|-damage|p2b: Pawmot|0 fnt\n|faint|p2a: Sceptile\n|faint|p2b: Pawmot\n|\n|win|U lose coz u NOOB\n|raw|U lose coz u NOOB's rating: 1000 &rarr; <strong>1051<\/strong><br \/>(+51 for winning)\n|raw|Joedamama's rating: 1102 &rarr; <strong>1070<\/strong><br \/>(-32 for losing)\n","uploadtime":1699919021,"views":5,"p1id":"ulosecozunoob","p2id":"joedamama","formatid":"gen9nationaldexdoubles","rating":1051,"private":0,"password":""}