{"id":"gen9nationaldexdoubles-1959442639","p1":"The Ganyu","p2":"gimmeginandtonic","format":"[Gen 9] National Dex Doubles","log":"|j|\u2606The Ganyu\n|j|\u2606gimmeginandtonic\n|t:|1696428648\n|gametype|doubles\n|player|p1|The Ganyu|guitarist|1102\n|player|p2|gimmeginandtonic|2|1262\n|teamsize|p1|6\n|teamsize|p2|6\n|gen|9\n|tier|[Gen 9] National Dex Doubles\n|rated|\n|rule|HP Percentage Mod: HP is shown in percentages\n|rule|Endless Battle Clause: Forcing endless battles is banned\n|rule|OHKO Clause: OHKO moves are banned\n|rule|Evasion Moves Clause: Evasion moves are banned\n|rule|Evasion Abilities Clause: Evasion abilities are banned\n|rule|Species Clause: Limit one of each Pok\u00e9mon\n|rule|Gravity Sleep Clause: The combination of sleep-inducing moves with imperfect accuracy and Gravity or Gigantamax Orbeetle are banned\n|clearpoke\n|poke|p1|Mew|\n|poke|p1|Tapu Lele|\n|poke|p1|Metagross|\n|poke|p1|Hatterene, F|\n|poke|p1|Slowbro, M|\n|poke|p1|Delphox, F|\n|poke|p2|Regieleki|\n|poke|p2|Regidrago|\n|poke|p2|Flutter Mane|\n|poke|p2|Farigiraf, F|\n|poke|p2|Tornadus, M|\n|poke|p2|Urshifu-*, M|\n|teampreview\n|\n|t:|1696428663\n|start\n|switch|p1a: Sickly Anna|Mew, shiny|100\/100\n|switch|p1b: Kagura's Verity|Hatterene, F, shiny|100\/100\n|switch|p2a: Tornadus|Tornadus, M|100\/100\n|switch|p2b: Regidrago|Regidrago|100\/100\n|turn|1\n|\n|t:|1696428671\n|move|p2a: Tornadus|Tailwind|p2a: Tornadus\n|-sidestart|p2: gimmeginandtonic|move: Tailwind\n|move|p2b: Regidrago|Dragon Energy|p1a: Sickly Anna|[spread] p1a\n|-immune|p1b: Kagura's Verity\n|-damage|p1a: Sickly Anna|4\/100\n|move|p1a: Sickly Anna|Imprison|p1a: Sickly Anna\n|-start|p1a: Sickly Anna|move: Imprison\n|move|p1b: Kagura's Verity|Dazzling Gleam|p2a: Tornadus|[spread] p2a,p2b\n|-supereffective|p2b: Regidrago\n|-damage|p2a: Tornadus|58\/100\n|-damage|p2b: Regidrago|38\/100\n|\n|-heal|p1a: Sickly Anna|10\/100|[from] item: Leftovers\n|upkeep\n|turn|2\n|inactive|Battle timer is ON: inactive players will automatically lose when time's up. (requested by gimmeginandtonic)\n|\n|t:|1696428689\n|move|p2a: Tornadus|Bleakwind Storm|p1b: Kagura's Verity|[spread] p1a,p1b\n|-damage|p1a: Sickly Anna|0 fnt\n|-damage|p1b: Kagura's Verity|78\/100\n|faint|p1a: Sickly Anna\n|move|p2b: Regidrago|Earth Power|p1b: Kagura's Verity\n|-damage|p1b: Kagura's Verity|59\/100\n|move|p1b: Kagura's Verity|Dazzling Gleam|p2a: Tornadus|[spread] p2a,p2b\n|-supereffective|p2b: Regidrago\n|-damage|p2a: Tornadus|21\/100\n|-damage|p2b: Regidrago|0 fnt\n|-enditem|p2a: Tornadus|Sitrus Berry|[eat]\n|-heal|p2a: Tornadus|46\/100|[from] item: Sitrus Berry\n|faint|p2b: Regidrago\n|\n|upkeep\n|\n|t:|1696428708\n|switch|p1a: Aquila Favonia|Slowbro, M, shiny|100\/100\n|switch|p2b: Flutter Mane|Flutter Mane|100\/100\n|turn|3\n|\n|t:|1696428726\n|move|p2b: Flutter Mane|Shadow Ball|p1b: Kagura's Verity\n|-supereffective|p1b: Kagura's Verity\n|-damage|p1b: Kagura's Verity|0 fnt\n|faint|p1b: Kagura's Verity\n|move|p2a: Tornadus|Bleakwind Storm|p1a: Aquila Favonia\n|-damage|p1a: Aquila Favonia|62\/100\n|move|p1a: Aquila Favonia|Trick Room|p1a: Aquila Favonia\n|-fieldstart|move: Trick Room|[of] p1a: Aquila Favonia\n|\n|-heal|p1a: Aquila Favonia|68\/100|[from] item: Leftovers\n|upkeep\n|\n|t:|1696428738\n|switch|p1b: Lost Prayer|Tapu Lele|100\/100\n|-fieldstart|move: Psychic Terrain|[from] ability: Psychic Surge|[of] p1b: Lost Prayer\n|-enditem|p1b: Lost Prayer|Psychic Seed\n|-boost|p1b: Lost Prayer|spd|1|[from] item: Psychic Seed\n|turn|4\n|\n|t:|1696428752\n|move|p1a: Aquila Favonia|Expanding Force|p2a: Tornadus|[spread] p2a,p2b\n|-damage|p2a: Tornadus|0 fnt\n|-damage|p2b: Flutter Mane|47\/100\n|faint|p2a: Tornadus\n|move|p1b: Lost Prayer|Psychic|p2b: Flutter Mane\n|-damage|p2b: Flutter Mane|0 fnt\n|faint|p2b: Flutter Mane\n|-end|p2b: Flutter Mane|Protosynthesis|[silent]\n|\n|-heal|p1a: Aquila Favonia|75\/100|[from] item: Leftovers\n|-sideend|p2: gimmeginandtonic|move: Tailwind\n|upkeep\n|\n|t:|1696428761\n|switch|p2a: Urshifu|Urshifu-Rapid-Strike, M|100\/100\n|switch|p2b: Farigiraf|Farigiraf, F|100\/100\n|turn|5\n|\n|t:|1696428774\n|move|p2a: Urshifu|Detect|p2a: Urshifu\n|-singleturn|p2a: Urshifu|Protect\n|move|p1a: Aquila Favonia|Expanding Force|p2a: Urshifu|[spread] p2b\n|-activate|p2a: Urshifu|move: Protect\n|-resisted|p2b: Farigiraf\n|-damage|p2b: Farigiraf|66\/100\n|move|p2b: Farigiraf|Hyper Voice|p1a: Aquila Favonia|[spread] p1a,p1b\n|-damage|p1a: Aquila Favonia|46\/100\n|-damage|p1b: Lost Prayer|84\/100\n|-enditem|p2b: Farigiraf|Throat Spray\n|-boost|p2b: Farigiraf|spa|1|[from] item: Throat Spray\n|move|p1b: Lost Prayer|Dazzling Gleam|p2b: Farigiraf|[spread] p2b\n|-activate|p2a: Urshifu|move: Protect\n|-damage|p2b: Farigiraf|28\/100\n|\n|-heal|p1a: Aquila Favonia|52\/100|[from] item: Leftovers\n|upkeep\n|turn|6\n|\n|t:|1696428785\n|move|p1a: Aquila Favonia|Expanding Force|p2a: Urshifu|[spread] p2a,p2b\n|-supereffective|p2a: Urshifu\n|-resisted|p2b: Farigiraf\n|-damage|p2a: Urshifu|0 fnt\n|-damage|p2b: Farigiraf|0 fnt\n|faint|p2a: Urshifu\n|faint|p2b: Farigiraf\n|move|p1b: Lost Prayer|Dazzling Gleam|p2: Urshifu|[notarget]\n|-fail|p1b: Lost Prayer\n|\n|-heal|p1a: Aquila Favonia|58\/100|[from] item: Leftovers\n|upkeep\n|\n|t:|1696428793\n|switch|p2a: Regieleki|Regieleki|100\/100\n|turn|7\n|\n|t:|1696428800\n|move|p1a: Aquila Favonia|Expanding Force|p2a: Regieleki\n|-damage|p2a: Regieleki|0 fnt\n|faint|p2a: Regieleki\n|\n|win|The Ganyu\n|raw|The Ganyu's rating: 1102 &rarr; <strong>1138<\/strong><br \/>(+36 for winning)\n|raw|gimmeginandtonic's rating: 1262 &rarr; <strong>1226<\/strong><br \/>(-36 for losing)\n|c|\u2606The Ganyu|Gg\n|l|\u2606gimmeginandtonic\n","uploadtime":1696428838,"views":9,"p1id":"theganyu","p2id":"gimmeginandtonic","formatid":"gen9nationaldexdoubles","rating":1138,"private":0,"password":""}