{"id":"gen9nationaldexdoubles-1997753283","p1":"Ralsei Hatty","p2":"Leuco9","format":"[Gen 9] National Dex Doubles","log":"|j|\u2606Ralsei Hatty\n|j|\u2606Leuco9\n|t:|1700849008\n|gametype|doubles\n|player|p1|Ralsei Hatty|kieran|1364\n|player|p2|Leuco9|acetrainer|1271\n|teamsize|p1|6\n|teamsize|p2|6\n|gen|9\n|tier|[Gen 9] National Dex Doubles\n|rated|\n|rule|HP Percentage Mod: HP is shown in percentages\n|rule|Endless Battle Clause: Forcing endless battles is banned\n|rule|OHKO Clause: OHKO moves are banned\n|rule|Evasion Moves Clause: Evasion moves are banned\n|rule|Evasion Abilities Clause: Evasion abilities are banned\n|rule|Species Clause: Limit one of each Pok\u00e9mon\n|rule|Gravity Sleep Clause: The combination of sleep-inducing moves with imperfect accuracy and Gravity or Gigantamax Orbeetle are banned\n|clearpoke\n|poke|p1|Flutter Mane|\n|poke|p1|Gastrodon, F|\n|poke|p1|Scizor, M|\n|poke|p1|Chi-Yu|\n|poke|p1|Salamence, F|\n|poke|p1|Regieleki|\n|poke|p2|Oricorio-Pom-Pom, F|\n|poke|p2|Volcarona, F|\n|poke|p2|Cresselia, F|\n|poke|p2|Chien-Pao|\n|poke|p2|Ogerpon-Wellspring, F|\n|poke|p2|Landorus-Therian, M|\n|teampreview\n|inactive|Battle timer is ON: inactive players will automatically lose when time's up. (requested by Leuco9)\n|\n|t:|1700849036\n|start\n|switch|p1a: Jumpin|Regieleki|100\/100\n|switch|p1b: Fishy|Chi-Yu|100\/100\n|switch|p2a: Chien-Pao|Chien-Pao|100\/100\n|switch|p2b: Landorus|Landorus-Therian, M, shiny|100\/100\n|-ability|p2b: Landorus|Intimidate|boost\n|-unboost|p1a: Jumpin|atk|1\n|-unboost|p1b: Fishy|atk|1\n|-ability|p2a: Chien-Pao|Sword of Ruin\n|-ability|p1b: Fishy|Beads of Ruin\n|turn|1\n|\n|t:|1700849053\n|move|p2a: Chien-Pao|Sucker Punch|p1a: Jumpin\n|-damage|p1a: Jumpin|0 fnt\n|faint|p1a: Jumpin\n|move|p2b: Landorus|Stomping Tantrum|p1b: Fishy\n|-supereffective|p1b: Fishy\n|-damage|p1b: Fishy|0 fnt\n|faint|p1b: Fishy\n|\n|upkeep\n|inactive|Ralsei Hatty has 120 seconds left.\n|inactive|Ralsei Hatty has 90 seconds left.\n|\n|t:|1700849126\n|switch|p1a: Ant|Scizor, M|100\/100\n|switch|p1b: Croissant|Salamence, F|100\/100\n|-ability|p1b: Croissant|Intimidate|boost\n|-unboost|p2a: Chien-Pao|atk|1\n|-unboost|p2b: Landorus|atk|1\n|turn|2\n|inactive|Ralsei Hatty has 90 seconds left.\n|\n|t:|1700849141\n|switch|p2b: Volcarona|Volcarona, F, shiny|100\/100\n|detailschange|p1b: Croissant|Salamence-Mega, F\n|-mega|p1b: Croissant|Salamence|Salamencite\n|move|p2a: Chien-Pao|Protect|p2a: Chien-Pao\n|-singleturn|p2a: Chien-Pao|Protect\n|move|p1a: Ant|Bullet Punch|p2a: Chien-Pao\n|-activate|p2a: Chien-Pao|move: Protect\n|move|p1b: Croissant|Hyper Voice|p2b: Volcarona|[spread] p2b\n|-activate|p2a: Chien-Pao|move: Protect\n|-supereffective|p2b: Volcarona\n|-damage|p2b: Volcarona|25\/100\n|\n|upkeep\n|turn|3\n|\n|t:|1700849160\n|switch|p2a: Landorus|Landorus-Therian, M, shiny|100\/100\n|-ability|p2a: Landorus|Intimidate|boost\n|-unboost|p1a: Ant|atk|1\n|-unboost|p1b: Croissant|atk|1\n|move|p2b: Volcarona|Protect|p2b: Volcarona\n|-singleturn|p2b: Volcarona|Protect\n|move|p1a: Ant|Bullet Punch|p2a: Landorus\n|-damage|p2a: Landorus|72\/100\n|move|p1b: Croissant|Hyper Voice|p2b: Volcarona|[spread] p2a\n|-activate|p2b: Volcarona|move: Protect\n|-crit|p2a: Landorus\n|-damage|p2a: Landorus|0 fnt\n|faint|p2a: Landorus\n|\n|upkeep\n|\n|t:|1700849172\n|switch|p2a: Chien-Pao|Chien-Pao|100\/100\n|-ability|p2a: Chien-Pao|Sword of Ruin\n|turn|4\n|\n|t:|1700849184\n|switch|p1b: Don Mud|Gastrodon, F|100\/100\n|move|p2b: Volcarona|Rage Powder|p2b: Volcarona\n|-singleturn|p2b: Volcarona|move: Rage Powder\n|move|p1a: Ant|Bullet Punch|p2b: Volcarona\n|-resisted|p2b: Volcarona\n|-damage|p2b: Volcarona|7\/100\n|-damage|p1a: Ant|84\/100|[from] item: Rocky Helmet|[of] p2b: Volcarona\n|-status|p1a: Ant|brn|[from] ability: Flame Body|[of] p2b: Volcarona\n|move|p2a: Chien-Pao|Ice Spinner|p1b: Don Mud\n|-damage|p1b: Don Mud|42\/100\n|\n|-heal|p1a: Ant|90\/100 brn|[from] item: Leftovers\n|-heal|p1b: Don Mud|48\/100|[from] item: Leftovers\n|-damage|p1a: Ant|84\/100 brn|[from] brn\n|upkeep\n|turn|5\n|\n|t:|1700849203\n|move|p2b: Volcarona|Rage Powder|p2b: Volcarona\n|-singleturn|p2b: Volcarona|move: Rage Powder\n|move|p1a: Ant|Bullet Punch|p2b: Volcarona\n|-resisted|p2b: Volcarona\n|-damage|p2b: Volcarona|0 fnt\n|-damage|p1a: Ant|67\/100 brn|[from] item: Rocky Helmet|[of] p2b: Volcarona\n|faint|p2b: Volcarona\n|move|p2a: Chien-Pao|Ice Spinner|p1b: Don Mud\n|-damage|p1b: Don Mud|0 fnt\n|faint|p1b: Don Mud\n|\n|-heal|p1a: Ant|73\/100 brn|[from] item: Leftovers\n|-damage|p1a: Ant|67\/100 brn|[from] brn\n|upkeep\n|\n|t:|1700849213\n|switch|p2b: Oricorio|Oricorio-Pom-Pom, F, shiny|100\/100\n|switch|p1b: Croissant|Salamence-Mega, F|100\/100\n|turn|6\n|\n|t:|1700849224\n|move|p1a: Ant|Bullet Punch|p2a: Chien-Pao\n|-supereffective|p2a: Chien-Pao\n|-crit|p2a: Chien-Pao\n|-damage|p2a: Chien-Pao|32\/100\n|move|p2a: Chien-Pao|Ice Spinner|p1b: Croissant\n|-supereffective|p1b: Croissant\n|-damage|p1b: Croissant|0 fnt\n|faint|p1b: Croissant\n|move|p2b: Oricorio|Revelation Dance|p1a: Ant\n|-damage|p1a: Ant|17\/100 brn\n|\n|-heal|p1a: Ant|23\/100 brn|[from] item: Leftovers\n|-damage|p1a: Ant|17\/100 brn|[from] brn\n|upkeep\n|\n|t:|1700849246\n|switch|p1b: Flutter Mane|Flutter Mane|100\/100\n|turn|7\n|\n|t:|1700849254\n|move|p2a: Chien-Pao|Protect|p2a: Chien-Pao\n|-singleturn|p2a: Chien-Pao|Protect\n|move|p1b: Flutter Mane|Protect|p1b: Flutter Mane\n|-singleturn|p1b: Flutter Mane|Protect\n|move|p1a: Ant|Bullet Punch|p2a: Chien-Pao\n|-activate|p2a: Chien-Pao|move: Protect\n|move|p2b: Oricorio|Tailwind|p2b: Oricorio\n|-sidestart|p2: Leuco9|move: Tailwind\n|\n|-heal|p1a: Ant|23\/100 brn|[from] item: Leftovers\n|-damage|p1a: Ant|17\/100 brn|[from] brn\n|upkeep\n|turn|8\n|\n|t:|1700849267\n|move|p2a: Chien-Pao|Sucker Punch|p1b: Flutter Mane\n|-damage|p1b: Flutter Mane|3\/100\n|move|p1a: Ant|Bullet Punch|p2a: Chien-Pao\n|-supereffective|p2a: Chien-Pao\n|-damage|p2a: Chien-Pao|0 fnt\n|faint|p2a: Chien-Pao\n|move|p2b: Oricorio|Revelation Dance|p1a: Ant\n|-damage|p1a: Ant|0 fnt\n|faint|p1a: Ant\n|move|p1b: Flutter Mane|Dazzling Gleam|p2b: Oricorio\n|-damage|p2b: Oricorio|14\/100\n|\n|upkeep\n|\n|t:|1700849274\n|switch|p2a: Ogerpon|Ogerpon-Wellspring, F|100\/100\n|turn|9\n|\n|t:|1700849279\n|move|p1b: Flutter Mane|Protect|p1b: Flutter Mane\n|-singleturn|p1b: Flutter Mane|Protect\n|move|p2a: Ogerpon|Ivy Cudgel|p1b: Flutter Mane|[anim] Ivy Cudgel Water\n|-activate|p1b: Flutter Mane|move: Protect\n|move|p2b: Oricorio|Revelation Dance|p1b: Flutter Mane\n|-activate|p1b: Flutter Mane|move: Protect\n|\n|upkeep\n|turn|10\n|\n|t:|1700849291\n|move|p1b: Flutter Mane|Protect|p1b: Flutter Mane\n|-singleturn|p1b: Flutter Mane|Protect\n|move|p2a: Ogerpon|Horn Leech|p1b: Flutter Mane\n|-activate|p1b: Flutter Mane|move: Protect\n|move|p2b: Oricorio|Revelation Dance|p1b: Flutter Mane\n|-activate|p1b: Flutter Mane|move: Protect\n|\n|-sideend|p2: Leuco9|move: Tailwind\n|upkeep\n|turn|11\n|\n|t:|1700849321\n|-terastallize|p1b: Flutter Mane|Fairy\n|move|p1b: Flutter Mane|Dazzling Gleam|p2b: Oricorio|[spread] p2a,p2b\n|-damage|p2a: Ogerpon|29\/100\n|-damage|p2b: Oricorio|0 fnt\n|faint|p2b: Oricorio\n|move|p2a: Ogerpon|Horn Leech|p1b: Flutter Mane\n|-damage|p1b: Flutter Mane|0 fnt\n|-heal|p2a: Ogerpon|30\/100|[from] drain|[of] p1b: Flutter Mane\n|faint|p1b: Flutter Mane\n|-end|p1b: Flutter Mane|Protosynthesis|[silent]\n|\n|win|Leuco9\n|raw|Ralsei Hatty's rating: 1364 &rarr; <strong>1339<\/strong><br \/>(-25 for losing)\n|raw|Leuco9's rating: 1271 &rarr; <strong>1303<\/strong><br \/>(+32 for winning)\n|l|\u2606Ralsei Hatty\n","uploadtime":1700849361,"views":2,"p1id":"ralseihatty","p2id":"leuco9","formatid":"gen9nationaldexdoubles","rating":1303,"private":0,"password":""}