{"id":"gen9nationaldexdoubles-1979783749","p1":"Flamebyte","p2":"limplight","format":"[Gen 9] National Dex Doubles","log":"|j|\u2606Flamebyte\n|j|\u2606limplight\n|t:|1698712862\n|gametype|doubles\n|player|p1|Flamebyte|169|\n|player|p2|limplight|265|\n|teamsize|p1|6\n|teamsize|p2|6\n|gen|9\n|tier|[Gen 9] National Dex Doubles\n|rule|HP Percentage Mod: HP is shown in percentages\n|rule|Endless Battle Clause: Forcing endless battles is banned\n|rule|OHKO Clause: OHKO moves are banned\n|rule|Evasion Moves Clause: Evasion moves are banned\n|rule|Evasion Abilities Clause: Evasion abilities are banned\n|rule|Species Clause: Limit one of each Pok\u00e9mon\n|rule|Gravity Sleep Clause: The combination of sleep-inducing moves with imperfect accuracy and Gravity or Gigantamax Orbeetle are banned\n|clearpoke\n|poke|p1|Silicobra, F|\n|poke|p1|Pawniard, F|\n|poke|p1|Mareanie, F|\n|poke|p1|Thievul, F|\n|poke|p1|Drifloon, F|\n|poke|p1|Ferroseed, F|\n|poke|p2|Boltund, M|\n|poke|p2|Greedent, M|\n|poke|p2|Thievul, M|\n|poke|p2|Silicobra, M|\n|poke|p2|Palpitoad, F|\n|poke|p2|Dottler, M|\n|teampreview\n|\n|t:|1698713274\n|start\n|switch|p1a: Silicobra|Silicobra, F|100\/100\n|switch|p1b: Pawniard|Pawniard, F|100\/100\n|switch|p2a: Thievul|Thievul, M|100\/100\n|switch|p2b: Dottler|Dottler, M|100\/100\n|turn|1\n|\n|t:|1698713514\n|switch|p1b: Mareanie|Mareanie, F|100\/100\n|switch|p1a: Ferroseed|Ferroseed, F|100\/100\n|move|p2a: Thievul|Protect|p2a: Thievul\n|-singleturn|p2a: Thievul|Protect\n|move|p2b: Dottler|Sticky Web|p1b: Mareanie\n|-sidestart|p1: Flamebyte|move: Sticky Web\n|\n|upkeep\n|turn|2\n|\n|t:|1698713819\n|move|p2a: Thievul|Nasty Plot|p2a: Thievul\n|-boost|p2a: Thievul|spa|2\n|move|p1b: Mareanie|Scald|p2b: Dottler\n|-damage|p2b: Dottler|92\/100\n|move|p2b: Dottler|Psychic|p1b: Mareanie\n|-supereffective|p1b: Mareanie\n|-damage|p1b: Mareanie|35\/100\n|move|p1a: Ferroseed|Stealth Rock|p2a: Thievul\n|-sidestart|p2: limplight|move: Stealth Rock\n|\n|-heal|p1b: Mareanie|41\/100|[from] item: Black Sludge\n|upkeep\n|turn|3\n|\n|t:|1698714134\n|move|p1a: Ferroseed|Protect|p1a: Ferroseed\n|-singleturn|p1a: Ferroseed|Protect\n|move|p2a: Thievul|Dark Pulse|p1b: Mareanie\n|-damage|p1b: Mareanie|0 fnt\n|faint|p1b: Mareanie\n|move|p2b: Dottler|Psychic|p1a: Ferroseed\n|-activate|p1a: Ferroseed|move: Protect\n|\n|upkeep\n|\n|t:|1698714239\n|switch|p1b: Silicobra|Silicobra, F|100\/100\n|-activate|p1b: Silicobra|move: Sticky Web\n|-unboost|p1b: Silicobra|spe|1\n|turn|4\n|\n|t:|1698714403\n|move|p2a: Thievul|Dark Pulse|p1b: Silicobra\n|-damage|p1b: Silicobra|23\/100\n|-weather|Sandstorm|[from] ability: Sand Spit|[of] p1b: Silicobra\n|move|p2b: Dottler|Psychic|p1b: Silicobra\n|-damage|p1b: Silicobra|1\/100\n|move|p1b: Silicobra|Earthquake|p2b: Dottler|[spread] p1a,p2a,p2b\n|-crit|p1a: Ferroseed\n|-resisted|p2b: Dottler\n|-damage|p1a: Ferroseed|58\/100\n|-damage|p2a: Thievul|48\/100\n|-damage|p2b: Dottler|80\/100\n|move|p1a: Ferroseed|Leech Seed|p2a: Thievul\n|-start|p2a: Thievul|move: Leech Seed\n|\n|-weather|Sandstorm|[upkeep]\n|-damage|p2a: Thievul|42\/100|[from] Sandstorm\n|-damage|p2b: Dottler|74\/100|[from] Sandstorm\n|-heal|p1a: Ferroseed|64\/100|[from] item: Leftovers\n|-damage|p2a: Thievul|30\/100|[from] Leech Seed|[of] p1a: Ferroseed\n|-heal|p1a: Ferroseed|76\/100|[silent]\n|upkeep\n|turn|5\n|\n|t:|1698714750\n|move|p2b: Dottler|Protect|p2b: Dottler\n|-singleturn|p2b: Dottler|Protect\n|move|p1b: Silicobra|Protect|p1b: Silicobra\n|-singleturn|p1b: Silicobra|Protect\n|move|p2a: Thievul|Dark Pulse|p1b: Silicobra\n|-activate|p1b: Silicobra|move: Protect\n|move|p1a: Ferroseed|Gyro Ball|p2a: Thievul\n|-damage|p2a: Thievul|0 fnt\n|faint|p2a: Thievul\n|\n|-weather|Sandstorm|[upkeep]\n|-damage|p2b: Dottler|68\/100|[from] Sandstorm\n|-heal|p1a: Ferroseed|82\/100|[from] item: Leftovers\n|upkeep\n|\n|t:|1698714912\n|switch|p2a: Boltund|Boltund, M|100\/100\n|-damage|p2a: Boltund|88\/100|[from] Stealth Rock\n|turn|6\n|\n|t:|1698714929\n|move|p1a: Ferroseed|Protect|p1a: Ferroseed\n|-singleturn|p1a: Ferroseed|Protect\n|move|p2a: Boltund|Thunder Fang|p1a: Ferroseed\n|-activate|p1a: Ferroseed|move: Protect\n|move|p2b: Dottler|Psychic|p1a: Ferroseed\n|-activate|p1a: Ferroseed|move: Protect\n|move|p1b: Silicobra|Rest|p1b: Silicobra\n|-status|p1b: Silicobra|slp|[from] move: Rest\n|-heal|p1b: Silicobra|100\/100 slp|[silent]\n|\n|-weather|Sandstorm|[upkeep]\n|-damage|p2a: Boltund|82\/100|[from] Sandstorm\n|-damage|p2b: Dottler|62\/100|[from] Sandstorm\n|-heal|p1a: Ferroseed|89\/100|[from] item: Leftovers\n|upkeep\n|turn|7\n|\n|t:|1698715335\n|move|p2b: Dottler|Protect|p2b: Dottler\n|-singleturn|p2b: Dottler|Protect\n|move|p2a: Boltund|Thunder Fang|p1a: Ferroseed\n|-resisted|p1a: Ferroseed\n|-damage|p1a: Ferroseed|69\/100\n|-damage|p2a: Boltund|70\/100|[from] ability: Iron Barbs|[of] p1a: Ferroseed\n|cant|p1b: Silicobra|slp\n|cant|p1a: Ferroseed|flinch\n|\n|-weather|Sandstorm|[upkeep]\n|-damage|p2a: Boltund|64\/100|[from] Sandstorm\n|-damage|p2b: Dottler|55\/100|[from] Sandstorm\n|-heal|p1a: Ferroseed|75\/100|[from] item: Leftovers\n|upkeep\n|turn|8\n|\n|t:|1698715562\n|move|p1a: Ferroseed|Protect|p1a: Ferroseed\n|-singleturn|p1a: Ferroseed|Protect\n|move|p2a: Boltund|Thunder Fang|p1a: Ferroseed\n|-activate|p1a: Ferroseed|move: Protect\n|move|p2b: Dottler|Energy Ball|p1b: Silicobra\n|-supereffective|p1b: Silicobra\n|-damage|p1b: Silicobra|71\/100 slp\n|cant|p1b: Silicobra|slp\n|\n|-weather|none\n|-heal|p1a: Ferroseed|82\/100|[from] item: Leftovers\n|upkeep\n|turn|9\n|\n|t:|1698715743\n|move|p2a: Boltund|Thunder Fang|p1a: Ferroseed\n|-resisted|p1a: Ferroseed\n|-damage|p1a: Ferroseed|62\/100\n|-damage|p2a: Boltund|52\/100|[from] ability: Iron Barbs|[of] p1a: Ferroseed\n|move|p2b: Dottler|Energy Ball|p1b: Silicobra\n|-supereffective|p1b: Silicobra\n|-damage|p1b: Silicobra|40\/100 slp\n|-weather|Sandstorm|[from] ability: Sand Spit|[of] p1b: Silicobra\n|-curestatus|p1b: Silicobra|slp|[msg]\n|move|p1b: Silicobra|Earthquake|p2b: Dottler|[spread] p1a,p2a,p2b\n|-supereffective|p2a: Boltund\n|-resisted|p2b: Dottler\n|-damage|p1a: Ferroseed|37\/100\n|-damage|p2a: Boltund|0 fnt\n|-damage|p2b: Dottler|43\/100\n|faint|p2a: Boltund\n|move|p1a: Ferroseed|Leech Seed|p2b: Dottler\n|-start|p2b: Dottler|move: Leech Seed\n|\n|-weather|Sandstorm|[upkeep]\n|-damage|p2b: Dottler|37\/100|[from] Sandstorm\n|-heal|p1a: Ferroseed|43\/100|[from] item: Leftovers\n|-damage|p2b: Dottler|25\/100|[from] Leech Seed|[of] p1a: Ferroseed\n|-heal|p1a: Ferroseed|56\/100|[silent]\n|upkeep\n|\n|t:|1698715915\n|switch|p2a: Greedent|Greedent, M|100\/100\n|-damage|p2a: Greedent|88\/100|[from] Stealth Rock\n|turn|10\n|\n|t:|1698716008\n|move|p2b: Dottler|Psychic|p1b: Silicobra\n|-damage|p1b: Silicobra|15\/100\n|move|p1b: Silicobra|Earthquake|p2b: Dottler|[spread] p1a,p2a,p2b\n|-resisted|p2b: Dottler\n|-damage|p1a: Ferroseed|30\/100\n|-damage|p2a: Greedent|69\/100\n|-damage|p2b: Dottler|13\/100\n|move|p2a: Greedent|Belly Drum|p2a: Greedent\n|-damage|p2a: Greedent|19\/100\n|-setboost|p2a: Greedent|atk|6|[from] move: Belly Drum\n|-enditem|p2a: Greedent|Sitrus Berry|[eat]\n|-heal|p2a: Greedent|44\/100|[from] item: Sitrus Berry\n|-heal|p2a: Greedent|77\/100|[from] ability: Cheek Pouch\n|move|p1a: Ferroseed|Leech Seed|p2a: Greedent\n|-start|p2a: Greedent|move: Leech Seed\n|\n|-weather|Sandstorm|[upkeep]\n|-damage|p2b: Dottler|7\/100|[from] Sandstorm\n|-damage|p2a: Greedent|71\/100|[from] Sandstorm\n|-heal|p1a: Ferroseed|36\/100|[from] item: Leftovers\n|-damage|p2b: Dottler|0 fnt|[from] Leech Seed|[of] p1a: Ferroseed\n|-heal|p1a: Ferroseed|43\/100|[silent]\n|faint|p2b: Dottler\n|-damage|p2a: Greedent|58\/100|[from] Leech Seed|[of] p1a: Ferroseed\n|-heal|p1a: Ferroseed|62\/100|[silent]\n|upkeep\n|\n|t:|1698716118\n|switch|p2b: Palpitoad|Palpitoad, F|100\/100\n|-damage|p2b: Palpitoad|94\/100|[from] Stealth Rock\n|turn|11\n|\n|t:|1698716205\n|move|p2b: Palpitoad|Scald|p1b: Silicobra\n|-supereffective|p1b: Silicobra\n|-damage|p1b: Silicobra|0 fnt\n|faint|p1b: Silicobra\n|move|p2a: Greedent|Body Slam|p1a: Ferroseed\n|-resisted|p1a: Ferroseed\n|-damage|p1a: Ferroseed|0 fnt\n|-damage|p2a: Greedent|46\/100|[from] ability: Iron Barbs|[of] p1a: Ferroseed\n|faint|p1a: Ferroseed\n|\n|-weather|Sandstorm|[upkeep]\n|-damage|p2a: Greedent|40\/100|[from] Sandstorm\n|-heal|p2b: Palpitoad|100\/100|[from] item: Leftovers\n|upkeep\n|\n|t:|1698716402\n|switch|p1b: Drifloon|Drifloon, F|100\/100\n|switch|p1a: Thievul|Thievul, F|100\/100\n|-activate|p1a: Thievul|move: Sticky Web\n|-unboost|p1a: Thievul|spe|1\n|turn|12\n|\n|t:|1698716531\n|move|p1b: Drifloon|Tailwind|p1b: Drifloon\n|-sidestart|p1: Flamebyte|move: Tailwind\n|move|p1a: Thievul|Snarl|p2a: Greedent|[spread] p2a,p2b\n|-damage|p2a: Greedent|28\/100\n|-damage|p2b: Palpitoad|81\/100\n|-unboost|p2a: Greedent|spa|1\n|-unboost|p2b: Palpitoad|spa|1\n|move|p2b: Palpitoad|Earth Power|p1a: Thievul\n|-damage|p1a: Thievul|75\/100\n|move|p2a: Greedent|Seed Bomb|p1b: Drifloon\n|-resisted|p1b: Drifloon\n|-damage|p1b: Drifloon|0 fnt\n|faint|p1b: Drifloon\n|\n|-weather|Sandstorm|[upkeep]\n|-damage|p1a: Thievul|69\/100|[from] Sandstorm\n|-damage|p2a: Greedent|22\/100|[from] Sandstorm\n|-heal|p2b: Palpitoad|87\/100|[from] item: Leftovers\n|-damage|p2a: Greedent|10\/100|[from] Leech Seed|[of] p1a: Thievul\n|-heal|p1a: Thievul|85\/100|[silent]\n|upkeep\n|\n|t:|1698716564\n|switch|p1b: Pawniard|Pawniard, F|100\/100\n|-activate|p1b: Pawniard|move: Sticky Web\n|-unboost|p1b: Pawniard|spe|1\n|-ability|p1b: Pawniard|Defiant|boost\n|-boost|p1b: Pawniard|atk|2\n|turn|13\n|\n|t:|1698717055\n|move|p1a: Thievul|Foul Play|p2a: Greedent\n|-damage|p2a: Greedent|0 fnt\n|faint|p2a: Greedent\n|move|p1b: Pawniard|Knock Off|p2b: Palpitoad\n|-damage|p2b: Palpitoad|0 fnt\n|-enditem|p2b: Palpitoad|Leftovers|[from] move: Knock Off|[of] p1b: Pawniard\n|faint|p2b: Palpitoad\n|\n|-weather|none\n|upkeep\n|\n|t:|1698717128\n|switch|p2b: Silicobra|Silicobra, M|100\/100\n|-damage|p2b: Silicobra|94\/100|[from] Stealth Rock\n|turn|14\n|\n|t:|1698717217\n|move|p1a: Thievul|Taunt|p2b: Silicobra\n|-start|p2b: Silicobra|move: Taunt\n|move|p1b: Pawniard|Knock Off|p2b: Silicobra\n|-damage|p2b: Silicobra|39\/100\n|-weather|Sandstorm|[from] ability: Sand Spit|[of] p2b: Silicobra\n|-enditem|p2b: Silicobra|Eviolite|[from] move: Knock Off|[of] p1b: Pawniard\n|move|p2b: Silicobra|Earthquake|p1a: Thievul|[spread] p1a,p1b\n|-supereffective|p1b: Pawniard\n|-damage|p1a: Thievul|62\/100\n|-damage|p1b: Pawniard|32\/100\n|\n|-weather|Sandstorm|[upkeep]\n|-damage|p1a: Thievul|56\/100|[from] Sandstorm\n|upkeep\n|turn|15\n|\n|t:|1698717348\n|move|p1a: Thievul|Snarl|p2b: Silicobra\n|-damage|p2b: Silicobra|10\/100\n|-unboost|p2b: Silicobra|spa|1\n|move|p1b: Pawniard|Knock Off|p2b: Silicobra\n|-damage|p2b: Silicobra|0 fnt\n|faint|p2b: Silicobra\n|\n|win|Flamebyte\n","uploadtime":1698717362,"views":11,"p1id":"flamebyte","p2id":"limplight","formatid":"gen9nationaldexdoubles","rating":0,"private":0,"password":""}