{"id":"gen9nationaldexdoubles-2000265000","p1":"bigbroj","p2":"OPieceOfHeroGhost","format":"[Gen 9] National Dex Doubles","log":"|j|\u2606bigbroj\n|j|\u2606OPieceOfHeroGhost\n|t:|1701179209\n|gametype|doubles\n|player|p1|bigbroj|cynthia|1114\n|player|p2|OPieceOfHeroGhost|morty|1311\n|teamsize|p1|6\n|teamsize|p2|6\n|gen|9\n|tier|[Gen 9] National Dex Doubles\n|rated|\n|rule|HP Percentage Mod: HP is shown in percentages\n|rule|Endless Battle Clause: Forcing endless battles is banned\n|rule|OHKO Clause: OHKO moves are banned\n|rule|Evasion Moves Clause: Evasion moves are banned\n|rule|Evasion Abilities Clause: Evasion abilities are banned\n|rule|Species Clause: Limit one of each Pok\u00e9mon\n|rule|Gravity Sleep Clause: The combination of sleep-inducing moves with imperfect accuracy and Gravity or Gigantamax Orbeetle are banned\n|clearpoke\n|poke|p1|Amoonguss, F|\n|poke|p1|Armarouge, M|\n|poke|p1|Indeedee-F, F|\n|poke|p1|Torkoal, M|\n|poke|p1|Sinistcha-Masterpiece|\n|poke|p1|Lurantis, M|\n|poke|p2|Serperior, F|\n|poke|p2|Grimmsnarl, M|\n|poke|p2|Incineroar, F|\n|poke|p2|Rillaboom, M|\n|poke|p2|Flutter Mane|\n|poke|p2|Landorus-Therian, M|\n|teampreview\n|inactive|Battle timer is ON: inactive players will automatically lose when time's up. (requested by bigbroj)\n|\n|t:|1701179228\n|start\n|switch|p1a: Armarouge|Armarouge, M|100\/100\n|switch|p1b: Indeedee|Indeedee-F, F|100\/100\n|switch|p2a: \u795e|Incineroar, F|100\/100\n|switch|p2b: \u53d1\u59d0\u966a\u4f60\u770b\u6708\u4eae|Flutter Mane|100\/100\n|-fieldstart|move: Psychic Terrain|[from] ability: Psychic Surge|[of] p1b: Indeedee\n|-ability|p2a: \u795e|Intimidate|boost\n|-unboost|p1a: Armarouge|atk|1\n|-unboost|p1b: Indeedee|atk|1\n|turn|1\n|\n|t:|1701179248\n|-end|p2b: \u53d1\u59d0\u966a\u4f60\u770b\u6708\u4eae|Protosynthesis|[silent]\n|switch|p2b: \u8df3\u8d77\u9e2d\u5b50\u821e\uff0c\u9738\u6c14\u53c8\u5a01\u6b66\uff01|Grimmsnarl, M|100\/100\n|move|p1b: Indeedee|Follow Me|p1b: Indeedee\n|-singleturn|p1b: Indeedee|move: Follow Me\n|move|p2a: \u795e|Knock Off|p1b: Indeedee\n|-supereffective|p1b: Indeedee\n|-enditem|p1b: Indeedee|Colbur Berry|[eat]\n|-enditem|p1b: Indeedee|Colbur Berry|[weaken]\n|-damage|p1b: Indeedee|58\/100\n|move|p1a: Armarouge|Trick Room|p1a: Armarouge\n|-fieldstart|move: Trick Room|[of] p1a: Armarouge\n|\n|upkeep\n|turn|2\n|\n|t:|1701179268\n|move|p1b: Indeedee|Helping Hand|p1a: Armarouge\n|-singleturn|p1a: Armarouge|Helping Hand|[of] p1b: Indeedee\n|move|p2a: \u795e|Knock Off|p1a: Armarouge\n|-supereffective|p1a: Armarouge\n|-damage|p1a: Armarouge|18\/100\n|-enditem|p1a: Armarouge|Safety Goggles|[from] move: Knock Off|[of] p2a: \u795e\n|move|p2b: \u8df3\u8d77\u9e2d\u5b50\u821e\uff0c\u9738\u6c14\u53c8\u5a01\u6b66\uff01|Spirit Break|p1a: Armarouge\n|-resisted|p1a: Armarouge\n|-damage|p1a: Armarouge|4\/100\n|-unboost|p1a: Armarouge|spa|1\n|move|p1a: Armarouge|Armor Cannon|p2a: \u795e\n|-resisted|p2a: \u795e\n|-damage|p2a: \u795e|76\/100\n|-unboost|p1a: Armarouge|def|1\n|-unboost|p1a: Armarouge|spd|1\n|\n|upkeep\n|turn|3\n|\n|t:|1701179287\n|move|p1b: Indeedee|Protect|p1b: Indeedee\n|-singleturn|p1b: Indeedee|Protect\n|move|p2b: \u8df3\u8d77\u9e2d\u5b50\u821e\uff0c\u9738\u6c14\u53c8\u5a01\u6b66\uff01|Spirit Break|p1a: Armarouge\n|-resisted|p1a: Armarouge\n|-damage|p1a: Armarouge|0 fnt\n|faint|p1a: Armarouge\n|move|p2a: \u795e|Knock Off|p1b: Indeedee\n|-activate|p1b: Indeedee|move: Protect\n|\n|upkeep\n|\n|t:|1701179290\n|switch|p1a: Torkoal|Torkoal, M|100\/100\n|-weather|SunnyDay|[from] ability: Drought|[of] p1a: Torkoal\n|turn|4\n|\n|t:|1701179300\n|move|p1b: Indeedee|Helping Hand|p1a: Torkoal\n|-singleturn|p1a: Torkoal|Helping Hand|[of] p1b: Indeedee\n|move|p1a: Torkoal|Earth Power|p2a: \u795e\n|-supereffective|p2a: \u795e\n|-damage|p2a: \u795e|13\/100\n|-enditem|p2a: \u795e|Figy Berry|[eat]\n|-heal|p2a: \u795e|46\/100|[from] item: Figy Berry\n|move|p2b: \u8df3\u8d77\u9e2d\u5b50\u821e\uff0c\u9738\u6c14\u53c8\u5a01\u6b66\uff01|Spirit Break|p1a: Torkoal\n|-resisted|p1a: Torkoal\n|-damage|p1a: Torkoal|90\/100\n|-unboost|p1a: Torkoal|spa|1\n|move|p2a: \u795e|Knock Off|p1a: Torkoal\n|-damage|p1a: Torkoal|58\/100\n|-enditem|p1a: Torkoal|Assault Vest|[from] move: Knock Off|[of] p2a: \u795e\n|\n|-weather|SunnyDay|[upkeep]\n|upkeep\n|turn|5\n|inactive|OPieceOfHeroGhost has 120 seconds left.\n|c|\u2606OPieceOfHeroGhost|why incineroar is god\n|\n|t:|1701179346\n|switch|p2a: \u4e5f\u662f\u795e\u7684\u5c0f\u5f1f|Landorus-Therian, M|100\/100\n|-ability|p2a: \u4e5f\u662f\u795e\u7684\u5c0f\u5f1f|Intimidate|boost\n|-unboost|p1a: Torkoal|atk|1\n|-unboost|p1b: Indeedee|atk|1\n|move|p1b: Indeedee|Helping Hand|p1a: Torkoal\n|-singleturn|p1a: Torkoal|Helping Hand|[of] p1b: Indeedee\n|move|p1a: Torkoal|Earth Power|p2a: \u4e5f\u662f\u795e\u7684\u5c0f\u5f1f\n|-immune|p2a: \u4e5f\u662f\u795e\u7684\u5c0f\u5f1f\n|move|p2b: \u8df3\u8d77\u9e2d\u5b50\u821e\uff0c\u9738\u6c14\u53c8\u5a01\u6b66\uff01|Spirit Break|p1a: Torkoal\n|-resisted|p1a: Torkoal\n|-damage|p1a: Torkoal|47\/100\n|-unboost|p1a: Torkoal|spa|1\n|\n|-weather|SunnyDay|[upkeep]\n|-fieldend|move: Trick Room\n|-fieldend|move: Psychic Terrain\n|upkeep\n|turn|6\n|inactive|OPieceOfHeroGhost has 120 seconds left.\n|\n|t:|1701179368\n|move|p2b: \u8df3\u8d77\u9e2d\u5b50\u821e\uff0c\u9738\u6c14\u53c8\u5a01\u6b66\uff01|Parting Shot|p1a: Torkoal\n|-unboost|p1a: Torkoal|atk|1\n|-unboost|p1a: Torkoal|spa|1\n|\n|t:|1701179373\n|switch|p2b: \u795e\u7684\u5c0f\u5f1f|Rillaboom, M|100\/100|[from] Parting Shot\n|-fieldstart|move: Grassy Terrain|[from] ability: Grassy Surge|[of] p2b: \u795e\u7684\u5c0f\u5f1f\n|move|p2a: \u4e5f\u662f\u795e\u7684\u5c0f\u5f1f|Stomping Tantrum|p1a: Torkoal\n|-supereffective|p1a: Torkoal\n|-damage|p1a: Torkoal|0 fnt\n|faint|p1a: Torkoal\n|move|p1b: Indeedee|Trick Room|p1b: Indeedee\n|-fieldstart|move: Trick Room|[of] p1b: Indeedee\n|\n|-weather|SunnyDay|[upkeep]\n|-heal|p1b: Indeedee|64\/100|[from] Grassy Terrain\n|upkeep\n|\n|t:|1701179379\n|switch|p1a: Amoonguss|Amoonguss, F|100\/100\n|turn|7\n|\n|t:|1701179398\n|switch|p1b: Lurantis|Lurantis, M|100\/100\n|move|p2b: \u795e\u7684\u5c0f\u5f1f|Fake Out|p1a: Amoonguss\n|-damage|p1a: Amoonguss|87\/100\n|cant|p1a: Amoonguss|flinch\n|move|p2a: \u4e5f\u662f\u795e\u7684\u5c0f\u5f1f|Stomping Tantrum|p1a: Amoonguss\n|-damage|p1a: Amoonguss|39\/100\n|-enditem|p1a: Amoonguss|Sitrus Berry|[eat]\n|-heal|p1a: Amoonguss|64\/100|[from] item: Sitrus Berry\n|\n|-weather|SunnyDay|[upkeep]\n|-heal|p1a: Amoonguss|70\/100|[from] Grassy Terrain\n|upkeep\n|turn|8\n|\n|t:|1701179414\n|switch|p2a: \u2764\ufe0fSerperior4Ever|Serperior, F|100\/100\n|move|p1a: Amoonguss|Spore|p2a: \u2764\ufe0fSerperior4Ever\n|-immune|p2a: \u2764\ufe0fSerperior4Ever\n|move|p1b: Lurantis|Superpower|p2a: \u2764\ufe0fSerperior4Ever\n|-damage|p2a: \u2764\ufe0fSerperior4Ever|61\/100\n|-boost|p1b: Lurantis|atk|1\n|-boost|p1b: Lurantis|def|1\n|move|p2b: \u795e\u7684\u5c0f\u5f1f|U-turn|p1a: Amoonguss\n|-damage|p1a: Amoonguss|45\/100\n|\n|t:|1701179430\n|switch|p2b: \u8df3\u8d77\u9e2d\u5b50\u821e\uff0c\u9738\u6c14\u53c8\u5a01\u6b66\uff01|Grimmsnarl, M|100\/100|[from] U-turn\n|\n|-weather|none\n|-heal|p1a: Amoonguss|51\/100|[from] Grassy Terrain\n|-heal|p2a: \u2764\ufe0fSerperior4Ever|67\/100|[from] Grassy Terrain\n|-heal|p2a: \u2764\ufe0fSerperior4Ever|74\/100|[from] item: Leftovers\n|upkeep\n|turn|9\n|\n|t:|1701179445\n|move|p2b: \u8df3\u8d77\u9e2d\u5b50\u821e\uff0c\u9738\u6c14\u53c8\u5a01\u6b66\uff01|Reflect|p2b: \u8df3\u8d77\u9e2d\u5b50\u821e\uff0c\u9738\u6c14\u53c8\u5a01\u6b66\uff01\n|-sidestart|p2: OPieceOfHeroGhost|Reflect\n|move|p1a: Amoonguss|Spore|p2b: \u8df3\u8d77\u9e2d\u5b50\u821e\uff0c\u9738\u6c14\u53c8\u5a01\u6b66\uff01\n|-status|p2b: \u8df3\u8d77\u9e2d\u5b50\u821e\uff0c\u9738\u6c14\u53c8\u5a01\u6b66\uff01|slp|[from] move: Spore\n|move|p1b: Lurantis|Superpower|p2a: \u2764\ufe0fSerperior4Ever\n|-damage|p2a: \u2764\ufe0fSerperior4Ever|31\/100\n|-boost|p1b: Lurantis|atk|1\n|-boost|p1b: Lurantis|def|1\n|move|p2a: \u2764\ufe0fSerperior4Ever|Hidden Power|p1a: Amoonguss\n|-supereffective|p1a: Amoonguss\n|-damage|p1a: Amoonguss|36\/100\n|\n|-heal|p1a: Amoonguss|42\/100|[from] Grassy Terrain\n|-heal|p2a: \u2764\ufe0fSerperior4Ever|37\/100|[from] Grassy Terrain\n|-heal|p2a: \u2764\ufe0fSerperior4Ever|43\/100|[from] item: Leftovers\n|upkeep\n|turn|10\n|\n|t:|1701179461\n|move|p1a: Amoonguss|Protect|p1a: Amoonguss\n|-singleturn|p1a: Amoonguss|Protect\n|move|p2a: \u2764\ufe0fSerperior4Ever|Protect|p2a: \u2764\ufe0fSerperior4Ever\n|-singleturn|p2a: \u2764\ufe0fSerperior4Ever|Protect\n|cant|p2b: \u8df3\u8d77\u9e2d\u5b50\u821e\uff0c\u9738\u6c14\u53c8\u5a01\u6b66\uff01|slp\n|move|p1b: Lurantis|Sunny Day|p1b: Lurantis\n|-weather|SunnyDay\n|\n|-weather|SunnyDay|[upkeep]\n|-heal|p1a: Amoonguss|49\/100|[from] Grassy Terrain\n|-heal|p2a: \u2764\ufe0fSerperior4Ever|50\/100|[from] Grassy Terrain\n|-heal|p2a: \u2764\ufe0fSerperior4Ever|56\/100|[from] item: Leftovers\n|-fieldend|move: Trick Room\n|-fieldend|move: Grassy Terrain\n|upkeep\n|turn|11\n|\n|t:|1701179484\n|switch|p2b: \u53d1\u59d0\u966a\u4f60\u770b\u6708\u4eae|Flutter Mane|100\/100\n|-activate|p2b: \u53d1\u59d0\u966a\u4f60\u770b\u6708\u4eae|ability: Protosynthesis\n|-start|p2b: \u53d1\u59d0\u966a\u4f60\u770b\u6708\u4eae|protosynthesisspa\n|move|p1a: Amoonguss|Rage Powder|p1a: Amoonguss\n|-singleturn|p1a: Amoonguss|move: Rage Powder\n|move|p2a: \u2764\ufe0fSerperior4Ever|Hidden Power|p1b: Lurantis\n|-supereffective|p1b: Lurantis\n|-damage|p1b: Lurantis|62\/100\n|move|p1b: Lurantis|Superpower|p2a: \u2764\ufe0fSerperior4Ever\n|-damage|p2a: \u2764\ufe0fSerperior4Ever|0 fnt\n|-boost|p1b: Lurantis|atk|1\n|-boost|p1b: Lurantis|def|1\n|faint|p2a: \u2764\ufe0fSerperior4Ever\n|\n|-weather|SunnyDay|[upkeep]\n|upkeep\n|\n|t:|1701179497\n|switch|p2a: \u795e\u7684\u5c0f\u5f1f|Rillaboom, M|100\/100\n|-fieldstart|move: Grassy Terrain|[from] ability: Grassy Surge|[of] p2a: \u795e\u7684\u5c0f\u5f1f\n|turn|12\n|\n|t:|1701179512\n|-terastallize|p2b: \u53d1\u59d0\u966a\u4f60\u770b\u6708\u4eae|Fairy\n|move|p2a: \u795e\u7684\u5c0f\u5f1f|Fake Out|p1a: Amoonguss\n|-damage|p1a: Amoonguss|33\/100\n|cant|p1a: Amoonguss|flinch\n|move|p2b: \u53d1\u59d0\u966a\u4f60\u770b\u6708\u4eae|Moonblast|p1b: Lurantis\n|-damage|p1b: Lurantis|0 fnt\n|faint|p1b: Lurantis\n|\n|-weather|SunnyDay|[upkeep]\n|-heal|p1a: Amoonguss|39\/100|[from] Grassy Terrain\n|upkeep\n|-message|bigbroj forfeited.\n|\n|win|OPieceOfHeroGhost\n|raw|bigbroj's rating: 1114 &rarr; <strong>1102<\/strong><br \/>(-12 for losing)\n|raw|OPieceOfHeroGhost's rating: 1311 &rarr; <strong>1321<\/strong><br \/>(+10 for winning)\n|l|\u2606bigbroj\n","uploadtime":1701179526,"views":0,"p1id":"bigbroj","p2id":"opieceofheroghost","formatid":"gen9nationaldexdoubles","rating":1102,"private":0,"password":""}