{"id":"gen9nationaldexdoubles-1982893605","p1":"xephos223","p2":"Jam35_Name","format":"[Gen 9] National Dex Doubles","log":"|j|\u2606xephos223\n|j|\u2606Jam35_Name\n|t:|1699055748\n|gametype|doubles\n|player|p1|xephos223|gambler|\n|player|p2|Jam35_Name|policeman|\n|teamsize|p1|6\n|teamsize|p2|6\n|gen|9\n|tier|[Gen 9] National Dex Doubles\n|rule|HP Percentage Mod: HP is shown in percentages\n|rule|Endless Battle Clause: Forcing endless battles is banned\n|rule|OHKO Clause: OHKO moves are banned\n|rule|Evasion Moves Clause: Evasion moves are banned\n|rule|Evasion Abilities Clause: Evasion abilities are banned\n|rule|Species Clause: Limit one of each Pok\u00e9mon\n|rule|Gravity Sleep Clause: The combination of sleep-inducing moves with imperfect accuracy and Gravity or Gigantamax Orbeetle are banned\n|clearpoke\n|poke|p1|Gallade, M|\n|poke|p1|Hatterene, F|\n|poke|p1|Ceruledge, F|\n|poke|p1|Iron Moth|\n|poke|p1|Raichu-Alola, F|\n|poke|p1|Iron Valiant|\n|poke|p2|Porygon2|\n|poke|p2|Ditto|\n|poke|p2|Zoroark-Hisui, M|\n|poke|p2|Linoone, M|\n|poke|p2|Landorus, M|\n|poke|p2|Enamorus, F|\n|teampreview\n|\n|t:|1699055768\n|start\n|switch|p1a: Iron Moth|Iron Moth|100\/100\n|switch|p1b: Ceruledge|Ceruledge, F|100\/100\n|switch|p2a: Bonk|Landorus, M|100\/100\n|switch|p2b: Not Cute Charm|Enamorus, F, shiny|100\/100\n|-enditem|p1a: Iron Moth|Booster Energy\n|-activate|p1a: Iron Moth|ability: Quark Drive|[fromitem]\n|-start|p1a: Iron Moth|quarkdrivespa\n|turn|1\n|\n|t:|1699055787\n|move|p1a: Iron Moth|Sunny Day|p1a: Iron Moth\n|-weather|SunnyDay\n|move|p2b: Not Cute Charm|Superpower|p1a: Iron Moth\n|-resisted|p1a: Iron Moth\n|-damage|p1a: Iron Moth|68\/100\n|-boost|p2b: Not Cute Charm|atk|1\n|-boost|p2b: Not Cute Charm|def|1\n|move|p2a: Bonk|Sandsear Storm|p1b: Ceruledge|[spread] p1a\n|-miss|p2a: Bonk|p1b: Ceruledge\n|-supereffective|p1a: Iron Moth\n|-damage|p1a: Iron Moth|0 fnt\n|faint|p1a: Iron Moth\n|-end|p1a: Iron Moth|Quark Drive|[silent]\n|move|p1b: Ceruledge|Swords Dance|p1b: Ceruledge\n|-boost|p1b: Ceruledge|atk|2\n|\n|-weather|SunnyDay|[upkeep]\n|upkeep\n|\n|t:|1699055814\n|switch|p1a: Iron Valiant|Iron Valiant|100\/100\n|-enditem|p1a: Iron Valiant|Booster Energy\n|-activate|p1a: Iron Valiant|ability: Quark Drive|[fromitem]\n|-start|p1a: Iron Valiant|quarkdrivespe\n|turn|2\n|\n|t:|1699055833\n|move|p1a: Iron Valiant|Dazzling Gleam|p2b: Not Cute Charm|[spread] p2a,p2b\n|-damage|p2a: Bonk|65\/100\n|-damage|p2b: Not Cute Charm|70\/100\n|move|p2b: Not Cute Charm|Superpower|p1a: Iron Valiant\n|-resisted|p1a: Iron Valiant\n|-damage|p1a: Iron Valiant|65\/100\n|-boost|p2b: Not Cute Charm|atk|1\n|-boost|p2b: Not Cute Charm|def|1\n|move|p2a: Bonk|Sandsear Storm|p1a: Iron Valiant|[spread] p1a,p1b\n|-supereffective|p1b: Ceruledge\n|-damage|p1a: Iron Valiant|0 fnt\n|-enditem|p1b: Ceruledge|Focus Sash\n|-damage|p1b: Ceruledge|1\/100\n|faint|p1a: Iron Valiant\n|-end|p1a: Iron Valiant|Quark Drive|[silent]\n|move|p1b: Ceruledge|Solar Blade||[still]\n|-prepare|p1b: Ceruledge|Solar Blade\n|-anim|p1b: Ceruledge|Solar Blade|p2a: Bonk\n|-damage|p2a: Bonk|0 fnt\n|faint|p2a: Bonk\n|\n|-weather|SunnyDay|[upkeep]\n|upkeep\n|\n|t:|1699055856\n|switch|p1a: Hatterene|Hatterene, F|100\/100\n|switch|p2a: Jellybean|Ditto|100\/100\n|-transform|p2a: Jellybean|p1b: Ceruledge|[from] ability: Imposter\n|turn|3\n|\n|t:|1699055872\n|move|p2a: Jellybean|Shadow Sneak|p1b: Ceruledge\n|-supereffective|p1b: Ceruledge\n|-damage|p1b: Ceruledge|0 fnt\n|faint|p1b: Ceruledge\n|move|p2b: Not Cute Charm|Iron Head|p1a: Hatterene\n|-supereffective|p1a: Hatterene\n|-damage|p1a: Hatterene|0 fnt\n|faint|p1a: Hatterene\n|\n|-weather|SunnyDay|[upkeep]\n|upkeep\n|\n|t:|1699055880\n|switch|p1b: Raichu|Raichu-Alola, F|100\/100\n|switch|p1a: Gallade|Gallade, M|100\/100\n|turn|4\n|\n|t:|1699055896\n|move|p2a: Jellybean|Shadow Sneak|p1a: Gallade\n|-supereffective|p1a: Gallade\n|-damage|p1a: Gallade|0 fnt\n|faint|p1a: Gallade\n|move|p1b: Raichu|Rising Voltage|p2b: Not Cute Charm\n|-supereffective|p2b: Not Cute Charm\n|-damage|p2b: Not Cute Charm|0 fnt\n|faint|p2b: Not Cute Charm\n|-damage|p1b: Raichu|91\/100|[from] item: Life Orb\n|\n|-weather|SunnyDay|[upkeep]\n|upkeep\n|\n|t:|1699055909\n|switch|p2b: Porygo|Porygon2|100\/100\n|turn|5\n|\n|t:|1699055919\n|move|p2a: Jellybean|Shadow Sneak|p1b: Raichu\n|-supereffective|p1b: Raichu\n|-damage|p1b: Raichu|0 fnt\n|faint|p1b: Raichu\n|\n|win|Jam35_Name\n","uploadtime":1699055923,"views":6,"p1id":"xephos223","p2id":"jam35name","formatid":"gen9nationaldexdoubles","rating":0,"private":0,"password":""}