{"id":"gen9nationaldexdoubles-1962696201","p1":"Theadonia","p2":"nicokino","format":"[Gen 9] National Dex Doubles","log":"|j|\u2606Theadonia\n|j|\u2606nicokino\n|t:|1696783384\n|gametype|doubles\n|player|p1|Theadonia|caitlin|1154\n|player|p2|nicokino|sabrina|1377\n|teamsize|p1|6\n|teamsize|p2|6\n|gen|9\n|tier|[Gen 9] National Dex Doubles\n|rated|\n|rule|HP Percentage Mod: HP is shown in percentages\n|rule|Endless Battle Clause: Forcing endless battles is banned\n|rule|OHKO Clause: OHKO moves are banned\n|rule|Evasion Moves Clause: Evasion moves are banned\n|rule|Evasion Abilities Clause: Evasion abilities are banned\n|rule|Species Clause: Limit one of each Pok\u00e9mon\n|rule|Gravity Sleep Clause: The combination of sleep-inducing moves with imperfect accuracy and Gravity or Gigantamax Orbeetle are banned\n|clearpoke\n|poke|p1|Delphox, F|\n|poke|p1|Oricorio-Sensu, F|\n|poke|p1|Kommo-o, M|\n|poke|p1|Slowbro, F|\n|poke|p1|Cresselia, F|\n|poke|p1|Smeargle, F|\n|poke|p2|Torkoal, F|\n|poke|p2|Camerupt, M|\n|poke|p2|Lilligant-Hisui, F|\n|poke|p2|Flutter Mane|\n|poke|p2|Cresselia, F|\n|poke|p2|Ninetales, M|\n|teampreview\n|\n|t:|1696783408\n|start\n|switch|p1a: Smeargle|Smeargle, F, shiny|100\/100\n|switch|p1b: Kommo-o|Kommo-o, M, shiny|100\/100\n|switch|p2a: Flutter Mane|Flutter Mane|100\/100\n|switch|p2b: Ninetales|Ninetales, M|100\/100\n|-weather|SunnyDay|[from] ability: Drought|[of] p2b: Ninetales\n|-activate|p2a: Flutter Mane|ability: Protosynthesis\n|-start|p2a: Flutter Mane|protosynthesisspa\n|turn|1\n|\n|t:|1696783422\n|move|p1a: Smeargle|Wide Guard|p1a: Smeargle\n|-singleturn|p1a: Smeargle|Wide Guard\n|move|p2a: Flutter Mane|Dazzling Gleam|p1b: Kommo-o|[spread] \n|-activate|p1a: Smeargle|move: Wide Guard\n|-activate|p1b: Kommo-o|move: Wide Guard\n|move|p2b: Ninetales|Fire Spin|p1a: Smeargle\n|-crit|p1a: Smeargle\n|-damage|p1a: Smeargle|25\/100\n|-activate|p1a: Smeargle|move: Fire Spin|[of] p2b: Ninetales\n|-enditem|p1a: Smeargle|Salac Berry|[eat]\n|-boost|p1a: Smeargle|spe|1|[from] item: Salac Berry\n|-zpower|p1b: Kommo-o\n|move|p1b: Kommo-o|Clangorous Soulblaze|p2a: Flutter Mane|[zeffect]|[spread] p2b\n|-immune|p2a: Flutter Mane\n|-damage|p2b: Ninetales|48\/100\n|-boost|p1b: Kommo-o|atk|1\n|-boost|p1b: Kommo-o|def|1\n|-boost|p1b: Kommo-o|spa|1\n|-boost|p1b: Kommo-o|spd|1\n|-boost|p1b: Kommo-o|spe|1\n|\n|-weather|SunnyDay|[upkeep]\n|-damage|p1a: Smeargle|13\/100|[from] move: Fire Spin|[partiallytrapped]\n|upkeep\n|turn|2\n|\n|t:|1696783443\n|move|p1a: Smeargle|Wide Guard|p1a: Smeargle\n|-singleturn|p1a: Smeargle|Wide Guard\n|move|p1b: Kommo-o|Poison Jab|p2a: Flutter Mane\n|-crit|p2a: Flutter Mane\n|-damage|p2a: Flutter Mane|0 fnt\n|faint|p2a: Flutter Mane\n|-end|p2a: Flutter Mane|Protosynthesis|[silent]\n|move|p2b: Ninetales|Fire Blast|p1b: Kommo-o\n|-resisted|p1b: Kommo-o\n|-damage|p1b: Kommo-o|73\/100\n|\n|-weather|SunnyDay|[upkeep]\n|-damage|p1a: Smeargle|0 fnt|[from] move: Fire Spin|[partiallytrapped]\n|faint|p1a: Smeargle\n|upkeep\n|\n|t:|1696783468\n|switch|p2a: Cresselia|Cresselia, F|100\/100\n|switch|p1a: Slowbro|Slowbro, F, shiny|100\/100\n|turn|3\n|\n|t:|1696783486\n|move|p1b: Kommo-o|Clangorous Soul|p1b: Kommo-o\n|-boost|p1b: Kommo-o|atk|1\n|-boost|p1b: Kommo-o|def|1\n|-boost|p1b: Kommo-o|spa|1\n|-boost|p1b: Kommo-o|spd|1\n|-boost|p1b: Kommo-o|spe|1\n|-damage|p1b: Kommo-o|40\/100\n|move|p2b: Ninetales|Fire Blast|p1b: Kommo-o\n|-resisted|p1b: Kommo-o\n|-damage|p1b: Kommo-o|21\/100\n|move|p2a: Cresselia|Ice Beam|p1b: Kommo-o\n|-supereffective|p1b: Kommo-o\n|-damage|p1b: Kommo-o|2\/100\n|move|p1a: Slowbro|Psych Up|p1b: Kommo-o\n|-copyboost|p1a: Slowbro|p1b: Kommo-o|[from] move: Psych Up\n|\n|-weather|SunnyDay|[upkeep]\n|upkeep\n|turn|4\n|\n|t:|1696783507\n|detailschange|p1a: Slowbro|Slowbro-Mega, F, shiny\n|-mega|p1a: Slowbro|Slowbro|Slowbronite\n|move|p1b: Kommo-o|Clanging Scales|p2a: Cresselia|[spread] p2a,p2b\n|-damage|p2a: Cresselia|66\/100\n|-damage|p2b: Ninetales|0 fnt\n|faint|p2b: Ninetales\n|-unboost|p1b: Kommo-o|def|1\n|move|p1a: Slowbro|Stored Power|p2a: Cresselia\n|-resisted|p2a: Cresselia\n|-damage|p2a: Cresselia|7\/100\n|move|p2a: Cresselia|Trick Room|p2a: Cresselia\n|-fieldstart|move: Trick Room|[of] p2a: Cresselia\n|\n|-weather|SunnyDay|[upkeep]\n|upkeep\n|\n|t:|1696783522\n|switch|p2b: Camerupt|Camerupt, M|100\/100\n|turn|5\n|\n|t:|1696783535\n|detailschange|p2b: Camerupt|Camerupt-Mega, M\n|-mega|p2b: Camerupt|Camerupt|Cameruptite\n|move|p2a: Cresselia|Helping Hand|p2b: Camerupt\n|-singleturn|p2b: Camerupt|Helping Hand|[of] p2a: Cresselia\n|move|p2b: Camerupt|Eruption|p1a: Slowbro|[spread] p1a,p1b\n|-resisted|p1a: Slowbro\n|-resisted|p1b: Kommo-o\n|-damage|p1a: Slowbro|61\/100\n|-damage|p1b: Kommo-o|0 fnt\n|faint|p1b: Kommo-o\n|move|p1a: Slowbro|Stored Power|p2b: Camerupt\n|-damage|p2b: Camerupt|0 fnt\n|faint|p2b: Camerupt\n|\n|-weather|SunnyDay|[upkeep]\n|upkeep\n|\n|t:|1696783548\n|switch|p2b: Torkoal|Torkoal, F|100\/100\n|switch|p1b: Cresselia|Cresselia, F, shiny|100\/100\n|turn|6\n|\n|t:|1696783553\n|-terastallize|p2b: Torkoal|Fire\n|move|p2a: Cresselia|Helping Hand|p2b: Torkoal\n|-singleturn|p2b: Torkoal|Helping Hand|[of] p2a: Cresselia\n|move|p2b: Torkoal|Eruption|p1a: Slowbro|[spread] p1a,p1b\n|-resisted|p1a: Slowbro\n|-damage|p1a: Slowbro|24\/100\n|-damage|p1b: Cresselia|11\/100\n|move|p1a: Slowbro|Stored Power|p2b: Torkoal\n|-damage|p2b: Torkoal|0 fnt\n|faint|p2b: Torkoal\n|move|p1b: Cresselia|Psych Up|p1a: Slowbro\n|-copyboost|p1b: Cresselia|p1a: Slowbro|[from] move: Psych Up\n|\n|-weather|SunnyDay|[upkeep]\n|-heal|p1b: Cresselia|17\/100|[from] item: Leftovers\n|upkeep\n|\n|t:|1696783561\n|switch|p2b: Lilligant|Lilligant-Hisui, F|100\/100\n|turn|7\n|\n|t:|1696783568\n|move|p2a: Cresselia|Ice Beam|p1a: Slowbro\n|-resisted|p1a: Slowbro\n|-damage|p1a: Slowbro|20\/100\n|move|p1a: Slowbro|Slack Off|p1a: Slowbro\n|-heal|p1a: Slowbro|70\/100\n|move|p1b: Cresselia|Lunar Blessing|p1b: Cresselia|[spread] p1a,p1b\n|-heal|p1a: Slowbro|95\/100\n|-heal|p1b: Cresselia|42\/100\n|move|p2b: Lilligant|Solar Blade||[still]\n|-prepare|p2b: Lilligant|Solar Blade\n|-anim|p2b: Lilligant|Solar Blade|p1b: Cresselia\n|-damage|p1b: Cresselia|15\/100\n|-damage|p2b: Lilligant|91\/100|[from] item: Life Orb\n|\n|-weather|SunnyDay|[upkeep]\n|-heal|p1b: Cresselia|21\/100|[from] item: Leftovers\n|upkeep\n|turn|8\n|\n|t:|1696783580\n|move|p2a: Cresselia|Ice Beam|p1a: Slowbro\n|-resisted|p1a: Slowbro\n|-damage|p1a: Slowbro|91\/100\n|move|p1a: Slowbro|Stored Power|p2b: Lilligant\n|-supereffective|p2b: Lilligant\n|-damage|p2b: Lilligant|0 fnt\n|faint|p2b: Lilligant\n|move|p1b: Cresselia|Stored Power|p2a: Cresselia\n|-resisted|p2a: Cresselia\n|-damage|p2a: Cresselia|0 fnt\n|faint|p2a: Cresselia\n|\n|win|Theadonia\n|raw|Theadonia's rating: 1154 &rarr; <strong>1193<\/strong><br \/>(+39 for winning)\n|raw|nicokino's rating: 1377 &rarr; <strong>1346<\/strong><br \/>(-31 for losing)\n|l|\u2606nicokino\n","uploadtime":1696783592,"views":5,"p1id":"theadonia","p2id":"nicokino","formatid":"gen9nationaldexdoubles","rating":1193,"private":0,"password":""}