{"id":"gen9nationaldexdoubles-1951564548","p1":"annoying oranje","p2":"avocado_lord","format":"[Gen 9] National Dex Doubles","log":"|j|\u2606annoying oranje\n|j|\u2606avocado_lord\n|t:|1695594216\n|gametype|doubles\n|player|p1|annoying oranje|lyra|\n|player|p2|avocado_lord|ghetsis-gen5bw|\n|teamsize|p1|6\n|teamsize|p2|6\n|gen|9\n|tier|[Gen 9] National Dex Doubles\n|rule|HP Percentage Mod: HP is shown in percentages\n|rule|Endless Battle Clause: Forcing endless battles is banned\n|rule|OHKO Clause: OHKO moves are banned\n|rule|Evasion Moves Clause: Evasion moves are banned\n|rule|Evasion Abilities Clause: Evasion abilities are banned\n|rule|Species Clause: Limit one of each Pok\u00e9mon\n|rule|Gravity Sleep Clause: The combination of sleep-inducing moves with imperfect accuracy and Gravity or Gigantamax Orbeetle are banned\n|clearpoke\n|poke|p1|Maushold-Four|\n|poke|p1|Landorus-Therian, M|\n|poke|p1|Whimsicott, F|\n|poke|p1|Marshadow|\n|poke|p1|Virizion|\n|poke|p1|Terrakion|\n|poke|p2|Orthworm, F|\n|poke|p2|Torkoal, M|\n|poke|p2|Dachsbun, F|\n|poke|p2|Baxcalibur, F|\n|poke|p2|Mimikyu, F|\n|poke|p2|Walking Wake|\n|teampreview\n|j| Green133\n|j| Specific360\n|\n|t:|1695594280\n|start\n|switch|p1a: Lando Calrissian|Landorus-Therian, M|100\/100\n|switch|p1b: Yummy in my tummy|Marshadow|100\/100\n|switch|p2a: Pikachoo|Mimikyu, F, shiny|100\/100\n|switch|p2b: Mandatory Psuedo|Baxcalibur, F, shiny|100\/100\n|-ability|p1a: Lando Calrissian|Intimidate|boost\n|-unboost|p2a: Pikachoo|atk|1\n|-unboost|p2b: Mandatory Psuedo|atk|1\n|turn|1\n|\n|t:|1695594314\n|move|p1b: Yummy in my tummy|Close Combat|p2b: Mandatory Psuedo\n|-supereffective|p2b: Mandatory Psuedo\n|-damage|p2b: Mandatory Psuedo|0 fnt\n|-unboost|p1b: Yummy in my tummy|def|1\n|-unboost|p1b: Yummy in my tummy|spd|1\n|faint|p2b: Mandatory Psuedo\n|move|p1a: Lando Calrissian|Taunt|p2a: Pikachoo\n|-start|p2a: Pikachoo|move: Taunt\n|cant|p2a: Pikachoo|move: Taunt|Trick Room\n|\n|upkeep\n|\n|t:|1695594328\n|switch|p2b: Chartoise|Torkoal, M, shiny|100\/100\n|-weather|SunnyDay|[from] ability: Drought|[of] p2b: Chartoise\n|-item|p2b: Chartoise|Air Balloon\n|turn|2\n|j| Sasha_Notices\n|\n|t:|1695594416\n|switch|p1b: Millhouse|Terrakion|100\/100\n|switch|p2a: Hotdog|Dachsbun, F, shiny|100\/100\n|-terastallize|p2b: Chartoise|Fire\n|move|p1a: Lando Calrissian|Rock Slide|p2b: Chartoise|[spread] p2a,p2b\n|-supereffective|p2b: Chartoise\n|-damage|p2a: Hotdog|84\/100\n|-damage|p2b: Chartoise|69\/100\n|-enditem|p2b: Chartoise|Air Balloon\n|move|p2b: Chartoise|Lava Plume|p1b: Millhouse|[spread] p1a,p1b\n|-ability|p2a: Hotdog|Well-Baked Body|boost\n|-boost|p2a: Hotdog|def|2\n|-resisted|p1b: Millhouse\n|-damage|p1a: Lando Calrissian|38\/100\n|-damage|p1b: Millhouse|72\/100\n|-enditem|p1a: Lando Calrissian|Sitrus Berry|[eat]\n|-heal|p1a: Lando Calrissian|63\/100|[from] item: Sitrus Berry\n|\n|-weather|SunnyDay|[upkeep]\n|-heal|p2a: Hotdog|90\/100|[from] item: Leftovers\n|upkeep\n|turn|3\n|\n|t:|1695594452\n|move|p1b: Millhouse|Rock Slide|p2a: Hotdog|[spread] p2a,p2b\n|-supereffective|p2b: Chartoise\n|-damage|p2a: Hotdog|78\/100\n|-damage|p2b: Chartoise|24\/100\n|move|p1a: Lando Calrissian|Rock Slide|p2a: Hotdog|[spread] p2a,p2b\n|-supereffective|p2b: Chartoise\n|-damage|p2a: Hotdog|70\/100\n|-damage|p2b: Chartoise|0 fnt\n|faint|p2b: Chartoise\n|cant|p2a: Hotdog|flinch\n|\n|-weather|SunnyDay|[upkeep]\n|-heal|p2a: Hotdog|76\/100|[from] item: Leftovers\n|upkeep\n|\n|t:|1695594466\n|switch|p2b: Pikachoo|Mimikyu, F, shiny|100\/100\n|turn|4\n|\n|t:|1695594511\n|switch|p2b: Suicoon|Walking Wake|100\/100\n|-activate|p2b: Suicoon|ability: Protosynthesis\n|-start|p2b: Suicoon|protosynthesisspa\n|-terastallize|p1b: Millhouse|Steel\n|move|p1b: Millhouse|Iron Head|p2a: Hotdog\n|-supereffective|p2a: Hotdog\n|-damage|p2a: Hotdog|42\/100\n|move|p1a: Lando Calrissian|Taunt|p2b: Suicoon\n|-start|p2b: Suicoon|move: Taunt\n|cant|p2a: Hotdog|flinch\n|\n|-weather|SunnyDay|[upkeep]\n|-heal|p2a: Hotdog|48\/100|[from] item: Leftovers\n|upkeep\n|turn|5\n|\n|t:|1695594550\n|-end|p2b: Suicoon|Protosynthesis|[silent]\n|switch|p2b: Earthworm Jim|Orthworm, F, shiny|100\/100\n|move|p1b: Millhouse|Protect|p1b: Millhouse\n|-singleturn|p1b: Millhouse|Protect\n|move|p1a: Lando Calrissian|U-turn|p2a: Hotdog\n|-resisted|p2a: Hotdog\n|-damage|p2a: Hotdog|43\/100\n|\n|t:|1695594565\n|switch|p1a: NeighborhoodThreat|Whimsicott, F|100\/100|[from] U-turn\n|move|p2a: Hotdog|Yawn|p1b: Millhouse\n|-activate|p1b: Millhouse|move: Protect\n|\n|-weather|SunnyDay|[upkeep]\n|-heal|p2a: Hotdog|49\/100|[from] item: Leftovers\n|upkeep\n|turn|6\n|l| Specific360\n|\n|t:|1695594587\n|move|p1a: NeighborhoodThreat|Beat Up|p1b: Millhouse\n|-damage|p1b: Millhouse|70\/100\n|-ability|p1b: Millhouse|Justified|boost\n|-boost|p1b: Millhouse|atk|1\n|-damage|p1b: Millhouse|67\/100\n|-ability|p1b: Millhouse|Justified|boost\n|-boost|p1b: Millhouse|atk|1\n|-damage|p1b: Millhouse|63\/100\n|-ability|p1b: Millhouse|Justified|boost\n|-boost|p1b: Millhouse|atk|1\n|-crit|p1b: Millhouse\n|-damage|p1b: Millhouse|59\/100\n|-ability|p1b: Millhouse|Justified|boost\n|-boost|p1b: Millhouse|atk|1\n|-damage|p1b: Millhouse|57\/100\n|-ability|p1b: Millhouse|Justified|boost\n|-boost|p1b: Millhouse|atk|1\n|-damage|p1b: Millhouse|53\/100\n|-ability|p1b: Millhouse|Justified|boost\n|-boost|p1b: Millhouse|atk|1\n|-hitcount|p1b: Millhouse|6\n|move|p1b: Millhouse|Rock Slide|p2a: Hotdog|[spread] p2a,p2b\n|-resisted|p2b: Earthworm Jim\n|-damage|p2a: Hotdog|6\/100\n|-damage|p2b: Earthworm Jim|59\/100\n|move|p2a: Hotdog|Body Press|p1b: Millhouse\n|-supereffective|p1b: Millhouse\n|-damage|p1b: Millhouse|0 fnt\n|faint|p1b: Millhouse\n|move|p2b: Earthworm Jim|Body Press|p1a: NeighborhoodThreat\n|-resisted|p1a: NeighborhoodThreat\n|-damage|p1a: NeighborhoodThreat|85\/100\n|\n|-weather|none\n|-heal|p2a: Hotdog|12\/100|[from] item: Leftovers\n|-heal|p2b: Earthworm Jim|65\/100|[from] item: Leftovers\n|upkeep\n|\n|t:|1695594620\n|switch|p1b: Honse|Virizion|100\/100\n|turn|7\n|\n|t:|1695594640\n|move|p1a: NeighborhoodThreat|Beat Up|p1b: Honse\n|-resisted|p1b: Honse\n|-damage|p1b: Honse|99\/100\n|-ability|p1b: Honse|Justified|boost\n|-boost|p1b: Honse|atk|1\n|-resisted|p1b: Honse\n|-damage|p1b: Honse|98\/100\n|-ability|p1b: Honse|Justified|boost\n|-boost|p1b: Honse|atk|1\n|-resisted|p1b: Honse\n|-damage|p1b: Honse|96\/100\n|-ability|p1b: Honse|Justified|boost\n|-boost|p1b: Honse|atk|1\n|-resisted|p1b: Honse\n|-damage|p1b: Honse|95\/100\n|-ability|p1b: Honse|Justified|boost\n|-boost|p1b: Honse|atk|1\n|-resisted|p1b: Honse\n|-damage|p1b: Honse|93\/100\n|-ability|p1b: Honse|Justified|boost\n|-boost|p1b: Honse|atk|1\n|-hitcount|p1b: Honse|5\n|move|p1b: Honse|Leaf Blade|p2a: Hotdog\n|-damage|p2a: Hotdog|0 fnt\n|faint|p2a: Hotdog\n|move|p2b: Earthworm Jim|Shed Tail|p2b: Earthworm Jim\n|-start|p2b: Earthworm Jim|Substitute|[from] move: Shed Tail\n|-damage|p2b: Earthworm Jim|15\/100\n|j| Specific360\n|\n|t:|1695594660\n|switch|p2b: Suicoon|Walking Wake|100\/100|[from] Shed Tail\n|\n|upkeep\n|\n|t:|1695594664\n|switch|p2a: Pikachoo|Mimikyu, F, shiny|100\/100\n|turn|8\n|\n|t:|1695594690\n|move|p2b: Suicoon|Hurricane|p1b: Honse\n|-supereffective|p1b: Honse\n|-damage|p1b: Honse|12\/100\n|move|p1a: NeighborhoodThreat|Dazzling Gleam|p2b: Suicoon|[spread] p2a,p2b\n|-supereffective|p2b: Suicoon\n|-end|p2b: Suicoon|Substitute\n|-activate|p2a: Pikachoo|ability: Disguise\n|-damage|p2a: Pikachoo|100\/100\n|detailschange|p2a: Pikachoo|Mimikyu-Busted, F, shiny\n|-damage|p2a: Pikachoo|88\/100|[from] pokemon: Mimikyu-Busted\n|move|p1b: Honse|Leaf Blade|p2b: Suicoon\n|-damage|p2b: Suicoon|0 fnt\n|faint|p2b: Suicoon\n|-end|p2b: Suicoon|Protosynthesis|[silent]\n|move|p2a: Pikachoo|Trick Room|p2a: Pikachoo\n|-fieldstart|move: Trick Room|[of] p2a: Pikachoo\n|\n|upkeep\n|\n|t:|1695594705\n|switch|p2b: Earthworm Jim|Orthworm, F, shiny|15\/100\n|turn|9\n|\n|t:|1695594718\n|move|p1b: Honse|Quick Attack|p2b: Earthworm Jim\n|-resisted|p2b: Earthworm Jim\n|-crit|p2b: Earthworm Jim\n|-damage|p2b: Earthworm Jim|0 fnt\n|faint|p2b: Earthworm Jim\n|move|p1a: NeighborhoodThreat|Encore|p2a: Pikachoo\n|-start|p2a: Pikachoo|Encore\n|move|p2a: Pikachoo|Trick Room|p2a: Pikachoo\n|-fieldend|move: Trick Room\n|\n|upkeep\n|turn|10\n|\n|t:|1695594734\n|move|p1a: NeighborhoodThreat|Dazzling Gleam|p2a: Pikachoo\n|-damage|p2a: Pikachoo|72\/100\n|move|p1b: Honse|Leaf Blade|p2a: Pikachoo\n|-crit|p2a: Pikachoo\n|-damage|p2a: Pikachoo|0 fnt\n|faint|p2a: Pikachoo\n|\n|win|annoying oranje\n|c| Specific360|Hm i think you might be fucked\n|c|\u2606annoying oranje|ggs\n|c|\u2606avocado_lord|gg\n|c|\u2606avocado_lord|thanks specifc\n|c| Specific360|No problem :)\n|c|\u2606avocado_lord|specifically\n|l| Sasha_Notices\n","uploadtime":1695594747,"views":13,"p1id":"annoyingoranje","p2id":"avocadolord","formatid":"gen9nationaldexdoubles","rating":0,"private":0,"password":""}