{"id":"gen9nationaldexdoubles-1953253189","p1":"trianglesphere","p2":"Saul Goodman 42069","format":"[Gen 9] National Dex Doubles","log":"|j|\u2606trianglesphere\n|j|\u2606Saul Goodman 42069\n|t:|1695767257\n|gametype|doubles\n|player|p1|trianglesphere|ninjaboy|1101\n|player|p2|Saul Goodman 42069|wallace|1000\n|teamsize|p1|6\n|teamsize|p2|5\n|gen|9\n|tier|[Gen 9] National Dex Doubles\n|rated|\n|rule|HP Percentage Mod: HP is shown in percentages\n|rule|Endless Battle Clause: Forcing endless battles is banned\n|rule|OHKO Clause: OHKO moves are banned\n|rule|Evasion Moves Clause: Evasion moves are banned\n|rule|Evasion Abilities Clause: Evasion abilities are banned\n|rule|Species Clause: Limit one of each Pok\u00e9mon\n|rule|Gravity Sleep Clause: The combination of sleep-inducing moves with imperfect accuracy and Gravity or Gigantamax Orbeetle are banned\n|clearpoke\n|poke|p1|Glimmora, F|\n|poke|p1|Dipplin, F|\n|poke|p1|Magcargo, F|\n|poke|p1|Lucario, F|\n|poke|p1|Ogerpon-Hearthflame, F|\n|poke|p1|Skeledirge, F|\n|poke|p2|Chansey, F|\n|poke|p2|Medicham, M|\n|poke|p2|Clefairy, F|\n|poke|p2|Jirachi|\n|poke|p2|Gliscor, F|\n|teampreview\n|\n|t:|1695767264\n|start\n|switch|p1a: Glimmer|Glimmora, F|100\/100\n|switch|p1b: Dipper|Dipplin, F|100\/100\n|switch|p2a: Gliscor|Gliscor, F|100\/100\n|switch|p2b: Clefairy|Clefairy, F|100\/100\n|-ability|p1b: Dipper|Supersweet Syrup\n|-ability|p1b: Dipper|Supersweet Syrup|boost\n|-unboost|p2a: Gliscor|evasion|1\n|-unboost|p2b: Clefairy|evasion|1\n|turn|1\n|\n|t:|1695767279\n|move|p2b: Clefairy|Follow Me|p2b: Clefairy\n|-singleturn|p2b: Clefairy|move: Follow Me\n|move|p2a: Gliscor|Substitute|p2a: Gliscor\n|-start|p2a: Gliscor|Substitute\n|-damage|p2a: Gliscor|75\/100\n|move|p1a: Glimmer|Dazzling Gleam|p2b: Clefairy|[spread] p2a,p2b\n|-end|p2a: Gliscor|Substitute\n|-damage|p2b: Clefairy|82\/100\n|move|p1b: Dipper|Syrup Bomb|p2b: Clefairy\n|-damage|p2b: Clefairy|65\/100\n|-start|p2b: Clefairy|Syrup Bomb\n|\n|-unboost|p2b: Clefairy|spe|1\n|-status|p2a: Gliscor|tox|[from] item: Toxic Orb\n|upkeep\n|turn|2\n|\n|t:|1695767292\n|move|p2b: Clefairy|Follow Me|p2b: Clefairy\n|-singleturn|p2b: Clefairy|move: Follow Me\n|move|p2a: Gliscor|Agility|p2a: Gliscor\n|-boost|p2a: Gliscor|spe|2\n|move|p1a: Glimmer|Dazzling Gleam|p2b: Clefairy|[spread] p2a,p2b\n|-damage|p2a: Gliscor|54\/100 tox\n|-damage|p2b: Clefairy|48\/100\n|move|p1b: Dipper|Syrup Bomb|p2b: Clefairy\n|-damage|p2b: Clefairy|31\/100\n|\n|-heal|p2a: Gliscor|66\/100 tox|[from] ability: Poison Heal\n|-unboost|p2b: Clefairy|spe|1\n|upkeep\n|turn|3\n|\n|t:|1695767314\n|move|p2b: Clefairy|Follow Me|p2b: Clefairy\n|-singleturn|p2b: Clefairy|move: Follow Me\n|move|p2a: Gliscor|Swords Dance|p2a: Gliscor\n|-boost|p2a: Gliscor|atk|2\n|move|p1a: Glimmer|Sunny Day|p1a: Glimmer\n|-weather|SunnyDay\n|move|p1b: Dipper|Syrup Bomb|p2b: Clefairy\n|-damage|p2b: Clefairy|15\/100\n|\n|-weather|SunnyDay|[upkeep]\n|-heal|p2a: Gliscor|79\/100 tox|[from] ability: Poison Heal\n|-end|p2b: Clefairy|Syrup Bomb\n|upkeep\n|turn|4\n|\n|t:|1695767336\n|move|p2b: Clefairy|Follow Me|p2b: Clefairy\n|-singleturn|p2b: Clefairy|move: Follow Me\n|move|p2a: Gliscor|Agility|p2a: Gliscor\n|-boost|p2a: Gliscor|spe|2\n|move|p1a: Glimmer|Dazzling Gleam|p2a: Gliscor|[spread] p2a,p2b\n|-damage|p2a: Gliscor|55\/100 tox\n|-damage|p2b: Clefairy|0 fnt\n|faint|p2b: Clefairy\n|move|p1b: Dipper|Syrup Bomb|p2a: Gliscor\n|-damage|p2a: Gliscor|31\/100 tox\n|-start|p2a: Gliscor|Syrup Bomb\n|\n|-weather|SunnyDay|[upkeep]\n|-heal|p2a: Gliscor|43\/100 tox|[from] ability: Poison Heal\n|-unboost|p2a: Gliscor|spe|1\n|upkeep\n|\n|t:|1695767352\n|switch|p2b: Jirachi|Jirachi|100\/100\n|turn|5\n|\n|t:|1695767365\n|move|p2b: Jirachi|Follow Me|p2b: Jirachi\n|-singleturn|p2b: Jirachi|move: Follow Me\n|move|p2a: Gliscor|Baton Pass|p2a: Gliscor\n|\n|t:|1695767368\n|switch|p2a: Let her cook|Chansey, F|100\/100|[from] Baton Pass\n|move|p1a: Glimmer|Dazzling Gleam|p2a: Let her cook|[spread] p2a,p2b\n|-resisted|p2b: Jirachi\n|-damage|p2a: Let her cook|90\/100\n|-damage|p2b: Jirachi|91\/100\n|move|p1b: Dipper|Dragon Tail|p2b: Jirachi|[miss]\n|-miss|p1b: Dipper|p2b: Jirachi\n|\n|-weather|SunnyDay|[upkeep]\n|-heal|p2b: Jirachi|98\/100|[from] item: Leftovers\n|upkeep\n|turn|6\n|\n|t:|1695767395\n|switch|p2b: Medicham|Medicham, M|100\/100\n|move|p2a: Let her cook|Power-Up Punch|p1b: Dipper\n|-crit|p1b: Dipper\n|-damage|p1b: Dipper|88\/100\n|-boost|p2a: Let her cook|atk|1\n|move|p1a: Glimmer|Dazzling Gleam|p2b: Medicham|[spread] p2a,p2b\n|-supereffective|p2b: Medicham\n|-damage|p2a: Let her cook|79\/100\n|-damage|p2b: Medicham|49\/100\n|move|p1b: Dipper|Syrup Bomb|p2b: Medicham\n|-damage|p2b: Medicham|28\/100\n|-start|p2b: Medicham|Syrup Bomb\n|\n|-weather|SunnyDay|[upkeep]\n|-heal|p2b: Medicham|34\/100|[from] item: Leftovers\n|-heal|p1b: Dipper|94\/100|[from] item: Leftovers\n|-unboost|p2b: Medicham|spe|1\n|upkeep\n|turn|7\n|\n|t:|1695767422\n|move|p2b: Medicham|Helping Hand|p2a: Let her cook\n|-singleturn|p2a: Let her cook|Helping Hand|[of] p2b: Medicham\n|move|p2a: Let her cook|Earthquake|p1a: Glimmer|[spread] p2b,p1a,p1b\n|-supereffective|p1a: Glimmer\n|-crit|p1a: Glimmer\n|-resisted|p1b: Dipper\n|-damage|p2b: Medicham|0 fnt\n|-damage|p1a: Glimmer|0 fnt\n|-damage|p1b: Dipper|80\/100\n|-activate|p1a: Glimmer|ability: Toxic Debris\n|-sidestart|p2: Saul Goodman 42069|move: Toxic Spikes\n|faint|p2b: Medicham\n|faint|p1a: Glimmer\n|move|p1b: Dipper|Syrup Bomb|p2a: Let her cook\n|-damage|p2a: Let her cook|69\/100\n|-start|p2a: Let her cook|Syrup Bomb\n|\n|-weather|none\n|-heal|p1b: Dipper|86\/100|[from] item: Leftovers\n|-unboost|p2a: Let her cook|spe|1\n|upkeep\n|\n|t:|1695767439\n|switch|p1a: Onigiri|Ogerpon-Hearthflame, F|100\/100\n|switch|p2b: Jirachi|Jirachi|98\/100\n|-ability|p1a: Onigiri|Mold Breaker\n|turn|8\n|\n|t:|1695767448\n|-terastallize|p1a: Onigiri|Fire\n|detailschange|p1a: Onigiri|Ogerpon-Hearthflame-Tera, F, tera:Fire\n|-ability|p1a: Onigiri|Embody Aspect (Hearthflame)|boost\n|-boost|p1a: Onigiri|atk|1\n|move|p2b: Jirachi|Follow Me|p2b: Jirachi\n|-singleturn|p2b: Jirachi|move: Follow Me\n|move|p2a: Let her cook|Rock Slide|p1a: Onigiri|[spread] p1a,p1b\n|-supereffective|p1a: Onigiri\n|-crit|p1b: Dipper\n|-damage|p1a: Onigiri|65\/100\n|-damage|p1b: Dipper|63\/100\n|cant|p1a: Onigiri|flinch\n|cant|p1b: Dipper|flinch\n|\n|-heal|p2b: Jirachi|100\/100|[from] item: Leftovers\n|-heal|p1b: Dipper|69\/100|[from] item: Leftovers\n|-unboost|p2a: Let her cook|spe|1\n|upkeep\n|turn|9\n|\n|t:|1695767467\n|move|p2b: Jirachi|Follow Me|p2b: Jirachi\n|-singleturn|p2b: Jirachi|move: Follow Me\n|move|p2a: Let her cook|Rock Slide|p1b: Dipper|[spread] p1a,p1b\n|-supereffective|p1a: Onigiri\n|-crit|p1a: Onigiri\n|-crit|p1b: Dipper\n|-damage|p1a: Onigiri|16\/100\n|-damage|p1b: Dipper|47\/100\n|move|p1a: Onigiri|Ivy Cudgel|p2b: Jirachi\n|-supereffective|p2b: Jirachi\n|-damage|p2b: Jirachi|0 fnt\n|faint|p2b: Jirachi\n|move|p1b: Dipper|Syrup Bomb|p2a: Let her cook\n|-damage|p2a: Let her cook|58\/100\n|\n|-heal|p1b: Dipper|53\/100|[from] item: Leftovers\n|-end|p2a: Let her cook|Syrup Bomb\n|upkeep\n|\n|t:|1695767480\n|switch|p2b: Gliscor|Gliscor, F|43\/100 tox\n|turn|10\n|\n|t:|1695767490\n|move|p2a: Let her cook|Earthquake|p1a: Onigiri|[spread] p1a,p1b\n|-immune|p2b: Gliscor\n|-supereffective|p1a: Onigiri\n|-crit|p1a: Onigiri\n|-resisted|p1b: Dipper\n|-crit|p1b: Dipper\n|-damage|p1a: Onigiri|0 fnt\n|-damage|p1b: Dipper|38\/100\n|faint|p1a: Onigiri\n|move|p2b: Gliscor|Substitute|p2b: Gliscor\n|-start|p2b: Gliscor|Substitute\n|-damage|p2b: Gliscor|18\/100 tox\n|move|p1b: Dipper|Syrup Bomb|p2a: Let her cook\n|-damage|p2a: Let her cook|47\/100\n|-start|p2a: Let her cook|Syrup Bomb\n|\n|-heal|p1b: Dipper|44\/100|[from] item: Leftovers\n|-heal|p2b: Gliscor|30\/100 tox|[from] ability: Poison Heal\n|-unboost|p2a: Let her cook|spe|1\n|upkeep\n|\n|t:|1695767508\n|switch|p1a: Skeleton|Skeledirge, F|100\/100\n|turn|11\n|\n|t:|1695767522\n|move|p2b: Gliscor|Agility|p2b: Gliscor\n|-boost|p2b: Gliscor|spe|2\n|move|p2a: Let her cook|Rock Slide|p1a: Skeleton|[spread] p1b\n|-miss|p2a: Let her cook|p1a: Skeleton\n|-damage|p1b: Dipper|29\/100\n|move|p1a: Skeleton|Torch Song|p2b: Gliscor\n|-damage|p2b: Gliscor|0 fnt\n|-boost|p1a: Skeleton|spa|1\n|faint|p2b: Gliscor\n|move|p1b: Dipper|Syrup Bomb|p2a: Let her cook\n|-damage|p2a: Let her cook|37\/100\n|\n|-heal|p1b: Dipper|35\/100|[from] item: Leftovers\n|-unboost|p2a: Let her cook|spe|1\n|upkeep\n|turn|12\n|\n|t:|1695767541\n|move|p1a: Skeleton|Earthquake|p2a: Let her cook|[spread] p1b,p2a\n|-resisted|p1b: Dipper\n|-damage|p1b: Dipper|28\/100\n|-damage|p2a: Let her cook|0 fnt\n|faint|p2a: Let her cook\n|\n|win|trianglesphere\n|raw|trianglesphere's rating: 1101 &rarr; <strong>1119<\/strong><br \/>(+18 for winning)\n|raw|Saul Goodman 42069's rating: 1000 &rarr; <strong>1000<\/strong><br \/>(+0 for losing)\n|c|\u2606Saul Goodman 42069|gg\n|l|\u2606trianglesphere\n","uploadtime":1695767596,"views":8,"p1id":"trianglesphere","p2id":"saulgoodman42069","formatid":"gen9nationaldexdoubles","rating":1000,"private":0,"password":""}