{"id":"gen9nationaldexdoubles-1991588751","p1":"Seabrrr","p2":"Delreynan","format":"[Gen 9] National Dex Doubles","log":"|j|\u2606Seabrrr\n|j|\u2606Delreynan\n|t:|1700091505\n|gametype|doubles\n|player|p1|Seabrrr|swimmerf-gen4|1048\n|player|p2|Delreynan|cynthia-gen4|1104\n|teamsize|p1|6\n|teamsize|p2|6\n|gen|9\n|tier|[Gen 9] National Dex Doubles\n|rated|\n|rule|HP Percentage Mod: HP is shown in percentages\n|rule|Endless Battle Clause: Forcing endless battles is banned\n|rule|OHKO Clause: OHKO moves are banned\n|rule|Evasion Moves Clause: Evasion moves are banned\n|rule|Evasion Abilities Clause: Evasion abilities are banned\n|rule|Species Clause: Limit one of each Pok\u00e9mon\n|rule|Gravity Sleep Clause: The combination of sleep-inducing moves with imperfect accuracy and Gravity or Gigantamax Orbeetle are banned\n|clearpoke\n|poke|p1|Garchomp, M|\n|poke|p1|Iron Valiant|\n|poke|p1|Corviknight, F|\n|poke|p1|Gengar, M|\n|poke|p1|Greninja-*, M|\n|poke|p1|Typhlosion, F|\n|poke|p2|Arcanine, M|\n|poke|p2|Dachsbun, M|\n|poke|p2|Houndoom, M|\n|poke|p2|Stoutland, M|\n|poke|p2|Okidogi, M|\n|poke|p2|Houndstone, F|\n|teampreview\n|\n|t:|1700091516\n|start\n|switch|p1a: Garchomp|Garchomp, M|100\/100\n|switch|p1b: Gengar|Gengar, M|100\/100\n|switch|p2a: Kshorro|Arcanine, M|100\/100\n|switch|p2b: Idoso|Stoutland, M|100\/100\n|-ability|p2b: Idoso|Intimidate|boost\n|-unboost|p1a: Garchomp|atk|1\n|-unboost|p1b: Gengar|atk|1\n|-ability|p2a: Kshorro|Intimidate|boost\n|-unboost|p1a: Garchomp|atk|1\n|-unboost|p1b: Gengar|atk|1\n|turn|1\n|\n|t:|1700091556\n|switch|p2a: Tostadinho|Dachsbun, M|100\/100\n|detailschange|p1a: Garchomp|Garchomp-Mega, M\n|-mega|p1a: Garchomp|Garchomp|Garchompite\n|move|p1b: Gengar|Sludge Bomb|p2b: Idoso\n|-damage|p2b: Idoso|47\/100\n|-status|p2b: Idoso|psn\n|move|p2b: Idoso|Crunch|p1b: Gengar\n|-supereffective|p1b: Gengar\n|-damage|p1b: Gengar|6\/100\n|-unboost|p1b: Gengar|def|1\n|move|p1a: Garchomp|Stealth Rock|p2a: Tostadinho\n|-sidestart|p2: Delreynan|move: Stealth Rock\n|\n|-heal|p1b: Gengar|12\/100|[from] item: Black Sludge\n|-damage|p2b: Idoso|35\/100 psn|[from] psn\n|upkeep\n|turn|2\n|\n|t:|1700091592\n|switch|p1a: Corviknight|Corviknight, F|100\/100\n|-ability|p1a: Corviknight|Pressure\n|-terastallize|p2a: Tostadinho|Steel\n|move|p1b: Gengar|Hex|p2b: Idoso\n|-immune|p2b: Idoso\n|move|p2b: Idoso|Crunch|p1b: Gengar\n|-supereffective|p1b: Gengar\n|-damage|p1b: Gengar|0 fnt\n|faint|p1b: Gengar\n|move|p2a: Tostadinho|Play Rough|p1a: Corviknight\n|-resisted|p1a: Corviknight\n|-damage|p1a: Corviknight|89\/100\n|-damage|p2a: Tostadinho|84\/100|[from] item: Rocky Helmet|[of] p1a: Corviknight\n|\n|-heal|p2a: Tostadinho|90\/100|[from] item: Leftovers\n|-damage|p2b: Idoso|22\/100 psn|[from] psn\n|upkeep\n|\n|t:|1700091610\n|switch|p1b: Iron Valiant|Iron Valiant|100\/100\n|turn|3\n|\n|t:|1700091641\n|switch|p2b: Kshorro|Arcanine, M|100\/100\n|-damage|p2b: Kshorro|75\/100|[from] Stealth Rock\n|-ability|p2b: Kshorro|Intimidate|boost\n|-unboost|p1a: Corviknight|atk|1\n|-unboost|p1b: Iron Valiant|atk|1\n|move|p1b: Iron Valiant|Thunderbolt|p2b: Kshorro\n|-damage|p2b: Kshorro|44\/100\n|move|p2a: Tostadinho|Yawn|p1b: Iron Valiant\n|-start|p1b: Iron Valiant|move: Yawn|[of] p2a: Tostadinho\n|move|p1a: Corviknight|Body Press|p2a: Tostadinho\n|-supereffective|p2a: Tostadinho\n|-damage|p2a: Tostadinho|41\/100\n|\n|-heal|p2a: Tostadinho|47\/100|[from] item: Leftovers\n|upkeep\n|turn|4\n|\n|t:|1700091672\n|-end|p1b: Iron Valiant|Quark Drive|[silent]\n|switch|p1b: Garchomp|Garchomp-Mega, M|100\/100\n|move|p2b: Kshorro|Flare Blitz|p2a: Tostadinho\n|-ability|p2a: Tostadinho|Well-Baked Body|boost\n|-boost|p2a: Tostadinho|def|2\n|move|p2a: Tostadinho|Wish|p2a: Tostadinho\n|move|p1a: Corviknight|Body Press|p2b: Kshorro\n|-damage|p2b: Kshorro|16\/100\n|-enditem|p2b: Kshorro|Salac Berry|[eat]\n|-boost|p2b: Kshorro|spe|1|[from] item: Salac Berry\n|\n|-heal|p2a: Tostadinho|54\/100|[from] item: Leftovers\n|upkeep\n|turn|5\n|\n|t:|1700091692\n|move|p2b: Kshorro|Morning Sun|p2b: Kshorro\n|-heal|p2b: Kshorro|66\/100\n|move|p1b: Garchomp|Earthquake|p2b: Kshorro|[spread] p2a,p2b\n|-immune|p1a: Corviknight\n|-supereffective|p2a: Tostadinho\n|-supereffective|p2b: Kshorro\n|-damage|p2a: Tostadinho|13\/100\n|-damage|p2b: Kshorro|0 fnt\n|faint|p2b: Kshorro\n|move|p2a: Tostadinho|Body Press|p1b: Garchomp\n|-damage|p1b: Garchomp|55\/100\n|move|p1a: Corviknight|U-turn|p2a: Tostadinho\n|-resisted|p2a: Tostadinho\n|-damage|p2a: Tostadinho|10\/100\n|\n|t:|1700091712\n|switch|p1a: Greninja|Greninja, M|100\/100|[from] U-turn\n|\n|-heal|p2a: Tostadinho|60\/100|[from] move: Wish|[wisher] Tostadinho\n|-heal|p2a: Tostadinho|67\/100|[from] item: Leftovers\n|upkeep\n|inactive|Battle timer is ON: inactive players will automatically lose when time's up. (requested by Delreynan)\n|\n|t:|1700091720\n|switch|p2b: Idoso|Stoutland, M|22\/100 psn\n|-damage|p2b: Idoso|10\/100 psn|[from] Stealth Rock\n|-ability|p2b: Idoso|Intimidate|boost\n|-unboost|p1a: Greninja|atk|1\n|-unboost|p1b: Garchomp|atk|1\n|turn|6\n|\n|t:|1700091741\n|move|p1a: Greninja|Water Shuriken|p2b: Idoso\n|-damage|p2b: Idoso|0 fnt\n|faint|p2b: Idoso\n|-ability|p1a: Greninja|Battle Bond|boost\n|-boost|p1a: Greninja|atk|1\n|-boost|p1a: Greninja|spa|1\n|-boost|p1a: Greninja|spe|1\n|-activate|p1a: Greninja|ability: Battle Bond\n|-hitcount|p2: Idoso|1\n|-damage|p1a: Greninja|91\/100|[from] item: Life Orb\n|move|p1b: Garchomp|Fire Blast|p2a: Tostadinho\n|-ability|p2a: Tostadinho|Well-Baked Body|boost\n|-boost|p2a: Tostadinho|def|2\n|move|p2a: Tostadinho|Play Rough|p1b: Garchomp\n|-supereffective|p1b: Garchomp\n|-damage|p1b: Garchomp|0 fnt\n|faint|p1b: Garchomp\n|\n|-heal|p2a: Tostadinho|73\/100|[from] item: Leftovers\n|upkeep\n|\n|t:|1700091763\n|switch|p2b: Cachorro satanista|Houndoom, M|100\/100\n|switch|p1b: Typhlosion|Typhlosion, F|100\/100\n|-ability|p2b: Cachorro satanista|Unnerve\n|-damage|p2b: Cachorro satanista|76\/100|[from] Stealth Rock\n|turn|7\n|\n|t:|1700091787\n|detailschange|p2b: Cachorro satanista|Houndoom-Mega, M\n|-mega|p2b: Cachorro satanista|Houndoom|Houndoominite\n|move|p1a: Greninja|Water Shuriken|p2b: Cachorro satanista\n|-supereffective|p2b: Cachorro satanista\n|-damage|p2b: Cachorro satanista|41\/100\n|-supereffective|p2b: Cachorro satanista\n|-damage|p2b: Cachorro satanista|8\/100\n|-supereffective|p2b: Cachorro satanista\n|-damage|p2b: Cachorro satanista|0 fnt\n|faint|p2b: Cachorro satanista\n|-hitcount|p2: Cachorro satanista|3\n|-damage|p1a: Greninja|81\/100|[from] item: Life Orb\n|move|p1b: Typhlosion|Eruption|p2a: Tostadinho\n|-ability|p2a: Tostadinho|Well-Baked Body|boost\n|-boost|p2a: Tostadinho|def|2\n|move|p2a: Tostadinho|Body Press|p1a: Greninja\n|-supereffective|p1a: Greninja\n|-crit|p1a: Greninja\n|-damage|p1a: Greninja|0 fnt\n|faint|p1a: Greninja\n|\n|-heal|p2a: Tostadinho|79\/100|[from] item: Leftovers\n|upkeep\n|\n|t:|1700091816\n|switch|p1a: Iron Valiant|Iron Valiant|100\/100\n|switch|p2b: Falecido|Houndstone, F|100\/100\n|-damage|p2b: Falecido|88\/100|[from] Stealth Rock\n|turn|8\n|\n|t:|1700091844\n|move|p1a: Iron Valiant|Psyshock|p2a: Tostadinho\n|-resisted|p2a: Tostadinho\n|-damage|p2a: Tostadinho|76\/100\n|move|p1b: Typhlosion|Shadow Ball|p2a: Tostadinho\n|-damage|p2a: Tostadinho|33\/100\n|move|p2a: Tostadinho|Body Press|p1b: Typhlosion\n|-damage|p1b: Typhlosion|0 fnt\n|faint|p1b: Typhlosion\n|move|p2b: Falecido|Last Respects|p1a: Iron Valiant\n|-damage|p1a: Iron Valiant|0 fnt\n|faint|p1a: Iron Valiant\n|-end|p1a: Iron Valiant|Quark Drive|[silent]\n|\n|-heal|p2a: Tostadinho|39\/100|[from] item: Leftovers\n|-heal|p2b: Falecido|94\/100|[from] item: Leftovers\n|upkeep\n|inactive|Seabrrr has 120 seconds left.\n|-message|Seabrrr forfeited.\n|\n|win|Delreynan\n|raw|Seabrrr's rating: 1048 &rarr; <strong>1034<\/strong><br \/>(-14 for losing)\n|raw|Delreynan's rating: 1104 &rarr; <strong>1125<\/strong><br \/>(+21 for winning)\n|l|\u2606Seabrrr\n","uploadtime":1700091865,"views":6,"p1id":"seabrrr","p2id":"delreynan","formatid":"gen9nationaldexdoubles","rating":1034,"private":0,"password":""}