{"id":"gen9nationaldexdoubles-1968514656","p1":"Rikard & Frida","p2":"L+raitof","format":"[Gen 9] National Dex Doubles","log":"|j|\u2606Rikard & Frida\n|j|\u2606L+raitof\n|t:|1697427089\n|gametype|doubles\n|player|p1|Rikard & Frida|youngcouple-gen4dp|1227\n|player|p2|L+raitof|parasollady|1081\n|teamsize|p1|6\n|teamsize|p2|6\n|gen|9\n|tier|[Gen 9] National Dex Doubles\n|rated|\n|rule|HP Percentage Mod: HP is shown in percentages\n|rule|Endless Battle Clause: Forcing endless battles is banned\n|rule|OHKO Clause: OHKO moves are banned\n|rule|Evasion Moves Clause: Evasion moves are banned\n|rule|Evasion Abilities Clause: Evasion abilities are banned\n|rule|Species Clause: Limit one of each Pok\u00e9mon\n|rule|Gravity Sleep Clause: The combination of sleep-inducing moves with imperfect accuracy and Gravity or Gigantamax Orbeetle are banned\n|clearpoke\n|poke|p1|Raichu-Alola, F|\n|poke|p1|Unfezant, F|\n|poke|p1|Roserade, F|\n|poke|p1|Blaziken, F|\n|poke|p1|Samurott, F|\n|poke|p1|Garchomp, F|\n|poke|p2|Bellossom, F|\n|poke|p2|Greninja-*, M|\n|poke|p2|Ribombee, F|\n|poke|p2|Pawmot, M|\n|poke|p2|Ninetales, M|\n|poke|p2|Bisharp, M|\n|teampreview\n|inactive|Battle timer is ON: inactive players will automatically lose when time's up. (requested by Rikard & Frida)\n|\n|t:|1697427111\n|start\n|switch|p1a: Raichu|Raichu-Alola, F|100\/100\n|switch|p1b: Blaziken|Blaziken, F|100\/100\n|switch|p2a: Bellossom|Bellossom, F, shiny|100\/100\n|switch|p2b: Ninetales|Ninetales, M|100\/100\n|-weather|SunnyDay|[from] ability: Drought|[of] p2b: Ninetales\n|turn|1\n|\n|t:|1697427126\n|move|p2a: Bellossom|Protect|p2a: Bellossom\n|-singleturn|p2a: Bellossom|Protect\n|move|p1a: Raichu|Fake Out|p2b: Ninetales\n|-damage|p2b: Ninetales|91\/100\n|cant|p2b: Ninetales|flinch\n|move|p1b: Blaziken|Swords Dance|p1b: Blaziken\n|-boost|p1b: Blaziken|atk|2\n|\n|-weather|SunnyDay|[upkeep]\n|-ability|p1b: Blaziken|Speed Boost|boost\n|-boost|p1b: Blaziken|spe|1\n|upkeep\n|turn|2\n|\n|t:|1697427140\n|move|p1b: Blaziken|Close Combat|p2b: Ninetales\n|-damage|p2b: Ninetales|0 fnt\n|-unboost|p1b: Blaziken|def|1\n|-unboost|p1b: Blaziken|spd|1\n|faint|p2b: Ninetales\n|move|p2a: Bellossom|Quiver Dance|p2a: Bellossom\n|-boost|p2a: Bellossom|spa|1\n|-boost|p2a: Bellossom|spd|1\n|-boost|p2a: Bellossom|spe|1\n|move|p1a: Raichu|Electric Terrain|p1a: Raichu\n|-fieldstart|move: Electric Terrain\n|\n|-weather|SunnyDay|[upkeep]\n|-ability|p1b: Blaziken|Speed Boost|boost\n|-boost|p1b: Blaziken|spe|1\n|upkeep\n|\n|t:|1697427149\n|switch|p2b: Greninja|Greninja, M, shiny|100\/100\n|turn|3\n|\n|t:|1697427163\n|move|p2b: Greninja|Water Shuriken|p1b: Blaziken\n|-start|p2b: Greninja|typechange|Water|[from] ability: Protean\n|-supereffective|p1b: Blaziken\n|-damage|p1b: Blaziken|88\/100\n|-supereffective|p1b: Blaziken\n|-damage|p1b: Blaziken|74\/100\n|-hitcount|p1b: Blaziken|2\n|move|p1a: Raichu|Thunderbolt|p2b: Greninja\n|-supereffective|p2b: Greninja\n|-damage|p2b: Greninja|0 fnt\n|faint|p2b: Greninja\n|move|p2a: Bellossom|Moonblast|p1a: Raichu\n|-damage|p1a: Raichu|47\/100\n|move|p1b: Blaziken|Flare Blitz|p2a: Bellossom\n|-supereffective|p2a: Bellossom\n|-damage|p2a: Bellossom|0 fnt\n|faint|p2a: Bellossom\n|-damage|p1b: Blaziken|40\/100|[from] Recoil\n|\n|-weather|SunnyDay|[upkeep]\n|-ability|p1b: Blaziken|Speed Boost|boost\n|-boost|p1b: Blaziken|spe|1\n|upkeep\n|inactive|L+raitof has 120 seconds left.\n|l|\u2606L+raitof\n|inactive|L+raitof disconnected and has a minute to reconnect!\n|player|p2|\n|j|\u2606L+raitof\n|inactive|L+raitof reconnected and has 100 seconds left.\n|player|p2|L+raitof|parasollady\n|\n|t:|1697427213\n|switch|p2b: Pawmot|Pawmot, M|100\/100\n|switch|p2a: Ribombee|Ribombee, F|100\/100\n|turn|4\n|inactive|L+raitof has 120 seconds left.\n|\n|t:|1697427226\n|move|p1b: Blaziken|Flare Blitz|p2b: Pawmot\n|-damage|p2b: Pawmot|0 fnt\n|faint|p2b: Pawmot\n|-damage|p1b: Blaziken|6\/100|[from] Recoil\n|-enditem|p1b: Blaziken|Liechi Berry|[eat]\n|-boost|p1b: Blaziken|atk|1|[from] item: Liechi Berry\n|-zpower|p1a: Raichu\n|move|p1a: Raichu|Stoked Sparksurfer|p2a: Ribombee|[zeffect]\n|-damage|p2a: Ribombee|0 fnt\n|faint|p2a: Ribombee\n|\n|-weather|SunnyDay|[upkeep]\n|-ability|p1b: Blaziken|Speed Boost|boost\n|-boost|p1b: Blaziken|spe|1\n|upkeep\n|l|\u2606L+raitof\n|inactive|L+raitof disconnected and has a minute to reconnect!\n|player|p2|\n|j|\u2606L+raitof\n|inactive|L+raitof reconnected and has 100 seconds left.\n|player|p2|L+raitof|parasollady\n|\n|t:|1697427252\n|switch|p2a: Bisharp|Bisharp, M, shiny|100\/100\n|turn|5\n|\n|t:|1697427256\n|move|p2a: Bisharp|Sucker Punch|p1b: Blaziken\n|-resisted|p1b: Blaziken\n|-damage|p1b: Blaziken|0 fnt\n|faint|p1b: Blaziken\n|move|p1a: Raichu|Thunderbolt|p2a: Bisharp\n|-damage|p2a: Bisharp|43\/100\n|\n|-weather|SunnyDay|[upkeep]\n|upkeep\n|\n|t:|1697427263\n|switch|p1b: Garchomp|Garchomp, F|100\/100\n|turn|6\n|\n|t:|1697427266\n|detailschange|p1b: Garchomp|Garchomp-Mega, F\n|-mega|p1b: Garchomp|Garchomp|Garchompite\n|move|p1a: Raichu|Thunderbolt|p2a: Bisharp\n|-damage|p2a: Bisharp|0 fnt\n|faint|p2a: Bisharp\n|\n|win|Rikard & Frida\n|raw|Rikard &amp; Frida's rating: 1227 &rarr; <strong>1242<\/strong><br \/>(+15 for winning)\n|raw|L+raitof's rating: 1081 &rarr; <strong>1068<\/strong><br \/>(-13 for losing)\n|l|\u2606L+raitof\n","uploadtime":1697427273,"views":3,"p1id":"rikardfrida","p2id":"lraitof","formatid":"gen9nationaldexdoubles","rating":1068,"private":0,"password":""}