{"id":"gen9nationaldexdoubles-1978439427","p1":"imagine-despair","p2":"Aquiley","format":"[Gen 9] National Dex Doubles","log":"|j|\u2606imagine-despair\n|j|\u2606Aquiley\n|t:|1698539120\n|gametype|doubles\n|player|p1|imagine-despair|brycenman|1047\n|player|p2|Aquiley|pokemonranger-gen4|1252\n|teamsize|p1|6\n|teamsize|p2|6\n|gen|9\n|tier|[Gen 9] National Dex Doubles\n|rated|\n|rule|HP Percentage Mod: HP is shown in percentages\n|rule|Endless Battle Clause: Forcing endless battles is banned\n|rule|OHKO Clause: OHKO moves are banned\n|rule|Evasion Moves Clause: Evasion moves are banned\n|rule|Evasion Abilities Clause: Evasion abilities are banned\n|rule|Species Clause: Limit one of each Pok\u00e9mon\n|rule|Gravity Sleep Clause: The combination of sleep-inducing moves with imperfect accuracy and Gravity or Gigantamax Orbeetle are banned\n|clearpoke\n|poke|p1|Blaziken, M|\n|poke|p1|Indeedee-F, F|\n|poke|p1|Tapu Lele|\n|poke|p1|Regieleki|\n|poke|p1|Whimsicott, M|\n|poke|p1|Deoxys-Attack|\n|poke|p2|Amoonguss, F|\n|poke|p2|Scizor, F|\n|poke|p2|Tyranitar, M|\n|poke|p2|Zapdos|\n|poke|p2|Landorus-Therian, M|\n|poke|p2|Dragapult, M|\n|teampreview\n|\n|t:|1698539154\n|start\n|switch|p1a: Harmlessness|Indeedee-F, F|100\/100\n|switch|p1b: ATTACK\uff01\uff01\uff01|Deoxys-Attack|100\/100\n|switch|p2a: Landorus|Landorus-Therian, M|100\/100\n|switch|p2b: Zapdos|Zapdos|100\/100\n|-ability|p1b: ATTACK\uff01\uff01\uff01|Pressure\n|-ability|p2a: Landorus|Intimidate|boost\n|-unboost|p1a: Harmlessness|atk|1\n|-unboost|p1b: ATTACK\uff01\uff01\uff01|atk|1\n|-fieldstart|move: Psychic Terrain|[from] ability: Psychic Surge|[of] p1a: Harmlessness\n|turn|1\n|\n|t:|1698539176\n|switch|p1a: Venti|Whimsicott, M|100\/100\n|move|p1b: ATTACK\uff01\uff01\uff01|Ice Beam|p2a: Landorus\n|-supereffective|p2a: Landorus\n|-damage|p2a: Landorus|0 fnt\n|faint|p2a: Landorus\n|move|p2b: Zapdos|Tailwind|p2b: Zapdos\n|-sidestart|p2: Aquiley|move: Tailwind\n|\n|upkeep\n|inactive|Battle timer is ON: inactive players will automatically lose when time's up. (requested by imagine-despair)\n|\n|t:|1698539195\n|switch|p2a: Scizor|Scizor, F|100\/100\n|turn|2\n|\n|t:|1698539214\n|move|p1a: Venti|Tailwind|p1a: Venti\n|-sidestart|p1: imagine-despair|move: Tailwind\n|move|p1b: ATTACK\uff01\uff01\uff01|Psycho Boost|p2b: Zapdos\n|-damage|p2b: Zapdos|0 fnt\n|-unboost|p1b: ATTACK\uff01\uff01\uff01|spa|2\n|faint|p2b: Zapdos\n|move|p2a: Scizor|Swords Dance|p2a: Scizor\n|-boost|p2a: Scizor|atk|2\n|\n|upkeep\n|\n|t:|1698539224\n|switch|p2b: Tyranitar|Tyranitar, M|100\/100\n|-weather|Sandstorm|[from] ability: Sand Stream|[of] p2b: Tyranitar\n|turn|3\n|\n|t:|1698539244\n|switch|p1b: Blaziken|Blaziken, M|100\/100\n|detailschange|p2b: Tyranitar|Tyranitar-Mega, M\n|-mega|p2b: Tyranitar|Tyranitar|Tyranitarite\n|move|p1a: Venti|Moonblast|p2b: Tyranitar\n|-supereffective|p2b: Tyranitar\n|-damage|p2b: Tyranitar|58\/100\n|move|p2b: Tyranitar|Dragon Dance|p2b: Tyranitar\n|-boost|p2b: Tyranitar|atk|1\n|-boost|p2b: Tyranitar|spe|1\n|move|p2a: Scizor|Aerial Ace|p1a: Venti\n|-supereffective|p1a: Venti\n|-enditem|p1a: Venti|Focus Sash\n|-damage|p1a: Venti|1\/100\n|\n|-weather|Sandstorm|[upkeep]\n|-damage|p1a: Venti|0 fnt|[from] Sandstorm\n|-damage|p1b: Blaziken|95\/100|[from] Sandstorm\n|faint|p1a: Venti\n|upkeep\n|\n|t:|1698539258\n|switch|p1a: ATTACK\uff01\uff01\uff01|Deoxys-Attack|100\/100\n|-ability|p1a: ATTACK\uff01\uff01\uff01|Pressure\n|turn|4\n|\n|t:|1698539282\n|detailschange|p1b: Blaziken|Blaziken-Mega, M\n|-mega|p1b: Blaziken|Blaziken|Blazikenite\n|move|p1a: ATTACK\uff01\uff01\uff01|Superpower|p2b: Tyranitar\n|-supereffective|p2b: Tyranitar\n|-damage|p2b: Tyranitar|0 fnt\n|-unboost|p1a: ATTACK\uff01\uff01\uff01|atk|1\n|-unboost|p1a: ATTACK\uff01\uff01\uff01|def|1\n|faint|p2b: Tyranitar\n|move|p1b: Blaziken|Flare Blitz|p2a: Scizor\n|-supereffective|p2a: Scizor\n|-enditem|p2a: Scizor|Focus Sash\n|-damage|p2a: Scizor|1\/100\n|-damage|p1b: Blaziken|64\/100|[from] Recoil\n|move|p2a: Scizor|Aerial Ace|p1a: ATTACK\uff01\uff01\uff01\n|-enditem|p1a: ATTACK\uff01\uff01\uff01|Focus Sash\n|-damage|p1a: ATTACK\uff01\uff01\uff01|1\/100\n|\n|-weather|Sandstorm|[upkeep]\n|-damage|p1a: ATTACK\uff01\uff01\uff01|0 fnt|[from] Sandstorm\n|-damage|p1b: Blaziken|58\/100|[from] Sandstorm\n|faint|p1a: ATTACK\uff01\uff01\uff01\n|-sideend|p2: Aquiley|move: Tailwind\n|-ability|p1b: Blaziken|Speed Boost|boost\n|-boost|p1b: Blaziken|spe|1\n|upkeep\n|\n|t:|1698539304\n|switch|p1a: ASAP|Regieleki|100\/100\n|switch|p2b: Dragapult|Dragapult, M, shiny|100\/100\n|turn|5\n|inactive|Aquiley has 120 seconds left.\n|c|\u2606Aquiley|!dt Psychic Terrain\n|raw|<ul class=\"utilichart\"><li class=\"result\"><span class=\"col movenamecol\"><a href=\"https:\/\/dex.pokemonshowdown.com\/moves\/psychicterrain\">Psychic Terrain<\/a><\/span> <span class=\"col typecol\"><img src=\"\/\/play.pokemonshowdown.com\/sprites\/types\/Psychic.png\" alt=\"Psychic\" width=\"32\" height=\"14\"><img src=\"\/\/play.pokemonshowdown.com\/sprites\/categories\/Status.png\" alt=\"Status\" width=\"32\" height=\"14\"><\/span> <span class=\"col widelabelcol\"><em>Accuracy<\/em><br>\u2014<\/span> <span class=\"col pplabelcol\"><em>PP<\/em><br>16<\/span> <span class=\"col movedesccol\">5 turns. Grounded: +Psychic power, priority-safe.<\/span> <\/li><li style=\"clear:both\"><\/li><\/ul>\n|raw|<font size=\"1\"><font color=\"#686868\">Priority:<\/font> 0&nbsp;|&ThickSpace;<font color=\"#686868\">Gen:<\/font> 7&nbsp;|&ThickSpace;&#10003; Bypasses Protect&nbsp;|&ThickSpace;<font color=\"#686868\">Z-Effect:<\/font>  Sp. Atk +1&nbsp;|&ThickSpace;<font color=\"#686868\">Target:<\/font> All Pok\u00e9mon<\/font>\n\n|-activate|p2b: Dragapult|item: Quick Claw\n|\n|t:|1698539353\n|move|p1b: Blaziken|Protect|p1b: Blaziken\n|-singleturn|p1b: Blaziken|Protect\n|move|p2b: Dragapult|Dragon Darts|p1a: ASAP\n|-damage|p1a: ASAP|54\/100\n|-anim|p2b: Dragapult|Dragon Darts|p1a: ASAP\n|-crit|p1a: ASAP\n|-damage|p1a: ASAP|0 fnt\n|faint|p1a: ASAP\n|move|p2a: Scizor|Aerial Ace|p1b: Blaziken\n|-activate|p1b: Blaziken|move: Protect\n|\n|-weather|Sandstorm|[upkeep]\n|-damage|p1b: Blaziken|52\/100|[from] Sandstorm\n|-damage|p2b: Dragapult|95\/100|[from] Sandstorm\n|-sideend|p1: imagine-despair|move: Tailwind\n|-ability|p1b: Blaziken|Speed Boost|boost\n|-boost|p1b: Blaziken|spe|1\n|upkeep\n|inactive|imagine-despair has 120 seconds left.\n|\n|t:|1698539378\n|switch|p1a: Butterfly Butter|Tapu Lele|100\/100\n|turn|6\n|inactive|imagine-despair has 120 seconds left.\n|-activate|p2b: Dragapult|item: Quick Claw\n|\n|t:|1698539402\n|-terastallize|p2b: Dragapult|Fairy\n|move|p2b: Dragapult|Dragon Darts|p1b: Blaziken\n|-damage|p1b: Blaziken|20\/100\n|-anim|p2b: Dragapult|Dragon Darts|p1b: Blaziken\n|-damage|p1b: Blaziken|0 fnt\n|faint|p1b: Blaziken\n|move|p1a: Butterfly Butter|Moonblast|p2b: Dragapult\n|-damage|p2b: Dragapult|28\/100\n|-unboost|p2b: Dragapult|spa|1\n|-start|p1a: Butterfly Butter|Disable|Moonblast|[from] ability: Cursed Body|[of] p2b: Dragapult\n|move|p2a: Scizor|Aerial Ace|p1a: Butterfly Butter\n|-damage|p1a: Butterfly Butter|0 fnt\n|faint|p1a: Butterfly Butter\n|\n|-weather|Sandstorm|[upkeep]\n|-damage|p2b: Dragapult|22\/100|[from] Sandstorm\n|upkeep\n|inactive|imagine-despair has 120 seconds left.\n|c|\u2606imagine-despair|?\n|c|\u2606imagine-despair|???\n|c|\u2606imagine-despair|?????\n|\n|t:|1698539427\n|switch|p1a: Harmlessness|Indeedee-F, F|100\/100\n|turn|7\n|-message|imagine-despair forfeited.\n|\n|win|Aquiley\n|raw|imagine-despair's rating: 1047 &rarr; <strong>1039<\/strong><br \/>(-8 for losing)\n|raw|Aquiley's rating: 1252 &rarr; <strong>1264<\/strong><br \/>(+12 for winning)\n|l|\u2606Aquiley\n","uploadtime":1698539447,"views":8,"p1id":"imaginedespair","p2id":"aquiley","formatid":"gen9nationaldexdoubles","rating":1039,"private":0,"password":""}