{"id":"gen9nationaldexdoubles-1975310079","p1":"dfgfxg xf","p2":"xdtrainer","format":"[Gen 9] National Dex Doubles","log":"|j|\u2606dfgfxg xf\n|j|\u2606xdtrainer\n|t:|1698178624\n|gametype|doubles\n|player|p1|dfgfxg xf|lucas|1140\n|player|p2|xdtrainer|102|1317\n|teamsize|p1|6\n|teamsize|p2|6\n|gen|9\n|tier|[Gen 9] National Dex Doubles\n|rated|\n|rule|HP Percentage Mod: HP is shown in percentages\n|rule|Endless Battle Clause: Forcing endless battles is banned\n|rule|OHKO Clause: OHKO moves are banned\n|rule|Evasion Moves Clause: Evasion moves are banned\n|rule|Evasion Abilities Clause: Evasion abilities are banned\n|rule|Species Clause: Limit one of each Pok\u00e9mon\n|rule|Gravity Sleep Clause: The combination of sleep-inducing moves with imperfect accuracy and Gravity or Gigantamax Orbeetle are banned\n|clearpoke\n|poke|p1|Indeedee-F, F|\n|poke|p1|Oranguru, M|\n|poke|p1|Glastrier|\n|poke|p1|Hoopa-Unbound|\n|poke|p1|Ursaluna, M|\n|poke|p1|Zygarde|\n|poke|p2|Flutter Mane|\n|poke|p2|Slaking, M|\n|poke|p2|Weezing-Galar, F|\n|poke|p2|Tornadus, M|\n|poke|p2|Ogerpon-Hearthflame, F|\n|poke|p2|Toedscruel, M|\n|teampreview\n|inactive|Battle timer is ON: inactive players will automatically lose when time's up. (requested by dfgfxg xf)\n|\n|t:|1698178647\n|start\n|switch|p1a: Hoopa|Hoopa-Unbound|100\/100\n|switch|p1b: Zygarde|Zygarde|100\/100\n|switch|p2a: Slaking|Slaking, M|100\/100\n|switch|p2b: Weezing|Weezing-Galar, F|100\/100\n|-ability|p2b: Weezing|Neutralizing Gas\n|turn|1\n|\n|t:|1698178664\n|move|p2b: Weezing|Protect|p2b: Weezing\n|-singleturn|p2b: Weezing|Protect\n|move|p2a: Slaking|Drain Punch|p1a: Hoopa\n|-damage|p1a: Hoopa|57\/100\n|move|p1b: Zygarde|Coil|p1b: Zygarde\n|-boost|p1b: Zygarde|atk|1\n|-boost|p1b: Zygarde|def|1\n|-boost|p1b: Zygarde|accuracy|1\n|move|p1a: Hoopa|Trick Room|p1a: Hoopa\n|-fieldstart|move: Trick Room|[of] p1a: Hoopa\n|-enditem|p1b: Zygarde|Room Service\n|-unboost|p1b: Zygarde|spe|1|[from] item: Room Service\n|-enditem|p1a: Hoopa|Room Service\n|-unboost|p1a: Hoopa|spe|1|[from] item: Room Service\n|\n|upkeep\n|turn|2\n|\n|t:|1698178688\n|move|p1a: Hoopa|Psyshock|p2b: Weezing\n|-supereffective|p2b: Weezing\n|-damage|p2b: Weezing|1\/100\n|move|p1b: Zygarde|Thousand Arrows|p2a: Slaking|[spread] p2a,p2b\n|-supereffective|p2b: Weezing\n|-crit|p2b: Weezing\n|-damage|p2a: Slaking|78\/100\n|-damage|p2b: Weezing|0 fnt\n|faint|p2b: Weezing\n|-end|p2b: Weezing|ability: Neutralizing Gas\n|-ability|p1b: Zygarde|Aura Break\n|move|p2a: Slaking|Play Rough|p1a: Hoopa\n|-supereffective|p1a: Hoopa\n|-damage|p1a: Hoopa|0 fnt\n|faint|p1a: Hoopa\n|\n|upkeep\n|\n|t:|1698178711\n|switch|p1a: Glastrier|Glastrier|100\/100\n|switch|p2b: Toedscruel|Toedscruel, M|100\/100\n|turn|3\n|\n|t:|1698178729\n|-terastallize|p2b: Toedscruel|Water\n|move|p1a: Glastrier|Icicle Spear|p2b: Toedscruel\n|-resisted|p2b: Toedscruel\n|-damage|p2b: Toedscruel|89\/100\n|-resisted|p2b: Toedscruel\n|-damage|p2b: Toedscruel|77\/100\n|-resisted|p2b: Toedscruel\n|-damage|p2b: Toedscruel|64\/100\n|-resisted|p2b: Toedscruel\n|-damage|p2b: Toedscruel|51\/100\n|-hitcount|p2b: Toedscruel|4\n|move|p1b: Zygarde|Thousand Arrows|p2a: Slaking|[spread] p2a,p2b\n|-damage|p2a: Slaking|55\/100\n|-damage|p2b: Toedscruel|0 fnt\n|faint|p2b: Toedscruel\n|cant|p2a: Slaking|ability: Truant\n|\n|upkeep\n|\n|t:|1698178746\n|switch|p2b: Flutter Mane|Flutter Mane|100\/100\n|turn|4\n|\n|t:|1698178761\n|switch|p2a: Tornadus|Tornadus, M|100\/100\n|-terastallize|p1a: Glastrier|Ice\n|move|p2b: Flutter Mane|Protect|p2b: Flutter Mane\n|-singleturn|p2b: Flutter Mane|Protect\n|move|p1a: Glastrier|Icicle Spear|p2a: Tornadus\n|-supereffective|p2a: Tornadus\n|-damage|p2a: Tornadus|52\/100\n|-supereffective|p2a: Tornadus\n|-damage|p2a: Tornadus|0 fnt\n|faint|p2a: Tornadus\n|-ability|p1a: Glastrier|Chilling Neigh|boost\n|-boost|p1a: Glastrier|atk|1\n|-hitcount|p2: Tornadus|2\n|move|p1b: Zygarde|Thousand Arrows|p2b: Flutter Mane\n|-activate|p2b: Flutter Mane|move: Protect\n|\n|upkeep\n|\n|t:|1698178778\n|switch|p2a: Slaking|Slaking, M|55\/100\n|turn|5\n|j| bosspark1737376\n|l| bosspark1737376\n|\n|t:|1698178788\n|move|p1a: Glastrier|Icicle Spear|p2a: Slaking\n|-damage|p2a: Slaking|33\/100\n|-damage|p2a: Slaking|10\/100\n|-damage|p2a: Slaking|0 fnt\n|faint|p2a: Slaking\n|-ability|p1a: Glastrier|Chilling Neigh|boost\n|-boost|p1a: Glastrier|atk|1\n|-hitcount|p2: Slaking|3\n|move|p1b: Zygarde|Thousand Arrows|p2b: Flutter Mane\n|-damage|p2b: Flutter Mane|7\/100\n|move|p2b: Flutter Mane|Moonblast|p1b: Zygarde\n|-supereffective|p1b: Zygarde\n|-damage|p1b: Zygarde|15\/100\n|-unboost|p1b: Zygarde|spa|1\n|-damage|p2b: Flutter Mane|0 fnt|[from] item: Life Orb\n|faint|p2b: Flutter Mane\n|-end|p2b: Flutter Mane|Protosynthesis|[silent]\n|\n|-fieldend|move: Trick Room\n|upkeep\n|-message|xdtrainer forfeited.\n|\n|win|dfgfxg xf\n|raw|dfgfxg xf's rating: 1140 &rarr; <strong>1177<\/strong><br \/>(+37 for winning)\n|raw|xdtrainer's rating: 1317 &rarr; <strong>1288<\/strong><br \/>(-29 for losing)\n|l|\u2606xdtrainer\n","uploadtime":1698178805,"views":6,"p1id":"dfgfxgxf","p2id":"xdtrainer","formatid":"gen9nationaldexdoubles","rating":1177,"private":0,"password":""}