{"id":"gen9nationaldexdoubles-1983873451","p1":"abdoul.bp27","p2":"schoolteen","format":"[Gen 9] National Dex Doubles","log":"|j|\u2606abdoul.bp27\n|j|\u2606schoolteen\n|t:|1699194619\n|gametype|doubles\n|player|p1|abdoul.bp27|hilbert|1235\n|player|p2|schoolteen|cheryl|1171\n|teamsize|p1|6\n|teamsize|p2|6\n|gen|9\n|tier|[Gen 9] National Dex Doubles\n|rated|\n|rule|HP Percentage Mod: HP is shown in percentages\n|rule|Endless Battle Clause: Forcing endless battles is banned\n|rule|OHKO Clause: OHKO moves are banned\n|rule|Evasion Moves Clause: Evasion moves are banned\n|rule|Evasion Abilities Clause: Evasion abilities are banned\n|rule|Species Clause: Limit one of each Pok\u00e9mon\n|rule|Gravity Sleep Clause: The combination of sleep-inducing moves with imperfect accuracy and Gravity or Gigantamax Orbeetle are banned\n|clearpoke\n|poke|p1|Hitmontop, M|\n|poke|p1|Tapu Koko|\n|poke|p1|Iron Bundle|\n|poke|p1|Urshifu-*, M|\n|poke|p1|Chien-Pao|\n|poke|p1|Landorus-Therian, M|\n|poke|p2|Barraskewda, M|\n|poke|p2|Fezandipiti, M|\n|poke|p2|Infernape, M|\n|poke|p2|Skuntank, M|\n|poke|p2|Tinkaton, F|\n|poke|p2|Bisharp, F|\n|teampreview\n|inactive|Battle timer is ON: inactive players will automatically lose when time's up. (requested by schoolteen)\n|\n|t:|1699194650\n|start\n|switch|p1a: Tapu Koko|Tapu Koko|100\/100\n|switch|p1b: Iron Bundle|Iron Bundle|100\/100\n|switch|p2a: Tinkaton|Tinkaton, F|100\/100\n|switch|p2b: Fezandipiti|Fezandipiti, M|100\/100\n|-fieldstart|move: Electric Terrain|[from] ability: Electric Surge|[of] p1a: Tapu Koko\n|-activate|p1b: Iron Bundle|ability: Quark Drive\n|-start|p1b: Iron Bundle|quarkdrivespe\n|-ability|p2a: Tinkaton|Mold Breaker\n|turn|1\n|inactive|abdoul.bp27 has 120 seconds left.\n|inactive|schoolteen has 120 seconds left.\n|\n|t:|1699194680\n|-terastallize|p1b: Iron Bundle|Ghost\n|move|p1b: Iron Bundle|Icy Wind|p2b: Fezandipiti|[spread] p2a,p2b\n|-resisted|p2a: Tinkaton\n|-damage|p2a: Tinkaton|86\/100\n|-damage|p2b: Fezandipiti|78\/100\n|-unboost|p2a: Tinkaton|spe|1\n|-unboost|p2b: Fezandipiti|spe|1\n|-damage|p1b: Iron Bundle|91\/100|[from] item: Life Orb\n|move|p1a: Tapu Koko|Volt Switch|p2b: Fezandipiti\n|-damage|p2b: Fezandipiti|45\/100\n|inactive|abdoul.bp27 has 120 seconds left.\n|\n|t:|1699194700\n|switch|p1a: Urshifu|Urshifu-Rapid-Strike, M|100\/100|[from] Volt Switch\n|move|p2a: Tinkaton|Gigaton Hammer|p1a: Urshifu\n|-resisted|p1a: Urshifu\n|-damage|p1a: Urshifu|67\/100\n|-zpower|p2b: Fezandipiti\n|move|p2b: Fezandipiti|Twinkle Tackle|p1b: Iron Bundle|[zeffect]\n|-damage|p1b: Iron Bundle|6\/100\n|\n|-heal|p2a: Tinkaton|92\/100|[from] item: Leftovers\n|upkeep\n|turn|2\n|inactive|abdoul.bp27 has 120 seconds left.\n|\n|t:|1699194737\n|move|p1b: Iron Bundle|Hydro Pump|p2b: Fezandipiti\n|-damage|p2b: Fezandipiti|0 fnt\n|faint|p2b: Fezandipiti\n|-damage|p1b: Iron Bundle|0 fnt|[from] item: Life Orb\n|faint|p1b: Iron Bundle\n|-end|p1b: Iron Bundle|Quark Drive|[silent]\n|move|p1a: Urshifu|Surging Strikes|p2a: Tinkaton\n|-crit|p2a: Tinkaton\n|-damage|p2a: Tinkaton|67\/100\n|-crit|p2a: Tinkaton\n|-damage|p2a: Tinkaton|44\/100\n|-crit|p2a: Tinkaton\n|-damage|p2a: Tinkaton|19\/100\n|-hitcount|p2a: Tinkaton|3\n|move|p2a: Tinkaton|Play Rough|p1a: Urshifu\n|-supereffective|p1a: Urshifu\n|-damage|p1a: Urshifu|0 fnt\n|faint|p1a: Urshifu\n|\n|-heal|p2a: Tinkaton|26\/100|[from] item: Leftovers\n|upkeep\n|inactive|abdoul.bp27 has 90 seconds left.\n|inactive|schoolteen has 120 seconds left.\n|\n|t:|1699194769\n|switch|p1b: Hitmontop|Hitmontop, M|100\/100\n|switch|p1a: Tapu Koko|Tapu Koko|100\/100\n|switch|p2b: Skuntank|Skuntank, M|100\/100\n|-ability|p1b: Hitmontop|Intimidate|boost\n|-unboost|p2a: Tinkaton|atk|1\n|-unboost|p2b: Skuntank|atk|1\n|turn|3\n|inactive|abdoul.bp27 has 90 seconds left.\n|\n|t:|1699194805\n|move|p1b: Hitmontop|Fake Out|p2a: Tinkaton\n|-resisted|p2a: Tinkaton\n|-damage|p2a: Tinkaton|19\/100\n|move|p1a: Tapu Koko|Dazzling Gleam|p2b: Skuntank|[spread] p2a,p2b\n|-resisted|p2a: Tinkaton\n|-damage|p2a: Tinkaton|6\/100\n|-damage|p2b: Skuntank|66\/100\n|move|p2b: Skuntank|Poison Jab|p1a: Tapu Koko\n|-supereffective|p1a: Tapu Koko\n|-damage|p1a: Tapu Koko|45\/100\n|cant|p2a: Tinkaton|flinch\n|\n|-heal|p1a: Tapu Koko|51\/100|[from] item: Leftovers\n|-heal|p2a: Tinkaton|12\/100|[from] item: Leftovers\n|upkeep\n|turn|4\n|inactive|abdoul.bp27 has 90 seconds left.\n|\n|t:|1699194828\n|move|p1a: Tapu Koko|Volt Switch|p2a: Tinkaton\n|-damage|p2a: Tinkaton|0 fnt\n|faint|p2a: Tinkaton\n|\n|t:|1699194847\n|switch|p1a: Landorus|Landorus-Therian, M|100\/100|[from] Volt Switch\n|-ability|p1a: Landorus|Intimidate|boost\n|-unboost|p2b: Skuntank|atk|1\n|move|p2b: Skuntank|Poison Jab|p1a: Landorus\n|-resisted|p1a: Landorus\n|-damage|p1a: Landorus|89\/100\n|move|p1b: Hitmontop|Close Combat|p2b: Skuntank\n|-damage|p2b: Skuntank|0 fnt\n|-unboost|p1b: Hitmontop|def|1\n|-unboost|p1b: Hitmontop|spd|1\n|faint|p2b: Skuntank\n|\n|upkeep\n|inactive|schoolteen has 120 seconds left.\n|\n|t:|1699194879\n|switch|p2b: Infernape|Infernape, M|100\/100\n|switch|p2a: Barraskewda|Barraskewda, M|100\/100\n|turn|5\n|inactive|abdoul.bp27 has 90 seconds left.\n|inactive|abdoul.bp27 has 60 seconds left.\n|\n|t:|1699194927\n|-terastallize|p2a: Barraskewda|Water\n|move|p2b: Infernape|Fake Out|p1b: Hitmontop\n|-damage|p1b: Hitmontop|79\/100\n|cant|p1b: Hitmontop|flinch\n|move|p1a: Landorus|Stomping Tantrum|p2b: Infernape\n|-supereffective|p2b: Infernape\n|-damage|p2b: Infernape|0 fnt\n|faint|p2b: Infernape\n|move|p2a: Barraskewda|Liquidation|p1a: Landorus\n|-supereffective|p1a: Landorus\n|-damage|p1a: Landorus|0 fnt\n|faint|p1a: Landorus\n|\n|-fieldend|move: Electric Terrain\n|upkeep\n|\n|t:|1699194945\n|switch|p2b: Bisharp|Bisharp, F|100\/100\n|switch|p1a: Chien-Pao|Chien-Pao|100\/100\n|-ability|p1a: Chien-Pao|Sword of Ruin\n|turn|6\n|inactive|abdoul.bp27 has 90 seconds left.\n|inactive|abdoul.bp27 has 60 seconds left.\n|\n|t:|1699194986\n|move|p1a: Chien-Pao|Protect|p1a: Chien-Pao\n|-singleturn|p1a: Chien-Pao|Protect\n|move|p2a: Barraskewda|Liquidation|p1b: Hitmontop\n|-damage|p1b: Hitmontop|0 fnt\n|faint|p1b: Hitmontop\n|move|p2b: Bisharp|Brick Break|p1a: Chien-Pao\n|-activate|p1a: Chien-Pao|move: Protect\n|\n|upkeep\n|\n|t:|1699194995\n|switch|p1b: Tapu Koko|Tapu Koko|51\/100\n|-fieldstart|move: Electric Terrain|[from] ability: Electric Surge|[of] p1b: Tapu Koko\n|turn|7\n|\n|t:|1699195010\n|move|p1a: Chien-Pao|Sucker Punch|p2a: Barraskewda\n|-damage|p2a: Barraskewda|9\/100\n|move|p2a: Barraskewda|Liquidation|p1b: Tapu Koko\n|-damage|p1b: Tapu Koko|0 fnt\n|faint|p1b: Tapu Koko\n|move|p2b: Bisharp|Brick Break|p1a: Chien-Pao\n|-supereffective|p1a: Chien-Pao\n|-enditem|p1a: Chien-Pao|Focus Sash\n|-damage|p1a: Chien-Pao|1\/100\n|\n|upkeep\n|turn|8\n|-message|abdoul.bp27 forfeited.\n|\n|win|schoolteen\n|raw|abdoul.bp27's rating: 1235 &rarr; <strong>1205<\/strong><br \/>(-30 for losing)\n|raw|schoolteen's rating: 1171 &rarr; <strong>1201<\/strong><br \/>(+30 for winning)\n|l|\u2606abdoul.bp27\n","uploadtime":1699195097,"views":6,"p1id":"abdoulbp27","p2id":"schoolteen","formatid":"gen9nationaldexdoubles","rating":1201,"private":0,"password":""}