{"id":"gen9nationaldexdoubles-1997676795","p1":"genosaurer","p2":"Sargenbob","format":"[Gen 9] National Dex Doubles","log":"|j|\u2606genosaurer\n|j|\u2606Sargenbob\n|t:|1700840657\n|gametype|doubles\n|player|p1|genosaurer|101|1000\n|player|p2|Sargenbob|red|1063\n|teamsize|p1|6\n|teamsize|p2|6\n|gen|9\n|tier|[Gen 9] National Dex Doubles\n|rated|\n|rule|HP Percentage Mod: HP is shown in percentages\n|rule|Endless Battle Clause: Forcing endless battles is banned\n|rule|OHKO Clause: OHKO moves are banned\n|rule|Evasion Moves Clause: Evasion moves are banned\n|rule|Evasion Abilities Clause: Evasion abilities are banned\n|rule|Species Clause: Limit one of each Pok\u00e9mon\n|rule|Gravity Sleep Clause: The combination of sleep-inducing moves with imperfect accuracy and Gravity or Gigantamax Orbeetle are banned\n|clearpoke\n|poke|p1|Murkrow, M|\n|poke|p1|Chien-Pao|\n|poke|p1|Chi-Yu|\n|poke|p1|Meowscarada, M|\n|poke|p1|Muk-Alola, M|\n|poke|p1|Greninja-*, M|\n|poke|p2|Ursaluna, F|\n|poke|p2|Gothitelle, F|\n|poke|p2|Salamence, F|\n|poke|p2|Amoonguss, F|\n|poke|p2|Diancie|\n|poke|p2|Incineroar, F|\n|teampreview\n|inactive|Battle timer is ON: inactive players will automatically lose when time's up. (requested by genosaurer)\n|j| Nyesir\n|\n|t:|1700840681\n|start\n|switch|p1a: Meowscarada|Meowscarada, M|100\/100\n|switch|p1b: Muk|Muk-Alola, M|100\/100\n|switch|p2a: Freddy|Ursaluna, F, shiny|100\/100\n|switch|p2b: Waifu|Gothitelle, F, shiny|100\/100\n|turn|1\n|\n|t:|1700840694\n|move|p2a: Freddy|Protect|p2a: Freddy\n|-singleturn|p2a: Freddy|Protect\n|move|p1a: Meowscarada|U-turn|p2b: Waifu\n|-start|p1a: Meowscarada|typechange|Bug|[from] ability: Protean\n|-supereffective|p2b: Waifu\n|-damage|p2b: Waifu|28\/100\n|-enditem|p2b: Waifu|Sitrus Berry|[eat]\n|-heal|p2b: Waifu|53\/100|[from] item: Sitrus Berry\n|\n|t:|1700840707\n|switch|p1a: Chien-Pao|Chien-Pao|100\/100|[from] U-turn\n|-ability|p1a: Chien-Pao|Sword of Ruin\n|move|p1b: Muk|Knock Off|p2a: Freddy\n|-activate|p2a: Freddy|move: Protect\n|move|p2b: Waifu|Trick Room|p2b: Waifu\n|-fieldstart|move: Trick Room|[of] p2b: Waifu\n|\n|-status|p2a: Freddy|brn|[from] item: Flame Orb\n|upkeep\n|turn|2\n|inactive|genosaurer has 120 seconds left.\n|\n|t:|1700840740\n|switch|p2b: Crystal|Diancie, shiny|100\/100\n|move|p1a: Chien-Pao|Sucker Punch||[still]\n|-fail|p1a: Chien-Pao\n|move|p2a: Freddy|Facade|p1a: Chien-Pao\n|-crit|p1a: Chien-Pao\n|-damage|p1a: Chien-Pao|0 fnt\n|faint|p1a: Chien-Pao\n|move|p1b: Muk|Knock Off|p2a: Freddy\n|-damage|p2a: Freddy|68\/100 brn\n|-enditem|p2a: Freddy|Flame Orb|[from] move: Knock Off|[of] p1b: Muk\n|\n|-damage|p2a: Freddy|62\/100 brn|[from] brn\n|upkeep\n|inactive|genosaurer has 120 seconds left.\n|\n|t:|1700840752\n|switch|p1a: Greninja|Greninja, M|100\/100\n|turn|3\n|\n|t:|1700840764\n|move|p1a: Greninja|Water Shuriken|p2a: Freddy\n|-supereffective|p2a: Freddy\n|-damage|p2a: Freddy|45\/100 brn\n|-supereffective|p2a: Freddy\n|-damage|p2a: Freddy|30\/100 brn\n|-supereffective|p2a: Freddy\n|-damage|p2a: Freddy|14\/100 brn\n|-supereffective|p2a: Freddy\n|-damage|p2a: Freddy|0 fnt\n|faint|p2a: Freddy\n|-ability|p1a: Greninja|Battle Bond|boost\n|-boost|p1a: Greninja|atk|1\n|-boost|p1a: Greninja|spa|1\n|-boost|p1a: Greninja|spe|1\n|-activate|p1a: Greninja|ability: Battle Bond\n|-hitcount|p2: Freddy|4\n|-damage|p1a: Greninja|91\/100|[from] item: Life Orb\n|move|p2b: Crystal|Diamond Storm|p1a: Greninja|[spread] p1a,p1b\n|-damage|p1a: Greninja|36\/100\n|-damage|p1b: Muk|66\/100\n|move|p1b: Muk|Knock Off|p2b: Crystal\n|-resisted|p2b: Crystal\n|-damage|p2b: Crystal|82\/100\n|-enditem|p2b: Crystal|Safety Goggles|[from] move: Knock Off|[of] p1b: Muk\n|\n|upkeep\n|\n|t:|1700840781\n|switch|p2a: Toad|Amoonguss, F, shiny|100\/100\n|turn|4\n|\n|t:|1700840799\n|switch|p1b: Meowscarada|Meowscarada, M|100\/100\n|move|p2b: Crystal|Protect|p2b: Crystal\n|-singleturn|p2b: Crystal|Protect\n|move|p1a: Greninja|Water Shuriken|p2b: Crystal\n|-activate|p2b: Crystal|move: Protect\n|move|p2a: Toad|Spore|p1b: Meowscarada\n|-immune|p1b: Meowscarada\n|\n|upkeep\n|turn|5\n|\n|t:|1700840817\n|switch|p2b: Waifu|Gothitelle, F, shiny|53\/100\n|move|p1a: Greninja|Water Shuriken|p2b: Waifu\n|-damage|p2b: Waifu|43\/100\n|-damage|p2b: Waifu|32\/100\n|-hitcount|p2b: Waifu|2\n|-damage|p1a: Greninja|26\/100|[from] item: Life Orb\n|move|p2a: Toad|Spore|p1a: Greninja\n|-status|p1a: Greninja|slp|[from] move: Spore\n|move|p1b: Meowscarada|Flower Trick|p2b: Waifu\n|-start|p1b: Meowscarada|typechange|Grass|[from] ability: Protean\n|-crit|p2b: Waifu\n|-damage|p2b: Waifu|0 fnt\n|faint|p2b: Waifu\n|\n|-fieldend|move: Trick Room\n|upkeep\n|\n|t:|1700840833\n|switch|p2b: Shenron|Salamence, F, shiny|100\/100\n|-ability|p2b: Shenron|Intimidate|boost\n|-unboost|p1a: Greninja|atk|1\n|-unboost|p1b: Meowscarada|atk|1\n|turn|6\n|\n|t:|1700840850\n|detailschange|p2b: Shenron|Salamence-Mega, F, shiny\n|-mega|p2b: Shenron|Salamence|Salamencite\n|move|p2a: Toad|Rage Powder|p2a: Toad\n|-singleturn|p2a: Toad|move: Rage Powder\n|cant|p1a: Greninja|slp\n|move|p1b: Meowscarada|Flower Trick|p2b: Shenron\n|-resisted|p2b: Shenron\n|-crit|p2b: Shenron\n|-damage|p2b: Shenron|83\/100\n|move|p2b: Shenron|Hyper Voice|p1a: Greninja|[spread] p1a,p1b\n|-supereffective|p1b: Meowscarada\n|-damage|p1a: Greninja|0 fnt\n|-damage|p1b: Meowscarada|0 fnt\n|faint|p1a: Greninja\n|faint|p1b: Meowscarada\n|\n|upkeep\n|inactive|genosaurer has 120 seconds left.\n|\n|t:|1700840880\n|switch|p1b: Chi-Yu|Chi-Yu|100\/100\n|switch|p1a: Murkrow|Murkrow, M|100\/100\n|-ability|p1b: Chi-Yu|Beads of Ruin\n|turn|7\n|\n|t:|1700840888\n|move|p1a: Murkrow|Tailwind|p1a: Murkrow\n|-sidestart|p1: genosaurer|move: Tailwind\n|move|p1b: Chi-Yu|Heat Wave|p2b: Shenron|[spread] p2a,p2b\n|-supereffective|p2a: Toad\n|-resisted|p2b: Shenron\n|-damage|p2a: Toad|0 fnt\n|-damage|p2b: Shenron|44\/100\n|faint|p2a: Toad\n|move|p2b: Shenron|Hyper Voice|p1a: Murkrow|[spread] p1a,p1b\n|-damage|p1a: Murkrow|55\/100\n|-damage|p1b: Chi-Yu|55\/100\n|\n|upkeep\n|\n|t:|1700840898\n|switch|p2a: Crystal|Diancie, shiny|82\/100\n|turn|8\n|\n|t:|1700840905\n|move|p1b: Chi-Yu|Heat Wave|p2b: Shenron|[spread] p2a,p2b\n|-resisted|p2a: Crystal\n|-resisted|p2b: Shenron\n|-damage|p2a: Crystal|53\/100\n|-damage|p2b: Shenron|1\/100\n|move|p1a: Murkrow|Snarl|p2b: Shenron|[spread] p2a,p2b\n|-resisted|p2a: Crystal\n|-damage|p2a: Crystal|48\/100\n|-damage|p2b: Shenron|0 fnt\n|faint|p2b: Shenron\n|move|p2a: Crystal|Diamond Storm|p1b: Chi-Yu|[spread] p1a,p1b\n|-supereffective|p1a: Murkrow\n|-supereffective|p1b: Chi-Yu\n|-damage|p1a: Murkrow|0 fnt\n|-damage|p1b: Chi-Yu|0 fnt\n|-boost|p2a: Crystal|def|2\n|faint|p1a: Murkrow\n|faint|p1b: Chi-Yu\n|\n|upkeep\n|\n|t:|1700840919\n|switch|p2b: El-Macho|Incineroar, F, shiny|100\/100\n|switch|p1b: Muk|Muk-Alola, M|66\/100\n|-ability|p2b: El-Macho|Intimidate|boost\n|-unboost|p1b: Muk|atk|1\n|turn|9\n|\n|t:|1700840927\n|move|p2b: El-Macho|Fake Out|p1b: Muk\n|-damage|p1b: Muk|54\/100\n|cant|p1b: Muk|flinch\n|move|p2a: Crystal|Body Press|p1b: Muk\n|-damage|p1b: Muk|4\/100\n|\n|upkeep\n|turn|10\n|\n|t:|1700840936\n|move|p1b: Muk|Poison Jab|p2a: Crystal\n|-damage|p2a: Crystal|36\/100\n|move|p2b: El-Macho|Flare Blitz|p1b: Muk\n|-damage|p1b: Muk|0 fnt\n|faint|p1b: Muk\n|-damage|p2b: El-Macho|99\/100|[from] Recoil\n|\n|win|Sargenbob\n|raw|genosaurer's rating: 1000 &rarr; <strong>1000<\/strong><br \/>(+0 for losing)\n|raw|Sargenbob's rating: 1063 &rarr; <strong>1088<\/strong><br \/>(+25 for winning)\n|c|\u2606Sargenbob|gg\n|c|\u2606Sargenbob|wp\n|l|\u2606genosaurer\n|j|\u2606genosaurer\n|player|p1|genosaurer|101\n","uploadtime":1700840950,"views":1,"p1id":"genosaurer","p2id":"sargenbob","formatid":"gen9nationaldexdoubles","rating":1000,"private":0,"password":""}