{"id":"gen9nationaldexdoubles-1963604287","p1":"Mokaccino321","p2":"johnsnow2132","format":"[Gen 9] National Dex Doubles","log":"|j|\u2606Mokaccino321\n|j|\u2606johnsnow2132\n|t:|1696882470\n|gametype|doubles\n|player|p1|Mokaccino321|101|\n|player|p2|johnsnow2132|101|\n|teamsize|p1|6\n|teamsize|p2|6\n|gen|9\n|tier|[Gen 9] National Dex Doubles\n|rule|HP Percentage Mod: HP is shown in percentages\n|rule|Endless Battle Clause: Forcing endless battles is banned\n|rule|OHKO Clause: OHKO moves are banned\n|rule|Evasion Moves Clause: Evasion moves are banned\n|rule|Evasion Abilities Clause: Evasion abilities are banned\n|rule|Species Clause: Limit one of each Pok\u00e9mon\n|rule|Gravity Sleep Clause: The combination of sleep-inducing moves with imperfect accuracy and Gravity or Gigantamax Orbeetle are banned\n|clearpoke\n|poke|p1|Cradily, F|\n|poke|p1|Aerodactyl, F|\n|poke|p1|Arcanine-Hisui, M|\n|poke|p1|Nihilego|\n|poke|p1|Tyranitar, F|\n|poke|p1|Aggron, M|\n|poke|p2|Indeedee-F, F|\n|poke|p2|Armarouge, M|\n|poke|p2|Hoopa-Unbound|\n|poke|p2|Tapu Lele|\n|poke|p2|Slowking-Galar, F|\n|poke|p2|Oranguru, M|\n|teampreview\n|c|\u2606Mokaccino321|Hello :3\n|c|\u2606Mokaccino321|Remember you need to have the EXACT Team (such as IVs, EVs, Nature, Ability, Moves) in the game in order for  your win to count~\n|c|\u2606Mokaccino321|ofc you are a TR team LOL\n|c|\u2606johnsnow2132|i have none of these in game we are 4 fun\n|c|\u2606Mokaccino321|o ok\n|c|\u2606johnsnow2132|this is prapples team ive never played it before\n|c|\u2606Mokaccino321|LOL\n|\n|t:|1696882505\n|start\n|switch|p1a: Aerodactyl|Aerodactyl, F|100\/100\n|switch|p1b: Tyranitar|Tyranitar, F|100\/100\n|switch|p2a: Indeedee|Indeedee-F, F|100\/100\n|switch|p2b: Armarouge|Armarouge, M|100\/100\n|-ability|p1a: Aerodactyl|Unnerve\n|-weather|Sandstorm|[from] ability: Sand Stream|[of] p1b: Tyranitar\n|-fieldstart|move: Psychic Terrain|[from] ability: Psychic Surge|[of] p2a: Indeedee\n|-enditem|p2a: Indeedee|Psychic Seed\n|-boost|p2a: Indeedee|spd|1|[from] item: Psychic Seed\n|turn|1\n|\n|t:|1696882534\n|move|p1a: Aerodactyl|Wide Guard|p1a: Aerodactyl\n|-singleturn|p1a: Aerodactyl|Wide Guard\n|move|p2a: Indeedee|Follow Me|p2a: Indeedee\n|-singleturn|p2a: Indeedee|move: Follow Me\n|move|p1b: Tyranitar|Crunch|p2a: Indeedee\n|-supereffective|p2a: Indeedee\n|-damage|p2a: Indeedee|0 fnt\n|faint|p2a: Indeedee\n|-damage|p1b: Tyranitar|91\/100|[from] item: Life Orb\n|move|p2b: Armarouge|Trick Room|p2b: Armarouge\n|-fieldstart|move: Trick Room|[of] p2b: Armarouge\n|\n|-weather|Sandstorm|[upkeep]\n|-damage|p2b: Armarouge|94\/100|[from] Sandstorm\n|upkeep\n|\n|t:|1696882572\n|switch|p2a: Oranguru|Oranguru, M|100\/100\n|turn|2\n|\n|t:|1696882597\n|move|p1a: Aerodactyl|Wide Guard|p1a: Aerodactyl\n|-singleturn|p1a: Aerodactyl|Wide Guard\n|move|p2a: Oranguru|Instruct|p2b: Armarouge\n|-singleturn|p2b: Armarouge|move: Instruct|[of] p2a: Oranguru\n|move|p2b: Armarouge|Trick Room|p2b: Armarouge\n|-fieldend|move: Trick Room\n|move|p1b: Tyranitar|Crunch|p2b: Armarouge\n|-supereffective|p2b: Armarouge\n|-crit|p2b: Armarouge\n|-damage|p2b: Armarouge|0 fnt\n|faint|p2b: Armarouge\n|-damage|p1b: Tyranitar|81\/100|[from] item: Life Orb\n|\n|-weather|Sandstorm|[upkeep]\n|-damage|p2a: Oranguru|94\/100|[from] Sandstorm\n|upkeep\n|c|\u2606johnsnow2132|oh i click the wrong one\n|c|\u2606Mokaccino321|i dont think thats how  you use instruct\n|c|\u2606Mokaccino321|LMAO\n|c|\u2606johnsnow2132|whoops\n|\n|t:|1696882624\n|switch|p2b: Tapu Lele|Tapu Lele|100\/100\n|turn|3\n|\n|t:|1696882648\n|move|p2a: Oranguru|Protect|p2a: Oranguru\n|-singleturn|p2a: Oranguru|Protect\n|move|p1a: Aerodactyl|Sky Drop||[still]\n|-prepare|p1a: Aerodactyl|Sky Drop|p2b: Tapu Lele\n|move|p1b: Tyranitar|Crunch|p2a: Oranguru\n|-activate|p2a: Oranguru|move: Protect\n|\n|-weather|Sandstorm|[upkeep]\n|-damage|p2b: Tapu Lele|94\/100|[from] Sandstorm\n|-damage|p2a: Oranguru|88\/100|[from] Sandstorm\n|upkeep\n|turn|4\n|\n|t:|1696882666\n|move|p1a: Aerodactyl|Sky Drop|p2b: Tapu Lele|[from]lockedmove\n|-damage|p2b: Tapu Lele|68\/100\n|-end|p2b: Tapu Lele|Sky Drop\n|move|p1b: Tyranitar|Crunch|p2a: Oranguru\n|-supereffective|p2a: Oranguru\n|-damage|p2a: Oranguru|0 fnt\n|faint|p2a: Oranguru\n|-damage|p1b: Tyranitar|71\/100|[from] item: Life Orb\n|move|p2b: Tapu Lele|Dazzling Gleam|p1b: Tyranitar|[spread] p1a,p1b\n|-supereffective|p1b: Tyranitar\n|-damage|p1a: Aerodactyl|64\/100\n|-damage|p1b: Tyranitar|8\/100\n|-damage|p2b: Tapu Lele|58\/100|[from] item: Life Orb\n|\n|-weather|Sandstorm|[upkeep]\n|-damage|p2b: Tapu Lele|52\/100|[from] Sandstorm\n|upkeep\n|c|\u2606johnsnow2132|are you double only or singles\n|\n|t:|1696882682\n|switch|p2a: Slowking|Slowking-Galar, F|100\/100\n|turn|5\n|c|\u2606Mokaccino321|double only\n|c|\u2606johnsnow2132|oh ok\n|\n|t:|1696882703\n|move|p2b: Tapu Lele|Protect|p2b: Tapu Lele\n|-singleturn|p2b: Tapu Lele|Protect\n|move|p1a: Aerodactyl|Tailwind|p1a: Aerodactyl\n|-sidestart|p1: Mokaccino321|move: Tailwind\n|move|p1b: Tyranitar|Crunch|p2a: Slowking\n|-supereffective|p2a: Slowking\n|-damage|p2a: Slowking|0 fnt\n|faint|p2a: Slowking\n|-damage|p1b: Tyranitar|0 fnt|[from] item: Life Orb\n|faint|p1b: Tyranitar\n|\n|-weather|none\n|-fieldend|move: Psychic Terrain\n|upkeep\n|\n|t:|1696882715\n|switch|p1b: Nihilego|Nihilego|100\/100\n|switch|p2a: Hoopa|Hoopa-Unbound|100\/100\n|turn|6\n|\n|t:|1696882744\n|-terastallize|p2a: Hoopa|Psychic\n|move|p2b: Tapu Lele|Protect||[still]\n|-fail|p2b: Tapu Lele\n|move|p1a: Aerodactyl|Wide Guard|p1a: Aerodactyl\n|-singleturn|p1a: Aerodactyl|Wide Guard\n|move|p1b: Nihilego|Sludge Wave|p2b: Tapu Lele|[spread] p2a,p2b\n|-activate|p1a: Aerodactyl|move: Wide Guard\n|-crit|p2a: Hoopa\n|-supereffective|p2b: Tapu Lele\n|-damage|p2a: Hoopa|75\/100\n|-damage|p2b: Tapu Lele|0 fnt\n|faint|p2b: Tapu Lele\n|-ability|p1b: Nihilego|Beast Boost|boost\n|-boost|p1b: Nihilego|spa|1\n|move|p2a: Hoopa|Drain Punch|p1b: Nihilego\n|-damage|p1b: Nihilego|42\/100\n|-heal|p2a: Hoopa|100\/100|[from] drain|[of] p1b: Nihilego\n|\n|upkeep\n|turn|7\n|\n|t:|1696882763\n|move|p1a: Aerodactyl|Taunt|p2a: Hoopa\n|-start|p2a: Hoopa|move: Taunt\n|-zpower|p1b: Nihilego\n|move|p1b: Nihilego|Continental Crush|p2a: Hoopa|[zeffect]\n|-damage|p2a: Hoopa|34\/100\n|move|p2a: Hoopa|Drain Punch|p1b: Nihilego\n|-damage|p1b: Nihilego|0 fnt\n|-heal|p2a: Hoopa|55\/100|[from] drain|[of] p1b: Nihilego\n|faint|p1b: Nihilego\n|\n|upkeep\n|\n|t:|1696882772\n|switch|p1b: Arcanine|Arcanine-Hisui, M|100\/100\n|turn|8\n|\n|t:|1696882779\n|move|p1a: Aerodactyl|Wide Guard|p1a: Aerodactyl\n|-singleturn|p1a: Aerodactyl|Wide Guard\n|move|p1b: Arcanine|Flare Blitz|p2a: Hoopa\n|-damage|p2a: Hoopa|0 fnt\n|faint|p2a: Hoopa\n|-damage|p1b: Arcanine|91\/100|[from] item: Life Orb\n|\n|win|Mokaccino321\n|c|\u2606Mokaccino321|gg xd\n|c|\u2606johnsnow2132|xdd\n|c|\u2606johnsnow2132|gg\n|l|\u2606johnsnow2132\n","uploadtime":1696882921,"views":24,"p1id":"mokaccino321","p2id":"johnsnow2132","formatid":"gen9nationaldexdoubles","rating":0,"private":0,"password":""}