{"id":"gen9nationaldexdoubles-1985289645","p1":"psng","p2":"eaemanin","format":"[Gen 9] National Dex Doubles","log":"|j|\u2606psng\n|j|\u2606eaemanin\n|t:|1699360629\n|gametype|doubles\n|player|p1|psng|wallace|1246\n|player|p2|eaemanin|giovanni|1271\n|teamsize|p1|6\n|teamsize|p2|6\n|gen|9\n|tier|[Gen 9] National Dex Doubles\n|rated|\n|rule|HP Percentage Mod: HP is shown in percentages\n|rule|Endless Battle Clause: Forcing endless battles is banned\n|rule|OHKO Clause: OHKO moves are banned\n|rule|Evasion Moves Clause: Evasion moves are banned\n|rule|Evasion Abilities Clause: Evasion abilities are banned\n|rule|Species Clause: Limit one of each Pok\u00e9mon\n|rule|Gravity Sleep Clause: The combination of sleep-inducing moves with imperfect accuracy and Gravity or Gigantamax Orbeetle are banned\n|clearpoke\n|poke|p1|Chien-Pao|\n|poke|p1|Zapdos|\n|poke|p1|Pelipper, M|\n|poke|p1|Swampert, F|\n|poke|p1|Klefki, F|\n|poke|p1|Sinistcha|\n|poke|p2|Garganacl, M|\n|poke|p2|Hippowdon, F|\n|poke|p2|Tyranitar, F|\n|poke|p2|Hatterene, F|\n|poke|p2|Kingambit, F|\n|poke|p2|Glimmora, F|\n|teampreview\n|inactive|Battle timer is ON: inactive players will automatically lose when time's up. (requested by psng)\n|\n|t:|1699360640\n|start\n|switch|p1a: Pelipper|Pelipper, M, shiny|100\/100\n|switch|p1b: Klefki|Klefki, F, shiny|100\/100\n|switch|p2a: Garganacl|Garganacl, M, shiny|100\/100\n|switch|p2b: Glimmora|Glimmora, F, shiny|100\/100\n|-weather|RainDance|[from] ability: Drizzle|[of] p1a: Pelipper\n|turn|1\n|\n|t:|1699360669\n|move|p2b: Glimmora|Toxic|p1a: Pelipper\n|-status|p1a: Pelipper|tox\n|move|p1a: Pelipper|Scald|p2b: Glimmora\n|-supereffective|p2b: Glimmora\n|-enditem|p2b: Glimmora|Focus Sash\n|-damage|p2b: Glimmora|1\/100\n|-status|p2b: Glimmora|brn\n|move|p1b: Klefki|Steel Beam|p2b: Glimmora\n|-supereffective|p2b: Glimmora\n|-damage|p2b: Glimmora|0 fnt\n|-damage|p1b: Klefki|50\/100|[from] steelbeam\n|faint|p2b: Glimmora\n|move|p2a: Garganacl|Stealth Rock|p1a: Pelipper\n|-sidestart|p1: psng|move: Stealth Rock\n|\n|-weather|RainDance|[upkeep]\n|-damage|p1a: Pelipper|94\/100 tox|[from] psn\n|upkeep\n|inactive|eaemanin has 120 seconds left.\n|\n|t:|1699360689\n|switch|p2b: Hippowdon|Hippowdon, F, shiny|100\/100\n|-weather|Sandstorm|[from] ability: Sand Stream|[of] p2b: Hippowdon\n|turn|2\n|\n|t:|1699360707\n|move|p1a: Pelipper|Tailwind|p1a: Pelipper\n|-sidestart|p1: psng|move: Tailwind\n|move|p1b: Klefki|Steel Beam|p2a: Garganacl\n|-supereffective|p2a: Garganacl\n|-damage|p2a: Garganacl|32\/100\n|-damage|p1b: Klefki|0 fnt|[from] steelbeam\n|faint|p1b: Klefki\n|move|p2b: Hippowdon|Body Press|p1a: Pelipper\n|-resisted|p1a: Pelipper\n|-damage|p1a: Pelipper|77\/100 tox\n|move|p2a: Garganacl|Salt Cure|p1a: Pelipper\n|-supereffective|p1a: Pelipper\n|-damage|p1a: Pelipper|37\/100 tox\n|-start|p1a: Pelipper|Salt Cure\n|\n|-weather|Sandstorm|[upkeep]\n|-damage|p1a: Pelipper|31\/100 tox|[from] Sandstorm\n|-heal|p2a: Garganacl|38\/100|[from] item: Leftovers\n|-damage|p1a: Pelipper|19\/100 tox|[from] psn\n|-damage|p1a: Pelipper|0 fnt|[from] Salt Cure\n|faint|p1a: Pelipper\n|upkeep\n|\n|t:|1699360719\n|switch|p1a: Swampert|Swampert, F, shiny|100\/100\n|switch|p1b: Chien-Pao|Chien-Pao|100\/100\n|-damage|p1b: Chien-Pao|76\/100|[from] Stealth Rock\n|-ability|p1b: Chien-Pao|Sword of Ruin\n|-damage|p1a: Swampert|94\/100|[from] Stealth Rock\n|turn|3\n|\n|t:|1699360737\n|detailschange|p1a: Swampert|Swampert-Mega, F, shiny\n|-mega|p1a: Swampert|Swampert|Swampertite\n|move|p1b: Chien-Pao|Protect|p1b: Chien-Pao\n|-singleturn|p1b: Chien-Pao|Protect\n|move|p2a: Garganacl|Protect|p2a: Garganacl\n|-singleturn|p2a: Garganacl|Protect\n|move|p1a: Swampert|Earthquake|p2a: Garganacl|[spread] p2b\n|-activate|p1b: Chien-Pao|move: Protect\n|-activate|p2a: Garganacl|move: Protect\n|-damage|p2b: Hippowdon|65\/100\n|move|p2b: Hippowdon|Body Press|p1b: Chien-Pao\n|-activate|p1b: Chien-Pao|move: Protect\n|\n|-weather|Sandstorm|[upkeep]\n|-damage|p1b: Chien-Pao|70\/100|[from] Sandstorm\n|-heal|p2b: Hippowdon|72\/100|[from] item: Leftovers\n|-heal|p2a: Garganacl|45\/100|[from] item: Leftovers\n|upkeep\n|turn|4\n|\n|t:|1699360758\n|switch|p1b: Zapdos|Zapdos, shiny|100\/100\n|-damage|p1b: Zapdos|76\/100|[from] Stealth Rock\n|switch|p2a: Hatterene|Hatterene, F, shiny|100\/100\n|move|p1a: Swampert|Earthquake|p2b: Hippowdon|[spread] p2a,p2b\n|-immune|p1b: Zapdos\n|-damage|p2a: Hatterene|57\/100\n|-damage|p2b: Hippowdon|44\/100\n|move|p2b: Hippowdon|Body Press|p1b: Zapdos\n|-resisted|p1b: Zapdos\n|-damage|p1b: Zapdos|66\/100\n|-damage|p2b: Hippowdon|27\/100|[from] item: Rocky Helmet|[of] p1b: Zapdos\n|\n|-weather|Sandstorm|[upkeep]\n|-damage|p1b: Zapdos|60\/100|[from] Sandstorm\n|-damage|p2a: Hatterene|51\/100|[from] Sandstorm\n|-heal|p2b: Hippowdon|33\/100|[from] item: Leftovers\n|-heal|p2a: Hatterene|57\/100|[from] item: Leftovers\n|upkeep\n|turn|5\n|\n|t:|1699360779\n|move|p1a: Swampert|Earthquake|p2b: Hippowdon|[spread] p2a,p2b\n|-immune|p1b: Zapdos\n|-damage|p2a: Hatterene|8\/100\n|-damage|p2b: Hippowdon|8\/100\n|move|p1b: Zapdos|Hurricane|p2a: Hatterene\n|-damage|p2a: Hatterene|0 fnt\n|faint|p2a: Hatterene\n|move|p2b: Hippowdon|Slack Off|p2b: Hippowdon\n|-heal|p2b: Hippowdon|58\/100\n|\n|-weather|Sandstorm|[upkeep]\n|-damage|p1b: Zapdos|54\/100|[from] Sandstorm\n|-heal|p2b: Hippowdon|65\/100|[from] item: Leftovers\n|-sideend|p1: psng|move: Tailwind\n|upkeep\n|inactive|eaemanin has 120 seconds left.\n|\n|t:|1699360795\n|switch|p2a: Tyranitar|Tyranitar, F, shiny|100\/100\n|turn|6\n|inactive|eaemanin has 120 seconds left.\n|\n|t:|1699360823\n|detailschange|p2a: Tyranitar|Tyranitar-Mega, F, shiny\n|-mega|p2a: Tyranitar|Tyranitar|Tyranitarite\n|-terastallize|p1b: Zapdos|Dragon\n|move|p1a: Swampert|Earthquake|p2b: Hippowdon|[spread] p1b,p2a,p2b\n|-supereffective|p2a: Tyranitar\n|-damage|p1b: Zapdos|23\/100\n|-damage|p2a: Tyranitar|43\/100\n|-damage|p2b: Hippowdon|37\/100\n|move|p1b: Zapdos|Roost|p1b: Zapdos\n|-heal|p1b: Zapdos|73\/100\n|move|p2a: Tyranitar|Curse|p2a: Tyranitar\n|-unboost|p2a: Tyranitar|spe|1\n|-boost|p2a: Tyranitar|atk|1\n|-boost|p2a: Tyranitar|def|1\n|move|p2b: Hippowdon|Whirlwind|p1a: Swampert\n|drag|p1a: Sinistcha|Sinistcha, shiny|100\/100\n|-damage|p1a: Sinistcha|88\/100|[from] Stealth Rock\n|-heal|p1b: Zapdos|98\/100|[from] ability: Hospitality|[of] p1a: Sinistcha\n|\n|-weather|none\n|-heal|p1a: Sinistcha|94\/100|[from] item: Leftovers\n|-heal|p2b: Hippowdon|44\/100|[from] item: Leftovers\n|upkeep\n|turn|7\n|inactive|eaemanin has 120 seconds left.\n|\n|t:|1699360855\n|switch|p2b: Garganacl|Garganacl, M, shiny|45\/100\n|move|p1b: Zapdos|Tailwind|p1b: Zapdos\n|-sidestart|p1: psng|move: Tailwind\n|move|p1a: Sinistcha|Matcha Gotcha|p2b: Garganacl|[spread] p2a,p2b\n|-supereffective|p2a: Tyranitar\n|-supereffective|p2b: Garganacl\n|-damage|p2a: Tyranitar|9\/100\n|-heal|p1a: Sinistcha|100\/100|[from] drain|[of] p2a: Tyranitar\n|-damage|p2b: Garganacl|0 fnt\n|faint|p2b: Garganacl\n|move|p2a: Tyranitar|Earthquake|p1b: Zapdos|[spread] p1a,p1b\n|-resisted|p1a: Sinistcha\n|-damage|p1a: Sinistcha|83\/100\n|-damage|p1b: Zapdos|63\/100\n|\n|-heal|p1a: Sinistcha|89\/100|[from] item: Leftovers\n|upkeep\n|\n|t:|1699360870\n|switch|p2b: Hippowdon|Hippowdon, F, shiny|44\/100\n|-weather|Sandstorm|[from] ability: Sand Stream|[of] p2b: Hippowdon\n|turn|8\n|\n|t:|1699360878\n|move|p1b: Zapdos|Roost|p1b: Zapdos\n|-heal|p1b: Zapdos|100\/100\n|move|p1a: Sinistcha|Matcha Gotcha|p2b: Hippowdon|[spread] p2a,p2b\n|-supereffective|p2a: Tyranitar\n|-supereffective|p2b: Hippowdon\n|-damage|p2a: Tyranitar|0 fnt\n|-heal|p1a: Sinistcha|94\/100|[from] drain|[of] p2a: Tyranitar\n|-damage|p2b: Hippowdon|0 fnt\n|-heal|p1a: Sinistcha|100\/100|[from] drain|[of] p2b: Hippowdon\n|faint|p2a: Tyranitar\n|faint|p2b: Hippowdon\n|\n|-weather|Sandstorm|[upkeep]\n|-damage|p1b: Zapdos|94\/100|[from] Sandstorm\n|-damage|p1a: Sinistcha|94\/100|[from] Sandstorm\n|-heal|p1a: Sinistcha|100\/100|[from] item: Leftovers\n|upkeep\n|inactive|eaemanin has 120 seconds left.\n|c|\u2606eaemanin|gg\n|\n|t:|1699360896\n|switch|p2a: Kingambit|Kingambit, F, shiny|100\/100\n|-activate|p2a: Kingambit|ability: Supreme Overlord\n|-start|p2a: Kingambit|fallen5|[silent]\n|turn|9\n|\n|t:|1699360908\n|move|p1b: Zapdos|Hurricane|p2a: Kingambit\n|-resisted|p2a: Kingambit\n|-damage|p2a: Kingambit|79\/100\n|move|p1a: Sinistcha|Strength Sap|p2a: Kingambit\n|-unboost|p2a: Kingambit|atk|1\n|move|p2a: Kingambit|Swords Dance|p2a: Kingambit\n|-boost|p2a: Kingambit|atk|2\n|\n|-weather|Sandstorm|[upkeep]\n|-damage|p1b: Zapdos|88\/100|[from] Sandstorm\n|-damage|p1a: Sinistcha|94\/100|[from] Sandstorm\n|-heal|p1a: Sinistcha|100\/100|[from] item: Leftovers\n|upkeep\n|turn|10\n|\n|t:|1699360920\n|move|p2a: Kingambit|Sucker Punch||[still]\n|-fail|p2a: Kingambit\n|move|p1b: Zapdos|Thunder|p2a: Kingambit\n|-damage|p2a: Kingambit|36\/100\n|move|p1a: Sinistcha|Strength Sap|p2a: Kingambit\n|-unboost|p2a: Kingambit|atk|1\n|\n|-weather|Sandstorm|[upkeep]\n|-damage|p1b: Zapdos|82\/100|[from] Sandstorm\n|-damage|p1a: Sinistcha|94\/100|[from] Sandstorm\n|-heal|p1a: Sinistcha|100\/100|[from] item: Leftovers\n|-sideend|p1: psng|move: Tailwind\n|upkeep\n|turn|11\n|-message|eaemanin forfeited.\n|\n|win|psng\n|raw|psng's rating: 1246 &rarr; <strong>1273<\/strong><br \/>(+27 for winning)\n|raw|eaemanin's rating: 1271 &rarr; <strong>1244<\/strong><br \/>(-27 for losing)\n|l|\u2606eaemanin\n","uploadtime":1699360954,"views":5,"p1id":"psng","p2id":"eaemanin","formatid":"gen9nationaldexdoubles","rating":1244,"private":0,"password":""}