{"id":"gen9nationaldexdoubles-1974691254","p1":"EndlessC4lamity","p2":"TopdeckPilot","format":"[Gen 9] National Dex Doubles","log":"|j|\u2606EndlessC4lamity\n|j|\u203dTopdeckPilot\n|t:|1698110961\n|gametype|doubles\n|player|p1|EndlessC4lamity|saguaro|\n|player|p2|TopdeckPilot|170|\n|teamsize|p1|6\n|teamsize|p2|6\n|gen|9\n|tier|[Gen 9] National Dex Doubles\n|rule|HP Percentage Mod: HP is shown in percentages\n|rule|Endless Battle Clause: Forcing endless battles is banned\n|rule|OHKO Clause: OHKO moves are banned\n|rule|Evasion Moves Clause: Evasion moves are banned\n|rule|Evasion Abilities Clause: Evasion abilities are banned\n|rule|Species Clause: Limit one of each Pok\u00e9mon\n|rule|Gravity Sleep Clause: The combination of sleep-inducing moves with imperfect accuracy and Gravity or Gigantamax Orbeetle are banned\n|clearpoke\n|poke|p1|Volcarona, F|\n|poke|p1|Frosmoth, F|\n|poke|p1|Ariados, F|\n|poke|p1|Pheromosa|\n|poke|p1|Scolipede, F|\n|poke|p1|Araquanid, F|\n|poke|p2|Arcanine-Hisui, M|\n|poke|p2|Talonflame, F|\n|poke|p2|Volcanion|\n|poke|p2|Rotom-Heat|\n|poke|p2|Tauros-Paldea-Blaze, M|\n|poke|p2|Ogerpon-Hearthflame, F|\n|teampreview\n|\n|t:|1698110995\n|start\n|switch|p1a: do Bugs not drugs|Scolipede, F|100\/100\n|switch|p1b: do bugs not drugs|Araquanid, F, shiny|100\/100\n|switch|p2a: Talonflame|Talonflame, F|100\/100\n|switch|p2b: Arcanine|Arcanine-Hisui, M|100\/100\n|turn|1\n|\n|t:|1698111012\n|move|p1a: do Bugs not drugs|Snatch|p1a: do Bugs not drugs\n|-singleturn|p1a: do Bugs not drugs|Snatch\n|move|p2a: Talonflame|Tailwind|p2a: Talonflame\n|-activate|p1a: do Bugs not drugs|move: Snatch|[of] p2a: Talonflame\n|move|p1a: do Bugs not drugs|Tailwind|p1a: do Bugs not drugs|[from]Snatch\n|-sidestart|p1: EndlessC4lamity|move: Tailwind\n|move|p1b: do bugs not drugs|Liquidation|p2a: Talonflame\n|-supereffective|p2a: Talonflame\n|-enditem|p2a: Talonflame|Focus Sash\n|-damage|p2a: Talonflame|1\/100\n|move|p2b: Arcanine|Head Smash|p1b: do bugs not drugs\n|-supereffective|p1b: do bugs not drugs\n|-damage|p1b: do bugs not drugs|0 fnt\n|faint|p1b: do bugs not drugs\n|\n|-ability|p1a: do Bugs not drugs|Speed Boost|boost\n|-boost|p1a: do Bugs not drugs|spe|1\n|upkeep\n|\n|t:|1698111037\n|switch|p1b: Do bugs Not drugs!|Ariados, F, shiny|100\/100\n|turn|2\n|\n|t:|1698111057\n|move|p1b: Do bugs Not drugs!|Rage Powder|p1b: Do bugs Not drugs!\n|-singleturn|p1b: Do bugs Not drugs!|move: Rage Powder\n|move|p1a: do Bugs not drugs|Rock Slide|p2b: Arcanine|[spread] p2a,p2b\n|-supereffective|p2a: Talonflame\n|-supereffective|p2b: Arcanine\n|-damage|p2a: Talonflame|0 fnt\n|-damage|p2b: Arcanine|55\/100\n|faint|p2a: Talonflame\n|cant|p2b: Arcanine|flinch\n|\n|-ability|p1a: do Bugs not drugs|Speed Boost|boost\n|-boost|p1a: do Bugs not drugs|spe|1\n|upkeep\n|\n|t:|1698111092\n|switch|p2a: Ogerpon|Ogerpon-Hearthflame, F|100\/100\n|-ability|p2a: Ogerpon|Mold Breaker\n|turn|3\n|\n|t:|1698111106\n|-terastallize|p2a: Ogerpon|Fire\n|detailschange|p2a: Ogerpon|Ogerpon-Hearthflame-Tera, F, tera:Fire\n|-ability|p2a: Ogerpon|Embody Aspect (Hearthflame)|boost\n|-boost|p2a: Ogerpon|atk|1\n|move|p1b: Do bugs Not drugs!|Rage Powder|p1b: Do bugs Not drugs!\n|-singleturn|p1b: Do bugs Not drugs!|move: Rage Powder\n|move|p1a: do Bugs not drugs|Rock Slide|p2b: Arcanine|[spread] p2b\n|-miss|p1a: do Bugs not drugs|p2a: Ogerpon\n|-supereffective|p2b: Arcanine\n|-damage|p2b: Arcanine|13\/100\n|move|p2a: Ogerpon|Ivy Cudgel|p1b: Do bugs Not drugs!\n|-supereffective|p1b: Do bugs Not drugs!\n|-enditem|p1b: Do bugs Not drugs!|Focus Sash\n|-damage|p1b: Do bugs Not drugs!|1\/100\n|move|p2b: Arcanine|Head Smash|p1b: Do bugs Not drugs!\n|-supereffective|p1b: Do bugs Not drugs!\n|-damage|p1b: Do bugs Not drugs!|0 fnt\n|faint|p1b: Do bugs Not drugs!\n|\n|-ability|p1a: do Bugs not drugs|Speed Boost|boost\n|-boost|p1a: do Bugs not drugs|spe|1\n|upkeep\n|\n|t:|1698111128\n|switch|p1b: Do bugs& not drugs|Frosmoth, F|100\/100\n|turn|4\n|\n|t:|1698111142\n|-terastallize|p1b: Do bugs& not drugs|Water\n|move|p2a: Ogerpon|Spiky Shield|p2a: Ogerpon\n|-singleturn|p2a: Ogerpon|move: Protect\n|move|p1a: do Bugs not drugs|Rock Slide|p2b: Arcanine|[spread] p2b\n|-activate|p2a: Ogerpon|move: Protect\n|-supereffective|p2b: Arcanine\n|-damage|p2b: Arcanine|0 fnt\n|faint|p2b: Arcanine\n|move|p1b: Do bugs& not drugs|Quiver Dance|p1b: Do bugs& not drugs\n|-boost|p1b: Do bugs& not drugs|spa|1\n|-boost|p1b: Do bugs& not drugs|spd|1\n|-boost|p1b: Do bugs& not drugs|spe|1\n|\n|-sideend|p1: EndlessC4lamity|move: Tailwind\n|-ability|p1a: do Bugs not drugs|Speed Boost|boost\n|-boost|p1a: do Bugs not drugs|spe|1\n|upkeep\n|\n|t:|1698111218\n|switch|p2b: Volcanion|Volcanion|100\/100\n|turn|5\n|\n|t:|1698111234\n|move|p1a: do Bugs not drugs|Rock Slide|p2b: Volcanion|[spread] p2a,p2b\n|-supereffective|p2a: Ogerpon\n|-supereffective|p2b: Volcanion\n|-damage|p2a: Ogerpon|57\/100\n|-damage|p2b: Volcanion|73\/100\n|move|p1b: Do bugs& not drugs|Tera Blast|p2a: Ogerpon|[anim] Tera Blast Water\n|-supereffective|p2a: Ogerpon\n|-damage|p2a: Ogerpon|0 fnt\n|faint|p2a: Ogerpon\n|move|p2b: Volcanion|Flamethrower|p1a: do Bugs not drugs\n|-supereffective|p1a: do Bugs not drugs\n|-enditem|p1a: do Bugs not drugs|Focus Sash\n|-damage|p1a: do Bugs not drugs|1\/100\n|\n|-ability|p1a: do Bugs not drugs|Speed Boost|boost\n|-boost|p1a: do Bugs not drugs|spe|1\n|upkeep\n|\n|t:|1698111251\n|switch|p2a: Tauros|Tauros-Paldea-Blaze, M|100\/100\n|turn|6\n|\n|t:|1698111258\n|move|p1a: do Bugs not drugs|Rock Slide|p2a: Tauros|[spread] p2b\n|-miss|p1a: do Bugs not drugs|p2a: Tauros\n|-supereffective|p2b: Volcanion\n|-damage|p2b: Volcanion|47\/100\n|move|p1b: Do bugs& not drugs|Tera Blast|p2a: Tauros|[anim] Tera Blast Water\n|-supereffective|p2a: Tauros\n|-damage|p2a: Tauros|0 fnt\n|faint|p2a: Tauros\n|move|p2b: Volcanion|Flamethrower|p1a: do Bugs not drugs\n|-supereffective|p1a: do Bugs not drugs\n|-damage|p1a: do Bugs not drugs|0 fnt\n|faint|p1a: do Bugs not drugs\n|\n|upkeep\n|\n|t:|1698111276\n|switch|p2a: Rotom|Rotom-Heat|100\/100\n|switch|p1a: Do bugs not Drugs|Pheromosa|100\/100\n|turn|7\n|\n|t:|1698111308\n|move|p1b: Do bugs& not drugs|Tera Blast|p2a: Rotom|[anim] Tera Blast Water\n|-supereffective|p2a: Rotom\n|-damage|p2a: Rotom|0 fnt\n|faint|p2a: Rotom\n|-zpower|p1a: Do bugs not Drugs\n|move|p1a: Do bugs not Drugs|All-Out Pummeling|p2b: Volcanion|[zeffect]\n|-damage|p2b: Volcanion|0 fnt\n|faint|p2b: Volcanion\n|\n|win|EndlessC4lamity\n","uploadtime":1698111323,"views":41,"p1id":"endlessc4lamity","p2id":"topdeckpilot","formatid":"gen9nationaldexdoubles","rating":0,"private":0,"password":""}