{"id":"gen9nationaldexdoubles-1969340865","p1":"6VYRY","p2":"gobbyhappy1","format":"[Gen 9] National Dex Doubles","log":"|j|\u26066VYRY\n|j|\u2606gobbyhappy1\n|t:|1697516409\n|gametype|doubles\n|player|p1|6VYRY|winona|1311\n|player|p2|gobbyhappy1|170|1257\n|teamsize|p1|6\n|teamsize|p2|6\n|gen|9\n|tier|[Gen 9] National Dex Doubles\n|rated|\n|rule|HP Percentage Mod: HP is shown in percentages\n|rule|Endless Battle Clause: Forcing endless battles is banned\n|rule|OHKO Clause: OHKO moves are banned\n|rule|Evasion Moves Clause: Evasion moves are banned\n|rule|Evasion Abilities Clause: Evasion abilities are banned\n|rule|Species Clause: Limit one of each Pok\u00e9mon\n|rule|Gravity Sleep Clause: The combination of sleep-inducing moves with imperfect accuracy and Gravity or Gigantamax Orbeetle are banned\n|clearpoke\n|poke|p1|Ferrothorn, F|\n|poke|p1|Iron Hands|\n|poke|p1|Clodsire, M|\n|poke|p1|Volcanion|\n|poke|p1|Ting-Lu|\n|poke|p1|Lopunny, M|\n|poke|p2|Zamazenta-*|\n|poke|p2|Rillaboom, F|\n|poke|p2|Chien-Pao|\n|poke|p2|Charizard, M|\n|poke|p2|Kartana|\n|poke|p2|Torkoal, F|\n|teampreview\n|inactive|Battle timer is ON: inactive players will automatically lose when time's up. (requested by gobbyhappy1)\n|\n|t:|1697516422\n|start\n|switch|p1a: Ting-Lu|Ting-Lu|100\/100\n|switch|p1b: Iron Hands|Iron Hands|100\/100\n|switch|p2a: Torkoal|Torkoal, F|100\/100\n|switch|p2b: Kartana|Kartana|100\/100\n|-ability|p1a: Ting-Lu|Vessel of Ruin\n|-weather|SunnyDay|[from] ability: Drought|[of] p2a: Torkoal\n|turn|1\n|\n|t:|1697516432\n|switch|p2a: Rillaboom|Rillaboom, F|100\/100\n|-fieldstart|move: Grassy Terrain|[from] ability: Grassy Surge|[of] p2a: Rillaboom\n|-terastallize|p2b: Kartana|Grass\n|move|p1b: Iron Hands|Fake Out|p2a: Rillaboom\n|-damage|p2a: Rillaboom|90\/100\n|move|p2b: Kartana|Solar Blade||[still]\n|-prepare|p2b: Kartana|Solar Blade\n|-anim|p2b: Kartana|Solar Blade|p1a: Ting-Lu\n|-supereffective|p1a: Ting-Lu\n|-damage|p1a: Ting-Lu|0 fnt\n|faint|p1a: Ting-Lu\n|-ability|p2b: Kartana|Beast Boost|boost\n|-boost|p2b: Kartana|atk|1\n|\n|-weather|SunnyDay|[upkeep]\n|-heal|p2a: Rillaboom|96\/100|[from] Grassy Terrain\n|-heal|p2a: Rillaboom|100\/100|[from] item: Leftovers\n|upkeep\n|\n|t:|1697516452\n|switch|p1a: Ferrothorn|Ferrothorn, F|100\/100\n|turn|2\n|\n|t:|1697516465\n|move|p2a: Rillaboom|Fake Out|p1a: Ferrothorn\n|-resisted|p1a: Ferrothorn\n|-damage|p1a: Ferrothorn|97\/100\n|-damage|p2a: Rillaboom|88\/100|[from] ability: Iron Barbs|[of] p1a: Ferrothorn\n|move|p2b: Kartana|Solar Blade||[still]\n|-prepare|p2b: Kartana|Solar Blade\n|-anim|p2b: Kartana|Solar Blade|p1b: Iron Hands\n|-damage|p1b: Iron Hands|0 fnt\n|faint|p1b: Iron Hands\n|-end|p1b: Iron Hands|Quark Drive|[silent]\n|-ability|p2b: Kartana|Beast Boost|boost\n|-boost|p2b: Kartana|atk|1\n|cant|p1a: Ferrothorn|flinch\n|\n|-weather|SunnyDay|[upkeep]\n|-heal|p2a: Rillaboom|94\/100|[from] Grassy Terrain\n|-heal|p2a: Rillaboom|100\/100|[from] item: Leftovers\n|-heal|p1a: Ferrothorn|100\/100|[from] Grassy Terrain\n|upkeep\n|\n|t:|1697516480\n|switch|p1b: Volcanion|Volcanion|100\/100\n|turn|3\n|\n|t:|1697516489\n|-terastallize|p1b: Volcanion|Fire\n|move|p2a: Rillaboom|Grassy Glide|p1b: Volcanion\n|-resisted|p1b: Volcanion\n|-damage|p1b: Volcanion|89\/100\n|move|p2b: Kartana|Solar Blade||[still]\n|-prepare|p2b: Kartana|Solar Blade\n|-anim|p2b: Kartana|Solar Blade|p1b: Volcanion\n|-resisted|p1b: Volcanion\n|-damage|p1b: Volcanion|0 fnt\n|faint|p1b: Volcanion\n|-ability|p2b: Kartana|Beast Boost|boost\n|-boost|p2b: Kartana|atk|1\n|move|p1a: Ferrothorn|Iron Defense|p1a: Ferrothorn\n|-boost|p1a: Ferrothorn|def|2\n|\n|-weather|SunnyDay|[upkeep]\n|upkeep\n|\n|t:|1697516505\n|switch|p1b: Clodsire|Clodsire, M|100\/100\n|turn|4\n|\n|t:|1697516510\n|move|p2b: Kartana|Solar Blade||[still]\n|-prepare|p2b: Kartana|Solar Blade\n|-anim|p2b: Kartana|Solar Blade|p1b: Clodsire\n|-damage|p1b: Clodsire|0 fnt\n|faint|p1b: Clodsire\n|-ability|p2b: Kartana|Beast Boost|boost\n|-boost|p2b: Kartana|atk|1\n|move|p2a: Rillaboom|U-turn|p1a: Ferrothorn\n|-damage|p1a: Ferrothorn|94\/100\n|-damage|p2a: Rillaboom|88\/100|[from] ability: Iron Barbs|[of] p1a: Ferrothorn\n|\n|t:|1697516517\n|switch|p2a: Torkoal|Torkoal, F|100\/100|[from] U-turn\n|move|p1a: Ferrothorn|Iron Defense|p1a: Ferrothorn\n|-boost|p1a: Ferrothorn|def|2\n|\n|-weather|SunnyDay|[upkeep]\n|-heal|p1a: Ferrothorn|99\/100|[from] Grassy Terrain\n|-heal|p1a: Ferrothorn|100\/100|[from] item: Leftovers\n|upkeep\n|\n|t:|1697516522\n|switch|p1b: Lopunny|Lopunny, M|100\/100\n|turn|5\n|\n|t:|1697516530\n|detailschange|p1b: Lopunny|Lopunny-Mega, M\n|-mega|p1b: Lopunny|Lopunny|Lopunnite\n|move|p2b: Kartana|Solar Blade||[still]\n|-prepare|p2b: Kartana|Solar Blade\n|-anim|p2b: Kartana|Solar Blade|p1b: Lopunny\n|-damage|p1b: Lopunny|0 fnt\n|faint|p1b: Lopunny\n|-ability|p2b: Kartana|Beast Boost|boost\n|-boost|p2b: Kartana|atk|1\n|move|p1a: Ferrothorn|Body Press|p2b: Kartana\n|-damage|p2b: Kartana|14\/100\n|move|p2a: Torkoal|Heat Wave|p1a: Ferrothorn\n|-supereffective|p1a: Ferrothorn\n|-damage|p1a: Ferrothorn|0 fnt\n|faint|p1a: Ferrothorn\n|\n|win|gobbyhappy1\n|raw|6VYRY's rating: 1311 &rarr; <strong>1288<\/strong><br \/>(-23 for losing)\n|raw|gobbyhappy1's rating: 1257 &rarr; <strong>1286<\/strong><br \/>(+29 for winning)\n|l|\u26066VYRY\n","uploadtime":1697516543,"views":15,"p1id":"6vyry","p2id":"gobbyhappy1","formatid":"gen9nationaldexdoubles","rating":1286,"private":0,"password":""}