{"id":"gen9nationaldexdoubles-1985284491","p1":"MAISRN","p2":"ShaneWithMiku","format":"[Gen 9] National Dex Doubles","log":"|j|\u2606MAISRN\n|j|\u2606ShaneWithMiku\n|t:|1699359980\n|gametype|doubles\n|player|p1|MAISRN|101|1038\n|player|p2|ShaneWithMiku|clair|1080\n|teamsize|p1|6\n|teamsize|p2|6\n|gen|9\n|tier|[Gen 9] National Dex Doubles\n|rated|\n|rule|HP Percentage Mod: HP is shown in percentages\n|rule|Endless Battle Clause: Forcing endless battles is banned\n|rule|OHKO Clause: OHKO moves are banned\n|rule|Evasion Moves Clause: Evasion moves are banned\n|rule|Evasion Abilities Clause: Evasion abilities are banned\n|rule|Species Clause: Limit one of each Pok\u00e9mon\n|rule|Gravity Sleep Clause: The combination of sleep-inducing moves with imperfect accuracy and Gravity or Gigantamax Orbeetle are banned\n|clearpoke\n|poke|p1|Stakataka|\n|poke|p1|Torkoal, M|\n|poke|p1|Walking Wake|\n|poke|p1|Grimmsnarl, M|\n|poke|p1|Toxapex, F|\n|poke|p1|Pincurchin, M|\n|poke|p2|Blacephalon|\n|poke|p2|Torkoal, M|\n|poke|p2|Clefable, F|\n|poke|p2|Jirachi|\n|poke|p2|Forretress, M|\n|poke|p2|Kingambit, M|\n|teampreview\n|inactive|Battle timer is ON: inactive players will automatically lose when time's up. (requested by ShaneWithMiku)\n|\n|t:|1699359991\n|start\n|switch|p1a: Grimmsnarl|Grimmsnarl, M|100\/100\n|switch|p1b: Walking Wake|Walking Wake|100\/100\n|switch|p2a: Clown|Blacephalon, shiny|100\/100\n|switch|p2b: Helper|Torkoal, M|100\/100\n|-weather|SunnyDay|[from] ability: Drought|[of] p2b: Helper\n|-activate|p1b: Walking Wake|ability: Protosynthesis\n|-start|p1b: Walking Wake|protosynthesisspa\n|turn|1\n|\n|t:|1699360011\n|-terastallize|p2a: Clown|Fire\n|move|p2b: Helper|Helping Hand|p2a: Clown\n|-singleturn|p2a: Clown|Helping Hand|[of] p2b: Helper\n|move|p1a: Grimmsnarl|Fake Out|p2b: Helper\n|-damage|p2b: Helper|92\/100\n|move|p1b: Walking Wake|Hydro Steam|p2a: Clown\n|-supereffective|p2a: Clown\n|-enditem|p2a: Clown|Focus Sash\n|-damage|p2a: Clown|1\/100\n|move|p2a: Clown|Mind Blown|p1a: Grimmsnarl|[spread] p2b,p1a,p1b\n|-resisted|p2b: Helper\n|-resisted|p1b: Walking Wake\n|-damage|p2b: Helper|0 fnt\n|-damage|p1a: Grimmsnarl|0 fnt\n|-damage|p1b: Walking Wake|44\/100\n|-damage|p2a: Clown|0 fnt|[from] mindblown\n|faint|p2a: Clown\n|faint|p2b: Helper\n|faint|p1a: Grimmsnarl\n|\n|-weather|SunnyDay|[upkeep]\n|upkeep\n|inactive|MAISRN has 120 seconds left.\n|\n|t:|1699360042\n|switch|p2a: Helper 2|Clefable, F, shiny|100\/100\n|switch|p1a: Stakataka|Stakataka|100\/100\n|switch|p2b: i explode|Forretress, M|100\/100\n|turn|2\n|\n|t:|1699360056\n|move|p2a: Helper 2|Helping Hand|p2b: i explode\n|-singleturn|p2b: i explode|Helping Hand|[of] p2a: Helper 2\n|move|p1b: Walking Wake|Protect|p1b: Walking Wake\n|-singleturn|p1b: Walking Wake|Protect\n|move|p2b: i explode|Earthquake|p1b: Walking Wake|[spread] p2a,p1a\n|-activate|p1b: Walking Wake|move: Protect\n|-supereffective|p1a: Stakataka\n|-damage|p2a: Helper 2|32\/100\n|-damage|p1a: Stakataka|0 fnt\n|faint|p1a: Stakataka\n|\n|-weather|SunnyDay|[upkeep]\n|upkeep\n|\n|t:|1699360075\n|switch|p1a: Pincurchin|Pincurchin, M|100\/100\n|turn|3\n|\n|t:|1699360085\n|move|p2a: Helper 2|Helping Hand|p2b: i explode\n|-singleturn|p2b: i explode|Helping Hand|[of] p2a: Helper 2\n|move|p1b: Walking Wake|Flamethrower|p2b: i explode\n|-supereffective|p2b: i explode\n|-ability|p2b: i explode|Sturdy\n|-damage|p2b: i explode|1\/100\n|move|p2b: i explode|Earthquake|p1a: Pincurchin|[spread] p2a,p1a,p1b\n|-supereffective|p1a: Pincurchin\n|-damage|p2a: Helper 2|0 fnt\n|-damage|p1a: Pincurchin|13\/100\n|-damage|p1b: Walking Wake|0 fnt\n|faint|p2a: Helper 2\n|faint|p1b: Walking Wake\n|-end|p1b: Walking Wake|Protosynthesis|[silent]\n|move|p1a: Pincurchin|Acupressure|p1: Walking Wake|[notarget]\n|-fail|p1a: Pincurchin\n|\n|-weather|SunnyDay|[upkeep]\n|-heal|p1a: Pincurchin|19\/100|[from] item: Leftovers\n|upkeep\n|\n|t:|1699360101\n|switch|p1b: Toxapex|Toxapex, F|100\/100\n|switch|p2a: Hit this|Jirachi|100\/100\n|turn|4\n|\n|t:|1699360116\n|move|p2a: Hit this|Follow Me|p2a: Hit this\n|-singleturn|p2a: Hit this|move: Follow Me\n|move|p2b: i explode|Earthquake|p1a: Pincurchin|[spread] p2a,p1a,p1b\n|-supereffective|p2a: Hit this\n|-supereffective|p1a: Pincurchin\n|-supereffective|p1b: Toxapex\n|-damage|p2a: Hit this|48\/100\n|-damage|p1a: Pincurchin|0 fnt\n|-damage|p1b: Toxapex|55\/100\n|faint|p1a: Pincurchin\n|move|p1b: Toxapex|Hydro Pump|p2a: Hit this\n|-damage|p2a: Hit this|40\/100\n|\n|-weather|SunnyDay|[upkeep]\n|-heal|p1b: Toxapex|61\/100|[from] item: Black Sludge\n|upkeep\n|\n|t:|1699360127\n|switch|p1a: Torkoal|Torkoal, M|100\/100\n|turn|5\n|\n|t:|1699360132\n|move|p2a: Hit this|Follow Me|p2a: Hit this\n|-singleturn|p2a: Hit this|move: Follow Me\n|move|p2b: i explode|Earthquake|p1b: Toxapex|[spread] p2a,p1a,p1b\n|-supereffective|p2a: Hit this\n|-supereffective|p1a: Torkoal\n|-supereffective|p1b: Toxapex\n|-damage|p2a: Hit this|0 fnt\n|-damage|p1a: Torkoal|46\/100\n|-damage|p1b: Toxapex|16\/100\n|-enditem|p1a: Torkoal|Weakness Policy\n|-boost|p1a: Torkoal|atk|2|[from] item: Weakness Policy\n|-boost|p1a: Torkoal|spa|2|[from] item: Weakness Policy\n|faint|p2a: Hit this\n|move|p1b: Toxapex|Recover|p1b: Toxapex\n|-heal|p1b: Toxapex|66\/100\n|move|p1a: Torkoal|Eruption|p2b: i explode\n|-supereffective|p2b: i explode\n|-damage|p2b: i explode|0 fnt\n|faint|p2b: i explode\n|\n|-weather|none\n|-heal|p1b: Toxapex|72\/100|[from] item: Black Sludge\n|upkeep\n|inactive|ShaneWithMiku has 120 seconds left.\n|\n|t:|1699360168\n|switch|p2b: NOW IM ANGRY|Kingambit, M|100\/100\n|-activate|p2b: NOW IM ANGRY|ability: Supreme Overlord\n|-start|p2b: NOW IM ANGRY|fallen5|[silent]\n|turn|6\n|\n|t:|1699360182\n|move|p2b: NOW IM ANGRY|Sucker Punch|p1a: Torkoal\n|-damage|p1a: Torkoal|3\/100\n|move|p1b: Toxapex|Ice Beam|p2b: NOW IM ANGRY\n|-resisted|p2b: NOW IM ANGRY\n|-damage|p2b: NOW IM ANGRY|97\/100\n|move|p1a: Torkoal|Eruption|p2b: NOW IM ANGRY\n|-supereffective|p2b: NOW IM ANGRY\n|-damage|p2b: NOW IM ANGRY|93\/100\n|\n|-heal|p1b: Toxapex|78\/100|[from] item: Black Sludge\n|upkeep\n|turn|7\n|\n|t:|1699360197\n|move|p1a: Torkoal|Helping Hand|p1b: Toxapex\n|-singleturn|p1b: Toxapex|Helping Hand|[of] p1a: Torkoal\n|move|p2b: NOW IM ANGRY|Kowtow Cleave|p1b: Toxapex\n|-crit|p1b: Toxapex\n|-damage|p1b: Toxapex|0 fnt\n|faint|p1b: Toxapex\n|\n|upkeep\n|turn|8\n|-message|MAISRN forfeited.\n|\n|win|ShaneWithMiku\n|raw|MAISRN's rating: 1038 &rarr; <strong>1024<\/strong><br \/>(-14 for losing)\n|raw|ShaneWithMiku's rating: 1080 &rarr; <strong>1105<\/strong><br \/>(+25 for winning)\n|l|\u2606MAISRN\n","uploadtime":1699360293,"views":6,"p1id":"maisrn","p2id":"shanewithmiku","formatid":"gen9nationaldexdoubles","rating":1024,"private":0,"password":""}