{"id":"gen9nationaldexdoubles-1984680304","p1":"lxvliiz","p2":"sosussysofunny","format":"[Gen 9] National Dex Doubles","log":"|j|\u2606lxvliiz\n|j|\u203dsosussysofunny\n|t:|1699290316\n|gametype|doubles\n|player|p1|lxvliiz|guitarist|1099\n|player|p2|sosussysofunny|scientistf|1041\n|teamsize|p1|6\n|teamsize|p2|6\n|gen|9\n|tier|[Gen 9] National Dex Doubles\n|rated|\n|rule|HP Percentage Mod: HP is shown in percentages\n|rule|Endless Battle Clause: Forcing endless battles is banned\n|rule|OHKO Clause: OHKO moves are banned\n|rule|Evasion Moves Clause: Evasion moves are banned\n|rule|Evasion Abilities Clause: Evasion abilities are banned\n|rule|Species Clause: Limit one of each Pok\u00e9mon\n|rule|Gravity Sleep Clause: The combination of sleep-inducing moves with imperfect accuracy and Gravity or Gigantamax Orbeetle are banned\n|clearpoke\n|poke|p1|Jirachi|\n|poke|p1|Volcarona, M|\n|poke|p1|Eevee, F|\n|poke|p1|Clefable, F|\n|poke|p1|Togekiss, F|\n|poke|p1|Marshadow|\n|poke|p2|Guzzlord|\n|poke|p2|Nihilego|\n|poke|p2|Buzzwole|\n|poke|p2|Pheromosa|\n|poke|p2|Xurkitree|\n|poke|p2|Celesteela|\n|teampreview\n|inactive|Battle timer is ON: inactive players will automatically lose when time's up. (requested by sosussysofunny)\n|c|\u2606lxvliiz|oh no\n|\n|t:|1699290326\n|start\n|switch|p1a: Volcarona|Volcarona, M|100\/100\n|switch|p1b: Eevee|Eevee, F|100\/100\n|switch|p2a: Buzzwole|Buzzwole, shiny|100\/100\n|switch|p2b: Nihilego|Nihilego, shiny|100\/100\n|-ability|p1b: Eevee|Anticipation\n|turn|1\n|c|\u2606lxvliiz|my whole strat is sacrificing my mons bruh \ud83d\ude2d\n|\n|t:|1699290346\n|-terastallize|p2b: Nihilego|Flying\n|move|p2b: Nihilego|Magic Coat|p2b: Nihilego\n|-singleturn|p2b: Nihilego|move: Magic Coat\n|move|p1a: Volcarona|Rage Powder|p1a: Volcarona\n|-singleturn|p1a: Volcarona|move: Rage Powder\n|-zpower|p1b: Eevee\n|move|p1b: Eevee|Extreme Evoboost|p1b: Eevee\n|-boost|p1b: Eevee|atk|2\n|-boost|p1b: Eevee|def|2\n|-boost|p1b: Eevee|spa|2\n|-boost|p1b: Eevee|spd|2\n|-boost|p1b: Eevee|spe|2\n|move|p2a: Buzzwole|Counter||[still]\n|-fail|p2a: Buzzwole\n|\n|upkeep\n|turn|2\n|\n|t:|1699290368\n|move|p1a: Volcarona|Rage Powder|p1a: Volcarona\n|-singleturn|p1a: Volcarona|move: Rage Powder\n|move|p1b: Eevee|Baton Pass|p1b: Eevee\n|\n|t:|1699290381\n|switch|p1b: Marshadow|Marshadow|100\/100|[from] Baton Pass\n|move|p2b: Nihilego|Sludge Wave|p1a: Volcarona|[spread] p2a,p1a,p1b\n|-resisted|p1b: Marshadow\n|-damage|p2a: Buzzwole|47\/100\n|-damage|p1a: Volcarona|77\/100\n|-damage|p1b: Marshadow|89\/100\n|-status|p1a: Volcarona|psn\n|move|p2a: Buzzwole|Earthquake|p1a: Volcarona|[spread] p1a,p1b\n|-immune|p2b: Nihilego\n|-damage|p1a: Volcarona|39\/100 psn\n|-damage|p1b: Marshadow|72\/100\n|\n|-heal|p2a: Buzzwole|54\/100|[from] item: Leftovers\n|-damage|p1a: Volcarona|27\/100 psn|[from] psn\n|upkeep\n|turn|3\n|l|\u2606lxvliiz\n|inactive|lxvliiz disconnected and has a minute to reconnect!\n|player|p1|\n|j|\u2606lxvliiz\n|inactive|lxvliiz reconnected and has 145 seconds left.\n|player|p1|lxvliiz|guitarist\n|\n|t:|1699290402\n|move|p1a: Volcarona|Rage Powder|p1a: Volcarona\n|-singleturn|p1a: Volcarona|move: Rage Powder\n|move|p1b: Marshadow|Shadow Sneak|p2a: Buzzwole\n|-damage|p2a: Buzzwole|17\/100\n|move|p2b: Nihilego|Charge Beam|p1a: Volcarona\n|-damage|p1a: Volcarona|16\/100 psn\n|-boost|p2b: Nihilego|spa|1\n|-enditem|p1a: Volcarona|Wiki Berry|[eat]\n|-heal|p1a: Volcarona|49\/100 psn|[from] item: Wiki Berry\n|-start|p1a: Volcarona|confusion\n|move|p2a: Buzzwole|Bulk Up|p2a: Buzzwole\n|-boost|p2a: Buzzwole|atk|1\n|-boost|p2a: Buzzwole|def|1\n|\n|-heal|p2a: Buzzwole|24\/100|[from] item: Leftovers\n|-damage|p1a: Volcarona|37\/100 psn|[from] psn\n|upkeep\n|turn|4\n|\n|t:|1699290426\n|-activate|p1a: Volcarona|confusion\n|move|p1a: Volcarona|Rage Powder|p1a: Volcarona\n|-singleturn|p1a: Volcarona|move: Rage Powder\n|move|p1b: Marshadow|Spectral Thief||[still]\n|-clearpositiveboost|p2a: Buzzwole|p1b: Marshadow|move: Spectral Thief\n|-boost|p1b: Marshadow|atk|1\n|-boost|p1b: Marshadow|def|1\n|-anim|p1b: Marshadow|Spectral Thief|p2a: Buzzwole\n|-damage|p2a: Buzzwole|0 fnt\n|faint|p2a: Buzzwole\n|move|p2b: Nihilego|Charge Beam|p1a: Volcarona\n|-damage|p1a: Volcarona|21\/100 psn\n|-boost|p2b: Nihilego|spa|1\n|\n|-damage|p1a: Volcarona|9\/100 psn|[from] psn\n|upkeep\n|inactive|sosussysofunny has 120 seconds left.\n|\n|t:|1699290442\n|switch|p2a: Xurkitree|Xurkitree, shiny|100\/100\n|turn|5\n|\n|t:|1699290455\n|-activate|p1a: Volcarona|confusion\n|move|p1a: Volcarona|Rage Powder|p1a: Volcarona\n|-singleturn|p1a: Volcarona|move: Rage Powder\n|move|p1b: Marshadow|Shadow Sneak|p2b: Nihilego\n|-damage|p2b: Nihilego|0 fnt\n|faint|p2b: Nihilego\n|move|p2a: Xurkitree|Hidden Power|p1a: Volcarona\n|-damage|p1a: Volcarona|0 fnt\n|faint|p1a: Volcarona\n|-ability|p2a: Xurkitree|Beast Boost|boost\n|-boost|p2a: Xurkitree|spa|1\n|\n|upkeep\n|\n|t:|1699290466\n|switch|p2b: Pheromosa|Pheromosa, shiny|100\/100\n|switch|p1a: Togekiss|Togekiss, F|100\/100\n|turn|6\n|\n|t:|1699290484\n|move|p1a: Togekiss|Follow Me|p1a: Togekiss\n|-singleturn|p1a: Togekiss|move: Follow Me\n|move|p1b: Marshadow|Shadow Sneak|p2b: Pheromosa\n|-damage|p2b: Pheromosa|0 fnt\n|faint|p2b: Pheromosa\n|move|p2a: Xurkitree|Discharge|p1b: Marshadow|[spread] p1a,p1b\n|-supereffective|p1a: Togekiss\n|-damage|p1a: Togekiss|0 fnt\n|-damage|p1b: Marshadow|40\/100\n|faint|p1a: Togekiss\n|-ability|p2a: Xurkitree|Beast Boost|boost\n|-boost|p2a: Xurkitree|spa|1\n|\n|upkeep\n|\n|t:|1699290495\n|switch|p2b: Celesteela|Celesteela, shiny|100\/100\n|switch|p1a: Jirachi|Jirachi|100\/100\n|turn|7\n|\n|t:|1699290507\n|move|p1a: Jirachi|Follow Me|p1a: Jirachi\n|-singleturn|p1a: Jirachi|move: Follow Me\n|move|p1b: Marshadow|Shadow Sneak|p2a: Xurkitree\n|-damage|p2a: Xurkitree|0 fnt\n|faint|p2a: Xurkitree\n|move|p2b: Celesteela|Flame Charge|p1a: Jirachi\n|-supereffective|p1a: Jirachi\n|-damage|p1a: Jirachi|71\/100\n|-boost|p2b: Celesteela|spe|1\n|\n|-heal|p1a: Jirachi|77\/100|[from] item: Leftovers\n|upkeep\n|\n|t:|1699290517\n|switch|p2a: Guzzlord|Guzzlord, shiny|100\/100\n|turn|8\n|\n|t:|1699290540\n|move|p1a: Jirachi|Follow Me|p1a: Jirachi\n|-singleturn|p1a: Jirachi|move: Follow Me\n|move|p1b: Marshadow|Drain Punch|p2a: Guzzlord\n|-supereffective|p2a: Guzzlord\n|-damage|p2a: Guzzlord|0 fnt\n|-heal|p1b: Marshadow|100\/100|[from] drain|[of] p2a: Guzzlord\n|faint|p2a: Guzzlord\n|move|p2b: Celesteela|Flame Charge|p1a: Jirachi\n|-supereffective|p1a: Jirachi\n|-damage|p1a: Jirachi|50\/100\n|-boost|p2b: Celesteela|spe|1\n|\n|-heal|p1a: Jirachi|56\/100|[from] item: Leftovers\n|upkeep\n|turn|9\n|\n|t:|1699290554\n|move|p1a: Jirachi|Follow Me|p1a: Jirachi\n|-singleturn|p1a: Jirachi|move: Follow Me\n|move|p1b: Marshadow|Shadow Sneak|p2b: Celesteela\n|-damage|p2b: Celesteela|24\/100\n|-damage|p1b: Marshadow|84\/100|[from] item: Rocky Helmet|[of] p2b: Celesteela\n|move|p2b: Celesteela|Earthquake|p1b: Marshadow|[spread] p1a,p1b\n|-supereffective|p1a: Jirachi\n|-damage|p1a: Jirachi|18\/100\n|-damage|p1b: Marshadow|72\/100\n|\n|-heal|p1a: Jirachi|24\/100|[from] item: Leftovers\n|upkeep\n|turn|10\n|\n|t:|1699290566\n|move|p1a: Jirachi|Protect|p1a: Jirachi\n|-singleturn|p1a: Jirachi|Protect\n|move|p1b: Marshadow|Shadow Sneak|p2b: Celesteela\n|-damage|p2b: Celesteela|0 fnt\n|-damage|p1b: Marshadow|56\/100|[from] item: Rocky Helmet|[of] p2b: Celesteela\n|faint|p2b: Celesteela\n|\n|win|lxvliiz\n|raw|lxvliiz's rating: 1099 &rarr; <strong>1120<\/strong><br \/>(+21 for winning)\n|raw|sosussysofunny's rating: 1041 &rarr; <strong>1028<\/strong><br \/>(-13 for losing)\n|c|\u2606lxvliiz|gg\n|l|\u203dsosussysofunny\n","uploadtime":1699290573,"views":7,"p1id":"lxvliiz","p2id":"sosussysofunny","formatid":"gen9nationaldexdoubles","rating":1028,"private":0,"password":""}