{"id":"gen9nationaldexdoubles-1980967794","p1":"multiingbe","p2":"Ridsson","format":"[Gen 9] National Dex Doubles","log":"|j|\u2606multiingbe\n|j|\u2606Ridsson\n|t:|1698853068\n|gametype|doubles\n|player|p1|multiingbe|kimonogirl|1097\n|player|p2|Ridsson|brycen|1076\n|teamsize|p1|6\n|teamsize|p2|6\n|gen|9\n|tier|[Gen 9] National Dex Doubles\n|rated|\n|rule|HP Percentage Mod: HP is shown in percentages\n|rule|Endless Battle Clause: Forcing endless battles is banned\n|rule|OHKO Clause: OHKO moves are banned\n|rule|Evasion Moves Clause: Evasion moves are banned\n|rule|Evasion Abilities Clause: Evasion abilities are banned\n|rule|Species Clause: Limit one of each Pok\u00e9mon\n|rule|Gravity Sleep Clause: The combination of sleep-inducing moves with imperfect accuracy and Gravity or Gigantamax Orbeetle are banned\n|clearpoke\n|poke|p1|Clefable, F|\n|poke|p1|Politoed, M|\n|poke|p1|Volbeat, M|\n|poke|p1|Comfey, F|\n|poke|p1|Blastoise, M|\n|poke|p1|Azumarill, F|\n|poke|p2|Sableye, M|\n|poke|p2|Serperior, F|\n|poke|p2|Hawlucha, F|\n|poke|p2|Grapploct, M|\n|poke|p2|Galvantula, F|\n|poke|p2|Garchomp, F|\n|teampreview\n|inactive|Battle timer is ON: inactive players will automatically lose when time's up. (requested by Ridsson)\n|\n|t:|1698853081\n|start\n|switch|p1a: Wen Tji|Politoed, M|100\/100\n|switch|p1b: Etudelki|Azumarill, F|100\/100\n|switch|p2a: Grapploct|Grapploct, M|100\/100\n|switch|p2b: Serperior|Serperior, F|100\/100\n|-weather|RainDance|[from] ability: Drizzle|[of] p1a: Wen Tji\n|turn|1\n|\n|t:|1698853103\n|switch|p1a: Oerhywhyn|Volbeat, M|100\/100\n|move|p2b: Serperior|Leaf Storm|p1a: Oerhywhyn\n|-resisted|p1a: Oerhywhyn\n|-damage|p1a: Oerhywhyn|81\/100\n|-boost|p2b: Serperior|spa|2\n|move|p1b: Etudelki|Ice Punch|p2b: Serperior\n|-supereffective|p2b: Serperior\n|-damage|p2b: Serperior|25\/100\n|move|p2a: Grapploct|Octolock|p2b: Serperior\n|-start|p2b: Serperior|move: Octolock|[of] p2a: Grapploct\n|\n|-weather|RainDance|[upkeep]\n|-heal|p2b: Serperior|31\/100|[from] item: Leftovers\n|-boost|p2b: Serperior|def|1\n|-boost|p2b: Serperior|spd|1\n|upkeep\n|turn|2\n|\n|t:|1698853132\n|move|p1a: Oerhywhyn|Attract|p2b: Serperior\n|-start|p2b: Serperior|Attract\n|-activate|p2b: Serperior|move: Attract|[of] p1a: Oerhywhyn\n|move|p2b: Serperior|Giga Drain|p1b: Etudelki\n|-supereffective|p1b: Etudelki\n|-damage|p1b: Etudelki|40\/100\n|-heal|p2b: Serperior|66\/100|[from] drain|[of] p1b: Etudelki\n|move|p1b: Etudelki|Ice Punch|p2b: Serperior\n|-supereffective|p2b: Serperior\n|-damage|p2b: Serperior|14\/100\n|move|p2a: Grapploct|Scary Face|p2b: Serperior\n|-boost|p2b: Serperior|spe|2\n|\n|-weather|RainDance|[upkeep]\n|-heal|p2b: Serperior|20\/100|[from] item: Leftovers\n|-boost|p2b: Serperior|def|1\n|-boost|p2b: Serperior|spd|1\n|upkeep\n|turn|3\n|\n|t:|1698853155\n|move|p1a: Oerhywhyn|Tail Glow|p1a: Oerhywhyn\n|-boost|p1a: Oerhywhyn|spa|3\n|-activate|p2b: Serperior|move: Attract|[of] p1a: Oerhywhyn\n|cant|p2b: Serperior|Attract\n|move|p1b: Etudelki|Ice Punch|p2b: Serperior\n|-supereffective|p2b: Serperior\n|-damage|p2b: Serperior|0 fnt\n|faint|p2b: Serperior\n|move|p2a: Grapploct|Circle Throw|p1a: Oerhywhyn\n|-resisted|p1a: Oerhywhyn\n|-damage|p1a: Oerhywhyn|66\/100\n|drag|p1a: Wen Tji|Politoed, M|100\/100\n|\n|-weather|RainDance|[upkeep]\n|upkeep\n|inactive|Ridsson has 120 seconds left.\n|\n|t:|1698853172\n|switch|p2b: Galvantula|Galvantula, F|100\/100\n|turn|4\n|\n|t:|1698853186\n|-terastallize|p1b: Etudelki|Water\n|move|p1b: Etudelki|Aqua Jet|p2b: Galvantula\n|-damage|p2b: Galvantula|4\/100\n|move|p2b: Galvantula|Electroweb|p1b: Etudelki|[spread] p1a,p1b\n|-supereffective|p1a: Wen Tji\n|-supereffective|p1b: Etudelki\n|-damage|p1a: Wen Tji|49\/100\n|-damage|p1b: Etudelki|15\/100\n|-unboost|p1a: Wen Tji|spe|1\n|-unboost|p1b: Etudelki|spe|1\n|move|p1a: Wen Tji|Counter||[still]\n|-fail|p1a: Wen Tji\n|move|p2a: Grapploct|Circle Throw|p1a: Wen Tji\n|-damage|p1a: Wen Tji|24\/100\n|drag|p1a: Uierui|Clefable, F|100\/100\n|\n|-weather|RainDance|[upkeep]\n|upkeep\n|turn|5\n|\n|t:|1698853209\n|move|p1b: Etudelki|Aqua Jet|p2b: Galvantula\n|-damage|p2b: Galvantula|0 fnt\n|faint|p2b: Galvantula\n|move|p1a: Uierui|Dazzling Gleam|p2a: Grapploct\n|-supereffective|p2a: Grapploct\n|-damage|p2a: Grapploct|22\/100\n|move|p2a: Grapploct|Circle Throw|p1a: Uierui\n|-resisted|p1a: Uierui\n|-damage|p1a: Uierui|83\/100\n|drag|p1a: Oerhywhyn|Volbeat, M|66\/100\n|\n|-weather|none\n|upkeep\n|\n|t:|1698853212\n|switch|p2b: Sableye|Sableye, M|100\/100\n|turn|6\n|\n|t:|1698853229\n|switch|p1a: Wen Tji|Politoed, M|24\/100\n|-weather|RainDance|[from] ability: Drizzle|[of] p1a: Wen Tji\n|switch|p2a: Garchomp|Garchomp, F|100\/100\n|move|p1b: Etudelki|Aqua Jet|p2a: Garchomp\n|-damage|p2a: Garchomp|48\/100\n|-damage|p1b: Etudelki|3\/100|[from] ability: Rough Skin|[of] p2a: Garchomp\n|move|p2b: Sableye|Foul Play|p1b: Etudelki\n|-damage|p1b: Etudelki|0 fnt\n|faint|p1b: Etudelki\n|\n|-weather|RainDance|[upkeep]\n|upkeep\n|\n|t:|1698853245\n|switch|p1b: Teg|Blastoise, M|100\/100\n|turn|7\n|\n|t:|1698853254\n|detailschange|p1b: Teg|Blastoise-Mega, M\n|-mega|p1b: Teg|Blastoise|Blastoisinite\n|move|p2b: Sableye|Ally Switch|p2b: Sableye\n|swap|p2b: Sableye|0|[from] move: Ally Switch\n|move|p2b: Garchomp|Earthquake|p1b: Teg|[spread] p2a,p1a,p1b\n|-damage|p2a: Sableye|45\/100\n|-damage|p1a: Wen Tji|0 fnt\n|-damage|p1b: Teg|57\/100\n|faint|p1a: Wen Tji\n|move|p1b: Teg|Icy Wind|p2a: Sableye|[spread] p2a,p2b\n|-supereffective|p2b: Garchomp\n|-damage|p2a: Sableye|20\/100\n|-damage|p2b: Garchomp|0 fnt\n|-unboost|p2a: Sableye|spe|1\n|faint|p2b: Garchomp\n|\n|-weather|RainDance|[upkeep]\n|-heal|p2a: Sableye|26\/100|[from] item: Leftovers\n|upkeep\n|-message|Ridsson forfeited.\n|\n|win|multiingbe\n|raw|multiingbe's rating: 1097 &rarr; <strong>1121<\/strong><br \/>(+24 for winning)\n|raw|Ridsson's rating: 1076 &rarr; <strong>1056<\/strong><br \/>(-20 for losing)\n|l|\u2606Ridsson\n","uploadtime":1698853280,"views":6,"p1id":"multiingbe","p2id":"ridsson","formatid":"gen9nationaldexdoubles","rating":1056,"private":0,"password":""}