{"id":"gen9nationaldexdoubles-1947695135","p1":"jpolo23","p2":"user58342485","format":"[Gen 9] National Dex Doubles","log":"|j|\u2606jpolo23\n|j|\u2606user58342485\n|t:|1695188333\n|gametype|doubles\n|player|p1|jpolo23|alder|1208\n|player|p2|user58342485|pokemaniac|1532\n|teamsize|p1|6\n|teamsize|p2|6\n|gen|9\n|tier|[Gen 9] National Dex Doubles\n|rated|\n|rule|HP Percentage Mod: HP is shown in percentages\n|rule|Endless Battle Clause: Forcing endless battles is banned\n|rule|OHKO Clause: OHKO moves are banned\n|rule|Evasion Moves Clause: Evasion moves are banned\n|rule|Evasion Abilities Clause: Evasion abilities are banned\n|rule|Species Clause: Limit one of each Pok\u00e9mon\n|rule|Gravity Sleep Clause: The combination of sleep-inducing moves with imperfect accuracy and Gravity or Gigantamax Orbeetle are banned\n|clearpoke\n|poke|p1|Houndoom, F|\n|poke|p1|Chi-Yu|\n|poke|p1|Ceruledge, F|\n|poke|p1|Tornadus, M|\n|poke|p1|Tatsugiri, F|\n|poke|p1|Walking Wake|\n|poke|p2|Rillaboom, F|\n|poke|p2|Salamence, F|\n|poke|p2|Volcanion|\n|poke|p2|Chien-Pao|\n|poke|p2|Flutter Mane|\n|poke|p2|Ogerpon-Cornerstone, F|\n|teampreview\n|inactive|Battle timer is ON: inactive players will automatically lose when time's up. (requested by user58342485)\n|\n|t:|1695188358\n|start\n|switch|p1a: Chi-Yu|Chi-Yu|100\/100\n|switch|p1b: Tornadus|Tornadus, M|100\/100\n|switch|p2a: Volcanion|Volcanion|100\/100\n|switch|p2b: Salamence|Salamence, F|100\/100\n|-ability|p1a: Chi-Yu|Beads of Ruin\n|-ability|p2b: Salamence|Intimidate|boost\n|-unboost|p1a: Chi-Yu|atk|1\n|-unboost|p1b: Tornadus|atk|1\n|turn|1\n|\n|t:|1695188383\n|detailschange|p2b: Salamence|Salamence-Mega, F\n|-mega|p2b: Salamence|Salamence|Salamencite\n|move|p1a: Chi-Yu|Protect|p1a: Chi-Yu\n|-singleturn|p1a: Chi-Yu|Protect\n|move|p1b: Tornadus|Taunt|p2b: Salamence\n|-start|p2b: Salamence|move: Taunt\n|cant|p2b: Salamence|move: Taunt|Tailwind\n|move|p2a: Volcanion|Steam Eruption|p1a: Chi-Yu\n|-activate|p1a: Chi-Yu|move: Protect\n|\n|upkeep\n|turn|2\n|inactive|jpolo23 has 120 seconds left.\n|\n|t:|1695188413\n|move|p1b: Tornadus|Sunny Day|p1b: Tornadus\n|-weather|SunnyDay\n|move|p2b: Salamence|Frustration|p1a: Chi-Yu\n|-damage|p1a: Chi-Yu|1\/100\n|move|p1a: Chi-Yu|Nasty Plot|p1a: Chi-Yu\n|-boost|p1a: Chi-Yu|spa|2\n|move|p2a: Volcanion|Earth Power|p1a: Chi-Yu\n|-supereffective|p1a: Chi-Yu\n|-damage|p1a: Chi-Yu|0 fnt\n|faint|p1a: Chi-Yu\n|\n|-weather|SunnyDay|[upkeep]\n|upkeep\n|inactive|jpolo23 has 120 seconds left.\n|\n|t:|1695188425\n|switch|p1a: Ceruledge|Ceruledge, F|100\/100\n|turn|3\n|inactive|jpolo23 has 120 seconds left.\n|\n|t:|1695188465\n|move|p1b: Tornadus|Tailwind|p1b: Tornadus\n|-sidestart|p1: jpolo23|move: Tailwind\n|move|p1a: Ceruledge|Poltergeist|p2a: Volcanion\n|-activate|p2a: Volcanion|move: Poltergeist|Assault Vest\n|-damage|p2a: Volcanion|54\/100\n|move|p2b: Salamence|Frustration|p1a: Ceruledge\n|-damage|p1a: Ceruledge|9\/100\n|-enditem|p1a: Ceruledge|Salac Berry|[eat]\n|-boost|p1a: Ceruledge|spe|1|[from] item: Salac Berry\n|move|p2a: Volcanion|Earth Power|p1a: Ceruledge\n|-supereffective|p1a: Ceruledge\n|-damage|p1a: Ceruledge|0 fnt\n|faint|p1a: Ceruledge\n|\n|-weather|SunnyDay|[upkeep]\n|-end|p2b: Salamence|move: Taunt\n|upkeep\n|inactive|jpolo23 has 90 seconds left.\n|\n|t:|1695188489\n|switch|p1a: Walking Wake|Walking Wake|100\/100\n|-activate|p1a: Walking Wake|ability: Protosynthesis\n|-start|p1a: Walking Wake|protosynthesisspa\n|turn|4\n|inactive|jpolo23 has 90 seconds left.\n|\n|t:|1695188510\n|move|p2b: Salamence|Protect|p2b: Salamence\n|-singleturn|p2b: Salamence|Protect\n|move|p1b: Tornadus|Taunt|p2b: Salamence\n|-activate|p2b: Salamence|move: Protect\n|move|p1a: Walking Wake|Draco Meteor|p2b: Salamence\n|-activate|p2b: Salamence|move: Protect\n|move|p2a: Volcanion|Heat Wave|p1a: Walking Wake|[spread] p1a\n|-miss|p2a: Volcanion|p1b: Tornadus\n|-resisted|p1a: Walking Wake\n|-damage|p1a: Walking Wake|83\/100\n|\n|-weather|SunnyDay|[upkeep]\n|upkeep\n|turn|5\n|inactive|jpolo23 has 90 seconds left.\n|\n|t:|1695188545\n|switch|p2b: Flutter Mane|Flutter Mane|100\/100\n|-activate|p2b: Flutter Mane|ability: Protosynthesis\n|-start|p2b: Flutter Mane|protosynthesisspe\n|move|p1a: Walking Wake|Draco Meteor|p2b: Flutter Mane\n|-immune|p2b: Flutter Mane\n|move|p1b: Tornadus|Air Slash|p2a: Volcanion\n|-damage|p2a: Volcanion|33\/100\n|move|p2a: Volcanion|Heat Wave|p1b: Tornadus|[spread] p1a,p1b\n|-resisted|p1a: Walking Wake\n|-damage|p1a: Walking Wake|65\/100\n|-damage|p1b: Tornadus|40\/100\n|\n|-weather|SunnyDay|[upkeep]\n|upkeep\n|turn|6\n|inactive|user58342485 has 120 seconds left.\n|\n|t:|1695188588\n|move|p1a: Walking Wake|Hydro Steam|p2b: Flutter Mane\n|-damage|p2b: Flutter Mane|17\/100\n|move|p2b: Flutter Mane|Dazzling Gleam|p1a: Walking Wake|[spread] p1a,p1b\n|-supereffective|p1a: Walking Wake\n|-damage|p1a: Walking Wake|0 fnt\n|-damage|p1b: Tornadus|0 fnt\n|faint|p1a: Walking Wake\n|-end|p1a: Walking Wake|Protosynthesis|[silent]\n|faint|p1b: Tornadus\n|move|p2a: Volcanion|Heat Wave|p1: Walking Wake|[notarget]\n|-fail|p2a: Volcanion\n|\n|-weather|SunnyDay|[upkeep]\n|-sideend|p1: jpolo23|move: Tailwind\n|upkeep\n|inactive|jpolo23 has 90 seconds left.\n|\n|t:|1695188600\n|switch|p1a: Tatsugiri|Tatsugiri, F|100\/100\n|switch|p1b: Houndoom|Houndoom, F|100\/100\n|turn|7\n|\n|t:|1695188614\n|-terastallize|p2b: Flutter Mane|Fairy\n|move|p2b: Flutter Mane|Dazzling Gleam|p1a: Tatsugiri|[spread] p1a,p1b\n|-supereffective|p1a: Tatsugiri\n|-damage|p1a: Tatsugiri|0 fnt\n|-damage|p1b: Houndoom|18\/100\n|faint|p1a: Tatsugiri\n|move|p1b: Houndoom|Solar Beam||[still]\n|-prepare|p1b: Houndoom|Solar Beam\n|-anim|p1b: Houndoom|Solar Beam|p2b: Flutter Mane\n|-damage|p2b: Flutter Mane|0 fnt\n|faint|p2b: Flutter Mane\n|-end|p2b: Flutter Mane|Protosynthesis|[silent]\n|move|p2a: Volcanion|Earth Power|p1b: Houndoom\n|-supereffective|p1b: Houndoom\n|-damage|p1b: Houndoom|0 fnt\n|faint|p1b: Houndoom\n|\n|win|user58342485\n|raw|jpolo23's rating: 1208 &rarr; <strong>1201<\/strong><br \/>(-7 for losing)\n|raw|user58342485's rating: 1532 &rarr; <strong>1537<\/strong><br \/>(+5 for winning)\n|l|\u2606jpolo23\n","uploadtime":1695188900,"views":15,"p1id":"jpolo23","p2id":"user58342485","formatid":"gen9nationaldexdoubles","rating":1201,"private":0,"password":""}