{"id":"gen9nationaldexdoubles-1993159139","p1":"Arnaenaed \u223e","p2":"huevo_pipipi","format":"[Gen 9] National Dex Doubles","log":"|j|\u2606Arnaenaed \u223e\n|j|\u2606huevo_pipipi\n|t:|1700271943\n|gametype|doubles\n|player|p1|Arnaenaed \u223e|bruno-gen3|\n|player|p2|huevo_pipipi|akari|\n|teamsize|p1|6\n|teamsize|p2|6\n|gen|9\n|tier|[Gen 9] National Dex Doubles\n|rule|HP Percentage Mod: HP is shown in percentages\n|rule|Endless Battle Clause: Forcing endless battles is banned\n|rule|OHKO Clause: OHKO moves are banned\n|rule|Evasion Moves Clause: Evasion moves are banned\n|rule|Evasion Abilities Clause: Evasion abilities are banned\n|rule|Species Clause: Limit one of each Pok\u00e9mon\n|rule|Gravity Sleep Clause: The combination of sleep-inducing moves with imperfect accuracy and Gravity or Gigantamax Orbeetle are banned\n|clearpoke\n|poke|p1|Marshadow|\n|poke|p1|Iron Valiant|\n|poke|p1|Gallade, M|\n|poke|p1|Medicham, F|\n|poke|p1|Zapdos-Galar|\n|poke|p1|Hawlucha, M|\n|poke|p2|Iron Valiant|\n|poke|p2|Zapdos-Galar|\n|poke|p2|Iron Hands|\n|poke|p2|Great Tusk|\n|poke|p2|Sneasler, M|\n|poke|p2|Zamazenta-*|\n|teampreview\n|\n|t:|1700271981\n|start\n|switch|p1a: Gallade|Gallade, M|100\/100\n|switch|p1b: Marshadow|Marshadow|100\/100\n|switch|p2a: Sneasler|Sneasler, M|100\/100\n|switch|p2b: Zamazenta|Zamazenta|100\/100\n|-ability|p2b: Zamazenta|Dauntless Shield|boost\n|-boost|p2b: Zamazenta|def|1\n|turn|1\n|\n|t:|1700272004\n|detailschange|p1a: Gallade|Gallade-Mega, M\n|-mega|p1a: Gallade|Gallade|Galladite\n|move|p2a: Sneasler|Protect|p2a: Sneasler\n|-singleturn|p2a: Sneasler|Protect\n|move|p2b: Zamazenta|Dazzling Gleam|p1a: Gallade|[spread] p1a,p1b\n|-supereffective|p1a: Gallade\n|-supereffective|p1b: Marshadow\n|-damage|p1a: Gallade|52\/100\n|-damage|p1b: Marshadow|48\/100\n|move|p1b: Marshadow|Spectral Thief||[still]\n|-clearpositiveboost|p2b: Zamazenta|p1b: Marshadow|move: Spectral Thief\n|-boost|p1b: Marshadow|def|1\n|-anim|p1b: Marshadow|Spectral Thief|p2b: Zamazenta\n|-damage|p2b: Zamazenta|61\/100\n|move|p1a: Gallade|Psycho Cut|p2a: Sneasler\n|-activate|p2a: Sneasler|move: Protect\n|\n|upkeep\n|turn|2\n|\n|t:|1700272056\n|switch|p2a: Great Tusk|Great Tusk|100\/100\n|move|p2b: Zamazenta|Dazzling Gleam|p1a: Gallade|[spread] p1a,p1b\n|-supereffective|p1a: Gallade\n|-supereffective|p1b: Marshadow\n|-damage|p1a: Gallade|2\/100\n|-damage|p1b: Marshadow|0 fnt\n|faint|p1b: Marshadow\n|move|p1a: Gallade|Psycho Cut|p2a: Great Tusk\n|-supereffective|p2a: Great Tusk\n|-damage|p2a: Great Tusk|50\/100\n|-enditem|p2a: Great Tusk|Sitrus Berry|[eat]\n|-heal|p2a: Great Tusk|75\/100|[from] item: Sitrus Berry\n|\n|upkeep\n|\n|t:|1700272074\n|switch|p1b: Hawlucha|Hawlucha, M|100\/100\n|turn|3\n|\n|t:|1700272089\n|move|p1a: Gallade|Protect|p1a: Gallade\n|-singleturn|p1a: Gallade|Protect\n|move|p2b: Zamazenta|Dazzling Gleam|p1b: Hawlucha|[spread] p1b\n|-activate|p1a: Gallade|move: Protect\n|-supereffective|p1b: Hawlucha\n|-damage|p1b: Hawlucha|22\/100\n|move|p1b: Hawlucha|Tailwind|p1b: Hawlucha\n|-sidestart|p1: Arnaenaed \u223e|move: Tailwind\n|move|p2a: Great Tusk|Ice Spinner|p1b: Hawlucha\n|-supereffective|p1b: Hawlucha\n|-damage|p1b: Hawlucha|0 fnt\n|faint|p1b: Hawlucha\n|\n|upkeep\n|\n|t:|1700272101\n|switch|p1b: Iron Valiant|Iron Valiant|100\/100\n|-enditem|p1b: Iron Valiant|Booster Energy\n|-activate|p1b: Iron Valiant|ability: Quark Drive|[fromitem]\n|-start|p1b: Iron Valiant|quarkdrivespa\n|turn|4\n|\n|t:|1700272149\n|switch|p2b: Sneasler|Sneasler, M|100\/100\n|move|p2a: Great Tusk|Protect|p2a: Great Tusk\n|-singleturn|p2a: Great Tusk|Protect\n|move|p1a: Gallade|Psycho Cut|p2b: Sneasler\n|-supereffective|p2b: Sneasler\n|-damage|p2b: Sneasler|0 fnt\n|faint|p2b: Sneasler\n|move|p1b: Iron Valiant|Dazzling Gleam|p2a: Great Tusk\n|-activate|p2a: Great Tusk|move: Protect\n|\n|upkeep\n|\n|t:|1700272162\n|switch|p2b: Zapdos|Zapdos-Galar|100\/100\n|turn|5\n|\n|t:|1700272215\n|move|p2b: Zapdos|Protect|p2b: Zapdos\n|-singleturn|p2b: Zapdos|Protect\n|move|p1a: Gallade|Psycho Cut|p2b: Zapdos\n|-activate|p2b: Zapdos|move: Protect\n|move|p1b: Iron Valiant|Dazzling Gleam|p2a: Great Tusk|[spread] p2a\n|-activate|p2b: Zapdos|move: Protect\n|-supereffective|p2a: Great Tusk\n|-damage|p2a: Great Tusk|0 fnt\n|faint|p2a: Great Tusk\n|-end|p2a: Great Tusk|Protosynthesis|[silent]\n|\n|upkeep\n|\n|t:|1700272230\n|switch|p2a: Iron Hands|Iron Hands|100\/100\n|turn|6\n|\n|t:|1700272250\n|move|p1a: Gallade|Protect|p1a: Gallade\n|-singleturn|p1a: Gallade|Protect\n|move|p1b: Iron Valiant|Protect|p1b: Iron Valiant\n|-singleturn|p1b: Iron Valiant|Protect\n|move|p2a: Iron Hands|Fake Out|p1b: Iron Valiant\n|-activate|p1b: Iron Valiant|move: Protect\n|move|p2b: Zapdos|Tailwind|p2b: Zapdos\n|-sidestart|p2: huevo_pipipi|move: Tailwind\n|\n|-sideend|p1: Arnaenaed \u223e|move: Tailwind\n|upkeep\n|turn|7\n|\n|t:|1700272283\n|move|p2b: Zapdos|Brave Bird|p1b: Iron Valiant\n|-supereffective|p1b: Iron Valiant\n|-damage|p1b: Iron Valiant|0 fnt\n|faint|p1b: Iron Valiant\n|-end|p1b: Iron Valiant|Quark Drive|[silent]\n|-damage|p2b: Zapdos|71\/100|[from] Recoil\n|move|p1a: Gallade|Earthquake|p2b: Zapdos|[spread] p2a\n|-immune|p2b: Zapdos\n|-supereffective|p2a: Iron Hands\n|-damage|p2a: Iron Hands|67\/100\n|move|p2a: Iron Hands|Thunder Punch|p1a: Gallade\n|-damage|p1a: Gallade|0 fnt\n|faint|p1a: Gallade\n|\n|upkeep\n|\n|t:|1700272305\n|switch|p1a: Medicham|Medicham, F|100\/100\n|switch|p1b: Zapdos|Zapdos-Galar|100\/100\n|turn|8\n|\n|t:|1700272345\n|move|p1a: Medicham|Fake Out|p2b: Zapdos\n|-damage|p2b: Zapdos|48\/100\n|cant|p2b: Zapdos|flinch\n|move|p1b: Zapdos|Brave Bird|p2a: Iron Hands\n|-damage|p2a: Iron Hands|33\/100\n|-damage|p1b: Zapdos|85\/100|[from] Recoil\n|move|p2a: Iron Hands|Thunder Punch|p1b: Zapdos\n|-supereffective|p1b: Zapdos\n|-damage|p1b: Zapdos|10\/100\n|\n|upkeep\n|turn|9\n|\n|t:|1700272389\n|move|p2b: Zapdos|Brave Bird|p1a: Medicham\n|-supereffective|p1a: Medicham\n|-enditem|p1a: Medicham|Focus Sash\n|-damage|p1a: Medicham|1\/100\n|-damage|p2b: Zapdos|21\/100|[from] Recoil\n|move|p1b: Zapdos|Brave Bird|p2b: Zapdos\n|-supereffective|p2b: Zapdos\n|-damage|p2b: Zapdos|0 fnt\n|faint|p2b: Zapdos\n|-damage|p1b: Zapdos|3\/100|[from] Recoil\n|move|p2a: Iron Hands|Thunder Punch|p1b: Zapdos\n|-supereffective|p1b: Zapdos\n|-damage|p1b: Zapdos|0 fnt\n|faint|p1b: Zapdos\n|move|p1a: Medicham|Psycho Cut|p2a: Iron Hands\n|-supereffective|p2a: Iron Hands\n|-damage|p2a: Iron Hands|0 fnt\n|faint|p2a: Iron Hands\n|-end|p2a: Iron Hands|Quark Drive|[silent]\n|\n|-sideend|p2: huevo_pipipi|move: Tailwind\n|upkeep\n|\n|t:|1700272411\n|switch|p2b: Zamazenta|Zamazenta|61\/100\n|switch|p2a: Iron Valiant|Iron Valiant|100\/100\n|-enditem|p2a: Iron Valiant|Booster Energy\n|-activate|p2a: Iron Valiant|ability: Quark Drive|[fromitem]\n|-start|p2a: Iron Valiant|quarkdrivespe\n|turn|10\n|c|\u2606Arnaenaed \u223e|gg\n|\n|t:|1700272431\n|move|p1a: Medicham|Bullet Punch|p2a: Iron Valiant\n|-supereffective|p2a: Iron Valiant\n|-damage|p2a: Iron Valiant|48\/100\n|move|p2a: Iron Valiant|Dazzling Gleam|p1a: Medicham\n|-supereffective|p1a: Medicham\n|-damage|p1a: Medicham|0 fnt\n|faint|p1a: Medicham\n|\n|win|huevo_pipipi\n|j| s.daninja\n|c| s.daninja|Woppph\n|j| jimmypurple3000\n|l| jimmypurple3000\n|l|\u2606Arnaenaed \u223e\n|j|\u2606Arnaenaed \u223e\n|player|p1|Arnaenaed \u223e|bruno-gen3\n|l|\u2606Arnaenaed \u223e\n|player|p1|\n|l| s.daninja\n|j| s.daninja\n","uploadtime":1700272454,"views":9,"p1id":"arnaenaed","p2id":"huevopipipi","formatid":"gen9nationaldexdoubles","rating":0,"private":0,"password":""}