{"id":"gen9nationaldexdoubles-1952884145","p1":"pantostadooficial","p2":"Wicklette","format":"[Gen 9] National Dex Doubles","log":"|j|\u2606pantostadooficial\n|j|\u2606Wicklette\n|t:|1695737747\n|gametype|doubles\n|player|p1|pantostadooficial|benga|1000\n|player|p2|Wicklette|aromalady|1028\n|teamsize|p1|6\n|teamsize|p2|6\n|gen|9\n|tier|[Gen 9] National Dex Doubles\n|rated|\n|rule|HP Percentage Mod: HP is shown in percentages\n|rule|Endless Battle Clause: Forcing endless battles is banned\n|rule|OHKO Clause: OHKO moves are banned\n|rule|Evasion Moves Clause: Evasion moves are banned\n|rule|Evasion Abilities Clause: Evasion abilities are banned\n|rule|Species Clause: Limit one of each Pok\u00e9mon\n|rule|Gravity Sleep Clause: The combination of sleep-inducing moves with imperfect accuracy and Gravity or Gigantamax Orbeetle are banned\n|clearpoke\n|poke|p1|Landorus-Therian, M|\n|poke|p1|Incineroar, F|\n|poke|p1|Hitmontop, M|\n|poke|p1|Tauros, M|\n|poke|p1|Manectric, F|\n|poke|p1|Salamence, M|\n|poke|p2|Shuckle, M|\n|poke|p2|Snorlax, M|\n|poke|p2|Florges, F|\n|poke|p2|Meowscarada, F|\n|poke|p2|Hatterene, F|\n|poke|p2|Clefairy, M|\n|teampreview\n|\n|t:|1695737753\n|start\n|switch|p1a: Manectric|Manectric, F, shiny|100\/100\n|switch|p1b: Incineroar|Incineroar, F|100\/100\n|switch|p2a: The Fairy|Clefairy, M|100\/100\n|switch|p2b: The Witch|Hatterene, F|100\/100\n|-ability|p1b: Incineroar|Intimidate|boost\n|-unboost|p2a: The Fairy|atk|1\n|-unboost|p2b: The Witch|atk|1\n|turn|1\n|\n|t:|1695737767\n|detailschange|p1a: Manectric|Manectric-Mega, F, shiny\n|-mega|p1a: Manectric|Manectric|Manectite\n|-ability|p1a: Manectric|Intimidate|boost\n|-unboost|p2a: The Fairy|atk|1\n|-unboost|p2b: The Witch|atk|1\n|move|p2a: The Fairy|Protect|p2a: The Fairy\n|-singleturn|p2a: The Fairy|Protect\n|move|p1b: Incineroar|Fake Out|p2b: The Witch\n|-damage|p2b: The Witch|93\/100\n|move|p1a: Manectric|Snarl|p2a: The Fairy|[spread] \n|-activate|p2a: The Fairy|move: Protect\n|-miss|p1a: Manectric|p2b: The Witch\n|move|p2b: The Witch|Trick Room|p2b: The Witch\n|-fieldstart|move: Trick Room|[of] p2b: The Witch\n|\n|upkeep\n|turn|2\n|\n|t:|1695737796\n|move|p2b: The Witch|Misty Terrain|p2b: The Witch\n|-fieldstart|move: Misty Terrain\n|move|p2a: The Fairy|Draining Kiss|p1b: Incineroar\n|-damage|p1b: Incineroar|93\/100\n|move|p1b: Incineroar|Parting Shot|p2b: The Witch\n|move|p2b: The Witch|Parting Shot|p1b: Incineroar|[from]ability: Magic Bounce\n|-unboost|p1b: Incineroar|atk|1\n|-unboost|p1b: Incineroar|spa|1\n|\n|t:|1695737809\n|switch|p2b: The Shuckster|Shuckle, M|100\/100|[from] Parting Shot\n|move|p1a: Manectric|Snarl|p2a: The Fairy|[spread] p2a,p2b\n|-resisted|p2a: The Fairy\n|-damage|p2a: The Fairy|93\/100\n|-damage|p2b: The Shuckster|91\/100\n|-unboost|p2a: The Fairy|spa|1\n|-unboost|p2b: The Shuckster|spa|1\n|\n|-heal|p1b: Incineroar|99\/100|[from] item: Leftovers\n|upkeep\n|turn|3\n|\n|t:|1695737835\n|switch|p2a: The Punching Bag|Snorlax, M|100\/100\n|switch|p1a: Tauros|Tauros, M|100\/100\n|-ability|p1a: Tauros|Intimidate|boost\n|-unboost|p2a: The Punching Bag|atk|1\n|-unboost|p2b: The Shuckster|atk|1\n|move|p2b: The Shuckster|Guard Split|p2a: The Punching Bag\n|-activate|p2b: The Shuckster|move: Guard Split|[of] p2a: The Punching Bag\n|move|p1b: Incineroar|Parting Shot|p2a: The Punching Bag\n|-unboost|p2a: The Punching Bag|atk|1\n|-unboost|p2a: The Punching Bag|spa|1\n|\n|t:|1695737849\n|switch|p1b: Salamence|Salamence, M|100\/100|[from] Parting Shot\n|-ability|p1b: Salamence|Intimidate|boost\n|-unboost|p2a: The Punching Bag|atk|1\n|-unboost|p2b: The Shuckster|atk|1\n|\n|upkeep\n|turn|4\n|\n|t:|1695737859\n|switch|p2b: The Fairy|Clefairy, M|93\/100\n|move|p2a: The Punching Bag|Curse|p2a: The Punching Bag\n|-unboost|p2a: The Punching Bag|spe|1\n|-boost|p2a: The Punching Bag|atk|1\n|-boost|p2a: The Punching Bag|def|1\n|move|p1b: Salamence|Dragon Dance|p1b: Salamence\n|-boost|p1b: Salamence|atk|1\n|-boost|p1b: Salamence|spe|1\n|move|p1a: Tauros|Iron Head|p2b: The Fairy\n|-supereffective|p2b: The Fairy\n|-damage|p2b: The Fairy|56\/100\n|\n|upkeep\n|turn|5\n|\n|t:|1695737880\n|move|p2a: The Punching Bag|Curse|p2a: The Punching Bag\n|-unboost|p2a: The Punching Bag|spe|1\n|-boost|p2a: The Punching Bag|atk|1\n|-boost|p2a: The Punching Bag|def|1\n|move|p2b: The Fairy|Draining Kiss|p1b: Salamence\n|-supereffective|p1b: Salamence\n|-crit|p1b: Salamence\n|-damage|p1b: Salamence|64\/100\n|-heal|p2b: The Fairy|94\/100|[from] drain|[of] p1b: Salamence\n|move|p1a: Tauros|Iron Head|p2b: The Fairy\n|-supereffective|p2b: The Fairy\n|-damage|p2b: The Fairy|59\/100\n|move|p1b: Salamence|Dragon Dance|p1b: Salamence\n|-boost|p1b: Salamence|atk|1\n|-boost|p1b: Salamence|spe|1\n|\n|-fieldend|move: Trick Room\n|upkeep\n|turn|6\n|\n|t:|1695737900\n|move|p1b: Salamence|Rock Slide|p2a: The Punching Bag|[spread] p2a,p2b\n|-damage|p2a: The Punching Bag|94\/100\n|-damage|p2b: The Fairy|18\/100\n|move|p1a: Tauros|Iron Head|p2b: The Fairy\n|-supereffective|p2b: The Fairy\n|-damage|p2b: The Fairy|0 fnt\n|faint|p2b: The Fairy\n|cant|p2a: The Punching Bag|flinch\n|\n|-fieldend|Misty Terrain\n|upkeep\n|\n|t:|1695737911\n|switch|p2b: The Witch|Hatterene, F|93\/100\n|turn|7\n|\n|t:|1695737946\n|-terastallize|p2b: The Witch|Psychic\n|move|p1b: Salamence|Iron Head|p2b: The Witch\n|-damage|p2b: The Witch|30\/100\n|move|p1a: Tauros|Iron Head|p2b: The Witch\n|-damage|p2b: The Witch|8\/100\n|move|p2a: The Punching Bag|Curse|p2a: The Punching Bag\n|-unboost|p2a: The Punching Bag|spe|1\n|-boost|p2a: The Punching Bag|atk|1\n|-boost|p2a: The Punching Bag|def|1\n|move|p2b: The Witch|Trick Room|p2b: The Witch\n|-fieldstart|move: Trick Room|[of] p2b: The Witch\n|\n|upkeep\n|turn|8\n|\n|t:|1695737984\n|switch|p1a: Hitmontop|Hitmontop, M|100\/100\n|-ability|p1a: Hitmontop|Intimidate|boost\n|-unboost|p2a: The Punching Bag|atk|1\n|-unboost|p2b: The Witch|atk|1\n|switch|p1b: Incineroar|Incineroar, F|99\/100\n|-ability|p1b: Incineroar|Intimidate|boost\n|-unboost|p2a: The Punching Bag|atk|1\n|-unboost|p2b: The Witch|atk|1\n|move|p2a: The Punching Bag|Amnesia|p2a: The Punching Bag\n|-boost|p2a: The Punching Bag|spd|2\n|move|p2b: The Witch|Misty Explosion|p1a: Hitmontop|[spread] p2a,p1a,p1b\n|-supereffective|p1a: Hitmontop\n|-crit|p1b: Incineroar\n|-damage|p2a: The Punching Bag|86\/100\n|-damage|p1a: Hitmontop|54\/100\n|-damage|p1b: Incineroar|65\/100\n|faint|p2b: The Witch\n|\n|-heal|p1b: Incineroar|71\/100|[from] item: Leftovers\n|upkeep\n|\n|t:|1695738005\n|switch|p2b: The Shuckster|Shuckle, M|91\/100\n|turn|9\n|\n|t:|1695738016\n|move|p1b: Incineroar|Fake Out|p2b: The Shuckster\n|-resisted|p2b: The Shuckster\n|-damage|p2b: The Shuckster|87\/100\n|move|p1a: Hitmontop|Fake Out|p2a: The Punching Bag\n|-damage|p2a: The Punching Bag|84\/100\n|cant|p2a: The Punching Bag|flinch\n|cant|p2b: The Shuckster|flinch\n|\n|-heal|p1b: Incineroar|77\/100|[from] item: Leftovers\n|upkeep\n|turn|10\n|\n|t:|1695738036\n|move|p1a: Hitmontop|Bullet Punch|p2b: The Shuckster\n|-supereffective|p2b: The Shuckster\n|-damage|p2b: The Shuckster|70\/100\n|move|p2a: The Punching Bag|Curse|p2a: The Punching Bag\n|-unboost|p2a: The Punching Bag|spe|1\n|-boost|p2a: The Punching Bag|atk|1\n|-boost|p2a: The Punching Bag|def|1\n|move|p2b: The Shuckster|Infestation|p1b: Incineroar\n|-damage|p1b: Incineroar|75\/100\n|-activate|p1b: Incineroar|move: Infestation|[of] p2b: The Shuckster\n|move|p1b: Incineroar|Darkest Lariat|p2a: The Punching Bag\n|-damage|p2a: The Punching Bag|71\/100\n|\n|-heal|p1b: Incineroar|81\/100|[from] item: Leftovers\n|-damage|p1b: Incineroar|69\/100|[from] move: Infestation|[partiallytrapped]\n|upkeep\n|turn|11\n|\n|t:|1695738058\n|move|p2a: The Punching Bag|Curse|p2a: The Punching Bag\n|-unboost|p2a: The Punching Bag|spe|1\n|-boost|p2a: The Punching Bag|atk|1\n|-boost|p2a: The Punching Bag|def|1\n|move|p2b: The Shuckster|Infestation|p1a: Hitmontop\n|-resisted|p1a: Hitmontop\n|-damage|p1a: Hitmontop|54\/100\n|-activate|p1a: Hitmontop|move: Infestation|[of] p2b: The Shuckster\n|move|p1b: Incineroar|Parting Shot|p2a: The Punching Bag\n|-unboost|p2a: The Punching Bag|atk|1\n|-unboost|p2a: The Punching Bag|spa|1\n|\n|t:|1695738084\n|switch|p1b: Landorus|Landorus-Therian, M|100\/100|[from] Parting Shot\n|-ability|p1b: Landorus|Intimidate|boost\n|-unboost|p2a: The Punching Bag|atk|1\n|-unboost|p2b: The Shuckster|atk|1\n|move|p1a: Hitmontop|Close Combat|p2a: The Punching Bag\n|-supereffective|p2a: The Punching Bag\n|-damage|p2a: The Punching Bag|59\/100\n|-unboost|p1a: Hitmontop|def|1\n|-unboost|p1a: Hitmontop|spd|1\n|\n|-damage|p1a: Hitmontop|41\/100|[from] move: Infestation|[partiallytrapped]\n|-fieldend|move: Trick Room\n|upkeep\n|turn|12\n|\n|t:|1695738111\n|switch|p2b: The Bouquet|Florges, F|100\/100\n|move|p1a: Hitmontop|Bullet Punch|p2b: The Bouquet\n|-supereffective|p2b: The Bouquet\n|-damage|p2b: The Bouquet|76\/100\n|-damage|p1a: Hitmontop|25\/100|[from] item: Rocky Helmet|[of] p2b: The Bouquet\n|move|p1b: Landorus|Knock Off|p2a: The Punching Bag\n|-damage|p2a: The Punching Bag|55\/100\n|-enditem|p2a: The Punching Bag|Chesto Berry|[from] move: Knock Off|[of] p1b: Landorus\n|move|p2a: The Punching Bag|Rest|p2a: The Punching Bag\n|-status|p2a: The Punching Bag|slp|[from] move: Rest\n|-heal|p2a: The Punching Bag|100\/100 slp|[silent]\n|\n|-end|p1a: Hitmontop|Infestation|[partiallytrapped]|[silent]\n|upkeep\n|turn|13\n|c|\u2606Wicklette|sus\n|\n|t:|1695738164\n|switch|p2b: The Shuckster|Shuckle, M|70\/100\n|switch|p1a: Tauros|Tauros, M|100\/100\n|-ability|p1a: Tauros|Intimidate|boost\n|-unboost|p2a: The Punching Bag|atk|1\n|-unboost|p2b: The Shuckster|atk|1\n|move|p1b: Landorus|Knock Off|p2b: The Shuckster\n|-damage|p2b: The Shuckster|47\/100\n|-enditem|p2b: The Shuckster|Mental Herb|[from] move: Knock Off|[of] p1b: Landorus\n|cant|p2a: The Punching Bag|slp\n|\n|upkeep\n|turn|14\n|\n|t:|1695738182\n|move|p1a: Tauros|Iron Head|p2b: The Shuckster\n|-supereffective|p2b: The Shuckster\n|-damage|p2b: The Shuckster|16\/100\n|move|p1b: Landorus|Knock Off|p2b: The Shuckster\n|-damage|p2b: The Shuckster|0 fnt\n|faint|p2b: The Shuckster\n|cant|p2a: The Punching Bag|slp\n|\n|upkeep\n|\n|t:|1695738188\n|switch|p2b: The Trickster|Meowscarada, F|100\/100\n|turn|15\n|\n|t:|1695738207\n|switch|p1a: Hitmontop|Hitmontop, M|25\/100\n|-ability|p1a: Hitmontop|Intimidate|boost\n|-unboost|p2a: The Punching Bag|atk|1\n|-unboost|p2b: The Trickster|atk|1\n|move|p1b: Landorus|Protect|p1b: Landorus\n|-singleturn|p1b: Landorus|Protect\n|move|p2b: The Trickster|Leech Seed|p1b: Landorus\n|-activate|p1b: Landorus|move: Protect\n|-curestatus|p2a: The Punching Bag|slp|[msg]\n|move|p2a: The Punching Bag|Curse|p2a: The Punching Bag\n|-unboost|p2a: The Punching Bag|spe|1\n|-boost|p2a: The Punching Bag|atk|1\n|-boost|p2a: The Punching Bag|def|1\n|\n|upkeep\n|turn|16\n|\n|t:|1695738228\n|switch|p2b: The Bouquet|Florges, F|76\/100\n|move|p1a: Hitmontop|Fake Out|p2b: The Bouquet\n|-damage|p2b: The Bouquet|63\/100\n|-damage|p1a: Hitmontop|8\/100|[from] item: Rocky Helmet|[of] p2b: The Bouquet\n|move|p1b: Landorus|Toxic|p2a: The Punching Bag\n|-status|p2a: The Punching Bag|tox\n|move|p2a: The Punching Bag|Rollout|p1b: Landorus\n|-crit|p1b: Landorus\n|-damage|p1b: Landorus|89\/100\n|\n|-heal|p1b: Landorus|95\/100|[from] item: Leftovers\n|-damage|p2a: The Punching Bag|94\/100 tox|[from] psn\n|upkeep\n|turn|17\n|\n|t:|1695738253\n|move|p1a: Hitmontop|Bullet Punch|p2b: The Bouquet\n|-supereffective|p2b: The Bouquet\n|-damage|p2b: The Bouquet|38\/100\n|-damage|p1a: Hitmontop|0 fnt|[from] item: Rocky Helmet|[of] p2b: The Bouquet\n|faint|p1a: Hitmontop\n|move|p1b: Landorus|Knock Off|p2b: The Bouquet\n|-resisted|p2b: The Bouquet\n|-crit|p2b: The Bouquet\n|-damage|p2b: The Bouquet|12\/100\n|-damage|p1b: Landorus|78\/100|[from] item: Rocky Helmet|[of] p2b: The Bouquet\n|-enditem|p2b: The Bouquet|Rocky Helmet|[from] move: Knock Off|[of] p1b: Landorus\n|move|p2b: The Bouquet|Aromatherapy|p2b: The Bouquet\n|-activate|p2b: The Bouquet|move: Aromatherapy\n|-curestatus|p2a: The Punching Bag|tox|[msg]\n|move|p2a: The Punching Bag|Rollout|p1b: Landorus|[from]lockedmove\n|-damage|p1b: Landorus|73\/100\n|\n|-heal|p1b: Landorus|79\/100|[from] item: Leftovers\n|upkeep\n|\n|t:|1695738271\n|switch|p1a: Manectric|Manectric-Mega, F, shiny|100\/100\n|-ability|p1a: Manectric|Intimidate|boost\n|-unboost|p2a: The Punching Bag|atk|1\n|-unboost|p2b: The Bouquet|atk|1\n|turn|18\n|\n|t:|1695738288\n|move|p1a: Manectric|Discharge|p2a: The Punching Bag|[spread] p2a,p2b\n|-immune|p1b: Landorus\n|-damage|p2a: The Punching Bag|88\/100\n|-damage|p2b: The Bouquet|0 fnt\n|-status|p2a: The Punching Bag|par\n|faint|p2b: The Bouquet\n|move|p1b: Landorus|Knock Off|p2a: The Punching Bag\n|-damage|p2a: The Punching Bag|86\/100 par\n|move|p2a: The Punching Bag|Rollout|p1b: Landorus|[from]lockedmove\n|-damage|p1b: Landorus|69\/100\n|\n|-heal|p1b: Landorus|75\/100|[from] item: Leftovers\n|upkeep\n|\n|t:|1695738296\n|switch|p2b: The Trickster|Meowscarada, F|100\/100\n|turn|19\n|\n|t:|1695738317\n|switch|p1a: Tauros|Tauros, M|100\/100\n|-ability|p1a: Tauros|Intimidate|boost\n|-unboost|p2a: The Punching Bag|atk|1\n|-unboost|p2b: The Trickster|atk|1\n|switch|p1b: Incineroar|Incineroar, F|69\/100\n|-ability|p1b: Incineroar|Intimidate|boost\n|-unboost|p2a: The Punching Bag|atk|1\n|-unboost|p2b: The Trickster|atk|1\n|move|p2b: The Trickster|Leech Seed|p1a: Tauros|[miss]\n|-miss|p2b: The Trickster|p1a: Tauros\n|move|p2a: The Punching Bag|Rollout|p1b: Incineroar|[from]lockedmove\n|-supereffective|p1b: Incineroar\n|-damage|p1b: Incineroar|39\/100\n|\n|-heal|p1b: Incineroar|45\/100|[from] item: Leftovers\n|upkeep\n|turn|20\n|\n|t:|1695738359\n|-terastallize|p1a: Tauros|Normal\n|move|p1b: Incineroar|Fake Out|p2b: The Trickster\n|-damage|p2b: The Trickster|85\/100\n|move|p1a: Tauros|Double-Edge|p2b: The Trickster\n|-damage|p2b: The Trickster|0 fnt\n|faint|p2b: The Trickster\n|-damage|p1a: Tauros|72\/100|[from] Recoil\n|move|p2a: The Punching Bag|Rollout|p1b: Incineroar|[from]lockedmove\n|-supereffective|p1b: Incineroar\n|-damage|p1b: Incineroar|0 fnt\n|faint|p1b: Incineroar\n|\n|upkeep\n|\n|t:|1695738371\n|switch|p1b: Landorus|Landorus-Therian, M|75\/100\n|-ability|p1b: Landorus|Intimidate|boost\n|-unboost|p2a: The Punching Bag|atk|0\n|turn|21\n|\n|t:|1695738376\n|move|p1b: Landorus|Protect|p1b: Landorus\n|-singleturn|p1b: Landorus|Protect\n|move|p1a: Tauros|Double-Edge|p2a: The Punching Bag\n|-damage|p2a: The Punching Bag|79\/100 par\n|-damage|p1a: Tauros|69\/100|[from] Recoil\n|move|p2a: The Punching Bag|Amnesia|p2a: The Punching Bag\n|-boost|p2a: The Punching Bag|spd|2\n|\n|-heal|p1b: Landorus|81\/100|[from] item: Leftovers\n|upkeep\n|turn|22\n|\n|t:|1695738398\n|switch|p1b: Salamence|Salamence, M|64\/100\n|-ability|p1b: Salamence|Intimidate|boost\n|-unboost|p2a: The Punching Bag|atk|0\n|move|p1a: Tauros|Zen Headbutt|p2a: The Punching Bag\n|-damage|p2a: The Punching Bag|77\/100 par\n|cant|p2a: The Punching Bag|par\n|\n|upkeep\n|turn|23\n|\n|t:|1695738417\n|move|p1a: Tauros|Iron Head|p2a: The Punching Bag\n|-damage|p2a: The Punching Bag|75\/100 par\n|move|p1b: Salamence|Dragon Dance|p1b: Salamence\n|-boost|p1b: Salamence|atk|1\n|-boost|p1b: Salamence|spe|1\n|move|p2a: The Punching Bag|Rollout|p1b: Salamence\n|-supereffective|p1b: Salamence\n|-damage|p1b: Salamence|59\/100\n|\n|upkeep\n|turn|24\n|\n|t:|1695738427\n|move|p1b: Salamence|Dragon Dance|p1b: Salamence\n|-boost|p1b: Salamence|atk|1\n|-boost|p1b: Salamence|spe|1\n|move|p1a: Tauros|Iron Head|p2a: The Punching Bag\n|-damage|p2a: The Punching Bag|73\/100 par\n|move|p2a: The Punching Bag|Rollout|p1b: Salamence|[from]lockedmove|[miss]\n|-miss|p2a: The Punching Bag|p1b: Salamence\n|\n|upkeep\n|turn|25\n|\n|t:|1695738438\n|move|p1b: Salamence|Dragon Dance|p1b: Salamence\n|-boost|p1b: Salamence|atk|1\n|-boost|p1b: Salamence|spe|1\n|move|p1a: Tauros|Iron Head|p2a: The Punching Bag\n|-damage|p2a: The Punching Bag|70\/100 par\n|move|p2a: The Punching Bag|Amnesia|p2a: The Punching Bag\n|-boost|p2a: The Punching Bag|spd|2\n|\n|upkeep\n|turn|26\n|\n|t:|1695738448\n|move|p1b: Salamence|Dragon Dance|p1b: Salamence\n|-boost|p1b: Salamence|atk|1\n|-boost|p1b: Salamence|spe|1\n|move|p1a: Tauros|Iron Head|p2a: The Punching Bag\n|-damage|p2a: The Punching Bag|68\/100 par\n|cant|p2a: The Punching Bag|par\n|\n|upkeep\n|turn|27\n|\n|t:|1695738459\n|move|p1b: Salamence|Dragon Dance|p1b: Salamence\n|-boost|p1b: Salamence|atk|1\n|-boost|p1b: Salamence|spe|1\n|move|p1a: Tauros|Iron Head|p2a: The Punching Bag\n|-damage|p2a: The Punching Bag|65\/100 par\n|move|p2a: The Punching Bag|Curse|p2a: The Punching Bag\n|-boost|p2a: The Punching Bag|atk|1\n|\n|upkeep\n|turn|28\n|\n|t:|1695738471\n|move|p1b: Salamence|Dragon Dance|p1b: Salamence\n|-boost|p1b: Salamence|atk|1\n|-boost|p1b: Salamence|spe|1\n|move|p1a: Tauros|Iron Head|p2a: The Punching Bag\n|-damage|p2a: The Punching Bag|63\/100 par\n|cant|p2a: The Punching Bag|flinch\n|\n|upkeep\n|turn|29\n|inactive|Battle timer is ON: inactive players will automatically lose when time's up. (requested by Wicklette)\n|\n|t:|1695738494\n|move|p1b: Salamence|Iron Head|p2a: The Punching Bag\n|-damage|p2a: The Punching Bag|51\/100 par\n|move|p1a: Tauros|Iron Head|p2a: The Punching Bag\n|-damage|p2a: The Punching Bag|49\/100 par\n|cant|p2a: The Punching Bag|par\n|\n|upkeep\n|turn|30\n|c|\u2606Wicklette|damn this team is boring\n|inactive|pantostadooficial has 120 seconds left.\n|\n|t:|1695738544\n|move|p1b: Salamence|Iron Head|p2a: The Punching Bag\n|-damage|p2a: The Punching Bag|35\/100 par\n|move|p1a: Tauros|Iron Head|p2a: The Punching Bag\n|-damage|p2a: The Punching Bag|33\/100 par\n|cant|p2a: The Punching Bag|flinch\n|\n|upkeep\n|turn|31\n|inactive|pantostadooficial has 120 seconds left.\n|\n|t:|1695738554\n|move|p1b: Salamence|Iron Head|p2a: The Punching Bag\n|-damage|p2a: The Punching Bag|21\/100 par\n|move|p1a: Tauros|Iron Head|p2a: The Punching Bag\n|-damage|p2a: The Punching Bag|18\/100 par\n|move|p2a: The Punching Bag|Rest|p2a: The Punching Bag\n|-status|p2a: The Punching Bag|slp|[from] move: Rest\n|-heal|p2a: The Punching Bag|100\/100 slp|[silent]\n|\n|upkeep\n|turn|32\n|\n|t:|1695738574\n|switch|p1a: Manectric|Manectric-Mega, F, shiny|100\/100\n|-ability|p1a: Manectric|Intimidate|boost\n|-unboost|p2a: The Punching Bag|atk|1\n|move|p1b: Salamence|Breaking Swipe|p2a: The Punching Bag\n|-damage|p2a: The Punching Bag|86\/100 slp\n|cant|p2a: The Punching Bag|slp\n|\n|upkeep\n|turn|33\n|\n|t:|1695738596\n|move|p1b: Salamence|Breaking Swipe|p2a: The Punching Bag\n|-damage|p2a: The Punching Bag|73\/100 slp\n|move|p1a: Manectric|Snarl|p2a: The Punching Bag\n|-damage|p2a: The Punching Bag|71\/100 slp\n|-unboost|p2a: The Punching Bag|spa|1\n|cant|p2a: The Punching Bag|slp\n|\n|upkeep\n|turn|34\n|\n|t:|1695738613\n|move|p1b: Salamence|Iron Head|p2a: The Punching Bag\n|-damage|p2a: The Punching Bag|60\/100 slp\n|move|p1a: Manectric|Hidden Power|p2a: The Punching Bag\n|-damage|p2a: The Punching Bag|58\/100 slp\n|-curestatus|p2a: The Punching Bag|slp|[msg]\n|move|p2a: The Punching Bag|Curse|p2a: The Punching Bag\n|-boost|p2a: The Punching Bag|atk|1\n|\n|upkeep\n|turn|35\n|\n|t:|1695738628\n|move|p1b: Salamence|Iron Head|p2a: The Punching Bag\n|-damage|p2a: The Punching Bag|47\/100\n|move|p1a: Manectric|Volt Switch|p2a: The Punching Bag\n|-damage|p2a: The Punching Bag|42\/100\n|\n|t:|1695738638\n|switch|p1a: Landorus|Landorus-Therian, M|81\/100|[from] Volt Switch\n|-ability|p1a: Landorus|Intimidate|boost\n|-unboost|p2a: The Punching Bag|atk|1\n|move|p2a: The Punching Bag|Curse|p2a: The Punching Bag\n|-boost|p2a: The Punching Bag|atk|1\n|\n|-heal|p1a: Landorus|87\/100|[from] item: Leftovers\n|upkeep\n|turn|36\n|\n|t:|1695738650\n|move|p1b: Salamence|Iron Head|p2a: The Punching Bag\n|-damage|p2a: The Punching Bag|30\/100\n|move|p1a: Landorus|Earthquake|p2a: The Punching Bag|[spread] p2a\n|-immune|p1b: Salamence\n|-damage|p2a: The Punching Bag|27\/100\n|move|p2a: The Punching Bag|Rest|p2a: The Punching Bag\n|-status|p2a: The Punching Bag|slp|[from] move: Rest\n|-heal|p2a: The Punching Bag|100\/100 slp|[silent]\n|\n|-heal|p1a: Landorus|93\/100|[from] item: Leftovers\n|upkeep\n|turn|37\n|\n|t:|1695738668\n|switch|p1a: Tauros|Tauros, M, tera:Normal|69\/100\n|-ability|p1a: Tauros|Intimidate|boost\n|-unboost|p2a: The Punching Bag|atk|1\n|move|p1b: Salamence|Iron Head|p2a: The Punching Bag\n|-damage|p2a: The Punching Bag|89\/100 slp\n|cant|p2a: The Punching Bag|slp\n|\n|upkeep\n|turn|38\n|\n|t:|1695738682\n|move|p1b: Salamence|Iron Head|p2a: The Punching Bag\n|-damage|p2a: The Punching Bag|77\/100 slp\n|move|p1a: Tauros|Iron Head|p2a: The Punching Bag\n|-damage|p2a: The Punching Bag|74\/100 slp\n|cant|p2a: The Punching Bag|slp\n|\n|upkeep\n|turn|39\n|\n|t:|1695738692\n|move|p1b: Salamence|Iron Head|p2a: The Punching Bag\n|-damage|p2a: The Punching Bag|63\/100 slp\n|move|p1a: Tauros|Iron Head|p2a: The Punching Bag\n|-damage|p2a: The Punching Bag|60\/100 slp\n|-curestatus|p2a: The Punching Bag|slp|[msg]\n|move|p2a: The Punching Bag|Rollout|p1b: Salamence\n|-supereffective|p1b: Salamence\n|-damage|p1b: Salamence|55\/100\n|\n|upkeep\n|turn|40\n|\n|t:|1695738705\n|move|p1b: Salamence|Iron Head|p2a: The Punching Bag\n|-damage|p2a: The Punching Bag|49\/100\n|move|p1a: Tauros|Iron Head|p2a: The Punching Bag\n|-damage|p2a: The Punching Bag|46\/100\n|cant|p2a: The Punching Bag|flinch\n|\n|upkeep\n|turn|41\n|\n|t:|1695738714\n|move|p1b: Salamence|Iron Head|p2a: The Punching Bag\n|-damage|p2a: The Punching Bag|34\/100\n|move|p1a: Tauros|Iron Head|p2a: The Punching Bag\n|-damage|p2a: The Punching Bag|32\/100\n|move|p2a: The Punching Bag|Curse|p2a: The Punching Bag\n|-boost|p2a: The Punching Bag|atk|1\n|\n|upkeep\n|turn|42\n|\n|t:|1695738723\n|move|p1b: Salamence|Iron Head|p2a: The Punching Bag\n|-damage|p2a: The Punching Bag|20\/100\n|move|p1a: Tauros|Iron Head|p2a: The Punching Bag\n|-crit|p2a: The Punching Bag\n|-damage|p2a: The Punching Bag|7\/100\n|move|p2a: The Punching Bag|Rest|p2a: The Punching Bag\n|-status|p2a: The Punching Bag|slp|[from] move: Rest\n|-heal|p2a: The Punching Bag|100\/100 slp|[silent]\n|\n|upkeep\n|turn|43\n|\n|t:|1695738739\n|switch|p1b: Manectric|Manectric-Mega, F, shiny|100\/100\n|-ability|p1b: Manectric|Intimidate|boost\n|-unboost|p2a: The Punching Bag|atk|1\n|switch|p1a: Landorus|Landorus-Therian, M|93\/100\n|-ability|p1a: Landorus|Intimidate|boost\n|-unboost|p2a: The Punching Bag|atk|0\n|cant|p2a: The Punching Bag|slp\n|\n|-heal|p1a: Landorus|99\/100|[from] item: Leftovers\n|upkeep\n|turn|44\n|\n|t:|1695738743\n|switch|p1b: Salamence|Salamence, M|55\/100\n|-ability|p1b: Salamence|Intimidate|boost\n|-unboost|p2a: The Punching Bag|atk|0\n|switch|p1a: Tauros|Tauros, M, tera:Normal|69\/100\n|-ability|p1a: Tauros|Intimidate|boost\n|-unboost|p2a: The Punching Bag|atk|0\n|cant|p2a: The Punching Bag|slp\n|\n|upkeep\n|turn|45\n|\n|t:|1695738758\n|switch|p1b: Landorus|Landorus-Therian, M|99\/100\n|-ability|p1b: Landorus|Intimidate|boost\n|-unboost|p2a: The Punching Bag|atk|0\n|move|p1a: Tauros|Double-Edge|p2a: The Punching Bag\n|-damage|p2a: The Punching Bag|94\/100 slp\n|-damage|p1a: Tauros|65\/100|[from] Recoil\n|-curestatus|p2a: The Punching Bag|slp|[msg]\n|move|p2a: The Punching Bag|Rollout|p1b: Landorus|[miss]\n|-miss|p2a: The Punching Bag|p1b: Landorus\n|\n|-heal|p1b: Landorus|100\/100|[from] item: Leftovers\n|upkeep\n|turn|46\n|\n|t:|1695738772\n|move|p1a: Tauros|Iron Head|p2a: The Punching Bag\n|-damage|p2a: The Punching Bag|91\/100\n|move|p1b: Landorus|Toxic|p2a: The Punching Bag\n|-status|p2a: The Punching Bag|tox\n|move|p2a: The Punching Bag|Rollout|p1b: Landorus|[miss]\n|-miss|p2a: The Punching Bag|p1b: Landorus\n|\n|-damage|p2a: The Punching Bag|85\/100 tox|[from] psn\n|upkeep\n|turn|47\n|\n|t:|1695738783\n|switch|p1b: Salamence|Salamence, M|55\/100\n|-ability|p1b: Salamence|Intimidate|boost\n|-unboost|p2a: The Punching Bag|atk|0\n|move|p1a: Tauros|Iron Head|p2a: The Punching Bag\n|-damage|p2a: The Punching Bag|83\/100 tox\n|move|p2a: The Punching Bag|Curse|p2a: The Punching Bag\n|-boost|p2a: The Punching Bag|atk|1\n|\n|-damage|p2a: The Punching Bag|71\/100 tox|[from] psn\n|upkeep\n|turn|48\n|\n|t:|1695738800\n|move|p1a: Tauros|Iron Head|p2a: The Punching Bag\n|-damage|p2a: The Punching Bag|68\/100 tox\n|move|p1b: Salamence|Iron Head|p2a: The Punching Bag\n|-damage|p2a: The Punching Bag|65\/100 tox\n|move|p2a: The Punching Bag|Curse|p2a: The Punching Bag\n|-boost|p2a: The Punching Bag|atk|1\n|\n|-damage|p2a: The Punching Bag|47\/100 tox|[from] psn\n|upkeep\n|turn|49\n|\n|t:|1695738810\n|move|p1a: Tauros|Iron Head|p2a: The Punching Bag\n|-damage|p2a: The Punching Bag|45\/100 tox\n|move|p1b: Salamence|Iron Head|p2a: The Punching Bag\n|-damage|p2a: The Punching Bag|41\/100 tox\n|cant|p2a: The Punching Bag|flinch\n|\n|-damage|p2a: The Punching Bag|17\/100 tox|[from] psn\n|upkeep\n|turn|50\n|\n|t:|1695738821\n|move|p1a: Tauros|Iron Head|p2a: The Punching Bag\n|-damage|p2a: The Punching Bag|15\/100 tox\n|move|p1b: Salamence|Iron Head|p2a: The Punching Bag\n|-damage|p2a: The Punching Bag|11\/100 tox\n|move|p2a: The Punching Bag|Rest|p2a: The Punching Bag\n|-status|p2a: The Punching Bag|slp|[from] move: Rest\n|-heal|p2a: The Punching Bag|100\/100 slp|[silent]\n|\n|upkeep\n|turn|51\n|inactive|pantostadooficial has 120 seconds left.\n|c|\u2606Wicklette|yawn\n|inactive|pantostadooficial has 90 seconds left.\n|\n|t:|1695738899\n|switch|p1a: Landorus|Landorus-Therian, M|100\/100\n|-ability|p1a: Landorus|Intimidate|boost\n|-unboost|p2a: The Punching Bag|atk|1\n|move|p1b: Salamence|Dragon Dance|p1b: Salamence\n|-boost|p1b: Salamence|atk|1\n|-boost|p1b: Salamence|spe|1\n|cant|p2a: The Punching Bag|slp\n|\n|upkeep\n|turn|52\n|inactive|pantostadooficial has 90 seconds left.\n|\n|t:|1695738931\n|move|p1b: Salamence|Dragon Dance|p1b: Salamence\n|-boost|p1b: Salamence|atk|1\n|-boost|p1b: Salamence|spe|1\n|move|p1a: Landorus|Knock Off|p2a: The Punching Bag\n|-crit|p2a: The Punching Bag\n|-damage|p2a: The Punching Bag|87\/100 slp\n|cant|p2a: The Punching Bag|slp\n|\n|upkeep\n|turn|53\n|inactive|pantostadooficial has 90 seconds left.\n|\n|t:|1695738943\n|move|p1b: Salamence|Dragon Dance|p1b: Salamence\n|-boost|p1b: Salamence|atk|1\n|-boost|p1b: Salamence|spe|1\n|move|p1a: Landorus|Knock Off|p2a: The Punching Bag\n|-damage|p2a: The Punching Bag|85\/100 slp\n|-curestatus|p2a: The Punching Bag|slp|[msg]\n|move|p2a: The Punching Bag|Rollout|p1b: Salamence\n|-supereffective|p1b: Salamence\n|-damage|p1b: Salamence|50\/100\n|\n|upkeep\n|turn|54\n|inactive|pantostadooficial has 90 seconds left.\n|\n|t:|1695738966\n|move|p1b: Salamence|Dragon Dance|p1b: Salamence\n|-boost|p1b: Salamence|atk|1\n|-boost|p1b: Salamence|spe|1\n|move|p1a: Landorus|Toxic|p2a: The Punching Bag|[miss]\n|-miss|p1a: Landorus|p2a: The Punching Bag\n|move|p2a: The Punching Bag|Rollout|p1b: Salamence|[from]lockedmove\n|-supereffective|p1b: Salamence\n|-damage|p1b: Salamence|40\/100\n|\n|upkeep\n|turn|55\n|\n|t:|1695738975\n|move|p1b: Salamence|Dragon Dance|p1b: Salamence\n|-boost|p1b: Salamence|atk|1\n|-boost|p1b: Salamence|spe|1\n|move|p1a: Landorus|Toxic|p2a: The Punching Bag\n|-status|p2a: The Punching Bag|tox\n|move|p2a: The Punching Bag|Rollout|p1b: Salamence|[from]lockedmove\n|-supereffective|p1b: Salamence\n|-damage|p1b: Salamence|22\/100\n|-enditem|p1b: Salamence|Iapapa Berry|[eat]\n|-heal|p1b: Salamence|56\/100|[from] item: Iapapa Berry\n|\n|-damage|p2a: The Punching Bag|79\/100 tox|[from] psn\n|upkeep\n|turn|56\n|inactive|pantostadooficial has 120 seconds left.\n|\n|t:|1695738995\n|move|p1b: Salamence|Iron Head|p2a: The Punching Bag\n|-damage|p2a: The Punching Bag|68\/100 tox\n|move|p1a: Landorus|Earthquake|p2a: The Punching Bag|[spread] p2a\n|-immune|p1b: Salamence\n|-damage|p2a: The Punching Bag|64\/100 tox\n|move|p2a: The Punching Bag|Rollout|p1b: Salamence|[from]lockedmove\n|-supereffective|p1b: Salamence\n|-damage|p1b: Salamence|21\/100\n|\n|-damage|p2a: The Punching Bag|52\/100 tox|[from] psn\n|upkeep\n|turn|57\n|\n|t:|1695739010\n|move|p1b: Salamence|Iron Head|p2a: The Punching Bag\n|-damage|p2a: The Punching Bag|40\/100 tox\n|move|p1a: Landorus|Earthquake|p2a: The Punching Bag|[spread] p2a\n|-immune|p1b: Salamence\n|-damage|p2a: The Punching Bag|36\/100 tox\n|move|p2a: The Punching Bag|Rollout|p1b: Salamence|[from]lockedmove|[miss]\n|-miss|p2a: The Punching Bag|p1b: Salamence\n|\n|-damage|p2a: The Punching Bag|18\/100 tox|[from] psn\n|upkeep\n|turn|58\n|\n|t:|1695739024\n|move|p1b: Salamence|Iron Head|p2a: The Punching Bag\n|-damage|p2a: The Punching Bag|6\/100 tox\n|move|p1a: Landorus|Earthquake|p2a: The Punching Bag|[spread] p2a\n|-immune|p1b: Salamence\n|-damage|p2a: The Punching Bag|2\/100 tox\n|cant|p2a: The Punching Bag|flinch\n|\n|-damage|p2a: The Punching Bag|0 fnt|[from] psn\n|faint|p2a: The Punching Bag\n|\n|win|pantostadooficial\n|upkeep\n|raw|pantostadooficial's rating: 1000 &rarr; <strong>1043<\/strong><br \/>(+43 for winning)\n|raw|Wicklette's rating: 1028 &rarr; <strong>1013<\/strong><br \/>(-15 for losing)\n|c|\u2606pantostadooficial|Good gane Bro\n|c|\u2606pantostadooficial|Jaja\n|l|\u2606Wicklette\n|c|\u2606pantostadooficial|Game*\n","uploadtime":1695739058,"views":13,"p1id":"pantostadooficial","p2id":"wicklette","formatid":"gen9nationaldexdoubles","rating":1013,"private":0,"password":""}