{"id":"gen9nationaldexdoubles-1986410745","p1":"women76","p2":"DLTME Ado","format":"[Gen 9] National Dex Doubles","log":"|j|\u2606women76\n|j|\u2606DLTME Ado\n|t:|1699476703\n|gametype|doubles\n|player|p1|women76|169|1000\n|player|p2|DLTME Ado|ethan|1000\n|teamsize|p1|6\n|teamsize|p2|6\n|gen|9\n|tier|[Gen 9] National Dex Doubles\n|rated|\n|rule|HP Percentage Mod: HP is shown in percentages\n|rule|Endless Battle Clause: Forcing endless battles is banned\n|rule|OHKO Clause: OHKO moves are banned\n|rule|Evasion Moves Clause: Evasion moves are banned\n|rule|Evasion Abilities Clause: Evasion abilities are banned\n|rule|Species Clause: Limit one of each Pok\u00e9mon\n|rule|Gravity Sleep Clause: The combination of sleep-inducing moves with imperfect accuracy and Gravity or Gigantamax Orbeetle are banned\n|clearpoke\n|poke|p1|Palafin, F|\n|poke|p1|Sinistcha|\n|poke|p1|Ogerpon-Wellspring, F|\n|poke|p1|Indeedee-F, F|\n|poke|p1|Pelipper, F|\n|poke|p1|Barraskewda, F|\n|poke|p2|Metagross|\n|poke|p2|Chien-Pao|\n|poke|p2|Iron Hands|\n|poke|p2|Tapu Koko|\n|poke|p2|Whimsicott, F|\n|poke|p2|Walking Wake|\n|teampreview\n|inactive|Battle timer is ON: inactive players will automatically lose when time's up. (requested by women76)\n|\n|t:|1699476716\n|start\n|switch|p1a: Palafin|Palafin, F|100\/100\n|switch|p1b: Sinistcha|Sinistcha|100\/100\n|switch|p2a: Iron Hands|Iron Hands|100\/100\n|switch|p2b: Tapu Koko|Tapu Koko|100\/100\n|-fieldstart|move: Electric Terrain|[from] ability: Electric Surge|[of] p2b: Tapu Koko\n|-activate|p2a: Iron Hands|ability: Quark Drive\n|-start|p2a: Iron Hands|quarkdriveatk\n|turn|1\n|inactive|DLTME Ado has 120 seconds left.\n|\n|t:|1699476756\n|move|p2b: Tapu Koko|Electroweb|p1a: Palafin|[spread] p1a,p1b\n|-supereffective|p1a: Palafin\n|-resisted|p1b: Sinistcha\n|-damage|p1a: Palafin|44\/100\n|-damage|p1b: Sinistcha|89\/100\n|-unboost|p1a: Palafin|spe|1\n|-unboost|p1b: Sinistcha|spe|1\n|move|p1a: Palafin|Flip Turn|p2b: Tapu Koko\n|-damage|p2b: Tapu Koko|74\/100\n|-damage|p1a: Palafin|34\/100|[from] item: Life Orb\n|\n|t:|1699476766\n|detailschange|p1a: Palafin|Palafin-Hero, F\n|switch|p1a: Indeedee|Indeedee-F, F|100\/100|[from] Flip Turn\n|-fieldstart|move: Psychic Terrain|[from] ability: Psychic Surge|[of] p1a: Indeedee\n|-end|p2a: Iron Hands|Quark Drive\n|move|p2a: Iron Hands|Heavy Slam|p1b: Sinistcha\n|-damage|p1b: Sinistcha|49\/100\n|move|p1b: Sinistcha|Strength Sap|p2a: Iron Hands\n|-unboost|p2a: Iron Hands|atk|1\n|-heal|p1b: Sinistcha|100\/100\n|\n|upkeep\n|turn|2\n|\n|t:|1699476795\n|-end|p2a: Iron Hands|Quark Drive|[silent]\n|switch|p2a: Chien-Pao|Chien-Pao|100\/100\n|-ability|p2a: Chien-Pao|Sword of Ruin\n|move|p2b: Tapu Koko|Nature's Madness|p1a: Indeedee\n|-damage|p1a: Indeedee|51\/100\n|move|p1a: Indeedee|Light Screen|p1a: Indeedee\n|-sidestart|p1: women76|move: Light Screen\n|move|p1b: Sinistcha|Matcha Gotcha|p2b: Tapu Koko|[spread] p2a,p2b\n|-damage|p2a: Chien-Pao|52\/100\n|-damage|p2b: Tapu Koko|30\/100\n|-enditem|p2b: Tapu Koko|Sitrus Berry|[eat]\n|-heal|p2b: Tapu Koko|55\/100|[from] item: Sitrus Berry\n|\n|upkeep\n|turn|3\n|\n|t:|1699476820\n|move|p1a: Indeedee|Follow Me|p1a: Indeedee\n|-singleturn|p1a: Indeedee|move: Follow Me\n|move|p2a: Chien-Pao|Icicle Crash|p1a: Indeedee\n|-damage|p1a: Indeedee|0 fnt\n|faint|p1a: Indeedee\n|move|p2b: Tapu Koko|Wild Charge|p1b: Sinistcha\n|-resisted|p1b: Sinistcha\n|-crit|p1b: Sinistcha\n|-damage|p1b: Sinistcha|64\/100\n|-damage|p2b: Tapu Koko|47\/100|[from] Recoil\n|move|p1b: Sinistcha|Matcha Gotcha|p2b: Tapu Koko|[spread] p2a,p2b\n|-damage|p2a: Chien-Pao|3\/100\n|-heal|p1b: Sinistcha|89\/100|[from] drain|[of] p2a: Chien-Pao\n|-damage|p2b: Tapu Koko|5\/100\n|-heal|p1b: Sinistcha|100\/100|[from] drain|[of] p2b: Tapu Koko\n|-status|p2a: Chien-Pao|brn\n|\n|-damage|p2a: Chien-Pao|0 fnt|[from] brn\n|faint|p2a: Chien-Pao\n|upkeep\n|inactive|DLTME Ado has 120 seconds left.\n|\n|t:|1699476852\n|switch|p2a: Walking Wake|Walking Wake|100\/100\n|switch|p1a: Pelipper|Pelipper, F|100\/100\n|-weather|RainDance|[from] ability: Drizzle|[of] p1a: Pelipper\n|turn|4\n|inactive|DLTME Ado has 120 seconds left.\n|\n|t:|1699476887\n|-end|p2a: Walking Wake|Protosynthesis|[silent]\n|switch|p2a: Whimsicott|Whimsicott, F|100\/100\n|move|p1a: Pelipper|Protect|p1a: Pelipper\n|-singleturn|p1a: Pelipper|Protect\n|move|p2b: Tapu Koko|Wild Charge|p1a: Pelipper\n|-activate|p1a: Pelipper|move: Protect\n|move|p1b: Sinistcha|Matcha Gotcha|p2b: Tapu Koko|[spread] p2a,p2b\n|-resisted|p2a: Whimsicott\n|-crit|p2a: Whimsicott\n|-damage|p2a: Whimsicott|73\/100\n|-damage|p2b: Tapu Koko|0 fnt\n|faint|p2b: Tapu Koko\n|\n|-weather|RainDance|[upkeep]\n|upkeep\n|\n|t:|1699476902\n|switch|p2b: Walking Wake|Walking Wake|100\/100\n|turn|5\n|\n|t:|1699476913\n|move|p2a: Whimsicott|Sunny Day|p2a: Whimsicott\n|-weather|SunnyDay\n|-activate|p2b: Walking Wake|ability: Protosynthesis\n|-start|p2b: Walking Wake|protosynthesisspa\n|move|p2b: Walking Wake|Flamethrower|p1b: Sinistcha\n|-supereffective|p1b: Sinistcha\n|-damage|p1b: Sinistcha|0 fnt\n|faint|p1b: Sinistcha\n|move|p1a: Pelipper|Air Slash|p2a: Whimsicott\n|-supereffective|p2a: Whimsicott\n|-damage|p2a: Whimsicott|17\/100\n|\n|-weather|SunnyDay|[upkeep]\n|-fieldend|move: Psychic Terrain\n|upkeep\n|\n|t:|1699476930\n|switch|p1b: Ogerpon|Ogerpon-Wellspring, F|100\/100\n|turn|6\n|\n|t:|1699476959\n|switch|p1a: Palafin|Palafin-Hero, F|34\/100\n|-activate|p1a: Palafin|ability: Zero to Hero\n|move|p2a: Whimsicott|Tailwind|p2a: Whimsicott\n|-sidestart|p2: DLTME Ado|move: Tailwind\n|move|p2b: Walking Wake|Flamethrower|p1b: Ogerpon\n|-damage|p1b: Ogerpon|56\/100\n|move|p1b: Ogerpon|Ivy Cudgel|p2a: Whimsicott\n|-resisted|p2a: Whimsicott\n|-damage|p2a: Whimsicott|1\/100\n|\n|-weather|SunnyDay|[upkeep]\n|-sideend|p1: women76|move: Light Screen\n|upkeep\n|turn|7\n|\n|t:|1699476979\n|move|p2b: Walking Wake|Flamethrower|p1b: Ogerpon\n|-damage|p1b: Ogerpon|0 fnt\n|faint|p1b: Ogerpon\n|move|p2a: Whimsicott|Energy Ball|p1a: Palafin\n|-supereffective|p1a: Palafin\n|-crit|p1a: Palafin\n|-damage|p1a: Palafin|0 fnt\n|faint|p1a: Palafin\n|\n|-weather|SunnyDay|[upkeep]\n|upkeep\n|\n|t:|1699476986\n|switch|p1b: Barraskewda|Barraskewda, F|100\/100\n|switch|p1a: Pelipper|Pelipper, F|100\/100\n|-weather|RainDance|[from] ability: Drizzle|[of] p1a: Pelipper\n|-end|p2b: Walking Wake|Protosynthesis\n|turn|8\n|inactive|women76 has 120 seconds left.\n|inactive|DLTME Ado has 120 seconds left.\n|\n|t:|1699477030\n|-end|p2b: Walking Wake|Protosynthesis|[silent]\n|switch|p2b: Metagross|Metagross|100\/100\n|move|p2a: Whimsicott|Sunny Day|p2a: Whimsicott\n|-weather|SunnyDay\n|move|p1b: Barraskewda|Tera Blast|p2a: Whimsicott\n|-damage|p2a: Whimsicott|0 fnt\n|faint|p2a: Whimsicott\n|move|p1a: Pelipper|Air Slash|p2b: Metagross\n|-resisted|p2b: Metagross\n|-damage|p2b: Metagross|86\/100\n|\n|-weather|SunnyDay|[upkeep]\n|upkeep\n|\n|t:|1699477048\n|switch|p2a: Iron Hands|Iron Hands|100\/100\n|turn|9\n|inactive|DLTME Ado has 120 seconds left.\n|\n|t:|1699477070\n|detailschange|p2b: Metagross|Metagross-Mega\n|-mega|p2b: Metagross|Metagross|Metagrossite\n|move|p2a: Iron Hands|Fake Out|p1b: Barraskewda\n|-damage|p1b: Barraskewda|70\/100\n|move|p2b: Metagross|Thunder Punch|p1a: Pelipper\n|-supereffective|p1a: Pelipper\n|-damage|p1a: Pelipper|0 fnt\n|faint|p1a: Pelipper\n|cant|p1b: Barraskewda|flinch\n|\n|-weather|SunnyDay|[upkeep]\n|-sideend|p2: DLTME Ado|move: Tailwind\n|upkeep\n|turn|10\n|\n|t:|1699477087\n|move|p1b: Barraskewda|Double-Edge|p2a: Iron Hands\n|-damage|p2a: Iron Hands|71\/100\n|-damage|p1b: Barraskewda|52\/100|[from] Recoil\n|move|p2b: Metagross|Thunder Punch|p1b: Barraskewda\n|-supereffective|p1b: Barraskewda\n|-damage|p1b: Barraskewda|0 fnt\n|faint|p1b: Barraskewda\n|\n|win|DLTME Ado\n|raw|women76's rating: 1000 &rarr; <strong>1000<\/strong><br \/>(+0 for losing)\n|raw|DLTME Ado's rating: 1000 &rarr; <strong>1040<\/strong><br \/>(+40 for winning)\n|l|\u2606women76\n","uploadtime":1699477101,"views":5,"p1id":"women76","p2id":"dltmeado","formatid":"gen9nationaldexdoubles","rating":1000,"private":0,"password":""}