{"id":"gen9nationaldexdoubles-1984224687","p1":"The Lopster","p2":"KingoftheTitans","format":"[Gen 9] National Dex Doubles","log":"|j|\u2606The Lopster\n|j|\u2606KingoftheTitans\n|t:|1699232167\n|gametype|doubles\n|player|p1|The Lopster|psychic-gen4|1136\n|player|p2|KingoftheTitans|2|1233\n|teamsize|p1|6\n|teamsize|p2|6\n|gen|9\n|tier|[Gen 9] National Dex Doubles\n|rated|\n|rule|HP Percentage Mod: HP is shown in percentages\n|rule|Endless Battle Clause: Forcing endless battles is banned\n|rule|OHKO Clause: OHKO moves are banned\n|rule|Evasion Moves Clause: Evasion moves are banned\n|rule|Evasion Abilities Clause: Evasion abilities are banned\n|rule|Species Clause: Limit one of each Pok\u00e9mon\n|rule|Gravity Sleep Clause: The combination of sleep-inducing moves with imperfect accuracy and Gravity or Gigantamax Orbeetle are banned\n|clearpoke\n|poke|p1|Appletun, M|\n|poke|p1|Alcremie, F|\n|poke|p1|Dachsbun, M|\n|poke|p1|Vanilluxe, F|\n|poke|p1|Heatran, F|\n|poke|p1|Sinistcha|\n|poke|p2|Raichu, F|\n|poke|p2|Dragonite, F|\n|poke|p2|Gyarados, F|\n|poke|p2|Gengar, M|\n|poke|p2|Aerodactyl, M|\n|poke|p2|Alakazam, M|\n|teampreview\n|\n|t:|1699232175\n|start\n|switch|p1a: Oven|Heatran, F|100\/100\n|switch|p1b: Matcha|Sinistcha|100\/100\n|switch|p2a: Raichu|Raichu, F|100\/100\n|switch|p2b: Aerodactyl|Aerodactyl, M, shiny|100\/100\n|-ability|p2b: Aerodactyl|Pressure\n|turn|1\n|\n|t:|1699232196\n|switch|p2b: Gyarados|Gyarados, F, shiny|100\/100\n|-ability|p2b: Gyarados|Intimidate|boost\n|-unboost|p1a: Oven|atk|1\n|-unboost|p1b: Matcha|atk|1\n|move|p2a: Raichu|Fake Out|p1a: Oven\n|-resisted|p1a: Oven\n|-damage|p1a: Oven|96\/100\n|move|p1a: Oven|Will-O-Wisp|p2b: Gyarados\n|-status|p2b: Gyarados|brn\n|move|p1b: Matcha|Calm Mind|p1b: Matcha\n|-boost|p1b: Matcha|spa|1\n|-boost|p1b: Matcha|spd|1\n|\n|-damage|p2b: Gyarados|94\/100 brn|[from] brn\n|upkeep\n|turn|2\n|c|\u2606KingoftheTitans|What item do you have on Heatran?\n|\n|t:|1699232229\n|switch|p1b: Bread|Dachsbun, M|100\/100\n|detailschange|p2b: Gyarados|Gyarados-Mega, F, shiny\n|-mega|p2b: Gyarados|Gyarados|Gyaradosite\n|-ability|p2b: Gyarados|Mold Breaker\n|move|p2a: Raichu|Protect|p2a: Raichu\n|-singleturn|p2a: Raichu|Protect\n|move|p2b: Gyarados|Earthquake|p1b: Bread|[spread] p1a,p1b\n|-activate|p2a: Raichu|move: Protect\n|-supereffective|p1a: Oven\n|-damage|p1a: Oven|43\/100\n|-damage|p1b: Bread|90\/100\n|move|p1a: Oven|Lava Plume|p2b: Gyarados|[spread] p2b\n|-activate|p2a: Raichu|move: Protect\n|-ability|p1b: Bread|Well-Baked Body|boost\n|-boost|p1b: Bread|def|2\n|-resisted|p2b: Gyarados\n|-damage|p2b: Gyarados|81\/100 brn\n|\n|-damage|p2b: Gyarados|75\/100 brn|[from] brn\n|upkeep\n|turn|3\n|c|\u2606The Lopster|covert cloak\n|\n|t:|1699232251\n|switch|p2a: Dragonite|Dragonite, F|100\/100\n|move|p1a: Oven|Protect|p1a: Oven\n|-singleturn|p1a: Oven|Protect\n|move|p2b: Gyarados|Earthquake|p1a: Oven|[spread] p1b\n|-activate|p1a: Oven|move: Protect\n|-immune|p2a: Dragonite\n|-damage|p1b: Bread|85\/100\n|move|p1b: Bread|Trailblaze|p2b: Gyarados\n|-supereffective|p2b: Gyarados\n|-damage|p2b: Gyarados|56\/100 brn\n|-boost|p1b: Bread|spe|1\n|\n|-damage|p2b: Gyarados|50\/100 brn|[from] brn\n|upkeep\n|turn|4\n|c|\u2606KingoftheTitans|Does that block flinches?\n|c|\u2606The Lopster|blocks fake out flinch and secondary effects\n|c|\u2606KingoftheTitans|OH COME ON\n|\n|t:|1699232287\n|switch|p2a: Gengar|Gengar, M|100\/100\n|-terastallize|p1a: Oven|Grass\n|move|p1b: Bread|Play Rough|p2a: Gengar\n|-resisted|p2a: Gengar\n|-damage|p2a: Gengar|74\/100\n|move|p2b: Gyarados|Waterfall|p1a: Oven\n|-resisted|p1a: Oven\n|-damage|p1a: Oven|33\/100\n|move|p1a: Oven|Will-O-Wisp|p2a: Gengar\n|-status|p2a: Gengar|brn\n|\n|-damage|p2a: Gengar|68\/100 brn|[from] brn\n|-damage|p2b: Gyarados|44\/100 brn|[from] brn\n|upkeep\n|turn|5\n|\n|t:|1699232308\n|move|p2a: Gengar|Sludge Bomb|p1b: Bread\n|-supereffective|p1b: Bread\n|-damage|p1b: Bread|2\/100\n|move|p1b: Bread|Stomping Tantrum|p2a: Gengar\n|-supereffective|p2a: Gengar\n|-damage|p2a: Gengar|12\/100 brn\n|move|p2b: Gyarados|Waterfall|p1a: Oven\n|-resisted|p1a: Oven\n|-damage|p1a: Oven|22\/100\n|move|p1a: Oven|Lava Plume|p2b: Gyarados|[spread] p2a,p2b\n|-ability|p1b: Bread|Well-Baked Body|boost\n|-boost|p1b: Bread|def|2\n|-resisted|p2b: Gyarados\n|-damage|p2a: Gengar|0 fnt\n|-damage|p2b: Gyarados|29\/100 brn\n|faint|p2a: Gengar\n|\n|-damage|p2b: Gyarados|23\/100 brn|[from] brn\n|upkeep\n|\n|t:|1699232322\n|switch|p2a: Raichu|Raichu, F|100\/100\n|turn|6\n|\n|t:|1699232328\n|switch|p1b: Whipped Cream|Alcremie, F|100\/100\n|move|p2a: Raichu|Fake Out|p1b: Whipped Cream\n|-damage|p1b: Whipped Cream|91\/100\n|-damage|p2a: Raichu|84\/100|[from] item: Rocky Helmet|[of] p1b: Whipped Cream\n|move|p2b: Gyarados|Waterfall|p1a: Oven\n|-resisted|p1a: Oven\n|-damage|p1a: Oven|11\/100\n|move|p1a: Oven|Lava Plume|p2a: Raichu|[spread] p1b,p2a,p2b\n|-resisted|p2b: Gyarados\n|-damage|p1b: Whipped Cream|64\/100\n|-damage|p2a: Raichu|33\/100\n|-damage|p2b: Gyarados|8\/100 brn\n|\n|-damage|p2b: Gyarados|2\/100 brn|[from] brn\n|upkeep\n|turn|7\n|\n|t:|1699232348\n|move|p1a: Oven|Protect|p1a: Oven\n|-singleturn|p1a: Oven|Protect\n|move|p2a: Raichu|Volt Tackle|p1b: Whipped Cream\n|-damage|p1b: Whipped Cream|20\/100\n|-damage|p2a: Raichu|17\/100|[from] item: Rocky Helmet|[of] p1b: Whipped Cream\n|-damage|p2a: Raichu|0 fnt|[from] Recoil\n|faint|p2a: Raichu\n|move|p2b: Gyarados|Waterfall|p1a: Oven\n|-activate|p1a: Oven|move: Protect\n|move|p1b: Whipped Cream|Calm Mind|p1b: Whipped Cream\n|-boost|p1b: Whipped Cream|spa|1\n|-boost|p1b: Whipped Cream|spd|1\n|\n|-damage|p2b: Gyarados|0 fnt|[from] brn\n|faint|p2b: Gyarados\n|upkeep\n|\n|t:|1699232364\n|switch|p2a: Aerodactyl|Aerodactyl, M, shiny|100\/100\n|switch|p2b: Dragonite|Dragonite, F|100\/100\n|-ability|p2a: Aerodactyl|Pressure\n|turn|8\n|\n|t:|1699232373\n|move|p2a: Aerodactyl|Rock Slide|p1b: Whipped Cream|[spread] p1a,p1b\n|-damage|p1a: Oven|0 fnt\n|-damage|p1b: Whipped Cream|1\/100\n|faint|p1a: Oven\n|move|p2b: Dragonite|Dragon Dance|p2b: Dragonite\n|-boost|p2b: Dragonite|atk|1\n|-boost|p2b: Dragonite|spe|1\n|cant|p1b: Whipped Cream|flinch\n|\n|upkeep\n|\n|t:|1699232381\n|switch|p1a: Ice Cream|Vanilluxe, F|100\/100\n|-weather|Snow|[from] ability: Snow Warning|[of] p1a: Ice Cream\n|turn|9\n|\n|t:|1699232389\n|move|p2b: Dragonite|Protect|p2b: Dragonite\n|-singleturn|p2b: Dragonite|Protect\n|move|p2a: Aerodactyl|Rock Slide|p1a: Ice Cream|[spread] p1a,p1b\n|-supereffective|p1a: Ice Cream\n|-damage|p1a: Ice Cream|70\/100\n|-damage|p1b: Whipped Cream|0 fnt\n|faint|p1b: Whipped Cream\n|cant|p1a: Ice Cream|flinch\n|\n|-weather|Snow|[upkeep]\n|upkeep\n|\n|t:|1699232398\n|switch|p1b: Matcha|Sinistcha|100\/100\n|-heal|p1a: Ice Cream|95\/100|[from] ability: Hospitality|[of] p1b: Matcha\n|turn|10\n|\n|t:|1699232413\n|-terastallize|p2b: Dragonite|Normal\n|move|p2a: Aerodactyl|Rock Slide|p1b: Matcha|[spread] p1a,p1b\n|-supereffective|p1a: Ice Cream\n|-damage|p1a: Ice Cream|66\/100\n|-damage|p1b: Matcha|82\/100\n|move|p2b: Dragonite|Dual Wingbeat|p1b: Matcha\n|-supereffective|p1b: Matcha\n|-damage|p1b: Matcha|16\/100\n|-damage|p2b: Dragonite|84\/100|[from] item: Rocky Helmet|[of] p1b: Matcha\n|-supereffective|p1b: Matcha\n|-damage|p1b: Matcha|0 fnt\n|-damage|p2b: Dragonite|68\/100|[from] item: Rocky Helmet|[of] p1b: Matcha\n|faint|p1b: Matcha\n|-hitcount|p1: Matcha|2\n|move|p1a: Ice Cream|Aurora Veil|p1a: Ice Cream\n|-sidestart|p1: The Lopster|move: Aurora Veil\n|\n|-weather|Snow|[upkeep]\n|-heal|p2b: Dragonite|74\/100|[from] item: Leftovers\n|upkeep\n|\n|t:|1699232429\n|switch|p1b: Apple Pie|Appletun, M, shiny|100\/100\n|turn|11\n|\n|t:|1699232437\n|move|p2a: Aerodactyl|Dual Wingbeat|p1b: Apple Pie\n|-supereffective|p1b: Apple Pie\n|-damage|p1b: Apple Pie|81\/100\n|-supereffective|p1b: Apple Pie\n|-damage|p1b: Apple Pie|63\/100\n|-hitcount|p1b: Apple Pie|2\n|move|p2b: Dragonite|Dual Wingbeat|p1b: Apple Pie\n|-supereffective|p1b: Apple Pie\n|-damage|p1b: Apple Pie|20\/100\n|-supereffective|p1b: Apple Pie\n|-damage|p1b: Apple Pie|0 fnt\n|faint|p1b: Apple Pie\n|-hitcount|p1: Apple Pie|2\n|move|p1a: Ice Cream|Icy Wind|p2b: Dragonite|[spread] p2a,p2b\n|-supereffective|p2a: Aerodactyl\n|-damage|p2a: Aerodactyl|64\/100\n|-damage|p2b: Dragonite|59\/100\n|-unboost|p2a: Aerodactyl|spe|1\n|-unboost|p2b: Dragonite|spe|1\n|\n|-weather|Snow|[upkeep]\n|-heal|p2b: Dragonite|65\/100|[from] item: Leftovers\n|upkeep\n|-message|The Lopster forfeited.\n|\n|win|KingoftheTitans\n|raw|The Lopster's rating: 1136 &rarr; <strong>1118<\/strong><br \/>(-18 for losing)\n|raw|KingoftheTitans's rating: 1233 &rarr; <strong>1251<\/strong><br \/>(+18 for winning)\n|l|\u2606The Lopster\n","uploadtime":1699232458,"views":6,"p1id":"thelopster","p2id":"kingofthetitans","formatid":"gen9nationaldexdoubles","rating":1118,"private":0,"password":""}