{"id":"gen9nationaldexdoubles-1974697419","p1":"PsychicMaster8","p2":"TopdeckPilot","format":"[Gen 9] National Dex Doubles","log":"|j|\u2606PsychicMaster8\n|j|\u203dTopdeckPilot\n|t:|1698111594\n|gametype|doubles\n|player|p1|PsychicMaster8|red|\n|player|p2|TopdeckPilot|170|\n|teamsize|p1|6\n|teamsize|p2|6\n|gen|9\n|tier|[Gen 9] National Dex Doubles\n|rule|HP Percentage Mod: HP is shown in percentages\n|rule|Endless Battle Clause: Forcing endless battles is banned\n|rule|OHKO Clause: OHKO moves are banned\n|rule|Evasion Moves Clause: Evasion moves are banned\n|rule|Evasion Abilities Clause: Evasion abilities are banned\n|rule|Species Clause: Limit one of each Pok\u00e9mon\n|rule|Gravity Sleep Clause: The combination of sleep-inducing moves with imperfect accuracy and Gravity or Gigantamax Orbeetle are banned\n|clearpoke\n|poke|p1|Pelipper, F|\n|poke|p1|Swampert, M|\n|poke|p1|Walking Wake|\n|poke|p1|Flutter Mane|\n|poke|p1|Iron Hands|\n|poke|p1|Palafin, F|\n|poke|p2|Arcanine-Hisui, M|\n|poke|p2|Talonflame, M|\n|poke|p2|Volcanion|\n|poke|p2|Rotom-Heat|\n|poke|p2|Tauros-Paldea-Blaze, M|\n|poke|p2|Ogerpon-Hearthflame, F|\n|teampreview\n|\n|t:|1698111604\n|start\n|switch|p1a: Pelipper|Pelipper, F|100\/100\n|switch|p1b: Iron Hands|Iron Hands|100\/100\n|switch|p2a: Talonflame|Talonflame, M|100\/100\n|switch|p2b: Rotom|Rotom-Heat|100\/100\n|-weather|RainDance|[from] ability: Drizzle|[of] p1a: Pelipper\n|turn|1\n|\n|t:|1698111622\n|move|p1b: Iron Hands|Fake Out|p2a: Talonflame\n|-damage|p2a: Talonflame|76\/100\n|cant|p2a: Talonflame|flinch\n|move|p2b: Rotom|Thunderbolt|p1a: Pelipper\n|-supereffective|p1a: Pelipper\n|-damage|p1a: Pelipper|0 fnt\n|faint|p1a: Pelipper\n|\n|-weather|RainDance|[upkeep]\n|upkeep\n|\n|t:|1698111636\n|switch|p1a: Swampert|Swampert, M|100\/100\n|turn|2\n|\n|t:|1698111692\n|detailschange|p1a: Swampert|Swampert-Mega, M\n|-mega|p1a: Swampert|Swampert|Swampertite\n|move|p1a: Swampert|Surf|p2b: Rotom|[spread] p1b,p2a,p2b\n|-supereffective|p2a: Talonflame\n|-supereffective|p2b: Rotom\n|-damage|p1b: Iron Hands|80\/100\n|-damage|p2a: Talonflame|0 fnt\n|-damage|p2b: Rotom|11\/100\n|-enditem|p2b: Rotom|Sitrus Berry|[eat]\n|-heal|p2b: Rotom|36\/100|[from] item: Sitrus Berry\n|faint|p2a: Talonflame\n|move|p2b: Rotom|Volt Switch|p1b: Iron Hands\n|-resisted|p1b: Iron Hands\n|-damage|p1b: Iron Hands|70\/100\n|\n|t:|1698111711\n|switch|p2b: Volcanion|Volcanion|100\/100|[from] Volt Switch\n|move|p1b: Iron Hands|Wild Charge|p2b: Volcanion\n|-supereffective|p2b: Volcanion\n|-damage|p2b: Volcanion|14\/100\n|-damage|p1b: Iron Hands|55\/100|[from] Recoil\n|\n|-weather|RainDance|[upkeep]\n|upkeep\n|\n|t:|1698111736\n|switch|p2a: Arcanine|Arcanine-Hisui, M|100\/100\n|turn|3\n|\n|t:|1698111752\n|-terastallize|p2a: Arcanine|Normal\n|move|p2a: Arcanine|Extreme Speed|p1a: Swampert\n|-damage|p1a: Swampert|37\/100\n|move|p1a: Swampert|Earthquake|p2b: Volcanion|[spread] p1b,p2a,p2b\n|-supereffective|p1b: Iron Hands\n|-supereffective|p2b: Volcanion\n|-damage|p1b: Iron Hands|0 fnt\n|-damage|p2a: Arcanine|42\/100\n|-damage|p2b: Volcanion|0 fnt\n|faint|p1b: Iron Hands\n|-end|p1b: Iron Hands|Quark Drive|[silent]\n|faint|p2b: Volcanion\n|\n|-weather|RainDance|[upkeep]\n|upkeep\n|\n|t:|1698111778\n|switch|p2b: Rotom|Rotom-Heat|36\/100\n|switch|p1b: Palafin|Palafin, F|100\/100\n|turn|4\n|\n|t:|1698111792\n|move|p1b: Palafin|Protect|p1b: Palafin\n|-singleturn|p1b: Palafin|Protect\n|move|p2a: Arcanine|Extreme Speed|p1a: Swampert\n|-damage|p1a: Swampert|0 fnt\n|faint|p1a: Swampert\n|move|p2b: Rotom|Thunderbolt|p1b: Palafin\n|-activate|p1b: Palafin|move: Protect\n|\n|-weather|RainDance|[upkeep]\n|upkeep\n|\n|t:|1698111801\n|switch|p1a: Flutter Mane|Flutter Mane|100\/100\n|-enditem|p1a: Flutter Mane|Booster Energy\n|-activate|p1a: Flutter Mane|ability: Protosynthesis|[fromitem]\n|-start|p1a: Flutter Mane|protosynthesisspe\n|turn|5\n|\n|t:|1698111815\n|detailschange|p1b: Palafin|Palafin-Hero, F\n|switch|p1b: Walking Wake|Walking Wake|100\/100\n|-enditem|p1b: Walking Wake|Booster Energy\n|-activate|p1b: Walking Wake|ability: Protosynthesis|[fromitem]\n|-start|p1b: Walking Wake|protosynthesisspa\n|move|p2a: Arcanine|Extreme Speed|p1b: Walking Wake\n|-damage|p1b: Walking Wake|36\/100\n|move|p1a: Flutter Mane|Dazzling Gleam|p2b: Rotom|[spread] p2a,p2b\n|-resisted|p2b: Rotom\n|-damage|p2a: Arcanine|5\/100\n|-damage|p2b: Rotom|15\/100\n|move|p2b: Rotom|Thunderbolt|p1a: Flutter Mane\n|-damage|p1a: Flutter Mane|61\/100\n|\n|-weather|RainDance|[upkeep]\n|upkeep\n|turn|6\n|\n|t:|1698111838\n|-terastallize|p1b: Walking Wake|Water\n|move|p2a: Arcanine|Extreme Speed|p1b: Walking Wake\n|-damage|p1b: Walking Wake|0 fnt\n|faint|p1b: Walking Wake\n|-end|p1b: Walking Wake|Protosynthesis|[silent]\n|move|p1a: Flutter Mane|Dazzling Gleam|p2a: Arcanine|[spread] p2a,p2b\n|-resisted|p2b: Rotom\n|-damage|p2a: Arcanine|0 fnt\n|-damage|p2b: Rotom|0 fnt\n|faint|p2a: Arcanine\n|faint|p2b: Rotom\n|\n|-weather|RainDance|[upkeep]\n|upkeep\n|\n|t:|1698111851\n|switch|p1b: Palafin|Palafin-Hero, F|100\/100\n|switch|p2b: Ogerpon|Ogerpon-Hearthflame, F|100\/100\n|switch|p2a: Tauros|Tauros-Paldea-Blaze, M|100\/100\n|-ability|p2b: Ogerpon|Mold Breaker\n|-activate|p1b: Palafin|ability: Zero to Hero\n|turn|7\n|\n|t:|1698111879\n|move|p2b: Ogerpon|Spiky Shield|p2b: Ogerpon\n|-singleturn|p2b: Ogerpon|move: Protect\n|move|p1a: Flutter Mane|Moonblast|p2a: Tauros\n|-damage|p2a: Tauros|22\/100\n|-enditem|p2a: Tauros|Aguav Berry|[eat]\n|-heal|p2a: Tauros|55\/100|[from] item: Aguav Berry\n|move|p2a: Tauros|Wild Charge|p1b: Palafin\n|-supereffective|p1b: Palafin\n|-damage|p1b: Palafin|44\/100\n|-damage|p2a: Tauros|39\/100|[from] Recoil\n|move|p1b: Palafin|Wave Crash|p2b: Ogerpon\n|-activate|p2b: Ogerpon|move: Protect\n|-damage|p1b: Palafin|31\/100|[from] Spiky Shield|[of] p2b: Ogerpon\n|\n|-weather|RainDance|[upkeep]\n|upkeep\n|turn|8\n|\n|t:|1698111906\n|move|p1a: Flutter Mane|Moonblast|p2a: Tauros\n|-damage|p2a: Tauros|0 fnt\n|faint|p2a: Tauros\n|move|p2b: Ogerpon|Horn Leech|p1a: Flutter Mane\n|-damage|p1a: Flutter Mane|0 fnt\n|faint|p1a: Flutter Mane\n|-end|p1a: Flutter Mane|Protosynthesis|[silent]\n|move|p1b: Palafin|Wave Crash|p2b: Ogerpon\n|-damage|p2b: Ogerpon|0 fnt\n|faint|p2b: Ogerpon\n|-damage|p1b: Palafin|2\/100|[from] Recoil\n|\n|win|PsychicMaster8\n|c|\u2606PsychicMaster8|gg\n|l|\u203dTopdeckPilot\n","uploadtime":1698111925,"views":13,"p1id":"psychicmaster8","p2id":"topdeckpilot","formatid":"gen9nationaldexdoubles","rating":0,"private":0,"password":""}