{"id":"gen9nationaldexdoubles-1970488822","p1":"Chumpette","p2":"disconnectSME","format":"[Gen 9] National Dex Doubles","log":"|j|\u2606Chumpette\n|j|\u2606disconnectSME\n|t:|1697642936\n|gametype|doubles\n|player|p1|Chumpette|boarder|\n|player|p2|disconnectSME|karen|\n|teamsize|p1|6\n|teamsize|p2|6\n|gen|9\n|tier|[Gen 9] National Dex Doubles\n|rule|HP Percentage Mod: HP is shown in percentages\n|rule|Endless Battle Clause: Forcing endless battles is banned\n|rule|OHKO Clause: OHKO moves are banned\n|rule|Evasion Moves Clause: Evasion moves are banned\n|rule|Evasion Abilities Clause: Evasion abilities are banned\n|rule|Species Clause: Limit one of each Pok\u00e9mon\n|rule|Gravity Sleep Clause: The combination of sleep-inducing moves with imperfect accuracy and Gravity or Gigantamax Orbeetle are banned\n|clearpoke\n|poke|p1|Ninetales-Alola, F|\n|poke|p1|Togekiss, M|\n|poke|p1|Vanilluxe, M|\n|poke|p1|Cloyster, F|\n|poke|p1|Jolteon, M|\n|poke|p1|Sandslash-Alola, M|\n|poke|p2|Blastoise, F|\n|poke|p2|Tentacruel, M|\n|poke|p2|Rillaboom, F|\n|poke|p2|Dragapult, M|\n|poke|p2|Hawlucha, M|\n|poke|p2|Volcarona, F|\n|teampreview\n|\n|t:|1697642991\n|start\n|switch|p1a: Winter|Ninetales-Alola, F|100\/100\n|switch|p1b: The Messiah|Sandslash-Alola, M|100\/100\n|switch|p2a: Rillaboom|Rillaboom, F|100\/100\n|switch|p2b: Tentacruel|Tentacruel, M|100\/100\n|-weather|Snow|[from] ability: Snow Warning|[of] p1a: Winter\n|-fieldstart|move: Grassy Terrain|[from] ability: Grassy Surge|[of] p2a: Rillaboom\n|turn|1\n|j| Clabeh\n|\n|t:|1697643073\n|move|p2a: Rillaboom|Fake Out|p1b: The Messiah\n|-resisted|p1b: The Messiah\n|-damage|p1b: The Messiah|95\/100\n|cant|p1b: The Messiah|flinch\n|move|p1a: Winter|Blizzard|p2a: Rillaboom|[spread] p2a,p2b\n|-supereffective|p2a: Rillaboom\n|-resisted|p2b: Tentacruel\n|-damage|p2a: Rillaboom|54\/100\n|-damage|p2b: Tentacruel|88\/100\n|move|p2b: Tentacruel|Reflect|p2b: Tentacruel\n|-sidestart|p2: disconnectSME|Reflect\n|\n|-weather|Snow|[upkeep]\n|-heal|p1b: The Messiah|100\/100|[from] Grassy Terrain\n|-heal|p2b: Tentacruel|94\/100|[from] Grassy Terrain\n|-heal|p2b: Tentacruel|99\/100|[from] item: Black Sludge\n|-heal|p2a: Rillaboom|60\/100|[from] Grassy Terrain\n|upkeep\n|turn|2\n|\n|t:|1697643109\n|switch|p2b: Volcarona|Volcarona, F|100\/100\n|move|p1b: The Messiah|Brick Break|p2a: Rillaboom\n|-sideend|p2: disconnectSME|Reflect\n|-damage|p2a: Rillaboom|39\/100\n|move|p1a: Winter|Blizzard|p2b: Volcarona|[spread] p2a,p2b\n|-supereffective|p2a: Rillaboom\n|-resisted|p2b: Volcarona\n|-damage|p2a: Rillaboom|0 fnt\n|-damage|p2b: Volcarona|87\/100\n|faint|p2a: Rillaboom\n|\n|-weather|Snow|[upkeep]\n|-heal|p2b: Volcarona|94\/100|[from] Grassy Terrain\n|upkeep\n|\n|t:|1697643128\n|switch|p2a: Hawlucha|Hawlucha, M|100\/100\n|-enditem|p2a: Hawlucha|Grassy Seed\n|-boost|p2a: Hawlucha|def|1|[from] item: Grassy Seed\n|turn|3\n|\n|t:|1697643201\n|switch|p1b: Sycophant|Togekiss, M|100\/100\n|move|p2a: Hawlucha|High Jump Kick|p1b: Sycophant\n|-resisted|p1b: Sycophant\n|-damage|p1b: Sycophant|87\/100\n|-damage|p2a: Hawlucha|84\/100|[from] item: Rocky Helmet|[of] p1b: Sycophant\n|move|p1a: Winter|Blizzard|p2b: Volcarona|[spread] p2a,p2b\n|-supereffective|p2a: Hawlucha\n|-resisted|p2b: Volcarona\n|-damage|p2a: Hawlucha|0 fnt\n|-damage|p2b: Volcarona|80\/100\n|faint|p2a: Hawlucha\n|move|p2b: Volcarona|Heat Wave|p1a: Winter|[spread] p1a,p1b\n|-supereffective|p1a: Winter\n|-damage|p1a: Winter|29\/100\n|-damage|p1b: Sycophant|67\/100\n|\n|-weather|Snow|[upkeep]\n|-heal|p1a: Winter|35\/100|[from] Grassy Terrain\n|-heal|p2b: Volcarona|86\/100|[from] Grassy Terrain\n|upkeep\n|\n|t:|1697643231\n|switch|p2a: Blastoise|Blastoise, F|100\/100\n|turn|4\n|\n|t:|1697643250\n|move|p1a: Winter|Protect|p1a: Winter\n|-singleturn|p1a: Winter|Protect\n|move|p2a: Blastoise|Fake Out|p1b: Sycophant\n|-damage|p1b: Sycophant|60\/100\n|-damage|p2a: Blastoise|84\/100|[from] item: Rocky Helmet|[of] p1b: Sycophant\n|move|p2b: Volcarona|Heat Wave|p1a: Winter|[spread] p1b\n|-activate|p1a: Winter|move: Protect\n|-damage|p1b: Sycophant|40\/100\n|cant|p1b: Sycophant|flinch\n|\n|-weather|Snow|[upkeep]\n|-heal|p1a: Winter|41\/100|[from] Grassy Terrain\n|-heal|p2b: Volcarona|92\/100|[from] Grassy Terrain\n|-heal|p2a: Blastoise|90\/100|[from] Grassy Terrain\n|-heal|p2a: Blastoise|96\/100|[from] item: Leftovers\n|upkeep\n|turn|5\n|\n|t:|1697643291\n|move|p2a: Blastoise|Follow Me|p2a: Blastoise\n|-singleturn|p2a: Blastoise|move: Follow Me\n|move|p1a: Winter|Dark Pulse|p2a: Blastoise\n|-damage|p2a: Blastoise|76\/100\n|move|p2b: Volcarona|Heat Wave|p1a: Winter|[spread] p1a,p1b\n|-supereffective|p1a: Winter\n|-damage|p1a: Winter|0 fnt\n|-damage|p1b: Sycophant|20\/100\n|-status|p1b: Sycophant|brn\n|faint|p1a: Winter\n|move|p1b: Sycophant|Roost|p1b: Sycophant\n|-heal|p1b: Sycophant|70\/100 brn\n|-singleturn|p1b: Sycophant|move: Roost\n|\n|-weather|Snow|[upkeep]\n|-heal|p2b: Volcarona|98\/100|[from] Grassy Terrain\n|-heal|p1b: Sycophant|76\/100 brn|[from] Grassy Terrain\n|-heal|p2a: Blastoise|83\/100|[from] Grassy Terrain\n|-heal|p2a: Blastoise|89\/100|[from] item: Leftovers\n|-damage|p1b: Sycophant|70\/100 brn|[from] brn\n|-fieldend|move: Grassy Terrain\n|upkeep\n|\n|t:|1697643329\n|switch|p1a: MC Hammer|Jolteon, M|100\/100\n|turn|6\n|\n|t:|1697643397\n|switch|p2a: Dragapult|Dragapult, M|100\/100\n|move|p1a: MC Hammer|Thunder Wave|p2b: Volcarona\n|-status|p2b: Volcarona|par\n|move|p1b: Sycophant|Roost|p1b: Sycophant\n|-heal|p1b: Sycophant|100\/100 brn\n|-singleturn|p1b: Sycophant|move: Roost\n|move|p2b: Volcarona|Heat Wave|p1b: Sycophant|[spread] p1a\n|-miss|p2b: Volcarona|p1b: Sycophant\n|-damage|p1a: MC Hammer|60\/100\n|\n|-weather|Snow|[upkeep]\n|-damage|p1b: Sycophant|94\/100 brn|[from] brn\n|upkeep\n|turn|7\n|\n|t:|1697643482\n|move|p1a: MC Hammer|Thunder Wave|p2a: Dragapult\n|-status|p2a: Dragapult|par\n|move|p1b: Sycophant|Air Slash|p2a: Dragapult\n|-damage|p2a: Dragapult|63\/100 par\n|cant|p2a: Dragapult|flinch\n|cant|p2b: Volcarona|par\n|\n|-weather|Snow|[upkeep]\n|-damage|p1b: Sycophant|88\/100 brn|[from] brn\n|upkeep\n|turn|8\n|j| Spooky Gorl\n|\n|t:|1697643529\n|move|p1a: MC Hammer|Thunderbolt|p2b: Volcarona\n|-damage|p2b: Volcarona|62\/100 par\n|move|p1b: Sycophant|Air Slash|p2a: Dragapult\n|-damage|p2a: Dragapult|21\/100 par\n|cant|p2a: Dragapult|flinch\n|move|p2b: Volcarona|Heat Wave|p1b: Sycophant|[spread] p1a,p1b\n|-crit|p1b: Sycophant\n|-damage|p1a: MC Hammer|14\/100\n|-damage|p1b: Sycophant|62\/100 brn\n|-status|p1a: MC Hammer|brn\n|\n|-weather|none\n|-damage|p1a: MC Hammer|8\/100 brn|[from] brn\n|-damage|p1b: Sycophant|56\/100 brn|[from] brn\n|upkeep\n|turn|9\n|\n|t:|1697643584\n|cant|p2a: Dragapult|par\n|move|p1a: MC Hammer|Thunderbolt|p2b: Volcarona\n|-damage|p2b: Volcarona|25\/100 par\n|-enditem|p2b: Volcarona|Sitrus Berry|[eat]\n|-heal|p2b: Volcarona|50\/100 par|[from] item: Sitrus Berry\n|move|p1b: Sycophant|Air Slash|p2a: Dragapult\n|-damage|p2a: Dragapult|0 fnt\n|faint|p2a: Dragapult\n|move|p2b: Volcarona|Heat Wave|p1a: MC Hammer|[spread] p1a,p1b\n|-damage|p1a: MC Hammer|0 fnt\n|-damage|p1b: Sycophant|37\/100 brn\n|faint|p1a: MC Hammer\n|\n|-damage|p1b: Sycophant|31\/100 brn|[from] brn\n|upkeep\n|\n|t:|1697643634\n|switch|p1a: Vanilla Ice|Vanilluxe, M|100\/100\n|switch|p2a: Blastoise|Blastoise, F|89\/100\n|-weather|Snow|[from] ability: Snow Warning|[of] p1a: Vanilla Ice\n|turn|10\n|\n|t:|1697643656\n|move|p2a: Blastoise|Fake Out|p1b: Sycophant\n|-damage|p1b: Sycophant|23\/100 brn\n|-damage|p2a: Blastoise|72\/100|[from] item: Rocky Helmet|[of] p1b: Sycophant\n|cant|p1b: Sycophant|flinch\n|move|p1a: Vanilla Ice|Freeze-Dry|p2a: Blastoise\n|-supereffective|p2a: Blastoise\n|-damage|p2a: Blastoise|7\/100\n|move|p2b: Volcarona|Heat Wave|p1b: Sycophant|[spread] p1a,p1b\n|-supereffective|p1a: Vanilla Ice\n|-damage|p1a: Vanilla Ice|55\/100\n|-damage|p1b: Sycophant|5\/100 brn\n|\n|-weather|Snow|[upkeep]\n|-heal|p2a: Blastoise|13\/100|[from] item: Leftovers\n|-damage|p1b: Sycophant|0 fnt|[from] brn\n|faint|p1b: Sycophant\n|upkeep\n|\n|t:|1697643701\n|switch|p1b: Judas|Cloyster, F|100\/100\n|turn|11\n|\n|t:|1697643736\n|move|p1b: Judas|Rock Blast|p2b: Volcarona\n|-supereffective|p2b: Volcarona\n|-damage|p2b: Volcarona|10\/100 par\n|-supereffective|p2b: Volcarona\n|-damage|p2b: Volcarona|0 fnt\n|faint|p2b: Volcarona\n|-hitcount|p2: Volcarona|2\n|move|p1a: Vanilla Ice|Blizzard|p2a: Blastoise\n|-resisted|p2a: Blastoise\n|-damage|p2a: Blastoise|0 fnt\n|faint|p2a: Blastoise\n|\n|-weather|Snow|[upkeep]\n|upkeep\n|\n|t:|1697643762\n|switch|p2a: Tentacruel|Tentacruel, M|99\/100\n|turn|12\n|\n|t:|1697643780\n|move|p2a: Tentacruel|Knock Off|p1a: Vanilla Ice\n|-damage|p1a: Vanilla Ice|44\/100\n|-enditem|p1a: Vanilla Ice|Assault Vest|[from] move: Knock Off|[of] p2a: Tentacruel\n|move|p1b: Judas|Shell Smash|p1b: Judas\n|-unboost|p1b: Judas|def|1\n|-unboost|p1b: Judas|spd|1\n|-boost|p1b: Judas|atk|2\n|-boost|p1b: Judas|spa|2\n|-boost|p1b: Judas|spe|2\n|-enditem|p1b: Judas|White Herb\n|-clearnegativeboost|p1b: Judas|[silent]\n|move|p1a: Vanilla Ice|Freeze-Dry|p2a: Tentacruel\n|-supereffective|p2a: Tentacruel\n|-damage|p2a: Tentacruel|38\/100\n|\n|-weather|Snow|[upkeep]\n|-heal|p2a: Tentacruel|44\/100|[from] item: Black Sludge\n|upkeep\n|turn|13\n|\n|t:|1697643799\n|move|p1b: Judas|Icicle Spear|p2a: Tentacruel\n|-resisted|p2a: Tentacruel\n|-damage|p2a: Tentacruel|30\/100\n|-resisted|p2a: Tentacruel\n|-damage|p2a: Tentacruel|13\/100\n|-resisted|p2a: Tentacruel\n|-damage|p2a: Tentacruel|0 fnt\n|faint|p2a: Tentacruel\n|-hitcount|p2: Tentacruel|3\n|\n|win|Chumpette\n","uploadtime":1697643812,"views":17,"p1id":"chumpette","p2id":"disconnectsme","formatid":"gen9nationaldexdoubles","rating":0,"private":0,"password":""}