{"id":"gen9nationaldexdoubles-1974270098","p1":"Denvah_17","p2":"Numa no Kage","format":"[Gen 9] National Dex Doubles","log":"|j|\u2606Denvah_17\n|j|\u2606Numa no Kage\n|t:|1698073610\n|gametype|doubles\n|player|p1|Denvah_17|alder|1333\n|player|p2|Numa no Kage|acetrainer|1298\n|teamsize|p1|6\n|teamsize|p2|6\n|gen|9\n|tier|[Gen 9] National Dex Doubles\n|rated|\n|rule|HP Percentage Mod: HP is shown in percentages\n|rule|Endless Battle Clause: Forcing endless battles is banned\n|rule|OHKO Clause: OHKO moves are banned\n|rule|Evasion Moves Clause: Evasion moves are banned\n|rule|Evasion Abilities Clause: Evasion abilities are banned\n|rule|Species Clause: Limit one of each Pok\u00e9mon\n|rule|Gravity Sleep Clause: The combination of sleep-inducing moves with imperfect accuracy and Gravity or Gigantamax Orbeetle are banned\n|clearpoke\n|poke|p1|Sinistcha-Masterpiece|\n|poke|p1|Diancie|\n|poke|p1|Okidogi, M|\n|poke|p1|Ursaluna-Bloodmoon, M|\n|poke|p1|Volcanion|\n|poke|p1|Golisopod, F|\n|poke|p2|Chansey, F|\n|poke|p2|Okidogi, M|\n|poke|p2|Grimmsnarl, M|\n|poke|p2|Landorus-Therian, M|\n|poke|p2|Walking Wake|\n|poke|p2|Flutter Mane|\n|teampreview\n|inactive|Battle timer is ON: inactive players will automatically lose when time's up. (requested by Numa no Kage)\n|\n|t:|1698073617\n|start\n|switch|p1a: Rihanna|Diancie, shiny|100\/100\n|switch|p1b: NowThisIsPodRacing|Golisopod, F|100\/100\n|switch|p2a: Chansey|Chansey, F|100\/100\n|switch|p2b: Grimmsnarl|Grimmsnarl, M, shiny|100\/100\n|turn|1\n|\n|t:|1698073629\n|move|p1b: NowThisIsPodRacing|First Impression|p2a: Chansey\n|-damage|p2a: Chansey|55\/100\n|-damage|p1b: NowThisIsPodRacing|91\/100|[from] item: Life Orb\n|move|p2b: Grimmsnarl|Reflect|p2b: Grimmsnarl\n|-sidestart|p2: Numa no Kage|Reflect\n|move|p2a: Chansey|Stealth Rock|p1b: NowThisIsPodRacing\n|-sidestart|p1: Denvah_17|move: Stealth Rock\n|move|p1a: Rihanna|Trick Room|p1a: Rihanna\n|-fieldstart|move: Trick Room|[of] p1a: Rihanna\n|\n|upkeep\n|turn|2\n|\n|t:|1698073657\n|move|p1b: NowThisIsPodRacing|Aqua Jet|p2a: Chansey\n|-damage|p2a: Chansey|42\/100\n|-damage|p1b: NowThisIsPodRacing|81\/100|[from] item: Life Orb\n|move|p2b: Grimmsnarl|Parting Shot|p1b: NowThisIsPodRacing\n|-unboost|p1b: NowThisIsPodRacing|atk|1\n|-unboost|p1b: NowThisIsPodRacing|spa|1\n|\n|t:|1698073665\n|switch|p2b: Landorus|Landorus-Therian, M|100\/100|[from] Parting Shot\n|-ability|p2b: Landorus|Intimidate|boost\n|-fail|p1a: Rihanna|unboost|[from] ability: Clear Body|[of] p1a: Rihanna\n|-unboost|p1b: NowThisIsPodRacing|atk|1\n|move|p1a: Rihanna|Diamond Storm|p2b: Landorus|[spread] p2a,p2b\n|-damage|p2a: Chansey|30\/100\n|-damage|p2b: Landorus|77\/100\n|-boost|p1a: Rihanna|def|2\n|move|p2a: Chansey|Soft-Boiled|p2a: Chansey\n|-heal|p2a: Chansey|80\/100\n|\n|-heal|p2b: Landorus|83\/100|[from] item: Leftovers\n|upkeep\n|turn|3\n|\n|t:|1698073685\n|move|p1b: NowThisIsPodRacing|Wide Guard|p1b: NowThisIsPodRacing\n|-singleturn|p1b: NowThisIsPodRacing|Wide Guard\n|move|p1a: Rihanna|Diamond Storm|p2b: Landorus|[spread] p2a,p2b\n|-damage|p2a: Chansey|68\/100\n|-damage|p2b: Landorus|58\/100\n|move|p2a: Chansey|Soft-Boiled|p2a: Chansey\n|-heal|p2a: Chansey|100\/100\n|move|p2b: Landorus|Earthquake|p1b: NowThisIsPodRacing|[spread] p2a\n|-activate|p1a: Rihanna|move: Wide Guard\n|-activate|p1b: NowThisIsPodRacing|move: Wide Guard\n|-damage|p2a: Chansey|79\/100\n|\n|-heal|p2b: Landorus|64\/100|[from] item: Leftovers\n|upkeep\n|turn|4\n|\n|t:|1698073703\n|switch|p1b: Mr. Saxobeat|Volcanion|100\/100\n|-damage|p1b: Mr. Saxobeat|76\/100|[from] Stealth Rock\n|move|p2a: Chansey|Seismic Toss|p1a: Rihanna\n|-damage|p1a: Rihanna|67\/100\n|move|p1a: Rihanna|Diamond Storm|p2b: Landorus|[spread] p2a,p2b\n|-damage|p2a: Chansey|67\/100\n|-damage|p2b: Landorus|44\/100\n|-boost|p1a: Rihanna|def|2\n|move|p2b: Landorus|Stone Edge|p1b: Mr. Saxobeat\n|-supereffective|p1b: Mr. Saxobeat\n|-crit|p1b: Mr. Saxobeat\n|-damage|p1b: Mr. Saxobeat|0 fnt\n|faint|p1b: Mr. Saxobeat\n|\n|-heal|p2b: Landorus|50\/100|[from] item: Leftovers\n|upkeep\n|\n|t:|1698073721\n|switch|p1b: Dogecoin|Okidogi, M|100\/100\n|-damage|p1b: Dogecoin|94\/100|[from] Stealth Rock\n|turn|5\n|\n|t:|1698073731\n|move|p2a: Chansey|Soft-Boiled|p2a: Chansey\n|-heal|p2a: Chansey|100\/100\n|move|p1a: Rihanna|Diamond Storm|p2a: Chansey|[spread] p2a,p2b\n|-damage|p2a: Chansey|89\/100\n|-damage|p2b: Landorus|28\/100\n|-boost|p1a: Rihanna|def|2\n|move|p1b: Dogecoin|Ice Punch|p2b: Landorus\n|-supereffective|p2b: Landorus\n|-damage|p2b: Landorus|0 fnt\n|faint|p2b: Landorus\n|\n|-fieldend|move: Trick Room\n|upkeep\n|\n|t:|1698073751\n|switch|p2b: Grimmsnarl|Grimmsnarl, M, shiny|100\/100\n|turn|6\n|\n|t:|1698073758\n|move|p2b: Grimmsnarl|Taunt|p1a: Rihanna\n|-start|p1a: Rihanna|move: Taunt\n|move|p1b: Dogecoin|Drain Punch|p2a: Chansey\n|-supereffective|p2a: Chansey\n|-damage|p2a: Chansey|55\/100\n|-heal|p1b: Dogecoin|100\/100|[from] drain|[of] p2a: Chansey\n|move|p2a: Chansey|Seismic Toss|p1a: Rihanna\n|-damage|p1a: Rihanna|34\/100\n|cant|p1a: Rihanna|move: Taunt|Trick Room\n|\n|upkeep\n|turn|7\n|\n|t:|1698073773\n|move|p2b: Grimmsnarl|Parting Shot|p1b: Dogecoin\n|-unboost|p1b: Dogecoin|atk|1\n|-unboost|p1b: Dogecoin|spa|1\n|\n|t:|1698073777\n|switch|p2b: Walking Wake|Walking Wake|100\/100|[from] Parting Shot\n|move|p1b: Dogecoin|Drain Punch|p2a: Chansey\n|-supereffective|p2a: Chansey\n|-damage|p2a: Chansey|33\/100\n|move|p2a: Chansey|Soft-Boiled|p2a: Chansey\n|-heal|p2a: Chansey|83\/100\n|move|p1a: Rihanna|Dazzling Gleam|p2b: Walking Wake|[spread] p2a,p2b\n|-supereffective|p2b: Walking Wake\n|-damage|p2a: Chansey|76\/100\n|-damage|p2b: Walking Wake|69\/100\n|\n|upkeep\n|turn|8\n|\n|t:|1698073796\n|move|p2b: Walking Wake|Hydro Steam|p1a: Rihanna\n|-supereffective|p1a: Rihanna\n|-damage|p1a: Rihanna|0 fnt\n|faint|p1a: Rihanna\n|move|p1b: Dogecoin|Gunk Shot|p2b: Walking Wake\n|-damage|p2b: Walking Wake|34\/100\n|move|p2a: Chansey|Soft-Boiled|p2a: Chansey\n|-heal|p2a: Chansey|100\/100\n|\n|-sideend|p2: Numa no Kage|Reflect\n|upkeep\n|\n|t:|1698073803\n|switch|p1a: NowThisIsPodRacing|Golisopod, F|81\/100\n|-damage|p1a: NowThisIsPodRacing|56\/100|[from] Stealth Rock\n|turn|9\n|\n|t:|1698073827\n|-end|p2b: Walking Wake|Protosynthesis|[silent]\n|switch|p2b: Okidogi|Okidogi, M|100\/100\n|switch|p1b: Grass Latte|Sinistcha-Masterpiece|100\/100\n|-damage|p1b: Grass Latte|88\/100|[from] Stealth Rock\n|move|p1a: NowThisIsPodRacing|First Impression|p2b: Okidogi\n|-resisted|p2b: Okidogi\n|-damage|p2b: Okidogi|87\/100\n|-damage|p1a: NowThisIsPodRacing|46\/100|[from] item: Life Orb\n|-activate|p1a: NowThisIsPodRacing|ability: Emergency Exit\n|\n|t:|1698073831\n|switch|p1a: Freddy Fazbear|Ursaluna-Bloodmoon, M|100\/100\n|-damage|p1a: Freddy Fazbear|95\/100|[from] Stealth Rock\n|move|p2a: Chansey|Seismic Toss|p1b: Grass Latte\n|-immune|p1b: Grass Latte\n|\n|-heal|p1a: Freddy Fazbear|100\/100|[from] item: Leftovers\n|upkeep\n|turn|10\n|inactive|Numa no Kage has 120 seconds left.\n|\n|t:|1698073866\n|-terastallize|p1a: Freddy Fazbear|Ghost\n|move|p1b: Grass Latte|Strength Sap|p2b: Okidogi\n|-unboost|p2b: Okidogi|atk|1\n|-heal|p1b: Grass Latte|100\/100\n|move|p2b: Okidogi|Poison Fang|p1b: Grass Latte\n|-damage|p1b: Grass Latte|84\/100\n|move|p1a: Freddy Fazbear|Calm Mind|p1a: Freddy Fazbear\n|-boost|p1a: Freddy Fazbear|spa|1\n|-boost|p1a: Freddy Fazbear|spd|1\n|move|p2a: Chansey|Seismic Toss|p1a: Freddy Fazbear\n|-immune|p1a: Freddy Fazbear\n|\n|upkeep\n|turn|11\n|inactive|Numa no Kage has 120 seconds left.\n|\n|t:|1698073893\n|move|p1b: Grass Latte|Calm Mind|p1b: Grass Latte\n|-boost|p1b: Grass Latte|spa|1\n|-boost|p1b: Grass Latte|spd|1\n|move|p2b: Okidogi|Poison Fang|p1b: Grass Latte\n|-damage|p1b: Grass Latte|67\/100\n|-status|p1b: Grass Latte|tox\n|move|p1a: Freddy Fazbear|Hyper Voice|p2b: Okidogi|[spread] p2a,p2b\n|-damage|p2a: Chansey|81\/100\n|-damage|p2b: Okidogi|48\/100\n|move|p2a: Chansey|Thunder Wave|p1a: Freddy Fazbear\n|-status|p1a: Freddy Fazbear|par\n|\n|-damage|p1b: Grass Latte|61\/100 tox|[from] psn\n|upkeep\n|turn|12\n|inactive|Numa no Kage has 120 seconds left.\n|\n|t:|1698073923\n|move|p1b: Grass Latte|Matcha Gotcha|p2a: Chansey|[spread] p2a,p2b\n|-resisted|p2b: Okidogi\n|-damage|p2a: Chansey|69\/100\n|-heal|p1b: Grass Latte|76\/100 tox|[from] drain|[of] p2a: Chansey\n|-damage|p2b: Okidogi|35\/100\n|-heal|p1b: Grass Latte|85\/100 tox|[from] drain|[of] p2b: Okidogi\n|move|p2b: Okidogi|Ice Punch|p1b: Grass Latte\n|-supereffective|p1b: Grass Latte\n|-damage|p1b: Grass Latte|50\/100 tox\n|-enditem|p1b: Grass Latte|Weakness Policy\n|-boost|p1b: Grass Latte|atk|2|[from] item: Weakness Policy\n|-boost|p1b: Grass Latte|spa|2|[from] item: Weakness Policy\n|move|p2a: Chansey|Soft-Boiled|p2a: Chansey\n|-heal|p2a: Chansey|100\/100\n|move|p1a: Freddy Fazbear|Hyper Voice|p2b: Okidogi|[spread] p2a,p2b\n|-damage|p2a: Chansey|81\/100\n|-damage|p2b: Okidogi|0 fnt\n|faint|p2b: Okidogi\n|\n|-damage|p1b: Grass Latte|38\/100 tox|[from] psn\n|upkeep\n|\n|t:|1698073945\n|switch|p2b: Grimmsnarl|Grimmsnarl, M, shiny|100\/100\n|turn|13\n|\n|t:|1698073950\n|move|p2b: Grimmsnarl|Light Screen|p2b: Grimmsnarl\n|-sidestart|p2: Numa no Kage|move: Light Screen\n|move|p1b: Grass Latte|Matcha Gotcha|p2b: Grimmsnarl|[spread] p2a\n|-miss|p1b: Grass Latte|p2b: Grimmsnarl\n|-damage|p2a: Chansey|67\/100\n|-heal|p1b: Grass Latte|54\/100 tox|[from] drain|[of] p2a: Chansey\n|-status|p2a: Chansey|brn\n|move|p2a: Chansey|Soft-Boiled|p2a: Chansey\n|-heal|p2a: Chansey|100\/100 brn\n|move|p1a: Freddy Fazbear|Moonblast|p2b: Grimmsnarl\n|-supereffective|p2b: Grimmsnarl\n|-damage|p2b: Grimmsnarl|43\/100\n|-unboost|p2b: Grimmsnarl|spa|1\n|\n|-damage|p1b: Grass Latte|36\/100 tox|[from] psn\n|-damage|p2a: Chansey|94\/100 brn|[from] brn\n|upkeep\n|turn|14\n|\n|t:|1698073974\n|move|p2b: Grimmsnarl|Reflect|p2b: Grimmsnarl\n|-sidestart|p2: Numa no Kage|Reflect\n|move|p1b: Grass Latte|Matcha Gotcha|p2a: Chansey|[spread] p2a,p2b\n|-damage|p2a: Chansey|80\/100 brn\n|-heal|p1b: Grass Latte|54\/100 tox|[from] drain|[of] p2a: Chansey\n|-damage|p2b: Grimmsnarl|12\/100\n|-heal|p1b: Grass Latte|75\/100 tox|[from] drain|[of] p2b: Grimmsnarl\n|-status|p2b: Grimmsnarl|brn\n|move|p2a: Chansey|Soft-Boiled|p2a: Chansey\n|-heal|p2a: Chansey|100\/100 brn\n|move|p1a: Freddy Fazbear|Hyper Voice|p2b: Grimmsnarl|[spread] p2a,p2b\n|-damage|p2a: Chansey|88\/100 brn\n|-damage|p2b: Grimmsnarl|0 fnt\n|faint|p2b: Grimmsnarl\n|\n|-damage|p1b: Grass Latte|51\/100 tox|[from] psn\n|-damage|p2a: Chansey|82\/100 brn|[from] brn\n|upkeep\n|inactive|Numa no Kage has 120 seconds left.\n|\n|t:|1698074002\n|switch|p2b: Walking Wake|Walking Wake|34\/100\n|turn|15\n|\n|t:|1698074018\n|move|p2b: Walking Wake|Flamethrower|p1b: Grass Latte\n|-supereffective|p1b: Grass Latte\n|-damage|p1b: Grass Latte|25\/100 tox\n|move|p1b: Grass Latte|Matcha Gotcha|p2a: Chansey|[spread] p2a,p2b\n|-damage|p2a: Chansey|68\/100 brn\n|-heal|p1b: Grass Latte|43\/100 tox|[from] drain|[of] p2a: Chansey\n|-damage|p2b: Walking Wake|0 fnt\n|-heal|p1b: Grass Latte|63\/100 tox|[from] drain|[of] p2b: Walking Wake\n|faint|p2b: Walking Wake\n|-end|p2b: Walking Wake|Protosynthesis|[silent]\n|move|p2a: Chansey|Seismic Toss|p1a: Freddy Fazbear\n|-immune|p1a: Freddy Fazbear\n|move|p1a: Freddy Fazbear|Hyper Voice|p2a: Chansey\n|-damage|p2a: Chansey|50\/100 brn\n|\n|-damage|p1b: Grass Latte|33\/100 tox|[from] psn\n|-damage|p2a: Chansey|44\/100 brn|[from] brn\n|upkeep\n|inactive|Numa no Kage has 120 seconds left.\n|\n|t:|1698074040\n|switch|p2b: Mega Misdreavus|Flutter Mane, shiny|100\/100\n|turn|16\n|inactive|Numa no Kage has 120 seconds left.\n|\n|t:|1698074059\n|-terastallize|p2b: Mega Misdreavus|Ghost\n|move|p2b: Mega Misdreavus|Shadow Ball|p1b: Grass Latte\n|-supereffective|p1b: Grass Latte\n|-damage|p1b: Grass Latte|0 fnt\n|faint|p1b: Grass Latte\n|move|p2a: Chansey|Seismic Toss|p1a: Freddy Fazbear\n|-immune|p1a: Freddy Fazbear\n|cant|p1a: Freddy Fazbear|par\n|\n|-damage|p2a: Chansey|38\/100 brn|[from] brn\n|upkeep\n|\n|t:|1698074072\n|switch|p1b: NowThisIsPodRacing|Golisopod, F|46\/100\n|-damage|p1b: NowThisIsPodRacing|21\/100|[from] Stealth Rock\n|turn|17\n|\n|t:|1698074082\n|move|p1b: NowThisIsPodRacing|Sucker Punch|p2b: Mega Misdreavus\n|-supereffective|p2b: Mega Misdreavus\n|-damage|p2b: Mega Misdreavus|6\/100\n|-damage|p1b: NowThisIsPodRacing|11\/100|[from] item: Life Orb\n|move|p2b: Mega Misdreavus|Shadow Ball|p1a: Freddy Fazbear\n|-supereffective|p1a: Freddy Fazbear\n|-damage|p1a: Freddy Fazbear|14\/100 par\n|move|p2a: Chansey|Seismic Toss|p1b: NowThisIsPodRacing\n|-damage|p1b: NowThisIsPodRacing|0 fnt\n|faint|p1b: NowThisIsPodRacing\n|move|p1a: Freddy Fazbear|Earth Power|p2b: Mega Misdreavus\n|-damage|p2b: Mega Misdreavus|0 fnt\n|faint|p2b: Mega Misdreavus\n|-end|p2b: Mega Misdreavus|Protosynthesis|[silent]\n|\n|-heal|p1a: Freddy Fazbear|20\/100 par|[from] item: Leftovers\n|-damage|p2a: Chansey|32\/100 brn|[from] brn\n|upkeep\n|\n|t:|1698074096\n|switch|p1b: Dogecoin|Okidogi, M|100\/100\n|-damage|p1b: Dogecoin|94\/100|[from] Stealth Rock\n|turn|18\n|\n|t:|1698074101\n|move|p1b: Dogecoin|Drain Punch|p2a: Chansey\n|-supereffective|p2a: Chansey\n|-damage|p2a: Chansey|0 fnt\n|-heal|p1b: Dogecoin|100\/100|[from] drain|[of] p2a: Chansey\n|faint|p2a: Chansey\n|\n|win|Denvah_17\n|raw|Denvah_17's rating: 1310 &rarr; <strong>1329<\/strong><br \/>(+19 for winning)\n|raw|Numa no Kage's rating: 1298 &rarr; <strong>1274<\/strong><br \/>(-24 for losing)\n","uploadtime":1698074108,"views":11,"p1id":"denvah17","p2id":"numanokage","formatid":"gen9nationaldexdoubles","rating":1274,"private":0,"password":""}