{"id":"gen9nationaldexdoubles-1948093036","p1":"ColtDoesStuff","p2":"BigEpikGamer47","format":"[Gen 9] National Dex Doubles","log":"|j|\u2606ColtDoesStuff\n|j|\u2606BigEpikGamer47\n|t:|1695229924\n|gametype|doubles\n|player|p1|ColtDoesStuff|pokemonranger-gen4|1063\n|player|p2|BigEpikGamer47|266|1060\n|teamsize|p1|6\n|teamsize|p2|6\n|gen|9\n|tier|[Gen 9] National Dex Doubles\n|rated|\n|rule|HP Percentage Mod: HP is shown in percentages\n|rule|Endless Battle Clause: Forcing endless battles is banned\n|rule|OHKO Clause: OHKO moves are banned\n|rule|Evasion Moves Clause: Evasion moves are banned\n|rule|Evasion Abilities Clause: Evasion abilities are banned\n|rule|Species Clause: Limit one of each Pok\u00e9mon\n|rule|Gravity Sleep Clause: The combination of sleep-inducing moves with imperfect accuracy and Gravity or Gigantamax Orbeetle are banned\n|clearpoke\n|poke|p1|Drifblim, F|\n|poke|p1|Houndoom, M|\n|poke|p1|Tangrowth, F|\n|poke|p1|Manectric, F|\n|poke|p1|Porygon-Z|\n|poke|p1|Lapras, F|\n|poke|p2|Lurantis, F|\n|poke|p2|Shuckle, F|\n|poke|p2|Chimecho, M|\n|poke|p2|Clefable, M|\n|poke|p2|Gliscor, M|\n|poke|p2|Dusknoir, M|\n|teampreview\n|inactive|Battle timer is ON: inactive players will automatically lose when time's up. (requested by BigEpikGamer47)\n|inactive|ColtDoesStuff also wants the timer to be on.\n|\n|t:|1695229942\n|start\n|switch|p1a: Tangrowth|Tangrowth, F|100\/100\n|switch|p1b: Lapras|Lapras, F|100\/100\n|switch|p2a: Shuckle|Shuckle, F|100\/100\n|switch|p2b: Clefable|Clefable, M|100\/100\n|turn|1\n|inactive|ColtDoesStuff has 120 seconds left.\n|inactive|ColtDoesStuff has 90 seconds left.\n|\n|t:|1695230016\n|-terastallize|p1a: Tangrowth|Grass\n|move|p2b: Clefable|Cosmic Power|p2b: Clefable\n|-boost|p2b: Clefable|def|1\n|-boost|p2b: Clefable|spd|1\n|move|p1b: Lapras|Liquidation|p2a: Shuckle\n|-supereffective|p2a: Shuckle\n|-damage|p2a: Shuckle|59\/100\n|move|p1a: Tangrowth|Giga Drain|p2b: Clefable\n|-damage|p2b: Clefable|83\/100\n|move|p2a: Shuckle|Sticky Web|p1b: Lapras\n|-sidestart|p1: ColtDoesStuff|move: Sticky Web\n|\n|-heal|p2b: Clefable|89\/100|[from] item: Leftovers\n|-heal|p2a: Shuckle|65\/100|[from] item: Leftovers\n|upkeep\n|turn|2\n|inactive|ColtDoesStuff has 90 seconds left.\n|\n|t:|1695230038\n|move|p2b: Clefable|Cosmic Power|p2b: Clefable\n|-boost|p2b: Clefable|def|1\n|-boost|p2b: Clefable|spd|1\n|move|p1b: Lapras|Toxic|p2b: Clefable\n|-status|p2b: Clefable|tox\n|move|p1a: Tangrowth|Sludge Bomb|p2b: Clefable\n|-supereffective|p2b: Clefable\n|-damage|p2b: Clefable|74\/100 tox\n|move|p2a: Shuckle|Stealth Rock|p1b: Lapras\n|-sidestart|p1: ColtDoesStuff|move: Stealth Rock\n|\n|-heal|p2b: Clefable|80\/100 tox|[from] item: Leftovers\n|-heal|p2a: Shuckle|71\/100|[from] item: Leftovers\n|upkeep\n|turn|3\n|\n|t:|1695230057\n|move|p2b: Clefable|Cosmic Power|p2b: Clefable\n|-boost|p2b: Clefable|def|1\n|-boost|p2b: Clefable|spd|1\n|move|p1b: Lapras|Curse|p1b: Lapras\n|-unboost|p1b: Lapras|spe|1\n|-boost|p1b: Lapras|atk|1\n|-boost|p1b: Lapras|def|1\n|move|p1a: Tangrowth|Ancient Power|p2b: Clefable\n|-damage|p2b: Clefable|76\/100 tox\n|-boost|p1a: Tangrowth|atk|1\n|-boost|p1a: Tangrowth|def|1\n|-boost|p1a: Tangrowth|spa|1\n|-boost|p1a: Tangrowth|spd|1\n|-boost|p1a: Tangrowth|spe|1\n|move|p2a: Shuckle|Flash|p1b: Lapras\n|-unboost|p1b: Lapras|accuracy|1\n|\n|-heal|p2b: Clefable|82\/100 tox|[from] item: Leftovers\n|-heal|p2a: Shuckle|77\/100|[from] item: Leftovers\n|upkeep\n|turn|4\n|\n|t:|1695230083\n|move|p1a: Tangrowth|Focus Blast|p2a: Shuckle|[miss]\n|-miss|p1a: Tangrowth|p2a: Shuckle\n|move|p2b: Clefable|Cosmic Power|p2b: Clefable\n|-boost|p2b: Clefable|def|1\n|-boost|p2b: Clefable|spd|1\n|move|p1b: Lapras|Curse|p1b: Lapras\n|-unboost|p1b: Lapras|spe|1\n|-boost|p1b: Lapras|atk|1\n|-boost|p1b: Lapras|def|1\n|move|p2a: Shuckle|Flash|p1a: Tangrowth\n|-unboost|p1a: Tangrowth|accuracy|1\n|\n|-heal|p2b: Clefable|88\/100 tox|[from] item: Leftovers\n|-heal|p2a: Shuckle|83\/100|[from] item: Leftovers\n|upkeep\n|turn|5\n|\n|t:|1695230104\n|move|p1a: Tangrowth|Sludge Bomb|p2a: Shuckle\n|-resisted|p2a: Shuckle\n|-damage|p2a: Shuckle|75\/100\n|move|p2b: Clefable|Cosmic Power|p2b: Clefable\n|-boost|p2b: Clefable|def|1\n|-boost|p2b: Clefable|spd|1\n|move|p1b: Lapras|Liquidation|p2a: Shuckle\n|-supereffective|p2a: Shuckle\n|-damage|p2a: Shuckle|0 fnt\n|faint|p2a: Shuckle\n|\n|-heal|p2b: Clefable|94\/100 tox|[from] item: Leftovers\n|upkeep\n|\n|t:|1695230116\n|switch|p2a: Chimecho|Chimecho, M|100\/100\n|turn|6\n|\n|t:|1695230127\n|move|p1a: Tangrowth|Giga Drain|p2a: Chimecho\n|-damage|p2a: Chimecho|58\/100\n|move|p2a: Chimecho|Psych Up|p2b: Clefable\n|-copyboost|p2a: Chimecho|p2b: Clefable|[from] move: Psych Up\n|move|p2b: Clefable|Baton Pass|p2b: Clefable\n|\n|t:|1695230134\n|switch|p2b: Lurantis|Lurantis, F|100\/100|[from] Baton Pass\n|move|p1b: Lapras|Liquidation|p2a: Chimecho\n|-damage|p2a: Chimecho|34\/100\n|-unboost|p2a: Chimecho|def|1\n|\n|-heal|p2a: Chimecho|41\/100|[from] item: Leftovers\n|upkeep\n|turn|7\n|\n|t:|1695230156\n|move|p2b: Lurantis|Superpower|p1b: Lapras\n|-supereffective|p1b: Lapras\n|-damage|p1b: Lapras|79\/100\n|-boost|p2b: Lurantis|atk|1\n|-boost|p2b: Lurantis|def|1\n|move|p1a: Tangrowth|Sludge Bomb|p2b: Lurantis\n|-supereffective|p2b: Lurantis\n|-damage|p2b: Lurantis|81\/100\n|move|p2a: Chimecho|Defog|p2b: Lurantis\n|-boost|p2b: Lurantis|evasion|1\n|move|p1b: Lapras|Avalanche|p2b: Lurantis|[miss]\n|-miss|p1b: Lapras|p2b: Lurantis\n|\n|-heal|p2b: Lurantis|87\/100|[from] item: Leftovers\n|-heal|p2a: Chimecho|47\/100|[from] item: Leftovers\n|upkeep\n|turn|8\n|\n|t:|1695230178\n|move|p2b: Lurantis|Superpower|p1b: Lapras\n|-supereffective|p1b: Lapras\n|-damage|p1b: Lapras|49\/100\n|-boost|p2b: Lurantis|atk|1\n|move|p1a: Tangrowth|Sludge Bomb|p2b: Lurantis\n|-supereffective|p2b: Lurantis\n|-damage|p2b: Lurantis|64\/100\n|move|p2a: Chimecho|Defog|p2b: Lurantis\n|-boost|p2b: Lurantis|evasion|1\n|move|p1b: Lapras|Toxic|p2b: Lurantis|[miss]\n|-miss|p1b: Lapras|p2b: Lurantis\n|\n|-heal|p2b: Lurantis|70\/100|[from] item: Leftovers\n|-heal|p2a: Chimecho|53\/100|[from] item: Leftovers\n|upkeep\n|turn|9\n|\n|t:|1695230199\n|move|p2b: Lurantis|Superpower|p1b: Lapras\n|-supereffective|p1b: Lapras\n|-damage|p1b: Lapras|7\/100\n|-boost|p2b: Lurantis|atk|1\n|-enditem|p1b: Lapras|Liechi Berry|[eat]\n|-boost|p1b: Lapras|atk|1|[from] item: Liechi Berry\n|move|p1a: Tangrowth|Sludge Bomb|p2b: Lurantis|[miss]\n|-miss|p1a: Tangrowth|p2b: Lurantis\n|move|p2a: Chimecho|Defog|p2b: Lurantis\n|-boost|p2b: Lurantis|evasion|1\n|move|p1b: Lapras|Toxic|p2b: Lurantis\n|-status|p2b: Lurantis|tox\n|\n|-heal|p2b: Lurantis|76\/100 tox|[from] item: Leftovers\n|-heal|p2a: Chimecho|59\/100|[from] item: Leftovers\n|-damage|p2b: Lurantis|70\/100 tox|[from] psn\n|upkeep\n|turn|10\n|\n|t:|1695230220\n|move|p2b: Lurantis|Superpower|p1b: Lapras\n|-supereffective|p1b: Lapras\n|-damage|p1b: Lapras|0 fnt\n|-boost|p2b: Lurantis|atk|1\n|faint|p1b: Lapras\n|move|p1a: Tangrowth|Sludge Bomb|p2b: Lurantis|[miss]\n|-miss|p1a: Tangrowth|p2b: Lurantis\n|move|p2a: Chimecho|Defog|p2b: Lurantis\n|-boost|p2b: Lurantis|evasion|1\n|\n|-heal|p2b: Lurantis|76\/100 tox|[from] item: Leftovers\n|-heal|p2a: Chimecho|65\/100|[from] item: Leftovers\n|-damage|p2b: Lurantis|64\/100 tox|[from] psn\n|upkeep\n|inactive|ColtDoesStuff has 120 seconds left.\n|\n|t:|1695230236\n|switch|p1b: Drifblim|Drifblim, F|100\/100\n|-damage|p1b: Drifblim|76\/100|[from] Stealth Rock\n|turn|11\n|\n|t:|1695230252\n|move|p1b: Drifblim|Hex|p2b: Lurantis|[miss]\n|-miss|p1b: Drifblim|p2b: Lurantis\n|move|p2b: Lurantis|Leech Life|p1a: Tangrowth\n|-supereffective|p1a: Tangrowth\n|-crit|p1a: Tangrowth\n|-damage|p1a: Tangrowth|0 fnt\n|-heal|p2b: Lurantis|100\/100 tox|[from] drain|[of] p1a: Tangrowth\n|faint|p1a: Tangrowth\n|move|p2a: Chimecho|Psych Up|p2b: Lurantis\n|-copyboost|p2a: Chimecho|p2b: Lurantis|[from] move: Psych Up\n|\n|-heal|p2a: Chimecho|72\/100|[from] item: Leftovers\n|-damage|p2b: Lurantis|82\/100 tox|[from] psn\n|-status|p1b: Drifblim|brn|[from] item: Flame Orb\n|upkeep\n|\n|t:|1695230269\n|switch|p1a: Houndoom|Houndoom, M|100\/100\n|-activate|p1a: Houndoom|move: Sticky Web\n|-unboost|p1a: Houndoom|spe|1\n|-damage|p1a: Houndoom|76\/100|[from] Stealth Rock\n|turn|12\n|\n|t:|1695230278\n|move|p1b: Drifblim|Hex|p2b: Lurantis\n|-crit|p2b: Lurantis\n|-damage|p2b: Lurantis|0 fnt\n|faint|p2b: Lurantis\n|move|p1a: Houndoom|Heat Wave|p2a: Chimecho\n|-damage|p2a: Chimecho|60\/100\n|move|p2a: Chimecho|Defog|p2: Lurantis|[notarget]\n|-fail|p2a: Chimecho\n|\n|-heal|p2a: Chimecho|67\/100|[from] item: Leftovers\n|-damage|p1b: Drifblim|70\/100 brn|[from] brn\n|upkeep\n|\n|t:|1695230285\n|switch|p2b: Gliscor|Gliscor, M|100\/100\n|turn|13\n|\n|t:|1695230302\n|move|p1b: Drifblim|Psychic|p2b: Gliscor\n|-damage|p2b: Gliscor|56\/100\n|move|p2b: Gliscor|Screech|p1a: Houndoom\n|-unboost|p1a: Houndoom|def|2\n|move|p1a: Houndoom|Heat Wave|p2a: Chimecho|[spread] p2b\n|-miss|p1a: Houndoom|p2a: Chimecho\n|-damage|p2b: Gliscor|11\/100\n|move|p2a: Chimecho|Baton Pass|p2a: Chimecho\n|\n|t:|1695230311\n|switch|p2a: Dusknoir|Dusknoir, M|100\/100|[from] Baton Pass\n|-item|p1a: Houndoom|Flame Plate|[from] ability: Frisk|[of] p2a: Dusknoir|[identify]\n|-item|p1b: Drifblim|Flame Orb|[from] ability: Frisk|[of] p2a: Dusknoir|[identify]\n|\n|-damage|p1b: Drifblim|63\/100 brn|[from] brn\n|-status|p2b: Gliscor|tox|[from] item: Toxic Orb\n|upkeep\n|turn|14\n|\n|t:|1695230330\n|-singleturn|p2a: Dusknoir|move: Focus Punch\n|move|p1b: Drifblim|Hex|p2a: Dusknoir|[miss]\n|-miss|p1b: Drifblim|p2a: Dusknoir\n|move|p2b: Gliscor|Facade|p1a: Houndoom\n|-damage|p1a: Houndoom|0 fnt\n|faint|p1a: Houndoom\n|move|p2a: Dusknoir|Focus Punch|p1b: Drifblim\n|-immune|p1b: Drifblim\n|\n|-heal|p2b: Gliscor|23\/100 tox|[from] ability: Poison Heal\n|-damage|p1b: Drifblim|57\/100 brn|[from] brn\n|upkeep\n|\n|t:|1695230346\n|switch|p1a: Porygon-Z|Porygon-Z|100\/100\n|-activate|p1a: Porygon-Z|move: Sticky Web\n|-unboost|p1a: Porygon-Z|spe|1\n|-damage|p1a: Porygon-Z|88\/100|[from] Stealth Rock\n|turn|15\n|\n|t:|1695230364\n|move|p1b: Drifblim|Hex|p2a: Dusknoir|[miss]\n|-miss|p1b: Drifblim|p2a: Dusknoir\n|move|p2b: Gliscor|Facade|p1a: Porygon-Z\n|-damage|p1a: Porygon-Z|61\/100\n|move|p1a: Porygon-Z|Tri Attack|p2b: Gliscor\n|-damage|p2b: Gliscor|0 fnt\n|faint|p2b: Gliscor\n|move|p2a: Dusknoir|Leech Life|p1b: Drifblim\n|-resisted|p1b: Drifblim\n|-damage|p1b: Drifblim|27\/100 brn\n|\n|-damage|p1b: Drifblim|21\/100 brn|[from] brn\n|upkeep\n|\n|t:|1695230376\n|switch|p2b: Clefable|Clefable, M|94\/100 tox\n|turn|16\n|\n|t:|1695230397\n|switch|p1b: Manectric|Manectric, F|100\/100\n|-activate|p1b: Manectric|move: Sticky Web\n|-unboost|p1b: Manectric|spe|1\n|-damage|p1b: Manectric|88\/100|[from] Stealth Rock\n|move|p2b: Clefable|Psych Up|p2a: Dusknoir\n|-copyboost|p2b: Clefable|p2a: Dusknoir|[from] move: Psych Up\n|move|p1a: Porygon-Z|Discharge|p2a: Dusknoir|[spread] p2a,p2b\n|-ability|p1b: Manectric|Lightning Rod|boost\n|-boost|p1b: Manectric|spa|1\n|-damage|p2a: Dusknoir|96\/100\n|-damage|p2b: Clefable|91\/100 tox\n|move|p2a: Dusknoir|Leech Life|p1b: Manectric\n|-damage|p1b: Manectric|0 fnt\n|-heal|p2a: Dusknoir|100\/100|[from] drain|[of] p1b: Manectric\n|faint|p1b: Manectric\n|\n|-heal|p2b: Clefable|97\/100 tox|[from] item: Leftovers\n|upkeep\n|inactive|ColtDoesStuff has 120 seconds left.\n|\n|t:|1695230417\n|switch|p1b: Drifblim|Drifblim, F|21\/100 brn\n|-damage|p1b: Drifblim|0 fnt|[from] Stealth Rock\n|faint|p1b: Drifblim\n|turn|17\n|\n|t:|1695230427\n|-singleturn|p2a: Dusknoir|move: Focus Punch\n|move|p2b: Clefable|Heal Bell|p2b: Clefable\n|-activate|p2b: Clefable|move: Heal Bell\n|-curestatus|p2b: Clefable|tox|[msg]\n|move|p1a: Porygon-Z|Tri Attack|p2b: Clefable|[miss]\n|-miss|p1a: Porygon-Z|p2b: Clefable\n|move|p2a: Dusknoir|Focus Punch|p1a: Porygon-Z\n|-supereffective|p1a: Porygon-Z\n|-damage|p1a: Porygon-Z|0 fnt\n|faint|p1a: Porygon-Z\n|\n|win|BigEpikGamer47\n|raw|ColtDoesStuff's rating: 1063 &rarr; <strong>1043<\/strong><br \/>(-20 for losing)\n|raw|BigEpikGamer47's rating: 1060 &rarr; <strong>1091<\/strong><br \/>(+31 for winning)\n|l|\u2606ColtDoesStuff\n","uploadtime":1695230452,"views":7,"p1id":"coltdoesstuff","p2id":"bigepikgamer47","formatid":"gen9nationaldexdoubles","rating":1043,"private":0,"password":""}