{"id":"gen9nationaldexdoubles-1981218132","p1":"LowksterP","p2":"Icey37","format":"[Gen 9] National Dex Doubles","log":"|j|\u2606LowksterP\n|j|\u203dIcey37\n|t:|1698873436\n|gametype|doubles\n|player|p1|LowksterP|striker|1024\n|player|p2|Icey37|bea|1088\n|teamsize|p1|6\n|teamsize|p2|6\n|gen|9\n|tier|[Gen 9] National Dex Doubles\n|rated|\n|rule|HP Percentage Mod: HP is shown in percentages\n|rule|Endless Battle Clause: Forcing endless battles is banned\n|rule|OHKO Clause: OHKO moves are banned\n|rule|Evasion Moves Clause: Evasion moves are banned\n|rule|Evasion Abilities Clause: Evasion abilities are banned\n|rule|Species Clause: Limit one of each Pok\u00e9mon\n|rule|Gravity Sleep Clause: The combination of sleep-inducing moves with imperfect accuracy and Gravity or Gigantamax Orbeetle are banned\n|clearpoke\n|poke|p1|Qwilfish, M|\n|poke|p1|Chandelure, M|\n|poke|p1|Altaria, M|\n|poke|p1|Eldegoss, M|\n|poke|p1|Jirachi|\n|poke|p1|Primeape, M|\n|poke|p2|Blacephalon|\n|poke|p2|Whimsicott, M|\n|poke|p2|Grimmsnarl, M|\n|poke|p2|Chi-Yu|\n|poke|p2|Haxorus, M|\n|poke|p2|Heatran, M|\n|teampreview\n|inactive|Battle timer is ON: inactive players will automatically lose when time's up. (requested by Icey37)\n|\n|t:|1698873444\n|start\n|switch|p1a: Jirachi|Jirachi, shiny|100\/100\n|switch|p1b: Qweefish|Qwilfish, M, shiny|100\/100\n|switch|p2a: Whimsicott|Whimsicott, M|100\/100\n|switch|p2b: Blacephalon|Blacephalon|100\/100\n|-ability|p1b: Qweefish|Intimidate|boost\n|-unboost|p2a: Whimsicott|atk|1\n|-unboost|p2b: Blacephalon|atk|1\n|turn|1\n|inactive|LowksterP has 120 seconds left.\n|\n|t:|1698873477\n|-terastallize|p2b: Blacephalon|Fire\n|move|p2a: Whimsicott|Sunny Day|p2a: Whimsicott\n|-weather|SunnyDay\n|move|p2b: Blacephalon|Mind Blown|p1a: Jirachi|[spread] p2a,p1a,p1b\n|-supereffective|p2a: Whimsicott\n|-crit|p2a: Whimsicott\n|-supereffective|p1a: Jirachi\n|-resisted|p1b: Qweefish\n|-enditem|p2a: Whimsicott|Focus Sash\n|-damage|p2a: Whimsicott|1\/100\n|-damage|p1a: Jirachi|0 fnt\n|-damage|p1b: Qweefish|10\/100\n|-damage|p2b: Blacephalon|50\/100|[from] mindblown\n|faint|p1a: Jirachi\n|-ability|p2b: Blacephalon|Beast Boost|boost\n|-boost|p2b: Blacephalon|spa|1\n|-heal|p2b: Blacephalon|96\/100|[from] item: Shell Bell|[of] p1b: Qweefish\n|move|p1b: Qweefish|Icy Wind|p2b: Blacephalon|[spread] p2a\n|-miss|p1b: Qweefish|p2b: Blacephalon\n|-supereffective|p2a: Whimsicott\n|-damage|p2a: Whimsicott|0 fnt\n|faint|p2a: Whimsicott\n|\n|-weather|SunnyDay|[upkeep]\n|upkeep\n|inactive|LowksterP has 120 seconds left.\n|\n|t:|1698873506\n|switch|p1a: Eldegoss|Eldegoss, M, shiny|100\/100\n|switch|p2a: Heatran|Heatran, M|100\/100\n|turn|2\n|\n|t:|1698873526\n|switch|p1a: Altaria|Altaria, M, shiny|100\/100\n|-ability|p1a: Altaria|Cloud Nine\n|move|p2a: Heatran|Eruption|p1b: Qweefish|[spread] p1a,p1b\n|-resisted|p1a: Altaria\n|-resisted|p1b: Qweefish\n|-damage|p1a: Altaria|71\/100\n|-damage|p1b: Qweefish|0 fnt\n|faint|p1b: Qweefish\n|move|p2b: Blacephalon|Mind Blown|p1a: Altaria|[spread] p1a\n|-start|p2a: Heatran|ability: Flash Fire\n|-resisted|p1a: Altaria\n|-damage|p1a: Altaria|7\/100\n|-damage|p2b: Blacephalon|46\/100|[from] mindblown\n|-heal|p2b: Blacephalon|55\/100|[from] item: Shell Bell|[of] p1a: Altaria\n|\n|-weather|SunnyDay|[upkeep]\n|-heal|p1a: Altaria|14\/100|[from] item: Leftovers\n|upkeep\n|inactive|LowksterP has 120 seconds left.\n|\n|t:|1698873545\n|switch|p1b: Chandelure|Chandelure, M, shiny|100\/100\n|turn|3\n|inactive|LowksterP has 120 seconds left.\n|\n|t:|1698873574\n|-end|p2a: Heatran|ability: Flash Fire|[silent]\n|switch|p2a: Grimmsnarl|Grimmsnarl, M|100\/100\n|move|p2b: Blacephalon|Mind Blown|p1a: Altaria|[spread] p2a,p1a,p1b\n|-resisted|p1a: Altaria\n|-resisted|p1b: Chandelure\n|-damage|p2a: Grimmsnarl|8\/100\n|-damage|p1a: Altaria|0 fnt\n|-damage|p1b: Chandelure|23\/100\n|-damage|p2b: Blacephalon|5\/100|[from] mindblown\n|faint|p1a: Altaria\n|-ability|p2b: Blacephalon|Beast Boost|boost\n|-boost|p2b: Blacephalon|spa|1\n|-heal|p2b: Blacephalon|36\/100|[from] item: Shell Bell|[of] p1b: Chandelure\n|move|p1b: Chandelure|Psych Up|p2b: Blacephalon\n|-copyboost|p1b: Chandelure|p2b: Blacephalon|[from] move: Psych Up\n|\n|-weather|SunnyDay|[upkeep]\n|-heal|p1b: Chandelure|30\/100|[from] item: Leftovers\n|upkeep\n|inactive|LowksterP has 120 seconds left.\n|\n|t:|1698873593\n|switch|p1a: Primeape|Primeape, M, shiny|100\/100\n|turn|4\n|\n|t:|1698873607\n|move|p2a: Grimmsnarl|Fake Out|p1a: Primeape\n|-damage|p1a: Primeape|86\/100\n|move|p2b: Blacephalon|Expanding Force|p1b: Chandelure\n|-damage|p1b: Chandelure|0 fnt\n|faint|p1b: Chandelure\n|-ability|p2b: Blacephalon|Beast Boost|boost\n|-boost|p2b: Blacephalon|spa|1\n|-heal|p2b: Blacephalon|40\/100|[from] item: Shell Bell|[of] p1: Chandelure\n|cant|p1a: Primeape|flinch\n|\n|-weather|SunnyDay|[upkeep]\n|upkeep\n|\n|t:|1698873615\n|switch|p1b: Eldegoss|Eldegoss, M, shiny|100\/100\n|turn|5\n|\n|t:|1698873627\n|move|p2a: Grimmsnarl|Thunder Wave|p1a: Primeape\n|-status|p1a: Primeape|par\n|move|p2b: Blacephalon|Mind Blown|p1b: Eldegoss|[spread] p2a,p1a,p1b\n|-supereffective|p1b: Eldegoss\n|-damage|p2a: Grimmsnarl|0 fnt\n|-damage|p1a: Primeape|0 fnt\n|-damage|p1b: Eldegoss|0 fnt\n|-damage|p2b: Blacephalon|0 fnt|[from] mindblown\n|faint|p2b: Blacephalon\n|faint|p2a: Grimmsnarl\n|faint|p1a: Primeape\n|faint|p1b: Eldegoss\n|\n|win|Icey37\n|raw|LowksterP's rating: 1024 &rarr; <strong>1013<\/strong><br \/>(-11 for losing)\n|raw|Icey37's rating: 1088 &rarr; <strong>1110<\/strong><br \/>(+22 for winning)\n|l|\u2606LowksterP\n","uploadtime":1698873646,"views":8,"p1id":"lowksterp","p2id":"icey37","formatid":"gen9nationaldexdoubles","rating":1013,"private":0,"password":""}