{"id":"gen9nationaldexdoubles-1998383389","p1":"mcjuanito","p2":"joakota","format":"[Gen 9] National Dex Doubles","log":"|j|\u2606mcjuanito\n|j|\u2606joakota\n|t:|1700936189\n|gametype|doubles\n|player|p1|mcjuanito|101|\n|player|p2|joakota|sage|\n|teamsize|p1|6\n|teamsize|p2|6\n|gen|9\n|tier|[Gen 9] National Dex Doubles\n|rule|HP Percentage Mod: HP is shown in percentages\n|rule|Endless Battle Clause: Forcing endless battles is banned\n|rule|OHKO Clause: OHKO moves are banned\n|rule|Evasion Moves Clause: Evasion moves are banned\n|rule|Evasion Abilities Clause: Evasion abilities are banned\n|rule|Species Clause: Limit one of each Pok\u00e9mon\n|rule|Gravity Sleep Clause: The combination of sleep-inducing moves with imperfect accuracy and Gravity or Gigantamax Orbeetle are banned\n|clearpoke\n|poke|p1|Roaring Moon|\n|poke|p1|Oricorio-Sensu, F|\n|poke|p1|Ribombee, F|\n|poke|p1|Spinda, M|\n|poke|p1|Cresselia, F|\n|poke|p1|Scizor, M|\n|poke|p2|Oricorio-Pom-Pom, M|\n|poke|p2|Ogerpon-Hearthflame, F|\n|poke|p2|Salamence, M|\n|poke|p2|Walking Wake|\n|poke|p2|Scizor, F|\n|poke|p2|Murkrow, M|\n|teampreview\n|inactive|Battle timer is ON: inactive players will automatically lose when time's up. (requested by joakota)\n|\n|t:|1700936218\n|start\n|switch|p1a: Roaring Moon|Roaring Moon|100\/100\n|switch|p1b: Cresselia|Cresselia, F|100\/100\n|switch|p2a: Walking Wake|Walking Wake|100\/100\n|switch|p2b: Murkrow|Murkrow, M|100\/100\n|-enditem|p1a: Roaring Moon|Booster Energy\n|-activate|p1a: Roaring Moon|ability: Protosynthesis|[fromitem]\n|-start|p1a: Roaring Moon|protosynthesisatk\n|turn|1\n|\n|t:|1700936235\n|-terastallize|p1a: Roaring Moon|Flying\n|-terastallize|p2a: Walking Wake|Water\n|move|p2b: Murkrow|Taunt|p1b: Cresselia\n|-start|p1b: Cresselia|move: Taunt\n|move|p1a: Roaring Moon|Acrobatics|p2a: Walking Wake\n|-damage|p2a: Walking Wake|16\/100\n|move|p2a: Walking Wake|Dragon Dance|p2a: Walking Wake\n|-boost|p2a: Walking Wake|atk|1\n|-boost|p2a: Walking Wake|spe|1\n|move|p1b: Cresselia|Ice Beam|p2b: Murkrow\n|-supereffective|p2b: Murkrow\n|-damage|p2b: Murkrow|50\/100\n|\n|upkeep\n|turn|2\n|inactive|joakota has 270 seconds left.\n|\n|t:|1700936272\n|move|p2b: Murkrow|Feather Dance|p1a: Roaring Moon\n|-unboost|p1a: Roaring Moon|atk|2\n|move|p2a: Walking Wake|Hydro Steam|p1a: Roaring Moon\n|-damage|p1a: Roaring Moon|45\/100\n|move|p1a: Roaring Moon|Acrobatics|p2a: Walking Wake\n|-damage|p2a: Walking Wake|0 fnt\n|faint|p2a: Walking Wake\n|-end|p2a: Walking Wake|Protosynthesis|[silent]\n|move|p1b: Cresselia|Ice Beam|p2b: Murkrow\n|-supereffective|p2b: Murkrow\n|-damage|p2b: Murkrow|7\/100\n|\n|upkeep\n|\n|t:|1700936285\n|switch|p2a: Oricorio|Oricorio-Pom-Pom, M|100\/100\n|turn|3\n|inactive|joakota has 270 seconds left.\n|\n|t:|1700936314\n|-end|p1a: Roaring Moon|Protosynthesis|[silent]\n|switch|p1a: Spinda|Spinda, M|100\/100\n|switch|p2b: Scizor|Scizor, F|100\/100\n|move|p2a: Oricorio|Revelation Dance|p1a: Spinda\n|-damage|p1a: Spinda|20\/100\n|-enditem|p1a: Spinda|Salac Berry|[eat]\n|-boost|p1a: Spinda|spe|1|[from] item: Salac Berry\n|move|p1b: Cresselia|Ice Beam|p2b: Scizor\n|-resisted|p2b: Scizor\n|-crit|p2b: Scizor\n|-damage|p2b: Scizor|80\/100\n|\n|-end|p1b: Cresselia|move: Taunt\n|upkeep\n|turn|4\n|inactive|joakota has 270 seconds left.\n|inactive|mcjuanito has 270 seconds left.\n|\n|t:|1700936363\n|switch|p1b: Ribombee|Ribombee, F|100\/100\n|move|p1a: Spinda|Teeter Dance|p2b: Scizor|[spread] p1b,p2a,p2b\n|-start|p1b: Ribombee|confusion\n|-start|p2a: Oricorio|confusion\n|-start|p2b: Scizor|confusion\n|-activate|p2a: Oricorio|ability: Dancer\n|-activate|p2a: Oricorio|confusion\n|move|p2a: Oricorio|Teeter Dance||[from]ability: Dancer|[still]|[spread] \n|-immune|p1a: Spinda|confusion|[from] ability: Own Tempo\n|-fail|p2a: Oricorio\n|-activate|p2a: Oricorio|confusion\n|move|p2a: Oricorio|Icy Wind|p1b: Ribombee|[spread] p1a,p1b\n|-damage|p1a: Spinda|0 fnt\n|-damage|p1b: Ribombee|79\/100\n|faint|p1a: Spinda\n|-enditem|p1b: Ribombee|Red Card|[of] p2a: Oricorio\n|drag|p2a: Salamence|Salamence, M|100\/100\n|-ability|p2a: Salamence|Intimidate|boost\n|-unboost|p1b: Ribombee|atk|1\n|-activate|p2b: Scizor|confusion\n|move|p2b: Scizor|X-Scissor|p1b: Ribombee\n|-resisted|p1b: Ribombee\n|-damage|p1b: Ribombee|19\/100\n|-damage|p2b: Scizor|70\/100|[from] item: Life Orb\n|\n|upkeep\n|inactive|mcjuanito has 240 seconds left.\n|\n|t:|1700936395\n|switch|p1a: Roaring Moon|Roaring Moon, tera:Flying|45\/100\n|turn|5\n|\n|t:|1700936403\n|detailschange|p2a: Salamence|Salamence-Mega, M\n|-mega|p2a: Salamence|Salamence|Salamencite\n|-activate|p2b: Scizor|confusion\n|move|p2b: Scizor|Bullet Punch|p1b: Ribombee\n|-supereffective|p1b: Ribombee\n|-damage|p1b: Ribombee|0 fnt\n|faint|p1b: Ribombee\n|-damage|p2b: Scizor|61\/100|[from] item: Life Orb\n|move|p1a: Roaring Moon|Acrobatics|p2b: Scizor\n|-crit|p2b: Scizor\n|-damage|p2b: Scizor|0 fnt\n|faint|p2b: Scizor\n|move|p2a: Salamence|Return|p1a: Roaring Moon\n|-damage|p1a: Roaring Moon|0 fnt\n|faint|p1a: Roaring Moon\n|-end|p1a: Roaring Moon|Protosynthesis|[silent]\n|\n|upkeep\n|inactive|mcjuanito has 270 seconds left.\n|\n|t:|1700936423\n|switch|p1a: Oricorio|Oricorio-Sensu, F|100\/100\n|switch|p1b: Scizor|Scizor, M|100\/100\n|switch|p2b: Oricorio|Oricorio-Pom-Pom, M|100\/100\n|turn|6\n|inactive|mcjuanito has 270 seconds left.\n|\n|t:|1700936459\n|switch|p2a: Ogerpon|Ogerpon-Hearthflame, F|100\/100\n|-ability|p2a: Ogerpon|Mold Breaker\n|detailschange|p1b: Scizor|Scizor-Mega, M\n|-mega|p1b: Scizor|Scizor|Scizorite\n|move|p1b: Scizor|Bullet Punch|p2a: Ogerpon\n|-resisted|p2a: Ogerpon\n|-damage|p2a: Ogerpon|79\/100\n|move|p2b: Oricorio|Taunt|p1a: Oricorio\n|-start|p1a: Oricorio|move: Taunt\n|cant|p1a: Oricorio|move: Taunt|Tailwind\n|\n|upkeep\n|turn|7\n|\n|t:|1700936478\n|move|p1b: Scizor|Protect|p1b: Scizor\n|-singleturn|p1b: Scizor|Protect\n|move|p2a: Ogerpon|Ivy Cudgel|p1b: Scizor|[anim] Ivy Cudgel Fire\n|-activate|p1b: Scizor|move: Protect\n|move|p2b: Oricorio|Icy Wind|p1a: Oricorio|[spread] p1a\n|-activate|p1b: Scizor|move: Protect\n|-supereffective|p1a: Oricorio\n|-damage|p1a: Oricorio|72\/100\n|-unboost|p1a: Oricorio|spe|1\n|move|p1a: Oricorio|Revelation Dance|p2a: Ogerpon\n|-damage|p2a: Ogerpon|45\/100\n|-activate|p2b: Oricorio|ability: Dancer\n|move|p2b: Oricorio|Revelation Dance|p1a: Oricorio|[from]ability: Dancer\n|-supereffective|p1a: Oricorio\n|-damage|p1a: Oricorio|0 fnt\n|faint|p1a: Oricorio\n|\n|upkeep\n|\n|t:|1700936496\n|switch|p1a: Cresselia|Cresselia, F|100\/100\n|turn|8\n|\n|t:|1700936507\n|switch|p2b: Salamence|Salamence-Mega, M|100\/100\n|move|p1b: Scizor|Protect|p1b: Scizor\n|-singleturn|p1b: Scizor|Protect\n|move|p2a: Ogerpon|Ivy Cudgel|p1b: Scizor|[anim] Ivy Cudgel Fire\n|-activate|p1b: Scizor|move: Protect\n|move|p1a: Cresselia|Psychic|p2a: Ogerpon\n|-damage|p2a: Ogerpon|1\/100\n|\n|upkeep\n|turn|9\n|\n|t:|1700936523\n|move|p1b: Scizor|Bullet Punch|p2a: Ogerpon\n|-resisted|p2a: Ogerpon\n|-damage|p2a: Ogerpon|0 fnt\n|faint|p2a: Ogerpon\n|move|p2b: Salamence|Return|p1a: Cresselia\n|-damage|p1a: Cresselia|57\/100\n|move|p1a: Cresselia|Ice Beam|p2b: Salamence\n|-supereffective|p2b: Salamence\n|-damage|p2b: Salamence|15\/100\n|\n|-heal|p1a: Cresselia|63\/100|[from] item: Leftovers\n|upkeep\n|\n|t:|1700936537\n|switch|p2a: Murkrow|Murkrow, M|7\/100\n|turn|10\n|\n|t:|1700936545\n|move|p2b: Salamence|Protect|p2b: Salamence\n|-singleturn|p2b: Salamence|Protect\n|move|p1b: Scizor|Bullet Punch|p2a: Murkrow\n|-damage|p2a: Murkrow|0 fnt\n|faint|p2a: Murkrow\n|move|p1a: Cresselia|Ice Beam|p2b: Salamence\n|-activate|p2b: Salamence|move: Protect\n|\n|-heal|p1a: Cresselia|69\/100|[from] item: Leftovers\n|upkeep\n|\n|t:|1700936552\n|switch|p2a: Oricorio|Oricorio-Pom-Pom, M|100\/100\n|turn|11\n|\n|t:|1700936569\n|move|p1b: Scizor|Bullet Punch|p2b: Salamence\n|-damage|p2b: Salamence|0 fnt\n|faint|p2b: Salamence\n|move|p2a: Oricorio|Revelation Dance|p1b: Scizor\n|-damage|p1b: Scizor|56\/100\n|move|p1a: Cresselia|Ice Beam|p2a: Oricorio\n|-supereffective|p2a: Oricorio\n|-damage|p2a: Oricorio|21\/100\n|-enditem|p2a: Oricorio|Sitrus Berry|[eat]\n|-heal|p2a: Oricorio|46\/100|[from] item: Sitrus Berry\n|\n|-heal|p1a: Cresselia|75\/100|[from] item: Leftovers\n|upkeep\n|turn|12\n|\n|t:|1700936587\n|move|p1b: Scizor|Bullet Punch|p2a: Oricorio\n|-resisted|p2a: Oricorio\n|-damage|p2a: Oricorio|18\/100\n|move|p2a: Oricorio|Revelation Dance|p1b: Scizor\n|-damage|p1b: Scizor|5\/100\n|move|p1a: Cresselia|Ice Beam|p2a: Oricorio\n|-supereffective|p2a: Oricorio\n|-damage|p2a: Oricorio|0 fnt\n|faint|p2a: Oricorio\n|\n|win|mcjuanito\n","uploadtime":1700936595,"views":3,"p1id":"mcjuanito","p2id":"joakota","formatid":"gen9nationaldexdoubles","rating":0,"private":0,"password":""}