{"id":"gen9nationaldexdoubles-1949816322","p1":"bhvvcghckghf","p2":"Firiduff","format":"[Gen 9] National Dex Doubles","log":"|j|\u2606bhvvcghckghf\n|j|\u2606Firiduff\n|t:|1695401283\n|gametype|doubles\n|player|p1|bhvvcghckghf|gambler|1000\n|player|p2|Firiduff|2|1000\n|teamsize|p1|6\n|teamsize|p2|6\n|gen|9\n|tier|[Gen 9] National Dex Doubles\n|rated|\n|rule|HP Percentage Mod: HP is shown in percentages\n|rule|Endless Battle Clause: Forcing endless battles is banned\n|rule|OHKO Clause: OHKO moves are banned\n|rule|Evasion Moves Clause: Evasion moves are banned\n|rule|Evasion Abilities Clause: Evasion abilities are banned\n|rule|Species Clause: Limit one of each Pok\u00e9mon\n|rule|Gravity Sleep Clause: The combination of sleep-inducing moves with imperfect accuracy and Gravity or Gigantamax Orbeetle are banned\n|clearpoke\n|poke|p1|Rillaboom, F|\n|poke|p1|Amoonguss, M|\n|poke|p1|Grimmsnarl, M|\n|poke|p1|Blastoise, M|\n|poke|p1|Kartana|\n|poke|p1|Kommo-o, M|\n|poke|p2|Aerodactyl, M|\n|poke|p2|Tyranitar, M|\n|poke|p2|Kabutops, F|\n|poke|p2|Omastar, F|\n|poke|p2|Cradily, F|\n|poke|p2|Aurorus, F|\n|teampreview\n|j| The Rotom Family\n|\n|t:|1695401296\n|start\n|switch|p1a: Blastoise|Blastoise, M, shiny|100\/100\n|switch|p1b: Grimmsnarl|Grimmsnarl, M, shiny|100\/100\n|switch|p2a: Aurorus|Aurorus, F, shiny|100\/100\n|switch|p2b: Lime|Kabutops, F, shiny|100\/100\n|-weather|Snow|[from] ability: Snow Warning|[of] p2a: Aurorus\n|turn|1\n|l| The Rotom Family\n|\n|t:|1695401309\n|detailschange|p1a: Blastoise|Blastoise-Mega, M, shiny\n|-mega|p1a: Blastoise|Blastoise|Blastoisinite\n|move|p1b: Grimmsnarl|Reflect|p1b: Grimmsnarl\n|-sidestart|p1: bhvvcghckghf|Reflect\n|move|p2b: Lime|Swords Dance|p2b: Lime\n|-boost|p2b: Lime|atk|2\n|move|p1a: Blastoise|Shell Smash|p1a: Blastoise\n|-unboost|p1a: Blastoise|def|1\n|-unboost|p1a: Blastoise|spd|1\n|-boost|p1a: Blastoise|atk|2\n|-boost|p1a: Blastoise|spa|2\n|-boost|p1a: Blastoise|spe|2\n|move|p2a: Aurorus|Aurora Veil|p2a: Aurorus\n|-sidestart|p2: Firiduff|move: Aurora Veil\n|\n|-weather|Snow|[upkeep]\n|upkeep\n|turn|2\n|\n|t:|1695401339\n|move|p1b: Grimmsnarl|Light Screen|p1b: Grimmsnarl\n|-sidestart|p1: bhvvcghckghf|move: Light Screen\n|move|p1a: Blastoise|Ice Beam|p2b: Lime\n|-resisted|p2b: Lime\n|-damage|p2b: Lime|58\/100\n|move|p2b: Lime|Leech Life|p1a: Blastoise\n|-damage|p1a: Blastoise|48\/100\n|-heal|p2b: Lime|89\/100|[from] drain|[of] p1a: Blastoise\n|move|p2a: Aurorus|Thunder Wave|p1a: Blastoise\n|-status|p1a: Blastoise|par\n|\n|-weather|Snow|[upkeep]\n|upkeep\n|turn|3\n|\n|t:|1695401365\n|move|p2b: Lime|Leech Life|p1a: Blastoise\n|-damage|p1a: Blastoise|0 fnt\n|-heal|p2b: Lime|100\/100|[from] drain|[of] p1a: Blastoise\n|faint|p1a: Blastoise\n|move|p1b: Grimmsnarl|Superpower|p2a: Aurorus\n|-supereffective|p2a: Aurorus\n|-damage|p2a: Aurorus|43\/100\n|-unboost|p1b: Grimmsnarl|atk|1\n|-unboost|p1b: Grimmsnarl|def|1\n|move|p2a: Aurorus|Thunder Wave|p1b: Grimmsnarl\n|-status|p1b: Grimmsnarl|par\n|\n|-weather|Snow|[upkeep]\n|-heal|p2a: Aurorus|49\/100|[from] item: Leftovers\n|upkeep\n|\n|t:|1695401380\n|switch|p1a: Rillaboom|Rillaboom, F, shiny|100\/100\n|-fieldstart|move: Grassy Terrain|[from] ability: Grassy Surge|[of] p1a: Rillaboom\n|turn|4\n|\n|t:|1695401390\n|move|p1a: Rillaboom|Swords Dance|p1a: Rillaboom\n|-boost|p1a: Rillaboom|atk|2\n|move|p2b: Lime|Leech Life|p1a: Rillaboom\n|-supereffective|p1a: Rillaboom\n|-damage|p1a: Rillaboom|28\/100\n|move|p2a: Aurorus|Weather Ball|p1a: Rillaboom\n|-supereffective|p1a: Rillaboom\n|-damage|p1a: Rillaboom|0 fnt\n|faint|p1a: Rillaboom\n|cant|p1b: Grimmsnarl|par\n|\n|-weather|Snow|[upkeep]\n|-heal|p2a: Aurorus|55\/100|[from] Grassy Terrain\n|-heal|p2a: Aurorus|61\/100|[from] item: Leftovers\n|upkeep\n|\n|t:|1695401406\n|switch|p1a: Kartana|Kartana, shiny|100\/100\n|turn|5\n|\n|t:|1695401418\n|move|p1a: Kartana|Leaf Blade|p2b: Lime\n|-supereffective|p2b: Lime\n|-damage|p2b: Lime|0 fnt\n|faint|p2b: Lime\n|-ability|p1a: Kartana|Beast Boost|boost\n|-boost|p1a: Kartana|atk|1\n|-damage|p1a: Kartana|90\/100|[from] item: Life Orb\n|move|p2a: Aurorus|Thunder Wave|p1a: Kartana\n|-status|p1a: Kartana|par\n|move|p1b: Grimmsnarl|Superpower|p2a: Aurorus\n|-supereffective|p2a: Aurorus\n|-damage|p2a: Aurorus|21\/100\n|-unboost|p1b: Grimmsnarl|atk|1\n|-unboost|p1b: Grimmsnarl|def|1\n|\n|-weather|none\n|-heal|p1a: Kartana|97\/100 par|[from] Grassy Terrain\n|-heal|p2a: Aurorus|27\/100|[from] Grassy Terrain\n|-heal|p2a: Aurorus|34\/100|[from] item: Leftovers\n|-sideend|p1: bhvvcghckghf|Reflect\n|-sideend|p2: Firiduff|move: Aurora Veil\n|upkeep\n|\n|t:|1695401434\n|switch|p2b: TYYyYtAr|Tyranitar, M, shiny|100\/100\n|-weather|Sandstorm|[from] ability: Sand Stream|[of] p2b: TYYyYtAr\n|turn|6\n|\n|t:|1695401451\n|switch|p2a: Dilodooooooo|Cradily, F, shiny|100\/100\n|detailschange|p2b: TYYyYtAr|Tyranitar-Mega, M, shiny\n|-mega|p2b: TYYyYtAr|Tyranitar|Tyranitarite\n|move|p1a: Kartana|Leaf Blade|p2a: Dilodooooooo\n|-damage|p2a: Dilodooooooo|0 fnt\n|faint|p2a: Dilodooooooo\n|-ability|p1a: Kartana|Beast Boost|boost\n|-boost|p1a: Kartana|atk|1\n|-damage|p1a: Kartana|87\/100 par|[from] item: Life Orb\n|move|p2b: TYYyYtAr|Power-Up Punch|p1a: Kartana\n|-supereffective|p1a: Kartana\n|-damage|p1a: Kartana|54\/100 par\n|-boost|p2b: TYYyYtAr|atk|1\n|move|p1b: Grimmsnarl|Spirit Break|p2b: TYYyYtAr\n|-supereffective|p2b: TYYyYtAr\n|-damage|p2b: TYYyYtAr|79\/100\n|-unboost|p2b: TYYyYtAr|spa|1\n|\n|-weather|Sandstorm|[upkeep]\n|-damage|p1b: Grimmsnarl|94\/100 par|[from] Sandstorm\n|-heal|p1a: Kartana|60\/100 par|[from] Grassy Terrain\n|-heal|p2b: TYYyYtAr|85\/100|[from] Grassy Terrain\n|-heal|p1b: Grimmsnarl|100\/100 par|[from] Grassy Terrain\n|-sideend|p1: bhvvcghckghf|move: Light Screen\n|upkeep\n|\n|t:|1695401472\n|switch|p2a: Silly|Aerodactyl, M, shiny|100\/100\n|turn|7\n|\n|t:|1695401486\n|move|p2a: Silly|Tailwind|p2a: Silly\n|-sidestart|p2: Firiduff|move: Tailwind\n|move|p2b: TYYyYtAr|Brick Break|p1a: Kartana\n|-supereffective|p1a: Kartana\n|-crit|p1a: Kartana\n|-damage|p1a: Kartana|0 fnt\n|faint|p1a: Kartana\n|cant|p1b: Grimmsnarl|par\n|\n|-weather|Sandstorm|[upkeep]\n|-damage|p1b: Grimmsnarl|94\/100 par|[from] Sandstorm\n|-heal|p2b: TYYyYtAr|91\/100|[from] Grassy Terrain\n|-heal|p1b: Grimmsnarl|100\/100 par|[from] Grassy Terrain\n|upkeep\n|\n|t:|1695401499\n|switch|p1a: Amoonguss|Amoonguss, M, shiny|100\/100\n|turn|8\n|\n|t:|1695401512\n|switch|p2a: Fat fu-|Omastar, F, shiny|100\/100\n|move|p1a: Amoonguss|Protect|p1a: Amoonguss\n|-singleturn|p1a: Amoonguss|Protect\n|move|p1b: Grimmsnarl|Reflect|p1b: Grimmsnarl\n|-sidestart|p1: bhvvcghckghf|Reflect\n|move|p2b: TYYyYtAr|Knock Off|p1a: Amoonguss\n|-activate|p1a: Amoonguss|move: Protect\n|\n|-weather|Sandstorm|[upkeep]\n|-damage|p1b: Grimmsnarl|94\/100 par|[from] Sandstorm\n|-damage|p1a: Amoonguss|94\/100|[from] Sandstorm\n|-heal|p2b: TYYyYtAr|97\/100|[from] Grassy Terrain\n|-heal|p1b: Grimmsnarl|100\/100 par|[from] Grassy Terrain\n|-heal|p1a: Amoonguss|100\/100|[from] Grassy Terrain\n|-fieldend|move: Grassy Terrain\n|upkeep\n|turn|9\n|inactive|Battle timer is ON: inactive players will automatically lose when time's up. (requested by bhvvcghckghf)\n|\n|t:|1695401566\n|move|p1a: Amoonguss|Protect||[still]\n|-fail|p1a: Amoonguss\n|cant|p1b: Grimmsnarl|par\n|move|p2b: TYYyYtAr|Brick Break|p1b: Grimmsnarl\n|-sideend|p1: bhvvcghckghf|Reflect\n|-damage|p1b: Grimmsnarl|0 fnt\n|faint|p1b: Grimmsnarl\n|move|p2a: Fat fu-|Gyro Ball|p1a: Amoonguss\n|-damage|p1a: Amoonguss|99\/100\n|\n|-weather|Sandstorm|[upkeep]\n|-damage|p1a: Amoonguss|93\/100|[from] Sandstorm\n|-heal|p1a: Amoonguss|99\/100|[from] item: Black Sludge\n|upkeep\n|\n|t:|1695401578\n|switch|p1b: Kommo-o|Kommo-o, M, shiny|100\/100\n|turn|10\n|\n|t:|1695401600\n|move|p1a: Amoonguss|Rage Powder|p1a: Amoonguss\n|-singleturn|p1a: Amoonguss|move: Rage Powder\n|move|p2b: TYYyYtAr|Earthquake|p1b: Kommo-o|[spread] p2a,p1a,p1b\n|-supereffective|p2a: Fat fu-\n|-damage|p2a: Fat fu-|34\/100\n|-damage|p1a: Amoonguss|67\/100\n|-damage|p1b: Kommo-o|64\/100\n|-ability|p2a: Fat fu-|Weak Armor|boost\n|-unboost|p2a: Fat fu-|def|1\n|-boost|p2a: Fat fu-|spe|2\n|move|p2a: Fat fu-|Scald|p1a: Amoonguss\n|-resisted|p1a: Amoonguss\n|-damage|p1a: Amoonguss|53\/100\n|-status|p1a: Amoonguss|brn\n|move|p1b: Kommo-o|Clangorous Soul|p1b: Kommo-o\n|-boost|p1b: Kommo-o|atk|1\n|-boost|p1b: Kommo-o|def|1\n|-boost|p1b: Kommo-o|spa|1\n|-boost|p1b: Kommo-o|spd|1\n|-boost|p1b: Kommo-o|spe|1\n|-damage|p1b: Kommo-o|31\/100\n|\n|-weather|none\n|-heal|p2a: Fat fu-|40\/100|[from] item: Leftovers\n|-heal|p1a: Amoonguss|60\/100 brn|[from] item: Black Sludge\n|-damage|p1a: Amoonguss|53\/100 brn|[from] brn\n|-sideend|p2: Firiduff|move: Tailwind\n|upkeep\n|turn|11\n|inactive|Firiduff has 120 seconds left.\n|\n|t:|1695401636\n|move|p2a: Fat fu-|Protect|p2a: Fat fu-\n|-singleturn|p2a: Fat fu-|Protect\n|move|p1a: Amoonguss|Rage Powder|p1a: Amoonguss\n|-singleturn|p1a: Amoonguss|move: Rage Powder\n|-zpower|p1b: Kommo-o\n|move|p1b: Kommo-o|Clangorous Soulblaze|p2b: TYYyYtAr|[zeffect]|[spread] p2a,p2b\n|-zbroken|p2a: Fat fu-\n|-damage|p2a: Fat fu-|20\/100\n|-damage|p2b: TYYyYtAr|52\/100\n|-boost|p1b: Kommo-o|atk|1\n|-boost|p1b: Kommo-o|def|1\n|-boost|p1b: Kommo-o|spa|1\n|-boost|p1b: Kommo-o|spd|1\n|-boost|p1b: Kommo-o|spe|1\n|move|p2b: TYYyYtAr|Earthquake|p1a: Amoonguss|[spread] p1a,p1b\n|-activate|p2a: Fat fu-|move: Protect\n|-damage|p1a: Amoonguss|24\/100 brn\n|-damage|p1b: Kommo-o|10\/100\n|\n|-heal|p2a: Fat fu-|26\/100|[from] item: Leftovers\n|-heal|p1a: Amoonguss|30\/100 brn|[from] item: Black Sludge\n|-damage|p1a: Amoonguss|24\/100 brn|[from] brn\n|upkeep\n|turn|12\n|inactive|Firiduff has 120 seconds left.\n|\n|t:|1695401666\n|switch|p2b: Silly|Aerodactyl, M, shiny|100\/100\n|move|p1a: Amoonguss|Rage Powder|p1a: Amoonguss\n|-singleturn|p1a: Amoonguss|move: Rage Powder\n|move|p1b: Kommo-o|Close Combat|p2b: Silly\n|-damage|p2b: Silly|0 fnt\n|-unboost|p1b: Kommo-o|def|1\n|-unboost|p1b: Kommo-o|spd|1\n|faint|p2b: Silly\n|move|p2a: Fat fu-|Scald|p1a: Amoonguss\n|-resisted|p1a: Amoonguss\n|-damage|p1a: Amoonguss|10\/100 brn\n|\n|-heal|p2a: Fat fu-|33\/100|[from] item: Leftovers\n|-heal|p1a: Amoonguss|16\/100 brn|[from] item: Black Sludge\n|-damage|p1a: Amoonguss|10\/100 brn|[from] brn\n|upkeep\n|\n|t:|1695401685\n|switch|p2b: Aurorus|Aurorus, F, shiny|34\/100\n|-weather|Snow|[from] ability: Snow Warning|[of] p2b: Aurorus\n|turn|13\n|inactive|Firiduff has 120 seconds left.\n|\n|t:|1695401696\n|move|p1a: Amoonguss|Rage Powder|p1a: Amoonguss\n|-singleturn|p1a: Amoonguss|move: Rage Powder\n|move|p1b: Kommo-o|Close Combat|p2a: Fat fu-\n|-supereffective|p2a: Fat fu-\n|-damage|p2a: Fat fu-|0 fnt\n|-unboost|p1b: Kommo-o|def|1\n|-unboost|p1b: Kommo-o|spd|1\n|faint|p2a: Fat fu-\n|move|p2b: Aurorus|Weather Ball|p1a: Amoonguss\n|-supereffective|p1a: Amoonguss\n|-damage|p1a: Amoonguss|0 fnt\n|faint|p1a: Amoonguss\n|\n|-weather|Snow|[upkeep]\n|-heal|p2b: Aurorus|40\/100|[from] item: Leftovers\n|upkeep\n|\n|t:|1695401709\n|switch|p2a: TYYyYtAr|Tyranitar-Mega, M, shiny|52\/100\n|-weather|Sandstorm|[from] ability: Sand Stream|[of] p2a: TYYyYtAr\n|turn|14\n|inactive|Firiduff has 120 seconds left.\n|\n|t:|1695401726\n|move|p1b: Kommo-o|Clanging Scales|p2a: TYYyYtAr|[spread] p2a,p2b\n|-damage|p2a: TYYyYtAr|28\/100\n|-damage|p2b: Aurorus|13\/100\n|-unboost|p1b: Kommo-o|def|1\n|move|p2a: TYYyYtAr|Knock Off|p1b: Kommo-o\n|-resisted|p1b: Kommo-o\n|-damage|p1b: Kommo-o|0 fnt\n|faint|p1b: Kommo-o\n|\n|win|Firiduff\n|raw|bhvvcghckghf's rating: 1000 &rarr; <strong>1000<\/strong><br \/>(+0 for losing)\n|raw|Firiduff's rating: 1000 &rarr; <strong>1040<\/strong><br \/>(+40 for winning)\n","uploadtime":1695401736,"views":8,"p1id":"bhvvcghckghf","p2id":"firiduff","formatid":"gen9nationaldexdoubles","rating":1000,"private":0,"password":""}