{"id":"gen9nationaldexdoubles-1973858347","p1":"Ultra-Wach99","p2":"neroche","format":"[Gen 9] National Dex Doubles","log":"|j|\u2606Ultra-Wach99\n|j|\u2606neroche\n|t:|1698021282\n|gametype|doubles\n|player|p1|Ultra-Wach99|ghetsis|\n|player|p2|neroche|265|\n|teamsize|p1|6\n|teamsize|p2|6\n|gen|9\n|tier|[Gen 9] National Dex Doubles\n|rule|HP Percentage Mod: HP is shown in percentages\n|rule|Endless Battle Clause: Forcing endless battles is banned\n|rule|OHKO Clause: OHKO moves are banned\n|rule|Evasion Moves Clause: Evasion moves are banned\n|rule|Evasion Abilities Clause: Evasion abilities are banned\n|rule|Species Clause: Limit one of each Pok\u00e9mon\n|rule|Gravity Sleep Clause: The combination of sleep-inducing moves with imperfect accuracy and Gravity or Gigantamax Orbeetle are banned\n|clearpoke\n|poke|p1|Ogerpon-Hearthflame, F|\n|poke|p1|Amoonguss, F|\n|poke|p1|Rillaboom, F|\n|poke|p1|Whimsicott, F|\n|poke|p1|Ludicolo, M|\n|poke|p1|Abomasnow, F|\n|poke|p2|Rotom-Mow|\n|poke|p2|Amoonguss, M|\n|poke|p2|Ogerpon-Hearthflame, F|\n|poke|p2|Rillaboom, F|\n|poke|p2|Sinistcha-Masterpiece|\n|poke|p2|Iron Leaves|\n|teampreview\n|j| elianm10\n|\n|t:|1698021327\n|start\n|switch|p1a: SUS \u0d9e|Amoonguss, F, shiny|100\/100\n|switch|p1b: El feo del grupo|Abomasnow, F|100\/100\n|switch|p2a: T\u00e9 con Chele|Sinistcha-Masterpiece|100\/100\n|switch|p2b: Zhander Setso|Ogerpon-Hearthflame, F|100\/100\n|-ability|p2b: Zhander Setso|Mold Breaker\n|-weather|Snow|[from] ability: Snow Warning|[of] p1b: El feo del grupo\n|turn|1\n|inactive|Battle timer is ON: inactive players will automatically lose when time's up. (requested by Ultra-Wach99)\n|inactive|neroche has 270 seconds left.\n|\n|t:|1698021376\n|-terastallize|p2b: Zhander Setso|Fire\n|detailschange|p2b: Zhander Setso|Ogerpon-Hearthflame-Tera, F, tera:Fire\n|-ability|p2b: Zhander Setso|Embody Aspect (Hearthflame)|boost\n|-boost|p2b: Zhander Setso|atk|1\n|move|p1a: SUS \u0d9e|Rage Powder|p1a: SUS \u0d9e\n|-singleturn|p1a: SUS \u0d9e|move: Rage Powder\n|move|p2b: Zhander Setso|Ivy Cudgel|p1a: SUS \u0d9e\n|-supereffective|p1a: SUS \u0d9e\n|-damage|p1a: SUS \u0d9e|0 fnt\n|faint|p1a: SUS \u0d9e\n|move|p2a: T\u00e9 con Chele|Calm Mind|p2a: T\u00e9 con Chele\n|-boost|p2a: T\u00e9 con Chele|spa|1\n|-boost|p2a: T\u00e9 con Chele|spd|1\n|move|p1b: El feo del grupo|Aurora Veil|p1b: El feo del grupo\n|-sidestart|p1: Ultra-Wach99|move: Aurora Veil\n|\n|-weather|Snow|[upkeep]\n|upkeep\n|\n|t:|1698021390\n|switch|p1a: Mexicano Promedio|Ludicolo, M|100\/100\n|turn|2\n|\n|t:|1698021420\n|move|p2b: Zhander Setso|Ivy Cudgel|p1b: El feo del grupo\n|-supereffective|p1b: El feo del grupo\n|-damage|p1b: El feo del grupo|0 fnt\n|faint|p1b: El feo del grupo\n|move|p1a: Mexicano Promedio|Scald|p2b: Zhander Setso\n|-supereffective|p2b: Zhander Setso\n|-damage|p2b: Zhander Setso|24\/100\n|move|p2a: T\u00e9 con Chele|Shadow Ball|p1a: Mexicano Promedio\n|-damage|p1a: Mexicano Promedio|54\/100\n|\n|-weather|Snow|[upkeep]\n|upkeep\n|\n|t:|1698021438\n|switch|p1b: KONG-queldur|Rillaboom, F|100\/100\n|-fieldstart|move: Grassy Terrain|[from] ability: Grassy Surge|[of] p1b: KONG-queldur\n|turn|3\n|j| EL GRAN CARPINCHO\n|\n|t:|1698021451\n|move|p2b: Zhander Setso|Spiky Shield|p2b: Zhander Setso\n|-singleturn|p2b: Zhander Setso|move: Protect\n|move|p1b: KONG-queldur|Fake Out|p2b: Zhander Setso\n|-activate|p2b: Zhander Setso|move: Protect\n|-damage|p1b: KONG-queldur|88\/100|[from] Spiky Shield|[of] p2b: Zhander Setso\n|move|p1a: Mexicano Promedio|Scald|p2b: Zhander Setso\n|-activate|p2b: Zhander Setso|move: Protect\n|move|p2a: T\u00e9 con Chele|Shadow Ball|p1b: KONG-queldur\n|-damage|p1b: KONG-queldur|59\/100\n|\n|-weather|Snow|[upkeep]\n|-heal|p2b: Zhander Setso|30\/100|[from] Grassy Terrain\n|-heal|p1b: KONG-queldur|65\/100|[from] Grassy Terrain\n|-heal|p1a: Mexicano Promedio|60\/100|[from] Grassy Terrain\n|upkeep\n|turn|4\n|\n|t:|1698021475\n|switch|p2b: Susn't|Amoonguss, M|100\/100\n|move|p1b: KONG-queldur|Grassy Glide|p2b: Susn't\n|-resisted|p2b: Susn't\n|-damage|p2b: Susn't|92\/100\n|move|p1a: Mexicano Promedio|Scald|p2b: Susn't\n|-resisted|p2b: Susn't\n|-damage|p2b: Susn't|80\/100\n|move|p2a: T\u00e9 con Chele|Shadow Ball|p1b: KONG-queldur\n|-damage|p1b: KONG-queldur|35\/100\n|-unboost|p1b: KONG-queldur|spd|1\n|\n|-weather|Snow|[upkeep]\n|-heal|p1b: KONG-queldur|41\/100|[from] Grassy Terrain\n|-heal|p1a: Mexicano Promedio|66\/100|[from] Grassy Terrain\n|-heal|p2b: Susn't|86\/100|[from] Grassy Terrain\n|-heal|p2b: Susn't|92\/100|[from] item: Leftovers\n|upkeep\n|turn|5\n|inactive|Ultra-Wach99 has 270 seconds left.\n|\n|t:|1698021509\n|move|p2b: Susn't|Rage Powder|p2b: Susn't\n|-singleturn|p2b: Susn't|move: Rage Powder\n|move|p1b: KONG-queldur|Solar Blade||[still]\n|-prepare|p1b: KONG-queldur|Solar Blade\n|move|p1a: Mexicano Promedio|Ice Beam|p2b: Susn't\n|-supereffective|p2b: Susn't\n|-damage|p2b: Susn't|55\/100\n|move|p2a: T\u00e9 con Chele|Shadow Ball|p1b: KONG-queldur\n|-damage|p1b: KONG-queldur|0 fnt\n|faint|p1b: KONG-queldur\n|\n|-weather|none\n|-heal|p1a: Mexicano Promedio|72\/100|[from] Grassy Terrain\n|-heal|p2b: Susn't|61\/100|[from] Grassy Terrain\n|-heal|p2b: Susn't|68\/100|[from] item: Leftovers\n|upkeep\n|inactive|Ultra-Wach99 has 270 seconds left.\n|\n|t:|1698021522\n|switch|p1b: La HDP|Whimsicott, F|100\/100\n|turn|6\n|\n|t:|1698021539\n|move|p1b: La HDP|Sunny Day|p1b: La HDP\n|-weather|SunnyDay\n|move|p1a: Mexicano Promedio|Ice Beam|p2b: Susn't\n|-supereffective|p2b: Susn't\n|-damage|p2b: Susn't|29\/100\n|move|p2a: T\u00e9 con Chele|Shadow Ball|p1a: Mexicano Promedio\n|-damage|p1a: Mexicano Promedio|24\/100\n|-enditem|p1a: Mexicano Promedio|Aguav Berry|[eat]\n|-heal|p1a: Mexicano Promedio|58\/100|[from] item: Aguav Berry\n|move|p2b: Susn't|Sludge Bomb|p1b: La HDP\n|-supereffective|p1b: La HDP\n|-damage|p1b: La HDP|15\/100\n|-status|p1b: La HDP|psn\n|\n|-weather|SunnyDay|[upkeep]\n|-heal|p1b: La HDP|21\/100 psn|[from] Grassy Terrain\n|-heal|p1a: Mexicano Promedio|64\/100|[from] Grassy Terrain\n|-heal|p2b: Susn't|35\/100|[from] Grassy Terrain\n|-heal|p2b: Susn't|41\/100|[from] item: Leftovers\n|-damage|p1b: La HDP|9\/100 psn|[from] psn\n|upkeep\n|turn|7\n|inactive|neroche has 270 seconds left.\n|\n|t:|1698021580\n|move|p1b: La HDP|Tailwind|p1b: La HDP\n|-sidestart|p1: Ultra-Wach99|move: Tailwind\n|move|p1a: Mexicano Promedio|Ice Beam|p2b: Susn't\n|-supereffective|p2b: Susn't\n|-damage|p2b: Susn't|4\/100\n|move|p2a: T\u00e9 con Chele|Shadow Ball|p1b: La HDP\n|-damage|p1b: La HDP|0 fnt\n|faint|p1b: La HDP\n|move|p2b: Susn't|Sludge Bomb|p1a: Mexicano Promedio\n|-supereffective|p1a: Mexicano Promedio\n|-damage|p1a: Mexicano Promedio|23\/100\n|\n|-weather|SunnyDay|[upkeep]\n|-heal|p1a: Mexicano Promedio|29\/100|[from] Grassy Terrain\n|-heal|p2b: Susn't|10\/100|[from] Grassy Terrain\n|-heal|p2b: Susn't|16\/100|[from] item: Leftovers\n|-fieldend|move: Grassy Terrain\n|upkeep\n|inactive|Ultra-Wach99 has 270 seconds left.\n|\n|t:|1698021594\n|switch|p1b: Majora's Mask|Ogerpon-Hearthflame, F|100\/100\n|-ability|p1b: Majora's Mask|Mold Breaker\n|turn|8\n|inactive|neroche has 270 seconds left.\n|\n|t:|1698021618\n|-terastallize|p1b: Majora's Mask|Fire\n|detailschange|p1b: Majora's Mask|Ogerpon-Hearthflame-Tera, F, tera:Fire\n|-ability|p1b: Majora's Mask|Embody Aspect (Hearthflame)|boost\n|-boost|p1b: Majora's Mask|atk|1\n|move|p1b: Majora's Mask|Ivy Cudgel|p2a: T\u00e9 con Chele\n|-supereffective|p2a: T\u00e9 con Chele\n|-damage|p2a: T\u00e9 con Chele|0 fnt\n|faint|p2a: T\u00e9 con Chele\n|move|p1a: Mexicano Promedio|Ice Beam|p2b: Susn't\n|-supereffective|p2b: Susn't\n|-damage|p2b: Susn't|0 fnt\n|faint|p2b: Susn't\n|\n|-weather|SunnyDay|[upkeep]\n|-sideend|p1: Ultra-Wach99|move: Aurora Veil\n|upkeep\n|inactive|neroche has 270 seconds left.\n|\n|t:|1698021646\n|switch|p2a: Sodimac|Rotom-Mow|100\/100\n|switch|p2b: Hincha de R.F.|Rillaboom, F|100\/100\n|-fieldstart|move: Grassy Terrain|[from] ability: Grassy Surge|[of] p2b: Hincha de R.F.\n|turn|9\n|inactive|neroche has 270 seconds left.\n|\n|t:|1698021658\n|move|p1a: Mexicano Promedio|Protect|p1a: Mexicano Promedio\n|-singleturn|p1a: Mexicano Promedio|Protect\n|move|p1b: Majora's Mask|Ivy Cudgel|p2b: Hincha de R.F.\n|-supereffective|p2b: Hincha de R.F.\n|-crit|p2b: Hincha de R.F.\n|-damage|p2b: Hincha de R.F.|0 fnt\n|faint|p2b: Hincha de R.F.\n|move|p2a: Sodimac|Electroweb|p1b: Majora's Mask|[spread] \n|-activate|p1a: Mexicano Promedio|move: Protect\n|-miss|p2a: Sodimac|p1b: Majora's Mask\n|\n|-weather|SunnyDay|[upkeep]\n|-heal|p1a: Mexicano Promedio|35\/100|[from] Grassy Terrain\n|upkeep\n|\n|t:|1698021670\n|switch|p2b: Sonic verde|Iron Leaves|100\/100\n|-enditem|p2b: Sonic verde|Booster Energy\n|-activate|p2b: Sonic verde|ability: Quark Drive|[fromitem]\n|-start|p2b: Sonic verde|quarkdriveatk\n|turn|10\n|c|\u2606Ultra-Wach99|!data electro web\n|raw|<ul class=\"utilichart\"><li class=\"result\"><span class=\"col movenamecol\"><a href=\"https:\/\/dex.pokemonshowdown.com\/moves\/electroweb\">Electroweb<\/a><\/span> <span class=\"col typecol\"><img src=\"\/\/play.pokemonshowdown.com\/sprites\/types\/Electric.png\" alt=\"Electric\" width=\"32\" height=\"14\"><img src=\"\/\/play.pokemonshowdown.com\/sprites\/categories\/Special.png\" alt=\"Special\" width=\"32\" height=\"14\"><\/span> <span class=\"col labelcol\"><em>Power<\/em><br>55<\/span> <span class=\"col widelabelcol\"><em>Accuracy<\/em><br>95%<\/span> <span class=\"col pplabelcol\"><em>PP<\/em><br>24<\/span> <span class=\"col movedesccol\">100% chance to lower the foe(s) Speed by 1.<\/span> <\/li><li style=\"clear:both\"><\/li><\/ul>\n\n|\n|t:|1698021690\n|move|p2b: Sonic verde|Protect|p2b: Sonic verde\n|-singleturn|p2b: Sonic verde|Protect\n|move|p1b: Majora's Mask|Ivy Cudgel|p2a: Sodimac\n|-supereffective|p2a: Sodimac\n|-damage|p2a: Sodimac|0 fnt\n|faint|p2a: Sodimac\n|move|p1a: Mexicano Promedio|Ice Beam|p2b: Sonic verde\n|-activate|p2b: Sonic verde|move: Protect\n|\n|-weather|none\n|-heal|p1a: Mexicano Promedio|41\/100|[from] Grassy Terrain\n|-sideend|p1: Ultra-Wach99|move: Tailwind\n|upkeep\n|inactive|neroche has 270 seconds left.\n|\n|t:|1698021702\n|switch|p2a: Zhander Setso|Ogerpon-Hearthflame-Tera, F, tera:Fire|30\/100\n|-ability|p2a: Zhander Setso|Embody Aspect (Hearthflame)|boost\n|-boost|p2a: Zhander Setso|atk|1\n|turn|11\n|inactive|neroche has 270 seconds left.\n|\n|t:|1698021752\n|move|p1b: Majora's Mask|Spiky Shield|p1b: Majora's Mask\n|-singleturn|p1b: Majora's Mask|move: Protect\n|move|p2a: Zhander Setso|Spiky Shield|p2a: Zhander Setso\n|-singleturn|p2a: Zhander Setso|move: Protect\n|move|p2b: Sonic verde|Psyblade|p1b: Majora's Mask\n|-activate|p1b: Majora's Mask|move: Protect\n|-damage|p2b: Sonic verde|88\/100|[from] Spiky Shield|[of] p1b: Majora's Mask\n|move|p1a: Mexicano Promedio|Scald|p2a: Zhander Setso\n|-activate|p2a: Zhander Setso|move: Protect\n|\n|-heal|p2b: Sonic verde|94\/100|[from] Grassy Terrain\n|-heal|p2a: Zhander Setso|36\/100|[from] Grassy Terrain\n|-heal|p1a: Mexicano Promedio|47\/100|[from] Grassy Terrain\n|upkeep\n|turn|12\n|\n|t:|1698021774\n|move|p2b: Sonic verde|Psyblade|p1b: Majora's Mask\n|-damage|p1b: Majora's Mask|26\/100\n|move|p1b: Majora's Mask|Stomping Tantrum|p2a: Zhander Setso\n|-supereffective|p2a: Zhander Setso\n|-damage|p2a: Zhander Setso|0 fnt\n|faint|p2a: Zhander Setso\n|move|p1a: Mexicano Promedio|Scald|p2b: Sonic verde\n|-resisted|p2b: Sonic verde\n|-damage|p2b: Sonic verde|77\/100\n|\n|-heal|p2b: Sonic verde|83\/100|[from] Grassy Terrain\n|-heal|p1b: Majora's Mask|32\/100|[from] Grassy Terrain\n|-heal|p1a: Mexicano Promedio|53\/100|[from] Grassy Terrain\n|upkeep\n|turn|13\n|inactive|neroche has 270 seconds left.\n|\n|t:|1698021795\n|move|p1b: Majora's Mask|Spiky Shield|p1b: Majora's Mask\n|-singleturn|p1b: Majora's Mask|move: Protect\n|move|p1a: Mexicano Promedio|Protect|p1a: Mexicano Promedio\n|-singleturn|p1a: Mexicano Promedio|Protect\n|move|p2b: Sonic verde|Psyblade|p1b: Majora's Mask\n|-activate|p1b: Majora's Mask|move: Protect\n|-damage|p2b: Sonic verde|71\/100|[from] Spiky Shield|[of] p1b: Majora's Mask\n|\n|-heal|p2b: Sonic verde|77\/100|[from] Grassy Terrain\n|-heal|p1b: Majora's Mask|38\/100|[from] Grassy Terrain\n|-heal|p1a: Mexicano Promedio|59\/100|[from] Grassy Terrain\n|-fieldend|move: Grassy Terrain\n|upkeep\n|turn|14\n|\n|t:|1698021809\n|move|p2b: Sonic verde|Psyblade|p1b: Majora's Mask\n|-damage|p1b: Majora's Mask|0 fnt\n|faint|p1b: Majora's Mask\n|move|p1a: Mexicano Promedio|Ice Beam|p2b: Sonic verde\n|-supereffective|p2b: Sonic verde\n|-damage|p2b: Sonic verde|24\/100\n|\n|upkeep\n|turn|15\n|\n|t:|1698021822\n|move|p1a: Mexicano Promedio|Protect|p1a: Mexicano Promedio\n|-singleturn|p1a: Mexicano Promedio|Protect\n|move|p2b: Sonic verde|Leaf Blade|p1a: Mexicano Promedio\n|-activate|p1a: Mexicano Promedio|move: Protect\n|\n|upkeep\n|turn|16\n|\n|t:|1698021830\n|move|p2b: Sonic verde|Leaf Blade|p1a: Mexicano Promedio\n|-crit|p1a: Mexicano Promedio\n|-damage|p1a: Mexicano Promedio|0 fnt\n|faint|p1a: Mexicano Promedio\n|\n|win|neroche\n|l| EL GRAN CARPINCHO\n","uploadtime":1698021882,"views":12,"p1id":"ultrawach99","p2id":"neroche","formatid":"gen9nationaldexdoubles","rating":0,"private":0,"password":""}