{"id":"gen9nationaldexdoubles-1970136232","p1":"MathHacker","p2":"TornSux","format":"[Gen 9] National Dex Doubles","log":"|j|\u2606MathHacker\n|j|\u2606TornSux\n|t:|1697599982\n|gametype|doubles\n|player|p1|MathHacker|richboy-gen4|1472\n|player|p2|TornSux|iono|1357\n|teamsize|p1|6\n|teamsize|p2|6\n|gen|9\n|tier|[Gen 9] National Dex Doubles\n|rated|\n|rule|HP Percentage Mod: HP is shown in percentages\n|rule|Endless Battle Clause: Forcing endless battles is banned\n|rule|OHKO Clause: OHKO moves are banned\n|rule|Evasion Moves Clause: Evasion moves are banned\n|rule|Evasion Abilities Clause: Evasion abilities are banned\n|rule|Species Clause: Limit one of each Pok\u00e9mon\n|rule|Gravity Sleep Clause: The combination of sleep-inducing moves with imperfect accuracy and Gravity or Gigantamax Orbeetle are banned\n|clearpoke\n|poke|p1|Shuckle, M|\n|poke|p1|Pelipper, M|\n|poke|p1|Cresselia, F|\n|poke|p1|Torkoal, F|\n|poke|p1|Oranguru, M|\n|poke|p1|Ursaluna, F|\n|poke|p2|Ogerpon-Hearthflame, F|\n|poke|p2|Naganadel|\n|poke|p2|Marshadow|\n|poke|p2|Rillaboom, M|\n|poke|p2|Tornadus, M|\n|poke|p2|Kingambit, F|\n|teampreview\n|inactive|Battle timer is ON: inactive players will automatically lose when time's up. (requested by TornSux)\n|inactive|TornSux has 120 seconds left.\n|\n|t:|1697600018\n|start\n|switch|p1a: Shucky|Shuckle, M, shiny|100\/100\n|switch|p1b: munke|Oranguru, M|100\/100\n|switch|p2a: COUNT DRACULA|Kingambit, F|100\/100\n|switch|p2b: BOO!|Marshadow|100\/100\n|turn|1\n|inactive|MathHacker has 120 seconds left.\n|\n|t:|1697600063\n|move|p2b: BOO!|Close Combat|p1b: munke\n|-damage|p1b: munke|35\/100\n|-unboost|p2b: BOO!|def|1\n|-unboost|p2b: BOO!|spd|1\n|-damage|p2b: BOO!|91\/100|[from] item: Life Orb\n|move|p2a: COUNT DRACULA|Knock Off|p1b: munke\n|-supereffective|p1b: munke\n|-damage|p1b: munke|0 fnt\n|-enditem|p1b: munke|Mental Herb|[from] move: Knock Off|[of] p2a: COUNT DRACULA\n|faint|p1b: munke\n|move|p1a: Shucky|Power Trick|p1a: Shucky\n|-start|p1a: Shucky|Power Trick\n|\n|upkeep\n|inactive|MathHacker has 90 seconds left.\n|\n|t:|1697600106\n|switch|p1b: Bird|Pelipper, M|100\/100\n|-weather|RainDance|[from] ability: Drizzle|[of] p1b: Bird\n|turn|2\n|inactive|MathHacker has 90 seconds left.\n|\n|t:|1697600125\n|switch|p2b: THE APEMAN|Rillaboom, M|100\/100\n|-fieldstart|move: Grassy Terrain|[from] ability: Grassy Surge|[of] p2b: THE APEMAN\n|move|p2a: COUNT DRACULA|Iron Head|p1a: Shucky\n|-supereffective|p1a: Shucky\n|-ability|p1a: Shucky|Sturdy\n|-damage|p1a: Shucky|1\/100\n|move|p1b: Bird|Surf|p2b: THE APEMAN|[spread] p1a,p2a,p2b\n|-supereffective|p1a: Shucky\n|-resisted|p2b: THE APEMAN\n|-damage|p1a: Shucky|0 fnt\n|-damage|p2a: COUNT DRACULA|68\/100\n|-damage|p2b: THE APEMAN|84\/100\n|faint|p1a: Shucky\n|\n|-weather|RainDance|[upkeep]\n|-heal|p2b: THE APEMAN|90\/100|[from] Grassy Terrain\n|-heal|p2a: COUNT DRACULA|74\/100|[from] Grassy Terrain\n|upkeep\n|inactive|MathHacker has 60 seconds left.\n|\n|t:|1697600184\n|switch|p1a: Cresselia|Cresselia, F, shiny|100\/100\n|turn|3\n|inactive|MathHacker has 30 seconds left.\n|\n|t:|1697600231\n|-terastallize|p1a: Cresselia|Fighting\n|move|p2b: THE APEMAN|U-turn|p1a: Cresselia\n|-resisted|p1a: Cresselia\n|-damage|p1a: Cresselia|93\/100\n|inactive|MathHacker has 30 seconds left this turn.\n|\n|t:|1697600237\n|switch|p2b: 3 WISHES|Tornadus, M|100\/100|[from] U-turn\n|move|p2a: COUNT DRACULA|Knock Off|p1a: Cresselia\n|-resisted|p1a: Cresselia\n|-damage|p1a: Cresselia|76\/100\n|-enditem|p1a: Cresselia|Leftovers|[from] move: Knock Off|[of] p2a: COUNT DRACULA\n|-zpower|p1b: Bird\n|move|p1b: Bird|Supersonic Skystrike|p2b: 3 WISHES|[zeffect]\n|-damage|p2b: 3 WISHES|0 fnt\n|faint|p2b: 3 WISHES\n|move|p1a: Cresselia|Trick Room|p1a: Cresselia\n|-fieldstart|move: Trick Room|[of] p1a: Cresselia\n|\n|-weather|RainDance|[upkeep]\n|-heal|p2a: COUNT DRACULA|81\/100|[from] Grassy Terrain\n|upkeep\n|inactive|TornSux has 120 seconds left.\n|\n|t:|1697600261\n|switch|p2b: THE APEMAN|Rillaboom, M|90\/100\n|turn|4\n|\n|t:|1697600274\n|-terastallize|p2a: COUNT DRACULA|Fairy\n|move|p1a: Cresselia|Helping Hand|p1b: Bird\n|-singleturn|p1b: Bird|Helping Hand|[of] p1a: Cresselia\n|move|p2b: THE APEMAN|Fake Out|p1a: Cresselia\n|-damage|p1a: Cresselia|67\/100\n|move|p1b: Bird|Hurricane|p2b: THE APEMAN\n|-supereffective|p2b: THE APEMAN\n|-damage|p2b: THE APEMAN|0 fnt\n|faint|p2b: THE APEMAN\n|move|p2a: COUNT DRACULA|Tera Blast|p1a: Cresselia|[anim] Tera Blast Fairy\n|-supereffective|p1a: Cresselia\n|-damage|p1a: Cresselia|9\/100\n|\n|-weather|RainDance|[upkeep]\n|-heal|p2a: COUNT DRACULA|87\/100|[from] Grassy Terrain\n|upkeep\n|inactive|TornSux has 120 seconds left.\n|\n|t:|1697600286\n|switch|p2b: BOO!|Marshadow|91\/100\n|turn|5\n|inactive|MathHacker has 60 seconds left.\n|inactive|MathHacker has 30 seconds left.\n|\n|t:|1697600337\n|move|p1a: Cresselia|Helping Hand|p1b: Bird\n|-singleturn|p1b: Bird|Helping Hand|[of] p1a: Cresselia\n|move|p2b: BOO!|Protect|p2b: BOO!\n|-singleturn|p2b: BOO!|Protect\n|move|p1b: Bird|Hurricane|p2b: BOO!\n|-activate|p2b: BOO!|move: Protect\n|move|p2a: COUNT DRACULA|Tera Blast|p1a: Cresselia|[anim] Tera Blast Fairy\n|-supereffective|p1a: Cresselia\n|-damage|p1a: Cresselia|0 fnt\n|faint|p1a: Cresselia\n|\n|-weather|RainDance|[upkeep]\n|-heal|p2a: COUNT DRACULA|93\/100|[from] Grassy Terrain\n|-heal|p2b: BOO!|97\/100|[from] Grassy Terrain\n|upkeep\n|inactive|MathHacker has 30 seconds left.\n|inactive|MathHacker has 20 seconds left.\n|inactive|MathHacker has 15 seconds left.\n|\n|t:|1697600361\n|switch|p1a: ber|Ursaluna, F|100\/100\n|turn|6\n|\n|t:|1697600390\n|move|p2b: BOO!|Shadow Sneak|p1b: Bird\n|-damage|p1b: Bird|61\/100\n|-damage|p2b: BOO!|87\/100|[from] item: Life Orb\n|move|p1a: ber|Earthquake|p2a: COUNT DRACULA|[spread] p2a,p2b\n|-immune|p1b: Bird\n|-damage|p2a: COUNT DRACULA|75\/100\n|-damage|p2b: BOO!|60\/100\n|move|p1b: Bird|Hurricane|p2b: BOO!\n|-supereffective|p2b: BOO!\n|-damage|p2b: BOO!|0 fnt\n|faint|p2b: BOO!\n|move|p2a: COUNT DRACULA|Knock Off|p1a: ber\n|-damage|p1a: ber|53\/100\n|-enditem|p1a: ber|Flame Orb|[from] move: Knock Off|[of] p2a: COUNT DRACULA\n|\n|-weather|none\n|-heal|p1a: ber|59\/100|[from] Grassy Terrain\n|-heal|p2a: COUNT DRACULA|81\/100|[from] Grassy Terrain\n|-fieldend|move: Grassy Terrain\n|upkeep\n|inactive|TornSux has 120 seconds left.\n|\n|t:|1697600410\n|switch|p2b: GET OUT MY SWAMP|Ogerpon-Hearthflame, F|100\/100\n|-ability|p2b: GET OUT MY SWAMP|Mold Breaker\n|turn|7\n|inactive|MathHacker has 60 seconds left.\n|inactive|TornSux has 120 seconds left.\n|\n|t:|1697600441\n|move|p2b: GET OUT MY SWAMP|Spiky Shield|p2b: GET OUT MY SWAMP\n|-singleturn|p2b: GET OUT MY SWAMP|move: Protect\n|move|p1a: ber|Earthquake|p2a: COUNT DRACULA|[spread] p2a\n|-activate|p2b: GET OUT MY SWAMP|move: Protect\n|-immune|p1b: Bird\n|-damage|p2a: COUNT DRACULA|49\/100\n|move|p1b: Bird|Hurricane|p2b: GET OUT MY SWAMP\n|-activate|p2b: GET OUT MY SWAMP|move: Protect\n|move|p2a: COUNT DRACULA|Tera Blast|p1b: Bird|[anim] Tera Blast Fairy\n|-damage|p1b: Bird|8\/100\n|\n|-fieldend|move: Trick Room\n|upkeep\n|turn|8\n|inactive|MathHacker has 30 seconds left.\n|inactive|TornSux has 120 seconds left.\n|\n|t:|1697600494\n|move|p1a: ber|Protect|p1a: ber\n|-singleturn|p1a: ber|Protect\n|move|p2b: GET OUT MY SWAMP|Grassy Glide|p1a: ber\n|-activate|p1a: ber|move: Protect\n|move|p2a: COUNT DRACULA|Knock Off|p1b: Bird\n|-damage|p1b: Bird|0 fnt\n|faint|p1b: Bird\n|\n|upkeep\n|inactive|MathHacker has 30 seconds left this turn.\n|\n|t:|1697600503\n|switch|p1b: Yertle|Torkoal, F|100\/100\n|-weather|SunnyDay|[from] ability: Drought|[of] p1b: Yertle\n|turn|9\n|\n|t:|1697600516\n|move|p2b: GET OUT MY SWAMP|Grassy Glide|p1a: ber\n|-supereffective|p1a: ber\n|-crit|p1a: ber\n|-damage|p1a: ber|0 fnt\n|faint|p1a: ber\n|move|p2a: COUNT DRACULA|Knock Off|p1b: Yertle\n|-damage|p1b: Yertle|44\/100\n|-enditem|p1b: Yertle|Charcoal|[from] move: Knock Off|[of] p2a: COUNT DRACULA\n|move|p1b: Yertle|Eruption|p2a: COUNT DRACULA|[spread] p2a,p2b\n|-damage|p2a: COUNT DRACULA|28\/100\n|-damage|p2b: GET OUT MY SWAMP|66\/100\n|\n|-weather|SunnyDay|[upkeep]\n|upkeep\n|turn|10\n|inactive|MathHacker has 60 seconds left.\n|\n|t:|1697600532\n|move|p2b: GET OUT MY SWAMP|Ivy Cudgel|p1b: Yertle\n|-resisted|p1b: Yertle\n|-damage|p1b: Yertle|2\/100\n|move|p2a: COUNT DRACULA|Knock Off|p1b: Yertle\n|-damage|p1b: Yertle|0 fnt\n|faint|p1b: Yertle\n|\n|win|TornSux\n|raw|MathHacker's rating: 1472 &rarr; <strong>1446<\/strong><br \/>(-26 for losing)\n|raw|TornSux's rating: 1357 &rarr; <strong>1383<\/strong><br \/>(+26 for winning)\n|c|\u2606TornSux|gg\n|c|\u2606MathHacker|gg\n|l|\u2606TornSux\n","uploadtime":1697600558,"views":11,"p1id":"mathhacker","p2id":"tornsux","formatid":"gen9nationaldexdoubles","rating":1383,"private":0,"password":""}