{"id":"gen9nationaldexdoubles-1967643789","p1":"ralca 1","p2":"OEEM67","format":"[Gen 9] National Dex Doubles","log":"|j|\u2606ralca 1\n|j|\u2606OEEM67\n|t:|1697322314\n|gametype|doubles\n|player|p1|ralca 1|steven|\n|player|p2|OEEM67|clair|\n|teamsize|p1|6\n|teamsize|p2|6\n|gen|9\n|tier|[Gen 9] National Dex Doubles\n|rule|HP Percentage Mod: HP is shown in percentages\n|rule|Endless Battle Clause: Forcing endless battles is banned\n|rule|OHKO Clause: OHKO moves are banned\n|rule|Evasion Moves Clause: Evasion moves are banned\n|rule|Evasion Abilities Clause: Evasion abilities are banned\n|rule|Species Clause: Limit one of each Pok\u00e9mon\n|rule|Gravity Sleep Clause: The combination of sleep-inducing moves with imperfect accuracy and Gravity or Gigantamax Orbeetle are banned\n|clearpoke\n|poke|p1|Azumarill, F|\n|poke|p1|Gothitelle, F|\n|poke|p1|Oranguru, M|\n|poke|p1|Torkoal, F|\n|poke|p1|Indeedee-F, F|\n|poke|p1|Armarouge, F|\n|poke|p2|Gallade, M|\n|poke|p2|Tyrantrum, F|\n|poke|p2|Aurorus, F|\n|poke|p2|Hawlucha, M|\n|poke|p2|Goodra-Hisui, M|\n|poke|p2|Gourgeist-*, F|\n|teampreview\n|\n|t:|1697322328\n|start\n|switch|p1a: Azumarill|Azumarill, F|100\/100\n|switch|p1b: Gothitelle|Gothitelle, F|100\/100\n|switch|p2a: Jefaso|Gallade, M|100\/100\n|switch|p2b: Aurora|Aurorus, F|100\/100\n|-weather|Snow|[from] ability: Snow Warning|[of] p2b: Aurora\n|turn|1\n|\n|t:|1697322342\n|detailschange|p2a: Jefaso|Gallade-Mega, M\n|-mega|p2a: Jefaso|Gallade|Galladite\n|move|p2a: Jefaso|Bulk Up|p2a: Jefaso\n|-boost|p2a: Jefaso|atk|1\n|-boost|p2a: Jefaso|def|1\n|move|p2b: Aurora|Aurora Veil|p2b: Aurora\n|-sidestart|p2: OEEM67|move: Aurora Veil\n|move|p1a: Azumarill|Perish Song|p1a: Azumarill\n|-start|p1a: Azumarill|perish3|[silent]\n|-start|p1b: Gothitelle|perish3|[silent]\n|-start|p2a: Jefaso|perish3|[silent]\n|-start|p2b: Aurora|perish3|[silent]\n|-fieldactivate|move: Perish Song\n|move|p1b: Gothitelle|Trick Room|p1b: Gothitelle\n|-fieldstart|move: Trick Room|[of] p1b: Gothitelle\n|\n|-weather|Snow|[upkeep]\n|-start|p1a: Azumarill|perish3\n|-start|p2b: Aurora|perish3\n|-start|p1b: Gothitelle|perish3\n|-start|p2a: Jefaso|perish3\n|upkeep\n|turn|2\n|\n|t:|1697322380\n|move|p1a: Azumarill|Aqua Jet|p2b: Aurora\n|-supereffective|p2b: Aurora\n|-damage|p2b: Aurora|86\/100\n|move|p2b: Aurora|Calm Mind|p2b: Aurora\n|-boost|p2b: Aurora|spa|1\n|-boost|p2b: Aurora|spd|1\n|move|p1b: Gothitelle|Hypnosis|p2a: Jefaso\n|-status|p2a: Jefaso|slp|[from] move: Hypnosis\n|cant|p2a: Jefaso|slp\n|\n|-weather|Snow|[upkeep]\n|-heal|p2b: Aurora|92\/100|[from] item: Leftovers\n|-start|p1a: Azumarill|perish2\n|-start|p2b: Aurora|perish2\n|-start|p1b: Gothitelle|perish2\n|-start|p2a: Jefaso|perish2\n|upkeep\n|turn|3\n|\n|t:|1697322411\n|move|p1a: Azumarill|Aqua Jet|p2b: Aurora\n|-supereffective|p2b: Aurora\n|-damage|p2b: Aurora|78\/100\n|move|p2b: Aurora|Freeze-Dry|p1a: Azumarill\n|-supereffective|p1a: Azumarill\n|-damage|p1a: Azumarill|26\/100\n|-status|p1a: Azumarill|frz\n|move|p1b: Gothitelle|Hypnosis|p2b: Aurora\n|-status|p2b: Aurora|slp|[from] move: Hypnosis\n|cant|p2a: Jefaso|slp\n|\n|-weather|Snow|[upkeep]\n|-heal|p2b: Aurora|84\/100 slp|[from] item: Leftovers\n|-start|p1a: Azumarill|perish1\n|-start|p2b: Aurora|perish1\n|-start|p1b: Gothitelle|perish1\n|-start|p2a: Jefaso|perish1\n|upkeep\n|turn|4\n|\n|t:|1697322443\n|switch|p1a: Torkoal|Torkoal, F|100\/100\n|-weather|SunnyDay|[from] ability: Drought|[of] p1a: Torkoal\n|switch|p1b: Oranguru|Oranguru, M|100\/100\n|cant|p2b: Aurora|slp\n|cant|p2a: Jefaso|slp\n|\n|-weather|SunnyDay|[upkeep]\n|-heal|p2b: Aurora|90\/100 slp|[from] item: Leftovers\n|-start|p2b: Aurora|perish0\n|-start|p2a: Jefaso|perish0\n|faint|p2b: Aurora\n|faint|p2a: Jefaso\n|upkeep\n|\n|t:|1697322462\n|switch|p2b: Pochi|Hawlucha, M|100\/100\n|switch|p2a: Tyront|Tyrantrum, F|100\/100\n|turn|5\n|\n|t:|1697322488\n|-terastallize|p1a: Torkoal|Fire\n|move|p1a: Torkoal|Eruption|p2a: Tyront|[spread] p2a,p2b\n|-resisted|p2a: Tyront\n|-damage|p2a: Tyront|72\/100\n|-enditem|p2b: Pochi|Focus Sash\n|-damage|p2b: Pochi|1\/100\n|move|p1b: Oranguru|Instruct|p1a: Torkoal\n|-singleturn|p1a: Torkoal|move: Instruct|[of] p1b: Oranguru\n|move|p1a: Torkoal|Eruption|p2a: Tyront|[spread] p2a,p2b\n|-resisted|p2a: Tyront\n|-damage|p2a: Tyront|40\/100\n|-damage|p2b: Pochi|0 fnt\n|faint|p2b: Pochi\n|move|p2a: Tyront|Earthquake|p1a: Torkoal|[spread] p1a,p1b\n|-supereffective|p1a: Torkoal\n|-damage|p1a: Torkoal|58\/100\n|-damage|p1b: Oranguru|73\/100\n|\n|-weather|SunnyDay|[upkeep]\n|-heal|p1b: Oranguru|79\/100|[from] item: Leftovers\n|-sideend|p2: OEEM67|move: Aurora Veil\n|-fieldend|move: Trick Room\n|upkeep\n|\n|t:|1697322509\n|switch|p2b: Dino|Goodra-Hisui, M|100\/100\n|turn|6\n|\n|t:|1697322524\n|switch|p2a: Halloween|Gourgeist-Large, F|100\/100\n|move|p1b: Oranguru|Instruct|p1a: Torkoal\n|-singleturn|p1a: Torkoal|move: Instruct|[of] p1b: Oranguru\n|move|p1a: Torkoal|Eruption|p2a: Halloween|[spread] p2a,p2b\n|-supereffective|p2a: Halloween\n|-damage|p2a: Halloween|2\/100\n|-damage|p2b: Dino|61\/100\n|move|p2b: Dino|Thunderbolt|p1a: Torkoal\n|-damage|p1a: Torkoal|26\/100\n|move|p1a: Torkoal|Eruption|p2b: Dino|[spread] p2a,p2b\n|-supereffective|p2a: Halloween\n|-crit|p2a: Halloween\n|-damage|p2a: Halloween|0 fnt\n|-damage|p2b: Dino|42\/100\n|faint|p2a: Halloween\n|\n|-weather|SunnyDay|[upkeep]\n|-heal|p1b: Oranguru|85\/100|[from] item: Leftovers\n|-heal|p2b: Dino|48\/100|[from] item: Leftovers\n|upkeep\n|\n|t:|1697322547\n|switch|p2a: Tyront|Tyrantrum, F|40\/100\n|turn|7\n|\n|t:|1697322556\n|move|p2a: Tyront|Crunch|p1b: Oranguru\n|-supereffective|p1b: Oranguru\n|-damage|p1b: Oranguru|0 fnt\n|faint|p1b: Oranguru\n|move|p2b: Dino|Thunderbolt|p1a: Torkoal\n|-damage|p1a: Torkoal|0 fnt\n|faint|p1a: Torkoal\n|\n|-weather|SunnyDay|[upkeep]\n|-heal|p2b: Dino|54\/100|[from] item: Leftovers\n|upkeep\n|\n|t:|1697322568\n|switch|p1b: Indeedee|Indeedee-F, F|100\/100\n|switch|p1a: Armarouge|Armarouge, F|100\/100\n|-fieldstart|move: Psychic Terrain|[from] ability: Psychic Surge|[of] p1b: Indeedee\n|-enditem|p1b: Indeedee|Psychic Seed\n|-boost|p1b: Indeedee|spd|1|[from] item: Psychic Seed\n|turn|8\n|\n|t:|1697322591\n|move|p2a: Tyront|Crunch|p1a: Armarouge\n|-supereffective|p1a: Armarouge\n|-damage|p1a: Armarouge|14\/100\n|-unboost|p1a: Armarouge|def|1\n|-ability|p1a: Armarouge|Weak Armor|boost\n|-unboost|p1a: Armarouge|def|1\n|-boost|p1a: Armarouge|spe|2\n|move|p1a: Armarouge|Expanding Force|p2b: Dino|[spread] p2a,p2b\n|-resisted|p2b: Dino\n|-damage|p2a: Tyront|0 fnt\n|-damage|p2b: Dino|35\/100\n|faint|p2a: Tyront\n|move|p1b: Indeedee|Expanding Force|p2b: Dino\n|-resisted|p2b: Dino\n|-damage|p2b: Dino|18\/100\n|move|p2b: Dino|Gyro Ball|p1b: Indeedee\n|-damage|p1b: Indeedee|81\/100\n|\n|-weather|none\n|-heal|p2b: Dino|24\/100|[from] item: Leftovers\n|upkeep\n|turn|9\n|\n|t:|1697322628\n|move|p1b: Indeedee|Follow Me|p1b: Indeedee\n|-singleturn|p1b: Indeedee|move: Follow Me\n|move|p1a: Armarouge|Armor Cannon|p2b: Dino\n|-damage|p2b: Dino|0 fnt\n|-unboost|p1a: Armarouge|def|1\n|-unboost|p1a: Armarouge|spd|1\n|faint|p2b: Dino\n|\n|win|ralca 1\n|l|\u2606OEEM67\n","uploadtime":1697322647,"views":8,"p1id":"ralca1","p2id":"oeem67","formatid":"gen9nationaldexdoubles","rating":0,"private":0,"password":""}