{"id":"gen9nationaldexdoubles-1971544750","p1":"kr049w","p2":"Hahahah U ARE NOOB","format":"[Gen 9] National Dex Doubles","log":"|j|\u2606kr049w\n|j|\u2606Hahahah U ARE NOOB\n|t:|1697747097\n|gametype|doubles\n|player|p1|kr049w|pokemonbreederf-gen4|1179\n|player|p2|Hahahah U ARE NOOB|youngster-gen4dp|1000\n|teamsize|p1|6\n|teamsize|p2|6\n|gen|9\n|tier|[Gen 9] National Dex Doubles\n|rated|\n|rule|HP Percentage Mod: HP is shown in percentages\n|rule|Endless Battle Clause: Forcing endless battles is banned\n|rule|OHKO Clause: OHKO moves are banned\n|rule|Evasion Moves Clause: Evasion moves are banned\n|rule|Evasion Abilities Clause: Evasion abilities are banned\n|rule|Species Clause: Limit one of each Pok\u00e9mon\n|rule|Gravity Sleep Clause: The combination of sleep-inducing moves with imperfect accuracy and Gravity or Gigantamax Orbeetle are banned\n|clearpoke\n|poke|p1|Shiftry, F|\n|poke|p1|Tornadus, M|\n|poke|p1|Flutter Mane|\n|poke|p1|Ting-Lu|\n|poke|p1|Ninetales-Alola, M|\n|poke|p1|Moltres-Galar|\n|poke|p2|Indeedee-F, F|\n|poke|p2|Oranguru, F|\n|poke|p2|Glastrier|\n|poke|p2|Hoopa-Unbound|\n|poke|p2|Ursaluna, F|\n|poke|p2|Zygarde|\n|teampreview\n|inactive|Battle timer is ON: inactive players will automatically lose when time's up. (requested by kr049w)\n|\n|t:|1697747110\n|start\n|switch|p1a: Birb|Moltres-Galar|100\/100\n|switch|p1b: Beep beep|Ting-Lu|100\/100\n|switch|p2a: Hoopa|Hoopa-Unbound|100\/100\n|switch|p2b: Zygarde|Zygarde|100\/100\n|-ability|p2b: Zygarde|Aura Break\n|-ability|p1b: Beep beep|Vessel of Ruin\n|turn|1\n|\n|t:|1697747124\n|move|p1a: Birb|Fiery Wrath|p2b: Zygarde|[spread] p2a,p2b\n|-damage|p2a: Hoopa|85\/100\n|-damage|p2b: Zygarde|88\/100\n|move|p2b: Zygarde|Coil|p2b: Zygarde\n|-boost|p2b: Zygarde|atk|1\n|-boost|p2b: Zygarde|def|1\n|-boost|p2b: Zygarde|accuracy|1\n|move|p1b: Beep beep|Bulldoze|p2a: Hoopa|[spread] p2a,p2b\n|-immune|p1a: Birb\n|-damage|p2a: Hoopa|59\/100\n|-damage|p2b: Zygarde|81\/100\n|-unboost|p2a: Hoopa|spe|1\n|-unboost|p2b: Zygarde|spe|1\n|cant|p2a: Hoopa|flinch\n|\n|upkeep\n|turn|2\n|\n|t:|1697747152\n|switch|p1b: The dude|Tornadus, M|100\/100\n|move|p1a: Birb|Fiery Wrath|p2b: Zygarde|[spread] p2a,p2b\n|-damage|p2a: Hoopa|40\/100\n|-damage|p2b: Zygarde|66\/100\n|move|p2b: Zygarde|Coil|p2b: Zygarde\n|-boost|p2b: Zygarde|atk|1\n|-boost|p2b: Zygarde|def|1\n|-boost|p2b: Zygarde|accuracy|1\n|move|p2a: Hoopa|Trick Room|p2a: Hoopa\n|-fieldstart|move: Trick Room|[of] p2a: Hoopa\n|-enditem|p2b: Zygarde|Room Service\n|-unboost|p2b: Zygarde|spe|1|[from] item: Room Service\n|-enditem|p2a: Hoopa|Room Service\n|-unboost|p2a: Hoopa|spe|1|[from] item: Room Service\n|\n|upkeep\n|turn|3\n|\n|t:|1697747170\n|move|p1a: Birb|Protect|p1a: Birb\n|-singleturn|p1a: Birb|Protect\n|move|p1b: The dude|Taunt|p2b: Zygarde\n|-start|p2b: Zygarde|move: Taunt\n|move|p2a: Hoopa|Dark Pulse|p1b: The dude\n|-damage|p1b: The dude|52\/100\n|-item|p2a: Hoopa|Leftovers|[from] ability: Magician|[of] p1b: The dude\n|move|p2b: Zygarde|Thousand Arrows|p1a: Birb|[spread] p1b\n|-activate|p1a: Birb|move: Protect\n|-damage|p1b: The dude|2\/100\n|-start|p1b: The dude|Smack Down\n|\n|-heal|p2a: Hoopa|46\/100|[from] item: Leftovers\n|upkeep\n|turn|4\n|inactive|Hahahah U ARE NOOB has 120 seconds left.\n|\n|t:|1697747205\n|switch|p1b: Jose|Shiftry, F|100\/100\n|move|p2a: Hoopa|Dark Pulse|p1a: Birb\n|-resisted|p1a: Birb\n|-damage|p1a: Birb|76\/100\n|move|p2b: Zygarde|Thousand Arrows|p1a: Birb|[spread] p1a,p1b\n|-resisted|p1b: Jose\n|-damage|p1a: Birb|31\/100\n|-damage|p1b: Jose|67\/100\n|-start|p1a: Birb|Smack Down\n|-ability|p1a: Birb|Berserk|boost\n|-boost|p1a: Birb|spa|1\n|move|p1a: Birb|Fiery Wrath|p2b: Zygarde|[spread] p2a,p2b\n|-damage|p2a: Hoopa|14\/100\n|-damage|p2b: Zygarde|41\/100\n|\n|-heal|p2a: Hoopa|20\/100|[from] item: Leftovers\n|upkeep\n|turn|5\n|inactive|Hahahah U ARE NOOB has 120 seconds left.\n|\n|t:|1697747255\n|move|p1a: Birb|Protect|p1a: Birb\n|-singleturn|p1a: Birb|Protect\n|move|p1b: Jose|Fake Out|p2a: Hoopa\n|-damage|p2a: Hoopa|0 fnt\n|faint|p2a: Hoopa\n|-damage|p1b: Jose|57\/100|[from] item: Life Orb\n|move|p2b: Zygarde|Thousand Arrows|p1b: Jose|[spread] p1b\n|-activate|p1a: Birb|move: Protect\n|-resisted|p1b: Jose\n|-crit|p1b: Jose\n|-damage|p1b: Jose|9\/100\n|\n|-end|p2b: Zygarde|move: Taunt\n|upkeep\n|inactive|Hahahah U ARE NOOB has 90 seconds left.\n|inactive|Hahahah U ARE NOOB has 60 seconds left.\n|\n|t:|1697747313\n|switch|p2a: Indeedee|Indeedee-F, F|100\/100\n|-fieldstart|move: Psychic Terrain|[from] ability: Psychic Surge|[of] p2a: Indeedee\n|turn|6\n|\n|t:|1697747326\n|move|p2b: Zygarde|Thousand Arrows|p1a: Birb|[spread] p1a,p1b\n|-resisted|p1b: Jose\n|-damage|p1a: Birb|0 fnt\n|-damage|p1b: Jose|0 fnt\n|faint|p1a: Birb\n|faint|p1b: Jose\n|move|p2a: Indeedee|Heal Pulse|p2b: Zygarde\n|-heal|p2b: Zygarde|91\/100\n|\n|-fieldend|move: Trick Room\n|upkeep\n|\n|t:|1697747342\n|switch|p1a: Birb owner|Ninetales-Alola, M, shiny|100\/100\n|switch|p1b: Beep beep|Ting-Lu|100\/100\n|-weather|Snow|[from] ability: Snow Warning|[of] p1a: Birb owner\n|-ability|p1b: Beep beep|Vessel of Ruin\n|turn|7\n|inactive|Hahahah U ARE NOOB has 90 seconds left.\n|\n|t:|1697747355\n|move|p2b: Zygarde|Protect|p2b: Zygarde\n|-singleturn|p2b: Zygarde|Protect\n|move|p1a: Birb owner|Aurora Veil|p1a: Birb owner\n|-sidestart|p1: kr049w|move: Aurora Veil\n|move|p1b: Beep beep|Rock Slide|p2a: Indeedee|[spread] p2a\n|-activate|p2b: Zygarde|move: Protect\n|-damage|p2a: Indeedee|86\/100\n|move|p2a: Indeedee|Trick Room|p2a: Indeedee\n|-fieldstart|move: Trick Room|[of] p2a: Indeedee\n|\n|-weather|Snow|[upkeep]\n|upkeep\n|turn|8\n|-message|kr049w forfeited.\n|\n|win|Hahahah U ARE NOOB\n|raw|kr049w's rating: 1179 &rarr; <strong>1142<\/strong><br \/>(-37 for losing)\n|raw|Hahahah U ARE NOOB's rating: 1000 &rarr; <strong>1059<\/strong><br \/>(+59 for winning)\n|l|\u2606kr049w\n","uploadtime":1697747371,"views":9,"p1id":"kr049w","p2id":"hahahahuarenoob","formatid":"gen9nationaldexdoubles","rating":1059,"private":0,"password":""}