{"id":"gen9nationaldexdoubles-1972601378","p1":"Yu hung lo","p2":"Empress_Anna","format":"[Gen 9] National Dex Doubles","log":"|j|\u2606Yu hung lo\n|j|\u2606Empress_Anna\n|t:|1697862637\n|gametype|doubles\n|player|p1|Yu hung lo|janitor|1498\n|player|p2|Empress_Anna|cheryl|1220\n|teamsize|p1|6\n|teamsize|p2|6\n|gen|9\n|tier|[Gen 9] National Dex Doubles\n|rated|\n|rule|HP Percentage Mod: HP is shown in percentages\n|rule|Endless Battle Clause: Forcing endless battles is banned\n|rule|OHKO Clause: OHKO moves are banned\n|rule|Evasion Moves Clause: Evasion moves are banned\n|rule|Evasion Abilities Clause: Evasion abilities are banned\n|rule|Species Clause: Limit one of each Pok\u00e9mon\n|rule|Gravity Sleep Clause: The combination of sleep-inducing moves with imperfect accuracy and Gravity or Gigantamax Orbeetle are banned\n|clearpoke\n|poke|p1|Mawile, F|\n|poke|p1|Grimmsnarl, M|\n|poke|p1|Incineroar, M|\n|poke|p1|Rillaboom, F|\n|poke|p1|Blastoise, M|\n|poke|p1|Dragapult, M|\n|poke|p2|Pelipper, M|\n|poke|p2|Duraludon, F|\n|poke|p2|Goodra, M|\n|poke|p2|Garchomp, F|\n|poke|p2|Kingdra, M|\n|poke|p2|Bruxish, M|\n|teampreview\n|inactive|Battle timer is ON: inactive players will automatically lose when time's up. (requested by Yu hung lo)\n|\n|t:|1697862667\n|start\n|switch|p1a: Blastoise|Blastoise, M|100\/100\n|switch|p1b: Dragapult|Dragapult, M|100\/100\n|switch|p2a: Pelipper|Pelipper, M, shiny|100\/100\n|switch|p2b: Kingdra|Kingdra, M|100\/100\n|-weather|RainDance|[from] ability: Drizzle|[of] p2a: Pelipper\n|turn|1\n|inactive|Yu hung lo has 120 seconds left.\n|inactive|Empress_Anna has 120 seconds left.\n|\n|t:|1697862703\n|-terastallize|p1b: Dragapult|Ghost\n|move|p1a: Blastoise|Follow Me|p1a: Blastoise\n|-singleturn|p1a: Blastoise|move: Follow Me\n|move|p1b: Dragapult|Phantom Force||[still]\n|-prepare|p1b: Dragapult|Phantom Force\n|move|p2b: Kingdra|Draco Meteor|p1a: Blastoise\n|-damage|p1a: Blastoise|28\/100\n|-unboost|p2b: Kingdra|spa|2\n|-enditem|p1a: Blastoise|Sitrus Berry|[eat]\n|-heal|p1a: Blastoise|53\/100|[from] item: Sitrus Berry\n|move|p2a: Pelipper|Tailwind|p2a: Pelipper\n|-sidestart|p2: Empress_Anna|move: Tailwind\n|\n|-weather|RainDance|[upkeep]\n|upkeep\n|turn|2\n|inactive|Empress_Anna has 120 seconds left.\n|inactive|Yu hung lo has 120 seconds left.\n|\n|t:|1697862736\n|switch|p2b: Goodra|Goodra, M|100\/100\n|switch|p2a: Duraludon|Duraludon, F|100\/100\n|move|p1a: Blastoise|Follow Me|p1a: Blastoise\n|-singleturn|p1a: Blastoise|move: Follow Me\n|move|p1b: Dragapult|Phantom Force|p2b: Goodra|[from]lockedmove\n|-damage|p2b: Goodra|14\/100\n|\n|-weather|RainDance|[upkeep]\n|-heal|p2b: Goodra|20\/100|[from] item: Leftovers\n|upkeep\n|turn|3\n|inactive|Yu hung lo has 120 seconds left.\n|inactive|Empress_Anna has 120 seconds left.\n|\n|t:|1697862762\n|switch|p1b: Incineroar|Incineroar, M|100\/100\n|-ability|p1b: Incineroar|Intimidate|boost\n|-unboost|p2a: Duraludon|atk|1\n|-unboost|p2b: Goodra|atk|1\n|switch|p1a: Mawile|Mawile, F|100\/100\n|move|p2a: Duraludon|Dark Pulse|p1b: Incineroar\n|-resisted|p1b: Incineroar\n|-damage|p1b: Incineroar|91\/100\n|move|p2b: Goodra|Thunder|p1a: Mawile\n|-damage|p1a: Mawile|41\/100\n|-status|p1a: Mawile|par\n|\n|-weather|RainDance|[upkeep]\n|-heal|p2b: Goodra|26\/100|[from] item: Leftovers\n|upkeep\n|turn|4\n|inactive|Yu hung lo has 120 seconds left.\n|inactive|Empress_Anna has 120 seconds left.\n|\n|t:|1697862791\n|detailschange|p1a: Mawile|Mawile-Mega, F\n|-mega|p1a: Mawile|Mawile|Mawilite\n|-terastallize|p2a: Duraludon|Electric\n|move|p2a: Duraludon|Thunder|p1b: Incineroar\n|-damage|p1b: Incineroar|54\/100\n|move|p2b: Goodra|Thunder|p1a: Mawile\n|-damage|p1a: Mawile|0 fnt\n|faint|p1a: Mawile\n|move|p1b: Incineroar|Parting Shot|p2a: Duraludon\n|-unboost|p2a: Duraludon|atk|1\n|-unboost|p2a: Duraludon|spa|1\n|inactive|Yu hung lo has 120 seconds left.\n|\n|t:|1697862805\n|switch|p1b: Grimmsnarl|Grimmsnarl, M|100\/100|[from] Parting Shot\n|\n|-weather|RainDance|[upkeep]\n|-heal|p2b: Goodra|33\/100|[from] item: Leftovers\n|-sideend|p2: Empress_Anna|move: Tailwind\n|upkeep\n|\n|t:|1697862811\n|switch|p1a: Rillaboom|Rillaboom, F|100\/100\n|-fieldstart|move: Grassy Terrain|[from] ability: Grassy Surge|[of] p1a: Rillaboom\n|turn|5\n|\n|t:|1697862824\n|switch|p2a: Pelipper|Pelipper, M, shiny|100\/100\n|move|p1b: Grimmsnarl|Light Screen|p1b: Grimmsnarl\n|-sidestart|p1: Yu hung lo|move: Light Screen\n|move|p1a: Rillaboom|Wood Hammer|p2a: Pelipper\n|-damage|p2a: Pelipper|22\/100\n|-damage|p1a: Rillaboom|83\/100|[from] Recoil\n|move|p2b: Goodra|Ice Beam|p1a: Rillaboom\n|-supereffective|p1a: Rillaboom\n|-damage|p1a: Rillaboom|59\/100\n|\n|-weather|RainDance|[upkeep]\n|-heal|p1a: Rillaboom|66\/100|[from] Grassy Terrain\n|-heal|p2b: Goodra|39\/100|[from] Grassy Terrain\n|-heal|p2b: Goodra|45\/100|[from] item: Leftovers\n|upkeep\n|turn|6\n|inactive|Empress_Anna has 120 seconds left.\n|\n|t:|1697862857\n|switch|p2a: Bruxish|Bruxish, M|100\/100\n|move|p1a: Rillaboom|Wood Hammer|p2a: Bruxish\n|-supereffective|p2a: Bruxish\n|-enditem|p2a: Bruxish|Focus Sash\n|-damage|p2a: Bruxish|1\/100\n|-damage|p1a: Rillaboom|40\/100|[from] Recoil\n|move|p2b: Goodra|Acid Armor|p2b: Goodra\n|-boost|p2b: Goodra|def|2\n|move|p1b: Grimmsnarl|Spirit Break|p2b: Goodra\n|-supereffective|p2b: Goodra\n|-damage|p2b: Goodra|16\/100\n|-unboost|p2b: Goodra|spa|1\n|\n|-weather|RainDance|[upkeep]\n|-heal|p2a: Bruxish|7\/100|[from] Grassy Terrain\n|-heal|p1a: Rillaboom|46\/100|[from] Grassy Terrain\n|-heal|p2b: Goodra|23\/100|[from] Grassy Terrain\n|-heal|p2b: Goodra|29\/100|[from] item: Leftovers\n|upkeep\n|turn|7\n|inactive|Empress_Anna has 120 seconds left.\n|\n|t:|1697862890\n|move|p2a: Bruxish|Ice Fang|p1a: Rillaboom\n|-supereffective|p1a: Rillaboom\n|-damage|p1a: Rillaboom|8\/100\n|move|p1a: Rillaboom|U-turn|p2a: Bruxish\n|-supereffective|p2a: Bruxish\n|-damage|p2a: Bruxish|0 fnt\n|faint|p2a: Bruxish\n|inactive|Yu hung lo has 120 seconds left.\n|\n|t:|1697862914\n|switch|p1a: Dragapult|Dragapult, M, tera:Ghost|100\/100|[from] U-turn\n|move|p2b: Goodra|Ice Beam|p1a: Dragapult\n|-damage|p1a: Dragapult|83\/100\n|move|p1b: Grimmsnarl|Spirit Break|p2b: Goodra\n|-supereffective|p2b: Goodra\n|-damage|p2b: Goodra|0 fnt\n|faint|p2b: Goodra\n|\n|-weather|RainDance|[upkeep]\n|-heal|p1a: Dragapult|89\/100|[from] Grassy Terrain\n|upkeep\n|inactive|Empress_Anna has 120 seconds left.\n|\n|t:|1697862932\n|switch|p2a: Kingdra|Kingdra, M|100\/100\n|switch|p2b: Duraludon|Duraludon, F, tera:Electric|100\/100\n|turn|8\n|inactive|Empress_Anna has 120 seconds left.\n|inactive|Yu hung lo has 120 seconds left.\n|\n|t:|1697862969\n|move|p1b: Grimmsnarl|Parting Shot|p2a: Kingdra\n|-unboost|p2a: Kingdra|atk|1\n|-unboost|p2a: Kingdra|spa|1\n|\n|t:|1697862974\n|switch|p1b: Blastoise|Blastoise, M|53\/100|[from] Parting Shot\n|move|p1a: Dragapult|Dragon Darts|p2b: Duraludon\n|-damage|p2b: Duraludon|64\/100\n|-anim|p1a: Dragapult|Dragon Darts|p2a: Kingdra\n|-supereffective|p2a: Kingdra\n|-damage|p2a: Kingdra|20\/100\n|move|p2a: Kingdra|Hurricane|p1a: Dragapult\n|-crit|p1a: Dragapult\n|-damage|p1a: Dragapult|0 fnt\n|faint|p1a: Dragapult\n|move|p2b: Duraludon|Thunder|p1b: Blastoise\n|-supereffective|p1b: Blastoise\n|-damage|p1b: Blastoise|0 fnt\n|faint|p1b: Blastoise\n|\n|-weather|none\n|-heal|p2a: Kingdra|26\/100|[from] Grassy Terrain\n|-heal|p2b: Duraludon|70\/100|[from] Grassy Terrain\n|upkeep\n|j| andretsai0706\n|\n|t:|1697862984\n|switch|p1a: Incineroar|Incineroar, M|54\/100\n|switch|p1b: Grimmsnarl|Grimmsnarl, M|100\/100\n|-ability|p1a: Incineroar|Intimidate|boost\n|-unboost|p2a: Kingdra|atk|1\n|-unboost|p2b: Duraludon|atk|1\n|turn|9\n|l| andretsai0706\n|inactive|Yu hung lo has 120 seconds left.\n|\n|t:|1697863004\n|switch|p2a: Pelipper|Pelipper, M, shiny|22\/100\n|-weather|RainDance|[from] ability: Drizzle|[of] p2a: Pelipper\n|move|p2b: Duraludon|Thunder|p1b: Grimmsnarl\n|-damage|p1b: Grimmsnarl|64\/100\n|move|p1a: Incineroar|Parting Shot|p2b: Duraludon\n|-unboost|p2b: Duraludon|atk|1\n|-unboost|p2b: Duraludon|spa|1\n|inactive|Yu hung lo has 120 seconds left.\n|\n|t:|1697863013\n|switch|p1a: Rillaboom|Rillaboom, F|8\/100|[from] Parting Shot\n|move|p1b: Grimmsnarl|Spirit Break|p2a: Pelipper\n|-damage|p2a: Pelipper|0 fnt\n|faint|p2a: Pelipper\n|\n|-weather|RainDance|[upkeep]\n|-heal|p2b: Duraludon|76\/100|[from] Grassy Terrain\n|-heal|p1a: Rillaboom|14\/100|[from] Grassy Terrain\n|-heal|p1b: Grimmsnarl|70\/100|[from] Grassy Terrain\n|-fieldend|move: Grassy Terrain\n|upkeep\n|\n|t:|1697863028\n|switch|p2a: Kingdra|Kingdra, M|26\/100\n|turn|10\n|\n|t:|1697863043\n|switch|p2b: Garchomp|Garchomp, F|100\/100\n|switch|p1a: Incineroar|Incineroar, M|54\/100\n|-ability|p1a: Incineroar|Intimidate|boost\n|-unboost|p2a: Kingdra|atk|1\n|-unboost|p2b: Garchomp|atk|1\n|move|p1b: Grimmsnarl|Parting Shot|p2b: Garchomp\n|-unboost|p2b: Garchomp|atk|1\n|-unboost|p2b: Garchomp|spa|1\n|\n|t:|1697863047\n|switch|p1b: Rillaboom|Rillaboom, F|14\/100|[from] Parting Shot\n|-fieldstart|move: Grassy Terrain|[from] ability: Grassy Surge|[of] p1b: Rillaboom\n|move|p2a: Kingdra|Hurricane|p1a: Incineroar\n|-damage|p1a: Incineroar|30\/100\n|-start|p1a: Incineroar|confusion\n|\n|-weather|RainDance|[upkeep]\n|-heal|p2a: Kingdra|32\/100|[from] Grassy Terrain\n|-heal|p1b: Rillaboom|20\/100|[from] Grassy Terrain\n|-heal|p1a: Incineroar|36\/100|[from] Grassy Terrain\n|upkeep\n|turn|11\n|inactive|Empress_Anna has 120 seconds left.\n|\n|t:|1697863077\n|-activate|p1a: Incineroar|confusion\n|move|p1a: Incineroar|Fake Out|p2b: Garchomp\n|-damage|p2b: Garchomp|90\/100\n|-damage|p1a: Incineroar|24\/100|[from] ability: Rough Skin|[of] p2b: Garchomp\n|move|p1b: Rillaboom|Grassy Glide|p2a: Kingdra\n|-damage|p2a: Kingdra|0 fnt\n|faint|p2a: Kingdra\n|cant|p2b: Garchomp|flinch\n|\n|-weather|RainDance|[upkeep]\n|-heal|p2b: Garchomp|96\/100|[from] Grassy Terrain\n|-heal|p1b: Rillaboom|27\/100|[from] Grassy Terrain\n|-heal|p1a: Incineroar|30\/100|[from] Grassy Terrain\n|upkeep\n|inactive|Empress_Anna has 120 seconds left.\n|\n|t:|1697863090\n|switch|p2a: Duraludon|Duraludon, F, tera:Electric|76\/100\n|turn|12\n|\n|t:|1697863106\n|switch|p1b: Grimmsnarl|Grimmsnarl, M|70\/100\n|move|p2b: Garchomp|Liquidation|p1a: Incineroar\n|-supereffective|p1a: Incineroar\n|-damage|p1a: Incineroar|0 fnt\n|faint|p1a: Incineroar\n|-damage|p2b: Garchomp|86\/100|[from] item: Life Orb\n|move|p2a: Duraludon|Dark Pulse|p1b: Grimmsnarl\n|-resisted|p1b: Grimmsnarl\n|-damage|p1b: Grimmsnarl|66\/100\n|\n|-weather|RainDance|[upkeep]\n|-heal|p2b: Garchomp|93\/100|[from] Grassy Terrain\n|-heal|p2a: Duraludon|82\/100|[from] Grassy Terrain\n|-heal|p1b: Grimmsnarl|72\/100|[from] Grassy Terrain\n|-sideend|p1: Yu hung lo|move: Light Screen\n|upkeep\n|\n|t:|1697863110\n|switch|p1a: Rillaboom|Rillaboom, F|27\/100\n|turn|13\n|\n|t:|1697863125\n|move|p1b: Grimmsnarl|Reflect|p1b: Grimmsnarl\n|-sidestart|p1: Yu hung lo|Reflect\n|move|p2b: Garchomp|Dragon Claw|p1a: Rillaboom\n|-crit|p1a: Rillaboom\n|-damage|p1a: Rillaboom|0 fnt\n|faint|p1a: Rillaboom\n|-damage|p2b: Garchomp|83\/100|[from] item: Life Orb\n|move|p2a: Duraludon|Thunder|p1b: Grimmsnarl\n|-damage|p1b: Grimmsnarl|19\/100\n|\n|-weather|RainDance|[upkeep]\n|-heal|p2b: Garchomp|89\/100|[from] Grassy Terrain\n|-heal|p2a: Duraludon|88\/100|[from] Grassy Terrain\n|-heal|p1b: Grimmsnarl|25\/100|[from] Grassy Terrain\n|upkeep\n|turn|14\n|-message|Yu hung lo forfeited.\n|\n|win|Empress_Anna\n|raw|Yu hung lo's rating: 1498 &rarr; <strong>1465<\/strong><br \/>(-33 for losing)\n|raw|Empress_Anna's rating: 1220 &rarr; <strong>1262<\/strong><br \/>(+42 for winning)\n|l|\u2606Yu hung lo\n","uploadtime":1697863147,"views":8,"p1id":"yuhunglo","p2id":"empressanna","formatid":"gen9nationaldexdoubles","rating":1262,"private":0,"password":""}