{"id":"gen9nationaldexdoubles-1975922234","p1":"SuZo","p2":"mitsuri19","format":"[Gen 9] National Dex Doubles","log":"|j|\u2606SuZo\n|j|\u2606mitsuri19\n|t:|1698249438\n|gametype|doubles\n|player|p1|SuZo|lusamine-nihilego|1081\n|player|p2|mitsuri19|clerkf|1038\n|teamsize|p1|6\n|teamsize|p2|6\n|gen|9\n|tier|[Gen 9] National Dex Doubles\n|rated|\n|rule|HP Percentage Mod: HP is shown in percentages\n|rule|Endless Battle Clause: Forcing endless battles is banned\n|rule|OHKO Clause: OHKO moves are banned\n|rule|Evasion Moves Clause: Evasion moves are banned\n|rule|Evasion Abilities Clause: Evasion abilities are banned\n|rule|Species Clause: Limit one of each Pok\u00e9mon\n|rule|Gravity Sleep Clause: The combination of sleep-inducing moves with imperfect accuracy and Gravity or Gigantamax Orbeetle are banned\n|clearpoke\n|poke|p1|Glimmora, F|\n|poke|p1|Ogerpon-Wellspring, F|\n|poke|p1|Chien-Pao|\n|poke|p1|Ursaluna, M|\n|poke|p1|Cresselia, F|\n|poke|p1|Flutter Mane|\n|poke|p2|Ninetales-Alola, F|\n|poke|p2|Froslass, F|\n|poke|p2|Cresselia, F|\n|poke|p2|Glaceon, F|\n|poke|p2|Milotic, F|\n|poke|p2|Chi-Yu|\n|teampreview\n|\n|t:|1698249460\n|start\n|switch|p1a: Glimmora|Glimmora, F|100\/100\n|switch|p1b: Ogerpon|Ogerpon-Wellspring, F|100\/100\n|switch|p2a: frost|Ninetales-Alola, F|100\/100\n|switch|p2b: glacier|Froslass, F, shiny|100\/100\n|-weather|Snow|[from] ability: Snow Warning|[of] p2a: frost\n|turn|1\n|\n|t:|1698249481\n|move|p2b: glacier|Aurora Veil|p2b: glacier\n|-sidestart|p2: mitsuri19|move: Aurora Veil\n|move|p1b: Ogerpon|Knock Off|p2b: glacier\n|-supereffective|p2b: glacier\n|-damage|p2b: glacier|56\/100\n|-start|p1b: Ogerpon|Disable|Knock Off|[from] ability: Cursed Body|[of] p2b: glacier\n|-enditem|p2b: glacier|Focus Sash|[from] move: Knock Off|[of] p1b: Ogerpon\n|move|p2a: frost|Substitute|p2a: frost\n|-start|p2a: frost|Substitute\n|-damage|p2a: frost|76\/100\n|move|p1a: Glimmora|Power Gem|p2a: frost\n|-supereffective|p2a: frost\n|-end|p2a: frost|Substitute\n|\n|-weather|Snow|[upkeep]\n|upkeep\n|turn|2\n|\n|t:|1698249505\n|move|p1b: Ogerpon|Follow Me|p1b: Ogerpon\n|-singleturn|p1b: Ogerpon|move: Follow Me\n|move|p2b: glacier|Destiny Bond|p2b: glacier\n|-singlemove|p2b: glacier|Destiny Bond\n|move|p2a: frost|Substitute|p2a: frost\n|-start|p2a: frost|Substitute\n|-damage|p2a: frost|51\/100\n|move|p1a: Glimmora|Power Gem|p2a: frost\n|-supereffective|p2a: frost\n|-end|p2a: frost|Substitute\n|\n|-weather|Snow|[upkeep]\n|upkeep\n|turn|3\n|\n|t:|1698249536\n|switch|p2a: luna|Cresselia, F|100\/100\n|move|p1b: Ogerpon|Ivy Cudgel|p2a: luna\n|-damage|p2a: luna|75\/100\n|move|p2b: glacier|Ice Beam|p1b: Ogerpon\n|-damage|p1b: Ogerpon|69\/100\n|move|p1a: Glimmora|Power Gem|p2a: luna\n|-damage|p2a: luna|55\/100\n|\n|-weather|Snow|[upkeep]\n|upkeep\n|turn|4\n|\n|t:|1698249552\n|move|p1b: Ogerpon|Spiky Shield|p1b: Ogerpon\n|-singleturn|p1b: Ogerpon|move: Protect\n|move|p2b: glacier|Ice Beam|p1b: Ogerpon\n|-activate|p1b: Ogerpon|move: Protect\n|move|p1a: Glimmora|Power Gem|p2b: glacier\n|-supereffective|p2b: glacier\n|-damage|p2b: glacier|0 fnt\n|-start|p1a: Glimmora|Disable|Power Gem|[from] ability: Cursed Body|[of] p2b: glacier\n|faint|p2b: glacier\n|move|p2a: luna|Lunar Blessing|p2a: luna\n|-heal|p2a: luna|80\/100\n|\n|-weather|Snow|[upkeep]\n|-end|p1b: Ogerpon|Disable\n|upkeep\n|\n|t:|1698249568\n|switch|p2b: frost|Ninetales-Alola, F|51\/100\n|turn|5\n|\n|t:|1698249580\n|move|p1b: Ogerpon|Knock Off|p2a: luna\n|-supereffective|p2a: luna\n|-damage|p2a: luna|50\/100\n|-enditem|p2a: luna|Iapapa Berry|[from] move: Knock Off|[of] p1b: Ogerpon\n|move|p2b: frost|Substitute|p2b: frost\n|-start|p2b: frost|Substitute\n|-damage|p2b: frost|26\/100\n|move|p1a: Glimmora|Mortal Spin|p2a: luna|[spread] p2a,p2b\n|-supereffective|p2b: frost\n|-activate|p2b: frost|move: Substitute|[damage]\n|-damage|p2a: luna|48\/100\n|-status|p2a: luna|psn\n|move|p2a: luna|Lunar Blessing||[still]|[spread] p2a,p2b\n|-fail|p2a: luna\n|-heal|p2a: luna|73\/100 psn\n|-curestatus|p2a: luna|psn|[msg]\n|\n|-weather|Snow|[upkeep]\n|-sideend|p2: mitsuri19|move: Aurora Veil\n|upkeep\n|turn|6\n|\n|t:|1698249604\n|move|p1a: Glimmora|Spiky Shield|p1a: Glimmora\n|-singleturn|p1a: Glimmora|move: Protect\n|move|p2a: luna|Protect|p2a: luna\n|-singleturn|p2a: luna|Protect\n|move|p1b: Ogerpon|Ivy Cudgel|p2b: frost\n|-end|p2b: frost|Substitute\n|move|p2b: frost|Calm Mind|p2b: frost\n|-boost|p2b: frost|spa|1\n|-boost|p2b: frost|spd|1\n|\n|-weather|Snow|[upkeep]\n|upkeep\n|turn|7\n|\n|t:|1698249631\n|move|p1b: Ogerpon|Ivy Cudgel|p2b: frost\n|-damage|p2b: frost|0 fnt\n|faint|p2b: frost\n|move|p1a: Glimmora|Earth Power|p2a: luna\n|-immune|p2a: luna|[from] ability: Levitate\n|move|p2a: luna|Moonblast|p1a: Glimmora\n|-resisted|p1a: Glimmora\n|-crit|p1a: Glimmora\n|-damage|p1a: Glimmora|80\/100\n|\n|-weather|Snow|[upkeep]\n|-end|p1a: Glimmora|Disable\n|upkeep\n|\n|t:|1698249647\n|switch|p2b: coral|Milotic, F|100\/100\n|turn|8\n|\n|t:|1698249661\n|move|p1b: Ogerpon|Knock Off|p2b: coral\n|-damage|p2b: coral|61\/100\n|-enditem|p2b: coral|Flame Orb|[from] move: Knock Off|[of] p1b: Ogerpon\n|move|p1a: Glimmora|Mortal Spin|p2a: luna|[spread] p2a,p2b\n|-damage|p2a: luna|70\/100\n|-damage|p2b: coral|55\/100\n|-status|p2a: luna|psn\n|-status|p2b: coral|psn\n|move|p2a: luna|Ice Beam|p1b: Ogerpon\n|-damage|p1b: Ogerpon|49\/100\n|move|p2b: coral|Hydro Pump|p1a: Glimmora\n|-supereffective|p1a: Glimmora\n|-damage|p1a: Glimmora|0 fnt\n|faint|p1a: Glimmora\n|\n|-weather|none\n|-damage|p2a: luna|57\/100 psn|[from] psn\n|-damage|p2b: coral|43\/100 psn|[from] psn\n|upkeep\n|\n|t:|1698249678\n|switch|p1a: Chien-Pao|Chien-Pao|100\/100\n|-ability|p1a: Chien-Pao|Sword of Ruin\n|turn|9\n|\n|t:|1698249695\n|move|p2b: coral|Protect|p2b: coral\n|-singleturn|p2b: coral|Protect\n|move|p1b: Ogerpon|Follow Me|p1b: Ogerpon\n|-singleturn|p1b: Ogerpon|move: Follow Me\n|move|p1a: Chien-Pao|Crunch|p2a: luna\n|-supereffective|p2a: luna\n|-crit|p2a: luna\n|-damage|p2a: luna|0 fnt\n|faint|p2a: luna\n|\n|-damage|p2b: coral|30\/100 psn|[from] psn\n|upkeep\n|\n|t:|1698249707\n|switch|p2a: ember|Chi-Yu|100\/100\n|-ability|p2a: ember|Beads of Ruin\n|turn|10\n|\n|t:|1698249726\n|-terastallize|p2a: ember|Water\n|move|p1a: Chien-Pao|Protect|p1a: Chien-Pao\n|-singleturn|p1a: Chien-Pao|Protect\n|move|p1b: Ogerpon|Ivy Cudgel|p2a: ember\n|-resisted|p2a: ember\n|-damage|p2a: ember|52\/100\n|move|p2a: ember|Heat Wave|p1a: Chien-Pao|[spread] p1b\n|-activate|p1a: Chien-Pao|move: Protect\n|-damage|p1b: Ogerpon|0 fnt\n|faint|p1b: Ogerpon\n|move|p2b: coral|Recover|p2b: coral\n|-heal|p2b: coral|80\/100 psn\n|\n|-damage|p2b: coral|68\/100 psn|[from] psn\n|upkeep\n|\n|t:|1698249739\n|switch|p1b: Flutter Mane|Flutter Mane|100\/100\n|-enditem|p1b: Flutter Mane|Booster Energy\n|-activate|p1b: Flutter Mane|ability: Protosynthesis|[fromitem]\n|-start|p1b: Flutter Mane|protosynthesisspe\n|turn|11\n|\n|t:|1698249767\n|move|p1b: Flutter Mane|Dazzling Gleam|p2b: coral|[spread] p2a,p2b\n|-damage|p2a: ember|15\/100\n|-damage|p2b: coral|35\/100 psn\n|move|p1a: Chien-Pao|Crunch|p2a: ember\n|-damage|p2a: ember|0 fnt\n|faint|p2a: ember\n|move|p2b: coral|Ice Beam|p1b: Flutter Mane\n|-damage|p1b: Flutter Mane|75\/100\n|\n|-damage|p2b: coral|22\/100 psn|[from] psn\n|upkeep\n|\n|t:|1698249779\n|switch|p2a: snowflake|Glaceon, F, shiny|100\/100\n|turn|12\n|j| ucey..1028\n|\n|t:|1698249793\n|move|p1a: Chien-Pao|Protect|p1a: Chien-Pao\n|-singleturn|p1a: Chien-Pao|Protect\n|move|p1b: Flutter Mane|Dazzling Gleam|p2a: snowflake|[spread] p2a,p2b\n|-damage|p2a: snowflake|66\/100\n|-damage|p2b: coral|0 fnt\n|faint|p2b: coral\n|move|p2a: snowflake|Hyper Voice|p1a: Chien-Pao|[spread] \n|-activate|p1a: Chien-Pao|move: Protect\n|-immune|p1b: Flutter Mane\n|\n|upkeep\n|turn|13\n|\n|t:|1698249809\n|move|p1b: Flutter Mane|Mystical Fire|p2a: snowflake\n|-supereffective|p2a: snowflake\n|-damage|p2a: snowflake|12\/100\n|-unboost|p2a: snowflake|spa|1\n|move|p1a: Chien-Pao|Crunch|p2a: snowflake\n|-damage|p2a: snowflake|0 fnt\n|faint|p2a: snowflake\n|\n|win|SuZo\n|raw|SuZo's rating: 1081 &rarr; <strong>1105<\/strong><br \/>(+24 for winning)\n|raw|mitsuri19's rating: 1038 &rarr; <strong>1024<\/strong><br \/>(-14 for losing)\n|c|\u2606mitsuri19|gg\n|c|\u2606SuZo|gg\n|l|\u2606mitsuri19\n|l| ucey..1028\n","uploadtime":1698251159,"views":6,"p1id":"suzo","p2id":"mitsuri19","formatid":"gen9nationaldexdoubles","rating":1024,"private":0,"password":""}