{"id":"gen9nationaldexdoubles-1954946575","p1":"EpicGuy321","p2":"PunkRockObstagoon","format":"[Gen 9] National Dex Doubles","log":"|j|\u2606EpicGuy321\n|j|\u2606PunkRockObstagoon\n|t:|1695939854\n|gametype|doubles\n|player|p1|EpicGuy321|unknown|1162\n|player|p2|PunkRockObstagoon|hilbert|1299\n|teamsize|p1|6\n|teamsize|p2|6\n|gen|9\n|tier|[Gen 9] National Dex Doubles\n|rated|\n|rule|HP Percentage Mod: HP is shown in percentages\n|rule|Endless Battle Clause: Forcing endless battles is banned\n|rule|OHKO Clause: OHKO moves are banned\n|rule|Evasion Moves Clause: Evasion moves are banned\n|rule|Evasion Abilities Clause: Evasion abilities are banned\n|rule|Species Clause: Limit one of each Pok\u00e9mon\n|rule|Gravity Sleep Clause: The combination of sleep-inducing moves with imperfect accuracy and Gravity or Gigantamax Orbeetle are banned\n|clearpoke\n|poke|p1|Ogerpon-Wellspring, F|\n|poke|p1|Incineroar, M|\n|poke|p1|Regieleki|\n|poke|p1|Togekiss, M|\n|poke|p1|Flutter Mane|\n|poke|p1|Chi-Yu|\n|poke|p2|Charizard, M|\n|poke|p2|Metagross|\n|poke|p2|Grimmsnarl, M|\n|poke|p2|Tatsugiri-Stretchy, F|\n|poke|p2|Serperior, F|\n|poke|p2|Blaziken, M|\n|teampreview\n|inactive|Battle timer is ON: inactive players will automatically lose when time's up. (requested by PunkRockObstagoon)\n|inactive|PunkRockObstagoon has 120 seconds left.\n|\n|t:|1695939896\n|start\n|switch|p1a: Ogerpon|Ogerpon-Wellspring, F|100\/100\n|switch|p1b: Menace|Incineroar, M|100\/100\n|switch|p2a: Charizard|Charizard, M|100\/100\n|switch|p2b: Metagross|Metagross|100\/100\n|-ability|p1b: Menace|Intimidate|boost\n|-unboost|p2a: Charizard|atk|1\n|-fail|p2b: Metagross|unboost|[from] ability: Clear Body|[of] p2b: Metagross\n|turn|1\n|inactive|EpicGuy321 has 120 seconds left.\n|\n|t:|1695939941\n|switch|p2b: Tatsugiri|Tatsugiri-Stretchy, F, shiny|100\/100\n|move|p2a: Charizard|Tailwind|p2a: Charizard\n|-sidestart|p2: PunkRockObstagoon|move: Tailwind\n|move|p1a: Ogerpon|Ivy Cudgel|p2b: Tatsugiri\n|-activate|p2b: Tatsugiri|ability: Storm Drain\n|-ability|p2b: Tatsugiri|Storm Drain|boost\n|-boost|p2b: Tatsugiri|spa|1\n|move|p1b: Menace|Parting Shot|p2b: Tatsugiri\n|-unboost|p2b: Tatsugiri|atk|1\n|-unboost|p2b: Tatsugiri|spa|1\n|\n|t:|1695939954\n|switch|p1b: Regieleki|Regieleki|100\/100|[from] Parting Shot\n|\n|upkeep\n|turn|2\n|inactive|EpicGuy321 has 120 seconds left.\n|\n|t:|1695939971\n|switch|p2b: Metagross|Metagross|100\/100\n|-terastallize|p2a: Charizard|Ground\n|-terastallize|p1a: Ogerpon|Water\n|detailschange|p1a: Ogerpon|Ogerpon-Wellspring-Tera, F, tera:Water\n|-ability|p1a: Ogerpon|Embody Aspect (Wellspring)|boost\n|-boost|p1a: Ogerpon|spd|1\n|move|p2a: Charizard|Bulldoze|p1a: Ogerpon|[spread] p2b,p1a,p1b\n|-supereffective|p2b: Metagross\n|-supereffective|p1b: Regieleki\n|-damage|p2b: Metagross|83\/100\n|-damage|p1a: Ogerpon|91\/100\n|-damage|p1b: Regieleki|65\/100\n|-unboost|p1a: Ogerpon|spe|1\n|-unboost|p1b: Regieleki|spe|1\n|-enditem|p2b: Metagross|Weakness Policy\n|-boost|p2b: Metagross|atk|2|[from] item: Weakness Policy\n|-boost|p2b: Metagross|spa|2|[from] item: Weakness Policy\n|move|p1b: Regieleki|Electroweb|p2a: Charizard|[spread] p2b\n|-immune|p2a: Charizard\n|-damage|p2b: Metagross|38\/100\n|-damage|p1b: Regieleki|55\/100|[from] item: Life Orb\n|move|p1a: Ogerpon|Horn Leech|p2b: Metagross\n|-resisted|p2b: Metagross\n|-damage|p2b: Metagross|18\/100\n|-heal|p1a: Ogerpon|99\/100|[from] drain|[of] p2b: Metagross\n|\n|upkeep\n|turn|3\n|inactive|EpicGuy321 has 120 seconds left.\n|\n|t:|1695940002\n|switch|p2a: Tatsugiri|Tatsugiri-Stretchy, F, shiny|100\/100\n|move|p2b: Metagross|Rock Slide|p1b: Regieleki|[spread] p1a,p1b\n|-damage|p1a: Ogerpon|55\/100\n|-damage|p1b: Regieleki|0 fnt\n|faint|p1b: Regieleki\n|move|p1a: Ogerpon|Horn Leech|p2a: Tatsugiri\n|-damage|p2a: Tatsugiri|32\/100\n|-heal|p1a: Ogerpon|88\/100|[from] drain|[of] p2a: Tatsugiri\n|\n|-heal|p2a: Tatsugiri|38\/100|[from] item: Leftovers\n|upkeep\n|\n|t:|1695940022\n|switch|p1b: Togekiss|Togekiss, M|100\/100\n|turn|4\n|\n|t:|1695940029\n|move|p1b: Togekiss|Protect|p1b: Togekiss\n|-singleturn|p1b: Togekiss|Protect\n|move|p1a: Ogerpon|Spiky Shield|p1a: Ogerpon\n|-singleturn|p1a: Ogerpon|move: Protect\n|move|p2b: Metagross|Iron Head|p1b: Togekiss\n|-activate|p1b: Togekiss|move: Protect\n|move|p2a: Tatsugiri|Substitute|p2a: Tatsugiri\n|-start|p2a: Tatsugiri|Substitute\n|-damage|p2a: Tatsugiri|13\/100\n|\n|-heal|p2a: Tatsugiri|19\/100|[from] item: Leftovers\n|-sideend|p2: PunkRockObstagoon|move: Tailwind\n|upkeep\n|turn|5\n|\n|t:|1695940044\n|move|p2b: Metagross|Protect|p2b: Metagross\n|-singleturn|p2b: Metagross|Protect\n|move|p1b: Togekiss|Heat Wave|p2a: Tatsugiri|[spread] p2a\n|-activate|p2b: Metagross|move: Protect\n|-resisted|p2a: Tatsugiri\n|-activate|p2a: Tatsugiri|move: Substitute|[damage]\n|move|p2a: Tatsugiri|Muddy Water|p1a: Ogerpon|[spread] p1a,p1b\n|-resisted|p1a: Ogerpon\n|-damage|p1a: Ogerpon|76\/100\n|-damage|p1b: Togekiss|70\/100\n|move|p1a: Ogerpon|Horn Leech|p2a: Tatsugiri\n|-end|p2a: Tatsugiri|Substitute\n|-heal|p1a: Ogerpon|85\/100|[from] drain|[of] p2a: Tatsugiri\n|\n|-heal|p2a: Tatsugiri|25\/100|[from] item: Leftovers\n|upkeep\n|turn|6\n|\n|t:|1695940061\n|switch|p2a: Blaziken|Blaziken, M|100\/100\n|move|p2b: Metagross|Bullet Punch|p1b: Togekiss\n|-supereffective|p1b: Togekiss\n|-damage|p1b: Togekiss|0 fnt\n|faint|p1b: Togekiss\n|move|p1a: Ogerpon|Horn Leech|p2a: Blaziken\n|-resisted|p2a: Blaziken\n|-damage|p2a: Blaziken|64\/100\n|-heal|p1a: Ogerpon|100\/100|[from] drain|[of] p2a: Blaziken\n|\n|upkeep\n|\n|t:|1695940070\n|switch|p1b: Chi-Yu|Chi-Yu|100\/100\n|-ability|p1b: Chi-Yu|Beads of Ruin\n|turn|7\n|\n|t:|1695940096\n|move|p2b: Metagross|Protect|p2b: Metagross\n|-singleturn|p2b: Metagross|Protect\n|move|p1b: Chi-Yu|Heat Wave|p2b: Metagross|[spread] p2a\n|-activate|p2b: Metagross|move: Protect\n|-resisted|p2a: Blaziken\n|-damage|p2a: Blaziken|5\/100\n|move|p2a: Blaziken|Bulldoze|p1a: Ogerpon|[spread] p1a,p1b\n|-activate|p2b: Metagross|move: Protect\n|-supereffective|p1b: Chi-Yu\n|-damage|p1a: Ogerpon|83\/100\n|-damage|p1b: Chi-Yu|46\/100\n|-unboost|p1a: Ogerpon|spe|1\n|-unboost|p1b: Chi-Yu|spe|1\n|move|p1a: Ogerpon|Horn Leech|p2a: Blaziken\n|-resisted|p2a: Blaziken\n|-damage|p2a: Blaziken|0 fnt\n|-heal|p1a: Ogerpon|85\/100|[from] drain|[of] p2a: Blaziken\n|faint|p2a: Blaziken\n|\n|upkeep\n|\n|t:|1695940098\n|switch|p2a: Charizard|Charizard, M, tera:Ground|100\/100\n|turn|8\n|\n|t:|1695940114\n|move|p2a: Charizard|Tailwind|p2a: Charizard\n|-sidestart|p2: PunkRockObstagoon|move: Tailwind\n|move|p2b: Metagross|Rock Slide|p1b: Chi-Yu|[spread] p1b\n|-miss|p2b: Metagross|p1a: Ogerpon\n|-supereffective|p1b: Chi-Yu\n|-damage|p1b: Chi-Yu|0 fnt\n|faint|p1b: Chi-Yu\n|move|p1a: Ogerpon|Ivy Cudgel|p2a: Charizard\n|-supereffective|p2a: Charizard\n|-enditem|p2a: Charizard|Focus Sash\n|-damage|p2a: Charizard|1\/100\n|\n|upkeep\n|\n|t:|1695940124\n|switch|p1b: Menace|Incineroar, M|100\/100\n|-ability|p1b: Menace|Intimidate|boost\n|-unboost|p2a: Charizard|atk|1\n|-fail|p2b: Metagross|unboost|[from] ability: Clear Body|[of] p2b: Metagross\n|turn|9\n|\n|t:|1695940136\n|move|p2b: Metagross|Protect|p2b: Metagross\n|-singleturn|p2b: Metagross|Protect\n|move|p1b: Menace|Fake Out|p2a: Charizard\n|-damage|p2a: Charizard|0 fnt\n|faint|p2a: Charizard\n|move|p1a: Ogerpon|Ivy Cudgel|p2b: Metagross\n|-activate|p2b: Metagross|move: Protect\n|\n|upkeep\n|\n|t:|1695940139\n|switch|p2a: Serperior|Serperior, F|100\/100\n|turn|10\n|\n|t:|1695940146\n|move|p1a: Ogerpon|Spiky Shield|p1a: Ogerpon\n|-singleturn|p1a: Ogerpon|move: Protect\n|move|p2a: Serperior|Leaf Storm|p1a: Ogerpon\n|-activate|p1a: Ogerpon|move: Protect\n|move|p2b: Metagross|Rock Slide|p1b: Menace|[spread] p1b\n|-activate|p1a: Ogerpon|move: Protect\n|-supereffective|p1b: Menace\n|-damage|p1b: Menace|2\/100\n|move|p1b: Menace|Flare Blitz|p2b: Metagross\n|-supereffective|p2b: Metagross\n|-damage|p2b: Metagross|0 fnt\n|faint|p2b: Metagross\n|-damage|p1b: Menace|0 fnt|[from] Recoil\n|faint|p1b: Menace\n|\n|upkeep\n|\n|t:|1695940156\n|switch|p2b: Grimmsnarl|Grimmsnarl, M|100\/100\n|switch|p1b: Ms. Dreavus|Flutter Mane, shiny|100\/100\n|-item|p1a: Ogerpon|Wellspring Mask|[from] ability: Frisk|[of] p2b: Grimmsnarl|[identify]\n|-item|p1b: Ms. Dreavus|Booster Energy|[from] ability: Frisk|[of] p2b: Grimmsnarl|[identify]\n|-enditem|p1b: Ms. Dreavus|Booster Energy\n|-activate|p1b: Ms. Dreavus|ability: Protosynthesis|[fromitem]\n|-start|p1b: Ms. Dreavus|protosynthesisspe\n|turn|11\n|\n|t:|1695940165\n|move|p1b: Ms. Dreavus|Protect|p1b: Ms. Dreavus\n|-singleturn|p1b: Ms. Dreavus|Protect\n|move|p2a: Serperior|Leaf Storm|p1a: Ogerpon\n|-supereffective|p1a: Ogerpon\n|-damage|p1a: Ogerpon|20\/100\n|-boost|p2a: Serperior|spa|2\n|move|p2b: Grimmsnarl|Spirit Break|p1b: Ms. Dreavus\n|-activate|p1b: Ms. Dreavus|move: Protect\n|move|p1a: Ogerpon|Ivy Cudgel|p2b: Grimmsnarl\n|-damage|p2b: Grimmsnarl|0 fnt\n|faint|p2b: Grimmsnarl\n|\n|-sideend|p2: PunkRockObstagoon|move: Tailwind\n|upkeep\n|\n|t:|1695940167\n|switch|p2b: Tatsugiri|Tatsugiri-Stretchy, F, shiny|25\/100\n|turn|12\n|c|\u2606EpicGuy321|holy hell I hate 6v6\n|-message|EpicGuy321 forfeited.\n|\n|win|PunkRockObstagoon\n|raw|EpicGuy321's rating: 1162 &rarr; <strong>1145<\/strong><br \/>(-17 for losing)\n|raw|PunkRockObstagoon's rating: 1282 &rarr; <strong>1299<\/strong><br \/>(+17 for winning)\n|l|\u2606EpicGuy321\n","uploadtime":1695940189,"views":13,"p1id":"epicguy321","p2id":"punkrockobstagoon","formatid":"gen9nationaldexdoubles","rating":1145,"private":0,"password":""}