{"id":"gen9nationaldexdoubles-1977112077","p1":"hanagakiUBD","p2":"Elin Baecil","format":"[Gen 9] National Dex Doubles","log":"|j|\u2606hanagakiUBD\n|j|\u2606Elin Baecil\n|t:|1698372892\n|gametype|doubles\n|player|p1|hanagakiUBD|iris-gen5bw2|\n|player|p2|Elin Baecil|leon-masters|\n|teamsize|p1|6\n|teamsize|p2|6\n|gen|9\n|tier|[Gen 9] National Dex Doubles\n|rule|HP Percentage Mod: HP is shown in percentages\n|rule|Endless Battle Clause: Forcing endless battles is banned\n|rule|OHKO Clause: OHKO moves are banned\n|rule|Evasion Moves Clause: Evasion moves are banned\n|rule|Evasion Abilities Clause: Evasion abilities are banned\n|rule|Species Clause: Limit one of each Pok\u00e9mon\n|rule|Gravity Sleep Clause: The combination of sleep-inducing moves with imperfect accuracy and Gravity or Gigantamax Orbeetle are banned\n|clearpoke\n|poke|p1|Landorus-Therian, M|\n|poke|p1|Charizard, F|\n|poke|p1|Rotom-Wash|\n|poke|p1|Grimmsnarl, M|\n|poke|p1|Sneasler, M|\n|poke|p1|Iron Valiant|\n|poke|p2|Cresselia, F|\n|poke|p2|Armarouge, F|\n|poke|p2|Hatterene, F|\n|poke|p2|Indeedee-F, F|\n|poke|p2|Farigiraf, M|\n|poke|p2|Gardevoir, M|\n|teampreview\n|\n|t:|1698372907\n|start\n|switch|p1a: Grimmsnarl|Grimmsnarl, M, shiny|100\/100\n|switch|p1b: Charizard|Charizard, F, shiny|100\/100\n|switch|p2a: Cresselia|Cresselia, F|100\/100\n|switch|p2b: Indeedee|Indeedee-F, F|100\/100\n|-fieldstart|move: Psychic Terrain|[from] ability: Psychic Surge|[of] p2b: Indeedee\n|turn|1\n|\n|t:|1698372918\n|detailschange|p1b: Charizard|Charizard-Mega-X, F, shiny\n|-mega|p1b: Charizard|Charizard|Charizardite X\n|move|p2b: Indeedee|Follow Me|p2b: Indeedee\n|-singleturn|p2b: Indeedee|move: Follow Me\n|move|p1a: Grimmsnarl|Reflect|p1a: Grimmsnarl\n|-sidestart|p1: hanagakiUBD|Reflect\n|move|p1b: Charizard|Dragon Dance|p1b: Charizard\n|-boost|p1b: Charizard|atk|1\n|-boost|p1b: Charizard|spe|1\n|move|p2a: Cresselia|Trick Room|p2a: Cresselia\n|-fieldstart|move: Trick Room|[of] p2a: Cresselia\n|\n|upkeep\n|turn|2\n|\n|t:|1698372929\n|move|p2b: Indeedee|Follow Me|p2b: Indeedee\n|-singleturn|p2b: Indeedee|move: Follow Me\n|move|p1a: Grimmsnarl|Light Screen|p1a: Grimmsnarl\n|-sidestart|p1: hanagakiUBD|move: Light Screen\n|move|p2a: Cresselia|Calm Mind|p2a: Cresselia\n|-boost|p2a: Cresselia|spa|1\n|-boost|p2a: Cresselia|spd|1\n|move|p1b: Charizard|Crunch|p2b: Indeedee\n|-supereffective|p2b: Indeedee\n|-damage|p2b: Indeedee|0 fnt\n|faint|p2b: Indeedee\n|\n|upkeep\n|\n|t:|1698372936\n|switch|p2b: Farigiraf|Farigiraf, M|100\/100\n|turn|3\n|\n|t:|1698372943\n|move|p2b: Farigiraf|Psychic Fangs|p1b: Charizard\n|-sideend|p1: hanagakiUBD|Reflect\n|-sideend|p1: hanagakiUBD|move: Light Screen\n|-crit|p1b: Charizard\n|-damage|p1b: Charizard|44\/100\n|move|p1a: Grimmsnarl|Leech Life|p2b: Farigiraf\n|-supereffective|p2b: Farigiraf\n|-damage|p2b: Farigiraf|58\/100\n|move|p2a: Cresselia|Stored Power|p1b: Charizard\n|-damage|p1b: Charizard|7\/100\n|move|p1b: Charizard|Crunch|p2a: Cresselia\n|-supereffective|p2a: Cresselia\n|-damage|p2a: Cresselia|35\/100\n|\n|upkeep\n|turn|4\n|\n|t:|1698372966\n|move|p2b: Farigiraf|Hyper Voice|p1a: Grimmsnarl|[spread] p1a,p1b\n|-damage|p1a: Grimmsnarl|65\/100\n|-damage|p1b: Charizard|0 fnt\n|faint|p1b: Charizard\n|move|p1a: Grimmsnarl|Leech Life|p2a: Cresselia\n|-supereffective|p2a: Cresselia\n|-damage|p2a: Cresselia|10\/100\n|-heal|p1a: Grimmsnarl|78\/100|[from] drain|[of] p2a: Cresselia\n|move|p2a: Cresselia|Lunar Blessing|p2a: Cresselia|[spread] p2a,p2b\n|-heal|p2a: Cresselia|35\/100\n|-heal|p2b: Farigiraf|83\/100\n|\n|upkeep\n|\n|t:|1698372980\n|switch|p1b: Rotom|Rotom-Wash|100\/100\n|turn|5\n|\n|t:|1698373002\n|move|p2b: Farigiraf|Hyper Voice|p1b: Rotom|[spread] p1a,p1b\n|-damage|p1a: Grimmsnarl|46\/100\n|-damage|p1b: Rotom|64\/100\n|move|p1a: Grimmsnarl|Leech Life|p2b: Farigiraf\n|-supereffective|p2b: Farigiraf\n|-damage|p2b: Farigiraf|41\/100\n|-heal|p1a: Grimmsnarl|69\/100|[from] drain|[of] p2b: Farigiraf\n|move|p2a: Cresselia|Stored Power|p1b: Rotom\n|-damage|p1b: Rotom|33\/100\n|move|p1b: Rotom|Dark Pulse|p2b: Farigiraf\n|-supereffective|p2b: Farigiraf\n|-damage|p2b: Farigiraf|0 fnt\n|faint|p2b: Farigiraf\n|\n|-fieldend|move: Trick Room\n|-fieldend|move: Psychic Terrain\n|upkeep\n|\n|t:|1698373015\n|switch|p2b: Gardevoir|Gardevoir, M|100\/100\n|turn|6\n|\n|t:|1698373025\n|detailschange|p2b: Gardevoir|Gardevoir-Mega, M\n|-mega|p2b: Gardevoir|Gardevoir|Gardevoirite\n|move|p1a: Grimmsnarl|Light Screen|p1a: Grimmsnarl\n|-sidestart|p1: hanagakiUBD|move: Light Screen\n|-zpower|p1b: Rotom\n|move|p1b: Rotom|Never-Ending Nightmare|p2b: Gardevoir|[zeffect]\n|-supereffective|p2b: Gardevoir\n|-damage|p2b: Gardevoir|24\/100\n|move|p2b: Gardevoir|Hyper Voice|p1b: Rotom|[spread] p1a,p1b\n|-supereffective|p1a: Grimmsnarl\n|-damage|p1a: Grimmsnarl|0 fnt\n|-damage|p1b: Rotom|0 fnt\n|faint|p1a: Grimmsnarl\n|faint|p1b: Rotom\n|move|p2a: Cresselia|Trick Room|p2a: Cresselia\n|-fieldstart|move: Trick Room|[of] p2a: Cresselia\n|\n|upkeep\n|\n|t:|1698373042\n|switch|p1a: Landorus|Landorus-Therian, M|100\/100\n|switch|p1b: Iron Valiant|Iron Valiant, shiny|100\/100\n|-ability|p1a: Landorus|Intimidate|boost\n|-unboost|p2a: Cresselia|atk|1\n|-unboost|p2b: Gardevoir|atk|1\n|-enditem|p1b: Iron Valiant|Booster Energy\n|-activate|p1b: Iron Valiant|ability: Quark Drive|[fromitem]\n|-start|p1b: Iron Valiant|quarkdriveatk\n|turn|7\n|\n|t:|1698373052\n|move|p1b: Iron Valiant|Shadow Sneak|p2b: Gardevoir\n|-supereffective|p2b: Gardevoir\n|-damage|p2b: Gardevoir|0 fnt\n|faint|p2b: Gardevoir\n|move|p2a: Cresselia|Stored Power|p1b: Iron Valiant\n|-supereffective|p1b: Iron Valiant\n|-damage|p1b: Iron Valiant|38\/100\n|move|p1a: Landorus|Knock Off|p2a: Cresselia\n|-supereffective|p2a: Cresselia\n|-damage|p2a: Cresselia|0 fnt\n|-enditem|p2a: Cresselia|Mental Herb|[from] move: Knock Off|[of] p1a: Landorus\n|faint|p2a: Cresselia\n|\n|upkeep\n|\n|t:|1698373056\n|switch|p2a: Hatterene|Hatterene, F|100\/100\n|switch|p2b: Armarouge|Armarouge, F|100\/100\n|turn|8\n|\n|t:|1698373068\n|move|p2b: Armarouge|Protect|p2b: Armarouge\n|-singleturn|p2b: Armarouge|Protect\n|move|p1b: Iron Valiant|Shadow Sneak|p2a: Hatterene\n|-supereffective|p2a: Hatterene\n|-damage|p2a: Hatterene|55\/100\n|move|p2a: Hatterene|Dazzling Gleam|p1b: Iron Valiant|[spread] p1a,p1b\n|-supereffective|p1b: Iron Valiant\n|-damage|p1a: Landorus|71\/100\n|-damage|p1b: Iron Valiant|0 fnt\n|faint|p1b: Iron Valiant\n|-end|p1b: Iron Valiant|Quark Drive|[silent]\n|-damage|p2a: Hatterene|45\/100|[from] item: Life Orb\n|move|p1a: Landorus|Knock Off|p2a: Hatterene\n|-damage|p2a: Hatterene|6\/100\n|-enditem|p2a: Hatterene|Life Orb|[from] move: Knock Off|[of] p1a: Landorus\n|\n|upkeep\n|\n|t:|1698373081\n|switch|p1b: Sneasler|Sneasler, M|100\/100\n|-item|p1b: Sneasler|Air Balloon\n|turn|9\n|\n|t:|1698373088\n|move|p1b: Sneasler|Fake Out|p2a: Hatterene\n|-damage|p2a: Hatterene|0 fnt\n|faint|p2a: Hatterene\n|move|p2b: Armarouge|Heat Wave|p1b: Sneasler|[spread] \n|-miss|p2b: Armarouge|p1a: Landorus\n|-miss|p2b: Armarouge|p1b: Sneasler\n|move|p1a: Landorus|Earthquake|p2b: Armarouge|[spread] p2b\n|-immune|p1b: Sneasler\n|-supereffective|p2b: Armarouge\n|-damage|p2b: Armarouge|36\/100\n|\n|upkeep\n|turn|10\n|\n|t:|1698373102\n|move|p2b: Armarouge|Heat Wave|p1b: Sneasler|[spread] p1a,p1b\n|-damage|p1a: Landorus|36\/100\n|-damage|p1b: Sneasler|50\/100\n|-enditem|p1b: Sneasler|Air Balloon\n|-damage|p2b: Armarouge|26\/100|[from] item: Life Orb\n|move|p1a: Landorus|Earthquake|p2b: Armarouge|[spread] p1b,p2b\n|-supereffective|p1b: Sneasler\n|-supereffective|p2b: Armarouge\n|-damage|p1b: Sneasler|0 fnt\n|-damage|p2b: Armarouge|0 fnt\n|faint|p1b: Sneasler\n|faint|p2b: Armarouge\n|\n|win|hanagakiUBD\n","uploadtime":1698373115,"views":8,"p1id":"hanagakiubd","p2id":"elinbaecil","formatid":"gen9nationaldexdoubles","rating":0,"private":0,"password":""}