{"id":"gen9nationaldexdoubles-1957946809","p1":"Phenixclause","p2":"toffee1497","format":"[Gen 9] National Dex Doubles","log":"|j|\u2606Phenixclause\n|j|\u2606toffee1497\n|t:|1696274992\n|gametype|doubles\n|player|p1|Phenixclause|170|1197\n|player|p2|toffee1497|elio|1304\n|teamsize|p1|6\n|teamsize|p2|6\n|gen|9\n|tier|[Gen 9] National Dex Doubles\n|rated|\n|rule|HP Percentage Mod: HP is shown in percentages\n|rule|Endless Battle Clause: Forcing endless battles is banned\n|rule|OHKO Clause: OHKO moves are banned\n|rule|Evasion Moves Clause: Evasion moves are banned\n|rule|Evasion Abilities Clause: Evasion abilities are banned\n|rule|Species Clause: Limit one of each Pok\u00e9mon\n|rule|Gravity Sleep Clause: The combination of sleep-inducing moves with imperfect accuracy and Gravity or Gigantamax Orbeetle are banned\n|clearpoke\n|poke|p1|Darkrai|\n|poke|p1|Victini|\n|poke|p1|Farigiraf, M|\n|poke|p1|Sceptile, M|\n|poke|p1|Kommo-o, F|\n|poke|p1|Urshifu-*, F|\n|poke|p2|Mimikyu, M|\n|poke|p2|Weavile, F|\n|poke|p2|Feraligatr, M|\n|poke|p2|Primarina, F|\n|poke|p2|Goodra, F|\n|poke|p2|Kommo-o, F|\n|teampreview\n|\n|t:|1696275002\n|start\n|switch|p1a: Victini|Victini|100\/100\n|switch|p1b: Darkrai|Darkrai|100\/100\n|switch|p2a: Weavile|Weavile, F|100\/100\n|switch|p2b: Kommo-o|Kommo-o, F|100\/100\n|-ability|p2a: Weavile|Pressure\n|turn|1\n|\n|t:|1696275016\n|move|p2a: Weavile|Fake Out|p1b: Darkrai\n|-damage|p1b: Darkrai|83\/100\n|move|p1a: Victini|V-create|p2a: Weavile\n|-supereffective|p2a: Weavile\n|-enditem|p2a: Weavile|Focus Sash\n|-damage|p2a: Weavile|1\/100\n|-unboost|p1a: Victini|spe|1\n|-unboost|p1a: Victini|def|1\n|-unboost|p1a: Victini|spd|1\n|cant|p1b: Darkrai|flinch\n|-zpower|p2b: Kommo-o\n|move|p2b: Kommo-o|Clangorous Soulblaze|p1b: Darkrai|[zeffect]|[spread] p1a,p1b\n|-damage|p1a: Victini|0 fnt\n|-damage|p1b: Darkrai|3\/100\n|faint|p1a: Victini\n|-boost|p2b: Kommo-o|atk|1\n|-boost|p2b: Kommo-o|def|1\n|-boost|p2b: Kommo-o|spa|1\n|-boost|p2b: Kommo-o|spd|1\n|-boost|p2b: Kommo-o|spe|1\n|\n|upkeep\n|c|\u2606Phenixclause|So bad\n|\n|t:|1696275034\n|switch|p1a: Farigiraf|Farigiraf, M|100\/100\n|turn|2\n|c|\u2606toffee1497|?whats up\n|\n|t:|1696275049\n|switch|p1b: Sceptile|Sceptile, M|100\/100\n|move|p2b: Kommo-o|Vacuum Wave||[still]\n|cant|p1a: Farigiraf|ability: Armor Tail|Vacuum Wave|[of] p2b: Kommo-o\n|move|p2a: Weavile|Knock Off|p1a: Farigiraf\n|-supereffective|p1a: Farigiraf\n|-damage|p1a: Farigiraf|4\/100\n|-enditem|p1a: Farigiraf|Leftovers|[from] move: Knock Off|[of] p2a: Weavile\n|move|p1a: Farigiraf|Future Sight|p2b: Kommo-o\n|-start|p1a: Farigiraf|move: Future Sight\n|\n|upkeep\n|turn|3\n|c|\u2606Phenixclause|Fake out saved your ass\n|c|\u2606toffee1497|i.... brought it exactly for that reason? XD\n|\n|t:|1696275086\n|detailschange|p1b: Sceptile|Sceptile-Mega, M\n|-mega|p1b: Sceptile|Sceptile|Sceptilite\n|move|p1b: Sceptile|Dragon Pulse|p2b: Kommo-o\n|-supereffective|p2b: Kommo-o\n|-damage|p2b: Kommo-o|28\/100\n|move|p2b: Kommo-o|Clanging Scales|p1a: Farigiraf|[spread] p1a,p1b\n|-supereffective|p1b: Sceptile\n|-damage|p1a: Farigiraf|0 fnt\n|-damage|p1b: Sceptile|0 fnt\n|faint|p1a: Farigiraf\n|faint|p1b: Sceptile\n|-unboost|p2b: Kommo-o|def|1\n|move|p2a: Weavile|Ice Spinner|p1: Farigiraf|[notarget]\n|-fail|p2a: Weavile\n|\n|upkeep\n|\n|t:|1696275096\n|switch|p1b: Urshifu|Urshifu-Rapid-Strike, F|100\/100\n|switch|p1a: Kommo-o|Kommo-o, F|100\/100\n|turn|4\n|\n|t:|1696275109\n|switch|p2a: Feraligatr|Feraligatr, M|100\/100\n|-terastallize|p1b: Urshifu|Water\n|move|p1b: Urshifu|Surging Strikes|p2b: Kommo-o\n|-resisted|p2b: Kommo-o\n|-crit|p2b: Kommo-o\n|-damage|p2b: Kommo-o|16\/100\n|-resisted|p2b: Kommo-o\n|-crit|p2b: Kommo-o\n|-damage|p2b: Kommo-o|4\/100\n|-resisted|p2b: Kommo-o\n|-crit|p2b: Kommo-o\n|-damage|p2b: Kommo-o|0 fnt\n|faint|p2b: Kommo-o\n|-hitcount|p2: Kommo-o|3\n|-zpower|p1a: Kommo-o\n|move|p1a: Kommo-o|Clangorous Soulblaze|p2a: Feraligatr|[zeffect]\n|-damage|p2a: Feraligatr|0 fnt\n|faint|p2a: Feraligatr\n|-boost|p1a: Kommo-o|atk|1\n|-boost|p1a: Kommo-o|def|1\n|-boost|p1a: Kommo-o|spa|1\n|-boost|p1a: Kommo-o|spd|1\n|-boost|p1a: Kommo-o|spe|1\n|\n|-hint|Future Sight did not hit because the target is fainted.\n|upkeep\n|\n|t:|1696275123\n|switch|p2b: Primarina|Primarina, F|100\/100\n|switch|p2a: Weavile|Weavile, F|1\/100\n|-ability|p2a: Weavile|Pressure\n|turn|5\n|\n|t:|1696275138\n|move|p2a: Weavile|Fake Out|p1a: Kommo-o\n|-damage|p1a: Kommo-o|92\/100\n|move|p1b: Urshifu|Surging Strikes|p2b: Primarina\n|-resisted|p2b: Primarina\n|-crit|p2b: Primarina\n|-damage|p2b: Primarina|88\/100\n|-resisted|p2b: Primarina\n|-crit|p2b: Primarina\n|-damage|p2b: Primarina|76\/100\n|-resisted|p2b: Primarina\n|-crit|p2b: Primarina\n|-damage|p2b: Primarina|64\/100\n|-hitcount|p2b: Primarina|3\n|cant|p1a: Kommo-o|flinch\n|move|p2b: Primarina|Draining Kiss|p1b: Urshifu\n|-damage|p1b: Urshifu|65\/100\n|-heal|p2b: Primarina|89\/100|[from] drain|[of] p1b: Urshifu\n|\n|-heal|p2b: Primarina|95\/100|[from] item: Leftovers\n|upkeep\n|turn|6\n|\n|t:|1696275159\n|switch|p2a: Mimikyu|Mimikyu, M|100\/100\n|move|p1b: Urshifu|Surging Strikes|p2a: Mimikyu\n|-activate|p2a: Mimikyu|ability: Disguise\n|-damage|p2a: Mimikyu|100\/100\n|detailschange|p2a: Mimikyu|Mimikyu-Busted, M\n|-damage|p2a: Mimikyu|88\/100|[from] pokemon: Mimikyu-Busted\n|-crit|p2a: Mimikyu\n|-damage|p2a: Mimikyu|48\/100\n|-crit|p2a: Mimikyu\n|-damage|p2a: Mimikyu|1\/100\n|-hitcount|p2a: Mimikyu|3\n|move|p1a: Kommo-o|Boomburst|p2b: Primarina|[spread] p1b,p2b\n|-immune|p2a: Mimikyu\n|-crit|p1b: Urshifu\n|-damage|p1b: Urshifu|0 fnt\n|-damage|p2b: Primarina|56\/100\n|faint|p1b: Urshifu\n|move|p2b: Primarina|Draining Kiss|p1a: Kommo-o\n|-supereffective|p1a: Kommo-o\n|-damage|p1a: Kommo-o|13\/100\n|-heal|p2b: Primarina|100\/100|[from] drain|[of] p1a: Kommo-o\n|\n|upkeep\n|\n|t:|1696275170\n|switch|p1b: Darkrai|Darkrai|3\/100\n|turn|7\n|\n|t:|1696275188\n|move|p2a: Mimikyu|Shadow Sneak|p1b: Darkrai\n|-resisted|p1b: Darkrai\n|-damage|p1b: Darkrai|0 fnt\n|faint|p1b: Darkrai\n|move|p1a: Kommo-o|Boomburst|p2a: Mimikyu|[spread] p2b\n|-immune|p2a: Mimikyu\n|-damage|p2b: Primarina|62\/100\n|move|p2b: Primarina|Draining Kiss|p1a: Kommo-o\n|-supereffective|p1a: Kommo-o\n|-damage|p1a: Kommo-o|0 fnt\n|-heal|p2b: Primarina|69\/100|[from] drain|[of] p1a: Kommo-o\n|faint|p1a: Kommo-o\n|\n|win|toffee1497\n|raw|Phenixclause's rating: 1197 &rarr; <strong>1179<\/strong><br \/>(-18 for losing)\n|raw|toffee1497's rating: 1304 &rarr; <strong>1318<\/strong><br \/>(+14 for winning)\n|l|\u2606Phenixclause\n|c|\u2606toffee1497|gg\n","uploadtime":1696275216,"views":9,"p1id":"phenixclause","p2id":"toffee1497","formatid":"gen9nationaldexdoubles","rating":1179,"private":0,"password":""}