{"id":"gen9nationaldexdoubles-1980506056","p1":"LordHisuiArk","p2":"TheBosses27","format":"[Gen 9] National Dex Doubles","log":"|j|\u2606LordHisuiArk\n|j|\u2606TheBosses27\n|t:|1698791536\n|gametype|doubles\n|player|p1|LordHisuiArk|2|1157\n|player|p2|TheBosses27|bruno|1069\n|teamsize|p1|6\n|teamsize|p2|6\n|gen|9\n|tier|[Gen 9] National Dex Doubles\n|rated|\n|rule|HP Percentage Mod: HP is shown in percentages\n|rule|Endless Battle Clause: Forcing endless battles is banned\n|rule|OHKO Clause: OHKO moves are banned\n|rule|Evasion Moves Clause: Evasion moves are banned\n|rule|Evasion Abilities Clause: Evasion abilities are banned\n|rule|Species Clause: Limit one of each Pok\u00e9mon\n|rule|Gravity Sleep Clause: The combination of sleep-inducing moves with imperfect accuracy and Gravity or Gigantamax Orbeetle are banned\n|clearpoke\n|poke|p1|Aggron, F|\n|poke|p1|Ogerpon-Wellspring, F|\n|poke|p1|Garganacl, F|\n|poke|p1|Kommo-o, M|\n|poke|p1|Urshifu-*, F|\n|poke|p1|Heatran, M|\n|poke|p2|Indeedee-F, F|\n|poke|p2|Armarouge, M|\n|poke|p2|Kingambit, F|\n|poke|p2|Iron Hands|\n|poke|p2|Torkoal, M|\n|poke|p2|Salamence, F|\n|teampreview\n|inactive|Battle timer is ON: inactive players will automatically lose when time's up. (requested by TheBosses27)\n|inactive|LordHisuiArk also wants the timer to be on.\n|\n|t:|1698791553\n|start\n|switch|p1a: Ogerpon|Ogerpon-Wellspring, F|100\/100\n|switch|p1b: Heatran|Heatran, M|100\/100\n|switch|p2a: Indeedee|Indeedee-F, F|100\/100\n|switch|p2b: Iron Hands|Iron Hands|100\/100\n|-fieldstart|move: Psychic Terrain|[from] ability: Psychic Surge|[of] p2a: Indeedee\n|turn|1\n|inactive|LordHisuiArk has 120 seconds left.\n|\n|t:|1698791589\n|-terastallize|p1b: Heatran|Fire\n|move|p1a: Ogerpon|Follow Me|p1a: Ogerpon\n|-singleturn|p1a: Ogerpon|move: Follow Me\n|move|p1b: Heatran|Eruption|p2b: Iron Hands|[spread] p2a,p2b\n|-damage|p2a: Indeedee|2\/100\n|-damage|p2b: Iron Hands|36\/100\n|move|p2b: Iron Hands|Volt Switch|p1a: Ogerpon\n|-damage|p1a: Ogerpon|84\/100\n|\n|t:|1698791596\n|-end|p2b: Iron Hands|Quark Drive|[silent]\n|switch|p2b: Armarouge|Armarouge, M|100\/100|[from] Volt Switch\n|move|p2a: Indeedee|Trick Room|p2a: Indeedee\n|-fieldstart|move: Trick Room|[of] p2a: Indeedee\n|\n|-heal|p2a: Indeedee|8\/100|[from] item: Leftovers\n|upkeep\n|turn|2\n|\n|t:|1698791610\n|switch|p1b: Urshifu|Urshifu-Rapid-Strike, F|100\/100\n|-terastallize|p2b: Armarouge|Psychic\n|move|p2a: Indeedee|Helping Hand|p2b: Armarouge\n|-singleturn|p2b: Armarouge|Helping Hand|[of] p2a: Indeedee\n|move|p2b: Armarouge|Expanding Force|p1b: Urshifu|[spread] p1a,p1b\n|-supereffective|p1b: Urshifu\n|-damage|p1a: Ogerpon|0 fnt\n|-damage|p1b: Urshifu|0 fnt\n|faint|p1a: Ogerpon\n|faint|p1b: Urshifu\n|\n|-heal|p2a: Indeedee|14\/100|[from] item: Leftovers\n|upkeep\n|inactive|LordHisuiArk has 120 seconds left.\n|\n|t:|1698791631\n|switch|p1b: Aggron|Aggron, F|100\/100\n|switch|p1a: Garganacl|Garganacl, F, shiny|100\/100\n|turn|3\n|\n|t:|1698791658\n|detailschange|p1b: Aggron|Aggron-Mega, F\n|-mega|p1b: Aggron|Aggron|Aggronite\n|move|p1a: Garganacl|Earthquake|p2b: Armarouge|[spread] p1b,p2a,p2b\n|-supereffective|p1b: Aggron\n|-damage|p1b: Aggron|83\/100\n|-damage|p2a: Indeedee|0 fnt\n|-damage|p2b: Armarouge|80\/100\n|faint|p2a: Indeedee\n|move|p1b: Aggron|Heavy Slam|p2b: Armarouge\n|-crit|p2b: Armarouge\n|-damage|p2b: Armarouge|0 fnt\n|faint|p2b: Armarouge\n|\n|upkeep\n|\n|t:|1698791671\n|switch|p2b: Salamence|Salamence, F|100\/100\n|switch|p2a: Torkoal|Torkoal, M|100\/100\n|-weather|SunnyDay|[from] ability: Drought|[of] p2a: Torkoal\n|turn|4\n|\n|t:|1698791699\n|move|p2a: Torkoal|Solar Beam||[still]\n|-prepare|p2a: Torkoal|Solar Beam\n|-anim|p2a: Torkoal|Solar Beam|p1a: Garganacl\n|-supereffective|p1a: Garganacl\n|-damage|p1a: Garganacl|8\/100\n|move|p1a: Garganacl|Salt Cure|p2b: Salamence\n|-supereffective|p2b: Salamence\n|-damage|p2b: Salamence|54\/100\n|-start|p2b: Salamence|Salt Cure\n|move|p1b: Aggron|Heavy Slam|p2a: Torkoal\n|-resisted|p2a: Torkoal\n|-damage|p2a: Torkoal|80\/100\n|move|p2b: Salamence|Iron Head|p1b: Aggron\n|-resisted|p1b: Aggron\n|-damage|p1b: Aggron|76\/100\n|\n|-weather|SunnyDay|[upkeep]\n|-heal|p1a: Garganacl|15\/100|[from] item: Leftovers\n|-damage|p2b: Salamence|41\/100|[from] Salt Cure\n|upkeep\n|turn|5\n|\n|t:|1698791723\n|move|p1a: Garganacl|Protect|p1a: Garganacl\n|-singleturn|p1a: Garganacl|Protect\n|move|p2a: Torkoal|Solar Beam||[still]\n|-prepare|p2a: Torkoal|Solar Beam\n|-anim|p2a: Torkoal|Solar Beam|p1a: Garganacl\n|-activate|p1a: Garganacl|move: Protect\n|move|p1b: Aggron|Dragon Claw|p2a: Torkoal\n|-damage|p2a: Torkoal|55\/100\n|move|p2b: Salamence|Dragon Dance|p2b: Salamence\n|-boost|p2b: Salamence|atk|1\n|-boost|p2b: Salamence|spe|1\n|\n|-weather|SunnyDay|[upkeep]\n|-heal|p1a: Garganacl|21\/100|[from] item: Leftovers\n|-damage|p2b: Salamence|29\/100|[from] Salt Cure\n|-fieldend|move: Trick Room\n|-fieldend|move: Psychic Terrain\n|upkeep\n|turn|6\n|\n|t:|1698791746\n|switch|p1b: Kommo-o|Kommo-o, M|100\/100\n|move|p2b: Salamence|Earthquake|p1b: Kommo-o|[spread] p2a,p1a,p1b\n|-supereffective|p2a: Torkoal\n|-supereffective|p1a: Garganacl\n|-damage|p2a: Torkoal|0 fnt\n|-damage|p1a: Garganacl|0 fnt\n|-damage|p1b: Kommo-o|68\/100\n|faint|p2a: Torkoal\n|faint|p1a: Garganacl\n|-ability|p2b: Salamence|Moxie|boost\n|-boost|p2b: Salamence|atk|2\n|\n|-weather|SunnyDay|[upkeep]\n|-damage|p2b: Salamence|16\/100|[from] Salt Cure\n|upkeep\n|\n|t:|1698791760\n|switch|p1a: Aggron|Aggron-Mega, F|76\/100\n|switch|p2a: Kingambit|Kingambit, F|100\/100\n|-activate|p2a: Kingambit|ability: Supreme Overlord\n|-start|p2a: Kingambit|fallen3|[silent]\n|turn|7\n|\n|t:|1698791785\n|move|p2b: Salamence|Dual Wingbeat|p1b: Kommo-o\n|-supereffective|p1b: Kommo-o\n|-damage|p1b: Kommo-o|0 fnt\n|faint|p1b: Kommo-o\n|-ability|p2b: Salamence|Moxie|boost\n|-boost|p2b: Salamence|atk|1\n|-hitcount|p1: Kommo-o|1\n|move|p2a: Kingambit|Swords Dance|p2a: Kingambit\n|-boost|p2a: Kingambit|atk|2\n|move|p1a: Aggron|Dragon Claw|p2b: Salamence\n|-supereffective|p2b: Salamence\n|-crit|p2b: Salamence\n|-damage|p2b: Salamence|0 fnt\n|faint|p2b: Salamence\n|\n|-weather|SunnyDay|[upkeep]\n|upkeep\n|\n|t:|1698791799\n|switch|p2b: Iron Hands|Iron Hands|36\/100\n|switch|p1b: Heatran|Heatran, M, tera:Fire|100\/100\n|turn|8\n|\n|t:|1698791808\n|move|p2b: Iron Hands|Fake Out|p1b: Heatran\n|-damage|p1b: Heatran|89\/100\n|cant|p1b: Heatran|flinch\n|move|p2a: Kingambit|Kowtow Cleave|p1b: Heatran\n|-damage|p1b: Heatran|0 fnt\n|faint|p1b: Heatran\n|move|p1a: Aggron|Heavy Slam|p2a: Kingambit\n|-resisted|p2a: Kingambit\n|-damage|p2a: Kingambit|84\/100\n|\n|-weather|none\n|upkeep\n|turn|9\n|\n|t:|1698791829\n|move|p2a: Kingambit|Kowtow Cleave|p1a: Aggron\n|-damage|p1a: Aggron|0 fnt\n|faint|p1a: Aggron\n|\n|win|TheBosses27\n|raw|LordHisuiArk's rating: 1157 &rarr; <strong>1126<\/strong><br \/>(-31 for losing)\n|raw|TheBosses27's rating: 1069 &rarr; <strong>1106<\/strong><br \/>(+37 for winning)\n","uploadtime":1698791836,"views":15,"p1id":"lordhisuiark","p2id":"thebosses27","formatid":"gen9nationaldexdoubles","rating":1106,"private":0,"password":""}