{"id":"gen9nationaldexdoubles-1988183058","p1":"noskillsyesfeels","p2":"Crimsonstar423","format":"[Gen 9] National Dex Doubles","log":"|j|\u2606noskillsyesfeels\n|j|\u2606Crimsonstar423\n|t:|1699680958\n|gametype|doubles\n|player|p1|noskillsyesfeels|clown|1307\n|player|p2|Crimsonstar423|n|1201\n|teamsize|p1|6\n|teamsize|p2|6\n|gen|9\n|tier|[Gen 9] National Dex Doubles\n|rated|\n|rule|HP Percentage Mod: HP is shown in percentages\n|rule|Endless Battle Clause: Forcing endless battles is banned\n|rule|OHKO Clause: OHKO moves are banned\n|rule|Evasion Moves Clause: Evasion moves are banned\n|rule|Evasion Abilities Clause: Evasion abilities are banned\n|rule|Species Clause: Limit one of each Pok\u00e9mon\n|rule|Gravity Sleep Clause: The combination of sleep-inducing moves with imperfect accuracy and Gravity or Gigantamax Orbeetle are banned\n|clearpoke\n|poke|p1|Kyurem-Black|\n|poke|p1|Ninetales-Alola, M|\n|poke|p1|Tapu Koko|\n|poke|p1|Iron Moth|\n|poke|p1|Zygarde|\n|poke|p1|Jirachi|\n|poke|p2|Amoonguss, M|\n|poke|p2|Torterra, M|\n|poke|p2|Kommo-o, M|\n|poke|p2|Masquerain, M|\n|poke|p2|Arcanine-Hisui, F|\n|poke|p2|Iron Moth|\n|teampreview\n|inactive|Battle timer is ON: inactive players will automatically lose when time's up. (requested by Crimsonstar423)\n|c|\u2606Crimsonstar423|glhf\n|\n|t:|1699680978\n|start\n|switch|p1a: Kyurem|Kyurem-Black|100\/100\n|switch|p1b: Ninetales|Ninetales-Alola, M|100\/100\n|switch|p2a: Torterra|Torterra, M|100\/100\n|switch|p2b: Amoonguss|Amoonguss, M|100\/100\n|-weather|Snow|[from] ability: Snow Warning|[of] p1b: Ninetales\n|-ability|p1a: Kyurem|Teravolt\n|turn|1\n|\n|t:|1699680990\n|move|p2b: Amoonguss|Rage Powder|p2b: Amoonguss\n|-singleturn|p2b: Amoonguss|move: Rage Powder\n|move|p1b: Ninetales|Aurora Veil|p1b: Ninetales\n|-sidestart|p1: noskillsyesfeels|move: Aurora Veil\n|move|p1a: Kyurem|Blizzard|p2b: Amoonguss|[spread] p2a,p2b\n|-supereffective|p2a: Torterra\n|-supereffective|p2b: Amoonguss\n|-damage|p2a: Torterra|0 fnt\n|-damage|p2b: Amoonguss|28\/100\n|faint|p2a: Torterra\n|\n|-weather|Snow|[upkeep]\n|-heal|p2b: Amoonguss|35\/100|[from] item: Black Sludge\n|upkeep\n|\n|t:|1699681005\n|switch|p2a: Iron Moth|Iron Moth|100\/100\n|-enditem|p2a: Iron Moth|Booster Energy\n|-activate|p2a: Iron Moth|ability: Quark Drive|[fromitem]\n|-start|p2a: Iron Moth|quarkdrivespa\n|turn|2\n|inactive|noskillsyesfeels has 120 seconds left.\n|inactive|noskillsyesfeels has 90 seconds left.\n|\n|t:|1699681080\n|move|p1b: Ninetales|Protect|p1b: Ninetales\n|-singleturn|p1b: Ninetales|Protect\n|move|p2a: Iron Moth|Heat Wave|p1a: Kyurem|[spread] p1a\n|-activate|p1b: Ninetales|move: Protect\n|-damage|p1a: Kyurem|81\/100\n|move|p1a: Kyurem|Blizzard|p2b: Amoonguss|[spread] p2a,p2b\n|-resisted|p2a: Iron Moth\n|-supereffective|p2b: Amoonguss\n|-damage|p2a: Iron Moth|79\/100\n|-damage|p2b: Amoonguss|0 fnt\n|faint|p2b: Amoonguss\n|\n|-weather|Snow|[upkeep]\n|upkeep\n|inactive|Crimsonstar423 has 120 seconds left.\n|\n|t:|1699681096\n|switch|p2b: Masquerain|Masquerain, M|100\/100\n|-ability|p2b: Masquerain|Intimidate|boost\n|-unboost|p1a: Kyurem|atk|1\n|-unboost|p1b: Ninetales|atk|1\n|turn|3\n|inactive|noskillsyesfeels has 90 seconds left.\n|\n|t:|1699681121\n|-terastallize|p2a: Iron Moth|Steel\n|move|p2a: Iron Moth|Tera Blast|p1a: Kyurem|[anim] Tera Blast Steel\n|-supereffective|p1a: Kyurem\n|-damage|p1a: Kyurem|40\/100\n|move|p1b: Ninetales|Moonblast|p2b: Masquerain\n|-damage|p2b: Masquerain|59\/100\n|move|p2b: Masquerain|Tailwind|p2b: Masquerain\n|-sidestart|p2: Crimsonstar423|move: Tailwind\n|move|p1a: Kyurem|Earth Power|p2a: Iron Moth\n|-supereffective|p2a: Iron Moth\n|-damage|p2a: Iron Moth|10\/100\n|\n|-weather|Snow|[upkeep]\n|upkeep\n|turn|4\n|\n|t:|1699681142\n|move|p2a: Iron Moth|Tera Blast|p1b: Ninetales|[anim] Tera Blast Steel\n|-supereffective|p1b: Ninetales\n|-damage|p1b: Ninetales|0 fnt\n|faint|p1b: Ninetales\n|move|p2b: Masquerain|Sticky Web|p1a: Kyurem\n|-sidestart|p1: noskillsyesfeels|move: Sticky Web\n|move|p1a: Kyurem|Blizzard|p2a: Iron Moth|[spread] p2a,p2b\n|-resisted|p2a: Iron Moth\n|-supereffective|p2b: Masquerain\n|-damage|p2a: Iron Moth|0 fnt\n|-damage|p2b: Masquerain|0 fnt\n|faint|p2a: Iron Moth\n|-end|p2a: Iron Moth|Quark Drive|[silent]\n|faint|p2b: Masquerain\n|\n|-weather|Snow|[upkeep]\n|upkeep\n|\n|t:|1699681154\n|switch|p2a: Arcanine|Arcanine-Hisui, F|100\/100\n|switch|p1b: Zygarde|Zygarde|100\/100\n|switch|p2b: Kommo-o|Kommo-o, M|100\/100\n|-ability|p2a: Arcanine|Intimidate|boost\n|-unboost|p1a: Kyurem|atk|1\n|-fail|p1b: Zygarde|unboost|[from] item: Clear Amulet|[of] p1b: Zygarde\n|-activate|p1b: Zygarde|move: Sticky Web\n|-fail|p1b: Zygarde|unboost|[from] item: Clear Amulet|[of] p1b: Zygarde\n|-ability|p1b: Zygarde|Aura Break\n|turn|5\n|\n|t:|1699681178\n|-terastallize|p1b: Zygarde|Fire\n|move|p2a: Arcanine|Will-O-Wisp|p1b: Zygarde\n|-immune|p1b: Zygarde\n|move|p2b: Kommo-o|Brick Break|p1a: Kyurem\n|-sideend|p1: noskillsyesfeels|move: Aurora Veil\n|-supereffective|p1a: Kyurem\n|-damage|p1a: Kyurem|6\/100\n|move|p1a: Kyurem|Blizzard|p2a: Arcanine|[spread] p2a,p2b\n|-resisted|p2a: Arcanine\n|-supereffective|p2b: Kommo-o\n|-damage|p2a: Arcanine|73\/100\n|-damage|p2b: Kommo-o|0 fnt\n|faint|p2b: Kommo-o\n|move|p1b: Zygarde|Thousand Arrows|p2a: Arcanine\n|-supereffective|p2a: Arcanine\n|-damage|p2a: Arcanine|0 fnt\n|faint|p2a: Arcanine\n|\n|win|noskillsyesfeels\n|raw|noskillsyesfeels's rating: 1307 &rarr; <strong>1321<\/strong><br \/>(+14 for winning)\n|raw|Crimsonstar423's rating: 1201 &rarr; <strong>1183<\/strong><br \/>(-18 for losing)\n","uploadtime":1699681190,"views":5,"p1id":"noskillsyesfeels","p2id":"crimsonstar423","formatid":"gen9nationaldexdoubles","rating":1183,"private":0,"password":""}