{"id":"gen9nationaldexdoubles-1973172148","p1":"Jack the Ripper21","p2":"Sencopion","format":"[Gen 9] National Dex Doubles","log":"|j|\u2606Jack the Ripper21\n|j|\u2606Sencopion\n|t:|1697935609\n|gametype|doubles\n|player|p1|Jack the Ripper21|gentleman-gen4dp|\n|player|p2|Sencopion|roxie|\n|teamsize|p1|6\n|teamsize|p2|6\n|gen|9\n|tier|[Gen 9] National Dex Doubles\n|rule|HP Percentage Mod: HP is shown in percentages\n|rule|Endless Battle Clause: Forcing endless battles is banned\n|rule|OHKO Clause: OHKO moves are banned\n|rule|Evasion Moves Clause: Evasion moves are banned\n|rule|Evasion Abilities Clause: Evasion abilities are banned\n|rule|Species Clause: Limit one of each Pok\u00e9mon\n|rule|Gravity Sleep Clause: The combination of sleep-inducing moves with imperfect accuracy and Gravity or Gigantamax Orbeetle are banned\n|clearpoke\n|poke|p1|Toxapex, M|\n|poke|p1|Slowking-Galar, M|\n|poke|p1|Nidoking, M|\n|poke|p1|Drapion, M|\n|poke|p1|Crobat, M|\n|poke|p1|Toxicroak, M|\n|poke|p2|Tapu Koko|\n|poke|p2|Sneasler, M|\n|poke|p2|Lopunny, F|\n|poke|p2|Landorus-Therian, M|\n|poke|p2|Gholdengo|\n|poke|p2|Iron Jugulis|\n|teampreview\n|inactive|Battle timer is ON: inactive players will automatically lose when time's up. (requested by Sencopion)\n|inactive|Jack the Ripper21 has 270 seconds left.\n|\n|t:|1697935641\n|start\n|switch|p1a: the|Drapion, M|100\/100\n|switch|p1b: hello|Slowking-Galar, M|100\/100\n|switch|p2a: Tapu Koko|Tapu Koko|100\/100\n|switch|p2b: Iron Jugulis|Iron Jugulis|100\/100\n|-fieldstart|move: Electric Terrain|[from] ability: Electric Surge|[of] p2a: Tapu Koko\n|-activate|p2b: Iron Jugulis|ability: Quark Drive\n|-start|p2b: Iron Jugulis|quarkdrivespe\n|turn|1\n|j| YaBoiCrim\n|\n|t:|1697935663\n|move|p2b: Iron Jugulis|Earth Power|p1a: the\n|-supereffective|p1a: the\n|-damage|p1a: the|0 fnt\n|faint|p1a: the\n|move|p2a: Tapu Koko|Taunt|p1b: hello\n|-start|p1b: hello|move: Taunt\n|move|p1b: hello|Sludge Bomb|p2a: Tapu Koko\n|-supereffective|p2a: Tapu Koko\n|-damage|p2a: Tapu Koko|6\/100\n|-status|p2a: Tapu Koko|psn\n|\n|-damage|p2a: Tapu Koko|0 fnt|[from] psn\n|faint|p2a: Tapu Koko\n|upkeep\n|c|\u2606Jack the Ripper21|oh perfect\n|c| YaBoiCrim|nah that poison is crazy lol\n|\n|t:|1697935682\n|switch|p2a: Sneasler|Sneasler, M|100\/100\n|switch|p1a: tanky|Toxapex, M|100\/100\n|-enditem|p2a: Sneasler|Electric Seed\n|-boost|p2a: Sneasler|def|1|[from] item: Electric Seed\n|turn|2\n|\n|t:|1697935693\n|switch|p1b: other|Crobat, M|100\/100\n|-terastallize|p2a: Sneasler|Flying\n|move|p1a: tanky|Baneful Bunker|p1a: tanky\n|-singleturn|p1a: tanky|move: Protect\n|move|p2a: Sneasler|Swords Dance|p2a: Sneasler\n|-boost|p2a: Sneasler|atk|2\n|move|p2b: Iron Jugulis|Earth Power|p1a: tanky\n|-activate|p1a: tanky|move: Protect\n|\n|upkeep\n|turn|3\n|\n|t:|1697935712\n|move|p2a: Sneasler|Acrobatics|p1b: other\n|-damage|p1b: other|0 fnt\n|faint|p1b: other\n|move|p2b: Iron Jugulis|Earth Power|p1a: tanky\n|-supereffective|p1a: tanky\n|-damage|p1a: tanky|21\/100\n|move|p1a: tanky|Haze|p1a: tanky\n|-clearallboost\n|\n|-heal|p1a: tanky|27\/100|[from] item: Black Sludge\n|upkeep\n|c|\u2606Jack the Ripper21|haze\n|inactive|Jack the Ripper21 has 270 seconds left.\n|\n|t:|1697935739\n|switch|p1b: from|Nidoking, M|100\/100\n|turn|4\n|c|\u2606Jack the Ripper21|probably need to fix my team after this\n|inactive|Jack the Ripper21 has 270 seconds left.\n|\n|t:|1697935776\n|move|p1a: tanky|Baneful Bunker|p1a: tanky\n|-singleturn|p1a: tanky|move: Protect\n|move|p2a: Sneasler|Acrobatics|p1a: tanky\n|-activate|p1a: tanky|move: Protect\n|-status|p2a: Sneasler|psn\n|move|p2b: Iron Jugulis|Earth Power|p1b: from\n|-supereffective|p1b: from\n|-enditem|p1b: from|Focus Sash\n|-damage|p1b: from|1\/100\n|move|p1b: from|Thunderbolt|p2a: Sneasler\n|-supereffective|p2a: Sneasler\n|-damage|p2a: Sneasler|1\/100 psn\n|\n|-heal|p1a: tanky|33\/100|[from] item: Black Sludge\n|-damage|p2a: Sneasler|0 fnt|[from] psn\n|faint|p2a: Sneasler\n|upkeep\n|\n|t:|1697935790\n|switch|p2a: Lopunny|Lopunny, F|100\/100\n|turn|5\n|\n|t:|1697935804\n|detailschange|p2a: Lopunny|Lopunny-Mega, F\n|-mega|p2a: Lopunny|Lopunny|Lopunnite\n|move|p2a: Lopunny|Fake Out|p1b: from\n|-damage|p1b: from|0 fnt\n|faint|p1b: from\n|move|p2b: Iron Jugulis|Earth Power|p1a: tanky\n|-supereffective|p1a: tanky\n|-damage|p1a: tanky|0 fnt\n|faint|p1a: tanky\n|\n|-fieldend|move: Electric Terrain\n|-end|p2b: Iron Jugulis|Quark Drive\n|upkeep\n|inactive|Jack the Ripper21 has 270 seconds left.\n|c|\u2606Jack the Ripper21|yeah i need to fix my team\n|c|\u2606Jack the Ripper21|not using a mega is kinda bad\n|\n|t:|1697935834\n|switch|p1b: side|Toxicroak, M|100\/100\n|switch|p1a: hello|Slowking-Galar, M|100\/100\n|turn|6\n|inactive|Jack the Ripper21 has 270 seconds left.\n|\n|t:|1697935847\n|move|p2a: Lopunny|Frustration|p1a: hello\n|-damage|p1a: hello|40\/100\n|move|p2b: Iron Jugulis|Earth Power|p1b: side\n|-supereffective|p1b: side\n|-enditem|p1b: side|Focus Sash\n|-damage|p1b: side|1\/100\n|move|p1b: side|Drain Punch|p2a: Lopunny\n|-supereffective|p2a: Lopunny\n|-damage|p2a: Lopunny|3\/100\n|-heal|p1b: side|44\/100|[from] drain|[of] p2a: Lopunny\n|move|p1a: hello|Ice Beam|p2b: Iron Jugulis\n|-supereffective|p2b: Iron Jugulis\n|-damage|p2b: Iron Jugulis|33\/100\n|\n|upkeep\n|turn|7\n|\n|t:|1697935869\n|move|p1b: side|Sucker Punch|p2b: Iron Jugulis\n|-resisted|p2b: Iron Jugulis\n|-damage|p2b: Iron Jugulis|20\/100\n|move|p2a: Lopunny|Frustration|p1a: hello\n|-damage|p1a: hello|0 fnt\n|faint|p1a: hello\n|move|p2b: Iron Jugulis|Earth Power|p1b: side\n|-supereffective|p1b: side\n|-damage|p1b: side|0 fnt\n|faint|p1b: side\n|\n|win|Sencopion\n|c|\u2606Sencopion|gg wp\n|c|\u2606Jack the Ripper21|yeah i need to fix my team\n|l| YaBoiCrim\n|l|\u2606Sencopion\n|j|\u2606Sencopion\n|player|p2|Sencopion|roxie\n","uploadtime":1697935957,"views":19,"p1id":"jacktheripper21","p2id":"sencopion","formatid":"gen9nationaldexdoubles","rating":0,"private":0,"password":""}