{"id":"gen9nationaldexdoubles-1981311832","p1":"Icey37","p2":"Saber iron","format":"[Gen 9] National Dex Doubles","log":"|j|\u203dIcey37\n|j|\u2606Saber iron\n|t:|1698882444\n|gametype|doubles\n|player|p1|Icey37|bea|1162\n|player|p2|Saber iron|teamrocket|1231\n|teamsize|p1|6\n|teamsize|p2|6\n|gen|9\n|tier|[Gen 9] National Dex Doubles\n|rated|\n|rule|HP Percentage Mod: HP is shown in percentages\n|rule|Endless Battle Clause: Forcing endless battles is banned\n|rule|OHKO Clause: OHKO moves are banned\n|rule|Evasion Moves Clause: Evasion moves are banned\n|rule|Evasion Abilities Clause: Evasion abilities are banned\n|rule|Species Clause: Limit one of each Pok\u00e9mon\n|rule|Gravity Sleep Clause: The combination of sleep-inducing moves with imperfect accuracy and Gravity or Gigantamax Orbeetle are banned\n|clearpoke\n|poke|p1|Blacephalon|\n|poke|p1|Whimsicott, M|\n|poke|p1|Grimmsnarl, M|\n|poke|p1|Chi-Yu|\n|poke|p1|Iron Moth|\n|poke|p1|Heatran, M|\n|poke|p2|Victini|\n|poke|p2|Ursaluna-Bloodmoon, M|\n|poke|p2|Glimmora, F|\n|poke|p2|Quaquaval, M|\n|poke|p2|Sceptile, F|\n|poke|p2|Marshadow|\n|teampreview\n|inactive|Battle timer is ON: inactive players will automatically lose when time's up. (requested by Saber iron)\n|\n|t:|1698882457\n|start\n|switch|p1a: Whimsicott|Whimsicott, M|100\/100\n|switch|p1b: Blacephalon|Blacephalon|100\/100\n|switch|p2a: Glimmora|Glimmora, F|100\/100\n|switch|p2b: Victini|Victini|100\/100\n|turn|1\n|\n|t:|1698882480\n|-terastallize|p1b: Blacephalon|Fire\n|move|p1a: Whimsicott|Helping Hand|p1b: Blacephalon\n|-singleturn|p1b: Blacephalon|Helping Hand|[of] p1a: Whimsicott\n|move|p2b: Victini|U-turn|p1b: Blacephalon\n|-resisted|p1b: Blacephalon\n|-damage|p1b: Blacephalon|77\/100\n|\n|t:|1698882490\n|switch|p2b: Quaquaval|Quaquaval, M|100\/100|[from] U-turn\n|move|p1b: Blacephalon|Mind Blown|p2a: Glimmora|[spread] p1a,p2a,p2b\n|-supereffective|p1a: Whimsicott\n|-resisted|p2a: Glimmora\n|-resisted|p2b: Quaquaval\n|-enditem|p1a: Whimsicott|Focus Sash\n|-damage|p1a: Whimsicott|1\/100\n|-damage|p2a: Glimmora|8\/100\n|-damage|p2b: Quaquaval|13\/100\n|-damage|p1b: Blacephalon|27\/100|[from] mindblown\n|-heal|p1b: Blacephalon|71\/100|[from] item: Shell Bell|[of] p2b: Quaquaval\n|move|p2a: Glimmora|Mortal Spin|p1b: Blacephalon|[spread] p1a,p1b\n|-supereffective|p1a: Whimsicott\n|-damage|p1a: Whimsicott|0 fnt\n|-damage|p1b: Blacephalon|59\/100\n|-status|p1b: Blacephalon|psn\n|faint|p1a: Whimsicott\n|\n|-damage|p1b: Blacephalon|47\/100 psn|[from] psn\n|upkeep\n|\n|t:|1698882496\n|switch|p1a: Grimmsnarl|Grimmsnarl, M|100\/100\n|turn|2\n|\n|t:|1698882518\n|move|p1a: Grimmsnarl|Fake Out|p2b: Quaquaval\n|-damage|p2b: Quaquaval|0 fnt\n|faint|p2b: Quaquaval\n|move|p1b: Blacephalon|Flamethrower|p2a: Glimmora\n|-resisted|p2a: Glimmora\n|-damage|p2a: Glimmora|0 fnt\n|faint|p2a: Glimmora\n|-ability|p1b: Blacephalon|Beast Boost|boost\n|-boost|p1b: Blacephalon|spa|1\n|-heal|p1b: Blacephalon|48\/100 psn|[from] item: Shell Bell|[of] p2: Glimmora\n|\n|-damage|p1b: Blacephalon|36\/100 psn|[from] psn\n|upkeep\n|\n|t:|1698882541\n|switch|p2a: Victini|Victini|100\/100\n|switch|p2b: Ursaluna|Ursaluna-Bloodmoon, M|100\/100\n|turn|3\n|\n|t:|1698882546\n|move|p1a: Grimmsnarl|Thunder Wave|p2a: Victini\n|-status|p2a: Victini|par\n|move|p1b: Blacephalon|Mind Blown|p2b: Ursaluna|[spread] p1a,p2a,p2b\n|-resisted|p2a: Victini\n|-damage|p1a: Grimmsnarl|3\/100\n|-damage|p2a: Victini|36\/100 par\n|-damage|p2b: Ursaluna|4\/100\n|-damage|p1b: Blacephalon|0 fnt|[from] mindblown\n|faint|p1b: Blacephalon\n|move|p2a: Victini|Bolt Strike|p1a: Grimmsnarl\n|-damage|p1a: Grimmsnarl|0 fnt\n|faint|p1a: Grimmsnarl\n|move|p2b: Ursaluna|Blood Moon|p1: Grimmsnarl|[notarget]\n|-fail|p2b: Ursaluna\n|\n|upkeep\n|\n|t:|1698882564\n|switch|p1b: Heatran|Heatran, M|100\/100\n|switch|p1a: Chi-Yu|Chi-Yu|100\/100\n|-ability|p1a: Chi-Yu|Beads of Ruin\n|turn|4\n|\n|t:|1698882575\n|move|p1a: Chi-Yu|Flamethrower|p2b: Ursaluna\n|-damage|p2b: Ursaluna|0 fnt\n|faint|p2b: Ursaluna\n|move|p1b: Heatran|Earth Power|p2a: Victini\n|-supereffective|p2a: Victini\n|-damage|p2a: Victini|0 fnt\n|faint|p2a: Victini\n|\n|upkeep\n|\n|t:|1698882586\n|switch|p2a: Sceptile|Sceptile, F|100\/100\n|switch|p2b: Marshadow|Marshadow|100\/100\n|turn|5\n|\n|t:|1698882596\n|detailschange|p2a: Sceptile|Sceptile-Mega, F\n|-mega|p2a: Sceptile|Sceptile|Sceptilite\n|move|p1a: Chi-Yu|Flamethrower|p2a: Sceptile\n|-damage|p2a: Sceptile|2\/100\n|move|p2a: Sceptile|Dragon Pulse|p1a: Chi-Yu\n|-damage|p1a: Chi-Yu|48\/100\n|move|p1b: Heatran|Earth Power|p2b: Marshadow\n|-damage|p2b: Marshadow|51\/100\n|move|p2b: Marshadow|Close Combat|p1b: Heatran\n|-supereffective|p1b: Heatran\n|-damage|p1b: Heatran|0 fnt\n|-unboost|p2b: Marshadow|def|1\n|-unboost|p2b: Marshadow|spd|1\n|faint|p1b: Heatran\n|\n|upkeep\n|\n|t:|1698882600\n|switch|p1b: Iron Moth|Iron Moth|100\/100\n|-enditem|p1b: Iron Moth|Booster Energy\n|-activate|p1b: Iron Moth|ability: Quark Drive|[fromitem]\n|-start|p1b: Iron Moth|quarkdrivespa\n|turn|6\n|\n|t:|1698882623\n|move|p2b: Marshadow|Shadow Sneak|p1a: Chi-Yu\n|-resisted|p1a: Chi-Yu\n|-damage|p1a: Chi-Yu|24\/100\n|move|p1a: Chi-Yu|Flamethrower|p2b: Marshadow\n|-damage|p2b: Marshadow|0 fnt\n|faint|p2b: Marshadow\n|move|p2a: Sceptile|Leaf Storm|p1b: Iron Moth\n|-resisted|p1b: Iron Moth\n|-damage|p1b: Iron Moth|76\/100\n|-unboost|p2a: Sceptile|spa|2\n|move|p1b: Iron Moth|Bug Buzz|p2a: Sceptile\n|-supereffective|p2a: Sceptile\n|-damage|p2a: Sceptile|0 fnt\n|faint|p2a: Sceptile\n|\n|win|Icey37\n|raw|Icey37's rating: 1162 &rarr; <strong>1192<\/strong><br \/>(+30 for winning)\n|raw|Saber iron's rating: 1231 &rarr; <strong>1201<\/strong><br \/>(-30 for losing)\n|l|\u2606Saber iron\n","uploadtime":1698882637,"views":11,"p1id":"icey37","p2id":"saberiron","formatid":"gen9nationaldexdoubles","rating":1192,"private":0,"password":""}