{"id":"gen9nationaldexdoubles-1995247404","p1":"Brick_Enjoyer_144","p2":"whenthetheyouknow","format":"[Gen 9] National Dex Doubles","log":"|j|\u2606Brick_Enjoyer_144\n|j|\u2606whenthetheyouknow\n|t:|1700539763\n|gametype|doubles\n|player|p1|Brick_Enjoyer_144|shauntal|\n|player|p2|whenthetheyouknow|nanu|\n|teamsize|p1|6\n|teamsize|p2|6\n|gen|9\n|tier|[Gen 9] National Dex Doubles\n|rule|HP Percentage Mod: HP is shown in percentages\n|rule|Endless Battle Clause: Forcing endless battles is banned\n|rule|OHKO Clause: OHKO moves are banned\n|rule|Evasion Moves Clause: Evasion moves are banned\n|rule|Evasion Abilities Clause: Evasion abilities are banned\n|rule|Species Clause: Limit one of each Pok\u00e9mon\n|rule|Gravity Sleep Clause: The combination of sleep-inducing moves with imperfect accuracy and Gravity or Gigantamax Orbeetle are banned\n|clearpoke\n|poke|p1|Cyclizar, F|\n|poke|p1|Linoone, M|\n|poke|p1|Clefairy, M|\n|poke|p1|Gholdengo|\n|poke|p1|Iron Bundle|\n|poke|p1|Ogerpon-Hearthflame, F|\n|poke|p2|Lilligant-Hisui, F|\n|poke|p2|Ogerpon-Hearthflame, F|\n|poke|p2|Charizard, F|\n|poke|p2|Walking Wake|\n|poke|p2|Uxie|\n|poke|p2|Landorus-Therian, M|\n|teampreview\n|inactive|Battle timer is ON: inactive players will automatically lose when time's up. (requested by Brick_Enjoyer_144)\n|inactive|whenthetheyouknow has 270 seconds left.\n|\n|t:|1700539804\n|start\n|switch|p1a: Cyclizar|Cyclizar, F|100\/100\n|switch|p1b: Clefairy|Clefairy, M|100\/100\n|switch|p2a: Charizard|Charizard, F|100\/100\n|switch|p2b: Ogerpon|Ogerpon-Hearthflame, F|100\/100\n|-ability|p2b: Ogerpon|Mold Breaker\n|turn|1\n|\n|t:|1700539818\n|detailschange|p2a: Charizard|Charizard-Mega-Y, F\n|-mega|p2a: Charizard|Charizard|Charizardite Y\n|-weather|SunnyDay|[from] ability: Drought|[of] p2a: Charizard\n|move|p1b: Clefairy|Follow Me|p1b: Clefairy\n|-singleturn|p1b: Clefairy|move: Follow Me\n|move|p1a: Cyclizar|Shed Tail|p1a: Cyclizar\n|-start|p1a: Cyclizar|Substitute|[from] move: Shed Tail\n|-damage|p1a: Cyclizar|50\/100\n|-enditem|p1a: Cyclizar|Sitrus Berry|[eat]\n|-heal|p1a: Cyclizar|75\/100|[from] item: Sitrus Berry\n|\n|t:|1700539828\n|switch|p1a: Linoone|Linoone, M|100\/100|[from] Shed Tail\n|move|p2b: Ogerpon|Ivy Cudgel|p1b: Clefairy|[anim] Ivy Cudgel Fire\n|-damage|p1b: Clefairy|3\/100\n|move|p2a: Charizard|Weather Ball|p1b: Clefairy\n|-damage|p1b: Clefairy|0 fnt\n|faint|p1b: Clefairy\n|\n|-weather|SunnyDay|[upkeep]\n|upkeep\n|inactive|Brick_Enjoyer_144 has 270 seconds left.\n|\n|t:|1700539855\n|switch|p1b: Ogerpon|Ogerpon-Hearthflame, F|100\/100\n|-ability|p1b: Ogerpon|Mold Breaker\n|turn|2\n|\n|t:|1700539872\n|-terastallize|p1b: Ogerpon|Fire\n|detailschange|p1b: Ogerpon|Ogerpon-Hearthflame-Tera, F, tera:Fire\n|-ability|p1b: Ogerpon|Embody Aspect (Hearthflame)|boost\n|-boost|p1b: Ogerpon|atk|1\n|move|p1b: Ogerpon|Ivy Cudgel|p2b: Ogerpon|[anim] Ivy Cudgel Fire\n|-damage|p2b: Ogerpon|0 fnt\n|faint|p2b: Ogerpon\n|move|p2a: Charizard|Heat Wave|p1a: Linoone|[spread] p1b\n|-miss|p2a: Charizard|p1a: Linoone\n|-resisted|p1b: Ogerpon\n|-damage|p1b: Ogerpon|60\/100\n|move|p1a: Linoone|Belly Drum|p1a: Linoone\n|-damage|p1a: Linoone|50\/100\n|-setboost|p1a: Linoone|atk|6|[from] move: Belly Drum\n|-enditem|p1a: Linoone|Salac Berry|[eat]\n|-boost|p1a: Linoone|spe|1|[from] item: Salac Berry\n|\n|-weather|SunnyDay|[upkeep]\n|upkeep\n|\n|t:|1700539886\n|switch|p2b: Lilligant|Lilligant-Hisui, F|100\/100\n|turn|3\n|\n|t:|1700539900\n|move|p1a: Linoone|Extreme Speed|p2b: Lilligant\n|-enditem|p2b: Lilligant|Focus Sash\n|-damage|p2b: Lilligant|1\/100\n|move|p2b: Lilligant|Solar Blade||[still]\n|-prepare|p2b: Lilligant|Solar Blade\n|-anim|p2b: Lilligant|Solar Blade|p1a: Linoone\n|-end|p1a: Linoone|Substitute\n|move|p1b: Ogerpon|Ivy Cudgel|p2a: Charizard|[anim] Ivy Cudgel Fire\n|-resisted|p2a: Charizard\n|-damage|p2a: Charizard|0 fnt\n|faint|p2a: Charizard\n|\n|-weather|SunnyDay|[upkeep]\n|upkeep\n|\n|t:|1700539916\n|switch|p2a: Walking Wake|Walking Wake|100\/100\n|-activate|p2a: Walking Wake|ability: Protosynthesis\n|-start|p2a: Walking Wake|protosynthesisspe\n|turn|4\n|\n|t:|1700539925\n|move|p1a: Linoone|Extreme Speed|p2b: Lilligant\n|-damage|p2b: Lilligant|0 fnt\n|faint|p2b: Lilligant\n|move|p2a: Walking Wake|Draco Meteor|p1a: Linoone\n|-damage|p1a: Linoone|0 fnt\n|-unboost|p2a: Walking Wake|spa|2\n|faint|p1a: Linoone\n|move|p1b: Ogerpon|Play Rough|p2a: Walking Wake\n|-supereffective|p2a: Walking Wake\n|-damage|p2a: Walking Wake|0 fnt\n|faint|p2a: Walking Wake\n|-end|p2a: Walking Wake|Protosynthesis|[silent]\n|\n|-weather|SunnyDay|[upkeep]\n|upkeep\n|\n|t:|1700539946\n|switch|p2a: Landorus|Landorus-Therian, M|100\/100\n|switch|p2b: Uxie|Uxie|100\/100\n|switch|p1a: Iron Bundle|Iron Bundle|100\/100\n|-ability|p2a: Landorus|Intimidate|boost\n|-unboost|p1a: Iron Bundle|atk|1\n|-unboost|p1b: Ogerpon|atk|1\n|-enditem|p1a: Iron Bundle|Booster Energy\n|-activate|p1a: Iron Bundle|ability: Quark Drive|[fromitem]\n|-start|p1a: Iron Bundle|quarkdrivespe\n|turn|5\n|inactive|whenthetheyouknow has 270 seconds left.\n|\n|t:|1700539995\n|-terastallize|p2b: Uxie|Psychic\n|move|p1a: Iron Bundle|Ice Beam|p2a: Landorus\n|-supereffective|p2a: Landorus\n|-damage|p2a: Landorus|0 fnt\n|faint|p2a: Landorus\n|move|p1b: Ogerpon|Ivy Cudgel|p2b: Uxie|[anim] Ivy Cudgel Fire\n|-damage|p2b: Uxie|2\/100\n|move|p2b: Uxie|Mystical Power|p1b: Ogerpon\n|-damage|p1b: Ogerpon|30\/100\n|-boost|p2b: Uxie|spa|1\n|\n|-weather|none\n|-heal|p2b: Uxie|8\/100|[from] item: Leftovers\n|upkeep\n|turn|6\n|inactive|whenthetheyouknow has 270 seconds left.\n|\n|t:|1700540015\n|move|p1a: Iron Bundle|Ice Beam|p2b: Uxie\n|-damage|p2b: Uxie|0 fnt\n|faint|p2b: Uxie\n|\n|win|Brick_Enjoyer_144\n|l|\u2606whenthetheyouknow\n","uploadtime":1700540025,"views":1,"p1id":"brickenjoyer144","p2id":"whenthetheyouknow","formatid":"gen9nationaldexdoubles","rating":0,"private":0,"password":""}