{"id":"gen9nationaldexdoubles-1970887959","p1":"guzmfran","p2":"Tails72","format":"[Gen 9] National Dex Doubles","log":"|j|\u2606guzmfran\n|j|\u2606Tails72\n|t:|1697677499\n|gametype|doubles\n|player|p1|guzmfran|101|\n|player|p2|Tails72|volo-ginkgo|\n|teamsize|p1|6\n|teamsize|p2|6\n|gen|9\n|tier|[Gen 9] National Dex Doubles\n|rule|HP Percentage Mod: HP is shown in percentages\n|rule|Endless Battle Clause: Forcing endless battles is banned\n|rule|OHKO Clause: OHKO moves are banned\n|rule|Evasion Moves Clause: Evasion moves are banned\n|rule|Evasion Abilities Clause: Evasion abilities are banned\n|rule|Species Clause: Limit one of each Pok\u00e9mon\n|rule|Gravity Sleep Clause: The combination of sleep-inducing moves with imperfect accuracy and Gravity or Gigantamax Orbeetle are banned\n|clearpoke\n|poke|p1|Rillaboom, M|\n|poke|p1|Gholdengo|\n|poke|p1|Palafin, F|\n|poke|p1|Pelipper, M|\n|poke|p1|Landorus, M|\n|poke|p1|Iron Hands|\n|poke|p2|Charizard, F|\n|poke|p2|Flutter Mane|\n|poke|p2|Walking Wake|\n|poke|p2|Tornadus, M|\n|poke|p2|Chi-Yu|\n|poke|p2|Amoonguss, F|\n|teampreview\n|inactive|Battle timer is ON: inactive players will automatically lose when time's up. (requested by guzmfran)\n|c|\u2606Tails72|Gl hf\n|inactive|Tails72 has 270 seconds left.\n|\n|t:|1697677539\n|start\n|switch|p1a: Monkey Hairy|Rillaboom, M|100\/100\n|switch|p1b: Pechotes|Palafin, F|100\/100\n|switch|p2a: Walking Wake|Walking Wake|100\/100\n|switch|p2b: Tornadus|Tornadus, M|100\/100\n|-fieldstart|move: Grassy Terrain|[from] ability: Grassy Surge|[of] p1a: Monkey Hairy\n|turn|1\n|inactive|guzmfran has 270 seconds left.\n|\n|t:|1697677573\n|move|p1a: Monkey Hairy|Fake Out|p2a: Walking Wake\n|-damage|p2a: Walking Wake|87\/100\n|move|p2b: Tornadus|Tailwind|p2b: Tornadus\n|-sidestart|p2: Tails72|move: Tailwind\n|cant|p2a: Walking Wake|flinch\n|move|p1b: Pechotes|Flip Turn|p2b: Tornadus\n|-damage|p2b: Tornadus|60\/100\n|inactive|guzmfran has 270 seconds left.\n|\n|t:|1697677582\n|detailschange|p1b: Pechotes|Palafin-Hero, F\n|switch|p1b: DrinkingMilk|Pelipper, M|100\/100|[from] Flip Turn\n|-weather|RainDance|[from] ability: Drizzle|[of] p1b: DrinkingMilk\n|\n|-weather|RainDance|[upkeep]\n|-heal|p2a: Walking Wake|93\/100|[from] Grassy Terrain\n|upkeep\n|turn|2\n|\n|t:|1697677594\n|move|p1b: DrinkingMilk|Helping Hand|p1a: Monkey Hairy\n|-singleturn|p1a: Monkey Hairy|Helping Hand|[of] p1b: DrinkingMilk\n|move|p2b: Tornadus|Sunny Day|p2b: Tornadus\n|-weather|SunnyDay\n|-activate|p2a: Walking Wake|ability: Protosynthesis\n|-start|p2a: Walking Wake|protosynthesisspe\n|move|p2a: Walking Wake|Weather Ball|p1a: Monkey Hairy\n|-supereffective|p1a: Monkey Hairy\n|-crit|p1a: Monkey Hairy\n|-damage|p1a: Monkey Hairy|0 fnt\n|faint|p1a: Monkey Hairy\n|\n|-weather|SunnyDay|[upkeep]\n|-heal|p2a: Walking Wake|99\/100|[from] Grassy Terrain\n|upkeep\n|\n|t:|1697677610\n|switch|p1a: MyHusband|Iron Hands|100\/100\n|turn|3\n|\n|t:|1697677621\n|-end|p2a: Walking Wake|Protosynthesis|[silent]\n|switch|p2a: Amoonguss|Amoonguss, F|100\/100\n|move|p2b: Tornadus|Bleakwind Storm|p1b: DrinkingMilk|[spread] p1a,p1b\n|-damage|p1a: MyHusband|86\/100\n|-damage|p1b: DrinkingMilk|70\/100\n|-enditem|p1b: DrinkingMilk|Eject Button\n|\n|t:|1697677629\n|switch|p1b: My hammer|Landorus, M|100\/100\n|move|p1a: MyHusband|Wild Charge|p2b: Tornadus\n|-supereffective|p2b: Tornadus\n|-damage|p2b: Tornadus|0 fnt\n|faint|p2b: Tornadus\n|-damage|p1a: MyHusband|75\/100|[from] Recoil\n|\n|-weather|SunnyDay|[upkeep]\n|-heal|p1a: MyHusband|81\/100|[from] Grassy Terrain\n|upkeep\n|\n|t:|1697677637\n|switch|p2b: Chi-Yu|Chi-Yu|100\/100\n|-ability|p2b: Chi-Yu|Beads of Ruin\n|turn|4\n|\n|t:|1697677659\n|switch|p2b: Flutter Mane|Flutter Mane|100\/100\n|-activate|p2b: Flutter Mane|ability: Protosynthesis\n|-start|p2b: Flutter Mane|protosynthesisspe\n|-end|p1a: MyHusband|Quark Drive|[silent]\n|switch|p1a: DrinkingMilk|Pelipper, M|70\/100\n|-weather|RainDance|[from] ability: Drizzle|[of] p1a: DrinkingMilk\n|-end|p2b: Flutter Mane|Protosynthesis\n|move|p1b: My hammer|Sandsear Storm|p2b: Flutter Mane|[spread] p2a,p2b\n|-crit|p2b: Flutter Mane\n|-damage|p2a: Amoonguss|50\/100\n|-damage|p2b: Flutter Mane|21\/100\n|move|p2a: Amoonguss|Spore|p1a: DrinkingMilk\n|-status|p1a: DrinkingMilk|slp|[from] move: Spore\n|\n|-weather|RainDance|[upkeep]\n|-heal|p2b: Flutter Mane|27\/100|[from] Grassy Terrain\n|-heal|p2a: Amoonguss|56\/100|[from] Grassy Terrain\n|-sideend|p2: Tails72|move: Tailwind\n|upkeep\n|turn|5\n|\n|t:|1697677684\n|cant|p1a: DrinkingMilk|slp\n|move|p2b: Flutter Mane|Protect|p2b: Flutter Mane\n|-singleturn|p2b: Flutter Mane|Protect\n|move|p1b: My hammer|Sandsear Storm|p2b: Flutter Mane|[spread] p2a\n|-activate|p2b: Flutter Mane|move: Protect\n|-damage|p2a: Amoonguss|5\/100\n|move|p2a: Amoonguss|Spore|p1b: My hammer\n|-status|p1b: My hammer|slp|[from] move: Spore\n|\n|-weather|RainDance|[upkeep]\n|-heal|p2b: Flutter Mane|33\/100|[from] Grassy Terrain\n|-heal|p2a: Amoonguss|11\/100|[from] Grassy Terrain\n|-fieldend|move: Grassy Terrain\n|upkeep\n|turn|6\n|\n|t:|1697677702\n|cant|p1b: My hammer|slp\n|move|p2b: Flutter Mane|Dazzling Gleam|p1a: DrinkingMilk|[spread] p1a,p1b\n|-damage|p1a: DrinkingMilk|36\/100 slp\n|-damage|p1b: My hammer|50\/100 slp\n|cant|p1a: DrinkingMilk|slp\n|move|p2a: Amoonguss|Pollen Puff|p2b: Flutter Mane\n|-heal|p2b: Flutter Mane|83\/100\n|\n|-weather|RainDance|[upkeep]\n|upkeep\n|turn|7\n|\n|t:|1697677716\n|-terastallize|p2b: Flutter Mane|Fairy\n|-curestatus|p1a: DrinkingMilk|slp|[msg]\n|move|p1a: DrinkingMilk|Helping Hand|p1b: My hammer\n|-singleturn|p1b: My hammer|Helping Hand|[of] p1a: DrinkingMilk\n|cant|p1b: My hammer|slp\n|move|p2b: Flutter Mane|Dazzling Gleam|p1a: DrinkingMilk|[spread] p1a,p1b\n|-damage|p1a: DrinkingMilk|0 fnt\n|-damage|p1b: My hammer|0 fnt\n|faint|p1a: DrinkingMilk\n|faint|p1b: My hammer\n|move|p2a: Amoonguss|Pollen Puff|p2b: Flutter Mane\n|-heal|p2b: Flutter Mane|100\/100\n|\n|-weather|RainDance|[upkeep]\n|upkeep\n|\n|t:|1697677734\n|switch|p1b: Pechotes|Palafin-Hero, F|100\/100\n|switch|p1a: MyHusband|Iron Hands|81\/100\n|-activate|p1b: Pechotes|ability: Zero to Hero\n|turn|8\n|\n|t:|1697677744\n|switch|p2a: Walking Wake|Walking Wake|99\/100\n|move|p2b: Flutter Mane|Protect|p2b: Flutter Mane\n|-singleturn|p2b: Flutter Mane|Protect\n|move|p1a: MyHusband|Fake Out|p2a: Walking Wake\n|-damage|p2a: Walking Wake|81\/100\n|move|p1b: Pechotes|Jet Punch|p2b: Flutter Mane\n|-activate|p2b: Flutter Mane|move: Protect\n|\n|-weather|none\n|upkeep\n|turn|9\n|\n|t:|1697677771\n|-end|p2b: Flutter Mane|Protosynthesis|[silent]\n|switch|p2b: Amoonguss|Amoonguss, F|44\/100\n|move|p1b: Pechotes|Jet Punch|p2b: Amoonguss\n|-resisted|p2b: Amoonguss\n|-crit|p2b: Amoonguss\n|-damage|p2b: Amoonguss|9\/100\n|-damage|p1b: Pechotes|84\/100|[from] item: Rocky Helmet|[of] p2b: Amoonguss\n|move|p2a: Walking Wake|Draco Meteor|p1b: Pechotes\n|-damage|p1b: Pechotes|0 fnt\n|-unboost|p2a: Walking Wake|spa|2\n|faint|p1b: Pechotes\n|move|p1a: MyHusband|Wild Charge|p2b: Amoonguss\n|-resisted|p2b: Amoonguss\n|-crit|p2b: Amoonguss\n|-damage|p2b: Amoonguss|0 fnt\n|-damage|p1a: MyHusband|64\/100|[from] item: Rocky Helmet|[of] p2b: Amoonguss\n|faint|p2b: Amoonguss\n|-damage|p1a: MyHusband|62\/100|[from] Recoil\n|\n|upkeep\n|\n|t:|1697677790\n|switch|p1b: DickGold|Gholdengo|100\/100\n|switch|p2b: Charizard|Charizard, F|100\/100\n|turn|10\n|\n|t:|1697677803\n|detailschange|p2b: Charizard|Charizard-Mega-Y, F\n|-mega|p2b: Charizard|Charizard|Charizardite Y\n|-weather|SunnyDay|[from] ability: Drought|[of] p2b: Charizard\n|-activate|p2a: Walking Wake|ability: Protosynthesis\n|-start|p2a: Walking Wake|protosynthesisspe\n|-terastallize|p1b: DickGold|Water\n|move|p2b: Charizard|Protect|p2b: Charizard\n|-singleturn|p2b: Charizard|Protect\n|move|p2a: Walking Wake|Draco Meteor|p1a: MyHusband\n|-damage|p1a: MyHusband|41\/100\n|-unboost|p2a: Walking Wake|spa|2\n|move|p1b: DickGold|Thunder|p2b: Charizard\n|-activate|p2b: Charizard|move: Protect\n|move|p1a: MyHusband|Wild Charge|p2b: Charizard\n|-activate|p2b: Charizard|move: Protect\n|\n|-weather|SunnyDay|[upkeep]\n|upkeep\n|turn|11\n|\n|t:|1697677826\n|-end|p2a: Walking Wake|Protosynthesis|[silent]\n|switch|p2a: Chi-Yu|Chi-Yu|100\/100\n|-ability|p2a: Chi-Yu|Beads of Ruin\n|move|p2b: Charizard|Air Slash|p1a: MyHusband\n|-damage|p1a: MyHusband|12\/100\n|move|p1b: DickGold|Thunder|p2b: Charizard\n|-supereffective|p2b: Charizard\n|-damage|p2b: Charizard|0 fnt\n|faint|p2b: Charizard\n|move|p1a: MyHusband|Wild Charge|p2a: Chi-Yu\n|-damage|p2a: Chi-Yu|16\/100\n|-damage|p1a: MyHusband|1\/100|[from] Recoil\n|\n|-weather|SunnyDay|[upkeep]\n|upkeep\n|\n|t:|1697677837\n|switch|p2b: Flutter Mane|Flutter Mane, tera:Fairy|100\/100\n|-activate|p2b: Flutter Mane|ability: Protosynthesis\n|-start|p2b: Flutter Mane|protosynthesisspe\n|turn|12\n|\n|t:|1697677849\n|move|p2b: Flutter Mane|Dazzling Gleam|p1b: DickGold|[spread] p1a,p1b\n|-supereffective|p1a: MyHusband\n|-damage|p1a: MyHusband|0 fnt\n|-damage|p1b: DickGold|35\/100\n|faint|p1a: MyHusband\n|-end|p1a: MyHusband|Quark Drive|[silent]\n|move|p2a: Chi-Yu|Dark Pulse|p1b: DickGold\n|-damage|p1b: DickGold|0 fnt\n|faint|p1b: DickGold\n|\n|win|Tails72\n|c|\u2606Tails72|Ggs\n|l|\u2606guzmfran\n|l|\u2606Tails72\n","uploadtime":1697677861,"views":28,"p1id":"guzmfran","p2id":"tails72","formatid":"gen9nationaldexdoubles","rating":0,"private":0,"password":""}