{"id":"gen9nationaldexdoubles-1984046847","p1":"GoDDanteX","p2":"Sparrow_ghost","format":"[Gen 9] National Dex Doubles","log":"|j|\u2606GoDDanteX\n|j|\u2606Sparrow_ghost\n|t:|1699213202\n|gametype|doubles\n|player|p1|GoDDanteX|lucas|1096\n|player|p2|Sparrow_ghost|101|1000\n|teamsize|p1|6\n|teamsize|p2|6\n|gen|9\n|tier|[Gen 9] National Dex Doubles\n|rated|\n|rule|HP Percentage Mod: HP is shown in percentages\n|rule|Endless Battle Clause: Forcing endless battles is banned\n|rule|OHKO Clause: OHKO moves are banned\n|rule|Evasion Moves Clause: Evasion moves are banned\n|rule|Evasion Abilities Clause: Evasion abilities are banned\n|rule|Species Clause: Limit one of each Pok\u00e9mon\n|rule|Gravity Sleep Clause: The combination of sleep-inducing moves with imperfect accuracy and Gravity or Gigantamax Orbeetle are banned\n|clearpoke\n|poke|p1|Tyranitar, M|\n|poke|p1|Keldeo-Resolute|\n|poke|p1|Swellow, M|\n|poke|p1|Gardevoir, F|\n|poke|p1|Heatran, M|\n|poke|p1|Goodra, M|\n|poke|p2|Shuckle, M|\n|poke|p2|Chansey, F|\n|poke|p2|Glastrier|\n|poke|p2|Cloyster, F|\n|poke|p2|Miltank, F|\n|poke|p2|Ferrothorn, M|\n|teampreview\n|\n|t:|1699213214\n|start\n|switch|p1a: Heatran|Heatran, M|100\/100\n|switch|p1b: Tyranitar|Tyranitar, M|100\/100\n|switch|p2a: Ferrothorn|Ferrothorn, M|100\/100\n|switch|p2b: Miltank|Miltank, F|100\/100\n|-weather|Sandstorm|[from] ability: Sand Stream|[of] p1b: Tyranitar\n|turn|1\n|\n|t:|1699213227\n|move|p2b: Miltank|Curse|p2b: Miltank\n|-unboost|p2b: Miltank|spe|1\n|-boost|p2b: Miltank|atk|1\n|-boost|p2b: Miltank|def|1\n|move|p1b: Tyranitar|Dragon Dance|p1b: Tyranitar\n|-boost|p1b: Tyranitar|atk|1\n|-boost|p1b: Tyranitar|spe|1\n|move|p1a: Heatran|Eruption|p2b: Miltank|[spread] p2a,p2b\n|-supereffective|p2a: Ferrothorn\n|-damage|p2a: Ferrothorn|0 fnt\n|-damage|p2b: Miltank|70\/100\n|faint|p2a: Ferrothorn\n|\n|-weather|Sandstorm|[upkeep]\n|-damage|p2b: Miltank|64\/100|[from] Sandstorm\n|-heal|p2b: Miltank|70\/100|[from] item: Leftovers\n|upkeep\n|\n|t:|1699213247\n|switch|p2a: Chansey|Chansey, F, shiny|100\/100\n|turn|2\n|\n|t:|1699213255\n|-terastallize|p1b: Tyranitar|Steel\n|move|p1b: Tyranitar|Dragon Dance|p1b: Tyranitar\n|-boost|p1b: Tyranitar|atk|1\n|-boost|p1b: Tyranitar|spe|1\n|move|p1a: Heatran|Eruption|p2a: Chansey|[spread] p2a,p2b\n|-damage|p2a: Chansey|84\/100\n|-damage|p2b: Miltank|42\/100\n|move|p2b: Miltank|Curse|p2b: Miltank\n|-unboost|p2b: Miltank|spe|1\n|-boost|p2b: Miltank|atk|1\n|-boost|p2b: Miltank|def|1\n|move|p2a: Chansey|Soft-Boiled|p2a: Chansey\n|-heal|p2a: Chansey|100\/100\n|\n|-weather|Sandstorm|[upkeep]\n|-damage|p2a: Chansey|94\/100|[from] Sandstorm\n|-damage|p2b: Miltank|36\/100|[from] Sandstorm\n|-heal|p2b: Miltank|42\/100|[from] item: Leftovers\n|upkeep\n|turn|3\n|\n|t:|1699213276\n|move|p1b: Tyranitar|Rock Slide|p2b: Miltank|[spread] p2a,p2b\n|-damage|p2a: Chansey|0 fnt\n|-damage|p2b: Miltank|14\/100\n|faint|p2a: Chansey\n|move|p1a: Heatran|Eruption|p2b: Miltank\n|-damage|p2b: Miltank|0 fnt\n|faint|p2b: Miltank\n|\n|-weather|Sandstorm|[upkeep]\n|upkeep\n|\n|t:|1699213284\n|switch|p2b: Cloyster|Cloyster, F|100\/100\n|switch|p2a: God|Shuckle, M, shiny|100\/100\n|turn|4\n|\n|t:|1699213299\n|move|p1b: Tyranitar|Rock Slide|p2a: God|[spread] p2b\n|-miss|p1b: Tyranitar|p2a: God\n|-supereffective|p2b: Cloyster\n|-damage|p2b: Cloyster|22\/100\n|move|p1a: Heatran|Eruption|p2b: Cloyster|[spread] p2a,p2b\n|-damage|p2a: God|70\/100\n|-damage|p2b: Cloyster|0 fnt\n|faint|p2b: Cloyster\n|move|p2a: God|Infestation|p1a: Heatran\n|-resisted|p1a: Heatran\n|-damage|p1a: Heatran|99\/100\n|-activate|p1a: Heatran|move: Infestation|[of] p2a: God\n|\n|-weather|Sandstorm|[upkeep]\n|-damage|p1a: Heatran|88\/100|[from] move: Infestation|[partiallytrapped]\n|upkeep\n|\n|t:|1699213309\n|switch|p2b: Glastrier|Glastrier|100\/100\n|turn|5\n|\n|t:|1699213318\n|move|p1b: Tyranitar|Rock Slide|p2b: Glastrier|[spread] p2a,p2b\n|-supereffective|p2a: God\n|-supereffective|p2b: Glastrier\n|-damage|p2a: God|1\/100\n|-damage|p2b: Glastrier|10\/100\n|move|p1a: Heatran|Eruption|p2b: Glastrier|[spread] p2a,p2b\n|-supereffective|p2b: Glastrier\n|-damage|p2a: God|0 fnt\n|-damage|p2b: Glastrier|0 fnt\n|faint|p2a: God\n|faint|p2b: Glastrier\n|\n|win|GoDDanteX\n|raw|GoDDanteX's rating: 1096 &rarr; <strong>1115<\/strong><br \/>(+19 for winning)\n|raw|Sparrow_ghost's rating: 1000 &rarr; <strong>1000<\/strong><br \/>(+0 for losing)\n|l|\u2606Sparrow_ghost\n","uploadtime":1699213332,"views":6,"p1id":"goddantex","p2id":"sparrowghost","formatid":"gen9nationaldexdoubles","rating":1000,"private":0,"password":""}