{"id":"gen9nationaldexdoubles-1972133065","p1":"AdvancedDigit","p2":"Cruisinconnor","format":"[Gen 9] National Dex Doubles","log":"|j|\u2606AdvancedDigit\n|j|\u2606Cruisinconnor\n|t:|1697815539\n|gametype|doubles\n|player|p1|AdvancedDigit|hilbert|1174\n|player|p2|Cruisinconnor|worker|1421\n|teamsize|p1|6\n|teamsize|p2|6\n|gen|9\n|tier|[Gen 9] National Dex Doubles\n|rated|\n|rule|HP Percentage Mod: HP is shown in percentages\n|rule|Endless Battle Clause: Forcing endless battles is banned\n|rule|OHKO Clause: OHKO moves are banned\n|rule|Evasion Moves Clause: Evasion moves are banned\n|rule|Evasion Abilities Clause: Evasion abilities are banned\n|rule|Species Clause: Limit one of each Pok\u00e9mon\n|rule|Gravity Sleep Clause: The combination of sleep-inducing moves with imperfect accuracy and Gravity or Gigantamax Orbeetle are banned\n|clearpoke\n|poke|p1|Malamar, F|\n|poke|p1|Tornadus, M|\n|poke|p1|Maushold|\n|poke|p1|Ambipom, F|\n|poke|p1|Mr. Mime, F|\n|poke|p1|Amoonguss, M|\n|poke|p2|Rillaboom, F|\n|poke|p2|Garganacl, F|\n|poke|p2|Incineroar, F|\n|poke|p2|Tapu Fini|\n|poke|p2|Flutter Mane|\n|poke|p2|Scizor, M|\n|teampreview\n|inactive|Battle timer is ON: inactive players will automatically lose when time's up. (requested by Cruisinconnor)\n|\n|t:|1697815567\n|start\n|switch|p1a: Malamar|Malamar, F|100\/100\n|switch|p1b: Tornadus|Tornadus, M|100\/100\n|switch|p2a: Incineroar|Incineroar, F|100\/100\n|switch|p2b: Garganacl|Garganacl, F|100\/100\n|-ability|p2a: Incineroar|Intimidate|boost\n|-boost|p1a: Malamar|atk|1\n|-unboost|p1b: Tornadus|atk|1\n|turn|1\n|\n|t:|1697815582\n|move|p2a: Incineroar|Fake Out|p1b: Tornadus\n|-damage|p1b: Tornadus|85\/100\n|cant|p1b: Tornadus|flinch\n|move|p1a: Malamar|Superpower|p2b: Garganacl\n|-supereffective|p2b: Garganacl\n|-damage|p2b: Garganacl|24\/100\n|-boost|p1a: Malamar|atk|1\n|-boost|p1a: Malamar|def|1\n|move|p2b: Garganacl|Curse|p2b: Garganacl\n|-unboost|p2b: Garganacl|spe|1\n|-boost|p2b: Garganacl|atk|1\n|-boost|p2b: Garganacl|def|1\n|\n|-heal|p1b: Tornadus|91\/100|[from] item: Leftovers\n|-heal|p2b: Garganacl|30\/100|[from] item: Leftovers\n|upkeep\n|turn|2\n|\n|t:|1697815600\n|move|p2b: Garganacl|Protect|p2b: Garganacl\n|-singleturn|p2b: Garganacl|Protect\n|move|p1b: Tornadus|Defog|p1a: Malamar\n|-boost|p1a: Malamar|evasion|1\n|move|p1a: Malamar|Superpower|p2b: Garganacl\n|-activate|p2b: Garganacl|move: Protect\n|move|p2a: Incineroar|Will-O-Wisp|p1a: Malamar|[miss]\n|-miss|p2a: Incineroar|p1a: Malamar\n|\n|-heal|p1b: Tornadus|97\/100|[from] item: Leftovers\n|-heal|p2b: Garganacl|36\/100|[from] item: Leftovers\n|upkeep\n|turn|3\n|\n|t:|1697815614\n|-terastallize|p2b: Garganacl|Fairy\n|move|p1b: Tornadus|Defog|p1a: Malamar\n|-boost|p1a: Malamar|evasion|1\n|move|p1a: Malamar|Superpower|p2a: Incineroar\n|-supereffective|p2a: Incineroar\n|-damage|p2a: Incineroar|0 fnt\n|-boost|p1a: Malamar|atk|1\n|-boost|p1a: Malamar|def|1\n|-damage|p1a: Malamar|84\/100|[from] item: Rocky Helmet|[of] p2a: Incineroar\n|faint|p2a: Incineroar\n|move|p2b: Garganacl|Recover|p2b: Garganacl\n|-heal|p2b: Garganacl|86\/100\n|\n|-heal|p1b: Tornadus|100\/100|[from] item: Leftovers\n|-heal|p1a: Malamar|90\/100|[from] item: Leftovers\n|-heal|p2b: Garganacl|92\/100|[from] item: Leftovers\n|upkeep\n|\n|t:|1697815637\n|switch|p2a: Rillaboom|Rillaboom, F|100\/100\n|-fieldstart|move: Grassy Terrain|[from] ability: Grassy Surge|[of] p2a: Rillaboom\n|turn|4\n|\n|t:|1697815646\n|move|p2a: Rillaboom|Fake Out|p1a: Malamar\n|-damage|p1a: Malamar|82\/100\n|move|p1b: Tornadus|Defog|p1a: Malamar\n|-boost|p1a: Malamar|evasion|1\n|-fieldend|move: Grassy Terrain\n|cant|p1a: Malamar|flinch\n|move|p2b: Garganacl|Salt Cure|p1a: Malamar\n|-damage|p1a: Malamar|71\/100\n|-start|p1a: Malamar|Salt Cure\n|\n|-heal|p1a: Malamar|77\/100|[from] item: Leftovers\n|-heal|p2b: Garganacl|99\/100|[from] item: Leftovers\n|-damage|p1a: Malamar|65\/100|[from] Salt Cure\n|upkeep\n|turn|5\n|\n|t:|1697815664\n|move|p2b: Garganacl|Protect|p2b: Garganacl\n|-singleturn|p2b: Garganacl|Protect\n|move|p1b: Tornadus|Defog|p1a: Malamar\n|-boost|p1a: Malamar|evasion|1\n|move|p2a: Rillaboom|Knock Off|p1b: Tornadus\n|-damage|p1b: Tornadus|49\/100\n|-enditem|p1b: Tornadus|Leftovers|[from] move: Knock Off|[of] p2a: Rillaboom\n|move|p1a: Malamar|Superpower|p2a: Rillaboom\n|-damage|p2a: Rillaboom|14\/100\n|-boost|p1a: Malamar|atk|1\n|-boost|p1a: Malamar|def|1\n|\n|-heal|p1a: Malamar|71\/100|[from] item: Leftovers\n|-heal|p2b: Garganacl|100\/100|[from] item: Leftovers\n|-damage|p1a: Malamar|58\/100|[from] Salt Cure\n|upkeep\n|turn|6\n|\n|t:|1697815688\n|move|p1b: Tornadus|Defog|p1a: Malamar\n|-boost|p1a: Malamar|evasion|1\n|move|p2a: Rillaboom|Knock Off|p1a: Malamar|[miss]\n|-miss|p2a: Rillaboom|p1a: Malamar\n|move|p1a: Malamar|Rock Slide|p2b: Garganacl|[spread] p2a,p2b\n|-damage|p2a: Rillaboom|0 fnt\n|-damage|p2b: Garganacl|77\/100\n|faint|p2a: Rillaboom\n|move|p2b: Garganacl|Curse|p2b: Garganacl\n|-unboost|p2b: Garganacl|spe|1\n|-boost|p2b: Garganacl|atk|1\n|-boost|p2b: Garganacl|def|1\n|\n|-heal|p1a: Malamar|64\/100|[from] item: Leftovers\n|-heal|p2b: Garganacl|83\/100|[from] item: Leftovers\n|-damage|p1a: Malamar|52\/100|[from] Salt Cure\n|upkeep\n|inactive|Cruisinconnor has 120 seconds left.\n|\n|t:|1697815709\n|switch|p2a: Tapu Fini|Tapu Fini|100\/100\n|-fieldstart|move: Misty Terrain|[from] ability: Misty Surge|[of] p2a: Tapu Fini\n|turn|7\n|\n|t:|1697815724\n|move|p1b: Tornadus|Tailwind|p1b: Tornadus\n|-sidestart|p1: AdvancedDigit|move: Tailwind\n|move|p2a: Tapu Fini|Moonblast|p1a: Malamar|[miss]\n|-miss|p2a: Tapu Fini|p1a: Malamar\n|move|p1a: Malamar|Rock Slide|p2b: Garganacl|[spread] p2a,p2b\n|-damage|p2a: Tapu Fini|44\/100\n|-damage|p2b: Garganacl|67\/100\n|move|p2b: Garganacl|Curse|p2b: Garganacl\n|-unboost|p2b: Garganacl|spe|1\n|-boost|p2b: Garganacl|atk|1\n|-boost|p2b: Garganacl|def|1\n|\n|-heal|p1a: Malamar|58\/100|[from] item: Leftovers\n|-heal|p2b: Garganacl|73\/100|[from] item: Leftovers\n|-damage|p1a: Malamar|45\/100|[from] Salt Cure\n|upkeep\n|turn|8\n|\n|t:|1697815740\n|move|p1b: Tornadus|Defog|p1a: Malamar\n|-boost|p1a: Malamar|evasion|1\n|-fieldend|Misty Terrain\n|move|p2a: Tapu Fini|Moonblast|p1a: Malamar|[miss]\n|-miss|p2a: Tapu Fini|p1a: Malamar\n|move|p1a: Malamar|Rock Slide|p2a: Tapu Fini|[spread] p2a,p2b\n|-damage|p2a: Tapu Fini|0 fnt\n|-damage|p2b: Garganacl|60\/100\n|faint|p2a: Tapu Fini\n|move|p2b: Garganacl|Curse|p2b: Garganacl\n|-unboost|p2b: Garganacl|spe|1\n|-boost|p2b: Garganacl|atk|1\n|-boost|p2b: Garganacl|def|1\n|\n|-heal|p1a: Malamar|52\/100|[from] item: Leftovers\n|-heal|p2b: Garganacl|66\/100|[from] item: Leftovers\n|-damage|p1a: Malamar|39\/100|[from] Salt Cure\n|upkeep\n|\n|t:|1697815756\n|switch|p2a: Scizor|Scizor, M|100\/100\n|turn|9\n|\n|t:|1697815768\n|detailschange|p2a: Scizor|Scizor-Mega, M\n|-mega|p2a: Scizor|Scizor|Scizorite\n|move|p2a: Scizor|Detect|p2a: Scizor\n|-singleturn|p2a: Scizor|Protect\n|move|p1b: Tornadus|Bleakwind Storm|p2b: Garganacl|[spread] \n|-activate|p2a: Scizor|move: Protect\n|-miss|p1b: Tornadus|p2b: Garganacl\n|move|p1a: Malamar|Superpower|p2a: Scizor\n|-activate|p2a: Scizor|move: Protect\n|move|p2b: Garganacl|Recover|p2b: Garganacl\n|-heal|p2b: Garganacl|100\/100\n|\n|-heal|p1a: Malamar|45\/100|[from] item: Leftovers\n|-damage|p1a: Malamar|33\/100|[from] Salt Cure\n|upkeep\n|turn|10\n|\n|t:|1697815785\n|switch|p2a: Flutter Mane|Flutter Mane|100\/100\n|move|p1b: Tornadus|Bleakwind Storm|p2a: Flutter Mane|[spread] p2a,p2b\n|-damage|p2a: Flutter Mane|62\/100\n|-damage|p2b: Garganacl|77\/100\n|-unboost|p2a: Flutter Mane|spe|1\n|move|p1a: Malamar|Superpower|p2a: Flutter Mane\n|-immune|p2a: Flutter Mane\n|move|p2b: Garganacl|Curse|p2b: Garganacl\n|-unboost|p2b: Garganacl|spe|1\n|-boost|p2b: Garganacl|atk|1\n|-boost|p2b: Garganacl|def|1\n|\n|-heal|p1a: Malamar|39\/100|[from] item: Leftovers\n|-heal|p2b: Garganacl|83\/100|[from] item: Leftovers\n|-damage|p1a: Malamar|26\/100|[from] Salt Cure\n|-sideend|p1: AdvancedDigit|move: Tailwind\n|upkeep\n|turn|11\n|\n|t:|1697815807\n|-end|p2a: Flutter Mane|Protosynthesis|[silent]\n|switch|p2a: Scizor|Scizor-Mega, M|100\/100\n|move|p1b: Tornadus|Tailwind|p1b: Tornadus\n|-sidestart|p1: AdvancedDigit|move: Tailwind\n|move|p1a: Malamar|Rock Slide|p2b: Garganacl|[spread] p2a,p2b\n|-damage|p2a: Scizor|64\/100\n|-damage|p2b: Garganacl|73\/100\n|move|p2b: Garganacl|Salt Cure|p1b: Tornadus\n|-supereffective|p1b: Tornadus\n|-damage|p1b: Tornadus|0 fnt\n|faint|p1b: Tornadus\n|\n|-heal|p1a: Malamar|32\/100|[from] item: Leftovers\n|-heal|p2b: Garganacl|79\/100|[from] item: Leftovers\n|-damage|p1a: Malamar|20\/100|[from] Salt Cure\n|upkeep\n|\n|t:|1697815817\n|switch|p1b: Mr. Mime|Mr. Mime, F|100\/100\n|turn|12\n|\n|t:|1697815832\n|move|p2a: Scizor|Detect|p2a: Scizor\n|-singleturn|p2a: Scizor|Protect\n|move|p1b: Mr. Mime|Fake Out|p2b: Garganacl\n|-damage|p2b: Garganacl|78\/100\n|move|p1a: Malamar|Superpower|p2a: Scizor\n|-activate|p2a: Scizor|move: Protect\n|cant|p2b: Garganacl|flinch\n|\n|-heal|p1a: Malamar|26\/100|[from] item: Leftovers\n|-heal|p2b: Garganacl|84\/100|[from] item: Leftovers\n|-damage|p1a: Malamar|14\/100|[from] Salt Cure\n|upkeep\n|turn|13\n|\n|t:|1697815852\n|move|p1b: Mr. Mime|Follow Me|p1b: Mr. Mime\n|-singleturn|p1b: Mr. Mime|move: Follow Me\n|move|p2a: Scizor|Bullet Punch|p1b: Mr. Mime\n|-supereffective|p1b: Mr. Mime\n|-damage|p1b: Mr. Mime|0 fnt\n|faint|p1b: Mr. Mime\n|move|p1a: Malamar|Knock Off|p2a: Scizor\n|-damage|p2a: Scizor|3\/100\n|move|p2b: Garganacl|Curse|p2b: Garganacl\n|-unboost|p2b: Garganacl|spe|1\n|-boost|p2b: Garganacl|atk|1\n|-boost|p2b: Garganacl|def|1\n|\n|-heal|p1a: Malamar|20\/100|[from] item: Leftovers\n|-heal|p2b: Garganacl|91\/100|[from] item: Leftovers\n|-damage|p1a: Malamar|7\/100|[from] Salt Cure\n|upkeep\n|\n|t:|1697815876\n|switch|p1b: Ambipom|Ambipom, F|100\/100\n|turn|14\n|\n|t:|1697815900\n|move|p2a: Scizor|Detect|p2a: Scizor\n|-singleturn|p2a: Scizor|Protect\n|move|p2b: Garganacl|Protect|p2b: Garganacl\n|-singleturn|p2b: Garganacl|Protect\n|move|p1b: Ambipom|Fake Out|p2a: Scizor\n|-activate|p2a: Scizor|move: Protect\n|move|p1a: Malamar|Knock Off|p2b: Garganacl\n|-activate|p2b: Garganacl|move: Protect\n|\n|-heal|p1a: Malamar|13\/100|[from] item: Leftovers\n|-heal|p2b: Garganacl|97\/100|[from] item: Leftovers\n|-damage|p1a: Malamar|1\/100|[from] Salt Cure\n|-sideend|p1: AdvancedDigit|move: Tailwind\n|upkeep\n|turn|15\n|\n|t:|1697815918\n|move|p2a: Scizor|Bullet Punch|p1b: Ambipom\n|-damage|p1b: Ambipom|40\/100\n|move|p1b: Ambipom|Hone Claws|p1b: Ambipom\n|-boost|p1b: Ambipom|atk|1\n|-boost|p1b: Ambipom|accuracy|1\n|move|p1a: Malamar|Rock Slide|p2a: Scizor|[spread] p2a,p2b\n|-damage|p2a: Scizor|0 fnt\n|-damage|p2b: Garganacl|88\/100\n|faint|p2a: Scizor\n|cant|p2b: Garganacl|flinch\n|\n|-heal|p1a: Malamar|7\/100|[from] item: Leftovers\n|-heal|p2b: Garganacl|94\/100|[from] item: Leftovers\n|-damage|p1a: Malamar|0 fnt|[from] Salt Cure\n|faint|p1a: Malamar\n|upkeep\n|\n|t:|1697815932\n|switch|p2a: Flutter Mane|Flutter Mane|62\/100\n|switch|p1a: Amoonguss|Amoonguss, M|100\/100\n|turn|16\n|\n|t:|1697815940\n|move|p1a: Amoonguss|Rage Powder|p1a: Amoonguss\n|-singleturn|p1a: Amoonguss|move: Rage Powder\n|move|p2a: Flutter Mane|Mystical Fire|p1a: Amoonguss\n|-supereffective|p1a: Amoonguss\n|-damage|p1a: Amoonguss|48\/100\n|-unboost|p1a: Amoonguss|spa|1\n|move|p1b: Ambipom|Baton Pass|p1b: Ambipom\n|\n|t:|1697815944\n|switch|p1b: Maushold|Maushold|100\/100|[from] Baton Pass\n|move|p2b: Garganacl|Salt Cure|p1a: Amoonguss\n|-damage|p1a: Amoonguss|9\/100\n|-start|p1a: Amoonguss|Salt Cure\n|\n|-heal|p2b: Garganacl|99\/100|[from] item: Leftovers\n|-damage|p1a: Amoonguss|0 fnt|[from] Salt Cure\n|faint|p1a: Amoonguss\n|upkeep\n|\n|t:|1697815946\n|switch|p1a: Ambipom|Ambipom, F|40\/100\n|turn|17\n|\n|t:|1697815965\n|move|p2b: Garganacl|Protect|p2b: Garganacl\n|-singleturn|p2b: Garganacl|Protect\n|move|p1a: Ambipom|Fake Out|p2b: Garganacl\n|-activate|p2b: Garganacl|move: Protect\n|move|p2a: Flutter Mane|Mystical Fire|p1a: Ambipom\n|-damage|p1a: Ambipom|0 fnt\n|faint|p1a: Ambipom\n|move|p1b: Maushold|Bite|p2a: Flutter Mane\n|-damage|p2a: Flutter Mane|0 fnt\n|faint|p2a: Flutter Mane\n|-end|p2a: Flutter Mane|Protosynthesis|[silent]\n|\n|-heal|p2b: Garganacl|100\/100|[from] item: Leftovers\n|upkeep\n|turn|18\n|c|\u2606AdvancedDigit|ok ok now\n|c|\u2606AdvancedDigit|this can go 2 ways\n|\n|t:|1697815987\n|move|p1b: Maushold|Population Bomb|p2b: Garganacl\n|-damage|p2b: Garganacl|98\/100\n|-crit|p2b: Garganacl\n|-damage|p2b: Garganacl|80\/100\n|-damage|p2b: Garganacl|77\/100\n|-damage|p2b: Garganacl|75\/100\n|-damage|p2b: Garganacl|72\/100\n|-damage|p2b: Garganacl|69\/100\n|-damage|p2b: Garganacl|66\/100\n|-damage|p2b: Garganacl|63\/100\n|-damage|p2b: Garganacl|60\/100\n|-crit|p2b: Garganacl\n|-damage|p2b: Garganacl|44\/100\n|-hitcount|p2b: Garganacl|10\n|cant|p2b: Garganacl|flinch\n|\n|-heal|p2b: Garganacl|50\/100|[from] item: Leftovers\n|upkeep\n|turn|19\n|\n|t:|1697816017\n|move|p1b: Maushold|Population Bomb|p2b: Garganacl\n|-damage|p2b: Garganacl|47\/100\n|-damage|p2b: Garganacl|44\/100\n|-damage|p2b: Garganacl|41\/100\n|-damage|p2b: Garganacl|38\/100\n|-damage|p2b: Garganacl|35\/100\n|-damage|p2b: Garganacl|32\/100\n|-damage|p2b: Garganacl|30\/100\n|-damage|p2b: Garganacl|27\/100\n|-damage|p2b: Garganacl|24\/100\n|-damage|p2b: Garganacl|21\/100\n|-hitcount|p2b: Garganacl|10\n|cant|p2b: Garganacl|flinch\n|\n|-heal|p2b: Garganacl|27\/100|[from] item: Leftovers\n|upkeep\n|turn|20\n|c|\u2606AdvancedDigit|kings rock baby\n|c|\u2606Cruisinconnor|nice gg\n|\n|t:|1697816037\n|move|p1b: Maushold|Population Bomb|p2b: Garganacl\n|-damage|p2b: Garganacl|24\/100\n|-damage|p2b: Garganacl|22\/100\n|-damage|p2b: Garganacl|19\/100\n|-damage|p2b: Garganacl|16\/100\n|-damage|p2b: Garganacl|13\/100\n|-damage|p2b: Garganacl|11\/100\n|-damage|p2b: Garganacl|8\/100\n|-damage|p2b: Garganacl|6\/100\n|-damage|p2b: Garganacl|3\/100\n|-crit|p2b: Garganacl\n|-damage|p2b: Garganacl|0 fnt\n|faint|p2b: Garganacl\n|-hitcount|p2: Garganacl|10\n|\n|win|AdvancedDigit\n|raw|AdvancedDigit's rating: 1174 &rarr; <strong>1214<\/strong><br \/>(+40 for winning)\n|raw|Cruisinconnor's rating: 1421 &rarr; <strong>1389<\/strong><br \/>(-32 for losing)\n|c|\u2606AdvancedDigit|each hit has a 10% chance to flinch\n|c|\u2606AdvancedDigit|basically 100% flinch\n|c|\u2606AdvancedDigit|gg\n","uploadtime":1697816054,"views":8,"p1id":"advanceddigit","p2id":"cruisinconnor","formatid":"gen9nationaldexdoubles","rating":1214,"private":0,"password":""}