{"id":"gen9nationaldexdoubles-1960079074","p1":"Do FB toi tu","p2":"wz132","format":"[Gen 9] National Dex Doubles","log":"|j|\u2606Do FB toi tu\n|j|\u2606wz132\n|t:|1696488973\n|gametype|doubles\n|player|p1|Do FB toi tu|lucas|1109\n|player|p2|wz132|170|1222\n|teamsize|p1|6\n|teamsize|p2|6\n|gen|9\n|tier|[Gen 9] National Dex Doubles\n|rated|\n|rule|HP Percentage Mod: HP is shown in percentages\n|rule|Endless Battle Clause: Forcing endless battles is banned\n|rule|OHKO Clause: OHKO moves are banned\n|rule|Evasion Moves Clause: Evasion moves are banned\n|rule|Evasion Abilities Clause: Evasion abilities are banned\n|rule|Species Clause: Limit one of each Pok\u00e9mon\n|rule|Gravity Sleep Clause: The combination of sleep-inducing moves with imperfect accuracy and Gravity or Gigantamax Orbeetle are banned\n|clearpoke\n|poke|p1|Indeedee, M|\n|poke|p1|Deoxys-Attack|\n|poke|p1|Typhlosion, F|\n|poke|p1|Kartana|\n|poke|p1|Murkrow, F|\n|poke|p1|Shuckle, F|\n|poke|p2|Pelipper, M|\n|poke|p2|Politoed, M|\n|poke|p2|Tornadus, M|\n|poke|p2|Iron Bundle|\n|poke|p2|Swampert, F|\n|poke|p2|Ogerpon-Wellspring, F|\n|teampreview\n|\n|t:|1696488987\n|start\n|switch|p1a: Murkrow|Murkrow, F|100\/100\n|switch|p1b: Shuckle|Shuckle, F|100\/100\n|switch|p2a: Pelipper|Pelipper, M|100\/100\n|switch|p2b: Ogerpon|Ogerpon-Wellspring, F|100\/100\n|-weather|RainDance|[from] ability: Drizzle|[of] p2a: Pelipper\n|turn|1\n|inactive|Battle timer is ON: inactive players will automatically lose when time's up. (requested by Do FB toi tu)\n|\n|t:|1696489006\n|move|p1a: Murkrow|Perish Song|p1a: Murkrow\n|-start|p1a: Murkrow|perish3|[silent]\n|-start|p1b: Shuckle|perish3|[silent]\n|-start|p2a: Pelipper|perish3|[silent]\n|-start|p2b: Ogerpon|perish3|[silent]\n|-fieldactivate|move: Perish Song\n|move|p2b: Ogerpon|Trailblaze|p1b: Shuckle\n|-damage|p1b: Shuckle|84\/100\n|-boost|p2b: Ogerpon|spe|1\n|move|p2a: Pelipper|Weather Ball|p1a: Murkrow\n|-enditem|p1a: Murkrow|Focus Sash\n|-damage|p1a: Murkrow|1\/100\n|move|p1b: Shuckle|Sticky Web|p2b: Ogerpon\n|-sidestart|p2: wz132|move: Sticky Web\n|\n|-weather|RainDance|[upkeep]\n|-start|p2b: Ogerpon|perish3\n|-start|p2a: Pelipper|perish3\n|-start|p1a: Murkrow|perish3\n|-start|p1b: Shuckle|perish3\n|upkeep\n|turn|2\n|\n|t:|1696489035\n|move|p1a: Murkrow|Taunt|p2a: Pelipper\n|-start|p2a: Pelipper|move: Taunt\n|move|p2b: Ogerpon|Ivy Cudgel|p1b: Shuckle\n|-supereffective|p1b: Shuckle\n|-damage|p1b: Shuckle|0 fnt\n|faint|p1b: Shuckle\n|move|p2a: Pelipper|Weather Ball|p1a: Murkrow\n|-damage|p1a: Murkrow|0 fnt\n|faint|p1a: Murkrow\n|\n|-weather|RainDance|[upkeep]\n|-start|p2b: Ogerpon|perish2\n|-start|p2a: Pelipper|perish2\n|upkeep\n|inactive|Do FB toi tu has 120 seconds left.\n|inactive|Do FB toi tu has 90 seconds left.\n|inactive|Do FB toi tu has 60 seconds left.\n|inactive|Do FB toi tu has 30 seconds left.\n|inactive|Do FB toi tu has 20 seconds left.\n|\n|t:|1696489148\n|switch|p1a: Typhlosion|Typhlosion, F|100\/100\n|switch|p1b: Deoxys|Deoxys-Attack|100\/100\n|-ability|p1b: Deoxys|Pressure\n|turn|3\n|inactive|Do FB toi tu has 30 seconds left.\n|\n|t:|1696489165\n|move|p2b: Ogerpon|Ivy Cudgel|p1b: Deoxys\n|-enditem|p1b: Deoxys|Focus Sash\n|-damage|p1b: Deoxys|1\/100\n|move|p1a: Typhlosion|Seismic Toss|p2b: Ogerpon\n|-damage|p2b: Ogerpon|67\/100\n|move|p1b: Deoxys|Psyshock|p2b: Ogerpon\n|-damage|p2b: Ogerpon|0 fnt\n|faint|p2b: Ogerpon\n|move|p2a: Pelipper|Weather Ball|p1a: Typhlosion\n|-supereffective|p1a: Typhlosion\n|-damage|p1a: Typhlosion|0 fnt\n|faint|p1a: Typhlosion\n|\n|-weather|RainDance|[upkeep]\n|-start|p2a: Pelipper|perish1\n|upkeep\n|\n|t:|1696489185\n|switch|p2b: Tornadus|Tornadus, M|100\/100\n|switch|p1a: Indeedee|Indeedee, M|100\/100\n|-fieldstart|move: Psychic Terrain|[from] ability: Psychic Surge|[of] p1a: Indeedee\n|turn|4\n|inactive|Do FB toi tu has 60 seconds left.\n|\n|t:|1696489201\n|switch|p2a: Politoed|Politoed, M|100\/100\n|-activate|p2a: Politoed|move: Sticky Web\n|-unboost|p2a: Politoed|spe|1\n|-terastallize|p1a: Indeedee|Psychic\n|move|p1b: Deoxys|Psyshock|p2a: Politoed\n|-damage|p2a: Politoed|31\/100\n|move|p1a: Indeedee|Expanding Force|p2b: Tornadus|[spread] p2a,p2b\n|-damage|p2a: Politoed|0 fnt\n|-damage|p2b: Tornadus|0 fnt\n|faint|p2a: Politoed\n|faint|p2b: Tornadus\n|\n|-weather|RainDance|[upkeep]\n|upkeep\n|\n|t:|1696489217\n|switch|p2b: Iron Bundle|Iron Bundle|100\/100\n|switch|p2a: Swampert|Swampert, F|100\/100\n|-activate|p2b: Iron Bundle|move: Sticky Web\n|-unboost|p2b: Iron Bundle|spe|1\n|-activate|p2a: Swampert|move: Sticky Web\n|-unboost|p2a: Swampert|spe|1\n|-enditem|p2b: Iron Bundle|Booster Energy\n|-activate|p2b: Iron Bundle|ability: Quark Drive|[fromitem]\n|-start|p2b: Iron Bundle|quarkdrivespa\n|turn|5\n|inactive|Do FB toi tu has 60 seconds left.\n|\n|t:|1696489260\n|detailschange|p2a: Swampert|Swampert-Mega, F\n|-mega|p2a: Swampert|Swampert|Swampertite\n|move|p1b: Deoxys|Psyshock|p2b: Iron Bundle\n|-damage|p2b: Iron Bundle|19\/100\n|move|p1a: Indeedee|Expanding Force|p2a: Swampert|[spread] p2a,p2b\n|-damage|p2a: Swampert|32\/100\n|-damage|p2b: Iron Bundle|0 fnt\n|faint|p2b: Iron Bundle\n|-end|p2b: Iron Bundle|Quark Drive|[silent]\n|move|p2a: Swampert|Earthquake|p1a: Indeedee|[spread] p1a,p1b\n|-damage|p1a: Indeedee|5\/100\n|-damage|p1b: Deoxys|0 fnt\n|faint|p1b: Deoxys\n|\n|-weather|none\n|upkeep\n|inactive|Do FB toi tu has 60 seconds left.\n|\n|t:|1696489273\n|switch|p1b: Kartana|Kartana|100\/100\n|switch|p2b: Pelipper|Pelipper, M|100\/100\n|-weather|RainDance|[from] ability: Drizzle|[of] p2b: Pelipper\n|turn|6\n|inactive|Do FB toi tu has 60 seconds left.\n|\n|t:|1696489294\n|move|p1b: Kartana|Leaf Blade|p2b: Pelipper\n|-damage|p2b: Pelipper|20\/100\n|move|p1a: Indeedee|Expanding Force|p2b: Pelipper|[spread] p2a,p2b\n|-crit|p2b: Pelipper\n|-damage|p2a: Swampert|0 fnt\n|-damage|p2b: Pelipper|0 fnt\n|faint|p2a: Swampert\n|faint|p2b: Pelipper\n|\n|win|Do FB toi tu\n|raw|Do FB toi tu's rating: 1109 &rarr; <strong>1142<\/strong><br \/>(+33 for winning)\n|raw|wz132's rating: 1222 &rarr; <strong>1189<\/strong><br \/>(-33 for losing)\n|l|\u2606wz132\n","uploadtime":1696489308,"views":8,"p1id":"dofbtoitu","p2id":"wz132","formatid":"gen9nationaldexdoubles","rating":1142,"private":0,"password":""}