{"id":"gen9nationaldexdoubles-1983637665","p1":"schoolteen","p2":"JC0MP","format":"[Gen 9] National Dex Doubles","log":"|j|\u2606schoolteen\n|j|\u2606JC0MP\n|t:|1699152394\n|gametype|doubles\n|player|p1|schoolteen|cheryl|1142\n|player|p2|JC0MP|lucas-gen4pt|1223\n|teamsize|p1|6\n|teamsize|p2|6\n|gen|9\n|tier|[Gen 9] National Dex Doubles\n|rated|\n|rule|HP Percentage Mod: HP is shown in percentages\n|rule|Endless Battle Clause: Forcing endless battles is banned\n|rule|OHKO Clause: OHKO moves are banned\n|rule|Evasion Moves Clause: Evasion moves are banned\n|rule|Evasion Abilities Clause: Evasion abilities are banned\n|rule|Species Clause: Limit one of each Pok\u00e9mon\n|rule|Gravity Sleep Clause: The combination of sleep-inducing moves with imperfect accuracy and Gravity or Gigantamax Orbeetle are banned\n|clearpoke\n|poke|p1|Barraskewda, F|\n|poke|p1|Fezandipiti, M|\n|poke|p1|Infernape, F|\n|poke|p1|Skuntank, M|\n|poke|p1|Tinkaton, F|\n|poke|p1|Bisharp, F|\n|poke|p2|Empoleon, M|\n|poke|p2|Luxray, M|\n|poke|p2|Lucario, M|\n|poke|p2|Staraptor, M|\n|poke|p2|Infernape, M|\n|poke|p2|Darkrai|\n|teampreview\n|inactive|Battle timer is ON: inactive players will automatically lose when time's up. (requested by schoolteen)\n|\n|t:|1699152412\n|start\n|switch|p1a: Bisharp|Bisharp, F|100\/100\n|switch|p1b: Tinkaton|Tinkaton, F|100\/100\n|switch|p2a: Leo|Luxray, M|100\/100\n|switch|p2b: Hawk|Staraptor, M|100\/100\n|-ability|p1b: Tinkaton|Mold Breaker\n|turn|1\n|inactive|schoolteen has 120 seconds left.\n|\n|t:|1699152452\n|move|p2a: Leo|Protect|p2a: Leo\n|-singleturn|p2a: Leo|Protect\n|move|p2b: Hawk|Double-Edge|p1a: Bisharp\n|-resisted|p1a: Bisharp\n|-damage|p1a: Bisharp|70\/100\n|-damage|p2b: Hawk|91\/100|[from] Recoil\n|move|p1b: Tinkaton|Knock Off|p2b: Hawk\n|-damage|p2b: Hawk|55\/100\n|-enditem|p2b: Hawk|Choice Scarf|[from] move: Knock Off|[of] p1b: Tinkaton\n|move|p1a: Bisharp|Beat Up|p2a: Leo\n|-activate|p2a: Leo|move: Protect\n|\n|-status|p2a: Leo|brn|[from] item: Flame Orb\n|upkeep\n|turn|2\n|inactive|schoolteen has 120 seconds left.\n|inactive|JC0MP has 120 seconds left.\n|\n|t:|1699152511\n|-terastallize|p2a: Leo|Normal\n|move|p2b: Hawk|Brave Bird|p1a: Bisharp\n|-resisted|p1a: Bisharp\n|-damage|p1a: Bisharp|40\/100\n|-damage|p2b: Hawk|46\/100|[from] Recoil\n|move|p2a: Leo|Facade|p1b: Tinkaton\n|-resisted|p1b: Tinkaton\n|-damage|p1b: Tinkaton|46\/100\n|move|p1b: Tinkaton|Play Rough|p2a: Leo\n|-damage|p2a: Leo|50\/100 brn\n|move|p1a: Bisharp|Brick Break|p2a: Leo\n|-supereffective|p2a: Leo\n|-crit|p2a: Leo\n|-damage|p2a: Leo|0 fnt\n|faint|p2a: Leo\n|\n|-heal|p1b: Tinkaton|53\/100|[from] item: Leftovers\n|upkeep\n|\n|t:|1699152517\n|switch|p2a: Chosen|Infernape, M|100\/100\n|turn|3\n|inactive|schoolteen has 120 seconds left.\n|\n|t:|1699152541\n|move|p1a: Bisharp|Sucker Punch|p2b: Hawk\n|-damage|p2b: Hawk|0 fnt\n|faint|p2b: Hawk\n|move|p2a: Chosen|Flare Blitz|p1b: Tinkaton\n|-supereffective|p1b: Tinkaton\n|-damage|p1b: Tinkaton|0 fnt\n|faint|p1b: Tinkaton\n|-damage|p2a: Chosen|82\/100|[from] Recoil\n|\n|upkeep\n|inactive|JC0MP has 120 seconds left.\n|\n|t:|1699152562\n|switch|p2b: Tux|Empoleon, M|100\/100\n|switch|p1b: Barraskewda|Barraskewda, F|100\/100\n|turn|4\n|\n|t:|1699152578\n|-terastallize|p1b: Barraskewda|Water\n|move|p2a: Chosen|Mach Punch|p1a: Bisharp\n|-supereffective|p1a: Bisharp\n|-crit|p1a: Bisharp\n|-damage|p1a: Bisharp|0 fnt\n|faint|p1a: Bisharp\n|move|p1b: Barraskewda|Liquidation|p2a: Chosen\n|-supereffective|p2a: Chosen\n|-damage|p2a: Chosen|0 fnt\n|faint|p2a: Chosen\n|move|p2b: Tux|Stealth Rock|p1b: Barraskewda\n|-sidestart|p1: schoolteen|move: Stealth Rock\n|\n|upkeep\n|\n|t:|1699152601\n|switch|p2a: Wrath|Darkrai|100\/100\n|switch|p1a: Infernape|Infernape, F|100\/100\n|-damage|p1a: Infernape|88\/100|[from] Stealth Rock\n|turn|5\n|\n|t:|1699152620\n|move|p1a: Infernape|Fake Out|p2a: Wrath\n|-damage|p2a: Wrath|81\/100\n|cant|p2a: Wrath|flinch\n|move|p1b: Barraskewda|Liquidation|p2a: Wrath\n|-damage|p2a: Wrath|0 fnt\n|faint|p2a: Wrath\n|move|p2b: Tux|Scald|p1a: Infernape\n|-supereffective|p1a: Infernape\n|-damage|p1a: Infernape|0 fnt\n|faint|p1a: Infernape\n|\n|upkeep\n|\n|t:|1699152646\n|switch|p2a: Captain|Lucario, M|100\/100\n|switch|p1a: Skuntank|Skuntank, M|100\/100\n|-damage|p1a: Skuntank|88\/100|[from] Stealth Rock\n|turn|6\n|\n|t:|1699152670\n|detailschange|p2a: Captain|Lucario-Mega, M\n|-mega|p2a: Captain|Lucario|Lucarionite\n|move|p1b: Barraskewda|Liquidation|p2a: Captain\n|-damage|p2a: Captain|0 fnt\n|faint|p2a: Captain\n|move|p1a: Skuntank|Smokescreen|p2b: Tux\n|-unboost|p2b: Tux|accuracy|1\n|move|p2b: Tux|Scald|p1a: Skuntank\n|-damage|p1a: Skuntank|32\/100\n|-status|p1a: Skuntank|brn\n|\n|-damage|p1a: Skuntank|26\/100 brn|[from] brn\n|upkeep\n|turn|7\n|inactive|schoolteen has 120 seconds left.\n|\n|t:|1699152703\n|move|p1b: Barraskewda|Liquidation|p2b: Tux\n|-resisted|p2b: Tux\n|-damage|p2b: Tux|56\/100\n|move|p1a: Skuntank|Punishment|p2b: Tux\n|-damage|p2b: Tux|42\/100\n|move|p2b: Tux|Ice Beam|p1b: Barraskewda\n|-resisted|p1b: Barraskewda\n|-damage|p1b: Barraskewda|65\/100\n|\n|-heal|p2b: Tux|49\/100|[from] item: Leftovers\n|-damage|p1a: Skuntank|20\/100 brn|[from] brn\n|upkeep\n|turn|8\n|\n|t:|1699152719\n|move|p1b: Barraskewda|Liquidation|p2b: Tux\n|-resisted|p2b: Tux\n|-damage|p2b: Tux|0 fnt\n|faint|p2b: Tux\n|\n|win|schoolteen\n|raw|schoolteen's rating: 1142 &rarr; <strong>1172<\/strong><br \/>(+30 for winning)\n|raw|JC0MP's rating: 1212 &rarr; <strong>1182<\/strong><br \/>(-30 for losing)\n|l|\u2606JC0MP\n","uploadtime":1699152732,"views":7,"p1id":"schoolteen","p2id":"jc0mp","formatid":"gen9nationaldexdoubles","rating":1172,"private":0,"password":""}