{"id":"gen9nationaldexdoubles-1967690186","p1":"Danwithnoplan","p2":"mmmirza","format":"[Gen 9] National Dex Doubles","log":"|j|\u2606Danwithnoplan\n|j|\u2606mmmirza\n|t:|1697327499\n|gametype|doubles\n|player|p1|Danwithnoplan|nita|1372\n|player|p2|mmmirza|2|1336\n|teamsize|p1|6\n|teamsize|p2|6\n|gen|9\n|tier|[Gen 9] National Dex Doubles\n|rated|\n|rule|HP Percentage Mod: HP is shown in percentages\n|rule|Endless Battle Clause: Forcing endless battles is banned\n|rule|OHKO Clause: OHKO moves are banned\n|rule|Evasion Moves Clause: Evasion moves are banned\n|rule|Evasion Abilities Clause: Evasion abilities are banned\n|rule|Species Clause: Limit one of each Pok\u00e9mon\n|rule|Gravity Sleep Clause: The combination of sleep-inducing moves with imperfect accuracy and Gravity or Gigantamax Orbeetle are banned\n|clearpoke\n|poke|p1|Tapu Fini|\n|poke|p1|Rillaboom, M|\n|poke|p1|Zygarde|\n|poke|p1|Metagross|\n|poke|p1|Tornadus, M|\n|poke|p1|Incineroar, M|\n|poke|p2|Ogerpon-Hearthflame, F|\n|poke|p2|Whimsicott, F|\n|poke|p2|Marshadow|\n|poke|p2|Chien-Pao|\n|poke|p2|Kingambit, M|\n|poke|p2|Charizard, F|\n|teampreview\n|inactive|Battle timer is ON: inactive players will automatically lose when time's up. (requested by mmmirza)\n|inactive|mmmirza has 120 seconds left.\n|\n|t:|1697327534\n|start\n|switch|p1a: Tapu Fini|Tapu Fini|100\/100\n|switch|p1b: Zygarde|Zygarde|100\/100\n|switch|p2a: Kingambit|Kingambit, M|100\/100\n|switch|p2b: Whimsicott|Whimsicott, F|100\/100\n|-fieldstart|move: Misty Terrain|[from] ability: Misty Surge|[of] p1a: Tapu Fini\n|-ability|p1b: Zygarde|Aura Break\n|turn|1\n|\n|t:|1697327552\n|-terastallize|p2a: Kingambit|Dark\n|move|p1b: Zygarde|Protect|p1b: Zygarde\n|-singleturn|p1b: Zygarde|Protect\n|move|p2b: Whimsicott|Tailwind|p2b: Whimsicott\n|-sidestart|p2: mmmirza|move: Tailwind\n|move|p1a: Tapu Fini|Trick|p2a: Kingambit\n|-activate|p1a: Tapu Fini|move: Trick|[of] p2a: Kingambit\n|-item|p2a: Kingambit|Choice Scarf|[from] move: Trick\n|-item|p1a: Tapu Fini|Expert Belt|[from] move: Trick\n|move|p2a: Kingambit|Swords Dance|p2a: Kingambit\n|-boost|p2a: Kingambit|atk|2\n|\n|upkeep\n|turn|2\n|\n|t:|1697327578\n|-terastallize|p1b: Zygarde|Steel\n|move|p2b: Whimsicott|Encore|p1a: Tapu Fini\n|-start|p1a: Tapu Fini|Encore\n|move|p2a: Kingambit|Swords Dance|p2a: Kingambit\n|-boost|p2a: Kingambit|atk|2\n|move|p1b: Zygarde|Substitute|p1b: Zygarde\n|-start|p1b: Zygarde|Substitute\n|-damage|p1b: Zygarde|76\/100\n|move|p1a: Tapu Fini|Trick|p2a: Kingambit\n|-activate|p1a: Tapu Fini|move: Trick|[of] p2a: Kingambit\n|-item|p2a: Kingambit|Expert Belt|[from] move: Trick\n|-item|p1a: Tapu Fini|Choice Scarf|[from] move: Trick\n|\n|upkeep\n|turn|3\n|\n|t:|1697327601\n|switch|p1a: Rillaboom|Rillaboom, M|100\/100\n|-fieldstart|move: Grassy Terrain|[from] ability: Grassy Surge|[of] p1a: Rillaboom\n|move|p2b: Whimsicott|Taunt|p1a: Rillaboom\n|-start|p1a: Rillaboom|move: Taunt\n|move|p1b: Zygarde|Dragon Dance|p1b: Zygarde\n|-boost|p1b: Zygarde|atk|1\n|-boost|p1b: Zygarde|spe|1\n|move|p2a: Kingambit|Kowtow Cleave|p1b: Zygarde\n|-end|p1b: Zygarde|Substitute\n|\n|-heal|p1b: Zygarde|82\/100|[from] Grassy Terrain\n|upkeep\n|turn|4\n|\n|t:|1697327631\n|move|p1a: Rillaboom|Fake Out|p2b: Whimsicott\n|-damage|p2b: Whimsicott|82\/100\n|cant|p2b: Whimsicott|flinch\n|move|p1b: Zygarde|Thousand Arrows|p2b: Whimsicott|[spread] p2a,p2b\n|-resisted|p2b: Whimsicott\n|-damage|p2a: Kingambit|63\/100\n|-damage|p2b: Whimsicott|44\/100\n|move|p2a: Kingambit|Kowtow Cleave|p1a: Rillaboom\n|-damage|p1a: Rillaboom|0 fnt\n|faint|p1a: Rillaboom\n|\n|-heal|p2b: Whimsicott|50\/100|[from] Grassy Terrain\n|-heal|p1b: Zygarde|88\/100|[from] Grassy Terrain\n|-heal|p2a: Kingambit|70\/100|[from] Grassy Terrain\n|-sideend|p2: mmmirza|move: Tailwind\n|upkeep\n|inactive|Danwithnoplan has 120 seconds left.\n|\n|t:|1697327641\n|switch|p1a: Incineroar|Incineroar, M|100\/100\n|-ability|p1a: Incineroar|Intimidate|boost\n|-unboost|p2a: Kingambit|atk|1\n|-ability|p2a: Kingambit|Defiant|boost\n|-boost|p2a: Kingambit|atk|2\n|-unboost|p2b: Whimsicott|atk|1\n|turn|5\n|\n|t:|1697327662\n|move|p1a: Incineroar|Fake Out|p2a: Kingambit\n|-damage|p2a: Kingambit|61\/100\n|move|p2b: Whimsicott|Tailwind|p2b: Whimsicott\n|-sidestart|p2: mmmirza|move: Tailwind\n|move|p1b: Zygarde|Thousand Arrows|p2a: Kingambit|[spread] p2a,p2b\n|-resisted|p2b: Whimsicott\n|-damage|p2a: Kingambit|27\/100\n|-damage|p2b: Whimsicott|17\/100\n|cant|p2a: Kingambit|flinch\n|\n|-heal|p2b: Whimsicott|23\/100|[from] Grassy Terrain\n|-heal|p1b: Zygarde|94\/100|[from] Grassy Terrain\n|-heal|p2a: Kingambit|33\/100|[from] Grassy Terrain\n|upkeep\n|turn|6\n|\n|t:|1697327682\n|switch|p1a: Tornadus|Tornadus, M|100\/100\n|move|p1b: Zygarde|Protect|p1b: Zygarde\n|-singleturn|p1b: Zygarde|Protect\n|move|p2b: Whimsicott|Taunt|p1b: Zygarde\n|-activate|p1b: Zygarde|move: Protect\n|move|p2a: Kingambit|Brick Break|p1a: Tornadus\n|-resisted|p1a: Tornadus\n|-crit|p1a: Tornadus\n|-enditem|p1a: Tornadus|Focus Sash\n|-damage|p1a: Tornadus|1\/100\n|\n|-heal|p2b: Whimsicott|29\/100|[from] Grassy Terrain\n|-heal|p1b: Zygarde|99\/100|[from] Grassy Terrain\n|-heal|p2a: Kingambit|39\/100|[from] Grassy Terrain\n|upkeep\n|turn|7\n|\n|t:|1697327702\n|move|p1a: Tornadus|Protect|p1a: Tornadus\n|-singleturn|p1a: Tornadus|Protect\n|move|p2b: Whimsicott|Encore|p1b: Zygarde\n|-start|p1b: Zygarde|Encore\n|move|p1b: Zygarde|Protect||[still]\n|-fail|p1b: Zygarde\n|move|p2a: Kingambit|Kowtow Cleave|p1a: Tornadus\n|-activate|p1a: Tornadus|move: Protect\n|\n|-heal|p2b: Whimsicott|35\/100|[from] Grassy Terrain\n|-heal|p1b: Zygarde|100\/100|[from] Grassy Terrain\n|-heal|p2a: Kingambit|46\/100|[from] Grassy Terrain\n|-fieldend|move: Grassy Terrain\n|upkeep\n|turn|8\n|\n|t:|1697327721\n|switch|p1b: Incineroar|Incineroar, M|100\/100\n|-ability|p1b: Incineroar|Intimidate|boost\n|-unboost|p2a: Kingambit|atk|1\n|-ability|p2a: Kingambit|Defiant|boost\n|-boost|p2a: Kingambit|atk|2\n|-unboost|p2b: Whimsicott|atk|1\n|move|p2b: Whimsicott|Taunt|p1b: Incineroar\n|-hint|Since gen 7, Dark is immune to Prankster moves.\n|-immune|p1b: Incineroar\n|move|p1a: Tornadus|Tailwind|p1a: Tornadus\n|-sidestart|p1: Danwithnoplan|move: Tailwind\n|move|p2a: Kingambit|Brick Break|p1a: Tornadus\n|-resisted|p1a: Tornadus\n|-damage|p1a: Tornadus|0 fnt\n|faint|p1a: Tornadus\n|\n|-sideend|p2: mmmirza|move: Tailwind\n|upkeep\n|inactive|Danwithnoplan has 120 seconds left.\n|\n|t:|1697327743\n|switch|p1a: Tapu Fini|Tapu Fini|100\/100\n|-fieldstart|move: Misty Terrain|[from] ability: Misty Surge|[of] p1a: Tapu Fini\n|turn|9\n|\n|t:|1697327753\n|move|p1b: Incineroar|Fake Out|p2b: Whimsicott\n|-damage|p2b: Whimsicott|18\/100\n|cant|p2b: Whimsicott|flinch\n|move|p1a: Tapu Fini|Hydro Pump|p2a: Kingambit\n|-damage|p2a: Kingambit|9\/100\n|move|p2a: Kingambit|Brick Break|p1b: Incineroar\n|-supereffective|p1b: Incineroar\n|-damage|p1b: Incineroar|0 fnt\n|faint|p1b: Incineroar\n|\n|upkeep\n|-message|Danwithnoplan forfeited.\n|\n|win|mmmirza\n|raw|Danwithnoplan's rating: 1372 &rarr; <strong>1350<\/strong><br \/>(-22 for losing)\n|raw|mmmirza's rating: 1336 &rarr; <strong>1358<\/strong><br \/>(+22 for winning)\n","uploadtime":1697327769,"views":7,"p1id":"danwithnoplan","p2id":"mmmirza","formatid":"gen9nationaldexdoubles","rating":1350,"private":0,"password":""}