{"id":"gen9nationaldexdoubles-1956911254","p1":"DewEnjoyerer","p2":"DewEnjoyer","format":"[Gen 9] National Dex Doubles","log":"|j|\u2606DewEnjoyerer\n|j|\u2606DewEnjoyer\n|t:|1696168988\n|gametype|doubles\n|player|p1|DewEnjoyerer|266|\n|player|p2|DewEnjoyer|roxie|\n|teamsize|p1|6\n|teamsize|p2|6\n|gen|9\n|tier|[Gen 9] National Dex Doubles\n|rule|HP Percentage Mod: HP is shown in percentages\n|rule|Endless Battle Clause: Forcing endless battles is banned\n|rule|OHKO Clause: OHKO moves are banned\n|rule|Evasion Moves Clause: Evasion moves are banned\n|rule|Evasion Abilities Clause: Evasion abilities are banned\n|rule|Species Clause: Limit one of each Pok\u00e9mon\n|rule|Gravity Sleep Clause: The combination of sleep-inducing moves with imperfect accuracy and Gravity or Gigantamax Orbeetle are banned\n|clearpoke\n|poke|p1|Cinderace, F|\n|poke|p1|Buizel, F|\n|poke|p1|Shaymin-Sky|\n|poke|p1|Politoed, M|\n|poke|p1|Jolteon, M|\n|poke|p1|Blissey, F|\n|poke|p2|Electrode-Hisui|\n|poke|p2|Rillaboom, M|\n|poke|p2|Great Tusk|\n|poke|p2|Volcanion|\n|poke|p2|Goodra-Hisui, M|\n|poke|p2|Tornadus, M|\n|teampreview\n|\n|t:|1696169006\n|start\n|switch|p1a: Politoed|Politoed, M, shiny|100\/100\n|switch|p1b: Buizel|Buizel, F|100\/100\n|switch|p2a: The Steamer|Volcanion|100\/100\n|switch|p2b: Elephant|Great Tusk|100\/100\n|-weather|RainDance|[from] ability: Drizzle|[of] p1a: Politoed\n|turn|1\n|c|\u2606DewEnjoyerer|ur about to get fucked\n|\n|t:|1696169029\n|-end|p2b: Elephant|Protosynthesis|[silent]\n|switch|p2b: Monkey|Rillaboom, M|100\/100\n|-fieldstart|move: Grassy Terrain|[from] ability: Grassy Surge|[of] p2b: Monkey\n|move|p1a: Politoed|Helping Hand|p1b: Buizel\n|-singleturn|p1b: Buizel|Helping Hand|[of] p1a: Politoed\n|move|p1b: Buizel|Aqua Tail|p2b: Monkey\n|-resisted|p2b: Monkey\n|-damage|p2b: Monkey|36\/100\n|move|p2a: The Steamer|Steam Eruption|p1b: Buizel\n|-resisted|p1b: Buizel\n|-crit|p1b: Buizel\n|-damage|p1b: Buizel|0 fnt\n|faint|p1b: Buizel\n|\n|-weather|RainDance|[upkeep]\n|-heal|p2b: Monkey|42\/100|[from] Grassy Terrain\n|upkeep\n|\n|t:|1696169044\n|switch|p1b: Jolteon|Jolteon, M|100\/100\n|turn|2\n|\n|t:|1696169057\n|-terastallize|p2a: The Steamer|Ground\n|move|p2b: Monkey|Fake Out|p1a: Politoed\n|-damage|p1a: Politoed|86\/100\n|move|p1b: Jolteon|Thunder|p2a: The Steamer\n|-immune|p2a: The Steamer\n|move|p2a: The Steamer|Heat Wave|p1b: Jolteon|[spread] p1a,p1b\n|-resisted|p1a: Politoed\n|-damage|p1a: Politoed|80\/100\n|-damage|p1b: Jolteon|76\/100\n|-status|p1a: Politoed|brn\n|cant|p1a: Politoed|flinch\n|\n|-weather|RainDance|[upkeep]\n|-heal|p1b: Jolteon|82\/100|[from] Grassy Terrain\n|-heal|p2b: Monkey|48\/100|[from] Grassy Terrain\n|-heal|p1a: Politoed|86\/100 brn|[from] Grassy Terrain\n|-heal|p1a: Politoed|92\/100 brn|[from] item: Leftovers\n|-damage|p1a: Politoed|86\/100 brn|[from] brn\n|-status|p1b: Jolteon|brn|[from] item: Flame Orb\n|upkeep\n|turn|3\n|\n|t:|1696169095\n|move|p1a: Politoed|Helping Hand|p1b: Jolteon\n|-singleturn|p1b: Jolteon|Helping Hand|[of] p1a: Politoed\n|move|p2b: Monkey|Grassy Glide|p1a: Politoed\n|-supereffective|p1a: Politoed\n|-damage|p1a: Politoed|0 fnt\n|faint|p1a: Politoed\n|move|p1b: Jolteon|Shadow Ball|p2a: The Steamer\n|-damage|p2a: The Steamer|61\/100\n|move|p2a: The Steamer|Steam Eruption|p1b: Jolteon\n|-damage|p1b: Jolteon|0 fnt\n|faint|p1b: Jolteon\n|\n|-weather|RainDance|[upkeep]\n|-heal|p2b: Monkey|54\/100|[from] Grassy Terrain\n|-heal|p2a: The Steamer|67\/100|[from] Grassy Terrain\n|-heal|p2a: The Steamer|73\/100|[from] item: Leftovers\n|upkeep\n|\n|t:|1696169113\n|switch|p1b: Blissey|Blissey, F|100\/100\n|switch|p1a: Shaymin|Shaymin-Sky|100\/100\n|turn|4\n|\n|t:|1696169127\n|move|p1a: Shaymin|Air Slash|p2b: Monkey\n|-supereffective|p2b: Monkey\n|-damage|p2b: Monkey|0 fnt\n|faint|p2b: Monkey\n|move|p2a: The Steamer|Heat Wave|p1b: Blissey|[spread] p1a,p1b\n|-supereffective|p1a: Shaymin\n|-damage|p1a: Shaymin|48\/100\n|-damage|p1b: Blissey|95\/100\n|move|p1b: Blissey|Stealth Rock|p2a: The Steamer\n|-sidestart|p2: DewEnjoyer|move: Stealth Rock\n|\n|-weather|RainDance|[upkeep]\n|-heal|p2a: The Steamer|79\/100|[from] Grassy Terrain\n|-heal|p2a: The Steamer|85\/100|[from] item: Leftovers\n|-heal|p1b: Blissey|100\/100|[from] Grassy Terrain\n|upkeep\n|\n|t:|1696169147\n|switch|p2b: Ough|Tornadus, M|100\/100\n|-damage|p2b: Ough|76\/100|[from] Stealth Rock\n|turn|5\n|\n|t:|1696169159\n|-terastallize|p1a: Shaymin|Ground\n|move|p1b: Blissey|Helping Hand|p1a: Shaymin\n|-singleturn|p1a: Shaymin|Helping Hand|[of] p1b: Blissey\n|move|p2b: Ough|Taunt|p1b: Blissey\n|-start|p1b: Blissey|move: Taunt\n|move|p1a: Shaymin|Air Slash|p2a: The Steamer|[miss]\n|-miss|p1a: Shaymin|p2a: The Steamer\n|move|p2a: The Steamer|Heat Wave|p1b: Blissey|[spread] p1a,p1b\n|-damage|p1a: Shaymin|23\/100\n|-damage|p1b: Blissey|95\/100\n|\n|-weather|none\n|-heal|p1a: Shaymin|29\/100|[from] Grassy Terrain\n|-heal|p2a: The Steamer|91\/100|[from] Grassy Terrain\n|-heal|p2a: The Steamer|97\/100|[from] item: Leftovers\n|-heal|p1b: Blissey|100\/100|[from] Grassy Terrain\n|-fieldend|move: Grassy Terrain\n|upkeep\n|turn|6\n|\n|t:|1696169184\n|move|p1a: Shaymin|Air Slash|p2a: The Steamer\n|-crit|p2a: The Steamer\n|-damage|p2a: The Steamer|0 fnt\n|faint|p2a: The Steamer\n|move|p2b: Ough|Knock Off|p1b: Blissey\n|-damage|p1b: Blissey|53\/100\n|-enditem|p1b: Blissey|Leftovers|[from] move: Knock Off|[of] p2b: Ough\n|-activate|p1b: Blissey|move: Struggle\n|move|p1b: Blissey|Struggle|p2b: Ough\n|-damage|p2b: Ough|74\/100\n|-damage|p1b: Blissey|28\/100|[from] recoil\n|\n|upkeep\n|\n|t:|1696169198\n|switch|p2a: Orb|Electrode-Hisui, shiny|100\/100\n|-damage|p2a: Orb|88\/100|[from] Stealth Rock\n|turn|7\n|\n|t:|1696169211\n|switch|p1b: Cinderace|Cinderace, F|100\/100\n|move|p2b: Ough|Tailwind|p2b: Ough\n|-sidestart|p2: DewEnjoyer|move: Tailwind\n|move|p2a: Orb|Energy Ball|p1a: Shaymin\n|-supereffective|p1a: Shaymin\n|-damage|p1a: Shaymin|0 fnt\n|faint|p1a: Shaymin\n|\n|upkeep\n|\n|t:|1696169220\n|switch|p1a: Blissey|Blissey, F|28\/100\n|turn|8\n|\n|t:|1696169230\n|move|p2a: Orb|Energy Ball|p1a: Blissey\n|-damage|p1a: Blissey|14\/100\n|move|p2b: Ough|Knock Off|p1b: Cinderace\n|-crit|p1b: Cinderace\n|-damage|p1b: Cinderace|48\/100\n|-enditem|p1b: Cinderace|Heavy-Duty Boots|[from] move: Knock Off|[of] p2b: Ough\n|move|p1b: Cinderace|Swords Dance|p1b: Cinderace\n|-start|p1b: Cinderace|typechange|Normal|[from] ability: Libero\n|-boost|p1b: Cinderace|atk|2\n|move|p1a: Blissey|Soft-Boiled|p1a: Blissey\n|-heal|p1a: Blissey|64\/100\n|\n|upkeep\n|turn|9\n|\n|t:|1696169257\n|switch|p2a: Roe|Goodra-Hisui, M|100\/100\n|-damage|p2a: Roe|95\/100|[from] Stealth Rock\n|move|p2b: Ough|Bleakwind Storm|p1b: Cinderace|[spread] p1b\n|-miss|p2b: Ough|p1a: Blissey\n|-damage|p1b: Cinderace|2\/100\n|move|p1b: Cinderace|Pyro Ball|p2b: Ough\n|-damage|p2b: Ough|0 fnt\n|faint|p2b: Ough\n|move|p1a: Blissey|Light Screen|p1a: Blissey\n|-sidestart|p1: DewEnjoyerer|move: Light Screen\n|\n|-heal|p2a: Roe|100\/100|[from] item: Leftovers\n|upkeep\n|\n|t:|1696169275\n|switch|p2b: Orb|Electrode-Hisui, shiny|88\/100\n|-damage|p2b: Orb|76\/100|[from] Stealth Rock\n|turn|10\n|\n|t:|1696169303\n|move|p1a: Blissey|Helping Hand|p1b: Cinderace\n|-singleturn|p1b: Cinderace|Helping Hand|[of] p1a: Blissey\n|move|p2b: Orb|Volt Switch|p1b: Cinderace\n|-damage|p1b: Cinderace|0 fnt\n|faint|p1b: Cinderace\n|\n|t:|1696169310\n|switch|p2b: Elephant|Great Tusk|100\/100|[from] Volt Switch\n|-damage|p2b: Elephant|98\/100|[from] Stealth Rock\n|move|p2a: Roe|Iron Head|p1a: Blissey\n|-damage|p1a: Blissey|0 fnt\n|faint|p1a: Blissey\n|\n|win|DewEnjoyer\n|l|\u2606DewEnjoyerer\n","uploadtime":1696169324,"views":7,"p1id":"dewenjoyerer","p2id":"dewenjoyer","formatid":"gen9nationaldexdoubles","rating":0,"private":0,"password":""}