{"id":"gen9nationaldexdoubles-1972503359","p1":"El Ryuk456","p2":"Denvah_17","format":"[Gen 9] National Dex Doubles","log":"|j|\u2606El Ryuk456\n|j|\u2606Denvah_17\n|t:|1697850288\n|gametype|doubles\n|player|p1|El Ryuk456|ingo|1383\n|player|p2|Denvah_17|alder|1342\n|teamsize|p1|6\n|teamsize|p2|6\n|gen|9\n|tier|[Gen 9] National Dex Doubles\n|rated|\n|rule|HP Percentage Mod: HP is shown in percentages\n|rule|Endless Battle Clause: Forcing endless battles is banned\n|rule|OHKO Clause: OHKO moves are banned\n|rule|Evasion Moves Clause: Evasion moves are banned\n|rule|Evasion Abilities Clause: Evasion abilities are banned\n|rule|Species Clause: Limit one of each Pok\u00e9mon\n|rule|Gravity Sleep Clause: The combination of sleep-inducing moves with imperfect accuracy and Gravity or Gigantamax Orbeetle are banned\n|clearpoke\n|poke|p1|Thundurus-Therian, M|\n|poke|p1|Latias, F|\n|poke|p1|Pelipper, M|\n|poke|p1|Blastoise, M|\n|poke|p1|Gardevoir, F|\n|poke|p1|Metagross|\n|poke|p2|Sinistcha-Masterpiece|\n|poke|p2|Diancie|\n|poke|p2|Okidogi, M|\n|poke|p2|Ursaluna-Bloodmoon, M|\n|poke|p2|Volcanion|\n|poke|p2|Golisopod, F|\n|teampreview\n|inactive|Battle timer is ON: inactive players will automatically lose when time's up. (requested by Denvah_17)\n|\n|t:|1697850305\n|start\n|switch|p1a: Metagross|Metagross|100\/100\n|switch|p1b: Harbor|Blastoise, M|100\/100\n|switch|p2a: Rihanna|Diancie, shiny|100\/100\n|switch|p2b: NowThisIsPodRacing|Golisopod, F|100\/100\n|turn|1\n|\n|t:|1697850325\n|-terastallize|p2a: Rihanna|Ground\n|move|p1b: Harbor|Fake Out|p2a: Rihanna\n|-damage|p2a: Rihanna|95\/100\n|move|p2b: NowThisIsPodRacing|First Impression|p1b: Harbor\n|-damage|p1b: Harbor|52\/100\n|-damage|p2b: NowThisIsPodRacing|91\/100|[from] item: Life Orb\n|-zpower|p1a: Metagross\n|move|p1a: Metagross|Shattered Psyche|p2b: NowThisIsPodRacing|[zeffect]\n|-crit|p2b: NowThisIsPodRacing\n|-damage|p2b: NowThisIsPodRacing|0 fnt\n|faint|p2b: NowThisIsPodRacing\n|cant|p2a: Rihanna|flinch\n|\n|-heal|p1b: Harbor|58\/100|[from] item: Leftovers\n|upkeep\n|inactive|Denvah_17 has 120 seconds left.\n|\n|t:|1697850341\n|switch|p2b: Grass Latte|Sinistcha-Masterpiece|100\/100\n|turn|2\n|\n|t:|1697850354\n|-terastallize|p1b: Harbor|Poison\n|move|p1a: Metagross|Ally Switch|p1a: Metagross\n|swap|p1a: Metagross|1|[from] move: Ally Switch\n|move|p1a: Harbor|Flip Turn|p2a: Rihanna\n|-supereffective|p2a: Rihanna\n|-damage|p2a: Rihanna|71\/100\n|-enditem|p2a: Rihanna|Weakness Policy\n|-boost|p2a: Rihanna|atk|2|[from] item: Weakness Policy\n|-boost|p2a: Rihanna|spa|2|[from] item: Weakness Policy\n|\n|t:|1697850363\n|switch|p1a: Pelipper|Pelipper, M|100\/100|[from] Flip Turn\n|-weather|RainDance|[from] ability: Drizzle|[of] p1a: Pelipper\n|move|p2b: Grass Latte|Strength Sap|p1a: Pelipper\n|-unboost|p1a: Pelipper|atk|1\n|move|p2a: Rihanna|Trick Room|p2a: Rihanna\n|-fieldstart|move: Trick Room|[of] p2a: Rihanna\n|\n|-weather|RainDance|[upkeep]\n|upkeep\n|turn|3\n|\n|t:|1697850376\n|move|p1a: Pelipper|Wide Guard|p1a: Pelipper\n|-singleturn|p1a: Pelipper|Wide Guard\n|move|p2a: Rihanna|Diamond Storm|p1a: Pelipper|[spread] \n|-activate|p1a: Pelipper|move: Wide Guard\n|-activate|p1b: Metagross|move: Wide Guard\n|move|p2b: Grass Latte|Scald|p1b: Metagross\n|-crit|p1b: Metagross\n|-damage|p1b: Metagross|39\/100\n|move|p1b: Metagross|Ice Punch|p2a: Rihanna\n|-supereffective|p2a: Rihanna\n|-damage|p2a: Rihanna|33\/100\n|\n|-weather|RainDance|[upkeep]\n|upkeep\n|turn|4\n|\n|t:|1697850393\n|move|p1b: Metagross|Bullet Punch|p2a: Rihanna\n|-damage|p2a: Rihanna|17\/100\n|move|p2a: Rihanna|Earth Power|p1b: Metagross\n|-supereffective|p1b: Metagross\n|-damage|p1b: Metagross|0 fnt\n|faint|p1b: Metagross\n|move|p2b: Grass Latte|Matcha Gotcha|p1a: Pelipper\n|-damage|p1a: Pelipper|58\/100\n|move|p1a: Pelipper|Hurricane|p2b: Grass Latte\n|-supereffective|p2b: Grass Latte\n|-damage|p2b: Grass Latte|11\/100\n|-enditem|p2b: Grass Latte|Weakness Policy\n|-boost|p2b: Grass Latte|atk|2|[from] item: Weakness Policy\n|-boost|p2b: Grass Latte|spa|2|[from] item: Weakness Policy\n|\n|-weather|RainDance|[upkeep]\n|upkeep\n|inactive|El Ryuk456 has 120 seconds left.\n|\n|t:|1697850415\n|switch|p1b: Gardevoir|Gardevoir, F, shiny|100\/100\n|-ability|p1b: Gardevoir|Heatproof|[from] ability: Trace|[of] p2b: Grass Latte\n|turn|5\n|\n|t:|1697850435\n|detailschange|p1b: Gardevoir|Gardevoir-Mega, F, shiny\n|-mega|p1b: Gardevoir|Gardevoir|Gardevoirite\n|move|p1a: Pelipper|Wide Guard|p1a: Pelipper\n|-singleturn|p1a: Pelipper|Wide Guard\n|move|p2a: Rihanna|Diamond Storm|p1a: Pelipper|[spread] \n|-activate|p1a: Pelipper|move: Wide Guard\n|-activate|p1b: Gardevoir|move: Wide Guard\n|move|p2b: Grass Latte|Matcha Gotcha|p1a: Pelipper|[spread] \n|-activate|p1a: Pelipper|move: Wide Guard\n|-activate|p1b: Gardevoir|move: Wide Guard\n|move|p1b: Gardevoir|Hyper Voice|p2b: Grass Latte|[spread] p2a,p2b\n|-damage|p2a: Rihanna|0 fnt\n|-damage|p2b: Grass Latte|0 fnt\n|faint|p2a: Rihanna\n|faint|p2b: Grass Latte\n|\n|-weather|RainDance|[upkeep]\n|upkeep\n|\n|t:|1697850449\n|switch|p2a: Dogecoin|Okidogi, M|100\/100\n|switch|p2b: Mr. Saxobeat|Volcanion|100\/100\n|turn|6\n|\n|t:|1697850457\n|switch|p1a: Harbor|Blastoise, M, tera:Poison|58\/100\n|move|p1b: Gardevoir|Protect|p1b: Gardevoir\n|-singleturn|p1b: Gardevoir|Protect\n|move|p2b: Mr. Saxobeat|Steam Eruption|p1a: Harbor\n|-damage|p1a: Harbor|0 fnt\n|faint|p1a: Harbor\n|move|p2a: Dogecoin|Gunk Shot|p1b: Gardevoir\n|-activate|p1b: Gardevoir|move: Protect\n|\n|-weather|RainDance|[upkeep]\n|-fieldend|move: Trick Room\n|upkeep\n|\n|t:|1697850467\n|switch|p1a: Thundurus|Thundurus-Therian, M|100\/100\n|turn|7\n|\n|t:|1697850495\n|move|p2b: Mr. Saxobeat|Protect|p2b: Mr. Saxobeat\n|-singleturn|p2b: Mr. Saxobeat|Protect\n|move|p1a: Thundurus|Wildbolt Storm|p2a: Dogecoin|[spread] p2a\n|-activate|p2b: Mr. Saxobeat|move: Protect\n|-damage|p2a: Dogecoin|60\/100\n|-status|p2a: Dogecoin|par\n|move|p1b: Gardevoir|Psyshock|p2a: Dogecoin\n|-supereffective|p2a: Dogecoin\n|-damage|p2a: Dogecoin|0 fnt\n|faint|p2a: Dogecoin\n|\n|-weather|RainDance|[upkeep]\n|upkeep\n|inactive|Denvah_17 has 120 seconds left.\n|\n|t:|1697850505\n|switch|p2a: Freddy Fazbear|Ursaluna-Bloodmoon, M|100\/100\n|turn|8\n|\n|t:|1697850514\n|move|p1a: Thundurus|Wildbolt Storm|p2a: Freddy Fazbear|[spread] p2b\n|-immune|p2a: Freddy Fazbear\n|-supereffective|p2b: Mr. Saxobeat\n|-damage|p2b: Mr. Saxobeat|0 fnt\n|faint|p2b: Mr. Saxobeat\n|move|p1b: Gardevoir|Hyper Voice|p2a: Freddy Fazbear\n|-damage|p2a: Freddy Fazbear|21\/100\n|move|p2a: Freddy Fazbear|Hyper Voice|p1b: Gardevoir|[spread] p1a,p1b\n|-damage|p1a: Thundurus|53\/100\n|-damage|p1b: Gardevoir|69\/100\n|\n|-weather|RainDance|[upkeep]\n|-heal|p2a: Freddy Fazbear|27\/100|[from] item: Leftovers\n|upkeep\n|turn|9\n|-message|Denvah_17 forfeited.\n|\n|win|El Ryuk456\n|raw|El Ryuk456's rating: 1383 &rarr; <strong>1401<\/strong><br \/>(+18 for winning)\n|raw|Denvah_17's rating: 1342 &rarr; <strong>1324<\/strong><br \/>(-18 for losing)\n|l|\u2606Denvah_17\n","uploadtime":1697850526,"views":7,"p1id":"elryuk456","p2id":"denvah17","formatid":"gen9nationaldexdoubles","rating":1324,"private":0,"password":""}