{"id":"gen9nationaldexdoubles-1995769994","p1":"Tritus ELITE 4","p2":"fiyp","format":"[Gen 9] National Dex Doubles","log":"|j|\u2606Tritus ELITE 4\n|j|\u2606fiyp\n|t:|1700601486\n|gametype|doubles\n|player|p1|Tritus ELITE 4|wulfric|1231\n|player|p2|fiyp|drayden|1189\n|teamsize|p1|6\n|teamsize|p2|6\n|gen|9\n|tier|[Gen 9] National Dex Doubles\n|rated|\n|rule|HP Percentage Mod: HP is shown in percentages\n|rule|Endless Battle Clause: Forcing endless battles is banned\n|rule|OHKO Clause: OHKO moves are banned\n|rule|Evasion Moves Clause: Evasion moves are banned\n|rule|Evasion Abilities Clause: Evasion abilities are banned\n|rule|Species Clause: Limit one of each Pok\u00e9mon\n|rule|Gravity Sleep Clause: The combination of sleep-inducing moves with imperfect accuracy and Gravity or Gigantamax Orbeetle are banned\n|clearpoke\n|poke|p1|Basculegion-F, F|\n|poke|p1|Swampert, M|\n|poke|p1|Pelipper, F|\n|poke|p1|Eelektross, F|\n|poke|p1|Ludicolo, M|\n|poke|p1|Empoleon, M|\n|poke|p2|Grimmsnarl, M|\n|poke|p2|Hatterene, F|\n|poke|p2|Shaymin-Sky|\n|poke|p2|Chi-Yu|\n|poke|p2|Dragapult, F|\n|poke|p2|Ninetales-Alola, F|\n|teampreview\n|inactive|Battle timer is ON: inactive players will automatically lose when time's up. (requested by fiyp)\n|c|\u2606fiyp|hello wet motherfucker\n|\n|t:|1700601498\n|start\n|switch|p1a: Pelipper|Pelipper, F|100\/100\n|switch|p1b: Ludicolo|Ludicolo, M, shiny|100\/100\n|switch|p2a: Shaymin|Shaymin-Sky|100\/100\n|switch|p2b: Ninetales|Ninetales-Alola, F|100\/100\n|-weather|Snow|[from] ability: Snow Warning|[of] p2b: Ninetales\n|-weather|RainDance|[from] ability: Drizzle|[of] p1a: Pelipper\n|turn|1\n|\n|t:|1700601519\n|move|p2a: Shaymin|Tailwind|p2a: Shaymin\n|-sidestart|p2: fiyp|move: Tailwind\n|move|p2b: Ninetales|Misty Terrain|p2b: Ninetales\n|-fieldstart|move: Misty Terrain\n|-enditem|p2b: Ninetales|Misty Seed\n|-boost|p2b: Ninetales|spd|1|[from] item: Misty Seed\n|move|p1b: Ludicolo|Swords Dance|p1b: Ludicolo\n|-boost|p1b: Ludicolo|atk|2\n|move|p1a: Pelipper|Hurricane|p2a: Shaymin\n|-supereffective|p2a: Shaymin\n|-damage|p2a: Shaymin|7\/100\n|\n|-weather|RainDance|[upkeep]\n|upkeep\n|turn|2\n|\n|t:|1700601544\n|move|p2a: Shaymin|Air Slash|p1b: Ludicolo\n|-supereffective|p1b: Ludicolo\n|-damage|p1b: Ludicolo|20\/100\n|move|p2b: Ninetales|Moonblast|p1b: Ludicolo\n|-damage|p1b: Ludicolo|0 fnt\n|faint|p1b: Ludicolo\n|move|p1a: Pelipper|Tailwind|p1a: Pelipper\n|-sidestart|p1: Tritus ELITE 4|move: Tailwind\n|\n|-weather|RainDance|[upkeep]\n|upkeep\n|\n|t:|1700601553\n|switch|p1b: Swampert|Swampert, M|100\/100\n|turn|3\n|\n|t:|1700601559\n|detailschange|p1b: Swampert|Swampert-Mega, M\n|-mega|p1b: Swampert|Swampert|Swampertite\n|move|p2a: Shaymin|Seed Flare|p1b: Swampert\n|-supereffective|p1b: Swampert\n|-damage|p1b: Swampert|0 fnt\n|faint|p1b: Swampert\n|move|p2b: Ninetales|Moonblast|p1a: Pelipper\n|-damage|p1a: Pelipper|58\/100\n|-unboost|p1a: Pelipper|spa|1\n|move|p1a: Pelipper|U-turn|p2a: Shaymin\n|-damage|p2a: Shaymin|0 fnt\n|faint|p2a: Shaymin\n|\n|t:|1700601569\n|switch|p1a: Empoleon|Empoleon, M|100\/100|[from] U-turn\n|\n|-weather|RainDance|[upkeep]\n|upkeep\n|\n|t:|1700601575\n|switch|p2a: Hatterene|Hatterene, F|100\/100\n|switch|p1b: Pelipper|Pelipper, F|58\/100\n|turn|4\n|\n|t:|1700601587\n|move|p2b: Ninetales|Moonblast|p1a: Empoleon\n|-resisted|p1a: Empoleon\n|-damage|p1a: Empoleon|89\/100\n|-unboost|p1a: Empoleon|spa|1\n|-ability|p1a: Empoleon|Competitive|boost\n|-boost|p1a: Empoleon|spa|2\n|move|p1b: Pelipper|Hurricane|p2a: Hatterene\n|-damage|p2a: Hatterene|61\/100\n|move|p1a: Empoleon|Flash Cannon|p2b: Ninetales\n|-supereffective|p2b: Ninetales\n|-damage|p2b: Ninetales|0 fnt\n|faint|p2b: Ninetales\n|move|p2a: Hatterene|Misty Explosion|p1a: Empoleon|[spread] p1a,p1b\n|-resisted|p1a: Empoleon\n|-damage|p1a: Empoleon|59\/100\n|-damage|p1b: Pelipper|0 fnt\n|faint|p2a: Hatterene\n|faint|p1b: Pelipper\n|\n|-weather|RainDance|[upkeep]\n|-sideend|p2: fiyp|move: Tailwind\n|upkeep\n|\n|t:|1700601607\n|switch|p2b: Dragapult|Dragapult, F|100\/100\n|switch|p1b: Basculegion|Basculegion-F, F|100\/100\n|switch|p2a: Grimmsnarl|Grimmsnarl, M|100\/100\n|turn|5\n|\n|t:|1700601617\n|-terastallize|p2b: Dragapult|Dragon\n|move|p2a: Grimmsnarl|Fake Out|p1a: Empoleon\n|-resisted|p1a: Empoleon\n|-damage|p1a: Empoleon|50\/100\n|move|p1b: Basculegion|Last Respects|p2b: Dragapult\n|-damage|p2b: Dragapult|0 fnt\n|faint|p2b: Dragapult\n|-damage|p1b: Basculegion|91\/100|[from] item: Life Orb\n|cant|p1a: Empoleon|flinch\n|\n|-weather|none\n|-sideend|p1: Tritus ELITE 4|move: Tailwind\n|-fieldend|Misty Terrain\n|upkeep\n|\n|t:|1700601625\n|switch|p2b: Chi-Yu|Chi-Yu|100\/100\n|-ability|p2b: Chi-Yu|Beads of Ruin\n|turn|6\n|\n|t:|1700601637\n|-terastallize|p1b: Basculegion|Ghost\n|move|p2a: Grimmsnarl|Thunder Wave|p1b: Basculegion\n|-status|p1b: Basculegion|par\n|move|p2b: Chi-Yu|Dark Pulse|p1b: Basculegion\n|-supereffective|p1b: Basculegion\n|-damage|p1b: Basculegion|0 fnt\n|faint|p1b: Basculegion\n|-damage|p2b: Chi-Yu|91\/100|[from] item: Life Orb\n|move|p1a: Empoleon|Flash Cannon|p2a: Grimmsnarl\n|-supereffective|p2a: Grimmsnarl\n|-crit|p2a: Grimmsnarl\n|-damage|p2a: Grimmsnarl|0 fnt\n|faint|p2a: Grimmsnarl\n|\n|upkeep\n|c|\u2606fiyp|ups\n|\n|t:|1700601653\n|switch|p1b: Eelektross|Eelektross, F|100\/100\n|turn|7\n|\n|t:|1700601661\n|move|p2b: Chi-Yu|Heat Wave|p1b: Eelektross|[spread] p1a,p1b\n|-damage|p1a: Empoleon|8\/100\n|-damage|p1b: Eelektross|42\/100\n|-status|p1a: Empoleon|brn\n|-damage|p2b: Chi-Yu|81\/100|[from] item: Life Orb\n|move|p1a: Empoleon|Air Slash|p2b: Chi-Yu\n|-damage|p2b: Chi-Yu|46\/100\n|move|p1b: Eelektross|Liquidation|p2b: Chi-Yu\n|-supereffective|p2b: Chi-Yu\n|-damage|p2b: Chi-Yu|0 fnt\n|faint|p2b: Chi-Yu\n|\n|win|Tritus ELITE 4\n|raw|Tritus ELITE 4's rating: 1231 &rarr; <strong>1253<\/strong><br \/>(+22 for winning)\n|raw|fiyp's rating: 1189 &rarr; <strong>1167<\/strong><br \/>(-22 for losing)\n","uploadtime":1700601497,"views":0,"p1id":"trituselite4","p2id":"fiyp","formatid":"gen9nationaldexdoubles","rating":1167,"private":0,"password":""}