{"id":"gen9nationaldexdoubles-1992978590","p1":"aussieo1","p2":"aWildTito","format":"[Gen 9] National Dex Doubles","log":"|j|\u2606aussieo1\n|j|\u2606aWildTito\n|t:|1700252177\n|gametype|doubles\n|player|p1|aussieo1|266|1011\n|player|p2|aWildTito|benga|1000\n|teamsize|p1|6\n|teamsize|p2|6\n|gen|9\n|tier|[Gen 9] National Dex Doubles\n|rated|\n|rule|HP Percentage Mod: HP is shown in percentages\n|rule|Endless Battle Clause: Forcing endless battles is banned\n|rule|OHKO Clause: OHKO moves are banned\n|rule|Evasion Moves Clause: Evasion moves are banned\n|rule|Evasion Abilities Clause: Evasion abilities are banned\n|rule|Species Clause: Limit one of each Pok\u00e9mon\n|rule|Gravity Sleep Clause: The combination of sleep-inducing moves with imperfect accuracy and Gravity or Gigantamax Orbeetle are banned\n|clearpoke\n|poke|p1|Zeraora|\n|poke|p1|Kyurem|\n|poke|p1|Silvally-*|\n|poke|p1|Inteleon, M|\n|poke|p1|Landorus, M|\n|poke|p1|Blaziken, F|\n|poke|p2|Sneasler, M|\n|poke|p2|Tapu Koko|\n|poke|p2|Grimmsnarl, M|\n|poke|p2|Cresselia, F|\n|poke|p2|Heatran, F|\n|poke|p2|Murkrow, M|\n|teampreview\n|inactive|Battle timer is ON: inactive players will automatically lose when time's up. (requested by aWildTito)\n|\n|t:|1700252195\n|start\n|switch|p1a: Landorus|Landorus, M, shiny|100\/100\n|switch|p1b: Silvally|Silvally-Poison, shiny|100\/100\n|switch|p2a: Tapu Koko|Tapu Koko|100\/100\n|switch|p2b: Grimmsnarl|Grimmsnarl, M|100\/100\n|-fieldstart|move: Electric Terrain|[from] ability: Electric Surge|[of] p2a: Tapu Koko\n|turn|1\n|inactive|aWildTito has 120 seconds left.\n|\n|t:|1700252230\n|-terastallize|p1b: Silvally|Poison\n|move|p2b: Grimmsnarl|Parting Shot|p1a: Landorus\n|-unboost|p1a: Landorus|atk|1\n|-unboost|p1a: Landorus|spa|1\n|\n|t:|1700252238\n|switch|p2b: Heatran|Heatran, F|100\/100|[from] Parting Shot\n|move|p2a: Tapu Koko|U-turn|p1b: Silvally\n|-resisted|p1b: Silvally\n|-damage|p1b: Silvally|91\/100\n|\n|t:|1700252248\n|switch|p2a: Murkrow|Murkrow, M|100\/100|[from] U-turn\n|move|p1a: Landorus|Earth Power|p2a: Murkrow\n|-immune|p2a: Murkrow\n|move|p1b: Silvally|Poison Fang|p2b: Heatran\n|-immune|p2b: Heatran\n|\n|upkeep\n|turn|2\n|inactive|aWildTito has 120 seconds left.\n|inactive|aussieo1 has 120 seconds left.\n|\n|t:|1700252286\n|switch|p1a: Inteleon|Inteleon, M, shiny|100\/100\n|-terastallize|p2b: Heatran|Grass\n|move|p2a: Murkrow|Tailwind|p2a: Murkrow\n|-sidestart|p2: aWildTito|move: Tailwind\n|move|p2b: Heatran|Earth Power|p1b: Silvally\n|-supereffective|p1b: Silvally\n|-damage|p1b: Silvally|21\/100\n|move|p1b: Silvally|Ice Fang|p2a: Murkrow\n|-supereffective|p2a: Murkrow\n|-damage|p2a: Murkrow|63\/100\n|\n|upkeep\n|turn|3\n|inactive|aussieo1 has 120 seconds left.\n|inactive|aWildTito has 120 seconds left.\n|\n|t:|1700252313\n|switch|p1b: Landorus|Landorus, M, shiny|100\/100\n|move|p2a: Murkrow|Foul Play|p1b: Landorus\n|-damage|p1b: Landorus|59\/100\n|move|p2b: Heatran|Tera Blast|p1a: Inteleon|[anim] Tera Blast Grass\n|-supereffective|p1a: Inteleon\n|-damage|p1a: Inteleon|0 fnt\n|faint|p1a: Inteleon\n|\n|upkeep\n|inactive|aussieo1 has 120 seconds left.\n|\n|t:|1700252328\n|switch|p1a: Zeraora|Zeraora, shiny|100\/100\n|turn|4\n|\n|t:|1700252345\n|move|p2a: Murkrow|Protect|p2a: Murkrow\n|-singleturn|p2a: Murkrow|Protect\n|move|p1a: Zeraora|Plasma Fists|p2a: Murkrow\n|-activate|p2a: Murkrow|move: Protect\n|move|p2b: Heatran|Earth Power|p1a: Zeraora\n|-supereffective|p1a: Zeraora\n|-damage|p1a: Zeraora|0 fnt\n|faint|p1a: Zeraora\n|move|p1b: Landorus|Earth Power|p2b: Heatran\n|-resisted|p2b: Heatran\n|-crit|p2b: Heatran\n|-damage|p2b: Heatran|78\/100\n|\n|upkeep\n|inactive|aussieo1 has 120 seconds left.\n|\n|t:|1700252364\n|switch|p1a: Blaziken|Blaziken, F|100\/100\n|turn|5\n|-message|aussieo1 forfeited.\n|\n|win|aWildTito\n|raw|aussieo1's rating: 1011 &rarr; <strong>1000<\/strong><br \/>(-11 for losing)\n|raw|aWildTito's rating: 1000 &rarr; <strong>1041<\/strong><br \/>(+41 for winning)\n|l|\u2606aussieo1\n","uploadtime":1700252400,"views":8,"p1id":"aussieo1","p2id":"awildtito","formatid":"gen9nationaldexdoubles","rating":1000,"private":0,"password":""}