{"id":"gen9nationaldexdoubles-1956668416","p1":"TheblackGotenks","p2":"Mrunal","format":"[Gen 9] National Dex Doubles","log":"|j|\u2606TheblackGotenks\n|j|\u2606Mrunal\n|t:|1696133037\n|gametype|doubles\n|player|p1|TheblackGotenks|ghetsis-gen5bw|\n|player|p2|Mrunal|170|\n|teamsize|p1|6\n|teamsize|p2|6\n|gen|9\n|tier|[Gen 9] National Dex Doubles\n|rule|HP Percentage Mod: HP is shown in percentages\n|rule|Endless Battle Clause: Forcing endless battles is banned\n|rule|OHKO Clause: OHKO moves are banned\n|rule|Evasion Moves Clause: Evasion moves are banned\n|rule|Evasion Abilities Clause: Evasion abilities are banned\n|rule|Species Clause: Limit one of each Pok\u00e9mon\n|rule|Gravity Sleep Clause: The combination of sleep-inducing moves with imperfect accuracy and Gravity or Gigantamax Orbeetle are banned\n|clearpoke\n|poke|p1|Iron Valiant|\n|poke|p1|Indeedee-F, F|\n|poke|p1|Clefairy, F|\n|poke|p1|Togekiss, M|\n|poke|p1|Azumarill, M|\n|poke|p1|Incineroar, F|\n|poke|p2|Dragonite, M|\n|poke|p2|Salamence, F|\n|poke|p2|Garchomp, M|\n|poke|p2|Haxorus, F|\n|poke|p2|Dragapult, F|\n|poke|p2|Hydreigon, M|\n|teampreview\n|inactive|Battle timer is ON: inactive players will automatically lose when time's up. (requested by Mrunal)\n|c|\u2606TheblackGotenks|Everything good?\n|l|\u2606TheblackGotenks\n|inactive|TheblackGotenks disconnected and has 300 seconds to reconnect!\n|player|p1|\n|j|\u2606TheblackGotenks\n|inactive|TheblackGotenks reconnected and has 275 seconds left.\n|player|p1|TheblackGotenks|ghetsis-gen5bw\n|c|\u2606Mrunal|Yes\n|inactive|TheblackGotenks has 270 seconds left.\n|\n|t:|1696133094\n|start\n|switch|p1a: Clefairy|Clefairy, F|100\/100\n|switch|p1b: Iron Valiant|Iron Valiant|100\/100\n|switch|p2a: Dragonite|Dragonite, M|100\/100\n|switch|p2b: Dragapult|Dragapult, F|100\/100\n|-enditem|p1b: Iron Valiant|Booster Energy\n|-activate|p1b: Iron Valiant|ability: Quark Drive|[fromitem]\n|-start|p1b: Iron Valiant|quarkdrivespe\n|turn|1\n|\n|t:|1696133118\n|move|p1a: Clefairy|Follow Me|p1a: Clefairy\n|-singleturn|p1a: Clefairy|move: Follow Me\n|move|p1b: Iron Valiant|Calm Mind|p1b: Iron Valiant\n|-boost|p1b: Iron Valiant|spa|1\n|-boost|p1b: Iron Valiant|spd|1\n|move|p2b: Dragapult|Light Screen|p2b: Dragapult\n|-sidestart|p2: Mrunal|move: Light Screen\n|move|p2a: Dragonite|Tailwind|p2a: Dragonite\n|-sidestart|p2: Mrunal|move: Tailwind\n|\n|upkeep\n|turn|2\n|\n|t:|1696133136\n|move|p2a: Dragonite|Extreme Speed|p1b: Iron Valiant\n|-damage|p1b: Iron Valiant|70\/100\n|move|p1a: Clefairy|Follow Me|p1a: Clefairy\n|-singleturn|p1a: Clefairy|move: Follow Me\n|move|p2b: Dragapult|Thunder Wave|p1a: Clefairy\n|-status|p1a: Clefairy|par\n|move|p1b: Iron Valiant|Calm Mind|p1b: Iron Valiant\n|-boost|p1b: Iron Valiant|spa|1\n|-boost|p1b: Iron Valiant|spd|1\n|\n|upkeep\n|turn|3\n|\n|t:|1696133151\n|move|p1a: Clefairy|Follow Me|p1a: Clefairy\n|-singleturn|p1a: Clefairy|move: Follow Me\n|move|p2b: Dragapult|Hex|p1a: Clefairy\n|-damage|p1a: Clefairy|75\/100 par\n|move|p1b: Iron Valiant|Dazzling Gleam|p2a: Dragonite|[spread] p2a,p2b\n|-supereffective|p2a: Dragonite\n|-supereffective|p2b: Dragapult\n|-crit|p2b: Dragapult\n|-damage|p2a: Dragonite|63\/100\n|-damage|p2b: Dragapult|0 fnt\n|faint|p2b: Dragapult\n|move|p2a: Dragonite|Earthquake|p1a: Clefairy|[spread] p1a,p1b\n|-crit|p1a: Clefairy\n|-damage|p1a: Clefairy|24\/100 par\n|-damage|p1b: Iron Valiant|42\/100\n|\n|-heal|p2a: Dragonite|69\/100|[from] item: Leftovers\n|upkeep\n|\n|t:|1696133167\n|switch|p2b: Haxorus|Haxorus, F|100\/100\n|-ability|p2b: Haxorus|Mold Breaker\n|turn|4\n|\n|t:|1696133184\n|move|p1a: Clefairy|Helping Hand|p1b: Iron Valiant\n|-singleturn|p1b: Iron Valiant|Helping Hand|[of] p1a: Clefairy\n|move|p2b: Haxorus|Protect|p2b: Haxorus\n|-singleturn|p2b: Haxorus|Protect\n|move|p2a: Dragonite|Extreme Speed|p1b: Iron Valiant\n|-damage|p1b: Iron Valiant|14\/100\n|move|p1b: Iron Valiant|Dazzling Gleam|p2b: Haxorus|[spread] p2a\n|-activate|p2b: Haxorus|move: Protect\n|-supereffective|p2a: Dragonite\n|-damage|p2a: Dragonite|0 fnt\n|faint|p2a: Dragonite\n|\n|-sideend|p2: Mrunal|move: Tailwind\n|upkeep\n|inactive|Mrunal has 270 seconds left.\n|\n|t:|1696133204\n|switch|p2a: Salamence|Salamence, F|100\/100\n|turn|5\n|\n|t:|1696133215\n|switch|p2b: Garchomp|Garchomp, M|100\/100\n|move|p1a: Clefairy|Helping Hand|p1b: Iron Valiant\n|-singleturn|p1b: Iron Valiant|Helping Hand|[of] p1a: Clefairy\n|move|p1b: Iron Valiant|Dazzling Gleam|p2a: Salamence|[spread] p2a,p2b\n|-supereffective|p2a: Salamence\n|-supereffective|p2b: Garchomp\n|-damage|p2a: Salamence|9\/100\n|-damage|p2b: Garchomp|0 fnt\n|faint|p2b: Garchomp\n|move|p2a: Salamence|Dual Wingbeat|p1b: Iron Valiant\n|-supereffective|p1b: Iron Valiant\n|-damage|p1b: Iron Valiant|0 fnt\n|faint|p1b: Iron Valiant\n|-end|p1b: Iron Valiant|Quark Drive|[silent]\n|-ability|p2a: Salamence|Moxie|boost\n|-boost|p2a: Salamence|atk|1\n|-hitcount|p1: Iron Valiant|1\n|\n|upkeep\n|\n|t:|1696133237\n|switch|p1b: Incineroar|Incineroar, F|100\/100\n|switch|p2b: Haxorus|Haxorus, F|100\/100\n|-ability|p2b: Haxorus|Mold Breaker\n|-ability|p1b: Incineroar|Intimidate|boost\n|-unboost|p2a: Salamence|atk|1\n|-unboost|p2b: Haxorus|atk|1\n|turn|6\n|\n|t:|1696133249\n|move|p1b: Incineroar|Fake Out|p2a: Salamence\n|-damage|p2a: Salamence|0 fnt\n|faint|p2a: Salamence\n|move|p2b: Haxorus|Poison Jab|p1a: Clefairy\n|-supereffective|p1a: Clefairy\n|-damage|p1a: Clefairy|0 fnt\n|faint|p1a: Clefairy\n|\n|upkeep\n|\n|t:|1696133261\n|switch|p2a: Hydreigon|Hydreigon, M|100\/100\n|switch|p1a: Togekiss|Togekiss, M|100\/100\n|turn|7\n|\n|t:|1696133271\n|move|p2a: Hydreigon|Flash Cannon|p1a: Togekiss\n|-supereffective|p1a: Togekiss\n|-damage|p1a: Togekiss|20\/100\n|move|p2b: Haxorus|Poison Jab|p1a: Togekiss\n|-supereffective|p1a: Togekiss\n|-damage|p1a: Togekiss|0 fnt\n|faint|p1a: Togekiss\n|move|p1b: Incineroar|Parting Shot|p2a: Hydreigon\n|-unboost|p2a: Hydreigon|atk|1\n|-unboost|p2a: Hydreigon|spa|1\n|\n|t:|1696133277\n|switch|p1b: Azumarill|Azumarill, M|100\/100|[from] Parting Shot\n|\n|upkeep\n|\n|t:|1696133281\n|switch|p1a: Incineroar|Incineroar, F|100\/100\n|-ability|p1a: Incineroar|Intimidate|boost\n|-unboost|p2a: Hydreigon|atk|1\n|-unboost|p2b: Haxorus|atk|1\n|turn|8\n|\n|t:|1696133291\n|move|p2a: Hydreigon|Flash Cannon|p1b: Azumarill\n|-damage|p1b: Azumarill|71\/100\n|move|p2b: Haxorus|Poison Jab|p1b: Azumarill\n|-supereffective|p1b: Azumarill\n|-damage|p1b: Azumarill|25\/100\n|move|p1a: Incineroar|Knock Off|p2b: Haxorus\n|-damage|p2b: Haxorus|48\/100\n|-enditem|p2b: Haxorus|Choice Band|[from] move: Knock Off|[of] p1a: Incineroar\n|move|p1b: Azumarill|Play Rough|p2a: Hydreigon\n|-supereffective|p2a: Hydreigon\n|-damage|p2a: Hydreigon|0 fnt\n|faint|p2a: Hydreigon\n|\n|-sideend|p2: Mrunal|move: Light Screen\n|upkeep\n|turn|9\n|\n|t:|1696133313\n|move|p2b: Haxorus|Poison Jab|p1b: Azumarill\n|-supereffective|p1b: Azumarill\n|-damage|p1b: Azumarill|0 fnt\n|faint|p1b: Azumarill\n|move|p1a: Incineroar|Knock Off|p2b: Haxorus\n|-damage|p2b: Haxorus|14\/100\n|\n|upkeep\n|\n|t:|1696133315\n|switch|p1b: Indeedee|Indeedee-F, F|100\/100\n|-fieldstart|move: Psychic Terrain|[from] ability: Psychic Surge|[of] p1b: Indeedee\n|turn|10\n|\n|t:|1696133325\n|move|p2b: Haxorus|Protect|p2b: Haxorus\n|-singleturn|p2b: Haxorus|Protect\n|move|p1a: Incineroar|Knock Off|p2b: Haxorus\n|-activate|p2b: Haxorus|move: Protect\n|move|p1b: Indeedee|Dazzling Gleam|p2b: Haxorus\n|-activate|p2b: Haxorus|move: Protect\n|\n|upkeep\n|turn|11\n|\n|t:|1696133334\n|move|p2b: Haxorus|Outrage|p1a: Incineroar\n|-damage|p1a: Incineroar|69\/100\n|move|p1a: Incineroar|Knock Off|p2b: Haxorus\n|-damage|p2b: Haxorus|0 fnt\n|faint|p2b: Haxorus\n|\n|win|TheblackGotenks\n|c|\u2606TheblackGotenks|Gg\n|c|\u2606Mrunal|Gg\n|l|\u2606Mrunal\n|j|\u2606Mrunal\n|player|p2|Mrunal|170\n","uploadtime":1696133350,"views":15,"p1id":"theblackgotenks","p2id":"mrunal","formatid":"gen9nationaldexdoubles","rating":0,"private":0,"password":""}