{"id":"gen9nationaldexdoubles-1955603216","p1":"water10122246","p2":"HeroTTM","format":"[Gen 9] National Dex Doubles","log":"|j|\u203dwater10122246\n|j|\u2606HeroTTM\n|t:|1696011253\n|gametype|doubles\n|player|p1|water10122246|102|1129\n|player|p2|HeroTTM|265|1055\n|teamsize|p1|6\n|teamsize|p2|6\n|gen|9\n|tier|[Gen 9] National Dex Doubles\n|rated|\n|rule|HP Percentage Mod: HP is shown in percentages\n|rule|Endless Battle Clause: Forcing endless battles is banned\n|rule|OHKO Clause: OHKO moves are banned\n|rule|Evasion Moves Clause: Evasion moves are banned\n|rule|Evasion Abilities Clause: Evasion abilities are banned\n|rule|Species Clause: Limit one of each Pok\u00e9mon\n|rule|Gravity Sleep Clause: The combination of sleep-inducing moves with imperfect accuracy and Gravity or Gigantamax Orbeetle are banned\n|clearpoke\n|poke|p1|Smeargle, M|\n|poke|p1|Golem-Alola, M|\n|poke|p1|Tornadus, M|\n|poke|p1|Landorus-Therian, M|\n|poke|p1|Diancie|\n|poke|p1|Pawmot, M|\n|poke|p2|Ribombee, F|\n|poke|p2|Mawile, F|\n|poke|p2|Fezandipiti, M|\n|poke|p2|Mimikyu, M|\n|poke|p2|Enamorus, F|\n|poke|p2|Dedenne, F|\n|teampreview\n|inactive|Battle timer is ON: inactive players will automatically lose when time's up. (requested by water10122246)\n|\n|t:|1696011272\n|start\n|switch|p1a: Smeargle|Smeargle, M, shiny|100\/100\n|switch|p1b: Golem|Golem-Alola, M, shiny|100\/100\n|switch|p2a: Fezandipiti|Fezandipiti, M|100\/100\n|switch|p2b: Ribombee|Ribombee, F|100\/100\n|turn|1\n|\n|t:|1696011281\n|move|p1a: Smeargle|Silk Trap|p1a: Smeargle\n|-singleturn|p1a: Smeargle|Protect\n|move|p2b: Ribombee|Quiver Dance|p2b: Ribombee\n|-boost|p2b: Ribombee|spa|1\n|-boost|p2b: Ribombee|spd|1\n|-boost|p2b: Ribombee|spe|1\n|move|p2a: Fezandipiti|Icy Wind|p1a: Smeargle|[spread] p1b\n|-activate|p1a: Smeargle|move: Protect\n|-damage|p1b: Golem|89\/100\n|-unboost|p1b: Golem|spe|1\n|move|p1b: Golem|Explosion|p2b: Ribombee|[spread] p2a,p2b\n|-activate|p1a: Smeargle|move: Protect\n|-damage|p2a: Fezandipiti|0 fnt\n|-damage|p2b: Ribombee|0 fnt\n|faint|p1b: Golem\n|faint|p2a: Fezandipiti\n|faint|p2b: Ribombee\n|\n|-ability|p1a: Smeargle|Moody|boost\n|-boost|p1a: Smeargle|spe|2\n|-unboost|p1a: Smeargle|def|1\n|upkeep\n|\n|t:|1696011307\n|switch|p2b: Enamorus|Enamorus, F|100\/100\n|switch|p2a: Mawile|Mawile, F|100\/100\n|switch|p1b: Tornadus|Tornadus, M|100\/100\n|turn|2\n|\n|t:|1696011322\n|detailschange|p2a: Mawile|Mawile-Mega, F\n|-mega|p2a: Mawile|Mawile|Mawilite\n|move|p1a: Smeargle|Revival Blessing|p1a: Smeargle\n|-enditem|p1a: Smeargle|Leppa Berry|[eat]\n|-activate|p1a: Smeargle|item: Leppa Berry|Revival Blessing|[consumed]\n|\n|t:|1696011326\n|-heal|p1: Golem|50\/100|[from] move: Revival Blessing\n|move|p1b: Tornadus|Icy Wind|p2a: Mawile|[spread] p2a,p2b\n|-resisted|p2a: Mawile\n|-supereffective|p2b: Enamorus\n|-crit|p2b: Enamorus\n|-damage|p2a: Mawile|93\/100\n|-damage|p2b: Enamorus|60\/100\n|-unboost|p2a: Mawile|spe|1\n|-boost|p2b: Enamorus|spe|1\n|move|p2b: Enamorus|Superpower|p1a: Smeargle\n|-supereffective|p1a: Smeargle\n|-damage|p1a: Smeargle|0 fnt\n|-boost|p2b: Enamorus|atk|1\n|-boost|p2b: Enamorus|def|1\n|faint|p1a: Smeargle\n|move|p2a: Mawile|Iron Head|p1b: Tornadus\n|-damage|p1b: Tornadus|0 fnt\n|faint|p1b: Tornadus\n|\n|upkeep\n|\n|t:|1696011347\n|switch|p1b: Golem|Golem-Alola, M, shiny|50\/100\n|switch|p1a: Landorus|Landorus-Therian, M|100\/100\n|-ability|p1a: Landorus|Intimidate|boost\n|-unboost|p2a: Mawile|atk|1\n|-boost|p2b: Enamorus|atk|1\n|turn|3\n|\n|t:|1696011373\n|-terastallize|p1b: Golem|Electric\n|move|p2b: Enamorus|Superpower|p1b: Golem\n|-damage|p1b: Golem|0 fnt\n|-boost|p2b: Enamorus|atk|1\n|-boost|p2b: Enamorus|def|1\n|faint|p1b: Golem\n|move|p1a: Landorus|Rock Slide|p2a: Mawile|[spread] p2a,p2b\n|-resisted|p2a: Mawile\n|-supereffective|p2b: Enamorus\n|-damage|p2a: Mawile|79\/100\n|-damage|p2b: Enamorus|13\/100\n|cant|p2a: Mawile|flinch\n|\n|upkeep\n|\n|t:|1696011385\n|switch|p1b: Diancie|Diancie|100\/100\n|turn|4\n|\n|t:|1696011408\n|detailschange|p1b: Diancie|Diancie-Mega\n|-mega|p1b: Diancie|Diancie|Diancite\n|move|p2a: Mawile|Sucker Punch|p1a: Landorus\n|-damage|p1a: Landorus|64\/100\n|move|p2b: Enamorus|Iron Head|p1b: Diancie\n|-supereffective|p1b: Diancie\n|-damage|p1b: Diancie|0 fnt\n|faint|p1b: Diancie\n|move|p1a: Landorus|Rock Slide|p2b: Enamorus|[spread] p2b\n|-miss|p1a: Landorus|p2a: Mawile\n|-supereffective|p2b: Enamorus\n|-crit|p2b: Enamorus\n|-damage|p2b: Enamorus|0 fnt\n|faint|p2b: Enamorus\n|\n|upkeep\n|\n|t:|1696011430\n|switch|p1b: Pawmot|Pawmot, M|100\/100\n|switch|p2b: Dedenne|Dedenne, F|100\/100\n|turn|5\n|\n|t:|1696011443\n|switch|p2a: Mimikyu|Mimikyu, M|100\/100\n|move|p1b: Pawmot|Revival Blessing|p1b: Pawmot\n|-enditem|p1b: Pawmot|Leppa Berry|[eat]\n|-activate|p1b: Pawmot|item: Leppa Berry|Revival Blessing|[consumed]\n|\n|t:|1696011450\n|-heal|p1: Smeargle|50\/100|[from] move: Revival Blessing\n|move|p2b: Dedenne|Dazzling Gleam|p1a: Landorus|[spread] p1a,p1b\n|-supereffective|p1b: Pawmot\n|-damage|p1a: Landorus|37\/100\n|-damage|p1b: Pawmot|15\/100\n|move|p1a: Landorus|Rock Slide|p2a: Mimikyu|[spread] p2a,p2b\n|-activate|p2a: Mimikyu|ability: Disguise\n|-damage|p2a: Mimikyu|100\/100\n|-damage|p2b: Dedenne|36\/100\n|detailschange|p2a: Mimikyu|Mimikyu-Busted, M\n|-damage|p2a: Mimikyu|88\/100|[from] pokemon: Mimikyu-Busted\n|\n|upkeep\n|turn|6\n|\n|t:|1696011475\n|move|p1b: Pawmot|Revival Blessing|p1b: Pawmot\n|\n|t:|1696011477\n|-heal|p1: Golem|50\/100|[from] move: Revival Blessing\n|move|p2b: Dedenne|Dazzling Gleam|p1b: Pawmot|[spread] p1a,p1b\n|-supereffective|p1b: Pawmot\n|-damage|p1a: Landorus|10\/100\n|-damage|p1b: Pawmot|0 fnt\n|faint|p1b: Pawmot\n|move|p2a: Mimikyu|Trailblaze|p1a: Landorus\n|-damage|p1a: Landorus|0 fnt\n|-boost|p2a: Mimikyu|spe|1\n|faint|p1a: Landorus\n|\n|upkeep\n|\n|t:|1696011486\n|switch|p1b: Smeargle|Smeargle, M, shiny|50\/100\n|switch|p1a: Golem|Golem-Alola, M, shiny|50\/100\n|turn|7\n|\n|t:|1696011514\n|move|p1b: Smeargle|Silk Trap|p1b: Smeargle\n|-singleturn|p1b: Smeargle|Protect\n|move|p2a: Mimikyu|Play Rough|p1a: Golem\n|-damage|p1a: Golem|17\/100\n|-unboost|p1a: Golem|atk|1\n|move|p2b: Dedenne|Dazzling Gleam|p1a: Golem|[spread] p1a\n|-activate|p1b: Smeargle|move: Protect\n|-damage|p1a: Golem|0 fnt\n|faint|p1a: Golem\n|\n|-ability|p1b: Smeargle|Moody|boost\n|-boost|p1b: Smeargle|def|2\n|-unboost|p1b: Smeargle|spd|1\n|upkeep\n|turn|8\n|\n|t:|1696011533\n|move|p2a: Mimikyu|Play Rough|p1b: Smeargle\n|-damage|p1b: Smeargle|10\/100\n|move|p2b: Dedenne|Dazzling Gleam|p1b: Smeargle\n|-damage|p1b: Smeargle|0 fnt\n|faint|p1b: Smeargle\n|\n|win|HeroTTM\n|raw|water10122246's rating: 1129 &rarr; <strong>1099<\/strong><br \/>(-30 for losing)\n|raw|HeroTTM's rating: 1055 &rarr; <strong>1093<\/strong><br \/>(+38 for winning)\n|l|\u2606HeroTTM\n|j|\u2606HeroTTM\n|player|p2|HeroTTM|265\n","uploadtime":1696011931,"views":5,"p1id":"water10122246","p2id":"herottm","formatid":"gen9nationaldexdoubles","rating":1093,"private":0,"password":""}