{"id":"gen9nationaldexdoubles-1975540411","p1":"Dino32400","p2":"Roy Kasoy","format":"[Gen 9] National Dex Doubles","log":"|j|\u2606Dino32400\n|j|\u2606Roy Kasoy\n|t:|1698202540\n|gametype|doubles\n|player|p1|Dino32400|hilbert|\n|player|p2|Roy Kasoy|hilbert|\n|teamsize|p1|6\n|teamsize|p2|6\n|gen|9\n|tier|[Gen 9] National Dex Doubles\n|rule|HP Percentage Mod: HP is shown in percentages\n|rule|Endless Battle Clause: Forcing endless battles is banned\n|rule|OHKO Clause: OHKO moves are banned\n|rule|Evasion Moves Clause: Evasion moves are banned\n|rule|Evasion Abilities Clause: Evasion abilities are banned\n|rule|Species Clause: Limit one of each Pok\u00e9mon\n|rule|Gravity Sleep Clause: The combination of sleep-inducing moves with imperfect accuracy and Gravity or Gigantamax Orbeetle are banned\n|clearpoke\n|poke|p1|Scorbunny, M|\n|poke|p1|Riolu, F|\n|poke|p1|Mudkip, F|\n|poke|p1|Treecko, M|\n|poke|p1|Charmander, F|\n|poke|p1|Bulbasaur, M|\n|poke|p2|Bulbasaur, M|\n|poke|p2|Litten, F|\n|poke|p2|Squirtle, M|\n|poke|p2|Larvitar, M|\n|poke|p2|Pikachu, F|\n|poke|p2|Riolu, M|\n|teampreview\n|\n|t:|1698202593\n|start\n|switch|p1a: Scorbunny|Scorbunny, M|100\/100\n|switch|p1b: Riolu|Riolu, F|100\/100\n|switch|p2a: Pikachu|Pikachu, F|100\/100\n|switch|p2b: Bulbasaur|Bulbasaur, M|100\/100\n|turn|1\n|inactive|Battle timer is ON: inactive players will automatically lose when time's up. (requested by Roy Kasoy)\n|\n|t:|1698202668\n|move|p2a: Pikachu|Fake Out|p1a: Scorbunny\n|-damage|p1a: Scorbunny|60\/100\n|cant|p1a: Scorbunny|flinch\n|move|p1b: Riolu|Rock Slide|p2a: Pikachu|[spread] p2a,p2b\n|-damage|p2a: Pikachu|66\/100\n|-damage|p2b: Bulbasaur|86\/100\n|move|p2b: Bulbasaur|Leech Seed|p1b: Riolu\n|-start|p1b: Riolu|move: Leech Seed\n|\n|-damage|p1b: Riolu|88\/100|[from] Leech Seed|[of] p2b: Bulbasaur\n|-heal|p2b: Bulbasaur|98\/100|[silent]\n|upkeep\n|turn|2\n|inactive|Roy Kasoy has 270 seconds left.\n|\n|t:|1698202727\n|move|p2b: Bulbasaur|Protect|p2b: Bulbasaur\n|-singleturn|p2b: Bulbasaur|Protect\n|move|p2a: Pikachu|Discharge|p1b: Riolu|[spread] p1a,p1b\n|-activate|p2b: Bulbasaur|move: Protect\n|-damage|p1a: Scorbunny|0 fnt\n|-damage|p1b: Riolu|29\/100\n|faint|p1a: Scorbunny\n|move|p1b: Riolu|Swords Dance|p1b: Riolu\n|-boost|p1b: Riolu|atk|2\n|\n|-damage|p1b: Riolu|17\/100|[from] Leech Seed|[of] p2b: Bulbasaur\n|-heal|p2b: Bulbasaur|100\/100|[silent]\n|upkeep\n|\n|t:|1698202742\n|switch|p1a: Charmander|Charmander, F|100\/100\n|turn|3\n|inactive|Roy Kasoy has 270 seconds left.\n|inactive|Dino32400 has 270 seconds left.\n|\n|t:|1698202782\n|switch|p2a: Squirtle|Squirtle, M|100\/100\n|switch|p2b: Litten|Litten, F|100\/100\n|-ability|p2b: Litten|Intimidate|boost\n|-unboost|p1a: Charmander|atk|1\n|-fail|p1b: Riolu|unboost|Attack|[from] ability: Inner Focus|[of] p1b: Riolu\n|move|p1b: Riolu|Drain Punch|p2a: Squirtle\n|-damage|p2a: Squirtle|58\/100\n|-heal|p1b: Riolu|40\/100|[from] drain|[of] p2a: Squirtle\n|move|p1a: Charmander|Ancient Power|p2a: Squirtle\n|-damage|p2a: Squirtle|46\/100\n|\n|-damage|p1b: Riolu|28\/100|[from] Leech Seed|[of] p2b: Litten\n|upkeep\n|turn|4\n|inactive|Dino32400 has 270 seconds left.\n|inactive|Roy Kasoy has 270 seconds left.\n|\n|t:|1698202810\n|switch|p1b: Treecko|Treecko, M|100\/100\n|switch|p1a: Mudkip|Mudkip, F|100\/100\n|move|p2a: Squirtle|Fake Out|p1b: Treecko\n|-damage|p1b: Treecko|84\/100\n|move|p2b: Litten|Flare Blitz|p1b: Treecko\n|-supereffective|p1b: Treecko\n|-damage|p1b: Treecko|0 fnt\n|faint|p1b: Treecko\n|-damage|p2b: Litten|74\/100|[from] Recoil\n|\n|upkeep\n|inactive|Dino32400 has 270 seconds left.\n|\n|t:|1698202827\n|switch|p1b: Bulbasaur|Bulbasaur, M|100\/100\n|turn|5\n|\n|t:|1698202847\n|move|p2b: Litten|Flare Blitz|p1b: Bulbasaur\n|-supereffective|p1b: Bulbasaur\n|-damage|p1b: Bulbasaur|18\/100\n|-damage|p2b: Litten|43\/100|[from] Recoil\n|move|p1b: Bulbasaur|Sleep Powder|p2b: Litten\n|-status|p2b: Litten|slp|[from] move: Sleep Powder\n|move|p2a: Squirtle|Ice Beam|p1b: Bulbasaur\n|-supereffective|p1b: Bulbasaur\n|-damage|p1b: Bulbasaur|0 fnt\n|faint|p1b: Bulbasaur\n|move|p1a: Mudkip|Avalanche|p2a: Squirtle\n|-resisted|p2a: Squirtle\n|-damage|p2a: Squirtle|39\/100\n|\n|upkeep\n|inactive|Dino32400 has 270 seconds left.\n|\n|t:|1698202863\n|switch|p1b: Riolu|Riolu, F|28\/100\n|turn|6\n|\n|t:|1698202879\n|switch|p2b: Bulbasaur|Bulbasaur, M|100\/100\n|-terastallize|p1b: Riolu|Steel\n|move|p1b: Riolu|Drain Punch|p2a: Squirtle\n|-damage|p2a: Squirtle|14\/100\n|-heal|p1b: Riolu|41\/100|[from] drain|[of] p2a: Squirtle\n|move|p2a: Squirtle|Scald|p1b: Riolu\n|-damage|p1b: Riolu|0 fnt\n|faint|p1b: Riolu\n|move|p1a: Mudkip|Waterfall|p2b: Bulbasaur\n|-resisted|p2b: Bulbasaur\n|-damage|p2b: Bulbasaur|80\/100\n|\n|upkeep\n|inactive|Dino32400 has 270 seconds left.\n|\n|t:|1698202896\n|switch|p1b: Charmander|Charmander, F|100\/100\n|turn|7\n|\n|t:|1698202914\n|move|p1a: Mudkip|Protect|p1a: Mudkip\n|-singleturn|p1a: Mudkip|Protect\n|move|p1b: Charmander|Heat Wave|p2b: Bulbasaur|[spread] p2a,p2b\n|-resisted|p2a: Squirtle\n|-supereffective|p2b: Bulbasaur\n|-damage|p2a: Squirtle|3\/100\n|-damage|p2b: Bulbasaur|22\/100\n|move|p2b: Bulbasaur|Giga Drain|p1a: Mudkip\n|-activate|p1a: Mudkip|move: Protect\n|move|p2a: Squirtle|Scald|p1b: Charmander\n|-supereffective|p1b: Charmander\n|-damage|p1b: Charmander|0 fnt\n|faint|p1b: Charmander\n|\n|upkeep\n|turn|8\n|\n|t:|1698202937\n|switch|p2b: Riolu|Riolu, M|100\/100\n|switch|p2a: Pikachu|Pikachu, F|66\/100\n|move|p1a: Mudkip|Rock Smash|p2a: Pikachu\n|-damage|p2a: Pikachu|31\/100\n|\n|upkeep\n|turn|9\n|\n|t:|1698202952\n|move|p2a: Pikachu|Fake Out|p1a: Mudkip\n|-damage|p1a: Mudkip|83\/100\n|move|p2b: Riolu|Close Combat|p1a: Mudkip\n|-damage|p1a: Mudkip|32\/100\n|-unboost|p2b: Riolu|def|1\n|-unboost|p2b: Riolu|spd|1\n|cant|p1a: Mudkip|flinch\n|\n|upkeep\n|turn|10\n|\n|t:|1698202965\n|switch|p2b: Larvitar|Larvitar, M|100\/100\n|move|p2a: Pikachu|Discharge|p1a: Mudkip|[spread] p1a\n|-immune|p2b: Larvitar\n|-supereffective|p1a: Mudkip\n|-damage|p1a: Mudkip|0 fnt\n|faint|p1a: Mudkip\n|\n|win|Roy Kasoy\n","uploadtime":1698202980,"views":14,"p1id":"dino32400","p2id":"roykasoy","formatid":"gen9nationaldexdoubles","rating":0,"private":0,"password":""}