{"id":"gen9nationaldexdoubles-1967636477","p1":"ralca 1","p2":"DracoAxel","format":"[Gen 9] National Dex Doubles","log":"|j|\u2606ralca 1\n|j|\u2606DracoAxel\n|t:|1697321513\n|gametype|doubles\n|player|p1|ralca 1|steven|\n|player|p2|DracoAxel|nate|\n|teamsize|p1|6\n|teamsize|p2|6\n|gen|9\n|tier|[Gen 9] National Dex Doubles\n|rule|HP Percentage Mod: HP is shown in percentages\n|rule|Endless Battle Clause: Forcing endless battles is banned\n|rule|OHKO Clause: OHKO moves are banned\n|rule|Evasion Moves Clause: Evasion moves are banned\n|rule|Evasion Abilities Clause: Evasion abilities are banned\n|rule|Species Clause: Limit one of each Pok\u00e9mon\n|rule|Gravity Sleep Clause: The combination of sleep-inducing moves with imperfect accuracy and Gravity or Gigantamax Orbeetle are banned\n|clearpoke\n|poke|p1|Azumarill, M|\n|poke|p1|Gothitelle, F|\n|poke|p1|Oranguru, F|\n|poke|p1|Torkoal, M|\n|poke|p1|Indeedee-F, F|\n|poke|p1|Armarouge, M|\n|poke|p2|Empoleon, M|\n|poke|p2|Regieleki|\n|poke|p2|Politoed, F|\n|poke|p2|Swampert, M|\n|poke|p2|Tornadus, M|\n|poke|p2|Ogerpon-Wellspring, F|\n|teampreview\n|\n|t:|1697321543\n|start\n|switch|p1a: Gothitelle|Gothitelle, F|100\/100\n|switch|p1b: Azumarill|Azumarill, M|100\/100\n|switch|p2a: Empoleon|Empoleon, M|100\/100\n|switch|p2b: Ogerpon|Ogerpon-Wellspring, F|100\/100\n|turn|1\n|\n|t:|1697321572\n|move|p2b: Ogerpon|Knock Off|p1a: Gothitelle\n|-supereffective|p1a: Gothitelle\n|-damage|p1a: Gothitelle|19\/100\n|-enditem|p1a: Gothitelle|Wide Lens|[from] move: Knock Off|[of] p2b: Ogerpon\n|move|p2a: Empoleon|Icy Wind|p1a: Gothitelle|[spread] p1a,p1b\n|-resisted|p1b: Azumarill\n|-damage|p1a: Gothitelle|6\/100\n|-damage|p1b: Azumarill|94\/100\n|-unboost|p1a: Gothitelle|spe|1\n|-unboost|p1b: Azumarill|spe|1\n|move|p1b: Azumarill|Perish Song|p1b: Azumarill\n|-start|p1a: Gothitelle|perish3|[silent]\n|-start|p1b: Azumarill|perish3|[silent]\n|-start|p2a: Empoleon|perish3|[silent]\n|-start|p2b: Ogerpon|perish3|[silent]\n|-fieldactivate|move: Perish Song\n|move|p1a: Gothitelle|Trick Room|p1a: Gothitelle\n|-fieldstart|move: Trick Room|[of] p1a: Gothitelle\n|\n|-start|p1b: Azumarill|perish3\n|-start|p1a: Gothitelle|perish3\n|-start|p2a: Empoleon|perish3\n|-start|p2b: Ogerpon|perish3\n|upkeep\n|turn|2\n|\n|t:|1697321614\n|move|p1a: Gothitelle|Protect|p1a: Gothitelle\n|-singleturn|p1a: Gothitelle|Protect\n|move|p1b: Azumarill|Aqua Jet|p2b: Ogerpon\n|-immune|p2b: Ogerpon|[from] ability: Water Absorb\n|move|p2a: Empoleon|Icy Wind|p1a: Gothitelle|[spread] p1b\n|-activate|p1a: Gothitelle|move: Protect\n|-resisted|p1b: Azumarill\n|-damage|p1b: Azumarill|86\/100\n|-unboost|p1b: Azumarill|spe|1\n|move|p2b: Ogerpon|Power Whip|p1b: Azumarill\n|-supereffective|p1b: Azumarill\n|-crit|p1b: Azumarill\n|-damage|p1b: Azumarill|0 fnt\n|faint|p1b: Azumarill\n|\n|-start|p1a: Gothitelle|perish2\n|-start|p2a: Empoleon|perish2\n|-start|p2b: Ogerpon|perish2\n|upkeep\n|\n|t:|1697321632\n|switch|p1b: Indeedee|Indeedee-F, F|100\/100\n|-fieldstart|move: Psychic Terrain|[from] ability: Psychic Surge|[of] p1b: Indeedee\n|-enditem|p1b: Indeedee|Psychic Seed\n|-boost|p1b: Indeedee|spd|1|[from] item: Psychic Seed\n|turn|3\n|\n|t:|1697321653\n|move|p1a: Gothitelle|Hypnosis|p2b: Ogerpon\n|-status|p2b: Ogerpon|slp|[from] move: Hypnosis\n|move|p2a: Empoleon|Icy Wind|p1b: Indeedee|[spread] p1a,p1b\n|-damage|p1a: Gothitelle|0 fnt\n|-damage|p1b: Indeedee|92\/100\n|-unboost|p1b: Indeedee|spe|1\n|faint|p1a: Gothitelle\n|move|p1b: Indeedee|Expanding Force|p2a: Empoleon|[spread] p2a,p2b\n|-resisted|p2a: Empoleon\n|-damage|p2a: Empoleon|88\/100\n|-damage|p2b: Ogerpon|55\/100 slp\n|cant|p2b: Ogerpon|slp\n|\n|-start|p2a: Empoleon|perish1\n|-start|p2b: Ogerpon|perish1\n|upkeep\n|\n|t:|1697321677\n|switch|p1a: Armarouge|Armarouge, M|100\/100\n|turn|4\n|\n|t:|1697321692\n|switch|p2a: Politoed|Politoed, F|100\/100\n|-weather|RainDance|[from] ability: Drizzle|[of] p2a: Politoed\n|switch|p2b: Tornadus|Tornadus, M|100\/100\n|move|p1b: Indeedee|Expanding Force|p2a: Politoed|[spread] p2a,p2b\n|-damage|p2a: Politoed|68\/100\n|-damage|p2b: Tornadus|49\/100\n|move|p1a: Armarouge|Expanding Force|p2b: Tornadus|[spread] p2a,p2b\n|-damage|p2a: Politoed|15\/100\n|-damage|p2b: Tornadus|0 fnt\n|faint|p2b: Tornadus\n|\n|-weather|RainDance|[upkeep]\n|-heal|p2a: Politoed|21\/100|[from] item: Leftovers\n|upkeep\n|\n|t:|1697321709\n|switch|p2b: Swampert|Swampert, M|100\/100\n|turn|5\n|\n|t:|1697321729\n|-terastallize|p2a: Politoed|Water\n|move|p2a: Politoed|Haze|p2a: Politoed\n|-clearallboost\n|move|p1a: Armarouge|Expanding Force|p2a: Politoed|[spread] p2a,p2b\n|-crit|p2a: Politoed\n|-damage|p2a: Politoed|0 fnt\n|-damage|p2b: Swampert|33\/100\n|faint|p2a: Politoed\n|move|p2b: Swampert|Earthquake|p1a: Armarouge|[spread] p1a,p1b\n|-supereffective|p1a: Armarouge\n|-damage|p1a: Armarouge|33\/100\n|-damage|p1b: Indeedee|47\/100\n|-ability|p1a: Armarouge|Weak Armor|boost\n|-unboost|p1a: Armarouge|def|1\n|-boost|p1a: Armarouge|spe|2\n|move|p1b: Indeedee|Trick Room|p1b: Indeedee\n|-fieldend|move: Trick Room\n|\n|-weather|RainDance|[upkeep]\n|upkeep\n|\n|t:|1697321742\n|switch|p2a: Regieleki|Regieleki|100\/100\n|turn|6\n|\n|t:|1697321767\n|detailschange|p2b: Swampert|Swampert-Mega, M\n|-mega|p2b: Swampert|Swampert|Swampertite\n|move|p1b: Indeedee|Follow Me|p1b: Indeedee\n|-singleturn|p1b: Indeedee|move: Follow Me\n|move|p2b: Swampert|Earthquake|p1b: Indeedee|[spread] p2a,p1a,p1b\n|-supereffective|p2a: Regieleki\n|-supereffective|p1a: Armarouge\n|-damage|p2a: Regieleki|0 fnt\n|-damage|p1a: Armarouge|0 fnt\n|-damage|p1b: Indeedee|0 fnt\n|faint|p2a: Regieleki\n|faint|p1a: Armarouge\n|faint|p1b: Indeedee\n|\n|-weather|RainDance|[upkeep]\n|upkeep\n|\n|t:|1697321785\n|switch|p2a: Ogerpon|Ogerpon-Wellspring, F|55\/100 slp\n|switch|p1b: Torkoal|Torkoal, M|100\/100\n|switch|p1a: Oranguru|Oranguru, F|100\/100\n|-weather|SunnyDay|[from] ability: Drought|[of] p1b: Torkoal\n|turn|7\n|\n|t:|1697321802\n|-terastallize|p1b: Torkoal|Fire\n|cant|p2a: Ogerpon|slp\n|move|p2b: Swampert|Flip Turn|p2a: Ogerpon\n|-heal|p2a: Ogerpon|80\/100 slp|[from] ability: Water Absorb|[of] p2b: Swampert\n|move|p1a: Oranguru|Instruct||[still]\n|-fail|p1a: Oranguru\n|move|p1b: Torkoal|Eruption|p2b: Swampert|[spread] p2a,p2b\n|-resisted|p2b: Swampert\n|-damage|p2a: Ogerpon|0 fnt\n|-damage|p2b: Swampert|0 fnt\n|faint|p2a: Ogerpon\n|faint|p2b: Swampert\n|\n|-weather|SunnyDay|[upkeep]\n|-fieldend|move: Psychic Terrain\n|upkeep\n|\n|t:|1697321817\n|switch|p2b: Empoleon|Empoleon, M|88\/100\n|turn|8\n|\n|t:|1697321828\n|move|p1a: Oranguru|Instruct|p1b: Torkoal\n|-singleturn|p1b: Torkoal|move: Instruct|[of] p1a: Oranguru\n|move|p1b: Torkoal|Eruption|p2b: Empoleon\n|-damage|p2b: Empoleon|0 fnt\n|faint|p2b: Empoleon\n|\n|win|ralca 1\n|l|\u2606DracoAxel\n","uploadtime":1697321847,"views":12,"p1id":"ralca1","p2id":"dracoaxel","formatid":"gen9nationaldexdoubles","rating":0,"private":0,"password":""}