{"id":"gen9nationaldexdoubles-1984409562","p1":"Greenheart_YT","p2":"Schuey_007","format":"[Gen 9] National Dex Doubles","log":"|j|\u2606Greenheart_YT\n|j|\u2606Schuey_007\n|t:|1699258590\n|gametype|doubles\n|player|p1|Greenheart_YT|iono|1000\n|player|p2|Schuey_007|benga|1104\n|teamsize|p1|6\n|teamsize|p2|6\n|gen|9\n|tier|[Gen 9] National Dex Doubles\n|rated|\n|rule|HP Percentage Mod: HP is shown in percentages\n|rule|Endless Battle Clause: Forcing endless battles is banned\n|rule|OHKO Clause: OHKO moves are banned\n|rule|Evasion Moves Clause: Evasion moves are banned\n|rule|Evasion Abilities Clause: Evasion abilities are banned\n|rule|Species Clause: Limit one of each Pok\u00e9mon\n|rule|Gravity Sleep Clause: The combination of sleep-inducing moves with imperfect accuracy and Gravity or Gigantamax Orbeetle are banned\n|clearpoke\n|poke|p1|Clefairy, M|\n|poke|p1|Sinistcha-Masterpiece|\n|poke|p1|Ogerpon-Wellspring, F|\n|poke|p1|Pelipper, M|\n|poke|p1|Torkoal, F|\n|poke|p1|Armarouge, M|\n|poke|p2|Cramorant, F|\n|poke|p2|Gastrodon, F|\n|poke|p2|Grapploct, M|\n|poke|p2|Lurantis, F|\n|poke|p2|Ninetales, M|\n|poke|p2|Houndoom, F|\n|teampreview\n|\n|t:|1699258610\n|start\n|switch|p1a: Roasty Toasty|Torkoal, F|100\/100\n|switch|p1b: Toasty Roasty|Armarouge, M|100\/100\n|switch|p2a: Lurantis|Lurantis, F, shiny|100\/100\n|switch|p2b: Grapploct|Grapploct, M, shiny|100\/100\n|-weather|SunnyDay|[from] ability: Drought|[of] p1a: Roasty Toasty\n|turn|1\n|\n|t:|1699258642\n|-terastallize|p2a: Lurantis|Water\n|move|p1b: Toasty Roasty|Psychic|p2b: Grapploct\n|-supereffective|p2b: Grapploct\n|-damage|p2b: Grapploct|0 fnt\n|faint|p2b: Grapploct\n|move|p2a: Lurantis|Leaf Storm|p1b: Toasty Roasty\n|-resisted|p1b: Toasty Roasty\n|-damage|p1b: Toasty Roasty|79\/100\n|-boost|p2a: Lurantis|spa|2\n|move|p1a: Roasty Toasty|Clear Smog|p2a: Lurantis\n|-damage|p2a: Lurantis|94\/100\n|-clearboost|p2a: Lurantis\n|\n|-weather|SunnyDay|[upkeep]\n|upkeep\n|\n|t:|1699258656\n|switch|p2b: Houndoom|Houndoom, F|100\/100\n|turn|2\n|\n|t:|1699258674\n|switch|p1a: Ducky|Pelipper, M|100\/100\n|-weather|RainDance|[from] ability: Drizzle|[of] p1a: Ducky\n|detailschange|p2b: Houndoom|Houndoom-Mega, F\n|-mega|p2b: Houndoom|Houndoom|Houndoominite\n|move|p2b: Houndoom|Dark Pulse|p1b: Toasty Roasty\n|-supereffective|p1b: Toasty Roasty\n|-damage|p1b: Toasty Roasty|0 fnt\n|faint|p1b: Toasty Roasty\n|move|p2a: Lurantis|Leaf Storm|p1a: Ducky\n|-damage|p1a: Ducky|50\/100\n|-boost|p2a: Lurantis|spa|2\n|\n|-weather|RainDance|[upkeep]\n|upkeep\n|\n|t:|1699258687\n|switch|p1b: Ogerpon|Ogerpon-Wellspring, F|100\/100\n|turn|3\n|\n|t:|1699258699\n|move|p1a: Ducky|Helping Hand|p1b: Ogerpon\n|-singleturn|p1b: Ogerpon|Helping Hand|[of] p1a: Ducky\n|move|p2b: Houndoom|Dark Pulse|p1a: Ducky\n|-damage|p1a: Ducky|0 fnt\n|faint|p1a: Ducky\n|move|p1b: Ogerpon|Trailblaze|p2a: Lurantis\n|-supereffective|p2a: Lurantis\n|-damage|p2a: Lurantis|0 fnt\n|-boost|p1b: Ogerpon|spe|1\n|faint|p2a: Lurantis\n|\n|-weather|RainDance|[upkeep]\n|upkeep\n|\n|t:|1699258712\n|switch|p1a: Chi Mii Miiiiii|Clefairy, M|100\/100\n|switch|p2a: Ninetales|Ninetales, M|100\/100\n|-weather|SunnyDay|[from] ability: Drought|[of] p2a: Ninetales\n|turn|4\n|\n|t:|1699258725\n|-terastallize|p1b: Ogerpon|Water\n|detailschange|p1b: Ogerpon|Ogerpon-Wellspring-Tera, F, tera:Water\n|-ability|p1b: Ogerpon|Embody Aspect (Wellspring)|boost\n|-boost|p1b: Ogerpon|spd|1\n|move|p1a: Chi Mii Miiiiii|Follow Me|p1a: Chi Mii Miiiiii\n|-singleturn|p1a: Chi Mii Miiiiii|move: Follow Me\n|move|p1b: Ogerpon|Ivy Cudgel|p2b: Houndoom\n|-supereffective|p2b: Houndoom\n|-crit|p2b: Houndoom\n|-damage|p2b: Houndoom|0 fnt\n|faint|p2b: Houndoom\n|move|p2a: Ninetales|Solar Beam||[still]\n|-prepare|p2a: Ninetales|Solar Beam\n|-anim|p2a: Ninetales|Solar Beam|p1a: Chi Mii Miiiiii\n|-damage|p1a: Chi Mii Miiiiii|81\/100\n|\n|-weather|SunnyDay|[upkeep]\n|upkeep\n|\n|t:|1699258737\n|switch|p2b: Cramorant|Cramorant, F, shiny|100\/100\n|turn|5\n|\n|t:|1699258762\n|move|p2a: Ninetales|Protect|p2a: Ninetales\n|-singleturn|p2a: Ninetales|Protect\n|move|p1a: Chi Mii Miiiiii|Follow Me|p1a: Chi Mii Miiiiii\n|-singleturn|p1a: Chi Mii Miiiiii|move: Follow Me\n|move|p1b: Ogerpon|Ivy Cudgel|p2a: Ninetales\n|-activate|p2a: Ninetales|move: Protect\n|move|p2b: Cramorant|Air Slash|p1a: Chi Mii Miiiiii\n|-damage|p1a: Chi Mii Miiiiii|61\/100\n|\n|-weather|SunnyDay|[upkeep]\n|upkeep\n|turn|6\n|\n|t:|1699258782\n|move|p1b: Ogerpon|Swords Dance|p1b: Ogerpon\n|-boost|p1b: Ogerpon|atk|2\n|move|p2a: Ninetales|Solar Beam||[still]\n|-prepare|p2a: Ninetales|Solar Beam\n|-anim|p2a: Ninetales|Solar Beam|p1b: Ogerpon\n|-supereffective|p1b: Ogerpon\n|-damage|p1b: Ogerpon|64\/100\n|move|p2b: Cramorant|Stockpile|p2b: Cramorant\n|-start|p2b: Cramorant|stockpile1\n|-boost|p2b: Cramorant|def|1\n|-boost|p2b: Cramorant|spd|1\n|move|p1a: Chi Mii Miiiiii|Soft-Boiled|p1a: Chi Mii Miiiiii\n|-heal|p1a: Chi Mii Miiiiii|100\/100\n|\n|-weather|SunnyDay|[upkeep]\n|upkeep\n|turn|7\n|\n|t:|1699258814\n|move|p1a: Chi Mii Miiiiii|Follow Me|p1a: Chi Mii Miiiiii\n|-singleturn|p1a: Chi Mii Miiiiii|move: Follow Me\n|move|p1b: Ogerpon|Trailblaze|p2b: Cramorant\n|-damage|p2b: Cramorant|19\/100\n|-boost|p1b: Ogerpon|spe|1\n|-enditem|p2b: Cramorant|Sitrus Berry|[eat]\n|-heal|p2b: Cramorant|43\/100|[from] item: Sitrus Berry\n|move|p2a: Ninetales|Solar Beam||[still]\n|-prepare|p2a: Ninetales|Solar Beam\n|-anim|p2a: Ninetales|Solar Beam|p1a: Chi Mii Miiiiii\n|-damage|p1a: Chi Mii Miiiiii|81\/100\n|move|p2b: Cramorant|Air Slash|p1a: Chi Mii Miiiiii|[miss]\n|-miss|p2b: Cramorant|p1a: Chi Mii Miiiiii\n|\n|-weather|SunnyDay|[upkeep]\n|upkeep\n|turn|8\n|-message|Schuey_007 forfeited.\n|\n|win|Greenheart_YT\n|raw|Greenheart_YT's rating: 1000 &rarr; <strong>1052<\/strong><br \/>(+52 for winning)\n|raw|Schuey_007's rating: 1104 &rarr; <strong>1072<\/strong><br \/>(-32 for losing)\n|l|\u2606Schuey_007\n","uploadtime":1699258835,"views":4,"p1id":"greenheartyt","p2id":"schuey007","formatid":"gen9nationaldexdoubles","rating":1052,"private":0,"password":""}