{"id":"gen9nationaldexdoubles-1971716069","p1":"LDP333","p2":"ccD8 3+","format":"[Gen 9] National Dex Doubles","log":"|j|\u2606LDP333\n|j|\u2606ccD8 3+\n|t:|1697764260\n|gametype|doubles\n|player|p1|LDP333|riley|1521\n|player|p2|ccD8 3+|olympia|1508\n|teamsize|p1|6\n|teamsize|p2|6\n|gen|9\n|tier|[Gen 9] National Dex Doubles\n|rated|\n|rule|HP Percentage Mod: HP is shown in percentages\n|rule|Endless Battle Clause: Forcing endless battles is banned\n|rule|OHKO Clause: OHKO moves are banned\n|rule|Evasion Moves Clause: Evasion moves are banned\n|rule|Evasion Abilities Clause: Evasion abilities are banned\n|rule|Species Clause: Limit one of each Pok\u00e9mon\n|rule|Gravity Sleep Clause: The combination of sleep-inducing moves with imperfect accuracy and Gravity or Gigantamax Orbeetle are banned\n|clearpoke\n|poke|p1|Kommo-o, F|\n|poke|p1|Iron Bundle|\n|poke|p1|Manectric, M|\n|poke|p1|Landorus, M|\n|poke|p1|Incineroar, M|\n|poke|p1|Rillaboom, M|\n|poke|p2|Charizard, F|\n|poke|p2|Chi-Yu|\n|poke|p2|Flutter Mane|\n|poke|p2|Whimsicott, M|\n|poke|p2|Zygarde|\n|poke|p2|Chien-Pao|\n|teampreview\n|inactive|Battle timer is ON: inactive players will automatically lose when time's up. (requested by ccD8 3+)\n|\n|t:|1697764285\n|start\n|switch|p1a: Incineroar|Incineroar, M|100\/100\n|switch|p1b: Manectric|Manectric, M|100\/100\n|switch|p2a: Whimsicott|Whimsicott, M|100\/100\n|switch|p2b: Charizard|Charizard, F|100\/100\n|-ability|p1a: Incineroar|Intimidate|boost\n|-unboost|p2a: Whimsicott|atk|1\n|-unboost|p2b: Charizard|atk|1\n|turn|1\n|\n|t:|1697764307\n|detailschange|p1b: Manectric|Manectric-Mega, M\n|-mega|p1b: Manectric|Manectric|Manectite\n|-ability|p1b: Manectric|Intimidate|boost\n|-unboost|p2a: Whimsicott|atk|1\n|-unboost|p2b: Charizard|atk|1\n|move|p2b: Charizard|Protect|p2b: Charizard\n|-singleturn|p2b: Charizard|Protect\n|move|p1a: Incineroar|Fake Out|p2b: Charizard\n|-activate|p2b: Charizard|move: Protect\n|move|p2a: Whimsicott|Tailwind|p2a: Whimsicott\n|-sidestart|p2: ccD8 3+|move: Tailwind\n|move|p1b: Manectric|Thunderbolt|p2b: Charizard\n|-activate|p2b: Charizard|move: Protect\n|\n|upkeep\n|turn|2\n|\n|t:|1697764330\n|switch|p2b: Zygarde|Zygarde|100\/100\n|-ability|p2b: Zygarde|Aura Break\n|move|p1b: Manectric|Protect|p1b: Manectric\n|-singleturn|p1b: Manectric|Protect\n|move|p2a: Whimsicott|Encore|p1a: Incineroar\n|-hint|Since gen 7, Dark is immune to Prankster moves.\n|-immune|p1a: Incineroar\n|move|p1a: Incineroar|Flare Blitz|p2a: Whimsicott\n|-supereffective|p2a: Whimsicott\n|-damage|p2a: Whimsicott|0 fnt\n|faint|p2a: Whimsicott\n|-damage|p1a: Incineroar|73\/100|[from] Recoil\n|\n|upkeep\n|\n|t:|1697764340\n|switch|p2a: Charizard|Charizard, F|100\/100\n|turn|3\n|\n|t:|1697764349\n|detailschange|p2a: Charizard|Charizard-Mega-Y, F\n|-mega|p2a: Charizard|Charizard|Charizardite Y\n|-weather|SunnyDay|[from] ability: Drought|[of] p2a: Charizard\n|move|p2a: Charizard|Heat Wave|p1a: Incineroar|[spread] p1a,p1b\n|-resisted|p1a: Incineroar\n|-damage|p1a: Incineroar|50\/100\n|-damage|p1b: Manectric|2\/100\n|-status|p1b: Manectric|brn\n|-enditem|p1a: Incineroar|Sitrus Berry|[eat]\n|-heal|p1a: Incineroar|75\/100|[from] item: Sitrus Berry\n|move|p2b: Zygarde|Thousand Arrows|p1a: Incineroar|[spread] p1a,p1b\n|-supereffective|p1a: Incineroar\n|-supereffective|p1b: Manectric\n|-damage|p1a: Incineroar|0 fnt\n|-damage|p1b: Manectric|0 fnt\n|faint|p1a: Incineroar\n|faint|p1b: Manectric\n|\n|-weather|SunnyDay|[upkeep]\n|upkeep\n|\n|t:|1697764369\n|switch|p1b: Kommo-o|Kommo-o, F, shiny|100\/100\n|switch|p1a: Rillaboom|Rillaboom, M|100\/100\n|-fieldstart|move: Grassy Terrain|[from] ability: Grassy Surge|[of] p1a: Rillaboom\n|turn|4\n|\n|t:|1697764374\n|move|p1a: Rillaboom|Fake Out|p2a: Charizard\n|-damage|p2a: Charizard|79\/100\n|cant|p2a: Charizard|flinch\n|move|p2b: Zygarde|Thousand Arrows|p1a: Rillaboom|[spread] p1a,p1b\n|-resisted|p1a: Rillaboom\n|-damage|p1a: Rillaboom|78\/100\n|-damage|p1b: Kommo-o|54\/100\n|-zpower|p1b: Kommo-o\n|move|p1b: Kommo-o|Clangorous Soulblaze|p2b: Zygarde|[zeffect]|[spread] p2a,p2b\n|-supereffective|p2b: Zygarde\n|-damage|p2a: Charizard|18\/100\n|-damage|p2b: Zygarde|0 fnt\n|faint|p2b: Zygarde\n|-boost|p1b: Kommo-o|atk|1\n|-boost|p1b: Kommo-o|def|1\n|-boost|p1b: Kommo-o|spa|1\n|-boost|p1b: Kommo-o|spd|1\n|-boost|p1b: Kommo-o|spe|1\n|\n|-weather|SunnyDay|[upkeep]\n|-heal|p1b: Kommo-o|60\/100|[from] Grassy Terrain\n|-heal|p1a: Rillaboom|84\/100|[from] Grassy Terrain\n|-sideend|p2: ccD8 3+|move: Tailwind\n|upkeep\n|\n|t:|1697764382\n|switch|p2b: Flutter Mane|Flutter Mane|100\/100\n|-activate|p2b: Flutter Mane|ability: Protosynthesis\n|-start|p2b: Flutter Mane|protosynthesisspe\n|turn|5\n|\n|t:|1697764389\n|-terastallize|p2b: Flutter Mane|Fairy\n|-terastallize|p1a: Rillaboom|Grass\n|move|p1a: Rillaboom|Grassy Glide|p2b: Flutter Mane\n|-damage|p2b: Flutter Mane|0 fnt\n|faint|p2b: Flutter Mane\n|-end|p2b: Flutter Mane|Protosynthesis|[silent]\n|move|p1b: Kommo-o|Flamethrower|p2a: Charizard\n|-resisted|p2a: Charizard\n|-damage|p2a: Charizard|0 fnt\n|faint|p2a: Charizard\n|\n|-weather|SunnyDay|[upkeep]\n|-heal|p1b: Kommo-o|66\/100|[from] Grassy Terrain\n|-heal|p1a: Rillaboom|90\/100|[from] Grassy Terrain\n|upkeep\n|\n|t:|1697764397\n|switch|p2b: Chien-Pao|Chien-Pao|100\/100\n|switch|p2a: Chi-Yu|Chi-Yu|100\/100\n|-ability|p2b: Chien-Pao|Sword of Ruin\n|-ability|p2a: Chi-Yu|Beads of Ruin\n|turn|6\n|c|\u2606ccD8 3+|i thought i was calc'd to live that\n|c|\u2606ccD8 3+|fuck\n|\n|t:|1697764425\n|move|p2b: Chien-Pao|Protect|p2b: Chien-Pao\n|-singleturn|p2b: Chien-Pao|Protect\n|move|p2a: Chi-Yu|Protect|p2a: Chi-Yu\n|-singleturn|p2a: Chi-Yu|Protect\n|move|p1a: Rillaboom|Grassy Glide|p2b: Chien-Pao\n|-activate|p2b: Chien-Pao|move: Protect\n|move|p1b: Kommo-o|Clanging Scales|p2a: Chi-Yu|[spread] \n|-activate|p2a: Chi-Yu|move: Protect\n|-activate|p2b: Chien-Pao|move: Protect\n|\n|-weather|SunnyDay|[upkeep]\n|-heal|p1b: Kommo-o|72\/100|[from] Grassy Terrain\n|-heal|p1a: Rillaboom|96\/100|[from] Grassy Terrain\n|upkeep\n|turn|7\n|\n|t:|1697764438\n|move|p1a: Rillaboom|Grassy Glide|p2b: Chien-Pao\n|-damage|p2b: Chien-Pao|14\/100\n|move|p1b: Kommo-o|Clanging Scales|p2a: Chi-Yu|[spread] p2a,p2b\n|-damage|p2a: Chi-Yu|38\/100\n|-damage|p2b: Chien-Pao|0 fnt\n|faint|p2b: Chien-Pao\n|-unboost|p1b: Kommo-o|def|1\n|-zpower|p2a: Chi-Yu\n|move|p2a: Chi-Yu|Inferno Overdrive|p1b: Kommo-o|[zeffect]\n|-resisted|p1b: Kommo-o\n|-damage|p1b: Kommo-o|0 fnt\n|faint|p1b: Kommo-o\n|\n|-weather|none\n|-heal|p2a: Chi-Yu|44\/100|[from] Grassy Terrain\n|-heal|p1a: Rillaboom|100\/100|[from] Grassy Terrain\n|upkeep\n|\n|t:|1697764452\n|switch|p1b: Iron Bundle|Iron Bundle|100\/100\n|-enditem|p1b: Iron Bundle|Booster Energy\n|-activate|p1b: Iron Bundle|ability: Quark Drive|[fromitem]\n|-start|p1b: Iron Bundle|quarkdrivespe\n|turn|8\n|\n|t:|1697764457\n|move|p1a: Rillaboom|Grassy Glide|p2a: Chi-Yu\n|-resisted|p2a: Chi-Yu\n|-damage|p2a: Chi-Yu|0 fnt\n|faint|p2a: Chi-Yu\n|\n|win|LDP333\n|raw|LDP333's rating: 1521 &rarr; <strong>1540<\/strong><br \/>(+19 for winning)\n|raw|ccD8 3+'s rating: 1508 &rarr; <strong>1489<\/strong><br \/>(-19 for losing)\n|c|\u2606ccD8 3+|gg\n|l|\u2606LDP333\n|c|\u2606ccD8 3+|i thought i was calc'd to live grassy glide\n|l|\u2606ccD8 3+\n|j|\u2606ccD8 3+\n|player|p2|ccD8 3+|olympia\n","uploadtime":1697764727,"views":13,"p1id":"ldp333","p2id":"ccd83","formatid":"gen9nationaldexdoubles","rating":1489,"private":0,"password":""}