{"id":"gen9nationaldexdoubles-1983405088","p1":"Goosehead Swag","p2":"fumbari 24","format":"[Gen 9] National Dex Doubles","log":"|j|\u2606Goosehead Swag\n|j|\u2606fumbari 24\n|t:|1699126637\n|gametype|doubles\n|player|p1|Goosehead Swag|rocketgruntf|1167\n|player|p2|fumbari 24|hilbert|1447\n|teamsize|p1|6\n|teamsize|p2|6\n|gen|9\n|tier|[Gen 9] National Dex Doubles\n|rated|\n|rule|HP Percentage Mod: HP is shown in percentages\n|rule|Endless Battle Clause: Forcing endless battles is banned\n|rule|OHKO Clause: OHKO moves are banned\n|rule|Evasion Moves Clause: Evasion moves are banned\n|rule|Evasion Abilities Clause: Evasion abilities are banned\n|rule|Species Clause: Limit one of each Pok\u00e9mon\n|rule|Gravity Sleep Clause: The combination of sleep-inducing moves with imperfect accuracy and Gravity or Gigantamax Orbeetle are banned\n|clearpoke\n|poke|p1|Seismitoad, M|\n|poke|p1|Politoed, M|\n|poke|p1|Indeedee-F, F|\n|poke|p1|Pelipper, M|\n|poke|p1|Basculegion-F, F|\n|poke|p1|Whimsicott, F|\n|poke|p2|Enamorus, F|\n|poke|p2|Tapu Koko|\n|poke|p2|Sableye, M|\n|poke|p2|Wyrdeer, M|\n|poke|p2|Heracross, M|\n|poke|p2|Gastrodon, M|\n|teampreview\n|\n|t:|1699126651\n|start\n|switch|p1a: Basculegion|Basculegion-F, F, shiny|100\/100\n|switch|p1b: Pelipper|Pelipper, M|100\/100\n|switch|p2a: Stoick|Wyrdeer, M|100\/100\n|switch|p2b: Yami|Sableye, M|100\/100\n|-weather|RainDance|[from] ability: Drizzle|[of] p1b: Pelipper\n|-ability|p2a: Stoick|Intimidate|boost\n|-unboost|p1a: Basculegion|atk|1\n|-unboost|p1b: Pelipper|atk|1\n|turn|1\n|\n|t:|1699126671\n|switch|p2b: Shelldon|Gastrodon, M|100\/100\n|move|p1a: Basculegion|Protect|p1a: Basculegion\n|-singleturn|p1a: Basculegion|Protect\n|move|p1b: Pelipper|Tailwind|p1b: Pelipper\n|-sidestart|p1: Goosehead Swag|move: Tailwind\n|move|p2a: Stoick|Trick Room|p2a: Stoick\n|-fieldstart|move: Trick Room|[of] p2a: Stoick\n|\n|-weather|RainDance|[upkeep]\n|upkeep\n|turn|2\n|\n|t:|1699126690\n|switch|p1a: Indeedee|Indeedee-F, F|100\/100\n|-fieldstart|move: Psychic Terrain|[from] ability: Psychic Surge|[of] p1a: Indeedee\n|move|p2b: Shelldon|Ice Beam|p1b: Pelipper\n|-damage|p1b: Pelipper|63\/100\n|-status|p1b: Pelipper|frz\n|move|p2a: Stoick|Psyshield Bash|p1b: Pelipper\n|-damage|p1b: Pelipper|35\/100 frz\n|-boost|p2a: Stoick|def|1\n|cant|p1b: Pelipper|frz\n|\n|-weather|RainDance|[upkeep]\n|upkeep\n|turn|3\n|\n|t:|1699126714\n|move|p2b: Shelldon|Ice Beam|p1b: Pelipper\n|-damage|p1b: Pelipper|0 fnt\n|faint|p1b: Pelipper\n|move|p2a: Stoick|Tera Blast|p1a: Indeedee\n|-damage|p1a: Indeedee|73\/100\n|move|p1a: Indeedee|Expanding Force|p2a: Stoick|[spread] p2a,p2b\n|-resisted|p2a: Stoick\n|-damage|p2a: Stoick|86\/100\n|-damage|p2b: Shelldon|64\/100\n|\n|-weather|RainDance|[upkeep]\n|upkeep\n|inactive|Battle timer is ON: inactive players will automatically lose when time's up. (requested by fumbari 24)\n|\n|t:|1699126729\n|switch|p1b: Basculegion|Basculegion-F, F, shiny|100\/100\n|turn|4\n|\n|t:|1699126736\n|move|p1b: Basculegion|Protect|p1b: Basculegion\n|-singleturn|p1b: Basculegion|Protect\n|move|p2b: Shelldon|Recover|p2b: Shelldon\n|-heal|p2b: Shelldon|100\/100\n|move|p2a: Stoick|Psyshield Bash|p1a: Indeedee\n|-resisted|p1a: Indeedee\n|-damage|p1a: Indeedee|58\/100\n|-boost|p2a: Stoick|def|1\n|move|p1a: Indeedee|Expanding Force|p2b: Shelldon|[spread] p2a,p2b\n|-resisted|p2a: Stoick\n|-damage|p2a: Stoick|70\/100\n|-damage|p2b: Shelldon|63\/100\n|\n|-weather|RainDance|[upkeep]\n|-sideend|p1: Goosehead Swag|move: Tailwind\n|upkeep\n|turn|5\n|\n|t:|1699126753\n|move|p1a: Indeedee|Follow Me|p1a: Indeedee\n|-singleturn|p1a: Indeedee|move: Follow Me\n|move|p2b: Shelldon|Earth Power|p1a: Indeedee\n|-damage|p1a: Indeedee|24\/100\n|-enditem|p1a: Indeedee|Sitrus Berry|[eat]\n|-heal|p1a: Indeedee|49\/100|[from] item: Sitrus Berry\n|move|p2a: Stoick|Psyshield Bash|p1a: Indeedee\n|-resisted|p1a: Indeedee\n|-damage|p1a: Indeedee|34\/100\n|-boost|p2a: Stoick|def|1\n|move|p1b: Basculegion|Shadow Ball|p2b: Shelldon\n|-damage|p2b: Shelldon|17\/100\n|\n|-weather|RainDance|[upkeep]\n|-fieldend|move: Trick Room\n|upkeep\n|turn|6\n|\n|t:|1699126780\n|move|p2b: Shelldon|Protect|p2b: Shelldon\n|-singleturn|p2b: Shelldon|Protect\n|move|p1b: Basculegion|Ice Beam|p2a: Stoick\n|-damage|p2a: Stoick|47\/100\n|-status|p2a: Stoick|frz\n|move|p1a: Indeedee|Expanding Force|p2a: Stoick|[spread] p2a\n|-activate|p2b: Shelldon|move: Protect\n|-resisted|p2a: Stoick\n|-damage|p2a: Stoick|32\/100 frz\n|-curestatus|p2a: Stoick|frz|[msg]\n|move|p2a: Stoick|Trick Room|p2a: Stoick\n|-fieldstart|move: Trick Room|[of] p2a: Stoick\n|\n|-weather|RainDance|[upkeep]\n|-fieldend|move: Psychic Terrain\n|upkeep\n|turn|7\n|\n|t:|1699126810\n|move|p1a: Indeedee|Follow Me|p1a: Indeedee\n|-singleturn|p1a: Indeedee|move: Follow Me\n|move|p2b: Shelldon|Earth Power|p1a: Indeedee\n|-damage|p1a: Indeedee|0 fnt\n|faint|p1a: Indeedee\n|move|p2a: Stoick|Psyshield Bash|p1b: Basculegion\n|-damage|p1b: Basculegion|65\/100\n|-boost|p2a: Stoick|def|1\n|move|p1b: Basculegion|Shadow Ball|p2b: Shelldon\n|-damage|p2b: Shelldon|0 fnt\n|faint|p2b: Shelldon\n|\n|-weather|RainDance|[upkeep]\n|upkeep\n|\n|t:|1699126828\n|switch|p2b: Heracles|Heracross, M|100\/100\n|switch|p1a: Whimsicott|Whimsicott, F|100\/100\n|turn|8\n|\n|t:|1699126847\n|detailschange|p2b: Heracles|Heracross-Mega, M\n|-mega|p2b: Heracles|Heracross|Heracronite\n|move|p1b: Basculegion|Protect|p1b: Basculegion\n|-singleturn|p1b: Basculegion|Protect\n|move|p2a: Stoick|Psyshield Bash|p1b: Basculegion\n|-activate|p1b: Basculegion|move: Protect\n|move|p2b: Heracles|Pin Missile|p1a: Whimsicott\n|-damage|p1a: Whimsicott|74\/100\n|-damage|p1a: Whimsicott|46\/100\n|-damage|p1a: Whimsicott|21\/100\n|-damage|p1a: Whimsicott|0 fnt\n|faint|p1a: Whimsicott\n|-hitcount|p1: Whimsicott|4\n|\n|-weather|none\n|upkeep\n|\n|t:|1699126861\n|switch|p1a: Politoed|Politoed, M|100\/100\n|-weather|RainDance|[from] ability: Drizzle|[of] p1a: Politoed\n|turn|9\n|\n|t:|1699126874\n|switch|p1b: Seismitoad|Seismitoad, M, shiny|100\/100\n|move|p2a: Stoick|Tera Blast|p1a: Politoed\n|-damage|p1a: Politoed|75\/100\n|-enditem|p1a: Politoed|Eject Button\n|\n|t:|1699126880\n|switch|p1a: Basculegion|Basculegion-F, F, shiny|65\/100\n|move|p2b: Heracles|Bullet Seed|p1b: Seismitoad\n|-supereffective|p1b: Seismitoad\n|-damage|p1b: Seismitoad|50\/100\n|-supereffective|p1b: Seismitoad\n|-crit|p1b: Seismitoad\n|-damage|p1b: Seismitoad|0 fnt\n|faint|p1b: Seismitoad\n|-hitcount|p1: Seismitoad|2\n|\n|-weather|RainDance|[upkeep]\n|upkeep\n|\n|t:|1699126886\n|switch|p1b: Politoed|Politoed, M|75\/100\n|turn|10\n|\n|t:|1699126905\n|-terastallize|p1b: Politoed|Grass\n|move|p1a: Basculegion|Protect|p1a: Basculegion\n|-singleturn|p1a: Basculegion|Protect\n|move|p2a: Stoick|Psyshield Bash|p1a: Basculegion\n|-activate|p1a: Basculegion|move: Protect\n|move|p1b: Politoed|Scald|p2b: Heracles\n|-damage|p2b: Heracles|68\/100\n|-status|p2b: Heracles|brn\n|move|p2b: Heracles|Bullet Seed|p1b: Politoed\n|-resisted|p1b: Politoed\n|-damage|p1b: Politoed|73\/100\n|-resisted|p1b: Politoed\n|-damage|p1b: Politoed|70\/100\n|-resisted|p1b: Politoed\n|-damage|p1b: Politoed|68\/100\n|-resisted|p1b: Politoed\n|-damage|p1b: Politoed|66\/100\n|-resisted|p1b: Politoed\n|-damage|p1b: Politoed|64\/100\n|-hitcount|p1b: Politoed|5\n|\n|-weather|RainDance|[upkeep]\n|-damage|p2b: Heracles|62\/100 brn|[from] brn\n|-fieldend|move: Trick Room\n|upkeep\n|turn|11\n|\n|t:|1699126926\n|move|p1a: Basculegion|Surf|p2b: Heracles|[spread] p1b,p2a,p2b\n|-resisted|p1b: Politoed\n|-damage|p1b: Politoed|27\/100\n|-damage|p2a: Stoick|0 fnt\n|-damage|p2b: Heracles|0 fnt\n|faint|p2a: Stoick\n|faint|p2b: Heracles\n|move|p1b: Politoed|Scald|p2: Stoick|[notarget]\n|-fail|p1b: Politoed\n|\n|-weather|RainDance|[upkeep]\n|upkeep\n|\n|t:|1699126939\n|switch|p2b: Tapu Koko|Tapu Koko, shiny|100\/100\n|switch|p2a: Yami|Sableye, M|100\/100\n|-fieldstart|move: Electric Terrain|[from] ability: Electric Surge|[of] p2b: Tapu Koko\n|turn|12\n|\n|t:|1699126949\n|move|p1a: Basculegion|Protect|p1a: Basculegion\n|-singleturn|p1a: Basculegion|Protect\n|move|p2a: Yami|Will-O-Wisp|p1a: Basculegion\n|-activate|p1a: Basculegion|move: Protect\n|move|p2b: Tapu Koko|Electroweb|p1a: Basculegion|[spread] p1b\n|-activate|p1a: Basculegion|move: Protect\n|-resisted|p1b: Politoed\n|-damage|p1b: Politoed|17\/100\n|-unboost|p1b: Politoed|spe|1\n|move|p1b: Politoed|Scald|p2b: Tapu Koko\n|-damage|p2b: Tapu Koko|56\/100\n|-status|p2b: Tapu Koko|brn\n|\n|-weather|RainDance|[upkeep]\n|-damage|p2b: Tapu Koko|50\/100 brn|[from] brn\n|upkeep\n|turn|13\n|\n|t:|1699126970\n|move|p2a: Yami|Encore|p1a: Basculegion\n|-start|p1a: Basculegion|Encore\n|move|p2b: Tapu Koko|Dazzling Gleam|p1a: Basculegion|[spread] p1a,p1b\n|-damage|p1a: Basculegion|40\/100\n|-damage|p1b: Politoed|0 fnt\n|faint|p1b: Politoed\n|move|p1a: Basculegion|Protect||[still]\n|-fail|p1a: Basculegion\n|\n|-weather|none\n|-damage|p2b: Tapu Koko|44\/100 brn|[from] brn\n|upkeep\n|turn|14\n|\n|t:|1699126979\n|move|p1a: Basculegion|Protect|p1a: Basculegion\n|-singleturn|p1a: Basculegion|Protect\n|move|p2b: Tapu Koko|Volt Switch|p1a: Basculegion\n|-activate|p1a: Basculegion|move: Protect\n|move|p2a: Yami|Knock Off|p1a: Basculegion\n|-activate|p1a: Basculegion|move: Protect\n|\n|-damage|p2b: Tapu Koko|38\/100 brn|[from] brn\n|upkeep\n|turn|15\n|\n|t:|1699126986\n|move|p1a: Basculegion|Protect|p1a: Basculegion\n|-singleturn|p1a: Basculegion|Protect\n|move|p2b: Tapu Koko|Volt Switch|p1a: Basculegion\n|-activate|p1a: Basculegion|move: Protect\n|move|p2a: Yami|Knock Off|p1a: Basculegion\n|-activate|p1a: Basculegion|move: Protect\n|\n|-damage|p2b: Tapu Koko|32\/100 brn|[from] brn\n|-end|p1a: Basculegion|Encore\n|upkeep\n|turn|16\n|\n|t:|1699126994\n|move|p2a: Yami|Encore|p1a: Basculegion\n|-start|p1a: Basculegion|Encore\n|move|p2b: Tapu Koko|Volt Switch|p1a: Basculegion\n|-supereffective|p1a: Basculegion\n|-damage|p1a: Basculegion|0 fnt\n|faint|p1a: Basculegion\n|\n|win|fumbari 24\n|raw|Goosehead Swag's rating: 1167 &rarr; <strong>1159<\/strong><br \/>(-8 for losing)\n|raw|fumbari 24's rating: 1447 &rarr; <strong>1454<\/strong><br \/>(+7 for winning)\n|l|\u2606Goosehead Swag\n","uploadtime":1699127011,"views":14,"p1id":"gooseheadswag","p2id":"fumbari24","formatid":"gen9nationaldexdoubles","rating":1159,"private":0,"password":""}