{"id":"gen9nationaldexdoubles-1994853955","p1":"PikaPika15","p2":"Profesor Turo","format":"[Gen 9] National Dex Doubles","log":"|j|\u2606PikaPika15\n|j|\u2606Profesor Turo\n|t:|1700498830\n|gametype|doubles\n|player|p1|PikaPika15|burglar|1318\n|player|p2|Profesor Turo|turo-ai|1413\n|teamsize|p1|6\n|teamsize|p2|6\n|gen|9\n|tier|[Gen 9] National Dex Doubles\n|rated|\n|rule|HP Percentage Mod: HP is shown in percentages\n|rule|Endless Battle Clause: Forcing endless battles is banned\n|rule|OHKO Clause: OHKO moves are banned\n|rule|Evasion Moves Clause: Evasion moves are banned\n|rule|Evasion Abilities Clause: Evasion abilities are banned\n|rule|Species Clause: Limit one of each Pok\u00e9mon\n|rule|Gravity Sleep Clause: The combination of sleep-inducing moves with imperfect accuracy and Gravity or Gigantamax Orbeetle are banned\n|clearpoke\n|poke|p1|Sinistcha|\n|poke|p1|Farigiraf, M|\n|poke|p1|Iron Hands|\n|poke|p1|Torkoal, M|\n|poke|p1|Heatran, M|\n|poke|p1|Kommo-o, M|\n|poke|p2|Charizard, M|\n|poke|p2|Chi-Yu|\n|poke|p2|Flutter Mane|\n|poke|p2|Walking Wake|\n|poke|p2|Coalossal, F|\n|poke|p2|Flamigo, M|\n|teampreview\n|inactive|Battle timer is ON: inactive players will automatically lose when time's up. (requested by Profesor Turo)\n|inactive|PikaPika15 also wants the timer to be on.\n|\n|t:|1700498836\n|start\n|switch|p1a: BOOM|Torkoal, M, shiny|100\/100\n|switch|p1b: HEALING EVERYWHERE|Sinistcha|100\/100\n|switch|p2a: Charizard|Charizard, M|100\/100\n|switch|p2b: Coalossal|Coalossal, F|100\/100\n|-weather|SunnyDay|[from] ability: Drought|[of] p1a: BOOM\n|turn|1\n|\n|t:|1700498866\n|-terastallize|p2b: Coalossal|Fire\n|move|p1a: BOOM|Protect|p1a: BOOM\n|-singleturn|p1a: BOOM|Protect\n|move|p2a: Charizard|Hidden Power|p2b: Coalossal\n|-supereffective|p2b: Coalossal\n|-damage|p2b: Coalossal|83\/100\n|-ability|p2b: Coalossal|Steam Engine|boost\n|-boost|p2b: Coalossal|spe|6\n|-enditem|p2b: Coalossal|Weakness Policy\n|-boost|p2b: Coalossal|atk|2|[from] item: Weakness Policy\n|-boost|p2b: Coalossal|spa|2|[from] item: Weakness Policy\n|move|p2b: Coalossal|Heat Wave|p1a: BOOM|[spread] p1b\n|-activate|p1a: BOOM|move: Protect\n|-supereffective|p1b: HEALING EVERYWHERE\n|-damage|p1b: HEALING EVERYWHERE|0 fnt\n|faint|p1b: HEALING EVERYWHERE\n|\n|-weather|SunnyDay|[upkeep]\n|upkeep\n|\n|t:|1700498882\n|switch|p1b: BEAM BEAM BEAM|Farigiraf, M|100\/100\n|turn|2\n|\n|t:|1700498888\n|switch|p1a: ERUPTION|Heatran, M|100\/100\n|detailschange|p2a: Charizard|Charizard-Mega-Y, M\n|-mega|p2a: Charizard|Charizard|Charizardite Y\n|move|p2b: Coalossal|Heat Wave|p1a: ERUPTION|[spread] p1b\n|-start|p1a: ERUPTION|ability: Flash Fire\n|-damage|p1b: BEAM BEAM BEAM|0 fnt\n|faint|p1b: BEAM BEAM BEAM\n|move|p2a: Charizard|Heat Wave|p1a: ERUPTION\n|-immune|p1a: ERUPTION|[from] ability: Flash Fire\n|\n|-weather|SunnyDay|[upkeep]\n|upkeep\n|\n|t:|1700498905\n|switch|p1b: I SLAP HARD|Iron Hands|100\/100\n|-enditem|p1b: I SLAP HARD|Booster Energy\n|-activate|p1b: I SLAP HARD|ability: Quark Drive|[fromitem]\n|-start|p1b: I SLAP HARD|quarkdriveatk\n|turn|3\n|\n|t:|1700498918\n|move|p2b: Coalossal|Earth Power|p1a: ERUPTION\n|-supereffective|p1a: ERUPTION\n|-damage|p1a: ERUPTION|0 fnt\n|faint|p1a: ERUPTION\n|move|p2a: Charizard|Scorching Sands|p1b: I SLAP HARD\n|-supereffective|p1b: I SLAP HARD\n|-damage|p1b: I SLAP HARD|50\/100\n|move|p1b: I SLAP HARD|Rock Slide|p2a: Charizard|[spread] p2a,p2b\n|-supereffective|p2a: Charizard\n|-supereffective|p2b: Coalossal\n|-damage|p2a: Charizard|0 fnt\n|-damage|p2b: Coalossal|32\/100\n|faint|p2a: Charizard\n|\n|-weather|SunnyDay|[upkeep]\n|upkeep\n|\n|t:|1700498929\n|switch|p2a: Flamigo|Flamigo, M|100\/100\n|switch|p1a: DIE MORTALS|Kommo-o, M|100\/100\n|-copyboost|p2a: Flamigo|p2b: Coalossal|[from] ability: Costar\n|turn|4\n|\n|t:|1700498941\n|move|p2a: Flamigo|Wide Guard|p2a: Flamigo\n|-singleturn|p2a: Flamigo|Wide Guard\n|move|p2b: Coalossal|Heat Wave|p1a: DIE MORTALS|[spread] p1b\n|-miss|p2b: Coalossal|p1a: DIE MORTALS\n|-damage|p1b: I SLAP HARD|0 fnt\n|faint|p1b: I SLAP HARD\n|-end|p1b: I SLAP HARD|Quark Drive|[silent]\n|move|p1a: DIE MORTALS|Clanging Scales|p2a: Flamigo|[spread] \n|-activate|p2a: Flamigo|move: Wide Guard\n|-activate|p2b: Coalossal|move: Wide Guard\n|\n|-weather|SunnyDay|[upkeep]\n|upkeep\n|\n|t:|1700498948\n|switch|p1b: BOOM|Torkoal, M, shiny|100\/100\n|turn|5\n|\n|t:|1700498956\n|-terastallize|p1b: BOOM|Fire\n|move|p2a: Flamigo|Close Combat|p1a: DIE MORTALS\n|-damage|p1a: DIE MORTALS|12\/100\n|-unboost|p2a: Flamigo|def|1\n|-unboost|p2a: Flamigo|spd|1\n|-enditem|p2a: Flamigo|White Herb\n|-clearnegativeboost|p2a: Flamigo|[silent]\n|move|p2b: Coalossal|Heat Wave|p1a: DIE MORTALS|[spread] p1a,p1b\n|-resisted|p1a: DIE MORTALS\n|-resisted|p1b: BOOM\n|-damage|p1a: DIE MORTALS|0 fnt\n|-damage|p1b: BOOM|26\/100\n|faint|p1a: DIE MORTALS\n|move|p1b: BOOM|Eruption|p2b: Coalossal|[spread] p2a,p2b\n|-resisted|p2b: Coalossal\n|-damage|p2a: Flamigo|51\/100\n|-damage|p2b: Coalossal|18\/100\n|\n|-weather|none\n|upkeep\n|turn|6\n|-message|PikaPika15 forfeited.\n|\n|win|Profesor Turo\n|raw|PikaPika15's rating: 1318 &rarr; <strong>1303<\/strong><br \/>(-15 for losing)\n|raw|Profesor Turo's rating: 1413 &rarr; <strong>1428<\/strong><br \/>(+15 for winning)\n|l|\u2606PikaPika15\n","uploadtime":1700498971,"views":0,"p1id":"pikapika15","p2id":"profesorturo","formatid":"gen9nationaldexdoubles","rating":1303,"private":0,"password":""}