{"id":"gen9nationaldexdoubles-1949413108","p1":"Anna Lisa Melculo","p2":"Barilous Decatus","format":"[Gen 9] National Dex Doubles","log":"|j|\u2606Anna Lisa Melculo\n|j|\u2606Barilous Decatus\n|t:|1695357553\n|gametype|doubles\n|player|p1|Anna Lisa Melculo|1|1219\n|player|p2|Barilous Decatus|byron|1045\n|teamsize|p1|6\n|teamsize|p2|6\n|gen|9\n|tier|[Gen 9] National Dex Doubles\n|rated|\n|rule|HP Percentage Mod: HP is shown in percentages\n|rule|Endless Battle Clause: Forcing endless battles is banned\n|rule|OHKO Clause: OHKO moves are banned\n|rule|Evasion Moves Clause: Evasion moves are banned\n|rule|Evasion Abilities Clause: Evasion abilities are banned\n|rule|Species Clause: Limit one of each Pok\u00e9mon\n|rule|Gravity Sleep Clause: The combination of sleep-inducing moves with imperfect accuracy and Gravity or Gigantamax Orbeetle are banned\n|clearpoke\n|poke|p1|Torkoal, M|\n|poke|p1|Flutter Mane|\n|poke|p1|Walking Wake|\n|poke|p1|Volcanion|\n|poke|p1|Chien-Pao|\n|poke|p1|Kingambit, M|\n|poke|p2|Klefki, F|\n|poke|p2|Steelix, M|\n|poke|p2|Ferrothorn, M|\n|poke|p2|Skarmory, F|\n|poke|p2|Heatran, M|\n|poke|p2|Gholdengo|\n|teampreview\n|\n|t:|1695357568\n|start\n|switch|p1a: Pana Zulia|Torkoal, M|100\/100\n|switch|p1b: Agua Potable|Walking Wake|100\/100\n|switch|p2a: Lust|Klefki, F, shiny|100\/100\n|switch|p2b: Sloth|Gholdengo, shiny|100\/100\n|-weather|SunnyDay|[from] ability: Drought|[of] p1a: Pana Zulia\n|-activate|p1b: Agua Potable|ability: Protosynthesis\n|-start|p1b: Agua Potable|protosynthesisspe\n|turn|1\n|\n|t:|1695357585\n|move|p2a: Lust|Attract|p1a: Pana Zulia\n|-start|p1a: Pana Zulia|Attract\n|move|p1b: Agua Potable|Hydro Steam|p2b: Sloth\n|-damage|p2b: Sloth|26\/100\n|move|p2b: Sloth|Thunder Wave|p1a: Pana Zulia\n|-status|p1a: Pana Zulia|par\n|-activate|p1a: Pana Zulia|move: Attract|[of] p2a: Lust\n|move|p1a: Pana Zulia|Eruption|p2a: Lust|[spread] p2a,p2b\n|-supereffective|p2a: Lust\n|-supereffective|p2b: Sloth\n|-damage|p2a: Lust|0 fnt\n|-damage|p2b: Sloth|0 fnt\n|faint|p2a: Lust\n|faint|p2b: Sloth\n|-end|p1a: Pana Zulia|Attract|[silent]\n|\n|-weather|SunnyDay|[upkeep]\n|upkeep\n|\n|t:|1695357599\n|switch|p2b: Gluttony|Ferrothorn, M, shiny|100\/100\n|switch|p2a: Greed|Steelix, M, shiny|100\/100\n|turn|2\n|\n|t:|1695357606\n|switch|p2b: Wrath|Heatran, M|100\/100\n|move|p1b: Agua Potable|Hydro Steam|p2a: Greed\n|-supereffective|p2a: Greed\n|-ability|p2a: Greed|Sturdy\n|-damage|p2a: Greed|1\/100\n|move|p2a: Greed|Stealth Rock|p1a: Pana Zulia\n|-sidestart|p1: Anna Lisa Melculo|move: Stealth Rock\n|move|p1a: Pana Zulia|Eruption|p2b: Wrath|[spread] p2a\n|-start|p2b: Wrath|ability: Flash Fire\n|-supereffective|p2a: Greed\n|-damage|p2a: Greed|0 fnt\n|faint|p2a: Greed\n|\n|-weather|SunnyDay|[upkeep]\n|upkeep\n|\n|t:|1695357620\n|switch|p2a: Gluttony|Ferrothorn, M, shiny|100\/100\n|turn|3\n|\n|t:|1695357639\n|-terastallize|p2b: Wrath|Fire\n|move|p2a: Gluttony|Protect|p2a: Gluttony\n|-singleturn|p2a: Gluttony|Protect\n|move|p1b: Agua Potable|Hydro Steam|p2b: Wrath\n|-supereffective|p2b: Wrath\n|-damage|p2b: Wrath|5\/100\n|move|p2b: Wrath|Heat Wave|p1b: Agua Potable|[spread] p1a,p1b\n|-resisted|p1a: Pana Zulia\n|-resisted|p1b: Agua Potable\n|-damage|p1a: Pana Zulia|51\/100 par\n|-damage|p1b: Agua Potable|75\/100\n|move|p1a: Pana Zulia|Yawn|p2b: Wrath\n|-start|p2b: Wrath|move: Yawn|[of] p1a: Pana Zulia\n|\n|-weather|SunnyDay|[upkeep]\n|upkeep\n|turn|4\n|\n|t:|1695357680\n|-end|p2b: Wrath|ability: Flash Fire|[silent]\n|switch|p2b: Envy|Skarmory, F, shiny|100\/100\n|move|p1b: Agua Potable|Hydro Steam|p2b: Envy\n|-damage|p2b: Envy|22\/100\n|move|p2a: Gluttony|Substitute|p2a: Gluttony\n|-start|p2a: Gluttony|Substitute\n|-damage|p2a: Gluttony|75\/100\n|cant|p1a: Pana Zulia|par\n|\n|-weather|SunnyDay|[upkeep]\n|-heal|p2b: Envy|28\/100|[from] item: Leftovers\n|-heal|p2a: Gluttony|82\/100|[from] item: Leftovers\n|upkeep\n|turn|5\n|\n|t:|1695357699\n|move|p1b: Agua Potable|Hydro Steam|p2b: Envy\n|-damage|p2b: Envy|0 fnt\n|faint|p2b: Envy\n|move|p2a: Gluttony|Leech Seed|p1a: Pana Zulia\n|-start|p1a: Pana Zulia|move: Leech Seed\n|move|p1a: Pana Zulia|Stealth Rock|p2a: Gluttony\n|-sidestart|p2: Barilous Decatus|move: Stealth Rock\n|\n|-weather|none\n|-end|p1b: Agua Potable|Protosynthesis\n|-heal|p2a: Gluttony|88\/100|[from] item: Leftovers\n|-damage|p1a: Pana Zulia|39\/100 par|[from] Leech Seed|[of] p2a: Gluttony\n|-heal|p2a: Gluttony|99\/100|[silent]\n|upkeep\n|\n|t:|1695357705\n|switch|p2b: Wrath|Heatran, M, tera:Fire|5\/100\n|-damage|p2b: Wrath|0 fnt|[from] Stealth Rock\n|faint|p2b: Wrath\n|turn|6\n|\n|t:|1695357722\n|switch|p1a: Kingambit|Kingambit, M|100\/100\n|-damage|p1a: Kingambit|94\/100|[from] Stealth Rock\n|move|p2a: Gluttony|Protect|p2a: Gluttony\n|-singleturn|p2a: Gluttony|Protect\n|move|p1b: Agua Potable|Hydro Steam|p2a: Gluttony\n|-activate|p2a: Gluttony|move: Protect\n|\n|-heal|p2a: Gluttony|100\/100|[from] item: Leftovers\n|upkeep\n|turn|7\n|\n|t:|1695357737\n|move|p1b: Agua Potable|Hydro Steam|p2a: Gluttony\n|-resisted|p2a: Gluttony\n|-activate|p2a: Gluttony|move: Substitute|[damage]\n|move|p1a: Kingambit|Lash Out|p2a: Gluttony\n|-end|p2a: Gluttony|Substitute\n|move|p2a: Gluttony|Toxic|p1b: Agua Potable\n|-status|p1b: Agua Potable|tox\n|\n|-damage|p1b: Agua Potable|69\/100 tox|[from] psn\n|upkeep\n|turn|8\n|\n|t:|1695357752\n|move|p1b: Agua Potable|Hydro Steam|p2a: Gluttony\n|-resisted|p2a: Gluttony\n|-damage|p2a: Gluttony|80\/100\n|move|p1a: Kingambit|Lash Out|p2a: Gluttony\n|-damage|p2a: Gluttony|48\/100\n|-damage|p1a: Kingambit|82\/100|[from] ability: Iron Barbs|[of] p2a: Gluttony\n|move|p2a: Gluttony|Leech Seed|p1a: Kingambit\n|-start|p1a: Kingambit|move: Leech Seed\n|\n|-heal|p2a: Gluttony|54\/100|[from] item: Leftovers\n|-damage|p1a: Kingambit|70\/100|[from] Leech Seed|[of] p2a: Gluttony\n|-heal|p2a: Gluttony|68\/100|[silent]\n|-damage|p1b: Agua Potable|56\/100 tox|[from] psn\n|upkeep\n|turn|9\n|\n|t:|1695357768\n|-end|p1b: Agua Potable|Protosynthesis|[silent]\n|switch|p1b: Pana Zulia|Torkoal, M|39\/100 par\n|-weather|SunnyDay|[from] ability: Drought|[of] p1b: Pana Zulia\n|switch|p1a: PeloeQk|Flutter Mane|100\/100\n|-damage|p1a: PeloeQk|88\/100|[from] Stealth Rock\n|-activate|p1a: PeloeQk|ability: Protosynthesis\n|-start|p1a: PeloeQk|protosynthesisspe\n|move|p2a: Gluttony|Leech Seed|p1b: Pana Zulia\n|-start|p1b: Pana Zulia|move: Leech Seed\n|\n|-weather|SunnyDay|[upkeep]\n|-heal|p2a: Gluttony|75\/100|[from] item: Leftovers\n|-damage|p1b: Pana Zulia|26\/100 par|[from] Leech Seed|[of] p2a: Gluttony\n|-heal|p2a: Gluttony|87\/100|[silent]\n|upkeep\n|turn|10\n|\n|t:|1695357787\n|switch|p1b: Volcanion|Volcanion|100\/100\n|-damage|p1b: Volcanion|75\/100|[from] Stealth Rock\n|move|p1a: PeloeQk|Mystical Fire|p2a: Gluttony\n|-supereffective|p2a: Gluttony\n|-damage|p2a: Gluttony|0 fnt\n|faint|p2a: Gluttony\n|-damage|p1a: PeloeQk|78\/100|[from] item: Life Orb\n|\n|win|Anna Lisa Melculo\n|raw|Anna Lisa Melculo's rating: 1219 &rarr; <strong>1232<\/strong><br \/>(+13 for winning)\n|raw|Barilous Decatus's rating: 1045 &rarr; <strong>1036<\/strong><br \/>(-9 for losing)\n|c|\u2606Barilous Decatus|gg\n|l|\u2606Barilous Decatus\n|c|\u2606Anna Lisa Melculo|gg\n","uploadtime":1695357802,"views":8,"p1id":"annalisamelculo","p2id":"barilousdecatus","formatid":"gen9nationaldexdoubles","rating":1036,"private":0,"password":""}