{"id":"gen9nationaldexdoubles-1968750712","p1":"LightMale","p2":"KeoKeo Simp","format":"[Gen 9] National Dex Doubles","log":"|j|\u2606LightMale\n|j|\u203dKeoKeo Simp\n|t:|1697461235\n|gametype|doubles\n|player|p1|LightMale|silver-masters|1076\n|player|p2|KeoKeo Simp|266|1103\n|teamsize|p1|6\n|teamsize|p2|6\n|gen|9\n|tier|[Gen 9] National Dex Doubles\n|rated|\n|rule|HP Percentage Mod: HP is shown in percentages\n|rule|Endless Battle Clause: Forcing endless battles is banned\n|rule|OHKO Clause: OHKO moves are banned\n|rule|Evasion Moves Clause: Evasion moves are banned\n|rule|Evasion Abilities Clause: Evasion abilities are banned\n|rule|Species Clause: Limit one of each Pok\u00e9mon\n|rule|Gravity Sleep Clause: The combination of sleep-inducing moves with imperfect accuracy and Gravity or Gigantamax Orbeetle are banned\n|clearpoke\n|poke|p1|Honchkrow, M|\n|poke|p1|Greninja-*, M|\n|poke|p1|Golurk|\n|poke|p1|Aegislash, M|\n|poke|p1|Breloom, M|\n|poke|p1|Infernape, M|\n|poke|p2|Pelipper, M|\n|poke|p2|Umbreon, M|\n|poke|p2|Primarina, M|\n|poke|p2|Raichu, F|\n|poke|p2|Venusaur, F|\n|poke|p2|Ninetales, M|\n|teampreview\n|inactive|Battle timer is ON: inactive players will automatically lose when time's up. (requested by LightMale)\n|\n|t:|1697461243\n|start\n|switch|p1a: Honchkrow|Honchkrow, M, shiny|100\/100\n|switch|p1b: Greninja|Greninja, M|100\/100\n|switch|p2a: Pelipper|Pelipper, M|100\/100\n|switch|p2b: Primarina|Primarina, M|100\/100\n|-weather|RainDance|[from] ability: Drizzle|[of] p2a: Pelipper\n|turn|1\n|\n|t:|1697461261\n|move|p1b: Greninja|Dark Pulse|p2a: Pelipper\n|-damage|p2a: Pelipper|14\/100\n|move|p2a: Pelipper|Tailwind|p2a: Pelipper\n|-sidestart|p2: KeoKeo Simp|move: Tailwind\n|move|p2b: Primarina|Blizzard|p1a: Honchkrow|[spread] p1a\n|-miss|p2b: Primarina|p1b: Greninja\n|-supereffective|p1a: Honchkrow\n|-damage|p1a: Honchkrow|8\/100\n|move|p1a: Honchkrow|Air Cutter|p2b: Primarina|[spread] p2a,p2b\n|-crit|p2a: Pelipper\n|-crit|p2b: Primarina\n|-damage|p2a: Pelipper|0 fnt\n|-damage|p2b: Primarina|85\/100\n|faint|p2a: Pelipper\n|\n|-weather|RainDance|[upkeep]\n|upkeep\n|\n|t:|1697461275\n|switch|p2a: Raichu|Raichu, F|100\/100\n|turn|2\n|\n|t:|1697461283\n|move|p2a: Raichu|Thunder|p1b: Greninja\n|-supereffective|p1b: Greninja\n|-damage|p1b: Greninja|0 fnt\n|faint|p1b: Greninja\n|move|p2b: Primarina|Hyper Voice|p1a: Honchkrow\n|-damage|p1a: Honchkrow|0 fnt\n|faint|p1a: Honchkrow\n|\n|-weather|RainDance|[upkeep]\n|upkeep\n|\n|t:|1697461296\n|switch|p1b: Aegislash|Aegislash, M|100\/100\n|switch|p1a: Golurk|Golurk|100\/100\n|turn|3\n|\n|t:|1697461313\n|switch|p2a: Umbreon|Umbreon, M|100\/100\n|switch|p2b: Venusaur|Venusaur, F|100\/100\n|-formechange|p1b: Aegislash|Aegislash-Blade||[from] ability: Stance Change\n|move|p1b: Aegislash|Iron Head|p2b: Venusaur\n|-damage|p2b: Venusaur|12\/100\n|-damage|p1b: Aegislash|91\/100|[from] item: Life Orb\n|move|p1a: Golurk|Earthquake|p2b: Venusaur|[spread] p1b,p2a,p2b\n|-supereffective|p1b: Aegislash\n|-damage|p1b: Aegislash|0 fnt\n|-damage|p2a: Umbreon|73\/100\n|-damage|p2b: Venusaur|0 fnt\n|faint|p1b: Aegislash\n|faint|p2b: Venusaur\n|\n|-weather|RainDance|[upkeep]\n|upkeep\n|\n|t:|1697461331\n|switch|p2b: Primarina|Primarina, M|85\/100\n|switch|p1b: Breloom|Breloom, M|100\/100\n|turn|4\n|\n|t:|1697461347\n|move|p2a: Umbreon|Foul Play|p1b: Breloom\n|-resisted|p1b: Breloom\n|-damage|p1b: Breloom|61\/100\n|move|p2b: Primarina|Blizzard|p1a: Golurk|[spread] p1a\n|-miss|p2b: Primarina|p1b: Breloom\n|-supereffective|p1a: Golurk\n|-damage|p1a: Golurk|29\/100\n|move|p1b: Breloom|Bullet Seed|p2b: Primarina\n|-supereffective|p2b: Primarina\n|-damage|p2b: Primarina|35\/100\n|-supereffective|p2b: Primarina\n|-damage|p2b: Primarina|0 fnt\n|faint|p2b: Primarina\n|-hitcount|p2: Primarina|2\n|move|p1a: Golurk|Dynamic Punch|p2a: Umbreon\n|-supereffective|p2a: Umbreon\n|-damage|p2a: Umbreon|20\/100\n|-start|p2a: Umbreon|confusion\n|\n|-weather|RainDance|[upkeep]\n|-sideend|p2: KeoKeo Simp|move: Tailwind\n|upkeep\n|\n|t:|1697461364\n|switch|p2b: Ninetales|Ninetales, M|100\/100\n|-weather|SunnyDay|[from] ability: Drought|[of] p2b: Ninetales\n|turn|5\n|\n|t:|1697461374\n|switch|p2a: Raichu|Raichu, F|100\/100\n|move|p1b: Breloom|Mach Punch|p2a: Raichu\n|-damage|p2a: Raichu|30\/100\n|move|p2b: Ninetales|Fire Blast|p1b: Breloom\n|-supereffective|p1b: Breloom\n|-damage|p1b: Breloom|0 fnt\n|faint|p1b: Breloom\n|move|p1a: Golurk|Earthquake|p2b: Ninetales|[spread] p2a,p2b\n|-supereffective|p2a: Raichu\n|-supereffective|p2b: Ninetales\n|-damage|p2a: Raichu|0 fnt\n|-damage|p2b: Ninetales|0 fnt\n|faint|p2a: Raichu\n|faint|p2b: Ninetales\n|\n|-weather|SunnyDay|[upkeep]\n|upkeep\n|\n|t:|1697461390\n|switch|p2b: Umbreon|Umbreon, M|20\/100\n|switch|p1b: Infernape|Infernape, M|100\/100\n|turn|6\n|\n|t:|1697461397\n|move|p1b: Infernape|Mach Punch|p2b: Umbreon\n|-supereffective|p2b: Umbreon\n|-damage|p2b: Umbreon|0 fnt\n|-damage|p1b: Infernape|84\/100|[from] item: Rocky Helmet|[of] p2b: Umbreon\n|faint|p2b: Umbreon\n|-damage|p1b: Infernape|74\/100|[from] item: Life Orb\n|\n|win|LightMale\n|raw|LightMale's rating: 1076 &rarr; <strong>1107<\/strong><br \/>(+31 for winning)\n|raw|KeoKeo Simp's rating: 1103 &rarr; <strong>1076<\/strong><br \/>(-27 for losing)\n","uploadtime":1697461401,"views":12,"p1id":"lightmale","p2id":"keokeosimp","formatid":"gen9nationaldexdoubles","rating":1076,"private":0,"password":""}