{"id":"gen9nationaldexdoubles-1977015958","p1":"A long name really","p2":"CoffeeCreemz","format":"[Gen 9] National Dex Doubles","log":"|j|\u2606A long name really\n|j|\u2606CoffeeCreemz\n|t:|1698362103\n|gametype|doubles\n|player|p1|A long name really|candice|1000\n|player|p2|CoffeeCreemz|102|1105\n|teamsize|p1|6\n|teamsize|p2|6\n|gen|9\n|tier|[Gen 9] National Dex Doubles\n|rated|\n|rule|HP Percentage Mod: HP is shown in percentages\n|rule|Endless Battle Clause: Forcing endless battles is banned\n|rule|OHKO Clause: OHKO moves are banned\n|rule|Evasion Moves Clause: Evasion moves are banned\n|rule|Evasion Abilities Clause: Evasion abilities are banned\n|rule|Species Clause: Limit one of each Pok\u00e9mon\n|rule|Gravity Sleep Clause: The combination of sleep-inducing moves with imperfect accuracy and Gravity or Gigantamax Orbeetle are banned\n|clearpoke\n|poke|p1|Staraptor, F|\n|poke|p1|Grimmsnarl, M|\n|poke|p1|Luvdisc, F|\n|poke|p1|Indeedee-F, F|\n|poke|p1|Armarouge, F|\n|poke|p1|Chien-Pao|\n|poke|p2|Gallade, M|\n|poke|p2|Weavile, L1, M|\n|poke|p2|Dachsbun, F|\n|poke|p2|Armarouge, M|\n|poke|p2|Clefable, M|\n|poke|p2|Eelektross, F|\n|teampreview\n|inactive|Battle timer is ON: inactive players will automatically lose when time's up. (requested by A long name really)\n|\n|t:|1698362112\n|start\n|switch|p1a: Staraptor|Staraptor, F|100\/100\n|switch|p1b: Grimmsnarl|Grimmsnarl, M|100\/100\n|switch|p2a: :)|Gallade, M, shiny|100\/100\n|switch|p2b: Weavile|Weavile, L1, M, shiny|100\/100\n|turn|1\n|\n|t:|1698362130\n|move|p1b: Grimmsnarl|Bulk Up|p1b: Grimmsnarl\n|-boost|p1b: Grimmsnarl|atk|1\n|-boost|p1b: Grimmsnarl|def|1\n|-zpower|p1a: Staraptor\n|move|p1a: Staraptor|Z-Mirror Move||[anim]Mirror Move|[still]\n|-boost|p1a: Staraptor|atk|2|[zeffect]\n|-fail|p1a: Staraptor\n|move|p2a: :)|Drain Punch|p1b: Grimmsnarl\n|-damage|p1b: Grimmsnarl|71\/100\n|move|p2b: Weavile|Beat Up|p2a: :)\n|-damage|p2a: :)|99\/100\n|-ability|p2a: :)|Justified|boost\n|-boost|p2a: :)|atk|1\n|-damage|p2a: :)|99\/100\n|-ability|p2a: :)|Justified|boost\n|-boost|p2a: :)|atk|1\n|-damage|p2a: :)|99\/100\n|-ability|p2a: :)|Justified|boost\n|-boost|p2a: :)|atk|1\n|-damage|p2a: :)|99\/100\n|-ability|p2a: :)|Justified|boost\n|-boost|p2a: :)|atk|1\n|-damage|p2a: :)|99\/100\n|-ability|p2a: :)|Justified|boost\n|-boost|p2a: :)|atk|1\n|-damage|p2a: :)|98\/100\n|-ability|p2a: :)|Justified|boost\n|-boost|p2a: :)|atk|1\n|-hitcount|p2a: :)|6\n|\n|upkeep\n|turn|2\n|inactive|CoffeeCreemz has 120 seconds left.\n|\n|t:|1698362171\n|detailschange|p2a: :)|Gallade-Mega, M, shiny\n|-mega|p2a: :)|Gallade|Galladite\n|move|p1b: Grimmsnarl|Reflect|p1b: Grimmsnarl\n|-sidestart|p1: A long name really|Reflect\n|move|p2a: :)|Drain Punch|p1b: Grimmsnarl\n|-damage|p1b: Grimmsnarl|0 fnt\n|-heal|p2a: :)|100\/100|[from] drain|[of] p1b: Grimmsnarl\n|faint|p1b: Grimmsnarl\n|move|p1a: Staraptor|Brave Bird|p2a: :)\n|-supereffective|p2a: :)\n|-damage|p2a: :)|0 fnt\n|faint|p2a: :)\n|-damage|p1a: Staraptor|71\/100|[from] Recoil\n|move|p2b: Weavile|Beat Up|p1a: Staraptor\n|-damage|p1a: Staraptor|71\/100\n|-damage|p1a: Staraptor|71\/100\n|-damage|p1a: Staraptor|70\/100\n|-damage|p1a: Staraptor|70\/100\n|-damage|p1a: Staraptor|70\/100\n|-hitcount|p1a: Staraptor|5\n|\n|upkeep\n|inactive|CoffeeCreemz has 120 seconds left.\n|\n|t:|1698362209\n|switch|p2a: Clefable|Clefable, M, shiny|100\/100\n|switch|p1b: Luvdisc|Luvdisc, F|100\/100\n|turn|3\n|inactive|CoffeeCreemz has 120 seconds left.\n|\n|t:|1698362221\n|switch|p2b: Eelektross|Eelektross, F, shiny|100\/100\n|move|p1b: Luvdisc|Heal Pulse|p1a: Staraptor\n|-heal|p1a: Staraptor|100\/100\n|move|p1a: Staraptor|Brave Bird|p2a: Clefable\n|-damage|p2a: Clefable|0 fnt\n|faint|p2a: Clefable\n|-damage|p1a: Staraptor|65\/100|[from] Recoil\n|\n|upkeep\n|inactive|CoffeeCreemz has 120 seconds left.\n|\n|t:|1698362237\n|switch|p2a: Dachsbun|Dachsbun, F|100\/100\n|turn|4\n|c|\u2606A long name really|Was that not unaware\n|\n|t:|1698362245\n|move|p1b: Luvdisc|Heal Pulse|p1a: Staraptor\n|-heal|p1a: Staraptor|100\/100\n|move|p1a: Staraptor|Double-Edge|p2b: Eelektross\n|-damage|p2b: Eelektross|0 fnt\n|faint|p2b: Eelektross\n|-damage|p1a: Staraptor|67\/100|[from] Recoil\n|move|p2a: Dachsbun|Body Press|p1b: Luvdisc\n|-damage|p1b: Luvdisc|59\/100\n|\n|upkeep\n|\n|t:|1698362252\n|switch|p2b: Armarouge|Armarouge, M|100\/100\n|turn|5\n|\n|t:|1698362266\n|move|p1b: Luvdisc|Heal Pulse|p1a: Staraptor\n|-heal|p1a: Staraptor|100\/100\n|move|p1a: Staraptor|Brave Bird|p2b: Armarouge\n|-damage|p2b: Armarouge|0 fnt\n|faint|p2b: Armarouge\n|-damage|p1a: Staraptor|67\/100|[from] Recoil\n|move|p2a: Dachsbun|Body Press|p1b: Luvdisc\n|-damage|p1b: Luvdisc|19\/100\n|\n|upkeep\n|c|\u2606CoffeeCreemz|no it was magic guard\n|inactive|CoffeeCreemz has 120 seconds left.\n|c|\u2606CoffeeCreemz|i was weakness policy poison\n|c|\u2606A long name really|Thought it was unaware\n|c|\u2606A long name really|Even though i use magic guard too\n|c|\u2606CoffeeCreemz|it wouldnt have done anything if i had unaware\n|\n|t:|1698362314\n|switch|p2b: Weavile|Weavile, L1, M, shiny|100\/100\n|turn|6\n|inactive|CoffeeCreemz has 120 seconds left.\n|\n|t:|1698362325\n|move|p2b: Weavile|Fake Out|p1a: Staraptor\n|-damage|p1a: Staraptor|67\/100\n|move|p1b: Luvdisc|Heal Pulse|p1a: Staraptor\n|-heal|p1a: Staraptor|100\/100\n|cant|p1a: Staraptor|flinch\n|move|p2a: Dachsbun|Fire Fang|p1a: Staraptor\n|-damage|p1a: Staraptor|85\/100\n|\n|upkeep\n|turn|7\n|inactive|CoffeeCreemz has 120 seconds left.\n|\n|t:|1698362350\n|-terastallize|p2a: Dachsbun|Steel\n|move|p1b: Luvdisc|Heal Pulse|p1a: Staraptor\n|-heal|p1a: Staraptor|100\/100\n|move|p1a: Staraptor|Brave Bird|p2a: Dachsbun\n|-resisted|p2a: Dachsbun\n|-damage|p2a: Dachsbun|35\/100\n|-damage|p1a: Staraptor|83\/100|[from] Recoil\n|move|p2a: Dachsbun|Psychic Fangs|p1a: Staraptor\n|-sideend|p1: A long name really|Reflect\n|-damage|p1a: Staraptor|55\/100\n|move|p2b: Weavile|Frustration|p1b: Luvdisc\n|-damage|p1b: Luvdisc|18\/100\n|\n|-heal|p2a: Dachsbun|40\/100|[from] item: Leftovers\n|upkeep\n|turn|8\n|inactive|CoffeeCreemz has 120 seconds left.\n|c|\u2606CoffeeCreemz|well ggs\n|c|\u2606CoffeeCreemz|bye\n|-message|CoffeeCreemz forfeited.\n|\n|win|A long name really\n|raw|A long name really's rating: 1000 &rarr; <strong>1052<\/strong><br \/>(+52 for winning)\n|raw|CoffeeCreemz's rating: 1105 &rarr; <strong>1073<\/strong><br \/>(-32 for losing)\n|l|\u2606CoffeeCreemz\n","uploadtime":1698362400,"views":6,"p1id":"alongnamereally","p2id":"coffeecreemz","formatid":"gen9nationaldexdoubles","rating":1052,"private":0,"password":""}