{"id":"gen9nationaldexdoubles-1967752109","p1":"mmmirza","p2":"xiaoqing three","format":"[Gen 9] National Dex Doubles","log":"|j|\u2606mmmirza\n|j|\u2606xiaoqing three\n|t:|1697334408\n|gametype|doubles\n|player|p1|mmmirza|2|1452\n|player|p2|xiaoqing three|juliana-s|1686\n|teamsize|p1|6\n|teamsize|p2|6\n|gen|9\n|tier|[Gen 9] National Dex Doubles\n|rated|\n|rule|HP Percentage Mod: HP is shown in percentages\n|rule|Endless Battle Clause: Forcing endless battles is banned\n|rule|OHKO Clause: OHKO moves are banned\n|rule|Evasion Moves Clause: Evasion moves are banned\n|rule|Evasion Abilities Clause: Evasion abilities are banned\n|rule|Species Clause: Limit one of each Pok\u00e9mon\n|rule|Gravity Sleep Clause: The combination of sleep-inducing moves with imperfect accuracy and Gravity or Gigantamax Orbeetle are banned\n|clearpoke\n|poke|p1|Ogerpon-Hearthflame, F|\n|poke|p1|Whimsicott, M|\n|poke|p1|Marshadow|\n|poke|p1|Chien-Pao|\n|poke|p1|Kingambit, F|\n|poke|p1|Charizard, M|\n|poke|p2|Marshadow|\n|poke|p2|Rillaboom, M|\n|poke|p2|Diancie|\n|poke|p2|Palafin, M|\n|poke|p2|Salamence, F|\n|poke|p2|Heatran, M|\n|teampreview\n|inactive|Battle timer is ON: inactive players will automatically lose when time's up. (requested by mmmirza)\n|j| runebtw\n|\n|t:|1697334427\n|start\n|switch|p1a: Chien-Pao|Chien-Pao|100\/100\n|switch|p1b: Ogerpon|Ogerpon-Hearthflame, F|100\/100\n|switch|p2a: Rillaboom|Rillaboom, M, shiny|100\/100\n|switch|p2b: Palafin|Palafin, M, shiny|100\/100\n|-ability|p1a: Chien-Pao|Sword of Ruin\n|-ability|p1b: Ogerpon|Mold Breaker\n|-fieldstart|move: Grassy Terrain|[from] ability: Grassy Surge|[of] p2a: Rillaboom\n|turn|1\n|\n|t:|1697334445\n|detailschange|p2b: Palafin|Palafin-Hero, M, shiny\n|switch|p2b: Diancie|Diancie, shiny|100\/100\n|move|p1a: Chien-Pao|Protect|p1a: Chien-Pao\n|-singleturn|p1a: Chien-Pao|Protect\n|move|p1b: Ogerpon|Spiky Shield|p1b: Ogerpon\n|-singleturn|p1b: Ogerpon|move: Protect\n|move|p2a: Rillaboom|Fake Out|p1b: Ogerpon\n|-activate|p1b: Ogerpon|move: Protect\n|-damage|p2a: Rillaboom|88\/100|[from] Spiky Shield|[of] p1b: Ogerpon\n|\n|-heal|p2a: Rillaboom|94\/100|[from] Grassy Terrain\n|upkeep\n|turn|2\n|l| runebtw\n|\n|t:|1697334465\n|-terastallize|p1b: Ogerpon|Fire\n|detailschange|p1b: Ogerpon|Ogerpon-Hearthflame-Tera, F, tera:Fire\n|-ability|p1b: Ogerpon|Embody Aspect (Hearthflame)|boost\n|-boost|p1b: Ogerpon|atk|1\n|-terastallize|p2b: Diancie|Grass\n|move|p1a: Chien-Pao|Ice Spinner|p2a: Rillaboom\n|-supereffective|p2a: Rillaboom\n|-damage|p2a: Rillaboom|5\/100\n|-fieldend|move: Grassy Terrain\n|move|p1b: Ogerpon|Horn Leech|p2b: Diancie\n|-resisted|p2b: Diancie\n|-damage|p2b: Diancie|64\/100\n|move|p2a: Rillaboom|U-turn|p1a: Chien-Pao\n|-supereffective|p1a: Chien-Pao\n|-damage|p1a: Chien-Pao|37\/100\n|\n|t:|1697334476\n|switch|p2a: Heatran|Heatran, M|100\/100|[from] U-turn\n|move|p2b: Diancie|Trick Room|p2b: Diancie\n|-fieldstart|move: Trick Room|[of] p2b: Diancie\n|\n|upkeep\n|turn|3\n|\n|t:|1697334497\n|move|p1b: Ogerpon|Spiky Shield|p1b: Ogerpon\n|-singleturn|p1b: Ogerpon|move: Protect\n|move|p1a: Chien-Pao|Sucker Punch|p2b: Diancie\n|-damage|p2b: Diancie|30\/100\n|move|p2b: Diancie|Diamond Storm|p1b: Ogerpon|[spread] p1a\n|-activate|p1b: Ogerpon|move: Protect\n|-supereffective|p1a: Chien-Pao\n|-crit|p1a: Chien-Pao\n|-damage|p1a: Chien-Pao|0 fnt\n|-boost|p2b: Diancie|def|2\n|faint|p1a: Chien-Pao\n|move|p2a: Heatran|Earth Power|p1b: Ogerpon\n|-activate|p1b: Ogerpon|move: Protect\n|\n|upkeep\n|inactive|mmmirza has 120 seconds left.\n|\n|t:|1697334524\n|switch|p1a: Kingambit|Kingambit, F|100\/100\n|turn|4\n|\n|t:|1697334537\n|move|p2b: Diancie|Body Press|p1a: Kingambit\n|-supereffective|p1a: Kingambit\n|-damage|p1a: Kingambit|0 fnt\n|faint|p1a: Kingambit\n|move|p2a: Heatran|Earth Power|p1b: Ogerpon\n|-supereffective|p1b: Ogerpon\n|-damage|p1b: Ogerpon|20\/100\n|move|p1b: Ogerpon|Stomping Tantrum|p2a: Heatran\n|-supereffective|p2a: Heatran\n|-damage|p2a: Heatran|0 fnt\n|faint|p2a: Heatran\n|\n|upkeep\n|\n|t:|1697334557\n|switch|p1a: Marshadow|Marshadow|100\/100\n|switch|p2a: Rillaboom|Rillaboom, M, shiny|5\/100\n|-fieldstart|move: Grassy Terrain|[from] ability: Grassy Surge|[of] p2a: Rillaboom\n|turn|5\n|\n|t:|1697334568\n|move|p1b: Ogerpon|Spiky Shield|p1b: Ogerpon\n|-singleturn|p1b: Ogerpon|move: Protect\n|move|p2a: Rillaboom|Grassy Glide|p1a: Marshadow\n|-damage|p1a: Marshadow|57\/100\n|move|p2b: Diancie|Diamond Storm|p1b: Ogerpon|[spread] p1a\n|-activate|p1b: Ogerpon|move: Protect\n|-resisted|p1a: Marshadow\n|-damage|p1a: Marshadow|35\/100\n|-boost|p2b: Diancie|def|2\n|-zpower|p1a: Marshadow\n|move|p1a: Marshadow|Soul-Stealing 7-Star Strike|p2b: Diancie|[zeffect]\n|-damage|p2b: Diancie|4\/100\n|\n|-heal|p2b: Diancie|11\/100|[from] Grassy Terrain\n|-heal|p2a: Rillaboom|11\/100|[from] Grassy Terrain\n|-heal|p1b: Ogerpon|26\/100|[from] Grassy Terrain\n|-heal|p1a: Marshadow|42\/100|[from] Grassy Terrain\n|upkeep\n|turn|6\n|\n|t:|1697334598\n|switch|p1b: Charizard|Charizard, M|100\/100\n|move|p2a: Rillaboom|Grassy Glide|p1a: Marshadow\n|-damage|p1a: Marshadow|0 fnt\n|faint|p1a: Marshadow\n|move|p2b: Diancie|Diamond Storm|p1b: Charizard\n|-supereffective|p1b: Charizard\n|-damage|p1b: Charizard|0 fnt\n|faint|p1b: Charizard\n|\n|-heal|p2b: Diancie|17\/100|[from] Grassy Terrain\n|-heal|p2a: Rillaboom|18\/100|[from] Grassy Terrain\n|-fieldend|move: Trick Room\n|upkeep\n|inactive|mmmirza has 120 seconds left.\n|-message|mmmirza forfeited.\n|\n|win|xiaoqing three\n|raw|mmmirza's rating: 1452 &rarr; <strong>1444<\/strong><br \/>(-8 for losing)\n|raw|xiaoqing three's rating: 1686 &rarr; <strong>1694<\/strong><br \/>(+8 for winning)\n|l|\u2606mmmirza\n|l|\u2606xiaoqing three\n|j|\u2606xiaoqing three\n|player|p2|xiaoqing three|juliana-s\n","uploadtime":1697334700,"views":10,"p1id":"mmmirza","p2id":"xiaoqingthree","formatid":"gen9nationaldexdoubles","rating":1444,"private":0,"password":""}