{"id":"gen9nationaldexdoubles-1962279638","p1":"DOUFBantheflutter","p2":"smudgerox","format":"[Gen 9] National Dex Doubles","log":"|j|\u2606DOUFBantheflutter\n|j|\u2606smudgerox\n|t:|1696726215\n|gametype|doubles\n|player|p1|DOUFBantheflutter|psychicf-gen4|\n|player|p2|smudgerox|#dwcopiii|\n|teamsize|p1|6\n|teamsize|p2|6\n|gen|9\n|tier|[Gen 9] National Dex Doubles\n|rated|Tournament battle\n|rule|HP Percentage Mod: HP is shown in percentages\n|rule|Endless Battle Clause: Forcing endless battles is banned\n|rule|OHKO Clause: OHKO moves are banned\n|rule|Evasion Moves Clause: Evasion moves are banned\n|rule|Evasion Abilities Clause: Evasion abilities are banned\n|rule|Species Clause: Limit one of each Pok\u00e9mon\n|rule|Gravity Sleep Clause: The combination of sleep-inducing moves with imperfect accuracy and Gravity or Gigantamax Orbeetle are banned\n|clearpoke\n|poke|p1|Metagross|\n|poke|p1|Amoonguss, F|\n|poke|p1|Ursaluna, M|\n|poke|p1|Kommo-o, F|\n|poke|p1|Incineroar, M|\n|poke|p1|Cresselia, F|\n|poke|p2|Tornadus, M|\n|poke|p2|Ogerpon-Hearthflame, F|\n|poke|p2|Rillaboom, M|\n|poke|p2|Chi-Yu|\n|poke|p2|Zamazenta-*|\n|poke|p2|Flutter Mane|\n|teampreview\n|inactive|Battle timer is ON: inactive players will automatically lose when time's up. (requested by smudgerox)\n|inactive|DOUFBantheflutter also wants the timer to be on.\n|c|\u2606smudgerox|hf\n|\n|t:|1696726233\n|start\n|switch|p1a: Kommo-o|Kommo-o, F|100\/100\n|switch|p1b: Incineroar|Incineroar, M, shiny|100\/100\n|switch|p2a: Rillaboom|Rillaboom, M|100\/100\n|switch|p2b: Chi-Yu|Chi-Yu|100\/100\n|-ability|p2b: Chi-Yu|Beads of Ruin\n|-fieldstart|move: Grassy Terrain|[from] ability: Grassy Surge|[of] p2a: Rillaboom\n|-enditem|p2b: Chi-Yu|Grassy Seed\n|-boost|p2b: Chi-Yu|def|1|[from] item: Grassy Seed\n|-ability|p1b: Incineroar|Intimidate|boost\n|-unboost|p2a: Rillaboom|atk|1\n|-unboost|p2b: Chi-Yu|atk|1\n|turn|1\n|\n|t:|1696726256\n|move|p2a: Rillaboom|Fake Out|p1b: Incineroar\n|-damage|p1b: Incineroar|92\/100\n|cant|p1b: Incineroar|flinch\n|move|p2b: Chi-Yu|Nasty Plot|p2b: Chi-Yu\n|-boost|p2b: Chi-Yu|spa|2\n|-zpower|p1a: Kommo-o\n|move|p1a: Kommo-o|Clangorous Soulblaze|p2b: Chi-Yu|[zeffect]|[spread] p2a,p2b\n|-damage|p2a: Rillaboom|36\/100\n|-damage|p2b: Chi-Yu|46\/100\n|-boost|p1a: Kommo-o|atk|1\n|-boost|p1a: Kommo-o|def|1\n|-boost|p1a: Kommo-o|spa|1\n|-boost|p1a: Kommo-o|spd|1\n|-boost|p1a: Kommo-o|spe|1\n|\n|-heal|p2b: Chi-Yu|52\/100|[from] Grassy Terrain\n|-heal|p2a: Rillaboom|43\/100|[from] Grassy Terrain\n|-heal|p1b: Incineroar|98\/100|[from] Grassy Terrain\n|upkeep\n|turn|2\n|inactive|smudgerox has 120 seconds left.\n|\n|t:|1696726295\n|move|p2b: Chi-Yu|Protect|p2b: Chi-Yu\n|-singleturn|p2b: Chi-Yu|Protect\n|move|p1a: Kommo-o|Aura Sphere|p2b: Chi-Yu\n|-activate|p2b: Chi-Yu|move: Protect\n|move|p2a: Rillaboom|U-turn|p1a: Kommo-o\n|-resisted|p1a: Kommo-o\n|-damage|p1a: Kommo-o|95\/100\n|\n|t:|1696726304\n|switch|p2a: Tornadus|Tornadus, M|100\/100|[from] U-turn\n|move|p1b: Incineroar|Flare Blitz|p2a: Tornadus\n|-damage|p2a: Tornadus|57\/100\n|-damage|p1b: Incineroar|85\/100|[from] Recoil\n|\n|-heal|p1a: Kommo-o|100\/100|[from] Grassy Terrain\n|-heal|p2b: Chi-Yu|58\/100|[from] Grassy Terrain\n|-heal|p1b: Incineroar|91\/100|[from] Grassy Terrain\n|upkeep\n|turn|3\n|inactive|smudgerox has 120 seconds left.\n|\n|t:|1696726332\n|move|p2a: Tornadus|Tailwind|p2a: Tornadus\n|-sidestart|p2: smudgerox|move: Tailwind\n|move|p2b: Chi-Yu|Dark Pulse|p1a: Kommo-o\n|-resisted|p1a: Kommo-o\n|-damage|p1a: Kommo-o|66\/100\n|move|p1a: Kommo-o|Clanging Scales|p2a: Tornadus|[spread] p2a,p2b\n|-damage|p2a: Tornadus|0 fnt\n|-damage|p2b: Chi-Yu|7\/100\n|faint|p2a: Tornadus\n|-unboost|p1a: Kommo-o|def|1\n|move|p1b: Incineroar|Flare Blitz|p2b: Chi-Yu\n|-resisted|p2b: Chi-Yu\n|-damage|p2b: Chi-Yu|0 fnt\n|faint|p2b: Chi-Yu\n|-damage|p1b: Incineroar|89\/100|[from] Recoil\n|\n|-heal|p1a: Kommo-o|72\/100|[from] Grassy Terrain\n|-heal|p1b: Incineroar|95\/100|[from] Grassy Terrain\n|upkeep\n|\n|t:|1696726346\n|switch|p2b: Zamazenta|Zamazenta|100\/100\n|switch|p2a: Flutter Mane|Flutter Mane|100\/100\n|-ability|p2b: Zamazenta|Dauntless Shield|boost\n|-boost|p2b: Zamazenta|def|1\n|turn|4\n|inactive|smudgerox has 120 seconds left.\n|j| cornpopbad\n|j|+Slash Death\n|\n|t:|1696726384\n|switch|p1b: Metagross|Metagross, shiny|100\/100\n|-terastallize|p2a: Flutter Mane|Fairy\n|move|p1a: Kommo-o|Protect|p1a: Kommo-o\n|-singleturn|p1a: Kommo-o|Protect\n|move|p2b: Zamazenta|Body Press|p1b: Metagross\n|-damage|p1b: Metagross|61\/100\n|move|p2a: Flutter Mane|Dazzling Gleam|p1b: Metagross|[spread] p1b\n|-activate|p1a: Kommo-o|move: Protect\n|-resisted|p1b: Metagross\n|-damage|p1b: Metagross|26\/100\n|\n|-heal|p1a: Kommo-o|78\/100|[from] Grassy Terrain\n|-heal|p1b: Metagross|32\/100|[from] Grassy Terrain\n|upkeep\n|turn|5\n|inactive|smudgerox has 120 seconds left.\n|\n|t:|1696726405\n|detailschange|p1b: Metagross|Metagross-Mega, shiny\n|-mega|p1b: Metagross|Metagross|Metagrossite\n|move|p1b: Metagross|Protect|p1b: Metagross\n|-singleturn|p1b: Metagross|Protect\n|move|p2b: Zamazenta|Body Press|p1b: Metagross\n|-activate|p1b: Metagross|move: Protect\n|move|p2a: Flutter Mane|Dazzling Gleam|p1a: Kommo-o|[spread] p1a\n|-activate|p1b: Metagross|move: Protect\n|-supereffective|p1a: Kommo-o\n|-damage|p1a: Kommo-o|0 fnt\n|faint|p1a: Kommo-o\n|\n|-heal|p1b: Metagross|38\/100|[from] Grassy Terrain\n|-fieldend|move: Grassy Terrain\n|upkeep\n|\n|t:|1696726416\n|switch|p1a: Incineroar|Incineroar, M, shiny|95\/100\n|-ability|p1a: Incineroar|Intimidate|boost\n|-unboost|p2a: Flutter Mane|atk|1\n|-unboost|p2b: Zamazenta|atk|1\n|turn|6\n|\n|t:|1696726426\n|-end|p2a: Flutter Mane|Protosynthesis|[silent]\n|switch|p2a: Rillaboom|Rillaboom, M|43\/100\n|-fieldstart|move: Grassy Terrain|[from] ability: Grassy Surge|[of] p2a: Rillaboom\n|move|p1a: Incineroar|Fake Out|p2b: Zamazenta\n|-damage|p2b: Zamazenta|95\/100\n|cant|p2b: Zamazenta|flinch\n|move|p1b: Metagross|Iron Head|p2a: Rillaboom\n|-damage|p2a: Rillaboom|0 fnt\n|faint|p2a: Rillaboom\n|\n|-heal|p2b: Zamazenta|100\/100|[from] Grassy Terrain\n|-heal|p1b: Metagross|44\/100|[from] Grassy Terrain\n|-heal|p1a: Incineroar|100\/100|[from] Grassy Terrain\n|-sideend|p2: smudgerox|move: Tailwind\n|upkeep\n|\n|t:|1696726435\n|switch|p2a: Ogerpon|Ogerpon-Hearthflame, F|100\/100\n|-ability|p2a: Ogerpon|Mold Breaker\n|turn|7\n|\n|t:|1696726459\n|-terastallize|p1a: Incineroar|Grass\n|move|p2b: Zamazenta|Body Press|p1a: Incineroar\n|-damage|p1a: Incineroar|58\/100\n|move|p2a: Ogerpon|Swords Dance|p2a: Ogerpon\n|-boost|p2a: Ogerpon|atk|2\n|move|p1b: Metagross|Stomping Tantrum|p2a: Ogerpon\n|-damage|p2a: Ogerpon|51\/100\n|move|p1a: Incineroar|Parting Shot|p2a: Ogerpon\n|-unboost|p2a: Ogerpon|atk|1\n|-unboost|p2a: Ogerpon|spa|1\n|\n|t:|1696726473\n|switch|p1a: Cresselia|Cresselia, F|100\/100|[from] Parting Shot\n|\n|-heal|p2a: Ogerpon|57\/100|[from] Grassy Terrain\n|-heal|p1b: Metagross|50\/100|[from] Grassy Terrain\n|upkeep\n|turn|8\n|\n|t:|1696726496\n|move|p2b: Zamazenta|Coaching|p2a: Ogerpon\n|-boost|p2a: Ogerpon|atk|1\n|-boost|p2a: Ogerpon|def|1\n|move|p2a: Ogerpon|Ivy Cudgel|p1a: Cresselia\n|-damage|p1a: Cresselia|28\/100\n|move|p1b: Metagross|Stomping Tantrum|p2a: Ogerpon\n|-damage|p2a: Ogerpon|26\/100\n|move|p1a: Cresselia|Trick Room|p1a: Cresselia\n|-fieldstart|move: Trick Room|[of] p1a: Cresselia\n|\n|-heal|p1b: Metagross|56\/100|[from] Grassy Terrain\n|-heal|p2a: Ogerpon|32\/100|[from] Grassy Terrain\n|upkeep\n|turn|9\n|\n|t:|1696726523\n|move|p2a: Ogerpon|Spiky Shield|p2a: Ogerpon\n|-singleturn|p2a: Ogerpon|move: Protect\n|move|p1a: Cresselia|Lunar Blessing|p1a: Cresselia|[spread] p1a,p1b\n|-heal|p1a: Cresselia|53\/100\n|-heal|p1b: Metagross|81\/100\n|move|p1b: Metagross|Stomping Tantrum|p2a: Ogerpon\n|-activate|p2a: Ogerpon|move: Protect\n|-damage|p1b: Metagross|69\/100|[from] Spiky Shield|[of] p2a: Ogerpon\n|move|p2b: Zamazenta|Body Press|p1b: Metagross\n|-damage|p1b: Metagross|33\/100\n|\n|-heal|p1b: Metagross|39\/100|[from] Grassy Terrain\n|-heal|p2a: Ogerpon|38\/100|[from] Grassy Terrain\n|upkeep\n|turn|10\n|\n|t:|1696726540\n|move|p1a: Cresselia|Lunar Blessing|p1a: Cresselia|[spread] p1a,p1b\n|-heal|p1a: Cresselia|78\/100\n|-heal|p1b: Metagross|64\/100\n|move|p1b: Metagross|Stomping Tantrum|p2a: Ogerpon\n|-damage|p2a: Ogerpon|3\/100\n|move|p2a: Ogerpon|Ivy Cudgel|p1b: Metagross\n|-supereffective|p1b: Metagross\n|-damage|p1b: Metagross|0 fnt\n|faint|p1b: Metagross\n|move|p2b: Zamazenta|Coaching|p2a: Ogerpon\n|-boost|p2a: Ogerpon|atk|1\n|-boost|p2a: Ogerpon|def|1\n|\n|-heal|p2a: Ogerpon|9\/100|[from] Grassy Terrain\n|-fieldend|move: Grassy Terrain\n|upkeep\n|\n|t:|1696726549\n|switch|p1b: Ursaluna|Ursaluna, M|100\/100\n|turn|11\n|\n|t:|1696726557\n|move|p2a: Ogerpon|Spiky Shield|p2a: Ogerpon\n|-singleturn|p2a: Ogerpon|move: Protect\n|move|p1a: Cresselia|Ally Switch|p1a: Cresselia\n|swap|p1a: Cresselia|1|[from] move: Ally Switch\n|move|p1a: Ursaluna|Facade|p2a: Ogerpon\n|-activate|p2a: Ogerpon|move: Protect\n|-damage|p1a: Ursaluna|88\/100|[from] Spiky Shield|[of] p2a: Ogerpon\n|move|p2b: Zamazenta|Body Press|p1b: Cresselia\n|-resisted|p1b: Cresselia\n|-damage|p1b: Cresselia|66\/100\n|\n|-status|p1a: Ursaluna|brn|[from] item: Flame Orb\n|upkeep\n|turn|12\n|\n|t:|1696726574\n|switch|p2a: Flutter Mane|Flutter Mane, tera:Fairy|100\/100\n|move|p1a: Ursaluna|Facade|p2b: Zamazenta\n|-crit|p2b: Zamazenta\n|-damage|p2b: Zamazenta|0 fnt\n|faint|p2b: Zamazenta\n|move|p1b: Cresselia|Ice Beam|p2a: Flutter Mane\n|-damage|p2a: Flutter Mane|85\/100\n|\n|-damage|p1a: Ursaluna|82\/100 brn|[from] brn\n|-fieldend|move: Trick Room\n|upkeep\n|\n|t:|1696726584\n|switch|p2b: Ogerpon|Ogerpon-Hearthflame, F|9\/100\n|-ability|p2b: Ogerpon|Mold Breaker\n|turn|13\n|\n|t:|1696726600\n|move|p1b: Cresselia|Ally Switch|p1b: Cresselia\n|swap|p1b: Cresselia|0|[from] move: Ally Switch\n|move|p2a: Flutter Mane|Moonblast|p1a: Cresselia\n|-damage|p1a: Cresselia|14\/100\n|-unboost|p1a: Cresselia|spa|1\n|move|p2b: Ogerpon|Ivy Cudgel|p1a: Cresselia\n|-damage|p1a: Cresselia|0 fnt\n|faint|p1a: Cresselia\n|move|p1b: Ursaluna|Facade|p2a: Flutter Mane\n|-damage|p2a: Flutter Mane|0 fnt\n|faint|p2a: Flutter Mane\n|-end|p2a: Flutter Mane|Protosynthesis|[silent]\n|\n|-damage|p1b: Ursaluna|76\/100 brn|[from] brn\n|upkeep\n|\n|t:|1696726608\n|switch|p1a: Incineroar|Incineroar, M, shiny, tera:Grass|58\/100\n|-ability|p1a: Incineroar|Intimidate|boost\n|-unboost|p2b: Ogerpon|atk|1\n|turn|14\n|\n|t:|1696726613\n|move|p2b: Ogerpon|Spiky Shield|p2b: Ogerpon\n|-singleturn|p2b: Ogerpon|move: Protect\n|move|p1a: Incineroar|Fake Out|p2b: Ogerpon\n|-activate|p2b: Ogerpon|move: Protect\n|-damage|p1a: Incineroar|45\/100|[from] Spiky Shield|[of] p2b: Ogerpon\n|-enditem|p1a: Incineroar|Sitrus Berry|[eat]\n|-heal|p1a: Incineroar|70\/100|[from] item: Sitrus Berry\n|move|p1b: Ursaluna|Facade|p2b: Ogerpon\n|-activate|p2b: Ogerpon|move: Protect\n|-damage|p1b: Ursaluna|64\/100 brn|[from] Spiky Shield|[of] p2b: Ogerpon\n|\n|-damage|p1b: Ursaluna|58\/100 brn|[from] brn\n|upkeep\n|turn|15\n|\n|t:|1696726630\n|move|p2b: Ogerpon|Ivy Cudgel|p1b: Ursaluna\n|-crit|p1b: Ursaluna\n|-damage|p1b: Ursaluna|0 fnt\n|faint|p1b: Ursaluna\n|move|p1a: Incineroar|Flare Blitz|p2b: Ogerpon\n|-damage|p2b: Ogerpon|0 fnt\n|faint|p2b: Ogerpon\n|-damage|p1a: Incineroar|68\/100|[from] Recoil\n|\n|win|DOUFBantheflutter\n|n|\u2606DOUFBantheflutter|doufbantheflutter\n|n|\u2606smudgerox|smudgerox\n|n| cornpopbad|cornpopbad\n|n| Slash Death|slashdeath\n|c|\u2606smudgerox|gg\n","uploadtime":1696726642,"views":10,"p1id":"doufbantheflutter","p2id":"smudgerox","formatid":"gen9nationaldexdoubles","rating":0,"private":0,"password":""}