{"id":"gen9nationaldexdoubles-1950209906","p1":"StormSSBU","p2":"chillmonkey","format":"[Gen 9] National Dex Doubles","log":"|j|\u2606StormSSBU\n|j|\u2606chillmonkey\n|t:|1695438019\n|gametype|doubles\n|player|p1|StormSSBU|1|\n|player|p2|chillmonkey|unknown|\n|teamsize|p1|6\n|teamsize|p2|6\n|gen|9\n|tier|[Gen 9] National Dex Doubles\n|rule|HP Percentage Mod: HP is shown in percentages\n|rule|Endless Battle Clause: Forcing endless battles is banned\n|rule|OHKO Clause: OHKO moves are banned\n|rule|Evasion Moves Clause: Evasion moves are banned\n|rule|Evasion Abilities Clause: Evasion abilities are banned\n|rule|Species Clause: Limit one of each Pok\u00e9mon\n|rule|Gravity Sleep Clause: The combination of sleep-inducing moves with imperfect accuracy and Gravity or Gigantamax Orbeetle are banned\n|clearpoke\n|poke|p1|Flygon, M|\n|poke|p1|Indeedee-F, F|\n|poke|p1|Seismitoad, M|\n|poke|p1|Cacturne, F|\n|poke|p1|Heatmor, F|\n|poke|p1|Simipour, M|\n|poke|p2|Blastoise, F|\n|poke|p2|Dragonite, F|\n|poke|p2|Metagross|\n|poke|p2|Garchomp, F|\n|poke|p2|Amoonguss, M|\n|poke|p2|Azumarill, M|\n|teampreview\n|\n|t:|1695438106\n|start\n|switch|p1a: Indeedee|Indeedee-F, F|100\/100\n|switch|p1b: Simipour|Simipour, M|100\/100\n|switch|p2a: Blastoise|Blastoise, F|100\/100\n|switch|p2b: Dragonite|Dragonite, F|100\/100\n|-fieldstart|move: Psychic Terrain|[from] ability: Psychic Surge|[of] p1a: Indeedee\n|turn|1\n|\n|t:|1695438124\n|move|p2a: Blastoise|Fake Out|p1b: Simipour\n|-activate|p1b: Simipour|move: Psychic Terrain\n|move|p2b: Dragonite|Thunder|p1b: Simipour|[miss]\n|-miss|p2b: Dragonite|p1b: Simipour\n|move|p1b: Simipour|Ice Beam|p2b: Dragonite\n|-supereffective|p2b: Dragonite\n|-damage|p2b: Dragonite|45\/100\n|move|p1a: Indeedee|Expanding Force|p2a: Blastoise|[spread] p2a,p2b\n|-damage|p2a: Blastoise|63\/100\n|-damage|p2b: Dragonite|0 fnt\n|faint|p2b: Dragonite\n|\n|-heal|p2a: Blastoise|69\/100|[from] item: Leftovers\n|upkeep\n|\n|t:|1695438139\n|switch|p2b: Metagross|Metagross|100\/100\n|turn|2\n|\n|t:|1695438170\n|switch|p1a: Cacturne|Cacturne, F|100\/100\n|move|p1b: Simipour|Grass Knot|p2a: Blastoise\n|-supereffective|p2a: Blastoise\n|-damage|p2a: Blastoise|38\/100\n|move|p2b: Metagross|Iron Head|p1a: Cacturne\n|-damage|p1a: Cacturne|31\/100\n|move|p2a: Blastoise|Ice Beam|p1a: Cacturne\n|-supereffective|p1a: Cacturne\n|-damage|p1a: Cacturne|0 fnt\n|faint|p1a: Cacturne\n|\n|-heal|p2a: Blastoise|44\/100|[from] item: Leftovers\n|upkeep\n|\n|t:|1695438199\n|switch|p1a: Heatmor|Heatmor, F|100\/100\n|turn|3\n|\n|t:|1695438216\n|move|p1a: Heatmor|Thunder Punch|p2a: Blastoise\n|-supereffective|p2a: Blastoise\n|-damage|p2a: Blastoise|3\/100\n|move|p1b: Simipour|Grass Knot|p2a: Blastoise\n|-supereffective|p2a: Blastoise\n|-damage|p2a: Blastoise|0 fnt\n|faint|p2a: Blastoise\n|move|p2b: Metagross|Hammer Arm|p1b: Simipour\n|-damage|p1b: Simipour|35\/100\n|-unboost|p2b: Metagross|spe|1\n|-enditem|p1b: Simipour|Aguav Berry|[eat]\n|-heal|p1b: Simipour|69\/100|[from] item: Aguav Berry\n|\n|upkeep\n|\n|t:|1695438229\n|switch|p2a: Garchomp|Garchomp, F|100\/100\n|turn|4\n|\n|t:|1695438292\n|switch|p1a: Flygon|Flygon, M|100\/100\n|move|p2a: Garchomp|Aqua Tail|p1a: Flygon\n|-damage|p1a: Flygon|58\/100\n|move|p1b: Simipour|Ice Beam|p2a: Garchomp\n|-supereffective|p2a: Garchomp\n|-damage|p2a: Garchomp|0 fnt\n|faint|p2a: Garchomp\n|move|p2b: Metagross|Earthquake|p1a: Flygon|[spread] p1b\n|-immune|p1a: Flygon|[from] ability: Levitate\n|-damage|p1b: Simipour|18\/100\n|\n|-heal|p1a: Flygon|64\/100|[from] item: Leftovers\n|upkeep\n|\n|t:|1695438310\n|switch|p2a: Amoonguss|Amoonguss, M|100\/100\n|turn|5\n|\n|t:|1695438335\n|move|p1b: Simipour|Ice Beam|p2a: Amoonguss\n|-supereffective|p2a: Amoonguss\n|-damage|p2a: Amoonguss|65\/100\n|move|p1a: Flygon|Earthquake|p2b: Metagross|[spread] p1b,p2a,p2b\n|-crit|p1b: Simipour\n|-supereffective|p2b: Metagross\n|-damage|p1b: Simipour|0 fnt\n|-damage|p2a: Amoonguss|27\/100\n|-damage|p2b: Metagross|49\/100\n|faint|p1b: Simipour\n|move|p2b: Metagross|Iron Head|p1a: Flygon\n|-damage|p1a: Flygon|4\/100\n|move|p2a: Amoonguss|Substitute|p2a: Amoonguss\n|-start|p2a: Amoonguss|Substitute\n|-damage|p2a: Amoonguss|2\/100\n|\n|-heal|p1a: Flygon|10\/100|[from] item: Leftovers\n|-heal|p2a: Amoonguss|9\/100|[from] item: Leftovers\n|-fieldend|move: Psychic Terrain\n|upkeep\n|j| your yellow\n|\n|t:|1695438382\n|switch|p1b: Heatmor|Heatmor, F|100\/100\n|turn|6\n|\n|t:|1695438389\n|move|p2b: Metagross|Bullet Punch|p1a: Flygon\n|-damage|p1a: Flygon|0 fnt\n|faint|p1a: Flygon\n|move|p1b: Heatmor|Fire Lash|p2b: Metagross\n|-supereffective|p2b: Metagross\n|-damage|p2b: Metagross|0 fnt\n|faint|p2b: Metagross\n|move|p2a: Amoonguss|Synthesis|p2a: Amoonguss\n|-heal|p2a: Amoonguss|59\/100\n|\n|-heal|p2a: Amoonguss|65\/100|[from] item: Leftovers\n|upkeep\n|\n|t:|1695438405\n|switch|p1a: Indeedee|Indeedee-F, F|100\/100\n|switch|p2b: Azumarill|Azumarill, M|100\/100\n|-fieldstart|move: Psychic Terrain|[from] ability: Psychic Surge|[of] p1a: Indeedee\n|turn|7\n|\n|t:|1695438420\n|move|p2b: Azumarill|Protect|p2b: Azumarill\n|-singleturn|p2b: Azumarill|Protect\n|move|p1b: Heatmor|Fire Lash|p2a: Amoonguss\n|-supereffective|p2a: Amoonguss\n|-end|p2a: Amoonguss|Substitute\n|move|p1a: Indeedee|Expanding Force|p2b: Azumarill|[spread] p2a\n|-activate|p2b: Azumarill|move: Protect\n|-supereffective|p2a: Amoonguss\n|-damage|p2a: Amoonguss|0 fnt\n|faint|p2a: Amoonguss\n|\n|upkeep\n|turn|8\n|\n|t:|1695438436\n|switch|p1b: Seismitoad|Seismitoad, M|100\/100\n|move|p2b: Azumarill|Aqua Jet|p1b: Seismitoad\n|-activate|p1b: Seismitoad|move: Psychic Terrain\n|move|p1a: Indeedee|Expanding Force|p2b: Azumarill\n|-crit|p2b: Azumarill\n|-damage|p2b: Azumarill|0 fnt\n|faint|p2b: Azumarill\n|\n|win|StormSSBU\n|l|\u2606chillmonkey\n","uploadtime":1695438472,"views":6,"p1id":"stormssbu","p2id":"chillmonkey","formatid":"gen9nationaldexdoubles","rating":0,"private":0,"password":""}