{"id":"gen9nationaldexdoubles-1977976512","p1":"kimmaksim","p2":"schoolteen","format":"[Gen 9] National Dex Doubles","log":"|j|\u2606kimmaksim\n|j|\u2606schoolteen\n|t:|1698476828\n|gametype|doubles\n|player|p1|kimmaksim|tate|1174\n|player|p2|schoolteen|cheryl|1103\n|teamsize|p1|6\n|teamsize|p2|5\n|gen|9\n|tier|[Gen 9] National Dex Doubles\n|rated|\n|rule|HP Percentage Mod: HP is shown in percentages\n|rule|Endless Battle Clause: Forcing endless battles is banned\n|rule|OHKO Clause: OHKO moves are banned\n|rule|Evasion Moves Clause: Evasion moves are banned\n|rule|Evasion Abilities Clause: Evasion abilities are banned\n|rule|Species Clause: Limit one of each Pok\u00e9mon\n|rule|Gravity Sleep Clause: The combination of sleep-inducing moves with imperfect accuracy and Gravity or Gigantamax Orbeetle are banned\n|clearpoke\n|poke|p1|Regieleki|\n|poke|p1|Jolteon, M|\n|poke|p1|Toxtricity, M|\n|poke|p1|Ampharos, F|\n|poke|p1|Pawmot, M|\n|poke|p1|Raichu-Alola, F|\n|poke|p2|Sandaconda, M|\n|poke|p2|Orthworm, F|\n|poke|p2|Palossand, F|\n|poke|p2|Lycanroc-Dusk, M|\n|poke|p2|Sandslash, F|\n|teampreview\n|inactive|Battle timer is ON: inactive players will automatically lose when time's up. (requested by kimmaksim)\n|inactive|schoolteen also wants the timer to be on.\n|\n|t:|1698476845\n|start\n|switch|p1a: GOTTA GO FAST!|Regieleki, shiny|100\/100\n|switch|p1b: Woolless Sheep|Ampharos, F, shiny|100\/100\n|switch|p2a: Sandaconda|Sandaconda, M|100\/100\n|switch|p2b: Orthworm|Orthworm, F|100\/100\n|turn|1\n|\n|t:|1698476865\n|move|p1a: GOTTA GO FAST!|Reflect|p1a: GOTTA GO FAST!\n|-sidestart|p1: kimmaksim|Reflect\n|move|p2a: Sandaconda|Earthquake|p1b: Woolless Sheep|[spread] p1a,p1b\n|-immune|p2b: Orthworm|[from] ability: Earth Eater\n|-supereffective|p1a: GOTTA GO FAST!\n|-supereffective|p1b: Woolless Sheep\n|-damage|p1a: GOTTA GO FAST!|9\/100\n|-damage|p1b: Woolless Sheep|60\/100\n|move|p2b: Orthworm|Shed Tail|p2b: Orthworm\n|-start|p2b: Orthworm|Substitute|[from] move: Shed Tail\n|-damage|p2b: Orthworm|50\/100\n|\n|t:|1698476879\n|switch|p2b: Sandslash|Sandslash, F|100\/100|[from] Shed Tail\n|move|p1b: Woolless Sheep|Electric Terrain|p1b: Woolless Sheep\n|-fieldstart|move: Electric Terrain\n|\n|-heal|p1b: Woolless Sheep|66\/100|[from] item: Leftovers\n|upkeep\n|turn|2\n|\n|t:|1698476897\n|switch|p1b: Pawmo But Taller|Pawmot, M|100\/100\n|move|p1a: GOTTA GO FAST!|Light Screen|p1a: GOTTA GO FAST!\n|-sidestart|p1: kimmaksim|move: Light Screen\n|move|p2b: Sandslash|Swords Dance|p2b: Sandslash\n|-boost|p2b: Sandslash|atk|2\n|move|p2a: Sandaconda|Coil|p2a: Sandaconda\n|-boost|p2a: Sandaconda|atk|1\n|-boost|p2a: Sandaconda|def|1\n|-boost|p2a: Sandaconda|accuracy|1\n|\n|upkeep\n|turn|3\n|\n|t:|1698476925\n|switch|p1a: Pancakes|Raichu-Alola, F|100\/100\n|-terastallize|p1b: Pawmo But Taller|Ice\n|move|p1b: Pawmo But Taller|Ice Punch|p2a: Sandaconda\n|-supereffective|p2a: Sandaconda\n|-damage|p2a: Sandaconda|49\/100\n|-weather|Sandstorm|[from] ability: Sand Spit|[of] p2a: Sandaconda\n|move|p2b: Sandslash|Seismic Toss|p1b: Pawmo But Taller\n|-damage|p1b: Pawmo But Taller|65\/100\n|move|p2a: Sandaconda|Thunder Fang|p1a: Pancakes\n|-resisted|p1a: Pancakes\n|-damage|p1a: Pancakes|71\/100\n|\n|-weather|Sandstorm|[upkeep]\n|-damage|p1a: Pancakes|64\/100|[from] Sandstorm\n|-damage|p1b: Pawmo But Taller|59\/100|[from] Sandstorm\n|-heal|p1b: Pawmo But Taller|65\/100|[from] item: Leftovers\n|upkeep\n|turn|4\n|\n|t:|1698476953\n|move|p1a: Pancakes|Psyshock|p2b: Sandslash\n|-end|p2b: Sandslash|Substitute\n|move|p2b: Sandslash|Stone Edge|p1b: Pawmo But Taller\n|-supereffective|p1b: Pawmo But Taller\n|-damage|p1b: Pawmo But Taller|0 fnt\n|faint|p1b: Pawmo But Taller\n|move|p2a: Sandaconda|Rest||[still]\n|-activate|p2a: Sandaconda|move: Electric Terrain\n|-fail|p2a: Sandaconda\n|\n|-weather|Sandstorm|[upkeep]\n|-damage|p1a: Pancakes|58\/100|[from] Sandstorm\n|upkeep\n|\n|t:|1698476970\n|switch|p1b: Fasteon|Jolteon, M|100\/100\n|turn|5\n|\n|t:|1698476984\n|move|p1a: Pancakes|Surf|p2b: Sandslash|[spread] p1b,p2a,p2b\n|-supereffective|p2a: Sandaconda\n|-supereffective|p2b: Sandslash\n|-damage|p1b: Fasteon|82\/100\n|-damage|p2a: Sandaconda|9\/100\n|-damage|p2b: Sandslash|46\/100\n|move|p2b: Sandslash|Stone Edge|p1a: Pancakes\n|-damage|p1a: Pancakes|0 fnt\n|faint|p1a: Pancakes\n|move|p1b: Fasteon|Hidden Power|p2b: Sandslash\n|-supereffective|p2b: Sandslash\n|-damage|p2b: Sandslash|0 fnt\n|faint|p2b: Sandslash\n|move|p2a: Sandaconda|Earthquake|p1b: Fasteon\n|-supereffective|p1b: Fasteon\n|-damage|p1b: Fasteon|0 fnt\n|faint|p1b: Fasteon\n|\n|-weather|Sandstorm|[upkeep]\n|-fieldend|move: Electric Terrain\n|upkeep\n|\n|t:|1698477005\n|switch|p1b: GOTTA GO FAST!|Regieleki, shiny|9\/100\n|switch|p1a: Woolless Sheep|Ampharos, F, shiny|66\/100\n|switch|p2b: Lycanroc|Lycanroc-Dusk, M|100\/100\n|turn|6\n|\n|t:|1698477022\n|move|p1b: GOTTA GO FAST!|Tera Blast|p2b: Lycanroc\n|-resisted|p2b: Lycanroc\n|-damage|p2b: Lycanroc|87\/100\n|move|p2b: Lycanroc|Swords Dance|p2b: Lycanroc\n|-boost|p2b: Lycanroc|atk|2\n|move|p2a: Sandaconda|Rest|p2a: Sandaconda\n|-status|p2a: Sandaconda|slp|[from] move: Rest\n|-heal|p2a: Sandaconda|100\/100 slp|[silent]\n|move|p1a: Woolless Sheep|Hidden Power|p2a: Sandaconda\n|-supereffective|p2a: Sandaconda\n|-damage|p2a: Sandaconda|53\/100 slp\n|\n|-weather|Sandstorm|[upkeep]\n|-damage|p1b: GOTTA GO FAST!|3\/100|[from] Sandstorm\n|-damage|p1a: Woolless Sheep|60\/100|[from] Sandstorm\n|-heal|p1a: Woolless Sheep|66\/100|[from] item: Leftovers\n|upkeep\n|turn|7\n|inactive|schoolteen has 120 seconds left.\n|\n|t:|1698477061\n|-terastallize|p2b: Lycanroc|Rock\n|move|p2b: Lycanroc|Accelerock|p1b: GOTTA GO FAST!\n|-damage|p1b: GOTTA GO FAST!|0 fnt\n|faint|p1b: GOTTA GO FAST!\n|cant|p2a: Sandaconda|slp\n|move|p1a: Woolless Sheep|Hidden Power|p2a: Sandaconda\n|-supereffective|p2a: Sandaconda\n|-damage|p2a: Sandaconda|9\/100 slp\n|\n|-weather|Sandstorm|[upkeep]\n|-damage|p1a: Woolless Sheep|60\/100|[from] Sandstorm\n|-heal|p1a: Woolless Sheep|66\/100|[from] item: Leftovers\n|upkeep\n|\n|t:|1698477069\n|switch|p1b: Rock n' Roll|Toxtricity, M|100\/100\n|turn|8\n|\n|t:|1698477087\n|switch|p2a: Orthworm|Orthworm, F|50\/100\n|move|p2b: Lycanroc|Accelerock|p1b: Rock n' Roll\n|-damage|p1b: Rock n' Roll|28\/100\n|move|p1b: Rock n' Roll|Shift Gear|p1b: Rock n' Roll\n|-boost|p1b: Rock n' Roll|spe|2\n|-boost|p1b: Rock n' Roll|atk|1\n|move|p1a: Woolless Sheep|Hidden Power|p2a: Orthworm\n|-resisted|p2a: Orthworm\n|-damage|p2a: Orthworm|35\/100\n|\n|-weather|Sandstorm|[upkeep]\n|-damage|p1b: Rock n' Roll|22\/100|[from] Sandstorm\n|-damage|p1a: Woolless Sheep|60\/100|[from] Sandstorm\n|-heal|p1a: Woolless Sheep|66\/100|[from] item: Leftovers\n|-sideend|p1: kimmaksim|Reflect\n|upkeep\n|turn|9\n|\n|t:|1698477115\n|move|p2b: Lycanroc|Accelerock|p1b: Rock n' Roll\n|-damage|p1b: Rock n' Roll|0 fnt\n|faint|p1b: Rock n' Roll\n|move|p2a: Orthworm|Body Press|p1a: Woolless Sheep\n|-damage|p1a: Woolless Sheep|34\/100\n|-status|p2a: Orthworm|par|[from] ability: Static|[of] p1a: Woolless Sheep\n|move|p1a: Woolless Sheep|Discharge|p2a: Orthworm|[spread] p2a,p2b\n|-crit|p2a: Orthworm\n|-damage|p2a: Orthworm|0 fnt\n|-damage|p2b: Lycanroc|54\/100\n|faint|p2a: Orthworm\n|\n|-weather|Sandstorm|[upkeep]\n|-damage|p1a: Woolless Sheep|28\/100|[from] Sandstorm\n|-heal|p1a: Woolless Sheep|34\/100|[from] item: Leftovers\n|-sideend|p1: kimmaksim|move: Light Screen\n|upkeep\n|inactive|schoolteen has 120 seconds left.\n|-message|kimmaksim forfeited.\n|\n|win|schoolteen\n|raw|kimmaksim's rating: 1174 &rarr; <strong>1144<\/strong><br \/>(-30 for losing)\n|raw|schoolteen's rating: 1103 &rarr; <strong>1133<\/strong><br \/>(+30 for winning)\n|l|\u2606kimmaksim\n","uploadtime":1698477140,"views":16,"p1id":"kimmaksim","p2id":"schoolteen","formatid":"gen9nationaldexdoubles","rating":1133,"private":0,"password":""}