{"id":"gen9nationaldexdoubles-1976349789","p1":"larsonshark","p2":"Trainer $pitt","format":"[Gen 9] National Dex Doubles","log":"|j|\u2606larsonshark\n|j|\u2606Trainer $pitt\n|t:|1698289768\n|gametype|doubles\n|player|p1|larsonshark|caitlin|1234\n|player|p2|Trainer $pitt|flannery|1142\n|teamsize|p1|6\n|teamsize|p2|6\n|gen|9\n|tier|[Gen 9] National Dex Doubles\n|rated|\n|rule|HP Percentage Mod: HP is shown in percentages\n|rule|Endless Battle Clause: Forcing endless battles is banned\n|rule|OHKO Clause: OHKO moves are banned\n|rule|Evasion Moves Clause: Evasion moves are banned\n|rule|Evasion Abilities Clause: Evasion abilities are banned\n|rule|Species Clause: Limit one of each Pok\u00e9mon\n|rule|Gravity Sleep Clause: The combination of sleep-inducing moves with imperfect accuracy and Gravity or Gigantamax Orbeetle are banned\n|clearpoke\n|poke|p1|Cresselia, F|\n|poke|p1|Minior|\n|poke|p1|Chien-Pao|\n|poke|p1|Ogerpon-Hearthflame, F|\n|poke|p1|Salamence, M|\n|poke|p1|Okidogi, M|\n|poke|p2|Tsareena, F|\n|poke|p2|Goodra-Hisui, F|\n|poke|p2|Gliscor, F|\n|poke|p2|Cresselia, F|\n|poke|p2|Ninetales-Alola, F|\n|poke|p2|Typhlosion-Hisui, F|\n|teampreview\n|inactive|Battle timer is ON: inactive players will automatically lose when time's up. (requested by larsonshark)\n|c|\u2606larsonshark|glhf\n|\n|t:|1698289790\n|start\n|switch|p1a: Ogerpon|Ogerpon-Hearthflame, F|100\/100\n|switch|p1b: Minior|Minior|100\/100\n|switch|p2a: Ninetales|Ninetales-Alola, F, shiny|100\/100\n|switch|p2b: Goodra|Goodra-Hisui, F|100\/100\n|-formechange|p1b: Minior|Minior-Meteor||[from] ability: Shields Down\n|-weather|Snow|[from] ability: Snow Warning|[of] p2a: Ninetales\n|-ability|p1a: Ogerpon|Mold Breaker\n|turn|1\n|\n|t:|1698289804\n|move|p2a: Ninetales|Aurora Veil|p2a: Ninetales\n|-sidestart|p2: Trainer $pitt|move: Aurora Veil\n|move|p1a: Ogerpon|Trailblaze|p2a: Ninetales\n|-damage|p2a: Ninetales|82\/100\n|-boost|p1a: Ogerpon|spe|1\n|move|p1b: Minior|Shell Smash|p1b: Minior\n|-unboost|p1b: Minior|def|1\n|-unboost|p1b: Minior|spd|1\n|-boost|p1b: Minior|atk|2\n|-boost|p1b: Minior|spa|2\n|-boost|p1b: Minior|spe|2\n|move|p2b: Goodra|Curse|p2b: Goodra\n|-unboost|p2b: Goodra|spe|1\n|-boost|p2b: Goodra|atk|1\n|-boost|p2b: Goodra|def|1\n|\n|-weather|Snow|[upkeep]\n|upkeep\n|turn|2\n|inactive|Trainer $pitt has 120 seconds left.\n|inactive|larsonshark has 120 seconds left.\n|\n|t:|1698289853\n|move|p1b: Minior|Shell Smash|p1b: Minior\n|-unboost|p1b: Minior|def|1\n|-unboost|p1b: Minior|spd|1\n|-boost|p1b: Minior|atk|2\n|-boost|p1b: Minior|spa|2\n|-boost|p1b: Minior|spe|2\n|move|p1a: Ogerpon|Ivy Cudgel|p2a: Ninetales\n|-supereffective|p2a: Ninetales\n|-damage|p2a: Ninetales|10\/100\n|move|p2a: Ninetales|Blizzard|p1b: Minior|[spread] p1a,p1b\n|-supereffective|p1b: Minior\n|-damage|p1a: Ogerpon|73\/100\n|-enditem|p1b: Minior|Focus Sash\n|-damage|p1b: Minior|1\/100\n|move|p2b: Goodra|Gyro Ball|p1b: Minior\n|-supereffective|p1b: Minior\n|-damage|p1b: Minior|0 fnt\n|faint|p1b: Minior\n|\n|-weather|Snow|[upkeep]\n|upkeep\n|\n|t:|1698289867\n|switch|p1b: Chien-Pao|Chien-Pao|100\/100\n|-ability|p1b: Chien-Pao|Sword of Ruin\n|turn|3\n|inactive|larsonshark has 120 seconds left.\n|\n|t:|1698289888\n|-terastallize|p1a: Ogerpon|Fire\n|detailschange|p1a: Ogerpon|Ogerpon-Hearthflame-Tera, F, tera:Fire\n|-ability|p1a: Ogerpon|Embody Aspect (Hearthflame)|boost\n|-boost|p1a: Ogerpon|atk|1\n|move|p1a: Ogerpon|Ivy Cudgel|p2b: Goodra\n|-crit|p2b: Goodra\n|-damage|p2b: Goodra|0 fnt\n|faint|p2b: Goodra\n|move|p1b: Chien-Pao|Sacred Sword|p2a: Ninetales\n|-damage|p2a: Ninetales|0 fnt\n|faint|p2a: Ninetales\n|-damage|p1b: Chien-Pao|91\/100|[from] item: Life Orb\n|\n|-weather|Snow|[upkeep]\n|upkeep\n|inactive|Trainer $pitt has 120 seconds left.\n|\n|t:|1698289915\n|switch|p2a: Tsareena|Tsareena, F, shiny|100\/100\n|switch|p2b: Gliscor|Gliscor, F|100\/100\n|turn|4\n|\n|t:|1698289922\n|move|p2b: Gliscor|Protect|p2b: Gliscor\n|-singleturn|p2b: Gliscor|Protect\n|move|p1a: Ogerpon|Ivy Cudgel|p2a: Tsareena\n|-supereffective|p2a: Tsareena\n|-damage|p2a: Tsareena|0 fnt\n|faint|p2a: Tsareena\n|move|p1b: Chien-Pao|Ice Spinner|p2b: Gliscor\n|-activate|p2b: Gliscor|move: Protect\n|\n|-weather|Snow|[upkeep]\n|-status|p2b: Gliscor|tox|[from] item: Toxic Orb\n|upkeep\n|\n|t:|1698289930\n|switch|p2a: Typhlosion|Typhlosion-Hisui, F|100\/100\n|-item|p1a: Ogerpon|Hearthflame Mask|[from] ability: Frisk|[of] p2a: Typhlosion|[identify]\n|-item|p1b: Chien-Pao|Life Orb|[from] ability: Frisk|[of] p2a: Typhlosion|[identify]\n|turn|5\n|\n|t:|1698289944\n|move|p1a: Ogerpon|Ivy Cudgel|p2a: Typhlosion\n|-resisted|p2a: Typhlosion\n|-crit|p2a: Typhlosion\n|-damage|p2a: Typhlosion|0 fnt\n|faint|p2a: Typhlosion\n|move|p1b: Chien-Pao|Ice Spinner|p2b: Gliscor\n|-supereffective|p2b: Gliscor\n|-damage|p2b: Gliscor|0 fnt\n|faint|p2b: Gliscor\n|-damage|p1b: Chien-Pao|81\/100|[from] item: Life Orb\n|\n|-weather|none\n|upkeep\n|\n|t:|1698289953\n|switch|p2b: Cresselia|Cresselia, F, shiny|100\/100\n|turn|6\n|-message|Trainer $pitt forfeited.\n|\n|win|larsonshark\n|raw|larsonshark's rating: 1234 &rarr; <strong>1253<\/strong><br \/>(+19 for winning)\n|raw|Trainer $pitt's rating: 1142 &rarr; <strong>1123<\/strong><br \/>(-19 for losing)\n|l|\u2606Trainer $pitt\n|c|\u2606larsonshark|holy shit\n|c|\u2606larsonshark|the crit didnt matter btw\n|c|\u2606larsonshark|none of them\n","uploadtime":1698290241,"views":16,"p1id":"larsonshark","p2id":"trainerpitt","formatid":"gen9nationaldexdoubles","rating":1123,"private":0,"password":""}