{"id":"gen9nationaldexdoubles-1990539313","p1":"KR$0l\\l","p2":"lxvliiz","format":"[Gen 9] National Dex Doubles","log":"|j|\u2606KR$0l\\l\n|j|\u2606lxvliiz\n|t:|1699979776\n|gametype|doubles\n|player|p1|KR$0l\\l|265|1000\n|player|p2|lxvliiz|guitarist|1079\n|teamsize|p1|6\n|teamsize|p2|6\n|gen|9\n|tier|[Gen 9] National Dex Doubles\n|rated|\n|rule|HP Percentage Mod: HP is shown in percentages\n|rule|Endless Battle Clause: Forcing endless battles is banned\n|rule|OHKO Clause: OHKO moves are banned\n|rule|Evasion Moves Clause: Evasion moves are banned\n|rule|Evasion Abilities Clause: Evasion abilities are banned\n|rule|Species Clause: Limit one of each Pok\u00e9mon\n|rule|Gravity Sleep Clause: The combination of sleep-inducing moves with imperfect accuracy and Gravity or Gigantamax Orbeetle are banned\n|clearpoke\n|poke|p1|Gothitelle, M|\n|poke|p1|Flutter Mane|\n|poke|p1|Glimmora, F|\n|poke|p1|Palafin, M|\n|poke|p1|Landorus-Therian, M|\n|poke|p1|Amoonguss, F|\n|poke|p2|Kommo-o, M|\n|poke|p2|Volcarona, F|\n|poke|p2|Oricorio-Pom-Pom, F|\n|poke|p2|Quaquaval, F|\n|poke|p2|Flamigo, F|\n|poke|p2|Marshadow|\n|teampreview\n|c|\u2606lxvliiz|oh no\n|\n|t:|1699979793\n|start\n|switch|p1a: Palafin|Palafin, M|100\/100\n|switch|p1b: Tyler|Flutter Mane|100\/100\n|switch|p2a: dance with me|Volcarona, F, shiny|100\/100\n|switch|p2b: till you die|Oricorio-Pom-Pom, F, shiny|100\/100\n|turn|1\n|c|\u2606lxvliiz|flutter mane is my counter \ud83d\ude2d\ud83d\ude2d\n|\n|t:|1699979814\n|move|p2b: till you die|Quiver Dance|p2b: till you die\n|-boost|p2b: till you die|spa|1\n|-boost|p2b: till you die|spd|1\n|-boost|p2b: till you die|spe|1\n|move|p1b: Tyler|Perish Song|p1b: Tyler\n|-start|p1a: Palafin|perish3|[silent]\n|-start|p1b: Tyler|perish3|[silent]\n|-start|p2a: dance with me|perish3|[silent]\n|-start|p2b: till you die|perish3|[silent]\n|-fieldactivate|move: Perish Song\n|move|p1a: Palafin|Flip Turn|p2a: dance with me\n|-supereffective|p2a: dance with me\n|-crit|p2a: dance with me\n|-damage|p2a: dance with me|0 fnt\n|-status|p1a: Palafin|brn|[from] ability: Flame Body|[of] p2a: dance with me\n|faint|p2a: dance with me\n|c|\u2606lxvliiz|oh i wasnt expecting that\n|\n|t:|1699979834\n|detailschange|p1a: Palafin|Palafin-Hero, M\n|switch|p1a: There is No Escape|Gothitelle, M|100\/100|[from] Flip Turn\n|\n|-start|p2b: till you die|perish3\n|-start|p1b: Tyler|perish3\n|upkeep\n|\n|t:|1699979851\n|switch|p2a: everyone dance|Marshadow|100\/100\n|turn|2\n|\n|t:|1699979878\n|-end|p1b: Tyler|Protosynthesis|[silent]\n|switch|p1b: Amoonguss|Amoonguss, F|100\/100\n|move|p1a: There is No Escape|Fake Out|p2b: till you die\n|-damage|p2b: till you die|91\/100\n|move|p2a: everyone dance|Shadow Sneak|p1a: There is No Escape\n|-supereffective|p1a: There is No Escape\n|-damage|p1a: There is No Escape|49\/100\n|cant|p2b: till you die|flinch\n|\n|-start|p2b: till you die|perish2\n|upkeep\n|turn|3\n|\n|t:|1699979895\n|move|p1a: There is No Escape|Protect|p1a: There is No Escape\n|-singleturn|p1a: There is No Escape|Protect\n|move|p2a: everyone dance|Shadow Sneak|p1a: There is No Escape\n|-activate|p1a: There is No Escape|move: Protect\n|move|p2b: till you die|Revelation Dance|p1b: Amoonguss\n|-resisted|p1b: Amoonguss\n|-damage|p1b: Amoonguss|76\/100\n|move|p1b: Amoonguss|Toxic|p2a: everyone dance\n|-status|p2a: everyone dance|tox\n|\n|-damage|p2a: everyone dance|94\/100 tox|[from] psn\n|-start|p2b: till you die|perish1\n|upkeep\n|turn|4\n|\n|t:|1699979933\n|move|p2a: everyone dance|Shadow Sneak|p1a: There is No Escape\n|-supereffective|p1a: There is No Escape\n|-damage|p1a: There is No Escape|0 fnt\n|faint|p1a: There is No Escape\n|move|p2b: till you die|Baton Pass|p2b: till you die\n|\n|t:|1699979941\n|switch|p2b: dance dance dance|Kommo-o, M, shiny|100\/100|[from] Baton Pass\n|move|p1b: Amoonguss|Substitute|p1b: Amoonguss\n|-start|p1b: Amoonguss|Substitute\n|-damage|p1b: Amoonguss|51\/100\n|\n|-damage|p2a: everyone dance|82\/100 tox|[from] psn\n|-start|p2b: dance dance dance|perish0\n|upkeep\n|faint|p2b: dance dance dance\n|\n|t:|1699979957\n|switch|p2b: till you die|Oricorio-Pom-Pom, F, shiny|91\/100\n|switch|p1a: Palafin|Palafin-Hero, M|100\/100 brn\n|-activate|p1a: Palafin|ability: Zero to Hero\n|turn|5\n|\n|t:|1699979984\n|-terastallize|p1a: Palafin|Water\n|move|p2a: everyone dance|Shadow Sneak|p1a: Palafin\n|-damage|p1a: Palafin|70\/100 brn\n|move|p2b: till you die|Revelation Dance|p1a: Palafin\n|-supereffective|p1a: Palafin\n|-damage|p1a: Palafin|0 fnt\n|faint|p1a: Palafin\n|move|p1b: Amoonguss|Spore||[still]\n|-fail|p1b: Amoonguss\n|\n|-damage|p2a: everyone dance|63\/100 tox|[from] psn\n|upkeep\n|\n|t:|1699980001\n|switch|p1a: Oxymoron|Landorus-Therian, M|100\/100\n|-ability|p1a: Oxymoron|Intimidate|boost\n|-unboost|p2a: everyone dance|atk|1\n|-unboost|p2b: till you die|atk|1\n|turn|6\n|\n|t:|1699980028\n|-zpower|p2a: everyone dance\n|move|p2a: everyone dance|Soul-Stealing 7-Star Strike|p1a: Oxymoron|[zeffect]\n|-damage|p1a: Oxymoron|22\/100\n|move|p2b: till you die|Quiver Dance|p2b: till you die\n|-boost|p2b: till you die|spa|1\n|-boost|p2b: till you die|spd|1\n|-boost|p2b: till you die|spe|1\n|move|p1a: Oxymoron|Crunch|p2a: everyone dance\n|-damage|p2a: everyone dance|22\/100 tox\n|move|p1b: Amoonguss|Spore|p2b: till you die\n|-status|p2b: till you die|slp|[from] move: Spore\n|\n|-damage|p2a: everyone dance|0 fnt|[from] psn\n|faint|p2a: everyone dance\n|upkeep\n|\n|t:|1699980040\n|switch|p2a: forever|Quaquaval, F, shiny|100\/100\n|turn|7\n|\n|t:|1699980078\n|cant|p2b: till you die|slp\n|move|p1a: Oxymoron|Bulldoze|p2a: forever|[spread] p1b,p2a\n|-immune|p2b: till you die\n|-activate|p1b: Amoonguss|move: Substitute|[damage]\n|-damage|p2a: forever|66\/100\n|-unboost|p2a: forever|spe|1\n|move|p2a: forever|Aqua Step|p1a: Oxymoron\n|-supereffective|p1a: Oxymoron\n|-damage|p1a: Oxymoron|0 fnt\n|-boost|p2a: forever|spe|1\n|faint|p1a: Oxymoron\n|-ability|p2a: forever|Moxie|boost\n|-boost|p2a: forever|atk|1\n|-activate|p2b: till you die|ability: Dancer\n|cant|p2b: till you die|slp\n|move|p1b: Amoonguss|Toxic|p2a: forever\n|-status|p2a: forever|tox\n|\n|-damage|p2a: forever|60\/100 tox|[from] psn\n|upkeep\n|\n|t:|1699980107\n|switch|p1a: Pinecone|Glimmora, F|100\/100\n|turn|8\n|\n|t:|1699980121\n|cant|p2b: till you die|slp\n|move|p2a: forever|Aqua Step|p1a: Pinecone\n|-supereffective|p1a: Pinecone\n|-damage|p1a: Pinecone|0 fnt\n|-boost|p2a: forever|spe|1\n|-activate|p1a: Pinecone|ability: Toxic Debris\n|-sidestart|p2: lxvliiz|move: Toxic Spikes\n|faint|p1a: Pinecone\n|-ability|p2a: forever|Moxie|boost\n|-boost|p2a: forever|atk|1\n|-activate|p2b: till you die|ability: Dancer\n|-curestatus|p2b: till you die|slp|[msg]\n|move|p2b: till you die|Aqua Step|p1b: Amoonguss|[from]ability: Dancer\n|-resisted|p1b: Amoonguss\n|-activate|p1b: Amoonguss|move: Substitute|[damage]\n|-boost|p2b: till you die|spe|1\n|move|p1b: Amoonguss|Spore||[still]\n|-fail|p1b: Amoonguss\n|\n|-damage|p2a: forever|47\/100 tox|[from] psn\n|upkeep\n|\n|t:|1699980159\n|switch|p1a: Tyler|Flutter Mane|100\/100\n|turn|9\n|\n|t:|1699980178\n|move|p1a: Tyler|Protect|p1a: Tyler\n|-singleturn|p1a: Tyler|Protect\n|move|p2b: till you die|Revelation Dance|p1a: Tyler\n|-activate|p1a: Tyler|move: Protect\n|move|p2a: forever|Aqua Step|p1a: Tyler\n|-activate|p1a: Tyler|move: Protect\n|move|p1b: Amoonguss|Spore||[still]\n|-fail|p1b: Amoonguss\n|\n|-damage|p2a: forever|29\/100 tox|[from] psn\n|upkeep\n|turn|10\n|\n|t:|1699980210\n|move|p2b: till you die|Revelation Dance|p1a: Tyler\n|-damage|p1a: Tyler|50\/100\n|move|p2a: forever|Aqua Step|p1a: Tyler\n|-damage|p1a: Tyler|0 fnt\n|-boost|p2a: forever|spe|1\n|faint|p1a: Tyler\n|-end|p1a: Tyler|Protosynthesis|[silent]\n|-ability|p2a: forever|Moxie|boost\n|-boost|p2a: forever|atk|1\n|-activate|p2b: till you die|ability: Dancer\n|move|p2b: till you die|Aqua Step|p1b: Amoonguss|[from]ability: Dancer\n|-resisted|p1b: Amoonguss\n|-end|p1b: Amoonguss|Substitute\n|-boost|p2b: till you die|spe|1\n|move|p1b: Amoonguss|Spore|p2b: till you die\n|-status|p2b: till you die|slp|[from] move: Spore\n|\n|-damage|p2a: forever|5\/100 tox|[from] psn\n|upkeep\n|turn|11\n|\n|t:|1699980235\n|move|p1b: Amoonguss|Protect|p1b: Amoonguss\n|-singleturn|p1b: Amoonguss|Protect\n|cant|p2b: till you die|slp\n|move|p2a: forever|Aqua Step|p1b: Amoonguss\n|-activate|p1b: Amoonguss|move: Protect\n|\n|-damage|p2a: forever|0 fnt|[from] psn\n|faint|p2a: forever\n|upkeep\n|\n|t:|1699980244\n|switch|p2a: one last dance|Flamigo, F, shiny|100\/100\n|-copyboost|p2a: one last dance|p2b: till you die|[from] ability: Costar\n|turn|12\n|\n|t:|1699980269\n|-terastallize|p2a: one last dance|Flying\n|cant|p2b: till you die|slp\n|move|p2a: one last dance|Fly||[still]\n|-prepare|p2a: one last dance|Fly\n|-enditem|p2a: one last dance|Power Herb\n|-anim|p2a: one last dance|Fly|p1b: Amoonguss\n|-supereffective|p1b: Amoonguss\n|-damage|p1b: Amoonguss|0 fnt\n|faint|p1b: Amoonguss\n|\n|win|lxvliiz\n|raw|KR$0l\\l's rating: 1000 &rarr; <strong>1000<\/strong><br \/>(+0 for losing)\n|raw|lxvliiz's rating: 1079 &rarr; <strong>1101<\/strong><br \/>(+22 for winning)\n|l|\u2606KR$0l\\l\n|c|\u2606lxvliiz|gg\n","uploadtime":1699980290,"views":5,"p1id":"kr0ll","p2id":"lxvliiz","formatid":"gen9nationaldexdoubles","rating":1000,"private":0,"password":""}