{"id":"gen9nationaldexdoubles-1993746430","p1":"SethLikesCombusken","p2":"Edelgard1162","format":"[Gen 9] National Dex Doubles","log":"|j|\u2606SethLikesCombusken\n|j|\u2606Edelgard1162\n|t:|1700352338\n|gametype|doubles\n|player|p1|SethLikesCombusken|palmer|1207\n|player|p2|Edelgard1162|rika|1330\n|teamsize|p1|6\n|teamsize|p2|6\n|gen|9\n|tier|[Gen 9] National Dex Doubles\n|rated|\n|rule|HP Percentage Mod: HP is shown in percentages\n|rule|Endless Battle Clause: Forcing endless battles is banned\n|rule|OHKO Clause: OHKO moves are banned\n|rule|Evasion Moves Clause: Evasion moves are banned\n|rule|Evasion Abilities Clause: Evasion abilities are banned\n|rule|Species Clause: Limit one of each Pok\u00e9mon\n|rule|Gravity Sleep Clause: The combination of sleep-inducing moves with imperfect accuracy and Gravity or Gigantamax Orbeetle are banned\n|clearpoke\n|poke|p1|Zygarde|\n|poke|p1|Garchomp, M|\n|poke|p1|Blastoise, F|\n|poke|p1|Dragonite, M|\n|poke|p1|Metagross|\n|poke|p1|Baxcalibur, F|\n|poke|p2|Togedemaru, L1, F|\n|poke|p2|Liepard, M|\n|poke|p2|Rillaboom, F|\n|poke|p2|Tyranitar, F|\n|poke|p2|Diancie|\n|poke|p2|Gastrodon, M|\n|teampreview\n|inactive|Battle timer is ON: inactive players will automatically lose when time's up. (requested by Edelgard1162)\n|inactive|SethLikesCombusken also wants the timer to be on.\n|\n|t:|1700352360\n|start\n|switch|p1a: Zygizzle|Zygarde|100\/100\n|switch|p1b: The fuckening.|Blastoise, F|100\/100\n|switch|p2a: Togedemaru|Togedemaru, L1, F|100\/100\n|switch|p2b: Liepard|Liepard, M|100\/100\n|-ability|p1a: Zygizzle|Aura Break\n|turn|1\n|\n|t:|1700352372\n|move|p2a: Togedemaru|Spiky Shield|p2a: Togedemaru\n|-singleturn|p2a: Togedemaru|move: Protect\n|move|p2b: Liepard|Fake Out|p1a: Zygizzle\n|-damage|p1a: Zygizzle|92\/100\n|move|p1b: The fuckening.|Follow Me|p1b: The fuckening.\n|-singleturn|p1b: The fuckening.|move: Follow Me\n|cant|p1a: Zygizzle|flinch\n|\n|-heal|p1a: Zygizzle|98\/100|[from] item: Leftovers\n|upkeep\n|turn|2\n|\n|t:|1700352387\n|move|p1b: The fuckening.|Follow Me|p1b: The fuckening.\n|-singleturn|p1b: The fuckening.|move: Follow Me\n|move|p2b: Liepard|Encore|p1b: The fuckening.\n|-start|p1b: The fuckening.|Encore\n|move|p1a: Zygizzle|Substitute|p1a: Zygizzle\n|-start|p1a: Zygizzle|Substitute\n|-damage|p1a: Zygizzle|73\/100\n|move|p2a: Togedemaru|Endeavor|p1b: The fuckening.\n|-damage|p1b: The fuckening.|4\/100\n|\n|-heal|p1a: Zygizzle|79\/100|[from] item: Leftovers\n|upkeep\n|turn|3\n|\n|t:|1700352413\n|move|p2a: Togedemaru|Spiky Shield|p2a: Togedemaru\n|-singleturn|p2a: Togedemaru|move: Protect\n|move|p1b: The fuckening.|Follow Me|p1b: The fuckening.\n|-singleturn|p1b: The fuckening.|move: Follow Me\n|move|p2b: Liepard|Taunt|p1b: The fuckening.\n|-start|p1b: The fuckening.|move: Taunt\n|move|p1a: Zygizzle|Thousand Arrows|p2a: Togedemaru|[spread] p2b\n|-activate|p2a: Togedemaru|move: Protect\n|-damage|p2b: Liepard|35\/100\n|\n|-heal|p1a: Zygizzle|85\/100|[from] item: Leftovers\n|upkeep\n|turn|4\n|inactive|Edelgard1162 has 120 seconds left.\n|\n|t:|1700352449\n|switch|p2a: Rillaboom|Rillaboom, F|100\/100\n|-fieldstart|move: Grassy Terrain|[from] ability: Grassy Surge|[of] p2a: Rillaboom\n|move|p2b: Liepard|Sucker Punch|p1a: Zygizzle\n|-activate|p1a: Zygizzle|move: Substitute|[damage]\n|move|p1a: Zygizzle|Thousand Arrows|p2a: Rillaboom|[spread] p2a,p2b\n|-resisted|p2a: Rillaboom\n|-damage|p2a: Rillaboom|85\/100\n|-damage|p2b: Liepard|0 fnt\n|faint|p2b: Liepard\n|-activate|p1b: The fuckening.|move: Struggle\n|move|p1b: The fuckening.|Struggle|p2a: Rillaboom\n|-damage|p2a: Rillaboom|77\/100\n|-damage|p1b: The fuckening.|0 fnt|[from] recoil\n|faint|p1b: The fuckening.\n|\n|-heal|p1a: Zygizzle|92\/100|[from] Grassy Terrain\n|-heal|p1a: Zygizzle|98\/100|[from] item: Leftovers\n|-heal|p2a: Rillaboom|83\/100|[from] Grassy Terrain\n|-heal|p2a: Rillaboom|89\/100|[from] item: Leftovers\n|upkeep\n|c|\u2606SethLikesCombusken|BIG\n|inactive|Edelgard1162 has 120 seconds left.\n|\n|t:|1700352470\n|switch|p2b: Gastrodon|Gastrodon, M|100\/100\n|switch|p1b: Baxcalibur|Baxcalibur, F|100\/100\n|turn|5\n|\n|t:|1700352494\n|move|p2a: Rillaboom|Fake Out|p1b: Baxcalibur\n|-damage|p1b: Baxcalibur|88\/100\n|move|p1a: Zygizzle|Thousand Arrows|p2a: Rillaboom|[spread] p2a,p2b\n|-resisted|p2a: Rillaboom\n|-damage|p2a: Rillaboom|74\/100\n|-damage|p2b: Gastrodon|64\/100\n|cant|p1b: Baxcalibur|flinch\n|move|p2b: Gastrodon|Ice Beam|p1a: Zygizzle\n|-supereffective|p1a: Zygizzle\n|-end|p1a: Zygizzle|Substitute\n|\n|-heal|p1a: Zygizzle|100\/100|[from] Grassy Terrain\n|-heal|p1b: Baxcalibur|94\/100|[from] Grassy Terrain\n|-heal|p2a: Rillaboom|80\/100|[from] Grassy Terrain\n|-heal|p2a: Rillaboom|86\/100|[from] item: Leftovers\n|-heal|p2b: Gastrodon|70\/100|[from] Grassy Terrain\n|upkeep\n|turn|6\n|\n|t:|1700352512\n|switch|p2a: Tyranitar|Tyranitar, F|100\/100\n|-weather|Sandstorm|[from] ability: Sand Stream|[of] p2a: Tyranitar\n|move|p1a: Zygizzle|Substitute|p1a: Zygizzle\n|-start|p1a: Zygizzle|Substitute\n|-damage|p1a: Zygizzle|76\/100\n|move|p1b: Baxcalibur|Icicle Crash|p2a: Tyranitar\n|-damage|p2a: Tyranitar|59\/100\n|move|p2b: Gastrodon|Ice Beam|p1a: Zygizzle\n|-supereffective|p1a: Zygizzle\n|-end|p1a: Zygizzle|Substitute\n|\n|-weather|Sandstorm|[upkeep]\n|-damage|p1b: Baxcalibur|88\/100|[from] Sandstorm\n|-heal|p1a: Zygizzle|82\/100|[from] Grassy Terrain\n|-heal|p1a: Zygizzle|88\/100|[from] item: Leftovers\n|-heal|p1b: Baxcalibur|94\/100|[from] Grassy Terrain\n|-heal|p2a: Tyranitar|66\/100|[from] Grassy Terrain\n|-heal|p2a: Tyranitar|72\/100|[from] item: Leftovers\n|-heal|p2b: Gastrodon|76\/100|[from] Grassy Terrain\n|upkeep\n|turn|7\n|\n|t:|1700352540\n|switch|p1a: Metagross|Metagross|100\/100\n|move|p1b: Baxcalibur|Icicle Crash|p2b: Gastrodon\n|-damage|p2b: Gastrodon|21\/100\n|-enditem|p2b: Gastrodon|Mago Berry|[eat]\n|-heal|p2b: Gastrodon|54\/100|[from] item: Mago Berry\n|move|p2a: Tyranitar|Rock Slide|p1b: Baxcalibur|[spread] p1a,p1b\n|-resisted|p1a: Metagross\n|-supereffective|p1b: Baxcalibur\n|-damage|p1a: Metagross|87\/100\n|-damage|p1b: Baxcalibur|32\/100\n|move|p2b: Gastrodon|Ice Beam|p1a: Metagross\n|-resisted|p1a: Metagross\n|-damage|p1a: Metagross|69\/100\n|\n|-weather|Sandstorm|[upkeep]\n|-damage|p1b: Baxcalibur|25\/100|[from] Sandstorm\n|-heal|p1a: Metagross|75\/100|[from] Grassy Terrain\n|-heal|p1b: Baxcalibur|32\/100|[from] Grassy Terrain\n|-heal|p2a: Tyranitar|78\/100|[from] Grassy Terrain\n|-heal|p2a: Tyranitar|84\/100|[from] item: Leftovers\n|-heal|p2b: Gastrodon|60\/100|[from] Grassy Terrain\n|upkeep\n|turn|8\n|inactive|SethLikesCombusken has 120 seconds left.\n|\n|t:|1700352574\n|switch|p1b: Rathalos|Garchomp, M|100\/100\n|detailschange|p1a: Metagross|Metagross-Mega\n|-mega|p1a: Metagross|Metagross|Metagrossite\n|move|p2a: Tyranitar|Protect|p2a: Tyranitar\n|-singleturn|p2a: Tyranitar|Protect\n|move|p1a: Metagross|Iron Head|p2a: Tyranitar\n|-activate|p2a: Tyranitar|move: Protect\n|move|p2b: Gastrodon|Earth Power|p1a: Metagross\n|-supereffective|p1a: Metagross\n|-damage|p1a: Metagross|0 fnt\n|faint|p1a: Metagross\n|\n|-weather|Sandstorm|[upkeep]\n|-heal|p2a: Tyranitar|91\/100|[from] Grassy Terrain\n|-heal|p2a: Tyranitar|97\/100|[from] item: Leftovers\n|-heal|p2b: Gastrodon|67\/100|[from] Grassy Terrain\n|-fieldend|move: Grassy Terrain\n|upkeep\n|inactive|SethLikesCombusken has 120 seconds left.\n|\n|t:|1700352588\n|switch|p1a: Dragonite|Dragonite, M|100\/100\n|turn|9\n|inactive|SethLikesCombusken has 120 seconds left.\n|\n|t:|1700352613\n|move|p1a: Dragonite|Extreme Speed|p2b: Gastrodon\n|-damage|p2b: Gastrodon|16\/100\n|move|p1b: Rathalos|Earthquake|p2a: Tyranitar|[spread] p2a,p2b\n|-immune|p1a: Dragonite\n|-supereffective|p2a: Tyranitar\n|-damage|p2a: Tyranitar|18\/100\n|-damage|p2b: Gastrodon|0 fnt\n|faint|p2b: Gastrodon\n|-damage|p1b: Rathalos|91\/100|[from] item: Life Orb\n|move|p2a: Tyranitar|Rock Slide|p1a: Dragonite|[spread] p1a,p1b\n|-supereffective|p1a: Dragonite\n|-resisted|p1b: Rathalos\n|-damage|p1a: Dragonite|36\/100\n|-damage|p1b: Rathalos|74\/100\n|\n|-weather|Sandstorm|[upkeep]\n|-damage|p1a: Dragonite|30\/100|[from] Sandstorm\n|-heal|p2a: Tyranitar|25\/100|[from] item: Leftovers\n|upkeep\n|inactive|Edelgard1162 has 120 seconds left.\n|\n|t:|1700352634\n|switch|p2b: Diancie|Diancie|100\/100\n|turn|10\n|\n|t:|1700352650\n|switch|p2a: Rillaboom|Rillaboom, F|86\/100\n|-fieldstart|move: Grassy Terrain|[from] ability: Grassy Surge|[of] p2a: Rillaboom\n|detailschange|p2b: Diancie|Diancie-Mega\n|-mega|p2b: Diancie|Diancie|Diancite\n|move|p1a: Dragonite|Extreme Speed|p2a: Rillaboom\n|-crit|p2a: Rillaboom\n|-damage|p2a: Rillaboom|27\/100\n|move|p2b: Diancie|Diamond Storm|p1a: Dragonite|[spread] p1b\n|-miss|p2b: Diancie|p1a: Dragonite\n|-resisted|p1b: Rathalos\n|-damage|p1b: Rathalos|56\/100\n|move|p1b: Rathalos|Earthquake|p2b: Diancie|[spread] p2a,p2b\n|-immune|p1a: Dragonite\n|-resisted|p2a: Rillaboom\n|-supereffective|p2b: Diancie\n|-damage|p2a: Rillaboom|15\/100\n|-damage|p2b: Diancie|38\/100\n|-damage|p1b: Rathalos|47\/100|[from] item: Life Orb\n|\n|-weather|none\n|-heal|p2b: Diancie|44\/100|[from] Grassy Terrain\n|-heal|p1b: Rathalos|53\/100|[from] Grassy Terrain\n|-heal|p2a: Rillaboom|21\/100|[from] Grassy Terrain\n|-heal|p2a: Rillaboom|27\/100|[from] item: Leftovers\n|upkeep\n|turn|11\n|inactive|Edelgard1162 has 120 seconds left.\n|\n|t:|1700352683\n|move|p2a: Rillaboom|Fake Out|p1a: Dragonite\n|-damage|p1a: Dragonite|17\/100\n|move|p1a: Dragonite|Extreme Speed|p2a: Rillaboom\n|-damage|p2a: Rillaboom|0 fnt\n|faint|p2a: Rillaboom\n|move|p2b: Diancie|Dazzling Gleam|p1b: Rathalos|[spread] p1a,p1b\n|-supereffective|p1a: Dragonite\n|-supereffective|p1b: Rathalos\n|-damage|p1a: Dragonite|0 fnt\n|-damage|p1b: Rathalos|0 fnt\n|faint|p1a: Dragonite\n|faint|p1b: Rathalos\n|\n|-heal|p2b: Diancie|50\/100|[from] Grassy Terrain\n|upkeep\n|\n|t:|1700352700\n|switch|p1b: Zygizzle|Zygarde|88\/100\n|switch|p1a: Baxcalibur|Baxcalibur, F|32\/100\n|switch|p2a: Tyranitar|Tyranitar, F|25\/100\n|-ability|p1b: Zygizzle|Aura Break\n|-weather|Sandstorm|[from] ability: Sand Stream|[of] p2a: Tyranitar\n|turn|12\n|inactive|SethLikesCombusken has 120 seconds left.\n|\n|t:|1700352747\n|-terastallize|p1b: Zygizzle|Flying\n|move|p1a: Baxcalibur|Ice Shard|p2b: Diancie\n|-damage|p2b: Diancie|20\/100\n|move|p2b: Diancie|Dazzling Gleam|p1b: Zygizzle|[spread] p1a,p1b\n|-supereffective|p1a: Baxcalibur\n|-damage|p1a: Baxcalibur|0 fnt\n|-damage|p1b: Zygizzle|56\/100\n|faint|p1a: Baxcalibur\n|move|p1b: Zygizzle|Thousand Arrows|p2a: Tyranitar|[spread] p2a,p2b\n|-supereffective|p2a: Tyranitar\n|-supereffective|p2b: Diancie\n|-damage|p2a: Tyranitar|0 fnt\n|-damage|p2b: Diancie|0 fnt\n|faint|p2a: Tyranitar\n|faint|p2b: Diancie\n|\n|-weather|Sandstorm|[upkeep]\n|-damage|p1b: Zygizzle|50\/100|[from] Sandstorm\n|-heal|p1b: Zygizzle|56\/100|[from] item: Leftovers\n|upkeep\n|\n|t:|1700352757\n|switch|p2b: Togedemaru|Togedemaru, L1, F|100\/100\n|turn|13\n|\n|t:|1700352764\n|move|p1b: Zygizzle|Substitute|p1b: Zygizzle\n|-start|p1b: Zygizzle|Substitute\n|-damage|p1b: Zygizzle|31\/100\n|move|p2b: Togedemaru|Endeavor|p1b: Zygizzle\n|-end|p1b: Zygizzle|Substitute\n|\n|-weather|Sandstorm|[upkeep]\n|-damage|p1b: Zygizzle|25\/100|[from] Sandstorm\n|-heal|p1b: Zygizzle|31\/100|[from] item: Leftovers\n|upkeep\n|turn|14\n|\n|t:|1700352783\n|move|p1b: Zygizzle|Protect|p1b: Zygizzle\n|-singleturn|p1b: Zygizzle|Protect\n|move|p2b: Togedemaru|Endeavor|p1b: Zygizzle\n|-activate|p1b: Zygizzle|move: Protect\n|\n|-weather|Sandstorm|[upkeep]\n|-damage|p1b: Zygizzle|25\/100|[from] Sandstorm\n|-heal|p1b: Zygizzle|31\/100|[from] item: Leftovers\n|-fieldend|move: Grassy Terrain\n|upkeep\n|turn|15\n|\n|t:|1700352787\n|move|p1b: Zygizzle|Substitute|p1b: Zygizzle\n|-start|p1b: Zygizzle|Substitute\n|-damage|p1b: Zygizzle|6\/100\n|move|p2b: Togedemaru|Endeavor|p1b: Zygizzle\n|-activate|p1b: Zygizzle|move: Substitute|[damage]\n|\n|-weather|Sandstorm|[upkeep]\n|-damage|p1b: Zygizzle|0 fnt|[from] Sandstorm\n|faint|p1b: Zygizzle\n|\n|win|Edelgard1162\n|upkeep\n|raw|SethLikesCombusken's rating: 1207 &rarr; <strong>1190<\/strong><br \/>(-17 for losing)\n|raw|Edelgard1162's rating: 1330 &rarr; <strong>1343<\/strong><br \/>(+13 for winning)\n|l|\u2606SethLikesCombusken\n","uploadtime":1700352797,"views":8,"p1id":"sethlikescombusken","p2id":"edelgard1162","formatid":"gen9nationaldexdoubles","rating":1190,"private":0,"password":""}