{"id":"gen9nationaldexdoubles-1957981463","p1":"Skipper2165","p2":"Theadonia","format":"[Gen 9] National Dex Doubles","log":"|j|\u2606Skipper2165\n|j|\u2606Theadonia\n|t:|1696277648\n|gametype|doubles\n|player|p1|Skipper2165|101|1026\n|player|p2|Theadonia|caitlin|1109\n|teamsize|p1|6\n|teamsize|p2|6\n|gen|9\n|tier|[Gen 9] National Dex Doubles\n|rated|\n|rule|HP Percentage Mod: HP is shown in percentages\n|rule|Endless Battle Clause: Forcing endless battles is banned\n|rule|OHKO Clause: OHKO moves are banned\n|rule|Evasion Moves Clause: Evasion moves are banned\n|rule|Evasion Abilities Clause: Evasion abilities are banned\n|rule|Species Clause: Limit one of each Pok\u00e9mon\n|rule|Gravity Sleep Clause: The combination of sleep-inducing moves with imperfect accuracy and Gravity or Gigantamax Orbeetle are banned\n|clearpoke\n|poke|p1|Jolteon, M|\n|poke|p1|Toxicroak, M|\n|poke|p1|Pelipper, M|\n|poke|p1|Ludicolo, F|\n|poke|p1|Scizor, M|\n|poke|p1|Lanturn, F|\n|poke|p2|Delphox, F|\n|poke|p2|Oricorio-Sensu, F|\n|poke|p2|Kommo-o, M|\n|poke|p2|Riolu, F|\n|poke|p2|Cresselia, F|\n|poke|p2|Smeargle, M|\n|teampreview\n|\n|t:|1696277662\n|start\n|switch|p1a: Pelipper|Pelipper, M|100\/100\n|switch|p1b: Ludicolo|Ludicolo, F|100\/100\n|switch|p2a: Kommo-o|Kommo-o, M, shiny|100\/100\n|switch|p2b: Smeargle|Smeargle, M|100\/100\n|-weather|RainDance|[from] ability: Drizzle|[of] p1a: Pelipper\n|turn|1\n|\n|t:|1696277674\n|move|p1b: Ludicolo|Ice Beam|p2a: Kommo-o\n|-supereffective|p2a: Kommo-o\n|-damage|p2a: Kommo-o|34\/100\n|move|p2b: Smeargle|Simple Beam|p2a: Kommo-o\n|-endability|p2a: Kommo-o|Soundproof|[from] move: Simple Beam\n|-ability|p2a: Kommo-o|Simple|[from] move: Simple Beam\n|-zpower|p2a: Kommo-o\n|move|p2a: Kommo-o|Clangorous Soulblaze|p1a: Pelipper|[zeffect]|[spread] p1a,p1b\n|-crit|p1a: Pelipper\n|-damage|p1a: Pelipper|6\/100\n|-damage|p1b: Ludicolo|50\/100\n|-boost|p2a: Kommo-o|atk|2\n|-boost|p2a: Kommo-o|def|2\n|-boost|p2a: Kommo-o|spa|2\n|-boost|p2a: Kommo-o|spd|2\n|-boost|p2a: Kommo-o|spe|2\n|move|p1a: Pelipper|Hurricane|p2a: Kommo-o\n|-supereffective|p2a: Kommo-o\n|-damage|p2a: Kommo-o|0 fnt\n|faint|p2a: Kommo-o\n|\n|-weather|RainDance|[upkeep]\n|upkeep\n|\n|t:|1696277690\n|switch|p2a: Oricorio|Oricorio-Sensu, F, shiny|100\/100\n|turn|2\n|\n|t:|1696277700\n|-terastallize|p2a: Oricorio|Fairy\n|move|p1b: Ludicolo|Ice Beam|p2a: Oricorio\n|-damage|p2a: Oricorio|63\/100\n|move|p2b: Smeargle|Simple Beam|p2a: Oricorio\n|-endability|p2a: Oricorio|Dancer|[from] move: Simple Beam\n|-ability|p2a: Oricorio|Simple|[from] move: Simple Beam\n|move|p2a: Oricorio|Quiver Dance|p2a: Oricorio\n|-boost|p2a: Oricorio|spa|2\n|-boost|p2a: Oricorio|spd|2\n|-boost|p2a: Oricorio|spe|2\n|move|p1a: Pelipper|Ice Beam|p2a: Oricorio\n|-damage|p2a: Oricorio|47\/100\n|\n|-weather|RainDance|[upkeep]\n|upkeep\n|turn|3\n|j| NoCapCaptain\n|\n|t:|1696277730\n|switch|p2b: Riolu|Riolu, F|100\/100\n|move|p1b: Ludicolo|Scald|p2a: Oricorio\n|-damage|p2a: Oricorio|12\/100\n|-enditem|p2a: Oricorio|Aguav Berry|[eat]\n|-heal|p2a: Oricorio|45\/100|[from] item: Aguav Berry\n|move|p2a: Oricorio|Revelation Dance|p1b: Ludicolo\n|-damage|p1b: Ludicolo|0 fnt\n|faint|p1b: Ludicolo\n|move|p1a: Pelipper|Scald|p2a: Oricorio\n|-damage|p2a: Oricorio|13\/100\n|-status|p2a: Oricorio|brn\n|\n|-weather|RainDance|[upkeep]\n|-damage|p2a: Oricorio|6\/100 brn|[from] brn\n|upkeep\n|l| NoCapCaptain\n|\n|t:|1696277748\n|switch|p1b: Jolteon|Jolteon, M|100\/100\n|turn|4\n|\n|t:|1696277754\n|move|p2b: Riolu|Coaching|p2a: Oricorio\n|-boost|p2a: Oricorio|atk|2\n|-boost|p2a: Oricorio|def|2\n|move|p2a: Oricorio|Roost|p2a: Oricorio\n|-heal|p2a: Oricorio|56\/100 brn\n|move|p1b: Jolteon|Thunder|p2a: Oricorio\n|-damage|p2a: Oricorio|20\/100 brn\n|move|p1a: Pelipper|Hurricane|p2b: Riolu\n|-supereffective|p2b: Riolu\n|-damage|p2b: Riolu|0 fnt\n|faint|p2b: Riolu\n|\n|-weather|RainDance|[upkeep]\n|-damage|p2a: Oricorio|14\/100 brn|[from] brn\n|upkeep\n|\n|t:|1696277762\n|switch|p2b: Cresselia|Cresselia, F|100\/100\n|turn|5\n|\n|t:|1696277799\n|move|p2a: Oricorio|Roost|p2a: Oricorio\n|-heal|p2a: Oricorio|64\/100 brn\n|move|p1b: Jolteon|Shadow Ball|p2b: Cresselia\n|-supereffective|p2b: Cresselia\n|-crit|p2b: Cresselia\n|-damage|p2b: Cresselia|55\/100\n|-unboost|p2b: Cresselia|spd|1\n|move|p2b: Cresselia|Psych Up|p2a: Oricorio\n|-copyboost|p2b: Cresselia|p2a: Oricorio|[from] move: Psych Up\n|move|p1a: Pelipper|Scald|p2b: Cresselia\n|-damage|p2b: Cresselia|38\/100\n|\n|-weather|RainDance|[upkeep]\n|-heal|p2b: Cresselia|44\/100|[from] item: Leftovers\n|-damage|p2a: Oricorio|58\/100 brn|[from] brn\n|upkeep\n|turn|6\n|\n|t:|1696277818\n|move|p2a: Oricorio|Revelation Dance|p1b: Jolteon\n|-damage|p1b: Jolteon|26\/100\n|move|p2b: Cresselia|Lunar Blessing|p2b: Cresselia|[spread] p2a,p2b\n|-heal|p2a: Oricorio|83\/100 brn\n|-curestatus|p2a: Oricorio|brn|[msg]\n|-heal|p2b: Cresselia|69\/100\n|move|p1b: Jolteon|Shadow Ball|p2b: Cresselia\n|-supereffective|p2b: Cresselia\n|-damage|p2b: Cresselia|54\/100\n|move|p1a: Pelipper|Hurricane|p2b: Cresselia\n|-damage|p2b: Cresselia|38\/100\n|-start|p2b: Cresselia|confusion\n|\n|-weather|RainDance|[upkeep]\n|-heal|p2b: Cresselia|44\/100|[from] item: Leftovers\n|-heal|p1b: Jolteon|32\/100|[from] item: Leftovers\n|upkeep\n|turn|7\n|\n|t:|1696277857\n|move|p2a: Oricorio|Revelation Dance|p1b: Jolteon\n|-damage|p1b: Jolteon|0 fnt\n|faint|p1b: Jolteon\n|-activate|p2b: Cresselia|confusion\n|-damage|p2b: Cresselia|40\/100|[from] confusion\n|move|p1a: Pelipper|Scald|p2b: Cresselia\n|-damage|p2b: Cresselia|24\/100\n|-status|p2b: Cresselia|brn\n|\n|-weather|RainDance|[upkeep]\n|-heal|p2b: Cresselia|30\/100 brn|[from] item: Leftovers\n|-damage|p2b: Cresselia|24\/100 brn|[from] brn\n|upkeep\n|\n|t:|1696277873\n|switch|p1b: Toxicroak|Toxicroak, M|100\/100\n|turn|8\n|\n|t:|1696277882\n|move|p2a: Oricorio|Revelation Dance|p1a: Pelipper\n|-damage|p1a: Pelipper|0 fnt\n|faint|p1a: Pelipper\n|-activate|p2b: Cresselia|confusion\n|move|p2b: Cresselia|Lunar Blessing|p2b: Cresselia|[spread] p2a,p2b\n|-heal|p2a: Oricorio|100\/100\n|-heal|p2b: Cresselia|49\/100 brn\n|-curestatus|p2b: Cresselia|brn|[msg]\n|move|p1b: Toxicroak|Poison Jab|p2a: Oricorio\n|-supereffective|p2a: Oricorio\n|-damage|p2a: Oricorio|65\/100\n|\n|-weather|none\n|-heal|p2b: Cresselia|55\/100|[from] item: Leftovers\n|upkeep\n|\n|t:|1696277911\n|switch|p1a: Scizor|Scizor, M|100\/100\n|turn|9\n|\n|t:|1696277917\n|move|p2a: Oricorio|Revelation Dance|p1a: Scizor\n|-resisted|p1a: Scizor\n|-damage|p1a: Scizor|51\/100\n|-end|p2b: Cresselia|confusion\n|move|p2b: Cresselia|Stored Power|p1b: Toxicroak\n|-supereffective|p1b: Toxicroak\n|-damage|p1b: Toxicroak|0 fnt\n|faint|p1b: Toxicroak\n|move|p1a: Scizor|X-Scissor|p2b: Cresselia\n|-supereffective|p2b: Cresselia\n|-crit|p2b: Cresselia\n|-damage|p2b: Cresselia|0 fnt\n|faint|p2b: Cresselia\n|\n|-heal|p1a: Scizor|57\/100|[from] item: Leftovers\n|upkeep\n|\n|t:|1696277945\n|switch|p1b: Lanturn|Lanturn, F|100\/100\n|switch|p2b: Delphox|Delphox, F, shiny|100\/100\n|turn|10\n|\n|t:|1696277957\n|move|p2a: Oricorio|Revelation Dance|p1b: Lanturn\n|-crit|p1b: Lanturn\n|-damage|p1b: Lanturn|18\/100\n|move|p2b: Delphox|Heat Wave|p1a: Scizor|[spread] p1a,p1b\n|-supereffective|p1a: Scizor\n|-resisted|p1b: Lanturn\n|-damage|p1a: Scizor|0 fnt\n|-damage|p1b: Lanturn|2\/100\n|-status|p1b: Lanturn|brn\n|faint|p1a: Scizor\n|move|p1b: Lanturn|Scald|p2b: Delphox\n|-supereffective|p2b: Delphox\n|-damage|p2b: Delphox|24\/100\n|\n|-damage|p1b: Lanturn|0 fnt|[from] brn\n|faint|p1b: Lanturn\n|\n|win|Theadonia\n|upkeep\n|raw|Skipper2165's rating: 1026 &rarr; <strong>1015<\/strong><br \/>(-11 for losing)\n|raw|Theadonia's rating: 1109 &rarr; <strong>1128<\/strong><br \/>(+19 for winning)\n|c|\u2606Theadonia|Gg\n|l|\u2606Skipper2165\n","uploadtime":1696277976,"views":8,"p1id":"skipper2165","p2id":"theadonia","formatid":"gen9nationaldexdoubles","rating":1015,"private":0,"password":""}