{"id":"gen9nationaldexdoubles-1968475685","p1":"Boshigoat","p2":"fumbari 24","format":"[Gen 9] National Dex Doubles","log":"|j|\u2606Boshigoat\n|j|\u2606fumbari 24\n|t:|1697422608\n|gametype|doubles\n|player|p1|Boshigoat|169|1428\n|player|p2|fumbari 24|hilbert|1420\n|teamsize|p1|6\n|teamsize|p2|6\n|gen|9\n|tier|[Gen 9] National Dex Doubles\n|rated|\n|rule|HP Percentage Mod: HP is shown in percentages\n|rule|Endless Battle Clause: Forcing endless battles is banned\n|rule|OHKO Clause: OHKO moves are banned\n|rule|Evasion Moves Clause: Evasion moves are banned\n|rule|Evasion Abilities Clause: Evasion abilities are banned\n|rule|Species Clause: Limit one of each Pok\u00e9mon\n|rule|Gravity Sleep Clause: The combination of sleep-inducing moves with imperfect accuracy and Gravity or Gigantamax Orbeetle are banned\n|clearpoke\n|poke|p1|Hatterene, F|\n|poke|p1|Indeedee-F, F|\n|poke|p1|Camerupt, F|\n|poke|p1|Sinistcha|\n|poke|p1|Conkeldurr, F|\n|poke|p1|Kingambit, F|\n|poke|p2|Blastoise, M|\n|poke|p2|Urshifu-*, F|\n|poke|p2|Skarmory, M|\n|poke|p2|Meowscarada, M|\n|poke|p2|Ceruledge, M|\n|poke|p2|Ting-Lu|\n|teampreview\n|\n|t:|1697422630\n|start\n|switch|p1a: Hatterene|Hatterene, F|100\/100\n|switch|p1b: Indeedee|Indeedee-F, F|100\/100\n|switch|p2a: Ting-Lu|Ting-Lu|100\/100\n|switch|p2b: Skraa|Skarmory, M|100\/100\n|-fieldstart|move: Psychic Terrain|[from] ability: Psychic Surge|[of] p1b: Indeedee\n|-ability|p2a: Ting-Lu|Vessel of Ruin\n|turn|1\n|\n|t:|1697422643\n|move|p1b: Indeedee|Follow Me|p1b: Indeedee\n|-singleturn|p1b: Indeedee|move: Follow Me\n|-zpower|p2b: Skraa\n|move|p2b: Skraa|Supersonic Skystrike|p1b: Indeedee|[zeffect]\n|-damage|p1b: Indeedee|39\/100\n|-enditem|p1b: Indeedee|Sitrus Berry|[eat]\n|-heal|p1b: Indeedee|64\/100|[from] item: Sitrus Berry\n|move|p2a: Ting-Lu|Snarl|p1b: Indeedee|[spread] p1a,p1b\n|-supereffective|p1b: Indeedee\n|-damage|p1a: Hatterene|91\/100\n|-damage|p1b: Indeedee|48\/100\n|-unboost|p1a: Hatterene|spa|1\n|-unboost|p1b: Indeedee|spa|1\n|move|p1a: Hatterene|Trick Room|p1a: Hatterene\n|-fieldstart|move: Trick Room|[of] p1a: Hatterene\n|\n|upkeep\n|turn|2\n|\n|t:|1697422660\n|switch|p1a: Camerupt|Camerupt, F|100\/100\n|move|p1b: Indeedee|Follow Me|p1b: Indeedee\n|-singleturn|p1b: Indeedee|move: Follow Me\n|move|p2a: Ting-Lu|Snarl|p1a: Camerupt|[spread] p1a,p1b\n|-supereffective|p1b: Indeedee\n|-damage|p1a: Camerupt|91\/100\n|-damage|p1b: Indeedee|32\/100\n|-unboost|p1a: Camerupt|spa|1\n|-unboost|p1b: Indeedee|spa|1\n|move|p2b: Skraa|Iron Head|p1b: Indeedee\n|-damage|p1b: Indeedee|7\/100\n|\n|upkeep\n|turn|3\n|\n|t:|1697422674\n|switch|p2b: Harbor|Blastoise, M|100\/100\n|detailschange|p1a: Camerupt|Camerupt-Mega, F\n|-mega|p1a: Camerupt|Camerupt|Cameruptite\n|move|p1b: Indeedee|Helping Hand|p1a: Camerupt\n|-singleturn|p1a: Camerupt|Helping Hand|[of] p1b: Indeedee\n|move|p1a: Camerupt|Eruption|p2a: Ting-Lu|[spread] p2a,p2b\n|-resisted|p2b: Harbor\n|-damage|p2a: Ting-Lu|80\/100\n|-damage|p2b: Harbor|81\/100\n|move|p2a: Ting-Lu|Snarl|p1a: Camerupt|[spread] p1a,p1b\n|-supereffective|p1b: Indeedee\n|-damage|p1a: Camerupt|84\/100\n|-damage|p1b: Indeedee|0 fnt\n|-unboost|p1a: Camerupt|spa|1\n|faint|p1b: Indeedee\n|\n|-heal|p2b: Harbor|87\/100|[from] item: Leftovers\n|upkeep\n|\n|t:|1697422684\n|switch|p1b: Conkeldurr|Conkeldurr, F|100\/100\n|turn|4\n|\n|t:|1697422699\n|switch|p1a: Hatterene|Hatterene, F|91\/100\n|switch|p2a: B.K|Ceruledge, M|100\/100\n|move|p2b: Harbor|Fake Out|p1a: Hatterene\n|-activate|p1a: Hatterene|move: Psychic Terrain\n|move|p1b: Conkeldurr|Close Combat|p2a: B.K\n|-immune|p2a: B.K\n|\n|-heal|p2b: Harbor|93\/100|[from] item: Leftovers\n|-status|p1b: Conkeldurr|brn|[from] item: Flame Orb\n|upkeep\n|turn|5\n|\n|t:|1697422727\n|switch|p2a: Skraa|Skarmory, M|100\/100\n|move|p1a: Hatterene|Expanding Force|p2b: Harbor|[spread] p2a,p2b\n|-resisted|p2a: Skraa\n|-damage|p2a: Skraa|46\/100\n|-damage|p2b: Harbor|21\/100\n|-damage|p1a: Hatterene|81\/100|[from] item: Life Orb\n|move|p1b: Conkeldurr|Knock Off|p2a: Skraa\n|-damage|p2a: Skraa|15\/100\n|move|p2b: Harbor|Scald|p1a: Hatterene\n|-damage|p1a: Hatterene|45\/100\n|\n|-heal|p2b: Harbor|27\/100|[from] item: Leftovers\n|-damage|p1b: Conkeldurr|94\/100 brn|[from] brn\n|-fieldend|move: Trick Room\n|-fieldend|move: Psychic Terrain\n|upkeep\n|turn|6\n|\n|t:|1697422753\n|move|p2a: Skraa|Iron Head|p1a: Hatterene\n|-supereffective|p1a: Hatterene\n|-damage|p1a: Hatterene|0 fnt\n|faint|p1a: Hatterene\n|move|p2b: Harbor|Scald|p1b: Conkeldurr\n|-damage|p1b: Conkeldurr|51\/100 brn\n|move|p1b: Conkeldurr|Knock Off|p2a: Skraa\n|-damage|p2a: Skraa|0 fnt\n|faint|p2a: Skraa\n|\n|-heal|p2b: Harbor|33\/100|[from] item: Leftovers\n|-damage|p1b: Conkeldurr|45\/100 brn|[from] brn\n|upkeep\n|inactive|Battle timer is ON: inactive players will automatically lose when time's up. (requested by fumbari 24)\n|\n|t:|1697422766\n|switch|p2a: Urshifu|Urshifu-Rapid-Strike, F|100\/100\n|switch|p1a: Sinistcha|Sinistcha|100\/100\n|-heal|p1b: Conkeldurr|70\/100 brn|[from] ability: Hospitality|[of] p1a: Sinistcha\n|turn|7\n|\n|t:|1697422782\n|move|p2a: Urshifu|Protect|p2a: Urshifu\n|-singleturn|p2a: Urshifu|Protect\n|move|p2b: Harbor|Icy Wind|p1b: Conkeldurr|[spread] p1a,p1b\n|-supereffective|p1a: Sinistcha\n|-damage|p1a: Sinistcha|81\/100\n|-damage|p1b: Conkeldurr|60\/100 brn\n|-unboost|p1a: Sinistcha|spe|1\n|-unboost|p1b: Conkeldurr|spe|1\n|move|p1b: Conkeldurr|Close Combat|p2b: Harbor\n|-damage|p2b: Harbor|0 fnt\n|-unboost|p1b: Conkeldurr|def|1\n|-unboost|p1b: Conkeldurr|spd|1\n|faint|p2b: Harbor\n|move|p1a: Sinistcha|Trick Room|p1a: Sinistcha\n|-fieldstart|move: Trick Room|[of] p1a: Sinistcha\n|\n|-damage|p1b: Conkeldurr|54\/100 brn|[from] brn\n|upkeep\n|\n|t:|1697422795\n|switch|p2b: Ting-Lu|Ting-Lu|80\/100\n|-ability|p2b: Ting-Lu|Vessel of Ruin\n|turn|8\n|\n|t:|1697422816\n|switch|p2b: B.K|Ceruledge, M|100\/100\n|move|p1b: Conkeldurr|Close Combat|p2b: B.K\n|-immune|p2b: B.K\n|move|p1a: Sinistcha|Matcha Gotcha|p2b: B.K|[spread] p2b\n|-miss|p1a: Sinistcha|p2a: Urshifu\n|-resisted|p2b: B.K\n|-damage|p2b: B.K|84\/100\n|-heal|p1a: Sinistcha|89\/100|[from] drain|[of] p2b: B.K\n|move|p2a: Urshifu|Surging Strikes|p1b: Conkeldurr\n|-crit|p1b: Conkeldurr\n|-damage|p1b: Conkeldurr|27\/100 brn\n|-crit|p1b: Conkeldurr\n|-damage|p1b: Conkeldurr|0 fnt\n|faint|p1b: Conkeldurr\n|-hitcount|p1: Conkeldurr|2\n|\n|upkeep\n|\n|t:|1697422829\n|switch|p1b: Kingambit|Kingambit, F|100\/100\n|-activate|p1b: Kingambit|ability: Supreme Overlord\n|-start|p1b: Kingambit|fallen3|[silent]\n|turn|9\n|\n|t:|1697422851\n|move|p1b: Kingambit|Protect|p1b: Kingambit\n|-singleturn|p1b: Kingambit|Protect\n|move|p1a: Sinistcha|Matcha Gotcha|p2b: B.K|[spread] p2a\n|-miss|p1a: Sinistcha|p2b: B.K\n|-supereffective|p2a: Urshifu\n|-damage|p2a: Urshifu|39\/100\n|-heal|p1a: Sinistcha|100\/100|[from] drain|[of] p2a: Urshifu\n|move|p2b: B.K|Bulk Up|p2b: B.K\n|-boost|p2b: B.K|atk|1\n|-boost|p2b: B.K|def|1\n|move|p2a: Urshifu|Drain Punch|p1b: Kingambit\n|-supereffective|p1b: Kingambit\n|-damage|p1b: Kingambit|0 fnt\n|-heal|p2a: Urshifu|89\/100|[from] drain|[of] p1b: Kingambit\n|faint|p1b: Kingambit\n|-end|p1b: Kingambit|fallen3|[silent]\n|\n|upkeep\n|\n|t:|1697422862\n|switch|p1b: Camerupt|Camerupt-Mega, F|84\/100\n|turn|10\n|\n|t:|1697422889\n|-terastallize|p2b: B.K|Grass\n|move|p2a: Urshifu|Protect|p2a: Urshifu\n|-singleturn|p2a: Urshifu|Protect\n|move|p1b: Camerupt|Earth Power|p2a: Urshifu\n|-activate|p2a: Urshifu|move: Protect\n|move|p1a: Sinistcha|Matcha Gotcha|p2b: B.K|[spread] p2b\n|-activate|p2a: Urshifu|move: Protect\n|-resisted|p2b: B.K\n|-damage|p2b: B.K|70\/100\n|move|p2b: B.K|Bitter Blade|p1a: Sinistcha\n|-supereffective|p1a: Sinistcha\n|-damage|p1a: Sinistcha|0 fnt\n|-heal|p2b: B.K|100\/100|[from] drain|[of] p1a: Sinistcha\n|faint|p1a: Sinistcha\n|\n|upkeep\n|turn|11\n|-message|Boshigoat forfeited.\n|\n|win|fumbari 24\n|raw|Boshigoat's rating: 1428 &rarr; <strong>1408<\/strong><br \/>(-20 for losing)\n|raw|fumbari 24's rating: 1420 &rarr; <strong>1440<\/strong><br \/>(+20 for winning)\n|l|\u2606Boshigoat\n","uploadtime":1697422912,"views":9,"p1id":"boshigoat","p2id":"fumbari24","formatid":"gen9nationaldexdoubles","rating":1408,"private":0,"password":""}