{"id":"gen9nationaldexdoubles-1955044889","p1":"Theadonia","p2":"OrangeLord","format":"[Gen 9] National Dex Doubles","log":"|j|\u2606Theadonia\n|j|\u2606OrangeLord\n|t:|1695950251\n|gametype|doubles\n|player|p1|Theadonia|caitlin|1127\n|player|p2|OrangeLord|will|1186\n|teamsize|p1|6\n|teamsize|p2|6\n|gen|9\n|tier|[Gen 9] National Dex Doubles\n|rated|\n|rule|HP Percentage Mod: HP is shown in percentages\n|rule|Endless Battle Clause: Forcing endless battles is banned\n|rule|OHKO Clause: OHKO moves are banned\n|rule|Evasion Moves Clause: Evasion moves are banned\n|rule|Evasion Abilities Clause: Evasion abilities are banned\n|rule|Species Clause: Limit one of each Pok\u00e9mon\n|rule|Gravity Sleep Clause: The combination of sleep-inducing moves with imperfect accuracy and Gravity or Gigantamax Orbeetle are banned\n|clearpoke\n|poke|p1|Delphox, F|\n|poke|p1|Oricorio-Sensu, F|\n|poke|p1|Kommo-o, M|\n|poke|p1|Smeargle, F|\n|poke|p1|Comfey, F|\n|poke|p1|Illumise, F|\n|poke|p2|Audino, F|\n|poke|p2|Ursaluna, M|\n|poke|p2|Indeedee-F, F|\n|poke|p2|Wyrdeer, M|\n|poke|p2|Drampa, M|\n|poke|p2|Porygon2|\n|teampreview\n|inactive|Battle timer is ON: inactive players will automatically lose when time's up. (requested by OrangeLord)\n|\n|t:|1695950272\n|start\n|switch|p1a: Delphox|Delphox, F|100\/100\n|switch|p1b: Oricorio|Oricorio-Sensu, F|100\/100\n|switch|p2a: Indeedee|Indeedee-F, F, shiny|100\/100\n|switch|p2b: Wyrdeer|Wyrdeer, M, shiny|100\/100\n|-fieldstart|move: Psychic Terrain|[from] ability: Psychic Surge|[of] p2a: Indeedee\n|-ability|p2b: Wyrdeer|Intimidate|boost\n|-unboost|p1a: Delphox|atk|1\n|-unboost|p1b: Oricorio|atk|1\n|turn|1\n|\n|t:|1695950293\n|move|p2a: Indeedee|Follow Me|p2a: Indeedee\n|-singleturn|p2a: Indeedee|move: Follow Me\n|move|p1a: Delphox|Role Play|p2a: Indeedee\n|-endability|p1a: Delphox|Magician|[from] move: Role Play\n|-ability|p1a: Delphox|Psychic Surge|[from] move: Role Play|[of] p2a: Indeedee\n|move|p1b: Oricorio|Quiver Dance|p1b: Oricorio\n|-boost|p1b: Oricorio|spa|1\n|-boost|p1b: Oricorio|spd|1\n|-boost|p1b: Oricorio|spe|1\n|move|p2b: Wyrdeer|Trick Room|p2b: Wyrdeer\n|-fieldstart|move: Trick Room|[of] p2b: Wyrdeer\n|\n|upkeep\n|turn|2\n|\n|t:|1695950319\n|switch|p2a: Ursaluna|Ursaluna, M|100\/100\n|move|p2b: Wyrdeer|Curse|p2b: Wyrdeer\n|-unboost|p2b: Wyrdeer|spe|1\n|-boost|p2b: Wyrdeer|atk|1\n|-boost|p2b: Wyrdeer|def|1\n|move|p1b: Oricorio|Substitute|p1b: Oricorio\n|-start|p1b: Oricorio|Substitute\n|-damage|p1b: Oricorio|75\/100\n|move|p1a: Delphox|Heat Wave|p2b: Wyrdeer|[spread] p2a,p2b\n|-damage|p2a: Ursaluna|70\/100\n|-damage|p2b: Wyrdeer|75\/100\n|\n|-heal|p2b: Wyrdeer|81\/100|[from] item: Leftovers\n|-status|p2a: Ursaluna|brn|[from] item: Flame Orb\n|upkeep\n|turn|3\n|\n|t:|1695950345\n|move|p2a: Ursaluna|Shadow Claw|p1b: Oricorio\n|-supereffective|p1b: Oricorio\n|-end|p1b: Oricorio|Substitute\n|move|p2b: Wyrdeer|Psyshield Bash|p1b: Oricorio|[miss]\n|-miss|p2b: Wyrdeer|p1b: Oricorio\n|move|p1b: Oricorio|Roost|p1b: Oricorio\n|-heal|p1b: Oricorio|100\/100\n|-singleturn|p1b: Oricorio|move: Roost\n|move|p1a: Delphox|Role Play|p1b: Oricorio\n|-endability|p1a: Delphox|Psychic Surge|[from] move: Role Play\n|-ability|p1a: Delphox|Dancer|[from] move: Role Play|[of] p1b: Oricorio\n|\n|-heal|p2b: Wyrdeer|88\/100|[from] item: Leftovers\n|-damage|p2a: Ursaluna|64\/100 brn|[from] brn\n|upkeep\n|turn|4\n|inactive|Theadonia has 120 seconds left.\n|\n|t:|1695950380\n|move|p2a: Ursaluna|Shadow Claw|p1a: Delphox\n|-supereffective|p1a: Delphox\n|-damage|p1a: Delphox|0 fnt\n|faint|p1a: Delphox\n|move|p2b: Wyrdeer|Psyshield Bash|p1b: Oricorio\n|-damage|p1b: Oricorio|52\/100\n|-boost|p2b: Wyrdeer|def|1\n|move|p1b: Oricorio|Roost|p1b: Oricorio\n|-heal|p1b: Oricorio|100\/100\n|-singleturn|p1b: Oricorio|move: Roost\n|\n|-heal|p2b: Wyrdeer|94\/100|[from] item: Leftovers\n|-damage|p2a: Ursaluna|58\/100 brn|[from] brn\n|upkeep\n|\n|t:|1695950386\n|switch|p1a: Illumise|Illumise, F|100\/100\n|turn|5\n|inactive|Theadonia has 120 seconds left.\n|\n|t:|1695950415\n|switch|p1b: Smeargle|Smeargle, F|100\/100\n|move|p2a: Ursaluna|Shadow Claw|p1b: Smeargle\n|-immune|p1b: Smeargle\n|move|p2b: Wyrdeer|Psyshield Bash|p1a: Illumise\n|-damage|p1a: Illumise|34\/100\n|-boost|p2b: Wyrdeer|def|1\n|move|p1a: Illumise|Bug Buzz|p2b: Wyrdeer\n|-supereffective|p2b: Wyrdeer\n|-damage|p2b: Wyrdeer|57\/100\n|\n|-heal|p2b: Wyrdeer|63\/100|[from] item: Leftovers\n|-heal|p1a: Illumise|40\/100|[from] item: Leftovers\n|-damage|p2a: Ursaluna|52\/100 brn|[from] brn\n|-fieldend|move: Trick Room\n|-fieldend|move: Psychic Terrain\n|upkeep\n|turn|6\n|\n|t:|1695950437\n|switch|p2a: Indeedee|Indeedee-F, F, shiny|100\/100\n|-fieldstart|move: Psychic Terrain|[from] ability: Psychic Surge|[of] p2a: Indeedee\n|move|p1a: Illumise|Psych Up|p2b: Wyrdeer\n|-activate|p2b: Wyrdeer|move: Psychic Terrain\n|move|p1b: Smeargle|Jungle Healing|p1b: Smeargle|[spread] p1a,p1b\n|-heal|p1a: Illumise|65\/100\n|move|p2b: Wyrdeer|Trick Room|p2b: Wyrdeer\n|-fieldstart|move: Trick Room|[of] p2b: Wyrdeer\n|\n|-heal|p2b: Wyrdeer|69\/100|[from] item: Leftovers\n|-heal|p1a: Illumise|71\/100|[from] item: Leftovers\n|upkeep\n|turn|7\n|\n|t:|1695950460\n|move|p2a: Indeedee|Helping Hand|p2b: Wyrdeer\n|-singleturn|p2b: Wyrdeer|Helping Hand|[of] p2a: Indeedee\n|move|p1a: Illumise|Mimic|p2b: Wyrdeer\n|-activate|p2b: Wyrdeer|move: Psychic Terrain\n|move|p2b: Wyrdeer|Jump Kick|p1b: Smeargle\n|-supereffective|p1b: Smeargle\n|-damage|p1b: Smeargle|0 fnt\n|faint|p1b: Smeargle\n|\n|-heal|p2b: Wyrdeer|75\/100|[from] item: Leftovers\n|-heal|p1a: Illumise|77\/100|[from] item: Leftovers\n|upkeep\n|\n|t:|1695950470\n|switch|p1b: Oricorio|Oricorio-Sensu, F|100\/100\n|turn|8\n|\n|t:|1695950479\n|move|p2b: Wyrdeer|Psyshield Bash|p1b: Oricorio\n|-damage|p1b: Oricorio|52\/100\n|-boost|p2b: Wyrdeer|def|1\n|move|p1a: Illumise|Bug Buzz|p2b: Wyrdeer\n|-supereffective|p2b: Wyrdeer\n|-damage|p2b: Wyrdeer|38\/100\n|move|p2a: Indeedee|Expanding Force|p1a: Illumise|[spread] p1a,p1b\n|-crit|p1a: Illumise\n|-damage|p1a: Illumise|29\/100\n|-damage|p1b: Oricorio|2\/100\n|-enditem|p1b: Oricorio|Aguav Berry|[eat]\n|-heal|p1b: Oricorio|35\/100|[from] item: Aguav Berry\n|move|p1b: Oricorio|Substitute|p1b: Oricorio\n|-start|p1b: Oricorio|Substitute\n|-damage|p1b: Oricorio|10\/100\n|\n|-heal|p2b: Wyrdeer|44\/100|[from] item: Leftovers\n|-heal|p1a: Illumise|35\/100|[from] item: Leftovers\n|upkeep\n|turn|9\n|\n|t:|1695950500\n|move|p1a: Illumise|Roost|p1a: Illumise\n|-heal|p1a: Illumise|85\/100\n|-singleturn|p1a: Illumise|move: Roost\n|move|p2b: Wyrdeer|Psyshield Bash|p1b: Oricorio\n|-end|p1b: Oricorio|Substitute\n|-boost|p2b: Wyrdeer|def|1\n|move|p2a: Indeedee|Expanding Force|p1b: Oricorio|[spread] p1a,p1b\n|-damage|p1a: Illumise|56\/100\n|-damage|p1b: Oricorio|0 fnt\n|faint|p1b: Oricorio\n|\n|-heal|p2b: Wyrdeer|50\/100|[from] item: Leftovers\n|-heal|p1a: Illumise|62\/100|[from] item: Leftovers\n|upkeep\n|\n|t:|1695950514\n|switch|p1b: Comfey|Comfey, F|100\/100\n|turn|10\n|\n|t:|1695950520\n|move|p1b: Comfey|Floral Healing|p1a: Illumise\n|-heal|p1a: Illumise|100\/100\n|move|p2b: Wyrdeer|Psyshield Bash|p1a: Illumise|[miss]\n|-miss|p2b: Wyrdeer|p1a: Illumise\n|move|p1a: Illumise|Bug Buzz|p2b: Wyrdeer\n|-supereffective|p2b: Wyrdeer\n|-damage|p2b: Wyrdeer|9\/100\n|move|p2a: Indeedee|Heal Pulse|p2b: Wyrdeer\n|-heal|p2b: Wyrdeer|59\/100\n|\n|-heal|p2b: Wyrdeer|65\/100|[from] item: Leftovers\n|-fieldend|move: Trick Room\n|-fieldend|move: Psychic Terrain\n|upkeep\n|turn|11\n|inactive|Theadonia has 120 seconds left.\n|\n|t:|1695950559\n|move|p1b: Comfey|Draining Kiss|p2a: Indeedee\n|-damage|p2a: Indeedee|83\/100\n|move|p1a: Illumise|Psych Up|p2b: Wyrdeer\n|-copyboost|p1a: Illumise|p2b: Wyrdeer|[from] move: Psych Up\n|move|p2a: Indeedee|Heal Pulse|p2b: Wyrdeer\n|-heal|p2b: Wyrdeer|100\/100\n|move|p2b: Wyrdeer|Curse|p2b: Wyrdeer\n|-unboost|p2b: Wyrdeer|spe|1\n|-boost|p2b: Wyrdeer|atk|1\n|-boost|p2b: Wyrdeer|def|1\n|\n|upkeep\n|turn|12\n|inactive|Theadonia has 120 seconds left.\n|\n|t:|1695950584\n|switch|p2a: Porygon2|Porygon2, shiny|100\/100\n|-ability|p2a: Porygon2|Triage|[from] ability: Trace|[of] p1b: Comfey\n|move|p1b: Comfey|Draining Kiss|p2b: Wyrdeer\n|-damage|p2b: Wyrdeer|85\/100\n|move|p1a: Illumise|Bug Buzz|p2b: Wyrdeer\n|-supereffective|p2b: Wyrdeer\n|-damage|p2b: Wyrdeer|44\/100\n|-unboost|p2b: Wyrdeer|spd|1\n|move|p2b: Wyrdeer|Trick Room|p2b: Wyrdeer\n|-fieldstart|move: Trick Room|[of] p2b: Wyrdeer\n|\n|-heal|p2b: Wyrdeer|50\/100|[from] item: Leftovers\n|upkeep\n|turn|13\n|\n|t:|1695950606\n|switch|p1b: Kommo-o|Kommo-o, M|100\/100\n|move|p2b: Wyrdeer|Psyshield Bash|p1b: Kommo-o\n|-supereffective|p1b: Kommo-o\n|-damage|p1b: Kommo-o|0 fnt\n|faint|p1b: Kommo-o\n|move|p2a: Porygon2|Ice Beam|p1a: Illumise\n|-damage|p1a: Illumise|78\/100\n|move|p1a: Illumise|Bug Buzz|p2b: Wyrdeer\n|-supereffective|p2b: Wyrdeer\n|-damage|p2b: Wyrdeer|0 fnt\n|faint|p2b: Wyrdeer\n|\n|-heal|p1a: Illumise|84\/100|[from] item: Leftovers\n|upkeep\n|\n|t:|1695950619\n|switch|p2b: Ursaluna|Ursaluna, M|52\/100 brn\n|switch|p1b: Comfey|Comfey, F|100\/100\n|turn|14\n|\n|t:|1695950630\n|switch|p2a: Indeedee|Indeedee-F, F, shiny|83\/100\n|-fieldstart|move: Psychic Terrain|[from] ability: Psychic Surge|[of] p2a: Indeedee\n|move|p1b: Comfey|Giga Drain|p2b: Ursaluna\n|-activate|p2b: Ursaluna|move: Psychic Terrain\n|move|p2b: Ursaluna|Facade|p1b: Comfey\n|-damage|p1b: Comfey|0 fnt\n|faint|p1b: Comfey\n|move|p1a: Illumise|Bug Buzz|p2a: Indeedee\n|-supereffective|p2a: Indeedee\n|-damage|p2a: Indeedee|35\/100\n|\n|-heal|p1a: Illumise|90\/100|[from] item: Leftovers\n|-damage|p2b: Ursaluna|45\/100 brn|[from] brn\n|upkeep\n|turn|15\n|\n|t:|1695950651\n|switch|p2a: Drampa|Drampa, M, shiny|100\/100\n|-ability|p2a: Drampa|Cloud Nine\n|move|p2b: Ursaluna|Protect|p2b: Ursaluna\n|-singleturn|p2b: Ursaluna|Protect\n|move|p1a: Illumise|Bug Buzz|p2a: Drampa\n|-damage|p2a: Drampa|76\/100\n|\n|-heal|p1a: Illumise|96\/100|[from] item: Leftovers\n|-damage|p2b: Ursaluna|39\/100 brn|[from] brn\n|upkeep\n|turn|16\n|\n|t:|1695950665\n|move|p2a: Drampa|Thunderbolt|p1a: Illumise\n|-damage|p1a: Illumise|55\/100\n|-status|p1a: Illumise|par\n|move|p1a: Illumise|Bug Buzz|p2b: Ursaluna\n|-damage|p2b: Ursaluna|17\/100 brn\n|move|p2b: Ursaluna|Facade|p1a: Illumise\n|-damage|p1a: Illumise|6\/100 par\n|\n|-heal|p1a: Illumise|12\/100 par|[from] item: Leftovers\n|-damage|p2b: Ursaluna|11\/100 brn|[from] brn\n|-fieldend|move: Trick Room\n|upkeep\n|turn|17\n|\n|t:|1695950675\n|move|p2b: Ursaluna|Protect|p2b: Ursaluna\n|-singleturn|p2b: Ursaluna|Protect\n|cant|p1a: Illumise|par\n|move|p2a: Drampa|Thunderbolt|p1a: Illumise\n|-damage|p1a: Illumise|0 fnt\n|faint|p1a: Illumise\n|\n|win|OrangeLord\n|raw|Theadonia's rating: 1127 &rarr; <strong>1106<\/strong><br \/>(-21 for losing)\n|raw|OrangeLord's rating: 1186 &rarr; <strong>1207<\/strong><br \/>(+21 for winning)\n|c|\u2606Theadonia|Gg\n|c|\u2606OrangeLord|gg\n","uploadtime":1695950687,"views":15,"p1id":"theadonia","p2id":"orangelord","formatid":"gen9nationaldexdoubles","rating":1106,"private":0,"password":""}