{"id":"gen9nationaldexdoubles-1964963449","p1":"Prankbox454","p2":"FriedBeaver01","format":"[Gen 9] National Dex Doubles","log":"|j|\u2606Prankbox454\n|j|\u2606FriedBeaver01\n|t:|1697031360\n|gametype|doubles\n|player|p1|Prankbox454|burgh|\n|player|p2|FriedBeaver01|265|\n|teamsize|p1|6\n|teamsize|p2|6\n|gen|9\n|tier|[Gen 9] National Dex Doubles\n|rule|HP Percentage Mod: HP is shown in percentages\n|rule|Endless Battle Clause: Forcing endless battles is banned\n|rule|OHKO Clause: OHKO moves are banned\n|rule|Evasion Moves Clause: Evasion moves are banned\n|rule|Evasion Abilities Clause: Evasion abilities are banned\n|rule|Species Clause: Limit one of each Pok\u00e9mon\n|rule|Gravity Sleep Clause: The combination of sleep-inducing moves with imperfect accuracy and Gravity or Gigantamax Orbeetle are banned\n|clearpoke\n|poke|p1|Staraptor, F|\n|poke|p1|Ursaluna, M|\n|poke|p1|Pidgeot, M|\n|poke|p1|Silvally-*|\n|poke|p1|Obstagoon, F|\n|poke|p1|Zoroark-Hisui, M|\n|poke|p2|Great Tusk|\n|poke|p2|Iron Moth|\n|poke|p2|Grimmsnarl, M|\n|poke|p2|Basculegion, M|\n|poke|p2|Goodra-Hisui, M|\n|poke|p2|Ninetales, M|\n|teampreview\n|c|\u2606Prankbox454|Yes\n|c|\u2606Prankbox454|Mono normal\n|\n|t:|1697031425\n|start\n|switch|p1a: Staraptor|Staraptor, F|100\/100\n|switch|p1b: Ursaluna|Ursaluna, M|100\/100\n|switch|p2a: Nein-tales|Ninetales, M, shiny|100\/100\n|switch|p2b: EXTRA THICC|Grimmsnarl, M, shiny|100\/100\n|-weather|SunnyDay|[from] ability: Drought|[of] p2a: Nein-tales\n|-ability|p1a: Staraptor|Intimidate|boost\n|-unboost|p2a: Nein-tales|atk|1\n|-unboost|p2b: EXTRA THICC|atk|1\n|turn|1\n|c|\u2606FriedBeaver01|I guess you could say\n|c|\u2606FriedBeaver01|this is a normal team\n|c|\u2606FriedBeaver01|:smugpin:\n|c|\u2606Prankbox454|Very normal indeed\n|c|\u2606FriedBeaver01|and yes get ready for more of these jokes\n|c|\u2606FriedBeaver01|:smugpinsupreme:\n|c|\u2606Prankbox454|When Cheren goes with the normal team:\n|\n|t:|1697031464\n|move|p1b: Ursaluna|Protect|p1b: Ursaluna\n|-singleturn|p1b: Ursaluna|Protect\n|move|p2b: EXTRA THICC|Reflect|p2b: EXTRA THICC\n|-sidestart|p2: FriedBeaver01|Reflect\n|move|p2a: Nein-tales|Will-O-Wisp|p1b: Ursaluna\n|-activate|p1b: Ursaluna|move: Protect\n|move|p1a: Staraptor|Tailwind|p1a: Staraptor\n|-sidestart|p1: Prankbox454|move: Tailwind\n|\n|-weather|SunnyDay|[upkeep]\n|-status|p1b: Ursaluna|brn|[from] item: Flame Orb\n|upkeep\n|turn|2\n|c|\u2606Prankbox454|Oh you would've burnt me for free?\n|c|\u2606Prankbox454|How nice of you\n|c|\u2606Prankbox454|:smugpin:\n|\n|t:|1697031531\n|move|p1a: Staraptor|Helping Hand|p1b: Ursaluna\n|-singleturn|p1b: Ursaluna|Helping Hand|[of] p1a: Staraptor\n|move|p2b: EXTRA THICC|Light Screen|p2b: EXTRA THICC\n|-sidestart|p2: FriedBeaver01|move: Light Screen\n|move|p1b: Ursaluna|Earthquake|p2b: EXTRA THICC|[spread] p2a,p2b\n|-immune|p1a: Staraptor\n|-supereffective|p2a: Nein-tales\n|-crit|p2b: EXTRA THICC\n|-enditem|p2a: Nein-tales|Focus Sash\n|-damage|p2a: Nein-tales|1\/100\n|-damage|p2b: EXTRA THICC|0 fnt\n|faint|p2b: EXTRA THICC\n|move|p2a: Nein-tales|Solar Beam||[still]\n|-prepare|p2a: Nein-tales|Solar Beam\n|-anim|p2a: Nein-tales|Solar Beam|p1b: Ursaluna\n|-supereffective|p1b: Ursaluna\n|-damage|p1b: Ursaluna|38\/100 brn\n|\n|-weather|SunnyDay|[upkeep]\n|-damage|p1b: Ursaluna|31\/100 brn|[from] brn\n|upkeep\n|\n|t:|1697031560\n|switch|p2b: Mecha Mothra|Iron Moth, shiny|100\/100\n|-enditem|p2b: Mecha Mothra|Booster Energy\n|-activate|p2b: Mecha Mothra|ability: Quark Drive|[fromitem]\n|-start|p2b: Mecha Mothra|quarkdrivespa\n|turn|3\n|c|\u2606Prankbox454|I didnt know Staraptor had that move until i started building the team\n|\n|t:|1697031585\n|-terastallize|p2b: Mecha Mothra|Flying\n|move|p1a: Staraptor|Brave Bird|p2b: Mecha Mothra\n|-damage|p2b: Mecha Mothra|29\/100\n|-damage|p1a: Staraptor|78\/100|[from] Recoil\n|move|p1b: Ursaluna|Earthquake|p2a: Nein-tales|[spread] p2a\n|-immune|p1a: Staraptor\n|-immune|p2b: Mecha Mothra\n|-supereffective|p2a: Nein-tales\n|-damage|p2a: Nein-tales|0 fnt\n|faint|p2a: Nein-tales\n|move|p2b: Mecha Mothra|Energy Ball|p1b: Ursaluna\n|-supereffective|p1b: Ursaluna\n|-damage|p1b: Ursaluna|0 fnt\n|faint|p1b: Ursaluna\n|\n|-weather|SunnyDay|[upkeep]\n|upkeep\n|c|\u2606Prankbox454|oh you bastard\n|c|\u2606FriedBeaver01|gottem\n|c|\u2606FriedBeaver01|Goodbye teddy bear\n|c|\u2606FriedBeaver01|:smugpin:\n|\n|t:|1697031621\n|switch|p2a: \ud83d\udc0c|Goodra-Hisui, M, shiny|100\/100\n|switch|p1b: Silvally|Silvally|100\/100\n|turn|4\n|inactive|Battle timer is ON: inactive players will automatically lose when time's up. (requested by FriedBeaver01)\n|c|\u2606FriedBeaver01|:smugpin:\n|c|\u2606FriedBeaver01|I choose you timer!\n|c|\u2606Prankbox454|tbf i do play super slow\n|c|\u2606Prankbox454|:P\n|c|\u2606FriedBeaver01|It\u2019s alright\n|c|\u2606FriedBeaver01|(though I did set up the timer)\n|inactive|Prankbox454 has 270 seconds left.\n|\n|t:|1697031765\n|switch|p1a: Obstagoon|Obstagoon, F|100\/100\n|-terastallize|p1b: Silvally|Normal\n|move|p2b: Mecha Mothra|Protect|p2b: Mecha Mothra\n|-singleturn|p2b: Mecha Mothra|Protect\n|move|p1b: Silvally|Explosion|p2b: Mecha Mothra|[spread] p2a\n|-activate|p2b: Mecha Mothra|move: Protect\n|-immune|p1a: Obstagoon\n|-enditem|p1b: Silvally|Normal Gem|[from] gem\n|-resisted|p2a: \ud83d\udc0c\n|-damage|p2a: \ud83d\udc0c|60\/100\n|faint|p1b: Silvally\n|move|p2a: \ud83d\udc0c|Acid Armor|p2a: \ud83d\udc0c\n|-boost|p2a: \ud83d\udc0c|def|2\n|\n|-weather|SunnyDay|[upkeep]\n|-sideend|p1: Prankbox454|move: Tailwind\n|upkeep\n|c|\u2606Prankbox454|You really dont want that moth to die\n|c|\u2606FriedBeaver01|Lmao gottem again\n|c|\u2606Prankbox454|Do you?\n|c|\u2606FriedBeaver01|exactly\n|c|\u2606FriedBeaver01|:smugpin:\n|inactive|Prankbox454 has 270 seconds left.\n|\n|t:|1697031803\n|switch|p1b: Staraptor|Staraptor, F|78\/100\n|-ability|p1b: Staraptor|Intimidate|boost\n|-unboost|p2a: \ud83d\udc0c|atk|1\n|-unboost|p2b: Mecha Mothra|atk|1\n|turn|5\n|inactive|Prankbox454 has 270 seconds left.\n|\n|t:|1697031824\n|-end|p2b: Mecha Mothra|Quark Drive|[silent]\n|switch|p2b: Le fishe|Basculegion, M, shiny|100\/100\n|move|p1a: Obstagoon|Protect|p1a: Obstagoon\n|-singleturn|p1a: Obstagoon|Protect\n|move|p1b: Staraptor|Tailwind|p1b: Staraptor\n|-sidestart|p1: Prankbox454|move: Tailwind\n|move|p2a: \ud83d\udc0c|Body Press|p1a: Obstagoon\n|-activate|p1a: Obstagoon|move: Protect\n|\n|-weather|none\n|-sideend|p2: FriedBeaver01|Reflect\n|upkeep\n|turn|6\n|c|\u2606FriedBeaver01|Nice predict\n|c|\u2606Prankbox454|thx\n|inactive|Prankbox454 has 270 seconds left.\n|\n|t:|1697031869\n|move|p1a: Obstagoon|Shadow Ball|p2b: Le fishe\n|-supereffective|p2b: Le fishe\n|-damage|p2b: Le fishe|22\/100\n|-unboost|p2b: Le fishe|spd|1\n|-damage|p1a: Obstagoon|91\/100|[from] item: Life Orb\n|move|p1b: Staraptor|Brave Bird|p2b: Le fishe\n|-damage|p2b: Le fishe|0 fnt\n|faint|p2b: Le fishe\n|-damage|p1b: Staraptor|69\/100|[from] Recoil\n|move|p2a: \ud83d\udc0c|Body Press|p1a: Obstagoon\n|-immune|p1a: Obstagoon\n|\n|-sideend|p2: FriedBeaver01|move: Light Screen\n|upkeep\n|inactive|FriedBeaver01 has 270 seconds left.\n|c|\u2606FriedBeaver01|uhm\n|c|\u2606Prankbox454|Didn't notice that the Obstagoon took no damage from my Explosion?\n|c|\u2606Prankbox454|:toxicsupreme:\n|c|\u2606FriedBeaver01|Oh right I get it\n|inactive|FriedBeaver01 has 240 seconds left.\n|c|\u2606FriedBeaver01|it\u2019s not Obstagoon\n|c|\u2606FriedBeaver01|it\u2019s a literal god\n|c|\u2606FriedBeaver01|got it\n|c|\u2606Prankbox454|Yes\n|inactive|FriedBeaver01 has 210 seconds left.\n|c|\u2606FriedBeaver01|(and it\u2019s totally not the Zoroark)\n|\n|t:|1697031962\n|switch|p2b: The Biggest Bird|Great Tusk, shiny|100\/100\n|turn|7\n|c|\u2606Prankbox454|And thats why i love him\n|c|\u2606Prankbox454|:toxicsupreme:\n|inactive|FriedBeaver01 has 210 seconds left.\n|inactive|Prankbox454 has 270 seconds left.\n|c|\u2606FriedBeaver01|Yeah I also love Obstagoon\n|inactive|Prankbox454 has 240 seconds left.\n|inactive|Prankbox454 has 210 seconds left.\n|inactive|Prankbox454 has 180 seconds left.\n|c|\u2606FriedBeaver01|Time is ticking \u23f2\u23f1\u23f0\n|\n|t:|1697032076\n|move|p1a: Obstagoon|Protect|p1a: Obstagoon\n|-singleturn|p1a: Obstagoon|Protect\n|move|p1b: Staraptor|Brave Bird|p2b: The Biggest Bird\n|-supereffective|p2b: The Biggest Bird\n|-damage|p2b: The Biggest Bird|24\/100\n|-damage|p1b: Staraptor|34\/100|[from] Recoil\n|move|p2b: The Biggest Bird|Rapid Spin|p1b: Staraptor\n|-damage|p1b: Staraptor|3\/100\n|-boost|p2b: The Biggest Bird|spe|1\n|move|p2a: \ud83d\udc0c|Acid Armor|p2a: \ud83d\udc0c\n|-boost|p2a: \ud83d\udc0c|def|2\n|\n|upkeep\n|turn|8\n|inactive|Prankbox454 has 180 seconds left.\n|inactive|FriedBeaver01 has 210 seconds left.\n|c|\u2606Prankbox454|interesting\n|inactive|Prankbox454 has 150 seconds left.\n|\n|t:|1697032154\n|move|p1a: Obstagoon|Psychic|p2b: The Biggest Bird\n|-supereffective|p2b: The Biggest Bird\n|-damage|p2b: The Biggest Bird|0 fnt\n|faint|p2b: The Biggest Bird\n|-end|p2b: The Biggest Bird|Protosynthesis|[silent]\n|-damage|p1a: Obstagoon|81\/100|[from] item: Life Orb\n|move|p1b: Staraptor|U-turn|p2a: \ud83d\udc0c\n|-resisted|p2a: \ud83d\udc0c\n|-damage|p2a: \ud83d\udc0c|56\/100\n|-damage|p1b: Staraptor|0 fnt|[from] item: Rocky Helmet|[of] p2a: \ud83d\udc0c\n|-ability|p2a: \ud83d\udc0c|Gooey\n|faint|p1b: Staraptor\n|move|p2a: \ud83d\udc0c|Body Press|p1a: Obstagoon\n|-immune|p1a: Obstagoon\n|\n|-sideend|p1: Prankbox454|move: Tailwind\n|upkeep\n|inactive|FriedBeaver01 has 210 seconds left.\n|c|\u2606FriedBeaver01|Lmao\n|c|\u2606Prankbox454|Lmfao\n|c|\u2606FriedBeaver01|nice try\n|c|\u2606Prankbox454|Well\n|c|\u2606Prankbox454|You keep thinking its the actual Obstagoon\n|c|\u2606Prankbox454|So :P\n|\n|t:|1697032182\n|switch|p1b: Pidgeot|Pidgeot, M|100\/100\n|switch|p2b: Mecha Mothra|Iron Moth, shiny, tera:Flying|29\/100\n|turn|9\n|c|\u2606FriedBeaver01|Gotta love how he went back to his trainer\n|c|\u2606FriedBeaver01|Ok fair\n|inactive|FriedBeaver01 has 210 seconds left.\n|\n|t:|1697032211\n|detailschange|p1b: Pidgeot|Pidgeot-Mega, M\n|-mega|p1b: Pidgeot|Pidgeot|Pidgeotite\n|move|p1a: Obstagoon|Protect|p1a: Obstagoon\n|-singleturn|p1a: Obstagoon|Protect\n|move|p2b: Mecha Mothra|Protect|p2b: Mecha Mothra\n|-singleturn|p2b: Mecha Mothra|Protect\n|move|p1b: Pidgeot|Hurricane|p2b: Mecha Mothra\n|-activate|p2b: Mecha Mothra|move: Protect\n|move|p2a: \ud83d\udc0c|Body Press|p1b: Pidgeot\n|-damage|p1b: Pidgeot|6\/100\n|\n|upkeep\n|turn|10\n|c|\u2606Prankbox454|STOP\n|c|\u2606Prankbox454|Goddamn it\n|inactive|FriedBeaver01 has 210 seconds left.\n|\n|t:|1697032237\n|move|p1b: Pidgeot|Hurricane|p2b: Mecha Mothra\n|-damage|p2b: Mecha Mothra|0 fnt\n|faint|p2b: Mecha Mothra\n|-end|p2b: Mecha Mothra|Quark Drive|[silent]\n|move|p1a: Obstagoon|Shadow Ball|p2a: \ud83d\udc0c\n|-damage|p2a: \ud83d\udc0c|19\/100\n|-damage|p1a: Obstagoon|71\/100|[from] item: Life Orb\n|move|p2a: \ud83d\udc0c|Body Press|p1b: Pidgeot\n|-damage|p1b: Pidgeot|0 fnt\n|faint|p1b: Pidgeot\n|\n|upkeep\n|c|\u2606Prankbox454|Finally\n|\n|t:|1697032248\n|switch|p1b: Obstagoon|Obstagoon, F|100\/100\n|turn|11\n|c|\u2606FriedBeaver01|welp\n|c|\u2606FriedBeaver01|good game\n|inactive|Prankbox454 has 150 seconds left.\n|c|\u2606Prankbox454|Double obstagoon???\n|c|\u2606Prankbox454|:SHOCKED:\n|inactive|FriedBeaver01 has 210 seconds left.\n|c|\u2606FriedBeaver01|no it\u2019s double Zoroark idiot\n|c|\u2606Prankbox454|oh yes\n|c|\u2606FriedBeaver01|\ud83e\udd26\u200d\u2642\ufe0f\ud83e\udd26\u200d\u2642\ufe0f\ud83e\udd26\u200d\u2642\ufe0f\ud83e\udd26\u200d\u2642\ufe0f\ud83e\udd26\u200d\u2642\ufe0f\n|c|\u2606Prankbox454|my bad\n|c|\u2606Prankbox454|I mean\n|c|\u2606Prankbox454|You were thnking otherwise\n|c|\u2606Prankbox454|:P\n|inactive|FriedBeaver01 has 180 seconds left.\n|c|\u2606FriedBeaver01|Until I didn\u2019t land the body press that is\n|c|\u2606Prankbox454|twice\n|c|\u2606Prankbox454|:smugpin:\n|inactive|FriedBeaver01 has 150 seconds left.\n|c|\u2606FriedBeaver01|At least I don\u2019t go around asking random people if they fell inside the toilet\n|c|\u2606Prankbox454|are you delaying the inevitable?\n|c|\u2606FriedBeaver01|:EvilToxic:\n|c|\u2606Prankbox454|That's only if you're being trolled\n|c|\u2606Prankbox454|like me\n|inactive|FriedBeaver01 has 120 seconds left.\n|c|\u2606FriedBeaver01|well Zoroark is pretty much a troll anyways\n|\n|t:|1697032379\n|move|p1a: Obstagoon|Shadow Ball|p2a: \ud83d\udc0c\n|-damage|p2a: \ud83d\udc0c|0 fnt\n|faint|p2a: \ud83d\udc0c\n|-damage|p1a: Obstagoon|61\/100|[from] item: Life Orb\n|\n|win|Prankbox454\n|c|\u2606Prankbox454|And thats why hes one of my favs\n|c|\u2606Prankbox454|:smugpin:\n","uploadtime":1697032392,"views":9,"p1id":"prankbox454","p2id":"friedbeaver01","formatid":"gen9nationaldexdoubles","rating":0,"private":0,"password":""}