{"id":"gen9nationaldexdoubles-1990476887","p1":"joaovictro","p2":"TlolJuan","format":"[Gen 9] National Dex Doubles","log":"|j|\u2606joaovictro\n|j|\u2606TlolJuan\n|t:|1699974545\n|gametype|doubles\n|player|p1|joaovictro|mira|1117\n|player|p2|TlolJuan|ingo|1206\n|teamsize|p1|6\n|teamsize|p2|6\n|gen|9\n|tier|[Gen 9] National Dex Doubles\n|rated|\n|rule|HP Percentage Mod: HP is shown in percentages\n|rule|Endless Battle Clause: Forcing endless battles is banned\n|rule|OHKO Clause: OHKO moves are banned\n|rule|Evasion Moves Clause: Evasion moves are banned\n|rule|Evasion Abilities Clause: Evasion abilities are banned\n|rule|Species Clause: Limit one of each Pok\u00e9mon\n|rule|Gravity Sleep Clause: The combination of sleep-inducing moves with imperfect accuracy and Gravity or Gigantamax Orbeetle are banned\n|clearpoke\n|poke|p1|Sylveon, M|\n|poke|p1|Accelgor, F|\n|poke|p1|Primarina, M|\n|poke|p1|Grimmsnarl, M|\n|poke|p1|Bruxish, M|\n|poke|p1|Meowscarada, M|\n|poke|p2|Dracovish|\n|poke|p2|Tyranitar, F|\n|poke|p2|Ceruledge, M|\n|poke|p2|Clefairy, M|\n|poke|p2|Togekiss, F|\n|poke|p2|Kommo-o, M|\n|teampreview\n|inactive|Battle timer is ON: inactive players will automatically lose when time's up. (requested by joaovictro)\n|\n|t:|1699974568\n|start\n|switch|p1a: Grimmsnarl|Grimmsnarl, M|100\/100\n|switch|p1b: Bruxish|Bruxish, M|100\/100\n|switch|p2a: Eternamax|Clefairy, M|100\/100\n|switch|p2b: Kommo-o|Kommo-o, M|100\/100\n|turn|1\n|\n|t:|1699974578\n|-zpower|p1b: Bruxish\n|move|p1b: Bruxish|Z-Snatch|p1b: Bruxish|[anim]Snatch\n|-boost|p1b: Bruxish|spe|2|[zeffect]\n|-singleturn|p1b: Bruxish|Snatch\n|move|p1a: Grimmsnarl|Taunt|p2a: Eternamax\n|-start|p2a: Eternamax|move: Taunt\n|move|p2b: Kommo-o|Clangorous Soul|p2b: Kommo-o\n|-activate|p1b: Bruxish|move: Snatch|[of] p2b: Kommo-o\n|move|p1b: Bruxish|Clangorous Soul|p1b: Bruxish|[from]Snatch\n|-boost|p1b: Bruxish|atk|1\n|-boost|p1b: Bruxish|def|1\n|-boost|p1b: Bruxish|spa|1\n|-boost|p1b: Bruxish|spd|1\n|-boost|p1b: Bruxish|spe|1\n|-damage|p1b: Bruxish|68\/100\n|cant|p2a: Eternamax|move: Taunt|Heal Pulse\n|\n|upkeep\n|turn|2\n|inactive|joaovictro has 120 seconds left.\n|\n|t:|1699974611\n|switch|p1a: Sylveon|Sylveon, M|100\/100\n|move|p1b: Bruxish|Psychic Fangs|p2b: Kommo-o\n|-supereffective|p2b: Kommo-o\n|-damage|p2b: Kommo-o|9\/100\n|move|p2b: Kommo-o|Clanging Scales|p1b: Bruxish|[spread] p1b\n|-immune|p1a: Sylveon\n|-damage|p1b: Bruxish|30\/100\n|-unboost|p2b: Kommo-o|def|1\n|-enditem|p2b: Kommo-o|Throat Spray\n|-boost|p2b: Kommo-o|spa|1|[from] item: Throat Spray\n|move|p2a: Eternamax|Icy Wind|p1b: Bruxish|[spread] p1a,p1b\n|-resisted|p1b: Bruxish\n|-damage|p1a: Sylveon|96\/100\n|-damage|p1b: Bruxish|26\/100\n|-unboost|p1a: Sylveon|spe|1\n|-unboost|p1b: Bruxish|spe|1\n|\n|upkeep\n|turn|3\n|c|\u2606TlolJuan|thats pretty bad for me ngl\n|c|\u2606joaovictro|:X\n|inactive|joaovictro has 120 seconds left.\n|\n|t:|1699974642\n|move|p1b: Bruxish|Waterfall|p2b: Kommo-o\n|-resisted|p2b: Kommo-o\n|-damage|p2b: Kommo-o|0 fnt\n|faint|p2b: Kommo-o\n|move|p1a: Sylveon|Hyper Voice|p2a: Eternamax\n|-damage|p2a: Eternamax|51\/100\n|move|p2a: Eternamax|Icy Wind|p1b: Bruxish|[spread] p1a,p1b\n|-resisted|p1b: Bruxish\n|-damage|p1a: Sylveon|91\/100\n|-damage|p1b: Bruxish|22\/100\n|-unboost|p1a: Sylveon|spe|1\n|-unboost|p1b: Bruxish|spe|1\n|\n|-end|p2a: Eternamax|move: Taunt\n|upkeep\n|\n|t:|1699974656\n|switch|p2b: Ceruledge|Ceruledge, M, shiny|100\/100\n|turn|4\n|\n|t:|1699974668\n|-terastallize|p1a: Sylveon|Fairy\n|move|p2b: Ceruledge|Shadow Sneak||[still]\n|cant|p1b: Bruxish|ability: Dazzling|Shadow Sneak|[of] p2b: Ceruledge\n|move|p1b: Bruxish|Psychic Fangs|p2b: Ceruledge\n|-damage|p2b: Ceruledge|38\/100\n|move|p1a: Sylveon|Hyper Voice|p2b: Ceruledge|[spread] p2a,p2b\n|-resisted|p2b: Ceruledge\n|-damage|p2a: Eternamax|5\/100\n|-damage|p2b: Ceruledge|12\/100\n|move|p2a: Eternamax|Heal Pulse|p2b: Ceruledge\n|-heal|p2b: Ceruledge|62\/100\n|\n|upkeep\n|turn|5\n|\n|t:|1699974689\n|move|p2a: Eternamax|Follow Me|p2a: Eternamax\n|-singleturn|p2a: Eternamax|move: Follow Me\n|move|p1b: Bruxish|Waterfall|p2a: Eternamax\n|-damage|p2a: Eternamax|0 fnt\n|faint|p2a: Eternamax\n|move|p2b: Ceruledge|Shadow Claw|p1b: Bruxish\n|-supereffective|p1b: Bruxish\n|-damage|p1b: Bruxish|0 fnt\n|faint|p1b: Bruxish\n|move|p1a: Sylveon|Hyper Voice|p2b: Ceruledge\n|-resisted|p2b: Ceruledge\n|-damage|p2b: Ceruledge|10\/100\n|\n|upkeep\n|\n|t:|1699974709\n|switch|p1b: Accelgor|Accelgor, F|100\/100\n|switch|p2a: Togekiss|Togekiss, F, shiny|100\/100\n|turn|6\n|\n|t:|1699974715\n|move|p1b: Accelgor|Round|p2a: Togekiss\n|-damage|p2a: Togekiss|87\/100\n|-enditem|p1b: Accelgor|Throat Spray\n|-boost|p1b: Accelgor|spa|1|[from] item: Throat Spray\n|move|p1a: Sylveon|Round|p2b: Ceruledge|[from]move: Round\n|-resisted|p2b: Ceruledge\n|-damage|p2b: Ceruledge|0 fnt\n|faint|p2b: Ceruledge\n|move|p2a: Togekiss|Tailwind|p2a: Togekiss\n|-sidestart|p2: TlolJuan|move: Tailwind\n|\n|upkeep\n|\n|t:|1699974724\n|switch|p2b: Regieleki <3|Dracovish, shiny|100\/100\n|turn|7\n|\n|t:|1699974729\n|switch|p2a: Tyranitar|Tyranitar, F|100\/100\n|-weather|Sandstorm|[from] ability: Sand Stream|[of] p2a: Tyranitar\n|move|p2b: Regieleki <3|Fishious Rend|p1a: Sylveon\n|-damage|p1a: Sylveon|0 fnt\n|faint|p1a: Sylveon\n|move|p1b: Accelgor|Encore||[still]\n|-fail|p1b: Accelgor\n|\n|-weather|Sandstorm|[upkeep]\n|-damage|p1b: Accelgor|95\/100|[from] Sandstorm\n|upkeep\n|\n|t:|1699974740\n|switch|p1a: Grimmsnarl|Grimmsnarl, M|100\/100\n|turn|8\n|\n|t:|1699974750\n|move|p1a: Grimmsnarl|Fake Out|p2b: Regieleki <3\n|-damage|p2b: Regieleki <3|88\/100\n|cant|p2b: Regieleki <3|flinch\n|move|p1b: Accelgor|Bug Buzz|p2b: Regieleki <3\n|-damage|p2b: Regieleki <3|13\/100\n|move|p2a: Tyranitar|Rock Slide|p1a: Grimmsnarl|[spread] p1a,p1b\n|-crit|p1a: Grimmsnarl\n|-supereffective|p1b: Accelgor\n|-damage|p1a: Grimmsnarl|46\/100\n|-damage|p1b: Accelgor|0 fnt\n|faint|p1b: Accelgor\n|\n|-weather|Sandstorm|[upkeep]\n|-damage|p1a: Grimmsnarl|40\/100|[from] Sandstorm\n|-heal|p1a: Grimmsnarl|46\/100|[from] item: Leftovers\n|upkeep\n|\n|t:|1699974772\n|switch|p1b: Primarina|Primarina, M|100\/100\n|turn|9\n|\n|t:|1699974792\n|-terastallize|p2a: Tyranitar|Flying\n|move|p2b: Regieleki <3|Fishious Rend|p1b: Primarina\n|-resisted|p1b: Primarina\n|-damage|p1b: Primarina|35\/100\n|move|p2a: Tyranitar|Rock Slide|p1a: Grimmsnarl|[spread] p1a,p1b\n|-damage|p1a: Grimmsnarl|15\/100\n|-damage|p1b: Primarina|0 fnt\n|faint|p1b: Primarina\n|move|p1a: Grimmsnarl|Spirit Break|p2a: Tyranitar\n|-damage|p2a: Tyranitar|76\/100\n|-unboost|p2a: Tyranitar|spa|1\n|\n|-weather|Sandstorm|[upkeep]\n|-damage|p2a: Tyranitar|70\/100|[from] Sandstorm\n|-damage|p1a: Grimmsnarl|9\/100|[from] Sandstorm\n|-heal|p1a: Grimmsnarl|15\/100|[from] item: Leftovers\n|-sideend|p2: TlolJuan|move: Tailwind\n|upkeep\n|\n|t:|1699974807\n|switch|p1b: Meowscarada|Meowscarada, M|100\/100\n|turn|10\n|\n|t:|1699974812\n|move|p2b: Regieleki <3|Fishious Rend|p1a: Grimmsnarl\n|-damage|p1a: Grimmsnarl|0 fnt\n|faint|p1a: Grimmsnarl\n|move|p1b: Meowscarada|Knock Off|p2a: Tyranitar\n|-damage|p2a: Tyranitar|33\/100\n|-enditem|p2a: Tyranitar|Assault Vest|[from] move: Knock Off|[of] p1b: Meowscarada\n|move|p2a: Tyranitar|Tera Blast|p1b: Meowscarada|[anim] Tera Blast Flying\n|-supereffective|p1b: Meowscarada\n|-enditem|p1b: Meowscarada|Focus Sash\n|-damage|p1b: Meowscarada|1\/100\n|\n|-weather|Sandstorm|[upkeep]\n|-damage|p1b: Meowscarada|0 fnt|[from] Sandstorm\n|-damage|p2a: Tyranitar|27\/100|[from] Sandstorm\n|faint|p1b: Meowscarada\n|\n|win|TlolJuan\n|upkeep\n|raw|joaovictro's rating: 1117 &rarr; <strong>1098<\/strong><br \/>(-19 for losing)\n|raw|TlolJuan's rating: 1206 &rarr; <strong>1225<\/strong><br \/>(+19 for winning)\n|c|\u2606TlolJuan|GG\n|c|\u2606joaovictro|gg byee\n|l|\u2606joaovictro\n","uploadtime":1699974827,"views":6,"p1id":"joaovictro","p2id":"tloljuan","formatid":"gen9nationaldexdoubles","rating":1098,"private":0,"password":""}