{"id":"gen9nationaldexdoubles-1978132597","p1":"omegashenronone","p2":"Vario 64\u2606\u5f61","format":"[Gen 9] National Dex Doubles","log":"|j|\u2606omegashenronone\n|j|\u2606Vario 64\u2606\u5f61\n|t:|1698503387\n|gametype|doubles\n|player|p1|omegashenronone|hugh|\n|player|p2|Vario 64\u2606\u5f61|ghetsis|\n|teamsize|p1|6\n|teamsize|p2|6\n|gen|9\n|tier|[Gen 9] National Dex Doubles\n|rule|HP Percentage Mod: HP is shown in percentages\n|rule|Endless Battle Clause: Forcing endless battles is banned\n|rule|OHKO Clause: OHKO moves are banned\n|rule|Evasion Moves Clause: Evasion moves are banned\n|rule|Evasion Abilities Clause: Evasion abilities are banned\n|rule|Species Clause: Limit one of each Pok\u00e9mon\n|rule|Gravity Sleep Clause: The combination of sleep-inducing moves with imperfect accuracy and Gravity or Gigantamax Orbeetle are banned\n|clearpoke\n|poke|p1|Urshifu-*, M|\n|poke|p1|Rotom-Wash|\n|poke|p1|Greninja-*, M|\n|poke|p1|Pelipper, M|\n|poke|p1|Swampert, M|\n|poke|p1|Kingdra, F|\n|poke|p2|Ribombee, F|\n|poke|p2|Scizor, M|\n|poke|p2|Maushold-Four|\n|poke|p2|Urshifu-*, F|\n|poke|p2|Hydreigon, F|\n|poke|p2|Volcarona, F|\n|teampreview\n|inactive|Battle timer is ON: inactive players will automatically lose when time's up. (requested by omegashenronone)\n|j| Tayshaun84\n|\n|t:|1698503399\n|start\n|switch|p1a: Happy|Pelipper, M|100\/100\n|switch|p1b: Gym bro|Swampert, M|100\/100\n|switch|p2a: Ribombee|Ribombee, F|100\/100\n|switch|p2b: Hydreigon|Hydreigon, F|100\/100\n|-weather|RainDance|[from] ability: Drizzle|[of] p1a: Happy\n|turn|1\n|l| Tayshaun84\n|\n|t:|1698503415\n|detailschange|p1b: Gym bro|Swampert-Mega, M\n|-mega|p1b: Gym bro|Swampert|Swampertite\n|move|p2a: Ribombee|Reflect|p2a: Ribombee\n|-sidestart|p2: Vario 64\u2606\u5f61|Reflect\n|move|p1b: Gym bro|Brick Break|p2b: Hydreigon\n|-sideend|p2: Vario 64\u2606\u5f61|Reflect\n|-supereffective|p2b: Hydreigon\n|-damage|p2b: Hydreigon|25\/100\n|move|p2b: Hydreigon|Dark Pulse|p1a: Happy\n|-damage|p1a: Happy|50\/100\n|move|p1a: Happy|Tailwind|p1a: Happy\n|-sidestart|p1: omegashenronone|move: Tailwind\n|\n|-weather|RainDance|[upkeep]\n|upkeep\n|turn|2\n|j| Tayshaun84\n|l| Tayshaun84\n|inactive|Vario 64\u2606\u5f61 has 270 seconds left.\n|\n|t:|1698503465\n|move|p1b: Gym bro|Liquidation|p2b: Hydreigon\n|-resisted|p2b: Hydreigon\n|-damage|p2b: Hydreigon|0 fnt\n|faint|p2b: Hydreigon\n|move|p2a: Ribombee|Pollen Puff|p2: Hydreigon|[notarget]\n|-fail|p2a: Ribombee\n|move|p1a: Happy|Icy Wind|p2a: Ribombee\n|-damage|p2a: Ribombee|82\/100\n|\n|-weather|RainDance|[upkeep]\n|upkeep\n|\n|t:|1698503472\n|switch|p2b: Urshifu|Urshifu-Rapid-Strike, F|100\/100\n|turn|3\n|inactive|Vario 64\u2606\u5f61 has 270 seconds left.\n|\n|t:|1698503493\n|move|p1b: Gym bro|Earthquake|p2b: Urshifu|[spread] p2a,p2b\n|-immune|p1a: Happy\n|-resisted|p2a: Ribombee\n|-crit|p2b: Urshifu\n|-damage|p2a: Ribombee|45\/100\n|-damage|p2b: Urshifu|23\/100\n|move|p2a: Ribombee|Light Screen|p2a: Ribombee\n|-sidestart|p2: Vario 64\u2606\u5f61|move: Light Screen\n|move|p1a: Happy|U-turn|p2a: Ribombee\n|-resisted|p2a: Ribombee\n|-damage|p2a: Ribombee|39\/100\n|\n|t:|1698503506\n|switch|p1a: Former rotom phone|Rotom-Wash, shiny|100\/100|[from] U-turn\n|move|p2b: Urshifu|Thunder Punch|p1a: Former rotom phone\n|-damage|p1a: Former rotom phone|64\/100\n|\n|-weather|RainDance|[upkeep]\n|upkeep\n|turn|4\n|\n|t:|1698503529\n|move|p2b: Urshifu|Protect|p2b: Urshifu\n|-singleturn|p2b: Urshifu|Protect\n|move|p1b: Gym bro|Earthquake|p2a: Ribombee|[spread] p2a\n|-activate|p2b: Urshifu|move: Protect\n|-immune|p1a: Former rotom phone|[from] ability: Levitate\n|-resisted|p2a: Ribombee\n|-damage|p2a: Ribombee|0 fnt\n|faint|p2a: Ribombee\n|move|p1a: Former rotom phone|Hyper Voice|p2b: Urshifu\n|-activate|p2b: Urshifu|move: Protect\n|\n|-weather|RainDance|[upkeep]\n|-sideend|p1: omegashenronone|move: Tailwind\n|upkeep\n|inactive|Vario 64\u2606\u5f61 has 270 seconds left.\n|\n|t:|1698503542\n|switch|p2a: Scizor|Scizor, M|100\/100\n|turn|5\n|\n|t:|1698503552\n|detailschange|p2a: Scizor|Scizor-Mega, M\n|-mega|p2a: Scizor|Scizor|Scizorite\n|move|p1b: Gym bro|Earthquake|p2a: Scizor|[spread] p2a,p2b\n|-immune|p1a: Former rotom phone|[from] ability: Levitate\n|-damage|p2a: Scizor|67\/100\n|-damage|p2b: Urshifu|0 fnt\n|faint|p2b: Urshifu\n|move|p1a: Former rotom phone|Hidden Power|p2a: Scizor\n|-damage|p2a: Scizor|50\/100\n|-damage|p1a: Former rotom phone|54\/100|[from] item: Life Orb\n|move|p2a: Scizor|Swords Dance|p2a: Scizor\n|-boost|p2a: Scizor|atk|2\n|\n|-weather|RainDance|[upkeep]\n|upkeep\n|\n|t:|1698503559\n|switch|p2b: Maushold|Maushold-Four|100\/100\n|turn|6\n|\n|t:|1698503572\n|move|p2b: Maushold|Follow Me|p2b: Maushold\n|-singleturn|p2b: Maushold|move: Follow Me\n|move|p1b: Gym bro|Earthquake|p2a: Scizor|[spread] p2a,p2b\n|-immune|p1a: Former rotom phone|[from] ability: Levitate\n|-damage|p2a: Scizor|23\/100\n|-damage|p2b: Maushold|37\/100\n|move|p1a: Former rotom phone|Thunder|p2b: Maushold\n|-damage|p2b: Maushold|0 fnt\n|faint|p2b: Maushold\n|-damage|p1a: Former rotom phone|44\/100|[from] item: Life Orb\n|move|p2a: Scizor|Bug Bite|p1b: Gym bro\n|-damage|p1b: Gym bro|0 fnt\n|faint|p1b: Gym bro\n|\n|-weather|RainDance|[upkeep]\n|upkeep\n|inactive|omegashenronone has 270 seconds left.\n|\n|t:|1698503606\n|switch|p2b: Volcarona|Volcarona, F|100\/100\n|switch|p1b: Master Shi-Fu!|Urshifu-Rapid-Strike, M|100\/100\n|turn|7\n|inactive|omegashenronone has 270 seconds left.\n|\n|t:|1698503632\n|-terastallize|p2b: Volcarona|Grass\n|move|p2a: Scizor|Protect|p2a: Scizor\n|-singleturn|p2a: Scizor|Protect\n|move|p2b: Volcarona|Quiver Dance|p2b: Volcarona\n|-boost|p2b: Volcarona|spa|1\n|-boost|p2b: Volcarona|spd|1\n|-boost|p2b: Volcarona|spe|1\n|move|p1b: Master Shi-Fu!|Surging Strikes|p2a: Scizor\n|-crit|p2a: Scizor\n|-damage|p2a: Scizor|0 fnt\n|faint|p2a: Scizor\n|-hitcount|p2: Scizor|1\n|-damage|p1b: Master Shi-Fu!|91\/100|[from] item: Life Orb\n|move|p1a: Former rotom phone|Thunder|p2b: Volcarona\n|-resisted|p2b: Volcarona\n|-damage|p2b: Volcarona|87\/100\n|-damage|p1a: Former rotom phone|34\/100|[from] item: Life Orb\n|\n|-weather|RainDance|[upkeep]\n|upkeep\n|turn|8\n|\n|t:|1698503657\n|switch|p1b: Happy|Pelipper, M|50\/100\n|move|p2b: Volcarona|Giga Drain|p1b: Happy\n|-damage|p1b: Happy|0 fnt\n|-heal|p2b: Volcarona|100\/100|[from] drain|[of] p1b: Happy\n|faint|p1b: Happy\n|move|p1a: Former rotom phone|Thunder|p2b: Volcarona\n|-resisted|p2b: Volcarona\n|-damage|p2b: Volcarona|87\/100\n|-damage|p1a: Former rotom phone|24\/100|[from] item: Life Orb\n|\n|-weather|none\n|upkeep\n|inactive|omegashenronone has 270 seconds left.\n|\n|t:|1698503683\n|switch|p1b: Master Shi-Fu!|Urshifu-Rapid-Strike, M|91\/100\n|turn|9\n|inactive|omegashenronone has 270 seconds left.\n|\n|t:|1698503694\n|switch|p1a: Genji|Greninja, M, shiny|100\/100\n|move|p1b: Master Shi-Fu!|Protect|p1b: Master Shi-Fu!\n|-singleturn|p1b: Master Shi-Fu!|Protect\n|move|p2b: Volcarona|Giga Drain|p1b: Master Shi-Fu!\n|-activate|p1b: Master Shi-Fu!|move: Protect\n|\n|upkeep\n|turn|10\n|\n|t:|1698503707\n|move|p2b: Volcarona|Giga Drain|p1a: Genji\n|-supereffective|p1a: Genji\n|-crit|p1a: Genji\n|-damage|p1a: Genji|0 fnt\n|-heal|p2b: Volcarona|100\/100|[from] drain|[of] p1a: Genji\n|faint|p1a: Genji\n|move|p1b: Master Shi-Fu!|Close Combat|p2b: Volcarona\n|-damage|p2b: Volcarona|0 fnt\n|-unboost|p1b: Master Shi-Fu!|def|1\n|-unboost|p1b: Master Shi-Fu!|spd|1\n|faint|p2b: Volcarona\n|-damage|p1b: Master Shi-Fu!|81\/100|[from] item: Life Orb\n|\n|win|omegashenronone\n|c|\u2606omegashenronone|Gg\n|c|\u2606Vario 64\u2606\u5f61|Gg\n|c|\u2606omegashenronone|Im getting better at this team\n","uploadtime":1698503740,"views":9,"p1id":"omegashenronone","p2id":"vario64","formatid":"gen9nationaldexdoubles","rating":0,"private":0,"password":""}