{"id":"gen9nationaldexdoubles-1976311112","p1":"LonelySxNner","p2":"Denvah_17","format":"[Gen 9] National Dex Doubles","log":"|j|\u2606LonelySxNner\n|j|\u2606Denvah_17\n|t:|1698285167\n|gametype|doubles\n|player|p1|LonelySxNner|marnie|1167\n|player|p2|Denvah_17|alder|1428\n|teamsize|p1|6\n|teamsize|p2|6\n|gen|9\n|tier|[Gen 9] National Dex Doubles\n|rated|\n|rule|HP Percentage Mod: HP is shown in percentages\n|rule|Endless Battle Clause: Forcing endless battles is banned\n|rule|OHKO Clause: OHKO moves are banned\n|rule|Evasion Moves Clause: Evasion moves are banned\n|rule|Evasion Abilities Clause: Evasion abilities are banned\n|rule|Species Clause: Limit one of each Pok\u00e9mon\n|rule|Gravity Sleep Clause: The combination of sleep-inducing moves with imperfect accuracy and Gravity or Gigantamax Orbeetle are banned\n|clearpoke\n|poke|p1|Medicham, F|\n|poke|p1|Weezing-Galar, M|\n|poke|p1|Regigigas|\n|poke|p1|Noivern, M|\n|poke|p1|Slaking, F|\n|poke|p1|Tornadus, M|\n|poke|p2|Sinistcha-Masterpiece|\n|poke|p2|Diancie|\n|poke|p2|Okidogi, M|\n|poke|p2|Ursaluna-Bloodmoon, M|\n|poke|p2|Volcanion|\n|poke|p2|Golisopod, M|\n|teampreview\n|inactive|Battle timer is ON: inactive players will automatically lose when time's up. (requested by Denvah_17)\n|\n|t:|1698285221\n|start\n|switch|p1a: Weezing|Weezing-Galar, M|100\/100\n|switch|p1b: Slaking|Slaking, F|100\/100\n|switch|p2a: Rihanna|Diancie, shiny|100\/100\n|switch|p2b: Freddy Fazbear|Ursaluna-Bloodmoon, M|100\/100\n|-ability|p1a: Weezing|Neutralizing Gas\n|turn|1\n|\n|t:|1698285239\n|move|p1a: Weezing|Protect|p1a: Weezing\n|-singleturn|p1a: Weezing|Protect\n|move|p1b: Slaking|Bulk Up|p1b: Slaking\n|-boost|p1b: Slaking|atk|1\n|-boost|p1b: Slaking|def|1\n|move|p2b: Freddy Fazbear|Calm Mind|p2b: Freddy Fazbear\n|-boost|p2b: Freddy Fazbear|spa|1\n|-boost|p2b: Freddy Fazbear|spd|1\n|move|p2a: Rihanna|Trick Room|p2a: Rihanna\n|-fieldstart|move: Trick Room|[of] p2a: Rihanna\n|\n|upkeep\n|turn|2\n|\n|t:|1698285254\n|move|p2a: Rihanna|Diamond Storm|p1a: Weezing|[spread] p1a,p1b\n|-crit|p1b: Slaking\n|-damage|p1a: Weezing|80\/100\n|-damage|p1b: Slaking|70\/100\n|-boost|p2a: Rihanna|def|2\n|move|p2b: Freddy Fazbear|Hyper Voice|p1b: Slaking|[spread] p1a,p1b\n|-damage|p1a: Weezing|4\/100\n|-damage|p1b: Slaking|11\/100\n|-enditem|p1a: Weezing|Sitrus Berry|[eat]\n|-heal|p1a: Weezing|29\/100|[from] item: Sitrus Berry\n|move|p1a: Weezing|Haze|p1a: Weezing\n|-clearallboost\n|move|p1b: Slaking|Drain Punch|p2b: Freddy Fazbear\n|-supereffective|p2b: Freddy Fazbear\n|-crit|p2b: Freddy Fazbear\n|-damage|p2b: Freddy Fazbear|42\/100\n|-heal|p1b: Slaking|34\/100|[from] drain|[of] p2b: Freddy Fazbear\n|\n|-heal|p2b: Freddy Fazbear|48\/100|[from] item: Leftovers\n|upkeep\n|turn|3\n|\n|t:|1698285279\n|move|p1a: Weezing|Protect|p1a: Weezing\n|-singleturn|p1a: Weezing|Protect\n|move|p2a: Rihanna|Diamond Storm|p1a: Weezing|[spread] \n|-activate|p1a: Weezing|move: Protect\n|-miss|p2a: Rihanna|p1b: Slaking\n|move|p2b: Freddy Fazbear|Hyper Voice|p1a: Weezing|[spread] p1b\n|-activate|p1a: Weezing|move: Protect\n|-damage|p1b: Slaking|0 fnt\n|faint|p1b: Slaking\n|\n|-heal|p2b: Freddy Fazbear|54\/100|[from] item: Leftovers\n|upkeep\n|inactive|LonelySxNner has 120 seconds left.\n|\n|t:|1698285304\n|switch|p1b: Noivern|Noivern, M|100\/100\n|turn|4\n|\n|t:|1698285311\n|move|p2a: Rihanna|Diamond Storm|p1a: Weezing|[spread] p1a,p1b\n|-supereffective|p1b: Noivern\n|-crit|p1b: Noivern\n|-damage|p1a: Weezing|8\/100\n|-enditem|p1b: Noivern|Focus Sash\n|-damage|p1b: Noivern|1\/100\n|-boost|p2a: Rihanna|def|2\n|move|p2b: Freddy Fazbear|Hyper Voice|p1a: Weezing|[spread] p1a,p1b\n|-damage|p1a: Weezing|0 fnt\n|-damage|p1b: Noivern|0 fnt\n|faint|p1a: Weezing\n|-end|p1a: Weezing|ability: Neutralizing Gas\n|-item|p2a: Rihanna|Weakness Policy|[from] ability: Frisk|[of] p1b: Noivern|[identify]\n|-item|p2b: Freddy Fazbear|Leftovers|[from] ability: Frisk|[of] p1b: Noivern|[identify]\n|faint|p1b: Noivern\n|\n|-heal|p2b: Freddy Fazbear|60\/100|[from] item: Leftovers\n|upkeep\n|inactive|LonelySxNner has 120 seconds left.\n|\n|t:|1698285334\n|switch|p1a: Regigigas|Regigigas|100\/100\n|switch|p1b: Tornadus|Tornadus, M|100\/100\n|-start|p1a: Regigigas|ability: Slow Start\n|turn|5\n|inactive|LonelySxNner has 120 seconds left.\n|\n|t:|1698285355\n|move|p1b: Tornadus|Rain Dance|p1b: Tornadus\n|-weather|RainDance\n|move|p2a: Rihanna|Diamond Storm|p1a: Regigigas|[spread] p1a,p1b\n|-supereffective|p1b: Tornadus\n|-damage|p1a: Regigigas|80\/100\n|-damage|p1b: Tornadus|16\/100\n|-boost|p2a: Rihanna|def|2\n|move|p2b: Freddy Fazbear|Hyper Voice|p1b: Tornadus|[spread] p1a,p1b\n|-damage|p1a: Regigigas|52\/100\n|-damage|p1b: Tornadus|0 fnt\n|faint|p1b: Tornadus\n|move|p1a: Regigigas|Ice Punch|p2b: Freddy Fazbear\n|-supereffective|p2b: Freddy Fazbear\n|-damage|p2b: Freddy Fazbear|40\/100\n|\n|-weather|RainDance|[upkeep]\n|-heal|p2b: Freddy Fazbear|46\/100|[from] item: Leftovers\n|-fieldend|move: Trick Room\n|upkeep\n|\n|t:|1698285360\n|switch|p1b: Medicham|Medicham, F, shiny|100\/100\n|turn|6\n|\n|t:|1698285374\n|move|p1b: Medicham|Skill Swap|p1a: Regigigas\n|-activate|p1b: Medicham|move: Skill Swap|||[of] p1a: Regigigas\n|-end|p1a: Regigigas|Slow Start|[silent]\n|-start|p1b: Medicham|ability: Slow Start\n|move|p1a: Regigigas|Earthquake|p2b: Freddy Fazbear|[spread] p1b,p2a,p2b\n|-supereffective|p2a: Rihanna\n|-damage|p1b: Medicham|1\/100\n|-damage|p2a: Rihanna|71\/100\n|-damage|p2b: Freddy Fazbear|3\/100\n|-enditem|p2a: Rihanna|Weakness Policy\n|-boost|p2a: Rihanna|atk|2|[from] item: Weakness Policy\n|-boost|p2a: Rihanna|spa|2|[from] item: Weakness Policy\n|move|p2b: Freddy Fazbear|Earth Power|p1a: Regigigas\n|-damage|p1a: Regigigas|9\/100\n|move|p2a: Rihanna|Dazzling Gleam|p1a: Regigigas|[spread] p1a,p1b\n|-supereffective|p1b: Medicham\n|-damage|p1a: Regigigas|0 fnt\n|-damage|p1b: Medicham|0 fnt\n|faint|p1a: Regigigas\n|faint|p1b: Medicham\n|-end|p1b: Medicham|Slow Start|[silent]\n|\n|win|Denvah_17\n|raw|LonelySxNner's rating: 1167 &rarr; <strong>1158<\/strong><br \/>(-9 for losing)\n|raw|Denvah_17's rating: 1428 &rarr; <strong>1435<\/strong><br \/>(+7 for winning)\n|l|\u2606LonelySxNner\n","uploadtime":1698285393,"views":6,"p1id":"lonelysxnner","p2id":"denvah17","formatid":"gen9nationaldexdoubles","rating":1158,"private":0,"password":""}