{"id":"gen9nationaldexdoubles-1950474395","p1":"Hyi h so","p2":"Forever1507","format":"[Gen 9] National Dex Doubles","log":"|j|\u2606Hyi h so\n|j|\u2606Forever1507\n|t:|1695476892\n|gametype|doubles\n|player|p1|Hyi h so|youngster-gen4dp|1000\n|player|p2|Forever1507|1|1174\n|teamsize|p1|6\n|teamsize|p2|6\n|gen|9\n|tier|[Gen 9] National Dex Doubles\n|rated|\n|rule|HP Percentage Mod: HP is shown in percentages\n|rule|Endless Battle Clause: Forcing endless battles is banned\n|rule|OHKO Clause: OHKO moves are banned\n|rule|Evasion Moves Clause: Evasion moves are banned\n|rule|Evasion Abilities Clause: Evasion abilities are banned\n|rule|Species Clause: Limit one of each Pok\u00e9mon\n|rule|Gravity Sleep Clause: The combination of sleep-inducing moves with imperfect accuracy and Gravity or Gigantamax Orbeetle are banned\n|clearpoke\n|poke|p1|Indeedee, M|\n|poke|p1|Deoxys-Attack|\n|poke|p1|Typhlosion, F|\n|poke|p1|Kartana|\n|poke|p1|Murkrow, F|\n|poke|p1|Shuckle, M|\n|poke|p2|Tornadus, M|\n|poke|p2|Torkoal, M|\n|poke|p2|Pelipper, M|\n|poke|p2|Walking Wake|\n|poke|p2|Swampert, F|\n|poke|p2|Flutter Mane|\n|teampreview\n|inactive|Battle timer is ON: inactive players will automatically lose when time's up. (requested by Forever1507)\n|\n|t:|1695476941\n|start\n|switch|p1a: Murkrow|Murkrow, F|100\/100\n|switch|p1b: Shuckle|Shuckle, M|100\/100\n|switch|p2a: Walking Wake|Walking Wake|100\/100\n|switch|p2b: Tornadus|Tornadus, M|100\/100\n|-enditem|p2a: Walking Wake|Booster Energy\n|-activate|p2a: Walking Wake|ability: Protosynthesis|[fromitem]\n|-start|p2a: Walking Wake|protosynthesisspe\n|turn|1\n|\n|t:|1695476962\n|-terastallize|p2a: Walking Wake|Water\n|move|p2b: Tornadus|Sunny Day|p2b: Tornadus\n|-weather|SunnyDay\n|move|p1a: Murkrow|Taunt|p2b: Tornadus\n|-start|p2b: Tornadus|move: Taunt\n|move|p2a: Walking Wake|Hydro Steam|p1b: Shuckle\n|-supereffective|p1b: Shuckle\n|-damage|p1b: Shuckle|2\/100\n|move|p1b: Shuckle|Sticky Web|p2a: Walking Wake\n|-sidestart|p2: Forever1507|move: Sticky Web\n|\n|-weather|SunnyDay|[upkeep]\n|upkeep\n|turn|2\n|\n|t:|1695476988\n|move|p1a: Murkrow|Tailwind|p1a: Murkrow\n|-sidestart|p1: Hyi h so|move: Tailwind\n|move|p2a: Walking Wake|Hydro Steam|p1b: Shuckle\n|-supereffective|p1b: Shuckle\n|-damage|p1b: Shuckle|0 fnt\n|faint|p1b: Shuckle\n|move|p2b: Tornadus|Bleakwind Storm|p1a: Murkrow\n|-damage|p1a: Murkrow|17\/100\n|\n|-weather|SunnyDay|[upkeep]\n|upkeep\n|inactive|Hyi h so has 120 seconds left.\n|\n|t:|1695477002\n|switch|p1b: Kartana|Kartana|100\/100\n|turn|3\n|inactive|Forever1507 has 120 seconds left.\n|\n|t:|1695477057\n|switch|p1a: Indeedee|Indeedee, M|100\/100\n|-fieldstart|move: Psychic Terrain|[from] ability: Psychic Surge|[of] p1a: Indeedee\n|move|p1b: Kartana|Leaf Blade|p2a: Walking Wake\n|-supereffective|p2a: Walking Wake\n|-damage|p2a: Walking Wake|0 fnt\n|faint|p2a: Walking Wake\n|-end|p2a: Walking Wake|Protosynthesis|[silent]\n|-ability|p1b: Kartana|Beast Boost|boost\n|-boost|p1b: Kartana|atk|1\n|move|p2b: Tornadus|Bleakwind Storm|p1a: Indeedee|[spread] p1a,p1b\n|-damage|p1a: Indeedee|60\/100\n|-damage|p1b: Kartana|0 fnt\n|faint|p1b: Kartana\n|\n|-weather|SunnyDay|[upkeep]\n|upkeep\n|\n|t:|1695477081\n|switch|p2a: Flutter Mane|Flutter Mane|100\/100\n|switch|p1b: Deoxys|Deoxys-Attack|100\/100\n|-ability|p1b: Deoxys|Pressure\n|-activate|p2a: Flutter Mane|move: Sticky Web\n|-unboost|p2a: Flutter Mane|spe|1\n|-activate|p2a: Flutter Mane|ability: Protosynthesis\n|-start|p2a: Flutter Mane|protosynthesisspa\n|turn|4\n|inactive|Forever1507 has 120 seconds left.\n|\n|t:|1695477104\n|-end|p2a: Flutter Mane|Protosynthesis|[silent]\n|switch|p2a: Pelipper|Pelipper, M|100\/100\n|-weather|RainDance|[from] ability: Drizzle|[of] p2a: Pelipper\n|-terastallize|p1a: Indeedee|Psychic\n|move|p1b: Deoxys|Psyshock|p2a: Pelipper\n|-damage|p2a: Pelipper|3\/100\n|move|p1a: Indeedee|Expanding Force|p2a: Pelipper|[spread] p2a,p2b\n|-damage|p2a: Pelipper|0 fnt\n|-damage|p2b: Tornadus|16\/100\n|faint|p2a: Pelipper\n|move|p2b: Tornadus|Bleakwind Storm|p1a: Indeedee|[spread] p1a,p1b\n|-damage|p1a: Indeedee|17\/100\n|-enditem|p1b: Deoxys|Focus Sash\n|-damage|p1b: Deoxys|1\/100\n|\n|-weather|RainDance|[upkeep]\n|-end|p2b: Tornadus|move: Taunt\n|upkeep\n|inactive|Forever1507 has 120 seconds left.\n|\n|t:|1695477115\n|switch|p2a: Flutter Mane|Flutter Mane|100\/100\n|-activate|p2a: Flutter Mane|move: Sticky Web\n|-unboost|p2a: Flutter Mane|spe|1\n|turn|5\n|inactive|Forever1507 has 120 seconds left.\n|\n|t:|1695477144\n|switch|p2b: Torkoal|Torkoal, M|100\/100\n|-activate|p2b: Torkoal|move: Sticky Web\n|-unboost|p2b: Torkoal|spe|1\n|-weather|SunnyDay|[from] ability: Drought|[of] p2b: Torkoal\n|-activate|p2a: Flutter Mane|ability: Protosynthesis\n|-start|p2a: Flutter Mane|protosynthesisspa\n|-end|p2a: Flutter Mane|Protosynthesis|[silent]\n|switch|p2a: Swampert|Swampert, F|100\/100\n|-activate|p2a: Swampert|move: Sticky Web\n|-unboost|p2a: Swampert|spe|1\n|move|p1b: Deoxys|Psyshock|p2a: Swampert\n|-damage|p2a: Swampert|27\/100\n|move|p1a: Indeedee|Expanding Force|p2a: Swampert|[spread] p2a,p2b\n|-damage|p2a: Swampert|0 fnt\n|-damage|p2b: Torkoal|13\/100\n|faint|p2a: Swampert\n|\n|-weather|SunnyDay|[upkeep]\n|-sideend|p1: Hyi h so|move: Tailwind\n|upkeep\n|\n|t:|1695477157\n|switch|p2a: Flutter Mane|Flutter Mane|100\/100\n|-activate|p2a: Flutter Mane|move: Sticky Web\n|-unboost|p2a: Flutter Mane|spe|1\n|-activate|p2a: Flutter Mane|ability: Protosynthesis\n|-start|p2a: Flutter Mane|protosynthesisspa\n|turn|6\n|\n|t:|1695477169\n|move|p1b: Deoxys|Psyshock|p2a: Flutter Mane\n|-damage|p2a: Flutter Mane|0 fnt\n|faint|p2a: Flutter Mane\n|-end|p2a: Flutter Mane|Protosynthesis|[silent]\n|move|p1a: Indeedee|Expanding Force|p2b: Torkoal\n|-damage|p2b: Torkoal|0 fnt\n|faint|p2b: Torkoal\n|\n|-weather|SunnyDay|[upkeep]\n|upkeep\n|-message|Forever1507 forfeited.\n|\n|win|Hyi h so\n|raw|Hyi h so's rating: 1000 &rarr; <strong>1059<\/strong><br \/>(+59 for winning)\n|raw|Forever1507's rating: 1174 &rarr; <strong>1137<\/strong><br \/>(-37 for losing)\n|l|\u2606Forever1507\n","uploadtime":1695477193,"views":11,"p1id":"hyihso","p2id":"forever1507","formatid":"gen9nationaldexdoubles","rating":1059,"private":0,"password":""}