{"id":"gen9nationaldexdoubles-1985041784","p1":"Beast of Moonlight","p2":"Snorkle Porkle","format":"[Gen 9] National Dex Doubles","log":"|j|\u2606Beast of Moonlight\n|j|\u2606Snorkle Porkle\n|t:|1699323811\n|gametype|doubles\n|player|p1|Beast of Moonlight|riley|\n|player|p2|Snorkle Porkle|266|\n|teamsize|p1|6\n|teamsize|p2|6\n|gen|9\n|tier|[Gen 9] National Dex Doubles\n|rule|HP Percentage Mod: HP is shown in percentages\n|rule|Endless Battle Clause: Forcing endless battles is banned\n|rule|OHKO Clause: OHKO moves are banned\n|rule|Evasion Moves Clause: Evasion moves are banned\n|rule|Evasion Abilities Clause: Evasion abilities are banned\n|rule|Species Clause: Limit one of each Pok\u00e9mon\n|rule|Gravity Sleep Clause: The combination of sleep-inducing moves with imperfect accuracy and Gravity or Gigantamax Orbeetle are banned\n|clearpoke\n|poke|p1|Meowstic, M|\n|poke|p1|Chatot, F|\n|poke|p1|Krookodile, F|\n|poke|p1|Manectric, M|\n|poke|p1|Tentacruel, M|\n|poke|p1|Ninetales-Alola, F|\n|poke|p2|Tapu Koko|\n|poke|p2|Garchomp, F|\n|poke|p2|Archeops, F|\n|poke|p2|Dragapult, F|\n|poke|p2|Metagross|\n|poke|p2|Weezing-Galar, M|\n|teampreview\n|\n|t:|1699323851\n|start\n|switch|p1a: Acererak|Meowstic, M|100\/100\n|switch|p1b: Hidden Power|Manectric, M|100\/100\n|switch|p2a: Roberto|Archeops, F|100\/100\n|switch|p2b: hoo hah tiki tiki|Tapu Koko|100\/100\n|turn|1\n|\n|t:|1699323918\n|move|p1a: Acererak|Skill Swap|p1b: Hidden Power\n|-activate|p1a: Acererak|move: Skill Swap|||[of] p1b: Hidden Power\n|move|p2b: hoo hah tiki tiki|Dazzling Gleam|p1b: Hidden Power|[spread] p1a,p1b\n|-crit|p1b: Hidden Power\n|-damage|p1a: Acererak|74\/100\n|-damage|p1b: Hidden Power|22\/100\n|move|p2a: Roberto|Earthquake|p1b: Hidden Power|[spread] p1a,p1b\n|-activate|p2b: hoo hah tiki tiki|ability: Telepathy\n|-supereffective|p1b: Hidden Power\n|-damage|p1a: Acererak|45\/100\n|-damage|p1b: Hidden Power|0 fnt\n|faint|p1b: Hidden Power\n|\n|-heal|p1a: Acererak|52\/100|[from] item: Leftovers\n|upkeep\n|\n|t:|1699323937\n|switch|p1b: Diddy4Coconut|Krookodile, F|100\/100\n|turn|2\n|\n|t:|1699324008\n|-terastallize|p1a: Acererak|Fairy\n|move|p1a: Acererak|Protect|p1a: Acererak\n|-singleturn|p1a: Acererak|Protect\n|move|p2b: hoo hah tiki tiki|Dazzling Gleam|p1a: Acererak|[spread] p1b\n|-activate|p1a: Acererak|move: Protect\n|-supereffective|p1b: Diddy4Coconut\n|-damage|p1b: Diddy4Coconut|19\/100\n|move|p2a: Roberto|Earthquake|p1b: Diddy4Coconut|[spread] p1b\n|-activate|p1a: Acererak|move: Protect\n|-activate|p2b: hoo hah tiki tiki|ability: Telepathy\n|-damage|p1b: Diddy4Coconut|0 fnt\n|faint|p1b: Diddy4Coconut\n|\n|-heal|p1a: Acererak|58\/100|[from] item: Leftovers\n|upkeep\n|\n|t:|1699324024\n|switch|p1b: Reddit|Chatot, F, shiny|100\/100\n|turn|3\n|\n|t:|1699324077\n|switch|p2b: Buried Treasure|Metagross, shiny|100\/100\n|move|p2a: Roberto|Taunt|p1b: Reddit\n|-start|p1b: Reddit|move: Taunt\n|move|p1a: Acererak|Thunder Wave|p2a: Roberto\n|-status|p2a: Roberto|par\n|cant|p1b: Reddit|move: Taunt|Tailwind\n|\n|-heal|p1a: Acererak|64\/100|[from] item: Leftovers\n|upkeep\n|turn|4\n|\n|t:|1699324114\n|switch|p1a: Metriod4When?|Tentacruel, M, shiny|100\/100\n|switch|p1b: Jester|Ninetales-Alola, F, shiny|100\/100\n|-weather|Snow|[from] ability: Snow Warning|[of] p1b: Jester\n|move|p2b: Buried Treasure|Meteor Mash|p1a: Metriod4When?\n|-resisted|p1a: Metriod4When?\n|-damage|p1a: Metriod4When?|72\/100\n|move|p2a: Roberto|Taunt|p1a: Metriod4When?\n|-start|p1a: Metriod4When?|move: Taunt\n|\n|-weather|Snow|[upkeep]\n|-heal|p1a: Metriod4When?|79\/100|[from] item: Black Sludge\n|upkeep\n|turn|5\n|\n|t:|1699324161\n|switch|p2a: hoo hah tiki tiki|Tapu Koko|100\/100\n|move|p1b: Jester|Aurora Veil|p1b: Jester\n|-sidestart|p1: Beast of Moonlight|move: Aurora Veil\n|move|p1a: Metriod4When?|Muddy Water|p2b: Buried Treasure|[spread] p2a,p2b\n|-damage|p2a: hoo hah tiki tiki|74\/100\n|-damage|p2b: Buried Treasure|90\/100\n|move|p2b: Buried Treasure|Meteor Mash|p1b: Jester\n|-supereffective|p1b: Jester\n|-damage|p1b: Jester|0 fnt\n|faint|p1b: Jester\n|\n|-weather|Snow|[upkeep]\n|-heal|p1a: Metriod4When?|85\/100|[from] item: Black Sludge\n|upkeep\n|\n|t:|1699324173\n|switch|p1b: Reddit|Chatot, F, shiny|100\/100\n|turn|6\n|\n|t:|1699324215\n|move|p2a: hoo hah tiki tiki|Dazzling Gleam|p1b: Reddit|[spread] p1a,p1b\n|-resisted|p1a: Metriod4When?\n|-damage|p1a: Metriod4When?|77\/100\n|-damage|p1b: Reddit|81\/100\n|move|p1a: Metriod4When?|Muddy Water|p2b: Buried Treasure|[spread] p2a,p2b\n|-damage|p2a: hoo hah tiki tiki|44\/100\n|-damage|p2b: Buried Treasure|79\/100\n|move|p1b: Reddit|Tailwind|p1b: Reddit\n|-sidestart|p1: Beast of Moonlight|move: Tailwind\n|move|p2b: Buried Treasure|Ice Punch|p1b: Reddit\n|-supereffective|p1b: Reddit\n|-damage|p1b: Reddit|26\/100\n|\n|-weather|Snow|[upkeep]\n|-heal|p1a: Metriod4When?|83\/100|[from] item: Black Sludge\n|-end|p1a: Metriod4When?|move: Taunt\n|upkeep\n|turn|7\n|\n|t:|1699324255\n|switch|p2a: Honest Abe|Weezing-Galar, M, shiny|100\/100\n|move|p1a: Metriod4When?|Muddy Water|p2a: Honest Abe|[spread] p2a,p2b\n|-damage|p2a: Honest Abe|74\/100\n|-damage|p2b: Buried Treasure|68\/100\n|-unboost|p2a: Honest Abe|accuracy|1\n|move|p1b: Reddit|Encore||[still]\n|-fail|p1b: Reddit\n|move|p2b: Buried Treasure|Meteor Mash|p1b: Reddit\n|-damage|p1b: Reddit|0 fnt\n|-boost|p2b: Buried Treasure|atk|1\n|faint|p1b: Reddit\n|\n|-weather|Snow|[upkeep]\n|-heal|p1a: Metriod4When?|90\/100|[from] item: Black Sludge\n|-heal|p2a: Honest Abe|80\/100|[from] item: Black Sludge\n|upkeep\n|\n|t:|1699324270\n|switch|p1b: Acererak|Meowstic, M, tera:Fairy|64\/100\n|turn|8\n|\n|t:|1699324310\n|move|p1b: Acererak|Thunder Wave|p2b: Buried Treasure\n|-status|p2b: Buried Treasure|par\n|move|p1a: Metriod4When?|Muddy Water|p2b: Buried Treasure|[spread] p2a\n|-miss|p1a: Metriod4When?|p2b: Buried Treasure\n|-damage|p2a: Honest Abe|53\/100\n|move|p2a: Honest Abe|Acid Spray|p1a: Metriod4When?\n|-resisted|p1a: Metriod4When?\n|-damage|p1a: Metriod4When?|86\/100\n|move|p2b: Buried Treasure|Meteor Mash|p1b: Acererak\n|-supereffective|p1b: Acererak\n|-damage|p1b: Acererak|0 fnt\n|faint|p1b: Acererak\n|\n|-weather|none\n|-heal|p1a: Metriod4When?|92\/100|[from] item: Black Sludge\n|-heal|p2a: Honest Abe|59\/100|[from] item: Black Sludge\n|upkeep\n|turn|9\n|\n|t:|1699324340\n|switch|p2a: Roberto|Archeops, F|100\/100 par\n|move|p1a: Metriod4When?|Muddy Water|p2a: Roberto|[spread] p2a,p2b\n|-supereffective|p2a: Roberto\n|-damage|p2a: Roberto|41\/100 par\n|-damage|p2b: Buried Treasure|58\/100 par\n|cant|p2b: Buried Treasure|par\n|\n|-heal|p1a: Metriod4When?|98\/100|[from] item: Black Sludge\n|-sideend|p1: Beast of Moonlight|move: Tailwind\n|upkeep\n|turn|10\n|\n|t:|1699324355\n|move|p1a: Metriod4When?|Muddy Water|p2a: Roberto|[spread] p2a,p2b\n|-supereffective|p2a: Roberto\n|-damage|p2a: Roberto|0 fnt\n|-damage|p2b: Buried Treasure|47\/100 par\n|faint|p2a: Roberto\n|cant|p2b: Buried Treasure|par\n|\n|-heal|p1a: Metriod4When?|100\/100|[from] item: Black Sludge\n|upkeep\n|\n|t:|1699324368\n|switch|p2a: hoo hah tiki tiki|Tapu Koko|44\/100\n|turn|11\n|\n|t:|1699324375\n|move|p2a: hoo hah tiki tiki|Thunderbolt|p1a: Metriod4When?\n|-supereffective|p1a: Metriod4When?\n|-damage|p1a: Metriod4When?|62\/100\n|move|p1a: Metriod4When?|Sludge Wave|p2b: Buried Treasure|[spread] p2a\n|-immune|p2b: Buried Treasure\n|-supereffective|p2a: hoo hah tiki tiki\n|-damage|p2a: hoo hah tiki tiki|0 fnt\n|faint|p2a: hoo hah tiki tiki\n|move|p2b: Buried Treasure|Earthquake|p1a: Metriod4When?\n|-supereffective|p1a: Metriod4When?\n|-damage|p1a: Metriod4When?|0 fnt\n|faint|p1a: Metriod4When?\n|\n|win|Snorkle Porkle\n","uploadtime":1699324389,"views":26,"p1id":"beastofmoonlight","p2id":"snorkleporkle","formatid":"gen9nationaldexdoubles","rating":0,"private":0,"password":""}