{"id":"gen9nationaldexdoubles-1960548565","p1":"fifier","p2":"Spay","format":"[Gen 9] National Dex Doubles","log":"|j|\u2606fifier\n|j|\u2606Spay\n|t:|1696533778\n|gametype|doubles\n|player|p1|fifier|266|\n|player|p2|Spay|lady|\n|teamsize|p1|6\n|teamsize|p2|6\n|gen|9\n|tier|[Gen 9] National Dex Doubles\n|rule|HP Percentage Mod: HP is shown in percentages\n|rule|Endless Battle Clause: Forcing endless battles is banned\n|rule|OHKO Clause: OHKO moves are banned\n|rule|Evasion Moves Clause: Evasion moves are banned\n|rule|Evasion Abilities Clause: Evasion abilities are banned\n|rule|Species Clause: Limit one of each Pok\u00e9mon\n|rule|Gravity Sleep Clause: The combination of sleep-inducing moves with imperfect accuracy and Gravity or Gigantamax Orbeetle are banned\n|clearpoke\n|poke|p1|Iron Hands|\n|poke|p1|Tapu Koko|\n|poke|p1|Manectric, F|\n|poke|p1|Rotom-Wash|\n|poke|p1|Regieleki|\n|poke|p1|Thundurus, M|\n|poke|p2|Diancie|\n|poke|p2|Garganacl, M|\n|poke|p2|Glimmora, M|\n|poke|p2|Ogerpon-Cornerstone, F|\n|poke|p2|Arcanine-Hisui, F|\n|poke|p2|Tyranitar, M|\n|teampreview\n|inactive|Battle timer is ON: inactive players will automatically lose when time's up. (requested by Spay)\n|c|\u2606fifier|quita timer\n|inactiveoff|Battle timer is now OFF.\n|j| El_Gran_Wigglytuff\n|c| El_Gran_Wigglytuff|Vamos, Spay\n|\n|t:|1696533811\n|start\n|switch|p1a: Thundurus|Thundurus, M|100\/100\n|switch|p1b: Rotom|Rotom-Wash|100\/100\n|switch|p2a: Minecraft|Garganacl, M|100\/100\n|switch|p2b: Weird Grass-Type|Glimmora, M|100\/100\n|turn|1\n|j| XMarcosPr710\n|c| XMarcosPr710|Vamos spay\n|\n|t:|1696533829\n|move|p2b: Weird Grass-Type|Spiky Shield|p2b: Weird Grass-Type\n|-singleturn|p2b: Weird Grass-Type|move: Protect\n|move|p1a: Thundurus|Wildbolt Storm|p2b: Weird Grass-Type|[spread] p2a\n|-activate|p2b: Weird Grass-Type|move: Protect\n|-damage|p2a: Minecraft|82\/100\n|move|p1b: Rotom|Hydro Pump|p2b: Weird Grass-Type\n|-activate|p2b: Weird Grass-Type|move: Protect\n|move|p2a: Minecraft|Salt Cure|p1a: Thundurus\n|-supereffective|p1a: Thundurus\n|-damage|p1a: Thundurus|66\/100\n|-start|p1a: Thundurus|Salt Cure\n|\n|-damage|p1a: Thundurus|54\/100|[from] Salt Cure\n|upkeep\n|turn|2\n|\n|t:|1696533849\n|move|p1a: Thundurus|Thunder Wave|p2b: Weird Grass-Type\n|-status|p2b: Weird Grass-Type|par\n|move|p1b: Rotom|Volt Switch|p2a: Minecraft\n|-damage|p2a: Minecraft|66\/100\n|\n|t:|1696533859\n|switch|p1b: Iron Hands|Iron Hands|100\/100|[from] Volt Switch\n|cant|p2b: Weird Grass-Type|par\n|move|p2a: Minecraft|Salt Cure|p1b: Iron Hands\n|-resisted|p1b: Iron Hands\n|-damage|p1b: Iron Hands|93\/100\n|-start|p1b: Iron Hands|Salt Cure\n|\n|-damage|p1a: Thundurus|42\/100|[from] Salt Cure\n|-damage|p1b: Iron Hands|81\/100|[from] Salt Cure\n|upkeep\n|turn|3\n|c| El_Gran_Wigglytuff|Tongo\n|c| XMarcosPr710|bluff viendo que sus 2 counter se enfrentan en el otro lado del torneo contra un match up que no es precisamente facil:\n|\n|t:|1696533876\n|move|p2b: Weird Grass-Type|Spiky Shield|p2b: Weird Grass-Type\n|-singleturn|p2b: Weird Grass-Type|move: Protect\n|move|p1a: Thundurus|Wildbolt Storm|p2a: Minecraft|[spread] p2a\n|-activate|p2b: Weird Grass-Type|move: Protect\n|-damage|p2a: Minecraft|47\/100\n|move|p1b: Iron Hands|Drain Punch|p2a: Minecraft\n|-supereffective|p2a: Minecraft\n|-damage|p2a: Minecraft|0 fnt\n|-heal|p1b: Iron Hands|100\/100|[from] drain|[of] p2a: Minecraft\n|faint|p2a: Minecraft\n|\n|-damage|p1a: Thundurus|30\/100|[from] Salt Cure\n|-damage|p1b: Iron Hands|88\/100|[from] Salt Cure\n|upkeep\n|\n|t:|1696533893\n|switch|p2a: Aku Aku|Ogerpon-Cornerstone, F|100\/100\n|turn|4\n|c|\u2606fifier|che\n|c|\u2606fifier|les parece\n|c|\u2606fifier|que en segunda ronda\n|c| El_Gran_Wigglytuff|No\n|c| XMarcosPr710|XD\n|c|\u2606fifier|tambien intente hacerla neutral?\n|c|\u2606fifier|B)\n|\n|t:|1696533912\n|switch|p1a: Tapu Koko|Tapu Koko|100\/100\n|-fieldstart|move: Electric Terrain|[from] ability: Electric Surge|[of] p1a: Tapu Koko\n|-activate|p1b: Iron Hands|ability: Quark Drive\n|-start|p1b: Iron Hands|quarkdriveatk\n|move|p2a: Aku Aku|Swords Dance|p2a: Aku Aku\n|-boost|p2a: Aku Aku|atk|2\n|move|p1b: Iron Hands|Drain Punch|p2a: Aku Aku\n|-supereffective|p2a: Aku Aku\n|-crit|p2a: Aku Aku\n|-ability|p2a: Aku Aku|Sturdy\n|-damage|p2a: Aku Aku|1\/100\n|-heal|p1b: Iron Hands|100\/100|[from] drain|[of] p2a: Aku Aku\n|move|p2b: Weird Grass-Type|Mortal Spin|p1b: Iron Hands|[spread] p1a,p1b\n|-supereffective|p1a: Tapu Koko\n|-crit|p1a: Tapu Koko\n|-damage|p1a: Tapu Koko|81\/100\n|-damage|p1b: Iron Hands|97\/100\n|-status|p1a: Tapu Koko|psn\n|-status|p1b: Iron Hands|psn\n|\n|-damage|p1a: Tapu Koko|69\/100 psn|[from] psn\n|-damage|p1b: Iron Hands|85\/100 psn|[from] psn\n|-damage|p1b: Iron Hands|72\/100 psn|[from] Salt Cure\n|upkeep\n|turn|5\n|c| XMarcosPr710|terrible\n|c| XMarcosPr710|Yo la dejaba asi\n|c| XMarcosPr710|Mas que nada porque yo no tengo match up neutral\n|c| XMarcosPr710|XDDDDDDDDD\n|c|\u2606fifier|samy\n|\n|t:|1696533942\n|move|p1a: Tapu Koko|Dazzling Gleam|p2b: Weird Grass-Type|[spread] p2a,p2b\n|-resisted|p2b: Weird Grass-Type\n|-damage|p2a: Aku Aku|0 fnt\n|-damage|p2b: Weird Grass-Type|86\/100 par\n|faint|p2a: Aku Aku\n|move|p1b: Iron Hands|Drain Punch|p2b: Weird Grass-Type\n|-damage|p2b: Weird Grass-Type|30\/100 par\n|-heal|p1b: Iron Hands|95\/100 psn|[from] drain|[of] p2b: Weird Grass-Type\n|-activate|p2b: Weird Grass-Type|ability: Toxic Debris\n|-sidestart|p1: fifier|move: Toxic Spikes\n|move|p2b: Weird Grass-Type|Stealth Rock|p1b: Iron Hands\n|-sidestart|p1: fifier|move: Stealth Rock\n|\n|-damage|p1a: Tapu Koko|57\/100 psn|[from] psn\n|-damage|p1b: Iron Hands|82\/100 psn|[from] psn\n|-damage|p1b: Iron Hands|70\/100 psn|[from] Salt Cure\n|upkeep\n|\n|t:|1696533961\n|switch|p2a: Dog|Arcanine-Hisui, F, shiny|100\/100\n|turn|6\n|c| XMarcosPr710|De hecho no, revisa su equipo\n|c|\u2606fifier|de hecho me da igual\n|c| El_Gran_Wigglytuff|De hecho, es imposible neutro\n|\n|t:|1696533982\n|-terastallize|p2a: Dog|Fighting\n|move|p1a: Tapu Koko|Thunderbolt|p2a: Dog\n|-damage|p2a: Dog|40\/100\n|move|p2a: Dog|Close Combat|p1b: Iron Hands\n|-damage|p1b: Iron Hands|14\/100 psn\n|-unboost|p2a: Dog|def|1\n|-unboost|p2a: Dog|spd|1\n|move|p1b: Iron Hands|Drain Punch|p2a: Dog\n|-damage|p2a: Dog|0 fnt\n|-heal|p1b: Iron Hands|28\/100 psn|[from] drain|[of] p2a: Dog\n|faint|p2a: Dog\n|cant|p2b: Weird Grass-Type|par\n|\n|-damage|p1a: Tapu Koko|44\/100 psn|[from] psn\n|-damage|p1b: Iron Hands|16\/100 psn|[from] psn\n|-damage|p1b: Iron Hands|3\/100 psn|[from] Salt Cure\n|upkeep\n|c|\u2606fifier|imagina\n|c|\u2606fifier|ostia q me muero tu\n|c|\u2606Spay|Su pap\u00e1\n|c| XMarcosPr710|Imagina pensar que 4 pokemon tipo fuego no es counter de planta\n|c| XMarcosPr710|B)\n|\n|t:|1696534012\n|switch|p2a: Garnet|Diancie, shiny|100\/100\n|turn|7\n|c|\u2606fifier|no son 4\n|c| XMarcosPr710|3\n|c|\u2606fifier|ni tipo fuego\n|c| XMarcosPr710|Y gholdengo\n|\n|t:|1696534026\n|-zpower|p1a: Tapu Koko\n|move|p1a: Tapu Koko|Twinkle Tackle|p2a: Garnet|[zeffect]\n|-damage|p2a: Garnet|47\/100\n|move|p2a: Garnet|Diamond Storm|p1a: Tapu Koko|[spread] p1a,p1b\n|-resisted|p1b: Iron Hands\n|-damage|p1a: Tapu Koko|7\/100 psn\n|-damage|p1b: Iron Hands|0 fnt\n|faint|p1b: Iron Hands\n|-end|p1b: Iron Hands|Quark Drive|[silent]\n|move|p2b: Weird Grass-Type|Mortal Spin|p1a: Tapu Koko\n|-supereffective|p1a: Tapu Koko\n|-damage|p1a: Tapu Koko|0 fnt\n|faint|p1a: Tapu Koko\n|\n|upkeep\n|c| XMarcosPr710|Con 5 tera fuego\n|c| XMarcosPr710|XD\n|c|\u2606fifier|pipipi\n|\n|t:|1696534040\n|switch|p1a: Manectric|Manectric, F|100\/100\n|switch|p1b: Regieleki|Regieleki|100\/100\n|-status|p1b: Regieleki|psn\n|-damage|p1b: Regieleki|88\/100 psn|[from] Stealth Rock\n|-status|p1a: Manectric|psn\n|-damage|p1a: Manectric|88\/100 psn|[from] Stealth Rock\n|turn|8\n|c| El_Gran_Wigglytuff|Solo puede ser neutro si Samy me gana\n|c| XMarcosPr710|Vamos Spay gana que tenes Tyranitar\n|c|\u2606fifier|se viene\n|c|\u2606fifier|el spam\n|c|\u2606fifier|de rising voltage\n|c| XMarcosPr710|Fuiste\n|c| El_Gran_Wigglytuff|Si gano yo, es imposible neutro\n|\n|t:|1696534066\n|detailschange|p1a: Manectric|Manectric-Mega, F\n|-mega|p1a: Manectric|Manectric|Manectite\n|-ability|p1a: Manectric|Intimidate|boost\n|-fail|p2a: Garnet|unboost|[from] ability: Clear Body|[of] p2a: Garnet\n|-unboost|p2b: Weird Grass-Type|atk|1\n|move|p1b: Regieleki|Rising Voltage|p2a: Garnet\n|-hint|Rising Voltage's BP doubled on grounded target.\n|-damage|p2a: Garnet|0 fnt\n|faint|p2a: Garnet\n|move|p1a: Manectric|Rising Voltage|p2b: Weird Grass-Type\n|-hint|Rising Voltage's BP doubled on grounded target.\n|-damage|p2b: Weird Grass-Type|0 fnt\n|faint|p2b: Weird Grass-Type\n|\n|-damage|p1b: Regieleki|76\/100 psn|[from] psn\n|-damage|p1a: Manectric|76\/100 psn|[from] psn\n|-fieldend|move: Electric Terrain\n|upkeep\n|c|\u2606fifier|NOOOOOOOOOOOO\n|c| XMarcosPr710|Le entraba sida\n|c|\u2606Spay|Si hombre\n|c|\u2606fifier|se fue mi campo\n|\n|t:|1696534089\n|switch|p2a: Rock Lizard|Tyranitar, M, shiny|100\/100\n|-weather|Sandstorm|[from] ability: Sand Stream|[of] p2a: Rock Lizard\n|turn|9\n|\n|t:|1696534097\n|detailschange|p2a: Rock Lizard|Tyranitar-Mega, M, shiny\n|-mega|p2a: Rock Lizard|Tyranitar|Tyranitarite\n|-terastallize|p1b: Regieleki|Grass\n|move|p1b: Regieleki|Tera Blast|p2a: Rock Lizard|[anim] Tera Blast Grass\n|-supereffective|p2a: Rock Lizard\n|-damage|p2a: Rock Lizard|68\/100\n|move|p1a: Manectric|Rising Voltage|p2a: Rock Lizard\n|-damage|p2a: Rock Lizard|49\/100\n|move|p2a: Rock Lizard|Sand Tomb|p1b: Regieleki\n|-resisted|p1b: Regieleki\n|-damage|p1b: Regieleki|61\/100 psn\n|-activate|p1b: Regieleki|move: Sand Tomb|[of] p2a: Rock Lizard\n|\n|-weather|Sandstorm|[upkeep]\n|-damage|p1b: Regieleki|55\/100 psn|[from] Sandstorm\n|-damage|p1a: Manectric|70\/100 psn|[from] Sandstorm\n|-damage|p1b: Regieleki|43\/100 psn|[from] psn\n|-damage|p1a: Manectric|57\/100 psn|[from] psn\n|-damage|p1b: Regieleki|30\/100 psn|[from] move: Sand Tomb|[partiallytrapped]\n|upkeep\n|turn|10\n|c|\u2606fifier|bof\n|c| XMarcosPr710|Que bonito se ve tyranitar\n|\n|t:|1696534119\n|move|p1b: Regieleki|Tera Blast|p2a: Rock Lizard|[anim] Tera Blast Grass\n|-supereffective|p2a: Rock Lizard\n|-damage|p2a: Rock Lizard|17\/100\n|move|p1a: Manectric|Rising Voltage|p2a: Rock Lizard\n|-damage|p2a: Rock Lizard|0 fnt\n|faint|p2a: Rock Lizard\n|\n|win|fifier\n|c|\u2606fifier|gg\n|c| XMarcosPr710|Pero no con ese Move Set\n|c|\u2606Spay|Su mam\u00e1\n","uploadtime":1696534128,"views":7,"p1id":"fifier","p2id":"spay","formatid":"gen9nationaldexdoubles","rating":0,"private":0,"password":""}