{"id":"gen9nationaldexdoubles-1973706584","p1":"Deagle50uu","p2":"Ric3o","format":"[Gen 9] National Dex Doubles","log":"|j|\u2606Deagle50uu\n|j|\u2606Ric3o\n|t:|1698005318\n|gametype|doubles\n|player|p1|Deagle50uu|266|\n|player|p2|Ric3o|170|\n|teamsize|p1|6\n|teamsize|p2|6\n|gen|9\n|tier|[Gen 9] National Dex Doubles\n|rule|HP Percentage Mod: HP is shown in percentages\n|rule|Endless Battle Clause: Forcing endless battles is banned\n|rule|OHKO Clause: OHKO moves are banned\n|rule|Evasion Moves Clause: Evasion moves are banned\n|rule|Evasion Abilities Clause: Evasion abilities are banned\n|rule|Species Clause: Limit one of each Pok\u00e9mon\n|rule|Gravity Sleep Clause: The combination of sleep-inducing moves with imperfect accuracy and Gravity or Gigantamax Orbeetle are banned\n|clearpoke\n|poke|p1|Tyranitar, F|\n|poke|p1|Terrakion|\n|poke|p1|Rhyperior, F|\n|poke|p1|Tyrantrum, M|\n|poke|p1|Aggron, M|\n|poke|p1|Aerodactyl, M|\n|poke|p2|Aegislash, M|\n|poke|p2|Excadrill, F|\n|poke|p2|Corviknight, M|\n|poke|p2|Ferrothorn, M|\n|poke|p2|Duraludon, M|\n|poke|p2|Lucario, M|\n|teampreview\n|\n|t:|1698005350\n|start\n|switch|p1a: Terrakion|Terrakion|100\/100\n|switch|p1b: Aerodactyl|Aerodactyl, M|100\/100\n|switch|p2a: Excadrill|Excadrill, F|100\/100\n|switch|p2b: Ferrothorn|Ferrothorn, M|100\/100\n|-ability|p2a: Excadrill|Mold Breaker\n|-ability|p1b: Aerodactyl|Pressure\n|turn|1\n|\n|t:|1698005390\n|move|p1a: Terrakion|Earthquake|p2b: Ferrothorn|[spread] p2a,p2b\n|-immune|p1b: Aerodactyl\n|-supereffective|p2a: Excadrill\n|-damage|p2a: Excadrill|32\/100\n|-damage|p2b: Ferrothorn|86\/100\n|move|p2a: Excadrill|Rock Slide|p1b: Aerodactyl|[spread] p1b\n|-miss|p2a: Excadrill|p1a: Terrakion\n|-supereffective|p1b: Aerodactyl\n|-damage|p1b: Aerodactyl|31\/100\n|move|p1b: Aerodactyl|Aerial Ace|p2b: Ferrothorn\n|-damage|p2b: Ferrothorn|70\/100\n|-damage|p1b: Aerodactyl|19\/100|[from] ability: Iron Barbs|[of] p2b: Ferrothorn\n|move|p2b: Ferrothorn|Power Whip|p1a: Terrakion\n|-supereffective|p1a: Terrakion\n|-damage|p1a: Terrakion|9\/100\n|\n|-heal|p2b: Ferrothorn|77\/100|[from] item: Leftovers\n|upkeep\n|turn|2\n|\n|t:|1698005414\n|move|p2b: Ferrothorn|Protect|p2b: Ferrothorn\n|-singleturn|p2b: Ferrothorn|Protect\n|move|p1a: Terrakion|Earthquake|p2a: Excadrill|[spread] p2a\n|-activate|p2b: Ferrothorn|move: Protect\n|-immune|p1b: Aerodactyl\n|-supereffective|p2a: Excadrill\n|-crit|p2a: Excadrill\n|-damage|p2a: Excadrill|0 fnt\n|faint|p2a: Excadrill\n|move|p1b: Aerodactyl|Stone Edge|p2b: Ferrothorn\n|-activate|p2b: Ferrothorn|move: Protect\n|\n|-heal|p2b: Ferrothorn|83\/100|[from] item: Leftovers\n|upkeep\n|\n|t:|1698005433\n|switch|p2a: Corviknight|Corviknight, M, shiny|100\/100\n|turn|3\n|\n|t:|1698005452\n|detailschange|p1b: Aerodactyl|Aerodactyl-Mega, M\n|-mega|p1b: Aerodactyl|Aerodactyl|Aerodactylite\n|move|p1a: Terrakion|Earthquake|p2b: Ferrothorn|[spread] p2b\n|-immune|p1b: Aerodactyl\n|-immune|p2a: Corviknight\n|-damage|p2b: Ferrothorn|68\/100\n|move|p1b: Aerodactyl|Stone Edge|p2b: Ferrothorn\n|-resisted|p2b: Ferrothorn\n|-damage|p2b: Ferrothorn|53\/100\n|move|p2a: Corviknight|Brave Bird|p1b: Aerodactyl\n|-resisted|p1b: Aerodactyl\n|-damage|p1b: Aerodactyl|0 fnt\n|faint|p1b: Aerodactyl\n|-damage|p2a: Corviknight|96\/100|[from] Recoil\n|move|p2b: Ferrothorn|Leech Seed|p1a: Terrakion\n|-start|p1a: Terrakion|move: Leech Seed\n|\n|-heal|p2a: Corviknight|100\/100|[from] item: Leftovers\n|-heal|p2b: Ferrothorn|60\/100|[from] item: Leftovers\n|-damage|p1a: Terrakion|0 fnt|[from] Leech Seed|[of] p2b: Ferrothorn\n|-heal|p2b: Ferrothorn|67\/100|[silent]\n|faint|p1a: Terrakion\n|upkeep\n|\n|t:|1698005468\n|switch|p1b: Tyrantrum|Tyrantrum, M|100\/100\n|switch|p1a: Aggron|Aggron, M|100\/100\n|turn|4\n|\n|t:|1698005491\n|move|p1b: Tyrantrum|Fire Fang|p2b: Ferrothorn\n|-supereffective|p2b: Ferrothorn\n|-damage|p2b: Ferrothorn|0 fnt\n|-damage|p1b: Tyrantrum|88\/100|[from] ability: Iron Barbs|[of] p2b: Ferrothorn\n|faint|p2b: Ferrothorn\n|move|p1a: Aggron|Head Smash|p2a: Corviknight\n|-damage|p2a: Corviknight|41\/100\n|-damage|p1a: Aggron|58\/100|[from] Recoil\n|move|p2a: Corviknight|Taunt|p1b: Tyrantrum\n|-start|p1b: Tyrantrum|move: Taunt\n|\n|-heal|p2a: Corviknight|47\/100|[from] item: Leftovers\n|upkeep\n|\n|t:|1698005499\n|switch|p2b: Lucario|Lucario, M|100\/100\n|turn|5\n|\n|t:|1698005515\n|detailschange|p2b: Lucario|Lucario-Mega, M\n|-mega|p2b: Lucario|Lucario|Lucarionite\n|move|p2b: Lucario|Close Combat|p1a: Aggron\n|-supereffective|p1a: Aggron\n|-damage|p1a: Aggron|0 fnt\n|-unboost|p2b: Lucario|def|1\n|-unboost|p2b: Lucario|spd|1\n|faint|p1a: Aggron\n|move|p1b: Tyrantrum|Fire Fang|p2a: Corviknight\n|-supereffective|p2a: Corviknight\n|-damage|p2a: Corviknight|0 fnt\n|faint|p2a: Corviknight\n|\n|upkeep\n|\n|t:|1698005535\n|switch|p1a: Rhyperior|Rhyperior, F|100\/100\n|switch|p2a: Duraludon|Duraludon, M|100\/100\n|turn|6\n|\n|t:|1698005567\n|move|p2a: Duraludon|Draco Meteor|p1b: Tyrantrum\n|-supereffective|p1b: Tyrantrum\n|-damage|p1b: Tyrantrum|0 fnt\n|-unboost|p2a: Duraludon|spa|2\n|faint|p1b: Tyrantrum\n|move|p2b: Lucario|Close Combat|p1a: Rhyperior\n|-supereffective|p1a: Rhyperior\n|-damage|p1a: Rhyperior|17\/100\n|-unboost|p2b: Lucario|def|1\n|-unboost|p2b: Lucario|spd|1\n|move|p1a: Rhyperior|Stealth Rock|p2a: Duraludon\n|-sidestart|p2: Ric3o|move: Stealth Rock\n|\n|-heal|p1a: Rhyperior|23\/100|[from] item: Leftovers\n|upkeep\n|\n|t:|1698005573\n|switch|p1b: Tyranitar|Tyranitar, F|100\/100\n|-weather|Sandstorm|[from] ability: Sand Stream|[of] p1b: Tyranitar\n|turn|7\n|\n|t:|1698005586\n|move|p2a: Duraludon|Draco Meteor|p1a: Rhyperior\n|-damage|p1a: Rhyperior|0 fnt\n|-unboost|p2a: Duraludon|spa|2\n|faint|p1a: Rhyperior\n|move|p2b: Lucario|Close Combat|p1b: Tyranitar\n|-supereffective|p1b: Tyranitar\n|-damage|p1b: Tyranitar|0 fnt\n|-unboost|p2b: Lucario|def|1\n|-unboost|p2b: Lucario|spd|1\n|faint|p1b: Tyranitar\n|\n|win|Ric3o\n","uploadtime":1698005594,"views":9,"p1id":"deagle50uu","p2id":"ric3o","formatid":"gen9nationaldexdoubles","rating":0,"private":0,"password":""}