{"id":"gen9nationaldexdoubles-1971033859","p1":"MadJac","p2":"Chuuugs","format":"[Gen 9] National Dex Doubles","log":"|j|\u2606MadJac\n|j|\u2606Chuuugs\n|t:|1697695970\n|gametype|doubles\n|player|p1|MadJac|pokemonranger-gen4|1041\n|player|p2|Chuuugs|hilda|1131\n|teamsize|p1|6\n|teamsize|p2|6\n|gen|9\n|tier|[Gen 9] National Dex Doubles\n|rated|\n|rule|HP Percentage Mod: HP is shown in percentages\n|rule|Endless Battle Clause: Forcing endless battles is banned\n|rule|OHKO Clause: OHKO moves are banned\n|rule|Evasion Moves Clause: Evasion moves are banned\n|rule|Evasion Abilities Clause: Evasion abilities are banned\n|rule|Species Clause: Limit one of each Pok\u00e9mon\n|rule|Gravity Sleep Clause: The combination of sleep-inducing moves with imperfect accuracy and Gravity or Gigantamax Orbeetle are banned\n|clearpoke\n|poke|p1|Banette, M|\n|poke|p1|Gengar, F|\n|poke|p1|Sylveon, M|\n|poke|p1|Toxtricity, F|\n|poke|p1|Zoroark, M|\n|poke|p1|Noivern, F|\n|poke|p2|Pincurchin, M|\n|poke|p2|Arboliva, F|\n|poke|p2|Toxapex, F|\n|poke|p2|Iron Hands|\n|poke|p2|Raichu-Alola, F|\n|poke|p2|Azelf|\n|teampreview\n|\n|t:|1697695994\n|start\n|switch|p1a: Banette|Banette, M|100\/100\n|switch|p1b: Gengar|Gengar, F, shiny|100\/100\n|switch|p2a: Kidney Stone|Pincurchin, M, shiny|100\/100\n|switch|p2b: Burnt Toast|Raichu-Alola, F, shiny|100\/100\n|-fieldstart|move: Electric Terrain|[from] ability: Electric Surge|[of] p2a: Kidney Stone\n|turn|1\n|\n|t:|1697696025\n|detailschange|p1a: Banette|Banette-Mega, M\n|-mega|p1a: Banette|Banette|Banettite\n|move|p1a: Banette|Curse|p2b: Burnt Toast\n|-start|p2b: Burnt Toast|Curse|[of] p1a: Banette\n|-damage|p1a: Banette|50\/100\n|move|p2b: Burnt Toast|Rising Voltage|p1b: Gengar\n|-hint|Rising Voltage's BP doubled on grounded target.\n|-damage|p1b: Gengar|0 fnt\n|faint|p1b: Gengar\n|move|p2a: Kidney Stone|Toxic Spikes|p1a: Banette\n|-sidestart|p1: MadJac|move: Toxic Spikes\n|\n|-damage|p2b: Burnt Toast|76\/100|[from] Curse\n|upkeep\n|\n|t:|1697696039\n|switch|p1b: Sylveon|Sylveon, M|100\/100\n|-status|p1b: Sylveon|psn\n|turn|2\n|\n|t:|1697696057\n|move|p2b: Burnt Toast|Rising Voltage|p1a: Banette\n|-hint|Rising Voltage's BP doubled on grounded target.\n|-damage|p1a: Banette|0 fnt\n|faint|p1a: Banette\n|move|p1b: Sylveon|Reflect|p1b: Sylveon\n|-sidestart|p1: MadJac|Reflect\n|move|p2a: Kidney Stone|Scald|p1b: Sylveon\n|-damage|p1b: Sylveon|86\/100 psn\n|\n|-heal|p1b: Sylveon|92\/100 psn|[from] item: Leftovers\n|-damage|p1b: Sylveon|79\/100 psn|[from] psn\n|-damage|p2b: Burnt Toast|51\/100|[from] Curse\n|upkeep\n|\n|t:|1697696075\n|switch|p1a: Noivern|Noivern, F|100\/100\n|turn|3\n|\n|t:|1697696091\n|move|p2b: Burnt Toast|Rising Voltage|p1b: Sylveon\n|-hint|Rising Voltage's BP doubled on grounded target.\n|-damage|p1b: Sylveon|0 fnt\n|faint|p1b: Sylveon\n|move|p1a: Noivern|Tailwind|p1a: Noivern\n|-sidestart|p1: MadJac|move: Tailwind\n|move|p2a: Kidney Stone|Rising Voltage|p1a: Noivern\n|-damage|p1a: Noivern|57\/100\n|\n|-damage|p2b: Burnt Toast|26\/100|[from] Curse\n|upkeep\n|\n|t:|1697696110\n|switch|p1b: Toxtricity|Toxtricity, F|100\/100\n|-status|p1b: Toxtricity|psn\n|turn|4\n|\n|t:|1697696138\n|move|p2b: Burnt Toast|Rising Voltage|p1a: Noivern\n|-damage|p1a: Noivern|0 fnt\n|faint|p1a: Noivern\n|move|p1b: Toxtricity|Toxic|p2a: Kidney Stone\n|-status|p2a: Kidney Stone|tox\n|move|p2a: Kidney Stone|Rising Voltage|p1b: Toxtricity\n|-hint|Rising Voltage's BP doubled on grounded target.\n|-enditem|p1b: Toxtricity|Focus Sash\n|-damage|p1b: Toxtricity|1\/100 psn\n|replace|p1b: Zoroark|Zoroark, M\n|-end|p1b: Zoroark|Illusion\n|\n|-damage|p1b: Zoroark|0 fnt|[from] psn\n|faint|p1b: Zoroark\n|-damage|p2a: Kidney Stone|94\/100 tox|[from] psn\n|-damage|p2b: Burnt Toast|1\/100|[from] Curse\n|upkeep\n|\n|t:|1697696155\n|switch|p1a: Toxtricity|Toxtricity, F|100\/100\n|-sideend|p1: MadJac|move: Toxic Spikes|[of] p1a: Toxtricity\n|turn|5\n|\n|t:|1697696167\n|-terastallize|p1a: Toxtricity|Normal\n|move|p2b: Burnt Toast|Rising Voltage|p1a: Toxtricity\n|-hint|Rising Voltage's BP doubled on grounded target.\n|-damage|p1a: Toxtricity|0 fnt\n|faint|p1a: Toxtricity\n|\n|win|Chuuugs\n|raw|MadJac's rating: 1041 &rarr; <strong>1029<\/strong><br \/>(-12 for losing)\n|raw|Chuuugs's rating: 1131 &rarr; <strong>1150<\/strong><br \/>(+19 for winning)\n|l|\u2606MadJac\n|c|\u2606Chuuugs|gg\n","uploadtime":1697696218,"views":11,"p1id":"madjac","p2id":"chuuugs","formatid":"gen9nationaldexdoubles","rating":1029,"private":0,"password":""}