{"id":"gen9nationaldexdoubles-1955081814","p1":"Yveltak","p2":"Gamer00ooO","format":"[Gen 9] National Dex Doubles","log":"|j|\u2606Yveltak\n|j|\u2606Gamer00ooO\n|t:|1695954265\n|gametype|doubles\n|player|p1|Yveltak|hugh|\n|player|p2|Gamer00ooO|1|\n|teamsize|p1|6\n|teamsize|p2|6\n|gen|9\n|tier|[Gen 9] National Dex Doubles\n|rule|HP Percentage Mod: HP is shown in percentages\n|rule|Endless Battle Clause: Forcing endless battles is banned\n|rule|OHKO Clause: OHKO moves are banned\n|rule|Evasion Moves Clause: Evasion moves are banned\n|rule|Evasion Abilities Clause: Evasion abilities are banned\n|rule|Species Clause: Limit one of each Pok\u00e9mon\n|rule|Gravity Sleep Clause: The combination of sleep-inducing moves with imperfect accuracy and Gravity or Gigantamax Orbeetle are banned\n|clearpoke\n|poke|p1|Iron Hands|\n|poke|p1|Tapu Koko|\n|poke|p1|Manectric, M|\n|poke|p1|Raichu-Alola, F|\n|poke|p1|Zapdos|\n|poke|p1|Rotom-Wash|\n|poke|p2|Grimmsnarl, M|\n|poke|p2|Diancie|\n|poke|p2|Klefki, M|\n|poke|p2|Azumarill, M|\n|poke|p2|Sylveon, M|\n|poke|p2|Iron Valiant|\n|teampreview\n|c|\u2606Yveltak|gl\n|\n|t:|1695954291\n|start\n|switch|p1a: Tapu Koko|Tapu Koko|100\/100\n|switch|p1b: Manectric|Manectric, M|100\/100\n|switch|p2a: Grimmsnarl|Grimmsnarl, M|100\/100\n|switch|p2b: Sylveon|Sylveon, M|100\/100\n|-fieldstart|move: Electric Terrain|[from] ability: Electric Surge|[of] p1a: Tapu Koko\n|turn|1\n|\n|t:|1695954328\n|detailschange|p1b: Manectric|Manectric-Mega, M\n|-mega|p1b: Manectric|Manectric|Manectite\n|-ability|p1b: Manectric|Intimidate|boost\n|-unboost|p2a: Grimmsnarl|atk|1\n|-unboost|p2b: Sylveon|atk|1\n|move|p2a: Grimmsnarl|Light Screen|p2a: Grimmsnarl\n|-sidestart|p2: Gamer00ooO|move: Light Screen\n|move|p1b: Manectric|Rising Voltage|p2b: Sylveon\n|-hint|Rising Voltage's BP doubled on grounded target.\n|-damage|p2b: Sylveon|45\/100\n|move|p1a: Tapu Koko|Volt Switch|p2b: Sylveon\n|-damage|p2b: Sylveon|23\/100\n|\n|t:|1695954337\n|switch|p1a: Zapdos|Zapdos|100\/100|[from] Volt Switch\n|move|p2b: Sylveon|Hyper Voice|p1b: Manectric|[spread] p1a,p1b\n|-damage|p1a: Zapdos|56\/100\n|-damage|p1b: Manectric|45\/100\n|\n|-heal|p1a: Zapdos|62\/100|[from] item: Leftovers\n|upkeep\n|turn|2\n|\n|t:|1695954351\n|move|p2a: Grimmsnarl|Reflect|p2a: Grimmsnarl\n|-sidestart|p2: Gamer00ooO|Reflect\n|move|p1b: Manectric|Volt Switch|p2a: Grimmsnarl\n|-damage|p2a: Grimmsnarl|69\/100\n|\n|t:|1695954372\n|switch|p1b: Tapu Koko|Tapu Koko|100\/100|[from] Volt Switch\n|move|p1a: Zapdos|Thunderbolt|p2b: Sylveon\n|-damage|p2b: Sylveon|0 fnt\n|faint|p2b: Sylveon\n|\n|-heal|p1a: Zapdos|68\/100|[from] item: Leftovers\n|-heal|p2a: Grimmsnarl|75\/100|[from] item: Leftovers\n|upkeep\n|\n|t:|1695954384\n|switch|p2b: Diancie|Diancie|100\/100\n|turn|3\n|\n|t:|1695954397\n|switch|p1b: Iron Hands|Iron Hands|100\/100\n|-activate|p1b: Iron Hands|ability: Quark Drive\n|-start|p1b: Iron Hands|quarkdriveatk\n|move|p1a: Zapdos|Volt Switch|p2b: Diancie\n|-damage|p2b: Diancie|80\/100\n|\n|t:|1695954402\n|switch|p1a: Tapu Koko|Tapu Koko|100\/100|[from] Volt Switch\n|move|p2a: Grimmsnarl|Crunch|p1a: Tapu Koko\n|-resisted|p1a: Tapu Koko\n|-damage|p1a: Tapu Koko|84\/100\n|move|p2b: Diancie|Diamond Storm|p1a: Tapu Koko|[spread] p1a,p1b\n|-resisted|p1b: Iron Hands\n|-damage|p1a: Tapu Koko|46\/100\n|-damage|p1b: Iron Hands|93\/100\n|-boost|p2b: Diancie|def|2\n|\n|-heal|p2a: Grimmsnarl|81\/100|[from] item: Leftovers\n|-heal|p2b: Diancie|86\/100|[from] item: Leftovers\n|upkeep\n|turn|4\n|\n|t:|1695954420\n|move|p1b: Iron Hands|Fake Out|p2a: Grimmsnarl\n|-damage|p2a: Grimmsnarl|68\/100\n|move|p1a: Tapu Koko|Thunderbolt|p2b: Diancie\n|-damage|p2b: Diancie|57\/100\n|cant|p2a: Grimmsnarl|flinch\n|move|p2b: Diancie|Diamond Storm|p1a: Tapu Koko|[spread] p1a,p1b\n|-resisted|p1b: Iron Hands\n|-damage|p1a: Tapu Koko|10\/100\n|-damage|p1b: Iron Hands|86\/100\n|-boost|p2b: Diancie|def|2\n|\n|-heal|p2a: Grimmsnarl|75\/100|[from] item: Leftovers\n|-heal|p2b: Diancie|63\/100|[from] item: Leftovers\n|upkeep\n|turn|5\n|\n|t:|1695954446\n|move|p1a: Tapu Koko|Volt Switch|p2b: Diancie\n|-crit|p2b: Diancie\n|-damage|p2b: Diancie|15\/100\n|\n|t:|1695954450\n|switch|p1a: Zapdos|Zapdos|68\/100|[from] Volt Switch\n|move|p2a: Grimmsnarl|Drain Punch|p1a: Zapdos\n|-resisted|p1a: Zapdos\n|-damage|p1a: Zapdos|60\/100\n|-heal|p2a: Grimmsnarl|79\/100|[from] drain|[of] p1a: Zapdos\n|move|p1b: Iron Hands|Drain Punch|p2a: Grimmsnarl\n|-damage|p2a: Grimmsnarl|46\/100\n|-heal|p1b: Iron Hands|97\/100|[from] drain|[of] p2a: Grimmsnarl\n|move|p2b: Diancie|Body Press|p1b: Iron Hands\n|-damage|p1b: Iron Hands|45\/100\n|\n|-heal|p1a: Zapdos|66\/100|[from] item: Leftovers\n|-heal|p2a: Grimmsnarl|52\/100|[from] item: Leftovers\n|-heal|p2b: Diancie|22\/100|[from] item: Leftovers\n|-sideend|p2: Gamer00ooO|move: Light Screen\n|upkeep\n|turn|6\n|\n|t:|1695954473\n|move|p2a: Grimmsnarl|Light Screen|p2a: Grimmsnarl\n|-sidestart|p2: Gamer00ooO|move: Light Screen\n|move|p1a: Zapdos|Thunderbolt|p2b: Diancie\n|-damage|p2b: Diancie|0 fnt\n|faint|p2b: Diancie\n|move|p1b: Iron Hands|Drain Punch|p2a: Grimmsnarl\n|-damage|p2a: Grimmsnarl|20\/100\n|-heal|p1b: Iron Hands|56\/100|[from] drain|[of] p2a: Grimmsnarl\n|\n|-heal|p1a: Zapdos|72\/100|[from] item: Leftovers\n|-heal|p2a: Grimmsnarl|26\/100|[from] item: Leftovers\n|-sideend|p2: Gamer00ooO|Reflect\n|upkeep\n|\n|t:|1695954481\n|switch|p2b: Iron Valiant|Iron Valiant|100\/100\n|-activate|p2b: Iron Valiant|ability: Quark Drive\n|-start|p2b: Iron Valiant|quarkdriveatk\n|turn|7\n|\n|t:|1695954504\n|-end|p1b: Iron Hands|Quark Drive|[silent]\n|switch|p1b: Rotom|Rotom-Wash|100\/100\n|move|p1a: Zapdos|Volt Switch|p2b: Iron Valiant\n|-crit|p2b: Iron Valiant\n|-damage|p2b: Iron Valiant|56\/100\n|\n|t:|1695954511\n|switch|p1a: Manectric|Manectric-Mega, M|45\/100|[from] Volt Switch\n|-ability|p1a: Manectric|Intimidate|boost\n|-unboost|p2a: Grimmsnarl|atk|1\n|-unboost|p2b: Iron Valiant|atk|1\n|move|p2b: Iron Valiant|Spirit Break|p1b: Rotom\n|-damage|p1b: Rotom|75\/100\n|-unboost|p1b: Rotom|spa|1\n|move|p2a: Grimmsnarl|Crunch|p1a: Manectric\n|-damage|p1a: Manectric|20\/100\n|\n|-heal|p1b: Rotom|81\/100|[from] item: Leftovers\n|-heal|p2a: Grimmsnarl|32\/100|[from] item: Leftovers\n|upkeep\n|turn|8\n|\n|t:|1695954533\n|move|p1a: Manectric|Rising Voltage|p2a: Grimmsnarl\n|-hint|Rising Voltage's BP doubled on grounded target.\n|-damage|p2a: Grimmsnarl|0 fnt\n|faint|p2a: Grimmsnarl\n|move|p2b: Iron Valiant|Drain Punch|p1b: Rotom\n|-damage|p1b: Rotom|57\/100\n|-heal|p2b: Iron Valiant|69\/100|[from] drain|[of] p1b: Rotom\n|move|p1b: Rotom|Volt Switch|p2b: Iron Valiant\n|-damage|p2b: Iron Valiant|59\/100\n|\n|t:|1695954545\n|switch|p1b: Raichu|Raichu-Alola, F|100\/100|[from] Volt Switch\n|\n|-fieldend|move: Electric Terrain\n|-end|p2b: Iron Valiant|Quark Drive\n|upkeep\n|\n|t:|1695954549\n|switch|p2a: Klefki|Klefki, M|100\/100\n|-item|p2a: Klefki|Air Balloon\n|turn|9\n|\n|t:|1695954558\n|switch|p1b: Tapu Koko|Tapu Koko|10\/100\n|-fieldstart|move: Electric Terrain|[from] ability: Electric Surge|[of] p1b: Tapu Koko\n|-activate|p2b: Iron Valiant|ability: Quark Drive\n|-start|p2b: Iron Valiant|quarkdrivedef\n|move|p2b: Iron Valiant|Shadow Sneak|p1b: Tapu Koko\n|-damage|p1b: Tapu Koko|0 fnt\n|faint|p1b: Tapu Koko\n|move|p1a: Manectric|Rising Voltage|p2b: Iron Valiant\n|-hint|Rising Voltage's BP doubled on grounded target.\n|-damage|p2b: Iron Valiant|7\/100\n|move|p2a: Klefki|Dazzling Gleam|p1a: Manectric\n|-damage|p1a: Manectric|0 fnt\n|faint|p1a: Manectric\n|\n|upkeep\n|\n|t:|1695954575\n|switch|p1a: Iron Hands|Iron Hands|56\/100\n|switch|p1b: Raichu|Raichu-Alola, F|100\/100\n|-activate|p1a: Iron Hands|ability: Quark Drive\n|-start|p1a: Iron Hands|quarkdriveatk\n|turn|10\n|\n|t:|1695954597\n|move|p1a: Iron Hands|Fake Out|p2b: Iron Valiant\n|-damage|p2b: Iron Valiant|0 fnt\n|faint|p2b: Iron Valiant\n|-end|p2b: Iron Valiant|Quark Drive|[silent]\n|move|p1b: Raichu|Rising Voltage|p2a: Klefki\n|-damage|p2a: Klefki|48\/100\n|-enditem|p2a: Klefki|Air Balloon\n|move|p2a: Klefki|Dazzling Gleam|p1b: Raichu|[spread] p1a,p1b\n|-supereffective|p1a: Iron Hands\n|-damage|p1a: Iron Hands|41\/100\n|-damage|p1b: Raichu|75\/100\n|\n|-sideend|p2: Gamer00ooO|move: Light Screen\n|upkeep\n|\n|t:|1695954607\n|switch|p2b: Azumarill|Azumarill, M|100\/100\n|turn|11\n|\n|t:|1695954620\n|move|p1b: Raichu|Rising Voltage|p2b: Azumarill\n|-hint|Rising Voltage's BP doubled on grounded target.\n|-supereffective|p2b: Azumarill\n|-damage|p2b: Azumarill|0 fnt\n|faint|p2b: Azumarill\n|move|p2a: Klefki|Dazzling Gleam|p1a: Iron Hands|[spread] p1a,p1b\n|-supereffective|p1a: Iron Hands\n|-damage|p1a: Iron Hands|26\/100\n|-damage|p1b: Raichu|49\/100\n|move|p1a: Iron Hands|Wild Charge|p2a: Klefki\n|-damage|p2a: Klefki|0 fnt\n|faint|p2a: Klefki\n|-damage|p1a: Iron Hands|19\/100|[from] Recoil\n|\n|win|Yveltak\n|c|\u2606Yveltak|gg\n","uploadtime":1695954630,"views":8,"p1id":"yveltak","p2id":"gamer00ooo","formatid":"gen9nationaldexdoubles","rating":0,"private":0,"password":""}