{"id":"gen9nationaldexdoubles-1975200066","p1":"ShadowerShadower","p2":"tomturtl","format":"[Gen 9] National Dex Doubles","log":"|j|\u2606ShadowerShadower\n|j|\u2606tomturtl\n|t:|1698169661\n|gametype|doubles\n|player|p1|ShadowerShadower|ghetsis|1013\n|player|p2|tomturtl|n|1016\n|teamsize|p1|6\n|teamsize|p2|6\n|gen|9\n|tier|[Gen 9] National Dex Doubles\n|rated|\n|rule|HP Percentage Mod: HP is shown in percentages\n|rule|Endless Battle Clause: Forcing endless battles is banned\n|rule|OHKO Clause: OHKO moves are banned\n|rule|Evasion Moves Clause: Evasion moves are banned\n|rule|Evasion Abilities Clause: Evasion abilities are banned\n|rule|Species Clause: Limit one of each Pok\u00e9mon\n|rule|Gravity Sleep Clause: The combination of sleep-inducing moves with imperfect accuracy and Gravity or Gigantamax Orbeetle are banned\n|clearpoke\n|poke|p1|Latias, F|\n|poke|p1|Hydreigon, M|\n|poke|p1|Hatterene, F|\n|poke|p1|Ogerpon-Hearthflame, F|\n|poke|p1|Gardevoir, F|\n|poke|p1|Latios, M|\n|poke|p2|Lucario, M|\n|poke|p2|Maushold-Four|\n|poke|p2|Pachirisu, M|\n|poke|p2|Sylveon, M|\n|poke|p2|Togetic, F|\n|poke|p2|Clefairy, F|\n|teampreview\n|c|\u2606ShadowerShadower|cool team\n|inactive|Battle timer is ON: inactive players will automatically lose when time's up. (requested by ShadowerShadower)\n|\n|t:|1698169682\n|start\n|switch|p1a: Latias|Latias, F|100\/100\n|switch|p1b: Hydreigon|Hydreigon, M|100\/100\n|switch|p2a: Lucario|Lucario, M|100\/100\n|switch|p2b: Maushold|Maushold-Four|100\/100\n|turn|1\n|\n|t:|1698169700\n|move|p2b: Maushold|Beat Up|p2a: Lucario\n|-resisted|p2a: Lucario\n|-damage|p2a: Lucario|98\/100\n|-ability|p2a: Lucario|Justified|boost\n|-boost|p2a: Lucario|atk|1\n|-resisted|p2a: Lucario\n|-damage|p2a: Lucario|97\/100\n|-ability|p2a: Lucario|Justified|boost\n|-boost|p2a: Lucario|atk|1\n|-resisted|p2a: Lucario\n|-damage|p2a: Lucario|95\/100\n|-ability|p2a: Lucario|Justified|boost\n|-boost|p2a: Lucario|atk|1\n|-resisted|p2a: Lucario\n|-damage|p2a: Lucario|94\/100\n|-ability|p2a: Lucario|Justified|boost\n|-boost|p2a: Lucario|atk|1\n|-resisted|p2a: Lucario\n|-damage|p2a: Lucario|93\/100\n|-ability|p2a: Lucario|Justified|boost\n|-boost|p2a: Lucario|atk|1\n|-resisted|p2a: Lucario\n|-damage|p2a: Lucario|92\/100\n|-ability|p2a: Lucario|Justified|boost\n|-boost|p2a: Lucario|atk|1\n|-hitcount|p2a: Lucario|6\n|move|p1a: Latias|Heal Pulse|p1b: Hydreigon\n|-fail|p1b: Hydreigon|heal\n|move|p1b: Hydreigon|Substitute|p1b: Hydreigon\n|-start|p1b: Hydreigon|Substitute\n|-damage|p1b: Hydreigon|76\/100\n|move|p2a: Lucario|Trailblaze|p1b: Hydreigon\n|-resisted|p1b: Hydreigon\n|-end|p1b: Hydreigon|Substitute\n|-boost|p2a: Lucario|spe|1\n|\n|upkeep\n|turn|2\n|c|\u2606tomturtl|Ty :)\n|\n|t:|1698169729\n|detailschange|p2a: Lucario|Lucario-Mega, M\n|-mega|p2a: Lucario|Lucario|Lucarionite\n|move|p2b: Maushold|Follow Me|p2b: Maushold\n|-singleturn|p2b: Maushold|move: Follow Me\n|move|p2a: Lucario|Close Combat|p1b: Hydreigon\n|-supereffective|p1b: Hydreigon\n|-damage|p1b: Hydreigon|0 fnt\n|-unboost|p2a: Lucario|def|1\n|-unboost|p2a: Lucario|spd|1\n|faint|p1b: Hydreigon\n|move|p1a: Latias|Heal Pulse|p2b: Maushold\n|-fail|p2b: Maushold|heal\n|\n|upkeep\n|\n|t:|1698169738\n|switch|p1b: Ogerpon|Ogerpon-Hearthflame, F|100\/100\n|-ability|p1b: Ogerpon|Mold Breaker\n|turn|3\n|\n|t:|1698169753\n|-terastallize|p1b: Ogerpon|Fire\n|detailschange|p1b: Ogerpon|Ogerpon-Hearthflame-Tera, F, tera:Fire\n|-ability|p1b: Ogerpon|Embody Aspect (Hearthflame)|boost\n|-boost|p1b: Ogerpon|atk|1\n|move|p2b: Maushold|Follow Me|p2b: Maushold\n|-singleturn|p2b: Maushold|move: Follow Me\n|move|p2a: Lucario|Earthquake|p1a: Latias|[spread] p2b,p1b\n|-immune|p1a: Latias|[from] ability: Levitate\n|-supereffective|p1b: Ogerpon\n|-damage|p2b: Maushold|0 fnt\n|-damage|p1b: Ogerpon|0 fnt\n|faint|p2b: Maushold\n|faint|p1b: Ogerpon\n|move|p1a: Latias|Calm Mind|p1a: Latias\n|-boost|p1a: Latias|spa|1\n|-boost|p1a: Latias|spd|1\n|\n|upkeep\n|c|\u2606ShadowerShadower|interesting strat\n|\n|t:|1698169766\n|switch|p2b: Togetic|Togetic, F|100\/100\n|switch|p1b: Latios|Latios, M|100\/100\n|turn|4\n|c|\u2606ShadowerShadower|might try it later\n|\n|t:|1698169788\n|detailschange|p1b: Latios|Latios-Mega, M\n|-mega|p1b: Latios|Latios|Latiosite\n|move|p2b: Togetic|Follow Me|p2b: Togetic\n|-singleturn|p2b: Togetic|move: Follow Me\n|move|p2a: Lucario|Meteor Mash|p1b: Latios\n|-damage|p1b: Latios|0 fnt\n|faint|p1b: Latios\n|move|p1a: Latias|Calm Mind|p1a: Latias\n|-boost|p1a: Latias|spa|1\n|-boost|p1a: Latias|spd|1\n|\n|upkeep\n|\n|t:|1698169798\n|switch|p1b: Gardevoir|Gardevoir, F|100\/100\n|turn|5\n|\n|t:|1698169810\n|move|p2b: Togetic|Follow Me|p2b: Togetic\n|-singleturn|p2b: Togetic|move: Follow Me\n|move|p2a: Lucario|Meteor Mash|p1a: Latias|[miss]\n|-miss|p2a: Lucario|p1a: Latias\n|move|p1a: Latias|Calm Mind|p1a: Latias\n|-boost|p1a: Latias|spa|1\n|-boost|p1a: Latias|spd|1\n|move|p1b: Gardevoir|Calm Mind|p1b: Gardevoir\n|-boost|p1b: Gardevoir|spa|1\n|-boost|p1b: Gardevoir|spd|1\n|\n|upkeep\n|turn|6\n|\n|t:|1698169822\n|move|p2b: Togetic|Follow Me|p2b: Togetic\n|-singleturn|p2b: Togetic|move: Follow Me\n|move|p2a: Lucario|Meteor Mash|p1a: Latias\n|-damage|p1a: Latias|0 fnt\n|faint|p1a: Latias\n|move|p1b: Gardevoir|Psychic|p2b: Togetic\n|-damage|p2b: Togetic|70\/100\n|\n|upkeep\n|\n|t:|1698169825\n|switch|p1a: Hatterene|Hatterene, F|100\/100\n|turn|7\n|\n|t:|1698169831\n|move|p2b: Togetic|Follow Me|p2b: Togetic\n|-singleturn|p2b: Togetic|move: Follow Me\n|move|p2a: Lucario|Earthquake|p1b: Gardevoir|[spread] p1a,p1b\n|-immune|p2b: Togetic\n|-damage|p1a: Hatterene|0 fnt\n|-damage|p1b: Gardevoir|0 fnt\n|faint|p1a: Hatterene\n|faint|p1b: Gardevoir\n|\n|win|tomturtl\n|raw|ShadowerShadower's rating: 1013 &rarr; <strong>1001<\/strong><br \/>(-12 for losing)\n|raw|tomturtl's rating: 1016 &rarr; <strong>1053<\/strong><br \/>(+37 for winning)\n|c|\u2606ShadowerShadower|alr ggs\n|c|\u2606tomturtl|Ggwp\n|c|\u2606ShadowerShadower|good strat\n|l|\u2606ShadowerShadower\n","uploadtime":1698169852,"views":8,"p1id":"shadowershadower","p2id":"tomturtl","formatid":"gen9nationaldexdoubles","rating":1001,"private":0,"password":""}