{"id":"gen9nationaldexdoubles-1958311393","p1":"Penguin Stylez","p2":"NixonGaming37","format":"[Gen 9] National Dex Doubles","log":"|j|\u2606Penguin Stylez\n|j|\u2606NixonGaming37\n|t:|1696310309\n|gametype|doubles\n|player|p1|Penguin Stylez|102|1070\n|player|p2|NixonGaming37|roughneck-gen4|1142\n|teamsize|p1|6\n|teamsize|p2|6\n|gen|9\n|tier|[Gen 9] National Dex Doubles\n|rated|\n|rule|HP Percentage Mod: HP is shown in percentages\n|rule|Endless Battle Clause: Forcing endless battles is banned\n|rule|OHKO Clause: OHKO moves are banned\n|rule|Evasion Moves Clause: Evasion moves are banned\n|rule|Evasion Abilities Clause: Evasion abilities are banned\n|rule|Species Clause: Limit one of each Pok\u00e9mon\n|rule|Gravity Sleep Clause: The combination of sleep-inducing moves with imperfect accuracy and Gravity or Gigantamax Orbeetle are banned\n|clearpoke\n|poke|p1|Raticate, M|\n|poke|p1|Sinistcha|\n|poke|p1|Dragonite, M|\n|poke|p1|Amoonguss, M|\n|poke|p1|Crawdaunt, M|\n|poke|p1|Indeedee-F, F|\n|poke|p2|Togekiss, F|\n|poke|p2|Muk-Alola, M|\n|poke|p2|Keldeo-Resolute|\n|poke|p2|Lurantis, F|\n|poke|p2|Scizor, F|\n|poke|p2|Cyclizar, M|\n|teampreview\n|j| yiojxdf\n|\n|t:|1696310338\n|start\n|switch|p1a: Amoonguss|Amoonguss, M|100\/100\n|switch|p1b: Dragonite|Dragonite, M|100\/100\n|switch|p2a: Scizor|Scizor, F|100\/100\n|switch|p2b: Keldeo|Keldeo-Resolute|100\/100\n|turn|1\n|\n|t:|1696310360\n|switch|p2b: Togekiss|Togekiss, F|100\/100\n|detailschange|p2a: Scizor|Scizor-Mega, F\n|-mega|p2a: Scizor|Scizor|Scizorite\n|move|p1b: Dragonite|Dragon Dance|p1b: Dragonite\n|-boost|p1b: Dragonite|atk|1\n|-boost|p1b: Dragonite|spe|1\n|move|p2a: Scizor|Bug Bite|p1a: Amoonguss\n|-damage|p1a: Amoonguss|37\/100\n|move|p1a: Amoonguss|Spore|p2b: Togekiss\n|-status|p2b: Togekiss|slp|[from] move: Spore\n|\n|upkeep\n|turn|2\n|\n|t:|1696310398\n|move|p1a: Amoonguss|Protect|p1a: Amoonguss\n|-singleturn|p1a: Amoonguss|Protect\n|move|p1b: Dragonite|Earthquake|p2b: Togekiss|[spread] p2a\n|-activate|p1a: Amoonguss|move: Protect\n|-immune|p2b: Togekiss\n|-damage|p2a: Scizor|67\/100\n|cant|p2b: Togekiss|slp\n|move|p2a: Scizor|Dual Wingbeat|p1b: Dragonite\n|-damage|p1b: Dragonite|86\/100\n|-damage|p1b: Dragonite|60\/100\n|-hitcount|p1b: Dragonite|2\n|\n|upkeep\n|turn|3\n|\n|t:|1696310432\n|move|p1b: Dragonite|Iron Head|p2a: Scizor\n|-resisted|p2a: Scizor\n|-damage|p2a: Scizor|50\/100\n|cant|p2b: Togekiss|slp\n|cant|p2a: Scizor|flinch\n|move|p1a: Amoonguss|Pollen Puff|p1b: Dragonite\n|-heal|p1b: Dragonite|100\/100\n|\n|upkeep\n|turn|4\n|\n|t:|1696310451\n|move|p2a: Scizor|Bullet Punch|p1a: Amoonguss\n|-damage|p1a: Amoonguss|0 fnt\n|faint|p1a: Amoonguss\n|move|p1b: Dragonite|Iron Head|p2b: Togekiss\n|-supereffective|p2b: Togekiss\n|-damage|p2b: Togekiss|0 fnt\n|faint|p2b: Togekiss\n|\n|upkeep\n|\n|t:|1696310461\n|switch|p2b: Cyclizar|Cyclizar, M|100\/100\n|switch|p1a: Indeedee|Indeedee-F, F|100\/100\n|turn|5\n|\n|t:|1696310480\n|move|p1a: Indeedee|Fake Out|p2a: Scizor\n|-resisted|p2a: Scizor\n|-damage|p2a: Scizor|47\/100\n|cant|p2a: Scizor|flinch\n|move|p2b: Cyclizar|Dragon Claw|p1b: Dragonite\n|-supereffective|p1b: Dragonite\n|-damage|p1b: Dragonite|61\/100\n|move|p1b: Dragonite|Dragon Dance|p1b: Dragonite\n|-boost|p1b: Dragonite|atk|1\n|-boost|p1b: Dragonite|spe|1\n|\n|upkeep\n|turn|6\n|\n|t:|1696310527\n|-terastallize|p1b: Dragonite|Steel\n|move|p2b: Cyclizar|Dragon Claw|p1a: Indeedee\n|-crit|p1a: Indeedee\n|-damage|p1a: Indeedee|31\/100\n|move|p1b: Dragonite|Outrage|p2a: Scizor\n|-resisted|p2a: Scizor\n|-damage|p2a: Scizor|0 fnt\n|faint|p2a: Scizor\n|move|p1a: Indeedee|Heal Pulse|p1b: Dragonite\n|-heal|p1b: Dragonite|100\/100\n|\n|upkeep\n|\n|t:|1696310538\n|switch|p2a: Keldeo|Keldeo-Resolute|100\/100\n|turn|7\n|\n|t:|1696310561\n|move|p1a: Indeedee|Follow Me|p1a: Indeedee\n|-singleturn|p1a: Indeedee|move: Follow Me\n|move|p2b: Cyclizar|Dragon Claw|p1a: Indeedee\n|-damage|p1a: Indeedee|0 fnt\n|faint|p1a: Indeedee\n|move|p1b: Dragonite|Outrage|p2a: Keldeo|[from]lockedmove\n|-damage|p2a: Keldeo|0 fnt\n|faint|p2a: Keldeo\n|\n|upkeep\n|-message|NixonGaming37 forfeited.\n|\n|win|Penguin Stylez\n|raw|Penguin Stylez's rating: 1070 &rarr; <strong>1106<\/strong><br \/>(+36 for winning)\n|raw|NixonGaming37's rating: 1142 &rarr; <strong>1112<\/strong><br \/>(-30 for losing)\n|l|\u2606NixonGaming37\n","uploadtime":1696310577,"views":19,"p1id":"penguinstylez","p2id":"nixongaming37","formatid":"gen9nationaldexdoubles","rating":1106,"private":0,"password":""}