{"id":"gen9nationaldexdoubles-1978246893","p1":"conifirous","p2":"Inkubone","format":"[Gen 9] National Dex Doubles","log":"|j|\u2606conifirous\n|j|\u2606Inkubone\n|t:|1698516752\n|gametype|doubles\n|player|p1|conifirous|cheren-gen5bw2|1113\n|player|p2|Inkubone|yellow|1161\n|teamsize|p1|6\n|teamsize|p2|6\n|gen|9\n|tier|[Gen 9] National Dex Doubles\n|rated|\n|rule|HP Percentage Mod: HP is shown in percentages\n|rule|Endless Battle Clause: Forcing endless battles is banned\n|rule|OHKO Clause: OHKO moves are banned\n|rule|Evasion Moves Clause: Evasion moves are banned\n|rule|Evasion Abilities Clause: Evasion abilities are banned\n|rule|Species Clause: Limit one of each Pok\u00e9mon\n|rule|Gravity Sleep Clause: The combination of sleep-inducing moves with imperfect accuracy and Gravity or Gigantamax Orbeetle are banned\n|clearpoke\n|poke|p1|Jirachi|\n|poke|p1|Mismagius, F|\n|poke|p1|Audino, F|\n|poke|p1|Delphox, F|\n|poke|p1|Mienshao, M|\n|poke|p1|Altaria, F|\n|poke|p2|Victini|\n|poke|p2|Audino, F|\n|poke|p2|Slowbro, M|\n|poke|p2|Clefairy, F|\n|poke|p2|Ursaluna, F|\n|poke|p2|Enamorus-Therian, F|\n|teampreview\n|c|\u2606Inkubone|Audio!\n|c|\u2606Inkubone|Audino\n|c|\u2606conifirous|O_O\n|\n|t:|1698516773\n|start\n|switch|p1a: Machiavellian Bach|Jirachi|100\/100\n|switch|p1b: Get mad !!!|Mienshao, M|100\/100\n|switch|p2a: Slowbro|Slowbro, M|100\/100\n|switch|p2b: Enamorus|Enamorus-Therian, F|100\/100\n|turn|1\n|c|\u2606Inkubone|I shall not be mad at someone with audino\n|\n|t:|1698516809\n|move|p1b: Get mad !!!|Fake Out|p2a: Slowbro\n|-damage|p2a: Slowbro|87\/100\n|-damage|p1b: Get mad !!!|91\/100|[from] item: Life Orb\n|move|p1a: Machiavellian Bach|Cosmic Power|p1a: Machiavellian Bach\n|-boost|p1a: Machiavellian Bach|def|1\n|-boost|p1a: Machiavellian Bach|spd|1\n|move|p2b: Enamorus|Mystical Fire|p1a: Machiavellian Bach\n|-supereffective|p1a: Machiavellian Bach\n|-damage|p1a: Machiavellian Bach|70\/100\n|-unboost|p1a: Machiavellian Bach|spa|1\n|cant|p2a: Slowbro|flinch\n|\n|-heal|p1a: Machiavellian Bach|76\/100|[from] item: Leftovers\n|upkeep\n|turn|2\n|\n|t:|1698516839\n|switch|p2b: Victini|Victini|100\/100\n|move|p1b: Get mad !!!|Knock Off|p2a: Slowbro\n|-supereffective|p2a: Slowbro\n|-damage|p2a: Slowbro|15\/100\n|-enditem|p2a: Slowbro|Wiki Berry|[from] move: Knock Off|[of] p1b: Get mad !!!\n|-damage|p1b: Get mad !!!|81\/100|[from] item: Life Orb\n|move|p1a: Machiavellian Bach|Charge Beam|p2b: Victini\n|-damage|p2b: Victini|95\/100\n|-boost|p1a: Machiavellian Bach|spa|1\n|move|p2a: Slowbro|Trick Room|p2a: Slowbro\n|-fieldstart|move: Trick Room|[of] p2a: Slowbro\n|\n|-heal|p2b: Victini|100\/100|[from] item: Leftovers\n|-heal|p1a: Machiavellian Bach|82\/100|[from] item: Leftovers\n|upkeep\n|turn|3\n|\n|t:|1698516881\n|switch|p2a: Enamorus|Enamorus-Therian, F|100\/100\n|switch|p1b: 999|Mismagius, F|100\/100\n|move|p2b: Victini|V-create|p1b: 999\n|-crit|p1b: 999\n|-damage|p1b: 999|0 fnt\n|-unboost|p2b: Victini|spe|1\n|-unboost|p2b: Victini|def|1\n|-unboost|p2b: Victini|spd|1\n|faint|p1b: 999\n|move|p1a: Machiavellian Bach|Baton Pass|p1a: Machiavellian Bach\n|c|\u2606conifirous|wow\n|c|\u2606conifirous|misclick\n|c|\u2606conifirous|: (\n|c|\u2606conifirous|i keep doing that\n|c|\u2606conifirous|uhmm\n|c|\u2606Inkubone|What did you want to do?\n|\n|t:|1698516919\n|switch|p1a: Yes !|Audino, F|100\/100|[from] Baton Pass\n|\n|upkeep\n|c|\u2606conifirous|baton pass to mismagius\n|c|\u2606Inkubone|:D audino!\n|c|\u2606Inkubone|Rip missy\n|\n|t:|1698516954\n|switch|p1b: Get mad !!!|Mienshao, M|81\/100\n|turn|4\n|\n|t:|1698516973\n|switch|p2b: Slowbro|Slowbro, M|48\/100\n|move|p1b: Get mad !!!|Fake Out|p2a: Enamorus\n|-damage|p2a: Enamorus|86\/100\n|-damage|p1b: Get mad !!!|71\/100|[from] item: Life Orb\n|cant|p2a: Enamorus|flinch\n|move|p1a: Yes !|Light Screen|p1a: Yes !\n|-sidestart|p1: conifirous|move: Light Screen\n|\n|upkeep\n|turn|5\n|\n|t:|1698516995\n|switch|p2b: Ursaluna|Ursaluna, F|100\/100\n|move|p2a: Enamorus|Springtide Storm|p1b: Get mad !!!|[spread] p1a,p1b\n|-supereffective|p1b: Get mad !!!\n|-damage|p1a: Yes !|84\/100\n|-damage|p1b: Get mad !!!|0 fnt\n|faint|p1b: Get mad !!!\n|move|p1a: Yes !|Yawn|p2a: Enamorus\n|-start|p2a: Enamorus|move: Yawn|[of] p1a: Yes !\n|\n|-status|p2b: Ursaluna|brn|[from] item: Flame Orb\n|upkeep\n|\n|t:|1698517008\n|switch|p1b: Machiavellian Bach|Jirachi|82\/100\n|turn|6\n|\n|t:|1698517029\n|switch|p2a: Audino|Audino, F|100\/100\n|move|p2b: Ursaluna|High Horsepower|p1b: Machiavellian Bach\n|-supereffective|p1b: Machiavellian Bach\n|-damage|p1b: Machiavellian Bach|0 fnt\n|faint|p1b: Machiavellian Bach\n|move|p1a: Yes !|Blizzard|p2a: Audino|[spread] p2b\n|-miss|p1a: Yes !|p2a: Audino\n|-supereffective|p2b: Ursaluna\n|-damage|p2b: Ursaluna|78\/100 brn\n|\n|-damage|p2b: Ursaluna|72\/100 brn|[from] brn\n|-fieldend|move: Trick Room\n|upkeep\n|\n|t:|1698517051\n|switch|p1b: Lemonade|Delphox, F|100\/100\n|turn|7\n|\n|t:|1698517084\n|move|p1a: Yes !|Helping Hand|p1b: Lemonade\n|-singleturn|p1b: Lemonade|Helping Hand|[of] p1a: Yes !\n|move|p1b: Lemonade|Heat Wave|p2a: Audino|[spread] p2a,p2b\n|-damage|p2a: Audino|42\/100\n|-damage|p2b: Ursaluna|11\/100 brn\n|-damage|p1b: Lemonade|91\/100|[from] item: Life Orb\n|move|p2b: Ursaluna|Rock Slide|p1b: Lemonade|[spread] p1a,p1b\n|-supereffective|p1b: Lemonade\n|-damage|p1a: Yes !|67\/100\n|-damage|p1b: Lemonade|0 fnt\n|faint|p1b: Lemonade\n|move|p2a: Audino|Trick Room|p2a: Audino\n|-fieldstart|move: Trick Room|[of] p2a: Audino\n|\n|-damage|p2b: Ursaluna|5\/100 brn|[from] brn\n|upkeep\n|\n|t:|1698517097\n|switch|p1b: Fluffy|Altaria, F|100\/100\n|turn|8\n|\n|t:|1698517118\n|detailschange|p1b: Fluffy|Altaria-Mega, F\n|-mega|p1b: Fluffy|Altaria|Altarianite\n|move|p2a: Audino|Yawn|p1a: Yes !\n|-start|p1a: Yes !|move: Yawn|[of] p2a: Audino\n|move|p2b: Ursaluna|Facade|p1b: Fluffy\n|-damage|p1b: Fluffy|0 fnt\n|faint|p1b: Fluffy\n|move|p1a: Yes !|Blizzard|p2b: Ursaluna|[spread] p2a,p2b\n|-supereffective|p2b: Ursaluna\n|-damage|p2a: Audino|32\/100\n|-damage|p2b: Ursaluna|0 fnt\n|faint|p2b: Ursaluna\n|\n|-sideend|p1: conifirous|move: Light Screen\n|upkeep\n|\n|t:|1698517139\n|switch|p2b: Victini|Victini|100\/100\n|turn|9\n|\n|t:|1698517160\n|-terastallize|p1a: Yes !|Normal\n|move|p2a: Audino|Hyper Voice|p1a: Yes !\n|-damage|p1a: Yes !|48\/100\n|move|p1a: Yes !|Blizzard|p2b: Victini|[spread] p2a,p2b\n|-resisted|p2b: Victini\n|-damage|p2a: Audino|19\/100\n|-damage|p2b: Victini|96\/100\n|-enditem|p2a: Audino|Aguav Berry|[eat]\n|-heal|p2a: Audino|52\/100|[from] item: Aguav Berry\n|move|p2b: Victini|V-create|p1a: Yes !\n|-damage|p1a: Yes !|10\/100\n|-unboost|p2b: Victini|spe|1\n|-unboost|p2b: Victini|def|1\n|-unboost|p2b: Victini|spd|1\n|-damage|p2b: Victini|79\/100|[from] item: Rocky Helmet|[of] p1a: Yes !\n|\n|-heal|p2b: Victini|85\/100|[from] item: Leftovers\n|-end|p1a: Yes !|move: Yawn|[silent]\n|-status|p1a: Yes !|slp\n|upkeep\n|turn|10\n|\n|t:|1698517180\n|switch|p2b: Clefairy|Clefairy, F|100\/100\n|-terastallize|p2a: Audino|Normal\n|move|p2a: Audino|Hyper Voice|p1a: Yes !\n|-damage|p1a: Yes !|0 fnt\n|faint|p1a: Yes !\n|\n|win|Inkubone\n|raw|conifirous's rating: 1113 &rarr; <strong>1091<\/strong><br \/>(-22 for losing)\n|raw|Inkubone's rating: 1161 &rarr; <strong>1183<\/strong><br \/>(+22 for winning)\n|c|\u2606Inkubone|Gg\n|c|\u2606conifirous|hyper voice better probably\n|c|\u2606Inkubone|Yep\n|l|\u2606conifirous\n|c|\u2606Inkubone|Mine is full on support though\n|j|\u2606conifirous\n|player|p1|conifirous|cheren-gen5bw2\n|l|\u2606Inkubone\n|c|\u2606conifirous|oh\n","uploadtime":1698517224,"views":15,"p1id":"conifirous","p2id":"inkubone","formatid":"gen9nationaldexdoubles","rating":1091,"private":0,"password":""}