{"id":"gen9nationaldexdoubles-1953228358","p1":"dsadcdw ad","p2":"Danke95","format":"[Gen 9] National Dex Doubles","log":"|j|\u2606dsadcdw ad\n|j|\u2606Danke95\n|t:|1695764882\n|gametype|doubles\n|player|p1|dsadcdw ad|169|1160\n|player|p2|Danke95|workerice|1188\n|teamsize|p1|6\n|teamsize|p2|6\n|gen|9\n|tier|[Gen 9] National Dex Doubles\n|rated|\n|rule|HP Percentage Mod: HP is shown in percentages\n|rule|Endless Battle Clause: Forcing endless battles is banned\n|rule|OHKO Clause: OHKO moves are banned\n|rule|Evasion Moves Clause: Evasion moves are banned\n|rule|Evasion Abilities Clause: Evasion abilities are banned\n|rule|Species Clause: Limit one of each Pok\u00e9mon\n|rule|Gravity Sleep Clause: The combination of sleep-inducing moves with imperfect accuracy and Gravity or Gigantamax Orbeetle are banned\n|clearpoke\n|poke|p1|Moltres-Galar|\n|poke|p1|Incineroar, F|\n|poke|p1|Regieleki|\n|poke|p1|Regigigas|\n|poke|p1|Weezing, M|\n|poke|p1|Landorus-Therian, M|\n|poke|p2|Skeledirge, F|\n|poke|p2|Espathra, F|\n|poke|p2|Flamigo, M|\n|poke|p2|Clefable, F|\n|poke|p2|Scovillain, F|\n|poke|p2|Garganacl, F|\n|teampreview\n|inactive|Battle timer is ON: inactive players will automatically lose when time's up. (requested by dsadcdw ad)\n|\n|t:|1695764896\n|start\n|switch|p1a: Regieleki|Regieleki, shiny|100\/100\n|switch|p1b: Incineroar|Incineroar, F, shiny|100\/100\n|switch|p2a: Clefable|Clefable, F|100\/100\n|switch|p2b: Garganacl|Garganacl, F|100\/100\n|-ability|p1b: Incineroar|Intimidate|boost\n|-unboost|p2a: Clefable|atk|1\n|-unboost|p2b: Garganacl|atk|1\n|turn|1\n|\n|t:|1695764919\n|move|p1b: Incineroar|Fake Out|p2b: Garganacl\n|-resisted|p2b: Garganacl\n|-damage|p2b: Garganacl|98\/100\n|move|p1a: Regieleki|Light Screen|p1a: Regieleki\n|-sidestart|p1: dsadcdw ad|move: Light Screen\n|move|p2a: Clefable|Calm Mind|p2a: Clefable\n|-boost|p2a: Clefable|spa|1\n|-boost|p2a: Clefable|spd|1\n|cant|p2b: Garganacl|flinch\n|\n|-heal|p2b: Garganacl|100\/100|[from] item: Leftovers\n|upkeep\n|turn|2\n|inactive|dsadcdw ad has 120 seconds left.\n|\n|t:|1695764950\n|move|p1a: Regieleki|Reflect|p1a: Regieleki\n|-sidestart|p1: dsadcdw ad|Reflect\n|move|p1b: Incineroar|Parting Shot|p2a: Clefable\n|-unboost|p2a: Clefable|atk|1\n|-unboost|p2a: Clefable|spa|1\n|\n|t:|1695764954\n|switch|p1b: Regigigas|Regigigas|100\/100|[from] Parting Shot\n|-start|p1b: Regigigas|ability: Slow Start\n|move|p2a: Clefable|Draining Kiss|p1b: Regigigas\n|-damage|p1b: Regigigas|90\/100\n|move|p2b: Garganacl|Body Press|p1b: Regigigas\n|-supereffective|p1b: Regigigas\n|-damage|p1b: Regigigas|57\/100\n|\n|upkeep\n|turn|3\n|\n|t:|1695764977\n|switch|p1a: Weezing|Weezing, M, shiny|100\/100\n|-ability|p1a: Weezing|Neutralizing Gas\n|-end|p1b: Regigigas|Slow Start|[silent]\n|move|p2a: Clefable|Follow Me|p2a: Clefable\n|-singleturn|p2a: Clefable|move: Follow Me\n|move|p1b: Regigigas|Drain Punch|p2a: Clefable\n|-resisted|p2a: Clefable\n|-damage|p2a: Clefable|78\/100\n|-heal|p1b: Regigigas|69\/100|[from] drain|[of] p2a: Clefable\n|-damage|p1b: Regigigas|59\/100|[from] item: Life Orb\n|move|p2b: Garganacl|Body Press|p1b: Regigigas\n|-supereffective|p1b: Regigigas\n|-damage|p1b: Regigigas|22\/100\n|\n|upkeep\n|turn|4\n|\n|t:|1695764997\n|-end|p1b: Regigigas|Slow Start|[silent]\n|switch|p1b: Landorus|Landorus-Therian, M|100\/100\n|move|p1a: Weezing|Taunt|p2a: Clefable\n|-start|p2a: Clefable|move: Taunt\n|move|p2a: Clefable|Draining Kiss|p1b: Landorus\n|-damage|p1b: Landorus|90\/100\n|-heal|p2a: Clefable|84\/100|[from] drain|[of] p1b: Landorus\n|move|p2b: Garganacl|Body Press|p1b: Landorus\n|-resisted|p1b: Landorus\n|-damage|p1b: Landorus|78\/100\n|\n|upkeep\n|turn|5\n|\n|t:|1695765021\n|move|p1a: Weezing|Protect|p1a: Weezing\n|-singleturn|p1a: Weezing|Protect\n|move|p1b: Landorus|Earthquake|p2b: Garganacl|[spread] p2a,p2b\n|-activate|p1a: Weezing|move: Protect\n|-supereffective|p2b: Garganacl\n|-damage|p2a: Clefable|33\/100\n|-damage|p2b: Garganacl|57\/100\n|move|p2a: Clefable|Thunderbolt|p1a: Weezing\n|-activate|p1a: Weezing|move: Protect\n|move|p2b: Garganacl|Salt Cure|p1b: Landorus\n|-damage|p1b: Landorus|70\/100\n|-start|p1b: Landorus|Salt Cure\n|\n|-heal|p2b: Garganacl|64\/100|[from] item: Leftovers\n|-damage|p1b: Landorus|58\/100|[from] Salt Cure\n|upkeep\n|turn|6\n|\n|t:|1695765049\n|move|p2b: Garganacl|Wide Guard|p2b: Garganacl\n|-singleturn|p2b: Garganacl|Wide Guard\n|move|p1b: Landorus|U-turn|p2b: Garganacl\n|-damage|p2b: Garganacl|49\/100\n|\n|t:|1695765058\n|switch|p1b: Regigigas|Regigigas|22\/100|[from] U-turn\n|move|p1a: Weezing|Sludge Bomb|p2a: Clefable\n|-supereffective|p2a: Clefable\n|-damage|p2a: Clefable|8\/100\n|-enditem|p2a: Clefable|Wiki Berry|[eat]\n|-heal|p2a: Clefable|42\/100|[from] item: Wiki Berry\n|move|p2a: Clefable|Thunderbolt|p1a: Weezing\n|-damage|p1a: Weezing|87\/100\n|\n|-heal|p2b: Garganacl|56\/100|[from] item: Leftovers\n|-end|p2a: Clefable|move: Taunt\n|upkeep\n|turn|7\n|\n|t:|1695765083\n|-end|p1b: Regigigas|Slow Start|[silent]\n|switch|p1b: Landorus|Landorus-Therian, M|58\/100\n|move|p1a: Weezing|Sludge Bomb|p2a: Clefable\n|-supereffective|p2a: Clefable\n|-damage|p2a: Clefable|17\/100\n|move|p2a: Clefable|Draining Kiss|p1b: Landorus\n|-damage|p1b: Landorus|47\/100\n|-heal|p2a: Clefable|24\/100|[from] drain|[of] p1b: Landorus\n|move|p2b: Garganacl|Body Press|p1b: Landorus\n|-resisted|p1b: Landorus\n|-damage|p1b: Landorus|36\/100\n|\n|-heal|p2b: Garganacl|62\/100|[from] item: Leftovers\n|upkeep\n|turn|8\n|inactive|Danke95 has 120 seconds left.\n|inactive|Danke95 has 90 seconds left.\n|\n|t:|1695765147\n|move|p1a: Weezing|Protect|p1a: Weezing\n|-singleturn|p1a: Weezing|Protect\n|move|p1b: Landorus|Fly||[still]\n|-prepare|p1b: Landorus|Fly\n|move|p2a: Clefable|Draining Kiss|p1b: Landorus|[miss]\n|-miss|p2a: Clefable|p1b: Landorus\n|move|p2b: Garganacl|Body Press|p1b: Landorus|[miss]\n|-miss|p2b: Garganacl|p1b: Landorus\n|\n|-heal|p2b: Garganacl|68\/100|[from] item: Leftovers\n|-sideend|p1: dsadcdw ad|move: Light Screen\n|upkeep\n|turn|9\n|\n|t:|1695765170\n|move|p2a: Clefable|Follow Me|p2a: Clefable\n|-singleturn|p2a: Clefable|move: Follow Me\n|move|p1b: Landorus|Fly|p2a: Clefable|[from]lockedmove\n|-damage|p2a: Clefable|0 fnt\n|faint|p2a: Clefable\n|move|p1a: Weezing|Will-O-Wisp|p2b: Garganacl\n|-status|p2b: Garganacl|brn\n|move|p2b: Garganacl|Body Press|p1a: Weezing\n|-resisted|p1a: Weezing\n|-damage|p1a: Weezing|83\/100\n|\n|-heal|p2b: Garganacl|74\/100 brn|[from] item: Leftovers\n|-damage|p2b: Garganacl|68\/100 brn|[from] brn\n|-sideend|p1: dsadcdw ad|Reflect\n|upkeep\n|inactive|Danke95 has 90 seconds left.\n|\n|t:|1695765202\n|switch|p2a: Espathra|Espathra, F|100\/100\n|turn|10\n|inactive|Danke95 has 90 seconds left.\n|inactive|dsadcdw ad has 120 seconds left.\n|\n|t:|1695765236\n|move|p1b: Landorus|Rock Slide|p2b: Garganacl|[spread] p2a,p2b\n|-damage|p2a: Espathra|70\/100\n|-damage|p2b: Garganacl|56\/100 brn\n|move|p2a: Espathra|Calm Mind|p2a: Espathra\n|-boost|p2a: Espathra|spa|1\n|-boost|p2a: Espathra|spd|1\n|move|p1a: Weezing|Taunt|p2a: Espathra\n|-start|p2a: Espathra|move: Taunt\n|move|p2b: Garganacl|Salt Cure|p1a: Weezing\n|-damage|p1a: Weezing|79\/100\n|-start|p1a: Weezing|Salt Cure\n|\n|-heal|p2b: Garganacl|63\/100 brn|[from] item: Leftovers\n|-damage|p2b: Garganacl|56\/100 brn|[from] brn\n|-damage|p1a: Weezing|66\/100|[from] Salt Cure\n|upkeep\n|turn|11\n|inactive|Danke95 has 90 seconds left.\n|\n|t:|1695765270\n|move|p1b: Landorus|U-turn|p2a: Espathra\n|-supereffective|p2a: Espathra\n|-damage|p2a: Espathra|0 fnt\n|faint|p2a: Espathra\n|\n|t:|1695765276\n|switch|p1b: Regigigas|Regigigas|22\/100|[from] U-turn\n|move|p1a: Weezing|Sludge Bomb|p2b: Garganacl\n|-resisted|p2b: Garganacl\n|-damage|p2b: Garganacl|44\/100 brn\n|move|p2b: Garganacl|Salt Cure|p1b: Regigigas\n|-damage|p1b: Regigigas|18\/100\n|-start|p1b: Regigigas|Salt Cure\n|\n|-heal|p2b: Garganacl|50\/100 brn|[from] item: Leftovers\n|-damage|p2b: Garganacl|44\/100 brn|[from] brn\n|-damage|p1b: Regigigas|6\/100|[from] Salt Cure\n|-damage|p1a: Weezing|54\/100|[from] Salt Cure\n|upkeep\n|\n|t:|1695765295\n|switch|p2a: Scovillain|Scovillain, F|100\/100\n|turn|12\n|inactive|Danke95 has 90 seconds left.\n|\n|t:|1695765315\n|move|p1a: Weezing|Protect|p1a: Weezing\n|-singleturn|p1a: Weezing|Protect\n|move|p1b: Regigigas|Drain Punch|p2b: Garganacl\n|-supereffective|p2b: Garganacl\n|-damage|p2b: Garganacl|3\/100 brn\n|-heal|p1b: Regigigas|28\/100|[from] drain|[of] p2b: Garganacl\n|-damage|p1b: Regigigas|19\/100|[from] item: Life Orb\n|move|p2a: Scovillain|Leech Seed|p1a: Weezing\n|-activate|p1a: Weezing|move: Protect\n|move|p2b: Garganacl|Body Press|p1a: Weezing\n|-activate|p1a: Weezing|move: Protect\n|\n|-heal|p2b: Garganacl|9\/100 brn|[from] item: Leftovers\n|-damage|p2b: Garganacl|3\/100 brn|[from] brn\n|-damage|p1b: Regigigas|6\/100|[from] Salt Cure\n|-damage|p1a: Weezing|42\/100|[from] Salt Cure\n|upkeep\n|turn|13\n|inactive|Danke95 has 90 seconds left.\n|\n|t:|1695765354\n|move|p1b: Regigigas|Drain Punch|p2a: Scovillain\n|-damage|p2a: Scovillain|42\/100\n|-heal|p1b: Regigigas|33\/100|[from] drain|[of] p2a: Scovillain\n|-damage|p1b: Regigigas|23\/100|[from] item: Life Orb\n|move|p2a: Scovillain|Flamethrower|p1a: Weezing\n|-damage|p1a: Weezing|8\/100\n|move|p1a: Weezing|Taunt|p2a: Scovillain\n|-start|p2a: Scovillain|move: Taunt\n|move|p2b: Garganacl|Body Press|p1b: Regigigas\n|-supereffective|p1b: Regigigas\n|-damage|p1b: Regigigas|0 fnt\n|faint|p1b: Regigigas\n|-end|p1b: Regigigas|Slow Start|[silent]\n|\n|-heal|p2b: Garganacl|9\/100 brn|[from] item: Leftovers\n|-damage|p2b: Garganacl|3\/100 brn|[from] brn\n|-damage|p1a: Weezing|0 fnt|[from] Salt Cure\n|faint|p1a: Weezing\n|-end|p1a: Weezing|ability: Neutralizing Gas\n|-ability|p2a: Scovillain|Moody|boost\n|-boost|p2a: Scovillain|spe|2\n|-unboost|p2a: Scovillain|spa|1\n|upkeep\n|inactive|dsadcdw ad has 120 seconds left.\n|\n|t:|1695765379\n|switch|p1b: Landorus|Landorus-Therian, M|36\/100\n|switch|p1a: Regieleki|Regieleki, shiny|100\/100\n|-ability|p1b: Landorus|Intimidate|boost\n|-unboost|p2a: Scovillain|atk|1\n|-unboost|p2b: Garganacl|atk|1\n|turn|14\n|inactive|Danke95 has 90 seconds left.\n|\n|t:|1695765399\n|move|p1a: Regieleki|Light Screen|p1a: Regieleki\n|-sidestart|p1: dsadcdw ad|move: Light Screen\n|move|p2a: Scovillain|Giga Drain|p1b: Landorus\n|-damage|p1b: Landorus|26\/100\n|-heal|p2a: Scovillain|48\/100|[from] drain|[of] p1b: Landorus\n|move|p1b: Landorus|U-turn|p2b: Garganacl\n|-damage|p2b: Garganacl|0 fnt\n|faint|p2b: Garganacl\n|\n|t:|1695765407\n|switch|p1b: Incineroar|Incineroar, F, shiny|100\/100|[from] U-turn\n|-ability|p1b: Incineroar|Intimidate|boost\n|-unboost|p2a: Scovillain|atk|1\n|\n|-ability|p2a: Scovillain|Moody|boost\n|-boost|p2a: Scovillain|spe|2\n|-unboost|p2a: Scovillain|def|1\n|upkeep\n|inactive|Danke95 has 90 seconds left.\n|\n|t:|1695765418\n|switch|p2b: Skeledirge|Skeledirge, F|100\/100\n|turn|15\n|\n|t:|1695765437\n|move|p1b: Incineroar|Fake Out|p2a: Scovillain\n|-damage|p2a: Scovillain|26\/100\n|cant|p2a: Scovillain|flinch\n|move|p1a: Regieleki|Electroweb|p2b: Skeledirge|[spread] p2a,p2b\n|-resisted|p2a: Scovillain\n|-damage|p2a: Scovillain|15\/100\n|-damage|p2b: Skeledirge|84\/100\n|-unboost|p2a: Scovillain|spe|1\n|-unboost|p2b: Skeledirge|spe|1\n|move|p2b: Skeledirge|Torch Song|p1a: Regieleki\n|-damage|p1a: Regieleki|51\/100\n|-boost|p2b: Skeledirge|spa|1\n|\n|-ability|p2a: Scovillain|Moody|boost\n|-boost|p2a: Scovillain|spe|2\n|-unboost|p2a: Scovillain|atk|1\n|upkeep\n|turn|16\n|\n|t:|1695765452\n|move|p2a: Scovillain|Giga Drain|p1a: Regieleki\n|-damage|p1a: Regieleki|26\/100\n|-heal|p2a: Scovillain|30\/100|[from] drain|[of] p1a: Regieleki\n|move|p1a: Regieleki|Electroweb|p2b: Skeledirge|[spread] p2a,p2b\n|-resisted|p2a: Scovillain\n|-damage|p2a: Scovillain|20\/100\n|-damage|p2b: Skeledirge|68\/100\n|-unboost|p2a: Scovillain|spe|1\n|-unboost|p2b: Skeledirge|spe|1\n|move|p1b: Incineroar|Parting Shot|p2b: Skeledirge\n|-unboost|p2b: Skeledirge|atk|1\n|-unboost|p2b: Skeledirge|spa|1\n|\n|t:|1695765464\n|switch|p1b: Landorus|Landorus-Therian, M|26\/100|[from] Parting Shot\n|-ability|p1b: Landorus|Intimidate|boost\n|-unboost|p2a: Scovillain|atk|1\n|-unboost|p2b: Skeledirge|atk|1\n|move|p2b: Skeledirge|Torch Song|p1a: Regieleki\n|-damage|p1a: Regieleki|0 fnt\n|-boost|p2b: Skeledirge|spa|1\n|faint|p1a: Regieleki\n|\n|-end|p2a: Scovillain|move: Taunt\n|-ability|p2a: Scovillain|Moody|boost\n|-boost|p2a: Scovillain|spd|2\n|-unboost|p2a: Scovillain|spe|1\n|upkeep\n|\n|t:|1695765471\n|switch|p1a: Incineroar|Incineroar, F, shiny|100\/100\n|-ability|p1a: Incineroar|Intimidate|boost\n|-unboost|p2a: Scovillain|atk|1\n|-unboost|p2b: Skeledirge|atk|1\n|turn|17\n|inactive|Danke95 has 120 seconds left.\n|\n|t:|1695765497\n|move|p2a: Scovillain|Protect|p2a: Scovillain\n|-singleturn|p2a: Scovillain|Protect\n|move|p1a: Incineroar|Fake Out|p2a: Scovillain\n|-activate|p2a: Scovillain|move: Protect\n|move|p1b: Landorus|U-turn|p2a: Scovillain\n|-activate|p2a: Scovillain|move: Protect\n|move|p2b: Skeledirge|Earth Power|p1a: Incineroar\n|-supereffective|p1a: Incineroar\n|-damage|p1a: Incineroar|57\/100\n|\n|-ability|p2a: Scovillain|Moody|boost\n|-boost|p2a: Scovillain|spa|2\n|-unboost|p2a: Scovillain|def|1\n|upkeep\n|turn|18\n|\n|t:|1695765520\n|move|p2a: Scovillain|Giga Drain|p1b: Landorus\n|-damage|p1b: Landorus|1\/100\n|-heal|p2a: Scovillain|36\/100|[from] drain|[of] p1b: Landorus\n|move|p1b: Landorus|U-turn|p2a: Scovillain\n|-damage|p2a: Scovillain|0 fnt\n|faint|p2a: Scovillain\n|\n|t:|1695765527\n|switch|p1b: Moltres|Moltres-Galar|100\/100|[from] U-turn\n|move|p1a: Incineroar|Parting Shot|p2b: Skeledirge\n|-unboost|p2b: Skeledirge|atk|1\n|-unboost|p2b: Skeledirge|spa|1\n|\n|t:|1695765533\n|switch|p1a: Landorus|Landorus-Therian, M|1\/100|[from] Parting Shot\n|-ability|p1a: Landorus|Intimidate|boost\n|-unboost|p2b: Skeledirge|atk|1\n|move|p2b: Skeledirge|Hyper Voice|p1a: Landorus|[spread] p1a,p1b\n|-damage|p1a: Landorus|0 fnt\n|-damage|p1b: Moltres|88\/100\n|faint|p1a: Landorus\n|\n|upkeep\n|\n|t:|1695765543\n|switch|p1a: Incineroar|Incineroar, F, shiny|57\/100\n|switch|p2a: Flamigo|Flamigo, M|100\/100\n|-copyboost|p2a: Flamigo|p2b: Skeledirge|[from] ability: Costar\n|-ability|p1a: Incineroar|Intimidate|boost\n|-unboost|p2a: Flamigo|atk|1\n|-unboost|p2b: Skeledirge|atk|1\n|turn|19\n|\n|t:|1695765561\n|-terastallize|p2a: Flamigo|Fighting\n|move|p1a: Incineroar|Fake Out|p2a: Flamigo\n|-damage|p2a: Flamigo|85\/100\n|move|p1b: Moltres|Air Slash|p2a: Flamigo\n|-supereffective|p2a: Flamigo\n|-damage|p2a: Flamigo|0 fnt\n|faint|p2a: Flamigo\n|move|p2b: Skeledirge|Torch Song|p1b: Moltres\n|-damage|p1b: Moltres|66\/100\n|-boost|p2b: Skeledirge|spa|1\n|\n|upkeep\n|turn|20\n|\n|t:|1695765581\n|move|p1b: Moltres|Nasty Plot|p1b: Moltres\n|-boost|p1b: Moltres|spa|2\n|move|p1a: Incineroar|Parting Shot|p2b: Skeledirge\n|-unboost|p2b: Skeledirge|atk|0\n|-unboost|p2b: Skeledirge|spa|1\n|move|p2b: Skeledirge|Torch Song|p1b: Moltres\n|-damage|p1b: Moltres|42\/100\n|-boost|p2b: Skeledirge|spa|1\n|-ability|p1b: Moltres|Berserk|boost\n|-boost|p1b: Moltres|spa|1\n|\n|upkeep\n|turn|21\n|\n|t:|1695765597\n|move|p1b: Moltres|Nasty Plot|p1b: Moltres\n|-boost|p1b: Moltres|spa|2\n|move|p1a: Incineroar|Parting Shot|p2b: Skeledirge\n|-unboost|p2b: Skeledirge|atk|0\n|-unboost|p2b: Skeledirge|spa|1\n|move|p2b: Skeledirge|Torch Song|p1b: Moltres\n|-damage|p1b: Moltres|19\/100\n|-boost|p2b: Skeledirge|spa|1\n|\n|-sideend|p1: dsadcdw ad|move: Light Screen\n|upkeep\n|turn|22\n|\n|t:|1695765626\n|move|p1b: Moltres|Fiery Wrath|p2b: Skeledirge\n|-supereffective|p2b: Skeledirge\n|-damage|p2b: Skeledirge|14\/100\n|move|p1a: Incineroar|Parting Shot|p2b: Skeledirge\n|-unboost|p2b: Skeledirge|atk|0\n|-unboost|p2b: Skeledirge|spa|1\n|move|p2b: Skeledirge|Torch Song|p1b: Moltres\n|-damage|p1b: Moltres|0 fnt\n|-boost|p2b: Skeledirge|spa|1\n|faint|p1b: Moltres\n|\n|upkeep\n|turn|23\n|\n|t:|1695765646\n|move|p1a: Incineroar|Darkest Lariat|p2b: Skeledirge\n|-supereffective|p2b: Skeledirge\n|-damage|p2b: Skeledirge|0 fnt\n|faint|p2b: Skeledirge\n|\n|win|dsadcdw ad\n|raw|dsadcdw ad's rating: 1160 &rarr; <strong>1187<\/strong><br \/>(+27 for winning)\n|raw|Danke95's rating: 1188 &rarr; <strong>1161<\/strong><br \/>(-27 for losing)\n|l|\u2606Danke95\n","uploadtime":1695765656,"views":17,"p1id":"dsadcdwad","p2id":"danke95","formatid":"gen9nationaldexdoubles","rating":1161,"private":0,"password":""}