{"id":"gen9nationaldexdoubles-1979284536","p1":"lost goal 56","p2":"knightgem","format":"[Gen 9] National Dex Doubles","log":"|j|\u2606lost goal 56\n|j|\u2606knightgem\n|t:|1698666298\n|gametype|doubles\n|player|p1|lost goal 56|169|1219\n|player|p2|knightgem|#knightgem|1230\n|teamsize|p1|6\n|teamsize|p2|6\n|gen|9\n|tier|[Gen 9] National Dex Doubles\n|rated|\n|rule|HP Percentage Mod: HP is shown in percentages\n|rule|Endless Battle Clause: Forcing endless battles is banned\n|rule|OHKO Clause: OHKO moves are banned\n|rule|Evasion Moves Clause: Evasion moves are banned\n|rule|Evasion Abilities Clause: Evasion abilities are banned\n|rule|Species Clause: Limit one of each Pok\u00e9mon\n|rule|Gravity Sleep Clause: The combination of sleep-inducing moves with imperfect accuracy and Gravity or Gigantamax Orbeetle are banned\n|clearpoke\n|poke|p1|Clefairy, M|\n|poke|p1|Ting-Lu|\n|poke|p1|Wo-Chien|\n|poke|p1|Gothitelle, F|\n|poke|p1|Sinistcha-Masterpiece|\n|poke|p1|Kommo-o, M|\n|poke|p2|Primarina, F|\n|poke|p2|Skeledirge, M|\n|poke|p2|Rillaboom, M|\n|poke|p2|Toxtricity, M|\n|poke|p2|Kommo-o, F|\n|poke|p2|Clefairy, M|\n|teampreview\n|inactive|Battle timer is ON: inactive players will automatically lose when time's up. (requested by knightgem)\n|inactive|lost goal 56 also wants the timer to be on.\n|c|\u2606knightgem|Oh? Same strat?\n|\n|t:|1698666310\n|start\n|switch|p1a: Clefairy|Clefairy, M|100\/100\n|switch|p1b: Kommo-o|Kommo-o, M|100\/100\n|switch|p2a: Timpani|Kommo-o, F|100\/100\n|switch|p2b: Conductor|Clefairy, M|100\/100\n|turn|1\n|c|\u2606lost goal 56|yeah\n|c|\u2606knightgem|Lol\n|\n|t:|1698666332\n|-terastallize|p2a: Timpani|Steel\n|move|p1a: Clefairy|Follow Me|p1a: Clefairy\n|-singleturn|p1a: Clefairy|move: Follow Me\n|move|p2b: Conductor|Follow Me|p2b: Conductor\n|-singleturn|p2b: Conductor|move: Follow Me\n|move|p1b: Kommo-o|Clangorous Soul|p1b: Kommo-o\n|-boost|p1b: Kommo-o|atk|1\n|-boost|p1b: Kommo-o|def|1\n|-boost|p1b: Kommo-o|spa|1\n|-boost|p1b: Kommo-o|spd|1\n|-boost|p1b: Kommo-o|spe|1\n|-damage|p1b: Kommo-o|68\/100\n|-enditem|p1b: Kommo-o|Throat Spray\n|-boost|p1b: Kommo-o|spa|1|[from] item: Throat Spray\n|move|p2a: Timpani|Substitute|p2a: Timpani\n|-start|p2a: Timpani|Substitute\n|-damage|p2a: Timpani|75\/100\n|\n|upkeep\n|turn|2\n|c|\u2606knightgem|Oh maybe not\n|\n|t:|1698666355\n|move|p2b: Conductor|Ally Switch|p2b: Conductor\n|swap|p2b: Conductor|0|[from] move: Ally Switch\n|move|p1a: Clefairy|Follow Me|p1a: Clefairy\n|-singleturn|p1a: Clefairy|move: Follow Me\n|move|p1b: Kommo-o|Flamethrower|p2a: Conductor\n|-damage|p2a: Conductor|63\/100\n|move|p2b: Timpani|Belly Drum|p2b: Timpani\n|-damage|p2b: Timpani|25\/100\n|-setboost|p2b: Timpani|atk|6|[from] move: Belly Drum\n|-enditem|p2b: Timpani|Salac Berry|[eat]\n|-boost|p2b: Timpani|spe|1|[from] item: Salac Berry\n|\n|upkeep\n|turn|3\n|c|\u2606lost goal 56|ok way diffrent\n|\n|t:|1698666379\n|-terastallize|p1b: Kommo-o|Steel\n|move|p1a: Clefairy|Follow Me|p1a: Clefairy\n|-singleturn|p1a: Clefairy|move: Follow Me\n|move|p2a: Conductor|Follow Me|p2a: Conductor\n|-singleturn|p2a: Conductor|move: Follow Me\n|move|p1b: Kommo-o|Clanging Scales|p2a: Conductor|[spread] \n|-immune|p2b: Timpani|[from] ability: Soundproof\n|-immune|p2a: Conductor\n|move|p2b: Timpani|Iron Head|p1a: Clefairy\n|-supereffective|p1a: Clefairy\n|-damage|p1a: Clefairy|0 fnt\n|faint|p1a: Clefairy\n|\n|upkeep\n|inactive|lost goal 56 has 120 seconds left.\n|\n|t:|1698666399\n|switch|p1a: Sinistcha|Sinistcha-Masterpiece|100\/100\n|-heal|p1b: Kommo-o|92\/100|[from] ability: Hospitality|[of] p1a: Sinistcha\n|turn|4\n|c|\u2606knightgem|Still, real recognizes real\n|\n|t:|1698666410\n|move|p2a: Conductor|Follow Me|p2a: Conductor\n|-singleturn|p2a: Conductor|move: Follow Me\n|move|p1b: Kommo-o|Flamethrower|p2a: Conductor\n|-damage|p2a: Conductor|28\/100\n|move|p2b: Timpani|Drain Punch|p1b: Kommo-o\n|-supereffective|p1b: Kommo-o\n|-damage|p1b: Kommo-o|0 fnt\n|-heal|p2b: Timpani|71\/100|[from] drain|[of] p1b: Kommo-o\n|faint|p1b: Kommo-o\n|move|p1a: Sinistcha|Shadow Ball|p2a: Conductor\n|-damage|p2a: Conductor|6\/100\n|\n|upkeep\n|\n|t:|1698666418\n|switch|p1b: Gothitelle|Gothitelle, F|100\/100\n|turn|5\n|\n|t:|1698666433\n|move|p2b: Timpani|Drain Punch|p1b: Gothitelle\n|-resisted|p1b: Gothitelle\n|-damage|p1b: Gothitelle|33\/100\n|-heal|p2b: Timpani|100\/100|[from] drain|[of] p1b: Gothitelle\n|move|p1a: Sinistcha|Shadow Ball|p2b: Timpani\n|-end|p2b: Timpani|Substitute\n|move|p1b: Gothitelle|Psychic|p2a: Conductor\n|-damage|p2a: Conductor|0 fnt\n|faint|p2a: Conductor\n|\n|-heal|p1b: Gothitelle|39\/100|[from] item: Leftovers\n|upkeep\n|\n|t:|1698666439\n|switch|p2a: Gunkitar|Toxtricity, M|100\/100\n|turn|6\n|\n|t:|1698666450\n|switch|p1a: Ting-Lu|Ting-Lu|100\/100\n|-ability|p1a: Ting-Lu|Vessel of Ruin\n|move|p1b: Gothitelle|Protect|p1b: Gothitelle\n|-singleturn|p1b: Gothitelle|Protect\n|move|p2b: Timpani|Iron Head|p1a: Ting-Lu\n|-damage|p1a: Ting-Lu|39\/100\n|move|p2a: Gunkitar|Boomburst|p1a: Ting-Lu|[spread] p1a\n|-activate|p1b: Gothitelle|move: Protect\n|-immune|p2b: Timpani|[from] ability: Soundproof\n|-damage|p1a: Ting-Lu|13\/100\n|\n|-heal|p1b: Gothitelle|45\/100|[from] item: Leftovers\n|-heal|p1a: Ting-Lu|19\/100|[from] item: Leftovers\n|upkeep\n|turn|7\n|\n|t:|1698666468\n|move|p2b: Timpani|Drain Punch|p1b: Gothitelle\n|-resisted|p1b: Gothitelle\n|-damage|p1b: Gothitelle|0 fnt\n|faint|p1b: Gothitelle\n|move|p2a: Gunkitar|Boomburst|p1a: Ting-Lu|[spread] p1a\n|-immune|p2b: Timpani|[from] ability: Soundproof\n|-crit|p1a: Ting-Lu\n|-damage|p1a: Ting-Lu|0 fnt\n|faint|p1a: Ting-Lu\n|\n|upkeep\n|\n|t:|1698666475\n|switch|p1b: Wo-Chien|Wo-Chien|100\/100\n|switch|p1a: Sinistcha|Sinistcha-Masterpiece|100\/100\n|-ability|p1b: Wo-Chien|Tablets of Ruin\n|turn|8\n|\n|t:|1698666489\n|move|p2b: Timpani|Drain Punch|p1b: Wo-Chien\n|-supereffective|p1b: Wo-Chien\n|-damage|p1b: Wo-Chien|0 fnt\n|faint|p1b: Wo-Chien\n|move|p2a: Gunkitar|Boomburst|p1a: Sinistcha|[spread] \n|-immune|p2b: Timpani|[from] ability: Soundproof\n|-immune|p1a: Sinistcha\n|move|p1a: Sinistcha|Matcha Gotcha|p2a: Gunkitar|[spread] p2a,p2b\n|-resisted|p2a: Gunkitar\n|-crit|p2a: Gunkitar\n|-resisted|p2b: Timpani\n|-damage|p2a: Gunkitar|71\/100\n|-damage|p2b: Timpani|87\/100\n|-status|p2b: Timpani|brn\n|\n|-damage|p2b: Timpani|81\/100 brn|[from] brn\n|upkeep\n|turn|9\n|c|\u2606lost goal 56|ok i lose this\n|c|\u2606lost goal 56|gg\n|-message|lost goal 56 forfeited.\n|\n|win|knightgem\n|raw|lost goal 56's rating: 1219 &rarr; <strong>1195<\/strong><br \/>(-24 for losing)\n|raw|knightgem's rating: 1230 &rarr; <strong>1254<\/strong><br \/>(+24 for winning)\n|l|\u2606lost goal 56\n|c|\u2606knightgem|gg\n","uploadtime":1698666510,"views":11,"p1id":"lostgoal56","p2id":"knightgem","formatid":"gen9nationaldexdoubles","rating":1195,"private":0,"password":""}