{"id":"gen9nationaldexdoubles-1997394808","p1":"InferiorCizy","p2":"quagsy","format":"[Gen 9] National Dex Doubles","log":"|j|\u2606InferiorCizy\n|j|\u2606quagsy\n|t:|1700798561\n|gametype|doubles\n|player|p1|InferiorCizy|lucas|1370\n|player|p2|quagsy|101|1356\n|teamsize|p1|6\n|teamsize|p2|6\n|gen|9\n|tier|[Gen 9] National Dex Doubles\n|rated|\n|rule|HP Percentage Mod: HP is shown in percentages\n|rule|Endless Battle Clause: Forcing endless battles is banned\n|rule|OHKO Clause: OHKO moves are banned\n|rule|Evasion Moves Clause: Evasion moves are banned\n|rule|Evasion Abilities Clause: Evasion abilities are banned\n|rule|Species Clause: Limit one of each Pok\u00e9mon\n|rule|Gravity Sleep Clause: The combination of sleep-inducing moves with imperfect accuracy and Gravity or Gigantamax Orbeetle are banned\n|clearpoke\n|poke|p1|Amoonguss, F|\n|poke|p1|Palafin, F|\n|poke|p1|Incineroar, F|\n|poke|p1|Flutter Mane|\n|poke|p1|Ting-Lu|\n|poke|p1|Regieleki|\n|poke|p2|Salamence, M|\n|poke|p2|Farigiraf, M|\n|poke|p2|Flutter Mane|\n|poke|p2|Kingambit, M|\n|poke|p2|Iron Hands|\n|poke|p2|Ogerpon-Wellspring, F|\n|teampreview\n|inactive|Battle timer is ON: inactive players will automatically lose when time's up. (requested by quagsy)\n|\n|t:|1700798573\n|start\n|switch|p1a: Palafin|Palafin, F|100\/100\n|switch|p1b: Amoonguss|Amoonguss, F|100\/100\n|switch|p2a: Salamence|Salamence, M|100\/100\n|switch|p2b: Iron Hands|Iron Hands|100\/100\n|-ability|p2a: Salamence|Intimidate|boost\n|-unboost|p1a: Palafin|atk|1\n|-unboost|p1b: Amoonguss|atk|1\n|turn|1\n|\n|t:|1700798583\n|detailschange|p1a: Palafin|Palafin-Hero, F\n|switch|p1a: Incineroar|Incineroar, F|100\/100\n|-ability|p1a: Incineroar|Intimidate|boost\n|-unboost|p2a: Salamence|atk|1\n|-unboost|p2b: Iron Hands|atk|1\n|switch|p1b: Ting-Lu|Ting-Lu|100\/100\n|-ability|p1b: Ting-Lu|Vessel of Ruin\n|detailschange|p2a: Salamence|Salamence-Mega, M\n|-mega|p2a: Salamence|Salamence|Salamencite\n|move|p2b: Iron Hands|Fake Out|p1b: Ting-Lu\n|-damage|p1b: Ting-Lu|94\/100\n|move|p2a: Salamence|Tailwind|p2a: Salamence\n|-sidestart|p2: quagsy|move: Tailwind\n|\n|upkeep\n|turn|2\n|\n|t:|1700798596\n|move|p1a: Incineroar|Fake Out|p2a: Salamence\n|-damage|p2a: Salamence|89\/100\n|cant|p2a: Salamence|flinch\n|move|p2b: Iron Hands|Drain Punch|p1b: Ting-Lu\n|-supereffective|p1b: Ting-Lu\n|-damage|p1b: Ting-Lu|60\/100\n|move|p1b: Ting-Lu|Stomping Tantrum|p2b: Iron Hands\n|-supereffective|p2b: Iron Hands\n|-damage|p2b: Iron Hands|52\/100\n|\n|upkeep\n|turn|3\n|\n|t:|1700798612\n|move|p2a: Salamence|Hyper Voice|p1a: Incineroar|[spread] p1a,p1b\n|-damage|p1a: Incineroar|74\/100\n|-damage|p1b: Ting-Lu|47\/100\n|move|p2b: Iron Hands|Drain Punch|p1b: Ting-Lu\n|-supereffective|p1b: Ting-Lu\n|-damage|p1b: Ting-Lu|15\/100\n|-heal|p2b: Iron Hands|68\/100|[from] drain|[of] p1b: Ting-Lu\n|move|p1a: Incineroar|Parting Shot|p2a: Salamence\n|-unboost|p2a: Salamence|atk|1\n|-unboost|p2a: Salamence|spa|1\n|\n|t:|1700798625\n|switch|p1a: Amoonguss|Amoonguss, F|100\/100|[from] Parting Shot\n|move|p1b: Ting-Lu|Stomping Tantrum|p2b: Iron Hands\n|-supereffective|p2b: Iron Hands\n|-damage|p2b: Iron Hands|24\/100\n|\n|upkeep\n|turn|4\n|\n|t:|1700798635\n|switch|p2a: Ogerpon|Ogerpon-Wellspring, F|100\/100\n|switch|p1b: Incineroar|Incineroar, F|74\/100\n|-ability|p1b: Incineroar|Intimidate|boost\n|-unboost|p2a: Ogerpon|atk|1\n|-unboost|p2b: Iron Hands|atk|1\n|move|p2b: Iron Hands|Drain Punch|p1b: Incineroar\n|-supereffective|p1b: Incineroar\n|-damage|p1b: Incineroar|33\/100\n|-heal|p2b: Iron Hands|41\/100|[from] drain|[of] p1b: Incineroar\n|-enditem|p1b: Incineroar|Sitrus Berry|[eat]\n|-heal|p1b: Incineroar|58\/100|[from] item: Sitrus Berry\n|move|p1a: Amoonguss|Spore|p2b: Iron Hands\n|-status|p2b: Iron Hands|slp|[from] move: Spore\n|\n|-sideend|p2: quagsy|move: Tailwind\n|upkeep\n|turn|5\n|inactive|InferiorCizy has 120 seconds left.\n|\n|t:|1700798673\n|move|p1b: Incineroar|Fake Out|p2a: Ogerpon\n|-damage|p2a: Ogerpon|87\/100\n|cant|p2a: Ogerpon|flinch\n|cant|p2b: Iron Hands|slp\n|move|p1a: Amoonguss|Spore|p2b: Iron Hands\n|-fail|p2b: Iron Hands|slp\n|\n|upkeep\n|turn|6\n|\n|t:|1700798691\n|-end|p2b: Iron Hands|Quark Drive|[silent]\n|switch|p2b: Salamence|Salamence-Mega, M|89\/100\n|switch|p1b: Palafin|Palafin-Hero, F|100\/100\n|-activate|p1b: Palafin|ability: Zero to Hero\n|move|p2a: Ogerpon|Follow Me|p2a: Ogerpon\n|-singleturn|p2a: Ogerpon|move: Follow Me\n|move|p1a: Amoonguss|Pollen Puff|p2a: Ogerpon\n|-supereffective|p2a: Ogerpon\n|-damage|p2a: Ogerpon|54\/100\n|\n|upkeep\n|turn|7\n|inactive|InferiorCizy has 120 seconds left.\n|\n|t:|1700798728\n|switch|p1b: Incineroar|Incineroar, F|58\/100\n|-ability|p1b: Incineroar|Intimidate|boost\n|-unboost|p2a: Ogerpon|atk|1\n|-unboost|p2b: Salamence|atk|1\n|move|p2a: Ogerpon|Follow Me|p2a: Ogerpon\n|-singleturn|p2a: Ogerpon|move: Follow Me\n|move|p2b: Salamence|Hyper Voice|p1b: Incineroar|[spread] p1a,p1b\n|-supereffective|p1a: Amoonguss\n|-damage|p1a: Amoonguss|32\/100\n|-damage|p1b: Incineroar|22\/100\n|move|p1a: Amoonguss|Spore|p2a: Ogerpon\n|-immune|p2a: Ogerpon\n|\n|upkeep\n|turn|8\n|inactive|InferiorCizy has 120 seconds left.\n|\n|t:|1700798755\n|switch|p2b: Iron Hands|Iron Hands|41\/100 slp\n|move|p1b: Incineroar|Fake Out|p2b: Iron Hands\n|-damage|p2b: Iron Hands|31\/100 slp\n|move|p2a: Ogerpon|Follow Me|p2a: Ogerpon\n|-singleturn|p2a: Ogerpon|move: Follow Me\n|move|p1a: Amoonguss|Pollen Puff|p2a: Ogerpon\n|-supereffective|p2a: Ogerpon\n|-damage|p2a: Ogerpon|20\/100\n|\n|upkeep\n|turn|9\n|\n|t:|1700798775\n|switch|p1a: Ting-Lu|Ting-Lu|15\/100\n|-ability|p1a: Ting-Lu|Vessel of Ruin\n|move|p2a: Ogerpon|Ivy Cudgel|p1b: Incineroar|[anim] Ivy Cudgel Water\n|-supereffective|p1b: Incineroar\n|-damage|p1b: Incineroar|0 fnt\n|faint|p1b: Incineroar\n|-curestatus|p2b: Iron Hands|slp|[msg]\n|move|p2b: Iron Hands|Heavy Slam|p1a: Ting-Lu\n|-damage|p1a: Ting-Lu|5\/100\n|\n|upkeep\n|\n|t:|1700798789\n|switch|p1b: Regieleki|Regieleki|100\/100\n|turn|10\n|\n|t:|1700798802\n|move|p2a: Ogerpon|Follow Me|p2a: Ogerpon\n|-singleturn|p2a: Ogerpon|move: Follow Me\n|move|p1b: Regieleki|Electroweb|p2b: Iron Hands|[spread] p2a,p2b\n|-resisted|p2b: Iron Hands\n|-damage|p2a: Ogerpon|3\/100\n|-damage|p2b: Iron Hands|25\/100\n|-unboost|p2a: Ogerpon|spe|1\n|-unboost|p2b: Iron Hands|spe|1\n|move|p1a: Ting-Lu|Stomping Tantrum|p2a: Ogerpon\n|-resisted|p2a: Ogerpon\n|-damage|p2a: Ogerpon|0 fnt\n|faint|p2a: Ogerpon\n|move|p2b: Iron Hands|Drain Punch|p1b: Regieleki\n|-damage|p1b: Regieleki|14\/100\n|-heal|p2b: Iron Hands|53\/100|[from] drain|[of] p1b: Regieleki\n|\n|upkeep\n|\n|t:|1700798819\n|switch|p2a: Kingambit|Kingambit, M|100\/100\n|turn|11\n|\n|t:|1700798834\n|move|p1b: Regieleki|Protect|p1b: Regieleki\n|-singleturn|p1b: Regieleki|Protect\n|move|p1a: Ting-Lu|Stomping Tantrum|p2b: Iron Hands\n|-supereffective|p2b: Iron Hands\n|-damage|p2b: Iron Hands|8\/100\n|move|p2b: Iron Hands|Drain Punch|p1a: Ting-Lu\n|-supereffective|p1a: Ting-Lu\n|-damage|p1a: Ting-Lu|0 fnt\n|-heal|p2b: Iron Hands|10\/100|[from] drain|[of] p1a: Ting-Lu\n|faint|p1a: Ting-Lu\n|move|p2a: Kingambit|Knock Off|p1b: Regieleki\n|-activate|p1b: Regieleki|move: Protect\n|\n|upkeep\n|\n|t:|1700798852\n|switch|p1a: Palafin|Palafin-Hero, F|100\/100\n|turn|12\n|\n|t:|1700798863\n|-terastallize|p2a: Kingambit|Flying\n|move|p1b: Regieleki|Thunderbolt|p2b: Iron Hands\n|-resisted|p2b: Iron Hands\n|-damage|p2b: Iron Hands|0 fnt\n|faint|p2b: Iron Hands\n|-end|p2b: Iron Hands|Quark Drive|[silent]\n|move|p1a: Palafin|Close Combat|p2a: Kingambit\n|-resisted|p2a: Kingambit\n|-crit|p2a: Kingambit\n|-damage|p2a: Kingambit|73\/100\n|-unboost|p1a: Palafin|def|1\n|-unboost|p1a: Palafin|spd|1\n|move|p2a: Kingambit|Knock Off|p1a: Palafin\n|-damage|p1a: Palafin|22\/100\n|-enditem|p1a: Palafin|Mystic Water|[from] move: Knock Off|[of] p2a: Kingambit\n|\n|-heal|p2a: Kingambit|79\/100|[from] item: Leftovers\n|upkeep\n|\n|t:|1700798886\n|switch|p2b: Flutter Mane|Flutter Mane|100\/100\n|turn|13\n|\n|t:|1700798893\n|-terastallize|p1a: Palafin|Water\n|move|p1a: Palafin|Jet Punch|p2b: Flutter Mane\n|-damage|p2b: Flutter Mane|0 fnt\n|faint|p2b: Flutter Mane\n|-end|p2b: Flutter Mane|Protosynthesis|[silent]\n|move|p2a: Kingambit|Sucker Punch|p1b: Regieleki\n|-crit|p1b: Regieleki\n|-damage|p1b: Regieleki|0 fnt\n|faint|p1b: Regieleki\n|\n|-heal|p2a: Kingambit|86\/100|[from] item: Leftovers\n|upkeep\n|\n|t:|1700798903\n|switch|p1b: Amoonguss|Amoonguss, F|65\/100\n|switch|p2b: Salamence|Salamence-Mega, M|89\/100\n|turn|14\n|\n|t:|1700798914\n|move|p1a: Palafin|Protect|p1a: Palafin\n|-singleturn|p1a: Palafin|Protect\n|move|p2b: Salamence|Hyper Voice|p1a: Palafin|[spread] p1b\n|-activate|p1a: Palafin|move: Protect\n|-supereffective|p1b: Amoonguss\n|-damage|p1b: Amoonguss|3\/100\n|-enditem|p1b: Amoonguss|Aguav Berry|[eat]\n|-heal|p1b: Amoonguss|36\/100|[from] item: Aguav Berry\n|move|p1b: Amoonguss|Spore|p2b: Salamence\n|-status|p2b: Salamence|slp|[from] move: Spore\n|move|p2a: Kingambit|Knock Off|p1b: Amoonguss\n|-damage|p1b: Amoonguss|8\/100\n|\n|-heal|p2a: Kingambit|92\/100|[from] item: Leftovers\n|upkeep\n|turn|15\n|\n|t:|1700798943\n|switch|p2a: Farigiraf|Farigiraf, M|100\/100\n|move|p1b: Amoonguss|Rage Powder|p1b: Amoonguss\n|-singleturn|p1b: Amoonguss|move: Rage Powder\n|cant|p2b: Salamence|slp\n|move|p1a: Palafin|Wave Crash|p2a: Farigiraf\n|-damage|p2a: Farigiraf|0 fnt\n|faint|p2a: Farigiraf\n|-damage|p1a: Palafin|0 fnt|[from] Recoil\n|faint|p1a: Palafin\n|\n|upkeep\n|\n|t:|1700798951\n|switch|p1a: Flutter Mane|Flutter Mane|100\/100\n|switch|p2a: Kingambit|Kingambit, M, tera:Flying|92\/100\n|turn|16\n|\n|t:|1700798963\n|move|p1b: Amoonguss|Rage Powder|p1b: Amoonguss\n|-singleturn|p1b: Amoonguss|move: Rage Powder\n|cant|p2b: Salamence|slp\n|move|p1a: Flutter Mane|Moonblast|p2a: Kingambit\n|-damage|p2a: Kingambit|25\/100\n|move|p2a: Kingambit|Knock Off|p1b: Amoonguss\n|-damage|p1b: Amoonguss|0 fnt\n|faint|p1b: Amoonguss\n|\n|-heal|p2a: Kingambit|31\/100|[from] item: Leftovers\n|upkeep\n|turn|17\n|\n|t:|1700798973\n|move|p2a: Kingambit|Sucker Punch|p1a: Flutter Mane\n|-damage|p1a: Flutter Mane|34\/100\n|-curestatus|p2b: Salamence|slp|[msg]\n|move|p2b: Salamence|Hyper Voice|p1a: Flutter Mane\n|-damage|p1a: Flutter Mane|0 fnt\n|faint|p1a: Flutter Mane\n|-end|p1a: Flutter Mane|Protosynthesis|[silent]\n|\n|win|quagsy\n|raw|InferiorCizy's rating: 1370 &rarr; <strong>1349<\/strong><br \/>(-21 for losing)\n|raw|quagsy's rating: 1356 &rarr; <strong>1377<\/strong><br \/>(+21 for winning)\n|l|\u2606InferiorCizy\n","uploadtime":1700798984,"views":11,"p1id":"inferiorcizy","p2id":"quagsy","formatid":"gen9nationaldexdoubles","rating":1349,"private":0,"password":""}