{"id":"gen9nationaldexdoubles-1962733357","p1":"spintedahs","p2":"loch2009","format":"[Gen 9] National Dex Doubles","log":"|j|\u2606spintedahs\n|j|\u2606loch2009\n|t:|1696787057\n|gametype|doubles\n|player|p1|spintedahs|benga|1000\n|player|p2|loch2009|blue|1045\n|teamsize|p1|6\n|teamsize|p2|6\n|gen|9\n|tier|[Gen 9] National Dex Doubles\n|rated|\n|rule|HP Percentage Mod: HP is shown in percentages\n|rule|Endless Battle Clause: Forcing endless battles is banned\n|rule|OHKO Clause: OHKO moves are banned\n|rule|Evasion Moves Clause: Evasion moves are banned\n|rule|Evasion Abilities Clause: Evasion abilities are banned\n|rule|Species Clause: Limit one of each Pok\u00e9mon\n|rule|Gravity Sleep Clause: The combination of sleep-inducing moves with imperfect accuracy and Gravity or Gigantamax Orbeetle are banned\n|clearpoke\n|poke|p1|Charizard, M|\n|poke|p1|Serperior, M|\n|poke|p1|Typhlosion-Hisui, F|\n|poke|p1|Swampert, F|\n|poke|p1|Decidueye, F|\n|poke|p1|Greninja-*, M|\n|poke|p2|Vikavolt, M|\n|poke|p2|Oranguru, M|\n|poke|p2|Ribombee, F|\n|poke|p2|Camerupt, M|\n|poke|p2|Dragapult, M|\n|poke|p2|Diancie|\n|teampreview\n|inactive|Battle timer is ON: inactive players will automatically lose when time's up. (requested by spintedahs)\n|c|\u2606loch2009|alot of starters\n|\n|t:|1696787076\n|start\n|switch|p1a: Charizard|Charizard, M|100\/100\n|switch|p1b: Swampert|Swampert, F|100\/100\n|switch|p2a: Oranguru|Oranguru, M|100\/100\n|switch|p2b: Vikavolt|Vikavolt, M|100\/100\n|turn|1\n|\n|t:|1696787094\n|-terastallize|p2b: Vikavolt|Rock\n|move|p1a: Charizard|Blaze Kick|p2b: Vikavolt\n|-resisted|p2b: Vikavolt\n|-crit|p2b: Vikavolt\n|-damage|p2b: Vikavolt|80\/100\n|move|p1b: Swampert|Brick Break|p2a: Oranguru\n|-damage|p2a: Oranguru|84\/100\n|move|p2b: Vikavolt|Energy Ball|p1b: Swampert\n|-supereffective|p1b: Swampert\n|-damage|p1b: Swampert|0 fnt\n|faint|p1b: Swampert\n|move|p2a: Oranguru|Trick Room|p2a: Oranguru\n|-fieldstart|move: Trick Room|[of] p2a: Oranguru\n|\n|-heal|p2a: Oranguru|90\/100|[from] item: Leftovers\n|upkeep\n|\n|t:|1696787103\n|switch|p1b: Decidueye|Decidueye, F, shiny|100\/100\n|turn|2\n|\n|t:|1696787121\n|move|p2b: Vikavolt|Discharge|p1a: Charizard|[spread] p1a,p1b\n|-activate|p2a: Oranguru|ability: Telepathy\n|-supereffective|p1a: Charizard\n|-resisted|p1b: Decidueye\n|-damage|p1a: Charizard|1\/100\n|-damage|p1b: Decidueye|84\/100\n|-status|p1b: Decidueye|par\n|move|p1b: Decidueye|Swords Dance|p1b: Decidueye\n|-boost|p1b: Decidueye|atk|2\n|move|p2a: Oranguru|Instruct|p2b: Vikavolt\n|-singleturn|p2b: Vikavolt|move: Instruct|[of] p2a: Oranguru\n|move|p2b: Vikavolt|Discharge|p1b: Decidueye|[spread] p1a,p1b\n|-activate|p2a: Oranguru|ability: Telepathy\n|-supereffective|p1a: Charizard\n|-resisted|p1b: Decidueye\n|-damage|p1a: Charizard|0 fnt\n|-damage|p1b: Decidueye|64\/100 par\n|faint|p1a: Charizard\n|\n|-heal|p2a: Oranguru|96\/100|[from] item: Leftovers\n|upkeep\n|\n|t:|1696787138\n|switch|p1a: Greninja|Greninja, M, shiny|100\/100\n|turn|3\n|\n|t:|1696787159\n|switch|p1b: Typhlosion|Typhlosion-Hisui, F|100\/100\n|move|p2b: Vikavolt|Bug Buzz|p1b: Typhlosion\n|-resisted|p1b: Typhlosion\n|-damage|p1b: Typhlosion|85\/100\n|move|p2a: Oranguru|Instruct|p2b: Vikavolt\n|-singleturn|p2b: Vikavolt|move: Instruct|[of] p2a: Oranguru\n|move|p2b: Vikavolt|Bug Buzz|p1b: Typhlosion\n|-resisted|p1b: Typhlosion\n|-damage|p1b: Typhlosion|69\/100\n|move|p1a: Greninja|Blizzard|p2b: Vikavolt|[spread] p2a,p2b\n|-damage|p2a: Oranguru|80\/100\n|-damage|p2b: Vikavolt|56\/100\n|\n|-heal|p2a: Oranguru|87\/100|[from] item: Leftovers\n|-heal|p1b: Typhlosion|75\/100|[from] item: Leftovers\n|upkeep\n|turn|4\n|\n|t:|1696787185\n|move|p2b: Vikavolt|Discharge|p1b: Typhlosion|[spread] p1a,p1b\n|-activate|p2a: Oranguru|ability: Telepathy\n|-supereffective|p1a: Greninja\n|-damage|p1a: Greninja|0 fnt\n|-damage|p1b: Typhlosion|32\/100\n|faint|p1a: Greninja\n|move|p2a: Oranguru|Instruct|p2b: Vikavolt\n|-singleturn|p2b: Vikavolt|move: Instruct|[of] p2a: Oranguru\n|move|p2b: Vikavolt|Discharge|p1b: Typhlosion|[spread] p1b\n|-activate|p2a: Oranguru|ability: Telepathy\n|-damage|p1b: Typhlosion|0 fnt\n|faint|p1b: Typhlosion\n|\n|-heal|p2a: Oranguru|93\/100|[from] item: Leftovers\n|upkeep\n|\n|t:|1696787190\n|switch|p1b: Serperior|Serperior, M|100\/100\n|switch|p1a: Decidueye|Decidueye, F, shiny|64\/100 par\n|turn|5\n|inactive|spintedahs has 120 seconds left.\n|\n|t:|1696787224\n|move|p1a: Decidueye|Seed Bomb|p2b: Vikavolt\n|-supereffective|p2b: Vikavolt\n|-damage|p2b: Vikavolt|0 fnt\n|faint|p2b: Vikavolt\n|move|p2a: Oranguru|Instruct|p2: Vikavolt|[notarget]\n|-fail|p2a: Oranguru\n|move|p1b: Serperior|Dragon Pulse|p2a: Oranguru\n|-damage|p2a: Oranguru|81\/100\n|\n|-heal|p2a: Oranguru|87\/100|[from] item: Leftovers\n|-fieldend|move: Trick Room\n|upkeep\n|\n|t:|1696787241\n|switch|p2b: Dragapult|Dragapult, M|100\/100\n|turn|6\n|\n|t:|1696787257\n|-zpower|p2b: Dragapult\n|move|p2b: Dragapult|Never-Ending Nightmare|p1b: Serperior|[zeffect]\n|-damage|p1b: Serperior|6\/100\n|move|p1b: Serperior|Leaf Blade|p2a: Oranguru\n|-damage|p2a: Oranguru|54\/100\n|move|p2a: Oranguru|Foul Play|p1a: Decidueye\n|-supereffective|p1a: Decidueye\n|-damage|p1a: Decidueye|0 fnt\n|faint|p1a: Decidueye\n|\n|-heal|p1b: Serperior|12\/100|[from] item: Leftovers\n|-heal|p2a: Oranguru|60\/100|[from] item: Leftovers\n|upkeep\n|turn|7\n|\n|t:|1696787278\n|-terastallize|p1b: Serperior|Grass\n|move|p2b: Dragapult|Dragon Darts|p1b: Serperior\n|-damage|p1b: Serperior|0 fnt\n|faint|p1b: Serperior\n|\n|win|loch2009\n|raw|spintedahs's rating: 1000 &rarr; <strong>1000<\/strong><br \/>(+0 for losing)\n|raw|loch2009's rating: 1045 &rarr; <strong>1074<\/strong><br \/>(+29 for winning)\n|l|\u2606spintedahs\n|c|\u2606loch2009|gg\n","uploadtime":1696787289,"views":14,"p1id":"spintedahs","p2id":"loch2009","formatid":"gen9nationaldexdoubles","rating":1000,"private":0,"password":""}