{"id":"gen9nationaldexdoubles-1957755471","p1":"jiangchengzi","p2":"liu641","format":"[Gen 9] National Dex Doubles","log":"|j|\u2606jiangchengzi\n|j|\u2606liu641\n|t:|1696258635\n|gametype|doubles\n|player|p1|jiangchengzi|iris-gen5bw2|\n|player|p2|liu641|cyrus|\n|teamsize|p1|6\n|teamsize|p2|6\n|gen|9\n|tier|[Gen 9] National Dex Doubles\n|rule|HP Percentage Mod: HP is shown in percentages\n|rule|Endless Battle Clause: Forcing endless battles is banned\n|rule|OHKO Clause: OHKO moves are banned\n|rule|Evasion Moves Clause: Evasion moves are banned\n|rule|Evasion Abilities Clause: Evasion abilities are banned\n|rule|Species Clause: Limit one of each Pok\u00e9mon\n|rule|Gravity Sleep Clause: The combination of sleep-inducing moves with imperfect accuracy and Gravity or Gigantamax Orbeetle are banned\n|clearpoke\n|poke|p1|Iron Hands|\n|poke|p1|Bellibolt, F|\n|poke|p1|Tapu Koko|\n|poke|p1|Pikachu-Alola, M|\n|poke|p1|Manectric, F|\n|poke|p1|Iron Valiant|\n|poke|p2|Ninetales-Alola, F|\n|poke|p2|Sandslash-Alola, M|\n|poke|p2|Delibird, F|\n|poke|p2|Abomasnow, M|\n|poke|p2|Glaceon, F|\n|poke|p2|Grimmsnarl, M|\n|teampreview\n|j| Gocks\n|j| XiuKaiMeiLiZhi\n|\n|t:|1696258689\n|start\n|switch|p1a: Tapu Koko|Tapu Koko|100\/100\n|switch|p1b: Manectric|Manectric, F|100\/100\n|switch|p2a: \u6bdb\u8338\u8338\u7684\u6b66\u7814|Ninetales-Alola, F|100\/100\n|switch|p2b: \u575a\u5982\u78d0\u77f3|Grimmsnarl, M|100\/100\n|-fieldstart|move: Electric Terrain|[from] ability: Electric Surge|[of] p1a: Tapu Koko\n|-weather|Snow|[from] ability: Snow Warning|[of] p2a: \u6bdb\u8338\u8338\u7684\u6b66\u7814\n|turn|1\n|\n|t:|1696258720\n|detailschange|p1b: Manectric|Manectric-Mega, F\n|-mega|p1b: Manectric|Manectric|Manectite\n|-ability|p1b: Manectric|Intimidate|boost\n|-unboost|p2a: \u6bdb\u8338\u8338\u7684\u6b66\u7814|atk|1\n|-unboost|p2b: \u575a\u5982\u78d0\u77f3|atk|1\n|move|p2b: \u575a\u5982\u78d0\u77f3|Light Screen|p2b: \u575a\u5982\u78d0\u77f3\n|-sidestart|p2: liu641|move: Light Screen\n|move|p1b: Manectric|Rising Voltage|p2a: \u6bdb\u8338\u8338\u7684\u6b66\u7814\n|-hint|Rising Voltage's BP doubled on grounded target.\n|-damage|p2a: \u6bdb\u8338\u8338\u7684\u6b66\u7814|17\/100\n|-zpower|p1a: Tapu Koko\n|move|p1a: Tapu Koko|Twinkle Tackle|p2b: \u575a\u5982\u78d0\u77f3|[zeffect]\n|-supereffective|p2b: \u575a\u5982\u78d0\u77f3\n|-damage|p2b: \u575a\u5982\u78d0\u77f3|37\/100\n|move|p2a: \u6bdb\u8338\u8338\u7684\u6b66\u7814|Aurora Veil|p2a: \u6bdb\u8338\u8338\u7684\u6b66\u7814\n|-sidestart|p2: liu641|move: Aurora Veil\n|\n|-weather|Snow|[upkeep]\n|upkeep\n|turn|2\n|\n|t:|1696258756\n|move|p2b: \u575a\u5982\u78d0\u77f3|Reflect|p2b: \u575a\u5982\u78d0\u77f3\n|-sidestart|p2: liu641|Reflect\n|move|p1b: Manectric|Volt Switch|p2b: \u575a\u5982\u78d0\u77f3\n|-damage|p2b: \u575a\u5982\u78d0\u77f3|13\/100\n|\n|t:|1696258764\n|switch|p1b: Iron Valiant|Iron Valiant, shiny|100\/100|[from] Volt Switch\n|-activate|p1b: Iron Valiant|ability: Quark Drive\n|-start|p1b: Iron Valiant|quarkdrivespe\n|move|p1a: Tapu Koko|Volt Switch|p2b: \u575a\u5982\u78d0\u77f3\n|-damage|p2b: \u575a\u5982\u78d0\u77f3|0 fnt\n|faint|p2b: \u575a\u5982\u78d0\u77f3\n|\n|t:|1696258777\n|switch|p1a: Iron Hands|Iron Hands, shiny|100\/100|[from] Volt Switch\n|-activate|p1a: Iron Hands|ability: Quark Drive\n|-start|p1a: Iron Hands|quarkdriveatk\n|move|p2a: \u6bdb\u8338\u8338\u7684\u6b66\u7814|Blizzard|p1b: Iron Valiant|[spread] p1a,p1b\n|-damage|p1a: Iron Hands|86\/100\n|-damage|p1b: Iron Valiant|42\/100\n|\n|-weather|Snow|[upkeep]\n|upkeep\n|\n|t:|1696258806\n|switch|p2b: \ud83d\udc35\u747e\u7462|Glaceon, F|100\/100\n|turn|3\n|\n|t:|1696258818\n|move|p1b: Iron Valiant|Wide Guard|p1b: Iron Valiant\n|-singleturn|p1b: Iron Valiant|Wide Guard\n|move|p1a: Iron Hands|Fake Out|p2b: \ud83d\udc35\u747e\u7462\n|-damage|p2b: \ud83d\udc35\u747e\u7462|93\/100\n|move|p2a: \u6bdb\u8338\u8338\u7684\u6b66\u7814|Dazzling Gleam|p1b: Iron Valiant|[spread] \n|-activate|p1a: Iron Hands|move: Wide Guard\n|-activate|p1b: Iron Valiant|move: Wide Guard\n|cant|p2b: \ud83d\udc35\u747e\u7462|flinch\n|\n|-weather|Snow|[upkeep]\n|-heal|p2b: \ud83d\udc35\u747e\u7462|99\/100|[from] ability: Ice Body\n|upkeep\n|turn|4\n|\n|t:|1696258837\n|move|p1b: Iron Valiant|Wide Guard|p1b: Iron Valiant\n|-singleturn|p1b: Iron Valiant|Wide Guard\n|move|p2a: \u6bdb\u8338\u8338\u7684\u6b66\u7814|Blizzard|p1a: Iron Hands|[spread] \n|-activate|p1a: Iron Hands|move: Wide Guard\n|-activate|p1b: Iron Valiant|move: Wide Guard\n|move|p2b: \ud83d\udc35\u747e\u7462|Blizzard|p1b: Iron Valiant|[spread] \n|-activate|p1a: Iron Hands|move: Wide Guard\n|-activate|p1b: Iron Valiant|move: Wide Guard\n|move|p1a: Iron Hands|Drain Punch|p2b: \ud83d\udc35\u747e\u7462\n|-supereffective|p2b: \ud83d\udc35\u747e\u7462\n|-damage|p2b: \ud83d\udc35\u747e\u7462|53\/100\n|-heal|p1a: Iron Hands|100\/100|[from] drain|[of] p2b: \ud83d\udc35\u747e\u7462\n|\n|-weather|Snow|[upkeep]\n|-heal|p2b: \ud83d\udc35\u747e\u7462|59\/100|[from] ability: Ice Body\n|upkeep\n|turn|5\n|\n|t:|1696258863\n|switch|p2b: \u901f\u51bb\u5730\u9f20|Sandslash-Alola, M|100\/100\n|move|p1b: Iron Valiant|Wide Guard|p1b: Iron Valiant\n|-singleturn|p1b: Iron Valiant|Wide Guard\n|move|p2a: \u6bdb\u8338\u8338\u7684\u6b66\u7814|Freeze-Dry|p1b: Iron Valiant\n|-damage|p1b: Iron Valiant|0 fnt\n|faint|p1b: Iron Valiant\n|-end|p1b: Iron Valiant|Quark Drive|[silent]\n|move|p1a: Iron Hands|Drain Punch|p2b: \u901f\u51bb\u5730\u9f20\n|-supereffective|p2b: \u901f\u51bb\u5730\u9f20\n|-damage|p2b: \u901f\u51bb\u5730\u9f20|9\/100\n|\n|-weather|Snow|[upkeep]\n|-sideend|p2: liu641|move: Aurora Veil\n|-fieldend|move: Electric Terrain\n|-end|p1a: Iron Hands|Quark Drive\n|upkeep\n|\n|t:|1696258883\n|switch|p1b: Pikachu|Pikachu-Alola, M|100\/100\n|turn|6\n|\n|t:|1696258898\n|move|p1b: Pikachu|Fake Out|p2b: \u901f\u51bb\u5730\u9f20\n|-resisted|p2b: \u901f\u51bb\u5730\u9f20\n|-damage|p2b: \u901f\u51bb\u5730\u9f20|8\/100\n|cant|p2b: \u901f\u51bb\u5730\u9f20|flinch\n|move|p2a: \u6bdb\u8338\u8338\u7684\u6b66\u7814|Blizzard|p1a: Iron Hands|[spread] p1a,p1b\n|-damage|p1a: Iron Hands|85\/100\n|-damage|p1b: Pikachu|6\/100\n|move|p1a: Iron Hands|Drain Punch|p2a: \u6bdb\u8338\u8338\u7684\u6b66\u7814\n|-damage|p2a: \u6bdb\u8338\u8338\u7684\u6b66\u7814|0 fnt\n|-heal|p1a: Iron Hands|90\/100|[from] drain|[of] p2a: \u6bdb\u8338\u8338\u7684\u6b66\u7814\n|faint|p2a: \u6bdb\u8338\u8338\u7684\u6b66\u7814\n|\n|-weather|Snow|[upkeep]\n|upkeep\n|\n|t:|1696258915\n|switch|p2a: \ud83d\udc35\u747e\u7462|Glaceon, F|59\/100\n|turn|7\n|\n|t:|1696258945\n|-zpower|p2b: \u901f\u51bb\u5730\u9f20\n|move|p2b: \u901f\u51bb\u5730\u9f20|Subzero Slammer|p1a: Iron Hands|[zeffect]\n|-damage|p1a: Iron Hands|41\/100\n|move|p1b: Pikachu|Nuzzle|p2a: \ud83d\udc35\u747e\u7462\n|-damage|p2a: \ud83d\udc35\u747e\u7462|57\/100\n|-status|p2a: \ud83d\udc35\u747e\u7462|par\n|move|p1a: Iron Hands|Drain Punch|p2a: \ud83d\udc35\u747e\u7462\n|-supereffective|p2a: \ud83d\udc35\u747e\u7462\n|-damage|p2a: \ud83d\udc35\u747e\u7462|25\/100 par\n|-heal|p1a: Iron Hands|53\/100|[from] drain|[of] p2a: \ud83d\udc35\u747e\u7462\n|move|p2a: \ud83d\udc35\u747e\u7462|Blizzard|p1a: Iron Hands|[spread] p1a,p1b\n|-damage|p1a: Iron Hands|16\/100\n|-damage|p1b: Pikachu|0 fnt\n|faint|p1b: Pikachu\n|\n|-weather|Snow|[upkeep]\n|-heal|p2a: \ud83d\udc35\u747e\u7462|31\/100 par|[from] ability: Ice Body\n|upkeep\n|\n|t:|1696258974\n|switch|p1b: Tapu Koko|Tapu Koko|100\/100\n|-fieldstart|move: Electric Terrain|[from] ability: Electric Surge|[of] p1b: Tapu Koko\n|-activate|p1a: Iron Hands|ability: Quark Drive\n|-start|p1a: Iron Hands|quarkdriveatk\n|turn|8\n|\n|t:|1696258995\n|-end|p1a: Iron Hands|Quark Drive|[silent]\n|switch|p1a: Bellibolt|Bellibolt, F, shiny|100\/100\n|move|p2b: \u901f\u51bb\u5730\u9f20|Earthquake|p1a: Bellibolt|[spread] p2a,p1a,p1b\n|-supereffective|p1a: Bellibolt\n|-supereffective|p1b: Tapu Koko\n|-damage|p2a: \ud83d\udc35\u747e\u7462|21\/100 par\n|-damage|p1a: Bellibolt|56\/100\n|-damage|p1b: Tapu Koko|40\/100\n|-start|p1a: Bellibolt|Charge|Earthquake|[from] ability: Electromorphosis\n|move|p1b: Tapu Koko|Dazzling Gleam|p2a: \ud83d\udc35\u747e\u7462|[spread] p2a,p2b\n|-resisted|p2b: \u901f\u51bb\u5730\u9f20\n|-damage|p2a: \ud83d\udc35\u747e\u7462|3\/100 par\n|-damage|p2b: \u901f\u51bb\u5730\u9f20|0 fnt\n|faint|p2b: \u901f\u51bb\u5730\u9f20\n|cant|p2a: \ud83d\udc35\u747e\u7462|par\n|\n|-weather|none\n|-heal|p1a: Bellibolt|62\/100|[from] item: Leftovers\n|-sideend|p2: liu641|move: Light Screen\n|upkeep\n|\n|t:|1696259016\n|switch|p2b: \u54c8\u5947\u5e93|Abomasnow, M|100\/100\n|-weather|Snow|[from] ability: Snow Warning|[of] p2b: \u54c8\u5947\u5e93\n|turn|9\n|\n|t:|1696259034\n|detailschange|p2b: \u54c8\u5947\u5e93|Abomasnow-Mega, M\n|-mega|p2b: \u54c8\u5947\u5e93|Abomasnow|Abomasite\n|move|p1b: Tapu Koko|Taunt|p2b: \u54c8\u5947\u5e93\n|-start|p2b: \u54c8\u5947\u5e93|move: Taunt\n|move|p1a: Bellibolt|Parabolic Charge|p2a: \ud83d\udc35\u747e\u7462|[spread] p1b,p2a,p2b\n|-resisted|p1b: Tapu Koko\n|-crit|p1b: Tapu Koko\n|-resisted|p2b: \u54c8\u5947\u5e93\n|-damage|p1b: Tapu Koko|0 fnt\n|-heal|p1a: Bellibolt|75\/100|[from] drain|[of] p1b: Tapu Koko\n|-damage|p2a: \ud83d\udc35\u747e\u7462|0 fnt\n|-heal|p1a: Bellibolt|76\/100|[from] drain|[of] p2a: \ud83d\udc35\u747e\u7462\n|-damage|p2b: \u54c8\u5947\u5e93|75\/100\n|-heal|p1a: Bellibolt|88\/100|[from] drain|[of] p2b: \u54c8\u5947\u5e93\n|faint|p1b: Tapu Koko\n|faint|p2a: \ud83d\udc35\u747e\u7462\n|-end|p1a: Bellibolt|Charge|[silent]\n|move|p2b: \u54c8\u5947\u5e93|Earthquake|p1a: Bellibolt\n|-supereffective|p1a: Bellibolt\n|-damage|p1a: Bellibolt|17\/100\n|-start|p1a: Bellibolt|Charge|Earthquake|[from] ability: Electromorphosis\n|\n|-weather|Snow|[upkeep]\n|-heal|p1a: Bellibolt|23\/100|[from] item: Leftovers\n|-sideend|p2: liu641|Reflect\n|upkeep\n|\n|t:|1696259059\n|switch|p1b: Manectric|Manectric-Mega, F|100\/100\n|switch|p2a: \u5e03\u5305\u88b1|Delibird, F|100\/100\n|-ability|p1b: Manectric|Intimidate|boost\n|-unboost|p2a: \u5e03\u5305\u88b1|atk|1\n|-unboost|p2b: \u54c8\u5947\u5e93|atk|1\n|turn|10\n|\n|t:|1696259096\n|move|p1a: Bellibolt|Protect|p1a: Bellibolt\n|-singleturn|p1a: Bellibolt|Protect\n|move|p2a: \u5e03\u5305\u88b1|Fake Out|p1b: Manectric\n|-damage|p1b: Manectric|93\/100\n|cant|p1b: Manectric|flinch\n|move|p2b: \u54c8\u5947\u5e93|Earthquake|p1a: Bellibolt|[spread] p1b\n|-activate|p1a: Bellibolt|move: Protect\n|-immune|p2a: \u5e03\u5305\u88b1\n|-supereffective|p1b: Manectric\n|-damage|p1b: Manectric|40\/100\n|\n|-weather|Snow|[upkeep]\n|-heal|p1a: Bellibolt|29\/100|[from] item: Leftovers\n|upkeep\n|turn|11\n|l|\u2606liu641\n|player|p2|\n|j|\u2606liu641\n|player|p2|liu641|cyrus\n|\n|t:|1696259161\n|move|p2a: \u5e03\u5305\u88b1|Endure|p2a: \u5e03\u5305\u88b1\n|-singleturn|p2a: \u5e03\u5305\u88b1|move: Endure\n|move|p1b: Manectric|Rising Voltage|p2a: \u5e03\u5305\u88b1\n|-supereffective|p2a: \u5e03\u5305\u88b1\n|-activate|p2a: \u5e03\u5305\u88b1|move: Endure\n|-damage|p2a: \u5e03\u5305\u88b1|1\/100\n|move|p1a: Bellibolt|Parabolic Charge|p2a: \u5e03\u5305\u88b1|[spread] p1b,p2a,p2b\n|-resisted|p1b: Manectric\n|-supereffective|p2a: \u5e03\u5305\u88b1\n|-resisted|p2b: \u54c8\u5947\u5e93\n|-damage|p1b: Manectric|0 fnt\n|-heal|p1a: Bellibolt|42\/100|[from] drain|[of] p1b: Manectric\n|-activate|p2a: \u5e03\u5305\u88b1|move: Endure\n|-damage|p2a: \u5e03\u5305\u88b1|1\/100\n|-damage|p2b: \u54c8\u5947\u5e93|50\/100\n|-heal|p1a: Bellibolt|54\/100|[from] drain|[of] p2b: \u54c8\u5947\u5e93\n|faint|p1b: Manectric\n|-end|p1a: Bellibolt|Charge|[silent]\n|move|p2b: \u54c8\u5947\u5e93|Earthquake|p1a: Bellibolt|[spread] p1a\n|-immune|p2a: \u5e03\u5305\u88b1\n|-supereffective|p1a: Bellibolt\n|-damage|p1a: Bellibolt|20\/100\n|-start|p1a: Bellibolt|Charge|Earthquake|[from] ability: Electromorphosis\n|\n|-weather|Snow|[upkeep]\n|-heal|p1a: Bellibolt|27\/100|[from] item: Leftovers\n|-end|p2b: \u54c8\u5947\u5e93|move: Taunt\n|upkeep\n|\n|t:|1696259187\n|switch|p1b: Iron Hands|Iron Hands, shiny|16\/100\n|-activate|p1b: Iron Hands|ability: Quark Drive\n|-start|p1b: Iron Hands|quarkdriveatk\n|turn|12\n|-enditem|p2a: \u5e03\u5305\u88b1|Custap Berry|[eat]\n|-activate|p2a: \u5e03\u5305\u88b1|item: Custap Berry|[consumed]\n|\n|t:|1696259230\n|move|p1b: Iron Hands|Fake Out|p2a: \u5e03\u5305\u88b1\n|-damage|p2a: \u5e03\u5305\u88b1|0 fnt\n|faint|p2a: \u5e03\u5305\u88b1\n|move|p1a: Bellibolt|Thunderbolt|p2b: \u54c8\u5947\u5e93\n|-resisted|p2b: \u54c8\u5947\u5e93\n|-damage|p2b: \u54c8\u5947\u5e93|3\/100\n|-end|p1a: Bellibolt|Charge|[silent]\n|move|p2b: \u54c8\u5947\u5e93|Earthquake|p1a: Bellibolt|[spread] p1a,p1b\n|-supereffective|p1a: Bellibolt\n|-supereffective|p1b: Iron Hands\n|-damage|p1a: Bellibolt|0 fnt\n|-damage|p1b: Iron Hands|0 fnt\n|faint|p1a: Bellibolt\n|faint|p1b: Iron Hands\n|-end|p1b: Iron Hands|Quark Drive|[silent]\n|\n|win|liu641\n|l|\u2606jiangchengzi\n","uploadtime":1696259247,"views":14,"p1id":"jiangchengzi","p2id":"liu641","formatid":"gen9nationaldexdoubles","rating":0,"private":0,"password":""}