{"id":"gen9nationaldexdoubles-1969958428","p1":"lxvliiz","p2":"ChubbyMCchu","format":"[Gen 9] National Dex Doubles","log":"|j|\u2606lxvliiz\n|j|\u2606ChubbyMCchu\n|t:|1697579551\n|gametype|doubles\n|player|p1|lxvliiz|gambler|1101\n|player|p2|ChubbyMCchu|drayden|1079\n|teamsize|p1|6\n|teamsize|p2|6\n|gen|9\n|tier|[Gen 9] National Dex Doubles\n|rated|\n|rule|HP Percentage Mod: HP is shown in percentages\n|rule|Endless Battle Clause: Forcing endless battles is banned\n|rule|OHKO Clause: OHKO moves are banned\n|rule|Evasion Moves Clause: Evasion moves are banned\n|rule|Evasion Abilities Clause: Evasion abilities are banned\n|rule|Species Clause: Limit one of each Pok\u00e9mon\n|rule|Gravity Sleep Clause: The combination of sleep-inducing moves with imperfect accuracy and Gravity or Gigantamax Orbeetle are banned\n|clearpoke\n|poke|p1|Nidoking, M|\n|poke|p1|Ogerpon-Cornerstone, F|\n|poke|p1|Eevee, F|\n|poke|p1|Volcarona, F|\n|poke|p1|Mr. Mime, M|\n|poke|p1|Medicham, M|\n|poke|p2|Regigigas|\n|poke|p2|Weezing-Galar, M|\n|poke|p2|Archeops, M|\n|poke|p2|Necrozma|\n|poke|p2|Malamar, F|\n|poke|p2|Indeedee-F, F|\n|teampreview\n|inactive|Battle timer is ON: inactive players will automatically lose when time's up. (requested by ChubbyMCchu)\n|\n|t:|1697579570\n|start\n|switch|p1a: Mr. Mime|Mr. Mime, M|100\/100\n|switch|p1b: testing1|Eevee, F|100\/100\n|switch|p2a: Necrozma|Necrozma|100\/100\n|switch|p2b: Malamar|Malamar, F, shiny|100\/100\n|turn|1\n|\n|t:|1697579588\n|move|p1a: Mr. Mime|Follow Me|p1a: Mr. Mime\n|-singleturn|p1a: Mr. Mime|move: Follow Me\n|move|p2a: Necrozma|Autotomize|p2a: Necrozma\n|-boost|p2a: Necrozma|spe|2\n|-start|p2a: Necrozma|Autotomize\n|move|p2b: Malamar|Simple Beam|p1a: Mr. Mime\n|-endability|p1a: Mr. Mime|Soundproof|[from] move: Simple Beam\n|-ability|p1a: Mr. Mime|Simple|[from] move: Simple Beam\n|-zpower|p1b: testing1\n|move|p1b: testing1|Extreme Evoboost|p1b: testing1\n|-boost|p1b: testing1|atk|2\n|-boost|p1b: testing1|def|2\n|-boost|p1b: testing1|spa|2\n|-boost|p1b: testing1|spd|2\n|-boost|p1b: testing1|spe|2\n|\n|upkeep\n|turn|2\n|\n|t:|1697579613\n|move|p1a: Mr. Mime|Follow Me|p1a: Mr. Mime\n|-singleturn|p1a: Mr. Mime|move: Follow Me\n|move|p2a: Necrozma|Cosmic Power|p2a: Necrozma\n|-boost|p2a: Necrozma|def|1\n|-boost|p2a: Necrozma|spd|1\n|move|p1b: testing1|Baton Pass|p1b: testing1\n|\n|t:|1697579619\n|switch|p1b: Medicham|Medicham, M|100\/100|[from] Baton Pass\n|move|p2b: Malamar|Simple Beam||[still]\n|-fail|p2b: Malamar\n|\n|upkeep\n|turn|3\n|\n|t:|1697579632\n|detailschange|p1b: Medicham|Medicham-Mega, M\n|-mega|p1b: Medicham|Medicham|Medichamite\n|move|p1a: Mr. Mime|Follow Me|p1a: Mr. Mime\n|-singleturn|p1a: Mr. Mime|move: Follow Me\n|move|p1b: Medicham|Power-Up Punch|p2b: Malamar\n|-damage|p2b: Malamar|36\/100\n|-boost|p1b: Medicham|atk|1\n|move|p2a: Necrozma|Cosmic Power|p2a: Necrozma\n|-boost|p2a: Necrozma|def|1\n|-boost|p2a: Necrozma|spd|1\n|move|p2b: Malamar|Knock Off|p1a: Mr. Mime\n|-damage|p1a: Mr. Mime|48\/100\n|-enditem|p1a: Mr. Mime|Fairy Feather|[from] move: Knock Off|[of] p2b: Malamar\n|\n|upkeep\n|turn|4\n|inactive|ChubbyMCchu has 120 seconds left.\n|\n|t:|1697579669\n|move|p1a: Mr. Mime|Follow Me|p1a: Mr. Mime\n|-singleturn|p1a: Mr. Mime|move: Follow Me\n|move|p1b: Medicham|Zen Headbutt|p2a: Necrozma\n|-resisted|p2a: Necrozma\n|-damage|p2a: Necrozma|73\/100\n|move|p2a: Necrozma|Cosmic Power|p2a: Necrozma\n|-boost|p2a: Necrozma|def|1\n|-boost|p2a: Necrozma|spd|1\n|move|p2b: Malamar|Simple Beam||[still]\n|-fail|p2b: Malamar\n|\n|upkeep\n|turn|5\n|\n|t:|1697579693\n|move|p1a: Mr. Mime|Follow Me|p1a: Mr. Mime\n|-singleturn|p1a: Mr. Mime|move: Follow Me\n|move|p1b: Medicham|Power-Up Punch|p2a: Necrozma\n|-resisted|p2a: Necrozma\n|-damage|p2a: Necrozma|63\/100\n|-boost|p1b: Medicham|atk|1\n|move|p2a: Necrozma|Cosmic Power|p2a: Necrozma\n|-boost|p2a: Necrozma|def|1\n|-boost|p2a: Necrozma|spd|1\n|move|p2b: Malamar|Knock Off|p1a: Mr. Mime\n|-damage|p1a: Mr. Mime|16\/100\n|\n|upkeep\n|turn|6\n|\n|t:|1697579717\n|move|p1a: Mr. Mime|Follow Me|p1a: Mr. Mime\n|-singleturn|p1a: Mr. Mime|move: Follow Me\n|move|p1b: Medicham|Power-Up Punch|p2a: Necrozma\n|-resisted|p2a: Necrozma\n|-damage|p2a: Necrozma|52\/100\n|-boost|p1b: Medicham|atk|1\n|move|p2a: Necrozma|Autotomize|p2a: Necrozma\n|-boost|p2a: Necrozma|spe|2\n|-start|p2a: Necrozma|Autotomize\n|move|p2b: Malamar|Knock Off|p1a: Mr. Mime\n|-damage|p1a: Mr. Mime|0 fnt\n|faint|p1a: Mr. Mime\n|\n|upkeep\n|\n|t:|1697579730\n|switch|p1a: testing4|Volcarona, F|100\/100\n|turn|7\n|\n|t:|1697579742\n|move|p1a: testing4|Rage Powder|p1a: testing4\n|-singleturn|p1a: testing4|move: Rage Powder\n|move|p1b: Medicham|Power-Up Punch|p2a: Necrozma\n|-resisted|p2a: Necrozma\n|-damage|p2a: Necrozma|40\/100\n|-boost|p1b: Medicham|atk|1\n|move|p2a: Necrozma|Stored Power|p1a: testing4\n|-damage|p1a: testing4|33\/100\n|move|p2b: Malamar|Knock Off|p1a: testing4\n|-damage|p1a: testing4|0 fnt\n|-status|p2b: Malamar|brn|[from] ability: Flame Body|[of] p1a: testing4\n|-enditem|p1a: testing4|Wiki Berry|[from] move: Knock Off|[of] p2b: Malamar\n|faint|p1a: testing4\n|\n|-damage|p2b: Malamar|30\/100 brn|[from] brn\n|upkeep\n|\n|t:|1697579750\n|switch|p1a: testing2|Ogerpon-Cornerstone, F|100\/100\n|turn|8\n|\n|t:|1697579761\n|-terastallize|p1a: testing2|Rock\n|detailschange|p1a: testing2|Ogerpon-Cornerstone-Tera, F, tera:Rock\n|-ability|p1a: testing2|Embody Aspect (Cornerstone)|boost\n|-boost|p1a: testing2|def|1\n|move|p1a: testing2|Follow Me|p1a: testing2\n|-singleturn|p1a: testing2|move: Follow Me\n|move|p1b: Medicham|Close Combat|p2a: Necrozma\n|-resisted|p2a: Necrozma\n|-damage|p2a: Necrozma|0 fnt\n|-unboost|p1b: Medicham|def|1\n|-unboost|p1b: Medicham|spd|1\n|faint|p2a: Necrozma\n|move|p2b: Malamar|Fling|p1a: testing2\n|-damage|p1a: testing2|99\/100\n|-boost|p1a: testing2|spe|1|[from] item: Salac Berry\n|-enditem|p2b: Malamar|Salac Berry|[from] move: Fling\n|\n|-damage|p2b: Malamar|24\/100 brn|[from] brn\n|upkeep\n|-message|ChubbyMCchu forfeited.\n|\n|win|lxvliiz\n|raw|lxvliiz's rating: 1101 &rarr; <strong>1124<\/strong><br \/>(+23 for winning)\n|raw|ChubbyMCchu's rating: 1079 &rarr; <strong>1059<\/strong><br \/>(-20 for losing)\n|l|\u2606ChubbyMCchu\n","uploadtime":1697579778,"views":5,"p1id":"lxvliiz","p2id":"chubbymcchu","formatid":"gen9nationaldexdoubles","rating":1059,"private":0,"password":""}