{"id":"gen9nationaldexdoubles-1982257961","p1":"tifftiff","p2":"KingoftheTitans","format":"[Gen 9] National Dex Doubles","log":"|j|\u2606tifftiff\n|j|\u2606KingoftheTitans\n|t:|1698985578\n|gametype|doubles\n|player|p1|tifftiff|cynthia-gen4|1140\n|player|p2|KingoftheTitans|102|1111\n|teamsize|p1|6\n|teamsize|p2|6\n|gen|9\n|tier|[Gen 9] National Dex Doubles\n|rated|\n|rule|HP Percentage Mod: HP is shown in percentages\n|rule|Endless Battle Clause: Forcing endless battles is banned\n|rule|OHKO Clause: OHKO moves are banned\n|rule|Evasion Moves Clause: Evasion moves are banned\n|rule|Evasion Abilities Clause: Evasion abilities are banned\n|rule|Species Clause: Limit one of each Pok\u00e9mon\n|rule|Gravity Sleep Clause: The combination of sleep-inducing moves with imperfect accuracy and Gravity or Gigantamax Orbeetle are banned\n|clearpoke\n|poke|p1|Tapu Koko|\n|poke|p1|Raichu-Alola, M|\n|poke|p1|Iron Hands|\n|poke|p1|Rillaboom, F|\n|poke|p1|Rotom-Wash|\n|poke|p1|Zapdos|\n|poke|p2|Ogerpon-Hearthflame, F|\n|poke|p2|Deoxys-Attack|\n|poke|p2|Salamence, M|\n|poke|p2|Dragapult, M|\n|poke|p2|Darmanitan-Galar, F|\n|poke|p2|Flutter Mane|\n|teampreview\n|inactive|Battle timer is ON: inactive players will automatically lose when time's up. (requested by tifftiff)\n|\n|t:|1698985591\n|start\n|switch|p1a: Coconut|Tapu Koko|100\/100\n|switch|p1b: CHU|Raichu-Alola, M|100\/100\n|switch|p2a: Deoxys|Deoxys-Attack, shiny|100\/100\n|switch|p2b: Flutter Mane|Flutter Mane, shiny|100\/100\n|-ability|p2a: Deoxys|Pressure\n|-fieldstart|move: Electric Terrain|[from] ability: Electric Surge|[of] p1a: Coconut\n|-enditem|p2b: Flutter Mane|Booster Energy\n|-activate|p2b: Flutter Mane|ability: Protosynthesis|[fromitem]\n|-start|p2b: Flutter Mane|protosynthesisspe\n|turn|1\n|inactive|tifftiff has 120 seconds left.\n|\n|t:|1698985625\n|move|p1b: CHU|Rising Voltage|p2b: Flutter Mane\n|-hint|Rising Voltage's BP doubled on grounded target.\n|-damage|p2b: Flutter Mane|0 fnt\n|faint|p2b: Flutter Mane\n|-end|p2b: Flutter Mane|Protosynthesis|[silent]\n|-damage|p1b: CHU|91\/100|[from] item: Life Orb\n|move|p2a: Deoxys|Psycho Boost|p1a: Coconut\n|-damage|p1a: Coconut|5\/100\n|-unboost|p2a: Deoxys|spa|2\n|move|p1a: Coconut|U-turn|p2a: Deoxys\n|-supereffective|p2a: Deoxys\n|-enditem|p2a: Deoxys|Focus Sash\n|-damage|p2a: Deoxys|1\/100\n|inactive|tifftiff has 120 seconds left.\n|\n|t:|1698985652\n|switch|p1a: SpicyBird|Zapdos|100\/100|[from] U-turn\n|\n|upkeep\n|\n|t:|1698985659\n|switch|p2b: Darmanitan|Darmanitan-Galar, F, shiny|100\/100\n|turn|2\n|inactive|tifftiff has 120 seconds left.\n|\n|t:|1698985684\n|-terastallize|p2b: Darmanitan|Ground\n|-terastallize|p1a: SpicyBird|Steel\n|move|p2a: Deoxys|Extreme Speed|p1a: SpicyBird\n|-resisted|p1a: SpicyBird\n|-damage|p1a: SpicyBird|84\/100\n|move|p1b: CHU|Rising Voltage|p2a: Deoxys\n|-hint|Rising Voltage's BP doubled on grounded target.\n|-damage|p2a: Deoxys|0 fnt\n|faint|p2a: Deoxys\n|-damage|p1b: CHU|81\/100|[from] item: Life Orb\n|move|p2b: Darmanitan|Earthquake|p1b: CHU|[spread] p1a,p1b\n|-supereffective|p1a: SpicyBird\n|-supereffective|p1b: CHU\n|-damage|p1a: SpicyBird|0 fnt\n|-damage|p1b: CHU|0 fnt\n|faint|p1a: SpicyBird\n|faint|p1b: CHU\n|\n|upkeep\n|inactive|tifftiff has 120 seconds left.\n|\n|t:|1698985707\n|switch|p2a: Ogerpon|Ogerpon-Hearthflame, F|100\/100\n|switch|p1b: Laundry|Rotom-Wash|100\/100\n|switch|p1a: Monke|Rillaboom, F|100\/100\n|-ability|p2a: Ogerpon|Mold Breaker\n|-fieldstart|move: Grassy Terrain|[from] ability: Grassy Surge|[of] p1a: Monke\n|turn|3\n|inactive|tifftiff has 120 seconds left.\n|\n|t:|1698985737\n|switch|p2b: Dragapult|Dragapult, M, shiny|100\/100\n|move|p2a: Ogerpon|Horn Leech|p1b: Laundry\n|-supereffective|p1b: Laundry\n|-damage|p1b: Laundry|0 fnt\n|faint|p1b: Laundry\n|move|p1a: Monke|Drum Beating|p2b: Dragapult\n|-resisted|p2b: Dragapult\n|-damage|p2b: Dragapult|58\/100\n|-unboost|p2b: Dragapult|spe|1\n|-start|p1a: Monke|Disable|Drum Beating|[from] ability: Cursed Body|[of] p2b: Dragapult\n|\n|-heal|p2b: Dragapult|64\/100|[from] Grassy Terrain\n|upkeep\n|\n|t:|1698985756\n|switch|p1b: Paper|Iron Hands|100\/100\n|turn|4\n|inactive|tifftiff has 120 seconds left.\n|\n|t:|1698985773\n|move|p2a: Ogerpon|Ivy Cudgel|p1a: Monke\n|-supereffective|p1a: Monke\n|-damage|p1a: Monke|0 fnt\n|faint|p1a: Monke\n|move|p2b: Dragapult|Draco Meteor|p1b: Paper\n|-damage|p1b: Paper|47\/100\n|-unboost|p2b: Dragapult|spa|2\n|move|p1b: Paper|Ice Punch|p2b: Dragapult\n|-supereffective|p2b: Dragapult\n|-damage|p2b: Dragapult|0 fnt\n|faint|p2b: Dragapult\n|\n|-heal|p1b: Paper|53\/100|[from] Grassy Terrain\n|upkeep\n|\n|t:|1698985786\n|switch|p2b: Darmanitan|Darmanitan-Galar, F, shiny, tera:Ground|100\/100\n|switch|p1a: Coconut|Tapu Koko|5\/100\n|-fieldstart|move: Electric Terrain|[from] ability: Electric Surge|[of] p1a: Coconut\n|-activate|p1b: Paper|ability: Quark Drive\n|-start|p1b: Paper|quarkdriveatk\n|turn|5\n|\n|t:|1698985798\n|switch|p2a: Salamence|Salamence, M, shiny|100\/100\n|-ability|p2a: Salamence|Intimidate|boost\n|-unboost|p1a: Coconut|atk|1\n|-unboost|p1b: Paper|atk|1\n|move|p2b: Darmanitan|Earthquake|p1b: Paper|[spread] p1a,p1b\n|-immune|p2a: Salamence\n|-supereffective|p1a: Coconut\n|-supereffective|p1b: Paper\n|-damage|p1a: Coconut|0 fnt\n|-damage|p1b: Paper|0 fnt\n|faint|p1a: Coconut\n|faint|p1b: Paper\n|-end|p1b: Paper|Quark Drive|[silent]\n|\n|win|KingoftheTitans\n|raw|tifftiff's rating: 1140 &rarr; <strong>1113<\/strong><br \/>(-27 for losing)\n|raw|KingoftheTitans's rating: 1111 &rarr; <strong>1138<\/strong><br \/>(+27 for winning)\n|c|\u2606tifftiff|gg\n|c|\u2606KingoftheTitans|gg\n","uploadtime":1698985811,"views":15,"p1id":"tifftiff","p2id":"kingofthetitans","formatid":"gen9nationaldexdoubles","rating":1113,"private":0,"password":""}