{"id":"gen9nationaldexdoubles-1956491083","p1":"dippdamacy","p2":"cassinidivision","format":"[Gen 9] National Dex Doubles","log":"|j|\u2606dippdamacy\n|j|\u2606cassinidivision\n|t:|1696113255\n|gametype|doubles\n|player|p1|dippdamacy|colress|\n|player|p2|cassinidivision|bede-masters|\n|teamsize|p1|6\n|teamsize|p2|6\n|gen|9\n|tier|[Gen 9] National Dex Doubles\n|rule|HP Percentage Mod: HP is shown in percentages\n|rule|Endless Battle Clause: Forcing endless battles is banned\n|rule|OHKO Clause: OHKO moves are banned\n|rule|Evasion Moves Clause: Evasion moves are banned\n|rule|Evasion Abilities Clause: Evasion abilities are banned\n|rule|Species Clause: Limit one of each Pok\u00e9mon\n|rule|Gravity Sleep Clause: The combination of sleep-inducing moves with imperfect accuracy and Gravity or Gigantamax Orbeetle are banned\n|clearpoke\n|poke|p1|Magneton|\n|poke|p1|Rotom-Wash|\n|poke|p1|Metagross|\n|poke|p1|Beheeyem, M|\n|poke|p1|Magnezone|\n|poke|p1|Klinklang|\n|poke|p2|Hatterene, F|\n|poke|p2|Rapidash-Galar, M|\n|poke|p2|Reuniclus, M|\n|poke|p2|Gothitelle, F|\n|poke|p2|Espeon, F|\n|poke|p2|Delphox, F|\n|teampreview\n|c|\u2606cassinidivision|im so fucked\n|c|\u2606dippdamacy|im sorry... little one...\n|\n|t:|1696113412\n|start\n|switch|p1a: Maggy|Magneton, shiny|100\/100\n|switch|p1b: Beheeyem|Beheeyem, M|100\/100\n|switch|p2a: Reuniclus|Reuniclus, M|100\/100\n|switch|p2b: Gothitelle|Gothitelle, F|100\/100\n|turn|1\n|\n|t:|1696113495\n|move|p2b: Gothitelle|Fake Out|p1b: Beheeyem\n|-damage|p1b: Beheeyem|95\/100\n|move|p1a: Maggy|Volt Switch|p2a: Reuniclus\n|-damage|p2a: Reuniclus|76\/100\n|\n|t:|1696113516\n|switch|p1a: Metagross|Metagross|100\/100|[from] Volt Switch\n|cant|p1b: Beheeyem|flinch\n|move|p2a: Reuniclus|Trick Room|p2a: Reuniclus\n|-fieldstart|move: Trick Room|[of] p2a: Reuniclus\n|\n|-heal|p1b: Beheeyem|100\/100|[from] item: Leftovers\n|upkeep\n|turn|2\n|\n|t:|1696113560\n|move|p2a: Reuniclus|Reflect|p2a: Reuniclus\n|-sidestart|p2: cassinidivision|Reflect\n|move|p1b: Beheeyem|Calm Mind|p1b: Beheeyem\n|-boost|p1b: Beheeyem|spa|1\n|-boost|p1b: Beheeyem|spd|1\n|move|p2b: Gothitelle|Dark Pulse|p1b: Beheeyem\n|-supereffective|p1b: Beheeyem\n|-damage|p1b: Beheeyem|75\/100\n|move|p1a: Metagross|Meteor Mash|p2a: Reuniclus|[miss]\n|-miss|p1a: Metagross|p2a: Reuniclus\n|\n|-heal|p1b: Beheeyem|81\/100|[from] item: Leftovers\n|upkeep\n|turn|3\n|\n|t:|1696113589\n|move|p2a: Reuniclus|Light Screen|p2a: Reuniclus\n|-sidestart|p2: cassinidivision|move: Light Screen\n|move|p1b: Beheeyem|Calm Mind|p1b: Beheeyem\n|-boost|p1b: Beheeyem|spa|1\n|-boost|p1b: Beheeyem|spd|1\n|move|p2b: Gothitelle|Dark Pulse|p1b: Beheeyem\n|-supereffective|p1b: Beheeyem\n|-damage|p1b: Beheeyem|62\/100\n|move|p1a: Metagross|Rock Slide|p2a: Reuniclus|[spread] p2a,p2b\n|-damage|p2a: Reuniclus|59\/100\n|-damage|p2b: Gothitelle|82\/100\n|\n|-heal|p1b: Beheeyem|68\/100|[from] item: Leftovers\n|-heal|p2b: Gothitelle|89\/100|[from] item: Leftovers\n|upkeep\n|turn|4\n|\n|t:|1696113632\n|move|p2a: Reuniclus|Psychic|p1b: Beheeyem\n|-resisted|p1b: Beheeyem\n|-damage|p1b: Beheeyem|59\/100\n|move|p1b: Beheeyem|Calm Mind|p1b: Beheeyem\n|-boost|p1b: Beheeyem|spa|1\n|-boost|p1b: Beheeyem|spd|1\n|move|p2b: Gothitelle|Dark Pulse|p1b: Beheeyem\n|-supereffective|p1b: Beheeyem\n|-damage|p1b: Beheeyem|44\/100\n|move|p1a: Metagross|Rock Slide|p2b: Gothitelle|[spread] p2b\n|-miss|p1a: Metagross|p2a: Reuniclus\n|-damage|p2b: Gothitelle|72\/100\n|\n|-heal|p1b: Beheeyem|50\/100|[from] item: Leftovers\n|-heal|p2b: Gothitelle|78\/100|[from] item: Leftovers\n|upkeep\n|turn|5\n|\n|t:|1696113660\n|switch|p2a: Rapidash|Rapidash-Galar, M|100\/100\n|move|p1b: Beheeyem|Energy Ball|p2a: Rapidash\n|-damage|p2a: Rapidash|34\/100\n|-unboost|p2a: Rapidash|spd|1\n|move|p2b: Gothitelle|Dark Pulse|p1b: Beheeyem\n|-supereffective|p1b: Beheeyem\n|-damage|p1b: Beheeyem|37\/100\n|move|p1a: Metagross|Meteor Mash|p2a: Rapidash\n|-supereffective|p2a: Rapidash\n|-damage|p2a: Rapidash|0 fnt\n|faint|p2a: Rapidash\n|\n|-heal|p1b: Beheeyem|43\/100|[from] item: Leftovers\n|-heal|p2b: Gothitelle|84\/100|[from] item: Leftovers\n|-fieldend|move: Trick Room\n|upkeep\n|c|\u2606cassinidivision|ah shit my horse\n|c|\u2606dippdamacy|HONSE NOOO\n|\n|t:|1696113685\n|switch|p2a: Espeon|Espeon, F|100\/100\n|turn|6\n|\n|t:|1696113711\n|move|p2a: Espeon|Sunny Day|p2a: Espeon\n|-weather|SunnyDay\n|move|p1a: Metagross|Rock Slide|p2a: Espeon|[spread] p2a,p2b\n|-damage|p2a: Espeon|71\/100\n|-damage|p2b: Gothitelle|68\/100\n|cant|p2b: Gothitelle|flinch\n|move|p1b: Beheeyem|Energy Ball|p2b: Gothitelle\n|-damage|p2b: Gothitelle|40\/100\n|\n|-weather|SunnyDay|[upkeep]\n|-heal|p2b: Gothitelle|46\/100|[from] item: Leftovers\n|-heal|p1b: Beheeyem|50\/100|[from] item: Leftovers\n|-sideend|p2: cassinidivision|Reflect\n|upkeep\n|turn|7\n|\n|t:|1696113738\n|move|p2a: Espeon|Hidden Power|p1a: Metagross\n|-supereffective|p1a: Metagross\n|-damage|p1a: Metagross|17\/100\n|move|p1a: Metagross|Meteor Mash|p2b: Gothitelle\n|-damage|p2b: Gothitelle|0 fnt\n|faint|p2b: Gothitelle\n|move|p1b: Beheeyem|Recover|p1b: Beheeyem\n|-heal|p1b: Beheeyem|99\/100\n|\n|-weather|SunnyDay|[upkeep]\n|-heal|p1b: Beheeyem|100\/100|[from] item: Leftovers\n|-sideend|p2: cassinidivision|move: Light Screen\n|upkeep\n|\n|t:|1696113750\n|switch|p2b: Delphox|Delphox, F|100\/100\n|turn|8\n|\n|t:|1696113805\n|switch|p1a: Rotom|Rotom-Wash|100\/100\n|move|p2b: Delphox|Protect|p2b: Delphox\n|-singleturn|p2b: Delphox|Protect\n|move|p2a: Espeon|Hidden Power|p1a: Rotom\n|-resisted|p1a: Rotom\n|-damage|p1a: Rotom|83\/100\n|move|p1b: Beheeyem|Psychic|p2b: Delphox\n|-activate|p2b: Delphox|move: Protect\n|\n|-weather|SunnyDay|[upkeep]\n|upkeep\n|turn|9\n|\n|t:|1696113851\n|switch|p2b: Reuniclus|Reuniclus, M|92\/100\n|move|p2a: Espeon|Grass Knot|p1a: Rotom\n|-supereffective|p1a: Rotom\n|-damage|p1a: Rotom|67\/100\n|move|p1a: Rotom|Will-O-Wisp|p2a: Espeon\n|move|p2a: Espeon|Will-O-Wisp|p1a: Rotom|[from]ability: Magic Bounce\n|-status|p1a: Rotom|brn\n|move|p1b: Beheeyem|Energy Ball|p2b: Reuniclus\n|-damage|p2b: Reuniclus|51\/100\n|\n|-weather|SunnyDay|[upkeep]\n|-damage|p1a: Rotom|61\/100 brn|[from] brn\n|upkeep\n|turn|10\n|c|\u2606dippdamacy|AH BLLCKS\n|c|\u2606cassinidivision|TEEHEE\n|\n|t:|1696113887\n|move|p2a: Espeon|Grass Knot|p1a: Rotom\n|-supereffective|p1a: Rotom\n|-damage|p1a: Rotom|45\/100 brn\n|move|p1a: Rotom|Substitute|p1a: Rotom\n|-start|p1a: Rotom|Substitute\n|-damage|p1a: Rotom|20\/100 brn\n|move|p1b: Beheeyem|Energy Ball|p2b: Reuniclus\n|-damage|p2b: Reuniclus|8\/100\n|move|p2b: Reuniclus|Light Screen|p2b: Reuniclus\n|-sidestart|p2: cassinidivision|move: Light Screen\n|\n|-weather|SunnyDay|[upkeep]\n|-damage|p1a: Rotom|14\/100 brn|[from] brn\n|upkeep\n|turn|11\n|\n|t:|1696113932\n|move|p2a: Espeon|Grass Knot|p1a: Rotom\n|-supereffective|p1a: Rotom\n|-activate|p1a: Rotom|move: Substitute|[damage]\n|move|p1a: Rotom|Will-O-Wisp|p2b: Reuniclus\n|-status|p2b: Reuniclus|brn\n|move|p1b: Beheeyem|Energy Ball|p2a: Espeon\n|-damage|p2a: Espeon|19\/100\n|move|p2b: Reuniclus|Reflect|p2b: Reuniclus\n|-sidestart|p2: cassinidivision|Reflect\n|\n|-weather|SunnyDay|[upkeep]\n|-damage|p1a: Rotom|8\/100 brn|[from] brn\n|-damage|p2b: Reuniclus|2\/100 brn|[from] brn\n|upkeep\n|turn|12\n|\n|t:|1696113959\n|move|p2a: Espeon|Morning Sun|p2a: Espeon\n|-heal|p2a: Espeon|86\/100\n|move|p1a: Rotom|Hydro Pump|p2a: Espeon\n|-damage|p2a: Espeon|64\/100\n|-damage|p1a: Rotom|0 fnt|[from] item: Life Orb\n|faint|p1a: Rotom\n|move|p1b: Beheeyem|Calm Mind|p1b: Beheeyem\n|-boost|p1b: Beheeyem|spa|1\n|-boost|p1b: Beheeyem|spd|1\n|move|p2b: Reuniclus|Psychic|p1b: Beheeyem\n|-resisted|p1b: Beheeyem\n|-damage|p1b: Beheeyem|94\/100\n|\n|-weather|SunnyDay|[upkeep]\n|-heal|p1b: Beheeyem|100\/100|[from] item: Leftovers\n|-damage|p2b: Reuniclus|0 fnt|[from] brn\n|faint|p2b: Reuniclus\n|upkeep\n|\n|t:|1696113991\n|switch|p1a: Maggy|Magneton, shiny|100\/100\n|switch|p2b: Delphox|Delphox, F|100\/100\n|turn|13\n|\n|t:|1696114065\n|move|p2a: Espeon|Hidden Power|p1a: Maggy\n|-supereffective|p1a: Maggy\n|-damage|p1a: Maggy|37\/100\n|move|p2b: Delphox|Calm Mind|p2b: Delphox\n|-boost|p2b: Delphox|spa|1\n|-boost|p2b: Delphox|spd|1\n|move|p1a: Maggy|Tri Attack|p2b: Delphox\n|-damage|p2b: Delphox|89\/100\n|move|p1b: Beheeyem|Energy Ball|p2a: Espeon\n|-damage|p2a: Espeon|0 fnt\n|faint|p2a: Espeon\n|\n|-weather|none\n|upkeep\n|\n|t:|1696114078\n|switch|p2a: Hatterene|Hatterene, F|100\/100\n|turn|14\n|\n|t:|1696114093\n|move|p2b: Delphox|Heat Wave|p1a: Maggy|[spread] p1a,p1b\n|-supereffective|p1a: Maggy\n|-damage|p1a: Maggy|0 fnt\n|-damage|p1b: Beheeyem|80\/100\n|-status|p1b: Beheeyem|brn\n|-activate|p1b: Beheeyem|ability: Synchronize\n|-immune|p2b: Delphox\n|faint|p1a: Maggy\n|move|p1b: Beheeyem|Energy Ball|p2a: Hatterene\n|-damage|p2a: Hatterene|52\/100\n|move|p2a: Hatterene|Calm Mind|p2a: Hatterene\n|-boost|p2a: Hatterene|spa|1\n|-boost|p2a: Hatterene|spd|1\n|\n|-heal|p1b: Beheeyem|86\/100 brn|[from] item: Leftovers\n|-damage|p1b: Beheeyem|80\/100 brn|[from] brn\n|-sideend|p2: cassinidivision|move: Light Screen\n|upkeep\n|\n|t:|1696114112\n|switch|p1a: Magnezone|Magnezone|100\/100\n|turn|15\n|\n|t:|1696114127\n|move|p2b: Delphox|Heat Wave|p1a: Magnezone|[spread] p1a,p1b\n|-supereffective|p1a: Magnezone\n|-ability|p1a: Magnezone|Sturdy\n|-damage|p1a: Magnezone|1\/100\n|-damage|p1b: Beheeyem|60\/100 brn\n|move|p1a: Magnezone|Flash Cannon|p2b: Delphox\n|-resisted|p2b: Delphox\n|-damage|p2b: Delphox|72\/100\n|move|p1b: Beheeyem|Energy Ball|p2a: Hatterene\n|-damage|p2a: Hatterene|4\/100\n|move|p2a: Hatterene|Dazzling Gleam|p1a: Magnezone|[spread] p1a,p1b\n|-resisted|p1a: Magnezone\n|-damage|p1a: Magnezone|0 fnt\n|-damage|p1b: Beheeyem|39\/100 brn\n|faint|p1a: Magnezone\n|\n|-heal|p1b: Beheeyem|45\/100 brn|[from] item: Leftovers\n|-damage|p1b: Beheeyem|39\/100 brn|[from] brn\n|-sideend|p2: cassinidivision|Reflect\n|upkeep\n|c|\u2606dippdamacy|I PRESSED THE WRONG\n|\n|t:|1696114144\n|switch|p1a: Metagross|Metagross|17\/100\n|turn|16\n|c|\u2606cassinidivision|oh nooooooo. anyways\n|\n|t:|1696114155\n|move|p2b: Delphox|Wish|p2b: Delphox\n|move|p1a: Metagross|Rock Slide|p2a: Hatterene|[spread] p2a\n|-miss|p1a: Metagross|p2b: Delphox\n|-damage|p2a: Hatterene|0 fnt\n|faint|p2a: Hatterene\n|move|p1b: Beheeyem|Recover|p1b: Beheeyem\n|-heal|p1b: Beheeyem|89\/100 brn\n|\n|-heal|p1b: Beheeyem|95\/100 brn|[from] item: Leftovers\n|-damage|p1b: Beheeyem|89\/100 brn|[from] brn\n|upkeep\n|turn|17\n|c|\u2606dippdamacy|oh ofc delphox avoids it. die\n|c|\u2606dippdamacy|\/\/silly\n|c|\u2606cassinidivision|dies\n|\n|t:|1696114181\n|move|p2b: Delphox|Heat Wave|p1a: Metagross|[spread] p1a,p1b\n|-supereffective|p1a: Metagross\n|-damage|p1a: Metagross|0 fnt\n|-damage|p1b: Beheeyem|71\/100 brn\n|faint|p1a: Metagross\n|move|p1b: Beheeyem|Energy Ball|p2b: Delphox\n|-resisted|p2b: Delphox\n|-damage|p2b: Delphox|50\/100\n|-unboost|p2b: Delphox|spd|1\n|\n|-heal|p2b: Delphox|99\/100|[from] move: Wish|[wisher] Delphox\n|-heal|p1b: Beheeyem|77\/100 brn|[from] item: Leftovers\n|-damage|p1b: Beheeyem|71\/100 brn|[from] brn\n|upkeep\n|c|\u2606cassinidivision|oooo im a ghoooooost\n|\n|t:|1696114193\n|switch|p1a: Klinklang|Klinklang|100\/100\n|-item|p1a: Klinklang|Air Balloon\n|turn|18\n|\n|t:|1696114254\n|-terastallize|p1a: Klinklang|Steel\n|move|p1a: Klinklang|Gear Grind|p2b: Delphox\n|-resisted|p2b: Delphox\n|-damage|p2b: Delphox|79\/100\n|-resisted|p2b: Delphox\n|-damage|p2b: Delphox|60\/100\n|-hitcount|p2b: Delphox|2\n|move|p2b: Delphox|Calm Mind|p2b: Delphox\n|-boost|p2b: Delphox|spa|1\n|-boost|p2b: Delphox|spd|1\n|move|p1b: Beheeyem|Energy Ball|p2b: Delphox\n|-resisted|p2b: Delphox\n|-damage|p2b: Delphox|34\/100\n|\n|-heal|p1b: Beheeyem|77\/100 brn|[from] item: Leftovers\n|-damage|p1b: Beheeyem|71\/100 brn|[from] brn\n|upkeep\n|turn|19\n|\n|t:|1696114276\n|move|p1a: Klinklang|Gear Grind|p2b: Delphox\n|-resisted|p2b: Delphox\n|-damage|p2b: Delphox|15\/100\n|-enditem|p2b: Delphox|Salac Berry|[eat]\n|-boost|p2b: Delphox|spe|1|[from] item: Salac Berry\n|-resisted|p2b: Delphox\n|-damage|p2b: Delphox|0 fnt\n|faint|p2b: Delphox\n|-hitcount|p2: Delphox|2\n|\n|win|dippdamacy\n|c|\u2606cassinidivision|man that beheeym is brutal\n|c|\u2606dippdamacy|thank you :)\n|c|\u2606dippdamacy|usually the klinklang is\n|c|\u2606cassinidivision|i think i have a better idea for round 2 though\n|c|\u2606cassinidivision|i got further than i expected bede to\n|c|\u2606dippdamacy|oo\n","uploadtime":1696114350,"views":11,"p1id":"dippdamacy","p2id":"cassinidivision","formatid":"gen9nationaldexdoubles","rating":0,"private":0,"password":""}