{"id":"gen9nationaldexdoubles-1967124923","p1":"Mayo_Naise_lol","p2":"Junky Dummy","format":"[Gen 9] National Dex Doubles","log":"|j|\u2606Mayo_Naise_lol\n|j|\u2606Junky Dummy\n|t:|1697257635\n|gametype|doubles\n|player|p1|Mayo_Naise_lol|harlequin|\n|player|p2|Junky Dummy|266|\n|teamsize|p1|6\n|teamsize|p2|6\n|gen|9\n|tier|[Gen 9] National Dex Doubles\n|rule|HP Percentage Mod: HP is shown in percentages\n|rule|Endless Battle Clause: Forcing endless battles is banned\n|rule|OHKO Clause: OHKO moves are banned\n|rule|Evasion Moves Clause: Evasion moves are banned\n|rule|Evasion Abilities Clause: Evasion abilities are banned\n|rule|Species Clause: Limit one of each Pok\u00e9mon\n|rule|Gravity Sleep Clause: The combination of sleep-inducing moves with imperfect accuracy and Gravity or Gigantamax Orbeetle are banned\n|clearpoke\n|poke|p1|Weezing, F|\n|poke|p1|Regigigas|\n|poke|p1|Tornadus, M|\n|poke|p1|Urshifu-*, M|\n|poke|p1|Regieleki|\n|poke|p1|Toedscruel, F|\n|poke|p2|Tyranitar, F|\n|poke|p2|Zygarde|\n|poke|p2|Tornadus, M|\n|poke|p2|Jirachi|\n|poke|p2|Volcanion|\n|poke|p2|Rillaboom, M|\n|teampreview\n|inactive|Battle timer is ON: inactive players will automatically lose when time's up. (requested by Junky Dummy)\n|\n|t:|1697257650\n|start\n|switch|p1a: Let me win plz|Weezing, F|100\/100\n|switch|p1b: Peak|Regigigas|100\/100\n|switch|p2a: Rillaboom|Rillaboom, M, shiny|100\/100\n|switch|p2b: Tornadus|Tornadus, M, shiny|100\/100\n|-ability|p1a: Let me win plz|Neutralizing Gas\n|turn|1\n|inactive|Mayo_Naise_lol has 270 seconds left.\n|inactive|Junky Dummy has 270 seconds left.\n|\n|t:|1697257687\n|move|p2a: Rillaboom|Fake Out|p1b: Peak\n|-damage|p1b: Peak|89\/100\n|move|p2b: Tornadus|Taunt|p1a: Let me win plz\n|-start|p1a: Let me win plz|move: Taunt\n|cant|p1b: Peak|flinch\n|cant|p1a: Let me win plz|move: Taunt|Will-O-Wisp\n|\n|upkeep\n|turn|2\n|\n|t:|1697257711\n|move|p2b: Tornadus|Tailwind|p2b: Tornadus\n|-sidestart|p2: Junky Dummy|move: Tailwind\n|move|p2a: Rillaboom|U-turn|p1a: Let me win plz\n|-resisted|p1a: Let me win plz\n|-damage|p1a: Let me win plz|90\/100\n|inactive|Junky Dummy has 270 seconds left.\n|\n|t:|1697257731\n|switch|p2a: Volcanion|Volcanion|100\/100|[from] U-turn\n|move|p1b: Peak|Ice Punch|p2b: Tornadus\n|-supereffective|p2b: Tornadus\n|-damage|p2b: Tornadus|0 fnt\n|faint|p2b: Tornadus\n|-damage|p1b: Peak|79\/100|[from] item: Life Orb\n|move|p1a: Let me win plz|Sludge Bomb|p2a: Volcanion\n|-damage|p2a: Volcanion|85\/100\n|-status|p2a: Volcanion|psn\n|\n|-heal|p1a: Let me win plz|96\/100|[from] item: Leftovers\n|-damage|p2a: Volcanion|73\/100 psn|[from] psn\n|upkeep\n|\n|t:|1697257748\n|switch|p2b: Rillaboom|Rillaboom, M, shiny|100\/100\n|turn|3\n|inactive|Junky Dummy has 270 seconds left.\n|\n|t:|1697257781\n|move|p2b: Rillaboom|Fake Out|p1a: Let me win plz\n|-damage|p1a: Let me win plz|85\/100\n|move|p2a: Volcanion|Heat Wave|p1b: Peak|[spread] p1a,p1b\n|-damage|p1a: Let me win plz|45\/100\n|-damage|p1b: Peak|46\/100\n|-status|p1b: Peak|brn\n|move|p1b: Peak|Return|p2b: Rillaboom\n|-damage|p2b: Rillaboom|61\/100\n|-damage|p1b: Peak|36\/100 brn|[from] item: Life Orb\n|cant|p1a: Let me win plz|flinch\n|\n|-heal|p1a: Let me win plz|51\/100|[from] item: Leftovers\n|-damage|p2a: Volcanion|61\/100 psn|[from] psn\n|-damage|p1b: Peak|30\/100 brn|[from] brn\n|-end|p1a: Let me win plz|move: Taunt\n|upkeep\n|turn|4\n|\n|t:|1697257802\n|move|p2b: Rillaboom|U-turn|p1a: Let me win plz\n|-resisted|p1a: Let me win plz\n|-damage|p1a: Let me win plz|41\/100\n|\n|t:|1697257810\n|switch|p2b: Tyranitar|Tyranitar, F, shiny|100\/100|[from] U-turn\n|move|p2a: Volcanion|Heat Wave|p1a: Let me win plz|[spread] p1a,p1b\n|-damage|p1a: Let me win plz|1\/100\n|-damage|p1b: Peak|0 fnt\n|faint|p1b: Peak\n|-end|p1b: Peak|Slow Start|[silent]\n|move|p1a: Let me win plz|Sludge Bomb|p2b: Tyranitar\n|-resisted|p2b: Tyranitar\n|-damage|p2b: Tyranitar|92\/100\n|\n|-heal|p1a: Let me win plz|7\/100|[from] item: Leftovers\n|-damage|p2a: Volcanion|48\/100 psn|[from] psn\n|upkeep\n|\n|t:|1697257817\n|switch|p1b: Idliketoliveplz|Toedscruel, F|100\/100\n|turn|5\n|inactive|Junky Dummy has 270 seconds left.\n|\n|t:|1697257834\n|detailschange|p2b: Tyranitar|Tyranitar-Mega, F, shiny\n|-mega|p2b: Tyranitar|Tyranitar|Tyranitarite\n|move|p1a: Let me win plz|Protect|p1a: Let me win plz\n|-singleturn|p1a: Let me win plz|Protect\n|move|p2b: Tyranitar|Stealth Rock|p1a: Let me win plz\n|-sidestart|p1: Mayo_Naise_lol|move: Stealth Rock\n|move|p2a: Volcanion|Heat Wave|p1b: Idliketoliveplz|[spread] p1b\n|-activate|p1a: Let me win plz|move: Protect\n|-supereffective|p1b: Idliketoliveplz\n|-damage|p1b: Idliketoliveplz|39\/100\n|move|p1b: Idliketoliveplz|Spore|p2b: Tyranitar\n|-status|p2b: Tyranitar|slp|[from] move: Spore\n|\n|-heal|p1b: Idliketoliveplz|45\/100|[from] item: Leftovers\n|-heal|p1a: Let me win plz|13\/100|[from] item: Leftovers\n|-damage|p2a: Volcanion|36\/100 psn|[from] psn\n|-sideend|p2: Junky Dummy|move: Tailwind\n|upkeep\n|turn|6\n|inactive|Junky Dummy has 270 seconds left.\n|inactive|Mayo_Naise_lol has 270 seconds left.\n|\n|t:|1697257880\n|switch|p1b: Least regi|Regieleki|100\/100\n|-damage|p1b: Least regi|88\/100|[from] Stealth Rock\n|-end|p1a: Let me win plz|ability: Neutralizing Gas\n|-weather|Sandstorm|[from] ability: Sand Stream|[of] p2b: Tyranitar\n|switch|p1a: MayIwinplz|Tornadus, M|100\/100\n|switch|p2b: Zygarde|Zygarde, shiny|100\/100\n|-ability|p2b: Zygarde|Aura Break\n|move|p2a: Volcanion|Heat Wave|p1a: MayIwinplz|[spread] p1a,p1b\n|-crit|p1a: MayIwinplz\n|-damage|p1a: MayIwinplz|35\/100\n|-damage|p1b: Least regi|19\/100\n|\n|-weather|Sandstorm|[upkeep]\n|-damage|p1b: Least regi|13\/100|[from] Sandstorm\n|-damage|p1a: MayIwinplz|29\/100|[from] Sandstorm\n|-damage|p2a: Volcanion|30\/100 psn|[from] Sandstorm\n|-damage|p2a: Volcanion|18\/100 psn|[from] psn\n|upkeep\n|turn|7\n|inactive|Mayo_Naise_lol has 270 seconds left.\n|inactive|Junky Dummy has 270 seconds left.\n|\n|t:|1697257913\n|switch|p2a: Tyranitar|Tyranitar-Mega, F, shiny|92\/100 slp\n|move|p1b: Least regi|Protect|p1b: Least regi\n|-singleturn|p1b: Least regi|Protect\n|move|p2b: Zygarde|Extreme Speed|p1a: MayIwinplz\n|-damage|p1a: MayIwinplz|2\/100\n|move|p1a: MayIwinplz|Tailwind|p1a: MayIwinplz\n|-sidestart|p1: Mayo_Naise_lol|move: Tailwind\n|\n|-weather|Sandstorm|[upkeep]\n|-damage|p1b: Least regi|7\/100|[from] Sandstorm\n|-damage|p1a: MayIwinplz|0 fnt|[from] Sandstorm\n|faint|p1a: MayIwinplz\n|upkeep\n|\n|t:|1697257926\n|switch|p1a: Ijustwannawindood|Urshifu-Rapid-Strike, M|100\/100\n|-damage|p1a: Ijustwannawindood|94\/100|[from] Stealth Rock\n|turn|8\n|inactive|Mayo_Naise_lol has 270 seconds left.\n|\n|t:|1697257952\n|move|p2b: Zygarde|Protect|p2b: Zygarde\n|-singleturn|p2b: Zygarde|Protect\n|cant|p2a: Tyranitar|slp\n|move|p1b: Least regi|Volt Switch|p2a: Tyranitar\n|-damage|p2a: Tyranitar|71\/100 slp\n|\n|t:|1697257964\n|switch|p1b: Idliketoliveplz|Toedscruel, F|45\/100|[from] Volt Switch\n|-damage|p1b: Idliketoliveplz|39\/100|[from] Stealth Rock\n|move|p1a: Ijustwannawindood|Swords Dance|p1a: Ijustwannawindood\n|-boost|p1a: Ijustwannawindood|atk|2\n|\n|-weather|Sandstorm|[upkeep]\n|-damage|p1a: Ijustwannawindood|88\/100|[from] Sandstorm\n|-heal|p1b: Idliketoliveplz|45\/100|[from] item: Leftovers\n|upkeep\n|turn|9\n|inactive|Mayo_Naise_lol has 270 seconds left.\n|\n|t:|1697257982\n|switch|p2b: Volcanion|Volcanion|18\/100 psn\n|cant|p2a: Tyranitar|slp\n|move|p1b: Idliketoliveplz|Giga Drain|p2a: Tyranitar\n|-supereffective|p2a: Tyranitar\n|-damage|p2a: Tyranitar|51\/100 slp\n|-heal|p1b: Idliketoliveplz|56\/100|[from] drain|[of] p2a: Tyranitar\n|move|p1a: Ijustwannawindood|Surging Strikes|p2b: Volcanion\n|-heal|p2b: Volcanion|43\/100 psn|[from] ability: Water Absorb|[of] p1a: Ijustwannawindood\n|\n|-weather|Sandstorm|[upkeep]\n|-damage|p1a: Ijustwannawindood|82\/100|[from] Sandstorm\n|-damage|p2b: Volcanion|36\/100 psn|[from] Sandstorm\n|-heal|p1b: Idliketoliveplz|62\/100|[from] item: Leftovers\n|-damage|p2b: Volcanion|24\/100 psn|[from] psn\n|upkeep\n|turn|10\n|inactive|Junky Dummy has 270 seconds left.\n|\n|t:|1697258013\n|-curestatus|p2a: Tyranitar|slp|[msg]\n|move|p2a: Tyranitar|Protect|p2a: Tyranitar\n|-singleturn|p2a: Tyranitar|Protect\n|move|p1b: Idliketoliveplz|Giga Drain|p2b: Volcanion\n|-damage|p2b: Volcanion|11\/100 psn\n|-heal|p1b: Idliketoliveplz|69\/100|[from] drain|[of] p2b: Volcanion\n|move|p1a: Ijustwannawindood|Drain Punch|p2a: Tyranitar\n|-activate|p2a: Tyranitar|move: Protect\n|move|p2b: Volcanion|Flamethrower|p1b: Idliketoliveplz\n|-supereffective|p1b: Idliketoliveplz\n|-damage|p1b: Idliketoliveplz|0 fnt\n|faint|p1b: Idliketoliveplz\n|\n|-weather|none\n|-damage|p2b: Volcanion|0 fnt|[from] psn\n|faint|p2b: Volcanion\n|-sideend|p1: Mayo_Naise_lol|move: Tailwind\n|upkeep\n|\n|t:|1697258030\n|switch|p1b: Least regi|Regieleki|7\/100\n|switch|p2b: Rillaboom|Rillaboom, M, shiny|61\/100\n|-damage|p1b: Least regi|0 fnt|[from] Stealth Rock\n|faint|p1b: Least regi\n|-fieldstart|move: Grassy Terrain|[from] ability: Grassy Surge|[of] p2b: Rillaboom\n|\n|t:|1697258034\n|switch|p1b: Let me win plz|Weezing, F|13\/100\n|-ability|p1b: Let me win plz|Neutralizing Gas\n|-damage|p1b: Let me win plz|1\/100|[from] Stealth Rock\n|turn|11\n|\n|t:|1697258061\n|move|p1a: Ijustwannawindood|Protect|p1a: Ijustwannawindood\n|-singleturn|p1a: Ijustwannawindood|Protect\n|move|p1b: Let me win plz|Protect|p1b: Let me win plz\n|-singleturn|p1b: Let me win plz|Protect\n|move|p2b: Rillaboom|Fake Out|p1a: Ijustwannawindood\n|-activate|p1a: Ijustwannawindood|move: Protect\n|move|p2a: Tyranitar|Stone Edge|p1a: Ijustwannawindood\n|-activate|p1a: Ijustwannawindood|move: Protect\n|\n|-heal|p1a: Ijustwannawindood|88\/100|[from] Grassy Terrain\n|-heal|p2b: Rillaboom|67\/100|[from] Grassy Terrain\n|-heal|p1b: Let me win plz|7\/100|[from] Grassy Terrain\n|-heal|p1b: Let me win plz|13\/100|[from] item: Leftovers\n|-heal|p2a: Tyranitar|58\/100|[from] Grassy Terrain\n|upkeep\n|turn|12\n|\n|t:|1697258098\n|-terastallize|p1a: Ijustwannawindood|Fighting\n|move|p2a: Tyranitar|Protect|p2a: Tyranitar\n|-singleturn|p2a: Tyranitar|Protect\n|move|p2b: Rillaboom|Grassy Glide|p1a: Ijustwannawindood\n|-damage|p1a: Ijustwannawindood|53\/100\n|move|p1a: Ijustwannawindood|Drain Punch|p2a: Tyranitar\n|-activate|p2a: Tyranitar|move: Protect\n|move|p1b: Let me win plz|Sludge Bomb|p2b: Rillaboom\n|-supereffective|p2b: Rillaboom\n|-damage|p2b: Rillaboom|33\/100\n|\n|-heal|p1a: Ijustwannawindood|59\/100|[from] Grassy Terrain\n|-heal|p2b: Rillaboom|39\/100|[from] Grassy Terrain\n|-heal|p1b: Let me win plz|19\/100|[from] Grassy Terrain\n|-heal|p1b: Let me win plz|25\/100|[from] item: Leftovers\n|-heal|p2a: Tyranitar|64\/100|[from] Grassy Terrain\n|upkeep\n|turn|13\n|inactive|Mayo_Naise_lol has 270 seconds left.\n|\n|t:|1697258131\n|switch|p2a: Jirachi|Jirachi|100\/100\n|move|p1a: Ijustwannawindood|Drain Punch|p2a: Jirachi\n|-damage|p2a: Jirachi|5\/100\n|-heal|p1a: Ijustwannawindood|100\/100|[from] drain|[of] p2a: Jirachi\n|-enditem|p2a: Jirachi|Sitrus Berry|[eat]\n|-heal|p2a: Jirachi|30\/100|[from] item: Sitrus Berry\n|move|p2b: Rillaboom|U-turn|p1a: Ijustwannawindood\n|-resisted|p1a: Ijustwannawindood\n|-damage|p1a: Ijustwannawindood|88\/100\n|inactive|Junky Dummy has 270 seconds left.\n|\n|t:|1697258143\n|switch|p2b: Zygarde|Zygarde, shiny|100\/100|[from] U-turn\n|move|p1b: Let me win plz|Will-O-Wisp|p2b: Zygarde\n|-status|p2b: Zygarde|brn\n|\n|-heal|p1a: Ijustwannawindood|95\/100|[from] Grassy Terrain\n|-heal|p2a: Jirachi|36\/100|[from] Grassy Terrain\n|-heal|p1b: Let me win plz|31\/100|[from] Grassy Terrain\n|-heal|p1b: Let me win plz|37\/100|[from] item: Leftovers\n|-damage|p2b: Zygarde|94\/100 brn|[from] brn\n|upkeep\n|turn|14\n|inactive|Junky Dummy has 270 seconds left.\n|inactive|Mayo_Naise_lol has 270 seconds left.\n|\n|t:|1697258181\n|move|p1b: Let me win plz|Protect|p1b: Let me win plz\n|-singleturn|p1b: Let me win plz|Protect\n|move|p2a: Jirachi|Follow Me|p2a: Jirachi\n|-singleturn|p2a: Jirachi|move: Follow Me\n|move|p1a: Ijustwannawindood|Drain Punch|p2a: Jirachi\n|-damage|p2a: Jirachi|0 fnt\n|-heal|p1a: Ijustwannawindood|100\/100|[from] drain|[of] p2a: Jirachi\n|faint|p2a: Jirachi\n|move|p2b: Zygarde|Dragon Dance|p2b: Zygarde\n|-boost|p2b: Zygarde|atk|1\n|-boost|p2b: Zygarde|spe|1\n|\n|-heal|p2b: Zygarde|100\/100 brn|[from] Grassy Terrain\n|-heal|p1b: Let me win plz|43\/100|[from] Grassy Terrain\n|-heal|p1b: Let me win plz|49\/100|[from] item: Leftovers\n|-damage|p2b: Zygarde|94\/100 brn|[from] brn\n|upkeep\n|\n|t:|1697258194\n|switch|p2a: Rillaboom|Rillaboom, M, shiny|39\/100\n|turn|15\n|inactive|Junky Dummy has 270 seconds left.\n|\n|t:|1697258206\n|move|p1a: Ijustwannawindood|Protect|p1a: Ijustwannawindood\n|-singleturn|p1a: Ijustwannawindood|Protect\n|move|p2a: Rillaboom|Fake Out|p1b: Let me win plz\n|-damage|p1b: Let me win plz|37\/100\n|move|p2b: Zygarde|Thousand Arrows|p1a: Ijustwannawindood|[spread] p1b\n|-activate|p1a: Ijustwannawindood|move: Protect\n|-supereffective|p1b: Let me win plz\n|-damage|p1b: Let me win plz|0 fnt\n|faint|p1b: Let me win plz\n|-end|p1b: Let me win plz|ability: Neutralizing Gas\n|-ability|p2b: Zygarde|Aura Break\n|\n|-heal|p2b: Zygarde|100\/100 brn|[from] Grassy Terrain\n|-heal|p2a: Rillaboom|45\/100|[from] Grassy Terrain\n|-damage|p2b: Zygarde|94\/100 brn|[from] brn\n|-fieldend|move: Grassy Terrain\n|upkeep\n|turn|16\n|inactive|Junky Dummy has 270 seconds left.\n|\n|t:|1697258234\n|move|p2b: Zygarde|Thousand Arrows|p1a: Ijustwannawindood\n|-damage|p1a: Ijustwannawindood|74\/100\n|move|p1a: Ijustwannawindood|Surging Strikes|p2b: Zygarde\n|-crit|p2b: Zygarde\n|-damage|p2b: Zygarde|64\/100 brn\n|-crit|p2b: Zygarde\n|-damage|p2b: Zygarde|32\/100 brn\n|-crit|p2b: Zygarde\n|-damage|p2b: Zygarde|3\/100 brn\n|-hitcount|p2b: Zygarde|3\n|move|p2a: Rillaboom|Grassy Glide|p1a: Ijustwannawindood\n|-damage|p1a: Ijustwannawindood|44\/100\n|\n|-damage|p2b: Zygarde|0 fnt|[from] brn\n|faint|p2b: Zygarde\n|upkeep\n|inactive|Junky Dummy has 270 seconds left.\n|\n|t:|1697258245\n|switch|p2b: Tyranitar|Tyranitar-Mega, F, shiny|64\/100\n|-weather|Sandstorm|[from] ability: Sand Stream|[of] p2b: Tyranitar\n|turn|17\n|\n|t:|1697258256\n|-terastallize|p2a: Rillaboom|Water\n|move|p2b: Tyranitar|Protect|p2b: Tyranitar\n|-singleturn|p2b: Tyranitar|Protect\n|move|p1a: Ijustwannawindood|Drain Punch|p2b: Tyranitar\n|-activate|p2b: Tyranitar|move: Protect\n|move|p2a: Rillaboom|Tera Blast|p1a: Ijustwannawindood|[anim] Tera Blast Water\n|-damage|p1a: Ijustwannawindood|0 fnt\n|faint|p1a: Ijustwannawindood\n|\n|win|Junky Dummy\n|l|\u2606Mayo_Naise_lol\n","uploadtime":1697258274,"views":11,"p1id":"mayonaiselol","p2id":"junkydummy","formatid":"gen9nationaldexdoubles","rating":0,"private":0,"password":""}