{"id":"gen9nationaldexdoubles-1975467217","p1":"Angry Adipose","p2":"Lucyispower","format":"[Gen 9] National Dex Doubles","log":"|j|\u2606Angry Adipose\n|j|\u2606Lucyispower\n|t:|1698194485\n|gametype|doubles\n|player|p1|Angry Adipose|101|\n|player|p2|Lucyispower|dawn|\n|teamsize|p1|6\n|teamsize|p2|6\n|gen|9\n|tier|[Gen 9] National Dex Doubles\n|rule|HP Percentage Mod: HP is shown in percentages\n|rule|Endless Battle Clause: Forcing endless battles is banned\n|rule|OHKO Clause: OHKO moves are banned\n|rule|Evasion Moves Clause: Evasion moves are banned\n|rule|Evasion Abilities Clause: Evasion abilities are banned\n|rule|Species Clause: Limit one of each Pok\u00e9mon\n|rule|Gravity Sleep Clause: The combination of sleep-inducing moves with imperfect accuracy and Gravity or Gigantamax Orbeetle are banned\n|clearpoke\n|poke|p1|Zoroark-Hisui, M|\n|poke|p1|Spiritomb, M|\n|poke|p1|Cinderace, M|\n|poke|p1|Sinistcha-Masterpiece|\n|poke|p1|Ditto|\n|poke|p1|Ceruledge, M|\n|poke|p2|Golurk|\n|poke|p2|Zoroark-Hisui, M|\n|poke|p2|Jellicent, F|\n|poke|p2|Gholdengo|\n|poke|p2|Chandelure, M|\n|poke|p2|Sinistcha-Masterpiece|\n|teampreview\n|\n|t:|1698194508\n|start\n|switch|p1a: Dead Child|Spiritomb, M, shiny|100\/100\n|switch|p1b: Kirito-Kun|Ceruledge, M, shiny|100\/100\n|switch|p2a: Soup|Sinistcha-Masterpiece|100\/100\n|switch|p2b: Basalt|Golurk, shiny|100\/100\n|turn|1\n|\n|t:|1698194529\n|switch|p2a: Soup|Sinistcha-Masterpiece|100\/100\n|move|p1b: Kirito-Kun|Poltergeist|p2b: Basalt\n|-activate|p2b: Basalt|move: Poltergeist|Rocky Helmet\n|-supereffective|p2b: Basalt\n|-damage|p2b: Basalt|0 fnt\n|faint|p2b: Basalt\n|-damage|p1b: Kirito-Kun|91\/100|[from] item: Life Orb\n|move|p1a: Dead Child|Foul Play|p2a: Soup\n|-supereffective|p2a: Soup\n|-damage|p2a: Soup|68\/100\n|\n|upkeep\n|\n|t:|1698194541\n|switch|p2b: Tim Burton|Chandelure, M|100\/100\n|turn|2\n|\n|t:|1698194553\n|-terastallize|p2a: Soup|Grass\n|move|p2b: Tim Burton|Hyper Voice|p1b: Kirito-Kun|[spread] \n|-immune|p1a: Dead Child\n|-immune|p1b: Kirito-Kun\n|move|p1b: Kirito-Kun|Bitter Blade|p2a: Soup\n|-supereffective|p2a: Soup\n|-damage|p2a: Soup|0 fnt\n|-heal|p1b: Kirito-Kun|100\/100|[from] drain|[of] p2a: Soup\n|faint|p2a: Soup\n|-damage|p1b: Kirito-Kun|91\/100|[from] item: Life Orb\n|move|p1a: Dead Child|Foul Play|p2b: Tim Burton\n|-supereffective|p2b: Tim Burton\n|-damage|p2b: Tim Burton|0 fnt\n|replace|p2b: Soros|Zoroark-Hisui, M, shiny\n|-end|p2b: Soros|Illusion\n|faint|p2b: Soros\n|\n|upkeep\n|\n|t:|1698194579\n|switch|p2b: Tim Burton|Chandelure, M|100\/100\n|switch|p2a: Elon Musk|Gholdengo, shiny|100\/100\n|turn|3\n|\n|t:|1698194596\n|move|p1a: Dead Child|Protect|p1a: Dead Child\n|-singleturn|p1a: Dead Child|Protect\n|move|p1b: Kirito-Kun|Bitter Blade|p2a: Elon Musk\n|-supereffective|p2a: Elon Musk\n|-damage|p2a: Elon Musk|0 fnt\n|-heal|p1b: Kirito-Kun|100\/100|[from] drain|[of] p2a: Elon Musk\n|faint|p2a: Elon Musk\n|-damage|p1b: Kirito-Kun|91\/100|[from] item: Life Orb\n|move|p2b: Tim Burton|Hidden Power|p1a: Dead Child\n|-activate|p1a: Dead Child|move: Protect\n|\n|upkeep\n|\n|t:|1698194607\n|switch|p2a: Jam|Jellicent, F|100\/100\n|turn|4\n|\n|t:|1698194618\n|move|p1b: Kirito-Kun|Poltergeist|p2b: Tim Burton\n|-activate|p2b: Tim Burton|move: Poltergeist|Choice Scarf\n|-supereffective|p2b: Tim Burton\n|-damage|p2b: Tim Burton|0 fnt\n|faint|p2b: Tim Burton\n|-damage|p1b: Kirito-Kun|81\/100|[from] item: Life Orb\n|move|p2a: Jam|Brine|p1b: Kirito-Kun\n|-supereffective|p1b: Kirito-Kun\n|-damage|p1b: Kirito-Kun|33\/100\n|move|p1a: Dead Child|Toxic|p2a: Jam\n|-status|p2a: Jam|tox\n|\n|-damage|p2a: Jam|94\/100 tox|[from] psn\n|upkeep\n|turn|5\n|\n|t:|1698194636\n|move|p1b: Kirito-Kun|Poltergeist|p2a: Jam\n|-activate|p2a: Jam|move: Poltergeist|Leftovers\n|-supereffective|p2a: Jam\n|-damage|p2a: Jam|0 fnt\n|faint|p2a: Jam\n|-damage|p1b: Kirito-Kun|23\/100|[from] item: Life Orb\n|\n|win|Angry Adipose\n|l|\u2606Lucyispower\n","uploadtime":1698194660,"views":11,"p1id":"angryadipose","p2id":"lucyispower","formatid":"gen9nationaldexdoubles","rating":0,"private":0,"password":""}