{"id":"gen9nationaldexdoubles-1983243105","p1":"LightBlade35","p2":"Theadonia","format":"[Gen 9] National Dex Doubles","log":"|j|\u2606LightBlade35\n|j|\u2606Theadonia\n|t:|1699109613\n|gametype|doubles\n|player|p1|LightBlade35|grimsley|1127\n|player|p2|Theadonia|roxie|1117\n|teamsize|p1|6\n|teamsize|p2|6\n|gen|9\n|tier|[Gen 9] National Dex Doubles\n|rated|\n|rule|HP Percentage Mod: HP is shown in percentages\n|rule|Endless Battle Clause: Forcing endless battles is banned\n|rule|OHKO Clause: OHKO moves are banned\n|rule|Evasion Moves Clause: Evasion moves are banned\n|rule|Evasion Abilities Clause: Evasion abilities are banned\n|rule|Species Clause: Limit one of each Pok\u00e9mon\n|rule|Gravity Sleep Clause: The combination of sleep-inducing moves with imperfect accuracy and Gravity or Gigantamax Orbeetle are banned\n|clearpoke\n|poke|p1|Scizor, F|\n|poke|p1|Kommo-o, F|\n|poke|p1|Ninetales-Alola, M|\n|poke|p1|Volcarona, M|\n|poke|p1|Xurkitree|\n|poke|p1|Swoobat, F|\n|poke|p2|Delphox, M|\n|poke|p2|Oricorio-Sensu, F|\n|poke|p2|Kommo-o, M|\n|poke|p2|Riolu, M|\n|poke|p2|Cresselia, F|\n|poke|p2|Smeargle, F|\n|teampreview\n|\n|t:|1699109625\n|start\n|switch|p1a: Kommo-o|Kommo-o, F, shiny|100\/100\n|switch|p1b: Swoobat|Swoobat, F|100\/100\n|switch|p2a: Kommo-o|Kommo-o, M, shiny|100\/100\n|switch|p2b: Smeargle|Smeargle, F|100\/100\n|turn|1\n|\n|t:|1699109642\n|move|p2b: Smeargle|Simple Beam|p2a: Kommo-o\n|-endability|p2a: Kommo-o|Soundproof|[from] move: Simple Beam\n|-ability|p2a: Kommo-o|Simple|[from] move: Simple Beam\n|move|p1b: Swoobat|Simple Beam|p1a: Kommo-o\n|-endability|p1a: Kommo-o|Soundproof|[from] move: Simple Beam\n|-ability|p1a: Kommo-o|Simple|[from] move: Simple Beam\n|-zpower|p2a: Kommo-o\n|move|p2a: Kommo-o|Clangorous Soulblaze|p1b: Swoobat|[zeffect]|[spread] p1a,p1b\n|-supereffective|p1a: Kommo-o\n|-damage|p1a: Kommo-o|0 fnt\n|-damage|p1b: Swoobat|24\/100\n|faint|p1a: Kommo-o\n|-boost|p2a: Kommo-o|atk|2\n|-boost|p2a: Kommo-o|def|2\n|-boost|p2a: Kommo-o|spa|2\n|-boost|p2a: Kommo-o|spd|2\n|-boost|p2a: Kommo-o|spe|2\n|\n|-heal|p1b: Swoobat|30\/100|[from] item: Leftovers\n|upkeep\n|c|\u2606LightBlade35|WHAT!?\n|\n|t:|1699109666\n|switch|p1a: Ninetales|Ninetales-Alola, M|100\/100\n|-weather|Snow|[from] ability: Snow Warning|[of] p1a: Ninetales\n|turn|2\n|c|\u2606Theadonia|uwu\n|\n|t:|1699109676\n|switch|p2b: Cresselia|Cresselia, F|100\/100\n|move|p2a: Kommo-o|Poison Jab|p1a: Ninetales\n|-supereffective|p1a: Ninetales\n|-damage|p1a: Ninetales|13\/100\n|move|p1b: Swoobat|Tailwind|p1b: Swoobat\n|-sidestart|p1: LightBlade35|move: Tailwind\n|move|p1a: Ninetales|Psych Up|p2a: Kommo-o\n|-copyboost|p1a: Ninetales|p2a: Kommo-o|[from] move: Psych Up\n|\n|-weather|Snow|[upkeep]\n|-heal|p1b: Swoobat|37\/100|[from] item: Leftovers\n|upkeep\n|turn|3\n|c|\u2606LightBlade35|Unu\n|\n|t:|1699109701\n|move|p1a: Ninetales|Blizzard|p2b: Cresselia|[spread] p2a,p2b\n|-supereffective|p2a: Kommo-o\n|-damage|p2a: Kommo-o|28\/100\n|-damage|p2b: Cresselia|63\/100\n|move|p1b: Swoobat|Taunt|p2b: Cresselia\n|-start|p2b: Cresselia|move: Taunt\n|move|p2a: Kommo-o|Clangorous Soul||[still]\n|-fail|p2a: Kommo-o\n|cant|p2b: Cresselia|move: Taunt|Psych Up\n|\n|-weather|Snow|[upkeep]\n|-heal|p1b: Swoobat|43\/100|[from] item: Leftovers\n|-heal|p2b: Cresselia|69\/100|[from] item: Leftovers\n|upkeep\n|turn|4\n|c|\u2606LightBlade35|Uwu\n|\n|t:|1699109716\n|switch|p2a: Delphox|Delphox, M, shiny|100\/100\n|move|p1a: Ninetales|Blizzard|p2b: Cresselia|[spread] p2a,p2b\n|-resisted|p2a: Delphox\n|-damage|p2a: Delphox|66\/100\n|-damage|p2b: Cresselia|31\/100\n|-status|p2a: Delphox|frz\n|move|p1b: Swoobat|Air Slash|p2a: Delphox|[miss]\n|-miss|p1b: Swoobat|p2a: Delphox\n|move|p2b: Cresselia|Icy Wind|p1b: Swoobat|[spread] p1a,p1b\n|-resisted|p1a: Ninetales\n|-supereffective|p1b: Swoobat\n|-damage|p1a: Ninetales|10\/100\n|-damage|p1b: Swoobat|6\/100\n|-unboost|p1a: Ninetales|spe|1\n|-unboost|p1b: Swoobat|spe|1\n|\n|-weather|Snow|[upkeep]\n|-heal|p1b: Swoobat|12\/100|[from] item: Leftovers\n|-heal|p2b: Cresselia|37\/100|[from] item: Leftovers\n|upkeep\n|turn|5\n|\n|t:|1699109738\n|move|p1a: Ninetales|Blizzard|p2b: Cresselia|[spread] p2a,p2b\n|-resisted|p2a: Delphox\n|-damage|p2a: Delphox|32\/100 frz\n|-damage|p2b: Cresselia|1\/100\n|-status|p2b: Cresselia|frz\n|move|p1b: Swoobat|Air Slash|p2a: Delphox\n|-damage|p2a: Delphox|8\/100 frz\n|cant|p2a: Delphox|frz\n|-curestatus|p2b: Cresselia|frz|[msg]\n|move|p2b: Cresselia|Icy Wind|p1a: Ninetales|[spread] p1a,p1b\n|-resisted|p1a: Ninetales\n|-supereffective|p1b: Swoobat\n|-damage|p1a: Ninetales|7\/100\n|-damage|p1b: Swoobat|0 fnt\n|-unboost|p1a: Ninetales|spe|1\n|faint|p1b: Swoobat\n|\n|-weather|Snow|[upkeep]\n|-heal|p2b: Cresselia|7\/100|[from] item: Leftovers\n|-end|p2b: Cresselia|move: Taunt\n|-sideend|p1: LightBlade35|move: Tailwind\n|upkeep\n|\n|t:|1699109748\n|switch|p1b: Volcarona|Volcarona, M|100\/100\n|turn|6\n|\n|t:|1699109758\n|move|p1a: Ninetales|Blizzard|p2b: Cresselia|[spread] p2a,p2b\n|-resisted|p2a: Delphox\n|-damage|p2a: Delphox|0 fnt\n|-damage|p2b: Cresselia|0 fnt\n|faint|p2a: Delphox\n|faint|p2b: Cresselia\n|move|p1b: Volcarona|Quiver Dance|p1b: Volcarona\n|-boost|p1b: Volcarona|spa|1\n|-boost|p1b: Volcarona|spd|1\n|-boost|p1b: Volcarona|spe|1\n|\n|-weather|none\n|upkeep\n|\n|t:|1699109765\n|switch|p2a: Riolu|Riolu, M|100\/100\n|switch|p2b: Oricorio|Oricorio-Sensu, F, shiny|100\/100\n|turn|7\n|\n|t:|1699109778\n|-terastallize|p1b: Volcarona|Fire\n|move|p2a: Riolu|Copycat|p2a: Riolu\n|move|p2a: Riolu|Quiver Dance|p2a: Riolu|[from]move: Copycat\n|-boost|p2a: Riolu|spa|1\n|-boost|p2a: Riolu|spd|1\n|-boost|p2a: Riolu|spe|1\n|-activate|p2b: Oricorio|ability: Dancer\n|move|p2b: Oricorio|Quiver Dance|p2b: Oricorio|[from]ability: Dancer\n|-boost|p2b: Oricorio|spa|1\n|-boost|p2b: Oricorio|spd|1\n|-boost|p2b: Oricorio|spe|1\n|move|p1b: Volcarona|Heat Wave|p2b: Oricorio|[spread] p2a,p2b\n|-damage|p2a: Riolu|3\/100\n|-damage|p2b: Oricorio|29\/100\n|move|p1a: Ninetales|Blizzard|p2b: Oricorio|[spread] p2a,p2b\n|-supereffective|p2b: Oricorio\n|-damage|p2a: Riolu|0 fnt\n|-damage|p2b: Oricorio|0 fnt\n|faint|p2a: Riolu\n|faint|p2b: Oricorio\n|\n|upkeep\n|c|\u2606Theadonia|Worth a shot LMAO\n|\n|t:|1699109801\n|switch|p2b: Smeargle|Smeargle, F|100\/100\n|switch|p2a: Kommo-o|Kommo-o, M, shiny|28\/100\n|turn|8\n|\n|t:|1699109819\n|move|p1b: Volcarona|Heat Wave|p2a: Kommo-o|[spread] p2a\n|-miss|p1b: Volcarona|p2b: Smeargle\n|-resisted|p2a: Kommo-o\n|-damage|p2a: Kommo-o|0 fnt\n|faint|p2a: Kommo-o\n|move|p2b: Smeargle|Jungle Healing||[still]\n|-fail|p2b: Smeargle\n|move|p1a: Ninetales|Freeze-Dry|p2b: Smeargle\n|-damage|p2b: Smeargle|0 fnt\n|faint|p2b: Smeargle\n|\n|win|LightBlade35\n|raw|LightBlade35's rating: 1127 &rarr; <strong>1151<\/strong><br \/>(+24 for winning)\n|raw|Theadonia's rating: 1117 &rarr; <strong>1093<\/strong><br \/>(-24 for losing)\n|c|\u2606Theadonia|Ggwp\n|c|\u2606LightBlade35|Gg\n|l|\u2606LightBlade35\n|c|\u2606Theadonia|This was a lovely experience of schadenfreude\n","uploadtime":1699109845,"views":7,"p1id":"lightblade35","p2id":"theadonia","formatid":"gen9nationaldexdoubles","rating":1093,"private":0,"password":""}