{"id":"gen9nationaldexdoubles-1966297687","p1":"TCHunter998","p2":"AdversePlayer","format":"[Gen 9] National Dex Doubles","log":"|j|\u2606TCHunter998\n|j|\u2606AdversePlayer\n|t:|1697165770\n|gametype|doubles\n|player|p1|TCHunter998|2|\n|player|p2|AdversePlayer|1|\n|teamsize|p1|6\n|teamsize|p2|6\n|gen|9\n|tier|[Gen 9] National Dex Doubles\n|rule|HP Percentage Mod: HP is shown in percentages\n|rule|Endless Battle Clause: Forcing endless battles is banned\n|rule|OHKO Clause: OHKO moves are banned\n|rule|Evasion Moves Clause: Evasion moves are banned\n|rule|Evasion Abilities Clause: Evasion abilities are banned\n|rule|Species Clause: Limit one of each Pok\u00e9mon\n|rule|Gravity Sleep Clause: The combination of sleep-inducing moves with imperfect accuracy and Gravity or Gigantamax Orbeetle are banned\n|clearpoke\n|poke|p1|Diancie|\n|poke|p1|Ferrothorn, M|\n|poke|p1|Glimmora, F|\n|poke|p1|Sableye, F|\n|poke|p1|Toxapex, M|\n|poke|p1|Chansey, F|\n|poke|p2|Urshifu-*, F|\n|poke|p2|Volcarona, F|\n|poke|p2|Iron Bundle|\n|poke|p2|Tornadus, M|\n|poke|p2|Pelipper, M|\n|poke|p2|Basculegion, M|\n|teampreview\n|\n|t:|1697165790\n|start\n|switch|p1a: Sableye|Sableye, F|100\/100\n|switch|p1b: Glimmora|Glimmora, F|100\/100\n|switch|p2a: Tornadus|Tornadus, M|100\/100\n|switch|p2b: Volcarona|Volcarona, F|100\/100\n|turn|1\n|\n|t:|1697165806\n|move|p1a: Sableye|Fake Out|p2a: Tornadus\n|-damage|p2a: Tornadus|90\/100\n|move|p2a: Tornadus|Tailwind|p2a: Tornadus\n|-sidestart|p2: AdversePlayer|move: Tailwind\n|move|p2b: Volcarona|Quiver Dance|p2b: Volcarona\n|-boost|p2b: Volcarona|spa|1\n|-boost|p2b: Volcarona|spd|1\n|-boost|p2b: Volcarona|spe|1\n|move|p1b: Glimmora|Stealth Rock|p2b: Volcarona\n|-sidestart|p2: AdversePlayer|move: Stealth Rock\n|\n|upkeep\n|turn|2\n|\n|t:|1697165840\n|move|p2b: Volcarona|Quiver Dance|p2b: Volcarona\n|-boost|p2b: Volcarona|spa|1\n|-boost|p2b: Volcarona|spd|1\n|-boost|p2b: Volcarona|spe|1\n|move|p2a: Tornadus|Bleakwind Storm|p1b: Glimmora|[spread] p1a,p1b\n|-resisted|p1b: Glimmora\n|-damage|p1a: Sableye|59\/100\n|-damage|p1b: Glimmora|79\/100\n|-unboost|p1a: Sableye|spe|1\n|move|p1b: Glimmora|Spikes|p2a: Tornadus\n|-sidestart|p2: AdversePlayer|Spikes\n|move|p1a: Sableye|Knock Off|p2b: Volcarona\n|-damage|p2b: Volcarona|61\/100\n|-status|p1a: Sableye|brn|[from] ability: Flame Body|[of] p2b: Volcarona\n|-enditem|p2b: Volcarona|Focus Sash|[from] move: Knock Off|[of] p1a: Sableye\n|\n|-damage|p1a: Sableye|53\/100 brn|[from] brn\n|upkeep\n|turn|3\n|\n|t:|1697165866\n|move|p1a: Sableye|Will-O-Wisp|p2a: Tornadus\n|-status|p2a: Tornadus|brn\n|move|p2b: Volcarona|Giga Drain|p1b: Glimmora\n|-damage|p1b: Glimmora|17\/100\n|-heal|p2b: Volcarona|98\/100|[from] drain|[of] p1b: Glimmora\n|move|p2a: Tornadus|Icy Wind|p1a: Sableye|[spread] p1a,p1b\n|-damage|p1a: Sableye|39\/100 brn\n|-damage|p1b: Glimmora|3\/100\n|-unboost|p1a: Sableye|spe|1\n|-unboost|p1b: Glimmora|spe|1\n|-enditem|p1a: Sableye|Sitrus Berry|[eat]\n|-heal|p1a: Sableye|64\/100 brn|[from] item: Sitrus Berry\n|move|p1b: Glimmora|Spikes|p2b: Volcarona\n|-sidestart|p2: AdversePlayer|Spikes\n|\n|-damage|p2a: Tornadus|84\/100 brn|[from] brn\n|-damage|p1a: Sableye|58\/100 brn|[from] brn\n|upkeep\n|turn|4\n|\n|t:|1697165895\n|move|p1b: Glimmora|Spiky Shield|p1b: Glimmora\n|-singleturn|p1b: Glimmora|move: Protect\n|move|p2b: Volcarona|Quiver Dance|p2b: Volcarona\n|-boost|p2b: Volcarona|spa|1\n|-boost|p2b: Volcarona|spd|1\n|-boost|p2b: Volcarona|spe|1\n|move|p2a: Tornadus|Bleakwind Storm|p1a: Sableye|[spread] p1a\n|-activate|p1b: Glimmora|move: Protect\n|-damage|p1a: Sableye|15\/100 brn\n|-unboost|p1a: Sableye|spe|1\n|move|p1a: Sableye|Knock Off|p2a: Tornadus\n|-damage|p2a: Tornadus|64\/100 brn\n|-enditem|p2a: Tornadus|Covert Cloak|[from] move: Knock Off|[of] p1a: Sableye\n|\n|-damage|p2a: Tornadus|58\/100 brn|[from] brn\n|-damage|p1a: Sableye|9\/100 brn|[from] brn\n|-sideend|p2: AdversePlayer|move: Tailwind\n|upkeep\n|turn|5\n|\n|t:|1697165983\n|move|p1a: Sableye|Encore|p2b: Volcarona\n|-start|p2b: Volcarona|Encore\n|move|p2b: Volcarona|Quiver Dance|p2b: Volcarona\n|-boost|p2b: Volcarona|spa|1\n|-boost|p2b: Volcarona|spd|1\n|-boost|p2b: Volcarona|spe|1\n|move|p2a: Tornadus|Icy Wind|p1b: Glimmora|[spread] p1a,p1b\n|-damage|p1a: Sableye|0 fnt\n|-damage|p1b: Glimmora|0 fnt\n|faint|p1a: Sableye\n|faint|p1b: Glimmora\n|\n|-damage|p2a: Tornadus|52\/100 brn|[from] brn\n|upkeep\n|\n|t:|1697166005\n|switch|p1b: Toxapex|Toxapex, M, shiny|100\/100\n|switch|p1a: Diancie|Diancie, shiny|100\/100\n|turn|6\n|\n|t:|1697166017\n|detailschange|p1a: Diancie|Diancie-Mega, shiny\n|-mega|p1a: Diancie|Diancie|Diancite\n|move|p2a: Tornadus|Taunt|p1b: Toxapex\n|-start|p1b: Toxapex|move: Taunt\n|move|p2b: Volcarona|Quiver Dance|p2b: Volcarona\n|-boost|p2b: Volcarona|spa|1\n|-boost|p2b: Volcarona|spd|1\n|-boost|p2b: Volcarona|spe|1\n|move|p1a: Diancie|Diamond Storm|p2a: Tornadus|[spread] p2a,p2b\n|-supereffective|p2a: Tornadus\n|-supereffective|p2b: Volcarona\n|-damage|p2a: Tornadus|0 fnt\n|-damage|p2b: Volcarona|0 fnt\n|faint|p2a: Tornadus\n|faint|p2b: Volcarona\n|move|p1b: Toxapex|Scald|p2: Tornadus|[notarget]\n|-fail|p1b: Toxapex\n|\n|upkeep\n|\n|t:|1697166048\n|switch|p2a: Urshifu|Urshifu-Rapid-Strike, F|100\/100\n|switch|p2b: Iron Bundle|Iron Bundle|100\/100\n|-damage|p2a: Urshifu|94\/100|[from] Stealth Rock\n|-damage|p2a: Urshifu|78\/100|[from] Spikes\n|turn|7\n|\n|t:|1697166069\n|move|p2b: Iron Bundle|Freeze-Dry|p1b: Toxapex\n|-supereffective|p1b: Toxapex\n|-damage|p1b: Toxapex|40\/100\n|move|p2a: Urshifu|Surging Strikes|p1a: Diancie\n|-supereffective|p1a: Diancie\n|-crit|p1a: Diancie\n|-damage|p1a: Diancie|48\/100\n|-supereffective|p1a: Diancie\n|-crit|p1a: Diancie\n|-damage|p1a: Diancie|0 fnt\n|faint|p1a: Diancie\n|-hitcount|p1: Diancie|2\n|move|p1b: Toxapex|Knock Off|p2a: Urshifu\n|-resisted|p2a: Urshifu\n|-damage|p2a: Urshifu|70\/100\n|-enditem|p2a: Urshifu|Protective Pads|[from] move: Knock Off|[of] p1b: Toxapex\n|\n|-heal|p1b: Toxapex|46\/100|[from] item: Black Sludge\n|upkeep\n|\n|t:|1697166085\n|switch|p1a: Ferrothorn|Ferrothorn, M, shiny|100\/100\n|turn|8\n|\n|t:|1697166109\n|move|p2b: Iron Bundle|Freeze-Dry|p1b: Toxapex\n|-supereffective|p1b: Toxapex\n|-damage|p1b: Toxapex|0 fnt\n|faint|p1b: Toxapex\n|move|p2a: Urshifu|Close Combat|p1a: Ferrothorn\n|-supereffective|p1a: Ferrothorn\n|-damage|p1a: Ferrothorn|0 fnt\n|-unboost|p2a: Urshifu|def|1\n|-unboost|p2a: Urshifu|spd|1\n|-damage|p2a: Urshifu|57\/100|[from] ability: Iron Barbs|[of] p1a: Ferrothorn\n|-damage|p2a: Urshifu|41\/100|[from] item: Rocky Helmet|[of] p1a: Ferrothorn\n|faint|p1a: Ferrothorn\n|\n|upkeep\n|\n|t:|1697166136\n|switch|p1a: Chansey|Chansey, F|100\/100\n|turn|9\n|\n|t:|1697166160\n|move|p2b: Iron Bundle|Freeze-Dry|p1a: Chansey\n|-damage|p1a: Chansey|91\/100\n|move|p2a: Urshifu|Swords Dance|p2a: Urshifu\n|-boost|p2a: Urshifu|atk|2\n|move|p1a: Chansey|Seismic Toss|p2a: Urshifu\n|-damage|p2a: Urshifu|11\/100\n|\n|upkeep\n|turn|10\n|\n|t:|1697166172\n|move|p2b: Iron Bundle|Hydro Pump|p1a: Chansey\n|-damage|p1a: Chansey|72\/100\n|move|p2a: Urshifu|Close Combat|p1a: Chansey\n|-supereffective|p1a: Chansey\n|-damage|p1a: Chansey|0 fnt\n|-unboost|p2a: Urshifu|def|1\n|-unboost|p2a: Urshifu|spd|1\n|faint|p1a: Chansey\n|\n|win|AdversePlayer\n|l|\u2606TCHunter998\n","uploadtime":1697166202,"views":14,"p1id":"tchunter998","p2id":"adverseplayer","formatid":"gen9nationaldexdoubles","rating":0,"private":0,"password":""}