{"id":"gen9nationaldexdoubles-1996868577","p1":"Qapi","p2":"ToastSlayer","format":"[Gen 9] National Dex Doubles","log":"|j|\u2606Qapi\n|j|\u2606ToastSlayer\n|t:|1700737891\n|gametype|doubles\n|player|p1|Qapi|pokemaniac|\n|player|p2|ToastSlayer|plasmagruntf|\n|teamsize|p1|6\n|teamsize|p2|6\n|gen|9\n|tier|[Gen 9] National Dex Doubles\n|rule|HP Percentage Mod: HP is shown in percentages\n|rule|Endless Battle Clause: Forcing endless battles is banned\n|rule|OHKO Clause: OHKO moves are banned\n|rule|Evasion Moves Clause: Evasion moves are banned\n|rule|Evasion Abilities Clause: Evasion abilities are banned\n|rule|Species Clause: Limit one of each Pok\u00e9mon\n|rule|Gravity Sleep Clause: The combination of sleep-inducing moves with imperfect accuracy and Gravity or Gigantamax Orbeetle are banned\n|clearpoke\n|poke|p1|Farigiraf, F|\n|poke|p1|Talonflame, M|\n|poke|p1|Brambleghast, F|\n|poke|p1|Regigigas|\n|poke|p1|Conkeldurr, F|\n|poke|p1|Weezing-Galar, M|\n|poke|p2|Ogerpon-Cornerstone, F|\n|poke|p2|Tapu Lele|\n|poke|p2|Aerodactyl, F|\n|poke|p2|Hitmontop, L85, M|\n|poke|p2|Scovillain, F|\n|poke|p2|Leafeon, M|\n|teampreview\n|inactive|Battle timer is ON: inactive players will automatically lose when time's up. (requested by ToastSlayer)\n|c|\u2606ToastSlayer|Alright, here we go!!\n|\n|t:|1700737912\n|start\n|switch|p1a: Weezing|Weezing-Galar, M|100\/100\n|switch|p1b: Regigigas|Regigigas|100\/100\n|switch|p2a: Tapu Lele|Tapu Lele|100\/100\n|switch|p2b: Aerodactyl|Aerodactyl, F|100\/100\n|-ability|p1a: Weezing|Neutralizing Gas\n|turn|1\n|j| KemicalGUNNA\n|\n|t:|1700737942\n|switch|p2b: Hitmontop|Hitmontop, L85, M|100\/100\n|move|p1a: Weezing|Protect|p1a: Weezing\n|-singleturn|p1a: Weezing|Protect\n|move|p1b: Regigigas|Return|p2a: Tapu Lele\n|-damage|p2a: Tapu Lele|0 fnt\n|faint|p2a: Tapu Lele\n|-damage|p1b: Regigigas|91\/100|[from] item: Life Orb\n|\n|upkeep\n|inactive|ToastSlayer has 270 seconds left.\n|c|\u2606ToastSlayer|I forgot about Neutralizing Gas..\n|c|\u2606ToastSlayer|Uh oh.\n|\n|t:|1700737966\n|switch|p2a: Ogerpon|Ogerpon-Cornerstone, F|100\/100\n|turn|2\n|c|\u2606Qapi|That's literally my quote\n|\n|t:|1700737990\n|move|p1b: Regigigas|Protect|p1b: Regigigas\n|-singleturn|p1b: Regigigas|Protect\n|move|p2a: Ogerpon|Superpower|p1b: Regigigas\n|-activate|p1b: Regigigas|move: Protect\n|move|p1a: Weezing|Strange Steam|p2b: Hitmontop|[miss]\n|-miss|p1a: Weezing|p2b: Hitmontop\n|move|p2b: Hitmontop|Rock Slide|p1a: Weezing|[spread] p1a\n|-activate|p1b: Regigigas|move: Protect\n|-damage|p1a: Weezing|89\/100\n|\n|-heal|p1a: Weezing|95\/100|[from] item: Black Sludge\n|upkeep\n|turn|3\n|c| KemicalGUNNA|RIP Burnt Bread\n|inactive|Qapi has 270 seconds left.\n|l|\u2606Qapi\n|inactive|Qapi disconnected and has 300 seconds to reconnect!\n|player|p1|\n|c|\u2606ToastSlayer|Losing Tapu Lele this early may ruin this.\n|inactive|Qapi has 270 seconds to reconnect!\n|c| KemicalGUNNA|Why the heck did you even bring a hitmontop\n|c| KemicalGUNNA|Or scovillian\n|c|\u2606ToastSlayer|Seeeecret.\n|j|\u2606Qapi\n|inactive|Qapi reconnected and has 260 seconds left.\n|player|p1|Qapi|pokemaniac\n|inactive|Qapi has 240 seconds left.\n|inactive|Qapi has 210 seconds left.\n|\n|t:|1700738151\n|-end|p1b: Regigigas|Slow Start|[silent]\n|switch|p1b: Brambleghast|Brambleghast, F|100\/100\n|-end|p1a: Weezing|ability: Neutralizing Gas\n|-ability|p2b: Hitmontop|Intimidate|boost\n|-unboost|p1a: Weezing|atk|1\n|-unboost|p1b: Brambleghast|atk|1\n|switch|p1a: Talonflame|Talonflame, M|100\/100\n|move|p2a: Ogerpon|Superpower|p1b: Brambleghast\n|-immune|p1b: Brambleghast\n|move|p2b: Hitmontop|Rock Slide|p1b: Brambleghast|[spread] p1a,p1b\n|-supereffective|p1a: Talonflame\n|-crit|p1a: Talonflame\n|-damage|p1a: Talonflame|0 fnt\n|-damage|p1b: Brambleghast|79\/100\n|faint|p1a: Talonflame\n|\n|upkeep\n|l| KemicalGUNNA\n|c|\u2606ToastSlayer|Ooh, nice.\n|inactive|Qapi has 180 seconds left.\n|\n|t:|1700738169\n|switch|p1a: Conkeldurr|Conkeldurr, F|100\/100\n|turn|4\n|\n|t:|1700738186\n|switch|p2b: Aerodactyl|Aerodactyl, F|100\/100\n|-ability|p2b: Aerodactyl|Unnerve\n|move|p2a: Ogerpon|Spiky Shield|p2a: Ogerpon\n|-singleturn|p2a: Ogerpon|move: Protect\n|move|p1b: Brambleghast|Shadow Sneak|p2a: Ogerpon\n|-activate|p2a: Ogerpon|move: Protect\n|-damage|p1b: Brambleghast|67\/100|[from] Spiky Shield|[of] p2a: Ogerpon\n|move|p1a: Conkeldurr|Drain Punch|p2a: Ogerpon\n|-activate|p2a: Ogerpon|move: Protect\n|-damage|p1a: Conkeldurr|88\/100|[from] Spiky Shield|[of] p2a: Ogerpon\n|\n|-status|p1a: Conkeldurr|brn|[from] item: Flame Orb\n|upkeep\n|turn|5\n|inactive|Qapi has 210 seconds left.\n|inactive|ToastSlayer has 270 seconds left.\n|\n|t:|1700738232\n|move|p1a: Conkeldurr|Protect|p1a: Conkeldurr\n|-singleturn|p1a: Conkeldurr|Protect\n|move|p1b: Brambleghast|Shadow Sneak|p2a: Ogerpon\n|-damage|p2a: Ogerpon|84\/100\n|move|p2b: Aerodactyl|Dual Wingbeat|p1b: Brambleghast|[miss]\n|-miss|p2b: Aerodactyl|p1b: Brambleghast\n|move|p2a: Ogerpon|Ivy Cudgel|p1a: Conkeldurr|[anim] Ivy Cudgel Rock\n|-activate|p1a: Conkeldurr|move: Protect\n|\n|-damage|p1a: Conkeldurr|82\/100 brn|[from] brn\n|upkeep\n|turn|6\n|inactive|ToastSlayer has 270 seconds left.\n|inactive|Qapi has 210 seconds left.\n|\n|t:|1700738264\n|move|p1b: Brambleghast|Shadow Sneak|p2b: Aerodactyl\n|-damage|p2b: Aerodactyl|80\/100\n|move|p1a: Conkeldurr|Mach Punch|p2b: Aerodactyl\n|-damage|p2b: Aerodactyl|16\/100\n|move|p2b: Aerodactyl|Dual Wingbeat|p1b: Brambleghast\n|-supereffective|p1b: Brambleghast\n|-damage|p1b: Brambleghast|1\/100\n|-supereffective|p1b: Brambleghast\n|-damage|p1b: Brambleghast|0 fnt\n|faint|p1b: Brambleghast\n|-hitcount|p1: Brambleghast|2\n|move|p2a: Ogerpon|U-turn|p1a: Conkeldurr\n|-resisted|p1a: Conkeldurr\n|-damage|p1a: Conkeldurr|70\/100 brn\n|\n|t:|1700738274\n|switch|p2a: Scovillain|Scovillain, F|100\/100|[from] U-turn\n|\n|-damage|p1a: Conkeldurr|64\/100 brn|[from] brn\n|upkeep\n|inactive|Qapi has 210 seconds left.\n|\n|t:|1700738280\n|switch|p1b: Farigiraf|Farigiraf, F|100\/100\n|turn|7\n|\n|t:|1700738293\n|move|p2b: Aerodactyl|Protect|p2b: Aerodactyl\n|-singleturn|p2b: Aerodactyl|Protect\n|move|p1a: Conkeldurr|Mach Punch|p2b: Aerodactyl\n|-activate|p2b: Aerodactyl|move: Protect\n|move|p2a: Scovillain|Overheat|p1a: Conkeldurr|[miss]\n|-miss|p2a: Scovillain|p1a: Conkeldurr\n|move|p1b: Farigiraf|Trick Room|p1b: Farigiraf\n|-fieldstart|move: Trick Room|[of] p1b: Farigiraf\n|\n|-damage|p1a: Conkeldurr|58\/100 brn|[from] brn\n|upkeep\n|turn|8\n|c|\u2606ToastSlayer|...\n|c|\u2606ToastSlayer|TWO 90% accuracy misses??\n|\n|t:|1700738321\n|switch|p2b: Hitmontop|Hitmontop, L85, M|100\/100\n|-ability|p2b: Hitmontop|Intimidate|boost\n|-unboost|p1a: Conkeldurr|atk|1\n|-unboost|p1b: Farigiraf|atk|1\n|move|p1a: Conkeldurr|Drain Punch|p2a: Scovillain\n|-damage|p2a: Scovillain|16\/100\n|-heal|p1a: Conkeldurr|86\/100 brn|[from] drain|[of] p2a: Scovillain\n|move|p1b: Farigiraf|Dazzling Gleam|p2b: Hitmontop|[spread] p2a,p2b\n|-resisted|p2a: Scovillain\n|-supereffective|p2b: Hitmontop\n|-damage|p2a: Scovillain|0 fnt\n|-damage|p2b: Hitmontop|45\/100\n|-enditem|p2b: Hitmontop|Sitrus Berry|[eat]\n|-heal|p2b: Hitmontop|70\/100|[from] item: Sitrus Berry\n|faint|p2a: Scovillain\n|\n|-damage|p1a: Conkeldurr|79\/100 brn|[from] brn\n|upkeep\n|c|\u2606Qapi|I'm playing very Bad lol\n|inactive|ToastSlayer has 270 seconds left.\n|\n|t:|1700738337\n|switch|p2a: Ogerpon|Ogerpon-Cornerstone, F|84\/100\n|turn|9\n|inactive|Qapi has 270 seconds left.\n|inactive|ToastSlayer has 270 seconds left.\n|\n|t:|1700738365\n|move|p1a: Conkeldurr|Drain Punch|p2a: Ogerpon\n|-supereffective|p2a: Ogerpon\n|-damage|p2a: Ogerpon|0 fnt\n|-heal|p1a: Conkeldurr|100\/100 brn|[from] drain|[of] p2a: Ogerpon\n|faint|p2a: Ogerpon\n|move|p2b: Hitmontop|Endeavor|p1a: Conkeldurr\n|-damage|p1a: Conkeldurr|44\/100 brn\n|move|p1b: Farigiraf|Dazzling Gleam|p2b: Hitmontop\n|-supereffective|p2b: Hitmontop\n|-damage|p2b: Hitmontop|0 fnt\n|faint|p2b: Hitmontop\n|\n|-damage|p1a: Conkeldurr|38\/100 brn|[from] brn\n|upkeep\n|\n|t:|1700738372\n|switch|p2b: Leafeon|Leafeon, M|100\/100\n|switch|p2a: Aerodactyl|Aerodactyl, F|16\/100\n|-ability|p2a: Aerodactyl|Unnerve\n|turn|10\n|inactive|ToastSlayer has 270 seconds left.\n|c|\u2606ToastSlayer|Ugh, the misses totally ruined this run on top of my turn 1 idiocy. I'm kinda devastated. ^^'\n|inactive|ToastSlayer has 240 seconds left.\n|c|\u2606Qapi|Yeah\n|\n|t:|1700738438\n|move|p1a: Conkeldurr|Drain Punch|p2b: Leafeon\n|-damage|p2b: Leafeon|56\/100\n|-heal|p1a: Conkeldurr|52\/100 brn|[from] drain|[of] p2b: Leafeon\n|move|p1b: Farigiraf|Dazzling Gleam|p2a: Aerodactyl|[spread] p2a,p2b\n|-damage|p2a: Aerodactyl|0 fnt\n|-damage|p2b: Leafeon|18\/100\n|faint|p2a: Aerodactyl\n|move|p2b: Leafeon|Knock Off|p1b: Farigiraf\n|-supereffective|p1b: Farigiraf\n|-damage|p1b: Farigiraf|41\/100\n|-enditem|p1b: Farigiraf|Lum Berry|[from] move: Knock Off|[of] p2b: Leafeon\n|\n|-damage|p1a: Conkeldurr|46\/100 brn|[from] brn\n|upkeep\n|turn|11\n|c|\u2606Qapi|Was Scovillain specs?\n|\n|t:|1700738457\n|move|p1a: Conkeldurr|Knock Off|p2b: Leafeon\n|-damage|p2b: Leafeon|0 fnt\n|-enditem|p2b: Leafeon|Heat Rock|[from] move: Knock Off|[of] p1a: Conkeldurr\n|faint|p2b: Leafeon\n|\n|win|Qapi\n|c|\u2606ToastSlayer|This went so badly I'm going to reuse the team so I'm not telling. ^^'\n|c|\u2606Qapi|Fair enough\n|c|\u2606ToastSlayer|Any chance I can try again? Assuming no, lmao.\n|c|\u2606Qapi|gg!\n|c|\u2606Qapi|As\u00ed Kemical\n|c|\u2606ToastSlayer|Good game!\n|l|\u2606ToastSlayer\n|c|\u2606Qapi|Ask*\n","uploadtime":1700738506,"views":4,"p1id":"qapi","p2id":"toastslayer","formatid":"gen9nationaldexdoubles","rating":0,"private":0,"password":""}