{"id":"gen9nationaldexdoubles-1995771981","p1":"fiyp","p2":"eliott.pawsey","format":"[Gen 9] National Dex Doubles","log":"|j|\u2606fiyp\n|j|\u2606eliott.pawsey\n|t:|1700601675\n|gametype|doubles\n|player|p1|fiyp|drayden|1167\n|player|p2|eliott.pawsey|fisherman-gen4|1105\n|teamsize|p1|6\n|teamsize|p2|6\n|gen|9\n|tier|[Gen 9] National Dex Doubles\n|rated|\n|rule|HP Percentage Mod: HP is shown in percentages\n|rule|Endless Battle Clause: Forcing endless battles is banned\n|rule|OHKO Clause: OHKO moves are banned\n|rule|Evasion Moves Clause: Evasion moves are banned\n|rule|Evasion Abilities Clause: Evasion abilities are banned\n|rule|Species Clause: Limit one of each Pok\u00e9mon\n|rule|Gravity Sleep Clause: The combination of sleep-inducing moves with imperfect accuracy and Gravity or Gigantamax Orbeetle are banned\n|clearpoke\n|poke|p1|Grimmsnarl, M|\n|poke|p1|Hatterene, F|\n|poke|p1|Shaymin-Sky|\n|poke|p1|Chi-Yu|\n|poke|p1|Dragapult, M|\n|poke|p1|Ninetales-Alola, F|\n|poke|p2|Kingambit, F|\n|poke|p2|Arcanine, F|\n|poke|p2|Roaring Moon|\n|poke|p2|Glimmora, M|\n|poke|p2|Thundurus-Therian, M|\n|poke|p2|Sandy Shocks|\n|teampreview\n|inactive|Battle timer is ON: inactive players will automatically lose when time's up. (requested by eliott.pawsey)\n|inactive|fiyp also wants the timer to be on.\n|\n|t:|1700601679\n|start\n|switch|p1a: Shaymin|Shaymin-Sky|100\/100\n|switch|p1b: Ninetales|Ninetales-Alola, F|100\/100\n|switch|p2a: Arcanine|Arcanine, F|100\/100\n|switch|p2b: Kingambit|Kingambit, F|100\/100\n|-weather|Snow|[from] ability: Snow Warning|[of] p1b: Ninetales\n|turn|1\n|\n|t:|1700601689\n|move|p1a: Shaymin|Tailwind|p1a: Shaymin\n|-sidestart|p1: fiyp|move: Tailwind\n|move|p1b: Ninetales|Aurora Veil|p1b: Ninetales\n|-sidestart|p1: fiyp|move: Aurora Veil\n|move|p2a: Arcanine|Fire Fang|p1a: Shaymin\n|-supereffective|p1a: Shaymin\n|-damage|p1a: Shaymin|27\/100\n|-damage|p2a: Arcanine|91\/100|[from] item: Life Orb\n|move|p2b: Kingambit|Beat Up|p2a: Arcanine\n|-damage|p2a: Arcanine|84\/100\n|-ability|p2a: Arcanine|Justified|boost\n|-boost|p2a: Arcanine|atk|1\n|-damage|p2a: Arcanine|76\/100\n|-ability|p2a: Arcanine|Justified|boost\n|-boost|p2a: Arcanine|atk|1\n|-damage|p2a: Arcanine|67\/100\n|-ability|p2a: Arcanine|Justified|boost\n|-boost|p2a: Arcanine|atk|1\n|-damage|p2a: Arcanine|63\/100\n|-ability|p2a: Arcanine|Justified|boost\n|-boost|p2a: Arcanine|atk|1\n|-crit|p2a: Arcanine\n|-damage|p2a: Arcanine|53\/100\n|-ability|p2a: Arcanine|Justified|boost\n|-boost|p2a: Arcanine|atk|1\n|-damage|p2a: Arcanine|48\/100\n|-ability|p2a: Arcanine|Justified|boost\n|-boost|p2a: Arcanine|atk|1\n|-hitcount|p2a: Arcanine|6\n|\n|-weather|Snow|[upkeep]\n|upkeep\n|turn|2\n|c|\u2606fiyp|hello motherfucker\n|\n|t:|1700601702\n|move|p2a: Arcanine|Extreme Speed|p1a: Shaymin\n|-damage|p1a: Shaymin|0 fnt\n|faint|p1a: Shaymin\n|-damage|p2a: Arcanine|38\/100|[from] item: Life Orb\n|move|p1b: Ninetales|Moonblast|p2a: Arcanine\n|-resisted|p2a: Arcanine\n|-damage|p2a: Arcanine|15\/100\n|move|p2b: Kingambit|Stealth Rock|p1b: Ninetales\n|-sidestart|p1: fiyp|move: Stealth Rock\n|\n|-weather|Snow|[upkeep]\n|upkeep\n|\n|t:|1700601710\n|switch|p1a: Chi-Yu|Chi-Yu|100\/100\n|-damage|p1a: Chi-Yu|76\/100|[from] Stealth Rock\n|-ability|p1a: Chi-Yu|Beads of Ruin\n|turn|3\n|\n|t:|1700601717\n|move|p2a: Arcanine|Extreme Speed|p1a: Chi-Yu\n|-damage|p1a: Chi-Yu|0 fnt\n|faint|p1a: Chi-Yu\n|-damage|p2a: Arcanine|5\/100|[from] item: Life Orb\n|move|p1b: Ninetales|Misty Terrain|p1b: Ninetales\n|-fieldstart|move: Misty Terrain\n|-enditem|p1b: Ninetales|Misty Seed\n|-boost|p1b: Ninetales|spd|1|[from] item: Misty Seed\n|move|p2b: Kingambit|Thunder Wave|p1b: Ninetales\n|-activate|p1b: Ninetales|move: Misty Terrain\n|\n|-weather|Snow|[upkeep]\n|upkeep\n|\n|t:|1700601725\n|switch|p1a: Grimmsnarl|Grimmsnarl, M|100\/100\n|-damage|p1a: Grimmsnarl|88\/100|[from] Stealth Rock\n|turn|4\n|\n|t:|1700601736\n|move|p2b: Kingambit|Protect|p2b: Kingambit\n|-singleturn|p2b: Kingambit|Protect\n|move|p1a: Grimmsnarl|Fake Out|p2a: Arcanine\n|-damage|p2a: Arcanine|0 fnt\n|faint|p2a: Arcanine\n|move|p1b: Ninetales|Moonblast|p2b: Kingambit\n|-activate|p2b: Kingambit|move: Protect\n|\n|-weather|Snow|[upkeep]\n|-heal|p1a: Grimmsnarl|94\/100|[from] item: Leftovers\n|-sideend|p1: fiyp|move: Tailwind\n|upkeep\n|\n|t:|1700601745\n|switch|p2a: Glimmora|Glimmora, M|100\/100\n|-item|p2a: Glimmora|Air Balloon\n|turn|5\n|\n|t:|1700601761\n|move|p1b: Ninetales|Moonblast|p2b: Kingambit\n|-damage|p2b: Kingambit|66\/100\n|move|p2a: Glimmora|Mortal Spin|p1b: Ninetales|[spread] p1a,p1b\n|-supereffective|p1a: Grimmsnarl\n|-supereffective|p1b: Ninetales\n|-damage|p1a: Grimmsnarl|86\/100\n|-damage|p1b: Ninetales|94\/100\n|move|p1a: Grimmsnarl|Spirit Break|p2b: Kingambit\n|-damage|p2b: Kingambit|42\/100\n|-unboost|p2b: Kingambit|spa|1\n|-ability|p2b: Kingambit|Defiant|boost\n|-boost|p2b: Kingambit|atk|2\n|move|p2b: Kingambit|Beat Up|p1b: Ninetales\n|-resisted|p1b: Ninetales\n|-damage|p1b: Ninetales|90\/100\n|-resisted|p1b: Ninetales\n|-damage|p1b: Ninetales|85\/100\n|-resisted|p1b: Ninetales\n|-damage|p1b: Ninetales|80\/100\n|-resisted|p1b: Ninetales\n|-damage|p1b: Ninetales|76\/100\n|-resisted|p1b: Ninetales\n|-damage|p1b: Ninetales|72\/100\n|-hitcount|p1b: Ninetales|5\n|\n|-weather|none\n|-heal|p1a: Grimmsnarl|92\/100|[from] item: Leftovers\n|-heal|p2b: Kingambit|48\/100|[from] item: Leftovers\n|-sideend|p1: fiyp|move: Aurora Veil\n|upkeep\n|turn|6\n|\n|t:|1700601790\n|move|p2b: Kingambit|Protect|p2b: Kingambit\n|-singleturn|p2b: Kingambit|Protect\n|move|p1b: Ninetales|Moonblast|p2b: Kingambit\n|-activate|p2b: Kingambit|move: Protect\n|move|p2a: Glimmora|Light Screen|p2a: Glimmora\n|-sidestart|p2: eliott.pawsey|move: Light Screen\n|move|p1a: Grimmsnarl|Spirit Break|p2b: Kingambit\n|-activate|p2b: Kingambit|move: Protect\n|\n|-heal|p1a: Grimmsnarl|98\/100|[from] item: Leftovers\n|-heal|p2b: Kingambit|54\/100|[from] item: Leftovers\n|upkeep\n|turn|7\n|\n|t:|1700601802\n|move|p1b: Ninetales|Moonblast|p2b: Kingambit\n|-damage|p2b: Kingambit|31\/100\n|move|p2a: Glimmora|Reflect|p2a: Glimmora\n|-sidestart|p2: eliott.pawsey|Reflect\n|move|p1a: Grimmsnarl|Spirit Break|p2b: Kingambit\n|-damage|p2b: Kingambit|16\/100\n|-unboost|p2b: Kingambit|spa|1\n|-ability|p2b: Kingambit|Defiant|boost\n|-boost|p2b: Kingambit|atk|2\n|move|p2b: Kingambit|Beat Up|p1b: Ninetales\n|-resisted|p1b: Ninetales\n|-damage|p1b: Ninetales|61\/100\n|-resisted|p1b: Ninetales\n|-damage|p1b: Ninetales|41\/100\n|-resisted|p1b: Ninetales\n|-damage|p1b: Ninetales|25\/100\n|-resisted|p1b: Ninetales\n|-damage|p1b: Ninetales|9\/100\n|-resisted|p1b: Ninetales\n|-damage|p1b: Ninetales|0 fnt\n|faint|p1b: Ninetales\n|-hitcount|p1: Ninetales|5\n|\n|-heal|p1a: Grimmsnarl|100\/100|[from] item: Leftovers\n|-heal|p2b: Kingambit|22\/100|[from] item: Leftovers\n|-fieldend|Misty Terrain\n|upkeep\n|\n|t:|1700601809\n|switch|p1b: Dragapult|Dragapult, M|100\/100\n|-damage|p1b: Dragapult|88\/100|[from] Stealth Rock\n|turn|8\n|\n|t:|1700601827\n|move|p2b: Kingambit|Protect|p2b: Kingambit\n|-singleturn|p2b: Kingambit|Protect\n|move|p1a: Grimmsnarl|Thunder Wave|p2b: Kingambit\n|-activate|p2b: Kingambit|move: Protect\n|move|p1b: Dragapult|Dragon Darts|p2a: Glimmora\n|-damage|p2a: Glimmora|84\/100\n|-activate|p2a: Glimmora|ability: Toxic Debris\n|-sidestart|p1: fiyp|move: Toxic Spikes\n|-enditem|p2a: Glimmora|Air Balloon\n|-anim|p1b: Dragapult|Dragon Darts|p2a: Glimmora\n|-damage|p2a: Glimmora|68\/100\n|-activate|p2a: Glimmora|ability: Toxic Debris\n|-sidestart|p1: fiyp|move: Toxic Spikes\n|move|p2a: Glimmora|Mortal Spin|p1b: Dragapult|[spread] p1a,p1b\n|-supereffective|p1a: Grimmsnarl\n|-resisted|p1b: Dragapult\n|-damage|p1a: Grimmsnarl|89\/100\n|-damage|p1b: Dragapult|85\/100\n|-status|p1a: Grimmsnarl|psn\n|-status|p1b: Dragapult|psn\n|\n|-heal|p1a: Grimmsnarl|95\/100 psn|[from] item: Leftovers\n|-heal|p2b: Kingambit|28\/100|[from] item: Leftovers\n|-damage|p1b: Dragapult|73\/100 psn|[from] psn\n|-damage|p1a: Grimmsnarl|83\/100 psn|[from] psn\n|upkeep\n|turn|9\n|c|\u2606fiyp|dai fra che boring\n|c|\u2606fiyp|quinto io\n|-message|fiyp forfeited.\n|\n|win|eliott.pawsey\n|raw|fiyp's rating: 1167 &rarr; <strong>1138<\/strong><br \/>(-29 for losing)\n|raw|eliott.pawsey's rating: 1105 &rarr; <strong>1134<\/strong><br \/>(+29 for winning)\n","uploadtime":1700601696,"views":0,"p1id":"fiyp","p2id":"eliottpawsey","formatid":"gen9nationaldexdoubles","rating":1134,"private":0,"password":""}