{"id":"gen9nationaldexdoubles-1979948998","p1":"Carina17","p2":"heheimthestupstf","format":"[Gen 9] National Dex Doubles","log":"|j|\u2606Carina17\n|j|\u2606heheimthestupstf\n|t:|1698735132\n|gametype|doubles\n|player|p1|Carina17|cynthia|1000\n|player|p2|heheimthestupstf|hilbert-wonderlauncher|1079\n|teamsize|p1|6\n|teamsize|p2|6\n|gen|9\n|tier|[Gen 9] National Dex Doubles\n|rated|\n|rule|HP Percentage Mod: HP is shown in percentages\n|rule|Endless Battle Clause: Forcing endless battles is banned\n|rule|OHKO Clause: OHKO moves are banned\n|rule|Evasion Moves Clause: Evasion moves are banned\n|rule|Evasion Abilities Clause: Evasion abilities are banned\n|rule|Species Clause: Limit one of each Pok\u00e9mon\n|rule|Gravity Sleep Clause: The combination of sleep-inducing moves with imperfect accuracy and Gravity or Gigantamax Orbeetle are banned\n|clearpoke\n|poke|p1|Zapdos|\n|poke|p1|Zeraora|\n|poke|p1|Regieleki|\n|poke|p1|Thundurus, M|\n|poke|p1|Raikou|\n|poke|p1|Tapu Koko|\n|poke|p2|Sinistcha-Masterpiece|\n|poke|p2|Blissey, F|\n|poke|p2|Baxcalibur, F|\n|poke|p2|Dragonite, F|\n|poke|p2|Ursaluna-Bloodmoon, M|\n|poke|p2|Flutter Mane|\n|teampreview\n|inactive|Battle timer is ON: inactive players will automatically lose when time's up. (requested by Carina17)\n|\n|t:|1698735149\n|start\n|switch|p1a: Zeragoro|Zeraora|100\/100\n|switch|p1b: Koko Bello|Tapu Koko, shiny|100\/100\n|switch|p2a: Dragonite|Dragonite, F|100\/100\n|switch|p2b: Blissey|Blissey, F|100\/100\n|-fieldstart|move: Electric Terrain|[from] ability: Electric Surge|[of] p1b: Koko Bello\n|turn|1\n|\n|t:|1698735168\n|move|p1a: Zeragoro|Fake Out|p2a: Dragonite\n|-damage|p2a: Dragonite|88\/100\n|move|p1b: Koko Bello|Dazzling Gleam|p2a: Dragonite|[spread] p2a,p2b\n|-supereffective|p2a: Dragonite\n|-damage|p2a: Dragonite|34\/100\n|-damage|p2b: Blissey|92\/100\n|move|p2a: Dragonite|Dragon Dance|p2a: Dragonite\n|-boost|p2a: Dragonite|atk|1\n|-boost|p2a: Dragonite|spe|1\n|-enditem|p1a: Zeragoro|Mirror Herb\n|-boost|p1a: Zeragoro|atk|1|[from] item: Mirror Herb\n|-boost|p1a: Zeragoro|spe|1|[from] item: Mirror Herb\n|move|p2b: Blissey|Counter||[still]\n|-fail|p2b: Blissey\n|\n|-heal|p2a: Dragonite|40\/100|[from] item: Leftovers\n|upkeep\n|turn|2\n|\n|t:|1698735191\n|move|p2b: Blissey|Helping Hand|p2a: Dragonite\n|-singleturn|p2a: Dragonite|Helping Hand|[of] p2b: Blissey\n|move|p2a: Dragonite|Extreme Speed|p1a: Zeragoro\n|-damage|p1a: Zeragoro|30\/100\n|move|p1a: Zeragoro|Discharge|p2a: Dragonite|[spread] p1b,p2a,p2b\n|-resisted|p1b: Koko Bello\n|-damage|p1b: Koko Bello|81\/100\n|-damage|p2a: Dragonite|17\/100\n|-damage|p2b: Blissey|83\/100\n|-enditem|p1b: Koko Bello|Cell Battery\n|-boost|p1b: Koko Bello|atk|1|[from] item: Cell Battery\n|move|p1b: Koko Bello|Dazzling Gleam|p2a: Dragonite|[spread] p2a,p2b\n|-supereffective|p2a: Dragonite\n|-damage|p2a: Dragonite|0 fnt\n|-damage|p2b: Blissey|73\/100\n|faint|p2a: Dragonite\n|\n|upkeep\n|inactive|heheimthestupstf has 120 seconds left.\n|\n|t:|1698735207\n|switch|p2a: Sinistcha|Sinistcha-Masterpiece|100\/100\n|-heal|p2b: Blissey|98\/100|[from] ability: Hospitality|[of] p2a: Sinistcha\n|turn|3\n|\n|t:|1698735218\n|-terastallize|p2a: Sinistcha|Grass\n|move|p2b: Blissey|Helping Hand|p2a: Sinistcha\n|-singleturn|p2a: Sinistcha|Helping Hand|[of] p2b: Blissey\n|move|p1a: Zeragoro|Plasma Fists|p2a: Sinistcha\n|-resisted|p2a: Sinistcha\n|-damage|p2a: Sinistcha|49\/100\n|-fieldactivate|move: Ion Deluge\n|-hint|Normal-type moves become Electric-type after using Plasma Fists.\n|move|p1b: Koko Bello|Discharge|p2b: Blissey|[spread] p2a,p2b\n|-heal|p1a: Zeragoro|55\/100|[from] ability: Volt Absorb|[of] p1b: Koko Bello\n|-resisted|p2a: Sinistcha\n|-damage|p2a: Sinistcha|21\/100\n|-damage|p2b: Blissey|86\/100\n|move|p2a: Sinistcha|Matcha Gotcha|p1b: Koko Bello|[spread] p1a,p1b\n|-damage|p1a: Zeragoro|0 fnt\n|-heal|p2a: Sinistcha|51\/100|[from] drain|[of] p1a: Zeragoro\n|-damage|p1b: Koko Bello|0 fnt\n|-heal|p2a: Sinistcha|91\/100|[from] drain|[of] p1b: Koko Bello\n|faint|p1a: Zeragoro\n|faint|p1b: Koko Bello\n|\n|-heal|p2a: Sinistcha|97\/100|[from] item: Leftovers\n|upkeep\n|inactive|Carina17 has 120 seconds left.\n|\n|t:|1698735249\n|switch|p1a: Regikeki|Regieleki|100\/100\n|switch|p1b: Zappydossy|Zapdos, shiny|100\/100\n|-ability|p1b: Zappydossy|Pressure\n|turn|4\n|\n|t:|1698735269\n|move|p2b: Blissey|Helping Hand|p2a: Sinistcha\n|-singleturn|p2a: Sinistcha|Helping Hand|[of] p2b: Blissey\n|move|p1a: Regikeki|Rising Voltage|p2a: Sinistcha\n|-hint|Rising Voltage's BP doubled on grounded target.\n|-resisted|p2a: Sinistcha\n|-crit|p2a: Sinistcha\n|-damage|p2a: Sinistcha|0 fnt\n|faint|p2a: Sinistcha\n|move|p1b: Zappydossy|Hurricane|p2b: Blissey\n|-damage|p2b: Blissey|66\/100\n|\n|upkeep\n|\n|t:|1698735280\n|switch|p2a: Flutter Mane|Flutter Mane|100\/100\n|turn|5\n|\n|t:|1698735292\n|move|p2b: Blissey|Helping Hand|p2a: Flutter Mane\n|-singleturn|p2a: Flutter Mane|Helping Hand|[of] p2b: Blissey\n|move|p1a: Regikeki|Rising Voltage|p2a: Flutter Mane\n|-hint|Rising Voltage's BP doubled on grounded target.\n|-damage|p2a: Flutter Mane|0 fnt\n|faint|p2a: Flutter Mane\n|-end|p2a: Flutter Mane|Protosynthesis|[silent]\n|move|p1b: Zappydossy|Ancient Power|p2b: Blissey\n|-damage|p2b: Blissey|58\/100\n|\n|-fieldend|move: Electric Terrain\n|upkeep\n|\n|t:|1698735302\n|switch|p2a: Ursaluna|Ursaluna-Bloodmoon, M|100\/100\n|turn|6\n|\n|t:|1698735326\n|move|p2b: Blissey|Helping Hand|p2a: Ursaluna\n|-singleturn|p2a: Ursaluna|Helping Hand|[of] p2b: Blissey\n|move|p1a: Regikeki|Electric Terrain|p1a: Regikeki\n|-fieldstart|move: Electric Terrain\n|move|p1b: Zappydossy|Hurricane|p2a: Ursaluna|[miss]\n|-miss|p1b: Zappydossy|p2a: Ursaluna\n|-enditem|p1b: Zappydossy|Blunder Policy\n|-boost|p1b: Zappydossy|spe|2\n|move|p2a: Ursaluna|Earthquake|p1a: Regikeki|[spread] p2b,p1a\n|-immune|p1b: Zappydossy\n|-supereffective|p1a: Regikeki\n|-damage|p2b: Blissey|31\/100\n|-damage|p1a: Regikeki|6\/100\n|\n|-heal|p1a: Regikeki|12\/100|[from] item: Leftovers\n|upkeep\n|turn|7\n|\n|t:|1698735352\n|move|p1b: Zappydossy|Detect|p1b: Zappydossy\n|-singleturn|p1b: Zappydossy|Protect\n|move|p1a: Regikeki|Rising Voltage|p2b: Blissey\n|-hint|Rising Voltage's BP doubled on grounded target.\n|-damage|p2b: Blissey|0 fnt\n|faint|p2b: Blissey\n|move|p2a: Ursaluna|Blood Moon|p1b: Zappydossy\n|-activate|p1b: Zappydossy|move: Protect\n|\n|-heal|p1a: Regikeki|18\/100|[from] item: Leftovers\n|upkeep\n|inactive|heheimthestupstf has 120 seconds left.\n|\n|t:|1698735362\n|switch|p2b: Baxcalibur|Baxcalibur, F|100\/100\n|turn|8\n|\n|t:|1698735378\n|move|p1b: Zappydossy|Ancient Power|p2b: Baxcalibur\n|-supereffective|p2b: Baxcalibur\n|-damage|p2b: Baxcalibur|63\/100\n|-boost|p1b: Zappydossy|atk|1\n|-boost|p1b: Zappydossy|def|1\n|-boost|p1b: Zappydossy|spa|1\n|-boost|p1b: Zappydossy|spd|1\n|-boost|p1b: Zappydossy|spe|1\n|move|p1a: Regikeki|Rising Voltage|p2b: Baxcalibur\n|-hint|Rising Voltage's BP doubled on grounded target.\n|-resisted|p2b: Baxcalibur\n|-damage|p2b: Baxcalibur|9\/100\n|move|p2b: Baxcalibur|High Horsepower|p1a: Regikeki\n|-supereffective|p1a: Regikeki\n|-damage|p1a: Regikeki|0 fnt\n|faint|p1a: Regikeki\n|move|p2a: Ursaluna|Calm Mind|p2a: Ursaluna\n|-boost|p2a: Ursaluna|spa|1\n|-boost|p2a: Ursaluna|spd|1\n|\n|-heal|p2b: Baxcalibur|15\/100|[from] item: Leftovers\n|upkeep\n|\n|t:|1698735398\n|switch|p1a: Raikou|Raikou|100\/100\n|-ability|p1a: Raikou|Pressure\n|turn|9\n|\n|t:|1698735415\n|-terastallize|p1a: Raikou|Psychic\n|move|p1b: Zappydossy|Ancient Power|p2b: Baxcalibur\n|-supereffective|p2b: Baxcalibur\n|-damage|p2b: Baxcalibur|0 fnt\n|faint|p2b: Baxcalibur\n|move|p1a: Raikou|Aura Sphere|p2a: Ursaluna\n|-supereffective|p2a: Ursaluna\n|-damage|p2a: Ursaluna|64\/100\n|move|p2a: Ursaluna|Earthquake|p1b: Zappydossy|[spread] p1a\n|-immune|p1b: Zappydossy\n|-damage|p1a: Raikou|76\/100\n|\n|upkeep\n|turn|10\n|\n|t:|1698735434\n|move|p1b: Zappydossy|Hurricane|p2a: Ursaluna|[miss]\n|-miss|p1b: Zappydossy|p2a: Ursaluna\n|move|p1a: Raikou|Aura Sphere|p2a: Ursaluna\n|-supereffective|p2a: Ursaluna\n|-damage|p2a: Ursaluna|29\/100\n|move|p2a: Ursaluna|Blood Moon|p1a: Raikou\n|-damage|p1a: Raikou|0 fnt\n|faint|p1a: Raikou\n|\n|-fieldend|move: Electric Terrain\n|upkeep\n|-message|heheimthestupstf forfeited.\n|\n|win|Carina17\n|raw|Carina17's rating: 1000 &rarr; <strong>1049<\/strong><br \/>(+49 for winning)\n|raw|heheimthestupstf's rating: 1079 &rarr; <strong>1052<\/strong><br \/>(-27 for losing)\n|l|\u2606heheimthestupstf\n","uploadtime":1698735449,"views":11,"p1id":"carina17","p2id":"heheimthestupstf","formatid":"gen9nationaldexdoubles","rating":1049,"private":0,"password":""}