{"id":"gen9nationaldexdoubles-1986722284","p1":"SirChewsALot","p2":"tifftiff","format":"[Gen 9] National Dex Doubles","log":"|j|\u2606SirChewsALot\n|j|\u2606tifftiff\n|t:|1699514218\n|gametype|doubles\n|player|p1|SirChewsALot|acetrainerf|\n|player|p2|tifftiff|cynthia-gen4|\n|teamsize|p1|6\n|teamsize|p2|6\n|gen|9\n|tier|[Gen 9] National Dex Doubles\n|rule|HP Percentage Mod: HP is shown in percentages\n|rule|Endless Battle Clause: Forcing endless battles is banned\n|rule|OHKO Clause: OHKO moves are banned\n|rule|Evasion Moves Clause: Evasion moves are banned\n|rule|Evasion Abilities Clause: Evasion abilities are banned\n|rule|Species Clause: Limit one of each Pok\u00e9mon\n|rule|Gravity Sleep Clause: The combination of sleep-inducing moves with imperfect accuracy and Gravity or Gigantamax Orbeetle are banned\n|clearpoke\n|poke|p1|Teddiursa, F|\n|poke|p1|Larvesta, F|\n|poke|p1|Nacli, F|\n|poke|p1|Buneary, F|\n|poke|p1|Solosis, M|\n|poke|p1|Lotad, M|\n|poke|p2|Emolga, M|\n|poke|p2|Pachirisu, F|\n|poke|p2|Pincurchin, M|\n|poke|p2|Mareep, F|\n|poke|p2|Dedenne, M|\n|poke|p2|Furret, F|\n|teampreview\n|c|\u2606tifftiff|glhf\n|\n|t:|1699514263\n|start\n|switch|p1a: Larvesta|Larvesta, F|100\/100\n|switch|p1b: Lotad|Lotad, M|100\/100\n|switch|p2a: Aowy|Pincurchin, M|100\/100\n|switch|p2b: ZipZap|Emolga, M|100\/100\n|-fieldstart|move: Electric Terrain|[from] ability: Electric Surge|[of] p2a: Aowy\n|turn|1\n|c|\u2606SirChewsALot|glhf!\n|\n|t:|1699514288\n|move|p2b: ZipZap|Toxic|p1b: Lotad\n|-status|p1b: Lotad|tox\n|move|p1a: Larvesta|Will-O-Wisp|p2b: ZipZap\n|-status|p2b: ZipZap|brn\n|move|p1b: Lotad|Leech Seed|p2a: Aowy\n|-start|p2a: Aowy|move: Leech Seed\n|move|p2a: Aowy|Scald|p1a: Larvesta\n|-supereffective|p1a: Larvesta\n|-damage|p1a: Larvesta|0 fnt\n|faint|p1a: Larvesta\n|\n|-damage|p2a: Aowy|88\/100|[from] Leech Seed|[of] p1b: Lotad\n|-damage|p1b: Lotad|95\/100 tox|[from] psn\n|-damage|p2b: ZipZap|94\/100 brn|[from] brn\n|upkeep\n|\n|t:|1699514309\n|switch|p1a: Buneary|Buneary, F|100\/100\n|turn|2\n|\n|t:|1699514332\n|move|p2b: ZipZap|Discharge|p1b: Lotad|[spread] p2a,p1a,p1b\n|-resisted|p2a: Aowy\n|-damage|p2a: Aowy|78\/100\n|-damage|p1a: Buneary|68\/100\n|-damage|p1b: Lotad|72\/100 tox\n|-status|p1a: Buneary|par\n|-enditem|p1a: Buneary|Lum Berry|[eat]\n|-curestatus|p1a: Buneary|par|[msg]\n|move|p1a: Buneary|Triple Axel|p2b: ZipZap\n|-supereffective|p2b: ZipZap\n|-damage|p2b: ZipZap|79\/100 brn\n|-damage|p1a: Buneary|51\/100|[from] item: Rocky Helmet|[of] p2b: ZipZap\n|-hitcount|p2b: ZipZap|1\n|move|p1b: Lotad|Hidden Power|p2a: Aowy\n|-supereffective|p2a: Aowy\n|-damage|p2a: Aowy|59\/100\n|move|p2a: Aowy|Rising Voltage|p1b: Lotad\n|-hint|Rising Voltage's BP doubled on grounded target.\n|-damage|p1b: Lotad|0 fnt\n|faint|p1b: Lotad\n|\n|-damage|p2b: ZipZap|73\/100 brn|[from] brn\n|upkeep\n|\n|t:|1699514353\n|switch|p1b: Solosis|Solosis, M|100\/100\n|turn|3\n|\n|t:|1699514370\n|move|p2b: ZipZap|Discharge|p1a: Buneary|[spread] p2a,p1a,p1b\n|-resisted|p2a: Aowy\n|-damage|p2a: Aowy|48\/100\n|-damage|p1a: Buneary|19\/100\n|-damage|p1b: Solosis|68\/100\n|move|p1a: Buneary|Return|p2a: Aowy\n|-damage|p2a: Aowy|10\/100\n|move|p1b: Solosis|Psychic|p2b: ZipZap\n|-damage|p2b: ZipZap|0 fnt\n|faint|p2b: ZipZap\n|move|p2a: Aowy|Rising Voltage|p1b: Solosis\n|-hint|Rising Voltage's BP doubled on grounded target.\n|-damage|p1b: Solosis|0 fnt\n|faint|p1b: Solosis\n|\n|upkeep\n|\n|t:|1699514400\n|switch|p2b: Pickme|Pachirisu, F|100\/100\n|switch|p1b: Teddiursa|Teddiursa, F|100\/100\n|turn|4\n|\n|t:|1699514413\n|move|p1a: Buneary|Return|p2b: Pickme\n|-damage|p2b: Pickme|70\/100\n|move|p2b: Pickme|Nuzzle|p1a: Buneary\n|-damage|p1a: Buneary|7\/100\n|-status|p1a: Buneary|par\n|move|p1b: Teddiursa|Earthquake|p2b: Pickme|[spread] p1a,p2a,p2b\n|-supereffective|p2a: Aowy\n|-supereffective|p2b: Pickme\n|-crit|p2b: Pickme\n|-damage|p1a: Buneary|0 fnt\n|-damage|p2a: Aowy|0 fnt\n|-damage|p2b: Pickme|0 fnt\n|faint|p1a: Buneary\n|faint|p2a: Aowy\n|faint|p2b: Pickme\n|\n|upkeep\n|c|\u2606tifftiff|nice\n|\n|t:|1699514430\n|switch|p1a: Nacli|Nacli, F|100\/100\n|switch|p2b: Dedeneden|Dedenne, M|100\/100\n|switch|p2a: Fluuffy|Mareep, F|100\/100\n|-item|p2b: Dedeneden|Air Balloon\n|turn|5\n|c|\u2606SirChewsALot|tanks\n|c|\u2606SirChewsALot|amused nacli is so huge\n|\n|t:|1699514481\n|move|p2b: Dedeneden|Grass Knot|p1a: Nacli\n|-supereffective|p1a: Nacli\n|-damage|p1a: Nacli|71\/100\n|move|p1b: Teddiursa|Earthquake|p2b: Dedeneden|[spread] p1a,p2a\n|-immune|p2b: Dedeneden\n|-supereffective|p1a: Nacli\n|-supereffective|p2a: Fluuffy\n|-damage|p1a: Nacli|24\/100\n|-damage|p2a: Fluuffy|22\/100\n|move|p2a: Fluuffy|Cotton Guard|p2a: Fluuffy\n|-boost|p2a: Fluuffy|def|3\n|move|p1a: Nacli|Curse|p1a: Nacli\n|-unboost|p1a: Nacli|spe|1\n|-boost|p1a: Nacli|atk|1\n|-boost|p1a: Nacli|def|1\n|\n|upkeep\n|turn|6\n|\n|t:|1699514519\n|-terastallize|p1a: Nacli|Dragon\n|move|p2b: Dedeneden|Dazzling Gleam|p1a: Nacli|[spread] p1a,p1b\n|-supereffective|p1a: Nacli\n|-damage|p1a: Nacli|0 fnt\n|-damage|p1b: Teddiursa|21\/100\n|faint|p1a: Nacli\n|move|p1b: Teddiursa|Gunk Shot|p2b: Dedeneden\n|-supereffective|p2b: Dedeneden\n|-damage|p2b: Dedeneden|0 fnt\n|-enditem|p2b: Dedeneden|Air Balloon\n|faint|p2b: Dedeneden\n|move|p2a: Fluuffy|Dazzling Gleam|p1b: Teddiursa\n|-damage|p1b: Teddiursa|0 fnt\n|faint|p1b: Teddiursa\n|\n|win|tifftiff\n|c|\u2606tifftiff|gg\n|c|\u2606SirChewsALot|ah shucks gg\n|c|\u2606tifftiff|come back tomorrow\n|l|\u2606tifftiff\n","uploadtime":1699514621,"views":16,"p1id":"sirchewsalot","p2id":"tifftiff","formatid":"gen9nationaldexdoubles","rating":0,"private":0,"password":""}