{"id":"gen9nationaldexdoubles-1987834319","p1":"InkyGoBoo!","p2":"Skye32","format":"[Gen 9] National Dex Doubles","log":"|j|\u2606InkyGoBoo!\n|j|\u2606Skye32\n|t:|1699641137\n|gametype|doubles\n|player|p1|InkyGoBoo!|nemona-s|\n|player|p2|Skye32|265|\n|teamsize|p1|6\n|teamsize|p2|6\n|gen|9\n|tier|[Gen 9] National Dex Doubles\n|rule|HP Percentage Mod: HP is shown in percentages\n|rule|Endless Battle Clause: Forcing endless battles is banned\n|rule|OHKO Clause: OHKO moves are banned\n|rule|Evasion Moves Clause: Evasion moves are banned\n|rule|Evasion Abilities Clause: Evasion abilities are banned\n|rule|Species Clause: Limit one of each Pok\u00e9mon\n|rule|Gravity Sleep Clause: The combination of sleep-inducing moves with imperfect accuracy and Gravity or Gigantamax Orbeetle are banned\n|clearpoke\n|poke|p1|Tapu Koko|\n|poke|p1|Ampharos, M|\n|poke|p1|Raichu-Alola, F|\n|poke|p1|Iron Hands|\n|poke|p1|Iron Valiant|\n|poke|p1|Hawlucha, F|\n|poke|p2|Pinsir, M|\n|poke|p2|Volcarona, F|\n|poke|p2|Ribombee, F|\n|poke|p2|Galvantula, M|\n|poke|p2|Kleavor, F|\n|poke|p2|Scizor, M|\n|teampreview\n|\n|t:|1699641193\n|start\n|switch|p1a: Guardian Of W's|Tapu Koko, shiny|100\/100\n|switch|p1b: Hawlucha|Hawlucha, F, shiny|100\/100\n|switch|p2a: Ribombee|Ribombee, F|100\/100\n|switch|p2b: Kleavor|Kleavor, F|100\/100\n|-fieldstart|move: Electric Terrain|[from] ability: Electric Surge|[of] p1a: Guardian Of W's\n|-enditem|p1b: Hawlucha|Electric Seed\n|-boost|p1b: Hawlucha|def|1|[from] item: Electric Seed\n|turn|1\n|c|\u2606InkyGoBoo!|Glhf!\n|\n|t:|1699641215\n|move|p1b: Hawlucha|Protect|p1b: Hawlucha\n|-singleturn|p1b: Hawlucha|Protect\n|move|p2b: Kleavor|Stone Axe|p1a: Guardian Of W's|[miss]\n|-miss|p2b: Kleavor|p1a: Guardian Of W's\n|move|p1a: Guardian Of W's|Volt Switch|p2b: Kleavor\n|-damage|p2b: Kleavor|34\/100\n|\n|t:|1699641225\n|switch|p1a: ZAP!|Raichu-Alola, F, shiny|100\/100|[from] Volt Switch\n|move|p2a: Ribombee|Moonblast|p1b: Hawlucha\n|-activate|p1b: Hawlucha|move: Protect\n|\n|upkeep\n|turn|2\n|\n|t:|1699641249\n|move|p1a: ZAP!|Surf|p2a: Ribombee|[spread] p1b,p2a,p2b\n|-supereffective|p2b: Kleavor\n|-damage|p1b: Hawlucha|68\/100\n|-damage|p2a: Ribombee|67\/100\n|-damage|p2b: Kleavor|0 fnt\n|faint|p2b: Kleavor\n|move|p1b: Hawlucha|Acrobatics|p2a: Ribombee\n|-supereffective|p2a: Ribombee\n|-damage|p2a: Ribombee|0 fnt\n|faint|p2a: Ribombee\n|\n|upkeep\n|\n|t:|1699641281\n|switch|p2a: Scizor|Scizor, M|100\/100\n|switch|p2b: Pinsir|Pinsir, M|100\/100\n|turn|3\n|\n|t:|1699641289\n|detailschange|p2b: Pinsir|Pinsir-Mega, M\n|-mega|p2b: Pinsir|Pinsir|Pinsirite\n|move|p1b: Hawlucha|Protect|p1b: Hawlucha\n|-singleturn|p1b: Hawlucha|Protect\n|move|p2b: Pinsir|Quick Attack|p1b: Hawlucha\n|-activate|p1b: Hawlucha|move: Protect\n|move|p1a: ZAP!|Rising Voltage|p2b: Pinsir\n|-supereffective|p2b: Pinsir\n|-damage|p2b: Pinsir|0 fnt\n|faint|p2b: Pinsir\n|move|p2a: Scizor|Bug Bite|p1a: ZAP!\n|-supereffective|p1a: ZAP!\n|-damage|p1a: ZAP!|0 fnt\n|faint|p1a: ZAP!\n|-damage|p2a: Scizor|91\/100|[from] item: Life Orb\n|\n|upkeep\n|\n|t:|1699641306\n|switch|p1a: Beeg Boi|Iron Hands, shiny|100\/100\n|switch|p2b: Galvantula|Galvantula, M|100\/100\n|-activate|p1a: Beeg Boi|ability: Quark Drive\n|-start|p1a: Beeg Boi|quarkdriveatk\n|turn|4\n|\n|t:|1699641328\n|move|p1a: Beeg Boi|Fake Out|p2b: Galvantula\n|-damage|p2b: Galvantula|63\/100\n|move|p2a: Scizor|Bullet Punch|p1a: Beeg Boi\n|-resisted|p1a: Beeg Boi\n|-damage|p1a: Beeg Boi|87\/100\n|-damage|p2a: Scizor|81\/100|[from] item: Life Orb\n|move|p1b: Hawlucha|Swords Dance|p1b: Hawlucha\n|-boost|p1b: Hawlucha|atk|2\n|cant|p2b: Galvantula|flinch\n|\n|-heal|p1a: Beeg Boi|93\/100|[from] item: Leftovers\n|upkeep\n|turn|5\n|\n|t:|1699641341\n|move|p2a: Scizor|Bullet Punch|p1b: Hawlucha\n|-damage|p1b: Hawlucha|22\/100\n|-damage|p2a: Scizor|71\/100|[from] item: Life Orb\n|move|p1b: Hawlucha|Acrobatics|p2b: Galvantula\n|-damage|p2b: Galvantula|0 fnt\n|faint|p2b: Galvantula\n|move|p1a: Beeg Boi|Thunder Punch|p2a: Scizor\n|-crit|p2a: Scizor\n|-damage|p2a: Scizor|0 fnt\n|faint|p2a: Scizor\n|\n|-heal|p1a: Beeg Boi|99\/100|[from] item: Leftovers\n|upkeep\n|\n|t:|1699641350\n|switch|p2b: Volcarona|Volcarona, F|100\/100\n|turn|6\n|c|\u2606InkyGoBoo!|Gg!~\n|\n|t:|1699641367\n|-terastallize|p2b: Volcarona|Ground\n|move|p1b: Hawlucha|Acrobatics|p2b: Volcarona\n|-damage|p2b: Volcarona|0 fnt\n|-status|p1b: Hawlucha|brn|[from] ability: Flame Body|[of] p2b: Volcarona\n|faint|p2b: Volcarona\n|\n|win|InkyGoBoo!\n","uploadtime":1699641383,"views":10,"p1id":"inkygoboo","p2id":"skye32","formatid":"gen9nationaldexdoubles","rating":0,"private":0,"password":""}