{"id":"gen9nationaldexdoubles-1991986384","p1":"lxvliiz","p2":"AceCoyoteNK","format":"[Gen 9] National Dex Doubles","log":"|j|\u2606lxvliiz\n|j|\u2606AceCoyoteNK\n|t:|1700145287\n|gametype|doubles\n|player|p1|lxvliiz|firebreather|1240\n|player|p2|AceCoyoteNK|lady|1260\n|teamsize|p1|6\n|teamsize|p2|6\n|gen|9\n|tier|[Gen 9] National Dex Doubles\n|rated|\n|rule|HP Percentage Mod: HP is shown in percentages\n|rule|Endless Battle Clause: Forcing endless battles is banned\n|rule|OHKO Clause: OHKO moves are banned\n|rule|Evasion Moves Clause: Evasion moves are banned\n|rule|Evasion Abilities Clause: Evasion abilities are banned\n|rule|Species Clause: Limit one of each Pok\u00e9mon\n|rule|Gravity Sleep Clause: The combination of sleep-inducing moves with imperfect accuracy and Gravity or Gigantamax Orbeetle are banned\n|clearpoke\n|poke|p1|Torkoal, M|\n|poke|p1|Charizard, F|\n|poke|p1|Iron Moth|\n|poke|p1|Typhlosion, M|\n|poke|p1|Heatran, M|\n|poke|p1|Salazzle, F|\n|poke|p2|Tyranitar, M|\n|poke|p2|Goodra-Hisui, F|\n|poke|p2|Ninetales-Alola, F|\n|poke|p2|Iron Hands|\n|poke|p2|Amoonguss, M|\n|poke|p2|Incineroar, F|\n|teampreview\n|inactive|Battle timer is ON: inactive players will automatically lose when time's up. (requested by AceCoyoteNK)\n|c|\u2606lxvliiz|hi\n|\n|t:|1700145302\n|start\n|switch|p1a: lighter|Typhlosion, M|100\/100\n|switch|p1b: hot hot hot|Heatran, M|100\/100\n|switch|p2a: Tantrum|Tyranitar, M|100\/100\n|switch|p2b: GEN 8 Nightmare|Incineroar, F|100\/100\n|-ability|p2a: Tantrum|Unnerve\n|-ability|p2b: GEN 8 Nightmare|Intimidate|boost\n|-unboost|p1a: lighter|atk|1\n|-unboost|p1b: hot hot hot|atk|1\n|turn|1\n|\n|t:|1700145318\n|move|p2b: GEN 8 Nightmare|Fake Out|p1a: lighter\n|-damage|p1a: lighter|81\/100\n|cant|p1a: lighter|flinch\n|move|p1b: hot hot hot|Lava Plume|p2b: GEN 8 Nightmare|[spread] p2a,p2b\n|-start|p1a: lighter|ability: Flash Fire\n|-resisted|p2a: Tantrum\n|-resisted|p2b: GEN 8 Nightmare\n|-damage|p2a: Tantrum|88\/100\n|-damage|p2b: GEN 8 Nightmare|81\/100\n|-enditem|p2b: GEN 8 Nightmare|Red Card|[of] p1b: hot hot hot\n|drag|p1b: burning|Torkoal, M|100\/100\n|-weather|SunnyDay|[from] ability: Drought|[of] p1b: burning\n|move|p2a: Tantrum|Dragon Tail|p1a: lighter\n|-damage|p1a: lighter|48\/100\n|-end|p1a: lighter|ability: Flash Fire|[silent]\n|drag|p1a: heating up|Charizard, F|100\/100\n|\n|-weather|SunnyDay|[upkeep]\n|upkeep\n|turn|2\n|inactive|lxvliiz has 120 seconds left.\n|\n|t:|1700145351\n|move|p1a: heating up|Solar Beam||[still]\n|-prepare|p1a: heating up|Solar Beam\n|-anim|p1a: heating up|Solar Beam|p2a: Tantrum\n|-supereffective|p2a: Tantrum\n|-damage|p2a: Tantrum|37\/100\n|move|p2a: Tantrum|Stone Edge|p1a: heating up|[miss]\n|-miss|p2a: Tantrum|p1a: heating up\n|move|p2b: GEN 8 Nightmare|Parting Shot|p1b: burning\n|-unboost|p1b: burning|atk|1\n|-unboost|p1b: burning|spa|1\n|inactive|AceCoyoteNK has 120 seconds left.\n|\n|t:|1700145366\n|switch|p2b: Iron fists|Iron Hands|100\/100|[from] Parting Shot\n|move|p1b: burning|Eruption|p2a: Tantrum|[spread] p2a,p2b\n|-resisted|p2a: Tantrum\n|-damage|p2a: Tantrum|21\/100\n|-damage|p2b: Iron fists|64\/100\n|\n|-weather|SunnyDay|[upkeep]\n|upkeep\n|turn|3\n|\n|t:|1700145378\n|switch|p1a: lighter|Typhlosion, M|48\/100\n|move|p2b: Iron fists|Fake Out|p1a: lighter\n|-damage|p1a: lighter|25\/100\n|move|p2a: Tantrum|Stone Edge|p1b: burning\n|-supereffective|p1b: burning\n|-damage|p1b: burning|26\/100\n|move|p1b: burning|Eruption|p2a: Tantrum|[spread] p2a,p2b\n|-resisted|p2a: Tantrum\n|-damage|p2a: Tantrum|16\/100\n|-damage|p2b: Iron fists|54\/100\n|\n|-weather|SunnyDay|[upkeep]\n|upkeep\n|turn|4\n|\n|t:|1700145400\n|switch|p1b: hot hot hot|Heatran, M|100\/100\n|move|p1a: lighter|Lava Plume|p2b: Iron fists|[spread] p2a,p2b\n|-start|p1b: hot hot hot|ability: Flash Fire\n|-resisted|p2a: Tantrum\n|-damage|p2a: Tantrum|4\/100\n|-damage|p2b: Iron fists|31\/100\n|move|p2b: Iron fists|Drain Punch|p1b: hot hot hot\n|-supereffective|p1b: hot hot hot\n|-damage|p1b: hot hot hot|31\/100\n|-heal|p2b: Iron fists|57\/100|[from] drain|[of] p1b: hot hot hot\n|move|p2a: Tantrum|Dragon Tail|p1a: lighter\n|-damage|p1a: lighter|0 fnt\n|faint|p1a: lighter\n|\n|-weather|SunnyDay|[upkeep]\n|upkeep\n|\n|t:|1700145411\n|switch|p1a: Salazzle|Salazzle, F|100\/100\n|turn|5\n|\n|t:|1700145431\n|move|p1a: Salazzle|Flamethrower|p2b: Iron fists\n|-damage|p2b: Iron fists|18\/100\n|move|p1b: hot hot hot|Lava Plume|p2b: Iron fists|[spread] p1a,p2a,p2b\n|-resisted|p1a: Salazzle\n|-resisted|p2a: Tantrum\n|-damage|p1a: Salazzle|10\/100\n|-damage|p2a: Tantrum|0 fnt\n|-damage|p2b: Iron fists|0 fnt\n|faint|p2a: Tantrum\n|faint|p2b: Iron fists\n|-end|p2b: Iron fists|Quark Drive|[silent]\n|\n|-weather|none\n|upkeep\n|\n|t:|1700145444\n|switch|p2a: Escargot|Goodra-Hisui, F|100\/100\n|switch|p2b: GEN 8 Nightmare|Incineroar, F|81\/100\n|-ability|p2b: GEN 8 Nightmare|Intimidate|boost\n|-unboost|p1a: Salazzle|atk|1\n|-unboost|p1b: hot hot hot|atk|1\n|turn|6\n|\n|t:|1700145457\n|switch|p1a: burning|Torkoal, M|26\/100\n|-weather|SunnyDay|[from] ability: Drought|[of] p1a: burning\n|-terastallize|p2a: Escargot|Water\n|move|p2b: GEN 8 Nightmare|Fake Out|p1a: burning\n|-damage|p1a: burning|15\/100\n|move|p1b: hot hot hot|Lava Plume|p2a: Escargot|[spread] p1a,p2a,p2b\n|-resisted|p1a: burning\n|-resisted|p2a: Escargot\n|-resisted|p2b: GEN 8 Nightmare\n|-damage|p1a: burning|0 fnt\n|-damage|p2a: Escargot|70\/100\n|-damage|p2b: GEN 8 Nightmare|39\/100\n|-status|p2a: Escargot|brn\n|faint|p1a: burning\n|move|p2a: Escargot|Acid Armor|p2a: Escargot\n|-boost|p2a: Escargot|def|2\n|\n|-weather|SunnyDay|[upkeep]\n|-heal|p2a: Escargot|76\/100 brn|[from] item: Leftovers\n|-damage|p2a: Escargot|70\/100 brn|[from] brn\n|upkeep\n|\n|t:|1700145477\n|switch|p1a: \ud83d\udd25\ud83d\udd25|Iron Moth|100\/100\n|-enditem|p1a: \ud83d\udd25\ud83d\udd25|Booster Energy\n|-activate|p1a: \ud83d\udd25\ud83d\udd25|ability: Quark Drive|[fromitem]\n|-start|p1a: \ud83d\udd25\ud83d\udd25|quarkdrivespa\n|turn|7\n|\n|t:|1700145484\n|move|p2a: Escargot|Protect|p2a: Escargot\n|-singleturn|p2a: Escargot|Protect\n|move|p1a: \ud83d\udd25\ud83d\udd25|Energy Ball|p2a: Escargot\n|-activate|p2a: Escargot|move: Protect\n|move|p1b: hot hot hot|Ancient Power|p2b: GEN 8 Nightmare\n|-supereffective|p2b: GEN 8 Nightmare\n|-damage|p2b: GEN 8 Nightmare|0 fnt\n|faint|p2b: GEN 8 Nightmare\n|\n|-weather|SunnyDay|[upkeep]\n|-heal|p2a: Escargot|76\/100 brn|[from] item: Leftovers\n|-damage|p2a: Escargot|70\/100 brn|[from] brn\n|upkeep\n|\n|t:|1700145500\n|switch|p2b: Amogus|Amoonguss, M|100\/100\n|turn|8\n|\n|t:|1700145519\n|move|p1a: \ud83d\udd25\ud83d\udd25|Energy Ball|p2a: Escargot\n|-ability|p2a: Escargot|Sap Sipper|boost\n|-boost|p2a: Escargot|atk|1\n|move|p1b: hot hot hot|Eruption|p2b: Amogus|[spread] p2a,p2b\n|-resisted|p2a: Escargot\n|-supereffective|p2b: Amogus\n|-damage|p2a: Escargot|52\/100 brn\n|-damage|p2b: Amogus|17\/100\n|-enditem|p2b: Amogus|Sitrus Berry|[eat]\n|-heal|p2b: Amogus|42\/100|[from] item: Sitrus Berry\n|move|p2a: Escargot|Body Press|p1b: hot hot hot\n|-supereffective|p1b: hot hot hot\n|-damage|p1b: hot hot hot|0 fnt\n|faint|p1b: hot hot hot\n|move|p2b: Amogus|Pollen Puff|p2a: Escargot\n|-heal|p2a: Escargot|100\/100 brn\n|\n|-weather|SunnyDay|[upkeep]\n|-damage|p2a: Escargot|94\/100 brn|[from] brn\n|upkeep\n|c|\u2606lxvliiz|oh right\n|\n|t:|1700145528\n|switch|p1b: Salazzle|Salazzle, F|10\/100\n|turn|9\n|\n|t:|1700145558\n|move|p1b: Salazzle|Sludge Bomb|p2a: Escargot\n|-damage|p2a: Escargot|68\/100 brn\n|move|p1a: \ud83d\udd25\ud83d\udd25|Fiery Dance|p2b: Amogus\n|-supereffective|p2b: Amogus\n|-damage|p2b: Amogus|0 fnt\n|faint|p2b: Amogus\n|move|p2a: Escargot|Heavy Slam|p1b: Salazzle\n|-resisted|p1b: Salazzle\n|-damage|p1b: Salazzle|0 fnt\n|faint|p1b: Salazzle\n|\n|-weather|SunnyDay|[upkeep]\n|-heal|p2a: Escargot|74\/100 brn|[from] item: Leftovers\n|-damage|p2a: Escargot|68\/100 brn|[from] brn\n|upkeep\n|\n|t:|1700145572\n|switch|p1b: heating up|Charizard, F|100\/100\n|switch|p2b: Good Girl|Ninetales-Alola, F, shiny|100\/100\n|-weather|Snow|[from] ability: Snow Warning|[of] p2b: Good Girl\n|turn|10\n|\n|t:|1700145585\n|detailschange|p1b: heating up|Charizard-Mega-Y, F\n|-mega|p1b: heating up|Charizard|Charizardite Y\n|-weather|SunnyDay|[from] ability: Drought|[of] p1b: heating up\n|move|p1a: \ud83d\udd25\ud83d\udd25|Sludge Wave|p2a: Escargot|[spread] p1b,p2a,p2b\n|-supereffective|p2b: Good Girl\n|-damage|p1b: heating up|56\/100\n|-damage|p2a: Escargot|36\/100 brn\n|-damage|p2b: Good Girl|0 fnt\n|faint|p2b: Good Girl\n|move|p1b: heating up|Flamethrower|p2a: Escargot\n|-resisted|p2a: Escargot\n|-damage|p2a: Escargot|6\/100 brn\n|move|p2a: Escargot|Heavy Slam|p1a: \ud83d\udd25\ud83d\udd25\n|-resisted|p1a: \ud83d\udd25\ud83d\udd25\n|-damage|p1a: \ud83d\udd25\ud83d\udd25|72\/100\n|\n|-weather|SunnyDay|[upkeep]\n|-heal|p2a: Escargot|12\/100 brn|[from] item: Leftovers\n|-damage|p2a: Escargot|6\/100 brn|[from] brn\n|upkeep\n|turn|11\n|-message|AceCoyoteNK forfeited.\n|\n|win|lxvliiz\n|raw|lxvliiz's rating: 1240 &rarr; <strong>1266<\/strong><br \/>(+26 for winning)\n|raw|AceCoyoteNK's rating: 1260 &rarr; <strong>1234<\/strong><br \/>(-26 for losing)\n|l|\u2606AceCoyoteNK\n","uploadtime":1700145598,"views":5,"p1id":"lxvliiz","p2id":"acecoyotenk","formatid":"gen9nationaldexdoubles","rating":1234,"private":0,"password":""}