{"id":"gen9nationaldexdoubles-1972913428","p1":"nombre epico.jpg","p2":"Ronald Rizz Wizard","format":"[Gen 9] National Dex Doubles","log":"|j|\u2606nombre epico.jpg\n|j|\u2606Ronald Rizz Wizard\n|t:|1697908332\n|gametype|doubles\n|player|p1|nombre epico.jpg|dawn-masters3|1333\n|player|p2|Ronald Rizz Wizard|clair|1266\n|teamsize|p1|6\n|teamsize|p2|6\n|gen|9\n|tier|[Gen 9] National Dex Doubles\n|rated|\n|rule|HP Percentage Mod: HP is shown in percentages\n|rule|Endless Battle Clause: Forcing endless battles is banned\n|rule|OHKO Clause: OHKO moves are banned\n|rule|Evasion Moves Clause: Evasion moves are banned\n|rule|Evasion Abilities Clause: Evasion abilities are banned\n|rule|Species Clause: Limit one of each Pok\u00e9mon\n|rule|Gravity Sleep Clause: The combination of sleep-inducing moves with imperfect accuracy and Gravity or Gigantamax Orbeetle are banned\n|clearpoke\n|poke|p1|Iron Bundle|\n|poke|p1|Blaziken, F|\n|poke|p1|Ninetales-Alola, F|\n|poke|p1|Tornadus, M|\n|poke|p1|Marshadow|\n|poke|p1|Zeraora|\n|poke|p2|Charizard, F|\n|poke|p2|Flutter Mane|\n|poke|p2|Typhlosion-Hisui, M|\n|poke|p2|Zygarde|\n|poke|p2|Chi-Yu|\n|poke|p2|Whimsicott, M|\n|teampreview\n|inactive|Battle timer is ON: inactive players will automatically lose when time's up. (requested by Ronald Rizz Wizard)\n|c|\u2606Ronald Rizz Wizard|Glhf\n|\n|t:|1697908361\n|start\n|switch|p1a: Ninetales|Ninetales-Alola, F, shiny|100\/100\n|switch|p1b: Tornadus|Tornadus, M, shiny|100\/100\n|switch|p2a: Zygarde|Zygarde|100\/100\n|switch|p2b: Whimsicott|Whimsicott, M|100\/100\n|-weather|Snow|[from] ability: Snow Warning|[of] p1a: Ninetales\n|-ability|p2a: Zygarde|Aura Break\n|turn|1\n|c|\u2606nombre epico.jpg|Glhf\n|\n|t:|1697908389\n|switch|p2a: Chi-Yu|Chi-Yu|100\/100\n|-ability|p2a: Chi-Yu|Beads of Ruin\n|move|p2b: Whimsicott|Encore||[still]\n|-fail|p2b: Whimsicott\n|move|p1b: Tornadus|Tailwind|p1b: Tornadus\n|-sidestart|p1: nombre epico.jpg|move: Tailwind\n|move|p1a: Ninetales|Aurora Veil|p1a: Ninetales\n|-sidestart|p1: nombre epico.jpg|move: Aurora Veil\n|\n|-weather|Snow|[upkeep]\n|upkeep\n|turn|2\n|\n|t:|1697908411\n|move|p2b: Whimsicott|Encore|p1a: Ninetales\n|-start|p1a: Ninetales|Encore\n|move|p1a: Ninetales|Aurora Veil||[still]\n|-fail|p1a: Ninetales\n|move|p1b: Tornadus|Bleakwind Storm|p2b: Whimsicott|[spread] p2a\n|-miss|p1b: Tornadus|p2b: Whimsicott\n|-damage|p2a: Chi-Yu|57\/100\n|-zpower|p2a: Chi-Yu\n|move|p2a: Chi-Yu|Inferno Overdrive|p1b: Tornadus|[zeffect]\n|-damage|p1b: Tornadus|1\/100\n|\n|-weather|Snow|[upkeep]\n|upkeep\n|turn|3\n|inactive|nombre epico.jpg has 120 seconds left.\n|\n|t:|1697908442\n|switch|p1a: Zeraora|Zeraora|100\/100\n|move|p2b: Whimsicott|Tailwind|p2b: Whimsicott\n|-sidestart|p2: Ronald Rizz Wizard|move: Tailwind\n|move|p2a: Chi-Yu|Heat Wave|p1a: Zeraora|[spread] p1a,p1b\n|-crit|p1b: Tornadus\n|-damage|p1a: Zeraora|59\/100\n|-damage|p1b: Tornadus|0 fnt\n|faint|p1b: Tornadus\n|\n|-weather|Snow|[upkeep]\n|upkeep\n|inactive|nombre epico.jpg has 120 seconds left.\n|\n|t:|1697908458\n|switch|p1b: Marshadow|Marshadow|100\/100\n|turn|4\n|\n|t:|1697908466\n|move|p2b: Whimsicott|Protect|p2b: Whimsicott\n|-singleturn|p2b: Whimsicott|Protect\n|move|p2a: Chi-Yu|Protect|p2a: Chi-Yu\n|-singleturn|p2a: Chi-Yu|Protect\n|move|p1a: Zeraora|Fake Out|p2b: Whimsicott\n|-activate|p2b: Whimsicott|move: Protect\n|move|p1b: Marshadow|Close Combat|p2a: Chi-Yu\n|-activate|p2a: Chi-Yu|move: Protect\n|\n|-weather|Snow|[upkeep]\n|-sideend|p1: nombre epico.jpg|move: Tailwind\n|upkeep\n|turn|5\n|inactive|nombre epico.jpg has 120 seconds left.\n|\n|t:|1697908511\n|move|p2b: Whimsicott|Encore|p1a: Zeraora\n|-start|p1a: Zeraora|Encore\n|move|p2a: Chi-Yu|Heat Wave|p1b: Marshadow|[spread] \n|-miss|p2a: Chi-Yu|p1a: Zeraora\n|-miss|p2a: Chi-Yu|p1b: Marshadow\n|move|p1a: Zeraora|Fake Out||[still]\n|-hint|Fake Out only works on your first turn out.\n|-fail|p1a: Zeraora\n|move|p1b: Marshadow|Close Combat|p2a: Chi-Yu\n|-supereffective|p2a: Chi-Yu\n|-damage|p2a: Chi-Yu|0 fnt\n|-unboost|p1b: Marshadow|def|1\n|-unboost|p1b: Marshadow|spd|1\n|faint|p2a: Chi-Yu\n|\n|-weather|none\n|upkeep\n|inactive|Ronald Rizz Wizard has 120 seconds left.\n|\n|t:|1697908530\n|switch|p2a: Typhlosion|Typhlosion-Hisui, M|100\/100\n|-item|p1a: Zeraora|Life Orb|[from] ability: Frisk|[of] p2a: Typhlosion|[identify]\n|-item|p1b: Marshadow|Marshadium Z|[from] ability: Frisk|[of] p2a: Typhlosion|[identify]\n|turn|6\n|\n|t:|1697908545\n|switch|p2a: Zygarde|Zygarde|100\/100\n|-ability|p2a: Zygarde|Aura Break\n|switch|p1a: Blaziken|Blaziken, F, shiny|100\/100\n|move|p2b: Whimsicott|Encore|p1b: Marshadow\n|-start|p1b: Marshadow|Encore\n|move|p1b: Marshadow|Close Combat|p2a: Zygarde\n|-damage|p2a: Zygarde|58\/100\n|-unboost|p1b: Marshadow|def|1\n|-unboost|p1b: Marshadow|spd|1\n|\n|-sideend|p2: Ronald Rizz Wizard|move: Tailwind\n|upkeep\n|turn|7\n|\n|t:|1697908566\n|detailschange|p1a: Blaziken|Blaziken-Mega, F, shiny\n|-mega|p1a: Blaziken|Blaziken|Blazikenite\n|move|p2b: Whimsicott|Tailwind|p2b: Whimsicott\n|-sidestart|p2: Ronald Rizz Wizard|move: Tailwind\n|move|p2a: Zygarde|Dragon Dance|p2a: Zygarde\n|-boost|p2a: Zygarde|atk|1\n|-boost|p2a: Zygarde|spe|1\n|move|p1b: Marshadow|Close Combat|p2a: Zygarde\n|-damage|p2a: Zygarde|10\/100\n|-unboost|p1b: Marshadow|def|1\n|-unboost|p1b: Marshadow|spd|1\n|move|p1a: Blaziken|Flare Blitz|p2b: Whimsicott\n|-supereffective|p2b: Whimsicott\n|-damage|p2b: Whimsicott|0 fnt\n|faint|p2b: Whimsicott\n|-damage|p1a: Blaziken|72\/100|[from] Recoil\n|\n|-ability|p1a: Blaziken|Speed Boost|boost\n|-boost|p1a: Blaziken|spe|1\n|upkeep\n|inactive|Ronald Rizz Wizard has 120 seconds left.\n|\n|t:|1697908591\n|switch|p2b: Typhlosion|Typhlosion-Hisui, M|100\/100\n|-item|p1a: Blaziken|Blazikenite|[from] ability: Frisk|[of] p2b: Typhlosion|[identify]\n|-item|p1b: Marshadow|Marshadium Z|[from] ability: Frisk|[of] p2b: Typhlosion|[identify]\n|turn|8\n|\n|t:|1697908600\n|switch|p1b: Ninetales|Ninetales-Alola, F, shiny|100\/100\n|-weather|Snow|[from] ability: Snow Warning|[of] p1b: Ninetales\n|move|p1a: Blaziken|Protect|p1a: Blaziken\n|-singleturn|p1a: Blaziken|Protect\n|move|p2b: Typhlosion|Eruption|p1b: Ninetales|[spread] p1b\n|-activate|p1a: Blaziken|move: Protect\n|-supereffective|p1b: Ninetales\n|-damage|p1b: Ninetales|10\/100\n|move|p2a: Zygarde|Thousand Arrows|p1a: Blaziken|[spread] p1b\n|-activate|p1a: Blaziken|move: Protect\n|-damage|p1b: Ninetales|0 fnt\n|faint|p1b: Ninetales\n|\n|-weather|Snow|[upkeep]\n|-sideend|p1: nombre epico.jpg|move: Aurora Veil\n|-ability|p1a: Blaziken|Speed Boost|boost\n|-boost|p1a: Blaziken|spe|1\n|upkeep\n|\n|t:|1697908624\n|switch|p1b: Marshadow|Marshadow|100\/100\n|turn|9\n|\n|t:|1697908635\n|-terastallize|p2b: Typhlosion|Fire\n|move|p2a: Zygarde|Extreme Speed|p1a: Blaziken\n|-damage|p1a: Blaziken|33\/100\n|move|p1b: Marshadow|Shadow Sneak|p2a: Zygarde\n|-damage|p2a: Zygarde|0 fnt\n|faint|p2a: Zygarde\n|move|p2b: Typhlosion|Eruption|p1b: Marshadow|[spread] p1a,p1b\n|-resisted|p1a: Blaziken\n|-damage|p1a: Blaziken|0 fnt\n|-damage|p1b: Marshadow|30\/100\n|faint|p1a: Blaziken\n|\n|-weather|Snow|[upkeep]\n|upkeep\n|\n|t:|1697908653\n|switch|p1a: Zeraora|Zeraora|59\/100\n|switch|p2a: Flutter Mane|Flutter Mane|100\/100\n|turn|10\n|\n|t:|1697908668\n|-end|p2a: Flutter Mane|Protosynthesis|[silent]\n|switch|p2a: Charizard|Charizard, F|100\/100\n|move|p1a: Zeraora|Fake Out|p2b: Typhlosion\n|-damage|p2b: Typhlosion|78\/100\n|-damage|p1a: Zeraora|49\/100|[from] item: Life Orb\n|move|p1b: Marshadow|Shadow Sneak|p2a: Charizard\n|-damage|p2a: Charizard|58\/100\n|cant|p2b: Typhlosion|flinch\n|\n|-weather|Snow|[upkeep]\n|-sideend|p2: Ronald Rizz Wizard|move: Tailwind\n|upkeep\n|turn|11\n|inactive|Ronald Rizz Wizard has 120 seconds left.\n|\n|t:|1697908710\n|detailschange|p2a: Charizard|Charizard-Mega-Y, F\n|-mega|p2a: Charizard|Charizard|Charizardite Y\n|-weather|SunnyDay|[from] ability: Drought|[of] p2a: Charizard\n|move|p2a: Charizard|Protect|p2a: Charizard\n|-singleturn|p2a: Charizard|Protect\n|move|p1b: Marshadow|Shadow Sneak|p2b: Typhlosion\n|-damage|p2b: Typhlosion|35\/100\n|move|p2b: Typhlosion|Eruption|p1b: Marshadow|[spread] p1a,p1b\n|-damage|p1a: Zeraora|4\/100\n|-damage|p1b: Marshadow|0 fnt\n|faint|p1b: Marshadow\n|move|p1a: Zeraora|Volt Switch|p2a: Charizard\n|-activate|p2a: Charizard|move: Protect\n|\n|-weather|SunnyDay|[upkeep]\n|upkeep\n|inactive|nombre epico.jpg has 120 seconds left.\n|\n|t:|1697908726\n|switch|p1b: Iron Bundle|Iron Bundle, shiny|100\/100\n|-enditem|p1b: Iron Bundle|Booster Energy\n|-activate|p1b: Iron Bundle|ability: Quark Drive|[fromitem]\n|-start|p1b: Iron Bundle|quarkdrivespe\n|turn|12\n|\n|t:|1697908744\n|switch|p2a: Flutter Mane|Flutter Mane|100\/100\n|-activate|p2a: Flutter Mane|ability: Protosynthesis\n|-start|p2a: Flutter Mane|protosynthesisspa\n|move|p1b: Iron Bundle|Hydro Pump|p2b: Typhlosion\n|-supereffective|p2b: Typhlosion\n|-damage|p2b: Typhlosion|0 fnt\n|faint|p2b: Typhlosion\n|move|p1a: Zeraora|Plasma Fists|p2a: Flutter Mane\n|-damage|p2a: Flutter Mane|0 fnt\n|-fieldactivate|move: Ion Deluge\n|-hint|Normal-type moves become Electric-type after using Plasma Fists.\n|faint|p2a: Flutter Mane\n|-end|p2a: Flutter Mane|Protosynthesis|[silent]\n|-damage|p1a: Zeraora|0 fnt|[from] item: Life Orb\n|faint|p1a: Zeraora\n|\n|-weather|SunnyDay|[upkeep]\n|upkeep\n|inactive|Ronald Rizz Wizard has 120 seconds left.\n|\n|t:|1697908763\n|switch|p2a: Charizard|Charizard-Mega-Y, F|58\/100\n|turn|13\n|\n|t:|1697908770\n|-terastallize|p1b: Iron Bundle|Ice\n|move|p1b: Iron Bundle|Ice Beam|p2a: Charizard\n|-damage|p2a: Charizard|0 fnt\n|faint|p2a: Charizard\n|\n|win|nombre epico.jpg\n|raw|nombre epico.jpg's rating: 1333 &rarr; <strong>1349<\/strong><br \/>(+16 for winning)\n|raw|Ronald Rizz Wizard's rating: 1266 &rarr; <strong>1246<\/strong><br \/>(-20 for losing)\n|c|\u2606Ronald Rizz Wizard|Ggs\n|c|\u2606nombre epico.jpg|Gg\n|l|\u2606nombre epico.jpg\n","uploadtime":1697908789,"views":8,"p1id":"nombreepicojpg","p2id":"ronaldrizzwizard","formatid":"gen9nationaldexdoubles","rating":1246,"private":0,"password":""}