{"id":"gen9nationaldexdoubles-1950993503","p1":"MathHacker","p2":"the mudkip warrior","format":"[Gen 9] National Dex Doubles","log":"|j|\u2606MathHacker\n|j|\u2606the mudkip warrior\n|t:|1695527557\n|gametype|doubles\n|player|p1|MathHacker|richboy-gen4|1373\n|player|p2|the mudkip warrior|acetrainer-gen4dp|1585\n|teamsize|p1|6\n|teamsize|p2|6\n|gen|9\n|tier|[Gen 9] National Dex Doubles\n|rated|\n|rule|HP Percentage Mod: HP is shown in percentages\n|rule|Endless Battle Clause: Forcing endless battles is banned\n|rule|OHKO Clause: OHKO moves are banned\n|rule|Evasion Moves Clause: Evasion moves are banned\n|rule|Evasion Abilities Clause: Evasion abilities are banned\n|rule|Species Clause: Limit one of each Pok\u00e9mon\n|rule|Gravity Sleep Clause: The combination of sleep-inducing moves with imperfect accuracy and Gravity or Gigantamax Orbeetle are banned\n|clearpoke\n|poke|p1|Shuckle, M|\n|poke|p1|Pelipper, M|\n|poke|p1|Cresselia, F|\n|poke|p1|Torkoal, M|\n|poke|p1|Oranguru, M|\n|poke|p1|Ursaluna, M|\n|poke|p2|Dragonite, F|\n|poke|p2|Chien-Pao|\n|poke|p2|Brambleghast, M|\n|poke|p2|Tornadus, M|\n|poke|p2|Charizard, M|\n|poke|p2|Flutter Mane|\n|teampreview\n|c|\u2606the mudkip warrior|gl\n|\n|t:|1695527564\n|start\n|switch|p1a: Shucky|Shuckle, M, shiny|100\/100\n|switch|p1b: munke|Oranguru, M|100\/100\n|switch|p2a: Galakrond|Charizard, M, shiny|100\/100\n|switch|p2b: Lorna|Flutter Mane|100\/100\n|turn|1\n|j| S1r.sweepsaLot\n|\n|t:|1695527581\n|detailschange|p2a: Galakrond|Charizard-Mega-Y, M, shiny\n|-mega|p2a: Galakrond|Charizard|Charizardite Y\n|-weather|SunnyDay|[from] ability: Drought|[of] p2a: Galakrond\n|-activate|p2b: Lorna|ability: Protosynthesis\n|-start|p2b: Lorna|protosynthesisspe\n|move|p2b: Lorna|Imprison|p2b: Lorna\n|-start|p2b: Lorna|move: Imprison\n|move|p2a: Galakrond|Heat Wave|p1b: munke|[spread] p1a,p1b\n|-damage|p1a: Shucky|54\/100\n|-damage|p1b: munke|48\/100\n|-status|p1a: Shucky|brn\n|move|p1a: Shucky|Power Trick|p1a: Shucky\n|-start|p1a: Shucky|Power Trick\n|cant|p1b: munke|move: Imprison|Trick Room\n|\n|-weather|SunnyDay|[upkeep]\n|-damage|p1a: Shucky|48\/100 brn|[from] brn\n|upkeep\n|turn|2\n|c|\u2606the mudkip warrior|that magic is forbidden here\n|c|\u2606MathHacker|I see\n|j| kitty teve\n|\n|t:|1695527635\n|switch|p1b: Pelipper|Pelipper, M|100\/100\n|-weather|RainDance|[from] ability: Drizzle|[of] p1b: Pelipper\n|-end|p2b: Lorna|Protosynthesis\n|move|p2b: Lorna|Dazzling Gleam|p1b: Pelipper|[spread] p1a,p1b\n|-damage|p1a: Shucky|22\/100 brn\n|-damage|p1b: Pelipper|45\/100\n|-damage|p2b: Lorna|91\/100|[from] item: Life Orb\n|move|p2a: Galakrond|Heat Wave|p1b: Pelipper|[spread] p1a,p1b\n|-resisted|p1b: Pelipper\n|-damage|p1a: Shucky|7\/100 brn\n|-damage|p1b: Pelipper|28\/100\n|move|p1a: Shucky|Rock Slide|p2b: Lorna|[spread] p2a,p2b\n|-supereffective|p2a: Galakrond\n|-damage|p2a: Galakrond|0 fnt\n|-damage|p2b: Lorna|34\/100\n|faint|p2a: Galakrond\n|-heal|p1a: Shucky|30\/100 brn|[from] item: Shell Bell|[of] p2b: Lorna\n|\n|-weather|RainDance|[upkeep]\n|-damage|p1a: Shucky|24\/100 brn|[from] brn\n|upkeep\n|j| Toxic Ariados\n|\n|t:|1695527655\n|switch|p2a: Dolce|Dragonite, F|100\/100\n|turn|3\n|\n|t:|1695527670\n|move|p1b: Pelipper|Wide Guard|p1b: Pelipper\n|-singleturn|p1b: Pelipper|Wide Guard\n|move|p2b: Lorna|Dazzling Gleam|p1a: Shucky|[spread] \n|-activate|p1a: Shucky|move: Wide Guard\n|-activate|p1b: Pelipper|move: Wide Guard\n|move|p2a: Dolce|Tailwind|p2a: Dolce\n|-sidestart|p2: the mudkip warrior|move: Tailwind\n|move|p1a: Shucky|Rock Slide|p2b: Lorna|[spread] p2a,p2b\n|-supereffective|p2a: Dolce\n|-damage|p2a: Dolce|71\/100\n|-damage|p2b: Lorna|0 fnt\n|faint|p2b: Lorna\n|-end|p2b: Lorna|Protosynthesis|[silent]\n|-heal|p1a: Shucky|33\/100 brn|[from] item: Shell Bell|[of] p2: Lorna\n|\n|-weather|RainDance|[upkeep]\n|-damage|p1a: Shucky|27\/100 brn|[from] brn\n|upkeep\n|c|\u2606the mudkip warrior|OH SHIT\n|\n|t:|1695527683\n|switch|p2b: Trailblazer|Brambleghast, M|100\/100\n|-ability|p2b: Trailblazer|Wind Rider|boost\n|-boost|p2b: Trailblazer|atk|1\n|turn|4\n|inactive|Battle timer is ON: inactive players will automatically lose when time's up. (requested by the mudkip warrior)\n|c|\u2606the mudkip warrior|welcome audience\n|inactive|MathHacker has 120 seconds left.\n|c|\u2606the mudkip warrior|you ever deal with the 40 pound weight limit at an airport?\n|\n|t:|1695527798\n|switch|p1b: Cresselia|Cresselia, F|100\/100\n|move|p2a: Dolce|Extreme Speed|p1b: Cresselia\n|-damage|p1b: Cresselia|82\/100\n|move|p2b: Trailblazer|Bullet Seed|p1a: Shucky\n|-damage|p1a: Shucky|0 fnt\n|faint|p1a: Shucky\n|-hitcount|p1: Shucky|1\n|\n|-weather|RainDance|[upkeep]\n|-heal|p1b: Cresselia|88\/100|[from] item: Leftovers\n|upkeep\n|c|\u2606the mudkip warrior|and they tell you to get someone to \"pick up\" your extra stuff?\n|\n|t:|1695527815\n|switch|p1a: Yertle|Torkoal, M|100\/100\n|-weather|SunnyDay|[from] ability: Drought|[of] p1a: Yertle\n|turn|5\n|c|\u2606the mudkip warrior|wish i had a friend whod pick me up from the airport, let alone my hair gel, eyooo\n|inactive|the mudkip warrior has 120 seconds left.\n|\n|t:|1695527847\n|-terastallize|p1b: Cresselia|Fighting\n|move|p1a: Yertle|Protect|p1a: Yertle\n|-singleturn|p1a: Yertle|Protect\n|move|p2b: Trailblazer|Poltergeist|p1a: Yertle\n|-activate|p1a: Yertle|move: Protect\n|move|p2a: Dolce|Rock Slide|p1a: Yertle|[spread] p1b\n|-activate|p1a: Yertle|move: Protect\n|-resisted|p1b: Cresselia\n|-damage|p1b: Cresselia|82\/100\n|move|p1b: Cresselia|Trick Room|p1b: Cresselia\n|-fieldstart|move: Trick Room|[of] p1b: Cresselia\n|\n|-weather|SunnyDay|[upkeep]\n|-heal|p1b: Cresselia|88\/100|[from] item: Leftovers\n|upkeep\n|turn|6\n|\n|t:|1695527872\n|-terastallize|p2a: Dolce|Normal\n|move|p2a: Dolce|Extreme Speed|p1a: Yertle\n|-damage|p1a: Yertle|57\/100\n|move|p1a: Yertle|Eruption|p2a: Dolce|[spread] p2a,p2b\n|-supereffective|p2b: Trailblazer\n|-damage|p2a: Dolce|35\/100\n|-damage|p2b: Trailblazer|0 fnt\n|faint|p2b: Trailblazer\n|move|p1b: Cresselia|Dazzling Gleam|p2a: Dolce\n|-damage|p2a: Dolce|22\/100\n|\n|-weather|SunnyDay|[upkeep]\n|-heal|p1b: Cresselia|94\/100|[from] item: Leftovers\n|-sideend|p2: the mudkip warrior|move: Tailwind\n|upkeep\n|inactive|the mudkip warrior has 120 seconds left.\n|c|\u2606the mudkip warrior|damn im gonna need more than stand up comedy now\n|\n|t:|1695527903\n|switch|p2b: Al'akir|Tornadus, M|100\/100\n|turn|7\n|c|\u2606MathHacker|Idk if I've been told that, but I have had to move stuff out into my backpack or whatever to get under the limit\n|inactive|the mudkip warrior has 120 seconds left.\n|\n|t:|1695527933\n|move|p1b: Cresselia|Helping Hand|p1a: Yertle\n|-singleturn|p1a: Yertle|Helping Hand|[of] p1b: Cresselia\n|move|p2a: Dolce|Extreme Speed|p1b: Cresselia\n|-damage|p1b: Cresselia|68\/100\n|move|p1a: Yertle|Eruption|p2a: Dolce|[spread] p2a,p2b\n|-damage|p2a: Dolce|0 fnt\n|-damage|p2b: Al'akir|22\/100\n|faint|p2a: Dolce\n|move|p2b: Al'akir|Bleakwind Storm|p1a: Yertle|[spread] p1a,p1b\n|-supereffective|p1b: Cresselia\n|-damage|p1a: Yertle|4\/100\n|-damage|p1b: Cresselia|23\/100\n|\n|-weather|SunnyDay|[upkeep]\n|-heal|p1b: Cresselia|29\/100|[from] item: Leftovers\n|upkeep\n|inactive|the mudkip warrior has 90 seconds left.\n|\n|t:|1695527947\n|switch|p2a: Yusuke|Chien-Pao|100\/100\n|-ability|p2a: Yusuke|Sword of Ruin\n|turn|8\n|\n|t:|1695527971\n|move|p2a: Yusuke|Sucker Punch|p1a: Yertle\n|-damage|p1a: Yertle|0 fnt\n|faint|p1a: Yertle\n|move|p1b: Cresselia|Dazzling Gleam|p2b: Al'akir|[spread] p2a,p2b\n|-supereffective|p2a: Yusuke\n|-damage|p2a: Yusuke|63\/100\n|-damage|p2b: Al'akir|8\/100\n|move|p2b: Al'akir|Bleakwind Storm|p1b: Cresselia\n|-supereffective|p1b: Cresselia\n|-damage|p1b: Cresselia|0 fnt\n|faint|p1b: Cresselia\n|\n|-weather|SunnyDay|[upkeep]\n|upkeep\n|inactive|MathHacker has 120 seconds left.\n|\n|t:|1695528010\n|switch|p1a: Pelipper|Pelipper, M|28\/100\n|switch|p1b: ber|Ursaluna, M|100\/100\n|-weather|RainDance|[from] ability: Drizzle|[of] p1a: Pelipper\n|turn|9\n|inactive|MathHacker has 120 seconds left.\n|inactive|the mudkip warrior has 120 seconds left.\n|inactive|the mudkip warrior has 90 seconds left.\n|\n|t:|1695528069\n|move|p2a: Yusuke|Protect|p2a: Yusuke\n|-singleturn|p2a: Yusuke|Protect\n|move|p2b: Al'akir|Taunt|p1a: Pelipper\n|-start|p1a: Pelipper|move: Taunt\n|move|p1b: ber|Drain Punch|p2a: Yusuke\n|-activate|p2a: Yusuke|move: Protect\n|move|p1a: Pelipper|Hurricane|p2b: Al'akir\n|-damage|p2b: Al'akir|0 fnt\n|faint|p2b: Al'akir\n|\n|-weather|RainDance|[upkeep]\n|-fieldend|move: Trick Room\n|-status|p1b: ber|brn|[from] item: Flame Orb\n|upkeep\n|turn|10\n|inactive|MathHacker has 120 seconds left.\n|c|\u2606the mudkip warrior|its over.\n|\n|t:|1695528108\n|move|p2a: Yusuke|Ice Spinner|p1b: ber\n|-supereffective|p1b: ber\n|-damage|p1b: ber|9\/100 brn\n|move|p1a: Pelipper|Hurricane|p2a: Yusuke\n|-damage|p2a: Yusuke|0 fnt\n|faint|p2a: Yusuke\n|\n|win|MathHacker\n|raw|MathHacker's rating: 1373 &rarr; <strong>1404<\/strong><br \/>(+31 for winning)\n|raw|the mudkip warrior's rating: 1585 &rarr; <strong>1554<\/strong><br \/>(-31 for losing)\n|c|\u2606the mudkip warrior|gg\n|c|\u2606MathHacker|gg\n|l| Toxic Ariados\n|l| kitty teve\n|c|\u2606the mudkip warrior|dammit...\n|l|\u2606the mudkip warrior\n|c|\u2606MathHacker|Oh wow you were high up yeah\n","uploadtime":1695528166,"views":12,"p1id":"mathhacker","p2id":"themudkipwarrior","formatid":"gen9nationaldexdoubles","rating":1404,"private":0,"password":""}