{"id":"gen9nationaldexdoubles-1963350257","p1":"zSky7","p2":"Denvah_17","format":"[Gen 9] National Dex Doubles","log":"|j|\u2606zSky7\n|j|\u2606Denvah_17\n|t:|1696860272\n|gametype|doubles\n|player|p1|zSky7|lady|1121\n|player|p2|Denvah_17|alder|1295\n|teamsize|p1|6\n|teamsize|p2|6\n|gen|9\n|tier|[Gen 9] National Dex Doubles\n|rated|\n|rule|HP Percentage Mod: HP is shown in percentages\n|rule|Endless Battle Clause: Forcing endless battles is banned\n|rule|OHKO Clause: OHKO moves are banned\n|rule|Evasion Moves Clause: Evasion moves are banned\n|rule|Evasion Abilities Clause: Evasion abilities are banned\n|rule|Species Clause: Limit one of each Pok\u00e9mon\n|rule|Gravity Sleep Clause: The combination of sleep-inducing moves with imperfect accuracy and Gravity or Gigantamax Orbeetle are banned\n|clearpoke\n|poke|p1|Manectric, F|\n|poke|p1|Pikachu-Alola, M|\n|poke|p1|Metagross|\n|poke|p1|Landorus-Therian, M|\n|poke|p1|Excadrill, M|\n|poke|p1|Krookodile, M|\n|poke|p2|Sinistcha-Masterpiece|\n|poke|p2|Enamorus, F|\n|poke|p2|Volcanion|\n|poke|p2|Scizor, M|\n|poke|p2|Okidogi, M|\n|poke|p2|Ursaluna-Bloodmoon, M|\n|teampreview\n|inactive|Battle timer is ON: inactive players will automatically lose when time's up. (requested by Denvah_17)\n|\n|t:|1696860290\n|start\n|switch|p1a: Landorus|Landorus-Therian, M|100\/100\n|switch|p1b: Metagross|Metagross|100\/100\n|switch|p2a: Sonria|Enamorus, F|100\/100\n|switch|p2b: Grass Latte|Sinistcha-Masterpiece|100\/100\n|-ability|p1a: Landorus|Intimidate|boost\n|-boost|p2a: Sonria|atk|1\n|-unboost|p2b: Grass Latte|atk|1\n|turn|1\n|\n|t:|1696860318\n|move|p2a: Sonria|Superpower|p1b: Metagross\n|-damage|p1b: Metagross|61\/100\n|-boost|p2a: Sonria|atk|1\n|-boost|p2a: Sonria|def|1\n|move|p1a: Landorus|Explosion|p2b: Grass Latte|[spread] p1b,p2a\n|-immune|p2b: Grass Latte\n|-resisted|p1b: Metagross\n|-damage|p1b: Metagross|15\/100\n|-damage|p2a: Sonria|0 fnt\n|faint|p1a: Landorus\n|faint|p2a: Sonria\n|move|p2b: Grass Latte|Strength Sap||[still]\n|-fail|p1b: Metagross|unboost|[from] ability: Clear Body|[of] p1b: Metagross\n|-fail|p2b: Grass Latte\n|move|p1b: Metagross|Explosion|p2b: Grass Latte\n|-immune|p2b: Grass Latte\n|faint|p1b: Metagross\n|\n|upkeep\n|\n|t:|1696860339\n|switch|p2a: Dogecoin|Okidogi, M|100\/100\n|switch|p1a: Pikachu|Pikachu-Alola, M|100\/100\n|switch|p1b: Manectric|Manectric, F|100\/100\n|turn|2\n|\n|t:|1696860357\n|-terastallize|p1a: Pikachu|Electric\n|move|p1b: Manectric|Discharge|p2b: Grass Latte|[spread] p2a,p2b\n|-ability|p1a: Pikachu|Lightning Rod|boost\n|-boost|p1a: Pikachu|spa|1\n|-resisted|p2b: Grass Latte\n|-crit|p2b: Grass Latte\n|-damage|p2a: Dogecoin|73\/100\n|-damage|p2b: Grass Latte|67\/100\n|-status|p2b: Grass Latte|par\n|move|p1a: Pikachu|Discharge|p2a: Dogecoin|[spread] p2a,p2b\n|-ability|p1b: Manectric|Lightning Rod|boost\n|-boost|p1b: Manectric|spa|1\n|-resisted|p2b: Grass Latte\n|-damage|p2a: Dogecoin|18\/100\n|-damage|p2b: Grass Latte|27\/100 par\n|move|p2a: Dogecoin|Gunk Shot|p1b: Manectric\n|-damage|p1b: Manectric|0 fnt\n|faint|p1b: Manectric\n|cant|p2b: Grass Latte|par\n|\n|upkeep\n|\n|t:|1696860378\n|switch|p1b: Krookodile|Krookodile, M|100\/100\n|turn|3\n|\n|t:|1696860397\n|move|p1b: Krookodile|Darkest Lariat|p2b: Grass Latte\n|-supereffective|p2b: Grass Latte\n|-damage|p2b: Grass Latte|0 fnt\n|faint|p2b: Grass Latte\n|-ability|p1b: Krookodile|Moxie|boost\n|-boost|p1b: Krookodile|atk|1\n|move|p1a: Pikachu|Discharge|p2a: Dogecoin|[spread] p2a\n|-immune|p1b: Krookodile\n|-damage|p2a: Dogecoin|0 fnt\n|faint|p2a: Dogecoin\n|\n|upkeep\n|\n|t:|1696860408\n|switch|p2a: Saxophone|Volcanion|100\/100\n|switch|p2b: Xi Jinping|Ursaluna-Bloodmoon, M|100\/100\n|turn|4\n|inactive|zSky7 has 120 seconds left.\n|\n|t:|1696860441\n|move|p1b: Krookodile|Close Combat|p2b: Xi Jinping\n|-supereffective|p2b: Xi Jinping\n|-damage|p2b: Xi Jinping|13\/100\n|-unboost|p1b: Krookodile|def|1\n|-unboost|p1b: Krookodile|spd|1\n|move|p1a: Pikachu|Discharge|p2b: Xi Jinping|[spread] p2a\n|-immune|p1b: Krookodile\n|-immune|p2b: Xi Jinping\n|-supereffective|p2a: Saxophone\n|-damage|p2a: Saxophone|0 fnt\n|faint|p2a: Saxophone\n|move|p2b: Xi Jinping|Earth Power|p1a: Pikachu\n|-supereffective|p1a: Pikachu\n|-damage|p1a: Pikachu|0 fnt\n|faint|p1a: Pikachu\n|\n|-heal|p2b: Xi Jinping|19\/100|[from] item: Leftovers\n|upkeep\n|\n|t:|1696860455\n|switch|p1a: Excadrill|Excadrill, M|100\/100\n|switch|p2a: Sudafed|Scizor, M|100\/100\n|-ability|p1a: Excadrill|Mold Breaker\n|turn|5\n|\n|t:|1696860469\n|detailschange|p2a: Sudafed|Scizor-Mega, M\n|-mega|p2a: Sudafed|Scizor|Scizorite\n|move|p1b: Krookodile|Protect|p1b: Krookodile\n|-singleturn|p1b: Krookodile|Protect\n|move|p1a: Excadrill|Earthquake|p2b: Xi Jinping|[spread] p2a,p2b\n|-activate|p1b: Krookodile|move: Protect\n|-damage|p2a: Sudafed|71\/100\n|-damage|p2b: Xi Jinping|0 fnt\n|faint|p2b: Xi Jinping\n|move|p2a: Sudafed|Swords Dance|p2a: Sudafed\n|-boost|p2a: Sudafed|atk|2\n|\n|upkeep\n|turn|6\n|\n|t:|1696860489\n|move|p2a: Sudafed|Bullet Punch|p1b: Krookodile\n|-damage|p1b: Krookodile|0 fnt\n|faint|p1b: Krookodile\n|move|p1a: Excadrill|Iron Head|p2a: Sudafed\n|-resisted|p2a: Sudafed\n|-damage|p2a: Sudafed|56\/100\n|\n|upkeep\n|turn|7\n|\n|t:|1696860496\n|move|p1a: Excadrill|Earthquake|p2a: Sudafed\n|-damage|p2a: Sudafed|17\/100\n|move|p2a: Sudafed|Roost|p2a: Sudafed\n|-heal|p2a: Sudafed|68\/100\n|-singleturn|p2a: Sudafed|move: Roost\n|\n|upkeep\n|turn|8\n|\n|t:|1696860501\n|move|p1a: Excadrill|Earthquake|p2a: Sudafed\n|-damage|p2a: Sudafed|29\/100\n|move|p2a: Sudafed|Roost|p2a: Sudafed\n|-heal|p2a: Sudafed|79\/100\n|-singleturn|p2a: Sudafed|move: Roost\n|\n|upkeep\n|turn|9\n|\n|t:|1696860506\n|move|p1a: Excadrill|Earthquake|p2a: Sudafed\n|-damage|p2a: Sudafed|37\/100\n|move|p2a: Sudafed|Roost|p2a: Sudafed\n|-heal|p2a: Sudafed|87\/100\n|-singleturn|p2a: Sudafed|move: Roost\n|\n|upkeep\n|turn|10\n|\n|t:|1696860513\n|move|p1a: Excadrill|Earthquake|p2a: Sudafed\n|-damage|p2a: Sudafed|48\/100\n|move|p2a: Sudafed|Swords Dance|p2a: Sudafed\n|-boost|p2a: Sudafed|atk|2\n|\n|upkeep\n|turn|11\n|\n|t:|1696860524\n|move|p1a: Excadrill|Earthquake|p2a: Sudafed\n|-damage|p2a: Sudafed|6\/100\n|move|p2a: Sudafed|Swords Dance|p2a: Sudafed\n|-boost|p2a: Sudafed|atk|2\n|\n|upkeep\n|turn|12\n|\n|t:|1696860531\n|move|p2a: Sudafed|Bullet Punch|p1a: Excadrill\n|-resisted|p1a: Excadrill\n|-damage|p1a: Excadrill|0 fnt\n|faint|p1a: Excadrill\n|\n|win|Denvah_17\n|raw|zSky7's rating: 1097 &rarr; <strong>1085<\/strong><br \/>(-12 for losing)\n|raw|Denvah_17's rating: 1295 &rarr; <strong>1307<\/strong><br \/>(+12 for winning)\n|l|\u2606zSky7\n","uploadtime":1696860539,"views":5,"p1id":"zsky7","p2id":"denvah17","formatid":"gen9nationaldexdoubles","rating":1085,"private":0,"password":""}