{"id":"gen9nationaldexdoubles-1976727960","p1":"Baron_Sionis","p2":"RyosukeG","format":"[Gen 9] National Dex Doubles","log":"|j|\u2606Baron_Sionis\n|j|\u2606RyosukeG\n|t:|1698336634\n|gametype|doubles\n|player|p1|Baron_Sionis|grimsley|\n|player|p2|RyosukeG|blue|\n|teamsize|p1|6\n|teamsize|p2|6\n|gen|9\n|tier|[Gen 9] National Dex Doubles\n|rule|HP Percentage Mod: HP is shown in percentages\n|rule|Endless Battle Clause: Forcing endless battles is banned\n|rule|OHKO Clause: OHKO moves are banned\n|rule|Evasion Moves Clause: Evasion moves are banned\n|rule|Evasion Abilities Clause: Evasion abilities are banned\n|rule|Species Clause: Limit one of each Pok\u00e9mon\n|rule|Gravity Sleep Clause: The combination of sleep-inducing moves with imperfect accuracy and Gravity or Gigantamax Orbeetle are banned\n|clearpoke\n|poke|p1|Kingambit, M|\n|poke|p1|Iron Valiant|\n|poke|p1|Ting-Lu|\n|poke|p1|Gyarados, F|\n|poke|p1|Volcarona, M|\n|poke|p1|Gothitelle, F|\n|poke|p2|Azumarill, F|\n|poke|p2|Salamence, F|\n|poke|p2|Snorlax, M|\n|poke|p2|Chansey, F|\n|poke|p2|Gardevoir, F|\n|poke|p2|Tyranitar, M|\n|teampreview\n|j| Meaw5854\n|c|\u2606Baron_Sionis|oh shit, 6v6\n|c|\u2606Baron_Sionis|didnt even clock that\n|c| Meaw5854|woah.\n|\n|t:|1698336676\n|start\n|switch|p1a: Kingambit|Kingambit, M|100\/100\n|switch|p1b: Gothitelle|Gothitelle, F|100\/100\n|switch|p2a: Chika-Chan|Chansey, F|100\/100\n|switch|p2b: Snoru-Kun|Snorlax, M|100\/100\n|turn|1\n|c| Meaw5854|oh that\n|\n|t:|1698336700\n|-terastallize|p1a: Kingambit|Flying\n|move|p1b: Gothitelle|Fake Out|p2b: Snoru-Kun\n|-damage|p2b: Snoru-Kun|96\/100\n|move|p1a: Kingambit|Kowtow Cleave|p2a: Chika-Chan\n|-damage|p2a: Chika-Chan|72\/100\n|move|p2a: Chika-Chan|Stealth Rock|p1a: Kingambit\n|-sidestart|p1: Baron_Sionis|move: Stealth Rock\n|cant|p2b: Snoru-Kun|flinch\n|\n|-heal|p2b: Snoru-Kun|100\/100|[from] item: Leftovers\n|upkeep\n|turn|2\n|\n|t:|1698336723\n|move|p1b: Gothitelle|Protect|p1b: Gothitelle\n|-singleturn|p1b: Gothitelle|Protect\n|move|p1a: Kingambit|Kowtow Cleave|p2a: Chika-Chan\n|-damage|p2a: Chika-Chan|40\/100\n|move|p2a: Chika-Chan|Soft-Boiled|p2a: Chika-Chan\n|-heal|p2a: Chika-Chan|90\/100\n|move|p2b: Snoru-Kun|Belly Drum|p2b: Snoru-Kun\n|-damage|p2b: Snoru-Kun|50\/100\n|-setboost|p2b: Snoru-Kun|atk|6|[from] move: Belly Drum\n|\n|-heal|p2b: Snoru-Kun|57\/100|[from] item: Leftovers\n|upkeep\n|turn|3\n|\n|t:|1698336754\n|switch|p1a: Ting-Lu|Ting-Lu|100\/100\n|-damage|p1a: Ting-Lu|94\/100|[from] Stealth Rock\n|-ability|p1a: Ting-Lu|Vessel of Ruin\n|move|p1b: Gothitelle|Heal Pulse|p1a: Ting-Lu\n|-heal|p1a: Ting-Lu|100\/100\n|move|p2a: Chika-Chan|Toxic|p1b: Gothitelle\n|-status|p1b: Gothitelle|tox\n|move|p2b: Snoru-Kun|Frustration|p1a: Ting-Lu\n|-damage|p1a: Ting-Lu|0 fnt\n|faint|p1a: Ting-Lu\n|\n|-heal|p2b: Snoru-Kun|63\/100|[from] item: Leftovers\n|-damage|p1b: Gothitelle|94\/100 tox|[from] psn\n|upkeep\n|c|\u2606Baron_Sionis|hmm\n|\n|t:|1698336780\n|switch|p1a: Iron Valiant|Iron Valiant|100\/100\n|-damage|p1a: Iron Valiant|94\/100|[from] Stealth Rock\n|-enditem|p1a: Iron Valiant|Booster Energy\n|-activate|p1a: Iron Valiant|ability: Quark Drive|[fromitem]\n|-start|p1a: Iron Valiant|quarkdrivespe\n|turn|4\n|c| Meaw5854|ganbare \u2620\ufe0f\n|c|\u2606Baron_Sionis|ah i see\n|\n|t:|1698336823\n|move|p1a: Iron Valiant|Aura Sphere|p2b: Snoru-Kun\n|-supereffective|p2b: Snoru-Kun\n|-damage|p2b: Snoru-Kun|12\/100\n|move|p1b: Gothitelle|Psychic|p2b: Snoru-Kun\n|-damage|p2b: Snoru-Kun|0 fnt\n|faint|p2b: Snoru-Kun\n|move|p2a: Chika-Chan|Soft-Boiled|p2a: Chika-Chan\n|-heal|p2a: Chika-Chan|100\/100\n|\n|-heal|p1b: Gothitelle|100\/100 tox|[from] item: Leftovers\n|-damage|p1b: Gothitelle|88\/100 tox|[from] psn\n|upkeep\n|\n|t:|1698336837\n|switch|p2b: Sal-Sama|Salamence, F|100\/100\n|-ability|p2b: Sal-Sama|Intimidate|boost\n|-unboost|p1a: Iron Valiant|atk|1\n|-unboost|p1b: Gothitelle|atk|1\n|turn|5\n|\n|t:|1698336856\n|switch|p1b: Gyarados|Gyarados, F|100\/100\n|-damage|p1b: Gyarados|76\/100|[from] Stealth Rock\n|-ability|p1b: Gyarados|Intimidate|boost\n|-unboost|p2a: Chika-Chan|atk|1\n|-unboost|p2b: Sal-Sama|atk|1\n|detailschange|p2b: Sal-Sama|Salamence-Mega, F\n|-mega|p2b: Sal-Sama|Salamence|Salamencite\n|move|p1a: Iron Valiant|Moonblast|p2b: Sal-Sama\n|-supereffective|p2b: Sal-Sama\n|-damage|p2b: Sal-Sama|0 fnt\n|faint|p2b: Sal-Sama\n|move|p2a: Chika-Chan|Toxic|p1a: Iron Valiant\n|-status|p1a: Iron Valiant|tox\n|\n|-damage|p1a: Iron Valiant|88\/100 tox|[from] psn\n|upkeep\n|c| Meaw5854|kill chika\n|\n|t:|1698336873\n|switch|p2b: Grayfia|Gardevoir, F|100\/100\n|-ability|p2b: Grayfia|Intimidate|boost\n|-unboost|p1a: Iron Valiant|atk|1\n|-unboost|p1b: Gyarados|atk|1\n|-ability|p2b: Grayfia|Intimidate|[from] ability: Trace|[of] p1b: Gyarados\n|turn|6\n|c| Meaw5854|captain, your chika has to go down lmao\n|c|\u2606RyosukeG|XD\n|c|\u2606RyosukeG|NO\n|c| Meaw5854|yes\n|c| Meaw5854|ko\n|c| Meaw5854|fully\n|\n|t:|1698336928\n|-end|p1a: Iron Valiant|Quark Drive|[silent]\n|switch|p1a: Kingambit|Kingambit, M, tera:Flying|100\/100\n|-damage|p1a: Kingambit|75\/100|[from] Stealth Rock\n|move|p1b: Gyarados|Protect|p1b: Gyarados\n|-singleturn|p1b: Gyarados|Protect\n|move|p2b: Grayfia|Calm Mind|p2b: Grayfia\n|-boost|p2b: Grayfia|spa|1\n|-boost|p2b: Grayfia|spd|1\n|move|p2a: Chika-Chan|Soft-Boiled||[still]\n|-fail|p2a: Chika-Chan|heal\n|\n|upkeep\n|turn|7\n|\n|t:|1698336960\n|move|p1a: Kingambit|Sucker Punch||[still]\n|-fail|p1a: Kingambit\n|move|p1b: Gyarados|Waterfall|p2b: Grayfia\n|-damage|p2b: Grayfia|52\/100\n|-damage|p1b: Gyarados|66\/100|[from] item: Life Orb\n|move|p2b: Grayfia|Calm Mind|p2b: Grayfia\n|-boost|p2b: Grayfia|spa|1\n|-boost|p2b: Grayfia|spd|1\n|move|p2a: Chika-Chan|Toxic|p1b: Gyarados\n|-status|p1b: Gyarados|tox\n|\n|-damage|p1b: Gyarados|60\/100 tox|[from] psn\n|upkeep\n|turn|8\n|\n|t:|1698336988\n|move|p1a: Kingambit|Sucker Punch|p2b: Grayfia\n|-damage|p2b: Grayfia|0 fnt\n|faint|p2b: Grayfia\n|move|p1b: Gyarados|Waterfall|p2a: Chika-Chan\n|-damage|p2a: Chika-Chan|79\/100\n|-damage|p1b: Gyarados|50\/100 tox|[from] item: Life Orb\n|move|p2a: Chika-Chan|Seismic Toss|p1b: Gyarados\n|-damage|p1b: Gyarados|21\/100 tox\n|\n|-damage|p1b: Gyarados|8\/100 tox|[from] psn\n|upkeep\n|\n|t:|1698336999\n|switch|p2b: Azu-Chan|Azumarill, F, shiny|100\/100\n|turn|9\n|c| Meaw5854|this is problematic.\n|\n|t:|1698337024\n|move|p2b: Azu-Chan|Protect|p2b: Azu-Chan\n|-singleturn|p2b: Azu-Chan|Protect\n|move|p1b: Gyarados|Waterfall|p2a: Chika-Chan\n|-damage|p2a: Chika-Chan|57\/100\n|-damage|p1b: Gyarados|0 fnt|[from] item: Life Orb\n|faint|p1b: Gyarados\n|move|p1a: Kingambit|Iron Head|p2b: Azu-Chan\n|-activate|p2b: Azu-Chan|move: Protect\n|cant|p2a: Chika-Chan|flinch\n|\n|upkeep\n|\n|t:|1698337032\n|switch|p1b: Gothitelle|Gothitelle, F|88\/100 tox\n|-damage|p1b: Gothitelle|76\/100 tox|[from] Stealth Rock\n|turn|10\n|\n|t:|1698337052\n|move|p1b: Gothitelle|Fake Out|p2b: Azu-Chan\n|-damage|p2b: Azu-Chan|96\/100\n|move|p1a: Kingambit|Iron Head|p2b: Azu-Chan\n|-damage|p2b: Azu-Chan|49\/100\n|cant|p2b: Azu-Chan|flinch\n|move|p2a: Chika-Chan|Soft-Boiled|p2a: Chika-Chan\n|-heal|p2a: Chika-Chan|100\/100\n|\n|-heal|p1b: Gothitelle|82\/100 tox|[from] item: Leftovers\n|-damage|p1b: Gothitelle|76\/100 tox|[from] psn\n|upkeep\n|turn|11\n|\n|t:|1698337070\n|move|p2b: Azu-Chan|Protect|p2b: Azu-Chan\n|-singleturn|p2b: Azu-Chan|Protect\n|move|p1b: Gothitelle|Psychic|p2b: Azu-Chan\n|-activate|p2b: Azu-Chan|move: Protect\n|move|p1a: Kingambit|Iron Head|p2b: Azu-Chan\n|-activate|p2b: Azu-Chan|move: Protect\n|move|p2a: Chika-Chan|Seismic Toss|p1b: Gothitelle\n|-damage|p1b: Gothitelle|46\/100 tox\n|\n|-heal|p1b: Gothitelle|53\/100 tox|[from] item: Leftovers\n|-damage|p1b: Gothitelle|40\/100 tox|[from] psn\n|upkeep\n|turn|12\n|\n|t:|1698337095\n|move|p2b: Azu-Chan|Aqua Jet|p1b: Gothitelle\n|-damage|p1b: Gothitelle|12\/100 tox\n|-damage|p2b: Azu-Chan|39\/100|[from] item: Life Orb\n|move|p1b: Gothitelle|Psychic|p2b: Azu-Chan\n|-damage|p2b: Azu-Chan|9\/100\n|move|p1a: Kingambit|Iron Head|p2b: Azu-Chan\n|-damage|p2b: Azu-Chan|0 fnt\n|faint|p2b: Azu-Chan\n|move|p2a: Chika-Chan|Seismic Toss|p1b: Gothitelle\n|-damage|p1b: Gothitelle|0 fnt\n|faint|p1b: Gothitelle\n|\n|upkeep\n|\n|t:|1698337110\n|switch|p1b: Iron Valiant|Iron Valiant|88\/100 tox\n|switch|p2b: Tetsuro-Kun|Tyranitar, M|100\/100\n|-damage|p1b: Iron Valiant|82\/100 tox|[from] Stealth Rock\n|-weather|Sandstorm|[from] ability: Sand Stream|[of] p2b: Tetsuro-Kun\n|turn|13\n|\n|t:|1698337127\n|move|p1b: Iron Valiant|Aura Sphere|p2b: Tetsuro-Kun\n|-supereffective|p2b: Tetsuro-Kun\n|-damage|p2b: Tetsuro-Kun|4\/100\n|move|p2b: Tetsuro-Kun|Dragon Dance|p2b: Tetsuro-Kun\n|-boost|p2b: Tetsuro-Kun|atk|1\n|-boost|p2b: Tetsuro-Kun|spe|1\n|move|p1a: Kingambit|Iron Head|p2b: Tetsuro-Kun\n|-supereffective|p2b: Tetsuro-Kun\n|-damage|p2b: Tetsuro-Kun|0 fnt\n|faint|p2b: Tetsuro-Kun\n|move|p2a: Chika-Chan|Seismic Toss|p1b: Iron Valiant\n|-damage|p1b: Iron Valiant|47\/100 tox\n|\n|-weather|Sandstorm|[upkeep]\n|-damage|p1b: Iron Valiant|41\/100 tox|[from] Sandstorm\n|-damage|p1a: Kingambit|69\/100|[from] Sandstorm\n|-damage|p2a: Chika-Chan|94\/100|[from] Sandstorm\n|-damage|p1b: Iron Valiant|35\/100 tox|[from] psn\n|upkeep\n|turn|14\n|c|\u2606RyosukeG|CHIKA NOOOO\n|\n|t:|1698337151\n|move|p1b: Iron Valiant|Aura Sphere|p2a: Chika-Chan\n|-supereffective|p2a: Chika-Chan\n|-crit|p2a: Chika-Chan\n|-damage|p2a: Chika-Chan|57\/100\n|move|p1a: Kingambit|Iron Head|p2a: Chika-Chan\n|-damage|p2a: Chika-Chan|27\/100\n|move|p2a: Chika-Chan|Seismic Toss|p1a: Kingambit\n|-damage|p1a: Kingambit|45\/100\n|\n|-weather|Sandstorm|[upkeep]\n|-damage|p1b: Iron Valiant|29\/100 tox|[from] Sandstorm\n|-damage|p1a: Kingambit|38\/100|[from] Sandstorm\n|-damage|p2a: Chika-Chan|21\/100|[from] Sandstorm\n|-damage|p1b: Iron Valiant|16\/100 tox|[from] psn\n|upkeep\n|turn|15\n|\n|t:|1698337166\n|move|p1b: Iron Valiant|Aura Sphere|p2a: Chika-Chan\n|-supereffective|p2a: Chika-Chan\n|-damage|p2a: Chika-Chan|0 fnt\n|faint|p2a: Chika-Chan\n|\n|win|Baron_Sionis\n|c|\u2606RyosukeG|gg\n|c|\u2606Baron_Sionis|phew... gg\n|c|\u2606RyosukeG|XDDD\n|c| Meaw5854|duly noted.\n|c|\u2606RyosukeG|ahh man\n|c|\u2606RyosukeG|I thought I could do something\n|c|\u2606Baron_Sionis|this team is obsolete in present day vgc\n|c|\u2606RyosukeG|Your team?\n|c|\u2606Baron_Sionis|yeah\n|c|\u2606RyosukeG|Ah yeah\n|c| Meaw5854|what does obsolete mean\n|c|\u2606Baron_Sionis|useless\n|c| Meaw5854|ah\n|c|\u2606Baron_Sionis|but, good to see I'm moderately competent in doubles...\n|c|\u2606Baron_Sionis|even though half the time I just forgot shadow tag was in affect\n|c| Meaw5854|you did well\n|c| Meaw5854|oh dear\n|c|\u2606Baron_Sionis|\"is he gonna switch?\" \"wait no he can't\"\n","uploadtime":1698337291,"views":7,"p1id":"baronsionis","p2id":"ryosukeg","formatid":"gen9nationaldexdoubles","rating":0,"private":0,"password":""}