{"id":"gen9nationaldexdoubles-1997005221","p1":"BriefMarigold4","p2":"all beef no filler","format":"[Gen 9] National Dex Doubles","log":"|j|\u2606BriefMarigold4\n|j|\u2606all beef no filler\n|t:|1700754790\n|gametype|doubles\n|player|p1|BriefMarigold4|266|1504\n|player|p2|all beef no filler|clown|1467\n|teamsize|p1|6\n|teamsize|p2|6\n|gen|9\n|tier|[Gen 9] National Dex Doubles\n|rated|\n|rule|HP Percentage Mod: HP is shown in percentages\n|rule|Endless Battle Clause: Forcing endless battles is banned\n|rule|OHKO Clause: OHKO moves are banned\n|rule|Evasion Moves Clause: Evasion moves are banned\n|rule|Evasion Abilities Clause: Evasion abilities are banned\n|rule|Species Clause: Limit one of each Pok\u00e9mon\n|rule|Gravity Sleep Clause: The combination of sleep-inducing moves with imperfect accuracy and Gravity or Gigantamax Orbeetle are banned\n|clearpoke\n|poke|p1|Landorus-Therian, M|\n|poke|p1|Tapu Fini|\n|poke|p1|Snorlax, M|\n|poke|p1|Sinistcha-Masterpiece|\n|poke|p1|Gothitelle, F|\n|poke|p1|Kyurem-Black|\n|poke|p2|Zygarde|\n|poke|p2|Zamazenta-*|\n|poke|p2|Jirachi|\n|poke|p2|Rillaboom, M|\n|poke|p2|Kangaskhan, F|\n|poke|p2|Glimmora, M|\n|teampreview\n|\n|t:|1700754798\n|start\n|switch|p1a: uuhhh mommy?|Gothitelle, F|100\/100\n|switch|p1b: my lil fatty UwU|Snorlax, M|100\/100\n|switch|p2a: Kangaskhan|Kangaskhan, F|100\/100\n|switch|p2b: Glimmora|Glimmora, M|100\/100\n|turn|1\n|\n|t:|1700754809\n|switch|p1a: fuck dem burns|Tapu Fini|100\/100\n|-fieldstart|move: Misty Terrain|[from] ability: Misty Surge|[of] p1a: fuck dem burns\n|detailschange|p2a: Kangaskhan|Kangaskhan-Mega, F\n|-mega|p2a: Kangaskhan|Kangaskhan|Kangaskhanite\n|move|p2a: Kangaskhan|Fake Out|p1b: my lil fatty UwU\n|-damage|p1b: my lil fatty UwU|88\/100\n|-damage|p1b: my lil fatty UwU|85\/100\n|-hitcount|p1b: my lil fatty UwU|2\n|move|p2b: Glimmora|Mortal Spin|p1b: my lil fatty UwU|[spread] p1a,p1b\n|-supereffective|p1a: fuck dem burns\n|-damage|p1a: fuck dem burns|95\/100\n|-damage|p1b: my lil fatty UwU|82\/100\n|cant|p1b: my lil fatty UwU|flinch\n|\n|-heal|p1b: my lil fatty UwU|88\/100|[from] item: Leftovers\n|upkeep\n|turn|2\n|\n|t:|1700754829\n|switch|p1a: uuhhh mommy?|Gothitelle, F|100\/100\n|move|p1b: my lil fatty UwU|Protect|p1b: my lil fatty UwU\n|-singleturn|p1b: my lil fatty UwU|Protect\n|move|p2a: Kangaskhan|Seismic Toss|p1b: my lil fatty UwU\n|-activate|p1b: my lil fatty UwU|move: Protect\n|move|p2b: Glimmora|Stealth Rock|p1b: my lil fatty UwU\n|-sidestart|p1: BriefMarigold4|move: Stealth Rock\n|\n|-heal|p1b: my lil fatty UwU|94\/100|[from] item: Leftovers\n|upkeep\n|turn|3\n|\n|t:|1700754844\n|move|p1a: uuhhh mommy?|Fake Out|p2b: Glimmora\n|-resisted|p2b: Glimmora\n|-damage|p2b: Glimmora|98\/100\n|-activate|p2b: Glimmora|ability: Toxic Debris\n|-sidestart|p1: BriefMarigold4|move: Toxic Spikes\n|move|p2a: Kangaskhan|Seismic Toss|p1b: my lil fatty UwU\n|-damage|p1b: my lil fatty UwU|75\/100\n|-damage|p1b: my lil fatty UwU|56\/100\n|-hitcount|p1b: my lil fatty UwU|2\n|cant|p2b: Glimmora|flinch\n|move|p1b: my lil fatty UwU|High Horsepower|p2b: Glimmora\n|-supereffective|p2b: Glimmora\n|-damage|p2b: Glimmora|0 fnt\n|-activate|p2b: Glimmora|ability: Toxic Debris\n|-sidestart|p1: BriefMarigold4|move: Toxic Spikes\n|faint|p2b: Glimmora\n|\n|-heal|p1b: my lil fatty UwU|62\/100|[from] item: Leftovers\n|upkeep\n|c|\u2606BriefMarigold4|hate that mf\n|\n|t:|1700754868\n|switch|p2b: Jirachi|Jirachi|100\/100\n|turn|4\n|\n|t:|1700754888\n|move|p1b: my lil fatty UwU|Protect|p1b: my lil fatty UwU\n|-singleturn|p1b: my lil fatty UwU|Protect\n|move|p2a: Kangaskhan|Seismic Toss|p1b: my lil fatty UwU\n|-activate|p1b: my lil fatty UwU|move: Protect\n|move|p2b: Jirachi|Encore|p1a: uuhhh mommy?\n|-start|p1a: uuhhh mommy?|Encore\n|move|p1a: uuhhh mommy?|Fake Out||[still]\n|-hint|Fake Out only works on your first turn out.\n|-fail|p1a: uuhhh mommy?\n|\n|-heal|p1b: my lil fatty UwU|68\/100|[from] item: Leftovers\n|upkeep\n|turn|5\n|\n|t:|1700754904\n|switch|p1a: *boom vine effect*|Landorus-Therian, M|100\/100\n|-damage|p1a: *boom vine effect*|88\/100|[from] Stealth Rock\n|-ability|p1a: *boom vine effect*|Intimidate|boost\n|-unboost|p2a: Kangaskhan|atk|1\n|-unboost|p2b: Jirachi|atk|1\n|switch|p1b: oi it be tea time|Sinistcha-Masterpiece|100\/100\n|-damage|p1b: oi it be tea time|88\/100|[from] Stealth Rock\n|-heal|p1a: *boom vine effect*|100\/100|[from] ability: Hospitality|[of] p1b: oi it be tea time\n|move|p2a: Kangaskhan|Seismic Toss|p1b: oi it be tea time\n|-immune|p1b: oi it be tea time\n|move|p2b: Jirachi|Encore||[still]\n|-fail|p2b: Jirachi\n|\n|-fieldend|Misty Terrain\n|upkeep\n|turn|6\n|\n|t:|1700754956\n|switch|p1a: fuck dem burns|Tapu Fini|95\/100\n|-damage|p1a: fuck dem burns|82\/100|[from] Stealth Rock\n|-status|p1a: fuck dem burns|tox\n|-fieldstart|move: Misty Terrain|[from] ability: Misty Surge|[of] p1a: fuck dem burns\n|switch|p2b: Rillaboom|Rillaboom, M|100\/100\n|-fieldstart|move: Grassy Terrain|[from] ability: Grassy Surge|[of] p2b: Rillaboom\n|move|p2a: Kangaskhan|Seismic Toss|p1a: fuck dem burns\n|-damage|p1a: fuck dem burns|53\/100 tox\n|-damage|p1a: fuck dem burns|24\/100 tox\n|-enditem|p1a: fuck dem burns|Sitrus Berry|[eat]\n|-heal|p1a: fuck dem burns|49\/100 tox|[from] item: Sitrus Berry\n|-hitcount|p1a: fuck dem burns|2\n|move|p1b: oi it be tea time|Trick Room|p1b: oi it be tea time\n|-fieldstart|move: Trick Room|[of] p1b: oi it be tea time\n|\n|-heal|p1b: oi it be tea time|94\/100|[from] Grassy Terrain\n|-heal|p1a: fuck dem burns|55\/100 tox|[from] Grassy Terrain\n|-damage|p1a: fuck dem burns|49\/100 tox|[from] psn\n|upkeep\n|turn|7\n|\n|t:|1700754979\n|switch|p1a: *boom vine effect*|Landorus-Therian, M|100\/100\n|-damage|p1a: *boom vine effect*|88\/100|[from] Stealth Rock\n|-ability|p1a: *boom vine effect*|Intimidate|boost\n|-unboost|p2a: Kangaskhan|atk|1\n|-unboost|p2b: Rillaboom|atk|1\n|move|p1b: oi it be tea time|Matcha Gotcha|p2a: Kangaskhan|[spread] p2a,p2b\n|-resisted|p2b: Rillaboom\n|-damage|p2a: Kangaskhan|75\/100\n|-heal|p1b: oi it be tea time|100\/100|[from] drain|[of] p2a: Kangaskhan\n|-damage|p2b: Rillaboom|90\/100\n|move|p2b: Rillaboom|U-turn|p1b: oi it be tea time\n|-damage|p1b: oi it be tea time|89\/100\n|\n|t:|1700755000\n|switch|p2b: Jirachi|Jirachi|100\/100|[from] U-turn\n|move|p2a: Kangaskhan|Seismic Toss|p1a: *boom vine effect*\n|-damage|p1a: *boom vine effect*|57\/100\n|-damage|p1a: *boom vine effect*|26\/100\n|-hitcount|p1a: *boom vine effect*|2\n|\n|-heal|p1b: oi it be tea time|96\/100|[from] Grassy Terrain\n|-heal|p2a: Kangaskhan|81\/100|[from] Grassy Terrain\n|upkeep\n|turn|8\n|\n|t:|1700755017\n|move|p2b: Jirachi|Protect|p2b: Jirachi\n|-singleturn|p2b: Jirachi|Protect\n|move|p1b: oi it be tea time|Matcha Gotcha|p2a: Kangaskhan|[spread] p2a\n|-activate|p2b: Jirachi|move: Protect\n|-damage|p2a: Kangaskhan|54\/100\n|-heal|p1b: oi it be tea time|100\/100|[from] drain|[of] p2a: Kangaskhan\n|move|p2a: Kangaskhan|Seismic Toss|p1a: *boom vine effect*\n|-damage|p1a: *boom vine effect*|0 fnt\n|faint|p1a: *boom vine effect*\n|-hitcount|p1: *boom vine effect*|1\n|\n|-heal|p2a: Kangaskhan|60\/100|[from] Grassy Terrain\n|upkeep\n|\n|t:|1700755026\n|switch|p1a: fuck dem burns|Tapu Fini|49\/100 tox\n|-damage|p1a: fuck dem burns|37\/100 tox|[from] Stealth Rock\n|-fieldstart|move: Misty Terrain|[from] ability: Misty Surge|[of] p1a: fuck dem burns\n|turn|9\n|\n|t:|1700755042\n|switch|p1b: my lil fatty UwU|Snorlax, M|68\/100\n|-damage|p1b: my lil fatty UwU|55\/100|[from] Stealth Rock\n|switch|p2b: Rillaboom|Rillaboom, M|90\/100\n|-fieldstart|move: Grassy Terrain|[from] ability: Grassy Surge|[of] p2b: Rillaboom\n|move|p1a: fuck dem burns|Moonblast|p2b: Rillaboom\n|-damage|p2b: Rillaboom|69\/100\n|move|p2a: Kangaskhan|Seismic Toss|p1a: fuck dem burns\n|-damage|p1a: fuck dem burns|7\/100 tox\n|-damage|p1a: fuck dem burns|0 fnt\n|faint|p1a: fuck dem burns\n|-hitcount|p1: fuck dem burns|2\n|\n|-heal|p1b: my lil fatty UwU|62\/100|[from] Grassy Terrain\n|-heal|p1b: my lil fatty UwU|68\/100|[from] item: Leftovers\n|-heal|p2b: Rillaboom|76\/100|[from] Grassy Terrain\n|-heal|p2a: Kangaskhan|66\/100|[from] Grassy Terrain\n|upkeep\n|\n|t:|1700755055\n|switch|p1a: oi it be tea time|Sinistcha-Masterpiece|100\/100\n|-damage|p1a: oi it be tea time|88\/100|[from] Stealth Rock\n|-status|p1a: oi it be tea time|tox\n|-heal|p1b: my lil fatty UwU|93\/100|[from] ability: Hospitality|[of] p1a: oi it be tea time\n|turn|10\n|\n|t:|1700755081\n|move|p1b: my lil fatty UwU|Protect|p1b: my lil fatty UwU\n|-singleturn|p1b: my lil fatty UwU|Protect\n|move|p2b: Rillaboom|Fake Out|p1b: my lil fatty UwU\n|-activate|p1b: my lil fatty UwU|move: Protect\n|move|p1a: oi it be tea time|Matcha Gotcha|p2b: Rillaboom|[spread] p2a,p2b\n|-resisted|p2b: Rillaboom\n|-damage|p2a: Kangaskhan|42\/100\n|-heal|p1a: oi it be tea time|100\/100 tox|[from] drain|[of] p2a: Kangaskhan\n|-damage|p2b: Rillaboom|65\/100\n|move|p2a: Kangaskhan|Seismic Toss|p1b: my lil fatty UwU\n|-activate|p1b: my lil fatty UwU|move: Protect\n|\n|-heal|p1b: my lil fatty UwU|99\/100|[from] Grassy Terrain\n|-heal|p1b: my lil fatty UwU|100\/100|[from] item: Leftovers\n|-heal|p2b: Rillaboom|71\/100|[from] Grassy Terrain\n|-heal|p2a: Kangaskhan|48\/100|[from] Grassy Terrain\n|-damage|p1a: oi it be tea time|94\/100 tox|[from] psn\n|-fieldend|move: Trick Room\n|upkeep\n|turn|11\n|\n|t:|1700755097\n|switch|p2a: Jirachi|Jirachi|100\/100\n|move|p2b: Rillaboom|Wood Hammer|p1b: my lil fatty UwU\n|-damage|p1b: my lil fatty UwU|47\/100\n|-damage|p2b: Rillaboom|49\/100|[from] Recoil\n|move|p1b: my lil fatty UwU|Return|p2b: Rillaboom\n|-crit|p2b: Rillaboom\n|-damage|p2b: Rillaboom|0 fnt\n|faint|p2b: Rillaboom\n|move|p1a: oi it be tea time|Trick Room|p1a: oi it be tea time\n|-fieldstart|move: Trick Room|[of] p1a: oi it be tea time\n|\n|-heal|p1b: my lil fatty UwU|53\/100|[from] Grassy Terrain\n|-heal|p1b: my lil fatty UwU|59\/100|[from] item: Leftovers\n|-heal|p1a: oi it be tea time|100\/100 tox|[from] Grassy Terrain\n|-damage|p1a: oi it be tea time|88\/100 tox|[from] psn\n|upkeep\n|\n|t:|1700755109\n|switch|p2b: Kangaskhan|Kangaskhan-Mega, F|48\/100\n|turn|12\n|\n|t:|1700755118\n|switch|p1a: uuhhh mommy?|Gothitelle, F|100\/100\n|-damage|p1a: uuhhh mommy?|88\/100|[from] Stealth Rock\n|-status|p1a: uuhhh mommy?|tox\n|move|p1b: my lil fatty UwU|Protect|p1b: my lil fatty UwU\n|-singleturn|p1b: my lil fatty UwU|Protect\n|move|p2a: Jirachi|Follow Me|p2a: Jirachi\n|-singleturn|p2a: Jirachi|move: Follow Me\n|move|p2b: Kangaskhan|Seismic Toss|p1b: my lil fatty UwU\n|-activate|p1b: my lil fatty UwU|move: Protect\n|\n|-heal|p1b: my lil fatty UwU|65\/100|[from] Grassy Terrain\n|-heal|p1b: my lil fatty UwU|71\/100|[from] item: Leftovers\n|-heal|p1a: uuhhh mommy?|94\/100 tox|[from] Grassy Terrain\n|-heal|p2b: Kangaskhan|54\/100|[from] Grassy Terrain\n|-damage|p1a: uuhhh mommy?|88\/100 tox|[from] psn\n|upkeep\n|turn|13\n|\n|t:|1700755146\n|move|p2b: Kangaskhan|Protect|p2b: Kangaskhan\n|-singleturn|p2b: Kangaskhan|Protect\n|move|p1a: uuhhh mommy?|Fake Out|p2b: Kangaskhan\n|-activate|p2b: Kangaskhan|move: Protect\n|move|p1b: my lil fatty UwU|High Horsepower|p2a: Jirachi\n|-supereffective|p2a: Jirachi\n|-damage|p2a: Jirachi|62\/100\n|move|p2a: Jirachi|Iron Head|p1b: my lil fatty UwU\n|-damage|p1b: my lil fatty UwU|52\/100\n|\n|-heal|p1b: my lil fatty UwU|58\/100|[from] Grassy Terrain\n|-heal|p1b: my lil fatty UwU|64\/100|[from] item: Leftovers\n|-heal|p1a: uuhhh mommy?|94\/100 tox|[from] Grassy Terrain\n|-heal|p2a: Jirachi|68\/100|[from] Grassy Terrain\n|-heal|p2b: Kangaskhan|60\/100|[from] Grassy Terrain\n|-damage|p1a: uuhhh mommy?|82\/100 tox|[from] psn\n|-fieldend|move: Grassy Terrain\n|upkeep\n|turn|14\n|\n|t:|1700755177\n|switch|p1a: oi it be tea time|Sinistcha-Masterpiece|88\/100 tox\n|-damage|p1a: oi it be tea time|76\/100 tox|[from] Stealth Rock\n|-heal|p1b: my lil fatty UwU|89\/100|[from] ability: Hospitality|[of] p1a: oi it be tea time\n|move|p2a: Jirachi|Follow Me|p2a: Jirachi\n|-singleturn|p2a: Jirachi|move: Follow Me\n|move|p1b: my lil fatty UwU|Belly Drum|p1b: my lil fatty UwU\n|-damage|p1b: my lil fatty UwU|39\/100\n|-setboost|p1b: my lil fatty UwU|atk|6|[from] move: Belly Drum\n|move|p2b: Kangaskhan|Seismic Toss|p1b: my lil fatty UwU\n|-damage|p1b: my lil fatty UwU|20\/100\n|-damage|p1b: my lil fatty UwU|0 fnt\n|faint|p1b: my lil fatty UwU\n|-hitcount|p1: my lil fatty UwU|2\n|\n|-damage|p1a: oi it be tea time|70\/100 tox|[from] psn\n|upkeep\n|c|\u2606BriefMarigold4|oh shit\n|l|\u2606BriefMarigold4\n|player|p1|\n|j|\u2606BriefMarigold4\n|player|p1|BriefMarigold4|266\n|-message|BriefMarigold4 forfeited.\n|\n|win|all beef no filler\n|raw|BriefMarigold4's rating: 1504 &rarr; <strong>1482<\/strong><br \/>(-22 for losing)\n|raw|all beef no filler's rating: 1467 &rarr; <strong>1489<\/strong><br \/>(+22 for winning)\n|l|\u2606BriefMarigold4\n","uploadtime":1700755262,"views":0,"p1id":"briefmarigold4","p2id":"allbeefnofiller","formatid":"gen9nationaldexdoubles","rating":1482,"private":0,"password":""}