{"id":"gen9nationaldexdoubles-1987915575","p1":"fiyp","p2":"Theadonia","format":"[Gen 9] National Dex Doubles","log":"|j|\u2606fiyp\n|j|\u2606Theadonia\n|t:|1699648787\n|gametype|doubles\n|player|p1|fiyp|drayden|1033\n|player|p2|Theadonia|roxie|1158\n|teamsize|p1|6\n|teamsize|p2|6\n|gen|9\n|tier|[Gen 9] National Dex Doubles\n|rated|\n|rule|HP Percentage Mod: HP is shown in percentages\n|rule|Endless Battle Clause: Forcing endless battles is banned\n|rule|OHKO Clause: OHKO moves are banned\n|rule|Evasion Moves Clause: Evasion moves are banned\n|rule|Evasion Abilities Clause: Evasion abilities are banned\n|rule|Species Clause: Limit one of each Pok\u00e9mon\n|rule|Gravity Sleep Clause: The combination of sleep-inducing moves with imperfect accuracy and Gravity or Gigantamax Orbeetle are banned\n|clearpoke\n|poke|p1|Samurott-Hisui, F|\n|poke|p1|Volcarona, F|\n|poke|p1|Sylveon, M|\n|poke|p1|Linoone-Galar, F|\n|poke|p1|Klefki, F|\n|poke|p1|Iron Valiant|\n|poke|p2|Delphox, F|\n|poke|p2|Oricorio-Sensu, F|\n|poke|p2|Kommo-o, F|\n|poke|p2|Wailord, F|\n|poke|p2|Cresselia, F|\n|poke|p2|Ribombee, M|\n|teampreview\n|inactive|Battle timer is ON: inactive players will automatically lose when time's up. (requested by fiyp)\n|\n|t:|1699648793\n|start\n|switch|p1a: Klefki|Klefki, F|100\/100\n|switch|p1b: Linoone|Linoone-Galar, F|100\/100\n|switch|p2a: Delphox|Delphox, F, shiny|100\/100\n|switch|p2b: Oricorio|Oricorio-Sensu, F, shiny|100\/100\n|turn|1\n|\n|t:|1699648810\n|move|p1a: Klefki|Thunder Wave|p2a: Delphox\n|-status|p2a: Delphox|par\n|move|p1b: Linoone|Parting Shot|p2a: Delphox\n|-unboost|p2a: Delphox|atk|1\n|-unboost|p2a: Delphox|spa|1\n|\n|t:|1699648816\n|switch|p1b: Samurott|Samurott-Hisui, F|100\/100|[from] Parting Shot\n|move|p2b: Oricorio|Quiver Dance|p2b: Oricorio\n|-boost|p2b: Oricorio|spa|1\n|-boost|p2b: Oricorio|spd|1\n|-boost|p2b: Oricorio|spe|1\n|move|p2a: Delphox|Role Play|p2b: Oricorio\n|-endability|p2a: Delphox|Magician|[from] move: Role Play\n|-ability|p2a: Delphox|Dancer|[from] move: Role Play|[of] p2b: Oricorio\n|\n|upkeep\n|turn|2\n|\n|t:|1699648835\n|switch|p2a: Kommo-o|Kommo-o, F, shiny|100\/100\n|move|p1a: Klefki|Light Screen|p1a: Klefki\n|-sidestart|p1: fiyp|move: Light Screen\n|move|p2b: Oricorio|Substitute|p2b: Oricorio\n|-start|p2b: Oricorio|Substitute\n|-damage|p2b: Oricorio|75\/100\n|move|p1b: Samurott|Ceaseless Edge|p2b: Oricorio\n|-supereffective|p2b: Oricorio\n|-end|p2b: Oricorio|Substitute\n|-sidestart|p2: Theadonia|Spikes\n|-damage|p1b: Samurott|91\/100|[from] item: Life Orb\n|\n|upkeep\n|turn|3\n|\n|t:|1699648849\n|switch|p1b: Linoone|Linoone-Galar, F|100\/100\n|move|p1a: Klefki|Thunder Wave|p2b: Oricorio\n|-status|p2b: Oricorio|par\n|move|p2a: Kommo-o|Clangorous Soul|p2a: Kommo-o\n|-boost|p2a: Kommo-o|atk|1\n|-boost|p2a: Kommo-o|def|1\n|-boost|p2a: Kommo-o|spa|1\n|-boost|p2a: Kommo-o|spd|1\n|-boost|p2a: Kommo-o|spe|1\n|-damage|p2a: Kommo-o|68\/100\n|-activate|p2b: Oricorio|ability: Dancer\n|cant|p2b: Oricorio|par\n|move|p2b: Oricorio|Substitute|p2b: Oricorio\n|-start|p2b: Oricorio|Substitute\n|-damage|p2b: Oricorio|50\/100 par\n|\n|upkeep\n|turn|4\n|\n|t:|1699648868\n|move|p1a: Klefki|Thunder Wave|p2a: Kommo-o\n|-status|p2a: Kommo-o|par\n|move|p1b: Linoone|Parting Shot|p2a: Kommo-o\n|-immune|p2a: Kommo-o|[from] ability: Soundproof\n|move|p2a: Kommo-o|Drain Punch|p1b: Linoone\n|-supereffective|p1b: Linoone\n|-damage|p1b: Linoone|0 fnt\n|-heal|p2a: Kommo-o|100\/100 par|[from] drain|[of] p1b: Linoone\n|faint|p1b: Linoone\n|move|p2b: Oricorio|Quiver Dance|p2b: Oricorio\n|-boost|p2b: Oricorio|spa|1\n|-boost|p2b: Oricorio|spd|1\n|-boost|p2b: Oricorio|spe|1\n|\n|upkeep\n|\n|t:|1699648876\n|switch|p1b: Sylveon|Sylveon, M, shiny|100\/100\n|turn|5\n|\n|t:|1699648889\n|move|p1a: Klefki|Reflect|p1a: Klefki\n|-sidestart|p1: fiyp|Reflect\n|cant|p2b: Oricorio|par\n|cant|p2a: Kommo-o|par\n|move|p1b: Sylveon|Hyper Voice|p2a: Kommo-o|[spread] p2b\n|-immune|p2a: Kommo-o|[from] ability: Soundproof\n|-damage|p2b: Oricorio|33\/100 par\n|-enditem|p1b: Sylveon|Throat Spray\n|-boost|p1b: Sylveon|spa|1|[from] item: Throat Spray\n|\n|upkeep\n|turn|6\n|\n|t:|1699648907\n|move|p1b: Sylveon|Quick Attack|p2a: Kommo-o\n|-supereffective|p2a: Kommo-o\n|-damage|p2a: Kommo-o|68\/100 par\n|move|p2b: Oricorio|Quiver Dance|p2b: Oricorio\n|-boost|p2b: Oricorio|spa|1\n|-boost|p2b: Oricorio|spd|1\n|-boost|p2b: Oricorio|spe|1\n|move|p2a: Kommo-o|Poison Jab|p1b: Sylveon\n|-supereffective|p1b: Sylveon\n|-damage|p1b: Sylveon|61\/100\n|-status|p1b: Sylveon|psn\n|move|p1a: Klefki|Dazzling Gleam|p2b: Oricorio|[spread] p2a,p2b\n|-activate|p2b: Oricorio|move: Substitute|[damage]\n|-supereffective|p2a: Kommo-o\n|-damage|p2a: Kommo-o|8\/100 par\n|\n|-damage|p1b: Sylveon|48\/100 psn|[from] psn\n|upkeep\n|turn|7\n|l|\u2606Theadonia\n|inactive|Theadonia disconnected and has a minute to reconnect!\n|player|p2|\n|inactive|Theadonia has 30 seconds to reconnect!\n|inactive|Theadonia has 20 seconds to reconnect!\n|c|\u2606fiyp|nabbo\n|j|\u2606Theadonia\n|inactive|Theadonia reconnected and has 90 seconds left.\n|player|p2|Theadonia|roxie\n|c|\u2606Theadonia|Wi-Fi is wonky outside my b\n|\n|t:|1699648984\n|move|p1b: Sylveon|Quick Attack|p2a: Kommo-o\n|-supereffective|p2a: Kommo-o\n|-damage|p2a: Kommo-o|0 fnt\n|faint|p2a: Kommo-o\n|move|p2b: Oricorio|Baton Pass|p2b: Oricorio\n|c|\u2606fiyp|ok\n|\n|t:|1699648990\n|switch|p2b: Wailord|Wailord, F, shiny|100\/100|[from] Baton Pass\n|-damage|p2b: Wailord|88\/100|[from] Spikes\n|-ability|p2b: Wailord|Pressure\n|move|p1a: Klefki|Dazzling Gleam|p2b: Wailord\n|-end|p2b: Wailord|Substitute\n|\n|-heal|p2b: Wailord|94\/100|[from] item: Leftovers\n|-damage|p1b: Sylveon|36\/100 psn|[from] psn\n|upkeep\n|\n|t:|1699648993\n|switch|p2a: Cresselia|Cresselia, F|100\/100\n|turn|8\n|\n|t:|1699649005\n|-terastallize|p2b: Wailord|Water\n|move|p1a: Klefki|Thunder Wave|p2b: Wailord\n|-status|p2b: Wailord|par\n|move|p2a: Cresselia|Psych Up|p2b: Wailord\n|-copyboost|p2a: Cresselia|p2b: Wailord|[from] move: Psych Up\n|move|p2b: Wailord|Water Spout|p1b: Sylveon|[spread] p1a,p1b\n|-damage|p1a: Klefki|0 fnt\n|-damage|p1b: Sylveon|0 fnt\n|faint|p1a: Klefki\n|faint|p1b: Sylveon\n|\n|-heal|p2b: Wailord|100\/100 par|[from] item: Leftovers\n|upkeep\n|inactive|fiyp has 120 seconds left.\n|\n|t:|1699649038\n|switch|p1a: Volcarona|Volcarona, F|100\/100\n|switch|p1b: Samurott|Samurott-Hisui, F|91\/100\n|turn|9\n|\n|t:|1699649043\n|move|p1b: Samurott|Sucker Punch|p2b: Wailord\n|-damage|p2b: Wailord|53\/100 par\n|-damage|p1b: Samurott|81\/100|[from] item: Life Orb\n|move|p2a: Cresselia|Lunar Blessing|p2a: Cresselia|[spread] p2a,p2b\n|-heal|p2b: Wailord|78\/100 par\n|-curestatus|p2b: Wailord|par|[msg]\n|move|p2b: Wailord|Water Spout|p1a: Volcarona|[spread] p1a,p1b\n|-supereffective|p1a: Volcarona\n|-resisted|p1b: Samurott\n|-crit|p1b: Samurott\n|-damage|p1a: Volcarona|0 fnt\n|-damage|p1b: Samurott|0 fnt\n|faint|p1a: Volcarona\n|faint|p1b: Samurott\n|\n|-heal|p2b: Wailord|85\/100|[from] item: Leftovers\n|-sideend|p1: fiyp|move: Light Screen\n|upkeep\n|\n|t:|1699649054\n|switch|p1b: Iron Valiant|Iron Valiant, shiny|100\/100\n|-enditem|p1b: Iron Valiant|Booster Energy\n|-activate|p1b: Iron Valiant|ability: Quark Drive|[fromitem]\n|-start|p1b: Iron Valiant|quarkdrivespe\n|turn|10\n|c|\u2606fiyp|gg\n|-message|fiyp forfeited.\n|\n|win|Theadonia\n|raw|fiyp's rating: 1022 &rarr; <strong>1014<\/strong><br \/>(-8 for losing)\n|raw|Theadonia's rating: 1158 &rarr; <strong>1174<\/strong><br \/>(+16 for winning)\n|l|\u2606fiyp\n","uploadtime":1699649063,"views":5,"p1id":"fiyp","p2id":"theadonia","formatid":"gen9nationaldexdoubles","rating":1014,"private":0,"password":""}