{"id":"gen9nationaldexdoubles-1954706367","p1":"trainerredtheog_17","p2":"boylisegundo","format":"[Gen 9] National Dex Doubles","log":"|j|\u2606trainerredtheog_17\n|j|\u2606boylisegundo\n|t:|1695919816\n|gametype|doubles\n|player|p1|trainerredtheog_17|fisherman-gen4|1196\n|player|p2|boylisegundo|guitarist|1371\n|teamsize|p1|6\n|teamsize|p2|6\n|gen|9\n|tier|[Gen 9] National Dex Doubles\n|rated|\n|rule|HP Percentage Mod: HP is shown in percentages\n|rule|Endless Battle Clause: Forcing endless battles is banned\n|rule|OHKO Clause: OHKO moves are banned\n|rule|Evasion Moves Clause: Evasion moves are banned\n|rule|Evasion Abilities Clause: Evasion abilities are banned\n|rule|Species Clause: Limit one of each Pok\u00e9mon\n|rule|Gravity Sleep Clause: The combination of sleep-inducing moves with imperfect accuracy and Gravity or Gigantamax Orbeetle are banned\n|clearpoke\n|poke|p1|Espeon, F|\n|poke|p1|Indeedee-F, F|\n|poke|p1|Ninetales, F|\n|poke|p1|Leafeon, F|\n|poke|p1|Umbreon, F|\n|poke|p1|Ursaluna-Bloodmoon, M|\n|poke|p2|Drampa, M|\n|poke|p2|Ferrothorn, M|\n|poke|p2|Meowstic, M|\n|poke|p2|Glimmora, F|\n|poke|p2|Chansey, F|\n|poke|p2|Volcanion|\n|teampreview\n|inactive|Battle timer is ON: inactive players will automatically lose when time's up. (requested by trainerredtheog_17)\n|\n|t:|1695919826\n|start\n|switch|p1a: Espeon|Espeon, F|100\/100\n|switch|p1b: Indeedee|Indeedee-F, F|100\/100\n|switch|p2a: Meowstic|Meowstic, M|100\/100\n|switch|p2b: Glimmora|Glimmora, F|100\/100\n|-fieldstart|move: Psychic Terrain|[from] ability: Psychic Surge|[of] p1b: Indeedee\n|turn|1\n|\n|t:|1695919840\n|-terastallize|p2b: Glimmora|Flying\n|move|p2a: Meowstic|Light Screen|p2a: Meowstic\n|-sidestart|p2: boylisegundo|move: Light Screen\n|move|p1a: Espeon|Expanding Force|p2b: Glimmora|[spread] p2a,p2b\n|-resisted|p2a: Meowstic\n|-damage|p2a: Meowstic|85\/100\n|-damage|p2b: Glimmora|67\/100\n|move|p1b: Indeedee|Expanding Force|p2a: Meowstic|[spread] p2a,p2b\n|-resisted|p2a: Meowstic\n|-crit|p2b: Glimmora\n|-damage|p2a: Meowstic|72\/100\n|-damage|p2b: Glimmora|12\/100\n|move|p2b: Glimmora|Mortal Spin|p1b: Indeedee|[spread] p1a,p1b\n|-damage|p1a: Espeon|91\/100\n|-damage|p1b: Indeedee|94\/100\n|-status|p1a: Espeon|psn\n|-status|p1b: Indeedee|psn\n|\n|-heal|p2b: Glimmora|18\/100|[from] item: Leftovers\n|-damage|p1a: Espeon|79\/100 psn|[from] psn\n|-damage|p1b: Indeedee|82\/100 psn|[from] psn\n|upkeep\n|turn|2\n|\n|t:|1695919867\n|switch|p2a: Ferrothorn|Ferrothorn, M|100\/100\n|move|p2b: Glimmora|Protect|p2b: Glimmora\n|-singleturn|p2b: Glimmora|Protect\n|move|p1a: Espeon|Calm Mind|p1a: Espeon\n|-boost|p1a: Espeon|spa|1\n|-boost|p1a: Espeon|spd|1\n|move|p1b: Indeedee|Expanding Force|p2b: Glimmora|[spread] p2a\n|-activate|p2b: Glimmora|move: Protect\n|-resisted|p2a: Ferrothorn\n|-damage|p2a: Ferrothorn|91\/100\n|\n|-heal|p2b: Glimmora|24\/100|[from] item: Leftovers\n|-heal|p2a: Ferrothorn|97\/100|[from] item: Leftovers\n|-damage|p1a: Espeon|66\/100 psn|[from] psn\n|-damage|p1b: Indeedee|69\/100 psn|[from] psn\n|upkeep\n|turn|3\n|\n|t:|1695919891\n|switch|p2b: Chansey|Chansey, F|100\/100\n|move|p1a: Espeon|Calm Mind|p1a: Espeon\n|-boost|p1a: Espeon|spa|1\n|-boost|p1a: Espeon|spd|1\n|move|p2a: Ferrothorn|Leech Seed|p1a: Espeon\n|move|p1a: Espeon|Leech Seed|p2a: Ferrothorn|[from]ability: Magic Bounce\n|-immune|p2a: Ferrothorn\n|move|p1b: Indeedee|Trick Room|p1b: Indeedee\n|-fieldstart|move: Trick Room|[of] p1b: Indeedee\n|\n|-heal|p2a: Ferrothorn|100\/100|[from] item: Leftovers\n|-damage|p1b: Indeedee|57\/100 psn|[from] psn\n|-damage|p1a: Espeon|54\/100 psn|[from] psn\n|upkeep\n|turn|4\n|\n|t:|1695919913\n|switch|p1b: Ursaluna|Ursaluna-Bloodmoon, M|100\/100\n|move|p2a: Ferrothorn|Leech Seed|p1b: Ursaluna|[miss]\n|-miss|p2a: Ferrothorn|p1b: Ursaluna\n|move|p2b: Chansey|Soft-Boiled||[still]\n|-fail|p2b: Chansey|heal\n|move|p1a: Espeon|Calm Mind|p1a: Espeon\n|-boost|p1a: Espeon|spa|1\n|-boost|p1a: Espeon|spd|1\n|\n|-damage|p1a: Espeon|41\/100 psn|[from] psn\n|upkeep\n|turn|5\n|inactive|trainerredtheog_17 has 120 seconds left.\n|\n|t:|1695919952\n|-terastallize|p1b: Ursaluna|Normal\n|move|p2a: Ferrothorn|Leech Seed|p1b: Ursaluna\n|-start|p1b: Ursaluna|move: Leech Seed\n|move|p1b: Ursaluna|Blood Moon|p2b: Chansey\n|-damage|p2b: Chansey|81\/100\n|move|p2b: Chansey|Heal Pulse|p2a: Ferrothorn\n|-fail|p2a: Ferrothorn|heal\n|move|p1a: Espeon|Morning Sun|p1a: Espeon\n|-heal|p1a: Espeon|91\/100 psn\n|\n|-damage|p1b: Ursaluna|88\/100|[from] Leech Seed|[of] p2a: Ferrothorn\n|-damage|p1a: Espeon|79\/100 psn|[from] psn\n|-fieldend|move: Psychic Terrain\n|upkeep\n|turn|6\n|inactive|boylisegundo has 120 seconds left.\n|\n|t:|1695919993\n|switch|p2b: Glimmora|Glimmora, F, tera:Flying|24\/100\n|move|p2a: Ferrothorn|Iron Defense|p2a: Ferrothorn\n|-boost|p2a: Ferrothorn|def|2\n|move|p1b: Ursaluna|Hyper Voice|p2a: Ferrothorn|[spread] p2a,p2b\n|-resisted|p2a: Ferrothorn\n|-damage|p2a: Ferrothorn|90\/100\n|-damage|p2b: Glimmora|0 fnt\n|faint|p2b: Glimmora\n|move|p1a: Espeon|Expanding Force|p2a: Ferrothorn\n|-resisted|p2a: Ferrothorn\n|-damage|p2a: Ferrothorn|68\/100\n|\n|-heal|p2a: Ferrothorn|75\/100|[from] item: Leftovers\n|-damage|p1b: Ursaluna|76\/100|[from] Leech Seed|[of] p2a: Ferrothorn\n|-heal|p2a: Ferrothorn|90\/100|[silent]\n|-damage|p1a: Espeon|66\/100 psn|[from] psn\n|upkeep\n|\n|t:|1695920013\n|switch|p2b: Meowstic|Meowstic, M|72\/100\n|turn|7\n|inactive|boylisegundo has 120 seconds left.\n|\n|t:|1695920022\n|move|p2b: Meowstic|Fake Out|p1a: Espeon\n|-damage|p1a: Espeon|56\/100 psn\n|move|p2a: Ferrothorn|Iron Defense|p2a: Ferrothorn\n|-boost|p2a: Ferrothorn|def|2\n|move|p1b: Ursaluna|Earth Power|p2a: Ferrothorn\n|-damage|p2a: Ferrothorn|69\/100\n|-unboost|p2a: Ferrothorn|spd|1\n|cant|p1a: Espeon|flinch\n|\n|-heal|p2a: Ferrothorn|75\/100|[from] item: Leftovers\n|-damage|p1b: Ursaluna|64\/100|[from] Leech Seed|[of] p2a: Ferrothorn\n|-heal|p2a: Ferrothorn|91\/100|[silent]\n|-damage|p1a: Espeon|44\/100 psn|[from] psn\n|-fieldend|move: Trick Room\n|upkeep\n|turn|8\n|\n|t:|1695920043\n|switch|p1b: Ninetales|Ninetales, F|100\/100\n|-weather|SunnyDay|[from] ability: Drought|[of] p1b: Ninetales\n|move|p2b: Meowstic|Reflect|p2b: Meowstic\n|-sidestart|p2: boylisegundo|Reflect\n|move|p1a: Espeon|Calm Mind|p1a: Espeon\n|-boost|p1a: Espeon|spa|1\n|-boost|p1a: Espeon|spd|1\n|move|p2a: Ferrothorn|Body Press|p1a: Espeon\n|-resisted|p1a: Espeon\n|-damage|p1a: Espeon|0 fnt\n|faint|p1a: Espeon\n|\n|-weather|SunnyDay|[upkeep]\n|-heal|p2a: Ferrothorn|97\/100|[from] item: Leftovers\n|-sideend|p2: boylisegundo|move: Light Screen\n|upkeep\n|inactive|trainerredtheog_17 has 120 seconds left.\n|\n|t:|1695920060\n|switch|p1a: Indeedee|Indeedee-F, F|57\/100 psn\n|-fieldstart|move: Psychic Terrain|[from] ability: Psychic Surge|[of] p1a: Indeedee\n|turn|9\n|\n|t:|1695920070\n|switch|p2a: Volcanion|Volcanion|100\/100\n|move|p2b: Meowstic|Light Screen|p2b: Meowstic\n|-sidestart|p2: boylisegundo|move: Light Screen\n|move|p1b: Ninetales|Flamethrower|p2a: Volcanion\n|-resisted|p2a: Volcanion\n|-damage|p2a: Volcanion|86\/100\n|move|p1a: Indeedee|Trick Room|p1a: Indeedee\n|-fieldstart|move: Trick Room|[of] p1a: Indeedee\n|\n|-weather|SunnyDay|[upkeep]\n|-heal|p2a: Volcanion|92\/100|[from] item: Leftovers\n|-damage|p1a: Indeedee|44\/100 psn|[from] psn\n|upkeep\n|turn|10\n|\n|t:|1695920092\n|switch|p1a: Ursaluna|Ursaluna-Bloodmoon, M, tera:Normal|64\/100\n|switch|p2b: Drampa|Drampa, M|100\/100\n|move|p2a: Volcanion|Scald|p1b: Ninetales\n|-supereffective|p1b: Ninetales\n|-damage|p1b: Ninetales|56\/100\n|move|p1b: Ninetales|Flamethrower|p2b: Drampa\n|-resisted|p2b: Drampa\n|-damage|p2b: Drampa|69\/100\n|-status|p2b: Drampa|brn\n|\n|-weather|SunnyDay|[upkeep]\n|-heal|p2b: Drampa|75\/100 brn|[from] item: Leftovers\n|-heal|p2a: Volcanion|98\/100|[from] item: Leftovers\n|-damage|p2b: Drampa|69\/100 brn|[from] brn\n|upkeep\n|turn|11\n|\n|t:|1695920116\n|switch|p2b: Chansey|Chansey, F|81\/100\n|switch|p1b: Umbreon|Umbreon, F|100\/100\n|move|p1a: Ursaluna|Earth Power|p2a: Volcanion\n|-supereffective|p2a: Volcanion\n|-damage|p2a: Volcanion|32\/100\n|move|p2a: Volcanion|Scald|p1b: Umbreon\n|-damage|p1b: Umbreon|90\/100\n|\n|-weather|SunnyDay|[upkeep]\n|-heal|p1b: Umbreon|96\/100|[from] item: Leftovers\n|-heal|p2a: Volcanion|38\/100|[from] item: Leftovers\n|upkeep\n|turn|12\n|\n|t:|1695920138\n|switch|p2a: Ferrothorn|Ferrothorn, M|97\/100\n|move|p1a: Ursaluna|Earth Power|p2a: Ferrothorn\n|-damage|p2a: Ferrothorn|75\/100\n|move|p2b: Chansey|Toxic|p1a: Ursaluna\n|-status|p1a: Ursaluna|tox\n|move|p1b: Umbreon|Calm Mind|p1b: Umbreon\n|-boost|p1b: Umbreon|spa|1\n|-boost|p1b: Umbreon|spd|1\n|\n|-weather|none\n|-heal|p2a: Ferrothorn|81\/100|[from] item: Leftovers\n|-heal|p1b: Umbreon|100\/100|[from] item: Leftovers\n|-damage|p1a: Ursaluna|57\/100 tox|[from] psn\n|upkeep\n|turn|13\n|inactive|trainerredtheog_17 has 120 seconds left.\n|\n|t:|1695920172\n|switch|p1a: Ninetales|Ninetales, F|56\/100\n|-weather|SunnyDay|[from] ability: Drought|[of] p1a: Ninetales\n|move|p2b: Chansey|Protect|p2b: Chansey\n|-singleturn|p2b: Chansey|Protect\n|move|p2a: Ferrothorn|Leech Seed|p1b: Umbreon\n|-start|p1b: Umbreon|move: Leech Seed\n|move|p1b: Umbreon|Calm Mind|p1b: Umbreon\n|-boost|p1b: Umbreon|spa|1\n|-boost|p1b: Umbreon|spd|1\n|\n|-weather|SunnyDay|[upkeep]\n|-heal|p2a: Ferrothorn|87\/100|[from] item: Leftovers\n|-damage|p1b: Umbreon|88\/100|[from] Leech Seed|[of] p2a: Ferrothorn\n|-heal|p2a: Ferrothorn|100\/100|[silent]\n|-fieldend|move: Trick Room\n|-fieldend|move: Psychic Terrain\n|upkeep\n|turn|14\n|\n|t:|1695920197\n|move|p1a: Ninetales|Flamethrower|p2b: Chansey\n|-damage|p2b: Chansey|63\/100\n|move|p1b: Umbreon|Toxic|p2a: Ferrothorn\n|-immune|p2a: Ferrothorn\n|move|p2b: Chansey|Toxic|p1a: Ninetales\n|-status|p1a: Ninetales|tox\n|move|p2a: Ferrothorn|Iron Defense|p2a: Ferrothorn\n|-boost|p2a: Ferrothorn|def|2\n|\n|-weather|SunnyDay|[upkeep]\n|-heal|p1b: Umbreon|94\/100|[from] item: Leftovers\n|-damage|p1b: Umbreon|82\/100|[from] Leech Seed|[of] p2a: Ferrothorn\n|-damage|p1a: Ninetales|50\/100 tox|[from] psn\n|upkeep\n|turn|15\n|\n|t:|1695920224\n|move|p2a: Ferrothorn|Protect|p2a: Ferrothorn\n|-singleturn|p2a: Ferrothorn|Protect\n|move|p1a: Ninetales|Flamethrower|p2b: Chansey\n|-damage|p2b: Chansey|46\/100\n|move|p1b: Umbreon|Calm Mind|p1b: Umbreon\n|-boost|p1b: Umbreon|spa|1\n|-boost|p1b: Umbreon|spd|1\n|move|p2b: Chansey|Soft-Boiled|p2b: Chansey\n|-heal|p2b: Chansey|97\/100\n|\n|-weather|SunnyDay|[upkeep]\n|-heal|p1b: Umbreon|88\/100|[from] item: Leftovers\n|-damage|p1b: Umbreon|75\/100|[from] Leech Seed|[of] p2a: Ferrothorn\n|-damage|p1a: Ninetales|37\/100 tox|[from] psn\n|-sideend|p2: boylisegundo|Reflect\n|upkeep\n|turn|16\n|\n|t:|1695920245\n|move|p1a: Ninetales|Flamethrower|p2a: Ferrothorn\n|-supereffective|p2a: Ferrothorn\n|-damage|p2a: Ferrothorn|0 fnt\n|faint|p2a: Ferrothorn\n|move|p1b: Umbreon|Calm Mind|p1b: Umbreon\n|-boost|p1b: Umbreon|spa|1\n|-boost|p1b: Umbreon|spd|1\n|move|p2b: Chansey|Heal Pulse|p2: Ferrothorn|[notarget]\n|-fail|p2b: Chansey\n|\n|-weather|SunnyDay|[upkeep]\n|-heal|p1b: Umbreon|81\/100|[from] item: Leftovers\n|-damage|p1a: Ninetales|19\/100 tox|[from] psn\n|-sideend|p2: boylisegundo|move: Light Screen\n|upkeep\n|\n|t:|1695920259\n|switch|p2a: Volcanion|Volcanion|38\/100\n|turn|17\n|inactive|trainerredtheog_17 has 120 seconds left.\n|\n|t:|1695920290\n|switch|p1a: Indeedee|Indeedee-F, F|44\/100 psn\n|-fieldstart|move: Psychic Terrain|[from] ability: Psychic Surge|[of] p1a: Indeedee\n|move|p2a: Volcanion|Protect|p2a: Volcanion\n|-singleturn|p2a: Volcanion|Protect\n|move|p1b: Umbreon|Dark Pulse|p2a: Volcanion\n|-activate|p2a: Volcanion|move: Protect\n|move|p2b: Chansey|Toxic|p1b: Umbreon\n|-status|p1b: Umbreon|tox\n|-activate|p1b: Umbreon|ability: Synchronize\n|-status|p2b: Chansey|tox\n|\n|-weather|none\n|-heal|p2a: Volcanion|44\/100|[from] item: Leftovers\n|-heal|p1b: Umbreon|88\/100 tox|[from] item: Leftovers\n|-damage|p1b: Umbreon|75\/100 tox|[from] Leech Seed|[of] p2a: Volcanion\n|-heal|p2a: Volcanion|57\/100|[silent]\n|-damage|p1a: Indeedee|32\/100 psn|[from] psn\n|-damage|p1b: Umbreon|69\/100 tox|[from] psn\n|-damage|p2b: Chansey|90\/100 tox|[from] psn\n|upkeep\n|turn|18\n|inactive|boylisegundo has 120 seconds left.\n|\n|t:|1695920322\n|switch|p2a: Meowstic|Meowstic, M|72\/100\n|move|p2b: Chansey|Protect|p2b: Chansey\n|-singleturn|p2b: Chansey|Protect\n|move|p1b: Umbreon|Dark Pulse|p2a: Meowstic\n|-supereffective|p2a: Meowstic\n|-damage|p2a: Meowstic|0 fnt\n|faint|p2a: Meowstic\n|move|p1a: Indeedee|Trick Room|p1a: Indeedee\n|-fieldstart|move: Trick Room|[of] p1a: Indeedee\n|\n|-heal|p1b: Umbreon|75\/100 tox|[from] item: Leftovers\n|-damage|p2b: Chansey|78\/100 tox|[from] psn\n|-damage|p1b: Umbreon|63\/100 tox|[from] psn\n|-damage|p1a: Indeedee|19\/100 psn|[from] psn\n|upkeep\n|inactive|boylisegundo has 120 seconds left.\n|\n|t:|1695920338\n|switch|p2a: Volcanion|Volcanion|57\/100\n|turn|19\n|\n|t:|1695920349\n|move|p2a: Volcanion|Protect|p2a: Volcanion\n|-singleturn|p2a: Volcanion|Protect\n|move|p2b: Chansey|Soft-Boiled|p2b: Chansey\n|-heal|p2b: Chansey|100\/100 tox\n|move|p1b: Umbreon|Dark Pulse|p2b: Chansey\n|-damage|p2b: Chansey|84\/100 tox\n|move|p1a: Indeedee|Expanding Force|p2b: Chansey|[spread] p2b\n|-activate|p2a: Volcanion|move: Protect\n|-damage|p2b: Chansey|69\/100 tox\n|\n|-heal|p1b: Umbreon|69\/100 tox|[from] item: Leftovers\n|-heal|p2a: Volcanion|63\/100|[from] item: Leftovers\n|-damage|p1b: Umbreon|57\/100 tox|[from] Leech Seed|[of] p2a: Volcanion\n|-heal|p2a: Volcanion|77\/100|[silent]\n|-damage|p2b: Chansey|51\/100 tox|[from] psn\n|-damage|p1b: Umbreon|38\/100 tox|[from] psn\n|-damage|p1a: Indeedee|7\/100 psn|[from] psn\n|upkeep\n|turn|20\n|inactive|boylisegundo has 120 seconds left.\n|\n|t:|1695920381\n|switch|p2a: Drampa|Drampa, M|69\/100 brn\n|move|p2b: Chansey|Heal Pulse|p2a: Drampa\n|-heal|p2a: Drampa|100\/100 brn\n|move|p1b: Umbreon|Dark Pulse|p2a: Drampa\n|-damage|p2a: Drampa|48\/100 brn\n|move|p1a: Indeedee|Expanding Force|p2b: Chansey|[spread] p2a,p2b\n|-damage|p2a: Drampa|0 fnt\n|-damage|p2b: Chansey|37\/100 tox\n|faint|p2a: Drampa\n|\n|-heal|p1b: Umbreon|44\/100 tox|[from] item: Leftovers\n|-damage|p2b: Chansey|12\/100 tox|[from] psn\n|-damage|p1b: Umbreon|20\/100 tox|[from] psn\n|-damage|p1a: Indeedee|0 fnt|[from] psn\n|faint|p1a: Indeedee\n|upkeep\n|\n|t:|1695920399\n|switch|p2a: Volcanion|Volcanion|77\/100\n|switch|p1a: Ursaluna|Ursaluna-Bloodmoon, M, tera:Normal|57\/100 tox\n|turn|21\n|\n|t:|1695920410\n|move|p2a: Volcanion|Protect|p2a: Volcanion\n|-singleturn|p2a: Volcanion|Protect\n|move|p1a: Ursaluna|Earth Power|p2a: Volcanion\n|-activate|p2a: Volcanion|move: Protect\n|move|p2b: Chansey|Soft-Boiled|p2b: Chansey\n|-heal|p2b: Chansey|62\/100 tox\n|move|p1b: Umbreon|Dark Pulse|p2b: Chansey\n|-damage|p2b: Chansey|46\/100 tox\n|\n|-heal|p1b: Umbreon|26\/100 tox|[from] item: Leftovers\n|-heal|p2a: Volcanion|83\/100|[from] item: Leftovers\n|-damage|p1b: Umbreon|14\/100 tox|[from] Leech Seed|[of] p2a: Volcanion\n|-heal|p2a: Volcanion|96\/100|[silent]\n|-damage|p1a: Ursaluna|51\/100 tox|[from] psn\n|-damage|p2b: Chansey|16\/100 tox|[from] psn\n|-damage|p1b: Umbreon|0 fnt|[from] psn\n|faint|p1b: Umbreon\n|-fieldend|move: Psychic Terrain\n|upkeep\n|inactive|trainerredtheog_17 has 120 seconds left.\n|\n|t:|1695920436\n|switch|p1b: Ninetales|Ninetales, F|19\/100 tox\n|-weather|SunnyDay|[from] ability: Drought|[of] p1b: Ninetales\n|turn|22\n|\n|t:|1695920445\n|move|p1a: Ursaluna|Hyper Voice|p2a: Volcanion|[spread] p2a,p2b\n|-damage|p2a: Volcanion|48\/100\n|-damage|p2b: Chansey|0 fnt\n|faint|p2b: Chansey\n|move|p2a: Volcanion|Flamethrower|p1a: Ursaluna\n|-damage|p1a: Ursaluna|12\/100 tox\n|move|p1b: Ninetales|Scorching Sands|p2a: Volcanion\n|-supereffective|p2a: Volcanion\n|-damage|p2a: Volcanion|0 fnt\n|faint|p2a: Volcanion\n|\n|win|trainerredtheog_17\n|raw|trainerredtheog_17's rating: 1196 &rarr; <strong>1233<\/strong><br \/>(+37 for winning)\n|raw|boylisegundo's rating: 1371 &rarr; <strong>1342<\/strong><br \/>(-29 for losing)\n|l|\u2606boylisegundo\n","uploadtime":1695920489,"views":7,"p1id":"trainerredtheog17","p2id":"boylisegundo","formatid":"gen9nationaldexdoubles","rating":1233,"private":0,"password":""}