{"id":"gen9nationaldexdoubles-1996696830","p1":"MagikarpLover12876","p2":"JakeySnakey00","format":"[Gen 9] National Dex Doubles","log":"|j|\u2606MagikarpLover12876\n|j|\u2606JakeySnakey00\n|t:|1700711018\n|gametype|doubles\n|player|p1|MagikarpLover12876|alec-anime|\n|player|p2|JakeySnakey00|169|\n|teamsize|p1|6\n|teamsize|p2|6\n|gen|9\n|tier|[Gen 9] National Dex Doubles\n|rule|HP Percentage Mod: HP is shown in percentages\n|rule|Endless Battle Clause: Forcing endless battles is banned\n|rule|OHKO Clause: OHKO moves are banned\n|rule|Evasion Moves Clause: Evasion moves are banned\n|rule|Evasion Abilities Clause: Evasion abilities are banned\n|rule|Species Clause: Limit one of each Pok\u00e9mon\n|rule|Gravity Sleep Clause: The combination of sleep-inducing moves with imperfect accuracy and Gravity or Gigantamax Orbeetle are banned\n|clearpoke\n|poke|p1|Clefairy, M|\n|poke|p1|Ogerpon-Cornerstone, F|\n|poke|p1|Urshifu-*, F|\n|poke|p1|Greninja-*, F|\n|poke|p1|Amoonguss, F|\n|poke|p1|Zeraora|\n|poke|p2|Charizard, F|\n|poke|p2|Chi-Yu|\n|poke|p2|Flutter Mane|\n|poke|p2|Rabsca, F|\n|poke|p2|Golduck, M|\n|poke|p2|Kingambit, M|\n|teampreview\n|\n|t:|1700711026\n|start\n|switch|p1a: Clefairy|Clefairy, M, shiny|100\/100\n|switch|p1b: Ogerpon|Ogerpon-Cornerstone, F|100\/100\n|switch|p2a: absorby|Flutter Mane|100\/100\n|switch|p2b: Golduck|Golduck, M|100\/100\n|-ability|p2b: Golduck|Cloud Nine\n|turn|1\n|c|\u2606MagikarpLover12876|go\n|\n|t:|1700711041\n|move|p2a: absorby|Dazzling Gleam|p1a: Clefairy|[spread] p1a,p1b\n|-crit|p1b: Ogerpon\n|-damage|p1a: Clefairy|80\/100\n|-damage|p1b: Ogerpon|55\/100\n|move|p1b: Ogerpon|Ivy Cudgel|p2a: absorby|[anim] Ivy Cudgel Rock\n|-damage|p2a: absorby|0 fnt\n|faint|p2a: absorby\n|-end|p2a: absorby|Protosynthesis|[silent]\n|move|p2b: Golduck|Blizzard|p1b: Ogerpon|[spread] p1a,p1b\n|-supereffective|p1b: Ogerpon\n|-damage|p1a: Clefairy|66\/100\n|-damage|p1b: Ogerpon|15\/100\n|move|p1a: Clefairy|Light Screen|p1a: Clefairy\n|-sidestart|p1: MagikarpLover12876|move: Light Screen\n|\n|upkeep\n|\n|t:|1700711054\n|switch|p2a: poopyturd|Charizard, F|100\/100\n|turn|2\n|\n|t:|1700711065\n|detailschange|p2a: poopyturd|Charizard-Mega-Y, F\n|-mega|p2a: poopyturd|Charizard|Charizardite Y\n|-weather|SunnyDay|[from] ability: Drought|[of] p2a: poopyturd\n|move|p1b: Ogerpon|Ivy Cudgel|p2a: poopyturd|[anim] Ivy Cudgel Rock\n|-supereffective|p2a: poopyturd\n|-damage|p2a: poopyturd|0 fnt\n|faint|p2a: poopyturd\n|move|p2b: Golduck|Blizzard|p1a: Clefairy|[spread] p1b\n|-miss|p2b: Golduck|p1a: Clefairy\n|-supereffective|p1b: Ogerpon\n|-damage|p1b: Ogerpon|0 fnt\n|faint|p1b: Ogerpon\n|move|p1a: Clefairy|Heal Pulse|p1: Ogerpon|[notarget]\n|-fail|p1a: Clefairy\n|\n|-weather|SunnyDay|[upkeep]\n|upkeep\n|\n|t:|1700711082\n|switch|p1b: Urshifu|Urshifu-Rapid-Strike, F|100\/100\n|switch|p2a: shang-chi|Chi-Yu|100\/100\n|-ability|p2a: shang-chi|Beads of Ruin\n|turn|3\n|\n|t:|1700711092\n|move|p2a: shang-chi|Heat Wave|p1a: Clefairy|[spread] p1a,p1b\n|-resisted|p1b: Urshifu\n|-damage|p1a: Clefairy|45\/100\n|-damage|p1b: Urshifu|80\/100\n|move|p1b: Urshifu|Surging Strikes|p2a: shang-chi\n|-supereffective|p2a: shang-chi\n|-crit|p2a: shang-chi\n|-damage|p2a: shang-chi|24\/100\n|-supereffective|p2a: shang-chi\n|-crit|p2a: shang-chi\n|-damage|p2a: shang-chi|0 fnt\n|faint|p2a: shang-chi\n|-hitcount|p2: shang-chi|2\n|move|p2b: Golduck|Ice Beam|p1b: Urshifu\n|-resisted|p1b: Urshifu\n|-damage|p1b: Urshifu|70\/100\n|move|p1a: Clefairy|Heal Pulse|p1b: Urshifu\n|-heal|p1b: Urshifu|100\/100\n|\n|-weather|SunnyDay|[upkeep]\n|upkeep\n|\n|t:|1700711108\n|switch|p2a: revive me pls|Rabsca, F|100\/100\n|turn|4\n|\n|t:|1700711119\n|move|p1b: Urshifu|Surging Strikes|p2a: revive me pls\n|-crit|p2a: revive me pls\n|-damage|p2a: revive me pls|63\/100\n|-crit|p2a: revive me pls\n|-damage|p2a: revive me pls|26\/100\n|-crit|p2a: revive me pls\n|-damage|p2a: revive me pls|0 fnt\n|faint|p2a: revive me pls\n|-hitcount|p2: revive me pls|3\n|move|p2b: Golduck|Blizzard|p1b: Urshifu|[spread] p1a\n|-miss|p2b: Golduck|p1b: Urshifu\n|-damage|p1a: Clefairy|35\/100\n|move|p1a: Clefairy|Heal Pulse|p1b: Urshifu\n|-fail|p1b: Urshifu|heal\n|\n|-weather|SunnyDay|[upkeep]\n|upkeep\n|\n|t:|1700711133\n|switch|p2a: Kingambit|Kingambit, M|100\/100\n|-activate|p2a: Kingambit|ability: Supreme Overlord\n|-start|p2a: Kingambit|fallen4|[silent]\n|turn|5\n|\n|t:|1700711144\n|move|p2a: Kingambit|Sucker Punch|p1b: Urshifu\n|-resisted|p1b: Urshifu\n|-damage|p1b: Urshifu|69\/100\n|move|p1b: Urshifu|Drain Punch|p2a: Kingambit\n|-supereffective|p2a: Kingambit\n|-damage|p2a: Kingambit|0 fnt\n|-heal|p1b: Urshifu|100\/100|[from] drain|[of] p2a: Kingambit\n|faint|p2a: Kingambit\n|-end|p2a: Kingambit|fallen4|[silent]\n|move|p2b: Golduck|Blizzard|p1b: Urshifu|[spread] p1a,p1b\n|-resisted|p1b: Urshifu\n|-damage|p1a: Clefairy|26\/100\n|-damage|p1b: Urshifu|92\/100\n|move|p1a: Clefairy|Heal Pulse|p1b: Urshifu\n|-heal|p1b: Urshifu|100\/100\n|\n|-weather|SunnyDay|[upkeep]\n|-sideend|p1: MagikarpLover12876|move: Light Screen\n|upkeep\n|turn|6\n|\n|t:|1700711164\n|move|p1b: Urshifu|Surging Strikes|p2b: Golduck\n|-resisted|p2b: Golduck\n|-crit|p2b: Golduck\n|-damage|p2b: Golduck|82\/100\n|-resisted|p2b: Golduck\n|-crit|p2b: Golduck\n|-damage|p2b: Golduck|65\/100\n|-resisted|p2b: Golduck\n|-crit|p2b: Golduck\n|-damage|p2b: Golduck|46\/100\n|-hitcount|p2b: Golduck|3\n|move|p2b: Golduck|Blizzard|p1b: Urshifu|[spread] \n|-miss|p2b: Golduck|p1a: Clefairy\n|-miss|p2b: Golduck|p1b: Urshifu\n|move|p1a: Clefairy|Light Screen|p1a: Clefairy\n|-sidestart|p1: MagikarpLover12876|move: Light Screen\n|\n|-weather|none\n|upkeep\n|turn|7\n|inactive|Battle timer is ON: inactive players will automatically lose when time's up. (requested by MagikarpLover12876)\n|inactive|JakeySnakey00 has 270 seconds left.\n|l|\u2606MagikarpLover12876\n|inactive|MagikarpLover12876 disconnected and has 300 seconds to reconnect!\n|player|p1|\n|l|\u2606JakeySnakey00\n|inactive|JakeySnakey00 disconnected and has 300 seconds to reconnect!\n|player|p2|\n|inactive|JakeySnakey00 has 270 seconds to reconnect!\n|inactive|JakeySnakey00 has 240 seconds to reconnect!\n|j|\u2606JakeySnakey00\n|inactive|JakeySnakey00 reconnected and has 260 seconds left.\n|player|p2|JakeySnakey00|169\n|\n|t:|1700711337\n|-terastallize|p2b: Golduck|Water\n|move|p1b: Urshifu|Surging Strikes|p2b: Golduck\n|-resisted|p2b: Golduck\n|-crit|p2b: Golduck\n|-damage|p2b: Golduck|28\/100\n|-resisted|p2b: Golduck\n|-crit|p2b: Golduck\n|-damage|p2b: Golduck|9\/100\n|-resisted|p2b: Golduck\n|-crit|p2b: Golduck\n|-damage|p2b: Golduck|0 fnt\n|faint|p2b: Golduck\n|-hitcount|p2: Golduck|3\n|\n|win|MagikarpLover12876\n|l|\u2606JakeySnakey00\n|j|\u2606MagikarpLover12876\n|player|p1|MagikarpLover12876|alec-anime\n","uploadtime":1700711690,"views":2,"p1id":"magikarplover12876","p2id":"jakeysnakey00","formatid":"gen9nationaldexdoubles","rating":0,"private":0,"password":""}