{"id":"gen9nationaldexdoubles-1961716627","p1":"henreyeyee","p2":"Empress_Anna","format":"[Gen 9] National Dex Doubles","log":"|j|\u2606henreyeyee\n|j|\u2606Empress_Anna\n|t:|1696657307\n|gametype|doubles\n|player|p1|henreyeyee|aaron|\n|player|p2|Empress_Anna|cheryl|\n|teamsize|p1|6\n|teamsize|p2|6\n|gen|9\n|tier|[Gen 9] National Dex Doubles\n|rule|HP Percentage Mod: HP is shown in percentages\n|rule|Endless Battle Clause: Forcing endless battles is banned\n|rule|OHKO Clause: OHKO moves are banned\n|rule|Evasion Moves Clause: Evasion moves are banned\n|rule|Evasion Abilities Clause: Evasion abilities are banned\n|rule|Species Clause: Limit one of each Pok\u00e9mon\n|rule|Gravity Sleep Clause: The combination of sleep-inducing moves with imperfect accuracy and Gravity or Gigantamax Orbeetle are banned\n|clearpoke\n|poke|p1|Iron Bundle|\n|poke|p1|Mawile, M|\n|poke|p1|Gholdengo|\n|poke|p1|Kleavor, M|\n|poke|p1|Kingambit, F|\n|poke|p1|Dragonite, F|\n|poke|p2|Aerodactyl, F|\n|poke|p2|Noivern, M|\n|poke|p2|Corviknight, F|\n|poke|p2|Iron Jugulis|\n|poke|p2|Cyclizar, M|\n|poke|p2|Kommo-o, F|\n|teampreview\n|inactive|Battle timer is ON: inactive players will automatically lose when time's up. (requested by henreyeyee)\n|c|\u2606Empress_Anna|gl hf!\n|c|\u2606henreyeyee|glhf\n|inactiveoff|Battle timer is now OFF.\n|\n|t:|1696657348\n|start\n|switch|p1a: Dapper Young Man|Gholdengo|100\/100\n|switch|p1b: Deforestation|Kleavor, M|100\/100\n|switch|p2a: Noivern|Noivern, M|100\/100\n|switch|p2b: Aerodactyl|Aerodactyl, F|100\/100\n|turn|1\n|\n|t:|1696657373\n|detailschange|p2b: Aerodactyl|Aerodactyl-Mega, F\n|-mega|p2b: Aerodactyl|Aerodactyl|Aerodactylite\n|move|p1a: Dapper Young Man|Make It Rain|p2a: Noivern|[spread] p2a,p2b\n|-supereffective|p2b: Aerodactyl\n|-damage|p2a: Noivern|39\/100\n|-damage|p2b: Aerodactyl|0 fnt\n|-unboost|p1a: Dapper Young Man|spa|1\n|faint|p2b: Aerodactyl\n|move|p2a: Noivern|Heat Wave|p1a: Dapper Young Man|[spread] p1a,p1b\n|-supereffective|p1a: Dapper Young Man\n|-damage|p1a: Dapper Young Man|34\/100\n|-damage|p1b: Deforestation|66\/100\n|move|p1b: Deforestation|Stone Axe|p2a: Noivern|[miss]\n|-miss|p1b: Deforestation|p2a: Noivern\n|\n|upkeep\n|c|\u2606henreyeyee|wowwww\n|c|\u2606Empress_Anna|scarf? qwq\n|c|\u2606henreyeyee|maybe\n|\n|t:|1696657406\n|switch|p2b: Corviknight|Corviknight, F, shiny|100\/100\n|turn|2\n|c|\u2606henreyeyee|i was expecting a tailwind team, not gonna lie\n|c|\u2606Empress_Anna|nah\n|\n|t:|1696657422\n|switch|p1a: Chonks|Dragonite, F|100\/100\n|move|p2a: Noivern|Heat Wave|p1b: Deforestation|[spread] p1a\n|-miss|p2a: Noivern|p1b: Deforestation\n|-resisted|p1a: Chonks\n|-damage|p1a: Chonks|92\/100\n|move|p1b: Deforestation|Stone Axe|p2a: Noivern\n|-supereffective|p2a: Noivern\n|-damage|p2a: Noivern|0 fnt\n|-sidestart|p2: Empress_Anna|move: Stealth Rock\n|faint|p2a: Noivern\n|move|p2b: Corviknight|Iron Defense|p2b: Corviknight\n|-boost|p2b: Corviknight|def|2\n|\n|upkeep\n|\n|t:|1696657458\n|switch|p2a: Cyclizar|Cyclizar, M|100\/100\n|-damage|p2a: Cyclizar|88\/100|[from] Stealth Rock\n|turn|3\n|\n|t:|1696657483\n|move|p2a: Cyclizar|Ice Spinner|p1a: Chonks\n|-supereffective|p1a: Chonks\n|-damage|p1a: Chonks|0 fnt\n|faint|p1a: Chonks\n|move|p1b: Deforestation|Stone Axe|p2b: Corviknight\n|-damage|p2b: Corviknight|82\/100\n|move|p2b: Corviknight|Air Cutter|p1b: Deforestation\n|-damage|p1b: Deforestation|54\/100\n|\n|-heal|p2b: Corviknight|88\/100|[from] item: Leftovers\n|upkeep\n|\n|t:|1696657490\n|switch|p1a: Dapper Young Man|Gholdengo|34\/100\n|turn|4\n|\n|t:|1696657524\n|move|p1a: Dapper Young Man|Thunderbolt|p2b: Corviknight\n|-supereffective|p2b: Corviknight\n|-damage|p2b: Corviknight|38\/100\n|move|p2a: Cyclizar|Wild Charge|p1a: Dapper Young Man\n|-damage|p1a: Dapper Young Man|5\/100\n|-damage|p2a: Cyclizar|80\/100|[from] Recoil\n|move|p1b: Deforestation|X-Scissor|p2a: Cyclizar\n|-damage|p2a: Cyclizar|0 fnt\n|faint|p2a: Cyclizar\n|move|p2b: Corviknight|Air Cutter|p1a: Dapper Young Man|[spread] p1a,p1b\n|-resisted|p1a: Dapper Young Man\n|-damage|p1a: Dapper Young Man|0 fnt\n|-damage|p1b: Deforestation|45\/100\n|faint|p1a: Dapper Young Man\n|\n|-heal|p2b: Corviknight|44\/100|[from] item: Leftovers\n|upkeep\n|\n|t:|1696657547\n|switch|p2a: Iron Jugulis|Iron Jugulis|100\/100\n|switch|p1a: Chomps|Mawile, M|100\/100\n|-damage|p2a: Iron Jugulis|76\/100|[from] Stealth Rock\n|-enditem|p2a: Iron Jugulis|Booster Energy\n|-activate|p2a: Iron Jugulis|ability: Quark Drive|[fromitem]\n|-start|p2a: Iron Jugulis|quarkdrivespe\n|turn|5\n|\n|t:|1696657578\n|detailschange|p1a: Chomps|Mawile-Mega, M\n|-mega|p1a: Chomps|Mawile|Mawilite\n|move|p1a: Chomps|Protect|p1a: Chomps\n|-singleturn|p1a: Chomps|Protect\n|move|p2a: Iron Jugulis|Earth Power|p1a: Chomps\n|-activate|p1a: Chomps|move: Protect\n|move|p1b: Deforestation|X-Scissor|p2a: Iron Jugulis\n|-damage|p2a: Iron Jugulis|5\/100\n|move|p2b: Corviknight|Body Press|p1b: Deforestation\n|-damage|p1b: Deforestation|0 fnt\n|faint|p1b: Deforestation\n|\n|-heal|p2b: Corviknight|50\/100|[from] item: Leftovers\n|upkeep\n|\n|t:|1696657596\n|switch|p1b: Banished to NDUber|Kingambit, F|100\/100\n|-activate|p1b: Banished to NDUber|ability: Supreme Overlord\n|-start|p1b: Banished to NDUber|fallen3|[silent]\n|turn|6\n|\n|t:|1696657615\n|move|p1b: Banished to NDUber|Protect|p1b: Banished to NDUber\n|-singleturn|p1b: Banished to NDUber|Protect\n|move|p2a: Iron Jugulis|Heat Wave|p1a: Chomps|[spread] p1a\n|-activate|p1b: Banished to NDUber|move: Protect\n|-supereffective|p1a: Chomps\n|-damage|p1a: Chomps|44\/100\n|move|p2b: Corviknight|Body Press|p1b: Banished to NDUber\n|-activate|p1b: Banished to NDUber|move: Protect\n|move|p1a: Chomps|Rock Slide|p2b: Corviknight|[spread] p2a,p2b\n|-supereffective|p2a: Iron Jugulis\n|-crit|p2a: Iron Jugulis\n|-damage|p2a: Iron Jugulis|0 fnt\n|-damage|p2b: Corviknight|35\/100\n|faint|p2a: Iron Jugulis\n|-end|p2a: Iron Jugulis|Quark Drive|[silent]\n|\n|-heal|p2b: Corviknight|42\/100|[from] item: Leftovers\n|upkeep\n|c|\u2606henreyeyee|thats a strong ass heat wave\n|c|\u2606Empress_Anna|yeh\n|\n|t:|1696657633\n|switch|p2a: Kommo-o|Kommo-o, F|100\/100\n|-damage|p2a: Kommo-o|94\/100|[from] Stealth Rock\n|turn|7\n|\n|t:|1696657663\n|move|p1b: Banished to NDUber|Sucker Punch|p2b: Corviknight\n|-damage|p2b: Corviknight|17\/100\n|-zpower|p2a: Kommo-o\n|move|p2a: Kommo-o|Clangorous Soulblaze|p1a: Chomps|[zeffect]|[spread] p1b\n|-immune|p1a: Chomps\n|-resisted|p1b: Banished to NDUber\n|-damage|p1b: Banished to NDUber|73\/100\n|-boost|p2a: Kommo-o|atk|1\n|-boost|p2a: Kommo-o|def|1\n|-boost|p2a: Kommo-o|spa|1\n|-boost|p2a: Kommo-o|spd|1\n|-boost|p2a: Kommo-o|spe|1\n|move|p2b: Corviknight|Body Press|p1a: Chomps\n|-damage|p1a: Chomps|0 fnt\n|faint|p1a: Chomps\n|\n|-heal|p2b: Corviknight|24\/100|[from] item: Leftovers\n|upkeep\n|\n|t:|1696657672\n|switch|p1a: Happy Holidays|Iron Bundle|100\/100\n|-enditem|p1a: Happy Holidays|Booster Energy\n|-activate|p1a: Happy Holidays|ability: Quark Drive|[fromitem]\n|-start|p1a: Happy Holidays|quarkdrivespe\n|turn|8\n|\n|t:|1696657691\n|move|p1b: Banished to NDUber|Sucker Punch|p2b: Corviknight\n|-crit|p2b: Corviknight\n|-damage|p2b: Corviknight|0 fnt\n|faint|p2b: Corviknight\n|move|p1a: Happy Holidays|Freeze-Dry|p2a: Kommo-o\n|-supereffective|p2a: Kommo-o\n|-damage|p2a: Kommo-o|42\/100\n|move|p2a: Kommo-o|Aura Sphere|p1a: Happy Holidays\n|-supereffective|p1a: Happy Holidays\n|-damage|p1a: Happy Holidays|0 fnt\n|faint|p1a: Happy Holidays\n|-end|p1a: Happy Holidays|Quark Drive|[silent]\n|\n|upkeep\n|turn|9\n|c|\u2606henreyeyee|i need a crit lol\n|\n|t:|1696657727\n|move|p1b: Banished to NDUber|Protect|p1b: Banished to NDUber\n|-singleturn|p1b: Banished to NDUber|Protect\n|move|p2a: Kommo-o|Aura Sphere|p1b: Banished to NDUber\n|-activate|p1b: Banished to NDUber|move: Protect\n|\n|upkeep\n|turn|10\n|c|\u2606Empress_Anna|did you calc that? x3\n|c|\u2606henreyeyee|maybe\n|\n|t:|1696657740\n|move|p1b: Banished to NDUber|Sucker Punch|p2a: Kommo-o\n|-resisted|p2a: Kommo-o\n|-damage|p2a: Kommo-o|21\/100\n|move|p2a: Kommo-o|Aura Sphere|p1b: Banished to NDUber\n|-supereffective|p1b: Banished to NDUber\n|-damage|p1b: Banished to NDUber|0 fnt\n|faint|p1b: Banished to NDUber\n|-end|p1b: Banished to NDUber|fallen3|[silent]\n|\n|win|Empress_Anna\n|c|\u2606henreyeyee|ah shit ggs\n|c|\u2606Empress_Anna|ggs!\n|l|\u2606henreyeyee\n","uploadtime":1696657775,"views":12,"p1id":"henreyeyee","p2id":"empressanna","formatid":"gen9nationaldexdoubles","rating":0,"private":0,"password":""}