{"id":"gen9nationaldexdoubles-1955940494","p1":"Rival Brave","p2":"TONGJKIONG","format":"[Gen 9] National Dex Doubles","log":"|j|\u2606Rival Brave\n|j|\u2606TONGJKIONG\n|t:|1696044917\n|gametype|doubles\n|player|p1|Rival Brave|shadowtriad|1105\n|player|p2|TONGJKIONG|cyclistf|1000\n|teamsize|p1|6\n|teamsize|p2|6\n|gen|9\n|tier|[Gen 9] National Dex Doubles\n|rated|\n|rule|HP Percentage Mod: HP is shown in percentages\n|rule|Endless Battle Clause: Forcing endless battles is banned\n|rule|OHKO Clause: OHKO moves are banned\n|rule|Evasion Moves Clause: Evasion moves are banned\n|rule|Evasion Abilities Clause: Evasion abilities are banned\n|rule|Species Clause: Limit one of each Pok\u00e9mon\n|rule|Gravity Sleep Clause: The combination of sleep-inducing moves with imperfect accuracy and Gravity or Gigantamax Orbeetle are banned\n|clearpoke\n|poke|p1|Milotic, F|\n|poke|p1|Manaphy|\n|poke|p1|Dondozo, F|\n|poke|p1|Barraskewda, F|\n|poke|p1|Blastoise, F|\n|poke|p1|Octillery, F|\n|poke|p2|Charizard, M|\n|poke|p2|Amoonguss, F|\n|poke|p2|Ogerpon-Hearthflame, F|\n|poke|p2|Flutter Mane|\n|poke|p2|Landorus-Therian, M|\n|poke|p2|Iron Hands|\n|teampreview\n|inactive|Battle timer is ON: inactive players will automatically lose when time's up. (requested by TONGJKIONG)\n|inactive|Rival Brave also wants the timer to be on.\n|inactive|TONGJKIONG has 120 seconds left.\n|\n|t:|1696044957\n|start\n|switch|p1a: Barraskewda|Barraskewda, F|100\/100\n|switch|p1b: Octillery|Octillery, F|100\/100\n|switch|p2a: Charizard|Charizard, M|100\/100\n|switch|p2b: Ogerpon|Ogerpon-Hearthflame, F|100\/100\n|-ability|p2b: Ogerpon|Mold Breaker\n|turn|1\n|\n|t:|1696044979\n|detailschange|p2a: Charizard|Charizard-Mega-Y, M\n|-mega|p2a: Charizard|Charizard|Charizardite Y\n|-weather|SunnyDay|[from] ability: Drought|[of] p2a: Charizard\n|move|p1b: Octillery|Protect|p1b: Octillery\n|-singleturn|p1b: Octillery|Protect\n|-zpower|p1a: Barraskewda\n|move|p1a: Barraskewda|Z-Rain Dance|p1a: Barraskewda|[anim]Rain Dance\n|-boost|p1a: Barraskewda|spe|1|[zeffect]\n|-weather|RainDance\n|move|p2b: Ogerpon|Wood Hammer|p1b: Octillery\n|-activate|p1b: Octillery|move: Protect\n|move|p2a: Charizard|Heat Wave|p1b: Octillery|[spread] p1a\n|-activate|p1b: Octillery|move: Protect\n|-resisted|p1a: Barraskewda\n|-damage|p1a: Barraskewda|77\/100\n|\n|-weather|RainDance|[upkeep]\n|-ability|p1b: Octillery|Moody|boost\n|-boost|p1b: Octillery|spd|2\n|-unboost|p1b: Octillery|spe|1\n|upkeep\n|turn|2\n|\n|t:|1696045008\n|switch|p2a: Amoonguss|Amoonguss, F|100\/100\n|move|p2b: Ogerpon|Spiky Shield|p2b: Ogerpon\n|-singleturn|p2b: Ogerpon|move: Protect\n|move|p1a: Barraskewda|Poison Jab|p2b: Ogerpon\n|-activate|p2b: Ogerpon|move: Protect\n|-damage|p1a: Barraskewda|64\/100|[from] Spiky Shield|[of] p2b: Ogerpon\n|move|p1b: Octillery|Curse|p1b: Octillery\n|-unboost|p1b: Octillery|spe|1\n|-boost|p1b: Octillery|atk|1\n|-boost|p1b: Octillery|def|1\n|\n|-weather|RainDance|[upkeep]\n|-ability|p1b: Octillery|Moody|boost\n|-boost|p1b: Octillery|spa|2\n|-unboost|p1b: Octillery|def|1\n|upkeep\n|turn|3\n|\n|t:|1696045027\n|move|p1b: Octillery|Protect|p1b: Octillery\n|-singleturn|p1b: Octillery|Protect\n|move|p2a: Amoonguss|Rage Powder|p2a: Amoonguss\n|-singleturn|p2a: Amoonguss|move: Rage Powder\n|move|p1a: Barraskewda|Poison Jab|p2a: Amoonguss\n|-damage|p2a: Amoonguss|78\/100\n|-damage|p1a: Barraskewda|48\/100|[from] item: Rocky Helmet|[of] p2a: Amoonguss\n|move|p2b: Ogerpon|Wood Hammer|p1b: Octillery\n|-activate|p1b: Octillery|move: Protect\n|\n|-weather|RainDance|[upkeep]\n|-ability|p1b: Octillery|Moody|boost\n|-boost|p1b: Octillery|def|2\n|-unboost|p1b: Octillery|spe|1\n|upkeep\n|turn|4\n|inactive|Rival Brave has 120 seconds left.\n|\n|t:|1696045074\n|switch|p1a: Milotic|Milotic, F|100\/100\n|move|p2b: Ogerpon|Spiky Shield|p2b: Ogerpon\n|-singleturn|p2b: Ogerpon|move: Protect\n|move|p2a: Amoonguss|Spore|p1b: Octillery\n|-status|p1b: Octillery|slp|[from] move: Spore\n|cant|p1b: Octillery|slp\n|\n|-weather|RainDance|[upkeep]\n|-status|p1a: Milotic|brn|[from] item: Flame Orb\n|-ability|p1b: Octillery|Moody|boost\n|-boost|p1b: Octillery|spd|2\n|-unboost|p1b: Octillery|spe|1\n|upkeep\n|turn|5\n|inactive|Rival Brave has 120 seconds left.\n|\n|t:|1696045096\n|move|p2a: Amoonguss|Rage Powder|p2a: Amoonguss\n|-singleturn|p2a: Amoonguss|move: Rage Powder\n|move|p2b: Ogerpon|Wood Hammer|p1b: Octillery\n|-supereffective|p1b: Octillery\n|-damage|p1b: Octillery|12\/100 slp\n|-damage|p2b: Ogerpon|66\/100|[from] Recoil\n|move|p1a: Milotic|Breaking Swipe|p2b: Ogerpon|[spread] p2a,p2b\n|-damage|p2a: Amoonguss|76\/100\n|-damage|p2b: Ogerpon|62\/100\n|-unboost|p2a: Amoonguss|atk|1\n|-unboost|p2b: Ogerpon|atk|1\n|-damage|p1a: Milotic|84\/100 brn|[from] item: Rocky Helmet|[of] p2a: Amoonguss\n|-curestatus|p1b: Octillery|slp|[msg]\n|move|p1b: Octillery|Curse|p1b: Octillery\n|-unboost|p1b: Octillery|spe|1\n|-boost|p1b: Octillery|atk|1\n|-boost|p1b: Octillery|def|1\n|\n|-weather|none\n|-heal|p1b: Octillery|19\/100|[from] item: Leftovers\n|-damage|p1a: Milotic|78\/100 brn|[from] brn\n|-ability|p1b: Octillery|Moody|boost\n|-boost|p1b: Octillery|spa|2\n|-unboost|p1b: Octillery|atk|1\n|upkeep\n|turn|6\n|\n|t:|1696045109\n|move|p1b: Octillery|Protect|p1b: Octillery\n|-singleturn|p1b: Octillery|Protect\n|move|p2b: Ogerpon|Ivy Cudgel|p1b: Octillery\n|-activate|p1b: Octillery|move: Protect\n|move|p1a: Milotic|Life Dew|p1a: Milotic|[spread] p1a,p1b\n|-heal|p1a: Milotic|100\/100 brn\n|-heal|p1b: Octillery|44\/100\n|move|p2a: Amoonguss|Pollen Puff|p2b: Ogerpon\n|-heal|p2b: Ogerpon|100\/100\n|\n|-heal|p1b: Octillery|50\/100|[from] item: Leftovers\n|-damage|p1a: Milotic|94\/100 brn|[from] brn\n|-ability|p1b: Octillery|Moody|boost\n|-boost|p1b: Octillery|spd|2\n|-unboost|p1b: Octillery|def|1\n|upkeep\n|turn|7\n|\n|t:|1696045129\n|switch|p2a: Charizard|Charizard-Mega-Y, M|100\/100\n|-weather|SunnyDay|[from] ability: Drought|[of] p2a: Charizard\n|-terastallize|p2b: Ogerpon|Fire\n|detailschange|p2b: Ogerpon|Ogerpon-Hearthflame-Tera, F, tera:Fire\n|-ability|p2b: Ogerpon|Embody Aspect (Hearthflame)|boost\n|-boost|p2b: Ogerpon|atk|1\n|-terastallize|p1b: Octillery|Poison\n|move|p2b: Ogerpon|Ivy Cudgel|p1b: Octillery\n|-damage|p1b: Octillery|0 fnt\n|faint|p1b: Octillery\n|move|p1a: Milotic|Breaking Swipe|p2b: Ogerpon|[spread] p2a,p2b\n|-damage|p2a: Charizard|98\/100\n|-damage|p2b: Ogerpon|96\/100\n|-unboost|p2a: Charizard|atk|1\n|-unboost|p2b: Ogerpon|atk|1\n|\n|-weather|SunnyDay|[upkeep]\n|-damage|p1a: Milotic|88\/100 brn|[from] brn\n|upkeep\n|\n|t:|1696045137\n|switch|p1b: Barraskewda|Barraskewda, F|48\/100\n|turn|8\n|\n|t:|1696045147\n|switch|p2b: Iron Hands|Iron Hands|100\/100\n|switch|p2a: Amoonguss|Amoonguss, F|100\/100\n|move|p1b: Barraskewda|Rain Dance|p1b: Barraskewda\n|-weather|RainDance\n|move|p1a: Milotic|Scald|p2b: Iron Hands\n|-damage|p2b: Iron Hands|80\/100\n|\n|-weather|RainDance|[upkeep]\n|-damage|p1a: Milotic|82\/100 brn|[from] brn\n|upkeep\n|turn|9\n|\n|t:|1696045162\n|switch|p1b: Dondozo|Dondozo, F|100\/100\n|move|p2b: Iron Hands|Fake Out|p1b: Dondozo\n|-damage|p1b: Dondozo|91\/100\n|move|p2a: Amoonguss|Rage Powder|p2a: Amoonguss\n|-singleturn|p2a: Amoonguss|move: Rage Powder\n|move|p1a: Milotic|Breaking Swipe|p2b: Iron Hands|[spread] p2a,p2b\n|-damage|p2a: Amoonguss|98\/100\n|-damage|p2b: Iron Hands|78\/100\n|-unboost|p2a: Amoonguss|atk|1\n|-unboost|p2b: Iron Hands|atk|1\n|-damage|p1a: Milotic|66\/100 brn|[from] item: Rocky Helmet|[of] p2a: Amoonguss\n|\n|-weather|RainDance|[upkeep]\n|-heal|p1b: Dondozo|97\/100|[from] item: Leftovers\n|-damage|p1a: Milotic|60\/100 brn|[from] brn\n|upkeep\n|turn|10\n|\n|t:|1696045182\n|switch|p1b: Manaphy|Manaphy|100\/100\n|move|p1a: Milotic|Life Dew||[still]|[spread] p1a,p1b\n|-heal|p1a: Milotic|85\/100 brn\n|-fail|p1b: Manaphy|heal\n|move|p2b: Iron Hands|Wild Charge|p1a: Milotic\n|-supereffective|p1a: Milotic\n|-damage|p1a: Milotic|52\/100 brn\n|-damage|p2b: Iron Hands|71\/100|[from] Recoil\n|move|p2a: Amoonguss|Spore|p1b: Manaphy\n|-status|p1b: Manaphy|slp|[from] move: Spore\n|\n|-weather|RainDance|[upkeep]\n|-activate|p1b: Manaphy|ability: Hydration\n|-curestatus|p1b: Manaphy|slp|[msg]\n|-damage|p1a: Milotic|46\/100 brn|[from] brn\n|upkeep\n|turn|11\n|\n|t:|1696045198\n|-end|p2b: Iron Hands|Quark Drive|[silent]\n|switch|p2b: Charizard|Charizard-Mega-Y, M|98\/100\n|-weather|SunnyDay|[from] ability: Drought|[of] p2b: Charizard\n|move|p1b: Manaphy|Take Heart|p1b: Manaphy\n|-boost|p1b: Manaphy|spa|1\n|-boost|p1b: Manaphy|spd|1\n|move|p1a: Milotic|Breaking Swipe|p2b: Charizard|[spread] p2a,p2b\n|-crit|p2b: Charizard\n|-damage|p2a: Amoonguss|96\/100\n|-damage|p2b: Charizard|93\/100\n|-unboost|p2a: Amoonguss|atk|1\n|-unboost|p2b: Charizard|atk|1\n|-damage|p1a: Milotic|30\/100 brn|[from] item: Rocky Helmet|[of] p2a: Amoonguss\n|move|p2a: Amoonguss|Spore|p1b: Manaphy\n|-status|p1b: Manaphy|slp|[from] move: Spore\n|\n|-weather|SunnyDay|[upkeep]\n|-damage|p1a: Milotic|24\/100 brn|[from] brn\n|upkeep\n|turn|12\n|inactive|Rival Brave has 120 seconds left.\n|\n|t:|1696045235\n|switch|p2a: Flutter Mane|Flutter Mane|100\/100\n|-activate|p2a: Flutter Mane|ability: Protosynthesis\n|-start|p2a: Flutter Mane|protosynthesisspe\n|move|p2b: Charizard|Heat Wave|p1a: Milotic|[spread] p1a,p1b\n|-resisted|p1a: Milotic\n|-resisted|p1b: Manaphy\n|-damage|p1a: Milotic|3\/100 brn\n|-damage|p1b: Manaphy|84\/100 slp\n|cant|p1b: Manaphy|slp\n|move|p1a: Milotic|Life Dew|p1a: Milotic|[spread] p1a,p1b\n|-heal|p1a: Milotic|28\/100 brn\n|-heal|p1b: Manaphy|100\/100 slp\n|\n|-weather|SunnyDay|[upkeep]\n|-damage|p1a: Milotic|22\/100 brn|[from] brn\n|upkeep\n|turn|13\n|\n|t:|1696045251\n|move|p2a: Flutter Mane|Dazzling Gleam|p1a: Milotic|[spread] p1a,p1b\n|-damage|p1a: Milotic|0 fnt\n|-damage|p1b: Manaphy|74\/100 slp\n|faint|p1a: Milotic\n|move|p2b: Charizard|Heat Wave|p1b: Manaphy\n|-resisted|p1b: Manaphy\n|-damage|p1b: Manaphy|50\/100 slp\n|cant|p1b: Manaphy|slp\n|\n|-weather|SunnyDay|[upkeep]\n|-heal|p1b: Manaphy|56\/100 slp|[from] item: Leftovers\n|upkeep\n|\n|t:|1696045259\n|switch|p1a: Blastoise|Blastoise, F|100\/100\n|turn|14\n|\n|t:|1696045276\n|switch|p2b: Amoonguss|Amoonguss, F|100\/100\n|detailschange|p1a: Blastoise|Blastoise-Mega, F\n|-mega|p1a: Blastoise|Blastoise|Blastoisinite\n|move|p2a: Flutter Mane|Dazzling Gleam|p1b: Manaphy|[spread] p1a,p1b\n|-damage|p1a: Blastoise|52\/100\n|-damage|p1b: Manaphy|28\/100 slp\n|move|p1a: Blastoise|Dark Pulse|p2a: Flutter Mane\n|-damage|p2a: Flutter Mane|56\/100\n|cant|p1b: Manaphy|slp\n|\n|-weather|SunnyDay|[upkeep]\n|-heal|p1b: Manaphy|35\/100 slp|[from] item: Leftovers\n|upkeep\n|turn|15\n|\n|t:|1696045297\n|move|p2b: Amoonguss|Rage Powder|p2b: Amoonguss\n|-singleturn|p2b: Amoonguss|move: Rage Powder\n|move|p2a: Flutter Mane|Dazzling Gleam|p1b: Manaphy|[spread] p1a,p1b\n|-damage|p1a: Blastoise|9\/100\n|-damage|p1b: Manaphy|11\/100 slp\n|move|p1a: Blastoise|Dark Pulse|p2b: Amoonguss\n|-damage|p2b: Amoonguss|57\/100\n|-curestatus|p1b: Manaphy|slp|[msg]\n|move|p1b: Manaphy|Stored Power|p2b: Amoonguss\n|-supereffective|p2b: Amoonguss\n|-damage|p2b: Amoonguss|6\/100\n|\n|-weather|none\n|-end|p2a: Flutter Mane|Protosynthesis\n|-heal|p1b: Manaphy|18\/100|[from] item: Leftovers\n|upkeep\n|turn|16\n|inactive|Rival Brave has 120 seconds left.\n|\n|t:|1696045328\n|switch|p2b: Charizard|Charizard-Mega-Y, M|93\/100\n|-weather|SunnyDay|[from] ability: Drought|[of] p2b: Charizard\n|-activate|p2a: Flutter Mane|ability: Protosynthesis\n|-start|p2a: Flutter Mane|protosynthesisspe\n|move|p2a: Flutter Mane|Dazzling Gleam|p1b: Manaphy|[spread] p1a,p1b\n|-damage|p1a: Blastoise|0 fnt\n|-damage|p1b: Manaphy|0 fnt\n|faint|p1a: Blastoise\n|faint|p1b: Manaphy\n|\n|-weather|SunnyDay|[upkeep]\n|upkeep\n|\n|t:|1696045332\n|switch|p1a: Dondozo|Dondozo, F|97\/100\n|switch|p1b: Barraskewda|Barraskewda, F|48\/100\n|turn|17\n|\n|t:|1696045350\n|move|p2a: Flutter Mane|Dazzling Gleam|p1a: Dondozo|[spread] p1a,p1b\n|-damage|p1a: Dondozo|71\/100\n|-damage|p1b: Barraskewda|0 fnt\n|faint|p1b: Barraskewda\n|move|p2b: Charizard|Scorching Sands|p1a: Dondozo\n|-damage|p1a: Dondozo|52\/100\n|move|p1a: Dondozo|Dive||[still]\n|-prepare|p1a: Dondozo|Dive\n|\n|-weather|SunnyDay|[upkeep]\n|-heal|p1a: Dondozo|59\/100|[from] item: Leftovers\n|upkeep\n|turn|18\n|\n|t:|1696045361\n|-end|p2a: Flutter Mane|Protosynthesis|[silent]\n|switch|p2a: Amoonguss|Amoonguss, F|39\/100\n|move|p2b: Charizard|Protect|p2b: Charizard\n|-singleturn|p2b: Charizard|Protect\n|move|p1a: Dondozo|Dive|p2a: Amoonguss|[from]lockedmove\n|-resisted|p2a: Amoonguss\n|-damage|p2a: Amoonguss|34\/100\n|-damage|p1a: Dondozo|42\/100|[from] item: Rocky Helmet|[of] p2a: Amoonguss\n|\n|-weather|SunnyDay|[upkeep]\n|-heal|p1a: Dondozo|48\/100|[from] item: Leftovers\n|upkeep\n|turn|19\n|\n|t:|1696045373\n|switch|p2a: Landorus|Landorus-Therian, M|100\/100\n|-ability|p2a: Landorus|Intimidate|boost\n|-unboost|p1a: Dondozo|atk|1\n|move|p1a: Dondozo|Protect|p1a: Dondozo\n|-singleturn|p1a: Dondozo|Protect\n|move|p2b: Charizard|Heat Wave|p1a: Dondozo\n|-activate|p1a: Dondozo|move: Protect\n|\n|-weather|SunnyDay|[upkeep]\n|-heal|p1a: Dondozo|54\/100|[from] item: Leftovers\n|upkeep\n|turn|20\n|\n|t:|1696045387\n|switch|p2a: Amoonguss|Amoonguss, F|67\/100\n|move|p2b: Charizard|Heat Wave|p1a: Dondozo\n|-resisted|p1a: Dondozo\n|-damage|p1a: Dondozo|27\/100\n|move|p1a: Dondozo|Curse|p1a: Dondozo\n|-unboost|p1a: Dondozo|spe|1\n|-boost|p1a: Dondozo|atk|1\n|-boost|p1a: Dondozo|def|1\n|\n|-weather|none\n|-heal|p1a: Dondozo|33\/100|[from] item: Leftovers\n|upkeep\n|turn|21\n|\n|t:|1696045401\n|switch|p2b: Landorus|Landorus-Therian, M|100\/100\n|-ability|p2b: Landorus|Intimidate|boost\n|-unboost|p1a: Dondozo|atk|1\n|move|p2a: Amoonguss|Spore|p1a: Dondozo\n|-status|p1a: Dondozo|slp|[from] move: Spore\n|cant|p1a: Dondozo|slp\n|\n|-heal|p1a: Dondozo|39\/100 slp|[from] item: Leftovers\n|upkeep\n|turn|22\n|\n|t:|1696045412\n|switch|p2a: Charizard|Charizard-Mega-Y, M|93\/100\n|-weather|SunnyDay|[from] ability: Drought|[of] p2a: Charizard\n|move|p2b: Landorus|Stomping Tantrum|p1a: Dondozo\n|-damage|p1a: Dondozo|22\/100 slp\n|cant|p1a: Dondozo|slp\n|\n|-weather|SunnyDay|[upkeep]\n|-heal|p1a: Dondozo|28\/100 slp|[from] item: Leftovers\n|upkeep\n|turn|23\n|\n|t:|1696045427\n|move|p2a: Charizard|Heat Wave|p1a: Dondozo\n|-resisted|p1a: Dondozo\n|-damage|p1a: Dondozo|1\/100 slp\n|move|p2b: Landorus|Stomping Tantrum|p1a: Dondozo\n|-damage|p1a: Dondozo|0 fnt\n|faint|p1a: Dondozo\n|\n|win|TONGJKIONG\n|raw|Rival Brave's rating: 1105 &rarr; <strong>1073<\/strong><br \/>(-32 for losing)\n|raw|TONGJKIONG's rating: 1000 &rarr; <strong>1052<\/strong><br \/>(+52 for winning)\n|c|\u2606Rival Brave|Gg\n|l|\u2606Rival Brave\n","uploadtime":1696045444,"views":4,"p1id":"rivalbrave","p2id":"tongjkiong","formatid":"gen9nationaldexdoubles","rating":1052,"private":0,"password":""}