{"id":"gen9nationaldexdoubles-1969229718","p1":"TTv\/n8m898","p2":"OceanHazel","format":"[Gen 9] National Dex Doubles","log":"|j|\u2606TTv\/n8m898\n|j|\u2606OceanHazel\n|t:|1697502746\n|gametype|doubles\n|player|p1|TTv\/n8m898|li|1000\n|player|p2|OceanHazel|barry|1113\n|teamsize|p1|4\n|teamsize|p2|6\n|gen|9\n|tier|[Gen 9] National Dex Doubles\n|rated|\n|rule|HP Percentage Mod: HP is shown in percentages\n|rule|Endless Battle Clause: Forcing endless battles is banned\n|rule|OHKO Clause: OHKO moves are banned\n|rule|Evasion Moves Clause: Evasion moves are banned\n|rule|Evasion Abilities Clause: Evasion abilities are banned\n|rule|Species Clause: Limit one of each Pok\u00e9mon\n|rule|Gravity Sleep Clause: The combination of sleep-inducing moves with imperfect accuracy and Gravity or Gigantamax Orbeetle are banned\n|clearpoke\n|poke|p1|Kommo-o, M|\n|poke|p1|Ludicolo, M|\n|poke|p1|Meloetta|\n|poke|p1|Oricorio-Pom-Pom, F|\n|poke|p2|Pawmot, F|\n|poke|p2|Cinderace, M|\n|poke|p2|Rotom-Wash|\n|poke|p2|Kingambit, M|\n|poke|p2|Scovillain, F|\n|poke|p2|Mimikyu, F|\n|teampreview\n|c|\u2606OceanHazel|gl !\n|c|\u2606TTv\/n8m898|u2\n|\n|t:|1697502767\n|start\n|switch|p1a: Kommo-o|Kommo-o, M|100\/100\n|switch|p1b: Oricorio|Oricorio-Pom-Pom, F|100\/100\n|switch|p2a: Gangle|Scovillain, F, shiny|100\/100\n|switch|p2b: Jax|Cinderace, M|100\/100\n|turn|1\n|\n|t:|1697502806\n|move|p2b: Jax|Pyro Ball|p1b: Oricorio\n|-damage|p1b: Oricorio|9\/100\n|-enditem|p1b: Oricorio|Sitrus Berry|[eat]\n|-heal|p1b: Oricorio|34\/100|[from] item: Sitrus Berry\n|move|p1b: Oricorio|Tailwind|p1b: Oricorio\n|-sidestart|p1: TTv\/n8m898|move: Tailwind\n|move|p1a: Kommo-o|Clangorous Soul|p1a: Kommo-o\n|-boost|p1a: Kommo-o|atk|1\n|-boost|p1a: Kommo-o|def|1\n|-boost|p1a: Kommo-o|spa|1\n|-boost|p1a: Kommo-o|spd|1\n|-boost|p1a: Kommo-o|spe|1\n|-damage|p1a: Kommo-o|68\/100\n|-enditem|p1a: Kommo-o|Throat Spray\n|-boost|p1a: Kommo-o|spa|1|[from] item: Throat Spray\n|-activate|p1b: Oricorio|ability: Dancer\n|move|p1b: Oricorio|Clangorous Soul|p1b: Oricorio|[from]ability: Dancer\n|-boost|p1b: Oricorio|atk|1\n|-boost|p1b: Oricorio|def|1\n|-boost|p1b: Oricorio|spa|1\n|-boost|p1b: Oricorio|spd|1\n|-boost|p1b: Oricorio|spe|1\n|-damage|p1b: Oricorio|1\/100\n|move|p2a: Gangle|Spicy Extract|p2b: Jax\n|-boost|p2b: Jax|atk|2\n|-unboost|p2b: Jax|def|2\n|-enditem|p2b: Jax|White Herb\n|-clearnegativeboost|p2b: Jax|[silent]\n|\n|-ability|p2a: Gangle|Moody|boost\n|-boost|p2a: Gangle|spd|2\n|-unboost|p2a: Gangle|atk|1\n|upkeep\n|turn|2\n|\n|t:|1697502841\n|move|p1b: Oricorio|Air Cutter|p2b: Jax|[spread] p2a,p2b\n|-supereffective|p2a: Gangle\n|-damage|p2a: Gangle|75\/100\n|-damage|p2b: Jax|61\/100\n|move|p1a: Kommo-o|Clanging Scales|p2a: Gangle|[spread] p2a,p2b\n|-crit|p2b: Jax\n|-damage|p2a: Gangle|40\/100\n|-damage|p2b: Jax|0 fnt\n|faint|p2b: Jax\n|-unboost|p1a: Kommo-o|def|1\n|move|p2a: Gangle|Will-O-Wisp|p1a: Kommo-o\n|-status|p1a: Kommo-o|brn\n|\n|-heal|p2a: Gangle|46\/100|[from] item: Leftovers\n|-damage|p1a: Kommo-o|61\/100 brn|[from] brn\n|-ability|p2a: Gangle|Moody|boost\n|-boost|p2a: Gangle|spa|2\n|-unboost|p2a: Gangle|atk|1\n|upkeep\n|\n|t:|1697502876\n|switch|p2b: Bubble|Rotom-Wash|100\/100\n|turn|3\n|\n|t:|1697502903\n|move|p1b: Oricorio|Air Cutter|p2a: Gangle|[spread] p2a,p2b\n|-supereffective|p2a: Gangle\n|-resisted|p2b: Bubble\n|-damage|p2a: Gangle|18\/100\n|-damage|p2b: Bubble|81\/100\n|move|p1a: Kommo-o|Clanging Scales|p2b: Bubble|[spread] p2a,p2b\n|-damage|p2a: Gangle|0 fnt\n|-damage|p2b: Bubble|0 fnt\n|faint|p2a: Gangle\n|faint|p2b: Bubble\n|-unboost|p1a: Kommo-o|def|1\n|\n|-damage|p1a: Kommo-o|55\/100 brn|[from] brn\n|upkeep\n|\n|t:|1697502920\n|switch|p2b: Pomni|Pawmot, F, shiny|100\/100\n|switch|p2a: Ragatha|Mimikyu, F|100\/100\n|turn|4\n|j| JackieChu27\n|\n|t:|1697502952\n|move|p1b: Oricorio|Air Cutter|p2a: Ragatha|[spread] p2a,p2b\n|-activate|p2a: Ragatha|ability: Disguise\n|-damage|p2a: Ragatha|100\/100\n|-damage|p2b: Pomni|47\/100\n|detailschange|p2a: Ragatha|Mimikyu-Busted, F\n|-damage|p2a: Ragatha|88\/100|[from] pokemon: Mimikyu-Busted\n|move|p1a: Kommo-o|Aura Sphere|p2b: Pomni\n|-damage|p2b: Pomni|0 fnt\n|faint|p2b: Pomni\n|move|p2a: Ragatha|Facade|p1b: Oricorio\n|-damage|p1b: Oricorio|0 fnt\n|faint|p1b: Oricorio\n|\n|-damage|p1a: Kommo-o|49\/100 brn|[from] brn\n|-sideend|p1: TTv\/n8m898|move: Tailwind\n|upkeep\n|\n|t:|1697502972\n|switch|p1b: Meloetta|Meloetta|100\/100\n|switch|p2b: Kingley|Kingambit, M|100\/100\n|-activate|p2b: Kingley|ability: Supreme Overlord\n|-start|p2b: Kingley|fallen4|[silent]\n|-item|p2b: Kingley|Air Balloon\n|turn|5\n|\n|t:|1697502999\n|-terastallize|p2b: Kingley|Fighting\n|move|p1a: Kommo-o|Clanging Scales|p2a: Ragatha|[spread] p2b\n|-immune|p2a: Ragatha\n|-damage|p2b: Kingley|28\/100\n|-enditem|p2b: Kingley|Air Balloon\n|-unboost|p1a: Kommo-o|def|1\n|move|p1b: Meloetta|Knock Off|p2a: Ragatha\n|-damage|p2a: Ragatha|65\/100\n|-enditem|p2a: Ragatha|Mental Herb|[from] move: Knock Off|[of] p1b: Meloetta\n|move|p2a: Ragatha|Taunt|p1b: Meloetta\n|-start|p1b: Meloetta|move: Taunt\n|move|p2b: Kingley|Iron Head|p1a: Kommo-o\n|-damage|p1a: Kommo-o|0 fnt\n|faint|p1a: Kommo-o\n|\n|upkeep\n|\n|t:|1697503014\n|switch|p1a: Ludicolo|Ludicolo, M|100\/100\n|turn|6\n|\n|t:|1697503038\n|move|p1a: Ludicolo|Fake Out|p2b: Kingley\n|-damage|p2b: Kingley|23\/100\n|move|p1b: Meloetta|Dazzling Gleam|p2a: Ragatha|[spread] p2a,p2b\n|-supereffective|p2b: Kingley\n|-crit|p2b: Kingley\n|-damage|p2a: Ragatha|49\/100\n|-damage|p2b: Kingley|0 fnt\n|faint|p2b: Kingley\n|-end|p2b: Kingley|fallen4|[silent]\n|move|p2a: Ragatha|Will-O-Wisp|p1b: Meloetta\n|-status|p1b: Meloetta|brn\n|\n|-damage|p1b: Meloetta|94\/100 brn|[from] brn\n|upkeep\n|turn|7\n|c|\u2606OceanHazel|gg !\n|\n|t:|1697503067\n|move|p1b: Meloetta|Dazzling Gleam|p2a: Ragatha\n|-damage|p2a: Ragatha|29\/100\n|move|p2a: Ragatha|Thunder Wave|p1a: Ludicolo\n|-status|p1a: Ludicolo|par\n|move|p1a: Ludicolo|Giga Drain|p2a: Ragatha\n|-damage|p2a: Ragatha|8\/100\n|\n|-damage|p1b: Meloetta|88\/100 brn|[from] brn\n|upkeep\n|turn|8\n|\n|t:|1697503082\n|move|p1b: Meloetta|Dazzling Gleam|p2a: Ragatha\n|-damage|p2a: Ragatha|0 fnt\n|faint|p2a: Ragatha\n|\n|win|TTv\/n8m898\n|raw|TTv&#x2f;n8m898's rating: 1000 &rarr; <strong>1053<\/strong><br \/>(+53 for winning)\n|raw|OceanHazel's rating: 1113 &rarr; <strong>1080<\/strong><br \/>(-33 for losing)\n|c|\u2606TTv\/n8m898|gg\n|l| JackieChu27\n|l|\u2606OceanHazel\n","uploadtime":1697503097,"views":13,"p1id":"ttvn8m898","p2id":"oceanhazel","formatid":"gen9nationaldexdoubles","rating":1053,"private":0,"password":""}