{"id":"gen9nationaldexdoubles-1986226607","p1":"MDog3712","p2":"multiingbe","format":"[Gen 9] National Dex Doubles","log":"|j|\u2606MDog3712\n|j|\u2606multiingbe\n|t:|1699461452\n|gametype|doubles\n|player|p1|MDog3712|scientist-gen4|1159\n|player|p2|multiingbe|kimonogirl|1098\n|teamsize|p1|6\n|teamsize|p2|6\n|gen|9\n|tier|[Gen 9] National Dex Doubles\n|rated|\n|rule|HP Percentage Mod: HP is shown in percentages\n|rule|Endless Battle Clause: Forcing endless battles is banned\n|rule|OHKO Clause: OHKO moves are banned\n|rule|Evasion Moves Clause: Evasion moves are banned\n|rule|Evasion Abilities Clause: Evasion abilities are banned\n|rule|Species Clause: Limit one of each Pok\u00e9mon\n|rule|Gravity Sleep Clause: The combination of sleep-inducing moves with imperfect accuracy and Gravity or Gigantamax Orbeetle are banned\n|clearpoke\n|poke|p1|Charizard, M|\n|poke|p1|Galvantula, M|\n|poke|p1|Golurk|\n|poke|p1|Wishiwashi, M|\n|poke|p1|Reuniclus, M|\n|poke|p1|Hydreigon, M|\n|poke|p2|Golduck, M|\n|poke|p2|Ditto|\n|poke|p2|Azumarill, F|\n|poke|p2|Tapu Lele|\n|poke|p2|Alakazam, F|\n|poke|p2|Volbeat, M|\n|teampreview\n|\n|t:|1699461466\n|start\n|switch|p1a: Artifact|Golurk, shiny|100\/100\n|switch|p1b: Bird Eater|Galvantula, M|100\/100\n|switch|p2a: Etudelki|Azumarill, F|100\/100\n|switch|p2b: Ahere|Alakazam, F|100\/100\n|turn|1\n|\n|t:|1699461478\n|detailschange|p2b: Ahere|Alakazam-Mega, F\n|-mega|p2b: Ahere|Alakazam|Alakazite\n|-ability|p2b: Ahere|Klutz|[from] ability: Trace|[of] p1a: Artifact\n|move|p2a: Etudelki|Aqua Jet|p1b: Bird Eater\n|-damage|p1b: Bird Eater|50\/100\n|move|p2b: Ahere|Energy Ball|p1a: Artifact\n|-supereffective|p1a: Artifact\n|-damage|p1a: Artifact|18\/100\n|move|p1b: Bird Eater|Thunder|p2a: Etudelki\n|-supereffective|p2a: Etudelki\n|-damage|p2a: Etudelki|42\/100\n|-status|p2a: Etudelki|par\n|move|p1a: Artifact|Trick|p2a: Etudelki\n|-activate|p1a: Artifact|move: Trick|[of] p2a: Etudelki\n|-item|p2a: Etudelki|Sticky Barb|[from] move: Trick\n|-item|p1a: Artifact|Assault Vest|[from] move: Trick\n|\n|-damage|p2a: Etudelki|30\/100 par|[from] item: Sticky Barb\n|upkeep\n|turn|2\n|\n|t:|1699461511\n|move|p2a: Etudelki|Aqua Jet|p1a: Artifact\n|-supereffective|p1a: Artifact\n|-damage|p1a: Artifact|0 fnt\n|faint|p1a: Artifact\n|move|p2b: Ahere|Psychic|p1b: Bird Eater\n|-damage|p1b: Bird Eater|0 fnt\n|faint|p1b: Bird Eater\n|\n|-damage|p2a: Etudelki|17\/100 par|[from] item: Sticky Barb\n|upkeep\n|\n|t:|1699461526\n|switch|p1b: Mitosis|Reuniclus, M|100\/100\n|switch|p1a: Collective|Hydreigon, M|100\/100\n|turn|3\n|\n|t:|1699461535\n|move|p1a: Collective|Dark Pulse|p2b: Ahere\n|-supereffective|p2b: Ahere\n|-damage|p2b: Ahere|10\/100\n|move|p2b: Ahere|Metronome|p2b: Ahere\n|move|p2b: Ahere|Lash Out|p1a: Collective|[from]move: Metronome\n|-resisted|p1a: Collective\n|-damage|p1a: Collective|95\/100\n|move|p1b: Mitosis|Shadow Ball|p2b: Ahere\n|-supereffective|p2b: Ahere\n|-damage|p2b: Ahere|0 fnt\n|faint|p2b: Ahere\n|move|p2a: Etudelki|Ice Punch|p1a: Collective\n|-supereffective|p1a: Collective\n|-damage|p1a: Collective|22\/100\n|\n|-damage|p2a: Etudelki|5\/100 par|[from] item: Sticky Barb\n|upkeep\n|\n|t:|1699461550\n|switch|p2b: Sa Deset|Golduck, M|100\/100\n|-ability|p2b: Sa Deset|Cloud Nine\n|turn|4\n|\n|t:|1699461570\n|move|p1a: Collective|Dark Pulse|p2a: Etudelki\n|-resisted|p2a: Etudelki\n|-damage|p2a: Etudelki|0 fnt\n|faint|p2a: Etudelki\n|move|p2b: Sa Deset|Ice Beam|p1a: Collective\n|-supereffective|p1a: Collective\n|-damage|p1a: Collective|0 fnt\n|faint|p1a: Collective\n|move|p1b: Mitosis|Psyshock|p2b: Sa Deset\n|-damage|p2b: Sa Deset|48\/100\n|\n|upkeep\n|\n|t:|1699461584\n|switch|p1a: Inferno|Charizard, M|100\/100\n|switch|p2a: Tapu Lele|Tapu Lele|100\/100\n|-fieldstart|move: Psychic Terrain|[from] ability: Psychic Surge|[of] p2a: Tapu Lele\n|turn|5\n|\n|t:|1699461608\n|detailschange|p1a: Inferno|Charizard-Mega-Y, M\n|-mega|p1a: Inferno|Charizard|Charizardite Y\n|-weather|SunnyDay|[from] ability: Drought|[of] p1a: Inferno\n|-terastallize|p1b: Mitosis|Psychic\n|move|p1a: Inferno|Solar Beam||[still]\n|-prepare|p1a: Inferno|Solar Beam\n|move|p2a: Tapu Lele|Moonblast|p1b: Mitosis\n|-damage|p1b: Mitosis|75\/100\n|-zpower|p2b: Sa Deset\n|move|p2b: Sa Deset|Hydro Vortex|p1a: Inferno|[zeffect]\n|-supereffective|p1a: Inferno\n|-damage|p1a: Inferno|0 fnt\n|faint|p1a: Inferno\n|move|p1b: Mitosis|Shadow Ball|p2a: Tapu Lele\n|-supereffective|p2a: Tapu Lele\n|-damage|p2a: Tapu Lele|57\/100\n|\n|-weather|SunnyDay|[upkeep]\n|upkeep\n|\n|t:|1699461624\n|switch|p1a: Poseidon|Wishiwashi, M|100\/100\n|-formechange|p1a: Poseidon|Wishiwashi-School||[from] ability: Schooling\n|turn|6\n|-message|multiingbe forfeited.\n|\n|win|MDog3712\n|raw|MDog3712's rating: 1159 &rarr; <strong>1180<\/strong><br \/>(+21 for winning)\n|raw|multiingbe's rating: 1098 &rarr; <strong>1078<\/strong><br \/>(-20 for losing)\n","uploadtime":1699461632,"views":5,"p1id":"mdog3712","p2id":"multiingbe","formatid":"gen9nationaldexdoubles","rating":1078,"private":0,"password":""}