{"id":"gen9nationaldexdoubles-1955972416","p1":"Numa no Kage","p2":"trainerredtheog_17","format":"[Gen 9] National Dex Doubles","log":"|j|\u2606Numa no Kage\n|j|\u2606trainerredtheog_17\n|t:|1696049056\n|gametype|doubles\n|player|p1|Numa no Kage|acetrainer|1182\n|player|p2|trainerredtheog_17|fisherman-gen4|1153\n|teamsize|p1|6\n|teamsize|p2|6\n|gen|9\n|tier|[Gen 9] National Dex Doubles\n|rated|\n|rule|HP Percentage Mod: HP is shown in percentages\n|rule|Endless Battle Clause: Forcing endless battles is banned\n|rule|OHKO Clause: OHKO moves are banned\n|rule|Evasion Moves Clause: Evasion moves are banned\n|rule|Evasion Abilities Clause: Evasion abilities are banned\n|rule|Species Clause: Limit one of each Pok\u00e9mon\n|rule|Gravity Sleep Clause: The combination of sleep-inducing moves with imperfect accuracy and Gravity or Gigantamax Orbeetle are banned\n|clearpoke\n|poke|p1|Vaporeon, M|\n|poke|p1|Persian-Alola, F|\n|poke|p1|Ogerpon-Wellspring, F|\n|poke|p1|Tentacruel, M|\n|poke|p1|Jellicent, F|\n|poke|p1|Absol, F|\n|poke|p2|Walking Wake|\n|poke|p2|Dragapult, F|\n|poke|p2|Gengar, F|\n|poke|p2|Basculegion, M|\n|poke|p2|Politoed, F|\n|poke|p2|Dragonite, F|\n|teampreview\n|inactive|Battle timer is ON: inactive players will automatically lose when time's up. (requested by Numa no Kage)\n|\n|t:|1696049076\n|start\n|switch|p1a: Vaporeon|Vaporeon, M|100\/100\n|switch|p1b: Ogerpon|Ogerpon-Wellspring, F|100\/100\n|switch|p2a: Dragapult|Dragapult, F|100\/100\n|switch|p2b: Gengar|Gengar, F, shiny|100\/100\n|turn|1\n|inactive|trainerredtheog_17 has 120 seconds left.\n|\n|t:|1696049109\n|move|p1b: Ogerpon|Follow Me|p1b: Ogerpon\n|-singleturn|p1b: Ogerpon|move: Follow Me\n|move|p2a: Dragapult|U-turn|p1b: Ogerpon\n|-supereffective|p1b: Ogerpon\n|-damage|p1b: Ogerpon|40\/100\n|inactive|trainerredtheog_17 has 120 seconds left.\n|\n|t:|1696049118\n|switch|p2a: Dragonite|Dragonite, F|100\/100|[from] U-turn\n|move|p2b: Gengar|Giga Drain|p1b: Ogerpon\n|-damage|p1b: Ogerpon|7\/100\n|-zpower|p1a: Vaporeon\n|move|p1a: Vaporeon|Z-Celebrate|p1a: Vaporeon|[anim]Celebrate\n|-boost|p1a: Vaporeon|atk|1|[zeffect]\n|-boost|p1a: Vaporeon|def|1|[zeffect]\n|-boost|p1a: Vaporeon|spa|1|[zeffect]\n|-boost|p1a: Vaporeon|spd|1|[zeffect]\n|-boost|p1a: Vaporeon|spe|1|[zeffect]\n|-activate|p1a: Vaporeon|move: Celebrate\n|\n|upkeep\n|turn|2\n|\n|t:|1696049135\n|move|p1b: Ogerpon|Follow Me|p1b: Ogerpon\n|-singleturn|p1b: Ogerpon|move: Follow Me\n|move|p2a: Dragonite|Sunny Day|p2a: Dragonite\n|-weather|SunnyDay\n|move|p2b: Gengar|Sludge Wave|p1b: Ogerpon|[spread] p2a,p1a,p1b\n|-supereffective|p1b: Ogerpon\n|-crit|p1b: Ogerpon\n|-damage|p2a: Dragonite|59\/100\n|-damage|p1a: Vaporeon|88\/100\n|-damage|p1b: Ogerpon|0 fnt\n|-status|p2a: Dragonite|psn\n|faint|p1b: Ogerpon\n|move|p1a: Vaporeon|Baton Pass|p1a: Vaporeon\n|\n|t:|1696049147\n|switch|p1a: Tentacruel|Tentacruel, M|100\/100|[from] Baton Pass\n|\n|-weather|SunnyDay|[upkeep]\n|-damage|p2a: Dragonite|46\/100 psn|[from] psn\n|upkeep\n|\n|t:|1696049159\n|switch|p1b: Persian|Persian-Alola, F|100\/100\n|turn|3\n|\n|t:|1696049177\n|switch|p2a: Dragapult|Dragapult, F|100\/100\n|move|p1a: Tentacruel|Sludge Bomb|p2a: Dragapult\n|-resisted|p2a: Dragapult\n|-damage|p2a: Dragapult|81\/100\n|-start|p1a: Tentacruel|Disable|Sludge Bomb|[from] ability: Cursed Body|[of] p2a: Dragapult\n|move|p1b: Persian|Psych Up|p1a: Tentacruel\n|-copyboost|p1b: Persian|p1a: Tentacruel|[from] move: Psych Up\n|move|p2b: Gengar|Thunderbolt|p1a: Tentacruel\n|-supereffective|p1a: Tentacruel\n|-damage|p1a: Tentacruel|61\/100\n|\n|-weather|SunnyDay|[upkeep]\n|-heal|p1a: Tentacruel|67\/100|[from] item: Leftovers\n|upkeep\n|turn|4\n|\n|t:|1696049202\n|-terastallize|p2a: Dragapult|Steel\n|move|p1b: Persian|Dark Pulse|p2b: Gengar\n|-supereffective|p2b: Gengar\n|-enditem|p2b: Gengar|Focus Sash\n|-damage|p2b: Gengar|1\/100\n|move|p1a: Tentacruel|Dazzling Gleam|p2b: Gengar|[spread] p2a,p2b\n|-resisted|p2a: Dragapult\n|-resisted|p2b: Gengar\n|-damage|p2a: Dragapult|72\/100\n|-damage|p2b: Gengar|0 fnt\n|faint|p2b: Gengar\n|move|p2a: Dragapult|U-turn|p1b: Persian\n|-supereffective|p1b: Persian\n|-damage|p1b: Persian|71\/100\n|-enditem|p1b: Persian|Red Card|[of] p2a: Dragapult\n|drag|p2a: Politoed|Politoed, F|100\/100\n|-weather|RainDance|[from] ability: Drizzle|[of] p2a: Politoed\n|\n|-weather|RainDance|[upkeep]\n|-heal|p1a: Tentacruel|73\/100|[from] item: Leftovers\n|upkeep\n|inactive|trainerredtheog_17 has 120 seconds left.\n|\n|t:|1696049223\n|switch|p2b: Walking Wake|Walking Wake|100\/100\n|turn|5\n|inactive|trainerredtheog_17 has 120 seconds left.\n|\n|t:|1696049248\n|-terastallize|p1b: Persian|Water\n|move|p1b: Persian|Dark Pulse|p2b: Walking Wake\n|-damage|p2b: Walking Wake|66\/100\n|move|p1a: Tentacruel|Dazzling Gleam|p2a: Politoed|[spread] p2a,p2b\n|-supereffective|p2b: Walking Wake\n|-damage|p2a: Politoed|83\/100\n|-damage|p2b: Walking Wake|28\/100\n|cant|p2b: Walking Wake|flinch\n|move|p2a: Politoed|Toxic|p1b: Persian\n|-status|p1b: Persian|tox\n|\n|-weather|RainDance|[upkeep]\n|-heal|p1a: Tentacruel|79\/100|[from] item: Leftovers\n|-heal|p2a: Politoed|89\/100|[from] item: Leftovers\n|-damage|p1b: Persian|65\/100 tox|[from] psn\n|upkeep\n|turn|6\n|raw|<div class=\"broadcast-red\"><b>The server is restarting soon.<\/b><br \/>Please finish your battles quickly. No new battles can be started until the server resets in a few minutes.<\/div>\n|inactive|staff also wants the timer to be on.\n|raw|<div class=\"broadcast-red\"><b>Moderated chat was set to +!<\/b><br \/>Only users of rank + and higher can talk.<\/div>\n|inactive|trainerredtheog_17 has 120 seconds left.\n|\n|t:|1696049294\n|switch|p2a: Dragapult|Dragapult, F, tera:Steel|72\/100\n|move|p1b: Persian|Dark Pulse|p2a: Dragapult\n|-damage|p2a: Dragapult|34\/100\n|move|p1a: Tentacruel|Dazzling Gleam|p2a: Dragapult|[spread] p2a,p2b\n|-resisted|p2a: Dragapult\n|-supereffective|p2b: Walking Wake\n|-damage|p2a: Dragapult|25\/100\n|-damage|p2b: Walking Wake|0 fnt\n|faint|p2b: Walking Wake\n|-end|p2b: Walking Wake|Protosynthesis|[silent]\n|\n|-weather|RainDance|[upkeep]\n|-heal|p1a: Tentacruel|85\/100|[from] item: Leftovers\n|-damage|p1b: Persian|53\/100 tox|[from] psn\n|-end|p1a: Tentacruel|Disable\n|upkeep\n|inactive|trainerredtheog_17 has 90 seconds left.\n|\n|t:|1696049315\n|switch|p2b: Dragonite|Dragonite, F|46\/100 psn\n|turn|7\n|\n|t:|1696049333\n|move|p2b: Dragonite|Extreme Speed|p1a: Tentacruel\n|-damage|p1a: Tentacruel|52\/100\n|move|p2a: Dragapult|Sucker Punch|p1b: Persian\n|-damage|p1b: Persian|39\/100 tox\n|move|p1b: Persian|Dark Pulse|p2b: Dragonite\n|-damage|p2b: Dragonite|0 fnt\n|faint|p2b: Dragonite\n|move|p1a: Tentacruel|Surf|p2a: Dragapult|[spread] p1b,p2a\n|-resisted|p1b: Persian\n|-damage|p1b: Persian|3\/100 tox\n|-damage|p2a: Dragapult|0 fnt\n|-start|p1a: Tentacruel|Disable|Surf|[from] ability: Cursed Body|[of] p2a: Dragapult\n|faint|p2a: Dragapult\n|\n|-weather|RainDance|[upkeep]\n|-heal|p1a: Tentacruel|58\/100|[from] item: Leftovers\n|-damage|p1b: Persian|0 fnt|[from] psn\n|faint|p1b: Persian\n|upkeep\n|inactive|trainerredtheog_17 has 120 seconds left.\n|\n|t:|1696049362\n|switch|p1b: Absol|Absol, F|100\/100\n|switch|p2a: Basculegion|Basculegion, M|100\/100\n|switch|p2b: Politoed|Politoed, F|89\/100\n|-ability|p1b: Absol|Pressure\n|turn|8\n|inactive|trainerredtheog_17 has 120 seconds left.\n|\n|t:|1696049378\n|detailschange|p1b: Absol|Absol-Mega, F\n|-mega|p1b: Absol|Absol|Absolite\n|move|p2a: Basculegion|Last Respects|p1a: Tentacruel\n|-damage|p1a: Tentacruel|0 fnt\n|faint|p1a: Tentacruel\n|move|p1b: Absol|Psych Up|p1: Tentacruel|[notarget]\n|-fail|p1b: Absol\n|move|p2b: Politoed|Toxic|p1b: Absol\n|move|p1b: Absol|Toxic|p2b: Politoed|[from]ability: Magic Bounce\n|-status|p2b: Politoed|tox\n|\n|-weather|none\n|-heal|p2b: Politoed|95\/100 tox|[from] item: Leftovers\n|-damage|p2b: Politoed|89\/100 tox|[from] psn\n|upkeep\n|\n|t:|1696049390\n|switch|p1a: Vaporeon|Vaporeon, M|88\/100\n|turn|9\n|\n|t:|1696049404\n|move|p1b: Absol|Sucker Punch|p2a: Basculegion\n|-supereffective|p2a: Basculegion\n|-damage|p2a: Basculegion|3\/100\n|move|p2a: Basculegion|Last Respects|p1b: Absol\n|-resisted|p1b: Absol\n|-damage|p1b: Absol|0 fnt\n|faint|p1b: Absol\n|move|p1a: Vaporeon|Toxic|p2a: Basculegion\n|-status|p2a: Basculegion|tox\n|move|p2b: Politoed|Toxic|p1a: Vaporeon\n|-status|p1a: Vaporeon|tox\n|\n|-heal|p2b: Politoed|95\/100 tox|[from] item: Leftovers\n|-damage|p2a: Basculegion|0 fnt|[from] psn\n|faint|p2a: Basculegion\n|-damage|p1a: Vaporeon|82\/100 tox|[from] psn\n|-damage|p2b: Politoed|83\/100 tox|[from] psn\n|upkeep\n|\n|t:|1696049417\n|switch|p1b: Jellicent|Jellicent, F|100\/100\n|turn|10\n|\n|t:|1696049425\n|move|p1a: Vaporeon|Surf|p2b: Politoed|[spread] p2b\n|-immune|p1b: Jellicent|[from] ability: Water Absorb\n|-resisted|p2b: Politoed\n|-damage|p2b: Politoed|72\/100 tox\n|move|p1b: Jellicent|Giga Drain|p2b: Politoed\n|-supereffective|p2b: Politoed\n|-crit|p2b: Politoed\n|-damage|p2b: Politoed|18\/100 tox\n|move|p2b: Politoed|Toxic|p1b: Jellicent\n|-status|p1b: Jellicent|tox\n|\n|-heal|p2b: Politoed|24\/100 tox|[from] item: Leftovers\n|-damage|p1a: Vaporeon|69\/100 tox|[from] psn\n|-damage|p1b: Jellicent|94\/100 tox|[from] psn\n|-damage|p2b: Politoed|5\/100 tox|[from] psn\n|upkeep\n|turn|11\n|\n|t:|1696049441\n|move|p1a: Vaporeon|Surf|p2b: Politoed|[spread] p2b\n|-heal|p1b: Jellicent|100\/100 tox|[from] ability: Water Absorb|[of] p1a: Vaporeon\n|-resisted|p2b: Politoed\n|-damage|p2b: Politoed|0 fnt\n|faint|p2b: Politoed\n|\n|win|Numa no Kage\n|raw|Numa no Kage's rating: 1182 &rarr; <strong>1205<\/strong><br \/>(+23 for winning)\n|raw|trainerredtheog_17's rating: 1153 &rarr; <strong>1130<\/strong><br \/>(-23 for losing)\n|l|\u2606trainerredtheog_17\n","uploadtime":1696049457,"views":9,"p1id":"numanokage","p2id":"trainerredtheog17","formatid":"gen9nationaldexdoubles","rating":1130,"private":0,"password":""}