{"id":"gen9nationaldexdoubles-1981471513","p1":"Sakura the blossom","p2":"KraNyan","format":"[Gen 9] National Dex Doubles","log":"|j|\u2606Sakura the blossom\n|j|\u2606KraNyan\n|t:|1698902081\n|gametype|doubles\n|player|p1|Sakura the blossom|caitlin|\n|player|p2|KraNyan|1|\n|teamsize|p1|6\n|teamsize|p2|6\n|gen|9\n|tier|[Gen 9] National Dex Doubles\n|rule|HP Percentage Mod: HP is shown in percentages\n|rule|Endless Battle Clause: Forcing endless battles is banned\n|rule|OHKO Clause: OHKO moves are banned\n|rule|Evasion Moves Clause: Evasion moves are banned\n|rule|Evasion Abilities Clause: Evasion abilities are banned\n|rule|Species Clause: Limit one of each Pok\u00e9mon\n|rule|Gravity Sleep Clause: The combination of sleep-inducing moves with imperfect accuracy and Gravity or Gigantamax Orbeetle are banned\n|clearpoke\n|poke|p1|Hatterene, F|\n|poke|p1|Indeedee-F, F|\n|poke|p1|Reuniclus, F|\n|poke|p1|Musharna, F|\n|poke|p1|Mawile, F|\n|poke|p1|Pangoro, M|\n|poke|p2|Meowscarada, F|\n|poke|p2|Krookodile, F|\n|poke|p2|Sinistcha-Masterpiece|\n|poke|p2|Oranguru, F|\n|poke|p2|Riolu, F|\n|poke|p2|Golem, M|\n|teampreview\n|inactive|Battle timer is ON: inactive players will automatically lose when time's up. (requested by Sakura the blossom)\n|c|\u2606KraNyan|Oo\n|c|\u2606Sakura the blossom|Explosion i see\n|c|\u2606KraNyan|Ehe\n|\n|t:|1698902104\n|start\n|switch|p1a: Indeedee|Indeedee-F, F, shiny|100\/100\n|switch|p1b: Pangoro|Pangoro, M|100\/100\n|switch|p2a: Riolu|Riolu, F|100\/100\n|switch|p2b: Golem|Golem, M|100\/100\n|-fieldstart|move: Psychic Terrain|[from] ability: Psychic Surge|[of] p1a: Indeedee\n|-enditem|p1a: Indeedee|Psychic Seed\n|-boost|p1a: Indeedee|spd|1|[from] item: Psychic Seed\n|turn|1\n|c|\u2606KraNyan|The old scery team\n|\n|t:|1698902122\n|switch|p1a: Mawile|Mawile, F|100\/100\n|-ability|p1a: Mawile|Intimidate|boost\n|-unboost|p2a: Riolu|atk|1\n|-unboost|p2b: Golem|atk|1\n|move|p2a: Riolu|Helping Hand|p2b: Golem\n|-singleturn|p2b: Golem|Helping Hand|[of] p2a: Riolu\n|move|p2b: Golem|Explosion|p1a: Mawile|[spread] p2a,p1a,p1b\n|-resisted|p1a: Mawile\n|-crit|p1b: Pangoro\n|-enditem|p2a: Riolu|Focus Sash\n|-damage|p2a: Riolu|1\/100\n|-damage|p1a: Mawile|31\/100\n|-damage|p1b: Pangoro|0 fnt\n|faint|p2b: Golem\n|faint|p1b: Pangoro\n|\n|upkeep\n|\n|t:|1698902142\n|switch|p2b: Sinistcha|Sinistcha-Masterpiece|100\/100\n|switch|p1b: Indeedee|Indeedee-F, F, shiny|100\/100\n|-heal|p2a: Riolu|26\/100|[from] ability: Hospitality|[of] p2b: Sinistcha\n|turn|2\n|\n|t:|1698902154\n|switch|p1a: Reuniclus|Reuniclus, F, shiny|100\/100\n|move|p2a: Riolu|Follow Me|p2a: Riolu\n|-singleturn|p2a: Riolu|move: Follow Me\n|move|p2b: Sinistcha|Nasty Plot|p2b: Sinistcha\n|-boost|p2b: Sinistcha|spa|2\n|move|p1b: Indeedee|Trick Room|p1b: Indeedee\n|-fieldstart|move: Trick Room|[of] p1b: Indeedee\n|\n|upkeep\n|turn|3\n|\n|t:|1698902172\n|move|p2a: Riolu|Helping Hand|p2b: Sinistcha\n|-singleturn|p2b: Sinistcha|Helping Hand|[of] p2a: Riolu\n|move|p1a: Reuniclus|Expanding Force|p2b: Sinistcha|[spread] p2a,p2b\n|-supereffective|p2a: Riolu\n|-damage|p2a: Riolu|0 fnt\n|-damage|p2b: Sinistcha|3\/100\n|-enditem|p2b: Sinistcha|Sitrus Berry|[eat]\n|-heal|p2b: Sinistcha|28\/100|[from] item: Sitrus Berry\n|faint|p2a: Riolu\n|move|p1b: Indeedee|Psychic|p2b: Sinistcha\n|-damage|p2b: Sinistcha|0 fnt\n|faint|p2b: Sinistcha\n|\n|upkeep\n|c|\u2606KraNyan|Oh no\n|c|\u2606KraNyan|aaa\n|\n|t:|1698902195\n|switch|p2b: Meowscarada|Meowscarada, F|100\/100\n|switch|p2a: Oranguru|Oranguru, F|100\/100\n|-enditem|p2a: Oranguru|Psychic Seed\n|-boost|p2a: Oranguru|spd|1|[from] item: Psychic Seed\n|turn|4\n|\n|t:|1698902220\n|move|p1b: Indeedee|Follow Me|p1b: Indeedee\n|-singleturn|p1b: Indeedee|move: Follow Me\n|move|p1a: Reuniclus|Flash Cannon|p2b: Meowscarada\n|-damage|p2b: Meowscarada|52\/100\n|move|p2b: Meowscarada|Skill Swap|p1b: Indeedee\n|-activate|p2b: Meowscarada|move: Skill Swap|Psychic Surge|Overgrow|[of] p1b: Indeedee\n|move|p2a: Oranguru|Trick Room|p2a: Oranguru\n|-fieldend|move: Trick Room\n|\n|-heal|p2b: Meowscarada|58\/100|[from] item: Leftovers\n|upkeep\n|turn|5\n|inactive|Sakura the blossom has 270 seconds left.\n|inactive|KraNyan has 270 seconds left.\n|\n|t:|1698902268\n|switch|p2a: Krookodile|Krookodile, F|100\/100\n|move|p2b: Meowscarada|Pollen Puff|p1a: Reuniclus\n|-supereffective|p1a: Reuniclus\n|-damage|p1a: Reuniclus|68\/100\n|move|p1b: Indeedee|Dazzling Gleam|p2a: Krookodile|[spread] p2a,p2b\n|-supereffective|p2a: Krookodile\n|-supereffective|p2b: Meowscarada\n|-damage|p2a: Krookodile|66\/100\n|-damage|p2b: Meowscarada|27\/100\n|move|p1a: Reuniclus|Flash Cannon|p2b: Meowscarada\n|-damage|p2b: Meowscarada|0 fnt\n|faint|p2b: Meowscarada\n|\n|-fieldend|move: Psychic Terrain\n|upkeep\n|\n|t:|1698902271\n|switch|p2b: Oranguru|Oranguru, F|100\/100\n|turn|6\n|c|\u2606KraNyan|AKakaka\n|c|\u2606KraNyan|My whole thing gone\n|c|\u2606Sakura the blossom|Nahhh\n|inactive|KraNyan has 270 seconds left.\n|inactive|Sakura the blossom has 270 seconds left.\n|\n|t:|1698902301\n|move|p2a: Krookodile|Earthquake|p1a: Reuniclus|[spread] p2b,p1a,p1b\n|-damage|p2b: Oranguru|72\/100\n|-damage|p1a: Reuniclus|32\/100\n|-damage|p1b: Indeedee|67\/100\n|move|p2b: Oranguru|Instruct|p2a: Krookodile\n|-singleturn|p2a: Krookodile|move: Instruct|[of] p2b: Oranguru\n|move|p2a: Krookodile|Earthquake|p1a: Reuniclus|[spread] p2b,p1a,p1b\n|-damage|p2b: Oranguru|44\/100\n|-damage|p1a: Reuniclus|0 fnt\n|-damage|p1b: Indeedee|35\/100\n|faint|p1a: Reuniclus\n|move|p1b: Indeedee|Trick Room|p1b: Indeedee\n|-fieldstart|move: Trick Room|[of] p1b: Indeedee\n|\n|upkeep\n|inactive|Sakura the blossom has 270 seconds left.\n|\n|t:|1698902314\n|switch|p1a: Mawile|Mawile, F|31\/100\n|-ability|p1a: Mawile|Intimidate|boost\n|-unboost|p2a: Krookodile|atk|1\n|-fail|p2b: Oranguru|unboost|Attack|[from] ability: Inner Focus|[of] p2b: Oranguru\n|turn|7\n|\n|t:|1698902330\n|detailschange|p1a: Mawile|Mawile-Mega, F\n|-mega|p1a: Mawile|Mawile|Mawilite\n|move|p1a: Mawile|Play Rough|p2a: Krookodile\n|-supereffective|p2a: Krookodile\n|-damage|p2a: Krookodile|0 fnt\n|faint|p2a: Krookodile\n|move|p2b: Oranguru|Instruct|p2: Krookodile|[notarget]\n|-fail|p2b: Oranguru\n|move|p1b: Indeedee|Dazzling Gleam|p2b: Oranguru\n|-damage|p2b: Oranguru|30\/100\n|\n|upkeep\n|turn|8\n|c|\u2606KraNyan|Ono:0\n|c|\u2606Sakura the blossom|Gg\n|c|\u2606KraNyan|Poor monke\n|c|\u2606KraNyan|Gg\n|inactive|KraNyan has 270 seconds left.\n|c|\u2606KraNyan|Is it allowed to use our banned type in our own gym btw\n|\n|t:|1698902364\n|move|p2b: Oranguru|Protect|p2b: Oranguru\n|-singleturn|p2b: Oranguru|Protect\n|move|p1a: Mawile|Iron Head|p2b: Oranguru\n|-activate|p2b: Oranguru|move: Protect\n|move|p1b: Indeedee|Dazzling Gleam|p2b: Oranguru\n|-activate|p2b: Oranguru|move: Protect\n|\n|upkeep\n|turn|9\n|c|\u2606Sakura the blossom|Yes\n|c|\u2606KraNyan|Okaii\n|\n|t:|1698902377\n|move|p2b: Oranguru|Protect||[still]\n|-fail|p2b: Oranguru\n|move|p1a: Mawile|Iron Head|p2b: Oranguru\n|-crit|p2b: Oranguru\n|-damage|p2b: Oranguru|0 fnt\n|faint|p2b: Oranguru\n|\n|win|Sakura the blossom\n|c|\u2606KraNyan|Thanks for telling mwehehe\n","uploadtime":1698902389,"views":11,"p1id":"sakuratheblossom","p2id":"kranyan","formatid":"gen9nationaldexdoubles","rating":0,"private":0,"password":""}