{"id":"gen9nationaldexdoubles-1947583444","p1":"Opal1221","p2":"ewbrammer91","format":"[Gen 9] National Dex Doubles","log":"|j|\u2606Opal1221\n|j|\u2606ewbrammer91\n|t:|1695174857\n|gametype|doubles\n|player|p1|Opal1221|morty|1033\n|player|p2|ewbrammer91|brock|1172\n|teamsize|p1|6\n|teamsize|p2|6\n|gen|9\n|tier|[Gen 9] National Dex Doubles\n|rated|\n|rule|HP Percentage Mod: HP is shown in percentages\n|rule|Endless Battle Clause: Forcing endless battles is banned\n|rule|OHKO Clause: OHKO moves are banned\n|rule|Evasion Moves Clause: Evasion moves are banned\n|rule|Evasion Abilities Clause: Evasion abilities are banned\n|rule|Species Clause: Limit one of each Pok\u00e9mon\n|rule|Gravity Sleep Clause: The combination of sleep-inducing moves with imperfect accuracy and Gravity or Gigantamax Orbeetle are banned\n|clearpoke\n|poke|p1|Feraligatr, M|\n|poke|p1|Crobat, M|\n|poke|p1|Umbreon, M|\n|poke|p1|Gallade, M|\n|poke|p1|Lycanroc-Dusk, M|\n|poke|p1|Lilligant, F|\n|poke|p2|Tyranitar, M|\n|poke|p2|Glimmora, F|\n|poke|p2|Kleavor, F|\n|poke|p2|Lycanroc-Dusk, F|\n|poke|p2|Arcanine-Hisui, M|\n|poke|p2|Tyrantrum, M|\n|teampreview\n|inactive|Battle timer is ON: inactive players will automatically lose when time's up. (requested by ewbrammer91)\n|inactive|Opal1221 also wants the timer to be on.\n|\n|t:|1695174875\n|start\n|switch|p1a: Rocks|Lycanroc-Dusk, M|100\/100\n|switch|p1b: Bandit|Feraligatr, M|100\/100\n|switch|p2a: Tyranitar|Tyranitar, M|100\/100\n|switch|p2b: Kleavor|Kleavor, F|100\/100\n|-weather|Sandstorm|[from] ability: Sand Stream|[of] p2a: Tyranitar\n|turn|1\n|\n|t:|1695174895\n|switch|p2a: Glimmora|Glimmora, F|100\/100\n|move|p1a: Rocks|Close Combat|p2a: Glimmora\n|-damage|p2a: Glimmora|16\/100\n|-unboost|p1a: Rocks|def|1\n|-unboost|p1a: Rocks|spd|1\n|-activate|p2a: Glimmora|ability: Toxic Debris\n|-sidestart|p1: Opal1221|move: Toxic Spikes\n|-enditem|p2a: Glimmora|Red Card|[of] p1a: Rocks\n|drag|p1a: Lotus|Lilligant, F|100\/100\n|-status|p1a: Lotus|psn\n|move|p2b: Kleavor|Stone Axe|p1a: Lotus\n|-damage|p1a: Lotus|5\/100 psn\n|-sidestart|p1: Opal1221|move: Stealth Rock\n|move|p1b: Bandit|Dragon Dance|p1b: Bandit\n|-boost|p1b: Bandit|atk|1\n|-boost|p1b: Bandit|spe|1\n|\n|-weather|Sandstorm|[upkeep]\n|-damage|p1b: Bandit|94\/100|[from] Sandstorm\n|-damage|p1a: Lotus|0 fnt|[from] Sandstorm\n|faint|p1a: Lotus\n|upkeep\n|inactive|Opal1221 has 120 seconds left.\n|\n|t:|1695174927\n|switch|p1a: Rocks|Lycanroc-Dusk, M|100\/100\n|-status|p1a: Rocks|psn\n|-damage|p1a: Rocks|88\/100 psn|[from] Stealth Rock\n|turn|2\n|\n|t:|1695174945\n|move|p1a: Rocks|Iron Head|p2a: Glimmora\n|-supereffective|p2a: Glimmora\n|-damage|p2a: Glimmora|0 fnt\n|-activate|p2a: Glimmora|ability: Toxic Debris\n|-sidestart|p1: Opal1221|move: Toxic Spikes\n|faint|p2a: Glimmora\n|-damage|p1a: Rocks|78\/100 psn|[from] item: Life Orb\n|move|p1b: Bandit|Liquidation|p2b: Kleavor\n|-supereffective|p2b: Kleavor\n|-enditem|p2b: Kleavor|Focus Sash\n|-damage|p2b: Kleavor|1\/100\n|-damage|p1b: Bandit|84\/100|[from] item: Life Orb\n|move|p2b: Kleavor|X-Scissor|p1b: Bandit\n|-damage|p1b: Bandit|7\/100\n|\n|-weather|Sandstorm|[upkeep]\n|-damage|p1b: Bandit|1\/100|[from] Sandstorm\n|-damage|p1a: Rocks|66\/100 psn|[from] psn\n|upkeep\n|inactive|ewbrammer91 has 120 seconds left.\n|\n|t:|1695174967\n|switch|p2a: Lycanroc|Lycanroc-Dusk, F|100\/100\n|turn|3\n|\n|t:|1695174982\n|move|p2a: Lycanroc|Accelerock|p1b: Bandit\n|-crit|p1b: Bandit\n|-damage|p1b: Bandit|0 fnt\n|faint|p1b: Bandit\n|move|p1a: Rocks|Close Combat|p2a: Lycanroc\n|-supereffective|p2a: Lycanroc\n|-damage|p2a: Lycanroc|0 fnt\n|-unboost|p1a: Rocks|def|1\n|-unboost|p1a: Rocks|spd|1\n|faint|p2a: Lycanroc\n|-damage|p1a: Rocks|56\/100 psn|[from] item: Life Orb\n|move|p2b: Kleavor|X-Scissor|p1a: Rocks\n|-damage|p1a: Rocks|0 fnt\n|faint|p1a: Rocks\n|\n|-weather|Sandstorm|[upkeep]\n|upkeep\n|\n|t:|1695175001\n|switch|p2a: Tyrantrum|Tyrantrum, M|100\/100\n|switch|p1a: Hermes|Gallade, M|100\/100\n|switch|p1b: Shadow|Umbreon, M|100\/100\n|-status|p1a: Hermes|tox\n|-damage|p1a: Hermes|94\/100 tox|[from] Stealth Rock\n|turn|4\n|\n|t:|1695175022\n|detailschange|p1a: Hermes|Gallade-Mega, M\n|-mega|p1a: Hermes|Gallade|Galladite\n|move|p1a: Hermes|Sacred Sword|p2a: Tyrantrum\n|-supereffective|p2a: Tyrantrum\n|-damage|p2a: Tyrantrum|4\/100\n|move|p2b: Kleavor|X-Scissor|p1b: Shadow\n|-supereffective|p1b: Shadow\n|-damage|p1b: Shadow|0 fnt\n|faint|p1b: Shadow\n|move|p2a: Tyrantrum|Dragon Tail|p1a: Hermes\n|-damage|p1a: Hermes|60\/100 tox\n|drag|p1a: Poi|Crobat, M|100\/100\n|-damage|p1a: Poi|76\/100|[from] Stealth Rock\n|\n|-weather|Sandstorm|[upkeep]\n|-damage|p1a: Poi|70\/100|[from] Sandstorm\n|-heal|p1a: Poi|76\/100|[from] item: Black Sludge\n|upkeep\n|\n|t:|1695175027\n|switch|p1b: Hermes|Gallade-Mega, M|60\/100 tox\n|-damage|p1b: Hermes|53\/100 tox|[from] Stealth Rock\n|turn|5\n|\n|t:|1695175050\n|move|p1a: Poi|Poison Fang|p2a: Tyrantrum\n|-resisted|p2a: Tyrantrum\n|-damage|p2a: Tyrantrum|0 fnt\n|faint|p2a: Tyrantrum\n|move|p1b: Hermes|Sacred Sword|p2b: Kleavor\n|-damage|p2b: Kleavor|0 fnt\n|faint|p2b: Kleavor\n|\n|-weather|none\n|-heal|p1a: Poi|82\/100|[from] item: Black Sludge\n|-damage|p1b: Hermes|47\/100 tox|[from] psn\n|upkeep\n|\n|t:|1695175064\n|switch|p2b: Tyranitar|Tyranitar, M|100\/100\n|switch|p2a: Arcanine|Arcanine-Hisui, M|100\/100\n|-weather|Sandstorm|[from] ability: Sand Stream|[of] p2b: Tyranitar\n|turn|6\n|inactive|Opal1221 has 120 seconds left.\n|\n|t:|1695175096\n|move|p2a: Arcanine|Extreme Speed|p1b: Hermes\n|-crit|p1b: Hermes\n|-damage|p1b: Hermes|0 fnt\n|faint|p1b: Hermes\n|-damage|p2a: Arcanine|91\/100|[from] item: Life Orb\n|move|p2b: Tyranitar|Knock Off|p1a: Poi\n|-damage|p1a: Poi|24\/100\n|-enditem|p1a: Poi|Black Sludge|[from] move: Knock Off|[of] p2b: Tyranitar\n|move|p1a: Poi|Poison Fang|p2a: Arcanine\n|-resisted|p2a: Arcanine\n|-damage|p2a: Arcanine|79\/100\n|-status|p2a: Arcanine|tox\n|\n|-weather|Sandstorm|[upkeep]\n|-damage|p1a: Poi|17\/100|[from] Sandstorm\n|-damage|p2a: Arcanine|73\/100 tox|[from] psn\n|upkeep\n|turn|7\n|\n|t:|1695175116\n|-terastallize|p1a: Poi|Poison\n|move|p2a: Arcanine|Extreme Speed|p1a: Poi\n|-damage|p1a: Poi|0 fnt\n|faint|p1a: Poi\n|-damage|p2a: Arcanine|63\/100 tox|[from] item: Life Orb\n|\n|win|ewbrammer91\n|raw|Opal1221's rating: 1033 &rarr; <strong>1024<\/strong><br \/>(-9 for losing)\n|raw|ewbrammer91's rating: 1172 &rarr; <strong>1187<\/strong><br \/>(+15 for winning)\n","uploadtime":1695175127,"views":6,"p1id":"opal1221","p2id":"ewbrammer91","formatid":"gen9nationaldexdoubles","rating":1024,"private":0,"password":""}