{"id":"gen9nationaldexdoubles-1977795117","p1":"Olive_Highscore","p2":"JTP2000","format":"[Gen 9] National Dex Doubles","log":"|j|\u2606Olive_Highscore\n|j|\u2606JTP2000\n|t:|1698450519\n|gametype|doubles\n|player|p1|Olive_Highscore|whitney|1422\n|player|p2|JTP2000|raihan|1400\n|teamsize|p1|6\n|teamsize|p2|6\n|gen|9\n|tier|[Gen 9] National Dex Doubles\n|rated|\n|rule|HP Percentage Mod: HP is shown in percentages\n|rule|Endless Battle Clause: Forcing endless battles is banned\n|rule|OHKO Clause: OHKO moves are banned\n|rule|Evasion Moves Clause: Evasion moves are banned\n|rule|Evasion Abilities Clause: Evasion abilities are banned\n|rule|Species Clause: Limit one of each Pok\u00e9mon\n|rule|Gravity Sleep Clause: The combination of sleep-inducing moves with imperfect accuracy and Gravity or Gigantamax Orbeetle are banned\n|clearpoke\n|poke|p1|Gardevoir, F|\n|poke|p1|Diancie|\n|poke|p1|Indeedee-F, F|\n|poke|p1|Amoonguss, M|\n|poke|p1|Gothitelle, F|\n|poke|p1|Grimmsnarl, M|\n|poke|p2|Tyranitar, M|\n|poke|p2|Excadrill, M|\n|poke|p2|Ogerpon-Wellspring, F|\n|poke|p2|Chien-Pao|\n|poke|p2|Tornadus, M|\n|poke|p2|Flutter Mane|\n|teampreview\n|inactive|Battle timer is ON: inactive players will automatically lose when time's up. (requested by Olive_Highscore)\n|\n|t:|1698450533\n|start\n|switch|p1a: Witch|Grimmsnarl, M|100\/100\n|switch|p1b: Ram|Gothitelle, F|100\/100\n|switch|p2a: Flutter Mane|Flutter Mane|100\/100\n|switch|p2b: Tornadus|Tornadus, M|100\/100\n|turn|1\n|l|\u2606Olive_Highscore\n|inactive|Olive_Highscore disconnected and has a minute to reconnect!\n|player|p1|\n|j|\u2606Olive_Highscore\n|inactive|Olive_Highscore reconnected and has 130 seconds left.\n|player|p1|Olive_Highscore|whitney\n|\n|t:|1698450563\n|move|p1a: Witch|Fake Out|p2b: Tornadus\n|-crit|p2b: Tornadus\n|-damage|p2b: Tornadus|75\/100\n|cant|p2b: Tornadus|flinch\n|move|p2a: Flutter Mane|Imprison|p2a: Flutter Mane\n|-start|p2a: Flutter Mane|move: Imprison\n|cant|p1b: Ram|move: Imprison|Trick Room\n|\n|upkeep\n|turn|2\n|\n|t:|1698450584\n|move|p2a: Flutter Mane|Shadow Ball|p1b: Ram\n|-supereffective|p1b: Ram\n|-crit|p1b: Ram\n|-damage|p1b: Ram|16\/100\n|-unboost|p1b: Ram|spd|1\n|move|p2b: Tornadus|Bleakwind Storm|p1b: Ram|[spread] p1a\n|-miss|p2b: Tornadus|p1b: Ram\n|-damage|p1a: Witch|61\/100\n|move|p1b: Ram|Psychic|p2a: Flutter Mane\n|-damage|p2a: Flutter Mane|76\/100\n|move|p1a: Witch|Spirit Break|p2a: Flutter Mane\n|-damage|p2a: Flutter Mane|32\/100\n|-unboost|p2a: Flutter Mane|spa|1\n|\n|-heal|p1b: Ram|22\/100|[from] item: Leftovers\n|upkeep\n|turn|3\n|\n|t:|1698450605\n|move|p1b: Ram|Protect|p1b: Ram\n|-singleturn|p1b: Ram|Protect\n|move|p2a: Flutter Mane|Moonblast|p1a: Witch\n|-supereffective|p1a: Witch\n|-damage|p1a: Witch|5\/100\n|-unboost|p1a: Witch|spa|1\n|move|p2b: Tornadus|Bleakwind Storm|p1a: Witch|[spread] p1a\n|-activate|p1b: Ram|move: Protect\n|-damage|p1a: Witch|0 fnt\n|faint|p1a: Witch\n|\n|-heal|p1b: Ram|28\/100|[from] item: Leftovers\n|upkeep\n|inactive|Olive_Highscore has 120 seconds left.\n|\n|t:|1698450620\n|switch|p1a: Kuroko|Diancie|100\/100\n|turn|4\n|\n|t:|1698450631\n|move|p2b: Tornadus|Taunt|p1a: Kuroko\n|-start|p1a: Kuroko|move: Taunt\n|move|p2a: Flutter Mane|Shadow Ball|p1b: Ram\n|-supereffective|p1b: Ram\n|-damage|p1b: Ram|0 fnt\n|faint|p1b: Ram\n|move|p1a: Kuroko|Diamond Storm|p2a: Flutter Mane|[spread] p2a,p2b\n|-supereffective|p2b: Tornadus\n|-damage|p2a: Flutter Mane|0 fnt\n|-damage|p2b: Tornadus|0 fnt\n|-boost|p1a: Kuroko|def|2\n|faint|p2a: Flutter Mane\n|-end|p2a: Flutter Mane|Protosynthesis|[silent]\n|faint|p2b: Tornadus\n|\n|upkeep\n|\n|t:|1698450636\n|switch|p2a: Lagann|Excadrill, M|100\/100\n|switch|p2b: Gurren|Tyranitar, M|100\/100\n|switch|p1b: Rem|Indeedee-F, F|100\/100\n|-weather|Sandstorm|[from] ability: Sand Stream|[of] p2b: Gurren\n|turn|5\n|\n|t:|1698450654\n|detailschange|p2b: Gurren|Tyranitar-Mega, M\n|-mega|p2b: Gurren|Tyranitar|Tyranitarite\n|move|p2a: Lagann|Iron Head|p1a: Kuroko\n|-supereffective|p1a: Kuroko\n|-damage|p1a: Kuroko|20\/100\n|-enditem|p1a: Kuroko|Weakness Policy\n|-boost|p1a: Kuroko|atk|2|[from] item: Weakness Policy\n|-boost|p1a: Kuroko|spa|2|[from] item: Weakness Policy\n|move|p2b: Gurren|Knock Off|p1b: Rem\n|-supereffective|p1b: Rem\n|-crit|p1b: Rem\n|-damage|p1b: Rem|0 fnt\n|-enditem|p1b: Rem|Safety Goggles|[from] move: Knock Off|[of] p2b: Gurren\n|faint|p1b: Rem\n|move|p1a: Kuroko|Body Press|p2b: Gurren\n|-supereffective|p2b: Gurren\n|-damage|p2b: Gurren|0 fnt\n|faint|p2b: Gurren\n|\n|-weather|Sandstorm|[upkeep]\n|upkeep\n|\n|t:|1698450672\n|switch|p2b: Cheem Pow|Chien-Pao|100\/100\n|switch|p1b: Smore|Amoonguss, M|100\/100\n|-ability|p2b: Cheem Pow|Sword of Ruin\n|turn|6\n|\n|t:|1698450680\n|move|p1b: Smore|Rage Powder|p1b: Smore\n|-singleturn|p1b: Smore|move: Rage Powder\n|-zpower|p2a: Lagann\n|move|p2a: Lagann|Tectonic Rage|p1b: Smore|[zeffect]\n|-damage|p1b: Smore|0 fnt\n|faint|p1b: Smore\n|move|p2b: Cheem Pow|Ice Spinner|p1a: Kuroko\n|-damage|p1a: Kuroko|1\/100\n|move|p1a: Kuroko|Diamond Storm|p2b: Cheem Pow|[spread] p2a,p2b\n|-resisted|p2a: Lagann\n|-supereffective|p2b: Cheem Pow\n|-damage|p2a: Lagann|67\/100\n|-damage|p2b: Cheem Pow|0 fnt\n|-boost|p1a: Kuroko|def|2\n|faint|p2b: Cheem Pow\n|\n|-weather|Sandstorm|[upkeep]\n|-end|p1a: Kuroko|move: Taunt\n|upkeep\n|\n|t:|1698450693\n|switch|p2b: Oni Sister|Ogerpon-Wellspring, F|100\/100\n|switch|p1b: Rikka|Gardevoir, F|100\/100\n|-ability|p1b: Rikka|Sand Rush|[from] ability: Trace|[of] p2a: Lagann\n|turn|7\n|\n|t:|1698450713\n|move|p1a: Kuroko|Protect|p1a: Kuroko\n|-singleturn|p1a: Kuroko|Protect\n|move|p2b: Oni Sister|Follow Me|p2b: Oni Sister\n|-singleturn|p2b: Oni Sister|move: Follow Me\n|move|p2a: Lagann|Iron Head|p1b: Rikka\n|-supereffective|p1b: Rikka\n|-damage|p1b: Rikka|0 fnt\n|faint|p1b: Rikka\n|\n|-weather|Sandstorm|[upkeep]\n|-damage|p2b: Oni Sister|94\/100|[from] Sandstorm\n|upkeep\n|turn|8\n|\n|t:|1698450732\n|move|p2a: Lagann|Iron Head|p1a: Kuroko\n|-supereffective|p1a: Kuroko\n|-damage|p1a: Kuroko|0 fnt\n|faint|p1a: Kuroko\n|\n|win|JTP2000\n|raw|Olive_Highscore's rating: 1422 &rarr; <strong>1401<\/strong><br \/>(-21 for losing)\n|raw|JTP2000's rating: 1400 &rarr; <strong>1421<\/strong><br \/>(+21 for winning)\n|l|\u2606Olive_Highscore\n","uploadtime":1698451132,"views":6,"p1id":"olivehighscore","p2id":"jtp2000","formatid":"gen9nationaldexdoubles","rating":1401,"private":0,"password":""}