{"id":"gen9nationaldexdoubles-1991175695","p1":"NPC At Home","p2":"IsaacDanger7","format":"[Gen 9] National Dex Doubles","log":"|j|\u2606NPC At Home\n|j|\u203dIsaacDanger7\n|t:|1700053678\n|gametype|doubles\n|player|p1|NPC At Home|piers|1432\n|player|p2|IsaacDanger7|101|1334\n|teamsize|p1|6\n|teamsize|p2|6\n|gen|9\n|tier|[Gen 9] National Dex Doubles\n|rated|\n|rule|HP Percentage Mod: HP is shown in percentages\n|rule|Endless Battle Clause: Forcing endless battles is banned\n|rule|OHKO Clause: OHKO moves are banned\n|rule|Evasion Moves Clause: Evasion moves are banned\n|rule|Evasion Abilities Clause: Evasion abilities are banned\n|rule|Species Clause: Limit one of each Pok\u00e9mon\n|rule|Gravity Sleep Clause: The combination of sleep-inducing moves with imperfect accuracy and Gravity or Gigantamax Orbeetle are banned\n|clearpoke\n|poke|p1|Tapu Lele|\n|poke|p1|Alakazam, M|\n|poke|p1|Naganadel|\n|poke|p1|Necrozma|\n|poke|p1|Zamazenta-*|\n|poke|p1|Victini|\n|poke|p2|Gliscor, F|\n|poke|p2|Incineroar, M|\n|poke|p2|Rillaboom, F|\n|poke|p2|Tapu Fini|\n|poke|p2|Tornadus-Therian, M|\n|poke|p2|Flutter Mane|\n|teampreview\n|inactive|Battle timer is ON: inactive players will automatically lose when time's up. (requested by NPC At Home)\n|\n|t:|1700053698\n|start\n|switch|p1a: Tapu Lele|Tapu Lele|100\/100\n|switch|p1b: Naganadel|Naganadel|100\/100\n|switch|p2a: Tornadus|Tornadus-Therian, M|100\/100\n|switch|p2b: Rillaboom|Rillaboom, F, shiny|100\/100\n|-fieldstart|move: Grassy Terrain|[from] ability: Grassy Surge|[of] p2b: Rillaboom\n|-fieldstart|move: Psychic Terrain|[from] ability: Psychic Surge|[of] p1a: Tapu Lele\n|turn|1\n|\n|t:|1700053719\n|move|p2b: Rillaboom|Fake Out|p1b: Naganadel\n|-activate|p1b: Naganadel|move: Psychic Terrain\n|move|p1b: Naganadel|Tailwind|p1b: Naganadel\n|-sidestart|p1: NPC At Home|move: Tailwind\n|move|p1a: Tapu Lele|Psychic|p2b: Rillaboom\n|-damage|p2b: Rillaboom|55\/100\n|move|p2a: Tornadus|Tailwind|p2a: Tornadus\n|-sidestart|p2: IsaacDanger7|move: Tailwind\n|\n|upkeep\n|turn|2\n|\n|t:|1700053745\n|move|p1b: Naganadel|Sludge Bomb|p2b: Rillaboom\n|-supereffective|p2b: Rillaboom\n|-damage|p2b: Rillaboom|0 fnt\n|faint|p2b: Rillaboom\n|-ability|p1b: Naganadel|Beast Boost|boost\n|-boost|p1b: Naganadel|spe|1\n|-damage|p1b: Naganadel|91\/100|[from] item: Life Orb\n|move|p1a: Tapu Lele|Psychic|p2a: Tornadus\n|-damage|p2a: Tornadus|44\/100\n|move|p2a: Tornadus|Sludge Wave|p1a: Tapu Lele|[spread] p1a,p1b\n|-supereffective|p1a: Tapu Lele\n|-resisted|p1b: Naganadel\n|-damage|p1a: Tapu Lele|55\/100\n|-damage|p1b: Naganadel|72\/100\n|-status|p1a: Tapu Lele|psn\n|-enditem|p1a: Tapu Lele|Eject Button\n|inactive|NPC At Home has 120 seconds left.\n|\n|t:|1700053767\n|switch|p1a: Necrozma|Necrozma|100\/100\n|\n|-heal|p2a: Tornadus|50\/100|[from] item: Leftovers\n|upkeep\n|\n|t:|1700053774\n|switch|p2b: Flutter Mane|Flutter Mane|100\/100\n|-enditem|p2b: Flutter Mane|Booster Energy\n|-activate|p2b: Flutter Mane|ability: Protosynthesis|[fromitem]\n|-start|p2b: Flutter Mane|protosynthesisspe\n|turn|3\n|\n|t:|1700053792\n|switch|p2a: Tapu Fini|Tapu Fini, shiny|100\/100\n|-fieldstart|move: Misty Terrain|[from] ability: Misty Surge|[of] p2a: Tapu Fini\n|move|p2b: Flutter Mane|Shadow Ball|p1a: Necrozma\n|-supereffective|p1a: Necrozma\n|-damage|p1a: Necrozma|32\/100\n|move|p1b: Naganadel|Sludge Bomb|p2b: Flutter Mane\n|-damage|p2b: Flutter Mane|35\/100\n|-damage|p1b: Naganadel|62\/100|[from] item: Life Orb\n|move|p1a: Necrozma|Meteor Beam||[still]\n|-prepare|p1a: Necrozma|Meteor Beam\n|-boost|p1a: Necrozma|spa|1\n|-enditem|p1a: Necrozma|Power Herb\n|-anim|p1a: Necrozma|Meteor Beam|p2a: Tapu Fini\n|-crit|p2a: Tapu Fini\n|-damage|p2a: Tapu Fini|20\/100\n|\n|upkeep\n|turn|4\n|inactive|IsaacDanger7 has 120 seconds left.\n|\n|t:|1700053824\n|move|p1a: Necrozma|Protect|p1a: Necrozma\n|-singleturn|p1a: Necrozma|Protect\n|move|p2b: Flutter Mane|Shadow Ball|p1a: Necrozma\n|-activate|p1a: Necrozma|move: Protect\n|move|p1b: Naganadel|Sludge Bomb|p2a: Tapu Fini\n|-supereffective|p2a: Tapu Fini\n|-damage|p2a: Tapu Fini|0 fnt\n|faint|p2a: Tapu Fini\n|-ability|p1b: Naganadel|Beast Boost|boost\n|-boost|p1b: Naganadel|spe|1\n|-damage|p1b: Naganadel|52\/100|[from] item: Life Orb\n|\n|-sideend|p1: NPC At Home|move: Tailwind\n|-sideend|p2: IsaacDanger7|move: Tailwind\n|upkeep\n|inactive|IsaacDanger7 has 120 seconds left.\n|\n|t:|1700053831\n|switch|p2a: Incineroar|Incineroar, M|100\/100\n|-ability|p2a: Incineroar|Intimidate|boost\n|-unboost|p1a: Necrozma|atk|1\n|-unboost|p1b: Naganadel|atk|1\n|turn|5\n|\n|t:|1700053846\n|move|p2a: Incineroar|Fake Out|p1b: Naganadel\n|-damage|p1b: Naganadel|30\/100\n|cant|p1b: Naganadel|flinch\n|move|p2b: Flutter Mane|Shadow Ball|p1a: Necrozma\n|-supereffective|p1a: Necrozma\n|-damage|p1a: Necrozma|0 fnt\n|faint|p1a: Necrozma\n|\n|upkeep\n|\n|t:|1700053855\n|switch|p1a: Tapu Lele|Tapu Lele|55\/100 psn\n|-fieldstart|move: Psychic Terrain|[from] ability: Psychic Surge|[of] p1a: Tapu Lele\n|turn|6\n|\n|t:|1700053869\n|move|p1a: Tapu Lele|Protect|p1a: Tapu Lele\n|-singleturn|p1a: Tapu Lele|Protect\n|move|p1b: Naganadel|Sludge Bomb|p2b: Flutter Mane\n|-damage|p2b: Flutter Mane|0 fnt\n|faint|p2b: Flutter Mane\n|-end|p2b: Flutter Mane|Protosynthesis|[silent]\n|-ability|p1b: Naganadel|Beast Boost|boost\n|-boost|p1b: Naganadel|spe|1\n|-damage|p1b: Naganadel|20\/100|[from] item: Life Orb\n|move|p2a: Incineroar|Knock Off|p1a: Tapu Lele\n|-activate|p1a: Tapu Lele|move: Protect\n|\n|-damage|p1a: Tapu Lele|43\/100 psn|[from] psn\n|upkeep\n|\n|t:|1700053880\n|switch|p2b: Tornadus|Tornadus-Therian, M|83\/100\n|turn|7\n|\n|t:|1700053890\n|switch|p1a: Zamazenta|Zamazenta, shiny|100\/100\n|-ability|p1a: Zamazenta|Dauntless Shield|boost\n|-boost|p1a: Zamazenta|def|1\n|move|p1b: Naganadel|Draco Meteor|p2b: Tornadus|[miss]\n|-miss|p1b: Naganadel|p2b: Tornadus\n|move|p2b: Tornadus|Tailwind|p2b: Tornadus\n|-sidestart|p2: IsaacDanger7|move: Tailwind\n|move|p2a: Incineroar|Knock Off|p1a: Zamazenta\n|-resisted|p1a: Zamazenta\n|-damage|p1a: Zamazenta|88\/100\n|-enditem|p1a: Zamazenta|Sitrus Berry|[from] move: Knock Off|[of] p2a: Incineroar\n|\n|-heal|p2b: Tornadus|89\/100|[from] item: Leftovers\n|upkeep\n|turn|8\n|inactive|IsaacDanger7 has 120 seconds left.\n|\n|t:|1700053925\n|move|p1b: Naganadel|Tailwind|p1b: Naganadel\n|-sidestart|p1: NPC At Home|move: Tailwind\n|move|p1a: Zamazenta|Body Press|p2a: Incineroar\n|-supereffective|p2a: Incineroar\n|-damage|p2a: Incineroar|1\/100\n|-enditem|p2a: Incineroar|Sitrus Berry|[eat]\n|-heal|p2a: Incineroar|26\/100|[from] item: Sitrus Berry\n|move|p2b: Tornadus|Bleakwind Storm|p1b: Naganadel|[spread] p1b\n|-miss|p2b: Tornadus|p1a: Zamazenta\n|-damage|p1b: Naganadel|0 fnt\n|faint|p1b: Naganadel\n|move|p2a: Incineroar|Knock Off|p1a: Zamazenta\n|-resisted|p1a: Zamazenta\n|-damage|p1a: Zamazenta|81\/100\n|\n|-heal|p2b: Tornadus|95\/100|[from] item: Leftovers\n|upkeep\n|\n|t:|1700053939\n|switch|p1b: Alakazam|Alakazam, M|100\/100\n|turn|9\n|\n|t:|1700053951\n|detailschange|p1b: Alakazam|Alakazam-Mega, M\n|-mega|p1b: Alakazam|Alakazam|Alakazite\n|-ability|p1b: Alakazam|Intimidate|boost\n|-unboost|p2a: Incineroar|atk|1\n|-unboost|p2b: Tornadus|atk|1\n|-ability|p1b: Alakazam|Intimidate|[from] ability: Trace|[of] p2a: Incineroar\n|move|p1b: Alakazam|Nasty Plot|p1b: Alakazam\n|-boost|p1b: Alakazam|spa|2\n|move|p1a: Zamazenta|Body Press|p2a: Incineroar\n|-supereffective|p2a: Incineroar\n|-damage|p2a: Incineroar|0 fnt\n|faint|p2a: Incineroar\n|move|p2b: Tornadus|Sludge Wave|p1a: Zamazenta|[spread] p1a,p1b\n|-damage|p1a: Zamazenta|62\/100\n|-damage|p1b: Alakazam|72\/100\n|\n|-heal|p2b: Tornadus|100\/100|[from] item: Leftovers\n|upkeep\n|\n|t:|1700053966\n|switch|p2a: Gliscor|Gliscor, F|100\/100\n|turn|10\n|\n|t:|1700053978\n|-terastallize|p2a: Gliscor|Water\n|move|p1b: Alakazam|Expanding Force|p2b: Tornadus|[spread] p2a,p2b\n|-damage|p2a: Gliscor|0 fnt\n|-damage|p2b: Tornadus|0 fnt\n|faint|p2a: Gliscor\n|faint|p2b: Tornadus\n|\n|win|NPC At Home\n|raw|NPC At Home's rating: 1432 &rarr; <strong>1447<\/strong><br \/>(+15 for winning)\n|raw|IsaacDanger7's rating: 1334 &rarr; <strong>1319<\/strong><br \/>(-15 for losing)\n|l|\u203dIsaacDanger7\n","uploadtime":1700054027,"views":31,"p1id":"npcathome","p2id":"isaacdanger7","formatid":"gen9nationaldexdoubles","rating":1319,"private":0,"password":""}