{"id":"gen9nationaldexdoubles-1964785283","p1":"Penter","p2":"YoBuddyTheBaker","format":"[Gen 9] National Dex Doubles","log":"|j|\u2606Penter\n|j|\u2606YoBuddyTheBaker\n|inactive|Battle timer is ON: inactive players will automatically lose when time's up.\n|t:|1697008526\n|gametype|doubles\n|player|p1|Penter|n|\n|player|p2|YoBuddyTheBaker|baker|\n|teamsize|p1|6\n|teamsize|p2|6\n|gen|9\n|tier|[Gen 9] National Dex Doubles\n|rated|Tournament battle\n|rule|HP Percentage Mod: HP is shown in percentages\n|rule|Endless Battle Clause: Forcing endless battles is banned\n|rule|OHKO Clause: OHKO moves are banned\n|rule|Evasion Moves Clause: Evasion moves are banned\n|rule|Evasion Abilities Clause: Evasion abilities are banned\n|rule|Species Clause: Limit one of each Pok\u00e9mon\n|rule|Gravity Sleep Clause: The combination of sleep-inducing moves with imperfect accuracy and Gravity or Gigantamax Orbeetle are banned\n|clearpoke\n|poke|p1|Zygarde|\n|poke|p1|Urshifu-*, F|\n|poke|p1|Politoed, F|\n|poke|p1|Kingdra, M|\n|poke|p1|Metagross|\n|poke|p1|Tornadus, M|\n|poke|p2|Eevee, F|\n|poke|p2|Incineroar, F|\n|poke|p2|Jirachi|\n|poke|p2|Zygarde|\n|poke|p2|Gardevoir, F|\n|poke|p2|Iron Hands|\n|teampreview\n|j| cornpopbad\n|inactive|Penter has 120 seconds left.\n|inactive|YoBuddyTheBaker has 120 seconds left.\n|\n|t:|1697008572\n|start\n|switch|p1a: Politoed|Politoed, F|100\/100\n|switch|p1b: Kingdra|Kingdra, M|100\/100\n|switch|p2a: Jirachi|Jirachi|100\/100\n|switch|p2b: Gardevoir|Gardevoir, F|100\/100\n|-weather|RainDance|[from] ability: Drizzle|[of] p1a: Politoed\n|turn|1\n|j|^GuitarheroVGC\n|\n|t:|1697008599\n|detailschange|p2b: Gardevoir|Gardevoir-Mega, F\n|-mega|p2b: Gardevoir|Gardevoir|Gardevoirite\n|-terastallize|p2a: Jirachi|Water\n|move|p1a: Politoed|Helping Hand|p1b: Kingdra\n|-singleturn|p1b: Kingdra|Helping Hand|[of] p1a: Politoed\n|move|p2b: Gardevoir|Protect|p2b: Gardevoir\n|-singleturn|p2b: Gardevoir|Protect\n|move|p1b: Kingdra|Muddy Water|p2a: Jirachi|[spread] p2a\n|-activate|p2b: Gardevoir|move: Protect\n|-resisted|p2a: Jirachi\n|-damage|p2a: Jirachi|55\/100\n|move|p2a: Jirachi|Trick Room|p2a: Jirachi\n|-fieldstart|move: Trick Room|[of] p2a: Jirachi\n|\n|-weather|RainDance|[upkeep]\n|upkeep\n|turn|2\n|j| Slash Death\n|\n|t:|1697008627\n|switch|p2a: Iron Hands|Iron Hands|100\/100\n|switch|p1b: Metagross|Metagross|100\/100\n|move|p1a: Politoed|Scald|p2b: Gardevoir\n|-damage|p2b: Gardevoir|65\/100\n|move|p2b: Gardevoir|Hyper Voice|p1a: Politoed|[spread] p1a,p1b\n|-resisted|p1b: Metagross\n|-damage|p1a: Politoed|61\/100\n|-damage|p1b: Metagross|70\/100\n|-enditem|p1a: Politoed|Eject Button\n|inactive|Penter has 120 seconds left.\n|\n|t:|1697008664\n|switch|p1a: Zygarde|Zygarde|100\/100\n|-ability|p1a: Zygarde|Aura Break\n|\n|-weather|RainDance|[upkeep]\n|upkeep\n|turn|3\n|inactive|YoBuddyTheBaker has 120 seconds left.\n|\n|t:|1697008706\n|detailschange|p1b: Metagross|Metagross-Mega\n|-mega|p1b: Metagross|Metagross|Metagrossite\n|-terastallize|p1a: Zygarde|Fire\n|move|p2a: Iron Hands|Close Combat|p1b: Metagross\n|-damage|p1b: Metagross|13\/100\n|-unboost|p2a: Iron Hands|def|1\n|-unboost|p2a: Iron Hands|spd|1\n|move|p2b: Gardevoir|Hyper Voice|p1b: Metagross|[spread] p1a,p1b\n|-resisted|p1a: Zygarde\n|-resisted|p1b: Metagross\n|-damage|p1a: Zygarde|77\/100\n|-damage|p1b: Metagross|0 fnt\n|faint|p1b: Metagross\n|move|p1a: Zygarde|Thousand Arrows|p2b: Gardevoir|[spread] p2a,p2b\n|-supereffective|p2a: Iron Hands\n|-damage|p2a: Iron Hands|4\/100\n|-damage|p2b: Gardevoir|8\/100\n|\n|-weather|RainDance|[upkeep]\n|upkeep\n|inactive|Penter has 90 seconds left.\n|\n|t:|1697008735\n|switch|p1b: Politoed|Politoed, F|61\/100\n|turn|4\n|inactive|YoBuddyTheBaker has 120 seconds left.\n|\n|t:|1697008765\n|switch|p1a: Tornadus|Tornadus, M|100\/100\n|move|p2a: Iron Hands|Close Combat|p1b: Politoed\n|-damage|p1b: Politoed|0 fnt\n|-unboost|p2a: Iron Hands|def|1\n|-unboost|p2a: Iron Hands|spd|1\n|faint|p1b: Politoed\n|move|p2b: Gardevoir|Psychic|p1a: Tornadus\n|-damage|p1a: Tornadus|34\/100\n|\n|-weather|RainDance|[upkeep]\n|upkeep\n|inactive|Penter has 90 seconds left.\n|inactive|Penter has 60 seconds left.\n|\n|t:|1697008825\n|switch|p1b: Urshifu|Urshifu-Rapid-Strike, F|100\/100\n|turn|5\n|j| wkx3333\n|inactive|YoBuddyTheBaker has 120 seconds left.\n|\n|t:|1697008855\n|switch|p1b: Zygarde|Zygarde, tera:Fire|77\/100\n|-ability|p1b: Zygarde|Aura Break\n|move|p1a: Tornadus|Protect|p1a: Tornadus\n|-singleturn|p1a: Tornadus|Protect\n|move|p2a: Iron Hands|Close Combat|p1a: Tornadus\n|-activate|p1a: Tornadus|move: Protect\n|move|p2b: Gardevoir|Hyper Voice|p1b: Zygarde|[spread] p1b\n|-activate|p1a: Tornadus|move: Protect\n|-resisted|p1b: Zygarde\n|-damage|p1b: Zygarde|52\/100\n|\n|-weather|none\n|-fieldend|move: Trick Room\n|upkeep\n|turn|6\n|inactive|YoBuddyTheBaker has 120 seconds left.\n|l| wkx3333\n|inactive|Penter has 60 seconds left.\n|\n|t:|1697008895\n|move|p1a: Tornadus|Rain Dance|p1a: Tornadus\n|-weather|RainDance\n|move|p1b: Zygarde|Thousand Arrows|p2b: Gardevoir|[spread] p2a,p2b\n|-supereffective|p2a: Iron Hands\n|-damage|p2a: Iron Hands|0 fnt\n|-damage|p2b: Gardevoir|0 fnt\n|faint|p2a: Iron Hands\n|-end|p2a: Iron Hands|Quark Drive|[silent]\n|faint|p2b: Gardevoir\n|\n|-weather|RainDance|[upkeep]\n|upkeep\n|inactive|YoBuddyTheBaker has 90 seconds left.\n|inactive|YoBuddyTheBaker has 60 seconds left.\n|inactive|YoBuddyTheBaker has 30 seconds left.\n|j| ajdflkasjdf\n|inactive|YoBuddyTheBaker has 20 seconds left.\n|inactive|YoBuddyTheBaker has 15 seconds left.\n|\n|t:|1697009001\n|switch|p2b: Eevee|Eevee, F|100\/100\n|switch|p2a: Incineroar|Incineroar, F|100\/100\n|-ability|p2a: Incineroar|Intimidate|boost\n|-unboost|p1a: Tornadus|atk|1\n|-unboost|p1b: Zygarde|atk|1\n|turn|7\n|inactive|YoBuddyTheBaker has 30 seconds left.\n|inactive|Penter has 60 seconds left.\n|inactive|Penter has 30 seconds left.\n|inactive|Penter has 20 seconds left.\n|\n|t:|1697009062\n|move|p2a: Incineroar|Fake Out|p1b: Zygarde\n|-damage|p1b: Zygarde|43\/100\n|move|p1a: Tornadus|Bleakwind Storm|p2a: Incineroar|[spread] p2a,p2b\n|-damage|p2a: Incineroar|73\/100\n|-damage|p2b: Eevee|44\/100\n|cant|p1b: Zygarde|flinch\n|-zpower|p2b: Eevee\n|move|p2b: Eevee|Extreme Evoboost|p2b: Eevee\n|-boost|p2b: Eevee|atk|2\n|-boost|p2b: Eevee|def|2\n|-boost|p2b: Eevee|spa|2\n|-boost|p2b: Eevee|spd|2\n|-boost|p2b: Eevee|spe|2\n|\n|-weather|RainDance|[upkeep]\n|upkeep\n|turn|8\n|inactive|YoBuddyTheBaker has 30 seconds left.\n|inactive|YoBuddyTheBaker has 20 seconds left.\n|inactive|YoBuddyTheBaker has 15 seconds left.\n|\n|t:|1697009104\n|switch|p2a: Jirachi|Jirachi, tera:Water|55\/100\n|move|p1a: Tornadus|Tailwind|p1a: Tornadus\n|-sidestart|p1: Penter|move: Tailwind\n|move|p1b: Zygarde|Thousand Arrows|p2a: Jirachi|[spread] p2a,p2b\n|-damage|p2a: Jirachi|36\/100\n|-damage|p2b: Eevee|15\/100\n|-enditem|p2a: Jirachi|Sitrus Berry|[eat]\n|-heal|p2a: Jirachi|61\/100|[from] item: Sitrus Berry\n|move|p2b: Eevee|Baton Pass|p2b: Eevee\n|inactive|YoBuddyTheBaker has 20 seconds left this turn.\n|inactive|YoBuddyTheBaker has 15 seconds left.\n|\n|t:|1697009112\n|switch|p2b: Zygarde|Zygarde|100\/100|[from] Baton Pass\n|-ability|p2b: Zygarde|Aura Break\n|\n|-weather|RainDance|[upkeep]\n|upkeep\n|turn|9\n|inactive|Penter has 60 seconds left.\n|inactive|YoBuddyTheBaker has 30 seconds left.\n|\n|t:|1697009140\n|switch|p2a: Incineroar|Incineroar, F|73\/100\n|-ability|p2a: Incineroar|Intimidate|boost\n|-unboost|p1a: Tornadus|atk|1\n|-unboost|p1b: Zygarde|atk|1\n|move|p1a: Tornadus|Bleakwind Storm|p2a: Incineroar|[spread] p2a,p2b\n|-damage|p2a: Incineroar|44\/100\n|-damage|p2b: Zygarde|82\/100\n|-unboost|p2a: Incineroar|spe|1\n|-enditem|p2a: Incineroar|Sitrus Berry|[eat]\n|-heal|p2a: Incineroar|69\/100|[from] item: Sitrus Berry\n|move|p1b: Zygarde|Thousand Arrows|p2a: Incineroar|[spread] p2a,p2b\n|-supereffective|p2a: Incineroar\n|-damage|p2a: Incineroar|30\/100\n|-damage|p2b: Zygarde|74\/100\n|move|p2b: Zygarde|Thousand Arrows|p1b: Zygarde|[spread] p1a,p1b\n|-supereffective|p1b: Zygarde\n|-damage|p1a: Tornadus|0 fnt\n|-damage|p1b: Zygarde|0 fnt\n|faint|p1a: Tornadus\n|faint|p1b: Zygarde\n|\n|-weather|RainDance|[upkeep]\n|upkeep\n|inactive|YoBuddyTheBaker has 30 seconds left this turn.\n|\n|t:|1697009146\n|switch|p1a: Kingdra|Kingdra, M|100\/100\n|switch|p1b: Urshifu|Urshifu-Rapid-Strike, F|100\/100\n|turn|10\n|inactive|Penter has 60 seconds left.\n|inactive|YoBuddyTheBaker has 30 seconds left.\n|inactive|YoBuddyTheBaker has 20 seconds left.\n|inactive|YoBuddyTheBaker has 15 seconds left.\n|inactive|YoBuddyTheBaker has 10 seconds left.\n|inactive|YoBuddyTheBaker has 5 seconds left.\n|\n|t:|1697009198\n|move|p2a: Incineroar|Fake Out|p1b: Urshifu\n|-damage|p1b: Urshifu|90\/100\n|move|p2b: Zygarde|Extreme Speed|p1a: Kingdra\n|-damage|p1a: Kingdra|39\/100\n|move|p1a: Kingdra|Draco Meteor|p2b: Zygarde\n|-supereffective|p2b: Zygarde\n|-damage|p2b: Zygarde|0 fnt\n|-unboost|p1a: Kingdra|spa|2\n|faint|p2b: Zygarde\n|cant|p1b: Urshifu|flinch\n|\n|-weather|none\n|upkeep\n|inactive|YoBuddyTheBaker has 10 seconds left this turn.\n|\n|t:|1697009202\n|switch|p2b: Jirachi|Jirachi, tera:Water|61\/100\n|turn|11\n|inactive|YoBuddyTheBaker has 30 seconds left.\n|inactive|Penter has 60 seconds left.\n|inactive|YoBuddyTheBaker has 20 seconds left.\n|inactive|YoBuddyTheBaker has 15 seconds left.\n|l| cornpopbad\n|inactive|YoBuddyTheBaker has 10 seconds left.\n|\n|t:|1697009229\n|move|p1b: Urshifu|Surging Strikes|p2a: Incineroar\n|-supereffective|p2a: Incineroar\n|-crit|p2a: Incineroar\n|-damage|p2a: Incineroar|0 fnt\n|faint|p2a: Incineroar\n|-hitcount|p2: Incineroar|1\n|move|p1a: Kingdra|Draco Meteor|p2b: Jirachi\n|-damage|p2b: Jirachi|25\/100\n|-unboost|p1a: Kingdra|spa|2\n|move|p2b: Jirachi|Trick Room|p2b: Jirachi\n|-fieldstart|move: Trick Room|[of] p2b: Jirachi\n|\n|-sideend|p1: Penter|move: Tailwind\n|upkeep\n|inactive|YoBuddyTheBaker has 15 seconds left this turn.\n|\n|t:|1697009231\n|switch|p2a: Eevee|Eevee, F|15\/100\n|turn|12\n|inactive|YoBuddyTheBaker has 30 seconds left.\n|\n|t:|1697009242\n|move|p2a: Eevee|Stored Power|p1b: Urshifu\n|-supereffective|p1b: Urshifu\n|-damage|p1b: Urshifu|82\/100\n|move|p2b: Jirachi|Iron Head|p1b: Urshifu\n|-resisted|p1b: Urshifu\n|-damage|p1b: Urshifu|68\/100\n|move|p1a: Kingdra|Draco Meteor|p2b: Jirachi\n|-damage|p2b: Jirachi|0 fnt\n|-unboost|p1a: Kingdra|spa|2\n|faint|p2b: Jirachi\n|cant|p1b: Urshifu|flinch\n|\n|upkeep\n|turn|13\n|\n|t:|1697009251\n|move|p2a: Eevee|Stored Power|p1b: Urshifu\n|-supereffective|p1b: Urshifu\n|-damage|p1b: Urshifu|61\/100\n|move|p1a: Kingdra|Draco Meteor|p2a: Eevee\n|-crit|p2a: Eevee\n|-damage|p2a: Eevee|0 fnt\n|faint|p2a: Eevee\n|\n|win|Penter\n|n|\u2606Penter|penter\n|n|\u2606YoBuddyTheBaker|yobuddythebaker\n|n| GuitarheroVGC|guitarherovgc\n|n| Slash Death|slashdeath\n|n| ajdflkasjdf|ajdflkasjdf\n","uploadtime":1697009257,"views":18,"p1id":"penter","p2id":"yobuddythebaker","formatid":"gen9nationaldexdoubles","rating":0,"private":0,"password":""}