{"id":"gen9nationaldexdoubles-1954239232","p1":"Trapmask","p2":"GambitWasTkn","format":"[Gen 9] National Dex Doubles","log":"|j|\u2606Trapmask\n|j|\u2606GambitWasTkn\n|t:|1695868350\n|gametype|doubles\n|player|p1|Trapmask|169|1000\n|player|p2|GambitWasTkn|170|1000\n|teamsize|p1|6\n|teamsize|p2|6\n|gen|9\n|tier|[Gen 9] National Dex Doubles\n|rated|\n|rule|HP Percentage Mod: HP is shown in percentages\n|rule|Endless Battle Clause: Forcing endless battles is banned\n|rule|OHKO Clause: OHKO moves are banned\n|rule|Evasion Moves Clause: Evasion moves are banned\n|rule|Evasion Abilities Clause: Evasion abilities are banned\n|rule|Species Clause: Limit one of each Pok\u00e9mon\n|rule|Gravity Sleep Clause: The combination of sleep-inducing moves with imperfect accuracy and Gravity or Gigantamax Orbeetle are banned\n|clearpoke\n|poke|p1|Pheromosa|\n|poke|p1|Tapu Lele|\n|poke|p1|Weavile, M|\n|poke|p1|Salamence, M|\n|poke|p1|Aegislash, M|\n|poke|p1|Xurkitree|\n|poke|p2|Clefairy, F|\n|poke|p2|Slowking-Galar, M|\n|poke|p2|Torkoal, M|\n|poke|p2|Gothitelle, F|\n|poke|p2|Clodsire, M|\n|poke|p2|Gholdengo|\n|teampreview\n|\n|t:|1695868363\n|start\n|switch|p1a: Tapu Lele|Tapu Lele|100\/100\n|switch|p1b: Xurkitree|Xurkitree|100\/100\n|switch|p2a: Clefairy|Clefairy, F, shiny|100\/100\n|switch|p2b: Slowking|Slowking-Galar, M, shiny|100\/100\n|-fieldstart|move: Psychic Terrain|[from] ability: Psychic Surge|[of] p1a: Tapu Lele\n|turn|1\n|\n|t:|1695868390\n|move|p2a: Clefairy|Follow Me|p2a: Clefairy\n|-singleturn|p2a: Clefairy|move: Follow Me\n|move|p1a: Tapu Lele|Psyshock|p2a: Clefairy\n|-damage|p2a: Clefairy|59\/100\n|move|p1b: Xurkitree|Tail Glow|p1b: Xurkitree\n|-boost|p1b: Xurkitree|spa|3\n|move|p2b: Slowking|Trick Room|p2b: Slowking\n|-fieldstart|move: Trick Room|[of] p2b: Slowking\n|\n|upkeep\n|turn|2\n|\n|t:|1695868441\n|move|p2a: Clefairy|Helping Hand|p2b: Slowking\n|-singleturn|p2b: Slowking|Helping Hand|[of] p2a: Clefairy\n|move|p2b: Slowking|Eerie Spell|p1b: Xurkitree\n|-damage|p1b: Xurkitree|0 fnt\n|faint|p1b: Xurkitree\n|move|p1a: Tapu Lele|Psyshock|p2b: Slowking\n|-damage|p2b: Slowking|57\/100\n|\n|upkeep\n|\n|t:|1695868451\n|switch|p1b: Aegislash|Aegislash, M|100\/100\n|turn|3\n|\n|t:|1695868475\n|-formechange|p1b: Aegislash|Aegislash-Blade||[from] ability: Stance Change\n|move|p1b: Aegislash|Shadow Sneak|p2b: Slowking\n|-activate|p2b: Slowking|move: Psychic Terrain\n|move|p2b: Slowking|Scald|p1b: Aegislash\n|-damage|p1b: Aegislash|52\/100\n|move|p2a: Clefairy|Life Dew|p2a: Clefairy|[spread] p2a,p2b\n|-heal|p2a: Clefairy|84\/100\n|-heal|p2b: Slowking|82\/100\n|move|p1a: Tapu Lele|Psyshock|p2a: Clefairy\n|-damage|p2a: Clefairy|38\/100\n|\n|upkeep\n|turn|4\n|\n|t:|1695868502\n|move|p2a: Clefairy|Helping Hand|p2b: Slowking\n|-singleturn|p2b: Slowking|Helping Hand|[of] p2a: Clefairy\n|move|p2b: Slowking|Scald|p1a: Tapu Lele\n|-damage|p1a: Tapu Lele|69\/100\n|move|p1b: Aegislash|Iron Head|p2a: Clefairy\n|-supereffective|p2a: Clefairy\n|-damage|p2a: Clefairy|0 fnt\n|faint|p2a: Clefairy\n|move|p1a: Tapu Lele|Psyshock|p2b: Slowking\n|-crit|p2b: Slowking\n|-damage|p2b: Slowking|0 fnt\n|faint|p2b: Slowking\n|\n|upkeep\n|j| your yellow\n|\n|t:|1695868533\n|switch|p2b: Gothitelle|Gothitelle, F, shiny|100\/100\n|switch|p2a: Torkoal|Torkoal, M, shiny|100\/100\n|-weather|SunnyDay|[from] ability: Drought|[of] p2a: Torkoal\n|turn|5\n|\n|t:|1695868549\n|-terastallize|p1a: Tapu Lele|Psychic\n|-formechange|p1b: Aegislash|Aegislash||[from] ability: Stance Change\n|move|p1b: Aegislash|King's Shield|p1b: Aegislash\n|-singleturn|p1b: Aegislash|Protect\n|move|p2a: Torkoal|Overheat|p1b: Aegislash\n|-activate|p1b: Aegislash|move: Protect\n|move|p2b: Gothitelle|Trick|p1a: Tapu Lele\n|-activate|p2b: Gothitelle|move: Trick|[of] p1a: Tapu Lele\n|-item|p1a: Tapu Lele|Choice Scarf|[from] move: Trick\n|-item|p2b: Gothitelle|Assault Vest|[from] move: Trick\n|move|p1a: Tapu Lele|Psyshock|p2b: Gothitelle\n|-resisted|p2b: Gothitelle\n|-damage|p2b: Gothitelle|69\/100\n|\n|-weather|SunnyDay|[upkeep]\n|-fieldend|move: Trick Room\n|-fieldend|move: Psychic Terrain\n|upkeep\n|turn|6\n|\n|t:|1695868586\n|switch|p2b: Gholdengo|Gholdengo|100\/100\n|-formechange|p1b: Aegislash|Aegislash-Blade||[from] ability: Stance Change\n|move|p1b: Aegislash|Shadow Sneak|p2b: Gholdengo\n|-supereffective|p2b: Gholdengo\n|-damage|p2b: Gholdengo|59\/100\n|move|p1a: Tapu Lele|Psyshock|p2a: Torkoal\n|-damage|p2a: Torkoal|63\/100\n|move|p2a: Torkoal|Yawn|p1b: Aegislash\n|-start|p1b: Aegislash|move: Yawn|[of] p2a: Torkoal\n|\n|-weather|SunnyDay|[upkeep]\n|upkeep\n|turn|7\n|\n|t:|1695868611\n|switch|p1a: Salamence|Salamence, M|100\/100\n|-ability|p1a: Salamence|Intimidate|boost\n|-unboost|p2a: Torkoal|atk|1\n|-enditem|p2a: Torkoal|Eject Pack\n|-unboost|p2b: Gholdengo|atk|1\n|\n|t:|1695868623\n|switch|p2a: Clodsire|Clodsire, M|100\/100\n|switch|p1b: Weavile|Weavile, M|100\/100\n|-ability|p1b: Weavile|Pressure\n|move|p2b: Gholdengo|Make It Rain|p1a: Salamence|[spread] p1a,p1b\n|-supereffective|p1b: Weavile\n|-damage|p1a: Salamence|27\/100\n|-damage|p1b: Weavile|0 fnt\n|-unboost|p2b: Gholdengo|spa|1\n|faint|p1b: Weavile\n|\n|-weather|SunnyDay|[upkeep]\n|upkeep\n|\n|t:|1695868639\n|switch|p1b: Aegislash|Aegislash, M|52\/100\n|turn|8\n|\n|t:|1695868655\n|switch|p2b: Torkoal|Torkoal, M, shiny|63\/100\n|detailschange|p1a: Salamence|Salamence-Mega, M\n|-mega|p1a: Salamence|Salamence|Salamencite\n|move|p1b: Aegislash|King's Shield|p1b: Aegislash\n|-singleturn|p1b: Aegislash|Protect\n|move|p1a: Salamence|Return|p2b: Torkoal\n|-damage|p2b: Torkoal|11\/100\n|move|p2a: Clodsire|Toxic Spikes|p1a: Salamence\n|-sidestart|p1: Trapmask|move: Toxic Spikes\n|\n|-weather|SunnyDay|[upkeep]\n|upkeep\n|turn|9\n|\n|t:|1695868690\n|move|p1a: Salamence|Dragon Claw|p2a: Clodsire\n|-damage|p2a: Clodsire|53\/100\n|-formechange|p1b: Aegislash|Aegislash-Blade||[from] ability: Stance Change\n|move|p1b: Aegislash|Sacred Sword|p2a: Clodsire\n|-resisted|p2a: Clodsire\n|-damage|p2a: Clodsire|35\/100\n|move|p2b: Torkoal|Stealth Rock|p1b: Aegislash\n|-sidestart|p1: Trapmask|move: Stealth Rock\n|move|p2a: Clodsire|Iron Head|p1a: Salamence\n|-damage|p1a: Salamence|12\/100\n|\n|-weather|none\n|upkeep\n|turn|10\n|\n|t:|1695868718\n|-formechange|p1b: Aegislash|Aegislash||[from] ability: Stance Change\n|move|p1b: Aegislash|King's Shield|p1b: Aegislash\n|-singleturn|p1b: Aegislash|Protect\n|move|p1a: Salamence|Earthquake|p2b: Torkoal|[spread] p2a,p2b\n|-activate|p1b: Aegislash|move: Protect\n|-supereffective|p2a: Clodsire\n|-supereffective|p2b: Torkoal\n|-damage|p2a: Clodsire|0 fnt\n|-damage|p2b: Torkoal|0 fnt\n|faint|p2a: Clodsire\n|faint|p2b: Torkoal\n|\n|upkeep\n|\n|t:|1695868728\n|switch|p2b: Gothitelle|Gothitelle, F, shiny|69\/100\n|switch|p2a: Gholdengo|Gholdengo|59\/100\n|turn|11\n|\n|t:|1695868742\n|-formechange|p1b: Aegislash|Aegislash-Blade||[from] ability: Stance Change\n|move|p1b: Aegislash|Shadow Sneak|p2b: Gothitelle\n|-supereffective|p2b: Gothitelle\n|-damage|p2b: Gothitelle|29\/100\n|move|p1a: Salamence|Dragon Claw|p2a: Gholdengo\n|-resisted|p2a: Gholdengo\n|-damage|p2a: Gholdengo|39\/100\n|move|p2a: Gholdengo|Nasty Plot|p2a: Gholdengo\n|-boost|p2a: Gholdengo|spa|2\n|move|p2b: Gothitelle|Stored Power|p1a: Salamence\n|-damage|p1a: Salamence|5\/100\n|\n|upkeep\n|turn|12\n|\n|t:|1695868757\n|-formechange|p1b: Aegislash|Aegislash||[from] ability: Stance Change\n|move|p1b: Aegislash|King's Shield|p1b: Aegislash\n|-singleturn|p1b: Aegislash|Protect\n|move|p1a: Salamence|Earthquake|p2b: Gothitelle|[spread] p2a,p2b\n|-activate|p1b: Aegislash|move: Protect\n|-supereffective|p2a: Gholdengo\n|-damage|p2a: Gholdengo|0 fnt\n|-damage|p2b: Gothitelle|0 fnt\n|faint|p2a: Gholdengo\n|faint|p2b: Gothitelle\n|\n|win|Trapmask\n|raw|Trapmask's rating: 1000 &rarr; <strong>1040<\/strong><br \/>(+40 for winning)\n|raw|GambitWasTkn's rating: 1000 &rarr; <strong>1000<\/strong><br \/>(+0 for losing)\n|l|\u2606GambitWasTkn\n","uploadtime":1695868786,"views":13,"p1id":"trapmask","p2id":"gambitwastkn","formatid":"gen9nationaldexdoubles","rating":1000,"private":0,"password":""}