{"id":"gen9nationaldexdoubles-1976090288","p1":"lxvliiz","p2":"Skyhero752","format":"[Gen 9] National Dex Doubles","log":"|j|\u2606lxvliiz\n|j|\u2606Skyhero752\n|t:|1698262828\n|gametype|doubles\n|player|p1|lxvliiz|gambler|1145\n|player|p2|Skyhero752|sightseer|1215\n|teamsize|p1|6\n|teamsize|p2|6\n|gen|9\n|tier|[Gen 9] National Dex Doubles\n|rated|\n|rule|HP Percentage Mod: HP is shown in percentages\n|rule|Endless Battle Clause: Forcing endless battles is banned\n|rule|OHKO Clause: OHKO moves are banned\n|rule|Evasion Moves Clause: Evasion moves are banned\n|rule|Evasion Abilities Clause: Evasion abilities are banned\n|rule|Species Clause: Limit one of each Pok\u00e9mon\n|rule|Gravity Sleep Clause: The combination of sleep-inducing moves with imperfect accuracy and Gravity or Gigantamax Orbeetle are banned\n|clearpoke\n|poke|p1|Murkrow, F|\n|poke|p1|Jirachi|\n|poke|p1|Volcarona, F|\n|poke|p1|Deoxys-Attack|\n|poke|p1|Regidrago|\n|poke|p1|Cyclizar, F|\n|poke|p2|Sceptile, M|\n|poke|p2|Typhlosion-Hisui, M|\n|poke|p2|Rotom-Wash|\n|poke|p2|Orthworm, F|\n|poke|p2|Kilowattrel, F|\n|poke|p2|Krookodile, F|\n|teampreview\n|\n|t:|1698262843\n|start\n|switch|p1a: Murkrow|Murkrow, F|100\/100\n|switch|p1b: Cyclizar|Cyclizar, F|100\/100\n|switch|p2a: Sceptile|Sceptile, M|100\/100\n|switch|p2b: Typhlosion|Typhlosion-Hisui, M|100\/100\n|-item|p2b: Typhlosion|Air Balloon\n|turn|1\n|\n|t:|1698262853\n|detailschange|p2a: Sceptile|Sceptile-Mega, M\n|-mega|p2a: Sceptile|Sceptile|Sceptilite\n|move|p1a: Murkrow|Tailwind|p1a: Murkrow\n|-sidestart|p1: lxvliiz|move: Tailwind\n|move|p1b: Cyclizar|Shed Tail|p1b: Cyclizar\n|-start|p1b: Cyclizar|Substitute|[from] move: Shed Tail\n|-damage|p1b: Cyclizar|50\/100\n|-enditem|p1b: Cyclizar|Sitrus Berry|[eat]\n|-heal|p1b: Cyclizar|75\/100|[from] item: Sitrus Berry\n|\n|t:|1698262862\n|switch|p1b: Deoxys|Deoxys-Attack|100\/100|[from] Shed Tail\n|-ability|p1b: Deoxys|Pressure\n|move|p2a: Sceptile|Grass Pledge|p1a: Murkrow\n|-waiting|p2a: Sceptile|p2b: Typhlosion\n|move|p2b: Typhlosion|Fire Pledge|p1a: Murkrow|[from]move: Grass Pledge\n|-combine\n|-damage|p1a: Murkrow|17\/100\n|-sidestart|p1: lxvliiz|Fire Pledge\n|\n|-damage|p1b: Deoxys|88\/100|[from] Fire Pledge\n|-damage|p1a: Murkrow|4\/100|[from] Fire Pledge\n|upkeep\n|turn|2\n|\n|t:|1698262884\n|switch|p1a: Jirachi|Jirachi|100\/100\n|move|p1b: Deoxys|Trick||[still]\n|-fail|p1b: Deoxys\n|move|p2a: Sceptile|Dragon Pulse|p1b: Deoxys\n|-end|p1b: Deoxys|Substitute\n|move|p2b: Typhlosion|Infernal Parade|p1b: Deoxys\n|-supereffective|p1b: Deoxys\n|-damage|p1b: Deoxys|0 fnt\n|faint|p1b: Deoxys\n|\n|-damage|p1a: Jirachi|88\/100|[from] Fire Pledge\n|upkeep\n|c|\u2606lxvliiz|wait does it not work behind sub\n|\n|t:|1698262906\n|switch|p1b: Regidrago|Regidrago|100\/100\n|turn|3\n|c|\u2606Skyhero752|what did you try to trick?\n|\n|t:|1698262917\n|-terastallize|p1b: Regidrago|Dragon\n|move|p1a: Jirachi|Follow Me|p1a: Jirachi\n|-singleturn|p1a: Jirachi|move: Follow Me\n|move|p1b: Regidrago|Dragon Energy|p2a: Sceptile|[spread] p2a,p2b\n|-supereffective|p2a: Sceptile\n|-damage|p2a: Sceptile|0 fnt\n|-damage|p2b: Typhlosion|0 fnt\n|-enditem|p2b: Typhlosion|Air Balloon\n|faint|p2a: Sceptile\n|faint|p2b: Typhlosion\n|\n|-damage|p1b: Regidrago|88\/100|[from] Fire Pledge\n|-damage|p1a: Jirachi|76\/100|[from] Fire Pledge\n|upkeep\n|c|\u2606lxvliiz|i had an iron ball\n|c|\u2606lxvliiz|so i was trying to half your speed stat\n|c|\u2606Skyhero752|on who?\n|c|\u2606lxvliiz|sceptile\n|c|\u2606lxvliiz|that 427 is scary\n|c|\u2606Skyhero752|can't trick mega stones\n|\n|t:|1698262951\n|switch|p2a: Rotom|Rotom-Wash|100\/100\n|switch|p2b: Orthworm|Orthworm, F|100\/100\n|turn|4\n|c|\u2606lxvliiz|OHHH\n|c|\u2606lxvliiz|i forgott \ud83d\ude2d\ud83d\ude2d\n|\n|t:|1698262962\n|move|p1a: Jirachi|Follow Me|p1a: Jirachi\n|-singleturn|p1a: Jirachi|move: Follow Me\n|move|p1b: Regidrago|Dragon Energy|p2b: Orthworm|[spread] p2a,p2b\n|-resisted|p2b: Orthworm\n|-damage|p2a: Rotom|2\/100\n|-damage|p2b: Orthworm|30\/100\n|-enditem|p2b: Orthworm|Sitrus Berry|[eat]\n|-heal|p2b: Orthworm|55\/100|[from] item: Sitrus Berry\n|move|p2a: Rotom|Thunder Wave|p1a: Jirachi\n|-status|p1a: Jirachi|par\n|move|p2b: Orthworm|Metal Burst|p1a: Jirachi\n|-damage|p1a: Jirachi|0 fnt\n|faint|p1a: Jirachi\n|\n|-damage|p1b: Regidrago|76\/100|[from] Fire Pledge\n|-heal|p2a: Rotom|9\/100|[from] item: Leftovers\n|-sideend|p1: lxvliiz|move: Tailwind\n|-sideend|p1: lxvliiz|Fire Pledge\n|upkeep\n|\n|t:|1698262967\n|switch|p1a: Volcarona|Volcarona, F|100\/100\n|turn|5\n|\n|t:|1698262990\n|move|p1a: Volcarona|Rage Powder|p1a: Volcarona\n|-singleturn|p1a: Volcarona|move: Rage Powder\n|move|p1b: Regidrago|Dragon Energy|p2b: Orthworm|[spread] p2a,p2b\n|-resisted|p2b: Orthworm\n|-damage|p2a: Rotom|0 fnt\n|-damage|p2b: Orthworm|0 fnt\n|faint|p2a: Rotom\n|faint|p2b: Orthworm\n|\n|upkeep\n|\n|t:|1698262996\n|switch|p2a: Kilowattrel|Kilowattrel, F|100\/100\n|switch|p2b: Krookodile|Krookodile, F|100\/100\n|turn|6\n|\n|t:|1698263020\n|move|p2b: Krookodile|Protect|p2b: Krookodile\n|-singleturn|p2b: Krookodile|Protect\n|move|p1a: Volcarona|Rage Powder|p1a: Volcarona\n|-singleturn|p1a: Volcarona|move: Rage Powder\n|move|p2a: Kilowattrel|Tailwind|p2a: Kilowattrel\n|-sidestart|p2: Skyhero752|move: Tailwind\n|-start|p2a: Kilowattrel|Charge|Tailwind|[from] ability: Wind Power\n|move|p1b: Regidrago|Dragon Energy|p2b: Krookodile|[spread] p2a\n|-activate|p2b: Krookodile|move: Protect\n|-enditem|p2a: Kilowattrel|Focus Sash\n|-damage|p2a: Kilowattrel|1\/100\n|\n|upkeep\n|turn|7\n|\n|t:|1698263055\n|move|p1a: Volcarona|Rage Powder|p1a: Volcarona\n|-singleturn|p1a: Volcarona|move: Rage Powder\n|move|p2a: Kilowattrel|Air Slash|p1a: Volcarona\n|-supereffective|p1a: Volcarona\n|-damage|p1a: Volcarona|60\/100\n|move|p2b: Krookodile|Earthquake|p1b: Regidrago|[spread] p1a,p1b\n|-immune|p2a: Kilowattrel\n|-damage|p1a: Volcarona|17\/100\n|-damage|p1b: Regidrago|33\/100\n|-enditem|p1a: Volcarona|Wiki Berry|[eat]\n|-heal|p1a: Volcarona|50\/100|[from] item: Wiki Berry\n|move|p1b: Regidrago|Dragon Energy|p2a: Kilowattrel|[spread] p2a,p2b\n|-damage|p2a: Kilowattrel|0 fnt\n|-damage|p2b: Krookodile|33\/100\n|faint|p2a: Kilowattrel\n|\n|upkeep\n|turn|8\n|\n|t:|1698263083\n|switch|p1b: Murkrow|Murkrow, F|4\/100\n|switch|p1a: Cyclizar|Cyclizar, F|100\/100\n|-terastallize|p2b: Krookodile|Water\n|move|p2b: Krookodile|Earthquake|p1a: Cyclizar|[spread] p1a\n|-immune|p1b: Murkrow\n|-damage|p1a: Cyclizar|35\/100\n|\n|upkeep\n|turn|9\n|\n|t:|1698263096\n|move|p1b: Murkrow|Tailwind|p1b: Murkrow\n|-sidestart|p1: lxvliiz|move: Tailwind\n|move|p1a: Cyclizar|Acrobatics|p2b: Krookodile\n|-damage|p2b: Krookodile|0 fnt\n|faint|p2b: Krookodile\n|\n|win|lxvliiz\n|raw|lxvliiz's rating: 1145 &rarr; <strong>1175<\/strong><br \/>(+30 for winning)\n|raw|Skyhero752's rating: 1215 &rarr; <strong>1185<\/strong><br \/>(-30 for losing)\n|c|\u2606Skyhero752|gg\n|c|\u2606lxvliiz|gg\n","uploadtime":1698263107,"views":6,"p1id":"lxvliiz","p2id":"skyhero752","formatid":"gen9nationaldexdoubles","rating":1175,"private":0,"password":""}