{"id":"gen9nationaldexdoubles-1963139129","p1":"yxyqnGO","p2":"Old McBruh","format":"[Gen 9] National Dex Doubles","log":"|j|\u2606yxyqnGO\n|j|\u2606Old McBruh\n|t:|1696832192\n|gametype|doubles\n|player|p1|yxyqnGO|pokemonranger-gen4|1400\n|player|p2|Old McBruh|colress|1490\n|teamsize|p1|6\n|teamsize|p2|6\n|gen|9\n|tier|[Gen 9] National Dex Doubles\n|rated|\n|rule|HP Percentage Mod: HP is shown in percentages\n|rule|Endless Battle Clause: Forcing endless battles is banned\n|rule|OHKO Clause: OHKO moves are banned\n|rule|Evasion Moves Clause: Evasion moves are banned\n|rule|Evasion Abilities Clause: Evasion abilities are banned\n|rule|Species Clause: Limit one of each Pok\u00e9mon\n|rule|Gravity Sleep Clause: The combination of sleep-inducing moves with imperfect accuracy and Gravity or Gigantamax Orbeetle are banned\n|clearpoke\n|poke|p1|Walking Wake|\n|poke|p1|Heatran, M|\n|poke|p1|Sableye, F|\n|poke|p1|Cresselia, F|\n|poke|p1|Murkrow, F|\n|poke|p1|Charizard, M|\n|poke|p2|Rillaboom, M|\n|poke|p2|Diancie|\n|poke|p2|Metagross|\n|poke|p2|Zamazenta-*|\n|poke|p2|Marshadow|\n|poke|p2|Cresselia, F|\n|teampreview\n|inactive|Battle timer is ON: inactive players will automatically lose when time's up. (requested by yxyqnGO)\n|c|\u2606Old McBruh|glhf\n|\n|t:|1696832219\n|start\n|switch|p1a: Charizard|Charizard, M|100\/100\n|switch|p1b: Walking Wake|Walking Wake|100\/100\n|switch|p2a: Diancie|Diancie|100\/100\n|switch|p2b: Rillaboom|Rillaboom, M|100\/100\n|-fieldstart|move: Grassy Terrain|[from] ability: Grassy Surge|[of] p2b: Rillaboom\n|turn|1\n|\n|t:|1696832247\n|detailschange|p1a: Charizard|Charizard-Mega-Y, M\n|-mega|p1a: Charizard|Charizard|Charizardite Y\n|-weather|SunnyDay|[from] ability: Drought|[of] p1a: Charizard\n|-activate|p1b: Walking Wake|ability: Protosynthesis\n|-start|p1b: Walking Wake|protosynthesisspe\n|move|p2b: Rillaboom|Fake Out|p1b: Walking Wake\n|-damage|p1b: Walking Wake|86\/100\n|cant|p1b: Walking Wake|flinch\n|move|p1a: Charizard|Heat Wave|p2a: Diancie|[spread] p2a\n|-miss|p1a: Charizard|p2b: Rillaboom\n|-resisted|p2a: Diancie\n|-damage|p2a: Diancie|76\/100\n|move|p2a: Diancie|Moonblast|p1b: Walking Wake\n|-supereffective|p1b: Walking Wake\n|-damage|p1b: Walking Wake|0 fnt\n|faint|p1b: Walking Wake\n|-end|p1b: Walking Wake|Protosynthesis|[silent]\n|\n|-weather|SunnyDay|[upkeep]\n|-heal|p2a: Diancie|82\/100|[from] Grassy Terrain\n|upkeep\n|inactive|yxyqnGO has 120 seconds left.\n|\n|t:|1696832276\n|switch|p1b: Heatran|Heatran, M|100\/100\n|turn|2\n|\n|t:|1696832283\n|switch|p2b: Zamazenta|Zamazenta|100\/100\n|-ability|p2b: Zamazenta|Dauntless Shield|boost\n|-boost|p2b: Zamazenta|def|1\n|move|p2a: Diancie|Protect|p2a: Diancie\n|-singleturn|p2a: Diancie|Protect\n|move|p1a: Charizard|Heat Wave|p2b: Zamazenta|[spread] p2b\n|-activate|p2a: Diancie|move: Protect\n|-damage|p2b: Zamazenta|37\/100\n|move|p1b: Heatran|Flash Cannon|p2a: Diancie\n|-activate|p2a: Diancie|move: Protect\n|\n|-weather|SunnyDay|[upkeep]\n|-heal|p2b: Zamazenta|43\/100|[from] Grassy Terrain\n|-heal|p2a: Diancie|89\/100|[from] Grassy Terrain\n|upkeep\n|turn|3\n|\n|t:|1696832306\n|-terastallize|p1b: Heatran|Fire\n|-terastallize|p2a: Diancie|Water\n|move|p2b: Zamazenta|Wide Guard|p2b: Zamazenta\n|-singleturn|p2b: Zamazenta|Wide Guard\n|move|p1a: Charizard|Heat Wave|p2a: Diancie|[spread] \n|-activate|p2a: Diancie|move: Wide Guard\n|-activate|p2b: Zamazenta|move: Wide Guard\n|move|p1b: Heatran|Eruption|p2a: Diancie|[spread] \n|-activate|p2a: Diancie|move: Wide Guard\n|-activate|p2b: Zamazenta|move: Wide Guard\n|move|p2a: Diancie|Diamond Storm|p1a: Charizard|[spread] p1a,p1b\n|-supereffective|p1a: Charizard\n|-supereffective|p1b: Heatran\n|-damage|p1a: Charizard|0 fnt\n|-damage|p1b: Heatran|43\/100\n|faint|p1a: Charizard\n|\n|-weather|SunnyDay|[upkeep]\n|-heal|p2b: Zamazenta|49\/100|[from] Grassy Terrain\n|-heal|p1b: Heatran|49\/100|[from] Grassy Terrain\n|-heal|p2a: Diancie|95\/100|[from] Grassy Terrain\n|upkeep\n|inactive|yxyqnGO has 120 seconds left.\n|\n|t:|1696832324\n|switch|p1a: Cresselia|Cresselia, F|100\/100\n|turn|4\n|\n|t:|1696832337\n|move|p1b: Heatran|Protect|p1b: Heatran\n|-singleturn|p1b: Heatran|Protect\n|move|p2b: Zamazenta|Coaching|p2a: Diancie\n|-boost|p2a: Diancie|atk|1\n|-boost|p2a: Diancie|def|1\n|move|p1a: Cresselia|Lunar Blessing|p1a: Cresselia|[spread] p1a,p1b\n|-heal|p1b: Heatran|74\/100\n|move|p2a: Diancie|Diamond Storm|p1b: Heatran|[spread] p1a\n|-activate|p1b: Heatran|move: Protect\n|-damage|p1a: Cresselia|73\/100\n|-boost|p2a: Diancie|def|2\n|\n|-weather|SunnyDay|[upkeep]\n|-heal|p2b: Zamazenta|55\/100|[from] Grassy Terrain\n|-heal|p1b: Heatran|80\/100|[from] Grassy Terrain\n|-heal|p1a: Cresselia|79\/100|[from] item: Leftovers\n|-heal|p2a: Diancie|100\/100|[from] Grassy Terrain\n|upkeep\n|turn|5\n|\n|t:|1696832361\n|move|p2b: Zamazenta|Coaching|p2a: Diancie\n|-boost|p2a: Diancie|atk|1\n|-boost|p2a: Diancie|def|1\n|move|p1b: Heatran|Flash Cannon|p2b: Zamazenta\n|-damage|p2b: Zamazenta|14\/100\n|move|p1a: Cresselia|Dazzling Gleam|p2b: Zamazenta|[spread] p2a,p2b\n|-supereffective|p2b: Zamazenta\n|-damage|p2a: Diancie|92\/100\n|-damage|p2b: Zamazenta|0 fnt\n|faint|p2b: Zamazenta\n|move|p2a: Diancie|Body Press|p1b: Heatran\n|-damage|p1b: Heatran|4\/100\n|\n|-weather|none\n|-heal|p1b: Heatran|10\/100|[from] Grassy Terrain\n|-heal|p1a: Cresselia|85\/100|[from] item: Leftovers\n|-heal|p2a: Diancie|98\/100|[from] Grassy Terrain\n|-fieldend|move: Grassy Terrain\n|upkeep\n|\n|t:|1696832379\n|switch|p2b: Rillaboom|Rillaboom, M|100\/100\n|-fieldstart|move: Grassy Terrain|[from] ability: Grassy Surge|[of] p2b: Rillaboom\n|turn|6\n|\n|t:|1696832388\n|move|p1b: Heatran|Protect|p1b: Heatran\n|-singleturn|p1b: Heatran|Protect\n|move|p2b: Rillaboom|Fake Out|p1a: Cresselia\n|-damage|p1a: Cresselia|76\/100\n|cant|p1a: Cresselia|flinch\n|move|p2a: Diancie|Diamond Storm|p1b: Heatran|[spread] p1a\n|-activate|p1b: Heatran|move: Protect\n|-damage|p1a: Cresselia|43\/100\n|\n|-heal|p1b: Heatran|17\/100|[from] Grassy Terrain\n|-heal|p1a: Cresselia|49\/100|[from] item: Leftovers\n|-heal|p2a: Diancie|100\/100|[from] Grassy Terrain\n|upkeep\n|turn|7\n|\n|t:|1696832405\n|move|p1a: Cresselia|Ally Switch|p1a: Cresselia\n|swap|p1a: Cresselia|1|[from] move: Ally Switch\n|move|p1a: Heatran|Heat Wave|p2b: Rillaboom|[spread] p2a,p2b\n|-resisted|p2a: Diancie\n|-supereffective|p2b: Rillaboom\n|-damage|p2a: Diancie|74\/100\n|-damage|p2b: Rillaboom|16\/100\n|move|p2b: Rillaboom|U-turn|p1a: Heatran\n|-resisted|p1a: Heatran\n|-damage|p1a: Heatran|5\/100\n|\n|t:|1696832412\n|switch|p2b: Cresselia|Cresselia, F|100\/100|[from] U-turn\n|move|p2a: Diancie|Diamond Storm|p1b: Cresselia|[spread] p1a,p1b\n|-supereffective|p1a: Heatran\n|-damage|p1a: Heatran|0 fnt\n|-damage|p1b: Cresselia|16\/100\n|-boost|p2a: Diancie|def|2\n|faint|p1a: Heatran\n|\n|-heal|p1b: Cresselia|22\/100|[from] item: Leftovers\n|-heal|p2a: Diancie|80\/100|[from] Grassy Terrain\n|upkeep\n|\n|t:|1696832428\n|switch|p1a: Sableye|Sableye, F|100\/100\n|turn|8\n|-message|yxyqnGO forfeited.\n|\n|win|Old McBruh\n|raw|yxyqnGO's rating: 1400 &rarr; <strong>1385<\/strong><br \/>(-15 for losing)\n|raw|Old McBruh's rating: 1490 &rarr; <strong>1505<\/strong><br \/>(+15 for winning)\n|l|\u2606yxyqnGO\n|j|\u2606yxyqnGO\n|player|p1|yxyqnGO|pokemonranger-gen4\n|l|\u2606yxyqnGO\n|player|p1|\n","uploadtime":1696832438,"views":14,"p1id":"yxyqngo","p2id":"oldmcbruh","formatid":"gen9nationaldexdoubles","rating":1385,"private":0,"password":""}