{"id":"gen9nationaldexdoubles-1955840060","p1":"PatrickMatrix","p2":"Beagles725","format":"[Gen 9] National Dex Doubles","log":"|j|\u2606PatrickMatrix\n|j|\u2606Beagles725\n|t:|1696033615\n|gametype|doubles\n|player|p1|PatrickMatrix|emmet|\n|player|p2|Beagles725|steven|\n|teamsize|p1|6\n|teamsize|p2|6\n|gen|9\n|tier|[Gen 9] National Dex Doubles\n|rule|HP Percentage Mod: HP is shown in percentages\n|rule|Endless Battle Clause: Forcing endless battles is banned\n|rule|OHKO Clause: OHKO moves are banned\n|rule|Evasion Moves Clause: Evasion moves are banned\n|rule|Evasion Abilities Clause: Evasion abilities are banned\n|rule|Species Clause: Limit one of each Pok\u00e9mon\n|rule|Gravity Sleep Clause: The combination of sleep-inducing moves with imperfect accuracy and Gravity or Gigantamax Orbeetle are banned\n|clearpoke\n|poke|p1|Slowbro, M|\n|poke|p1|Miltank, F|\n|poke|p1|Togekiss, M|\n|poke|p1|Gengar, M|\n|poke|p1|Tinkaton, F|\n|poke|p1|Dragonite, F|\n|poke|p2|Delphox, F|\n|poke|p2|Toxtricity, M|\n|poke|p2|Ludicolo, M|\n|poke|p2|Lucario, M|\n|poke|p2|Grimmsnarl, M|\n|poke|p2|Golem, M|\n|teampreview\n|inactive|Battle timer is ON: inactive players will automatically lose when time's up. (requested by Beagles725)\n|inactiveoff|Battle timer is now OFF.\n|j| Mistol\n|j| Joel Leepine\n|j| KillerCage2\n|\n|t:|1696033693\n|start\n|switch|p1a: HUGS|Dragonite, F|100\/100\n|switch|p1b: Cow|Miltank, F|100\/100\n|switch|p2a: Grimmsnarl|Grimmsnarl, M, shiny|100\/100\n|switch|p2b: Lucario|Lucario, M, shiny|100\/100\n|turn|1\n|\n|t:|1696033703\n|move|p2a: Grimmsnarl|Metronome|p2a: Grimmsnarl\n|move|p2a: Grimmsnarl|Triple Dive|p1a: HUGS|[from]move: Metronome\n|-resisted|p1a: HUGS\n|-damage|p1a: HUGS|98\/100\n|-resisted|p1a: HUGS\n|-damage|p1a: HUGS|94\/100\n|-resisted|p1a: HUGS\n|-damage|p1a: HUGS|90\/100\n|-hitcount|p1a: HUGS|3\n|move|p1b: Cow|Metronome|p1b: Cow\n|move|p1b: Cow|Sucker Punch||[from]move: Metronome|[still]\n|-fail|p1b: Cow\n|move|p2b: Lucario|Metronome|p2b: Lucario\n|move|p2b: Lucario|Outrage|p1a: HUGS|[from]move: Metronome\n|-supereffective|p1a: HUGS\n|-crit|p1a: HUGS\n|-damage|p1a: HUGS|0 fnt\n|faint|p1a: HUGS\n|\n|upkeep\n|\n|t:|1696033729\n|switch|p1a: Gremlin|Tinkaton, F|100\/100\n|-ability|p1a: Gremlin|Mold Breaker\n|turn|2\n|\n|t:|1696033734\n|move|p2a: Grimmsnarl|Metronome|p2a: Grimmsnarl\n|move|p2a: Grimmsnarl|Flatter|p1b: Cow|[from]move: Metronome\n|-boost|p1b: Cow|spa|1\n|-start|p1b: Cow|confusion\n|-activate|p1b: Cow|confusion\n|move|p1b: Cow|Metronome|p1b: Cow\n|move|p1b: Cow|Night Daze|p2b: Lucario|[from]move: Metronome\n|-resisted|p2b: Lucario\n|-damage|p2b: Lucario|91\/100\n|move|p2b: Lucario|Outrage|p1a: Gremlin|[from]lockedmove\n|-immune|p1a: Gremlin\n|move|p1a: Gremlin|Metronome|p1a: Gremlin\n|move|p1a: Gremlin|Magical Leaf|p2a: Grimmsnarl|[from]move: Metronome\n|-damage|p2a: Grimmsnarl|90\/100\n|\n|upkeep\n|turn|3\n|\n|t:|1696033750\n|move|p2a: Grimmsnarl|Metronome|p2a: Grimmsnarl\n|move|p2a: Grimmsnarl|Mach Punch|p1a: Gremlin|[from]move: Metronome\n|-damage|p1a: Gremlin|85\/100\n|-activate|p1b: Cow|confusion\n|move|p1b: Cow|Metronome|p1b: Cow\n|move|p1b: Cow|Dragon Tail|p2a: Grimmsnarl|[from]move: Metronome\n|-immune|p2a: Grimmsnarl\n|move|p2b: Lucario|Metronome|p2b: Lucario\n|move|p2b: Lucario|Poison Sting|p1a: Gremlin|[from]move: Metronome\n|-immune|p1a: Gremlin\n|move|p1a: Gremlin|Metronome|p1a: Gremlin\n|move|p1a: Gremlin|Torment|p2a: Grimmsnarl|[from]move: Metronome\n|-start|p2a: Grimmsnarl|Torment\n|\n|upkeep\n|turn|4\n|\n|t:|1696033766\n|switch|p2a: Delphox|Delphox, F, shiny|100\/100\n|-activate|p1b: Cow|confusion\n|move|p1b: Cow|Metronome|p1b: Cow\n|move|p1b: Cow|Fairy Lock|p1b: Cow|[from]move: Metronome\n|-fieldactivate|move: Fairy Lock\n|move|p2b: Lucario|Metronome|p2b: Lucario\n|move|p2b: Lucario|Terrain Pulse|p1b: Cow|[from]move: Metronome\n|-damage|p1b: Cow|85\/100\n|move|p1a: Gremlin|Metronome|p1a: Gremlin\n|move|p1a: Gremlin|Lava Plume|p2a: Delphox|[from]move: Metronome|[spread] p1b,p2a,p2b\n|-resisted|p2a: Delphox\n|-supereffective|p2b: Lucario\n|-damage|p1b: Cow|76\/100\n|-damage|p2a: Delphox|95\/100\n|-damage|p2b: Lucario|63\/100\n|-status|p1b: Cow|brn\n|-status|p2b: Lucario|brn\n|\n|-damage|p1b: Cow|70\/100 brn|[from] brn\n|-damage|p2b: Lucario|57\/100 brn|[from] brn\n|upkeep\n|turn|5\n|\n|t:|1696033786\n|move|p2a: Delphox|Metronome|p2a: Delphox\n|move|p2a: Delphox|Soft-Boiled|p2a: Delphox|[from]move: Metronome\n|-heal|p2a: Delphox|100\/100\n|-end|p1b: Cow|confusion\n|move|p1b: Cow|Metronome|p1b: Cow\n|move|p1b: Cow|Wish|p1b: Cow|[from]move: Metronome\n|move|p2b: Lucario|Metronome|p2b: Lucario\n|move|p2b: Lucario|Flip Turn|p1a: Gremlin|[from]move: Metronome\n|-damage|p1a: Gremlin|75\/100\n|\n|t:|1696033797\n|switch|p2b: Toxtricity|Toxtricity, M, shiny|100\/100|[from] Flip Turn\n|move|p1a: Gremlin|Metronome|p1a: Gremlin\n|move|p1a: Gremlin|Block|p2a: Delphox|[from]move: Metronome\n|-activate|p2a: Delphox|trapped\n|\n|-damage|p1b: Cow|63\/100 brn|[from] brn\n|upkeep\n|turn|6\n|\n|t:|1696033806\n|move|p2a: Delphox|Metronome|p2a: Delphox\n|move|p2a: Delphox|Bullet Seed|p1b: Cow|[from]move: Metronome\n|-damage|p1b: Cow|60\/100 brn\n|-damage|p1b: Cow|57\/100 brn\n|-damage|p1b: Cow|53\/100 brn\n|-hitcount|p1b: Cow|3\n|move|p1b: Cow|Metronome|p1b: Cow\n|move|p1b: Cow|Corrosive Gas|p2b: Toxtricity|[from]move: Metronome|[spread] p1a,p2a,p2b\n|-enditem|p1a: Gremlin|Leppa Berry|[from] move: Corrosive Gas|[of] p1b: Cow\n|-enditem|p2a: Delphox|Leppa Berry|[from] move: Corrosive Gas|[of] p1b: Cow\n|-enditem|p2b: Toxtricity|Leppa Berry|[from] move: Corrosive Gas|[of] p1b: Cow\n|move|p1a: Gremlin|Metronome|p1a: Gremlin\n|move|p1a: Gremlin|Tearful Look|p2b: Toxtricity|[from]move: Metronome\n|-unboost|p2b: Toxtricity|atk|1\n|-unboost|p2b: Toxtricity|spa|1\n|move|p2b: Toxtricity|Metronome|p2b: Toxtricity\n|move|p2b: Toxtricity|Dragon Breath|p1b: Cow|[from]move: Metronome\n|-damage|p1b: Cow|41\/100 brn\n|\n|-heal|p1b: Cow|91\/100 brn|[from] move: Wish|[wisher] Cow\n|-damage|p1b: Cow|85\/100 brn|[from] brn\n|upkeep\n|turn|7\n|\n|t:|1696033824\n|move|p2a: Delphox|Metronome|p2a: Delphox\n|move|p2a: Delphox|Ivy Cudgel|p1b: Cow|[from]move: Metronome\n|-damage|p1b: Cow|71\/100 brn\n|move|p1b: Cow|Metronome|p1b: Cow\n|move|p1b: Cow|Burn Up||[from]move: Metronome|[still]\n|-fail|p1b: Cow|move: Burn Up\n|move|p1a: Gremlin|Metronome|p1a: Gremlin\n|move|p1a: Gremlin|Soak|p2b: Toxtricity|[from]move: Metronome\n|-start|p2b: Toxtricity|typechange|Water\n|move|p2b: Toxtricity|Metronome|p2b: Toxtricity\n|move|p2b: Toxtricity|Memento|p1a: Gremlin|[from]move: Metronome\n|-unboost|p1a: Gremlin|atk|2\n|-unboost|p1a: Gremlin|spa|2\n|faint|p2b: Toxtricity\n|\n|-damage|p1b: Cow|65\/100 brn|[from] brn\n|upkeep\n|\n|t:|1696033840\n|switch|p2b: Grimmsnarl|Grimmsnarl, M, shiny|90\/100\n|turn|8\n|\n|t:|1696033845\n|move|p2b: Grimmsnarl|Metronome|p2b: Grimmsnarl\n|move|p2b: Grimmsnarl|Earthquake|p1b: Cow|[from]move: Metronome|[spread] p2a,p1a,p1b\n|-supereffective|p2a: Delphox\n|-supereffective|p1a: Gremlin\n|-damage|p2a: Delphox|46\/100\n|-damage|p1a: Gremlin|20\/100\n|-damage|p1b: Cow|49\/100 brn\n|move|p2a: Delphox|Metronome|p2a: Delphox\n|move|p2a: Delphox|Double-Edge|p1a: Gremlin|[from]move: Metronome\n|-resisted|p1a: Gremlin\n|-damage|p1a: Gremlin|7\/100\n|-damage|p2a: Delphox|41\/100|[from] Recoil\n|move|p1b: Cow|Metronome|p1b: Cow\n|move|p1b: Cow|Ice Hammer|p2a: Delphox|[from]move: Metronome\n|-resisted|p2a: Delphox\n|-damage|p2a: Delphox|35\/100\n|-unboost|p1b: Cow|spe|1\n|move|p1a: Gremlin|Metronome|p1a: Gremlin\n|move|p1a: Gremlin|Thunder Punch|p2b: Grimmsnarl|[from]move: Metronome\n|-damage|p2b: Grimmsnarl|78\/100\n|\n|-damage|p1b: Cow|43\/100 brn|[from] brn\n|upkeep\n|turn|9\n|\n|t:|1696033864\n|move|p2b: Grimmsnarl|Metronome|p2b: Grimmsnarl\n|move|p2b: Grimmsnarl|Acid Spray|p1b: Cow|[from]move: Metronome\n|-damage|p1b: Cow|32\/100 brn\n|-unboost|p1b: Cow|spd|2\n|move|p2a: Delphox|Metronome|p2a: Delphox\n|move|p2a: Delphox|Aqua Ring|p2a: Delphox|[from]move: Metronome\n|-start|p2a: Delphox|Aqua Ring\n|move|p1a: Gremlin|Metronome|p1a: Gremlin\n|move|p1a: Gremlin|Nuzzle|p2a: Delphox|[from]move: Metronome\n|-damage|p2a: Delphox|32\/100\n|-status|p2a: Delphox|par\n|move|p1b: Cow|Metronome|p1b: Cow\n|move|p1b: Cow|Extreme Speed|p2b: Grimmsnarl|[from]move: Metronome\n|-damage|p2b: Grimmsnarl|63\/100\n|\n|-heal|p2a: Delphox|38\/100 par|[from] Aqua Ring\n|-damage|p1b: Cow|26\/100 brn|[from] brn\n|upkeep\n|turn|10\n|\n|t:|1696033882\n|move|p2b: Grimmsnarl|Metronome|p2b: Grimmsnarl\n|move|p2b: Grimmsnarl|Meteor Beam||[from]move: Metronome|[still]\n|-prepare|p2b: Grimmsnarl|Meteor Beam\n|-boost|p2b: Grimmsnarl|spa|1\n|move|p1a: Gremlin|Metronome|p1a: Gremlin\n|move|p1a: Gremlin|Power Trick|p1a: Gremlin|[from]move: Metronome\n|-start|p1a: Gremlin|Power Trick\n|move|p1b: Cow|Metronome|p1b: Cow\n|move|p1b: Cow|Acrobatics|p2b: Grimmsnarl|[from]move: Metronome\n|-crit|p2b: Grimmsnarl\n|-damage|p2b: Grimmsnarl|53\/100\n|move|p2a: Delphox|Metronome|p2a: Delphox\n|move|p2a: Delphox|Syrup Bomb|p1b: Cow|[from]move: Metronome\n|-damage|p1b: Cow|0 fnt\n|faint|p1b: Cow\n|\n|-heal|p2a: Delphox|44\/100 par|[from] Aqua Ring\n|upkeep\n|\n|t:|1696033899\n|switch|p1b: Epimetheus|Slowbro, M, shiny|100\/100\n|turn|11\n|\n|t:|1696033905\n|move|p1a: Gremlin|Metronome|p1a: Gremlin\n|move|p1a: Gremlin|Aromatic Mist|p1b: Epimetheus|[from]move: Metronome\n|-boost|p1b: Epimetheus|spd|1\n|move|p2b: Grimmsnarl|Meteor Beam|p1b: Epimetheus|[from]lockedmove\n|-damage|p1b: Epimetheus|71\/100\n|move|p2a: Delphox|Metronome|p2a: Delphox\n|move|p2a: Delphox|Freeze-Dry|p1a: Gremlin|[from]move: Metronome\n|-resisted|p1a: Gremlin\n|-damage|p1a: Gremlin|0 fnt\n|faint|p1a: Gremlin\n|move|p1b: Epimetheus|Metronome|p1b: Epimetheus\n|move|p1b: Epimetheus|Flip Turn|p2b: Grimmsnarl|[from]move: Metronome\n|-damage|p2b: Grimmsnarl|30\/100\n|\n|t:|1696033918\n|switch|p1b: Icarus|Togekiss, M|100\/100|[from] Flip Turn\n|\n|-heal|p2a: Delphox|50\/100 par|[from] Aqua Ring\n|upkeep\n|\n|t:|1696033922\n|switch|p1a: Thanathos|Gengar, M|100\/100\n|turn|12\n|\n|t:|1696033927\n|move|p2b: Grimmsnarl|Metronome|p2b: Grimmsnarl\n|move|p2b: Grimmsnarl|X-Scissor|p1a: Thanathos|[from]move: Metronome\n|-resisted|p1a: Thanathos\n|-damage|p1a: Thanathos|89\/100\n|move|p1a: Thanathos|Metronome|p1a: Thanathos\n|move|p1a: Thanathos|Sucker Punch||[from]move: Metronome|[still]\n|-fail|p1a: Thanathos\n|move|p1b: Icarus|Metronome|p1b: Icarus\n|move|p1b: Icarus|Metal Sound|p2b: Grimmsnarl|[from]move: Metronome\n|-unboost|p2b: Grimmsnarl|spd|2\n|move|p2a: Delphox|Metronome|p2a: Delphox\n|move|p2a: Delphox|Dragon Tail|p1b: Icarus|[from]move: Metronome\n|-immune|p1b: Icarus\n|\n|-heal|p2a: Delphox|56\/100 par|[from] Aqua Ring\n|upkeep\n|turn|13\n|\n|t:|1696033943\n|move|p2b: Grimmsnarl|Metronome|p2b: Grimmsnarl\n|move|p2b: Grimmsnarl|Shell Side Arm|p1b: Icarus|[from]move: Metronome|[anim] Shell Side Arm Physical\n|-supereffective|p1b: Icarus\n|-damage|p1b: Icarus|48\/100\n|-hint|Physical Shell Side Arm\n|move|p1a: Thanathos|Metronome|p1a: Thanathos\n|move|p1a: Thanathos|Tailwind|p1a: Thanathos|[from]move: Metronome\n|-sidestart|p1: PatrickMatrix|move: Tailwind\n|move|p1b: Icarus|Metronome|p1b: Icarus\n|move|p1b: Icarus|Horn Attack|p2a: Delphox|[from]move: Metronome\n|-damage|p2a: Delphox|45\/100 par\n|cant|p2a: Delphox|par\n|\n|-heal|p2a: Delphox|51\/100 par|[from] Aqua Ring\n|upkeep\n|turn|14\n|\n|t:|1696033956\n|move|p2b: Grimmsnarl|Metronome|p2b: Grimmsnarl\n|move|p2b: Grimmsnarl|Infestation|p1a: Thanathos|[from]move: Metronome\n|-resisted|p1a: Thanathos\n|-damage|p1a: Thanathos|86\/100\n|-activate|p1a: Thanathos|move: Infestation|[of] p2b: Grimmsnarl\n|-start|p2b: Grimmsnarl|Disable|Metronome|[from] ability: Cursed Body|[of] p1a: Thanathos\n|move|p1a: Thanathos|Metronome|p1a: Thanathos\n|move|p1a: Thanathos|Gravity|p1a: Thanathos|[from]move: Metronome\n|-fieldstart|move: Gravity\n|move|p1b: Icarus|Metronome|p1b: Icarus\n|move|p1b: Icarus|Imprison|p1b: Icarus|[from]move: Metronome\n|-start|p1b: Icarus|move: Imprison\n|cant|p2a: Delphox|move: Imprison|Metronome\n|\n|-heal|p2a: Delphox|57\/100 par|[from] Aqua Ring\n|-damage|p1a: Thanathos|74\/100|[from] move: Infestation|[partiallytrapped]\n|upkeep\n|turn|15\n|\n|t:|1696033972\n|switch|p2a: Ludicolo|Ludicolo, M, shiny|100\/100\n|move|p1a: Thanathos|Metronome|p1a: Thanathos\n|move|p1a: Thanathos|Doom Desire|p2b: Grimmsnarl|[from]move: Metronome\n|-start|p1a: Thanathos|Doom Desire\n|move|p1b: Icarus|Metronome|p1b: Icarus\n|move|p1b: Icarus|Burn Up||[from]move: Metronome|[still]\n|-fail|p1b: Icarus|move: Burn Up\n|-activate|p2b: Grimmsnarl|move: Struggle\n|move|p2b: Grimmsnarl|Struggle|p1b: Icarus\n|-damage|p1b: Icarus|34\/100\n|-damage|p2b: Grimmsnarl|5\/100|[from] recoil\n|\n|-damage|p1a: Thanathos|62\/100|[from] move: Infestation|[partiallytrapped]\n|upkeep\n|turn|16\n|\n|t:|1696033987\n|switch|p2b: Golem|Golem, M, shiny|100\/100\n|move|p1a: Thanathos|Metronome|p1a: Thanathos\n|move|p1a: Thanathos|Aerial Ace|p2a: Ludicolo|[from]move: Metronome\n|-supereffective|p2a: Ludicolo\n|-damage|p2a: Ludicolo|79\/100\n|move|p1b: Icarus|Metronome|p1b: Icarus\n|move|p1b: Icarus|Sheer Cold|p2a: Ludicolo|[from]move: Metronome|[miss]\n|-miss|p1b: Icarus|p2a: Ludicolo\n|-activate|p2a: Ludicolo|move: Struggle\n|move|p2a: Ludicolo|Struggle|p1a: Thanathos\n|-damage|p1a: Thanathos|42\/100\n|-damage|p2a: Ludicolo|54\/100|[from] recoil\n|\n|-end|p1a: Thanathos|Infestation|[partiallytrapped]|[silent]\n|-sideend|p1: PatrickMatrix|move: Tailwind\n|upkeep\n|turn|17\n|\n|t:|1696034004\n|move|p1a: Thanathos|Metronome|p1a: Thanathos\n|move|p1a: Thanathos|Glaive Rush|p2a: Ludicolo|[from]move: Metronome\n|-damage|p2a: Ludicolo|33\/100\n|-singlemove|p1a: Thanathos|Glaive Rush|[silent]\n|move|p1b: Icarus|Metronome|p1b: Icarus\n|move|p1b: Icarus|Icicle Spear|p2a: Ludicolo|[from]move: Metronome\n|-damage|p2a: Ludicolo|29\/100\n|-damage|p2a: Ludicolo|24\/100\n|-hitcount|p2a: Ludicolo|2\n|-activate|p2a: Ludicolo|move: Struggle\n|move|p2a: Ludicolo|Struggle|p1a: Thanathos\n|-damage|p1a: Thanathos|2\/100\n|-damage|p2a: Ludicolo|0 fnt|[from] recoil\n|faint|p2a: Ludicolo\n|-activate|p2b: Golem|move: Struggle\n|move|p2b: Golem|Struggle|p1b: Icarus\n|-damage|p1b: Icarus|19\/100\n|-damage|p2b: Golem|75\/100|[from] recoil\n|\n|-end|p2b: Golem|move: Doom Desire\n|-supereffective|p2b: Golem\n|-damage|p2b: Golem|0 fnt\n|faint|p2b: Golem\n|upkeep\n|\n|t:|1696034024\n|switch|p2a: Lucario|Lucario, M, shiny|57\/100 brn\n|switch|p2b: Delphox|Delphox, F, shiny|57\/100 par\n|turn|18\n|\n|t:|1696034029\n|move|p1a: Thanathos|Metronome|p1a: Thanathos\n|move|p1a: Thanathos|Sing||[from]move: Metronome|[still]\n|-fail|p1a: Thanathos\n|move|p1b: Icarus|Metronome|p1b: Icarus\n|move|p1b: Icarus|Sandsear Storm|p2a: Lucario|[from]move: Metronome|[spread] p2a,p2b\n|-supereffective|p2a: Lucario\n|-supereffective|p2b: Delphox\n|-damage|p2a: Lucario|2\/100 brn\n|-damage|p2b: Delphox|17\/100 par\n|-activate|p2a: Lucario|move: Struggle\n|move|p2a: Lucario|Struggle|p1a: Thanathos\n|-damage|p1a: Thanathos|0 fnt\n|faint|p1a: Thanathos\n|-damage|p2a: Lucario|0 fnt|[from] recoil\n|faint|p2a: Lucario\n|-activate|p2b: Delphox|move: Struggle\n|move|p2b: Delphox|Struggle|p1b: Icarus\n|-damage|p1b: Icarus|10\/100\n|-damage|p2b: Delphox|0 fnt|[from] recoil\n|faint|p2b: Delphox\n|\n|-fieldend|move: Gravity\n|upkeep\n|\n|t:|1696034046\n|switch|p1a: Epimetheus|Slowbro, M, shiny|71\/100\n|switch|p2a: Grimmsnarl|Grimmsnarl, M, shiny|5\/100\n|turn|19\n|\n|t:|1696034051\n|move|p1b: Icarus|Metronome|p1b: Icarus\n|move|p1b: Icarus|Shadow Ball|p2a: Grimmsnarl|[from]move: Metronome\n|-resisted|p2a: Grimmsnarl\n|-damage|p2a: Grimmsnarl|0 fnt\n|faint|p2a: Grimmsnarl\n|\n|win|PatrickMatrix\n","uploadtime":1696034065,"views":32,"p1id":"patrickmatrix","p2id":"beagles725","formatid":"gen9nationaldexdoubles","rating":0,"private":0,"password":""}