{"id":"gen9nationaldexdoubles-1996383274","p1":"luijoroma","p2":"iLoveJujutsuHigh","format":"[Gen 9] National Dex Doubles","log":"|j|\u2606luijoroma\n|j|\u2606iLoveJujutsuHigh\n|t:|1700676813\n|gametype|doubles\n|player|p1|luijoroma|lucas-gen4pt|1064\n|player|p2|iLoveJujutsuHigh|1|1080\n|teamsize|p1|6\n|teamsize|p2|6\n|gen|9\n|tier|[Gen 9] National Dex Doubles\n|rated|\n|rule|HP Percentage Mod: HP is shown in percentages\n|rule|Endless Battle Clause: Forcing endless battles is banned\n|rule|OHKO Clause: OHKO moves are banned\n|rule|Evasion Moves Clause: Evasion moves are banned\n|rule|Evasion Abilities Clause: Evasion abilities are banned\n|rule|Species Clause: Limit one of each Pok\u00e9mon\n|rule|Gravity Sleep Clause: The combination of sleep-inducing moves with imperfect accuracy and Gravity or Gigantamax Orbeetle are banned\n|clearpoke\n|poke|p1|Skeledirge, M|\n|poke|p1|Tinkaton, F|\n|poke|p1|Milotic, F|\n|poke|p1|Baxcalibur, M|\n|poke|p1|Garchomp, M|\n|poke|p1|Iron Valiant|\n|poke|p2|Scream Tail|\n|poke|p2|Ceruledge, M|\n|poke|p2|Palafin, M|\n|poke|p2|Amoonguss, F|\n|poke|p2|Urshifu-*, M|\n|poke|p2|Sneasler, M|\n|teampreview\n|c|\u2606iLoveJujutsuHigh|do you like cyndaquil\n|\n|t:|1700676890\n|start\n|switch|p1a: Skeledirge|Skeledirge, M|100\/100\n|switch|p1b: Baxcalibur|Baxcalibur, M|100\/100\n|switch|p2a: Sneasler|Sneasler, M, shiny|100\/100\n|switch|p2b: Palafin|Palafin, M, shiny|100\/100\n|turn|1\n|\n|t:|1700676962\n|move|p2a: Sneasler|Close Combat|p1b: Baxcalibur\n|-supereffective|p1b: Baxcalibur\n|-damage|p1b: Baxcalibur|0 fnt\n|-unboost|p2a: Sneasler|def|1\n|-unboost|p2a: Sneasler|spd|1\n|faint|p1b: Baxcalibur\n|move|p2b: Palafin|Wave Crash|p1a: Skeledirge\n|-supereffective|p1a: Skeledirge\n|-damage|p1a: Skeledirge|35\/100\n|-damage|p2b: Palafin|74\/100|[from] Recoil\n|move|p1a: Skeledirge|Torch Song|p2a: Sneasler\n|-damage|p2a: Sneasler|58\/100\n|-boost|p1a: Skeledirge|spa|1\n|\n|-heal|p1a: Skeledirge|41\/100|[from] item: Leftovers\n|upkeep\n|\n|t:|1700676981\n|switch|p1b: Garchomp|Garchomp, M|100\/100\n|turn|2\n|\n|t:|1700677011\n|-terastallize|p2a: Sneasler|Flying\n|move|p2a: Sneasler|Acrobatics|p1a: Skeledirge\n|-damage|p1a: Skeledirge|17\/100\n|move|p2b: Palafin|Wave Crash|p1b: Garchomp\n|-damage|p1b: Garchomp|47\/100\n|-damage|p2b: Palafin|62\/100|[from] ability: Rough Skin|[of] p1b: Garchomp\n|-damage|p2b: Palafin|44\/100|[from] Recoil\n|move|p1b: Garchomp|Scale Shot|p2a: Sneasler\n|-damage|p2a: Sneasler|21\/100\n|-crit|p2a: Sneasler\n|-damage|p2a: Sneasler|0 fnt\n|faint|p2a: Sneasler\n|-hitcount|p2: Sneasler|2\n|-unboost|p1b: Garchomp|def|1\n|-boost|p1b: Garchomp|spe|1\n|move|p1a: Skeledirge|Slack Off|p1a: Skeledirge\n|-heal|p1a: Skeledirge|67\/100\n|\n|-heal|p1a: Skeledirge|73\/100|[from] item: Leftovers\n|upkeep\n|\n|t:|1700677026\n|switch|p2a: Scream Tail|Scream Tail|100\/100\n|turn|3\n|\n|t:|1700677048\n|detailschange|p2b: Palafin|Palafin-Hero, M, shiny\n|switch|p2b: Urshifu|Urshifu-Rapid-Strike, M|100\/100\n|-terastallize|p1b: Garchomp|Steel\n|move|p1b: Garchomp|Poison Jab|p2a: Scream Tail\n|-supereffective|p2a: Scream Tail\n|-damage|p2a: Scream Tail|50\/100\n|move|p2a: Scream Tail|Play Rough|p1b: Garchomp\n|-resisted|p1b: Garchomp\n|-damage|p1b: Garchomp|28\/100\n|-damage|p2a: Scream Tail|38\/100|[from] ability: Rough Skin|[of] p1b: Garchomp\n|move|p1a: Skeledirge|Will-O-Wisp|p2b: Urshifu\n|-status|p2b: Urshifu|brn\n|\n|-heal|p1a: Skeledirge|79\/100|[from] item: Leftovers\n|-damage|p2b: Urshifu|94\/100 brn|[from] brn\n|upkeep\n|turn|4\n|\n|t:|1700677080\n|move|p1b: Garchomp|Dragon Rush|p2b: Urshifu\n|-damage|p2b: Urshifu|41\/100 brn\n|move|p2b: Urshifu|Drain Punch|p1b: Garchomp\n|-supereffective|p1b: Garchomp\n|-damage|p1b: Garchomp|0 fnt\n|-heal|p2b: Urshifu|55\/100 brn|[from] drain|[of] p1b: Garchomp\n|-damage|p2b: Urshifu|43\/100 brn|[from] ability: Rough Skin|[of] p1b: Garchomp\n|faint|p1b: Garchomp\n|move|p2a: Scream Tail|Perish Song|p2a: Scream Tail\n|-start|p1a: Skeledirge|perish3|[silent]\n|-start|p2a: Scream Tail|perish3|[silent]\n|-start|p2b: Urshifu|perish3|[silent]\n|-fieldactivate|move: Perish Song\n|move|p1a: Skeledirge|Slack Off|p1a: Skeledirge\n|-heal|p1a: Skeledirge|100\/100\n|\n|-damage|p2b: Urshifu|37\/100 brn|[from] brn\n|-start|p2b: Urshifu|perish3\n|-start|p2a: Scream Tail|perish3\n|-start|p1a: Skeledirge|perish3\n|upkeep\n|\n|t:|1700677100\n|switch|p1b: Tinkaton|Tinkaton, F|100\/100\n|-ability|p1b: Tinkaton|Mold Breaker\n|turn|5\n|\n|t:|1700677127\n|-end|p2a: Scream Tail|Protosynthesis|[silent]\n|switch|p2a: Ceruledge|Ceruledge, M, shiny|100\/100\n|move|p2b: Urshifu|Drain Punch|p1b: Tinkaton\n|-damage|p1b: Tinkaton|75\/100\n|-heal|p2b: Urshifu|49\/100 brn|[from] drain|[of] p1b: Tinkaton\n|move|p1b: Tinkaton|Gigaton Hammer|p2a: Ceruledge\n|-resisted|p2a: Ceruledge\n|-damage|p2a: Ceruledge|53\/100\n|move|p1a: Skeledirge|Torch Song|p2b: Urshifu\n|-resisted|p2b: Urshifu\n|-damage|p2b: Urshifu|8\/100 brn\n|-boost|p1a: Skeledirge|spa|1\n|\n|-damage|p2b: Urshifu|2\/100 brn|[from] brn\n|-start|p2b: Urshifu|perish2\n|-start|p1a: Skeledirge|perish2\n|upkeep\n|turn|6\n|\n|t:|1700677152\n|move|p2a: Ceruledge|Shadow Sneak|p1b: Tinkaton\n|-damage|p1b: Tinkaton|47\/100\n|move|p2b: Urshifu|Drain Punch|p1a: Skeledirge\n|-immune|p1a: Skeledirge\n|move|p1b: Tinkaton|Play Rough|p2b: Urshifu\n|-supereffective|p2b: Urshifu\n|-damage|p2b: Urshifu|0 fnt\n|faint|p2b: Urshifu\n|move|p1a: Skeledirge|Earth Power|p2a: Ceruledge\n|-supereffective|p2a: Ceruledge\n|-damage|p2a: Ceruledge|0 fnt\n|faint|p2a: Ceruledge\n|\n|-start|p1a: Skeledirge|perish1\n|upkeep\n|\n|t:|1700677173\n|switch|p2a: Amoonguss|Amoonguss, F, shiny|100\/100\n|switch|p2b: Palafin|Palafin-Hero, M, shiny|44\/100\n|-activate|p2b: Palafin|ability: Zero to Hero\n|turn|7\n|\n|t:|1700677185\n|move|p2b: Palafin|Close Combat|p1b: Tinkaton\n|-damage|p1b: Tinkaton|0 fnt\n|-unboost|p2b: Palafin|def|1\n|-unboost|p2b: Palafin|spd|1\n|faint|p1b: Tinkaton\n|move|p1a: Skeledirge|Torch Song|p2a: Amoonguss\n|-supereffective|p2a: Amoonguss\n|-damage|p2a: Amoonguss|22\/100\n|-boost|p1a: Skeledirge|spa|1\n|move|p2a: Amoonguss|Spore|p1a: Skeledirge\n|-status|p1a: Skeledirge|slp|[from] move: Spore\n|\n|-start|p1a: Skeledirge|perish0\n|upkeep\n|faint|p1a: Skeledirge\n|\n|t:|1700677206\n|switch|p1b: Iron Valiant|Iron Valiant|100\/100\n|switch|p1a: Milotic|Milotic, F|100\/100\n|-enditem|p1b: Iron Valiant|Booster Energy\n|-activate|p1b: Iron Valiant|ability: Quark Drive|[fromitem]\n|-start|p1b: Iron Valiant|quarkdrivespe\n|turn|8\n|\n|t:|1700677223\n|move|p1b: Iron Valiant|Moonblast|p2b: Palafin\n|-damage|p2b: Palafin|0 fnt\n|faint|p2b: Palafin\n|move|p1a: Milotic|Ice Beam|p2a: Amoonguss\n|-supereffective|p2a: Amoonguss\n|-damage|p2a: Amoonguss|0 fnt\n|faint|p2a: Amoonguss\n|\n|-status|p1a: Milotic|brn|[from] item: Flame Orb\n|upkeep\n|\n|t:|1700677229\n|switch|p2b: Scream Tail|Scream Tail|38\/100\n|turn|9\n|\n|t:|1700677242\n|move|p1b: Iron Valiant|Psycho Cut|p2b: Scream Tail\n|-resisted|p2b: Scream Tail\n|-damage|p2b: Scream Tail|30\/100\n|move|p2b: Scream Tail|Play Rough|p1b: Iron Valiant\n|-supereffective|p1b: Iron Valiant\n|-damage|p1b: Iron Valiant|38\/100\n|move|p1a: Milotic|Scald|p2b: Scream Tail\n|-damage|p2b: Scream Tail|10\/100\n|\n|-damage|p1a: Milotic|94\/100 brn|[from] brn\n|upkeep\n|turn|10\n|\n|t:|1700677259\n|move|p1b: Iron Valiant|Moonblast|p2b: Scream Tail\n|-damage|p2b: Scream Tail|0 fnt\n|faint|p2b: Scream Tail\n|-end|p2b: Scream Tail|Protosynthesis|[silent]\n|\n|win|luijoroma\n|raw|luijoroma's rating: 1025 &rarr; <strong>1067<\/strong><br \/>(+42 for winning)\n|raw|iLoveJujutsuHigh's rating: 1080 &rarr; <strong>1055<\/strong><br \/>(-25 for losing)\n|c|\u2606iLoveJujutsuHigh|im bad\n","uploadtime":1700677266,"views":0,"p1id":"luijoroma","p2id":"ilovejujutsuhigh","formatid":"gen9nationaldexdoubles","rating":1055,"private":0,"password":""}