{"id":"gen9nationaldexdoubles-1970117277","p1":"Pollylopy","p2":"Mykewea","format":"[Gen 9] National Dex Doubles","log":"|j|\u2606Pollylopy\n|j|\u2606Mykewea\n|t:|1697596052\n|gametype|doubles\n|player|p1|Pollylopy|waitress|\n|player|p2|Mykewea|102|\n|teamsize|p1|6\n|teamsize|p2|6\n|gen|9\n|tier|[Gen 9] National Dex Doubles\n|rule|HP Percentage Mod: HP is shown in percentages\n|rule|Endless Battle Clause: Forcing endless battles is banned\n|rule|OHKO Clause: OHKO moves are banned\n|rule|Evasion Moves Clause: Evasion moves are banned\n|rule|Evasion Abilities Clause: Evasion abilities are banned\n|rule|Species Clause: Limit one of each Pok\u00e9mon\n|rule|Gravity Sleep Clause: The combination of sleep-inducing moves with imperfect accuracy and Gravity or Gigantamax Orbeetle are banned\n|clearpoke\n|poke|p1|Audino, M|\n|poke|p1|Blissey, F|\n|poke|p1|Latias, F|\n|poke|p1|Lapras, F|\n|poke|p1|Clefable, F|\n|poke|p1|Slurpuff, M|\n|poke|p2|Absol, F|\n|poke|p2|Delphox, M|\n|poke|p2|Meowstic, M|\n|poke|p2|Altaria, M|\n|poke|p2|Pangoro, M|\n|poke|p2|Rhyperior, M|\n|teampreview\n|inactive|Battle timer is ON: inactive players will automatically lose when time's up. (requested by Mykewea)\n|\n|t:|1697596088\n|start\n|switch|p1a: Clefable|Clefable, F|100\/100\n|switch|p1b: Latias|Latias, F|100\/100\n|switch|p2a: Meowstic|Meowstic, M|100\/100\n|switch|p2b: Delphox|Delphox, M|100\/100\n|turn|1\n|\n|t:|1697596116\n|move|p2a: Meowstic|Fake Out|p1b: Latias\n|-damage|p1b: Latias|93\/100\n|cant|p1b: Latias|flinch\n|move|p1a: Clefable|Calm Mind|p1a: Clefable\n|-boost|p1a: Clefable|spa|1\n|-boost|p1a: Clefable|spd|1\n|move|p2b: Delphox|Trick Room|p2b: Delphox\n|-fieldstart|move: Trick Room|[of] p2b: Delphox\n|\n|upkeep\n|turn|2\n|\n|t:|1697596143\n|move|p2a: Meowstic|Light Screen|p2a: Meowstic\n|-sidestart|p2: Mykewea|move: Light Screen\n|move|p1a: Clefable|Moonblast|p2b: Delphox\n|-resisted|p2b: Delphox\n|-damage|p2b: Delphox|84\/100\n|-unboost|p2b: Delphox|spa|1\n|move|p2b: Delphox|Will-O-Wisp|p1a: Clefable\n|-status|p1a: Clefable|brn\n|move|p1b: Latias|Earthquake|p2b: Delphox|[spread] p1a,p2a,p2b\n|-supereffective|p2b: Delphox\n|-damage|p1a: Clefable|91\/100 brn\n|-damage|p2a: Meowstic|82\/100\n|-damage|p2b: Delphox|50\/100\n|\n|-heal|p1a: Clefable|97\/100 brn|[from] item: Leftovers\n|-heal|p2b: Delphox|56\/100|[from] item: Leftovers\n|upkeep\n|turn|3\n|\n|t:|1697596168\n|switch|p2b: Rhyperior|Rhyperior, M|100\/100\n|move|p2a: Meowstic|Reflect|p2a: Meowstic\n|-sidestart|p2: Mykewea|Reflect\n|move|p1a: Clefable|Moonblast|p2b: Rhyperior\n|-damage|p2b: Rhyperior|75\/100\n|-unboost|p2b: Rhyperior|spa|1\n|move|p1b: Latias|Earthquake|p2a: Meowstic|[spread] p1a,p2a,p2b\n|-supereffective|p2b: Rhyperior\n|-damage|p1a: Clefable|88\/100 brn\n|-damage|p2a: Meowstic|70\/100\n|-damage|p2b: Rhyperior|66\/100\n|\n|-heal|p1a: Clefable|94\/100 brn|[from] item: Leftovers\n|upkeep\n|turn|4\n|inactive|Pollylopy has 270 seconds left.\n|\n|t:|1697596213\n|switch|p2a: Altaria|Altaria, M|100\/100\n|move|p2b: Rhyperior|High Horsepower|p1a: Clefable|[miss]\n|-miss|p2b: Rhyperior|p1a: Clefable\n|move|p1a: Clefable|Moonblast|p2b: Rhyperior\n|-damage|p2b: Rhyperior|42\/100\n|move|p1b: Latias|Roar|p2a: Altaria\n|drag|p2a: Absol|Absol, F|100\/100\n|\n|-heal|p1a: Clefable|99\/100 brn|[from] item: Leftovers\n|upkeep\n|turn|5\n|inactive|Pollylopy has 270 seconds left.\n|inactive|Pollylopy has 240 seconds left.\n|\n|t:|1697596264\n|switch|p1b: Blissey|Blissey, F|100\/100\n|detailschange|p2a: Absol|Absol-Mega, F\n|-mega|p2a: Absol|Absol|Absolite\n|move|p2b: Rhyperior|High Horsepower|p1a: Clefable\n|-damage|p1a: Clefable|58\/100 brn\n|move|p1a: Clefable|Moonblast|p2a: Absol\n|-supereffective|p2a: Absol\n|-damage|p2a: Absol|4\/100\n|move|p2a: Absol|Night Slash|p1b: Blissey\n|-damage|p1b: Blissey|53\/100\n|\n|-heal|p1a: Clefable|64\/100 brn|[from] item: Leftovers\n|-fieldend|move: Trick Room\n|upkeep\n|turn|6\n|inactive|Pollylopy has 240 seconds left.\n|\n|t:|1697596308\n|move|p2a: Absol|Night Slash|p1a: Clefable\n|-resisted|p1a: Clefable\n|-damage|p1a: Clefable|46\/100 brn\n|move|p1a: Clefable|Moonblast|p2b: Rhyperior\n|-damage|p2b: Rhyperior|14\/100\n|-unboost|p2b: Rhyperior|spa|1\n|move|p2b: Rhyperior|Rock Slide|p1a: Clefable|[spread] p1a,p1b\n|-crit|p1b: Blissey\n|-damage|p1a: Clefable|20\/100 brn\n|-damage|p1b: Blissey|0 fnt\n|faint|p1b: Blissey\n|\n|-heal|p1a: Clefable|26\/100 brn|[from] item: Leftovers\n|upkeep\n|inactive|Pollylopy has 210 seconds left.\n|\n|t:|1697596343\n|switch|p1b: Lapras|Lapras, F|100\/100\n|turn|7\n|inactive|Pollylopy has 210 seconds left.\n|\n|t:|1697596378\n|switch|p1a: Latias|Latias, F|93\/100\n|move|p2a: Absol|Psycho Cut|p1a: Latias\n|-resisted|p1a: Latias\n|-crit|p1a: Latias\n|-damage|p1a: Latias|65\/100\n|move|p1b: Lapras|Freeze-Dry|p2a: Absol\n|-damage|p2a: Absol|0 fnt\n|faint|p2a: Absol\n|move|p2b: Rhyperior|High Horsepower|p1b: Lapras\n|-damage|p1b: Lapras|53\/100\n|\n|upkeep\n|\n|t:|1697596395\n|switch|p2a: Pangoro|Pangoro, M|100\/100\n|-ability|p2a: Pangoro|Mold Breaker\n|turn|8\n|inactive|Pollylopy has 210 seconds left.\n|\n|t:|1697596415\n|move|p1b: Lapras|Freeze-Dry|p2b: Rhyperior\n|-supereffective|p2b: Rhyperior\n|-damage|p2b: Rhyperior|0 fnt\n|faint|p2b: Rhyperior\n|move|p2a: Pangoro|Power-Up Punch|p1b: Lapras\n|-supereffective|p1b: Lapras\n|-damage|p1b: Lapras|14\/100\n|-boost|p2a: Pangoro|atk|1\n|move|p1a: Latias|Roar|p2a: Pangoro\n|drag|p2a: Altaria|Altaria, M|100\/100\n|\n|upkeep\n|\n|t:|1697596429\n|switch|p2b: Meowstic|Meowstic, M|70\/100\n|turn|9\n|\n|t:|1697596441\n|move|p2b: Meowstic|Fake Out|p1b: Lapras\n|-damage|p1b: Lapras|9\/100\n|cant|p1b: Lapras|flinch\n|move|p2a: Altaria|Dragon Pulse|p1a: Latias\n|-supereffective|p1a: Latias\n|-damage|p1a: Latias|0 fnt\n|faint|p1a: Latias\n|-damage|p2a: Altaria|91\/100|[from] item: Life Orb\n|\n|-sideend|p2: Mykewea|move: Light Screen\n|upkeep\n|inactive|Pollylopy has 210 seconds left.\n|\n|t:|1697596476\n|switch|p1a: Clefable|Clefable, F|26\/100 brn\n|turn|10\n|\n|t:|1697596496\n|move|p2b: Meowstic|Light Screen|p2b: Meowstic\n|-sidestart|p2: Mykewea|move: Light Screen\n|move|p1b: Lapras|Freeze-Dry|p2a: Altaria\n|-supereffective|p2a: Altaria\n|-damage|p2a: Altaria|14\/100\n|move|p2a: Altaria|Flamethrower|p1b: Lapras\n|-damage|p1b: Lapras|0 fnt\n|faint|p1b: Lapras\n|-damage|p2a: Altaria|4\/100|[from] item: Life Orb\n|move|p1a: Clefable|Moonblast|p2a: Altaria\n|-supereffective|p2a: Altaria\n|-damage|p2a: Altaria|0 fnt\n|faint|p2a: Altaria\n|\n|-heal|p1a: Clefable|32\/100 brn|[from] item: Leftovers\n|-sideend|p2: Mykewea|Reflect\n|upkeep\n|inactive|Pollylopy has 210 seconds left.\n|\n|t:|1697596520\n|switch|p1b: Slurpuff|Slurpuff, M|100\/100\n|switch|p2a: Pangoro|Pangoro, M|100\/100\n|-ability|p2a: Pangoro|Mold Breaker\n|turn|11\n|inactive|Pollylopy has 210 seconds left.\n|\n|t:|1697596544\n|move|p1a: Clefable|Follow Me|p1a: Clefable\n|-singleturn|p1a: Clefable|move: Follow Me\n|move|p2b: Meowstic|Psychic|p1a: Clefable\n|-damage|p1a: Clefable|6\/100 brn\n|-unboost|p1a: Clefable|spd|1\n|move|p1b: Slurpuff|Belly Drum|p1b: Slurpuff\n|-damage|p1b: Slurpuff|50\/100\n|-setboost|p1b: Slurpuff|atk|6|[from] move: Belly Drum\n|-enditem|p1b: Slurpuff|Sitrus Berry|[eat]\n|-heal|p1b: Slurpuff|75\/100|[from] item: Sitrus Berry\n|-zpower|p2a: Pangoro\n|move|p2a: Pangoro|Corkscrew Crash|p1a: Clefable|[zeffect]\n|-supereffective|p1a: Clefable\n|-crit|p1a: Clefable\n|-damage|p1a: Clefable|0 fnt\n|faint|p1a: Clefable\n|\n|upkeep\n|\n|t:|1697596565\n|switch|p1a: Audino|Audino, M|100\/100\n|turn|12\n|inactive|Pollylopy has 210 seconds left.\n|\n|t:|1697596576\n|move|p2b: Meowstic|Reflect|p2b: Meowstic\n|-sidestart|p2: Mykewea|Reflect\n|move|p2a: Pangoro|Bullet Punch|p1b: Slurpuff\n|-supereffective|p1b: Slurpuff\n|-damage|p1b: Slurpuff|39\/100\n|move|p1b: Slurpuff|Drain Punch|p2a: Pangoro\n|-supereffective|p2a: Pangoro\n|-damage|p2a: Pangoro|0 fnt\n|-heal|p1b: Slurpuff|100\/100|[from] drain|[of] p2a: Pangoro\n|faint|p2a: Pangoro\n|move|p1a: Audino|Yawn|p2b: Meowstic\n|-start|p2b: Meowstic|move: Yawn|[of] p1a: Audino\n|\n|upkeep\n|\n|t:|1697596583\n|switch|p2a: Delphox|Delphox, M|56\/100\n|turn|13\n|inactive|Pollylopy has 210 seconds left.\n|\n|t:|1697596627\n|move|p1b: Slurpuff|Return|p2a: Delphox\n|-damage|p2a: Delphox|0 fnt\n|faint|p2a: Delphox\n|move|p2b: Meowstic|Psychic|p1b: Slurpuff\n|-damage|p1b: Slurpuff|64\/100\n|move|p1a: Audino|Light Screen|p1a: Audino\n|-sidestart|p1: Pollylopy|move: Light Screen\n|\n|-end|p2b: Meowstic|move: Yawn|[silent]\n|-status|p2b: Meowstic|slp\n|upkeep\n|turn|14\n|inactive|Pollylopy has 210 seconds left.\n|-message|Mykewea forfeited.\n|\n|win|Pollylopy\n|l|\u2606Mykewea\n","uploadtime":1697596756,"views":13,"p1id":"pollylopy","p2id":"mykewea","formatid":"gen9nationaldexdoubles","rating":0,"private":0,"password":""}