{"id":"gen9nationaldexdoubles-1947667728","p1":"Natezero58","p2":"MathHacker","format":"[Gen 9] National Dex Doubles","log":"|j|\u2606Natezero58\n|j|\u2606MathHacker\n|t:|1695184347\n|gametype|doubles\n|player|p1|Natezero58|266|1285\n|player|p2|MathHacker|richboy-gen4|1445\n|teamsize|p1|6\n|teamsize|p2|6\n|gen|9\n|tier|[Gen 9] National Dex Doubles\n|rated|\n|rule|HP Percentage Mod: HP is shown in percentages\n|rule|Endless Battle Clause: Forcing endless battles is banned\n|rule|OHKO Clause: OHKO moves are banned\n|rule|Evasion Moves Clause: Evasion moves are banned\n|rule|Evasion Abilities Clause: Evasion abilities are banned\n|rule|Species Clause: Limit one of each Pok\u00e9mon\n|rule|Gravity Sleep Clause: The combination of sleep-inducing moves with imperfect accuracy and Gravity or Gigantamax Orbeetle are banned\n|clearpoke\n|poke|p1|Milotic, F|\n|poke|p1|Ninetales-Alola, F|\n|poke|p1|Gastrodon, F|\n|poke|p1|Kingdra, M|\n|poke|p1|Flutter Mane|\n|poke|p1|Whimsicott, M|\n|poke|p2|Shuckle, M|\n|poke|p2|Kingambit, M|\n|poke|p2|Cresselia, F|\n|poke|p2|Torkoal, F|\n|poke|p2|Oranguru, M|\n|poke|p2|Ursaluna, M|\n|teampreview\n|\n|t:|1695184359\n|start\n|switch|p1a: Gastrodon|Gastrodon, F|100\/100\n|switch|p1b: Ninetales|Ninetales-Alola, F|100\/100\n|switch|p2a: Shucky|Shuckle, M, shiny|100\/100\n|switch|p2b: munke|Oranguru, M|100\/100\n|-weather|Snow|[from] ability: Snow Warning|[of] p1b: Ninetales\n|turn|1\n|\n|t:|1695184380\n|move|p1b: Ninetales|Aurora Veil|p1b: Ninetales\n|-sidestart|p1: Natezero58|move: Aurora Veil\n|-zpower|p1a: Gastrodon\n|move|p1a: Gastrodon|Z-Rain Dance|p1a: Gastrodon|[anim]Rain Dance\n|-boost|p1a: Gastrodon|spe|1|[zeffect]\n|-weather|RainDance\n|move|p2a: Shucky|Power Trick|p2a: Shucky\n|-start|p2a: Shucky|Power Trick\n|move|p2b: munke|Trick Room|p2b: munke\n|-fieldstart|move: Trick Room|[of] p2b: munke\n|\n|-weather|RainDance|[upkeep]\n|upkeep\n|turn|2\n|\n|t:|1695184399\n|switch|p1b: Milotic|Milotic, F|100\/100\n|move|p2a: Shucky|Rock Slide|p1a: Gastrodon|[spread] p1a,p1b\n|-resisted|p1a: Gastrodon\n|-damage|p1a: Gastrodon|80\/100\n|-damage|p1b: Milotic|68\/100\n|move|p2b: munke|Instruct|p2a: Shucky\n|-singleturn|p2a: Shucky|move: Instruct|[of] p2b: munke\n|move|p2a: Shucky|Rock Slide|p1b: Milotic|[spread] p1a,p1b\n|-resisted|p1a: Gastrodon\n|-damage|p1a: Gastrodon|58\/100\n|-damage|p1b: Milotic|30\/100\n|move|p1a: Gastrodon|Substitute|p1a: Gastrodon\n|-start|p1a: Gastrodon|Substitute\n|-damage|p1a: Gastrodon|33\/100\n|\n|-weather|RainDance|[upkeep]\n|-heal|p1b: Milotic|36\/100|[from] item: Leftovers\n|upkeep\n|turn|3\n|\n|t:|1695184417\n|move|p2a: Shucky|Rock Slide|p1a: Gastrodon|[spread] p1a,p1b\n|-resisted|p1a: Gastrodon\n|-activate|p1a: Gastrodon|move: Substitute|[damage]\n|-damage|p1b: Milotic|3\/100\n|move|p2b: munke|Instruct|p2a: Shucky\n|-singleturn|p2a: Shucky|move: Instruct|[of] p2b: munke\n|move|p2a: Shucky|Rock Slide|p1b: Milotic|[spread] p1a,p1b\n|-resisted|p1a: Gastrodon\n|-end|p1a: Gastrodon|Substitute\n|-damage|p1b: Milotic|0 fnt\n|faint|p1b: Milotic\n|move|p1a: Gastrodon|Ancient Power|p2a: Shucky\n|-supereffective|p2a: Shucky\n|-damage|p2a: Shucky|76\/100\n|\n|-weather|RainDance|[upkeep]\n|upkeep\n|\n|t:|1695184434\n|switch|p1b: Whimsicott|Whimsicott, M|100\/100\n|turn|4\n|\n|t:|1695184443\n|move|p2a: Shucky|Gyro Ball|p1b: Whimsicott\n|-supereffective|p1b: Whimsicott\n|-damage|p1b: Whimsicott|0 fnt\n|faint|p1b: Whimsicott\n|-heal|p2a: Shucky|92\/100|[from] item: Shell Bell|[of] p1: Whimsicott\n|move|p2b: munke|Instruct|p2a: Shucky\n|-singleturn|p2a: Shucky|move: Instruct|[of] p2b: munke\n|move|p2a: Shucky|Gyro Ball|p1a: Gastrodon\n|-resisted|p1a: Gastrodon\n|-damage|p1a: Gastrodon|0 fnt\n|faint|p1a: Gastrodon\n|-heal|p2a: Shucky|98\/100|[from] item: Shell Bell|[of] p1: Gastrodon\n|\n|-weather|RainDance|[upkeep]\n|upkeep\n|\n|t:|1695184451\n|switch|p1a: Kingdra|Kingdra, M|100\/100\n|switch|p1b: Flutter Mane|Flutter Mane|100\/100\n|turn|5\n|\n|t:|1695184474\n|-terastallize|p1a: Kingdra|Water\n|move|p2a: Shucky|Rock Slide|p1a: Kingdra|[spread] p1a,p1b\n|-damage|p1a: Kingdra|63\/100\n|-damage|p1b: Flutter Mane|26\/100\n|-heal|p2a: Shucky|100\/100|[from] item: Shell Bell|[of] p1b: Flutter Mane\n|move|p2b: munke|Instruct|p2a: Shucky\n|-singleturn|p2a: Shucky|move: Instruct|[of] p2b: munke\n|move|p2a: Shucky|Rock Slide|p1a: Kingdra|[spread] p1a,p1b\n|-damage|p1a: Kingdra|20\/100\n|-damage|p1b: Flutter Mane|0 fnt\n|faint|p1b: Flutter Mane\n|-end|p1b: Flutter Mane|Protosynthesis|[silent]\n|move|p1a: Kingdra|Surf|p2a: Shucky|[spread] p2a,p2b\n|-supereffective|p2a: Shucky\n|-ability|p2a: Shucky|Sturdy\n|-damage|p2a: Shucky|1\/100\n|-damage|p2b: munke|36\/100\n|-damage|p1a: Kingdra|10\/100|[from] item: Life Orb\n|\n|-weather|none\n|-sideend|p1: Natezero58|move: Aurora Veil\n|-fieldend|move: Trick Room\n|upkeep\n|\n|t:|1695184494\n|switch|p1b: Ninetales|Ninetales-Alola, F|100\/100\n|-weather|Snow|[from] ability: Snow Warning|[of] p1b: Ninetales\n|turn|6\n|\n|t:|1695184506\n|move|p2a: Shucky|Protect|p2a: Shucky\n|-singleturn|p2a: Shucky|Protect\n|move|p1b: Ninetales|Blizzard|p2b: munke|[spread] p2b\n|-activate|p2a: Shucky|move: Protect\n|-damage|p2b: munke|16\/100\n|move|p1a: Kingdra|Icy Wind|p2a: Shucky|[spread] p2b\n|-activate|p2a: Shucky|move: Protect\n|-damage|p2b: munke|2\/100\n|-unboost|p2b: munke|spe|1\n|-damage|p1a: Kingdra|0 fnt|[from] item: Life Orb\n|faint|p1a: Kingdra\n|move|p2b: munke|Trick Room|p2b: munke\n|-fieldstart|move: Trick Room|[of] p2b: munke\n|\n|-weather|Snow|[upkeep]\n|upkeep\n|turn|7\n|-message|Natezero58 forfeited.\n|\n|win|MathHacker\n|raw|Natezero58's rating: 1285 &rarr; <strong>1271<\/strong><br \/>(-14 for losing)\n|raw|MathHacker's rating: 1445 &rarr; <strong>1456<\/strong><br \/>(+11 for winning)\n|l|\u2606Natezero58\n|l|\u2606MathHacker\n|j|\u2606MathHacker\n|player|p2|MathHacker|richboy-gen4\n","uploadtime":1695184721,"views":12,"p1id":"natezero58","p2id":"mathhacker","formatid":"gen9nationaldexdoubles","rating":1271,"private":0,"password":""}