{"id":"gen9nationaldexdoubles-1951230820","p1":"Theadonia","p2":"the maraculous","format":"[Gen 9] National Dex Doubles","log":"|j|\u2606Theadonia\n|j|\u2606the maraculous\n|t:|1695562714\n|gametype|doubles\n|player|p1|Theadonia|caitlin|1237\n|player|p2|the maraculous|dragontamer|1468\n|teamsize|p1|6\n|teamsize|p2|6\n|gen|9\n|tier|[Gen 9] National Dex Doubles\n|rated|\n|rule|HP Percentage Mod: HP is shown in percentages\n|rule|Endless Battle Clause: Forcing endless battles is banned\n|rule|OHKO Clause: OHKO moves are banned\n|rule|Evasion Moves Clause: Evasion moves are banned\n|rule|Evasion Abilities Clause: Evasion abilities are banned\n|rule|Species Clause: Limit one of each Pok\u00e9mon\n|rule|Gravity Sleep Clause: The combination of sleep-inducing moves with imperfect accuracy and Gravity or Gigantamax Orbeetle are banned\n|clearpoke\n|poke|p1|Delphox, M|\n|poke|p1|Oricorio-Sensu, M|\n|poke|p1|Kommo-o, M|\n|poke|p1|Smeargle, M|\n|poke|p1|Comfey, F|\n|poke|p1|Manaphy|\n|poke|p2|Xurkitree|\n|poke|p2|Iron Valiant|\n|poke|p2|Chandelure, F|\n|poke|p2|Landorus-Therian, M|\n|poke|p2|Kartana|\n|poke|p2|Farigiraf, F|\n|teampreview\n|\n|t:|1695562753\n|start\n|switch|p1a: Comfey|Comfey, F|100\/100\n|switch|p1b: Oricorio|Oricorio-Sensu, M|100\/100\n|switch|p2a: Chandelure|Chandelure, F|100\/100\n|switch|p2b: Farigiraf|Farigiraf, F|100\/100\n|-item|p2a: Chandelure|Air Balloon\n|turn|1\n|\n|t:|1695562768\n|move|p1a: Comfey|Role Play|p1b: Oricorio\n|-endability|p1a: Comfey|Triage|[from] move: Role Play\n|-ability|p1a: Comfey|Dancer|[from] move: Role Play|[of] p1b: Oricorio\n|move|p1b: Oricorio|Quiver Dance|p1b: Oricorio\n|-boost|p1b: Oricorio|spa|1\n|-boost|p1b: Oricorio|spd|1\n|-boost|p1b: Oricorio|spe|1\n|-activate|p1a: Comfey|ability: Dancer\n|move|p1a: Comfey|Quiver Dance|p1a: Comfey|[from]ability: Dancer\n|-boost|p1a: Comfey|spa|1\n|-boost|p1a: Comfey|spd|1\n|-boost|p1a: Comfey|spe|1\n|move|p2b: Farigiraf|Nasty Plot|p2b: Farigiraf\n|-boost|p2b: Farigiraf|spa|2\n|move|p2a: Chandelure|Trick Room|p2a: Chandelure\n|-fieldstart|move: Trick Room|[of] p2a: Chandelure\n|\n|upkeep\n|turn|2\n|\n|t:|1695562793\n|move|p2b: Farigiraf|Dazzling Gleam|p1a: Comfey|[spread] p1a,p1b\n|-damage|p1a: Comfey|65\/100\n|-damage|p1b: Oricorio|68\/100\n|move|p2a: Chandelure|Shadow Ball|p1b: Oricorio\n|-supereffective|p1b: Oricorio\n|-damage|p1b: Oricorio|0 fnt\n|faint|p1b: Oricorio\n|move|p1a: Comfey|Draining Kiss|p2b: Farigiraf\n|-damage|p2b: Farigiraf|73\/100\n|-heal|p1a: Comfey|100\/100|[from] drain|[of] p2b: Farigiraf\n|\n|-heal|p2b: Farigiraf|79\/100|[from] item: Leftovers\n|upkeep\n|\n|t:|1695562801\n|switch|p1b: Smeargle|Smeargle, M|100\/100\n|turn|3\n|\n|t:|1695562811\n|move|p2b: Farigiraf|Twin Beam|p1b: Smeargle\n|-damage|p1b: Smeargle|6\/100\n|-damage|p1b: Smeargle|0 fnt\n|faint|p1b: Smeargle\n|-hitcount|p1: Smeargle|2\n|move|p2a: Chandelure|Flamethrower|p1a: Comfey\n|-damage|p1a: Comfey|52\/100\n|move|p1a: Comfey|Draining Kiss|p2b: Farigiraf\n|-damage|p2b: Farigiraf|50\/100\n|-heal|p1a: Comfey|91\/100|[from] drain|[of] p2b: Farigiraf\n|\n|-heal|p2b: Farigiraf|56\/100|[from] item: Leftovers\n|-heal|p1a: Comfey|97\/100|[from] item: Leftovers\n|upkeep\n|\n|t:|1695562818\n|switch|p1b: Delphox|Delphox, M|100\/100\n|turn|4\n|\n|t:|1695562834\n|move|p1b: Delphox|Snatch|p1b: Delphox\n|-singleturn|p1b: Delphox|Snatch\n|move|p2b: Farigiraf|Hyper Voice|p1b: Delphox|[spread] p1a,p1b\n|-damage|p1a: Comfey|35\/100\n|-damage|p1b: Delphox|17\/100\n|move|p2a: Chandelure|Shadow Ball|p1b: Delphox\n|-supereffective|p1b: Delphox\n|-damage|p1b: Delphox|0 fnt\n|faint|p1b: Delphox\n|move|p1a: Comfey|Draining Kiss|p2b: Farigiraf\n|-damage|p2b: Farigiraf|26\/100\n|-heal|p1a: Comfey|76\/100|[from] drain|[of] p2b: Farigiraf\n|\n|-heal|p2b: Farigiraf|32\/100|[from] item: Leftovers\n|-heal|p1a: Comfey|82\/100|[from] item: Leftovers\n|upkeep\n|\n|t:|1695562839\n|switch|p1b: Kommo-o|Kommo-o, M|100\/100\n|turn|5\n|\n|t:|1695562847\n|move|p2b: Farigiraf|Dazzling Gleam|p1b: Kommo-o|[spread] p1a,p1b\n|-supereffective|p1b: Kommo-o\n|-damage|p1a: Comfey|46\/100\n|-damage|p1b: Kommo-o|0 fnt\n|faint|p1b: Kommo-o\n|move|p2a: Chandelure|Shadow Ball|p1a: Comfey\n|-damage|p1a: Comfey|6\/100\n|-unboost|p1a: Comfey|spd|1\n|move|p1a: Comfey|Draining Kiss|p2b: Farigiraf\n|-crit|p2b: Farigiraf\n|-damage|p2b: Farigiraf|0 fnt\n|-heal|p1a: Comfey|50\/100|[from] drain|[of] p2b: Farigiraf\n|faint|p2b: Farigiraf\n|\n|-heal|p1a: Comfey|56\/100|[from] item: Leftovers\n|-fieldend|move: Trick Room\n|upkeep\n|\n|t:|1695562861\n|switch|p1b: Manaphy|Manaphy|100\/100\n|switch|p2b: Xurkitree|Xurkitree|100\/100\n|turn|6\n|\n|t:|1695562875\n|move|p1a: Comfey|Giga Drain|p2b: Xurkitree\n|-damage|p2b: Xurkitree|56\/100\n|-heal|p1a: Comfey|84\/100|[from] drain|[of] p2b: Xurkitree\n|-zpower|p2b: Xurkitree\n|move|p2b: Xurkitree|Gigavolt Havoc|p1b: Manaphy|[zeffect]\n|-supereffective|p1b: Manaphy\n|-damage|p1b: Manaphy|0 fnt\n|faint|p1b: Manaphy\n|-ability|p2b: Xurkitree|Beast Boost|boost\n|-boost|p2b: Xurkitree|spa|1\n|move|p2a: Chandelure|Trick Room|p2a: Chandelure\n|-fieldstart|move: Trick Room|[of] p2a: Chandelure\n|\n|-heal|p1a: Comfey|91\/100|[from] item: Leftovers\n|upkeep\n|turn|7\n|\n|t:|1695562888\n|move|p2a: Chandelure|Flamethrower|p1a: Comfey\n|-damage|p1a: Comfey|14\/100\n|move|p2b: Xurkitree|Rising Voltage|p1a: Comfey\n|-damage|p1a: Comfey|0 fnt\n|faint|p1a: Comfey\n|\n|win|the maraculous\n|raw|Theadonia's rating: 1237 &rarr; <strong>1227<\/strong><br \/>(-10 for losing)\n|raw|the maraculous's rating: 1468 &rarr; <strong>1476<\/strong><br \/>(+8 for winning)\n|l|\u2606Theadonia\n","uploadtime":1695562900,"views":8,"p1id":"theadonia","p2id":"themaraculous","formatid":"gen9nationaldexdoubles","rating":1227,"private":0,"password":""}