{"id":"gen9nationaldexdoubles-1986625937","p1":"Prapple2","p2":"Kin+ak(\u2727\u2207\u2727)","format":"[Gen 9] National Dex Doubles","log":"|j|\u2606Prapple2\n|j|\u2606Kin+ak(\u2727\u2207\u2727)\n|t:|1699499419\n|gametype|doubles\n|player|p1|Prapple2|caitlin|1240\n|player|p2|Kin+ak(\u2727\u2207\u2727)|wally|1513\n|teamsize|p1|6\n|teamsize|p2|6\n|gen|9\n|tier|[Gen 9] National Dex Doubles\n|rated|\n|rule|HP Percentage Mod: HP is shown in percentages\n|rule|Endless Battle Clause: Forcing endless battles is banned\n|rule|OHKO Clause: OHKO moves are banned\n|rule|Evasion Moves Clause: Evasion moves are banned\n|rule|Evasion Abilities Clause: Evasion abilities are banned\n|rule|Species Clause: Limit one of each Pok\u00e9mon\n|rule|Gravity Sleep Clause: The combination of sleep-inducing moves with imperfect accuracy and Gravity or Gigantamax Orbeetle are banned\n|clearpoke\n|poke|p1|Tapu Lele|\n|poke|p1|Clefable, F|\n|poke|p1|Mawile, F|\n|poke|p1|Hatterene, F|\n|poke|p1|Grimmsnarl, M|\n|poke|p1|Diancie|\n|poke|p2|Camerupt, M|\n|poke|p2|Porygon2|\n|poke|p2|Indeedee-F, F|\n|poke|p2|Cresselia, F|\n|poke|p2|Glastrier|\n|poke|p2|Ursaluna, F|\n|teampreview\n|\n|t:|1699499454\n|start\n|switch|p1a: Diancie|Diancie|100\/100\n|switch|p1b: Tapu Lele|Tapu Lele|100\/100\n|switch|p2a: Indeedee|Indeedee-F, F|100\/100\n|switch|p2b: Camerupt|Camerupt, M|100\/100\n|-fieldstart|move: Psychic Terrain|[from] ability: Psychic Surge|[of] p1b: Tapu Lele\n|turn|1\n|inactive|Battle timer is ON: inactive players will automatically lose when time's up. (requested by Prapple2)\n|\n|t:|1699499521\n|detailschange|p2b: Camerupt|Camerupt-Mega, M\n|-mega|p2b: Camerupt|Camerupt|Cameruptite\n|-terastallize|p1b: Tapu Lele|Psychic\n|move|p1b: Tapu Lele|Psychic|p2b: Camerupt\n|-damage|p2b: Camerupt|0 fnt\n|faint|p2b: Camerupt\n|-damage|p1b: Tapu Lele|91\/100|[from] item: Life Orb\n|move|p2a: Indeedee|Imprison|p2a: Indeedee\n|-start|p2a: Indeedee|move: Imprison\n|cant|p1a: Diancie|move: Imprison|Trick Room\n|\n|upkeep\n|inactive|Kin+ak(\u2727\u2207\u2727) has 120 seconds left.\n|\n|t:|1699499553\n|switch|p2b: Ursaluna|Ursaluna, F|100\/100\n|turn|2\n|\n|t:|1699499562\n|move|p2b: Ursaluna|Protect|p2b: Ursaluna\n|-singleturn|p2b: Ursaluna|Protect\n|move|p1b: Tapu Lele|Psychic|p2b: Ursaluna\n|-activate|p2b: Ursaluna|move: Protect\n|move|p1a: Diancie|Diamond Storm|p2a: Indeedee|[spread] p2a\n|-activate|p2b: Ursaluna|move: Protect\n|-damage|p2a: Indeedee|63\/100\n|move|p2a: Indeedee|Trick Room|p2a: Indeedee\n|-fieldstart|move: Trick Room|[of] p2a: Indeedee\n|\n|-status|p2b: Ursaluna|brn|[from] item: Flame Orb\n|upkeep\n|turn|3\n|\n|t:|1699499591\n|move|p2a: Indeedee|Follow Me|p2a: Indeedee\n|-singleturn|p2a: Indeedee|move: Follow Me\n|move|p2b: Ursaluna|Facade|p1b: Tapu Lele\n|-damage|p1b: Tapu Lele|0 fnt\n|faint|p1b: Tapu Lele\n|move|p1a: Diancie|Diamond Storm|p2a: Indeedee|[spread] p2a,p2b\n|-resisted|p2b: Ursaluna\n|-damage|p2a: Indeedee|28\/100\n|-damage|p2b: Ursaluna|91\/100 brn\n|\n|-damage|p2b: Ursaluna|85\/100 brn|[from] brn\n|upkeep\n|inactive|Prapple2 has 120 seconds left.\n|\n|t:|1699499617\n|switch|p1b: Hatterene|Hatterene, F|100\/100\n|turn|4\n|\n|t:|1699499636\n|move|p2a: Indeedee|Follow Me|p2a: Indeedee\n|-singleturn|p2a: Indeedee|move: Follow Me\n|move|p1b: Hatterene|Dazzling Gleam|p2b: Ursaluna|[spread] p2a,p2b\n|-damage|p2a: Indeedee|2\/100\n|-damage|p2b: Ursaluna|54\/100 brn\n|move|p2b: Ursaluna|Facade|p1b: Hatterene\n|-damage|p1b: Hatterene|0 fnt\n|faint|p1b: Hatterene\n|move|p1a: Diancie|Diamond Storm|p2a: Indeedee|[spread] p2a,p2b\n|-resisted|p2b: Ursaluna\n|-damage|p2a: Indeedee|0 fnt\n|-damage|p2b: Ursaluna|43\/100 brn\n|-boost|p1a: Diancie|def|2\n|faint|p2a: Indeedee\n|\n|-damage|p2b: Ursaluna|37\/100 brn|[from] brn\n|upkeep\n|\n|t:|1699499657\n|switch|p1b: Grimmsnarl|Grimmsnarl, M|100\/100\n|switch|p2a: Glastrier|Glastrier|100\/100\n|turn|5\n|\n|t:|1699499668\n|-terastallize|p2a: Glastrier|Water\n|move|p1b: Grimmsnarl|Reflect|p1b: Grimmsnarl\n|-sidestart|p1: Prapple2|Reflect\n|move|p2a: Glastrier|Icicle Crash|p1b: Grimmsnarl\n|-damage|p1b: Grimmsnarl|56\/100\n|move|p2b: Ursaluna|Headlong Rush|p1a: Diancie\n|-supereffective|p1a: Diancie\n|-damage|p1a: Diancie|60\/100\n|-unboost|p2b: Ursaluna|def|1\n|-unboost|p2b: Ursaluna|spd|1\n|move|p1a: Diancie|Diamond Storm|p2b: Ursaluna|[spread] p2a,p2b\n|-resisted|p2b: Ursaluna\n|-damage|p2a: Glastrier|82\/100\n|-damage|p2b: Ursaluna|21\/100 brn\n|-boost|p1a: Diancie|def|2\n|\n|-heal|p1a: Diancie|66\/100|[from] item: Leftovers\n|-damage|p2b: Ursaluna|15\/100 brn|[from] brn\n|-fieldend|move: Psychic Terrain\n|upkeep\n|turn|6\n|\n|t:|1699499687\n|move|p1b: Grimmsnarl|Light Screen|p1b: Grimmsnarl\n|-sidestart|p1: Prapple2|move: Light Screen\n|move|p2a: Glastrier|High Horsepower|p1a: Diancie\n|-supereffective|p1a: Diancie\n|-damage|p1a: Diancie|56\/100\n|move|p2b: Ursaluna|Headlong Rush|p1a: Diancie\n|-supereffective|p1a: Diancie\n|-damage|p1a: Diancie|29\/100\n|-unboost|p2b: Ursaluna|def|1\n|-unboost|p2b: Ursaluna|spd|1\n|move|p1a: Diancie|Diamond Storm|p2a: Glastrier|[spread] p2a,p2b\n|-resisted|p2b: Ursaluna\n|-damage|p2a: Glastrier|65\/100\n|-damage|p2b: Ursaluna|0 fnt\n|-boost|p1a: Diancie|def|2\n|faint|p2b: Ursaluna\n|\n|-heal|p1a: Diancie|35\/100|[from] item: Leftovers\n|-fieldend|move: Trick Room\n|upkeep\n|\n|t:|1699499697\n|switch|p2b: Porygon2|Porygon2, shiny|100\/100\n|-ability|p2b: Porygon2|Prankster|[from] ability: Trace|[of] p1b: Grimmsnarl\n|turn|7\n|\n|t:|1699499707\n|move|p1b: Grimmsnarl|Parting Shot|p2a: Glastrier\n|-fail|p2a: Glastrier|unboost|[from] item: Clear Amulet|[of] p2a: Glastrier\n|move|p2b: Porygon2|Tri Attack|p1a: Diancie\n|-resisted|p1a: Diancie\n|-damage|p1a: Diancie|27\/100\n|move|p1a: Diancie|Body Press|p2b: Porygon2\n|-supereffective|p2b: Porygon2\n|-damage|p2b: Porygon2|0 fnt\n|faint|p2b: Porygon2\n|move|p2a: Glastrier|High Horsepower|p1a: Diancie\n|-supereffective|p1a: Diancie\n|-damage|p1a: Diancie|20\/100\n|\n|-heal|p1a: Diancie|26\/100|[from] item: Leftovers\n|upkeep\n|-message|Kin+ak(\u2727\u2207\u2727) forfeited.\n|\n|win|Prapple2\n|raw|Prapple2's rating: 1240 &rarr; <strong>1281<\/strong><br \/>(+41 for winning)\n|raw|Kin+ak(\u2727\u2207\u2727)'s rating: 1513 &rarr; <strong>1480<\/strong><br \/>(-33 for losing)\n|l|\u2606Kin+ak(\u2727\u2207\u2727)\n","uploadtime":1699499731,"views":18,"p1id":"prapple2","p2id":"kinak","formatid":"gen9nationaldexdoubles","rating":1281,"private":0,"password":""}