{"id":"gen9nationaldexdoubles-1958629397","p1":"Clabeh","p2":"Bradeni","format":"[Gen 9] National Dex Doubles","log":"|j|\u2606Clabeh\n|j|\u2606Bradeni\n|t:|1696346307\n|gametype|doubles\n|player|p1|Clabeh|265|\n|player|p2|Bradeni|dawn|\n|teamsize|p1|6\n|teamsize|p2|6\n|gen|9\n|tier|[Gen 9] National Dex Doubles\n|rule|HP Percentage Mod: HP is shown in percentages\n|rule|Endless Battle Clause: Forcing endless battles is banned\n|rule|OHKO Clause: OHKO moves are banned\n|rule|Evasion Moves Clause: Evasion moves are banned\n|rule|Evasion Abilities Clause: Evasion abilities are banned\n|rule|Species Clause: Limit one of each Pok\u00e9mon\n|rule|Gravity Sleep Clause: The combination of sleep-inducing moves with imperfect accuracy and Gravity or Gigantamax Orbeetle are banned\n|clearpoke\n|poke|p1|Claydol|\n|poke|p1|Seismitoad, F|\n|poke|p1|Ninetales, F|\n|poke|p1|Tyranitar, F|\n|poke|p1|Venusaur, F|\n|poke|p1|Cinderace, M|\n|poke|p2|Seismitoad, F|\n|poke|p2|Spiritomb, M|\n|poke|p2|Togekiss, F|\n|poke|p2|Goodra-Hisui, F|\n|poke|p2|Cloyster, M|\n|poke|p2|Gardevoir, F|\n|teampreview\n|\n|t:|1696346319\n|start\n|switch|p1a: Ninetales|Ninetales, F|100\/100\n|switch|p1b: Venusaur|Venusaur, F|100\/100\n|switch|p2a: Brrrrr|Seismitoad, F|100\/100\n|switch|p2b: Cloyster|Cloyster, M, shiny|100\/100\n|-weather|SunnyDay|[from] ability: Drought|[of] p1a: Ninetales\n|turn|1\n|\n|t:|1696346341\n|move|p1b: Venusaur|Protect|p1b: Venusaur\n|-singleturn|p1b: Venusaur|Protect\n|move|p1a: Ninetales|Heat Wave|p2a: Brrrrr|[spread] p2a,p2b\n|-resisted|p2a: Brrrrr\n|-damage|p2a: Brrrrr|81\/100\n|-damage|p2b: Cloyster|0 fnt\n|faint|p2b: Cloyster\n|move|p2a: Brrrrr|Stealth Rock|p1a: Ninetales\n|-sidestart|p1: Clabeh|move: Stealth Rock\n|\n|-weather|SunnyDay|[upkeep]\n|-heal|p2a: Brrrrr|87\/100|[from] item: Leftovers\n|upkeep\n|\n|t:|1696346352\n|switch|p2b: Mother Dearest|Gardevoir, F, shiny|100\/100\n|-ability|p2b: Mother Dearest|Drought|[from] ability: Trace|[of] p1a: Ninetales\n|turn|2\n|\n|t:|1696346367\n|move|p1b: Venusaur|Seed Bomb|p2a: Brrrrr\n|-supereffective|p2a: Brrrrr\n|-damage|p2a: Brrrrr|0 fnt\n|faint|p2a: Brrrrr\n|move|p1a: Ninetales|Heat Wave|p2b: Mother Dearest\n|-damage|p2b: Mother Dearest|47\/100\n|-enditem|p2b: Mother Dearest|Sitrus Berry|[eat]\n|-heal|p2b: Mother Dearest|72\/100|[from] item: Sitrus Berry\n|move|p2b: Mother Dearest|Mystical Fire|p1b: Venusaur\n|-supereffective|p1b: Venusaur\n|-damage|p1b: Venusaur|35\/100\n|-unboost|p1b: Venusaur|spa|1\n|\n|-weather|SunnyDay|[upkeep]\n|-heal|p1b: Venusaur|41\/100|[from] item: Black Sludge\n|upkeep\n|\n|t:|1696346384\n|switch|p2a: MyExes|Spiritomb, M, shiny|100\/100\n|-item|p2a: MyExes|Air Balloon\n|turn|3\n|\n|t:|1696346406\n|move|p1b: Venusaur|Seed Bomb|p2a: MyExes\n|-damage|p2a: MyExes|74\/100\n|-enditem|p2a: MyExes|Air Balloon\n|move|p1a: Ninetales|Disable|p2b: Mother Dearest\n|-start|p2b: Mother Dearest|Disable|Mystical Fire\n|cant|p2b: Mother Dearest|Disable|Mystical Fire\n|move|p2a: MyExes|Dark Pulse|p1a: Ninetales\n|-damage|p1a: Ninetales|70\/100\n|-enditem|p1a: Ninetales|Eject Button\n|\n|t:|1696346418\n|switch|p1a: Cinderace|Cinderace, M|100\/100\n|-damage|p1a: Cinderace|76\/100|[from] Stealth Rock\n|\n|-weather|SunnyDay|[upkeep]\n|-heal|p1b: Venusaur|47\/100|[from] item: Black Sludge\n|upkeep\n|turn|4\n|\n|t:|1696346432\n|switch|p2b: LastResort|Togekiss, F, shiny|100\/100\n|move|p1b: Venusaur|Grass Pledge|p2a: MyExes\n|-waiting|p1b: Venusaur|p1a: Cinderace\n|move|p1a: Cinderace|Fire Pledge|p2a: MyExes|[from]move: Grass Pledge\n|-combine\n|-damage|p2a: MyExes|0 fnt\n|-sidestart|p2: Bradeni|Fire Pledge\n|faint|p2a: MyExes\n|\n|-weather|SunnyDay|[upkeep]\n|-heal|p1b: Venusaur|53\/100|[from] item: Black Sludge\n|-damage|p2b: LastResort|88\/100|[from] Fire Pledge\n|upkeep\n|\n|t:|1696346444\n|switch|p2a: Mother Dearest|Gardevoir, F, shiny|72\/100\n|-ability|p2a: Mother Dearest|Libero|[from] ability: Trace|[of] p1a: Cinderace\n|turn|5\n|\n|t:|1696346453\n|move|p1b: Venusaur|Grass Pledge|p2a: Mother Dearest\n|-waiting|p1b: Venusaur|p1a: Cinderace\n|move|p1a: Cinderace|Fire Pledge|p2a: Mother Dearest|[from]move: Grass Pledge\n|-combine\n|-damage|p2a: Mother Dearest|0 fnt\n|faint|p2a: Mother Dearest\n|move|p2b: LastResort|Metronome|p2b: LastResort\n|move|p2b: LastResort|Bleakwind Storm|p1a: Cinderace|[from]move: Metronome|[spread] p1a\n|-miss|p2b: LastResort|p1b: Venusaur\n|-damage|p1a: Cinderace|30\/100\n|-unboost|p1a: Cinderace|spe|1\n|\n|-weather|none\n|-heal|p1b: Venusaur|59\/100|[from] item: Black Sludge\n|-damage|p2b: LastResort|76\/100|[from] Fire Pledge\n|upkeep\n|\n|t:|1696346470\n|switch|p2a: Goodra|Goodra-Hisui, F, shiny|100\/100\n|turn|6\n|\n|t:|1696346475\n|move|p2b: LastResort|Metronome|p2b: LastResort\n|move|p2b: LastResort|Guillotine|p1b: Venusaur|[from]move: Metronome|[miss]\n|-miss|p2b: LastResort|p1b: Venusaur\n|move|p1b: Venusaur|Grass Pledge|p2a: Goodra\n|-waiting|p1b: Venusaur|p1a: Cinderace\n|move|p1a: Cinderace|Fire Pledge|p2a: Goodra|[from]move: Grass Pledge\n|-combine\n|-damage|p2a: Goodra|53\/100\n|move|p2a: Goodra|Shelter|p2a: Goodra\n|-boost|p2a: Goodra|def|2\n|\n|-damage|p2b: LastResort|64\/100|[from] Fire Pledge\n|-heal|p1b: Venusaur|65\/100|[from] item: Black Sludge\n|-damage|p2a: Goodra|41\/100|[from] Fire Pledge\n|upkeep\n|turn|7\n|\n|t:|1696346493\n|move|p2a: Goodra|Protect|p2a: Goodra\n|-singleturn|p2a: Goodra|Protect\n|move|p2b: LastResort|Metronome|p2b: LastResort\n|move|p2b: LastResort|Moonlight|p2b: LastResort|[from]move: Metronome\n|-heal|p2b: LastResort|100\/100\n|move|p1b: Venusaur|Grass Pledge|p2a: Goodra\n|-waiting|p1b: Venusaur|p1a: Cinderace\n|move|p1a: Cinderace|Fire Pledge|p2a: Goodra|[from]move: Grass Pledge\n|-activate|p2a: Goodra|move: Protect\n|\n|-damage|p2b: LastResort|88\/100|[from] Fire Pledge\n|-heal|p1b: Venusaur|71\/100|[from] item: Black Sludge\n|-damage|p2a: Goodra|28\/100|[from] Fire Pledge\n|-sideend|p2: Bradeni|Fire Pledge\n|upkeep\n|turn|8\n|\n|t:|1696346509\n|move|p2b: LastResort|Metronome|p2b: LastResort\n|move|p2b: LastResort|Teeter Dance|p1a: Cinderace|[from]move: Metronome|[spread] p2a,p1a,p1b\n|-start|p2a: Goodra|confusion\n|-start|p1a: Cinderace|confusion\n|-start|p1b: Venusaur|confusion\n|-activate|p1b: Venusaur|confusion\n|move|p1b: Venusaur|Grass Pledge|p2a: Goodra\n|-waiting|p1b: Venusaur|p1a: Cinderace\n|-activate|p1a: Cinderace|confusion\n|move|p1a: Cinderace|Fire Pledge|p2a: Goodra|[from]move: Grass Pledge\n|-combine\n|-crit|p2a: Goodra\n|-damage|p2a: Goodra|0 fnt\n|-sidestart|p2: Bradeni|Fire Pledge\n|faint|p2a: Goodra\n|\n|-damage|p2b: LastResort|76\/100|[from] Fire Pledge\n|-heal|p1b: Venusaur|77\/100|[from] item: Black Sludge\n|upkeep\n|turn|9\n|\n|t:|1696346526\n|move|p2b: LastResort|Metronome|p2b: LastResort\n|move|p2b: LastResort|Poison Jab|p1a: Cinderace|[from]move: Metronome\n|-damage|p1a: Cinderace|16\/100\n|-status|p1a: Cinderace|psn\n|-activate|p1b: Venusaur|confusion\n|-damage|p1b: Venusaur|60\/100|[from] confusion\n|-activate|p1a: Cinderace|confusion\n|move|p1a: Cinderace|Fire Pledge|p2b: LastResort\n|-damage|p2b: LastResort|45\/100\n|\n|-damage|p2b: LastResort|33\/100|[from] Fire Pledge\n|-heal|p1b: Venusaur|66\/100|[from] item: Black Sludge\n|-damage|p1a: Cinderace|4\/100 psn|[from] psn\n|upkeep\n|turn|10\n|\n|t:|1696346540\n|move|p2b: LastResort|Metronome|p2b: LastResort\n|move|p2b: LastResort|Clanging Scales|p1b: Venusaur|[from]move: Metronome|[spread] p1a,p1b\n|-damage|p1a: Cinderace|0 fnt\n|-damage|p1b: Venusaur|42\/100\n|faint|p1a: Cinderace\n|-unboost|p2b: LastResort|def|1\n|-activate|p1b: Venusaur|confusion\n|move|p1b: Venusaur|Grass Pledge|p2b: LastResort\n|-resisted|p2b: LastResort\n|-damage|p2b: LastResort|26\/100\n|\n|-damage|p2b: LastResort|13\/100|[from] Fire Pledge\n|-heal|p1b: Venusaur|48\/100|[from] item: Black Sludge\n|upkeep\n|\n|t:|1696346554\n|switch|p1a: Claydol|Claydol|100\/100\n|-damage|p1a: Claydol|94\/100|[from] Stealth Rock\n|turn|11\n|\n|t:|1696346565\n|move|p2b: LastResort|Metronome|p2b: LastResort\n|move|p2b: LastResort|Recycle||[from]move: Metronome|[still]\n|-fail|p2b: LastResort\n|-end|p1b: Venusaur|confusion\n|move|p1b: Venusaur|Seed Bomb|p2b: LastResort\n|-resisted|p2b: LastResort\n|-damage|p2b: LastResort|0 fnt\n|faint|p2b: LastResort\n|\n|win|Clabeh\n","uploadtime":1696346579,"views":27,"p1id":"clabeh","p2id":"bradeni","formatid":"gen9nationaldexdoubles","rating":0,"private":0,"password":""}