{"id":"gen9nationaldexdoubles-1970823305","p1":"sootywhisper73","p2":"JackieNut","format":"[Gen 9] National Dex Doubles","log":"|j|\u2606sootywhisper73\n|j|\u2606JackieNut\n|t:|1697670762\n|gametype|doubles\n|player|p1|sootywhisper73|dawn-gen4pt|\n|player|p2|JackieNut|flannery|\n|teamsize|p1|6\n|teamsize|p2|6\n|gen|9\n|tier|[Gen 9] National Dex Doubles\n|rule|HP Percentage Mod: HP is shown in percentages\n|rule|Endless Battle Clause: Forcing endless battles is banned\n|rule|OHKO Clause: OHKO moves are banned\n|rule|Evasion Moves Clause: Evasion moves are banned\n|rule|Evasion Abilities Clause: Evasion abilities are banned\n|rule|Species Clause: Limit one of each Pok\u00e9mon\n|rule|Gravity Sleep Clause: The combination of sleep-inducing moves with imperfect accuracy and Gravity or Gigantamax Orbeetle are banned\n|clearpoke\n|poke|p1|Tapu Koko|\n|poke|p1|Venusaur, F|\n|poke|p1|Skarmory, M|\n|poke|p1|Espeon, M|\n|poke|p1|Samurott, M|\n|poke|p1|Garchomp, F|\n|poke|p2|Zamazenta-*|\n|poke|p2|Lycanroc-Midnight, M|\n|poke|p2|Shaymin-Sky|\n|poke|p2|Sylveon, F|\n|poke|p2|Arcanine, F|\n|poke|p2|Suicune|\n|teampreview\n|\n|t:|1697670795\n|start\n|switch|p1a: Espeon|Espeon, M|100\/100\n|switch|p1b: Venusaur|Venusaur, F, shiny|100\/100\n|switch|p2a: mutt|Arcanine, F|100\/100\n|switch|p2b: water dog|Suicune|100\/100\n|-ability|p2a: mutt|Intimidate|boost\n|-unboost|p1a: Espeon|atk|1\n|-unboost|p1b: Venusaur|atk|1\n|turn|1\n|\n|t:|1697670827\n|switch|p1b: Samurott|Samurott, M|100\/100\n|move|p2a: mutt|Protect|p2a: mutt\n|-singleturn|p2a: mutt|Protect\n|move|p1a: Espeon|Light Screen|p1a: Espeon\n|-sidestart|p1: sootywhisper73|move: Light Screen\n|move|p2b: water dog|Tailwind|p2b: water dog\n|-sidestart|p2: JackieNut|move: Tailwind\n|\n|upkeep\n|turn|2\n|\n|t:|1697670929\n|switch|p2a: doggie|Shaymin-Sky|100\/100\n|move|p1b: Samurott|Aqua Jet|p2a: doggie\n|-resisted|p2a: doggie\n|-damage|p2a: doggie|93\/100\n|move|p2b: water dog|Scald|p1a: Espeon\n|-damage|p1a: Espeon|81\/100\n|move|p1a: Espeon|Thunder Wave|p2a: doggie\n|-status|p2a: doggie|par\n|\n|-heal|p1a: Espeon|87\/100|[from] item: Leftovers\n|upkeep\n|turn|3\n|\n|t:|1697671014\n|switch|p1b: Skarmory|Skarmory, M|100\/100\n|move|p2b: water dog|Scald|p1a: Espeon\n|-damage|p1a: Espeon|69\/100\n|move|p2a: doggie|Dazzling Gleam|p1a: Espeon|[spread] p1a,p1b\n|-resisted|p1b: Skarmory\n|-damage|p1a: Espeon|52\/100\n|-damage|p1b: Skarmory|89\/100\n|-damage|p2a: doggie|83\/100 par|[from] item: Life Orb\n|move|p1a: Espeon|Thunder Wave|p2b: water dog\n|-status|p2b: water dog|par\n|\n|-heal|p1a: Espeon|58\/100|[from] item: Leftovers\n|-heal|p1b: Skarmory|95\/100|[from] item: Leftovers\n|upkeep\n|turn|4\n|\n|t:|1697671078\n|switch|p1a: Cynda|Tapu Koko, shiny|100\/100\n|-fieldstart|move: Electric Terrain|[from] ability: Electric Surge|[of] p1a: Cynda\n|cant|p2a: doggie|par\n|move|p2b: water dog|Ice Beam|p1b: Skarmory\n|-damage|p1b: Skarmory|77\/100\n|-status|p1b: Skarmory|frz\n|cant|p1b: Skarmory|frz\n|\n|-heal|p1b: Skarmory|83\/100 frz|[from] item: Leftovers\n|-sideend|p2: JackieNut|move: Tailwind\n|upkeep\n|turn|5\n|c|\u2606sootywhisper73|bruuhhhh\n|c|\u2606sootywhisper73|I needed him :(\n|\n|t:|1697671180\n|move|p1a: Cynda|Thunderbolt|p2b: water dog\n|-supereffective|p2b: water dog\n|-damage|p2b: water dog|34\/100 par\n|cant|p2a: doggie|par\n|cant|p1b: Skarmory|frz\n|move|p2b: water dog|Tailwind|p2b: water dog\n|-sidestart|p2: JackieNut|move: Tailwind\n|\n|-heal|p2b: water dog|40\/100 par|[from] item: Leftovers\n|-heal|p1b: Skarmory|90\/100 frz|[from] item: Leftovers\n|-sideend|p1: sootywhisper73|move: Light Screen\n|upkeep\n|turn|6\n|\n|t:|1697671267\n|switch|p2b: gay dog|Sylveon, F|100\/100\n|move|p1a: Cynda|U-turn|p2b: gay dog\n|-resisted|p2b: gay dog\n|-crit|p2b: gay dog\n|-damage|p2b: gay dog|85\/100\n|\n|t:|1697671280\n|switch|p1a: Venusaur|Venusaur, F, shiny|100\/100|[from] U-turn\n|cant|p2a: doggie|par\n|cant|p1b: Skarmory|frz\n|\n|-heal|p2b: gay dog|91\/100|[from] item: Leftovers\n|-heal|p1b: Skarmory|96\/100 frz|[from] item: Leftovers\n|upkeep\n|turn|7\n|\n|t:|1697671297\n|switch|p2a: mutt|Arcanine, F|100\/100\n|-ability|p2a: mutt|Intimidate|boost\n|-unboost|p1a: Venusaur|atk|1\n|-unboost|p1b: Skarmory|atk|1\n|detailschange|p1a: Venusaur|Venusaur-Mega, F, shiny\n|-mega|p1a: Venusaur|Venusaur|Venusaurite\n|move|p2b: gay dog|Substitute|p2b: gay dog\n|-start|p2b: gay dog|Substitute\n|-damage|p2b: gay dog|66\/100\n|move|p1a: Venusaur|Sludge Bomb|p2b: gay dog\n|-supereffective|p2b: gay dog\n|-end|p2b: gay dog|Substitute\n|cant|p1b: Skarmory|frz\n|\n|-heal|p2b: gay dog|73\/100|[from] item: Leftovers\n|-heal|p1b: Skarmory|100\/100 frz|[from] item: Leftovers\n|upkeep\n|turn|8\n|\n|t:|1697671362\n|switch|p1b: Espeon|Espeon, M|58\/100\n|move|p2b: gay dog|Protect|p2b: gay dog\n|-singleturn|p2b: gay dog|Protect\n|move|p2a: mutt|Flare Blitz|p1a: Venusaur\n|-supereffective|p1a: Venusaur\n|-damage|p1a: Venusaur|72\/100\n|-damage|p2a: mutt|92\/100|[from] Recoil\n|move|p1a: Venusaur|Sludge Bomb|p2b: gay dog\n|-activate|p2b: gay dog|move: Protect\n|\n|-heal|p1b: Espeon|64\/100|[from] item: Leftovers\n|-heal|p2b: gay dog|79\/100|[from] item: Leftovers\n|-sideend|p2: JackieNut|move: Tailwind\n|-fieldend|move: Electric Terrain\n|upkeep\n|turn|9\n|\n|t:|1697671445\n|switch|p2b: wolfie|Lycanroc-Midnight, M|100\/100\n|move|p1b: Espeon|Thunder Wave|p2b: wolfie\n|-status|p2b: wolfie|par\n|move|p2a: mutt|Snarl|p1a: Venusaur|[spread] p1a,p1b\n|-supereffective|p1b: Espeon\n|-damage|p1a: Venusaur|65\/100\n|-damage|p1b: Espeon|44\/100\n|-unboost|p1a: Venusaur|spa|1\n|-unboost|p1b: Espeon|spa|1\n|move|p1a: Venusaur|Earth Power|p2a: mutt\n|-supereffective|p2a: mutt\n|-damage|p2a: mutt|54\/100\n|\n|-heal|p1b: Espeon|50\/100|[from] item: Leftovers\n|upkeep\n|turn|10\n|\n|t:|1697671557\n|switch|p1b: Skarmory|Skarmory, M|100\/100 frz\n|switch|p1a: Samurott|Samurott, M|100\/100\n|switch|p2b: pupie|Zamazenta|100\/100\n|-ability|p2b: pupie|Dauntless Shield|boost\n|-boost|p2b: pupie|def|1\n|move|p2a: mutt|Will-O-Wisp|p1a: Samurott\n|-status|p1a: Samurott|brn\n|\n|-damage|p1a: Samurott|94\/100 brn|[from] brn\n|upkeep\n|turn|11\n|\n|t:|1697671690\n|switch|p2b: water dog|Suicune|40\/100 par\n|move|p2a: mutt|Will-O-Wisp||[still]\n|-fail|p2a: mutt\n|cant|p1b: Skarmory|frz\n|move|p1a: Samurott|Surf|p2a: mutt|[spread] p1b,p2a,p2b\n|-supereffective|p2a: mutt\n|-resisted|p2b: water dog\n|-damage|p1b: Skarmory|51\/100 frz\n|-damage|p2a: mutt|0 fnt\n|-damage|p2b: water dog|29\/100 par\n|faint|p2a: mutt\n|\n|-heal|p1b: Skarmory|57\/100 frz|[from] item: Leftovers\n|-heal|p2b: water dog|35\/100 par|[from] item: Leftovers\n|-damage|p1a: Samurott|88\/100 brn|[from] brn\n|upkeep\n|\n|t:|1697671709\n|switch|p2a: pupie|Zamazenta|100\/100\n|turn|12\n|c|\u2606sootywhisper73|this frz is pissing me off lmaoooo\n|\n|t:|1697671765\n|move|p2a: pupie|Close Combat|p1b: Skarmory\n|-damage|p1b: Skarmory|0 fnt\n|-unboost|p2a: pupie|def|1\n|-unboost|p2a: pupie|spd|1\n|faint|p1b: Skarmory\n|move|p1a: Samurott|Air Slash|p2a: pupie\n|-supereffective|p2a: pupie\n|-damage|p2a: pupie|36\/100\n|move|p2b: water dog|Tailwind|p2b: water dog\n|-sidestart|p2: JackieNut|move: Tailwind\n|\n|-heal|p2b: water dog|42\/100 par|[from] item: Leftovers\n|-damage|p1a: Samurott|82\/100 brn|[from] brn\n|upkeep\n|\n|t:|1697671785\n|switch|p1b: Venusaur|Venusaur-Mega, F, shiny|65\/100\n|turn|13\n|\n|t:|1697671797\n|switch|p2a: doggie|Shaymin-Sky|83\/100 par\n|cant|p2b: water dog|par\n|move|p1b: Venusaur|Energy Ball|p2b: water dog\n|-supereffective|p2b: water dog\n|-damage|p2b: water dog|0 fnt\n|faint|p2b: water dog\n|move|p1a: Samurott|Air Slash|p2a: doggie\n|-supereffective|p2a: doggie\n|-damage|p2a: doggie|19\/100 par\n|\n|-damage|p1a: Samurott|76\/100 brn|[from] brn\n|upkeep\n|\n|t:|1697671809\n|switch|p2b: wolfie|Lycanroc-Midnight, M|100\/100 par\n|turn|14\n|\n|t:|1697671863\n|switch|p2b: gay dog|Sylveon, F|79\/100\n|cant|p2a: doggie|par\n|move|p1b: Venusaur|Sludge Bomb|p2b: gay dog\n|-supereffective|p2b: gay dog\n|-damage|p2b: gay dog|25\/100\n|move|p1a: Samurott|Surf|p2b: gay dog|[spread] p1b,p2a,p2b\n|-resisted|p1b: Venusaur\n|-resisted|p2a: doggie\n|-damage|p1b: Venusaur|51\/100\n|-damage|p2a: doggie|0 fnt\n|-damage|p2b: gay dog|2\/100\n|faint|p2a: doggie\n|\n|-heal|p2b: gay dog|8\/100|[from] item: Leftovers\n|-damage|p1a: Samurott|70\/100 brn|[from] brn\n|upkeep\n|\n|t:|1697671878\n|switch|p2a: pupie|Zamazenta|36\/100\n|turn|15\n|c|\u2606sootywhisper73|HOW IS THAT FUCKING DOG ALIVE!????\n|\n|t:|1697671895\n|move|p1a: Samurott|Aqua Jet|p2b: gay dog\n|-damage|p2b: gay dog|0 fnt\n|faint|p2b: gay dog\n|move|p2a: pupie|Close Combat|p1b: Venusaur\n|-resisted|p1b: Venusaur\n|-damage|p1b: Venusaur|24\/100\n|-unboost|p2a: pupie|def|1\n|-unboost|p2a: pupie|spd|1\n|move|p1b: Venusaur|Energy Ball|p2a: pupie\n|-damage|p2a: pupie|0 fnt\n|faint|p2a: pupie\n|\n|-damage|p1a: Samurott|64\/100 brn|[from] brn\n|-sideend|p2: JackieNut|move: Tailwind\n|upkeep\n|\n|t:|1697671911\n|switch|p2a: wolfie|Lycanroc-Midnight, M|100\/100 par\n|turn|16\n|\n|t:|1697671917\n|move|p1b: Venusaur|Energy Ball|p2a: wolfie\n|-supereffective|p2a: wolfie\n|-damage|p2a: wolfie|2\/100 par\n|-unboost|p2a: wolfie|spd|1\n|move|p1a: Samurott|Surf|p2a: wolfie|[spread] p1b,p2a\n|-resisted|p1b: Venusaur\n|-supereffective|p2a: wolfie\n|-damage|p1b: Venusaur|10\/100\n|-damage|p2a: wolfie|0 fnt\n|faint|p2a: wolfie\n|\n|win|sootywhisper73\n|c|\u2606sootywhisper73|ggs\n|player|p1|sootywhisper73|dawn-gen4pt\n","uploadtime":1697671966,"views":7,"p1id":"sootywhisper73","p2id":"jackienut","formatid":"gen9nationaldexdoubles","rating":0,"private":0,"password":""}