{"id":"gen9nationaldexdoubles-1957756561","p1":"Theadonia","p2":"Tritus ELITE 4","format":"[Gen 9] National Dex Doubles","log":"|j|\u2606Theadonia\n|j|\u2606Tritus ELITE 4\n|t:|1696258721\n|gametype|doubles\n|player|p1|Theadonia|caitlin|1166\n|player|p2|Tritus ELITE 4|wulfric|1102\n|teamsize|p1|6\n|teamsize|p2|6\n|gen|9\n|tier|[Gen 9] National Dex Doubles\n|rated|\n|rule|HP Percentage Mod: HP is shown in percentages\n|rule|Endless Battle Clause: Forcing endless battles is banned\n|rule|OHKO Clause: OHKO moves are banned\n|rule|Evasion Moves Clause: Evasion moves are banned\n|rule|Evasion Abilities Clause: Evasion abilities are banned\n|rule|Species Clause: Limit one of each Pok\u00e9mon\n|rule|Gravity Sleep Clause: The combination of sleep-inducing moves with imperfect accuracy and Gravity or Gigantamax Orbeetle are banned\n|clearpoke\n|poke|p1|Delphox, M|\n|poke|p1|Oricorio-Sensu, F|\n|poke|p1|Kommo-o, F|\n|poke|p1|Riolu, M|\n|poke|p1|Cresselia, F|\n|poke|p1|Smeargle, M|\n|poke|p2|Basculegion-F, F|\n|poke|p2|Swampert, M|\n|poke|p2|Pelipper, F|\n|poke|p2|Volcanion|\n|poke|p2|Milotic, F|\n|poke|p2|Carracosta, M|\n|teampreview\n|inactive|Battle timer is ON: inactive players will automatically lose when time's up. (requested by Tritus ELITE 4)\n|\n|t:|1696258735\n|start\n|switch|p1a: Kommo-o|Kommo-o, F, shiny|100\/100\n|switch|p1b: Smeargle|Smeargle, M|100\/100\n|switch|p2a: Milotic|Milotic, F|100\/100\n|switch|p2b: Pelipper|Pelipper, F|100\/100\n|-weather|RainDance|[from] ability: Drizzle|[of] p2b: Pelipper\n|turn|1\n|\n|t:|1696258764\n|-zpower|p1a: Kommo-o\n|move|p1a: Kommo-o|Clangorous Soulblaze|p2a: Milotic|[zeffect]|[spread] p2a,p2b\n|-damage|p2a: Milotic|72\/100\n|-damage|p2b: Pelipper|44\/100\n|-boost|p1a: Kommo-o|atk|1\n|-boost|p1a: Kommo-o|def|1\n|-boost|p1a: Kommo-o|spa|1\n|-boost|p1a: Kommo-o|spd|1\n|-boost|p1a: Kommo-o|spe|1\n|move|p1b: Smeargle|Jungle Healing||[still]|[spread] \n|-fail|p1b: Smeargle\n|move|p2a: Milotic|Breaking Swipe|p1b: Smeargle|[spread] p1a,p1b\n|-supereffective|p1a: Kommo-o\n|-damage|p1a: Kommo-o|89\/100\n|-damage|p1b: Smeargle|79\/100\n|-unboost|p1a: Kommo-o|atk|1\n|-unboost|p1b: Smeargle|atk|1\n|move|p2b: Pelipper|Hurricane|p1a: Kommo-o\n|-supereffective|p1a: Kommo-o\n|-damage|p1a: Kommo-o|24\/100\n|-start|p1a: Kommo-o|confusion\n|\n|-weather|RainDance|[upkeep]\n|-heal|p2a: Milotic|78\/100|[from] item: Leftovers\n|-heal|p2b: Pelipper|50\/100|[from] item: Leftovers\n|-ability|p1b: Smeargle|Moody|boost\n|-boost|p1b: Smeargle|spd|2\n|-unboost|p1b: Smeargle|atk|1\n|upkeep\n|turn|2\n|inactive|Tritus ELITE 4 has 120 seconds left.\n|\n|t:|1696258798\n|-activate|p1a: Kommo-o|confusion\n|move|p1a: Kommo-o|Poison Jab|p2b: Pelipper\n|-damage|p2b: Pelipper|20\/100\n|move|p1b: Smeargle|Jungle Healing|p1b: Smeargle|[spread] p1a,p1b\n|-heal|p1a: Kommo-o|49\/100\n|-heal|p1b: Smeargle|100\/100\n|move|p2a: Milotic|Icy Wind|p1b: Smeargle|[spread] p1a,p1b\n|-supereffective|p1a: Kommo-o\n|-damage|p1a: Kommo-o|32\/100\n|-damage|p1b: Smeargle|91\/100\n|-unboost|p1a: Kommo-o|spe|1\n|-unboost|p1b: Smeargle|spe|1\n|move|p2b: Pelipper|Hurricane|p1a: Kommo-o\n|-supereffective|p1a: Kommo-o\n|-damage|p1a: Kommo-o|0 fnt\n|faint|p1a: Kommo-o\n|\n|-weather|RainDance|[upkeep]\n|-heal|p2a: Milotic|84\/100|[from] item: Leftovers\n|-heal|p2b: Pelipper|26\/100|[from] item: Leftovers\n|-ability|p1b: Smeargle|Moody|boost\n|-boost|p1b: Smeargle|atk|2\n|-unboost|p1b: Smeargle|def|1\n|upkeep\n|\n|t:|1696258812\n|switch|p1a: Riolu|Riolu, M|100\/100\n|turn|3\n|\n|t:|1696258832\n|move|p2b: Pelipper|Protect|p2b: Pelipper\n|-singleturn|p2b: Pelipper|Protect\n|move|p1a: Riolu|Copycat||[still]\n|-fail|p1a: Riolu\n|move|p1b: Smeargle|Jungle Healing|p1b: Smeargle|[spread] p1a,p1b\n|-heal|p1b: Smeargle|100\/100\n|move|p2a: Milotic|Life Dew|p2a: Milotic|[spread] p2a,p2b\n|-heal|p2a: Milotic|100\/100\n|-heal|p2b: Pelipper|51\/100\n|\n|-weather|RainDance|[upkeep]\n|-heal|p2b: Pelipper|57\/100|[from] item: Leftovers\n|-ability|p1b: Smeargle|Moody|boost\n|-boost|p1b: Smeargle|def|2\n|-unboost|p1b: Smeargle|spa|1\n|upkeep\n|turn|4\n|\n|t:|1696258855\n|switch|p1b: Oricorio|Oricorio-Sensu, F, shiny|100\/100\n|move|p1a: Riolu|Coaching|p1b: Oricorio\n|-boost|p1b: Oricorio|atk|1\n|-boost|p1b: Oricorio|def|1\n|move|p2a: Milotic|Breaking Swipe|p1a: Riolu|[spread] p1a,p1b\n|-damage|p1a: Riolu|86\/100\n|-damage|p1b: Oricorio|95\/100\n|-unboost|p1a: Riolu|atk|1\n|-unboost|p1b: Oricorio|atk|1\n|move|p2b: Pelipper|Hurricane|p1a: Riolu\n|-supereffective|p1a: Riolu\n|-damage|p1a: Riolu|0 fnt\n|faint|p1a: Riolu\n|\n|-weather|RainDance|[upkeep]\n|-heal|p2b: Pelipper|63\/100|[from] item: Leftovers\n|upkeep\n|\n|t:|1696258866\n|switch|p1a: Delphox|Delphox, M, shiny|100\/100\n|turn|5\n|\n|t:|1696258880\n|move|p1a: Delphox|Role Play|p1b: Oricorio\n|-endability|p1a: Delphox|Magician|[from] move: Role Play\n|-ability|p1a: Delphox|Dancer|[from] move: Role Play|[of] p1b: Oricorio\n|move|p1b: Oricorio|Quiver Dance|p1b: Oricorio\n|-boost|p1b: Oricorio|spa|1\n|-boost|p1b: Oricorio|spd|1\n|-boost|p1b: Oricorio|spe|1\n|-activate|p1a: Delphox|ability: Dancer\n|move|p1a: Delphox|Quiver Dance|p1a: Delphox|[from]ability: Dancer\n|-boost|p1a: Delphox|spa|1\n|-boost|p1a: Delphox|spd|1\n|-boost|p1a: Delphox|spe|1\n|move|p2a: Milotic|Breaking Swipe|p1a: Delphox|[spread] p1a,p1b\n|-damage|p1a: Delphox|87\/100\n|-damage|p1b: Oricorio|89\/100\n|-unboost|p1a: Delphox|atk|1\n|-unboost|p1b: Oricorio|atk|1\n|move|p2b: Pelipper|Scald|p1a: Delphox\n|-supereffective|p1a: Delphox\n|-damage|p1a: Delphox|25\/100\n|\n|-weather|none\n|-heal|p2b: Pelipper|70\/100|[from] item: Leftovers\n|upkeep\n|turn|6\n|\n|t:|1696258907\n|switch|p2b: Volcanion|Volcanion|100\/100\n|move|p1a: Delphox|Stored Power|p2b: Volcanion\n|-damage|p2b: Volcanion|26\/100\n|move|p1b: Oricorio|Quiver Dance|p1b: Oricorio\n|-boost|p1b: Oricorio|spa|1\n|-boost|p1b: Oricorio|spd|1\n|-boost|p1b: Oricorio|spe|1\n|-activate|p1a: Delphox|ability: Dancer\n|move|p1a: Delphox|Quiver Dance|p1a: Delphox|[from]ability: Dancer\n|-boost|p1a: Delphox|spa|1\n|-boost|p1a: Delphox|spd|1\n|-boost|p1a: Delphox|spe|1\n|move|p2a: Milotic|Breaking Swipe|p1a: Delphox|[spread] p1a,p1b\n|-damage|p1a: Delphox|11\/100\n|-damage|p1b: Oricorio|83\/100\n|-unboost|p1a: Delphox|atk|1\n|-unboost|p1b: Oricorio|atk|1\n|\n|upkeep\n|turn|7\n|inactive|Tritus ELITE 4 has 120 seconds left.\n|\n|t:|1696258943\n|move|p1a: Delphox|Stored Power|p2b: Volcanion\n|-damage|p2b: Volcanion|0 fnt\n|faint|p2b: Volcanion\n|move|p1b: Oricorio|Quiver Dance|p1b: Oricorio\n|-boost|p1b: Oricorio|spa|1\n|-boost|p1b: Oricorio|spd|1\n|-boost|p1b: Oricorio|spe|1\n|-activate|p1a: Delphox|ability: Dancer\n|move|p1a: Delphox|Quiver Dance|p1a: Delphox|[from]ability: Dancer\n|-boost|p1a: Delphox|spa|1\n|-boost|p1a: Delphox|spd|1\n|-boost|p1a: Delphox|spe|1\n|move|p2a: Milotic|Breaking Swipe|p1a: Delphox|[spread] p1a,p1b\n|-damage|p1a: Delphox|0 fnt\n|-damage|p1b: Oricorio|77\/100\n|-unboost|p1b: Oricorio|atk|1\n|faint|p1a: Delphox\n|\n|upkeep\n|\n|t:|1696258952\n|switch|p1a: Smeargle|Smeargle, M|100\/100\n|switch|p2b: Pelipper|Pelipper, F|70\/100\n|-weather|RainDance|[from] ability: Drizzle|[of] p2b: Pelipper\n|turn|8\n|\n|t:|1696258976\n|move|p2b: Pelipper|Protect|p2b: Pelipper\n|-singleturn|p2b: Pelipper|Protect\n|move|p1b: Oricorio|Roost|p1b: Oricorio\n|-heal|p1b: Oricorio|100\/100\n|-singleturn|p1b: Oricorio|move: Roost\n|move|p1a: Smeargle|Clangorous Soul|p1a: Smeargle\n|-boost|p1a: Smeargle|atk|1\n|-boost|p1a: Smeargle|def|1\n|-boost|p1a: Smeargle|spa|1\n|-boost|p1a: Smeargle|spd|1\n|-boost|p1a: Smeargle|spe|1\n|-damage|p1a: Smeargle|68\/100\n|-activate|p1b: Oricorio|ability: Dancer\n|move|p1b: Oricorio|Clangorous Soul|p1b: Oricorio|[from]ability: Dancer\n|-boost|p1b: Oricorio|atk|1\n|-boost|p1b: Oricorio|def|1\n|-boost|p1b: Oricorio|spa|1\n|-boost|p1b: Oricorio|spd|1\n|-boost|p1b: Oricorio|spe|1\n|-damage|p1b: Oricorio|68\/100\n|move|p2a: Milotic|Waterfall|p1b: Oricorio\n|-damage|p1b: Oricorio|49\/100\n|\n|-weather|RainDance|[upkeep]\n|-heal|p2b: Pelipper|76\/100|[from] item: Leftovers\n|-ability|p1a: Smeargle|Moody|boost\n|-boost|p1a: Smeargle|def|2\n|-unboost|p1a: Smeargle|spa|1\n|upkeep\n|turn|9\n|\n|t:|1696259002\n|move|p1b: Oricorio|Roost|p1b: Oricorio\n|-heal|p1b: Oricorio|99\/100\n|-singleturn|p1b: Oricorio|move: Roost\n|move|p1a: Smeargle|Clangorous Soul|p1a: Smeargle\n|-boost|p1a: Smeargle|atk|1\n|-boost|p1a: Smeargle|def|1\n|-boost|p1a: Smeargle|spa|1\n|-boost|p1a: Smeargle|spd|1\n|-boost|p1a: Smeargle|spe|1\n|-damage|p1a: Smeargle|35\/100\n|-activate|p1b: Oricorio|ability: Dancer\n|move|p1b: Oricorio|Clangorous Soul|p1b: Oricorio|[from]ability: Dancer\n|-boost|p1b: Oricorio|atk|1\n|-boost|p1b: Oricorio|def|1\n|-boost|p1b: Oricorio|spa|1\n|-boost|p1b: Oricorio|spd|1\n|-boost|p1b: Oricorio|spe|1\n|-damage|p1b: Oricorio|66\/100\n|move|p2a: Milotic|Icy Wind|p1b: Oricorio|[spread] p1a,p1b\n|-damage|p1a: Smeargle|26\/100\n|-damage|p1b: Oricorio|62\/100\n|-unboost|p1a: Smeargle|spe|1\n|-unboost|p1b: Oricorio|spe|1\n|move|p2b: Pelipper|Hurricane|p1b: Oricorio\n|-damage|p1b: Oricorio|48\/100\n|\n|-weather|RainDance|[upkeep]\n|-heal|p2b: Pelipper|82\/100|[from] item: Leftovers\n|-ability|p1a: Smeargle|Moody|boost\n|-boost|p1a: Smeargle|spd|2\n|-unboost|p1a: Smeargle|atk|1\n|upkeep\n|turn|10\n|inactive|Theadonia has 120 seconds left.\n|\n|t:|1696259046\n|move|p1b: Oricorio|Roost|p1b: Oricorio\n|-heal|p1b: Oricorio|98\/100\n|-singleturn|p1b: Oricorio|move: Roost\n|move|p1a: Smeargle|Jungle Healing|p1a: Smeargle|[spread] p1a,p1b\n|-heal|p1a: Smeargle|50\/100\n|-heal|p1b: Oricorio|100\/100\n|move|p2a: Milotic|Breaking Swipe|p1a: Smeargle|[spread] p1a,p1b\n|-damage|p1a: Smeargle|43\/100\n|-damage|p1b: Oricorio|97\/100\n|-unboost|p1a: Smeargle|atk|1\n|-unboost|p1b: Oricorio|atk|1\n|move|p2b: Pelipper|Hurricane|p1a: Smeargle\n|-damage|p1a: Smeargle|19\/100\n|\n|-weather|RainDance|[upkeep]\n|-heal|p2b: Pelipper|88\/100|[from] item: Leftovers\n|-ability|p1a: Smeargle|Moody|boost\n|-boost|p1a: Smeargle|spa|2\n|-unboost|p1a: Smeargle|def|1\n|upkeep\n|turn|11\n|\n|t:|1696259076\n|move|p1b: Oricorio|Revelation Dance|p2b: Pelipper\n|-damage|p2b: Pelipper|0 fnt\n|faint|p2b: Pelipper\n|move|p1a: Smeargle|Jungle Healing|p1a: Smeargle|[spread] p1a,p1b\n|-heal|p1a: Smeargle|44\/100\n|-heal|p1b: Oricorio|100\/100\n|move|p2a: Milotic|Breaking Swipe|p1b: Oricorio|[spread] p1a,p1b\n|-damage|p1a: Smeargle|35\/100\n|-damage|p1b: Oricorio|97\/100\n|-unboost|p1a: Smeargle|atk|1\n|-unboost|p1b: Oricorio|atk|1\n|\n|-weather|RainDance|[upkeep]\n|-ability|p1a: Smeargle|Moody|boost\n|-boost|p1a: Smeargle|def|2\n|-unboost|p1a: Smeargle|atk|1\n|upkeep\n|inactive|Tritus ELITE 4 has 120 seconds left.\n|\n|t:|1696259092\n|switch|p2b: Swampert|Swampert, M|100\/100\n|turn|12\n|\n|t:|1696259105\n|detailschange|p2b: Swampert|Swampert-Mega, M\n|-mega|p2b: Swampert|Swampert|Swampertite\n|move|p1b: Oricorio|Revelation Dance|p2b: Swampert\n|-damage|p2b: Swampert|0 fnt\n|faint|p2b: Swampert\n|move|p1a: Smeargle|Clangorous Soul|p1a: Smeargle\n|-boost|p1a: Smeargle|atk|1\n|-boost|p1a: Smeargle|def|1\n|-boost|p1a: Smeargle|spa|1\n|-boost|p1a: Smeargle|spd|1\n|-boost|p1a: Smeargle|spe|1\n|-damage|p1a: Smeargle|2\/100\n|-activate|p1b: Oricorio|ability: Dancer\n|move|p1b: Oricorio|Clangorous Soul|p1b: Oricorio|[from]ability: Dancer\n|-boost|p1b: Oricorio|atk|1\n|-boost|p1b: Oricorio|def|1\n|-boost|p1b: Oricorio|spa|1\n|-boost|p1b: Oricorio|spd|1\n|-boost|p1b: Oricorio|spe|1\n|-damage|p1b: Oricorio|64\/100\n|move|p2a: Milotic|Waterfall|p1a: Smeargle\n|-damage|p1a: Smeargle|0 fnt\n|faint|p1a: Smeargle\n|\n|-weather|none\n|upkeep\n|\n|t:|1696259117\n|switch|p1a: Cresselia|Cresselia, F|100\/100\n|switch|p2b: Basculegion|Basculegion-F, F|100\/100\n|turn|13\n|\n|t:|1696259126\n|move|p1b: Oricorio|Revelation Dance|p2b: Basculegion\n|-supereffective|p2b: Basculegion\n|-damage|p2b: Basculegion|0 fnt\n|faint|p2b: Basculegion\n|move|p1a: Cresselia|Icy Wind|p2a: Milotic\n|-resisted|p2a: Milotic\n|-damage|p2a: Milotic|96\/100\n|-unboost|p2a: Milotic|spe|1\n|-ability|p2a: Milotic|Competitive|boost\n|-boost|p2a: Milotic|spa|2\n|move|p2a: Milotic|Breaking Swipe|p1b: Oricorio|[spread] p1a,p1b\n|-damage|p1a: Cresselia|94\/100\n|-damage|p1b: Oricorio|62\/100\n|-unboost|p1a: Cresselia|atk|1\n|-unboost|p1b: Oricorio|atk|1\n|\n|-heal|p1a: Cresselia|99\/100|[from] item: Leftovers\n|-heal|p2a: Milotic|100\/100|[from] item: Leftovers\n|upkeep\n|\n|t:|1696259133\n|switch|p2b: Carracosta|Carracosta, M|100\/100\n|turn|14\n|\n|t:|1696259141\n|-terastallize|p2b: Carracosta|Steel\n|move|p1b: Oricorio|Revelation Dance|p2b: Carracosta\n|-damage|p2b: Carracosta|0 fnt\n|faint|p2b: Carracosta\n|move|p1a: Cresselia|Psychic|p2a: Milotic\n|-damage|p2a: Milotic|77\/100\n|-unboost|p2a: Milotic|spd|1\n|-ability|p2a: Milotic|Competitive|boost\n|-boost|p2a: Milotic|spa|2\n|move|p2a: Milotic|Waterfall|p1b: Oricorio\n|-damage|p1b: Oricorio|54\/100\n|\n|-heal|p1a: Cresselia|100\/100|[from] item: Leftovers\n|-heal|p2a: Milotic|83\/100|[from] item: Leftovers\n|upkeep\n|turn|15\n|\n|t:|1696259153\n|move|p1b: Oricorio|Revelation Dance|p2a: Milotic\n|-damage|p2a: Milotic|0 fnt\n|faint|p2a: Milotic\n|\n|win|Theadonia\n|raw|Theadonia's rating: 1166 &rarr; <strong>1186<\/strong><br \/>(+20 for winning)\n|raw|Tritus ELITE 4's rating: 1102 &rarr; <strong>1082<\/strong><br \/>(-20 for losing)\n|l|\u2606Tritus ELITE 4\n","uploadtime":1696259162,"views":3,"p1id":"theadonia","p2id":"trituselite4","formatid":"gen9nationaldexdoubles","rating":1082,"private":0,"password":""}