{"id":"gen9nationaldexdoubles-1991212081","p1":"Margotbollox","p2":"Prankbox454","format":"[Gen 9] National Dex Doubles","log":"|j|\u2606Margotbollox\n|j|\u2606Prankbox454\n|t:|1700057668\n|gametype|doubles\n|player|p1|Margotbollox|emmet|1070\n|player|p2|Prankbox454|burgh|1162\n|teamsize|p1|6\n|teamsize|p2|6\n|gen|9\n|tier|[Gen 9] National Dex Doubles\n|rated|\n|rule|HP Percentage Mod: HP is shown in percentages\n|rule|Endless Battle Clause: Forcing endless battles is banned\n|rule|OHKO Clause: OHKO moves are banned\n|rule|Evasion Moves Clause: Evasion moves are banned\n|rule|Evasion Abilities Clause: Evasion abilities are banned\n|rule|Species Clause: Limit one of each Pok\u00e9mon\n|rule|Gravity Sleep Clause: The combination of sleep-inducing moves with imperfect accuracy and Gravity or Gigantamax Orbeetle are banned\n|clearpoke\n|poke|p1|Hippowdon, M|\n|poke|p1|Mamoswine, M|\n|poke|p1|Golurk|\n|poke|p1|Seismitoad, M|\n|poke|p1|Krookodile, M|\n|poke|p1|Excadrill, M|\n|poke|p2|Venusaur, M|\n|poke|p2|Toxapex, F|\n|poke|p2|Overqwil, F|\n|poke|p2|Sneasler, M|\n|poke|p2|Gengar, M|\n|poke|p2|Nihilego|\n|teampreview\n|c|\u2606Prankbox454|Cool ground team\n|c|\u2606Margotbollox|thanks gl\n|c|\u2606Prankbox454|gl\n|\n|t:|1700057700\n|start\n|switch|p1a: Hippowdon|Hippowdon, M|100\/100\n|switch|p1b: Mamoswine|Mamoswine, M|100\/100\n|switch|p2a: Overqwil|Overqwil, F|100\/100\n|switch|p2b: Venusaur|Venusaur, M|100\/100\n|-ability|p2a: Overqwil|Intimidate|boost\n|-unboost|p1a: Hippowdon|atk|1\n|-fail|p1b: Mamoswine|unboost|Attack|[from] ability: Oblivious|[of] p1b: Mamoswine\n|-item|p2a: Overqwil|Air Balloon\n|-weather|Sandstorm|[from] ability: Sand Stream|[of] p1a: Hippowdon\n|turn|1\n|\n|t:|1700057720\n|detailschange|p2b: Venusaur|Venusaur-Mega, M\n|-mega|p2b: Venusaur|Venusaur|Venusaurite\n|move|p2a: Overqwil|Taunt|p1a: Hippowdon\n|-start|p1a: Hippowdon|move: Taunt\n|move|p1b: Mamoswine|Knock Off|p2b: Venusaur\n|-damage|p2b: Venusaur|83\/100\n|move|p2b: Venusaur|Giga Drain|p1b: Mamoswine\n|-supereffective|p1b: Mamoswine\n|-damage|p1b: Mamoswine|7\/100\n|-heal|p2b: Venusaur|100\/100|[from] drain|[of] p1b: Mamoswine\n|move|p1a: Hippowdon|Bulldoze|p2a: Overqwil|[spread] p1b,p2b\n|-immune|p2a: Overqwil\n|-damage|p1b: Mamoswine|0 fnt\n|-damage|p2b: Venusaur|91\/100\n|-unboost|p2b: Venusaur|spe|1\n|faint|p1b: Mamoswine\n|\n|-weather|Sandstorm|[upkeep]\n|-damage|p2a: Overqwil|94\/100|[from] Sandstorm\n|-damage|p2b: Venusaur|85\/100|[from] Sandstorm\n|upkeep\n|c|\u2606Margotbollox|wait ur poison\n|c|\u2606Prankbox454|yea mono poison\n|\n|t:|1700057736\n|switch|p1b: Golurk|Golurk|100\/100\n|turn|2\n|c|\u2606Margotbollox|i didnt make this for doubles lol\n|\n|t:|1700057781\n|move|p2a: Overqwil|Toxic Spikes|p1b: Golurk\n|-sidestart|p1: Margotbollox|move: Toxic Spikes\n|move|p1b: Golurk|Shadow Punch|p2b: Venusaur\n|-crit|p2b: Venusaur\n|-damage|p2b: Venusaur|38\/100\n|move|p1a: Hippowdon|Thunder Fang|p2a: Overqwil\n|-damage|p2a: Overqwil|83\/100\n|-enditem|p2a: Overqwil|Air Balloon\n|move|p2b: Venusaur|Leech Seed|p1b: Golurk\n|-start|p1b: Golurk|move: Leech Seed\n|\n|-weather|Sandstorm|[upkeep]\n|-damage|p2a: Overqwil|77\/100|[from] Sandstorm\n|-damage|p2b: Venusaur|32\/100|[from] Sandstorm\n|-damage|p1b: Golurk|88\/100|[from] Leech Seed|[of] p2b: Venusaur\n|-heal|p2b: Venusaur|45\/100|[silent]\n|upkeep\n|turn|3\n|l|\u2606Prankbox454\n|player|p2|\n|j|\u2606Prankbox454\n|player|p2|Prankbox454|burgh\n|\n|t:|1700057886\n|switch|p2a: Nihilego|Nihilego|100\/100\n|move|p2b: Venusaur|Protect|p2b: Venusaur\n|-singleturn|p2b: Venusaur|Protect\n|move|p1b: Golurk|Earthquake|p2b: Venusaur|[spread] p1a,p2a\n|-activate|p2b: Venusaur|move: Protect\n|-supereffective|p2a: Nihilego\n|-damage|p1a: Hippowdon|76\/100\n|-damage|p2a: Nihilego|0 fnt\n|faint|p2a: Nihilego\n|move|p1a: Hippowdon|Bulldoze|p2b: Venusaur|[spread] p1b\n|-activate|p2b: Venusaur|move: Protect\n|-damage|p1b: Golurk|73\/100\n|-unboost|p1b: Golurk|spe|1\n|\n|-weather|Sandstorm|[upkeep]\n|-damage|p2b: Venusaur|39\/100|[from] Sandstorm\n|-damage|p1b: Golurk|61\/100|[from] Leech Seed|[of] p2b: Venusaur\n|-heal|p2b: Venusaur|52\/100|[silent]\n|-end|p1a: Hippowdon|move: Taunt\n|upkeep\n|\n|t:|1700057921\n|switch|p2a: Toxapex|Toxapex, F|100\/100\n|turn|4\n|\n|t:|1700057943\n|-terastallize|p2a: Toxapex|Flying\n|move|p2b: Venusaur|Giga Drain|p1b: Golurk\n|-supereffective|p1b: Golurk\n|-damage|p1b: Golurk|0 fnt\n|-heal|p2b: Venusaur|84\/100|[from] drain|[of] p1b: Golurk\n|faint|p1b: Golurk\n|move|p1a: Hippowdon|Bulldoze|p2b: Venusaur|[spread] p2b\n|-immune|p2a: Toxapex\n|-damage|p2b: Venusaur|74\/100\n|-unboost|p2b: Venusaur|spe|1\n|move|p2a: Toxapex|Infestation|p1a: Hippowdon\n|-damage|p1a: Hippowdon|73\/100\n|-activate|p1a: Hippowdon|move: Infestation|[of] p2a: Toxapex\n|\n|-weather|Sandstorm|[upkeep]\n|-damage|p2a: Toxapex|94\/100|[from] Sandstorm\n|-damage|p2b: Venusaur|68\/100|[from] Sandstorm\n|-heal|p2a: Toxapex|100\/100|[from] item: Leftovers\n|-damage|p1a: Hippowdon|61\/100|[from] move: Infestation|[partiallytrapped]\n|upkeep\n|\n|t:|1700057958\n|switch|p1b: Excadrill|Excadrill, M|100\/100\n|turn|5\n|\n|t:|1700058009\n|switch|p2a: Overqwil|Overqwil, F|77\/100\n|-ability|p2a: Overqwil|Intimidate|boost\n|-unboost|p1a: Hippowdon|atk|1\n|-unboost|p1b: Excadrill|atk|1\n|move|p2b: Venusaur|Protect|p2b: Venusaur\n|-singleturn|p2b: Venusaur|Protect\n|move|p1b: Excadrill|Rock Slide|p2b: Venusaur|[spread] p2a\n|-activate|p2b: Venusaur|move: Protect\n|-damage|p2a: Overqwil|64\/100\n|move|p1a: Hippowdon|Thunder Fang|p2a: Overqwil\n|-damage|p2a: Overqwil|56\/100\n|\n|-weather|Sandstorm|[upkeep]\n|-damage|p2a: Overqwil|50\/100|[from] Sandstorm\n|-damage|p2b: Venusaur|61\/100|[from] Sandstorm\n|-end|p1a: Hippowdon|Infestation|[partiallytrapped]|[silent]\n|upkeep\n|turn|6\n|\n|t:|1700058076\n|switch|p2a: Toxapex|Toxapex, F, tera:Flying|100\/100\n|move|p1b: Excadrill|Rock Slide|p2b: Venusaur|[spread] p2a\n|-miss|p1b: Excadrill|p2b: Venusaur\n|-supereffective|p2a: Toxapex\n|-damage|p2a: Toxapex|81\/100\n|move|p1a: Hippowdon|Thunder Fang|p2a: Toxapex\n|-supereffective|p2a: Toxapex\n|-damage|p2a: Toxapex|67\/100\n|move|p2b: Venusaur|Leech Seed|p1b: Excadrill\n|-start|p1b: Excadrill|move: Leech Seed\n|\n|-weather|Sandstorm|[upkeep]\n|-damage|p2a: Toxapex|61\/100|[from] Sandstorm\n|-damage|p2b: Venusaur|55\/100|[from] Sandstorm\n|-heal|p2a: Toxapex|67\/100|[from] item: Leftovers\n|-damage|p1b: Excadrill|88\/100|[from] Leech Seed|[of] p2b: Venusaur\n|-heal|p2b: Venusaur|68\/100|[silent]\n|upkeep\n|turn|7\n|\n|t:|1700058111\n|switch|p1b: Seismitoad|Seismitoad, M|100\/100\n|-status|p1b: Seismitoad|psn\n|switch|p1a: Krookodile|Krookodile, M|100\/100\n|-status|p1a: Krookodile|psn\n|switch|p2a: Overqwil|Overqwil, F|50\/100\n|-ability|p2a: Overqwil|Intimidate|boost\n|-unboost|p1a: Krookodile|atk|1\n|-unboost|p1b: Seismitoad|atk|1\n|move|p2b: Venusaur|Substitute|p2b: Venusaur\n|-start|p2b: Venusaur|Substitute\n|-damage|p2b: Venusaur|43\/100\n|\n|-weather|Sandstorm|[upkeep]\n|-damage|p2a: Overqwil|44\/100|[from] Sandstorm\n|-damage|p2b: Venusaur|37\/100|[from] Sandstorm\n|-damage|p1a: Krookodile|88\/100 psn|[from] psn\n|-damage|p1b: Seismitoad|88\/100 psn|[from] psn\n|upkeep\n|turn|8\n|\n|t:|1700058145\n|switch|p2a: Toxapex|Toxapex, F, tera:Flying|99\/100\n|move|p1a: Krookodile|Crunch|p2b: Venusaur\n|-activate|p2b: Venusaur|move: Substitute|[damage]\n|move|p1b: Seismitoad|Bounce||[still]\n|-prepare|p1b: Seismitoad|Bounce\n|move|p2b: Venusaur|Giga Drain|p1a: Krookodile\n|-supereffective|p1a: Krookodile\n|-damage|p1a: Krookodile|0 fnt\n|-heal|p2b: Venusaur|77\/100|[from] drain|[of] p1a: Krookodile\n|faint|p1a: Krookodile\n|\n|-weather|none\n|-heal|p2a: Toxapex|100\/100|[from] item: Leftovers\n|-damage|p1b: Seismitoad|76\/100 psn|[from] psn\n|upkeep\n|\n|t:|1700058153\n|switch|p1a: Hippowdon|Hippowdon, M|61\/100\n|-status|p1a: Hippowdon|psn\n|-weather|Sandstorm|[from] ability: Sand Stream|[of] p1a: Hippowdon\n|turn|9\n|c|\u2606Prankbox454|Lol Seismitoad learns bounce?\n|c|\u2606Prankbox454|That's funny\n|c|\u2606Margotbollox|tbf its a toad\n|c|\u2606Prankbox454|Oh yea true\n|l|\u2606Prankbox454\n|player|p2|\n|j|\u2606Prankbox454\n|player|p2|Prankbox454|burgh\n|\n|t:|1700058224\n|move|p2a: Toxapex|Baneful Bunker|p2a: Toxapex\n|-singleturn|p2a: Toxapex|move: Protect\n|move|p2b: Venusaur|Protect|p2b: Venusaur\n|-singleturn|p2b: Venusaur|Protect\n|move|p1b: Seismitoad|Bounce|p2a: Toxapex|[from]lockedmove\n|-activate|p2a: Toxapex|move: Protect\n|move|p1a: Hippowdon|Thunder Fang|p2b: Venusaur\n|-activate|p2b: Venusaur|move: Protect\n|\n|-weather|Sandstorm|[upkeep]\n|-damage|p2a: Toxapex|94\/100|[from] Sandstorm\n|-damage|p2b: Venusaur|71\/100|[from] Sandstorm\n|-heal|p2a: Toxapex|100\/100|[from] item: Leftovers\n|-damage|p1b: Seismitoad|64\/100 psn|[from] psn\n|-damage|p1a: Hippowdon|48\/100 psn|[from] psn\n|upkeep\n|turn|10\n|-message|Margotbollox forfeited.\n|\n|win|Prankbox454\n|raw|Margotbollox's rating: 1070 &rarr; <strong>1055<\/strong><br \/>(-15 for losing)\n|raw|Prankbox454's rating: 1162 &rarr; <strong>1181<\/strong><br \/>(+19 for winning)\n|l|\u2606Margotbollox\n","uploadtime":1700058243,"views":8,"p1id":"margotbollox","p2id":"prankbox454","formatid":"gen9nationaldexdoubles","rating":1055,"private":0,"password":""}