{"id":"gen9nationaldexdoubles-1973050667","p1":"Savant5","p2":"tiny.flame","format":"[Gen 9] National Dex Doubles","log":"|j|\u2606Savant5\n|j|\u2606tiny.flame\n|t:|1697922301\n|gametype|doubles\n|player|p1|Savant5|170|\n|player|p2|tiny.flame|erika-masters2|\n|teamsize|p1|2\n|teamsize|p2|6\n|gen|9\n|tier|[Gen 9] National Dex Doubles\n|rule|HP Percentage Mod: HP is shown in percentages\n|rule|Endless Battle Clause: Forcing endless battles is banned\n|rule|OHKO Clause: OHKO moves are banned\n|rule|Evasion Moves Clause: Evasion moves are banned\n|rule|Evasion Abilities Clause: Evasion abilities are banned\n|rule|Species Clause: Limit one of each Pok\u00e9mon\n|rule|Gravity Sleep Clause: The combination of sleep-inducing moves with imperfect accuracy and Gravity or Gigantamax Orbeetle are banned\n|clearpoke\n|poke|p1|Oricorio-Pom-Pom, F|\n|poke|p1|Volcarona, M|\n|poke|p2|Ninetales-Alola, F|\n|poke|p2|Froslass, F|\n|poke|p2|Frosmoth, M|\n|poke|p2|Cetitan, M|\n|poke|p2|Lapras, F|\n|poke|p2|Abomasnow, M|\n|teampreview\n|c|\u2606tiny.flame|oh fuck you\n|\n|t:|1697922326\n|start\n|switch|p1a: Oricorio|Oricorio-Pom-Pom, F|100\/100\n|switch|p1b: Volcarona|Volcarona, M|100\/100\n|switch|p2a: Ninetales|Ninetales-Alola, F|100\/100\n|switch|p2b: Cetitan|Cetitan, M|100\/100\n|-weather|Snow|[from] ability: Snow Warning|[of] p2a: Ninetales\n|turn|1\n|c|\u2606Savant5|:(\n|\n|t:|1697922339\n|move|p2b: Cetitan|Belly Drum|p2b: Cetitan\n|-damage|p2b: Cetitan|50\/100\n|-setboost|p2b: Cetitan|atk|6|[from] move: Belly Drum\n|-enditem|p2b: Cetitan|Sitrus Berry|[eat]\n|-heal|p2b: Cetitan|75\/100|[from] item: Sitrus Berry\n|move|p2a: Ninetales|Aurora Veil|p2a: Ninetales\n|-sidestart|p2: tiny.flame|move: Aurora Veil\n|move|p1b: Volcarona|Quiver Dance|p1b: Volcarona\n|-boost|p1b: Volcarona|spa|1\n|-boost|p1b: Volcarona|spd|1\n|-boost|p1b: Volcarona|spe|1\n|-activate|p1a: Oricorio|ability: Dancer\n|move|p1a: Oricorio|Quiver Dance|p1a: Oricorio|[from]ability: Dancer\n|-boost|p1a: Oricorio|spa|1\n|-boost|p1a: Oricorio|spd|1\n|-boost|p1a: Oricorio|spe|1\n|move|p1a: Oricorio|Quiver Dance|p1a: Oricorio\n|-boost|p1a: Oricorio|spa|1\n|-boost|p1a: Oricorio|spd|1\n|-boost|p1a: Oricorio|spe|1\n|\n|-weather|Snow|[upkeep]\n|upkeep\n|turn|2\n|\n|t:|1697922378\n|move|p1a: Oricorio|Revelation Dance|p2b: Cetitan\n|-damage|p2b: Cetitan|0 fnt\n|faint|p2b: Cetitan\n|move|p1b: Volcarona|Fiery Dance|p2a: Ninetales\n|-supereffective|p2a: Ninetales\n|-damage|p2a: Ninetales|0 fnt\n|faint|p2a: Ninetales\n|-activate|p1a: Oricorio|ability: Dancer\n|move|p1a: Oricorio|Fiery Dance|p2: Ninetales|[from]ability: Dancer|[notarget]\n|-fail|p1a: Oricorio\n|\n|-weather|Snow|[upkeep]\n|upkeep\n|\n|t:|1697922390\n|switch|p2a: Frosmoth|Frosmoth, M|100\/100\n|switch|p2b: Lapras|Lapras, F|100\/100\n|turn|3\n|\n|t:|1697922402\n|move|p1a: Oricorio|Revelation Dance|p2b: Lapras\n|-supereffective|p2b: Lapras\n|-damage|p2b: Lapras|0 fnt\n|faint|p2b: Lapras\n|move|p1b: Volcarona|Fiery Dance|p2a: Frosmoth\n|-supereffective|p2a: Frosmoth\n|-damage|p2a: Frosmoth|0 fnt\n|faint|p2a: Frosmoth\n|-activate|p1a: Oricorio|ability: Dancer\n|move|p1a: Oricorio|Fiery Dance|p2: Frosmoth|[from]ability: Dancer|[notarget]\n|-fail|p1a: Oricorio\n|\n|-weather|Snow|[upkeep]\n|upkeep\n|\n|t:|1697922439\n|switch|p2a: Froslass|Froslass, F|100\/100\n|switch|p2b: Abomasnow|Abomasnow, M|100\/100\n|turn|4\n|c|\u2606Savant5|wow you can really dance\n|c|\u2606Savant5|he went\n|\n|t:|1697922483\n|move|p1a: Oricorio|Revelation Dance|p2b: Abomasnow\n|-resisted|p2b: Abomasnow\n|-damage|p2b: Abomasnow|65\/100\n|move|p1b: Volcarona|Fiery Dance|p2b: Abomasnow\n|-supereffective|p2b: Abomasnow\n|-damage|p2b: Abomasnow|0 fnt\n|-boost|p1b: Volcarona|spa|1\n|faint|p2b: Abomasnow\n|-activate|p1a: Oricorio|ability: Dancer\n|move|p1a: Oricorio|Fiery Dance|p2a: Froslass|[from]ability: Dancer\n|-supereffective|p2a: Froslass\n|-enditem|p2a: Froslass|Focus Sash\n|-damage|p2a: Froslass|1\/100\n|-boost|p1a: Oricorio|spa|1\n|move|p2a: Froslass|Shadow Ball|p1a: Oricorio\n|-damage|p1a: Oricorio|77\/100\n|\n|-weather|Snow|[upkeep]\n|upkeep\n|turn|5\n|\n|t:|1697922521\n|move|p1a: Oricorio|Revelation Dance|p2a: Froslass\n|-damage|p2a: Froslass|0 fnt\n|faint|p2a: Froslass\n|\n|win|Savant5\n|c|\u2606Savant5|l + ratio + dancing + thriving\n|c|\u2606tiny.flame|ok\n|l|\u2606tiny.flame\n|c|\u2606Savant5|lmao\n","uploadtime":1697922544,"views":16,"p1id":"savant5","p2id":"tinyflame","formatid":"gen9nationaldexdoubles","rating":0,"private":0,"password":""}