{"id":"gen9nationaldexdoubles-1984897940","p1":"Whatsurnumber","p2":"fumbari 24","format":"[Gen 9] National Dex Doubles","log":"|j|\u2606Whatsurnumber\n|j|\u2606fumbari 24\n|t:|1699308717\n|gametype|doubles\n|player|p1|Whatsurnumber|169|1307\n|player|p2|fumbari 24|hilbert|1518\n|teamsize|p1|6\n|teamsize|p2|6\n|gen|9\n|tier|[Gen 9] National Dex Doubles\n|rated|\n|rule|HP Percentage Mod: HP is shown in percentages\n|rule|Endless Battle Clause: Forcing endless battles is banned\n|rule|OHKO Clause: OHKO moves are banned\n|rule|Evasion Moves Clause: Evasion moves are banned\n|rule|Evasion Abilities Clause: Evasion abilities are banned\n|rule|Species Clause: Limit one of each Pok\u00e9mon\n|rule|Gravity Sleep Clause: The combination of sleep-inducing moves with imperfect accuracy and Gravity or Gigantamax Orbeetle are banned\n|clearpoke\n|poke|p1|Dusclops, M|\n|poke|p1|Golem-Alola, M|\n|poke|p1|Lickilicky, F|\n|poke|p1|Camerupt, M|\n|poke|p1|Kingambit, F|\n|poke|p1|Sinistcha|\n|poke|p2|Enamorus, F|\n|poke|p2|Tapu Koko|\n|poke|p2|Sableye, M|\n|poke|p2|Heracross, M|\n|poke|p2|Wyrdeer, M|\n|poke|p2|Gastrodon, M|\n|teampreview\n|inactive|Battle timer is ON: inactive players will automatically lose when time's up. (requested by fumbari 24)\n|\n|t:|1699308733\n|start\n|switch|p1a: Sinistcha|Sinistcha|100\/100\n|switch|p1b: Lickilicky|Lickilicky, F|100\/100\n|switch|p2a: Stoick|Wyrdeer, M|100\/100\n|switch|p2b: Yami|Sableye, M|100\/100\n|-ability|p2a: Stoick|Intimidate|boost\n|-unboost|p1a: Sinistcha|atk|1\n|-fail|p1b: Lickilicky|unboost|Attack|[from] ability: Own Tempo|[of] p1b: Lickilicky\n|turn|1\n|\n|t:|1699308759\n|move|p2b: Yami|Fake Out|p1b: Lickilicky\n|-damage|p1b: Lickilicky|94\/100\n|move|p1a: Sinistcha|Shadow Ball|p2b: Yami\n|-damage|p2b: Yami|44\/100\n|-enditem|p2b: Yami|Sitrus Berry|[eat]\n|-heal|p2b: Yami|69\/100|[from] item: Sitrus Berry\n|move|p2a: Stoick|Imprison|p2a: Stoick\n|-start|p2a: Stoick|move: Imprison\n|cant|p1b: Lickilicky|flinch\n|\n|upkeep\n|turn|2\n|\n|t:|1699308782\n|switch|p1b: Dusclops|Dusclops, M|100\/100\n|-item|p2a: Stoick|Aguav Berry|[from] ability: Frisk|[of] p1b: Dusclops|[identify]\n|move|p2a: Stoick|Detect|p2a: Stoick\n|-singleturn|p2a: Stoick|Protect\n|move|p2b: Yami|Will-O-Wisp|p1b: Dusclops|[miss]\n|-miss|p2b: Yami|p1b: Dusclops\n|move|p1a: Sinistcha|Nasty Plot|p1a: Sinistcha\n|-boost|p1a: Sinistcha|spa|2\n|\n|upkeep\n|turn|3\n|inactive|Whatsurnumber has 120 seconds left.\n|\n|t:|1699308814\n|-terastallize|p2a: Stoick|Fire\n|move|p1b: Dusclops|Helping Hand|p1a: Sinistcha\n|-singleturn|p1a: Sinistcha|Helping Hand|[of] p1b: Dusclops\n|move|p2b: Yami|Encore|p1a: Sinistcha\n|-start|p1a: Sinistcha|Encore\n|move|p1a: Sinistcha|Nasty Plot|p1a: Sinistcha\n|-boost|p1a: Sinistcha|spa|2\n|move|p2a: Stoick|Tera Blast|p1a: Sinistcha|[anim] Tera Blast Fire\n|-supereffective|p1a: Sinistcha\n|-damage|p1a: Sinistcha|17\/100\n|\n|upkeep\n|turn|4\n|inactive|Whatsurnumber has 120 seconds left.\n|\n|t:|1699308853\n|switch|p1a: Golem|Golem-Alola, M|100\/100\n|move|p2a: Stoick|Tera Blast|p1a: Golem|[anim] Tera Blast Fire\n|-resisted|p1a: Golem\n|-damage|p1a: Golem|80\/100\n|move|p2b: Yami|Knock Off|p1b: Dusclops\n|-supereffective|p1b: Dusclops\n|-damage|p1b: Dusclops|70\/100\n|-enditem|p1b: Dusclops|Eviolite|[from] move: Knock Off|[of] p2b: Yami\n|move|p1b: Dusclops|Pain Split|p2a: Stoick\n|-sethp|p2a: Stoick|70\/100|[from] move: Pain Split|[silent]\n|-sethp|p1b: Dusclops|100\/100|[from] move: Pain Split\n|\n|upkeep\n|turn|5\n|inactive|Whatsurnumber has 120 seconds left.\n|\n|t:|1699308880\n|-terastallize|p1b: Dusclops|Ground\n|move|p1b: Dusclops|Helping Hand|p1a: Golem\n|-singleturn|p1a: Golem|Helping Hand|[of] p1b: Dusclops\n|move|p2a: Stoick|Detect|p2a: Stoick\n|-singleturn|p2a: Stoick|Protect\n|move|p2b: Yami|Will-O-Wisp|p1a: Golem\n|-status|p1a: Golem|brn\n|move|p1a: Golem|Explosion|p2b: Yami|[spread] p2b\n|-activate|p2a: Stoick|move: Protect\n|-immune|p1b: Dusclops\n|-damage|p2b: Yami|0 fnt\n|faint|p1a: Golem\n|faint|p2b: Yami\n|\n|upkeep\n|inactive|Whatsurnumber has 120 seconds left.\n|\n|t:|1699308904\n|switch|p2b: Heracles|Heracross, M|100\/100\n|switch|p1a: Lickilicky|Lickilicky, F|94\/100\n|turn|6\n|inactive|fumbari 24 has 120 seconds left.\n|\n|t:|1699308939\n|detailschange|p2b: Heracles|Heracross-Mega, M\n|-mega|p2b: Heracles|Heracross|Heracronite\n|move|p1b: Dusclops|Helping Hand|p1a: Lickilicky\n|-singleturn|p1a: Lickilicky|Helping Hand|[of] p1b: Dusclops\n|move|p2b: Heracles|Protect|p2b: Heracles\n|-singleturn|p2b: Heracles|Protect\n|move|p2a: Stoick|Tera Blast|p1a: Lickilicky|[anim] Tera Blast Fire\n|-damage|p1a: Lickilicky|65\/100\n|move|p1a: Lickilicky|Rock Slide|p2b: Heracles|[spread] p2a\n|-activate|p2b: Heracles|move: Protect\n|-supereffective|p2a: Stoick\n|-damage|p2a: Stoick|12\/100\n|-enditem|p2a: Stoick|Aguav Berry|[eat]\n|-heal|p2a: Stoick|46\/100|[from] item: Aguav Berry\n|-damage|p1a: Lickilicky|55\/100|[from] item: Life Orb\n|\n|upkeep\n|turn|7\n|\n|t:|1699308957\n|switch|p1b: Sinistcha|Sinistcha|17\/100\n|-heal|p1a: Lickilicky|79\/100|[from] ability: Hospitality|[of] p1b: Sinistcha\n|move|p2a: Stoick|Detect|p2a: Stoick\n|-singleturn|p2a: Stoick|Protect\n|move|p2b: Heracles|Bullet Seed|p1b: Sinistcha\n|-resisted|p1b: Sinistcha\n|-damage|p1b: Sinistcha|12\/100\n|-resisted|p1b: Sinistcha\n|-damage|p1b: Sinistcha|6\/100\n|-resisted|p1b: Sinistcha\n|-damage|p1b: Sinistcha|0 fnt\n|faint|p1b: Sinistcha\n|-hitcount|p1: Sinistcha|3\n|move|p1a: Lickilicky|Explosion|p2a: Stoick|[spread] p2b\n|-activate|p2a: Stoick|move: Protect\n|-damage|p2b: Heracles|14\/100\n|faint|p1a: Lickilicky\n|\n|upkeep\n|inactive|Whatsurnumber has 120 seconds left.\n|\n|t:|1699308986\n|switch|p1b: Camerupt|Camerupt, M|100\/100\n|switch|p1a: Kingambit|Kingambit, F|100\/100\n|-activate|p1a: Kingambit|ability: Supreme Overlord\n|-start|p1a: Kingambit|fallen3|[silent]\n|turn|8\n|inactive|Whatsurnumber has 120 seconds left.\n|\n|t:|1699309009\n|detailschange|p1b: Camerupt|Camerupt-Mega, M\n|-mega|p1b: Camerupt|Camerupt|Cameruptite\n|move|p1b: Camerupt|Protect|p1b: Camerupt\n|-singleturn|p1b: Camerupt|Protect\n|move|p1a: Kingambit|Sucker Punch|p2b: Heracles\n|-resisted|p2b: Heracles\n|-damage|p2b: Heracles|0 fnt\n|faint|p2b: Heracles\n|move|p2a: Stoick|Tera Blast|p1a: Kingambit|[anim] Tera Blast Fire\n|-supereffective|p1a: Kingambit\n|-damage|p1a: Kingambit|35\/100\n|\n|upkeep\n|\n|t:|1699309023\n|switch|p2b: Shelldon|Gastrodon, M|100\/100\n|turn|9\n|\n|t:|1699309034\n|move|p2a: Stoick|Detect|p2a: Stoick\n|-singleturn|p2a: Stoick|Protect\n|move|p1a: Kingambit|Sucker Punch||[still]\n|-fail|p1a: Kingambit\n|move|p2b: Shelldon|Earth Power|p1b: Camerupt\n|-supereffective|p1b: Camerupt\n|-damage|p1b: Camerupt|32\/100\n|move|p1b: Camerupt|Eruption|p2a: Stoick|[spread] p2b\n|-activate|p2a: Stoick|move: Protect\n|-resisted|p2b: Shelldon\n|-damage|p2b: Shelldon|91\/100\n|\n|upkeep\n|turn|10\n|\n|t:|1699309050\n|move|p2a: Stoick|Detect|p2a: Stoick\n|-singleturn|p2a: Stoick|Protect\n|move|p1a: Kingambit|Sucker Punch||[still]\n|-fail|p1a: Kingambit\n|move|p2b: Shelldon|Earth Power|p1a: Kingambit\n|-supereffective|p1a: Kingambit\n|-crit|p1a: Kingambit\n|-damage|p1a: Kingambit|0 fnt\n|faint|p1a: Kingambit\n|-end|p1a: Kingambit|fallen3|[silent]\n|move|p1b: Camerupt|Earth Power|p2a: Stoick\n|-activate|p2a: Stoick|move: Protect\n|\n|upkeep\n|\n|t:|1699309059\n|switch|p1a: Dusclops|Dusclops, M, tera:Ground|100\/100\n|-item|p2b: Shelldon|Rindo Berry|[from] ability: Frisk|[of] p1a: Dusclops|[identify]\n|turn|11\n|-message|Whatsurnumber forfeited.\n|\n|win|fumbari 24\n|raw|Whatsurnumber's rating: 1307 &rarr; <strong>1298<\/strong><br \/>(-9 for losing)\n|raw|fumbari 24's rating: 1518 &rarr; <strong>1527<\/strong><br \/>(+9 for winning)\n|l|\u2606Whatsurnumber\n","uploadtime":1699309071,"views":7,"p1id":"whatsurnumber","p2id":"fumbari24","formatid":"gen9nationaldexdoubles","rating":1298,"private":0,"password":""}