{"id":"gen9nationaldexdoubles-1957693405","p1":"bloody moth","p2":"wlaaa","format":"[Gen 9] National Dex Doubles","log":"|j|\u2606bloody moth\n|j|\u2606wlaaa\n|t:|1696253753\n|gametype|doubles\n|player|p1|bloody moth|dawn|\n|player|p2|wlaaa|dawn-gen4pt|\n|teamsize|p1|6\n|teamsize|p2|6\n|gen|9\n|tier|[Gen 9] National Dex Doubles\n|rule|HP Percentage Mod: HP is shown in percentages\n|rule|Endless Battle Clause: Forcing endless battles is banned\n|rule|OHKO Clause: OHKO moves are banned\n|rule|Evasion Moves Clause: Evasion moves are banned\n|rule|Evasion Abilities Clause: Evasion abilities are banned\n|rule|Species Clause: Limit one of each Pok\u00e9mon\n|rule|Gravity Sleep Clause: The combination of sleep-inducing moves with imperfect accuracy and Gravity or Gigantamax Orbeetle are banned\n|clearpoke\n|poke|p1|Whimsicott, M|\n|poke|p1|Ribombee, M|\n|poke|p1|Tapu Lele|\n|poke|p1|Gardevoir, F|\n|poke|p1|Ursaluna-Bloodmoon, M|\n|poke|p1|Clefairy, F|\n|poke|p2|Pincurchin, M|\n|poke|p2|Xurkitree|\n|poke|p2|Oricorio-Pom-Pom, F|\n|poke|p2|Rotom-Wash|\n|poke|p2|Pawmot, F|\n|poke|p2|Victini|\n|teampreview\n|\n|t:|1696253763\n|start\n|switch|p1a: Whimsicott|Whimsicott, M|100\/100\n|switch|p1b: Ursaluna|Ursaluna-Bloodmoon, M|100\/100\n|switch|p2a: Pincurchin|Pincurchin, M|100\/100\n|switch|p2b: Oricorio|Oricorio-Pom-Pom, F|100\/100\n|-fieldstart|move: Electric Terrain|[from] ability: Electric Surge|[of] p2a: Pincurchin\n|turn|1\n|\n|t:|1696253784\n|switch|p2a: Rotom|Rotom-Wash|100\/100\n|move|p1a: Whimsicott|Tailwind|p1a: Whimsicott\n|-sidestart|p1: bloody moth|move: Tailwind\n|move|p1b: Ursaluna|Blood Moon|p2b: Oricorio\n|-damage|p2b: Oricorio|9\/100\n|-enditem|p2b: Oricorio|Aguav Berry|[eat]\n|-heal|p2b: Oricorio|42\/100|[from] item: Aguav Berry\n|move|p2b: Oricorio|Tailwind|p2b: Oricorio\n|-sidestart|p2: wlaaa|move: Tailwind\n|\n|upkeep\n|turn|2\n|\n|t:|1696253828\n|switch|p1b: Clefairy|Clefairy, F|100\/100\n|move|p1a: Whimsicott|Moonblast|p2b: Oricorio\n|-damage|p2b: Oricorio|14\/100\n|move|p2b: Oricorio|Quiver Dance|p2b: Oricorio\n|-boost|p2b: Oricorio|spa|1\n|-boost|p2b: Oricorio|spd|1\n|-boost|p2b: Oricorio|spe|1\n|move|p2a: Rotom|Hydro Pump|p1b: Clefairy|[miss]\n|-miss|p2a: Rotom|p1b: Clefairy\n|\n|upkeep\n|turn|3\n|\n|t:|1696253851\n|switch|p1b: Ribombee|Ribombee, M|100\/100\n|move|p1a: Whimsicott|Taunt|p2b: Oricorio\n|-start|p2b: Oricorio|move: Taunt\n|cant|p2b: Oricorio|move: Taunt|Baton Pass\n|move|p2a: Rotom|Hydro Pump|p1b: Ribombee\n|-damage|p1b: Ribombee|35\/100\n|\n|upkeep\n|turn|4\n|\n|t:|1696253876\n|move|p1b: Ribombee|Sticky Web|p2a: Rotom\n|-sidestart|p2: wlaaa|move: Sticky Web\n|move|p1a: Whimsicott|Moonblast|p2b: Oricorio\n|-crit|p2b: Oricorio\n|-damage|p2b: Oricorio|0 fnt\n|faint|p2b: Oricorio\n|move|p2a: Rotom|Volt Switch|p1a: Whimsicott\n|-resisted|p1a: Whimsicott\n|-damage|p1a: Whimsicott|74\/100\n|\n|t:|1696253887\n|switch|p2a: Pawmot|Pawmot, F|100\/100|[from] Volt Switch\n|-activate|p2a: Pawmot|move: Sticky Web\n|-unboost|p2a: Pawmot|spe|1\n|\n|-sideend|p2: wlaaa|move: Tailwind\n|-sideend|p1: bloody moth|move: Tailwind\n|upkeep\n|\n|t:|1696253898\n|switch|p2b: Victini|Victini|100\/100\n|-activate|p2b: Victini|move: Sticky Web\n|-unboost|p2b: Victini|spe|1\n|turn|5\n|\n|t:|1696253942\n|move|p2a: Pawmot|Fake Out|p1a: Whimsicott\n|-damage|p1a: Whimsicott|61\/100\n|cant|p1a: Whimsicott|flinch\n|move|p1b: Ribombee|Bug Buzz|p2b: Victini\n|-damage|p2b: Victini|83\/100\n|move|p2b: Victini|V-create|p1a: Whimsicott\n|-supereffective|p1a: Whimsicott\n|-damage|p1a: Whimsicott|0 fnt\n|-unboost|p2b: Victini|spe|1\n|-unboost|p2b: Victini|def|1\n|-unboost|p2b: Victini|spd|1\n|faint|p1a: Whimsicott\n|\n|upkeep\n|\n|t:|1696253953\n|switch|p1a: Ursaluna|Ursaluna-Bloodmoon, M|100\/100\n|turn|6\n|\n|t:|1696253984\n|switch|p2a: Rotom|Rotom-Wash|100\/100\n|-terastallize|p2b: Victini|Electric\n|move|p1b: Ribombee|Quiver Dance|p1b: Ribombee\n|-boost|p1b: Ribombee|spa|1\n|-boost|p1b: Ribombee|spd|1\n|-boost|p1b: Ribombee|spe|1\n|move|p1a: Ursaluna|Blood Moon|p2b: Victini\n|-damage|p2b: Victini|9\/100\n|move|p2b: Victini|Brick Break|p1a: Ursaluna\n|-supereffective|p1a: Ursaluna\n|-damage|p1a: Ursaluna|67\/100\n|\n|upkeep\n|turn|7\n|\n|t:|1696254021\n|move|p1b: Ribombee|Baton Pass|p1b: Ribombee\n|\n|t:|1696254030\n|switch|p1b: Gardevoir|Gardevoir, F|100\/100|[from] Baton Pass\n|-ability|p1b: Gardevoir|Levitate|[from] ability: Trace|[of] p2a: Rotom\n|move|p2a: Rotom|Hydro Pump|p1a: Ursaluna\n|-supereffective|p1a: Ursaluna\n|-crit|p1a: Ursaluna\n|-damage|p1a: Ursaluna|0 fnt\n|faint|p1a: Ursaluna\n|move|p2b: Victini|Bolt Strike|p1b: Gardevoir\n|-damage|p1b: Gardevoir|0 fnt\n|faint|p1b: Gardevoir\n|\n|upkeep\n|c|\u2606bloody moth|\u4e0d\uff01\n|\n|t:|1696254052\n|switch|p1b: Ribombee|Ribombee, M|35\/100\n|switch|p1a: Tapu Lele|Tapu Lele|100\/100\n|-fieldstart|move: Psychic Terrain|[from] ability: Psychic Surge|[of] p1a: Tapu Lele\n|turn|8\n|c|\u2606wlaaa|\u597d\uff01\n|\n|t:|1696254065\n|switch|p2b: Pincurchin|Pincurchin, M|100\/100\n|-activate|p2b: Pincurchin|move: Sticky Web\n|-unboost|p2b: Pincurchin|spe|1\n|-fieldstart|move: Electric Terrain|[from] ability: Electric Surge|[of] p2b: Pincurchin\n|-terastallize|p1a: Tapu Lele|Psychic\n|move|p1b: Ribombee|Bug Buzz|p2b: Pincurchin\n|-damage|p2b: Pincurchin|60\/100\n|-unboost|p2b: Pincurchin|spd|1\n|move|p1a: Tapu Lele|Psychic|p2a: Rotom\n|-damage|p2a: Rotom|0 fnt\n|faint|p2a: Rotom\n|\n|upkeep\n|\n|t:|1696254083\n|switch|p2a: Pawmot|Pawmot, F|100\/100\n|-activate|p2a: Pawmot|move: Sticky Web\n|-unboost|p2a: Pawmot|spe|1\n|turn|9\n|\n|t:|1696254094\n|move|p2a: Pawmot|Fake Out|p1a: Tapu Lele\n|-damage|p1a: Tapu Lele|83\/100\n|move|p2b: Pincurchin|Sucker Punch|p1a: Tapu Lele\n|-supereffective|p1a: Tapu Lele\n|-damage|p1a: Tapu Lele|14\/100\n|move|p1b: Ribombee|Bug Buzz|p2a: Pawmot\n|-resisted|p2a: Pawmot\n|-damage|p2a: Pawmot|78\/100\n|cant|p1a: Tapu Lele|flinch\n|\n|upkeep\n|turn|10\n|\n|t:|1696254111\n|switch|p1a: Clefairy|Clefairy, F|100\/100\n|move|p2b: Pincurchin|Sucker Punch|p1b: Ribombee\n|-resisted|p1b: Ribombee\n|-damage|p1b: Ribombee|22\/100\n|move|p1b: Ribombee|Bug Buzz|p2b: Pincurchin\n|-damage|p2b: Pincurchin|0 fnt\n|faint|p2b: Pincurchin\n|move|p2a: Pawmot|Double Shock|p1b: Ribombee\n|-damage|p1b: Ribombee|0 fnt\n|-start|p2a: Pawmot|typechange|???\/Fighting|[from] move: Double Shock\n|faint|p1b: Ribombee\n|\n|upkeep\n|\n|t:|1696254129\n|switch|p1b: Tapu Lele|Tapu Lele, tera:Psychic|14\/100\n|switch|p2b: Xurkitree|Xurkitree|100\/100\n|-fieldstart|move: Psychic Terrain|[from] ability: Psychic Surge|[of] p1b: Tapu Lele\n|-activate|p2b: Xurkitree|move: Sticky Web\n|-unboost|p2b: Xurkitree|spe|1\n|turn|11\n|\n|t:|1696254149\n|move|p1a: Clefairy|Follow Me|p1a: Clefairy\n|-singleturn|p1a: Clefairy|move: Follow Me\n|move|p1b: Tapu Lele|Psychic|p2b: Xurkitree\n|-enditem|p2b: Xurkitree|Focus Sash\n|-damage|p2b: Xurkitree|1\/100\n|move|p2a: Pawmot|Revival Blessing|p2a: Pawmot\n|-enditem|p2a: Pawmot|Leppa Berry|[eat]\n|-activate|p2a: Pawmot|item: Leppa Berry|Revival Blessing|[consumed]\n|\n|t:|1696254159\n|-heal|p2: Rotom|50\/100|[from] move: Revival Blessing\n|move|p2b: Xurkitree|Discharge|p1a: Clefairy|[spread] p1a,p1b\n|-heal|p2a: Pawmot|100\/100|[from] ability: Volt Absorb|[of] p2b: Xurkitree\n|-damage|p1a: Clefairy|72\/100\n|-damage|p1b: Tapu Lele|0 fnt\n|-status|p1a: Clefairy|par\n|faint|p1b: Tapu Lele\n|-ability|p2b: Xurkitree|Beast Boost|boost\n|-boost|p2b: Xurkitree|spa|1\n|\n|upkeep\n|turn|12\n|c|\u2606bloody moth|\u4e0d\uff01\n|c|\u2606bloody moth|1\/24\n|c|\u2606bloody moth|\u8d70\u4e86\n|\n|t:|1696254191\n|move|p1a: Clefairy|Ally Switch||[still]\n|-fail|p1a: Clefairy\n|move|p2a: Pawmot|Play Rough|p1a: Clefairy\n|-damage|p1a: Clefairy|41\/100 par\n|move|p2b: Xurkitree|Dazzling Gleam|p1a: Clefairy\n|-damage|p1a: Clefairy|7\/100 par\n|\n|upkeep\n|turn|13\n|inactive|Battle timer is ON: inactive players will automatically lose when time's up. (requested by bloody moth)\n|\n|t:|1696254205\n|move|p2a: Pawmot|Play Rough|p1a: Clefairy\n|-damage|p1a: Clefairy|0 fnt\n|faint|p1a: Clefairy\n|\n|win|wlaaa\n","uploadtime":1696254211,"views":9,"p1id":"bloodymoth","p2id":"wlaaa","formatid":"gen9nationaldexdoubles","rating":0,"private":0,"password":""}