{"id":"gen9nationaldexdoubles-1947766269","p1":"haruwin","p2":"hexagonereal","format":"[Gen 9] National Dex Doubles","log":"|j|\u2606haruwin\n|j|\u2606hexagonereal\n|t:|1695199057\n|gametype|doubles\n|player|p1|haruwin|265|1052\n|player|p2|hexagonereal|cyrus|1112\n|teamsize|p1|6\n|teamsize|p2|6\n|gen|9\n|tier|[Gen 9] National Dex Doubles\n|rated|\n|rule|HP Percentage Mod: HP is shown in percentages\n|rule|Endless Battle Clause: Forcing endless battles is banned\n|rule|OHKO Clause: OHKO moves are banned\n|rule|Evasion Moves Clause: Evasion moves are banned\n|rule|Evasion Abilities Clause: Evasion abilities are banned\n|rule|Species Clause: Limit one of each Pok\u00e9mon\n|rule|Gravity Sleep Clause: The combination of sleep-inducing moves with imperfect accuracy and Gravity or Gigantamax Orbeetle are banned\n|clearpoke\n|poke|p1|Iron Hands|\n|poke|p1|Pincurchin, M|\n|poke|p1|Cresselia, F|\n|poke|p1|Landorus-Therian, M|\n|poke|p1|Camerupt, M|\n|poke|p1|Hatterene, F|\n|poke|p2|Charizard, F|\n|poke|p2|Whimsicott, M|\n|poke|p2|Flutter Mane|\n|poke|p2|Rillaboom, F|\n|poke|p2|Kingambit, F|\n|poke|p2|Chi-Yu|\n|teampreview\n|\n|t:|1695199075\n|start\n|switch|p1a: Pincurchin|Pincurchin, M|100\/100\n|switch|p1b: Landorus|Landorus-Therian, M|100\/100\n|switch|p2a: Rillaboom|Rillaboom, F|100\/100\n|switch|p2b: Kingambit|Kingambit, F|100\/100\n|-ability|p1b: Landorus|Intimidate|boost\n|-unboost|p2a: Rillaboom|atk|1\n|-unboost|p2b: Kingambit|atk|1\n|-ability|p2b: Kingambit|Defiant|boost\n|-boost|p2b: Kingambit|atk|2\n|-fieldstart|move: Grassy Terrain|[from] ability: Grassy Surge|[of] p2a: Rillaboom\n|-fieldstart|move: Electric Terrain|[from] ability: Electric Surge|[of] p1a: Pincurchin\n|turn|1\n|\n|t:|1695199097\n|move|p2a: Rillaboom|Fake Out|p1b: Landorus\n|-damage|p1b: Landorus|89\/100\n|-damage|p2a: Rillaboom|84\/100|[from] item: Rocky Helmet|[of] p1b: Landorus\n|cant|p1b: Landorus|flinch\n|move|p2b: Kingambit|Kowtow Cleave|p1b: Landorus\n|-damage|p1b: Landorus|7\/100\n|-damage|p2b: Kingambit|84\/100|[from] item: Rocky Helmet|[of] p1b: Landorus\n|move|p1a: Pincurchin|Toxic Spikes|p2b: Kingambit\n|-sidestart|p2: hexagonereal|move: Toxic Spikes\n|\n|-heal|p2b: Kingambit|90\/100|[from] item: Leftovers\n|upkeep\n|turn|2\n|\n|t:|1695199134\n|-terastallize|p2b: Kingambit|Flying\n|move|p1b: Landorus|U-turn|p2b: Kingambit\n|-resisted|p2b: Kingambit\n|-damage|p2b: Kingambit|81\/100\n|\n|t:|1695199142\n|switch|p1b: Cresselia|Cresselia, F|100\/100|[from] U-turn\n|move|p2a: Rillaboom|Grassy Glide|p1b: Cresselia\n|-damage|p1b: Cresselia|90\/100\n|move|p2b: Kingambit|Knock Off|p1a: Pincurchin\n|-damage|p1a: Pincurchin|2\/100\n|-enditem|p1a: Pincurchin|Terrain Extender|[from] move: Knock Off|[of] p2b: Kingambit\n|move|p1a: Pincurchin|Rising Voltage|p2b: Kingambit\n|-supereffective|p2b: Kingambit\n|-damage|p2b: Kingambit|23\/100\n|\n|-heal|p1b: Cresselia|96\/100|[from] item: Leftovers\n|-heal|p2b: Kingambit|29\/100|[from] item: Leftovers\n|upkeep\n|turn|3\n|\n|t:|1695199167\n|move|p2a: Rillaboom|Bulldoze|p1a: Pincurchin|[spread] p1a\n|-immune|p2b: Kingambit\n|-immune|p1b: Cresselia|[from] ability: Levitate\n|-supereffective|p1a: Pincurchin\n|-damage|p1a: Pincurchin|0 fnt\n|faint|p1a: Pincurchin\n|move|p2b: Kingambit|Knock Off|p1b: Cresselia\n|-supereffective|p1b: Cresselia\n|-damage|p1b: Cresselia|7\/100\n|-enditem|p1b: Cresselia|Leftovers|[from] move: Knock Off|[of] p2b: Kingambit\n|move|p1b: Cresselia|Trick Room|p1b: Cresselia\n|-fieldstart|move: Trick Room|[of] p1b: Cresselia\n|\n|-heal|p2b: Kingambit|35\/100|[from] item: Leftovers\n|upkeep\n|\n|t:|1695199176\n|switch|p1a: Iron Hands|Iron Hands|100\/100\n|-activate|p1a: Iron Hands|ability: Quark Drive\n|-start|p1a: Iron Hands|quarkdriveatk\n|turn|4\n|\n|t:|1695199198\n|switch|p2b: Whimsicott|Whimsicott, M|100\/100\n|-status|p2b: Whimsicott|psn\n|move|p1a: Iron Hands|Fake Out|p2a: Rillaboom\n|-damage|p2a: Rillaboom|52\/100\n|-damage|p1a: Iron Hands|91\/100|[from] item: Life Orb\n|move|p1b: Cresselia|Dazzling Gleam|p2a: Rillaboom|[spread] p2a,p2b\n|-damage|p2a: Rillaboom|42\/100\n|-damage|p2b: Whimsicott|85\/100 psn\n|cant|p2a: Rillaboom|flinch\n|\n|-damage|p2b: Whimsicott|73\/100 psn|[from] psn\n|upkeep\n|turn|5\n|\n|t:|1695199223\n|move|p2b: Whimsicott|Encore|p1a: Iron Hands\n|-start|p1a: Iron Hands|Encore\n|move|p1a: Iron Hands|Fake Out||[still]\n|-hint|Fake Out only works on your first turn out.\n|-fail|p1a: Iron Hands\n|move|p1b: Cresselia|Moonlight|p1b: Cresselia\n|-heal|p1b: Cresselia|57\/100\n|move|p2a: Rillaboom|High Horsepower|p1a: Iron Hands\n|-supereffective|p1a: Iron Hands\n|-damage|p1a: Iron Hands|66\/100\n|\n|-damage|p2b: Whimsicott|60\/100 psn|[from] psn\n|upkeep\n|turn|6\n|\n|t:|1695199249\n|-end|p1a: Iron Hands|Quark Drive|[silent]\n|switch|p1a: Camerupt|Camerupt, M|100\/100\n|switch|p2a: Charizard|Charizard, F|100\/100\n|move|p1b: Cresselia|Light Screen|p1b: Cresselia\n|-sidestart|p1: haruwin|move: Light Screen\n|move|p2b: Whimsicott|Moonblast|p1b: Cresselia\n|-damage|p1b: Cresselia|46\/100\n|\n|-damage|p2b: Whimsicott|48\/100 psn|[from] psn\n|upkeep\n|turn|7\n|\n|t:|1695199275\n|move|p2a: Charizard|Protect|p2a: Charizard\n|-singleturn|p2a: Charizard|Protect\n|move|p2b: Whimsicott|Encore|p1b: Cresselia\n|-start|p1b: Cresselia|Encore\n|move|p1a: Camerupt|Eruption|p2b: Whimsicott|[spread] p2b\n|-activate|p2a: Charizard|move: Protect\n|-supereffective|p2b: Whimsicott\n|-damage|p2b: Whimsicott|0 fnt\n|faint|p2b: Whimsicott\n|move|p1b: Cresselia|Light Screen||[still]\n|-fail|p1b: Cresselia\n|\n|-fieldend|move: Trick Room\n|upkeep\n|\n|t:|1695199292\n|switch|p2b: Kingambit|Kingambit, F, tera:Flying|35\/100\n|turn|8\n|\n|t:|1695199324\n|switch|p1b: Landorus|Landorus-Therian, M|7\/100\n|-ability|p1b: Landorus|Intimidate|boost\n|-unboost|p2a: Charizard|atk|1\n|-unboost|p2b: Kingambit|atk|1\n|-ability|p2b: Kingambit|Defiant|boost\n|-boost|p2b: Kingambit|atk|2\n|detailschange|p2a: Charizard|Charizard-Mega-Y, F\n|-mega|p2a: Charizard|Charizard|Charizardite Y\n|-weather|SunnyDay|[from] ability: Drought|[of] p2a: Charizard\n|move|p2a: Charizard|Heat Wave|p1a: Camerupt|[spread] p1a,p1b\n|-resisted|p1a: Camerupt\n|-damage|p1a: Camerupt|75\/100\n|-damage|p1b: Landorus|0 fnt\n|faint|p1b: Landorus\n|move|p2b: Kingambit|Kowtow Cleave|p1a: Camerupt\n|-damage|p1a: Camerupt|0 fnt\n|faint|p1a: Camerupt\n|\n|-weather|SunnyDay|[upkeep]\n|-heal|p2b: Kingambit|41\/100|[from] item: Leftovers\n|-fieldend|move: Electric Terrain\n|upkeep\n|\n|t:|1695199346\n|switch|p1b: Iron Hands|Iron Hands|66\/100\n|switch|p1a: Cresselia|Cresselia, F|46\/100\n|turn|9\n|\n|t:|1695199357\n|move|p2a: Charizard|Protect|p2a: Charizard\n|-singleturn|p2a: Charizard|Protect\n|move|p2b: Kingambit|Protect|p2b: Kingambit\n|-singleturn|p2b: Kingambit|Protect\n|move|p1b: Iron Hands|Fake Out|p2b: Kingambit\n|-activate|p2b: Kingambit|move: Protect\n|move|p1a: Cresselia|Trick Room|p1a: Cresselia\n|-fieldstart|move: Trick Room|[of] p1a: Cresselia\n|\n|-weather|SunnyDay|[upkeep]\n|-heal|p2b: Kingambit|48\/100|[from] item: Leftovers\n|upkeep\n|turn|10\n|\n|t:|1695199389\n|switch|p2a: Rillaboom|Rillaboom, F|42\/100\n|-status|p2a: Rillaboom|psn\n|-fieldstart|move: Grassy Terrain|[from] ability: Grassy Surge|[of] p2a: Rillaboom\n|move|p1b: Iron Hands|Close Combat|p2b: Kingambit\n|-resisted|p2b: Kingambit\n|-damage|p2b: Kingambit|16\/100\n|-unboost|p1b: Iron Hands|def|1\n|-unboost|p1b: Iron Hands|spd|1\n|-damage|p1b: Iron Hands|56\/100|[from] item: Life Orb\n|move|p2b: Kingambit|Kowtow Cleave|p1a: Cresselia\n|-supereffective|p1a: Cresselia\n|-damage|p1a: Cresselia|0 fnt\n|faint|p1a: Cresselia\n|\n|-weather|SunnyDay|[upkeep]\n|-heal|p1b: Iron Hands|62\/100|[from] Grassy Terrain\n|-heal|p2b: Kingambit|22\/100|[from] item: Leftovers\n|-heal|p2a: Rillaboom|48\/100 psn|[from] Grassy Terrain\n|-damage|p2a: Rillaboom|35\/100 psn|[from] psn\n|-sideend|p1: haruwin|move: Light Screen\n|upkeep\n|\n|t:|1695199395\n|switch|p1a: Hatterene|Hatterene, F|100\/100\n|turn|11\n|\n|t:|1695199432\n|move|p2a: Rillaboom|Fake Out|p1b: Iron Hands\n|-damage|p1b: Iron Hands|50\/100\n|move|p1a: Hatterene|Mystical Fire|p2a: Rillaboom\n|-supereffective|p2a: Rillaboom\n|-damage|p2a: Rillaboom|0 fnt\n|faint|p2a: Rillaboom\n|cant|p1b: Iron Hands|flinch\n|move|p2b: Kingambit|Iron Head|p1a: Hatterene\n|-supereffective|p1a: Hatterene\n|-damage|p1a: Hatterene|0 fnt\n|faint|p1a: Hatterene\n|\n|-weather|SunnyDay|[upkeep]\n|-heal|p1b: Iron Hands|56\/100|[from] Grassy Terrain\n|-heal|p2b: Kingambit|28\/100|[from] item: Leftovers\n|upkeep\n|\n|t:|1695199447\n|switch|p2a: Flutter Mane|Flutter Mane|100\/100\n|-status|p2a: Flutter Mane|psn\n|-activate|p2a: Flutter Mane|ability: Protosynthesis\n|-start|p2a: Flutter Mane|protosynthesisspe\n|turn|12\n|\n|t:|1695199465\n|move|p1b: Iron Hands|Heavy Slam|p2a: Flutter Mane\n|-supereffective|p2a: Flutter Mane\n|-damage|p2a: Flutter Mane|0 fnt\n|faint|p2a: Flutter Mane\n|-end|p2a: Flutter Mane|Protosynthesis|[silent]\n|-damage|p1b: Iron Hands|46\/100|[from] item: Life Orb\n|move|p2b: Kingambit|Kowtow Cleave|p1b: Iron Hands\n|-resisted|p1b: Iron Hands\n|-damage|p1b: Iron Hands|12\/100\n|\n|-weather|none\n|-heal|p1b: Iron Hands|18\/100|[from] Grassy Terrain\n|-heal|p2b: Kingambit|34\/100|[from] item: Leftovers\n|upkeep\n|\n|t:|1695199471\n|switch|p2a: Charizard|Charizard-Mega-Y, F|100\/100\n|-weather|SunnyDay|[from] ability: Drought|[of] p2a: Charizard\n|turn|13\n|\n|t:|1695199476\n|move|p2b: Kingambit|Protect|p2b: Kingambit\n|-singleturn|p2b: Kingambit|Protect\n|move|p2a: Charizard|Protect|p2a: Charizard\n|-singleturn|p2a: Charizard|Protect\n|move|p1b: Iron Hands|Heavy Slam|p2b: Kingambit\n|-activate|p2b: Kingambit|move: Protect\n|\n|-weather|SunnyDay|[upkeep]\n|-heal|p1b: Iron Hands|25\/100|[from] Grassy Terrain\n|-heal|p2b: Kingambit|40\/100|[from] item: Leftovers\n|-fieldend|move: Trick Room\n|upkeep\n|turn|14\n|\n|t:|1695199490\n|move|p2a: Charizard|Heat Wave|p1b: Iron Hands\n|-damage|p1b: Iron Hands|0 fnt\n|faint|p1b: Iron Hands\n|-end|p1b: Iron Hands|Quark Drive|[silent]\n|\n|win|hexagonereal\n|raw|haruwin's rating: 1094 &rarr; <strong>1071<\/strong><br \/>(-23 for losing)\n|raw|hexagonereal's rating: 1112 &rarr; <strong>1136<\/strong><br \/>(+24 for winning)\n|l|\u2606haruwin\n","uploadtime":1695199500,"views":11,"p1id":"haruwin","p2id":"hexagonereal","formatid":"gen9nationaldexdoubles","rating":1071,"private":0,"password":""}