{"id":"gen9nationaldexdoubles-1992047097","p1":"Husali","p2":"FriedBeaver01","format":"[Gen 9] National Dex Doubles","log":"|j|\u2606Husali\n|j|\u203dFriedBeaver01\n|t:|1700150631\n|gametype|doubles\n|player|p1|Husali|1|1143\n|player|p2|FriedBeaver01|1|1153\n|teamsize|p1|6\n|teamsize|p2|6\n|gen|9\n|tier|[Gen 9] National Dex Doubles\n|rated|\n|rule|HP Percentage Mod: HP is shown in percentages\n|rule|Endless Battle Clause: Forcing endless battles is banned\n|rule|OHKO Clause: OHKO moves are banned\n|rule|Evasion Moves Clause: Evasion moves are banned\n|rule|Evasion Abilities Clause: Evasion abilities are banned\n|rule|Species Clause: Limit one of each Pok\u00e9mon\n|rule|Gravity Sleep Clause: The combination of sleep-inducing moves with imperfect accuracy and Gravity or Gigantamax Orbeetle are banned\n|clearpoke\n|poke|p1|Hippowdon, F|\n|poke|p1|Heatran, F|\n|poke|p1|Metagross|\n|poke|p1|Excadrill, M|\n|poke|p1|Gastrodon, F|\n|poke|p1|Heracross, F|\n|poke|p2|Hippowdon, M|\n|poke|p2|Steelix, M|\n|poke|p2|Garganacl, M|\n|poke|p2|Houndstone, M|\n|poke|p2|Glimmora, M|\n|poke|p2|Sandy Shocks|\n|teampreview\n|\n|t:|1700150646\n|start\n|switch|p1a: Hippowdon|Hippowdon, F|100\/100\n|switch|p1b: Excadrill|Excadrill, M|100\/100\n|switch|p2a: Hippowdon|Hippowdon, M|100\/100\n|switch|p2b: Sandy Shocks|Sandy Shocks|100\/100\n|-weather|Sandstorm|[from] ability: Sand Stream|[of] p2a: Hippowdon\n|turn|1\n|\n|t:|1700150670\n|-end|p2b: Sandy Shocks|Protosynthesis|[silent]\n|switch|p2b: Glimmora|Glimmora, M|100\/100\n|-item|p2b: Glimmora|Air Balloon\n|move|p1a: Hippowdon|Protect|p1a: Hippowdon\n|-singleturn|p1a: Hippowdon|Protect\n|move|p1b: Excadrill|Earthquake|p2b: Glimmora|[spread] p2a\n|-activate|p1a: Hippowdon|move: Protect\n|-immune|p2b: Glimmora\n|-damage|p2a: Hippowdon|74\/100\n|move|p2a: Hippowdon|Stealth Rock|p1b: Excadrill\n|-sidestart|p1: Husali|move: Stealth Rock\n|\n|-weather|Sandstorm|[upkeep]\n|upkeep\n|turn|2\n|\n|t:|1700150710\n|move|p2b: Glimmora|Spiky Shield|p2b: Glimmora\n|-singleturn|p2b: Glimmora|move: Protect\n|move|p1b: Excadrill|Swords Dance|p1b: Excadrill\n|-boost|p1b: Excadrill|atk|2\n|move|p1a: Hippowdon|Stone Edge|p2b: Glimmora\n|-activate|p2b: Glimmora|move: Protect\n|move|p2a: Hippowdon|Earthquake|p1a: Hippowdon|[spread] p1a,p1b\n|-activate|p2b: Glimmora|move: Protect\n|-supereffective|p1b: Excadrill\n|-damage|p1a: Hippowdon|83\/100\n|-damage|p1b: Excadrill|2\/100\n|\n|-weather|Sandstorm|[upkeep]\n|upkeep\n|turn|3\n|\n|t:|1700150749\n|move|p1a: Hippowdon|Protect|p1a: Hippowdon\n|-singleturn|p1a: Hippowdon|Protect\n|-zpower|p1b: Excadrill\n|move|p1b: Excadrill|Breakneck Blitz|p2b: Glimmora|[zeffect]\n|-resisted|p2b: Glimmora\n|-damage|p2b: Glimmora|17\/100\n|-activate|p2b: Glimmora|ability: Toxic Debris\n|-sidestart|p1: Husali|move: Toxic Spikes\n|-enditem|p2b: Glimmora|Air Balloon\n|move|p2b: Glimmora|Power Gem|p1b: Excadrill\n|-resisted|p1b: Excadrill\n|-crit|p1b: Excadrill\n|-damage|p1b: Excadrill|0 fnt\n|faint|p1b: Excadrill\n|move|p2a: Hippowdon|Slack Off|p2a: Hippowdon\n|-heal|p2a: Hippowdon|100\/100\n|\n|-weather|Sandstorm|[upkeep]\n|upkeep\n|\n|t:|1700150778\n|switch|p1b: Heracross|Heracross, F|100\/100\n|-damage|p1b: Heracross|88\/100|[from] Stealth Rock\n|-status|p1b: Heracross|psn\n|turn|4\n|\n|t:|1700150796\n|switch|p2a: Houndstone|Houndstone, M, shiny|100\/100\n|-terastallize|p1b: Heracross|Fighting\n|move|p2b: Glimmora|Spiky Shield|p2b: Glimmora\n|-singleturn|p2b: Glimmora|move: Protect\n|move|p1b: Heracross|Knock Off|p2a: Houndstone\n|-supereffective|p2a: Houndstone\n|-damage|p2a: Houndstone|25\/100\n|-enditem|p2a: Houndstone|Life Orb|[from] move: Knock Off|[of] p1b: Heracross\n|move|p1a: Hippowdon|Stone Edge|p2b: Glimmora\n|-activate|p2b: Glimmora|move: Protect\n|\n|-weather|Sandstorm|[upkeep]\n|-damage|p1b: Heracross|82\/100 psn|[from] Sandstorm\n|-damage|p1b: Heracross|70\/100 psn|[from] psn\n|upkeep\n|turn|5\n|\n|t:|1700150827\n|move|p2a: Houndstone|Psychic Fangs|p1b: Heracross\n|-supereffective|p1b: Heracross\n|-damage|p1b: Heracross|3\/100 psn\n|move|p1b: Heracross|Knock Off|p2a: Houndstone\n|-supereffective|p2a: Houndstone\n|-crit|p2a: Houndstone\n|-damage|p2a: Houndstone|0 fnt\n|faint|p2a: Houndstone\n|-ability|p1b: Heracross|Moxie|boost\n|-boost|p1b: Heracross|atk|1\n|move|p2b: Glimmora|Flash Cannon|p1a: Hippowdon\n|-damage|p1a: Hippowdon|50\/100\n|move|p1a: Hippowdon|Stone Edge|p2b: Glimmora\n|-damage|p2b: Glimmora|0 fnt\n|-activate|p2b: Glimmora|ability: Toxic Debris\n|-sidestart|p1: Husali|move: Toxic Spikes\n|faint|p2b: Glimmora\n|\n|-weather|none\n|-damage|p1b: Heracross|0 fnt|[from] psn\n|faint|p1b: Heracross\n|upkeep\n|\n|t:|1700150860\n|switch|p1b: Metagross|Metagross|100\/100\n|switch|p2b: Garganacl|Garganacl, M|100\/100\n|switch|p2a: Hippowdon|Hippowdon, M|100\/100\n|-damage|p1b: Metagross|94\/100|[from] Stealth Rock\n|-weather|Sandstorm|[from] ability: Sand Stream|[of] p2a: Hippowdon\n|turn|6\n|\n|t:|1700150887\n|detailschange|p1b: Metagross|Metagross-Mega\n|-mega|p1b: Metagross|Metagross|Metagrossite\n|-terastallize|p2b: Garganacl|Flying\n|move|p1b: Metagross|Bullet Punch|p2b: Garganacl\n|-damage|p2b: Garganacl|87\/100\n|move|p1a: Hippowdon|Slack Off|p1a: Hippowdon\n|-heal|p1a: Hippowdon|99\/100\n|move|p2a: Hippowdon|Amnesia|p2a: Hippowdon\n|-boost|p2a: Hippowdon|spd|2\n|move|p2b: Garganacl|Salt Cure|p1b: Metagross\n|-resisted|p1b: Metagross\n|-crit|p1b: Metagross\n|-damage|p1b: Metagross|88\/100\n|-start|p1b: Metagross|Salt Cure\n|\n|-weather|Sandstorm|[upkeep]\n|-damage|p2b: Garganacl|81\/100|[from] Sandstorm\n|-heal|p2b: Garganacl|87\/100|[from] item: Leftovers\n|-damage|p1b: Metagross|63\/100|[from] Salt Cure\n|upkeep\n|turn|7\n|\n|t:|1700150919\n|move|p1b: Metagross|Ice Punch|p2a: Hippowdon\n|-supereffective|p2a: Hippowdon\n|-damage|p2a: Hippowdon|57\/100\n|move|p2a: Hippowdon|Earthquake|p1a: Hippowdon|[spread] p1a,p1b\n|-immune|p2b: Garganacl\n|-supereffective|p1b: Metagross\n|-damage|p1a: Hippowdon|82\/100\n|-damage|p1b: Metagross|16\/100\n|move|p1a: Hippowdon|Stone Edge|p2b: Garganacl\n|-supereffective|p2b: Garganacl\n|-damage|p2b: Garganacl|61\/100\n|move|p2b: Garganacl|Salt Cure|p1a: Hippowdon\n|-resisted|p1a: Hippowdon\n|-damage|p1a: Hippowdon|79\/100\n|-start|p1a: Hippowdon|Salt Cure\n|\n|-weather|Sandstorm|[upkeep]\n|-damage|p2b: Garganacl|55\/100|[from] Sandstorm\n|-heal|p2b: Garganacl|61\/100|[from] item: Leftovers\n|-damage|p1b: Metagross|0 fnt|[from] Salt Cure\n|faint|p1b: Metagross\n|-damage|p1a: Hippowdon|66\/100|[from] Salt Cure\n|upkeep\n|\n|t:|1700150942\n|switch|p1b: Gastrodon|Gastrodon, F|100\/100\n|turn|8\n|\n|t:|1700150955\n|move|p2a: Hippowdon|Slack Off|p2a: Hippowdon\n|-heal|p2a: Hippowdon|100\/100\n|move|p1a: Hippowdon|Stone Edge|p2b: Garganacl\n|-supereffective|p2b: Garganacl\n|-crit|p2b: Garganacl\n|-damage|p2b: Garganacl|20\/100\n|move|p1b: Gastrodon|Ice Beam|p2a: Hippowdon\n|-supereffective|p2a: Hippowdon\n|-crit|p2a: Hippowdon\n|-damage|p2a: Hippowdon|37\/100\n|move|p2b: Garganacl|Salt Cure|p1b: Gastrodon\n|-resisted|p1b: Gastrodon\n|-crit|p1b: Gastrodon\n|-damage|p1b: Gastrodon|90\/100\n|-start|p1b: Gastrodon|Salt Cure\n|\n|-weather|Sandstorm|[upkeep]\n|-damage|p2b: Garganacl|14\/100|[from] Sandstorm\n|-heal|p2b: Garganacl|20\/100|[from] item: Leftovers\n|-damage|p1a: Hippowdon|54\/100|[from] Salt Cure\n|-damage|p1b: Gastrodon|65\/100|[from] Salt Cure\n|upkeep\n|turn|9\n|\n|t:|1700150978\n|move|p2b: Garganacl|Protect|p2b: Garganacl\n|-singleturn|p2b: Garganacl|Protect\n|move|p2a: Hippowdon|Slack Off|p2a: Hippowdon\n|-heal|p2a: Hippowdon|87\/100\n|move|p1a: Hippowdon|Stone Edge|p2b: Garganacl\n|-activate|p2b: Garganacl|move: Protect\n|move|p1b: Gastrodon|Ice Beam|p2a: Hippowdon\n|-supereffective|p2a: Hippowdon\n|-damage|p2a: Hippowdon|65\/100\n|\n|-weather|Sandstorm|[upkeep]\n|-damage|p2b: Garganacl|14\/100|[from] Sandstorm\n|-heal|p2b: Garganacl|20\/100|[from] item: Leftovers\n|-damage|p1a: Hippowdon|42\/100|[from] Salt Cure\n|-damage|p1b: Gastrodon|40\/100|[from] Salt Cure\n|upkeep\n|turn|10\n|\n|t:|1700151000\n|move|p1a: Hippowdon|Slack Off|p1a: Hippowdon\n|-heal|p1a: Hippowdon|92\/100\n|move|p2a: Hippowdon|Amnesia|p2a: Hippowdon\n|-boost|p2a: Hippowdon|spd|2\n|move|p1b: Gastrodon|Recover|p1b: Gastrodon\n|-heal|p1b: Gastrodon|90\/100\n|move|p2b: Garganacl|Recover|p2b: Garganacl\n|-heal|p2b: Garganacl|70\/100\n|\n|-weather|none\n|-heal|p2b: Garganacl|76\/100|[from] item: Leftovers\n|-damage|p1a: Hippowdon|79\/100|[from] Salt Cure\n|-damage|p1b: Gastrodon|65\/100|[from] Salt Cure\n|upkeep\n|turn|11\n|\n|t:|1700151039\n|move|p2a: Hippowdon|Amnesia|p2a: Hippowdon\n|-boost|p2a: Hippowdon|spd|2\n|move|p1a: Hippowdon|Stone Edge|p2a: Hippowdon\n|-resisted|p2a: Hippowdon\n|-crit|p2a: Hippowdon\n|-damage|p2a: Hippowdon|54\/100\n|move|p1b: Gastrodon|Ice Beam|p2a: Hippowdon\n|-supereffective|p2a: Hippowdon\n|-damage|p2a: Hippowdon|43\/100\n|move|p2b: Garganacl|Body Press|p1a: Hippowdon\n|-damage|p1a: Hippowdon|63\/100\n|\n|-heal|p2b: Garganacl|83\/100|[from] item: Leftovers\n|-damage|p1a: Hippowdon|51\/100|[from] Salt Cure\n|-damage|p1b: Gastrodon|40\/100|[from] Salt Cure\n|upkeep\n|turn|12\n|\n|t:|1700151061\n|move|p2a: Hippowdon|Slack Off|p2a: Hippowdon\n|-heal|p2a: Hippowdon|93\/100\n|move|p1a: Hippowdon|Earthquake|p2a: Hippowdon|[spread] p1b,p2a\n|-immune|p2b: Garganacl\n|-damage|p1b: Gastrodon|11\/100\n|-damage|p2a: Hippowdon|76\/100\n|move|p1b: Gastrodon|Recover|p1b: Gastrodon\n|-heal|p1b: Gastrodon|61\/100\n|move|p2b: Garganacl|Body Press|p1b: Gastrodon\n|-damage|p1b: Gastrodon|25\/100\n|\n|-heal|p2b: Garganacl|89\/100|[from] item: Leftovers\n|-damage|p1a: Hippowdon|39\/100|[from] Salt Cure\n|-damage|p1b: Gastrodon|0 fnt|[from] Salt Cure\n|faint|p1b: Gastrodon\n|upkeep\n|\n|t:|1700151078\n|switch|p1b: Heatran|Heatran, F|100\/100\n|-damage|p1b: Heatran|88\/100|[from] Stealth Rock\n|turn|13\n|\n|t:|1700151099\n|move|p2b: Garganacl|Protect|p2b: Garganacl\n|-singleturn|p2b: Garganacl|Protect\n|move|p1b: Heatran|Magma Storm|p2b: Garganacl\n|-activate|p2b: Garganacl|move: Protect\n|move|p2a: Hippowdon|Earthquake|p1b: Heatran|[spread] p1a,p1b\n|-activate|p2b: Garganacl|move: Protect\n|-supereffective|p1b: Heatran\n|-damage|p1a: Hippowdon|21\/100\n|-damage|p1b: Heatran|0 fnt\n|faint|p1b: Heatran\n|move|p1a: Hippowdon|Stone Edge|p2b: Garganacl\n|-activate|p2b: Garganacl|move: Protect\n|\n|-heal|p2b: Garganacl|95\/100|[from] item: Leftovers\n|-damage|p1a: Hippowdon|8\/100|[from] Salt Cure\n|upkeep\n|turn|14\n|\n|t:|1700151123\n|move|p1a: Hippowdon|Protect|p1a: Hippowdon\n|-singleturn|p1a: Hippowdon|Protect\n|move|p2a: Hippowdon|Earthquake|p1a: Hippowdon|[spread] \n|-activate|p1a: Hippowdon|move: Protect\n|-immune|p2b: Garganacl\n|move|p2b: Garganacl|Body Press|p1a: Hippowdon\n|-activate|p1a: Hippowdon|move: Protect\n|\n|-heal|p2b: Garganacl|100\/100|[from] item: Leftovers\n|-damage|p1a: Hippowdon|0 fnt|[from] Salt Cure\n|faint|p1a: Hippowdon\n|\n|win|FriedBeaver01\n|upkeep\n|raw|Husali's rating: 1143 &rarr; <strong>1119<\/strong><br \/>(-24 for losing)\n|raw|FriedBeaver01's rating: 1153 &rarr; <strong>1177<\/strong><br \/>(+24 for winning)\n","uploadtime":1700151139,"views":12,"p1id":"husali","p2id":"friedbeaver01","formatid":"gen9nationaldexdoubles","rating":1119,"private":0,"password":""}