{"id":"gen9nationaldexdoubles-1973695646","p1":"THE G00B","p2":"GenerallGrievous","format":"[Gen 9] National Dex Doubles","log":"|j|\u2606THE G00B\n|j|\u2606GenerallGrievous\n|t:|1698004244\n|gametype|doubles\n|player|p1|THE G00B|pokemonrangerf|\n|player|p2|GenerallGrievous|fantina|\n|teamsize|p1|6\n|teamsize|p2|6\n|gen|9\n|tier|[Gen 9] National Dex Doubles\n|rule|HP Percentage Mod: HP is shown in percentages\n|rule|Endless Battle Clause: Forcing endless battles is banned\n|rule|OHKO Clause: OHKO moves are banned\n|rule|Evasion Moves Clause: Evasion moves are banned\n|rule|Evasion Abilities Clause: Evasion abilities are banned\n|rule|Species Clause: Limit one of each Pok\u00e9mon\n|rule|Gravity Sleep Clause: The combination of sleep-inducing moves with imperfect accuracy and Gravity or Gigantamax Orbeetle are banned\n|clearpoke\n|poke|p1|Ribombee, F|\n|poke|p1|Garchomp, M|\n|poke|p1|Froslass, F|\n|poke|p1|Tsareena, F|\n|poke|p1|Talonflame, F|\n|poke|p1|Gallade, M|\n|poke|p2|Milotic, F|\n|poke|p2|Amoonguss, M|\n|poke|p2|Darkrai|\n|poke|p2|Volcarona, M|\n|poke|p2|Gastrodon, F|\n|poke|p2|Sinistcha-Masterpiece|\n|teampreview\n|\n|t:|1698004268\n|start\n|switch|p1a: Menace|Garchomp, M|100\/100\n|switch|p1b: Red|Talonflame, F|100\/100\n|switch|p2a: EdgyBoi|Darkrai, shiny|100\/100\n|switch|p2b: Sus|Amoonguss, M|100\/100\n|turn|1\n|\n|t:|1698004306\n|move|p1b: Red|Flamethrower|p2b: Sus\n|-supereffective|p2b: Sus\n|-damage|p2b: Sus|57\/100\n|move|p2a: EdgyBoi|Dark Pulse|p1b: Red\n|-damage|p1b: Red|20\/100\n|move|p1a: Menace|Dig||[still]\n|-prepare|p1a: Menace|Dig\n|move|p2b: Sus|Spore|p1a: Menace|[miss]\n|-miss|p2b: Sus|p1a: Menace\n|\n|-heal|p2b: Sus|64\/100|[from] item: Leftovers\n|upkeep\n|turn|2\n|\n|t:|1698004325\n|move|p1b: Red|Roost|p1b: Red\n|-heal|p1b: Red|70\/100\n|-singleturn|p1b: Red|move: Roost\n|move|p2a: EdgyBoi|Dark Pulse|p1b: Red\n|-damage|p1b: Red|0 fnt\n|faint|p1b: Red\n|move|p1a: Menace|Dig|p2a: EdgyBoi|[from]lockedmove\n|-damage|p2a: EdgyBoi|40\/100\n|move|p2b: Sus|Spore|p1a: Menace\n|-status|p1a: Menace|slp|[from] move: Spore\n|\n|-heal|p2b: Sus|70\/100|[from] item: Leftovers\n|-damage|p1a: Menace|88\/100 slp|[from] ability: Bad Dreams|[of] p2a: EdgyBoi\n|upkeep\n|\n|t:|1698004342\n|switch|p1b: Legs like these|Tsareena, F, shiny|100\/100\n|turn|3\n|\n|t:|1698004361\n|cant|p1a: Menace|slp\n|move|p2b: Sus|Rage Powder|p2b: Sus\n|-singleturn|p2b: Sus|move: Rage Powder\n|move|p2a: EdgyBoi|Dream Eater|p1a: Menace\n|-damage|p1a: Menace|43\/100 slp\n|-heal|p2a: EdgyBoi|69\/100|[from] drain|[of] p1a: Menace\n|move|p1b: Legs like these|High Jump Kick|p2a: EdgyBoi\n|-supereffective|p2a: EdgyBoi\n|-damage|p2a: EdgyBoi|0 fnt\n|faint|p2a: EdgyBoi\n|\n|-heal|p2b: Sus|76\/100|[from] item: Leftovers\n|upkeep\n|\n|t:|1698004398\n|switch|p2a: Beaty|Milotic, F|100\/100\n|turn|4\n|\n|t:|1698004414\n|-curestatus|p1a: Menace|slp|[msg]\n|move|p1a: Menace|Protect|p1a: Menace\n|-singleturn|p1a: Menace|Protect\n|move|p2b: Sus|Rage Powder|p2b: Sus\n|-singleturn|p2b: Sus|move: Rage Powder\n|move|p2a: Beaty|Ice Beam|p1b: Legs like these\n|-supereffective|p1b: Legs like these\n|-damage|p1b: Legs like these|57\/100\n|move|p1b: Legs like these|Power Whip|p2a: Beaty\n|-supereffective|p2a: Beaty\n|-damage|p2a: Beaty|0 fnt\n|faint|p2a: Beaty\n|\n|-heal|p2b: Sus|82\/100|[from] item: Leftovers\n|upkeep\n|\n|t:|1698004432\n|switch|p2a: Solana|Volcarona, M|100\/100\n|turn|5\n|\n|t:|1698004449\n|move|p2b: Sus|Rage Powder|p2b: Sus\n|-singleturn|p2b: Sus|move: Rage Powder\n|move|p1a: Menace|Dig||[still]\n|-prepare|p1a: Menace|Dig\n|move|p2a: Solana|Fiery Dance|p1b: Legs like these\n|-supereffective|p1b: Legs like these\n|-damage|p1b: Legs like these|0 fnt\n|-boost|p2a: Solana|spa|1\n|faint|p1b: Legs like these\n|\n|-heal|p2b: Sus|89\/100|[from] item: Leftovers\n|upkeep\n|\n|t:|1698004461\n|switch|p1b: Lancelot|Gallade, M|100\/100\n|turn|6\n|\n|t:|1698004502\n|move|p2b: Sus|Rage Powder|p2b: Sus\n|-singleturn|p2b: Sus|move: Rage Powder\n|move|p1a: Menace|Dig|p2b: Sus|[from]lockedmove\n|-damage|p2b: Sus|57\/100\n|move|p1b: Lancelot|Aqua Cutter|p2b: Sus\n|-resisted|p2b: Sus\n|-damage|p2b: Sus|47\/100\n|move|p2a: Solana|Fiery Dance|p1b: Lancelot\n|-crit|p1b: Lancelot\n|-damage|p1b: Lancelot|11\/100\n|-boost|p2a: Solana|spa|1\n|\n|-heal|p2b: Sus|53\/100|[from] item: Leftovers\n|upkeep\n|turn|7\n|\n|t:|1698004524\n|move|p2b: Sus|Rage Powder|p2b: Sus\n|-singleturn|p2b: Sus|move: Rage Powder\n|move|p1a: Menace|Dig||[still]\n|-prepare|p1a: Menace|Dig\n|move|p1b: Lancelot|Rock Slide|p2a: Solana|[spread] p2a,p2b\n|-supereffective|p2a: Solana\n|-damage|p2a: Solana|5\/100\n|-damage|p2b: Sus|36\/100\n|cant|p2a: Solana|flinch\n|\n|-heal|p2b: Sus|43\/100|[from] item: Leftovers\n|upkeep\n|turn|8\n|\n|t:|1698004560\n|switch|p2b: GinsengTea|Sinistcha-Masterpiece|100\/100\n|-heal|p2a: Solana|30\/100|[from] ability: Hospitality|[of] p2b: GinsengTea\n|move|p1a: Menace|Dig|p2a: Solana|[from]lockedmove\n|-damage|p2a: Solana|0 fnt\n|faint|p2a: Solana\n|move|p1b: Lancelot|Rock Slide|p2b: GinsengTea\n|-damage|p2b: GinsengTea|77\/100\n|\n|-heal|p2b: GinsengTea|83\/100|[from] item: Leftovers\n|upkeep\n|\n|t:|1698004576\n|switch|p2a: Sus|Amoonguss, M|76\/100\n|turn|9\n|\n|t:|1698004591\n|detailschange|p1a: Menace|Garchomp-Mega, M\n|-mega|p1a: Menace|Garchomp|Garchompite\n|move|p1a: Menace|Dig||[still]\n|-prepare|p1a: Menace|Dig\n|move|p1b: Lancelot|Sacred Sword|p2b: GinsengTea\n|-immune|p2b: GinsengTea\n|move|p2b: GinsengTea|Matcha Gotcha|p1a: Menace|[spread] p1b\n|-miss|p2b: GinsengTea|p1a: Menace\n|-damage|p1b: Lancelot|0 fnt\n|-heal|p2b: GinsengTea|87\/100|[from] drain|[of] p1b: Lancelot\n|faint|p1b: Lancelot\n|move|p2a: Sus|Spore|p1a: Menace|[miss]\n|-miss|p2a: Sus|p1a: Menace\n|\n|-heal|p2b: GinsengTea|93\/100|[from] item: Leftovers\n|-heal|p2a: Sus|82\/100|[from] item: Leftovers\n|upkeep\n|\n|t:|1698004612\n|switch|p1b: Tinkerbell|Ribombee, F, shiny|100\/100\n|turn|10\n|\n|t:|1698004627\n|move|p1b: Tinkerbell|Pollen Puff|p1a: Menace|[miss]\n|-miss|p1b: Tinkerbell|p1a: Menace\n|move|p1a: Menace|Dig|p2a: Sus|[from]lockedmove\n|-damage|p2a: Sus|42\/100\n|move|p2b: GinsengTea|Reflect|p2b: GinsengTea\n|-sidestart|p2: GenerallGrievous|Reflect\n|move|p2a: Sus|Spore|p1b: Tinkerbell\n|-block|p1b: Tinkerbell|ability: Sweet Veil|[of] p1b: Tinkerbell\n|\n|-heal|p2b: GinsengTea|99\/100|[from] item: Leftovers\n|-heal|p2a: Sus|48\/100|[from] item: Leftovers\n|upkeep\n|turn|11\n|\n|t:|1698004647\n|move|p2a: Sus|Rage Powder|p2a: Sus\n|-singleturn|p2a: Sus|move: Rage Powder\n|move|p1b: Tinkerbell|Moonblast|p2a: Sus\n|-resisted|p2a: Sus\n|-damage|p2a: Sus|35\/100\n|-unboost|p2a: Sus|spa|1\n|move|p1a: Menace|Dig||[still]\n|-prepare|p1a: Menace|Dig\n|move|p2b: GinsengTea|Matcha Gotcha|p1b: Tinkerbell|[spread] p1b\n|-miss|p2b: GinsengTea|p1a: Menace\n|-resisted|p1b: Tinkerbell\n|-damage|p1b: Tinkerbell|76\/100\n|-heal|p2b: GinsengTea|100\/100|[from] drain|[of] p1b: Tinkerbell\n|\n|-heal|p1b: Tinkerbell|83\/100|[from] item: Leftovers\n|-heal|p2a: Sus|41\/100|[from] item: Leftovers\n|upkeep\n|turn|12\n|\n|t:|1698004665\n|move|p2a: Sus|Protect|p2a: Sus\n|-singleturn|p2a: Sus|Protect\n|move|p1b: Tinkerbell|Moonblast|p2b: GinsengTea\n|-damage|p2b: GinsengTea|66\/100\n|-unboost|p2b: GinsengTea|spa|1\n|move|p1a: Menace|Dig|p2a: Sus|[from]lockedmove\n|-activate|p2a: Sus|move: Protect\n|move|p2b: GinsengTea|Matcha Gotcha|p1b: Tinkerbell|[spread] p1a,p1b\n|-resisted|p1b: Tinkerbell\n|-damage|p1a: Menace|18\/100\n|-heal|p2b: GinsengTea|79\/100|[from] drain|[of] p1a: Menace\n|-damage|p1b: Tinkerbell|67\/100\n|-heal|p2b: GinsengTea|87\/100|[from] drain|[of] p1b: Tinkerbell\n|\n|-heal|p1b: Tinkerbell|73\/100|[from] item: Leftovers\n|-heal|p2b: GinsengTea|93\/100|[from] item: Leftovers\n|-heal|p2a: Sus|47\/100|[from] item: Leftovers\n|upkeep\n|turn|13\n|\n|t:|1698004699\n|switch|p2a: Slugmy|Gastrodon, F|100\/100\n|move|p1b: Tinkerbell|Quiver Dance|p1b: Tinkerbell\n|-boost|p1b: Tinkerbell|spa|1\n|-boost|p1b: Tinkerbell|spd|1\n|-boost|p1b: Tinkerbell|spe|1\n|move|p1a: Menace|Dig||[still]\n|-prepare|p1a: Menace|Dig\n|move|p2b: GinsengTea|Scald|p1b: Tinkerbell\n|-damage|p1b: Tinkerbell|55\/100\n|\n|-heal|p1b: Tinkerbell|61\/100|[from] item: Leftovers\n|-heal|p2b: GinsengTea|99\/100|[from] item: Leftovers\n|upkeep\n|turn|14\n|\n|t:|1698004722\n|move|p1b: Tinkerbell|Moonblast|p2b: GinsengTea\n|-damage|p2b: GinsengTea|44\/100\n|-unboost|p2b: GinsengTea|spa|1\n|move|p1a: Menace|Dig|p2a: Slugmy|[from]lockedmove\n|-damage|p2a: Slugmy|66\/100\n|move|p2b: GinsengTea|Matcha Gotcha|p1b: Tinkerbell|[spread] p1a,p1b\n|-resisted|p1b: Tinkerbell\n|-damage|p1a: Menace|1\/100\n|-heal|p2b: GinsengTea|53\/100|[from] drain|[of] p1a: Menace\n|-damage|p1b: Tinkerbell|53\/100\n|-heal|p2b: GinsengTea|57\/100|[from] drain|[of] p1b: Tinkerbell\n|move|p2a: Slugmy|Toxic|p1b: Tinkerbell\n|-status|p1b: Tinkerbell|tox\n|\n|-heal|p1b: Tinkerbell|59\/100 tox|[from] item: Leftovers\n|-heal|p2b: GinsengTea|63\/100|[from] item: Leftovers\n|-heal|p2a: Slugmy|72\/100|[from] item: Leftovers\n|-damage|p1b: Tinkerbell|53\/100 tox|[from] psn\n|-sideend|p2: GenerallGrievous|Reflect\n|upkeep\n|turn|15\n|\n|t:|1698004760\n|switch|p2b: Sus|Amoonguss, M|81\/100\n|move|p1b: Tinkerbell|Pollen Puff|p1a: Menace\n|-heal|p1a: Menace|51\/100\n|move|p1a: Menace|Crunch|p2b: Sus\n|-damage|p2b: Sus|52\/100\n|move|p2a: Slugmy|Icy Wind|p1b: Tinkerbell|[spread] p1a,p1b\n|-supereffective|p1a: Menace\n|-damage|p1a: Menace|14\/100\n|-damage|p1b: Tinkerbell|44\/100 tox\n|-unboost|p1a: Menace|spe|1\n|-unboost|p1b: Tinkerbell|spe|1\n|\n|-heal|p1b: Tinkerbell|51\/100 tox|[from] item: Leftovers\n|-heal|p2a: Slugmy|78\/100|[from] item: Leftovers\n|-heal|p2b: Sus|58\/100|[from] item: Leftovers\n|-damage|p1b: Tinkerbell|38\/100 tox|[from] psn\n|upkeep\n|turn|16\n|\n|t:|1698004802\n|move|p2b: Sus|Protect|p2b: Sus\n|-singleturn|p2b: Sus|Protect\n|move|p1b: Tinkerbell|Pollen Puff|p2b: Sus\n|-activate|p2b: Sus|move: Protect\n|move|p1a: Menace|Dig||[still]\n|-prepare|p1a: Menace|Dig\n|move|p2a: Slugmy|Icy Wind|p1b: Tinkerbell|[spread] p1b\n|-miss|p2a: Slugmy|p1a: Menace\n|-damage|p1b: Tinkerbell|29\/100 tox\n|-unboost|p1b: Tinkerbell|spe|1\n|\n|-heal|p1b: Tinkerbell|35\/100 tox|[from] item: Leftovers\n|-heal|p2a: Slugmy|84\/100|[from] item: Leftovers\n|-heal|p2b: Sus|64\/100|[from] item: Leftovers\n|-damage|p1b: Tinkerbell|17\/100 tox|[from] psn\n|upkeep\n|turn|17\n|\n|t:|1698004841\n|switch|p2b: GinsengTea|Sinistcha-Masterpiece|63\/100\n|-heal|p2a: Slugmy|100\/100|[from] ability: Hospitality|[of] p2b: GinsengTea\n|move|p1b: Tinkerbell|Pollen Puff|p2b: GinsengTea\n|-damage|p2b: GinsengTea|10\/100\n|move|p1a: Menace|Dig|p2a: Slugmy|[from]lockedmove\n|-damage|p2a: Slugmy|43\/100\n|move|p2a: Slugmy|Icy Wind|p1a: Menace|[spread] p1a,p1b\n|-supereffective|p1a: Menace\n|-damage|p1a: Menace|0 fnt\n|-damage|p1b: Tinkerbell|9\/100 tox\n|-unboost|p1b: Tinkerbell|spe|1\n|faint|p1a: Menace\n|\n|-heal|p1b: Tinkerbell|15\/100 tox|[from] item: Leftovers\n|-heal|p2b: GinsengTea|16\/100|[from] item: Leftovers\n|-heal|p2a: Slugmy|50\/100|[from] item: Leftovers\n|-damage|p1b: Tinkerbell|0 fnt|[from] psn\n|faint|p1b: Tinkerbell\n|upkeep\n|\n|t:|1698004864\n|switch|p1a: Aurora|Froslass, F, shiny|100\/100\n|turn|18\n|\n|t:|1698004883\n|switch|p2b: Sus|Amoonguss, M|98\/100\n|move|p1a: Aurora|Ice Beam|p2b: Sus\n|-supereffective|p2b: Sus\n|-damage|p2b: Sus|43\/100\n|move|p2a: Slugmy|Toxic|p1a: Aurora\n|-status|p1a: Aurora|tox\n|\n|-heal|p2a: Slugmy|56\/100|[from] item: Leftovers\n|-heal|p2b: Sus|49\/100|[from] item: Leftovers\n|-damage|p1a: Aurora|94\/100 tox|[from] psn\n|upkeep\n|turn|19\n|\n|t:|1698004904\n|move|p2b: Sus|Protect|p2b: Sus\n|-singleturn|p2b: Sus|Protect\n|move|p1a: Aurora|Ice Beam|p2b: Sus\n|-activate|p2b: Sus|move: Protect\n|move|p2a: Slugmy|Recover|p2a: Slugmy\n|-heal|p2a: Slugmy|100\/100\n|\n|-heal|p2b: Sus|56\/100|[from] item: Leftovers\n|-damage|p1a: Aurora|82\/100 tox|[from] psn\n|upkeep\n|turn|20\n|\n|t:|1698004934\n|move|p1a: Aurora|Ice Beam|p2b: Sus\n|-supereffective|p2b: Sus\n|-damage|p2b: Sus|0 fnt\n|faint|p2b: Sus\n|move|p2a: Slugmy|Earth Power|p1a: Aurora\n|-damage|p1a: Aurora|38\/100 tox\n|-start|p2a: Slugmy|Disable|Earth Power|[from] ability: Cursed Body|[of] p1a: Aurora\n|\n|-damage|p1a: Aurora|19\/100 tox|[from] psn\n|upkeep\n|\n|t:|1698004945\n|switch|p2b: GinsengTea|Sinistcha-Masterpiece|16\/100\n|turn|21\n|\n|t:|1698004965\n|move|p1a: Aurora|Destiny Bond|p1a: Aurora\n|-singlemove|p1a: Aurora|Destiny Bond\n|move|p2b: GinsengTea|Hex|p1a: Aurora\n|-supereffective|p1a: Aurora\n|-damage|p1a: Aurora|0 fnt\n|faint|p1a: Aurora\n|-activate|p1a: Aurora|move: Destiny Bond\n|faint|p2b: GinsengTea\n|\n|win|GenerallGrievous\n","uploadtime":1698004999,"views":9,"p1id":"theg00b","p2id":"generallgrievous","formatid":"gen9nationaldexdoubles","rating":0,"private":0,"password":""}