{"id":"gen9nationaldexdoubles-1972394255","p1":"3eveeJ","p2":"Dragonnightwing","format":"[Gen 9] National Dex Doubles","log":"|j|\u26063eveeJ\n|j|\u2606Dragonnightwing\n|t:|1697838127\n|gametype|doubles\n|player|p1|3eveeJ|cheryl|\n|player|p2|Dragonnightwing|lance|\n|teamsize|p1|6\n|teamsize|p2|6\n|gen|9\n|tier|[Gen 9] National Dex Doubles\n|rule|HP Percentage Mod: HP is shown in percentages\n|rule|Endless Battle Clause: Forcing endless battles is banned\n|rule|OHKO Clause: OHKO moves are banned\n|rule|Evasion Moves Clause: Evasion moves are banned\n|rule|Evasion Abilities Clause: Evasion abilities are banned\n|rule|Species Clause: Limit one of each Pok\u00e9mon\n|rule|Gravity Sleep Clause: The combination of sleep-inducing moves with imperfect accuracy and Gravity or Gigantamax Orbeetle are banned\n|clearpoke\n|poke|p1|Amoonguss, F|\n|poke|p1|Torkoal, M|\n|poke|p1|Gliscor, F|\n|poke|p1|Breloom, F|\n|poke|p1|Sinistcha-Masterpiece|\n|poke|p1|Ditto|\n|poke|p2|Corviknight, F|\n|poke|p2|Empoleon, M|\n|poke|p2|Duraludon, M|\n|poke|p2|Aegislash, F|\n|poke|p2|Metagross|\n|poke|p2|Kingambit, F|\n|teampreview\n|\n|t:|1697838136\n|start\n|switch|p1a: Amoonguss|Amoonguss, F|100\/100\n|switch|p1b: Gliscor|Gliscor, F|100\/100\n|switch|p2a: Sire|Corviknight, F|100\/100\n|switch|p2b: Napoleon|Empoleon, M|100\/100\n|-ability|p2a: Sire|Pressure\n|turn|1\n|\n|t:|1697838158\n|move|p1a: Amoonguss|Rage Powder|p1a: Amoonguss\n|-singleturn|p1a: Amoonguss|move: Rage Powder\n|move|p1b: Gliscor|Fire Fang|p2a: Sire\n|-supereffective|p2a: Sire\n|-damage|p2a: Sire|77\/100\n|-damage|p1b: Gliscor|84\/100|[from] item: Rocky Helmet|[of] p2a: Sire\n|move|p2a: Sire|Bulk Up|p2a: Sire\n|-boost|p2a: Sire|atk|1\n|-boost|p2a: Sire|def|1\n|move|p2b: Napoleon|Ice Beam|p1a: Amoonguss\n|-supereffective|p1a: Amoonguss\n|-damage|p1a: Amoonguss|62\/100\n|\n|-heal|p1a: Amoonguss|68\/100|[from] item: Leftovers\n|-status|p1b: Gliscor|tox|[from] item: Toxic Orb\n|upkeep\n|turn|2\n|\n|t:|1697838183\n|move|p1a: Amoonguss|Rage Powder|p1a: Amoonguss\n|-singleturn|p1a: Amoonguss|move: Rage Powder\n|move|p1b: Gliscor|Fire Fang|p2a: Sire\n|-supereffective|p2a: Sire\n|-damage|p2a: Sire|62\/100\n|-damage|p1b: Gliscor|68\/100 tox|[from] item: Rocky Helmet|[of] p2a: Sire\n|cant|p2a: Sire|flinch\n|move|p2b: Napoleon|Ice Beam|p1a: Amoonguss\n|-supereffective|p1a: Amoonguss\n|-damage|p1a: Amoonguss|31\/100\n|\n|-heal|p1a: Amoonguss|38\/100|[from] item: Leftovers\n|-heal|p1b: Gliscor|80\/100 tox|[from] ability: Poison Heal\n|upkeep\n|turn|3\n|\n|t:|1697838216\n|move|p1b: Gliscor|Earthquake|p2b: Napoleon|[spread] p1a,p2b\n|-immune|p2a: Sire\n|-supereffective|p2b: Napoleon\n|-damage|p1a: Amoonguss|2\/100\n|-damage|p2b: Napoleon|33\/100\n|move|p2a: Sire|Drill Peck|p1a: Amoonguss\n|-supereffective|p1a: Amoonguss\n|-damage|p1a: Amoonguss|0 fnt\n|-status|p2a: Sire|slp|[from] ability: Effect Spore|[of] p1a: Amoonguss\n|faint|p1a: Amoonguss\n|move|p2b: Napoleon|Ice Beam|p1b: Gliscor\n|-supereffective|p1b: Gliscor\n|-damage|p1b: Gliscor|0 fnt\n|faint|p1b: Gliscor\n|\n|upkeep\n|\n|t:|1697838231\n|switch|p1b: Ditto|Ditto|100\/100\n|switch|p1a: Sinistcha|Sinistcha-Masterpiece|100\/100\n|-transform|p1b: Ditto|p2a: Sire|[from] ability: Imposter\n|-ability|p1b: Ditto|Pressure\n|turn|4\n|\n|t:|1697838253\n|cant|p2a: Sire|slp\n|move|p1b: Ditto|Body Press|p2b: Napoleon\n|-supereffective|p2b: Napoleon\n|-damage|p2b: Napoleon|0 fnt\n|faint|p2b: Napoleon\n|move|p1a: Sinistcha|Matcha Gotcha|p2a: Sire|[miss]\n|-miss|p1a: Sinistcha|p2a: Sire\n|\n|upkeep\n|\n|t:|1697838263\n|switch|p2b: Agatha|Aegislash, F|100\/100\n|turn|5\n|\n|t:|1697838281\n|move|p1b: Ditto|U-turn|p2b: Agatha\n|-resisted|p2b: Agatha\n|-damage|p2b: Agatha|96\/100\n|\n|t:|1697838285\n|switch|p1b: Torkoal|Torkoal, M|100\/100|[from] U-turn\n|-weather|SunnyDay|[from] ability: Drought|[of] p1b: Torkoal\n|-curestatus|p2a: Sire|slp|[msg]\n|move|p2a: Sire|Body Press|p1b: Torkoal\n|-damage|p1b: Torkoal|66\/100\n|-formechange|p2b: Agatha|Aegislash-Blade||[from] ability: Stance Change\n|move|p2b: Agatha|Night Slash|p1b: Torkoal\n|-damage|p1b: Torkoal|39\/100\n|move|p1a: Sinistcha|Trick Room|p1a: Sinistcha\n|-fieldstart|move: Trick Room|[of] p1a: Sinistcha\n|\n|-weather|SunnyDay|[upkeep]\n|upkeep\n|turn|6\n|\n|t:|1697838314\n|move|p1b: Torkoal|Lava Plume|p2a: Sire|[spread] p1a,p2a,p2b\n|-supereffective|p1a: Sinistcha\n|-supereffective|p2a: Sire\n|-supereffective|p2b: Agatha\n|-damage|p1a: Sinistcha|0 fnt\n|-damage|p2a: Sire|0 fnt\n|-damage|p2b: Agatha|0 fnt\n|faint|p1a: Sinistcha\n|faint|p2a: Sire\n|faint|p2b: Agatha\n|\n|-weather|SunnyDay|[upkeep]\n|upkeep\n|\n|t:|1697838325\n|switch|p2b: Donnie|Duraludon, M|100\/100\n|switch|p1a: Breloom|Breloom, F|100\/100\n|switch|p2a: Shelldon|Metagross|100\/100\n|turn|7\n|\n|t:|1697838346\n|move|p1a: Breloom|Helping Hand|p1b: Torkoal\n|-singleturn|p1b: Torkoal|Helping Hand|[of] p1a: Breloom\n|move|p1b: Torkoal|Eruption|p2a: Shelldon|[spread] p2a,p2b\n|-supereffective|p2a: Shelldon\n|-damage|p2a: Shelldon|16\/100\n|-damage|p2b: Donnie|20\/100\n|-enditem|p2a: Shelldon|Weakness Policy\n|-boost|p2a: Shelldon|atk|2|[from] item: Weakness Policy\n|-boost|p2a: Shelldon|spa|2|[from] item: Weakness Policy\n|move|p2b: Donnie|Dragon Pulse|p1b: Torkoal\n|-damage|p1b: Torkoal|0 fnt\n|faint|p1b: Torkoal\n|move|p2a: Shelldon|Meteor Mash|p1a: Breloom|[miss]\n|-miss|p2a: Shelldon|p1a: Breloom\n|\n|-weather|SunnyDay|[upkeep]\n|upkeep\n|\n|t:|1697838359\n|switch|p1b: Ditto|Ditto|100\/100\n|-transform|p1b: Ditto|p2a: Shelldon|[from] ability: Imposter\n|turn|8\n|\n|t:|1697838386\n|move|p1a: Breloom|Power-Up Punch|p2b: Donnie\n|-supereffective|p2b: Donnie\n|-damage|p2b: Donnie|0 fnt\n|-boost|p1a: Breloom|atk|1\n|faint|p2b: Donnie\n|move|p1b: Ditto|Brick Break|p2a: Shelldon\n|-damage|p2a: Shelldon|0 fnt\n|faint|p2a: Shelldon\n|\n|-weather|SunnyDay|[upkeep]\n|upkeep\n|\n|t:|1697838406\n|switch|p2b: Chess|Kingambit, F|100\/100\n|-activate|p2b: Chess|ability: Supreme Overlord\n|-start|p2b: Chess|fallen5|[silent]\n|turn|9\n|\n|t:|1697838420\n|move|p2b: Chess|Aerial Ace|p1a: Breloom\n|-supereffective|p1a: Breloom\n|-damage|p1a: Breloom|0 fnt\n|-status|p2b: Chess|slp|[from] ability: Effect Spore|[of] p1a: Breloom\n|faint|p1a: Breloom\n|move|p1b: Ditto|Brick Break|p2b: Chess\n|-supereffective|p2b: Chess\n|-damage|p2b: Chess|0 fnt\n|faint|p2b: Chess\n|-end|p2b: Chess|fallen5|[silent]\n|\n|win|3eveeJ\n|c|\u26063eveeJ|gg\n|c|\u2606Dragonnightwing|Gg\n|c|\u26063eveeJ|I finally get a badge\n|c|\u26063eveeJ|yayy\n|c|\u26063eveeJ|thank you\n","uploadtime":1697838447,"views":10,"p1id":"3eveej","p2id":"dragonnightwing","formatid":"gen9nationaldexdoubles","rating":0,"private":0,"password":""}