{"id":"gen9nationaldexdoubles-1949199984","p1":"KermitTheFrrog","p2":"TDScott8","format":"[Gen 9] National Dex Doubles","log":"|j|\u2606KermitTheFrrog\n|j|\u2606TDScott8\n|t:|1695334625\n|gametype|doubles\n|player|p1|KermitTheFrrog|169|\n|player|p2|TDScott8|artist|\n|teamsize|p1|6\n|teamsize|p2|6\n|gen|9\n|tier|[Gen 9] National Dex Doubles\n|rule|HP Percentage Mod: HP is shown in percentages\n|rule|Endless Battle Clause: Forcing endless battles is banned\n|rule|OHKO Clause: OHKO moves are banned\n|rule|Evasion Moves Clause: Evasion moves are banned\n|rule|Evasion Abilities Clause: Evasion abilities are banned\n|rule|Species Clause: Limit one of each Pok\u00e9mon\n|rule|Gravity Sleep Clause: The combination of sleep-inducing moves with imperfect accuracy and Gravity or Gigantamax Orbeetle are banned\n|clearpoke\n|poke|p1|Cyndaquil, F|\n|poke|p1|Azurill, F|\n|poke|p1|Bronzor|\n|poke|p1|Grookey, F|\n|poke|p1|Drifloon, F|\n|poke|p1|Mienfoo, F|\n|poke|p2|Mudbray, M|\n|poke|p2|Trubbish, F|\n|poke|p2|Impidimp, M|\n|poke|p2|Dreepy, M|\n|poke|p2|Porygon|\n|poke|p2|Chinchou, F|\n|teampreview\n|\n|t:|1695334636\n|start\n|switch|p1a: Grookey|Grookey, F|100\/100\n|switch|p1b: Drifloon|Drifloon, F|100\/100\n|switch|p2a: The Scraps|Trubbish, F|100\/100\n|switch|p2b: >:P|Impidimp, M|100\/100\n|-fieldstart|move: Grassy Terrain|[from] ability: Grassy Surge|[of] p1a: Grookey\n|turn|1\n|\n|t:|1695334653\n|move|p1a: Grookey|Fake Out|p2a: The Scraps\n|-damage|p2a: The Scraps|83\/100\n|move|p2b: >:P|Fake Out|p1a: Grookey\n|-damage|p1a: Grookey|89\/100\n|cant|p2a: The Scraps|flinch\n|move|p1b: Drifloon|Trick Room|p1b: Drifloon\n|-fieldstart|move: Trick Room|[of] p1b: Drifloon\n|\n|-heal|p1a: Grookey|95\/100|[from] Grassy Terrain\n|-heal|p2a: The Scraps|89\/100|[from] Grassy Terrain\n|-heal|p2a: The Scraps|95\/100|[from] item: Black Sludge\n|-status|p1b: Drifloon|brn|[from] item: Flame Orb\n|upkeep\n|turn|2\n|\n|t:|1695334693\n|move|p2b: >:P|Parting Shot|p1b: Drifloon\n|-unboost|p1b: Drifloon|atk|1\n|-unboost|p1b: Drifloon|spa|1\n|\n|t:|1695334708\n|switch|p2b: Birdo 2|Porygon, shiny|100\/100|[from] Parting Shot\n|move|p1a: Grookey|Grassy Glide|p2b: Birdo 2\n|-damage|p2b: Birdo 2|60\/100\n|move|p1b: Drifloon|Psychic|p2a: The Scraps\n|-supereffective|p2a: The Scraps\n|-damage|p2a: The Scraps|22\/100\n|move|p2a: The Scraps|Gunk Shot|p1a: Grookey\n|-supereffective|p1a: Grookey\n|-damage|p1a: Grookey|0 fnt\n|faint|p1a: Grookey\n|\n|-heal|p2b: Birdo 2|66\/100|[from] Grassy Terrain\n|-heal|p2a: The Scraps|28\/100|[from] Grassy Terrain\n|-heal|p2a: The Scraps|34\/100|[from] item: Black Sludge\n|-damage|p1b: Drifloon|94\/100 brn|[from] brn\n|upkeep\n|\n|t:|1695334735\n|switch|p1a: Cyndaquil|Cyndaquil, F, shiny|100\/100\n|turn|3\n|\n|t:|1695334751\n|-terastallize|p1a: Cyndaquil|Fire\n|-terastallize|p2a: The Scraps|Normal\n|move|p2b: Birdo 2|Protect|p2b: Birdo 2\n|-singleturn|p2b: Birdo 2|Protect\n|move|p1a: Cyndaquil|Eruption|p2a: The Scraps|[spread] p2a\n|-activate|p2b: Birdo 2|move: Protect\n|-damage|p2a: The Scraps|0 fnt\n|faint|p2a: The Scraps\n|move|p1b: Drifloon|Psychic|p2b: Birdo 2\n|-activate|p2b: Birdo 2|move: Protect\n|\n|-heal|p2b: Birdo 2|72\/100|[from] Grassy Terrain\n|-damage|p1b: Drifloon|88\/100 brn|[from] brn\n|upkeep\n|\n|t:|1695334777\n|switch|p2a: >:P|Impidimp, M|100\/100\n|turn|4\n|\n|t:|1695334795\n|move|p2a: >:P|Fake Out|p1a: Cyndaquil\n|-damage|p1a: Cyndaquil|88\/100\n|cant|p1a: Cyndaquil|flinch\n|move|p1b: Drifloon|Psychic|p2a: >:P\n|-immune|p2a: >:P\n|move|p2b: Birdo 2|Psychic|p1a: Cyndaquil\n|-damage|p1a: Cyndaquil|15\/100\n|-unboost|p1a: Cyndaquil|spd|1\n|\n|-heal|p2b: Birdo 2|78\/100|[from] Grassy Terrain\n|-heal|p1a: Cyndaquil|21\/100|[from] Grassy Terrain\n|-damage|p1b: Drifloon|82\/100 brn|[from] brn\n|upkeep\n|turn|5\n|\n|t:|1695334837\n|move|p2a: >:P|Parting Shot|p1b: Drifloon\n|-unboost|p1b: Drifloon|atk|1\n|-unboost|p1b: Drifloon|spa|1\n|\n|t:|1695334844\n|switch|p2a: Denim Gucci|Mudbray, M, shiny|100\/100|[from] Parting Shot\n|move|p1a: Cyndaquil|Heat Wave|p2b: Birdo 2|[spread] p2a,p2b\n|-damage|p2a: Denim Gucci|68\/100\n|-damage|p2b: Birdo 2|37\/100\n|-status|p2a: Denim Gucci|brn\n|-ability|p2a: Denim Gucci|Stamina|boost\n|-boost|p2a: Denim Gucci|def|1\n|move|p1b: Drifloon|Shadow Ball|p2a: Denim Gucci\n|-crit|p2a: Denim Gucci\n|-damage|p2a: Denim Gucci|12\/100 brn\n|-ability|p2a: Denim Gucci|Stamina|boost\n|-boost|p2a: Denim Gucci|def|1\n|move|p2b: Birdo 2|Psychic|p1a: Cyndaquil\n|-damage|p1a: Cyndaquil|0 fnt\n|faint|p1a: Cyndaquil\n|\n|-heal|p2b: Birdo 2|44\/100|[from] Grassy Terrain\n|-heal|p2a: Denim Gucci|18\/100 brn|[from] Grassy Terrain\n|-damage|p2a: Denim Gucci|12\/100 brn|[from] brn\n|-damage|p1b: Drifloon|75\/100 brn|[from] brn\n|-fieldend|move: Trick Room\n|-fieldend|move: Grassy Terrain\n|upkeep\n|\n|t:|1695334865\n|switch|p1a: Mienfoo|Mienfoo, F|100\/100\n|turn|6\n|\n|t:|1695334889\n|switch|p1b: Bronzor|Bronzor, shiny|100\/100\n|move|p1a: Mienfoo|Fake Out|p2a: Denim Gucci\n|-damage|p2a: Denim Gucci|6\/100 brn\n|-ability|p2a: Denim Gucci|Stamina|boost\n|-boost|p2a: Denim Gucci|def|1\n|cant|p2a: Denim Gucci|flinch\n|move|p2b: Birdo 2|Discharge|p1b: Bronzor|[spread] p1a,p1b\n|-immune|p2a: Denim Gucci\n|-damage|p1a: Mienfoo|44\/100\n|-damage|p1b: Bronzor|76\/100\n|\n|-heal|p1a: Mienfoo|50\/100|[from] item: Leftovers\n|-damage|p2a: Denim Gucci|0 fnt|[from] brn\n|faint|p2a: Denim Gucci\n|upkeep\n|\n|t:|1695334917\n|switch|p2a: Dreepy|Dreepy, M, shiny|100\/100\n|turn|7\n|\n|t:|1695334953\n|move|p2a: Dreepy|Sucker Punch||[still]\n|-fail|p2a: Dreepy\n|move|p1a: Mienfoo|Drain Punch|p2b: Birdo 2\n|-supereffective|p2b: Birdo 2\n|-damage|p2b: Birdo 2|0 fnt\n|-heal|p1a: Mienfoo|75\/100|[from] drain|[of] p2b: Birdo 2\n|faint|p2b: Birdo 2\n|move|p1b: Bronzor|Stealth Rock|p2a: Dreepy\n|-sidestart|p2: TDScott8|move: Stealth Rock\n|\n|-heal|p1a: Mienfoo|82\/100|[from] item: Leftovers\n|upkeep\n|\n|t:|1695334966\n|switch|p2b: >:P|Impidimp, M|100\/100\n|-damage|p2b: >:P|88\/100|[from] Stealth Rock\n|turn|8\n|\n|t:|1695334982\n|switch|p2a: Hooky|Chinchou, F, shiny|100\/100\n|-damage|p2a: Hooky|88\/100|[from] Stealth Rock\n|move|p2b: >:P|Fake Out|p1a: Mienfoo\n|-damage|p1a: Mienfoo|68\/100\n|cant|p1a: Mienfoo|flinch\n|move|p1b: Bronzor|Trick Room|p1b: Bronzor\n|-fieldstart|move: Trick Room|[of] p1b: Bronzor\n|\n|-heal|p2a: Hooky|94\/100|[from] item: Leftovers\n|-heal|p1a: Mienfoo|74\/100|[from] item: Leftovers\n|upkeep\n|turn|9\n|\n|t:|1695335030\n|move|p1b: Bronzor|Flash Cannon|p2b: >:P\n|-supereffective|p2b: >:P\n|-damage|p2b: >:P|33\/100\n|-enditem|p2b: >:P|Red Card|[of] p1b: Bronzor\n|drag|p1b: Azurill|Azurill, F, shiny|100\/100\n|move|p2b: >:P|Dark Pulse|p1b: Azurill\n|-resisted|p1b: Azurill\n|-damage|p1b: Azurill|69\/100\n|move|p2a: Hooky|Scald|p1a: Mienfoo\n|-damage|p1a: Mienfoo|0 fnt\n|faint|p1a: Mienfoo\n|\n|-heal|p2a: Hooky|100\/100|[from] item: Leftovers\n|upkeep\n|\n|t:|1695335044\n|switch|p1a: Drifloon|Drifloon, F|75\/100 brn\n|turn|10\n|\n|t:|1695335081\n|move|p1b: Azurill|Aqua Jet|p2b: >:P\n|-damage|p2b: >:P|0 fnt\n|faint|p2b: >:P\n|move|p2a: Hooky|Scald|p1a: Drifloon\n|-damage|p1a: Drifloon|30\/100 brn\n|move|p1a: Drifloon|Shadow Ball|p2a: Hooky\n|-damage|p2a: Hooky|47\/100\n|\n|-heal|p2a: Hooky|53\/100|[from] item: Leftovers\n|-damage|p1a: Drifloon|24\/100 brn|[from] brn\n|upkeep\n|\n|t:|1695335094\n|switch|p2b: Dreepy|Dreepy, M, shiny|100\/100\n|-damage|p2b: Dreepy|88\/100|[from] Stealth Rock\n|turn|11\n|\n|t:|1695335123\n|move|p1b: Azurill|Aqua Jet|p2b: Dreepy\n|-resisted|p2b: Dreepy\n|-damage|p2b: Dreepy|58\/100\n|move|p2b: Dreepy|Sucker Punch||[still]\n|-fail|p2b: Dreepy\n|move|p2a: Hooky|Scald|p1a: Drifloon\n|-damage|p1a: Drifloon|0 fnt\n|faint|p1a: Drifloon\n|\n|-heal|p2a: Hooky|59\/100|[from] item: Leftovers\n|upkeep\n|\n|t:|1695335133\n|switch|p1a: Bronzor|Bronzor, shiny|76\/100\n|turn|12\n|\n|t:|1695335144\n|move|p1a: Bronzor|Helping Hand|p1b: Azurill\n|-singleturn|p1b: Azurill|Helping Hand|[of] p1a: Bronzor\n|move|p2b: Dreepy|Sucker Punch||[still]\n|-fail|p2b: Dreepy\n|move|p1b: Azurill|Belly Drum|p1b: Azurill\n|-damage|p1b: Azurill|19\/100\n|-setboost|p1b: Azurill|atk|6|[from] move: Belly Drum\n|-enditem|p1b: Azurill|Sitrus Berry|[eat]\n|-heal|p1b: Azurill|44\/100|[from] item: Sitrus Berry\n|move|p2a: Hooky|Scald|p1a: Bronzor\n|-damage|p1a: Bronzor|50\/100\n|\n|-heal|p2a: Hooky|65\/100|[from] item: Leftovers\n|-fieldend|move: Trick Room\n|upkeep\n|turn|13\n|\n|t:|1695335169\n|move|p2b: Dreepy|Sucker Punch|p1b: Azurill\n|-resisted|p1b: Azurill\n|-damage|p1b: Azurill|20\/100\n|move|p1b: Azurill|Aqua Jet|p2b: Dreepy\n|-resisted|p2b: Dreepy\n|-damage|p2b: Dreepy|0 fnt\n|faint|p2b: Dreepy\n|move|p2a: Hooky|Volt Switch|p1b: Azurill\n|-crit|p1b: Azurill\n|-damage|p1b: Azurill|0 fnt\n|faint|p1b: Azurill\n|move|p1a: Bronzor|Flash Cannon|p2a: Hooky\n|-resisted|p2a: Hooky\n|-damage|p2a: Hooky|62\/100\n|\n|-heal|p2a: Hooky|68\/100|[from] item: Leftovers\n|upkeep\n|turn|14\n|\n|t:|1695335191\n|move|p2a: Hooky|Scald|p1a: Bronzor\n|-damage|p1a: Bronzor|21\/100\n|move|p1a: Bronzor|Flash Cannon|p2a: Hooky\n|-resisted|p2a: Hooky\n|-damage|p2a: Hooky|64\/100\n|\n|-heal|p2a: Hooky|71\/100|[from] item: Leftovers\n|upkeep\n|turn|15\n|\n|t:|1695335205\n|move|p2a: Hooky|Scald|p1a: Bronzor\n|-damage|p1a: Bronzor|0 fnt\n|faint|p1a: Bronzor\n|\n|win|TDScott8\n|l|\u2606KermitTheFrrog\n","uploadtime":1695335470,"views":7,"p1id":"kermitthefrrog","p2id":"tdscott8","formatid":"gen9nationaldexdoubles","rating":0,"private":0,"password":""}