{"id":"gen9nationaldexdoubles-1964781840","p1":"BugCatcherKale","p2":"Codiai","format":"[Gen 9] National Dex Doubles","log":"|j|\u2606BugCatcherKale\n|j|\u2606Codiai\n|t:|1697007995\n|gametype|doubles\n|player|p1|BugCatcherKale|bugcatcher-gen4dp|1157\n|player|p2|Codiai|richboy|1233\n|teamsize|p1|6\n|teamsize|p2|6\n|gen|9\n|tier|[Gen 9] National Dex Doubles\n|rated|\n|rule|HP Percentage Mod: HP is shown in percentages\n|rule|Endless Battle Clause: Forcing endless battles is banned\n|rule|OHKO Clause: OHKO moves are banned\n|rule|Evasion Moves Clause: Evasion moves are banned\n|rule|Evasion Abilities Clause: Evasion abilities are banned\n|rule|Species Clause: Limit one of each Pok\u00e9mon\n|rule|Gravity Sleep Clause: The combination of sleep-inducing moves with imperfect accuracy and Gravity or Gigantamax Orbeetle are banned\n|clearpoke\n|poke|p1|Illumise, F|\n|poke|p1|Volcarona, F|\n|poke|p1|Vikavolt, M|\n|poke|p1|Golisopod, M|\n|poke|p1|Flygon, F|\n|poke|p1|Pinsir, F|\n|poke|p2|Torkoal, M|\n|poke|p2|Venusaur, F|\n|poke|p2|Charizard, M|\n|poke|p2|Gastrodon, F|\n|poke|p2|Diancie|\n|poke|p2|Porygon2|\n|teampreview\n|j| goodturnoutforthe\n|j| josuerb\n|l| josuerb\n|\n|t:|1697008029\n|start\n|switch|p1a: Golisopod|Golisopod, M|100\/100\n|switch|p1b: Flygon|Flygon, F|100\/100\n|switch|p2a: Venusaur|Venusaur, F|100\/100\n|switch|p2b: Charizard|Charizard, M|100\/100\n|turn|1\n|\n|t:|1697008058\n|detailschange|p2b: Charizard|Charizard-Mega-Y, M\n|-mega|p2b: Charizard|Charizard|Charizardite Y\n|-weather|SunnyDay|[from] ability: Drought|[of] p2b: Charizard\n|move|p2a: Venusaur|Sleep Powder|p1a: Golisopod|[miss]\n|-miss|p2a: Venusaur|p1a: Golisopod\n|move|p2b: Charizard|Air Slash|p1b: Flygon\n|-damage|p1b: Flygon|36\/100\n|cant|p1b: Flygon|flinch\n|move|p1a: Golisopod|Waterfall|p2b: Charizard\n|-supereffective|p2b: Charizard\n|-crit|p2b: Charizard\n|-damage|p2b: Charizard|0 fnt\n|faint|p2b: Charizard\n|-damage|p1a: Golisopod|91\/100|[from] item: Life Orb\n|\n|-weather|SunnyDay|[upkeep]\n|upkeep\n|\n|t:|1697008092\n|switch|p2b: Porygon2|Porygon2|100\/100\n|-ability|p2b: Porygon2|Download|boost\n|-boost|p2b: Porygon2|spa|1\n|turn|2\n|\n|t:|1697008117\n|switch|p1a: Vikavolt|Vikavolt, M|100\/100\n|move|p2a: Venusaur|Sleep Powder|p1a: Vikavolt|[miss]\n|-miss|p2a: Venusaur|p1a: Vikavolt\n|move|p1b: Flygon|Earthquake|p2a: Venusaur|[spread] p2a,p2b\n|-immune|p1a: Vikavolt|[from] ability: Levitate\n|-damage|p2a: Venusaur|56\/100\n|-damage|p2b: Porygon2|80\/100\n|move|p2b: Porygon2|Ice Beam|p1b: Flygon\n|-supereffective|p1b: Flygon\n|-damage|p1b: Flygon|0 fnt\n|faint|p1b: Flygon\n|\n|-weather|SunnyDay|[upkeep]\n|upkeep\n|\n|t:|1697008132\n|switch|p1b: Volcarona|Volcarona, F|100\/100\n|turn|3\n|\n|t:|1697008151\n|move|p1b: Volcarona|Protect|p1b: Volcarona\n|-singleturn|p1b: Volcarona|Protect\n|move|p2a: Venusaur|Sleep Powder|p1b: Volcarona\n|-activate|p1b: Volcarona|move: Protect\n|move|p1a: Vikavolt|Discharge|p2a: Venusaur|[spread] p2a,p2b\n|-activate|p1b: Volcarona|move: Protect\n|-resisted|p2a: Venusaur\n|-damage|p2a: Venusaur|36\/100\n|-damage|p2b: Porygon2|56\/100\n|-damage|p1a: Vikavolt|91\/100|[from] item: Life Orb\n|move|p2b: Porygon2|Tri Attack|p1a: Vikavolt\n|-damage|p1a: Vikavolt|28\/100\n|-status|p1a: Vikavolt|brn\n|\n|-weather|SunnyDay|[upkeep]\n|-damage|p1a: Vikavolt|22\/100 brn|[from] brn\n|upkeep\n|turn|4\n|\n|t:|1697008182\n|-terastallize|p1b: Volcarona|Grass\n|move|p1a: Vikavolt|Protect|p1a: Vikavolt\n|-singleturn|p1a: Vikavolt|Protect\n|move|p2a: Venusaur|Sleep Powder|p1b: Volcarona\n|-immune|p1b: Volcarona\n|move|p1b: Volcarona|Heat Wave|p2a: Venusaur|[spread] p2a,p2b\n|-supereffective|p2a: Venusaur\n|-damage|p2a: Venusaur|0 fnt\n|-damage|p2b: Porygon2|18\/100\n|faint|p2a: Venusaur\n|move|p2b: Porygon2|Tri Attack|p1a: Vikavolt\n|-activate|p1a: Vikavolt|move: Protect\n|\n|-weather|SunnyDay|[upkeep]\n|-damage|p1a: Vikavolt|16\/100 brn|[from] brn\n|upkeep\n|c|\u2606Codiai|hack\n|\n|t:|1697008209\n|switch|p2a: Torkoal|Torkoal, M|100\/100\n|turn|5\n|c|\u2606BugCatcherKale|did you know it takes about 100 monarch butterflies to weigh just one ounce?\n|\n|t:|1697008241\n|move|p1b: Volcarona|Protect|p1b: Volcarona\n|-singleturn|p1b: Volcarona|Protect\n|move|p1a: Vikavolt|Discharge|p2a: Torkoal|[spread] p2a,p2b\n|-activate|p1b: Volcarona|move: Protect\n|-damage|p2a: Torkoal|51\/100\n|-damage|p2b: Porygon2|0 fnt\n|faint|p2b: Porygon2\n|-damage|p1a: Vikavolt|6\/100 brn|[from] item: Life Orb\n|move|p2a: Torkoal|Eruption|p1b: Volcarona|[spread] p1a\n|-activate|p1b: Volcarona|move: Protect\n|-supereffective|p1a: Vikavolt\n|-damage|p1a: Vikavolt|0 fnt\n|faint|p1a: Vikavolt\n|\n|-weather|none\n|upkeep\n|\n|t:|1697008288\n|switch|p1a: Illumise|Illumise, F|100\/100\n|switch|p2b: Diancie|Diancie|100\/100\n|turn|6\n|\n|t:|1697008325\n|move|p1a: Illumise|Helping Hand|p1b: Volcarona\n|-singleturn|p1b: Volcarona|Helping Hand|[of] p1a: Illumise\n|move|p2a: Torkoal|Protect|p2a: Torkoal\n|-singleturn|p2a: Torkoal|Protect\n|move|p1b: Volcarona|Heat Wave|p2b: Diancie|[spread] p2b\n|-activate|p2a: Torkoal|move: Protect\n|-resisted|p2b: Diancie\n|-damage|p2b: Diancie|75\/100\n|-status|p2b: Diancie|brn\n|move|p2b: Diancie|Trick Room|p2b: Diancie\n|-fieldstart|move: Trick Room|[of] p2b: Diancie\n|\n|-damage|p2b: Diancie|69\/100 brn|[from] brn\n|upkeep\n|turn|7\n|\n|t:|1697008347\n|move|p1b: Volcarona|Protect|p1b: Volcarona\n|-singleturn|p1b: Volcarona|Protect\n|move|p1a: Illumise|Encore|p2b: Diancie\n|-start|p2b: Diancie|Encore\n|move|p2a: Torkoal|Eruption|p1a: Illumise|[spread] p1a\n|-activate|p1b: Volcarona|move: Protect\n|-supereffective|p1a: Illumise\n|-damage|p1a: Illumise|54\/100\n|move|p2b: Diancie|Trick Room|p2b: Diancie\n|-fieldend|move: Trick Room\n|\n|-damage|p2b: Diancie|63\/100 brn|[from] brn\n|upkeep\n|turn|8\n|\n|t:|1697008380\n|switch|p1a: Golisopod|Golisopod, M|91\/100\n|move|p2a: Torkoal|Protect|p2a: Torkoal\n|-singleturn|p2a: Torkoal|Protect\n|move|p1b: Volcarona|Quiver Dance|p1b: Volcarona\n|-boost|p1b: Volcarona|spa|1\n|-boost|p1b: Volcarona|spd|1\n|-boost|p1b: Volcarona|spe|1\n|move|p2b: Diancie|Trick Room|p2b: Diancie\n|-fieldstart|move: Trick Room|[of] p2b: Diancie\n|\n|-damage|p2b: Diancie|56\/100 brn|[from] brn\n|upkeep\n|turn|9\n|\n|t:|1697008423\n|switch|p2b: Gastrodon|Gastrodon, F|100\/100\n|move|p1b: Volcarona|Protect|p1b: Volcarona\n|-singleturn|p1b: Volcarona|Protect\n|move|p2a: Torkoal|Eruption|p1a: Golisopod|[spread] p1a\n|-activate|p1b: Volcarona|move: Protect\n|-damage|p1a: Golisopod|61\/100\n|move|p1a: Golisopod|Waterfall|p2b: Gastrodon\n|-activate|p2b: Gastrodon|ability: Storm Drain\n|-ability|p2b: Gastrodon|Storm Drain|boost\n|-boost|p2b: Gastrodon|spa|1\n|\n|upkeep\n|turn|10\n|\n|t:|1697008453\n|-terastallize|p2a: Torkoal|Fire\n|move|p1a: Golisopod|Sucker Punch|p2a: Torkoal\n|-damage|p2a: Torkoal|28\/100\n|-damage|p1a: Golisopod|51\/100|[from] item: Life Orb\n|move|p2a: Torkoal|Eruption|p1a: Golisopod|[spread] p1a,p1b\n|-supereffective|p1b: Volcarona\n|-crit|p1b: Volcarona\n|-damage|p1a: Golisopod|28\/100\n|-damage|p1b: Volcarona|40\/100\n|-activate|p1a: Golisopod|ability: Emergency Exit\n|\n|t:|1697008470\n|switch|p1a: Illumise|Illumise, F|54\/100\n|move|p2b: Gastrodon|Yawn|p1a: Illumise\n|-start|p1a: Illumise|move: Yawn|[of] p2b: Gastrodon\n|move|p1b: Volcarona|Giga Drain|p2b: Gastrodon\n|-supereffective|p2b: Gastrodon\n|-enditem|p2b: Gastrodon|Rindo Berry|[eat]\n|-enditem|p2b: Gastrodon|Rindo Berry|[weaken]\n|-damage|p2b: Gastrodon|0 fnt\n|-heal|p1b: Volcarona|100\/100|[from] drain|[of] p2b: Gastrodon\n|faint|p2b: Gastrodon\n|\n|upkeep\n|\n|t:|1697008474\n|switch|p2b: Diancie|Diancie|56\/100 brn\n|turn|11\n|\n|t:|1697008498\n|move|p1a: Illumise|Helping Hand|p1b: Volcarona\n|-singleturn|p1b: Volcarona|Helping Hand|[of] p1a: Illumise\n|move|p2a: Torkoal|Eruption|p1b: Volcarona|[spread] p1a,p1b\n|-supereffective|p1a: Illumise\n|-supereffective|p1b: Volcarona\n|-damage|p1a: Illumise|21\/100\n|-damage|p1b: Volcarona|70\/100\n|move|p2b: Diancie|Body Press|p1b: Volcarona\n|-damage|p1b: Volcarona|43\/100\n|move|p1b: Volcarona|Heat Wave|p2b: Diancie|[spread] p2a,p2b\n|-resisted|p2a: Torkoal\n|-resisted|p2b: Diancie\n|-damage|p2a: Torkoal|0 fnt\n|-damage|p2b: Diancie|20\/100 brn\n|faint|p2a: Torkoal\n|\n|-damage|p2b: Diancie|14\/100 brn|[from] brn\n|-end|p1a: Illumise|move: Yawn|[silent]\n|-status|p1a: Illumise|slp\n|upkeep\n|turn|12\n|\n|t:|1697008523\n|cant|p1a: Illumise|slp\n|move|p2b: Diancie|Diamond Storm|p1a: Illumise|[spread] p1a,p1b\n|-supereffective|p1a: Illumise\n|-damage|p1a: Illumise|0 fnt\n|-damage|p1b: Volcarona|22\/100\n|-boost|p2b: Diancie|def|2\n|faint|p1a: Illumise\n|move|p1b: Volcarona|Giga Drain|p2b: Diancie\n|-supereffective|p2b: Diancie\n|-damage|p2b: Diancie|0 fnt\n|-heal|p1b: Volcarona|28\/100|[from] drain|[of] p2b: Diancie\n|faint|p2b: Diancie\n|\n|win|BugCatcherKale\n|raw|BugCatcherKale's rating: 1157 &rarr; <strong>1187<\/strong><br \/>(+30 for winning)\n|raw|Codiai's rating: 1233 &rarr; <strong>1203<\/strong><br \/>(-30 for losing)\n|c|\u2606BugCatcherKale|bugs sure are neat, aren't they?\n|c|\u2606BugCatcherKale|gg\n|l|\u2606Codiai\n","uploadtime":1697008577,"views":8,"p1id":"bugcatcherkale","p2id":"codiai","formatid":"gen9nationaldexdoubles","rating":1187,"private":0,"password":""}