{"id":"gen9nationaldexdoubles-1981226306","p1":"EatFoods","p2":"Beyond Subzero","format":"[Gen 9] National Dex Doubles","log":"|j|\u2606EatFoods\n|j|\u2606Beyond Subzero\n|t:|1698874160\n|gametype|doubles\n|player|p1|EatFoods|rika|1494\n|player|p2|Beyond Subzero|bruno|1437\n|teamsize|p1|6\n|teamsize|p2|6\n|gen|9\n|tier|[Gen 9] National Dex Doubles\n|rated|\n|rule|HP Percentage Mod: HP is shown in percentages\n|rule|Endless Battle Clause: Forcing endless battles is banned\n|rule|OHKO Clause: OHKO moves are banned\n|rule|Evasion Moves Clause: Evasion moves are banned\n|rule|Evasion Abilities Clause: Evasion abilities are banned\n|rule|Species Clause: Limit one of each Pok\u00e9mon\n|rule|Gravity Sleep Clause: The combination of sleep-inducing moves with imperfect accuracy and Gravity or Gigantamax Orbeetle are banned\n|clearpoke\n|poke|p1|Charizard, M|\n|poke|p1|Ogerpon-Hearthflame, F|\n|poke|p1|Whimsicott, M|\n|poke|p1|Tapu Fini|\n|poke|p1|Chien-Pao|\n|poke|p1|Marshadow|\n|poke|p2|Politoed, M|\n|poke|p2|Stakataka|\n|poke|p2|Nihilego|\n|poke|p2|Swampert, M|\n|poke|p2|Floatzel, M|\n|poke|p2|Zapdos|\n|teampreview\n|inactive|Battle timer is ON: inactive players will automatically lose when time's up. (requested by Beyond Subzero)\n|inactive|EatFoods also wants the timer to be on.\n|\n|t:|1698874184\n|start\n|switch|p1a: Whimsicott|Whimsicott, M|100\/100\n|switch|p1b: Marshadow|Marshadow|100\/100\n|switch|p2a: Nihilego|Nihilego, shiny|100\/100\n|switch|p2b: Zapdos|Zapdos, shiny|100\/100\n|turn|1\n|\n|t:|1698874198\n|move|p1a: Whimsicott|Protect|p1a: Whimsicott\n|-singleturn|p1a: Whimsicott|Protect\n|move|p1b: Marshadow|Protect|p1b: Marshadow\n|-singleturn|p1b: Marshadow|Protect\n|move|p2a: Nihilego|Meteor Beam||[still]\n|-prepare|p2a: Nihilego|Meteor Beam\n|-boost|p2a: Nihilego|spa|1\n|-enditem|p2a: Nihilego|Power Herb\n|-anim|p2a: Nihilego|Meteor Beam|p1a: Whimsicott\n|-activate|p1a: Whimsicott|move: Protect\n|move|p2b: Zapdos|Hurricane|p1b: Marshadow\n|-activate|p1b: Marshadow|move: Protect\n|\n|upkeep\n|turn|2\n|\n|t:|1698874215\n|-terastallize|p1b: Marshadow|Poison\n|move|p1a: Whimsicott|Tailwind|p1a: Whimsicott\n|-sidestart|p1: EatFoods|move: Tailwind\n|move|p1b: Marshadow|Close Combat|p2a: Nihilego\n|-damage|p2a: Nihilego|0 fnt\n|-unboost|p1b: Marshadow|def|1\n|-unboost|p1b: Marshadow|spd|1\n|faint|p2a: Nihilego\n|-damage|p1b: Marshadow|91\/100|[from] item: Life Orb\n|move|p2b: Zapdos|Hurricane|p1b: Marshadow\n|-damage|p1b: Marshadow|0 fnt\n|faint|p1b: Marshadow\n|\n|upkeep\n|\n|t:|1698874229\n|switch|p1b: Chien-Pao|Chien-Pao|100\/100\n|switch|p2a: Floatzel|Floatzel, M, shiny|100\/100\n|-ability|p1b: Chien-Pao|Sword of Ruin\n|turn|3\n|\n|t:|1698874243\n|move|p1b: Chien-Pao|Protect|p1b: Chien-Pao\n|-singleturn|p1b: Chien-Pao|Protect\n|move|p1a: Whimsicott|Moonblast|p2b: Zapdos\n|-damage|p2b: Zapdos|61\/100\n|move|p2a: Floatzel|Flip Turn|p1b: Chien-Pao\n|-activate|p1b: Chien-Pao|move: Protect\n|move|p2b: Zapdos|Hurricane|p1a: Whimsicott\n|-supereffective|p1a: Whimsicott\n|-enditem|p1a: Whimsicott|Focus Sash\n|-damage|p1a: Whimsicott|1\/100\n|-start|p1a: Whimsicott|confusion\n|\n|upkeep\n|turn|4\n|\n|t:|1698874267\n|switch|p1b: Tapu Fini|Tapu Fini|100\/100\n|-fieldstart|move: Misty Terrain|[from] ability: Misty Surge|[of] p1b: Tapu Fini\n|switch|p1a: Charizard|Charizard, M|100\/100\n|move|p2a: Floatzel|Flip Turn|p1b: Tapu Fini\n|-resisted|p1b: Tapu Fini\n|-damage|p1b: Tapu Fini|78\/100\n|\n|t:|1698874277\n|switch|p2a: Stakataka|Stakataka, shiny|100\/100|[from] Flip Turn\n|move|p2b: Zapdos|Roost|p2b: Zapdos\n|-heal|p2b: Zapdos|100\/100\n|-singleturn|p2b: Zapdos|move: Roost\n|\n|upkeep\n|turn|5\n|\n|t:|1698874303\n|detailschange|p1a: Charizard|Charizard-Mega-Y, M\n|-mega|p1a: Charizard|Charizard|Charizardite Y\n|-weather|SunnyDay|[from] ability: Drought|[of] p1a: Charizard\n|-terastallize|p2a: Stakataka|Ghost\n|move|p1a: Charizard|Protect|p1a: Charizard\n|-singleturn|p1a: Charizard|Protect\n|move|p1b: Tapu Fini|Trick|p2a: Stakataka\n|-activate|p1b: Tapu Fini|move: Trick|[of] p2a: Stakataka\n|-item|p2a: Stakataka|Choice Scarf|[from] move: Trick\n|-item|p1b: Tapu Fini|Clear Amulet|[from] move: Trick\n|move|p2b: Zapdos|Thunder|p1a: Charizard\n|-activate|p1a: Charizard|move: Protect\n|move|p2a: Stakataka|Trick Room|p2a: Stakataka\n|-fieldstart|move: Trick Room|[of] p2a: Stakataka\n|\n|-weather|SunnyDay|[upkeep]\n|-sideend|p1: EatFoods|move: Tailwind\n|upkeep\n|turn|6\n|\n|t:|1698874330\n|switch|p2a: Politoed|Politoed, M|100\/100\n|-weather|RainDance|[from] ability: Drizzle|[of] p2a: Politoed\n|switch|p1a: Whimsicott|Whimsicott, M|1\/100\n|move|p2b: Zapdos|Thunder|p1a: Whimsicott\n|-resisted|p1a: Whimsicott\n|-damage|p1a: Whimsicott|0 fnt\n|faint|p1a: Whimsicott\n|move|p1b: Tapu Fini|Ice Beam|p2b: Zapdos\n|-supereffective|p2b: Zapdos\n|-damage|p2b: Zapdos|55\/100\n|-status|p2b: Zapdos|frz\n|\n|-weather|RainDance|[upkeep]\n|upkeep\n|\n|t:|1698874334\n|switch|p1a: Charizard|Charizard-Mega-Y, M|100\/100\n|-weather|SunnyDay|[from] ability: Drought|[of] p1a: Charizard\n|turn|7\n|\n|t:|1698874347\n|switch|p2a: Stakataka|Stakataka, shiny, tera:Ghost|100\/100\n|cant|p2b: Zapdos|frz\n|move|p1a: Charizard|Heat Wave|p2b: Zapdos|[spread] p2a,p2b\n|-damage|p2a: Stakataka|39\/100\n|-damage|p2b: Zapdos|0 fnt\n|faint|p2b: Zapdos\n|move|p1b: Tapu Fini|Moonblast|p2a: Stakataka\n|-damage|p2a: Stakataka|0 fnt\n|faint|p2a: Stakataka\n|\n|-weather|SunnyDay|[upkeep]\n|upkeep\n|\n|t:|1698874359\n|switch|p2a: Politoed|Politoed, M|100\/100\n|switch|p2b: Swampert|Swampert, M, shiny|100\/100\n|-weather|RainDance|[from] ability: Drizzle|[of] p2a: Politoed\n|turn|8\n|\n|t:|1698874378\n|detailschange|p2b: Swampert|Swampert-Mega, M, shiny\n|-mega|p2b: Swampert|Swampert|Swampertite\n|move|p2a: Politoed|Helping Hand|p2b: Swampert\n|-singleturn|p2b: Swampert|Helping Hand|[of] p2a: Politoed\n|move|p1a: Charizard|Protect|p1a: Charizard\n|-singleturn|p1a: Charizard|Protect\n|move|p1b: Tapu Fini|Hydro Pump|p2b: Swampert|[miss]\n|-miss|p1b: Tapu Fini|p2b: Swampert\n|move|p2b: Swampert|High Horsepower|p1b: Tapu Fini\n|-damage|p1b: Tapu Fini|0 fnt\n|faint|p1b: Tapu Fini\n|\n|-weather|RainDance|[upkeep]\n|-fieldend|Misty Terrain\n|upkeep\n|\n|t:|1698874394\n|switch|p1b: Ogerpon|Ogerpon-Hearthflame, F|100\/100\n|-ability|p1b: Ogerpon|Mold Breaker\n|turn|9\n|\n|t:|1698874404\n|move|p2a: Politoed|Helping Hand|p2b: Swampert\n|-singleturn|p2b: Swampert|Helping Hand|[of] p2a: Politoed\n|move|p1a: Charizard|Helping Hand|p1b: Ogerpon\n|-singleturn|p1b: Ogerpon|Helping Hand|[of] p1a: Charizard\n|move|p1b: Ogerpon|Wood Hammer|p2b: Swampert\n|-supereffective|p2b: Swampert\n|-damage|p2b: Swampert|0 fnt\n|faint|p2b: Swampert\n|-damage|p1b: Ogerpon|63\/100|[from] Recoil\n|\n|-weather|RainDance|[upkeep]\n|-fieldend|move: Trick Room\n|upkeep\n|\n|t:|1698874418\n|switch|p2b: Floatzel|Floatzel, M, shiny|100\/100\n|turn|10\n|\n|t:|1698874442\n|switch|p1a: Chien-Pao|Chien-Pao|100\/100\n|-ability|p1a: Chien-Pao|Sword of Ruin\n|move|p1b: Ogerpon|Spiky Shield|p1b: Ogerpon\n|-singleturn|p1b: Ogerpon|move: Protect\n|move|p2b: Floatzel|Wave Crash|p1b: Ogerpon\n|-activate|p1b: Ogerpon|move: Protect\n|-damage|p2b: Floatzel|88\/100|[from] Spiky Shield|[of] p1b: Ogerpon\n|move|p2a: Politoed|Scald|p1a: Chien-Pao\n|-damage|p1a: Chien-Pao|42\/100\n|-status|p1a: Chien-Pao|brn\n|\n|-weather|RainDance|[upkeep]\n|-damage|p1a: Chien-Pao|36\/100 brn|[from] brn\n|upkeep\n|turn|11\n|\n|t:|1698874467\n|switch|p1a: Charizard|Charizard-Mega-Y, M|100\/100\n|-weather|SunnyDay|[from] ability: Drought|[of] p1a: Charizard\n|move|p1b: Ogerpon|Wood Hammer|p2b: Floatzel\n|-supereffective|p2b: Floatzel\n|-damage|p2b: Floatzel|0 fnt\n|faint|p2b: Floatzel\n|-damage|p1b: Ogerpon|33\/100|[from] Recoil\n|move|p2a: Politoed|Scald|p1a: Charizard\n|-supereffective|p1a: Charizard\n|-damage|p1a: Charizard|79\/100\n|\n|-weather|SunnyDay|[upkeep]\n|upkeep\n|turn|12\n|\n|t:|1698874474\n|move|p1b: Ogerpon|Wood Hammer|p2a: Politoed\n|-supereffective|p2a: Politoed\n|-damage|p2a: Politoed|0 fnt\n|faint|p2a: Politoed\n|-damage|p1b: Ogerpon|0 fnt|[from] Recoil\n|faint|p1b: Ogerpon\n|\n|win|EatFoods\n|raw|EatFoods's rating: 1494 &rarr; <strong>1511<\/strong><br \/>(+17 for winning)\n|raw|Beyond Subzero's rating: 1437 &rarr; <strong>1420<\/strong><br \/>(-17 for losing)\n|c|\u2606EatFoods|gg\n|c|\u2606Beyond Subzero|ggs\n|l|\u2606Beyond Subzero\n","uploadtime":1698874490,"views":7,"p1id":"eatfoods","p2id":"beyondsubzero","formatid":"gen9nationaldexdoubles","rating":1420,"private":0,"password":""}