{"id":"gen9nationaldexdoubles-1965374720","p1":"JKogut","p2":"Specific360","format":"[Gen 9] National Dex Doubles","log":"|j|\u2606JKogut\n|j|\u2606Specific360\n|t:|1697066480\n|gametype|doubles\n|player|p1|JKogut|workerice|\n|player|p2|Specific360|veteran|\n|teamsize|p1|6\n|teamsize|p2|6\n|gen|9\n|tier|[Gen 9] National Dex Doubles\n|rule|HP Percentage Mod: HP is shown in percentages\n|rule|Endless Battle Clause: Forcing endless battles is banned\n|rule|OHKO Clause: OHKO moves are banned\n|rule|Evasion Moves Clause: Evasion moves are banned\n|rule|Evasion Abilities Clause: Evasion abilities are banned\n|rule|Species Clause: Limit one of each Pok\u00e9mon\n|rule|Gravity Sleep Clause: The combination of sleep-inducing moves with imperfect accuracy and Gravity or Gigantamax Orbeetle are banned\n|clearpoke\n|poke|p1|Lickilicky, F|\n|poke|p1|Skeledirge, F|\n|poke|p1|Kommo-o, F|\n|poke|p1|Kilowattrel, F|\n|poke|p1|Cresselia, F|\n|poke|p1|Grimmsnarl, M|\n|poke|p2|Nihilego|\n|poke|p2|Corviknight, M|\n|poke|p2|Vikavolt, M|\n|poke|p2|Gliscor, M|\n|poke|p2|Chandelure, F|\n|poke|p2|Hatterene, F|\n|teampreview\n|j| annoying oranje\n|j| Sasha_Notices\n|j| AustralianJesus\n|\n|t:|1697066527\n|start\n|switch|p1a: Groovy Barbie|Grimmsnarl, M, shiny|100\/100\n|switch|p1b: Pop Star Barbie|Kommo-o, F, shiny|100\/100\n|switch|p2a: Yaga|Hatterene, F, shiny|100\/100\n|switch|p2b: Not-Lillie|Nihilego|100\/100\n|-item|p2b: Not-Lillie|Air Balloon\n|turn|1\n|\n|t:|1697066570\n|-terastallize|p1b: Pop Star Barbie|Steel\n|-terastallize|p2a: Yaga|Steel\n|move|p1a: Groovy Barbie|Taunt|p2b: Not-Lillie\n|-start|p2b: Not-Lillie|move: Taunt\n|move|p1b: Pop Star Barbie|Iron Head|p2a: Yaga\n|-resisted|p2a: Yaga\n|-damage|p2a: Yaga|83\/100\n|cant|p2b: Not-Lillie|move: Taunt|Toxic Spikes\n|move|p2a: Yaga|Dazzling Gleam|p1a: Groovy Barbie|[spread] p1a,p1b\n|-supereffective|p1a: Groovy Barbie\n|-resisted|p1b: Pop Star Barbie\n|-damage|p1a: Groovy Barbie|47\/100\n|-damage|p1b: Pop Star Barbie|92\/100\n|\n|-heal|p2a: Yaga|89\/100|[from] item: Leftovers\n|upkeep\n|turn|2\n|\n|t:|1697066628\n|switch|p2b: Drack|Gliscor, M|100\/100\n|move|p1a: Groovy Barbie|Light Screen|p1a: Groovy Barbie\n|-sidestart|p1: JKogut|move: Light Screen\n|move|p1b: Pop Star Barbie|Brick Break|p2a: Yaga\n|-supereffective|p2a: Yaga\n|-damage|p2a: Yaga|26\/100\n|move|p2a: Yaga|Reflect|p2a: Yaga\n|-sidestart|p2: Specific360|Reflect\n|\n|-heal|p2a: Yaga|32\/100|[from] item: Leftovers\n|-status|p2b: Drack|tox|[from] item: Toxic Orb\n|upkeep\n|turn|3\n|\n|t:|1697066674\n|move|p1a: Groovy Barbie|Reflect|p1a: Groovy Barbie\n|-sidestart|p1: JKogut|Reflect\n|move|p2b: Drack|Throat Chop|p1b: Pop Star Barbie\n|-damage|p1b: Pop Star Barbie|83\/100\n|-start|p1b: Pop Star Barbie|Throat Chop|[silent]\n|move|p1b: Pop Star Barbie|Brick Break|p2b: Drack\n|-sideend|p2: Specific360|Reflect\n|-resisted|p2b: Drack\n|-damage|p2b: Drack|89\/100 tox\n|move|p2a: Yaga|Trick Room|p2a: Yaga\n|-fieldstart|move: Trick Room|[of] p2a: Yaga\n|\n|-heal|p2a: Yaga|38\/100|[from] item: Leftovers\n|-heal|p2b: Drack|100\/100 tox|[from] ability: Poison Heal\n|upkeep\n|turn|4\n|\n|t:|1697066696\n|switch|p2a: Lucas|Vikavolt, M|100\/100\n|move|p1a: Groovy Barbie|Taunt|p2b: Drack\n|-start|p2b: Drack|move: Taunt\n|move|p1b: Pop Star Barbie|Brick Break|p2a: Lucas\n|-resisted|p2a: Lucas\n|-damage|p2a: Lucas|90\/100\n|move|p2b: Drack|Earthquake|p1a: Groovy Barbie|[spread] p1a,p1b\n|-immune|p2a: Lucas|[from] ability: Levitate\n|-supereffective|p1b: Pop Star Barbie\n|-damage|p1a: Groovy Barbie|26\/100\n|-damage|p1b: Pop Star Barbie|54\/100\n|\n|-end|p1b: Pop Star Barbie|Throat Chop|[silent]\n|upkeep\n|turn|5\n|\n|t:|1697066741\n|switch|p1a: Curvy Barbie|Lickilicky, F|100\/100\n|-ability|p1a: Curvy Barbie|Cloud Nine\n|switch|p1b: Moon God Barbie|Cresselia, F|100\/100\n|move|p2a: Lucas|Thunderbolt|p1b: Moon God Barbie\n|-damage|p1b: Moon God Barbie|85\/100\n|move|p2b: Drack|Earthquake|p1a: Curvy Barbie|[spread] p1a\n|-immune|p2a: Lucas|[from] ability: Levitate\n|-immune|p1b: Moon God Barbie|[from] ability: Levitate\n|-damage|p1a: Curvy Barbie|85\/100\n|\n|upkeep\n|turn|6\n|\n|t:|1697066761\n|move|p2a: Lucas|Bug Buzz|p1b: Moon God Barbie\n|-supereffective|p1b: Moon God Barbie\n|-damage|p1b: Moon God Barbie|49\/100\n|-unboost|p1b: Moon God Barbie|spd|1\n|move|p1a: Curvy Barbie|Icy Wind|p2b: Drack|[spread] p2a,p2b\n|-supereffective|p2b: Drack\n|-damage|p2a: Lucas|82\/100\n|-damage|p2b: Drack|62\/100 tox\n|-unboost|p2a: Lucas|spe|1\n|-unboost|p2b: Drack|spe|1\n|move|p2b: Drack|Throat Chop|p1b: Moon God Barbie\n|-supereffective|p1b: Moon God Barbie\n|-damage|p1b: Moon God Barbie|29\/100\n|-start|p1b: Moon God Barbie|Throat Chop|[silent]\n|move|p1b: Moon God Barbie|Lunar Blessing|p1b: Moon God Barbie|[spread] p1a,p1b\n|-heal|p1a: Curvy Barbie|100\/100\n|-heal|p1b: Moon God Barbie|54\/100\n|\n|-heal|p2b: Drack|75\/100 tox|[from] ability: Poison Heal\n|-end|p2b: Drack|move: Taunt\n|upkeep\n|turn|7\n|\n|t:|1697066826\n|switch|p2b: Vlad|Chandelure, F, shiny|100\/100\n|switch|p1b: Pop Star Barbie|Kommo-o, F, shiny, tera:Steel|54\/100\n|move|p2a: Lucas|Bug Buzz|p1b: Pop Star Barbie\n|-immune|p1b: Pop Star Barbie|[from] ability: Soundproof\n|move|p1a: Curvy Barbie|Icy Wind|p2a: Lucas|[spread] p2a,p2b\n|-resisted|p2b: Vlad\n|-damage|p2a: Lucas|73\/100\n|-damage|p2b: Vlad|97\/100\n|-unboost|p2a: Lucas|spe|1\n|-unboost|p2b: Vlad|spe|1\n|\n|-fieldend|move: Trick Room\n|upkeep\n|turn|8\n|\n|t:|1697066884\n|switch|p2b: Not-Lillie|Nihilego|100\/100\n|-item|p2b: Not-Lillie|Air Balloon\n|move|p1a: Curvy Barbie|Helping Hand|p1b: Pop Star Barbie\n|-singleturn|p1b: Pop Star Barbie|Helping Hand|[of] p1a: Curvy Barbie\n|move|p1b: Pop Star Barbie|Earthquake|p2a: Lucas|[spread] p1a\n|-immune|p2a: Lucas|[from] ability: Levitate\n|-immune|p2b: Not-Lillie\n|-damage|p1a: Curvy Barbie|88\/100\n|move|p2a: Lucas|Thunderbolt|p1b: Pop Star Barbie\n|-damage|p1b: Pop Star Barbie|38\/100\n|\n|upkeep\n|turn|9\n|\n|t:|1697066925\n|move|p1b: Pop Star Barbie|Iron Head|p2b: Not-Lillie\n|-supereffective|p2b: Not-Lillie\n|-damage|p2b: Not-Lillie|13\/100\n|-enditem|p2b: Not-Lillie|Air Balloon\n|move|p2b: Not-Lillie|Toxic Spikes|p1b: Pop Star Barbie\n|-sidestart|p1: JKogut|move: Toxic Spikes\n|move|p1a: Curvy Barbie|Icy Wind|p2a: Lucas|[spread] p2b\n|-miss|p1a: Curvy Barbie|p2a: Lucas\n|-damage|p2b: Not-Lillie|8\/100\n|-unboost|p2b: Not-Lillie|spe|1\n|move|p2a: Lucas|Volt Switch|p1b: Pop Star Barbie\n|-damage|p1b: Pop Star Barbie|24\/100\n|\n|t:|1697066943\n|switch|p2a: Drack|Gliscor, M|75\/100 tox|[from] Volt Switch\n|\n|-heal|p2a: Drack|87\/100 tox|[from] ability: Poison Heal\n|-sideend|p1: JKogut|move: Light Screen\n|upkeep\n|turn|10\n|\n|t:|1697066967\n|switch|p1b: Moon God Barbie|Cresselia, F|54\/100\n|move|p2b: Not-Lillie|Protect|p2b: Not-Lillie\n|-singleturn|p2b: Not-Lillie|Protect\n|move|p2a: Drack|Earthquake|p1b: Moon God Barbie|[spread] p1a\n|-activate|p2b: Not-Lillie|move: Protect\n|-immune|p1b: Moon God Barbie|[from] ability: Levitate\n|-damage|p1a: Curvy Barbie|72\/100\n|move|p1a: Curvy Barbie|Icy Wind|p2a: Drack|[spread] p2a\n|-activate|p2b: Not-Lillie|move: Protect\n|-supereffective|p2a: Drack\n|-damage|p2a: Drack|51\/100 tox\n|-unboost|p2a: Drack|spe|1\n|\n|-heal|p2a: Drack|63\/100 tox|[from] ability: Poison Heal\n|-sideend|p1: JKogut|Reflect\n|upkeep\n|turn|11\n|\n|t:|1697066995\n|move|p1b: Moon God Barbie|Lunar Blessing|p1b: Moon God Barbie|[spread] p1a,p1b\n|-heal|p1a: Curvy Barbie|97\/100\n|-heal|p1b: Moon God Barbie|79\/100\n|move|p2a: Drack|Throat Chop|p1b: Moon God Barbie\n|-supereffective|p1b: Moon God Barbie\n|-damage|p1b: Moon God Barbie|49\/100\n|-start|p1b: Moon God Barbie|Throat Chop|[silent]\n|move|p1a: Curvy Barbie|Icy Wind|p2b: Not-Lillie|[spread] p2a,p2b\n|-supereffective|p2a: Drack\n|-damage|p2a: Drack|26\/100 tox\n|-damage|p2b: Not-Lillie|4\/100\n|-unboost|p2a: Drack|spe|1\n|-unboost|p2b: Not-Lillie|spe|1\n|move|p2b: Not-Lillie|Toxic Spikes|p1b: Moon God Barbie\n|-sidestart|p1: JKogut|move: Toxic Spikes\n|\n|-heal|p2a: Drack|38\/100 tox|[from] ability: Poison Heal\n|upkeep\n|turn|12\n|\n|t:|1697067028\n|switch|p2b: Vlad|Chandelure, F, shiny|97\/100\n|move|p1b: Moon God Barbie|Lunar Blessing|p1b: Moon God Barbie|[spread] p1a,p1b\n|-heal|p1a: Curvy Barbie|100\/100\n|-heal|p1b: Moon God Barbie|74\/100\n|move|p1a: Curvy Barbie|Icy Wind|p2a: Drack|[spread] p2a,p2b\n|-supereffective|p2a: Drack\n|-resisted|p2b: Vlad\n|-damage|p2a: Drack|7\/100 tox\n|-damage|p2b: Vlad|93\/100\n|-unboost|p2a: Drack|spe|1\n|-unboost|p2b: Vlad|spe|1\n|move|p2a: Drack|Throat Chop|p1b: Moon God Barbie\n|-supereffective|p1b: Moon God Barbie\n|-damage|p1b: Moon God Barbie|48\/100\n|\n|-heal|p2a: Drack|19\/100 tox|[from] ability: Poison Heal\n|-end|p1b: Moon God Barbie|Throat Chop|[silent]\n|upkeep\n|turn|13\n|\n|t:|1697067060\n|move|p1b: Moon God Barbie|Lunar Blessing|p1b: Moon God Barbie|[spread] p1a,p1b\n|-heal|p1b: Moon God Barbie|73\/100\n|move|p1a: Curvy Barbie|Icy Wind|p2b: Vlad|[spread] p2a,p2b\n|-supereffective|p2a: Drack\n|-resisted|p2b: Vlad\n|-damage|p2a: Drack|0 fnt\n|-damage|p2b: Vlad|89\/100\n|-unboost|p2b: Vlad|spe|1\n|faint|p2a: Drack\n|move|p2b: Vlad|Shadow Ball|p1b: Moon God Barbie\n|-supereffective|p1b: Moon God Barbie\n|-damage|p1b: Moon God Barbie|12\/100\n|\n|upkeep\n|\n|t:|1697067079\n|switch|p2a: Not-Lillie|Nihilego|4\/100\n|turn|14\n|\n|t:|1697067103\n|move|p1a: Curvy Barbie|Helping Hand|p1b: Moon God Barbie\n|-singleturn|p1b: Moon God Barbie|Helping Hand|[of] p1a: Curvy Barbie\n|move|p2a: Not-Lillie|Protect|p2a: Not-Lillie\n|-singleturn|p2a: Not-Lillie|Protect\n|move|p1b: Moon God Barbie|Dazzling Gleam|p2b: Vlad|[spread] p2b\n|-activate|p2a: Not-Lillie|move: Protect\n|-resisted|p2b: Vlad\n|-damage|p2b: Vlad|80\/100\n|move|p2b: Vlad|Shadow Ball|p1b: Moon God Barbie\n|-supereffective|p1b: Moon God Barbie\n|-damage|p1b: Moon God Barbie|0 fnt\n|faint|p1b: Moon God Barbie\n|\n|upkeep\n|l| annoying oranje\n|\n|t:|1697067135\n|switch|p1b: Alopecia Barbie|Skeledirge, F, shiny|100\/100\n|-status|p1b: Alopecia Barbie|tox\n|turn|15\n|\n|t:|1697067156\n|move|p1b: Alopecia Barbie|Protect|p1b: Alopecia Barbie\n|-singleturn|p1b: Alopecia Barbie|Protect\n|move|p2a: Not-Lillie|Power Gem|p1b: Alopecia Barbie\n|-activate|p1b: Alopecia Barbie|move: Protect\n|move|p1a: Curvy Barbie|Icy Wind|p2a: Not-Lillie|[spread] p2a,p2b\n|-resisted|p2b: Vlad\n|-damage|p2a: Not-Lillie|0 fnt\n|-damage|p2b: Vlad|77\/100\n|-unboost|p2b: Vlad|spe|1\n|faint|p2a: Not-Lillie\n|move|p2b: Vlad|Trick Room|p2b: Vlad\n|-fieldstart|move: Trick Room|[of] p2b: Vlad\n|\n|-damage|p1b: Alopecia Barbie|94\/100 tox|[from] psn\n|upkeep\n|\n|t:|1697067224\n|switch|p2a: Rook II|Corviknight, M, shiny|100\/100\n|turn|16\n|\n|t:|1697067243\n|move|p2b: Vlad|Flamethrower|p1a: Curvy Barbie\n|-damage|p1a: Curvy Barbie|63\/100\n|move|p1b: Alopecia Barbie|Torch Song|p2a: Rook II\n|-supereffective|p2a: Rook II\n|-damage|p2a: Rook II|40\/100\n|-boost|p1b: Alopecia Barbie|spa|1\n|move|p2a: Rook II|Light Screen|p2a: Rook II\n|-sidestart|p2: Specific360|move: Light Screen\n|move|p1a: Curvy Barbie|Dragon Tail|p2b: Vlad\n|-damage|p2b: Vlad|60\/100\n|drag|p2b: Lucas|Vikavolt, M|73\/100\n|\n|-heal|p1b: Alopecia Barbie|100\/100 tox|[from] item: Leftovers\n|-damage|p1b: Alopecia Barbie|88\/100 tox|[from] psn\n|upkeep\n|turn|17\n|\n|t:|1697067291\n|switch|p2a: Vlad|Chandelure, F, shiny|60\/100\n|move|p2b: Lucas|Volt Switch|p1a: Curvy Barbie\n|-damage|p1a: Curvy Barbie|39\/100\n|\n|t:|1697067304\n|switch|p2b: Rook II|Corviknight, M, shiny|40\/100|[from] Volt Switch\n|move|p1b: Alopecia Barbie|Torch Song|p2a: Vlad\n|-start|p2a: Vlad|ability: Flash Fire\n|move|p1a: Curvy Barbie|Dragon Tail|p2a: Vlad\n|-damage|p2a: Vlad|41\/100\n|-end|p2a: Vlad|ability: Flash Fire|[silent]\n|drag|p2a: Yaga|Hatterene, F, shiny, tera:Steel|38\/100\n|\n|-heal|p2a: Yaga|44\/100|[from] item: Leftovers\n|-heal|p1b: Alopecia Barbie|94\/100 tox|[from] item: Leftovers\n|-damage|p1b: Alopecia Barbie|76\/100 tox|[from] psn\n|upkeep\n|turn|18\n|\n|t:|1697067327\n|move|p2a: Yaga|Reflect|p2a: Yaga\n|-sidestart|p2: Specific360|Reflect\n|move|p1b: Alopecia Barbie|Torch Song|p2b: Rook II\n|-supereffective|p2b: Rook II\n|-damage|p2b: Rook II|0 fnt\n|-boost|p1b: Alopecia Barbie|spa|1\n|faint|p2b: Rook II\n|move|p1a: Curvy Barbie|Dragon Tail|p2a: Yaga\n|-resisted|p2a: Yaga\n|-damage|p2a: Yaga|39\/100\n|drag|p2a: Lucas|Vikavolt, M|73\/100\n|\n|-heal|p1b: Alopecia Barbie|82\/100 tox|[from] item: Leftovers\n|-damage|p1b: Alopecia Barbie|58\/100 tox|[from] psn\n|upkeep\n|\n|t:|1697067347\n|switch|p2b: Vlad|Chandelure, F, shiny|41\/100\n|turn|19\n|\n|t:|1697067364\n|move|p1a: Curvy Barbie|Helping Hand|p1b: Alopecia Barbie\n|-singleturn|p1b: Alopecia Barbie|Helping Hand|[of] p1a: Curvy Barbie\n|move|p2a: Lucas|Thunderbolt|p1a: Curvy Barbie\n|-crit|p1a: Curvy Barbie\n|-damage|p1a: Curvy Barbie|0 fnt\n|faint|p1a: Curvy Barbie\n|move|p2b: Vlad|Flamethrower|p1b: Alopecia Barbie\n|-resisted|p1b: Alopecia Barbie\n|-damage|p1b: Alopecia Barbie|36\/100 tox\n|move|p1b: Alopecia Barbie|Torch Song|p2a: Lucas\n|-supereffective|p2a: Lucas\n|-damage|p2a: Lucas|0 fnt\n|-boost|p1b: Alopecia Barbie|spa|1\n|faint|p2a: Lucas\n|\n|-heal|p1b: Alopecia Barbie|42\/100 tox|[from] item: Leftovers\n|-damage|p1b: Alopecia Barbie|12\/100 tox|[from] psn\n|-fieldend|move: Trick Room\n|upkeep\n|\n|t:|1697067388\n|switch|p1a: \"The Birds\" Barbie|Kilowattrel, F, shiny|100\/100\n|switch|p2a: Yaga|Hatterene, F, shiny, tera:Steel|39\/100\n|turn|20\n|\n|t:|1697067411\n|move|p1a: \"The Birds\" Barbie|Discharge|p2a: Yaga|[spread] p1b,p2a,p2b\n|-damage|p1b: Alopecia Barbie|0 fnt\n|-damage|p2a: Yaga|27\/100\n|-damage|p2b: Vlad|21\/100\n|faint|p1b: Alopecia Barbie\n|move|p2b: Vlad|Shadow Ball|p1a: \"The Birds\" Barbie\n|-damage|p1a: \"The Birds\" Barbie|15\/100\n|move|p2a: Yaga|Dazzling Gleam|p1a: \"The Birds\" Barbie\n|-damage|p1a: \"The Birds\" Barbie|0 fnt\n|faint|p1a: \"The Birds\" Barbie\n|\n|-heal|p2a: Yaga|33\/100|[from] item: Leftovers\n|-sideend|p2: Specific360|move: Light Screen\n|upkeep\n|\n|t:|1697067423\n|switch|p1a: Pop Star Barbie|Kommo-o, F, shiny, tera:Steel|24\/100\n|switch|p1b: Groovy Barbie|Grimmsnarl, M, shiny|26\/100\n|-status|p1b: Groovy Barbie|tox\n|turn|21\n|\n|t:|1697067478\n|move|p1a: Pop Star Barbie|Earthquake|p2a: Yaga|[spread] p1b,p2a,p2b\n|-supereffective|p2a: Yaga\n|-supereffective|p2b: Vlad\n|-damage|p1b: Groovy Barbie|8\/100 tox\n|-damage|p2a: Yaga|6\/100\n|-damage|p2b: Vlad|0 fnt\n|faint|p2b: Vlad\n|move|p1b: Groovy Barbie|Spirit Break|p2a: Yaga\n|-resisted|p2a: Yaga\n|-damage|p2a: Yaga|0 fnt\n|faint|p2a: Yaga\n|\n|win|JKogut\n|c|\u2606Specific360|God\n|c|\u2606Specific360|Gg\n","uploadtime":1697067501,"views":12,"p1id":"jkogut","p2id":"specific360","formatid":"gen9nationaldexdoubles","rating":0,"private":0,"password":""}