{"id":"gen9nationaldexdoubles-1985461652","p1":"preeeee","p2":"wonder_bloc","format":"[Gen 9] National Dex Doubles","log":"|j|\u2606preeeee\n|j|\u2606wonder_bloc\n|t:|1699376630\n|gametype|doubles\n|player|p1|preeeee|wallace|1070\n|player|p2|wonder_bloc|hiker-gen4|1000\n|teamsize|p1|6\n|teamsize|p2|6\n|gen|9\n|tier|[Gen 9] National Dex Doubles\n|rated|\n|rule|HP Percentage Mod: HP is shown in percentages\n|rule|Endless Battle Clause: Forcing endless battles is banned\n|rule|OHKO Clause: OHKO moves are banned\n|rule|Evasion Moves Clause: Evasion moves are banned\n|rule|Evasion Abilities Clause: Evasion abilities are banned\n|rule|Species Clause: Limit one of each Pok\u00e9mon\n|rule|Gravity Sleep Clause: The combination of sleep-inducing moves with imperfect accuracy and Gravity or Gigantamax Orbeetle are banned\n|clearpoke\n|poke|p1|Clodsire, F|\n|poke|p1|Gastrodon-East, M|\n|poke|p1|Flygon, F|\n|poke|p1|Gliscor, M|\n|poke|p1|Swampert, M|\n|poke|p1|Zygarde-10%|\n|poke|p2|Swoobat, F|\n|poke|p2|Medicham, F|\n|poke|p2|Slaking, M|\n|poke|p2|Sinistcha|\n|poke|p2|Brute Bonnet|\n|poke|p2|Mr. Mime, M|\n|teampreview\n|inactive|Battle timer is ON: inactive players will automatically lose when time's up. (requested by wonder_bloc)\n|inactive|preeeee also wants the timer to be on.\n|\n|t:|1699376637\n|start\n|switch|p1a: Clodsire|Clodsire, F|100\/100\n|switch|p1b: Gastrodon|Gastrodon-East, M|100\/100\n|switch|p2a: Swoobat|Swoobat, F|100\/100\n|switch|p2b: Slaking|Slaking, M|100\/100\n|turn|1\n|\n|t:|1699376664\n|move|p2a: Swoobat|Tailwind|p2a: Swoobat\n|-sidestart|p2: wonder_bloc|move: Tailwind\n|move|p2b: Slaking|Bulk Up|p2b: Slaking\n|-boost|p2b: Slaking|atk|1\n|-boost|p2b: Slaking|def|1\n|move|p1b: Gastrodon|Surf|p2b: Slaking|[spread] p2a,p2b\n|-immune|p1a: Clodsire|[from] ability: Water Absorb\n|-damage|p2a: Swoobat|47\/100\n|-damage|p2b: Slaking|67\/100\n|-enditem|p2b: Slaking|Red Card|[of] p1b: Gastrodon\n|drag|p1b: Gliscor|Gliscor, M|100\/100\n|move|p1a: Clodsire|Surf|p2a: Swoobat|[spread] p1b,p2a,p2b\n|-supereffective|p1b: Gliscor\n|-crit|p1b: Gliscor\n|-damage|p1b: Gliscor|66\/100\n|-damage|p2a: Swoobat|33\/100\n|-damage|p2b: Slaking|58\/100\n|\n|-status|p1b: Gliscor|tox|[from] item: Toxic Orb\n|upkeep\n|turn|2\n|inactive|preeeee has 120 seconds left.\n|\n|t:|1699376699\n|move|p2a: Swoobat|Skill Swap|p2b: Slaking\n|-activate|p2a: Swoobat|move: Skill Swap|||[of] p2b: Slaking\n|move|p2b: Slaking|Bulk Up|p2b: Slaking\n|-boost|p2b: Slaking|atk|2\n|-boost|p2b: Slaking|def|2\n|move|p1b: Gliscor|Rock Slide|p2b: Slaking|[spread] p2a,p2b\n|-supereffective|p2a: Swoobat\n|-damage|p2a: Swoobat|0 fnt\n|-damage|p2b: Slaking|53\/100\n|faint|p2a: Swoobat\n|move|p1a: Clodsire|Curse|p1a: Clodsire\n|-unboost|p1a: Clodsire|spe|1\n|-boost|p1a: Clodsire|atk|1\n|-boost|p1a: Clodsire|def|1\n|\n|-heal|p1b: Gliscor|79\/100 tox|[from] ability: Poison Heal\n|upkeep\n|\n|t:|1699376715\n|switch|p2a: Medicham|Medicham, F|100\/100\n|turn|3\n|inactive|wonder_bloc has 120 seconds left.\n|\n|t:|1699376759\n|detailschange|p2a: Medicham|Medicham-Mega, F\n|-mega|p2a: Medicham|Medicham|Medichamite\n|move|p2a: Medicham|Skill Swap|p2b: Slaking\n|-activate|p2a: Medicham|move: Skill Swap|||[of] p2b: Slaking\n|move|p2b: Slaking|Earthquake|p1a: Clodsire|[spread] p2a,p1a\n|-immune|p1b: Gliscor\n|-supereffective|p1a: Clodsire\n|-damage|p2a: Medicham|0 fnt\n|-damage|p1a: Clodsire|0 fnt\n|faint|p2a: Medicham\n|faint|p1a: Clodsire\n|move|p1b: Gliscor|Rock Slide|p2b: Slaking\n|-damage|p2b: Slaking|46\/100\n|\n|-heal|p1b: Gliscor|91\/100 tox|[from] ability: Poison Heal\n|upkeep\n|inactive|wonder_bloc has 120 seconds left.\n|\n|t:|1699376781\n|switch|p2a: Mr. Mime|Mr. Mime, M|100\/100\n|switch|p1a: Flygon|Flygon, F|100\/100\n|turn|4\n|\n|t:|1699376805\n|move|p2a: Mr. Mime|Wide Guard|p2a: Mr. Mime\n|-singleturn|p2a: Mr. Mime|Wide Guard\n|move|p2b: Slaking|Slack Off|p2b: Slaking\n|-heal|p2b: Slaking|96\/100\n|move|p1a: Flygon|Rock Slide|p2a: Mr. Mime|[spread] \n|-activate|p2a: Mr. Mime|move: Wide Guard\n|-activate|p2b: Slaking|move: Wide Guard\n|move|p1b: Gliscor|Rock Slide|p2b: Slaking|[spread] \n|-activate|p2a: Mr. Mime|move: Wide Guard\n|-activate|p2b: Slaking|move: Wide Guard\n|\n|-heal|p1b: Gliscor|100\/100 tox|[from] ability: Poison Heal\n|-sideend|p2: wonder_bloc|move: Tailwind\n|upkeep\n|turn|5\n|\n|t:|1699376826\n|move|p2a: Mr. Mime|Wide Guard|p2a: Mr. Mime\n|-singleturn|p2a: Mr. Mime|Wide Guard\n|move|p1a: Flygon|Rock Slide|p2b: Slaking|[spread] \n|-activate|p2a: Mr. Mime|move: Wide Guard\n|-activate|p2b: Slaking|move: Wide Guard\n|move|p2b: Slaking|Rock Slide|p1b: Gliscor|[spread] p1a,p1b\n|-resisted|p1a: Flygon\n|-damage|p1a: Flygon|22\/100\n|-damage|p1b: Gliscor|0 fnt\n|faint|p1b: Gliscor\n|\n|upkeep\n|\n|t:|1699376837\n|switch|p1b: Gastrodon|Gastrodon-East, M|100\/100\n|turn|6\n|\n|t:|1699376850\n|move|p2a: Mr. Mime|Wide Guard|p2a: Mr. Mime\n|-singleturn|p2a: Mr. Mime|Wide Guard\n|move|p1a: Flygon|Draco Meteor|p2b: Slaking\n|-damage|p2b: Slaking|57\/100\n|-unboost|p1a: Flygon|spa|2\n|move|p2b: Slaking|Rock Slide|p1b: Gastrodon|[spread] p1a\n|-miss|p2b: Slaking|p1b: Gastrodon\n|-resisted|p1a: Flygon\n|-damage|p1a: Flygon|0 fnt\n|faint|p1a: Flygon\n|move|p1b: Gastrodon|Scald|p2b: Slaking\n|-damage|p2b: Slaking|17\/100\n|\n|upkeep\n|\n|t:|1699376864\n|switch|p1a: Swampert|Swampert, M|100\/100\n|turn|7\n|\n|t:|1699376878\n|detailschange|p1a: Swampert|Swampert-Mega, M\n|-mega|p1a: Swampert|Swampert|Swampertite\n|move|p2a: Mr. Mime|Follow Me|p2a: Mr. Mime\n|-singleturn|p2a: Mr. Mime|move: Follow Me\n|move|p2b: Slaking|Slack Off|p2b: Slaking\n|-heal|p2b: Slaking|67\/100\n|move|p1a: Swampert|High Horsepower|p2a: Mr. Mime\n|-damage|p2a: Mr. Mime|13\/100\n|move|p1b: Gastrodon|Scald|p2a: Mr. Mime\n|-damage|p2a: Mr. Mime|0 fnt\n|faint|p2a: Mr. Mime\n|\n|upkeep\n|\n|t:|1699376891\n|switch|p2a: Sinistcha|Sinistcha|100\/100\n|-heal|p2b: Slaking|92\/100|[from] ability: Hospitality|[of] p2a: Sinistcha\n|turn|8\n|\n|t:|1699376910\n|move|p2a: Sinistcha|Rage Powder|p2a: Sinistcha\n|-singleturn|p2a: Sinistcha|move: Rage Powder\n|move|p2b: Slaking|Earthquake|p1b: Gastrodon|[spread] p2a,p1a,p1b\n|-resisted|p2a: Sinistcha\n|-damage|p2a: Sinistcha|48\/100\n|-damage|p1a: Swampert|0 fnt\n|-damage|p1b: Gastrodon|0 fnt\n|faint|p1a: Swampert\n|faint|p1b: Gastrodon\n|\n|-heal|p2a: Sinistcha|54\/100|[from] item: Leftovers\n|upkeep\n|\n|t:|1699376920\n|switch|p1a: Zygarde|Zygarde-10%|100\/100\n|-ability|p1a: Zygarde|Aura Break\n|turn|9\n|\n|t:|1699376932\n|move|p2a: Sinistcha|Rage Powder|p2a: Sinistcha\n|-singleturn|p2a: Sinistcha|move: Rage Powder\n|move|p1a: Zygarde|Coil|p1a: Zygarde\n|-boost|p1a: Zygarde|atk|1\n|-boost|p1a: Zygarde|def|1\n|-boost|p1a: Zygarde|accuracy|1\n|move|p2b: Slaking|Earthquake|p1a: Zygarde|[spread] p2a,p1a\n|-resisted|p2a: Sinistcha\n|-damage|p2a: Sinistcha|3\/100\n|-damage|p1a: Zygarde|0 fnt\n|faint|p1a: Zygarde\n|\n|win|wonder_bloc\n|raw|preeeee's rating: 1070 &rarr; <strong>1045<\/strong><br \/>(-25 for losing)\n|raw|wonder_bloc's rating: 1000 &rarr; <strong>1048<\/strong><br \/>(+48 for winning)\n|l|\u2606preeeee\n","uploadtime":1699376947,"views":8,"p1id":"preeeee","p2id":"wonderbloc","formatid":"gen9nationaldexdoubles","rating":1045,"private":0,"password":""}