{"id":"gen9nationaldexdoubles-1956680197","p1":"chaphlagical","p2":"6lackkkk","format":"[Gen 9] National Dex Doubles","log":"|j|\u2606chaphlagical\n|j|\u26066lackkkk\n|t:|1696134623\n|gametype|doubles\n|player|p1|chaphlagical|101|1000\n|player|p2|6lackkkk|irida|1000\n|teamsize|p1|6\n|teamsize|p2|6\n|gen|9\n|tier|[Gen 9] National Dex Doubles\n|rated|\n|rule|HP Percentage Mod: HP is shown in percentages\n|rule|Endless Battle Clause: Forcing endless battles is banned\n|rule|OHKO Clause: OHKO moves are banned\n|rule|Evasion Moves Clause: Evasion moves are banned\n|rule|Evasion Abilities Clause: Evasion abilities are banned\n|rule|Species Clause: Limit one of each Pok\u00e9mon\n|rule|Gravity Sleep Clause: The combination of sleep-inducing moves with imperfect accuracy and Gravity or Gigantamax Orbeetle are banned\n|clearpoke\n|poke|p1|Gastly, F|\n|poke|p1|Gothita, M|\n|poke|p1|Glimmet, M|\n|poke|p1|Marill, M|\n|poke|p1|Staravia, F|\n|poke|p1|Foongus, F|\n|poke|p2|Medicham, M|\n|poke|p2|Garchomp, M|\n|poke|p2|Tyranitar, F|\n|poke|p2|Indeedee-F, F|\n|poke|p2|Ditto|\n|poke|p2|Tornadus, M|\n|teampreview\n|\n|t:|1696134640\n|start\n|switch|p1a: Gastly|Gastly, F|100\/100\n|switch|p1b: Staravia|Staravia, F|100\/100\n|switch|p2a: Medicham|Medicham, M|100\/100\n|switch|p2b: Garchomp|Garchomp, M, shiny|100\/100\n|-ability|p1b: Staravia|Intimidate|boost\n|-unboost|p2a: Medicham|atk|1\n|-unboost|p2b: Garchomp|atk|1\n|turn|1\n|\n|t:|1696134667\n|detailschange|p2b: Garchomp|Garchomp-Mega, M, shiny\n|-mega|p2b: Garchomp|Garchomp|Garchompite\n|move|p2a: Medicham|Skill Swap|p2b: Garchomp\n|-activate|p2a: Medicham|move: Skill Swap|||[of] p2b: Garchomp\n|move|p1b: Staravia|U-turn|p2a: Medicham\n|-damage|p2a: Medicham|68\/100\n|\n|t:|1696134674\n|switch|p1b: Gothita|Gothita, M|100\/100|[from] U-turn\n|move|p2b: Garchomp|Rock Slide|p1b: Gothita|[spread] \n|-miss|p2b: Garchomp|p1a: Gastly\n|-miss|p2b: Garchomp|p1b: Gothita\n|move|p1a: Gastly|Perish Song|p1a: Gastly\n|-start|p1a: Gastly|perish3|[silent]\n|-start|p1b: Gothita|perish3|[silent]\n|-start|p2a: Medicham|perish3|[silent]\n|-start|p2b: Garchomp|perish3|[silent]\n|-fieldactivate|move: Perish Song\n|\n|-start|p2a: Medicham|perish3\n|-start|p2b: Garchomp|perish3\n|-start|p1a: Gastly|perish3\n|-start|p1b: Gothita|perish3\n|upkeep\n|turn|2\n|\n|t:|1696134728\n|move|p1a: Gastly|Protect|p1a: Gastly\n|-singleturn|p1a: Gastly|Protect\n|move|p1b: Gothita|Fake Out|p2b: Garchomp\n|-damage|p2b: Garchomp|98\/100\n|move|p2a: Medicham|Skill Swap|p1a: Gastly\n|-activate|p1a: Gastly|move: Protect\n|cant|p2b: Garchomp|flinch\n|\n|-start|p2a: Medicham|perish2\n|-start|p2b: Garchomp|perish2\n|-start|p1a: Gastly|perish2\n|-start|p1b: Gothita|perish2\n|upkeep\n|turn|3\n|\n|t:|1696134763\n|switch|p1a: Staravia|Staravia, F|100\/100\n|-ability|p1a: Staravia|Intimidate|boost\n|-unboost|p2a: Medicham|atk|1\n|-unboost|p2b: Garchomp|atk|1\n|move|p1b: Gothita|Protect|p1b: Gothita\n|-singleturn|p1b: Gothita|Protect\n|move|p2a: Medicham|Skill Swap|p1b: Gothita\n|-activate|p1b: Gothita|move: Protect\n|move|p2b: Garchomp|Rock Slide|p1b: Gothita|[spread] p1a\n|-activate|p1b: Gothita|move: Protect\n|-supereffective|p1a: Staravia\n|-damage|p1a: Staravia|0 fnt\n|faint|p1a: Staravia\n|\n|-start|p2a: Medicham|perish1\n|-start|p2b: Garchomp|perish1\n|-start|p1b: Gothita|perish1\n|upkeep\n|\n|t:|1696134789\n|switch|p1a: Glimmet|Glimmet, M|100\/100\n|turn|4\n|inactive|Battle timer is ON: inactive players will automatically lose when time's up. (requested by chaphlagical)\n|\n|t:|1696134872\n|switch|p1b: Marill|Marill, M|100\/100\n|move|p2a: Medicham|Skill Swap|p1a: Glimmet\n|-activate|p2a: Medicham|move: Skill Swap|Toxic Debris|Sand Force|[of] p1a: Glimmet\n|move|p2b: Garchomp|Dragon Claw|p2a: Medicham\n|-damage|p2a: Medicham|0 fnt\n|-activate|p2a: Medicham|ability: Toxic Debris\n|-sidestart|p1: chaphlagical|move: Toxic Spikes\n|faint|p2a: Medicham\n|move|p1a: Glimmet|Dazzling Gleam|p2b: Garchomp\n|-supereffective|p2b: Garchomp\n|-damage|p2b: Garchomp|23\/100\n|\n|-start|p2b: Garchomp|perish0\n|upkeep\n|faint|p2b: Garchomp\n|inactive|6lackkkk has 120 seconds left.\n|\n|t:|1696134912\n|switch|p2b: Tyranitar|Tyranitar, F|100\/100\n|switch|p2a: Indeedee|Indeedee-F, F|100\/100\n|-fieldstart|move: Psychic Terrain|[from] ability: Psychic Surge|[of] p2a: Indeedee\n|-weather|Sandstorm|[from] ability: Sand Stream|[of] p2b: Tyranitar\n|turn|5\n|inactive|6lackkkk has 120 seconds left.\n|\n|t:|1696134946\n|switch|p1a: Gastly|Gastly, F|100\/100\n|move|p2a: Indeedee|Fake Out|p1b: Marill\n|-activate|p1b: Marill|move: Psychic Terrain\n|move|p2b: Tyranitar|Earth Power|p1a: Gastly\n|-immune|p1a: Gastly|[from] ability: Levitate\n|move|p1b: Marill|Perish Song|p1b: Marill\n|-start|p1a: Gastly|perish3|[silent]\n|-start|p1b: Marill|perish3|[silent]\n|-start|p2a: Indeedee|perish3|[silent]\n|-start|p2b: Tyranitar|perish3|[silent]\n|-fieldactivate|move: Perish Song\n|\n|-weather|Sandstorm|[upkeep]\n|-damage|p1a: Gastly|95\/100|[from] Sandstorm\n|-damage|p2a: Indeedee|94\/100|[from] Sandstorm\n|-damage|p1b: Marill|94\/100|[from] Sandstorm\n|-heal|p2a: Indeedee|100\/100|[from] item: Leftovers\n|-start|p1a: Gastly|perish3\n|-start|p2a: Indeedee|perish3\n|-start|p2b: Tyranitar|perish3\n|-start|p1b: Marill|perish3\n|upkeep\n|turn|6\n|inactive|6lackkkk has 120 seconds left.\n|\n|t:|1696134978\n|switch|p1b: Gothita|Gothita, M|100\/100\n|-status|p1b: Gothita|psn\n|move|p1a: Gastly|Destiny Bond|p1a: Gastly\n|-singlemove|p1a: Gastly|Destiny Bond\n|move|p2a: Indeedee|Expanding Force|p1a: Gastly|[spread] p1a,p1b\n|-supereffective|p1a: Gastly\n|-resisted|p1b: Gothita\n|-damage|p1a: Gastly|0 fnt\n|-damage|p1b: Gothita|81\/100 psn\n|faint|p1a: Gastly\n|-activate|p1a: Gastly|move: Destiny Bond\n|faint|p2a: Indeedee\n|move|p2b: Tyranitar|Thunderbolt|p1b: Gothita\n|-damage|p1b: Gothita|54\/100 psn\n|\n|-weather|Sandstorm|[upkeep]\n|-damage|p1b: Gothita|48\/100 psn|[from] Sandstorm\n|-damage|p1b: Gothita|36\/100 psn|[from] psn\n|-start|p2b: Tyranitar|perish2\n|upkeep\n|inactive|6lackkkk has 120 seconds left.\n|\n|t:|1696135009\n|switch|p1a: Glimmet|Glimmet, M|100\/100\n|switch|p2a: Ditto|Ditto|100\/100\n|-sideend|p1: chaphlagical|move: Toxic Spikes|[of] p1a: Glimmet\n|-transform|p2a: Ditto|p1b: Gothita|[from] ability: Imposter\n|turn|7\n|inactive|chaphlagical has 120 seconds left.\n|\n|t:|1696135043\n|-terastallize|p1b: Gothita|Fairy\n|move|p2a: Ditto|Protect|p2a: Ditto\n|-singleturn|p2a: Ditto|Protect\n|move|p1a: Glimmet|Dazzling Gleam|p2b: Tyranitar|[spread] p2b\n|-activate|p2a: Ditto|move: Protect\n|-supereffective|p2b: Tyranitar\n|-damage|p2b: Tyranitar|80\/100\n|move|p2b: Tyranitar|Surf|p1a: Glimmet|[spread] p1a,p1b\n|-activate|p2a: Ditto|move: Protect\n|-supereffective|p1a: Glimmet\n|-damage|p1a: Glimmet|42\/100\n|-damage|p1b: Gothita|17\/100 psn\n|move|p1b: Gothita|Rest|p1b: Gothita\n|-status|p1b: Gothita|slp|[from] move: Rest\n|-heal|p1b: Gothita|100\/100 slp|[silent]\n|\n|-weather|Sandstorm|[upkeep]\n|-damage|p2a: Ditto|94\/100|[from] Sandstorm\n|-damage|p1b: Gothita|94\/100 slp|[from] Sandstorm\n|-start|p2b: Tyranitar|perish1\n|upkeep\n|turn|8\n|inactive|6lackkkk has 90 seconds left.\n|\n|t:|1696135074\n|move|p2a: Ditto|Protect||[still]\n|-fail|p2a: Ditto\n|cant|p1b: Gothita|slp\n|move|p1a: Glimmet|Dazzling Gleam|p2b: Tyranitar|[spread] p2a,p2b\n|-supereffective|p2b: Tyranitar\n|-damage|p2a: Ditto|56\/100\n|-damage|p2b: Tyranitar|60\/100\n|move|p2b: Tyranitar|Earth Power|p1a: Glimmet\n|-supereffective|p1a: Glimmet\n|-damage|p1a: Glimmet|0 fnt\n|faint|p1a: Glimmet\n|\n|-weather|Sandstorm|[upkeep]\n|-damage|p2a: Ditto|50\/100|[from] Sandstorm\n|-damage|p1b: Gothita|88\/100 slp|[from] Sandstorm\n|-start|p2b: Tyranitar|perish0\n|faint|p2b: Tyranitar\n|upkeep\n|\n|t:|1696135091\n|switch|p1a: Marill|Marill, M|94\/100\n|switch|p2b: Tornadus|Tornadus, M|100\/100\n|turn|9\n|inactive|6lackkkk has 120 seconds left.\n|inactive|6lackkkk has 90 seconds left.\n|\n|t:|1696135126\n|move|p2a: Ditto|Protect|p2a: Ditto\n|-singleturn|p2a: Ditto|Protect\n|cant|p1b: Gothita|slp\n|move|p2b: Tornadus|Icy Wind|p1a: Marill|[spread] p1a,p1b\n|-resisted|p1a: Marill\n|-damage|p1a: Marill|85\/100\n|-damage|p1b: Gothita|75\/100 slp\n|-unboost|p1a: Marill|spe|1\n|-unboost|p1b: Gothita|spe|1\n|move|p1a: Marill|Perish Song|p1a: Marill\n|-start|p1a: Marill|perish3|[silent]\n|-start|p1b: Gothita|perish3|[silent]\n|-start|p2a: Ditto|perish3|[silent]\n|-start|p2b: Tornadus|perish3|[silent]\n|-fieldactivate|move: Perish Song\n|\n|-weather|none\n|-start|p2b: Tornadus|perish3\n|-start|p2a: Ditto|perish3\n|-start|p1b: Gothita|perish3\n|-start|p1a: Marill|perish3\n|-fieldend|move: Psychic Terrain\n|upkeep\n|turn|10\n|\n|t:|1696135151\n|move|p2a: Ditto|Protect||[still]\n|-fail|p2a: Ditto\n|move|p2b: Tornadus|Sandstorm|p2b: Tornadus\n|-weather|Sandstorm\n|-curestatus|p1b: Gothita|slp|[msg]\n|move|p1b: Gothita|Foul Play|p2b: Tornadus\n|-damage|p2b: Tornadus|70\/100\n|move|p1a: Marill|Knock Off|p2a: Ditto\n|-supereffective|p2a: Ditto\n|-damage|p2a: Ditto|27\/100\n|-enditem|p2a: Ditto|Choice Scarf|[from] move: Knock Off|[of] p1a: Marill\n|\n|-weather|Sandstorm|[upkeep]\n|-damage|p2b: Tornadus|64\/100|[from] Sandstorm\n|-damage|p2a: Ditto|21\/100|[from] Sandstorm\n|-damage|p1b: Gothita|69\/100|[from] Sandstorm\n|-damage|p1a: Marill|78\/100|[from] Sandstorm\n|-start|p2b: Tornadus|perish2\n|-start|p2a: Ditto|perish2\n|-start|p1b: Gothita|perish2\n|-start|p1a: Marill|perish2\n|upkeep\n|turn|11\n|inactive|6lackkkk has 90 seconds left.\n|\n|t:|1696135181\n|move|p1b: Gothita|Protect|p1b: Gothita\n|-singleturn|p1b: Gothita|Protect\n|move|p1a: Marill|Protect|p1a: Marill\n|-singleturn|p1a: Marill|Protect\n|move|p2b: Tornadus|Icy Wind|p1b: Gothita|[spread] \n|-activate|p1a: Marill|move: Protect\n|-activate|p1b: Gothita|move: Protect\n|move|p2a: Ditto|Rest|p2a: Ditto\n|-status|p2a: Ditto|slp|[from] move: Rest\n|-heal|p2a: Ditto|100\/100 slp|[silent]\n|\n|-weather|Sandstorm|[upkeep]\n|-damage|p2b: Tornadus|58\/100|[from] Sandstorm\n|-damage|p2a: Ditto|94\/100 slp|[from] Sandstorm\n|-damage|p1b: Gothita|63\/100|[from] Sandstorm\n|-damage|p1a: Marill|72\/100|[from] Sandstorm\n|-start|p2b: Tornadus|perish1\n|-start|p2a: Ditto|perish1\n|-start|p1b: Gothita|perish1\n|-start|p1a: Marill|perish1\n|upkeep\n|turn|12\n|inactive|6lackkkk has 90 seconds left.\n|\n|t:|1696135206\n|cant|p2a: Ditto|slp\n|move|p1b: Gothita|Protect||[still]\n|-fail|p1b: Gothita\n|move|p1a: Marill|Protect||[still]\n|-fail|p1a: Marill\n|move|p2b: Tornadus|Icy Wind|p1a: Marill|[spread] p1a,p1b\n|-resisted|p1a: Marill\n|-damage|p1a: Marill|63\/100\n|-damage|p1b: Gothita|50\/100\n|-unboost|p1a: Marill|spe|1\n|-unboost|p1b: Gothita|spe|1\n|\n|-weather|Sandstorm|[upkeep]\n|-damage|p2b: Tornadus|52\/100|[from] Sandstorm\n|-damage|p2a: Ditto|88\/100 slp|[from] Sandstorm\n|-damage|p1b: Gothita|44\/100|[from] Sandstorm\n|-damage|p1a: Marill|57\/100|[from] Sandstorm\n|-start|p2b: Tornadus|perish0\n|-start|p2a: Ditto|perish0\n|-start|p1b: Gothita|perish0\n|-start|p1a: Marill|perish0\n|upkeep\n|faint|p2b: Tornadus\n|faint|p2a: Ditto\n|faint|p1b: Gothita\n|faint|p1a: Marill\n|\n|win|chaphlagical\n|raw|chaphlagical's rating: 1000 &rarr; <strong>1040<\/strong><br \/>(+40 for winning)\n|raw|6lackkkk's rating: 1000 &rarr; <strong>1000<\/strong><br \/>(+0 for losing)\n","uploadtime":1696135225,"views":8,"p1id":"chaphlagical","p2id":"6lackkkk","formatid":"gen9nationaldexdoubles","rating":1000,"private":0,"password":""}