{"id":"gen9nationaldexdoubles-1994456311","p1":"Eliminathan","p2":"Dylanpika99","format":"[Gen 9] National Dex Doubles","log":"|j|\u2606Eliminathan\n|j|\u2606Dylanpika99\n|t:|1700445993\n|gametype|doubles\n|player|p1|Eliminathan|schoolkid-gen4|\n|player|p2|Dylanpika99|1|\n|teamsize|p1|6\n|teamsize|p2|6\n|gen|9\n|tier|[Gen 9] National Dex Doubles\n|rule|HP Percentage Mod: HP is shown in percentages\n|rule|Endless Battle Clause: Forcing endless battles is banned\n|rule|OHKO Clause: OHKO moves are banned\n|rule|Evasion Moves Clause: Evasion moves are banned\n|rule|Evasion Abilities Clause: Evasion abilities are banned\n|rule|Species Clause: Limit one of each Pok\u00e9mon\n|rule|Gravity Sleep Clause: The combination of sleep-inducing moves with imperfect accuracy and Gravity or Gigantamax Orbeetle are banned\n|clearpoke\n|poke|p1|Zygarde|\n|poke|p1|Zamazenta-*|\n|poke|p1|Jirachi|\n|poke|p1|Kangaskhan, F|\n|poke|p1|Glimmora, M|\n|poke|p1|Iron Hands|\n|poke|p2|Ogerpon-Cornerstone, F|\n|poke|p2|Sinistcha-Masterpiece|\n|poke|p2|Incineroar, M|\n|poke|p2|Salamence, M|\n|poke|p2|Tapu Fini|\n|poke|p2|Jirachi|\n|teampreview\n|j| Ryan1Baek\n|j| TestudoJK\n|\n|t:|1700446098\n|start\n|switch|p1a: Ginkle|Zygarde|100\/100\n|switch|p1b: momma|Kangaskhan, F|100\/100\n|switch|p2a: Incineroar|Incineroar, M|100\/100\n|switch|p2b: Jirachi|Jirachi|100\/100\n|-ability|p1a: Ginkle|Aura Break\n|-ability|p2a: Incineroar|Intimidate|boost\n|-fail|p1a: Ginkle|unboost|[from] item: Clear Amulet|[of] p1a: Ginkle\n|-fail|p1b: momma|unboost|Attack|[from] ability: Scrappy|[of] p1b: momma\n|turn|1\n|\n|t:|1700446154\n|switch|p2a: Sinistcha|Sinistcha-Masterpiece|100\/100\n|move|p1b: momma|Fake Out|p2a: Sinistcha\n|-damage|p2a: Sinistcha|90\/100\n|-damage|p1b: momma|84\/100|[from] item: Rocky Helmet|[of] p2a: Sinistcha\n|move|p2b: Jirachi|Iron Head|p1b: momma\n|-damage|p1b: momma|50\/100\n|move|p1a: Ginkle|Dragon Dance|p1a: Ginkle\n|-boost|p1a: Ginkle|atk|1\n|-boost|p1a: Ginkle|spe|1\n|\n|upkeep\n|turn|2\n|\n|t:|1700446196\n|switch|p1b: Spanky|Zamazenta|100\/100\n|-ability|p1b: Spanky|Dauntless Shield|boost\n|-boost|p1b: Spanky|def|1\n|-terastallize|p1a: Ginkle|Fire\n|move|p2b: Jirachi|Protect|p2b: Jirachi\n|-singleturn|p2b: Jirachi|Protect\n|move|p1a: Ginkle|Thousand Arrows|p2a: Sinistcha|[spread] p2a\n|-activate|p2b: Jirachi|move: Protect\n|-resisted|p2a: Sinistcha\n|-damage|p2a: Sinistcha|72\/100\n|move|p2a: Sinistcha|Trick Room|p2a: Sinistcha\n|-fieldstart|move: Trick Room|[of] p2a: Sinistcha\n|\n|upkeep\n|turn|3\n|\n|t:|1700446226\n|move|p1a: Ginkle|Protect|p1a: Ginkle\n|-singleturn|p1a: Ginkle|Protect\n|move|p2a: Sinistcha|Matcha Gotcha|p1a: Ginkle|[spread] p1b\n|-activate|p1a: Ginkle|move: Protect\n|-damage|p1b: Spanky|79\/100\n|-heal|p2a: Sinistcha|84\/100|[from] drain|[of] p1b: Spanky\n|move|p2b: Jirachi|Zen Headbutt|p1b: Spanky\n|-supereffective|p1b: Spanky\n|-damage|p1b: Spanky|43\/100\n|-enditem|p1b: Spanky|Sitrus Berry|[eat]\n|-heal|p1b: Spanky|68\/100|[from] item: Sitrus Berry\n|cant|p1b: Spanky|flinch\n|\n|upkeep\n|turn|4\n|\n|t:|1700446242\n|move|p1b: Spanky|Wide Guard|p1b: Spanky\n|-singleturn|p1b: Spanky|Wide Guard\n|move|p2a: Sinistcha|Matcha Gotcha|p1a: Ginkle|[spread] \n|-activate|p1a: Ginkle|move: Wide Guard\n|-activate|p1b: Spanky|move: Wide Guard\n|move|p2b: Jirachi|Zen Headbutt|p1b: Spanky\n|-supereffective|p1b: Spanky\n|-damage|p1b: Spanky|33\/100\n|move|p1a: Ginkle|Thousand Arrows|p2b: Jirachi|[spread] p2a,p2b\n|-resisted|p2a: Sinistcha\n|-supereffective|p2b: Jirachi\n|-damage|p2a: Sinistcha|64\/100\n|-damage|p2b: Jirachi|8\/100\n|-enditem|p2b: Jirachi|Sitrus Berry|[eat]\n|-heal|p2b: Jirachi|33\/100|[from] item: Sitrus Berry\n|\n|upkeep\n|turn|5\n|\n|t:|1700446272\n|switch|p2a: Tapu Fini|Tapu Fini|100\/100\n|-fieldstart|move: Misty Terrain|[from] ability: Misty Surge|[of] p2a: Tapu Fini\n|switch|p1b: FIX THE PROBLEM!|Jirachi|100\/100\n|move|p2b: Jirachi|Zen Headbutt|p1b: FIX THE PROBLEM!\n|-resisted|p1b: FIX THE PROBLEM!\n|-damage|p1b: FIX THE PROBLEM!|95\/100\n|move|p1a: Ginkle|Thousand Arrows|p2a: Tapu Fini|[spread] p2a,p2b\n|-supereffective|p2b: Jirachi\n|-damage|p2a: Tapu Fini|55\/100\n|-damage|p2b: Jirachi|0 fnt\n|faint|p2b: Jirachi\n|\n|-heal|p1b: FIX THE PROBLEM!|100\/100|[from] item: Leftovers\n|upkeep\n|\n|t:|1700446293\n|switch|p2b: Incineroar|Incineroar, M|100\/100\n|-ability|p2b: Incineroar|Intimidate|boost\n|-fail|p1a: Ginkle|unboost|[from] item: Clear Amulet|[of] p1a: Ginkle\n|-unboost|p1b: FIX THE PROBLEM!|atk|1\n|turn|6\n|\n|t:|1700446339\n|move|p1a: Ginkle|Protect|p1a: Ginkle\n|-singleturn|p1a: Ginkle|Protect\n|move|p2b: Incineroar|Fake Out|p1b: FIX THE PROBLEM!\n|-resisted|p1b: FIX THE PROBLEM!\n|-damage|p1b: FIX THE PROBLEM!|97\/100\n|-zpower|p2a: Tapu Fini\n|move|p2a: Tapu Fini|Hydro Vortex|p1b: FIX THE PROBLEM!|[zeffect]\n|-damage|p1b: FIX THE PROBLEM!|44\/100\n|cant|p1b: FIX THE PROBLEM!|flinch\n|\n|-heal|p1b: FIX THE PROBLEM!|50\/100|[from] item: Leftovers\n|-fieldend|move: Trick Room\n|upkeep\n|turn|7\n|\n|t:|1700446379\n|switch|p2b: Sinistcha|Sinistcha-Masterpiece|64\/100\n|-heal|p2a: Tapu Fini|80\/100|[from] ability: Hospitality|[of] p2b: Sinistcha\n|move|p1a: Ginkle|Thousand Arrows|p2b: Sinistcha|[spread] p2a,p2b\n|-resisted|p2b: Sinistcha\n|-damage|p2a: Tapu Fini|36\/100\n|-damage|p2b: Sinistcha|44\/100\n|move|p1b: FIX THE PROBLEM!|Iron Head|p2a: Tapu Fini\n|-damage|p2a: Tapu Fini|20\/100\n|move|p2a: Tapu Fini|Muddy Water|p1b: FIX THE PROBLEM!|[spread] p1a,p1b\n|-supereffective|p1a: Ginkle\n|-damage|p1a: Ginkle|39\/100\n|-damage|p1b: FIX THE PROBLEM!|27\/100\n|\n|-heal|p1b: FIX THE PROBLEM!|33\/100|[from] item: Leftovers\n|upkeep\n|turn|8\n|\n|t:|1700446484\n|move|p1a: Ginkle|Thousand Arrows|p2b: Sinistcha|[spread] p2a,p2b\n|-resisted|p2b: Sinistcha\n|-damage|p2a: Tapu Fini|0 fnt\n|-damage|p2b: Sinistcha|24\/100\n|faint|p2a: Tapu Fini\n|move|p1b: FIX THE PROBLEM!|Iron Head|p2b: Sinistcha\n|-damage|p2b: Sinistcha|9\/100\n|-damage|p1b: FIX THE PROBLEM!|17\/100|[from] item: Rocky Helmet|[of] p2b: Sinistcha\n|cant|p2b: Sinistcha|flinch\n|\n|-heal|p1b: FIX THE PROBLEM!|23\/100|[from] item: Leftovers\n|upkeep\n|c|\u2606Eliminathan|huger\n|c|\u2606Dylanpika99|why is sinistcha\n|c|\u2606Eliminathan|so true\n|\n|t:|1700446566\n|switch|p2a: Salamence|Salamence, M|100\/100\n|-ability|p2a: Salamence|Intimidate|boost\n|-fail|p1a: Ginkle|unboost|[from] item: Clear Amulet|[of] p1a: Ginkle\n|-unboost|p1b: FIX THE PROBLEM!|atk|1\n|turn|9\n|j| Shiny_Hero64\n|\n|t:|1700446610\n|detailschange|p2a: Salamence|Salamence-Mega, M\n|-mega|p2a: Salamence|Salamence|Salamencite\n|move|p1b: FIX THE PROBLEM!|Follow Me|p1b: FIX THE PROBLEM!\n|-singleturn|p1b: FIX THE PROBLEM!|move: Follow Me\n|move|p2b: Sinistcha|Rage Powder|p2b: Sinistcha\n|-singleturn|p2b: Sinistcha|move: Rage Powder\n|move|p1a: Ginkle|Thousand Arrows|p2a: Salamence|[spread] p2a,p2b\n|-resisted|p2b: Sinistcha\n|-damage|p2a: Salamence|60\/100\n|-damage|p2b: Sinistcha|0 fnt\n|-start|p2a: Salamence|Smack Down\n|faint|p2b: Sinistcha\n|move|p2a: Salamence|Dragon Dance|p2a: Salamence\n|-boost|p2a: Salamence|atk|1\n|-boost|p2a: Salamence|spe|1\n|\n|-heal|p1b: FIX THE PROBLEM!|29\/100|[from] item: Leftovers\n|-fieldend|Misty Terrain\n|upkeep\n|\n|t:|1700446617\n|switch|p2b: Incineroar|Incineroar, M|100\/100\n|-ability|p2b: Incineroar|Intimidate|boost\n|-fail|p1a: Ginkle|unboost|[from] item: Clear Amulet|[of] p1a: Ginkle\n|-unboost|p1b: FIX THE PROBLEM!|atk|1\n|turn|10\n|c| Shiny_Hero64|oh my\n|c| Shiny_Hero64|that thing is looking really threatening\n|\n|t:|1700446642\n|switch|p1b: Watch out|Iron Hands|100\/100\n|move|p1a: Ginkle|Protect|p1a: Ginkle\n|-singleturn|p1a: Ginkle|Protect\n|move|p2b: Incineroar|Fake Out|p1a: Ginkle\n|-activate|p1a: Ginkle|move: Protect\n|move|p2a: Salamence|Return|p1b: Watch out\n|-damage|p1b: Watch out|22\/100\n|\n|upkeep\n|turn|11\n|c|\u2606Dylanpika99|flop\n|c|\u2606Dylanpika99|shouldve ohkod\n|l| Shiny_Hero64\n|j| Shiny_Hero64\n|\n|t:|1700446701\n|move|p1b: Watch out|Fake Out|p2a: Salamence\n|-damage|p2a: Salamence|50\/100\n|cant|p2a: Salamence|flinch\n|move|p1a: Ginkle|Thousand Arrows|p2a: Salamence|[spread] p2a,p2b\n|-supereffective|p2b: Incineroar\n|-damage|p2a: Salamence|15\/100\n|-damage|p2b: Incineroar|36\/100\n|move|p2b: Incineroar|Flare Blitz|p1b: Watch out\n|-damage|p1b: Watch out|0 fnt\n|faint|p1b: Watch out\n|-end|p1b: Watch out|Quark Drive|[silent]\n|-damage|p2b: Incineroar|27\/100|[from] Recoil\n|\n|upkeep\n|\n|t:|1700446712\n|switch|p1b: momma|Kangaskhan, F|50\/100\n|turn|12\n|c|\u2606Dylanpika99|wait fuck\n|c|\u2606Eliminathan|its so lit\n|c| Shiny_Hero64|Who won game 1\n|c|\u2606Eliminathan|me\n|\n|t:|1700446751\n|switch|p2b: her|Ogerpon-Cornerstone, F|100\/100\n|move|p1b: momma|Fake Out|p2a: Salamence\n|-damage|p2a: Salamence|5\/100\n|cant|p2a: Salamence|flinch\n|move|p1a: Ginkle|Thousand Arrows|p2b: her|[spread] p2a,p2b\n|-damage|p2a: Salamence|0 fnt\n|-damage|p2b: her|34\/100\n|faint|p2a: Salamence\n|\n|upkeep\n|\n|t:|1700446758\n|switch|p2a: Incineroar|Incineroar, M|27\/100\n|-ability|p2a: Incineroar|Intimidate|boost\n|-fail|p1a: Ginkle|unboost|[from] item: Clear Amulet|[of] p1a: Ginkle\n|-fail|p1b: momma|unboost|Attack|[from] ability: Scrappy|[of] p1b: momma\n|turn|13\n|c| Shiny_Hero64|No maga?\n|c| Ryan1Baek|make america great again?\n|c|\u2606Eliminathan|lmao\n|c| Shiny_Hero64|TRUE\n|c|\u2606Dylanpika99|keeping scrappy for intim prob\n|j| TheMoistFetus\n|c| Shiny_Hero64|Well if I had to me 100% honest\n|c|\u2606Eliminathan|gotta love me some scrappy\n|c| Shiny_Hero64|it\u2019s jover\n|c|\u2606Dylanpika99|winnable\n|c|\u2606Eliminathan|joe biden\n|\n|t:|1700446838\n|-terastallize|p2b: her|Rock\n|detailschange|p2b: her|Ogerpon-Cornerstone-Tera, F, tera:Rock\n|-ability|p2b: her|Embody Aspect (Cornerstone)|boost\n|-boost|p2b: her|def|1\n|move|p1a: Ginkle|Protect|p1a: Ginkle\n|-singleturn|p1a: Ginkle|Protect\n|move|p2b: her|Spiky Shield|p2b: her\n|-singleturn|p2b: her|move: Protect\n|move|p1b: momma|Protect|p1b: momma\n|-singleturn|p1b: momma|Protect\n|move|p2a: Incineroar|Fake Out|p1a: Ginkle\n|-activate|p1a: Ginkle|move: Protect\n|\n|upkeep\n|turn|14\n|c|\u2606Dylanpika99|ok.\n|\n|t:|1700446853\n|move|p1a: Ginkle|Thousand Arrows|p2a: Incineroar|[spread] p2a,p2b\n|-supereffective|p2a: Incineroar\n|-supereffective|p2b: her\n|-damage|p2a: Incineroar|0 fnt\n|-damage|p2b: her|0 fnt\n|faint|p2a: Incineroar\n|faint|p2b: her\n|\n|win|Eliminathan\n|c|\u2606Eliminathan|gg\n|c|\u2606Dylanpika99|is it bo5\n|c|\u2606Eliminathan|yeah\n|c|\u2606Dylanpika99|gg\n|c|\u2606Dylanpika99|WPOO\n|c|\u2606Dylanpika99|ok\n|c|\u2606Dylanpika99|we move\n|l| Ryan1Baek\n|l| Shiny_Hero64\n","uploadtime":1700446872,"views":15,"p1id":"eliminathan","p2id":"dylanpika99","formatid":"gen9nationaldexdoubles","rating":0,"private":0,"password":""}