{"id":"gen9nationaldexdoubles-1986768567","p1":"moikik","p2":"psng","format":"[Gen 9] National Dex Doubles","log":"|j|\u2606moikik\n|j|\u2606psng\n|t:|1699522206\n|gametype|doubles\n|player|p1|moikik|1|1137\n|player|p2|psng|wallace|1164\n|teamsize|p1|6\n|teamsize|p2|6\n|gen|9\n|tier|[Gen 9] National Dex Doubles\n|rated|\n|rule|HP Percentage Mod: HP is shown in percentages\n|rule|Endless Battle Clause: Forcing endless battles is banned\n|rule|OHKO Clause: OHKO moves are banned\n|rule|Evasion Moves Clause: Evasion moves are banned\n|rule|Evasion Abilities Clause: Evasion abilities are banned\n|rule|Species Clause: Limit one of each Pok\u00e9mon\n|rule|Gravity Sleep Clause: The combination of sleep-inducing moves with imperfect accuracy and Gravity or Gigantamax Orbeetle are banned\n|clearpoke\n|poke|p1|Clefairy, F|\n|poke|p1|Kingambit, M|\n|poke|p1|Honchkrow, M|\n|poke|p1|Polteageist|\n|poke|p1|Cloyster, M|\n|poke|p1|Ursaluna-Bloodmoon, M|\n|poke|p2|Tyranitar, F|\n|poke|p2|Excadrill, F|\n|poke|p2|Sinistcha-Masterpiece|\n|poke|p2|Salamence, M|\n|poke|p2|Grimmsnarl, M|\n|poke|p2|Chien-Pao|\n|teampreview\n|inactive|Battle timer is ON: inactive players will automatically lose when time's up. (requested by psng)\n|\n|t:|1699522232\n|start\n|switch|p1a: Polteageist|Polteageist|100\/100\n|switch|p1b: Cloyster|Cloyster, M|100\/100\n|switch|p2a: Tyranitar|Tyranitar, F|100\/100\n|switch|p2b: Grimmsnarl|Grimmsnarl, M, shiny|100\/100\n|-weather|Sandstorm|[from] ability: Sand Stream|[of] p2a: Tyranitar\n|turn|1\n|\n|t:|1699522250\n|move|p2b: Grimmsnarl|Reflect|p2b: Grimmsnarl\n|-sidestart|p2: psng|Reflect\n|move|p2a: Tyranitar|Dragon Dance|p2a: Tyranitar\n|-boost|p2a: Tyranitar|atk|1\n|-boost|p2a: Tyranitar|spe|1\n|move|p1a: Polteageist|Teatime|p1a: Polteageist\n|-fieldactivate|move: Teatime\n|-enditem|p1a: Polteageist|Ganlon Berry|[eat]\n|-boost|p1a: Polteageist|def|1|[from] item: Ganlon Berry\n|-enditem|p1b: Cloyster|Lansat Berry|[eat]\n|-start|p1b: Cloyster|move: Focus Energy\n|move|p1b: Cloyster|Shell Smash|p1b: Cloyster\n|-unboost|p1b: Cloyster|def|1\n|-unboost|p1b: Cloyster|spd|1\n|-boost|p1b: Cloyster|atk|2\n|-boost|p1b: Cloyster|spa|2\n|-boost|p1b: Cloyster|spe|2\n|\n|-weather|Sandstorm|[upkeep]\n|-damage|p1b: Cloyster|94\/100|[from] Sandstorm\n|-damage|p1a: Polteageist|94\/100|[from] Sandstorm\n|-damage|p2b: Grimmsnarl|94\/100|[from] Sandstorm\n|upkeep\n|turn|2\n|\n|t:|1699522270\n|move|p2b: Grimmsnarl|Parting Shot|p1b: Cloyster\n|-unboost|p1b: Cloyster|atk|1\n|-unboost|p1b: Cloyster|spa|1\n|\n|t:|1699522275\n|switch|p2b: Salamence|Salamence, M, shiny|100\/100|[from] Parting Shot\n|-ability|p2b: Salamence|Intimidate|boost\n|-unboost|p1a: Polteageist|atk|1\n|-unboost|p1b: Cloyster|atk|1\n|move|p1b: Cloyster|Pin Missile|p2a: Tyranitar\n|-supereffective|p2a: Tyranitar\n|-damage|p2a: Tyranitar|91\/100\n|-enditem|p2a: Tyranitar|Weakness Policy\n|-boost|p2a: Tyranitar|atk|2|[from] item: Weakness Policy\n|-boost|p2a: Tyranitar|spa|2|[from] item: Weakness Policy\n|-supereffective|p2a: Tyranitar\n|-crit|p2a: Tyranitar\n|-damage|p2a: Tyranitar|71\/100\n|-supereffective|p2a: Tyranitar\n|-damage|p2a: Tyranitar|62\/100\n|-supereffective|p2a: Tyranitar\n|-damage|p2a: Tyranitar|54\/100\n|-supereffective|p2a: Tyranitar\n|-damage|p2a: Tyranitar|45\/100\n|-hitcount|p2a: Tyranitar|5\n|move|p2a: Tyranitar|Dragon Dance|p2a: Tyranitar\n|-boost|p2a: Tyranitar|atk|1\n|-boost|p2a: Tyranitar|spe|1\n|move|p1a: Polteageist|Shell Smash|p1a: Polteageist\n|-unboost|p1a: Polteageist|def|1\n|-unboost|p1a: Polteageist|spd|1\n|-boost|p1a: Polteageist|atk|2\n|-boost|p1a: Polteageist|spa|2\n|-boost|p1a: Polteageist|spe|2\n|\n|-weather|Sandstorm|[upkeep]\n|-damage|p1a: Polteageist|88\/100|[from] Sandstorm\n|-damage|p1b: Cloyster|88\/100|[from] Sandstorm\n|-damage|p2b: Salamence|94\/100|[from] Sandstorm\n|upkeep\n|turn|3\n|\n|t:|1699522300\n|switch|p2b: Sinistcha|Sinistcha-Masterpiece, shiny|100\/100\n|-heal|p2a: Tyranitar|70\/100|[from] ability: Hospitality|[of] p2b: Sinistcha\n|move|p2a: Tyranitar|Rock Slide|p1b: Cloyster|[spread] p1a,p1b\n|-supereffective|p1b: Cloyster\n|-damage|p1a: Polteageist|0 fnt\n|-damage|p1b: Cloyster|0 fnt\n|faint|p1a: Polteageist\n|faint|p1b: Cloyster\n|\n|-weather|Sandstorm|[upkeep]\n|-damage|p2b: Sinistcha|94\/100|[from] Sandstorm\n|-heal|p2b: Sinistcha|100\/100|[from] item: Leftovers\n|upkeep\n|\n|t:|1699522312\n|switch|p1a: Kingambit|Kingambit, M|100\/100\n|switch|p1b: Clefairy|Clefairy, F|100\/100\n|turn|4\n|\n|t:|1699522324\n|switch|p2b: Chien-Pao|Chien-Pao|100\/100\n|-ability|p2b: Chien-Pao|Sword of Ruin\n|move|p1b: Clefairy|Spotlight|p1a: Kingambit\n|-singleturn|p1a: Kingambit|move: Spotlight\n|move|p2a: Tyranitar|Rock Slide|p1b: Clefairy|[spread] p1a,p1b\n|-resisted|p1a: Kingambit\n|-damage|p1a: Kingambit|74\/100\n|-damage|p1b: Clefairy|0 fnt\n|faint|p1b: Clefairy\n|move|p1a: Kingambit|Metal Burst|p2a: Tyranitar\n|-damage|p2a: Tyranitar|23\/100\n|\n|-weather|Sandstorm|[upkeep]\n|-damage|p2b: Chien-Pao|95\/100|[from] Sandstorm\n|upkeep\n|\n|t:|1699522338\n|switch|p1b: Honchkrow|Honchkrow, M|100\/100\n|turn|5\n|\n|t:|1699522350\n|-terastallize|p2b: Chien-Pao|Fighting\n|-terastallize|p1a: Kingambit|Steel\n|move|p1b: Honchkrow|Sucker Punch|p2a: Tyranitar\n|-resisted|p2a: Tyranitar\n|-crit|p2a: Tyranitar\n|-damage|p2a: Tyranitar|0 fnt\n|faint|p2a: Tyranitar\n|move|p1a: Kingambit|Sucker Punch|p2b: Chien-Pao\n|-resisted|p2b: Chien-Pao\n|-damage|p2b: Chien-Pao|79\/100\n|move|p2b: Chien-Pao|Sacred Sword|p1a: Kingambit\n|-supereffective|p1a: Kingambit\n|-damage|p1a: Kingambit|0 fnt\n|faint|p1a: Kingambit\n|-damage|p2b: Chien-Pao|69\/100|[from] item: Life Orb\n|\n|-weather|none\n|upkeep\n|\n|t:|1699522370\n|switch|p2a: Grimmsnarl|Grimmsnarl, M, shiny|94\/100\n|switch|p1a: Ursaluna|Ursaluna-Bloodmoon, M|100\/100\n|turn|6\n|\n|t:|1699522385\n|move|p2a: Grimmsnarl|Light Screen|p2a: Grimmsnarl\n|-sidestart|p2: psng|move: Light Screen\n|move|p2b: Chien-Pao|Ice Spinner|p1b: Honchkrow\n|-supereffective|p1b: Honchkrow\n|-damage|p1b: Honchkrow|0 fnt\n|faint|p1b: Honchkrow\n|-damage|p2b: Chien-Pao|59\/100|[from] item: Life Orb\n|move|p1a: Ursaluna|Blood Moon|p2a: Grimmsnarl\n|-damage|p2a: Grimmsnarl|41\/100\n|\n|upkeep\n|turn|7\n|\n|t:|1699522397\n|switch|p2b: Sinistcha|Sinistcha-Masterpiece, shiny|100\/100\n|-heal|p2a: Grimmsnarl|66\/100|[from] ability: Hospitality|[of] p2b: Sinistcha\n|move|p2a: Grimmsnarl|Parting Shot|p1a: Ursaluna\n|-unboost|p1a: Ursaluna|atk|1\n|-unboost|p1a: Ursaluna|spa|1\n|\n|t:|1699522405\n|switch|p2a: Chien-Pao|Chien-Pao, tera:Fighting|59\/100|[from] Parting Shot\n|-ability|p2a: Chien-Pao|Sword of Ruin\n|move|p1a: Ursaluna|Earth Power|p2b: Sinistcha\n|-resisted|p2b: Sinistcha\n|-damage|p2b: Sinistcha|87\/100\n|\n|-heal|p2b: Sinistcha|94\/100|[from] item: Leftovers\n|upkeep\n|turn|8\n|-message|moikik forfeited.\n|\n|win|psng\n|raw|moikik's rating: 1137 &rarr; <strong>1114<\/strong><br \/>(-23 for losing)\n|raw|psng's rating: 1164 &rarr; <strong>1187<\/strong><br \/>(+23 for winning)\n|l|\u2606moikik\n","uploadtime":1699522416,"views":14,"p1id":"moikik","p2id":"psng","formatid":"gen9nationaldexdoubles","rating":1114,"private":0,"password":""}