{"id":"gen9nationaldexdoubles-1970648202","p1":"Cambrian James","p2":"JustAnotherJames3","format":"[Gen 9] National Dex Doubles","log":"|j|\u2606Cambrian James\n|j|\u2606JustAnotherJames3\n|t:|1697655147\n|gametype|doubles\n|player|p1|Cambrian James|bugcatcher-gen4dp|1035\n|player|p2|JustAnotherJames3|pokemonbreederf-gen4|1003\n|teamsize|p1|4\n|teamsize|p2|6\n|gen|9\n|tier|[Gen 9] National Dex Doubles\n|rated|\n|rule|HP Percentage Mod: HP is shown in percentages\n|rule|Endless Battle Clause: Forcing endless battles is banned\n|rule|OHKO Clause: OHKO moves are banned\n|rule|Evasion Moves Clause: Evasion moves are banned\n|rule|Evasion Abilities Clause: Evasion abilities are banned\n|rule|Species Clause: Limit one of each Pok\u00e9mon\n|rule|Gravity Sleep Clause: The combination of sleep-inducing moves with imperfect accuracy and Gravity or Gigantamax Orbeetle are banned\n|clearpoke\n|poke|p1|Torkoal, M|\n|poke|p1|Oranguru, M|\n|poke|p1|Sirfetch\u2019d, M|\n|poke|p1|Mimikyu, M|\n|poke|p2|Galvantula, M|\n|poke|p2|Jellicent, M|\n|poke|p2|Aggron, M|\n|poke|p2|Hydreigon, F|\n|poke|p2|Arcanine, M|\n|poke|p2|Iron Valiant|\n|teampreview\n|\n|t:|1697655154\n|start\n|switch|p1a: Oranguru|Oranguru, M|100\/100\n|switch|p1b: Torkoal|Torkoal, M|100\/100\n|switch|p2a: She Who Sleeps|Hydreigon, F|100\/100\n|switch|p2b: Royal Guard|Arcanine, M|100\/100\n|-weather|SunnyDay|[from] ability: Drought|[of] p1b: Torkoal\n|turn|1\n|\n|t:|1697655168\n|-terastallize|p2b: Royal Guard|Fairy\n|-terastallize|p1a: Oranguru|Normal\n|move|p1b: Torkoal|Protect|p1b: Torkoal\n|-singleturn|p1b: Torkoal|Protect\n|move|p2b: Royal Guard|Flame Charge|p1a: Oranguru\n|-damage|p1a: Oranguru|72\/100\n|-boost|p2b: Royal Guard|spe|1\n|move|p2a: She Who Sleeps|Beat Up|p2b: Royal Guard\n|-resisted|p2b: Royal Guard\n|-damage|p2b: Royal Guard|96\/100\n|-ability|p2b: Royal Guard|Justified|boost\n|-boost|p2b: Royal Guard|atk|1\n|-resisted|p2b: Royal Guard\n|-damage|p2b: Royal Guard|90\/100\n|-ability|p2b: Royal Guard|Justified|boost\n|-boost|p2b: Royal Guard|atk|1\n|-resisted|p2b: Royal Guard\n|-damage|p2b: Royal Guard|84\/100\n|-ability|p2b: Royal Guard|Justified|boost\n|-boost|p2b: Royal Guard|atk|1\n|-resisted|p2b: Royal Guard\n|-damage|p2b: Royal Guard|81\/100\n|-ability|p2b: Royal Guard|Justified|boost\n|-boost|p2b: Royal Guard|atk|1\n|-resisted|p2b: Royal Guard\n|-damage|p2b: Royal Guard|77\/100\n|-ability|p2b: Royal Guard|Justified|boost\n|-boost|p2b: Royal Guard|atk|1\n|-resisted|p2b: Royal Guard\n|-damage|p2b: Royal Guard|71\/100\n|-ability|p2b: Royal Guard|Justified|boost\n|-boost|p2b: Royal Guard|atk|1\n|-hitcount|p2b: Royal Guard|6\n|move|p1a: Oranguru|Trick Room|p1a: Oranguru\n|-fieldstart|move: Trick Room|[of] p1a: Oranguru\n|\n|-weather|SunnyDay|[upkeep]\n|upkeep\n|turn|2\n|c|\u2606Cambrian James|holy shi\n|\n|t:|1697655231\n|move|p2b: Royal Guard|Extreme Speed|p1a: Oranguru\n|-damage|p1a: Oranguru|2\/100\n|move|p1b: Torkoal|Eruption|p2b: Royal Guard|[spread] p2a,p2b\n|-resisted|p2a: She Who Sleeps\n|-damage|p2a: She Who Sleeps|63\/100\n|-damage|p2b: Royal Guard|0 fnt\n|faint|p2b: Royal Guard\n|move|p1a: Oranguru|Instruct|p1b: Torkoal\n|-singleturn|p1b: Torkoal|move: Instruct|[of] p1a: Oranguru\n|move|p1b: Torkoal|Eruption|p2a: She Who Sleeps\n|-resisted|p2a: She Who Sleeps\n|-damage|p2a: She Who Sleeps|19\/100\n|move|p2a: She Who Sleeps|Beat Up|p1b: Torkoal\n|-damage|p1b: Torkoal|94\/100\n|-damage|p1b: Torkoal|88\/100\n|-damage|p1b: Torkoal|83\/100\n|-damage|p1b: Torkoal|80\/100\n|-crit|p1b: Torkoal\n|-damage|p1b: Torkoal|70\/100\n|-hitcount|p1b: Torkoal|5\n|\n|-weather|SunnyDay|[upkeep]\n|upkeep\n|\n|t:|1697655262\n|switch|p2b: Sir Currias|Aggron, M, shiny|100\/100\n|turn|3\n|\n|t:|1697655273\n|move|p1b: Torkoal|Eruption|p2b: Sir Currias|[spread] p2a,p2b\n|-resisted|p2a: She Who Sleeps\n|-damage|p2a: She Who Sleeps|0 fnt\n|-damage|p2b: Sir Currias|48\/100\n|faint|p2a: She Who Sleeps\n|move|p1a: Oranguru|Instruct|p1b: Torkoal\n|-singleturn|p1b: Torkoal|move: Instruct|[of] p1a: Oranguru\n|move|p1b: Torkoal|Eruption|p2b: Sir Currias\n|-damage|p2b: Sir Currias|0 fnt\n|faint|p2b: Sir Currias\n|\n|-weather|SunnyDay|[upkeep]\n|upkeep\n|\n|t:|1697655292\n|switch|p2b: Sir Dje|Iron Valiant|100\/100\n|switch|p2a: Duke Pennybags|Jellicent, M|100\/100\n|turn|4\n|\n|t:|1697655312\n|move|p1b: Torkoal|Eruption|p2a: Duke Pennybags|[spread] p2a,p2b\n|-resisted|p2a: Duke Pennybags\n|-damage|p2a: Duke Pennybags|80\/100\n|-damage|p2b: Sir Dje|4\/100\n|move|p1a: Oranguru|Instruct|p1b: Torkoal\n|-singleturn|p1b: Torkoal|move: Instruct|[of] p1a: Oranguru\n|move|p1b: Torkoal|Eruption|p2b: Sir Dje|[spread] p2a,p2b\n|-resisted|p2a: Duke Pennybags\n|-damage|p2a: Duke Pennybags|60\/100\n|-damage|p2b: Sir Dje|0 fnt\n|faint|p2b: Sir Dje\n|-end|p2b: Sir Dje|Quark Drive|[silent]\n|move|p2a: Duke Pennybags|Hydro Pump|p1b: Torkoal\n|-supereffective|p1b: Torkoal\n|-damage|p1b: Torkoal|30\/100\n|-enditem|p1b: Torkoal|Sitrus Berry|[eat]\n|-heal|p1b: Torkoal|55\/100|[from] item: Sitrus Berry\n|\n|-weather|SunnyDay|[upkeep]\n|upkeep\n|\n|t:|1697655330\n|switch|p2b: King Baboo|Galvantula, M|100\/100\n|-ability|p2b: King Baboo|Unnerve\n|turn|5\n|\n|t:|1697655346\n|move|p1b: Torkoal|Eruption|p2a: Duke Pennybags|[spread] p2a,p2b\n|-resisted|p2a: Duke Pennybags\n|-supereffective|p2b: King Baboo\n|-damage|p2a: Duke Pennybags|46\/100\n|-damage|p2b: King Baboo|0 fnt\n|faint|p2b: King Baboo\n|move|p1a: Oranguru|Future Sight|p2a: Duke Pennybags\n|-start|p1a: Oranguru|move: Future Sight\n|move|p2a: Duke Pennybags|Hydro Pump|p1b: Torkoal\n|-supereffective|p1b: Torkoal\n|-damage|p1b: Torkoal|14\/100\n|\n|-weather|none\n|-fieldend|move: Trick Room\n|upkeep\n|turn|6\n|\n|t:|1697655363\n|move|p2a: Duke Pennybags|Scald|p1b: Torkoal\n|-supereffective|p1b: Torkoal\n|-damage|p1b: Torkoal|0 fnt\n|faint|p1b: Torkoal\n|move|p1a: Oranguru|Trick Room|p1a: Oranguru\n|-fieldstart|move: Trick Room|[of] p1a: Oranguru\n|\n|upkeep\n|\n|t:|1697655368\n|switch|p1b: Sirfetch\u2019d|Sirfetch\u2019d, M|100\/100\n|turn|7\n|\n|t:|1697655376\n|move|p1a: Oranguru|Instruct||[still]\n|-fail|p1a: Oranguru\n|move|p1b: Sirfetch\u2019d|Close Combat|p2a: Duke Pennybags\n|-damage|p2a: Duke Pennybags|0 fnt\n|-unboost|p1b: Sirfetch\u2019d|def|1\n|-unboost|p1b: Sirfetch\u2019d|spd|1\n|faint|p2a: Duke Pennybags\n|\n|win|Cambrian James\n|raw|Cambrian James's rating: 1035 &rarr; <strong>1067<\/strong><br \/>(+32 for winning)\n|raw|JustAnotherJames3's rating: 1003 &rarr; <strong>1000<\/strong><br \/>(-3 for losing)\n|c|\u2606Cambrian James|gg\n|l|\u2606JustAnotherJames3\n","uploadtime":1697655411,"views":7,"p1id":"cambrianjames","p2id":"justanotherjames3","formatid":"gen9nationaldexdoubles","rating":1000,"private":0,"password":""}