{"id":"gen9nationaldexdoubles-1973596880","p1":"Hi lsbdkdjd","p2":"unknowndsrfdfaafa","format":"[Gen 9] National Dex Doubles","log":"|j|\u2606Hi lsbdkdjd\n|j|\u2606unknowndsrfdfaafa\n|t:|1697994537\n|gametype|doubles\n|player|p1|Hi lsbdkdjd|lucas|1000\n|player|p2|unknowndsrfdfaafa|dawn|1125\n|teamsize|p1|6\n|teamsize|p2|6\n|gen|9\n|tier|[Gen 9] National Dex Doubles\n|rated|\n|rule|HP Percentage Mod: HP is shown in percentages\n|rule|Endless Battle Clause: Forcing endless battles is banned\n|rule|OHKO Clause: OHKO moves are banned\n|rule|Evasion Moves Clause: Evasion moves are banned\n|rule|Evasion Abilities Clause: Evasion abilities are banned\n|rule|Species Clause: Limit one of each Pok\u00e9mon\n|rule|Gravity Sleep Clause: The combination of sleep-inducing moves with imperfect accuracy and Gravity or Gigantamax Orbeetle are banned\n|clearpoke\n|poke|p1|Blastoise, F|\n|poke|p1|Clefable, F|\n|poke|p1|Indeedee-F, F|\n|poke|p1|Mr. Mime, M|\n|poke|p1|Glastrier|\n|poke|p1|Oranguru, M|\n|poke|p2|Magmortar, F|\n|poke|p2|Gothitelle, F|\n|poke|p2|Rampardos, F|\n|poke|p2|Skuntank, F|\n|poke|p2|Walrein, M|\n|poke|p2|Cradily, M|\n|teampreview\n|inactive|Battle timer is ON: inactive players will automatically lose when time's up. (requested by unknowndsrfdfaafa)\n|inactive|unknowndsrfdfaafa has 120 seconds left.\n|\n|t:|1697994575\n|start\n|switch|p1a: Glastrier|Glastrier|100\/100\n|switch|p1b: Indeedee|Indeedee-F, F|100\/100\n|switch|p2a: Skuntank|Skuntank, F|100\/100\n|switch|p2b: Gothitelle|Gothitelle, F|100\/100\n|-fieldstart|move: Psychic Terrain|[from] ability: Psychic Surge|[of] p1b: Indeedee\n|turn|1\n|\n|t:|1697994592\n|-terastallize|p1a: Glastrier|Ice\n|move|p2b: Gothitelle|Fake Out|p1b: Indeedee\n|-activate|p1b: Indeedee|move: Psychic Terrain\n|move|p2a: Skuntank|Toxic Spikes|p1a: Glastrier\n|-sidestart|p1: Hi lsbdkdjd|move: Toxic Spikes\n|move|p1a: Glastrier|Icicle Spear|p2b: Gothitelle\n|-damage|p2b: Gothitelle|86\/100\n|-damage|p2b: Gothitelle|70\/100\n|-damage|p2b: Gothitelle|54\/100\n|-damage|p2b: Gothitelle|38\/100\n|-hitcount|p2b: Gothitelle|4\n|move|p1b: Indeedee|Trick Room|p1b: Indeedee\n|-fieldstart|move: Trick Room|[of] p1b: Indeedee\n|\n|upkeep\n|turn|2\n|\n|t:|1697994614\n|switch|p2b: Magmortar|Magmortar, F|100\/100\n|move|p1b: Indeedee|Follow Me|p1b: Indeedee\n|-singleturn|p1b: Indeedee|move: Follow Me\n|move|p1a: Glastrier|Icicle Spear|p2b: Magmortar\n|-resisted|p2b: Magmortar\n|-damage|p2b: Magmortar|86\/100\n|-resisted|p2b: Magmortar\n|-damage|p2b: Magmortar|72\/100\n|-resisted|p2b: Magmortar\n|-damage|p2b: Magmortar|59\/100\n|-resisted|p2b: Magmortar\n|-damage|p2b: Magmortar|44\/100\n|-resisted|p2b: Magmortar\n|-crit|p2b: Magmortar\n|-damage|p2b: Magmortar|22\/100\n|-hitcount|p2b: Magmortar|5\n|move|p2a: Skuntank|Toxic Spikes|p1a: Glastrier\n|-sidestart|p1: Hi lsbdkdjd|move: Toxic Spikes\n|\n|upkeep\n|turn|3\n|\n|t:|1697994638\n|move|p1b: Indeedee|Follow Me|p1b: Indeedee\n|-singleturn|p1b: Indeedee|move: Follow Me\n|move|p1a: Glastrier|Icicle Spear|p2b: Magmortar\n|-resisted|p2b: Magmortar\n|-damage|p2b: Magmortar|7\/100\n|-resisted|p2b: Magmortar\n|-damage|p2b: Magmortar|0 fnt\n|faint|p2b: Magmortar\n|-ability|p1a: Glastrier|Chilling Neigh|boost\n|-boost|p1a: Glastrier|atk|1\n|-hitcount|p2: Magmortar|2\n|move|p2a: Skuntank|Trailblaze|p1b: Indeedee\n|-damage|p1b: Indeedee|89\/100\n|-boost|p2a: Skuntank|spe|1\n|\n|upkeep\n|inactive|unknowndsrfdfaafa has 120 seconds left.\n|\n|t:|1697994661\n|switch|p2b: Gothitelle|Gothitelle, F|38\/100\n|turn|4\n|\n|t:|1697994666\n|switch|p2b: Walrein|Walrein, M|100\/100\n|switch|p2a: Cradily|Cradily, M|100\/100\n|move|p1b: Indeedee|Follow Me|p1b: Indeedee\n|-singleturn|p1b: Indeedee|move: Follow Me\n|move|p1a: Glastrier|Icicle Spear|p2b: Walrein\n|-resisted|p2b: Walrein\n|-damage|p2b: Walrein|95\/100\n|-resisted|p2b: Walrein\n|-damage|p2b: Walrein|90\/100\n|-resisted|p2b: Walrein\n|-damage|p2b: Walrein|84\/100\n|-resisted|p2b: Walrein\n|-damage|p2b: Walrein|79\/100\n|-resisted|p2b: Walrein\n|-damage|p2b: Walrein|73\/100\n|-hitcount|p2b: Walrein|5\n|\n|upkeep\n|turn|5\n|\n|t:|1697994689\n|-terastallize|p2a: Cradily|Poison\n|move|p1b: Indeedee|Follow Me|p1b: Indeedee\n|-singleturn|p1b: Indeedee|move: Follow Me\n|move|p1a: Glastrier|Icicle Spear|p2a: Cradily\n|-damage|p2a: Cradily|75\/100\n|-damage|p2a: Cradily|48\/100\n|-damage|p2a: Cradily|23\/100\n|-damage|p2a: Cradily|0 fnt\n|faint|p2a: Cradily\n|-ability|p1a: Glastrier|Chilling Neigh|boost\n|-boost|p1a: Glastrier|atk|1\n|-hitcount|p2: Cradily|4\n|move|p2b: Walrein|Yawn|p1b: Indeedee\n|-start|p1b: Indeedee|move: Yawn|[of] p2b: Walrein\n|\n|-fieldend|move: Trick Room\n|-fieldend|move: Psychic Terrain\n|upkeep\n|\n|t:|1697994701\n|switch|p2a: Gothitelle|Gothitelle, F|38\/100\n|turn|6\n|-message|unknowndsrfdfaafa forfeited.\n|\n|win|Hi lsbdkdjd\n|raw|Hi lsbdkdjd's rating: 1000 &rarr; <strong>1054<\/strong><br \/>(+54 for winning)\n|raw|unknowndsrfdfaafa's rating: 1125 &rarr; <strong>1091<\/strong><br \/>(-34 for losing)\n|l|\u2606unknowndsrfdfaafa\n","uploadtime":1697994713,"views":8,"p1id":"hilsbdkdjd","p2id":"unknowndsrfdfaafa","formatid":"gen9nationaldexdoubles","rating":1054,"private":0,"password":""}