{"id":"gen9nationaldexdoubles-1989433732","p1":"Samotheus","p2":"pbone__17","format":"[Gen 9] National Dex Doubles","log":"|j|\u2606Samotheus\n|j|\u2606pbone__17\n|t:|1699849823\n|gametype|doubles\n|player|p1|Samotheus|aromalady|\n|player|p2|pbone__17|blaine|\n|teamsize|p1|6\n|teamsize|p2|6\n|gen|9\n|tier|[Gen 9] National Dex Doubles\n|rule|HP Percentage Mod: HP is shown in percentages\n|rule|Endless Battle Clause: Forcing endless battles is banned\n|rule|OHKO Clause: OHKO moves are banned\n|rule|Evasion Moves Clause: Evasion moves are banned\n|rule|Evasion Abilities Clause: Evasion abilities are banned\n|rule|Species Clause: Limit one of each Pok\u00e9mon\n|rule|Gravity Sleep Clause: The combination of sleep-inducing moves with imperfect accuracy and Gravity or Gigantamax Orbeetle are banned\n|clearpoke\n|poke|p1|Salazzle, F|\n|poke|p1|Toxapex, M|\n|poke|p1|Gastrodon, F|\n|poke|p1|Staraptor, M|\n|poke|p1|Muk-Alola, M|\n|poke|p1|Raichu, F|\n|poke|p2|Flamigo, F|\n|poke|p2|Kommo-o, F|\n|poke|p2|Clefairy, M|\n|poke|p2|Falinks|\n|poke|p2|Hatterene, F|\n|poke|p2|Fezandipiti, M|\n|teampreview\n|\n|t:|1699849830\n|start\n|switch|p1a: Salazzle|Salazzle, F|100\/100\n|switch|p1b: Toxapex|Toxapex, M|100\/100\n|switch|p2a: Kommo-o|Kommo-o, F|100\/100\n|switch|p2b: Clefairy|Clefairy, M|100\/100\n|turn|1\n|\n|t:|1699849845\n|move|p2b: Clefairy|Follow Me|p2b: Clefairy\n|-singleturn|p2b: Clefairy|move: Follow Me\n|move|p1a: Salazzle|Poison Gas|p2b: Clefairy|[spread] p2a,p2b\n|-status|p2a: Kommo-o|psn\n|-status|p2b: Clefairy|psn\n|move|p2a: Kommo-o|Clangorous Soul|p2a: Kommo-o\n|-boost|p2a: Kommo-o|atk|1\n|-boost|p2a: Kommo-o|def|1\n|-boost|p2a: Kommo-o|spa|1\n|-boost|p2a: Kommo-o|spd|1\n|-boost|p2a: Kommo-o|spe|1\n|-damage|p2a: Kommo-o|68\/100 psn\n|-enditem|p2a: Kommo-o|Throat Spray\n|-boost|p2a: Kommo-o|spa|1|[from] item: Throat Spray\n|move|p1b: Toxapex|Venoshock|p2b: Clefairy\n|-supereffective|p2b: Clefairy\n|-crit|p2b: Clefairy\n|-damage|p2b: Clefairy|3\/100 psn\n|\n|-damage|p2a: Kommo-o|55\/100 psn|[from] psn\n|-damage|p2b: Clefairy|0 fnt|[from] psn\n|faint|p2b: Clefairy\n|upkeep\n|\n|t:|1699849863\n|switch|p2b: Flamigo|Flamigo, F|100\/100\n|-copyboost|p2b: Flamigo|p2a: Kommo-o|[from] ability: Costar\n|turn|2\n|\n|t:|1699849876\n|-terastallize|p2a: Kommo-o|Steel\n|-terastallize|p1b: Toxapex|Ghost\n|move|p1a: Salazzle|Protect|p1a: Salazzle\n|-singleturn|p1a: Salazzle|Protect\n|move|p2b: Flamigo|Close Combat|p1a: Salazzle\n|-activate|p1a: Salazzle|move: Protect\n|move|p2a: Kommo-o|Clangorous Soul|p2a: Kommo-o\n|-boost|p2a: Kommo-o|atk|1\n|-boost|p2a: Kommo-o|def|1\n|-boost|p2a: Kommo-o|spa|1\n|-boost|p2a: Kommo-o|spd|1\n|-boost|p2a: Kommo-o|spe|1\n|-damage|p2a: Kommo-o|23\/100 psn\n|move|p1b: Toxapex|Venoshock|p2a: Kommo-o\n|-immune|p2a: Kommo-o\n|\n|-damage|p2a: Kommo-o|10\/100 psn|[from] psn\n|upkeep\n|turn|3\n|\n|t:|1699849895\n|move|p1a: Salazzle|Protect||[still]\n|-fail|p1a: Salazzle\n|move|p1b: Toxapex|Baneful Bunker|p1b: Toxapex\n|-singleturn|p1b: Toxapex|move: Protect\n|move|p2b: Flamigo|Close Combat|p1a: Salazzle\n|-resisted|p1a: Salazzle\n|-damage|p1a: Salazzle|17\/100\n|-unboost|p2b: Flamigo|def|1\n|-unboost|p2b: Flamigo|spd|1\n|-enditem|p1a: Salazzle|Eject Button\n|-damage|p2b: Flamigo|91\/100|[from] item: Life Orb\n|\n|t:|1699849911\n|switch|p1a: Muk|Muk-Alola, M|100\/100\n|move|p2a: Kommo-o|Clanging Scales|p1b: Toxapex|[spread] p1a\n|-activate|p1b: Toxapex|move: Protect\n|-damage|p1a: Muk|55\/100\n|-unboost|p2a: Kommo-o|def|1\n|\n|-damage|p2a: Kommo-o|0 fnt|[from] psn\n|faint|p2a: Kommo-o\n|upkeep\n|\n|t:|1699849937\n|switch|p2a: Fezandipiti|Fezandipiti, M|100\/100\n|turn|4\n|\n|t:|1699849955\n|move|p2b: Flamigo|Close Combat|p1a: Muk\n|-damage|p1a: Muk|0 fnt\n|-unboost|p2b: Flamigo|def|1\n|-unboost|p2b: Flamigo|spd|1\n|faint|p1a: Muk\n|-damage|p2b: Flamigo|81\/100|[from] item: Life Orb\n|move|p2a: Fezandipiti|Calm Mind|p2a: Fezandipiti\n|-boost|p2a: Fezandipiti|spa|1\n|-boost|p2a: Fezandipiti|spd|1\n|move|p1b: Toxapex|Surf|p2a: Fezandipiti|[spread] p2a,p2b\n|-damage|p2a: Fezandipiti|88\/100\n|-damage|p2b: Flamigo|19\/100\n|\n|-heal|p2a: Fezandipiti|94\/100|[from] item: Leftovers\n|upkeep\n|\n|t:|1699849965\n|switch|p1a: Salazzle|Salazzle, F|17\/100\n|turn|5\n|\n|t:|1699849988\n|move|p1a: Salazzle|Protect|p1a: Salazzle\n|-singleturn|p1a: Salazzle|Protect\n|move|p2b: Flamigo|Roost|p2b: Flamigo\n|-heal|p2b: Flamigo|69\/100\n|-singleturn|p2b: Flamigo|move: Roost\n|move|p2a: Fezandipiti|Dazzling Gleam|p1a: Salazzle|[spread] p1b\n|-activate|p1a: Salazzle|move: Protect\n|-damage|p1b: Toxapex|80\/100\n|move|p1b: Toxapex|Surf|p2a: Fezandipiti|[spread] p2a,p2b\n|-activate|p1a: Salazzle|move: Protect\n|-damage|p2a: Fezandipiti|82\/100\n|-damage|p2b: Flamigo|11\/100\n|\n|-heal|p2a: Fezandipiti|88\/100|[from] item: Leftovers\n|upkeep\n|turn|6\n|\n|t:|1699850024\n|switch|p1a: Gastrodon|Gastrodon, F|100\/100\n|move|p1b: Toxapex|Baneful Bunker|p1b: Toxapex\n|-singleturn|p1b: Toxapex|move: Protect\n|move|p2b: Flamigo|Dual Wingbeat|p1b: Toxapex\n|-activate|p1b: Toxapex|move: Protect\n|-status|p2b: Flamigo|psn\n|move|p2a: Fezandipiti|Dazzling Gleam|p1a: Gastrodon|[spread] p1a\n|-activate|p1b: Toxapex|move: Protect\n|-damage|p1a: Gastrodon|79\/100\n|-status|p1a: Gastrodon|tox|[from] ability: Toxic Chain|[of] p2a: Fezandipiti\n|\n|-heal|p2a: Fezandipiti|94\/100|[from] item: Leftovers\n|-heal|p1a: Gastrodon|85\/100 tox|[from] item: Leftovers\n|-damage|p2b: Flamigo|0 fnt|[from] psn\n|faint|p2b: Flamigo\n|-damage|p1a: Gastrodon|79\/100 tox|[from] psn\n|upkeep\n|\n|t:|1699850034\n|switch|p2b: Hatterene|Hatterene, F|100\/100\n|turn|7\n|\n|t:|1699850067\n|move|p2a: Fezandipiti|Calm Mind|p2a: Fezandipiti\n|-boost|p2a: Fezandipiti|spa|1\n|-boost|p2a: Fezandipiti|spd|1\n|move|p1a: Gastrodon|Surf|p2b: Hatterene|[spread] p1b,p2a,p2b\n|-damage|p1b: Toxapex|54\/100\n|-damage|p2a: Fezandipiti|83\/100\n|-damage|p2b: Hatterene|67\/100\n|move|p1b: Toxapex|Surf|p2b: Hatterene|[spread] p2a,p2b\n|-ability|p1a: Gastrodon|Storm Drain|boost\n|-boost|p1a: Gastrodon|spa|1\n|-damage|p2a: Fezandipiti|74\/100\n|-damage|p2b: Hatterene|43\/100\n|move|p2b: Hatterene|Calm Mind|p2b: Hatterene\n|-boost|p2b: Hatterene|spa|1\n|-boost|p2b: Hatterene|spd|1\n|\n|-heal|p2a: Fezandipiti|80\/100|[from] item: Leftovers\n|-heal|p1a: Gastrodon|85\/100 tox|[from] item: Leftovers\n|-damage|p1a: Gastrodon|73\/100 tox|[from] psn\n|upkeep\n|turn|8\n|\n|t:|1699850087\n|move|p2a: Fezandipiti|Dazzling Gleam|p1a: Gastrodon|[spread] p1a,p1b\n|-damage|p1a: Gastrodon|41\/100 tox\n|-damage|p1b: Toxapex|26\/100\n|move|p1a: Gastrodon|Surf|p2b: Hatterene|[spread] p1b,p2a,p2b\n|-damage|p1b: Toxapex|0 fnt\n|-damage|p2a: Fezandipiti|62\/100\n|-damage|p2b: Hatterene|12\/100\n|faint|p1b: Toxapex\n|move|p2b: Hatterene|Stored Power|p1a: Gastrodon\n|-damage|p1a: Gastrodon|0 fnt\n|faint|p1a: Gastrodon\n|-damage|p2b: Hatterene|3\/100|[from] item: Life Orb\n|\n|-heal|p2a: Fezandipiti|68\/100|[from] item: Leftovers\n|upkeep\n|\n|t:|1699850098\n|switch|p1a: Raichu|Raichu, F|100\/100\n|switch|p1b: Salazzle|Salazzle, F|17\/100\n|turn|9\n|\n|t:|1699850112\n|move|p1b: Salazzle|Protect|p1b: Salazzle\n|-singleturn|p1b: Salazzle|Protect\n|move|p1a: Raichu|Fake Out|p2b: Hatterene\n|-damage|p2b: Hatterene|0 fnt\n|faint|p2b: Hatterene\n|move|p2a: Fezandipiti|Dazzling Gleam|p1a: Raichu|[spread] p1a\n|-activate|p1b: Salazzle|move: Protect\n|-damage|p1a: Raichu|44\/100\n|\n|-heal|p2a: Fezandipiti|74\/100|[from] item: Leftovers\n|upkeep\n|\n|t:|1699850117\n|switch|p2b: Falinks|Falinks|100\/100\n|turn|10\n|\n|t:|1699850137\n|move|p1b: Salazzle|Flamethrower|p2b: Falinks\n|-damage|p2b: Falinks|32\/100\n|move|p1a: Raichu|Fake Tears|p2b: Falinks\n|-unboost|p2b: Falinks|spd|2\n|-ability|p2b: Falinks|Defiant|boost\n|-boost|p2b: Falinks|atk|2\n|move|p2b: Falinks|No Retreat|p2b: Falinks\n|-boost|p2b: Falinks|atk|1\n|-boost|p2b: Falinks|def|1\n|-boost|p2b: Falinks|spa|1\n|-boost|p2b: Falinks|spd|1\n|-boost|p2b: Falinks|spe|1\n|-start|p2b: Falinks|move: No Retreat\n|move|p2a: Fezandipiti|Dazzling Gleam|p1a: Raichu|[spread] p1a,p1b\n|-resisted|p1b: Salazzle\n|-crit|p1b: Salazzle\n|-damage|p1a: Raichu|0 fnt\n|-damage|p1b: Salazzle|0 fnt\n|faint|p1a: Raichu\n|faint|p1b: Salazzle\n|\n|-heal|p2a: Fezandipiti|80\/100|[from] item: Leftovers\n|upkeep\n|\n|t:|1699850143\n|switch|p1a: Staraptor|Staraptor, M|100\/100\n|-ability|p1a: Staraptor|Intimidate|boost\n|-unboost|p2a: Fezandipiti|atk|1\n|-unboost|p2b: Falinks|atk|1\n|-ability|p2b: Falinks|Defiant|boost\n|-boost|p2b: Falinks|atk|2\n|turn|11\n|\n|t:|1699850150\n|move|p1a: Staraptor|Quick Attack|p2b: Falinks\n|-damage|p2b: Falinks|16\/100\n|move|p2b: Falinks|Rock Slide|p1a: Staraptor\n|-supereffective|p1a: Staraptor\n|-damage|p1a: Staraptor|0 fnt\n|faint|p1a: Staraptor\n|\n|win|pbone__17\n","uploadtime":1699850155,"views":10,"p1id":"samotheus","p2id":"pbone17","formatid":"gen9nationaldexdoubles","rating":0,"private":0,"password":""}