{"id":"gen9nationaldexdoubles-1974578272","p1":"Ratop","p2":"sdgbadbg","format":"[Gen 9] National Dex Doubles","log":"|j|\u2606Ratop\n|j|\u2606sdgbadbg\n|t:|1698099114\n|gametype|doubles\n|player|p1|Ratop|artist|1169\n|player|p2|sdgbadbg|lucas|1189\n|teamsize|p1|6\n|teamsize|p2|6\n|gen|9\n|tier|[Gen 9] National Dex Doubles\n|rated|\n|rule|HP Percentage Mod: HP is shown in percentages\n|rule|Endless Battle Clause: Forcing endless battles is banned\n|rule|OHKO Clause: OHKO moves are banned\n|rule|Evasion Moves Clause: Evasion moves are banned\n|rule|Evasion Abilities Clause: Evasion abilities are banned\n|rule|Species Clause: Limit one of each Pok\u00e9mon\n|rule|Gravity Sleep Clause: The combination of sleep-inducing moves with imperfect accuracy and Gravity or Gigantamax Orbeetle are banned\n|clearpoke\n|poke|p1|Abomasnow, F|\n|poke|p1|Chien-Pao|\n|poke|p1|Ninetales-Alola, F|\n|poke|p1|Baxcalibur, F|\n|poke|p1|Mamoswine, F|\n|poke|p1|Glalie, M|\n|poke|p2|Indeedee-F, F|\n|poke|p2|Oranguru, F|\n|poke|p2|Glastrier|\n|poke|p2|Hoopa-Unbound|\n|poke|p2|Ursaluna, F|\n|poke|p2|Zygarde|\n|teampreview\n|\n|t:|1698099160\n|start\n|switch|p1a: Glalie|Glalie, M|100\/100\n|switch|p1b: Ninetales|Ninetales-Alola, F|100\/100\n|switch|p2a: Hoopa|Hoopa-Unbound|100\/100\n|switch|p2b: Zygarde|Zygarde|100\/100\n|-weather|Snow|[from] ability: Snow Warning|[of] p1b: Ninetales\n|-ability|p2b: Zygarde|Aura Break\n|turn|1\n|\n|t:|1698099185\n|detailschange|p1a: Glalie|Glalie-Mega, M\n|-mega|p1a: Glalie|Glalie|Glalitite\n|-terastallize|p2b: Zygarde|Steel\n|move|p1b: Ninetales|Aurora Veil|p1b: Ninetales\n|-sidestart|p1: Ratop|move: Aurora Veil\n|move|p1a: Glalie|Explosion|p2a: Hoopa|[spread] p1b,p2a,p2b\n|-resisted|p1b: Ninetales\n|-resisted|p2b: Zygarde\n|-damage|p1b: Ninetales|61\/100\n|-damage|p2a: Hoopa|0 fnt\n|-damage|p2b: Zygarde|65\/100\n|faint|p1a: Glalie\n|faint|p2a: Hoopa\n|move|p2b: Zygarde|Coil|p2b: Zygarde\n|-boost|p2b: Zygarde|atk|1\n|-boost|p2b: Zygarde|def|1\n|-boost|p2b: Zygarde|accuracy|1\n|\n|-weather|Snow|[upkeep]\n|upkeep\n|\n|t:|1698099207\n|switch|p1a: Mamoswine|Mamoswine, F|100\/100\n|switch|p2a: Indeedee|Indeedee-F, F|100\/100\n|-fieldstart|move: Psychic Terrain|[from] ability: Psychic Surge|[of] p2a: Indeedee\n|turn|2\n|\n|t:|1698099218\n|move|p2b: Zygarde|Protect|p2b: Zygarde\n|-singleturn|p2b: Zygarde|Protect\n|move|p1b: Ninetales|Blizzard|p2a: Indeedee|[spread] p2a\n|-activate|p2b: Zygarde|move: Protect\n|-damage|p2a: Indeedee|67\/100\n|-status|p2a: Indeedee|frz\n|-damage|p1b: Ninetales|51\/100|[from] item: Life Orb\n|move|p1a: Mamoswine|Stomping Tantrum|p2b: Zygarde\n|-activate|p2b: Zygarde|move: Protect\n|cant|p2a: Indeedee|frz\n|\n|-weather|Snow|[upkeep]\n|upkeep\n|turn|3\n|\n|t:|1698099237\n|move|p1b: Ninetales|Blizzard|p2b: Zygarde|[spread] p2a,p2b\n|-resisted|p2b: Zygarde\n|-damage|p2a: Indeedee|33\/100 frz\n|-damage|p2b: Zygarde|53\/100\n|-damage|p1b: Ninetales|41\/100|[from] item: Life Orb\n|move|p1a: Mamoswine|Stomping Tantrum|p2b: Zygarde\n|-supereffective|p2b: Zygarde\n|-damage|p2b: Zygarde|14\/100\n|move|p2b: Zygarde|Thousand Arrows|p1a: Mamoswine|[spread] p1a,p1b\n|-damage|p1a: Mamoswine|83\/100\n|-damage|p1b: Ninetales|17\/100\n|-curestatus|p2a: Indeedee|frz|[msg]\n|move|p2a: Indeedee|Trick Room|p2a: Indeedee\n|-fieldstart|move: Trick Room|[of] p2a: Indeedee\n|-enditem|p2b: Zygarde|Room Service\n|-unboost|p2b: Zygarde|spe|1|[from] item: Room Service\n|\n|-weather|Snow|[upkeep]\n|upkeep\n|turn|4\n|\n|t:|1698099263\n|move|p2b: Zygarde|Thousand Arrows|p1a: Mamoswine|[spread] p1a,p1b\n|-damage|p1a: Mamoswine|65\/100\n|-damage|p1b: Ninetales|0 fnt\n|faint|p1b: Ninetales\n|move|p2a: Indeedee|Heal Pulse|p2b: Zygarde\n|-heal|p2b: Zygarde|64\/100\n|move|p1a: Mamoswine|Stomping Tantrum|p2b: Zygarde\n|-supereffective|p2b: Zygarde\n|-damage|p2b: Zygarde|24\/100\n|\n|-weather|Snow|[upkeep]\n|upkeep\n|\n|t:|1698099275\n|switch|p1b: Baxcalibur|Baxcalibur, F|100\/100\n|turn|5\n|inactive|Battle timer is ON: inactive players will automatically lose when time's up. (requested by sdgbadbg)\n|\n|t:|1698099285\n|-terastallize|p1b: Baxcalibur|Dragon\n|move|p2b: Zygarde|Thousand Arrows|p1b: Baxcalibur|[spread] p1a,p1b\n|-damage|p1a: Mamoswine|49\/100\n|-damage|p1b: Baxcalibur|77\/100\n|move|p2a: Indeedee|Heal Pulse|p2b: Zygarde\n|-heal|p2b: Zygarde|74\/100\n|move|p1a: Mamoswine|Stomping Tantrum|p2b: Zygarde\n|-supereffective|p2b: Zygarde\n|-damage|p2b: Zygarde|34\/100\n|move|p1b: Baxcalibur|Scale Shot|p2a: Indeedee\n|-damage|p2a: Indeedee|12\/100\n|-damage|p2a: Indeedee|0 fnt\n|faint|p2a: Indeedee\n|-hitcount|p2: Indeedee|2\n|-unboost|p1b: Baxcalibur|def|1\n|-boost|p1b: Baxcalibur|spe|1\n|\n|-weather|none\n|-sideend|p1: Ratop|move: Aurora Veil\n|upkeep\n|inactive|sdgbadbg has 120 seconds left.\n|\n|t:|1698099330\n|switch|p2a: Glastrier|Glastrier|100\/100\n|turn|6\n|\n|t:|1698099338\n|move|p1b: Baxcalibur|Protect|p1b: Baxcalibur\n|-singleturn|p1b: Baxcalibur|Protect\n|move|p2a: Glastrier|Icicle Spear|p1b: Baxcalibur\n|-activate|p1b: Baxcalibur|move: Protect\n|move|p2b: Zygarde|Thousand Arrows|p1b: Baxcalibur|[spread] p1a\n|-activate|p1b: Baxcalibur|move: Protect\n|-damage|p1a: Mamoswine|12\/100\n|-enditem|p1a: Mamoswine|Figy Berry|[eat]\n|-heal|p1a: Mamoswine|45\/100|[from] item: Figy Berry\n|move|p1a: Mamoswine|Stone Edge|p2a: Glastrier\n|-supereffective|p2a: Glastrier\n|-damage|p2a: Glastrier|52\/100\n|\n|-fieldend|move: Psychic Terrain\n|upkeep\n|turn|7\n|\n|t:|1698099355\n|switch|p1b: Abomasnow|Abomasnow, F|100\/100\n|-weather|Snow|[from] ability: Snow Warning|[of] p1b: Abomasnow\n|move|p2a: Glastrier|Icicle Spear|p1b: Abomasnow\n|-damage|p1b: Abomasnow|89\/100\n|-damage|p1b: Abomasnow|76\/100\n|-damage|p1b: Abomasnow|65\/100\n|-damage|p1b: Abomasnow|54\/100\n|-hitcount|p1b: Abomasnow|4\n|move|p2b: Zygarde|Thousand Arrows|p1b: Abomasnow|[spread] p1a,p1b\n|-resisted|p1b: Abomasnow\n|-damage|p1a: Mamoswine|18\/100\n|-damage|p1b: Abomasnow|40\/100\n|move|p1a: Mamoswine|Stone Edge|p2a: Glastrier|[miss]\n|-miss|p1a: Mamoswine|p2a: Glastrier\n|\n|-weather|Snow|[upkeep]\n|-fieldend|move: Trick Room\n|upkeep\n|turn|8\n|inactive|sdgbadbg has 120 seconds left.\n|\n|t:|1698099386\n|move|p1a: Mamoswine|Stone Edge|p2a: Glastrier|[miss]\n|-miss|p1a: Mamoswine|p2a: Glastrier\n|move|p1b: Abomasnow|Earth Power|p2b: Zygarde\n|-supereffective|p2b: Zygarde\n|-damage|p2b: Zygarde|0 fnt\n|faint|p2b: Zygarde\n|move|p2a: Glastrier|Icicle Spear|p1b: Abomasnow\n|-damage|p1b: Abomasnow|28\/100\n|-damage|p1b: Abomasnow|17\/100\n|-damage|p1b: Abomasnow|4\/100\n|-damage|p1b: Abomasnow|0 fnt\n|faint|p1b: Abomasnow\n|-ability|p2a: Glastrier|Chilling Neigh|boost\n|-boost|p2a: Glastrier|atk|1\n|-hitcount|p1: Abomasnow|4\n|\n|-weather|Snow|[upkeep]\n|upkeep\n|\n|t:|1698099400\n|switch|p2b: Oranguru|Oranguru, F|100\/100\n|switch|p1b: Chien-Pao|Chien-Pao|100\/100\n|-ability|p1b: Chien-Pao|Sword of Ruin\n|turn|9\n|\n|t:|1698099415\n|move|p2a: Glastrier|Protect|p2a: Glastrier\n|-singleturn|p2a: Glastrier|Protect\n|move|p1b: Chien-Pao|Icicle Crash|p2b: Oranguru\n|-damage|p2b: Oranguru|61\/100\n|move|p1a: Mamoswine|Icicle Spear|p2b: Oranguru\n|-damage|p2b: Oranguru|47\/100\n|-damage|p2b: Oranguru|34\/100\n|-damage|p2b: Oranguru|20\/100\n|-hitcount|p2b: Oranguru|3\n|move|p2b: Oranguru|Trick Room|p2b: Oranguru\n|-fieldstart|move: Trick Room|[of] p2b: Oranguru\n|\n|-weather|Snow|[upkeep]\n|upkeep\n|turn|10\n|\n|t:|1698099444\n|move|p2a: Glastrier|Double Kick|p1a: Mamoswine\n|-supereffective|p1a: Mamoswine\n|-damage|p1a: Mamoswine|0 fnt\n|faint|p1a: Mamoswine\n|-ability|p2a: Glastrier|Chilling Neigh|boost\n|-boost|p2a: Glastrier|atk|1\n|-hitcount|p1: Mamoswine|1\n|move|p2b: Oranguru|Instruct|p2a: Glastrier\n|-singleturn|p2a: Glastrier|move: Instruct|[of] p2b: Oranguru\n|move|p2a: Glastrier|Double Kick|p1b: Chien-Pao\n|-supereffective|p1b: Chien-Pao\n|-damage|p1b: Chien-Pao|17\/100\n|-supereffective|p1b: Chien-Pao\n|-damage|p1b: Chien-Pao|0 fnt\n|faint|p1b: Chien-Pao\n|-ability|p2a: Glastrier|Chilling Neigh|boost\n|-boost|p2a: Glastrier|atk|1\n|-hitcount|p1: Chien-Pao|2\n|\n|-weather|Snow|[upkeep]\n|upkeep\n|-message|Ratop forfeited.\n|\n|win|sdgbadbg\n|raw|Ratop's rating: 1169 &rarr; <strong>1145<\/strong><br \/>(-24 for losing)\n|raw|sdgbadbg's rating: 1189 &rarr; <strong>1213<\/strong><br \/>(+24 for winning)\n|l|\u2606Ratop\n","uploadtime":1698099473,"views":4,"p1id":"ratop","p2id":"sdgbadbg","formatid":"gen9nationaldexdoubles","rating":1145,"private":0,"password":""}