{"id":"gen9nationaldexdoubles-1973027878","p1":"leoprro","p2":"toobionest","format":"[Gen 9] National Dex Doubles","log":"|j|\u2606leoprro\n|j|\u2606toobionest\n|t:|1697919915\n|gametype|doubles\n|player|p1|leoprro|red|1090\n|player|p2|toobionest|ghetsis|1031\n|teamsize|p1|6\n|teamsize|p2|6\n|gen|9\n|tier|[Gen 9] National Dex Doubles\n|rated|\n|rule|HP Percentage Mod: HP is shown in percentages\n|rule|Endless Battle Clause: Forcing endless battles is banned\n|rule|OHKO Clause: OHKO moves are banned\n|rule|Evasion Moves Clause: Evasion moves are banned\n|rule|Evasion Abilities Clause: Evasion abilities are banned\n|rule|Species Clause: Limit one of each Pok\u00e9mon\n|rule|Gravity Sleep Clause: The combination of sleep-inducing moves with imperfect accuracy and Gravity or Gigantamax Orbeetle are banned\n|clearpoke\n|poke|p1|Cryogonal|\n|poke|p1|Beartic, M|\n|poke|p1|Baxcalibur, M|\n|poke|p1|Eiscue, F|\n|poke|p1|Ninetales-Alola, F|\n|poke|p1|Cetitan, M|\n|poke|p2|Sinistcha|\n|poke|p2|Stonjourner, F|\n|poke|p2|Sableye, M|\n|poke|p2|Cresselia, F|\n|poke|p2|Pidgeot, M|\n|poke|p2|Ursaluna-Bloodmoon, M|\n|teampreview\n|inactive|Battle timer is ON: inactive players will automatically lose when time's up. (requested by toobionest)\n|c|\u2606toobionest|oh brother what is this guy doin\n|\n|t:|1697919927\n|start\n|switch|p1a: Ninetales|Ninetales-Alola, F|100\/100\n|switch|p1b: Cetitan|Cetitan, M|100\/100\n|switch|p2a: Pidgeot|Pidgeot, M|100\/100\n|switch|p2b: Stonjourner|Stonjourner, F|100\/100\n|-weather|Snow|[from] ability: Snow Warning|[of] p1a: Ninetales\n|turn|1\n|\n|t:|1697919940\n|detailschange|p2a: Pidgeot|Pidgeot-Mega, M\n|-mega|p2a: Pidgeot|Pidgeot|Pidgeotite\n|move|p1b: Cetitan|Belly Drum|p1b: Cetitan\n|-damage|p1b: Cetitan|50\/100\n|-setboost|p1b: Cetitan|atk|6|[from] move: Belly Drum\n|-enditem|p1b: Cetitan|Sitrus Berry|[eat]\n|-heal|p1b: Cetitan|75\/100|[from] item: Sitrus Berry\n|move|p2a: Pidgeot|Heat Wave|p1b: Cetitan|[spread] p1a,p1b\n|-supereffective|p1a: Ninetales\n|-supereffective|p1b: Cetitan\n|-damage|p1a: Ninetales|28\/100\n|-damage|p1b: Cetitan|0 fnt\n|faint|p1b: Cetitan\n|move|p1a: Ninetales|Aurora Veil|p1a: Ninetales\n|-sidestart|p1: leoprro|move: Aurora Veil\n|move|p2b: Stonjourner|Heavy Slam|p1a: Ninetales\n|-supereffective|p1a: Ninetales\n|-damage|p1a: Ninetales|0 fnt\n|faint|p1a: Ninetales\n|\n|-weather|Snow|[upkeep]\n|upkeep\n|\n|t:|1697919965\n|switch|p1a: Cryogonal|Cryogonal|100\/100\n|switch|p1b: Beartic|Beartic, M|100\/100\n|turn|2\n|inactive|toobionest has 120 seconds left.\n|\n|t:|1697919997\n|-terastallize|p1b: Beartic|Ground\n|move|p1b: Beartic|Bulk Up|p1b: Beartic\n|-boost|p1b: Beartic|atk|1\n|-boost|p1b: Beartic|def|1\n|move|p2a: Pidgeot|Heat Wave|p1a: Cryogonal|[spread] p1a,p1b\n|-supereffective|p1a: Cryogonal\n|-damage|p1a: Cryogonal|71\/100\n|-damage|p1b: Beartic|72\/100\n|move|p1a: Cryogonal|Light Screen|p1a: Cryogonal\n|-sidestart|p1: leoprro|move: Light Screen\n|move|p2b: Stonjourner|Heat Crash|p1b: Beartic\n|-damage|p1b: Beartic|64\/100\n|\n|-weather|Snow|[upkeep]\n|-heal|p1b: Beartic|70\/100|[from] item: Leftovers\n|upkeep\n|turn|3\n|\n|t:|1697920011\n|move|p1b: Beartic|Trailblaze|p2b: Stonjourner\n|-supereffective|p2b: Stonjourner\n|-damage|p2b: Stonjourner|73\/100\n|-boost|p1b: Beartic|spe|1\n|move|p2a: Pidgeot|Hurricane|p1b: Beartic\n|-damage|p1b: Beartic|10\/100\n|move|p1a: Cryogonal|Reflect|p1a: Cryogonal\n|-sidestart|p1: leoprro|Reflect\n|move|p2b: Stonjourner|Heat Crash|p1b: Beartic\n|-damage|p1b: Beartic|1\/100\n|\n|-weather|Snow|[upkeep]\n|-heal|p1b: Beartic|7\/100|[from] item: Leftovers\n|-heal|p2b: Stonjourner|79\/100|[from] item: Leftovers\n|upkeep\n|turn|4\n|\n|t:|1697920030\n|move|p1b: Beartic|Ice Punch|p2a: Pidgeot\n|-supereffective|p2a: Pidgeot\n|-damage|p2a: Pidgeot|0 fnt\n|faint|p2a: Pidgeot\n|move|p1a: Cryogonal|Rapid Spin|p2b: Stonjourner\n|-resisted|p2b: Stonjourner\n|-damage|p2b: Stonjourner|78\/100\n|-boost|p1a: Cryogonal|spe|1\n|move|p2b: Stonjourner|Heat Crash|p1b: Beartic\n|-damage|p1b: Beartic|0 fnt\n|faint|p1b: Beartic\n|\n|-weather|Snow|[upkeep]\n|-heal|p2b: Stonjourner|84\/100|[from] item: Leftovers\n|upkeep\n|\n|t:|1697920049\n|switch|p2a: Ursaluna|Ursaluna-Bloodmoon, M|100\/100\n|switch|p1b: Eiscue|Eiscue, F|100\/100\n|turn|5\n|\n|t:|1697920066\n|-terastallize|p2a: Ursaluna|Water\n|move|p1a: Cryogonal|Rapid Spin|p2a: Ursaluna\n|-damage|p2a: Ursaluna|96\/100\n|-boost|p1a: Cryogonal|spe|1\n|move|p1b: Eiscue|Substitute|p1b: Eiscue\n|-start|p1b: Eiscue|Substitute\n|-damage|p1b: Eiscue|75\/100\n|move|p2b: Stonjourner|Heat Crash|p1b: Eiscue\n|-supereffective|p1b: Eiscue\n|-end|p1b: Eiscue|Substitute\n|move|p2a: Ursaluna|Blood Moon|p1a: Cryogonal\n|-damage|p1a: Cryogonal|21\/100\n|\n|-weather|none\n|-heal|p2b: Stonjourner|90\/100|[from] item: Leftovers\n|upkeep\n|turn|6\n|\n|t:|1697920091\n|move|p1a: Cryogonal|Rapid Spin|p2a: Ursaluna\n|-damage|p2a: Ursaluna|91\/100\n|-boost|p1a: Cryogonal|spe|1\n|move|p1b: Eiscue|Belly Drum|p1b: Eiscue\n|-damage|p1b: Eiscue|25\/100\n|-setboost|p1b: Eiscue|atk|6|[from] move: Belly Drum\n|-enditem|p1b: Eiscue|Salac Berry|[eat]\n|-boost|p1b: Eiscue|spe|1|[from] item: Salac Berry\n|move|p2b: Stonjourner|Heat Crash|p1b: Eiscue\n|-activate|p1b: Eiscue|ability: Ice Face\n|-damage|p1b: Eiscue|25\/100\n|detailschange|p1b: Eiscue|Eiscue-Noice, F\n|move|p2a: Ursaluna|Moonblast|p1a: Cryogonal\n|-damage|p1a: Cryogonal|0 fnt\n|faint|p1a: Cryogonal\n|\n|-heal|p2b: Stonjourner|97\/100|[from] item: Leftovers\n|upkeep\n|\n|t:|1697920108\n|switch|p1a: Baxcalibur|Baxcalibur, M|100\/100\n|turn|7\n|\n|t:|1697920116\n|move|p2a: Ursaluna|Vacuum Wave|p1b: Eiscue\n|-supereffective|p1b: Eiscue\n|-damage|p1b: Eiscue|0 fnt\n|faint|p1b: Eiscue\n|move|p1a: Baxcalibur|Dragon Dance|p1a: Baxcalibur\n|-boost|p1a: Baxcalibur|atk|1\n|-boost|p1a: Baxcalibur|spe|1\n|move|p2b: Stonjourner|Heavy Slam|p1a: Baxcalibur\n|-supereffective|p1a: Baxcalibur\n|-damage|p1a: Baxcalibur|79\/100\n|\n|-heal|p2b: Stonjourner|100\/100|[from] item: Leftovers\n|upkeep\n|turn|8\n|\n|t:|1697920130\n|move|p1a: Baxcalibur|Icicle Spear|p2a: Ursaluna\n|-resisted|p2a: Ursaluna\n|-damage|p2a: Ursaluna|84\/100\n|-resisted|p2a: Ursaluna\n|-damage|p2a: Ursaluna|78\/100\n|-resisted|p2a: Ursaluna\n|-damage|p2a: Ursaluna|70\/100\n|-resisted|p2a: Ursaluna\n|-damage|p2a: Ursaluna|62\/100\n|-hitcount|p2a: Ursaluna|4\n|move|p2b: Stonjourner|Heavy Slam|p1a: Baxcalibur\n|-supereffective|p1a: Baxcalibur\n|-damage|p1a: Baxcalibur|57\/100\n|move|p2a: Ursaluna|Blood Moon|p1a: Baxcalibur\n|-damage|p1a: Baxcalibur|0 fnt\n|faint|p1a: Baxcalibur\n|\n|win|toobionest\n|raw|leoprro's rating: 1090 &rarr; <strong>1063<\/strong><br \/>(-27 for losing)\n|raw|toobionest's rating: 1031 &rarr; <strong>1072<\/strong><br \/>(+41 for winning)\n|l|\u2606leoprro\n","uploadtime":1697920166,"views":9,"p1id":"leoprro","p2id":"toobionest","formatid":"gen9nationaldexdoubles","rating":1063,"private":0,"password":""}