{"id":"gen9nationaldexdoubles-1990010204","p1":"Inkubone","p2":"fumbari 24","format":"[Gen 9] National Dex Doubles","log":"|j|\u2606Inkubone\n|j|\u2606fumbari 24\n|t:|1699915064\n|gametype|doubles\n|player|p1|Inkubone|yellow|1418\n|player|p2|fumbari 24|hilbert|1336\n|teamsize|p1|6\n|teamsize|p2|6\n|gen|9\n|tier|[Gen 9] National Dex Doubles\n|rated|\n|rule|HP Percentage Mod: HP is shown in percentages\n|rule|Endless Battle Clause: Forcing endless battles is banned\n|rule|OHKO Clause: OHKO moves are banned\n|rule|Evasion Moves Clause: Evasion moves are banned\n|rule|Evasion Abilities Clause: Evasion abilities are banned\n|rule|Species Clause: Limit one of each Pok\u00e9mon\n|rule|Gravity Sleep Clause: The combination of sleep-inducing moves with imperfect accuracy and Gravity or Gigantamax Orbeetle are banned\n|clearpoke\n|poke|p1|Kingambit, M|\n|poke|p1|Bisharp, M|\n|poke|p1|Togetic, M|\n|poke|p1|Togekiss, F|\n|poke|p1|Sneasel, M|\n|poke|p1|Sneasler, F|\n|poke|p2|Iron Moth|\n|poke|p2|Tapu Koko|\n|poke|p2|Hariyama, M|\n|poke|p2|Farigiraf, F|\n|poke|p2|Sableye, M|\n|poke|p2|Heracross, M|\n|teampreview\n|l|\u2606Inkubone\n|player|p1|\n|j|\u2606Inkubone\n|player|p1|Inkubone|yellow\n|c|\u2606Inkubone|Hello good luck have fun\n|\n|t:|1699915098\n|start\n|switch|p1a: Sneasel|Sneasel, M|100\/100\n|switch|p1b: Sneasler|Sneasler, F|100\/100\n|switch|p2a: Raiden|Hariyama, M|100\/100\n|switch|p2b: J.H|Farigiraf, F|100\/100\n|turn|1\n|\n|t:|1699915130\n|move|p2a: Raiden|Fake Out|p1b: Sneasler\n|-damage|p1b: Sneasler|77\/100\n|move|p1a: Sneasel|Knock Off|p2b: J.H\n|-supereffective|p2b: J.H\n|-damage|p2b: J.H|36\/100\n|-enditem|p2b: J.H|Throat Spray|[from] move: Knock Off|[of] p1a: Sneasel\n|cant|p1b: Sneasler|flinch\n|move|p2b: J.H|Trick Room|p2b: J.H\n|-fieldstart|move: Trick Room|[of] p2b: J.H\n|\n|-status|p2a: Raiden|brn|[from] item: Flame Orb\n|upkeep\n|turn|2\n|l|\u2606fumbari 24\n|player|p2|\n|j|\u2606fumbari 24\n|player|p2|fumbari 24|hilbert\n|\n|t:|1699915160\n|switch|p1a: Togetic|Togetic, M|100\/100\n|move|p2a: Raiden|Drain Punch|p1a: Togetic\n|-resisted|p1a: Togetic\n|-damage|p1a: Togetic|91\/100\n|move|p2b: J.H|Twin Beam|p1b: Sneasler\n|-supereffective|p1b: Sneasler\n|-damage|p1b: Sneasler|0 fnt\n|faint|p1b: Sneasler\n|-hitcount|p1: Sneasler|1\n|\n|-damage|p2a: Raiden|94\/100 brn|[from] brn\n|upkeep\n|\n|t:|1699915172\n|switch|p1b: Togekiss|Togekiss, F|100\/100\n|turn|3\n|\n|t:|1699915187\n|-terastallize|p2a: Raiden|Fire\n|move|p2a: Raiden|Fire Punch|p1b: Togekiss\n|-damage|p1b: Togekiss|50\/100\n|-status|p1b: Togekiss|brn\n|move|p1a: Togetic|Draining Kiss|p2a: Raiden\n|-resisted|p2a: Raiden\n|-damage|p2a: Raiden|88\/100 brn\n|-heal|p1a: Togetic|98\/100|[from] drain|[of] p2a: Raiden\n|move|p2b: J.H|Twin Beam|p1b: Togekiss\n|-damage|p1b: Togekiss|36\/100 brn\n|-damage|p1b: Togekiss|22\/100 brn\n|-hitcount|p1b: Togekiss|2\n|move|p1b: Togekiss|Dazzling Gleam|p2b: J.H|[spread] p2a,p2b\n|-resisted|p2a: Raiden\n|-damage|p2a: Raiden|74\/100 brn\n|-damage|p2b: J.H|8\/100\n|\n|-heal|p1b: Togekiss|28\/100 brn|[from] item: Leftovers\n|-damage|p2a: Raiden|67\/100 brn|[from] brn\n|-damage|p1b: Togekiss|22\/100 brn|[from] brn\n|upkeep\n|turn|4\n|\n|t:|1699915211\n|move|p2a: Raiden|Fire Punch|p1b: Togekiss\n|-damage|p1b: Togekiss|0 fnt\n|faint|p1b: Togekiss\n|move|p1a: Togetic|Draining Kiss|p2b: J.H\n|-damage|p2b: J.H|0 fnt\n|-heal|p1a: Togetic|100\/100|[from] drain|[of] p2b: J.H\n|faint|p2b: J.H\n|\n|-damage|p2a: Raiden|61\/100 brn|[from] brn\n|upkeep\n|\n|t:|1699915221\n|switch|p2b: Yami|Sableye, M|100\/100\n|switch|p1b: Sneasel|Sneasel, M|100\/100\n|turn|5\n|\n|t:|1699915230\n|move|p2b: Yami|Fake Out|p1b: Sneasel\n|-damage|p1b: Sneasel|83\/100\n|move|p1b: Sneasel|Fake Out|p2a: Raiden\n|-enditem|p1b: Sneasel|Normal Gem|[from] gem\n|-damage|p2a: Raiden|46\/100 brn\n|cant|p2a: Raiden|flinch\n|move|p1a: Togetic|Yawn|p2b: Yami\n|-start|p2b: Yami|move: Yawn|[of] p1a: Togetic\n|\n|-damage|p2a: Raiden|40\/100 brn|[from] brn\n|-fieldend|move: Trick Room\n|upkeep\n|turn|6\n|inactive|Battle timer is ON: inactive players will automatically lose when time's up. (requested by fumbari 24)\n|\n|t:|1699915255\n|switch|p2b: Raijin|Tapu Koko, shiny|100\/100\n|-fieldstart|move: Electric Terrain|[from] ability: Electric Surge|[of] p2b: Raijin\n|move|p1b: Sneasel|Knock Off|p2a: Raiden\n|-damage|p2a: Raiden|3\/100 brn\n|-enditem|p2a: Raiden|Flame Orb|[from] move: Knock Off|[of] p1b: Sneasel\n|move|p1a: Togetic|Draining Kiss|p2b: Raijin\n|-crit|p2b: Raijin\n|-damage|p2b: Raijin|75\/100\n|move|p2a: Raiden|Drain Punch|p1b: Sneasel\n|-supereffective|p1b: Sneasel\n|-damage|p1b: Sneasel|0 fnt\n|-heal|p2a: Raiden|27\/100 brn|[from] drain|[of] p1b: Sneasel\n|faint|p1b: Sneasel\n|\n|-damage|p2a: Raiden|20\/100 brn|[from] brn\n|upkeep\n|\n|t:|1699915270\n|switch|p1b: Bisharp|Bisharp, M, shiny|100\/100\n|turn|7\n|inactive|fumbari 24 has 120 seconds left.\n|\n|t:|1699915319\n|move|p1b: Bisharp|Sucker Punch|p2a: Raiden\n|-damage|p2a: Raiden|0 fnt\n|faint|p2a: Raiden\n|move|p2b: Raijin|Volt Switch|p1a: Togetic\n|-supereffective|p1a: Togetic\n|-damage|p1a: Togetic|57\/100\n|\n|t:|1699915325\n|switch|p2b: Yami|Sableye, M|100\/100|[from] Volt Switch\n|move|p1a: Togetic|Tailwind|p1a: Togetic\n|-sidestart|p1: Inkubone|move: Tailwind\n|\n|upkeep\n|\n|t:|1699915329\n|switch|p2a: E.V.A|Iron Moth|100\/100\n|-activate|p2a: E.V.A|ability: Quark Drive\n|-start|p2a: E.V.A|quarkdrivespe\n|-enditem|p2a: E.V.A|Electric Seed\n|-boost|p2a: E.V.A|def|1|[from] item: Electric Seed\n|turn|8\n|inactive|fumbari 24 has 120 seconds left.\n|inactive|Inkubone has 120 seconds left.\n|\n|t:|1699915365\n|move|p2b: Yami|Fake Out|p1b: Bisharp\n|-resisted|p1b: Bisharp\n|-damage|p1b: Bisharp|98\/100\n|cant|p1b: Bisharp|flinch\n|move|p2a: E.V.A|Heat Wave|p1b: Bisharp|[spread] p1a,p1b\n|-supereffective|p1b: Bisharp\n|-damage|p1a: Togetic|33\/100\n|-damage|p1b: Bisharp|26\/100\n|move|p1a: Togetic|Draining Kiss|p2b: Yami\n|-supereffective|p2b: Yami\n|-damage|p2b: Yami|67\/100\n|-heal|p1a: Togetic|58\/100|[from] drain|[of] p2b: Yami\n|\n|upkeep\n|turn|9\n|inactive|fumbari 24 has 120 seconds left.\n|\n|t:|1699915390\n|switch|p2b: Raijin|Tapu Koko, shiny|75\/100\n|move|p1b: Bisharp|Sucker Punch|p2a: E.V.A\n|-damage|p2a: E.V.A|63\/100\n|move|p2a: E.V.A|Heat Wave|p1b: Bisharp|[spread] p1a,p1b\n|-crit|p1a: Togetic\n|-supereffective|p1b: Bisharp\n|-damage|p1a: Togetic|27\/100\n|-damage|p1b: Bisharp|0 fnt\n|faint|p1b: Bisharp\n|move|p1a: Togetic|Draining Kiss|p2b: Raijin\n|-damage|p2b: Raijin|57\/100\n|-heal|p1a: Togetic|42\/100|[from] drain|[of] p2b: Raijin\n|\n|upkeep\n|\n|t:|1699915398\n|switch|p1b: Kingambit|Kingambit, M, shiny|100\/100\n|-activate|p1b: Kingambit|ability: Supreme Overlord\n|-start|p1b: Kingambit|fallen4|[silent]\n|turn|10\n|\n|t:|1699915417\n|-terastallize|p1b: Kingambit|Dark\n|move|p2a: E.V.A|Protect|p2a: E.V.A\n|-singleturn|p2a: E.V.A|Protect\n|move|p1b: Kingambit|Sucker Punch||[still]\n|-fail|p1b: Kingambit\n|move|p2b: Raijin|Volt Switch|p1a: Togetic\n|-supereffective|p1a: Togetic\n|-damage|p1a: Togetic|0 fnt\n|faint|p1a: Togetic\n|\n|t:|1699915428\n|switch|p2b: Yami|Sableye, M|67\/100|[from] Volt Switch\n|\n|-sideend|p1: Inkubone|move: Tailwind\n|-fieldend|move: Electric Terrain\n|-end|p2a: E.V.A|Quark Drive\n|upkeep\n|turn|11\n|\n|t:|1699915439\n|move|p2b: Yami|Fake Out|p1b: Kingambit\n|-damage|p1b: Kingambit|95\/100\n|cant|p1b: Kingambit|flinch\n|move|p2a: E.V.A|Acid Spray|p1b: Kingambit\n|-damage|p1b: Kingambit|74\/100\n|-unboost|p1b: Kingambit|spd|2\n|\n|upkeep\n|turn|12\n|-message|Inkubone forfeited.\n|\n|win|fumbari 24\n|raw|Inkubone's rating: 1418 &rarr; <strong>1393<\/strong><br \/>(-25 for losing)\n|raw|fumbari 24's rating: 1336 &rarr; <strong>1361<\/strong><br \/>(+25 for winning)\n|l|\u2606Inkubone\n|j|\u2606Inkubone\n|player|p1|Inkubone|yellow\n","uploadtime":1699915451,"views":7,"p1id":"inkubone","p2id":"fumbari24","formatid":"gen9nationaldexdoubles","rating":1361,"private":0,"password":""}