{"id":"gen9nationaldexdoubles-1981502058","p1":"Sakura the blossom","p2":"TheFinalBass","format":"[Gen 9] National Dex Doubles","log":"|j|\u2606Sakura the blossom\n|j|\u2606TheFinalBass\n|t:|1698907823\n|gametype|doubles\n|player|p1|Sakura the blossom|caitlin|\n|player|p2|TheFinalBass|red|\n|teamsize|p1|6\n|teamsize|p2|6\n|gen|9\n|tier|[Gen 9] National Dex Doubles\n|rule|HP Percentage Mod: HP is shown in percentages\n|rule|Endless Battle Clause: Forcing endless battles is banned\n|rule|OHKO Clause: OHKO moves are banned\n|rule|Evasion Moves Clause: Evasion moves are banned\n|rule|Evasion Abilities Clause: Evasion abilities are banned\n|rule|Species Clause: Limit one of each Pok\u00e9mon\n|rule|Gravity Sleep Clause: The combination of sleep-inducing moves with imperfect accuracy and Gravity or Gigantamax Orbeetle are banned\n|clearpoke\n|poke|p1|Oricorio-Sensu, F|\n|poke|p1|Volcarona, M|\n|poke|p1|Indeedee-F, F|\n|poke|p1|Alakazam, M|\n|poke|p1|Gallade, M|\n|poke|p1|Metagross|\n|poke|p2|Tyranitar, F|\n|poke|p2|Steelix, M|\n|poke|p2|Oranguru, M|\n|poke|p2|Arcanine, F|\n|poke|p2|Sinistcha-Masterpiece|\n|poke|p2|Maushold|\n|teampreview\n|inactive|Battle timer is ON: inactive players will automatically lose when time's up. (requested by Sakura the blossom)\n|\n|t:|1698907836\n|start\n|switch|p1a: Oricorio|Oricorio-Sensu, F, shiny|100\/100\n|switch|p1b: Volcarona|Volcarona, M|100\/100\n|switch|p2a: Tyranitar|Tyranitar, F|100\/100\n|switch|p2b: Oranguru|Oranguru, M|100\/100\n|-weather|Sandstorm|[from] ability: Sand Stream|[of] p2a: Tyranitar\n|turn|1\n|\n|t:|1698907856\n|move|p1a: Oricorio|Protect|p1a: Oricorio\n|-singleturn|p1a: Oricorio|Protect\n|move|p1b: Volcarona|Quiver Dance|p1b: Volcarona\n|-boost|p1b: Volcarona|spa|1\n|-boost|p1b: Volcarona|spd|1\n|-boost|p1b: Volcarona|spe|1\n|-activate|p1a: Oricorio|ability: Dancer\n|move|p1a: Oricorio|Quiver Dance|p1a: Oricorio|[from]ability: Dancer\n|-boost|p1a: Oricorio|spa|1\n|-boost|p1a: Oricorio|spd|1\n|-boost|p1a: Oricorio|spe|1\n|move|p2a: Tyranitar|Pursuit|p1a: Oricorio\n|-activate|p1a: Oricorio|move: Protect\n|move|p2b: Oranguru|Instruct|p2a: Tyranitar\n|-singleturn|p2a: Tyranitar|move: Instruct|[of] p2b: Oranguru\n|\n|-weather|Sandstorm|[upkeep]\n|-damage|p1b: Volcarona|94\/100|[from] Sandstorm\n|-damage|p1a: Oricorio|94\/100|[from] Sandstorm\n|-damage|p2b: Oranguru|94\/100|[from] Sandstorm\n|upkeep\n|turn|2\n|\n|t:|1698907885\n|move|p1b: Volcarona|Bug Buzz|p2a: Tyranitar\n|-supereffective|p2a: Tyranitar\n|-damage|p2a: Tyranitar|15\/100\n|move|p1a: Oricorio|Air Slash|p2a: Tyranitar\n|-resisted|p2a: Tyranitar\n|-crit|p2a: Tyranitar\n|-damage|p2a: Tyranitar|0 fnt\n|faint|p2a: Tyranitar\n|move|p2b: Oranguru|Instruct|p2: Tyranitar|[notarget]\n|-fail|p2b: Oranguru\n|\n|-weather|Sandstorm|[upkeep]\n|-damage|p1b: Volcarona|88\/100|[from] Sandstorm\n|-damage|p1a: Oricorio|88\/100|[from] Sandstorm\n|-damage|p2b: Oranguru|88\/100|[from] Sandstorm\n|upkeep\n|\n|t:|1698907894\n|switch|p2a: Maushold|Maushold|100\/100\n|turn|3\n|\n|t:|1698907906\n|move|p1b: Volcarona|Fiery Dance|p2a: Maushold\n|-damage|p2a: Maushold|23\/100\n|-activate|p1a: Oricorio|ability: Dancer\n|move|p1a: Oricorio|Fiery Dance|p2a: Maushold|[from]ability: Dancer\n|-damage|p2a: Maushold|0 fnt\n|faint|p2a: Maushold\n|move|p1a: Oricorio|Air Slash|p2b: Oranguru\n|-damage|p2b: Oranguru|53\/100\n|move|p2b: Oranguru|Instruct|p2: Maushold|[notarget]\n|-fail|p2b: Oranguru\n|\n|-weather|Sandstorm|[upkeep]\n|-damage|p1b: Volcarona|82\/100|[from] Sandstorm\n|-damage|p1a: Oricorio|82\/100|[from] Sandstorm\n|-damage|p2b: Oranguru|47\/100|[from] Sandstorm\n|upkeep\n|\n|t:|1698907912\n|switch|p2a: Arcanine|Arcanine, F|100\/100\n|-ability|p2a: Arcanine|Intimidate|boost\n|-unboost|p1a: Oricorio|atk|1\n|-unboost|p1b: Volcarona|atk|1\n|turn|4\n|\n|t:|1698907933\n|move|p1b: Volcarona|Fiery Dance|p2a: Arcanine\n|-resisted|p2a: Arcanine\n|-damage|p2a: Arcanine|63\/100\n|-activate|p1a: Oricorio|ability: Dancer\n|move|p1a: Oricorio|Fiery Dance|p2a: Arcanine|[from]ability: Dancer\n|-resisted|p2a: Arcanine\n|-damage|p2a: Arcanine|45\/100\n|-enditem|p2a: Arcanine|Sitrus Berry|[eat]\n|-heal|p2a: Arcanine|70\/100|[from] item: Sitrus Berry\n|move|p1a: Oricorio|Revelation Dance|p2a: Arcanine\n|-damage|p2a: Arcanine|3\/100\n|move|p2a: Arcanine|Snarl|p1a: Oricorio|[spread] p1a,p1b\n|-supereffective|p1a: Oricorio\n|-damage|p1a: Oricorio|58\/100\n|-damage|p1b: Volcarona|74\/100\n|-unboost|p1a: Oricorio|spa|1\n|-unboost|p1b: Volcarona|spa|1\n|move|p2b: Oranguru|Instruct|p2a: Arcanine\n|-singleturn|p2a: Arcanine|move: Instruct|[of] p2b: Oranguru\n|move|p2a: Arcanine|Snarl|p1b: Volcarona|[spread] p1a,p1b\n|-supereffective|p1a: Oricorio\n|-damage|p1a: Oricorio|33\/100\n|-damage|p1b: Volcarona|66\/100\n|-unboost|p1a: Oricorio|spa|1\n|-unboost|p1b: Volcarona|spa|1\n|\n|-weather|Sandstorm|[upkeep]\n|-damage|p1b: Volcarona|60\/100|[from] Sandstorm\n|-damage|p1a: Oricorio|27\/100|[from] Sandstorm\n|-damage|p2a: Arcanine|0 fnt|[from] Sandstorm\n|-damage|p2b: Oranguru|41\/100|[from] Sandstorm\n|faint|p2a: Arcanine\n|upkeep\n|\n|t:|1698907941\n|switch|p2a: Sinistcha|Sinistcha-Masterpiece|100\/100\n|-heal|p2b: Oranguru|66\/100|[from] ability: Hospitality|[of] p2a: Sinistcha\n|turn|5\n|inactive|Sakura the blossom has 270 seconds left.\n|\n|t:|1698907975\n|move|p1a: Oricorio|Protect|p1a: Oricorio\n|-singleturn|p1a: Oricorio|Protect\n|move|p1b: Volcarona|Quiver Dance|p1b: Volcarona\n|-boost|p1b: Volcarona|spa|1\n|-boost|p1b: Volcarona|spd|1\n|-boost|p1b: Volcarona|spe|1\n|-activate|p1a: Oricorio|ability: Dancer\n|move|p1a: Oricorio|Quiver Dance|p1a: Oricorio|[from]ability: Dancer\n|-boost|p1a: Oricorio|spa|1\n|-boost|p1a: Oricorio|spd|1\n|-boost|p1a: Oricorio|spe|1\n|move|p2a: Sinistcha|Hex|p1a: Oricorio\n|-activate|p1a: Oricorio|move: Protect\n|move|p2b: Oranguru|Hyper Voice|p1b: Volcarona|[spread] p1b\n|-activate|p1a: Oricorio|move: Protect\n|-damage|p1b: Volcarona|48\/100\n|\n|-weather|Sandstorm|[upkeep]\n|-damage|p1b: Volcarona|42\/100|[from] Sandstorm\n|-damage|p1a: Oricorio|21\/100|[from] Sandstorm\n|-damage|p2a: Sinistcha|94\/100|[from] Sandstorm\n|-damage|p2b: Oranguru|60\/100|[from] Sandstorm\n|-heal|p2a: Sinistcha|100\/100|[from] item: Leftovers\n|upkeep\n|turn|6\n|inactive|Sakura the blossom has 270 seconds left.\n|\n|t:|1698908011\n|move|p1b: Volcarona|Fiery Dance|p2a: Sinistcha\n|-supereffective|p2a: Sinistcha\n|-damage|p2a: Sinistcha|11\/100\n|-boost|p1b: Volcarona|spa|1\n|-activate|p1a: Oricorio|ability: Dancer\n|move|p1a: Oricorio|Fiery Dance|p2a: Sinistcha|[from]ability: Dancer\n|-supereffective|p2a: Sinistcha\n|-damage|p2a: Sinistcha|0 fnt\n|-boost|p1a: Oricorio|spa|1\n|faint|p2a: Sinistcha\n|move|p1a: Oricorio|Air Slash|p2b: Oranguru\n|-damage|p2b: Oranguru|21\/100\n|move|p2b: Oranguru|Instruct|p2: Sinistcha|[notarget]\n|-fail|p2b: Oranguru\n|\n|-weather|Sandstorm|[upkeep]\n|-damage|p1b: Volcarona|36\/100|[from] Sandstorm\n|-damage|p1a: Oricorio|15\/100|[from] Sandstorm\n|-damage|p2b: Oranguru|15\/100|[from] Sandstorm\n|upkeep\n|\n|t:|1698908014\n|switch|p2a: Steelix|Steelix, M|100\/100\n|turn|7\n|inactive|Sakura the blossom has 270 seconds left.\n|\n|t:|1698908036\n|detailschange|p2a: Steelix|Steelix-Mega, M\n|-mega|p2a: Steelix|Steelix|Steelixite\n|move|p1b: Volcarona|Fiery Dance|p2a: Steelix\n|-supereffective|p2a: Steelix\n|-damage|p2a: Steelix|0 fnt\n|-boost|p1b: Volcarona|spa|1\n|faint|p2a: Steelix\n|-activate|p1a: Oricorio|ability: Dancer\n|move|p1a: Oricorio|Fiery Dance|p2b: Oranguru|[from]ability: Dancer\n|-damage|p2b: Oranguru|0 fnt\n|-boost|p1a: Oricorio|spa|1\n|faint|p2b: Oranguru\n|\n|win|Sakura the blossom\n|l|\u2606TheFinalBass\n","uploadtime":1698908053,"views":10,"p1id":"sakuratheblossom","p2id":"thefinalbass","formatid":"gen9nationaldexdoubles","rating":0,"private":0,"password":""}