{"id":"gen9nationaldexdoubles-1993577804","p1":"Shiny_Hero64","p2":"NoseHairs420","format":"[Gen 9] National Dex Doubles","log":"|j|\u2606Shiny_Hero64\n|j|\u2606NoseHairs420\n|t:|1700333711\n|gametype|doubles\n|player|p1|Shiny_Hero64|n-masters3|\n|player|p2|NoseHairs420|drayden|\n|teamsize|p1|6\n|teamsize|p2|6\n|gen|9\n|tier|[Gen 9] National Dex Doubles\n|rule|HP Percentage Mod: HP is shown in percentages\n|rule|Endless Battle Clause: Forcing endless battles is banned\n|rule|OHKO Clause: OHKO moves are banned\n|rule|Evasion Moves Clause: Evasion moves are banned\n|rule|Evasion Abilities Clause: Evasion abilities are banned\n|rule|Species Clause: Limit one of each Pok\u00e9mon\n|rule|Gravity Sleep Clause: The combination of sleep-inducing moves with imperfect accuracy and Gravity or Gigantamax Orbeetle are banned\n|clearpoke\n|poke|p1|Indeedee-F, F|\n|poke|p1|Chien-Pao|\n|poke|p1|Alakazam, F|\n|poke|p1|Sneasler, M|\n|poke|p1|Ursaluna-Bloodmoon, M|\n|poke|p1|Deoxys-Attack|\n|poke|p2|Sinistcha-Masterpiece|\n|poke|p2|Volcanion|\n|poke|p2|Kingambit, M|\n|poke|p2|Iron Hands|\n|poke|p2|Ursaluna, M|\n|poke|p2|Cresselia, F|\n|teampreview\n|j| Eliminathan\n|inactive|Battle timer is ON: inactive players will automatically lose when time's up. (requested by NoseHairs420)\n|c|\u2606Shiny_Hero64|Bro joined so fast\n|c|\u2606NoseHairs420|Yeah cuz i was alr online like ???\n|inactive|Shiny_Hero64 has 270 seconds left.\n|\n|t:|1700333753\n|start\n|switch|p1a: Indeedee|Indeedee-F, F|100\/100\n|switch|p1b: Sneasler|Sneasler, M|100\/100\n|switch|p2a: hor hor hor hor|Iron Hands|100\/100\n|switch|p2b: Anastasia|Sinistcha-Masterpiece|100\/100\n|-fieldstart|move: Psychic Terrain|[from] ability: Psychic Surge|[of] p1a: Indeedee\n|-enditem|p1b: Sneasler|Psychic Seed\n|-boost|p1b: Sneasler|spd|1|[from] item: Psychic Seed\n|turn|1\n|c|\u2606Shiny_Hero64|I was saying Nate NoseHairs\n|c|\u2606NoseHairs420|oh my b lol\n|c| Eliminathan|the viewing party is here\n|\n|t:|1700333779\n|move|p1a: Indeedee|Helping Hand|p1b: Sneasler\n|-singleturn|p1b: Sneasler|Helping Hand|[of] p1a: Indeedee\n|move|p2a: hor hor hor hor|Fake Out|p1b: Sneasler\n|-activate|p1b: Sneasler|move: Psychic Terrain\n|move|p1b: Sneasler|Dire Claw|p2b: Anastasia\n|-damage|p2b: Anastasia|30\/100\n|move|p2b: Anastasia|Trick Room|p2b: Anastasia\n|-fieldstart|move: Trick Room|[of] p2b: Anastasia\n|\n|upkeep\n|turn|2\n|c|\u2606NoseHairs420|forgor people can view these\n|inactive|NoseHairs420 has 270 seconds left.\n|\n|t:|1700333837\n|switch|p2b: Tsuki|Cresselia, F|100\/100\n|move|p1b: Sneasler|Protect|p1b: Sneasler\n|-singleturn|p1b: Sneasler|Protect\n|move|p2a: hor hor hor hor|Wild Charge|p1b: Sneasler\n|-activate|p1b: Sneasler|move: Protect\n|move|p1a: Indeedee|Trick Room|p1a: Indeedee\n|-fieldend|move: Trick Room\n|\n|upkeep\n|turn|3\n|\n|t:|1700333852\n|move|p1b: Sneasler|Dire Claw|p2b: Tsuki\n|-damage|p2b: Tsuki|75\/100\n|move|p2b: Tsuki|Psychic|p1b: Sneasler\n|-supereffective|p1b: Sneasler\n|-damage|p1b: Sneasler|11\/100\n|-unboost|p1b: Sneasler|spd|1\n|move|p1a: Indeedee|Expanding Force|p2b: Tsuki|[spread] p2a,p2b\n|-supereffective|p2a: hor hor hor hor\n|-resisted|p2b: Tsuki\n|-damage|p2a: hor hor hor hor|59\/100\n|-damage|p2b: Tsuki|64\/100\n|move|p2a: hor hor hor hor|Drain Punch|p1a: Indeedee\n|-damage|p1a: Indeedee|60\/100\n|-heal|p2a: hor hor hor hor|75\/100|[from] drain|[of] p1a: Indeedee\n|\n|-heal|p2b: Tsuki|71\/100|[from] item: Leftovers\n|upkeep\n|turn|4\n|inactive|NoseHairs420 has 270 seconds left.\n|\n|t:|1700333875\n|move|p1a: Indeedee|Follow Me|p1a: Indeedee\n|-singleturn|p1a: Indeedee|move: Follow Me\n|move|p1b: Sneasler|Dire Claw|p2b: Tsuki\n|-damage|p2b: Tsuki|44\/100\n|-status|p2b: Tsuki|psn\n|move|p2b: Tsuki|Psychic|p1a: Indeedee\n|-resisted|p1a: Indeedee\n|-damage|p1a: Indeedee|48\/100\n|move|p2a: hor hor hor hor|Drain Punch|p1a: Indeedee\n|-damage|p1a: Indeedee|7\/100\n|-heal|p2a: hor hor hor hor|90\/100|[from] drain|[of] p1a: Indeedee\n|\n|-heal|p2b: Tsuki|50\/100 psn|[from] item: Leftovers\n|-damage|p2b: Tsuki|38\/100 psn|[from] psn\n|upkeep\n|turn|5\n|\n|t:|1700333898\n|move|p1b: Sneasler|Close Combat|p2a: hor hor hor hor\n|-damage|p2a: hor hor hor hor|39\/100\n|-unboost|p1b: Sneasler|def|1\n|-unboost|p1b: Sneasler|spd|1\n|move|p1a: Indeedee|Expanding Force|p2b: Tsuki|[spread] p2a,p2b\n|-supereffective|p2a: hor hor hor hor\n|-resisted|p2b: Tsuki\n|-damage|p2a: hor hor hor hor|0 fnt\n|-damage|p2b: Tsuki|26\/100 psn\n|faint|p2a: hor hor hor hor\n|-end|p2a: hor hor hor hor|Quark Drive|[silent]\n|move|p2b: Tsuki|Psychic|p1b: Sneasler\n|-supereffective|p1b: Sneasler\n|-damage|p1b: Sneasler|0 fnt\n|faint|p1b: Sneasler\n|\n|-heal|p2b: Tsuki|32\/100 psn|[from] item: Leftovers\n|-damage|p2b: Tsuki|20\/100 psn|[from] psn\n|upkeep\n|\n|t:|1700333919\n|switch|p1b: Deoxys|Deoxys-Attack|100\/100\n|switch|p2a: Tony Tony Chopper|Kingambit, M|100\/100\n|-ability|p1b: Deoxys|Pressure\n|turn|6\n|inactive|NoseHairs420 has 270 seconds left.\n|\n|t:|1700333952\n|switch|p2b: William|Volcanion|100\/100\n|move|p2a: Tony Tony Chopper|Sucker Punch|p1b: Deoxys\n|-activate|p1b: Deoxys|move: Psychic Terrain\n|move|p1b: Deoxys|Superpower|p2a: Tony Tony Chopper\n|-supereffective|p2a: Tony Tony Chopper\n|-damage|p2a: Tony Tony Chopper|0 fnt\n|-unboost|p1b: Deoxys|atk|1\n|-unboost|p1b: Deoxys|def|1\n|faint|p2a: Tony Tony Chopper\n|-damage|p1b: Deoxys|91\/100|[from] item: Life Orb\n|move|p1a: Indeedee|Expanding Force|p2b: William\n|-crit|p2b: William\n|-damage|p2b: William|23\/100\n|\n|upkeep\n|inactive|NoseHairs420 has 270 seconds left.\n|\n|t:|1700333961\n|switch|p2a: Anastasia|Sinistcha-Masterpiece|30\/100\n|-heal|p2b: William|47\/100|[from] ability: Hospitality|[of] p2a: Anastasia\n|turn|7\n|j| TheMoistFetus\n|\n|t:|1700333971\n|move|p1b: Deoxys|Protect|p1b: Deoxys\n|-singleturn|p1b: Deoxys|Protect\n|move|p2a: Anastasia|Rage Powder|p2a: Anastasia\n|-singleturn|p2a: Anastasia|move: Rage Powder\n|move|p1a: Indeedee|Expanding Force|p2b: William|[spread] p2a,p2b\n|-damage|p2a: Anastasia|0 fnt\n|-damage|p2b: William|5\/100\n|faint|p2a: Anastasia\n|move|p2b: William|Heat Wave|p1a: Indeedee|[spread] p1a\n|-activate|p1b: Deoxys|move: Protect\n|-crit|p1a: Indeedee\n|-damage|p1a: Indeedee|0 fnt\n|faint|p1a: Indeedee\n|\n|upkeep\n|\n|t:|1700333989\n|switch|p1a: Alakazam|Alakazam, F|100\/100\n|switch|p2a: Freddy Fazbear|Ursaluna, M|100\/100\n|turn|8\n|\n|t:|1700334000\n|detailschange|p1a: Alakazam|Alakazam-Mega, F\n|-mega|p1a: Alakazam|Alakazam|Alakazite\n|-ability|p1a: Alakazam|Water Absorb|[from] ability: Trace|[of] p2b: William\n|move|p2a: Freddy Fazbear|Protect|p2a: Freddy Fazbear\n|-singleturn|p2a: Freddy Fazbear|Protect\n|move|p1b: Deoxys|Thunderbolt|p2b: William\n|-supereffective|p2b: William\n|-crit|p2b: William\n|-damage|p2b: William|0 fnt\n|faint|p2b: William\n|-damage|p1b: Deoxys|81\/100|[from] item: Life Orb\n|move|p1a: Alakazam|Expanding Force|p2a: Freddy Fazbear\n|-activate|p2a: Freddy Fazbear|move: Protect\n|\n|-fieldend|move: Psychic Terrain\n|-status|p2a: Freddy Fazbear|brn|[from] item: Flame Orb\n|upkeep\n|c|\u2606NoseHairs420|O Cholera\n|c|\u2606NoseHairs420|Czy to Freddy Fazbear?\n|\n|t:|1700334012\n|switch|p2b: Tsuki|Cresselia, F|20\/100 psn\n|turn|9\n|\n|t:|1700334043\n|move|p2b: Tsuki|Helping Hand|p2a: Freddy Fazbear\n|-singleturn|p2a: Freddy Fazbear|Helping Hand|[of] p2b: Tsuki\n|move|p1b: Deoxys|Psycho Boost|p2a: Freddy Fazbear\n|-damage|p2a: Freddy Fazbear|0 fnt\n|-unboost|p1b: Deoxys|spa|2\n|faint|p2a: Freddy Fazbear\n|-damage|p1b: Deoxys|71\/100|[from] item: Life Orb\n|move|p1a: Alakazam|Expanding Force|p2b: Tsuki\n|-resisted|p2b: Tsuki\n|-damage|p2b: Tsuki|4\/100 psn\n|\n|-heal|p2b: Tsuki|10\/100 psn|[from] item: Leftovers\n|-damage|p2b: Tsuki|0 fnt|[from] psn\n|faint|p2b: Tsuki\n|\n|win|Shiny_Hero64\n|upkeep\n|c|\u2606Shiny_Hero64|I\u2019ll get both replays after our set is done\n|c|\u2606NoseHairs420|ok sounds good\n|c|\u2606Shiny_Hero64|i\u2019m just gonna have the tab open\n|l|\u2606NoseHairs420\n|l| TheMoistFetus\n|l|\u2606Shiny_Hero64\n|j|\u2606Shiny_Hero64\n|player|p1|Shiny_Hero64|n-masters3\n","uploadtime":1700334087,"views":37,"p1id":"shinyhero64","p2id":"nosehairs420","formatid":"gen9nationaldexdoubles","rating":0,"private":0,"password":""}