{"id":"gen9nationaldexdoubles-1976070299","p1":"Pixielee","p2":"KingKai2k","format":"[Gen 9] National Dex Doubles","log":"|j|\u2606Pixielee\n|j|\u2606KingKai2k\n|t:|1698261133\n|gametype|doubles\n|player|p1|Pixielee|caitlin|1015\n|player|p2|KingKai2k|2|1035\n|teamsize|p1|6\n|teamsize|p2|5\n|gen|9\n|tier|[Gen 9] National Dex Doubles\n|rated|\n|rule|HP Percentage Mod: HP is shown in percentages\n|rule|Endless Battle Clause: Forcing endless battles is banned\n|rule|OHKO Clause: OHKO moves are banned\n|rule|Evasion Moves Clause: Evasion moves are banned\n|rule|Evasion Abilities Clause: Evasion abilities are banned\n|rule|Species Clause: Limit one of each Pok\u00e9mon\n|rule|Gravity Sleep Clause: The combination of sleep-inducing moves with imperfect accuracy and Gravity or Gigantamax Orbeetle are banned\n|clearpoke\n|poke|p1|Rapidash-Galar, M|\n|poke|p1|Sylveon, F|\n|poke|p1|Primarina, F|\n|poke|p1|Togekiss, M|\n|poke|p1|Mr. Mime, M|\n|poke|p1|Gardevoir, F|\n|poke|p2|Ambipom, M|\n|poke|p2|Swellow, F|\n|poke|p2|Grafaiai, F|\n|poke|p2|Slaking, F|\n|poke|p2|Blastoise, M|\n|teampreview\n|\n|t:|1698261152\n|start\n|switch|p1a: Mr. Mime|Mr. Mime, M|100\/100\n|switch|p1b: Gardevoir|Gardevoir, F, shiny|100\/100\n|switch|p2a: Grafaiai|Grafaiai, F|100\/100\n|switch|p2b: Slaking|Slaking, F|100\/100\n|-item|p2a: Grafaiai|Air Balloon\n|turn|1\n|\n|t:|1698261167\n|move|p2a: Grafaiai|Doodle|p1b: Gardevoir\n|-endability|p2a: Grafaiai|Unburden|[from] move: Doodle\n|-ability|p2a: Grafaiai|Synchronize|[from] move: Doodle\n|-endability|p2b: Slaking|Truant|[from] move: Doodle\n|-ability|p2b: Slaking|Synchronize|[from] move: Doodle\n|move|p2b: Slaking|Bulk Up|p2b: Slaking\n|-boost|p2b: Slaking|atk|1\n|-boost|p2b: Slaking|def|1\n|move|p1a: Mr. Mime|Light Screen|p1a: Mr. Mime\n|-sidestart|p1: Pixielee|move: Light Screen\n|move|p1b: Gardevoir|Calm Mind|p1b: Gardevoir\n|-boost|p1b: Gardevoir|spa|1\n|-boost|p1b: Gardevoir|spd|1\n|\n|upkeep\n|turn|2\n|\n|t:|1698261188\n|move|p2a: Grafaiai|Encore|p1a: Mr. Mime\n|-start|p1a: Mr. Mime|Encore\n|move|p2b: Slaking|Body Slam|p1b: Gardevoir\n|-damage|p1b: Gardevoir|0 fnt\n|faint|p1b: Gardevoir\n|move|p1a: Mr. Mime|Light Screen||[still]\n|-fail|p1a: Mr. Mime\n|\n|upkeep\n|\n|t:|1698261202\n|switch|p1b: Primarina|Primarina, F|100\/100\n|turn|3\n|\n|t:|1698261221\n|move|p1b: Primarina|Baby-Doll Eyes|p2b: Slaking\n|-unboost|p2b: Slaking|atk|1\n|move|p2a: Grafaiai|Knock Off|p1b: Primarina\n|-resisted|p1b: Primarina\n|-damage|p1b: Primarina|86\/100\n|-enditem|p1b: Primarina|Leftovers|[from] move: Knock Off|[of] p2a: Grafaiai\n|move|p2b: Slaking|Body Slam|p1b: Primarina\n|-damage|p1b: Primarina|0 fnt\n|faint|p1b: Primarina\n|move|p1a: Mr. Mime|Light Screen||[still]\n|-fail|p1a: Mr. Mime\n|\n|upkeep\n|\n|t:|1698261236\n|switch|p1b: Togekiss|Togekiss, M|100\/100\n|turn|4\n|\n|t:|1698261247\n|move|p1b: Togekiss|Mystical Fire|p2b: Slaking\n|-damage|p2b: Slaking|78\/100\n|-unboost|p2b: Slaking|spa|1\n|move|p2a: Grafaiai|Doodle|p1b: Togekiss\n|-endability|p2a: Grafaiai|Synchronize|[from] move: Doodle\n|-ability|p2a: Grafaiai|Hustle|[from] move: Doodle\n|-endability|p2b: Slaking|Synchronize|[from] move: Doodle\n|-ability|p2b: Slaking|Hustle|[from] move: Doodle\n|move|p2b: Slaking|Bulk Up|p2b: Slaking\n|-boost|p2b: Slaking|atk|1\n|-boost|p2b: Slaking|def|1\n|move|p1a: Mr. Mime|Light Screen||[still]\n|-fail|p1a: Mr. Mime\n|\n|-end|p1a: Mr. Mime|Encore\n|upkeep\n|turn|5\n|\n|t:|1698261284\n|move|p1b: Togekiss|Mystical Fire|p2b: Slaking\n|-damage|p2b: Slaking|56\/100\n|-unboost|p2b: Slaking|spa|1\n|move|p2a: Grafaiai|Encore|p1a: Mr. Mime\n|-start|p1a: Mr. Mime|Encore\n|move|p2b: Slaking|Body Slam|p1b: Togekiss\n|-damage|p1b: Togekiss|0 fnt\n|faint|p1b: Togekiss\n|move|p1a: Mr. Mime|Light Screen||[still]\n|-fail|p1a: Mr. Mime\n|\n|upkeep\n|\n|t:|1698261298\n|switch|p1b: Sylveon|Sylveon, F|100\/100\n|turn|6\n|\n|t:|1698261312\n|move|p2a: Grafaiai|Knock Off|p1b: Sylveon\n|-resisted|p1b: Sylveon\n|-damage|p1b: Sylveon|79\/100\n|-enditem|p1b: Sylveon|Throat Spray|[from] move: Knock Off|[of] p2a: Grafaiai\n|move|p2b: Slaking|Body Slam|p1b: Sylveon\n|-damage|p1b: Sylveon|0 fnt\n|faint|p1b: Sylveon\n|move|p1a: Mr. Mime|Light Screen||[still]\n|-fail|p1a: Mr. Mime\n|\n|upkeep\n|-message|Pixielee forfeited.\n|\n|win|KingKai2k\n|raw|Pixielee's rating: 1015 &rarr; <strong>1003<\/strong><br \/>(-12 for losing)\n|raw|KingKai2k's rating: 1035 &rarr; <strong>1068<\/strong><br \/>(+33 for winning)\n|l|\u2606Pixielee\n|c|\u2606KingKai2k|gg\n","uploadtime":1698261335,"views":7,"p1id":"pixielee","p2id":"kingkai2k","formatid":"gen9nationaldexdoubles","rating":1003,"private":0,"password":""}