{"id":"gen9nationaldexdoubles-1995177329","p1":"fumbari 24","p2":"Strykerpoopoo10","format":"[Gen 9] National Dex Doubles","log":"|j|\u2606fumbari 24\n|j|\u2606Strykerpoopoo10\n|t:|1700531252\n|gametype|doubles\n|player|p1|fumbari 24|hilbert|1189\n|player|p2|Strykerpoopoo10|unknown|1081\n|teamsize|p1|6\n|teamsize|p2|6\n|gen|9\n|tier|[Gen 9] National Dex Doubles\n|rated|\n|rule|HP Percentage Mod: HP is shown in percentages\n|rule|Endless Battle Clause: Forcing endless battles is banned\n|rule|OHKO Clause: OHKO moves are banned\n|rule|Evasion Moves Clause: Evasion moves are banned\n|rule|Evasion Abilities Clause: Evasion abilities are banned\n|rule|Species Clause: Limit one of each Pok\u00e9mon\n|rule|Gravity Sleep Clause: The combination of sleep-inducing moves with imperfect accuracy and Gravity or Gigantamax Orbeetle are banned\n|clearpoke\n|poke|p1|Urshifu-*, F|\n|poke|p1|Marowak, F|\n|poke|p1|Tapu Fini|\n|poke|p1|Aegislash, M|\n|poke|p1|Dragonite, F|\n|poke|p1|Ogerpon-Wellspring, F|\n|poke|p2|Ledian, M|\n|poke|p2|Pyroar, F|\n|poke|p2|Steelix, M|\n|poke|p2|Audino, M|\n|poke|p2|Aggron, M|\n|poke|p2|Donphan, F|\n|teampreview\n|\n|t:|1700531272\n|start\n|switch|p1a: Urshifu|Urshifu-Rapid-Strike, F|100\/100\n|switch|p1b: Tapu Fini|Tapu Fini, shiny|100\/100\n|switch|p2a: Ledian|Ledian, M|100\/100\n|switch|p2b: Donphan|Donphan, F|100\/100\n|-fieldstart|move: Misty Terrain|[from] ability: Misty Surge|[of] p1b: Tapu Fini\n|turn|1\n|inactive|Battle timer is ON: inactive players will automatically lose when time's up. (requested by fumbari 24)\n|\n|t:|1700531306\n|move|p2a: Ledian|Thunder Punch|p1a: Urshifu\n|-supereffective|p1a: Urshifu\n|-damage|p1a: Urshifu|72\/100\n|move|p1a: Urshifu|Surging Strikes|p2b: Donphan\n|-supereffective|p2b: Donphan\n|-crit|p2b: Donphan\n|-damage|p2b: Donphan|69\/100\n|-supereffective|p2b: Donphan\n|-crit|p2b: Donphan\n|-damage|p2b: Donphan|35\/100\n|-supereffective|p2b: Donphan\n|-crit|p2b: Donphan\n|-damage|p2b: Donphan|0 fnt\n|faint|p2b: Donphan\n|-hitcount|p2: Donphan|3\n|move|p1b: Tapu Fini|Muddy Water|p2a: Ledian|[miss]\n|-miss|p1b: Tapu Fini|p2a: Ledian\n|\n|upkeep\n|l|\u2606Strykerpoopoo10\n|inactive|Strykerpoopoo10 disconnected and has a minute to reconnect!\n|player|p2|\n|j|\u2606Strykerpoopoo10\n|inactive|Strykerpoopoo10 reconnected and has 125 seconds left.\n|player|p2|Strykerpoopoo10|unknown\n|inactive|Strykerpoopoo10 has 120 seconds left.\n|\n|t:|1700531350\n|switch|p2b: Audino|Audino, M|100\/100\n|turn|2\n|\n|t:|1700531359\n|move|p1a: Urshifu|Detect|p1a: Urshifu\n|-singleturn|p1a: Urshifu|Protect\n|move|p2a: Ledian|Thunder Punch|p1b: Tapu Fini\n|-supereffective|p1b: Tapu Fini\n|-damage|p1b: Tapu Fini|68\/100\n|move|p1b: Tapu Fini|Muddy Water|p2a: Ledian|[spread] p2a,p2b\n|-crit|p2b: Audino\n|-damage|p2a: Ledian|69\/100\n|-damage|p2b: Audino|73\/100\n|move|p2b: Audino|Secret Power|p1a: Urshifu\n|-activate|p1a: Urshifu|move: Protect\n|\n|-heal|p1b: Tapu Fini|74\/100|[from] item: Leftovers\n|upkeep\n|turn|3\n|\n|t:|1700531378\n|switch|p1a: Marowak|Marowak, F|100\/100\n|move|p2a: Ledian|Thunder Punch|p1a: Marowak\n|-activate|p1a: Marowak|ability: Lightning Rod\n|-ability|p1a: Marowak|Lightning Rod|boost\n|-boost|p1a: Marowak|spa|1\n|move|p1b: Tapu Fini|Icy Wind|p2a: Ledian|[spread] p2a,p2b\n|-supereffective|p2a: Ledian\n|-damage|p2a: Ledian|39\/100\n|-damage|p2b: Audino|67\/100\n|-unboost|p2a: Ledian|spe|1\n|-unboost|p2b: Audino|spe|1\n|move|p2b: Audino|Secret Power|p1a: Marowak\n|-damage|p1a: Marowak|80\/100\n|\n|-heal|p1b: Tapu Fini|80\/100|[from] item: Leftovers\n|upkeep\n|turn|4\n|\n|t:|1700531403\n|move|p1b: Tapu Fini|Icy Wind|p2a: Ledian|[spread] p2a\n|-miss|p1b: Tapu Fini|p2b: Audino\n|-supereffective|p2a: Ledian\n|-damage|p2a: Ledian|10\/100\n|-unboost|p2a: Ledian|spe|1\n|move|p2a: Ledian|Ice Punch|p1a: Marowak\n|-supereffective|p1a: Marowak\n|-damage|p1a: Marowak|47\/100\n|move|p1a: Marowak|Rock Slide|p2b: Audino|[spread] p2a,p2b\n|-supereffective|p2a: Ledian\n|-crit|p2b: Audino\n|-damage|p2a: Ledian|0 fnt\n|-damage|p2b: Audino|27\/100\n|faint|p2a: Ledian\n|cant|p2b: Audino|flinch\n|\n|-heal|p1b: Tapu Fini|86\/100|[from] item: Leftovers\n|upkeep\n|inactive|Strykerpoopoo10 has 120 seconds left.\n|\n|t:|1700531422\n|switch|p2a: Steelix|Steelix, M|100\/100\n|turn|5\n|\n|t:|1700531433\n|switch|p2b: Aggron|Aggron, M|100\/100\n|detailschange|p2a: Steelix|Steelix-Mega, M\n|-mega|p2a: Steelix|Steelix|Steelixite\n|move|p1b: Tapu Fini|Muddy Water|p2a: Steelix|[spread] p2a,p2b\n|-supereffective|p2a: Steelix\n|-supereffective|p2b: Aggron\n|-damage|p2a: Steelix|36\/100\n|-damage|p2b: Aggron|6\/100\n|-unboost|p2a: Steelix|accuracy|1\n|move|p1a: Marowak|Bonemerang|p2a: Steelix\n|-supereffective|p2a: Steelix\n|-damage|p2a: Steelix|0 fnt\n|faint|p2a: Steelix\n|-hitcount|p2: Steelix|1\n|\n|-heal|p1b: Tapu Fini|92\/100|[from] item: Leftovers\n|-fieldend|Misty Terrain\n|upkeep\n|\n|t:|1700531451\n|switch|p2a: Audino|Audino, M|60\/100\n|turn|6\n|\n|t:|1700531461\n|move|p1b: Tapu Fini|Muddy Water|p2a: Audino|[spread] p2a,p2b\n|-supereffective|p2b: Aggron\n|-damage|p2a: Audino|42\/100\n|-damage|p2b: Aggron|0 fnt\n|faint|p2b: Aggron\n|move|p2a: Audino|Drain Punch|p1a: Marowak\n|-damage|p1a: Marowak|32\/100\n|-heal|p2a: Audino|48\/100|[from] drain|[of] p1a: Marowak\n|move|p1a: Marowak|Brick Break|p2a: Audino\n|-supereffective|p2a: Audino\n|-damage|p2a: Audino|0 fnt\n|faint|p2a: Audino\n|\n|-heal|p1b: Tapu Fini|98\/100|[from] item: Leftovers\n|upkeep\n|\n|t:|1700531477\n|switch|p2b: Pyroar|Pyroar, F|100\/100\n|turn|7\n|c|\u2606Strykerpoopoo10|Gg\n|\n|t:|1700531486\n|move|p1a: Marowak|Detect|p1a: Marowak\n|-singleturn|p1a: Marowak|Protect\n|move|p2b: Pyroar|Hyper Voice|p1a: Marowak|[spread] p1b\n|-activate|p1a: Marowak|move: Protect\n|-damage|p1b: Tapu Fini|75\/100\n|move|p1b: Tapu Fini|Icy Wind|p2b: Pyroar\n|-resisted|p2b: Pyroar\n|-damage|p2b: Pyroar|89\/100\n|-unboost|p2b: Pyroar|spe|1\n|\n|-heal|p1b: Tapu Fini|81\/100|[from] item: Leftovers\n|upkeep\n|turn|8\n|\n|t:|1700531502\n|switch|p1a: Aegislash|Aegislash, M, shiny|100\/100\n|move|p1b: Tapu Fini|Icy Wind|p2b: Pyroar\n|-resisted|p2b: Pyroar\n|-damage|p2b: Pyroar|78\/100\n|-unboost|p2b: Pyroar|spe|1\n|move|p2b: Pyroar|Fire Blast|p1a: Aegislash\n|-supereffective|p1a: Aegislash\n|-damage|p1a: Aegislash|41\/100\n|\n|-heal|p1b: Tapu Fini|87\/100|[from] item: Leftovers\n|upkeep\n|turn|9\n|l|\u2606fumbari 24\n|inactive|fumbari 24 disconnected and has a minute to reconnect!\n|player|p1|\n|j|\u2606fumbari 24\n|inactive|fumbari 24 reconnected and has 135 seconds left.\n|player|p1|fumbari 24|hilbert\n|\n|t:|1700531526\n|move|p1a: Aegislash|Wide Guard|p1a: Aegislash\n|-singleturn|p1a: Aegislash|Wide Guard\n|move|p1b: Tapu Fini|Muddy Water|p2b: Pyroar\n|-supereffective|p2b: Pyroar\n|-damage|p2b: Pyroar|0 fnt\n|faint|p2b: Pyroar\n|\n|win|fumbari 24\n|raw|fumbari 24's rating: 1189 &rarr; <strong>1206<\/strong><br \/>(+17 for winning)\n|raw|Strykerpoopoo10's rating: 1081 &rarr; <strong>1066<\/strong><br \/>(-15 for losing)\n|l|\u2606Strykerpoopoo10\n","uploadtime":1700531542,"views":7,"p1id":"fumbari24","p2id":"strykerpoopoo10","formatid":"gen9nationaldexdoubles","rating":1066,"private":0,"password":""}