{"id":"gen9nationaldexdoubles-1999451707","p1":"lonelydumbass","p2":"SolarBeam Slakoth","format":"[Gen 9] National Dex Doubles","log":"|j|\u2606lonelydumbass\n|j|\u2606SolarBeam Slakoth\n|t:|1701082679\n|gametype|doubles\n|player|p1|lonelydumbass|guitarist-gen4|1225\n|player|p2|SolarBeam Slakoth|cameraman|1421\n|teamsize|p1|6\n|teamsize|p2|6\n|gen|9\n|tier|[Gen 9] National Dex Doubles\n|rated|\n|rule|HP Percentage Mod: HP is shown in percentages\n|rule|Endless Battle Clause: Forcing endless battles is banned\n|rule|OHKO Clause: OHKO moves are banned\n|rule|Evasion Moves Clause: Evasion moves are banned\n|rule|Evasion Abilities Clause: Evasion abilities are banned\n|rule|Species Clause: Limit one of each Pok\u00e9mon\n|rule|Gravity Sleep Clause: The combination of sleep-inducing moves with imperfect accuracy and Gravity or Gigantamax Orbeetle are banned\n|clearpoke\n|poke|p1|Kabutops, F|\n|poke|p1|Amoonguss, M|\n|poke|p1|Pelipper, F|\n|poke|p1|Tornadus, M|\n|poke|p1|Urshifu-*, F|\n|poke|p1|Basculegion, M|\n|poke|p2|Eevee, M|\n|poke|p2|Mr. Mime, F|\n|poke|p2|Rillaboom, F|\n|poke|p2|Charizard, M|\n|poke|p2|Chi-Yu|\n|poke|p2|Zygarde|\n|teampreview\n|inactive|Battle timer is ON: inactive players will automatically lose when time's up. (requested by SolarBeam Slakoth)\n|\n|t:|1701082693\n|start\n|switch|p1a: berd|Pelipper, F|100\/100\n|switch|p1b: Kabutops|Kabutops, F|100\/100\n|switch|p2a: Matchup|Eevee, M, shiny|100\/100\n|switch|p2b: Fisher|Mr. Mime, F|100\/100\n|-weather|RainDance|[from] ability: Drizzle|[of] p1a: berd\n|turn|1\n|\n|t:|1701082705\n|move|p2b: Fisher|Follow Me|p2b: Fisher\n|-singleturn|p2b: Fisher|move: Follow Me\n|move|p1b: Kabutops|Rock Slide|p2b: Fisher|[spread] p2b\n|-miss|p1b: Kabutops|p2a: Matchup\n|-damage|p2b: Fisher|59\/100\n|-damage|p1b: Kabutops|91\/100|[from] item: Life Orb\n|move|p1a: berd|Icy Wind|p2a: Matchup|[spread] p2a,p2b\n|-damage|p2a: Matchup|86\/100\n|-damage|p2b: Fisher|50\/100\n|-unboost|p2a: Matchup|spe|1\n|-zpower|p2a: Matchup\n|move|p2a: Matchup|Extreme Evoboost|p2a: Matchup\n|-boost|p2a: Matchup|atk|2\n|-boost|p2a: Matchup|def|2\n|-boost|p2a: Matchup|spa|2\n|-boost|p2a: Matchup|spd|2\n|-boost|p2a: Matchup|spe|2\n|\n|-weather|RainDance|[upkeep]\n|upkeep\n|turn|2\n|\n|t:|1701082724\n|move|p2b: Fisher|Wide Guard|p2b: Fisher\n|-singleturn|p2b: Fisher|Wide Guard\n|move|p1b: Kabutops|Liquidation|p2a: Matchup\n|-damage|p2a: Matchup|38\/100\n|-damage|p1b: Kabutops|81\/100|[from] item: Life Orb\n|move|p2a: Matchup|Baton Pass|p2a: Matchup\n|\n|t:|1701082742\n|switch|p2a: Charizard|Charizard, M|100\/100|[from] Baton Pass\n|move|p1a: berd|Tailwind|p1a: berd\n|-sidestart|p1: lonelydumbass|move: Tailwind\n|\n|-weather|RainDance|[upkeep]\n|upkeep\n|turn|3\n|inactive|lonelydumbass has 120 seconds left.\n|\n|t:|1701082780\n|switch|p1b: Speed Control|Tornadus, M|100\/100\n|detailschange|p2a: Charizard|Charizard-Mega-Y, M\n|-mega|p2a: Charizard|Charizard|Charizardite Y\n|-weather|SunnyDay|[from] ability: Drought|[of] p2a: Charizard\n|move|p2b: Fisher|Wide Guard|p2b: Fisher\n|-singleturn|p2b: Fisher|Wide Guard\n|move|p2a: Charizard|Solar Beam||[still]\n|-prepare|p2a: Charizard|Solar Beam\n|-anim|p2a: Charizard|Solar Beam|p1b: Speed Control\n|-resisted|p1b: Speed Control\n|-damage|p1b: Speed Control|32\/100\n|move|p1a: berd|U-turn|p2b: Fisher\n|-damage|p2b: Fisher|40\/100\n|\n|t:|1701082797\n|switch|p1a: Amoonguss|Amoonguss, M|100\/100|[from] U-turn\n|\n|-weather|SunnyDay|[upkeep]\n|upkeep\n|turn|4\n|inactive|lonelydumbass has 120 seconds left.\n|\n|t:|1701082807\n|switch|p1a: berd|Pelipper, F|100\/100\n|-weather|RainDance|[from] ability: Drizzle|[of] p1a: berd\n|move|p2b: Fisher|Follow Me|p2b: Fisher\n|-singleturn|p2b: Fisher|move: Follow Me\n|move|p1b: Speed Control|Weather Ball|p2b: Fisher\n|-damage|p2b: Fisher|0 fnt\n|faint|p2b: Fisher\n|move|p2a: Charizard|Heat Wave|p1b: Speed Control|[spread] p1a\n|-miss|p2a: Charizard|p1b: Speed Control\n|-resisted|p1a: berd\n|-damage|p1a: berd|70\/100\n|\n|-weather|RainDance|[upkeep]\n|upkeep\n|\n|t:|1701082822\n|switch|p2b: Rillaboom|Rillaboom, F|100\/100\n|-fieldstart|move: Grassy Terrain|[from] ability: Grassy Surge|[of] p2b: Rillaboom\n|turn|5\n|inactive|SolarBeam Slakoth has 120 seconds left.\n|\n|t:|1701082858\n|move|p2b: Rillaboom|Fake Out|p1a: berd\n|-damage|p1a: berd|58\/100\n|move|p1b: Speed Control|Defog|p2a: Charizard\n|-unboost|p2a: Charizard|evasion|1\n|-fieldend|move: Grassy Terrain\n|move|p2a: Charizard|Heat Wave|p1b: Speed Control|[spread] p1a,p1b\n|-resisted|p1a: berd\n|-damage|p1a: berd|29\/100\n|-damage|p1b: Speed Control|0 fnt\n|faint|p1b: Speed Control\n|cant|p1a: berd|flinch\n|\n|-weather|RainDance|[upkeep]\n|-sideend|p1: lonelydumbass|move: Tailwind\n|upkeep\n|\n|t:|1701082868\n|switch|p1b: Kabutops|Kabutops, F|81\/100\n|turn|6\n|\n|t:|1701082887\n|switch|p2b: Zygarde|Zygarde, shiny|100\/100\n|-ability|p2b: Zygarde|Aura Break\n|switch|p1a: Amoonguss|Amoonguss, M|100\/100\n|move|p2a: Charizard|Protect|p2a: Charizard\n|-singleturn|p2a: Charizard|Protect\n|move|p1b: Kabutops|Liquidation|p2a: Charizard\n|-activate|p2a: Charizard|move: Protect\n|\n|-weather|RainDance|[upkeep]\n|upkeep\n|turn|7\n|\n|t:|1701082908\n|-terastallize|p1b: Kabutops|Water\n|move|p1b: Kabutops|Liquidation|p2a: Charizard\n|-supereffective|p2a: Charizard\n|-damage|p2a: Charizard|0 fnt\n|faint|p2a: Charizard\n|-damage|p1b: Kabutops|71\/100|[from] item: Life Orb\n|move|p2b: Zygarde|Thousand Arrows|p1b: Kabutops|[spread] p1a,p1b\n|-damage|p1a: Amoonguss|70\/100\n|-damage|p1b: Kabutops|31\/100\n|move|p1a: Amoonguss|Spore|p2b: Zygarde\n|-status|p2b: Zygarde|slp|[from] move: Spore\n|\n|-weather|RainDance|[upkeep]\n|-heal|p1a: Amoonguss|76\/100|[from] item: Leftovers\n|upkeep\n|\n|t:|1701082925\n|switch|p2a: Chi-Yu|Chi-Yu|100\/100\n|-ability|p2a: Chi-Yu|Beads of Ruin\n|turn|8\n|\n|t:|1701082944\n|switch|p1a: he goes last|Basculegion, M|100\/100\n|-terastallize|p2a: Chi-Yu|Fire\n|move|p1b: Kabutops|Flip Turn|p2a: Chi-Yu\n|-supereffective|p2a: Chi-Yu\n|-damage|p2a: Chi-Yu|0 fnt\n|faint|p2a: Chi-Yu\n|-damage|p1b: Kabutops|21\/100|[from] item: Life Orb\n|-message|SolarBeam Slakoth forfeited.\n|\n|win|lonelydumbass\n|raw|lonelydumbass's rating: 1225 &rarr; <strong>1263<\/strong><br \/>(+38 for winning)\n|raw|SolarBeam Slakoth's rating: 1421 &rarr; <strong>1391<\/strong><br \/>(-30 for losing)\n|l|\u2606SolarBeam Slakoth\n","uploadtime":1701082970,"views":0,"p1id":"lonelydumbass","p2id":"solarbeamslakoth","formatid":"gen9nationaldexdoubles","rating":1263,"private":0,"password":""}