{"id":"gen9nationaldexdoubles-1953796974","p1":"El_Gran_Wigglytuff","p2":"juanchossss","format":"[Gen 9] National Dex Doubles","log":"|j|\u2606El_Gran_Wigglytuff\n|j|\u2606juanchossss\n|t:|1695829030\n|gametype|doubles\n|player|p1|El_Gran_Wigglytuff|benga|\n|player|p2|juanchossss|unknownf|\n|teamsize|p1|6\n|teamsize|p2|6\n|gen|9\n|tier|[Gen 9] National Dex Doubles\n|rule|HP Percentage Mod: HP is shown in percentages\n|rule|Endless Battle Clause: Forcing endless battles is banned\n|rule|OHKO Clause: OHKO moves are banned\n|rule|Evasion Moves Clause: Evasion moves are banned\n|rule|Evasion Abilities Clause: Evasion abilities are banned\n|rule|Species Clause: Limit one of each Pok\u00e9mon\n|rule|Gravity Sleep Clause: The combination of sleep-inducing moves with imperfect accuracy and Gravity or Gigantamax Orbeetle are banned\n|clearpoke\n|poke|p1|Basculegion-F, F|\n|poke|p1|Pelipper, M|\n|poke|p1|Ogerpon-Wellspring, F|\n|poke|p1|Walking Wake|\n|poke|p1|Palafin, M|\n|poke|p1|Swampert, M|\n|poke|p2|Terrakion|\n|poke|p2|Keldeo-Resolute|\n|poke|p2|Kommo-o, M|\n|poke|p2|Cobalion|\n|poke|p2|Infernape, F|\n|poke|p2|Heracross, F|\n|teampreview\n|inactive|Battle timer is ON: inactive players will automatically lose when time's up. (requested by juanchossss)\n|j| XMarcosPr710\n|c| XMarcosPr710|rainzzzzzzzzz?\n|inactiveoff|Battle timer is now OFF.\n|c|\u2606El_Gran_Wigglytuff|C\u00e1llese, Marcos\n|c|\u2606juanchossss|Porfi\n|\n|t:|1695829057\n|start\n|switch|p1a: Pelipper|Pelipper, M|100\/100\n|switch|p1b: Walking Wake|Walking Wake|100\/100\n|switch|p2a: Heracross|Heracross, F|100\/100\n|switch|p2b: Kommo-o|Kommo-o, M|100\/100\n|-weather|RainDance|[from] ability: Drizzle|[of] p1a: Pelipper\n|turn|1\n|c| XMarcosPr710|:-c\n|\n|t:|1695829084\n|switch|p2a: Terrakion|Terrakion|100\/100\n|switch|p2b: Cobalion|Cobalion|100\/100\n|move|p1b: Walking Wake|Draco Meteor|p2b: Cobalion\n|-resisted|p2b: Cobalion\n|-damage|p2b: Cobalion|47\/100\n|-unboost|p1b: Walking Wake|spa|2\n|move|p1a: Pelipper|Hurricane|p2a: Terrakion\n|-damage|p2a: Terrakion|56\/100\n|\n|-weather|RainDance|[upkeep]\n|-heal|p2b: Cobalion|53\/100|[from] item: Leftovers\n|upkeep\n|turn|2\n|j| SakiiTenma\n|c| SakiiTenma|Rainzzzzz x2\n|\n|t:|1695829112\n|-end|p1b: Walking Wake|Protosynthesis|[silent]\n|switch|p1b: Basculegion|Basculegion-F, F|100\/100\n|switch|p1a: Swampert|Swampert, M|100\/100\n|move|p2b: Cobalion|Thunder Wave|p1b: Basculegion\n|-status|p1b: Basculegion|par\n|-zpower|p2a: Terrakion\n|move|p2a: Terrakion|Continental Crush|p1a: Swampert|[zeffect]\n|-resisted|p1a: Swampert\n|-damage|p1a: Swampert|52\/100\n|\n|-weather|RainDance|[upkeep]\n|-heal|p2b: Cobalion|60\/100|[from] item: Leftovers\n|upkeep\n|turn|3\n|c|\u2606El_Gran_Wigglytuff|La gracia es que por poco no he usado un Team Hada XD\n|\n|t:|1695829142\n|detailschange|p1a: Swampert|Swampert-Mega, M\n|-mega|p1a: Swampert|Swampert|Swampertite\n|move|p1a: Swampert|Liquidation|p2b: Cobalion\n|-damage|p2b: Cobalion|0 fnt\n|faint|p2b: Cobalion\n|move|p2a: Terrakion|Close Combat|p1a: Swampert\n|-damage|p1a: Swampert|0 fnt\n|-unboost|p2a: Terrakion|def|1\n|-unboost|p2a: Terrakion|spd|1\n|faint|p1a: Swampert\n|cant|p1b: Basculegion|par\n|\n|-weather|RainDance|[upkeep]\n|upkeep\n|c| XMarcosPr710|Ey yo dije eso y me mandaron callar\n|c|\u2606El_Gran_Wigglytuff|Pero un Hada de verdad\n|\n|t:|1695829163\n|switch|p2b: Keldeo|Keldeo-Resolute|100\/100\n|switch|p1a: Palafin|Palafin, M|100\/100\n|turn|4\n|c| XMarcosPr710|Yo si llevo hada que dices\n|l| SakiiTenma\n|c| XMarcosPr710|Chien pao es tipo hada\n|\n|t:|1695829190\n|switch|p2a: Heracross|Heracross, F|100\/100\n|-terastallize|p2b: Keldeo|Water\n|move|p1a: Palafin|Jet Punch|p2a: Heracross\n|-damage|p2a: Heracross|53\/100\n|move|p2b: Keldeo|Icy Wind|p1b: Basculegion|[spread] p1a,p1b\n|-resisted|p1a: Palafin\n|-resisted|p1b: Basculegion\n|-crit|p1b: Basculegion\n|-damage|p1a: Palafin|91\/100\n|-damage|p1b: Basculegion|89\/100 par\n|-unboost|p1a: Palafin|spe|1\n|-unboost|p1b: Basculegion|spe|1\n|move|p1b: Basculegion|Last Respects|p2b: Keldeo\n|-damage|p2b: Keldeo|26\/100\n|\n|-weather|RainDance|[upkeep]\n|-heal|p1a: Palafin|97\/100|[from] item: Leftovers\n|upkeep\n|turn|5\n|j| SakiiTenma\n|c| XMarcosPr710|Como que deja usar last respects\n|\n|t:|1695829215\n|detailschange|p1a: Palafin|Palafin-Hero, M\n|switch|p1a: Pelipper|Pelipper, M|100\/100\n|move|p2b: Keldeo|Icy Wind|p1a: Pelipper|[spread] p1a,p1b\n|-resisted|p1b: Basculegion\n|-damage|p1a: Pelipper|81\/100\n|-damage|p1b: Basculegion|81\/100 par\n|-unboost|p1a: Pelipper|spe|1\n|-unboost|p1b: Basculegion|spe|1\n|move|p2a: Heracross|Stone Edge|p1b: Basculegion\n|-damage|p1b: Basculegion|35\/100 par\n|move|p1b: Basculegion|Last Respects|p2b: Keldeo\n|-damage|p2b: Keldeo|0 fnt\n|faint|p2b: Keldeo\n|\n|-weather|RainDance|[upkeep]\n|upkeep\n|c|\u2606El_Gran_Wigglytuff|No est\u00e1 ban en Dobles\n|c| SakiiTenma|M\u00e1s razones para odiar el rain\n|c| XMarcosPr710|Banean Supreme Overlord y no Last respects\n|\n|t:|1695829247\n|switch|p2b: Terrakion|Terrakion|56\/100\n|turn|6\n|c| XMarcosPr710|>:0\n|\n|t:|1695829281\n|move|p1a: Pelipper|Protect|p1a: Pelipper\n|-singleturn|p1a: Pelipper|Protect\n|move|p2b: Terrakion|Stone Edge|p1b: Basculegion\n|-damage|p1b: Basculegion|0 fnt\n|faint|p1b: Basculegion\n|move|p2a: Heracross|Stone Edge|p1a: Pelipper\n|-activate|p1a: Pelipper|move: Protect\n|\n|-weather|RainDance|[upkeep]\n|upkeep\n|\n|t:|1695829295\n|switch|p1b: Palafin|Palafin-Hero, M|97\/100\n|-activate|p1b: Palafin|ability: Zero to Hero\n|turn|7\n|\n|t:|1695829312\n|switch|p1a: Walking Wake|Walking Wake|100\/100\n|detailschange|p2a: Heracross|Heracross-Mega, F\n|-mega|p2a: Heracross|Heracross|Heracronite\n|move|p1b: Palafin|Jet Punch|p2b: Terrakion\n|-supereffective|p2b: Terrakion\n|-damage|p2b: Terrakion|0 fnt\n|faint|p2b: Terrakion\n|move|p2a: Heracross|Stone Edge|p1a: Walking Wake\n|-damage|p1a: Walking Wake|47\/100\n|\n|-weather|RainDance|[upkeep]\n|-heal|p1b: Palafin|100\/100|[from] item: Leftovers\n|upkeep\n|\n|t:|1695829320\n|switch|p2b: Kommo-o|Kommo-o, M|100\/100\n|turn|8\n|\n|t:|1695829374\n|move|p1a: Walking Wake|Draco Meteor|p2b: Kommo-o\n|-supereffective|p2b: Kommo-o\n|-damage|p2b: Kommo-o|0 fnt\n|-unboost|p1a: Walking Wake|spa|2\n|faint|p2b: Kommo-o\n|move|p1b: Palafin|Flip Turn|p2a: Heracross\n|-damage|p2a: Heracross|1\/100\n|\n|t:|1695829383\n|switch|p1b: Pelipper|Pelipper, M|81\/100|[from] Flip Turn\n|move|p2a: Heracross|Close Combat|p1b: Pelipper\n|-resisted|p1b: Pelipper\n|-damage|p1b: Pelipper|49\/100\n|-unboost|p2a: Heracross|def|1\n|-unboost|p2a: Heracross|spd|1\n|\n|-weather|none\n|upkeep\n|\n|t:|1695829394\n|switch|p2b: Infernape|Infernape, F, shiny|100\/100\n|turn|9\n|\n|t:|1695829410\n|move|p1b: Pelipper|Protect|p1b: Pelipper\n|-singleturn|p1b: Pelipper|Protect\n|move|p2b: Infernape|Mach Punch|p1a: Walking Wake\n|-damage|p1a: Walking Wake|10\/100\n|move|p1a: Walking Wake|Draco Meteor|p2a: Heracross\n|-damage|p2a: Heracross|0 fnt\n|-unboost|p1a: Walking Wake|spa|2\n|faint|p2a: Heracross\n|\n|upkeep\n|turn|10\n|\n|t:|1695829419\n|move|p2b: Infernape|Mach Punch|p1a: Walking Wake\n|-damage|p1a: Walking Wake|0 fnt\n|faint|p1a: Walking Wake\n|-end|p1a: Walking Wake|Protosynthesis|[silent]\n|move|p1b: Pelipper|Scald|p2b: Infernape\n|-supereffective|p2b: Infernape\n|-damage|p2b: Infernape|23\/100\n|\n|upkeep\n|\n|t:|1695829421\n|switch|p1a: Ogerpon|Ogerpon-Wellspring, F|100\/100\n|turn|11\n|\n|t:|1695829426\n|-terastallize|p1a: Ogerpon|Water\n|detailschange|p1a: Ogerpon|Ogerpon-Wellspring-Tera, F, tera:Water\n|-ability|p1a: Ogerpon|Embody Aspect (Wellspring)|boost\n|-boost|p1a: Ogerpon|spd|1\n|move|p2b: Infernape|Mach Punch|p1a: Ogerpon\n|-damage|p1a: Ogerpon|61\/100\n|move|p1a: Ogerpon|Ivy Cudgel|p2b: Infernape\n|-supereffective|p2b: Infernape\n|-damage|p2b: Infernape|0 fnt\n|faint|p2b: Infernape\n|\n|win|El_Gran_Wigglytuff\n","uploadtime":1695829433,"views":11,"p1id":"elgranwigglytuff","p2id":"juanchossss","formatid":"gen9nationaldexdoubles","rating":0,"private":0,"password":""}