{"id":"gen9nationaldexdoubles-1954032938","p1":"Kaxxxx","p2":"Yveltak","format":"[Gen 9] National Dex Doubles","log":"|j|\u2606Kaxxxx\n|j|\u2606Yveltak\n|t:|1695847394\n|gametype|doubles\n|player|p1|Kaxxxx|steven|\n|player|p2|Yveltak|hugh|\n|teamsize|p1|6\n|teamsize|p2|6\n|gen|9\n|tier|[Gen 9] National Dex Doubles\n|rule|HP Percentage Mod: HP is shown in percentages\n|rule|Endless Battle Clause: Forcing endless battles is banned\n|rule|OHKO Clause: OHKO moves are banned\n|rule|Evasion Moves Clause: Evasion moves are banned\n|rule|Evasion Abilities Clause: Evasion abilities are banned\n|rule|Species Clause: Limit one of each Pok\u00e9mon\n|rule|Gravity Sleep Clause: The combination of sleep-inducing moves with imperfect accuracy and Gravity or Gigantamax Orbeetle are banned\n|clearpoke\n|poke|p1|Tyranitar, M|\n|poke|p1|Ogerpon-Cornerstone, F|\n|poke|p1|Arcanine-Hisui, F|\n|poke|p1|Shuckle, M|\n|poke|p1|Aerodactyl, F|\n|poke|p1|Nihilego|\n|poke|p2|Iron Hands|\n|poke|p2|Tapu Koko|\n|poke|p2|Manectric, F|\n|poke|p2|Raichu-Alola, F|\n|poke|p2|Zapdos|\n|poke|p2|Rotom-Wash|\n|teampreview\n|\n|t:|1695847419\n|start\n|switch|p1a: Aerodactyl|Aerodactyl, F|100\/100\n|switch|p1b: Shuck|Shuckle, M|100\/100\n|switch|p2a: Iron Hands|Iron Hands|100\/100\n|switch|p2b: Tapu Koko|Tapu Koko|100\/100\n|-fieldstart|move: Electric Terrain|[from] ability: Electric Surge|[of] p2b: Tapu Koko\n|-activate|p2a: Iron Hands|ability: Quark Drive\n|-start|p2a: Iron Hands|quarkdriveatk\n|turn|1\n|\n|t:|1695847435\n|detailschange|p1a: Aerodactyl|Aerodactyl-Mega, F\n|-mega|p1a: Aerodactyl|Aerodactyl|Aerodactylite\n|move|p1a: Aerodactyl|Dual Wingbeat|p2a: Iron Hands\n|-damage|p2a: Iron Hands|85\/100\n|-damage|p2a: Iron Hands|68\/100\n|-hitcount|p2a: Iron Hands|2\n|move|p2b: Tapu Koko|Volt Switch|p1a: Aerodactyl\n|-supereffective|p1a: Aerodactyl\n|-damage|p1a: Aerodactyl|4\/100\n|c|\u2606Kaxxxx|Suerte\n|c|\u2606Yveltak|Bueno\n|\n|t:|1695847450\n|switch|p2b: Raichu|Raichu-Alola, F|100\/100|[from] Volt Switch\n|move|p2a: Iron Hands|Drain Punch|p1b: Shuck\n|-damage|p1b: Shuck|76\/100\n|-heal|p2a: Iron Hands|74\/100|[from] drain|[of] p1b: Shuck\n|move|p1b: Shuck|Sticky Web|p2b: Raichu\n|-sidestart|p2: Yveltak|move: Sticky Web\n|\n|-heal|p1b: Shuck|82\/100|[from] item: Leftovers\n|upkeep\n|turn|2\n|c|\u2606Kaxxxx|Duh\n|\n|t:|1695847475\n|move|p2b: Raichu|Rising Voltage|p1a: Aerodactyl\n|-supereffective|p1a: Aerodactyl\n|-damage|p1a: Aerodactyl|0 fnt\n|faint|p1a: Aerodactyl\n|move|p2a: Iron Hands|Drain Punch|p1b: Shuck\n|-damage|p1b: Shuck|57\/100\n|-heal|p2a: Iron Hands|80\/100|[from] drain|[of] p1b: Shuck\n|move|p1b: Shuck|Toxic|p2a: Iron Hands\n|-status|p2a: Iron Hands|tox\n|\n|-heal|p1b: Shuck|64\/100|[from] item: Leftovers\n|-damage|p2a: Iron Hands|74\/100 tox|[from] psn\n|upkeep\n|j| El_Gran_Wigglytuff\n|\n|t:|1695847480\n|switch|p1a: zilla|Tyranitar, M|100\/100\n|-weather|Sandstorm|[from] ability: Sand Stream|[of] p1a: zilla\n|turn|3\n|\n|t:|1695847492\n|move|p1a: zilla|Protect|p1a: zilla\n|-singleturn|p1a: zilla|Protect\n|move|p2b: Raichu|Rising Voltage|p1b: Shuck\n|-hint|Rising Voltage's BP doubled on grounded target.\n|-damage|p1b: Shuck|12\/100\n|move|p2a: Iron Hands|Drain Punch|p1a: zilla\n|-activate|p1a: zilla|move: Protect\n|move|p1b: Shuck|Toxic|p2b: Raichu\n|-status|p2b: Raichu|tox\n|\n|-weather|Sandstorm|[upkeep]\n|-damage|p2b: Raichu|94\/100 tox|[from] Sandstorm\n|-damage|p2a: Iron Hands|68\/100 tox|[from] Sandstorm\n|-heal|p1b: Shuck|18\/100|[from] item: Leftovers\n|-damage|p2b: Raichu|88\/100 tox|[from] psn\n|-damage|p2a: Iron Hands|56\/100 tox|[from] psn\n|upkeep\n|turn|4\n|c| El_Gran_Wigglytuff|Ah, que el F\u00e9nix est\u00e1 haciendo ambos combates a la vez\n|\n|t:|1695847520\n|switch|p2b: Manectric|Manectric, F|100\/100\n|-activate|p2b: Manectric|move: Sticky Web\n|-unboost|p2b: Manectric|spe|1\n|switch|p1a: Nihilego|Nihilego|100\/100\n|move|p1b: Shuck|Protect|p1b: Shuck\n|-singleturn|p1b: Shuck|Protect\n|move|p2a: Iron Hands|Drain Punch|p1a: Nihilego\n|-damage|p1a: Nihilego|19\/100\n|-heal|p2a: Iron Hands|86\/100 tox|[from] drain|[of] p1a: Nihilego\n|\n|-weather|Sandstorm|[upkeep]\n|-damage|p2b: Manectric|94\/100|[from] Sandstorm\n|-damage|p2a: Iron Hands|80\/100 tox|[from] Sandstorm\n|-heal|p1b: Shuck|24\/100|[from] item: Leftovers\n|-damage|p2a: Iron Hands|61\/100 tox|[from] psn\n|upkeep\n|turn|5\n|j| Aluh_opa\n|c| Aluh_opa|A no sab\u00eda\n|\n|t:|1695847547\n|switch|p2b: Zapdos|Zapdos|100\/100\n|move|p1a: Nihilego|Sludge Wave|p2a: Iron Hands|[spread] p1b,p2a,p2b\n|-resisted|p1b: Shuck\n|-damage|p1b: Shuck|12\/100\n|-damage|p2a: Iron Hands|36\/100 tox\n|-damage|p2b: Zapdos|36\/100\n|-status|p1b: Shuck|psn\n|move|p2a: Iron Hands|Drain Punch|p1a: Nihilego\n|-damage|p1a: Nihilego|0 fnt\n|-heal|p2a: Iron Hands|42\/100 tox|[from] drain|[of] p1a: Nihilego\n|faint|p1a: Nihilego\n|move|p1b: Shuck|Toxic|p2b: Zapdos\n|-status|p2b: Zapdos|tox\n|\n|-weather|Sandstorm|[upkeep]\n|-damage|p2b: Zapdos|30\/100 tox|[from] Sandstorm\n|-damage|p2a: Iron Hands|36\/100 tox|[from] Sandstorm\n|-heal|p2b: Zapdos|36\/100 tox|[from] item: Leftovers\n|-heal|p1b: Shuck|18\/100 psn|[from] item: Leftovers\n|-damage|p2b: Zapdos|30\/100 tox|[from] psn\n|-damage|p2a: Iron Hands|12\/100 tox|[from] psn\n|-damage|p1b: Shuck|5\/100 psn|[from] psn\n|upkeep\n|c| Aluh_opa|nunca entend\u00ed como funcionaba este torneo XD\n|c| El_Gran_Wigglytuff|Es una fase de grupos\n|c|\u2606Yveltak|Jajs momento xd\n|\n|t:|1695847561\n|switch|p1a: Arca|Arcanine-Hisui, F|100\/100\n|-ability|p1a: Arca|Intimidate|boost\n|-unboost|p2a: Iron Hands|atk|1\n|-unboost|p2b: Zapdos|atk|1\n|turn|6\n|\n|t:|1695847579\n|move|p1a: Arca|Extreme Speed|p2a: Iron Hands\n|-damage|p2a: Iron Hands|0 fnt\n|faint|p2a: Iron Hands\n|-end|p2a: Iron Hands|Quark Drive|[silent]\n|move|p2b: Zapdos|Hurricane|p1a: Arca\n|-resisted|p1a: Arca\n|-damage|p1a: Arca|90\/100\n|-start|p1a: Arca|confusion\n|move|p1b: Shuck|Rock Slide|p2b: Zapdos\n|-supereffective|p2b: Zapdos\n|-damage|p2b: Zapdos|15\/100 tox\n|\n|-weather|Sandstorm|[upkeep]\n|-damage|p2b: Zapdos|9\/100 tox|[from] Sandstorm\n|-heal|p2b: Zapdos|15\/100 tox|[from] item: Leftovers\n|-heal|p1b: Shuck|12\/100 psn|[from] item: Leftovers\n|-damage|p2b: Zapdos|2\/100 tox|[from] psn\n|-damage|p1b: Shuck|0 fnt|[from] psn\n|faint|p1b: Shuck\n|upkeep\n|c|\u2606Yveltak|Salio\n|\n|t:|1695847589\n|switch|p2a: Manectric|Manectric, F|94\/100\n|switch|p1b: Ogerpon|Ogerpon-Cornerstone, F|100\/100\n|-activate|p2a: Manectric|move: Sticky Web\n|-unboost|p2a: Manectric|spe|1\n|turn|7\n|c| Aluh_opa|Te leyeron\n|c| Aluh_opa|Admita\n|\n|t:|1695847617\n|detailschange|p2a: Manectric|Manectric-Mega, F\n|-mega|p2a: Manectric|Manectric|Manectite\n|-ability|p2a: Manectric|Intimidate|boost\n|-unboost|p1a: Arca|atk|1\n|-unboost|p1b: Ogerpon|atk|1\n|move|p2b: Zapdos|Hurricane|p1b: Ogerpon\n|-damage|p1b: Ogerpon|63\/100\n|-start|p1b: Ogerpon|confusion\n|move|p2a: Manectric|Rising Voltage|p1a: Arca\n|-hint|Rising Voltage's BP doubled on grounded target.\n|-damage|p1a: Arca|51\/100\n|-activate|p1b: Ogerpon|confusion\n|move|p1b: Ogerpon|Leech Seed|p2a: Manectric\n|-start|p2a: Manectric|move: Leech Seed\n|-activate|p1a: Arca|confusion\n|-damage|p1a: Arca|44\/100|[from] confusion\n|\n|-weather|Sandstorm|[upkeep]\n|-damage|p2b: Zapdos|0 fnt|[from] Sandstorm\n|-damage|p2a: Manectric|88\/100|[from] Sandstorm\n|faint|p2b: Zapdos\n|-damage|p2a: Manectric|76\/100|[from] Leech Seed|[of] p1b: Ogerpon\n|-heal|p1b: Ogerpon|73\/100|[silent]\n|upkeep\n|c|\u2606Yveltak|Q grande\n|\n|t:|1695847630\n|switch|p2b: Raichu|Raichu-Alola, F|88\/100 tox\n|-activate|p2b: Raichu|move: Sticky Web\n|-unboost|p2b: Raichu|spe|1\n|turn|8\n|c| Aluh_opa|Un poco de suerte para ti\n|c| El_Gran_Wigglytuff|F\u00e9nix activ\u00f3 los hacks\n|\n|t:|1695847660\n|move|p2b: Raichu|Psychic|p1a: Arca\n|-damage|p1a: Arca|21\/100\n|move|p2a: Manectric|Overheat|p1b: Ogerpon\n|-damage|p1b: Ogerpon|42\/100\n|-unboost|p2a: Manectric|spa|2\n|-activate|p1b: Ogerpon|confusion\n|move|p1b: Ogerpon|Knock Off|p2b: Raichu\n|-supereffective|p2b: Raichu\n|-damage|p2b: Raichu|0 fnt\n|-enditem|p2b: Raichu|Choice Specs|[from] move: Knock Off|[of] p1b: Ogerpon\n|faint|p2b: Raichu\n|-end|p1a: Arca|confusion\n|move|p1a: Arca|Flare Blitz|p2a: Manectric\n|-damage|p2a: Manectric|34\/100\n|-damage|p1a: Arca|11\/100|[from] Recoil\n|\n|-weather|Sandstorm|[upkeep]\n|-damage|p2a: Manectric|28\/100|[from] Sandstorm\n|-damage|p2a: Manectric|16\/100|[from] Leech Seed|[of] p1b: Ogerpon\n|-heal|p1b: Ogerpon|52\/100|[silent]\n|-fieldend|move: Electric Terrain\n|upkeep\n|c|\u2606Yveltak|Cuanta spd\n|\n|t:|1695847673\n|switch|p2b: Tapu Koko|Tapu Koko|100\/100\n|-activate|p2b: Tapu Koko|move: Sticky Web\n|-unboost|p2b: Tapu Koko|spe|1\n|-fieldstart|move: Electric Terrain|[from] ability: Electric Surge|[of] p2b: Tapu Koko\n|turn|9\n|j| fifier\n|c| Aluh_opa|Ogerpon es god\n|c| fifier|\u00c9pico\n|c| Aluh_opa|pal draft se viene\n|\n|t:|1695847691\n|switch|p2a: Rotom|Rotom-Wash|100\/100\n|move|p1a: Arca|Extreme Speed|p2a: Rotom\n|-damage|p2a: Rotom|89\/100\n|move|p2b: Tapu Koko|Grass Knot|p1b: Ogerpon\n|-damage|p1b: Ogerpon|41\/100\n|-activate|p1b: Ogerpon|confusion\n|move|p1b: Ogerpon|Leech Seed|p2b: Tapu Koko\n|-start|p2b: Tapu Koko|move: Leech Seed\n|\n|-weather|Sandstorm|[upkeep]\n|-damage|p2b: Tapu Koko|94\/100|[from] Sandstorm\n|-damage|p2a: Rotom|83\/100|[from] Sandstorm\n|-heal|p2a: Rotom|89\/100|[from] item: Leftovers\n|-damage|p2b: Tapu Koko|82\/100|[from] Leech Seed|[of] p1b: Ogerpon\n|-heal|p1b: Ogerpon|51\/100|[silent]\n|upkeep\n|turn|10\n|\n|t:|1695847715\n|move|p2b: Tapu Koko|Volt Switch|p1a: Arca\n|-damage|p1a: Arca|0 fnt\n|faint|p1a: Arca\n|\n|t:|1695847719\n|switch|p2b: Manectric|Manectric-Mega, F|16\/100|[from] Volt Switch\n|-activate|p2b: Manectric|move: Sticky Web\n|-unboost|p2b: Manectric|spe|1\n|-ability|p2b: Manectric|Intimidate|boost\n|-unboost|p1b: Ogerpon|atk|1\n|-end|p1b: Ogerpon|confusion\n|move|p1b: Ogerpon|Leech Seed|p2a: Rotom\n|-start|p2a: Rotom|move: Leech Seed\n|move|p2a: Rotom|Will-O-Wisp|p1b: Ogerpon|[miss]\n|-miss|p2a: Rotom|p1b: Ogerpon\n|\n|-weather|none\n|-heal|p2a: Rotom|95\/100|[from] item: Leftovers\n|-damage|p2a: Rotom|83\/100|[from] Leech Seed|[of] p1b: Ogerpon\n|-heal|p1b: Ogerpon|61\/100|[silent]\n|upkeep\n|c| El_Gran_Wigglytuff|Eldids, que F\u00e9nix ha confundido 2 veces seguidas con Vendaval\n|c|\u2606Yveltak|Increible\n|\n|t:|1695847730\n|switch|p1a: zilla|Tyranitar, M|100\/100\n|-weather|Sandstorm|[from] ability: Sand Stream|[of] p1a: zilla\n|turn|11\n|\n|t:|1695847740\n|switch|p2b: Tapu Koko|Tapu Koko|82\/100\n|-activate|p2b: Tapu Koko|move: Sticky Web\n|-unboost|p2b: Tapu Koko|spe|1\n|move|p1b: Ogerpon|Protect|p1b: Ogerpon\n|-singleturn|p1b: Ogerpon|Protect\n|move|p1a: zilla|Rock Slide|p2a: Rotom|[spread] p2a,p2b\n|-damage|p2a: Rotom|60\/100\n|-damage|p2b: Tapu Koko|44\/100\n|move|p2a: Rotom|Will-O-Wisp|p1a: zilla\n|-status|p1a: zilla|brn\n|\n|-weather|Sandstorm|[upkeep]\n|-damage|p2b: Tapu Koko|38\/100|[from] Sandstorm\n|-damage|p2a: Rotom|54\/100|[from] Sandstorm\n|-heal|p2a: Rotom|60\/100|[from] item: Leftovers\n|-damage|p2a: Rotom|48\/100|[from] Leech Seed|[of] p1b: Ogerpon\n|-heal|p1b: Ogerpon|71\/100|[silent]\n|-damage|p1a: zilla|94\/100 brn|[from] brn\n|upkeep\n|turn|12\n|c| Aluh_opa|y las flinchs del anterior no las cuentas?\n|c| El_Gran_Wigglytuff|No\n|\n|t:|1695847776\n|switch|p2a: Manectric|Manectric-Mega, F|16\/100\n|-activate|p2a: Manectric|move: Sticky Web\n|-unboost|p2a: Manectric|spe|1\n|-ability|p2a: Manectric|Intimidate|boost\n|-unboost|p1a: zilla|atk|1\n|-unboost|p1b: Ogerpon|atk|1\n|move|p2b: Tapu Koko|Grass Knot|p1a: zilla\n|-supereffective|p1a: zilla\n|-damage|p1a: zilla|52\/100 brn\n|move|p1b: Ogerpon|Horn Leech|p2a: Manectric\n|-damage|p2a: Manectric|0 fnt\n|-heal|p1b: Ogerpon|77\/100|[from] drain|[of] p2a: Manectric\n|faint|p2a: Manectric\n|move|p1a: zilla|Rock Slide|p2b: Tapu Koko\n|-damage|p2b: Tapu Koko|23\/100\n|\n|-weather|Sandstorm|[upkeep]\n|-damage|p2b: Tapu Koko|17\/100|[from] Sandstorm\n|-damage|p1a: zilla|45\/100 brn|[from] brn\n|upkeep\n|\n|t:|1695847783\n|switch|p2a: Rotom|Rotom-Wash|48\/100\n|turn|13\n|c| El_Gran_Wigglytuff|Prefiero enfrentarme a un Team Roca que a un Team El\u00e9ctrico. No te ofendas, F\u00e9nix XD\n|c|\u2606Yveltak|Un roca dice\n|c| Aluh_opa|La abertura en la cola de tyranitar podr\u00eda ser su polla?\n|c|\u2606Yveltak|Estoy jugando 2 combates a la vez\n|c|\u2606Yveltak|por el impaciente de kax jajs\n|c| El_Gran_Wigglytuff|Que grande el Kaxxxx\n|\n|t:|1695847834\n|move|p2b: Tapu Koko|Grass Knot|p1a: zilla\n|-supereffective|p1a: zilla\n|-damage|p1a: zilla|3\/100 brn\n|move|p1b: Ogerpon|Leech Seed|p2a: Rotom\n|-start|p2a: Rotom|move: Leech Seed\n|move|p1a: zilla|Rock Slide|p2b: Tapu Koko|[spread] p2a,p2b\n|-damage|p2a: Rotom|40\/100\n|-damage|p2b: Tapu Koko|4\/100\n|move|p2a: Rotom|Will-O-Wisp|p1b: Ogerpon\n|-status|p1b: Ogerpon|brn\n|\n|-weather|Sandstorm|[upkeep]\n|-damage|p2b: Tapu Koko|0 fnt|[from] Sandstorm\n|-damage|p2a: Rotom|34\/100|[from] Sandstorm\n|faint|p2b: Tapu Koko\n|-heal|p2a: Rotom|40\/100|[from] item: Leftovers\n|-damage|p2a: Rotom|27\/100|[from] Leech Seed|[of] p1b: Ogerpon\n|-heal|p1b: Ogerpon|88\/100 brn|[silent]\n|-damage|p1b: Ogerpon|82\/100 brn|[from] brn\n|-damage|p1a: zilla|0 fnt|[from] brn\n|faint|p1a: zilla\n|upkeep\n|turn|14\n|c|\u2606Yveltak|No se muere el perro\n|c| El_Gran_Wigglytuff|Ya le sabe a los combates dobles\n|c|\u2606Yveltak|Ya me rindo aqui\n|-message|Yveltak forfeited.\n|\n|win|Kaxxxx\n|l|\u2606Yveltak\n|c|\u2606Kaxxxx|Gg\n","uploadtime":1695847863,"views":13,"p1id":"kaxxxx","p2id":"yveltak","formatid":"gen9nationaldexdoubles","rating":0,"private":0,"password":""}