{"id":"gen9nationaldexdoubles-1984006457","p1":"GunGalione","p2":"play3r35","format":"[Gen 9] National Dex Doubles","log":"|j|\u2606GunGalione\n|j|\u2606play3r35\n|t:|1699209107\n|gametype|doubles\n|player|p1|GunGalione|pokemonranger-gen4|1248\n|player|p2|play3r35|caitlin|1313\n|teamsize|p1|6\n|teamsize|p2|6\n|gen|9\n|tier|[Gen 9] National Dex Doubles\n|rated|\n|rule|HP Percentage Mod: HP is shown in percentages\n|rule|Endless Battle Clause: Forcing endless battles is banned\n|rule|OHKO Clause: OHKO moves are banned\n|rule|Evasion Moves Clause: Evasion moves are banned\n|rule|Evasion Abilities Clause: Evasion abilities are banned\n|rule|Species Clause: Limit one of each Pok\u00e9mon\n|rule|Gravity Sleep Clause: The combination of sleep-inducing moves with imperfect accuracy and Gravity or Gigantamax Orbeetle are banned\n|clearpoke\n|poke|p1|Magmortar, F|\n|poke|p1|Typhlosion, M|\n|poke|p1|Chi-Yu|\n|poke|p1|Torkoal, M|\n|poke|p1|Heliolisk, M|\n|poke|p1|Salazzle, F|\n|poke|p2|Metagross|\n|poke|p2|Mimikyu, F|\n|poke|p2|Rillaboom, F|\n|poke|p2|Incineroar, M|\n|poke|p2|Chien-Pao|\n|poke|p2|Urshifu-*, M|\n|teampreview\n|inactive|Battle timer is ON: inactive players will automatically lose when time's up. (requested by play3r35)\n|\n|t:|1699209120\n|start\n|switch|p1a: Magmortar|Magmortar, F, shiny|100\/100\n|switch|p1b: Salazzle|Salazzle, F|100\/100\n|switch|p2a: Mimikyu|Mimikyu, F|100\/100\n|switch|p2b: Incineroar|Incineroar, M|100\/100\n|turn|1\n|\n|t:|1699209131\n|move|p1b: Salazzle|Fake Out|p2b: Incineroar\n|-damage|p2b: Incineroar|96\/100\n|move|p1a: Magmortar|Heat Wave|p2b: Incineroar|[spread] p2a,p2b\n|-resisted|p2b: Incineroar\n|-activate|p2a: Mimikyu|ability: Disguise\n|-damage|p2a: Mimikyu|100\/100\n|-damage|p2b: Incineroar|78\/100\n|detailschange|p2a: Mimikyu|Mimikyu-Busted, F\n|-damage|p2a: Mimikyu|88\/100|[from] pokemon: Mimikyu-Busted\n|cant|p2b: Incineroar|flinch\n|move|p2a: Mimikyu|Trick Room|p2a: Mimikyu\n|-fieldstart|move: Trick Room|[of] p2a: Mimikyu\n|\n|upkeep\n|turn|2\n|inactive|GunGalione has 120 seconds left.\n|\n|t:|1699209171\n|switch|p1b: Torkoal|Torkoal, M|100\/100\n|-weather|SunnyDay|[from] ability: Drought|[of] p1b: Torkoal\n|move|p2b: Incineroar|Parting Shot|p1a: Magmortar\n|-unboost|p1a: Magmortar|atk|1\n|-unboost|p1a: Magmortar|spa|1\n|\n|t:|1699209179\n|switch|p2b: Metagross|Metagross|100\/100|[from] Parting Shot\n|move|p2a: Mimikyu|Taunt|p1b: Torkoal\n|-start|p1b: Torkoal|move: Taunt\n|move|p1a: Magmortar|Heat Wave|p2a: Mimikyu|[spread] p2a,p2b\n|-supereffective|p2b: Metagross\n|-damage|p2a: Mimikyu|54\/100\n|-damage|p2b: Metagross|36\/100\n|-enditem|p2b: Metagross|Weakness Policy\n|-boost|p2b: Metagross|atk|2|[from] item: Weakness Policy\n|-boost|p2b: Metagross|spa|2|[from] item: Weakness Policy\n|\n|-weather|SunnyDay|[upkeep]\n|upkeep\n|turn|3\n|inactive|GunGalione has 120 seconds left.\n|\n|t:|1699209211\n|switch|p2a: Incineroar|Incineroar, M|78\/100\n|switch|p1a: Chi-Yu|Chi-Yu|100\/100\n|-ability|p1a: Chi-Yu|Beads of Ruin\n|-terastallize|p2b: Metagross|Fire\n|move|p1b: Torkoal|Heat Wave|p2b: Metagross|[spread] p2a,p2b\n|-resisted|p2a: Incineroar\n|-resisted|p2b: Metagross\n|-damage|p2a: Incineroar|60\/100\n|-damage|p2b: Metagross|16\/100\n|move|p2b: Metagross|Stomping Tantrum|p1a: Chi-Yu\n|-supereffective|p1a: Chi-Yu\n|-enditem|p1a: Chi-Yu|Focus Sash\n|-damage|p1a: Chi-Yu|1\/100\n|\n|-weather|SunnyDay|[upkeep]\n|upkeep\n|turn|4\n|inactive|GunGalione has 120 seconds left.\n|inactive|play3r35 has 120 seconds left.\n|\n|t:|1699209241\n|move|p1a: Chi-Yu|Protect|p1a: Chi-Yu\n|-singleturn|p1a: Chi-Yu|Protect\n|move|p2a: Incineroar|Fake Out|p1b: Torkoal\n|-damage|p1b: Torkoal|91\/100\n|move|p2b: Metagross|Bullet Punch|p1a: Chi-Yu\n|-activate|p1a: Chi-Yu|move: Protect\n|cant|p1b: Torkoal|flinch\n|\n|-weather|SunnyDay|[upkeep]\n|-end|p1b: Torkoal|move: Taunt\n|upkeep\n|turn|5\n|inactive|GunGalione has 120 seconds left.\n|\n|t:|1699209258\n|switch|p1a: Salazzle|Salazzle, F|100\/100\n|move|p2b: Metagross|Protect|p2b: Metagross\n|-singleturn|p2b: Metagross|Protect\n|move|p1b: Torkoal|Heat Wave|p2a: Incineroar|[spread] p2a\n|-activate|p2b: Metagross|move: Protect\n|-resisted|p2a: Incineroar\n|-damage|p2a: Incineroar|46\/100\n|move|p2a: Incineroar|Parting Shot|p1b: Torkoal\n|-unboost|p1b: Torkoal|atk|1\n|-unboost|p1b: Torkoal|spa|1\n|\n|t:|1699209277\n|switch|p2a: Mimikyu|Mimikyu-Busted, F|54\/100|[from] Parting Shot\n|\n|-weather|SunnyDay|[upkeep]\n|-fieldend|move: Trick Room\n|upkeep\n|turn|6\n|\n|t:|1699209290\n|move|p1a: Salazzle|Taunt|p2a: Mimikyu\n|-start|p2a: Mimikyu|move: Taunt\n|-enditem|p2a: Mimikyu|Mental Herb\n|-end|p2a: Mimikyu|move: Taunt\n|move|p2a: Mimikyu|Taunt|p1a: Salazzle\n|-start|p1a: Salazzle|move: Taunt\n|move|p2b: Metagross|Stomping Tantrum|p1b: Torkoal\n|-supereffective|p1b: Torkoal\n|-crit|p1b: Torkoal\n|-damage|p1b: Torkoal|0 fnt\n|faint|p1b: Torkoal\n|\n|-weather|SunnyDay|[upkeep]\n|upkeep\n|\n|t:|1699209301\n|switch|p1b: Magmortar|Magmortar, F, shiny|100\/100\n|turn|7\n|\n|t:|1699209308\n|-terastallize|p1b: Magmortar|Psychic\n|move|p2b: Metagross|Protect|p2b: Metagross\n|-singleturn|p2b: Metagross|Protect\n|move|p1a: Salazzle|Fling|p1b: Magmortar\n|-supereffective|p1b: Magmortar\n|-damage|p1b: Magmortar|95\/100\n|-boost|p1b: Magmortar|spe|1|[from] item: Salac Berry\n|-enditem|p1b: Magmortar|Weakness Policy\n|-boost|p1b: Magmortar|atk|2|[from] item: Weakness Policy\n|-boost|p1b: Magmortar|spa|2|[from] item: Weakness Policy\n|-enditem|p1a: Salazzle|Salac Berry|[from] move: Fling\n|move|p1b: Magmortar|Heat Wave|p2a: Mimikyu|[spread] p2a\n|-activate|p2b: Metagross|move: Protect\n|-damage|p2a: Mimikyu|0 fnt\n|faint|p2a: Mimikyu\n|\n|-weather|SunnyDay|[upkeep]\n|upkeep\n|\n|t:|1699209321\n|switch|p2a: Urshifu|Urshifu-Rapid-Strike, M|100\/100\n|turn|8\n|\n|t:|1699209344\n|move|p2b: Metagross|Bullet Punch|p1b: Magmortar\n|-damage|p1b: Magmortar|25\/100\n|move|p2a: Urshifu|Surging Strikes|p1b: Magmortar\n|-crit|p1b: Magmortar\n|-damage|p1b: Magmortar|9\/100\n|-crit|p1b: Magmortar\n|-damage|p1b: Magmortar|0 fnt\n|faint|p1b: Magmortar\n|-hitcount|p1: Magmortar|2\n|move|p1a: Salazzle|Sludge Bomb|p2b: Metagross\n|-damage|p2b: Metagross|0 fnt\n|faint|p2b: Metagross\n|\n|-weather|SunnyDay|[upkeep]\n|upkeep\n|\n|t:|1699209360\n|switch|p1b: Heliolisk|Heliolisk, M, shiny|100\/100\n|switch|p2b: Chien-Pao|Chien-Pao|100\/100\n|-ability|p2b: Chien-Pao|Sword of Ruin\n|turn|9\n|\n|t:|1699209389\n|switch|p2a: Incineroar|Incineroar, M|46\/100\n|switch|p1a: Chi-Yu|Chi-Yu|1\/100\n|-ability|p1a: Chi-Yu|Beads of Ruin\n|move|p2b: Chien-Pao|Protect|p2b: Chien-Pao\n|-singleturn|p2b: Chien-Pao|Protect\n|move|p1b: Heliolisk|Thunderbolt|p2a: Incineroar\n|-damage|p2a: Incineroar|0 fnt\n|faint|p2a: Incineroar\n|\n|-weather|none\n|upkeep\n|inactive|play3r35 has 120 seconds left.\n|inactive|play3r35 has 90 seconds left.\n|\n|t:|1699209445\n|switch|p2a: Urshifu|Urshifu-Rapid-Strike, M|100\/100\n|turn|10\n|\n|t:|1699209455\n|move|p1a: Chi-Yu|Protect|p1a: Chi-Yu\n|-singleturn|p1a: Chi-Yu|Protect\n|move|p2b: Chien-Pao|Sucker Punch||[still]\n|-fail|p2b: Chien-Pao\n|move|p1b: Heliolisk|Thunderbolt|p2a: Urshifu\n|-supereffective|p2a: Urshifu\n|-damage|p2a: Urshifu|0 fnt\n|faint|p2a: Urshifu\n|\n|upkeep\n|\n|t:|1699209465\n|switch|p2a: Rillaboom|Rillaboom, F|100\/100\n|-fieldstart|move: Grassy Terrain|[from] ability: Grassy Surge|[of] p2a: Rillaboom\n|turn|11\n|inactive|play3r35 has 120 seconds left.\n|\n|t:|1699209476\n|switch|p1a: Salazzle|Salazzle, F|100\/100\n|move|p2a: Rillaboom|Grassy Glide|p1a: Salazzle\n|-resisted|p1a: Salazzle\n|-damage|p1a: Salazzle|80\/100\n|move|p1b: Heliolisk|Thunderbolt|p2b: Chien-Pao\n|-damage|p2b: Chien-Pao|27\/100\n|move|p2b: Chien-Pao|Icicle Crash|p1b: Heliolisk\n|-damage|p1b: Heliolisk|0 fnt\n|faint|p1b: Heliolisk\n|\n|-heal|p2b: Chien-Pao|33\/100|[from] Grassy Terrain\n|-heal|p1a: Salazzle|87\/100|[from] Grassy Terrain\n|upkeep\n|\n|t:|1699209490\n|switch|p1b: Typhlosion|Typhlosion, M|100\/100\n|turn|12\n|\n|t:|1699209494\n|move|p2b: Chien-Pao|Protect|p2b: Chien-Pao\n|-singleturn|p2b: Chien-Pao|Protect\n|move|p1a: Salazzle|Fake Out|p2b: Chien-Pao\n|-activate|p2b: Chien-Pao|move: Protect\n|move|p1b: Typhlosion|Eruption|p2b: Chien-Pao|[spread] p2a\n|-activate|p2b: Chien-Pao|move: Protect\n|-supereffective|p2a: Rillaboom\n|-damage|p2a: Rillaboom|22\/100\n|move|p2a: Rillaboom|Bulldoze|p1a: Salazzle|[spread] p1a,p1b\n|-activate|p2b: Chien-Pao|move: Protect\n|-supereffective|p1a: Salazzle\n|-supereffective|p1b: Typhlosion\n|-damage|p1a: Salazzle|17\/100\n|-damage|p1b: Typhlosion|68\/100\n|-unboost|p1a: Salazzle|spe|1\n|-unboost|p1b: Typhlosion|spe|1\n|\n|-heal|p2b: Chien-Pao|39\/100|[from] Grassy Terrain\n|-heal|p1b: Typhlosion|74\/100|[from] Grassy Terrain\n|-heal|p1a: Salazzle|23\/100|[from] Grassy Terrain\n|-heal|p2a: Rillaboom|28\/100|[from] Grassy Terrain\n|upkeep\n|turn|13\n|inactive|play3r35 has 120 seconds left.\n|\n|t:|1699209536\n|switch|p1b: Chi-Yu|Chi-Yu|1\/100\n|-ability|p1b: Chi-Yu|Beads of Ruin\n|move|p2a: Rillaboom|Grassy Glide|p1a: Salazzle\n|-resisted|p1a: Salazzle\n|-damage|p1a: Salazzle|3\/100\n|move|p2b: Chien-Pao|Lash Out|p1b: Chi-Yu\n|-resisted|p1b: Chi-Yu\n|-damage|p1b: Chi-Yu|0 fnt\n|faint|p1b: Chi-Yu\n|move|p1a: Salazzle|Sludge Bomb|p2a: Rillaboom\n|-supereffective|p2a: Rillaboom\n|-damage|p2a: Rillaboom|0 fnt\n|faint|p2a: Rillaboom\n|\n|-heal|p2b: Chien-Pao|45\/100|[from] Grassy Terrain\n|-heal|p1a: Salazzle|9\/100|[from] Grassy Terrain\n|upkeep\n|\n|t:|1699209549\n|switch|p1b: Typhlosion|Typhlosion, M|74\/100\n|turn|14\n|\n|t:|1699209557\n|move|p1b: Typhlosion|Eruption|p2b: Chien-Pao\n|-supereffective|p2b: Chien-Pao\n|-damage|p2b: Chien-Pao|0 fnt\n|faint|p2b: Chien-Pao\n|\n|win|GunGalione\n|raw|GunGalione's rating: 1248 &rarr; <strong>1278<\/strong><br \/>(+30 for winning)\n|raw|play3r35's rating: 1313 &rarr; <strong>1289<\/strong><br \/>(-24 for losing)\n|c|\u2606GunGalione|Gg\n","uploadtime":1699209575,"views":6,"p1id":"gungalione","p2id":"play3r35","formatid":"gen9nationaldexdoubles","rating":1278,"private":0,"password":""}