{"id":"gen9nationaldexdoubles-1975521829","p1":"Skymeg3","p2":"johim","format":"[Gen 9] National Dex Doubles","log":"|j|\u2606Skymeg3\n|j|\u2606johim\n|t:|1698200395\n|gametype|doubles\n|player|p1|Skymeg3|benga|1080\n|player|p2|johim|riley|1001\n|teamsize|p1|6\n|teamsize|p2|6\n|gen|9\n|tier|[Gen 9] National Dex Doubles\n|rated|\n|rule|HP Percentage Mod: HP is shown in percentages\n|rule|Endless Battle Clause: Forcing endless battles is banned\n|rule|OHKO Clause: OHKO moves are banned\n|rule|Evasion Moves Clause: Evasion moves are banned\n|rule|Evasion Abilities Clause: Evasion abilities are banned\n|rule|Species Clause: Limit one of each Pok\u00e9mon\n|rule|Gravity Sleep Clause: The combination of sleep-inducing moves with imperfect accuracy and Gravity or Gigantamax Orbeetle are banned\n|clearpoke\n|poke|p1|Farigiraf, M|\n|poke|p1|Granbull, M|\n|poke|p1|Baxcalibur, M|\n|poke|p1|Sinistcha-Masterpiece|\n|poke|p1|Chien-Pao|\n|poke|p1|Ursaluna-Bloodmoon, M|\n|poke|p2|Charizard, M|\n|poke|p2|Cloyster, M|\n|poke|p2|Alakazam, M|\n|poke|p2|Crobat, M|\n|poke|p2|Rhydon, F|\n|poke|p2|Magneton|\n|teampreview\n|inactive|Battle timer is ON: inactive players will automatically lose when time's up. (requested by Skymeg3)\n|\n|t:|1698200406\n|start\n|switch|p1a: Granbull|Granbull, M, shiny|100\/100\n|switch|p1b: Farigiraf|Farigiraf, M, shiny|100\/100\n|switch|p2a: Alakazam|Alakazam, M|100\/100\n|switch|p2b: Crobat|Crobat, M|100\/100\n|turn|1\n|\n|t:|1698200422\n|move|p2b: Crobat|Tailwind|p2b: Crobat\n|-sidestart|p2: johim|move: Tailwind\n|move|p2a: Alakazam|Nasty Plot|p2a: Alakazam\n|-boost|p2a: Alakazam|spa|2\n|move|p1a: Granbull|Rage|p2b: Crobat\n|-damage|p2b: Crobat|92\/100\n|-singlemove|p1a: Granbull|Rage\n|move|p1b: Farigiraf|Beat Up|p1a: Granbull\n|-resisted|p1a: Granbull\n|-damage|p1a: Granbull|98\/100\n|-boost|p1a: Granbull|atk|1\n|-ability|p1a: Granbull|Rattled|boost\n|-boost|p1a: Granbull|spe|1\n|-resisted|p1a: Granbull\n|-damage|p1a: Granbull|96\/100\n|-boost|p1a: Granbull|atk|1\n|-ability|p1a: Granbull|Rattled|boost\n|-boost|p1a: Granbull|spe|1\n|-resisted|p1a: Granbull\n|-damage|p1a: Granbull|93\/100\n|-boost|p1a: Granbull|atk|1\n|-ability|p1a: Granbull|Rattled|boost\n|-boost|p1a: Granbull|spe|1\n|-resisted|p1a: Granbull\n|-damage|p1a: Granbull|92\/100\n|-boost|p1a: Granbull|atk|1\n|-ability|p1a: Granbull|Rattled|boost\n|-boost|p1a: Granbull|spe|1\n|-resisted|p1a: Granbull\n|-damage|p1a: Granbull|89\/100\n|-boost|p1a: Granbull|atk|1\n|-ability|p1a: Granbull|Rattled|boost\n|-boost|p1a: Granbull|spe|1\n|-resisted|p1a: Granbull\n|-damage|p1a: Granbull|87\/100\n|-boost|p1a: Granbull|atk|1\n|-ability|p1a: Granbull|Rattled|boost\n|-boost|p1a: Granbull|spe|1\n|-hitcount|p1a: Granbull|6\n|\n|-heal|p1a: Granbull|94\/100|[from] item: Leftovers\n|upkeep\n|turn|2\n|inactive|johim has 120 seconds left.\n|\n|t:|1698200467\n|move|p1a: Granbull|Protect|p1a: Granbull\n|-singleturn|p1a: Granbull|Protect\n|move|p2b: Crobat|Toxic|p1a: Granbull\n|-activate|p1a: Granbull|move: Protect\n|move|p2a: Alakazam|Dazzling Gleam|p1b: Farigiraf|[spread] p1b\n|-activate|p1a: Granbull|move: Protect\n|-damage|p1b: Farigiraf|57\/100\n|move|p1b: Farigiraf|Thunder Wave|p2a: Alakazam\n|-status|p2a: Alakazam|par\n|\n|-heal|p1a: Granbull|99\/100|[from] item: Leftovers\n|-heal|p1b: Farigiraf|63\/100|[from] item: Leftovers\n|upkeep\n|turn|3\n|inactive|johim has 120 seconds left.\n|\n|t:|1698200489\n|move|p1a: Granbull|Play Rough|p2a: Alakazam\n|-crit|p2a: Alakazam\n|-enditem|p2a: Alakazam|Focus Sash\n|-damage|p2a: Alakazam|1\/100 par\n|move|p2b: Crobat|Toxic|p1a: Granbull\n|-status|p1a: Granbull|tox\n|move|p2a: Alakazam|Dazzling Gleam|p1a: Granbull|[spread] p1a,p1b\n|-damage|p1a: Granbull|32\/100 tox\n|-damage|p1b: Farigiraf|17\/100\n|move|p1b: Farigiraf|Imprison|p1b: Farigiraf\n|-start|p1b: Farigiraf|move: Imprison\n|\n|-heal|p1a: Granbull|38\/100 tox|[from] item: Leftovers\n|-heal|p1b: Farigiraf|23\/100|[from] item: Leftovers\n|-damage|p1a: Granbull|32\/100 tox|[from] psn\n|upkeep\n|turn|4\n|inactive|johim has 120 seconds left.\n|\n|t:|1698200516\n|move|p1a: Granbull|Protect|p1a: Granbull\n|-singleturn|p1a: Granbull|Protect\n|move|p2b: Crobat|Haze|p2b: Crobat\n|-clearallboost\n|move|p2a: Alakazam|Dazzling Gleam|p1b: Farigiraf|[spread] p1b\n|-activate|p1a: Granbull|move: Protect\n|-damage|p1b: Farigiraf|0 fnt\n|faint|p1b: Farigiraf\n|\n|-heal|p1a: Granbull|38\/100 tox|[from] item: Leftovers\n|-damage|p1a: Granbull|26\/100 tox|[from] psn\n|-sideend|p2: johim|move: Tailwind\n|upkeep\n|\n|t:|1698200530\n|switch|p1b: Baxcalibur|Baxcalibur, M, shiny|100\/100\n|turn|5\n|\n|t:|1698200539\n|move|p2b: Crobat|Tailwind|p2b: Crobat\n|-sidestart|p2: johim|move: Tailwind\n|move|p2a: Alakazam|Dazzling Gleam|p1b: Baxcalibur|[spread] p1a,p1b\n|-supereffective|p1b: Baxcalibur\n|-damage|p1a: Granbull|0 fnt\n|-damage|p1b: Baxcalibur|55\/100\n|faint|p1a: Granbull\n|move|p1b: Baxcalibur|Dragon Dance|p1b: Baxcalibur\n|-boost|p1b: Baxcalibur|atk|1\n|-boost|p1b: Baxcalibur|spe|1\n|\n|upkeep\n|\n|t:|1698200544\n|switch|p1a: Sinistcha|Sinistcha-Masterpiece, shiny|100\/100\n|-heal|p1b: Baxcalibur|79\/100|[from] ability: Hospitality|[of] p1a: Sinistcha\n|turn|6\n|\n|t:|1698200558\n|move|p1b: Baxcalibur|Ice Shard|p2b: Crobat\n|-supereffective|p2b: Crobat\n|-damage|p2b: Crobat|17\/100\n|move|p2b: Crobat|Haze|p2b: Crobat\n|-clearallboost\n|move|p2a: Alakazam|Dazzling Gleam|p1a: Sinistcha|[spread] p1a,p1b\n|-supereffective|p1b: Baxcalibur\n|-damage|p1a: Sinistcha|75\/100\n|-damage|p1b: Baxcalibur|33\/100\n|move|p1a: Sinistcha|Calm Mind|p1a: Sinistcha\n|-boost|p1a: Sinistcha|spa|1\n|-boost|p1a: Sinistcha|spd|1\n|\n|-heal|p1a: Sinistcha|81\/100|[from] item: Leftovers\n|upkeep\n|turn|7\n|l|\u2606Skymeg3\n|inactive|Skymeg3 disconnected and has a minute to reconnect!\n|player|p1|\n|j|\u2606Skymeg3\n|inactive|Skymeg3 reconnected and has 135 seconds left.\n|player|p1|Skymeg3|benga\n|\n|t:|1698200587\n|move|p2b: Crobat|Haze|p2b: Crobat\n|-clearallboost\n|move|p2a: Alakazam|Dazzling Gleam|p1a: Sinistcha|[spread] p1a,p1b\n|-supereffective|p1b: Baxcalibur\n|-damage|p1a: Sinistcha|57\/100\n|-damage|p1b: Baxcalibur|0 fnt\n|faint|p1b: Baxcalibur\n|move|p1a: Sinistcha|Matcha Gotcha|p2b: Crobat|[spread] p2b\n|-miss|p1a: Sinistcha|p2a: Alakazam\n|-resisted|p2b: Crobat\n|-damage|p2b: Crobat|8\/100\n|-heal|p1a: Sinistcha|62\/100|[from] drain|[of] p2b: Crobat\n|\n|-heal|p1a: Sinistcha|68\/100|[from] item: Leftovers\n|upkeep\n|inactive|Skymeg3 has 120 seconds left.\n|c|\u2606Skymeg3|im so done with this game\n|c|\u2606Skymeg3|im gonna play fnaf\n|\n|t:|1698200625\n|switch|p1b: Ursaluna|Ursaluna-Bloodmoon, M|100\/100\n|turn|8\n|\n|t:|1698200642\n|move|p2b: Crobat|Toxic|p1b: Ursaluna\n|-status|p1b: Ursaluna|tox\n|move|p2a: Alakazam|Energy Ball|p1b: Ursaluna\n|-supereffective|p1b: Ursaluna\n|-crit|p1b: Ursaluna\n|-damage|p1b: Ursaluna|0 fnt\n|faint|p1b: Ursaluna\n|move|p1a: Sinistcha|Shadow Ball|p2b: Crobat\n|-damage|p2b: Crobat|0 fnt\n|faint|p2b: Crobat\n|\n|-heal|p1a: Sinistcha|74\/100|[from] item: Leftovers\n|-sideend|p2: johim|move: Tailwind\n|upkeep\n|-message|Skymeg3 forfeited.\n|\n|win|johim\n|raw|Skymeg3's rating: 1080 &rarr; <strong>1053<\/strong><br \/>(-27 for losing)\n|raw|johim's rating: 1001 &rarr; <strong>1050<\/strong><br \/>(+49 for winning)\n|l|\u2606Skymeg3\n","uploadtime":1698200658,"views":6,"p1id":"skymeg3","p2id":"johim","formatid":"gen9nationaldexdoubles","rating":1050,"private":0,"password":""}