{"id":"gen9nationaldexdoubles-1963772957","p1":"Ex0tic_s0da","p2":"the maraculous","format":"[Gen 9] National Dex Doubles","log":"|j|\u2606Ex0tic_s0da\n|j|\u2606the maraculous\n|t:|1696898634\n|gametype|doubles\n|player|p1|Ex0tic_s0da|silver|1080\n|player|p2|the maraculous|dragontamer|1333\n|teamsize|p1|6\n|teamsize|p2|6\n|gen|9\n|tier|[Gen 9] National Dex Doubles\n|rated|\n|rule|HP Percentage Mod: HP is shown in percentages\n|rule|Endless Battle Clause: Forcing endless battles is banned\n|rule|OHKO Clause: OHKO moves are banned\n|rule|Evasion Moves Clause: Evasion moves are banned\n|rule|Evasion Abilities Clause: Evasion abilities are banned\n|rule|Species Clause: Limit one of each Pok\u00e9mon\n|rule|Gravity Sleep Clause: The combination of sleep-inducing moves with imperfect accuracy and Gravity or Gigantamax Orbeetle are banned\n|clearpoke\n|poke|p1|Reuniclus, F|\n|poke|p1|Munkidori, M|\n|poke|p1|Sinistcha-Masterpiece|\n|poke|p1|Hatterene, F|\n|poke|p1|Mawile, F|\n|poke|p1|Ninetales-Alola, M|\n|poke|p2|Xurkitree|\n|poke|p2|Iron Valiant|\n|poke|p2|Chandelure, F|\n|poke|p2|Landorus-Therian, M|\n|poke|p2|Kartana|\n|poke|p2|Farigiraf, F|\n|teampreview\n|inactive|Battle timer is ON: inactive players will automatically lose when time's up. (requested by Ex0tic_s0da)\n|\n|t:|1696898651\n|start\n|switch|p1a: Reuniclus|Reuniclus, F, shiny|100\/100\n|switch|p1b: Ninetales|Ninetales-Alola, M|100\/100\n|switch|p2a: Chandelure|Chandelure, F|100\/100\n|switch|p2b: Xurkitree|Xurkitree|100\/100\n|-weather|Snow|[from] ability: Snow Warning|[of] p1b: Ninetales\n|-item|p2a: Chandelure|Air Balloon\n|turn|1\n|\n|t:|1696898666\n|move|p2b: Xurkitree|Electric Terrain|p2b: Xurkitree\n|-fieldstart|move: Electric Terrain\n|move|p1b: Ninetales|Aurora Veil|p1b: Ninetales\n|-sidestart|p1: Ex0tic_s0da|move: Aurora Veil\n|move|p2a: Chandelure|Imprison|p2a: Chandelure\n|-start|p2a: Chandelure|move: Imprison\n|move|p1a: Reuniclus|Calm Mind|p1a: Reuniclus\n|-boost|p1a: Reuniclus|spa|1\n|-boost|p1a: Reuniclus|spd|1\n|\n|-weather|Snow|[upkeep]\n|upkeep\n|turn|2\n|\n|t:|1696898687\n|move|p2b: Xurkitree|Rising Voltage|p1a: Reuniclus\n|-hint|Rising Voltage's BP doubled on grounded target.\n|-damage|p1a: Reuniclus|54\/100\n|move|p1b: Ninetales|Blizzard|p2a: Chandelure|[spread] p2a,p2b\n|-resisted|p2a: Chandelure\n|-damage|p2a: Chandelure|87\/100\n|-damage|p2b: Xurkitree|68\/100\n|-enditem|p2a: Chandelure|Air Balloon\n|move|p2a: Chandelure|Shadow Ball|p1a: Reuniclus\n|-supereffective|p1a: Reuniclus\n|-damage|p1a: Reuniclus|19\/100\n|-unboost|p1a: Reuniclus|spd|1\n|move|p1a: Reuniclus|Calm Mind|p1a: Reuniclus\n|-boost|p1a: Reuniclus|spa|1\n|-boost|p1a: Reuniclus|spd|1\n|\n|-weather|Snow|[upkeep]\n|-heal|p1a: Reuniclus|25\/100|[from] item: Leftovers\n|upkeep\n|turn|3\n|\n|t:|1696898715\n|move|p2b: Xurkitree|Rising Voltage|p1b: Ninetales\n|-hint|Rising Voltage's BP doubled on grounded target.\n|-damage|p1b: Ninetales|28\/100\n|move|p1b: Ninetales|Blizzard|p2b: Xurkitree|[spread] p2a,p2b\n|-resisted|p2a: Chandelure\n|-damage|p2a: Chandelure|73\/100\n|-damage|p2b: Xurkitree|32\/100\n|move|p2a: Chandelure|Shadow Ball|p1a: Reuniclus\n|-supereffective|p1a: Reuniclus\n|-damage|p1a: Reuniclus|0 fnt\n|faint|p1a: Reuniclus\n|\n|-weather|Snow|[upkeep]\n|upkeep\n|inactive|Ex0tic_s0da has 120 seconds left.\n|\n|t:|1696898730\n|switch|p1a: Sinistcha|Sinistcha-Masterpiece|100\/100\n|-heal|p1b: Ninetales|53\/100|[from] ability: Hospitality|[of] p1a: Sinistcha\n|turn|4\n|\n|t:|1696898743\n|switch|p1b: Munkidori|Munkidori, M|100\/100\n|move|p2b: Xurkitree|Rising Voltage|p1b: Munkidori\n|-hint|Rising Voltage's BP doubled on grounded target.\n|-damage|p1b: Munkidori|39\/100\n|move|p2a: Chandelure|Shadow Ball|p1a: Sinistcha\n|-supereffective|p1a: Sinistcha\n|-damage|p1a: Sinistcha|30\/100\n|-enditem|p1a: Sinistcha|Sitrus Berry|[eat]\n|-heal|p1a: Sinistcha|55\/100|[from] item: Sitrus Berry\n|move|p1a: Sinistcha|Calm Mind|p1a: Sinistcha\n|-boost|p1a: Sinistcha|spa|1\n|-boost|p1a: Sinistcha|spd|1\n|\n|-weather|Snow|[upkeep]\n|-heal|p1b: Munkidori|45\/100|[from] item: Leftovers\n|upkeep\n|turn|5\n|\n|t:|1696898766\n|switch|p2b: Farigiraf|Farigiraf, F|100\/100\n|move|p1b: Munkidori|Fake Out||[still]\n|cant|p2b: Farigiraf|ability: Armor Tail|Fake Out|[of] p1b: Munkidori\n|move|p2a: Chandelure|Shadow Ball|p1a: Sinistcha\n|-supereffective|p1a: Sinistcha\n|-damage|p1a: Sinistcha|11\/100\n|move|p1a: Sinistcha|Matcha Gotcha|p2a: Chandelure|[spread] p2a,p2b\n|-resisted|p2a: Chandelure\n|-damage|p2a: Chandelure|52\/100\n|-heal|p1a: Sinistcha|23\/100|[from] drain|[of] p2a: Chandelure\n|-damage|p2b: Farigiraf|62\/100\n|-heal|p1a: Sinistcha|53\/100|[from] drain|[of] p2b: Farigiraf\n|-status|p2b: Farigiraf|brn\n|\n|-weather|none\n|-heal|p1b: Munkidori|51\/100|[from] item: Leftovers\n|-heal|p2b: Farigiraf|69\/100 brn|[from] item: Leftovers\n|-damage|p2b: Farigiraf|62\/100 brn|[from] brn\n|-fieldend|move: Electric Terrain\n|upkeep\n|turn|6\n|\n|t:|1696898789\n|move|p1b: Munkidori|Psychic Terrain|p1b: Munkidori\n|-fieldstart|move: Psychic Terrain\n|move|p2a: Chandelure|Shadow Ball|p1a: Sinistcha\n|-supereffective|p1a: Sinistcha\n|-damage|p1a: Sinistcha|12\/100\n|move|p1a: Sinistcha|Matcha Gotcha|p2a: Chandelure|[spread] p2a\n|-miss|p1a: Sinistcha|p2b: Farigiraf\n|-resisted|p2a: Chandelure\n|-damage|p2a: Chandelure|30\/100\n|-heal|p1a: Sinistcha|24\/100|[from] drain|[of] p2a: Chandelure\n|move|p2b: Farigiraf|Nasty Plot|p2b: Farigiraf\n|-boost|p2b: Farigiraf|spa|2\n|\n|-heal|p1b: Munkidori|57\/100|[from] item: Leftovers\n|-heal|p2b: Farigiraf|69\/100 brn|[from] item: Leftovers\n|-damage|p2b: Farigiraf|62\/100 brn|[from] brn\n|upkeep\n|turn|7\n|inactive|Ex0tic_s0da has 120 seconds left.\n|\n|t:|1696898821\n|move|p1b: Munkidori|Calm Mind|p1b: Munkidori\n|-boost|p1b: Munkidori|spa|1\n|-boost|p1b: Munkidori|spd|1\n|move|p2a: Chandelure|Shadow Ball|p1a: Sinistcha\n|-supereffective|p1a: Sinistcha\n|-damage|p1a: Sinistcha|0 fnt\n|faint|p1a: Sinistcha\n|move|p2b: Farigiraf|Twin Beam|p1b: Munkidori\n|-damage|p1b: Munkidori|36\/100\n|-damage|p1b: Munkidori|17\/100\n|-hitcount|p1b: Munkidori|2\n|\n|-heal|p1b: Munkidori|23\/100|[from] item: Leftovers\n|-heal|p2b: Farigiraf|69\/100 brn|[from] item: Leftovers\n|-damage|p2b: Farigiraf|62\/100 brn|[from] brn\n|upkeep\n|inactive|Ex0tic_s0da has 120 seconds left.\n|\n|t:|1696898839\n|switch|p1a: Hatterene|Hatterene, F|100\/100\n|turn|8\n|inactive|Ex0tic_s0da has 120 seconds left.\n|\n|t:|1696898859\n|move|p1b: Munkidori|Clear Smog|p2b: Farigiraf\n|-damage|p2b: Farigiraf|31\/100 brn\n|-clearboost|p2b: Farigiraf\n|move|p2a: Chandelure|Shadow Ball|p1a: Hatterene\n|-supereffective|p1a: Hatterene\n|-damage|p1a: Hatterene|36\/100\n|-unboost|p1a: Hatterene|spd|1\n|move|p2b: Farigiraf|Hyper Voice|p1b: Munkidori|[spread] p1a,p1b\n|-damage|p1a: Hatterene|5\/100\n|-damage|p1b: Munkidori|12\/100\n|move|p1a: Hatterene|Trick|p2b: Farigiraf\n|-activate|p1a: Hatterene|move: Trick|[of] p2b: Farigiraf\n|-item|p2b: Farigiraf|Choice Scarf|[from] move: Trick\n|-item|p1a: Hatterene|Leftovers|[from] move: Trick\n|\n|-heal|p1b: Munkidori|17\/100|[from] item: Leftovers\n|-heal|p1a: Hatterene|11\/100|[from] item: Leftovers\n|-damage|p2b: Farigiraf|25\/100 brn|[from] brn\n|-sideend|p1: Ex0tic_s0da|move: Aurora Veil\n|upkeep\n|turn|9\n|inactive|Ex0tic_s0da has 120 seconds left.\n|\n|t:|1696898886\n|move|p1b: Munkidori|Clear Smog|p2b: Farigiraf\n|-damage|p2b: Farigiraf|0 fnt\n|-clearboost|p2b: Farigiraf\n|faint|p2b: Farigiraf\n|move|p2a: Chandelure|Shadow Ball|p1b: Munkidori\n|-supereffective|p1b: Munkidori\n|-damage|p1b: Munkidori|0 fnt\n|faint|p1b: Munkidori\n|move|p1a: Hatterene|Expanding Force|p2a: Chandelure\n|-damage|p2a: Chandelure|0 fnt\n|faint|p2a: Chandelure\n|\n|-heal|p1a: Hatterene|17\/100|[from] item: Leftovers\n|upkeep\n|inactive|Ex0tic_s0da has 120 seconds left.\n|l|\u2606Ex0tic_s0da\n|inactive|Ex0tic_s0da disconnected and has a minute to reconnect!\n|player|p1|\n|j|\u2606Ex0tic_s0da\n|inactive|Ex0tic_s0da reconnected and has 110 seconds left.\n|player|p1|Ex0tic_s0da|silver\n|\n|t:|1696898921\n|switch|p1b: Ninetales|Ninetales-Alola, M|53\/100\n|switch|p2a: Kartana|Kartana|100\/100\n|switch|p2b: Iron Valiant|Iron Valiant|100\/100\n|-weather|Snow|[from] ability: Snow Warning|[of] p1b: Ninetales\n|turn|10\n|\n|t:|1696898932\n|move|p2b: Iron Valiant|Moonblast|p1a: Hatterene\n|-damage|p1a: Hatterene|0 fnt\n|faint|p1a: Hatterene\n|-damage|p2b: Iron Valiant|91\/100|[from] item: Life Orb\n|move|p2a: Kartana|Smart Strike|p1b: Ninetales\n|-supereffective|p1b: Ninetales\n|-damage|p1b: Ninetales|0 fnt\n|faint|p1b: Ninetales\n|-ability|p2a: Kartana|Beast Boost|boost\n|-boost|p2a: Kartana|atk|1\n|\n|-weather|Snow|[upkeep]\n|-fieldend|move: Psychic Terrain\n|upkeep\n|inactive|Ex0tic_s0da has 120 seconds left.\n|\n|t:|1696898947\n|switch|p1a: Mawile|Mawile, F|100\/100\n|-ability|p1a: Mawile|Intimidate|boost\n|-unboost|p2a: Kartana|atk|1\n|-unboost|p2b: Iron Valiant|atk|1\n|turn|11\n|\n|t:|1696898954\n|move|p2b: Iron Valiant|Close Combat|p1a: Mawile\n|-damage|p1a: Mawile|20\/100\n|-unboost|p2b: Iron Valiant|def|1\n|-unboost|p2b: Iron Valiant|spd|1\n|-damage|p2b: Iron Valiant|81\/100|[from] item: Life Orb\n|move|p2a: Kartana|Smart Strike|p1a: Mawile\n|-damage|p1a: Mawile|0 fnt\n|faint|p1a: Mawile\n|\n|win|the maraculous\n|raw|Ex0tic_s0da's rating: 1080 &rarr; <strong>1072<\/strong><br \/>(-8 for losing)\n|raw|the maraculous's rating: 1333 &rarr; <strong>1341<\/strong><br \/>(+8 for winning)\n","uploadtime":1696898960,"views":5,"p1id":"ex0tics0da","p2id":"themaraculous","formatid":"gen9nationaldexdoubles","rating":1072,"private":0,"password":""}