{"id":"gen9nationaldexdoubles-1959825329","p1":"GoldenDaniel","p2":"pantostadooficial","format":"[Gen 9] National Dex Doubles","log":"|j|\u2606GoldenDaniel\n|j|\u2606pantostadooficial\n|t:|1696458962\n|gametype|doubles\n|player|p1|GoldenDaniel|ethan|\n|player|p2|pantostadooficial|benga|\n|teamsize|p1|6\n|teamsize|p2|6\n|gen|9\n|tier|[Gen 9] National Dex Doubles\n|rule|HP Percentage Mod: HP is shown in percentages\n|rule|Endless Battle Clause: Forcing endless battles is banned\n|rule|OHKO Clause: OHKO moves are banned\n|rule|Evasion Moves Clause: Evasion moves are banned\n|rule|Evasion Abilities Clause: Evasion abilities are banned\n|rule|Species Clause: Limit one of each Pok\u00e9mon\n|rule|Gravity Sleep Clause: The combination of sleep-inducing moves with imperfect accuracy and Gravity or Gigantamax Orbeetle are banned\n|clearpoke\n|poke|p1|Swampert, F|\n|poke|p1|Cinderace, F|\n|poke|p1|Excadrill, F|\n|poke|p1|Meowscarada, M|\n|poke|p1|Iron Valiant|\n|poke|p1|Dipplin, M|\n|poke|p2|Tauros, M|\n|poke|p2|Cryogonal|\n|poke|p2|Incineroar, M|\n|poke|p2|Gardevoir, F|\n|poke|p2|Landorus-Therian, M|\n|poke|p2|Greninja-*, M|\n|teampreview\n|\n|t:|1696458994\n|start\n|switch|p1a: Swampert|Swampert, F|100\/100\n|switch|p1b: Meowscarada|Meowscarada, M|100\/100\n|switch|p2a: Tauros|Tauros, M|100\/100\n|switch|p2b: Cryogonal|Cryogonal|100\/100\n|turn|1\n|\n|t:|1696459027\n|move|p2b: Cryogonal|Freeze-Dry|p1a: Swampert\n|-supereffective|p1a: Swampert\n|-damage|p1a: Swampert|40\/100\n|move|p2a: Tauros|Rock Slide|p1b: Meowscarada|[spread] p1a,p1b\n|-resisted|p1a: Swampert\n|-damage|p1a: Swampert|32\/100\n|-damage|p1b: Meowscarada|76\/100\n|move|p1b: Meowscarada|Knock Off|p2b: Cryogonal\n|-start|p1b: Meowscarada|typechange|Dark|[from] ability: Protean\n|-damage|p2b: Cryogonal|30\/100\n|-enditem|p2b: Cryogonal|Choice Scarf|[from] move: Knock Off|[of] p1b: Meowscarada\n|cant|p1a: Swampert|flinch\n|\n|upkeep\n|turn|2\n|j| blackbocha203\n|\n|t:|1696459080\n|switch|p2a: Incineroar|Incineroar, M|100\/100\n|-ability|p2a: Incineroar|Intimidate|boost\n|-unboost|p1a: Swampert|atk|1\n|-unboost|p1b: Meowscarada|atk|1\n|switch|p2b: Landorus|Landorus-Therian, M|100\/100\n|-ability|p2b: Landorus|Intimidate|boost\n|-unboost|p1a: Swampert|atk|1\n|-unboost|p1b: Meowscarada|atk|1\n|move|p1b: Meowscarada|Knock Off|p2b: Landorus\n|-damage|p2b: Landorus|82\/100\n|-enditem|p2b: Landorus|Assault Vest|[from] move: Knock Off|[of] p1b: Meowscarada\n|move|p1a: Swampert|Ice Punch|p2a: Incineroar\n|-resisted|p2a: Incineroar\n|-damage|p2a: Incineroar|91\/100\n|\n|upkeep\n|turn|3\n|c| blackbocha203|Otra vez intimidate\n|\n|t:|1696459111\n|move|p2a: Incineroar|Fake Out|p1a: Swampert\n|-damage|p1a: Swampert|23\/100\n|move|p1b: Meowscarada|Knock Off|p2a: Incineroar\n|-resisted|p2a: Incineroar\n|-damage|p2a: Incineroar|81\/100\n|-enditem|p2a: Incineroar|Assault Vest|[from] move: Knock Off|[of] p1b: Meowscarada\n|move|p2b: Landorus|U-turn|p1b: Meowscarada\n|-supereffective|p1b: Meowscarada\n|-crit|p1b: Meowscarada\n|-damage|p1b: Meowscarada|0 fnt\n|faint|p1b: Meowscarada\n|\n|t:|1696459122\n|switch|p2b: Greninja|Greninja, M|100\/100|[from] U-turn\n|cant|p1a: Swampert|flinch\n|\n|upkeep\n|\n|t:|1696459137\n|switch|p1b: Iron Valiant|Iron Valiant|100\/100\n|turn|4\n|\n|t:|1696459174\n|-zpower|p2b: Greninja\n|move|p2b: Greninja|Acid Downpour|p1b: Iron Valiant|[zeffect]\n|-supereffective|p1b: Iron Valiant\n|-damage|p1b: Iron Valiant|0 fnt\n|faint|p1b: Iron Valiant\n|-end|p1b: Iron Valiant|Quark Drive|[silent]\n|-ability|p2b: Greninja|Battle Bond|boost\n|-boost|p2b: Greninja|atk|1\n|-boost|p2b: Greninja|spa|1\n|-boost|p2b: Greninja|spe|1\n|-activate|p2b: Greninja|ability: Battle Bond\n|move|p2a: Incineroar|Flare Blitz|p1a: Swampert\n|-resisted|p1a: Swampert\n|-damage|p1a: Swampert|0 fnt\n|faint|p1a: Swampert\n|-damage|p2a: Incineroar|73\/100|[from] Recoil\n|\n|upkeep\n|\n|t:|1696459198\n|switch|p1b: Cinderace|Cinderace, F|100\/100\n|switch|p1a: Excadrill|Excadrill, F|100\/100\n|-ability|p1a: Excadrill|Mold Breaker\n|turn|5\n|\n|t:|1696459214\n|switch|p2a: Cryogonal|Cryogonal|30\/100\n|move|p2b: Greninja|Surf|p1a: Excadrill|[spread] p2a,p1a,p1b\n|-supereffective|p1a: Excadrill\n|-supereffective|p1b: Cinderace\n|-damage|p2a: Cryogonal|0 fnt\n|-damage|p1a: Excadrill|0 fnt\n|-damage|p1b: Cinderace|0 fnt\n|faint|p2a: Cryogonal\n|faint|p1a: Excadrill\n|faint|p1b: Cinderace\n|\n|upkeep\n|c| blackbocha203|F\n|c|\u2606pantostadooficial|Gg\n|\n|t:|1696459244\n|switch|p2a: Incineroar|Incineroar, M|73\/100\n|switch|p1a: Dipplin|Dipplin, M|100\/100\n|-ability|p2a: Incineroar|Intimidate|boost\n|-unboost|p1a: Dipplin|atk|1\n|turn|6\n|\n|t:|1696459254\n|move|p2a: Incineroar|Fake Out|p1a: Dipplin\n|-damage|p1a: Dipplin|94\/100\n|move|p2b: Greninja|Dark Pulse|p1a: Dipplin\n|-damage|p1a: Dipplin|52\/100\n|cant|p1a: Dipplin|flinch\n|\n|upkeep\n|turn|7\n|\n|t:|1696459281\n|-terastallize|p2a: Incineroar|Dark\n|move|p2b: Greninja|Gunk Shot|p1a: Dipplin\n|-supereffective|p1a: Dipplin\n|-damage|p1a: Dipplin|4\/100\n|move|p2a: Incineroar|Darkest Lariat|p1a: Dipplin\n|-damage|p1a: Dipplin|0 fnt\n|faint|p1a: Dipplin\n|\n|win|pantostadooficial\n","uploadtime":1696459293,"views":7,"p1id":"goldendaniel","p2id":"pantostadooficial","formatid":"gen9nationaldexdoubles","rating":0,"private":0,"password":""}