{"id":"gen9nationaldexdoubles-1968628150","p1":"White Q","p2":"Nkti hf","format":"[Gen 9] National Dex Doubles","log":"|j|\u2606White Q\n|j|\u2606Nkti hf\n|t:|1697444782\n|gametype|doubles\n|player|p1|White Q|1|1000\n|player|p2|Nkti hf|lucas|1070\n|teamsize|p1|6\n|teamsize|p2|6\n|gen|9\n|tier|[Gen 9] National Dex Doubles\n|rated|\n|rule|HP Percentage Mod: HP is shown in percentages\n|rule|Endless Battle Clause: Forcing endless battles is banned\n|rule|OHKO Clause: OHKO moves are banned\n|rule|Evasion Moves Clause: Evasion moves are banned\n|rule|Evasion Abilities Clause: Evasion abilities are banned\n|rule|Species Clause: Limit one of each Pok\u00e9mon\n|rule|Gravity Sleep Clause: The combination of sleep-inducing moves with imperfect accuracy and Gravity or Gigantamax Orbeetle are banned\n|clearpoke\n|poke|p1|Golisopod, M|\n|poke|p1|Audino, M|\n|poke|p1|Kommo-o, F|\n|poke|p1|Incineroar, F|\n|poke|p1|Naganadel|\n|poke|p1|Chesnaught, M|\n|poke|p2|Indeedee, M|\n|poke|p2|Deoxys-Attack|\n|poke|p2|Typhlosion, M|\n|poke|p2|Kartana|\n|poke|p2|Murkrow, F|\n|poke|p2|Shuckle, M|\n|teampreview\n|inactive|Battle timer is ON: inactive players will automatically lose when time's up. (requested by Nkti hf)\n|\n|t:|1697444797\n|start\n|switch|p1a: Audino|Audino, M|100\/100\n|switch|p1b: Kommo-o|Kommo-o, F|100\/100\n|switch|p2a: Murkrow|Murkrow, F|100\/100\n|switch|p2b: Shuckle|Shuckle, M|100\/100\n|turn|1\n|\n|t:|1697444812\n|move|p1b: Kommo-o|Protect|p1b: Kommo-o\n|-singleturn|p1b: Kommo-o|Protect\n|move|p2a: Murkrow|Perish Song|p2a: Murkrow\n|-start|p1a: Audino|perish3|[silent]\n|-start|p1b: Kommo-o|perish3|[silent]\n|-start|p2a: Murkrow|perish3|[silent]\n|-start|p2b: Shuckle|perish3|[silent]\n|-fieldactivate|move: Perish Song\n|move|p1a: Audino|Dazzling Gleam|p2b: Shuckle|[spread] p2a,p2b\n|-supereffective|p2a: Murkrow\n|-damage|p2a: Murkrow|65\/100\n|-damage|p2b: Shuckle|95\/100\n|move|p2b: Shuckle|Stealth Rock|p1a: Audino\n|-sidestart|p1: White Q|move: Stealth Rock\n|\n|-start|p2a: Murkrow|perish3\n|-start|p1b: Kommo-o|perish3\n|-start|p1a: Audino|perish3\n|-start|p2b: Shuckle|perish3\n|upkeep\n|turn|2\n|inactive|White Q has 120 seconds left.\n|\n|t:|1697444843\n|switch|p1b: Chesnaught|Chesnaught, M|100\/100\n|-damage|p1b: Chesnaught|94\/100|[from] Stealth Rock\n|switch|p1a: Incineroar|Incineroar, F|100\/100\n|-damage|p1a: Incineroar|76\/100|[from] Stealth Rock\n|-ability|p1a: Incineroar|Intimidate|boost\n|-unboost|p2a: Murkrow|atk|1\n|-unboost|p2b: Shuckle|atk|1\n|move|p2a: Murkrow|Tailwind|p2a: Murkrow\n|-sidestart|p2: Nkti hf|move: Tailwind\n|move|p2b: Shuckle|Sticky Web|p1b: Chesnaught\n|-sidestart|p1: White Q|move: Sticky Web\n|\n|-start|p2a: Murkrow|perish2\n|-start|p2b: Shuckle|perish2\n|upkeep\n|turn|3\n|\n|t:|1697444868\n|-terastallize|p1b: Chesnaught|Grass\n|move|p1a: Incineroar|Fake Out|p2a: Murkrow\n|-damage|p2a: Murkrow|51\/100\n|cant|p2a: Murkrow|flinch\n|move|p1b: Chesnaught|Wood Hammer|p2b: Shuckle\n|-damage|p2b: Shuckle|49\/100\n|-damage|p1b: Chesnaught|85\/100|[from] Recoil\n|move|p2b: Shuckle|Toxic|p1a: Incineroar\n|-status|p1a: Incineroar|tox\n|\n|-damage|p1a: Incineroar|70\/100 tox|[from] psn\n|-start|p2a: Murkrow|perish1\n|-start|p2b: Shuckle|perish1\n|upkeep\n|turn|4\n|inactive|Nkti hf has 120 seconds left.\n|\n|t:|1697444903\n|move|p2a: Murkrow|Taunt|p1b: Chesnaught\n|-start|p1b: Chesnaught|move: Taunt\n|move|p1b: Chesnaught|Wood Hammer|p2b: Shuckle\n|-crit|p2b: Shuckle\n|-damage|p2b: Shuckle|0 fnt\n|faint|p2b: Shuckle\n|-damage|p1b: Chesnaught|74\/100|[from] Recoil\n|move|p1a: Incineroar|Flare Blitz|p2a: Murkrow\n|-crit|p2a: Murkrow\n|-damage|p2a: Murkrow|0 fnt\n|faint|p2a: Murkrow\n|-damage|p1a: Incineroar|56\/100 tox|[from] Recoil\n|\n|-damage|p1a: Incineroar|44\/100 tox|[from] psn\n|upkeep\n|inactive|Nkti hf has 120 seconds left.\n|inactive|Nkti hf has 90 seconds left.\n|inactive|Nkti hf has 60 seconds left.\n|\n|t:|1697444983\n|switch|p2a: Typhlosion|Typhlosion, M|100\/100\n|switch|p2b: Kartana|Kartana|100\/100\n|turn|5\n|inactive|Nkti hf has 60 seconds left.\n|\n|t:|1697445016\n|switch|p1b: Naganadel|Naganadel|100\/100\n|-damage|p1b: Naganadel|88\/100|[from] Stealth Rock\n|-activate|p1b: Naganadel|move: Sticky Web\n|-unboost|p1b: Naganadel|spe|1\n|move|p2a: Typhlosion|Eruption|p1b: Naganadel|[spread] p1a,p1b\n|-resisted|p1a: Incineroar\n|-resisted|p1b: Naganadel\n|-damage|p1a: Incineroar|24\/100 tox\n|-damage|p1b: Naganadel|45\/100\n|-enditem|p1a: Incineroar|Figy Berry|[eat]\n|-heal|p1a: Incineroar|57\/100 tox|[from] item: Figy Berry\n|move|p2b: Kartana|Sacred Sword|p1a: Incineroar\n|-supereffective|p1a: Incineroar\n|-damage|p1a: Incineroar|0 fnt\n|faint|p1a: Incineroar\n|-ability|p2b: Kartana|Beast Boost|boost\n|-boost|p2b: Kartana|atk|1\n|\n|-sideend|p2: Nkti hf|move: Tailwind\n|upkeep\n|\n|t:|1697445037\n|switch|p1a: Audino|Audino, M|100\/100\n|-damage|p1a: Audino|88\/100|[from] Stealth Rock\n|-activate|p1a: Audino|move: Sticky Web\n|-unboost|p1a: Audino|spe|1\n|turn|6\n|\n|t:|1697445055\n|detailschange|p1a: Audino|Audino-Mega, M\n|-mega|p1a: Audino|Audino|Audinite\n|move|p2a: Typhlosion|Eruption|p1b: Naganadel|[spread] p1a,p1b\n|-resisted|p1b: Naganadel\n|-crit|p1b: Naganadel\n|-damage|p1a: Audino|56\/100\n|-damage|p1b: Naganadel|0 fnt\n|faint|p1b: Naganadel\n|move|p2b: Kartana|Sacred Sword|p1a: Audino\n|-damage|p1a: Audino|20\/100\n|move|p1a: Audino|Trick Room|p1a: Audino\n|-fieldstart|move: Trick Room|[of] p1a: Audino\n|\n|upkeep\n|l|\u2606White Q\n|inactive|White Q disconnected and has a minute to reconnect!\n|player|p1|\n|inactive|White Q has 30 seconds to reconnect!\n|inactive|White Q has 20 seconds to reconnect!\n|inactive|White Q has 15 seconds to reconnect!\n|inactive|White Q has 10 seconds to reconnect!\n|inactive|White Q has 5 seconds to reconnect!\n|-message|White Q lost due to inactivity.\n|\n|win|Nkti hf\n|raw|White Q's rating: 1000 &rarr; <strong>1000<\/strong><br \/>(+0 for losing)\n|raw|Nkti hf's rating: 1070 &rarr; <strong>1094<\/strong><br \/>(+24 for winning)\n","uploadtime":1697445210,"views":13,"p1id":"whiteq","p2id":"nktihf","formatid":"gen9nationaldexdoubles","rating":1000,"private":0,"password":""}