{"id":"gen9nationaldexdoubles-1973763037","p1":"RaWingedDragon","p2":"Yu hung lo","format":"[Gen 9] National Dex Doubles","log":"|j|\u2606RaWingedDragon\n|j|\u2606Yu hung lo\n|t:|1698010917\n|gametype|doubles\n|player|p1|RaWingedDragon|cameraman-gen6|1507\n|player|p2|Yu hung lo|janitor|1625\n|teamsize|p1|6\n|teamsize|p2|6\n|gen|9\n|tier|[Gen 9] National Dex Doubles\n|rated|\n|rule|HP Percentage Mod: HP is shown in percentages\n|rule|Endless Battle Clause: Forcing endless battles is banned\n|rule|OHKO Clause: OHKO moves are banned\n|rule|Evasion Moves Clause: Evasion moves are banned\n|rule|Evasion Abilities Clause: Evasion abilities are banned\n|rule|Species Clause: Limit one of each Pok\u00e9mon\n|rule|Gravity Sleep Clause: The combination of sleep-inducing moves with imperfect accuracy and Gravity or Gigantamax Orbeetle are banned\n|clearpoke\n|poke|p1|Tyranitar, F|\n|poke|p1|Lycanroc, M|\n|poke|p1|Tornadus, M|\n|poke|p1|Houndstone, F|\n|poke|p1|Hippowdon, M|\n|poke|p1|Dracozolt|\n|poke|p2|Swampert, M|\n|poke|p2|Pelipper, F|\n|poke|p2|Rillaboom, F|\n|poke|p2|Tornadus, M|\n|poke|p2|Zapdos|\n|poke|p2|Stakataka|\n|teampreview\n|inactive|Battle timer is ON: inactive players will automatically lose when time's up. (requested by Yu hung lo)\n|\n|t:|1698010944\n|start\n|switch|p1a: Lycanroc|Lycanroc, M|100\/100\n|switch|p1b: Tornadus|Tornadus, M|100\/100\n|switch|p2a: Rillaboom|Rillaboom, F|100\/100\n|switch|p2b: Stakataka|Stakataka|100\/100\n|-fieldstart|move: Grassy Terrain|[from] ability: Grassy Surge|[of] p2a: Rillaboom\n|turn|1\n|\n|t:|1698010959\n|-terastallize|p2b: Stakataka|Ghost\n|move|p2a: Rillaboom|Fake Out|p1b: Tornadus\n|-damage|p1b: Tornadus|85\/100\n|cant|p1b: Tornadus|flinch\n|move|p1a: Lycanroc|Endeavor|p2a: Rillaboom\n|-damage|p2a: Rillaboom|73\/100\n|move|p2b: Stakataka|Trick Room|p2b: Stakataka\n|-fieldstart|move: Trick Room|[of] p2b: Stakataka\n|\n|-heal|p2a: Rillaboom|79\/100|[from] Grassy Terrain\n|upkeep\n|turn|2\n|\n|t:|1698010986\n|switch|p1a: Tyranitar|Tyranitar, F|100\/100\n|-weather|Sandstorm|[from] ability: Sand Stream|[of] p1a: Tyranitar\n|move|p2b: Stakataka|Rock Slide|p1a: Tyranitar|[spread] p1a,p1b\n|-supereffective|p1b: Tornadus\n|-damage|p1a: Tyranitar|76\/100\n|-damage|p1b: Tornadus|15\/100\n|move|p2a: Rillaboom|Wood Hammer|p1a: Tyranitar\n|-supereffective|p1a: Tyranitar\n|-damage|p1a: Tyranitar|0 fnt\n|faint|p1a: Tyranitar\n|-damage|p2a: Rillaboom|54\/100|[from] Recoil\n|move|p1b: Tornadus|Bleakwind Storm|p2a: Rillaboom|[spread] p2a,p2b\n|-supereffective|p2a: Rillaboom\n|-damage|p2a: Rillaboom|16\/100\n|-damage|p2b: Stakataka|70\/100\n|-unboost|p2a: Rillaboom|spe|1\n|\n|-weather|Sandstorm|[upkeep]\n|-damage|p2b: Stakataka|64\/100|[from] Sandstorm\n|-damage|p2a: Rillaboom|10\/100|[from] Sandstorm\n|-heal|p2b: Stakataka|70\/100|[from] Grassy Terrain\n|-heal|p2a: Rillaboom|16\/100|[from] Grassy Terrain\n|upkeep\n|inactive|RaWingedDragon has 120 seconds left.\n|\n|t:|1698011020\n|switch|p1a: Houndstone|Houndstone, F|100\/100\n|turn|3\n|\n|t:|1698011036\n|-terastallize|p1a: Houndstone|Grass\n|move|p2b: Stakataka|Rock Slide|p1a: Houndstone|[spread] p1a\n|-miss|p2b: Stakataka|p1b: Tornadus\n|-damage|p1a: Houndstone|69\/100\n|move|p2a: Rillaboom|Wood Hammer|p1a: Houndstone\n|-resisted|p1a: Houndstone\n|-damage|p1a: Houndstone|30\/100\n|-enditem|p1a: Houndstone|Sitrus Berry|[eat]\n|-heal|p1a: Houndstone|55\/100|[from] item: Sitrus Berry\n|-damage|p2a: Rillaboom|5\/100|[from] Recoil\n|move|p1b: Tornadus|Bleakwind Storm|p2b: Stakataka|[spread] p2a,p2b\n|-supereffective|p2a: Rillaboom\n|-damage|p2a: Rillaboom|0 fnt\n|-damage|p2b: Stakataka|36\/100\n|faint|p2a: Rillaboom\n|cant|p1a: Houndstone|flinch\n|\n|-weather|Sandstorm|[upkeep]\n|-damage|p2b: Stakataka|30\/100|[from] Sandstorm\n|-heal|p2b: Stakataka|36\/100|[from] Grassy Terrain\n|-heal|p1a: Houndstone|61\/100|[from] Grassy Terrain\n|upkeep\n|\n|t:|1698011047\n|switch|p2a: Pelipper|Pelipper, F|100\/100\n|-weather|RainDance|[from] ability: Drizzle|[of] p2a: Pelipper\n|turn|4\n|\n|t:|1698011055\n|switch|p1a: Lycanroc|Lycanroc, M|100\/100\n|move|p1b: Tornadus|Taunt|p2a: Pelipper\n|-start|p2a: Pelipper|move: Taunt\n|move|p2b: Stakataka|Rock Slide|p1a: Lycanroc|[spread] p1a,p1b\n|-supereffective|p1b: Tornadus\n|-damage|p1a: Lycanroc|44\/100\n|-damage|p1b: Tornadus|0 fnt\n|faint|p1b: Tornadus\n|-ability|p2b: Stakataka|Beast Boost|boost\n|-boost|p2b: Stakataka|atk|1\n|move|p2a: Pelipper|Hurricane|p1a: Lycanroc\n|-resisted|p1a: Lycanroc\n|-damage|p1a: Lycanroc|13\/100\n|-start|p1a: Lycanroc|confusion\n|\n|-weather|RainDance|[upkeep]\n|-heal|p2b: Stakataka|43\/100|[from] Grassy Terrain\n|-heal|p1a: Lycanroc|19\/100|[from] Grassy Terrain\n|upkeep\n|\n|t:|1698011061\n|switch|p1b: Hippowdon|Hippowdon, M|100\/100\n|-weather|Sandstorm|[from] ability: Sand Stream|[of] p1b: Hippowdon\n|turn|5\n|inactive|RaWingedDragon has 120 seconds left.\n|\n|t:|1698011099\n|switch|p2a: Swampert|Swampert, M|100\/100\n|move|p2b: Stakataka|Rock Slide|p1a: Lycanroc|[spread] p1a,p1b\n|-resisted|p1b: Hippowdon\n|-crit|p1b: Hippowdon\n|-damage|p1a: Lycanroc|0 fnt\n|-damage|p1b: Hippowdon|81\/100\n|faint|p1a: Lycanroc\n|-ability|p2b: Stakataka|Beast Boost|boost\n|-boost|p2b: Stakataka|atk|1\n|move|p1b: Hippowdon|Toxic|p2b: Stakataka\n|-status|p2b: Stakataka|tox\n|\n|-weather|Sandstorm|[upkeep]\n|-damage|p2b: Stakataka|36\/100 tox|[from] Sandstorm\n|-heal|p2b: Stakataka|43\/100 tox|[from] Grassy Terrain\n|-heal|p1b: Hippowdon|87\/100|[from] Grassy Terrain\n|-damage|p2b: Stakataka|36\/100 tox|[from] psn\n|-fieldend|move: Trick Room\n|-fieldend|move: Grassy Terrain\n|upkeep\n|\n|t:|1698011109\n|switch|p1a: Houndstone|Houndstone, F, tera:Grass|61\/100\n|turn|6\n|\n|t:|1698011135\n|switch|p1b: Dracozolt|Dracozolt|100\/100\n|switch|p2b: Pelipper|Pelipper, F|100\/100\n|-weather|RainDance|[from] ability: Drizzle|[of] p2b: Pelipper\n|detailschange|p2a: Swampert|Swampert-Mega, M\n|-mega|p2a: Swampert|Swampert|Swampertite\n|move|p2a: Swampert|Ice Punch|p1a: Houndstone\n|-supereffective|p1a: Houndstone\n|-damage|p1a: Houndstone|0 fnt\n|faint|p1a: Houndstone\n|\n|-weather|RainDance|[upkeep]\n|upkeep\n|\n|t:|1698011146\n|switch|p1a: Hippowdon|Hippowdon, M|87\/100\n|-weather|Sandstorm|[from] ability: Sand Stream|[of] p1a: Hippowdon\n|turn|7\n|\n|t:|1698011151\n|switch|p2b: Stakataka|Stakataka, tera:Ghost|36\/100 tox\n|move|p2a: Swampert|Protect|p2a: Swampert\n|-singleturn|p2a: Swampert|Protect\n|move|p1b: Dracozolt|Bolt Beak|p2b: Stakataka\n|-damage|p2b: Stakataka|0 fnt\n|faint|p2b: Stakataka\n|move|p1a: Hippowdon|Rock Tomb|p2a: Swampert\n|-activate|p2a: Swampert|move: Protect\n|\n|-weather|Sandstorm|[upkeep]\n|upkeep\n|-message|RaWingedDragon forfeited.\n|\n|win|Yu hung lo\n|raw|RaWingedDragon's rating: 1507 &rarr; <strong>1494<\/strong><br \/>(-13 for losing)\n|raw|Yu hung lo's rating: 1625 &rarr; <strong>1638<\/strong><br \/>(+13 for winning)\n|l|\u2606RaWingedDragon\n","uploadtime":1698011166,"views":15,"p1id":"rawingeddragon","p2id":"yuhunglo","formatid":"gen9nationaldexdoubles","rating":1494,"private":0,"password":""}