{"id":"gen9nationaldexdoubles-1953481141","p1":"The Mago3011","p2":"Dozkek","format":"[Gen 9] National Dex Doubles","log":"|j|\u2606The Mago3011\n|j|\u2606Dozkek\n|t:|1695793281\n|gametype|doubles\n|player|p1|The Mago3011|korrina-masters|\n|player|p2|Dozkek|veteran|\n|teamsize|p1|6\n|teamsize|p2|6\n|gen|9\n|tier|[Gen 9] National Dex Doubles\n|rule|HP Percentage Mod: HP is shown in percentages\n|rule|Endless Battle Clause: Forcing endless battles is banned\n|rule|OHKO Clause: OHKO moves are banned\n|rule|Evasion Moves Clause: Evasion moves are banned\n|rule|Evasion Abilities Clause: Evasion abilities are banned\n|rule|Species Clause: Limit one of each Pok\u00e9mon\n|rule|Gravity Sleep Clause: The combination of sleep-inducing moves with imperfect accuracy and Gravity or Gigantamax Orbeetle are banned\n|clearpoke\n|poke|p1|Armarouge, M|\n|poke|p1|Indeedee-F, F|\n|poke|p1|Ursaluna, M|\n|poke|p1|Cresselia, F|\n|poke|p1|Grimmsnarl, M|\n|poke|p1|Mew|\n|poke|p2|Charizard, M|\n|poke|p2|Chi-Yu|\n|poke|p2|Rillaboom, M|\n|poke|p2|Flutter Mane|\n|poke|p2|Great Tusk|\n|poke|p2|Kartana|\n|teampreview\n|j| Asphalt the pro\n|c|\u2606The Mago3011|glhf\n|c|\u2606Dozkek|And a tr team too \ud83d\udc80\n|\n|t:|1695793333\n|start\n|switch|p1a: Stervwhen|Grimmsnarl, M|100\/100\n|switch|p1b: Psyvi|Mew, shiny|100\/100\n|switch|p2a: Chi-Yu|Chi-Yu|100\/100\n|switch|p2b: Rillaboom|Rillaboom, M|100\/100\n|-ability|p2a: Chi-Yu|Beads of Ruin\n|-fieldstart|move: Grassy Terrain|[from] ability: Grassy Surge|[of] p2b: Rillaboom\n|turn|1\n|\n|t:|1695793370\n|switch|p1b: Feedsuni|Indeedee-F, F|100\/100\n|-fieldstart|move: Psychic Terrain|[from] ability: Psychic Surge|[of] p1b: Feedsuni\n|-enditem|p1b: Feedsuni|Psychic Seed\n|-boost|p1b: Feedsuni|spd|1|[from] item: Psychic Seed\n|move|p2b: Rillaboom|Fake Out|p1a: Stervwhen\n|-activate|p1a: Stervwhen|move: Psychic Terrain\n|move|p1a: Stervwhen|Light Screen|p1a: Stervwhen\n|-sidestart|p1: The Mago3011|move: Light Screen\n|move|p2a: Chi-Yu|Dark Pulse|p1b: Feedsuni\n|-supereffective|p1b: Feedsuni\n|-damage|p1b: Feedsuni|62\/100\n|\n|upkeep\n|turn|2\n|\n|t:|1695793439\n|switch|p2b: Charizard|Charizard, M|100\/100\n|switch|p1a: Gaster|Armarouge, M|100\/100\n|move|p2a: Chi-Yu|Dark Pulse|p1b: Feedsuni\n|-supereffective|p1b: Feedsuni\n|-crit|p1b: Feedsuni\n|-damage|p1b: Feedsuni|0 fnt\n|faint|p1b: Feedsuni\n|\n|upkeep\n|\n|t:|1695793449\n|switch|p1b: Cresselia|Cresselia, F|100\/100\n|turn|3\n|l| Asphalt the pro\n|\n|t:|1695793565\n|-terastallize|p1b: Cresselia|Electric\n|move|p2b: Charizard|Helping Hand|p2a: Chi-Yu\n|-singleturn|p2a: Chi-Yu|Helping Hand|[of] p2b: Charizard\n|move|p2a: Chi-Yu|Dark Pulse|p1b: Cresselia\n|-damage|p1b: Cresselia|65\/100\n|move|p1a: Gaster|Heat Wave|p2b: Charizard|[spread] p2a,p2b\n|-resisted|p2a: Chi-Yu\n|-resisted|p2b: Charizard\n|-damage|p2a: Chi-Yu|71\/100\n|-damage|p2b: Charizard|56\/100\n|-damage|p1a: Gaster|91\/100|[from] item: Life Orb\n|cant|p1b: Cresselia|flinch\n|\n|-heal|p1b: Cresselia|71\/100|[from] item: Leftovers\n|upkeep\n|turn|4\n|\n|t:|1695793617\n|move|p2a: Chi-Yu|Dark Pulse|p1a: Gaster\n|-supereffective|p1a: Gaster\n|-damage|p1a: Gaster|3\/100\n|move|p2b: Charizard|Heat Wave|p1a: Gaster|[spread] p1b\n|-start|p1a: Gaster|ability: Flash Fire\n|-damage|p1b: Cresselia|56\/100\n|move|p1b: Cresselia|Moonlight|p1b: Cresselia\n|-heal|p1b: Cresselia|100\/100\n|move|p1a: Gaster|Trick Room|p1a: Gaster\n|-fieldstart|move: Trick Room|[of] p1a: Gaster\n|\n|upkeep\n|turn|5\n|c|\u2606Dozkek|Bruh\n|\n|t:|1695793662\n|detailschange|p2b: Charizard|Charizard-Mega-Y, M\n|-mega|p2b: Charizard|Charizard|Charizardite Y\n|-weather|SunnyDay|[from] ability: Drought|[of] p2b: Charizard\n|move|p2b: Charizard|Protect|p2b: Charizard\n|-singleturn|p2b: Charizard|Protect\n|move|p1a: Gaster|Heat Wave|p2b: Charizard|[spread] p2a\n|-activate|p2b: Charizard|move: Protect\n|-resisted|p2a: Chi-Yu\n|-damage|p2a: Chi-Yu|0 fnt\n|faint|p2a: Chi-Yu\n|-damage|p1a: Gaster|0 fnt|[from] item: Life Orb\n|faint|p1a: Gaster\n|move|p1b: Cresselia|Expanding Force|p2b: Charizard\n|-activate|p2b: Charizard|move: Protect\n|\n|-weather|SunnyDay|[upkeep]\n|-fieldend|move: Psychic Terrain\n|upkeep\n|\n|t:|1695793732\n|switch|p1a: Stervwhen|Grimmsnarl, M|100\/100\n|switch|p2a: Kartana|Kartana|100\/100\n|turn|6\n|\n|t:|1695793783\n|switch|p2b: Rillaboom|Rillaboom, M|100\/100\n|-fieldstart|move: Grassy Terrain|[from] ability: Grassy Surge|[of] p2b: Rillaboom\n|move|p1a: Stervwhen|Reflect|p1a: Stervwhen\n|-sidestart|p1: The Mago3011|Reflect\n|move|p1b: Cresselia|Expanding Force|p2a: Kartana\n|-resisted|p2a: Kartana\n|-damage|p2a: Kartana|74\/100\n|move|p2a: Kartana|Leaf Blade|p1b: Cresselia\n|-damage|p1b: Cresselia|71\/100\n|\n|-weather|SunnyDay|[upkeep]\n|-heal|p1b: Cresselia|77\/100|[from] item: Leftovers\n|-heal|p2a: Kartana|80\/100|[from] Grassy Terrain\n|upkeep\n|turn|7\n|\n|t:|1695793848\n|move|p2b: Rillaboom|Fake Out|p1b: Cresselia\n|-crit|p1b: Cresselia\n|-damage|p1b: Cresselia|64\/100\n|move|p1a: Stervwhen|Parting Shot|p2a: Kartana\n|-unboost|p2a: Kartana|atk|1\n|-unboost|p2a: Kartana|spa|1\n|\n|t:|1695793864\n|switch|p1a: Pablo Eskobear|Ursaluna, M|100\/100|[from] Parting Shot\n|cant|p1b: Cresselia|flinch\n|move|p2a: Kartana|Leaf Blade|p1a: Pablo Eskobear\n|-supereffective|p1a: Pablo Eskobear\n|-crit|p1a: Pablo Eskobear\n|-damage|p1a: Pablo Eskobear|0 fnt\n|faint|p1a: Pablo Eskobear\n|-ability|p2a: Kartana|Beast Boost|boost\n|-boost|p2a: Kartana|atk|1\n|\n|-weather|SunnyDay|[upkeep]\n|-heal|p1b: Cresselia|70\/100|[from] item: Leftovers\n|-heal|p2a: Kartana|86\/100|[from] Grassy Terrain\n|upkeep\n|c|\u2606The Mago3011|Unfortunate\n|\n|t:|1695793872\n|switch|p1a: Psyvi|Mew, shiny|100\/100\n|turn|8\n|c|\u2606Dozkek|Phew thank god\n|\n|t:|1695793946\n|move|p1b: Cresselia|Expanding Force|p2a: Kartana\n|-resisted|p2a: Kartana\n|-damage|p2a: Kartana|60\/100\n|move|p2b: Rillaboom|U-turn|p1a: Psyvi\n|-supereffective|p1a: Psyvi\n|-damage|p1a: Psyvi|74\/100\n|\n|t:|1695793967\n|switch|p2b: Flutter Mane|Flutter Mane|100\/100|[from] U-turn\n|-activate|p2b: Flutter Mane|ability: Protosynthesis\n|-start|p2b: Flutter Mane|protosynthesisspa\n|move|p1a: Psyvi|Expanding Force|p2a: Kartana\n|-resisted|p2a: Kartana\n|-damage|p2a: Kartana|25\/100\n|move|p2a: Kartana|Leaf Blade|p1a: Psyvi\n|-damage|p1a: Psyvi|40\/100\n|\n|-weather|SunnyDay|[upkeep]\n|-heal|p1b: Cresselia|76\/100|[from] item: Leftovers\n|-heal|p1a: Psyvi|46\/100|[from] Grassy Terrain\n|-heal|p1a: Psyvi|52\/100|[from] item: Leftovers\n|-heal|p2a: Kartana|32\/100|[from] Grassy Terrain\n|-sideend|p1: The Mago3011|move: Light Screen\n|-fieldend|move: Trick Room\n|upkeep\n|turn|9\n|\n|t:|1695794011\n|move|p1a: Psyvi|Protect|p1a: Psyvi\n|-singleturn|p1a: Psyvi|Protect\n|move|p2b: Flutter Mane|Moonblast|p1a: Psyvi\n|-activate|p1a: Psyvi|move: Protect\n|move|p2a: Kartana|Leaf Blade|p1b: Cresselia\n|-crit|p1b: Cresselia\n|-damage|p1b: Cresselia|8\/100\n|move|p1b: Cresselia|Trick Room|p1b: Cresselia\n|-fieldstart|move: Trick Room|[of] p1b: Cresselia\n|\n|-weather|none\n|-end|p2b: Flutter Mane|Protosynthesis\n|-heal|p1b: Cresselia|14\/100|[from] item: Leftovers\n|-heal|p1a: Psyvi|58\/100|[from] Grassy Terrain\n|-heal|p1a: Psyvi|64\/100|[from] item: Leftovers\n|-heal|p2a: Kartana|38\/100|[from] Grassy Terrain\n|upkeep\n|turn|10\n|\n|t:|1695794041\n|move|p1b: Cresselia|Moonlight|p1b: Cresselia\n|-heal|p1b: Cresselia|64\/100\n|move|p1a: Psyvi|Expanding Force|p2a: Kartana\n|-resisted|p2a: Kartana\n|-damage|p2a: Kartana|0 fnt\n|faint|p2a: Kartana\n|move|p2b: Flutter Mane|Moonblast|p1a: Psyvi\n|-damage|p1a: Psyvi|15\/100\n|\n|-heal|p1b: Cresselia|71\/100|[from] item: Leftovers\n|-heal|p1a: Psyvi|21\/100|[from] Grassy Terrain\n|-heal|p1a: Psyvi|27\/100|[from] item: Leftovers\n|-fieldend|move: Grassy Terrain\n|upkeep\n|\n|t:|1695794056\n|switch|p2a: Charizard|Charizard-Mega-Y, M|56\/100\n|-weather|SunnyDay|[from] ability: Drought|[of] p2a: Charizard\n|-activate|p2b: Flutter Mane|ability: Protosynthesis\n|-start|p2b: Flutter Mane|protosynthesisspa\n|turn|11\n|\n|t:|1695794113\n|move|p1b: Cresselia|Expanding Force|p2b: Flutter Mane\n|-crit|p2b: Flutter Mane\n|-damage|p2b: Flutter Mane|72\/100\n|move|p1a: Psyvi|Expanding Force|p2b: Flutter Mane\n|-damage|p2b: Flutter Mane|50\/100\n|move|p2a: Charizard|Heat Wave|p1a: Psyvi|[spread] p1a,p1b\n|-damage|p1a: Psyvi|0 fnt\n|-damage|p1b: Cresselia|36\/100\n|faint|p1a: Psyvi\n|move|p2b: Flutter Mane|Moonblast|p1b: Cresselia\n|-damage|p1b: Cresselia|0 fnt\n|faint|p1b: Cresselia\n|\n|-weather|SunnyDay|[upkeep]\n|upkeep\n|c|\u2606The Mago3011|gg\n|-message|The Mago3011 forfeited.\n|\n|win|Dozkek\n|l|\u2606The Mago3011\n|c|\u2606Dozkek|Gg\n|l|\u2606Dozkek\n|j|\u2606Dozkek\n|player|p2|Dozkek|veteran\n","uploadtime":1695794182,"views":10,"p1id":"themago3011","p2id":"dozkek","formatid":"gen9nationaldexdoubles","rating":0,"private":0,"password":""}