{"id":"gen9nationaldexdoubles-1968499356","p1":"Miiirza","p2":"mint29","format":"[Gen 9] National Dex Doubles","log":"|j|\u2606Miiirza\n|j|\u2606mint29\n|t:|1697425293\n|gametype|doubles\n|player|p1|Miiirza|266|1083\n|player|p2|mint29|2|1202\n|teamsize|p1|6\n|teamsize|p2|6\n|gen|9\n|tier|[Gen 9] National Dex Doubles\n|rated|\n|rule|HP Percentage Mod: HP is shown in percentages\n|rule|Endless Battle Clause: Forcing endless battles is banned\n|rule|OHKO Clause: OHKO moves are banned\n|rule|Evasion Moves Clause: Evasion moves are banned\n|rule|Evasion Abilities Clause: Evasion abilities are banned\n|rule|Species Clause: Limit one of each Pok\u00e9mon\n|rule|Gravity Sleep Clause: The combination of sleep-inducing moves with imperfect accuracy and Gravity or Gigantamax Orbeetle are banned\n|clearpoke\n|poke|p1|Incineroar, M|\n|poke|p1|Gastrodon, M|\n|poke|p1|Rillaboom, M|\n|poke|p1|Zygarde|\n|poke|p1|Amoonguss, M|\n|poke|p1|Chien-Pao|\n|poke|p2|Incineroar, F|\n|poke|p2|Ogerpon-Wellspring, F|\n|poke|p2|Ninetales-Alola, M|\n|poke|p2|Lucario, F|\n|poke|p2|Clodsire, M|\n|poke|p2|Sinistcha-Masterpiece|\n|teampreview\n|inactive|Battle timer is ON: inactive players will automatically lose when time's up. (requested by Miiirza)\n|\n|t:|1697425305\n|start\n|switch|p1a: Incineroar|Incineroar, M|100\/100\n|switch|p1b: Rillaboom|Rillaboom, M|100\/100\n|switch|p2a: Ogerpon|Ogerpon-Wellspring, F|100\/100\n|switch|p2b: Lucario|Lucario, F|100\/100\n|-fieldstart|move: Grassy Terrain|[from] ability: Grassy Surge|[of] p1b: Rillaboom\n|-ability|p1a: Incineroar|Intimidate|boost\n|-unboost|p2a: Ogerpon|atk|1\n|-fail|p2b: Lucario|unboost|Attack|[from] ability: Inner Focus|[of] p2b: Lucario\n|turn|1\n|\n|t:|1697425335\n|switch|p2a: Sinistcha|Sinistcha-Masterpiece|100\/100\n|switch|p2b: Clodsire|Clodsire, M|100\/100\n|move|p1b: Rillaboom|Fake Out|p2a: Sinistcha\n|-immune|p2a: Sinistcha\n|move|p1a: Incineroar|Flare Blitz|p2b: Clodsire\n|-damage|p2b: Clodsire|23\/100\n|-damage|p1a: Incineroar|71\/100|[from] Recoil\n|\n|-heal|p1a: Incineroar|77\/100|[from] Grassy Terrain\n|-heal|p2b: Clodsire|29\/100|[from] Grassy Terrain\n|-heal|p2b: Clodsire|35\/100|[from] item: Leftovers\n|upkeep\n|turn|2\n|\n|t:|1697425357\n|move|p1b: Rillaboom|Grassy Glide|p2b: Clodsire\n|-damage|p2b: Clodsire|0 fnt\n|faint|p2b: Clodsire\n|move|p2a: Sinistcha|Scald|p1a: Incineroar\n|-supereffective|p1a: Incineroar\n|-damage|p1a: Incineroar|23\/100\n|-enditem|p1a: Incineroar|Mago Berry|[eat]\n|-heal|p1a: Incineroar|56\/100|[from] item: Mago Berry\n|move|p1a: Incineroar|Knock Off|p2a: Sinistcha\n|-supereffective|p2a: Sinistcha\n|-damage|p2a: Sinistcha|1\/100\n|-enditem|p2a: Sinistcha|Wide Lens|[from] move: Knock Off|[of] p1a: Incineroar\n|\n|-heal|p2a: Sinistcha|7\/100|[from] Grassy Terrain\n|-heal|p1a: Incineroar|62\/100|[from] Grassy Terrain\n|upkeep\n|inactive|mint29 has 120 seconds left.\n|\n|t:|1697425378\n|switch|p2b: Ogerpon|Ogerpon-Wellspring, F|100\/100\n|turn|3\n|\n|t:|1697425388\n|switch|p1b: Gastrodon|Gastrodon, M|100\/100\n|switch|p2a: Incineroar|Incineroar, F|100\/100\n|-ability|p2a: Incineroar|Intimidate|boost\n|-unboost|p1a: Incineroar|atk|1\n|-unboost|p1b: Gastrodon|atk|1\n|move|p2b: Ogerpon|Ivy Cudgel|p1b: Gastrodon\n|-activate|p1b: Gastrodon|ability: Storm Drain\n|-ability|p1b: Gastrodon|Storm Drain|boost\n|-boost|p1b: Gastrodon|spa|1\n|move|p1a: Incineroar|Knock Off|p2b: Ogerpon\n|-damage|p2b: Ogerpon|71\/100\n|\n|-heal|p2b: Ogerpon|77\/100|[from] Grassy Terrain\n|-heal|p1a: Incineroar|68\/100|[from] Grassy Terrain\n|upkeep\n|turn|4\n|\n|t:|1697425411\n|move|p1b: Gastrodon|Protect|p1b: Gastrodon\n|-singleturn|p1b: Gastrodon|Protect\n|move|p2b: Ogerpon|Horn Leech|p1b: Gastrodon\n|-activate|p1b: Gastrodon|move: Protect\n|move|p1a: Incineroar|Parting Shot|p2a: Incineroar\n|-unboost|p2a: Incineroar|atk|1\n|-unboost|p2a: Incineroar|spa|1\n|\n|t:|1697425418\n|switch|p1a: Rillaboom|Rillaboom, M|100\/100|[from] Parting Shot\n|move|p2a: Incineroar|Darkest Lariat|p1a: Rillaboom\n|-damage|p1a: Rillaboom|67\/100\n|\n|-heal|p2b: Ogerpon|83\/100|[from] Grassy Terrain\n|-heal|p1a: Rillaboom|73\/100|[from] Grassy Terrain\n|upkeep\n|turn|5\n|\n|t:|1697425434\n|move|p1a: Rillaboom|Fake Out|p2b: Ogerpon\n|-damage|p2b: Ogerpon|64\/100\n|cant|p2b: Ogerpon|flinch\n|move|p2a: Incineroar|Fire Punch|p1a: Rillaboom\n|-supereffective|p1a: Rillaboom\n|-damage|p1a: Rillaboom|22\/100\n|move|p1b: Gastrodon|Muddy Water|p2a: Incineroar|[spread] p2a\n|-heal|p2b: Ogerpon|89\/100|[from] ability: Water Absorb|[of] p1b: Gastrodon\n|-supereffective|p2a: Incineroar\n|-damage|p2a: Incineroar|19\/100\n|\n|-heal|p2b: Ogerpon|95\/100|[from] Grassy Terrain\n|-heal|p1a: Rillaboom|28\/100|[from] Grassy Terrain\n|-heal|p2a: Incineroar|25\/100|[from] Grassy Terrain\n|-fieldend|move: Grassy Terrain\n|upkeep\n|turn|6\n|\n|t:|1697425454\n|-terastallize|p1b: Gastrodon|Fire\n|move|p2b: Ogerpon|Horn Leech|p1b: Gastrodon\n|-resisted|p1b: Gastrodon\n|-damage|p1b: Gastrodon|78\/100\n|-heal|p2b: Ogerpon|100\/100|[from] drain|[of] p1b: Gastrodon\n|move|p1a: Rillaboom|U-turn|p2b: Ogerpon\n|-supereffective|p2b: Ogerpon\n|-damage|p2b: Ogerpon|37\/100\n|\n|t:|1697425462\n|switch|p1a: Incineroar|Incineroar, M|68\/100|[from] U-turn\n|-ability|p1a: Incineroar|Intimidate|boost\n|-unboost|p2a: Incineroar|atk|1\n|-unboost|p2b: Ogerpon|atk|1\n|move|p2a: Incineroar|Fire Punch|p1a: Incineroar\n|-resisted|p1a: Incineroar\n|-damage|p1a: Incineroar|59\/100\n|-heal|p2a: Incineroar|26\/100|[from] item: Shell Bell|[of] p1a: Incineroar\n|move|p1b: Gastrodon|Ice Beam|p2b: Ogerpon\n|-damage|p2b: Ogerpon|0 fnt\n|faint|p2b: Ogerpon\n|\n|-heal|p1b: Gastrodon|84\/100|[from] item: Leftovers\n|upkeep\n|\n|t:|1697425471\n|switch|p2b: Sinistcha|Sinistcha-Masterpiece|7\/100\n|-heal|p2a: Incineroar|50\/100|[from] ability: Hospitality|[of] p2b: Sinistcha\n|turn|7\n|\n|t:|1697425482\n|move|p2b: Sinistcha|Matcha Gotcha|p1b: Gastrodon|[spread] p1a,p1b\n|-resisted|p1a: Incineroar\n|-crit|p1a: Incineroar\n|-resisted|p1b: Gastrodon\n|-damage|p1a: Incineroar|34\/100\n|-heal|p2b: Sinistcha|21\/100|[from] drain|[of] p1a: Incineroar\n|-damage|p1b: Gastrodon|69\/100\n|-heal|p2b: Sinistcha|32\/100|[from] drain|[of] p1b: Gastrodon\n|move|p1a: Incineroar|Parting Shot|p2a: Incineroar\n|-unboost|p2a: Incineroar|atk|1\n|-unboost|p2a: Incineroar|spa|1\n|\n|t:|1697425492\n|switch|p1a: Chien-Pao|Chien-Pao|100\/100|[from] Parting Shot\n|-ability|p1a: Chien-Pao|Sword of Ruin\n|move|p2a: Incineroar|Knock Off|p1a: Chien-Pao\n|-resisted|p1a: Chien-Pao\n|-damage|p1a: Chien-Pao|88\/100\n|-enditem|p1a: Chien-Pao|Focus Sash|[from] move: Knock Off|[of] p2a: Incineroar\n|-heal|p2a: Incineroar|52\/100|[from] item: Shell Bell|[of] p1a: Chien-Pao\n|move|p1b: Gastrodon|Muddy Water|p2b: Sinistcha|[spread] p2b\n|-miss|p1b: Gastrodon|p2a: Incineroar\n|-resisted|p2b: Sinistcha\n|-damage|p2b: Sinistcha|5\/100\n|\n|-heal|p1b: Gastrodon|75\/100|[from] item: Leftovers\n|upkeep\n|turn|8\n|\n|t:|1697425511\n|switch|p2b: Lucario|Lucario, F|100\/100\n|move|p1a: Chien-Pao|Protect|p1a: Chien-Pao\n|-singleturn|p1a: Chien-Pao|Protect\n|move|p2a: Incineroar|Fire Punch|p1a: Chien-Pao\n|-activate|p1a: Chien-Pao|move: Protect\n|move|p1b: Gastrodon|Muddy Water|p2b: Lucario|[spread] \n|-miss|p1b: Gastrodon|p2a: Incineroar\n|-miss|p1b: Gastrodon|p2b: Lucario\n|\n|-heal|p1b: Gastrodon|81\/100|[from] item: Leftovers\n|upkeep\n|turn|9\n|c|\u2606Miiirza|huh?\n|\n|t:|1697425534\n|switch|p1a: Zygarde|Zygarde|100\/100\n|-ability|p1a: Zygarde|Aura Break\n|switch|p2a: Ninetales|Ninetales-Alola, M|100\/100\n|-weather|Snow|[from] ability: Snow Warning|[of] p2a: Ninetales\n|detailschange|p2b: Lucario|Lucario-Mega, F\n|-mega|p2b: Lucario|Lucario|Lucarionite\n|move|p2b: Lucario|Aura Sphere|p1a: Zygarde\n|-damage|p1a: Zygarde|63\/100\n|move|p1b: Gastrodon|Earth Power|p2b: Lucario\n|-supereffective|p2b: Lucario\n|-damage|p2b: Lucario|0 fnt\n|faint|p2b: Lucario\n|\n|-weather|Snow|[upkeep]\n|-heal|p1a: Zygarde|69\/100|[from] item: Leftovers\n|-heal|p1b: Gastrodon|87\/100|[from] item: Leftovers\n|upkeep\n|inactive|mint29 has 120 seconds left.\n|\n|t:|1697425551\n|switch|p2b: Incineroar|Incineroar, F|52\/100\n|-ability|p2b: Incineroar|Intimidate|boost\n|-unboost|p1a: Zygarde|atk|1\n|-unboost|p1b: Gastrodon|atk|1\n|turn|10\n|\n|t:|1697425562\n|move|p1a: Zygarde|Protect|p1a: Zygarde\n|-singleturn|p1a: Zygarde|Protect\n|move|p2a: Ninetales|Blizzard|p1a: Zygarde|[spread] p1b\n|-activate|p1a: Zygarde|move: Protect\n|-resisted|p1b: Gastrodon\n|-damage|p1b: Gastrodon|71\/100\n|move|p2b: Incineroar|Darkest Lariat|p1a: Zygarde\n|-activate|p1a: Zygarde|move: Protect\n|move|p1b: Gastrodon|Muddy Water|p2b: Incineroar|[spread] p2a,p2b\n|-supereffective|p2b: Incineroar\n|-damage|p2a: Ninetales|63\/100\n|-damage|p2b: Incineroar|0 fnt\n|faint|p2b: Incineroar\n|\n|-weather|Snow|[upkeep]\n|-heal|p1a: Zygarde|75\/100|[from] item: Leftovers\n|-heal|p1b: Gastrodon|77\/100|[from] item: Leftovers\n|upkeep\n|\n|t:|1697425573\n|switch|p2b: Sinistcha|Sinistcha-Masterpiece|5\/100\n|-heal|p2a: Ninetales|88\/100|[from] ability: Hospitality|[of] p2b: Sinistcha\n|turn|11\n|\n|t:|1697425582\n|switch|p1a: Incineroar|Incineroar, M|34\/100\n|-ability|p1a: Incineroar|Intimidate|boost\n|-unboost|p2a: Ninetales|atk|1\n|-unboost|p2b: Sinistcha|atk|1\n|move|p2a: Ninetales|Blizzard|p1b: Gastrodon|[spread] p1a,p1b\n|-resisted|p1a: Incineroar\n|-resisted|p1b: Gastrodon\n|-damage|p1a: Incineroar|20\/100\n|-damage|p1b: Gastrodon|62\/100\n|move|p2b: Sinistcha|Scald|p1b: Gastrodon\n|-ability|p1b: Gastrodon|Storm Drain|boost\n|-boost|p1b: Gastrodon|spa|1\n|move|p1b: Gastrodon|Muddy Water|p2a: Ninetales|[spread] p2a,p2b\n|-resisted|p2b: Sinistcha\n|-damage|p2a: Ninetales|40\/100\n|-damage|p2b: Sinistcha|0 fnt\n|faint|p2b: Sinistcha\n|\n|-weather|Snow|[upkeep]\n|-heal|p1b: Gastrodon|68\/100|[from] item: Leftovers\n|upkeep\n|turn|12\n|\n|t:|1697425599\n|move|p1a: Incineroar|Fake Out|p2a: Ninetales\n|-crit|p2a: Ninetales\n|-damage|p2a: Ninetales|20\/100\n|cant|p2a: Ninetales|flinch\n|move|p1b: Gastrodon|Earth Power|p2a: Ninetales\n|-damage|p2a: Ninetales|0 fnt\n|faint|p2a: Ninetales\n|\n|win|Miiirza\n|raw|Miiirza's rating: 1083 &rarr; <strong>1120<\/strong><br \/>(+37 for winning)\n|raw|mint29's rating: 1202 &rarr; <strong>1169<\/strong><br \/>(-33 for losing)\n","uploadtime":1697425612,"views":5,"p1id":"miiirza","p2id":"mint29","formatid":"gen9nationaldexdoubles","rating":1120,"private":0,"password":""}