{"id":"gen9nationaldexdoubles-1991892533","p1":"OceanicGamer3","p2":"TheQuacken57","format":"[Gen 9] National Dex Doubles","log":"|j|\u2606OceanicGamer3\n|j|\u2606TheQuacken57\n|t:|1700134571\n|gametype|doubles\n|player|p1|OceanicGamer3|bugcatcher-gen4dp|1108\n|player|p2|TheQuacken57|colress-gen7|1033\n|teamsize|p1|6\n|teamsize|p2|6\n|gen|9\n|tier|[Gen 9] National Dex Doubles\n|rated|\n|rule|HP Percentage Mod: HP is shown in percentages\n|rule|Endless Battle Clause: Forcing endless battles is banned\n|rule|OHKO Clause: OHKO moves are banned\n|rule|Evasion Moves Clause: Evasion moves are banned\n|rule|Evasion Abilities Clause: Evasion abilities are banned\n|rule|Species Clause: Limit one of each Pok\u00e9mon\n|rule|Gravity Sleep Clause: The combination of sleep-inducing moves with imperfect accuracy and Gravity or Gigantamax Orbeetle are banned\n|clearpoke\n|poke|p1|Regieleki|\n|poke|p1|Incineroar, F|\n|poke|p1|Landorus-Therian, M|\n|poke|p1|Regigigas|\n|poke|p1|Weezing, F|\n|poke|p1|Moltres-Galar|\n|poke|p2|Staraptor, M|\n|poke|p2|Empoleon, M|\n|poke|p2|Torterra, F|\n|poke|p2|Infernape, M|\n|poke|p2|Gliscor, F|\n|poke|p2|Garchomp, M|\n|teampreview\n|\n|t:|1700134582\n|start\n|switch|p1a: Regieleki|Regieleki|100\/100\n|switch|p1b: Incineroar|Incineroar, F|100\/100\n|switch|p2a: Empoleon|Empoleon, M|100\/100\n|switch|p2b: Torterra|Torterra, F|100\/100\n|-ability|p1b: Incineroar|Intimidate|boost\n|-unboost|p2a: Empoleon|atk|1\n|-ability|p2a: Empoleon|Competitive|boost\n|-boost|p2a: Empoleon|spa|2\n|-unboost|p2b: Torterra|atk|1\n|turn|1\n|\n|t:|1700134605\n|move|p1b: Incineroar|Fake Out|p2a: Empoleon\n|-resisted|p2a: Empoleon\n|-damage|p2a: Empoleon|93\/100\n|move|p1a: Regieleki|Reflect|p1a: Regieleki\n|-sidestart|p1: OceanicGamer3|Reflect\n|cant|p2a: Empoleon|flinch\n|move|p2b: Torterra|Amnesia|p2b: Torterra\n|-boost|p2b: Torterra|spd|2\n|\n|-heal|p2a: Empoleon|99\/100|[from] item: Leftovers\n|upkeep\n|turn|2\n|\n|t:|1700134620\n|move|p1a: Regieleki|Light Screen|p1a: Regieleki\n|-sidestart|p1: OceanicGamer3|move: Light Screen\n|move|p2a: Empoleon|Hydro Pump|p1b: Incineroar\n|-supereffective|p1b: Incineroar\n|-damage|p1b: Incineroar|0 fnt\n|faint|p1b: Incineroar\n|move|p2b: Torterra|Amnesia|p2b: Torterra\n|-boost|p2b: Torterra|spd|2\n|\n|-heal|p2a: Empoleon|100\/100|[from] item: Leftovers\n|upkeep\n|\n|t:|1700134628\n|switch|p1b: Regigigas|Regigigas|100\/100\n|-start|p1b: Regigigas|ability: Slow Start\n|turn|3\n|\n|t:|1700134639\n|switch|p1a: Weezing|Weezing, F|100\/100\n|-ability|p1a: Weezing|Neutralizing Gas\n|-end|p1b: Regigigas|Slow Start|[silent]\n|move|p1b: Regigigas|Drain Punch|p2a: Empoleon\n|-supereffective|p2a: Empoleon\n|-damage|p2a: Empoleon|14\/100\n|-damage|p1b: Regigigas|91\/100|[from] item: Life Orb\n|move|p2a: Empoleon|Hydro Pump|p1b: Regigigas\n|-damage|p1b: Regigigas|20\/100\n|move|p2b: Torterra|Iron Defense|p2b: Torterra\n|-boost|p2b: Torterra|def|2\n|\n|-heal|p2a: Empoleon|20\/100|[from] item: Leftovers\n|upkeep\n|turn|4\n|\n|t:|1700134660\n|move|p1b: Regigigas|Drain Punch|p2a: Empoleon\n|-supereffective|p2a: Empoleon\n|-damage|p2a: Empoleon|0 fnt\n|-heal|p1b: Regigigas|30\/100|[from] drain|[of] p2a: Empoleon\n|faint|p2a: Empoleon\n|-damage|p1b: Regigigas|20\/100|[from] item: Life Orb\n|move|p1a: Weezing|Sludge Bomb|p2b: Torterra\n|-damage|p2b: Torterra|94\/100\n|move|p2b: Torterra|Iron Defense|p2b: Torterra\n|-boost|p2b: Torterra|def|2\n|\n|upkeep\n|\n|t:|1700134691\n|switch|p2a: Infernape|Infernape, M|100\/100\n|turn|5\n|\n|t:|1700134710\n|-terastallize|p1b: Regigigas|Ghost\n|move|p2a: Infernape|Fake Out|p1b: Regigigas\n|-immune|p1b: Regigigas\n|move|p1b: Regigigas|Frustration|p2a: Infernape\n|-damage|p2a: Infernape|0 fnt\n|faint|p2a: Infernape\n|-damage|p1b: Regigigas|10\/100|[from] item: Life Orb\n|move|p1a: Weezing|Will-O-Wisp|p2b: Torterra\n|-status|p2b: Torterra|brn\n|move|p2b: Torterra|Leech Seed|p1b: Regigigas\n|-start|p1b: Regigigas|move: Leech Seed\n|\n|-damage|p1b: Regigigas|0 fnt|[from] Leech Seed|[of] p2b: Torterra\n|-heal|p2b: Torterra|100\/100 brn|[silent]\n|faint|p1b: Regigigas\n|-end|p1b: Regigigas|Slow Start|[silent]\n|-damage|p2b: Torterra|94\/100 brn|[from] brn\n|upkeep\n|\n|t:|1700134732\n|switch|p2a: Staraptor|Staraptor, M|100\/100\n|switch|p1b: Landorus|Landorus-Therian, M|100\/100\n|turn|6\n|\n|t:|1700134748\n|move|p2a: Staraptor|Brave Bird|p1a: Weezing\n|-damage|p1a: Weezing|47\/100\n|-damage|p2a: Staraptor|82\/100|[from] Recoil\n|move|p1b: Landorus|Rock Slide|p2b: Torterra|[spread] p2b\n|-miss|p1b: Landorus|p2a: Staraptor\n|-resisted|p2b: Torterra\n|-damage|p2b: Torterra|92\/100 brn\n|move|p1a: Weezing|Taunt|p2b: Torterra\n|-start|p2b: Torterra|move: Taunt\n|cant|p2b: Torterra|move: Taunt|Iron Defense\n|\n|-damage|p2b: Torterra|86\/100 brn|[from] brn\n|upkeep\n|turn|7\n|\n|t:|1700134768\n|move|p2a: Staraptor|Brave Bird|p1a: Weezing\n|-damage|p1a: Weezing|0 fnt\n|faint|p1a: Weezing\n|-end|p1a: Weezing|ability: Neutralizing Gas\n|-ability|p1b: Landorus|Intimidate|boost\n|-unboost|p2a: Staraptor|atk|1\n|-unboost|p2b: Torterra|atk|1\n|-damage|p2a: Staraptor|65\/100|[from] Recoil\n|move|p1b: Landorus|Rock Slide|p2a: Staraptor|[spread] p2a,p2b\n|-supereffective|p2a: Staraptor\n|-resisted|p2b: Torterra\n|-damage|p2a: Staraptor|4\/100\n|-damage|p2b: Torterra|83\/100 brn\n|move|p2b: Torterra|Heavy Slam|p1b: Landorus\n|-damage|p1b: Landorus|96\/100\n|\n|-damage|p2b: Torterra|77\/100 brn|[from] brn\n|upkeep\n|\n|t:|1700134784\n|switch|p1a: Regieleki|Regieleki|100\/100\n|turn|8\n|\n|t:|1700134791\n|move|p1a: Regieleki|Volt Switch|p2a: Staraptor\n|-supereffective|p2a: Staraptor\n|-damage|p2a: Staraptor|0 fnt\n|faint|p2a: Staraptor\n|\n|t:|1700134795\n|switch|p1a: Moltres|Moltres-Galar|100\/100|[from] Volt Switch\n|move|p1b: Landorus|Fly||[still]\n|-prepare|p1b: Landorus|Fly\n|move|p2b: Torterra|Heavy Slam|p1a: Moltres\n|-damage|p1a: Moltres|96\/100\n|\n|-damage|p2b: Torterra|71\/100 brn|[from] brn\n|-end|p2b: Torterra|move: Taunt\n|-sideend|p1: OceanicGamer3|Reflect\n|upkeep\n|\n|t:|1700134808\n|switch|p2a: Garchomp|Garchomp, M|100\/100\n|turn|9\n|\n|t:|1700134826\n|move|p2a: Garchomp|Rock Slide|p1a: Moltres|[spread] p1a\n|-miss|p2a: Garchomp|p1b: Landorus\n|-supereffective|p1a: Moltres\n|-damage|p1a: Moltres|52\/100\n|-enditem|p1a: Moltres|Weakness Policy\n|-boost|p1a: Moltres|atk|2|[from] item: Weakness Policy\n|-boost|p1a: Moltres|spa|2|[from] item: Weakness Policy\n|move|p1b: Landorus|Fly|p2b: Torterra|[from]lockedmove\n|-supereffective|p2b: Torterra\n|-damage|p2b: Torterra|45\/100 brn\n|-damage|p1b: Landorus|79\/100|[from] item: Rocky Helmet|[of] p2b: Torterra\n|cant|p1a: Moltres|flinch\n|move|p2b: Torterra|Iron Defense|p2b: Torterra\n|-boost|p2b: Torterra|def|2\n|\n|-damage|p2b: Torterra|39\/100 brn|[from] brn\n|-sideend|p1: OceanicGamer3|move: Light Screen\n|upkeep\n|turn|10\n|\n|t:|1700134847\n|move|p2a: Garchomp|Rock Slide|p1b: Landorus|[spread] p1a,p1b\n|-supereffective|p1a: Moltres\n|-damage|p1a: Moltres|10\/100\n|-damage|p1b: Landorus|56\/100\n|-ability|p1a: Moltres|Berserk|boost\n|-boost|p1a: Moltres|spa|1\n|move|p1b: Landorus|Earthquake|p2a: Garchomp|[spread] p2a,p2b\n|-immune|p1a: Moltres\n|-resisted|p2b: Torterra\n|-damage|p2a: Garchomp|55\/100\n|-damage|p2b: Torterra|34\/100 brn\n|cant|p1a: Moltres|flinch\n|move|p2b: Torterra|Leech Seed|p1b: Landorus\n|-start|p1b: Landorus|move: Leech Seed\n|\n|-damage|p1b: Landorus|44\/100|[from] Leech Seed|[of] p2b: Torterra\n|-heal|p2b: Torterra|44\/100 brn|[silent]\n|-damage|p2b: Torterra|38\/100 brn|[from] brn\n|upkeep\n|turn|11\n|\n|t:|1700134867\n|move|p1a: Moltres|Protect|p1a: Moltres\n|-singleturn|p1a: Moltres|Protect\n|move|p2a: Garchomp|Rock Slide|p1b: Landorus|[spread] \n|-activate|p1a: Moltres|move: Protect\n|-miss|p2a: Garchomp|p1b: Landorus\n|move|p1b: Landorus|Fly||[still]\n|-prepare|p1b: Landorus|Fly\n|move|p2b: Torterra|Amnesia|p2b: Torterra\n|-boost|p2b: Torterra|spd|2\n|\n|-damage|p1b: Landorus|32\/100|[from] Leech Seed|[of] p2b: Torterra\n|-heal|p2b: Torterra|48\/100 brn|[silent]\n|-damage|p2b: Torterra|42\/100 brn|[from] brn\n|upkeep\n|turn|12\n|\n|t:|1700134891\n|move|p2a: Garchomp|Rock Slide|p1a: Moltres|[spread] p1a\n|-miss|p2a: Garchomp|p1b: Landorus\n|-supereffective|p1a: Moltres\n|-damage|p1a: Moltres|0 fnt\n|faint|p1a: Moltres\n|move|p1b: Landorus|Fly|p2a: Garchomp|[from]lockedmove\n|-damage|p2a: Garchomp|2\/100\n|-damage|p1b: Landorus|20\/100|[from] ability: Rough Skin|[of] p2a: Garchomp\n|move|p2b: Torterra|Leech Seed||[still]\n|-fail|p2b: Torterra\n|\n|-damage|p1b: Landorus|7\/100|[from] Leech Seed|[of] p2b: Torterra\n|-heal|p2b: Torterra|52\/100 brn|[silent]\n|-damage|p2b: Torterra|45\/100 brn|[from] brn\n|upkeep\n|\n|t:|1700134893\n|switch|p1a: Regieleki|Regieleki|100\/100\n|turn|13\n|-message|OceanicGamer3 forfeited.\n|\n|win|TheQuacken57\n|raw|OceanicGamer3's rating: 1108 &rarr; <strong>1078<\/strong><br \/>(-30 for losing)\n|raw|TheQuacken57's rating: 1033 &rarr; <strong>1076<\/strong><br \/>(+43 for winning)\n|c|\u2606OceanicGamer3|So lucy\n|l|\u2606TheQuacken57\n|c|\u2606OceanicGamer3|Lucky\n","uploadtime":1700134914,"views":6,"p1id":"oceanicgamer3","p2id":"thequacken57","formatid":"gen9nationaldexdoubles","rating":1076,"private":0,"password":""}