{"id":"gen9nationaldexdoubles-1962603289","p1":"Gumbus wumbus","p2":"cediedesu","format":"[Gen 9] National Dex Doubles","log":"|j|\u2606Gumbus wumbus\n|j|\u2606cediedesu\n|t:|1696773530\n|gametype|doubles\n|player|p1|Gumbus wumbus|clown|\n|player|p2|cediedesu|acetrainer-gen4dp|\n|teamsize|p1|6\n|teamsize|p2|6\n|gen|9\n|tier|[Gen 9] National Dex Doubles\n|rule|HP Percentage Mod: HP is shown in percentages\n|rule|Endless Battle Clause: Forcing endless battles is banned\n|rule|OHKO Clause: OHKO moves are banned\n|rule|Evasion Moves Clause: Evasion moves are banned\n|rule|Evasion Abilities Clause: Evasion abilities are banned\n|rule|Species Clause: Limit one of each Pok\u00e9mon\n|rule|Gravity Sleep Clause: The combination of sleep-inducing moves with imperfect accuracy and Gravity or Gigantamax Orbeetle are banned\n|clearpoke\n|poke|p1|Garchomp, F|\n|poke|p1|Ferrothorn, F|\n|poke|p1|Archeops, M|\n|poke|p1|Audino, F|\n|poke|p1|Jellicent, F|\n|poke|p1|Gothitelle, M|\n|poke|p2|Aggron, M|\n|poke|p2|Swampert, F|\n|poke|p2|Corviknight, F|\n|poke|p2|Conkeldurr, F|\n|poke|p2|Kingambit, F|\n|poke|p2|Gardevoir, M|\n|teampreview\n|inactive|Battle timer is ON: inactive players will automatically lose when time's up. (requested by cediedesu)\n|\n|t:|1696773558\n|start\n|switch|p1a: iwantthisokau|Audino, F, shiny|100\/100\n|switch|p1b: hell yeah|Ferrothorn, F|100\/100\n|switch|p2a: Aggron|Aggron, M|100\/100\n|switch|p2b: Conkeldurr|Conkeldurr, F|100\/100\n|turn|1\n|\n|t:|1696773575\n|move|p2a: Aggron|Body Press|p1a: iwantthisokau\n|-supereffective|p1a: iwantthisokau\n|-damage|p1a: iwantthisokau|42\/100\n|move|p1a: iwantthisokau|Encore|p2a: Aggron\n|-start|p2a: Aggron|Encore\n|move|p2b: Conkeldurr|Knock Off|p1a: iwantthisokau\n|-damage|p1a: iwantthisokau|12\/100\n|-enditem|p1a: iwantthisokau|Leftovers|[from] move: Knock Off|[of] p2b: Conkeldurr\n|move|p1b: hell yeah|Stealth Rock|p2b: Conkeldurr\n|-sidestart|p2: cediedesu|move: Stealth Rock\n|\n|-status|p2b: Conkeldurr|tox|[from] item: Toxic Orb\n|upkeep\n|turn|2\n|\n|t:|1696773601\n|switch|p1a: Meta|Gothitelle, M|100\/100\n|move|p2a: Aggron|Body Press|p1b: hell yeah\n|-supereffective|p1b: hell yeah\n|-damage|p1b: hell yeah|52\/100\n|-damage|p2a: Aggron|88\/100|[from] ability: Iron Barbs|[of] p1b: hell yeah\n|-damage|p2a: Aggron|72\/100|[from] item: Rocky Helmet|[of] p1b: hell yeah\n|move|p2b: Conkeldurr|Drain Punch|p1b: hell yeah\n|-supereffective|p1b: hell yeah\n|-damage|p1b: hell yeah|0 fnt\n|-damage|p2b: Conkeldurr|88\/100 tox|[from] ability: Iron Barbs|[of] p1b: hell yeah\n|-damage|p2b: Conkeldurr|72\/100 tox|[from] item: Rocky Helmet|[of] p1b: hell yeah\n|faint|p1b: hell yeah\n|\n|-damage|p2b: Conkeldurr|65\/100 tox|[from] psn\n|upkeep\n|inactive|Gumbus wumbus has 270 seconds left.\n|\n|t:|1696773619\n|switch|p1b: What could've been|Jellicent, F, shiny|100\/100\n|turn|3\n|\n|t:|1696773641\n|move|p1a: Meta|Trick|p2b: Conkeldurr\n|-activate|p1a: Meta|move: Trick|[of] p2b: Conkeldurr\n|-item|p2b: Conkeldurr|Choice Scarf|[from] move: Trick\n|-item|p1a: Meta|Toxic Orb|[from] move: Trick\n|move|p2b: Conkeldurr|Knock Off|p1a: Meta\n|-supereffective|p1a: Meta\n|-damage|p1a: Meta|0 fnt\n|-enditem|p1a: Meta|Toxic Orb|[from] move: Knock Off|[of] p2b: Conkeldurr\n|faint|p1a: Meta\n|move|p1b: What could've been|Hex|p2b: Conkeldurr\n|-damage|p2b: Conkeldurr|23\/100 tox\n|move|p2a: Aggron|Body Press|p1b: What could've been\n|-immune|p1b: What could've been\n|\n|-damage|p2b: Conkeldurr|11\/100 tox|[from] psn\n|upkeep\n|inactive|Gumbus wumbus has 270 seconds left.\n|\n|t:|1696773656\n|switch|p1a: lightning|Archeops, M|100\/100\n|turn|4\n|inactive|Gumbus wumbus has 270 seconds left.\n|\n|t:|1696773679\n|move|p1a: lightning|Rock Slide|p2a: Aggron|[spread] p2a,p2b\n|-resisted|p2a: Aggron\n|-resisted|p2b: Conkeldurr\n|-damage|p2a: Aggron|63\/100\n|-damage|p2b: Conkeldurr|0 fnt\n|faint|p2b: Conkeldurr\n|move|p1b: What could've been|Ice Beam|p2a: Aggron\n|-resisted|p2a: Aggron\n|-damage|p2a: Aggron|49\/100\n|move|p2a: Aggron|Body Press|p1a: lightning\n|-damage|p1a: lightning|42\/100\n|\n|-end|p2a: Aggron|Encore\n|upkeep\n|\n|t:|1696773700\n|switch|p2b: Kingambit|Kingambit, F|100\/100\n|-damage|p2b: Kingambit|94\/100|[from] Stealth Rock\n|-activate|p2b: Kingambit|ability: Supreme Overlord\n|-start|p2b: Kingambit|fallen1|[silent]\n|turn|5\n|\n|t:|1696773717\n|-terastallize|p1b: What could've been|Water\n|move|p1a: lightning|U-turn|p2b: Kingambit\n|-crit|p2b: Kingambit\n|-damage|p2b: Kingambit|78\/100\n|\n|t:|1696773724\n|switch|p1a: The guy|Garchomp, F, shiny|100\/100|[from] U-turn\n|move|p1b: What could've been|Scald|p2a: Aggron\n|-supereffective|p2a: Aggron\n|-damage|p2a: Aggron|0 fnt\n|faint|p2a: Aggron\n|move|p2b: Kingambit|Kowtow Cleave|p1b: What could've been\n|-damage|p1b: What could've been|56\/100\n|\n|upkeep\n|\n|t:|1696773745\n|switch|p2a: Corviknight|Corviknight, F|100\/100\n|-damage|p2a: Corviknight|88\/100|[from] Stealth Rock\n|-ability|p2a: Corviknight|Pressure\n|turn|6\n|\n|t:|1696773766\n|-terastallize|p2b: Kingambit|Fairy\n|move|p1a: The guy|Stomping Tantrum|p2b: Kingambit\n|-damage|p2b: Kingambit|41\/100\n|-damage|p1a: The guy|91\/100|[from] item: Life Orb\n|move|p2a: Corviknight|Defog|p1a: The guy\n|-unboost|p1a: The guy|evasion|1\n|-sideend|p2: cediedesu|Stealth Rock|[from] move: Defog|[of] p2a: Corviknight\n|move|p1b: What could've been|Ice Beam|p2a: Corviknight\n|-damage|p2a: Corviknight|69\/100\n|move|p2b: Kingambit|Kowtow Cleave|p1b: What could've been\n|-damage|p1b: What could've been|11\/100\n|\n|-heal|p2a: Corviknight|75\/100|[from] item: Leftovers\n|upkeep\n|turn|7\n|inactive|Gumbus wumbus has 270 seconds left.\n|inactive|cediedesu has 270 seconds left.\n|\n|t:|1696773800\n|move|p1b: What could've been|Protect|p1b: What could've been\n|-singleturn|p1b: What could've been|Protect\n|move|p2b: Kingambit|Sucker Punch||[still]\n|-fail|p2b: Kingambit\n|move|p1a: The guy|Iron Head|p2b: Kingambit\n|-supereffective|p2b: Kingambit\n|-damage|p2b: Kingambit|0 fnt\n|faint|p2b: Kingambit\n|-end|p2b: Kingambit|fallen1|[silent]\n|-damage|p1a: The guy|81\/100|[from] item: Life Orb\n|move|p2a: Corviknight|Body Press|p1a: The guy\n|-damage|p1a: The guy|54\/100\n|-damage|p2a: Corviknight|63\/100|[from] ability: Rough Skin|[of] p1a: The guy\n|\n|-heal|p2a: Corviknight|69\/100|[from] item: Leftovers\n|upkeep\n|inactive|cediedesu has 270 seconds left.\n|\n|t:|1696773816\n|switch|p2b: Gardevoir|Gardevoir, M|100\/100\n|turn|8\n|inactive|cediedesu has 270 seconds left.\n|\n|t:|1696773835\n|move|p1a: The guy|Iron Head|p2b: Gardevoir\n|-supereffective|p2b: Gardevoir\n|-damage|p2b: Gardevoir|0 fnt\n|faint|p2b: Gardevoir\n|-damage|p1a: The guy|44\/100|[from] item: Life Orb\n|move|p2a: Corviknight|Brave Bird|p1a: The guy\n|-damage|p1a: The guy|5\/100\n|-damage|p2a: Corviknight|57\/100|[from] ability: Rough Skin|[of] p1a: The guy\n|-damage|p2a: Corviknight|45\/100|[from] Recoil\n|move|p1b: What could've been|Hex|p2a: Corviknight\n|-damage|p2a: Corviknight|25\/100\n|\n|-heal|p2a: Corviknight|31\/100|[from] item: Leftovers\n|upkeep\n|inactive|cediedesu has 270 seconds left.\n|\n|t:|1696773852\n|switch|p2b: Swampert|Swampert, F|100\/100\n|turn|9\n|\n|t:|1696773869\n|detailschange|p2b: Swampert|Swampert-Mega, F\n|-mega|p2b: Swampert|Swampert|Swampertite\n|move|p1a: The guy|Protect|p1a: The guy\n|-singleturn|p1a: The guy|Protect\n|move|p2b: Swampert|Earthquake|p1a: The guy|[spread] p1b\n|-activate|p1a: The guy|move: Protect\n|-immune|p2a: Corviknight\n|-damage|p1b: What could've been|0 fnt\n|faint|p1b: What could've been\n|move|p2a: Corviknight|Body Press|p1a: The guy\n|-activate|p1a: The guy|move: Protect\n|\n|-heal|p2a: Corviknight|38\/100|[from] item: Leftovers\n|upkeep\n|\n|t:|1696773885\n|switch|p1b: lightning|Archeops, M|42\/100\n|turn|10\n|\n|t:|1696773902\n|switch|p1a: iwantthisokau|Audino, F, shiny|45\/100\n|move|p1b: lightning|Rock Slide|p2b: Swampert|[spread] p2b\n|-miss|p1b: lightning|p2a: Corviknight\n|-resisted|p2b: Swampert\n|-damage|p2b: Swampert|93\/100\n|move|p2b: Swampert|Liquidation|p1b: lightning\n|-supereffective|p1b: lightning\n|-damage|p1b: lightning|0 fnt\n|faint|p1b: lightning\n|move|p2a: Corviknight|Body Press|p1a: iwantthisokau\n|-supereffective|p1a: iwantthisokau\n|-damage|p1a: iwantthisokau|5\/100\n|\n|-heal|p2a: Corviknight|44\/100|[from] item: Leftovers\n|upkeep\n|\n|t:|1696773919\n|switch|p1b: The guy|Garchomp, F, shiny|5\/100\n|turn|11\n|\n|t:|1696773926\n|move|p1b: The guy|Protect|p1b: The guy\n|-singleturn|p1b: The guy|Protect\n|move|p2b: Swampert|Earthquake|p1a: iwantthisokau|[spread] p1a\n|-activate|p1b: The guy|move: Protect\n|-immune|p2a: Corviknight\n|-damage|p1a: iwantthisokau|0 fnt\n|faint|p1a: iwantthisokau\n|move|p2a: Corviknight|Roost|p2a: Corviknight\n|-heal|p2a: Corviknight|94\/100\n|-singleturn|p2a: Corviknight|move: Roost\n|\n|-heal|p2a: Corviknight|99\/100|[from] item: Leftovers\n|upkeep\n|turn|12\n|\n|t:|1696773945\n|move|p1b: The guy|Iron Head|p2b: Swampert\n|-resisted|p2b: Swampert\n|-damage|p2b: Swampert|78\/100\n|-damage|p1b: The guy|0 fnt|[from] item: Life Orb\n|faint|p1b: The guy\n|\n|win|cediedesu\n","uploadtime":1696773955,"views":8,"p1id":"gumbuswumbus","p2id":"cediedesu","formatid":"gen9nationaldexdoubles","rating":0,"private":0,"password":""}