{"id":"gen9nationaldexdoubles-1948603935","p1":"LowksterP","p2":"chescor49","format":"[Gen 9] National Dex Doubles","log":"|j|\u2606LowksterP\n|j|\u2606chescor49\n|t:|1695280862\n|gametype|doubles\n|player|p1|LowksterP|striker|1038\n|player|p2|chescor49|266|1000\n|teamsize|p1|6\n|teamsize|p2|3\n|gen|9\n|tier|[Gen 9] National Dex Doubles\n|rated|\n|rule|HP Percentage Mod: HP is shown in percentages\n|rule|Endless Battle Clause: Forcing endless battles is banned\n|rule|OHKO Clause: OHKO moves are banned\n|rule|Evasion Moves Clause: Evasion moves are banned\n|rule|Evasion Abilities Clause: Evasion abilities are banned\n|rule|Species Clause: Limit one of each Pok\u00e9mon\n|rule|Gravity Sleep Clause: The combination of sleep-inducing moves with imperfect accuracy and Gravity or Gigantamax Orbeetle are banned\n|clearpoke\n|poke|p1|Dodrio, M|\n|poke|p1|Tentacruel, M|\n|poke|p1|Jirachi|\n|poke|p1|Eldegoss, M|\n|poke|p1|Arcanine, M|\n|poke|p1|Hypno, M|\n|poke|p2|Torterra, M|\n|poke|p2|Talonflame, F|\n|poke|p2|Slowking, M|\n|teampreview\n|inactive|Battle timer is ON: inactive players will automatically lose when time's up. (requested by chescor49)\n|\n|t:|1695280895\n|start\n|switch|p1a: Arcanine|Arcanine, M, shiny|100\/100\n|switch|p1b: Jirachi|Jirachi, shiny|100\/100\n|switch|p2a: Torterra|Torterra, M|100\/100\n|switch|p2b: Talonflame|Talonflame, F|100\/100\n|-ability|p1a: Arcanine|Intimidate|boost\n|-unboost|p2a: Torterra|atk|1\n|-unboost|p2b: Talonflame|atk|1\n|turn|1\n|inactive|chescor49 has 120 seconds left.\n|inactive|chescor49 has 90 seconds left.\n|\n|t:|1695280962\n|switch|p2a: Slowking|Slowking, M|100\/100\n|move|p2b: Talonflame|Taunt|p1b: Jirachi\n|-start|p1b: Jirachi|move: Taunt\n|move|p1b: Jirachi|Ancient Power|p2b: Talonflame\n|-supereffective|p2b: Talonflame\n|-damage|p2b: Talonflame|23\/100\n|move|p1a: Arcanine|Mud-Slap|p2a: Slowking\n|-damage|p2a: Slowking|97\/100\n|-unboost|p2a: Slowking|accuracy|1\n|\n|-heal|p2a: Slowking|100\/100|[from] item: Leftovers\n|upkeep\n|turn|2\n|\n|t:|1695280991\n|move|p2a: Slowking|Ally Switch|p2a: Slowking\n|swap|p2a: Slowking|1|[from] move: Ally Switch\n|move|p2a: Talonflame|Tailwind|p2a: Talonflame\n|-sidestart|p2: chescor49|move: Tailwind\n|move|p1b: Jirachi|Charge Beam|p2b: Slowking|[miss]\n|-miss|p1b: Jirachi|p2b: Slowking\n|move|p1a: Arcanine|Mud-Slap|p2a: Talonflame\n|-immune|p2a: Talonflame\n|\n|upkeep\n|turn|3\n|\n|t:|1695281007\n|switch|p2a: Torterra|Torterra, M|100\/100\n|move|p1b: Jirachi|Charge Beam|p2a: Torterra\n|-immune|p2a: Torterra\n|move|p1a: Arcanine|Mud-Slap|p2b: Slowking\n|-crit|p2b: Slowking\n|-damage|p2b: Slowking|95\/100\n|-unboost|p2b: Slowking|accuracy|1\n|move|p2b: Slowking|Scald|p1a: Arcanine\n|-supereffective|p1a: Arcanine\n|-damage|p1a: Arcanine|33\/100\n|\n|-heal|p1a: Arcanine|39\/100|[from] item: Leftovers\n|-heal|p2b: Slowking|100\/100|[from] item: Leftovers\n|-end|p1b: Jirachi|move: Taunt\n|upkeep\n|turn|4\n|inactive|chescor49 has 120 seconds left.\n|\n|t:|1695281028\n|switch|p1a: Pickle Tickle|Tentacruel, M, shiny|100\/100\n|switch|p2b: Talonflame|Talonflame, F|23\/100\n|move|p2a: Torterra|Swords Dance|p2a: Torterra\n|-boost|p2a: Torterra|atk|2\n|move|p1b: Jirachi|Cosmic Power|p1b: Jirachi\n|-boost|p1b: Jirachi|def|1\n|-boost|p1b: Jirachi|spd|1\n|\n|upkeep\n|turn|5\n|inactive|chescor49 has 120 seconds left.\n|\n|t:|1695281059\n|move|p2b: Talonflame|Taunt|p1b: Jirachi\n|-start|p1b: Jirachi|move: Taunt\n|move|p2a: Torterra|Earthquake|p1b: Jirachi|[spread] p1a,p1b\n|-immune|p2b: Talonflame\n|-supereffective|p1a: Pickle Tickle\n|-supereffective|p1b: Jirachi\n|-damage|p1a: Pickle Tickle|0 fnt\n|-damage|p1b: Jirachi|0 fnt\n|faint|p1a: Pickle Tickle\n|faint|p1b: Jirachi\n|-damage|p2a: Torterra|91\/100|[from] item: Life Orb\n|\n|-sideend|p2: chescor49|move: Tailwind\n|upkeep\n|inactive|LowksterP has 120 seconds left.\n|\n|t:|1695281073\n|switch|p1b: Hypno|Hypno, M, shiny|100\/100\n|switch|p1a: Arcanine|Arcanine, M, shiny|39\/100\n|-ability|p1a: Arcanine|Intimidate|boost\n|-unboost|p2a: Torterra|atk|1\n|-unboost|p2b: Talonflame|atk|1\n|turn|6\n|\n|t:|1695281087\n|move|p2b: Talonflame|Tailwind|p2b: Talonflame\n|-sidestart|p2: chescor49|move: Tailwind\n|move|p2a: Torterra|Rock Slide|p1b: Hypno|[spread] p1a,p1b\n|-supereffective|p1a: Arcanine\n|-damage|p1a: Arcanine|0 fnt\n|-damage|p1b: Hypno|62\/100\n|faint|p1a: Arcanine\n|-damage|p2a: Torterra|81\/100|[from] item: Life Orb\n|move|p1b: Hypno|Thunder Wave|p2b: Talonflame\n|-status|p2b: Talonflame|par\n|\n|-heal|p1b: Hypno|68\/100|[from] item: Leftovers\n|upkeep\n|inactive|LowksterP has 120 seconds left.\n|\n|t:|1695281116\n|switch|p1a: Dodrio|Dodrio, M, shiny|100\/100\n|turn|7\n|\n|t:|1695281133\n|cant|p2b: Talonflame|par\n|move|p2a: Torterra|Rock Slide|p1a: Dodrio|[spread] p1a,p1b\n|-supereffective|p1a: Dodrio\n|-damage|p1a: Dodrio|0 fnt\n|-damage|p1b: Hypno|31\/100\n|faint|p1a: Dodrio\n|-damage|p2a: Torterra|71\/100|[from] item: Life Orb\n|move|p1b: Hypno|Nasty Plot|p1b: Hypno\n|-boost|p1b: Hypno|spa|2\n|\n|-heal|p1b: Hypno|37\/100|[from] item: Leftovers\n|upkeep\n|inactive|LowksterP has 120 seconds left.\n|\n|t:|1695281144\n|switch|p1a: Bloody Tampon|Eldegoss, M, shiny|100\/100\n|turn|8\n|\n|t:|1695281162\n|move|p2a: Torterra|Rock Slide|p1a: Bloody Tampon|[spread] p1a,p1b\n|-damage|p1a: Bloody Tampon|60\/100\n|-damage|p1b: Hypno|1\/100\n|-ability|p1a: Bloody Tampon|Cotton Down\n|-unboost|p1b: Hypno|spe|1\n|-unboost|p2a: Torterra|spe|1\n|-unboost|p2b: Talonflame|spe|1\n|-damage|p2a: Torterra|61\/100|[from] item: Life Orb\n|move|p2b: Talonflame|Flare Blitz|p1a: Bloody Tampon\n|-supereffective|p1a: Bloody Tampon\n|-damage|p1a: Bloody Tampon|0 fnt\n|-ability|p1a: Bloody Tampon|Cotton Down\n|-unboost|p1b: Hypno|spe|1\n|-unboost|p2a: Torterra|spe|1\n|-unboost|p2b: Talonflame|spe|1\n|faint|p1a: Bloody Tampon\n|-damage|p2b: Talonflame|8\/100 par|[from] Recoil\n|move|p1b: Hypno|Nasty Plot|p1b: Hypno\n|-boost|p1b: Hypno|spa|2\n|\n|-heal|p1b: Hypno|7\/100|[from] item: Leftovers\n|upkeep\n|turn|9\n|\n|t:|1695281179\n|move|p2a: Torterra|Seed Bomb|p1b: Hypno\n|-damage|p1b: Hypno|0 fnt\n|faint|p1b: Hypno\n|-damage|p2a: Torterra|51\/100|[from] item: Life Orb\n|\n|win|chescor49\n|raw|LowksterP's rating: 1038 &rarr; <strong>1021<\/strong><br \/>(-17 for losing)\n|raw|chescor49's rating: 1000 &rarr; <strong>1044<\/strong><br \/>(+44 for winning)\n|l|\u2606LowksterP\n","uploadtime":1695281185,"views":10,"p1id":"lowksterp","p2id":"chescor49","formatid":"gen9nationaldexdoubles","rating":1021,"private":0,"password":""}