{"id":"gen9nationaldexdoubles-1986263617","p1":"cassinidivision","p2":"AutumnCookie","format":"[Gen 9] National Dex Doubles","log":"|j|\u2606cassinidivision\n|j|\u2606AutumnCookie\n|t:|1699464453\n|gametype|doubles\n|player|p1|cassinidivision|misty|\n|player|p2|AutumnCookie|penny|\n|teamsize|p1|6\n|teamsize|p2|6\n|gen|9\n|tier|[Gen 9] National Dex Doubles\n|rule|HP Percentage Mod: HP is shown in percentages\n|rule|Endless Battle Clause: Forcing endless battles is banned\n|rule|OHKO Clause: OHKO moves are banned\n|rule|Evasion Moves Clause: Evasion moves are banned\n|rule|Evasion Abilities Clause: Evasion abilities are banned\n|rule|Species Clause: Limit one of each Pok\u00e9mon\n|rule|Gravity Sleep Clause: The combination of sleep-inducing moves with imperfect accuracy and Gravity or Gigantamax Orbeetle are banned\n|clearpoke\n|poke|p1|Starmie|\n|poke|p1|Kingdra, F|\n|poke|p1|Palafin, M|\n|poke|p1|Vaporeon, M|\n|poke|p1|Omastar, M|\n|poke|p1|Politoed, F|\n|poke|p2|Jolteon, F|\n|poke|p2|Vaporeon, F|\n|poke|p2|Flareon, M|\n|poke|p2|Leafeon, F|\n|poke|p2|Umbreon, F|\n|poke|p2|Sylveon, F|\n|teampreview\n|\n|t:|1699464479\n|start\n|switch|p1a: Omastar|Omastar, M|100\/100\n|switch|p1b: Starmie|Starmie|100\/100\n|switch|p2a: Vaporeon|Vaporeon, F|100\/100\n|switch|p2b: Jolteon|Jolteon, F|100\/100\n|turn|1\n|\n|t:|1699464498\n|move|p2b: Jolteon|Calm Mind|p2b: Jolteon\n|-boost|p2b: Jolteon|spa|1\n|-boost|p2b: Jolteon|spd|1\n|move|p1b: Starmie|Light Screen|p1b: Starmie\n|-sidestart|p1: cassinidivision|move: Light Screen\n|move|p1a: Omastar|Stealth Rock|p2a: Vaporeon\n|-sidestart|p2: AutumnCookie|move: Stealth Rock\n|move|p2a: Vaporeon|Rain Dance|p2a: Vaporeon\n|-weather|RainDance\n|\n|-weather|RainDance|[upkeep]\n|-status|p2b: Jolteon|brn|[from] item: Flame Orb\n|upkeep\n|turn|2\n|c|\u2606AutumnCookie|This is fun cause rain is benefitting us both a lot here...\n|c|\u2606cassinidivision|YEAH\n|\n|t:|1699464525\n|move|p2b: Jolteon|Thunder|p1b: Starmie\n|-supereffective|p1b: Starmie\n|-damage|p1b: Starmie|0 fnt\n|faint|p1b: Starmie\n|move|p1a: Omastar|Toxic Spikes|p2a: Vaporeon\n|-sidestart|p2: AutumnCookie|move: Toxic Spikes\n|move|p2a: Vaporeon|Aqua Ring|p2a: Vaporeon\n|-start|p2a: Vaporeon|Aqua Ring\n|\n|-weather|RainDance|[upkeep]\n|-damage|p2b: Jolteon|95\/100 brn|[from] brn\n|upkeep\n|c|\u2606cassinidivision|they could do horrible things together\n|c|\u2606AutumnCookie|THEY COULD\n|c|\u2606AutumnCookie|Awful awful little Jolteon...\n|\n|t:|1699464542\n|switch|p1b: Kingdra|Kingdra, F|100\/100\n|turn|3\n|c|\u2606AutumnCookie|With his guaranteed thunders...\n|\n|t:|1699464574\n|move|p2b: Jolteon|Thunder|p1a: Omastar\n|-supereffective|p1a: Omastar\n|-enditem|p1a: Omastar|Focus Sash\n|-damage|p1a: Omastar|1\/100\n|move|p1b: Kingdra|Dragon Pulse|p2b: Jolteon\n|-damage|p2b: Jolteon|60\/100 brn\n|move|p1a: Omastar|Toxic Spikes|p2b: Jolteon\n|-sidestart|p2: AutumnCookie|move: Toxic Spikes\n|move|p2a: Vaporeon|Acid Armor|p2a: Vaporeon\n|-boost|p2a: Vaporeon|def|2\n|\n|-weather|RainDance|[upkeep]\n|-damage|p2b: Jolteon|54\/100 brn|[from] brn\n|upkeep\n|turn|4\n|c|\u2606cassinidivision|hrm.\n|c|\u2606cassinidivision|i thoughtkingdra outsped\n|c|\u2606AutumnCookie|The fact that scvi gave so many Eeveelutions calm mind is so good\n|c|\u2606AutumnCookie|Quick feet flame orb is why it doesn't.\n|c|\u2606cassinidivision|ohh\n|\n|t:|1699464649\n|move|p2b: Jolteon|Thunder|p1b: Kingdra\n|-damage|p1b: Kingdra|39\/100\n|move|p1b: Kingdra|Clear Smog|p2b: Jolteon\n|-damage|p2b: Jolteon|39\/100 brn\n|-clearboost|p2b: Jolteon\n|move|p1a: Omastar|Spikes|p2a: Vaporeon\n|-sidestart|p2: AutumnCookie|Spikes\n|move|p2a: Vaporeon|Scald|p1a: Omastar\n|-damage|p1a: Omastar|0 fnt\n|faint|p1a: Omastar\n|\n|-weather|RainDance|[upkeep]\n|-damage|p2b: Jolteon|33\/100 brn|[from] brn\n|upkeep\n|c|\u2606AutumnCookie|Thanks to quick feet this Jolteon has. 591 speed .\n|c|\u2606cassinidivision|ahh yeah kindras only 538\n|c|\u2606cassinidivision|\"only\"\n|c|\u2606cassinidivision|ykwim\n|\n|t:|1699464722\n|switch|p1a: Palafin|Palafin, M|100\/100\n|turn|5\n|c|\u2606AutumnCookie|Very close\n|\n|t:|1699464740\n|move|p2b: Jolteon|Thunder|p1a: Palafin\n|-supereffective|p1a: Palafin\n|-crit|p1a: Palafin\n|-damage|p1a: Palafin|0 fnt\n|faint|p1a: Palafin\n|move|p1b: Kingdra|Dragon Pulse|p2b: Jolteon\n|-damage|p2b: Jolteon|0 fnt\n|faint|p2b: Jolteon\n|move|p2a: Vaporeon|Scald|p1b: Kingdra\n|-resisted|p1b: Kingdra\n|-damage|p1b: Kingdra|31\/100\n|\n|-weather|RainDance|[upkeep]\n|-sideend|p1: cassinidivision|move: Light Screen\n|upkeep\n|c|\u2606AutumnCookie|CRIT\n|c|\u2606AutumnCookie|I'm not sure if crit mattered or not\n|c|\u2606cassinidivision|MAAAAAAAAAAAAAAAAAAAAAAAAAAAAAAAAAAAAAAAAN\n|\n|t:|1699464760\n|switch|p2b: Leafeon|Leafeon, F|100\/100\n|switch|p1a: Politoed|Politoed, F, shiny|100\/100\n|-damage|p2b: Leafeon|88\/100|[from] Stealth Rock\n|-status|p2b: Leafeon|tox\n|-damage|p2b: Leafeon|76\/100 tox|[from] Spikes\n|turn|6\n|c|\u2606AutumnCookie|Eeveelutions are such awful little thangs...\n|\n|t:|1699464793\n|move|p1b: Kingdra|Clear Smog|p2b: Leafeon\n|-supereffective|p2b: Leafeon\n|-damage|p2b: Leafeon|35\/100 tox\n|-clearboost|p2b: Leafeon\n|move|p2b: Leafeon|Swords Dance|p2b: Leafeon\n|-boost|p2b: Leafeon|atk|2\n|move|p1a: Politoed|Encore|p2a: Vaporeon\n|-start|p2a: Vaporeon|Encore\n|move|p2a: Vaporeon|Scald|p1a: Politoed\n|-resisted|p1a: Politoed\n|-damage|p1a: Politoed|81\/100\n|-status|p1a: Politoed|brn\n|\n|-weather|RainDance|[upkeep]\n|-damage|p2b: Leafeon|29\/100 tox|[from] psn\n|-damage|p1a: Politoed|75\/100 brn|[from] brn\n|upkeep\n|turn|7\n|j| TLJblade\n|c|\u2606AutumnCookie|THE BURN\n|\n|t:|1699464822\n|move|p1b: Kingdra|Clear Smog|p2b: Leafeon\n|-supereffective|p2b: Leafeon\n|-damage|p2b: Leafeon|0 fnt\n|-clearboost|p2b: Leafeon\n|faint|p2b: Leafeon\n|move|p1a: Politoed|Weather Ball|p2a: Vaporeon\n|-resisted|p2a: Vaporeon\n|-damage|p2a: Vaporeon|75\/100\n|move|p2a: Vaporeon|Scald|p1b: Kingdra\n|-resisted|p1b: Kingdra\n|-damage|p1b: Kingdra|17\/100\n|\n|-weather|RainDance|[upkeep]\n|-heal|p2a: Vaporeon|81\/100|[from] Aqua Ring\n|-damage|p1a: Politoed|69\/100 brn|[from] brn\n|upkeep\n|c|\u2606cassinidivision|so sad\n|c|\u2606cassinidivision|can we get 3 likes\n|\n|t:|1699464848\n|switch|p2b: Sylveon|Sylveon, F|100\/100\n|-damage|p2b: Sylveon|88\/100|[from] Stealth Rock\n|-status|p2b: Sylveon|tox\n|-damage|p2b: Sylveon|76\/100 tox|[from] Spikes\n|turn|8\n|c|\u2606cassinidivision|hello TLJblade\n|\n|t:|1699464860\n|move|p1b: Kingdra|Dragon Pulse|p2a: Vaporeon\n|-crit|p2a: Vaporeon\n|-damage|p2a: Vaporeon|34\/100\n|move|p1a: Politoed|Weather Ball|p2b: Sylveon\n|-damage|p2b: Sylveon|29\/100 tox\n|move|p2a: Vaporeon|Scald|p1b: Kingdra\n|-resisted|p1b: Kingdra\n|-damage|p1b: Kingdra|2\/100\n|move|p2b: Sylveon|Calm Mind|p2b: Sylveon\n|-boost|p2b: Sylveon|spa|1\n|-boost|p2b: Sylveon|spd|1\n|\n|-weather|none\n|-heal|p2a: Vaporeon|40\/100|[from] Aqua Ring\n|-damage|p2b: Sylveon|23\/100 tox|[from] psn\n|-damage|p1a: Politoed|63\/100 brn|[from] brn\n|-end|p2a: Vaporeon|Encore\n|upkeep\n|turn|9\n|\n|t:|1699464901\n|move|p1b: Kingdra|Dragon Pulse|p2a: Vaporeon\n|-damage|p2a: Vaporeon|10\/100\n|move|p1a: Politoed|Rain Dance|p1a: Politoed\n|-weather|RainDance\n|move|p2a: Vaporeon|Scald|p1b: Kingdra\n|-resisted|p1b: Kingdra\n|-damage|p1b: Kingdra|0 fnt\n|faint|p1b: Kingdra\n|move|p2b: Sylveon|Hyper Voice|p1a: Politoed\n|-damage|p1a: Politoed|0 fnt\n|faint|p1a: Politoed\n|-enditem|p2b: Sylveon|Throat Spray\n|-boost|p2b: Sylveon|spa|1|[from] item: Throat Spray\n|\n|-weather|RainDance|[upkeep]\n|-heal|p2a: Vaporeon|16\/100|[from] Aqua Ring\n|-damage|p2b: Sylveon|11\/100 tox|[from] psn\n|upkeep\n|\n|t:|1699464906\n|switch|p1a: Vaporeon|Vaporeon, M|100\/100\n|turn|10\n|c|\u2606cassinidivision|vap sweep!\n|c|\u2606cassinidivision|slash jay\n|\n|t:|1699464933\n|move|p2a: Vaporeon|Scald|p1a: Vaporeon\n|-immune|p1a: Vaporeon|[from] ability: Water Absorb\n|move|p1a: Vaporeon|Surf|p2b: Sylveon|[spread] p2a,p2b\n|-resisted|p2a: Vaporeon\n|-damage|p2a: Vaporeon|1\/100\n|-damage|p2b: Sylveon|0 fnt\n|faint|p2b: Sylveon\n|\n|-weather|RainDance|[upkeep]\n|-heal|p2a: Vaporeon|7\/100|[from] Aqua Ring\n|upkeep\n|\n|t:|1699464945\n|switch|p2b: Umbreon|Umbreon, F|100\/100\n|-damage|p2b: Umbreon|88\/100|[from] Stealth Rock\n|-status|p2b: Umbreon|tox\n|-damage|p2b: Umbreon|76\/100 tox|[from] Spikes\n|turn|11\n|\n|t:|1699464974\n|move|p2a: Vaporeon|Acid Armor|p2a: Vaporeon\n|-boost|p2a: Vaporeon|def|2\n|move|p2b: Umbreon|Toxic|p1a: Vaporeon\n|-status|p1a: Vaporeon|tox\n|move|p1a: Vaporeon|Surf|p2a: Vaporeon|[spread] p2a,p2b\n|-resisted|p2a: Vaporeon\n|-damage|p2a: Vaporeon|0 fnt\n|-damage|p2b: Umbreon|57\/100 tox\n|faint|p2a: Vaporeon\n|\n|-weather|RainDance|[upkeep]\n|-heal|p2b: Umbreon|63\/100 tox|[from] item: Leftovers\n|-damage|p2b: Umbreon|57\/100 tox|[from] psn\n|-damage|p1a: Vaporeon|94\/100 tox|[from] psn\n|upkeep\n|\n|t:|1699464989\n|switch|p2a: Flareon|Flareon, M|100\/100\n|-damage|p2a: Flareon|76\/100|[from] Stealth Rock\n|-status|p2a: Flareon|tox\n|-damage|p2a: Flareon|63\/100 tox|[from] Spikes\n|turn|12\n|\n|t:|1699465010\n|move|p2b: Umbreon|Sucker Punch|p1a: Vaporeon\n|-damage|p1a: Vaporeon|77\/100 tox\n|move|p2a: Flareon|Quick Attack|p1a: Vaporeon\n|-damage|p1a: Vaporeon|50\/100 tox\n|move|p1a: Vaporeon|Surf|p2a: Flareon|[spread] p2a,p2b\n|-supereffective|p2a: Flareon\n|-damage|p2a: Flareon|0 fnt\n|-damage|p2b: Umbreon|37\/100 tox\n|faint|p2a: Flareon\n|\n|-weather|RainDance|[upkeep]\n|-heal|p2b: Umbreon|43\/100 tox|[from] item: Leftovers\n|-heal|p1a: Vaporeon|56\/100 tox|[from] item: Leftovers\n|-damage|p1a: Vaporeon|44\/100 tox|[from] psn\n|-damage|p2b: Umbreon|31\/100 tox|[from] psn\n|upkeep\n|turn|13\n|\n|t:|1699465026\n|move|p1a: Vaporeon|Wish|p1a: Vaporeon\n|move|p2b: Umbreon|Moonlight|p2b: Umbreon\n|-heal|p2b: Umbreon|56\/100 tox\n|\n|-weather|RainDance|[upkeep]\n|-heal|p1a: Vaporeon|50\/100 tox|[from] item: Leftovers\n|-heal|p2b: Umbreon|62\/100 tox|[from] item: Leftovers\n|-damage|p2b: Umbreon|44\/100 tox|[from] psn\n|-damage|p1a: Vaporeon|32\/100 tox|[from] psn\n|upkeep\n|turn|14\n|\n|t:|1699465036\n|move|p1a: Vaporeon|Surf|p2b: Umbreon\n|-damage|p2b: Umbreon|19\/100 tox\n|move|p2b: Umbreon|Moonlight|p2b: Umbreon\n|-heal|p2b: Umbreon|43\/100 tox\n|\n|-weather|RainDance|[upkeep]\n|-heal|p1a: Vaporeon|81\/100 tox|[from] move: Wish|[wisher] Vaporeon\n|-heal|p2b: Umbreon|49\/100 tox|[from] item: Leftovers\n|-heal|p1a: Vaporeon|88\/100 tox|[from] item: Leftovers\n|-damage|p1a: Vaporeon|63\/100 tox|[from] psn\n|-damage|p2b: Umbreon|25\/100 tox|[from] psn\n|upkeep\n|turn|15\n|c|\u2606cassinidivision|CAN I\n|c|\u2606cassinidivision|CAN I??????\n|\n|t:|1699465069\n|-terastallize|p2b: Umbreon|Dark\n|move|p2b: Umbreon|Sucker Punch|p1a: Vaporeon\n|-damage|p1a: Vaporeon|37\/100 tox\n|move|p1a: Vaporeon|Surf|p2b: Umbreon\n|-damage|p2b: Umbreon|1\/100 tox\n|\n|-weather|RainDance|[upkeep]\n|-heal|p1a: Vaporeon|43\/100 tox|[from] item: Leftovers\n|-heal|p2b: Umbreon|7\/100 tox|[from] item: Leftovers\n|-damage|p1a: Vaporeon|13\/100 tox|[from] psn\n|-damage|p2b: Umbreon|0 fnt|[from] psn\n|faint|p2b: Umbreon\n|\n|win|cassinidivision\n|upkeep\n|c|\u2606AutumnCookie|NICE\n|c|\u2606cassinidivision|HA\n|l| TLJblade\n|c|\u2606AutumnCookie|The tera was a last resort thing lol\n|c|\u2606cassinidivision|NOICE\n|c|\u2606cassinidivision|vapower\n|c|\u2606AutumnCookie|THAT WAS SO GOOD\n|c|\u2606cassinidivision|okay ggs for nowwwwww\n|c|\u2606AutumnCookie|BYE BYE\n|c|\u2606cassinidivision|might wanna save this one\n","uploadtime":1699465107,"views":14,"p1id":"cassinidivision","p2id":"autumncookie","formatid":"gen9nationaldexdoubles","rating":0,"private":0,"password":""}