{"id":"gen9nationaldexdoubles-1984881860","p1":"MeWoomy","p2":"Smoky_Man","format":"[Gen 9] National Dex Doubles","log":"|j|\u2606MeWoomy\n|j|\u2606Smoky_Man\n|t:|1699307200\n|gametype|doubles\n|player|p1|MeWoomy|cynthia-masters|1229\n|player|p2|Smoky_Man|volo|1130\n|teamsize|p1|6\n|teamsize|p2|6\n|gen|9\n|tier|[Gen 9] National Dex Doubles\n|rated|\n|rule|HP Percentage Mod: HP is shown in percentages\n|rule|Endless Battle Clause: Forcing endless battles is banned\n|rule|OHKO Clause: OHKO moves are banned\n|rule|Evasion Moves Clause: Evasion moves are banned\n|rule|Evasion Abilities Clause: Evasion abilities are banned\n|rule|Species Clause: Limit one of each Pok\u00e9mon\n|rule|Gravity Sleep Clause: The combination of sleep-inducing moves with imperfect accuracy and Gravity or Gigantamax Orbeetle are banned\n|clearpoke\n|poke|p1|Charizard, M|\n|poke|p1|Flutter Mane|\n|poke|p1|Whimsicott, F|\n|poke|p1|Kingambit, F|\n|poke|p1|Landorus-Therian, M|\n|poke|p1|Clodsire, M|\n|poke|p2|Tyranitar, F|\n|poke|p2|Dracovish|\n|poke|p2|Ogerpon-Cornerstone, F|\n|poke|p2|Ursaluna-Bloodmoon, M|\n|poke|p2|Tornadus, M|\n|poke|p2|Marshadow|\n|teampreview\n|inactive|Battle timer is ON: inactive players will automatically lose when time's up. (requested by MeWoomy)\n|\n|t:|1699307232\n|start\n|switch|p1a: Flutter Mane|Flutter Mane|100\/100\n|switch|p1b: Whimsicott|Whimsicott, F|100\/100\n|switch|p2a: Perfect Cell|Tornadus, M, shiny|100\/100\n|switch|p2b: Cupcake|Dracovish, shiny|100\/100\n|turn|1\n|\n|t:|1699307261\n|-terastallize|p2b: Cupcake|Steel\n|move|p1b: Whimsicott|Tailwind|p1b: Whimsicott\n|-sidestart|p1: MeWoomy|move: Tailwind\n|move|p2a: Perfect Cell|Taunt|p1b: Whimsicott\n|-start|p1b: Whimsicott|move: Taunt\n|move|p1a: Flutter Mane|Dazzling Gleam|p2b: Cupcake|[spread] p2a,p2b\n|-resisted|p2b: Cupcake\n|-damage|p2a: Perfect Cell|54\/100\n|-damage|p2b: Cupcake|72\/100\n|move|p2b: Cupcake|Iron Head|p1a: Flutter Mane\n|-supereffective|p1a: Flutter Mane\n|-damage|p1a: Flutter Mane|0 fnt\n|faint|p1a: Flutter Mane\n|-end|p1a: Flutter Mane|Protosynthesis|[silent]\n|\n|upkeep\n|inactive|MeWoomy has 120 seconds left.\n|\n|t:|1699307292\n|switch|p1a: Kingambit|Kingambit, F|100\/100\n|turn|2\n|inactive|MeWoomy has 120 seconds left.\n|inactive|Smoky_Man has 120 seconds left.\n|\n|t:|1699307327\n|switch|p2b: Stone Free|Ogerpon-Cornerstone, F|100\/100\n|move|p2a: Perfect Cell|Tailwind|p2a: Perfect Cell\n|-sidestart|p2: Smoky_Man|move: Tailwind\n|move|p1b: Whimsicott|Moonblast|p2a: Perfect Cell\n|-damage|p2a: Perfect Cell|30\/100\n|-unboost|p2a: Perfect Cell|spa|1\n|move|p1a: Kingambit|Low Kick|p2b: Stone Free\n|-supereffective|p2b: Stone Free\n|-damage|p2b: Stone Free|35\/100\n|-damage|p1a: Kingambit|91\/100|[from] item: Life Orb\n|\n|upkeep\n|turn|3\n|inactive|MeWoomy has 120 seconds left.\n|\n|t:|1699307342\n|move|p2b: Stone Free|Spiky Shield|p2b: Stone Free\n|-singleturn|p2b: Stone Free|move: Protect\n|move|p1a: Kingambit|Sucker Punch||[still]\n|-fail|p1a: Kingambit\n|move|p1b: Whimsicott|Moonblast|p2a: Perfect Cell\n|-damage|p2a: Perfect Cell|4\/100\n|-unboost|p2a: Perfect Cell|spa|1\n|move|p2a: Perfect Cell|Bleakwind Storm|p1b: Whimsicott|[spread] p1a,p1b\n|-resisted|p1a: Kingambit\n|-supereffective|p1b: Whimsicott\n|-damage|p1a: Kingambit|82\/100\n|-damage|p1b: Whimsicott|50\/100\n|-unboost|p1a: Kingambit|spe|1\n|-ability|p1a: Kingambit|Defiant|boost\n|-boost|p1a: Kingambit|atk|2\n|\n|upkeep\n|turn|4\n|inactive|MeWoomy has 120 seconds left.\n|\n|t:|1699307376\n|switch|p1a: Landorus|Landorus-Therian, M|100\/100\n|-ability|p1a: Landorus|Intimidate|boost\n|-unboost|p2a: Perfect Cell|atk|1\n|-unboost|p2b: Stone Free|atk|1\n|move|p2b: Stone Free|Follow Me|p2b: Stone Free\n|-singleturn|p2b: Stone Free|move: Follow Me\n|move|p1b: Whimsicott|Moonblast|p2b: Stone Free\n|-damage|p2b: Stone Free|13\/100\n|-unboost|p2b: Stone Free|spa|1\n|move|p2a: Perfect Cell|Bleakwind Storm|p1b: Whimsicott|[spread] p1a,p1b\n|-supereffective|p1b: Whimsicott\n|-damage|p1a: Landorus|78\/100\n|-damage|p1b: Whimsicott|0 fnt\n|-unboost|p1a: Landorus|spe|1\n|faint|p1b: Whimsicott\n|\n|-sideend|p1: MeWoomy|move: Tailwind\n|upkeep\n|\n|t:|1699307388\n|switch|p1b: Charizard|Charizard, M, shiny|100\/100\n|turn|5\n|inactive|MeWoomy has 120 seconds left.\n|\n|t:|1699307408\n|detailschange|p1b: Charizard|Charizard-Mega-Y, M, shiny\n|-mega|p1b: Charizard|Charizard|Charizardite Y\n|-weather|SunnyDay|[from] ability: Drought|[of] p1b: Charizard\n|move|p2a: Perfect Cell|Protect|p2a: Perfect Cell\n|-singleturn|p2a: Perfect Cell|Protect\n|move|p1b: Charizard|Protect|p1b: Charizard\n|-singleturn|p1b: Charizard|Protect\n|move|p2b: Stone Free|Ivy Cudgel|p1b: Charizard\n|-activate|p1b: Charizard|move: Protect\n|move|p1a: Landorus|Stealth Rock|p2b: Stone Free\n|-sidestart|p2: Smoky_Man|move: Stealth Rock\n|\n|-weather|SunnyDay|[upkeep]\n|-sideend|p2: Smoky_Man|move: Tailwind\n|upkeep\n|turn|6\n|\n|t:|1699307425\n|move|p1b: Charizard|Protect||[still]\n|-fail|p1b: Charizard\n|move|p2a: Perfect Cell|Tailwind|p2a: Perfect Cell\n|-sidestart|p2: Smoky_Man|move: Tailwind\n|move|p2b: Stone Free|Ivy Cudgel|p1b: Charizard\n|-supereffective|p1b: Charizard\n|-damage|p1b: Charizard|0 fnt\n|faint|p1b: Charizard\n|move|p1a: Landorus|U-turn|p2a: Perfect Cell\n|-resisted|p2a: Perfect Cell\n|-crit|p2a: Perfect Cell\n|-damage|p2a: Perfect Cell|0 fnt\n|faint|p2a: Perfect Cell\n|c|\u2606MeWoomy|your team is ass\n|-message|MeWoomy forfeited.\n|\n|win|Smoky_Man\n|raw|MeWoomy's rating: 1229 &rarr; <strong>1197<\/strong><br \/>(-32 for losing)\n|raw|Smoky_Man's rating: 1130 &rarr; <strong>1162<\/strong><br \/>(+32 for winning)\n|l|\u2606MeWoomy\n|c|\u2606Smoky_Man|gg\n","uploadtime":1699307451,"views":18,"p1id":"mewoomy","p2id":"smokyman","formatid":"gen9nationaldexdoubles","rating":1162,"private":0,"password":""}