{"id":"gen9nationaldexdoubles-1995133882","p1":"DracoAxel","p2":"Kazutoxo","format":"[Gen 9] National Dex Doubles","log":"|j|\u2606DracoAxel\n|j|\u2606Kazutoxo\n|t:|1700526318\n|gametype|doubles\n|player|p1|DracoAxel|nate|\n|player|p2|Kazutoxo|ingo|\n|teamsize|p1|6\n|teamsize|p2|6\n|gen|9\n|tier|[Gen 9] National Dex Doubles\n|rule|HP Percentage Mod: HP is shown in percentages\n|rule|Endless Battle Clause: Forcing endless battles is banned\n|rule|OHKO Clause: OHKO moves are banned\n|rule|Evasion Moves Clause: Evasion moves are banned\n|rule|Evasion Abilities Clause: Evasion abilities are banned\n|rule|Species Clause: Limit one of each Pok\u00e9mon\n|rule|Gravity Sleep Clause: The combination of sleep-inducing moves with imperfect accuracy and Gravity or Gigantamax Orbeetle are banned\n|clearpoke\n|poke|p1|Charizard, M|\n|poke|p1|Venusaur, F|\n|poke|p1|Flutter Mane|\n|poke|p1|Ogerpon-Hearthflame, F|\n|poke|p1|Roaring Moon|\n|poke|p1|Grimmsnarl, M|\n|poke|p2|Ogerpon-Hearthflame, F|\n|poke|p2|Venusaur, F|\n|poke|p2|Iron Hands|\n|poke|p2|Flutter Mane|\n|poke|p2|Charizard, M|\n|poke|p2|Volcanion|\n|teampreview\n|j| s.daninja\n|inactive|Battle timer is ON: inactive players will automatically lose when time's up. (requested by Kazutoxo)\n|c| s.daninja|Oh se viene sexo\n|\n|t:|1700526421\n|start\n|switch|p1a: Charizard|Charizard, M|100\/100\n|switch|p1b: Venusaur|Venusaur, F|100\/100\n|switch|p2a: Venusaur|Venusaur, F|100\/100\n|switch|p2b: Iron Hands|Iron Hands|100\/100\n|turn|1\n|c| s.daninja|Ambos son sol\n|c| s.daninja|Que geis\n|\n|t:|1700526436\n|move|p2b: Iron Hands|Fake Out|p1b: Venusaur\n|-damage|p1b: Venusaur|83\/100\n|move|p1a: Charizard|Air Slash|p2a: Venusaur\n|-supereffective|p2a: Venusaur\n|-damage|p2a: Venusaur|27\/100\n|-zpower|p2a: Venusaur\n|move|p2a: Venusaur|Z-Sleep Powder|p1a: Charizard|[anim]Sleep Powder\n|-boost|p2a: Venusaur|spe|1|[zeffect]\n|-status|p1a: Charizard|slp|[from] move: Sleep Powder\n|cant|p1b: Venusaur|flinch\n|\n|upkeep\n|turn|2\n|c| s.daninja|:0\n|\n|t:|1700526465\n|move|p2a: Venusaur|Sludge Bomb|p1b: Venusaur\n|-damage|p1b: Venusaur|39\/100\n|cant|p1a: Charizard|slp\n|move|p1b: Venusaur|Earth Power|p2b: Iron Hands\n|-supereffective|p2b: Iron Hands\n|-damage|p2b: Iron Hands|62\/100\n|-damage|p1b: Venusaur|29\/100|[from] item: Life Orb\n|move|p2b: Iron Hands|Wild Charge|p1a: Charizard\n|-supereffective|p1a: Charizard\n|-damage|p1a: Charizard|0 fnt\n|faint|p1a: Charizard\n|-damage|p2b: Iron Hands|46\/100|[from] Recoil\n|\n|upkeep\n|c| s.daninja|No lo mato\n|c| s.daninja|Es bulky\n|\n|t:|1700526472\n|switch|p1a: Grimmsnarl|Grimmsnarl, M|100\/100\n|turn|3\n|\n|t:|1700526485\n|-end|p2b: Iron Hands|Quark Drive|[silent]\n|switch|p2b: Charizard|Charizard, M|100\/100\n|move|p1a: Grimmsnarl|Light Screen|p1a: Grimmsnarl\n|-sidestart|p1: DracoAxel|move: Light Screen\n|move|p2a: Venusaur|Sludge Bomb|p1a: Grimmsnarl\n|-supereffective|p1a: Grimmsnarl\n|-damage|p1a: Grimmsnarl|46\/100\n|-status|p1a: Grimmsnarl|psn\n|move|p1b: Venusaur|Sludge Bomb|p2a: Venusaur\n|-damage|p2a: Venusaur|0 fnt\n|faint|p2a: Venusaur\n|-damage|p1b: Venusaur|19\/100|[from] item: Life Orb\n|\n|-damage|p1a: Grimmsnarl|33\/100 psn|[from] psn\n|upkeep\n|c| s.daninja|Yo mataria al vdnu\n|c| s.daninja|Waos\n|\n|t:|1700526503\n|switch|p2a: Iron Hands|Iron Hands|46\/100\n|turn|4\n|c| s.daninja|Complicado\n|\n|t:|1700526517\n|detailschange|p2b: Charizard|Charizard-Mega-Y, M\n|-mega|p2b: Charizard|Charizard|Charizardite Y\n|-weather|SunnyDay|[from] ability: Drought|[of] p2b: Charizard\n|move|p2a: Iron Hands|Fake Out|p1b: Venusaur\n|-damage|p1b: Venusaur|2\/100\n|move|p1a: Grimmsnarl|Parting Shot|p2a: Iron Hands\n|-unboost|p2a: Iron Hands|atk|1\n|-unboost|p2a: Iron Hands|spa|1\n|\n|t:|1700526530\n|switch|p1a: Roaring Moon|Roaring Moon|100\/100|[from] Parting Shot\n|-activate|p1a: Roaring Moon|ability: Protosynthesis\n|-start|p1a: Roaring Moon|protosynthesisatk\n|cant|p1b: Venusaur|flinch\n|move|p2b: Charizard|Heat Wave|p1b: Venusaur|[spread] p1a\n|-miss|p2b: Charizard|p1b: Venusaur\n|-resisted|p1a: Roaring Moon\n|-damage|p1a: Roaring Moon|79\/100\n|-status|p1a: Roaring Moon|brn\n|\n|-weather|SunnyDay|[upkeep]\n|-damage|p1a: Roaring Moon|73\/100 brn|[from] brn\n|upkeep\n|turn|5\n|c| s.daninja|Queeee\n|c| s.daninja|Venu lo esquivo\n|c| s.daninja|Pero se quemooo\n|c| s.daninja|Eso es bueno o malo?\n|\n|t:|1700526554\n|move|p1b: Venusaur|Earth Power|p2a: Iron Hands\n|-supereffective|p2a: Iron Hands\n|-damage|p2a: Iron Hands|11\/100\n|-damage|p1b: Venusaur|0 fnt|[from] item: Life Orb\n|faint|p1b: Venusaur\n|move|p1a: Roaring Moon|Earthquake|p2a: Iron Hands|[spread] p2a\n|-immune|p2b: Charizard\n|-supereffective|p2a: Iron Hands\n|-damage|p2a: Iron Hands|0 fnt\n|faint|p2a: Iron Hands\n|-end|p2a: Iron Hands|Quark Drive|[silent]\n|-damage|p1a: Roaring Moon|63\/100 brn|[from] item: Life Orb\n|move|p2b: Charizard|Air Slash|p1a: Roaring Moon\n|-damage|p1a: Roaring Moon|33\/100 brn\n|\n|-weather|SunnyDay|[upkeep]\n|-damage|p1a: Roaring Moon|27\/100 brn|[from] brn\n|upkeep\n|\n|t:|1700526573\n|switch|p1b: Flutter Mane|Flutter Mane|100\/100\n|switch|p2a: Flutter Mane|Flutter Mane|100\/100\n|-activate|p2a: Flutter Mane|ability: Protosynthesis\n|-start|p2a: Flutter Mane|protosynthesisspe\n|-activate|p1b: Flutter Mane|ability: Protosynthesis\n|-start|p1b: Flutter Mane|protosynthesisspa\n|turn|6\n|c| s.daninja|Uhhhh\n|\n|t:|1700526602\n|move|p2a: Flutter Mane|Shadow Ball|p1b: Flutter Mane\n|-supereffective|p1b: Flutter Mane\n|-damage|p1b: Flutter Mane|6\/100\n|move|p1b: Flutter Mane|Dazzling Gleam|p2b: Charizard|[spread] p2a,p2b\n|-resisted|p2b: Charizard\n|-damage|p2a: Flutter Mane|42\/100\n|-damage|p2b: Charizard|68\/100\n|-damage|p1b: Flutter Mane|0 fnt|[from] item: Life Orb\n|faint|p1b: Flutter Mane\n|-end|p1b: Flutter Mane|Protosynthesis|[silent]\n|move|p1a: Roaring Moon|Dragon Claw|p2b: Charizard\n|-damage|p2b: Charizard|7\/100\n|-damage|p1a: Roaring Moon|17\/100 brn|[from] item: Life Orb\n|move|p2b: Charizard|Heat Wave|p1a: Roaring Moon\n|-resisted|p1a: Roaring Moon\n|-damage|p1a: Roaring Moon|0 fnt\n|faint|p1a: Roaring Moon\n|-end|p1a: Roaring Moon|Protosynthesis|[silent]\n|\n|-weather|SunnyDay|[upkeep]\n|upkeep\n|inactive|DracoAxel has 270 seconds left.\n|\n|t:|1700526615\n|switch|p1b: Grimmsnarl|Grimmsnarl, M|33\/100 psn\n|switch|p1a: Ogerpon|Ogerpon-Hearthflame, F|100\/100\n|-ability|p1a: Ogerpon|Mold Breaker\n|turn|7\n|c| s.daninja|:0\n|c| s.daninja|Sucker punch?\n|c| s.daninja|Fake out?\n|c| s.daninja|Que pasara\n|c| s.daninja|Yo mataria a charizard\n|\n|t:|1700526648\n|-end|p2a: Flutter Mane|Protosynthesis|[silent]\n|switch|p2a: Volcanion|Volcanion|100\/100\n|move|p2b: Charizard|Protect|p2b: Charizard\n|-singleturn|p2b: Charizard|Protect\n|move|p1b: Grimmsnarl|Thunder Wave|p2b: Charizard\n|-activate|p2b: Charizard|move: Protect\n|move|p1a: Ogerpon|Ivy Cudgel|p2a: Volcanion|[anim] Ivy Cudgel Fire\n|-resisted|p2a: Volcanion\n|-damage|p2a: Volcanion|87\/100\n|\n|-weather|SunnyDay|[upkeep]\n|-damage|p1b: Grimmsnarl|21\/100 psn|[from] psn\n|upkeep\n|turn|8\n|c| s.daninja|Es muy peligroso\n|inactive|Kazutoxo has 270 seconds left.\n|\n|t:|1700526681\n|switch|p2b: Flutter Mane|Flutter Mane|42\/100\n|-activate|p2b: Flutter Mane|ability: Protosynthesis\n|-start|p2b: Flutter Mane|protosynthesisspe\n|move|p1b: Grimmsnarl|Thunder Wave|p2b: Flutter Mane|[miss]\n|-miss|p1b: Grimmsnarl|p2b: Flutter Mane\n|move|p1a: Ogerpon|Substitute|p1a: Ogerpon\n|-start|p1a: Ogerpon|Substitute\n|-damage|p1a: Ogerpon|76\/100\n|move|p2a: Volcanion|Earth Power|p1a: Ogerpon\n|-activate|p1a: Ogerpon|move: Substitute|[damage]\n|\n|-weather|none\n|-end|p2b: Flutter Mane|Protosynthesis\n|-damage|p1b: Grimmsnarl|9\/100 psn|[from] psn\n|upkeep\n|turn|9\n|c| s.daninja|Uhhhh\n|inactive|Kazutoxo has 270 seconds left.\n|c| s.daninja|Esta peligroso eh\n|\n|t:|1700526722\n|move|p1b: Grimmsnarl|Thunder Wave|p2a: Volcanion\n|-status|p2a: Volcanion|par\n|move|p2b: Flutter Mane|Shadow Ball|p1a: Ogerpon\n|-end|p1a: Ogerpon|Substitute\n|move|p1a: Ogerpon|Ivy Cudgel|p2b: Flutter Mane|[anim] Ivy Cudgel Fire\n|-damage|p2b: Flutter Mane|0 fnt\n|faint|p2b: Flutter Mane\n|-end|p2b: Flutter Mane|Protosynthesis|[silent]\n|move|p2a: Volcanion|Heat Wave|p1b: Grimmsnarl|[spread] p1a,p1b\n|-damage|p1a: Ogerpon|51\/100\n|-damage|p1b: Grimmsnarl|0 fnt\n|faint|p1b: Grimmsnarl\n|\n|upkeep\n|c| s.daninja|Pelea de tera\n|\n|t:|1700526741\n|switch|p2b: Ogerpon|Ogerpon-Hearthflame, F|100\/100\n|-ability|p2b: Ogerpon|Mold Breaker\n|turn|10\n|inactive|Kazutoxo has 270 seconds left.\n|\n|t:|1700526752\n|-terastallize|p2b: Ogerpon|Fire\n|detailschange|p2b: Ogerpon|Ogerpon-Hearthflame-Tera, F, tera:Fire\n|-ability|p2b: Ogerpon|Embody Aspect (Hearthflame)|boost\n|-boost|p2b: Ogerpon|atk|1\n|move|p2b: Ogerpon|Ivy Cudgel|p1a: Ogerpon|[anim] Ivy Cudgel Fire\n|-crit|p1a: Ogerpon\n|-damage|p1a: Ogerpon|0 fnt\n|faint|p1a: Ogerpon\n|\n|win|Kazutoxo\n|l|\u2606DracoAxel\n|l| s.daninja\n","uploadtime":1700526770,"views":4,"p1id":"dracoaxel","p2id":"kazutoxo","formatid":"gen9nationaldexdoubles","rating":0,"private":0,"password":""}