{"id":"gen9nationaldexdoubles-1987116862","p1":"Monodrainpunch","p2":"Ch4mpionDiantha","format":"[Gen 9] National Dex Doubles","log":"|j|\u2606Monodrainpunch\n|j|\u2606Ch4mpionDiantha\n|t:|1699557431\n|gametype|doubles\n|player|p1|Monodrainpunch|caitlin|1165\n|player|p2|Ch4mpionDiantha|leaf-masters|1182\n|teamsize|p1|6\n|teamsize|p2|6\n|gen|9\n|tier|[Gen 9] National Dex Doubles\n|rated|\n|rule|HP Percentage Mod: HP is shown in percentages\n|rule|Endless Battle Clause: Forcing endless battles is banned\n|rule|OHKO Clause: OHKO moves are banned\n|rule|Evasion Moves Clause: Evasion moves are banned\n|rule|Evasion Abilities Clause: Evasion abilities are banned\n|rule|Species Clause: Limit one of each Pok\u00e9mon\n|rule|Gravity Sleep Clause: The combination of sleep-inducing moves with imperfect accuracy and Gravity or Gigantamax Orbeetle are banned\n|clearpoke\n|poke|p1|Indeedee-F, F|\n|poke|p1|Brute Bonnet|\n|poke|p1|Ursaluna, M|\n|poke|p1|Hatterene, F|\n|poke|p1|Gardevoir, M|\n|poke|p1|Crawdaunt, M|\n|poke|p2|Hawlucha, M|\n|poke|p2|Tyrantrum, M|\n|poke|p2|Aurorus, F|\n|poke|p2|Gourgeist-*, M|\n|poke|p2|Goodra, M|\n|poke|p2|Gardevoir, F|\n|teampreview\n|\n|t:|1699557442\n|start\n|switch|p1a: Indeedee|Indeedee-F, F, shiny|100\/100\n|switch|p1b: Hatterene|Hatterene, F, shiny|100\/100\n|switch|p2a: Aurorus|Aurorus, F|100\/100\n|switch|p2b: Gourgeist|Gourgeist-Super, M|100\/100\n|-fieldstart|move: Psychic Terrain|[from] ability: Psychic Surge|[of] p1a: Indeedee\n|turn|1\n|\n|t:|1699557467\n|move|p1a: Indeedee|Expanding Force|p2b: Gourgeist|[spread] p2a,p2b\n|-damage|p2a: Aurorus|58\/100\n|-damage|p2b: Gourgeist|48\/100\n|move|p2a: Aurorus|Meteor Beam||[still]\n|-prepare|p2a: Aurorus|Meteor Beam\n|-boost|p2a: Aurorus|spa|1\n|-enditem|p2a: Aurorus|Power Herb\n|-anim|p2a: Aurorus|Meteor Beam|p1b: Hatterene\n|-damage|p1b: Hatterene|8\/100\n|move|p2b: Gourgeist|Round|p1b: Hatterene\n|-damage|p1b: Hatterene|0 fnt\n|faint|p1b: Hatterene\n|\n|upkeep\n|\n|t:|1699557500\n|switch|p1b: Gardevoir|Gardevoir, M, shiny|100\/100\n|-ability|p1b: Gardevoir|Refrigerate|[from] ability: Trace|[of] p2a: Aurorus\n|turn|2\n|\n|t:|1699557512\n|move|p2a: Aurorus|Protect|p2a: Aurorus\n|-singleturn|p2a: Aurorus|Protect\n|move|p1a: Indeedee|Dazzling Gleam|p2b: Gourgeist|[spread] p2b\n|-activate|p2a: Aurorus|move: Protect\n|-damage|p2b: Gourgeist|28\/100\n|move|p1b: Gardevoir|Expanding Force|p2b: Gourgeist|[spread] p2b\n|-activate|p2a: Aurorus|move: Protect\n|-damage|p2b: Gourgeist|0 fnt\n|faint|p2b: Gourgeist\n|\n|upkeep\n|\n|t:|1699557520\n|switch|p2b: Gardevoir|Gardevoir, F|100\/100\n|-ability|p2b: Gardevoir|Refrigerate|[from] ability: Trace|[of] p1b: Gardevoir\n|turn|3\n|\n|t:|1699557534\n|detailschange|p2b: Gardevoir|Gardevoir-Mega, F\n|-mega|p2b: Gardevoir|Gardevoir|Gardevoirite\n|detailschange|p1b: Gardevoir|Gardevoir-Mega, M, shiny\n|-mega|p1b: Gardevoir|Gardevoir|Gardevoirite\n|move|p2b: Gardevoir|Round|p1a: Indeedee\n|-damage|p1a: Indeedee|65\/100\n|move|p2a: Aurorus|Round|p1a: Indeedee|[from]move: Round\n|-damage|p1a: Indeedee|0 fnt\n|faint|p1a: Indeedee\n|move|p1b: Gardevoir|Aura Sphere|p2a: Aurorus\n|-supereffective|p2a: Aurorus\n|-damage|p2a: Aurorus|0 fnt\n|faint|p2a: Aurorus\n|\n|upkeep\n|\n|t:|1699557549\n|switch|p1a: Brute Bonnet|Brute Bonnet, shiny|100\/100\n|switch|p2a: Hawlucha|Hawlucha, M|100\/100\n|-enditem|p1a: Brute Bonnet|Booster Energy\n|-activate|p1a: Brute Bonnet|ability: Protosynthesis|[fromitem]\n|-start|p1a: Brute Bonnet|protosynthesisatk\n|turn|4\n|\n|t:|1699557569\n|move|p2a: Hawlucha|Tailwind|p2a: Hawlucha\n|-sidestart|p2: Ch4mpionDiantha|move: Tailwind\n|move|p2b: Gardevoir|Hyper Voice|p1b: Gardevoir|[spread] p1a,p1b\n|-supereffective|p1a: Brute Bonnet\n|-damage|p1a: Brute Bonnet|18\/100\n|-damage|p1b: Gardevoir|63\/100\n|move|p1b: Gardevoir|Expanding Force|p2a: Hawlucha|[spread] p2a,p2b\n|-supereffective|p2a: Hawlucha\n|-resisted|p2b: Gardevoir\n|-enditem|p2a: Hawlucha|Focus Sash\n|-damage|p2a: Hawlucha|1\/100\n|-damage|p2b: Gardevoir|62\/100\n|move|p1a: Brute Bonnet|Zen Headbutt|p2a: Hawlucha\n|-supereffective|p2a: Hawlucha\n|-damage|p2a: Hawlucha|0 fnt\n|faint|p2a: Hawlucha\n|\n|upkeep\n|\n|t:|1699557585\n|switch|p2a: Tyrantrum|Tyrantrum, M|100\/100\n|turn|5\n|\n|t:|1699557599\n|move|p2a: Tyrantrum|Endure|p2a: Tyrantrum\n|-singleturn|p2a: Tyrantrum|move: Endure\n|move|p2b: Gardevoir|Hyper Voice|p1b: Gardevoir|[spread] p1a,p1b\n|-supereffective|p1a: Brute Bonnet\n|-damage|p1a: Brute Bonnet|0 fnt\n|-damage|p1b: Gardevoir|24\/100\n|faint|p1a: Brute Bonnet\n|-end|p1a: Brute Bonnet|Protosynthesis|[silent]\n|move|p1b: Gardevoir|Moonblast|p2a: Tyrantrum\n|-supereffective|p2a: Tyrantrum\n|-activate|p2a: Tyrantrum|move: Endure\n|-damage|p2a: Tyrantrum|1\/100\n|-unboost|p2a: Tyrantrum|spa|1\n|-enditem|p2a: Tyrantrum|Weakness Policy\n|-boost|p2a: Tyrantrum|atk|2|[from] item: Weakness Policy\n|-boost|p2a: Tyrantrum|spa|2|[from] item: Weakness Policy\n|\n|-fieldend|move: Psychic Terrain\n|upkeep\n|\n|t:|1699557608\n|switch|p1a: Crawdaunt|Crawdaunt, M, shiny|100\/100\n|turn|6\n|\n|t:|1699557614\n|move|p2a: Tyrantrum|Endure||[still]\n|-fail|p2a: Tyrantrum\n|move|p1a: Crawdaunt|Aqua Jet|p2a: Tyrantrum\n|-damage|p2a: Tyrantrum|0 fnt\n|faint|p2a: Tyrantrum\n|-damage|p1a: Crawdaunt|90\/100|[from] item: Life Orb\n|move|p2b: Gardevoir|Hyper Voice|p1a: Crawdaunt|[spread] p1a,p1b\n|-supereffective|p1a: Crawdaunt\n|-damage|p1a: Crawdaunt|0 fnt\n|-damage|p1b: Gardevoir|0 fnt\n|faint|p1a: Crawdaunt\n|faint|p1b: Gardevoir\n|\n|upkeep\n|\n|t:|1699557630\n|switch|p2a: Goodra|Goodra, M|100\/100\n|switch|p1a: Ursaluna|Ursaluna, M, shiny|100\/100\n|turn|7\n|\n|t:|1699557645\n|move|p2b: Gardevoir|Protect|p2b: Gardevoir\n|-singleturn|p2b: Gardevoir|Protect\n|move|p1a: Ursaluna|Protect|p1a: Ursaluna\n|-singleturn|p1a: Ursaluna|Protect\n|move|p2a: Goodra|Breaking Swipe|p1a: Ursaluna\n|-activate|p1a: Ursaluna|move: Protect\n|\n|-sideend|p2: Ch4mpionDiantha|move: Tailwind\n|-status|p1a: Ursaluna|brn|[from] item: Flame Orb\n|upkeep\n|turn|8\n|\n|t:|1699557657\n|move|p2b: Gardevoir|Destiny Bond|p2b: Gardevoir\n|-singlemove|p2b: Gardevoir|Destiny Bond\n|move|p2a: Goodra|Breaking Swipe|p1a: Ursaluna\n|-damage|p1a: Ursaluna|86\/100 brn\n|-unboost|p1a: Ursaluna|atk|1\n|move|p1a: Ursaluna|Ice Punch|p2a: Goodra\n|-supereffective|p2a: Goodra\n|-damage|p2a: Goodra|17\/100\n|\n|-heal|p2a: Goodra|23\/100|[from] item: Leftovers\n|-damage|p1a: Ursaluna|80\/100 brn|[from] brn\n|upkeep\n|turn|9\n|\n|t:|1699557666\n|move|p1a: Ursaluna|Protect|p1a: Ursaluna\n|-singleturn|p1a: Ursaluna|Protect\n|move|p2b: Gardevoir|Hyper Voice|p1a: Ursaluna\n|-activate|p1a: Ursaluna|move: Protect\n|move|p2a: Goodra|Life Dew|p2a: Goodra|[spread] p2a,p2b\n|-heal|p2a: Goodra|48\/100\n|-heal|p2b: Gardevoir|86\/100\n|\n|-heal|p2a: Goodra|54\/100|[from] item: Leftovers\n|-damage|p1a: Ursaluna|74\/100 brn|[from] brn\n|upkeep\n|turn|10\n|\n|t:|1699557674\n|move|p2b: Gardevoir|Destiny Bond|p2b: Gardevoir\n|-singlemove|p2b: Gardevoir|Destiny Bond\n|move|p2a: Goodra|Life Dew|p2a: Goodra|[spread] p2a,p2b\n|-heal|p2a: Goodra|79\/100\n|-heal|p2b: Gardevoir|100\/100\n|move|p1a: Ursaluna|Ice Punch|p2a: Goodra\n|-supereffective|p2a: Goodra\n|-damage|p2a: Goodra|2\/100\n|\n|-heal|p2a: Goodra|8\/100|[from] item: Leftovers\n|-damage|p1a: Ursaluna|68\/100 brn|[from] brn\n|upkeep\n|turn|11\n|\n|t:|1699557693\n|move|p2b: Gardevoir|Hyper Voice|p1a: Ursaluna\n|-damage|p1a: Ursaluna|7\/100 brn\n|move|p2a: Goodra|Breaking Swipe|p1a: Ursaluna\n|-damage|p1a: Ursaluna|0 fnt\n|faint|p1a: Ursaluna\n|\n|win|Ch4mpionDiantha\n|raw|Monodrainpunch's rating: 1165 &rarr; <strong>1141<\/strong><br \/>(-24 for losing)\n|raw|Ch4mpionDiantha's rating: 1182 &rarr; <strong>1206<\/strong><br \/>(+24 for winning)\n","uploadtime":1699557706,"views":7,"p1id":"monodrainpunch","p2id":"ch4mpiondiantha","formatid":"gen9nationaldexdoubles","rating":1141,"private":0,"password":""}