{"id":"gen9nationaldexdoubles-1971481501","p1":"blacknoir777","p2":"snowgust","format":"[Gen 9] National Dex Doubles","log":"|j|\u2606blacknoir777\n|j|\u2606snowgust\n|t:|1697741899\n|gametype|doubles\n|player|p1|blacknoir777|steven|1054\n|player|p2|snowgust|hiker-gen4|1113\n|teamsize|p1|6\n|teamsize|p2|6\n|gen|9\n|tier|[Gen 9] National Dex Doubles\n|rated|\n|rule|HP Percentage Mod: HP is shown in percentages\n|rule|Endless Battle Clause: Forcing endless battles is banned\n|rule|OHKO Clause: OHKO moves are banned\n|rule|Evasion Moves Clause: Evasion moves are banned\n|rule|Evasion Abilities Clause: Evasion abilities are banned\n|rule|Species Clause: Limit one of each Pok\u00e9mon\n|rule|Gravity Sleep Clause: The combination of sleep-inducing moves with imperfect accuracy and Gravity or Gigantamax Orbeetle are banned\n|clearpoke\n|poke|p1|Pelipper, F|\n|poke|p1|Seismitoad, M|\n|poke|p1|Dracovish|\n|poke|p1|Hawlucha, F|\n|poke|p1|Ferrothorn, F|\n|poke|p1|Aegislash, M|\n|poke|p2|Dunsparce, F|\n|poke|p2|Dudunsparce-*, F|\n|poke|p2|Roaring Moon|\n|poke|p2|Sableye, F|\n|poke|p2|Maushold-Four|\n|poke|p2|Dragonite, M|\n|teampreview\n|\n|t:|1697741905\n|start\n|switch|p1a: Pelipper|Pelipper, F|100\/100\n|switch|p1b: Ferrothorn|Ferrothorn, F|100\/100\n|switch|p2a: Dudunsparce|Dudunsparce, F|100\/100\n|switch|p2b: Sableye|Sableye, F, shiny|100\/100\n|-weather|RainDance|[from] ability: Drizzle|[of] p1a: Pelipper\n|turn|1\n|\n|t:|1697741924\n|move|p2b: Sableye|Gravity|p2b: Sableye\n|-fieldstart|move: Gravity\n|move|p2a: Dudunsparce|Rock Slide|p1a: Pelipper|[spread] p1a,p1b\n|-supereffective|p1a: Pelipper\n|-resisted|p1b: Ferrothorn\n|-damage|p1a: Pelipper|63\/100\n|-damage|p1b: Ferrothorn|96\/100\n|cant|p1a: Pelipper|flinch\n|move|p1b: Ferrothorn|Stealth Rock|p2a: Dudunsparce\n|-sidestart|p2: snowgust|move: Stealth Rock\n|\n|-weather|RainDance|[upkeep]\n|-heal|p1b: Ferrothorn|100\/100|[from] item: Leftovers\n|upkeep\n|turn|2\n|\n|t:|1697741940\n|move|p2b: Sableye|Thunder Wave|p1b: Ferrothorn\n|-status|p1b: Ferrothorn|par\n|move|p2a: Dudunsparce|Rock Slide|p1a: Pelipper|[spread] p1a,p1b\n|-supereffective|p1a: Pelipper\n|-resisted|p1b: Ferrothorn\n|-damage|p1a: Pelipper|31\/100\n|-damage|p1b: Ferrothorn|95\/100 par\n|cant|p1a: Pelipper|flinch\n|cant|p1b: Ferrothorn|flinch\n|\n|-weather|RainDance|[upkeep]\n|-heal|p1b: Ferrothorn|100\/100 par|[from] item: Leftovers\n|upkeep\n|turn|3\n|\n|t:|1697741958\n|switch|p1a: Seismitoad|Seismitoad, M|100\/100\n|move|p2b: Sableye|Confuse Ray|p1b: Ferrothorn\n|-start|p1b: Ferrothorn|confusion\n|move|p2a: Dudunsparce|Rock Slide|p1a: Seismitoad|[spread] p1a,p1b\n|-resisted|p1a: Seismitoad\n|-resisted|p1b: Ferrothorn\n|-damage|p1a: Seismitoad|90\/100\n|-damage|p1b: Ferrothorn|95\/100 par\n|cant|p1b: Ferrothorn|flinch\n|\n|-weather|RainDance|[upkeep]\n|-heal|p1b: Ferrothorn|100\/100 par|[from] item: Leftovers\n|upkeep\n|turn|4\n|\n|t:|1697741981\n|move|p1a: Seismitoad|Icy Wind|p2b: Sableye|[spread] p2a,p2b\n|-damage|p2a: Dudunsparce|84\/100\n|-damage|p2b: Sableye|79\/100\n|-unboost|p2a: Dudunsparce|spe|1\n|-unboost|p2b: Sableye|spe|1\n|-damage|p1a: Seismitoad|80\/100|[from] item: Life Orb\n|move|p2a: Dudunsparce|Rock Slide|p1b: Ferrothorn|[spread] p1a,p1b\n|-resisted|p1a: Seismitoad\n|-resisted|p1b: Ferrothorn\n|-damage|p1a: Seismitoad|71\/100\n|-damage|p1b: Ferrothorn|95\/100 par\n|move|p2b: Sableye|Knock Off|p1b: Ferrothorn\n|-damage|p1b: Ferrothorn|79\/100 par\n|-damage|p2b: Sableye|67\/100|[from] ability: Iron Barbs|[of] p1b: Ferrothorn\n|-enditem|p1b: Ferrothorn|Leftovers|[from] move: Knock Off|[of] p2b: Sableye\n|cant|p1b: Ferrothorn|flinch\n|\n|-weather|RainDance|[upkeep]\n|-heal|p2b: Sableye|73\/100|[from] item: Leftovers\n|upkeep\n|turn|5\n|\n|t:|1697742006\n|move|p2b: Sableye|Confuse Ray|p1a: Seismitoad\n|-start|p1a: Seismitoad|confusion\n|-activate|p1a: Seismitoad|confusion\n|move|p1a: Seismitoad|Icy Wind|p2b: Sableye|[spread] p2a,p2b\n|-damage|p2a: Dudunsparce|69\/100\n|-damage|p2b: Sableye|50\/100\n|-unboost|p2a: Dudunsparce|spe|1\n|-unboost|p2b: Sableye|spe|1\n|-damage|p1a: Seismitoad|61\/100|[from] item: Life Orb\n|move|p2a: Dudunsparce|Rock Slide|p1a: Seismitoad|[spread] p1a,p1b\n|-resisted|p1a: Seismitoad\n|-resisted|p1b: Ferrothorn\n|-damage|p1a: Seismitoad|51\/100\n|-damage|p1b: Ferrothorn|74\/100 par\n|cant|p1b: Ferrothorn|flinch\n|\n|-weather|RainDance|[upkeep]\n|-heal|p2b: Sableye|56\/100|[from] item: Leftovers\n|-fieldend|move: Gravity\n|upkeep\n|turn|6\n|\n|t:|1697742034\n|move|p2b: Sableye|Gravity|p2b: Sableye\n|-fieldstart|move: Gravity\n|-activate|p1a: Seismitoad|confusion\n|-damage|p1a: Seismitoad|41\/100|[from] confusion\n|move|p2a: Dudunsparce|Rock Slide|p1b: Ferrothorn|[spread] p1a,p1b\n|-resisted|p1a: Seismitoad\n|-resisted|p1b: Ferrothorn\n|-damage|p1a: Seismitoad|31\/100\n|-damage|p1b: Ferrothorn|69\/100 par\n|cant|p1b: Ferrothorn|flinch\n|\n|-weather|RainDance|[upkeep]\n|-heal|p2b: Sableye|62\/100|[from] item: Leftovers\n|upkeep\n|turn|7\n|\n|t:|1697742056\n|-end|p1a: Seismitoad|confusion\n|move|p1a: Seismitoad|Earth Power|p2a: Dudunsparce\n|-damage|p2a: Dudunsparce|22\/100\n|-damage|p1a: Seismitoad|21\/100|[from] item: Life Orb\n|move|p2a: Dudunsparce|Rock Slide|p1a: Seismitoad|[spread] p1a,p1b\n|-resisted|p1a: Seismitoad\n|-resisted|p1b: Ferrothorn\n|-damage|p1a: Seismitoad|11\/100\n|-damage|p1b: Ferrothorn|64\/100 par\n|move|p2b: Sableye|Knock Off|p1a: Seismitoad\n|-damage|p1a: Seismitoad|0 fnt\n|-enditem|p1a: Seismitoad|Life Orb|[from] move: Knock Off|[of] p2b: Sableye\n|faint|p1a: Seismitoad\n|cant|p1b: Ferrothorn|flinch\n|\n|-weather|RainDance|[upkeep]\n|-heal|p2b: Sableye|69\/100|[from] item: Leftovers\n|upkeep\n|\n|t:|1697742074\n|switch|p1a: Pelipper|Pelipper, F|31\/100\n|turn|8\n|\n|t:|1697742085\n|move|p2b: Sableye|Thunder Wave|p1a: Pelipper\n|-status|p1a: Pelipper|par\n|move|p2a: Dudunsparce|Rock Slide|p1b: Ferrothorn|[spread] p1a,p1b\n|-supereffective|p1a: Pelipper\n|-resisted|p1b: Ferrothorn\n|-damage|p1a: Pelipper|0 fnt\n|-damage|p1b: Ferrothorn|59\/100 par\n|faint|p1a: Pelipper\n|-activate|p1b: Ferrothorn|confusion\n|cant|p1b: Ferrothorn|par\n|\n|-weather|none\n|-heal|p2b: Sableye|75\/100|[from] item: Leftovers\n|upkeep\n|\n|t:|1697742097\n|switch|p1a: Aegislash|Aegislash, M|100\/100\n|turn|9\n|\n|t:|1697742108\n|-formechange|p1a: Aegislash|Aegislash-Blade||[from] ability: Stance Change\n|move|p1a: Aegislash|Shadow Sneak|p2b: Sableye\n|-damage|p2b: Sableye|41\/100\n|move|p2b: Sableye|Thunder Wave|p1a: Aegislash\n|-status|p1a: Aegislash|par\n|move|p2a: Dudunsparce|Rock Slide|p1b: Ferrothorn|[spread] p1a,p1b\n|-resisted|p1a: Aegislash\n|-resisted|p1b: Ferrothorn\n|-damage|p1a: Aegislash|82\/100 par\n|-damage|p1b: Ferrothorn|54\/100 par\n|cant|p1b: Ferrothorn|flinch\n|\n|-heal|p2b: Sableye|48\/100|[from] item: Leftovers\n|upkeep\n|turn|10\n|\n|t:|1697742130\n|cant|p1a: Aegislash|par\n|move|p2b: Sableye|Confuse Ray|p1a: Aegislash\n|-start|p1a: Aegislash|confusion\n|move|p2a: Dudunsparce|Rock Slide|p1b: Ferrothorn|[spread] p1a,p1b\n|-resisted|p1a: Aegislash\n|-crit|p1a: Aegislash\n|-resisted|p1b: Ferrothorn\n|-damage|p1a: Aegislash|55\/100 par\n|-damage|p1b: Ferrothorn|49\/100 par\n|cant|p1b: Ferrothorn|flinch\n|\n|-heal|p2b: Sableye|54\/100|[from] item: Leftovers\n|-fieldend|move: Gravity\n|upkeep\n|turn|11\n|\n|t:|1697742149\n|-activate|p1a: Aegislash|confusion\n|-damage|p1a: Aegislash|21\/100 par|[from] confusion\n|move|p2b: Sableye|Gravity|p2b: Sableye\n|-fieldstart|move: Gravity\n|move|p2a: Dudunsparce|Rock Slide|p1b: Ferrothorn|[spread] p1a,p1b\n|-resisted|p1a: Aegislash\n|-resisted|p1b: Ferrothorn\n|-damage|p1a: Aegislash|2\/100 par\n|-damage|p1b: Ferrothorn|44\/100 par\n|cant|p1b: Ferrothorn|flinch\n|\n|-heal|p2b: Sableye|60\/100|[from] item: Leftovers\n|upkeep\n|turn|12\n|\n|t:|1697742171\n|switch|p2b: Maushold|Maushold-Four|100\/100\n|-damage|p2b: Maushold|88\/100|[from] Stealth Rock\n|-activate|p1a: Aegislash|confusion\n|cant|p1a: Aegislash|par\n|move|p2a: Dudunsparce|Rock Slide|p1a: Aegislash|[spread] p1a,p1b\n|-resisted|p1a: Aegislash\n|-resisted|p1b: Ferrothorn\n|-damage|p1a: Aegislash|0 fnt\n|-damage|p1b: Ferrothorn|39\/100 par\n|faint|p1a: Aegislash\n|-activate|p1b: Ferrothorn|confusion\n|move|p1b: Ferrothorn|Thunder Wave|p2b: Maushold\n|-status|p2b: Maushold|par\n|\n|upkeep\n|\n|t:|1697742184\n|switch|p1a: Hawlucha|Hawlucha, F|100\/100\n|turn|13\n|\n|t:|1697742192\n|move|p1a: Hawlucha|Close Combat|p2b: Maushold\n|-supereffective|p2b: Maushold\n|-damage|p2b: Maushold|0 fnt\n|-unboost|p1a: Hawlucha|def|1\n|-unboost|p1a: Hawlucha|spd|1\n|faint|p2b: Maushold\n|move|p2a: Dudunsparce|Rock Slide|p1a: Hawlucha|[spread] p1a,p1b\n|-resisted|p1b: Ferrothorn\n|-damage|p1a: Hawlucha|65\/100\n|-damage|p1b: Ferrothorn|33\/100 par\n|-activate|p1b: Ferrothorn|confusion\n|move|p1b: Ferrothorn|Leech Seed|p2a: Dudunsparce\n|-start|p2a: Dudunsparce|move: Leech Seed\n|\n|-damage|p2a: Dudunsparce|10\/100|[from] Leech Seed|[of] p1b: Ferrothorn\n|-heal|p1b: Ferrothorn|47\/100 par|[silent]\n|upkeep\n|\n|t:|1697742200\n|switch|p2b: Sableye|Sableye, F, shiny|60\/100\n|-damage|p2b: Sableye|48\/100|[from] Stealth Rock\n|turn|14\n|\n|t:|1697742217\n|move|p2b: Sableye|Thunder Wave|p1a: Hawlucha\n|-status|p1a: Hawlucha|par\n|move|p2a: Dudunsparce|Rock Slide|p1a: Hawlucha|[spread] p1a,p1b\n|-resisted|p1b: Ferrothorn\n|-damage|p1a: Hawlucha|30\/100 par\n|-damage|p1b: Ferrothorn|41\/100 par\n|cant|p1a: Hawlucha|flinch\n|cant|p1b: Ferrothorn|flinch\n|\n|-heal|p2b: Sableye|54\/100|[from] item: Leftovers\n|-damage|p2a: Dudunsparce|0 fnt|[from] Leech Seed|[of] p1b: Ferrothorn\n|-heal|p1b: Ferrothorn|52\/100 par|[silent]\n|faint|p2a: Dudunsparce\n|upkeep\n|\n|t:|1697742231\n|switch|p2a: Dunsparce|Dunsparce, F|100\/100\n|-damage|p2a: Dunsparce|88\/100|[from] Stealth Rock\n|turn|15\n|\n|t:|1697742240\n|move|p2b: Sableye|Confuse Ray|p1a: Hawlucha\n|-start|p1a: Hawlucha|confusion\n|move|p2a: Dunsparce|Rock Slide|p1b: Ferrothorn|[spread] p1a,p1b\n|-resisted|p1b: Ferrothorn\n|-damage|p1a: Hawlucha|5\/100 par\n|-damage|p1b: Ferrothorn|48\/100 par\n|cant|p1a: Hawlucha|flinch\n|-activate|p1b: Ferrothorn|confusion\n|-damage|p1b: Ferrothorn|42\/100 par|[from] confusion\n|\n|-heal|p2b: Sableye|60\/100|[from] item: Leftovers\n|-fieldend|move: Gravity\n|upkeep\n|turn|16\n|-message|blacknoir777 forfeited.\n|\n|win|snowgust\n|raw|blacknoir777's rating: 1054 &rarr; <strong>1039<\/strong><br \/>(-15 for losing)\n|raw|snowgust's rating: 1113 &rarr; <strong>1134<\/strong><br \/>(+21 for winning)\n|l|\u2606blacknoir777\n","uploadtime":1697742267,"views":7,"p1id":"blacknoir777","p2id":"snowgust","formatid":"gen9nationaldexdoubles","rating":1039,"private":0,"password":""}