{"id":"gen9nationaldexdoubles-1967897121","p1":"Crystalnite","p2":"Profesor Turo","format":"[Gen 9] National Dex Doubles","log":"|j|\u2606Crystalnite\n|j|\u2606Profesor Turo\n|t:|1697354563\n|gametype|doubles\n|player|p1|Crystalnite|iono|1000\n|player|p2|Profesor Turo|turo-ai|1307\n|teamsize|p1|6\n|teamsize|p2|6\n|gen|9\n|tier|[Gen 9] National Dex Doubles\n|rated|\n|rule|HP Percentage Mod: HP is shown in percentages\n|rule|Endless Battle Clause: Forcing endless battles is banned\n|rule|OHKO Clause: OHKO moves are banned\n|rule|Evasion Moves Clause: Evasion moves are banned\n|rule|Evasion Abilities Clause: Evasion abilities are banned\n|rule|Species Clause: Limit one of each Pok\u00e9mon\n|rule|Gravity Sleep Clause: The combination of sleep-inducing moves with imperfect accuracy and Gravity or Gigantamax Orbeetle are banned\n|clearpoke\n|poke|p1|Incineroar, M|\n|poke|p1|Primarina, F|\n|poke|p1|Rillaboom, M|\n|poke|p1|Kommo-o, M|\n|poke|p1|Accelgor, F|\n|poke|p1|Palossand, M|\n|poke|p2|Chien-Pao|\n|poke|p2|Thundurus-Therian, M|\n|poke|p2|Regieleki|\n|poke|p2|Zeraora|\n|poke|p2|Tapu Koko|\n|poke|p2|Pawmot, F|\n|teampreview\n|inactive|Battle timer is ON: inactive players will automatically lose when time's up. (requested by Profesor Turo)\n|\n|t:|1697354572\n|start\n|switch|p1a: Incineroar|Incineroar, M|100\/100\n|switch|p1b: Palossand|Palossand, M|100\/100\n|switch|p2a: Gadget|Regieleki|100\/100\n|switch|p2b: Oppenheimer|Zeraora|100\/100\n|-ability|p1a: Incineroar|Intimidate|boost\n|-unboost|p2a: Gadget|atk|1\n|-unboost|p2b: Oppenheimer|atk|1\n|turn|1\n|\n|t:|1697354586\n|move|p2b: Oppenheimer|Fake Out|p1a: Incineroar\n|-damage|p1a: Incineroar|90\/100\n|-damage|p2b: Oppenheimer|91\/100|[from] item: Life Orb\n|move|p2a: Gadget|Volt Switch|p1a: Incineroar\n|-damage|p1a: Incineroar|70\/100\n|\n|t:|1697354593\n|switch|p2a: CP my beloved|Chien-Pao|100\/100|[from] Volt Switch\n|-ability|p2a: CP my beloved|Sword of Ruin\n|cant|p1a: Incineroar|flinch\n|move|p1b: Palossand|Skill Swap|p1a: Incineroar\n|-activate|p1b: Palossand|move: Skill Swap|||[of] p1a: Incineroar\n|-ability|p1b: Palossand|Intimidate|boost\n|-unboost|p2a: CP my beloved|atk|1\n|-unboost|p2b: Oppenheimer|atk|1\n|\n|upkeep\n|turn|2\n|\n|t:|1697354604\n|move|p2b: Oppenheimer|Close Combat|p1a: Incineroar\n|-supereffective|p1a: Incineroar\n|-damage|p1a: Incineroar|4\/100\n|-unboost|p2b: Oppenheimer|def|1\n|-unboost|p2b: Oppenheimer|spd|1\n|-enditem|p1a: Incineroar|Weakness Policy\n|-boost|p1a: Incineroar|atk|2|[from] item: Weakness Policy\n|-boost|p1a: Incineroar|spa|2|[from] item: Weakness Policy\n|-damage|p2b: Oppenheimer|81\/100|[from] item: Life Orb\n|move|p2a: CP my beloved|Icicle Crash|p1b: Palossand\n|-supereffective|p1b: Palossand\n|-damage|p1b: Palossand|41\/100\n|-enditem|p1b: Palossand|Weakness Policy\n|-boost|p1b: Palossand|atk|2|[from] item: Weakness Policy\n|-boost|p1b: Palossand|spa|2|[from] item: Weakness Policy\n|move|p1a: Incineroar|Parting Shot|p2a: CP my beloved\n|-unboost|p2a: CP my beloved|atk|1\n|-unboost|p2a: CP my beloved|spa|1\n|\n|t:|1697354620\n|switch|p1a: Kommo-o|Kommo-o, M|100\/100|[from] Parting Shot\n|move|p1b: Palossand|Skill Swap|p1a: Kommo-o\n|-activate|p1b: Palossand|move: Skill Swap|||[of] p1a: Kommo-o\n|-ability|p1a: Kommo-o|Intimidate|boost\n|-unboost|p2a: CP my beloved|atk|1\n|-unboost|p2b: Oppenheimer|atk|1\n|\n|upkeep\n|turn|3\n|\n|t:|1697354632\n|switch|p2a: Demon Core|Tapu Koko|100\/100\n|-fieldstart|move: Electric Terrain|[from] ability: Electric Surge|[of] p2a: Demon Core\n|move|p1a: Kommo-o|Protect|p1a: Kommo-o\n|-singleturn|p1a: Kommo-o|Protect\n|move|p2b: Oppenheimer|Hidden Power|p1b: Palossand\n|-supereffective|p1b: Palossand\n|-damage|p1b: Palossand|6\/100\n|-damage|p2b: Oppenheimer|71\/100|[from] item: Life Orb\n|move|p1b: Palossand|Stealth Rock|p2a: Demon Core\n|-sidestart|p2: Profesor Turo|move: Stealth Rock\n|\n|upkeep\n|turn|4\n|\n|t:|1697354648\n|-terastallize|p2a: Demon Core|Fairy\n|move|p1a: Kommo-o|Protect||[still]\n|-fail|p1a: Kommo-o\n|move|p2b: Oppenheimer|Hidden Power|p1a: Kommo-o\n|-supereffective|p1a: Kommo-o\n|-damage|p1a: Kommo-o|74\/100\n|-damage|p2b: Oppenheimer|61\/100|[from] item: Life Orb\n|move|p2a: Demon Core|Dazzling Gleam|p1b: Palossand|[spread] p1a,p1b\n|-supereffective|p1a: Kommo-o\n|-damage|p1a: Kommo-o|0 fnt\n|-damage|p1b: Palossand|0 fnt\n|faint|p1a: Kommo-o\n|faint|p1b: Palossand\n|\n|upkeep\n|\n|t:|1697354657\n|switch|p1a: Incineroar|Incineroar, M|4\/100\n|switch|p1b: Accelgor|Accelgor, F|100\/100\n|-ability|p1a: Incineroar|Intimidate|boost\n|-unboost|p2a: Demon Core|atk|1\n|-unboost|p2b: Oppenheimer|atk|1\n|turn|5\n|\n|t:|1697354685\n|move|p1a: Incineroar|Fake Out|p2a: Demon Core\n|-crit|p2a: Demon Core\n|-damage|p2a: Demon Core|80\/100\n|move|p1b: Accelgor|Water Shuriken|p2a: Demon Core\n|-damage|p2a: Demon Core|75\/100\n|-damage|p2a: Demon Core|68\/100\n|-hitcount|p2a: Demon Core|2\n|move|p2b: Oppenheimer|Hidden Power|p1a: Incineroar\n|-resisted|p1a: Incineroar\n|-damage|p1a: Incineroar|0 fnt\n|faint|p1a: Incineroar\n|-damage|p2b: Oppenheimer|51\/100|[from] item: Life Orb\n|cant|p2a: Demon Core|flinch\n|\n|upkeep\n|\n|t:|1697354694\n|switch|p1a: Rillaboom|Rillaboom, M|100\/100\n|-fieldstart|move: Grassy Terrain|[from] ability: Grassy Surge|[of] p1a: Rillaboom\n|turn|6\n|\n|t:|1697354706\n|switch|p2a: Gadget|Regieleki|100\/100\n|-damage|p2a: Gadget|88\/100|[from] Stealth Rock\n|move|p1a: Rillaboom|Fake Out|p2a: Gadget\n|-damage|p2a: Gadget|69\/100\n|move|p1b: Accelgor|Toxic Spikes|p2a: Gadget\n|-sidestart|p2: Profesor Turo|move: Toxic Spikes\n|move|p2b: Oppenheimer|Hidden Power|p1b: Accelgor\n|-damage|p1b: Accelgor|75\/100\n|-damage|p2b: Oppenheimer|42\/100|[from] item: Life Orb\n|\n|-heal|p1b: Accelgor|81\/100|[from] Grassy Terrain\n|-heal|p2b: Oppenheimer|48\/100|[from] Grassy Terrain\n|-heal|p2a: Gadget|75\/100|[from] Grassy Terrain\n|upkeep\n|turn|7\n|\n|t:|1697354717\n|move|p1b: Accelgor|Toxic Spikes|p2b: Oppenheimer\n|-sidestart|p2: Profesor Turo|move: Toxic Spikes\n|move|p2b: Oppenheimer|Plasma Fists|p1a: Rillaboom\n|-resisted|p1a: Rillaboom\n|-damage|p1a: Rillaboom|91\/100\n|-fieldactivate|move: Ion Deluge\n|-hint|Normal-type moves become Electric-type after using Plasma Fists.\n|-damage|p2b: Oppenheimer|38\/100|[from] item: Life Orb\n|move|p2a: Gadget|Explosion|p1a: Rillaboom|[spread] p1a,p1b\n|-heal|p2b: Oppenheimer|63\/100|[from] ability: Volt Absorb|[of] p2a: Gadget\n|-resisted|p1a: Rillaboom\n|-damage|p1a: Rillaboom|12\/100\n|-damage|p1b: Accelgor|0 fnt\n|faint|p2a: Gadget\n|faint|p1b: Accelgor\n|move|p1a: Rillaboom|Knock Off|p2b: Oppenheimer\n|-damage|p2b: Oppenheimer|6\/100\n|-enditem|p2b: Oppenheimer|Life Orb|[from] move: Knock Off|[of] p1a: Rillaboom\n|\n|-heal|p2b: Oppenheimer|12\/100|[from] Grassy Terrain\n|-heal|p1a: Rillaboom|18\/100|[from] Grassy Terrain\n|upkeep\n|\n|t:|1697354733\n|switch|p1b: Primarina|Primarina, F|100\/100\n|switch|p2a: Demon Core|Tapu Koko, tera:Fairy|68\/100\n|-damage|p2a: Demon Core|56\/100|[from] Stealth Rock\n|-status|p2a: Demon Core|tox\n|-fieldstart|move: Electric Terrain|[from] ability: Electric Surge|[of] p2a: Demon Core\n|turn|8\n|\n|t:|1697354745\n|move|p2b: Oppenheimer|Plasma Fists|p1b: Primarina\n|-supereffective|p1b: Primarina\n|-crit|p1b: Primarina\n|-damage|p1b: Primarina|0 fnt\n|-fieldactivate|move: Ion Deluge\n|-hint|Normal-type moves become Electric-type after using Plasma Fists.\n|faint|p1b: Primarina\n|move|p2a: Demon Core|Discharge|p1a: Rillaboom|[spread] p1a\n|-heal|p2b: Oppenheimer|37\/100|[from] ability: Volt Absorb|[of] p2a: Demon Core\n|-resisted|p1a: Rillaboom\n|-damage|p1a: Rillaboom|4\/100\n|-status|p1a: Rillaboom|par\n|move|p1a: Rillaboom|Grassy Glide|p2b: Oppenheimer\n|-damage|p2b: Oppenheimer|0 fnt\n|faint|p2b: Oppenheimer\n|\n|-damage|p2a: Demon Core|50\/100 tox|[from] psn\n|upkeep\n|\n|t:|1697354752\n|switch|p2b: CP my beloved|Chien-Pao|100\/100\n|-damage|p2b: CP my beloved|76\/100|[from] Stealth Rock\n|-status|p2b: CP my beloved|tox\n|-ability|p2b: CP my beloved|Sword of Ruin\n|turn|9\n|c|\u2606Profesor Turo|ggs\n|\n|t:|1697354762\n|move|p2b: CP my beloved|Crunch|p1a: Rillaboom\n|-damage|p1a: Rillaboom|0 fnt\n|faint|p1a: Rillaboom\n|\n|win|Profesor Turo\n|raw|Crystalnite's rating: 1000 &rarr; <strong>1000<\/strong><br \/>(+0 for losing)\n|raw|Profesor Turo's rating: 1307 &rarr; <strong>1313<\/strong><br \/>(+6 for winning)\n","uploadtime":1697354765,"views":12,"p1id":"crystalnite","p2id":"profesorturo","formatid":"gen9nationaldexdoubles","rating":1000,"private":0,"password":""}