{"id":"gen9nationaldexdoubles-1968022135","p1":"TheTendo","p2":"oh oh no U MAD?","format":"[Gen 9] National Dex Doubles","log":"|j|\u2606TheTendo\n|j|\u2606oh oh no U MAD?\n|t:|1697375363\n|gametype|doubles\n|player|p1|TheTendo|265|1043\n|player|p2|oh oh no U MAD?|cyclistf-gen4|1000\n|teamsize|p1|6\n|teamsize|p2|6\n|gen|9\n|tier|[Gen 9] National Dex Doubles\n|rated|\n|rule|HP Percentage Mod: HP is shown in percentages\n|rule|Endless Battle Clause: Forcing endless battles is banned\n|rule|OHKO Clause: OHKO moves are banned\n|rule|Evasion Moves Clause: Evasion moves are banned\n|rule|Evasion Abilities Clause: Evasion abilities are banned\n|rule|Species Clause: Limit one of each Pok\u00e9mon\n|rule|Gravity Sleep Clause: The combination of sleep-inducing moves with imperfect accuracy and Gravity or Gigantamax Orbeetle are banned\n|clearpoke\n|poke|p1|Pikachu-Original, M|\n|poke|p1|Blastoise, M|\n|poke|p1|Typhlosion-Hisui, M|\n|poke|p1|Decidueye, M|\n|poke|p1|Metagross|\n|poke|p1|Corviknight, M|\n|poke|p2|Indeedee-F, F|\n|poke|p2|Oranguru, F|\n|poke|p2|Glastrier|\n|poke|p2|Hoopa-Unbound|\n|poke|p2|Ursaluna, M|\n|poke|p2|Zygarde|\n|teampreview\n|\n|t:|1697375411\n|start\n|switch|p1a: Metagross|Metagross|100\/100\n|switch|p1b: Corviknight|Corviknight, M|100\/100\n|switch|p2a: Hoopa|Hoopa-Unbound|100\/100\n|switch|p2b: Zygarde|Zygarde|100\/100\n|-ability|p2b: Zygarde|Aura Break\n|turn|1\n|\n|t:|1697375437\n|move|p1a: Metagross|Protect|p1a: Metagross\n|-singleturn|p1a: Metagross|Protect\n|move|p2b: Zygarde|Coil|p2b: Zygarde\n|-boost|p2b: Zygarde|atk|1\n|-boost|p2b: Zygarde|def|1\n|-boost|p2b: Zygarde|accuracy|1\n|move|p1b: Corviknight|Iron Defense|p1b: Corviknight\n|-boost|p1b: Corviknight|def|2\n|move|p2a: Hoopa|Trick Room|p2a: Hoopa\n|-fieldstart|move: Trick Room|[of] p2a: Hoopa\n|-enditem|p2b: Zygarde|Room Service\n|-unboost|p2b: Zygarde|spe|1|[from] item: Room Service\n|-enditem|p2a: Hoopa|Room Service\n|-unboost|p2a: Hoopa|spe|1|[from] item: Room Service\n|\n|upkeep\n|turn|2\n|inactive|Battle timer is ON: inactive players will automatically lose when time's up. (requested by oh oh no U MAD?)\n|inactive|TheTendo has 120 seconds left.\n|\n|t:|1697375477\n|move|p2a: Hoopa|Dark Pulse|p1b: Corviknight\n|-damage|p1b: Corviknight|64\/100\n|-item|p2a: Hoopa|Leftovers|[from] ability: Magician|[of] p1b: Corviknight\n|move|p2b: Zygarde|Thousand Arrows|p1a: Metagross|[spread] p1a,p1b\n|-supereffective|p1a: Metagross\n|-damage|p1a: Metagross|44\/100\n|-damage|p1b: Corviknight|51\/100\n|-start|p1b: Corviknight|Smack Down\n|move|p1b: Corviknight|Iron Defense|p1b: Corviknight\n|-boost|p1b: Corviknight|def|2\n|move|p1a: Metagross|Earthquake|p2b: Zygarde|[spread] p1b,p2a,p2b\n|-supereffective|p1b: Corviknight\n|-damage|p1b: Corviknight|35\/100\n|-damage|p2a: Hoopa|57\/100\n|-damage|p2b: Zygarde|87\/100\n|\n|-heal|p2a: Hoopa|63\/100|[from] item: Leftovers\n|upkeep\n|turn|3\n|\n|t:|1697375504\n|move|p1a: Metagross|Protect|p1a: Metagross\n|-singleturn|p1a: Metagross|Protect\n|move|p2a: Hoopa|Dark Pulse|p1b: Corviknight\n|-damage|p1b: Corviknight|0 fnt\n|faint|p1b: Corviknight\n|move|p2b: Zygarde|Thousand Arrows|p1a: Metagross\n|-activate|p1a: Metagross|move: Protect\n|\n|-heal|p2a: Hoopa|69\/100|[from] item: Leftovers\n|upkeep\n|inactive|TheTendo has 120 seconds left.\n|\n|t:|1697375538\n|switch|p1b: Typhlosion|Typhlosion-Hisui, M|100\/100\n|-item|p2a: Hoopa|Leftovers|[from] ability: Frisk|[of] p1b: Typhlosion|[identify]\n|turn|4\n|inactive|TheTendo has 120 seconds left.\n|inactive|oh oh no U MAD? has 120 seconds left.\n|\n|t:|1697375582\n|move|p1a: Metagross|Bullet Punch|p2b: Zygarde\n|-damage|p2b: Zygarde|76\/100\n|move|p2a: Hoopa|Dark Pulse|p1b: Typhlosion\n|-supereffective|p1b: Typhlosion\n|-damage|p1b: Typhlosion|0 fnt\n|faint|p1b: Typhlosion\n|move|p2b: Zygarde|Thousand Arrows|p1a: Metagross\n|-supereffective|p1a: Metagross\n|-damage|p1a: Metagross|0 fnt\n|faint|p1a: Metagross\n|\n|-heal|p2a: Hoopa|75\/100|[from] item: Leftovers\n|upkeep\n|\n|t:|1697375594\n|switch|p1a: Pikachu|Pikachu-Original, M|100\/100\n|switch|p1b: Blastoise|Blastoise, M|100\/100\n|turn|5\n|inactive|TheTendo has 120 seconds left.\n|\n|t:|1697375617\n|move|p1a: Pikachu|Fake Out|p2b: Zygarde\n|-damage|p2b: Zygarde|73\/100\n|move|p2a: Hoopa|Dark Pulse|p1b: Blastoise\n|-damage|p1b: Blastoise|50\/100\n|cant|p2b: Zygarde|flinch\n|move|p1b: Blastoise|Shell Smash|p1b: Blastoise\n|-unboost|p1b: Blastoise|def|1\n|-unboost|p1b: Blastoise|spd|1\n|-boost|p1b: Blastoise|atk|2\n|-boost|p1b: Blastoise|spa|2\n|-boost|p1b: Blastoise|spe|2\n|-enditem|p1b: Blastoise|White Herb\n|-clearnegativeboost|p1b: Blastoise|[silent]\n|\n|-heal|p2a: Hoopa|81\/100|[from] item: Leftovers\n|-fieldend|move: Trick Room\n|upkeep\n|turn|6\n|inactive|TheTendo has 120 seconds left.\n|\n|t:|1697375650\n|move|p1a: Pikachu|Helping Hand|p1b: Blastoise\n|-singleturn|p1b: Blastoise|Helping Hand|[of] p1a: Pikachu\n|move|p1b: Blastoise|Water Spout|p2b: Zygarde|[spread] p2a,p2b\n|-damage|p2a: Hoopa|32\/100\n|-damage|p2b: Zygarde|29\/100\n|move|p2b: Zygarde|Thousand Arrows|p1b: Blastoise|[spread] p1a,p1b\n|-supereffective|p1a: Pikachu\n|-enditem|p1a: Pikachu|Focus Sash\n|-damage|p1a: Pikachu|1\/100\n|-damage|p1b: Blastoise|20\/100\n|move|p2a: Hoopa|Dark Pulse|p1b: Blastoise\n|-damage|p1b: Blastoise|0 fnt\n|faint|p1b: Blastoise\n|\n|-heal|p2a: Hoopa|38\/100|[from] item: Leftovers\n|upkeep\n|\n|t:|1697375665\n|switch|p1b: Decidueye|Decidueye, M, shiny|100\/100\n|turn|7\n|inactive|TheTendo has 120 seconds left.\n|\n|t:|1697375682\n|move|p1a: Pikachu|Helping Hand|p1b: Decidueye\n|-singleturn|p1b: Decidueye|Helping Hand|[of] p1a: Pikachu\n|move|p1b: Decidueye|Shadow Sneak|p2a: Hoopa\n|-damage|p2a: Hoopa|0 fnt\n|faint|p2a: Hoopa\n|-damage|p1b: Decidueye|91\/100|[from] item: Life Orb\n|move|p2b: Zygarde|Thousand Arrows|p1b: Decidueye|[spread] p1a,p1b\n|-supereffective|p1a: Pikachu\n|-resisted|p1b: Decidueye\n|-damage|p1a: Pikachu|0 fnt\n|-damage|p1b: Decidueye|71\/100\n|faint|p1a: Pikachu\n|\n|upkeep\n|\n|t:|1697375695\n|switch|p2a: Glastrier|Glastrier|100\/100\n|turn|8\n|\n|t:|1697375704\n|move|p1b: Decidueye|Spirit Shackle|p2b: Zygarde\n|-damage|p2b: Zygarde|7\/100\n|-activate|p2b: Zygarde|trapped\n|-damage|p1b: Decidueye|61\/100|[from] item: Life Orb\n|move|p2b: Zygarde|Crunch|p1b: Decidueye\n|-supereffective|p1b: Decidueye\n|-damage|p1b: Decidueye|5\/100\n|-unboost|p1b: Decidueye|def|1\n|move|p2a: Glastrier|Icicle Spear|p1b: Decidueye\n|-supereffective|p1b: Decidueye\n|-damage|p1b: Decidueye|0 fnt\n|faint|p1b: Decidueye\n|-hitcount|p1: Decidueye|1\n|\n|win|oh oh no U MAD?\n|raw|TheTendo's rating: 1043 &rarr; <strong>1029<\/strong><br \/>(-14 for losing)\n|raw|oh oh no U MAD?'s rating: 1088 &rarr; <strong>1111<\/strong><br \/>(+23 for winning)\n|l|\u2606TheTendo\n","uploadtime":1697375720,"views":9,"p1id":"thetendo","p2id":"ohohnoumad","formatid":"gen9nationaldexdoubles","rating":1029,"private":0,"password":""}