{"id":"gen9nationaldexdoubles-1991607814","p1":"Delreynan","p2":"KJ the coolest","format":"[Gen 9] National Dex Doubles","log":"|j|\u2606Delreynan\n|j|\u2606KJ the coolest\n|t:|1700093650\n|gametype|doubles\n|player|p1|Delreynan|cynthia-gen4|1135\n|player|p2|KJ the coolest|will|1056\n|teamsize|p1|6\n|teamsize|p2|6\n|gen|9\n|tier|[Gen 9] National Dex Doubles\n|rated|\n|rule|HP Percentage Mod: HP is shown in percentages\n|rule|Endless Battle Clause: Forcing endless battles is banned\n|rule|OHKO Clause: OHKO moves are banned\n|rule|Evasion Moves Clause: Evasion moves are banned\n|rule|Evasion Abilities Clause: Evasion abilities are banned\n|rule|Species Clause: Limit one of each Pok\u00e9mon\n|rule|Gravity Sleep Clause: The combination of sleep-inducing moves with imperfect accuracy and Gravity or Gigantamax Orbeetle are banned\n|clearpoke\n|poke|p1|Arcanine, M|\n|poke|p1|Dachsbun, M|\n|poke|p1|Houndoom, F|\n|poke|p1|Stoutland, M|\n|poke|p1|Okidogi, M|\n|poke|p1|Houndstone, F|\n|poke|p2|Heatran, M|\n|poke|p2|Gastrodon-East, F|\n|poke|p2|Ursaluna, M|\n|poke|p2|Tornadus, M|\n|poke|p2|Sneasler, M|\n|poke|p2|Farigiraf, M|\n|teampreview\n|\n|t:|1700093660\n|start\n|switch|p1a: Kshorro|Arcanine, M|100\/100\n|switch|p1b: Idoso|Stoutland, M|100\/100\n|switch|p2a: Tornadus|Tornadus, M, shiny|100\/100\n|switch|p2b: Sneasler|Sneasler, M|100\/100\n|-ability|p1b: Idoso|Intimidate|boost\n|-unboost|p2a: Tornadus|atk|1\n|-unboost|p2b: Sneasler|atk|1\n|-enditem|p2b: Sneasler|White Herb\n|-clearnegativeboost|p2b: Sneasler|[silent]\n|-ability|p1a: Kshorro|Intimidate|boost\n|-unboost|p2a: Tornadus|atk|1\n|-unboost|p2b: Sneasler|atk|1\n|turn|1\n|\n|t:|1700093692\n|move|p2a: Tornadus|Tailwind|p2a: Tornadus\n|-sidestart|p2: KJ the coolest|move: Tailwind\n|move|p2b: Sneasler|Acrobatics|p1b: Idoso\n|-crit|p1b: Idoso\n|-damage|p1b: Idoso|27\/100\n|move|p1b: Idoso|Thunder Wave|p2a: Tornadus\n|-status|p2a: Tornadus|par\n|move|p1a: Kshorro|Snarl|p2b: Sneasler|[spread] p2a,p2b\n|-resisted|p2b: Sneasler\n|-damage|p2a: Tornadus|93\/100 par\n|-damage|p2b: Sneasler|95\/100\n|-unboost|p2a: Tornadus|spa|1\n|-unboost|p2b: Sneasler|spa|1\n|\n|-heal|p2a: Tornadus|99\/100 par|[from] item: Leftovers\n|upkeep\n|turn|2\n|\n|t:|1700093716\n|move|p2b: Sneasler|Acrobatics|p1b: Idoso\n|-damage|p1b: Idoso|0 fnt\n|faint|p1b: Idoso\n|move|p2a: Tornadus|Bleakwind Storm|p1a: Kshorro|[miss]\n|-miss|p2a: Tornadus|p1a: Kshorro\n|move|p1a: Kshorro|Flare Blitz|p2b: Sneasler\n|-damage|p2b: Sneasler|0 fnt\n|faint|p2b: Sneasler\n|-damage|p1a: Kshorro|76\/100|[from] Recoil\n|\n|-heal|p2a: Tornadus|100\/100 par|[from] item: Leftovers\n|upkeep\n|\n|t:|1700093727\n|switch|p2b: Ursaluna|Ursaluna, M, shiny|100\/100\n|switch|p1b: Tostadinho|Dachsbun, M|100\/100\n|turn|3\n|\n|t:|1700093739\n|switch|p1a: Falecido|Houndstone, F|100\/100\n|move|p2a: Tornadus|Bleakwind Storm|p1b: Tostadinho|[spread] p1a,p1b\n|-damage|p1a: Falecido|75\/100\n|-damage|p1b: Tostadinho|66\/100\n|-unboost|p1a: Falecido|spe|1\n|move|p2b: Ursaluna|Facade|p1b: Tostadinho\n|-damage|p1b: Tostadinho|24\/100\n|move|p1b: Tostadinho|Yawn|p2b: Ursaluna\n|-start|p2b: Ursaluna|move: Yawn|[of] p1b: Tostadinho\n|\n|-heal|p1b: Tostadinho|30\/100|[from] item: Leftovers\n|-heal|p1a: Falecido|81\/100|[from] item: Leftovers\n|-status|p2b: Ursaluna|brn|[from] item: Flame Orb\n|upkeep\n|turn|4\n|\n|t:|1700093767\n|switch|p1a: Kshorro|Arcanine, M|76\/100\n|-ability|p1a: Kshorro|Intimidate|boost\n|-unboost|p2a: Tornadus|atk|1\n|-unboost|p2b: Ursaluna|atk|1\n|-terastallize|p1b: Tostadinho|Steel\n|move|p2a: Tornadus|Taunt|p1a: Kshorro\n|-start|p1a: Kshorro|move: Taunt\n|move|p2b: Ursaluna|Facade|p1b: Tostadinho\n|-resisted|p1b: Tostadinho\n|-damage|p1b: Tostadinho|0 fnt\n|faint|p1b: Tostadinho\n|\n|-damage|p2b: Ursaluna|94\/100 brn|[from] brn\n|-end|p2b: Ursaluna|move: Yawn|[silent]\n|-sideend|p2: KJ the coolest|move: Tailwind\n|upkeep\n|\n|t:|1700093786\n|switch|p1b: Cachorro satanista|Houndoom, F|100\/100\n|-ability|p1b: Cachorro satanista|Unnerve\n|turn|5\n|\n|t:|1700093794\n|detailschange|p1b: Cachorro satanista|Houndoom-Mega, F\n|-mega|p1b: Cachorro satanista|Houndoom|Houndoominite\n|move|p1b: Cachorro satanista|Nasty Plot|p1b: Cachorro satanista\n|-boost|p1b: Cachorro satanista|spa|2\n|move|p1a: Kshorro|Snarl|p2b: Ursaluna|[spread] p2a,p2b\n|-damage|p2a: Tornadus|94\/100 par\n|-damage|p2b: Ursaluna|88\/100 brn\n|-unboost|p2a: Tornadus|spa|1\n|-unboost|p2b: Ursaluna|spa|1\n|cant|p2a: Tornadus|par\n|move|p2b: Ursaluna|Drain Punch|p1b: Cachorro satanista\n|-supereffective|p1b: Cachorro satanista\n|-damage|p1b: Cachorro satanista|17\/100\n|-heal|p2b: Ursaluna|100\/100 brn|[from] drain|[of] p1b: Cachorro satanista\n|\n|-heal|p2a: Tornadus|99\/100 par|[from] item: Leftovers\n|-damage|p2b: Ursaluna|94\/100 brn|[from] brn\n|upkeep\n|turn|6\n|\n|t:|1700093822\n|switch|p1a: Falecido|Houndstone, F|81\/100\n|move|p2a: Tornadus|Toxic|p1a: Falecido\n|-status|p1a: Falecido|tox\n|move|p1b: Cachorro satanista|Dark Pulse|p2b: Ursaluna\n|-damage|p2b: Ursaluna|15\/100 brn\n|move|p2b: Ursaluna|Drain Punch|p1b: Cachorro satanista\n|-supereffective|p1b: Cachorro satanista\n|-damage|p1b: Cachorro satanista|0 fnt\n|-heal|p2b: Ursaluna|21\/100 brn|[from] drain|[of] p1b: Cachorro satanista\n|faint|p1b: Cachorro satanista\n|\n|-heal|p1a: Falecido|87\/100 tox|[from] item: Leftovers\n|-heal|p2a: Tornadus|100\/100 par|[from] item: Leftovers\n|-damage|p1a: Falecido|81\/100 tox|[from] psn\n|-damage|p2b: Ursaluna|15\/100 brn|[from] brn\n|upkeep\n|\n|t:|1700093865\n|switch|p1b: Kshorro|Arcanine, M|76\/100\n|-ability|p1b: Kshorro|Intimidate|boost\n|-unboost|p2a: Tornadus|atk|1\n|-unboost|p2b: Ursaluna|atk|1\n|turn|7\n|\n|t:|1700093885\n|move|p1b: Kshorro|Extreme Speed|p2b: Ursaluna\n|-damage|p2b: Ursaluna|0 fnt\n|faint|p2b: Ursaluna\n|move|p1a: Falecido|Last Respects|p2a: Tornadus\n|-damage|p2a: Tornadus|0 fnt\n|faint|p2a: Tornadus\n|\n|-heal|p1a: Falecido|87\/100 tox|[from] item: Leftovers\n|-damage|p1a: Falecido|75\/100 tox|[from] psn\n|upkeep\n|\n|t:|1700093906\n|switch|p2a: Farigiraf|Farigiraf, M, shiny|100\/100\n|switch|p2b: Heatran|Heatran, M, shiny|100\/100\n|turn|8\n|\n|t:|1700093929\n|move|p1b: Kshorro|Snarl|p2a: Farigiraf|[spread] p2a,p2b\n|-supereffective|p2a: Farigiraf\n|-damage|p2a: Farigiraf|84\/100\n|-damage|p2b: Heatran|93\/100\n|-unboost|p2a: Farigiraf|spa|1\n|-unboost|p2b: Heatran|spa|1\n|move|p1a: Falecido|Last Respects|p2b: Heatran\n|-damage|p2b: Heatran|6\/100\n|move|p2b: Heatran|Heat Wave|p1a: Falecido|[spread] p1a,p1b\n|-resisted|p1b: Kshorro\n|-damage|p1a: Falecido|13\/100 tox\n|-damage|p1b: Kshorro|61\/100\n|move|p2a: Farigiraf|Dazzling Gleam|p1a: Falecido|[spread] p1a,p1b\n|-resisted|p1b: Kshorro\n|-damage|p1a: Falecido|0 fnt\n|-damage|p1b: Kshorro|53\/100\n|faint|p1a: Falecido\n|\n|upkeep\n|\n|t:|1700093946\n|switch|p1a: Pitbull|Okidogi, M|100\/100\n|turn|9\n|\n|t:|1700093954\n|move|p1a: Pitbull|Bulk Up|p1a: Pitbull\n|-boost|p1a: Pitbull|atk|1\n|-boost|p1a: Pitbull|def|1\n|move|p1b: Kshorro|Snarl|p2b: Heatran|[spread] p2a\n|-miss|p1b: Kshorro|p2b: Heatran\n|-supereffective|p2a: Farigiraf\n|-damage|p2a: Farigiraf|66\/100\n|-unboost|p2a: Farigiraf|spa|1\n|move|p2b: Heatran|Earth Power|p1a: Pitbull\n|-supereffective|p1a: Pitbull\n|-damage|p1a: Pitbull|45\/100\n|-unboost|p1a: Pitbull|spd|1\n|move|p2a: Farigiraf|Dazzling Gleam|p1b: Kshorro|[spread] p1a,p1b\n|-resisted|p1b: Kshorro\n|-damage|p1a: Pitbull|27\/100\n|-damage|p1b: Kshorro|48\/100\n|\n|upkeep\n|turn|10\n|\n|t:|1700093971\n|move|p1a: Pitbull|Drain Punch|p2a: Farigiraf\n|-damage|p2a: Farigiraf|0 fnt\n|-heal|p1a: Pitbull|72\/100|[from] drain|[of] p2a: Farigiraf\n|faint|p2a: Farigiraf\n|-damage|p1a: Pitbull|62\/100|[from] item: Life Orb\n|move|p1b: Kshorro|Snarl|p2b: Heatran\n|-damage|p2b: Heatran|0 fnt\n|faint|p2b: Heatran\n|\n|upkeep\n|\n|t:|1700093983\n|switch|p2b: Gastrodon|Gastrodon-East, F, shiny|100\/100\n|turn|11\n|\n|t:|1700093991\n|-terastallize|p2b: Gastrodon|Water\n|move|p1a: Pitbull|Knock Off|p2b: Gastrodon\n|-damage|p2b: Gastrodon|44\/100\n|-enditem|p2b: Gastrodon|Aguav Berry|[from] move: Knock Off|[of] p1a: Pitbull\n|-damage|p1a: Pitbull|53\/100|[from] item: Life Orb\n|move|p1b: Kshorro|Snarl|p2b: Gastrodon\n|-damage|p2b: Gastrodon|33\/100\n|-unboost|p2b: Gastrodon|spa|1\n|move|p2b: Gastrodon|Scald|p1b: Kshorro\n|-supereffective|p1b: Kshorro\n|-damage|p1b: Kshorro|1\/100\n|-enditem|p1b: Kshorro|Salac Berry|[eat]\n|-boost|p1b: Kshorro|spe|1|[from] item: Salac Berry\n|\n|upkeep\n|turn|12\n|\n|t:|1700094011\n|move|p1b: Kshorro|Snarl|p2b: Gastrodon\n|-damage|p2b: Gastrodon|22\/100\n|-unboost|p2b: Gastrodon|spa|1\n|move|p1a: Pitbull|Drain Punch|p2b: Gastrodon\n|-damage|p2b: Gastrodon|0 fnt\n|-heal|p1a: Pitbull|67\/100|[from] drain|[of] p2b: Gastrodon\n|faint|p2b: Gastrodon\n|-damage|p1a: Pitbull|57\/100|[from] item: Life Orb\n|\n|win|Delreynan\n|raw|Delreynan's rating: 1135 &rarr; <strong>1154<\/strong><br \/>(+19 for winning)\n|raw|KJ the coolest's rating: 1056 &rarr; <strong>1042<\/strong><br \/>(-14 for losing)\n|c|\u2606KJ the coolest|gg\n|l|\u2606KJ the coolest\n","uploadtime":1700094020,"views":5,"p1id":"delreynan","p2id":"kjthecoolest","formatid":"gen9nationaldexdoubles","rating":1042,"private":0,"password":""}