{"id":"gen9nationaldexdoubles-1978888127","p1":"kpoc12","p2":"AutumnCookie","format":"[Gen 9] National Dex Doubles","log":"|j|\u2606kpoc12\n|j|\u2606AutumnCookie\n|t:|1698606761\n|gametype|doubles\n|player|p1|kpoc12|grimsley-masters|\n|player|p2|AutumnCookie|ortega|\n|teamsize|p1|6\n|teamsize|p2|6\n|gen|9\n|tier|[Gen 9] National Dex Doubles\n|rule|HP Percentage Mod: HP is shown in percentages\n|rule|Endless Battle Clause: Forcing endless battles is banned\n|rule|OHKO Clause: OHKO moves are banned\n|rule|Evasion Moves Clause: Evasion moves are banned\n|rule|Evasion Abilities Clause: Evasion abilities are banned\n|rule|Species Clause: Limit one of each Pok\u00e9mon\n|rule|Gravity Sleep Clause: The combination of sleep-inducing moves with imperfect accuracy and Gravity or Gigantamax Orbeetle are banned\n|clearpoke\n|poke|p1|Serperior, F|\n|poke|p1|Empoleon, M|\n|poke|p1|Kingdra, F|\n|poke|p1|Aegislash, M|\n|poke|p1|Lucario, F|\n|poke|p1|Scolipede, M|\n|poke|p2|Klefki, M|\n|poke|p2|Wigglytuff, M|\n|poke|p2|Hatterene, F|\n|poke|p2|Dachsbun, M|\n|poke|p2|Azumarill, F|\n|poke|p2|Carbink|\n|teampreview\n|\n|t:|1698606794\n|start\n|switch|p1a: Scolipede|Scolipede, M|100\/100\n|switch|p1b: Serperior|Serperior, F|100\/100\n|switch|p2a: Dachsbun|Dachsbun, M|100\/100\n|switch|p2b: Hatterene|Hatterene, F|100\/100\n|turn|1\n|\n|t:|1698606823\n|-terastallize|p2b: Hatterene|Water\n|move|p1b: Serperior|Substitute|p1b: Serperior\n|-start|p1b: Serperior|Substitute\n|-damage|p1b: Serperior|76\/100\n|move|p1a: Scolipede|Toxic Spikes|p2b: Hatterene\n|move|p2b: Hatterene|Toxic Spikes|p1a: Scolipede|[from]ability: Magic Bounce\n|-sidestart|p1: kpoc12|move: Toxic Spikes\n|move|p2a: Dachsbun|Yawn|p1a: Scolipede\n|-start|p1a: Scolipede|move: Yawn|[of] p2a: Dachsbun\n|move|p2b: Hatterene|Calm Mind|p2b: Hatterene\n|-boost|p2b: Hatterene|spa|1\n|-boost|p2b: Hatterene|spd|1\n|\n|-heal|p1b: Serperior|82\/100|[from] item: Leftovers\n|-ability|p1a: Scolipede|Speed Boost|boost\n|-boost|p1a: Scolipede|spe|1\n|upkeep\n|turn|2\n|\n|t:|1698606865\n|move|p1a: Scolipede|Poison Jab|p2a: Dachsbun\n|-supereffective|p2a: Dachsbun\n|-damage|p2a: Dachsbun|50\/100\n|move|p1b: Serperior|Glare|p2b: Hatterene\n|move|p2b: Hatterene|Glare||[from]ability: Magic Bounce|[still]\n|-fail|p2b: Hatterene\n|move|p2a: Dachsbun|Play Rough|p1b: Serperior\n|-activate|p1b: Serperior|move: Substitute|[damage]\n|move|p2b: Hatterene|Mystical Fire|p1b: Serperior\n|-supereffective|p1b: Serperior\n|-end|p1b: Serperior|Substitute\n|\n|-heal|p1b: Serperior|88\/100|[from] item: Leftovers\n|-heal|p2a: Dachsbun|56\/100|[from] item: Leftovers\n|-end|p1a: Scolipede|move: Yawn|[silent]\n|-status|p1a: Scolipede|slp\n|-ability|p1a: Scolipede|Speed Boost|boost\n|-boost|p1a: Scolipede|spe|1\n|upkeep\n|turn|3\n|c|\u2606kpoc12|this mf bounces sm\n|\n|t:|1698606906\n|switch|p1a: Aegislash|Aegislash, M, shiny|100\/100\n|move|p1b: Serperior|Leaf Storm|p2b: Hatterene\n|-supereffective|p2b: Hatterene\n|-damage|p2b: Hatterene|51\/100\n|-boost|p1b: Serperior|spa|2\n|move|p2a: Dachsbun|Wish|p2a: Dachsbun\n|move|p2b: Hatterene|Mystical Fire|p1b: Serperior\n|-supereffective|p1b: Serperior\n|-damage|p1b: Serperior|2\/100\n|-boost|p1b: Serperior|spa|1\n|\n|-heal|p1b: Serperior|8\/100|[from] item: Leftovers\n|-heal|p2a: Dachsbun|62\/100|[from] item: Leftovers\n|-heal|p2b: Hatterene|57\/100|[from] item: Leftovers\n|upkeep\n|turn|4\n|\n|t:|1698606967\n|move|p1b: Serperior|Synthesis|p1b: Serperior\n|-heal|p1b: Serperior|58\/100\n|move|p2a: Dachsbun|Play Rough|p1b: Serperior\n|-damage|p1b: Serperior|32\/100\n|-formechange|p1a: Aegislash|Aegislash-Blade||[from] ability: Stance Change\n|move|p1a: Aegislash|Iron Head|p2a: Dachsbun\n|-supereffective|p2a: Dachsbun\n|-damage|p2a: Dachsbun|8\/100\n|move|p2b: Hatterene|Mystical Fire|p1a: Aegislash\n|-supereffective|p1a: Aegislash\n|-damage|p1a: Aegislash|6\/100\n|-unboost|p1a: Aegislash|spa|1\n|\n|-heal|p2a: Dachsbun|58\/100|[from] move: Wish|[wisher] Dachsbun\n|-heal|p1b: Serperior|38\/100|[from] item: Leftovers\n|-heal|p2a: Dachsbun|64\/100|[from] item: Leftovers\n|-heal|p1a: Aegislash|12\/100|[from] item: Leftovers\n|-heal|p2b: Hatterene|63\/100|[from] item: Leftovers\n|upkeep\n|turn|5\n|\n|t:|1698607003\n|-formechange|p1a: Aegislash|Aegislash||[from] ability: Stance Change\n|move|p1a: Aegislash|King's Shield|p1a: Aegislash\n|-singleturn|p1a: Aegislash|Protect\n|move|p1b: Serperior|Synthesis|p1b: Serperior\n|-heal|p1b: Serperior|88\/100\n|move|p2a: Dachsbun|Wish|p2a: Dachsbun\n|move|p2b: Hatterene|Calm Mind|p2b: Hatterene\n|-boost|p2b: Hatterene|spa|1\n|-boost|p2b: Hatterene|spd|1\n|\n|-heal|p1b: Serperior|94\/100|[from] item: Leftovers\n|-heal|p2a: Dachsbun|70\/100|[from] item: Leftovers\n|-heal|p1a: Aegislash|18\/100|[from] item: Leftovers\n|-heal|p2b: Hatterene|69\/100|[from] item: Leftovers\n|upkeep\n|turn|6\n|l|\u2606AutumnCookie\n|player|p2|\n|j|\u2606AutumnCookie\n|player|p2|AutumnCookie|ortega\n|c|\u2606AutumnCookie|THE MOBILE SHOWDOWN CURSE...\n|\n|t:|1698607141\n|move|p1b: Serperior|Leaf Storm|p2b: Hatterene\n|-supereffective|p2b: Hatterene\n|-damage|p2b: Hatterene|0 fnt\n|-boost|p1b: Serperior|spa|2\n|faint|p2b: Hatterene\n|move|p2a: Dachsbun|Play Rough|p1a: Aegislash\n|-resisted|p1a: Aegislash\n|-damage|p1a: Aegislash|9\/100\n|-formechange|p1a: Aegislash|Aegislash-Blade||[from] ability: Stance Change\n|move|p1a: Aegislash|Iron Head|p2a: Dachsbun\n|-supereffective|p2a: Dachsbun\n|-damage|p2a: Dachsbun|15\/100\n|\n|-heal|p2a: Dachsbun|65\/100|[from] move: Wish|[wisher] Dachsbun\n|-heal|p1b: Serperior|99\/100|[from] item: Leftovers\n|-heal|p2a: Dachsbun|71\/100|[from] item: Leftovers\n|-heal|p1a: Aegislash|15\/100|[from] item: Leftovers\n|upkeep\n|\n|t:|1698607171\n|switch|p2b: Wigglytuff|Wigglytuff, M|100\/100\n|turn|7\n|\n|t:|1698607191\n|move|p1b: Serperior|Substitute|p1b: Serperior\n|-start|p1b: Serperior|Substitute\n|-damage|p1b: Serperior|75\/100\n|move|p2a: Dachsbun|Wish|p2a: Dachsbun\n|move|p1a: Aegislash|Iron Head|p2a: Dachsbun\n|-supereffective|p2a: Dachsbun\n|-crit|p2a: Dachsbun\n|-damage|p2a: Dachsbun|0 fnt\n|faint|p2a: Dachsbun\n|move|p2b: Wigglytuff|Flamethrower|p2: Dachsbun|[notarget]\n|-fail|p2b: Wigglytuff\n|\n|-heal|p1b: Serperior|82\/100|[from] item: Leftovers\n|-heal|p1a: Aegislash|21\/100|[from] item: Leftovers\n|upkeep\n|\n|t:|1698607221\n|switch|p2a: Azumarill|Azumarill, F|100\/100\n|turn|8\n|\n|t:|1698607243\n|move|p1b: Serperior|Glare|p2a: Azumarill\n|-status|p2a: Azumarill|par\n|move|p1a: Aegislash|Iron Head|p2a: Azumarill\n|-damage|p2a: Azumarill|65\/100 par\n|move|p2b: Wigglytuff|Hyper Voice|p1b: Serperior|[spread] p1b\n|-immune|p1a: Aegislash\n|-damage|p1b: Serperior|42\/100\n|-damage|p2b: Wigglytuff|91\/100|[from] item: Life Orb\n|cant|p2a: Azumarill|par\n|\n|-heal|p2a: Azumarill|100\/100 par|[from] move: Wish|[wisher] Dachsbun\n|-heal|p1b: Serperior|48\/100|[from] item: Leftovers\n|-heal|p1a: Aegislash|27\/100|[from] item: Leftovers\n|upkeep\n|turn|9\n|\n|t:|1698607271\n|-formechange|p1a: Aegislash|Aegislash||[from] ability: Stance Change\n|move|p1a: Aegislash|King's Shield|p1a: Aegislash\n|-singleturn|p1a: Aegislash|Protect\n|move|p1b: Serperior|Synthesis|p1b: Serperior\n|-heal|p1b: Serperior|98\/100\n|move|p2b: Wigglytuff|Heal Bell|p2b: Wigglytuff\n|-activate|p2b: Wigglytuff|move: Heal Bell\n|-curestatus|p2a: Azumarill|par|[msg]\n|move|p2a: Azumarill|Belly Drum|p2a: Azumarill\n|-damage|p2a: Azumarill|50\/100\n|-setboost|p2a: Azumarill|atk|6|[from] move: Belly Drum\n|-enditem|p2a: Azumarill|Sitrus Berry|[eat]\n|-heal|p2a: Azumarill|75\/100|[from] item: Sitrus Berry\n|\n|-heal|p1b: Serperior|100\/100|[from] item: Leftovers\n|-heal|p1a: Aegislash|33\/100|[from] item: Leftovers\n|upkeep\n|turn|10\n|\n|t:|1698607310\n|move|p2a: Azumarill|Aqua Jet|p1a: Aegislash\n|-damage|p1a: Aegislash|0 fnt\n|faint|p1a: Aegislash\n|move|p1b: Serperior|Leaf Storm|p2a: Azumarill\n|-supereffective|p2a: Azumarill\n|-damage|p2a: Azumarill|0 fnt\n|-boost|p1b: Serperior|spa|1\n|faint|p2a: Azumarill\n|move|p2b: Wigglytuff|Hyper Voice|p1b: Serperior\n|-damage|p1b: Serperior|45\/100\n|-damage|p2b: Wigglytuff|81\/100|[from] item: Life Orb\n|\n|-heal|p1b: Serperior|52\/100|[from] item: Leftovers\n|upkeep\n|\n|t:|1698607351\n|switch|p1a: Lucario|Lucario, F|100\/100\n|switch|p2a: Klefki|Klefki, M, shiny|100\/100\n|turn|11\n|c|\u2606AutumnCookie|Oh I forgot to change Klefki here it's the one with no attacks oopsie...\n|\n|t:|1698607388\n|detailschange|p1a: Lucario|Lucario-Mega, F\n|-mega|p1a: Lucario|Lucario|Lucarionite\n|move|p2a: Klefki|Light Screen|p2a: Klefki\n|-sidestart|p2: AutumnCookie|move: Light Screen\n|move|p1b: Serperior|Synthesis|p1b: Serperior\n|-heal|p1b: Serperior|100\/100\n|move|p1a: Lucario|Swords Dance|p1a: Lucario\n|-boost|p1a: Lucario|atk|2\n|move|p2b: Wigglytuff|Dazzling Gleam|p1a: Lucario|[spread] p1a,p1b\n|-end|p1b: Serperior|Substitute\n|-damage|p1a: Lucario|48\/100\n|-damage|p2b: Wigglytuff|71\/100|[from] item: Life Orb\n|\n|upkeep\n|turn|12\n|\n|t:|1698607416\n|move|p1a: Lucario|Bullet Punch|p2b: Wigglytuff\n|-supereffective|p2b: Wigglytuff\n|-damage|p2b: Wigglytuff|0 fnt\n|faint|p2b: Wigglytuff\n|move|p2a: Klefki|Reflect|p2a: Klefki\n|-sidestart|p2: AutumnCookie|Reflect\n|move|p1b: Serperior|Leaf Storm|p2a: Klefki\n|-resisted|p2a: Klefki\n|-damage|p2a: Klefki|46\/100\n|\n|upkeep\n|\n|t:|1698607425\n|switch|p2b: Carbink|Carbink, shiny|100\/100\n|turn|13\n|c|\u2606AutumnCookie|LEMME TRY AGAIN HERE ONCE I FIX IT...\n|\n|t:|1698607450\n|move|p1a: Lucario|Bullet Punch|p2b: Carbink\n|-supereffective|p2b: Carbink\n|-damage|p2b: Carbink|0 fnt\n|faint|p2b: Carbink\n|move|p1b: Serperior|Substitute|p1b: Serperior\n|-start|p1b: Serperior|Substitute\n|-damage|p1b: Serperior|76\/100\n|move|p2a: Klefki|Trick Room|p2a: Klefki\n|-fieldstart|move: Trick Room|[of] p2a: Klefki\n|\n|-heal|p1b: Serperior|82\/100|[from] item: Leftovers\n|upkeep\n|turn|14\n|\n|t:|1698607482\n|move|p2a: Klefki|Spikes|p1b: Serperior\n|-sidestart|p1: kpoc12|Spikes\n|move|p1a: Lucario|Close Combat|p2a: Klefki\n|-damage|p2a: Klefki|0 fnt\n|-unboost|p1a: Lucario|def|1\n|-unboost|p1a: Lucario|spd|1\n|faint|p2a: Klefki\n|\n|win|kpoc12\n|l|\u2606AutumnCookie\n|c|\u2606kpoc12|ggs :)\n","uploadtime":1698607498,"views":10,"p1id":"kpoc12","p2id":"autumncookie","formatid":"gen9nationaldexdoubles","rating":0,"private":0,"password":""}