{"id":"gen9nationaldexdoubles-1967036763","p1":"Kamirami","p2":"fumbari 24","format":"[Gen 9] National Dex Doubles","log":"|j|\u2606Kamirami\n|j|\u2606fumbari 24\n|t:|1697246876\n|gametype|doubles\n|player|p1|Kamirami|byron|1373\n|player|p2|fumbari 24|hilbert|1380\n|teamsize|p1|6\n|teamsize|p2|6\n|gen|9\n|tier|[Gen 9] National Dex Doubles\n|rated|\n|rule|HP Percentage Mod: HP is shown in percentages\n|rule|Endless Battle Clause: Forcing endless battles is banned\n|rule|OHKO Clause: OHKO moves are banned\n|rule|Evasion Moves Clause: Evasion moves are banned\n|rule|Evasion Abilities Clause: Evasion abilities are banned\n|rule|Species Clause: Limit one of each Pok\u00e9mon\n|rule|Gravity Sleep Clause: The combination of sleep-inducing moves with imperfect accuracy and Gravity or Gigantamax Orbeetle are banned\n|clearpoke\n|poke|p1|Arcanine, M|\n|poke|p1|Corviknight, M|\n|poke|p1|Kleavor, F|\n|poke|p1|Grimmsnarl, M|\n|poke|p1|Iron Hands|\n|poke|p1|Scream Tail|\n|poke|p2|Slaking, M|\n|poke|p2|Medicham, M|\n|poke|p2|Murkrow, M|\n|poke|p2|Mudsdale, M|\n|poke|p2|Arcanine, F|\n|poke|p2|Comfey, F|\n|teampreview\n|\n|t:|1697246891\n|start\n|switch|p1a: Iron Hands|Iron Hands|100\/100\n|switch|p1b: Corviknight|Corviknight, M|100\/100\n|switch|p2a: Slaking|Slaking, M|100\/100\n|switch|p2b: Medicham|Medicham, M|100\/100\n|turn|1\n|\n|t:|1697246908\n|-end|p1a: Iron Hands|Quark Drive|[silent]\n|switch|p1a: Arcanine|Arcanine, M|100\/100\n|-ability|p1a: Arcanine|Intimidate|boost\n|-unboost|p2a: Slaking|atk|1\n|-unboost|p2b: Medicham|atk|1\n|move|p2b: Medicham|Fake Out|p1a: Arcanine\n|-damage|p1a: Arcanine|89\/100\n|move|p2a: Slaking|Bulk Up|p2a: Slaking\n|-boost|p2a: Slaking|atk|1\n|-boost|p2a: Slaking|def|1\n|move|p1b: Corviknight|Tailwind|p1b: Corviknight\n|-sidestart|p1: Kamirami|move: Tailwind\n|\n|upkeep\n|turn|2\n|\n|t:|1697246923\n|move|p1a: Arcanine|Will-O-Wisp|p2a: Slaking|[miss]\n|-miss|p1a: Arcanine|p2a: Slaking\n|move|p1b: Corviknight|Brave Bird|p2b: Medicham\n|-supereffective|p2b: Medicham\n|-enditem|p2b: Medicham|Focus Sash\n|-damage|p2b: Medicham|1\/100\n|-damage|p1b: Corviknight|73\/100|[from] Recoil\n|move|p2b: Medicham|Skill Swap|p2a: Slaking\n|-activate|p2b: Medicham|move: Skill Swap|||[of] p2a: Slaking\n|move|p2a: Slaking|Bulk Up|p2a: Slaking\n|-boost|p2a: Slaking|atk|1\n|-boost|p2a: Slaking|def|1\n|\n|-heal|p1b: Corviknight|79\/100|[from] item: Leftovers\n|upkeep\n|turn|3\n|\n|t:|1697246951\n|move|p1a: Arcanine|Will-O-Wisp|p2a: Slaking|[miss]\n|-miss|p1a: Arcanine|p2a: Slaking\n|move|p1b: Corviknight|Iron Head|p2b: Medicham\n|-damage|p2b: Medicham|0 fnt\n|faint|p2b: Medicham\n|move|p2a: Slaking|Facade|p1a: Arcanine\n|-damage|p1a: Arcanine|0 fnt\n|faint|p1a: Arcanine\n|\n|-heal|p1b: Corviknight|85\/100|[from] item: Leftovers\n|upkeep\n|\n|t:|1697246969\n|switch|p1a: Kleavor|Kleavor, F|100\/100\n|switch|p2b: Murkrow|Murkrow, M|100\/100\n|turn|4\n|\n|t:|1697246982\n|-terastallize|p2a: Slaking|Ghost\n|move|p1a: Kleavor|Stone Axe|p2b: Murkrow\n|-supereffective|p2b: Murkrow\n|-damage|p2b: Murkrow|11\/100\n|-sidestart|p2: fumbari 24|move: Stealth Rock\n|move|p1b: Corviknight|Roost|p1b: Corviknight\n|-heal|p1b: Corviknight|100\/100\n|-singleturn|p1b: Corviknight|move: Roost\n|move|p2a: Slaking|Bulk Up|p2a: Slaking\n|-boost|p2a: Slaking|atk|1\n|-boost|p2a: Slaking|def|1\n|move|p2b: Murkrow|Tailwind|p2b: Murkrow\n|-sidestart|p2: fumbari 24|move: Tailwind\n|\n|-sideend|p1: Kamirami|move: Tailwind\n|upkeep\n|turn|5\n|\n|t:|1697247001\n|move|p2a: Slaking|Facade|p1a: Kleavor\n|-resisted|p1a: Kleavor\n|-damage|p1a: Kleavor|46\/100\n|move|p2b: Murkrow|Taunt|p1b: Corviknight\n|-start|p1b: Corviknight|move: Taunt\n|move|p1a: Kleavor|Stone Axe|p2b: Murkrow\n|-supereffective|p2b: Murkrow\n|-damage|p2b: Murkrow|0 fnt\n|faint|p2b: Murkrow\n|cant|p1b: Corviknight|move: Taunt|Tailwind\n|\n|upkeep\n|\n|t:|1697247014\n|switch|p2b: Arcanine|Arcanine, F|100\/100\n|-damage|p2b: Arcanine|76\/100|[from] Stealth Rock\n|-ability|p2b: Arcanine|Intimidate|boost\n|-unboost|p1a: Kleavor|atk|1\n|-ability|p1b: Corviknight|Mirror Armor\n|-unboost|p2b: Arcanine|atk|1\n|turn|6\n|\n|t:|1697247026\n|switch|p1a: Grimmsnarl|Grimmsnarl, M|100\/100\n|switch|p1b: Iron Hands|Iron Hands|100\/100\n|move|p2a: Slaking|Facade|p1a: Grimmsnarl\n|-damage|p1a: Grimmsnarl|0 fnt\n|faint|p1a: Grimmsnarl\n|move|p2b: Arcanine|Will-O-Wisp|p1b: Iron Hands\n|-status|p1b: Iron Hands|brn\n|\n|-damage|p1b: Iron Hands|94\/100 brn|[from] brn\n|upkeep\n|\n|t:|1697247041\n|switch|p1a: Scream Tail|Scream Tail|100\/100\n|turn|7\n|\n|t:|1697247055\n|move|p1b: Iron Hands|Fake Out|p2b: Arcanine\n|-damage|p2b: Arcanine|68\/100\n|move|p2a: Slaking|Facade|p1a: Scream Tail\n|-damage|p1a: Scream Tail|0 fnt\n|faint|p1a: Scream Tail\n|-end|p1a: Scream Tail|Protosynthesis|[silent]\n|cant|p2b: Arcanine|flinch\n|\n|-damage|p1b: Iron Hands|88\/100 brn|[from] brn\n|-sideend|p2: fumbari 24|move: Tailwind\n|upkeep\n|-message|Kamirami forfeited.\n|\n|win|fumbari 24\n|raw|Kamirami's rating: 1373 &rarr; <strong>1353<\/strong><br \/>(-20 for losing)\n|raw|fumbari 24's rating: 1380 &rarr; <strong>1400<\/strong><br \/>(+20 for winning)\n|l|\u2606Kamirami\n","uploadtime":1697247066,"views":10,"p1id":"kamirami","p2id":"fumbari24","formatid":"gen9nationaldexdoubles","rating":1353,"private":0,"password":""}