{"id":"gen9nationaldexdoubles-1950496627","p1":"JimmyJohto","p2":"braislago98","format":"[Gen 9] National Dex Doubles","log":"|j|\u2606JimmyJohto\n|j|\u2606braislago98\n|t:|1695479159\n|gametype|doubles\n|player|p1|JimmyJohto|ethan|\n|player|p2|braislago98|170|\n|teamsize|p1|6\n|teamsize|p2|6\n|gen|9\n|tier|[Gen 9] National Dex Doubles\n|rule|HP Percentage Mod: HP is shown in percentages\n|rule|Endless Battle Clause: Forcing endless battles is banned\n|rule|OHKO Clause: OHKO moves are banned\n|rule|Evasion Moves Clause: Evasion moves are banned\n|rule|Evasion Abilities Clause: Evasion abilities are banned\n|rule|Species Clause: Limit one of each Pok\u00e9mon\n|rule|Gravity Sleep Clause: The combination of sleep-inducing moves with imperfect accuracy and Gravity or Gigantamax Orbeetle are banned\n|clearpoke\n|poke|p1|Landorus-Therian, M|\n|poke|p1|Tornadus, M|\n|poke|p1|Great Tusk|\n|poke|p1|Torkoal, F|\n|poke|p1|Ogerpon-Hearthflame, F|\n|poke|p1|Shiftry, M|\n|poke|p2|Raichu, M|\n|poke|p2|Thundurus-Therian, M|\n|poke|p2|Iron Hands|\n|poke|p2|Pincurchin, F|\n|poke|p2|Electivire, M|\n|poke|p2|Hydreigon, F|\n|teampreview\n|\n|t:|1695479181\n|start\n|switch|p1a: Tornadus|Tornadus, M|100\/100\n|switch|p1b: Landorus|Landorus-Therian, M|100\/100\n|switch|p2a: Pincurchin|Pincurchin, F|100\/100\n|switch|p2b: Iron Hands|Iron Hands|100\/100\n|-ability|p1b: Landorus|Intimidate|boost\n|-unboost|p2a: Pincurchin|atk|1\n|-unboost|p2b: Iron Hands|atk|1\n|-fieldstart|move: Electric Terrain|[from] ability: Electric Surge|[of] p2a: Pincurchin\n|-activate|p2b: Iron Hands|ability: Quark Drive\n|-start|p2b: Iron Hands|quarkdriveatk\n|turn|1\n|\n|t:|1695479201\n|move|p2b: Iron Hands|Fake Out|p1b: Landorus\n|-damage|p1b: Landorus|85\/100\n|move|p1a: Tornadus|Tailwind|p1a: Tornadus\n|-sidestart|p1: JimmyJohto|move: Tailwind\n|cant|p1b: Landorus|flinch\n|move|p2a: Pincurchin|Toxic Spikes|p1b: Landorus\n|-sidestart|p1: JimmyJohto|move: Toxic Spikes\n|\n|upkeep\n|turn|2\n|\n|t:|1695479219\n|move|p1b: Landorus|Earthquake|p2a: Pincurchin|[spread] p2a,p2b\n|-immune|p1a: Tornadus\n|-supereffective|p2a: Pincurchin\n|-supereffective|p2b: Iron Hands\n|-damage|p2a: Pincurchin|28\/100\n|-damage|p2b: Iron Hands|40\/100\n|move|p1a: Tornadus|Dark Pulse|p2a: Pincurchin\n|-damage|p2a: Pincurchin|0 fnt\n|faint|p2a: Pincurchin\n|move|p2b: Iron Hands|Ice Punch|p1b: Landorus\n|-supereffective|p1b: Landorus\n|-damage|p1b: Landorus|0 fnt\n|faint|p1b: Landorus\n|\n|upkeep\n|\n|t:|1695479235\n|switch|p1b: Torkoal|Torkoal, F|100\/100\n|switch|p2a: Raichu|Raichu, M|100\/100\n|-status|p1b: Torkoal|psn\n|-weather|SunnyDay|[from] ability: Drought|[of] p1b: Torkoal\n|turn|3\n|\n|t:|1695479250\n|move|p1a: Tornadus|Bleakwind Storm|p2a: Raichu|[spread] p2a,p2b\n|-resisted|p2a: Raichu\n|-damage|p2a: Raichu|71\/100\n|-damage|p2b: Iron Hands|20\/100\n|-unboost|p2a: Raichu|spe|1\n|-unboost|p2b: Iron Hands|spe|1\n|move|p2a: Raichu|Volt Switch|p1a: Tornadus\n|-supereffective|p1a: Tornadus\n|-damage|p1a: Tornadus|0 fnt\n|faint|p1a: Tornadus\n|\n|t:|1695479263\n|switch|p2a: Hydreigon|Hydreigon, F|100\/100|[from] Volt Switch\n|move|p1b: Torkoal|Heat Wave|p2a: Hydreigon|[spread] p2a,p2b\n|-resisted|p2a: Hydreigon\n|-damage|p2a: Hydreigon|68\/100\n|-damage|p2b: Iron Hands|0 fnt\n|faint|p2b: Iron Hands\n|-end|p2b: Iron Hands|Quark Drive|[silent]\n|\n|-weather|SunnyDay|[upkeep]\n|-damage|p1b: Torkoal|88\/100 psn|[from] psn\n|upkeep\n|\n|t:|1695479277\n|switch|p1a: Shiftry|Shiftry, M|100\/100\n|switch|p2b: Electivire|Electivire, M|100\/100\n|-status|p1a: Shiftry|psn\n|-ability|p1a: Shiftry|Wind Rider|boost\n|-boost|p1a: Shiftry|atk|1\n|-item|p2b: Electivire|Air Balloon\n|turn|4\n|\n|t:|1695479297\n|-terastallize|p1a: Shiftry|Dark\n|-terastallize|p2a: Hydreigon|Electric\n|move|p1a: Shiftry|Knock Off|p2a: Hydreigon\n|-damage|p2a: Hydreigon|0 fnt\n|-enditem|p2a: Hydreigon|Choice Scarf|[from] move: Knock Off|[of] p1a: Shiftry\n|faint|p2a: Hydreigon\n|move|p2b: Electivire|Brick Break|p1a: Shiftry\n|-supereffective|p1a: Shiftry\n|-damage|p1a: Shiftry|18\/100 psn\n|move|p1b: Torkoal|Earth Power|p2b: Electivire\n|-immune|p2b: Electivire\n|\n|-weather|SunnyDay|[upkeep]\n|-damage|p1a: Shiftry|5\/100 psn|[from] psn\n|-damage|p1b: Torkoal|76\/100 psn|[from] psn\n|-sideend|p1: JimmyJohto|move: Tailwind\n|upkeep\n|\n|t:|1695479314\n|switch|p2a: Thundurus|Thundurus-Therian, M|100\/100\n|turn|5\n|\n|t:|1695479324\n|move|p1a: Shiftry|Sucker Punch|p2b: Electivire\n|-damage|p2b: Electivire|0 fnt\n|-enditem|p2b: Electivire|Air Balloon\n|faint|p2b: Electivire\n|move|p2a: Thundurus|Wildbolt Storm|p1b: Torkoal|[spread] p1b\n|-ability|p1a: Shiftry|Wind Rider|boost\n|-boost|p1a: Shiftry|atk|1\n|-damage|p1b: Torkoal|9\/100 psn\n|-damage|p2a: Thundurus|91\/100|[from] item: Life Orb\n|move|p1b: Torkoal|Heat Wave|p2a: Thundurus\n|-damage|p2a: Thundurus|0 fnt\n|faint|p2a: Thundurus\n|\n|-weather|SunnyDay|[upkeep]\n|-damage|p1a: Shiftry|0 fnt|[from] psn\n|faint|p1a: Shiftry\n|-damage|p1b: Torkoal|0 fnt|[from] psn\n|faint|p1b: Torkoal\n|upkeep\n|\n|t:|1695479342\n|switch|p2b: Raichu|Raichu, M|71\/100\n|switch|p1a: Great Tusk|Great Tusk|100\/100\n|switch|p1b: Ogerpon|Ogerpon-Hearthflame, F|100\/100\n|-status|p1b: Ogerpon|psn\n|-ability|p1b: Ogerpon|Mold Breaker\n|-status|p1a: Great Tusk|psn\n|-activate|p1a: Great Tusk|ability: Protosynthesis\n|-start|p1a: Great Tusk|protosynthesisatk\n|turn|6\n|c|\u2606braislago98|gg\n|c|\u2606JimmyJohto|gg\n|\n|t:|1695479359\n|move|p1b: Ogerpon|Ivy Cudgel|p2b: Raichu\n|-damage|p2b: Raichu|0 fnt\n|faint|p2b: Raichu\n|\n|win|JimmyJohto\n","uploadtime":1695479364,"views":12,"p1id":"jimmyjohto","p2id":"braislago98","formatid":"gen9nationaldexdoubles","rating":0,"private":0,"password":""}