{"id":"gen9nationaldexdoubles-1971436500","p1":"Ccujcucjcuckvh","p2":"sussy_sasuke","format":"[Gen 9] National Dex Doubles","log":"|j|\u2606Ccujcucjcuckvh\n|j|\u2606sussy_sasuke\n|t:|1697738364\n|gametype|doubles\n|player|p1|Ccujcucjcuckvh|lance|1120\n|player|p2|sussy_sasuke|hugh|1107\n|teamsize|p1|6\n|teamsize|p2|6\n|gen|9\n|tier|[Gen 9] National Dex Doubles\n|rated|\n|rule|HP Percentage Mod: HP is shown in percentages\n|rule|Endless Battle Clause: Forcing endless battles is banned\n|rule|OHKO Clause: OHKO moves are banned\n|rule|Evasion Moves Clause: Evasion moves are banned\n|rule|Evasion Abilities Clause: Evasion abilities are banned\n|rule|Species Clause: Limit one of each Pok\u00e9mon\n|rule|Gravity Sleep Clause: The combination of sleep-inducing moves with imperfect accuracy and Gravity or Gigantamax Orbeetle are banned\n|clearpoke\n|poke|p1|Slowbro-Galar, F|\n|poke|p1|Tentacruel, M|\n|poke|p1|Arbok, M|\n|poke|p1|Muk, F|\n|poke|p1|Weezing-Galar, F|\n|poke|p1|Revavroom, M|\n|poke|p2|Tyranitar, F|\n|poke|p2|Houndstone, F|\n|poke|p2|Glimmora, M|\n|poke|p2|Starly, L1, M|\n|poke|p2|Sandslash, F|\n|poke|p2|Wattrel, L1, M|\n|teampreview\n|\n|t:|1697738370\n|start\n|switch|p1a: Weezing|Weezing-Galar, F|100\/100\n|switch|p1b: Revavroom|Revavroom, M|100\/100\n|switch|p2a: Glimmora|Glimmora, M|100\/100\n|switch|p2b: Sandslash|Sandslash, F|100\/100\n|turn|1\n|\n|t:|1697738383\n|move|p1b: Revavroom|Substitute|p1b: Revavroom\n|-start|p1b: Revavroom|Substitute\n|-damage|p1b: Revavroom|76\/100\n|move|p2a: Glimmora|Toxic Spikes|p1b: Revavroom\n|-sidestart|p1: Ccujcucjcuckvh|move: Toxic Spikes\n|move|p2b: Sandslash|Drill Run|p1b: Revavroom\n|-supereffective|p1b: Revavroom\n|-end|p1b: Revavroom|Substitute\n|move|p1a: Weezing|Toxic Spikes|p2a: Glimmora\n|-sidestart|p2: sussy_sasuke|move: Toxic Spikes\n|\n|-heal|p1b: Revavroom|82\/100|[from] item: Leftovers\n|upkeep\n|turn|2\n|\n|t:|1697738399\n|move|p1b: Revavroom|Substitute|p1b: Revavroom\n|-start|p1b: Revavroom|Substitute\n|-damage|p1b: Revavroom|57\/100\n|move|p2a: Glimmora|Toxic Spikes|p1a: Weezing\n|-sidestart|p1: Ccujcucjcuckvh|move: Toxic Spikes\n|move|p2b: Sandslash|Drill Run|p1b: Revavroom\n|-supereffective|p1b: Revavroom\n|-end|p1b: Revavroom|Substitute\n|move|p1a: Weezing|Dazzling Gleam|p2b: Sandslash|[spread] p2a,p2b\n|-resisted|p2a: Glimmora\n|-damage|p2a: Glimmora|84\/100\n|-damage|p2b: Sandslash|54\/100\n|\n|-heal|p1b: Revavroom|63\/100|[from] item: Leftovers\n|-heal|p2b: Sandslash|60\/100|[from] item: Leftovers\n|upkeep\n|turn|3\n|\n|t:|1697738420\n|move|p1b: Revavroom|Substitute|p1b: Revavroom\n|-start|p1b: Revavroom|Substitute\n|-damage|p1b: Revavroom|38\/100\n|move|p2a: Glimmora|Explosion|p1a: Weezing|[spread] p2b,p1a,p1b\n|-resisted|p1b: Revavroom\n|-activate|p1b: Revavroom|move: Substitute|[damage]\n|-damage|p2b: Sandslash|31\/100\n|-damage|p1a: Weezing|79\/100\n|faint|p2a: Glimmora\n|move|p2b: Sandslash|Drill Run|p1b: Revavroom\n|-supereffective|p1b: Revavroom\n|-end|p1b: Revavroom|Substitute\n|move|p1a: Weezing|Dazzling Gleam|p2b: Sandslash\n|-damage|p2b: Sandslash|0 fnt\n|faint|p2b: Sandslash\n|\n|-heal|p1b: Revavroom|44\/100|[from] item: Leftovers\n|-heal|p1a: Weezing|85\/100|[from] item: Black Sludge\n|upkeep\n|\n|t:|1697738436\n|switch|p2a: Starly|Starly, L1, M|100\/100\n|switch|p2b: Wattrel|Wattrel, L1, M|100\/100\n|turn|4\n|\n|t:|1697738447\n|move|p1b: Revavroom|Shift Gear|p1b: Revavroom\n|-boost|p1b: Revavroom|spe|2\n|-boost|p1b: Revavroom|atk|1\n|move|p1a: Weezing|Sludge Bomb|p2b: Wattrel\n|-enditem|p2b: Wattrel|Focus Sash\n|-damage|p2b: Wattrel|9\/100\n|move|p2b: Wattrel|Endeavor|p1a: Weezing\n|-damage|p1a: Weezing|1\/100\n|move|p2a: Starly|Endeavor|p1b: Revavroom\n|-damage|p1b: Revavroom|4\/100\n|\n|-heal|p1b: Revavroom|10\/100|[from] item: Leftovers\n|-heal|p1a: Weezing|7\/100|[from] item: Black Sludge\n|upkeep\n|turn|5\n|\n|t:|1697738465\n|move|p2b: Wattrel|Protect|p2b: Wattrel\n|-singleturn|p2b: Wattrel|Protect\n|move|p2a: Starly|Protect|p2a: Starly\n|-singleturn|p2a: Starly|Protect\n|move|p1b: Revavroom|Iron Head|p2a: Starly\n|-activate|p2a: Starly|move: Protect\n|move|p1a: Weezing|Dazzling Gleam|p2b: Wattrel|[spread] \n|-activate|p2a: Starly|move: Protect\n|-activate|p2b: Wattrel|move: Protect\n|\n|-heal|p1b: Revavroom|16\/100|[from] item: Leftovers\n|-heal|p1a: Weezing|13\/100|[from] item: Black Sludge\n|upkeep\n|turn|6\n|\n|t:|1697738507\n|move|p1b: Revavroom|Iron Head|p2a: Starly\n|-enditem|p2a: Starly|Focus Sash\n|-damage|p2a: Starly|9\/100\n|move|p1a: Weezing|Dazzling Gleam|p2a: Starly|[spread] p2a,p2b\n|-damage|p2a: Starly|0 fnt\n|-damage|p2b: Wattrel|0 fnt\n|faint|p2a: Starly\n|faint|p2b: Wattrel\n|\n|-heal|p1b: Revavroom|22\/100|[from] item: Leftovers\n|-heal|p1a: Weezing|19\/100|[from] item: Black Sludge\n|upkeep\n|\n|t:|1697738519\n|switch|p2b: Houndstone|Houndstone, F|100\/100\n|switch|p2a: Tyranitar|Tyranitar, F|100\/100\n|-status|p2b: Houndstone|psn\n|-status|p2a: Tyranitar|psn\n|-weather|Sandstorm|[from] ability: Sand Stream|[of] p2a: Tyranitar\n|turn|7\n|\n|t:|1697738541\n|move|p1b: Revavroom|Iron Head|p2b: Houndstone\n|-damage|p2b: Houndstone|28\/100 psn\n|move|p2b: Houndstone|Last Respects|p1a: Weezing\n|-damage|p1a: Weezing|0 fnt\n|faint|p1a: Weezing\n|move|p2a: Tyranitar|Crunch|p1b: Revavroom\n|-damage|p1b: Revavroom|0 fnt\n|faint|p1b: Revavroom\n|\n|-weather|Sandstorm|[upkeep]\n|-heal|p2b: Houndstone|34\/100 psn|[from] item: Leftovers\n|-damage|p2b: Houndstone|22\/100 psn|[from] psn\n|-damage|p2a: Tyranitar|88\/100 psn|[from] psn\n|upkeep\n|\n|t:|1697738560\n|switch|p1b: Tentacruel|Tentacruel, M|100\/100\n|switch|p1a: Slowbro|Slowbro-Galar, F|100\/100\n|-sideend|p1: Ccujcucjcuckvh|move: Toxic Spikes|[of] p1b: Tentacruel\n|turn|8\n|\n|t:|1697738579\n|move|p2b: Houndstone|Last Respects|p1b: Tentacruel\n|-enditem|p1b: Tentacruel|Focus Sash\n|-damage|p1b: Tentacruel|1\/100\n|move|p1b: Tentacruel|Swords Dance|p1b: Tentacruel\n|-boost|p1b: Tentacruel|atk|2\n|move|p2a: Tyranitar|Crunch|p1a: Slowbro\n|-supereffective|p1a: Slowbro\n|-damage|p1a: Slowbro|3\/100\n|move|p1a: Slowbro|Shell Side Arm|p2b: Houndstone|[anim] Shell Side Arm Special\n|-resisted|p2b: Houndstone\n|-damage|p2b: Houndstone|0 fnt\n|-hint|Special Shell Side Arm\n|faint|p2b: Houndstone\n|\n|-weather|Sandstorm|[upkeep]\n|-damage|p1b: Tentacruel|0 fnt|[from] Sandstorm\n|-damage|p1a: Slowbro|0 fnt|[from] Sandstorm\n|faint|p1b: Tentacruel\n|faint|p1a: Slowbro\n|-damage|p2a: Tyranitar|76\/100 psn|[from] psn\n|upkeep\n|\n|t:|1697738582\n|switch|p1b: Muk|Muk, F|100\/100\n|switch|p1a: Arbok|Arbok, M|100\/100\n|-ability|p1a: Arbok|Intimidate|boost\n|-unboost|p2a: Tyranitar|atk|1\n|-item|p1b: Muk|Air Balloon\n|turn|9\n|\n|t:|1697738622\n|-terastallize|p2a: Tyranitar|Water\n|move|p1a: Arbok|Knock Off|p2a: Tyranitar\n|-crit|p2a: Tyranitar\n|-damage|p2a: Tyranitar|33\/100 psn\n|-enditem|p2a: Tyranitar|Smooth Rock|[from] move: Knock Off|[of] p1a: Arbok\n|-damage|p1a: Arbok|91\/100|[from] item: Life Orb\n|move|p2a: Tyranitar|Hydro Pump|p1b: Muk|[miss]\n|-miss|p2a: Tyranitar|p1b: Muk\n|move|p1b: Muk|Drain Punch|p2a: Tyranitar\n|-damage|p2a: Tyranitar|12\/100 psn\n|\n|-weather|Sandstorm|[upkeep]\n|-damage|p1a: Arbok|84\/100|[from] Sandstorm\n|-damage|p2a: Tyranitar|6\/100 psn|[from] Sandstorm\n|-damage|p1b: Muk|94\/100|[from] Sandstorm\n|-damage|p2a: Tyranitar|0 fnt|[from] psn\n|faint|p2a: Tyranitar\n|\n|win|Ccujcucjcuckvh\n|upkeep\n|raw|Ccujcucjcuckvh's rating: 1120 &rarr; <strong>1144<\/strong><br \/>(+24 for winning)\n|raw|sussy_sasuke's rating: 1107 &rarr; <strong>1083<\/strong><br \/>(-24 for losing)\n|l|\u2606sussy_sasuke\n","uploadtime":1697738642,"views":6,"p1id":"ccujcucjcuckvh","p2id":"sussysasuke","formatid":"gen9nationaldexdoubles","rating":1083,"private":0,"password":""}