{"id":"gen9nationaldexdoubles-1952013869","p1":"XtheGAMEmaster","p2":"mudkipexec","format":"[Gen 9] National Dex Doubles","log":"|j|\u2606XtheGAMEmaster\n|j|\u2606mudkipexec\n|t:|1695650141\n|gametype|doubles\n|player|p1|XtheGAMEmaster|265|\n|player|p2|mudkipexec|madame-gen4dp|\n|teamsize|p1|2\n|teamsize|p2|5\n|gen|9\n|tier|[Gen 9] National Dex Doubles\n|rule|HP Percentage Mod: HP is shown in percentages\n|rule|Endless Battle Clause: Forcing endless battles is banned\n|rule|OHKO Clause: OHKO moves are banned\n|rule|Evasion Moves Clause: Evasion moves are banned\n|rule|Evasion Abilities Clause: Evasion abilities are banned\n|rule|Species Clause: Limit one of each Pok\u00e9mon\n|rule|Gravity Sleep Clause: The combination of sleep-inducing moves with imperfect accuracy and Gravity or Gigantamax Orbeetle are banned\n|clearpoke\n|poke|p1|Flygon, L50, M|\n|poke|p1|Blissey, L55, F|\n|poke|p2|Manectric, L49, F|\n|poke|p2|Ampharos, L45, F|\n|poke|p2|Flaaffy, L35, M|\n|poke|p2|Mareep, L25, M|\n|poke|p2|Wooloo, L2, F|\n|teampreview\n|\n|t:|1695650150\n|start\n|switch|p1a: Jade|Flygon, L50, M|100\/100\n|switch|p1b: The Butcher|Blissey, L55, F|100\/100\n|switch|p2a: Manectric|Manectric, L49, F|100\/100\n|switch|p2b: Flaaffy|Flaaffy, L35, M|100\/100\n|turn|1\n|\n|t:|1695650159\n|move|p2a: Manectric|Magnet Rise|p2a: Manectric\n|-start|p2a: Manectric|Magnet Rise\n|move|p1a: Jade|Dragon Dance|p1a: Jade\n|-boost|p1a: Jade|atk|1\n|-boost|p1a: Jade|spe|1\n|move|p1b: The Butcher|Light Screen|p1b: The Butcher\n|-sidestart|p1: XtheGAMEmaster|move: Light Screen\n|move|p2b: Flaaffy|Round|p1b: The Butcher\n|-damage|p1b: The Butcher|99\/100\n|\n|upkeep\n|turn|2\n|\n|t:|1695650176\n|move|p1a: Jade|Dragon Dance|p1a: Jade\n|-boost|p1a: Jade|atk|1\n|-boost|p1a: Jade|spe|1\n|move|p2a: Manectric|Thunderbolt|p1b: The Butcher\n|-damage|p1b: The Butcher|91\/100\n|move|p1b: The Butcher|Body Slam|p2a: Manectric\n|-damage|p2a: Manectric|85\/100\n|move|p2b: Flaaffy|Round|p1b: The Butcher\n|-damage|p1b: The Butcher|89\/100\n|\n|upkeep\n|turn|3\n|\n|t:|1695650192\n|move|p1a: Jade|Dragon Dance|p1a: Jade\n|-boost|p1a: Jade|atk|1\n|-boost|p1a: Jade|spe|1\n|move|p2a: Manectric|Hyper Voice|p1a: Jade|[spread] p1a,p1b\n|-damage|p1a: Jade|79\/100\n|-damage|p1b: The Butcher|85\/100\n|move|p1b: The Butcher|Body Slam|p2a: Manectric\n|-damage|p2a: Manectric|69\/100\n|move|p2b: Flaaffy|Round|p1a: Jade\n|-damage|p1a: Jade|70\/100\n|\n|upkeep\n|turn|4\n|\n|t:|1695650208\n|move|p1a: Jade|Dragon Dance|p1a: Jade\n|-boost|p1a: Jade|atk|1\n|-boost|p1a: Jade|spe|1\n|move|p2a: Manectric|Hyper Voice|p1b: The Butcher|[spread] p1a,p1b\n|-damage|p1a: Jade|48\/100\n|-damage|p1b: The Butcher|81\/100\n|move|p1b: The Butcher|Heal Pulse|p1a: Jade\n|-heal|p1a: Jade|99\/100\n|move|p2b: Flaaffy|Round|p1a: Jade\n|-damage|p1a: Jade|90\/100\n|\n|upkeep\n|turn|5\n|\n|t:|1695650221\n|move|p1a: Jade|Dragon Dance|p1a: Jade\n|-boost|p1a: Jade|atk|1\n|-boost|p1a: Jade|spe|1\n|move|p2a: Manectric|Hyper Voice|p1a: Jade|[spread] p1a,p1b\n|-damage|p1a: Jade|69\/100\n|-damage|p1b: The Butcher|77\/100\n|move|p1b: The Butcher|Heal Pulse|p1a: Jade\n|-heal|p1a: Jade|100\/100\n|move|p2b: Flaaffy|Cotton Guard|p2b: Flaaffy\n|-boost|p2b: Flaaffy|def|3\n|\n|-end|p2a: Manectric|Magnet Rise\n|-sideend|p1: XtheGAMEmaster|move: Light Screen\n|upkeep\n|turn|6\n|\n|t:|1695650236\n|move|p1b: The Butcher|Helping Hand|p1a: Jade\n|-singleturn|p1a: Jade|Helping Hand|[of] p1b: The Butcher\n|move|p1a: Jade|Earthquake|p2b: Flaaffy|[spread] p1b,p2a,p2b\n|-supereffective|p2a: Manectric\n|-enditem|p2a: Manectric|Shuca Berry|[eat]\n|-enditem|p2a: Manectric|Shuca Berry|[weaken]\n|-supereffective|p2b: Flaaffy\n|-damage|p1b: The Butcher|0 fnt\n|-damage|p2a: Manectric|0 fnt\n|-damage|p2b: Flaaffy|0 fnt\n|faint|p1b: The Butcher\n|faint|p2a: Manectric\n|faint|p2b: Flaaffy\n|\n|upkeep\n|\n|t:|1695650244\n|switch|p2a: Ampharos|Ampharos, L45, F|100\/100\n|switch|p2b: Mareep|Mareep, L25, M|100\/100\n|turn|7\n|\n|t:|1695650252\n|move|p1a: Jade|Earthquake|p2b: Mareep|[spread] p2a,p2b\n|-supereffective|p2a: Ampharos\n|-enditem|p2a: Ampharos|Shuca Berry|[eat]\n|-enditem|p2a: Ampharos|Shuca Berry|[weaken]\n|-supereffective|p2b: Mareep\n|-damage|p2a: Ampharos|0 fnt\n|-damage|p2b: Mareep|0 fnt\n|faint|p2a: Ampharos\n|faint|p2b: Mareep\n|\n|upkeep\n|\n|t:|1695650257\n|switch|p2b: Mareep?|Wooloo, L2, F|100\/100\n|turn|8\n|\n|t:|1695650261\n|move|p1a: Jade|Earthquake|p2b: Mareep?\n|-damage|p2b: Mareep?|0 fnt\n|faint|p2b: Mareep?\n|\n|win|XtheGAMEmaster\n|l|\u2606mudkipexec\n|c|\u2606XtheGAMEmaster|classic\n","uploadtime":1695650271,"views":13,"p1id":"xthegamemaster","p2id":"mudkipexec","formatid":"gen9nationaldexdoubles","rating":0,"private":0,"password":""}