{"id":"gen9nationaldexdoubles-1952044364","p1":"Tukitiko","p2":"Morakun","format":"[Gen 9] National Dex Doubles","log":"|j|\u2606Tukitiko\n|j|\u2606Morakun\n|t:|1695652663\n|gametype|doubles\n|player|p1|Tukitiko|lusamine-nihilego|\n|player|p2|Morakun|ghetsis|\n|teamsize|p1|6\n|teamsize|p2|6\n|gen|9\n|tier|[Gen 9] National Dex Doubles\n|rule|HP Percentage Mod: HP is shown in percentages\n|rule|Endless Battle Clause: Forcing endless battles is banned\n|rule|OHKO Clause: OHKO moves are banned\n|rule|Evasion Moves Clause: Evasion moves are banned\n|rule|Evasion Abilities Clause: Evasion abilities are banned\n|rule|Species Clause: Limit one of each Pok\u00e9mon\n|rule|Gravity Sleep Clause: The combination of sleep-inducing moves with imperfect accuracy and Gravity or Gigantamax Orbeetle are banned\n|clearpoke\n|poke|p1|Iron Moth|\n|poke|p1|Vanilluxe, F|\n|poke|p1|Nihilego|\n|poke|p1|Blastoise, M|\n|poke|p1|Magmar, M|\n|poke|p1|Snorlax, M|\n|poke|p2|Tyranitar, F|\n|poke|p2|Dipplin, F|\n|poke|p2|Glimmora, F|\n|poke|p2|Ursaluna-Bloodmoon, M|\n|poke|p2|Sinistcha-Masterpiece|\n|poke|p2|Zoroark-Hisui, F|\n|teampreview\n|\n|t:|1695652727\n|start\n|switch|p1a: Magnue doble A|Magmar, M|100\/100\n|switch|p1b: Pokemon Sleep|Snorlax, M|100\/100\n|switch|p2a: rompemuros|Tyranitar, F|100\/100\n|switch|p2b: unmatesito?|Sinistcha-Masterpiece|100\/100\n|-weather|Sandstorm|[from] ability: Sand Stream|[of] p2a: rompemuros\n|turn|1\n|j| Piriko.\n|\n|t:|1695652754\n|move|p1a: Magnue doble A|Follow Me|p1a: Magnue doble A\n|-singleturn|p1a: Magnue doble A|move: Follow Me\n|move|p2b: unmatesito?|Strength Sap|p1a: Magnue doble A\n|-unboost|p1a: Magnue doble A|atk|1\n|move|p2a: rompemuros|Rock Slide|p1b: Pokemon Sleep|[spread] p1a,p1b\n|-supereffective|p1a: Magnue doble A\n|-damage|p1a: Magnue doble A|30\/100\n|-damage|p1b: Pokemon Sleep|68\/100\n|cant|p1b: Pokemon Sleep|flinch\n|\n|-weather|Sandstorm|[upkeep]\n|-damage|p1a: Magnue doble A|24\/100|[from] Sandstorm\n|-damage|p2b: unmatesito?|94\/100|[from] Sandstorm\n|-damage|p1b: Pokemon Sleep|62\/100|[from] Sandstorm\n|upkeep\n|turn|2\n|j| Spem53\n|j| elmaptiv\n|\n|t:|1695652772\n|move|p1a: Magnue doble A|Protect|p1a: Magnue doble A\n|-singleturn|p1a: Magnue doble A|Protect\n|move|p2b: unmatesito?|Strength Sap|p1b: Pokemon Sleep\n|-unboost|p1b: Pokemon Sleep|atk|1\n|-heal|p2b: unmatesito?|100\/100\n|move|p2a: rompemuros|Rock Slide|p1a: Magnue doble A|[spread] \n|-activate|p1a: Magnue doble A|move: Protect\n|-miss|p2a: rompemuros|p1b: Pokemon Sleep\n|move|p1b: Pokemon Sleep|Belly Drum|p1b: Pokemon Sleep\n|-damage|p1b: Pokemon Sleep|12\/100\n|-setboost|p1b: Pokemon Sleep|atk|6|[from] move: Belly Drum\n|-enditem|p1b: Pokemon Sleep|Aguav Berry|[eat]\n|-heal|p1b: Pokemon Sleep|45\/100|[from] item: Aguav Berry\n|\n|-weather|Sandstorm|[upkeep]\n|-damage|p1a: Magnue doble A|18\/100|[from] Sandstorm\n|-damage|p2b: unmatesito?|94\/100|[from] Sandstorm\n|-damage|p1b: Pokemon Sleep|39\/100|[from] Sandstorm\n|upkeep\n|turn|3\n|c| elmaptiv|oh oh\n|\n|t:|1695652798\n|move|p1a: Magnue doble A|Follow Me|p1a: Magnue doble A\n|-singleturn|p1a: Magnue doble A|move: Follow Me\n|move|p2b: unmatesito?|Scald|p1a: Magnue doble A\n|-supereffective|p1a: Magnue doble A\n|-damage|p1a: Magnue doble A|0 fnt\n|faint|p1a: Magnue doble A\n|move|p2a: rompemuros|Foul Play|p1b: Pokemon Sleep\n|-damage|p1b: Pokemon Sleep|0 fnt\n|faint|p1b: Pokemon Sleep\n|\n|-weather|Sandstorm|[upkeep]\n|-damage|p2b: unmatesito?|88\/100|[from] Sandstorm\n|upkeep\n|c|\u2606Tukitiko|stinki\n|c| elmaptiv|OH OH\n|c| elmaptiv|JAJAJJAJJAJAJ\n|c|\u2606Tukitiko|oh\n|c| elmaptiv|foul play\n|c|\u2606Tukitiko|xd\n|c| Piriko.|Pobre diablo.\n|\n|t:|1695652815\n|switch|p1a: El Helado del D&D|Vanilluxe, F, shiny|100\/100\n|switch|p1b: Marquitos|Blastoise, M|100\/100\n|-weather|Snow|[from] ability: Snow Warning|[of] p1a: El Helado del D&D\n|turn|4\n|c|\u2606Tukitiko|ezo no me lo eperaba\n|\n|t:|1695652847\n|detailschange|p1b: Marquitos|Blastoise-Mega, M\n|-mega|p1b: Marquitos|Blastoise|Blastoisinite\n|move|p1a: El Helado del D&D|Aurora Veil|p1a: El Helado del D&D\n|-sidestart|p1: Tukitiko|move: Aurora Veil\n|move|p1b: Marquitos|Shell Smash|p1b: Marquitos\n|-unboost|p1b: Marquitos|def|1\n|-unboost|p1b: Marquitos|spd|1\n|-boost|p1b: Marquitos|atk|2\n|-boost|p1b: Marquitos|spa|2\n|-boost|p1b: Marquitos|spe|2\n|move|p2b: unmatesito?|Matcha Gotcha|p1a: El Helado del D&D|[spread] p1a,p1b\n|-supereffective|p1b: Marquitos\n|-damage|p1a: El Helado del D&D|68\/100\n|-heal|p2b: unmatesito?|100\/100|[from] drain|[of] p1a: El Helado del D&D\n|-damage|p1b: Marquitos|26\/100\n|move|p2a: rompemuros|Rock Slide|p1b: Marquitos|[spread] p1a,p1b\n|-supereffective|p1a: El Helado del D&D\n|-damage|p1a: El Helado del D&D|29\/100\n|-damage|p1b: Marquitos|0 fnt\n|faint|p1b: Marquitos\n|\n|-weather|Snow|[upkeep]\n|upkeep\n|c| elmaptiv|quetonto\n|\n|t:|1695652863\n|switch|p1b: Ferroputa|Iron Moth|100\/100\n|-enditem|p1b: Ferroputa|Booster Energy\n|-activate|p1b: Ferroputa|ability: Quark Drive|[fromitem]\n|-start|p1b: Ferroputa|quarkdrivespa\n|turn|5\n|c|\u2606Tukitiko|a estao feo\n|c|\u2606Tukitiko|q acierte los dos xd\n|\n|t:|1695652877\n|move|p1b: Ferroputa|Dazzling Gleam|p2b: unmatesito?|[spread] p2a,p2b\n|-supereffective|p2a: rompemuros\n|-damage|p2a: rompemuros|69\/100\n|-damage|p2b: unmatesito?|65\/100\n|move|p1a: El Helado del D&D|Flash Cannon|p2a: rompemuros\n|-supereffective|p2a: rompemuros\n|-damage|p2a: rompemuros|44\/100\n|move|p2b: unmatesito?|Matcha Gotcha|p1a: El Helado del D&D|[spread] p1a,p1b\n|-resisted|p1b: Ferroputa\n|-damage|p1a: El Helado del D&D|0 fnt\n|-heal|p2b: unmatesito?|77\/100|[from] drain|[of] p1a: El Helado del D&D\n|-damage|p1b: Ferroputa|94\/100\n|-heal|p2b: unmatesito?|80\/100|[from] drain|[of] p1b: Ferroputa\n|faint|p1a: El Helado del D&D\n|move|p2a: rompemuros|Rock Slide|p1b: Ferroputa|[miss]\n|-miss|p2a: rompemuros|p1b: Ferroputa\n|\n|-weather|Snow|[upkeep]\n|upkeep\n|c| Piriko.|Cine.\n|c| Spem53|No sabia que le pegaba a ambos\n|\n|t:|1695652888\n|switch|p1a: Tukitiko|Nihilego|100\/100\n|turn|6\n|\n|t:|1695652905\n|-terastallize|p1a: Tukitiko|Grass\n|move|p1b: Ferroputa|Heat Wave|p2b: unmatesito?|[spread] p2a,p2b\n|-resisted|p2a: rompemuros\n|-supereffective|p2b: unmatesito?\n|-damage|p2a: rompemuros|29\/100\n|-damage|p2b: unmatesito?|0 fnt\n|faint|p2b: unmatesito?\n|move|p1a: Tukitiko|Grass Knot|p2a: rompemuros\n|-supereffective|p2a: rompemuros\n|-damage|p2a: rompemuros|0 fnt\n|faint|p2a: rompemuros\n|-ability|p1a: Tukitiko|Beast Boost|boost\n|-boost|p1a: Tukitiko|spa|1\n|\n|-weather|Snow|[upkeep]\n|upkeep\n|\n|t:|1695652919\n|switch|p2b: morita|Glimmora, F|100\/100\n|switch|p2a: dontracador|Ursaluna-Bloodmoon, M|100\/100\n|turn|7\n|\n|t:|1695652950\n|move|p2b: morita|Psychic|p1b: Ferroputa\n|-supereffective|p1b: Ferroputa\n|-damage|p1b: Ferroputa|52\/100\n|move|p1b: Ferroputa|Heat Wave|p2b: morita|[spread] p2a,p2b\n|-damage|p2a: dontracador|39\/100\n|-damage|p2b: morita|0 fnt\n|replace|p2b: mini\u00f1a<3|Zoroark-Hisui, F, shiny\n|-end|p2b: mini\u00f1a<3|Illusion\n|faint|p2b: mini\u00f1a<3\n|move|p1a: Tukitiko|Grass Knot|p2a: dontracador\n|-supereffective|p2a: dontracador\n|-damage|p2a: dontracador|0 fnt\n|faint|p2a: dontracador\n|-ability|p1a: Tukitiko|Beast Boost|boost\n|-boost|p1a: Tukitiko|spa|1\n|\n|-weather|Snow|[upkeep]\n|upkeep\n|\n|t:|1695652963\n|switch|p2b: morita|Glimmora, F|100\/100\n|switch|p2a: cargadora|Dipplin, F|100\/100\n|turn|8\n|c| elmaptiv|ostia\n|c| elmaptiv|remontada\n|c| elmaptiv|??\n|\n|t:|1695653018\n|-terastallize|p2a: cargadora|Fighting\n|move|p1b: Ferroputa|Heat Wave|p2b: morita|[spread] p2a,p2b\n|-resisted|p2b: morita\n|-damage|p2a: cargadora|44\/100\n|-damage|p2b: morita|69\/100\n|-status|p2a: cargadora|brn\n|move|p1a: Tukitiko|Meteor Beam||[still]\n|-prepare|p1a: Tukitiko|Meteor Beam\n|-boost|p1a: Tukitiko|spa|1\n|-enditem|p1a: Tukitiko|Power Herb\n|-anim|p1a: Tukitiko|Meteor Beam|p2a: cargadora|[miss]\n|-miss|p1a: Tukitiko|p2a: cargadora\n|move|p2b: morita|Earth Power|p1b: Ferroputa\n|-supereffective|p1b: Ferroputa\n|-damage|p1b: Ferroputa|0 fnt\n|faint|p1b: Ferroputa\n|-end|p1b: Ferroputa|Quark Drive|[silent]\n|move|p2a: cargadora|Tera Blast|p1a: Tukitiko|[anim] Tera Blast Fighting\n|-damage|p1a: Tukitiko|75\/100\n|-damage|p2a: cargadora|34\/100 brn|[from] item: Life Orb\n|\n|-weather|none\n|-damage|p2a: cargadora|28\/100 brn|[from] brn\n|upkeep\n|turn|9\n|\n|t:|1695653067\n|move|p1a: Tukitiko|Grass Knot|p2b: morita\n|-damage|p2b: morita|0 fnt\n|faint|p2b: morita\n|-ability|p1a: Tukitiko|Beast Boost|boost\n|-boost|p1a: Tukitiko|spa|1\n|move|p2a: cargadora|Recover|p2a: cargadora\n|-heal|p2a: cargadora|78\/100 brn\n|\n|-damage|p2a: cargadora|72\/100 brn|[from] brn\n|upkeep\n|turn|10\n|\n|t:|1695653079\n|move|p1a: Tukitiko|Sludge Wave|p2a: cargadora\n|-damage|p2a: cargadora|0 fnt\n|faint|p2a: cargadora\n|\n|win|Tukitiko\n|c|\u2606Tukitiko|chicos\n|c|\u2606Morakun|GG\n|c|\u2606Tukitiko|la remontada del sigl\n","uploadtime":1695653089,"views":13,"p1id":"tukitiko","p2id":"morakun","formatid":"gen9nationaldexdoubles","rating":0,"private":0,"password":""}