{"id":"gen9nationaldexdoubles-1950056313","p1":"COG_EmoGalaxyy","p2":"Hash_13","format":"[Gen 9] National Dex Doubles","log":"|j|\u2606COG_EmoGalaxyy\n|j|\u2606Hash_13\n|t:|1695421468\n|gametype|doubles\n|player|p1|COG_EmoGalaxyy|gambler|\n|player|p2|Hash_13|lucas|\n|teamsize|p1|4\n|teamsize|p2|4\n|gen|9\n|tier|[Gen 9] National Dex Doubles\n|rule|HP Percentage Mod: HP is shown in percentages\n|rule|Endless Battle Clause: Forcing endless battles is banned\n|rule|OHKO Clause: OHKO moves are banned\n|rule|Evasion Moves Clause: Evasion moves are banned\n|rule|Evasion Abilities Clause: Evasion abilities are banned\n|rule|Species Clause: Limit one of each Pok\u00e9mon\n|rule|Gravity Sleep Clause: The combination of sleep-inducing moves with imperfect accuracy and Gravity or Gigantamax Orbeetle are banned\n|clearpoke\n|poke|p1|Grimmsnarl, M|\n|poke|p1|Mimikyu, F|\n|poke|p1|Hatterene, F|\n|poke|p1|Mawile, F|\n|poke|p2|Pelipper, F|\n|poke|p2|Swampert, M|\n|poke|p2|Kingdra, M|\n|poke|p2|Urshifu-*, M|\n|teampreview\n|\n|t:|1695421488\n|start\n|switch|p1a: Grimmsnarl|Grimmsnarl, M|100\/100\n|switch|p1b: Mimikyu|Mimikyu, F|100\/100\n|switch|p2a: Pelipper|Pelipper, F|100\/100\n|switch|p2b: Kingdra|Kingdra, M|100\/100\n|-weather|RainDance|[from] ability: Drizzle|[of] p2a: Pelipper\n|turn|1\n|\n|t:|1695421517\n|move|p1a: Grimmsnarl|Fake Out|p2a: Pelipper\n|-damage|p2a: Pelipper|92\/100\n|move|p2b: Kingdra|Flash Cannon|p1a: Grimmsnarl\n|-supereffective|p1a: Grimmsnarl\n|-damage|p1a: Grimmsnarl|35\/100\n|-damage|p2b: Kingdra|91\/100|[from] item: Life Orb\n|move|p1b: Mimikyu|Swords Dance|p1b: Mimikyu\n|-boost|p1b: Mimikyu|atk|2\n|cant|p2a: Pelipper|flinch\n|\n|-weather|RainDance|[upkeep]\n|upkeep\n|turn|2\n|\n|t:|1695421539\n|move|p1a: Grimmsnarl|Light Screen|p1a: Grimmsnarl\n|-sidestart|p1: COG_EmoGalaxyy|move: Light Screen\n|move|p2b: Kingdra|Flash Cannon|p1b: Mimikyu\n|-activate|p1b: Mimikyu|ability: Disguise\n|-damage|p1b: Mimikyu|100\/100\n|detailschange|p1b: Mimikyu|Mimikyu-Busted, F\n|-damage|p1b: Mimikyu|88\/100|[from] pokemon: Mimikyu-Busted\n|-damage|p2b: Kingdra|81\/100|[from] item: Life Orb\n|move|p1b: Mimikyu|Play Rough|p2b: Kingdra\n|-supereffective|p2b: Kingdra\n|-damage|p2b: Kingdra|0 fnt\n|faint|p2b: Kingdra\n|-damage|p1b: Mimikyu|78\/100|[from] item: Life Orb\n|move|p2a: Pelipper|U-turn|p1b: Mimikyu\n|-resisted|p1b: Mimikyu\n|-damage|p1b: Mimikyu|75\/100\n|\n|t:|1695421563\n|switch|p2a: Swampert|Swampert, M|100\/100|[from] U-turn\n|\n|-weather|RainDance|[upkeep]\n|upkeep\n|\n|t:|1695421572\n|switch|p2b: Urshifu|Urshifu-Rapid-Strike, M|100\/100\n|turn|3\n|\n|t:|1695421586\n|detailschange|p2a: Swampert|Swampert-Mega, M\n|-mega|p2a: Swampert|Swampert|Swampertite\n|move|p1a: Grimmsnarl|Reflect|p1a: Grimmsnarl\n|-sidestart|p1: COG_EmoGalaxyy|Reflect\n|move|p2a: Swampert|Earthquake|p1b: Mimikyu|[spread] p2b,p1a,p1b\n|-damage|p2b: Urshifu|57\/100\n|-damage|p1a: Grimmsnarl|9\/100\n|-damage|p1b: Mimikyu|26\/100\n|move|p2b: Urshifu|Surging Strikes|p1a: Grimmsnarl\n|-crit|p1a: Grimmsnarl\n|-damage|p1a: Grimmsnarl|0 fnt\n|faint|p1a: Grimmsnarl\n|-hitcount|p1: Grimmsnarl|1\n|move|p1b: Mimikyu|Play Rough|p2b: Urshifu\n|-supereffective|p2b: Urshifu\n|-damage|p2b: Urshifu|0 fnt\n|faint|p2b: Urshifu\n|-damage|p1b: Mimikyu|16\/100|[from] item: Life Orb\n|\n|-weather|RainDance|[upkeep]\n|upkeep\n|\n|t:|1695421596\n|switch|p2b: Pelipper|Pelipper, F|92\/100\n|switch|p1a: Hatterene|Hatterene, F|100\/100\n|turn|4\n|\n|t:|1695421649\n|move|p1b: Mimikyu|Shadow Sneak|p2a: Swampert\n|-damage|p2a: Swampert|61\/100\n|-damage|p1b: Mimikyu|6\/100|[from] item: Life Orb\n|move|p2a: Swampert|Earthquake|p1b: Mimikyu|[spread] p1a,p1b\n|-immune|p2b: Pelipper\n|-damage|p1a: Hatterene|70\/100\n|-damage|p1b: Mimikyu|0 fnt\n|faint|p1b: Mimikyu\n|move|p2b: Pelipper|Hurricane|p1a: Hatterene\n|-damage|p1a: Hatterene|42\/100\n|-start|p1a: Hatterene|confusion\n|-activate|p1a: Hatterene|confusion\n|-damage|p1a: Hatterene|34\/100|[from] confusion\n|\n|-weather|RainDance|[upkeep]\n|upkeep\n|\n|t:|1695421662\n|switch|p1b: Mawile|Mawile, F|100\/100\n|turn|5\n|\n|t:|1695421691\n|detailschange|p1b: Mawile|Mawile-Mega, F\n|-mega|p1b: Mawile|Mawile|Mawilite\n|move|p2a: Swampert|Earthquake|p1a: Hatterene|[spread] p1a,p1b\n|-immune|p2b: Pelipper\n|-supereffective|p1b: Mawile\n|-damage|p1a: Hatterene|2\/100\n|-damage|p1b: Mawile|46\/100\n|move|p2b: Pelipper|Hurricane|p1a: Hatterene\n|-damage|p1a: Hatterene|0 fnt\n|faint|p1a: Hatterene\n|move|p1b: Mawile|Play Rough|p2a: Swampert\n|-damage|p2a: Swampert|0 fnt\n|faint|p2a: Swampert\n|\n|-weather|RainDance|[upkeep]\n|upkeep\n|turn|6\n|\n|t:|1695421735\n|move|p1b: Mawile|Sucker Punch|p2b: Pelipper\n|-damage|p2b: Pelipper|58\/100\n|move|p2b: Pelipper|Scald|p1b: Mawile\n|-damage|p1b: Mawile|12\/100\n|\n|-weather|RainDance|[upkeep]\n|upkeep\n|turn|7\n|\n|t:|1695421742\n|move|p1b: Mawile|Sucker Punch||[still]\n|-fail|p1b: Mawile\n|move|p2b: Pelipper|Roost|p2b: Pelipper\n|-heal|p2b: Pelipper|100\/100\n|-singleturn|p2b: Pelipper|move: Roost\n|\n|-weather|RainDance|[upkeep]\n|upkeep\n|turn|8\n|\n|t:|1695421748\n|move|p1b: Mawile|Sucker Punch|p2b: Pelipper\n|-crit|p2b: Pelipper\n|-damage|p2b: Pelipper|52\/100\n|move|p2b: Pelipper|Scald|p1b: Mawile\n|-damage|p1b: Mawile|0 fnt\n|faint|p1b: Mawile\n|\n|win|Hash_13\n","uploadtime":1695421753,"views":7,"p1id":"cogemogalaxyy","p2id":"hash13","formatid":"gen9nationaldexdoubles","rating":0,"private":0,"password":""}