{"id":"gen9nationaldexdoubles-1949385008","p1":"Jsbe odud","p2":"Ishigami\u77f3\u795e\u84bc\u592aSouta","format":"[Gen 9] National Dex Doubles","log":"|j|\u2606Jsbe odud\n|j|\u2606Ishigami\u77f3\u795e\u84bc\u592aSouta\n|t:|1695353899\n|gametype|doubles\n|player|p1|Jsbe odud|youngster-gen4dp|1048\n|player|p2|Ishigami\u77f3\u795e\u84bc\u592aSouta|cogita|1185\n|teamsize|p1|6\n|teamsize|p2|6\n|gen|9\n|tier|[Gen 9] National Dex Doubles\n|rated|\n|rule|HP Percentage Mod: HP is shown in percentages\n|rule|Endless Battle Clause: Forcing endless battles is banned\n|rule|OHKO Clause: OHKO moves are banned\n|rule|Evasion Moves Clause: Evasion moves are banned\n|rule|Evasion Abilities Clause: Evasion abilities are banned\n|rule|Species Clause: Limit one of each Pok\u00e9mon\n|rule|Gravity Sleep Clause: The combination of sleep-inducing moves with imperfect accuracy and Gravity or Gigantamax Orbeetle are banned\n|clearpoke\n|poke|p1|Indeedee, M|\n|poke|p1|Deoxys-Attack|\n|poke|p1|Typhlosion, F|\n|poke|p1|Kartana|\n|poke|p1|Murkrow, F|\n|poke|p1|Shuckle, M|\n|poke|p2|Tyranitar, F|\n|poke|p2|Kangaskhan, F|\n|poke|p2|Basculegion, M|\n|poke|p2|Dragonite, M|\n|poke|p2|Dudunsparce-*, F|\n|poke|p2|Ribombee, F|\n|teampreview\n|\n|t:|1695353912\n|start\n|switch|p1a: Murkrow|Murkrow, F|100\/100\n|switch|p1b: Shuckle|Shuckle, M|100\/100\n|switch|p2a: Ribombee|Ribombee, F|100\/100\n|switch|p2b: Dudunsparce|Dudunsparce-Three-Segment, F|100\/100\n|turn|1\n|inactive|Battle timer is ON: inactive players will automatically lose when time's up. (requested by Jsbe odud)\n|\n|t:|1695353921\n|move|p1a: Murkrow|Taunt|p2a: Ribombee\n|-start|p2a: Ribombee|move: Taunt\n|cant|p2a: Ribombee|move: Taunt|Sticky Web\n|move|p2b: Dudunsparce|Rock Slide|p1b: Shuckle|[spread] p1a,p1b\n|-supereffective|p1a: Murkrow\n|-supereffective|p1b: Shuckle\n|-crit|p1b: Shuckle\n|-damage|p1a: Murkrow|50\/100\n|-damage|p1b: Shuckle|66\/100\n|cant|p1b: Shuckle|flinch\n|\n|upkeep\n|turn|2\n|\n|t:|1695353936\n|move|p1a: Murkrow|Perish Song|p1a: Murkrow\n|-start|p1a: Murkrow|perish3|[silent]\n|-start|p1b: Shuckle|perish3|[silent]\n|-start|p2a: Ribombee|perish3|[silent]\n|-start|p2b: Dudunsparce|perish3|[silent]\n|-fieldactivate|move: Perish Song\n|move|p2a: Ribombee|Dazzling Gleam|p1a: Murkrow|[spread] p1a,p1b\n|-supereffective|p1a: Murkrow\n|-damage|p1a: Murkrow|0 fnt\n|-damage|p1b: Shuckle|54\/100\n|faint|p1a: Murkrow\n|move|p2b: Dudunsparce|Rock Slide|p1b: Shuckle\n|-supereffective|p1b: Shuckle\n|-damage|p1b: Shuckle|27\/100\n|move|p1b: Shuckle|Sticky Web|p2a: Ribombee\n|-sidestart|p2: Ishigami\u77f3\u795e\u84bc\u592aSouta|move: Sticky Web\n|\n|-start|p2a: Ribombee|perish3\n|-start|p2b: Dudunsparce|perish3\n|-start|p1b: Shuckle|perish3\n|upkeep\n|\n|t:|1695353953\n|switch|p1a: Kartana|Kartana|100\/100\n|turn|3\n|\n|t:|1695353958\n|move|p1a: Kartana|Smart Strike|p2a: Ribombee\n|-supereffective|p2a: Ribombee\n|-enditem|p2a: Ribombee|Focus Sash\n|-damage|p2a: Ribombee|1\/100\n|move|p2a: Ribombee|Dazzling Gleam|p1b: Shuckle|[spread] p1a,p1b\n|-resisted|p1a: Kartana\n|-damage|p1a: Kartana|69\/100\n|-damage|p1b: Shuckle|16\/100\n|move|p2b: Dudunsparce|Glare|p1a: Kartana\n|-status|p1a: Kartana|par\n|move|p1b: Shuckle|Stealth Rock|p2a: Ribombee\n|-sidestart|p2: Ishigami\u77f3\u795e\u84bc\u592aSouta|move: Stealth Rock\n|\n|-end|p2a: Ribombee|move: Taunt\n|-start|p2a: Ribombee|perish2\n|-start|p2b: Dudunsparce|perish2\n|-start|p1b: Shuckle|perish2\n|upkeep\n|turn|4\n|inactive|Jsbe odud has 120 seconds left.\n|\n|t:|1695353989\n|switch|p1b: Indeedee|Indeedee, M|100\/100\n|-fieldstart|move: Psychic Terrain|[from] ability: Psychic Surge|[of] p1b: Indeedee\n|move|p2a: Ribombee|Sticky Web|p1b: Indeedee\n|-sidestart|p1: Jsbe odud|move: Sticky Web\n|move|p1a: Kartana|Smart Strike|p2a: Ribombee\n|-supereffective|p2a: Ribombee\n|-crit|p2a: Ribombee\n|-damage|p2a: Ribombee|0 fnt\n|faint|p2a: Ribombee\n|-ability|p1a: Kartana|Beast Boost|boost\n|-boost|p1a: Kartana|atk|1\n|move|p2b: Dudunsparce|Rock Slide|p1b: Indeedee|[spread] p1a,p1b\n|-resisted|p1a: Kartana\n|-damage|p1a: Kartana|61\/100 par\n|-damage|p1b: Indeedee|61\/100\n|\n|-start|p2b: Dudunsparce|perish1\n|upkeep\n|\n|t:|1695354010\n|switch|p2a: Dragonite|Dragonite, M|100\/100\n|-damage|p2a: Dragonite|76\/100|[from] Stealth Rock\n|turn|5\n|\n|t:|1695354025\n|-terastallize|p1b: Indeedee|Psychic\n|move|p1b: Indeedee|Expanding Force|p2b: Dudunsparce|[spread] p2a,p2b\n|-damage|p2a: Dragonite|0 fnt\n|-damage|p2b: Dudunsparce|31\/100\n|faint|p2a: Dragonite\n|move|p1a: Kartana|Smart Strike|p2b: Dudunsparce\n|-damage|p2b: Dudunsparce|0 fnt\n|faint|p2b: Dudunsparce\n|-ability|p1a: Kartana|Beast Boost|boost\n|-boost|p1a: Kartana|atk|1\n|\n|upkeep\n|\n|t:|1695354033\n|switch|p2a: Tyranitar|Tyranitar, F|100\/100\n|switch|p2b: Kangaskhan|Kangaskhan, F|100\/100\n|-activate|p2b: Kangaskhan|move: Sticky Web\n|-unboost|p2b: Kangaskhan|spe|1\n|-damage|p2b: Kangaskhan|88\/100|[from] Stealth Rock\n|-activate|p2a: Tyranitar|move: Sticky Web\n|-unboost|p2a: Tyranitar|spe|1\n|-damage|p2a: Tyranitar|88\/100|[from] Stealth Rock\n|-weather|Sandstorm|[from] ability: Sand Stream|[of] p2a: Tyranitar\n|turn|6\n|\n|t:|1695354046\n|-terastallize|p2a: Tyranitar|Dark\n|move|p2b: Kangaskhan|Fake Out|p1a: Kartana\n|-activate|p1a: Kartana|move: Psychic Terrain\n|move|p1b: Indeedee|Expanding Force|p2a: Tyranitar|[spread] p2b\n|-immune|p2a: Tyranitar\n|-damage|p2b: Kangaskhan|6\/100\n|move|p1a: Kartana|Smart Strike|p2a: Tyranitar\n|-damage|p2a: Tyranitar|2\/100\n|move|p2a: Tyranitar|Knock Off|p1b: Indeedee\n|-supereffective|p1b: Indeedee\n|-damage|p1b: Indeedee|0 fnt\n|-enditem|p1b: Indeedee|Choice Scarf|[from] move: Knock Off|[of] p2a: Tyranitar\n|faint|p1b: Indeedee\n|-damage|p2a: Tyranitar|0 fnt|[from] item: Life Orb\n|faint|p2a: Tyranitar\n|\n|-weather|Sandstorm|[upkeep]\n|-damage|p2b: Kangaskhan|0 fnt|[from] Sandstorm\n|faint|p2b: Kangaskhan\n|upkeep\n|\n|t:|1695354072\n|switch|p2b: Basculegion|Basculegion, M|100\/100\n|switch|p1b: Shuckle|Shuckle, M|16\/100\n|-activate|p2b: Basculegion|move: Sticky Web\n|-unboost|p2b: Basculegion|spe|1\n|-damage|p2b: Basculegion|88\/100|[from] Stealth Rock\n|-activate|p1b: Shuckle|move: Sticky Web\n|-unboost|p1b: Shuckle|spe|1\n|turn|7\n|\n|t:|1695354077\n|move|p2b: Basculegion|Last Respects|p1a: Kartana\n|-damage|p1a: Kartana|0 fnt\n|faint|p1a: Kartana\n|move|p1b: Shuckle|Toxic|p2b: Basculegion\n|-status|p2b: Basculegion|tox\n|\n|-weather|Sandstorm|[upkeep]\n|-damage|p2b: Basculegion|82\/100 tox|[from] Sandstorm\n|-damage|p2b: Basculegion|76\/100 tox|[from] psn\n|upkeep\n|\n|t:|1695354106\n|switch|p1a: Deoxys|Deoxys-Attack|100\/100\n|-activate|p1a: Deoxys|move: Sticky Web\n|-unboost|p1a: Deoxys|spe|1\n|-ability|p1a: Deoxys|Pressure\n|turn|8\n|\n|t:|1695354112\n|move|p1a: Deoxys|Shadow Ball|p2b: Basculegion\n|-supereffective|p2b: Basculegion\n|-damage|p2b: Basculegion|0 fnt\n|faint|p2b: Basculegion\n|\n|win|Jsbe odud\n|raw|Jsbe odud's rating: 1048 &rarr; <strong>1093<\/strong><br \/>(+45 for winning)\n|raw|Ishigami\u77f3\u795e\u84bc\u592aSouta's rating: 1185 &rarr; <strong>1151<\/strong><br \/>(-34 for losing)\n|l|\u2606Ishigami\u77f3\u795e\u84bc\u592aSouta\n|l|\u2606Jsbe odud\n|j|\u2606Jsbe odud\n|player|p1|Jsbe odud|youngster-gen4dp\n","uploadtime":1695354125,"views":8,"p1id":"jsbeodud","p2id":"ishigamisouta","formatid":"gen9nationaldexdoubles","rating":1093,"private":0,"password":""}