{"id":"gen9nationaldexdoubles-1954563726","p1":"Jen eidh","p2":"Paldea Athens 420","format":"[Gen 9] National Dex Doubles","log":"|j|\u2606Jen eidh\n|j|\u2606Paldea Athens 420\n|t:|1695909017\n|gametype|doubles\n|player|p1|Jen eidh|lucas|1089\n|player|p2|Paldea Athens 420|lusamine-nihilego|1309\n|teamsize|p1|6\n|teamsize|p2|6\n|gen|9\n|tier|[Gen 9] National Dex Doubles\n|rated|\n|rule|HP Percentage Mod: HP is shown in percentages\n|rule|Endless Battle Clause: Forcing endless battles is banned\n|rule|OHKO Clause: OHKO moves are banned\n|rule|Evasion Moves Clause: Evasion moves are banned\n|rule|Evasion Abilities Clause: Evasion abilities are banned\n|rule|Species Clause: Limit one of each Pok\u00e9mon\n|rule|Gravity Sleep Clause: The combination of sleep-inducing moves with imperfect accuracy and Gravity or Gigantamax Orbeetle are banned\n|clearpoke\n|poke|p1|Blastoise, F|\n|poke|p1|Clefable, M|\n|poke|p1|Indeedee-F, F|\n|poke|p1|Mr. Mime, M|\n|poke|p1|Glastrier|\n|poke|p1|Oranguru, F|\n|poke|p2|Iron Hands|\n|poke|p2|Sableye, F|\n|poke|p2|Mawile, M|\n|poke|p2|Clodsire, F|\n|poke|p2|Tapu Lele|\n|poke|p2|Flutter Mane|\n|teampreview\n|\n|t:|1695909034\n|start\n|switch|p1a: Glastrier|Glastrier|100\/100\n|switch|p1b: Indeedee|Indeedee-F, F|100\/100\n|switch|p2a: Sableye|Sableye, F|100\/100\n|switch|p2b: Clodsire|Clodsire, F|100\/100\n|-fieldstart|move: Psychic Terrain|[from] ability: Psychic Surge|[of] p1b: Indeedee\n|turn|1\n|\n|t:|1695909047\n|-terastallize|p1a: Glastrier|Ice\n|-terastallize|p2b: Clodsire|Water\n|move|p1b: Indeedee|Follow Me|p1b: Indeedee\n|-singleturn|p1b: Indeedee|move: Follow Me\n|move|p2a: Sableye|Skill Swap|p1b: Indeedee\n|-activate|p1b: Indeedee|move: Psychic Terrain\n|move|p1a: Glastrier|Icicle Spear|p2b: Clodsire\n|-resisted|p2b: Clodsire\n|-damage|p2b: Clodsire|93\/100\n|-resisted|p2b: Clodsire\n|-damage|p2b: Clodsire|86\/100\n|-resisted|p2b: Clodsire\n|-damage|p2b: Clodsire|78\/100\n|-resisted|p2b: Clodsire\n|-damage|p2b: Clodsire|71\/100\n|-hitcount|p2b: Clodsire|4\n|move|p2b: Clodsire|Stockpile|p2b: Clodsire\n|-start|p2b: Clodsire|stockpile1\n|-boost|p2b: Clodsire|def|1\n|-boost|p2b: Clodsire|spd|1\n|\n|-heal|p2b: Clodsire|77\/100|[from] item: Leftovers\n|upkeep\n|turn|2\n|\n|t:|1695909073\n|move|p1b: Indeedee|Follow Me|p1b: Indeedee\n|-singleturn|p1b: Indeedee|move: Follow Me\n|move|p2a: Sableye|Skill Swap|p1b: Indeedee\n|-activate|p1b: Indeedee|move: Psychic Terrain\n|move|p1a: Glastrier|Icicle Spear|p2a: Sableye\n|-crit|p2a: Sableye\n|-damage|p2a: Sableye|52\/100\n|-damage|p2a: Sableye|24\/100\n|-damage|p2a: Sableye|0 fnt\n|faint|p2a: Sableye\n|-ability|p1a: Glastrier|Chilling Neigh|boost\n|-boost|p1a: Glastrier|atk|1\n|-hitcount|p2: Sableye|3\n|move|p2b: Clodsire|Stockpile|p2b: Clodsire\n|-start|p2b: Clodsire|stockpile2\n|-boost|p2b: Clodsire|def|1\n|-boost|p2b: Clodsire|spd|1\n|\n|-heal|p2b: Clodsire|83\/100|[from] item: Leftovers\n|upkeep\n|inactive|Battle timer is ON: inactive players will automatically lose when time's up. (requested by Jen eidh)\n|\n|t:|1695909098\n|switch|p2a: \u30af\u30c1\u30fc\u30c8|Mawile, M, shiny|100\/100\n|-ability|p2a: \u30af\u30c1\u30fc\u30c8|Intimidate|boost\n|-unboost|p1a: Glastrier|atk|1\n|-unboost|p1b: Indeedee|atk|1\n|turn|3\n|\n|t:|1695909105\n|detailschange|p2a: \u30af\u30c1\u30fc\u30c8|Mawile-Mega, M, shiny\n|-mega|p2a: \u30af\u30c1\u30fc\u30c8|Mawile|Mawilite\n|move|p1a: Glastrier|Protect|p1a: Glastrier\n|-singleturn|p1a: Glastrier|Protect\n|move|p2a: \u30af\u30c1\u30fc\u30c8|Iron Head|p1a: Glastrier\n|-activate|p1a: Glastrier|move: Protect\n|move|p2b: Clodsire|Stockpile|p2b: Clodsire\n|-start|p2b: Clodsire|stockpile3\n|-boost|p2b: Clodsire|def|1\n|-boost|p2b: Clodsire|spd|1\n|move|p1b: Indeedee|Trick Room|p1b: Indeedee\n|-fieldstart|move: Trick Room|[of] p1b: Indeedee\n|\n|-heal|p2b: Clodsire|89\/100|[from] item: Leftovers\n|upkeep\n|turn|4\n|\n|t:|1695909118\n|move|p1b: Indeedee|Follow Me|p1b: Indeedee\n|-singleturn|p1b: Indeedee|move: Follow Me\n|move|p2b: Clodsire|After You||[still]\n|-fail|p2b: Clodsire\n|move|p1a: Glastrier|Stomping Tantrum|p2a: \u30af\u30c1\u30fc\u30c8\n|-supereffective|p2a: \u30af\u30c1\u30fc\u30c8\n|-damage|p2a: \u30af\u30c1\u30fc\u30c8|38\/100\n|move|p2a: \u30af\u30c1\u30fc\u30c8|Iron Head|p1b: Indeedee\n|-damage|p1b: Indeedee|25\/100\n|\n|-heal|p2b: Clodsire|96\/100|[from] item: Leftovers\n|upkeep\n|turn|5\n|\n|t:|1695909133\n|move|p1b: Indeedee|Follow Me|p1b: Indeedee\n|-singleturn|p1b: Indeedee|move: Follow Me\n|move|p2b: Clodsire|Stockpile||[still]\n|-fail|p2b: Clodsire\n|move|p1a: Glastrier|Stomping Tantrum|p2a: \u30af\u30c1\u30fc\u30c8\n|-supereffective|p2a: \u30af\u30c1\u30fc\u30c8\n|-damage|p2a: \u30af\u30c1\u30fc\u30c8|0 fnt\n|faint|p2a: \u30af\u30c1\u30fc\u30c8\n|-ability|p1a: Glastrier|Chilling Neigh|boost\n|-boost|p1a: Glastrier|atk|1\n|\n|-heal|p2b: Clodsire|100\/100|[from] item: Leftovers\n|-fieldend|move: Psychic Terrain\n|upkeep\n|\n|t:|1695909152\n|switch|p2a: Iron Hands|Iron Hands|100\/100\n|-enditem|p2a: Iron Hands|Booster Energy\n|-activate|p2a: Iron Hands|ability: Quark Drive|[fromitem]\n|-start|p2a: Iron Hands|quarkdriveatk\n|turn|6\n|\n|t:|1695909171\n|move|p2a: Iron Hands|Fake Out|p1a: Glastrier\n|-damage|p1a: Glastrier|85\/100\n|move|p1b: Indeedee|Follow Me|p1b: Indeedee\n|-singleturn|p1b: Indeedee|move: Follow Me\n|move|p2b: Clodsire|Toxic|p1b: Indeedee\n|-status|p1b: Indeedee|tox\n|cant|p1a: Glastrier|flinch\n|\n|-damage|p1b: Indeedee|19\/100 tox|[from] psn\n|upkeep\n|turn|7\n|\n|t:|1695909186\n|-end|p2a: Iron Hands|Quark Drive|[silent]\n|switch|p2a: Tapu Lele|Tapu Lele, shiny|100\/100\n|-fieldstart|move: Psychic Terrain|[from] ability: Psychic Surge|[of] p2a: Tapu Lele\n|move|p1b: Indeedee|Follow Me|p1b: Indeedee\n|-singleturn|p1b: Indeedee|move: Follow Me\n|move|p2b: Clodsire|Recover||[still]\n|-fail|p2b: Clodsire|heal\n|move|p1a: Glastrier|Icicle Spear|p2a: Tapu Lele\n|-damage|p2a: Tapu Lele|51\/100\n|-damage|p2a: Tapu Lele|0 fnt\n|faint|p2a: Tapu Lele\n|-ability|p1a: Glastrier|Chilling Neigh|boost\n|-boost|p1a: Glastrier|atk|1\n|-hitcount|p2: Tapu Lele|2\n|\n|-damage|p1b: Indeedee|7\/100 tox|[from] psn\n|-fieldend|move: Trick Room\n|upkeep\n|\n|t:|1695909206\n|switch|p2a: Flutter Mane|Flutter Mane|100\/100\n|-enditem|p2a: Flutter Mane|Booster Energy\n|-activate|p2a: Flutter Mane|ability: Protosynthesis|[fromitem]\n|-start|p2a: Flutter Mane|protosynthesisspa\n|turn|8\n|\n|t:|1695909211\n|move|p1a: Glastrier|Protect|p1a: Glastrier\n|-singleturn|p1a: Glastrier|Protect\n|move|p2a: Flutter Mane|Dazzling Gleam|p1a: Glastrier|[spread] p1b\n|-activate|p1a: Glastrier|move: Protect\n|-damage|p1b: Indeedee|0 fnt\n|faint|p1b: Indeedee\n|move|p2b: Clodsire|Recover||[still]\n|-fail|p2b: Clodsire|heal\n|\n|upkeep\n|\n|t:|1695909227\n|switch|p1b: Mr. Mime|Mr. Mime, M|100\/100\n|turn|9\n|inactive|Paldea Athens 420 has 120 seconds left.\n|\n|t:|1695909262\n|move|p1b: Mr. Mime|Wide Guard|p1b: Mr. Mime\n|-singleturn|p1b: Mr. Mime|Wide Guard\n|move|p2a: Flutter Mane|Moonblast|p1a: Glastrier\n|-damage|p1a: Glastrier|31\/100\n|-unboost|p1a: Glastrier|spa|1\n|move|p1a: Glastrier|Icicle Spear|p2a: Flutter Mane\n|-damage|p2a: Flutter Mane|12\/100\n|-damage|p2a: Flutter Mane|0 fnt\n|faint|p2a: Flutter Mane\n|-end|p2a: Flutter Mane|Protosynthesis|[silent]\n|-ability|p1a: Glastrier|Chilling Neigh|boost\n|-boost|p1a: Glastrier|atk|1\n|-hitcount|p2: Flutter Mane|2\n|move|p2b: Clodsire|Toxic|p1b: Mr. Mime\n|-status|p1b: Mr. Mime|tox\n|\n|-damage|p1b: Mr. Mime|95\/100 tox|[from] psn\n|upkeep\n|inactive|Paldea Athens 420 has 120 seconds left.\n|\n|t:|1695909268\n|switch|p2a: Iron Hands|Iron Hands|100\/100\n|turn|10\n|\n|t:|1695909285\n|move|p1b: Mr. Mime|Follow Me|p1b: Mr. Mime\n|-singleturn|p1b: Mr. Mime|move: Follow Me\n|move|p2a: Iron Hands|Wild Charge|p1b: Mr. Mime\n|-damage|p1b: Mr. Mime|28\/100 tox\n|-damage|p2a: Iron Hands|91\/100|[from] Recoil\n|move|p1a: Glastrier|Icicle Spear|p2a: Iron Hands\n|-damage|p2a: Iron Hands|61\/100\n|-damage|p2a: Iron Hands|31\/100\n|-damage|p2a: Iron Hands|1\/100\n|-damage|p2a: Iron Hands|0 fnt\n|faint|p2a: Iron Hands\n|-end|p2a: Iron Hands|Quark Drive|[silent]\n|-ability|p1a: Glastrier|Chilling Neigh|boost\n|-boost|p1a: Glastrier|atk|1\n|-hitcount|p2: Iron Hands|4\n|move|p2b: Clodsire|Recover||[still]\n|-fail|p2b: Clodsire|heal\n|\n|-damage|p1b: Mr. Mime|16\/100 tox|[from] psn\n|upkeep\n|turn|11\n|l|\u2606Paldea Athens 420\n|inactive|Paldea Athens 420 disconnected and has a minute to reconnect!\n|player|p2|\n|j| PunkRockObstagoon\n|l| PunkRockObstagoon\n|inactive|Paldea Athens 420 has 30 seconds to reconnect!\n|inactive|Jen eidh has 120 seconds left.\n|inactive|Paldea Athens 420 has 20 seconds to reconnect!\n|inactive|Paldea Athens 420 has 15 seconds to reconnect!\n|inactive|Paldea Athens 420 has 10 seconds to reconnect!\n|inactive|Paldea Athens 420 has 5 seconds to reconnect!\n|-message|Paldea Athens 420 lost due to inactivity.\n|\n|win|Jen eidh\n|raw|Jen eidh's rating: 1089 &rarr; <strong>1131<\/strong><br \/>(+42 for winning)\n|raw|Paldea Athens 420's rating: 1309 &rarr; <strong>1278<\/strong><br \/>(-31 for losing)\n","uploadtime":1695909375,"views":13,"p1id":"jeneidh","p2id":"paldeaathens420","formatid":"gen9nationaldexdoubles","rating":1131,"private":0,"password":""}