{"id":"gen9nationaldexdoubles-1985437382","p1":"SubwayBossAstro","p2":"Whiske_what","format":"[Gen 9] National Dex Doubles","log":"|j|\u2606SubwayBossAstro\n|j|\u2606Whiske_what\n|t:|1699374640\n|gametype|doubles\n|player|p1|SubwayBossAstro|ingo-masters|\n|player|p2|Whiske_what|cynthia|\n|teamsize|p1|5\n|teamsize|p2|5\n|gen|9\n|tier|[Gen 9] National Dex Doubles\n|rule|HP Percentage Mod: HP is shown in percentages\n|rule|Endless Battle Clause: Forcing endless battles is banned\n|rule|OHKO Clause: OHKO moves are banned\n|rule|Evasion Moves Clause: Evasion moves are banned\n|rule|Evasion Abilities Clause: Evasion abilities are banned\n|rule|Species Clause: Limit one of each Pok\u00e9mon\n|rule|Gravity Sleep Clause: The combination of sleep-inducing moves with imperfect accuracy and Gravity or Gigantamax Orbeetle are banned\n|clearpoke\n|poke|p1|Rotom-Heat|\n|poke|p1|Gholdengo|\n|poke|p1|Ceruledge, M|\n|poke|p1|Garganacl, M|\n|poke|p1|Regigigas|\n|poke|p2|Magikarp, M|\n|poke|p2|Iron Hands|\n|poke|p2|Greedent, F|\n|poke|p2|Slowpoke, M|\n|poke|p2|Diglett, F|\n|teampreview\n|\n|t:|1699374659\n|start\n|switch|p1a: Atlas|Regigigas, shiny|100\/100\n|switch|p1b: garg on these nuts|Garganacl, M|100\/100\n|switch|p2a: Diglett|Diglett, F|100\/100\n|switch|p2b: Greedent|Greedent, F|100\/100\n|-start|p1a: Atlas|ability: Slow Start\n|turn|1\n|\n|t:|1699374680\n|move|p2a: Diglett|Rock Blast|p1a: Atlas|[miss]\n|-miss|p2a: Diglett|p1a: Atlas\n|move|p1b: garg on these nuts|Iron Defense|p1b: garg on these nuts\n|-boost|p1b: garg on these nuts|def|2\n|move|p1a: Atlas|Substitute|p1a: Atlas\n|-start|p1a: Atlas|Substitute\n|-damage|p1a: Atlas|76\/100\n|move|p2b: Greedent|Counter||[still]\n|-fail|p2b: Greedent\n|\n|-heal|p1a: Atlas|82\/100|[from] item: Leftovers\n|upkeep\n|turn|2\n|\n|t:|1699374700\n|move|p2a: Diglett|Rock Blast|p1b: garg on these nuts\n|-damage|p1b: garg on these nuts|99\/100\n|-damage|p1b: garg on these nuts|97\/100\n|-damage|p1b: garg on these nuts|96\/100\n|-hitcount|p1b: garg on these nuts|3\n|move|p1b: garg on these nuts|Iron Defense|p1b: garg on these nuts\n|-boost|p1b: garg on these nuts|def|2\n|move|p1a: Atlas|Toxic|p2b: Greedent|[miss]\n|-miss|p1a: Atlas|p2b: Greedent\n|move|p2b: Greedent|Psychic Fangs|p1a: Atlas\n|-activate|p1a: Atlas|move: Substitute|[damage]\n|\n|-heal|p1a: Atlas|88\/100|[from] item: Leftovers\n|upkeep\n|turn|3\n|\n|t:|1699374725\n|-terastallize|p2a: Diglett|Ground\n|move|p2a: Diglett|Rock Blast|p1b: garg on these nuts\n|-damage|p1b: garg on these nuts|95\/100\n|-damage|p1b: garg on these nuts|94\/100\n|-damage|p1b: garg on these nuts|92\/100\n|-hitcount|p1b: garg on these nuts|3\n|move|p1b: garg on these nuts|Salt Cure|p2a: Diglett\n|-resisted|p2a: Diglett\n|-damage|p2a: Diglett|70\/100\n|-start|p2a: Diglett|Salt Cure\n|move|p1a: Atlas|Toxic|p2b: Greedent\n|-status|p2b: Greedent|tox\n|move|p2b: Greedent|Substitute|p2b: Greedent\n|-start|p2b: Greedent|Substitute\n|-damage|p2b: Greedent|76\/100 tox\n|\n|-heal|p1a: Atlas|94\/100|[from] item: Leftovers\n|-damage|p2b: Greedent|70\/100 tox|[from] psn\n|-damage|p2a: Diglett|58\/100|[from] Salt Cure\n|upkeep\n|turn|4\n|\n|t:|1699374748\n|switch|p2a: Magikarp|Magikarp, M|100\/100\n|move|p1b: garg on these nuts|Iron Defense|p1b: garg on these nuts\n|-boost|p1b: garg on these nuts|def|2\n|move|p1a: Atlas|Focus Blast|p2b: Greedent\n|-supereffective|p2b: Greedent\n|-end|p2b: Greedent|Substitute\n|move|p2b: Greedent|Substitute|p2b: Greedent\n|-start|p2b: Greedent|Substitute\n|-damage|p2b: Greedent|45\/100 tox\n|\n|-heal|p1a: Atlas|99\/100|[from] item: Leftovers\n|-damage|p2b: Greedent|33\/100 tox|[from] psn\n|upkeep\n|turn|5\n|\n|t:|1699374770\n|move|p2a: Magikarp|Flail|p1b: garg on these nuts\n|-resisted|p1b: garg on these nuts\n|-damage|p1b: garg on these nuts|92\/100\n|-damage|p2a: Magikarp|84\/100|[from] item: Rocky Helmet|[of] p1b: garg on these nuts\n|move|p1b: garg on these nuts|Body Press|p2a: Magikarp\n|-damage|p2a: Magikarp|0 fnt\n|faint|p2a: Magikarp\n|move|p1a: Atlas|Focus Blast|p2b: Greedent\n|-supereffective|p2b: Greedent\n|-end|p2b: Greedent|Substitute\n|move|p2b: Greedent|Counter||[still]\n|-fail|p2b: Greedent\n|\n|-heal|p1a: Atlas|100\/100|[from] item: Leftovers\n|-damage|p2b: Greedent|14\/100 tox|[from] psn\n|-end|p1a: Atlas|Slow Start\n|upkeep\n|\n|t:|1699374787\n|switch|p2a: Slowpoke|Slowpoke, M|100\/100\n|turn|6\n|\n|t:|1699374806\n|move|p1a: Atlas|Focus Blast|p2b: Greedent|[miss]\n|-miss|p1a: Atlas|p2b: Greedent\n|move|p1b: garg on these nuts|Body Press|p2a: Slowpoke\n|-resisted|p2a: Slowpoke\n|-damage|p2a: Slowpoke|50\/100\n|move|p2a: Slowpoke|Liquidation|p1b: garg on these nuts\n|-supereffective|p1b: garg on these nuts\n|-damage|p1b: garg on these nuts|83\/100\n|-damage|p2a: Slowpoke|34\/100|[from] item: Rocky Helmet|[of] p1b: garg on these nuts\n|move|p2b: Greedent|Hyper Voice|p1b: garg on these nuts|[spread] p1a,p1b\n|-resisted|p1b: garg on these nuts\n|-damage|p1a: Atlas|93\/100\n|-damage|p1b: garg on these nuts|76\/100\n|\n|-heal|p1a: Atlas|99\/100|[from] item: Leftovers\n|-damage|p2b: Greedent|0 fnt|[from] psn\n|faint|p2b: Greedent\n|upkeep\n|\n|t:|1699374822\n|switch|p2b: Iron Hands|Iron Hands|100\/100\n|turn|7\n|\n|t:|1699374847\n|move|p1a: Atlas|Focus Blast|p2b: Iron Hands|[miss]\n|-miss|p1a: Atlas|p2b: Iron Hands\n|move|p1b: garg on these nuts|Salt Cure|p2b: Iron Hands\n|-resisted|p2b: Iron Hands\n|-damage|p2b: Iron Hands|97\/100\n|-start|p2b: Iron Hands|Salt Cure\n|move|p2b: Iron Hands|Close Combat|p1b: garg on these nuts\n|-supereffective|p1b: garg on these nuts\n|-damage|p1b: garg on these nuts|59\/100\n|-unboost|p2b: Iron Hands|def|1\n|-unboost|p2b: Iron Hands|spd|1\n|-damage|p2b: Iron Hands|80\/100|[from] item: Rocky Helmet|[of] p1b: garg on these nuts\n|move|p2a: Slowpoke|Body Slam|p1b: garg on these nuts\n|-resisted|p1b: garg on these nuts\n|-damage|p1b: garg on these nuts|57\/100\n|-damage|p2a: Slowpoke|17\/100|[from] item: Rocky Helmet|[of] p1b: garg on these nuts\n|\n|-heal|p1a: Atlas|100\/100|[from] item: Leftovers\n|-damage|p2b: Iron Hands|67\/100|[from] Salt Cure\n|upkeep\n|turn|8\n|\n|t:|1699374888\n|move|p2b: Iron Hands|Protect|p2b: Iron Hands\n|-singleturn|p2b: Iron Hands|Protect\n|move|p1a: Atlas|Focus Blast|p2a: Slowpoke|[miss]\n|-miss|p1a: Atlas|p2a: Slowpoke\n|move|p1b: garg on these nuts|Body Press|p2b: Iron Hands\n|-activate|p2b: Iron Hands|move: Protect\n|move|p2a: Slowpoke|Liquidation|p1a: Atlas\n|-end|p1a: Atlas|Substitute\n|\n|-damage|p2b: Iron Hands|55\/100|[from] Salt Cure\n|upkeep\n|turn|9\n|\n|t:|1699374924\n|move|p1a: Atlas|Substitute|p1a: Atlas\n|-start|p1a: Atlas|Substitute\n|-damage|p1a: Atlas|76\/100\n|move|p2b: Iron Hands|Fire Punch|p1a: Atlas\n|-activate|p1a: Atlas|move: Substitute|[damage]\n|move|p1b: garg on these nuts|Salt Cure|p2b: Iron Hands\n|-resisted|p2b: Iron Hands\n|-damage|p2b: Iron Hands|50\/100\n|move|p2a: Slowpoke|Liquidation|p1a: Atlas\n|-end|p1a: Atlas|Substitute\n|\n|-heal|p1a: Atlas|82\/100|[from] item: Leftovers\n|-damage|p2b: Iron Hands|37\/100|[from] Salt Cure\n|upkeep\n|turn|10\n|\n|t:|1699374945\n|move|p2b: Iron Hands|Protect|p2b: Iron Hands\n|-singleturn|p2b: Iron Hands|Protect\n|move|p1a: Atlas|Toxic|p2a: Slowpoke\n|-status|p2a: Slowpoke|tox\n|move|p1b: garg on these nuts|Recover|p1b: garg on these nuts\n|-heal|p1b: garg on these nuts|100\/100\n|move|p2a: Slowpoke|Body Slam|p1b: garg on these nuts\n|-resisted|p1b: garg on these nuts\n|-damage|p1b: garg on these nuts|99\/100\n|-damage|p2a: Slowpoke|0 fnt|[from] item: Rocky Helmet|[of] p1b: garg on these nuts\n|faint|p2a: Slowpoke\n|\n|-heal|p1a: Atlas|88\/100|[from] item: Leftovers\n|-damage|p2b: Iron Hands|25\/100|[from] Salt Cure\n|upkeep\n|\n|t:|1699374960\n|switch|p2a: Diglett|Diglett, F, tera:Ground|58\/100\n|turn|11\n|\n|t:|1699374980\n|move|p2a: Diglett|Memento|p1b: garg on these nuts\n|-unboost|p1b: garg on these nuts|atk|2\n|-unboost|p1b: garg on these nuts|spa|2\n|faint|p2a: Diglett\n|move|p1a: Atlas|Toxic|p2b: Iron Hands\n|-status|p2b: Iron Hands|tox\n|move|p2b: Iron Hands|Iron Head|p1b: garg on these nuts\n|-supereffective|p1b: garg on these nuts\n|-damage|p1b: garg on these nuts|89\/100\n|-damage|p2b: Iron Hands|8\/100 tox|[from] item: Rocky Helmet|[of] p1b: garg on these nuts\n|move|p1b: garg on these nuts|Body Press|p2b: Iron Hands\n|-damage|p2b: Iron Hands|0 fnt\n|faint|p2b: Iron Hands\n|-end|p2b: Iron Hands|Quark Drive|[silent]\n|\n|win|SubwayBossAstro\n|j| ggyih\n","uploadtime":1699374998,"views":5,"p1id":"subwaybossastro","p2id":"whiskewhat","formatid":"gen9nationaldexdoubles","rating":0,"private":0,"password":""}