{"id":"gen9nationaldexdoubles-1953627407","p1":"sussyspongereal","p2":"El Ryuk456","format":"[Gen 9] National Dex Doubles","log":"|j|\u2606sussyspongereal\n|j|\u2606El Ryuk456\n|t:|1695814289\n|gametype|doubles\n|player|p1|sussyspongereal|265|1092\n|player|p2|El Ryuk456|blaine|1336\n|teamsize|p1|6\n|teamsize|p2|6\n|gen|9\n|tier|[Gen 9] National Dex Doubles\n|rated|\n|rule|HP Percentage Mod: HP is shown in percentages\n|rule|Endless Battle Clause: Forcing endless battles is banned\n|rule|OHKO Clause: OHKO moves are banned\n|rule|Evasion Moves Clause: Evasion moves are banned\n|rule|Evasion Abilities Clause: Evasion abilities are banned\n|rule|Species Clause: Limit one of each Pok\u00e9mon\n|rule|Gravity Sleep Clause: The combination of sleep-inducing moves with imperfect accuracy and Gravity or Gigantamax Orbeetle are banned\n|clearpoke\n|poke|p1|Torkoal, M|\n|poke|p1|Venusaur, M|\n|poke|p1|Moltres|\n|poke|p1|Chi-Yu|\n|poke|p1|Landorus-Therian, M|\n|poke|p1|Fezandipiti, M|\n|poke|p2|Gengar, M|\n|poke|p2|Gothitelle, F|\n|poke|p2|Cyclizar, M|\n|poke|p2|Gholdengo|\n|poke|p2|Amoonguss, M|\n|poke|p2|Azumarill, F|\n|teampreview\n|\n|t:|1695814308\n|start\n|switch|p1a: Torkoal|Torkoal, M|100\/100\n|switch|p1b: Venusaur|Venusaur, M|100\/100\n|switch|p2a: Jack|Gengar, M, shiny|100\/100\n|switch|p2b: Cyclizar|Cyclizar, M|100\/100\n|-weather|SunnyDay|[from] ability: Drought|[of] p1a: Torkoal\n|turn|1\n|inactive|Battle timer is ON: inactive players will automatically lose when time's up. (requested by El Ryuk456)\n|\n|t:|1695814328\n|move|p1b: Venusaur|Sleep Powder|p2a: Jack\n|-status|p2a: Jack|slp|[from] move: Sleep Powder\n|cant|p2a: Jack|slp\n|move|p2b: Cyclizar|Shed Tail|p2b: Cyclizar\n|-start|p2b: Cyclizar|Substitute|[from] move: Shed Tail\n|-damage|p2b: Cyclizar|50\/100\n|\n|t:|1695814337\n|switch|p2b: Azumarill|Azumarill, F, shiny|100\/100|[from] Shed Tail\n|move|p1a: Torkoal|Heat Wave|p2b: Azumarill|[spread] p2a,p2b\n|-resisted|p2b: Azumarill\n|-activate|p2b: Azumarill|move: Substitute|[damage]\n|-damage|p2a: Jack|50\/100 slp\n|\n|-weather|SunnyDay|[upkeep]\n|upkeep\n|turn|2\n|\n|t:|1695814348\n|move|p1b: Venusaur|Solar Beam||[still]\n|-prepare|p1b: Venusaur|Solar Beam\n|-anim|p1b: Venusaur|Solar Beam|p2a: Jack\n|-resisted|p2a: Jack\n|-damage|p2a: Jack|0 fnt\n|faint|p2a: Jack\n|-damage|p1b: Venusaur|91\/100|[from] item: Life Orb\n|move|p2b: Azumarill|Perish Song|p2b: Azumarill\n|-start|p1a: Torkoal|perish3|[silent]\n|-start|p1b: Venusaur|perish3|[silent]\n|-start|p2b: Azumarill|perish3|[silent]\n|-fieldactivate|move: Perish Song\n|move|p1a: Torkoal|Heat Wave|p2b: Azumarill\n|-resisted|p2b: Azumarill\n|-end|p2b: Azumarill|Substitute\n|\n|-weather|SunnyDay|[upkeep]\n|-start|p1b: Venusaur|perish3\n|-start|p2b: Azumarill|perish3\n|-start|p1a: Torkoal|perish3\n|upkeep\n|\n|t:|1695814361\n|switch|p2a: Harley|Gothitelle, F, shiny|100\/100\n|turn|3\n|\n|t:|1695814382\n|move|p2a: Harley|Fake Out|p1a: Torkoal\n|-damage|p1a: Torkoal|96\/100\n|move|p1b: Venusaur|Solar Beam||[still]\n|-prepare|p1b: Venusaur|Solar Beam\n|-anim|p1b: Venusaur|Solar Beam|p2b: Azumarill\n|-ability|p2b: Azumarill|Sap Sipper|boost\n|-boost|p2b: Azumarill|atk|1\n|move|p2b: Azumarill|Play Rough|p1a: Torkoal\n|-resisted|p1a: Torkoal\n|-damage|p1a: Torkoal|86\/100\n|cant|p1a: Torkoal|flinch\n|\n|-weather|SunnyDay|[upkeep]\n|-heal|p1a: Torkoal|92\/100|[from] item: Leftovers\n|-start|p1b: Venusaur|perish2\n|-start|p2b: Azumarill|perish2\n|-start|p1a: Torkoal|perish2\n|upkeep\n|turn|4\n|\n|t:|1695814400\n|-terastallize|p1b: Venusaur|Fire\n|move|p2a: Harley|Protect|p2a: Harley\n|-singleturn|p2a: Harley|Protect\n|move|p2b: Azumarill|Protect|p2b: Azumarill\n|-singleturn|p2b: Azumarill|Protect\n|move|p1b: Venusaur|Weather Ball|p2a: Harley\n|-activate|p2a: Harley|move: Protect\n|move|p1a: Torkoal|Heat Wave|p2a: Harley|[spread] \n|-activate|p2a: Harley|move: Protect\n|-activate|p2b: Azumarill|move: Protect\n|\n|-weather|SunnyDay|[upkeep]\n|-heal|p1a: Torkoal|98\/100|[from] item: Leftovers\n|-start|p1b: Venusaur|perish1\n|-start|p2b: Azumarill|perish1\n|-start|p1a: Torkoal|perish1\n|upkeep\n|turn|5\n|\n|t:|1695814428\n|switch|p2a: Cyclizar|Cyclizar, M|84\/100\n|switch|p2b: Amoonguss|Amoonguss, M, shiny|100\/100\n|move|p1b: Venusaur|Weather Ball|p2a: Cyclizar\n|-resisted|p2a: Cyclizar\n|-crit|p2a: Cyclizar\n|-damage|p2a: Cyclizar|0 fnt\n|faint|p2a: Cyclizar\n|-damage|p1b: Venusaur|81\/100|[from] item: Life Orb\n|move|p1a: Torkoal|Heat Wave|p2b: Amoonguss|[miss]\n|-miss|p1a: Torkoal|p2b: Amoonguss\n|\n|-weather|none\n|-heal|p1a: Torkoal|100\/100|[from] item: Leftovers\n|-start|p1b: Venusaur|perish0\n|-start|p1a: Torkoal|perish0\n|upkeep\n|faint|p1b: Venusaur\n|faint|p1a: Torkoal\n|\n|t:|1695814451\n|switch|p2a: Azumarill|Azumarill, F, shiny|100\/100\n|switch|p1b: Moltres|Moltres|100\/100\n|switch|p1a: Fezandipiti|Fezandipiti, M|100\/100\n|turn|6\n|\n|t:|1695814469\n|move|p2b: Amoonguss|Rage Powder|p2b: Amoonguss\n|-singleturn|p2b: Amoonguss|move: Rage Powder\n|move|p1a: Fezandipiti|Dazzling Gleam|p2a: Azumarill|[spread] p2a,p2b\n|-resisted|p2b: Amoonguss\n|-damage|p2a: Azumarill|88\/100\n|-damage|p2b: Amoonguss|94\/100\n|-enditem|p2b: Amoonguss|Eject Button\n|\n|t:|1695814476\n|switch|p2b: Harley|Gothitelle, F, shiny|100\/100\n|move|p1b: Moltres|Tailwind|p1b: Moltres\n|-sidestart|p1: sussyspongereal|move: Tailwind\n|move|p2a: Azumarill|Perish Song|p2a: Azumarill\n|-start|p1a: Fezandipiti|perish3|[silent]\n|-start|p1b: Moltres|perish3|[silent]\n|-start|p2a: Azumarill|perish3|[silent]\n|-start|p2b: Harley|perish3|[silent]\n|-fieldactivate|move: Perish Song\n|\n|-start|p1a: Fezandipiti|perish3\n|-start|p1b: Moltres|perish3\n|-start|p2b: Harley|perish3\n|-start|p2a: Azumarill|perish3\n|upkeep\n|turn|7\n|\n|t:|1695814495\n|move|p2a: Azumarill|Protect|p2a: Azumarill\n|-singleturn|p2a: Azumarill|Protect\n|move|p1a: Fezandipiti|Dazzling Gleam|p2b: Harley|[spread] p2b\n|-activate|p2a: Azumarill|move: Protect\n|-damage|p2b: Harley|85\/100\n|-status|p2b: Harley|tox|[from] ability: Toxic Chain|[of] p1a: Fezandipiti\n|move|p1b: Moltres|Fire Blast|p2b: Harley\n|-damage|p2b: Harley|44\/100 tox\n|-enditem|p2b: Harley|Sitrus Berry|[eat]\n|-heal|p2b: Harley|69\/100 tox|[from] item: Sitrus Berry\n|move|p2b: Harley|Trick Room|p2b: Harley\n|-fieldstart|move: Trick Room|[of] p2b: Harley\n|\n|-damage|p2b: Harley|63\/100 tox|[from] psn\n|-start|p2a: Azumarill|perish2\n|-start|p2b: Harley|perish2\n|-start|p1b: Moltres|perish2\n|-start|p1a: Fezandipiti|perish2\n|upkeep\n|turn|8\n|\n|t:|1695814520\n|switch|p2a: Amoonguss|Amoonguss, M, shiny|100\/100\n|move|p2b: Harley|Protect|p2b: Harley\n|-singleturn|p2b: Harley|Protect\n|move|p1b: Moltres|Heat Wave|p2b: Harley|[spread] p2a\n|-activate|p2b: Harley|move: Protect\n|-supereffective|p2a: Amoonguss\n|-damage|p2a: Amoonguss|53\/100\n|move|p1a: Fezandipiti|Venoshock|p2b: Harley\n|-activate|p2b: Harley|move: Protect\n|\n|-damage|p2b: Harley|51\/100 tox|[from] psn\n|-start|p2b: Harley|perish1\n|-start|p1b: Moltres|perish1\n|-start|p1a: Fezandipiti|perish1\n|upkeep\n|turn|9\n|\n|t:|1695814539\n|-terastallize|p2a: Amoonguss|Water\n|move|p2a: Amoonguss|Rage Powder|p2a: Amoonguss\n|-singleturn|p2a: Amoonguss|move: Rage Powder\n|move|p2b: Harley|Psychic|p1a: Fezandipiti\n|-supereffective|p1a: Fezandipiti\n|-damage|p1a: Fezandipiti|56\/100\n|move|p1b: Moltres|Heat Wave|p2b: Harley|[spread] p2a,p2b\n|-resisted|p2a: Amoonguss\n|-damage|p2a: Amoonguss|39\/100\n|-damage|p2b: Harley|26\/100 tox\n|move|p1a: Fezandipiti|Venoshock|p2a: Amoonguss\n|-damage|p2a: Amoonguss|23\/100\n|\n|-heal|p1a: Fezandipiti|62\/100|[from] item: Leftovers\n|-damage|p2b: Harley|8\/100 tox|[from] psn\n|-start|p2b: Harley|perish0\n|-start|p1b: Moltres|perish0\n|-start|p1a: Fezandipiti|perish0\n|-sideend|p1: sussyspongereal|move: Tailwind\n|faint|p2b: Harley\n|faint|p1b: Moltres\n|faint|p1a: Fezandipiti\n|upkeep\n|\n|t:|1695814558\n|switch|p2b: Azumarill|Azumarill, F, shiny|88\/100\n|switch|p1b: Landorus|Landorus-Therian, M|100\/100\n|switch|p1a: Chi-Yu|Chi-Yu|100\/100\n|-ability|p1b: Landorus|Intimidate|boost\n|-unboost|p2a: Amoonguss|atk|1\n|-unboost|p2b: Azumarill|atk|1\n|-ability|p1a: Chi-Yu|Beads of Ruin\n|turn|10\n|\n|t:|1695814573\n|move|p2a: Amoonguss|Spore|p1a: Chi-Yu\n|-status|p1a: Chi-Yu|slp|[from] move: Spore\n|move|p2b: Azumarill|Perish Song|p2b: Azumarill\n|-start|p1a: Chi-Yu|perish3|[silent]\n|-start|p1b: Landorus|perish3|[silent]\n|-start|p2a: Amoonguss|perish3|[silent]\n|-start|p2b: Azumarill|perish3|[silent]\n|-fieldactivate|move: Perish Song\n|move|p1b: Landorus|Rock Slide|p2a: Amoonguss|[spread] p2a,p2b\n|-damage|p2a: Amoonguss|8\/100\n|-damage|p2b: Azumarill|71\/100\n|cant|p1a: Chi-Yu|slp\n|\n|-start|p2a: Amoonguss|perish3\n|-start|p2b: Azumarill|perish3\n|-start|p1b: Landorus|perish3\n|-start|p1a: Chi-Yu|perish3\n|upkeep\n|turn|11\n|\n|t:|1695814587\n|move|p2a: Amoonguss|Spore|p1b: Landorus\n|-status|p1b: Landorus|slp|[from] move: Spore\n|move|p2b: Azumarill|Play Rough|p1a: Chi-Yu\n|-damage|p1a: Chi-Yu|81\/100 slp\n|cant|p1b: Landorus|slp\n|-curestatus|p1a: Chi-Yu|slp|[msg]\n|move|p1a: Chi-Yu|Dark Pulse|p2a: Amoonguss\n|-damage|p2a: Amoonguss|0 fnt\n|faint|p2a: Amoonguss\n|\n|-start|p2b: Azumarill|perish2\n|-start|p1b: Landorus|perish2\n|-start|p1a: Chi-Yu|perish2\n|-fieldend|move: Trick Room\n|upkeep\n|\n|t:|1695814600\n|switch|p2a: Gholdengo|Gholdengo, shiny|100\/100\n|turn|12\n|\n|t:|1695814609\n|move|p2a: Gholdengo|Protect|p2a: Gholdengo\n|-singleturn|p2a: Gholdengo|Protect\n|move|p1a: Chi-Yu|Dark Pulse|p2a: Gholdengo\n|-activate|p2a: Gholdengo|move: Protect\n|cant|p1b: Landorus|slp\n|move|p2b: Azumarill|Encore|p1a: Chi-Yu\n|-start|p1a: Chi-Yu|Encore\n|\n|-start|p1a: Chi-Yu|perish1\n|-start|p1b: Landorus|perish1\n|-start|p2b: Azumarill|perish1\n|upkeep\n|turn|13\n|\n|t:|1695814625\n|move|p2b: Azumarill|Protect|p2b: Azumarill\n|-singleturn|p2b: Azumarill|Protect\n|move|p1a: Chi-Yu|Dark Pulse|p2a: Gholdengo\n|-supereffective|p2a: Gholdengo\n|-damage|p2a: Gholdengo|0 fnt\n|faint|p2a: Gholdengo\n|cant|p1b: Landorus|slp\n|\n|-start|p1a: Chi-Yu|perish0\n|-start|p1b: Landorus|perish0\n|-start|p2b: Azumarill|perish0\n|faint|p1a: Chi-Yu\n|faint|p1b: Landorus\n|faint|p2b: Azumarill\n|\n|win|El Ryuk456\n|upkeep\n|raw|sussyspongereal's rating: 1092 &rarr; <strong>1083<\/strong><br \/>(-9 for losing)\n|raw|El Ryuk456's rating: 1336 &rarr; <strong>1344<\/strong><br \/>(+8 for winning)\n|l|\u2606sussyspongereal\n","uploadtime":1695814653,"views":7,"p1id":"sussyspongereal","p2id":"elryuk456","formatid":"gen9nationaldexdoubles","rating":1083,"private":0,"password":""}