{"id":"gen9nationaldexdoubles-1955930087","p1":"Bluberry108","p2":"Bigbro2022","format":"[Gen 9] National Dex Doubles","log":"|j|\u2606Bluberry108\n|j|\u2606Bigbro2022\n|t:|1696043664\n|gametype|doubles\n|player|p1|Bluberry108|gentleman-gen4|\n|player|p2|Bigbro2022|lance|\n|teamsize|p1|6\n|teamsize|p2|6\n|gen|9\n|tier|[Gen 9] National Dex Doubles\n|rule|HP Percentage Mod: HP is shown in percentages\n|rule|Endless Battle Clause: Forcing endless battles is banned\n|rule|OHKO Clause: OHKO moves are banned\n|rule|Evasion Moves Clause: Evasion moves are banned\n|rule|Evasion Abilities Clause: Evasion abilities are banned\n|rule|Species Clause: Limit one of each Pok\u00e9mon\n|rule|Gravity Sleep Clause: The combination of sleep-inducing moves with imperfect accuracy and Gravity or Gigantamax Orbeetle are banned\n|clearpoke\n|poke|p1|Politoed, F|\n|poke|p1|Alomomola, F|\n|poke|p1|Overqwil, M|\n|poke|p1|Mienshao, M|\n|poke|p1|Ludicolo, F|\n|poke|p1|Quagsire, F|\n|poke|p2|Empoleon, M|\n|poke|p2|Murkrow, M|\n|poke|p2|Ceruledge, F|\n|poke|p2|Maushold|\n|poke|p2|Sinistcha-Masterpiece|\n|poke|p2|Hydreigon, M|\n|teampreview\n|\n|t:|1696043678\n|start\n|switch|p1a: Mienshao|Mienshao, M|100\/100\n|switch|p1b: Overqwil|Overqwil, M|100\/100\n|switch|p2a: Maushold|Maushold|100\/100\n|switch|p2b: Sinistcha|Sinistcha-Masterpiece, shiny|100\/100\n|-ability|p1b: Overqwil|Intimidate|boost\n|-unboost|p2a: Maushold|atk|1\n|-unboost|p2b: Sinistcha|atk|1\n|turn|1\n|\n|t:|1696043696\n|move|p2a: Maushold|Follow Me|p2a: Maushold\n|-singleturn|p2a: Maushold|move: Follow Me\n|move|p1a: Mienshao|Close Combat|p2a: Maushold\n|-supereffective|p2a: Maushold\n|-damage|p2a: Maushold|0 fnt\n|-unboost|p1a: Mienshao|def|1\n|-unboost|p1a: Mienshao|spd|1\n|faint|p2a: Maushold\n|move|p1b: Overqwil|Lash Out|p2b: Sinistcha\n|-supereffective|p2b: Sinistcha\n|-damage|p2b: Sinistcha|0 fnt\n|faint|p2b: Sinistcha\n|-damage|p1b: Overqwil|91\/100|[from] item: Life Orb\n|\n|upkeep\n|\n|t:|1696043715\n|switch|p2a: Murkrow|Murkrow, M, shiny|100\/100\n|switch|p2b: Hydreigon|Hydreigon, M, shiny|100\/100\n|turn|2\n|\n|t:|1696043730\n|switch|p1a: Politoed|Politoed, F|100\/100\n|-weather|RainDance|[from] ability: Drizzle|[of] p1a: Politoed\n|move|p2a: Murkrow|Tailwind|p2a: Murkrow\n|-sidestart|p2: Bigbro2022|move: Tailwind\n|move|p2b: Hydreigon|Draco Meteor|p1b: Overqwil\n|-damage|p1b: Overqwil|0 fnt\n|-unboost|p2b: Hydreigon|spa|2\n|faint|p1b: Overqwil\n|\n|-weather|RainDance|[upkeep]\n|upkeep\n|\n|t:|1696043743\n|switch|p1b: Ludicolo|Ludicolo, F|100\/100\n|turn|3\n|\n|t:|1696043752\n|-terastallize|p2b: Hydreigon|Fire\n|move|p1a: Politoed|Helping Hand|p1b: Ludicolo\n|-singleturn|p1b: Ludicolo|Helping Hand|[of] p1a: Politoed\n|move|p1b: Ludicolo|Ice Beam|p2b: Hydreigon\n|-resisted|p2b: Hydreigon\n|-damage|p2b: Hydreigon|74\/100\n|-damage|p1b: Ludicolo|91\/100|[from] item: Life Orb\n|move|p2b: Hydreigon|Focus Energy|p2b: Hydreigon\n|-start|p2b: Hydreigon|move: Focus Energy\n|move|p2a: Murkrow|Snarl|p1b: Ludicolo|[spread] p1a,p1b\n|-damage|p1a: Politoed|92\/100\n|-damage|p1b: Ludicolo|77\/100\n|-unboost|p1a: Politoed|spa|1\n|-unboost|p1b: Ludicolo|spa|1\n|\n|-weather|RainDance|[upkeep]\n|upkeep\n|turn|4\n|\n|t:|1696043770\n|move|p1b: Ludicolo|Weather Ball|p2b: Hydreigon\n|-supereffective|p2b: Hydreigon\n|-damage|p2b: Hydreigon|0 fnt\n|faint|p2b: Hydreigon\n|-damage|p1b: Ludicolo|67\/100|[from] item: Life Orb\n|move|p2a: Murkrow|Snarl|p1b: Ludicolo|[spread] p1a,p1b\n|-damage|p1a: Politoed|84\/100\n|-damage|p1b: Ludicolo|53\/100\n|-unboost|p1a: Politoed|spa|1\n|-unboost|p1b: Ludicolo|spa|1\n|move|p1a: Politoed|Weather Ball|p2a: Murkrow\n|-damage|p2a: Murkrow|71\/100\n|\n|-weather|RainDance|[upkeep]\n|upkeep\n|\n|t:|1696043784\n|switch|p2b: Empoleon|Empoleon, M, shiny|100\/100\n|turn|5\n|\n|t:|1696043791\n|switch|p1b: Mienshao|Mienshao, M|100\/100\n|move|p2a: Murkrow|Snarl|p1b: Mienshao|[spread] p1a,p1b\n|-resisted|p1b: Mienshao\n|-crit|p1b: Mienshao\n|-damage|p1a: Politoed|75\/100\n|-damage|p1b: Mienshao|84\/100\n|-unboost|p1a: Politoed|spa|1\n|-unboost|p1b: Mienshao|spa|1\n|move|p2b: Empoleon|Yawn|p1b: Mienshao\n|-start|p1b: Mienshao|move: Yawn|[of] p2b: Empoleon\n|move|p1a: Politoed|Perish Song|p1a: Politoed\n|-start|p1a: Politoed|perish3|[silent]\n|-start|p1b: Mienshao|perish3|[silent]\n|-start|p2a: Murkrow|perish3|[silent]\n|-start|p2b: Empoleon|perish3|[silent]\n|-fieldactivate|move: Perish Song\n|\n|-weather|RainDance|[upkeep]\n|-start|p2a: Murkrow|perish3\n|-start|p2b: Empoleon|perish3\n|-start|p1b: Mienshao|perish3\n|-start|p1a: Politoed|perish3\n|-sideend|p2: Bigbro2022|move: Tailwind\n|upkeep\n|turn|6\n|\n|t:|1696043818\n|switch|p1b: Alomomola|Alomomola, F|100\/100\n|switch|p2b: Ceruledge|Ceruledge, F, shiny|100\/100\n|move|p1a: Politoed|Protect|p1a: Politoed\n|-singleturn|p1a: Politoed|Protect\n|move|p2a: Murkrow|Snarl|p1a: Politoed|[spread] p1b\n|-activate|p1a: Politoed|move: Protect\n|-damage|p1b: Alomomola|87\/100\n|-unboost|p1b: Alomomola|spa|1\n|\n|-weather|none\n|-heal|p1b: Alomomola|93\/100|[from] item: Leftovers\n|-start|p2a: Murkrow|perish2\n|-start|p1a: Politoed|perish2\n|upkeep\n|turn|7\n|\n|t:|1696043843\n|switch|p1a: Quagsire|Quagsire, F|100\/100\n|move|p2a: Murkrow|Tailwind|p2a: Murkrow\n|-sidestart|p2: Bigbro2022|move: Tailwind\n|move|p2b: Ceruledge|Poltergeist|p1b: Alomomola\n|-activate|p1b: Alomomola|move: Poltergeist|Leftovers\n|-damage|p1b: Alomomola|53\/100\n|-damage|p2b: Ceruledge|91\/100|[from] item: Life Orb\n|move|p1b: Alomomola|Wish|p1b: Alomomola\n|\n|-heal|p1b: Alomomola|59\/100|[from] item: Leftovers\n|-start|p2a: Murkrow|perish1\n|upkeep\n|turn|8\n|\n|t:|1696043877\n|switch|p2a: Empoleon|Empoleon, M, shiny|100\/100\n|move|p2b: Ceruledge|Swords Dance|p2b: Ceruledge\n|-boost|p2b: Ceruledge|atk|2\n|move|p1b: Alomomola|Flip Turn|p2b: Ceruledge\n|-supereffective|p2b: Ceruledge\n|-damage|p2b: Ceruledge|55\/100\n|\n|t:|1696043886\n|switch|p1b: Ludicolo|Ludicolo, F|53\/100|[from] Flip Turn\n|move|p1a: Quagsire|Yawn|p2a: Empoleon\n|-start|p2a: Empoleon|move: Yawn|[of] p1a: Quagsire\n|\n|-heal|p1b: Ludicolo|100\/100|[from] move: Wish|[wisher] Alomomola\n|upkeep\n|turn|9\n|\n|t:|1696043898\n|switch|p2a: Murkrow|Murkrow, M, shiny|71\/100\n|switch|p1a: Politoed|Politoed, F|75\/100\n|-weather|RainDance|[from] ability: Drizzle|[of] p1a: Politoed\n|-terastallize|p1b: Ludicolo|Water\n|move|p1b: Ludicolo|Weather Ball|p2b: Ceruledge\n|-supereffective|p2b: Ceruledge\n|-damage|p2b: Ceruledge|0 fnt\n|faint|p2b: Ceruledge\n|-damage|p1b: Ludicolo|91\/100|[from] item: Life Orb\n|\n|-weather|RainDance|[upkeep]\n|upkeep\n|\n|t:|1696043912\n|switch|p2b: Empoleon|Empoleon, M, shiny|100\/100\n|turn|10\n|\n|t:|1696043928\n|move|p2a: Murkrow|Taunt|p1a: Politoed\n|-start|p1a: Politoed|move: Taunt\n|move|p1b: Ludicolo|Weather Ball|p2a: Murkrow\n|-damage|p2a: Murkrow|0 fnt\n|faint|p2a: Murkrow\n|-damage|p1b: Ludicolo|81\/100|[from] item: Life Orb\n|move|p2b: Empoleon|Yawn|p1b: Ludicolo\n|-start|p1b: Ludicolo|move: Yawn|[of] p2b: Empoleon\n|cant|p1a: Politoed|move: Taunt|Perish Song\n|\n|-weather|RainDance|[upkeep]\n|-sideend|p2: Bigbro2022|move: Tailwind\n|upkeep\n|turn|11\n|\n|t:|1696043947\n|switch|p1b: Quagsire|Quagsire, F|100\/100\n|switch|p1a: Mienshao|Mienshao, M|100\/100\n|move|p2b: Empoleon|Protect||[still]\n|-fail|p2b: Empoleon\n|\n|-weather|RainDance|[upkeep]\n|upkeep\n|turn|12\n|\n|t:|1696043959\n|move|p1a: Mienshao|Close Combat|p2b: Empoleon\n|-supereffective|p2b: Empoleon\n|-damage|p2b: Empoleon|0 fnt\n|-unboost|p1a: Mienshao|def|1\n|-unboost|p1a: Mienshao|spd|1\n|faint|p2b: Empoleon\n|\n|win|Bluberry108\n","uploadtime":1696045068,"views":12,"p1id":"bluberry108","p2id":"bigbro2022","formatid":"gen9nationaldexdoubles","rating":0,"private":0,"password":""}