{"id":"gen9nationaldexdoubles-1977073574","p1":"lxvliiz","p2":"dakidez","format":"[Gen 9] National Dex Doubles","log":"|j|\u2606lxvliiz\n|j|\u2606dakidez\n|t:|1698368566\n|gametype|doubles\n|player|p1|lxvliiz|101|\n|player|p2|dakidez|2|\n|teamsize|p1|6\n|teamsize|p2|6\n|gen|9\n|tier|[Gen 9] National Dex Doubles\n|rule|HP Percentage Mod: HP is shown in percentages\n|rule|Endless Battle Clause: Forcing endless battles is banned\n|rule|OHKO Clause: OHKO moves are banned\n|rule|Evasion Moves Clause: Evasion moves are banned\n|rule|Evasion Abilities Clause: Evasion abilities are banned\n|rule|Species Clause: Limit one of each Pok\u00e9mon\n|rule|Gravity Sleep Clause: The combination of sleep-inducing moves with imperfect accuracy and Gravity or Gigantamax Orbeetle are banned\n|clearpoke\n|poke|p1|Cyclizar, M|\n|poke|p1|Eevee, F|\n|poke|p1|Murkrow, L1, F|\n|poke|p1|Oricorio-Pom-Pom, F|\n|poke|p1|Deoxys-Attack|\n|poke|p1|Medicham, M|\n|poke|p2|Numel, M|\n|poke|p2|Cinderace, M|\n|poke|p2|Sylveon, F|\n|poke|p2|Yanmega, F|\n|poke|p2|Toxtricity, M|\n|poke|p2|Haunter, F|\n|teampreview\n|\n|t:|1698368577\n|start\n|switch|p1a: Cyclizar|Cyclizar, M|100\/100\n|switch|p1b: Murkrow|Murkrow, L1, F|100\/100\n|switch|p2a: Yanmega|Yanmega, F|100\/100\n|switch|p2b: Toxtricity|Toxtricity, M|100\/100\n|-item|p1a: Cyclizar|Sitrus Berry|[from] ability: Frisk|[of] p2a: Yanmega|[identify]\n|-item|p1b: Murkrow|Focus Sash|[from] ability: Frisk|[of] p2a: Yanmega|[identify]\n|turn|1\n|\n|t:|1698368584\n|switch|p2a: Cinderace|Cinderace, M|100\/100\n|switch|p2b: Haunter|Haunter, F|100\/100\n|move|p1b: Murkrow|Tailwind|p1b: Murkrow\n|-sidestart|p1: lxvliiz|move: Tailwind\n|move|p1a: Cyclizar|Shed Tail|p1a: Cyclizar\n|-start|p1a: Cyclizar|Substitute|[from] move: Shed Tail\n|-damage|p1a: Cyclizar|50\/100\n|-enditem|p1a: Cyclizar|Sitrus Berry|[eat]\n|-heal|p1a: Cyclizar|75\/100|[from] item: Sitrus Berry\n|\n|t:|1698368588\n|switch|p1a: Eevee|Eevee, F|100\/100|[from] Shed Tail\n|\n|upkeep\n|turn|2\n|\n|t:|1698368598\n|switch|p2a: Numel|Numel, M|100\/100\n|switch|p2b: Yanmega|Yanmega, F|100\/100\n|-item|p1a: Eevee|Eevium Z|[from] ability: Frisk|[of] p2b: Yanmega|[identify]\n|-item|p1b: Murkrow|Focus Sash|[from] ability: Frisk|[of] p2b: Yanmega|[identify]\n|move|p1b: Murkrow|Taunt|p2b: Yanmega\n|-start|p2b: Yanmega|move: Taunt\n|-zpower|p1a: Eevee\n|move|p1a: Eevee|Extreme Evoboost|p1a: Eevee\n|-boost|p1a: Eevee|atk|2\n|-boost|p1a: Eevee|def|2\n|-boost|p1a: Eevee|spa|2\n|-boost|p1a: Eevee|spd|2\n|-boost|p1a: Eevee|spe|2\n|\n|upkeep\n|turn|3\n|\n|t:|1698368612\n|switch|p2b: Haunter|Haunter, F|100\/100\n|switch|p2a: Cinderace|Cinderace, M|100\/100\n|move|p1b: Murkrow|Defog|p2a: Cinderace\n|-unboost|p2a: Cinderace|evasion|1\n|move|p1a: Eevee|Baton Pass|p1a: Eevee\n|\n|t:|1698368620\n|switch|p1a: Oricorio|Oricorio-Pom-Pom, F|100\/100|[from] Baton Pass\n|\n|upkeep\n|turn|4\n|\n|t:|1698368632\n|switch|p2a: Numel|Numel, M|100\/100\n|switch|p2b: Yanmega|Yanmega, F|100\/100\n|-item|p1a: Oricorio|Focus Sash|[from] ability: Frisk|[of] p2b: Yanmega|[identify]\n|-item|p1b: Murkrow|Focus Sash|[from] ability: Frisk|[of] p2b: Yanmega|[identify]\n|switch|p1b: Cyclizar|Cyclizar, M|100\/100\n|move|p1a: Oricorio|Quiver Dance|p1a: Oricorio\n|-boost|p1a: Oricorio|spa|1\n|-boost|p1a: Oricorio|spd|1\n|-boost|p1a: Oricorio|spe|1\n|\n|-sideend|p1: lxvliiz|move: Tailwind\n|upkeep\n|turn|5\n|\n|t:|1698368638\n|switch|p2b: Cinderace|Cinderace, M|100\/100\n|switch|p2a: Haunter|Haunter, F|100\/100\n|move|p1a: Oricorio|Quiver Dance|p1a: Oricorio\n|-boost|p1a: Oricorio|spa|1\n|-boost|p1a: Oricorio|spd|1\n|-boost|p1a: Oricorio|spe|1\n|move|p1b: Cyclizar|Shed Tail|p1b: Cyclizar\n|-start|p1b: Cyclizar|Substitute|[from] move: Shed Tail\n|-damage|p1b: Cyclizar|50\/100\n|\n|t:|1698368644\n|switch|p1b: Murkrow|Murkrow, L1, F|100\/100|[from] Shed Tail\n|\n|upkeep\n|turn|6\n|\n|t:|1698368657\n|switch|p2b: Numel|Numel, M|100\/100\n|switch|p2a: Yanmega|Yanmega, F|100\/100\n|-item|p1a: Oricorio|Focus Sash|[from] ability: Frisk|[of] p2a: Yanmega|[identify]\n|-item|p1b: Murkrow|Focus Sash|[from] ability: Frisk|[of] p2a: Yanmega|[identify]\n|switch|p1b: Cyclizar|Cyclizar, M|83\/100\n|move|p1a: Oricorio|Quiver Dance|p1a: Oricorio\n|-boost|p1a: Oricorio|spa|1\n|-boost|p1a: Oricorio|spd|1\n|-boost|p1a: Oricorio|spe|1\n|\n|upkeep\n|turn|7\n|\n|t:|1698368662\n|switch|p1b: Murkrow|Murkrow, L1, F|100\/100\n|switch|p2a: Cinderace|Cinderace, M|100\/100\n|switch|p2b: Haunter|Haunter, F|100\/100\n|move|p1a: Oricorio|Quiver Dance|p1a: Oricorio\n|-boost|p1a: Oricorio|spa|1\n|-boost|p1a: Oricorio|spd|1\n|-boost|p1a: Oricorio|spe|1\n|\n|upkeep\n|turn|8\n|\n|t:|1698368677\n|switch|p2a: Yanmega|Yanmega, F|100\/100\n|-item|p1a: Oricorio|Focus Sash|[from] ability: Frisk|[of] p2a: Yanmega|[identify]\n|-item|p1b: Murkrow|Focus Sash|[from] ability: Frisk|[of] p2a: Yanmega|[identify]\n|switch|p2b: Numel|Numel, M|100\/100\n|switch|p1b: Eevee|Eevee, F|100\/100\n|-ability|p1b: Eevee|Anticipation\n|move|p1a: Oricorio|Baton Pass|p1a: Oricorio\n|\n|t:|1698368682\n|switch|p1a: Medicham|Medicham, M|100\/100|[from] Baton Pass\n|\n|upkeep\n|turn|9\n|\n|t:|1698368693\n|switch|p2a: Cinderace|Cinderace, M|100\/100\n|switch|p1b: Murkrow|Murkrow, L1, F|100\/100\n|switch|p2b: Haunter|Haunter, F|100\/100\n|detailschange|p1a: Medicham|Medicham-Mega, M\n|-mega|p1a: Medicham|Medicham|Medichamite\n|move|p1a: Medicham|Bulk Up|p1a: Medicham\n|-boost|p1a: Medicham|atk|1\n|-boost|p1a: Medicham|def|1\n|\n|upkeep\n|turn|10\n|\n|t:|1698368697\n|switch|p2a: Numel|Numel, M|100\/100\n|switch|p2b: Yanmega|Yanmega, F|100\/100\n|-item|p1a: Medicham|Medichamite|[from] ability: Frisk|[of] p2b: Yanmega|[identify]\n|-item|p1b: Murkrow|Focus Sash|[from] ability: Frisk|[of] p2b: Yanmega|[identify]\n|switch|p1b: Eevee|Eevee, F|100\/100\n|-ability|p1b: Eevee|Anticipation\n|move|p1a: Medicham|Bulk Up|p1a: Medicham\n|-boost|p1a: Medicham|atk|1\n|-boost|p1a: Medicham|def|1\n|\n|upkeep\n|turn|11\n|\n|t:|1698368701\n|switch|p2b: Cinderace|Cinderace, M|100\/100\n|switch|p1b: Murkrow|Murkrow, L1, F|100\/100\n|switch|p2a: Haunter|Haunter, F|100\/100\n|move|p1a: Medicham|Bulk Up|p1a: Medicham\n|-boost|p1a: Medicham|atk|1\n|-boost|p1a: Medicham|def|1\n|\n|upkeep\n|turn|12\n|\n|t:|1698368708\n|switch|p2b: Yanmega|Yanmega, F|100\/100\n|-item|p1a: Medicham|Medichamite|[from] ability: Frisk|[of] p2b: Yanmega|[identify]\n|-item|p1b: Murkrow|Focus Sash|[from] ability: Frisk|[of] p2b: Yanmega|[identify]\n|switch|p2a: Numel|Numel, M|100\/100\n|switch|p1b: Eevee|Eevee, F|100\/100\n|-ability|p1b: Eevee|Anticipation\n|move|p1a: Medicham|Bulk Up|p1a: Medicham\n|-boost|p1a: Medicham|atk|1\n|-boost|p1a: Medicham|def|1\n|\n|upkeep\n|turn|13\n|\n|t:|1698368718\n|switch|p2b: Cinderace|Cinderace, M|100\/100\n|switch|p1b: Murkrow|Murkrow, L1, F|100\/100\n|switch|p2a: Haunter|Haunter, F|100\/100\n|move|p1a: Medicham|Baton Pass|p1a: Medicham\n|\n|t:|1698368727\n|switch|p1a: Deoxys|Deoxys-Attack|100\/100|[from] Baton Pass\n|-ability|p1a: Deoxys|Pressure\n|\n|upkeep\n|turn|14\n|\n|t:|1698368753\n|move|p2a: Haunter|Protect|p2a: Haunter\n|-singleturn|p2a: Haunter|Protect\n|move|p1b: Murkrow|Tailwind|p1b: Murkrow\n|-sidestart|p1: lxvliiz|move: Tailwind\n|move|p1a: Deoxys|Trick|p2b: Cinderace\n|-activate|p1a: Deoxys|move: Trick|[of] p2b: Cinderace\n|-item|p2b: Cinderace|Iron Ball|[from] move: Trick\n|-enditem|p1a: Deoxys|Iron Ball|[silent]|[from] move: Trick\n|move|p2b: Cinderace|Agility|p2b: Cinderace\n|-boost|p2b: Cinderace|spe|2\n|\n|upkeep\n|turn|15\n|\n|t:|1698368774\n|switch|p2b: Yanmega|Yanmega, F|100\/100\n|-item|p1b: Murkrow|Focus Sash|[from] ability: Frisk|[of] p2b: Yanmega|[identify]\n|switch|p2a: Numel|Numel, M|100\/100\n|switch|p1b: Medicham|Medicham-Mega, M|100\/100\n|move|p1a: Deoxys|Recover||[still]\n|-fail|p1a: Deoxys|heal\n|\n|upkeep\n|turn|16\n|\n|t:|1698368787\n|switch|p2b: Cinderace|Cinderace, M|100\/100\n|switch|p2a: Haunter|Haunter, F|100\/100\n|move|p1a: Deoxys|Skill Swap|p1b: Medicham\n|-activate|p1a: Deoxys|move: Skill Swap|||[of] p1b: Medicham\n|-ability|p1b: Medicham|Pressure\n|move|p1b: Medicham|Baton Pass|p1b: Medicham\n|\n|t:|1698368798\n|switch|p1b: Murkrow|Murkrow, L1, F|100\/100|[from] Baton Pass\n|\n|upkeep\n|turn|17\n|\n|t:|1698368811\n|move|p2a: Haunter|Protect|p2a: Haunter\n|-singleturn|p2a: Haunter|Protect\n|move|p2b: Cinderace|Protect|p2b: Cinderace\n|-singleturn|p2b: Cinderace|Protect\n|move|p1b: Murkrow|Taunt|p2b: Cinderace\n|-activate|p2b: Cinderace|move: Protect\n|move|p1a: Deoxys|Recover||[still]\n|-fail|p1a: Deoxys|heal\n|\n|-sideend|p1: lxvliiz|move: Tailwind\n|upkeep\n|turn|18\n|\n|t:|1698368855\n|-terastallize|p1a: Deoxys|Normal\n|move|p1a: Deoxys|Extreme Speed|p2b: Cinderace\n|-damage|p2b: Cinderace|0 fnt\n|faint|p2b: Cinderace\n|move|p1b: Murkrow|Taunt|p2a: Haunter\n|-start|p2a: Haunter|move: Taunt\n|cant|p2a: Haunter|move: Taunt|Encore\n|\n|upkeep\n|\n|t:|1698368867\n|switch|p2b: Toxtricity|Toxtricity, M|100\/100\n|turn|19\n|\n|t:|1698368878\n|move|p1a: Deoxys|Extreme Speed|p2b: Toxtricity\n|-damage|p2b: Toxtricity|0 fnt\n|faint|p2b: Toxtricity\n|move|p1b: Murkrow|Tailwind|p1b: Murkrow\n|-sidestart|p1: lxvliiz|move: Tailwind\n|-activate|p2a: Haunter|move: Struggle\n|move|p2a: Haunter|Struggle|p1a: Deoxys\n|-activate|p1a: Deoxys|move: Substitute|[damage]\n|-damage|p2a: Haunter|75\/100|[from] recoil\n|\n|upkeep\n|\n|t:|1698368925\n|switch|p2b: Numel|Numel, M|100\/100\n|turn|20\n|\n|t:|1698368937\n|switch|p2b: Yanmega|Yanmega, F|100\/100\n|-item|p1b: Murkrow|Focus Sash|[from] ability: Frisk|[of] p2b: Yanmega|[identify]\n|switch|p1b: Medicham|Medicham-Mega, M|100\/100\n|move|p1a: Deoxys|Extreme Speed|p2b: Yanmega\n|-damage|p2b: Yanmega|0 fnt\n|faint|p2b: Yanmega\n|-activate|p2a: Haunter|move: Struggle\n|move|p2a: Haunter|Struggle|p1b: Medicham\n|-damage|p1b: Medicham|94\/100\n|-damage|p2a: Haunter|50\/100|[from] recoil\n|\n|-end|p2a: Haunter|move: Taunt\n|upkeep\n|\n|t:|1698368952\n|switch|p2b: Sylveon|Sylveon, F|100\/100\n|turn|21\n|\n|t:|1698368969\n|switch|p1b: Oricorio|Oricorio-Pom-Pom, F|100\/100\n|move|p1a: Deoxys|Extreme Speed|p2b: Sylveon\n|-damage|p2b: Sylveon|0 fnt\n|faint|p2b: Sylveon\n|move|p2a: Haunter|Trick|p2: Sylveon|[notarget]\n|-fail|p2a: Haunter\n|\n|upkeep\n|\n|t:|1698368973\n|switch|p2b: Numel|Numel, M|100\/100\n|turn|22\n|\n|t:|1698368985\n|move|p1a: Deoxys|Extreme Speed|p2b: Numel\n|-damage|p2b: Numel|0 fnt\n|faint|p2b: Numel\n|move|p1b: Oricorio|Revelation Dance|p2a: Haunter\n|-damage|p2a: Haunter|0 fnt\n|faint|p2a: Haunter\n|\n|win|lxvliiz\n","uploadtime":1698369004,"views":10,"p1id":"lxvliiz","p2id":"dakidez","formatid":"gen9nationaldexdoubles","rating":0,"private":0,"password":""}