{"id":"gen9nationaldexdoubles-1995562340","p1":"Mibombilla","p2":"Star Guarden","format":"[Gen 9] National Dex Doubles","log":"|j|\u2606Mibombilla\n|j|\u2606Star Guarden\n|t:|1700583106\n|gametype|doubles\n|player|p1|Mibombilla|benga|\n|player|p2|Star Guarden|lance|\n|teamsize|p1|6\n|teamsize|p2|6\n|gen|9\n|tier|[Gen 9] National Dex Doubles\n|rule|HP Percentage Mod: HP is shown in percentages\n|rule|Endless Battle Clause: Forcing endless battles is banned\n|rule|OHKO Clause: OHKO moves are banned\n|rule|Evasion Moves Clause: Evasion moves are banned\n|rule|Evasion Abilities Clause: Evasion abilities are banned\n|rule|Species Clause: Limit one of each Pok\u00e9mon\n|rule|Gravity Sleep Clause: The combination of sleep-inducing moves with imperfect accuracy and Gravity or Gigantamax Orbeetle are banned\n|clearpoke\n|poke|p1|Vaporeon, F|\n|poke|p1|Umbreon, F|\n|poke|p1|Espeon, F|\n|poke|p1|Leafeon, M|\n|poke|p1|Glaceon, F|\n|poke|p1|Sylveon, M|\n|poke|p2|Gliscor, M|\n|poke|p2|Kingdra, M|\n|poke|p2|Pachirisu, F|\n|poke|p2|Toxicroak, M|\n|poke|p2|Goodra, F|\n|poke|p2|Galvantula, F|\n|teampreview\n|\n|t:|1700583120\n|start\n|switch|p1a: En t\u00e9rminos de...|Vaporeon, F|100\/100\n|switch|p1b: Kafka|Espeon, F|100\/100\n|switch|p2a: Gliscor|Gliscor, M|100\/100\n|switch|p2b: Toxicroak|Toxicroak, M|100\/100\n|turn|1\n|\n|t:|1700583141\n|move|p1b: Kafka|Light Screen|p1b: Kafka\n|-sidestart|p1: Mibombilla|move: Light Screen\n|move|p2a: Gliscor|Swords Dance|p2a: Gliscor\n|-boost|p2a: Gliscor|atk|2\n|move|p2b: Toxicroak|Bulk Up|p2b: Toxicroak\n|-boost|p2b: Toxicroak|atk|1\n|-boost|p2b: Toxicroak|def|1\n|move|p1a: En t\u00e9rminos de...|Rain Dance|p1a: En t\u00e9rminos de...\n|-weather|RainDance\n|\n|-weather|RainDance|[upkeep]\n|-status|p2a: Gliscor|tox|[from] item: Toxic Orb\n|upkeep\n|turn|2\n|\n|t:|1700583159\n|move|p2b: Toxicroak|Sucker Punch|p1b: Kafka\n|-supereffective|p1b: Kafka\n|-damage|p1b: Kafka|0 fnt\n|faint|p1b: Kafka\n|move|p2a: Gliscor|Fling|p1a: En t\u00e9rminos de...\n|-damage|p1a: En t\u00e9rminos de...|79\/100\n|-status|p1a: En t\u00e9rminos de...|tox\n|-enditem|p2a: Gliscor|Toxic Orb|[from] move: Fling\n|move|p1a: En t\u00e9rminos de...|Aqua Ring|p1a: En t\u00e9rminos de...\n|-start|p1a: En t\u00e9rminos de...|Aqua Ring\n|\n|-weather|RainDance|[upkeep]\n|-activate|p1a: En t\u00e9rminos de...|ability: Hydration\n|-curestatus|p1a: En t\u00e9rminos de...|tox|[msg]\n|-heal|p1a: En t\u00e9rminos de...|85\/100|[from] item: Leftovers\n|-heal|p1a: En t\u00e9rminos de...|91\/100|[from] Aqua Ring\n|upkeep\n|\n|t:|1700583173\n|switch|p1b: My Black Bro|Umbreon, F|100\/100\n|turn|3\n|\n|t:|1700583187\n|move|p2a: Gliscor|Acrobatics|p1a: En t\u00e9rminos de...\n|-damage|p1a: En t\u00e9rminos de...|0 fnt\n|faint|p1a: En t\u00e9rminos de...\n|move|p2b: Toxicroak|Bulk Up|p2b: Toxicroak\n|-boost|p2b: Toxicroak|atk|1\n|-boost|p2b: Toxicroak|def|1\n|move|p1b: My Black Bro|Dark Pulse|p2a: Gliscor\n|-damage|p2a: Gliscor|74\/100 tox\n|\n|-weather|RainDance|[upkeep]\n|-heal|p2a: Gliscor|87\/100 tox|[from] ability: Poison Heal\n|upkeep\n|\n|t:|1700583197\n|switch|p1a: Hela|Glaceon, F|100\/100\n|turn|4\n|\n|t:|1700583208\n|move|p2a: Gliscor|Acrobatics|p1b: My Black Bro\n|-damage|p1b: My Black Bro|40\/100\n|-enditem|p1b: My Black Bro|Sitrus Berry|[eat]\n|-heal|p1b: My Black Bro|64\/100|[from] item: Sitrus Berry\n|move|p2b: Toxicroak|Drain Punch|p1a: Hela\n|-supereffective|p1a: Hela\n|-damage|p1a: Hela|0 fnt\n|faint|p1a: Hela\n|move|p1b: My Black Bro|Calm Mind|p1b: My Black Bro\n|-boost|p1b: My Black Bro|spa|1\n|-boost|p1b: My Black Bro|spd|1\n|\n|-weather|RainDance|[upkeep]\n|-heal|p2a: Gliscor|99\/100 tox|[from] ability: Poison Heal\n|upkeep\n|\n|t:|1700583221\n|switch|p1a: Veganeon|Leafeon, M|100\/100\n|turn|5\n|\n|t:|1700583232\n|move|p1a: Veganeon|Swords Dance|p1a: Veganeon\n|-boost|p1a: Veganeon|atk|2\n|move|p2a: Gliscor|Acrobatics|p1a: Veganeon\n|-supereffective|p1a: Veganeon\n|-enditem|p1a: Veganeon|Focus Sash\n|-damage|p1a: Veganeon|1\/100\n|move|p2b: Toxicroak|Drain Punch|p1b: My Black Bro\n|-supereffective|p1b: My Black Bro\n|-damage|p1b: My Black Bro|0 fnt\n|faint|p1b: My Black Bro\n|\n|-weather|none\n|-heal|p2a: Gliscor|100\/100 tox|[from] ability: Poison Heal\n|upkeep\n|\n|t:|1700583244\n|switch|p1b: La Oshi no Ko|Sylveon, M|100\/100\n|turn|6\n|\n|t:|1700583262\n|move|p2b: Toxicroak|Sucker Punch|p1a: Veganeon\n|-damage|p1a: Veganeon|0 fnt\n|faint|p1a: Veganeon\n|move|p2a: Gliscor|Acrobatics|p1b: La Oshi no Ko\n|-damage|p1b: La Oshi no Ko|0 fnt\n|faint|p1b: La Oshi no Ko\n|\n|win|Star Guarden\n","uploadtime":1700583274,"views":1,"p1id":"mibombilla","p2id":"starguarden","formatid":"gen9nationaldexdoubles","rating":0,"private":0,"password":""}