{"id":"gen9nationaldexdoubles-1972452891","p1":"JKogut","p2":"ChronoTrigonometry","format":"[Gen 9] National Dex Doubles","log":"|j|\u2606JKogut\n|j|\u2606ChronoTrigonometry\n|t:|1697844499\n|gametype|doubles\n|player|p1|JKogut|workerice|\n|player|p2|ChronoTrigonometry|riley|\n|teamsize|p1|6\n|teamsize|p2|6\n|gen|9\n|tier|[Gen 9] National Dex Doubles\n|rule|HP Percentage Mod: HP is shown in percentages\n|rule|Endless Battle Clause: Forcing endless battles is banned\n|rule|OHKO Clause: OHKO moves are banned\n|rule|Evasion Moves Clause: Evasion moves are banned\n|rule|Evasion Abilities Clause: Evasion abilities are banned\n|rule|Species Clause: Limit one of each Pok\u00e9mon\n|rule|Gravity Sleep Clause: The combination of sleep-inducing moves with imperfect accuracy and Gravity or Gigantamax Orbeetle are banned\n|clearpoke\n|poke|p1|Lickilicky, F|\n|poke|p1|Skeledirge, F|\n|poke|p1|Kommo-o, F|\n|poke|p1|Kilowattrel, F|\n|poke|p1|Cresselia, F|\n|poke|p1|Grimmsnarl, M|\n|poke|p2|Metagross|\n|poke|p2|Indeedee-F, F|\n|poke|p2|Dragonite, M|\n|poke|p2|Gholdengo|\n|poke|p2|Flamigo, F|\n|poke|p2|Amoonguss, M|\n|teampreview\n|\n|t:|1697844526\n|start\n|switch|p1a: Curvy Barbie|Lickilicky, F|100\/100\n|switch|p1b: Alopecia Barbie|Skeledirge, F, shiny|100\/100\n|switch|p2a: jajaja|Indeedee-F, F, shiny|100\/100\n|switch|p2b: big meaty claws|Metagross|100\/100\n|-fieldstart|move: Psychic Terrain|[from] ability: Psychic Surge|[of] p2a: jajaja\n|-enditem|p2a: jajaja|Psychic Seed\n|-boost|p2a: jajaja|spd|1|[from] item: Psychic Seed\n|-ability|p1a: Curvy Barbie|Cloud Nine\n|turn|1\n|j| Green133\n|l| Green133\n|\n|t:|1697844592\n|detailschange|p2b: big meaty claws|Metagross-Mega\n|-mega|p2b: big meaty claws|Metagross|Metagrossite\n|move|p1b: Alopecia Barbie|Protect|p1b: Alopecia Barbie\n|-singleturn|p1b: Alopecia Barbie|Protect\n|move|p2b: big meaty claws|Power-Up Punch|p1a: Curvy Barbie\n|-supereffective|p1a: Curvy Barbie\n|-damage|p1a: Curvy Barbie|69\/100\n|-boost|p2b: big meaty claws|atk|1\n|-damage|p2b: big meaty claws|84\/100|[from] item: Rocky Helmet|[of] p1a: Curvy Barbie\n|move|p2a: jajaja|Expanding Force|p1b: Alopecia Barbie|[spread] p1a\n|-activate|p1b: Alopecia Barbie|move: Protect\n|-damage|p1a: Curvy Barbie|44\/100\n|move|p1a: Curvy Barbie|Steel Roller|p2a: jajaja\n|-damage|p2a: jajaja|76\/100\n|-fieldend|move: Psychic Terrain\n|\n|upkeep\n|turn|2\n|j| Green133\n|\n|t:|1697844615\n|move|p2a: jajaja|Helping Hand|p2b: big meaty claws\n|-singleturn|p2b: big meaty claws|Helping Hand|[of] p2a: jajaja\n|move|p1a: Curvy Barbie|Helping Hand|p1b: Alopecia Barbie\n|-singleturn|p1b: Alopecia Barbie|Helping Hand|[of] p1a: Curvy Barbie\n|move|p2b: big meaty claws|Zen Headbutt|p1b: Alopecia Barbie\n|-damage|p1b: Alopecia Barbie|23\/100\n|move|p1b: Alopecia Barbie|Torch Song|p2b: big meaty claws\n|-supereffective|p2b: big meaty claws\n|-damage|p2b: big meaty claws|3\/100\n|-boost|p1b: Alopecia Barbie|spa|1\n|\n|-heal|p1b: Alopecia Barbie|29\/100|[from] item: Leftovers\n|upkeep\n|turn|3\n|l| Green133\n|\n|t:|1697844744\n|switch|p1a: Moon God Barbie|Cresselia, F|100\/100\n|move|p1b: Alopecia Barbie|Protect|p1b: Alopecia Barbie\n|-singleturn|p1b: Alopecia Barbie|Protect\n|move|p2a: jajaja|Follow Me|p2a: jajaja\n|-singleturn|p2a: jajaja|move: Follow Me\n|move|p2b: big meaty claws|Zen Headbutt|p1b: Alopecia Barbie\n|-activate|p1b: Alopecia Barbie|move: Protect\n|\n|-heal|p1b: Alopecia Barbie|35\/100|[from] item: Leftovers\n|upkeep\n|turn|4\n|j| Green133\n|\n|t:|1697844779\n|switch|p1b: Groovy Barbie|Grimmsnarl, M, shiny|100\/100\n|move|p2a: jajaja|Helping Hand|p2b: big meaty claws\n|-singleturn|p2b: big meaty claws|Helping Hand|[of] p2a: jajaja\n|move|p2b: big meaty claws|Iron Head|p1a: Moon God Barbie\n|-damage|p1a: Moon God Barbie|11\/100\n|move|p1a: Moon God Barbie|Dazzling Gleam|p2b: big meaty claws|[spread] p2a,p2b\n|-crit|p2a: jajaja\n|-resisted|p2b: big meaty claws\n|-damage|p2a: jajaja|62\/100\n|-damage|p2b: big meaty claws|0 fnt\n|faint|p2b: big meaty claws\n|\n|upkeep\n|\n|t:|1697844793\n|switch|p2b: cheese stick|Gholdengo|100\/100\n|-item|p2b: cheese stick|Air Balloon\n|turn|5\n|l| Green133\n|\n|t:|1697844841\n|switch|p1a: Pop Star Barbie|Kommo-o, F, shiny|100\/100\n|-terastallize|p2b: cheese stick|Steel\n|move|p2a: jajaja|Follow Me|p2a: jajaja\n|-singleturn|p2a: jajaja|move: Follow Me\n|move|p2b: cheese stick|Make It Rain|p1b: Groovy Barbie|[spread] p1a,p1b\n|-supereffective|p1b: Groovy Barbie\n|-damage|p1a: Pop Star Barbie|64\/100\n|-damage|p1b: Groovy Barbie|0 fnt\n|-unboost|p2b: cheese stick|spa|1\n|faint|p1b: Groovy Barbie\n|\n|upkeep\n|j| Green133\n|\n|t:|1697844858\n|switch|p1b: Alopecia Barbie|Skeledirge, F, shiny|35\/100\n|turn|6\n|\n|t:|1697844887\n|switch|p2a: imposter|Amoonguss, M, shiny|100\/100\n|-terastallize|p1b: Alopecia Barbie|Water\n|move|p2b: cheese stick|Protect|p2b: cheese stick\n|-singleturn|p2b: cheese stick|Protect\n|move|p1a: Pop Star Barbie|Brick Break|p2b: cheese stick\n|-activate|p2b: cheese stick|move: Protect\n|move|p1b: Alopecia Barbie|Slack Off|p1b: Alopecia Barbie\n|-heal|p1b: Alopecia Barbie|85\/100\n|\n|-heal|p1b: Alopecia Barbie|91\/100|[from] item: Leftovers\n|upkeep\n|turn|7\n|\n|t:|1697844951\n|move|p2a: imposter|Rage Powder|p2a: imposter\n|-singleturn|p2a: imposter|move: Rage Powder\n|move|p2b: cheese stick|Nasty Plot|p2b: cheese stick\n|-boost|p2b: cheese stick|spa|2\n|move|p1a: Pop Star Barbie|Brick Break|p2a: imposter\n|-resisted|p2a: imposter\n|-damage|p2a: imposter|89\/100\n|move|p1b: Alopecia Barbie|Torch Song|p2a: imposter\n|-supereffective|p2a: imposter\n|-damage|p2a: imposter|34\/100\n|-boost|p1b: Alopecia Barbie|spa|1\n|\n|-heal|p1b: Alopecia Barbie|97\/100|[from] item: Leftovers\n|-heal|p2a: imposter|40\/100|[from] item: Leftovers\n|upkeep\n|turn|8\n|\n|t:|1697844975\n|move|p2b: cheese stick|Shadow Ball|p1b: Alopecia Barbie\n|-damage|p1b: Alopecia Barbie|64\/100\n|move|p1a: Pop Star Barbie|Brick Break|p2b: cheese stick\n|-supereffective|p2b: cheese stick\n|-damage|p2b: cheese stick|46\/100\n|-enditem|p2b: cheese stick|Air Balloon\n|move|p1b: Alopecia Barbie|Torch Song|p2a: imposter\n|-supereffective|p2a: imposter\n|-damage|p2a: imposter|0 fnt\n|-boost|p1b: Alopecia Barbie|spa|1\n|faint|p2a: imposter\n|\n|-heal|p1b: Alopecia Barbie|70\/100|[from] item: Leftovers\n|upkeep\n|\n|t:|1697844999\n|switch|p2a: deez nites|Dragonite, M|100\/100\n|turn|9\n|l| Green133\n|\n|t:|1697845042\n|move|p2b: cheese stick|Protect|p2b: cheese stick\n|-singleturn|p2b: cheese stick|Protect\n|move|p2a: deez nites|Dragon Dance|p2a: deez nites\n|-boost|p2a: deez nites|atk|1\n|-boost|p2a: deez nites|spe|1\n|move|p1a: Pop Star Barbie|Breaking Swipe|p2b: cheese stick|[spread] p2a\n|-activate|p2b: cheese stick|move: Protect\n|-supereffective|p2a: deez nites\n|-damage|p2a: deez nites|83\/100\n|move|p1b: Alopecia Barbie|Slack Off|p1b: Alopecia Barbie\n|-heal|p1b: Alopecia Barbie|100\/100\n|\n|upkeep\n|turn|10\n|j| Green133\n|\n|t:|1697845095\n|move|p2a: deez nites|Dragon Dance|p2a: deez nites\n|-boost|p2a: deez nites|atk|1\n|-boost|p2a: deez nites|spe|1\n|move|p2b: cheese stick|Shadow Ball|p1b: Alopecia Barbie\n|-damage|p1b: Alopecia Barbie|71\/100\n|move|p1a: Pop Star Barbie|Brick Break|p2b: cheese stick\n|-supereffective|p2b: cheese stick\n|-damage|p2b: cheese stick|0 fnt\n|faint|p2b: cheese stick\n|move|p1b: Alopecia Barbie|Torch Song|p2a: deez nites\n|-resisted|p2a: deez nites\n|-damage|p2a: deez nites|53\/100\n|-boost|p1b: Alopecia Barbie|spa|1\n|\n|-heal|p1b: Alopecia Barbie|77\/100|[from] item: Leftovers\n|upkeep\n|\n|t:|1697845109\n|switch|p2b: amigo|Flamigo, F|100\/100\n|-copyboost|p2b: amigo|p2a: deez nites|[from] ability: Costar\n|turn|11\n|l| Green133\n|\n|t:|1697845168\n|move|p2b: amigo|Brave Bird|p1a: Pop Star Barbie\n|-supereffective|p1a: Pop Star Barbie\n|-damage|p1a: Pop Star Barbie|0 fnt\n|faint|p1a: Pop Star Barbie\n|-damage|p2b: amigo|77\/100|[from] Recoil\n|move|p2a: deez nites|Dragon Claw|p1b: Alopecia Barbie\n|-damage|p1b: Alopecia Barbie|46\/100\n|move|p1b: Alopecia Barbie|Torch Song|p2a: deez nites\n|-resisted|p2a: deez nites\n|-damage|p2a: deez nites|17\/100\n|-boost|p1b: Alopecia Barbie|spa|1\n|\n|-heal|p1b: Alopecia Barbie|52\/100|[from] item: Leftovers\n|upkeep\n|j| Green133\n|\n|t:|1697845187\n|switch|p1a: \"The Birds\" Barbie|Kilowattrel, F, shiny|100\/100\n|turn|12\n|\n|t:|1697845197\n|move|p1b: Alopecia Barbie|Protect|p1b: Alopecia Barbie\n|-singleturn|p1b: Alopecia Barbie|Protect\n|move|p2b: amigo|Close Combat|p1b: Alopecia Barbie\n|-activate|p1b: Alopecia Barbie|move: Protect\n|move|p2a: deez nites|Dragon Claw|p1a: \"The Birds\" Barbie\n|-damage|p1a: \"The Birds\" Barbie|0 fnt\n|faint|p1a: \"The Birds\" Barbie\n|\n|-heal|p1b: Alopecia Barbie|58\/100|[from] item: Leftovers\n|upkeep\n|\n|t:|1697845252\n|switch|p1a: Moon God Barbie|Cresselia, F|11\/100\n|turn|13\n|\n|t:|1697845314\n|switch|p1b: Curvy Barbie|Lickilicky, F|44\/100\n|-ability|p1b: Curvy Barbie|Cloud Nine\n|move|p2b: amigo|Close Combat|p1b: Curvy Barbie\n|-supereffective|p1b: Curvy Barbie\n|-damage|p1b: Curvy Barbie|0 fnt\n|-unboost|p2b: amigo|def|1\n|-unboost|p2b: amigo|spd|1\n|-damage|p2b: amigo|61\/100|[from] item: Rocky Helmet|[of] p1b: Curvy Barbie\n|faint|p1b: Curvy Barbie\n|move|p2a: deez nites|Earthquake|p1a: Moon God Barbie|[spread] \n|-immune|p2b: amigo\n|-immune|p1a: Moon God Barbie|[from] ability: Levitate\n|move|p1a: Moon God Barbie|Trick Room|p1a: Moon God Barbie\n|-fieldstart|move: Trick Room|[of] p1a: Moon God Barbie\n|\n|upkeep\n|\n|t:|1697845331\n|switch|p1b: Alopecia Barbie|Skeledirge, F, shiny, tera:Water|58\/100\n|turn|14\n|\n|t:|1697845354\n|move|p1b: Alopecia Barbie|Slack Off|p1b: Alopecia Barbie\n|-heal|p1b: Alopecia Barbie|100\/100\n|move|p1a: Moon God Barbie|Dazzling Gleam|p2a: deez nites|[spread] p2a,p2b\n|-supereffective|p2a: deez nites\n|-supereffective|p2b: amigo\n|-damage|p2a: deez nites|0 fnt\n|-damage|p2b: amigo|10\/100\n|faint|p2a: deez nites\n|move|p2b: amigo|Close Combat|p1b: Alopecia Barbie\n|-damage|p1b: Alopecia Barbie|52\/100\n|-unboost|p2b: amigo|def|1\n|-unboost|p2b: amigo|spd|1\n|\n|-heal|p1b: Alopecia Barbie|59\/100|[from] item: Leftovers\n|upkeep\n|\n|t:|1697845365\n|switch|p2a: jajaja|Indeedee-F, F, shiny|62\/100\n|-fieldstart|move: Psychic Terrain|[from] ability: Psychic Surge|[of] p2a: jajaja\n|turn|15\n|\n|t:|1697845422\n|move|p2b: amigo|Detect|p2b: amigo\n|-singleturn|p2b: amigo|Protect\n|move|p1b: Alopecia Barbie|Slack Off|p1b: Alopecia Barbie\n|-heal|p1b: Alopecia Barbie|100\/100\n|move|p2a: jajaja|Expanding Force|p1b: Alopecia Barbie|[spread] p1a,p1b\n|-resisted|p1a: Moon God Barbie\n|-damage|p1a: Moon God Barbie|0 fnt\n|-damage|p1b: Alopecia Barbie|69\/100\n|faint|p1a: Moon God Barbie\n|\n|-heal|p1b: Alopecia Barbie|75\/100|[from] item: Leftovers\n|upkeep\n|turn|16\n|l| Green133\n|\n|t:|1697845478\n|move|p2a: jajaja|Follow Me|p2a: jajaja\n|-singleturn|p2a: jajaja|move: Follow Me\n|move|p1b: Alopecia Barbie|Torch Song|p2a: jajaja\n|-damage|p2a: jajaja|33\/100\n|-boost|p1b: Alopecia Barbie|spa|1\n|move|p2b: amigo|Close Combat|p1b: Alopecia Barbie\n|-damage|p1b: Alopecia Barbie|34\/100\n|-unboost|p2b: amigo|def|1\n|-unboost|p2b: amigo|spd|1\n|\n|-heal|p1b: Alopecia Barbie|40\/100|[from] item: Leftovers\n|upkeep\n|turn|17\n|j| Green133\n|\n|t:|1697845495\n|move|p2a: jajaja|Follow Me|p2a: jajaja\n|-singleturn|p2a: jajaja|move: Follow Me\n|move|p1b: Alopecia Barbie|Slack Off|p1b: Alopecia Barbie\n|-heal|p1b: Alopecia Barbie|90\/100\n|move|p2b: amigo|Close Combat|p1b: Alopecia Barbie\n|-damage|p1b: Alopecia Barbie|48\/100\n|-unboost|p2b: amigo|def|1\n|-unboost|p2b: amigo|spd|1\n|\n|-heal|p1b: Alopecia Barbie|54\/100|[from] item: Leftovers\n|-fieldend|move: Trick Room\n|upkeep\n|turn|18\n|\n|t:|1697845511\n|move|p1b: Alopecia Barbie|Protect|p1b: Alopecia Barbie\n|-singleturn|p1b: Alopecia Barbie|Protect\n|move|p2b: amigo|Close Combat|p1b: Alopecia Barbie\n|-activate|p1b: Alopecia Barbie|move: Protect\n|move|p2a: jajaja|Expanding Force|p1b: Alopecia Barbie\n|-activate|p1b: Alopecia Barbie|move: Protect\n|\n|-heal|p1b: Alopecia Barbie|60\/100|[from] item: Leftovers\n|upkeep\n|turn|19\n|\n|t:|1697845564\n|move|p2b: amigo|Close Combat|p1b: Alopecia Barbie\n|-damage|p1b: Alopecia Barbie|14\/100\n|-unboost|p2b: amigo|def|1\n|-unboost|p2b: amigo|spd|1\n|move|p2a: jajaja|Expanding Force|p1b: Alopecia Barbie\n|-damage|p1b: Alopecia Barbie|0 fnt\n|faint|p1b: Alopecia Barbie\n|\n|win|ChronoTrigonometry\n|l|\u2606ChronoTrigonometry\n","uploadtime":1697845574,"views":18,"p1id":"jkogut","p2id":"chronotrigonometry","formatid":"gen9nationaldexdoubles","rating":0,"private":0,"password":""}