{"id":"gen9nationaldexdoubles-1972905750","p1":"Geust_37","p2":"Metalslay3r","format":"[Gen 9] National Dex Doubles","log":"|j|\u2606Geust_37\n|j|\u2606Metalslay3r\n|t:|1697907551\n|gametype|doubles\n|player|p1|Geust_37|bellelba|\n|player|p2|Metalslay3r|hilda-wonderlauncher|\n|teamsize|p1|6\n|teamsize|p2|6\n|gen|9\n|tier|[Gen 9] National Dex Doubles\n|rule|HP Percentage Mod: HP is shown in percentages\n|rule|Endless Battle Clause: Forcing endless battles is banned\n|rule|OHKO Clause: OHKO moves are banned\n|rule|Evasion Moves Clause: Evasion moves are banned\n|rule|Evasion Abilities Clause: Evasion abilities are banned\n|rule|Species Clause: Limit one of each Pok\u00e9mon\n|rule|Gravity Sleep Clause: The combination of sleep-inducing moves with imperfect accuracy and Gravity or Gigantamax Orbeetle are banned\n|clearpoke\n|poke|p1|Gallade, M|\n|poke|p1|Ceruledge, F|\n|poke|p1|Medicham, M|\n|poke|p1|Reuniclus, M|\n|poke|p1|Hatterene, F|\n|poke|p1|Meowstic, M|\n|poke|p2|Mudsdale, M|\n|poke|p2|Maushold-Four|\n|poke|p2|Farigiraf, M|\n|poke|p2|Arcanine-Hisui, M|\n|poke|p2|Zapdos-Galar|\n|poke|p2|Tyranitar, M|\n|teampreview\n|\n|t:|1697907581\n|start\n|switch|p1a: Nyan-Nyan|Meowstic, M|100\/100\n|switch|p1b: Mayanne|Hatterene, F|100\/100\n|switch|p2a: Maushold|Maushold-Four|100\/100\n|switch|p2b: Chance|Mudsdale, M|100\/100\n|turn|1\n|\n|t:|1697907601\n|move|p1a: Nyan-Nyan|Psychic Terrain|p1a: Nyan-Nyan\n|-fieldstart|move: Psychic Terrain\n|move|p2a: Maushold|Thunder Wave|p1a: Nyan-Nyan\n|-status|p1a: Nyan-Nyan|par\n|move|p2b: Chance|Heavy Slam|p1b: Mayanne\n|-supereffective|p1b: Mayanne\n|-damage|p1b: Mayanne|17\/100\n|move|p1b: Mayanne|Expanding Force|p2a: Maushold|[spread] p2a,p2b\n|-damage|p2a: Maushold|10\/100\n|-damage|p2b: Chance|66\/100\n|-ability|p2b: Chance|Stamina|boost\n|-boost|p2b: Chance|def|1\n|\n|-heal|p1b: Mayanne|23\/100|[from] item: Leftovers\n|upkeep\n|turn|2\n|\n|t:|1697907624\n|move|p1a: Nyan-Nyan|Reflect|p1a: Nyan-Nyan\n|-sidestart|p1: Geust_37|Reflect\n|move|p2a: Maushold|Population Bomb|p1b: Mayanne\n|-damage|p1b: Mayanne|19\/100\n|-damage|p1b: Mayanne|15\/100\n|-damage|p1b: Mayanne|11\/100\n|-damage|p1b: Mayanne|6\/100\n|-damage|p1b: Mayanne|2\/100\n|-damage|p1b: Mayanne|0 fnt\n|faint|p1b: Mayanne\n|-hitcount|p1: Mayanne|6\n|move|p2b: Chance|Heavy Slam|p1a: Nyan-Nyan\n|-damage|p1a: Nyan-Nyan|65\/100 par\n|\n|upkeep\n|\n|t:|1697907643\n|switch|p1b: Aastro|Gallade, M|100\/100\n|turn|3\n|\n|t:|1697907666\n|move|p2a: Maushold|Population Bomb|p2b: Chance\n|-damage|p2b: Chance|64\/100\n|-ability|p2b: Chance|Stamina|boost\n|-boost|p2b: Chance|def|1\n|-damage|p2b: Chance|63\/100\n|-ability|p2b: Chance|Stamina|boost\n|-boost|p2b: Chance|def|1\n|-damage|p2b: Chance|62\/100\n|-ability|p2b: Chance|Stamina|boost\n|-boost|p2b: Chance|def|1\n|-damage|p2b: Chance|60\/100\n|-ability|p2b: Chance|Stamina|boost\n|-boost|p2b: Chance|def|1\n|-damage|p2b: Chance|60\/100\n|-ability|p2b: Chance|Stamina|boost\n|-boost|p2b: Chance|def|1\n|-damage|p2b: Chance|59\/100\n|-damage|p2b: Chance|58\/100\n|-damage|p2b: Chance|57\/100\n|-crit|p2b: Chance\n|-damage|p2b: Chance|53\/100\n|-hitcount|p2b: Chance|9\n|move|p1b: Aastro|Sacred Sword|p2b: Chance\n|-damage|p2b: Chance|19\/100\n|move|p1a: Nyan-Nyan|Expanding Force|p2b: Chance|[spread] p2a,p2b\n|-damage|p2a: Maushold|0 fnt\n|-damage|p2b: Chance|0 fnt\n|faint|p2a: Maushold\n|faint|p2b: Chance\n|\n|upkeep\n|\n|t:|1697907698\n|switch|p2a: Seraphina|Farigiraf, M, shiny|100\/100\n|switch|p2b: Podostrix|Zapdos-Galar|100\/100\n|turn|4\n|\n|t:|1697907713\n|move|p2b: Podostrix|Brave Bird|p1b: Aastro\n|-supereffective|p1b: Aastro\n|-damage|p1b: Aastro|0 fnt\n|faint|p1b: Aastro\n|-damage|p2b: Podostrix|72\/100|[from] Recoil\n|move|p1a: Nyan-Nyan|Expanding Force|p2b: Podostrix|[spread] p2a,p2b\n|-resisted|p2a: Seraphina\n|-supereffective|p2b: Podostrix\n|-damage|p2a: Seraphina|80\/100\n|-damage|p2b: Podostrix|0 fnt\n|faint|p2b: Podostrix\n|move|p2a: Seraphina|Trick Room|p2a: Seraphina\n|-fieldstart|move: Trick Room|[of] p2a: Seraphina\n|\n|upkeep\n|\n|t:|1697907724\n|switch|p1b: Jello|Reuniclus, M|100\/100\n|switch|p2b: Abyss|Tyranitar, M|100\/100\n|-weather|Sandstorm|[from] ability: Sand Stream|[of] p2b: Abyss\n|turn|5\n|\n|t:|1697907739\n|move|p1b: Jello|Protect|p1b: Jello\n|-singleturn|p1b: Jello|Protect\n|move|p2a: Seraphina|Dazzling Gleam|p1a: Nyan-Nyan|[spread] p1a\n|-activate|p1b: Jello|move: Protect\n|-damage|p1a: Nyan-Nyan|41\/100 par\n|move|p2b: Abyss|Knock Off|p1b: Jello\n|-activate|p1b: Jello|move: Protect\n|move|p1a: Nyan-Nyan|Dark Pulse|p2a: Seraphina\n|-supereffective|p2a: Seraphina\n|-damage|p2a: Seraphina|46\/100\n|\n|-weather|Sandstorm|[upkeep]\n|-damage|p2a: Seraphina|40\/100|[from] Sandstorm\n|-damage|p1a: Nyan-Nyan|35\/100 par|[from] Sandstorm\n|-status|p1b: Jello|tox|[from] item: Toxic Orb\n|upkeep\n|turn|6\n|\n|t:|1697907764\n|move|p1b: Jello|Drain Punch|p2b: Abyss\n|-supereffective|p2b: Abyss\n|-damage|p2b: Abyss|50\/100\n|move|p2a: Seraphina|Dazzling Gleam|p1b: Jello|[spread] p1a,p1b\n|-damage|p1a: Nyan-Nyan|12\/100 par\n|-damage|p1b: Jello|82\/100 tox\n|move|p2b: Abyss|Knock Off|p1a: Nyan-Nyan\n|-supereffective|p1a: Nyan-Nyan\n|-damage|p1a: Nyan-Nyan|0 fnt\n|-enditem|p1a: Nyan-Nyan|Terrain Extender|[from] move: Knock Off|[of] p2b: Abyss\n|faint|p1a: Nyan-Nyan\n|\n|-weather|Sandstorm|[upkeep]\n|-damage|p2a: Seraphina|34\/100|[from] Sandstorm\n|-heal|p2b: Abyss|56\/100|[from] item: Leftovers\n|-sideend|p1: Geust_37|Reflect\n|upkeep\n|\n|t:|1697907783\n|switch|p1a: Zen|Medicham, M|100\/100\n|turn|7\n|\n|t:|1697907793\n|detailschange|p1a: Zen|Medicham-Mega, M\n|-mega|p1a: Zen|Medicham|Medichamite\n|-terastallize|p2a: Seraphina|Fairy\n|move|p2b: Abyss|Protect|p2b: Abyss\n|-singleturn|p2b: Abyss|Protect\n|move|p1b: Jello|Drain Punch|p2b: Abyss\n|-activate|p2b: Abyss|move: Protect\n|move|p2a: Seraphina|Dazzling Gleam|p1b: Jello|[spread] p1a,p1b\n|-supereffective|p1a: Zen\n|-damage|p1a: Zen|28\/100\n|-damage|p1b: Jello|54\/100 tox\n|move|p1a: Zen|Drain Punch|p2a: Seraphina\n|-resisted|p2a: Seraphina\n|-damage|p2a: Seraphina|5\/100\n|-heal|p1a: Zen|53\/100|[from] drain|[of] p2a: Seraphina\n|-damage|p1a: Zen|36\/100|[from] item: Rocky Helmet|[of] p2a: Seraphina\n|\n|-weather|Sandstorm|[upkeep]\n|-damage|p2a: Seraphina|0 fnt|[from] Sandstorm\n|-damage|p1a: Zen|30\/100|[from] Sandstorm\n|faint|p2a: Seraphina\n|-heal|p2b: Abyss|62\/100|[from] item: Leftovers\n|upkeep\n|\n|t:|1697907812\n|switch|p2a: Rex|Arcanine-Hisui, M, shiny|100\/100\n|-ability|p2a: Rex|Intimidate|boost\n|-unboost|p1a: Zen|atk|1\n|-unboost|p1b: Jello|atk|1\n|turn|8\n|\n|t:|1697907827\n|switch|p1a: Enkiryia|Ceruledge, F|100\/100\n|move|p2a: Rex|Extreme Speed|p1a: Enkiryia\n|-activate|p1a: Enkiryia|move: Psychic Terrain\n|move|p1b: Jello|Drain Punch|p2b: Abyss\n|-supereffective|p2b: Abyss\n|-damage|p2b: Abyss|30\/100\n|-heal|p1b: Jello|70\/100 tox|[from] drain|[of] p2b: Abyss\n|move|p2b: Abyss|Knock Off|p1b: Jello\n|-supereffective|p1b: Jello\n|-damage|p1b: Jello|0 fnt\n|-enditem|p1b: Jello|Toxic Orb|[from] move: Knock Off|[of] p2b: Abyss\n|faint|p1b: Jello\n|\n|-weather|Sandstorm|[upkeep]\n|-damage|p1a: Enkiryia|94\/100|[from] Sandstorm\n|-heal|p2b: Abyss|36\/100|[from] item: Leftovers\n|-fieldend|move: Trick Room\n|-fieldend|move: Psychic Terrain\n|upkeep\n|\n|t:|1697907844\n|switch|p1b: Zen|Medicham-Mega, M|30\/100\n|turn|9\n|\n|t:|1697907879\n|move|p2a: Rex|Extreme Speed|p1b: Zen\n|-damage|p1b: Zen|0 fnt\n|faint|p1b: Zen\n|move|p1a: Enkiryia|Phantom Force||[still]\n|-prepare|p1a: Enkiryia|Phantom Force\n|move|p2b: Abyss|High Horsepower|p1a: Enkiryia|[miss]\n|-miss|p2b: Abyss|p1a: Enkiryia\n|\n|-weather|none\n|-heal|p2b: Abyss|42\/100|[from] item: Leftovers\n|upkeep\n|turn|10\n|\n|t:|1697907896\n|move|p1a: Enkiryia|Phantom Force|p2a: Rex|[from]lockedmove\n|-damage|p2a: Rex|36\/100\n|-enditem|p2a: Rex|Sitrus Berry|[eat]\n|-heal|p2a: Rex|61\/100|[from] item: Sitrus Berry\n|-damage|p1a: Enkiryia|84\/100|[from] item: Life Orb\n|move|p2a: Rex|Crunch|p1a: Enkiryia\n|-supereffective|p1a: Enkiryia\n|-crit|p1a: Enkiryia\n|-damage|p1a: Enkiryia|0 fnt\n|faint|p1a: Enkiryia\n|\n|win|Metalslay3r\n|c|\u2606Geust_37|gg\n|c|\u2606Metalslay3r|GG\n|l|\u2606Geust_37\n|l|\u2606Metalslay3r\n|j|\u2606Metalslay3r\n|player|p2|Metalslay3r|hilda-wonderlauncher\n","uploadtime":1697908053,"views":13,"p1id":"geust37","p2id":"metalslay3r","formatid":"gen9nationaldexdoubles","rating":0,"private":0,"password":""}