{"id":"gen9nationaldexdoubles-1990599715","p1":"SirChewsALot","p2":"tifftiff","format":"[Gen 9] National Dex Doubles","log":"|j|\u2606SirChewsALot\n|j|\u2606tifftiff\n|t:|1699984669\n|gametype|doubles\n|player|p1|SirChewsALot|acetrainerf|\n|player|p2|tifftiff|cynthia-gen4|\n|teamsize|p1|6\n|teamsize|p2|6\n|gen|9\n|tier|[Gen 9] National Dex Doubles\n|rule|HP Percentage Mod: HP is shown in percentages\n|rule|Endless Battle Clause: Forcing endless battles is banned\n|rule|OHKO Clause: OHKO moves are banned\n|rule|Evasion Moves Clause: Evasion moves are banned\n|rule|Evasion Abilities Clause: Evasion abilities are banned\n|rule|Species Clause: Limit one of each Pok\u00e9mon\n|rule|Gravity Sleep Clause: The combination of sleep-inducing moves with imperfect accuracy and Gravity or Gigantamax Orbeetle are banned\n|clearpoke\n|poke|p1|Teddiursa, M|\n|poke|p1|Larvesta, F|\n|poke|p1|Nacli, F|\n|poke|p1|Buneary, M|\n|poke|p1|Elgyem, M|\n|poke|p1|Lotad, M|\n|poke|p2|Emolga, M|\n|poke|p2|Pachirisu, F|\n|poke|p2|Pincurchin, M|\n|poke|p2|Mareep, F|\n|poke|p2|Dedenne, M|\n|poke|p2|Furret, M|\n|teampreview\n|\n|t:|1699984682\n|start\n|switch|p1a: Nacli|Nacli, F|100\/100\n|switch|p1b: Elgyem|Elgyem, M|100\/100\n|switch|p2a: ZipZap|Emolga, M|100\/100\n|switch|p2b: Aowy|Pincurchin, M|100\/100\n|-fieldstart|move: Electric Terrain|[from] ability: Electric Surge|[of] p2b: Aowy\n|turn|1\n|\n|t:|1699984724\n|move|p2a: ZipZap|Toxic|p1a: Nacli|[miss]\n|-miss|p2a: ZipZap|p1a: Nacli\n|move|p1b: Elgyem|Guard Split|p2b: Aowy\n|-activate|p1b: Elgyem|move: Guard Split|[of] p2b: Aowy\n|move|p1a: Nacli|Stone Edge|p2a: ZipZap\n|-supereffective|p2a: ZipZap\n|-damage|p2a: ZipZap|8\/100\n|move|p2b: Aowy|Toxic Spikes|p1b: Elgyem\n|-sidestart|p1: SirChewsALot|move: Toxic Spikes\n|\n|upkeep\n|turn|2\n|\n|t:|1699984766\n|move|p2a: ZipZap|Encore|p1b: Elgyem\n|-start|p1b: Elgyem|Encore\n|move|p1b: Elgyem|Guard Split|p2b: Aowy\n|-activate|p1b: Elgyem|move: Guard Split|[of] p2b: Aowy\n|move|p1a: Nacli|Stone Edge|p2b: Aowy\n|-damage|p2b: Aowy|65\/100\n|move|p2b: Aowy|Scald|p1a: Nacli\n|-supereffective|p1a: Nacli\n|-damage|p1a: Nacli|51\/100\n|\n|upkeep\n|turn|3\n|\n|t:|1699984794\n|switch|p1b: Larvesta|Larvesta, F|100\/100\n|switch|p1a: Lotad|Lotad, M|100\/100\n|-status|p1a: Lotad|psn\n|move|p2a: ZipZap|Roost|p2a: ZipZap\n|-heal|p2a: ZipZap|58\/100\n|-singleturn|p2a: ZipZap|move: Roost\n|move|p2b: Aowy|Scald|p1a: Lotad\n|-resisted|p1a: Lotad\n|-damage|p1a: Lotad|96\/100 psn\n|\n|-damage|p1a: Lotad|84\/100 psn|[from] psn\n|upkeep\n|turn|4\n|\n|t:|1699984835\n|move|p2a: ZipZap|Toxic|p1b: Larvesta\n|-status|p1b: Larvesta|tox\n|move|p1b: Larvesta|Flare Blitz|p2b: Aowy\n|-damage|p2b: Aowy|0 fnt\n|faint|p2b: Aowy\n|-damage|p1b: Larvesta|75\/100 tox|[from] Recoil\n|move|p1a: Lotad|Scald|p2a: ZipZap\n|-damage|p2a: ZipZap|35\/100\n|\n|-damage|p1b: Larvesta|69\/100 tox|[from] psn\n|-damage|p1a: Lotad|71\/100 psn|[from] psn\n|upkeep\n|\n|t:|1699984846\n|switch|p2b: Pickme|Pachirisu, F|100\/100\n|turn|5\n|\n|t:|1699984882\n|move|p2a: ZipZap|Discharge|p1b: Larvesta|[spread] p1a,p1b\n|-immune|p2b: Pickme|[from] ability: Volt Absorb\n|-damage|p1a: Lotad|58\/100 psn\n|-damage|p1b: Larvesta|33\/100 tox\n|move|p2b: Pickme|Nuzzle|p1a: Lotad\n|-damage|p1a: Lotad|43\/100 psn\n|move|p1b: Larvesta|Flare Blitz|p2b: Pickme\n|-damage|p2b: Pickme|50\/100\n|-enditem|p2b: Pickme|Sitrus Berry|[eat]\n|-heal|p2b: Pickme|75\/100|[from] item: Sitrus Berry\n|-damage|p1b: Larvesta|12\/100 tox|[from] Recoil\n|move|p1a: Lotad|Scald|p2b: Pickme\n|-damage|p2b: Pickme|61\/100\n|\n|-damage|p1b: Larvesta|0 fnt|[from] psn\n|faint|p1b: Larvesta\n|-damage|p1a: Lotad|31\/100 psn|[from] psn\n|upkeep\n|\n|t:|1699984903\n|switch|p1b: Elgyem|Elgyem, M|100\/100\n|-status|p1b: Elgyem|psn\n|turn|6\n|\n|t:|1699984916\n|move|p2a: ZipZap|Discharge|p1b: Elgyem|[spread] p1a,p1b\n|-heal|p2b: Pickme|86\/100|[from] ability: Volt Absorb|[of] p2a: ZipZap\n|-damage|p1a: Lotad|17\/100 psn\n|-damage|p1b: Elgyem|71\/100 psn\n|move|p2b: Pickme|Super Fang|p1b: Elgyem\n|-damage|p1b: Elgyem|36\/100 psn\n|-enditem|p1b: Elgyem|Sitrus Berry|[eat]\n|-heal|p1b: Elgyem|61\/100 psn|[from] item: Sitrus Berry\n|move|p1b: Elgyem|Light Screen|p1b: Elgyem\n|-sidestart|p1: SirChewsALot|move: Light Screen\n|move|p1a: Lotad|Scald|p2b: Pickme\n|-damage|p2b: Pickme|70\/100\n|-status|p2b: Pickme|brn\n|\n|-damage|p1b: Elgyem|48\/100 psn|[from] psn\n|-damage|p1a: Lotad|5\/100 psn|[from] psn\n|-damage|p2b: Pickme|64\/100 brn|[from] brn\n|upkeep\n|turn|7\n|\n|t:|1699984958\n|move|p2a: ZipZap|Discharge|p1b: Elgyem|[spread] p1a,p1b\n|-heal|p2b: Pickme|89\/100 brn|[from] ability: Volt Absorb|[of] p2a: ZipZap\n|-damage|p1a: Lotad|0 fnt\n|-damage|p1b: Elgyem|29\/100 psn\n|faint|p1a: Lotad\n|move|p2b: Pickme|Super Fang|p1b: Elgyem\n|-damage|p1b: Elgyem|15\/100 psn\n|move|p1b: Elgyem|Psychic|p2a: ZipZap\n|-damage|p2a: ZipZap|0 fnt\n|faint|p2a: ZipZap\n|\n|-damage|p1b: Elgyem|2\/100 psn|[from] psn\n|-damage|p2b: Pickme|83\/100 brn|[from] brn\n|upkeep\n|\n|t:|1699984988\n|switch|p2a: NeckPillow|Furret, M|100\/100\n|switch|p1a: Teddiursa|Teddiursa, M|100\/100\n|-item|p1a: Teddiursa|Soft Sand|[from] ability: Frisk|[of] p2a: NeckPillow|[identify]\n|-item|p2a: NeckPillow|Air Balloon\n|-status|p1a: Teddiursa|psn\n|turn|8\n|\n|t:|1699985006\n|move|p2b: Pickme|Follow Me|p2b: Pickme\n|-singleturn|p2b: Pickme|move: Follow Me\n|move|p1b: Elgyem|Ally Switch|p1b: Elgyem\n|swap|p1b: Elgyem|0|[from] move: Ally Switch\n|move|p2a: NeckPillow|Coil|p2a: NeckPillow\n|-boost|p2a: NeckPillow|atk|1\n|-boost|p2a: NeckPillow|def|1\n|-boost|p2a: NeckPillow|accuracy|1\n|move|p1b: Teddiursa|Return|p2b: Pickme\n|-crit|p2b: Pickme\n|-damage|p2b: Pickme|20\/100 brn\n|\n|-damage|p1b: Teddiursa|88\/100 psn|[from] psn\n|-damage|p1a: Elgyem|0 fnt|[from] psn\n|faint|p1a: Elgyem\n|-damage|p2b: Pickme|13\/100 brn|[from] brn\n|-fieldend|move: Electric Terrain\n|upkeep\n|\n|t:|1699985019\n|switch|p1a: Buneary|Buneary, M|100\/100\n|-status|p1a: Buneary|psn\n|turn|9\n|\n|t:|1699985047\n|move|p1b: Teddiursa|Protect|p1b: Teddiursa\n|-singleturn|p1b: Teddiursa|Protect\n|move|p1a: Buneary|Fake Out|p2a: NeckPillow\n|-damage|p2a: NeckPillow|85\/100\n|-enditem|p2a: NeckPillow|Air Balloon\n|move|p2b: Pickme|Follow Me|p2b: Pickme\n|-singleturn|p2b: Pickme|move: Follow Me\n|cant|p2a: NeckPillow|flinch\n|\n|-damage|p1a: Buneary|88\/100 psn|[from] psn\n|-damage|p1b: Teddiursa|76\/100 psn|[from] psn\n|-damage|p2b: Pickme|7\/100 brn|[from] brn\n|upkeep\n|turn|10\n|\n|t:|1699985075\n|move|p2b: Pickme|Follow Me|p2b: Pickme\n|-singleturn|p2b: Pickme|move: Follow Me\n|move|p2a: NeckPillow|Play Rough|p1a: Buneary\n|-damage|p1a: Buneary|6\/100 psn\n|move|p1a: Buneary|Return|p2b: Pickme\n|-damage|p2b: Pickme|0 fnt\n|faint|p2b: Pickme\n|move|p1b: Teddiursa|Return|p2a: NeckPillow\n|-damage|p2a: NeckPillow|41\/100\n|\n|-damage|p1a: Buneary|0 fnt|[from] psn\n|faint|p1a: Buneary\n|-damage|p1b: Teddiursa|64\/100 psn|[from] psn\n|-sideend|p1: SirChewsALot|move: Light Screen\n|upkeep\n|\n|t:|1699985092\n|switch|p1a: Nacli|Nacli, F|51\/100\n|switch|p2b: Dedeneden|Dedenne, M|100\/100\n|-item|p2b: Dedeneden|Air Balloon\n|turn|11\n|\n|t:|1699985108\n|move|p2b: Dedeneden|Dazzling Gleam|p1b: Teddiursa|[spread] p1a,p1b\n|-damage|p1a: Nacli|28\/100\n|-damage|p1b: Teddiursa|13\/100 psn\n|move|p2a: NeckPillow|Chilling Water|p1a: Nacli\n|-supereffective|p1a: Nacli\n|-damage|p1a: Nacli|13\/100\n|-unboost|p1a: Nacli|atk|1\n|move|p1b: Teddiursa|Gunk Shot|p2b: Dedeneden\n|-supereffective|p2b: Dedeneden\n|-damage|p2b: Dedeneden|0 fnt\n|-enditem|p2b: Dedeneden|Air Balloon\n|faint|p2b: Dedeneden\n|move|p1a: Nacli|Stone Edge|p2a: NeckPillow\n|-damage|p2a: NeckPillow|22\/100\n|\n|-damage|p1b: Teddiursa|1\/100 psn|[from] psn\n|upkeep\n|\n|t:|1699985123\n|switch|p2b: Fluuffy|Mareep, F|100\/100\n|turn|12\n|\n|t:|1699985138\n|-terastallize|p1b: Teddiursa|Ground\n|move|p2a: NeckPillow|Chilling Water|p1a: Nacli\n|-supereffective|p1a: Nacli\n|-damage|p1a: Nacli|0 fnt\n|faint|p1a: Nacli\n|move|p1b: Teddiursa|Earthquake|p2b: Fluuffy|[spread] p2a,p2b\n|-crit|p2a: NeckPillow\n|-supereffective|p2b: Fluuffy\n|-damage|p2a: NeckPillow|0 fnt\n|-damage|p2b: Fluuffy|0 fnt\n|faint|p2a: NeckPillow\n|faint|p2b: Fluuffy\n|\n|win|SirChewsALot\n|c|\u2606tifftiff|yooooo\n|c|\u2606SirChewsALot|so shoot\n|c|\u2606tifftiff|Congrats!\n|c|\u2606SirChewsALot|damn\n|c|\u2606SirChewsALot|i didn't think that would work\n|c|\u2606SirChewsALot|thanks! gg\n|c|\u2606SirChewsALot|1 hp XD\n|c|\u2606SirChewsALot|literally 1\/262\n|c|\u2606tifftiff|Poisoned too\n|l|\u2606tifftiff\n|c|\u2606SirChewsALot|tbf the mareep would've just bonked\n","uploadtime":1699985202,"views":23,"p1id":"sirchewsalot","p2id":"tifftiff","formatid":"gen9nationaldexdoubles","rating":0,"private":0,"password":""}