{"id":"gen9nationaldexdoubles-1977116678","p1":"Draggy Gutsfree","p2":"JackieNut","format":"[Gen 9] National Dex Doubles","log":"|j|\u2606Draggy Gutsfree\n|j|\u2606JackieNut\n|t:|1698373415\n|gametype|doubles\n|player|p1|Draggy Gutsfree|will|\n|player|p2|JackieNut|flannery|\n|teamsize|p1|6\n|teamsize|p2|6\n|gen|9\n|tier|[Gen 9] National Dex Doubles\n|rule|HP Percentage Mod: HP is shown in percentages\n|rule|Endless Battle Clause: Forcing endless battles is banned\n|rule|OHKO Clause: OHKO moves are banned\n|rule|Evasion Moves Clause: Evasion moves are banned\n|rule|Evasion Abilities Clause: Evasion abilities are banned\n|rule|Species Clause: Limit one of each Pok\u00e9mon\n|rule|Gravity Sleep Clause: The combination of sleep-inducing moves with imperfect accuracy and Gravity or Gigantamax Orbeetle are banned\n|clearpoke\n|poke|p1|Sinistcha-Masterpiece|\n|poke|p1|Volbeat, M|\n|poke|p1|Ceruledge, F|\n|poke|p1|Gengar, F|\n|poke|p1|Goodra-Hisui, M|\n|poke|p1|Urshifu-*, F|\n|poke|p2|Zamazenta-*|\n|poke|p2|Lycanroc-Midnight, M|\n|poke|p2|Shaymin-Sky|\n|poke|p2|Sylveon, F|\n|poke|p2|Arcanine, M|\n|poke|p2|Suicune|\n|teampreview\n|\n|t:|1698373453\n|start\n|switch|p1a: Volbeat|Volbeat, M|100\/100\n|switch|p1b: Urshifu|Urshifu-Rapid-Strike, F|100\/100\n|switch|p2a: mutt|Arcanine, M|100\/100\n|switch|p2b: water dog|Suicune|100\/100\n|-ability|p2a: mutt|Intimidate|boost\n|-unboost|p1a: Volbeat|atk|1\n|-unboost|p1b: Urshifu|atk|1\n|turn|1\n|\n|t:|1698373475\n|move|p1a: Volbeat|Tailwind|p1a: Volbeat\n|-sidestart|p1: Draggy Gutsfree|move: Tailwind\n|move|p1b: Urshifu|Surging Strikes|p2a: mutt\n|-supereffective|p2a: mutt\n|-crit|p2a: mutt\n|-damage|p2a: mutt|28\/100\n|-enditem|p2a: mutt|Sitrus Berry|[eat]\n|-heal|p2a: mutt|53\/100|[from] item: Sitrus Berry\n|-supereffective|p2a: mutt\n|-crit|p2a: mutt\n|-damage|p2a: mutt|0 fnt\n|faint|p2a: mutt\n|-hitcount|p2: mutt|2\n|move|p2b: water dog|Tailwind|p2b: water dog\n|-sidestart|p2: JackieNut|move: Tailwind\n|\n|upkeep\n|\n|t:|1698373533\n|switch|p2a: doggie|Shaymin-Sky|100\/100\n|turn|2\n|\n|t:|1698373575\n|switch|p1b: Goodra|Goodra-Hisui, M|100\/100\n|switch|p2b: gay dog|Sylveon, F|100\/100\n|move|p1a: Volbeat|Encore||[still]\n|-fail|p1a: Volbeat\n|move|p2a: doggie|Air Slash|p1b: Goodra\n|-resisted|p1b: Goodra\n|-damage|p1b: Goodra|84\/100\n|-damage|p2a: doggie|91\/100|[from] item: Life Orb\n|\n|upkeep\n|turn|3\n|\n|t:|1698373626\n|switch|p2b: pupie|Zamazenta|100\/100\n|-ability|p2b: pupie|Dauntless Shield|boost\n|-boost|p2b: pupie|def|1\n|move|p2a: doggie|Air Slash|p1a: Volbeat\n|-supereffective|p1a: Volbeat\n|-damage|p1a: Volbeat|0 fnt\n|faint|p1a: Volbeat\n|-damage|p2a: doggie|81\/100|[from] item: Life Orb\n|move|p1b: Goodra|Acid Armor|p1b: Goodra\n|-boost|p1b: Goodra|def|2\n|\n|upkeep\n|\n|t:|1698373645\n|switch|p1a: Gengar|Gengar, F|100\/100\n|turn|4\n|\n|t:|1698373730\n|move|p2b: pupie|Crunch|p1a: Gengar\n|-supereffective|p1a: Gengar\n|-damage|p1a: Gengar|0 fnt\n|faint|p1a: Gengar\n|move|p2a: doggie|Tailwind||[still]\n|-fail|p2a: doggie\n|move|p1b: Goodra|Acid Armor|p1b: Goodra\n|-boost|p1b: Goodra|def|2\n|\n|-sideend|p2: JackieNut|move: Tailwind\n|-sideend|p1: Draggy Gutsfree|move: Tailwind\n|upkeep\n|\n|t:|1698373740\n|switch|p1a: Urshifu|Urshifu-Rapid-Strike, F|100\/100\n|turn|5\n|\n|t:|1698373843\n|move|p2b: pupie|Crunch|p1a: Urshifu\n|-resisted|p1a: Urshifu\n|-damage|p1a: Urshifu|81\/100\n|move|p2a: doggie|Dazzling Gleam|p1a: Urshifu|[spread] p1a,p1b\n|-supereffective|p1a: Urshifu\n|-damage|p1a: Urshifu|0 fnt\n|-damage|p1b: Goodra|66\/100\n|faint|p1a: Urshifu\n|-damage|p2a: doggie|71\/100|[from] item: Life Orb\n|move|p1b: Goodra|Heavy Slam|p2a: doggie\n|-damage|p2a: doggie|22\/100\n|\n|upkeep\n|\n|t:|1698373857\n|switch|p1a: Sinistcha|Sinistcha-Masterpiece|100\/100\n|-heal|p1b: Goodra|91\/100|[from] ability: Hospitality|[of] p1a: Sinistcha\n|turn|6\n|\n|t:|1698373899\n|move|p2b: pupie|Crunch|p1a: Sinistcha\n|-supereffective|p1a: Sinistcha\n|-damage|p1a: Sinistcha|42\/100\n|move|p2a: doggie|Tailwind|p2a: doggie\n|-sidestart|p2: JackieNut|move: Tailwind\n|move|p1a: Sinistcha|Calm Mind|p1a: Sinistcha\n|-boost|p1a: Sinistcha|spa|1\n|-boost|p1a: Sinistcha|spd|1\n|move|p1b: Goodra|Body Press|p2a: doggie\n|-resisted|p2a: doggie\n|-damage|p2a: doggie|0 fnt\n|faint|p2a: doggie\n|\n|-heal|p1a: Sinistcha|48\/100|[from] item: Leftovers\n|upkeep\n|\n|t:|1698374011\n|switch|p2a: wolfie|Lycanroc-Midnight, M|100\/100\n|turn|7\n|\n|t:|1698374061\n|switch|p1a: Ceruledge|Ceruledge, F|100\/100\n|move|p2b: pupie|Crunch|p1a: Ceruledge\n|-supereffective|p1a: Ceruledge\n|-damage|p1a: Ceruledge|9\/100\n|move|p2a: wolfie|Close Combat|p1b: Goodra\n|-supereffective|p1b: Goodra\n|-damage|p1b: Goodra|65\/100\n|-unboost|p2a: wolfie|def|1\n|-unboost|p2a: wolfie|spd|1\n|-damage|p2a: wolfie|84\/100|[from] item: Rocky Helmet|[of] p1b: Goodra\n|move|p1b: Goodra|Body Press|p2a: wolfie\n|-supereffective|p2a: wolfie\n|-damage|p2a: wolfie|0 fnt\n|faint|p2a: wolfie\n|\n|upkeep\n|\n|t:|1698374151\n|switch|p2a: gay dog|Sylveon, F|100\/100\n|turn|8\n|\n|t:|1698374163\n|move|p1a: Ceruledge|Shadow Sneak|p2a: gay dog\n|-damage|p2a: gay dog|74\/100\n|move|p2b: pupie|Crunch|p1a: Ceruledge\n|-supereffective|p1a: Ceruledge\n|-damage|p1a: Ceruledge|0 fnt\n|faint|p1a: Ceruledge\n|move|p2a: gay dog|Substitute|p2a: gay dog\n|-start|p2a: gay dog|Substitute\n|-damage|p2a: gay dog|49\/100\n|move|p1b: Goodra|Heavy Slam|p2a: gay dog\n|-supereffective|p2a: gay dog\n|-end|p2a: gay dog|Substitute\n|\n|-heal|p2a: gay dog|55\/100|[from] item: Leftovers\n|upkeep\n|\n|t:|1698374175\n|switch|p1a: Sinistcha|Sinistcha-Masterpiece|48\/100\n|-heal|p1b: Goodra|90\/100|[from] ability: Hospitality|[of] p1a: Sinistcha\n|turn|9\n|\n|t:|1698374351\n|move|p2a: gay dog|Protect|p2a: gay dog\n|-singleturn|p2a: gay dog|Protect\n|move|p2b: pupie|Crunch|p1a: Sinistcha\n|-supereffective|p1a: Sinistcha\n|-damage|p1a: Sinistcha|0 fnt\n|faint|p1a: Sinistcha\n|move|p1b: Goodra|Heavy Slam|p2a: gay dog\n|-activate|p2a: gay dog|move: Protect\n|\n|-heal|p2a: gay dog|61\/100|[from] item: Leftovers\n|-sideend|p2: JackieNut|move: Tailwind\n|upkeep\n|turn|10\n|\n|t:|1698374374\n|switch|p2b: water dog|Suicune|100\/100\n|move|p2a: gay dog|Protect||[still]\n|-fail|p2a: gay dog\n|move|p1b: Goodra|Body Press|p2b: water dog\n|-damage|p2b: water dog|43\/100\n|\n|-heal|p2b: water dog|50\/100|[from] item: Leftovers\n|-heal|p2a: gay dog|67\/100|[from] item: Leftovers\n|upkeep\n|turn|11\n|\n|t:|1698374479\n|switch|p2b: pupie|Zamazenta|100\/100\n|move|p1b: Goodra|Body Press|p2b: pupie\n|-damage|p2b: pupie|34\/100\n|move|p2a: gay dog|Hyper Voice|p1b: Goodra\n|-damage|p1b: Goodra|50\/100\n|\n|-heal|p2a: gay dog|73\/100|[from] item: Leftovers\n|upkeep\n|turn|12\n|\n|t:|1698374527\n|move|p2b: pupie|Close Combat|p1b: Goodra\n|-supereffective|p1b: Goodra\n|-damage|p1b: Goodra|9\/100\n|-unboost|p2b: pupie|def|1\n|-unboost|p2b: pupie|spd|1\n|-damage|p2b: pupie|18\/100|[from] item: Rocky Helmet|[of] p1b: Goodra\n|move|p1b: Goodra|Heavy Slam|p2a: gay dog\n|-supereffective|p2a: gay dog\n|-damage|p2a: gay dog|0 fnt\n|faint|p2a: gay dog\n|\n|upkeep\n|\n|t:|1698374537\n|switch|p2a: water dog|Suicune|50\/100\n|turn|13\n|\n|t:|1698374544\n|move|p2b: pupie|Close Combat|p1b: Goodra\n|-supereffective|p1b: Goodra\n|-damage|p1b: Goodra|0 fnt\n|-unboost|p2b: pupie|def|1\n|-unboost|p2b: pupie|spd|1\n|-damage|p2b: pupie|1\/100|[from] item: Rocky Helmet|[of] p1b: Goodra\n|faint|p1b: Goodra\n|\n|win|JackieNut\n","uploadtime":1698374551,"views":10,"p1id":"draggygutsfree","p2id":"jackienut","formatid":"gen9nationaldexdoubles","rating":0,"private":0,"password":""}