{"id":"gen9nationaldexdoubles-1950874408","p1":"wssgdsb","p2":"Vixen 4 Life","format":"[Gen 9] National Dex Doubles","log":"|j|\u2606wssgdsb\n|j|\u2606Vixen 4 Life\n|t:|1695514813\n|gametype|doubles\n|player|p1|wssgdsb|teamrocket|1361\n|player|p2|Vixen 4 Life|penny|1343\n|teamsize|p1|6\n|teamsize|p2|6\n|gen|9\n|tier|[Gen 9] National Dex Doubles\n|rated|\n|rule|HP Percentage Mod: HP is shown in percentages\n|rule|Endless Battle Clause: Forcing endless battles is banned\n|rule|OHKO Clause: OHKO moves are banned\n|rule|Evasion Moves Clause: Evasion moves are banned\n|rule|Evasion Abilities Clause: Evasion abilities are banned\n|rule|Species Clause: Limit one of each Pok\u00e9mon\n|rule|Gravity Sleep Clause: The combination of sleep-inducing moves with imperfect accuracy and Gravity or Gigantamax Orbeetle are banned\n|clearpoke\n|poke|p1|Kangaskhan, F|\n|poke|p1|Tornadus, M|\n|poke|p1|Flutter Mane|\n|poke|p1|Incineroar, F|\n|poke|p1|Urshifu-*, M|\n|poke|p1|Jirachi|\n|poke|p2|Okidogi, M|\n|poke|p2|Roaring Moon|\n|poke|p2|Rillaboom, F|\n|poke|p2|Chien-Pao|\n|poke|p2|Gholdengo|\n|poke|p2|Gyarados, M|\n|teampreview\n|\n|t:|1695514821\n|start\n|switch|p1a: Tornadus|Tornadus, M|100\/100\n|switch|p1b: Kangaskhan|Kangaskhan, F|100\/100\n|switch|p2a: Okidogi|Okidogi, M|100\/100\n|switch|p2b: Gyarados|Gyarados, M|100\/100\n|-ability|p2b: Gyarados|Intimidate|boost\n|-unboost|p1a: Tornadus|atk|1\n|-fail|p1b: Kangaskhan|unboost|Attack|[from] ability: Scrappy|[of] p1b: Kangaskhan\n|turn|1\n|\n|t:|1695514835\n|detailschange|p1b: Kangaskhan|Kangaskhan-Mega, F\n|-mega|p1b: Kangaskhan|Kangaskhan|Kangaskhanite\n|move|p2a: Okidogi|Protect|p2a: Okidogi\n|-singleturn|p2a: Okidogi|Protect\n|move|p1b: Kangaskhan|Fake Out|p2a: Okidogi\n|-activate|p2a: Okidogi|move: Protect\n|move|p1a: Tornadus|Tailwind|p1a: Tornadus\n|-sidestart|p1: wssgdsb|move: Tailwind\n|move|p2b: Gyarados|Thunder Wave|p1b: Kangaskhan\n|-status|p1b: Kangaskhan|par\n|\n|upkeep\n|turn|2\n|\n|t:|1695514856\n|move|p1a: Tornadus|Bleakwind Storm|p2a: Okidogi|[spread] \n|-miss|p1a: Tornadus|p2a: Okidogi\n|-miss|p1a: Tornadus|p2b: Gyarados\n|move|p1b: Kangaskhan|Power-Up Punch|p2b: Gyarados\n|-resisted|p2b: Gyarados\n|-damage|p2b: Gyarados|93\/100\n|-boost|p1b: Kangaskhan|atk|1\n|-resisted|p2b: Gyarados\n|-damage|p2b: Gyarados|90\/100\n|-boost|p1b: Kangaskhan|atk|1\n|-hitcount|p2b: Gyarados|2\n|move|p2b: Gyarados|Thunder Wave|p1a: Tornadus\n|-status|p1a: Tornadus|par\n|move|p2a: Okidogi|Bulk Up|p2a: Okidogi\n|-boost|p2a: Okidogi|atk|1\n|-boost|p2a: Okidogi|def|1\n|\n|upkeep\n|turn|3\n|\n|t:|1695514878\n|move|p2a: Okidogi|Protect|p2a: Okidogi\n|-singleturn|p2a: Okidogi|Protect\n|move|p1a: Tornadus|Bleakwind Storm|p2a: Okidogi|[spread] p2b\n|-activate|p2a: Okidogi|move: Protect\n|-damage|p2b: Gyarados|58\/100\n|move|p1b: Kangaskhan|Return|p2b: Gyarados\n|-damage|p2b: Gyarados|0 fnt\n|faint|p2b: Gyarados\n|-hitcount|p2: Gyarados|1\n|\n|upkeep\n|\n|t:|1695514891\n|switch|p2b: Roaring Moon|Roaring Moon|100\/100\n|-enditem|p2b: Roaring Moon|Booster Energy\n|-activate|p2b: Roaring Moon|ability: Protosynthesis|[fromitem]\n|-start|p2b: Roaring Moon|protosynthesisspe\n|turn|4\n|\n|t:|1695514912\n|-terastallize|p2a: Okidogi|Fairy\n|move|p2b: Roaring Moon|Tailwind|p2b: Roaring Moon\n|-sidestart|p2: Vixen 4 Life|move: Tailwind\n|move|p2a: Okidogi|Drain Punch|p1b: Kangaskhan\n|-supereffective|p1b: Kangaskhan\n|-damage|p1b: Kangaskhan|0 fnt\n|faint|p1b: Kangaskhan\n|move|p1a: Tornadus|Bleakwind Storm|p2a: Okidogi|[spread] p2a\n|-miss|p1a: Tornadus|p2b: Roaring Moon\n|-damage|p2a: Okidogi|62\/100\n|\n|-heal|p2a: Okidogi|68\/100|[from] item: Leftovers\n|-sideend|p1: wssgdsb|move: Tailwind\n|upkeep\n|\n|t:|1695514921\n|switch|p1b: Flutter Mane|Flutter Mane|100\/100\n|-enditem|p1b: Flutter Mane|Booster Energy\n|-activate|p1b: Flutter Mane|ability: Protosynthesis|[fromitem]\n|-start|p1b: Flutter Mane|protosynthesisspa\n|turn|5\n|\n|t:|1695514931\n|cant|p1a: Tornadus|par\n|move|p2b: Roaring Moon|Acrobatics|p1b: Flutter Mane\n|-damage|p1b: Flutter Mane|39\/100\n|move|p2a: Okidogi|Poison Jab|p1b: Flutter Mane\n|-damage|p1b: Flutter Mane|0 fnt\n|faint|p1b: Flutter Mane\n|-end|p1b: Flutter Mane|Protosynthesis|[silent]\n|\n|-heal|p2a: Okidogi|74\/100|[from] item: Leftovers\n|upkeep\n|\n|t:|1695514947\n|switch|p1b: Urshifu|Urshifu-Rapid-Strike, M|100\/100\n|turn|6\n|\n|t:|1695514966\n|switch|p1b: Incineroar|Incineroar, F|100\/100\n|-ability|p1b: Incineroar|Intimidate|boost\n|-ability|p2a: Okidogi|Guard Dog|boost\n|-boost|p2a: Okidogi|atk|1\n|-enditem|p1b: Incineroar|Mirror Herb\n|-boost|p1b: Incineroar|atk|1|[from] item: Mirror Herb\n|-unboost|p2b: Roaring Moon|atk|1\n|cant|p1a: Tornadus|par\n|move|p2b: Roaring Moon|Acrobatics|p1b: Incineroar\n|-damage|p1b: Incineroar|81\/100\n|move|p2a: Okidogi|Drain Punch|p1b: Incineroar\n|-supereffective|p1b: Incineroar\n|-damage|p1b: Incineroar|0 fnt\n|-heal|p2a: Okidogi|100\/100|[from] drain|[of] p1b: Incineroar\n|faint|p1b: Incineroar\n|\n|upkeep\n|\n|t:|1695514970\n|switch|p1b: Urshifu|Urshifu-Rapid-Strike, M|100\/100\n|turn|7\n|-message|wssgdsb forfeited.\n|\n|win|Vixen 4 Life\n|raw|wssgdsb's rating: 1361 &rarr; <strong>1340<\/strong><br \/>(-21 for losing)\n|raw|Vixen 4 Life's rating: 1343 &rarr; <strong>1364<\/strong><br \/>(+21 for winning)\n|l|\u2606wssgdsb\n|c|\u2606Vixen 4 Life|I got that dog in me.\n","uploadtime":1695514993,"views":15,"p1id":"wssgdsb","p2id":"vixen4life","formatid":"gen9nationaldexdoubles","rating":1340,"private":0,"password":""}