{"id":"gen9nationaldexdoubles-1961953667","p1":"Kaxxxx","p2":"juanchossss","format":"[Gen 9] National Dex Doubles","log":"|j|\u2606Kaxxxx\n|j|\u2606juanchossss\n|t:|1696692521\n|gametype|doubles\n|player|p1|Kaxxxx|steven|\n|player|p2|juanchossss|unknownf|\n|teamsize|p1|6\n|teamsize|p2|6\n|gen|9\n|tier|[Gen 9] National Dex Doubles\n|rule|HP Percentage Mod: HP is shown in percentages\n|rule|Endless Battle Clause: Forcing endless battles is banned\n|rule|OHKO Clause: OHKO moves are banned\n|rule|Evasion Moves Clause: Evasion moves are banned\n|rule|Evasion Abilities Clause: Evasion abilities are banned\n|rule|Species Clause: Limit one of each Pok\u00e9mon\n|rule|Gravity Sleep Clause: The combination of sleep-inducing moves with imperfect accuracy and Gravity or Gigantamax Orbeetle are banned\n|clearpoke\n|poke|p1|Walking Wake|\n|poke|p1|Goodra-Hisui, M|\n|poke|p1|Baxcalibur, F|\n|poke|p1|Charizard, M|\n|poke|p1|Salamence, F|\n|poke|p1|Dragonite, F|\n|poke|p2|Araquanid, M|\n|poke|p2|Armaldo, F|\n|poke|p2|Scizor, F|\n|poke|p2|Buzzwole|\n|poke|p2|Volcarona, F|\n|poke|p2|Galvantula, M|\n|teampreview\n|inactive|Battle timer is ON: inactive players will automatically lose when time's up. (requested by juanchossss)\n|inactiveoff|Battle timer is now OFF.\n|\n|t:|1696692550\n|start\n|switch|p1a: Salamence|Salamence, F|100\/100\n|switch|p1b: Charizard|Charizard, M|100\/100\n|switch|p2a: Armaldo|Armaldo, F|100\/100\n|switch|p2b: Scizor|Scizor, F|100\/100\n|-ability|p1a: Salamence|Intimidate|boost\n|-unboost|p2a: Armaldo|atk|1\n|-unboost|p2b: Scizor|atk|1\n|turn|1\n|j| fifier\n|c|\u2606Kaxxxx|Suerte\n|\n|t:|1696692573\n|switch|p2b: Galvantula|Galvantula, M|100\/100\n|detailschange|p1b: Charizard|Charizard-Mega-X, M\n|-mega|p1b: Charizard|Charizard|Charizardite X\n|move|p1b: Charizard|Protect|p1b: Charizard\n|-singleturn|p1b: Charizard|Protect\n|move|p1a: Salamence|Heat Wave|p2a: Armaldo|[spread] p2a,p2b\n|-supereffective|p2b: Galvantula\n|-damage|p2a: Armaldo|63\/100\n|-damage|p2b: Galvantula|0 fnt\n|faint|p2b: Galvantula\n|move|p2a: Armaldo|Stealth Rock|p1b: Charizard\n|-sidestart|p1: Kaxxxx|move: Stealth Rock\n|\n|upkeep\n|c|\u2606Kaxxxx|Interesante\n|\n|t:|1696692614\n|switch|p2b: Buzzwole|Buzzwole|100\/100\n|turn|2\n|\n|t:|1696692629\n|switch|p1b: Dragonite|Dragonite, F|100\/100\n|-damage|p1b: Dragonite|76\/100|[from] Stealth Rock\n|-terastallize|p2b: Buzzwole|Ground\n|move|p2b: Buzzwole|Ice Punch|p1a: Salamence\n|-supereffective|p1a: Salamence\n|-damage|p1a: Salamence|0 fnt\n|faint|p1a: Salamence\n|-ability|p2b: Buzzwole|Beast Boost|boost\n|-boost|p2b: Buzzwole|atk|1\n|move|p2a: Armaldo|Stone Edge|p1b: Dragonite|[miss]\n|-miss|p2a: Armaldo|p1b: Dragonite\n|\n|-heal|p1b: Dragonite|82\/100|[from] item: Leftovers\n|upkeep\n|\n|t:|1696692638\n|switch|p1a: Walking Wake|Walking Wake|100\/100\n|-damage|p1a: Walking Wake|88\/100|[from] Stealth Rock\n|-enditem|p1a: Walking Wake|Booster Energy\n|-activate|p1a: Walking Wake|ability: Protosynthesis|[fromitem]\n|-start|p1a: Walking Wake|protosynthesisspa\n|turn|3\n|c|\u2606Kaxxxx|Uhhh\n|c|\u2606Kaxxxx|La verdad no me he mirado tu paste\n|\n|t:|1696692665\n|move|p2b: Buzzwole|Ice Punch|p1b: Dragonite\n|-supereffective|p1b: Dragonite\n|-damage|p1b: Dragonite|0 fnt\n|faint|p1b: Dragonite\n|-ability|p2b: Buzzwole|Beast Boost|boost\n|-boost|p2b: Buzzwole|atk|1\n|move|p1a: Walking Wake|Surf|p2a: Armaldo|[spread] p2a,p2b\n|-supereffective|p2a: Armaldo\n|-supereffective|p2b: Buzzwole\n|-damage|p2a: Armaldo|0 fnt\n|-damage|p2b: Buzzwole|0 fnt\n|faint|p2a: Armaldo\n|faint|p2b: Buzzwole\n|\n|upkeep\n|c|\u2606Kaxxxx|Me ha pillado por sorpresa xD\n|\n|t:|1696692680\n|switch|p2b: Scizor|Scizor, F|100\/100\n|switch|p1b: Goodra|Goodra-Hisui, M|100\/100\n|switch|p2a: Araquanid|Araquanid, M|100\/100\n|-damage|p1b: Goodra|94\/100|[from] Stealth Rock\n|turn|4\n|c|\u2606Kaxxxx|De cualquier manera\n|c|\u2606Kaxxxx|Ya he ganado\n|\n|t:|1696692731\n|detailschange|p2b: Scizor|Scizor-Mega, F\n|-mega|p2b: Scizor|Scizor|Scizorite\n|move|p1a: Walking Wake|Flamethrower|p2b: Scizor\n|-supereffective|p2b: Scizor\n|-damage|p2b: Scizor|0 fnt\n|faint|p2b: Scizor\n|move|p1b: Goodra|Toxic|p2a: Araquanid\n|-status|p2a: Araquanid|tox\n|move|p2a: Araquanid|Toxic|p1a: Walking Wake\n|-status|p1a: Walking Wake|tox\n|\n|-heal|p1b: Goodra|100\/100|[from] item: Leftovers\n|-damage|p1a: Walking Wake|82\/100 tox|[from] psn\n|-damage|p2a: Araquanid|94\/100 tox|[from] psn\n|upkeep\n|j| Leviatan4\n|\n|t:|1696692741\n|switch|p2b: Volcarona|Volcarona, F|100\/100\n|turn|5\n|\n|t:|1696692754\n|move|p2b: Volcarona|Fiery Dance|p1b: Goodra\n|-damage|p1b: Goodra|71\/100\n|move|p1a: Walking Wake|Draco Meteor|p2b: Volcarona\n|-damage|p2b: Volcarona|0 fnt\n|-unboost|p1a: Walking Wake|spa|2\n|faint|p2b: Volcarona\n|move|p1b: Goodra|Rock Slide|p2a: Araquanid\n|-supereffective|p2a: Araquanid\n|-damage|p2a: Araquanid|59\/100 tox\n|cant|p2a: Araquanid|flinch\n|\n|-heal|p1b: Goodra|77\/100|[from] item: Leftovers\n|-damage|p1a: Walking Wake|70\/100 tox|[from] psn\n|-damage|p2a: Araquanid|47\/100 tox|[from] psn\n|upkeep\n|turn|6\n|l| Leviatan4\n|c|\u2606Kaxxxx|Gg\n|\n|t:|1696692773\n|move|p2a: Araquanid|Magic Coat|p2a: Araquanid\n|-singleturn|p2a: Araquanid|move: Magic Coat\n|move|p1a: Walking Wake|Draco Meteor|p2a: Araquanid\n|-damage|p2a: Araquanid|16\/100 tox\n|-unboost|p1a: Walking Wake|spa|2\n|move|p1b: Goodra|Rock Slide|p2a: Araquanid\n|-supereffective|p2a: Araquanid\n|-damage|p2a: Araquanid|0 fnt\n|faint|p2a: Araquanid\n|\n|win|Kaxxxx\n|j| Leviatan4\n|l|\u2606juanchossss\n","uploadtime":1696692786,"views":9,"p1id":"kaxxxx","p2id":"juanchossss","formatid":"gen9nationaldexdoubles","rating":0,"private":0,"password":""}