{"id":"gen9nationaldexdoubles-1952567861","p1":"nombre epico.jpg","p2":"Mokaccino321","format":"[Gen 9] National Dex Doubles","log":"|j|\u2606nombre epico.jpg\n|j|\u2606Mokaccino321\n|t:|1695697942\n|gametype|doubles\n|player|p1|nombre epico.jpg|zossie|1327\n|player|p2|Mokaccino321|170|1423\n|teamsize|p1|6\n|teamsize|p2|6\n|gen|9\n|tier|[Gen 9] National Dex Doubles\n|rated|\n|rule|HP Percentage Mod: HP is shown in percentages\n|rule|Endless Battle Clause: Forcing endless battles is banned\n|rule|OHKO Clause: OHKO moves are banned\n|rule|Evasion Moves Clause: Evasion moves are banned\n|rule|Evasion Abilities Clause: Evasion abilities are banned\n|rule|Species Clause: Limit one of each Pok\u00e9mon\n|rule|Gravity Sleep Clause: The combination of sleep-inducing moves with imperfect accuracy and Gravity or Gigantamax Orbeetle are banned\n|clearpoke\n|poke|p1|Torkoal, F|\n|poke|p1|Blaziken, M|\n|poke|p1|Chandelure, F|\n|poke|p1|Leavanny, F|\n|poke|p1|Ribombee, F|\n|poke|p1|Darkrai|\n|poke|p2|Cradily, M|\n|poke|p2|Aerodactyl, M|\n|poke|p2|Arcanine-Hisui, F|\n|poke|p2|Nihilego|\n|poke|p2|Tyranitar, F|\n|poke|p2|Aggron, F|\n|teampreview\n|\n|t:|1695697962\n|start\n|switch|p1a: Ribombee|Ribombee, F|100\/100\n|switch|p1b: Torkoal|Torkoal, F|100\/100\n|switch|p2a: Aerodactyl|Aerodactyl, M|100\/100\n|switch|p2b: Arcanine|Arcanine-Hisui, F|100\/100\n|-ability|p2a: Aerodactyl|Unnerve\n|-weather|SunnyDay|[from] ability: Drought|[of] p1b: Torkoal\n|turn|1\n|\n|t:|1695697979\n|move|p1b: Torkoal|Protect|p1b: Torkoal\n|-singleturn|p1b: Torkoal|Protect\n|move|p2a: Aerodactyl|Sky Drop||[still]\n|-prepare|p2a: Aerodactyl|Sky Drop|p1a: Ribombee\n|move|p2b: Arcanine|Head Smash|p1b: Torkoal\n|-activate|p1b: Torkoal|move: Protect\n|\n|-weather|SunnyDay|[upkeep]\n|upkeep\n|turn|2\n|\n|t:|1695697993\n|move|p2a: Aerodactyl|Sky Drop|p1a: Ribombee|[from]lockedmove\n|-supereffective|p1a: Ribombee\n|-damage|p1a: Ribombee|19\/100\n|-end|p1a: Ribombee|Sky Drop\n|move|p1a: Ribombee|Reflect|p1a: Ribombee\n|-sidestart|p1: nombre epico.jpg|Reflect\n|move|p2b: Arcanine|Head Smash|p1b: Torkoal\n|-supereffective|p1b: Torkoal\n|-crit|p1b: Torkoal\n|-damage|p1b: Torkoal|0 fnt\n|faint|p1b: Torkoal\n|\n|-weather|SunnyDay|[upkeep]\n|upkeep\n|\n|t:|1695698013\n|switch|p1b: Leavanny|Leavanny, F|100\/100\n|turn|3\n|\n|t:|1695698029\n|switch|p2b: Tyranitar|Tyranitar, F|100\/100\n|-weather|Sandstorm|[from] ability: Sand Stream|[of] p2b: Tyranitar\n|move|p2a: Aerodactyl|Sky Drop||[still]\n|-prepare|p2a: Aerodactyl|Sky Drop|p1b: Leavanny\n|move|p1a: Ribombee|Sticky Web|p2a: Aerodactyl\n|-sidestart|p2: Mokaccino321|move: Sticky Web\n|\n|-weather|Sandstorm|[upkeep]\n|-damage|p1a: Ribombee|13\/100|[from] Sandstorm\n|-damage|p1b: Leavanny|94\/100|[from] Sandstorm\n|upkeep\n|turn|4\n|\n|t:|1695698051\n|move|p2a: Aerodactyl|Sky Drop|p1b: Leavanny|[from]lockedmove\n|-supereffective|p1b: Leavanny\n|-damage|p1b: Leavanny|17\/100\n|-end|p1b: Leavanny|Sky Drop\n|move|p1a: Ribombee|Moonblast|p2b: Tyranitar\n|-supereffective|p2b: Tyranitar\n|-damage|p2b: Tyranitar|52\/100\n|-unboost|p2b: Tyranitar|spa|1\n|move|p1b: Leavanny|X-Scissor|p2a: Aerodactyl\n|-resisted|p2a: Aerodactyl\n|-damage|p2a: Aerodactyl|76\/100\n|move|p2b: Tyranitar|Ice Punch|p1b: Leavanny\n|-supereffective|p1b: Leavanny\n|-damage|p1b: Leavanny|0 fnt\n|faint|p1b: Leavanny\n|\n|-weather|Sandstorm|[upkeep]\n|-damage|p1a: Ribombee|7\/100|[from] Sandstorm\n|upkeep\n|\n|t:|1695698071\n|switch|p1b: Blaziken|Blaziken, M, shiny|100\/100\n|turn|5\n|\n|t:|1695698083\n|detailschange|p1b: Blaziken|Blaziken-Mega, M, shiny\n|-mega|p1b: Blaziken|Blaziken|Blazikenite\n|move|p1b: Blaziken|Protect|p1b: Blaziken\n|-singleturn|p1b: Blaziken|Protect\n|move|p2a: Aerodactyl|Tailwind|p2a: Aerodactyl\n|-sidestart|p2: Mokaccino321|move: Tailwind\n|move|p2b: Tyranitar|Ice Punch|p1a: Ribombee\n|-damage|p1a: Ribombee|0 fnt\n|faint|p1a: Ribombee\n|\n|-weather|Sandstorm|[upkeep]\n|-damage|p1b: Blaziken|95\/100|[from] Sandstorm\n|-ability|p1b: Blaziken|Speed Boost|boost\n|-boost|p1b: Blaziken|spe|1\n|upkeep\n|\n|t:|1695698098\n|switch|p1a: Darkrai|Darkrai|100\/100\n|turn|6\n|\n|t:|1695698110\n|move|p2a: Aerodactyl|Sky Drop||[still]\n|-prepare|p2a: Aerodactyl|Sky Drop|p1b: Blaziken\n|move|p2b: Tyranitar|Ice Punch|p1a: Darkrai\n|-damage|p1a: Darkrai|65\/100\n|move|p1a: Darkrai|Dark Pulse|p2a: Aerodactyl|[miss]\n|-miss|p1a: Darkrai|p2a: Aerodactyl\n|\n|-weather|Sandstorm|[upkeep]\n|-damage|p1b: Blaziken|89\/100|[from] Sandstorm\n|-damage|p1a: Darkrai|59\/100|[from] Sandstorm\n|-sideend|p1: nombre epico.jpg|Reflect\n|-ability|p1b: Blaziken|Speed Boost|boost\n|-boost|p1b: Blaziken|spe|1\n|upkeep\n|turn|7\n|\n|t:|1695698124\n|move|p2a: Aerodactyl|Sky Drop|p1b: Blaziken|[from]lockedmove\n|-supereffective|p1b: Blaziken\n|-damage|p1b: Blaziken|36\/100\n|-end|p1b: Blaziken|Sky Drop\n|move|p2b: Tyranitar|Ice Punch|p1a: Darkrai\n|-damage|p1a: Darkrai|7\/100\n|move|p1a: Darkrai|Dark Pulse|p2a: Aerodactyl\n|-damage|p2a: Aerodactyl|38\/100\n|\n|-weather|none\n|-ability|p1b: Blaziken|Speed Boost|boost\n|-boost|p1b: Blaziken|spe|1\n|upkeep\n|turn|8\n|\n|t:|1695698146\n|switch|p2b: Cradily|Cradily, M|100\/100\n|-activate|p2b: Cradily|move: Sticky Web\n|-unboost|p2b: Cradily|spe|1\n|move|p2a: Aerodactyl|Sky Drop||[still]\n|-prepare|p2a: Aerodactyl|Sky Drop|p1b: Blaziken\n|move|p1a: Darkrai|Dark Pulse|p2a: Aerodactyl|[miss]\n|-miss|p1a: Darkrai|p2a: Aerodactyl\n|\n|-sideend|p2: Mokaccino321|move: Tailwind\n|-ability|p1b: Blaziken|Speed Boost|boost\n|-boost|p1b: Blaziken|spe|1\n|upkeep\n|turn|9\n|\n|t:|1695698165\n|move|p2a: Aerodactyl|Sky Drop|p1b: Blaziken|[from]lockedmove\n|-supereffective|p1b: Blaziken\n|-damage|p1b: Blaziken|0 fnt\n|faint|p1b: Blaziken\n|move|p1a: Darkrai|Dark Pulse|p2b: Cradily\n|-damage|p2b: Cradily|73\/100\n|move|p2b: Cradily|Giga Drain|p1a: Darkrai\n|-damage|p1a: Darkrai|0 fnt\n|-heal|p2b: Cradily|76\/100|[from] drain|[of] p1a: Darkrai\n|faint|p1a: Darkrai\n|\n|upkeep\n|c|\u2606Mokaccino321|Sky Drop is such a dumb move\n|\n|t:|1695698181\n|switch|p1b: Chandelure|Chandelure, F|100\/100\n|-item|p1b: Chandelure|Air Balloon\n|turn|10\n|\n|t:|1695698196\n|move|p2a: Aerodactyl|Sky Drop||[still]\n|-prepare|p2a: Aerodactyl|Sky Drop|p1b: Chandelure\n|move|p2b: Cradily|Recover|p2b: Cradily\n|-heal|p2b: Cradily|100\/100\n|\n|upkeep\n|turn|11\n|\n|t:|1695698203\n|-terastallize|p2b: Cradily|Rock\n|move|p2a: Aerodactyl|Sky Drop|p1b: Chandelure|[from]lockedmove\n|-damage|p1b: Chandelure|74\/100\n|-end|p1b: Chandelure|Sky Drop\n|-enditem|p1b: Chandelure|Air Balloon\n|move|p1b: Chandelure|Energy Ball|p2a: Aerodactyl\n|-damage|p2a: Aerodactyl|0 fnt\n|faint|p2a: Aerodactyl\n|move|p2b: Cradily|Meteor Beam||[still]\n|-prepare|p2b: Cradily|Meteor Beam\n|-boost|p2b: Cradily|spa|1\n|-enditem|p2b: Cradily|Power Herb\n|-anim|p2b: Cradily|Meteor Beam|p1b: Chandelure\n|-supereffective|p1b: Chandelure\n|-damage|p1b: Chandelure|0 fnt\n|faint|p1b: Chandelure\n|\n|win|Mokaccino321\n|raw|nombre epico.jpg's rating: 1327 &rarr; <strong>1312<\/strong><br \/>(-15 for losing)\n|raw|Mokaccino321's rating: 1423 &rarr; <strong>1438<\/strong><br \/>(+15 for winning)\n|l|\u2606nombre epico.jpg\n|j|\u2606nombre epico.jpg\n|player|p1|nombre epico.jpg|zossie\n|l|\u2606nombre epico.jpg\n|player|p1|\n","uploadtime":1695698235,"views":46,"p1id":"nombreepicojpg","p2id":"mokaccino321","formatid":"gen9nationaldexdoubles","rating":1312,"private":0,"password":""}