{"id":"gen9nationaldexdoubles-1990636674","p1":"kpoc12","p2":"AutumnCookie","format":"[Gen 9] National Dex Doubles","log":"|j|\u2606kpoc12\n|j|\u2606AutumnCookie\n|t:|1699987645\n|gametype|doubles\n|player|p1|kpoc12|juliana-s|\n|player|p2|AutumnCookie|penny|\n|teamsize|p1|6\n|teamsize|p2|6\n|gen|9\n|tier|[Gen 9] National Dex Doubles\n|rule|HP Percentage Mod: HP is shown in percentages\n|rule|Endless Battle Clause: Forcing endless battles is banned\n|rule|OHKO Clause: OHKO moves are banned\n|rule|Evasion Moves Clause: Evasion moves are banned\n|rule|Evasion Abilities Clause: Evasion abilities are banned\n|rule|Species Clause: Limit one of each Pok\u00e9mon\n|rule|Gravity Sleep Clause: The combination of sleep-inducing moves with imperfect accuracy and Gravity or Gigantamax Orbeetle are banned\n|clearpoke\n|poke|p1|Skeledirge, F|\n|poke|p1|Tinkaton, F|\n|poke|p1|Kilowattrel, M|\n|poke|p1|Houndstone, F|\n|poke|p1|Baxcalibur, M|\n|poke|p1|Gallade, M|\n|poke|p2|Jolteon, F|\n|poke|p2|Vaporeon, M|\n|poke|p2|Flareon, M|\n|poke|p2|Leafeon, F|\n|poke|p2|Umbreon, M|\n|poke|p2|Sylveon, F|\n|teampreview\n|\n|t:|1699987689\n|start\n|switch|p1a: Tinkaton|Tinkaton, F|100\/100\n|switch|p1b: Gallade|Gallade, M, shiny|100\/100\n|switch|p2a: Vaporeon|Vaporeon, M|100\/100\n|switch|p2b: Jolteon|Jolteon, F|100\/100\n|-ability|p1a: Tinkaton|Mold Breaker\n|turn|1\n|\n|t:|1699987717\n|move|p2b: Jolteon|Calm Mind|p2b: Jolteon\n|-boost|p2b: Jolteon|spa|1\n|-boost|p2b: Jolteon|spd|1\n|move|p1a: Tinkaton|Stealth Rock|p2a: Vaporeon\n|-sidestart|p2: AutumnCookie|move: Stealth Rock\n|move|p1b: Gallade|Swords Dance|p1b: Gallade\n|-boost|p1b: Gallade|atk|2\n|move|p2a: Vaporeon|Aqua Ring|p2a: Vaporeon\n|-start|p2a: Vaporeon|Aqua Ring\n|\n|-status|p2b: Jolteon|brn|[from] item: Flame Orb\n|upkeep\n|turn|2\n|c|\u2606kpoc12|the setting uppers\n|\n|t:|1699987781\n|move|p2b: Jolteon|Signal Beam|p1b: Gallade\n|-damage|p1b: Gallade|62\/100\n|move|p1a: Tinkaton|Knock Off|p2a: Vaporeon\n|-damage|p2a: Vaporeon|87\/100\n|-enditem|p2a: Vaporeon|Damp Rock|[from] move: Knock Off|[of] p1a: Tinkaton\n|move|p1b: Gallade|Sacred Sword|p2b: Jolteon\n|-damage|p2b: Jolteon|0 fnt\n|faint|p2b: Jolteon\n|-damage|p1b: Gallade|52\/100|[from] item: Life Orb\n|move|p2a: Vaporeon|Rain Dance|p2a: Vaporeon\n|-weather|RainDance\n|\n|-weather|RainDance|[upkeep]\n|-heal|p2a: Vaporeon|93\/100|[from] Aqua Ring\n|upkeep\n|\n|t:|1699987810\n|switch|p2b: Umbreon|Umbreon, M|100\/100\n|-damage|p2b: Umbreon|88\/100|[from] Stealth Rock\n|turn|3\n|c|\u2606AutumnCookie|FUCKIN RAINING IN HERE NOW\n|\n|t:|1699987872\n|move|p2b: Umbreon|Sucker Punch|p1b: Gallade\n|-damage|p1b: Gallade|23\/100\n|move|p1a: Tinkaton|Gigaton Hammer|p2a: Vaporeon\n|-resisted|p2a: Vaporeon\n|-damage|p2a: Vaporeon|78\/100\n|move|p1b: Gallade|Sacred Sword|p2b: Umbreon\n|-supereffective|p2b: Umbreon\n|-damage|p2b: Umbreon|0 fnt\n|faint|p2b: Umbreon\n|-damage|p1b: Gallade|13\/100|[from] item: Life Orb\n|move|p2a: Vaporeon|Scald|p1b: Gallade\n|-damage|p1b: Gallade|0 fnt\n|faint|p1b: Gallade\n|\n|-weather|RainDance|[upkeep]\n|-heal|p2a: Vaporeon|84\/100|[from] Aqua Ring\n|upkeep\n|j| parkle\n|\n|t:|1699987902\n|switch|p1b: Kilowattrel|Kilowattrel, M|100\/100\n|switch|p2b: Leafeon|Leafeon, F|100\/100\n|-damage|p2b: Leafeon|88\/100|[from] Stealth Rock\n|turn|4\n|c| parkle|:3\n|\n|t:|1699987950\n|switch|p2a: Flareon|Flareon, M|100\/100\n|-damage|p2a: Flareon|76\/100|[from] Stealth Rock\n|move|p1b: Kilowattrel|Thunderbolt|p2a: Flareon\n|-damage|p2a: Flareon|40\/100\n|move|p2b: Leafeon|Swords Dance|p2b: Leafeon\n|-boost|p2b: Leafeon|atk|2\n|move|p1a: Tinkaton|Knock Off|p2b: Leafeon\n|-damage|p2b: Leafeon|74\/100\n|-enditem|p2b: Leafeon|Salac Berry|[from] move: Knock Off|[of] p1a: Tinkaton\n|\n|-weather|RainDance|[upkeep]\n|-status|p2a: Flareon|tox|[from] item: Toxic Orb\n|upkeep\n|turn|5\n|\n|t:|1699987994\n|move|p1b: Kilowattrel|Hurricane|p2b: Leafeon\n|-supereffective|p2b: Leafeon\n|-damage|p2b: Leafeon|0 fnt\n|faint|p2b: Leafeon\n|move|p1a: Tinkaton|Gigaton Hammer|p2a: Flareon\n|-resisted|p2a: Flareon\n|-damage|p2a: Flareon|4\/100 tox\n|move|p2a: Flareon|Facade|p1b: Kilowattrel\n|-damage|p1b: Kilowattrel|0 fnt\n|faint|p1b: Kilowattrel\n|\n|-weather|RainDance|[upkeep]\n|-damage|p2a: Flareon|0 fnt|[from] psn\n|faint|p2a: Flareon\n|upkeep\n|\n|t:|1699988025\n|switch|p1b: Skeledirge|Skeledirge, F|100\/100\n|switch|p2b: Sylveon|Sylveon, F|100\/100\n|switch|p2a: Vaporeon|Vaporeon, M|84\/100\n|-damage|p2a: Vaporeon|72\/100|[from] Stealth Rock\n|-damage|p2b: Sylveon|88\/100|[from] Stealth Rock\n|turn|6\n|\n|t:|1699988064\n|-terastallize|p1b: Skeledirge|Fairy\n|-terastallize|p2b: Sylveon|Fire\n|move|p1a: Tinkaton|Knock Off|p2b: Sylveon\n|-damage|p2b: Sylveon|68\/100\n|-enditem|p2b: Sylveon|Throat Spray|[from] move: Knock Off|[of] p1a: Tinkaton\n|move|p1b: Skeledirge|Torch Song|p2b: Sylveon\n|-resisted|p2b: Sylveon\n|-damage|p2b: Sylveon|63\/100\n|-boost|p1b: Skeledirge|spa|1\n|move|p2a: Vaporeon|Aqua Ring|p2a: Vaporeon\n|-start|p2a: Vaporeon|Aqua Ring\n|move|p2b: Sylveon|Wish|p2b: Sylveon\n|\n|-weather|none\n|-heal|p2a: Vaporeon|78\/100|[from] Aqua Ring\n|upkeep\n|turn|7\n|\n|t:|1699988102\n|move|p1a: Tinkaton|Thunder Wave|p2b: Sylveon\n|-status|p2b: Sylveon|par\n|move|p1b: Skeledirge|Will-O-Wisp|p2a: Vaporeon|[miss]\n|-miss|p1b: Skeledirge|p2a: Vaporeon\n|move|p2a: Vaporeon|Rain Dance|p2a: Vaporeon\n|-weather|RainDance\n|move|p2b: Sylveon|Calm Mind|p2b: Sylveon\n|-boost|p2b: Sylveon|spa|1\n|-boost|p2b: Sylveon|spd|1\n|\n|-weather|RainDance|[upkeep]\n|-heal|p2b: Sylveon|100\/100 par|[from] move: Wish|[wisher] Sylveon\n|-heal|p2a: Vaporeon|84\/100|[from] Aqua Ring\n|upkeep\n|turn|8\n|c|\u2606kpoc12|the miss is so sad\n|\n|t:|1699988135\n|move|p1a: Tinkaton|Gigaton Hammer|p2b: Sylveon\n|-resisted|p2b: Sylveon\n|-damage|p2b: Sylveon|72\/100 par\n|move|p1b: Skeledirge|Will-O-Wisp|p2a: Vaporeon\n|-status|p2a: Vaporeon|brn\n|move|p2a: Vaporeon|Scald|p1b: Skeledirge\n|-damage|p1b: Skeledirge|68\/100\n|move|p2b: Sylveon|Hyper Voice|p1b: Skeledirge|[spread] p1a,p1b\n|-resisted|p1a: Tinkaton\n|-damage|p1a: Tinkaton|75\/100\n|-damage|p1b: Skeledirge|39\/100\n|\n|-weather|RainDance|[upkeep]\n|-heal|p1a: Tinkaton|81\/100|[from] item: Leftovers\n|-heal|p1b: Skeledirge|45\/100|[from] item: Leftovers\n|-activate|p2a: Vaporeon|ability: Hydration\n|-curestatus|p2a: Vaporeon|brn|[msg]\n|-heal|p2a: Vaporeon|90\/100|[from] Aqua Ring\n|upkeep\n|turn|9\n|c|\u2606AutumnCookie|It won't stay burned Kate.\n|c|\u2606kpoc12|forgor\n|\n|t:|1699988170\n|move|p1a: Tinkaton|Thunder Wave|p2a: Vaporeon\n|-status|p2a: Vaporeon|par\n|move|p1b: Skeledirge|Torch Song|p2a: Vaporeon\n|-resisted|p2a: Vaporeon\n|-damage|p2a: Vaporeon|81\/100 par\n|-boost|p1b: Skeledirge|spa|1\n|move|p2a: Vaporeon|Scald|p1a: Tinkaton\n|-damage|p1a: Tinkaton|41\/100\n|-status|p1a: Tinkaton|brn\n|cant|p2b: Sylveon|par\n|\n|-weather|RainDance|[upkeep]\n|-heal|p1a: Tinkaton|47\/100 brn|[from] item: Leftovers\n|-heal|p1b: Skeledirge|51\/100|[from] item: Leftovers\n|-activate|p2a: Vaporeon|ability: Hydration\n|-curestatus|p2a: Vaporeon|par|[msg]\n|-heal|p2a: Vaporeon|87\/100|[from] Aqua Ring\n|-damage|p1a: Tinkaton|41\/100 brn|[from] brn\n|upkeep\n|turn|10\n|c|\u2606AutumnCookie|WON'T STAY PARALYZED EITHER .\n|c|\u2606kpoc12|I CANT DO ANYTHIGN ELSE\n|c|\u2606kpoc12|MG\n|c|\u2606AutumnCookie|CAN'T STATUS THE VAPOREON\n|c|\u2606kpoc12|I KNOW BUT GIGATON WAS ON RESET!!!\n|\n|t:|1699988211\n|move|p1a: Tinkaton|Gigaton Hammer|p2a: Vaporeon\n|-resisted|p2a: Vaporeon\n|-damage|p2a: Vaporeon|79\/100\n|move|p1b: Skeledirge|Will-O-Wisp||[still]\n|-fail|p1b: Skeledirge\n|move|p2a: Vaporeon|Scald|p1b: Skeledirge\n|-damage|p1b: Skeledirge|18\/100\n|move|p2b: Sylveon|Wish|p2b: Sylveon\n|\n|-weather|RainDance|[upkeep]\n|-heal|p1a: Tinkaton|47\/100 brn|[from] item: Leftovers\n|-heal|p1b: Skeledirge|24\/100|[from] item: Leftovers\n|-heal|p2a: Vaporeon|85\/100|[from] Aqua Ring\n|-damage|p1a: Tinkaton|41\/100 brn|[from] brn\n|upkeep\n|turn|11\n|c|\u2606kpoc12|WHAT\n|c| parkle|bad news guys tabitha is YELLING\n|c|\u2606AutumnCookie|REAL\n|c|\u2606kpoc12|I DID NOT PRESS WILL O WISP\n|c|\u2606kpoc12|OK\n|c|\u2606kpoc12|OK\n|c|\u2606kpoc12|OK\n|c|\u2606AutumnCookie|LOL\n|c|\u2606kpoc12|OK.\n|\n|t:|1699988246\n|move|p1a: Tinkaton|Knock Off|p2a: Vaporeon\n|-damage|p2a: Vaporeon|81\/100\n|move|p1b: Skeledirge|Torch Song|p2b: Sylveon\n|-resisted|p2b: Sylveon\n|-damage|p2b: Sylveon|61\/100 par\n|-boost|p1b: Skeledirge|spa|1\n|move|p2a: Vaporeon|Scald|p1a: Tinkaton\n|-damage|p1a: Tinkaton|5\/100 brn\n|move|p2b: Sylveon|Calm Mind|p2b: Sylveon\n|-boost|p2b: Sylveon|spa|1\n|-boost|p2b: Sylveon|spd|1\n|\n|-weather|none\n|-heal|p2b: Sylveon|100\/100 par|[from] move: Wish|[wisher] Sylveon\n|-heal|p1a: Tinkaton|11\/100 brn|[from] item: Leftovers\n|-heal|p1b: Skeledirge|30\/100|[from] item: Leftovers\n|-heal|p2a: Vaporeon|87\/100|[from] Aqua Ring\n|-damage|p1a: Tinkaton|5\/100 brn|[from] brn\n|upkeep\n|turn|12\n|\n|t:|1699988271\n|move|p1a: Tinkaton|Knock Off|p2a: Vaporeon\n|-damage|p2a: Vaporeon|83\/100\n|move|p1b: Skeledirge|Hex|p2b: Sylveon\n|-damage|p2b: Sylveon|13\/100 par\n|move|p2a: Vaporeon|Rain Dance|p2a: Vaporeon\n|-weather|RainDance\n|move|p2b: Sylveon|Hyper Voice|p1a: Tinkaton|[spread] p1a,p1b\n|-resisted|p1a: Tinkaton\n|-damage|p1a: Tinkaton|0 fnt\n|-damage|p1b: Skeledirge|0 fnt\n|faint|p1a: Tinkaton\n|faint|p1b: Skeledirge\n|\n|-weather|RainDance|[upkeep]\n|-heal|p2a: Vaporeon|89\/100|[from] Aqua Ring\n|upkeep\n|c|\u2606AutumnCookie|Horrific beasts .\n|\n|t:|1699988283\n|switch|p1a: Baxcalibur|Baxcalibur, M|100\/100\n|switch|p1b: Houndstone|Houndstone, F|100\/100\n|turn|13\n|\n|t:|1699988322\n|move|p1a: Baxcalibur|Icicle Spear|p2b: Sylveon\n|-resisted|p2b: Sylveon\n|-damage|p2b: Sylveon|3\/100 par\n|-resisted|p2b: Sylveon\n|-damage|p2b: Sylveon|0 fnt\n|faint|p2b: Sylveon\n|-hitcount|p2: Sylveon|2\n|move|p1b: Houndstone|Last Respects|p2a: Vaporeon\n|-damage|p2a: Vaporeon|0 fnt\n|faint|p2a: Vaporeon\n|\n|win|kpoc12\n|c|\u2606AutumnCookie|NICE\n","uploadtime":1699988345,"views":9,"p1id":"kpoc12","p2id":"autumncookie","formatid":"gen9nationaldexdoubles","rating":0,"private":0,"password":""}