{"id":"gen9nationaldexdoubles-1963780540","p1":"Moldy kk","p2":"Denvah_17","format":"[Gen 9] National Dex Doubles","log":"|j|\u2606Moldy kk\n|j|\u2606Denvah_17\n|t:|1696899408\n|gametype|doubles\n|player|p1|Moldy kk|266|1182\n|player|p2|Denvah_17|alder|1319\n|teamsize|p1|6\n|teamsize|p2|6\n|gen|9\n|tier|[Gen 9] National Dex Doubles\n|rated|\n|rule|HP Percentage Mod: HP is shown in percentages\n|rule|Endless Battle Clause: Forcing endless battles is banned\n|rule|OHKO Clause: OHKO moves are banned\n|rule|Evasion Moves Clause: Evasion moves are banned\n|rule|Evasion Abilities Clause: Evasion abilities are banned\n|rule|Species Clause: Limit one of each Pok\u00e9mon\n|rule|Gravity Sleep Clause: The combination of sleep-inducing moves with imperfect accuracy and Gravity or Gigantamax Orbeetle are banned\n|clearpoke\n|poke|p1|Weezing-Galar, F|\n|poke|p1|Regigigas|\n|poke|p1|Clefairy, M|\n|poke|p1|Celesteela|\n|poke|p1|Blastoise, F|\n|poke|p1|Archeops, F|\n|poke|p2|Sinistcha-Masterpiece|\n|poke|p2|Enamorus, F|\n|poke|p2|Volcanion|\n|poke|p2|Scizor, F|\n|poke|p2|Okidogi, M|\n|poke|p2|Ursaluna-Bloodmoon, M|\n|teampreview\n|inactive|Battle timer is ON: inactive players will automatically lose when time's up. (requested by Moldy kk)\n|\n|t:|1696899451\n|start\n|switch|p1a: Regigigas|Regigigas|100\/100\n|switch|p1b: Weezing|Weezing-Galar, F|100\/100\n|switch|p2a: Sudafed|Scizor, F|100\/100\n|switch|p2b: Xi Jinping|Ursaluna-Bloodmoon, M|100\/100\n|-ability|p1b: Weezing|Neutralizing Gas\n|turn|1\n|inactive|Moldy kk has 120 seconds left.\n|\n|t:|1696899493\n|detailschange|p2a: Sudafed|Scizor-Mega, F\n|-mega|p2a: Sudafed|Scizor|Scizorite\n|-terastallize|p2b: Xi Jinping|Ghost\n|move|p2a: Sudafed|Bullet Punch|p1b: Weezing\n|-supereffective|p1b: Weezing\n|-damage|p1b: Weezing|59\/100\n|move|p1a: Regigigas|Crush Grip|p2b: Xi Jinping\n|-immune|p2b: Xi Jinping\n|move|p1b: Weezing|Flamethrower|p2a: Sudafed\n|-supereffective|p2a: Sudafed\n|-damage|p2a: Sudafed|1\/100\n|move|p2b: Xi Jinping|Blood Moon|p1a: Regigigas\n|-damage|p1a: Regigigas|24\/100\n|\n|upkeep\n|turn|2\n|\n|t:|1696899513\n|move|p2a: Sudafed|Bullet Punch|p1a: Regigigas\n|-damage|p1a: Regigigas|0 fnt\n|faint|p1a: Regigigas\n|-end|p1a: Regigigas|Slow Start|[silent]\n|move|p1b: Weezing|Dazzling Gleam|p2b: Xi Jinping|[spread] p2a,p2b\n|-resisted|p2a: Sudafed\n|-damage|p2a: Sudafed|0 fnt\n|-damage|p2b: Xi Jinping|71\/100\n|faint|p2a: Sudafed\n|move|p2b: Xi Jinping|Earth Power|p1b: Weezing\n|-supereffective|p1b: Weezing\n|-damage|p1b: Weezing|0 fnt\n|faint|p1b: Weezing\n|-end|p1b: Weezing|ability: Neutralizing Gas\n|\n|-heal|p2b: Xi Jinping|77\/100|[from] item: Leftovers\n|upkeep\n|c|\u2606Denvah_17|holy shit\n|c|\u2606Denvah_17|The clutch on that flamethrower\n|c|\u2606Moldy kk|actually unreal\n|c|\u2606Moldy kk|what was its hp?\n|\n|t:|1696899543\n|switch|p1a: Clefairy|Clefairy, M|100\/100\n|switch|p2a: Grass Latte|Sinistcha-Masterpiece|100\/100\n|switch|p1b: Blastoise|Blastoise, F|100\/100\n|turn|3\n|c|\u2606Denvah_17|It was literally at 1\n|c|\u2606Denvah_17|The 8 special defense EVs really paid off \ud83d\udc40\n|inactive|Denvah_17 has 120 seconds left.\n|c|\u2606Moldy kk|nutty\n|\n|t:|1696899582\n|-terastallize|p1b: Blastoise|Electric\n|move|p1a: Clefairy|Follow Me|p1a: Clefairy\n|-singleturn|p1a: Clefairy|move: Follow Me\n|move|p1b: Blastoise|Shell Smash|p1b: Blastoise\n|-unboost|p1b: Blastoise|def|1\n|-unboost|p1b: Blastoise|spd|1\n|-boost|p1b: Blastoise|atk|2\n|-boost|p1b: Blastoise|spa|2\n|-boost|p1b: Blastoise|spe|2\n|-enditem|p1b: Blastoise|White Herb\n|-clearnegativeboost|p1b: Blastoise|[silent]\n|move|p2a: Grass Latte|Matcha Gotcha|p1a: Clefairy|[spread] p1b\n|-miss|p2a: Grass Latte|p1a: Clefairy\n|-damage|p1b: Blastoise|80\/100\n|-status|p1b: Blastoise|brn\n|move|p2b: Xi Jinping|Blood Moon|p1a: Clefairy\n|-damage|p1a: Clefairy|46\/100\n|\n|-heal|p2b: Xi Jinping|83\/100|[from] item: Leftovers\n|-damage|p1b: Blastoise|74\/100 brn|[from] brn\n|upkeep\n|turn|4\n|\n|t:|1696899601\n|move|p1b: Blastoise|Ice Beam|p2a: Grass Latte\n|-supereffective|p2a: Grass Latte\n|-damage|p2a: Grass Latte|0 fnt\n|faint|p2a: Grass Latte\n|move|p2b: Xi Jinping|Earth Power|p1b: Blastoise\n|-supereffective|p1b: Blastoise\n|-damage|p1b: Blastoise|0 fnt\n|faint|p1b: Blastoise\n|move|p1a: Clefairy|Heal Pulse|p1: Blastoise|[notarget]\n|-fail|p1a: Clefairy\n|\n|-heal|p2b: Xi Jinping|89\/100|[from] item: Leftovers\n|upkeep\n|\n|t:|1696899613\n|switch|p1b: Celesteela|Celesteela|100\/100\n|switch|p2a: Saxophone|Volcanion|100\/100\n|turn|5\n|\n|t:|1696899642\n|move|p1a: Clefairy|Follow Me|p1a: Clefairy\n|-singleturn|p1a: Clefairy|move: Follow Me\n|move|p1b: Celesteela|Autotomize|p1b: Celesteela\n|-boost|p1b: Celesteela|spe|2\n|-start|p1b: Celesteela|Autotomize\n|move|p2a: Saxophone|Heat Wave|p1b: Celesteela|[spread] p1a\n|-miss|p2a: Saxophone|p1b: Celesteela\n|-damage|p1a: Clefairy|21\/100\n|move|p2b: Xi Jinping|Blood Moon|p1a: Clefairy\n|-damage|p1a: Clefairy|0 fnt\n|faint|p1a: Clefairy\n|\n|-heal|p2b: Xi Jinping|95\/100|[from] item: Leftovers\n|upkeep\n|inactive|Moldy kk has 120 seconds left.\n|\n|t:|1696899652\n|switch|p1a: Archeops|Archeops, F|100\/100\n|turn|6\n|\n|t:|1696899681\n|move|p1b: Celesteela|Flash Cannon|p2b: Xi Jinping\n|-damage|p2b: Xi Jinping|53\/100\n|-unboost|p2b: Xi Jinping|spd|1\n|move|p1a: Archeops|Meteor Beam||[still]\n|-prepare|p1a: Archeops|Meteor Beam\n|-boost|p1a: Archeops|spa|1\n|-enditem|p1a: Archeops|Power Herb\n|-anim|p1a: Archeops|Meteor Beam|p2a: Saxophone\n|-supereffective|p2a: Saxophone\n|-damage|p2a: Saxophone|0 fnt\n|faint|p2a: Saxophone\n|move|p2b: Xi Jinping|Calm Mind|p2b: Xi Jinping\n|-boost|p2b: Xi Jinping|spa|1\n|-boost|p2b: Xi Jinping|spd|1\n|\n|-heal|p2b: Xi Jinping|59\/100|[from] item: Leftovers\n|upkeep\n|inactive|Denvah_17 has 120 seconds left.\n|\n|t:|1696899693\n|switch|p2a: Sonria|Enamorus, F|100\/100\n|turn|7\n|\n|t:|1696899718\n|move|p1b: Celesteela|Flash Cannon|p2b: Xi Jinping\n|-damage|p2b: Xi Jinping|21\/100\n|move|p1a: Archeops|Meteor Beam||[still]\n|-prepare|p1a: Archeops|Meteor Beam\n|-boost|p1a: Archeops|spa|1\n|move|p2a: Sonria|Play Rough|p1a: Archeops\n|-damage|p1a: Archeops|31\/100\n|move|p2b: Xi Jinping|Blood Moon|p1a: Archeops\n|-resisted|p1a: Archeops\n|-damage|p1a: Archeops|0 fnt\n|faint|p1a: Archeops\n|\n|-heal|p2b: Xi Jinping|27\/100|[from] item: Leftovers\n|upkeep\n|turn|8\n|\n|t:|1696899734\n|move|p1b: Celesteela|Flash Cannon|p2b: Xi Jinping\n|-damage|p2b: Xi Jinping|0 fnt\n|faint|p2b: Xi Jinping\n|-ability|p1b: Celesteela|Beast Boost|boost\n|-boost|p1b: Celesteela|spa|1\n|move|p2a: Sonria|Superpower|p1b: Celesteela\n|-damage|p1b: Celesteela|63\/100\n|-boost|p2a: Sonria|atk|1\n|-boost|p2a: Sonria|def|1\n|\n|upkeep\n|\n|t:|1696899743\n|switch|p2b: Dogecoin|Okidogi, M|100\/100\n|turn|9\n|\n|t:|1696899753\n|move|p1b: Celesteela|Flash Cannon|p2a: Sonria\n|-supereffective|p2a: Sonria\n|-damage|p2a: Sonria|0 fnt\n|faint|p2a: Sonria\n|-ability|p1b: Celesteela|Beast Boost|boost\n|-boost|p1b: Celesteela|spa|1\n|move|p2b: Dogecoin|Drain Punch|p1b: Celesteela\n|-damage|p1b: Celesteela|24\/100\n|\n|upkeep\n|turn|10\n|j| wkx3333\n|\n|t:|1696899762\n|move|p1b: Celesteela|Air Slash|p2b: Dogecoin\n|-supereffective|p2b: Dogecoin\n|-damage|p2b: Dogecoin|8\/100\n|move|p2b: Dogecoin|Drain Punch|p1b: Celesteela\n|-damage|p1b: Celesteela|0 fnt\n|-heal|p2b: Dogecoin|19\/100|[from] drain|[of] p1b: Celesteela\n|faint|p1b: Celesteela\n|\n|win|Denvah_17\n|raw|Moldy kk's rating: 1182 &rarr; <strong>1165<\/strong><br \/>(-17 for losing)\n|raw|Denvah_17's rating: 1301 &rarr; <strong>1314<\/strong><br \/>(+13 for winning)\n","uploadtime":1696899769,"views":3,"p1id":"moldykk","p2id":"denvah17","formatid":"gen9nationaldexdoubles","rating":1165,"private":0,"password":""}