{"id":"gen9nationaldexdoubles-1955098727","p1":"FalseRulerGrenji","p2":"Mudkiped","format":"[Gen 9] National Dex Doubles","log":"|j|\u2606FalseRulerGrenji\n|j|\u2606Mudkiped\n|t:|1695956167\n|gametype|doubles\n|player|p1|FalseRulerGrenji|wallace|1319\n|player|p2|Mudkiped|crasherwake|1336\n|teamsize|p1|6\n|teamsize|p2|6\n|gen|9\n|tier|[Gen 9] National Dex Doubles\n|rated|\n|rule|HP Percentage Mod: HP is shown in percentages\n|rule|Endless Battle Clause: Forcing endless battles is banned\n|rule|OHKO Clause: OHKO moves are banned\n|rule|Evasion Moves Clause: Evasion moves are banned\n|rule|Evasion Abilities Clause: Evasion abilities are banned\n|rule|Species Clause: Limit one of each Pok\u00e9mon\n|rule|Gravity Sleep Clause: The combination of sleep-inducing moves with imperfect accuracy and Gravity or Gigantamax Orbeetle are banned\n|clearpoke\n|poke|p1|Ogerpon-Hearthflame, F|\n|poke|p1|Greninja-*, M|\n|poke|p1|Altaria, F|\n|poke|p1|Ursaluna, M|\n|poke|p1|Jirachi|\n|poke|p1|Flutter Mane|\n|poke|p2|Wo-Chien|\n|poke|p2|Sinistcha-Masterpiece|\n|poke|p2|Glimmora, F|\n|poke|p2|Kommo-o, M|\n|poke|p2|Ninetales-Alola, F|\n|poke|p2|Landorus-Therian, M|\n|teampreview\n|j| Nyata\n|\n|t:|1695956195\n|start\n|switch|p1a: Ursaluna|Ursaluna, M, shiny|100\/100\n|switch|p1b: Flutter Mane|Flutter Mane|100\/100\n|switch|p2a: In A Hot Tub|Sinistcha-Masterpiece, shiny|100\/100\n|switch|p2b: WatchYoStep|Glimmora, F|100\/100\n|-enditem|p1b: Flutter Mane|Booster Energy\n|-activate|p1b: Flutter Mane|ability: Protosynthesis|[fromitem]\n|-start|p1b: Flutter Mane|protosynthesisspe\n|turn|1\n|\n|t:|1695956218\n|move|p2a: In A Hot Tub|Rage Powder|p2a: In A Hot Tub\n|-singleturn|p2a: In A Hot Tub|move: Rage Powder\n|move|p1b: Flutter Mane|Shadow Ball|p2a: In A Hot Tub\n|-supereffective|p2a: In A Hot Tub\n|-damage|p2a: In A Hot Tub|26\/100\n|move|p2b: WatchYoStep|Mortal Spin|p1a: Ursaluna|[spread] p1a,p1b\n|-resisted|p1a: Ursaluna\n|-damage|p1a: Ursaluna|99\/100\n|-damage|p1b: Flutter Mane|89\/100\n|-status|p1a: Ursaluna|psn\n|-status|p1b: Flutter Mane|psn\n|move|p1a: Ursaluna|Belly Drum|p1a: Ursaluna\n|-damage|p1a: Ursaluna|49\/100 psn\n|-setboost|p1a: Ursaluna|atk|6|[from] move: Belly Drum\n|\n|-heal|p1a: Ursaluna|55\/100 psn|[from] item: Leftovers\n|-damage|p1b: Flutter Mane|77\/100 psn|[from] psn\n|-damage|p1a: Ursaluna|43\/100 psn|[from] psn\n|upkeep\n|turn|2\n|\n|t:|1695956248\n|-end|p1b: Flutter Mane|Protosynthesis|[silent]\n|switch|p1b: Altaria|Altaria, F, shiny|100\/100\n|switch|p2a: Big W|Wo-Chien|100\/100\n|-ability|p2a: Big W|Tablets of Ruin\n|move|p2b: WatchYoStep|Spiky Shield|p2b: WatchYoStep\n|-singleturn|p2b: WatchYoStep|move: Protect\n|move|p1a: Ursaluna|Earthquake|p2a: Big W|[spread] p2a\n|-activate|p2b: WatchYoStep|move: Protect\n|-immune|p1b: Altaria\n|-resisted|p2a: Big W\n|-damage|p2a: Big W|38\/100\n|\n|-heal|p1a: Ursaluna|49\/100 psn|[from] item: Leftovers\n|-heal|p2a: Big W|45\/100|[from] item: Leftovers\n|-damage|p1a: Ursaluna|37\/100 psn|[from] psn\n|upkeep\n|turn|3\n|c|\u2606Mudkiped|!dt shuca berry\n|raw|<ul class=\"utilichart\"><li class=\"result\"><span class=\"col itemiconcol\"><psicon item=\"shucaberry\"><\/span> <span class=\"col namecol\"><a href=\"https:\/\/dex.pokemonshowdown.com\/items\/shucaberry\">Shuca Berry<\/a><\/span> <span class=\"col itemdesccol\">Halves damage taken from a supereffective Ground-type attack. Single use.<\/span> <\/li><li style=\"clear:both\"><\/li><\/ul>\n|raw|<font size=\"1\"><font color=\"#686868\">Gen:<\/font> 4&nbsp;|&ThickSpace;<font color=\"#686868\">Fling Base Power:<\/font> 10&nbsp;|&ThickSpace;<font color=\"#686868\">Fling Effect:<\/font> Activates the Berry's effect on the target.&nbsp;|&ThickSpace;<font color=\"#686868\">Natural Gift Type:<\/font> Ground&nbsp;|&ThickSpace;<font color=\"#686868\">Natural Gift Base Power:<\/font> 80<\/font>\n\n|inactive|Battle timer is ON: inactive players will automatically lose when time's up. (requested by FalseRulerGrenji)\n|\n|t:|1695956320\n|switch|p2b: Land of T|Landorus-Therian, M|100\/100\n|-ability|p2b: Land of T|Intimidate|boost\n|-unboost|p1a: Ursaluna|atk|1\n|-unboost|p1b: Altaria|atk|1\n|move|p2a: Big W|Protect|p2a: Big W\n|-singleturn|p2a: Big W|Protect\n|move|p1b: Altaria|Tailwind|p1b: Altaria\n|-sidestart|p1: FalseRulerGrenji|move: Tailwind\n|move|p1a: Ursaluna|Earthquake|p2b: Land of T|[spread] \n|-activate|p2a: Big W|move: Protect\n|-immune|p1b: Altaria\n|-immune|p2b: Land of T\n|\n|-heal|p1a: Ursaluna|43\/100 psn|[from] item: Leftovers\n|-heal|p2a: Big W|51\/100|[from] item: Leftovers\n|-damage|p1a: Ursaluna|30\/100 psn|[from] psn\n|upkeep\n|turn|4\n|\n|t:|1695956348\n|detailschange|p1b: Altaria|Altaria-Mega, F, shiny\n|-mega|p1b: Altaria|Altaria|Altarianite\n|move|p1b: Altaria|Hyper Voice|p2a: Big W|[spread] p2a,p2b\n|-supereffective|p2a: Big W\n|-damage|p2a: Big W|13\/100\n|-damage|p2b: Land of T|69\/100\n|move|p1a: Ursaluna|Facade|p2b: Land of T\n|-damage|p2b: Land of T|0 fnt\n|faint|p2b: Land of T\n|move|p2a: Big W|Leech Seed|p1a: Ursaluna\n|-start|p1a: Ursaluna|move: Leech Seed\n|\n|-heal|p1a: Ursaluna|36\/100 psn|[from] item: Leftovers\n|-heal|p2a: Big W|19\/100|[from] item: Leftovers\n|-damage|p1a: Ursaluna|24\/100 psn|[from] Leech Seed|[of] p2a: Big W\n|-heal|p2a: Big W|35\/100|[silent]\n|-damage|p1a: Ursaluna|11\/100 psn|[from] psn\n|upkeep\n|inactive|Mudkiped has 120 seconds left.\n|\n|t:|1695956374\n|switch|p2b: Mc Cloud|Ninetales-Alola, F, shiny|100\/100\n|-weather|Snow|[from] ability: Snow Warning|[of] p2b: Mc Cloud\n|turn|5\n|\n|t:|1695956386\n|switch|p1b: Jirachi|Jirachi, shiny|100\/100\n|move|p2b: Mc Cloud|Protect|p2b: Mc Cloud\n|-singleturn|p2b: Mc Cloud|Protect\n|move|p2a: Big W|Protect|p2a: Big W\n|-singleturn|p2a: Big W|Protect\n|move|p1a: Ursaluna|Facade|p2b: Mc Cloud\n|-activate|p2b: Mc Cloud|move: Protect\n|\n|-weather|Snow|[upkeep]\n|-heal|p1a: Ursaluna|18\/100 psn|[from] item: Leftovers\n|-heal|p2a: Big W|41\/100|[from] item: Leftovers\n|-damage|p1a: Ursaluna|5\/100 psn|[from] Leech Seed|[of] p2a: Big W\n|-heal|p2a: Big W|56\/100|[silent]\n|-damage|p1a: Ursaluna|0 fnt|[from] psn\n|faint|p1a: Ursaluna\n|upkeep\n|\n|t:|1695956396\n|switch|p1a: Flutter Mane|Flutter Mane|77\/100 psn\n|turn|6\n|\n|t:|1695956419\n|switch|p2a: WatchYoStep|Glimmora, F|100\/100\n|-terastallize|p2b: Mc Cloud|Fire\n|move|p1a: Flutter Mane|Taunt|p2b: Mc Cloud\n|-start|p2b: Mc Cloud|move: Taunt\n|-zpower|p1b: Jirachi\n|move|p1b: Jirachi|Z-Happy Hour|p1b: Jirachi|[anim]Happy Hour\n|-boost|p1b: Jirachi|atk|1|[zeffect]\n|-boost|p1b: Jirachi|def|1|[zeffect]\n|-boost|p1b: Jirachi|spa|1|[zeffect]\n|-boost|p1b: Jirachi|spd|1|[zeffect]\n|-boost|p1b: Jirachi|spe|1|[zeffect]\n|cant|p2b: Mc Cloud|move: Taunt|Aurora Veil\n|\n|-weather|Snow|[upkeep]\n|-damage|p1a: Flutter Mane|65\/100 psn|[from] psn\n|-sideend|p1: FalseRulerGrenji|move: Tailwind\n|upkeep\n|turn|7\n|inactive|Mudkiped has 120 seconds left.\n|\n|t:|1695956460\n|switch|p2b: Big W|Wo-Chien|56\/100\n|-ability|p2b: Big W|Tablets of Ruin\n|move|p1a: Flutter Mane|Shadow Ball|p2b: Big W\n|-resisted|p2b: Big W\n|-damage|p2b: Big W|44\/100\n|move|p1b: Jirachi|Stored Power|p2a: WatchYoStep\n|-supereffective|p2a: WatchYoStep\n|-damage|p2a: WatchYoStep|0 fnt\n|faint|p2a: WatchYoStep\n|\n|-weather|Snow|[upkeep]\n|-heal|p2b: Big W|50\/100|[from] item: Leftovers\n|-damage|p1a: Flutter Mane|52\/100 psn|[from] psn\n|upkeep\n|inactive|Mudkiped has 90 seconds left.\n|\n|t:|1695956497\n|switch|p2a: Mc Cloud|Ninetales-Alola, F, shiny, tera:Fire|100\/100\n|turn|8\n|\n|t:|1695956512\n|move|p1a: Flutter Mane|Helping Hand|p1b: Jirachi\n|-singleturn|p1b: Jirachi|Helping Hand|[of] p1a: Flutter Mane\n|move|p1b: Jirachi|Body Slam|p2a: Mc Cloud\n|-damage|p2a: Mc Cloud|61\/100\n|move|p2a: Mc Cloud|Aurora Veil|p2a: Mc Cloud\n|-sidestart|p2: Mudkiped|move: Aurora Veil\n|move|p2b: Big W|Leech Seed|p1b: Jirachi\n|-start|p1b: Jirachi|move: Leech Seed\n|\n|-weather|Snow|[upkeep]\n|-heal|p2b: Big W|56\/100|[from] item: Leftovers\n|-damage|p1b: Jirachi|88\/100|[from] Leech Seed|[of] p2b: Big W\n|-heal|p2b: Big W|69\/100|[silent]\n|-damage|p1a: Flutter Mane|40\/100 psn|[from] psn\n|upkeep\n|turn|9\n|inactive|Mudkiped has 90 seconds left.\n|\n|t:|1695956561\n|switch|p2a: In A Hot Tub|Sinistcha-Masterpiece, shiny|26\/100\n|-heal|p2b: Big W|94\/100|[from] ability: Hospitality|[of] p2a: In A Hot Tub\n|move|p1a: Flutter Mane|Moonblast|p2b: Big W\n|-supereffective|p2b: Big W\n|-damage|p2b: Big W|56\/100\n|-unboost|p2b: Big W|spa|1\n|move|p1b: Jirachi|Stored Power|p2a: In A Hot Tub\n|-damage|p2a: In A Hot Tub|0 fnt\n|faint|p2a: In A Hot Tub\n|move|p2b: Big W|Leech Seed|p1a: Flutter Mane|[miss]\n|-miss|p2b: Big W|p1a: Flutter Mane\n|\n|-weather|none\n|-heal|p2b: Big W|62\/100|[from] item: Leftovers\n|-damage|p1b: Jirachi|76\/100|[from] Leech Seed|[of] p2b: Big W\n|-heal|p2b: Big W|75\/100|[silent]\n|-damage|p1a: Flutter Mane|28\/100 psn|[from] psn\n|upkeep\n|\n|t:|1695956579\n|switch|p2a: Big Kahuna|Kommo-o, M, shiny|100\/100\n|turn|10\n|\n|t:|1695956603\n|move|p1a: Flutter Mane|Moonblast|p2a: Big Kahuna\n|-supereffective|p2a: Big Kahuna\n|-damage|p2a: Big Kahuna|0 fnt\n|faint|p2a: Big Kahuna\n|move|p1b: Jirachi|Iron Head|p2b: Big W\n|-damage|p2b: Big W|57\/100\n|move|p2b: Big W|Foul Play|p1b: Jirachi\n|-supereffective|p1b: Jirachi\n|-damage|p1b: Jirachi|25\/100\n|\n|-heal|p2b: Big W|64\/100|[from] item: Leftovers\n|-damage|p1b: Jirachi|13\/100|[from] Leech Seed|[of] p2b: Big W\n|-heal|p2b: Big W|77\/100|[silent]\n|-damage|p1a: Flutter Mane|15\/100 psn|[from] psn\n|upkeep\n|\n|t:|1695956617\n|switch|p2a: Mc Cloud|Ninetales-Alola, F, shiny, tera:Fire|61\/100\n|-weather|Snow|[from] ability: Snow Warning|[of] p2a: Mc Cloud\n|turn|11\n|inactive|Mudkiped has 60 seconds left.\n|\n|t:|1695956658\n|move|p1a: Flutter Mane|Helping Hand|p1b: Jirachi\n|-singleturn|p1b: Jirachi|Helping Hand|[of] p1a: Flutter Mane\n|move|p2a: Mc Cloud|Protect|p2a: Mc Cloud\n|-singleturn|p2a: Mc Cloud|Protect\n|move|p1b: Jirachi|Stored Power|p2a: Mc Cloud\n|-activate|p2a: Mc Cloud|move: Protect\n|move|p2b: Big W|Foul Play|p1a: Flutter Mane\n|-damage|p1a: Flutter Mane|0 fnt\n|faint|p1a: Flutter Mane\n|-end|p1a: Flutter Mane|Protosynthesis|[silent]\n|\n|-weather|Snow|[upkeep]\n|-heal|p2b: Big W|83\/100|[from] item: Leftovers\n|-damage|p1b: Jirachi|0 fnt|[from] Leech Seed|[of] p2b: Big W\n|-heal|p2b: Big W|96\/100|[silent]\n|faint|p1b: Jirachi\n|upkeep\n|inactive|FalseRulerGrenji has 120 seconds left.\n|\n|t:|1695956702\n|switch|p1a: Greninja|Greninja, M, shiny|100\/100\n|switch|p1b: Ogerpon|Ogerpon-Hearthflame, F|100\/100\n|-ability|p1b: Ogerpon|Mold Breaker\n|turn|12\n|\n|t:|1695956715\n|-terastallize|p1b: Ogerpon|Fire\n|detailschange|p1b: Ogerpon|Ogerpon-Hearthflame-Tera, F, tera:Fire\n|-ability|p1b: Ogerpon|Embody Aspect (Hearthflame)|boost\n|-boost|p1b: Ogerpon|atk|1\n|move|p1a: Greninja|Mat Block|p1a: Greninja\n|-start|p1a: Greninja|typechange|Fighting|[from] ability: Protean\n|-singleturn|p1a: Greninja|Mat Block\n|move|p1b: Ogerpon|Swords Dance|p1b: Ogerpon\n|-boost|p1b: Ogerpon|atk|2\n|move|p2a: Mc Cloud|Moonblast|p1a: Greninja\n|-activate|p1a: Greninja|move: Mat Block|Moonblast\n|move|p2b: Big W|Foul Play|p1b: Ogerpon\n|-activate|p1b: Ogerpon|move: Mat Block|Foul Play\n|\n|-weather|Snow|[upkeep]\n|-heal|p2b: Big W|100\/100|[from] item: Leftovers\n|upkeep\n|turn|13\n|inactive|Mudkiped has 90 seconds left.\n|\n|t:|1695956734\n|switch|p1a: Altaria|Altaria-Mega, F, shiny|100\/100\n|move|p2b: Big W|Protect|p2b: Big W\n|-singleturn|p2b: Big W|Protect\n|move|p1b: Ogerpon|Ivy Cudgel|p2b: Big W\n|-activate|p2b: Big W|move: Protect\n|move|p2a: Mc Cloud|Moonblast|p1a: Altaria\n|-supereffective|p1a: Altaria\n|-damage|p1a: Altaria|58\/100\n|\n|-weather|Snow|[upkeep]\n|upkeep\n|turn|14\n|inactive|Mudkiped has 90 seconds left.\n|\n|t:|1695956752\n|move|p1b: Ogerpon|Ivy Cudgel|p2b: Big W\n|-supereffective|p2b: Big W\n|-crit|p2b: Big W\n|-damage|p2b: Big W|0 fnt\n|faint|p2b: Big W\n|move|p2a: Mc Cloud|Moonblast|p1a: Altaria\n|-supereffective|p1a: Altaria\n|-damage|p1a: Altaria|15\/100\n|-unboost|p1a: Altaria|spa|1\n|move|p1a: Altaria|Roost|p1a: Altaria\n|-heal|p1a: Altaria|65\/100\n|-singleturn|p1a: Altaria|move: Roost\n|\n|-weather|Snow|[upkeep]\n|upkeep\n|turn|15\n|l| Nyata\n|c|\u2606Mudkiped|ggs\n|\n|t:|1695956775\n|move|p1b: Ogerpon|Ivy Cudgel|p2a: Mc Cloud\n|-resisted|p2a: Mc Cloud\n|-damage|p2a: Mc Cloud|0 fnt\n|faint|p2a: Mc Cloud\n|\n|win|FalseRulerGrenji\n|raw|FalseRulerGrenji's rating: 1319 &rarr; <strong>1340<\/strong><br \/>(+21 for winning)\n|raw|Mudkiped's rating: 1336 &rarr; <strong>1315<\/strong><br \/>(-21 for losing)\n|c|\u2606FalseRulerGrenji|Gg\n|l|\u2606Mudkiped\n","uploadtime":1695956789,"views":16,"p1id":"falserulergrenji","p2id":"mudkiped","formatid":"gen9nationaldexdoubles","rating":1315,"private":0,"password":""}