{"id":"gen9nationaldexdoubles-1994459973","p1":"El Ryuk456","p2":"Thatfunniguy","format":"[Gen 9] National Dex Doubles","log":"|j|\u2606El Ryuk456\n|j|\u2606Thatfunniguy\n|t:|1700446415\n|gametype|doubles\n|player|p1|El Ryuk456|ingo|1380\n|player|p2|Thatfunniguy|fisherman-gen4|1356\n|teamsize|p1|6\n|teamsize|p2|6\n|gen|9\n|tier|[Gen 9] National Dex Doubles\n|rated|\n|rule|HP Percentage Mod: HP is shown in percentages\n|rule|Endless Battle Clause: Forcing endless battles is banned\n|rule|OHKO Clause: OHKO moves are banned\n|rule|Evasion Moves Clause: Evasion moves are banned\n|rule|Evasion Abilities Clause: Evasion abilities are banned\n|rule|Species Clause: Limit one of each Pok\u00e9mon\n|rule|Gravity Sleep Clause: The combination of sleep-inducing moves with imperfect accuracy and Gravity or Gigantamax Orbeetle are banned\n|clearpoke\n|poke|p1|Audino, F|\n|poke|p1|Zoroark, M|\n|poke|p1|Mimikyu, F|\n|poke|p1|Gholdengo|\n|poke|p1|Moltres-Galar|\n|poke|p1|Ogerpon-Cornerstone, F|\n|poke|p2|Murkrow, M|\n|poke|p2|Eldegoss, F|\n|poke|p2|Serperior, M|\n|poke|p2|Victini|\n|poke|p2|Malamar, M|\n|poke|p2|Latias, F|\n|teampreview\n|inactive|Battle timer is ON: inactive players will automatically lose when time's up. (requested by Thatfunniguy)\n|\n|t:|1700446442\n|start\n|switch|p1a: Mimikyu|Mimikyu, F|100\/100\n|switch|p1b: Moltres|Moltres-Galar|100\/100\n|switch|p2a: Le Guy|Malamar, M, shiny|100\/100\n|switch|p2b: The Light|Victini|100\/100\n|turn|1\n|\n|t:|1700446458\n|switch|p2b: Slow down|Eldegoss, F|100\/100\n|move|p1b: Moltres|Nasty Plot|p1b: Moltres\n|-boost|p1b: Moltres|spa|2\n|move|p2a: Le Guy|Superpower|p1b: Moltres\n|-damage|p1b: Moltres|68\/100\n|-boost|p2a: Le Guy|atk|1\n|-boost|p2a: Le Guy|def|1\n|move|p1a: Mimikyu|Trick Room|p1a: Mimikyu\n|-fieldstart|move: Trick Room|[of] p1a: Mimikyu\n|\n|upkeep\n|turn|2\n|\n|t:|1700446476\n|move|p2b: Slow down|Sleep Powder|p1a: Mimikyu\n|-status|p1a: Mimikyu|slp|[from] move: Sleep Powder\n|move|p2a: Le Guy|Topsy-Turvy|p1b: Moltres\n|-invertboost|p1b: Moltres|[from] move: Topsy-Turvy\n|move|p1b: Moltres|Fiery Wrath|p2a: Le Guy|[spread] p2a,p2b\n|-crit|p2b: Slow down\n|-damage|p2a: Le Guy|81\/100\n|-damage|p2b: Slow down|66\/100\n|-ability|p2b: Slow down|Cotton Down\n|-unboost|p1a: Mimikyu|spe|1\n|-unboost|p1b: Moltres|spe|1\n|-boost|p2a: Le Guy|spe|1\n|cant|p1a: Mimikyu|slp\n|\n|-heal|p2a: Le Guy|87\/100|[from] item: Leftovers\n|upkeep\n|turn|3\n|\n|t:|1700446500\n|move|p1b: Moltres|Fiery Wrath|p2b: Slow down|[spread] p2a,p2b\n|-damage|p2a: Le Guy|70\/100\n|-damage|p2b: Slow down|55\/100\n|-ability|p2b: Slow down|Cotton Down\n|-unboost|p1a: Mimikyu|spe|1\n|-unboost|p1b: Moltres|spe|1\n|-boost|p2a: Le Guy|spe|1\n|cant|p1a: Mimikyu|slp\n|move|p2b: Slow down|Pollen Puff|p2a: Le Guy\n|-heal|p2a: Le Guy|100\/100\n|cant|p2a: Le Guy|flinch\n|\n|upkeep\n|turn|4\n|\n|t:|1700446520\n|move|p1b: Moltres|Fiery Wrath|p2b: Slow down|[spread] p2a,p2b\n|-damage|p2a: Le Guy|83\/100\n|-damage|p2b: Slow down|45\/100\n|-ability|p2b: Slow down|Cotton Down\n|-unboost|p1a: Mimikyu|spe|1\n|-unboost|p1b: Moltres|spe|1\n|-boost|p2a: Le Guy|spe|1\n|-enditem|p2b: Slow down|Sitrus Berry|[eat]\n|-heal|p2b: Slow down|70\/100|[from] item: Sitrus Berry\n|cant|p1a: Mimikyu|slp\n|move|p2b: Slow down|Pollen Puff|p1a: Mimikyu\n|-activate|p1a: Mimikyu|ability: Disguise\n|-damage|p1a: Mimikyu|100\/100 slp\n|detailschange|p1a: Mimikyu|Mimikyu-Busted, F\n|-damage|p1a: Mimikyu|88\/100 slp|[from] pokemon: Mimikyu-Busted\n|move|p2a: Le Guy|Superpower|p1b: Moltres\n|-damage|p1b: Moltres|10\/100\n|-boost|p2a: Le Guy|atk|1\n|-boost|p2a: Le Guy|def|1\n|-ability|p1b: Moltres|Berserk|boost\n|-boost|p1b: Moltres|spa|1\n|-enditem|p1b: Moltres|Sitrus Berry|[eat]\n|-heal|p1b: Moltres|35\/100|[from] item: Sitrus Berry\n|\n|-heal|p2a: Le Guy|90\/100|[from] item: Leftovers\n|upkeep\n|turn|5\n|\n|t:|1700446548\n|move|p1b: Moltres|Fiery Wrath|p2b: Slow down|[spread] p2a,p2b\n|-damage|p2a: Le Guy|67\/100\n|-damage|p2b: Slow down|55\/100\n|-ability|p2b: Slow down|Cotton Down\n|-unboost|p1a: Mimikyu|spe|1\n|-unboost|p1b: Moltres|spe|1\n|-boost|p2a: Le Guy|spe|1\n|-curestatus|p1a: Mimikyu|slp|[msg]\n|-zpower|p1a: Mimikyu\n|move|p1a: Mimikyu|Let's Snuggle Forever|p2a: Le Guy|[zeffect]\n|-supereffective|p2a: Le Guy\n|-damage|p2a: Le Guy|0 fnt\n|faint|p2a: Le Guy\n|cant|p2b: Slow down|flinch\n|\n|-fieldend|move: Trick Room\n|upkeep\n|inactive|Thatfunniguy has 120 seconds left.\n|\n|t:|1700446562\n|switch|p2a: Snek|Serperior, M|100\/100\n|turn|6\n|\n|t:|1700446573\n|switch|p1b: Gholdengo|Gholdengo|100\/100\n|move|p2a: Snek|Leaf Storm|p1a: Mimikyu\n|-damage|p1a: Mimikyu|38\/100\n|-boost|p2a: Snek|spa|2\n|move|p2b: Slow down|Sleep Powder|p1b: Gholdengo\n|-immune|p1b: Gholdengo|[from] ability: Good as Gold\n|move|p1a: Mimikyu|Trick Room|p1a: Mimikyu\n|-fieldstart|move: Trick Room|[of] p1a: Mimikyu\n|\n|upkeep\n|turn|7\n|\n|t:|1700446597\n|move|p1a: Mimikyu|Play Rough|p2a: Snek\n|-damage|p2a: Snek|63\/100\n|-boost|p2a: Snek|atk|1\n|move|p2b: Slow down|Pollen Puff|p2a: Snek\n|-heal|p2a: Snek|100\/100\n|move|p1b: Gholdengo|Nasty Plot|p1b: Gholdengo\n|-boost|p1b: Gholdengo|spa|2\n|move|p2a: Snek|Hidden Power|p1b: Gholdengo\n|-supereffective|p1b: Gholdengo\n|-damage|p1b: Gholdengo|41\/100\n|\n|-heal|p1b: Gholdengo|47\/100|[from] item: Leftovers\n|upkeep\n|turn|8\n|\n|t:|1700446619\n|-terastallize|p1b: Gholdengo|Steel\n|move|p1a: Mimikyu|Shadow Claw|p2a: Snek\n|-damage|p2a: Snek|68\/100\n|move|p2b: Slow down|Pollen Puff|p2a: Snek\n|-heal|p2a: Snek|100\/100\n|move|p1b: Gholdengo|Make It Rain|p2b: Slow down|[spread] p2a,p2b\n|-damage|p2a: Snek|0 fnt\n|-damage|p2b: Slow down|0 fnt\n|-unboost|p1b: Gholdengo|spa|1\n|-ability|p2b: Slow down|Cotton Down\n|-unboost|p1a: Mimikyu|spe|1\n|-unboost|p1b: Gholdengo|spe|1\n|faint|p2a: Snek\n|faint|p2b: Slow down\n|\n|-heal|p1b: Gholdengo|53\/100|[from] item: Leftovers\n|upkeep\n|\n|t:|1700446634\n|switch|p2b: Caesar|Murkrow, M|100\/100\n|switch|p2a: The Light|Victini|100\/100\n|turn|9\n|\n|t:|1700446646\n|move|p1b: Gholdengo|Protect|p1b: Gholdengo\n|-singleturn|p1b: Gholdengo|Protect\n|move|p2b: Caesar|Quash|p1a: Mimikyu\n|-activate|p1a: Mimikyu|move: Quash\n|move|p2a: The Light|V-create|p1b: Gholdengo\n|-activate|p1b: Gholdengo|move: Protect\n|move|p1a: Mimikyu|Shadow Claw|p2a: The Light\n|-supereffective|p2a: The Light\n|-damage|p2a: The Light|44\/100\n|\n|-heal|p1b: Gholdengo|59\/100|[from] item: Leftovers\n|upkeep\n|turn|10\n|\n|t:|1700446661\n|switch|p1a: Ogerpon|Ogerpon-Cornerstone, F|100\/100\n|switch|p2a: Playing Around|Latias, F, shiny|100\/100\n|move|p2b: Caesar|Taunt|p1a: Ogerpon\n|-start|p1a: Ogerpon|move: Taunt\n|move|p1b: Gholdengo|Shadow Ball|p2a: Playing Around\n|-supereffective|p2a: Playing Around\n|-crit|p2a: Playing Around\n|-damage|p2a: Playing Around|0 fnt\n|faint|p2a: Playing Around\n|\n|-heal|p1b: Gholdengo|66\/100|[from] item: Leftovers\n|-fieldend|move: Trick Room\n|upkeep\n|\n|t:|1700446666\n|switch|p2a: The Light|Victini|44\/100\n|turn|11\n|\n|t:|1700446681\n|move|p1b: Gholdengo|Protect|p1b: Gholdengo\n|-singleturn|p1b: Gholdengo|Protect\n|move|p2b: Caesar|Quash|p1a: Ogerpon\n|-activate|p1a: Ogerpon|move: Quash\n|move|p2a: The Light|V-create|p1b: Gholdengo\n|-activate|p1b: Gholdengo|move: Protect\n|move|p1a: Ogerpon|Ivy Cudgel|p2a: The Light|[anim] Ivy Cudgel Rock\n|-supereffective|p2a: The Light\n|-damage|p2a: The Light|0 fnt\n|faint|p2a: The Light\n|\n|-heal|p1b: Gholdengo|72\/100|[from] item: Leftovers\n|upkeep\n|turn|12\n|-message|Thatfunniguy forfeited.\n|\n|win|El Ryuk456\n|raw|El Ryuk456's rating: 1380 &rarr; <strong>1399<\/strong><br \/>(+19 for winning)\n|raw|Thatfunniguy's rating: 1356 &rarr; <strong>1337<\/strong><br \/>(-19 for losing)\n|l|\u2606Thatfunniguy\n","uploadtime":1700446696,"views":3,"p1id":"elryuk456","p2id":"thatfunniguy","formatid":"gen9nationaldexdoubles","rating":1337,"private":0,"password":""}