{"id":"gen9nationaldexdoubles-1996673835","p1":"Vivethen","p2":"Mrchistoso","format":"[Gen 9] National Dex Doubles","log":"|j|\u2606Vivethen\n|j|\u2606Mrchistoso\n|t:|1700708068\n|gametype|doubles\n|player|p1|Vivethen|cheren|1085\n|player|p2|Mrchistoso|hugh|1000\n|teamsize|p1|6\n|teamsize|p2|6\n|gen|9\n|tier|[Gen 9] National Dex Doubles\n|rated|\n|rule|HP Percentage Mod: HP is shown in percentages\n|rule|Endless Battle Clause: Forcing endless battles is banned\n|rule|OHKO Clause: OHKO moves are banned\n|rule|Evasion Moves Clause: Evasion moves are banned\n|rule|Evasion Abilities Clause: Evasion abilities are banned\n|rule|Species Clause: Limit one of each Pok\u00e9mon\n|rule|Gravity Sleep Clause: The combination of sleep-inducing moves with imperfect accuracy and Gravity or Gigantamax Orbeetle are banned\n|clearpoke\n|poke|p1|Alcremie, F|\n|poke|p1|Incineroar, F|\n|poke|p1|Dragapult, M|\n|poke|p1|Sinistcha|\n|poke|p1|Palafin, M|\n|poke|p1|Flutter Mane|\n|poke|p2|Iron Bundle|\n|poke|p2|Tapu Koko|\n|poke|p2|Flutter Mane|\n|poke|p2|Iron Valiant|\n|poke|p2|Pincurchin, F|\n|poke|p2|Iron Leaves|\n|teampreview\n|inactive|Battle timer is ON: inactive players will automatically lose when time's up. (requested by Mrchistoso)\n|inactive|Vivethen has 120 seconds left.\n|\n|t:|1700708115\n|start\n|switch|p1a: Palafin|Palafin, M|100\/100\n|switch|p1b: Flutter Mane|Flutter Mane|100\/100\n|switch|p2a: Pincurchin|Pincurchin, F|100\/100\n|switch|p2b: Iron Valiant|Iron Valiant|100\/100\n|-fieldstart|move: Electric Terrain|[from] ability: Electric Surge|[of] p2a: Pincurchin\n|-activate|p2b: Iron Valiant|ability: Quark Drive\n|-start|p2b: Iron Valiant|quarkdrivespe\n|-enditem|p1b: Flutter Mane|Booster Energy\n|-activate|p1b: Flutter Mane|ability: Protosynthesis|[fromitem]\n|-start|p1b: Flutter Mane|protosynthesisspe\n|turn|1\n|\n|t:|1700708141\n|detailschange|p1a: Palafin|Palafin-Hero, M\n|switch|p1a: Incineroar|Incineroar, F|100\/100\n|-ability|p1a: Incineroar|Intimidate|boost\n|-unboost|p2a: Pincurchin|atk|1\n|-unboost|p2b: Iron Valiant|atk|1\n|move|p1b: Flutter Mane|Moonblast|p2b: Iron Valiant\n|-supereffective|p2b: Iron Valiant\n|-damage|p2b: Iron Valiant|0 fnt\n|faint|p2b: Iron Valiant\n|-end|p2b: Iron Valiant|Quark Drive|[silent]\n|move|p2a: Pincurchin|Thunder Wave|p1b: Flutter Mane\n|-status|p1b: Flutter Mane|par\n|\n|upkeep\n|\n|t:|1700708153\n|switch|p2b: Flutter Mane|Flutter Mane|100\/100\n|turn|2\n|\n|t:|1700708173\n|move|p1a: Incineroar|Fake Out|p2a: Pincurchin\n|-damage|p2a: Pincurchin|91\/100\n|move|p2b: Flutter Mane|Dazzling Gleam|p1b: Flutter Mane|[spread] p1a,p1b\n|-damage|p1a: Incineroar|61\/100\n|-damage|p1b: Flutter Mane|58\/100 par\n|move|p1b: Flutter Mane|Shadow Ball|p2b: Flutter Mane\n|-supereffective|p2b: Flutter Mane\n|-damage|p2b: Flutter Mane|16\/100\n|cant|p2a: Pincurchin|flinch\n|\n|upkeep\n|turn|3\n|\n|t:|1700708197\n|switch|p1a: Sinistcha|Sinistcha|100\/100\n|-heal|p1b: Flutter Mane|83\/100 par|[from] ability: Hospitality|[of] p1a: Sinistcha\n|move|p2b: Flutter Mane|Dazzling Gleam|p1a: Sinistcha|[spread] p1a,p1b\n|-damage|p1a: Sinistcha|43\/100\n|-damage|p1b: Flutter Mane|41\/100 par\n|move|p1b: Flutter Mane|Dazzling Gleam|p2b: Flutter Mane|[spread] p2a,p2b\n|-damage|p2a: Pincurchin|53\/100\n|-damage|p2b: Flutter Mane|0 fnt\n|faint|p2b: Flutter Mane\n|-end|p2b: Flutter Mane|Protosynthesis|[silent]\n|move|p2a: Pincurchin|Thunder Wave|p1a: Sinistcha\n|-status|p1a: Sinistcha|par\n|\n|upkeep\n|\n|t:|1700708211\n|switch|p2b: Iron Leaves|Iron Leaves|100\/100\n|-activate|p2b: Iron Leaves|ability: Quark Drive\n|-start|p2b: Iron Leaves|quarkdriveatk\n|turn|4\n|\n|t:|1700708227\n|move|p1b: Flutter Mane|Protect|p1b: Flutter Mane\n|-singleturn|p1b: Flutter Mane|Protect\n|move|p2b: Iron Leaves|Psyblade|p1b: Flutter Mane\n|-activate|p1b: Flutter Mane|move: Protect\n|cant|p1a: Sinistcha|par\n|move|p2a: Pincurchin|Spikes|p1a: Sinistcha\n|-sidestart|p1: Vivethen|Spikes\n|\n|upkeep\n|turn|5\n|\n|t:|1700708241\n|-end|p1b: Flutter Mane|Protosynthesis|[silent]\n|switch|p1b: Incineroar|Incineroar, F|61\/100\n|-damage|p1b: Incineroar|48\/100|[from] Spikes\n|-ability|p1b: Incineroar|Intimidate|boost\n|-unboost|p2a: Pincurchin|atk|1\n|-unboost|p2b: Iron Leaves|atk|1\n|-enditem|p1b: Incineroar|Sitrus Berry|[eat]\n|-heal|p1b: Incineroar|73\/100|[from] item: Sitrus Berry\n|move|p2b: Iron Leaves|Psyblade|p1b: Incineroar\n|-immune|p1b: Incineroar\n|move|p1a: Sinistcha|Strength Sap|p2b: Iron Leaves\n|-unboost|p2b: Iron Leaves|atk|1\n|-heal|p1a: Sinistcha|100\/100 par\n|move|p2a: Pincurchin|Spikes|p1a: Sinistcha\n|-sidestart|p1: Vivethen|Spikes\n|\n|upkeep\n|turn|6\n|\n|t:|1700708266\n|-end|p2b: Iron Leaves|Quark Drive|[silent]\n|switch|p2b: Iron Bundle|Iron Bundle|100\/100\n|-activate|p2b: Iron Bundle|ability: Quark Drive\n|-start|p2b: Iron Bundle|quarkdrivespe\n|switch|p1a: Alcremie|Alcremie, F|100\/100\n|-damage|p1a: Alcremie|84\/100|[from] Spikes\n|switch|p2a: Tapu Koko|Tapu Koko|100\/100\n|move|p1b: Incineroar|Fake Out|p2b: Iron Bundle\n|-damage|p2b: Iron Bundle|87\/100\n|\n|upkeep\n|turn|7\n|inactive|Mrchistoso has 120 seconds left.\n|\n|t:|1700708299\n|move|p2b: Iron Bundle|Hydro Pump|p1a: Alcremie|[miss]\n|-miss|p2b: Iron Bundle|p1a: Alcremie\n|move|p2a: Tapu Koko|Thunderbolt|p1b: Incineroar\n|-damage|p1b: Incineroar|29\/100\n|move|p1b: Incineroar|Parting Shot|p2a: Tapu Koko\n|-unboost|p2a: Tapu Koko|atk|1\n|-unboost|p2a: Tapu Koko|spa|1\n|\n|t:|1700708314\n|switch|p1b: Palafin|Palafin-Hero, M|100\/100|[from] Parting Shot\n|-damage|p1b: Palafin|84\/100|[from] Spikes\n|-activate|p1b: Palafin|ability: Zero to Hero\n|move|p1a: Alcremie|Decorate|p1b: Palafin\n|-boost|p1b: Palafin|atk|2\n|-boost|p1b: Palafin|spa|2\n|\n|upkeep\n|turn|8\n|\n|t:|1700708341\n|-end|p2b: Iron Bundle|Quark Drive|[silent]\n|switch|p2b: Pincurchin|Pincurchin, F|53\/100\n|switch|p1a: Incineroar|Incineroar, F|29\/100\n|-damage|p1a: Incineroar|12\/100|[from] Spikes\n|-ability|p1a: Incineroar|Intimidate|boost\n|-unboost|p2a: Tapu Koko|atk|1\n|-unboost|p2b: Pincurchin|atk|1\n|move|p1b: Palafin|Protect|p1b: Palafin\n|-singleturn|p1b: Palafin|Protect\n|move|p2a: Tapu Koko|Discharge|p1b: Palafin|[spread] p2b,p1a\n|-activate|p1b: Palafin|move: Protect\n|-resisted|p2b: Pincurchin\n|-damage|p2b: Pincurchin|38\/100\n|-damage|p1a: Incineroar|0 fnt\n|faint|p1a: Incineroar\n|\n|-fieldend|move: Electric Terrain\n|upkeep\n|inactive|Vivethen has 120 seconds left.\n|\n|t:|1700708374\n|switch|p1a: Dragapult|Dragapult, M|100\/100\n|-damage|p1a: Dragapult|84\/100|[from] Spikes\n|turn|9\n|inactive|Vivethen has 120 seconds left.\n|\n|t:|1700708409\n|switch|p2a: Iron Bundle|Iron Bundle|87\/100\n|-terastallize|p1b: Palafin|Water\n|move|p1b: Palafin|Jet Punch|p2a: Iron Bundle\n|-resisted|p2a: Iron Bundle\n|-damage|p2a: Iron Bundle|21\/100\n|move|p1a: Dragapult|Dragon Darts|p2b: Pincurchin\n|-damage|p2b: Pincurchin|11\/100\n|-anim|p1a: Dragapult|Dragon Darts|p2a: Iron Bundle\n|-damage|p2a: Iron Bundle|0 fnt\n|faint|p2a: Iron Bundle\n|-end|p2a: Iron Bundle|Quark Drive|[silent]\n|-damage|p1a: Dragapult|74\/100|[from] item: Life Orb\n|move|p2b: Pincurchin|Thunder Wave|p1a: Dragapult\n|-status|p1a: Dragapult|par\n|\n|upkeep\n|\n|t:|1700708425\n|switch|p2a: Iron Leaves|Iron Leaves|100\/100\n|turn|10\n|inactive|Vivethen has 120 seconds left.\n|\n|t:|1700708444\n|switch|p2b: Tapu Koko|Tapu Koko|100\/100\n|-fieldstart|move: Electric Terrain|[from] ability: Electric Surge|[of] p2b: Tapu Koko\n|-activate|p2a: Iron Leaves|ability: Quark Drive\n|-start|p2a: Iron Leaves|quarkdriveatk\n|move|p1b: Palafin|Protect|p1b: Palafin\n|-singleturn|p1b: Palafin|Protect\n|move|p2a: Iron Leaves|Leaf Blade|p1b: Palafin\n|-activate|p1b: Palafin|move: Protect\n|move|p1a: Dragapult|Dragon Darts|p2a: Iron Leaves\n|-damage|p2a: Iron Leaves|64\/100\n|-anim|p1a: Dragapult|Dragon Darts|p2a: Iron Leaves\n|-damage|p2a: Iron Leaves|25\/100\n|-damage|p1a: Dragapult|64\/100 par|[from] item: Life Orb\n|\n|upkeep\n|turn|11\n|inactive|Vivethen has 120 seconds left.\n|\n|t:|1700708488\n|move|p1b: Palafin|Jet Punch|p2b: Tapu Koko\n|-damage|p2b: Tapu Koko|0 fnt\n|faint|p2b: Tapu Koko\n|move|p2a: Iron Leaves|Leaf Blade|p1b: Palafin\n|-supereffective|p1b: Palafin\n|-damage|p1b: Palafin|0 fnt\n|faint|p1b: Palafin\n|cant|p1a: Dragapult|par\n|\n|upkeep\n|inactive|Vivethen has 120 seconds left.\n|\n|t:|1700708508\n|switch|p2b: Pincurchin|Pincurchin, F|11\/100\n|switch|p1b: Alcremie|Alcremie, F|84\/100\n|-damage|p1b: Alcremie|68\/100|[from] Spikes\n|turn|12\n|inactive|Vivethen has 120 seconds left.\n|\n|t:|1700708526\n|cant|p1a: Dragapult|par\n|move|p2a: Iron Leaves|Leaf Blade|p1a: Dragapult\n|-resisted|p1a: Dragapult\n|-damage|p1a: Dragapult|22\/100 par\n|move|p1b: Alcremie|Dazzling Gleam|p2a: Iron Leaves|[spread] p2a,p2b\n|-damage|p2a: Iron Leaves|2\/100\n|-damage|p2b: Pincurchin|0 fnt\n|faint|p2b: Pincurchin\n|\n|upkeep\n|turn|13\n|\n|t:|1700708542\n|switch|p1a: Sinistcha|Sinistcha|100\/100 par\n|-damage|p1a: Sinistcha|84\/100 par|[from] Spikes\n|-heal|p1b: Alcremie|92\/100|[from] ability: Hospitality|[of] p1a: Sinistcha\n|move|p2a: Iron Leaves|Leaf Blade|p1b: Alcremie\n|-damage|p1b: Alcremie|23\/100\n|move|p1b: Alcremie|Dazzling Gleam|p2a: Iron Leaves\n|-damage|p2a: Iron Leaves|0 fnt\n|faint|p2a: Iron Leaves\n|-end|p2a: Iron Leaves|Quark Drive|[silent]\n|\n|win|Vivethen\n|raw|Vivethen's rating: 1085 &rarr; <strong>1106<\/strong><br \/>(+21 for winning)\n|raw|Mrchistoso's rating: 1000 &rarr; <strong>1000<\/strong><br \/>(+0 for losing)\n|l|\u2606Mrchistoso\n","uploadtime":1700708558,"views":24,"p1id":"vivethen","p2id":"mrchistoso","formatid":"gen9nationaldexdoubles","rating":1000,"private":0,"password":""}