{"id":"gen9nationaldexdoubles-1953937731","p1":"Chad Tankers","p2":"Mudkiped","format":"[Gen 9] National Dex Doubles","log":"|j|\u2606Chad Tankers\n|j|\u2606Mudkiped\n|t:|1695839611\n|gametype|doubles\n|player|p1|Chad Tankers|pokemaniac|1318\n|player|p2|Mudkiped|crasherwake|1408\n|teamsize|p1|6\n|teamsize|p2|6\n|gen|9\n|tier|[Gen 9] National Dex Doubles\n|rated|\n|rule|HP Percentage Mod: HP is shown in percentages\n|rule|Endless Battle Clause: Forcing endless battles is banned\n|rule|OHKO Clause: OHKO moves are banned\n|rule|Evasion Moves Clause: Evasion moves are banned\n|rule|Evasion Abilities Clause: Evasion abilities are banned\n|rule|Species Clause: Limit one of each Pok\u00e9mon\n|rule|Gravity Sleep Clause: The combination of sleep-inducing moves with imperfect accuracy and Gravity or Gigantamax Orbeetle are banned\n|clearpoke\n|poke|p1|Lucario, F|\n|poke|p1|Chien-Pao|\n|poke|p1|Tapu Fini|\n|poke|p1|Cresselia, F|\n|poke|p1|Zamazenta-*|\n|poke|p1|Zygarde|\n|poke|p2|Wo-Chien|\n|poke|p2|Sinistcha-Masterpiece|\n|poke|p2|Glimmora, F|\n|poke|p2|Kommo-o, M|\n|poke|p2|Ninetales-Alola, F|\n|poke|p2|Arcanine-Hisui, M|\n|teampreview\n|inactive|Battle timer is ON: inactive players will automatically lose when time's up. (requested by Chad Tankers)\n|\n|t:|1695839632\n|start\n|switch|p1a: Tapu Fini|Tapu Fini, shiny|100\/100\n|switch|p1b: Cresselia|Cresselia, F, shiny|100\/100\n|switch|p2a: WatchYoStep|Glimmora, F|100\/100\n|switch|p2b: RK-9H|Arcanine-Hisui, M|100\/100\n|-ability|p2b: RK-9H|Intimidate|boost\n|-unboost|p1a: Tapu Fini|atk|1\n|-unboost|p1b: Cresselia|atk|1\n|-fieldstart|move: Misty Terrain|[from] ability: Misty Surge|[of] p1a: Tapu Fini\n|turn|1\n|\n|t:|1695839652\n|switch|p2b: In A Hot Tub|Sinistcha-Masterpiece, shiny|100\/100\n|switch|p2a: Big W|Wo-Chien|100\/100\n|-ability|p2a: Big W|Tablets of Ruin\n|move|p1a: Tapu Fini|Muddy Water|p2a: Big W|[spread] p2a,p2b\n|-resisted|p2a: Big W\n|-resisted|p2b: In A Hot Tub\n|-damage|p2a: Big W|93\/100\n|-damage|p2b: In A Hot Tub|86\/100\n|-unboost|p2a: Big W|accuracy|1\n|move|p1b: Cresselia|Calm Mind|p1b: Cresselia\n|-boost|p1b: Cresselia|spa|1\n|-boost|p1b: Cresselia|spd|1\n|\n|-heal|p2a: Big W|99\/100|[from] item: Leftovers\n|upkeep\n|turn|2\n|\n|t:|1695839680\n|move|p2b: In A Hot Tub|Rage Powder|p2b: In A Hot Tub\n|-singleturn|p2b: In A Hot Tub|move: Rage Powder\n|move|p1a: Tapu Fini|Moonblast|p2b: In A Hot Tub\n|-damage|p2b: In A Hot Tub|40\/100\n|-unboost|p2b: In A Hot Tub|spa|1\n|move|p1b: Cresselia|Calm Mind|p1b: Cresselia\n|-boost|p1b: Cresselia|spa|1\n|-boost|p1b: Cresselia|spd|1\n|move|p2a: Big W|Leech Seed|p1b: Cresselia\n|-start|p1b: Cresselia|move: Leech Seed\n|\n|-heal|p2a: Big W|100\/100|[from] item: Leftovers\n|-damage|p1b: Cresselia|88\/100|[from] Leech Seed|[of] p2a: Big W\n|upkeep\n|turn|3\n|\n|t:|1695839702\n|move|p1a: Tapu Fini|Moonblast|p2a: Big W\n|-supereffective|p2a: Big W\n|-damage|p2a: Big W|59\/100\n|move|p1b: Cresselia|Calm Mind|p1b: Cresselia\n|-boost|p1b: Cresselia|spa|1\n|-boost|p1b: Cresselia|spd|1\n|move|p2a: Big W|Pollen Puff|p2b: In A Hot Tub\n|-heal|p2b: In A Hot Tub|90\/100\n|move|p2b: In A Hot Tub|Trick Room|p2b: In A Hot Tub\n|-fieldstart|move: Trick Room|[of] p2b: In A Hot Tub\n|\n|-heal|p2a: Big W|65\/100|[from] item: Leftovers\n|-damage|p1b: Cresselia|76\/100|[from] Leech Seed|[of] p2a: Big W\n|-heal|p2a: Big W|80\/100|[silent]\n|upkeep\n|turn|4\n|inactive|Mudkiped has 120 seconds left.\n|inactive|Mudkiped has 90 seconds left.\n|inactive|Mudkiped has 60 seconds left.\n|\n|t:|1695839805\n|move|p2a: Big W|Foul Play|p1b: Cresselia\n|-supereffective|p1b: Cresselia\n|-damage|p1b: Cresselia|64\/100\n|move|p2b: In A Hot Tub|Matcha Gotcha|p1b: Cresselia|[spread] p1a\n|-miss|p2b: In A Hot Tub|p1b: Cresselia\n|-supereffective|p1a: Tapu Fini\n|-damage|p1a: Tapu Fini|74\/100\n|-heal|p2b: In A Hot Tub|100\/100|[from] drain|[of] p1a: Tapu Fini\n|move|p1b: Cresselia|Stored Power|p2b: In A Hot Tub\n|-damage|p2b: In A Hot Tub|0 fnt\n|faint|p2b: In A Hot Tub\n|move|p1a: Tapu Fini|Calm Mind|p1a: Tapu Fini\n|-boost|p1a: Tapu Fini|spa|1\n|-boost|p1a: Tapu Fini|spd|1\n|\n|-heal|p2a: Big W|86\/100|[from] item: Leftovers\n|-heal|p1a: Tapu Fini|80\/100|[from] item: Leftovers\n|-damage|p1b: Cresselia|51\/100|[from] Leech Seed|[of] p2a: Big W\n|-heal|p2a: Big W|100\/100|[silent]\n|upkeep\n|\n|t:|1695839824\n|switch|p2b: Mc Cloud|Ninetales-Alola, F, shiny|100\/100\n|-weather|Snow|[from] ability: Snow Warning|[of] p2b: Mc Cloud\n|turn|5\n|inactive|Mudkiped has 60 seconds left.\n|\n|t:|1695839836\n|move|p2b: Mc Cloud|Protect|p2b: Mc Cloud\n|-singleturn|p2b: Mc Cloud|Protect\n|move|p2a: Big W|Leech Seed|p1a: Tapu Fini|[miss]\n|-miss|p2a: Big W|p1a: Tapu Fini\n|move|p1b: Cresselia|Stored Power|p2b: Mc Cloud\n|-activate|p2b: Mc Cloud|move: Protect\n|move|p1a: Tapu Fini|Moonblast|p2a: Big W\n|-supereffective|p2a: Big W\n|-damage|p2a: Big W|33\/100\n|\n|-weather|Snow|[upkeep]\n|-heal|p2a: Big W|39\/100|[from] item: Leftovers\n|-heal|p1a: Tapu Fini|87\/100|[from] item: Leftovers\n|-damage|p1b: Cresselia|39\/100|[from] Leech Seed|[of] p2a: Big W\n|-heal|p2a: Big W|53\/100|[silent]\n|-fieldend|Misty Terrain\n|upkeep\n|turn|6\n|\n|t:|1695839856\n|-terastallize|p2a: Big W|Water\n|move|p2a: Big W|Leech Seed|p1a: Tapu Fini\n|-start|p1a: Tapu Fini|move: Leech Seed\n|move|p1b: Cresselia|Stored Power|p2b: Mc Cloud\n|-damage|p2b: Mc Cloud|11\/100\n|move|p1a: Tapu Fini|Moonblast|p2a: Big W\n|-crit|p2a: Big W\n|-damage|p2a: Big W|3\/100\n|move|p2b: Mc Cloud|Aurora Veil|p2b: Mc Cloud\n|-sidestart|p2: Mudkiped|move: Aurora Veil\n|\n|-weather|Snow|[upkeep]\n|-heal|p2a: Big W|10\/100|[from] item: Leftovers\n|-heal|p1a: Tapu Fini|93\/100|[from] item: Leftovers\n|-damage|p1a: Tapu Fini|80\/100|[from] Leech Seed|[of] p2a: Big W\n|-heal|p2a: Big W|21\/100|[silent]\n|-damage|p1b: Cresselia|26\/100|[from] Leech Seed|[of] p2a: Big W\n|-heal|p2a: Big W|36\/100|[silent]\n|upkeep\n|turn|7\n|\n|t:|1695839879\n|move|p2a: Big W|Protect|p2a: Big W\n|-singleturn|p2a: Big W|Protect\n|move|p2b: Mc Cloud|Protect|p2b: Mc Cloud\n|-singleturn|p2b: Mc Cloud|Protect\n|move|p1b: Cresselia|Lunar Blessing|p1b: Cresselia|[spread] p1a,p1b\n|-heal|p1a: Tapu Fini|100\/100\n|-heal|p1b: Cresselia|51\/100\n|move|p1a: Tapu Fini|Moonblast|p2a: Big W\n|-activate|p2a: Big W|move: Protect\n|\n|-weather|Snow|[upkeep]\n|-heal|p2a: Big W|42\/100|[from] item: Leftovers\n|-damage|p1a: Tapu Fini|88\/100|[from] Leech Seed|[of] p2a: Big W\n|-heal|p2a: Big W|53\/100|[silent]\n|-damage|p1b: Cresselia|39\/100|[from] Leech Seed|[of] p2a: Big W\n|-heal|p2a: Big W|68\/100|[silent]\n|-fieldend|move: Trick Room\n|upkeep\n|turn|8\n|inactive|Mudkiped has 90 seconds left.\n|inactive|Chad Tankers has 120 seconds left.\n|inactive|Mudkiped has 60 seconds left.\n|\n|t:|1695839921\n|switch|p2b: WatchYoStep|Glimmora, F|100\/100\n|move|p1a: Tapu Fini|Calm Mind|p1a: Tapu Fini\n|-boost|p1a: Tapu Fini|spa|1\n|-boost|p1a: Tapu Fini|spd|1\n|move|p1b: Cresselia|Stored Power|p2a: Big W\n|-damage|p2a: Big W|33\/100\n|move|p2a: Big W|Pollen Puff|p2b: WatchYoStep\n|-immune|p2b: WatchYoStep\n|\n|-weather|Snow|[upkeep]\n|-heal|p1a: Tapu Fini|94\/100|[from] item: Leftovers\n|-heal|p2a: Big W|39\/100|[from] item: Leftovers\n|-damage|p1b: Cresselia|27\/100|[from] Leech Seed|[of] p2a: Big W\n|-heal|p2a: Big W|53\/100|[silent]\n|-damage|p1a: Tapu Fini|82\/100|[from] Leech Seed|[of] p2a: Big W\n|-heal|p2a: Big W|65\/100|[silent]\n|upkeep\n|turn|9\n|\n|t:|1695839942\n|move|p2b: WatchYoStep|Mortal Spin|p1a: Tapu Fini|[spread] p1a,p1b\n|-supereffective|p1a: Tapu Fini\n|-damage|p1a: Tapu Fini|76\/100\n|-damage|p1b: Cresselia|25\/100\n|-status|p1a: Tapu Fini|psn\n|-status|p1b: Cresselia|psn\n|move|p1a: Tapu Fini|Muddy Water|p2b: WatchYoStep|[spread] p2a,p2b\n|-resisted|p2a: Big W\n|-supereffective|p2b: WatchYoStep\n|-damage|p2a: Big W|56\/100\n|-damage|p2b: WatchYoStep|21\/100\n|-unboost|p2a: Big W|accuracy|1\n|move|p1b: Cresselia|Lunar Blessing|p1b: Cresselia|[spread] p1a,p1b\n|-heal|p1a: Tapu Fini|100\/100 psn\n|-curestatus|p1a: Tapu Fini|psn|[msg]\n|-heal|p1b: Cresselia|50\/100 psn\n|-curestatus|p1b: Cresselia|psn|[msg]\n|move|p2a: Big W|Foul Play|p1b: Cresselia|[miss]\n|-miss|p2a: Big W|p1b: Cresselia\n|\n|-weather|none\n|-heal|p2a: Big W|62\/100|[from] item: Leftovers\n|-damage|p1b: Cresselia|37\/100|[from] Leech Seed|[of] p2a: Big W\n|-heal|p2a: Big W|76\/100|[silent]\n|-damage|p1a: Tapu Fini|88\/100|[from] Leech Seed|[of] p2a: Big W\n|-heal|p2a: Big W|88\/100|[silent]\n|upkeep\n|turn|10\n|inactive|Mudkiped has 90 seconds left.\n|\n|t:|1695839980\n|move|p2b: WatchYoStep|Mortal Spin|p1a: Tapu Fini|[spread] p1a,p1b\n|-supereffective|p1a: Tapu Fini\n|-damage|p1a: Tapu Fini|83\/100\n|-damage|p1b: Cresselia|35\/100\n|-status|p1a: Tapu Fini|psn\n|-status|p1b: Cresselia|psn\n|move|p1a: Tapu Fini|Moonblast|p2a: Big W\n|-damage|p2a: Big W|61\/100\n|move|p1b: Cresselia|Stored Power|p2b: WatchYoStep\n|-supereffective|p2b: WatchYoStep\n|-damage|p2b: WatchYoStep|0 fnt\n|faint|p2b: WatchYoStep\n|move|p2a: Big W|Foul Play|p1b: Cresselia\n|-supereffective|p1b: Cresselia\n|-damage|p1b: Cresselia|22\/100 psn\n|\n|-heal|p1a: Tapu Fini|89\/100 psn|[from] item: Leftovers\n|-heal|p2a: Big W|67\/100|[from] item: Leftovers\n|-damage|p1a: Tapu Fini|76\/100 psn|[from] Leech Seed|[of] p2a: Big W\n|-heal|p2a: Big W|78\/100|[silent]\n|-damage|p1b: Cresselia|9\/100 psn|[from] Leech Seed|[of] p2a: Big W\n|-heal|p2a: Big W|93\/100|[silent]\n|-damage|p1b: Cresselia|0 fnt|[from] psn\n|faint|p1b: Cresselia\n|-damage|p1a: Tapu Fini|64\/100 psn|[from] psn\n|upkeep\n|inactive|Chad Tankers has 120 seconds left.\n|\n|t:|1695840022\n|switch|p2b: RK-9H|Arcanine-Hisui, M|100\/100\n|switch|p1b: Zygarde|Zygarde, shiny|100\/100\n|-ability|p2b: RK-9H|Intimidate|boost\n|-unboost|p1a: Tapu Fini|atk|1\n|-fail|p1b: Zygarde|unboost|[from] item: Clear Amulet|[of] p1b: Zygarde\n|-ability|p1b: Zygarde|Aura Break\n|turn|11\n|inactive|Mudkiped has 90 seconds left.\n|\n|t:|1695840038\n|move|p1b: Zygarde|Protect|p1b: Zygarde\n|-singleturn|p1b: Zygarde|Protect\n|move|p2b: RK-9H|Rock Slide|p1a: Tapu Fini|[spread] p1a\n|-activate|p1b: Zygarde|move: Protect\n|-damage|p1a: Tapu Fini|50\/100 psn\n|move|p1a: Tapu Fini|Muddy Water|p2a: Big W|[spread] p2a,p2b\n|-resisted|p2a: Big W\n|-supereffective|p2b: RK-9H\n|-damage|p2a: Big W|83\/100\n|-damage|p2b: RK-9H|0 fnt\n|-unboost|p2a: Big W|accuracy|1\n|faint|p2b: RK-9H\n|move|p2a: Big W|Leech Seed|p1b: Zygarde\n|-activate|p1b: Zygarde|move: Protect\n|\n|-heal|p1a: Tapu Fini|57\/100 psn|[from] item: Leftovers\n|-heal|p2a: Big W|89\/100|[from] item: Leftovers\n|-damage|p1a: Tapu Fini|44\/100 psn|[from] Leech Seed|[of] p2a: Big W\n|-heal|p2a: Big W|100\/100|[silent]\n|-damage|p1a: Tapu Fini|32\/100 psn|[from] psn\n|upkeep\n|\n|t:|1695840062\n|switch|p2b: Big Kahuna|Kommo-o, M, shiny|100\/100\n|turn|12\n|\n|t:|1695840078\n|switch|p1b: Zamazenta|Zamazenta, shiny|100\/100\n|-ability|p1b: Zamazenta|Dauntless Shield|boost\n|-boost|p1b: Zamazenta|def|1\n|switch|p2b: Mc Cloud|Ninetales-Alola, F, shiny|11\/100\n|-weather|Snow|[from] ability: Snow Warning|[of] p2b: Mc Cloud\n|move|p1a: Tapu Fini|Moonblast|p2b: Mc Cloud\n|-damage|p2b: Mc Cloud|0 fnt\n|faint|p2b: Mc Cloud\n|move|p2a: Big W|Leech Seed|p1b: Zamazenta\n|-start|p1b: Zamazenta|move: Leech Seed\n|\n|-weather|Snow|[upkeep]\n|-heal|p1a: Tapu Fini|38\/100 psn|[from] item: Leftovers\n|-damage|p1b: Zamazenta|88\/100|[from] Leech Seed|[of] p2a: Big W\n|-damage|p1a: Tapu Fini|25\/100 psn|[from] Leech Seed|[of] p2a: Big W\n|-damage|p1a: Tapu Fini|13\/100 psn|[from] psn\n|upkeep\n|\n|t:|1695840096\n|switch|p2b: Big Kahuna|Kommo-o, M, shiny|100\/100\n|turn|13\n|inactive|Mudkiped has 60 seconds left.\n|\n|t:|1695840132\n|switch|p1a: Zygarde|Zygarde, shiny|100\/100\n|-ability|p1a: Zygarde|Aura Break\n|move|p1b: Zamazenta|Coaching|p1a: Zygarde\n|-boost|p1a: Zygarde|atk|1\n|-boost|p1a: Zygarde|def|1\n|move|p2b: Big Kahuna|Flash Cannon|p1a: Zygarde\n|-damage|p1a: Zygarde|80\/100\n|move|p2a: Big W|Foul Play|p1b: Zamazenta\n|-resisted|p1b: Zamazenta\n|-damage|p1b: Zamazenta|78\/100\n|\n|-weather|Snow|[upkeep]\n|-damage|p1b: Zamazenta|65\/100|[from] Leech Seed|[of] p2a: Big W\n|-sideend|p2: Mudkiped|move: Aurora Veil\n|upkeep\n|turn|14\n|inactive|Mudkiped has 60 seconds left.\n|\n|t:|1695840160\n|-terastallize|p1a: Zygarde|Normal\n|move|p1a: Zygarde|Protect|p1a: Zygarde\n|-singleturn|p1a: Zygarde|Protect\n|move|p1b: Zamazenta|Coaching|p1a: Zygarde\n|-boost|p1a: Zygarde|atk|1\n|-boost|p1a: Zygarde|def|1\n|move|p2b: Big Kahuna|Clanging Scales|p1a: Zygarde|[spread] p1b\n|-activate|p1a: Zygarde|move: Protect\n|-damage|p1b: Zamazenta|33\/100\n|-unboost|p2b: Big Kahuna|def|1\n|move|p2a: Big W|Leech Seed|p1a: Zygarde\n|-activate|p1a: Zygarde|move: Protect\n|\n|-weather|Snow|[upkeep]\n|-damage|p1b: Zamazenta|21\/100|[from] Leech Seed|[of] p2a: Big W\n|upkeep\n|-enditem|p1b: Zamazenta|Aguav Berry|[eat]\n|-heal|p1b: Zamazenta|54\/100|[from] item: Aguav Berry\n|turn|15\n|inactive|Mudkiped has 60 seconds left.\n|\n|t:|1695840192\n|move|p1b: Zamazenta|Wild Charge|p2a: Big W\n|-supereffective|p2a: Big W\n|-damage|p2a: Big W|67\/100\n|-damage|p1b: Zamazenta|46\/100|[from] Recoil\n|move|p1a: Zygarde|Thousand Arrows|p2b: Big Kahuna|[spread] p2a,p2b\n|-damage|p2a: Big W|29\/100\n|-damage|p2b: Big Kahuna|48\/100\n|-enditem|p2b: Big Kahuna|Sitrus Berry|[eat]\n|-heal|p2b: Big Kahuna|73\/100|[from] item: Sitrus Berry\n|move|p2b: Big Kahuna|Clangorous Soul|p2b: Big Kahuna\n|-boost|p2b: Big Kahuna|atk|1\n|-boost|p2b: Big Kahuna|def|1\n|-boost|p2b: Big Kahuna|spa|1\n|-boost|p2b: Big Kahuna|spd|1\n|-boost|p2b: Big Kahuna|spe|1\n|-damage|p2b: Big Kahuna|40\/100\n|move|p2a: Big W|Foul Play|p1a: Zygarde|[miss]\n|-miss|p2a: Big W|p1a: Zygarde\n|\n|-weather|Snow|[upkeep]\n|-heal|p2a: Big W|35\/100|[from] item: Leftovers\n|-damage|p1b: Zamazenta|34\/100|[from] Leech Seed|[of] p2a: Big W\n|-heal|p2a: Big W|47\/100|[silent]\n|upkeep\n|turn|16\n|inactive|Mudkiped has 60 seconds left.\n|inactive|Mudkiped has 30 seconds left.\n|\n|t:|1695840242\n|move|p1a: Zygarde|Extreme Speed|p2b: Big Kahuna\n|-damage|p2b: Big Kahuna|0 fnt\n|faint|p2b: Big Kahuna\n|move|p1b: Zamazenta|Close Combat|p2a: Big W\n|-damage|p2a: Big W|19\/100\n|-unboost|p1b: Zamazenta|def|1\n|-unboost|p1b: Zamazenta|spd|1\n|move|p2a: Big W|Leech Seed|p1a: Zygarde\n|-start|p1a: Zygarde|move: Leech Seed\n|\n|-weather|none\n|-heal|p2a: Big W|25\/100|[from] item: Leftovers\n|-damage|p1b: Zamazenta|21\/100|[from] Leech Seed|[of] p2a: Big W\n|-heal|p2a: Big W|37\/100|[silent]\n|-damage|p1a: Zygarde|68\/100|[from] Leech Seed|[of] p2a: Big W\n|-heal|p2a: Big W|51\/100|[silent]\n|upkeep\n|turn|17\n|\n|t:|1695840260\n|move|p2a: Big W|Protect|p2a: Big W\n|-singleturn|p2a: Big W|Protect\n|move|p1b: Zamazenta|Wild Charge|p2a: Big W\n|-activate|p2a: Big W|move: Protect\n|move|p1a: Zygarde|Thousand Arrows|p2a: Big W\n|-activate|p2a: Big W|move: Protect\n|\n|-heal|p2a: Big W|57\/100|[from] item: Leftovers\n|-damage|p1b: Zamazenta|9\/100|[from] Leech Seed|[of] p2a: Big W\n|-heal|p2a: Big W|69\/100|[silent]\n|-damage|p1a: Zygarde|56\/100|[from] Leech Seed|[of] p2a: Big W\n|-heal|p2a: Big W|83\/100|[silent]\n|upkeep\n|turn|18\n|c|\u2606Mudkiped|gg wp\n|\n|t:|1695840278\n|move|p1a: Zygarde|Extreme Speed|p2a: Big W\n|-damage|p2a: Big W|41\/100\n|move|p1b: Zamazenta|Wild Charge|p2a: Big W\n|-supereffective|p2a: Big W\n|-damage|p2a: Big W|7\/100\n|-damage|p1b: Zamazenta|0 fnt|[from] Recoil\n|faint|p1b: Zamazenta\n|move|p2a: Big W|Foul Play|p1a: Zygarde\n|-damage|p1a: Zygarde|28\/100\n|\n|-heal|p2a: Big W|14\/100|[from] item: Leftovers\n|-damage|p1a: Zygarde|15\/100|[from] Leech Seed|[of] p2a: Big W\n|-heal|p2a: Big W|28\/100|[silent]\n|upkeep\n|-message|Mudkiped forfeited.\n|\n|win|Chad Tankers\n|raw|Chad Tankers's rating: 1318 &rarr; <strong>1343<\/strong><br \/>(+25 for winning)\n|raw|Mudkiped's rating: 1408 &rarr; <strong>1383<\/strong><br \/>(-25 for losing)\n|l|\u2606Mudkiped\n","uploadtime":1695840454,"views":14,"p1id":"chadtankers","p2id":"mudkiped","formatid":"gen9nationaldexdoubles","rating":1343,"private":0,"password":""}