{"id":"gen9nationaldexdoubles-1950962680","p1":"Hit 2773","p2":"Electroshibe","format":"[Gen 9] National Dex Doubles","log":"|j|\u2606Hit 2773\n|j|\u2606Electroshibe\n|t:|1695524107\n|gametype|doubles\n|player|p1|Hit 2773|roughneck-gen4|1025\n|player|p2|Electroshibe|benga|1081\n|teamsize|p1|6\n|teamsize|p2|6\n|gen|9\n|tier|[Gen 9] National Dex Doubles\n|rated|\n|rule|HP Percentage Mod: HP is shown in percentages\n|rule|Endless Battle Clause: Forcing endless battles is banned\n|rule|OHKO Clause: OHKO moves are banned\n|rule|Evasion Moves Clause: Evasion moves are banned\n|rule|Evasion Abilities Clause: Evasion abilities are banned\n|rule|Species Clause: Limit one of each Pok\u00e9mon\n|rule|Gravity Sleep Clause: The combination of sleep-inducing moves with imperfect accuracy and Gravity or Gigantamax Orbeetle are banned\n|clearpoke\n|poke|p1|Drampa, M|\n|poke|p1|Farigiraf, F|\n|poke|p1|Kingambit, F|\n|poke|p1|Amoonguss, F|\n|poke|p1|Conkeldurr, F|\n|poke|p1|Indeedee-F, F|\n|poke|p2|Ninetales, M|\n|poke|p2|Ceruledge, F|\n|poke|p2|Arcanine-Hisui, F|\n|poke|p2|Eevee, F|\n|poke|p2|Amoonguss, F|\n|poke|p2|Espeon, F|\n|teampreview\n|\n|t:|1695524114\n|start\n|switch|p1a: Drampa|Drampa, M, shiny|100\/100\n|switch|p1b: Farigiraf|Farigiraf, F|100\/100\n|switch|p2a: Prism|Eevee, F|100\/100\n|switch|p2b: SUS|Amoonguss, F|100\/100\n|turn|1\n|\n|t:|1695524138\n|move|p2b: SUS|Rage Powder|p2b: SUS\n|-singleturn|p2b: SUS|move: Rage Powder\n|-zpower|p2a: Prism\n|move|p2a: Prism|Extreme Evoboost|p2a: Prism\n|-boost|p2a: Prism|atk|2\n|-boost|p2a: Prism|def|2\n|-boost|p2a: Prism|spa|2\n|-boost|p2a: Prism|spd|2\n|-boost|p2a: Prism|spe|2\n|move|p1a: Drampa|Flamethrower|p2b: SUS\n|-supereffective|p2b: SUS\n|-damage|p2b: SUS|33\/100\n|move|p1b: Farigiraf|Trick Room|p1b: Farigiraf\n|-fieldstart|move: Trick Room|[of] p1b: Farigiraf\n|\n|-heal|p2b: SUS|39\/100|[from] item: Black Sludge\n|upkeep\n|turn|2\n|l|\u2606Hit 2773\n|player|p1|\n|j|\u2606Hit 2773\n|player|p1|Hit 2773|roughneck-gen4\n|\n|t:|1695524176\n|switch|p1a: Conkeldurr|Conkeldurr, F|100\/100\n|move|p2b: SUS|Spore|p1a: Conkeldurr\n|-status|p1a: Conkeldurr|slp|[from] move: Spore\n|move|p1b: Farigiraf|Psychic|p2b: SUS\n|-supereffective|p2b: SUS\n|-damage|p2b: SUS|0 fnt\n|faint|p2b: SUS\n|move|p2a: Prism|Baton Pass|p2a: Prism\n|\n|t:|1695524193\n|switch|p2a: Galaxy|Espeon, F|100\/100|[from] Baton Pass\n|\n|upkeep\n|\n|t:|1695524195\n|switch|p2b: Funny|Ceruledge, F|100\/100\n|turn|3\n|\n|t:|1695524217\n|move|p1b: Farigiraf|Protect|p1b: Farigiraf\n|-singleturn|p1b: Farigiraf|Protect\n|cant|p1a: Conkeldurr|slp\n|move|p2b: Funny|Bitter Blade|p1b: Farigiraf\n|-activate|p1b: Farigiraf|move: Protect\n|move|p2a: Galaxy|Stored Power|p1b: Farigiraf\n|-activate|p1b: Farigiraf|move: Protect\n|\n|upkeep\n|turn|4\n|\n|t:|1695524245\n|switch|p1b: Drampa|Drampa, M, shiny|100\/100\n|cant|p1a: Conkeldurr|slp\n|move|p2b: Funny|Bitter Blade|p1b: Drampa\n|-resisted|p1b: Drampa\n|-damage|p1b: Drampa|77\/100\n|move|p2a: Galaxy|Stored Power|p1b: Drampa\n|-crit|p1b: Drampa\n|-damage|p1b: Drampa|0 fnt\n|faint|p1b: Drampa\n|-damage|p2a: Galaxy|91\/100|[from] item: Life Orb\n|\n|upkeep\n|\n|t:|1695524260\n|switch|p1b: Kingambit|Kingambit, F|100\/100\n|-activate|p1b: Kingambit|ability: Supreme Overlord\n|-start|p1b: Kingambit|fallen1|[silent]\n|turn|5\n|\n|t:|1695524268\n|cant|p1a: Conkeldurr|slp\n|move|p1b: Kingambit|Kowtow Cleave|p2b: Funny\n|-supereffective|p2b: Funny\n|-damage|p2b: Funny|0 fnt\n|faint|p2b: Funny\n|move|p2a: Galaxy|Morning Sun|p2a: Galaxy\n|-heal|p2a: Galaxy|100\/100\n|\n|-fieldend|move: Trick Room\n|upkeep\n|\n|t:|1695524277\n|switch|p2b: Helios|Ninetales, M|100\/100\n|-weather|SunnyDay|[from] ability: Drought|[of] p2b: Helios\n|turn|6\n|\n|t:|1695524284\n|-curestatus|p1a: Conkeldurr|slp|[msg]\n|move|p1a: Conkeldurr|Mach Punch|p2b: Helios\n|-damage|p2b: Helios|56\/100\n|move|p2a: Galaxy|Dazzling Gleam|p1b: Kingambit|[spread] p1a,p1b\n|-supereffective|p1a: Conkeldurr\n|-damage|p1a: Conkeldurr|0 fnt\n|-damage|p1b: Kingambit|50\/100\n|faint|p1a: Conkeldurr\n|-damage|p2a: Galaxy|91\/100|[from] item: Life Orb\n|move|p2b: Helios|Heat Wave|p1b: Kingambit\n|-supereffective|p1b: Kingambit\n|-crit|p1b: Kingambit\n|-damage|p1b: Kingambit|0 fnt\n|faint|p1b: Kingambit\n|-end|p1b: Kingambit|fallen1|[silent]\n|\n|-weather|SunnyDay|[upkeep]\n|upkeep\n|\n|t:|1695524303\n|switch|p1b: Indeedee|Indeedee-F, F|100\/100\n|switch|p1a: Farigiraf|Farigiraf, F|100\/100\n|-fieldstart|move: Psychic Terrain|[from] ability: Psychic Surge|[of] p1b: Indeedee\n|turn|7\n|\n|t:|1695524318\n|move|p1b: Indeedee|Follow Me|p1b: Indeedee\n|-singleturn|p1b: Indeedee|move: Follow Me\n|move|p2a: Galaxy|Stored Power|p1b: Indeedee\n|-resisted|p1b: Indeedee\n|-damage|p1b: Indeedee|0 fnt\n|faint|p1b: Indeedee\n|-damage|p2a: Galaxy|81\/100|[from] item: Life Orb\n|move|p2b: Helios|Heat Wave|p1a: Farigiraf\n|-damage|p1a: Farigiraf|65\/100\n|-status|p1a: Farigiraf|brn\n|move|p1a: Farigiraf|Psychic|p2b: Helios\n|-damage|p2b: Helios|4\/100\n|\n|-weather|SunnyDay|[upkeep]\n|-damage|p1a: Farigiraf|59\/100 brn|[from] brn\n|upkeep\n|\n|t:|1695524332\n|switch|p1b: Amoonguss|Amoonguss, F|100\/100\n|turn|8\n|\n|t:|1695524351\n|move|p1b: Amoonguss|Rage Powder|p1b: Amoonguss\n|-singleturn|p1b: Amoonguss|move: Rage Powder\n|move|p2a: Galaxy|Stored Power|p1b: Amoonguss\n|-supereffective|p1b: Amoonguss\n|-damage|p1b: Amoonguss|0 fnt\n|faint|p1b: Amoonguss\n|-damage|p2a: Galaxy|71\/100|[from] item: Life Orb\n|move|p2b: Helios|Heat Wave|p1a: Farigiraf\n|-damage|p1a: Farigiraf|20\/100 brn\n|move|p1a: Farigiraf|Trick Room|p1a: Farigiraf\n|-fieldstart|move: Trick Room|[of] p1a: Farigiraf\n|\n|-weather|SunnyDay|[upkeep]\n|-damage|p1a: Farigiraf|14\/100 brn|[from] brn\n|upkeep\n|turn|9\n|\n|t:|1695524363\n|move|p1a: Farigiraf|Psychic|p2b: Helios\n|-damage|p2b: Helios|0 fnt\n|faint|p2b: Helios\n|move|p2a: Galaxy|Power Gem|p1a: Farigiraf\n|-damage|p1a: Farigiraf|0 fnt\n|faint|p1a: Farigiraf\n|-damage|p2a: Galaxy|61\/100|[from] item: Life Orb\n|\n|win|Electroshibe\n|raw|Hit 2773's rating: 1025 &rarr; <strong>1013<\/strong><br \/>(-12 for losing)\n|raw|Electroshibe's rating: 1081 &rarr; <strong>1104<\/strong><br \/>(+23 for winning)\n|l|\u2606Hit 2773\n|c|\u2606Electroshibe|gg\n","uploadtime":1695524379,"views":11,"p1id":"hit2773","p2id":"electroshibe","formatid":"gen9nationaldexdoubles","rating":1013,"private":0,"password":""}