{"id":"gen9nationaldexdoubles-1960797572","p1":"SureidoStudio","p2":"Cambrian James","format":"[Gen 9] National Dex Doubles","log":"|j|\u2606SureidoStudio\n|j|\u2606Cambrian James\n|t:|1696557608\n|gametype|doubles\n|player|p1|SureidoStudio|policeman-gen4|1016\n|player|p2|Cambrian James|bugcatcher-gen4dp|1063\n|teamsize|p1|6\n|teamsize|p2|6\n|gen|9\n|tier|[Gen 9] National Dex Doubles\n|rated|\n|rule|HP Percentage Mod: HP is shown in percentages\n|rule|Endless Battle Clause: Forcing endless battles is banned\n|rule|OHKO Clause: OHKO moves are banned\n|rule|Evasion Moves Clause: Evasion moves are banned\n|rule|Evasion Abilities Clause: Evasion abilities are banned\n|rule|Species Clause: Limit one of each Pok\u00e9mon\n|rule|Gravity Sleep Clause: The combination of sleep-inducing moves with imperfect accuracy and Gravity or Gigantamax Orbeetle are banned\n|clearpoke\n|poke|p1|Chandelure, F|\n|poke|p1|Lurantis, F|\n|poke|p1|Ninetales, F|\n|poke|p1|Salazzle, F|\n|poke|p1|Goodra-Hisui, F|\n|poke|p1|Talonflame, M|\n|poke|p2|Volcarona, M|\n|poke|p2|Indeedee-F, F|\n|poke|p2|Oricorio-Pom-Pom, M|\n|poke|p2|Sylveon, F|\n|poke|p2|Kommo-o, F|\n|poke|p2|Uxie|\n|teampreview\n|\n|t:|1696557615\n|start\n|switch|p1a: Ninetales|Ninetales, F|100\/100\n|switch|p1b: Lurantis|Lurantis, F|100\/100\n|switch|p2a: Uxie|Uxie|100\/100\n|switch|p2b: Oricorio|Oricorio-Pom-Pom, M|100\/100\n|-weather|SunnyDay|[from] ability: Drought|[of] p1a: Ninetales\n|turn|1\n|c|\u2606Cambrian James|glhf\n|inactive|Battle timer is ON: inactive players will automatically lose when time's up. (requested by Cambrian James)\n|\n|t:|1696557639\n|move|p2b: Oricorio|Quiver Dance|p2b: Oricorio\n|-boost|p2b: Oricorio|spa|1\n|-boost|p2b: Oricorio|spd|1\n|-boost|p2b: Oricorio|spe|1\n|move|p1a: Ninetales|Will-O-Wisp|p2b: Oricorio\n|-status|p2b: Oricorio|brn\n|move|p2a: Uxie|Skill Swap|p2b: Oricorio\n|-activate|p2a: Uxie|move: Skill Swap|||[of] p2b: Oricorio\n|move|p1b: Lurantis|Solar Blade||[still]\n|-prepare|p1b: Lurantis|Solar Blade\n|-anim|p1b: Lurantis|Solar Blade|p2a: Uxie\n|-damage|p2a: Uxie|47\/100\n|\n|-weather|SunnyDay|[upkeep]\n|-heal|p2a: Uxie|53\/100|[from] item: Leftovers\n|-damage|p2b: Oricorio|94\/100 brn|[from] brn\n|upkeep\n|turn|2\n|\n|t:|1696557669\n|switch|p2a: Volcarona|Volcarona, M|100\/100\n|move|p2b: Oricorio|Air Slash|p1b: Lurantis\n|-supereffective|p1b: Lurantis\n|-damage|p1b: Lurantis|26\/100\n|move|p1a: Ninetales|Heat Wave|p2a: Volcarona|[spread] p2a,p2b\n|-damage|p2a: Volcarona|66\/100\n|-damage|p2b: Oricorio|63\/100 brn\n|move|p1b: Lurantis|Solar Blade||[still]\n|-prepare|p1b: Lurantis|Solar Blade\n|-anim|p1b: Lurantis|Solar Blade|p2a: Volcarona\n|-resisted|p2a: Volcarona\n|-damage|p2a: Volcarona|43\/100\n|\n|-weather|SunnyDay|[upkeep]\n|-heal|p1b: Lurantis|32\/100|[from] item: Leftovers\n|-damage|p2b: Oricorio|56\/100 brn|[from] brn\n|upkeep\n|turn|3\n|\n|t:|1696557692\n|switch|p1a: Chandelure|Chandelure, F|100\/100\n|move|p2b: Oricorio|Revelation Dance|p1a: Chandelure\n|-damage|p1a: Chandelure|37\/100\n|move|p2a: Volcarona|Fiery Dance|p1b: Lurantis\n|-supereffective|p1b: Lurantis\n|-damage|p1b: Lurantis|0 fnt\n|-boost|p2a: Volcarona|spa|1\n|faint|p1b: Lurantis\n|\n|-weather|SunnyDay|[upkeep]\n|-damage|p2b: Oricorio|50\/100 brn|[from] brn\n|upkeep\n|inactive|SureidoStudio has 120 seconds left.\n|\n|t:|1696557709\n|switch|p1b: Salazzle|Salazzle, F|100\/100\n|turn|4\n|\n|t:|1696557727\n|switch|p2a: Indeedee|Indeedee-F, F|100\/100\n|-fieldstart|move: Psychic Terrain|[from] ability: Psychic Surge|[of] p2a: Indeedee\n|-enditem|p2a: Indeedee|Psychic Seed\n|-boost|p2a: Indeedee|spd|1|[from] item: Psychic Seed\n|move|p2b: Oricorio|Revelation Dance|p1a: Chandelure\n|-damage|p1a: Chandelure|0 fnt\n|faint|p1a: Chandelure\n|move|p1b: Salazzle|Knock Off|p2b: Oricorio\n|-damage|p2b: Oricorio|32\/100 brn\n|-enditem|p2b: Oricorio|Focus Sash|[from] move: Knock Off|[of] p1b: Salazzle\n|\n|-weather|SunnyDay|[upkeep]\n|-damage|p2b: Oricorio|26\/100 brn|[from] brn\n|upkeep\n|inactive|SureidoStudio has 120 seconds left.\n|\n|t:|1696557743\n|switch|p1a: Goodra|Goodra-Hisui, F|100\/100\n|turn|5\n|\n|t:|1696557760\n|switch|p2a: Uxie|Uxie|53\/100\n|move|p2b: Oricorio|Quiver Dance|p2b: Oricorio\n|-boost|p2b: Oricorio|spa|1\n|-boost|p2b: Oricorio|spd|1\n|-boost|p2b: Oricorio|spe|1\n|move|p1b: Salazzle|Knock Off|p2a: Uxie\n|-supereffective|p2a: Uxie\n|-damage|p2a: Uxie|28\/100\n|-enditem|p2a: Uxie|Leftovers|[from] move: Knock Off|[of] p1b: Salazzle\n|move|p1a: Goodra|Flash Cannon|p2b: Oricorio\n|-resisted|p2b: Oricorio\n|-damage|p2b: Oricorio|15\/100 brn\n|\n|-weather|none\n|-damage|p2b: Oricorio|9\/100 brn|[from] brn\n|upkeep\n|turn|6\n|\n|t:|1696557785\n|move|p2b: Oricorio|Revelation Dance|p1a: Goodra\n|-resisted|p1a: Goodra\n|-damage|p1a: Goodra|80\/100\n|move|p1b: Salazzle|Nasty Plot|p1b: Salazzle\n|-boost|p1b: Salazzle|spa|2\n|move|p2a: Uxie|Psychic|p1b: Salazzle\n|-supereffective|p1b: Salazzle\n|-damage|p1b: Salazzle|10\/100\n|move|p1a: Goodra|Sunny Day|p1a: Goodra\n|-weather|SunnyDay\n|\n|-weather|SunnyDay|[upkeep]\n|-heal|p1b: Salazzle|16\/100|[from] item: Leftovers\n|-heal|p1a: Goodra|86\/100|[from] item: Leftovers\n|-damage|p2b: Oricorio|2\/100 brn|[from] brn\n|upkeep\n|turn|7\n|inactive|Cambrian James has 120 seconds left.\n|\n|t:|1696557816\n|move|p2b: Oricorio|Revelation Dance|p1a: Goodra\n|-resisted|p1a: Goodra\n|-damage|p1a: Goodra|68\/100\n|move|p1b: Salazzle|Heat Wave|p2b: Oricorio|[spread] p2a,p2b\n|-damage|p2a: Uxie|0 fnt\n|-damage|p2b: Oricorio|0 fnt\n|faint|p2a: Uxie\n|faint|p2b: Oricorio\n|move|p1a: Goodra|Flash Cannon|p2: Uxie|[notarget]\n|-fail|p1a: Goodra\n|\n|-weather|SunnyDay|[upkeep]\n|-heal|p1b: Salazzle|22\/100|[from] item: Leftovers\n|-heal|p1a: Goodra|74\/100|[from] item: Leftovers\n|upkeep\n|inactive|Cambrian James has 120 seconds left.\n|\n|t:|1696557829\n|switch|p2b: Kommo-o|Kommo-o, F|100\/100\n|switch|p2a: Sylveon|Sylveon, F|100\/100\n|turn|8\n|\n|t:|1696557843\n|move|p1b: Salazzle|Toxic|p2a: Sylveon\n|-status|p2a: Sylveon|tox\n|move|p2b: Kommo-o|Clangorous Soul|p2b: Kommo-o\n|-boost|p2b: Kommo-o|atk|1\n|-boost|p2b: Kommo-o|def|1\n|-boost|p2b: Kommo-o|spa|1\n|-boost|p2b: Kommo-o|spd|1\n|-boost|p2b: Kommo-o|spe|1\n|-damage|p2b: Kommo-o|68\/100\n|-enditem|p2b: Kommo-o|Throat Spray\n|-boost|p2b: Kommo-o|spa|1|[from] item: Throat Spray\n|move|p2a: Sylveon|Psych Up|p2b: Kommo-o\n|-copyboost|p2a: Sylveon|p2b: Kommo-o|[from] move: Psych Up\n|move|p1a: Goodra|Dragon Pulse|p2b: Kommo-o\n|-supereffective|p2b: Kommo-o\n|-crit|p2b: Kommo-o\n|-damage|p2b: Kommo-o|0 fnt\n|faint|p2b: Kommo-o\n|\n|-weather|SunnyDay|[upkeep]\n|-heal|p1b: Salazzle|28\/100|[from] item: Leftovers\n|-heal|p1a: Goodra|80\/100|[from] item: Leftovers\n|-damage|p2a: Sylveon|94\/100 tox|[from] psn\n|-fieldend|move: Psychic Terrain\n|upkeep\n|inactive|Cambrian James has 120 seconds left.\n|\n|t:|1696557863\n|switch|p2b: Indeedee|Indeedee-F, F|100\/100\n|-fieldstart|move: Psychic Terrain|[from] ability: Psychic Surge|[of] p2b: Indeedee\n|turn|9\n|\n|t:|1696557879\n|move|p2b: Indeedee|Follow Me|p2b: Indeedee\n|-singleturn|p2b: Indeedee|move: Follow Me\n|move|p1b: Salazzle|Toxic|p2b: Indeedee\n|-status|p2b: Indeedee|tox\n|move|p2a: Sylveon|Hyper Voice|p1b: Salazzle|[spread] p1a,p1b\n|-resisted|p1b: Salazzle\n|-damage|p1a: Goodra|24\/100\n|-damage|p1b: Salazzle|3\/100\n|-enditem|p2a: Sylveon|Throat Spray\n|-boost|p2a: Sylveon|spa|1|[from] item: Throat Spray\n|move|p1a: Goodra|Flash Cannon|p2b: Indeedee\n|-damage|p2b: Indeedee|78\/100 tox\n|\n|-weather|SunnyDay|[upkeep]\n|-heal|p1b: Salazzle|9\/100|[from] item: Leftovers\n|-heal|p1a: Goodra|31\/100|[from] item: Leftovers\n|-damage|p2a: Sylveon|82\/100 tox|[from] psn\n|-damage|p2b: Indeedee|72\/100 tox|[from] psn\n|upkeep\n|turn|10\n|inactiveoff|Battle timer is now OFF.\n|\n|t:|1696557904\n|switch|p1a: Talonflame|Talonflame, M|100\/100\n|move|p2b: Indeedee|Follow Me|p2b: Indeedee\n|-singleturn|p2b: Indeedee|move: Follow Me\n|move|p1b: Salazzle|Heat Wave|p2a: Sylveon|[spread] p2a,p2b\n|-damage|p2a: Sylveon|42\/100 tox\n|-damage|p2b: Indeedee|15\/100 tox\n|move|p2a: Sylveon|Hyper Voice|p1a: Talonflame|[spread] p1a,p1b\n|-resisted|p1a: Talonflame\n|-resisted|p1b: Salazzle\n|-damage|p1a: Talonflame|30\/100\n|-damage|p1b: Salazzle|0 fnt\n|faint|p1b: Salazzle\n|\n|-weather|none\n|-damage|p2a: Sylveon|24\/100 tox|[from] psn\n|-damage|p2b: Indeedee|3\/100 tox|[from] psn\n|upkeep\n|\n|t:|1696557924\n|switch|p1b: Goodra|Goodra-Hisui, F|31\/100\n|turn|11\n|\n|t:|1696557933\n|move|p2b: Indeedee|Follow Me|p2b: Indeedee\n|-singleturn|p2b: Indeedee|move: Follow Me\n|move|p1a: Talonflame|U-turn|p2b: Indeedee\n|-supereffective|p2b: Indeedee\n|-damage|p2b: Indeedee|0 fnt\n|faint|p2b: Indeedee\n|\n|t:|1696557938\n|switch|p1a: Ninetales|Ninetales, F|100\/100|[from] U-turn\n|-weather|SunnyDay|[from] ability: Drought|[of] p1a: Ninetales\n|move|p2a: Sylveon|Hyper Voice|p1a: Ninetales|[spread] p1a,p1b\n|-resisted|p1a: Ninetales\n|-damage|p1a: Ninetales|39\/100\n|-damage|p1b: Goodra|0 fnt\n|faint|p1b: Goodra\n|\n|-weather|SunnyDay|[upkeep]\n|-heal|p1a: Ninetales|45\/100|[from] item: Leftovers\n|-damage|p2a: Sylveon|0 fnt|[from] psn\n|faint|p2a: Sylveon\n|upkeep\n|\n|t:|1696557952\n|switch|p1b: Talonflame|Talonflame, M|30\/100\n|switch|p2a: Volcarona|Volcarona, M|43\/100\n|turn|12\n|\n|t:|1696557962\n|-terastallize|p2a: Volcarona|Fire\n|move|p1a: Ninetales|Protect|p1a: Ninetales\n|-singleturn|p1a: Ninetales|Protect\n|move|p1b: Talonflame|Roost|p1b: Talonflame\n|-heal|p1b: Talonflame|80\/100\n|-singleturn|p1b: Talonflame|move: Roost\n|move|p2a: Volcarona|Quiver Dance|p2a: Volcarona\n|-boost|p2a: Volcarona|spa|1\n|-boost|p2a: Volcarona|spd|1\n|-boost|p2a: Volcarona|spe|1\n|\n|-weather|SunnyDay|[upkeep]\n|-heal|p1a: Ninetales|51\/100|[from] item: Leftovers\n|upkeep\n|turn|13\n|\n|t:|1696557985\n|move|p2a: Volcarona|Fiery Dance|p1b: Talonflame\n|-resisted|p1b: Talonflame\n|-damage|p1b: Talonflame|0 fnt\n|-boost|p2a: Volcarona|spa|1\n|faint|p1b: Talonflame\n|move|p1a: Ninetales|Calm Mind|p1a: Ninetales\n|-boost|p1a: Ninetales|spa|1\n|-boost|p1a: Ninetales|spd|1\n|\n|-weather|SunnyDay|[upkeep]\n|-heal|p1a: Ninetales|57\/100|[from] item: Leftovers\n|-fieldend|move: Psychic Terrain\n|upkeep\n|turn|14\n|\n|t:|1696557996\n|move|p2a: Volcarona|Fiery Dance|p1a: Ninetales\n|-resisted|p1a: Ninetales\n|-damage|p1a: Ninetales|0 fnt\n|faint|p1a: Ninetales\n|\n|win|Cambrian James\n|raw|SureidoStudio's rating: 1016 &rarr; <strong>1005<\/strong><br \/>(-11 for losing)\n|raw|Cambrian James's rating: 1063 &rarr; <strong>1089<\/strong><br \/>(+26 for winning)\n|c|\u2606Cambrian James|gg\n|l|\u2606SureidoStudio\n","uploadtime":1696558004,"views":9,"p1id":"sureidostudio","p2id":"cambrianjames","formatid":"gen9nationaldexdoubles","rating":1005,"private":0,"password":""}