{"id":"gen9nationaldexdoubles-1973443011","p1":"LowksterP","p2":"ug pio","format":"[Gen 9] National Dex Doubles","log":"|j|\u2606LowksterP\n|j|\u2606ug pio\n|t:|1697976393\n|gametype|doubles\n|player|p1|LowksterP|striker|1000\n|player|p2|ug pio|camper|1000\n|teamsize|p1|6\n|teamsize|p2|6\n|gen|9\n|tier|[Gen 9] National Dex Doubles\n|rated|\n|rule|HP Percentage Mod: HP is shown in percentages\n|rule|Endless Battle Clause: Forcing endless battles is banned\n|rule|OHKO Clause: OHKO moves are banned\n|rule|Evasion Moves Clause: Evasion moves are banned\n|rule|Evasion Abilities Clause: Evasion abilities are banned\n|rule|Species Clause: Limit one of each Pok\u00e9mon\n|rule|Gravity Sleep Clause: The combination of sleep-inducing moves with imperfect accuracy and Gravity or Gigantamax Orbeetle are banned\n|clearpoke\n|poke|p1|Altaria, M|\n|poke|p1|Gengar, M|\n|poke|p1|Jirachi|\n|poke|p1|Eldegoss, F|\n|poke|p1|Arcanine, M|\n|poke|p1|Tentacruel, M|\n|poke|p2|Indeedee-F, F|\n|poke|p2|Oranguru, M|\n|poke|p2|Glastrier|\n|poke|p2|Hoopa-Unbound|\n|poke|p2|Ursaluna, F|\n|poke|p2|Zygarde|\n|teampreview\n|\n|t:|1697976402\n|start\n|switch|p1a: Pickle Tickle|Tentacruel, M, shiny|100\/100\n|switch|p1b: Jirachi|Jirachi, shiny|100\/100\n|switch|p2a: Hoopa|Hoopa-Unbound|100\/100\n|switch|p2b: Zygarde|Zygarde|100\/100\n|-ability|p2b: Zygarde|Aura Break\n|turn|1\n|\n|t:|1697976415\n|move|p1b: Jirachi|Cosmic Power|p1b: Jirachi\n|-boost|p1b: Jirachi|def|1\n|-boost|p1b: Jirachi|spd|1\n|move|p1a: Pickle Tickle|Acupressure|p1b: Jirachi\n|-boost|p1b: Jirachi|spe|2\n|move|p2b: Zygarde|Coil|p2b: Zygarde\n|-boost|p2b: Zygarde|atk|1\n|-boost|p2b: Zygarde|def|1\n|-boost|p2b: Zygarde|accuracy|1\n|move|p2a: Hoopa|Trick Room|p2a: Hoopa\n|-fieldstart|move: Trick Room|[of] p2a: Hoopa\n|-enditem|p2b: Zygarde|Room Service\n|-unboost|p2b: Zygarde|spe|1|[from] item: Room Service\n|-enditem|p2a: Hoopa|Room Service\n|-unboost|p2a: Hoopa|spe|1|[from] item: Room Service\n|\n|upkeep\n|turn|2\n|inactive|Battle timer is ON: inactive players will automatically lose when time's up. (requested by ug pio)\n|\n|t:|1697976467\n|switch|p1a: Eldegoss|Eldegoss, F, shiny|100\/100\n|move|p2a: Hoopa|Dark Pulse|p1b: Jirachi\n|-supereffective|p1b: Jirachi\n|-damage|p1b: Jirachi|30\/100\n|-item|p2a: Hoopa|Leftovers|[from] ability: Magician|[of] p1b: Jirachi\n|move|p2b: Zygarde|Thousand Arrows|p1b: Jirachi|[spread] p1a,p1b\n|-resisted|p1a: Eldegoss\n|-supereffective|p1b: Jirachi\n|-damage|p1a: Eldegoss|83\/100\n|-damage|p1b: Jirachi|0 fnt\n|faint|p1b: Jirachi\n|\n|-heal|p1a: Eldegoss|89\/100|[from] item: Leftovers\n|upkeep\n|inactive|LowksterP has 120 seconds left.\n|j| B'sInpigiama\n|l| B'sInpigiama\n|\n|t:|1697976516\n|switch|p1b: Arcanine|Arcanine, M, shiny|100\/100\n|-ability|p1b: Arcanine|Intimidate|boost\n|-unboost|p2a: Hoopa|atk|1\n|-unboost|p2b: Zygarde|atk|1\n|turn|3\n|inactive|LowksterP has 120 seconds left.\n|\n|t:|1697976529\n|move|p2a: Hoopa|Dark Pulse|p1b: Arcanine\n|-damage|p1b: Arcanine|37\/100\n|move|p2b: Zygarde|Coil|p2b: Zygarde\n|-boost|p2b: Zygarde|atk|1\n|-boost|p2b: Zygarde|def|1\n|-boost|p2b: Zygarde|accuracy|1\n|move|p1a: Eldegoss|Leech Seed|p2a: Hoopa\n|-start|p2a: Hoopa|move: Leech Seed\n|move|p1b: Arcanine|Will-O-Wisp|p2b: Zygarde\n|-status|p2b: Zygarde|brn\n|\n|-heal|p1a: Eldegoss|96\/100|[from] item: Leftovers\n|-heal|p1b: Arcanine|43\/100|[from] item: Leftovers\n|-damage|p2a: Hoopa|88\/100|[from] Leech Seed|[of] p1a: Eldegoss\n|-heal|p1a: Eldegoss|100\/100|[silent]\n|-damage|p2b: Zygarde|94\/100 brn|[from] brn\n|upkeep\n|turn|4\n|inactive|LowksterP has 120 seconds left.\n|\n|t:|1697976566\n|switch|p1b: Altaria|Altaria, M, shiny|100\/100\n|-ability|p1b: Altaria|Cloud Nine\n|move|p2a: Hoopa|Dark Pulse|p1a: Eldegoss\n|-damage|p1a: Eldegoss|46\/100\n|move|p2b: Zygarde|Thousand Arrows|p1a: Eldegoss|[spread] p1a,p1b\n|-resisted|p1a: Eldegoss\n|-damage|p1a: Eldegoss|38\/100\n|-damage|p1b: Altaria|82\/100\n|-start|p1b: Altaria|Smack Down\n|move|p1a: Eldegoss|Pollen Puff|p1b: Altaria\n|-heal|p1b: Altaria|100\/100\n|\n|-heal|p2a: Hoopa|94\/100|[from] item: Leftovers\n|-heal|p1a: Eldegoss|44\/100|[from] item: Leftovers\n|-damage|p2a: Hoopa|82\/100|[from] Leech Seed|[of] p1a: Eldegoss\n|-heal|p1a: Eldegoss|61\/100|[silent]\n|-damage|p2b: Zygarde|88\/100 brn|[from] brn\n|upkeep\n|turn|5\n|inactive|LowksterP has 120 seconds left.\n|\n|t:|1697976591\n|move|p2a: Hoopa|Dark Pulse|p1a: Eldegoss\n|-damage|p1a: Eldegoss|9\/100\n|move|p2b: Zygarde|Thousand Arrows|p1a: Eldegoss|[spread] p1a,p1b\n|-resisted|p1a: Eldegoss\n|-damage|p1a: Eldegoss|0 fnt\n|-damage|p1b: Altaria|83\/100\n|faint|p1a: Eldegoss\n|move|p1b: Altaria|Hone Claws|p1b: Altaria\n|-boost|p1b: Altaria|atk|1\n|-boost|p1b: Altaria|accuracy|1\n|\n|-heal|p2a: Hoopa|88\/100|[from] item: Leftovers\n|-heal|p1b: Altaria|89\/100|[from] item: Leftovers\n|-damage|p2b: Zygarde|82\/100 brn|[from] brn\n|-fieldend|move: Trick Room\n|upkeep\n|\n|t:|1697976606\n|switch|p1a: Arcanine|Arcanine, M, shiny|43\/100\n|-ability|p1a: Arcanine|Intimidate|boost\n|-unboost|p2a: Hoopa|atk|1\n|-unboost|p2b: Zygarde|atk|1\n|turn|6\n|inactive|LowksterP has 120 seconds left.\n|\n|t:|1697976624\n|move|p1a: Arcanine|Mud-Slap|p2a: Hoopa\n|-damage|p2a: Hoopa|84\/100\n|-unboost|p2a: Hoopa|accuracy|1\n|move|p1b: Altaria|Hone Claws|p1b: Altaria\n|-boost|p1b: Altaria|atk|1\n|-boost|p1b: Altaria|accuracy|1\n|move|p2b: Zygarde|Coil|p2b: Zygarde\n|-boost|p2b: Zygarde|atk|1\n|-boost|p2b: Zygarde|def|1\n|-boost|p2b: Zygarde|accuracy|1\n|move|p2a: Hoopa|Trick Room|p2a: Hoopa\n|-fieldstart|move: Trick Room|[of] p2a: Hoopa\n|\n|-heal|p2a: Hoopa|90\/100|[from] item: Leftovers\n|-heal|p1b: Altaria|95\/100|[from] item: Leftovers\n|-heal|p1a: Arcanine|49\/100|[from] item: Leftovers\n|-damage|p2a: Hoopa|78\/100|[from] Leech Seed|[of] p1a: Arcanine\n|-heal|p1a: Arcanine|63\/100|[silent]\n|-damage|p2b: Zygarde|76\/100 brn|[from] brn\n|upkeep\n|turn|7\n|inactive|LowksterP has 120 seconds left.\n|\n|t:|1697976666\n|move|p2a: Hoopa|Dark Pulse|p1a: Arcanine|[miss]\n|-miss|p2a: Hoopa|p1a: Arcanine\n|move|p2b: Zygarde|Thousand Arrows|p1b: Altaria|[spread] p1a,p1b\n|-supereffective|p1a: Arcanine\n|-damage|p1a: Arcanine|22\/100\n|-damage|p1b: Altaria|75\/100\n|move|p1b: Altaria|Hone Claws|p1b: Altaria\n|-boost|p1b: Altaria|atk|1\n|-boost|p1b: Altaria|accuracy|1\n|move|p1a: Arcanine|Mud-Slap|p2b: Zygarde\n|-crit|p2b: Zygarde\n|-damage|p2b: Zygarde|71\/100 brn\n|-unboost|p2b: Zygarde|accuracy|1\n|\n|-heal|p2a: Hoopa|84\/100|[from] item: Leftovers\n|-heal|p1b: Altaria|81\/100|[from] item: Leftovers\n|-heal|p1a: Arcanine|28\/100|[from] item: Leftovers\n|-damage|p2a: Hoopa|71\/100|[from] Leech Seed|[of] p1a: Arcanine\n|-heal|p1a: Arcanine|42\/100|[silent]\n|-damage|p2b: Zygarde|65\/100 brn|[from] brn\n|upkeep\n|turn|8\n|inactive|LowksterP has 120 seconds left.\n|\n|t:|1697976700\n|switch|p1a: Pickle Tickle|Tentacruel, M, shiny|100\/100\n|move|p2a: Hoopa|Dark Pulse|p1a: Pickle Tickle\n|-damage|p1a: Pickle Tickle|47\/100\n|move|p2b: Zygarde|Thousand Arrows|p1b: Altaria|[spread] p1a,p1b\n|-supereffective|p1a: Pickle Tickle\n|-damage|p1a: Pickle Tickle|9\/100\n|-damage|p1b: Altaria|62\/100\n|move|p1b: Altaria|Sing|p2a: Hoopa\n|-status|p2a: Hoopa|slp|[from] move: Sing\n|\n|-heal|p2a: Hoopa|77\/100 slp|[from] item: Leftovers\n|-heal|p1b: Altaria|68\/100|[from] item: Leftovers\n|-damage|p2a: Hoopa|65\/100 slp|[from] Leech Seed|[of] p1a: Pickle Tickle\n|-heal|p1a: Pickle Tickle|24\/100|[silent]\n|-damage|p2b: Zygarde|59\/100 brn|[from] brn\n|upkeep\n|turn|9\n|inactive|LowksterP has 90 seconds left.\n|\n|t:|1697976740\n|cant|p2a: Hoopa|slp\n|move|p2b: Zygarde|Thousand Arrows|p1a: Pickle Tickle|[spread] p1a,p1b\n|-supereffective|p1a: Pickle Tickle\n|-damage|p1a: Pickle Tickle|0 fnt\n|-damage|p1b: Altaria|49\/100\n|faint|p1a: Pickle Tickle\n|move|p1b: Altaria|Hone Claws|p1b: Altaria\n|-boost|p1b: Altaria|atk|1\n|-boost|p1b: Altaria|accuracy|1\n|\n|-heal|p2a: Hoopa|71\/100 slp|[from] item: Leftovers\n|-heal|p1b: Altaria|55\/100|[from] item: Leftovers\n|-damage|p2b: Zygarde|53\/100 brn|[from] brn\n|upkeep\n|\n|t:|1697976755\n|switch|p1a: Arcanine|Arcanine, M, shiny|42\/100\n|-ability|p1a: Arcanine|Intimidate|boost\n|-unboost|p2a: Hoopa|atk|1\n|-unboost|p2b: Zygarde|atk|1\n|turn|10\n|inactive|LowksterP has 90 seconds left.\n|\n|t:|1697976775\n|-curestatus|p2a: Hoopa|slp|[msg]\n|move|p2a: Hoopa|Dark Pulse|p1a: Arcanine\n|-damage|p1a: Arcanine|0 fnt\n|faint|p1a: Arcanine\n|move|p2b: Zygarde|Thousand Arrows|p1b: Altaria\n|-damage|p1b: Altaria|40\/100\n|move|p1b: Altaria|Iron Tail|p2b: Zygarde\n|-damage|p2b: Zygarde|38\/100 brn\n|\n|-heal|p2a: Hoopa|77\/100|[from] item: Leftovers\n|-heal|p1b: Altaria|46\/100|[from] item: Leftovers\n|-damage|p2b: Zygarde|31\/100 brn|[from] brn\n|-fieldend|move: Trick Room\n|upkeep\n|\n|t:|1697976789\n|switch|p1a: Bend Over|Gengar, M, shiny|100\/100\n|turn|11\n|inactive|LowksterP has 90 seconds left.\n|\n|t:|1697976826\n|move|p1a: Bend Over|Nasty Plot|p1a: Bend Over\n|-boost|p1a: Bend Over|spa|2\n|move|p1b: Altaria|Sing|p2a: Hoopa\n|-status|p2a: Hoopa|slp|[from] move: Sing\n|move|p2b: Zygarde|Thousand Arrows|p1a: Bend Over|[spread] p1a,p1b\n|-supereffective|p1a: Bend Over\n|-damage|p1a: Bend Over|65\/100\n|-damage|p1b: Altaria|35\/100\n|-start|p2b: Zygarde|Disable|Thousand Arrows|[from] ability: Cursed Body|[of] p1a: Bend Over\n|cant|p2a: Hoopa|slp\n|\n|-heal|p1a: Bend Over|71\/100|[from] item: Leftovers\n|-heal|p1b: Altaria|41\/100|[from] item: Leftovers\n|-heal|p2a: Hoopa|83\/100 slp|[from] item: Leftovers\n|-damage|p2a: Hoopa|71\/100 slp|[from] Leech Seed|[of] p1a: Bend Over\n|-heal|p1a: Bend Over|88\/100|[silent]\n|-damage|p2b: Zygarde|25\/100 brn|[from] brn\n|upkeep\n|turn|12\n|inactive|LowksterP has 90 seconds left.\n|inactive|LowksterP has 60 seconds left.\n|\n|t:|1697976864\n|move|p1a: Bend Over|Nasty Plot|p1a: Bend Over\n|-boost|p1a: Bend Over|spa|2\n|move|p1b: Altaria|Iron Tail|p2a: Hoopa\n|-damage|p2a: Hoopa|0 fnt\n|faint|p2a: Hoopa\n|move|p2b: Zygarde|Crunch|p1a: Bend Over\n|-supereffective|p1a: Bend Over\n|-damage|p1a: Bend Over|60\/100\n|\n|-heal|p1a: Bend Over|66\/100|[from] item: Leftovers\n|-heal|p1b: Altaria|47\/100|[from] item: Leftovers\n|-damage|p2b: Zygarde|19\/100 brn|[from] brn\n|upkeep\n|inactive|ug pio has 120 seconds left.\n|\n|t:|1697976882\n|switch|p2a: Indeedee|Indeedee-F, F|100\/100\n|-fieldstart|move: Psychic Terrain|[from] ability: Psychic Surge|[of] p2a: Indeedee\n|turn|13\n|\n|t:|1697976909\n|move|p1a: Bend Over|Icy Wind|p2b: Zygarde|[spread] p2a,p2b\n|-supereffective|p2b: Zygarde\n|-damage|p2a: Indeedee|68\/100\n|-damage|p2b: Zygarde|0 fnt\n|-unboost|p2a: Indeedee|spe|1\n|faint|p2b: Zygarde\n|move|p1b: Altaria|Sing|p2a: Indeedee\n|-status|p2a: Indeedee|slp|[from] move: Sing\n|cant|p2a: Indeedee|slp\n|\n|-heal|p1a: Bend Over|72\/100|[from] item: Leftovers\n|-heal|p1b: Altaria|53\/100|[from] item: Leftovers\n|upkeep\n|\n|t:|1697976932\n|switch|p2b: Ursaluna|Ursaluna, F|100\/100\n|turn|14\n|inactive|LowksterP has 90 seconds left.\n|\n|t:|1697976959\n|move|p2b: Ursaluna|Protect|p2b: Ursaluna\n|-singleturn|p2b: Ursaluna|Protect\n|move|p1a: Bend Over|Nasty Plot|p1a: Bend Over\n|-boost|p1a: Bend Over|spa|2\n|move|p1b: Altaria|Sing|p2b: Ursaluna\n|-activate|p2b: Ursaluna|move: Protect\n|-curestatus|p2a: Indeedee|slp|[msg]\n|move|p2a: Indeedee|Trick Room|p2a: Indeedee\n|-fieldstart|move: Trick Room|[of] p2a: Indeedee\n|\n|-heal|p1b: Altaria|59\/100|[from] item: Leftovers\n|-heal|p1a: Bend Over|78\/100|[from] item: Leftovers\n|-status|p2b: Ursaluna|brn|[from] item: Flame Orb\n|upkeep\n|turn|15\n|inactive|LowksterP has 90 seconds left.\n|\n|t:|1697976993\n|-terastallize|p1a: Bend Over|Flying\n|move|p2a: Indeedee|Follow Me|p2a: Indeedee\n|-singleturn|p2a: Indeedee|move: Follow Me\n|move|p2b: Ursaluna|Headlong Rush|p1a: Bend Over\n|-immune|p1a: Bend Over\n|move|p1b: Altaria|Sing|p2a: Indeedee\n|-status|p2a: Indeedee|slp|[from] move: Sing\n|move|p1a: Bend Over|Icy Wind|p2a: Indeedee|[spread] p2a,p2b\n|-supereffective|p2b: Ursaluna\n|-damage|p2a: Indeedee|29\/100 slp\n|-damage|p2b: Ursaluna|16\/100 brn\n|-unboost|p2a: Indeedee|spe|1\n|-unboost|p2b: Ursaluna|spe|1\n|\n|-heal|p1b: Altaria|65\/100|[from] item: Leftovers\n|-heal|p1a: Bend Over|84\/100|[from] item: Leftovers\n|-damage|p2b: Ursaluna|10\/100 brn|[from] brn\n|upkeep\n|turn|16\n|inactive|LowksterP has 60 seconds left.\n|\n|t:|1697977031\n|cant|p2a: Indeedee|slp\n|move|p2b: Ursaluna|Facade|p1a: Bend Over\n|-damage|p1a: Bend Over|0 fnt\n|-start|p2b: Ursaluna|Disable|Facade|[from] ability: Cursed Body|[of] p1a: Bend Over\n|faint|p1a: Bend Over\n|move|p1b: Altaria|Fly||[still]\n|-prepare|p1b: Altaria|Fly\n|\n|-heal|p1b: Altaria|72\/100|[from] item: Leftovers\n|-damage|p2b: Ursaluna|4\/100 brn|[from] brn\n|upkeep\n|turn|17\n|\n|t:|1697977058\n|switch|p2a: Glastrier|Glastrier|100\/100\n|move|p2b: Ursaluna|Close Combat|p1b: Altaria|[miss]\n|-miss|p2b: Ursaluna|p1b: Altaria\n|move|p1b: Altaria|Fly|p2a: Glastrier|[from]lockedmove\n|-damage|p2a: Glastrier|53\/100\n|\n|-heal|p1b: Altaria|78\/100|[from] item: Leftovers\n|-damage|p2b: Ursaluna|0 fnt|[from] brn\n|faint|p2b: Ursaluna\n|-fieldend|move: Psychic Terrain\n|upkeep\n|\n|t:|1697977066\n|switch|p2b: Oranguru|Oranguru, M|100\/100\n|turn|18\n|inactive|LowksterP has 90 seconds left.\n|\n|t:|1697977079\n|-terastallize|p2a: Glastrier|Ice\n|move|p2a: Glastrier|Icicle Spear|p1b: Altaria\n|-supereffective|p1b: Altaria\n|-damage|p1b: Altaria|0 fnt\n|faint|p1b: Altaria\n|-hitcount|p1: Altaria|1\n|\n|win|ug pio\n|raw|LowksterP's rating: 1000 &rarr; <strong>1000<\/strong><br \/>(+0 for losing)\n|raw|ug pio's rating: 1049 &rarr; <strong>1077<\/strong><br \/>(+28 for winning)\n","uploadtime":1697977084,"views":14,"p1id":"lowksterp","p2id":"ugpio","formatid":"gen9nationaldexdoubles","rating":1000,"private":0,"password":""}