{"id":"gen9nationaldexdoubles-1959101639","p1":"PanaMomos","p2":"ofrazzz","format":"[Gen 9] National Dex Doubles","log":"|j|\u2606PanaMomos\n|j|\u2606ofrazzz\n|t:|1696386847\n|gametype|doubles\n|player|p1|PanaMomos|will|\n|player|p2|ofrazzz|norman|\n|teamsize|p1|6\n|teamsize|p2|6\n|gen|9\n|tier|[Gen 9] National Dex Doubles\n|rule|HP Percentage Mod: HP is shown in percentages\n|rule|Endless Battle Clause: Forcing endless battles is banned\n|rule|OHKO Clause: OHKO moves are banned\n|rule|Evasion Moves Clause: Evasion moves are banned\n|rule|Evasion Abilities Clause: Evasion abilities are banned\n|rule|Species Clause: Limit one of each Pok\u00e9mon\n|rule|Gravity Sleep Clause: The combination of sleep-inducing moves with imperfect accuracy and Gravity or Gigantamax Orbeetle are banned\n|clearpoke\n|poke|p1|Corviknight, M|\n|poke|p1|Enamorus, F|\n|poke|p1|Minior|\n|poke|p1|Thundurus-Therian, M|\n|poke|p1|Pinsir, M|\n|poke|p1|Togekiss, F|\n|poke|p2|Baxcalibur, M|\n|poke|p2|Muk-Alola, M|\n|poke|p2|Thundurus-Therian, M|\n|poke|p2|Glimmora, F|\n|poke|p2|Goodra-Hisui, F|\n|poke|p2|Enamorus-Therian, F|\n|teampreview\n|inactive|Battle timer is ON: inactive players will automatically lose when time's up. (requested by PanaMomos)\n|c|\u2606PanaMomos|Tengo el equipo bueno en la compu\n|c|\u2606PanaMomos|Ys fue\n|c|\u2606PanaMomos|Uso este\n|\n|t:|1696386867\n|start\n|switch|p1a: Corviknight|Corviknight, M|100\/100\n|switch|p1b: Minior|Minior|100\/100\n|switch|p2a: Glimmora|Glimmora, F|100\/100\n|switch|p2b: Thundurus|Thundurus-Therian, M, shiny|100\/100\n|-formechange|p1b: Minior|Minior-Meteor||[from] ability: Shields Down\n|-ability|p1a: Corviknight|Pressure\n|turn|1\n|\n|t:|1696386878\n|move|p2b: Thundurus|Volt Switch|p1a: Corviknight\n|-supereffective|p1a: Corviknight\n|-damage|p1a: Corviknight|0 fnt\n|faint|p1a: Corviknight\n|\n|t:|1696386885\n|switch|p2b: boya boya edgy|Muk-Alola, M, shiny|100\/100|[from] Volt Switch\n|move|p2a: Glimmora|Power Gem|p1b: Minior\n|-supereffective|p1b: Minior\n|-enditem|p1b: Minior|Focus Sash\n|-damage|p1b: Minior|1\/100\n|move|p1b: Minior|Shell Smash|p1b: Minior\n|-unboost|p1b: Minior|def|1\n|-unboost|p1b: Minior|spd|1\n|-boost|p1b: Minior|atk|2\n|-boost|p1b: Minior|spa|2\n|-boost|p1b: Minior|spe|2\n|\n|-formechange|p1b: Minior|Minior||[from] ability: Shields Down\n|upkeep\n|\n|t:|1696386898\n|switch|p1a: Enamorus|Enamorus, F|100\/100\n|turn|2\n|\n|t:|1696386918\n|move|p1b: Minior|Earthquake|p2a: Glimmora|[spread] p2a,p2b\n|-immune|p1a: Enamorus\n|-supereffective|p2a: Glimmora\n|-supereffective|p2b: boya boya edgy\n|-damage|p2a: Glimmora|0 fnt\n|-damage|p2b: boya boya edgy|0 fnt\n|-activate|p2a: Glimmora|ability: Toxic Debris\n|-sidestart|p1: PanaMomos|move: Toxic Spikes\n|faint|p2a: Glimmora\n|faint|p2b: boya boya edgy\n|move|p1a: Enamorus|Earth Power|p2: Glimmora|[notarget]\n|-fail|p1a: Enamorus\n|\n|upkeep\n|\n|t:|1696386927\n|switch|p2a: Baxcalibur|Baxcalibur, M|100\/100\n|switch|p2b: Thundurus|Thundurus-Therian, M, shiny|100\/100\n|turn|3\n|\n|t:|1696386943\n|switch|p1a: Florencia|Togekiss, F|100\/100\n|move|p1b: Minior|Rock Slide|p2a: Baxcalibur|[spread] p2a,p2b\n|-supereffective|p2a: Baxcalibur\n|-supereffective|p2b: Thundurus\n|-damage|p2a: Baxcalibur|0 fnt\n|-damage|p2b: Thundurus|0 fnt\n|faint|p2a: Baxcalibur\n|faint|p2b: Thundurus\n|\n|upkeep\n|\n|t:|1696386952\n|switch|p2b: Enamorus|Enamorus-Therian, F, shiny|100\/100\n|switch|p2a: Goodra|Goodra-Hisui, F|100\/100\n|turn|4\n|\n|t:|1696386972\n|-terastallize|p2a: Goodra|Water\n|move|p1b: Minior|Earthquake|p2b: Enamorus|[spread] p2a\n|-immune|p1a: Florencia\n|-immune|p2b: Enamorus\n|-damage|p2a: Goodra|59\/100\n|move|p1a: Florencia|Air Slash|p2a: Goodra\n|-damage|p2a: Goodra|42\/100\n|cant|p2a: Goodra|flinch\n|move|p2b: Enamorus|Iron Defense|p2b: Enamorus\n|-boost|p2b: Enamorus|def|2\n|\n|-heal|p2a: Goodra|49\/100|[from] item: Leftovers\n|upkeep\n|turn|5\n|\n|t:|1696386990\n|move|p1b: Minior|Rock Slide|p2b: Enamorus|[spread] p2a,p2b\n|-supereffective|p2b: Enamorus\n|-crit|p2b: Enamorus\n|-damage|p2a: Goodra|0 fnt\n|-damage|p2b: Enamorus|0 fnt\n|faint|p2a: Goodra\n|faint|p2b: Enamorus\n|\n|win|PanaMomos\n|c|\u2606PanaMomos|gg\n|c|\u2606ofrazzz|wtf\n|c|\u2606ofrazzz|se puede otro?\n|c|\u2606ofrazzz|JAJAJAJAKJANAANAM\n|c|\u2606PanaMomos|sis\n|c|\u2606PanaMomos|Pero ma\u00f1ana\n|c|\u2606PanaMomos|Tengo sue\u00f1o\n|c|\u2606ofrazzz|vale\n","uploadtime":1696387015,"views":9,"p1id":"panamomos","p2id":"ofrazzz","formatid":"gen9nationaldexdoubles","rating":0,"private":0,"password":""}