{"id":"gen9nationaldexdoubles-1976145834","p1":"kitsu-aria","p2":"Beyond Subzero","format":"[Gen 9] National Dex Doubles","log":"|j|\u2606kitsu-aria\n|j|\u2606Beyond Subzero\n|t:|1698267721\n|gametype|doubles\n|player|p1|kitsu-aria|alec-anime|\n|player|p2|Beyond Subzero|bruno|\n|teamsize|p1|6\n|teamsize|p2|6\n|gen|9\n|tier|[Gen 9] National Dex Doubles\n|rule|HP Percentage Mod: HP is shown in percentages\n|rule|Endless Battle Clause: Forcing endless battles is banned\n|rule|OHKO Clause: OHKO moves are banned\n|rule|Evasion Moves Clause: Evasion moves are banned\n|rule|Evasion Abilities Clause: Evasion abilities are banned\n|rule|Species Clause: Limit one of each Pok\u00e9mon\n|rule|Gravity Sleep Clause: The combination of sleep-inducing moves with imperfect accuracy and Gravity or Gigantamax Orbeetle are banned\n|clearpoke\n|poke|p1|Volbeat, M|\n|poke|p1|Zamazenta-*|\n|poke|p1|Deoxys-Attack|\n|poke|p1|Salamence, F|\n|poke|p1|Kingambit, M|\n|poke|p1|Rillaboom, M|\n|poke|p2|Ninetales-Alola, M|\n|poke|p2|Latias, F|\n|poke|p2|Volcanion|\n|poke|p2|Kyurem-Black|\n|poke|p2|Whimsicott, F|\n|poke|p2|Zamazenta-*|\n|teampreview\n|inactive|Battle timer is ON: inactive players will automatically lose when time's up. (requested by Beyond Subzero)\n|\n|t:|1698267748\n|start\n|switch|p1a: Zamazenta|Zamazenta|100\/100\n|switch|p1b: Volbeat|Volbeat, M|100\/100\n|switch|p2a: Latias|Latias, F|100\/100\n|switch|p2b: Whimsicott|Whimsicott, F|100\/100\n|-ability|p1a: Zamazenta|Dauntless Shield|boost\n|-boost|p1a: Zamazenta|def|1\n|turn|1\n|\n|t:|1698267770\n|switch|p2a: Volcanion|Volcanion|100\/100\n|move|p2b: Whimsicott|Tailwind|p2b: Whimsicott\n|-sidestart|p2: Beyond Subzero|move: Tailwind\n|move|p1b: Volbeat|Thunder Wave|p2a: Volcanion\n|-status|p2a: Volcanion|par\n|move|p1a: Zamazenta|Heavy Slam|p2b: Whimsicott\n|-supereffective|p2b: Whimsicott\n|-enditem|p2b: Whimsicott|Focus Sash\n|-damage|p2b: Whimsicott|1\/100\n|-damage|p1a: Zamazenta|91\/100|[from] item: Life Orb\n|\n|upkeep\n|turn|2\n|inactive|kitsu-aria has 270 seconds left.\n|inactive|Beyond Subzero has 270 seconds left.\n|\n|t:|1698267814\n|move|p2b: Whimsicott|Moonblast|p1b: Volbeat\n|-damage|p1b: Volbeat|72\/100\n|move|p1a: Zamazenta|Close Combat|p2a: Volcanion\n|-damage|p2a: Volcanion|42\/100 par\n|-unboost|p1a: Zamazenta|def|1\n|-unboost|p1a: Zamazenta|spd|1\n|-damage|p1a: Zamazenta|81\/100|[from] item: Life Orb\n|move|p1b: Volbeat|U-turn|p2b: Whimsicott\n|-damage|p2b: Whimsicott|0 fnt\n|faint|p2b: Whimsicott\n|\n|t:|1698267828\n|switch|p1b: Deoxys|Deoxys-Attack|100\/100|[from] U-turn\n|-ability|p1b: Deoxys|Pressure\n|cant|p2a: Volcanion|par\n|\n|upkeep\n|\n|t:|1698267836\n|switch|p2b: Latias|Latias, F|100\/100\n|turn|3\n|\n|t:|1698267855\n|switch|p1a: Kingambit|Kingambit, M|100\/100\n|detailschange|p2b: Latias|Latias-Mega, F\n|-mega|p2b: Latias|Latias|Latiasite\n|move|p2b: Latias|Calm Mind|p2b: Latias\n|-boost|p2b: Latias|spa|1\n|-boost|p2b: Latias|spd|1\n|move|p1b: Deoxys|Knock Off|p2b: Latias\n|-supereffective|p2b: Latias\n|-damage|p2b: Latias|63\/100\n|cant|p2a: Volcanion|par\n|\n|upkeep\n|turn|4\n|inactive|Beyond Subzero has 270 seconds left.\n|\n|t:|1698267890\n|move|p2b: Latias|Roost|p2b: Latias\n|-heal|p2b: Latias|100\/100\n|-singleturn|p2b: Latias|move: Roost\n|move|p1b: Deoxys|Psycho Boost|p2a: Volcanion|[miss]\n|-miss|p1b: Deoxys|p2a: Volcanion\n|move|p2a: Volcanion|Flamethrower|p1a: Kingambit\n|-supereffective|p1a: Kingambit\n|-damage|p1a: Kingambit|4\/100\n|move|p1a: Kingambit|Swords Dance|p1a: Kingambit\n|-boost|p1a: Kingambit|atk|2\n|\n|-sideend|p2: Beyond Subzero|move: Tailwind\n|upkeep\n|turn|5\n|inactive|Beyond Subzero has 270 seconds left.\n|\n|t:|1698267913\n|switch|p2b: Zamazenta|Zamazenta|100\/100\n|-ability|p2b: Zamazenta|Dauntless Shield|boost\n|-boost|p2b: Zamazenta|def|1\n|move|p1a: Kingambit|Sucker Punch||[still]\n|-fail|p1a: Kingambit\n|move|p1b: Deoxys|Psycho Boost|p2a: Volcanion\n|-damage|p2a: Volcanion|0 fnt\n|-unboost|p1b: Deoxys|spa|2\n|faint|p2a: Volcanion\n|\n|upkeep\n|inactive|Beyond Subzero has 270 seconds left.\n|\n|t:|1698267926\n|switch|p2a: Ninetales|Ninetales-Alola, M|100\/100\n|-weather|Snow|[from] ability: Snow Warning|[of] p2a: Ninetales\n|turn|6\n|inactive|Beyond Subzero has 270 seconds left.\n|\n|t:|1698267950\n|switch|p1b: Volbeat|Volbeat, M|72\/100\n|-terastallize|p2b: Zamazenta|Fairy\n|move|p2b: Zamazenta|Play Rough|p1b: Volbeat\n|-damage|p1b: Volbeat|23\/100\n|move|p2a: Ninetales|Aurora Veil|p2a: Ninetales\n|-sidestart|p2: Beyond Subzero|move: Aurora Veil\n|move|p1a: Kingambit|Knock Off|p2a: Ninetales\n|-resisted|p2a: Ninetales\n|-damage|p2a: Ninetales|56\/100\n|-enditem|p2a: Ninetales|Light Clay|[from] move: Knock Off|[of] p1a: Kingambit\n|\n|-weather|Snow|[upkeep]\n|upkeep\n|turn|7\n|\n|t:|1698267972\n|switch|p2a: Kyurem|Kyurem-Black|100\/100\n|-ability|p2a: Kyurem|Teravolt\n|move|p1a: Kingambit|Protect|p1a: Kingambit\n|-singleturn|p1a: Kingambit|Protect\n|move|p1b: Volbeat|Thunder Wave|p2b: Zamazenta\n|-status|p2b: Zamazenta|par\n|move|p2b: Zamazenta|Body Press|p1a: Kingambit\n|-activate|p1a: Kingambit|move: Protect\n|\n|-weather|Snow|[upkeep]\n|upkeep\n|turn|8\n|\n|t:|1698268004\n|move|p1b: Volbeat|Thunder Wave|p2a: Kyurem\n|-status|p2a: Kyurem|par\n|move|p2b: Zamazenta|Play Rough|p1b: Volbeat\n|-damage|p1b: Volbeat|0 fnt\n|faint|p1b: Volbeat\n|move|p2a: Kyurem|Dragon Dance|p2a: Kyurem\n|-boost|p2a: Kyurem|atk|1\n|-boost|p2a: Kyurem|spe|1\n|move|p1a: Kingambit|Knock Off|p2b: Zamazenta\n|-resisted|p2b: Zamazenta\n|-damage|p2b: Zamazenta|78\/100 par\n|-enditem|p2b: Zamazenta|Sitrus Berry|[from] move: Knock Off|[of] p1a: Kingambit\n|\n|-weather|Snow|[upkeep]\n|upkeep\n|inactive|kitsu-aria has 270 seconds left.\n|\n|t:|1698268021\n|switch|p1b: Salamence|Salamence, F|100\/100\n|-ability|p1b: Salamence|Intimidate|boost\n|-fail|p2a: Kyurem|unboost|[from] item: Clear Amulet|[of] p2a: Kyurem\n|-unboost|p2b: Zamazenta|atk|1\n|turn|9\n|inactive|Beyond Subzero has 270 seconds left.\n|\n|t:|1698268055\n|switch|p1b: Rillaboom|Rillaboom, M|100\/100\n|-fieldstart|move: Grassy Terrain|[from] ability: Grassy Surge|[of] p1b: Rillaboom\n|move|p1a: Kingambit|Sucker Punch|p2a: Kyurem\n|-damage|p2a: Kyurem|64\/100 par\n|move|p2a: Kyurem|Icicle Spear|p1b: Rillaboom\n|-supereffective|p1b: Rillaboom\n|-crit|p1b: Rillaboom\n|-damage|p1b: Rillaboom|30\/100\n|-supereffective|p1b: Rillaboom\n|-damage|p1b: Rillaboom|0 fnt\n|faint|p1b: Rillaboom\n|-hitcount|p1: Rillaboom|2\n|cant|p2b: Zamazenta|par\n|\n|-weather|Snow|[upkeep]\n|-heal|p2a: Kyurem|70\/100 par|[from] Grassy Terrain\n|-heal|p2b: Zamazenta|84\/100 par|[from] Grassy Terrain\n|-heal|p1a: Kingambit|10\/100|[from] Grassy Terrain\n|upkeep\n|inactive|kitsu-aria has 270 seconds left.\n|\n|t:|1698268074\n|switch|p1b: Zamazenta|Zamazenta|81\/100\n|turn|10\n|\n|t:|1698268088\n|move|p1b: Zamazenta|Close Combat|p2a: Kyurem\n|-supereffective|p2a: Kyurem\n|-damage|p2a: Kyurem|5\/100 par\n|-unboost|p1b: Zamazenta|def|1\n|-unboost|p1b: Zamazenta|spd|1\n|-damage|p1b: Zamazenta|71\/100|[from] item: Life Orb\n|move|p2a: Kyurem|Fusion Bolt|p1b: Zamazenta\n|-damage|p1b: Zamazenta|0 fnt\n|faint|p1b: Zamazenta\n|move|p2b: Zamazenta|Body Press|p1a: Kingambit\n|-supereffective|p1a: Kingambit\n|-damage|p1a: Kingambit|0 fnt\n|faint|p1a: Kingambit\n|\n|-weather|none\n|-heal|p2a: Kyurem|11\/100 par|[from] Grassy Terrain\n|-heal|p2b: Zamazenta|90\/100 par|[from] Grassy Terrain\n|upkeep\n|\n|t:|1698268092\n|switch|p1b: Deoxys|Deoxys-Attack|100\/100\n|switch|p1a: Salamence|Salamence, F|100\/100\n|-ability|p1b: Deoxys|Pressure\n|-ability|p1a: Salamence|Intimidate|boost\n|-fail|p2a: Kyurem|unboost|[from] item: Clear Amulet|[of] p2a: Kyurem\n|-unboost|p2b: Zamazenta|atk|1\n|turn|11\n|\n|t:|1698268120\n|detailschange|p1a: Salamence|Salamence-Mega, F\n|-mega|p1a: Salamence|Salamence|Salamencite\n|-terastallize|p1b: Deoxys|Psychic\n|move|p2a: Kyurem|Protect|p2a: Kyurem\n|-singleturn|p2a: Kyurem|Protect\n|move|p1b: Deoxys|Psycho Boost|p2b: Zamazenta\n|-damage|p2b: Zamazenta|30\/100 par\n|-unboost|p1b: Deoxys|spa|2\n|move|p1a: Salamence|Hyper Voice|p2b: Zamazenta|[spread] p2b\n|-activate|p2a: Kyurem|move: Protect\n|-damage|p2b: Zamazenta|7\/100 par\n|move|p2b: Zamazenta|Play Rough|p1b: Deoxys\n|-damage|p1b: Deoxys|13\/100\n|\n|-heal|p1b: Deoxys|19\/100|[from] Grassy Terrain\n|-heal|p2a: Kyurem|17\/100 par|[from] Grassy Terrain\n|-heal|p2b: Zamazenta|13\/100 par|[from] Grassy Terrain\n|upkeep\n|turn|12\n|\n|t:|1698268143\n|move|p2b: Zamazenta|Wide Guard|p2b: Zamazenta\n|-singleturn|p2b: Zamazenta|Wide Guard\n|move|p1b: Deoxys|Knock Off|p2b: Zamazenta\n|-resisted|p2b: Zamazenta\n|-damage|p2b: Zamazenta|9\/100 par\n|move|p1a: Salamence|Hyper Voice|p2b: Zamazenta|[spread] \n|-activate|p2a: Kyurem|move: Wide Guard\n|-activate|p2b: Zamazenta|move: Wide Guard\n|cant|p2a: Kyurem|par\n|\n|-heal|p1b: Deoxys|25\/100|[from] Grassy Terrain\n|-heal|p2a: Kyurem|23\/100 par|[from] Grassy Terrain\n|-heal|p2b: Zamazenta|15\/100 par|[from] Grassy Terrain\n|upkeep\n|turn|13\n|\n|t:|1698268171\n|move|p1b: Deoxys|Protect|p1b: Deoxys\n|-singleturn|p1b: Deoxys|Protect\n|move|p1a: Salamence|Double-Edge|p2a: Kyurem\n|-damage|p2a: Kyurem|0 fnt\n|faint|p2a: Kyurem\n|-damage|p1a: Salamence|91\/100|[from] Recoil\n|move|p2b: Zamazenta|Play Rough|p1a: Salamence\n|-supereffective|p1a: Salamence\n|-damage|p1a: Salamence|57\/100\n|\n|-heal|p1b: Deoxys|32\/100|[from] Grassy Terrain\n|-heal|p2b: Zamazenta|21\/100 par|[from] Grassy Terrain\n|-sideend|p2: Beyond Subzero|move: Aurora Veil\n|-fieldend|move: Grassy Terrain\n|upkeep\n|inactive|Beyond Subzero has 270 seconds left.\n|\n|t:|1698268186\n|switch|p2a: Ninetales|Ninetales-Alola, M|56\/100\n|-weather|Snow|[from] ability: Snow Warning|[of] p2a: Ninetales\n|turn|14\n|inactive|Beyond Subzero has 270 seconds left.\n|\n|t:|1698268222\n|move|p1b: Deoxys|Psycho Boost|p2b: Zamazenta\n|-damage|p2b: Zamazenta|0 fnt\n|-unboost|p1b: Deoxys|spa|2\n|faint|p2b: Zamazenta\n|move|p1a: Salamence|Double-Edge|p2a: Ninetales\n|-crit|p2a: Ninetales\n|-damage|p2a: Ninetales|0 fnt\n|faint|p2a: Ninetales\n|-damage|p1a: Salamence|41\/100|[from] Recoil\n|\n|-weather|Snow|[upkeep]\n|upkeep\n|inactive|Beyond Subzero has 270 seconds left.\n|\n|t:|1698268234\n|switch|p2b: Latias|Latias-Mega, F|100\/100\n|turn|15\n|\n|t:|1698268242\n|move|p1b: Deoxys|Knock Off|p2b: Latias\n|-supereffective|p2b: Latias\n|-damage|p2b: Latias|62\/100\n|move|p1a: Salamence|Draco Meteor|p2b: Latias\n|-supereffective|p2b: Latias\n|-damage|p2b: Latias|0 fnt\n|-unboost|p1a: Salamence|spa|2\n|faint|p2b: Latias\n|\n|win|kitsu-aria\n|c|\u2606kitsu-aria|Gg\n|c|\u2606Beyond Subzero|damit ggs\n","uploadtime":1698268257,"views":9,"p1id":"kitsuaria","p2id":"beyondsubzero","formatid":"gen9nationaldexdoubles","rating":0,"private":0,"password":""}