{"id":"gen9nationaldexdoubles-1963852184","p1":"mclocka","p2":"Corza27","format":"[Gen 9] National Dex Doubles","log":"|j|\u2606mclocka\n|j|\u2606Corza27\n|t:|1696906868\n|gametype|doubles\n|player|p1|mclocka|waitress-gen4|\n|player|p2|Corza27|birdkeeper|\n|teamsize|p1|6\n|teamsize|p2|6\n|gen|9\n|tier|[Gen 9] National Dex Doubles\n|rule|HP Percentage Mod: HP is shown in percentages\n|rule|Endless Battle Clause: Forcing endless battles is banned\n|rule|OHKO Clause: OHKO moves are banned\n|rule|Evasion Moves Clause: Evasion moves are banned\n|rule|Evasion Abilities Clause: Evasion abilities are banned\n|rule|Species Clause: Limit one of each Pok\u00e9mon\n|rule|Gravity Sleep Clause: The combination of sleep-inducing moves with imperfect accuracy and Gravity or Gigantamax Orbeetle are banned\n|clearpoke\n|poke|p1|Zapdos|\n|poke|p1|Dragonite, M|\n|poke|p1|Dragapult, M|\n|poke|p1|Greninja-*, M|\n|poke|p1|Charizard, M|\n|poke|p1|Leafeon, F|\n|poke|p2|Enamorus, F|\n|poke|p2|Amoonguss, M|\n|poke|p2|Basculegion-F, F|\n|poke|p2|Lucario, M|\n|poke|p2|Maushold|\n|poke|p2|Torkoal, M|\n|teampreview\n|\n|t:|1696906893\n|start\n|switch|p1a: FATHER DRAGON|Dragonite, M, shiny|100\/100\n|switch|p1b: Father PULT|Dragapult, M, shiny|100\/100\n|switch|p2a: Enamorus|Enamorus, F|100\/100\n|switch|p2b: Amoonguss|Amoonguss, M|100\/100\n|turn|1\n|\n|t:|1696906912\n|move|p1b: Father PULT|Draco Meteor|p2a: Enamorus\n|-immune|p2a: Enamorus\n|move|p2a: Enamorus|Dazzling Gleam|p1b: Father PULT|[spread] p1a,p1b\n|-supereffective|p1a: FATHER DRAGON\n|-supereffective|p1b: Father PULT\n|-damage|p1a: FATHER DRAGON|29\/100\n|-damage|p1b: Father PULT|17\/100\n|move|p1a: FATHER DRAGON|Draco Meteor|p2b: Amoonguss\n|-damage|p2b: Amoonguss|38\/100\n|-unboost|p1a: FATHER DRAGON|spa|2\n|move|p2b: Amoonguss|Scary Face|p2a: Enamorus\n|-boost|p2a: Enamorus|spe|2\n|\n|upkeep\n|turn|2\n|\n|t:|1696906936\n|switch|p1a: MR. Daddy Dragon|Charizard, M, shiny|100\/100\n|move|p2a: Enamorus|Dazzling Gleam|p1a: MR. Daddy Dragon|[spread] p1a,p1b\n|-resisted|p1a: MR. Daddy Dragon\n|-supereffective|p1b: Father PULT\n|-damage|p1a: MR. Daddy Dragon|79\/100\n|-damage|p1b: Father PULT|0 fnt\n|faint|p1b: Father PULT\n|move|p2b: Amoonguss|Confide|p2a: Enamorus\n|-boost|p2a: Enamorus|spa|1\n|\n|upkeep\n|\n|t:|1696906948\n|switch|p1b: MOTHER ZAPDOS|Zapdos, shiny|100\/100\n|turn|3\n|\n|t:|1696906971\n|-terastallize|p2a: Enamorus|Fairy\n|move|p2a: Enamorus|Dazzling Gleam|p1b: MOTHER ZAPDOS|[spread] p1a,p1b\n|-resisted|p1a: MR. Daddy Dragon\n|-damage|p1a: MR. Daddy Dragon|37\/100\n|-damage|p1b: MOTHER ZAPDOS|42\/100\n|move|p1a: MR. Daddy Dragon|Fire Blast|p2b: Amoonguss\n|-supereffective|p2b: Amoonguss\n|-damage|p2b: Amoonguss|0 fnt\n|faint|p2b: Amoonguss\n|move|p1b: MOTHER ZAPDOS|Reflect|p1b: MOTHER ZAPDOS\n|-sidestart|p1: mclocka|Reflect\n|\n|upkeep\n|\n|t:|1696906985\n|switch|p2b: Torkoal|Torkoal, M|100\/100\n|-weather|SunnyDay|[from] ability: Drought|[of] p2b: Torkoal\n|turn|4\n|\n|t:|1696907010\n|move|p2a: Enamorus|Dazzling Gleam|p1b: MOTHER ZAPDOS|[spread] p1a,p1b\n|-resisted|p1a: MR. Daddy Dragon\n|-damage|p1a: MR. Daddy Dragon|0 fnt\n|-damage|p1b: MOTHER ZAPDOS|0 fnt\n|faint|p1a: MR. Daddy Dragon\n|faint|p1b: MOTHER ZAPDOS\n|move|p2b: Torkoal|Fire Blast|p1: MR. Daddy Dragon|[notarget]\n|-fail|p2b: Torkoal\n|\n|-weather|SunnyDay|[upkeep]\n|upkeep\n|\n|t:|1696907034\n|switch|p1a: DADDY NINJA|Greninja, M, shiny|100\/100\n|switch|p1b: MINISTER|Leafeon, F, shiny|100\/100\n|turn|5\n|\n|t:|1696907050\n|move|p2a: Enamorus|Dazzling Gleam|p1b: MINISTER|[spread] p1a,p1b\n|-supereffective|p1a: DADDY NINJA\n|-damage|p1a: DADDY NINJA|0 fnt\n|-damage|p1b: MINISTER|0 fnt\n|faint|p1a: DADDY NINJA\n|faint|p1b: MINISTER\n|move|p2b: Torkoal|Fire Blast|p1: DADDY NINJA|[notarget]\n|-fail|p2b: Torkoal\n|\n|-weather|SunnyDay|[upkeep]\n|upkeep\n|\n|t:|1696907063\n|switch|p1b: FATHER DRAGON|Dragonite, M, shiny|29\/100\n|turn|6\n|\n|t:|1696907070\n|-terastallize|p1b: FATHER DRAGON|Dragon\n|move|p2a: Enamorus|Moonblast|p1b: FATHER DRAGON\n|-supereffective|p1b: FATHER DRAGON\n|-damage|p1b: FATHER DRAGON|0 fnt\n|faint|p1b: FATHER DRAGON\n|\n|win|Corza27\n","uploadtime":1696907077,"views":11,"p1id":"mclocka","p2id":"corza27","formatid":"gen9nationaldexdoubles","rating":0,"private":0,"password":""}