{"id":"gen9nationaldexdoubles-1956207349","p1":"klffd","p2":"OrangeObama","format":"[Gen 9] National Dex Doubles","log":"|j|\u2606klffd\n|j|\u2606OrangeObama\n|t:|1696085410\n|gametype|doubles\n|player|p1|klffd|101|1053\n|player|p2|OrangeObama|acetrainer-gen4dp|1000\n|teamsize|p1|6\n|teamsize|p2|6\n|gen|9\n|tier|[Gen 9] National Dex Doubles\n|rated|\n|rule|HP Percentage Mod: HP is shown in percentages\n|rule|Endless Battle Clause: Forcing endless battles is banned\n|rule|OHKO Clause: OHKO moves are banned\n|rule|Evasion Moves Clause: Evasion moves are banned\n|rule|Evasion Abilities Clause: Evasion abilities are banned\n|rule|Species Clause: Limit one of each Pok\u00e9mon\n|rule|Gravity Sleep Clause: The combination of sleep-inducing moves with imperfect accuracy and Gravity or Gigantamax Orbeetle are banned\n|clearpoke\n|poke|p1|Tyranitar, M|\n|poke|p1|Aron, L1, F|\n|poke|p1|Lycanroc, M|\n|poke|p1|Hippowdon, F|\n|poke|p1|Diancie|\n|poke|p1|Arcanine-Hisui, M|\n|poke|p2|Latios, M|\n|poke|p2|Landorus-Therian, M|\n|poke|p2|Ogerpon-Wellspring, F|\n|poke|p2|Hitmontop, M|\n|poke|p2|Clefairy, M|\n|poke|p2|Eevee, F|\n|teampreview\n|inactive|Battle timer is ON: inactive players will automatically lose when time's up. (requested by OrangeObama)\n|\n|t:|1696085421\n|start\n|switch|p1a: Aron|Aron, L1, F|100\/100\n|switch|p1b: Hippowdon|Hippowdon, F|100\/100\n|switch|p2a: Hitmontop|Hitmontop, M|100\/100\n|switch|p2b: Eevee|Eevee, F|100\/100\n|-ability|p2a: Hitmontop|Intimidate|boost\n|-unboost|p1a: Aron|atk|1\n|-unboost|p1b: Hippowdon|atk|1\n|-weather|Sandstorm|[from] ability: Sand Stream|[of] p1b: Hippowdon\n|turn|1\n|\n|t:|1696085441\n|move|p1b: Hippowdon|Protect|p1b: Hippowdon\n|-singleturn|p1b: Hippowdon|Protect\n|move|p2a: Hitmontop|Fake Out|p1a: Aron\n|-resisted|p1a: Aron\n|-ability|p1a: Aron|Sturdy\n|-damage|p1a: Aron|9\/100\n|-zpower|p2b: Eevee\n|move|p2b: Eevee|Extreme Evoboost|p2b: Eevee\n|-boost|p2b: Eevee|atk|2\n|-boost|p2b: Eevee|def|2\n|-boost|p2b: Eevee|spa|2\n|-boost|p2b: Eevee|spd|2\n|-boost|p2b: Eevee|spe|2\n|cant|p1a: Aron|flinch\n|\n|-weather|Sandstorm|[upkeep]\n|-damage|p2b: Eevee|94\/100|[from] Sandstorm\n|-damage|p2a: Hitmontop|94\/100|[from] Sandstorm\n|upkeep\n|turn|2\n|\n|t:|1696085470\n|move|p1a: Aron|Protect|p1a: Aron\n|-singleturn|p1a: Aron|Protect\n|move|p2a: Hitmontop|Bullet Punch|p1a: Aron\n|-activate|p1a: Aron|move: Protect\n|move|p2b: Eevee|Baton Pass|p2b: Eevee\n|\n|t:|1696085484\n|switch|p2b: Latios|Latios, M|100\/100|[from] Baton Pass\n|move|p1b: Hippowdon|Yawn|p2b: Latios\n|-start|p2b: Latios|move: Yawn|[of] p1b: Hippowdon\n|\n|-weather|Sandstorm|[upkeep]\n|-damage|p2b: Latios|94\/100|[from] Sandstorm\n|-damage|p2a: Hitmontop|88\/100|[from] Sandstorm\n|upkeep\n|turn|3\n|\n|t:|1696085505\n|detailschange|p2b: Latios|Latios-Mega, M\n|-mega|p2b: Latios|Latios|Latiosite\n|move|p1b: Hippowdon|Protect|p1b: Hippowdon\n|-singleturn|p1b: Hippowdon|Protect\n|move|p2a: Hitmontop|Bullet Punch|p1a: Aron\n|-damage|p1a: Aron|0 fnt\n|faint|p1a: Aron\n|move|p2b: Latios|Stored Power|p1b: Hippowdon\n|-activate|p1b: Hippowdon|move: Protect\n|\n|-weather|Sandstorm|[upkeep]\n|-damage|p2b: Latios|88\/100|[from] Sandstorm\n|-damage|p2a: Hitmontop|82\/100|[from] Sandstorm\n|-end|p2b: Latios|move: Yawn|[silent]\n|-status|p2b: Latios|slp\n|upkeep\n|\n|t:|1696085519\n|switch|p1a: Diancie|Diancie|100\/100\n|turn|4\n|\n|t:|1696085532\n|detailschange|p1a: Diancie|Diancie-Mega\n|-mega|p1a: Diancie|Diancie|Diancite\n|-terastallize|p2a: Hitmontop|Steel\n|move|p2a: Hitmontop|Bullet Punch|p1a: Diancie\n|-supereffective|p1a: Diancie\n|-damage|p1a: Diancie|26\/100\n|cant|p2b: Latios|slp\n|move|p1a: Diancie|Play Rough|p2b: Latios\n|-supereffective|p2b: Latios\n|-damage|p2b: Latios|43\/100 slp\n|move|p1b: Hippowdon|Stealth Rock|p2b: Latios\n|-sidestart|p2: OrangeObama|move: Stealth Rock\n|\n|-weather|Sandstorm|[upkeep]\n|-damage|p2b: Latios|37\/100 slp|[from] Sandstorm\n|upkeep\n|turn|5\n|inactive|klffd has 120 seconds left.\n|\n|t:|1696085573\n|move|p2a: Hitmontop|Bullet Punch|p1a: Diancie\n|-supereffective|p1a: Diancie\n|-damage|p1a: Diancie|0 fnt\n|faint|p1a: Diancie\n|-curestatus|p2b: Latios|slp|[msg]\n|move|p2b: Latios|Stored Power|p1b: Hippowdon\n|-damage|p1b: Hippowdon|0 fnt\n|faint|p1b: Hippowdon\n|\n|-weather|Sandstorm|[upkeep]\n|-damage|p2b: Latios|31\/100|[from] Sandstorm\n|upkeep\n|\n|t:|1696085580\n|switch|p1a: Tyranitar|Tyranitar, M|100\/100\n|switch|p1b: Arcanine|Arcanine-Hisui, M|100\/100\n|-ability|p1b: Arcanine|Intimidate|boost\n|-unboost|p2a: Hitmontop|atk|1\n|-unboost|p2b: Latios|atk|1\n|turn|6\n|inactive|klffd has 120 seconds left.\n|inactive|klffd has 90 seconds left.\n|\n|t:|1696085653\n|switch|p2a: Landorus|Landorus-Therian, M|100\/100\n|-damage|p2a: Landorus|88\/100|[from] Stealth Rock\n|-ability|p2a: Landorus|Intimidate|boost\n|-unboost|p1a: Tyranitar|atk|1\n|-unboost|p1b: Arcanine|atk|1\n|-terastallize|p1a: Tyranitar|Rock\n|move|p2b: Latios|Protect|p2b: Latios\n|-singleturn|p2b: Latios|Protect\n|move|p1b: Arcanine|Extreme Speed|p2b: Latios\n|-activate|p2b: Latios|move: Protect\n|move|p1a: Tyranitar|Ice Punch|p2a: Landorus\n|-supereffective|p2a: Landorus\n|-damage|p2a: Landorus|18\/100\n|\n|-weather|Sandstorm|[upkeep]\n|-damage|p2b: Latios|25\/100|[from] Sandstorm\n|upkeep\n|turn|7\n|\n|t:|1696085679\n|move|p1b: Arcanine|Extreme Speed|p2b: Latios\n|-damage|p2b: Latios|14\/100\n|-damage|p1b: Arcanine|91\/100|[from] item: Life Orb\n|move|p2b: Latios|Baton Pass|p2b: Latios\n|\n|t:|1696085687\n|switch|p2b: Ogerpon|Ogerpon-Wellspring, F|100\/100|[from] Baton Pass\n|-damage|p2b: Ogerpon|88\/100|[from] Stealth Rock\n|move|p2a: Landorus|Earthquake|p1b: Arcanine|[spread] p2b,p1a,p1b\n|-resisted|p2b: Ogerpon\n|-supereffective|p1a: Tyranitar\n|-supereffective|p1b: Arcanine\n|-damage|p2b: Ogerpon|79\/100\n|-damage|p1a: Tyranitar|31\/100\n|-damage|p1b: Arcanine|0 fnt\n|faint|p1b: Arcanine\n|move|p1a: Tyranitar|Ice Punch|p2a: Landorus\n|-supereffective|p2a: Landorus\n|-damage|p2a: Landorus|0 fnt\n|faint|p2a: Landorus\n|\n|-weather|Sandstorm|[upkeep]\n|-damage|p2b: Ogerpon|73\/100|[from] Sandstorm\n|upkeep\n|inactive|klffd has 90 seconds left.\n|\n|t:|1696085700\n|switch|p1b: Lycanroc|Lycanroc, M|100\/100\n|switch|p2a: Hitmontop|Hitmontop, M, tera:Steel|82\/100\n|-damage|p2a: Hitmontop|75\/100|[from] Stealth Rock\n|-ability|p2a: Hitmontop|Intimidate|boost\n|-unboost|p1a: Tyranitar|atk|1\n|-unboost|p1b: Lycanroc|atk|1\n|turn|8\n|\n|t:|1696085711\n|move|p2a: Hitmontop|Fake Out|p1b: Lycanroc\n|-resisted|p1b: Lycanroc\n|-damage|p1b: Lycanroc|90\/100\n|cant|p1b: Lycanroc|flinch\n|move|p2b: Ogerpon|Ivy Cudgel|p1a: Tyranitar\n|-supereffective|p1a: Tyranitar\n|-crit|p1a: Tyranitar\n|-damage|p1a: Tyranitar|0 fnt\n|faint|p1a: Tyranitar\n|\n|-weather|none\n|upkeep\n|turn|9\n|inactive|klffd has 120 seconds left.\n|\n|t:|1696085721\n|move|p2b: Ogerpon|Ivy Cudgel|p1b: Lycanroc\n|-supereffective|p1b: Lycanroc\n|-damage|p1b: Lycanroc|0 fnt\n|faint|p1b: Lycanroc\n|\n|win|OrangeObama\n|raw|klffd's rating: 1053 &rarr; <strong>1032<\/strong><br \/>(-21 for losing)\n|raw|OrangeObama's rating: 1000 &rarr; <strong>1046<\/strong><br \/>(+46 for winning)\n|l|\u2606klffd\n|c|\u2606OrangeObama|gg\n","uploadtime":1696085729,"views":6,"p1id":"klffd","p2id":"orangeobama","formatid":"gen9nationaldexdoubles","rating":1032,"private":0,"password":""}