{"id":"gen9nationaldexdoubles-1975948778","p1":"SuZo","p2":"jongus donguss","format":"[Gen 9] National Dex Doubles","log":"|j|\u2606SuZo\n|j|\u2606jongus donguss\n|t:|1698251507\n|gametype|doubles\n|player|p1|SuZo|lusamine-nihilego|1236\n|player|p2|jongus donguss|pokemaniac|1172\n|teamsize|p1|6\n|teamsize|p2|6\n|gen|9\n|tier|[Gen 9] National Dex Doubles\n|rated|\n|rule|HP Percentage Mod: HP is shown in percentages\n|rule|Endless Battle Clause: Forcing endless battles is banned\n|rule|OHKO Clause: OHKO moves are banned\n|rule|Evasion Moves Clause: Evasion moves are banned\n|rule|Evasion Abilities Clause: Evasion abilities are banned\n|rule|Species Clause: Limit one of each Pok\u00e9mon\n|rule|Gravity Sleep Clause: The combination of sleep-inducing moves with imperfect accuracy and Gravity or Gigantamax Orbeetle are banned\n|clearpoke\n|poke|p1|Glimmora, M|\n|poke|p1|Ogerpon-Wellspring, F|\n|poke|p1|Chien-Pao|\n|poke|p1|Ursaluna, F|\n|poke|p1|Cresselia, F|\n|poke|p1|Flutter Mane|\n|poke|p2|Thundurus-Therian, M|\n|poke|p2|Tornadus-Therian, M|\n|poke|p2|Enamorus-Therian, F|\n|poke|p2|Landorus-Therian, M|\n|poke|p2|Jolteon, F|\n|poke|p2|Gyarados, F|\n|teampreview\n|inactive|Battle timer is ON: inactive players will automatically lose when time's up. (requested by jongus donguss)\n|\n|t:|1698251528\n|start\n|switch|p1a: Glimmora|Glimmora, M|100\/100\n|switch|p1b: Ogerpon|Ogerpon-Wellspring, F|100\/100\n|switch|p2a: Jolteon|Jolteon, F|100\/100\n|switch|p2b: Thundurus|Thundurus-Therian, M|100\/100\n|turn|1\n|\n|t:|1698251549\n|move|p2a: Jolteon|Discharge|p1b: Ogerpon|[spread] p1a,p1b\n|-immune|p2b: Thundurus|[from] ability: Volt Absorb\n|-crit|p1b: Ogerpon\n|-damage|p1a: Glimmora|63\/100\n|-damage|p1b: Ogerpon|59\/100\n|move|p1b: Ogerpon|Knock Off|p2a: Jolteon\n|-damage|p2a: Jolteon|44\/100\n|-enditem|p2a: Jolteon|Focus Sash|[from] move: Knock Off|[of] p1b: Ogerpon\n|move|p2b: Thundurus|Flash Cannon|p1a: Glimmora\n|-supereffective|p1a: Glimmora\n|-damage|p1a: Glimmora|0 fnt\n|faint|p1a: Glimmora\n|\n|upkeep\n|inactive|SuZo has 120 seconds left.\n|\n|t:|1698251567\n|switch|p1a: Chien-Pao|Chien-Pao|100\/100\n|-ability|p1a: Chien-Pao|Sword of Ruin\n|turn|2\n|\n|t:|1698251579\n|move|p1a: Chien-Pao|Crunch|p2a: Jolteon\n|-damage|p2a: Jolteon|0 fnt\n|faint|p2a: Jolteon\n|move|p1b: Ogerpon|Knock Off|p2b: Thundurus\n|-damage|p2b: Thundurus|35\/100\n|-enditem|p2b: Thundurus|Heavy-Duty Boots|[from] move: Knock Off|[of] p1b: Ogerpon\n|move|p2b: Thundurus|Discharge|p1a: Chien-Pao|[spread] p1a,p1b\n|-damage|p1a: Chien-Pao|50\/100\n|-damage|p1b: Ogerpon|29\/100\n|\n|upkeep\n|\n|t:|1698251589\n|switch|p2a: Landorus|Landorus-Therian, M|100\/100\n|-ability|p2a: Landorus|Intimidate|boost\n|-unboost|p1a: Chien-Pao|atk|1\n|-unboost|p1b: Ogerpon|atk|1\n|turn|3\n|\n|t:|1698251602\n|move|p1a: Chien-Pao|Ice Spinner|p2a: Landorus\n|-supereffective|p2a: Landorus\n|-damage|p2a: Landorus|0 fnt\n|faint|p2a: Landorus\n|move|p1b: Ogerpon|Ivy Cudgel|p2b: Thundurus\n|-damage|p2b: Thundurus|0 fnt\n|faint|p2b: Thundurus\n|\n|upkeep\n|\n|t:|1698251611\n|switch|p2b: Enamorus|Enamorus-Therian, F|100\/100\n|switch|p2a: Gyarados|Gyarados, F|100\/100\n|-ability|p2a: Gyarados|Intimidate|boost\n|-unboost|p1a: Chien-Pao|atk|1\n|-unboost|p1b: Ogerpon|atk|1\n|turn|4\n|\n|t:|1698251633\n|detailschange|p2a: Gyarados|Gyarados-Mega, F\n|-mega|p2a: Gyarados|Gyarados|Gyaradosite\n|-ability|p2a: Gyarados|Mold Breaker\n|move|p1a: Chien-Pao|Ice Spinner|p2b: Enamorus\n|-supereffective|p2b: Enamorus\n|-damage|p2b: Enamorus|56\/100\n|move|p1b: Ogerpon|Knock Off|p2a: Gyarados\n|-resisted|p2a: Gyarados\n|-damage|p2a: Gyarados|93\/100\n|move|p2a: Gyarados|Dragon Dance|p2a: Gyarados\n|-boost|p2a: Gyarados|atk|1\n|-boost|p2a: Gyarados|spe|1\n|move|p2b: Enamorus|Draining Kiss|p1a: Chien-Pao\n|-supereffective|p1a: Chien-Pao\n|-damage|p1a: Chien-Pao|0 fnt\n|-heal|p2b: Enamorus|88\/100|[from] drain|[of] p1a: Chien-Pao\n|faint|p1a: Chien-Pao\n|\n|-heal|p2b: Enamorus|94\/100|[from] item: Leftovers\n|upkeep\n|\n|t:|1698251650\n|switch|p1a: Flutter Mane|Flutter Mane|100\/100\n|-enditem|p1a: Flutter Mane|Booster Energy\n|-activate|p1a: Flutter Mane|ability: Protosynthesis|[fromitem]\n|-start|p1a: Flutter Mane|protosynthesisspe\n|turn|5\n|\n|t:|1698251679\n|move|p1b: Ogerpon|Follow Me|p1b: Ogerpon\n|-singleturn|p1b: Ogerpon|move: Follow Me\n|move|p1a: Flutter Mane|Dazzling Gleam|p2b: Enamorus|[spread] p2a,p2b\n|-supereffective|p2a: Gyarados\n|-damage|p2a: Gyarados|39\/100\n|-damage|p2b: Enamorus|64\/100\n|move|p2a: Gyarados|Crunch|p1b: Ogerpon\n|-damage|p1b: Ogerpon|0 fnt\n|faint|p1b: Ogerpon\n|move|p2b: Enamorus|Mystical Fire|p1a: Flutter Mane\n|-damage|p1a: Flutter Mane|72\/100\n|-unboost|p1a: Flutter Mane|spa|1\n|\n|-heal|p2b: Enamorus|70\/100|[from] item: Leftovers\n|upkeep\n|inactive|SuZo has 120 seconds left.\n|\n|t:|1698251723\n|switch|p1b: Cresselia|Cresselia, F|100\/100\n|turn|6\n|inactive|SuZo has 120 seconds left.\n|\n|t:|1698251736\n|move|p1a: Flutter Mane|Dazzling Gleam|p2b: Enamorus|[spread] p2a,p2b\n|-supereffective|p2a: Gyarados\n|-damage|p2a: Gyarados|2\/100\n|-damage|p2b: Enamorus|50\/100\n|move|p2a: Gyarados|Crunch|p1b: Cresselia\n|-supereffective|p1b: Cresselia\n|-damage|p1b: Cresselia|14\/100\n|move|p2b: Enamorus|Mystical Fire|p1a: Flutter Mane\n|-damage|p1a: Flutter Mane|42\/100\n|-unboost|p1a: Flutter Mane|spa|1\n|move|p1b: Cresselia|Trick Room|p1b: Cresselia\n|-fieldstart|move: Trick Room|[of] p1b: Cresselia\n|\n|-heal|p2b: Enamorus|56\/100|[from] item: Leftovers\n|-heal|p1b: Cresselia|20\/100|[from] item: Leftovers\n|upkeep\n|turn|7\n|inactive|SuZo has 120 seconds left.\n|\n|t:|1698251774\n|move|p2b: Enamorus|Draining Kiss|p1a: Flutter Mane\n|-damage|p1a: Flutter Mane|11\/100\n|-heal|p2b: Enamorus|73\/100|[from] drain|[of] p1a: Flutter Mane\n|move|p1b: Cresselia|Thunder Wave|p2b: Enamorus\n|-status|p2b: Enamorus|par\n|move|p2a: Gyarados|Crunch|p1b: Cresselia\n|-supereffective|p1b: Cresselia\n|-damage|p1b: Cresselia|0 fnt\n|faint|p1b: Cresselia\n|move|p1a: Flutter Mane|Dazzling Gleam|p2b: Enamorus|[spread] p2a,p2b\n|-supereffective|p2a: Gyarados\n|-damage|p2a: Gyarados|0 fnt\n|-damage|p2b: Enamorus|58\/100 par\n|faint|p2a: Gyarados\n|\n|-heal|p2b: Enamorus|64\/100 par|[from] item: Leftovers\n|upkeep\n|\n|t:|1698251788\n|switch|p1b: Ursaluna|Ursaluna, F|100\/100\n|switch|p2a: Tornadus|Tornadus-Therian, M|100\/100\n|turn|8\n|\n|t:|1698251801\n|move|p2b: Enamorus|Grass Knot|p1b: Ursaluna\n|-supereffective|p1b: Ursaluna\n|-damage|p1b: Ursaluna|13\/100\n|move|p1b: Ursaluna|Rock Slide|p2a: Tornadus|[spread] p2b\n|-miss|p1b: Ursaluna|p2a: Tornadus\n|-supereffective|p2b: Enamorus\n|-damage|p2b: Enamorus|24\/100 par\n|move|p2a: Tornadus|Bleakwind Storm|p1b: Ursaluna|[spread] p1b\n|-miss|p2a: Tornadus|p1a: Flutter Mane\n|-damage|p1b: Ursaluna|0 fnt\n|faint|p1b: Ursaluna\n|move|p1a: Flutter Mane|Dazzling Gleam|p2a: Tornadus|[spread] p2a,p2b\n|-damage|p2a: Tornadus|80\/100\n|-damage|p2b: Enamorus|9\/100 par\n|\n|-heal|p2b: Enamorus|16\/100 par|[from] item: Leftovers\n|upkeep\n|turn|9\n|\n|t:|1698251821\n|move|p2b: Enamorus|Mystical Fire|p1a: Flutter Mane\n|-damage|p1a: Flutter Mane|0 fnt\n|faint|p1a: Flutter Mane\n|-end|p1a: Flutter Mane|Protosynthesis|[silent]\n|\n|win|jongus donguss\n|raw|SuZo's rating: 1236 &rarr; <strong>1206<\/strong><br \/>(-30 for losing)\n|raw|jongus donguss's rating: 1172 &rarr; <strong>1202<\/strong><br \/>(+30 for winning)\n|l|\u2606jongus donguss\n|c|\u2606SuZo|gg\n","uploadtime":1698251839,"views":8,"p1id":"suzo","p2id":"jongusdonguss","formatid":"gen9nationaldexdoubles","rating":1202,"private":0,"password":""}