{"id":"gen9nationaldexdoubles-1959655552","p1":"oof oeufs","p2":"Clabeh","format":"[Gen 9] National Dex Doubles","log":"|j|\u2606oof oeufs\n|j|\u2606Clabeh\n|t:|1696444546\n|gametype|doubles\n|player|p1|oof oeufs|karen|\n|player|p2|Clabeh|101|\n|teamsize|p1|6\n|teamsize|p2|6\n|gen|9\n|tier|[Gen 9] National Dex Doubles\n|rule|HP Percentage Mod: HP is shown in percentages\n|rule|Endless Battle Clause: Forcing endless battles is banned\n|rule|OHKO Clause: OHKO moves are banned\n|rule|Evasion Moves Clause: Evasion moves are banned\n|rule|Evasion Abilities Clause: Evasion abilities are banned\n|rule|Species Clause: Limit one of each Pok\u00e9mon\n|rule|Gravity Sleep Clause: The combination of sleep-inducing moves with imperfect accuracy and Gravity or Gigantamax Orbeetle are banned\n|clearpoke\n|poke|p1|Blastoise, F|\n|poke|p1|Tentacruel, M|\n|poke|p1|Rillaboom, F|\n|poke|p1|Dragapult, F|\n|poke|p1|Hawlucha, F|\n|poke|p1|Volcarona, M|\n|poke|p2|Claydol|\n|poke|p2|Seismitoad, F|\n|poke|p2|Ninetales, M|\n|poke|p2|Tyranitar, F|\n|poke|p2|Venusaur, F|\n|poke|p2|Cinderace, F|\n|teampreview\n|\n|t:|1696444564\n|start\n|switch|p1a: Blastoise|Blastoise, F|100\/100\n|switch|p1b: Tentacruel|Tentacruel, M|100\/100\n|switch|p2a: Ninetales|Ninetales, M|100\/100\n|switch|p2b: Venusaur|Venusaur, F|100\/100\n|-weather|SunnyDay|[from] ability: Drought|[of] p2a: Ninetales\n|turn|1\n|\n|t:|1696444585\n|move|p2b: Venusaur|Protect|p2b: Venusaur\n|-singleturn|p2b: Venusaur|Protect\n|move|p1a: Blastoise|Fake Out|p2b: Venusaur\n|-activate|p2b: Venusaur|move: Protect\n|move|p1b: Tentacruel|Rain Dance|p1b: Tentacruel\n|-weather|RainDance\n|move|p2a: Ninetales|Solar Beam||[still]\n|-prepare|p2a: Ninetales|Solar Beam\n|\n|-weather|RainDance|[upkeep]\n|upkeep\n|turn|2\n|\n|t:|1696444624\n|switch|p2b: Seismitoad|Seismitoad, F|100\/100\n|move|p2a: Ninetales|Solar Beam|p1a: Blastoise|[from]lockedmove\n|-supereffective|p1a: Blastoise\n|-damage|p1a: Blastoise|72\/100\n|move|p1b: Tentacruel|Scald|p2a: Ninetales\n|-supereffective|p2a: Ninetales\n|-damage|p2a: Ninetales|17\/100\n|-enditem|p2a: Ninetales|Eject Button\n|\n|t:|1696444687\n|switch|p2a: Tyranitar|Tyranitar, F|100\/100\n|-weather|Sandstorm|[from] ability: Sand Stream|[of] p2a: Tyranitar\n|move|p1a: Blastoise|Water Spout|p2a: Tyranitar|[spread] p2a\n|-immune|p2b: Seismitoad|[from] ability: Water Absorb\n|-supereffective|p2a: Tyranitar\n|-damage|p2a: Tyranitar|75\/100\n|\n|-weather|Sandstorm|[upkeep]\n|-damage|p1b: Tentacruel|94\/100|[from] Sandstorm\n|-damage|p1a: Blastoise|66\/100|[from] Sandstorm\n|-heal|p1b: Tentacruel|100\/100|[from] item: Black Sludge\n|-heal|p1a: Blastoise|72\/100|[from] item: Leftovers\n|upkeep\n|turn|3\n|\n|t:|1696444745\n|switch|p2a: Claydol|Claydol|100\/100\n|move|p1b: Tentacruel|Scald|p2a: Claydol\n|-supereffective|p2a: Claydol\n|-damage|p2a: Claydol|61\/100\n|-status|p2a: Claydol|brn\n|move|p2b: Seismitoad|Earthquake|p1a: Blastoise|[spread] p1a,p1b\n|-immune|p2a: Claydol|[from] ability: Levitate\n|-supereffective|p1b: Tentacruel\n|-damage|p1a: Blastoise|45\/100\n|-damage|p1b: Tentacruel|3\/100\n|move|p1a: Blastoise|Flip Turn|p2a: Claydol\n|-supereffective|p2a: Claydol\n|-damage|p2a: Claydol|31\/100 brn\n|\n|t:|1696444761\n|switch|p1a: Rillaboom|Rillaboom, F|100\/100|[from] Flip Turn\n|-fieldstart|move: Grassy Terrain|[from] ability: Grassy Surge|[of] p1a: Rillaboom\n|\n|-weather|Sandstorm|[upkeep]\n|-damage|p1b: Tentacruel|0 fnt|[from] Sandstorm\n|-damage|p1a: Rillaboom|94\/100|[from] Sandstorm\n|faint|p1b: Tentacruel\n|-heal|p1a: Rillaboom|100\/100|[from] Grassy Terrain\n|-heal|p2a: Claydol|37\/100 brn|[from] item: Leftovers\n|-damage|p2a: Claydol|31\/100 brn|[from] brn\n|upkeep\n|\n|t:|1696444818\n|switch|p1b: Hawlucha|Hawlucha, F|100\/100\n|-enditem|p1b: Hawlucha|Grassy Seed\n|-boost|p1b: Hawlucha|def|1|[from] item: Grassy Seed\n|turn|4\n|\n|t:|1696444834\n|move|p1a: Rillaboom|Grassy Glide|p2a: Claydol\n|-supereffective|p2a: Claydol\n|-damage|p2a: Claydol|0 fnt\n|faint|p2a: Claydol\n|move|p1b: Hawlucha|Substitute|p1b: Hawlucha\n|-start|p1b: Hawlucha|Substitute\n|-damage|p1b: Hawlucha|76\/100\n|move|p2b: Seismitoad|Ice Punch|p1b: Hawlucha\n|-supereffective|p1b: Hawlucha\n|-end|p1b: Hawlucha|Substitute\n|\n|-weather|Sandstorm|[upkeep]\n|-damage|p1b: Hawlucha|70\/100|[from] Sandstorm\n|-damage|p1a: Rillaboom|94\/100|[from] Sandstorm\n|-heal|p1a: Rillaboom|100\/100|[from] Grassy Terrain\n|upkeep\n|\n|t:|1696444849\n|switch|p2a: Ninetales|Ninetales, M|17\/100\n|-weather|SunnyDay|[from] ability: Drought|[of] p2a: Ninetales\n|turn|5\n|\n|t:|1696444876\n|move|p1b: Hawlucha|Acrobatics|p2a: Ninetales\n|-damage|p2a: Ninetales|0 fnt\n|faint|p2a: Ninetales\n|move|p2b: Seismitoad|Ice Punch|p1b: Hawlucha\n|-supereffective|p1b: Hawlucha\n|-damage|p1b: Hawlucha|26\/100\n|move|p1a: Rillaboom|Wood Hammer|p2b: Seismitoad\n|-supereffective|p2b: Seismitoad\n|-damage|p2b: Seismitoad|0 fnt\n|faint|p2b: Seismitoad\n|-damage|p1a: Rillaboom|72\/100|[from] Recoil\n|\n|-weather|SunnyDay|[upkeep]\n|-heal|p1a: Rillaboom|78\/100|[from] Grassy Terrain\n|upkeep\n|\n|t:|1696444889\n|switch|p2a: Cinderace|Cinderace, F|100\/100\n|switch|p2b: Venusaur|Venusaur, F|100\/100\n|turn|6\n|\n|t:|1696444933\n|move|p1b: Hawlucha|Acrobatics|p2a: Cinderace\n|-damage|p2a: Cinderace|32\/100\n|move|p2b: Venusaur|Grass Pledge|p1a: Rillaboom\n|-waiting|p2b: Venusaur|p2a: Cinderace\n|move|p2a: Cinderace|Fire Pledge|p1a: Rillaboom|[from]move: Grass Pledge\n|-combine\n|-supereffective|p1a: Rillaboom\n|-damage|p1a: Rillaboom|0 fnt\n|-sidestart|p1: oof oeufs|Fire Pledge\n|faint|p1a: Rillaboom\n|\n|-weather|SunnyDay|[upkeep]\n|-damage|p1b: Hawlucha|14\/100|[from] Fire Pledge\n|-heal|p2a: Cinderace|38\/100|[from] Grassy Terrain\n|upkeep\n|\n|t:|1696444950\n|switch|p1a: Volcarona|Volcarona, M|100\/100\n|turn|7\n|\n|t:|1696445000\n|switch|p2a: Tyranitar|Tyranitar, F|75\/100\n|-weather|Sandstorm|[from] ability: Sand Stream|[of] p2a: Tyranitar\n|move|p2b: Venusaur|Protect|p2b: Venusaur\n|-singleturn|p2b: Venusaur|Protect\n|move|p1a: Volcarona|Rage Powder|p1a: Volcarona\n|-singleturn|p1a: Volcarona|move: Rage Powder\n|move|p1b: Hawlucha|Acrobatics|p2a: Tyranitar\n|-resisted|p2a: Tyranitar\n|-damage|p2a: Tyranitar|54\/100\n|\n|-weather|Sandstorm|[upkeep]\n|-damage|p1b: Hawlucha|8\/100|[from] Sandstorm\n|-damage|p1a: Volcarona|94\/100|[from] Sandstorm\n|-damage|p2b: Venusaur|95\/100|[from] Sandstorm\n|-damage|p1b: Hawlucha|0 fnt|[from] Fire Pledge\n|faint|p1b: Hawlucha\n|-heal|p1a: Volcarona|100\/100|[from] Grassy Terrain\n|-heal|p2b: Venusaur|100\/100|[from] Grassy Terrain\n|-heal|p2a: Tyranitar|61\/100|[from] Grassy Terrain\n|-fieldend|move: Grassy Terrain\n|upkeep\n|\n|t:|1696445039\n|switch|p1b: Dragapult|Dragapult, F|100\/100\n|turn|8\n|\n|t:|1696445056\n|switch|p2b: Cinderace|Cinderace, F|38\/100\n|move|p1a: Volcarona|Rage Powder|p1a: Volcarona\n|-singleturn|p1a: Volcarona|move: Rage Powder\n|move|p1b: Dragapult|Dragon Dance|p1b: Dragapult\n|-boost|p1b: Dragapult|atk|1\n|-boost|p1b: Dragapult|spe|1\n|move|p2a: Tyranitar|Rock Slide|p1a: Volcarona|[spread] p1a,p1b\n|-supereffective|p1a: Volcarona\n|-damage|p1a: Volcarona|0 fnt\n|-damage|p1b: Dragapult|64\/100\n|faint|p1a: Volcarona\n|\n|-weather|Sandstorm|[upkeep]\n|-damage|p1b: Dragapult|58\/100|[from] Sandstorm\n|-damage|p2b: Cinderace|32\/100|[from] Sandstorm\n|-damage|p1b: Dragapult|45\/100|[from] Fire Pledge\n|upkeep\n|\n|t:|1696445073\n|switch|p1a: Blastoise|Blastoise, F|45\/100\n|turn|9\n|\n|t:|1696445106\n|move|p1a: Blastoise|Fake Out|p2a: Tyranitar\n|-resisted|p2a: Tyranitar\n|-damage|p2a: Tyranitar|58\/100\n|move|p1b: Dragapult|Dragon Darts|p2b: Cinderace\n|-damage|p2b: Cinderace|0 fnt\n|-anim|p1b: Dragapult|Dragon Darts|p2a: Tyranitar\n|-damage|p2a: Tyranitar|24\/100\n|faint|p2b: Cinderace\n|cant|p2a: Tyranitar|flinch\n|\n|-weather|Sandstorm|[upkeep]\n|-damage|p1b: Dragapult|39\/100|[from] Sandstorm\n|-damage|p1a: Blastoise|39\/100|[from] Sandstorm\n|-damage|p1b: Dragapult|27\/100|[from] Fire Pledge\n|-damage|p1a: Blastoise|26\/100|[from] Fire Pledge\n|-heal|p1a: Blastoise|33\/100|[from] item: Leftovers\n|-sideend|p1: oof oeufs|Fire Pledge\n|upkeep\n|\n|t:|1696445119\n|switch|p2b: Venusaur|Venusaur, F|100\/100\n|turn|10\n|\n|t:|1696445140\n|move|p1b: Dragapult|Dragon Darts|p2a: Tyranitar\n|-damage|p2a: Tyranitar|0 fnt\n|-anim|p1b: Dragapult|Dragon Darts|p2b: Venusaur\n|-damage|p2b: Venusaur|43\/100\n|faint|p2a: Tyranitar\n|move|p2b: Venusaur|Earthquake|p1a: Blastoise|[spread] p1a,p1b\n|-damage|p1a: Blastoise|15\/100\n|-damage|p1b: Dragapult|0 fnt\n|faint|p1b: Dragapult\n|move|p1a: Blastoise|Water Spout|p2b: Venusaur\n|-resisted|p2b: Venusaur\n|-damage|p2b: Venusaur|39\/100\n|\n|-weather|Sandstorm|[upkeep]\n|-damage|p2b: Venusaur|33\/100|[from] Sandstorm\n|-damage|p1a: Blastoise|9\/100|[from] Sandstorm\n|-heal|p2b: Venusaur|39\/100|[from] item: Black Sludge\n|-heal|p1a: Blastoise|15\/100|[from] item: Leftovers\n|upkeep\n|turn|11\n|\n|t:|1696445179\n|move|p2b: Venusaur|Seed Bomb|p1a: Blastoise\n|-supereffective|p1a: Blastoise\n|-damage|p1a: Blastoise|0 fnt\n|faint|p1a: Blastoise\n|\n|win|Clabeh\n","uploadtime":1696445184,"views":42,"p1id":"oofoeufs","p2id":"clabeh","formatid":"gen9nationaldexdoubles","rating":0,"private":0,"password":""}