{"id":"gen9nationaldexdoubles-1971214190","p1":"snowgust","p2":"Drakhar_LoveSensei","format":"[Gen 9] National Dex Doubles","log":"|j|\u2606snowgust\n|j|\u2606Drakhar_LoveSensei\n|t:|1697720462\n|gametype|doubles\n|player|p1|snowgust|265|1076\n|player|p2|Drakhar_LoveSensei|idol|1060\n|teamsize|p1|6\n|teamsize|p2|6\n|gen|9\n|tier|[Gen 9] National Dex Doubles\n|rated|\n|rule|HP Percentage Mod: HP is shown in percentages\n|rule|Endless Battle Clause: Forcing endless battles is banned\n|rule|OHKO Clause: OHKO moves are banned\n|rule|Evasion Moves Clause: Evasion moves are banned\n|rule|Evasion Abilities Clause: Evasion abilities are banned\n|rule|Species Clause: Limit one of each Pok\u00e9mon\n|rule|Gravity Sleep Clause: The combination of sleep-inducing moves with imperfect accuracy and Gravity or Gigantamax Orbeetle are banned\n|clearpoke\n|poke|p1|Dunsparce, M|\n|poke|p1|Dudunsparce-*, F|\n|poke|p1|Roaring Moon|\n|poke|p1|Sableye, F|\n|poke|p1|Sneasler, F|\n|poke|p1|Dragonite, M|\n|poke|p2|Xatu, M|\n|poke|p2|Mew|\n|poke|p2|Mismagius, M|\n|poke|p2|Amoonguss, M|\n|poke|p2|Munkidori, M|\n|poke|p2|Okidogi, M|\n|teampreview\n|\n|t:|1697720468\n|start\n|switch|p1a: Dudunsparce|Dudunsparce, F|100\/100\n|switch|p1b: Sableye|Sableye, F, shiny|100\/100\n|switch|p2a: Xatu|Xatu, M, shiny|100\/100\n|switch|p2b: Mew|Mew, shiny|100\/100\n|turn|1\n|\n|t:|1697720481\n|move|p1b: Sableye|Gravity|p1b: Sableye\n|-fieldstart|move: Gravity\n|move|p1a: Dudunsparce|Rock Slide|p2a: Xatu|[spread] p2a,p2b\n|-supereffective|p2a: Xatu\n|-damage|p2a: Xatu|44\/100\n|-damage|p2b: Mew|85\/100\n|cant|p2b: Mew|flinch\n|cant|p2a: Xatu|flinch\n|\n|upkeep\n|turn|2\n|\n|t:|1697720493\n|move|p1b: Sableye|Thunder Wave|p2b: Mew\n|-status|p2b: Mew|par\n|-activate|p2b: Mew|ability: Synchronize\n|-status|p1b: Sableye|par\n|move|p1a: Dudunsparce|Rock Slide|p2a: Xatu|[spread] p2a,p2b\n|-supereffective|p2a: Xatu\n|-damage|p2a: Xatu|0 fnt\n|-damage|p2b: Mew|70\/100 par\n|faint|p2a: Xatu\n|cant|p2b: Mew|flinch\n|\n|upkeep\n|\n|t:|1697720502\n|switch|p2a: Munkidori|Munkidori, M|100\/100\n|turn|3\n|\n|t:|1697720508\n|switch|p2b: Amoonguss|Amoonguss, M, shiny|100\/100\n|move|p2a: Munkidori|Fake Out|p1a: Dudunsparce\n|-damage|p1a: Dudunsparce|94\/100\n|move|p1b: Sableye|Thunder Wave|p2a: Munkidori\n|-status|p2a: Munkidori|par\n|cant|p1a: Dudunsparce|flinch\n|\n|upkeep\n|turn|4\n|\n|t:|1697720520\n|move|p1b: Sableye|Thunder Wave|p2b: Amoonguss\n|-status|p2b: Amoonguss|par\n|move|p1a: Dudunsparce|Rock Slide|p2b: Amoonguss|[spread] p2a,p2b\n|-damage|p2a: Munkidori|76\/100 par\n|-damage|p2b: Amoonguss|87\/100 par\n|move|p2a: Munkidori|Calm Mind|p2a: Munkidori\n|-boost|p2a: Munkidori|spa|1\n|-boost|p2a: Munkidori|spd|1\n|move|p2b: Amoonguss|Spore|p1a: Dudunsparce\n|-status|p1a: Dudunsparce|slp|[from] move: Spore\n|\n|upkeep\n|turn|5\n|\n|t:|1697720536\n|move|p1b: Sableye|Confuse Ray|p2a: Munkidori\n|-start|p2a: Munkidori|confusion\n|cant|p1a: Dudunsparce|slp\n|-activate|p2a: Munkidori|confusion\n|move|p2a: Munkidori|Sludge Wave|p1a: Dudunsparce|[spread] p2b,p1a,p1b\n|-resisted|p1b: Sableye\n|-damage|p2b: Amoonguss|42\/100 par\n|-damage|p1a: Dudunsparce|36\/100 slp\n|-damage|p1b: Sableye|55\/100 par\n|cant|p2b: Amoonguss|par\n|\n|-heal|p1b: Sableye|61\/100 par|[from] item: Leftovers\n|-fieldend|move: Gravity\n|upkeep\n|turn|6\n|\n|t:|1697720550\n|move|p1b: Sableye|Gravity|p1b: Sableye\n|-fieldstart|move: Gravity\n|cant|p1a: Dudunsparce|slp\n|-activate|p2a: Munkidori|confusion\n|-damage|p2a: Munkidori|67\/100 par|[from] confusion\n|move|p2b: Amoonguss|Giga Drain|p1a: Dudunsparce\n|-damage|p1a: Dudunsparce|13\/100 slp\n|-heal|p2b: Amoonguss|53\/100 par|[from] drain|[of] p1a: Dudunsparce\n|\n|-heal|p1b: Sableye|67\/100 par|[from] item: Leftovers\n|upkeep\n|turn|7\n|\n|t:|1697720560\n|move|p1b: Sableye|Confuse Ray|p2b: Amoonguss\n|-start|p2b: Amoonguss|confusion\n|cant|p1a: Dudunsparce|slp\n|-activate|p2a: Munkidori|confusion\n|move|p2a: Munkidori|Shadow Ball|p1b: Sableye\n|-damage|p1b: Sableye|6\/100 par\n|-unboost|p1b: Sableye|spd|1\n|-activate|p2b: Amoonguss|confusion\n|-damage|p2b: Amoonguss|48\/100 par|[from] confusion\n|\n|-heal|p1b: Sableye|13\/100 par|[from] item: Leftovers\n|upkeep\n|turn|8\n|\n|t:|1697720577\n|-curestatus|p1a: Dudunsparce|slp|[msg]\n|move|p1a: Dudunsparce|Rock Slide|p2a: Munkidori|[spread] p2a,p2b\n|-damage|p2a: Munkidori|41\/100 par\n|-damage|p2b: Amoonguss|36\/100 par\n|-end|p2a: Munkidori|confusion\n|move|p2a: Munkidori|Shadow Ball|p1b: Sableye\n|-crit|p1b: Sableye\n|-damage|p1b: Sableye|0 fnt\n|faint|p1b: Sableye\n|-end|p2b: Amoonguss|confusion\n|move|p2b: Amoonguss|Defense Curl|p2b: Amoonguss\n|-boost|p2b: Amoonguss|def|1\n|\n|upkeep\n|\n|t:|1697720589\n|switch|p1b: Dunsparce|Dunsparce, M|100\/100\n|turn|9\n|\n|t:|1697720599\n|move|p1a: Dudunsparce|Rock Slide|p2a: Munkidori|[spread] p2a,p2b\n|-damage|p2a: Munkidori|18\/100 par\n|-damage|p2b: Amoonguss|28\/100 par\n|move|p1b: Dunsparce|Rock Slide|p2b: Amoonguss|[spread] p2a,p2b\n|-damage|p2a: Munkidori|0 fnt\n|-damage|p2b: Amoonguss|21\/100 par\n|faint|p2a: Munkidori\n|cant|p2b: Amoonguss|flinch\n|\n|upkeep\n|c|\u2606Drakhar_LoveSensei|augh\n|c|\u2606Drakhar_LoveSensei|nasty\n|\n|t:|1697720612\n|switch|p2a: Mismagius|Mismagius, M, shiny|100\/100\n|turn|10\n|\n|t:|1697720619\n|move|p1a: Dudunsparce|Rock Slide|p2a: Mismagius|[spread] p2a,p2b\n|-damage|p2a: Mismagius|68\/100\n|-damage|p2b: Amoonguss|12\/100 par\n|cant|p2a: Mismagius|flinch\n|move|p1b: Dunsparce|Rock Slide|p2a: Mismagius|[spread] p2a,p2b\n|-damage|p2a: Mismagius|41\/100\n|-damage|p2b: Amoonguss|5\/100 par\n|cant|p2b: Amoonguss|flinch\n|\n|-fieldend|move: Gravity\n|upkeep\n|turn|11\n|c|\u2606snowgust|yeah :3\n|\n|t:|1697720637\n|move|p1a: Dudunsparce|Rock Slide|p2b: Amoonguss|[spread] p2a,p2b\n|-crit|p2b: Amoonguss\n|-damage|p2a: Mismagius|11\/100\n|-damage|p2b: Amoonguss|0 fnt\n|faint|p2b: Amoonguss\n|move|p2a: Mismagius|Nasty Plot|p2a: Mismagius\n|-boost|p2a: Mismagius|spa|2\n|move|p1b: Dunsparce|Rock Slide|p2a: Mismagius\n|-crit|p2a: Mismagius\n|-damage|p2a: Mismagius|0 fnt\n|faint|p2a: Mismagius\n|\n|upkeep\n|\n|t:|1697720641\n|switch|p2a: Okidogi|Okidogi, M|100\/100\n|switch|p2b: Mew|Mew, shiny|70\/100 par\n|turn|12\n|\n|t:|1697720651\n|move|p1a: Dudunsparce|Rock Slide|p2a: Okidogi|[spread] p2a,p2b\n|-resisted|p2a: Okidogi\n|-damage|p2a: Okidogi|95\/100\n|-damage|p2b: Mew|52\/100 par\n|move|p1b: Dunsparce|Rock Slide|p2b: Mew|[spread] p2a,p2b\n|-resisted|p2a: Okidogi\n|-crit|p2a: Okidogi\n|-damage|p2a: Okidogi|87\/100\n|-damage|p2b: Mew|40\/100 par\n|cant|p2a: Okidogi|flinch\n|move|p2b: Mew|Dragon Dance|p2b: Mew\n|-boost|p2b: Mew|atk|1\n|-boost|p2b: Mew|spe|1\n|\n|upkeep\n|turn|13\n|\n|t:|1697720662\n|move|p1a: Dudunsparce|Rock Slide|p2b: Mew|[spread] p2a,p2b\n|-resisted|p2a: Okidogi\n|-crit|p2b: Mew\n|-damage|p2a: Okidogi|81\/100\n|-damage|p2b: Mew|13\/100 par\n|move|p1b: Dunsparce|Rock Slide|p2a: Okidogi|[spread] p2a,p2b\n|-resisted|p2a: Okidogi\n|-damage|p2a: Okidogi|77\/100\n|-damage|p2b: Mew|1\/100 par\n|cant|p2b: Mew|flinch\n|cant|p2a: Okidogi|flinch\n|\n|upkeep\n|turn|14\n|\n|t:|1697720674\n|move|p1a: Dudunsparce|Rock Slide|p2a: Okidogi|[spread] p2b\n|-miss|p1a: Dudunsparce|p2a: Okidogi\n|-damage|p2b: Mew|0 fnt\n|faint|p2b: Mew\n|move|p1b: Dunsparce|Rock Slide|p2a: Okidogi\n|-resisted|p2a: Okidogi\n|-damage|p2a: Okidogi|71\/100\n|cant|p2a: Okidogi|flinch\n|\n|upkeep\n|turn|15\n|\n|t:|1697720684\n|move|p1a: Dudunsparce|Rock Slide|p2a: Okidogi\n|-resisted|p2a: Okidogi\n|-damage|p2a: Okidogi|63\/100\n|move|p1b: Dunsparce|Rock Slide|p2a: Okidogi\n|-resisted|p2a: Okidogi\n|-damage|p2a: Okidogi|57\/100\n|cant|p2a: Okidogi|flinch\n|\n|upkeep\n|turn|16\n|\n|t:|1697720693\n|move|p1a: Dudunsparce|Rock Slide|p2a: Okidogi\n|-resisted|p2a: Okidogi\n|-damage|p2a: Okidogi|49\/100\n|move|p1b: Dunsparce|Rock Slide|p2a: Okidogi\n|-resisted|p2a: Okidogi\n|-damage|p2a: Okidogi|42\/100\n|cant|p2a: Okidogi|flinch\n|\n|upkeep\n|turn|17\n|\n|t:|1697720702\n|move|p1a: Dudunsparce|Rock Slide|p2a: Okidogi\n|-resisted|p2a: Okidogi\n|-damage|p2a: Okidogi|34\/100\n|move|p1b: Dunsparce|Rock Slide|p2a: Okidogi\n|-resisted|p2a: Okidogi\n|-damage|p2a: Okidogi|28\/100\n|cant|p2a: Okidogi|flinch\n|\n|upkeep\n|turn|18\n|-message|Drakhar_LoveSensei forfeited.\n|\n|win|snowgust\n|raw|snowgust's rating: 1076 &rarr; <strong>1103<\/strong><br \/>(+27 for winning)\n|raw|Drakhar_LoveSensei's rating: 1060 &rarr; <strong>1042<\/strong><br \/>(-18 for losing)\n|l|\u2606Drakhar_LoveSensei\n","uploadtime":1697720716,"views":8,"p1id":"snowgust","p2id":"drakharlovesensei","formatid":"gen9nationaldexdoubles","rating":1042,"private":0,"password":""}