{"id":"gen9nationaldexdoubles-1957397684","p1":"NixonGaming37","p2":"KingGodzila","format":"[Gen 9] National Dex Doubles","log":"|j|\u2606NixonGaming37\n|j|\u2606KingGodzila\n|t:|1696216233\n|gametype|doubles\n|player|p1|NixonGaming37|roughneck-gen4|1044\n|player|p2|KingGodzila|bugsy|1105\n|teamsize|p1|6\n|teamsize|p2|6\n|gen|9\n|tier|[Gen 9] National Dex Doubles\n|rated|\n|rule|HP Percentage Mod: HP is shown in percentages\n|rule|Endless Battle Clause: Forcing endless battles is banned\n|rule|OHKO Clause: OHKO moves are banned\n|rule|Evasion Moves Clause: Evasion moves are banned\n|rule|Evasion Abilities Clause: Evasion abilities are banned\n|rule|Species Clause: Limit one of each Pok\u00e9mon\n|rule|Gravity Sleep Clause: The combination of sleep-inducing moves with imperfect accuracy and Gravity or Gigantamax Orbeetle are banned\n|clearpoke\n|poke|p1|Togedemaru, M|\n|poke|p1|Leafeon, F|\n|poke|p1|Pelipper, F|\n|poke|p1|Banette, F|\n|poke|p1|Donphan, F|\n|poke|p1|Tyrantrum, F|\n|poke|p2|Vikavolt, M|\n|poke|p2|Lokix, M|\n|poke|p2|Golisopod, M|\n|poke|p2|Cresselia, F|\n|poke|p2|Escavalier, M|\n|poke|p2|Whirlipede, M|\n|teampreview\n|\n|t:|1696216254\n|start\n|switch|p1a: Donphan|Donphan, F|100\/100\n|switch|p1b: Togedemaru|Togedemaru, M|100\/100\n|switch|p2a: \u7f8e\u68a6\u8001\u5988|Cresselia, F|100\/100\n|switch|p2b: \u4e38\u5b50\u9f99|Whirlipede, M, shiny|100\/100\n|turn|1\n|\n|t:|1696216290\n|move|p1b: Togedemaru|Zen Headbutt|p2b: \u4e38\u5b50\u9f99\n|-supereffective|p2b: \u4e38\u5b50\u9f99\n|-crit|p2b: \u4e38\u5b50\u9f99\n|-damage|p2b: \u4e38\u5b50\u9f99|39\/100\n|move|p2a: \u7f8e\u68a6\u8001\u5988|Dazzling Gleam|p1b: Togedemaru|[spread] p1a,p1b\n|-resisted|p1b: Togedemaru\n|-damage|p1a: Donphan|86\/100\n|-damage|p1b: Togedemaru|92\/100\n|move|p1a: Donphan|Stealth Rock|p2b: \u4e38\u5b50\u9f99\n|-sidestart|p2: KingGodzila|move: Stealth Rock\n|move|p2b: \u4e38\u5b50\u9f99|Substitute|p2b: \u4e38\u5b50\u9f99\n|-start|p2b: \u4e38\u5b50\u9f99|Substitute\n|-damage|p2b: \u4e38\u5b50\u9f99|14\/100\n|\n|upkeep\n|turn|2\n|inactive|Battle timer is ON: inactive players will automatically lose when time's up. (requested by NixonGaming37)\n|\n|t:|1696216356\n|move|p1a: Donphan|Ice Shard|p2b: \u4e38\u5b50\u9f99\n|-activate|p2b: \u4e38\u5b50\u9f99|move: Substitute|[damage]\n|move|p1b: Togedemaru|Zing Zap|p2a: \u7f8e\u68a6\u8001\u5988\n|-damage|p2a: \u7f8e\u68a6\u8001\u5988|80\/100\n|move|p2a: \u7f8e\u68a6\u8001\u5988|Toxic|p1b: Togedemaru\n|-immune|p1b: Togedemaru\n|move|p2b: \u4e38\u5b50\u9f99|Toxic Spikes|p1b: Togedemaru\n|-sidestart|p1: NixonGaming37|move: Toxic Spikes\n|\n|-heal|p2a: \u7f8e\u68a6\u8001\u5988|86\/100|[from] item: Leftovers\n|upkeep\n|turn|3\n|\n|t:|1696216383\n|switch|p2b: \u80fd\u8fdb\u80fd\u9000\u65b9\u6b66\u8005|Golisopod, M, shiny|100\/100\n|-damage|p2b: \u80fd\u8fdb\u80fd\u9000\u65b9\u6b66\u8005|76\/100|[from] Stealth Rock\n|move|p1a: Donphan|Ice Shard|p2b: \u80fd\u8fdb\u80fd\u9000\u65b9\u6b66\u8005\n|-resisted|p2b: \u80fd\u8fdb\u80fd\u9000\u65b9\u6b66\u8005\n|-damage|p2b: \u80fd\u8fdb\u80fd\u9000\u65b9\u6b66\u8005|70\/100\n|move|p1b: Togedemaru|Zen Headbutt|p2b: \u80fd\u8fdb\u80fd\u9000\u65b9\u6b66\u8005\n|-damage|p2b: \u80fd\u8fdb\u80fd\u9000\u65b9\u6b66\u8005|53\/100\n|move|p2a: \u7f8e\u68a6\u8001\u5988|Trick Room|p2a: \u7f8e\u68a6\u8001\u5988\n|-fieldstart|move: Trick Room|[of] p2a: \u7f8e\u68a6\u8001\u5988\n|\n|-heal|p2a: \u7f8e\u68a6\u8001\u5988|92\/100|[from] item: Leftovers\n|upkeep\n|turn|4\n|inactive|NixonGaming37 has 120 seconds left.\n|\n|t:|1696216427\n|switch|p2a: \u7535\u5149\u8f68\u9053\u70ae|Vikavolt, M|100\/100\n|-damage|p2a: \u7535\u5149\u8f68\u9053\u70ae|76\/100|[from] Stealth Rock\n|move|p1a: Donphan|Ice Shard|p2b: \u80fd\u8fdb\u80fd\u9000\u65b9\u6b66\u8005\n|-resisted|p2b: \u80fd\u8fdb\u80fd\u9000\u65b9\u6b66\u8005\n|-damage|p2b: \u80fd\u8fdb\u80fd\u9000\u65b9\u6b66\u8005|48\/100\n|-activate|p2b: \u80fd\u8fdb\u80fd\u9000\u65b9\u6b66\u8005|ability: Emergency Exit\n|inactive|KingGodzila has 120 seconds left.\n|\n|t:|1696216454\n|switch|p2b: \u70c8\u817f\u8757\u4fa0|Lokix, M|100\/100\n|-damage|p2b: \u70c8\u817f\u8757\u4fa0|76\/100|[from] Stealth Rock\n|move|p1b: Togedemaru|Iron Head|p2a: \u7535\u5149\u8f68\u9053\u70ae\n|-resisted|p2a: \u7535\u5149\u8f68\u9053\u70ae\n|-damage|p2a: \u7535\u5149\u8f68\u9053\u70ae|55\/100\n|\n|upkeep\n|turn|5\n|inactive|KingGodzila has 120 seconds left.\n|inactive|NixonGaming37 has 120 seconds left.\n|\n|t:|1696216486\n|move|p1a: Donphan|Ice Shard|p2a: \u7535\u5149\u8f68\u9053\u70ae\n|-damage|p2a: \u7535\u5149\u8f68\u9053\u70ae|39\/100\n|move|p2a: \u7535\u5149\u8f68\u9053\u70ae|Energy Ball|p1a: Donphan\n|-supereffective|p1a: Donphan\n|-damage|p1a: Donphan|0 fnt\n|faint|p1a: Donphan\n|-damage|p2a: \u7535\u5149\u8f68\u9053\u70ae|29\/100|[from] item: Life Orb\n|move|p2b: \u70c8\u817f\u8757\u4fa0|Axe Kick|p1b: Togedemaru\n|-supereffective|p1b: Togedemaru\n|-damage|p1b: Togedemaru|0 fnt\n|faint|p1b: Togedemaru\n|-damage|p2b: \u70c8\u817f\u8757\u4fa0|66\/100|[from] item: Life Orb\n|\n|upkeep\n|\n|t:|1696216503\n|switch|p1a: Tyrantrum|Tyrantrum, F|100\/100\n|switch|p1b: Pelipper|Pelipper, F|100\/100\n|-weather|RainDance|[from] ability: Drizzle|[of] p1b: Pelipper\n|-status|p1a: Tyrantrum|psn\n|turn|6\n|inactive|NixonGaming37 has 120 seconds left.\n|\n|t:|1696216515\n|switch|p2b: \u7f8e\u68a6\u8001\u5988|Cresselia, F|92\/100\n|-damage|p2b: \u7f8e\u68a6\u8001\u5988|79\/100|[from] Stealth Rock\n|move|p2a: \u7535\u5149\u8f68\u9053\u70ae|Discharge|p1b: Pelipper|[spread] p2b,p1a,p1b\n|-resisted|p1a: Tyrantrum\n|-supereffective|p1b: Pelipper\n|-enditem|p1b: Pelipper|Wacan Berry|[eat]\n|-enditem|p1b: Pelipper|Wacan Berry|[weaken]\n|-damage|p2b: \u7f8e\u68a6\u8001\u5988|46\/100\n|-damage|p1a: Tyrantrum|56\/100 psn\n|-damage|p1b: Pelipper|0 fnt\n|faint|p1b: Pelipper\n|-damage|p2a: \u7535\u5149\u8f68\u9053\u70ae|19\/100|[from] item: Life Orb\n|move|p1a: Tyrantrum|Head Smash|p2b: \u7f8e\u68a6\u8001\u5988\n|-damage|p2b: \u7f8e\u68a6\u8001\u5988|10\/100\n|\n|-weather|RainDance|[upkeep]\n|-heal|p2b: \u7f8e\u68a6\u8001\u5988|16\/100|[from] item: Leftovers\n|-damage|p1a: Tyrantrum|43\/100 psn|[from] psn\n|upkeep\n|\n|t:|1696216538\n|switch|p1b: Banette|Banette, F|100\/100\n|-status|p1b: Banette|psn\n|turn|7\n|inactive|NixonGaming37 has 120 seconds left.\n|\n|t:|1696216556\n|detailschange|p1b: Banette|Banette-Mega, F\n|-mega|p1b: Banette|Banette|Banettite\n|move|p1b: Banette|Shadow Sneak|p2b: \u7f8e\u68a6\u8001\u5988\n|-supereffective|p2b: \u7f8e\u68a6\u8001\u5988\n|-damage|p2b: \u7f8e\u68a6\u8001\u5988|0 fnt\n|faint|p2b: \u7f8e\u68a6\u8001\u5988\n|move|p2a: \u7535\u5149\u8f68\u9053\u70ae|Discharge|p1b: Banette|[spread] p1a,p1b\n|-resisted|p1a: Tyrantrum\n|-damage|p1a: Tyrantrum|0 fnt\n|-damage|p1b: Banette|46\/100 psn\n|faint|p1a: Tyrantrum\n|-damage|p2a: \u7535\u5149\u8f68\u9053\u70ae|9\/100|[from] item: Life Orb\n|\n|-weather|RainDance|[upkeep]\n|-damage|p1b: Banette|34\/100 psn|[from] psn\n|-fieldend|move: Trick Room\n|upkeep\n|-message|NixonGaming37 forfeited.\n|\n|win|KingGodzila\n|raw|NixonGaming37's rating: 1044 &rarr; <strong>1030<\/strong><br \/>(-14 for losing)\n|raw|KingGodzila's rating: 1105 &rarr; <strong>1126<\/strong><br \/>(+21 for winning)\n|l|\u2606NixonGaming37\n","uploadtime":1696216647,"views":5,"p1id":"nixongaming37","p2id":"kinggodzila","formatid":"gen9nationaldexdoubles","rating":1030,"private":0,"password":""}