{"id":"gen9nationaldexdoubles-1984741163","p1":"lxvliiz","p2":"Tayshaun84","format":"[Gen 9] National Dex Doubles","log":"|j|\u2606lxvliiz\n|j|\u2606Tayshaun84\n|t:|1699295239\n|gametype|doubles\n|player|p1|lxvliiz|guitarist|1072\n|player|p2|Tayshaun84|ash-sinnoh|1061\n|teamsize|p1|6\n|teamsize|p2|6\n|gen|9\n|tier|[Gen 9] National Dex Doubles\n|rated|\n|rule|HP Percentage Mod: HP is shown in percentages\n|rule|Endless Battle Clause: Forcing endless battles is banned\n|rule|OHKO Clause: OHKO moves are banned\n|rule|Evasion Moves Clause: Evasion moves are banned\n|rule|Evasion Abilities Clause: Evasion abilities are banned\n|rule|Species Clause: Limit one of each Pok\u00e9mon\n|rule|Gravity Sleep Clause: The combination of sleep-inducing moves with imperfect accuracy and Gravity or Gigantamax Orbeetle are banned\n|clearpoke\n|poke|p1|Jirachi|\n|poke|p1|Volcarona, F|\n|poke|p1|Eevee, F|\n|poke|p1|Clefable, M|\n|poke|p1|Togekiss, F|\n|poke|p1|Marshadow|\n|poke|p2|Coalossal, F|\n|poke|p2|Wimpod, M|\n|poke|p2|Iron Hands|\n|poke|p2|Rillaboom, M|\n|poke|p2|Walking Wake|\n|poke|p2|Oranguru, F|\n|teampreview\n|\n|t:|1699295245\n|start\n|switch|p1a: Volcarona|Volcarona, F|100\/100\n|switch|p1b: Eevee|Eevee, F|100\/100\n|switch|p2a: Coalossal|Coalossal, F|100\/100\n|switch|p2b: Wimpod|Wimpod, M|100\/100\n|turn|1\n|\n|t:|1699295275\n|-terastallize|p2a: Coalossal|Fire\n|move|p1a: Volcarona|Rage Powder|p1a: Volcarona\n|-singleturn|p1a: Volcarona|move: Rage Powder\n|move|p2b: Wimpod|Aqua Jet|p1a: Volcarona\n|-supereffective|p1a: Volcarona\n|-damage|p1a: Volcarona|89\/100\n|-zpower|p1b: Eevee\n|move|p1b: Eevee|Extreme Evoboost|p1b: Eevee\n|-boost|p1b: Eevee|atk|2\n|-boost|p1b: Eevee|def|2\n|-boost|p1b: Eevee|spa|2\n|-boost|p1b: Eevee|spd|2\n|-boost|p1b: Eevee|spe|2\n|move|p2a: Coalossal|Earth Power|p1a: Volcarona\n|-damage|p1a: Volcarona|74\/100\n|\n|upkeep\n|turn|2\n|\n|t:|1699295289\n|move|p1a: Volcarona|Rage Powder|p1a: Volcarona\n|-singleturn|p1a: Volcarona|move: Rage Powder\n|move|p2b: Wimpod|Aqua Jet|p1a: Volcarona\n|-supereffective|p1a: Volcarona\n|-damage|p1a: Volcarona|65\/100\n|-status|p2b: Wimpod|brn|[from] ability: Flame Body|[of] p1a: Volcarona\n|move|p1b: Eevee|Baton Pass|p1b: Eevee\n|\n|t:|1699295296\n|switch|p1b: Marshadow|Marshadow|100\/100|[from] Baton Pass\n|move|p2a: Coalossal|Heat Wave|p1a: Volcarona|[spread] p1a,p1b\n|-damage|p1a: Volcarona|43\/100\n|-damage|p1b: Marshadow|80\/100\n|\n|-damage|p2b: Wimpod|95\/100 brn|[from] brn\n|upkeep\n|turn|3\n|\n|t:|1699295307\n|move|p1a: Volcarona|Rage Powder|p1a: Volcarona\n|-singleturn|p1a: Volcarona|move: Rage Powder\n|move|p2b: Wimpod|Aqua Jet|p1a: Volcarona\n|-supereffective|p1a: Volcarona\n|-damage|p1a: Volcarona|38\/100\n|move|p1b: Marshadow|Drain Punch|p2a: Coalossal\n|-damage|p2a: Coalossal|51\/100\n|-heal|p1b: Marshadow|100\/100|[from] drain|[of] p2a: Coalossal\n|move|p2a: Coalossal|Heat Wave|p1b: Marshadow|[spread] p1a,p1b\n|-damage|p1a: Volcarona|13\/100\n|-damage|p1b: Marshadow|81\/100\n|-enditem|p1a: Volcarona|Wiki Berry|[eat]\n|-heal|p1a: Volcarona|46\/100|[from] item: Wiki Berry\n|-start|p1a: Volcarona|confusion\n|\n|-damage|p2b: Wimpod|89\/100 brn|[from] brn\n|upkeep\n|turn|4\n|\n|t:|1699295316\n|-activate|p1a: Volcarona|confusion\n|move|p1a: Volcarona|Rage Powder|p1a: Volcarona\n|-singleturn|p1a: Volcarona|move: Rage Powder\n|move|p2b: Wimpod|Aqua Jet|p1a: Volcarona\n|-supereffective|p1a: Volcarona\n|-damage|p1a: Volcarona|41\/100\n|move|p1b: Marshadow|Drain Punch|p2a: Coalossal\n|-damage|p2a: Coalossal|2\/100\n|-heal|p1b: Marshadow|100\/100|[from] drain|[of] p2a: Coalossal\n|move|p2a: Coalossal|Heat Wave|p1a: Volcarona|[spread] p1a,p1b\n|-damage|p1a: Volcarona|16\/100\n|-damage|p1b: Marshadow|79\/100\n|\n|-damage|p2b: Wimpod|83\/100 brn|[from] brn\n|upkeep\n|turn|5\n|\n|t:|1699295330\n|-end|p1a: Volcarona|confusion\n|move|p1a: Volcarona|Rage Powder|p1a: Volcarona\n|-singleturn|p1a: Volcarona|move: Rage Powder\n|move|p2b: Wimpod|Aqua Jet|p1a: Volcarona\n|-supereffective|p1a: Volcarona\n|-damage|p1a: Volcarona|11\/100\n|move|p1b: Marshadow|Drain Punch|p2a: Coalossal\n|-damage|p2a: Coalossal|0 fnt\n|-heal|p1b: Marshadow|80\/100|[from] drain|[of] p2a: Coalossal\n|faint|p2a: Coalossal\n|\n|-damage|p2b: Wimpod|77\/100 brn|[from] brn\n|upkeep\n|-message|Tayshaun84 forfeited.\n|\n|win|lxvliiz\n|raw|lxvliiz's rating: 1072 &rarr; <strong>1100<\/strong><br \/>(+28 for winning)\n|raw|Tayshaun84's rating: 1061 &rarr; <strong>1042<\/strong><br \/>(-19 for losing)\n|l|\u2606Tayshaun84\n","uploadtime":1699295346,"views":6,"p1id":"lxvliiz","p2id":"tayshaun84","formatid":"gen9nationaldexdoubles","rating":1042,"private":0,"password":""}