{"id":"gen9nationaldexdoubles-1992278223","p1":"soefire","p2":"Andres624342","format":"[Gen 9] National Dex Doubles","log":"|j|\u2606soefire\n|j|\u2606Andres624342\n|t:|1700170255\n|gametype|doubles\n|player|p1|soefire|nate|1000\n|player|p2|Andres624342|170|1024\n|teamsize|p1|6\n|teamsize|p2|6\n|gen|9\n|tier|[Gen 9] National Dex Doubles\n|rated|\n|rule|HP Percentage Mod: HP is shown in percentages\n|rule|Endless Battle Clause: Forcing endless battles is banned\n|rule|OHKO Clause: OHKO moves are banned\n|rule|Evasion Moves Clause: Evasion moves are banned\n|rule|Evasion Abilities Clause: Evasion abilities are banned\n|rule|Species Clause: Limit one of each Pok\u00e9mon\n|rule|Gravity Sleep Clause: The combination of sleep-inducing moves with imperfect accuracy and Gravity or Gigantamax Orbeetle are banned\n|clearpoke\n|poke|p1|Passimian, M|\n|poke|p1|Sableye, M|\n|poke|p1|Toxicroak, F|\n|poke|p1|Baxcalibur, M|\n|poke|p1|Avalugg-Hisui, M|\n|poke|p1|Quaquaval, M|\n|poke|p2|Drapion, F|\n|poke|p2|Noctowl, M|\n|poke|p2|Vaporeon, M|\n|poke|p2|Audino, M|\n|poke|p2|Vespiquen, F|\n|poke|p2|Indeedee-F, F|\n|teampreview\n|c|\u2606soefire|glhf\n|\n|t:|1700170265\n|start\n|switch|p1a: Stegosaurous|Baxcalibur, M, shiny|100\/100\n|switch|p1b: Gru|Passimian, M, shiny|100\/100\n|switch|p2a: Vaporeon|Vaporeon, M|100\/100\n|switch|p2b: Audino|Audino, M|100\/100\n|turn|1\n|\n|t:|1700170290\n|switch|p2a: Indeedee|Indeedee-F, F|100\/100\n|detailschange|p2b: Audino|Audino-Mega, M\n|-mega|p2b: Audino|Audino|Audinite\n|move|p1b: Gru|Bulk Up|p1b: Gru\n|-boost|p1b: Gru|atk|1\n|-boost|p1b: Gru|def|1\n|move|p1a: Stegosaurous|Thunder Fang|p2a: Indeedee\n|-damage|p2a: Indeedee|66\/100\n|-enditem|p2a: Indeedee|Kee Berry|[eat]\n|-boost|p2a: Indeedee|def|1|[from] item: Kee Berry\n|move|p2b: Audino|Light Screen|p2b: Audino\n|-sidestart|p2: Andres624342|move: Light Screen\n|\n|upkeep\n|turn|2\n|\n|t:|1700170316\n|move|p1b: Gru|Brick Break|p2b: Audino\n|-sideend|p2: Andres624342|move: Light Screen\n|-damage|p2b: Audino|65\/100\n|move|p2a: Indeedee|Psychic|p1b: Gru\n|-supereffective|p1b: Gru\n|-damage|p1b: Gru|26\/100\n|move|p2b: Audino|Dazzling Gleam|p1b: Gru|[spread] p1a,p1b\n|-supereffective|p1a: Stegosaurous\n|-supereffective|p1b: Gru\n|-damage|p1a: Stegosaurous|71\/100\n|-damage|p1b: Gru|0 fnt\n|faint|p1b: Gru\n|move|p1a: Stegosaurous|Dragon Tail|p2b: Audino\n|-immune|p2b: Audino\n|\n|upkeep\n|\n|t:|1700170335\n|switch|p1b: Donald Fury|Quaquaval, M|100\/100\n|turn|3\n|\n|t:|1700170370\n|move|p1b: Donald Fury|Aqua Cutter|p2b: Audino\n|-damage|p2b: Audino|45\/100\n|move|p1a: Stegosaurous|Draco Meteor|p2a: Indeedee\n|-damage|p2a: Indeedee|40\/100\n|-unboost|p1a: Stegosaurous|spa|2\n|move|p2b: Audino|Dazzling Gleam|p1a: Stegosaurous|[spread] p1a,p1b\n|-supereffective|p1a: Stegosaurous\n|-supereffective|p1b: Donald Fury\n|-damage|p1a: Stegosaurous|42\/100\n|-damage|p1b: Donald Fury|56\/100\n|move|p2a: Indeedee|Trick Room|p2a: Indeedee\n|-fieldstart|move: Trick Room|[of] p2a: Indeedee\n|\n|upkeep\n|turn|4\n|\n|t:|1700170387\n|move|p2b: Audino|Reflect|p2b: Audino\n|-sidestart|p2: Andres624342|Reflect\n|move|p2a: Indeedee|Psychic|p1b: Donald Fury\n|-supereffective|p1b: Donald Fury\n|-damage|p1b: Donald Fury|0 fnt\n|faint|p1b: Donald Fury\n|move|p1a: Stegosaurous|Earthquake|p2a: Indeedee|[spread] p2a,p2b\n|-damage|p2a: Indeedee|26\/100\n|-damage|p2b: Audino|35\/100\n|\n|upkeep\n|\n|t:|1700170395\n|switch|p1b: Josh|Avalugg-Hisui, M, shiny|100\/100\n|turn|5\n|\n|t:|1700170419\n|move|p1b: Josh|Flash Cannon|p2b: Audino\n|-supereffective|p2b: Audino\n|-damage|p2b: Audino|19\/100\n|move|p2b: Audino|Heal Pulse|p2a: Indeedee\n|-heal|p2a: Indeedee|76\/100\n|move|p2a: Indeedee|Shadow Ball|p1b: Josh\n|-damage|p1b: Josh|68\/100\n|move|p1a: Stegosaurous|Thunder Fang|p2b: Audino\n|-damage|p2b: Audino|9\/100\n|\n|upkeep\n|turn|6\n|\n|t:|1700170455\n|move|p1b: Josh|Flash Cannon|p2a: Indeedee\n|-damage|p2a: Indeedee|65\/100\n|move|p2b: Audino|Dazzling Gleam|p1b: Josh|[spread] p1a,p1b\n|-supereffective|p1a: Stegosaurous\n|-damage|p1a: Stegosaurous|13\/100\n|-damage|p1b: Josh|39\/100\n|move|p2a: Indeedee|Psychic|p1a: Stegosaurous\n|-damage|p1a: Stegosaurous|0 fnt\n|faint|p1a: Stegosaurous\n|\n|upkeep\n|\n|t:|1700170465\n|switch|p1a: Tx2|Sableye, M, shiny|100\/100\n|turn|7\n|\n|t:|1700170479\n|move|p1a: Tx2|Recover||[still]\n|-fail|p1a: Tx2|heal\n|move|p1b: Josh|Flash Cannon|p2b: Audino\n|-supereffective|p2b: Audino\n|-damage|p2b: Audino|0 fnt\n|faint|p2b: Audino\n|move|p2a: Indeedee|Shadow Ball|p1b: Josh\n|-damage|p1b: Josh|11\/100\n|-enditem|p1b: Josh|Iapapa Berry|[eat]\n|-heal|p1b: Josh|44\/100|[from] item: Iapapa Berry\n|\n|-fieldend|move: Trick Room\n|upkeep\n|\n|t:|1700170493\n|switch|p2b: Vespiquen|Vespiquen, F|100\/100\n|-ability|p2b: Vespiquen|Pressure\n|turn|8\n|\n|t:|1700170517\n|move|p2a: Indeedee|Follow Me|p2a: Indeedee\n|-singleturn|p2a: Indeedee|move: Follow Me\n|move|p1a: Tx2|Dark Pulse|p2a: Indeedee\n|-supereffective|p2a: Indeedee\n|-damage|p2a: Indeedee|26\/100\n|move|p2b: Vespiquen|Attack Order|p1a: Tx2\n|-damage|p1a: Tx2|34\/100\n|move|p1b: Josh|Blizzard|p2b: Vespiquen|[spread] p2a\n|-miss|p1b: Josh|p2b: Vespiquen\n|-damage|p2a: Indeedee|11\/100\n|\n|-sideend|p2: Andres624342|Reflect\n|upkeep\n|turn|9\n|\n|t:|1700170536\n|move|p1a: Tx2|Dark Pulse|p2a: Indeedee\n|-supereffective|p2a: Indeedee\n|-damage|p2a: Indeedee|0 fnt\n|faint|p2a: Indeedee\n|move|p2b: Vespiquen|Fell Stinger|p1a: Tx2\n|-damage|p1a: Tx2|0 fnt\n|faint|p1a: Tx2\n|-boost|p2b: Vespiquen|atk|3\n|move|p1b: Josh|Blizzard|p2b: Vespiquen|[miss]\n|-miss|p1b: Josh|p2b: Vespiquen\n|\n|upkeep\n|\n|t:|1700170549\n|switch|p1a: Richelle|Toxicroak, F, shiny|100\/100\n|switch|p2a: Noctowl|Noctowl, M, shiny|100\/100\n|turn|10\n|\n|t:|1700170577\n|move|p1a: Richelle|Rock Slide|p2b: Vespiquen|[spread] p2a,p2b\n|-supereffective|p2a: Noctowl\n|-supereffective|p2b: Vespiquen\n|-damage|p2a: Noctowl|30\/100\n|-damage|p2b: Vespiquen|30\/100\n|move|p2a: Noctowl|Hypnosis|p1b: Josh\n|-status|p1b: Josh|slp|[from] move: Hypnosis\n|move|p2b: Vespiquen|Fell Stinger|p1b: Josh\n|-damage|p1b: Josh|21\/100 slp\n|cant|p1b: Josh|slp\n|\n|-heal|p2a: Noctowl|37\/100|[from] item: Leftovers\n|-heal|p2b: Vespiquen|36\/100|[from] item: Leftovers\n|upkeep\n|turn|11\n|\n|t:|1700170599\n|move|p1a: Richelle|Rock Slide|p2a: Noctowl|[spread] p2a,p2b\n|-supereffective|p2a: Noctowl\n|-supereffective|p2b: Vespiquen\n|-damage|p2a: Noctowl|0 fnt\n|-damage|p2b: Vespiquen|0 fnt\n|faint|p2a: Noctowl\n|faint|p2b: Vespiquen\n|cant|p1b: Josh|slp\n|\n|upkeep\n|\n|t:|1700170607\n|switch|p2a: Drapion|Drapion, F|100\/100\n|switch|p2b: Vaporeon|Vaporeon, M|100\/100\n|turn|12\n|\n|t:|1700170622\n|move|p2a: Drapion|Knock Off|p1a: Richelle\n|-resisted|p1a: Richelle\n|-damage|p1a: Richelle|73\/100\n|-enditem|p1a: Richelle|Expert Belt|[from] move: Knock Off|[of] p2a: Drapion\n|move|p1a: Richelle|Low Kick|p2a: Drapion\n|-damage|p2a: Drapion|65\/100\n|move|p2b: Vaporeon|Muddy Water|p1a: Richelle|[spread] p1a\n|-miss|p2b: Vaporeon|p1b: Josh\n|-damage|p1a: Richelle|36\/100\n|cant|p1b: Josh|slp\n|\n|upkeep\n|turn|13\n|\n|t:|1700170642\n|move|p2b: Vaporeon|Protect|p2b: Vaporeon\n|-singleturn|p2b: Vaporeon|Protect\n|move|p2a: Drapion|Aqua Tail|p1b: Josh|[miss]\n|-miss|p2a: Drapion|p1b: Josh\n|move|p1a: Richelle|Rock Slide|p2a: Drapion|[spread] p2a\n|-activate|p2b: Vaporeon|move: Protect\n|-damage|p2a: Drapion|49\/100\n|-curestatus|p1b: Josh|slp|[msg]\n|move|p1b: Josh|Blizzard|p2b: Vaporeon|[spread] \n|-activate|p2b: Vaporeon|move: Protect\n|-miss|p1b: Josh|p2a: Drapion\n|\n|upkeep\n|turn|14\n|\n|t:|1700170662\n|move|p2a: Drapion|Aqua Tail|p1b: Josh\n|-supereffective|p1b: Josh\n|-damage|p1b: Josh|0 fnt\n|faint|p1b: Josh\n|move|p1a: Richelle|Rock Slide|p2b: Vaporeon|[spread] p2a\n|-miss|p1a: Richelle|p2b: Vaporeon\n|-damage|p2a: Drapion|32\/100\n|move|p2b: Vaporeon|Muddy Water|p1a: Richelle\n|-damage|p1a: Richelle|0 fnt\n|faint|p1a: Richelle\n|\n|win|Andres624342\n|raw|soefire's rating: 1000 &rarr; <strong>1000<\/strong><br \/>(+0 for losing)\n|raw|Andres624342's rating: 1024 &rarr; <strong>1058<\/strong><br \/>(+34 for winning)\n","uploadtime":1700170664,"views":5,"p1id":"soefire","p2id":"andres624342","formatid":"gen9nationaldexdoubles","rating":1000,"private":0,"password":""}