{"id":"gen9nationaldexdoubles-1962004609","p1":"AerixThorn","p2":"Kinglid","format":"[Gen 9] National Dex Doubles","log":"|j|\u2606AerixThorn\n|j|\u2606Kinglid\n|t:|1696697674\n|gametype|doubles\n|player|p1|AerixThorn|volkner|1111\n|player|p2|Kinglid|dancer|1115\n|teamsize|p1|6\n|teamsize|p2|6\n|gen|9\n|tier|[Gen 9] National Dex Doubles\n|rated|\n|rule|HP Percentage Mod: HP is shown in percentages\n|rule|Endless Battle Clause: Forcing endless battles is banned\n|rule|OHKO Clause: OHKO moves are banned\n|rule|Evasion Moves Clause: Evasion moves are banned\n|rule|Evasion Abilities Clause: Evasion abilities are banned\n|rule|Species Clause: Limit one of each Pok\u00e9mon\n|rule|Gravity Sleep Clause: The combination of sleep-inducing moves with imperfect accuracy and Gravity or Gigantamax Orbeetle are banned\n|clearpoke\n|poke|p1|Clefable, F|\n|poke|p1|Dragapult, F|\n|poke|p1|Ninetales-Alola, M|\n|poke|p1|Chandelure, F|\n|poke|p1|Indeedee-F, F|\n|poke|p1|Hawlucha, M|\n|poke|p2|Overqwil, M|\n|poke|p2|Pelipper, M|\n|poke|p2|Skeledirge, M|\n|poke|p2|Electrode-Hisui|\n|poke|p2|Ursaluna, M|\n|poke|p2|Lokix, F|\n|teampreview\n|inactive|Battle timer is ON: inactive players will automatically lose when time's up. (requested by AerixThorn)\n|\n|t:|1696697699\n|start\n|switch|p1a: Indeedee|Indeedee-F, F|100\/100\n|switch|p1b: Rey Mysterio|Hawlucha, M, shiny|100\/100\n|switch|p2a: Pelipper|Pelipper, M|100\/100\n|switch|p2b: Overqwil|Overqwil, M|100\/100\n|-fieldstart|move: Psychic Terrain|[from] ability: Psychic Surge|[of] p1a: Indeedee\n|-enditem|p1b: Rey Mysterio|Psychic Seed\n|-boost|p1b: Rey Mysterio|spd|1|[from] item: Psychic Seed\n|-weather|RainDance|[from] ability: Drizzle|[of] p2a: Pelipper\n|turn|1\n|\n|t:|1696697717\n|move|p1a: Indeedee|Follow Me|p1a: Indeedee\n|-singleturn|p1a: Indeedee|move: Follow Me\n|move|p1b: Rey Mysterio|Bulk Up|p1b: Rey Mysterio\n|-boost|p1b: Rey Mysterio|atk|1\n|-boost|p1b: Rey Mysterio|def|1\n|move|p2b: Overqwil|Crunch|p1a: Indeedee\n|-supereffective|p1a: Indeedee\n|-damage|p1a: Indeedee|0 fnt\n|faint|p1a: Indeedee\n|move|p2a: Pelipper|Tailwind|p2a: Pelipper\n|-sidestart|p2: Kinglid|move: Tailwind\n|\n|-weather|RainDance|[upkeep]\n|upkeep\n|\n|t:|1696697727\n|switch|p1a: Ninetales|Ninetales-Alola, M|100\/100\n|-weather|Snow|[from] ability: Snow Warning|[of] p1a: Ninetales\n|turn|2\n|\n|t:|1696697742\n|-terastallize|p1b: Rey Mysterio|Flying\n|move|p1b: Rey Mysterio|Acrobatics|p2a: Pelipper\n|-damage|p2a: Pelipper|0 fnt\n|faint|p2a: Pelipper\n|move|p2b: Overqwil|Smart Strike|p1a: Ninetales\n|-supereffective|p1a: Ninetales\n|-damage|p1a: Ninetales|25\/100\n|move|p1a: Ninetales|Aurora Veil|p1a: Ninetales\n|-sidestart|p1: AerixThorn|move: Aurora Veil\n|\n|-weather|Snow|[upkeep]\n|upkeep\n|inactive|Kinglid has 120 seconds left.\n|\n|t:|1696697768\n|switch|p2a: Electrode|Electrode-Hisui|100\/100\n|turn|3\n|\n|t:|1696697781\n|move|p2a: Electrode|Volt Switch|p1b: Rey Mysterio\n|-supereffective|p1b: Rey Mysterio\n|-damage|p1b: Rey Mysterio|65\/100\n|\n|t:|1696697788\n|switch|p2a: Ursaluna|Ursaluna, M|100\/100|[from] Volt Switch\n|move|p1b: Rey Mysterio|Drain Punch|p2b: Overqwil\n|-damage|p2b: Overqwil|50\/100\n|-heal|p1b: Rey Mysterio|92\/100|[from] drain|[of] p2b: Overqwil\n|-enditem|p2b: Overqwil|Red Card|[of] p1b: Rey Mysterio\n|drag|p1b: Chandelure|Chandelure, F|100\/100\n|move|p2b: Overqwil|Barb Barrage|p1a: Ninetales\n|-supereffective|p1a: Ninetales\n|-damage|p1a: Ninetales|0 fnt\n|faint|p1a: Ninetales\n|\n|-weather|Snow|[upkeep]\n|upkeep\n|\n|t:|1696697800\n|switch|p1a: Rey Mysterio|Hawlucha, M, shiny, tera:Flying|92\/100\n|turn|4\n|\n|t:|1696697812\n|move|p2b: Overqwil|Crunch|p1b: Chandelure\n|-supereffective|p1b: Chandelure\n|-damage|p1b: Chandelure|43\/100\n|-unboost|p1b: Chandelure|def|1\n|move|p1a: Rey Mysterio|Drain Punch|p2a: Ursaluna\n|-supereffective|p2a: Ursaluna\n|-damage|p2a: Ursaluna|52\/100\n|-heal|p1a: Rey Mysterio|100\/100|[from] drain|[of] p2a: Ursaluna\n|move|p1b: Chandelure|Flamethrower|p2b: Overqwil\n|-damage|p2b: Overqwil|0 fnt\n|faint|p2b: Overqwil\n|move|p2a: Ursaluna|Avalanche|p1a: Rey Mysterio\n|-supereffective|p1a: Rey Mysterio\n|-damage|p1a: Rey Mysterio|21\/100\n|\n|-weather|Snow|[upkeep]\n|-heal|p1b: Chandelure|50\/100|[from] item: Leftovers\n|-sideend|p2: Kinglid|move: Tailwind\n|upkeep\n|\n|t:|1696697834\n|switch|p2b: Electrode|Electrode-Hisui|100\/100\n|turn|5\n|\n|t:|1696697848\n|move|p2b: Electrode|Volt Switch|p1a: Rey Mysterio\n|-supereffective|p1a: Rey Mysterio\n|-damage|p1a: Rey Mysterio|0 fnt\n|faint|p1a: Rey Mysterio\n|\n|t:|1696697863\n|switch|p2b: Skeledirge|Skeledirge, M|100\/100|[from] Volt Switch\n|move|p1b: Chandelure|Flamethrower|p2a: Ursaluna\n|-damage|p2a: Ursaluna|17\/100\n|move|p2a: Ursaluna|Play Rough|p1b: Chandelure\n|-resisted|p1b: Chandelure\n|-damage|p1b: Chandelure|30\/100\n|\n|-weather|Snow|[upkeep]\n|-heal|p1b: Chandelure|36\/100|[from] item: Leftovers\n|-fieldend|move: Psychic Terrain\n|upkeep\n|\n|t:|1696697875\n|switch|p1a: Dragapult|Dragapult, F|100\/100\n|turn|6\n|inactive|Kinglid has 120 seconds left.\n|\n|t:|1696697905\n|move|p1a: Dragapult|Phantom Force||[still]\n|-prepare|p1a: Dragapult|Phantom Force\n|move|p1b: Chandelure|Flamethrower|p2a: Ursaluna\n|-damage|p2a: Ursaluna|0 fnt\n|faint|p2a: Ursaluna\n|move|p2b: Skeledirge|Shadow Ball|p1a: Dragapult|[miss]\n|-miss|p2b: Skeledirge|p1a: Dragapult\n|\n|-weather|none\n|-heal|p1b: Chandelure|42\/100|[from] item: Leftovers\n|upkeep\n|inactive|Kinglid has 120 seconds left.\n|\n|t:|1696697912\n|switch|p2a: Electrode|Electrode-Hisui|100\/100\n|turn|7\n|\n|t:|1696697925\n|move|p1a: Dragapult|Phantom Force|p2b: Skeledirge|[from]lockedmove\n|-supereffective|p2b: Skeledirge\n|-damage|p2b: Skeledirge|19\/100\n|-enditem|p2b: Skeledirge|Wiki Berry|[eat]\n|-heal|p2b: Skeledirge|52\/100|[from] item: Wiki Berry\n|move|p2a: Electrode|Volt Switch|p1b: Chandelure\n|-damage|p1b: Chandelure|22\/100\n|\n|t:|1696697934\n|switch|p2a: Lokix|Lokix, F|100\/100|[from] Volt Switch\n|move|p1b: Chandelure|Flamethrower|p2a: Lokix\n|-supereffective|p2a: Lokix\n|-damage|p2a: Lokix|0 fnt\n|faint|p2a: Lokix\n|move|p2b: Skeledirge|Shadow Ball|p1a: Dragapult\n|-supereffective|p1a: Dragapult\n|-crit|p1a: Dragapult\n|-damage|p1a: Dragapult|0 fnt\n|faint|p1a: Dragapult\n|\n|-heal|p1b: Chandelure|28\/100|[from] item: Leftovers\n|upkeep\n|\n|t:|1696697952\n|switch|p1a: Clefable|Clefable, F|100\/100\n|switch|p2a: Electrode|Electrode-Hisui|100\/100\n|turn|8\n|inactive|Kinglid has 120 seconds left.\n|\n|t:|1696697996\n|move|p1a: Clefable|Follow Me|p1a: Clefable\n|-singleturn|p1a: Clefable|move: Follow Me\n|move|p2a: Electrode|Volt Switch|p1a: Clefable\n|-damage|p1a: Clefable|91\/100\n|move|p1b: Chandelure|Flamethrower|p2a: Electrode\n|-supereffective|p2a: Electrode\n|-enditem|p2a: Electrode|Focus Sash\n|-damage|p2a: Electrode|1\/100\n|move|p2b: Skeledirge|Shadow Ball|p1a: Clefable\n|-damage|p1a: Clefable|75\/100\n|\n|-heal|p1b: Chandelure|34\/100|[from] item: Leftovers\n|-heal|p1a: Clefable|81\/100|[from] item: Leftovers\n|upkeep\n|turn|9\n|inactive|Kinglid has 120 seconds left.\n|\n|t:|1696698017\n|move|p1a: Clefable|Follow Me|p1a: Clefable\n|-singleturn|p1a: Clefable|move: Follow Me\n|move|p2a: Electrode|Giga Drain|p1a: Clefable\n|-damage|p1a: Clefable|70\/100\n|-heal|p2a: Electrode|10\/100|[from] drain|[of] p1a: Clefable\n|move|p1b: Chandelure|Shadow Ball|p2b: Skeledirge\n|-supereffective|p2b: Skeledirge\n|-damage|p2b: Skeledirge|0 fnt\n|faint|p2b: Skeledirge\n|\n|-heal|p1b: Chandelure|40\/100|[from] item: Leftovers\n|-heal|p1a: Clefable|76\/100|[from] item: Leftovers\n|-sideend|p1: AerixThorn|move: Aurora Veil\n|upkeep\n|turn|10\n|-message|Kinglid forfeited.\n|\n|win|AerixThorn\n|raw|AerixThorn's rating: 1111 &rarr; <strong>1136<\/strong><br \/>(+25 for winning)\n|raw|Kinglid's rating: 1115 &rarr; <strong>1090<\/strong><br \/>(-25 for losing)\n|l|\u2606Kinglid\n","uploadtime":1696698086,"views":8,"p1id":"aerixthorn","p2id":"kinglid","formatid":"gen9nationaldexdoubles","rating":1090,"private":0,"password":""}