{"id":"gen9nationaldexdoubles-1983770064","p1":"Mudkip116","p2":"Greenheart_YT","format":"[Gen 9] National Dex Doubles","log":"|j|\u2606Mudkip116\n|j|\u2606Greenheart_YT\n|t:|1699177595\n|gametype|doubles\n|player|p1|Mudkip116|giovanni|1000\n|player|p2|Greenheart_YT|iono|1059\n|teamsize|p1|6\n|teamsize|p2|6\n|gen|9\n|tier|[Gen 9] National Dex Doubles\n|rated|\n|rule|HP Percentage Mod: HP is shown in percentages\n|rule|Endless Battle Clause: Forcing endless battles is banned\n|rule|OHKO Clause: OHKO moves are banned\n|rule|Evasion Moves Clause: Evasion moves are banned\n|rule|Evasion Abilities Clause: Evasion abilities are banned\n|rule|Species Clause: Limit one of each Pok\u00e9mon\n|rule|Gravity Sleep Clause: The combination of sleep-inducing moves with imperfect accuracy and Gravity or Gigantamax Orbeetle are banned\n|clearpoke\n|poke|p1|Swampert, F|\n|poke|p1|Tornadus-Therian, M|\n|poke|p1|Iron Valiant|\n|poke|p1|Great Tusk|\n|poke|p1|Dragonite, F|\n|poke|p1|Garchomp, F|\n|poke|p2|Garganacl, F|\n|poke|p2|Hippowdon, F|\n|poke|p2|Cradily, F|\n|poke|p2|Gyarados, F|\n|poke|p2|Regieleki|\n|poke|p2|Ribombee, F|\n|teampreview\n|\n|t:|1699177606\n|start\n|switch|p1a: Swampert|Swampert, F, shiny|100\/100\n|switch|p1b: Tornadus|Tornadus-Therian, M, shiny|100\/100\n|switch|p2a: Shark Bait|Hippowdon, F|100\/100\n|switch|p2b: Beebee|Ribombee, F|100\/100\n|-weather|Sandstorm|[from] ability: Sand Stream|[of] p2a: Shark Bait\n|turn|1\n|\n|t:|1699177669\n|move|p2a: Shark Bait|Protect|p2a: Shark Bait\n|-singleturn|p2a: Shark Bait|Protect\n|move|p2b: Beebee|Sticky Web|p1b: Tornadus\n|-sidestart|p1: Mudkip116|move: Sticky Web\n|move|p1b: Tornadus|Hurricane|p2a: Shark Bait\n|-activate|p2a: Shark Bait|move: Protect\n|move|p1a: Swampert|Waterfall|p2a: Shark Bait\n|-activate|p2a: Shark Bait|move: Protect\n|\n|-weather|Sandstorm|[upkeep]\n|-damage|p2b: Beebee|94\/100|[from] Sandstorm\n|-damage|p1b: Tornadus|94\/100|[from] Sandstorm\n|-heal|p2b: Beebee|100\/100|[from] item: Leftovers\n|upkeep\n|turn|2\n|\n|t:|1699177718\n|switch|p2b: John|Garganacl, F|100\/100\n|-terastallize|p2a: Shark Bait|Ghost\n|move|p1b: Tornadus|Hurricane|p2a: Shark Bait|[miss]\n|-miss|p1b: Tornadus|p2a: Shark Bait\n|move|p1a: Swampert|Waterfall|p2a: Shark Bait\n|-damage|p2a: Shark Bait|78\/100\n|move|p2a: Shark Bait|Yawn|p1b: Tornadus\n|-start|p1b: Tornadus|move: Yawn|[of] p2a: Shark Bait\n|\n|-weather|Sandstorm|[upkeep]\n|-damage|p1b: Tornadus|88\/100|[from] Sandstorm\n|-damage|p2a: Shark Bait|72\/100|[from] Sandstorm\n|upkeep\n|turn|3\n|\n|t:|1699177747\n|move|p1b: Tornadus|Knock Off|p2a: Shark Bait\n|-supereffective|p2a: Shark Bait\n|-damage|p2a: Shark Bait|45\/100\n|-enditem|p2a: Shark Bait|Binding Band|[from] move: Knock Off|[of] p1b: Tornadus\n|move|p1a: Swampert|Waterfall|p2b: John\n|-supereffective|p2b: John\n|-damage|p2b: John|66\/100\n|move|p2a: Shark Bait|Sand Tomb|p1a: Swampert\n|-damage|p1a: Swampert|85\/100\n|-activate|p1a: Swampert|move: Sand Tomb|[of] p2a: Shark Bait\n|move|p2b: John|Salt Cure|p1a: Swampert\n|-resisted|p1a: Swampert\n|-damage|p1a: Swampert|78\/100\n|-start|p1a: Swampert|Salt Cure\n|\n|-weather|Sandstorm|[upkeep]\n|-damage|p1b: Tornadus|82\/100|[from] Sandstorm\n|-damage|p2a: Shark Bait|38\/100|[from] Sandstorm\n|-heal|p2b: John|72\/100|[from] item: Leftovers\n|-damage|p1a: Swampert|66\/100|[from] move: Sand Tomb|[partiallytrapped]\n|-damage|p1a: Swampert|41\/100|[from] Salt Cure\n|-end|p1b: Tornadus|move: Yawn|[silent]\n|-status|p1b: Tornadus|slp\n|upkeep\n|turn|4\n|inactive|Battle timer is ON: inactive players will automatically lose when time's up. (requested by Greenheart_YT)\n|\n|t:|1699177802\n|switch|p1b: Great Tusk|Great Tusk|100\/100\n|move|p1a: Swampert|Flip Turn|p2b: John\n|-supereffective|p2b: John\n|-damage|p2b: John|43\/100\n|\n|t:|1699177815\n|switch|p1a: Iron Valiant|Iron Valiant|100\/100|[from] Flip Turn\n|-activate|p1a: Iron Valiant|move: Sticky Web\n|-unboost|p1a: Iron Valiant|spe|1\n|move|p2a: Shark Bait|Slack Off|p2a: Shark Bait\n|-heal|p2a: Shark Bait|88\/100\n|move|p2b: John|Salt Cure|p1b: Great Tusk\n|-resisted|p1b: Great Tusk\n|-damage|p1b: Great Tusk|98\/100\n|-start|p1b: Great Tusk|Salt Cure\n|\n|-weather|Sandstorm|[upkeep]\n|-damage|p1a: Iron Valiant|94\/100|[from] Sandstorm\n|-damage|p2a: Shark Bait|82\/100|[from] Sandstorm\n|-heal|p2b: John|50\/100|[from] item: Leftovers\n|-damage|p1b: Great Tusk|86\/100|[from] Salt Cure\n|upkeep\n|turn|5\n|inactive|Mudkip116 has 120 seconds left.\n|inactive|Greenheart_YT has 120 seconds left.\n|\n|t:|1699177875\n|move|p2b: John|Protect|p2b: John\n|-singleturn|p2b: John|Protect\n|move|p1b: Great Tusk|Ice Spinner|p2b: John\n|-activate|p2b: John|move: Protect\n|move|p1a: Iron Valiant|Moonblast|p2a: Shark Bait\n|-damage|p2a: Shark Bait|47\/100\n|move|p2a: Shark Bait|Sand Tomb|p1a: Iron Valiant\n|-damage|p1a: Iron Valiant|77\/100\n|-activate|p1a: Iron Valiant|move: Sand Tomb|[of] p2a: Shark Bait\n|\n|-weather|none\n|-heal|p2b: John|56\/100|[from] item: Leftovers\n|-damage|p1b: Great Tusk|73\/100|[from] Salt Cure\n|-damage|p1a: Iron Valiant|65\/100|[from] move: Sand Tomb|[partiallytrapped]\n|upkeep\n|turn|6\n|inactive|Mudkip116 has 90 seconds left.\n|\n|t:|1699177915\n|switch|p2a: Beebee|Ribombee, F|100\/100\n|move|p1b: Great Tusk|Rapid Spin|p2a: Beebee\n|-damage|p2a: Beebee|74\/100\n|-boost|p1b: Great Tusk|spe|1\n|-sideend|p1: Mudkip116|Sticky Web|[from] move: Rapid Spin|[of] p1b: Great Tusk\n|move|p1a: Iron Valiant|Moonblast|p2b: John\n|-damage|p2b: John|16\/100\n|-unboost|p2b: John|spa|1\n|move|p2b: John|Recover|p2b: John\n|-heal|p2b: John|66\/100\n|\n|-heal|p2a: Beebee|80\/100|[from] item: Leftovers\n|-heal|p2b: John|72\/100|[from] item: Leftovers\n|-damage|p1b: Great Tusk|61\/100|[from] Salt Cure\n|-end|p1a: Iron Valiant|Sand Tomb|[partiallytrapped]|[silent]\n|upkeep\n|turn|7\n|inactive|Mudkip116 has 90 seconds left.\n|inactive|Greenheart_YT has 120 seconds left.\n|\n|t:|1699177954\n|move|p1b: Great Tusk|Rapid Spin|p2b: John\n|-resisted|p2b: John\n|-damage|p2b: John|68\/100\n|-boost|p1b: Great Tusk|spe|1\n|move|p2a: Beebee|Sticky Web|p1b: Great Tusk\n|-sidestart|p1: Mudkip116|move: Sticky Web\n|move|p1a: Iron Valiant|Thunderbolt|p2a: Beebee\n|-damage|p2a: Beebee|38\/100\n|move|p2b: John|Salt Cure|p1a: Iron Valiant\n|-resisted|p1a: Iron Valiant\n|-damage|p1a: Iron Valiant|57\/100\n|-start|p1a: Iron Valiant|Salt Cure\n|\n|-heal|p2a: Beebee|45\/100|[from] item: Leftovers\n|-heal|p2b: John|74\/100|[from] item: Leftovers\n|-damage|p1b: Great Tusk|48\/100|[from] Salt Cure\n|-damage|p1a: Iron Valiant|44\/100|[from] Salt Cure\n|upkeep\n|turn|8\n|inactive|Mudkip116 has 90 seconds left.\n|inactive|Greenheart_YT has 120 seconds left.\n|\n|t:|1699177989\n|move|p1b: Great Tusk|Ice Spinner|p2b: John\n|-damage|p2b: John|60\/100\n|move|p2a: Beebee|Roost|p2a: Beebee\n|-heal|p2a: Beebee|95\/100\n|-singleturn|p2a: Beebee|move: Roost\n|move|p1a: Iron Valiant|Thunderbolt|p2a: Beebee\n|-damage|p2a: Beebee|57\/100\n|-status|p2a: Beebee|par\n|move|p2b: John|Recover|p2b: John\n|-heal|p2b: John|100\/100\n|\n|-heal|p2a: Beebee|63\/100 par|[from] item: Leftovers\n|-damage|p1b: Great Tusk|36\/100|[from] Salt Cure\n|-damage|p1a: Iron Valiant|32\/100|[from] Salt Cure\n|upkeep\n|turn|9\n|inactive|Greenheart_YT has 120 seconds left.\n|\n|t:|1699178024\n|switch|p2a: Blubby|Cradily, F, shiny|100\/100\n|move|p2b: John|Protect|p2b: John\n|-singleturn|p2b: John|Protect\n|move|p1b: Great Tusk|Close Combat|p2b: John\n|-activate|p2b: John|move: Protect\n|move|p1a: Iron Valiant|Close Combat|p2b: John\n|-activate|p2b: John|move: Protect\n|\n|-damage|p1b: Great Tusk|24\/100|[from] Salt Cure\n|-damage|p1a: Iron Valiant|19\/100|[from] Salt Cure\n|upkeep\n|turn|10\n|inactive|Mudkip116 has 90 seconds left.\n|inactive|Greenheart_YT has 120 seconds left.\n|\n|t:|1699178051\n|switch|p2b: Shark Bait|Hippowdon, F, tera:Ghost|47\/100\n|-weather|Sandstorm|[from] ability: Sand Stream|[of] p2b: Shark Bait\n|move|p1b: Great Tusk|Close Combat|p2a: Blubby\n|-supereffective|p2a: Blubby\n|-damage|p2a: Blubby|0 fnt\n|-unboost|p1b: Great Tusk|def|1\n|-unboost|p1b: Great Tusk|spd|1\n|faint|p2a: Blubby\n|move|p1a: Iron Valiant|Close Combat|p2b: Shark Bait\n|-immune|p2b: Shark Bait\n|\n|-weather|Sandstorm|[upkeep]\n|-damage|p1a: Iron Valiant|13\/100|[from] Sandstorm\n|-damage|p2b: Shark Bait|40\/100|[from] Sandstorm\n|-damage|p1b: Great Tusk|11\/100|[from] Salt Cure\n|-damage|p1a: Iron Valiant|0 fnt|[from] Salt Cure\n|faint|p1a: Iron Valiant\n|-end|p1a: Iron Valiant|Quark Drive|[silent]\n|upkeep\n|inactive|Mudkip116 has 90 seconds left.\n|inactive|Greenheart_YT has 120 seconds left.\n|\n|t:|1699178078\n|switch|p1a: Swampert|Swampert, F, shiny|41\/100\n|switch|p2a: KING|Gyarados, F|100\/100\n|-ability|p2a: KING|Intimidate|boost\n|-unboost|p1a: Swampert|atk|1\n|-unboost|p1b: Great Tusk|atk|1\n|-activate|p1a: Swampert|move: Sticky Web\n|-unboost|p1a: Swampert|spe|1\n|turn|11\n|inactive|Mudkip116 has 90 seconds left.\n|inactive|Greenheart_YT has 120 seconds left.\n|\n|t:|1699178104\n|detailschange|p2a: KING|Gyarados-Mega, F\n|-mega|p2a: KING|Gyarados|Gyaradosite\n|-ability|p2a: KING|Mold Breaker\n|move|p1b: Great Tusk|Close Combat|p2a: KING\n|-supereffective|p2a: KING\n|-damage|p2a: KING|15\/100\n|-unboost|p1b: Great Tusk|def|1\n|-unboost|p1b: Great Tusk|spd|1\n|move|p2a: KING|Crunch|p1b: Great Tusk\n|-resisted|p1b: Great Tusk\n|-damage|p1b: Great Tusk|0 fnt\n|faint|p1b: Great Tusk\n|-end|p1b: Great Tusk|Protosynthesis|[silent]\n|move|p1a: Swampert|Earthquake|p2b: Shark Bait|[spread] p2a,p2b\n|-damage|p2a: KING|0 fnt\n|-damage|p2b: Shark Bait|25\/100\n|faint|p2a: KING\n|move|p2b: Shark Bait|Slack Off|p2b: Shark Bait\n|-heal|p2b: Shark Bait|75\/100\n|\n|-weather|Sandstorm|[upkeep]\n|-damage|p2b: Shark Bait|69\/100|[from] Sandstorm\n|upkeep\n|inactive|Mudkip116 has 90 seconds left.\n|\n|t:|1699178131\n|switch|p1b: Tornadus|Tornadus-Therian, M, shiny|100\/100 slp\n|switch|p2a: John|Garganacl, F|100\/100\n|turn|12\n|inactive|Mudkip116 has 90 seconds left.\n|\n|t:|1699178156\n|cant|p1b: Tornadus|slp\n|move|p1a: Swampert|Waterfall|p2b: Shark Bait\n|-damage|p2b: Shark Bait|54\/100\n|move|p2b: Shark Bait|Sand Tomb|p1a: Swampert\n|-damage|p1a: Swampert|26\/100\n|-activate|p1a: Swampert|move: Sand Tomb|[of] p2b: Shark Bait\n|move|p2a: John|Salt Cure|p1b: Tornadus\n|-supereffective|p1b: Tornadus\n|-damage|p1b: Tornadus|69\/100 slp\n|-start|p1b: Tornadus|Salt Cure\n|\n|-weather|Sandstorm|[upkeep]\n|-damage|p1b: Tornadus|63\/100 slp|[from] Sandstorm\n|-damage|p2b: Shark Bait|48\/100|[from] Sandstorm\n|-damage|p1b: Tornadus|50\/100 slp|[from] Salt Cure\n|-damage|p1a: Swampert|14\/100|[from] move: Sand Tomb|[partiallytrapped]\n|upkeep\n|turn|13\n|inactive|Mudkip116 has 90 seconds left.\n|\n|t:|1699178191\n|-curestatus|p1b: Tornadus|slp|[msg]\n|move|p1b: Tornadus|Knock Off|p2b: Shark Bait\n|-supereffective|p2b: Shark Bait\n|-damage|p2b: Shark Bait|30\/100\n|move|p1a: Swampert|Waterfall|p2a: John\n|-supereffective|p2a: John\n|-damage|p2a: John|73\/100\n|move|p2b: Shark Bait|Slack Off|p2b: Shark Bait\n|-heal|p2b: Shark Bait|80\/100\n|cant|p2a: John|flinch\n|\n|-weather|Sandstorm|[upkeep]\n|-damage|p1b: Tornadus|44\/100|[from] Sandstorm\n|-damage|p2b: Shark Bait|74\/100|[from] Sandstorm\n|-heal|p2a: John|79\/100|[from] item: Leftovers\n|-damage|p1b: Tornadus|32\/100|[from] Salt Cure\n|-damage|p1a: Swampert|2\/100|[from] move: Sand Tomb|[partiallytrapped]\n|upkeep\n|turn|14\n|inactive|Mudkip116 has 90 seconds left.\n|inactive|Mudkip116 has 60 seconds left.\n|\n|t:|1699178229\n|move|p1b: Tornadus|Knock Off|p2b: Shark Bait\n|-supereffective|p2b: Shark Bait\n|-damage|p2b: Shark Bait|58\/100\n|move|p1a: Swampert|Earthquake|p2b: Shark Bait|[spread] p2a,p2b\n|-immune|p1b: Tornadus\n|-supereffective|p2a: John\n|-damage|p2a: John|54\/100\n|-damage|p2b: Shark Bait|43\/100\n|move|p2b: Shark Bait|Yawn|p1b: Tornadus\n|-start|p1b: Tornadus|move: Yawn|[of] p2b: Shark Bait\n|move|p2a: John|Stealth Rock|p1a: Swampert\n|-sidestart|p1: Mudkip116|move: Stealth Rock\n|\n|-weather|none\n|-heal|p2a: John|60\/100|[from] item: Leftovers\n|-damage|p1b: Tornadus|20\/100|[from] Salt Cure\n|-damage|p1a: Swampert|0 fnt|[from] move: Sand Tomb|[partiallytrapped]\n|faint|p1a: Swampert\n|upkeep\n|inactive|Mudkip116 has 60 seconds left.\n|\n|t:|1699178257\n|switch|p1a: Dragonite|Dragonite, F|100\/100\n|turn|15\n|inactive|Mudkip116 has 60 seconds left.\n|\n|t:|1699178275\n|switch|p2b: Beebee|Ribombee, F|63\/100 par\n|move|p1b: Tornadus|Knock Off|p2b: Beebee\n|-resisted|p2b: Beebee\n|-damage|p2b: Beebee|46\/100 par\n|-enditem|p2b: Beebee|Leftovers|[from] move: Knock Off|[of] p1b: Tornadus\n|move|p1a: Dragonite|Earthquake|p2b: Beebee|[spread] p2a,p2b\n|-immune|p1b: Tornadus\n|-supereffective|p2a: John\n|-resisted|p2b: Beebee\n|-damage|p2a: John|29\/100\n|-damage|p2b: Beebee|21\/100 par\n|move|p2a: John|Salt Cure|p1a: Dragonite\n|-supereffective|p1a: Dragonite\n|-damage|p1a: Dragonite|84\/100\n|-start|p1a: Dragonite|Salt Cure\n|\n|-heal|p2a: John|35\/100|[from] item: Leftovers\n|-damage|p1b: Tornadus|7\/100|[from] Salt Cure\n|-damage|p1a: Dragonite|72\/100|[from] Salt Cure\n|-end|p1b: Tornadus|move: Yawn|[silent]\n|-status|p1b: Tornadus|slp\n|upkeep\n|turn|16\n|inactive|Mudkip116 has 60 seconds left.\n|inactive|Greenheart_YT has 120 seconds left.\n|\n|t:|1699178305\n|move|p2a: John|Protect|p2a: John\n|-singleturn|p2a: John|Protect\n|cant|p1b: Tornadus|slp\n|move|p1a: Dragonite|Earthquake|p2b: Beebee|[spread] p2b\n|-activate|p2a: John|move: Protect\n|-immune|p1b: Tornadus\n|-resisted|p2b: Beebee\n|-damage|p2b: Beebee|0 fnt\n|faint|p2b: Beebee\n|\n|-heal|p2a: John|42\/100|[from] item: Leftovers\n|-damage|p1b: Tornadus|0 fnt|[from] Salt Cure\n|faint|p1b: Tornadus\n|-damage|p1a: Dragonite|60\/100|[from] Salt Cure\n|upkeep\n|\n|t:|1699178321\n|switch|p2b: Sparky|Regieleki|100\/100\n|switch|p1b: Garchomp|Garchomp, F|100\/100\n|-activate|p1b: Garchomp|move: Sticky Web\n|-unboost|p1b: Garchomp|spe|1\n|-damage|p1b: Garchomp|94\/100|[from] Stealth Rock\n|turn|17\n|inactive|Mudkip116 has 60 seconds left.\n|\n|t:|1699178358\n|move|p1a: Dragonite|Extreme Speed|p2b: Sparky\n|-damage|p2b: Sparky|39\/100\n|move|p2b: Sparky|Thunder Cage|p1a: Dragonite\n|-damage|p1a: Dragonite|14\/100\n|-activate|p1a: Dragonite|move: Thunder Cage|[of] p2b: Sparky\n|move|p1b: Garchomp|Earthquake|p2b: Sparky|[spread] p2a,p2b\n|-immune|p1a: Dragonite\n|-supereffective|p2a: John\n|-supereffective|p2b: Sparky\n|-damage|p2a: John|2\/100\n|-damage|p2b: Sparky|0 fnt\n|faint|p2b: Sparky\n|move|p2a: John|Recover|p2a: John\n|-heal|p2a: John|52\/100\n|\n|-heal|p2a: John|59\/100|[from] item: Leftovers\n|-end|p1a: Dragonite|Thunder Cage|[partiallytrapped]|[silent]\n|-damage|p1a: Dragonite|1\/100|[from] Salt Cure\n|upkeep\n|\n|t:|1699178373\n|switch|p2b: Shark Bait|Hippowdon, F, tera:Ghost|43\/100\n|-weather|Sandstorm|[from] ability: Sand Stream|[of] p2b: Shark Bait\n|turn|18\n|\n|t:|1699178389\n|move|p2b: Shark Bait|Protect|p2b: Shark Bait\n|-singleturn|p2b: Shark Bait|Protect\n|move|p2a: John|Protect|p2a: John\n|-singleturn|p2a: John|Protect\n|move|p1a: Dragonite|Earthquake|p2a: John|[spread] p1b\n|-activate|p2a: John|move: Protect\n|-activate|p2b: Shark Bait|move: Protect\n|-damage|p1b: Garchomp|65\/100\n|move|p1b: Garchomp|Earthquake|p2a: John|[spread] \n|-activate|p2a: John|move: Protect\n|-activate|p2b: Shark Bait|move: Protect\n|-immune|p1a: Dragonite\n|\n|-weather|Sandstorm|[upkeep]\n|-damage|p1a: Dragonite|0 fnt|[from] Sandstorm\n|-damage|p2b: Shark Bait|36\/100|[from] Sandstorm\n|faint|p1a: Dragonite\n|-heal|p2a: John|65\/100|[from] item: Leftovers\n|upkeep\n|turn|19\n|inactive|Mudkip116 has 90 seconds left.\n|\n|t:|1699178411\n|move|p1b: Garchomp|Earthquake|p2b: Shark Bait|[spread] p2a,p2b\n|-supereffective|p2a: John\n|-damage|p2a: John|26\/100\n|-damage|p2b: Shark Bait|13\/100\n|move|p2b: Shark Bait|Slack Off|p2b: Shark Bait\n|-heal|p2b: Shark Bait|63\/100\n|move|p2a: John|Salt Cure|p1b: Garchomp\n|-resisted|p1b: Garchomp\n|-damage|p1b: Garchomp|58\/100\n|-start|p1b: Garchomp|Salt Cure\n|\n|-weather|Sandstorm|[upkeep]\n|-damage|p2b: Shark Bait|56\/100|[from] Sandstorm\n|-heal|p2a: John|32\/100|[from] item: Leftovers\n|-damage|p1b: Garchomp|46\/100|[from] Salt Cure\n|upkeep\n|turn|20\n|\n|t:|1699178431\n|move|p2a: John|Protect|p2a: John\n|-singleturn|p2a: John|Protect\n|move|p1b: Garchomp|Earthquake|p2b: Shark Bait|[spread] p2b\n|-activate|p2a: John|move: Protect\n|-damage|p2b: Shark Bait|30\/100\n|move|p2b: Shark Bait|Yawn|p1b: Garchomp\n|-start|p1b: Garchomp|move: Yawn|[of] p2b: Shark Bait\n|\n|-weather|Sandstorm|[upkeep]\n|-damage|p2b: Shark Bait|24\/100|[from] Sandstorm\n|-heal|p2a: John|38\/100|[from] item: Leftovers\n|-damage|p1b: Garchomp|33\/100|[from] Salt Cure\n|upkeep\n|turn|21\n|inactive|Mudkip116 has 120 seconds left.\n|\n|t:|1699178448\n|move|p2b: Shark Bait|Protect|p2b: Shark Bait\n|-singleturn|p2b: Shark Bait|Protect\n|move|p1b: Garchomp|Earthquake|p2a: John|[spread] p2a\n|-activate|p2b: Shark Bait|move: Protect\n|-supereffective|p2a: John\n|-damage|p2a: John|0 fnt\n|faint|p2a: John\n|\n|-weather|Sandstorm|[upkeep]\n|-damage|p2b: Shark Bait|17\/100|[from] Sandstorm\n|-damage|p1b: Garchomp|21\/100|[from] Salt Cure\n|-end|p1b: Garchomp|move: Yawn|[silent]\n|-status|p1b: Garchomp|slp\n|upkeep\n|turn|22\n|inactive|Mudkip116 has 120 seconds left.\n|\n|t:|1699178471\n|cant|p1b: Garchomp|slp\n|move|p2b: Shark Bait|Sand Tomb|p1b: Garchomp\n|-damage|p1b: Garchomp|8\/100 slp\n|-activate|p1b: Garchomp|move: Sand Tomb|[of] p2b: Shark Bait\n|\n|-weather|none\n|-damage|p1b: Garchomp|0 fnt|[from] move: Sand Tomb|[partiallytrapped]\n|faint|p1b: Garchomp\n|\n|win|Greenheart_YT\n|upkeep\n|raw|Mudkip116's rating: 1000 &rarr; <strong>1000<\/strong><br \/>(+0 for losing)\n|raw|Greenheart_YT's rating: 1059 &rarr; <strong>1085<\/strong><br \/>(+26 for winning)\n|c|\u2606Greenheart_YT|Gg\n|c|\u2606Mudkip116|gg\n|l|\u2606Mudkip116\n","uploadtime":1699178489,"views":7,"p1id":"mudkip116","p2id":"greenheartyt","formatid":"gen9nationaldexdoubles","rating":1000,"private":0,"password":""}