{"id":"gen9nationaldexdoubles-1998572404","p1":"OhMeOhMyOhMeOhMy","p2":"El Ryuk456","format":"[Gen 9] National Dex Doubles","log":"|j|\u2606OhMeOhMyOhMeOhMy\n|j|\u2606El Ryuk456\n|t:|1700957911\n|gametype|doubles\n|player|p1|OhMeOhMyOhMeOhMy|170|1447\n|player|p2|El Ryuk456|ingo|1383\n|teamsize|p1|6\n|teamsize|p2|6\n|gen|9\n|tier|[Gen 9] National Dex Doubles\n|rated|\n|rule|HP Percentage Mod: HP is shown in percentages\n|rule|Endless Battle Clause: Forcing endless battles is banned\n|rule|OHKO Clause: OHKO moves are banned\n|rule|Evasion Moves Clause: Evasion moves are banned\n|rule|Evasion Abilities Clause: Evasion abilities are banned\n|rule|Species Clause: Limit one of each Pok\u00e9mon\n|rule|Gravity Sleep Clause: The combination of sleep-inducing moves with imperfect accuracy and Gravity or Gigantamax Orbeetle are banned\n|clearpoke\n|poke|p1|Zygarde|\n|poke|p1|Zamazenta-*|\n|poke|p1|Jirachi|\n|poke|p1|Rillaboom, M|\n|poke|p1|Kangaskhan, F|\n|poke|p1|Glimmora, M|\n|poke|p2|Toxtricity, F|\n|poke|p2|Kricketune, F|\n|poke|p2|Tsareena, F|\n|poke|p2|Keldeo-Resolute|\n|poke|p2|Grimmsnarl, M|\n|poke|p2|Arcanine, M|\n|teampreview\n|inactive|Battle timer is ON: inactive players will automatically lose when time's up. (requested by OhMeOhMyOhMeOhMy)\n|\n|t:|1700957929\n|start\n|switch|p1a: Kangaskhan|Kangaskhan, F|100\/100\n|switch|p1b: Glimmora|Glimmora, M|100\/100\n|switch|p2a: Keldeo|Keldeo-Resolute|100\/100\n|switch|p2b: Grimmsnarl|Grimmsnarl, M|100\/100\n|turn|1\n|j| S1r.sweepsaLot\n|\n|t:|1700957946\n|switch|p2b: Tsareena|Tsareena, F|100\/100\n|detailschange|p1a: Kangaskhan|Kangaskhan-Mega, F\n|-mega|p1a: Kangaskhan|Kangaskhan|Kangaskhanite\n|move|p1a: Kangaskhan|Fake Out||[still]\n|cant|p2b: Tsareena|ability: Queenly Majesty|Fake Out|[of] p1a: Kangaskhan\n|-zpower|p2a: Keldeo\n|move|p2a: Keldeo|Hydro Vortex|p1b: Glimmora|[zeffect]\n|-supereffective|p1b: Glimmora\n|-enditem|p1b: Glimmora|Focus Sash\n|-damage|p1b: Glimmora|1\/100\n|move|p1b: Glimmora|Stealth Rock|p2a: Keldeo\n|-sidestart|p2: El Ryuk456|move: Stealth Rock\n|\n|upkeep\n|turn|2\n|\n|t:|1700957963\n|move|p2a: Keldeo|Icy Wind|p1b: Glimmora|[spread] p1a,p1b\n|-damage|p1a: Kangaskhan|89\/100\n|-damage|p1b: Glimmora|0 fnt\n|-unboost|p1a: Kangaskhan|spe|1\n|faint|p1b: Glimmora\n|move|p2b: Tsareena|Low Sweep|p1a: Kangaskhan\n|-supereffective|p1a: Kangaskhan\n|-damage|p1a: Kangaskhan|55\/100\n|-unboost|p1a: Kangaskhan|spe|1\n|move|p1a: Kangaskhan|Seismic Toss|p2a: Keldeo\n|-damage|p2a: Keldeo|70\/100\n|-damage|p2a: Keldeo|39\/100\n|-hitcount|p2a: Keldeo|2\n|\n|upkeep\n|\n|t:|1700957981\n|switch|p1b: Rillaboom|Rillaboom, M|100\/100\n|-fieldstart|move: Grassy Terrain|[from] ability: Grassy Surge|[of] p1b: Rillaboom\n|turn|3\n|\n|t:|1700957988\n|move|p2a: Keldeo|Secret Sword|p1a: Kangaskhan\n|-supereffective|p1a: Kangaskhan\n|-damage|p1a: Kangaskhan|0 fnt\n|faint|p1a: Kangaskhan\n|move|p2b: Tsareena|Trop Kick|p1b: Rillaboom\n|-resisted|p1b: Rillaboom\n|-damage|p1b: Rillaboom|80\/100\n|-unboost|p1b: Rillaboom|atk|1\n|move|p1b: Rillaboom|U-turn|p2b: Tsareena\n|-supereffective|p2b: Tsareena\n|-damage|p2b: Tsareena|70\/100\n|-damage|p1b: Rillaboom|63\/100|[from] item: Rocky Helmet|[of] p2b: Tsareena\n|\n|t:|1700957998\n|switch|p1b: Zygarde|Zygarde|100\/100|[from] U-turn\n|-ability|p1b: Zygarde|Aura Break\n|\n|-heal|p2a: Keldeo|45\/100|[from] Grassy Terrain\n|-heal|p2b: Tsareena|76\/100|[from] Grassy Terrain\n|upkeep\n|\n|t:|1700958004\n|switch|p1a: Jirachi|Jirachi|100\/100\n|turn|4\n|\n|t:|1700958009\n|-terastallize|p1b: Zygarde|Fire\n|move|p1a: Jirachi|Follow Me|p1a: Jirachi\n|-singleturn|p1a: Jirachi|move: Follow Me\n|move|p2a: Keldeo|Icy Wind|p1a: Jirachi|[spread] p1a,p1b\n|-resisted|p1a: Jirachi\n|-resisted|p1b: Zygarde\n|-damage|p1a: Jirachi|95\/100\n|-damage|p1b: Zygarde|94\/100\n|-unboost|p1a: Jirachi|spe|1\n|move|p1b: Zygarde|Dragon Dance|p1b: Zygarde\n|-boost|p1b: Zygarde|atk|1\n|-boost|p1b: Zygarde|spe|1\n|move|p2b: Tsareena|Taunt|p1a: Jirachi\n|-start|p1a: Jirachi|move: Taunt\n|\n|-heal|p1b: Zygarde|99\/100|[from] Grassy Terrain\n|-heal|p2a: Keldeo|51\/100|[from] Grassy Terrain\n|-heal|p2b: Tsareena|82\/100|[from] Grassy Terrain\n|-heal|p1a: Jirachi|100\/100|[from] Grassy Terrain\n|upkeep\n|turn|5\n|\n|t:|1700958030\n|switch|p1a: Zamazenta|Zamazenta|100\/100\n|-ability|p1a: Zamazenta|Dauntless Shield|boost\n|-boost|p1a: Zamazenta|def|1\n|move|p1b: Zygarde|Protect|p1b: Zygarde\n|-singleturn|p1b: Zygarde|Protect\n|move|p2a: Keldeo|Hydro Pump|p1b: Zygarde\n|-activate|p1b: Zygarde|move: Protect\n|move|p2b: Tsareena|Trop Kick|p1b: Zygarde\n|-activate|p1b: Zygarde|move: Protect\n|\n|-heal|p1b: Zygarde|100\/100|[from] Grassy Terrain\n|-heal|p2a: Keldeo|57\/100|[from] Grassy Terrain\n|-heal|p2b: Tsareena|88\/100|[from] Grassy Terrain\n|upkeep\n|turn|6\n|\n|t:|1700958043\n|move|p1b: Zygarde|Thousand Arrows|p2a: Keldeo|[spread] p2a,p2b\n|-resisted|p2b: Tsareena\n|-damage|p2a: Keldeo|2\/100\n|-damage|p2b: Tsareena|63\/100\n|move|p1a: Zamazenta|Coaching|p1b: Zygarde\n|-boost|p1b: Zygarde|atk|1\n|-boost|p1b: Zygarde|def|1\n|move|p2a: Keldeo|Hydro Pump|p1b: Zygarde\n|-supereffective|p1b: Zygarde\n|-damage|p1b: Zygarde|0 fnt\n|faint|p1b: Zygarde\n|move|p2b: Tsareena|Low Sweep|p1a: Zamazenta\n|-damage|p1a: Zamazenta|90\/100\n|-unboost|p1a: Zamazenta|spe|1\n|\n|-heal|p2a: Keldeo|8\/100|[from] Grassy Terrain\n|-heal|p1a: Zamazenta|96\/100|[from] Grassy Terrain\n|-heal|p2b: Tsareena|69\/100|[from] Grassy Terrain\n|upkeep\n|\n|t:|1700958048\n|switch|p1b: Rillaboom|Rillaboom, M|63\/100\n|turn|7\n|\n|t:|1700958063\n|move|p2a: Keldeo|Icy Wind|p1a: Zamazenta|[spread] p1a,p1b\n|-supereffective|p1b: Rillaboom\n|-damage|p1a: Zamazenta|84\/100\n|-damage|p1b: Rillaboom|45\/100\n|-unboost|p1a: Zamazenta|spe|1\n|-unboost|p1b: Rillaboom|spe|1\n|move|p2b: Tsareena|Taunt|p1a: Zamazenta\n|-start|p1a: Zamazenta|move: Taunt\n|move|p1a: Zamazenta|Body Press|p2a: Keldeo\n|-damage|p2a: Keldeo|0 fnt\n|faint|p2a: Keldeo\n|move|p1b: Rillaboom|U-turn|p2b: Tsareena\n|-supereffective|p2b: Tsareena\n|-damage|p2b: Tsareena|25\/100\n|-damage|p1b: Rillaboom|29\/100|[from] item: Rocky Helmet|[of] p2b: Tsareena\n|\n|t:|1700958067\n|switch|p1b: Jirachi|Jirachi|100\/100|[from] U-turn\n|\n|-heal|p2b: Tsareena|31\/100|[from] Grassy Terrain\n|-heal|p1a: Zamazenta|90\/100|[from] Grassy Terrain\n|-fieldend|move: Grassy Terrain\n|upkeep\n|\n|t:|1700958077\n|switch|p2a: Arcanine|Arcanine, M|100\/100\n|-damage|p2a: Arcanine|75\/100|[from] Stealth Rock\n|-ability|p2a: Arcanine|Intimidate|boost\n|-unboost|p1a: Zamazenta|atk|1\n|-unboost|p1b: Jirachi|atk|1\n|turn|8\n|\n|t:|1700958086\n|switch|p1a: Rillaboom|Rillaboom, M|29\/100\n|-fieldstart|move: Grassy Terrain|[from] ability: Grassy Surge|[of] p1a: Rillaboom\n|move|p1b: Jirachi|Protect|p1b: Jirachi\n|-singleturn|p1b: Jirachi|Protect\n|move|p2a: Arcanine|Will-O-Wisp|p1b: Jirachi\n|-activate|p1b: Jirachi|move: Protect\n|move|p2b: Tsareena|Trop Kick|p1a: Rillaboom\n|-resisted|p1a: Rillaboom\n|-damage|p1a: Rillaboom|7\/100\n|-unboost|p1a: Rillaboom|atk|1\n|\n|-heal|p2a: Arcanine|82\/100|[from] Grassy Terrain\n|-heal|p2b: Tsareena|37\/100|[from] Grassy Terrain\n|-heal|p1a: Rillaboom|13\/100|[from] Grassy Terrain\n|upkeep\n|turn|9\n|-message|OhMeOhMyOhMeOhMy forfeited.\n|\n|win|El Ryuk456\n|raw|OhMeOhMyOhMeOhMy's rating: 1447 &rarr; <strong>1423<\/strong><br \/>(-24 for losing)\n|raw|El Ryuk456's rating: 1383 &rarr; <strong>1407<\/strong><br \/>(+24 for winning)\n|l|\u2606OhMeOhMyOhMeOhMy\n","uploadtime":1700958095,"views":6,"p1id":"ohmeohmyohmeohmy","p2id":"elryuk456","formatid":"gen9nationaldexdoubles","rating":1407,"private":0,"password":""}