{"id":"gen9nationaldexdoubles-1998833619","p1":"LightBlade35","p2":"heitaok","format":"[Gen 9] National Dex Doubles","log":"|j|\u2606LightBlade35\n|j|\u2606heitaok\n|t:|1701000021\n|gametype|doubles\n|player|p1|LightBlade35|grimsley|1408\n|player|p2|heitaok|gentleman|1356\n|teamsize|p1|6\n|teamsize|p2|6\n|gen|9\n|tier|[Gen 9] National Dex Doubles\n|rated|\n|rule|HP Percentage Mod: HP is shown in percentages\n|rule|Endless Battle Clause: Forcing endless battles is banned\n|rule|OHKO Clause: OHKO moves are banned\n|rule|Evasion Moves Clause: Evasion moves are banned\n|rule|Evasion Abilities Clause: Evasion abilities are banned\n|rule|Species Clause: Limit one of each Pok\u00e9mon\n|rule|Gravity Sleep Clause: The combination of sleep-inducing moves with imperfect accuracy and Gravity or Gigantamax Orbeetle are banned\n|clearpoke\n|poke|p1|Metagross|\n|poke|p1|Kommo-o, M|\n|poke|p1|Ninetales-Alola, F|\n|poke|p1|Volcarona, F|\n|poke|p1|Tapu Koko|\n|poke|p1|Iron Jugulis|\n|poke|p2|Heatran, M|\n|poke|p2|Ninetales-Alola, F|\n|poke|p2|Gholdengo|\n|poke|p2|Incineroar, F|\n|poke|p2|Amoonguss, M|\n|poke|p2|Salamence, M|\n|teampreview\n|\n|t:|1701000035\n|start\n|switch|p1a: Tapu Koko|Tapu Koko|100\/100\n|switch|p1b: Iron Jugulis|Iron Jugulis|100\/100\n|switch|p2a: Incineroar|Incineroar, F|100\/100\n|switch|p2b: Gholdengo|Gholdengo|100\/100\n|-fieldstart|move: Electric Terrain|[from] ability: Electric Surge|[of] p1a: Tapu Koko\n|-activate|p1b: Iron Jugulis|ability: Quark Drive\n|-start|p1b: Iron Jugulis|quarkdrivespa\n|-item|p2b: Gholdengo|Air Balloon\n|-ability|p2a: Incineroar|Intimidate|boost\n|-unboost|p1a: Tapu Koko|atk|1\n|-unboost|p1b: Iron Jugulis|atk|1\n|turn|1\n|\n|t:|1701000047\n|-terastallize|p1a: Tapu Koko|Electric\n|move|p2a: Incineroar|Fake Out|p1b: Iron Jugulis\n|-damage|p1b: Iron Jugulis|88\/100\n|move|p1a: Tapu Koko|Volt Switch|p2b: Gholdengo\n|-crit|p2b: Gholdengo\n|-damage|p2b: Gholdengo|10\/100\n|-enditem|p2b: Gholdengo|Air Balloon\n|\n|t:|1701000054\n|switch|p1a: Volcarona|Volcarona, F|100\/100|[from] Volt Switch\n|cant|p1b: Iron Jugulis|flinch\n|move|p2b: Gholdengo|Nasty Plot|p2b: Gholdengo\n|-boost|p2b: Gholdengo|spa|2\n|\n|upkeep\n|turn|2\n|inactive|Battle timer is ON: inactive players will automatically lose when time's up. (requested by heitaok)\n|\n|t:|1701000064\n|move|p2b: Gholdengo|Protect|p2b: Gholdengo\n|-singleturn|p2b: Gholdengo|Protect\n|move|p1b: Iron Jugulis|Tailwind|p1b: Iron Jugulis\n|-sidestart|p1: LightBlade35|move: Tailwind\n|move|p1a: Volcarona|Heat Wave|p2b: Gholdengo|[spread] p2a\n|-activate|p2b: Gholdengo|move: Protect\n|-resisted|p2a: Incineroar\n|-damage|p2a: Incineroar|82\/100\n|move|p2a: Incineroar|Knock Off|p1b: Iron Jugulis\n|-resisted|p1b: Iron Jugulis\n|-damage|p1b: Iron Jugulis|67\/100\n|-enditem|p1b: Iron Jugulis|Life Orb|[from] move: Knock Off|[of] p2a: Incineroar\n|\n|upkeep\n|turn|3\n|\n|t:|1701000093\n|switch|p2b: Heatran|Heatran, M|100\/100\n|move|p1b: Iron Jugulis|Dark Pulse|p2b: Heatran\n|-damage|p2b: Heatran|69\/100\n|move|p1a: Volcarona|Quiver Dance|p1a: Volcarona\n|-boost|p1a: Volcarona|spa|1\n|-boost|p1a: Volcarona|spd|1\n|-boost|p1a: Volcarona|spe|1\n|move|p2a: Incineroar|Parting Shot|p1a: Volcarona\n|-unboost|p1a: Volcarona|atk|1\n|-unboost|p1a: Volcarona|spa|1\n|\n|t:|1701000098\n|switch|p2a: Salamence|Salamence, M|100\/100|[from] Parting Shot\n|-ability|p2a: Salamence|Intimidate|boost\n|-unboost|p1a: Volcarona|atk|1\n|-unboost|p1b: Iron Jugulis|atk|1\n|\n|upkeep\n|turn|4\n|\n|t:|1701000109\n|detailschange|p2a: Salamence|Salamence-Mega, M\n|-mega|p2a: Salamence|Salamence|Salamencite\n|move|p1a: Volcarona|Bug Buzz|p2a: Salamence\n|-resisted|p2a: Salamence\n|-damage|p2a: Salamence|69\/100\n|move|p1b: Iron Jugulis|Earth Power|p2b: Heatran\n|-supereffective|p2b: Heatran\n|-damage|p2b: Heatran|0 fnt\n|faint|p2b: Heatran\n|move|p2a: Salamence|Hyper Voice|p1b: Iron Jugulis|[spread] p1a,p1b\n|-supereffective|p1a: Volcarona\n|-damage|p1a: Volcarona|54\/100\n|-damage|p1b: Iron Jugulis|25\/100\n|\n|upkeep\n|\n|t:|1701000122\n|switch|p2b: Incineroar|Incineroar, F|82\/100\n|-ability|p2b: Incineroar|Intimidate|boost\n|-unboost|p1a: Volcarona|atk|1\n|-unboost|p1b: Iron Jugulis|atk|1\n|turn|5\n|\n|t:|1701000130\n|move|p2b: Incineroar|Fake Out|p1a: Volcarona\n|-damage|p1a: Volcarona|38\/100\n|cant|p1a: Volcarona|flinch\n|move|p1b: Iron Jugulis|Earth Power|p2b: Incineroar\n|-supereffective|p2b: Incineroar\n|-damage|p2b: Incineroar|8\/100\n|-enditem|p2b: Incineroar|Sitrus Berry|[eat]\n|-heal|p2b: Incineroar|33\/100|[from] item: Sitrus Berry\n|move|p2a: Salamence|Hyper Voice|p1b: Iron Jugulis|[spread] p1a,p1b\n|-supereffective|p1a: Volcarona\n|-crit|p1a: Volcarona\n|-damage|p1a: Volcarona|0 fnt\n|-damage|p1b: Iron Jugulis|0 fnt\n|faint|p1a: Volcarona\n|faint|p1b: Iron Jugulis\n|-end|p1b: Iron Jugulis|Quark Drive|[silent]\n|\n|-sideend|p1: LightBlade35|move: Tailwind\n|-fieldend|move: Electric Terrain\n|upkeep\n|\n|t:|1701000158\n|switch|p1b: Metagrueso|Metagross, shiny|100\/100\n|switch|p1a: Kommo-o|Kommo-o, M, shiny|100\/100\n|turn|6\n|\n|t:|1701000169\n|detailschange|p1b: Metagrueso|Metagross-Mega, shiny\n|-mega|p1b: Metagrueso|Metagross|Metagrossite\n|-terastallize|p2b: Incineroar|Fairy\n|move|p2a: Salamence|Protect|p2a: Salamence\n|-singleturn|p2a: Salamence|Protect\n|move|p1b: Metagrueso|Ice Punch|p2a: Salamence\n|-activate|p2a: Salamence|move: Protect\n|-zpower|p1a: Kommo-o\n|move|p1a: Kommo-o|Clangorous Soulblaze|p2b: Incineroar|[zeffect]|[spread] p2a\n|-immune|p2b: Incineroar\n|-supereffective|p2a: Salamence\n|-zbroken|p2a: Salamence\n|-damage|p2a: Salamence|34\/100\n|-boost|p1a: Kommo-o|atk|1\n|-boost|p1a: Kommo-o|def|1\n|-boost|p1a: Kommo-o|spa|1\n|-boost|p1a: Kommo-o|spd|1\n|-boost|p1a: Kommo-o|spe|1\n|move|p2b: Incineroar|Flare Blitz|p1b: Metagrueso\n|-supereffective|p1b: Metagrueso\n|-damage|p1b: Metagrueso|29\/100\n|-damage|p2b: Incineroar|15\/100|[from] Recoil\n|\n|upkeep\n|turn|7\n|inactive|heitaok has 120 seconds left.\n|\n|t:|1701000215\n|switch|p2a: Amoonguss|Amoonguss, M|100\/100\n|move|p1b: Metagrueso|Bullet Punch|p2b: Incineroar\n|-supereffective|p2b: Incineroar\n|-damage|p2b: Incineroar|0 fnt\n|faint|p2b: Incineroar\n|move|p1a: Kommo-o|Clanging Scales|p2a: Amoonguss\n|-damage|p2a: Amoonguss|36\/100\n|-enditem|p2a: Amoonguss|Sitrus Berry|[eat]\n|-heal|p2a: Amoonguss|61\/100|[from] item: Sitrus Berry\n|-unboost|p1a: Kommo-o|def|1\n|\n|upkeep\n|\n|t:|1701000220\n|switch|p2b: Ninetales|Ninetales-Alola, F|100\/100\n|-weather|Snow|[from] ability: Snow Warning|[of] p2b: Ninetales\n|turn|8\n|\n|t:|1701000227\n|switch|p1b: Tapu Koko|Tapu Koko, tera:Electric|100\/100\n|-fieldstart|move: Electric Terrain|[from] ability: Electric Surge|[of] p1b: Tapu Koko\n|move|p2b: Ninetales|Protect|p2b: Ninetales\n|-singleturn|p2b: Ninetales|Protect\n|move|p1a: Kommo-o|Flash Cannon|p2b: Ninetales\n|-activate|p2b: Ninetales|move: Protect\n|move|p2a: Amoonguss|Spore|p1a: Kommo-o\n|-activate|p1a: Kommo-o|move: Electric Terrain\n|\n|-weather|Snow|[upkeep]\n|upkeep\n|turn|9\n|\n|t:|1701000244\n|move|p1a: Kommo-o|Flash Cannon|p2b: Ninetales\n|-supereffective|p2b: Ninetales\n|-damage|p2b: Ninetales|0 fnt\n|faint|p2b: Ninetales\n|move|p1b: Tapu Koko|Volt Switch|p2a: Amoonguss\n|-resisted|p2a: Amoonguss\n|-damage|p2a: Amoonguss|40\/100\n|\n|t:|1701000251\n|switch|p1b: Metagrueso|Metagross-Mega, shiny|29\/100|[from] Volt Switch\n|move|p2a: Amoonguss|Leaf Storm|p1b: Metagrueso\n|-resisted|p1b: Metagrueso\n|-damage|p1b: Metagrueso|8\/100\n|-unboost|p2a: Amoonguss|spa|2\n|\n|-weather|Snow|[upkeep]\n|upkeep\n|-message|heitaok forfeited.\n|\n|win|LightBlade35\n|raw|LightBlade35's rating: 1408 &rarr; <strong>1425<\/strong><br \/>(+17 for winning)\n|raw|heitaok's rating: 1356 &rarr; <strong>1339<\/strong><br \/>(-17 for losing)\n|l|\u2606LightBlade35\n","uploadtime":1701000262,"views":0,"p1id":"lightblade35","p2id":"heitaok","formatid":"gen9nationaldexdoubles","rating":1339,"private":0,"password":""}