{"id":"gen9nationaldexdoubles-1963124554","p1":"music and apple","p2":"Mokaccino321","format":"[Gen 9] National Dex Doubles","log":"|j|\u2606music and apple\n|j|\u2606Mokaccino321\n|t:|1696829762\n|gametype|doubles\n|player|p1|music and apple|iris-gen5bw2|1476\n|player|p2|Mokaccino321|170|1527\n|teamsize|p1|6\n|teamsize|p2|6\n|gen|9\n|tier|[Gen 9] National Dex Doubles\n|rated|\n|rule|HP Percentage Mod: HP is shown in percentages\n|rule|Endless Battle Clause: Forcing endless battles is banned\n|rule|OHKO Clause: OHKO moves are banned\n|rule|Evasion Moves Clause: Evasion moves are banned\n|rule|Evasion Abilities Clause: Evasion abilities are banned\n|rule|Species Clause: Limit one of each Pok\u00e9mon\n|rule|Gravity Sleep Clause: The combination of sleep-inducing moves with imperfect accuracy and Gravity or Gigantamax Orbeetle are banned\n|clearpoke\n|poke|p1|Oranguru, F|\n|poke|p1|Cresselia, F|\n|poke|p1|Torkoal, M|\n|poke|p1|Heatran, M|\n|poke|p1|Iron Hands|\n|poke|p1|Brute Bonnet|\n|poke|p2|Tornadus, M|\n|poke|p2|Thundurus-Therian, M|\n|poke|p2|Espeon, F|\n|poke|p2|Charizard, M|\n|poke|p2|Raikou|\n|poke|p2|Greninja-*, M|\n|teampreview\n|\n|t:|1696829783\n|start\n|switch|p1a: Oranguru|Oranguru, F|100\/100\n|switch|p1b: Heatran|Heatran, M|100\/100\n|switch|p2a: Weather Forecast|Tornadus, M|100\/100\n|switch|p2b: Thundurus|Thundurus-Therian, M|100\/100\n|turn|1\n|\n|t:|1696829793\n|move|p2a: Weather Forecast|Rain Dance|p2a: Weather Forecast\n|-weather|RainDance\n|move|p2b: Thundurus|Weather Ball|p1b: Heatran\n|-supereffective|p1b: Heatran\n|-damage|p1b: Heatran|0 fnt\n|faint|p1b: Heatran\n|move|p1a: Oranguru|Trick Room|p1a: Oranguru\n|-fieldstart|move: Trick Room|[of] p1a: Oranguru\n|\n|-weather|RainDance|[upkeep]\n|upkeep\n|\n|t:|1696829800\n|switch|p1b: Iron Hands|Iron Hands|100\/100\n|-enditem|p1b: Iron Hands|Booster Energy\n|-activate|p1b: Iron Hands|ability: Quark Drive|[fromitem]\n|-start|p1b: Iron Hands|quarkdriveatk\n|turn|2\n|inactive|Battle timer is ON: inactive players will automatically lose when time's up. (requested by music and apple)\n|\n|t:|1696829831\n|switch|p2a: Raikou|Raikou|100\/100\n|-ability|p2a: Raikou|Pressure\n|move|p1b: Iron Hands|Wild Charge|p2a: Raikou\n|-resisted|p2a: Raikou\n|-damage|p2a: Raikou|55\/100\n|-damage|p1b: Iron Hands|92\/100|[from] Recoil\n|move|p1a: Oranguru|Encore||[still]\n|-fail|p1a: Oranguru\n|move|p2b: Thundurus|Thunder|p1a: Oranguru\n|-damage|p1a: Oranguru|58\/100\n|\n|-weather|RainDance|[upkeep]\n|upkeep\n|turn|3\n|\n|t:|1696829849\n|move|p1b: Iron Hands|Drain Punch|p2b: Thundurus\n|-resisted|p2b: Thundurus\n|-damage|p2b: Thundurus|54\/100\n|-heal|p1b: Iron Hands|100\/100|[from] drain|[of] p2b: Thundurus\n|move|p1a: Oranguru|Instruct|p1b: Iron Hands\n|-singleturn|p1b: Iron Hands|move: Instruct|[of] p1a: Oranguru\n|move|p1b: Iron Hands|Drain Punch|p2b: Thundurus\n|-resisted|p2b: Thundurus\n|-damage|p2b: Thundurus|11\/100\n|move|p2b: Thundurus|Weather Ball|p1b: Iron Hands\n|-damage|p1b: Iron Hands|57\/100\n|move|p2a: Raikou|Weather Ball|p1b: Iron Hands\n|-damage|p1b: Iron Hands|12\/100\n|-damage|p2a: Raikou|45\/100|[from] item: Life Orb\n|\n|-weather|RainDance|[upkeep]\n|upkeep\n|turn|4\n|\n|t:|1696829866\n|move|p2b: Thundurus|Protect|p2b: Thundurus\n|-singleturn|p2b: Thundurus|Protect\n|move|p1b: Iron Hands|Drain Punch|p2a: Raikou\n|-damage|p2a: Raikou|0 fnt\n|-heal|p1b: Iron Hands|28\/100|[from] drain|[of] p2a: Raikou\n|faint|p2a: Raikou\n|move|p1a: Oranguru|Psychic|p2b: Thundurus\n|-activate|p2b: Thundurus|move: Protect\n|\n|-weather|RainDance|[upkeep]\n|upkeep\n|\n|t:|1696829881\n|switch|p2a: Espeon|Espeon, F|100\/100\n|turn|5\n|\n|t:|1696829894\n|move|p1b: Iron Hands|Wild Charge|p2a: Espeon\n|-damage|p2a: Espeon|0 fnt\n|faint|p2a: Espeon\n|-damage|p1b: Iron Hands|13\/100|[from] Recoil\n|move|p1a: Oranguru|Psychic|p2b: Thundurus\n|-damage|p2b: Thundurus|0 fnt\n|faint|p2b: Thundurus\n|\n|-weather|none\n|-fieldend|move: Trick Room\n|upkeep\n|\n|t:|1696829904\n|switch|p2a: Greninja|Greninja, M|100\/100\n|switch|p2b: Charizard|Charizard, M|100\/100\n|turn|6\n|\n|t:|1696829926\n|detailschange|p2b: Charizard|Charizard-Mega-Y, M\n|-mega|p2b: Charizard|Charizard|Charizardite Y\n|-weather|SunnyDay|[from] ability: Drought|[of] p2b: Charizard\n|move|p2a: Greninja|Weather Ball|p1b: Iron Hands\n|-start|p2a: Greninja|typechange|Fire|[from] ability: Protean\n|-damage|p1b: Iron Hands|0 fnt\n|faint|p1b: Iron Hands\n|-end|p1b: Iron Hands|Quark Drive|[silent]\n|move|p2b: Charizard|Weather Ball|p1a: Oranguru\n|-damage|p1a: Oranguru|0 fnt\n|faint|p1a: Oranguru\n|\n|-weather|SunnyDay|[upkeep]\n|upkeep\n|\n|t:|1696829938\n|switch|p1a: Cresselia|Cresselia, F|100\/100\n|switch|p1b: Torkoal|Torkoal, M|100\/100\n|turn|7\n|\n|t:|1696829953\n|move|p2a: Greninja|Weather Ball|p1a: Cresselia\n|-damage|p1a: Cresselia|39\/100\n|move|p2b: Charizard|Scorching Sands|p1b: Torkoal\n|-supereffective|p1b: Torkoal\n|-damage|p1b: Torkoal|25\/100\n|move|p1b: Torkoal|Heat Wave|p2b: Charizard|[spread] p2b\n|-miss|p1b: Torkoal|p2a: Greninja\n|-resisted|p2b: Charizard\n|-damage|p2b: Charizard|73\/100\n|move|p1a: Cresselia|Trick Room|p1a: Cresselia\n|-fieldstart|move: Trick Room|[of] p1a: Cresselia\n|\n|-weather|SunnyDay|[upkeep]\n|-heal|p1a: Cresselia|45\/100|[from] item: Leftovers\n|upkeep\n|turn|8\n|\n|t:|1696829974\n|-terastallize|p1b: Torkoal|Fire\n|move|p1b: Torkoal|Heat Wave|p2b: Charizard|[spread] p2a,p2b\n|-resisted|p2a: Greninja\n|-resisted|p2b: Charizard\n|-damage|p2a: Greninja|38\/100\n|-damage|p2b: Charizard|37\/100\n|move|p1a: Cresselia|Lunar Blessing|p1a: Cresselia|[spread] p1a,p1b\n|-heal|p1a: Cresselia|70\/100\n|-heal|p1b: Torkoal|50\/100\n|move|p2b: Charizard|Scorching Sands|p1b: Torkoal\n|-supereffective|p1b: Torkoal\n|-damage|p1b: Torkoal|0 fnt\n|faint|p1b: Torkoal\n|move|p2a: Greninja|Weather Ball|p1a: Cresselia\n|-crit|p1a: Cresselia\n|-damage|p1a: Cresselia|0 fnt\n|faint|p1a: Cresselia\n|\n|-weather|SunnyDay|[upkeep]\n|upkeep\n|\n|t:|1696829980\n|switch|p1a: Brute Bonnet|Brute Bonnet|100\/100\n|-activate|p1a: Brute Bonnet|ability: Protosynthesis\n|-start|p1a: Brute Bonnet|protosynthesisatk\n|turn|9\n|\n|t:|1696829992\n|move|p1a: Brute Bonnet|Sucker Punch|p2b: Charizard\n|-damage|p2b: Charizard|0 fnt\n|faint|p2b: Charizard\n|move|p2a: Greninja|Weather Ball|p1a: Brute Bonnet\n|-supereffective|p1a: Brute Bonnet\n|-damage|p1a: Brute Bonnet|0 fnt\n|faint|p1a: Brute Bonnet\n|-end|p1a: Brute Bonnet|Protosynthesis|[silent]\n|\n|win|Mokaccino321\n|raw|music and apple's rating: 1476 &rarr; <strong>1459<\/strong><br \/>(-17 for losing)\n|raw|Mokaccino321's rating: 1527 &rarr; <strong>1544<\/strong><br \/>(+17 for winning)\n|l|\u2606music and apple\n","uploadtime":1696830007,"views":50,"p1id":"musicandapple","p2id":"mokaccino321","formatid":"gen9nationaldexdoubles","rating":1459,"private":0,"password":""}