{"id":"gen9nationaldexdoubles-1978468861","p1":"El Ryuk456","p2":"A real eel","format":"[Gen 9] National Dex Doubles","log":"|j|\u2606El Ryuk456\n|j|\u2606A real eel\n|t:|1698542934\n|gametype|doubles\n|player|p1|El Ryuk456|ingo|1361\n|player|p2|A real eel|bugcatcher-gen6|1439\n|teamsize|p1|6\n|teamsize|p2|6\n|gen|9\n|tier|[Gen 9] National Dex Doubles\n|rated|\n|rule|HP Percentage Mod: HP is shown in percentages\n|rule|Endless Battle Clause: Forcing endless battles is banned\n|rule|OHKO Clause: OHKO moves are banned\n|rule|Evasion Moves Clause: Evasion moves are banned\n|rule|Evasion Abilities Clause: Evasion abilities are banned\n|rule|Species Clause: Limit one of each Pok\u00e9mon\n|rule|Gravity Sleep Clause: The combination of sleep-inducing moves with imperfect accuracy and Gravity or Gigantamax Orbeetle are banned\n|clearpoke\n|poke|p1|Thundurus-Therian, M|\n|poke|p1|Latias, F|\n|poke|p1|Pelipper, M|\n|poke|p1|Blastoise, M|\n|poke|p1|Gardevoir, F|\n|poke|p1|Meowscarada, M|\n|poke|p2|Charizard, M|\n|poke|p2|Torkoal, M|\n|poke|p2|Walking Wake|\n|poke|p2|Flutter Mane|\n|poke|p2|Ogerpon-Hearthflame, F|\n|poke|p2|Tornadus, M|\n|teampreview\n|inactive|Battle timer is ON: inactive players will automatically lose when time's up. (requested by A real eel)\n|\n|t:|1698542965\n|start\n|switch|p1a: Thundurus|Thundurus-Therian, M|100\/100\n|switch|p1b: Harbor|Blastoise, M|100\/100\n|switch|p2a: Ogerpon|Ogerpon-Hearthflame, F|100\/100\n|switch|p2b: Charizard|Charizard, M|100\/100\n|-ability|p2a: Ogerpon|Mold Breaker\n|turn|1\n|\n|t:|1698542986\n|detailschange|p2b: Charizard|Charizard-Mega-Y, M\n|-mega|p2b: Charizard|Charizard|Charizardite Y\n|-weather|SunnyDay|[from] ability: Drought|[of] p2b: Charizard\n|-terastallize|p2a: Ogerpon|Fire\n|detailschange|p2a: Ogerpon|Ogerpon-Hearthflame-Tera, F, tera:Fire\n|-ability|p2a: Ogerpon|Embody Aspect (Hearthflame)|boost\n|-boost|p2a: Ogerpon|atk|1\n|move|p1b: Harbor|Fake Out|p2a: Ogerpon\n|-damage|p2a: Ogerpon|93\/100\n|cant|p2a: Ogerpon|flinch\n|move|p1a: Thundurus|Wildbolt Storm|p2b: Charizard|[spread] p2a,p2b\n|-crit|p2a: Ogerpon\n|-supereffective|p2b: Charizard\n|-damage|p2a: Ogerpon|0 fnt\n|-damage|p2b: Charizard|0 fnt\n|faint|p2a: Ogerpon\n|faint|p2b: Charizard\n|\n|-weather|SunnyDay|[upkeep]\n|upkeep\n|inactive|A real eel has 120 seconds left.\n|\n|t:|1698543004\n|switch|p2a: Walking Wake|Walking Wake|100\/100\n|switch|p2b: Flutter Mane|Flutter Mane|100\/100\n|-activate|p2b: Flutter Mane|ability: Protosynthesis\n|-start|p2b: Flutter Mane|protosynthesisspe\n|-activate|p2a: Walking Wake|ability: Protosynthesis\n|-start|p2a: Walking Wake|protosynthesisspe\n|turn|2\n|\n|t:|1698543033\n|switch|p1b: Pelipper|Pelipper, M|100\/100\n|-weather|RainDance|[from] ability: Drizzle|[of] p1b: Pelipper\n|-end|p2b: Flutter Mane|Protosynthesis\n|-end|p2a: Walking Wake|Protosynthesis\n|-zpower|p2b: Flutter Mane\n|move|p2b: Flutter Mane|Twinkle Tackle|p1b: Pelipper|[zeffect]\n|-damage|p1b: Pelipper|0 fnt\n|faint|p1b: Pelipper\n|move|p2a: Walking Wake|Hydro Steam|p1a: Thundurus\n|-damage|p1a: Thundurus|0 fnt\n|faint|p1a: Thundurus\n|\n|-weather|RainDance|[upkeep]\n|upkeep\n|inactive|El Ryuk456 has 120 seconds left.\n|\n|t:|1698543050\n|switch|p1a: Gardevoir|Gardevoir, F, shiny|100\/100\n|switch|p1b: Meowscarada|Meowscarada, M|100\/100\n|turn|3\n|\n|t:|1698543064\n|-end|p2b: Flutter Mane|Protosynthesis|[silent]\n|switch|p2b: Torkoal|Torkoal, M|100\/100\n|-weather|SunnyDay|[from] ability: Drought|[of] p1a: Gardevoir\n|-activate|p2a: Walking Wake|ability: Protosynthesis\n|-start|p2a: Walking Wake|protosynthesisspe\n|-ability|p1a: Gardevoir|Drought|[from] ability: Trace|[of] p2b: Torkoal\n|detailschange|p1a: Gardevoir|Gardevoir-Mega, F, shiny\n|-mega|p1a: Gardevoir|Gardevoir|Gardevoirite\n|move|p2a: Walking Wake|Hydro Steam|p1a: Gardevoir\n|-damage|p1a: Gardevoir|16\/100\n|move|p1b: Meowscarada|Flower Trick|p2a: Walking Wake\n|-crit|p2a: Walking Wake\n|-damage|p2a: Walking Wake|46\/100\n|move|p1a: Gardevoir|Hyper Voice|p2a: Walking Wake|[spread] p2a,p2b\n|-supereffective|p2a: Walking Wake\n|-resisted|p2b: Torkoal\n|-damage|p2a: Walking Wake|0 fnt\n|-damage|p2b: Torkoal|79\/100\n|faint|p2a: Walking Wake\n|-end|p2a: Walking Wake|Protosynthesis|[silent]\n|\n|-weather|SunnyDay|[upkeep]\n|upkeep\n|\n|t:|1698543082\n|switch|p2a: Flutter Mane|Flutter Mane|100\/100\n|-activate|p2a: Flutter Mane|ability: Protosynthesis\n|-start|p2a: Flutter Mane|protosynthesisspe\n|turn|4\n|\n|t:|1698543091\n|move|p2b: Torkoal|Helping Hand|p2a: Flutter Mane\n|-singleturn|p2a: Flutter Mane|Helping Hand|[of] p2b: Torkoal\n|move|p1b: Meowscarada|Sucker Punch|p2a: Flutter Mane\n|-damage|p2a: Flutter Mane|34\/100\n|move|p2a: Flutter Mane|Dazzling Gleam|p1a: Gardevoir|[spread] p1a,p1b\n|-supereffective|p1b: Meowscarada\n|-damage|p1a: Gardevoir|0 fnt\n|-enditem|p1b: Meowscarada|Focus Sash\n|-damage|p1b: Meowscarada|1\/100\n|faint|p1a: Gardevoir\n|\n|-weather|SunnyDay|[upkeep]\n|upkeep\n|\n|t:|1698543101\n|switch|p1a: Harbor|Blastoise, M|100\/100\n|turn|5\n|\n|t:|1698543106\n|-end|p2a: Flutter Mane|Protosynthesis|[silent]\n|switch|p2a: Tornadus|Tornadus, M|100\/100\n|move|p1a: Harbor|Fake Out|p2b: Torkoal\n|-damage|p2b: Torkoal|73\/100\n|move|p1b: Meowscarada|Sucker Punch||[still]\n|-fail|p1b: Meowscarada\n|cant|p2b: Torkoal|flinch\n|\n|-weather|SunnyDay|[upkeep]\n|upkeep\n|turn|6\n|\n|t:|1698543117\n|move|p1b: Meowscarada|Flower Trick|p2a: Tornadus\n|-resisted|p2a: Tornadus\n|-crit|p2a: Tornadus\n|-damage|p2a: Tornadus|48\/100\n|move|p2a: Tornadus|Heat Wave|p1a: Harbor|[spread] p1a,p1b\n|-resisted|p1a: Harbor\n|-supereffective|p1b: Meowscarada\n|-damage|p1a: Harbor|84\/100\n|-damage|p1b: Meowscarada|0 fnt\n|-status|p1a: Harbor|brn\n|faint|p1b: Meowscarada\n|move|p1a: Harbor|Scald|p2b: Torkoal\n|-supereffective|p2b: Torkoal\n|-damage|p2b: Torkoal|52\/100\n|move|p2b: Torkoal|Will-O-Wisp|p1a: Harbor\n|-fail|p1a: Harbor|brn\n|\n|-weather|SunnyDay|[upkeep]\n|-heal|p1a: Harbor|91\/100 brn|[from] item: Leftovers\n|-damage|p1a: Harbor|84\/100 brn|[from] brn\n|upkeep\n|\n|t:|1698543130\n|switch|p1b: Latias|Latias, F|100\/100\n|turn|7\n|\n|t:|1698543135\n|move|p2a: Tornadus|Tailwind|p2a: Tornadus\n|-sidestart|p2: A real eel|move: Tailwind\n|move|p1b: Latias|Icy Wind|p2b: Torkoal|[spread] p2a,p2b\n|-supereffective|p2a: Tornadus\n|-resisted|p2b: Torkoal\n|-damage|p2a: Tornadus|10\/100\n|-damage|p2b: Torkoal|46\/100\n|-unboost|p2a: Tornadus|spe|1\n|-unboost|p2b: Torkoal|spe|1\n|move|p1a: Harbor|Scald|p2b: Torkoal\n|-supereffective|p2b: Torkoal\n|-damage|p2b: Torkoal|25\/100\n|-enditem|p2b: Torkoal|Iapapa Berry|[eat]\n|-heal|p2b: Torkoal|58\/100|[from] item: Iapapa Berry\n|move|p2b: Torkoal|Heat Wave|p1b: Latias|[spread] p1a,p1b\n|-resisted|p1a: Harbor\n|-resisted|p1b: Latias\n|-damage|p1a: Harbor|70\/100 brn\n|-damage|p1b: Latias|88\/100\n|\n|-weather|none\n|-heal|p1a: Harbor|76\/100 brn|[from] item: Leftovers\n|-damage|p1a: Harbor|70\/100 brn|[from] brn\n|upkeep\n|turn|8\n|\n|t:|1698543155\n|move|p2a: Tornadus|Bleakwind Storm|p1b: Latias|[spread] p1a,p1b\n|-crit|p1a: Harbor\n|-damage|p1a: Harbor|25\/100 brn\n|-damage|p1b: Latias|58\/100\n|-unboost|p1b: Latias|spe|1\n|-zpower|p1b: Latias\n|move|p1b: Latias|Shattered Psyche|p2b: Torkoal|[zeffect]\n|-damage|p2b: Torkoal|0 fnt\n|faint|p2b: Torkoal\n|move|p1a: Harbor|Scald|p2a: Tornadus\n|-damage|p2a: Tornadus|0 fnt\n|faint|p2a: Tornadus\n|\n|-heal|p1a: Harbor|31\/100 brn|[from] item: Leftovers\n|-damage|p1a: Harbor|25\/100 brn|[from] brn\n|upkeep\n|inactive|A real eel has 120 seconds left.\n|\n|t:|1698543192\n|switch|p2a: Flutter Mane|Flutter Mane|34\/100\n|turn|9\n|\n|t:|1698543203\n|-terastallize|p1a: Harbor|Poison\n|move|p1b: Latias|Helping Hand|p1a: Harbor\n|-singleturn|p1a: Harbor|Helping Hand|[of] p1b: Latias\n|move|p2a: Flutter Mane|Dazzling Gleam|p1a: Harbor|[spread] p1a,p1b\n|-resisted|p1a: Harbor\n|-supereffective|p1b: Latias\n|-damage|p1a: Harbor|13\/100 brn\n|-damage|p1b: Latias|10\/100\n|move|p1a: Harbor|Scald|p2a: Flutter Mane\n|-damage|p2a: Flutter Mane|0 fnt\n|faint|p2a: Flutter Mane\n|-end|p2a: Flutter Mane|Protosynthesis|[silent]\n|\n|win|El Ryuk456\n|raw|El Ryuk456's rating: 1361 &rarr; <strong>1385<\/strong><br \/>(+24 for winning)\n|raw|A real eel's rating: 1439 &rarr; <strong>1415<\/strong><br \/>(-24 for losing)\n|l|\u2606A real eel\n","uploadtime":1698543214,"views":9,"p1id":"elryuk456","p2id":"arealeel","formatid":"gen9nationaldexdoubles","rating":1385,"private":0,"password":""}