{"id":"gen9nationaldexdoubles-1986331158","p1":"lxvliiz","p2":"I win EASY loser","format":"[Gen 9] National Dex Doubles","log":"|j|\u2606lxvliiz\n|j|\u2606I win EASY loser\n|t:|1699469910\n|gametype|doubles\n|player|p1|lxvliiz|guitarist|1054\n|player|p2|I win EASY loser|battlegirl-gen4|1000\n|teamsize|p1|6\n|teamsize|p2|6\n|gen|9\n|tier|[Gen 9] National Dex Doubles\n|rated|\n|rule|HP Percentage Mod: HP is shown in percentages\n|rule|Endless Battle Clause: Forcing endless battles is banned\n|rule|OHKO Clause: OHKO moves are banned\n|rule|Evasion Moves Clause: Evasion moves are banned\n|rule|Evasion Abilities Clause: Evasion abilities are banned\n|rule|Species Clause: Limit one of each Pok\u00e9mon\n|rule|Gravity Sleep Clause: The combination of sleep-inducing moves with imperfect accuracy and Gravity or Gigantamax Orbeetle are banned\n|clearpoke\n|poke|p1|Kommo-o, M|\n|poke|p1|Volcarona, F|\n|poke|p1|Oricorio-Pom-Pom, M|\n|poke|p1|Quaquaval, M|\n|poke|p1|Flamigo, M|\n|poke|p1|Marshadow|\n|poke|p2|Zygarde|\n|poke|p2|Blastoise, F|\n|poke|p2|Clefable, F|\n|poke|p2|Indeedee-F, F|\n|poke|p2|Venomoth, F|\n|poke|p2|Mr. Mime, F|\n|teampreview\n|\n|t:|1699469917\n|start\n|switch|p1a: dance with me|Volcarona, F, shiny|100\/100\n|switch|p1b: till you die|Oricorio-Pom-Pom, M, shiny|100\/100\n|switch|p2a: Zygarde|Zygarde|100\/100\n|switch|p2b: Blastoise|Blastoise, F|100\/100\n|-ability|p2a: Zygarde|Aura Break\n|turn|1\n|inactive|Battle timer is ON: inactive players will automatically lose when time's up. (requested by I win EASY loser)\n|\n|t:|1699469934\n|move|p2b: Blastoise|Follow Me|p2b: Blastoise\n|-singleturn|p2b: Blastoise|move: Follow Me\n|move|p1b: till you die|Revelation Dance|p2b: Blastoise\n|-supereffective|p2b: Blastoise\n|-damage|p2b: Blastoise|40\/100\n|move|p1a: dance with me|Quiver Dance|p1a: dance with me\n|-boost|p1a: dance with me|spa|1\n|-boost|p1a: dance with me|spd|1\n|-boost|p1a: dance with me|spe|1\n|-activate|p1b: till you die|ability: Dancer\n|move|p1b: till you die|Quiver Dance|p1b: till you die|[from]ability: Dancer\n|-boost|p1b: till you die|spa|1\n|-boost|p1b: till you die|spd|1\n|-boost|p1b: till you die|spe|1\n|move|p2a: Zygarde|Dragon Dance|p2a: Zygarde\n|-boost|p2a: Zygarde|atk|1\n|-boost|p2a: Zygarde|spe|1\n|-enditem|p1b: till you die|Mirror Herb\n|-boost|p1b: till you die|atk|1|[from] item: Mirror Herb\n|-boost|p1b: till you die|spe|1|[from] item: Mirror Herb\n|-activate|p1b: till you die|ability: Dancer\n|move|p1b: till you die|Dragon Dance|p1b: till you die|[from]ability: Dancer\n|-boost|p1b: till you die|atk|1\n|-boost|p1b: till you die|spe|1\n|\n|upkeep\n|turn|2\n|inactive|I win EASY loser has 120 seconds left.\n|\n|t:|1699469989\n|move|p2a: Zygarde|Protect|p2a: Zygarde\n|-singleturn|p2a: Zygarde|Protect\n|move|p2b: Blastoise|Follow Me|p2b: Blastoise\n|-singleturn|p2b: Blastoise|move: Follow Me\n|move|p1b: till you die|Revelation Dance|p2b: Blastoise\n|-supereffective|p2b: Blastoise\n|-damage|p2b: Blastoise|0 fnt\n|faint|p2b: Blastoise\n|move|p1a: dance with me|Fiery Dance|p2a: Zygarde\n|-activate|p2a: Zygarde|move: Protect\n|\n|upkeep\n|inactive|I win EASY loser has 90 seconds left.\n|\n|t:|1699470007\n|switch|p2b: Clefable|Clefable, F|100\/100\n|turn|3\n|\n|t:|1699470018\n|move|p2b: Clefable|Follow Me|p2b: Clefable\n|-singleturn|p2b: Clefable|move: Follow Me\n|move|p1b: till you die|Quiver Dance|p1b: till you die\n|-boost|p1b: till you die|spa|1\n|-boost|p1b: till you die|spd|1\n|-boost|p1b: till you die|spe|1\n|move|p1a: dance with me|Quiver Dance|p1a: dance with me\n|-boost|p1a: dance with me|spa|1\n|-boost|p1a: dance with me|spd|1\n|-boost|p1a: dance with me|spe|1\n|-activate|p1b: till you die|ability: Dancer\n|move|p1b: till you die|Quiver Dance|p1b: till you die|[from]ability: Dancer\n|-boost|p1b: till you die|spa|1\n|-boost|p1b: till you die|spd|1\n|-boost|p1b: till you die|spe|1\n|move|p2a: Zygarde|Thousand Arrows|p1a: dance with me|[spread] p1a,p1b\n|-damage|p1a: dance with me|12\/100\n|-damage|p1b: till you die|12\/100\n|-start|p1b: till you die|Smack Down\n|-enditem|p1a: dance with me|Wiki Berry|[eat]\n|-heal|p1a: dance with me|45\/100|[from] item: Wiki Berry\n|\n|upkeep\n|turn|4\n|\n|t:|1699470041\n|move|p2b: Clefable|Follow Me|p2b: Clefable\n|-singleturn|p2b: Clefable|move: Follow Me\n|move|p1b: till you die|Revelation Dance|p2b: Clefable\n|-damage|p2b: Clefable|12\/100\n|move|p1a: dance with me|Fiery Dance|p2b: Clefable\n|-damage|p2b: Clefable|0 fnt\n|faint|p2b: Clefable\n|-activate|p1b: till you die|ability: Dancer\n|move|p1b: till you die|Fiery Dance|p2a: Zygarde|[from]ability: Dancer\n|-resisted|p2a: Zygarde\n|-damage|p2a: Zygarde|76\/100\n|-boost|p1b: till you die|spa|1\n|move|p2a: Zygarde|Thousand Arrows|p1b: till you die|[spread] p1a,p1b\n|-supereffective|p1b: till you die\n|-damage|p1a: dance with me|0 fnt\n|-damage|p1b: till you die|0 fnt\n|faint|p1a: dance with me\n|faint|p1b: till you die\n|\n|upkeep\n|c|\u2606lxvliiz|rip\n|\n|t:|1699470071\n|switch|p1b: forever|Quaquaval, M, shiny|100\/100\n|switch|p1a: everyone dance|Marshadow|100\/100\n|switch|p2b: Indeedee|Indeedee-F, F|100\/100\n|-fieldstart|move: Psychic Terrain|[from] ability: Psychic Surge|[of] p2b: Indeedee\n|turn|5\n|\n|t:|1699470084\n|-terastallize|p1b: forever|Water\n|move|p2b: Indeedee|Follow Me|p2b: Indeedee\n|-singleturn|p2b: Indeedee|move: Follow Me\n|move|p1a: everyone dance|Spectral Thief|p2b: Indeedee\n|-immune|p2b: Indeedee\n|move|p2a: Zygarde|Dragon Dance|p2a: Zygarde\n|-boost|p2a: Zygarde|atk|1\n|-boost|p2a: Zygarde|spe|1\n|move|p1b: forever|Aqua Step|p2b: Indeedee\n|-damage|p2b: Indeedee|39\/100\n|-boost|p1b: forever|spe|1\n|\n|upkeep\n|turn|6\n|\n|t:|1699470113\n|move|p2b: Indeedee|Follow Me|p2b: Indeedee\n|-singleturn|p2b: Indeedee|move: Follow Me\n|move|p2a: Zygarde|Thousand Arrows|p1b: forever|[spread] p1a,p1b\n|-damage|p1a: everyone dance|12\/100\n|-damage|p1b: forever|0 fnt\n|faint|p1b: forever\n|move|p1a: everyone dance|Spectral Thief|p2b: Indeedee\n|-immune|p2b: Indeedee\n|\n|upkeep\n|\n|t:|1699470120\n|switch|p1b: dance dance dance|Kommo-o, M, shiny|100\/100\n|turn|7\n|\n|t:|1699470135\n|move|p2b: Indeedee|Helping Hand|p2a: Zygarde\n|-singleturn|p2a: Zygarde|Helping Hand|[of] p2b: Indeedee\n|move|p2a: Zygarde|Thousand Arrows|p1b: dance dance dance|[spread] p1a,p1b\n|-damage|p1a: everyone dance|0 fnt\n|-damage|p1b: dance dance dance|0 fnt\n|faint|p1a: everyone dance\n|faint|p1b: dance dance dance\n|\n|upkeep\n|c|\u2606lxvliiz|ggs lmao well played\n|\n|t:|1699470141\n|switch|p1b: one last dance|Flamigo, M, shiny|100\/100\n|turn|8\n|\n|t:|1699470146\n|move|p2b: Indeedee|Follow Me|p2b: Indeedee\n|-singleturn|p2b: Indeedee|move: Follow Me\n|move|p2a: Zygarde|Thousand Arrows|p1b: one last dance\n|-damage|p1b: one last dance|0 fnt\n|faint|p1b: one last dance\n|\n|win|I win EASY loser\n|raw|lxvliiz's rating: 1085 &rarr; <strong>1057<\/strong><br \/>(-28 for losing)\n|raw|I win EASY loser's rating: 1000 &rarr; <strong>1050<\/strong><br \/>(+50 for winning)\n|l|\u2606lxvliiz\n","uploadtime":1699470156,"views":5,"p1id":"lxvliiz","p2id":"iwineasyloser","formatid":"gen9nationaldexdoubles","rating":1050,"private":0,"password":""}