{"id":"gen9nationaldexdoubles-1992104852","p1":"fiyp","p2":"fumbari 24","format":"[Gen 9] National Dex Doubles","log":"|j|\u2606fiyp\n|j|\u2606fumbari 24\n|t:|1700155492\n|gametype|doubles\n|player|p1|fiyp|drayden|1205\n|player|p2|fumbari 24|hilbert|1355\n|teamsize|p1|6\n|teamsize|p2|6\n|gen|9\n|tier|[Gen 9] National Dex Doubles\n|rated|\n|rule|HP Percentage Mod: HP is shown in percentages\n|rule|Endless Battle Clause: Forcing endless battles is banned\n|rule|OHKO Clause: OHKO moves are banned\n|rule|Evasion Moves Clause: Evasion moves are banned\n|rule|Evasion Abilities Clause: Evasion abilities are banned\n|rule|Species Clause: Limit one of each Pok\u00e9mon\n|rule|Gravity Sleep Clause: The combination of sleep-inducing moves with imperfect accuracy and Gravity or Gigantamax Orbeetle are banned\n|clearpoke\n|poke|p1|Tatsugiri-Droopy, F|\n|poke|p1|Pelipper, M|\n|poke|p1|Walking Wake|\n|poke|p1|Ninetales, M|\n|poke|p1|Flareon, F|\n|poke|p1|Volcanion|\n|poke|p2|Celesteela|\n|poke|p2|Thundurus, M|\n|poke|p2|Ting-Lu|\n|poke|p2|Gardevoir, F|\n|poke|p2|Blastoise, M|\n|poke|p2|Blaziken, M|\n|teampreview\n|inactive|Battle timer is ON: inactive players will automatically lose when time's up. (requested by fiyp)\n|\n|t:|1700155514\n|start\n|switch|p1a: Pelipper|Pelipper, M|100\/100\n|switch|p1b: Tatsugiri|Tatsugiri-Droopy, F, shiny|100\/100\n|switch|p2a: Strike|Thundurus, M|100\/100\n|switch|p2b: Harbor|Blastoise, M|100\/100\n|-weather|RainDance|[from] ability: Drizzle|[of] p1a: Pelipper\n|turn|1\n|\n|t:|1700155521\n|move|p2b: Harbor|Fake Out|p1b: Tatsugiri\n|-damage|p1b: Tatsugiri|88\/100\n|cant|p1b: Tatsugiri|flinch\n|move|p2a: Strike|Thunderbolt|p1a: Pelipper\n|-supereffective|p1a: Pelipper\n|-damage|p1a: Pelipper|0 fnt\n|faint|p1a: Pelipper\n|\n|-weather|RainDance|[upkeep]\n|upkeep\n|\n|t:|1700155530\n|switch|p1a: Volcanion|Volcanion|100\/100\n|turn|2\n|\n|t:|1700155543\n|-terastallize|p1a: Volcanion|Ground\n|move|p2b: Harbor|Follow Me|p2b: Harbor\n|-singleturn|p2b: Harbor|move: Follow Me\n|move|p2a: Strike|Eerie Impulse|p1a: Volcanion\n|-unboost|p1a: Volcanion|spa|2\n|move|p1b: Tatsugiri|Surf|p2b: Harbor|[spread] p2a,p2b\n|-immune|p1a: Volcanion|[from] ability: Water Absorb\n|-resisted|p2b: Harbor\n|-damage|p2a: Strike|46\/100\n|-damage|p2b: Harbor|75\/100\n|move|p1a: Volcanion|Steam Eruption|p2b: Harbor\n|-resisted|p2b: Harbor\n|-damage|p2b: Harbor|54\/100\n|-status|p2b: Harbor|brn\n|\n|-weather|RainDance|[upkeep]\n|-damage|p2b: Harbor|48\/100 brn|[from] brn\n|upkeep\n|-enditem|p2b: Harbor|Sitrus Berry|[eat]\n|-heal|p2b: Harbor|73\/100 brn|[from] item: Sitrus Berry\n|turn|3\n|\n|t:|1700155567\n|move|p2a: Strike|Eerie Impulse|p1b: Tatsugiri\n|-unboost|p1b: Tatsugiri|spa|2\n|move|p1b: Tatsugiri|Surf|p2b: Harbor|[spread] p2a,p2b\n|-immune|p1a: Volcanion|[from] ability: Water Absorb\n|-resisted|p2b: Harbor\n|-damage|p2a: Strike|19\/100\n|-damage|p2b: Harbor|60\/100 brn\n|move|p2b: Harbor|Life Dew|p2b: Harbor|[spread] p2a,p2b\n|-heal|p2a: Strike|44\/100\n|-heal|p2b: Harbor|85\/100 brn\n|move|p1a: Volcanion|Steam Eruption|p1b: Tatsugiri\n|-ability|p1b: Tatsugiri|Storm Drain|boost\n|-boost|p1b: Tatsugiri|spa|1\n|\n|-weather|RainDance|[upkeep]\n|-damage|p2b: Harbor|79\/100 brn|[from] brn\n|upkeep\n|turn|4\n|\n|t:|1700155584\n|move|p2a: Strike|Eerie Impulse|p1b: Tatsugiri\n|-unboost|p1b: Tatsugiri|spa|2\n|move|p1b: Tatsugiri|Icy Wind|p2b: Harbor|[spread] p2a,p2b\n|-supereffective|p2a: Strike\n|-resisted|p2b: Harbor\n|-damage|p2a: Strike|34\/100\n|-damage|p2b: Harbor|77\/100 brn\n|-unboost|p2a: Strike|spe|1\n|-unboost|p2b: Harbor|spe|1\n|move|p1a: Volcanion|Steam Eruption|p1b: Tatsugiri\n|-ability|p1b: Tatsugiri|Storm Drain|boost\n|-boost|p1b: Tatsugiri|spa|1\n|move|p2b: Harbor|Life Dew|p2b: Harbor|[spread] p2a,p2b\n|-heal|p2a: Strike|59\/100\n|-heal|p2b: Harbor|100\/100 brn\n|\n|-weather|RainDance|[upkeep]\n|-damage|p2b: Harbor|94\/100 brn|[from] brn\n|upkeep\n|turn|5\n|\n|t:|1700155614\n|move|p2a: Strike|Eerie Impulse|p1b: Tatsugiri\n|-unboost|p1b: Tatsugiri|spa|2\n|move|p1b: Tatsugiri|Icy Wind|p2a: Strike|[spread] p2a,p2b\n|-supereffective|p2a: Strike\n|-resisted|p2b: Harbor\n|-damage|p2a: Strike|50\/100\n|-damage|p2b: Harbor|92\/100 brn\n|-unboost|p2a: Strike|spe|1\n|-unboost|p2b: Harbor|spe|1\n|move|p1a: Volcanion|Steam Eruption|p1b: Tatsugiri\n|-ability|p1b: Tatsugiri|Storm Drain|boost\n|-boost|p1b: Tatsugiri|spa|1\n|move|p2b: Harbor|Life Dew|p2b: Harbor|[spread] p2a,p2b\n|-heal|p2a: Strike|76\/100\n|-heal|p2b: Harbor|100\/100 brn\n|\n|-weather|none\n|-damage|p2b: Harbor|94\/100 brn|[from] brn\n|upkeep\n|turn|6\n|\n|t:|1700155629\n|move|p1b: Tatsugiri|Surf|p2b: Harbor|[spread] p2a,p2b\n|-immune|p1a: Volcanion|[from] ability: Water Absorb\n|-resisted|p2b: Harbor\n|-damage|p2a: Strike|60\/100\n|-damage|p2b: Harbor|88\/100 brn\n|move|p1a: Volcanion|Steam Eruption|p1b: Tatsugiri\n|-ability|p1b: Tatsugiri|Storm Drain|boost\n|-boost|p1b: Tatsugiri|spa|1\n|move|p2a: Strike|Thunderbolt|p1b: Tatsugiri\n|-damage|p1b: Tatsugiri|42\/100\n|move|p2b: Harbor|Life Dew|p2b: Harbor|[spread] p2a,p2b\n|-heal|p2a: Strike|85\/100\n|-heal|p2b: Harbor|100\/100 brn\n|\n|-damage|p2b: Harbor|94\/100 brn|[from] brn\n|upkeep\n|turn|7\n|\n|t:|1700155652\n|switch|p1b: Ninetales|Ninetales, M|100\/100\n|-weather|SunnyDay|[from] ability: Drought|[of] p1b: Ninetales\n|switch|p1a: Walking Wake|Walking Wake|100\/100\n|-activate|p1a: Walking Wake|ability: Protosynthesis\n|-start|p1a: Walking Wake|protosynthesisspa\n|switch|p2b: Antonieta|Celesteela|100\/100\n|move|p2a: Strike|Eerie Impulse|p1b: Ninetales\n|-unboost|p1b: Ninetales|spa|2\n|\n|-weather|SunnyDay|[upkeep]\n|upkeep\n|turn|8\n|\n|t:|1700155667\n|move|p2b: Antonieta|Protect|p2b: Antonieta\n|-singleturn|p2b: Antonieta|Protect\n|move|p2a: Strike|Eerie Impulse|p1a: Walking Wake\n|-unboost|p1a: Walking Wake|spa|2\n|move|p1a: Walking Wake|Hydro Steam|p2a: Strike\n|-damage|p2a: Strike|44\/100\n|move|p1b: Ninetales|Heat Wave|p2a: Strike|[spread] p2a\n|-activate|p2b: Antonieta|move: Protect\n|-damage|p2a: Strike|26\/100\n|\n|-weather|SunnyDay|[upkeep]\n|upkeep\n|turn|9\n|\n|t:|1700155680\n|switch|p2b: Inner Peace|Ting-Lu|100\/100\n|-ability|p2b: Inner Peace|Vessel of Ruin\n|move|p2a: Strike|Thunder Wave|p1a: Walking Wake\n|-status|p1a: Walking Wake|par\n|move|p1b: Ninetales|Heat Wave|p2a: Strike|[spread] p2a,p2b\n|-crit|p2b: Inner Peace\n|-damage|p2a: Strike|10\/100\n|-damage|p2b: Inner Peace|81\/100\n|move|p1a: Walking Wake|Hydro Steam|p2b: Inner Peace\n|-supereffective|p2b: Inner Peace\n|-damage|p2b: Inner Peace|53\/100\n|\n|-weather|SunnyDay|[upkeep]\n|upkeep\n|turn|10\n|\n|t:|1700155700\n|move|p2a: Strike|Eerie Impulse|p1a: Walking Wake\n|-unboost|p1a: Walking Wake|spa|2\n|move|p1b: Ninetales|Heat Wave|p2b: Inner Peace|[spread] p2a,p2b\n|-damage|p2a: Strike|0 fnt\n|-damage|p2b: Inner Peace|46\/100\n|faint|p2a: Strike\n|move|p1a: Walking Wake|Hydro Steam|p2b: Inner Peace\n|-supereffective|p2b: Inner Peace\n|-damage|p2b: Inner Peace|29\/100\n|move|p2b: Inner Peace|Snarl|p1a: Walking Wake|[spread] p1a,p1b\n|-damage|p1a: Walking Wake|91\/100 par\n|-damage|p1b: Ninetales|94\/100\n|-unboost|p1a: Walking Wake|spa|1\n|-unboost|p1b: Ninetales|spa|1\n|\n|-weather|SunnyDay|[upkeep]\n|upkeep\n|\n|t:|1700155712\n|switch|p2a: Inferno|Blaziken, M|100\/100\n|turn|11\n|\n|t:|1700155719\n|switch|p1b: Volcanion|Volcanion, tera:Ground|100\/100\n|-end|p1a: Walking Wake|Protosynthesis|[silent]\n|switch|p1a: Tatsugiri|Tatsugiri-Droopy, F, shiny|42\/100\n|move|p2a: Inferno|Bulk Up|p2a: Inferno\n|-boost|p2a: Inferno|atk|1\n|-boost|p2a: Inferno|def|1\n|move|p2b: Inner Peace|Stomping Tantrum|p1b: Volcanion\n|-damage|p1b: Volcanion|74\/100\n|\n|-weather|none\n|-ability|p2a: Inferno|Speed Boost|boost\n|-boost|p2a: Inferno|spe|1\n|upkeep\n|turn|12\n|\n|t:|1700155747\n|-zpower|p2a: Inferno\n|move|p2a: Inferno|Inferno Overdrive|p1a: Tatsugiri|[zeffect]\n|-resisted|p1a: Tatsugiri\n|-damage|p1a: Tatsugiri|0 fnt\n|faint|p1a: Tatsugiri\n|move|p1b: Volcanion|Steam Eruption|p2a: Inferno\n|-supereffective|p2a: Inferno\n|-damage|p2a: Inferno|0 fnt\n|faint|p2a: Inferno\n|move|p2b: Inner Peace|Snarl|p1b: Volcanion\n|-crit|p1b: Volcanion\n|-damage|p1b: Volcanion|58\/100\n|-unboost|p1b: Volcanion|spa|1\n|\n|upkeep\n|\n|t:|1700155760\n|switch|p1a: Walking Wake|Walking Wake|91\/100 par\n|switch|p2a: Belle|Gardevoir, F, shiny|100\/100\n|-ability|p2a: Belle|Water Absorb|[from] ability: Trace|[of] p1b: Volcanion\n|-enditem|p1a: Walking Wake|Booster Energy\n|-activate|p1a: Walking Wake|ability: Protosynthesis|[fromitem]\n|-start|p1a: Walking Wake|protosynthesisspa\n|turn|13\n|\n|t:|1700155766\n|switch|p1b: Ninetales|Ninetales, M|94\/100\n|-weather|SunnyDay|[from] ability: Drought|[of] p1b: Ninetales\n|detailschange|p2a: Belle|Gardevoir-Mega, F, shiny\n|-mega|p2a: Belle|Gardevoir|Gardevoirite\n|move|p2a: Belle|Hyper Voice|p1b: Ninetales|[spread] p1a,p1b\n|-supereffective|p1a: Walking Wake\n|-resisted|p1b: Ninetales\n|-damage|p1a: Walking Wake|11\/100 par\n|-damage|p1b: Ninetales|79\/100\n|move|p1a: Walking Wake|Hydro Steam|p2b: Inner Peace\n|-supereffective|p2b: Inner Peace\n|-damage|p2b: Inner Peace|0 fnt\n|faint|p2b: Inner Peace\n|\n|-weather|SunnyDay|[upkeep]\n|upkeep\n|\n|t:|1700155780\n|switch|p2b: Harbor|Blastoise, M|94\/100 brn\n|turn|14\n|\n|t:|1700155787\n|switch|p1b: Volcanion|Volcanion, tera:Ground|58\/100\n|move|p2b: Harbor|Fake Out|p1b: Volcanion\n|-damage|p1b: Volcanion|55\/100\n|move|p2a: Belle|Hyper Voice|p1a: Walking Wake|[spread] p1a,p1b\n|-supereffective|p1a: Walking Wake\n|-damage|p1a: Walking Wake|0 fnt\n|-damage|p1b: Volcanion|11\/100\n|faint|p1a: Walking Wake\n|-end|p1a: Walking Wake|Protosynthesis|[silent]\n|\n|-weather|SunnyDay|[upkeep]\n|-damage|p2b: Harbor|88\/100 brn|[from] brn\n|upkeep\n|\n|t:|1700155796\n|switch|p1a: Ninetales|Ninetales, M|79\/100\n|turn|15\n|\n|t:|1700155804\n|move|p1a: Ninetales|Heat Wave|p2b: Harbor|[spread] p2a,p2b\n|-resisted|p2b: Harbor\n|-damage|p2a: Belle|67\/100\n|-damage|p2b: Harbor|70\/100 brn\n|move|p2a: Belle|Hyper Voice|p1a: Ninetales|[spread] p1a,p1b\n|-resisted|p1a: Ninetales\n|-damage|p1a: Ninetales|59\/100\n|-damage|p1b: Volcanion|0 fnt\n|faint|p1b: Volcanion\n|move|p2b: Harbor|Scald|p1a: Ninetales\n|-supereffective|p1a: Ninetales\n|-damage|p1a: Ninetales|41\/100\n|\n|-weather|SunnyDay|[upkeep]\n|-damage|p2b: Harbor|64\/100 brn|[from] brn\n|upkeep\n|\n|t:|1700155813\n|switch|p1b: Flareon|Flareon, F|100\/100\n|turn|16\n|\n|t:|1700155823\n|move|p2b: Harbor|Follow Me|p2b: Harbor\n|-singleturn|p2b: Harbor|move: Follow Me\n|move|p1a: Ninetales|Heat Wave|p2a: Belle|[spread] p2a,p2b\n|-resisted|p2b: Harbor\n|-damage|p2a: Belle|37\/100\n|-damage|p2b: Harbor|48\/100 brn\n|move|p2a: Belle|Psyshock|p1a: Ninetales\n|-damage|p1a: Ninetales|0 fnt\n|faint|p1a: Ninetales\n|move|p1b: Flareon|Trailblaze|p2b: Harbor\n|-supereffective|p2b: Harbor\n|-damage|p2b: Harbor|20\/100 brn\n|-boost|p1b: Flareon|spe|1\n|\n|-weather|SunnyDay|[upkeep]\n|-damage|p2b: Harbor|14\/100 brn|[from] brn\n|-status|p1b: Flareon|tox|[from] item: Toxic Orb\n|upkeep\n|turn|17\n|\n|t:|1700155839\n|move|p2b: Harbor|Follow Me|p2b: Harbor\n|-singleturn|p2b: Harbor|move: Follow Me\n|move|p1b: Flareon|Trailblaze|p2b: Harbor\n|-supereffective|p2b: Harbor\n|-damage|p2b: Harbor|0 fnt\n|-boost|p1b: Flareon|spe|1\n|faint|p2b: Harbor\n|move|p2a: Belle|Trick Room|p2a: Belle\n|-fieldstart|move: Trick Room|[of] p2a: Belle\n|\n|-weather|none\n|-damage|p1b: Flareon|95\/100 tox|[from] psn\n|upkeep\n|\n|t:|1700155848\n|switch|p2b: Antonieta|Celesteela|100\/100\n|turn|18\n|-message|fiyp forfeited.\n|\n|win|fumbari 24\n|raw|fiyp's rating: 1205 &rarr; <strong>1190<\/strong><br \/>(-15 for losing)\n|raw|fumbari 24's rating: 1355 &rarr; <strong>1367<\/strong><br \/>(+12 for winning)\n|l|\u2606fiyp\n","uploadtime":1700155853,"views":18,"p1id":"fiyp","p2id":"fumbari24","formatid":"gen9nationaldexdoubles","rating":1190,"private":0,"password":""}