{"id":"gen9nationaldexdoubles-1999798329","p1":"jimBagd","p2":"Mv d de evd","format":"[Gen 9] National Dex Doubles","log":"|j|\u2606jimBagd\n|j|\u2606Mv d de evd\n|t:|1701117678\n|gametype|doubles\n|player|p1|jimBagd|elesa|1000\n|player|p2|Mv d de evd|youngster-gen4dp|1079\n|teamsize|p1|6\n|teamsize|p2|6\n|gen|9\n|tier|[Gen 9] National Dex Doubles\n|rated|\n|rule|HP Percentage Mod: HP is shown in percentages\n|rule|Endless Battle Clause: Forcing endless battles is banned\n|rule|OHKO Clause: OHKO moves are banned\n|rule|Evasion Moves Clause: Evasion moves are banned\n|rule|Evasion Abilities Clause: Evasion abilities are banned\n|rule|Species Clause: Limit one of each Pok\u00e9mon\n|rule|Gravity Sleep Clause: The combination of sleep-inducing moves with imperfect accuracy and Gravity or Gigantamax Orbeetle are banned\n|clearpoke\n|poke|p1|Ampharos, F|\n|poke|p1|Toxtricity, F|\n|poke|p1|Iron Hands|\n|poke|p1|Maushold-Four|\n|poke|p1|Bellibolt, M|\n|poke|p1|Pawmot, F|\n|poke|p2|Indeedee, M|\n|poke|p2|Deoxys-Attack|\n|poke|p2|Typhlosion, F|\n|poke|p2|Kartana|\n|poke|p2|Murkrow, F|\n|poke|p2|Shuckle, M|\n|teampreview\n|\n|t:|1701117697\n|start\n|switch|p1a: Toxtricity|Toxtricity, F, shiny|100\/100\n|switch|p1b: Ampharos|Ampharos, F, shiny|100\/100\n|switch|p2a: Murkrow|Murkrow, F|100\/100\n|switch|p2b: Shuckle|Shuckle, M|100\/100\n|turn|1\n|\n|t:|1701117712\n|move|p2a: Murkrow|Taunt|p1b: Ampharos\n|-start|p1b: Ampharos|move: Taunt\n|move|p1a: Toxtricity|Overdrive|p2a: Murkrow|[spread] p2a,p2b\n|-supereffective|p2a: Murkrow\n|-enditem|p2a: Murkrow|Focus Sash\n|-damage|p2a: Murkrow|1\/100\n|-damage|p2b: Shuckle|74\/100\n|move|p1b: Ampharos|Electroweb|p2a: Murkrow|[spread] p2a,p2b\n|-supereffective|p2a: Murkrow\n|-damage|p2a: Murkrow|0 fnt\n|-damage|p2b: Shuckle|60\/100\n|-unboost|p2b: Shuckle|spe|1\n|faint|p2a: Murkrow\n|move|p2b: Shuckle|Stealth Rock|p1b: Ampharos\n|-sidestart|p1: jimBagd|move: Stealth Rock\n|\n|upkeep\n|\n|t:|1701117759\n|switch|p2a: Deoxys|Deoxys-Attack|100\/100\n|-ability|p2a: Deoxys|Pressure\n|turn|2\n|\n|t:|1701117777\n|move|p2a: Deoxys|Psyshock|p1a: Toxtricity\n|-supereffective|p1a: Toxtricity\n|-damage|p1a: Toxtricity|0 fnt\n|faint|p1a: Toxtricity\n|move|p1b: Ampharos|Fling|p1: Toxtricity|[notarget]\n|-fail|p1b: Ampharos\n|move|p2b: Shuckle|Toxic|p1b: Ampharos\n|-status|p1b: Ampharos|tox\n|\n|-damage|p1b: Ampharos|94\/100 tox|[from] psn\n|upkeep\n|\n|t:|1701117792\n|switch|p1a: Maushold|Maushold-Four, shiny|100\/100\n|-damage|p1a: Maushold|88\/100|[from] Stealth Rock\n|-item|p1a: Maushold|Air Balloon\n|turn|3\n|\n|t:|1701117823\n|switch|p1b: Iron Hands|Iron Hands, shiny|100\/100\n|-damage|p1b: Iron Hands|94\/100|[from] Stealth Rock\n|move|p1a: Maushold|Follow Me|p1a: Maushold\n|-singleturn|p1a: Maushold|move: Follow Me\n|move|p2a: Deoxys|Taunt|p1a: Maushold\n|-start|p1a: Maushold|move: Taunt\n|move|p2b: Shuckle|Power Split|p1a: Maushold\n|-activate|p2b: Shuckle|move: Power Split|[of] p1a: Maushold\n|\n|upkeep\n|turn|4\n|\n|t:|1701117847\n|switch|p1a: Ampharos|Ampharos, F, shiny|94\/100 tox\n|-damage|p1a: Ampharos|82\/100 tox|[from] Stealth Rock\n|switch|p2b: Indeedee|Indeedee, M|100\/100\n|-fieldstart|move: Psychic Terrain|[from] ability: Psychic Surge|[of] p2b: Indeedee\n|move|p1b: Iron Hands|Detect|p1b: Iron Hands\n|-singleturn|p1b: Iron Hands|Protect\n|move|p2a: Deoxys|Psyshock|p1b: Iron Hands\n|-activate|p1b: Iron Hands|move: Protect\n|\n|-damage|p1a: Ampharos|76\/100 tox|[from] psn\n|upkeep\n|turn|5\n|\n|t:|1701117873\n|-end|p1b: Iron Hands|Quark Drive|[silent]\n|switch|p1b: Maushold|Maushold-Four, shiny|88\/100\n|-damage|p1b: Maushold|76\/100|[from] Stealth Rock\n|-item|p1b: Maushold|Air Balloon\n|-terastallize|p2b: Indeedee|Psychic\n|move|p2a: Deoxys|Psyshock|p1b: Maushold\n|-damage|p1b: Maushold|0 fnt\n|-enditem|p1b: Maushold|Air Balloon\n|faint|p1b: Maushold\n|move|p2b: Indeedee|Expanding Force|p1a: Ampharos\n|-damage|p1a: Ampharos|0 fnt\n|faint|p1a: Ampharos\n|\n|upkeep\n|\n|t:|1701117889\n|switch|p1b: Iron Hands|Iron Hands, shiny|94\/100\n|switch|p1a: Pawmot|Pawmot, F|100\/100\n|-damage|p1a: Pawmot|94\/100|[from] Stealth Rock\n|-item|p1a: Pawmot|Air Balloon\n|-damage|p1b: Iron Hands|88\/100|[from] Stealth Rock\n|turn|6\n|\n|t:|1701117901\n|move|p2a: Deoxys|Psyshock|p1b: Iron Hands\n|-supereffective|p1b: Iron Hands\n|-damage|p1b: Iron Hands|12\/100\n|move|p2b: Indeedee|Expanding Force|p1a: Pawmot|[spread] p1a,p1b\n|-supereffective|p1a: Pawmot\n|-supereffective|p1b: Iron Hands\n|-damage|p1a: Pawmot|0 fnt\n|-damage|p1b: Iron Hands|0 fnt\n|-enditem|p1a: Pawmot|Air Balloon\n|faint|p1a: Pawmot\n|faint|p1b: Iron Hands\n|-end|p1b: Iron Hands|Quark Drive|[silent]\n|\n|upkeep\n|\n|t:|1701117920\n|switch|p1a: Bellibolt|Bellibolt, M|100\/100\n|-damage|p1a: Bellibolt|88\/100|[from] Stealth Rock\n|-item|p1a: Bellibolt|Air Balloon\n|turn|7\n|\n|t:|1701117926\n|move|p2a: Deoxys|Psyshock|p1a: Bellibolt\n|-damage|p1a: Bellibolt|37\/100\n|-start|p1a: Bellibolt|Charge|Psyshock|[from] ability: Electromorphosis\n|-enditem|p1a: Bellibolt|Air Balloon\n|move|p2b: Indeedee|Expanding Force|p1a: Bellibolt\n|-damage|p1a: Bellibolt|0 fnt\n|faint|p1a: Bellibolt\n|\n|win|Mv d de evd\n|raw|jimBagd's rating: 1000 &rarr; <strong>1000<\/strong><br \/>(+0 for losing)\n|raw|Mv d de evd's rating: 1079 &rarr; <strong>1101<\/strong><br \/>(+22 for winning)\n|l|\u2606jimBagd\n","uploadtime":1701117942,"views":0,"p1id":"jimbagd","p2id":"mvddeevd","formatid":"gen9nationaldexdoubles","rating":1000,"private":0,"password":""}