{"id":"gen9nationaldexdoubles-1993818789","p1":"jfucca","p2":"MasterHand","format":"[Gen 9] National Dex Doubles","log":"|j|\u2606jfucca\n|j|\u2606MasterHand\n|t:|1700361130\n|gametype|doubles\n|player|p1|jfucca|lance|\n|player|p2|MasterHand|volkner|\n|teamsize|p1|6\n|teamsize|p2|6\n|gen|9\n|tier|[Gen 9] National Dex Doubles\n|rule|HP Percentage Mod: HP is shown in percentages\n|rule|Endless Battle Clause: Forcing endless battles is banned\n|rule|OHKO Clause: OHKO moves are banned\n|rule|Evasion Moves Clause: Evasion moves are banned\n|rule|Evasion Abilities Clause: Evasion abilities are banned\n|rule|Species Clause: Limit one of each Pok\u00e9mon\n|rule|Gravity Sleep Clause: The combination of sleep-inducing moves with imperfect accuracy and Gravity or Gigantamax Orbeetle are banned\n|clearpoke\n|poke|p1|Chien-Pao|\n|poke|p1|Metagross|\n|poke|p1|Rotom-Wash|\n|poke|p1|Togekiss, M|\n|poke|p1|Illumise, F|\n|poke|p1|Munkidori, M|\n|poke|p2|Slowbro-Galar, F|\n|poke|p2|Oranguru, F|\n|poke|p2|Blastoise, M|\n|poke|p2|Greninja-*, M|\n|poke|p2|Iron Hands|\n|poke|p2|Linoone, M|\n|teampreview\n|c|\u2606jfucca|glhf\n|c|\u2606MasterHand|U2\n|\n|t:|1700361200\n|start\n|switch|p1a: Rotom|Rotom-Wash|100\/100\n|switch|p1b: Metagross|Metagross, shiny|100\/100\n|switch|p2a: Mecha-Heatah|Iron Hands|100\/100\n|switch|p2b: Comfy Kong|Oranguru, F|100\/100\n|-enditem|p2a: Mecha-Heatah|Booster Energy\n|-activate|p2b: Comfy Kong|ability: Symbiosis|Life Orb|[of] p2a: Mecha-Heatah\n|-activate|p2a: Mecha-Heatah|ability: Quark Drive|[fromitem]\n|-start|p2a: Mecha-Heatah|quarkdriveatk\n|turn|1\n|\n|t:|1700361222\n|detailschange|p1b: Metagross|Metagross-Mega, shiny\n|-mega|p1b: Metagross|Metagross|Metagrossite\n|move|p2a: Mecha-Heatah|Fake Out|p1b: Metagross\n|-resisted|p1b: Metagross\n|-damage|p1b: Metagross|90\/100\n|-damage|p2a: Mecha-Heatah|91\/100|[from] item: Life Orb\n|cant|p1b: Metagross|flinch\n|move|p1a: Rotom|Will-O-Wisp|p2a: Mecha-Heatah\n|-status|p2a: Mecha-Heatah|brn\n|move|p2b: Comfy Kong|Trick Room|p2b: Comfy Kong\n|-fieldstart|move: Trick Room|[of] p2b: Comfy Kong\n|\n|-damage|p2a: Mecha-Heatah|84\/100 brn|[from] brn\n|upkeep\n|turn|2\n|\n|t:|1700361245\n|move|p2a: Mecha-Heatah|Drain Punch|p1b: Metagross\n|-damage|p1b: Metagross|61\/100\n|-heal|p2a: Mecha-Heatah|93\/100 brn|[from] drain|[of] p1b: Metagross\n|-damage|p2a: Mecha-Heatah|83\/100 brn|[from] item: Life Orb\n|move|p2b: Comfy Kong|Instruct|p2a: Mecha-Heatah\n|-singleturn|p2a: Mecha-Heatah|move: Instruct|[of] p2b: Comfy Kong\n|move|p2a: Mecha-Heatah|Drain Punch|p1b: Metagross\n|-damage|p1b: Metagross|30\/100\n|-heal|p2a: Mecha-Heatah|93\/100 brn|[from] drain|[of] p1b: Metagross\n|-damage|p2a: Mecha-Heatah|83\/100 brn|[from] item: Life Orb\n|move|p1a: Rotom|Reflect|p1a: Rotom\n|-sidestart|p1: jfucca|Reflect\n|move|p1b: Metagross|Zen Headbutt|p2a: Mecha-Heatah\n|-supereffective|p2a: Mecha-Heatah\n|-damage|p2a: Mecha-Heatah|13\/100 brn\n|\n|-damage|p2a: Mecha-Heatah|7\/100 brn|[from] brn\n|upkeep\n|turn|3\n|\n|t:|1700361297\n|move|p1b: Metagross|Bullet Punch|p2a: Mecha-Heatah\n|-resisted|p2a: Mecha-Heatah\n|-damage|p2a: Mecha-Heatah|0 fnt\n|faint|p2a: Mecha-Heatah\n|-end|p2a: Mecha-Heatah|Quark Drive|[silent]\n|move|p2b: Comfy Kong|Encore|p1a: Rotom\n|-start|p1a: Rotom|Encore\n|move|p1a: Rotom|Reflect||[still]\n|-fail|p1a: Rotom\n|\n|upkeep\n|\n|t:|1700361322\n|switch|p2a: DJ Quik|Slowbro-Galar, F|100\/100\n|turn|4\n|-activate|p2a: DJ Quik|item: Quick Claw\n|\n|t:|1700361354\n|switch|p1a: Munkidori|Munkidori, M|100\/100\n|move|p2a: DJ Quik|Protect|p2a: DJ Quik\n|-singleturn|p2a: DJ Quik|Protect\n|move|p2b: Comfy Kong|Encore|p1b: Metagross\n|-start|p1b: Metagross|Encore\n|move|p1b: Metagross|Bullet Punch|p2a: DJ Quik\n|-activate|p2a: DJ Quik|move: Protect\n|\n|upkeep\n|turn|5\n|\n|t:|1700361387\n|switch|p2a: Hydrabusa\u2660\ufe0f|Greninja, M|100\/100\n|-terastallize|p1a: Munkidori|Dark\n|move|p1b: Metagross|Bullet Punch|p2b: Comfy Kong\n|-damage|p2b: Comfy Kong|69\/100\n|move|p2b: Comfy Kong|Yawn|p1a: Munkidori\n|-start|p1a: Munkidori|move: Yawn|[of] p2b: Comfy Kong\n|move|p1a: Munkidori|Tera Blast|p2b: Comfy Kong|[anim] Tera Blast Dark\n|-supereffective|p2b: Comfy Kong\n|-damage|p2b: Comfy Kong|8\/100\n|\n|-fieldend|move: Trick Room\n|upkeep\n|turn|6\n|\n|t:|1700361452\n|switch|p1a: Togekiss|Togekiss, M|100\/100\n|move|p1b: Metagross|Bullet Punch|p2b: Comfy Kong\n|-damage|p2b: Comfy Kong|0 fnt\n|faint|p2b: Comfy Kong\n|move|p2a: Hydrabusa\u2660\ufe0f|Dark Pulse|p1b: Metagross\n|-supereffective|p1b: Metagross\n|-damage|p1b: Metagross|0 fnt\n|faint|p1b: Metagross\n|-ability|p2a: Hydrabusa\u2660\ufe0f|Battle Bond|boost\n|-boost|p2a: Hydrabusa\u2660\ufe0f|atk|1\n|-boost|p2a: Hydrabusa\u2660\ufe0f|spa|1\n|-boost|p2a: Hydrabusa\u2660\ufe0f|spe|1\n|-activate|p2a: Hydrabusa\u2660\ufe0f|ability: Battle Bond\n|\n|-sideend|p1: jfucca|Reflect\n|upkeep\n|\n|t:|1700361502\n|switch|p1b: Illumise|Illumise, F|100\/100\n|switch|p2b: DJ Quik|Slowbro-Galar, F|100\/100\n|turn|7\n|\n|t:|1700361512\n|move|p1b: Illumise|Tailwind|p1b: Illumise\n|-sidestart|p1: jfucca|move: Tailwind\n|move|p2a: Hydrabusa\u2660\ufe0f|Gunk Shot|p1a: Togekiss\n|-supereffective|p1a: Togekiss\n|-damage|p1a: Togekiss|13\/100\n|move|p1a: Togekiss|Dazzling Gleam|p2b: DJ Quik|[spread] p2a,p2b\n|-supereffective|p2a: Hydrabusa\u2660\ufe0f\n|-resisted|p2b: DJ Quik\n|-damage|p2a: Hydrabusa\u2660\ufe0f|1\/100\n|-damage|p2b: DJ Quik|83\/100\n|move|p2b: DJ Quik|Belly Drum|p2b: DJ Quik\n|-damage|p2b: DJ Quik|33\/100\n|-setboost|p2b: DJ Quik|atk|6|[from] move: Belly Drum\n|\n|upkeep\n|turn|8\n|-activate|p2b: DJ Quik|ability: Quick Draw\n|\n|t:|1700361531\n|move|p2a: Hydrabusa\u2660\ufe0f|Water Shuriken|p1a: Togekiss\n|-damage|p1a: Togekiss|5\/100\n|-damage|p1a: Togekiss|0 fnt\n|faint|p1a: Togekiss\n|-hitcount|p1: Togekiss|2\n|move|p1b: Illumise|Thunder Wave|p2a: Hydrabusa\u2660\ufe0f\n|-hint|Since gen 7, Dark is immune to Prankster moves.\n|-immune|p2a: Hydrabusa\u2660\ufe0f\n|move|p2b: DJ Quik|Zen Headbutt|p1b: Illumise\n|-damage|p1b: Illumise|0 fnt\n|faint|p1b: Illumise\n|\n|upkeep\n|\n|t:|1700361550\n|switch|p1b: Rotom|Rotom-Wash|100\/100\n|switch|p1a: Chien-Pao|Chien-Pao|100\/100\n|-ability|p1a: Chien-Pao|Sword of Ruin\n|turn|9\n|-activate|p2b: DJ Quik|ability: Quick Draw\n|\n|t:|1700361569\n|move|p2a: Hydrabusa\u2660\ufe0f|Water Shuriken|p1a: Chien-Pao\n|-damage|p1a: Chien-Pao|87\/100\n|-damage|p1a: Chien-Pao|72\/100\n|-damage|p1a: Chien-Pao|57\/100\n|-hitcount|p1a: Chien-Pao|3\n|move|p2b: DJ Quik|Drain Punch|p1a: Chien-Pao\n|-supereffective|p1a: Chien-Pao\n|-crit|p1a: Chien-Pao\n|-damage|p1a: Chien-Pao|0 fnt\n|-heal|p2b: DJ Quik|57\/100|[from] drain|[of] p1a: Chien-Pao\n|faint|p1a: Chien-Pao\n|move|p1b: Rotom|Volt Switch|p2b: DJ Quik\n|-damage|p2b: DJ Quik|22\/100\n|\n|t:|1700361582\n|switch|p1b: Munkidori|Munkidori, M, tera:Dark|100\/100|[from] Volt Switch\n|\n|upkeep\n|\n|t:|1700361583\n|switch|p1a: Rotom|Rotom-Wash|100\/100\n|turn|10\n|\n|t:|1700361595\n|move|p2a: Hydrabusa\u2660\ufe0f|Water Shuriken|p1b: Munkidori\n|-damage|p1b: Munkidori|90\/100\n|-damage|p1b: Munkidori|79\/100\n|-hitcount|p1b: Munkidori|2\n|move|p1b: Munkidori|Tera Blast|p2b: DJ Quik|[anim] Tera Blast Dark\n|-supereffective|p2b: DJ Quik\n|-damage|p2b: DJ Quik|0 fnt\n|faint|p2b: DJ Quik\n|move|p1a: Rotom|Volt Switch|p2a: Hydrabusa\u2660\ufe0f\n|-supereffective|p2a: Hydrabusa\u2660\ufe0f\n|-damage|p2a: Hydrabusa\u2660\ufe0f|0 fnt\n|faint|p2a: Hydrabusa\u2660\ufe0f\n|\n|-sideend|p1: jfucca|move: Tailwind\n|upkeep\n|\n|t:|1700361610\n|switch|p2a: Raybeezy|Linoone, M|100\/100\n|switch|p2b: Kahunahonu|Blastoise, M, shiny|100\/100\n|turn|11\n|j| Tombstone Ghost\n|l| Tombstone Ghost\n|\n|t:|1700361619\n|-terastallize|p2a: Raybeezy|Normal\n|move|p2b: Kahunahonu|Follow Me|p2b: Kahunahonu\n|-singleturn|p2b: Kahunahonu|move: Follow Me\n|move|p1b: Munkidori|Psychic|p2b: Kahunahonu\n|-damage|p2b: Kahunahonu|60\/100\n|move|p2a: Raybeezy|Belly Drum|p2a: Raybeezy\n|-damage|p2a: Raybeezy|51\/100\n|-setboost|p2a: Raybeezy|atk|6|[from] move: Belly Drum\n|move|p1a: Rotom|Will-O-Wisp|p2b: Kahunahonu\n|-status|p2b: Kahunahonu|brn\n|\n|-damage|p2b: Kahunahonu|54\/100 brn|[from] brn\n|upkeep\n|turn|12\n|\n|t:|1700361641\n|move|p2b: Kahunahonu|Follow Me|p2b: Kahunahonu\n|-singleturn|p2b: Kahunahonu|move: Follow Me\n|move|p1b: Munkidori|Psychic|p2b: Kahunahonu\n|-damage|p2b: Kahunahonu|13\/100 brn\n|move|p2a: Raybeezy|Seed Bomb|p1a: Rotom\n|-supereffective|p1a: Rotom\n|-damage|p1a: Rotom|0 fnt\n|faint|p1a: Rotom\n|\n|-damage|p2b: Kahunahonu|7\/100 brn|[from] brn\n|upkeep\n|turn|13\n|j| Tombstone Ghost\n|\n|t:|1700361656\n|move|p2a: Raybeezy|Extreme Speed|p1b: Munkidori\n|-damage|p1b: Munkidori|0 fnt\n|faint|p1b: Munkidori\n|\n|win|MasterHand\n|c|\u2606jfucca|gg\n|c|\u2606MasterHand|Ggwp\n","uploadtime":1700361671,"views":40,"p1id":"jfucca","p2id":"masterhand","formatid":"gen9nationaldexdoubles","rating":0,"private":0,"password":""}