{"id":"gen9nationaldexdoubles-1972198059","p1":"KricKing","p2":"Shnipe_Cizy","format":"[Gen 9] National Dex Doubles","log":"|j|\u2606KricKing\n|j|\u2606Shnipe_Cizy\n|t:|1697820753\n|gametype|doubles\n|player|p1|KricKing|2|1353\n|player|p2|Shnipe_Cizy|blackbelt-gen4dp|1448\n|teamsize|p1|6\n|teamsize|p2|6\n|gen|9\n|tier|[Gen 9] National Dex Doubles\n|rated|\n|rule|HP Percentage Mod: HP is shown in percentages\n|rule|Endless Battle Clause: Forcing endless battles is banned\n|rule|OHKO Clause: OHKO moves are banned\n|rule|Evasion Moves Clause: Evasion moves are banned\n|rule|Evasion Abilities Clause: Evasion abilities are banned\n|rule|Species Clause: Limit one of each Pok\u00e9mon\n|rule|Gravity Sleep Clause: The combination of sleep-inducing moves with imperfect accuracy and Gravity or Gigantamax Orbeetle are banned\n|clearpoke\n|poke|p1|Sinistcha-Masterpiece|\n|poke|p1|Ursaluna-Bloodmoon, M|\n|poke|p1|Gardevoir, F|\n|poke|p1|Incineroar, F|\n|poke|p1|Iron Hands|\n|poke|p1|Torkoal, F|\n|poke|p2|Palafin, M|\n|poke|p2|Incineroar, F|\n|poke|p2|Amoonguss, M|\n|poke|p2|Flutter Mane|\n|poke|p2|Ninetales-Alola, M|\n|poke|p2|Chien-Pao|\n|teampreview\n|inactive|Battle timer is ON: inactive players will automatically lose when time's up. (requested by KricKing)\n|\n|t:|1697820782\n|start\n|switch|p1a: Ursaluna|Ursaluna-Bloodmoon, M|100\/100\n|switch|p1b: Incineroar|Incineroar, F, shiny|100\/100\n|switch|p2a: Palafin|Palafin, M|100\/100\n|switch|p2b: Incineroar|Incineroar, F|100\/100\n|-ability|p2b: Incineroar|Intimidate|boost\n|-unboost|p1a: Ursaluna|atk|1\n|-unboost|p1b: Incineroar|atk|1\n|-ability|p1b: Incineroar|Intimidate|boost\n|-unboost|p2a: Palafin|atk|1\n|-unboost|p2b: Incineroar|atk|1\n|turn|1\n|inactive|KricKing has 120 seconds left.\n|\n|t:|1697820813\n|detailschange|p2a: Palafin|Palafin-Hero, M\n|switch|p2a: Amoonguss|Amoonguss, M|100\/100\n|switch|p1b: Sinistcha|Sinistcha-Masterpiece|100\/100\n|move|p2b: Incineroar|Parting Shot|p1a: Ursaluna\n|-unboost|p1a: Ursaluna|atk|1\n|-unboost|p1a: Ursaluna|spa|1\n|inactive|Shnipe_Cizy has 120 seconds left.\n|\n|t:|1697820824\n|switch|p2b: Flutter Mane|Flutter Mane|100\/100|[from] Parting Shot\n|move|p1a: Ursaluna|Earth Power|p2b: Flutter Mane\n|-damage|p2b: Flutter Mane|67\/100\n|\n|upkeep\n|turn|2\n|inactive|KricKing has 120 seconds left.\n|\n|t:|1697820862\n|move|p2b: Flutter Mane|Shadow Ball|p1b: Sinistcha\n|-supereffective|p1b: Sinistcha\n|-damage|p1b: Sinistcha|0 fnt\n|faint|p1b: Sinistcha\n|move|p1a: Ursaluna|Blood Moon|p2b: Flutter Mane\n|-damage|p2b: Flutter Mane|17\/100\n|move|p2a: Amoonguss|Spore|p1a: Ursaluna\n|-status|p1a: Ursaluna|slp|[from] move: Spore\n|\n|upkeep\n|\n|t:|1697820879\n|switch|p1b: Incineroar|Incineroar, F, shiny|100\/100\n|-ability|p1b: Incineroar|Intimidate|boost\n|-unboost|p2a: Amoonguss|atk|1\n|-unboost|p2b: Flutter Mane|atk|1\n|turn|3\n|inactive|KricKing has 120 seconds left.\n|\n|t:|1697820895\n|-end|p2b: Flutter Mane|Protosynthesis|[silent]\n|switch|p2b: Incineroar|Incineroar, F|100\/100\n|-ability|p2b: Incineroar|Intimidate|boost\n|-unboost|p1a: Ursaluna|atk|1\n|-unboost|p1b: Incineroar|atk|1\n|-terastallize|p1b: Incineroar|Grass\n|move|p1b: Incineroar|Knock Off|p2b: Incineroar\n|-resisted|p2b: Incineroar\n|-damage|p2b: Incineroar|91\/100\n|-enditem|p2b: Incineroar|Sitrus Berry|[from] move: Knock Off|[of] p1b: Incineroar\n|cant|p1a: Ursaluna|slp\n|move|p2a: Amoonguss|Spore|p1b: Incineroar\n|-immune|p1b: Incineroar\n|\n|upkeep\n|turn|4\n|inactive|KricKing has 120 seconds left.\n|\n|t:|1697820916\n|switch|p1a: Gardevoir|Gardevoir, F|100\/100\n|move|p2b: Incineroar|Flare Blitz|p1b: Incineroar\n|-supereffective|p1b: Incineroar\n|-damage|p1b: Incineroar|16\/100\n|-enditem|p1b: Incineroar|Sitrus Berry|[eat]\n|-heal|p1b: Incineroar|41\/100|[from] item: Sitrus Berry\n|-damage|p2b: Incineroar|64\/100|[from] Recoil\n|move|p1b: Incineroar|Parting Shot|p2b: Incineroar\n|-unboost|p2b: Incineroar|atk|1\n|-unboost|p2b: Incineroar|spa|1\n|inactive|KricKing has 120 seconds left.\n|\n|t:|1697820932\n|switch|p1b: Ursaluna|Ursaluna-Bloodmoon, M|100\/100 slp|[from] Parting Shot\n|move|p2a: Amoonguss|Spore|p1b: Ursaluna\n|-fail|p1b: Ursaluna|slp\n|\n|upkeep\n|turn|5\n|\n|t:|1697820946\n|switch|p2b: Chien-Pao|Chien-Pao|100\/100\n|-ability|p2b: Chien-Pao|Sword of Ruin\n|switch|p1b: Iron Hands|Iron Hands|100\/100\n|move|p1a: Gardevoir|Protect|p1a: Gardevoir\n|-singleturn|p1a: Gardevoir|Protect\n|move|p2a: Amoonguss|Spore|p1a: Gardevoir\n|-activate|p1a: Gardevoir|move: Protect\n|\n|upkeep\n|turn|6\n|\n|t:|1697820965\n|detailschange|p1a: Gardevoir|Gardevoir-Mega, F\n|-mega|p1a: Gardevoir|Gardevoir|Gardevoirite\n|move|p1b: Iron Hands|Fake Out|p2b: Chien-Pao\n|-damage|p2b: Chien-Pao|79\/100\n|cant|p2b: Chien-Pao|flinch\n|move|p1a: Gardevoir|Psyshock|p2a: Amoonguss\n|-supereffective|p2a: Amoonguss\n|-damage|p2a: Amoonguss|0 fnt\n|faint|p2a: Amoonguss\n|\n|upkeep\n|\n|t:|1697820978\n|switch|p2a: Flutter Mane|Flutter Mane|17\/100\n|turn|7\n|\n|t:|1697820984\n|-end|p1b: Iron Hands|Quark Drive|[silent]\n|switch|p1b: Incineroar|Incineroar, F, shiny, tera:Grass|41\/100\n|-ability|p1b: Incineroar|Intimidate|boost\n|-unboost|p2a: Flutter Mane|atk|1\n|-unboost|p2b: Chien-Pao|atk|1\n|move|p1a: Gardevoir|Protect|p1a: Gardevoir\n|-singleturn|p1a: Gardevoir|Protect\n|move|p2a: Flutter Mane|Dazzling Gleam|p1b: Incineroar|[spread] p1b\n|-activate|p1a: Gardevoir|move: Protect\n|-damage|p1b: Incineroar|12\/100\n|move|p2b: Chien-Pao|Ice Spinner|p1a: Gardevoir\n|-activate|p1a: Gardevoir|move: Protect\n|\n|upkeep\n|turn|8\n|inactive|Shnipe_Cizy has 120 seconds left.\n|\n|t:|1697821016\n|move|p1b: Incineroar|Fake Out|p2b: Chien-Pao\n|-crit|p2b: Chien-Pao\n|-damage|p2b: Chien-Pao|56\/100\n|move|p2a: Flutter Mane|Dazzling Gleam|p1b: Incineroar|[spread] p1a,p1b\n|-damage|p1a: Gardevoir|68\/100\n|-damage|p1b: Incineroar|0 fnt\n|faint|p1b: Incineroar\n|cant|p2b: Chien-Pao|flinch\n|move|p1a: Gardevoir|Trick Room|p1a: Gardevoir\n|-fieldstart|move: Trick Room|[of] p1a: Gardevoir\n|\n|upkeep\n|\n|t:|1697821035\n|switch|p1b: Torkoal|Torkoal, F|100\/100\n|-weather|SunnyDay|[from] ability: Drought|[of] p1b: Torkoal\n|-activate|p2a: Flutter Mane|ability: Protosynthesis\n|-start|p2a: Flutter Mane|protosynthesisspe\n|turn|9\n|\n|t:|1697821042\n|-end|p2a: Flutter Mane|Protosynthesis|[silent]\n|switch|p2a: Incineroar|Incineroar, F|64\/100\n|-ability|p2a: Incineroar|Intimidate|boost\n|-unboost|p1a: Gardevoir|atk|1\n|-unboost|p1b: Torkoal|atk|1\n|move|p2b: Chien-Pao|Sucker Punch|p1b: Torkoal\n|-damage|p1b: Torkoal|76\/100\n|move|p1b: Torkoal|Eruption|p2b: Chien-Pao|[spread] p2a,p2b\n|-resisted|p2a: Incineroar\n|-supereffective|p2b: Chien-Pao\n|-damage|p2a: Incineroar|31\/100\n|-damage|p2b: Chien-Pao|0 fnt\n|faint|p2b: Chien-Pao\n|move|p1a: Gardevoir|Hyper Voice|p2a: Incineroar\n|-damage|p2a: Incineroar|0 fnt\n|faint|p2a: Incineroar\n|\n|-weather|SunnyDay|[upkeep]\n|upkeep\n|\n|t:|1697821052\n|switch|p2a: Palafin|Palafin-Hero, M|100\/100\n|switch|p2b: Flutter Mane|Flutter Mane|17\/100\n|-activate|p2a: Palafin|ability: Zero to Hero\n|-activate|p2b: Flutter Mane|ability: Protosynthesis\n|-start|p2b: Flutter Mane|protosynthesisspe\n|turn|10\n|\n|t:|1697821071\n|switch|p1b: Iron Hands|Iron Hands|100\/100\n|-end|p2b: Flutter Mane|Protosynthesis|[silent]\n|switch|p2b: Ninetales|Ninetales-Alola, M, shiny|100\/100\n|-weather|Snow|[from] ability: Snow Warning|[of] p2b: Ninetales\n|move|p2a: Palafin|Protect|p2a: Palafin\n|-singleturn|p2a: Palafin|Protect\n|move|p1a: Gardevoir|Hyper Voice|p2b: Ninetales|[spread] p2b\n|-activate|p2a: Palafin|move: Protect\n|-damage|p2b: Ninetales|39\/100\n|\n|-weather|Snow|[upkeep]\n|upkeep\n|turn|11\n|\n|t:|1697821086\n|-terastallize|p2a: Palafin|Water\n|move|p2a: Palafin|Jet Punch|p1a: Gardevoir\n|-damage|p1a: Gardevoir|0 fnt\n|faint|p1a: Gardevoir\n|move|p1b: Iron Hands|Wild Charge|p2a: Palafin\n|-supereffective|p2a: Palafin\n|-damage|p2a: Palafin|2\/100\n|-damage|p1b: Iron Hands|80\/100|[from] Recoil\n|move|p2b: Ninetales|Blizzard|p1b: Iron Hands\n|-damage|p1b: Iron Hands|58\/100\n|\n|-weather|Snow|[upkeep]\n|upkeep\n|\n|t:|1697821097\n|switch|p1a: Torkoal|Torkoal, F|76\/100\n|-weather|SunnyDay|[from] ability: Drought|[of] p1a: Torkoal\n|turn|12\n|\n|t:|1697821119\n|move|p2a: Palafin|Protect|p2a: Palafin\n|-singleturn|p2a: Palafin|Protect\n|move|p1a: Torkoal|Heat Wave|p2a: Palafin|[spread] p2b\n|-activate|p2a: Palafin|move: Protect\n|-supereffective|p2b: Ninetales\n|-damage|p2b: Ninetales|0 fnt\n|faint|p2b: Ninetales\n|move|p1b: Iron Hands|Drain Punch|p2a: Palafin\n|-activate|p2a: Palafin|move: Protect\n|\n|-weather|SunnyDay|[upkeep]\n|-fieldend|move: Trick Room\n|upkeep\n|\n|t:|1697821124\n|switch|p2b: Flutter Mane|Flutter Mane|17\/100\n|-activate|p2b: Flutter Mane|ability: Protosynthesis\n|-start|p2b: Flutter Mane|protosynthesisspe\n|turn|13\n|\n|t:|1697821131\n|move|p2b: Flutter Mane|Moonblast|p1b: Iron Hands\n|-supereffective|p1b: Iron Hands\n|-damage|p1b: Iron Hands|0 fnt\n|faint|p1b: Iron Hands\n|-end|p1b: Iron Hands|Quark Drive|[silent]\n|move|p2a: Palafin|Wave Crash|p1a: Torkoal\n|-supereffective|p1a: Torkoal\n|-damage|p1a: Torkoal|0 fnt\n|faint|p1a: Torkoal\n|-damage|p2a: Palafin|0 fnt|[from] Recoil\n|faint|p2a: Palafin\n|\n|-weather|SunnyDay|[upkeep]\n|upkeep\n|\n|t:|1697821136\n|switch|p1a: Ursaluna|Ursaluna-Bloodmoon, M|100\/100 slp\n|turn|14\n|\n|t:|1697821142\n|move|p2b: Flutter Mane|Moonblast|p1a: Ursaluna\n|-damage|p1a: Ursaluna|52\/100 slp\n|-curestatus|p1a: Ursaluna|slp|[msg]\n|move|p1a: Ursaluna|Blood Moon|p2b: Flutter Mane\n|-damage|p2b: Flutter Mane|0 fnt\n|faint|p2b: Flutter Mane\n|-end|p2b: Flutter Mane|Protosynthesis|[silent]\n|\n|win|KricKing\n|raw|KricKing's rating: 1353 &rarr; <strong>1378<\/strong><br \/>(+25 for winning)\n|raw|Shnipe_Cizy's rating: 1448 &rarr; <strong>1423<\/strong><br \/>(-25 for losing)\n","uploadtime":1697821161,"views":5,"p1id":"kricking","p2id":"shnipecizy","formatid":"gen9nationaldexdoubles","rating":1378,"private":0,"password":""}