{"id":"gen9nationaldexdoubles-1965346722","p1":"Ilovesmallcats 3","p2":"hadn","format":"[Gen 9] National Dex Doubles","log":"|j|\u2606Ilovesmallcats 3\n|j|\u2606hadn\n|t:|1697063549\n|gametype|doubles\n|player|p1|Ilovesmallcats 3|shauntal|1135\n|player|p2|hadn|byron|1073\n|teamsize|p1|6\n|teamsize|p2|6\n|gen|9\n|tier|[Gen 9] National Dex Doubles\n|rated|\n|rule|HP Percentage Mod: HP is shown in percentages\n|rule|Endless Battle Clause: Forcing endless battles is banned\n|rule|OHKO Clause: OHKO moves are banned\n|rule|Evasion Moves Clause: Evasion moves are banned\n|rule|Evasion Abilities Clause: Evasion abilities are banned\n|rule|Species Clause: Limit one of each Pok\u00e9mon\n|rule|Gravity Sleep Clause: The combination of sleep-inducing moves with imperfect accuracy and Gravity or Gigantamax Orbeetle are banned\n|clearpoke\n|poke|p1|Tsareena, F|\n|poke|p1|Tapu Bulu|\n|poke|p1|Primarina, M|\n|poke|p1|Absol, F|\n|poke|p1|Weavile, F|\n|poke|p1|Beedrill, M|\n|poke|p2|Garchomp, M|\n|poke|p2|Staraptor, M|\n|poke|p2|Arcanine, M|\n|poke|p2|Toxicroak, M|\n|poke|p2|Milotic, F|\n|poke|p2|Shiftry, M|\n|teampreview\n|inactive|Battle timer is ON: inactive players will automatically lose when time's up. (requested by hadn)\n|inactive|Ilovesmallcats 3 also wants the timer to be on.\n|\n|t:|1697063563\n|start\n|switch|p1a: Absol|Absol, F|100\/100\n|switch|p1b: Weavile|Weavile, F|100\/100\n|switch|p2a: Arcanine|Arcanine, M|100\/100\n|switch|p2b: Staraptor|Staraptor, M|100\/100\n|-ability|p1b: Weavile|Pressure\n|-ability|p2b: Staraptor|Intimidate|boost\n|-unboost|p1a: Absol|atk|1\n|-unboost|p1b: Weavile|atk|1\n|-ability|p2a: Arcanine|Intimidate|boost\n|-unboost|p1a: Absol|atk|1\n|-unboost|p1b: Weavile|atk|1\n|turn|1\n|inactive|hadn has 120 seconds left.\n|\n|t:|1697063610\n|switch|p1b: Primarina|Primarina, M|100\/100\n|-terastallize|p2b: Staraptor|Fighting\n|move|p1a: Absol|Protect|p1a: Absol\n|-singleturn|p1a: Absol|Protect\n|move|p2b: Staraptor|Close Combat|p1b: Primarina\n|-resisted|p1b: Primarina\n|-damage|p1b: Primarina|59\/100\n|-unboost|p2b: Staraptor|def|1\n|-unboost|p2b: Staraptor|spd|1\n|move|p2a: Arcanine|Fire Fang|p1a: Absol\n|-activate|p1a: Absol|move: Protect\n|\n|upkeep\n|turn|2\n|inactive|hadn has 120 seconds left.\n|\n|t:|1697063641\n|switch|p2a: Milotic|Milotic, F|100\/100\n|switch|p1a: Beedrill|Beedrill, M|100\/100\n|move|p2b: Staraptor|U-turn|p1a: Beedrill\n|-resisted|p1a: Beedrill\n|-damage|p1a: Beedrill|68\/100\n|\n|t:|1697063649\n|switch|p2b: Toxigoat|Toxicroak, M, shiny|100\/100|[from] U-turn\n|move|p1b: Primarina|Hyper Voice|p2a: Milotic|[spread] p2a\n|-immune|p2b: Toxigoat|[from] ability: Dry Skin\n|-resisted|p2a: Milotic\n|-damage|p2a: Milotic|82\/100\n|-damage|p1b: Primarina|49\/100|[from] item: Life Orb\n|\n|upkeep\n|turn|3\n|inactive|hadn has 120 seconds left.\n|\n|t:|1697063663\n|detailschange|p1a: Beedrill|Beedrill-Mega, M\n|-mega|p1a: Beedrill|Beedrill|Beedrillite\n|move|p1a: Beedrill|Drill Run|p2b: Toxigoat\n|-supereffective|p2b: Toxigoat\n|-damage|p2b: Toxigoat|31\/100\n|move|p2b: Toxigoat|Swords Dance|p2b: Toxigoat\n|-boost|p2b: Toxigoat|atk|2\n|move|p2a: Milotic|Rain Dance|p2a: Milotic\n|-weather|RainDance\n|move|p1b: Primarina|Energy Ball|p2a: Milotic\n|-supereffective|p2a: Milotic\n|-damage|p2a: Milotic|22\/100\n|-damage|p1b: Primarina|39\/100|[from] item: Life Orb\n|\n|-weather|RainDance|[upkeep]\n|-heal|p2b: Toxigoat|43\/100|[from] ability: Dry Skin\n|-heal|p2b: Toxigoat|49\/100|[from] item: Black Sludge\n|upkeep\n|turn|4\n|inactive|hadn has 120 seconds left.\n|\n|t:|1697063690\n|move|p2b: Toxigoat|Bullet Punch|p1b: Primarina\n|-damage|p1b: Primarina|16\/100\n|move|p1a: Beedrill|Drill Run|p2b: Toxigoat\n|-supereffective|p2b: Toxigoat\n|-damage|p2b: Toxigoat|0 fnt\n|faint|p2b: Toxigoat\n|move|p2a: Milotic|Surf|p1a: Beedrill|[spread] p1a,p1b\n|-crit|p1a: Beedrill\n|-resisted|p1b: Primarina\n|-damage|p1a: Beedrill|0 fnt\n|-damage|p1b: Primarina|0 fnt\n|faint|p1a: Beedrill\n|faint|p1b: Primarina\n|\n|-weather|RainDance|[upkeep]\n|upkeep\n|\n|t:|1697063706\n|switch|p1a: Tsareena|Tsareena, F|100\/100\n|switch|p2b: Shiftry|Shiftry, M, shiny|100\/100\n|switch|p1b: Tapu Bulu|Tapu Bulu|100\/100\n|-fieldstart|move: Grassy Terrain|[from] ability: Grassy Surge|[of] p1b: Tapu Bulu\n|turn|5\n|\n|t:|1697063724\n|move|p2b: Shiftry|Fake Out||[still]\n|cant|p1a: Tsareena|ability: Queenly Majesty|Fake Out|[of] p2b: Shiftry\n|move|p1b: Tapu Bulu|Horn Leech|p2a: Milotic\n|-supereffective|p2a: Milotic\n|-damage|p2a: Milotic|0 fnt\n|faint|p2a: Milotic\n|move|p1a: Tsareena|High Jump Kick|p2b: Shiftry\n|-supereffective|p2b: Shiftry\n|-crit|p2b: Shiftry\n|-damage|p2b: Shiftry|0 fnt\n|faint|p2b: Shiftry\n|\n|-weather|RainDance|[upkeep]\n|upkeep\n|-message|hadn forfeited.\n|\n|win|Ilovesmallcats 3\n|raw|Ilovesmallcats 3's rating: 1135 &rarr; <strong>1156<\/strong><br \/>(+21 for winning)\n|raw|hadn's rating: 1073 &rarr; <strong>1056<\/strong><br \/>(-17 for losing)\n|l|\u2606hadn\n","uploadtime":1697063735,"views":12,"p1id":"ilovesmallcats3","p2id":"hadn","formatid":"gen9nationaldexdoubles","rating":1056,"private":0,"password":""}