{"id":"gen9nationaldexdoubles-1971818791","p1":"Brick_Enjoyer_144","p2":"blaze239","format":"[Gen 9] National Dex Doubles","log":"|j|\u2606Brick_Enjoyer_144\n|j|\u2606blaze239\n|t:|1697776338\n|gametype|doubles\n|player|p1|Brick_Enjoyer_144|shauntal|1100\n|player|p2|blaze239|102|1316\n|teamsize|p1|6\n|teamsize|p2|6\n|gen|9\n|tier|[Gen 9] National Dex Doubles\n|rated|\n|rule|HP Percentage Mod: HP is shown in percentages\n|rule|Endless Battle Clause: Forcing endless battles is banned\n|rule|OHKO Clause: OHKO moves are banned\n|rule|Evasion Moves Clause: Evasion moves are banned\n|rule|Evasion Abilities Clause: Evasion abilities are banned\n|rule|Species Clause: Limit one of each Pok\u00e9mon\n|rule|Gravity Sleep Clause: The combination of sleep-inducing moves with imperfect accuracy and Gravity or Gigantamax Orbeetle are banned\n|clearpoke\n|poke|p1|Espeon, M|\n|poke|p1|Gallade, M|\n|poke|p1|Illumise, F|\n|poke|p1|Urshifu-*, M|\n|poke|p1|Ogerpon-Hearthflame, F|\n|poke|p1|Heatran, M|\n|poke|p2|Charizard, M|\n|poke|p2|Walking Wake|\n|poke|p2|Staraptor, M|\n|poke|p2|Togetic, F|\n|poke|p2|Farigiraf, F|\n|poke|p2|Dragapult, M|\n|teampreview\n|inactive|Battle timer is ON: inactive players will automatically lose when time's up. (requested by Brick_Enjoyer_144)\n|\n|t:|1697776357\n|start\n|switch|p1a: Illumise|Illumise, F|100\/100\n|switch|p1b: Heatran|Heatran, M|100\/100\n|switch|p2a: Farigiraf|Farigiraf, F|100\/100\n|switch|p2b: Staraptor|Staraptor, M|100\/100\n|turn|1\n|\n|t:|1697776371\n|move|p1a: Illumise|Trick||[still]\n|cant|p2a: Farigiraf|ability: Armor Tail|Trick|[of] p1a: Illumise\n|move|p2b: Staraptor|Close Combat|p1b: Heatran\n|-supereffective|p1b: Heatran\n|-damage|p1b: Heatran|22\/100\n|-unboost|p2b: Staraptor|def|1\n|-unboost|p2b: Staraptor|spd|1\n|move|p1b: Heatran|Stealth Rock|p2b: Staraptor\n|-sidestart|p2: blaze239|move: Stealth Rock\n|move|p2a: Farigiraf|Trick|p1a: Illumise\n|-activate|p2a: Farigiraf|move: Trick|[of] p1a: Illumise\n|-item|p1a: Illumise|Choice Specs|[from] move: Trick\n|-item|p2a: Farigiraf|Black Sludge|[from] move: Trick\n|\n|-heal|p1b: Heatran|28\/100|[from] item: Leftovers\n|-damage|p2a: Farigiraf|88\/100|[from] item: Black Sludge\n|upkeep\n|turn|2\n|\n|t:|1697776390\n|switch|p2a: Togetic|Togetic, F|100\/100\n|-damage|p2a: Togetic|76\/100|[from] Stealth Rock\n|move|p1b: Heatran|Protect|p1b: Heatran\n|-singleturn|p1b: Heatran|Protect\n|move|p2b: Staraptor|Close Combat|p1b: Heatran\n|-activate|p1b: Heatran|move: Protect\n|move|p1a: Illumise|Seismic Toss|p2b: Staraptor\n|-damage|p2b: Staraptor|68\/100\n|\n|-heal|p1b: Heatran|35\/100|[from] item: Leftovers\n|upkeep\n|turn|3\n|inactive|Brick_Enjoyer_144 has 120 seconds left.\n|\n|t:|1697776422\n|move|p2b: Staraptor|Close Combat|p1b: Heatran\n|-supereffective|p1b: Heatran\n|-damage|p1b: Heatran|0 fnt\n|-unboost|p2b: Staraptor|def|1\n|-unboost|p2b: Staraptor|spd|1\n|faint|p1b: Heatran\n|move|p1a: Illumise|Seismic Toss|p2b: Staraptor\n|-damage|p2b: Staraptor|36\/100\n|move|p2a: Togetic|Defog|p1a: Illumise\n|-unboost|p1a: Illumise|evasion|1\n|-sideend|p2: blaze239|Stealth Rock|[from] move: Defog|[of] p2a: Togetic\n|\n|upkeep\n|inactive|Brick_Enjoyer_144 has 120 seconds left.\n|\n|t:|1697776430\n|switch|p1b: Urshifu|Urshifu-Rapid-Strike, M|100\/100\n|turn|4\n|\n|t:|1697776446\n|switch|p2b: Dragapult|Dragapult, M|100\/100\n|move|p1b: Urshifu|Ice Spinner|p2b: Dragapult\n|-supereffective|p2b: Dragapult\n|-damage|p2b: Dragapult|5\/100\n|-enditem|p2b: Dragapult|Aguav Berry|[eat]\n|-heal|p2b: Dragapult|38\/100|[from] item: Aguav Berry\n|move|p1a: Illumise|Seismic Toss|p2b: Dragapult\n|-immune|p2b: Dragapult\n|move|p2a: Togetic|Yawn|p1a: Illumise\n|-start|p1a: Illumise|move: Yawn|[of] p2a: Togetic\n|\n|upkeep\n|turn|5\n|\n|t:|1697776459\n|move|p2a: Togetic|Follow Me|p2a: Togetic\n|-singleturn|p2a: Togetic|move: Follow Me\n|move|p1b: Urshifu|Ice Spinner|p2a: Togetic\n|-supereffective|p2a: Togetic\n|-damage|p2a: Togetic|13\/100\n|move|p2b: Dragapult|Dragon Dance|p2b: Dragapult\n|-boost|p2b: Dragapult|atk|1\n|-boost|p2b: Dragapult|spe|1\n|move|p1a: Illumise|Seismic Toss|p2a: Togetic\n|-damage|p2a: Togetic|0 fnt\n|faint|p2a: Togetic\n|\n|-end|p1a: Illumise|move: Yawn|[silent]\n|-status|p1a: Illumise|slp\n|upkeep\n|\n|t:|1697776469\n|switch|p2a: Staraptor|Staraptor, M|36\/100\n|turn|6\n|\n|t:|1697776475\n|move|p2b: Dragapult|Dragon Dance|p2b: Dragapult\n|-boost|p2b: Dragapult|atk|1\n|-boost|p2b: Dragapult|spe|1\n|move|p2a: Staraptor|Brave Bird|p1b: Urshifu\n|-supereffective|p1b: Urshifu\n|-damage|p1b: Urshifu|0 fnt\n|faint|p1b: Urshifu\n|-damage|p2a: Staraptor|0 fnt|[from] Recoil\n|faint|p2a: Staraptor\n|cant|p1a: Illumise|slp\n|\n|upkeep\n|\n|t:|1697776484\n|switch|p1b: Espeon|Espeon, M|100\/100\n|switch|p2a: Farigiraf|Farigiraf, F|88\/100\n|turn|7\n|\n|t:|1697776494\n|move|p2b: Dragapult|Phantom Force||[still]\n|-prepare|p2b: Dragapult|Phantom Force\n|move|p1b: Espeon|Shadow Ball|p2b: Dragapult|[miss]\n|-miss|p1b: Espeon|p2b: Dragapult\n|cant|p1a: Illumise|slp\n|move|p2a: Farigiraf|Trick|p1b: Espeon\n|-activate|p2a: Farigiraf|move: Trick|[of] p1b: Espeon\n|-item|p1b: Espeon|Black Sludge|[from] move: Trick\n|-item|p2a: Farigiraf|Choice Specs|[from] move: Trick\n|\n|-damage|p1b: Espeon|88\/100|[from] item: Black Sludge\n|upkeep\n|turn|8\n|\n|t:|1697776524\n|switch|p2a: Charizard|Charizard, M|100\/100\n|move|p2b: Dragapult|Phantom Force|p1a: Illumise|[from]lockedmove\n|-damage|p1a: Illumise|0 fnt\n|faint|p1a: Illumise\n|move|p1b: Espeon|Dazzling Gleam|p2b: Dragapult|[spread] p2a,p2b\n|-resisted|p2a: Charizard\n|-supereffective|p2b: Dragapult\n|-damage|p2a: Charizard|87\/100\n|-damage|p2b: Dragapult|0 fnt\n|faint|p2b: Dragapult\n|\n|-damage|p1b: Espeon|76\/100|[from] item: Black Sludge\n|upkeep\n|\n|t:|1697776536\n|switch|p2b: Walking Wake|Walking Wake|100\/100\n|switch|p1a: Gallade|Gallade, M|100\/100\n|turn|9\n|\n|t:|1697776544\n|detailschange|p2a: Charizard|Charizard-Mega-Y, M\n|-mega|p2a: Charizard|Charizard|Charizardite Y\n|-weather|SunnyDay|[from] ability: Drought|[of] p2a: Charizard\n|-activate|p2b: Walking Wake|ability: Protosynthesis\n|-start|p2b: Walking Wake|protosynthesisspa\n|-terastallize|p2b: Walking Wake|Fairy\n|move|p1b: Espeon|Psychic|p2a: Charizard\n|-damage|p2a: Charizard|41\/100\n|-unboost|p2a: Charizard|spd|1\n|move|p2b: Walking Wake|Tera Blast|p1a: Gallade|[anim] Tera Blast Fairy\n|-supereffective|p1a: Gallade\n|-damage|p1a: Gallade|0 fnt\n|faint|p1a: Gallade\n|move|p2a: Charizard|Heat Wave|p1b: Espeon\n|-damage|p1b: Espeon|0 fnt\n|faint|p1b: Espeon\n|\n|-weather|SunnyDay|[upkeep]\n|upkeep\n|\n|t:|1697776556\n|switch|p1b: Ogerpon|Ogerpon-Hearthflame, F|100\/100\n|-ability|p1b: Ogerpon|Mold Breaker\n|turn|10\n|\n|t:|1697776571\n|-terastallize|p1b: Ogerpon|Fire\n|detailschange|p1b: Ogerpon|Ogerpon-Hearthflame-Tera, F, tera:Fire\n|-ability|p1b: Ogerpon|Embody Aspect (Hearthflame)|boost\n|-boost|p1b: Ogerpon|atk|1\n|move|p1b: Ogerpon|Ivy Cudgel|p2b: Walking Wake\n|-damage|p2b: Walking Wake|0 fnt\n|faint|p2b: Walking Wake\n|-end|p2b: Walking Wake|Protosynthesis|[silent]\n|move|p2a: Charizard|Air Slash|p1b: Ogerpon\n|-damage|p1b: Ogerpon|45\/100\n|\n|-weather|SunnyDay|[upkeep]\n|upkeep\n|\n|t:|1697776578\n|switch|p2b: Farigiraf|Farigiraf, F|88\/100\n|turn|11\n|\n|t:|1697776591\n|move|p2a: Charizard|Protect|p2a: Charizard\n|-singleturn|p2a: Charizard|Protect\n|move|p1b: Ogerpon|Horn Leech|p2b: Farigiraf\n|-damage|p2b: Farigiraf|33\/100\n|-heal|p1b: Ogerpon|86\/100|[from] drain|[of] p2b: Farigiraf\n|move|p2b: Farigiraf|Trick Room|p2b: Farigiraf\n|-fieldstart|move: Trick Room|[of] p2b: Farigiraf\n|\n|-weather|SunnyDay|[upkeep]\n|upkeep\n|turn|12\n|\n|t:|1697776603\n|move|p2a: Charizard|Air Slash|p1b: Ogerpon\n|-damage|p1b: Ogerpon|33\/100\n|move|p1b: Ogerpon|Horn Leech|p2b: Farigiraf\n|-damage|p2b: Farigiraf|0 fnt\n|-heal|p1b: Ogerpon|57\/100|[from] drain|[of] p2b: Farigiraf\n|faint|p2b: Farigiraf\n|\n|-weather|SunnyDay|[upkeep]\n|upkeep\n|turn|13\n|\n|t:|1697776613\n|move|p2a: Charizard|Air Slash|p1b: Ogerpon|[miss]\n|-miss|p2a: Charizard|p1b: Ogerpon\n|move|p1b: Ogerpon|Ivy Cudgel|p2a: Charizard\n|-resisted|p2a: Charizard\n|-damage|p2a: Charizard|0 fnt\n|faint|p2a: Charizard\n|\n|win|Brick_Enjoyer_144\n|raw|Brick_Enjoyer_144's rating: 1100 &rarr; <strong>1139<\/strong><br \/>(+39 for winning)\n|raw|blaze239's rating: 1316 &rarr; <strong>1285<\/strong><br \/>(-31 for losing)\n|l|\u2606blaze239\n","uploadtime":1697776622,"views":9,"p1id":"brickenjoyer144","p2id":"blaze239","formatid":"gen9nationaldexdoubles","rating":1139,"private":0,"password":""}