{"id":"gen9nationaldexdoubles-1987210822","p1":"Geust_37","p2":"Metalslay3r","format":"[Gen 9] National Dex Doubles","log":"|j|\u2606Geust_37\n|j|\u2606Metalslay3r\n|t:|1699565620\n|gametype|doubles\n|player|p1|Geust_37|bellelba|\n|player|p2|Metalslay3r|hilda-wonderlauncher|\n|teamsize|p1|6\n|teamsize|p2|6\n|gen|9\n|tier|[Gen 9] National Dex Doubles\n|rule|HP Percentage Mod: HP is shown in percentages\n|rule|Endless Battle Clause: Forcing endless battles is banned\n|rule|OHKO Clause: OHKO moves are banned\n|rule|Evasion Moves Clause: Evasion moves are banned\n|rule|Evasion Abilities Clause: Evasion abilities are banned\n|rule|Species Clause: Limit one of each Pok\u00e9mon\n|rule|Gravity Sleep Clause: The combination of sleep-inducing moves with imperfect accuracy and Gravity or Gigantamax Orbeetle are banned\n|clearpoke\n|poke|p1|Gallade, M|\n|poke|p1|Meowstic, M|\n|poke|p1|Hatterene, F|\n|poke|p1|Indeedee-F, F|\n|poke|p1|Claydol|\n|poke|p1|Reuniclus, M|\n|poke|p2|Mudsdale, M|\n|poke|p2|Dugtrio, M|\n|poke|p2|Clodsire, M|\n|poke|p2|Claydol|\n|poke|p2|Steelix, M|\n|poke|p2|Gastrodon-East, M|\n|teampreview\n|\n|t:|1699565628\n|start\n|switch|p1a: Meowstic|Meowstic, M|100\/100\n|switch|p1b: Mayanne|Hatterene, F|100\/100\n|switch|p2a: Chance|Mudsdale, M, shiny|100\/100\n|switch|p2b: Clayton|Dugtrio, M, shiny|100\/100\n|turn|1\n|\n|t:|1699565645\n|move|p1a: Meowstic|Reflect|p1a: Meowstic\n|-sidestart|p1: Geust_37|Reflect\n|move|p2b: Clayton|Beat Up|p1a: Meowstic\n|-supereffective|p1a: Meowstic\n|-damage|p1a: Meowstic|93\/100\n|-supereffective|p1a: Meowstic\n|-damage|p1a: Meowstic|86\/100\n|-supereffective|p1a: Meowstic\n|-damage|p1a: Meowstic|80\/100\n|-supereffective|p1a: Meowstic\n|-damage|p1a: Meowstic|74\/100\n|-supereffective|p1a: Meowstic\n|-damage|p1a: Meowstic|68\/100\n|-supereffective|p1a: Meowstic\n|-damage|p1a: Meowstic|61\/100\n|-hitcount|p1a: Meowstic|6\n|move|p2a: Chance|Heavy Slam|p1b: Mayanne\n|-supereffective|p1b: Mayanne\n|-damage|p1b: Mayanne|45\/100\n|move|p1b: Mayanne|Trick Room|p1b: Mayanne\n|-fieldstart|move: Trick Room|[of] p1b: Mayanne\n|\n|-heal|p1b: Mayanne|51\/100|[from] item: Leftovers\n|upkeep\n|turn|2\n|\n|t:|1699565694\n|switch|p2b: Pretzal|Gastrodon-East, M|100\/100\n|move|p1b: Mayanne|Expanding Force|p2a: Chance\n|-damage|p2a: Chance|66\/100\n|-ability|p2a: Chance|Stamina|boost\n|-boost|p2a: Chance|def|1\n|move|p2a: Chance|Heavy Slam|p1b: Mayanne\n|-supereffective|p1b: Mayanne\n|-damage|p1b: Mayanne|0 fnt\n|faint|p1b: Mayanne\n|move|p1a: Meowstic|Expanding Force|p2a: Chance\n|-damage|p2a: Chance|49\/100\n|-ability|p2a: Chance|Stamina|boost\n|-boost|p2a: Chance|def|1\n|\n|upkeep\n|\n|t:|1699565707\n|switch|p1b: Fanya|Indeedee-F, F|100\/100\n|-fieldstart|move: Psychic Terrain|[from] ability: Psychic Surge|[of] p1b: Fanya\n|turn|3\n|\n|t:|1699565719\n|move|p2a: Chance|Body Press|p1b: Fanya\n|-damage|p1b: Fanya|57\/100\n|move|p2b: Pretzal|Muddy Water|p1a: Meowstic|[spread] p1a\n|-miss|p2b: Pretzal|p1b: Fanya\n|-damage|p1a: Meowstic|45\/100\n|-unboost|p1a: Meowstic|accuracy|1\n|move|p1b: Fanya|Expanding Force|p2b: Pretzal|[spread] p2a,p2b\n|-damage|p2a: Chance|13\/100\n|-damage|p2b: Pretzal|58\/100\n|-ability|p2a: Chance|Stamina|boost\n|-boost|p2a: Chance|def|1\n|move|p1a: Meowstic|Expanding Force|p2b: Pretzal|[spread] p2a\n|-miss|p1a: Meowstic|p2b: Pretzal\n|-damage|p2a: Chance|0 fnt\n|faint|p2a: Chance\n|\n|upkeep\n|\n|t:|1699565750\n|switch|p2a: Plug|Claydol|100\/100\n|turn|4\n|\n|t:|1699565769\n|move|p2b: Pretzal|Muddy Water|p1a: Meowstic|[spread] p1a,p1b\n|-damage|p1a: Meowstic|26\/100\n|-damage|p1b: Fanya|37\/100\n|-unboost|p1a: Meowstic|accuracy|1\n|-unboost|p1b: Fanya|accuracy|1\n|move|p1b: Fanya|Shadow Ball|p2a: Plug|[miss]\n|-miss|p1b: Fanya|p2a: Plug\n|move|p2a: Plug|Earth Power|p1b: Fanya\n|-damage|p1b: Fanya|7\/100\n|move|p1a: Meowstic|Expanding Force|p2b: Pretzal|[spread] p2a,p2b\n|-resisted|p2a: Plug\n|-damage|p2a: Plug|87\/100\n|-damage|p2b: Pretzal|25\/100\n|-enditem|p2b: Pretzal|Sitrus Berry|[eat]\n|-heal|p2b: Pretzal|50\/100|[from] item: Sitrus Berry\n|\n|-heal|p2a: Plug|93\/100|[from] item: Leftovers\n|upkeep\n|turn|5\n|\n|t:|1699565797\n|switch|p1b: Seer|Claydol|100\/100\n|move|p2b: Pretzal|Muddy Water|p1a: Meowstic|[spread] p1a,p1b\n|-supereffective|p1b: Seer\n|-damage|p1a: Meowstic|8\/100\n|-damage|p1b: Seer|65\/100\n|move|p2a: Plug|Earth Power|p1a: Meowstic\n|-damage|p1a: Meowstic|0 fnt\n|faint|p1a: Meowstic\n|\n|-heal|p1b: Seer|71\/100|[from] item: Leftovers\n|-heal|p2a: Plug|99\/100|[from] item: Leftovers\n|-sideend|p1: Geust_37|Reflect\n|-fieldend|move: Trick Room\n|upkeep\n|\n|t:|1699565811\n|switch|p1a: Jello|Reuniclus, M|100\/100\n|turn|6\n|\n|t:|1699565822\n|move|p2a: Plug|Ice Beam|p1b: Seer\n|-supereffective|p1b: Seer\n|-damage|p1b: Seer|37\/100\n|move|p1b: Seer|Cosmic Power|p1b: Seer\n|-boost|p1b: Seer|def|1\n|-boost|p1b: Seer|spd|1\n|move|p2b: Pretzal|Muddy Water|p1a: Jello|[spread] p1a,p1b\n|-supereffective|p1b: Seer\n|-crit|p1b: Seer\n|-damage|p1a: Jello|81\/100\n|-damage|p1b: Seer|0 fnt\n|faint|p1b: Seer\n|move|p1a: Jello|Trick Room|p1a: Jello\n|-fieldstart|move: Trick Room|[of] p1a: Jello\n|\n|-heal|p2a: Plug|100\/100|[from] item: Leftovers\n|upkeep\n|\n|t:|1699565842\n|switch|p1b: Aastro|Gallade, M|100\/100\n|turn|7\n|\n|t:|1699565862\n|switch|p2a: Slater|Steelix, M, shiny|100\/100\n|move|p1a: Jello|Psychic|p2b: Pretzal\n|-damage|p2b: Pretzal|0 fnt\n|faint|p2b: Pretzal\n|move|p1b: Aastro|Night Slash|p2a: Slater\n|-crit|p2a: Slater\n|-damage|p2a: Slater|76\/100\n|\n|-fieldend|move: Psychic Terrain\n|upkeep\n|\n|t:|1699565872\n|switch|p2b: Delmar|Clodsire, M|100\/100\n|turn|8\n|\n|t:|1699565895\n|detailschange|p2a: Slater|Steelix-Mega, M, shiny\n|-mega|p2a: Slater|Steelix|Steelixite\n|move|p1a: Jello|Psychic|p2b: Delmar\n|-supereffective|p2b: Delmar\n|-damage|p2b: Delmar|15\/100\n|move|p2b: Delmar|Rock Slide|p1b: Aastro|[spread] p1a,p1b\n|-resisted|p1b: Aastro\n|-damage|p1a: Jello|67\/100\n|-damage|p1b: Aastro|88\/100\n|move|p2a: Slater|Crunch|p1a: Jello\n|-supereffective|p1a: Jello\n|-damage|p1a: Jello|12\/100\n|move|p1b: Aastro|Psycho Cut|p2b: Delmar\n|-supereffective|p2b: Delmar\n|-crit|p2b: Delmar\n|-damage|p2b: Delmar|0 fnt\n|faint|p2b: Delmar\n|\n|upkeep\n|\n|t:|1699565910\n|switch|p2b: Plug|Claydol|100\/100\n|turn|9\n|\n|t:|1699565940\n|move|p1a: Jello|Shadow Ball|p2b: Plug\n|-supereffective|p2b: Plug\n|-damage|p2b: Plug|35\/100\n|-unboost|p2b: Plug|spd|1\n|move|p2a: Slater|Crunch|p1a: Jello\n|-supereffective|p1a: Jello\n|-damage|p1a: Jello|0 fnt\n|faint|p1a: Jello\n|move|p2b: Plug|Earth Power|p1b: Aastro\n|-damage|p1b: Aastro|59\/100\n|move|p1b: Aastro|Sacred Sword|p2a: Slater\n|-supereffective|p2a: Slater\n|-crit|p2a: Slater\n|-damage|p2a: Slater|0 fnt\n|faint|p2a: Slater\n|\n|-heal|p2b: Plug|41\/100|[from] item: Leftovers\n|upkeep\n|c|\u2606Metalslay3r|damn that crit\n|\n|t:|1699565957\n|switch|p1a: Fanya|Indeedee-F, F|7\/100\n|switch|p2a: Clayton|Dugtrio, M, shiny|100\/100\n|-fieldstart|move: Psychic Terrain|[from] ability: Psychic Surge|[of] p1a: Fanya\n|turn|10\n|\n|t:|1699565980\n|-zpower|p1a: Fanya\n|move|p1a: Fanya|Shattered Psyche|p2a: Clayton|[zeffect]\n|-enditem|p2a: Clayton|Focus Sash\n|-damage|p2a: Clayton|1\/100\n|move|p2b: Plug|Earth Power|p1a: Fanya\n|-damage|p1a: Fanya|0 fnt\n|faint|p1a: Fanya\n|move|p1b: Aastro|Night Slash|p2b: Plug\n|-supereffective|p2b: Plug\n|-damage|p2b: Plug|0 fnt\n|faint|p2b: Plug\n|move|p2a: Clayton|Stone Edge|p1b: Aastro|[miss]\n|-miss|p2a: Clayton|p1b: Aastro\n|\n|-fieldend|move: Trick Room\n|upkeep\n|turn|11\n|c|\u2606Geust_37|oh\n|c|\u2606Metalslay3r|oh and the misss\n|c|\u2606Geust_37|oh god\n|c|\u2606Metalslay3r|damn you getting lucky chief\n|\n|t:|1699566010\n|move|p2a: Clayton|Stone Edge|p1b: Aastro\n|-resisted|p1b: Aastro\n|-damage|p1b: Aastro|32\/100\n|move|p1b: Aastro|Aqua Cutter|p2a: Clayton\n|-supereffective|p2a: Clayton\n|-crit|p2a: Clayton\n|-damage|p2a: Clayton|0 fnt\n|faint|p2a: Clayton\n|\n|win|Geust_37\n|c|\u2606Geust_37|YES\n|c|\u2606Geust_37|YEEEEEESSSSS!!!\n|c|\u2606Metalslay3r|oh damn i missclciked and didnt click on stomping tantrum\n|c|\u2606Metalslay3r|like an idiot lol\n|c|\u2606Geust_37|oof\n|l|\u2606Geust_37\n","uploadtime":1699566307,"views":10,"p1id":"geust37","p2id":"metalslay3r","formatid":"gen9nationaldexdoubles","rating":0,"private":0,"password":""}