{"id":"gen9nationaldexdoubles-1950703756","p1":"UnknownKirdy","p2":"N0mbreP","format":"[Gen 9] National Dex Doubles","log":"|j|\u2606UnknownKirdy\n|j|\u2606N0mbreP\n|t:|1695498157\n|gametype|doubles\n|player|p1|UnknownKirdy|n|1014\n|player|p2|N0mbreP|lillie|1066\n|teamsize|p1|6\n|teamsize|p2|6\n|gen|9\n|tier|[Gen 9] National Dex Doubles\n|rated|\n|rule|HP Percentage Mod: HP is shown in percentages\n|rule|Endless Battle Clause: Forcing endless battles is banned\n|rule|OHKO Clause: OHKO moves are banned\n|rule|Evasion Moves Clause: Evasion moves are banned\n|rule|Evasion Abilities Clause: Evasion abilities are banned\n|rule|Species Clause: Limit one of each Pok\u00e9mon\n|rule|Gravity Sleep Clause: The combination of sleep-inducing moves with imperfect accuracy and Gravity or Gigantamax Orbeetle are banned\n|clearpoke\n|poke|p1|Gyarados, F|\n|poke|p1|Coalossal, M|\n|poke|p1|Ursaluna-Bloodmoon, M|\n|poke|p1|Armaldo, M|\n|poke|p1|Arcanine-Hisui, F|\n|poke|p1|Bewear, F|\n|poke|p2|Oricorio, M|\n|poke|p2|Bellossom, F|\n|poke|p2|Iron Moth|\n|poke|p2|Flamigo, F|\n|poke|p2|Squawkabilly-Blue, F|\n|poke|p2|Lilligant-Hisui, F|\n|teampreview\n|\n|t:|1695498165\n|start\n|switch|p1a: Arcanine|Arcanine-Hisui, F, shiny|100\/100\n|switch|p1b: Armaldo|Armaldo, M|100\/100\n|switch|p2a: Oricorio|Oricorio, M|100\/100\n|switch|p2b: Bellossom|Bellossom, F|100\/100\n|turn|1\n|\n|t:|1695498179\n|move|p2a: Oricorio|Protect|p2a: Oricorio\n|-singleturn|p2a: Oricorio|Protect\n|move|p1a: Arcanine|Wild Charge|p2a: Oricorio\n|-activate|p2a: Oricorio|move: Protect\n|move|p2b: Bellossom|Quiver Dance|p2b: Bellossom\n|-boost|p2b: Bellossom|spa|1\n|-boost|p2b: Bellossom|spd|1\n|-boost|p2b: Bellossom|spe|1\n|-activate|p2a: Oricorio|ability: Dancer\n|move|p2a: Oricorio|Quiver Dance|p2a: Oricorio|[from]ability: Dancer\n|-boost|p2a: Oricorio|spa|1\n|-boost|p2a: Oricorio|spd|1\n|-boost|p2a: Oricorio|spe|1\n|move|p1b: Armaldo|Stealth Rock|p2a: Oricorio\n|-sidestart|p2: N0mbreP|move: Stealth Rock\n|\n|upkeep\n|turn|2\n|inactive|Battle timer is ON: inactive players will automatically lose when time's up. (requested by UnknownKirdy)\n|\n|t:|1695498259\n|switch|p2b: Flamigo|Flamigo, F|100\/100\n|-damage|p2b: Flamigo|88\/100|[from] Stealth Rock\n|-copyboost|p2b: Flamigo|p2a: Oricorio|[from] ability: Costar\n|move|p2a: Oricorio|Roost||[still]\n|-fail|p2a: Oricorio|heal\n|move|p1a: Arcanine|Wild Charge|p2a: Oricorio\n|-supereffective|p2a: Oricorio\n|-damage|p2a: Oricorio|0 fnt\n|faint|p2a: Oricorio\n|-damage|p1a: Arcanine|91\/100|[from] item: Life Orb\n|move|p1b: Armaldo|Stealth Rock||[still]\n|-fail|p1b: Armaldo\n|\n|upkeep\n|inactive|N0mbreP has 120 seconds left.\n|\n|t:|1695498303\n|switch|p2a: Lilligant|Lilligant-Hisui, F|100\/100\n|-damage|p2a: Lilligant|94\/100|[from] Stealth Rock\n|turn|3\n|\n|t:|1695498311\n|move|p2b: Flamigo|Brave Bird|p1b: Armaldo\n|-damage|p1b: Armaldo|62\/100\n|-damage|p2b: Flamigo|73\/100|[from] Recoil\n|move|p2a: Lilligant|Close Combat|p1a: Arcanine\n|-supereffective|p1a: Arcanine\n|-damage|p1a: Arcanine|0 fnt\n|-unboost|p2a: Lilligant|def|1\n|-unboost|p2a: Lilligant|spd|1\n|faint|p1a: Arcanine\n|move|p1b: Armaldo|Stone Edge|p2b: Flamigo\n|-crit|p2b: Flamigo\n|-damage|p2b: Flamigo|0 fnt\n|faint|p2b: Flamigo\n|\n|-heal|p1b: Armaldo|68\/100|[from] item: Leftovers\n|upkeep\n|\n|t:|1695498327\n|switch|p2b: Squawkabilly|Squawkabilly-Blue, F|100\/100\n|switch|p1a: Coalossal|Coalossal, M|100\/100\n|-damage|p2b: Squawkabilly|76\/100|[from] Stealth Rock\n|turn|4\n|\n|t:|1695498340\n|move|p2a: Lilligant|Close Combat|p1a: Coalossal\n|-supereffective|p1a: Coalossal\n|-damage|p1a: Coalossal|24\/100\n|-unboost|p2a: Lilligant|def|1\n|-unboost|p2a: Lilligant|spd|1\n|-damage|p2a: Lilligant|78\/100|[from] item: Rocky Helmet|[of] p1a: Coalossal\n|-status|p2a: Lilligant|brn|[from] ability: Flame Body|[of] p1a: Coalossal\n|move|p2b: Squawkabilly|Substitute|p2b: Squawkabilly\n|-start|p2b: Squawkabilly|Substitute\n|-damage|p2b: Squawkabilly|51\/100\n|move|p1b: Armaldo|Stone Edge|p2b: Squawkabilly\n|-supereffective|p2b: Squawkabilly\n|-end|p2b: Squawkabilly|Substitute\n|move|p1a: Coalossal|Iron Defense|p1a: Coalossal\n|-boost|p1a: Coalossal|def|2\n|\n|-heal|p1b: Armaldo|75\/100|[from] item: Leftovers\n|-damage|p2a: Lilligant|72\/100 brn|[from] brn\n|-status|p2b: Squawkabilly|brn|[from] item: Flame Orb\n|upkeep\n|turn|5\n|inactive|N0mbreP has 120 seconds left.\n|\n|t:|1695498377\n|move|p2a: Lilligant|Close Combat|p1a: Coalossal\n|-supereffective|p1a: Coalossal\n|-damage|p1a: Coalossal|6\/100\n|-unboost|p2a: Lilligant|def|1\n|-unboost|p2a: Lilligant|spd|1\n|-damage|p2a: Lilligant|55\/100 brn|[from] item: Rocky Helmet|[of] p1a: Coalossal\n|move|p2b: Squawkabilly|Brave Bird|p1b: Armaldo\n|-damage|p1b: Armaldo|19\/100\n|-damage|p2b: Squawkabilly|29\/100 brn|[from] Recoil\n|move|p1b: Armaldo|Stone Edge|p2b: Squawkabilly\n|-supereffective|p2b: Squawkabilly\n|-damage|p2b: Squawkabilly|0 fnt\n|faint|p2b: Squawkabilly\n|move|p1a: Coalossal|Heat Wave|p2a: Lilligant\n|-supereffective|p2a: Lilligant\n|-damage|p2a: Lilligant|0 fnt\n|faint|p2a: Lilligant\n|\n|-heal|p1b: Armaldo|25\/100|[from] item: Leftovers\n|upkeep\n|\n|t:|1695498386\n|switch|p2a: Iron Moth|Iron Moth|100\/100\n|switch|p2b: Bellossom|Bellossom, F|100\/100\n|-damage|p2a: Iron Moth|76\/100|[from] Stealth Rock\n|-damage|p2b: Bellossom|88\/100|[from] Stealth Rock\n|-enditem|p2a: Iron Moth|Booster Energy\n|-activate|p2a: Iron Moth|ability: Quark Drive|[fromitem]\n|-start|p2a: Iron Moth|quarkdrivespa\n|turn|6\n|\n|t:|1695498399\n|move|p2b: Bellossom|Protect|p2b: Bellossom\n|-singleturn|p2b: Bellossom|Protect\n|move|p2a: Iron Moth|Sludge Wave|p1b: Armaldo|[spread] p1a,p1b\n|-activate|p2b: Bellossom|move: Protect\n|-resisted|p1a: Coalossal\n|-resisted|p1b: Armaldo\n|-damage|p1a: Coalossal|0 fnt\n|-damage|p1b: Armaldo|0 fnt\n|faint|p1a: Coalossal\n|faint|p1b: Armaldo\n|\n|upkeep\n|\n|t:|1695498409\n|switch|p1b: Ursaluna|Ursaluna-Bloodmoon, M|100\/100\n|switch|p1a: Gyarados|Gyarados, F, shiny|100\/100\n|turn|7\n|inactive|N0mbreP has 120 seconds left.\n|\n|t:|1695498450\n|-terastallize|p2b: Bellossom|Grass\n|move|p2a: Iron Moth|Protect|p2a: Iron Moth\n|-singleturn|p2a: Iron Moth|Protect\n|move|p1a: Gyarados|Dragon Dance|p1a: Gyarados\n|-boost|p1a: Gyarados|atk|1\n|-boost|p1a: Gyarados|spe|1\n|move|p2b: Bellossom|Petal Dance|p1b: Ursaluna\n|-supereffective|p1b: Ursaluna\n|-damage|p1b: Ursaluna|0 fnt\n|faint|p1b: Ursaluna\n|\n|upkeep\n|\n|t:|1695498460\n|switch|p1b: Bewear|Bewear, F, shiny|100\/100\n|turn|8\n|inactive|N0mbreP has 120 seconds left.\n|\n|t:|1695498486\n|detailschange|p1a: Gyarados|Gyarados-Mega, F, shiny\n|-mega|p1a: Gyarados|Gyarados|Gyaradosite\n|-ability|p1a: Gyarados|Mold Breaker\n|move|p1a: Gyarados|Aqua Tail|p2a: Iron Moth\n|-supereffective|p2a: Iron Moth\n|-damage|p2a: Iron Moth|0 fnt\n|faint|p2a: Iron Moth\n|-end|p2a: Iron Moth|Quark Drive|[silent]\n|move|p2b: Bellossom|Petal Dance|p1b: Bewear|[from]lockedmove\n|-damage|p1b: Bewear|74\/100\n|move|p1b: Bewear|Ice Punch|p2b: Bellossom\n|-supereffective|p2b: Bellossom\n|-damage|p2b: Bellossom|17\/100\n|\n|upkeep\n|turn|9\n|\n|t:|1695498506\n|move|p1a: Gyarados|Dragon Dance|p1a: Gyarados\n|-boost|p1a: Gyarados|atk|1\n|-boost|p1a: Gyarados|spe|1\n|move|p2b: Bellossom|Petal Dance|p1b: Bewear|[from]lockedmove\n|-damage|p1b: Bewear|47\/100\n|-start|p2b: Bellossom|confusion|[fatigue]\n|move|p1b: Bewear|Body Press|p2b: Bellossom\n|-damage|p2b: Bellossom|0 fnt\n|faint|p2b: Bellossom\n|\n|win|UnknownKirdy\n|raw|UnknownKirdy's rating: 1014 &rarr; <strong>1058<\/strong><br \/>(+44 for winning)\n|raw|N0mbreP's rating: 1066 &rarr; <strong>1043<\/strong><br \/>(-23 for losing)\n|l|\u2606N0mbreP\n","uploadtime":1695498520,"views":8,"p1id":"unknownkirdy","p2id":"n0mbrep","formatid":"gen9nationaldexdoubles","rating":1043,"private":0,"password":""}