{"id":"gen9nationaldexdoubles-1970672968","p1":"lxvliiz","p2":"Tori Ala","format":"[Gen 9] National Dex Doubles","log":"|j|\u2606lxvliiz\n|j|\u2606Tori Ala\n|t:|1697657113\n|gametype|doubles\n|player|p1|lxvliiz|gambler|1090\n|player|p2|Tori Ala|parasollady-gen4|1152\n|teamsize|p1|6\n|teamsize|p2|6\n|gen|9\n|tier|[Gen 9] National Dex Doubles\n|rated|\n|rule|HP Percentage Mod: HP is shown in percentages\n|rule|Endless Battle Clause: Forcing endless battles is banned\n|rule|OHKO Clause: OHKO moves are banned\n|rule|Evasion Moves Clause: Evasion moves are banned\n|rule|Evasion Abilities Clause: Evasion abilities are banned\n|rule|Species Clause: Limit one of each Pok\u00e9mon\n|rule|Gravity Sleep Clause: The combination of sleep-inducing moves with imperfect accuracy and Gravity or Gigantamax Orbeetle are banned\n|clearpoke\n|poke|p1|Blaziken, F|\n|poke|p1|Ogerpon-Cornerstone, F|\n|poke|p1|Aegislash, M|\n|poke|p1|Klefki, F|\n|poke|p1|Eevee, M|\n|poke|p1|Volcarona, M|\n|poke|p2|Lucario, M|\n|poke|p2|Whimsicott, F|\n|poke|p2|Mienshao, F|\n|poke|p2|Charizard, M|\n|poke|p2|Ambipom, M|\n|poke|p2|Flutter Mane|\n|teampreview\n|inactive|Battle timer is ON: inactive players will automatically lose when time's up. (requested by Tori Ala)\n|\n|t:|1697657121\n|start\n|switch|p1a: Eevee|Eevee, M|100\/100\n|switch|p1b: Volcarona|Volcarona, M|100\/100\n|switch|p2a: Lucario|Lucario, M|100\/100\n|switch|p2b: Whimsicott|Whimsicott, F|100\/100\n|turn|1\n|\n|t:|1697657135\n|-terastallize|p2a: Lucario|Fighting\n|-terastallize|p1b: Volcarona|Bug\n|move|p1b: Volcarona|Rage Powder|p1b: Volcarona\n|-singleturn|p1b: Volcarona|move: Rage Powder\n|move|p2a: Lucario|Rock Slide|p1b: Volcarona|[spread] p1a,p1b\n|-supereffective|p1b: Volcarona\n|-damage|p1a: Eevee|58\/100\n|-damage|p1b: Volcarona|58\/100\n|move|p2b: Whimsicott|Beat Up|p2a: Lucario\n|-resisted|p2a: Lucario\n|-crit|p2a: Lucario\n|-damage|p2a: Lucario|97\/100\n|-ability|p2a: Lucario|Justified|boost\n|-boost|p2a: Lucario|atk|1\n|-resisted|p2a: Lucario\n|-damage|p2a: Lucario|96\/100\n|-ability|p2a: Lucario|Justified|boost\n|-boost|p2a: Lucario|atk|1\n|-resisted|p2a: Lucario\n|-damage|p2a: Lucario|93\/100\n|-ability|p2a: Lucario|Justified|boost\n|-boost|p2a: Lucario|atk|1\n|-resisted|p2a: Lucario\n|-damage|p2a: Lucario|92\/100\n|-ability|p2a: Lucario|Justified|boost\n|-boost|p2a: Lucario|atk|1\n|-resisted|p2a: Lucario\n|-damage|p2a: Lucario|89\/100\n|-ability|p2a: Lucario|Justified|boost\n|-boost|p2a: Lucario|atk|1\n|-resisted|p2a: Lucario\n|-damage|p2a: Lucario|88\/100\n|-ability|p2a: Lucario|Justified|boost\n|-boost|p2a: Lucario|atk|1\n|-hitcount|p2a: Lucario|6\n|-zpower|p1a: Eevee\n|move|p1a: Eevee|Extreme Evoboost|p1a: Eevee\n|-boost|p1a: Eevee|atk|2\n|-boost|p1a: Eevee|def|2\n|-boost|p1a: Eevee|spa|2\n|-boost|p1a: Eevee|spd|2\n|-boost|p1a: Eevee|spe|2\n|\n|-heal|p2a: Lucario|94\/100|[from] item: Leftovers\n|upkeep\n|turn|2\n|\n|t:|1697657158\n|move|p1b: Volcarona|Rage Powder|p1b: Volcarona\n|-singleturn|p1b: Volcarona|move: Rage Powder\n|move|p2b: Whimsicott|Tailwind|p2b: Whimsicott\n|-sidestart|p2: Tori Ala|move: Tailwind\n|move|p2a: Lucario|Drain Punch|p1b: Volcarona\n|-resisted|p1b: Volcarona\n|-damage|p1b: Volcarona|0 fnt\n|-heal|p2a: Lucario|100\/100|[from] drain|[of] p1b: Volcarona\n|-status|p2a: Lucario|brn|[from] ability: Flame Body|[of] p1b: Volcarona\n|faint|p1b: Volcarona\n|move|p1a: Eevee|Baton Pass|p1a: Eevee\n|\n|t:|1697657172\n|switch|p1a: Blaziken|Blaziken, F|100\/100|[from] Baton Pass\n|\n|-damage|p2a: Lucario|94\/100 brn|[from] brn\n|upkeep\n|\n|t:|1697657175\n|switch|p1b: Aegislash|Aegislash, M|100\/100\n|turn|3\n|\n|t:|1697657190\n|detailschange|p1a: Blaziken|Blaziken-Mega, F\n|-mega|p1a: Blaziken|Blaziken|Blazikenite\n|move|p2b: Whimsicott|Helping Hand|p2a: Lucario\n|-singleturn|p2a: Lucario|Helping Hand|[of] p2b: Whimsicott\n|move|p1a: Blaziken|Protect|p1a: Blaziken\n|-singleturn|p1a: Blaziken|Protect\n|move|p2a: Lucario|Earthquake|p1b: Aegislash|[spread] p2b,p1b\n|-activate|p1a: Blaziken|move: Protect\n|-resisted|p2b: Whimsicott\n|-supereffective|p1b: Aegislash\n|-damage|p2b: Whimsicott|72\/100\n|-damage|p1b: Aegislash|0 fnt\n|faint|p1b: Aegislash\n|\n|-heal|p2a: Lucario|100\/100 brn|[from] item: Leftovers\n|-damage|p2a: Lucario|94\/100 brn|[from] brn\n|-ability|p1a: Blaziken|Speed Boost|boost\n|-boost|p1a: Blaziken|spe|1\n|upkeep\n|\n|t:|1697657199\n|switch|p1b: Klefki|Klefki, F|100\/100\n|turn|4\n|\n|t:|1697657214\n|move|p2b: Whimsicott|Helping Hand|p2a: Lucario\n|-singleturn|p2a: Lucario|Helping Hand|[of] p2b: Whimsicott\n|move|p1b: Klefki|Thunder Wave||[still]\n|-fail|p1b: Klefki\n|move|p1a: Blaziken|Bounce||[still]\n|-prepare|p1a: Blaziken|Bounce\n|move|p2a: Lucario|Earthquake|p1b: Klefki|[spread] p2b,p1b\n|-miss|p2a: Lucario|p1a: Blaziken\n|-resisted|p2b: Whimsicott\n|-supereffective|p1b: Klefki\n|-damage|p2b: Whimsicott|43\/100\n|-damage|p1b: Klefki|0 fnt\n|faint|p1b: Klefki\n|\n|-heal|p2a: Lucario|100\/100 brn|[from] item: Leftovers\n|-damage|p2a: Lucario|94\/100 brn|[from] brn\n|-ability|p1a: Blaziken|Speed Boost|boost\n|-boost|p1a: Blaziken|spe|1\n|upkeep\n|\n|t:|1697657220\n|switch|p1b: Ogerpon|Ogerpon-Cornerstone, F|100\/100\n|turn|5\n|\n|t:|1697657236\n|move|p2b: Whimsicott|Helping Hand|p2a: Lucario\n|-singleturn|p2a: Lucario|Helping Hand|[of] p2b: Whimsicott\n|move|p1b: Ogerpon|Protect|p1b: Ogerpon\n|-singleturn|p1b: Ogerpon|Protect\n|move|p2a: Lucario|Bullet Punch|p1b: Ogerpon\n|-activate|p1b: Ogerpon|move: Protect\n|move|p1a: Blaziken|Bounce|p2a: Lucario|[from]lockedmove|[miss]\n|-miss|p1a: Blaziken|p2a: Lucario\n|\n|-heal|p2a: Lucario|100\/100 brn|[from] item: Leftovers\n|-damage|p2a: Lucario|94\/100 brn|[from] brn\n|-sideend|p2: Tori Ala|move: Tailwind\n|-ability|p1a: Blaziken|Speed Boost|boost\n|-boost|p1a: Blaziken|spe|1\n|upkeep\n|turn|6\n|c|\u2606lxvliiz|damn i lost fr\n|c|\u2606lxvliiz|gg\n|\n|t:|1697657265\n|move|p1b: Ogerpon|Follow Me|p1b: Ogerpon\n|-singleturn|p1b: Ogerpon|move: Follow Me\n|move|p2b: Whimsicott|Tailwind|p2b: Whimsicott\n|-sidestart|p2: Tori Ala|move: Tailwind\n|move|p1a: Blaziken|Bounce||[still]\n|-prepare|p1a: Blaziken|Bounce\n|move|p2a: Lucario|Earthquake|p1a: Blaziken|[spread] p2b,p1b\n|-miss|p2a: Lucario|p1a: Blaziken\n|-resisted|p2b: Whimsicott\n|-damage|p2b: Whimsicott|22\/100\n|-damage|p1b: Ogerpon|40\/100\n|\n|-heal|p2a: Lucario|100\/100 brn|[from] item: Leftovers\n|-damage|p2a: Lucario|94\/100 brn|[from] brn\n|-ability|p1a: Blaziken|Speed Boost|boost\n|-boost|p1a: Blaziken|spe|1\n|upkeep\n|turn|7\n|\n|t:|1697657283\n|move|p2b: Whimsicott|Helping Hand|p2a: Lucario\n|-singleturn|p2a: Lucario|Helping Hand|[of] p2b: Whimsicott\n|move|p1a: Blaziken|Bounce|p2a: Lucario|[from]lockedmove\n|-supereffective|p2a: Lucario\n|-damage|p2a: Lucario|0 fnt\n|faint|p2a: Lucario\n|move|p1b: Ogerpon|Ivy Cudgel|p2b: Whimsicott\n|-crit|p2b: Whimsicott\n|-damage|p2b: Whimsicott|0 fnt\n|faint|p2b: Whimsicott\n|\n|upkeep\n|\n|t:|1697657294\n|switch|p2a: Ambipom|Ambipom, M|100\/100\n|switch|p2b: Flutter Mane|Flutter Mane|100\/100\n|-enditem|p2b: Flutter Mane|Booster Energy\n|-activate|p2b: Flutter Mane|ability: Protosynthesis|[fromitem]\n|-start|p2b: Flutter Mane|protosynthesisspe\n|turn|8\n|\n|t:|1697657321\n|move|p2a: Ambipom|Fake Out|p1b: Ogerpon\n|-resisted|p1b: Ogerpon\n|-damage|p1b: Ogerpon|16\/100\n|-damage|p2a: Ambipom|91\/100|[from] item: Life Orb\n|cant|p1b: Ogerpon|flinch\n|move|p1a: Blaziken|Flame Charge|p2b: Flutter Mane\n|-damage|p2b: Flutter Mane|0 fnt\n|faint|p2b: Flutter Mane\n|-end|p2b: Flutter Mane|Protosynthesis|[silent]\n|\n|upkeep\n|\n|t:|1697657332\n|switch|p2b: Charizard|Charizard, M|100\/100\n|turn|9\n|c|\u2606lxvliiz|you think i shoul use mega blaziken or mega meeicham\n|\n|t:|1697657352\n|move|p1b: Ogerpon|Follow Me|p1b: Ogerpon\n|-singleturn|p1b: Ogerpon|move: Follow Me\n|move|p1a: Blaziken|Power-Up Punch|p2a: Ambipom\n|-supereffective|p2a: Ambipom\n|-damage|p2a: Ambipom|0 fnt\n|-boost|p1a: Blaziken|atk|1\n|faint|p2a: Ambipom\n|move|p2b: Charizard|Aerial Ace|p1b: Ogerpon\n|-damage|p1b: Ogerpon|0 fnt\n|faint|p1b: Ogerpon\n|-damage|p2b: Charizard|91\/100|[from] item: Life Orb\n|\n|-sideend|p2: Tori Ala|move: Tailwind\n|upkeep\n|\n|t:|1697657358\n|switch|p2a: Mienshao|Mienshao, F, shiny|100\/100\n|switch|p1b: Eevee|Eevee, M|58\/100\n|turn|10\n|\n|t:|1697657370\n|move|p1b: Eevee|Quick Attack|p2a: Mienshao\n|-damage|p2a: Mienshao|71\/100\n|move|p1a: Blaziken|Flame Charge|p2b: Charizard\n|-resisted|p2b: Charizard\n|-damage|p2b: Charizard|37\/100\n|move|p2a: Mienshao|Coaching|p2b: Charizard\n|-boost|p2b: Charizard|atk|1\n|-boost|p2b: Charizard|def|1\n|move|p2b: Charizard|Aerial Ace|p1a: Blaziken\n|-supereffective|p1a: Blaziken\n|-damage|p1a: Blaziken|35\/100\n|-damage|p2b: Charizard|27\/100|[from] item: Life Orb\n|\n|-heal|p2a: Mienshao|77\/100|[from] item: Leftovers\n|upkeep\n|turn|11\n|\n|t:|1697657390\n|move|p1b: Eevee|Quick Attack|p2a: Mienshao\n|-damage|p2a: Mienshao|46\/100\n|move|p1a: Blaziken|Flame Charge|p2b: Charizard\n|-resisted|p2b: Charizard\n|-damage|p2b: Charizard|0 fnt\n|faint|p2b: Charizard\n|move|p2a: Mienshao|Drain Punch|p1b: Eevee\n|-supereffective|p1b: Eevee\n|-damage|p1b: Eevee|0 fnt\n|-heal|p2a: Mienshao|72\/100|[from] drain|[of] p1b: Eevee\n|faint|p1b: Eevee\n|\n|-heal|p2a: Mienshao|78\/100|[from] item: Leftovers\n|upkeep\n|turn|12\n|\n|t:|1697657399\n|move|p1a: Blaziken|Flame Charge|p2a: Mienshao\n|-damage|p2a: Mienshao|0 fnt\n|faint|p2a: Mienshao\n|\n|win|lxvliiz\n|raw|lxvliiz's rating: 1090 &rarr; <strong>1121<\/strong><br \/>(+31 for winning)\n|raw|Tori Ala's rating: 1152 &rarr; <strong>1123<\/strong><br \/>(-29 for losing)\n|l|\u2606Tori Ala\n|c|\u2606lxvliiz|gg\n","uploadtime":1697657407,"views":4,"p1id":"lxvliiz","p2id":"toriala","formatid":"gen9nationaldexdoubles","rating":1121,"private":0,"password":""}