{"id":"gen9nationaldexdoubles-2000043288","p1":"OPieceOfHeroGhost","p2":"sexykenan","format":"[Gen 9] National Dex Doubles","log":"|j|\u2606OPieceOfHeroGhost\n|j|\u2606sexykenan\n|t:|1701145180\n|gametype|doubles\n|player|p1|OPieceOfHeroGhost|morty|1254\n|player|p2|sexykenan|bugsy|1260\n|teamsize|p1|6\n|teamsize|p2|6\n|gen|9\n|tier|[Gen 9] National Dex Doubles\n|rated|\n|rule|HP Percentage Mod: HP is shown in percentages\n|rule|Endless Battle Clause: Forcing endless battles is banned\n|rule|OHKO Clause: OHKO moves are banned\n|rule|Evasion Moves Clause: Evasion moves are banned\n|rule|Evasion Abilities Clause: Evasion abilities are banned\n|rule|Species Clause: Limit one of each Pok\u00e9mon\n|rule|Gravity Sleep Clause: The combination of sleep-inducing moves with imperfect accuracy and Gravity or Gigantamax Orbeetle are banned\n|clearpoke\n|poke|p1|Glimmora, M|\n|poke|p1|Tapu Koko|\n|poke|p1|Flutter Mane|\n|poke|p1|Iron Moth|\n|poke|p1|Incineroar, F|\n|poke|p1|Iron Hands|\n|poke|p2|Jirachi|\n|poke|p2|Flamigo, M|\n|poke|p2|Polteageist|\n|poke|p2|Urshifu-*, M|\n|poke|p2|Amoonguss, F|\n|poke|p2|Chien-Pao|\n|teampreview\n|\n|t:|1701145195\n|start\n|switch|p1a: Glimmora|Glimmora, M|100\/100\n|switch|p1b: Incineroar|Incineroar, F|100\/100\n|switch|p2a: Urshifu|Urshifu-Rapid-Strike, M|100\/100\n|switch|p2b: Chien-Pao|Chien-Pao|100\/100\n|-ability|p2b: Chien-Pao|Sword of Ruin\n|-ability|p1b: Incineroar|Intimidate|boost\n|-unboost|p2a: Urshifu|atk|1\n|-unboost|p2b: Chien-Pao|atk|1\n|turn|1\n|\n|t:|1701145233\n|-terastallize|p2a: Urshifu|Water\n|move|p2b: Chien-Pao|Protect|p2b: Chien-Pao\n|-singleturn|p2b: Chien-Pao|Protect\n|move|p1b: Incineroar|Fake Out|p2a: Urshifu\n|-damage|p2a: Urshifu|84\/100\n|cant|p2a: Urshifu|flinch\n|move|p1a: Glimmora|Mortal Spin|p2b: Chien-Pao|[spread] p2a\n|-activate|p2b: Chien-Pao|move: Protect\n|-damage|p2a: Urshifu|78\/100\n|-status|p2a: Urshifu|psn\n|\n|-damage|p2a: Urshifu|66\/100 psn|[from] psn\n|upkeep\n|turn|2\n|\n|t:|1701145261\n|switch|p1b: Iron Hands|Iron Hands|100\/100\n|move|p2b: Chien-Pao|Sacred Sword|p1a: Glimmora\n|-damage|p1a: Glimmora|70\/100\n|-activate|p1a: Glimmora|ability: Toxic Debris\n|-sidestart|p2: sexykenan|move: Toxic Spikes\n|move|p2a: Urshifu|Surging Strikes|p1b: Iron Hands\n|-crit|p1b: Iron Hands\n|-damage|p1b: Iron Hands|72\/100\n|-crit|p1b: Iron Hands\n|-damage|p1b: Iron Hands|40\/100\n|-crit|p1b: Iron Hands\n|-damage|p1b: Iron Hands|8\/100\n|-hitcount|p1b: Iron Hands|3\n|-damage|p2a: Urshifu|56\/100 psn|[from] item: Life Orb\n|move|p1a: Glimmora|Mortal Spin|p2b: Chien-Pao|[spread] p2a,p2b\n|-damage|p2a: Urshifu|50\/100 psn\n|-damage|p2b: Chien-Pao|95\/100\n|-status|p2b: Chien-Pao|psn\n|\n|-damage|p2b: Chien-Pao|82\/100 psn|[from] psn\n|-damage|p2a: Urshifu|37\/100 psn|[from] psn\n|upkeep\n|turn|3\n|inactive|Battle timer is ON: inactive players will automatically lose when time's up. (requested by sexykenan)\n|\n|t:|1701145284\n|move|p1b: Iron Hands|Fake Out|p2b: Chien-Pao\n|-damage|p2b: Chien-Pao|60\/100 psn\n|cant|p2b: Chien-Pao|flinch\n|move|p2a: Urshifu|Drain Punch|p1a: Glimmora\n|-damage|p1a: Glimmora|17\/100\n|-heal|p2a: Urshifu|61\/100 psn|[from] drain|[of] p1a: Glimmora\n|-activate|p1a: Glimmora|ability: Toxic Debris\n|-sidestart|p2: sexykenan|move: Toxic Spikes\n|-damage|p2a: Urshifu|52\/100 psn|[from] item: Life Orb\n|move|p1a: Glimmora|Venoshock|p2a: Urshifu\n|-damage|p2a: Urshifu|0 fnt\n|faint|p2a: Urshifu\n|\n|-damage|p2b: Chien-Pao|48\/100 psn|[from] psn\n|upkeep\n|\n|t:|1701145299\n|switch|p2a: Amoonguss|Amoonguss, F|100\/100\n|-sideend|p2: sexykenan|move: Toxic Spikes|[of] p2a: Amoonguss\n|turn|4\n|\n|t:|1701145323\n|move|p1a: Glimmora|Spiky Shield|p1a: Glimmora\n|-singleturn|p1a: Glimmora|move: Protect\n|move|p2b: Chien-Pao|Sucker Punch|p1b: Iron Hands\n|-resisted|p1b: Iron Hands\n|-damage|p1b: Iron Hands|0 fnt\n|faint|p1b: Iron Hands\n|-end|p1b: Iron Hands|Quark Drive|[silent]\n|move|p2a: Amoonguss|Pollen Puff|p1a: Glimmora\n|-activate|p1a: Glimmora|move: Protect\n|\n|-damage|p2b: Chien-Pao|36\/100 psn|[from] psn\n|upkeep\n|\n|t:|1701145334\n|switch|p1b: Tapu Koko|Tapu Koko|100\/100\n|-fieldstart|move: Electric Terrain|[from] ability: Electric Surge|[of] p1b: Tapu Koko\n|turn|5\n|inactive|sexykenan has 120 seconds left.\n|\n|t:|1701145367\n|move|p2b: Chien-Pao|Ice Spinner|p1b: Tapu Koko\n|-damage|p1b: Tapu Koko|54\/100\n|-fieldend|move: Electric Terrain\n|move|p1b: Tapu Koko|Dazzling Gleam|p2a: Amoonguss|[spread] p2a,p2b\n|-resisted|p2a: Amoonguss\n|-supereffective|p2b: Chien-Pao\n|-damage|p2a: Amoonguss|88\/100\n|-damage|p2b: Chien-Pao|0 fnt\n|faint|p2b: Chien-Pao\n|move|p1a: Glimmora|Venoshock|p2a: Amoonguss\n|-damage|p2a: Amoonguss|53\/100\n|move|p2a: Amoonguss|Pollen Puff|p2: Chien-Pao|[notarget]\n|-fail|p2a: Amoonguss\n|\n|-heal|p2a: Amoonguss|60\/100|[from] item: Leftovers\n|upkeep\n|inactive|sexykenan has 120 seconds left.\n|\n|t:|1701145401\n|switch|p2b: Polteageist|Polteageist|100\/100\n|turn|6\n|\n|t:|1701145408\n|switch|p1a: Incineroar|Incineroar, F|100\/100\n|-ability|p1a: Incineroar|Intimidate|boost\n|-unboost|p2a: Amoonguss|atk|1\n|-unboost|p2b: Polteageist|atk|1\n|move|p1b: Tapu Koko|U-turn|p2a: Amoonguss\n|-damage|p2a: Amoonguss|41\/100\n|\n|t:|1701145419\n|switch|p1b: Iron Moth|Iron Moth|100\/100|[from] U-turn\n|move|p2b: Polteageist|Shell Smash|p2b: Polteageist\n|-unboost|p2b: Polteageist|def|1\n|-unboost|p2b: Polteageist|spd|1\n|-boost|p2b: Polteageist|atk|2\n|-boost|p2b: Polteageist|spa|2\n|-boost|p2b: Polteageist|spe|2\n|move|p2a: Amoonguss|Spore|p1b: Iron Moth\n|-status|p1b: Iron Moth|slp|[from] move: Spore\n|\n|-heal|p2a: Amoonguss|47\/100|[from] item: Leftovers\n|upkeep\n|turn|7\n|inactive|sexykenan has 120 seconds left.\n|\n|t:|1701145452\n|switch|p2a: Flamigo|Flamigo, M|100\/100\n|-copyboost|p2a: Flamigo|p2b: Polteageist|[from] ability: Costar\n|move|p2b: Polteageist|Shadow Ball|p1a: Incineroar\n|-resisted|p1a: Incineroar\n|-damage|p1a: Incineroar|56\/100\n|cant|p1b: Iron Moth|slp\n|move|p1a: Incineroar|Knock Off|p2b: Polteageist\n|-supereffective|p2b: Polteageist\n|-enditem|p2b: Polteageist|Focus Sash\n|-damage|p2b: Polteageist|1\/100\n|-ability|p2b: Polteageist|Weak Armor|boost\n|-unboost|p2b: Polteageist|def|1\n|-boost|p2b: Polteageist|spe|2\n|\n|upkeep\n|turn|8\n|inactive|sexykenan has 120 seconds left.\n|inactive|OPieceOfHeroGhost has 120 seconds left.\n|\n|t:|1701145489\n|switch|p1a: Flutter Mane|Flutter Mane|100\/100\n|move|p2b: Polteageist|Stored Power|p1b: Iron Moth\n|-supereffective|p1b: Iron Moth\n|-damage|p1b: Iron Moth|0 fnt\n|faint|p1b: Iron Moth\n|-end|p1b: Iron Moth|Quark Drive|[silent]\n|move|p2a: Flamigo|Close Combat|p1a: Flutter Mane\n|-immune|p1a: Flutter Mane\n|\n|upkeep\n|\n|t:|1701145498\n|switch|p1b: Tapu Koko|Tapu Koko|54\/100\n|-fieldstart|move: Electric Terrain|[from] ability: Electric Surge|[of] p1b: Tapu Koko\n|turn|9\n|\n|t:|1701145512\n|-end|p1a: Flutter Mane|Protosynthesis|[silent]\n|switch|p1a: Incineroar|Incineroar, F|56\/100\n|-ability|p1a: Incineroar|Intimidate|boost\n|-unboost|p2a: Flamigo|atk|1\n|-unboost|p2b: Polteageist|atk|1\n|move|p2b: Polteageist|Shadow Ball|p1a: Incineroar\n|-resisted|p1a: Incineroar\n|-damage|p1a: Incineroar|12\/100\n|-enditem|p1a: Incineroar|Figy Berry|[eat]\n|-heal|p1a: Incineroar|45\/100|[from] item: Figy Berry\n|move|p2a: Flamigo|Brave Bird|p1b: Tapu Koko\n|-resisted|p1b: Tapu Koko\n|-damage|p1b: Tapu Koko|24\/100\n|-damage|p2a: Flamigo|91\/100|[from] Recoil\n|move|p1b: Tapu Koko|Dazzling Gleam|p2b: Polteageist|[spread] p2a,p2b\n|-supereffective|p2a: Flamigo\n|-crit|p2b: Polteageist\n|-damage|p2a: Flamigo|11\/100\n|-damage|p2b: Polteageist|0 fnt\n|faint|p2b: Polteageist\n|\n|upkeep\n|\n|t:|1701145529\n|switch|p2b: Jirachi|Jirachi|100\/100\n|turn|10\n|inactive|OPieceOfHeroGhost has 120 seconds left.\n|\n|t:|1701145563\n|move|p1a: Incineroar|Fake Out|p2a: Flamigo\n|-damage|p2a: Flamigo|0 fnt\n|faint|p2a: Flamigo\n|-zpower|p1b: Tapu Koko\n|move|p1b: Tapu Koko|Gigavolt Havoc|p2b: Jirachi|[zeffect]\n|-damage|p2b: Jirachi|45\/100\n|move|p2b: Jirachi|Iron Head|p1b: Tapu Koko\n|-damage|p1b: Tapu Koko|0 fnt\n|faint|p1b: Tapu Koko\n|\n|upkeep\n|\n|t:|1701145587\n|switch|p1b: Flutter Mane|Flutter Mane|100\/100\n|switch|p2a: Amoonguss|Amoonguss, F|81\/100\n|turn|11\n|\n|t:|1701145608\n|move|p1b: Flutter Mane|Hex|p2b: Jirachi\n|-supereffective|p2b: Jirachi\n|-damage|p2b: Jirachi|0 fnt\n|faint|p2b: Jirachi\n|move|p1a: Incineroar|Flare Blitz|p2a: Amoonguss\n|-supereffective|p2a: Amoonguss\n|-damage|p2a: Amoonguss|0 fnt\n|faint|p2a: Amoonguss\n|-damage|p1a: Incineroar|16\/100|[from] Recoil\n|\n|win|OPieceOfHeroGhost\n|raw|OPieceOfHeroGhost's rating: 1254 &rarr; <strong>1279<\/strong><br \/>(+25 for winning)\n|raw|sexykenan's rating: 1260 &rarr; <strong>1235<\/strong><br \/>(-25 for losing)\n|l|\u2606sexykenan\n","uploadtime":1701145613,"views":0,"p1id":"opieceofheroghost","p2id":"sexykenan","formatid":"gen9nationaldexdoubles","rating":1235,"private":0,"password":""}