{"id":"gen9nationaldexdoubles-1975945284","p1":"SuZo","p2":"DeAuTh1511","format":"[Gen 9] National Dex Doubles","log":"|j|\u2606SuZo\n|j|\u2606DeAuTh1511\n|t:|1698251240\n|gametype|doubles\n|player|p1|SuZo|lusamine-nihilego|1225\n|player|p2|DeAuTh1511|dancer|1000\n|teamsize|p1|6\n|teamsize|p2|6\n|gen|9\n|tier|[Gen 9] National Dex Doubles\n|rated|\n|rule|HP Percentage Mod: HP is shown in percentages\n|rule|Endless Battle Clause: Forcing endless battles is banned\n|rule|OHKO Clause: OHKO moves are banned\n|rule|Evasion Moves Clause: Evasion moves are banned\n|rule|Evasion Abilities Clause: Evasion abilities are banned\n|rule|Species Clause: Limit one of each Pok\u00e9mon\n|rule|Gravity Sleep Clause: The combination of sleep-inducing moves with imperfect accuracy and Gravity or Gigantamax Orbeetle are banned\n|clearpoke\n|poke|p1|Glimmora, F|\n|poke|p1|Ogerpon-Wellspring, F|\n|poke|p1|Chien-Pao|\n|poke|p1|Ursaluna, M|\n|poke|p1|Cresselia, F|\n|poke|p1|Flutter Mane|\n|poke|p2|Wyrdeer, F|\n|poke|p2|Lilligant, F|\n|poke|p2|Mesprit|\n|poke|p2|Quaquaval, M|\n|poke|p2|Volcarona, F|\n|poke|p2|Oricorio-Sensu, F|\n|teampreview\n|\n|t:|1698251252\n|start\n|switch|p1a: Glimmora|Glimmora, F|100\/100\n|switch|p1b: Ogerpon|Ogerpon-Wellspring, F|100\/100\n|switch|p2a: Oricorio|Oricorio-Sensu, F|100\/100\n|switch|p2b: Lilligant|Lilligant, F|100\/100\n|turn|1\n|\n|t:|1698251313\n|move|p2a: Oricorio|Protect|p2a: Oricorio\n|-singleturn|p2a: Oricorio|Protect\n|move|p1b: Ogerpon|Knock Off|p2b: Lilligant\n|-damage|p2b: Lilligant|69\/100\n|-enditem|p2b: Lilligant|Leftovers|[from] move: Knock Off|[of] p1b: Ogerpon\n|move|p1a: Glimmora|Power Gem|p2a: Oricorio\n|-activate|p2a: Oricorio|move: Protect\n|move|p2b: Lilligant|Role Play|p2a: Oricorio\n|-endability|p2b: Lilligant|Own Tempo|[from] move: Role Play\n|-ability|p2b: Lilligant|Dancer|[from] move: Role Play|[of] p2a: Oricorio\n|\n|upkeep\n|turn|2\n|\n|t:|1698251339\n|move|p1b: Ogerpon|Knock Off|p2a: Oricorio\n|-supereffective|p2a: Oricorio\n|-damage|p2a: Oricorio|25\/100\n|-enditem|p2a: Oricorio|Leftovers|[from] move: Knock Off|[of] p1b: Ogerpon\n|move|p1a: Glimmora|Power Gem|p2a: Oricorio\n|-supereffective|p2a: Oricorio\n|-damage|p2a: Oricorio|0 fnt\n|faint|p2a: Oricorio\n|move|p2b: Lilligant|Quiver Dance|p2b: Lilligant\n|-boost|p2b: Lilligant|spa|1\n|-boost|p2b: Lilligant|spd|1\n|-boost|p2b: Lilligant|spe|1\n|\n|upkeep\n|\n|t:|1698251352\n|switch|p2a: Quaquaval|Quaquaval, M|100\/100\n|turn|3\n|\n|t:|1698251379\n|move|p1b: Ogerpon|Knock Off|p2a: Quaquaval\n|-resisted|p2a: Quaquaval\n|-damage|p2a: Quaquaval|80\/100\n|-enditem|p2a: Quaquaval|Weakness Policy|[from] move: Knock Off|[of] p1b: Ogerpon\n|move|p2b: Lilligant|Entrainment|p2a: Quaquaval\n|-endability|p2a: Quaquaval|Moxie|[from] move: Entrainment\n|-ability|p2a: Quaquaval|Dancer|[from] move: Entrainment\n|move|p1a: Glimmora|Mortal Spin|p2b: Lilligant|[spread] p2a,p2b\n|-supereffective|p2b: Lilligant\n|-damage|p2a: Quaquaval|74\/100\n|-damage|p2b: Lilligant|61\/100\n|-status|p2a: Quaquaval|psn\n|-status|p2b: Lilligant|psn\n|move|p2a: Quaquaval|Aqua Step|p1a: Glimmora\n|-supereffective|p1a: Glimmora\n|-damage|p1a: Glimmora|3\/100\n|-boost|p2a: Quaquaval|spe|1\n|-activate|p1a: Glimmora|ability: Toxic Debris\n|-sidestart|p2: DeAuTh1511|move: Toxic Spikes\n|-activate|p2b: Lilligant|ability: Dancer\n|move|p2b: Lilligant|Aqua Step|p1a: Glimmora|[from]ability: Dancer\n|-supereffective|p1a: Glimmora\n|-damage|p1a: Glimmora|0 fnt\n|-boost|p2b: Lilligant|spe|1\n|-activate|p1a: Glimmora|ability: Toxic Debris\n|-sidestart|p2: DeAuTh1511|move: Toxic Spikes\n|faint|p1a: Glimmora\n|\n|-damage|p2a: Quaquaval|62\/100 psn|[from] psn\n|-damage|p2b: Lilligant|49\/100 psn|[from] psn\n|upkeep\n|\n|t:|1698251417\n|switch|p1a: Flutter Mane|Flutter Mane|100\/100\n|-enditem|p1a: Flutter Mane|Booster Energy\n|-activate|p1a: Flutter Mane|ability: Protosynthesis|[fromitem]\n|-start|p1a: Flutter Mane|protosynthesisspe\n|turn|4\n|\n|t:|1698251431\n|move|p1b: Ogerpon|Follow Me|p1b: Ogerpon\n|-singleturn|p1b: Ogerpon|move: Follow Me\n|move|p1a: Flutter Mane|Dazzling Gleam|p2a: Quaquaval|[spread] p2a,p2b\n|-supereffective|p2a: Quaquaval\n|-damage|p2a: Quaquaval|0 fnt\n|-damage|p2b: Lilligant|22\/100 psn\n|faint|p2a: Quaquaval\n|move|p2b: Lilligant|Petal Dance|p1b: Ogerpon\n|-damage|p1b: Ogerpon|35\/100\n|\n|-damage|p2b: Lilligant|9\/100 psn|[from] psn\n|upkeep\n|\n|t:|1698251445\n|switch|p2a: Volcarona|Volcarona, F|100\/100\n|turn|5\n|\n|t:|1698251469\n|move|p1a: Flutter Mane|Dazzling Gleam|p2a: Volcarona|[spread] p2a,p2b\n|-resisted|p2a: Volcarona\n|-damage|p2a: Volcarona|84\/100\n|-damage|p2b: Lilligant|0 fnt\n|faint|p2b: Lilligant\n|move|p1b: Ogerpon|Ivy Cudgel|p2a: Volcarona\n|-supereffective|p2a: Volcarona\n|-damage|p2a: Volcarona|0 fnt\n|faint|p2a: Volcarona\n|\n|upkeep\n|c|\u2606DeAuTh1511|gg\n|-message|DeAuTh1511 forfeited.\n|\n|win|SuZo\n|raw|SuZo's rating: 1225 &rarr; <strong>1236<\/strong><br \/>(+11 for winning)\n|raw|DeAuTh1511's rating: 1000 &rarr; <strong>1000<\/strong><br \/>(+0 for losing)\n|l|\u2606DeAuTh1511\n","uploadtime":1698251492,"views":5,"p1id":"suzo","p2id":"deauth1511","formatid":"gen9nationaldexdoubles","rating":1000,"private":0,"password":""}