{"id":"gen9nationaldexdoubles-1984857809","p1":"Inkubone","p2":"fumbari 24","format":"[Gen 9] National Dex Doubles","log":"|j|\u2606Inkubone\n|j|\u2606fumbari 24\n|t:|1699305033\n|gametype|doubles\n|player|p1|Inkubone|yellow|1329\n|player|p2|fumbari 24|hilbert|1506\n|teamsize|p1|6\n|teamsize|p2|6\n|gen|9\n|tier|[Gen 9] National Dex Doubles\n|rated|\n|rule|HP Percentage Mod: HP is shown in percentages\n|rule|Endless Battle Clause: Forcing endless battles is banned\n|rule|OHKO Clause: OHKO moves are banned\n|rule|Evasion Moves Clause: Evasion moves are banned\n|rule|Evasion Abilities Clause: Evasion abilities are banned\n|rule|Species Clause: Limit one of each Pok\u00e9mon\n|rule|Gravity Sleep Clause: The combination of sleep-inducing moves with imperfect accuracy and Gravity or Gigantamax Orbeetle are banned\n|clearpoke\n|poke|p1|Gallade, M|\n|poke|p1|Ceruledge, M|\n|poke|p1|Sirfetch\u2019d, M|\n|poke|p1|Samurott-Hisui, M|\n|poke|p1|Aegislash, M|\n|poke|p1|Chien-Pao|\n|poke|p2|Corviknight, M|\n|poke|p2|Tapu Koko|\n|poke|p2|Heracross, M|\n|poke|p2|Gastrodon, M|\n|poke|p2|Wyrdeer, M|\n|poke|p2|Sableye, M|\n|teampreview\n|c|\u2606Inkubone|Hello good luck have fun\n|\n|t:|1699305048\n|start\n|switch|p1a: Samurott|Samurott-Hisui, M, shiny|100\/100\n|switch|p1b: Aegislash|Aegislash, M, shiny|100\/100\n|switch|p2a: Raijin|Tapu Koko, shiny|100\/100\n|switch|p2b: Silva|Corviknight, M, shiny|100\/100\n|-fieldstart|move: Electric Terrain|[from] ability: Electric Surge|[of] p2a: Raijin\n|turn|1\n|\n|t:|1699305072\n|switch|p1a: Ceruledge|Ceruledge, M, shiny|100\/100\n|move|p2a: Raijin|Volt Switch|p1a: Ceruledge\n|-damage|p1a: Ceruledge|38\/100\n|inactive|Battle timer is ON: inactive players will automatically lose when time's up. (requested by fumbari 24)\n|\n|t:|1699305079\n|switch|p2a: Stoick|Wyrdeer, M|100\/100|[from] Volt Switch\n|-ability|p2a: Stoick|Intimidate|boost\n|-unboost|p1a: Ceruledge|atk|1\n|-unboost|p1b: Aegislash|atk|1\n|move|p2b: Silva|Tailwind|p2b: Silva\n|-sidestart|p2: fumbari 24|move: Tailwind\n|move|p1b: Aegislash|Toxic|p2a: Stoick\n|-status|p2a: Stoick|tox\n|\n|-damage|p2a: Stoick|94\/100 tox|[from] psn\n|upkeep\n|turn|2\n|\n|t:|1699305102\n|switch|p1a: Samurott|Samurott-Hisui, M, shiny|100\/100\n|switch|p2a: Shelldon|Gastrodon, M|100\/100\n|move|p2b: Silva|Brave Bird|p1a: Samurott\n|-damage|p1a: Samurott|28\/100\n|-damage|p2b: Silva|79\/100|[from] Recoil\n|-formechange|p1b: Aegislash|Aegislash-Blade||[from] ability: Stance Change\n|move|p1b: Aegislash|Shadow Ball|p2b: Silva\n|-damage|p2b: Silva|38\/100\n|\n|upkeep\n|turn|3\n|\n|t:|1699305123\n|move|p1a: Samurott|Ceaseless Edge|p2a: Shelldon\n|-damage|p2a: Shelldon|61\/100\n|-sidestart|p2: fumbari 24|Spikes\n|move|p2b: Silva|Roost|p2b: Silva\n|-heal|p2b: Silva|88\/100\n|-singleturn|p2b: Silva|move: Roost\n|move|p2a: Shelldon|Earth Power|p1b: Aegislash\n|-supereffective|p1b: Aegislash\n|-damage|p1b: Aegislash|15\/100\n|move|p1b: Aegislash|Shadow Ball|p2a: Shelldon\n|-damage|p2a: Shelldon|22\/100\n|\n|-heal|p1b: Aegislash|21\/100|[from] item: Leftovers\n|upkeep\n|turn|4\n|\n|t:|1699305147\n|move|p1a: Samurott|Ceaseless Edge|p2a: Shelldon\n|-damage|p2a: Shelldon|0 fnt\n|-sidestart|p2: fumbari 24|Spikes\n|faint|p2a: Shelldon\n|move|p2b: Silva|Brave Bird|p1a: Samurott\n|-crit|p1a: Samurott\n|-damage|p1a: Samurott|0 fnt\n|faint|p1a: Samurott\n|-damage|p2b: Silva|81\/100|[from] Recoil\n|move|p1b: Aegislash|Shadow Ball|p2b: Silva\n|-damage|p2b: Silva|43\/100\n|\n|-heal|p1b: Aegislash|28\/100|[from] item: Leftovers\n|-sideend|p2: fumbari 24|move: Tailwind\n|upkeep\n|\n|t:|1699305161\n|switch|p1a: Ceruledge|Ceruledge, M, shiny|38\/100\n|switch|p2a: Raijin|Tapu Koko, shiny|100\/100\n|-damage|p2a: Raijin|84\/100|[from] Spikes\n|turn|5\n|\n|t:|1699305173\n|-formechange|p1b: Aegislash|Aegislash||[from] ability: Stance Change\n|move|p1b: Aegislash|King's Shield|p1b: Aegislash\n|-singleturn|p1b: Aegislash|Protect\n|move|p2a: Raijin|Discharge|p1a: Ceruledge|[spread] p2b,p1a\n|-activate|p1b: Aegislash|move: Protect\n|-supereffective|p2b: Silva\n|-damage|p2b: Silva|0 fnt\n|-damage|p1a: Ceruledge|0 fnt\n|faint|p2b: Silva\n|faint|p1a: Ceruledge\n|\n|-heal|p1b: Aegislash|34\/100|[from] item: Leftovers\n|-fieldend|move: Electric Terrain\n|upkeep\n|\n|t:|1699305191\n|switch|p1a: Sirfetch\u2019d|Sirfetch\u2019d, M, shiny|100\/100\n|switch|p2b: Stoick|Wyrdeer, M|94\/100 tox\n|-damage|p2b: Stoick|78\/100 tox|[from] Spikes\n|-ability|p2b: Stoick|Intimidate|boost\n|-fail|p1a: Sirfetch\u2019d|unboost|Attack|[from] ability: Scrappy|[of] p1a: Sirfetch\u2019d\n|-unboost|p1b: Aegislash|atk|1\n|turn|6\n|\n|t:|1699305213\n|move|p2a: Raijin|Discharge|p1a: Sirfetch\u2019d|[spread] p2b,p1a,p1b\n|-damage|p2b: Stoick|45\/100 tox\n|-damage|p1a: Sirfetch\u2019d|75\/100\n|-damage|p1b: Aegislash|14\/100\n|-status|p1a: Sirfetch\u2019d|par\n|-enditem|p2b: Stoick|Sitrus Berry|[eat]\n|-heal|p2b: Stoick|70\/100 tox|[from] item: Sitrus Berry\n|-formechange|p1b: Aegislash|Aegislash-Blade||[from] ability: Stance Change\n|move|p1b: Aegislash|Flash Cannon|p2b: Stoick\n|-damage|p2b: Stoick|36\/100 tox\n|move|p1a: Sirfetch\u2019d|Poison Jab|p2a: Raijin\n|-supereffective|p2a: Raijin\n|-damage|p2a: Raijin|15\/100\n|move|p2b: Stoick|Trick Room|p2b: Stoick\n|-fieldstart|move: Trick Room|[of] p2b: Stoick\n|\n|-heal|p1b: Aegislash|21\/100|[from] item: Leftovers\n|-damage|p2b: Stoick|30\/100 tox|[from] psn\n|upkeep\n|turn|7\n|inactive|Inkubone has 120 seconds left.\n|\n|t:|1699305260\n|switch|p1a: Chien-Pao|Chien-Pao|100\/100\n|-ability|p1a: Chien-Pao|Sword of Ruin\n|move|p2b: Stoick|Tera Blast|p1a: Chien-Pao\n|-damage|p1a: Chien-Pao|54\/100\n|move|p1b: Aegislash|Flash Cannon|p2a: Raijin\n|-damage|p2a: Raijin|0 fnt\n|faint|p2a: Raijin\n|\n|-heal|p1b: Aegislash|27\/100|[from] item: Leftovers\n|-damage|p2b: Stoick|18\/100 tox|[from] psn\n|upkeep\n|\n|t:|1699305271\n|switch|p2a: Heracles|Heracross, M|100\/100\n|-damage|p2a: Heracles|84\/100|[from] Spikes\n|turn|8\n|inactive|Inkubone has 120 seconds left.\n|\n|t:|1699305307\n|switch|p1a: Sirfetch\u2019d|Sirfetch\u2019d, M, shiny|75\/100 par\n|detailschange|p2a: Heracles|Heracross-Mega, M\n|-mega|p2a: Heracles|Heracross|Heracronite\n|-terastallize|p2b: Stoick|Fire\n|-formechange|p1b: Aegislash|Aegislash||[from] ability: Stance Change\n|move|p1b: Aegislash|King's Shield|p1b: Aegislash\n|-singleturn|p1b: Aegislash|Protect\n|move|p2b: Stoick|Tera Blast|p1b: Aegislash|[anim] Tera Blast Fire\n|-activate|p1b: Aegislash|move: Protect\n|move|p2a: Heracles|Pin Missile|p1a: Sirfetch\u2019d\n|-resisted|p1a: Sirfetch\u2019d\n|-damage|p1a: Sirfetch\u2019d|65\/100 par\n|-resisted|p1a: Sirfetch\u2019d\n|-damage|p1a: Sirfetch\u2019d|56\/100 par\n|-resisted|p1a: Sirfetch\u2019d\n|-damage|p1a: Sirfetch\u2019d|46\/100 par\n|-resisted|p1a: Sirfetch\u2019d\n|-damage|p1a: Sirfetch\u2019d|37\/100 par\n|-resisted|p1a: Sirfetch\u2019d\n|-damage|p1a: Sirfetch\u2019d|28\/100 par\n|-hitcount|p1a: Sirfetch\u2019d|5\n|\n|-heal|p1b: Aegislash|33\/100|[from] item: Leftovers\n|-damage|p2b: Stoick|0 fnt|[from] psn\n|faint|p2b: Stoick\n|upkeep\n|\n|t:|1699305317\n|switch|p2b: Yami|Sableye, M|100\/100\n|-damage|p2b: Yami|84\/100|[from] Spikes\n|turn|9\n|inactive|Inkubone has 120 seconds left.\n|\n|t:|1699305341\n|move|p1a: Sirfetch\u2019d|First Impression|p2b: Yami\n|-damage|p2b: Yami|37\/100\n|move|p2b: Yami|Encore|p1b: Aegislash\n|-start|p1b: Aegislash|Encore\n|move|p1b: Aegislash|King's Shield||[still]\n|-fail|p1b: Aegislash\n|move|p2a: Heracles|Bullet Seed|p1a: Sirfetch\u2019d\n|-damage|p1a: Sirfetch\u2019d|16\/100 par\n|-damage|p1a: Sirfetch\u2019d|3\/100 par\n|-damage|p1a: Sirfetch\u2019d|0 fnt\n|faint|p1a: Sirfetch\u2019d\n|-hitcount|p1: Sirfetch\u2019d|3\n|\n|-heal|p2b: Yami|43\/100|[from] item: Leftovers\n|-heal|p1b: Aegislash|39\/100|[from] item: Leftovers\n|upkeep\n|\n|t:|1699305354\n|switch|p1a: Chien-Pao|Chien-Pao|54\/100\n|-ability|p1a: Chien-Pao|Sword of Ruin\n|turn|10\n|\n|t:|1699305364\n|move|p1b: Aegislash|King's Shield|p1b: Aegislash\n|-singleturn|p1b: Aegislash|Protect\n|move|p2b: Yami|Will-O-Wisp|p1b: Aegislash\n|-status|p1b: Aegislash|brn\n|move|p1a: Chien-Pao|Ice Shard|p2b: Yami\n|-damage|p2b: Yami|2\/100\n|-damage|p1a: Chien-Pao|44\/100|[from] item: Life Orb\n|move|p2a: Heracles|Pin Missile|p1a: Chien-Pao\n|-supereffective|p1a: Chien-Pao\n|-damage|p1a: Chien-Pao|0 fnt\n|faint|p1a: Chien-Pao\n|-hitcount|p1: Chien-Pao|1\n|\n|-heal|p2b: Yami|8\/100|[from] item: Leftovers\n|-heal|p1b: Aegislash|45\/100 brn|[from] item: Leftovers\n|-damage|p1b: Aegislash|39\/100 brn|[from] brn\n|-fieldend|move: Trick Room\n|upkeep\n|inactive|Inkubone has 120 seconds left.\n|\n|t:|1699305374\n|switch|p1a: Gallade|Gallade, M, shiny|100\/100\n|turn|11\n|\n|t:|1699305384\n|detailschange|p1a: Gallade|Gallade-Mega, M, shiny\n|-mega|p1a: Gallade|Gallade|Galladite\n|move|p1b: Aegislash|King's Shield|p1b: Aegislash\n|-singleturn|p1b: Aegislash|Protect\n|move|p2b: Yami|Quash|p1a: Gallade\n|-activate|p1a: Gallade|move: Quash\n|move|p2a: Heracles|Pin Missile|p1a: Gallade\n|-damage|p1a: Gallade|78\/100\n|-damage|p1a: Gallade|56\/100\n|-damage|p1a: Gallade|32\/100\n|-damage|p1a: Gallade|10\/100\n|-damage|p1a: Gallade|0 fnt\n|faint|p1a: Gallade\n|-hitcount|p1: Gallade|5\n|\n|-heal|p1b: Aegislash|45\/100 brn|[from] item: Leftovers\n|-heal|p2b: Yami|15\/100|[from] item: Leftovers\n|-damage|p1b: Aegislash|39\/100 brn|[from] brn\n|-end|p1b: Aegislash|Encore\n|upkeep\n|turn|12\n|c|\u2606Inkubone|Gg\n|\n|t:|1699305408\n|move|p2b: Yami|Encore|p1b: Aegislash\n|-start|p1b: Aegislash|Encore\n|move|p2a: Heracles|Bullet Seed|p1b: Aegislash\n|-resisted|p1b: Aegislash\n|-damage|p1b: Aegislash|34\/100 brn\n|-resisted|p1b: Aegislash\n|-damage|p1b: Aegislash|30\/100 brn\n|-resisted|p1b: Aegislash\n|-damage|p1b: Aegislash|25\/100 brn\n|-resisted|p1b: Aegislash\n|-damage|p1b: Aegislash|21\/100 brn\n|-resisted|p1b: Aegislash\n|-damage|p1b: Aegislash|16\/100 brn\n|-hitcount|p1b: Aegislash|5\n|move|p1b: Aegislash|King's Shield||[still]\n|-fail|p1b: Aegislash\n|\n|-heal|p1b: Aegislash|22\/100 brn|[from] item: Leftovers\n|-heal|p2b: Yami|21\/100|[from] item: Leftovers\n|-damage|p1b: Aegislash|16\/100 brn|[from] brn\n|upkeep\n|turn|13\n|c|\u2606fumbari 24|Gg\n|-message|Inkubone forfeited.\n|\n|win|fumbari 24\n|raw|Inkubone's rating: 1329 &rarr; <strong>1318<\/strong><br \/>(-11 for losing)\n|raw|fumbari 24's rating: 1506 &rarr; <strong>1517<\/strong><br \/>(+11 for winning)\n|l|\u2606Inkubone\n","uploadtime":1699305423,"views":9,"p1id":"inkubone","p2id":"fumbari24","formatid":"gen9nationaldexdoubles","rating":1318,"private":0,"password":""}