{"id":"gen9nationaldexdoubles-1965270054","p1":"annoying oranje","p2":"ChronoTrigonometry","format":"[Gen 9] National Dex Doubles","log":"|j|\u2606annoying oranje\n|j|\u2606ChronoTrigonometry\n|t:|1697056205\n|gametype|doubles\n|player|p1|annoying oranje|caitlin|\n|player|p2|ChronoTrigonometry|riley|\n|teamsize|p1|6\n|teamsize|p2|6\n|gen|9\n|tier|[Gen 9] National Dex Doubles\n|rule|HP Percentage Mod: HP is shown in percentages\n|rule|Endless Battle Clause: Forcing endless battles is banned\n|rule|OHKO Clause: OHKO moves are banned\n|rule|Evasion Moves Clause: Evasion moves are banned\n|rule|Evasion Abilities Clause: Evasion abilities are banned\n|rule|Species Clause: Limit one of each Pok\u00e9mon\n|rule|Gravity Sleep Clause: The combination of sleep-inducing moves with imperfect accuracy and Gravity or Gigantamax Orbeetle are banned\n|clearpoke\n|poke|p1|Maushold-Four|\n|poke|p1|Landorus-Therian, M|\n|poke|p1|Whimsicott, F|\n|poke|p1|Marshadow|\n|poke|p1|Virizion|\n|poke|p1|Terrakion|\n|poke|p2|Metagross|\n|poke|p2|Indeedee-F, F|\n|poke|p2|Dragonite, M|\n|poke|p2|Gholdengo|\n|poke|p2|Flamigo, M|\n|poke|p2|Amoonguss, F|\n|teampreview\n|j| AustralianJesus\n|j| Specific360\n|j| Green133\n|l| AustralianJesus\n|l| Green133\n|l| Specific360\n|j| Specific360\n|j| Green133\n|j| 18bluecat\n|j| AustralianJesus\n|\n|t:|1697056311\n|start\n|switch|p1a: NeighborhoodThreat|Whimsicott, F|100\/100\n|switch|p1b: Honse|Virizion|100\/100\n|switch|p2a: deez nites|Dragonite, M|100\/100\n|switch|p2b: imposter|Amoonguss, F, shiny|100\/100\n|turn|1\n|c| 18bluecat|Go Sean!\n|\n|t:|1697056353\n|move|p1a: NeighborhoodThreat|Beat Up|p1b: Honse\n|-resisted|p1b: Honse\n|-damage|p1b: Honse|99\/100\n|-ability|p1b: Honse|Justified|boost\n|-boost|p1b: Honse|atk|1\n|-resisted|p1b: Honse\n|-damage|p1b: Honse|98\/100\n|-ability|p1b: Honse|Justified|boost\n|-boost|p1b: Honse|atk|1\n|-resisted|p1b: Honse\n|-damage|p1b: Honse|97\/100\n|-ability|p1b: Honse|Justified|boost\n|-boost|p1b: Honse|atk|1\n|-resisted|p1b: Honse\n|-damage|p1b: Honse|95\/100\n|-ability|p1b: Honse|Justified|boost\n|-boost|p1b: Honse|atk|1\n|-resisted|p1b: Honse\n|-damage|p1b: Honse|93\/100\n|-ability|p1b: Honse|Justified|boost\n|-boost|p1b: Honse|atk|1\n|-resisted|p1b: Honse\n|-damage|p1b: Honse|92\/100\n|-ability|p1b: Honse|Justified|boost\n|-boost|p1b: Honse|atk|1\n|-hitcount|p1b: Honse|6\n|move|p1b: Honse|X-Scissor|p2a: deez nites\n|-resisted|p2a: deez nites\n|-damage|p2a: deez nites|78\/100\n|move|p2a: deez nites|Dragon Dance|p2a: deez nites\n|-boost|p2a: deez nites|atk|1\n|-boost|p2a: deez nites|spe|1\n|move|p2b: imposter|Spore|p1a: NeighborhoodThreat\n|-immune|p1a: NeighborhoodThreat\n|\n|upkeep\n|turn|2\n|c|\u2606ChronoTrigonometry|man\n|l| AustralianJesus\n|\n|t:|1697056462\n|move|p2b: imposter|Rage Powder|p2b: imposter\n|-singleturn|p2b: imposter|move: Rage Powder\n|move|p1a: NeighborhoodThreat|Encore|p2b: imposter\n|-start|p2b: imposter|Encore\n|move|p2a: deez nites|Dragon Claw|p1b: Honse\n|-crit|p1b: Honse\n|-damage|p1b: Honse|0 fnt\n|faint|p1b: Honse\n|\n|upkeep\n|j| AustralianJesus\n|\n|t:|1697056539\n|switch|p1b: Dugtrio mice|Maushold-Four|100\/100\n|turn|3\n|\n|t:|1697056604\n|switch|p1a: Lando Calrissian|Landorus-Therian, M|100\/100\n|-ability|p1a: Lando Calrissian|Intimidate|boost\n|-fail|p2a: deez nites|unboost|[from] item: Clear Amulet|[of] p2a: deez nites\n|-unboost|p2b: imposter|atk|1\n|move|p2b: imposter|Rage Powder|p2b: imposter\n|-singleturn|p2b: imposter|move: Rage Powder\n|move|p2a: deez nites|Dragon Claw|p1b: Dugtrio mice\n|-damage|p1b: Dugtrio mice|16\/100\n|move|p1b: Dugtrio mice|Population Bomb|p2b: imposter\n|-damage|p2b: imposter|94\/100\n|-damage|p2b: imposter|88\/100\n|-damage|p2b: imposter|82\/100\n|-damage|p2b: imposter|75\/100\n|-damage|p2b: imposter|69\/100\n|-damage|p2b: imposter|63\/100\n|-damage|p2b: imposter|57\/100\n|-damage|p2b: imposter|50\/100\n|-damage|p2b: imposter|44\/100\n|-damage|p2b: imposter|37\/100\n|-hitcount|p2b: imposter|10\n|\n|-heal|p2b: imposter|43\/100|[from] item: Leftovers\n|upkeep\n|turn|4\n|\n|t:|1697056673\n|switch|p1b: NeighborhoodThreat|Whimsicott, F|100\/100\n|switch|p2b: amigo|Flamigo, M|100\/100\n|-copyboost|p2b: amigo|p2a: deez nites|[from] ability: Costar\n|move|p2a: deez nites|Earthquake|p1b: NeighborhoodThreat|[spread] p1b\n|-immune|p2b: amigo\n|-immune|p1a: Lando Calrissian\n|-resisted|p1b: NeighborhoodThreat\n|-damage|p1b: NeighborhoodThreat|75\/100\n|move|p1a: Lando Calrissian|Taunt|p2b: amigo\n|-start|p2b: amigo|move: Taunt\n|\n|upkeep\n|turn|5\n|\n|t:|1697056805\n|-terastallize|p2a: deez nites|Normal\n|move|p2a: deez nites|Extreme Speed|p1b: NeighborhoodThreat\n|-damage|p1b: NeighborhoodThreat|0 fnt\n|faint|p1b: NeighborhoodThreat\n|move|p2b: amigo|Brave Bird|p1a: Lando Calrissian\n|-damage|p1a: Lando Calrissian|0 fnt\n|faint|p1a: Lando Calrissian\n|-damage|p2b: amigo|68\/100|[from] Recoil\n|\n|upkeep\n|\n|t:|1697056826\n|switch|p1b: Dugtrio mice|Maushold-Four|16\/100\n|switch|p1a: Yummy in my tummy|Marshadow|100\/100\n|turn|6\n|\n|t:|1697056843\n|move|p1b: Dugtrio mice|Follow Me|p1b: Dugtrio mice\n|-singleturn|p1b: Dugtrio mice|move: Follow Me\n|move|p2b: amigo|Brave Bird|p1b: Dugtrio mice\n|-damage|p1b: Dugtrio mice|0 fnt\n|faint|p1b: Dugtrio mice\n|-damage|p2b: amigo|63\/100|[from] Recoil\n|move|p2a: deez nites|Dragon Claw|p1a: Yummy in my tummy\n|-damage|p1a: Yummy in my tummy|15\/100\n|move|p1a: Yummy in my tummy|Close Combat|p2a: deez nites\n|-supereffective|p2a: deez nites\n|-damage|p2a: deez nites|0 fnt\n|-unboost|p1a: Yummy in my tummy|def|1\n|-unboost|p1a: Yummy in my tummy|spd|1\n|faint|p2a: deez nites\n|\n|-end|p2b: amigo|move: Taunt\n|upkeep\n|\n|t:|1697056863\n|switch|p1b: Millhouse|Terrakion|100\/100\n|switch|p2a: cheese stick|Gholdengo|100\/100\n|-item|p2a: cheese stick|Air Balloon\n|turn|7\n|\n|t:|1697056885\n|-terastallize|p1b: Millhouse|Steel\n|move|p2b: amigo|Brave Bird|p1a: Yummy in my tummy\n|-supereffective|p1a: Yummy in my tummy\n|-damage|p1a: Yummy in my tummy|0 fnt\n|faint|p1a: Yummy in my tummy\n|-damage|p2b: amigo|58\/100|[from] Recoil\n|move|p1b: Millhouse|Iron Head|p2b: amigo\n|-damage|p2b: amigo|4\/100\n|move|p2a: cheese stick|Nasty Plot|p2a: cheese stick\n|-boost|p2a: cheese stick|spa|2\n|\n|upkeep\n|turn|8\n|\n|t:|1697056899\n|move|p2b: amigo|Close Combat|p1b: Millhouse\n|-supereffective|p1b: Millhouse\n|-damage|p1b: Millhouse|0 fnt\n|-unboost|p2b: amigo|def|1\n|-unboost|p2b: amigo|spd|1\n|faint|p1b: Millhouse\n|\n|win|ChronoTrigonometry\n|c|\u2606ChronoTrigonometry|gg\n","uploadtime":1697056908,"views":19,"p1id":"annoyingoranje","p2id":"chronotrigonometry","formatid":"gen9nationaldexdoubles","rating":0,"private":0,"password":""}