{"id":"gen9nationaldexdoubles-1961560454","p1":"V-Creating Victory","p2":"Ancientguirus","format":"[Gen 9] National Dex Doubles","log":"|j|\u2606V-Creating Victory\n|j|\u2606Ancientguirus\n|t:|1696637873\n|gametype|doubles\n|player|p1|V-Creating Victory|1|1290\n|player|p2|Ancientguirus|raihan|1180\n|teamsize|p1|6\n|teamsize|p2|6\n|gen|9\n|tier|[Gen 9] National Dex Doubles\n|rated|\n|rule|HP Percentage Mod: HP is shown in percentages\n|rule|Endless Battle Clause: Forcing endless battles is banned\n|rule|OHKO Clause: OHKO moves are banned\n|rule|Evasion Moves Clause: Evasion moves are banned\n|rule|Evasion Abilities Clause: Evasion abilities are banned\n|rule|Species Clause: Limit one of each Pok\u00e9mon\n|rule|Gravity Sleep Clause: The combination of sleep-inducing moves with imperfect accuracy and Gravity or Gigantamax Orbeetle are banned\n|clearpoke\n|poke|p1|Pidgeot, M|\n|poke|p1|Rhyperior, M|\n|poke|p1|Ninetales-Alola, F|\n|poke|p1|Rotom-Heat|\n|poke|p1|Munchlax, F|\n|poke|p1|Kingambit, M|\n|poke|p2|Skeledirge, M|\n|poke|p2|Feraligatr, M|\n|poke|p2|Okidogi, M|\n|poke|p2|Grimmsnarl, M|\n|poke|p2|Roaring Moon|\n|poke|p2|Serperior, M|\n|teampreview\n|c|\u2606V-Creating Victory|Good luck and have fun\n|c|\u2606Ancientguirus|you too\n|\n|t:|1696637894\n|start\n|switch|p1a: Ninetales|Ninetales-Alola, F|100\/100\n|switch|p1b: Rotom|Rotom-Heat|100\/100\n|switch|p2a: Roaring Moon|Roaring Moon|100\/100\n|switch|p2b: Skeledirge|Skeledirge, M|100\/100\n|-weather|Snow|[from] ability: Snow Warning|[of] p1a: Ninetales\n|turn|1\n|\n|t:|1696637914\n|-end|p2a: Roaring Moon|Protosynthesis|[silent]\n|switch|p2a: Serperior|Serperior, M|100\/100\n|move|p1b: Rotom|Trick|p2a: Serperior\n|-activate|p1b: Rotom|move: Trick|[of] p2a: Serperior\n|-item|p2a: Serperior|Choice Scarf|[from] move: Trick\n|-item|p1b: Rotom|Leftovers|[from] move: Trick\n|move|p1a: Ninetales|Aurora Veil|p1a: Ninetales\n|-sidestart|p1: V-Creating Victory|move: Aurora Veil\n|move|p2b: Skeledirge|Torch Song|p1a: Ninetales\n|-supereffective|p1a: Ninetales\n|-damage|p1a: Ninetales|39\/100\n|-boost|p2b: Skeledirge|spa|1\n|-enditem|p2b: Skeledirge|Throat Spray\n|-boost|p2b: Skeledirge|spa|1|[from] item: Throat Spray\n|\n|-weather|Snow|[upkeep]\n|upkeep\n|turn|2\n|\n|t:|1696637933\n|move|p2a: Serperior|Leaf Storm|p1a: Ninetales\n|-damage|p1a: Ninetales|2\/100\n|-boost|p2a: Serperior|spa|2\n|move|p1a: Ninetales|Blizzard|p2b: Skeledirge|[spread] p2a,p2b\n|-supereffective|p2a: Serperior\n|-resisted|p2b: Skeledirge\n|-damage|p2a: Serperior|22\/100\n|-damage|p2b: Skeledirge|83\/100\n|move|p1b: Rotom|Overheat|p2a: Serperior\n|-supereffective|p2a: Serperior\n|-crit|p2a: Serperior\n|-damage|p2a: Serperior|0 fnt\n|-unboost|p1b: Rotom|spa|2\n|faint|p2a: Serperior\n|move|p2b: Skeledirge|Torch Song|p1a: Ninetales\n|-supereffective|p1a: Ninetales\n|-damage|p1a: Ninetales|0 fnt\n|-boost|p2b: Skeledirge|spa|1\n|faint|p1a: Ninetales\n|\n|-weather|Snow|[upkeep]\n|upkeep\n|\n|t:|1696637954\n|switch|p2a: Feraligatr|Feraligatr, M|100\/100\n|switch|p1a: Rhyperior|Rhyperior, M|100\/100\n|turn|3\n|\n|t:|1696637982\n|move|p1a: Rhyperior|Protect|p1a: Rhyperior\n|-singleturn|p1a: Rhyperior|Protect\n|move|p1b: Rotom|Volt Switch|p2a: Feraligatr\n|-supereffective|p2a: Feraligatr\n|-damage|p2a: Feraligatr|62\/100\n|\n|t:|1696637986\n|switch|p1b: Munchlax|Munchlax, F|100\/100|[from] Volt Switch\n|move|p2a: Feraligatr|Dragon Dance|p2a: Feraligatr\n|-boost|p2a: Feraligatr|atk|1\n|-boost|p2a: Feraligatr|spe|1\n|move|p2b: Skeledirge|Seed Bomb|p1a: Rhyperior\n|-activate|p1a: Rhyperior|move: Protect\n|\n|-weather|Snow|[upkeep]\n|upkeep\n|turn|4\n|\n|t:|1696638003\n|-terastallize|p1a: Rhyperior|Ground\n|move|p2a: Feraligatr|Liquidation|p1b: Munchlax\n|-crit|p1b: Munchlax\n|-damage|p1b: Munchlax|0 fnt\n|faint|p1b: Munchlax\n|move|p2b: Skeledirge|Seed Bomb|p1a: Rhyperior\n|-supereffective|p1a: Rhyperior\n|-damage|p1a: Rhyperior|92\/100\n|-enditem|p1a: Rhyperior|Weakness Policy\n|-boost|p1a: Rhyperior|atk|2|[from] item: Weakness Policy\n|-boost|p1a: Rhyperior|spa|2|[from] item: Weakness Policy\n|move|p1a: Rhyperior|Earthquake|p2b: Skeledirge|[spread] p2a,p2b\n|-supereffective|p2b: Skeledirge\n|-damage|p2a: Feraligatr|0 fnt\n|-damage|p2b: Skeledirge|0 fnt\n|faint|p2a: Feraligatr\n|faint|p2b: Skeledirge\n|\n|-weather|Snow|[upkeep]\n|upkeep\n|\n|t:|1696638022\n|switch|p2a: Grimmsnarl|Grimmsnarl, M|100\/100\n|switch|p2b: Roaring Moon|Roaring Moon|100\/100\n|switch|p1b: Pidgeot|Pidgeot, M|100\/100\n|turn|5\n|\n|t:|1696638044\n|detailschange|p1b: Pidgeot|Pidgeot-Mega, M\n|-mega|p1b: Pidgeot|Pidgeot|Pidgeotite\n|move|p1b: Pidgeot|Hurricane|p2b: Roaring Moon\n|-damage|p2b: Roaring Moon|65\/100\n|-start|p2b: Roaring Moon|confusion\n|-activate|p2b: Roaring Moon|confusion\n|-damage|p2b: Roaring Moon|44\/100|[from] confusion\n|move|p2a: Grimmsnarl|Spirit Break|p1a: Rhyperior\n|-damage|p1a: Rhyperior|74\/100\n|-unboost|p1a: Rhyperior|spa|1\n|move|p1a: Rhyperior|Earthquake|p2a: Grimmsnarl|[spread] p2a,p2b\n|-immune|p1b: Pidgeot\n|-damage|p2a: Grimmsnarl|0 fnt\n|-damage|p2b: Roaring Moon|0 fnt\n|faint|p2a: Grimmsnarl\n|faint|p2b: Roaring Moon\n|-end|p2b: Roaring Moon|Protosynthesis|[silent]\n|\n|-weather|none\n|upkeep\n|c|\u2606V-Creating Victory|gg\n|c|\u2606Ancientguirus|gg\n|\n|t:|1696638063\n|switch|p2b: Ruff Day|Okidogi, M|100\/100\n|turn|6\n|c|\u2606V-Creating Victory|I don't think that confusion mattered but sorry anyways\n|\n|t:|1696638077\n|move|p1b: Pidgeot|Hurricane|p2b: Ruff Day\n|-supereffective|p2b: Ruff Day\n|-damage|p2b: Ruff Day|0 fnt\n|faint|p2b: Ruff Day\n|\n|win|V-Creating Victory\n|raw|V-Creating Victory's rating: 1290 &rarr; <strong>1307<\/strong><br \/>(+17 for winning)\n|raw|Ancientguirus's rating: 1180 &rarr; <strong>1163<\/strong><br \/>(-17 for losing)\n|l|\u2606Ancientguirus\n","uploadtime":1696638094,"views":13,"p1id":"vcreatingvictory","p2id":"ancientguirus","formatid":"gen9nationaldexdoubles","rating":1163,"private":0,"password":""}