{"id":"gen9nationaldexdoubles-1976217996","p1":"undefined bigle","p2":"A wild greeninja","format":"[Gen 9] National Dex Doubles","log":"|j|\u2606undefined bigle\n|j|\u2606A wild greeninja\n|t:|1698274941\n|gametype|doubles\n|player|p1|undefined bigle|1|\n|player|p2|A wild greeninja|1|\n|teamsize|p1|6\n|teamsize|p2|6\n|gen|9\n|tier|[Gen 9] National Dex Doubles\n|rule|HP Percentage Mod: HP is shown in percentages\n|rule|Endless Battle Clause: Forcing endless battles is banned\n|rule|OHKO Clause: OHKO moves are banned\n|rule|Evasion Moves Clause: Evasion moves are banned\n|rule|Evasion Abilities Clause: Evasion abilities are banned\n|rule|Species Clause: Limit one of each Pok\u00e9mon\n|rule|Gravity Sleep Clause: The combination of sleep-inducing moves with imperfect accuracy and Gravity or Gigantamax Orbeetle are banned\n|clearpoke\n|poke|p1|Primarina, L90, M|\n|poke|p1|Pidgeot, L76, M|\n|poke|p1|Conkeldurr, L99, F|\n|poke|p1|Cursola, F|\n|poke|p1|Lokix, L86, M|\n|poke|p1|Malamar, L77, F|\n|poke|p2|Greninja-*, L95, M|\n|poke|p2|Manectric, L94, F|\n|poke|p2|Exeggutor-Alola, L86, F|\n|poke|p2|Minun, L56, M|\n|poke|p2|Jirachi|\n|poke|p2|Blaziken, L70, F|\n|teampreview\n|j| Hero24\n|\n|t:|1698274996\n|start\n|switch|p1a: Ghost Knight|Cursola, F|100\/100\n|switch|p1b: Yoinky Sploinky|Malamar, L77, F|100\/100\n|switch|p2a: Blaziken|Blaziken, L70, F|100\/100\n|switch|p2b: Greninja|Greninja, L95, M|100\/100\n|turn|1\n|\n|t:|1698275023\n|move|p2a: Blaziken|Protect|p2a: Blaziken\n|-singleturn|p2a: Blaziken|Protect\n|move|p1a: Ghost Knight|Protect|p1a: Ghost Knight\n|-singleturn|p1a: Ghost Knight|Protect\n|move|p2b: Greninja|Dark Pulse|p1a: Ghost Knight\n|-start|p2b: Greninja|typechange|Dark|[from] ability: Protean\n|-activate|p1a: Ghost Knight|move: Protect\n|move|p1b: Yoinky Sploinky|Trick Room|p1b: Yoinky Sploinky\n|-fieldstart|move: Trick Room|[of] p1b: Yoinky Sploinky\n|\n|-ability|p2a: Blaziken|Speed Boost|boost\n|-boost|p2a: Blaziken|spe|1\n|upkeep\n|turn|2\n|c|\u2606A wild greeninja|im waiting for the topsy turvy\n|\n|t:|1698275062\n|switch|p2b: Exeggutor|Exeggutor-Alola, L86, F|100\/100\n|move|p1a: Ghost Knight|Shadow Ball|p2a: Blaziken\n|-damage|p2a: Blaziken|0 fnt\n|faint|p2a: Blaziken\n|move|p1b: Yoinky Sploinky|Superpower|p2b: Exeggutor\n|-damage|p2b: Exeggutor|79\/100\n|-boost|p1b: Yoinky Sploinky|atk|1\n|-boost|p1b: Yoinky Sploinky|def|1\n|\n|upkeep\n|\n|t:|1698275073\n|switch|p2a: Jirachi|Jirachi|100\/100\n|turn|3\n|c|\u2606A wild greeninja|its over\n|\n|t:|1698275089\n|move|p1a: Ghost Knight|Shadow Ball|p2b: Exeggutor\n|-damage|p2b: Exeggutor|25\/100\n|-enditem|p2b: Exeggutor|Sitrus Berry|[eat]\n|-heal|p2b: Exeggutor|50\/100|[from] item: Sitrus Berry\n|move|p2b: Exeggutor|Leech Seed|p1b: Yoinky Sploinky\n|-start|p1b: Yoinky Sploinky|move: Leech Seed\n|move|p1b: Yoinky Sploinky|Knock Off|p2b: Exeggutor\n|-damage|p2b: Exeggutor|28\/100\n|move|p2a: Jirachi|Ancient Power|p1a: Ghost Knight\n|-damage|p1a: Ghost Knight|88\/100\n|\n|-damage|p1b: Yoinky Sploinky|88\/100|[from] Leech Seed|[of] p2b: Exeggutor\n|-heal|p2b: Exeggutor|39\/100|[silent]\n|upkeep\n|turn|4\n|j| ShaakenNotStirred\n|c|\u2606A wild greeninja|yes.\n|\n|t:|1698275125\n|switch|p2b: Greninja|Greninja, L95, M|100\/100\n|move|p1a: Ghost Knight|Shadow Ball|p2b: Greninja\n|-resisted|p2b: Greninja\n|-damage|p2b: Greninja|70\/100\n|move|p1b: Yoinky Sploinky|Knock Off|p2a: Jirachi\n|-supereffective|p2a: Jirachi\n|-damage|p2a: Jirachi|41\/100\n|-enditem|p2a: Jirachi|Weakness Policy\n|-boost|p2a: Jirachi|atk|2|[from] item: Weakness Policy\n|-boost|p2a: Jirachi|spa|2|[from] item: Weakness Policy\n|move|p2a: Jirachi|Ancient Power|p1a: Ghost Knight\n|-damage|p1a: Ghost Knight|62\/100\n|\n|-heal|p1b: Yoinky Sploinky|94\/100|[from] item: Leftovers\n|-damage|p1b: Yoinky Sploinky|82\/100|[from] Leech Seed|[of] p2b: Greninja\n|-heal|p2b: Greninja|83\/100|[silent]\n|upkeep\n|turn|5\n|\n|t:|1698275145\n|move|p1a: Ghost Knight|Shadow Ball|p2a: Jirachi\n|-supereffective|p2a: Jirachi\n|-damage|p2a: Jirachi|0 fnt\n|faint|p2a: Jirachi\n|move|p1b: Yoinky Sploinky|Superpower|p2b: Greninja\n|-supereffective|p2b: Greninja\n|-damage|p2b: Greninja|2\/100\n|-boost|p1b: Yoinky Sploinky|atk|1\n|-boost|p1b: Yoinky Sploinky|def|1\n|move|p2b: Greninja|Surf|p1a: Ghost Knight|[spread] p1a,p1b\n|-start|p2b: Greninja|typechange|Water|[from] ability: Protean\n|-damage|p1a: Ghost Knight|42\/100\n|-damage|p1b: Yoinky Sploinky|42\/100\n|\n|-heal|p1b: Yoinky Sploinky|49\/100|[from] item: Leftovers\n|-damage|p1b: Yoinky Sploinky|36\/100|[from] Leech Seed|[of] p2b: Greninja\n|-heal|p2b: Greninja|15\/100|[silent]\n|-fieldend|move: Trick Room\n|upkeep\n|\n|t:|1698275160\n|switch|p2a: Exeggutor|Exeggutor-Alola, L86, F|39\/100\n|turn|6\n|c|\u2606A wild greeninja|ye icl\n|c|\u2606A wild greeninja|this aint looking too good\n|\n|t:|1698275215\n|move|p1a: Ghost Knight|Protect|p1a: Ghost Knight\n|-singleturn|p1a: Ghost Knight|Protect\n|move|p2b: Greninja|Surf|p1a: Ghost Knight|[spread] p2a,p1b\n|-activate|p1a: Ghost Knight|move: Protect\n|-resisted|p2a: Exeggutor\n|-damage|p2a: Exeggutor|30\/100\n|-damage|p1b: Yoinky Sploinky|0 fnt\n|faint|p1b: Yoinky Sploinky\n|move|p2a: Exeggutor|Energy Ball|p1a: Ghost Knight\n|-activate|p1a: Ghost Knight|move: Protect\n|\n|upkeep\n|\n|t:|1698275224\n|switch|p1b: Mr Pinch|Lokix, L86, M|100\/100\n|turn|7\n|\n|t:|1698275240\n|move|p1b: Mr Pinch|First Impression|p2b: Greninja\n|-damage|p2b: Greninja|0 fnt\n|faint|p2b: Greninja\n|move|p2a: Exeggutor|Flamethrower|p1b: Mr Pinch\n|-supereffective|p1b: Mr Pinch\n|-damage|p1b: Mr Pinch|0 fnt\n|faint|p1b: Mr Pinch\n|move|p1a: Ghost Knight|Strength Sap|p2a: Exeggutor\n|-unboost|p2a: Exeggutor|atk|1\n|-heal|p1a: Ghost Knight|94\/100\n|\n|upkeep\n|\n|t:|1698275253\n|switch|p2b: Minun|Minun, L56, M|100\/100\n|switch|p1b: Pillar Johns|Conkeldurr, L99, F|100\/100\n|turn|8\n|c|\u2606A wild greeninja|not good\n|j| SapphireXXII\n|c|\u2606A wild greeninja|1\/5 chance i have a chance\n|-activate|p2b: Minun|item: Quick Claw\n|\n|t:|1698275283\n|move|p2b: Minun|Nuzzle|p1b: Pillar Johns\n|-damage|p1b: Pillar Johns|99\/100\n|-status|p1b: Pillar Johns|par\n|move|p2a: Exeggutor|Leech Seed|p1a: Ghost Knight\n|-start|p1a: Ghost Knight|move: Leech Seed\n|move|p1a: Ghost Knight|Shadow Ball|p2b: Minun\n|-damage|p2b: Minun|0 fnt\n|faint|p2b: Minun\n|move|p1b: Pillar Johns|Knock Off|p2a: Exeggutor\n|-damage|p2a: Exeggutor|0 fnt\n|faint|p2a: Exeggutor\n|\n|upkeep\n|c|\u2606A wild greeninja|YES\n|c|\u2606A wild greeninja|nvm\n|\n|t:|1698275302\n|switch|p2a: Manectric|Manectric, L94, F|100\/100\n|turn|9\n|c| ShaakenNotStirred|sweeper keeper\n|\n|t:|1698275313\n|move|p2a: Manectric|Flamethrower|p1a: Ghost Knight\n|-damage|p1a: Ghost Knight|74\/100\n|move|p1a: Ghost Knight|Shadow Ball|p2a: Manectric\n|-damage|p2a: Manectric|18\/100\n|move|p1b: Pillar Johns|Drain Punch|p2a: Manectric\n|-damage|p2a: Manectric|0 fnt\n|-heal|p1b: Pillar Johns|100\/100 par|[from] drain|[of] p2a: Manectric\n|faint|p2a: Manectric\n|\n|win|undefined bigle\n|c|\u2606A wild greeninja|gg\n|c|\u2606A wild greeninja|i blame blaziken\n|c|\u2606A wild greeninja|;-;\n|c|\u2606A wild greeninja|gg\n|l| SapphireXXII\n|c|\u2606A wild greeninja|oh\n|l|\u2606undefined bigle\n|l| ShaakenNotStirred\n|c|\u2606A wild greeninja|i should have lead with minun and manetric\n","uploadtime":1698275359,"views":16,"p1id":"undefinedbigle","p2id":"awildgreeninja","formatid":"gen9nationaldexdoubles","rating":0,"private":0,"password":""}