{"id":"gen9nationaldexdoubles-1981779318","p1":"jad12jad12","p2":"not howfalcons","format":"[Gen 9] National Dex Doubles","log":"|j|\u2606jad12jad12\n|j|\u2606not howfalcons\n|t:|1698940993\n|gametype|doubles\n|player|p1|jad12jad12|fisherman|1355\n|player|p2|not howfalcons|clown|1472\n|teamsize|p1|6\n|teamsize|p2|6\n|gen|9\n|tier|[Gen 9] National Dex Doubles\n|rated|\n|rule|HP Percentage Mod: HP is shown in percentages\n|rule|Endless Battle Clause: Forcing endless battles is banned\n|rule|OHKO Clause: OHKO moves are banned\n|rule|Evasion Moves Clause: Evasion moves are banned\n|rule|Evasion Abilities Clause: Evasion abilities are banned\n|rule|Species Clause: Limit one of each Pok\u00e9mon\n|rule|Gravity Sleep Clause: The combination of sleep-inducing moves with imperfect accuracy and Gravity or Gigantamax Orbeetle are banned\n|clearpoke\n|poke|p1|Dracovish|\n|poke|p1|Sneasler, M|\n|poke|p1|Rillaboom, F|\n|poke|p1|Amoonguss, M|\n|poke|p1|Kangaskhan, F|\n|poke|p1|Chansey, F|\n|poke|p2|Zygarde|\n|poke|p2|Zamazenta-*|\n|poke|p2|Jirachi|\n|poke|p2|Rillaboom, M|\n|poke|p2|Kangaskhan, F|\n|poke|p2|Glimmora, M|\n|teampreview\n|\n|t:|1698941010\n|start\n|switch|p1a: Sneasler|Sneasler, M|100\/100\n|switch|p1b: Chansey|Chansey, F|100\/100\n|switch|p2a: Kangaskhan|Kangaskhan, F|100\/100\n|switch|p2b: Glimmora|Glimmora, M|100\/100\n|turn|1\n|\n|t:|1698941033\n|detailschange|p2a: Kangaskhan|Kangaskhan-Mega, F\n|-mega|p2a: Kangaskhan|Kangaskhan|Kangaskhanite\n|move|p2a: Kangaskhan|Fake Out|p1a: Sneasler\n|-damage|p1a: Sneasler|76\/100\n|-damage|p1a: Sneasler|71\/100\n|-hitcount|p1a: Sneasler|2\n|cant|p1a: Sneasler|flinch\n|move|p2b: Glimmora|Stealth Rock|p1b: Chansey\n|-sidestart|p1: jad12jad12|move: Stealth Rock\n|move|p1b: Chansey|Earthquake|p2a: Kangaskhan|[spread] p1a,p2a,p2b\n|-supereffective|p1a: Sneasler\n|-supereffective|p2b: Glimmora\n|-damage|p1a: Sneasler|63\/100\n|-damage|p2a: Kangaskhan|98\/100\n|-damage|p2b: Glimmora|86\/100\n|-enditem|p1a: Sneasler|Weakness Policy\n|-boost|p1a: Sneasler|atk|2|[from] item: Weakness Policy\n|-boost|p1a: Sneasler|spa|2|[from] item: Weakness Policy\n|-activate|p2b: Glimmora|ability: Toxic Debris\n|-sidestart|p1: jad12jad12|move: Toxic Spikes\n|\n|upkeep\n|turn|2\n|\n|t:|1698941054\n|move|p2a: Kangaskhan|Protect|p2a: Kangaskhan\n|-singleturn|p2a: Kangaskhan|Protect\n|move|p1a: Sneasler|Close Combat|p2a: Kangaskhan\n|-activate|p2a: Kangaskhan|move: Protect\n|move|p2b: Glimmora|Earth Power|p1a: Sneasler\n|-supereffective|p1a: Sneasler\n|-damage|p1a: Sneasler|0 fnt\n|faint|p1a: Sneasler\n|move|p1b: Chansey|Heal Pulse|p1: Sneasler|[notarget]\n|-fail|p1b: Chansey\n|\n|upkeep\n|\n|t:|1698941062\n|switch|p1a: Amoonguss|Amoonguss, M|100\/100\n|-damage|p1a: Amoonguss|88\/100|[from] Stealth Rock\n|-sideend|p1: jad12jad12|move: Toxic Spikes|[of] p1a: Amoonguss\n|turn|3\n|\n|t:|1698941090\n|switch|p2a: Jirachi|Jirachi|100\/100\n|switch|p2b: Rillaboom|Rillaboom, M|100\/100\n|-fieldstart|move: Grassy Terrain|[from] ability: Grassy Surge|[of] p2b: Rillaboom\n|move|p1b: Chansey|Thunder Wave|p2a: Jirachi\n|-status|p2a: Jirachi|par\n|move|p1a: Amoonguss|Spore|p2b: Rillaboom\n|-immune|p2b: Rillaboom\n|\n|-heal|p1a: Amoonguss|94\/100|[from] Grassy Terrain\n|upkeep\n|turn|4\n|\n|t:|1698941119\n|cant|p2a: Jirachi|par\n|move|p2b: Rillaboom|Wood Hammer|p1b: Chansey\n|-damage|p1b: Chansey|52\/100\n|-damage|p2b: Rillaboom|72\/100|[from] Recoil\n|move|p1b: Chansey|Stealth Rock|p2b: Rillaboom\n|-sidestart|p2: not howfalcons|move: Stealth Rock\n|move|p1a: Amoonguss|Pollen Puff|p2b: Rillaboom\n|-supereffective|p2b: Rillaboom\n|-crit|p2b: Rillaboom\n|-damage|p2b: Rillaboom|37\/100\n|\n|-heal|p2b: Rillaboom|43\/100|[from] Grassy Terrain\n|-heal|p1b: Chansey|58\/100|[from] Grassy Terrain\n|-heal|p1a: Amoonguss|99\/100|[from] Grassy Terrain\n|upkeep\n|turn|5\n|\n|t:|1698941135\n|move|p2b: Rillaboom|U-turn|p1b: Chansey\n|-damage|p1b: Chansey|45\/100\n|\n|t:|1698941146\n|switch|p2b: Kangaskhan|Kangaskhan-Mega, F|98\/100|[from] U-turn\n|-damage|p2b: Kangaskhan|86\/100|[from] Stealth Rock\n|move|p1b: Chansey|Thunder Wave|p2b: Kangaskhan\n|-status|p2b: Kangaskhan|par\n|cant|p2a: Jirachi|par\n|move|p1a: Amoonguss|Pollen Puff|p2b: Kangaskhan\n|-damage|p2b: Kangaskhan|70\/100 par\n|\n|-heal|p2b: Kangaskhan|76\/100 par|[from] Grassy Terrain\n|-heal|p1b: Chansey|51\/100|[from] Grassy Terrain\n|-heal|p1a: Amoonguss|100\/100|[from] Grassy Terrain\n|upkeep\n|turn|6\n|\n|t:|1698941167\n|switch|p1a: Kangaskhan|Kangaskhan, F|100\/100\n|-damage|p1a: Kangaskhan|88\/100|[from] Stealth Rock\n|move|p2b: Kangaskhan|Seismic Toss|p1a: Kangaskhan\n|-damage|p1a: Kangaskhan|61\/100\n|-damage|p1a: Kangaskhan|33\/100\n|-hitcount|p1a: Kangaskhan|2\n|move|p1b: Chansey|Heal Pulse|p1a: Kangaskhan\n|-heal|p1a: Kangaskhan|83\/100\n|move|p2a: Jirachi|Encore|p1b: Chansey\n|-start|p1b: Chansey|Encore\n|\n|-heal|p1a: Kangaskhan|89\/100|[from] Grassy Terrain\n|-heal|p2b: Kangaskhan|82\/100 par|[from] Grassy Terrain\n|-heal|p1b: Chansey|57\/100|[from] Grassy Terrain\n|upkeep\n|turn|7\n|\n|t:|1698941184\n|detailschange|p1a: Kangaskhan|Kangaskhan-Mega, F\n|-mega|p1a: Kangaskhan|Kangaskhan|Kangaskhanite\n|move|p1a: Kangaskhan|Fake Out|p2b: Kangaskhan\n|-damage|p2b: Kangaskhan|68\/100 par\n|-damage|p2b: Kangaskhan|65\/100 par\n|-hitcount|p2b: Kangaskhan|2\n|move|p2a: Jirachi|Follow Me|p2a: Jirachi\n|-singleturn|p2a: Jirachi|move: Follow Me\n|cant|p2b: Kangaskhan|flinch\n|move|p1b: Chansey|Heal Pulse|p2a: Jirachi\n|-fail|p2a: Jirachi|heal\n|\n|-heal|p1a: Kangaskhan|95\/100|[from] Grassy Terrain\n|-heal|p2b: Kangaskhan|71\/100 par|[from] Grassy Terrain\n|-heal|p1b: Chansey|63\/100|[from] Grassy Terrain\n|-fieldend|move: Grassy Terrain\n|upkeep\n|turn|8\n|\n|t:|1698941209\n|switch|p2b: Glimmora|Glimmora, M|86\/100\n|-damage|p2b: Glimmora|74\/100|[from] Stealth Rock\n|switch|p2a: Zamazenta|Zamazenta|100\/100\n|-damage|p2a: Zamazenta|94\/100|[from] Stealth Rock\n|-ability|p2a: Zamazenta|Dauntless Shield|boost\n|-boost|p2a: Zamazenta|def|1\n|move|p1a: Kangaskhan|Power-Up Punch|p2b: Glimmora\n|-damage|p2b: Glimmora|59\/100\n|-boost|p1a: Kangaskhan|atk|1\n|-activate|p2b: Glimmora|ability: Toxic Debris\n|-sidestart|p1: jad12jad12|move: Toxic Spikes\n|-damage|p2b: Glimmora|53\/100\n|-boost|p1a: Kangaskhan|atk|1\n|-activate|p2b: Glimmora|ability: Toxic Debris\n|-sidestart|p1: jad12jad12|move: Toxic Spikes\n|-hitcount|p2b: Glimmora|2\n|move|p1b: Chansey|Heal Pulse|p1a: Kangaskhan\n|-heal|p1a: Kangaskhan|100\/100\n|\n|upkeep\n|turn|9\n|\n|t:|1698941237\n|switch|p2b: Zygarde|Zygarde|100\/100\n|-damage|p2b: Zygarde|94\/100|[from] Stealth Rock\n|-ability|p2b: Zygarde|Aura Break\n|switch|p1b: Dracovish|Dracovish|100\/100\n|-damage|p1b: Dracovish|88\/100|[from] Stealth Rock\n|-status|p1b: Dracovish|tox\n|move|p2a: Zamazenta|Coaching|p2b: Zygarde\n|-boost|p2b: Zygarde|atk|1\n|-boost|p2b: Zygarde|def|1\n|move|p1a: Kangaskhan|Body Slam|p2a: Zamazenta\n|-crit|p2a: Zamazenta\n|-damage|p2a: Zamazenta|0 fnt\n|faint|p2a: Zamazenta\n|-hitcount|p2: Zamazenta|1\n|\n|-damage|p1b: Dracovish|82\/100 tox|[from] psn\n|upkeep\n|\n|t:|1698941265\n|switch|p2a: Rillaboom|Rillaboom, M|43\/100\n|-damage|p2a: Rillaboom|31\/100|[from] Stealth Rock\n|-fieldstart|move: Grassy Terrain|[from] ability: Grassy Surge|[of] p2a: Rillaboom\n|turn|10\n|\n|t:|1698941290\n|move|p2a: Rillaboom|Fake Out|p1b: Dracovish\n|-damage|p1b: Dracovish|69\/100 tox\n|cant|p1b: Dracovish|flinch\n|move|p1a: Kangaskhan|Body Slam|p2a: Rillaboom\n|-damage|p2a: Rillaboom|0 fnt\n|faint|p2a: Rillaboom\n|-hitcount|p2: Rillaboom|1\n|move|p2b: Zygarde|Thousand Arrows|p1b: Dracovish|[spread] p1a,p1b\n|-damage|p1a: Kangaskhan|58\/100\n|-damage|p1b: Dracovish|19\/100 tox\n|\n|-heal|p1b: Dracovish|25\/100 tox|[from] Grassy Terrain\n|-heal|p1a: Kangaskhan|64\/100|[from] Grassy Terrain\n|-heal|p2b: Zygarde|100\/100|[from] Grassy Terrain\n|-damage|p1b: Dracovish|13\/100 tox|[from] psn\n|upkeep\n|\n|t:|1698941300\n|switch|p2a: Jirachi|Jirachi|100\/100 par\n|-damage|p2a: Jirachi|94\/100 par|[from] Stealth Rock\n|turn|11\n|\n|t:|1698941313\n|-terastallize|p1b: Dracovish|Water\n|move|p2a: Jirachi|Follow Me|p2a: Jirachi\n|-singleturn|p2a: Jirachi|move: Follow Me\n|move|p1b: Dracovish|Fishious Rend|p2a: Jirachi\n|-crit|p2a: Jirachi\n|-damage|p2a: Jirachi|26\/100 par\n|move|p1a: Kangaskhan|Shadow Claw|p2a: Jirachi\n|-supereffective|p2a: Jirachi\n|-damage|p2a: Jirachi|0 fnt\n|faint|p2a: Jirachi\n|-hitcount|p2: Jirachi|1\n|move|p2b: Zygarde|Dragon Dance|p2b: Zygarde\n|-boost|p2b: Zygarde|atk|1\n|-boost|p2b: Zygarde|spe|1\n|\n|-heal|p1b: Dracovish|19\/100 tox|[from] Grassy Terrain\n|-heal|p1a: Kangaskhan|70\/100|[from] Grassy Terrain\n|-damage|p1b: Dracovish|0 fnt|[from] psn\n|faint|p1b: Dracovish\n|upkeep\n|\n|t:|1698941331\n|switch|p1b: Amoonguss|Amoonguss, M|100\/100\n|switch|p2a: Kangaskhan|Kangaskhan-Mega, F|71\/100 par\n|-damage|p2a: Kangaskhan|58\/100 par|[from] Stealth Rock\n|-damage|p1b: Amoonguss|88\/100|[from] Stealth Rock\n|-sideend|p1: jad12jad12|move: Toxic Spikes|[of] p1b: Amoonguss\n|turn|12\n|\n|t:|1698941344\n|move|p2a: Kangaskhan|Fake Out|p1b: Amoonguss\n|-damage|p1b: Amoonguss|73\/100\n|-damage|p1b: Amoonguss|70\/100\n|-hitcount|p1b: Amoonguss|2\n|move|p2b: Zygarde|Thousand Arrows|p1b: Amoonguss|[spread] p1a,p1b\n|-damage|p1a: Kangaskhan|16\/100\n|-damage|p1b: Amoonguss|9\/100\n|-enditem|p1b: Amoonguss|Sitrus Berry|[eat]\n|-heal|p1b: Amoonguss|34\/100|[from] item: Sitrus Berry\n|move|p1a: Kangaskhan|Body Slam|p2b: Zygarde\n|-damage|p2b: Zygarde|58\/100\n|-crit|p2b: Zygarde\n|-damage|p2b: Zygarde|35\/100\n|-hitcount|p2b: Zygarde|2\n|cant|p1b: Amoonguss|flinch\n|\n|-heal|p2b: Zygarde|42\/100|[from] Grassy Terrain\n|-heal|p1a: Kangaskhan|22\/100|[from] Grassy Terrain\n|-heal|p2a: Kangaskhan|65\/100 par|[from] Grassy Terrain\n|-heal|p1b: Amoonguss|40\/100|[from] Grassy Terrain\n|upkeep\n|turn|13\n|\n|t:|1698941368\n|switch|p1a: Chansey|Chansey, F|63\/100\n|-damage|p1a: Chansey|51\/100|[from] Stealth Rock\n|move|p2b: Zygarde|Thousand Arrows|p1b: Amoonguss|[spread] p1a,p1b\n|-damage|p1a: Chansey|14\/100\n|-damage|p1b: Amoonguss|0 fnt\n|faint|p1b: Amoonguss\n|move|p2a: Kangaskhan|Seismic Toss|p1a: Chansey\n|-damage|p1a: Chansey|0 fnt\n|faint|p1a: Chansey\n|-hitcount|p1: Chansey|1\n|\n|-heal|p2b: Zygarde|48\/100|[from] Grassy Terrain\n|-heal|p2a: Kangaskhan|71\/100 par|[from] Grassy Terrain\n|upkeep\n|\n|t:|1698941379\n|switch|p1a: Rillaboom|Rillaboom, F|100\/100\n|switch|p1b: Kangaskhan|Kangaskhan-Mega, F|22\/100\n|-damage|p1b: Kangaskhan|10\/100|[from] Stealth Rock\n|-damage|p1a: Rillaboom|88\/100|[from] Stealth Rock\n|turn|14\n|\n|t:|1698941393\n|move|p2b: Zygarde|Protect|p2b: Zygarde\n|-singleturn|p2b: Zygarde|Protect\n|move|p1b: Kangaskhan|Fake Out|p2b: Zygarde\n|-activate|p2b: Zygarde|move: Protect\n|move|p1a: Rillaboom|Wood Hammer|p2b: Zygarde\n|-activate|p2b: Zygarde|move: Protect\n|cant|p2a: Kangaskhan|par\n|\n|-heal|p2b: Zygarde|54\/100|[from] Grassy Terrain\n|-heal|p1b: Kangaskhan|16\/100|[from] Grassy Terrain\n|-heal|p1a: Rillaboom|94\/100|[from] Grassy Terrain\n|-heal|p2a: Kangaskhan|77\/100 par|[from] Grassy Terrain\n|-fieldend|move: Grassy Terrain\n|upkeep\n|turn|15\n|\n|t:|1698941403\n|-terastallize|p2b: Zygarde|Fire\n|move|p2b: Zygarde|Thousand Arrows|p1a: Rillaboom|[spread] p1a,p1b\n|-resisted|p1a: Rillaboom\n|-damage|p1a: Rillaboom|65\/100\n|-damage|p1b: Kangaskhan|0 fnt\n|faint|p1b: Kangaskhan\n|move|p1a: Rillaboom|Wood Hammer|p2b: Zygarde\n|-resisted|p2b: Zygarde\n|-damage|p2b: Zygarde|37\/100\n|-damage|p1a: Rillaboom|60\/100|[from] Recoil\n|cant|p2a: Kangaskhan|par\n|\n|upkeep\n|turn|16\n|-message|jad12jad12 forfeited.\n|\n|win|not howfalcons\n|raw|jad12jad12's rating: 1355 &rarr; <strong>1341<\/strong><br \/>(-14 for losing)\n|raw|not howfalcons's rating: 1472 &rarr; <strong>1486<\/strong><br \/>(+14 for winning)\n|l|\u2606jad12jad12\n","uploadtime":1698941500,"views":23,"p1id":"jad12jad12","p2id":"nothowfalcons","formatid":"gen9nationaldexdoubles","rating":1341,"private":0,"password":""}