{"id":"gen9nationaldexdoubles-1981268639","p1":"delicioustree","p2":"tifftiff","format":"[Gen 9] National Dex Doubles","log":"|j|\u2606delicioustree\n|j|\u2606tifftiff\n|t:|1698878126\n|gametype|doubles\n|player|p1|delicioustree|cheren-gen5bw2|1160\n|player|p2|tifftiff|cynthia-gen4|1137\n|teamsize|p1|6\n|teamsize|p2|6\n|gen|9\n|tier|[Gen 9] National Dex Doubles\n|rated|\n|rule|HP Percentage Mod: HP is shown in percentages\n|rule|Endless Battle Clause: Forcing endless battles is banned\n|rule|OHKO Clause: OHKO moves are banned\n|rule|Evasion Moves Clause: Evasion moves are banned\n|rule|Evasion Abilities Clause: Evasion abilities are banned\n|rule|Species Clause: Limit one of each Pok\u00e9mon\n|rule|Gravity Sleep Clause: The combination of sleep-inducing moves with imperfect accuracy and Gravity or Gigantamax Orbeetle are banned\n|clearpoke\n|poke|p1|Aegislash, M|\n|poke|p1|Garbodor, M|\n|poke|p1|Audino, F|\n|poke|p1|Jirachi|\n|poke|p1|Indeedee-F, F|\n|poke|p1|Krookodile, M|\n|poke|p2|Eelektross, M|\n|poke|p2|Zapdos|\n|poke|p2|Lanturn, M|\n|poke|p2|Rotom-Wash|\n|poke|p2|Pelipper, M|\n|poke|p2|Ampharos, M|\n|teampreview\n|\n|t:|1698878139\n|start\n|switch|p1a: Eye Sword|Aegislash, M|100\/100\n|switch|p1b: Amine|Audino, F|100\/100\n|switch|p2a: Peppy|Pelipper, M|100\/100\n|switch|p2b: Fluffy|Ampharos, M|100\/100\n|-weather|RainDance|[from] ability: Drizzle|[of] p2a: Peppy\n|turn|1\n|\n|t:|1698878174\n|detailschange|p2b: Fluffy|Ampharos-Mega, M\n|-mega|p2b: Fluffy|Ampharos|Ampharosite\n|-ability|p2b: Fluffy|Mold Breaker\n|detailschange|p1b: Amine|Audino-Mega, F\n|-mega|p1b: Amine|Audino|Audinite\n|move|p1a: Eye Sword|King's Shield|p1a: Eye Sword\n|-singleturn|p1a: Eye Sword|Protect\n|move|p2a: Peppy|Hurricane|p1a: Eye Sword\n|-activate|p1a: Eye Sword|move: Protect\n|move|p2b: Fluffy|Cotton Guard|p2b: Fluffy\n|-boost|p2b: Fluffy|def|3\n|move|p1b: Amine|Trick Room|p1b: Amine\n|-fieldstart|move: Trick Room|[of] p1b: Amine\n|\n|-weather|RainDance|[upkeep]\n|upkeep\n|turn|2\n|c|\u2606tifftiff|glhf\n|\n|t:|1698878209\n|move|p2b: Fluffy|Thunder|p1b: Amine\n|-damage|p1b: Amine|54\/100\n|move|p1b: Amine|Yawn|p2b: Fluffy\n|-start|p2b: Fluffy|move: Yawn|[of] p1b: Amine\n|move|p1a: Eye Sword|Swords Dance|p1a: Eye Sword\n|-boost|p1a: Eye Sword|atk|2\n|move|p2a: Peppy|Hurricane|p1b: Amine\n|-damage|p1b: Amine|31\/100\n|-start|p1b: Amine|confusion\n|\n|-weather|RainDance|[upkeep]\n|upkeep\n|turn|3\n|inactive|Battle timer is ON: inactive players will automatically lose when time's up. (requested by tifftiff)\n|inactive|delicioustree has 120 seconds left.\n|\n|t:|1698878299\n|switch|p1b: Garbage|Garbodor, M|100\/100\n|move|p2b: Fluffy|Thunder|p1a: Eye Sword\n|-damage|p1a: Eye Sword|29\/100\n|-status|p1a: Eye Sword|par\n|-formechange|p1a: Eye Sword|Aegislash-Blade||[from] ability: Stance Change\n|move|p1a: Eye Sword|Iron Head|p2b: Fluffy\n|-resisted|p2b: Fluffy\n|-crit|p2b: Fluffy\n|-damage|p2b: Fluffy|42\/100\n|move|p2a: Peppy|Surf|p1b: Garbage|[spread] p2b,p1a,p1b\n|-resisted|p2b: Fluffy\n|-damage|p2b: Fluffy|28\/100\n|-damage|p1a: Eye Sword|0 fnt\n|-damage|p1b: Garbage|71\/100\n|faint|p1a: Eye Sword\n|\n|-weather|RainDance|[upkeep]\n|-heal|p1b: Garbage|77\/100|[from] item: Black Sludge\n|-end|p2b: Fluffy|move: Yawn|[silent]\n|-status|p2b: Fluffy|slp\n|upkeep\n|\n|t:|1698878321\n|switch|p1a: Amine|Audino-Mega, F|31\/100\n|turn|4\n|inactive|delicioustree has 120 seconds left.\n|\n|t:|1698878353\n|cant|p2b: Fluffy|slp\n|move|p1a: Amine|Draining Kiss|p2b: Fluffy\n|-supereffective|p2b: Fluffy\n|-damage|p2b: Fluffy|6\/100 slp\n|-heal|p1a: Amine|49\/100|[from] drain|[of] p2b: Fluffy\n|move|p2a: Peppy|U-turn|p1a: Amine\n|-resisted|p1a: Amine\n|-damage|p1a: Amine|47\/100\n|\n|t:|1698878370\n|switch|p2a: SpicyBird|Zapdos|100\/100|[from] U-turn\n|-ability|p2a: SpicyBird|Pressure\n|move|p1b: Garbage|Rock Blast|p2a: SpicyBird\n|-supereffective|p2a: SpicyBird\n|-damage|p2a: SpicyBird|89\/100\n|-supereffective|p2a: SpicyBird\n|-damage|p2a: SpicyBird|76\/100\n|-hitcount|p2a: SpicyBird|2\n|\n|-weather|RainDance|[upkeep]\n|-heal|p1b: Garbage|83\/100|[from] item: Black Sludge\n|upkeep\n|turn|5\n|inactive|tifftiff has 120 seconds left.\n|\n|t:|1698878430\n|-terastallize|p2a: SpicyBird|Steel\n|cant|p2b: Fluffy|slp\n|move|p1a: Amine|Draining Kiss|p2b: Fluffy\n|-supereffective|p2b: Fluffy\n|-damage|p2b: Fluffy|0 fnt\n|-heal|p1a: Amine|51\/100|[from] drain|[of] p2b: Fluffy\n|faint|p2b: Fluffy\n|move|p1b: Garbage|Rock Blast|p2a: SpicyBird|[miss]\n|-miss|p1b: Garbage|p2a: SpicyBird\n|move|p2a: SpicyBird|Hurricane|p1a: Amine\n|-damage|p1a: Amine|14\/100\n|\n|-weather|none\n|-heal|p1b: Garbage|90\/100|[from] item: Black Sludge\n|-fieldend|move: Trick Room\n|upkeep\n|inactive|tifftiff has 90 seconds left.\n|\n|t:|1698878445\n|switch|p2b: Peppy|Pelipper, M|100\/100\n|-weather|RainDance|[from] ability: Drizzle|[of] p2b: Peppy\n|turn|6\n|inactive|delicioustree has 120 seconds left.\n|inactive|delicioustree has 90 seconds left.\n|\n|t:|1698878509\n|switch|p1a: Machiavellian Bach|Jirachi|100\/100\n|move|p2a: SpicyBird|Hurricane|p1a: Machiavellian Bach\n|-resisted|p1a: Machiavellian Bach\n|-damage|p1a: Machiavellian Bach|70\/100\n|-start|p1a: Machiavellian Bach|confusion\n|move|p1b: Garbage|Rock Blast|p2b: Peppy\n|-supereffective|p2b: Peppy\n|-damage|p2b: Peppy|91\/100\n|-supereffective|p2b: Peppy\n|-damage|p2b: Peppy|83\/100\n|-supereffective|p2b: Peppy\n|-damage|p2b: Peppy|74\/100\n|-hitcount|p2b: Peppy|3\n|move|p2b: Peppy|Hurricane|p1b: Garbage\n|-damage|p1b: Garbage|57\/100\n|\n|-weather|RainDance|[upkeep]\n|-heal|p1b: Garbage|63\/100|[from] item: Black Sludge\n|upkeep\n|turn|7\n|inactive|tifftiff has 120 seconds left.\n|j| ChainlessJoe\n|inactive|delicioustree has 90 seconds left.\n|\n|t:|1698878543\n|-activate|p1a: Machiavellian Bach|confusion\n|-damage|p1a: Machiavellian Bach|57\/100|[from] confusion\n|move|p2a: SpicyBird|Thunder|p1a: Machiavellian Bach\n|-damage|p1a: Machiavellian Bach|0 fnt\n|faint|p1a: Machiavellian Bach\n|move|p1b: Garbage|Gunk Shot|p2b: Peppy\n|-damage|p2b: Peppy|45\/100\n|move|p2b: Peppy|Hurricane|p1b: Garbage\n|-damage|p1b: Garbage|31\/100\n|\n|-weather|RainDance|[upkeep]\n|-heal|p1b: Garbage|37\/100|[from] item: Black Sludge\n|upkeep\n|c| ChainlessJoe|lets go delicius tree\n|inactive|delicioustree has 60 seconds left.\n|c| ChainlessJoe|you use aegislash im rooting for you\n|\n|t:|1698878595\n|switch|p1a: Amide|Indeedee-F, F|100\/100\n|-fieldstart|move: Psychic Terrain|[from] ability: Psychic Surge|[of] p1a: Amide\n|turn|8\n|inactive|delicioustree has 60 seconds left.\n|inactive|tifftiff has 120 seconds left.\n|\n|t:|1698878621\n|-terastallize|p1a: Amide|Psychic\n|move|p2a: SpicyBird|Thunder|p1b: Garbage\n|-damage|p1b: Garbage|0 fnt\n|faint|p1b: Garbage\n|move|p1a: Amide|Expanding Force|p2a: SpicyBird|[spread] p2a,p2b\n|-resisted|p2a: SpicyBird\n|-damage|p2a: SpicyBird|51\/100\n|-damage|p2b: Peppy|0 fnt\n|faint|p2b: Peppy\n|\n|-weather|RainDance|[upkeep]\n|upkeep\n|inactive|delicioustree has 60 seconds left.\n|inactive|tifftiff has 120 seconds left.\n|\n|t:|1698878649\n|switch|p1b: Hexane|Krookodile, M|100\/100\n|switch|p2b: Noodle|Eelektross, M|100\/100\n|turn|9\n|inactive|delicioustree has 60 seconds left.\n|inactive|delicioustree has 30 seconds left.\n|\n|t:|1698878697\n|move|p1b: Hexane|Brick Break|p2a: SpicyBird\n|-supereffective|p2a: SpicyBird\n|-damage|p2a: SpicyBird|4\/100\n|move|p2a: SpicyBird|Roost|p2a: SpicyBird\n|-heal|p2a: SpicyBird|54\/100\n|move|p1a: Amide|Expanding Force|p2b: Noodle|[spread] p2a,p2b\n|-resisted|p2a: SpicyBird\n|-damage|p2a: SpicyBird|29\/100\n|-damage|p2b: Noodle|60\/100\n|move|p2b: Noodle|Giga Drain|p1b: Hexane\n|-supereffective|p1b: Hexane\n|-damage|p1b: Hexane|54\/100\n|-heal|p2b: Noodle|81\/100|[from] drain|[of] p1b: Hexane\n|\n|-weather|RainDance|[upkeep]\n|upkeep\n|turn|10\n|inactive|delicioustree has 30 seconds left.\n|\n|t:|1698878725\n|move|p1b: Hexane|Brick Break|p2a: SpicyBird\n|-supereffective|p2a: SpicyBird\n|-damage|p2a: SpicyBird|0 fnt\n|faint|p2a: SpicyBird\n|-ability|p1b: Hexane|Moxie|boost\n|-boost|p1b: Hexane|atk|1\n|move|p1a: Amide|Expanding Force|p2b: Noodle\n|-damage|p2b: Noodle|29\/100\n|move|p2b: Noodle|Giga Drain|p1b: Hexane\n|-supereffective|p1b: Hexane\n|-damage|p1b: Hexane|1\/100\n|-heal|p2b: Noodle|53\/100|[from] drain|[of] p1b: Hexane\n|\n|-weather|none\n|upkeep\n|\n|t:|1698878738\n|switch|p2a: ZapZap|Lanturn, M|100\/100\n|turn|11\n|\n|t:|1698878750\n|move|p1b: Hexane|Brick Break|p2b: Noodle\n|-damage|p2b: Noodle|13\/100\n|-damage|p1b: Hexane|0 fnt|[from] item: Rocky Helmet|[of] p2b: Noodle\n|faint|p1b: Hexane\n|move|p1a: Amide|Expanding Force|p2a: ZapZap|[spread] p2a,p2b\n|-damage|p2a: ZapZap|69\/100\n|-damage|p2b: Noodle|0 fnt\n|faint|p2b: Noodle\n|move|p2a: ZapZap|Ice Beam|p1a: Amide\n|-damage|p1a: Amide|90\/100\n|\n|-heal|p2a: ZapZap|75\/100|[from] item: Leftovers\n|upkeep\n|\n|t:|1698878762\n|switch|p1b: Amine|Audino-Mega, F|14\/100\n|switch|p2b: Laundry|Rotom-Wash|100\/100\n|turn|12\n|inactive|delicioustree has 60 seconds left.\n|inactive|tifftiff has 120 seconds left.\n|inactive|delicioustree has 30 seconds left.\n|\n|t:|1698878826\n|move|p1b: Amine|Helping Hand|p1a: Amide\n|-singleturn|p1a: Amide|Helping Hand|[of] p1b: Amine\n|move|p2b: Laundry|Will-O-Wisp|p1a: Amide\n|-status|p1a: Amide|brn\n|move|p1a: Amide|Expanding Force|p2a: ZapZap|[spread] p2a,p2b\n|-damage|p2a: ZapZap|28\/100\n|-damage|p2b: Laundry|14\/100\n|move|p2a: ZapZap|Volt Switch|p1b: Amine\n|-damage|p1b: Amine|0 fnt\n|faint|p1b: Amine\n|\n|-heal|p2b: Laundry|21\/100|[from] item: Leftovers\n|-heal|p2a: ZapZap|34\/100|[from] item: Leftovers\n|-damage|p1a: Amide|84\/100 brn|[from] brn\n|-fieldend|move: Psychic Terrain\n|upkeep\n|turn|13\n|inactive|delicioustree has 30 seconds left.\n|\n|t:|1698878855\n|move|p2b: Laundry|Pain Split|p1a: Amide\n|-sethp|p1a: Amide|53\/100 brn|[from] move: Pain Split|[silent]\n|-sethp|p2b: Laundry|49\/100|[from] move: Pain Split\n|move|p1a: Amide|Hyper Voice|p2b: Laundry|[spread] p2a,p2b\n|-damage|p2a: ZapZap|20\/100\n|-damage|p2b: Laundry|24\/100\n|move|p2a: ZapZap|Ice Beam|p1a: Amide\n|-damage|p1a: Amide|43\/100 brn\n|\n|-heal|p2b: Laundry|30\/100|[from] item: Leftovers\n|-heal|p2a: ZapZap|26\/100|[from] item: Leftovers\n|-damage|p1a: Amide|37\/100 brn|[from] brn\n|upkeep\n|turn|14\n|l| ChainlessJoe\n|\n|t:|1698878873\n|move|p2b: Laundry|Hydro Pump|p1a: Amide|[miss]\n|-miss|p2b: Laundry|p1a: Amide\n|move|p1a: Amide|Expanding Force|p2b: Laundry\n|-damage|p2b: Laundry|0 fnt\n|faint|p2b: Laundry\n|move|p2a: ZapZap|Ice Beam|p1a: Amide\n|-damage|p1a: Amide|28\/100 brn\n|\n|-heal|p2a: ZapZap|32\/100|[from] item: Leftovers\n|-damage|p1a: Amide|21\/100 brn|[from] brn\n|upkeep\n|turn|15\n|inactive|delicioustree has 60 seconds left.\n|\n|t:|1698878887\n|move|p1a: Amide|Expanding Force|p2a: ZapZap\n|-damage|p2a: ZapZap|9\/100\n|move|p2a: ZapZap|Volt Switch|p1a: Amide\n|-damage|p1a: Amide|9\/100 brn\n|\n|-heal|p2a: ZapZap|15\/100|[from] item: Leftovers\n|-damage|p1a: Amide|3\/100 brn|[from] brn\n|upkeep\n|turn|16\n|\n|t:|1698878897\n|move|p1a: Amide|Expanding Force|p2a: ZapZap\n|-damage|p2a: ZapZap|0 fnt\n|faint|p2a: ZapZap\n|\n|win|delicioustree\n|raw|delicioustree's rating: 1160 &rarr; <strong>1183<\/strong><br \/>(+23 for winning)\n|raw|tifftiff's rating: 1137 &rarr; <strong>1114<\/strong><br \/>(-23 for losing)\n|c|\u2606tifftiff|gg\n|c|\u2606delicioustree|gg\n|l|\u2606tifftiff\n","uploadtime":1698880337,"views":10,"p1id":"delicioustree","p2id":"tifftiff","formatid":"gen9nationaldexdoubles","rating":1114,"private":0,"password":""}