{"id":"gen9nationaldexdoubles-1968114707","p1":"Proxis666","p2":"Kazutoxo","format":"[Gen 9] National Dex Doubles","log":"|j|\u2606Proxis666\n|j|\u2606Kazutoxo\n|t:|1697385799\n|gametype|doubles\n|player|p1|Proxis666|psychic|1091\n|player|p2|Kazutoxo|byron|1191\n|teamsize|p1|6\n|teamsize|p2|6\n|gen|9\n|tier|[Gen 9] National Dex Doubles\n|rated|\n|rule|HP Percentage Mod: HP is shown in percentages\n|rule|Endless Battle Clause: Forcing endless battles is banned\n|rule|OHKO Clause: OHKO moves are banned\n|rule|Evasion Moves Clause: Evasion moves are banned\n|rule|Evasion Abilities Clause: Evasion abilities are banned\n|rule|Species Clause: Limit one of each Pok\u00e9mon\n|rule|Gravity Sleep Clause: The combination of sleep-inducing moves with imperfect accuracy and Gravity or Gigantamax Orbeetle are banned\n|clearpoke\n|poke|p1|Toxtricity, M|\n|poke|p1|Dracozolt|\n|poke|p1|Kilowattrel, M|\n|poke|p1|Electivire, F|\n|poke|p1|Manectric, F|\n|poke|p1|Oricorio-Pom-Pom, F|\n|poke|p2|Sandy Shocks|\n|poke|p2|Zapdos|\n|poke|p2|Iron Hands|\n|poke|p2|Manectric, M|\n|poke|p2|Tapu Koko|\n|poke|p2|Raichu-Alola, M|\n|teampreview\n|inactive|Battle timer is ON: inactive players will automatically lose when time's up. (requested by Proxis666)\n|\n|t:|1697385812\n|start\n|switch|p1a: Dracozolt|Dracozolt|100\/100\n|switch|p1b: Kilowattrel|Kilowattrel, M|100\/100\n|switch|p2a: Zapdos|Zapdos|100\/100\n|switch|p2b: Iron Hands|Iron Hands|100\/100\n|-ability|p2a: Zapdos|Pressure\n|turn|1\n|\n|t:|1697385827\n|-terastallize|p1a: Dracozolt|Electric\n|move|p2b: Iron Hands|Fake Out|p1b: Kilowattrel\n|-damage|p1b: Kilowattrel|76\/100\n|cant|p1b: Kilowattrel|flinch\n|move|p1a: Dracozolt|Bolt Beak|p2a: Zapdos\n|-damage|p2a: Zapdos|1\/100\n|-damage|p1a: Dracozolt|91\/100|[from] item: Life Orb\n|move|p2a: Zapdos|Reflect|p2a: Zapdos\n|-sidestart|p2: Kazutoxo|Reflect\n|\n|-heal|p1b: Kilowattrel|82\/100|[from] item: Leftovers\n|upkeep\n|turn|2\n|\n|t:|1697385849\n|move|p1b: Kilowattrel|Tailwind|p1b: Kilowattrel\n|-sidestart|p1: Proxis666|move: Tailwind\n|move|p1a: Dracozolt|Bolt Beak|p2a: Zapdos\n|-damage|p2a: Zapdos|0 fnt\n|faint|p2a: Zapdos\n|-damage|p1a: Dracozolt|81\/100|[from] item: Life Orb\n|move|p2b: Iron Hands|Ice Punch|p1b: Kilowattrel\n|-supereffective|p1b: Kilowattrel\n|-damage|p1b: Kilowattrel|0 fnt\n|faint|p1b: Kilowattrel\n|\n|upkeep\n|\n|t:|1697385863\n|switch|p1b: Manectric|Manectric, F|100\/100\n|switch|p2a: Manectric|Manectric, M|100\/100\n|turn|3\n|\n|t:|1697385896\n|-end|p2b: Iron Hands|Quark Drive|[silent]\n|switch|p2b: Sandy Shocks|Sandy Shocks|100\/100\n|-enditem|p2b: Sandy Shocks|Booster Energy\n|-activate|p2b: Sandy Shocks|ability: Protosynthesis|[fromitem]\n|-start|p2b: Sandy Shocks|protosynthesisspa\n|move|p2a: Manectric|Protect|p2a: Manectric\n|-singleturn|p2a: Manectric|Protect\n|move|p1b: Manectric|Hidden Power|p2a: Manectric\n|-activate|p2a: Manectric|move: Protect\n|move|p1a: Dracozolt|Low Kick|p2b: Sandy Shocks\n|-damage|p2b: Sandy Shocks|79\/100\n|-damage|p1a: Dracozolt|71\/100|[from] item: Life Orb\n|\n|upkeep\n|turn|4\n|inactive|Kazutoxo has 120 seconds left.\n|\n|t:|1697385939\n|switch|p1a: Oricorio|Oricorio-Pom-Pom, F|100\/100\n|detailschange|p2a: Manectric|Manectric-Mega, M\n|-mega|p2a: Manectric|Manectric|Manectite\n|-ability|p2a: Manectric|Intimidate|boost\n|-unboost|p1a: Oricorio|atk|1\n|-unboost|p1b: Manectric|atk|1\n|move|p1b: Manectric|Hidden Power|p2b: Sandy Shocks\n|-supereffective|p2b: Sandy Shocks\n|-damage|p2b: Sandy Shocks|37\/100\n|move|p2a: Manectric|Hyper Voice|p1a: Oricorio|[spread] p1a,p1b\n|-damage|p1a: Oricorio|65\/100\n|-damage|p1b: Manectric|54\/100\n|move|p2b: Sandy Shocks|Earth Power|p1a: Oricorio\n|-immune|p1a: Oricorio\n|\n|upkeep\n|turn|5\n|inactive|Kazutoxo has 120 seconds left.\n|\n|t:|1697385961\n|detailschange|p1b: Manectric|Manectric-Mega, F\n|-mega|p1b: Manectric|Manectric|Manectite\n|-ability|p1b: Manectric|Intimidate|boost\n|-unboost|p2a: Manectric|atk|1\n|-unboost|p2b: Sandy Shocks|atk|1\n|move|p2b: Sandy Shocks|Protect|p2b: Sandy Shocks\n|-singleturn|p2b: Sandy Shocks|Protect\n|move|p1b: Manectric|Overheat|p2a: Manectric\n|-damage|p2a: Manectric|35\/100\n|-unboost|p1b: Manectric|spa|2\n|move|p1a: Oricorio|Hurricane|p2b: Sandy Shocks\n|-activate|p2b: Sandy Shocks|move: Protect\n|move|p2a: Manectric|Hyper Voice|p1b: Manectric|[spread] p1a,p1b\n|-damage|p1a: Oricorio|30\/100\n|-damage|p1b: Manectric|20\/100\n|\n|-sideend|p1: Proxis666|move: Tailwind\n|upkeep\n|turn|6\n|\n|t:|1697385985\n|move|p1b: Manectric|Hidden Power|p2b: Sandy Shocks\n|-supereffective|p2b: Sandy Shocks\n|-damage|p2b: Sandy Shocks|9\/100\n|move|p2a: Manectric|Volt Switch|p1a: Oricorio\n|-damage|p1a: Oricorio|0 fnt\n|faint|p1a: Oricorio\n|\n|t:|1697385995\n|switch|p2a: Iron Hands|Iron Hands|100\/100|[from] Volt Switch\n|move|p2b: Sandy Shocks|Earth Power|p1b: Manectric\n|-supereffective|p1b: Manectric\n|-damage|p1b: Manectric|0 fnt\n|faint|p1b: Manectric\n|\n|upkeep\n|\n|t:|1697386003\n|switch|p1b: Toxtricity|Toxtricity, M|100\/100\n|switch|p1a: Electivire|Electivire, F|100\/100\n|turn|7\n|\n|t:|1697386015\n|move|p2a: Iron Hands|Fake Out|p1a: Electivire\n|-damage|p1a: Electivire|78\/100\n|move|p2b: Sandy Shocks|Earth Power|p1b: Toxtricity\n|-supereffective|p1b: Toxtricity\n|-damage|p1b: Toxtricity|0 fnt\n|faint|p1b: Toxtricity\n|cant|p1a: Electivire|flinch\n|\n|upkeep\n|\n|t:|1697386020\n|switch|p1b: Dracozolt|Dracozolt, tera:Electric|71\/100\n|turn|8\n|\n|t:|1697386035\n|-end|p2a: Iron Hands|Quark Drive|[silent]\n|switch|p2a: Manectric|Manectric-Mega, M|35\/100\n|-ability|p2a: Manectric|Intimidate|boost\n|-unboost|p1a: Electivire|atk|1\n|-unboost|p1b: Dracozolt|atk|1\n|move|p2b: Sandy Shocks|Earth Power|p1a: Electivire\n|-supereffective|p1a: Electivire\n|-damage|p1a: Electivire|0 fnt\n|faint|p1a: Electivire\n|move|p1b: Dracozolt|Bolt Beak|p1: Electivire|[notarget]\n|-fail|p1b: Dracozolt\n|\n|-sideend|p2: Kazutoxo|Reflect\n|upkeep\n|turn|9\n|-message|Proxis666 forfeited.\n|\n|win|Kazutoxo\n|raw|Proxis666's rating: 1091 &rarr; <strong>1074<\/strong><br \/>(-17 for losing)\n|raw|Kazutoxo's rating: 1191 &rarr; <strong>1209<\/strong><br \/>(+18 for winning)\n|l|\u2606Proxis666\n","uploadtime":1697386059,"views":7,"p1id":"proxis666","p2id":"kazutoxo","formatid":"gen9nationaldexdoubles","rating":1074,"private":0,"password":""}