{"id":"gen9nationaldexdoubles-1973720112","p1":"Davichu7","p2":"MightySalmon","format":"[Gen 9] National Dex Doubles","log":"|j|\u2606Davichu7\n|j|\u2606MightySalmon\n|t:|1698006664\n|gametype|doubles\n|player|p1|Davichu7|pokemaniac|\n|player|p2|MightySalmon|harlequin|\n|teamsize|p1|6\n|teamsize|p2|6\n|gen|9\n|tier|[Gen 9] National Dex Doubles\n|rule|HP Percentage Mod: HP is shown in percentages\n|rule|Endless Battle Clause: Forcing endless battles is banned\n|rule|OHKO Clause: OHKO moves are banned\n|rule|Evasion Moves Clause: Evasion moves are banned\n|rule|Evasion Abilities Clause: Evasion abilities are banned\n|rule|Species Clause: Limit one of each Pok\u00e9mon\n|rule|Gravity Sleep Clause: The combination of sleep-inducing moves with imperfect accuracy and Gravity or Gigantamax Orbeetle are banned\n|clearpoke\n|poke|p1|Flutter Mane|\n|poke|p1|Gholdengo|\n|poke|p1|Sableye, M|\n|poke|p1|Dragapult, F|\n|poke|p1|Typhlosion-Hisui, F|\n|poke|p1|Palossand, M|\n|poke|p2|Ceruledge, F|\n|poke|p2|Ninetales, M|\n|poke|p2|Delphox, F|\n|poke|p2|Infernape, F|\n|poke|p2|Magcargo, M|\n|poke|p2|Talonflame, M|\n|teampreview\n|\n|t:|1698006692\n|start\n|switch|p1a: Dragapult|Dragapult, F, shiny|100\/100\n|switch|p1b: Typhlosion|Typhlosion-Hisui, F, shiny|100\/100\n|switch|p2a: Ninetales|Ninetales, M|100\/100\n|switch|p2b: Delphox|Delphox, F|100\/100\n|-item|p2a: Ninetales|Expert Belt|[from] ability: Frisk|[of] p1b: Typhlosion|[identify]\n|-item|p2b: Delphox|Leftovers|[from] ability: Frisk|[of] p1b: Typhlosion|[identify]\n|-weather|SunnyDay|[from] ability: Drought|[of] p2a: Ninetales\n|turn|1\n|\n|t:|1698006735\n|move|p1b: Typhlosion|Infernal Parade|p2b: Delphox\n|-supereffective|p2b: Delphox\n|-damage|p2b: Delphox|28\/100\n|move|p1a: Dragapult|Light Screen|p1a: Dragapult\n|-sidestart|p1: Davichu7|move: Light Screen\n|move|p2b: Delphox|Fire Blast|p1b: Typhlosion\n|-resisted|p1b: Typhlosion\n|-damage|p1b: Typhlosion|50\/100\n|move|p2a: Ninetales|Encore|p1a: Dragapult\n|-start|p1a: Dragapult|Encore\n|\n|-weather|SunnyDay|[upkeep]\n|-heal|p2b: Delphox|35\/100|[from] item: Leftovers\n|upkeep\n|turn|2\n|\n|t:|1698006784\n|switch|p1a: Palossand|Palossand, M, shiny|100\/100\n|switch|p2b: Ceruledge|Ceruledge, F|100\/100\n|move|p1b: Typhlosion|Infernal Parade|p2b: Ceruledge\n|-supereffective|p2b: Ceruledge\n|-damage|p2b: Ceruledge|35\/100\n|move|p2a: Ninetales|Disable||[still]\n|-fail|p2a: Ninetales\n|\n|-weather|SunnyDay|[upkeep]\n|upkeep\n|turn|3\n|\n|t:|1698006806\n|move|p1b: Typhlosion|Infernal Parade|p2b: Ceruledge\n|-supereffective|p2b: Ceruledge\n|-damage|p2b: Ceruledge|0 fnt\n|faint|p2b: Ceruledge\n|move|p2a: Ninetales|Flamethrower|p1b: Typhlosion\n|-resisted|p1b: Typhlosion\n|-damage|p1b: Typhlosion|32\/100\n|move|p1a: Palossand|Stealth Rock|p2a: Ninetales\n|-sidestart|p2: MightySalmon|move: Stealth Rock\n|\n|-weather|SunnyDay|[upkeep]\n|upkeep\n|\n|t:|1698006818\n|switch|p2b: Magcargo|Magcargo, M|100\/100\n|-damage|p2b: Magcargo|76\/100|[from] Stealth Rock\n|turn|4\n|\n|t:|1698006831\n|move|p1b: Typhlosion|Infernal Parade|p2a: Ninetales\n|-damage|p2a: Ninetales|72\/100\n|move|p2a: Ninetales|Disable|p1b: Typhlosion\n|-start|p1b: Typhlosion|Disable|Infernal Parade\n|move|p1a: Palossand|Earth Power|p2b: Magcargo\n|-supereffective|p2b: Magcargo\n|-damage|p2b: Magcargo|0 fnt\n|faint|p2b: Magcargo\n|\n|-weather|SunnyDay|[upkeep]\n|upkeep\n|\n|t:|1698006843\n|switch|p2b: Infernape|Infernape, F|100\/100\n|-damage|p2b: Infernape|88\/100|[from] Stealth Rock\n|turn|5\n|\n|t:|1698006870\n|switch|p1b: Dragapult|Dragapult, F, shiny|100\/100\n|-singleturn|p2b: Infernape|move: Focus Punch\n|move|p2a: Ninetales|Flamethrower|p1a: Palossand\n|-damage|p1a: Palossand|68\/100\n|move|p1a: Palossand|Earth Power|p2b: Infernape\n|-supereffective|p2b: Infernape\n|-damage|p2b: Infernape|0 fnt\n|faint|p2b: Infernape\n|\n|-weather|none\n|-heal|p1a: Palossand|75\/100|[from] item: Leftovers\n|upkeep\n|\n|t:|1698006890\n|switch|p2b: Talonflame|Talonflame, M|100\/100\n|-damage|p2b: Talonflame|51\/100|[from] Stealth Rock\n|turn|6\n|\n|t:|1698006905\n|move|p1b: Dragapult|Dragon Darts|p2b: Talonflame\n|-damage|p2b: Talonflame|17\/100\n|-anim|p1b: Dragapult|Dragon Darts|p2a: Ninetales\n|-damage|p2a: Ninetales|42\/100\n|move|p2b: Talonflame|Dual Wingbeat|p1a: Palossand|[miss]\n|-miss|p2b: Talonflame|p1a: Palossand\n|move|p2a: Ninetales|Encore|p1b: Dragapult\n|-start|p1b: Dragapult|Encore\n|move|p1a: Palossand|Earth Power|p2a: Ninetales\n|-supereffective|p2a: Ninetales\n|-damage|p2a: Ninetales|0 fnt\n|faint|p2a: Ninetales\n|\n|-heal|p1a: Palossand|81\/100|[from] item: Leftovers\n|upkeep\n|\n|t:|1698006919\n|switch|p2a: Delphox|Delphox, F|35\/100\n|-damage|p2a: Delphox|10\/100|[from] Stealth Rock\n|turn|7\n|\n|t:|1698006935\n|move|p1b: Dragapult|Dragon Darts|p2b: Talonflame\n|-damage|p2b: Talonflame|0 fnt\n|-anim|p1b: Dragapult|Dragon Darts|p2a: Delphox\n|-damage|p2a: Delphox|0 fnt\n|faint|p2b: Talonflame\n|faint|p2a: Delphox\n|\n|win|Davichu7\n","uploadtime":1698006945,"views":10,"p1id":"davichu7","p2id":"mightysalmon","formatid":"gen9nationaldexdoubles","rating":0,"private":0,"password":""}