{"id":"gen9nationaldexdoubles-1949971550","p1":"PhrogVI","p2":"Anna Lisa Melculo","format":"[Gen 9] National Dex Doubles","log":"|j|\u2606PhrogVI\n|j|\u2606Anna Lisa Melculo\n|t:|1695413647\n|gametype|doubles\n|player|p1|PhrogVI|veteran|1139\n|player|p2|Anna Lisa Melculo|101|1319\n|teamsize|p1|6\n|teamsize|p2|6\n|gen|9\n|tier|[Gen 9] National Dex Doubles\n|rated|\n|rule|HP Percentage Mod: HP is shown in percentages\n|rule|Endless Battle Clause: Forcing endless battles is banned\n|rule|OHKO Clause: OHKO moves are banned\n|rule|Evasion Moves Clause: Evasion moves are banned\n|rule|Evasion Abilities Clause: Evasion abilities are banned\n|rule|Species Clause: Limit one of each Pok\u00e9mon\n|rule|Gravity Sleep Clause: The combination of sleep-inducing moves with imperfect accuracy and Gravity or Gigantamax Orbeetle are banned\n|clearpoke\n|poke|p1|Ursaluna-Bloodmoon, M|\n|poke|p1|Mimikyu, F|\n|poke|p1|Amoonguss, M|\n|poke|p1|Dusclops, F|\n|poke|p1|Regieleki|\n|poke|p1|Dipplin, F|\n|poke|p2|Torkoal, M|\n|poke|p2|Flutter Mane|\n|poke|p2|Walking Wake|\n|poke|p2|Volcanion|\n|poke|p2|Chien-Pao|\n|poke|p2|Kingambit, M|\n|teampreview\n|\n|t:|1695413668\n|start\n|switch|p1a: Mini|Mimikyu, F, shiny|100\/100\n|switch|p1b: Fungus among us|Amoonguss, M|100\/100\n|switch|p2a: Pana Zulia|Torkoal, M|100\/100\n|switch|p2b: Agua Potable|Walking Wake|100\/100\n|-weather|SunnyDay|[from] ability: Drought|[of] p2a: Pana Zulia\n|-activate|p2b: Agua Potable|ability: Protosynthesis\n|-start|p2b: Agua Potable|protosynthesisspe\n|turn|1\n|\n|t:|1695413685\n|move|p2b: Agua Potable|Flip Turn|p1a: Mini\n|-activate|p1a: Mini|ability: Disguise\n|-damage|p1a: Mini|100\/100\n|detailschange|p1a: Mini|Mimikyu-Busted, F, shiny\n|-damage|p1a: Mini|88\/100|[from] pokemon: Mimikyu-Busted\n|\n|t:|1695413695\n|-end|p2b: Agua Potable|Protosynthesis|[silent]\n|switch|p2b: Cheems-Pao|Chien-Pao|100\/100|[from] Flip Turn\n|-ability|p2b: Cheems-Pao|Sword of Ruin\n|move|p2a: Pana Zulia|Eruption|p1b: Fungus among us|[spread] p1a,p1b\n|-supereffective|p1b: Fungus among us\n|-damage|p1a: Mini|18\/100\n|-damage|p1b: Fungus among us|13\/100\n|-enditem|p1b: Fungus among us|Wiki Berry|[eat]\n|-heal|p1b: Fungus among us|46\/100|[from] item: Wiki Berry\n|move|p1b: Fungus among us|Spore|p2a: Pana Zulia\n|-status|p2a: Pana Zulia|slp|[from] move: Spore\n|move|p1a: Mini|Trick Room|p1a: Mini\n|-fieldstart|move: Trick Room|[of] p1a: Mini\n|\n|-weather|SunnyDay|[upkeep]\n|upkeep\n|turn|2\n|\n|t:|1695413732\n|move|p1b: Fungus among us|Spore|p2b: Cheems-Pao\n|-status|p2b: Cheems-Pao|slp|[from] move: Spore\n|cant|p2a: Pana Zulia|slp\n|-zpower|p1a: Mini\n|move|p1a: Mini|Let's Snuggle Forever|p2b: Cheems-Pao|[zeffect]\n|-supereffective|p2b: Cheems-Pao\n|-enditem|p2b: Cheems-Pao|Focus Sash\n|-damage|p2b: Cheems-Pao|1\/100 slp\n|cant|p2b: Cheems-Pao|slp\n|\n|-weather|SunnyDay|[upkeep]\n|upkeep\n|turn|3\n|\n|t:|1695413752\n|switch|p1a: Grim|Ursaluna-Bloodmoon, M|100\/100\n|-curestatus|p2b: Cheems-Pao|slp|[msg]\n|move|p2b: Cheems-Pao|Sucker Punch||[still]\n|-fail|p2b: Cheems-Pao\n|move|p1b: Fungus among us|Giga Drain|p2b: Cheems-Pao\n|-damage|p2b: Cheems-Pao|0 fnt\n|-heal|p1b: Fungus among us|46\/100|[from] drain|[of] p2b: Cheems-Pao\n|faint|p2b: Cheems-Pao\n|cant|p2a: Pana Zulia|slp\n|\n|-weather|SunnyDay|[upkeep]\n|upkeep\n|\n|t:|1695413770\n|switch|p2b: Kingambit|Kingambit, M|100\/100\n|-activate|p2b: Kingambit|ability: Supreme Overlord\n|-start|p2b: Kingambit|fallen1|[silent]\n|turn|4\n|\n|t:|1695413784\n|-terastallize|p1a: Grim|Normal\n|move|p1b: Fungus among us|Spore|p2b: Kingambit\n|-status|p2b: Kingambit|slp|[from] move: Spore\n|-curestatus|p2a: Pana Zulia|slp|[msg]\n|move|p2a: Pana Zulia|Heat Wave|p1b: Fungus among us|[spread] p1a,p1b\n|-supereffective|p1b: Fungus among us\n|-damage|p1a: Grim|64\/100\n|-damage|p1b: Fungus among us|0 fnt\n|faint|p1b: Fungus among us\n|cant|p2b: Kingambit|slp\n|move|p1a: Grim|Earth Power|p2b: Kingambit\n|-supereffective|p2b: Kingambit\n|-damage|p2b: Kingambit|38\/100 slp\n|\n|-weather|SunnyDay|[upkeep]\n|upkeep\n|\n|t:|1695413806\n|switch|p1b: Dusclops|Dusclops, F|100\/100\n|-ability|p1b: Dusclops|Pressure\n|turn|5\n|\n|t:|1695413828\n|cant|p2b: Kingambit|slp\n|move|p1b: Dusclops|Taunt|p2a: Pana Zulia\n|-start|p2a: Pana Zulia|move: Taunt\n|move|p2a: Pana Zulia|Eruption|p1b: Dusclops|[spread] p1a,p1b\n|-damage|p1a: Grim|5\/100\n|-damage|p1b: Dusclops|67\/100\n|move|p1a: Grim|Earth Power|p2a: Pana Zulia\n|-supereffective|p2a: Pana Zulia\n|-damage|p2a: Pana Zulia|0 fnt\n|faint|p2a: Pana Zulia\n|\n|-weather|none\n|-fieldend|move: Trick Room\n|upkeep\n|\n|t:|1695413842\n|switch|p2a: PeloeQk|Flutter Mane|100\/100\n|turn|6\n|\n|t:|1695413854\n|move|p2a: PeloeQk|Dazzling Gleam|p1a: Grim|[spread] p1a,p1b\n|-damage|p1a: Grim|0 fnt\n|-damage|p1b: Dusclops|44\/100\n|faint|p1a: Grim\n|-damage|p2a: PeloeQk|90\/100|[from] item: Life Orb\n|-curestatus|p2b: Kingambit|slp|[msg]\n|move|p2b: Kingambit|Kowtow Cleave|p1b: Dusclops\n|-supereffective|p1b: Dusclops\n|-damage|p1b: Dusclops|0 fnt\n|faint|p1b: Dusclops\n|\n|upkeep\n|\n|t:|1695413870\n|switch|p1a: Regis|Regieleki|100\/100\n|switch|p1b: Mini|Mimikyu-Busted, F, shiny|18\/100\n|turn|7\n|\n|t:|1695413887\n|move|p1b: Mini|Shadow Sneak|p2a: PeloeQk\n|-supereffective|p2a: PeloeQk\n|-damage|p2a: PeloeQk|30\/100\n|move|p2b: Kingambit|Sucker Punch|p1a: Regis\n|-damage|p1a: Regis|18\/100\n|move|p1a: Regis|Volt Switch|p2b: Kingambit\n|-damage|p2b: Kingambit|2\/100\n|\n|t:|1695413896\n|switch|p1a: Aple|Dipplin, F|100\/100|[from] Volt Switch\n|-ability|p1a: Aple|Supersweet Syrup\n|-ability|p1a: Aple|Supersweet Syrup|boost\n|-unboost|p2a: PeloeQk|evasion|1\n|-unboost|p2b: Kingambit|evasion|1\n|move|p2a: PeloeQk|Dazzling Gleam|p1a: Aple|[spread] p1a,p1b\n|-supereffective|p1a: Aple\n|-damage|p1a: Aple|40\/100\n|-damage|p1b: Mini|0 fnt\n|faint|p1b: Mini\n|-damage|p2a: PeloeQk|20\/100|[from] item: Life Orb\n|\n|upkeep\n|\n|t:|1695413909\n|switch|p1b: Regis|Regieleki|18\/100\n|turn|8\n|\n|t:|1695413920\n|move|p2b: Kingambit|Sucker Punch|p1b: Regis\n|-damage|p1b: Regis|0 fnt\n|faint|p1b: Regis\n|move|p2a: PeloeQk|Dazzling Gleam|p1a: Aple\n|-supereffective|p1a: Aple\n|-damage|p1a: Aple|0 fnt\n|faint|p1a: Aple\n|-damage|p2a: PeloeQk|10\/100|[from] item: Life Orb\n|\n|win|Anna Lisa Melculo\n|raw|PhrogVI's rating: 1139 &rarr; <strong>1126<\/strong><br \/>(-13 for losing)\n|raw|Anna Lisa Melculo's rating: 1319 &rarr; <strong>1329<\/strong><br \/>(+10 for winning)\n|l|\u2606PhrogVI\n","uploadtime":1695413932,"views":9,"p1id":"phrogvi","p2id":"annalisamelculo","formatid":"gen9nationaldexdoubles","rating":1126,"private":0,"password":""}