{"id":"gen9nationaldexdoubles-1958322937","p1":"impastabot4000","p2":"htbfvcvb","format":"[Gen 9] National Dex Doubles","log":"|j|\u2606impastabot4000\n|j|\u2606htbfvcvb\n|t:|1696312088\n|gametype|doubles\n|player|p1|impastabot4000|nate|1122\n|player|p2|htbfvcvb|clay|1000\n|teamsize|p1|6\n|teamsize|p2|6\n|gen|9\n|tier|[Gen 9] National Dex Doubles\n|rated|\n|rule|HP Percentage Mod: HP is shown in percentages\n|rule|Endless Battle Clause: Forcing endless battles is banned\n|rule|OHKO Clause: OHKO moves are banned\n|rule|Evasion Moves Clause: Evasion moves are banned\n|rule|Evasion Abilities Clause: Evasion abilities are banned\n|rule|Species Clause: Limit one of each Pok\u00e9mon\n|rule|Gravity Sleep Clause: The combination of sleep-inducing moves with imperfect accuracy and Gravity or Gigantamax Orbeetle are banned\n|clearpoke\n|poke|p1|Kommo-o, F|\n|poke|p1|Ninetales-Alola, F|\n|poke|p1|Wo-Chien|\n|poke|p1|Sinistcha-Masterpiece|\n|poke|p1|Incineroar, M|\n|poke|p1|Landorus, M|\n|poke|p2|Slowbro, F|\n|poke|p2|Ogerpon-Cornerstone, F|\n|poke|p2|Jirachi|\n|poke|p2|Clefable, F|\n|poke|p2|Magmar, F|\n|poke|p2|Electabuzz, M|\n|teampreview\n|inactive|Battle timer is ON: inactive players will automatically lose when time's up. (requested by impastabot4000)\n|\n|t:|1696312111\n|start\n|switch|p1a: Incineroar|Incineroar, M|100\/100\n|switch|p1b: Ninetales|Ninetales-Alola, F|100\/100\n|switch|p2a: Slowbro|Slowbro, F|100\/100\n|switch|p2b: Magmar|Magmar, F|100\/100\n|-weather|Snow|[from] ability: Snow Warning|[of] p1b: Ninetales\n|-ability|p1a: Incineroar|Intimidate|boost\n|-fail|p2a: Slowbro|unboost|Attack|[from] ability: Oblivious|[of] p2a: Slowbro\n|-unboost|p2b: Magmar|atk|1\n|turn|1\n|\n|t:|1696312126\n|detailschange|p2a: Slowbro|Slowbro-Mega, F\n|-mega|p2a: Slowbro|Slowbro|Slowbronite\n|move|p2b: Magmar|Follow Me|p2b: Magmar\n|-singleturn|p2b: Magmar|move: Follow Me\n|move|p1b: Ninetales|Aurora Veil|p1b: Ninetales\n|-sidestart|p1: impastabot4000|move: Aurora Veil\n|move|p1a: Incineroar|Knock Off|p2b: Magmar\n|-damage|p2b: Magmar|61\/100\n|-enditem|p2b: Magmar|Eviolite|[from] move: Knock Off|[of] p1a: Incineroar\n|move|p2a: Slowbro|Calm Mind|p2a: Slowbro\n|-boost|p2a: Slowbro|spa|1\n|-boost|p2a: Slowbro|spd|1\n|\n|-weather|Snow|[upkeep]\n|upkeep\n|turn|2\n|\n|t:|1696312155\n|move|p2b: Magmar|Follow Me|p2b: Magmar\n|-singleturn|p2b: Magmar|move: Follow Me\n|move|p1b: Ninetales|Freeze-Dry|p2b: Magmar\n|-resisted|p2b: Magmar\n|-damage|p2b: Magmar|50\/100\n|-status|p2b: Magmar|frz\n|move|p1a: Incineroar|Parting Shot|p2b: Magmar\n|-unboost|p2b: Magmar|atk|1\n|-unboost|p2b: Magmar|spa|1\n|inactive|impastabot4000 has 120 seconds left.\n|\n|t:|1696312166\n|switch|p1a: Kommo-o|Kommo-o, F|100\/100|[from] Parting Shot\n|move|p2a: Slowbro|Calm Mind|p2a: Slowbro\n|-boost|p2a: Slowbro|spa|1\n|-boost|p2a: Slowbro|spd|1\n|\n|-weather|Snow|[upkeep]\n|upkeep\n|turn|3\n|\n|t:|1696312178\n|switch|p2b: Clefable|Clefable, F|100\/100\n|-terastallize|p1a: Kommo-o|Steel\n|move|p1b: Ninetales|Freeze-Dry|p2a: Slowbro\n|-supereffective|p2a: Slowbro\n|-damage|p2a: Slowbro|73\/100\n|move|p1a: Kommo-o|Clangorous Soul|p1a: Kommo-o\n|-boost|p1a: Kommo-o|atk|1\n|-boost|p1a: Kommo-o|def|1\n|-boost|p1a: Kommo-o|spa|1\n|-boost|p1a: Kommo-o|spd|1\n|-boost|p1a: Kommo-o|spe|1\n|-damage|p1a: Kommo-o|68\/100\n|-enditem|p1a: Kommo-o|Throat Spray\n|-boost|p1a: Kommo-o|spa|1|[from] item: Throat Spray\n|move|p2a: Slowbro|Calm Mind|p2a: Slowbro\n|-boost|p2a: Slowbro|spa|1\n|-boost|p2a: Slowbro|spd|1\n|\n|-weather|Snow|[upkeep]\n|upkeep\n|turn|4\n|\n|t:|1696312204\n|move|p2b: Clefable|Follow Me|p2b: Clefable\n|-singleturn|p2b: Clefable|move: Follow Me\n|move|p1b: Ninetales|Moonblast|p2b: Clefable\n|-damage|p2b: Clefable|66\/100\n|move|p1a: Kommo-o|Flash Cannon|p2b: Clefable\n|-supereffective|p2b: Clefable\n|-damage|p2b: Clefable|0 fnt\n|faint|p2b: Clefable\n|move|p2a: Slowbro|Calm Mind|p2a: Slowbro\n|-boost|p2a: Slowbro|spa|1\n|-boost|p2a: Slowbro|spd|1\n|\n|-weather|Snow|[upkeep]\n|upkeep\n|\n|t:|1696312210\n|switch|p2b: Jirachi|Jirachi|100\/100\n|turn|5\n|\n|t:|1696312229\n|switch|p1b: Incineroar|Incineroar, M|100\/100\n|-ability|p1b: Incineroar|Intimidate|boost\n|-unboost|p2a: Slowbro|atk|1\n|-unboost|p2b: Jirachi|atk|1\n|move|p2b: Jirachi|Follow Me|p2b: Jirachi\n|-singleturn|p2b: Jirachi|move: Follow Me\n|move|p1a: Kommo-o|Clangorous Soul|p1a: Kommo-o\n|-boost|p1a: Kommo-o|atk|1\n|-boost|p1a: Kommo-o|def|1\n|-boost|p1a: Kommo-o|spa|1\n|-boost|p1a: Kommo-o|spd|1\n|-boost|p1a: Kommo-o|spe|1\n|-damage|p1a: Kommo-o|35\/100\n|move|p2a: Slowbro|Calm Mind|p2a: Slowbro\n|-boost|p2a: Slowbro|spa|1\n|-boost|p2a: Slowbro|spd|1\n|\n|-weather|none\n|upkeep\n|turn|6\n|\n|t:|1696312249\n|switch|p2b: Magmar|Magmar, F|50\/100 frz\n|move|p1b: Incineroar|Fake Out|p2a: Slowbro\n|-damage|p2a: Slowbro|69\/100\n|move|p1a: Kommo-o|Clanging Scales|p2b: Magmar|[spread] p2a,p2b\n|-damage|p2a: Slowbro|42\/100\n|-damage|p2b: Magmar|0 fnt\n|faint|p2b: Magmar\n|-unboost|p1a: Kommo-o|def|1\n|cant|p2a: Slowbro|flinch\n|\n|upkeep\n|\n|t:|1696312254\n|switch|p2b: Jirachi|Jirachi|100\/100\n|turn|7\n|\n|t:|1696312277\n|switch|p1b: Sinistcha|Sinistcha-Masterpiece|100\/100\n|-heal|p1a: Kommo-o|60\/100|[from] ability: Hospitality|[of] p1b: Sinistcha\n|move|p1a: Kommo-o|Clanging Scales|p2a: Slowbro|[spread] p2a,p2b\n|-resisted|p2b: Jirachi\n|-damage|p2a: Slowbro|11\/100\n|-damage|p2b: Jirachi|70\/100\n|-unboost|p1a: Kommo-o|def|1\n|move|p2b: Jirachi|Encore||[still]\n|-fail|p2b: Jirachi\n|move|p2a: Slowbro|Slack Off|p2a: Slowbro\n|-heal|p2a: Slowbro|61\/100\n|\n|upkeep\n|turn|8\n|\n|t:|1696312301\n|move|p2b: Jirachi|Follow Me|p2b: Jirachi\n|-singleturn|p2b: Jirachi|move: Follow Me\n|move|p1a: Kommo-o|Clangorous Soul|p1a: Kommo-o\n|-boost|p1a: Kommo-o|atk|1\n|-boost|p1a: Kommo-o|def|1\n|-boost|p1a: Kommo-o|spa|1\n|-boost|p1a: Kommo-o|spd|1\n|-boost|p1a: Kommo-o|spe|1\n|-damage|p1a: Kommo-o|27\/100\n|move|p1b: Sinistcha|Life Dew||[still]|[spread] p1a,p1b\n|-heal|p1a: Kommo-o|52\/100\n|-fail|p1b: Sinistcha|heal\n|move|p2a: Slowbro|Calm Mind|p2a: Slowbro\n|-boost|p2a: Slowbro|spa|1\n|-boost|p2a: Slowbro|spd|1\n|\n|-sideend|p1: impastabot4000|move: Aurora Veil\n|upkeep\n|turn|9\n|\n|t:|1696312326\n|move|p1a: Kommo-o|Clanging Scales|p2b: Jirachi|[spread] p2a,p2b\n|-resisted|p2b: Jirachi\n|-damage|p2a: Slowbro|28\/100\n|-damage|p2b: Jirachi|33\/100\n|-unboost|p1a: Kommo-o|def|1\n|move|p2b: Jirachi|Encore|p1b: Sinistcha\n|-start|p1b: Sinistcha|Encore\n|move|p1b: Sinistcha|Life Dew||[still]|[spread] p1a,p1b\n|-heal|p1a: Kommo-o|77\/100\n|-fail|p1b: Sinistcha|heal\n|move|p2a: Slowbro|Psyshock|p1a: Kommo-o\n|-resisted|p1a: Kommo-o\n|-damage|p1a: Kommo-o|19\/100\n|\n|upkeep\n|turn|10\n|-message|htbfvcvb forfeited.\n|\n|win|impastabot4000\n|raw|impastabot4000's rating: 1122 &rarr; <strong>1139<\/strong><br \/>(+17 for winning)\n|raw|htbfvcvb's rating: 1000 &rarr; <strong>1000<\/strong><br \/>(+0 for losing)\n|l|\u2606htbfvcvb\n","uploadtime":1696312354,"views":10,"p1id":"impastabot4000","p2id":"htbfvcvb","formatid":"gen9nationaldexdoubles","rating":1000,"private":0,"password":""}