{"id":"gen9nationaldexdoubles-1969170946","p1":"ShrimplyOrange","p2":"Eragon11145","format":"[Gen 9] National Dex Doubles","log":"|j|\u2606ShrimplyOrange\n|j|\u2606Eragon11145\n|t:|1697496687\n|gametype|doubles\n|player|p1|ShrimplyOrange|ltsurge|\n|player|p2|Eragon11145|#dwcopiii|\n|teamsize|p1|6\n|teamsize|p2|6\n|gen|9\n|tier|[Gen 9] National Dex Doubles\n|rated|Tournament battle\n|rule|HP Percentage Mod: HP is shown in percentages\n|rule|Endless Battle Clause: Forcing endless battles is banned\n|rule|OHKO Clause: OHKO moves are banned\n|rule|Evasion Moves Clause: Evasion moves are banned\n|rule|Evasion Abilities Clause: Evasion abilities are banned\n|rule|Species Clause: Limit one of each Pok\u00e9mon\n|rule|Gravity Sleep Clause: The combination of sleep-inducing moves with imperfect accuracy and Gravity or Gigantamax Orbeetle are banned\n|clearpoke\n|poke|p1|Chien-Pao|\n|poke|p1|Rayquaza|\n|poke|p1|Whimsicott, M|\n|poke|p1|Urshifu-*, M|\n|poke|p1|Zacian-*|\n|poke|p1|Calyrex-Shadow|\n|poke|p2|Xerneas-*|\n|poke|p2|Groudon|\n|poke|p2|Necrozma-Dawn-Wings|\n|poke|p2|Calyrex-Shadow|\n|poke|p2|Indeedee-F, F|\n|poke|p2|Mewtwo|\n|teampreview\n|inactive|Battle timer is ON: inactive players will automatically lose when time's up. (requested by Eragon11145)\n|j| adghhgtyh\n|\n|t:|1697496701\n|start\n|switch|p1a: Danger Noodle|Chien-Pao|100\/100\n|switch|p1b: Healthy Meta|Urshifu-Rapid-Strike, M|100\/100\n|switch|p2a: Calyrex|Calyrex-Shadow|100\/100\n|switch|p2b: Xerneas|Xerneas|100\/100\n|-ability|p2a: Calyrex|As One\n|-ability|p2a: Calyrex|Unnerve\n|-ability|p1a: Danger Noodle|Sword of Ruin\n|-ability|p2b: Xerneas|Fairy Aura\n|turn|1\n|j| SquidSpring\n|j| Daepiquejt\n|\n|t:|1697496728\n|-terastallize|p1b: Healthy Meta|Water\n|-terastallize|p2b: Xerneas|Water\n|move|p1a: Danger Noodle|Sucker Punch|p2a: Calyrex\n|-supereffective|p2a: Calyrex\n|-enditem|p2a: Calyrex|Focus Sash\n|-damage|p2a: Calyrex|1\/100\n|move|p2a: Calyrex|Expanding Force|p1b: Healthy Meta\n|-crit|p1b: Healthy Meta\n|-damage|p1b: Healthy Meta|1\/100\n|move|p1b: Healthy Meta|Surging Strikes|p2b: Xerneas\n|-resisted|p2b: Xerneas\n|-crit|p2b: Xerneas\n|-damage|p2b: Xerneas|83\/100\n|-resisted|p2b: Xerneas\n|-crit|p2b: Xerneas\n|-damage|p2b: Xerneas|66\/100\n|-resisted|p2b: Xerneas\n|-crit|p2b: Xerneas\n|-damage|p2b: Xerneas|47\/100\n|-hitcount|p2b: Xerneas|3\n|move|p2b: Xerneas|Geomancy||[still]\n|-prepare|p2b: Xerneas|Geomancy\n|-enditem|p2b: Xerneas|Power Herb\n|-anim|p2b: Xerneas|Geomancy|p2b: Xerneas\n|-boost|p2b: Xerneas|spa|2\n|-boost|p2b: Xerneas|spd|2\n|-boost|p2b: Xerneas|spe|2\n|\n|upkeep\n|turn|2\n|\n|t:|1697496754\n|switch|p2a: Indeedee|Indeedee-F, F|100\/100\n|-fieldstart|move: Psychic Terrain|[from] ability: Psychic Surge|[of] p2a: Indeedee\n|move|p1a: Danger Noodle|Protect|p1a: Danger Noodle\n|-singleturn|p1a: Danger Noodle|Protect\n|move|p2b: Xerneas|Dazzling Gleam|p1a: Danger Noodle|[spread] p1b\n|-activate|p1a: Danger Noodle|move: Protect\n|-damage|p1b: Healthy Meta|0 fnt\n|faint|p1b: Healthy Meta\n|\n|upkeep\n|\n|t:|1697496761\n|switch|p1b: Whimsicott|Whimsicott, M, shiny|100\/100\n|turn|3\n|\n|t:|1697496770\n|move|p1b: Whimsicott|Tailwind|p1b: Whimsicott\n|-sidestart|p1: ShrimplyOrange|move: Tailwind\n|move|p1a: Danger Noodle|Ice Spinner|p2a: Indeedee\n|-damage|p2a: Indeedee|55\/100\n|-fieldend|move: Psychic Terrain\n|move|p2b: Xerneas|Dazzling Gleam|p1b: Whimsicott|[spread] p1a,p1b\n|-supereffective|p1a: Danger Noodle\n|-enditem|p1a: Danger Noodle|Focus Sash\n|-damage|p1a: Danger Noodle|1\/100\n|-damage|p1b: Whimsicott|0 fnt\n|faint|p1b: Whimsicott\n|move|p2a: Indeedee|Heal Pulse|p2b: Xerneas\n|-heal|p2b: Xerneas|97\/100\n|\n|upkeep\n|\n|t:|1697496787\n|switch|p1b: Rayquaza|Rayquaza|100\/100\n|-ability|p1b: Rayquaza|Air Lock\n|turn|4\n|j|+Runoisch\n|\n|t:|1697496816\n|detailschange|p1b: Rayquaza|Rayquaza-Mega\n|-weather|DeltaStream|[from] ability: Delta Stream|[of] p1b: Rayquaza\n|move|p1a: Danger Noodle|Protect|p1a: Danger Noodle\n|-singleturn|p1a: Danger Noodle|Protect\n|move|p1b: Rayquaza|Extreme Speed|p2b: Xerneas\n|-damage|p2b: Xerneas|40\/100\n|move|p2a: Indeedee|Follow Me|p2a: Indeedee\n|-singleturn|p2a: Indeedee|move: Follow Me\n|move|p2b: Xerneas|Dazzling Gleam|p1b: Rayquaza|[spread] p1b\n|-activate|p1a: Danger Noodle|move: Protect\n|-supereffective|p1b: Rayquaza\n|-damage|p1b: Rayquaza|0 fnt\n|faint|p1b: Rayquaza\n|-weather|none\n|\n|upkeep\n|\n|t:|1697496820\n|switch|p1b: Calyrex|Calyrex-Shadow|100\/100\n|-ability|p1b: Calyrex|As One\n|-ability|p1b: Calyrex|Unnerve\n|turn|5\n|\n|t:|1697496838\n|move|p2a: Indeedee|Follow Me|p2a: Indeedee\n|-singleturn|p2a: Indeedee|move: Follow Me\n|move|p1b: Calyrex|Astral Barrage|p2a: Indeedee|[spread] p2b\n|-immune|p2a: Indeedee\n|-damage|p2b: Xerneas|20\/100\n|move|p1a: Danger Noodle|Ice Spinner|p2a: Indeedee\n|-damage|p2a: Indeedee|3\/100\n|move|p2b: Xerneas|Dazzling Gleam|p1a: Danger Noodle|[spread] p1a,p1b\n|-supereffective|p1a: Danger Noodle\n|-damage|p1a: Danger Noodle|0 fnt\n|-damage|p1b: Calyrex|7\/100\n|faint|p1a: Danger Noodle\n|\n|upkeep\n|\n|t:|1697496843\n|switch|p1a: Zacian|Zacian-Crowned, shiny|100\/100\n|-ability|p1a: Zacian|Intrepid Sword|boost\n|-boost|p1a: Zacian|atk|1\n|turn|6\n|\n|t:|1697496848\n|move|p2b: Xerneas|Protect|p2b: Xerneas\n|-singleturn|p2b: Xerneas|Protect\n|move|p2a: Indeedee|Protect|p2a: Indeedee\n|-singleturn|p2a: Indeedee|Protect\n|move|p1b: Calyrex|Astral Barrage|p2b: Xerneas|[spread] \n|-activate|p2a: Indeedee|move: Protect\n|-activate|p2b: Xerneas|move: Protect\n|move|p1a: Zacian|Swords Dance|p1a: Zacian\n|-boost|p1a: Zacian|atk|2\n|\n|-sideend|p1: ShrimplyOrange|move: Tailwind\n|upkeep\n|turn|7\n|\n|t:|1697496858\n|move|p1b: Calyrex|Protect|p1b: Calyrex\n|-singleturn|p1b: Calyrex|Protect\n|move|p2a: Indeedee|Follow Me|p2a: Indeedee\n|-singleturn|p2a: Indeedee|move: Follow Me\n|move|p2b: Xerneas|Dazzling Gleam|p1a: Zacian|[spread] p1a\n|-activate|p1b: Calyrex|move: Protect\n|-resisted|p1a: Zacian\n|-damage|p1a: Zacian|64\/100\n|move|p1a: Zacian|Behemoth Blade|p2a: Indeedee\n|-damage|p2a: Indeedee|0 fnt\n|faint|p2a: Indeedee\n|\n|upkeep\n|\n|t:|1697496862\n|switch|p2a: Calyrex|Calyrex-Shadow|1\/100\n|-ability|p2a: Calyrex|As One\n|-ability|p2a: Calyrex|Unnerve\n|turn|8\n|l| adghhgtyh\n|\n|t:|1697496868\n|move|p1a: Zacian|Protect|p1a: Zacian\n|-singleturn|p1a: Zacian|Protect\n|move|p2b: Xerneas|Dazzling Gleam|p1a: Zacian|[spread] p1b\n|-activate|p1a: Zacian|move: Protect\n|-damage|p1b: Calyrex|0 fnt\n|faint|p1b: Calyrex\n|move|p2a: Calyrex|Astral Barrage|p1a: Zacian\n|-activate|p1a: Zacian|move: Protect\n|\n|upkeep\n|turn|9\n|c|\u2606ShrimplyOrange|gg\n|c|\u2606Eragon11145|gg\n|c|\u2606ShrimplyOrange|I lost b\/c I didn't lead whims lol\n|\n|t:|1697496881\n|move|p2b: Xerneas|Moonblast|p1a: Zacian\n|-resisted|p1a: Zacian\n|-damage|p1a: Zacian|9\/100\n|move|p2a: Calyrex|Astral Barrage|p1a: Zacian\n|-damage|p1a: Zacian|0 fnt\n|faint|p1a: Zacian\n|\n|win|Eragon11145\n|n|\u2606ShrimplyOrange|shrimplyorange\n|n|\u2606Eragon11145|eragon11145\n|n| SquidSpring|squidspring\n|n| Daepiquejt|daepiquejt\n|n| Runoisch|runoisch\n","uploadtime":1697496882,"views":15,"p1id":"shrimplyorange","p2id":"eragon11145","formatid":"gen9nationaldexdoubles","rating":0,"private":0,"password":""}