{"id":"gen9nationaldexdoubles-1948650867","p1":"Leipzig final boss","p2":"Citadelofstars","format":"[Gen 9] National Dex Doubles","log":"|j|\u2606Leipzig final boss\n|j|\u2606Citadelofstars\n|t:|1695287495\n|gametype|doubles\n|player|p1|Leipzig final boss|will|1022\n|player|p2|Citadelofstars|ghetsis|1078\n|teamsize|p1|6\n|teamsize|p2|6\n|gen|9\n|tier|[Gen 9] National Dex Doubles\n|rated|\n|rule|HP Percentage Mod: HP is shown in percentages\n|rule|Endless Battle Clause: Forcing endless battles is banned\n|rule|OHKO Clause: OHKO moves are banned\n|rule|Evasion Moves Clause: Evasion moves are banned\n|rule|Evasion Abilities Clause: Evasion abilities are banned\n|rule|Species Clause: Limit one of each Pok\u00e9mon\n|rule|Gravity Sleep Clause: The combination of sleep-inducing moves with imperfect accuracy and Gravity or Gigantamax Orbeetle are banned\n|clearpoke\n|poke|p1|Farigiraf, F|\n|poke|p1|Polteageist|\n|poke|p1|Grafaiai, M|\n|poke|p1|Slaking, M|\n|poke|p1|Oricorio-Pom-Pom, M|\n|poke|p1|Shiftry, M|\n|poke|p2|Regice|\n|poke|p2|Arctovish|\n|poke|p2|Cryogonal|\n|poke|p2|Abomasnow, M|\n|poke|p2|Glaceon, F|\n|poke|p2|Ninetales-Alola, F|\n|teampreview\n|\n|t:|1695287511\n|start\n|switch|p1a: Farigiraf|Farigiraf, F|100\/100\n|switch|p1b: Polteageist|Polteageist|100\/100\n|switch|p2a: Abomasnow|Abomasnow, M|100\/100\n|switch|p2b: Regice|Regice|100\/100\n|-weather|Snow|[from] ability: Snow Warning|[of] p2a: Abomasnow\n|turn|1\n|c|\u2606Citadelofstars|its time to break the ice\n|c|\u2606Leipzig final boss|Bro is an ice type gym leader\n|\n|t:|1695287530\n|move|p1b: Polteageist|Shell Smash|p1b: Polteageist\n|-unboost|p1b: Polteageist|def|1\n|-unboost|p1b: Polteageist|spd|1\n|-boost|p1b: Polteageist|atk|2\n|-boost|p1b: Polteageist|spa|2\n|-boost|p1b: Polteageist|spe|2\n|move|p1a: Farigiraf|Imprison|p1a: Farigiraf\n|-start|p1a: Farigiraf|move: Imprison\n|move|p2a: Abomasnow|Aurora Veil|p2a: Abomasnow\n|-sidestart|p2: Citadelofstars|move: Aurora Veil\n|move|p2b: Regice|Blizzard|p1b: Polteageist|[spread] p1a,p1b\n|-damage|p1a: Farigiraf|73\/100\n|-damage|p1b: Polteageist|27\/100\n|-status|p1b: Polteageist|frz\n|\n|-weather|Snow|[upkeep]\n|upkeep\n|turn|2\n|c|\u2606Leipzig final boss|I feel like this is some sort of gimmick\n|\n|t:|1695287563\n|cant|p1b: Polteageist|frz\n|move|p1a: Farigiraf|Confuse Ray|p2b: Regice\n|-start|p2b: Regice|confusion\n|move|p2a: Abomasnow|Blizzard|p1b: Polteageist|[spread] p1a,p1b\n|-damage|p1a: Farigiraf|55\/100\n|-damage|p1b: Polteageist|0 fnt\n|faint|p1b: Polteageist\n|-activate|p2b: Regice|confusion\n|move|p2b: Regice|Signal Beam|p1a: Farigiraf\n|-supereffective|p1a: Farigiraf\n|-damage|p1a: Farigiraf|19\/100\n|\n|-weather|Snow|[upkeep]\n|upkeep\n|c|\u2606Leipzig final boss|Oh golf I can\u2019t use aromatherapy\n|\n|t:|1695287583\n|switch|p1b: Slaking|Slaking, M|100\/100\n|turn|3\n|c|\u2606Citadelofstars|cool off, partner, you'll find your chill\n|\n|t:|1695287601\n|switch|p1a: Grafaiai|Grafaiai, M|100\/100\n|move|p1b: Slaking|Drain Punch|p2b: Regice\n|-supereffective|p2b: Regice\n|-damage|p2b: Regice|64\/100\n|-damage|p1b: Slaking|91\/100|[from] item: Life Orb\n|move|p2a: Abomasnow|Brick Break|p1b: Slaking\n|-supereffective|p1b: Slaking\n|-damage|p1b: Slaking|69\/100\n|-activate|p2b: Regice|confusion\n|move|p2b: Regice|Blizzard|p1b: Slaking|[spread] p1a,p1b\n|-damage|p1a: Grafaiai|39\/100\n|-damage|p1b: Slaking|34\/100\n|-enditem|p1a: Grafaiai|Sitrus Berry|[eat]\n|-heal|p1a: Grafaiai|64\/100|[from] item: Sitrus Berry\n|\n|-weather|Snow|[upkeep]\n|-heal|p2b: Regice|70\/100|[from] ability: Ice Body\n|-heal|p2b: Regice|76\/100|[from] item: Leftovers\n|upkeep\n|turn|4\n|c|\u2606Leipzig final boss|Ice joke moment\n|c|\u2606Citadelofstars|hey man, don't wanna give the cold shoulder, do I?\n|\n|t:|1695287633\n|move|p1a: Grafaiai|Doodle|p2b: Regice\n|-endability|p1a: Grafaiai|Prankster|[from] move: Doodle\n|-ability|p1a: Grafaiai|Ice Body|[from] move: Doodle\n|-endability|p1b: Slaking|Truant|[from] move: Doodle\n|-ability|p1b: Slaking|Ice Body|[from] move: Doodle\n|move|p1b: Slaking|Drain Punch|p2a: Abomasnow\n|-supereffective|p2a: Abomasnow\n|-damage|p2a: Abomasnow|54\/100\n|-heal|p1b: Slaking|52\/100|[from] drain|[of] p2a: Abomasnow\n|-damage|p1b: Slaking|42\/100|[from] item: Life Orb\n|move|p2a: Abomasnow|Blizzard|p1b: Slaking|[spread] p1a,p1b\n|-crit|p1b: Slaking\n|-damage|p1a: Grafaiai|23\/100\n|-damage|p1b: Slaking|5\/100\n|-end|p2b: Regice|confusion\n|move|p2b: Regice|Blizzard|p1a: Grafaiai|[spread] p1a,p1b\n|-damage|p1a: Grafaiai|0 fnt\n|-damage|p1b: Slaking|0 fnt\n|faint|p1a: Grafaiai\n|faint|p1b: Slaking\n|\n|-weather|Snow|[upkeep]\n|-heal|p2b: Regice|82\/100|[from] ability: Ice Body\n|-heal|p2b: Regice|88\/100|[from] item: Leftovers\n|upkeep\n|c|\u2606Leipzig final boss|You have an ice joke as a response to everything I say don\u2019t you\n|\n|t:|1695287655\n|switch|p1a: Oricorio|Oricorio-Pom-Pom, M|100\/100\n|switch|p1b: Shiftry|Shiftry, M|100\/100\n|turn|5\n|c|\u2606Citadelofstars|you'll have me frozen eventually\n|\n|t:|1695287677\n|move|p1b: Shiftry|Tailwind|p1b: Shiftry\n|-sidestart|p1: Leipzig final boss|move: Tailwind\n|-ability|p1b: Shiftry|Wind Rider|boost\n|-boost|p1b: Shiftry|atk|1\n|move|p1a: Oricorio|Quiver Dance|p1a: Oricorio\n|-boost|p1a: Oricorio|spa|1\n|-boost|p1a: Oricorio|spd|1\n|-boost|p1a: Oricorio|spe|1\n|move|p2a: Abomasnow|Blizzard|p1b: Shiftry|[spread] p1a\n|-ability|p1b: Shiftry|Wind Rider|boost\n|-boost|p1b: Shiftry|atk|1\n|-supereffective|p1a: Oricorio\n|-damage|p1a: Oricorio|52\/100\n|move|p2b: Regice|Blizzard|p1a: Oricorio|[spread] p1a\n|-ability|p1b: Shiftry|Wind Rider|boost\n|-boost|p1b: Shiftry|atk|1\n|-supereffective|p1a: Oricorio\n|-damage|p1a: Oricorio|0 fnt\n|faint|p1a: Oricorio\n|\n|-weather|none\n|-heal|p2b: Regice|94\/100|[from] item: Leftovers\n|-sideend|p2: Citadelofstars|move: Aurora Veil\n|upkeep\n|c|\u2606Leipzig final boss|Ok this team is actually kinda good your using\n|\n|t:|1695287696\n|switch|p1a: Farigiraf|Farigiraf, F|19\/100\n|turn|6\n|c|\u2606Leipzig final boss|Surprisingly\n|\n|t:|1695287717\n|move|p1a: Farigiraf|Endure|p1a: Farigiraf\n|-singleturn|p1a: Farigiraf|move: Endure\n|move|p1b: Shiftry|Knock Off|p2b: Regice\n|-damage|p2b: Regice|0 fnt\n|-enditem|p2b: Regice|Leftovers|[from] move: Knock Off|[of] p1b: Shiftry\n|faint|p2b: Regice\n|move|p2a: Abomasnow|Brick Break|p1b: Shiftry\n|-supereffective|p1b: Shiftry\n|-damage|p1b: Shiftry|50\/100\n|\n|upkeep\n|\n|t:|1695287726\n|switch|p2b: Ninetales|Ninetales-Alola, F|100\/100\n|-weather|Snow|[from] ability: Snow Warning|[of] p2b: Ninetales\n|turn|7\n|\n|t:|1695287754\n|move|p1b: Shiftry|Leaf Blade|p2b: Ninetales\n|-damage|p2b: Ninetales|1\/100\n|move|p2b: Ninetales|Blizzard|p1b: Shiftry|[spread] p1a\n|-ability|p1b: Shiftry|Wind Rider|boost\n|-boost|p1b: Shiftry|atk|1\n|-damage|p1a: Farigiraf|0 fnt\n|faint|p1a: Farigiraf\n|-damage|p2b: Ninetales|0 fnt|[from] item: Life Orb\n|faint|p2b: Ninetales\n|move|p2a: Abomasnow|Brick Break|p1b: Shiftry\n|-supereffective|p1b: Shiftry\n|-damage|p1b: Shiftry|0 fnt\n|faint|p1b: Shiftry\n|\n|win|Citadelofstars\n|raw|Leipzig final boss's rating: 1022 &rarr; <strong>1011<\/strong><br \/>(-11 for losing)\n|raw|Citadelofstars's rating: 1078 &rarr; <strong>1102<\/strong><br \/>(+24 for winning)\n|c|\u2606Citadelofstars|ran out of puns\n|c|\u2606Leipzig final boss|Haven\u2019t you heard of wind rider before\n|c|\u2606Citadelofstars|nope!\n|c|\u2606Leipzig final boss|Oh wait it\u2019s over\n|l|\u2606Leipzig final boss\n","uploadtime":1695287793,"views":27,"p1id":"leipzigfinalboss","p2id":"citadelofstars","formatid":"gen9nationaldexdoubles","rating":1011,"private":0,"password":""}