{"id":"gen9nationaldexdoubles-1950606700","p1":"XMarcosPr710","p2":"Leviatan4","format":"[Gen 9] National Dex Doubles","log":"|j|\u2606XMarcosPr710\n|j|\u2606Leviatan4\n|t:|1695489326\n|gametype|doubles\n|player|p1|XMarcosPr710|benga|\n|player|p2|Leviatan4|scientist-gen4dp|\n|teamsize|p1|6\n|teamsize|p2|6\n|gen|9\n|tier|[Gen 9] National Dex Doubles\n|rule|HP Percentage Mod: HP is shown in percentages\n|rule|Endless Battle Clause: Forcing endless battles is banned\n|rule|OHKO Clause: OHKO moves are banned\n|rule|Evasion Moves Clause: Evasion moves are banned\n|rule|Evasion Abilities Clause: Evasion abilities are banned\n|rule|Species Clause: Limit one of each Pok\u00e9mon\n|rule|Gravity Sleep Clause: The combination of sleep-inducing moves with imperfect accuracy and Gravity or Gigantamax Orbeetle are banned\n|clearpoke\n|poke|p1|Chien-Pao|\n|poke|p1|Meowscarada, F|\n|poke|p1|Grimmsnarl, M|\n|poke|p1|Moltres-Galar|\n|poke|p1|Darkrai|\n|poke|p1|Hydreigon, F|\n|poke|p2|Scizor, M|\n|poke|p2|Lokix, F|\n|poke|p2|Volcarona, M|\n|poke|p2|Forretress, M|\n|poke|p2|Heracross, F|\n|poke|p2|Yanmega, M|\n|teampreview\n|\n|t:|1695489350\n|start\n|switch|p1a: Moltres|Moltres-Galar|100\/100\n|switch|p1b: Grimmsnarl|Grimmsnarl, M|100\/100\n|switch|p2a: Ra|Volcarona, M, shiny|100\/100\n|switch|p2b: Cannonball|Forretress, M|100\/100\n|turn|1\n|j| Aluh_opa\n|c| Aluh_opa|A ver como le va al mentor de JP\n|\n|t:|1695489376\n|-terastallize|p2b: Cannonball|Fire\n|move|p1b: Grimmsnarl|Light Screen|p1b: Grimmsnarl\n|-sidestart|p1: XMarcosPr710|move: Light Screen\n|move|p2a: Ra|Quiver Dance|p2a: Ra\n|-boost|p2a: Ra|spa|1\n|-boost|p2a: Ra|spd|1\n|-boost|p2a: Ra|spe|1\n|move|p1a: Moltres|Tailwind|p1a: Moltres\n|-sidestart|p1: XMarcosPr710|move: Tailwind\n|move|p2b: Cannonball|Spikes|p1b: Grimmsnarl\n|-sidestart|p1: XMarcosPr710|Spikes\n|\n|upkeep\n|turn|2\n|j| El_Gran_Wigglytuff\n|c| El_Gran_Wigglytuff|Con qu\u00e9 monotipo siniestro...\n|\n|t:|1695489408\n|move|p1b: Grimmsnarl|Parting Shot|p2a: Ra\n|-unboost|p2a: Ra|atk|1\n|-unboost|p2a: Ra|spa|1\n|c|\u2606Leviatan4|Hmm\n|\n|t:|1695489419\n|switch|p1b: Darkrai|Darkrai|100\/100|[from] Parting Shot\n|-damage|p1b: Darkrai|88\/100|[from] Spikes\n|move|p2a: Ra|Leech Life|p1b: Darkrai\n|-supereffective|p1b: Darkrai\n|-damage|p1b: Darkrai|55\/100\n|move|p1a: Moltres|Air Slash|p2a: Ra\n|-supereffective|p2a: Ra\n|-damage|p2a: Ra|63\/100\n|move|p2b: Cannonball|Spikes|p1a: Moltres\n|-sidestart|p1: XMarcosPr710|Spikes\n|\n|upkeep\n|turn|3\n|\n|t:|1695489437\n|move|p1b: Darkrai|Hypnosis|p2a: Ra\n|-status|p2a: Ra|slp|[from] move: Hypnosis\n|cant|p2a: Ra|slp\n|move|p1a: Moltres|Fiery Wrath|p2b: Cannonball|[spread] p2a,p2b\n|-damage|p2a: Ra|44\/100 slp\n|-damage|p2b: Cannonball|57\/100\n|move|p2b: Cannonball|Spikes|p1a: Moltres\n|-sidestart|p1: XMarcosPr710|Spikes\n|\n|-damage|p2a: Ra|32\/100 slp|[from] ability: Bad Dreams|[of] p1b: Darkrai\n|upkeep\n|turn|4\n|\n|t:|1695489460\n|switch|p2a: Flash|Lokix, F|100\/100\n|move|p1b: Darkrai|Snarl|p2b: Cannonball|[spread] p2a,p2b\n|-resisted|p2a: Flash\n|-damage|p2a: Flash|81\/100\n|-damage|p2b: Cannonball|19\/100\n|-unboost|p2a: Flash|spa|1\n|-unboost|p2b: Cannonball|spa|1\n|move|p1a: Moltres|Fiery Wrath|p2b: Cannonball|[spread] p2a,p2b\n|-resisted|p2a: Flash\n|-crit|p2a: Flash\n|-damage|p2a: Flash|45\/100\n|-damage|p2b: Cannonball|0 fnt\n|faint|p2b: Cannonball\n|\n|-sideend|p1: XMarcosPr710|move: Tailwind\n|upkeep\n|\n|t:|1695489476\n|switch|p2b: Yanmega|Yanmega, M|100\/100\n|turn|5\n|\n|t:|1695489498\n|move|p1b: Darkrai|Protect|p1b: Darkrai\n|-singleturn|p1b: Darkrai|Protect\n|move|p2a: Flash|U-turn|p1b: Darkrai\n|-activate|p1b: Darkrai|move: Protect\n|move|p2b: Yanmega|Ancient Power|p1a: Moltres\n|-supereffective|p1a: Moltres\n|-damage|p1a: Moltres|80\/100\n|move|p1a: Moltres|Tailwind|p1a: Moltres\n|-sidestart|p1: XMarcosPr710|move: Tailwind\n|\n|-ability|p2b: Yanmega|Speed Boost|boost\n|-boost|p2b: Yanmega|spe|1\n|upkeep\n|turn|6\n|c|\u2606XMarcosPr710|Les gusta mi clefable?\n|\n|t:|1695489525\n|move|p1b: Darkrai|Hypnosis|p2b: Yanmega\n|-status|p2b: Yanmega|slp|[from] move: Hypnosis\n|move|p1a: Moltres|Air Slash|p2a: Flash\n|-supereffective|p2a: Flash\n|-damage|p2a: Flash|0 fnt\n|faint|p2a: Flash\n|cant|p2b: Yanmega|slp\n|\n|-damage|p2b: Yanmega|88\/100 slp|[from] ability: Bad Dreams|[of] p1b: Darkrai\n|-ability|p2b: Yanmega|Speed Boost|boost\n|-boost|p2b: Yanmega|spe|1\n|upkeep\n|c| Aluh_opa|ta guapo\n|\n|t:|1695489538\n|switch|p2a: New One|Scizor, M|100\/100\n|turn|7\n|c| Aluh_opa|goku eta vaina e seria\n|\n|t:|1695489557\n|detailschange|p2a: New One|Scizor-Mega, M\n|-mega|p2a: New One|Scizor|Scizorite\n|move|p1b: Darkrai|Psychic|p2b: Yanmega\n|-damage|p2b: Yanmega|29\/100 slp\n|cant|p2b: Yanmega|slp\n|move|p1a: Moltres|Fiery Wrath|p2b: Yanmega|[spread] p2a,p2b\n|-damage|p2a: New One|73\/100\n|-damage|p2b: Yanmega|0 fnt\n|faint|p2b: Yanmega\n|move|p2a: New One|Bug Bite|p1b: Darkrai\n|-supereffective|p1b: Darkrai\n|-damage|p1b: Darkrai|0 fnt\n|faint|p1b: Darkrai\n|\n|upkeep\n|\n|t:|1695489571\n|switch|p1b: Grimmsnarl|Grimmsnarl, M|100\/100\n|switch|p2b: Strength|Heracross, F|100\/100\n|-damage|p1b: Grimmsnarl|76\/100|[from] Spikes\n|turn|8\n|c| Aluh_opa|como tan muchacho\n|\n|t:|1695489621\n|move|p1b: Grimmsnarl|Reflect|p1b: Grimmsnarl\n|-sidestart|p1: XMarcosPr710|Reflect\n|move|p2a: New One|Bullet Punch|p1a: Moltres\n|-damage|p1a: Moltres|61\/100\n|move|p2b: Strength|Brick Break|p1b: Grimmsnarl\n|-sideend|p1: XMarcosPr710|Reflect\n|-sideend|p1: XMarcosPr710|move: Light Screen\n|-damage|p1b: Grimmsnarl|36\/100\n|move|p1a: Moltres|Air Slash|p2b: Strength\n|-supereffective|p2b: Strength\n|-damage|p2b: Strength|0 fnt\n|faint|p2b: Strength\n|\n|-sideend|p1: XMarcosPr710|move: Tailwind\n|upkeep\n|\n|t:|1695489633\n|switch|p2b: Ra|Volcarona, M, shiny|32\/100 slp\n|turn|9\n|c| Aluh_opa|Duerman a moltres\n|c| El_Gran_Wigglytuff|Marcos le sabe a dar asco\n|\n|t:|1695489652\n|move|p2a: New One|Bullet Punch|p1b: Grimmsnarl\n|-supereffective|p1b: Grimmsnarl\n|-damage|p1b: Grimmsnarl|0 fnt\n|faint|p1b: Grimmsnarl\n|cant|p2b: Ra|slp\n|move|p1a: Moltres|Fiery Wrath|p2a: New One|[spread] p2a,p2b\n|-damage|p2a: New One|49\/100\n|-damage|p2b: Ra|4\/100 slp\n|\n|upkeep\n|l| Aluh_opa\n|\n|t:|1695489667\n|switch|p1b: Chien-Pao|Chien-Pao|100\/100\n|-damage|p1b: Chien-Pao|76\/100|[from] Spikes\n|-ability|p1b: Chien-Pao|Sword of Ruin\n|turn|10\n|\n|t:|1695489681\n|-terastallize|p1b: Chien-Pao|Grass\n|move|p1b: Chien-Pao|Tera Blast|p2b: Ra|[anim] Tera Blast Grass\n|-resisted|p2b: Ra\n|-damage|p2b: Ra|0 fnt\n|faint|p2b: Ra\n|move|p1a: Moltres|Air Slash|p2a: New One\n|-damage|p2a: New One|20\/100\n|cant|p2a: New One|flinch\n|\n|upkeep\n|turn|11\n|j| Aluh_opa\n|\n|t:|1695489694\n|move|p2a: New One|Bullet Punch|p1a: Moltres\n|-damage|p1a: Moltres|20\/100\n|-ability|p1a: Moltres|Berserk|boost\n|-boost|p1a: Moltres|spa|1\n|-enditem|p1a: Moltres|Sitrus Berry|[eat]\n|-heal|p1a: Moltres|45\/100|[from] item: Sitrus Berry\n|move|p1b: Chien-Pao|Icicle Crash|p2a: New One\n|-resisted|p2a: New One\n|-damage|p2a: New One|0 fnt\n|faint|p2a: New One\n|\n|win|XMarcosPr710\n|c|\u2606Leviatan4|gg\n|c|\u2606XMarcosPr710|Gg\n|c|\u2606Leviatan4|Troste\n|l|\u2606Leviatan4\n|l| Aluh_opa\n|l| El_Gran_Wigglytuff\n","uploadtime":1695489901,"views":18,"p1id":"xmarcospr710","p2id":"leviatan4","formatid":"gen9nationaldexdoubles","rating":0,"private":0,"password":""}