{"id":"gen9nationaldexdoubles-1979169938","p1":"Exxcute","p2":"Brick_Enjoyer_144","format":"[Gen 9] National Dex Doubles","log":"|j|\u2606Exxcute\n|j|\u2606Brick_Enjoyer_144\n|t:|1698643152\n|gametype|doubles\n|player|p1|Exxcute|bea-masters|1024\n|player|p2|Brick_Enjoyer_144|shauntal|1181\n|teamsize|p1|6\n|teamsize|p2|6\n|gen|9\n|tier|[Gen 9] National Dex Doubles\n|rated|\n|rule|HP Percentage Mod: HP is shown in percentages\n|rule|Endless Battle Clause: Forcing endless battles is banned\n|rule|OHKO Clause: OHKO moves are banned\n|rule|Evasion Moves Clause: Evasion moves are banned\n|rule|Evasion Abilities Clause: Evasion abilities are banned\n|rule|Species Clause: Limit one of each Pok\u00e9mon\n|rule|Gravity Sleep Clause: The combination of sleep-inducing moves with imperfect accuracy and Gravity or Gigantamax Orbeetle are banned\n|clearpoke\n|poke|p1|Ledian, F|\n|poke|p1|Alcremie, F|\n|poke|p1|Lickilicky, M|\n|poke|p1|Mr. Rime, M|\n|poke|p1|Machamp, F|\n|poke|p1|Dipplin, F|\n|poke|p2|Spiritomb, F|\n|poke|p2|Escavalier, F|\n|poke|p2|Pincurchin, M|\n|poke|p2|Hatterene, F|\n|poke|p2|Primarina, M|\n|poke|p2|Porygon2|\n|teampreview\n|inactive|Battle timer is ON: inactive players will automatically lose when time's up. (requested by Brick_Enjoyer_144)\n|c|\u2606Exxcute|glhf\n|\n|t:|1698643173\n|start\n|switch|p1a: rider|Ledian, F|100\/100\n|switch|p1b: Lickilicky|Lickilicky, M, shiny|100\/100\n|switch|p2a: Spiritomb|Spiritomb, F|100\/100\n|switch|p2b: Escavalier|Escavalier, F|100\/100\n|-ability|p2a: Spiritomb|Pressure\n|turn|1\n|\n|t:|1698643189\n|move|p1a: rider|Reflect|p1a: rider\n|-sidestart|p1: Exxcute|Reflect\n|move|p1b: Lickilicky|Curse|p1b: Lickilicky\n|-unboost|p1b: Lickilicky|spe|1\n|-boost|p1b: Lickilicky|atk|1\n|-boost|p1b: Lickilicky|def|1\n|move|p2b: Escavalier|Swords Dance|p2b: Escavalier\n|-boost|p2b: Escavalier|atk|2\n|move|p2a: Spiritomb|Trick Room|p2a: Spiritomb\n|-fieldstart|move: Trick Room|[of] p2a: Spiritomb\n|\n|upkeep\n|turn|2\n|inactive|Exxcute has 120 seconds left.\n|\n|t:|1698643228\n|switch|p1a: Machamp|Machamp, F|100\/100\n|move|p2b: Escavalier|Close Combat|p1b: Lickilicky\n|-supereffective|p1b: Lickilicky\n|-damage|p1b: Lickilicky|28\/100\n|-unboost|p2b: Escavalier|def|1\n|-unboost|p2b: Escavalier|spd|1\n|move|p1b: Lickilicky|Curse|p1b: Lickilicky\n|-unboost|p1b: Lickilicky|spe|1\n|-boost|p1b: Lickilicky|atk|1\n|-boost|p1b: Lickilicky|def|1\n|move|p2a: Spiritomb|Night Shade|p1a: Machamp\n|-damage|p1a: Machamp|74\/100\n|\n|upkeep\n|turn|3\n|inactive|Exxcute has 120 seconds left.\n|\n|t:|1698643267\n|move|p1a: Machamp|Protect|p1a: Machamp\n|-singleturn|p1a: Machamp|Protect\n|move|p2b: Escavalier|Close Combat|p1b: Lickilicky\n|-supereffective|p1b: Lickilicky\n|-damage|p1b: Lickilicky|0 fnt\n|-unboost|p2b: Escavalier|def|1\n|-unboost|p2b: Escavalier|spd|1\n|faint|p1b: Lickilicky\n|move|p2a: Spiritomb|Night Shade|p1a: Machamp\n|-activate|p1a: Machamp|move: Protect\n|\n|upkeep\n|\n|t:|1698643286\n|switch|p1b: Alcremie|Alcremie, F, shiny|100\/100\n|turn|4\n|\n|t:|1698643312\n|switch|p1b: rider|Ledian, F|100\/100\n|-terastallize|p1a: Machamp|Steel\n|move|p1a: Machamp|Bullet Punch|p2b: Escavalier\n|-resisted|p2b: Escavalier\n|-damage|p2b: Escavalier|79\/100\n|move|p2b: Escavalier|Iron Head|p1b: rider\n|-damage|p1b: rider|0 fnt\n|faint|p1b: rider\n|move|p2a: Spiritomb|Night Shade|p1a: Machamp\n|-damage|p1a: Machamp|48\/100\n|\n|upkeep\n|inactive|Exxcute has 90 seconds left.\n|\n|t:|1698643330\n|switch|p1b: Mr. Rime|Mr. Rime, M, shiny|100\/100\n|turn|5\n|\n|t:|1698643339\n|move|p1a: Machamp|Protect|p1a: Machamp\n|-singleturn|p1a: Machamp|Protect\n|move|p1b: Mr. Rime|Protect|p1b: Mr. Rime\n|-singleturn|p1b: Mr. Rime|Protect\n|move|p2b: Escavalier|Iron Head|p1b: Mr. Rime\n|-activate|p1b: Mr. Rime|move: Protect\n|move|p2a: Spiritomb|Night Shade|p1a: Machamp\n|-activate|p1a: Machamp|move: Protect\n|\n|-fieldend|move: Trick Room\n|upkeep\n|turn|6\n|inactive|Exxcute has 120 seconds left.\n|\n|t:|1698643365\n|move|p1b: Mr. Rime|Blizzard|p2b: Escavalier|[spread] \n|-miss|p1b: Mr. Rime|p2a: Spiritomb\n|-miss|p1b: Mr. Rime|p2b: Escavalier\n|move|p1a: Machamp|Cross Chop|p2b: Escavalier\n|-damage|p2b: Escavalier|0 fnt\n|faint|p2b: Escavalier\n|move|p2a: Spiritomb|Trick Room|p2a: Spiritomb\n|-fieldstart|move: Trick Room|[of] p2a: Spiritomb\n|\n|upkeep\n|\n|t:|1698643380\n|switch|p2b: Pincurchin|Pincurchin, M|100\/100\n|-fieldstart|move: Electric Terrain|[from] ability: Electric Surge|[of] p2b: Pincurchin\n|turn|7\n|\n|t:|1698643392\n|switch|p1a: Dipplin|Dipplin, F|100\/100\n|-ability|p1a: Dipplin|Supersweet Syrup\n|-ability|p1a: Dipplin|Supersweet Syrup|boost\n|-unboost|p2a: Spiritomb|evasion|1\n|-unboost|p2b: Pincurchin|evasion|1\n|move|p2b: Pincurchin|Zing Zap|p1b: Mr. Rime\n|-damage|p1b: Mr. Rime|57\/100\n|move|p2a: Spiritomb|Night Shade|p1a: Dipplin\n|-damage|p1a: Dipplin|73\/100\n|move|p1b: Mr. Rime|Blizzard|p2b: Pincurchin|[spread] p2a,p2b\n|-damage|p2a: Spiritomb|70\/100\n|-damage|p2b: Pincurchin|45\/100\n|\n|-heal|p2a: Spiritomb|76\/100|[from] item: Leftovers\n|upkeep\n|turn|8\n|\n|t:|1698643417\n|move|p2b: Pincurchin|Zing Zap|p1b: Mr. Rime\n|-damage|p1b: Mr. Rime|15\/100\n|move|p2a: Spiritomb|Night Shade|p1b: Mr. Rime\n|-damage|p1b: Mr. Rime|0 fnt\n|faint|p1b: Mr. Rime\n|move|p1a: Dipplin|Pollen Puff|p1: Mr. Rime|[notarget]\n|-fail|p1a: Dipplin\n|\n|-heal|p2a: Spiritomb|82\/100|[from] item: Leftovers\n|-sideend|p1: Exxcute|Reflect\n|upkeep\n|\n|t:|1698643429\n|switch|p1b: Machamp|Machamp, F, tera:Steel|48\/100\n|turn|9\n|\n|t:|1698643452\n|move|p1b: Machamp|Bullet Punch|p2a: Spiritomb\n|-damage|p2a: Spiritomb|59\/100\n|move|p2b: Pincurchin|Body Slam|p1a: Dipplin\n|-crit|p1a: Dipplin\n|-damage|p1a: Dipplin|49\/100\n|-status|p1a: Dipplin|par\n|move|p1a: Dipplin|Pollen Puff|p1b: Machamp\n|-heal|p1b: Machamp|98\/100\n|move|p2a: Spiritomb|Night Shade|p1b: Machamp\n|-damage|p1b: Machamp|72\/100\n|\n|-heal|p2a: Spiritomb|65\/100|[from] item: Leftovers\n|upkeep\n|turn|10\n|\n|t:|1698643478\n|move|p2b: Pincurchin|Zing Zap|p1b: Machamp\n|-damage|p1b: Machamp|22\/100\n|-enditem|p1b: Machamp|Kee Berry|[eat]\n|-boost|p1b: Machamp|def|1|[from] item: Kee Berry\n|move|p1a: Dipplin|Recover|p1a: Dipplin\n|-heal|p1a: Dipplin|99\/100 par\n|move|p2a: Spiritomb|Foul Play|p1b: Machamp\n|-damage|p1b: Machamp|0 fnt\n|faint|p1b: Machamp\n|\n|-heal|p2a: Spiritomb|72\/100|[from] item: Leftovers\n|-fieldend|move: Trick Room\n|upkeep\n|\n|t:|1698643491\n|switch|p1b: Alcremie|Alcremie, F, shiny|100\/100\n|turn|11\n|\n|t:|1698643515\n|move|p1b: Alcremie|Decorate|p1a: Dipplin\n|-boost|p1a: Dipplin|atk|2\n|-boost|p1a: Dipplin|spa|2\n|cant|p1a: Dipplin|par\n|move|p2b: Pincurchin|Zing Zap|p1b: Alcremie\n|-damage|p1b: Alcremie|41\/100\n|move|p2a: Spiritomb|Trick Room|p2a: Spiritomb\n|-fieldstart|move: Trick Room|[of] p2a: Spiritomb\n|\n|-heal|p2a: Spiritomb|78\/100|[from] item: Leftovers\n|upkeep\n|turn|12\n|\n|t:|1698643540\n|move|p2b: Pincurchin|Zing Zap|p1b: Alcremie\n|-damage|p1b: Alcremie|0 fnt\n|faint|p1b: Alcremie\n|cant|p1a: Dipplin|par\n|move|p2a: Spiritomb|Night Shade|p1a: Dipplin\n|-damage|p1a: Dipplin|71\/100 par\n|\n|-heal|p2a: Spiritomb|84\/100|[from] item: Leftovers\n|upkeep\n|turn|13\n|\n|t:|1698643560\n|move|p2b: Pincurchin|Body Slam|p1a: Dipplin\n|-damage|p1a: Dipplin|55\/100 par\n|cant|p1a: Dipplin|par\n|move|p2a: Spiritomb|Night Shade|p1a: Dipplin\n|-damage|p1a: Dipplin|27\/100 par\n|\n|-heal|p2a: Spiritomb|90\/100|[from] item: Leftovers\n|upkeep\n|turn|14\n|\n|t:|1698643573\n|move|p2b: Pincurchin|Body Slam|p1a: Dipplin\n|-damage|p1a: Dipplin|13\/100 par\n|move|p1a: Dipplin|Recover|p1a: Dipplin\n|-heal|p1a: Dipplin|63\/100 par\n|move|p2a: Spiritomb|Night Shade|p1a: Dipplin\n|-damage|p1a: Dipplin|35\/100 par\n|\n|-heal|p2a: Spiritomb|97\/100|[from] item: Leftovers\n|-fieldend|move: Electric Terrain\n|upkeep\n|turn|15\n|\n|t:|1698643588\n|move|p2b: Pincurchin|Body Slam|p1a: Dipplin\n|-damage|p1a: Dipplin|18\/100 par\n|cant|p1a: Dipplin|par\n|move|p2a: Spiritomb|Night Shade|p1a: Dipplin\n|-damage|p1a: Dipplin|0 fnt\n|faint|p1a: Dipplin\n|\n|win|Brick_Enjoyer_144\n|raw|Exxcute's rating: 1024 &rarr; <strong>1016<\/strong><br \/>(-8 for losing)\n|raw|Brick_Enjoyer_144's rating: 1181 &rarr; <strong>1195<\/strong><br \/>(+14 for winning)\n","uploadtime":1698643605,"views":12,"p1id":"exxcute","p2id":"brickenjoyer144","formatid":"gen9nationaldexdoubles","rating":1016,"private":0,"password":""}