{"id":"gen9nationaldexdoubles-1987137295","p1":"AdvancedDigit","p2":"ERBESTIONE","format":"[Gen 9] National Dex Doubles","log":"|j|\u2606AdvancedDigit\n|j|\u2606ERBESTIONE\n|t:|1699559146\n|gametype|doubles\n|player|p1|AdvancedDigit|101|1140\n|player|p2|ERBESTIONE|pokemaniac|1086\n|teamsize|p1|6\n|teamsize|p2|6\n|gen|9\n|tier|[Gen 9] National Dex Doubles\n|rated|\n|rule|HP Percentage Mod: HP is shown in percentages\n|rule|Endless Battle Clause: Forcing endless battles is banned\n|rule|OHKO Clause: OHKO moves are banned\n|rule|Evasion Moves Clause: Evasion moves are banned\n|rule|Evasion Abilities Clause: Evasion abilities are banned\n|rule|Species Clause: Limit one of each Pok\u00e9mon\n|rule|Gravity Sleep Clause: The combination of sleep-inducing moves with imperfect accuracy and Gravity or Gigantamax Orbeetle are banned\n|clearpoke\n|poke|p1|Jirachi|\n|poke|p1|Tauros, M|\n|poke|p1|Mr. Mime, M|\n|poke|p1|Togekiss, M|\n|poke|p1|Maushold-Four|\n|poke|p1|Amoonguss, F|\n|poke|p2|Rapidash, F|\n|poke|p2|Armarouge, F|\n|poke|p2|Tornadus, M|\n|poke|p2|Moltres-Galar|\n|poke|p2|Indeedee-F, F|\n|poke|p2|Clawitzer, M|\n|teampreview\n|inactive|Battle timer is ON: inactive players will automatically lose when time's up. (requested by ERBESTIONE)\n|\n|t:|1699559153\n|start\n|switch|p1a: Tauros|Tauros, M|100\/100\n|switch|p1b: Mr. Mime|Mr. Mime, M|100\/100\n|switch|p2a: Clawitzer|Clawitzer, M|100\/100\n|switch|p2b: Indeedee|Indeedee-F, F|100\/100\n|-fieldstart|move: Psychic Terrain|[from] ability: Psychic Surge|[of] p2b: Indeedee\n|turn|1\n|inactive|ERBESTIONE has 120 seconds left.\n|\n|t:|1699559209\n|switch|p2a: Tornadus|Tornadus, M|100\/100\n|-terastallize|p1a: Tauros|Normal\n|move|p1b: Mr. Mime|Follow Me|p1b: Mr. Mime\n|-singleturn|p1b: Mr. Mime|move: Follow Me\n|move|p1a: Tauros|Body Slam|p2a: Tornadus\n|-damage|p2a: Tornadus|0 fnt\n|faint|p2a: Tornadus\n|move|p2b: Indeedee|Mystical Fire|p1b: Mr. Mime\n|-damage|p1b: Mr. Mime|83\/100\n|-unboost|p1b: Mr. Mime|spa|1\n|\n|-heal|p1b: Mr. Mime|89\/100|[from] item: Leftovers\n|upkeep\n|inactive|ERBESTIONE has 90 seconds left.\n|\n|t:|1699559237\n|switch|p2a: Moltres|Moltres-Galar|100\/100\n|turn|2\n|inactive|ERBESTIONE has 90 seconds left.\n|\n|t:|1699559254\n|move|p1b: Mr. Mime|Follow Me|p1b: Mr. Mime\n|-singleturn|p1b: Mr. Mime|move: Follow Me\n|move|p1a: Tauros|Body Slam|p2a: Moltres\n|-damage|p2a: Moltres|0 fnt\n|faint|p2a: Moltres\n|move|p2b: Indeedee|Dazzling Gleam|p1a: Tauros|[spread] p1a,p1b\n|-crit|p1b: Mr. Mime\n|-damage|p1a: Tauros|79\/100\n|-damage|p1b: Mr. Mime|69\/100\n|\n|-heal|p1b: Mr. Mime|75\/100|[from] item: Leftovers\n|upkeep\n|\n|t:|1699559262\n|switch|p2a: Clawitzer|Clawitzer, M|100\/100\n|turn|3\n|\n|t:|1699559272\n|move|p1b: Mr. Mime|Follow Me|p1b: Mr. Mime\n|-singleturn|p1b: Mr. Mime|move: Follow Me\n|move|p2b: Indeedee|Follow Me|p2b: Indeedee\n|-singleturn|p2b: Indeedee|move: Follow Me\n|move|p1a: Tauros|Body Slam|p2b: Indeedee\n|-damage|p2b: Indeedee|11\/100\n|-damage|p1a: Tauros|63\/100|[from] item: Rocky Helmet|[of] p2b: Indeedee\n|move|p2a: Clawitzer|Terrain Pulse|p1b: Mr. Mime\n|-resisted|p1b: Mr. Mime\n|-damage|p1b: Mr. Mime|24\/100\n|\n|-heal|p1b: Mr. Mime|30\/100|[from] item: Leftovers\n|upkeep\n|turn|4\n|inactive|ERBESTIONE has 120 seconds left.\n|\n|t:|1699559293\n|move|p1b: Mr. Mime|Follow Me|p1b: Mr. Mime\n|-singleturn|p1b: Mr. Mime|move: Follow Me\n|move|p1a: Tauros|Rock Slide|p2a: Clawitzer|[spread] p2a\n|-miss|p1a: Tauros|p2b: Indeedee\n|-damage|p2a: Clawitzer|61\/100\n|move|p2a: Clawitzer|Terrain Pulse|p1b: Mr. Mime\n|-resisted|p1b: Mr. Mime\n|-damage|p1b: Mr. Mime|0 fnt\n|faint|p1b: Mr. Mime\n|move|p2b: Indeedee|Dazzling Gleam|p1a: Tauros\n|-damage|p1a: Tauros|35\/100\n|\n|upkeep\n|\n|t:|1699559304\n|switch|p1b: Jirachi|Jirachi|100\/100\n|turn|5\n|\n|t:|1699559313\n|move|p1b: Jirachi|Iron Head|p2b: Indeedee\n|-damage|p2b: Indeedee|0 fnt\n|-damage|p1b: Jirachi|84\/100|[from] item: Rocky Helmet|[of] p2b: Indeedee\n|faint|p2b: Indeedee\n|move|p1a: Tauros|Body Slam|p2a: Clawitzer\n|-damage|p2a: Clawitzer|0 fnt\n|faint|p2a: Clawitzer\n|\n|-heal|p1b: Jirachi|90\/100|[from] item: Leftovers\n|-fieldend|move: Psychic Terrain\n|upkeep\n|\n|t:|1699559319\n|switch|p2a: Rapidash|Rapidash, F, shiny|100\/100\n|switch|p2b: Armarouge|Armarouge, F|100\/100\n|turn|6\n|\n|t:|1699559335\n|move|p1b: Jirachi|Skill Swap|p1a: Tauros\n|-activate|p1b: Jirachi|move: Skill Swap|||[of] p1a: Tauros\n|move|p1a: Tauros|Rock Slide|p2b: Armarouge|[spread] p2b\n|-miss|p1a: Tauros|p2a: Rapidash\n|-supereffective|p2b: Armarouge\n|-damage|p2b: Armarouge|60\/100\n|-ability|p2b: Armarouge|Weak Armor|boost\n|-unboost|p2b: Armarouge|def|1\n|-boost|p2b: Armarouge|spe|2\n|-damage|p1a: Tauros|25\/100|[from] item: Life Orb\n|cant|p2b: Armarouge|flinch\n|move|p2a: Rapidash|Flame Charge|p1b: Jirachi\n|-supereffective|p1b: Jirachi\n|-damage|p1b: Jirachi|30\/100\n|-boost|p2a: Rapidash|spe|1\n|\n|-heal|p1b: Jirachi|36\/100|[from] item: Leftovers\n|upkeep\n|turn|7\n|\n|t:|1699559361\n|move|p1b: Jirachi|Follow Me|p1b: Jirachi\n|-singleturn|p1b: Jirachi|move: Follow Me\n|move|p2a: Rapidash|Flame Charge|p1b: Jirachi\n|-supereffective|p1b: Jirachi\n|-damage|p1b: Jirachi|0 fnt\n|-boost|p2a: Rapidash|spe|1\n|faint|p1b: Jirachi\n|move|p2b: Armarouge|Lava Plume|p1a: Tauros|[spread] p1a\n|-start|p2a: Rapidash|ability: Flash Fire\n|-damage|p1a: Tauros|0 fnt\n|faint|p1a: Tauros\n|\n|upkeep\n|inactive|AdvancedDigit has 120 seconds left.\n|\n|t:|1699559375\n|switch|p1b: Amoonguss|Amoonguss, F|100\/100\n|switch|p1a: Maushold|Maushold-Four|100\/100\n|turn|8\n|\n|t:|1699559391\n|-terastallize|p2a: Rapidash|Grass\n|move|p1b: Amoonguss|Rage Powder|p1b: Amoonguss\n|-singleturn|p1b: Amoonguss|move: Rage Powder\n|move|p2a: Rapidash|Flame Charge|p1a: Maushold\n|-damage|p1a: Maushold|42\/100\n|-boost|p2a: Rapidash|spe|1\n|move|p2b: Armarouge|Lava Plume|p1b: Amoonguss|[spread] p1a,p1b\n|-immune|p2a: Rapidash|[from] ability: Flash Fire\n|-supereffective|p1b: Amoonguss\n|-damage|p1a: Maushold|0 fnt\n|-damage|p1b: Amoonguss|52\/100\n|-status|p1b: Amoonguss|brn\n|faint|p1a: Maushold\n|\n|-heal|p1b: Amoonguss|58\/100 brn|[from] item: Leftovers\n|-damage|p1b: Amoonguss|52\/100 brn|[from] brn\n|upkeep\n|\n|t:|1699559405\n|switch|p1a: Togekiss|Togekiss, M|100\/100\n|turn|9\n|\n|t:|1699559419\n|move|p2a: Rapidash|Poison Jab|p1a: Togekiss\n|-supereffective|p1a: Togekiss\n|-damage|p1a: Togekiss|46\/100\n|move|p2b: Armarouge|Lava Plume|p1b: Amoonguss|[spread] p1a,p1b\n|-immune|p2a: Rapidash|[from] ability: Flash Fire\n|-supereffective|p1b: Amoonguss\n|-damage|p1a: Togekiss|12\/100\n|-damage|p1b: Amoonguss|0 fnt\n|faint|p1b: Amoonguss\n|move|p1a: Togekiss|Air Slash|p1: Amoonguss|[notarget]\n|-fail|p1a: Togekiss\n|\n|-heal|p1a: Togekiss|18\/100|[from] item: Leftovers\n|upkeep\n|turn|10\n|\n|t:|1699559436\n|move|p2a: Rapidash|Flame Charge|p1a: Togekiss\n|-damage|p1a: Togekiss|0 fnt\n|-boost|p2a: Rapidash|spe|1\n|faint|p1a: Togekiss\n|\n|win|ERBESTIONE\n|raw|AdvancedDigit's rating: 1140 &rarr; <strong>1111<\/strong><br \/>(-29 for losing)\n|raw|ERBESTIONE's rating: 1086 &rarr; <strong>1117<\/strong><br \/>(+31 for winning)\n","uploadtime":1699559440,"views":15,"p1id":"advanceddigit","p2id":"erbestione","formatid":"gen9nationaldexdoubles","rating":1111,"private":0,"password":""}