{"id":"gen9nationaldexdoubles-1964722271","p1":"purrglar","p2":"OceanHazel","format":"[Gen 9] National Dex Doubles","log":"|j|\u2606purrglar\n|j|\u2606OceanHazel\n|t:|1696998451\n|gametype|doubles\n|player|p1|purrglar|petrel|1349\n|player|p2|OceanHazel|barry|1235\n|teamsize|p1|6\n|teamsize|p2|6\n|gen|9\n|tier|[Gen 9] National Dex Doubles\n|rated|\n|rule|HP Percentage Mod: HP is shown in percentages\n|rule|Endless Battle Clause: Forcing endless battles is banned\n|rule|OHKO Clause: OHKO moves are banned\n|rule|Evasion Moves Clause: Evasion moves are banned\n|rule|Evasion Abilities Clause: Evasion abilities are banned\n|rule|Species Clause: Limit one of each Pok\u00e9mon\n|rule|Gravity Sleep Clause: The combination of sleep-inducing moves with imperfect accuracy and Gravity or Gigantamax Orbeetle are banned\n|clearpoke\n|poke|p1|Armarouge, M|\n|poke|p1|Amoonguss, M|\n|poke|p1|Bronzong|\n|poke|p1|Torkoal, L99, F|\n|poke|p1|Iron Hands|\n|poke|p1|Indeedee-F, F|\n|poke|p2|Hatterene, F|\n|poke|p2|Ting-Lu|\n|poke|p2|Slowking-Galar, M|\n|poke|p2|Torkoal, F|\n|poke|p2|Rabsca, M|\n|poke|p2|Iron Hands|\n|teampreview\n|inactive|Battle timer is ON: inactive players will automatically lose when time's up. (requested by purrglar)\n|c|\u2606purrglar|cool team, glhf\n|c|\u2606OceanHazel|u have a cool team too!! gl hf <3\n|\n|t:|1696998480\n|start\n|switch|p1a: agree|Indeedee-F, F, shiny|100\/100\n|switch|p1b: ding dong|Bronzong, shiny|100\/100\n|switch|p2a: Miss Frizzle|Hatterene, F|100\/100\n|switch|p2b: Magic School Bus|Ting-Lu|100\/100\n|-fieldstart|move: Psychic Terrain|[from] ability: Psychic Surge|[of] p1a: agree\n|-enditem|p1a: agree|Psychic Seed\n|-boost|p1a: agree|spd|1|[from] item: Psychic Seed\n|-ability|p2b: Magic School Bus|Vessel of Ruin\n|turn|1\n|\n|t:|1696998508\n|move|p2a: Miss Frizzle|Protect|p2a: Miss Frizzle\n|-singleturn|p2a: Miss Frizzle|Protect\n|move|p1a: agree|Follow Me|p1a: agree\n|-singleturn|p1a: agree|move: Follow Me\n|move|p2b: Magic School Bus|Earthquake|p1b: ding dong|[spread] p1a,p1b\n|-activate|p2a: Miss Frizzle|move: Protect\n|-supereffective|p1b: ding dong\n|-damage|p1a: agree|66\/100\n|-damage|p1b: ding dong|38\/100\n|-zpower|p1b: ding dong\n|move|p1b: ding dong|Z-Trick Room|p1b: ding dong|[anim]Trick Room\n|-boost|p1b: ding dong|accuracy|1|[zeffect]\n|-fieldstart|move: Trick Room|[of] p1b: ding dong\n|\n|upkeep\n|turn|2\n|inactive|purrglar has 120 seconds left.\n|inactive|OceanHazel has 120 seconds left.\n|\n|t:|1696998552\n|switch|p2a: Sleepyhead|Torkoal, F|100\/100\n|-weather|SunnyDay|[from] ability: Drought|[of] p2a: Sleepyhead\n|switch|p1a: heat|Torkoal, L99, F|100\/100\n|move|p1b: ding dong|Hypnosis|p2b: Magic School Bus\n|-status|p2b: Magic School Bus|slp|[from] move: Hypnosis\n|cant|p2b: Magic School Bus|slp\n|\n|-weather|SunnyDay|[upkeep]\n|upkeep\n|turn|3\n|c|\u2606purrglar|turtle gang\n|inactive|OceanHazel has 120 seconds left.\n|\n|t:|1696998578\n|move|p1b: ding dong|Protect|p1b: ding dong\n|-singleturn|p1b: ding dong|Protect\n|move|p1a: heat|Eruption|p2a: Sleepyhead|[spread] p2a,p2b\n|-resisted|p2a: Sleepyhead\n|-damage|p2a: Sleepyhead|51\/100\n|-damage|p2b: Magic School Bus|35\/100 slp\n|cant|p2b: Magic School Bus|slp\n|move|p2a: Sleepyhead|Eruption|p1b: ding dong|[spread] p1a\n|-activate|p1b: ding dong|move: Protect\n|-resisted|p1a: heat\n|-damage|p1a: heat|80\/100\n|\n|-weather|SunnyDay|[upkeep]\n|upkeep\n|turn|4\n|inactive|OceanHazel has 120 seconds left.\n|inactive|purrglar has 120 seconds left.\n|inactive|OceanHazel has 90 seconds left.\n|\n|t:|1696998639\n|switch|p2b: Prof. Poison|Slowking-Galar, M|100\/100\n|move|p1b: ding dong|Protect||[still]\n|-fail|p1b: ding dong\n|move|p1a: heat|Eruption|p2a: Sleepyhead|[spread] p2a,p2b\n|-resisted|p2a: Sleepyhead\n|-crit|p2b: Prof. Poison\n|-damage|p2a: Sleepyhead|0 fnt\n|-damage|p2b: Prof. Poison|25\/100\n|faint|p2a: Sleepyhead\n|\n|-weather|SunnyDay|[upkeep]\n|-heal|p2b: Prof. Poison|31\/100|[from] item: Black Sludge\n|upkeep\n|\n|t:|1696998653\n|switch|p2a: BONESAW'S READY|Iron Hands|100\/100\n|-enditem|p2a: BONESAW'S READY|Booster Energy\n|-activate|p2a: BONESAW'S READY|ability: Quark Drive|[fromitem]\n|-start|p2a: BONESAW'S READY|quarkdriveatk\n|turn|5\n|inactive|OceanHazel has 90 seconds left.\n|\n|t:|1696998682\n|move|p2a: BONESAW'S READY|Fake Out|p1a: heat\n|-activate|p1a: heat|move: Psychic Terrain\n|move|p1a: heat|Eruption|p2a: BONESAW'S READY|[spread] p2a,p2b\n|-damage|p2a: BONESAW'S READY|21\/100\n|-damage|p2b: Prof. Poison|0 fnt\n|faint|p2b: Prof. Poison\n|move|p1b: ding dong|Hypnosis|p2a: BONESAW'S READY|[miss]\n|-miss|p1b: ding dong|p2a: BONESAW'S READY\n|\n|-weather|SunnyDay|[upkeep]\n|-fieldend|move: Trick Room\n|-fieldend|move: Psychic Terrain\n|upkeep\n|inactive|OceanHazel has 60 seconds left.\n|\n|t:|1696998703\n|switch|p2b: Miss Frizzle|Hatterene, F|100\/100\n|turn|6\n|\n|t:|1696998718\n|switch|p1a: edible|Amoonguss, M, shiny|100\/100\n|move|p2b: Miss Frizzle|Protect|p2b: Miss Frizzle\n|-singleturn|p2b: Miss Frizzle|Protect\n|move|p2a: BONESAW'S READY|Drain Punch|p1a: edible\n|-resisted|p1a: edible\n|-damage|p1a: edible|72\/100\n|-heal|p2a: BONESAW'S READY|33\/100|[from] drain|[of] p1a: edible\n|-enditem|p1a: edible|Eject Button\n|\n|t:|1696998728\n|switch|p1a: heat|Torkoal, L99, F|80\/100\n|move|p1b: ding dong|Trick Room|p1b: ding dong\n|-fieldstart|move: Trick Room|[of] p1b: ding dong\n|\n|-weather|SunnyDay|[upkeep]\n|upkeep\n|turn|7\n|inactive|OceanHazel has 90 seconds left.\n|inactive|OceanHazel has 60 seconds left.\n|\n|t:|1696998771\n|-terastallize|p2b: Miss Frizzle|Ground\n|move|p1a: heat|Heat Wave|p2b: Miss Frizzle|[spread] p2a,p2b\n|-damage|p2a: BONESAW'S READY|0 fnt\n|-damage|p2b: Miss Frizzle|50\/100\n|faint|p2a: BONESAW'S READY\n|-end|p2a: BONESAW'S READY|Quark Drive|[silent]\n|move|p1b: ding dong|Gyro Ball|p2b: Miss Frizzle\n|-damage|p2b: Miss Frizzle|38\/100\n|move|p2b: Miss Frizzle|Draining Kiss|p1b: ding dong\n|-resisted|p1b: ding dong\n|-damage|p1b: ding dong|31\/100\n|-heal|p2b: Miss Frizzle|44\/100|[from] drain|[of] p1b: ding dong\n|\n|-weather|SunnyDay|[upkeep]\n|-heal|p2b: Miss Frizzle|50\/100|[from] item: Leftovers\n|upkeep\n|inactive|OceanHazel has 60 seconds left.\n|\n|t:|1696998787\n|switch|p2a: Magic School Bus|Ting-Lu|35\/100 slp\n|-ability|p2a: Magic School Bus|Vessel of Ruin\n|turn|8\n|\n|t:|1696998796\n|move|p2b: Miss Frizzle|Protect|p2b: Miss Frizzle\n|-singleturn|p2b: Miss Frizzle|Protect\n|move|p1a: heat|Heat Wave|p2a: Magic School Bus|[spread] p2a\n|-activate|p2b: Miss Frizzle|move: Protect\n|-damage|p2a: Magic School Bus|0 fnt\n|faint|p2a: Magic School Bus\n|move|p1b: ding dong|Gyro Ball|p2b: Miss Frizzle\n|-activate|p2b: Miss Frizzle|move: Protect\n|\n|-weather|SunnyDay|[upkeep]\n|-heal|p2b: Miss Frizzle|56\/100|[from] item: Leftovers\n|upkeep\n|\n|t:|1696998806\n|switch|p2a: THE ORB.|Rabsca, M, shiny|100\/100\n|turn|9\n|\n|t:|1696998814\n|move|p1a: heat|Heat Wave|p2b: Miss Frizzle|[spread] p2a,p2b\n|-supereffective|p2a: THE ORB.\n|-damage|p2a: THE ORB.|13\/100\n|-damage|p2b: Miss Frizzle|6\/100\n|move|p1b: ding dong|Gyro Ball|p2a: THE ORB.\n|-damage|p2a: THE ORB.|0 fnt\n|faint|p2a: THE ORB.\n|move|p2b: Miss Frizzle|Draining Kiss|p1a: heat\n|-resisted|p1a: heat\n|-damage|p1a: heat|65\/100\n|-heal|p2b: Miss Frizzle|18\/100|[from] drain|[of] p1a: heat\n|\n|-weather|none\n|-heal|p2b: Miss Frizzle|24\/100|[from] item: Leftovers\n|upkeep\n|turn|10\n|\n|t:|1696998829\n|move|p1a: heat|Heat Wave|p2b: Miss Frizzle\n|-damage|p2b: Miss Frizzle|0 fnt\n|faint|p2b: Miss Frizzle\n|\n|win|purrglar\n|raw|purrglar's rating: 1349 &rarr; <strong>1363<\/strong><br \/>(+14 for winning)\n|raw|OceanHazel's rating: 1235 &rarr; <strong>1218<\/strong><br \/>(-17 for losing)\n|c|\u2606OceanHazel|gg !!\n|c|\u2606purrglar|gg\n","uploadtime":1696998839,"views":5,"p1id":"purrglar","p2id":"oceanhazel","formatid":"gen9nationaldexdoubles","rating":1218,"private":0,"password":""}