{"id":"gen9nationaldexdoubles-1957515505","p1":"hosinoai","p2":"ManitKhurana","format":"[Gen 9] National Dex Doubles","log":"|j|\u2606hosinoai\n|j|\u2606ManitKhurana\n|t:|1696232520\n|gametype|doubles\n|player|p1|hosinoai|lady|1000\n|player|p2|ManitKhurana|ash-unova|1000\n|teamsize|p1|6\n|teamsize|p2|6\n|gen|9\n|tier|[Gen 9] National Dex Doubles\n|rated|\n|rule|HP Percentage Mod: HP is shown in percentages\n|rule|Endless Battle Clause: Forcing endless battles is banned\n|rule|OHKO Clause: OHKO moves are banned\n|rule|Evasion Moves Clause: Evasion moves are banned\n|rule|Evasion Abilities Clause: Evasion abilities are banned\n|rule|Species Clause: Limit one of each Pok\u00e9mon\n|rule|Gravity Sleep Clause: The combination of sleep-inducing moves with imperfect accuracy and Gravity or Gigantamax Orbeetle are banned\n|clearpoke\n|poke|p1|Indeedee-F, F|\n|poke|p1|Deoxys-Attack|\n|poke|p1|Alakazam, F|\n|poke|p1|Flutter Mane|\n|poke|p1|Ogerpon-Hearthflame, F|\n|poke|p1|Chien-Pao|\n|poke|p2|Pikachu-Unova, M|\n|poke|p2|Pignite, M|\n|poke|p2|Boldore, M|\n|poke|p2|Krookodile, M|\n|poke|p2|Palpitoad, M|\n|poke|p2|Snivy, F|\n|teampreview\n|inactive|Battle timer is ON: inactive players will automatically lose when time's up. (requested by ManitKhurana)\n|c|\u2606hosinoai|ashs team\n|c|\u2606ManitKhurana|Ash ketchum is here\n|inactiveoff|Battle timer is now OFF.\n|inactive|Battle timer is ON: inactive players will automatically lose when time's up. (requested by hosinoai)\n|\n|t:|1696232562\n|start\n|switch|p1a: Indeedee|Indeedee-F, F|100\/100\n|switch|p1b: Alakazam|Alakazam, F|100\/100\n|switch|p2a: Palpitoad|Palpitoad, M|100\/100\n|switch|p2b: Pignite|Pignite, M|100\/100\n|-fieldstart|move: Psychic Terrain|[from] ability: Psychic Surge|[of] p1a: Indeedee\n|turn|1\n|inactive|ManitKhurana has 120 seconds left.\n|\n|t:|1696232597\n|switch|p2b: Boldore|Boldore, M|100\/100\n|move|p1a: Indeedee|Follow Me|p1a: Indeedee\n|-singleturn|p1a: Indeedee|move: Follow Me\n|move|p1b: Alakazam|Nasty Plot|p1b: Alakazam\n|-boost|p1b: Alakazam|spa|2\n|move|p2a: Palpitoad|Mud Shot|p1a: Indeedee\n|-damage|p1a: Indeedee|85\/100\n|-unboost|p1a: Indeedee|spe|1\n|\n|-heal|p1a: Indeedee|91\/100|[from] item: Leftovers\n|upkeep\n|turn|2\n|inactive|ManitKhurana has 120 seconds left.\n|\n|t:|1696232624\n|detailschange|p1b: Alakazam|Alakazam-Mega, F\n|-mega|p1b: Alakazam|Alakazam|Alakazite\n|-ability|p1b: Alakazam|Sturdy|[from] ability: Trace|[of] p2b: Boldore\n|move|p1b: Alakazam|Expanding Force|p2a: Palpitoad|[spread] p2a,p2b\n|-damage|p2a: Palpitoad|0 fnt\n|-ability|p2b: Boldore|Sturdy\n|-damage|p2b: Boldore|1\/100\n|faint|p2a: Palpitoad\n|move|p1a: Indeedee|Reflect|p1a: Indeedee\n|-sidestart|p1: hosinoai|Reflect\n|move|p2b: Boldore|Rock Blast|p1b: Alakazam\n|-damage|p1b: Alakazam|86\/100\n|-damage|p1b: Alakazam|69\/100\n|-damage|p1b: Alakazam|55\/100\n|-damage|p1b: Alakazam|39\/100\n|-damage|p1b: Alakazam|24\/100\n|-hitcount|p1b: Alakazam|5\n|\n|-heal|p1a: Indeedee|97\/100|[from] item: Leftovers\n|upkeep\n|\n|t:|1696232652\n|switch|p2a: Pikachu|Pikachu-Unova, M|100\/100\n|turn|3\n|c|\u2606ManitKhurana|My partner lets go\n|\n|t:|1696232681\n|move|p1a: Indeedee|Follow Me|p1a: Indeedee\n|-singleturn|p1a: Indeedee|move: Follow Me\n|move|p2a: Pikachu|Quick Attack|p1a: Indeedee\n|-activate|p1a: Indeedee|move: Psychic Terrain\n|move|p1b: Alakazam|Expanding Force|p2a: Pikachu|[spread] p2a,p2b\n|-damage|p2a: Pikachu|0 fnt\n|-damage|p2b: Boldore|0 fnt\n|faint|p2a: Pikachu\n|faint|p2b: Boldore\n|\n|-heal|p1a: Indeedee|100\/100|[from] item: Leftovers\n|upkeep\n|inactive|ManitKhurana has 90 seconds left.\n|\n|t:|1696232693\n|switch|p2a: Snivy|Snivy, F|100\/100\n|switch|p2b: Krookodile|Krookodile, M|100\/100\n|-ability|p2b: Krookodile|Intimidate|boost\n|-unboost|p1a: Indeedee|atk|1\n|-unboost|p1b: Alakazam|atk|1\n|turn|4\n|\n|t:|1696232709\n|move|p1a: Indeedee|Follow Me|p1a: Indeedee\n|-singleturn|p1a: Indeedee|move: Follow Me\n|move|p1b: Alakazam|Dazzling Gleam|p2b: Krookodile|[spread] p2a,p2b\n|-supereffective|p2b: Krookodile\n|-damage|p2a: Snivy|0 fnt\n|-damage|p2b: Krookodile|0 fnt\n|faint|p2a: Snivy\n|faint|p2b: Krookodile\n|\n|upkeep\n|\n|t:|1696232717\n|switch|p2b: Pignite|Pignite, M|100\/100\n|turn|5\n|inactive|ManitKhurana has 120 seconds left.\n|\n|t:|1696232726\n|move|p1a: Indeedee|Follow Me|p1a: Indeedee\n|-singleturn|p1a: Indeedee|move: Follow Me\n|move|p1b: Alakazam|Expanding Force|p2b: Pignite\n|-supereffective|p2b: Pignite\n|-crit|p2b: Pignite\n|-damage|p2b: Pignite|0 fnt\n|faint|p2b: Pignite\n|\n|win|hosinoai\n|raw|hosinoai's rating: 1000 &rarr; <strong>1040<\/strong><br \/>(+40 for winning)\n|raw|ManitKhurana's rating: 1000 &rarr; <strong>1000<\/strong><br \/>(+0 for losing)\n","uploadtime":1696232734,"views":18,"p1id":"hosinoai","p2id":"manitkhurana","formatid":"gen9nationaldexdoubles","rating":1000,"private":0,"password":""}