{"id":"gen9nationaldexdoubles-1968527302","p1":"Junky Dummy","p2":"im timi","format":"[Gen 9] National Dex Doubles","log":"|j|\u2606Junky Dummy\n|j|\u2606im timi\n|t:|1697428695\n|gametype|doubles\n|player|p1|Junky Dummy|2|1380\n|player|p2|im timi|dragontamer|1296\n|teamsize|p1|6\n|teamsize|p2|6\n|gen|9\n|tier|[Gen 9] National Dex Doubles\n|rated|\n|rule|HP Percentage Mod: HP is shown in percentages\n|rule|Endless Battle Clause: Forcing endless battles is banned\n|rule|OHKO Clause: OHKO moves are banned\n|rule|Evasion Moves Clause: Evasion moves are banned\n|rule|Evasion Abilities Clause: Evasion abilities are banned\n|rule|Species Clause: Limit one of each Pok\u00e9mon\n|rule|Gravity Sleep Clause: The combination of sleep-inducing moves with imperfect accuracy and Gravity or Gigantamax Orbeetle are banned\n|clearpoke\n|poke|p1|Charizard, M|\n|poke|p1|Chi-Yu|\n|poke|p1|Flutter Mane|\n|poke|p1|Whimsicott, F|\n|poke|p1|Kingambit, F|\n|poke|p1|Landorus-Therian, M|\n|poke|p2|Charizard, M|\n|poke|p2|Sylveon, F|\n|poke|p2|Togekiss, F|\n|poke|p2|Gholdengo|\n|poke|p2|Great Tusk|\n|poke|p2|Hydreigon, M|\n|teampreview\n|inactive|Battle timer is ON: inactive players will automatically lose when time's up. (requested by Junky Dummy)\n|\n|t:|1697428714\n|start\n|switch|p1a: Charizard|Charizard, M, shiny|100\/100\n|switch|p1b: Chi-Yu|Chi-Yu|100\/100\n|switch|p2a: Togekiss|Togekiss, F|100\/100\n|switch|p2b: Hydreigon|Hydreigon, M|100\/100\n|-ability|p1b: Chi-Yu|Beads of Ruin\n|turn|1\n|inactive|Junky Dummy has 120 seconds left.\n|\n|t:|1697428751\n|detailschange|p1a: Charizard|Charizard-Mega-Y, M, shiny\n|-mega|p1a: Charizard|Charizard|Charizardite Y\n|-weather|SunnyDay|[from] ability: Drought|[of] p1a: Charizard\n|move|p2a: Togekiss|Helping Hand|p2b: Hydreigon\n|-singleturn|p2b: Hydreigon|Helping Hand|[of] p2a: Togekiss\n|move|p1b: Chi-Yu|Protect|p1b: Chi-Yu\n|-singleturn|p1b: Chi-Yu|Protect\n|move|p1a: Charizard|Protect|p1a: Charizard\n|-singleturn|p1a: Charizard|Protect\n|move|p2b: Hydreigon|Draco Meteor|p1b: Chi-Yu\n|-activate|p1b: Chi-Yu|move: Protect\n|\n|-weather|SunnyDay|[upkeep]\n|upkeep\n|turn|2\n|inactive|Junky Dummy has 120 seconds left.\n|\n|t:|1697428784\n|switch|p1b: Flutter Mane|Flutter Mane|100\/100\n|-activate|p1b: Flutter Mane|ability: Protosynthesis\n|-start|p1b: Flutter Mane|protosynthesisspe\n|switch|p1a: Whimsicott|Whimsicott, F, shiny|100\/100\n|move|p2a: Togekiss|Follow Me|p2a: Togekiss\n|-singleturn|p2a: Togekiss|move: Follow Me\n|move|p2b: Hydreigon|Nasty Plot|p2b: Hydreigon\n|-boost|p2b: Hydreigon|spa|2\n|\n|-weather|SunnyDay|[upkeep]\n|upkeep\n|turn|3\n|inactive|Junky Dummy has 120 seconds left.\n|inactive|im timi has 120 seconds left.\n|\n|t:|1697428830\n|-terastallize|p2b: Hydreigon|Steel\n|move|p2a: Togekiss|Helping Hand|p2b: Hydreigon\n|-singleturn|p2b: Hydreigon|Helping Hand|[of] p2a: Togekiss\n|move|p1a: Whimsicott|Encore|p2b: Hydreigon\n|-start|p2b: Hydreigon|Encore\n|move|p1b: Flutter Mane|Icy Wind|p2a: Togekiss|[spread] p2a,p2b\n|-supereffective|p2a: Togekiss\n|-resisted|p2b: Hydreigon\n|-damage|p2a: Togekiss|61\/100\n|-damage|p2b: Hydreigon|90\/100\n|-unboost|p2a: Togekiss|spe|1\n|-unboost|p2b: Hydreigon|spe|1\n|move|p2b: Hydreigon|Nasty Plot|p2b: Hydreigon\n|-boost|p2b: Hydreigon|spa|2\n|\n|-weather|SunnyDay|[upkeep]\n|-heal|p2b: Hydreigon|96\/100|[from] item: Leftovers\n|upkeep\n|turn|4\n|inactive|im timi has 120 seconds left.\n|\n|t:|1697428852\n|switch|p1a: Chi-Yu|Chi-Yu|100\/100\n|-ability|p1a: Chi-Yu|Beads of Ruin\n|move|p1b: Flutter Mane|Icy Wind|p2a: Togekiss|[spread] p2a,p2b\n|-supereffective|p2a: Togekiss\n|-resisted|p2b: Hydreigon\n|-damage|p2a: Togekiss|10\/100\n|-damage|p2b: Hydreigon|79\/100\n|-unboost|p2a: Togekiss|spe|1\n|-unboost|p2b: Hydreigon|spe|1\n|-enditem|p2a: Togekiss|Sitrus Berry|[eat]\n|-heal|p2a: Togekiss|35\/100|[from] item: Sitrus Berry\n|move|p2b: Hydreigon|Nasty Plot|p2b: Hydreigon\n|-boost|p2b: Hydreigon|spa|2\n|move|p2a: Togekiss|Tailwind|p2a: Togekiss\n|-sidestart|p2: im timi|move: Tailwind\n|\n|-weather|SunnyDay|[upkeep]\n|-heal|p2b: Hydreigon|85\/100|[from] item: Leftovers\n|upkeep\n|turn|5\n|inactive|Junky Dummy has 120 seconds left.\n|\n|t:|1697428872\n|switch|p2b: Great Tusk|Great Tusk|100\/100\n|-activate|p2b: Great Tusk|ability: Protosynthesis\n|-start|p2b: Great Tusk|protosynthesisatk\n|move|p1b: Flutter Mane|Icy Wind|p2b: Great Tusk|[spread] p2a,p2b\n|-supereffective|p2a: Togekiss\n|-supereffective|p2b: Great Tusk\n|-damage|p2a: Togekiss|0 fnt\n|-damage|p2b: Great Tusk|16\/100\n|-unboost|p2b: Great Tusk|spe|1\n|faint|p2a: Togekiss\n|move|p1a: Chi-Yu|Heat Wave|p2b: Great Tusk\n|-damage|p2b: Great Tusk|0 fnt\n|faint|p2b: Great Tusk\n|-end|p2b: Great Tusk|Protosynthesis|[silent]\n|\n|-weather|none\n|-end|p1b: Flutter Mane|Protosynthesis\n|upkeep\n|inactive|im timi has 120 seconds left.\n|\n|t:|1697428885\n|switch|p2b: Charizard|Charizard, M, shiny|100\/100\n|switch|p2a: Sylveon|Sylveon, F|100\/100\n|turn|6\n|inactive|Junky Dummy has 120 seconds left.\n|\n|t:|1697428928\n|-end|p1b: Flutter Mane|Protosynthesis|[silent]\n|switch|p1b: Landorus|Landorus-Therian, M, shiny|100\/100\n|-ability|p1b: Landorus|Intimidate|boost\n|-unboost|p2a: Sylveon|atk|1\n|-unboost|p2b: Charizard|atk|1\n|detailschange|p2b: Charizard|Charizard-Mega-Y, M, shiny\n|-mega|p2b: Charizard|Charizard|Charizardite Y\n|-weather|SunnyDay|[from] ability: Drought|[of] p2b: Charizard\n|move|p2b: Charizard|Heat Wave|p1a: Chi-Yu|[spread] p1a,p1b\n|-resisted|p1a: Chi-Yu\n|-damage|p1a: Chi-Yu|64\/100\n|-damage|p1b: Landorus|13\/100\n|move|p1a: Chi-Yu|Overheat|p2a: Sylveon\n|-damage|p2a: Sylveon|5\/100\n|-unboost|p1a: Chi-Yu|spa|2\n|move|p2a: Sylveon|Hyper Voice|p1a: Chi-Yu|[spread] p1a,p1b\n|-damage|p1a: Chi-Yu|19\/100\n|-damage|p1b: Landorus|0 fnt\n|faint|p1b: Landorus\n|-enditem|p2a: Sylveon|Throat Spray\n|-boost|p2a: Sylveon|spa|1|[from] item: Throat Spray\n|\n|-weather|SunnyDay|[upkeep]\n|upkeep\n|inactive|Junky Dummy has 90 seconds left.\n|inactive|Junky Dummy has 60 seconds left.\n|\n|t:|1697428976\n|switch|p1b: Charizard|Charizard-Mega-Y, M, shiny|100\/100\n|turn|7\n|\n|t:|1697428984\n|move|p1a: Chi-Yu|Protect|p1a: Chi-Yu\n|-singleturn|p1a: Chi-Yu|Protect\n|move|p2a: Sylveon|Detect|p2a: Sylveon\n|-singleturn|p2a: Sylveon|Protect\n|move|p2b: Charizard|Heat Wave|p1a: Chi-Yu|[spread] p1b\n|-activate|p1a: Chi-Yu|move: Protect\n|-resisted|p1b: Charizard\n|-damage|p1b: Charizard|61\/100\n|move|p1b: Charizard|Heat Wave|p2a: Sylveon|[spread] p2b\n|-activate|p2a: Sylveon|move: Protect\n|-resisted|p2b: Charizard\n|-damage|p2b: Charizard|62\/100\n|\n|-weather|SunnyDay|[upkeep]\n|-sideend|p2: im timi|move: Tailwind\n|upkeep\n|turn|8\n|inactive|Junky Dummy has 90 seconds left.\n|inactive|Junky Dummy has 60 seconds left.\n|\n|t:|1697429029\n|move|p1b: Charizard|Protect|p1b: Charizard\n|-singleturn|p1b: Charizard|Protect\n|move|p2a: Sylveon|Detect||[still]\n|-fail|p2a: Sylveon\n|move|p1a: Chi-Yu|Dark Pulse|p2b: Charizard\n|-damage|p2b: Charizard|29\/100\n|move|p2b: Charizard|Heat Wave|p1b: Charizard|[spread] p1a\n|-activate|p1b: Charizard|move: Protect\n|-resisted|p1a: Chi-Yu\n|-damage|p1a: Chi-Yu|0 fnt\n|faint|p1a: Chi-Yu\n|\n|-weather|SunnyDay|[upkeep]\n|upkeep\n|inactive|Junky Dummy has 60 seconds left.\n|\n|t:|1697429049\n|switch|p1a: Whimsicott|Whimsicott, F, shiny|100\/100\n|turn|9\n|\n|t:|1697429056\n|move|p1a: Whimsicott|Tailwind|p1a: Whimsicott\n|-sidestart|p1: Junky Dummy|move: Tailwind\n|move|p1b: Charizard|Heat Wave|p2b: Charizard|[spread] p2a,p2b\n|-resisted|p2b: Charizard\n|-damage|p2a: Sylveon|0 fnt\n|-damage|p2b: Charizard|0 fnt\n|faint|p2a: Sylveon\n|faint|p2b: Charizard\n|\n|-weather|SunnyDay|[upkeep]\n|upkeep\n|\n|t:|1697429062\n|switch|p2b: Gholdengo|Gholdengo|100\/100\n|switch|p2a: Hydreigon|Hydreigon, M, tera:Steel|85\/100\n|-item|p2b: Gholdengo|Air Balloon\n|turn|10\n|\n|t:|1697429071\n|move|p1a: Whimsicott|Helping Hand|p1b: Charizard\n|-singleturn|p1b: Charizard|Helping Hand|[of] p1a: Whimsicott\n|move|p1b: Charizard|Heat Wave|p2b: Gholdengo|[spread] p2a,p2b\n|-supereffective|p2a: Hydreigon\n|-supereffective|p2b: Gholdengo\n|-damage|p2a: Hydreigon|0 fnt\n|-damage|p2b: Gholdengo|0 fnt\n|-enditem|p2b: Gholdengo|Air Balloon\n|faint|p2a: Hydreigon\n|faint|p2b: Gholdengo\n|\n|win|Junky Dummy\n|raw|Junky Dummy's rating: 1380 &rarr; <strong>1395<\/strong><br \/>(+15 for winning)\n|raw|im timi's rating: 1296 &rarr; <strong>1277<\/strong><br \/>(-19 for losing)\n|l|\u2606im timi\n","uploadtime":1697429082,"views":12,"p1id":"junkydummy","p2id":"imtimi","formatid":"gen9nationaldexdoubles","rating":1277,"private":0,"password":""}