{"id":"gen9nationaldexdoubles-1999798707","p1":"Test Botz","p2":"orange overhaul","format":"[Gen 9] National Dex Doubles","log":"|j|\u2606Test Botz\n|j|\u2606orange overhaul\n|t:|1701117713\n|gametype|doubles\n|player|p1|Test Botz|irida|\n|player|p2|orange overhaul|harlequin|\n|teamsize|p1|6\n|teamsize|p2|6\n|gen|9\n|tier|[Gen 9] National Dex Doubles\n|rated|Tournament battle\n|rule|HP Percentage Mod: HP is shown in percentages\n|rule|Endless Battle Clause: Forcing endless battles is banned\n|rule|OHKO Clause: OHKO moves are banned\n|rule|Evasion Moves Clause: Evasion moves are banned\n|rule|Evasion Abilities Clause: Evasion abilities are banned\n|rule|Species Clause: Limit one of each Pok\u00e9mon\n|rule|Gravity Sleep Clause: The combination of sleep-inducing moves with imperfect accuracy and Gravity or Gigantamax Orbeetle are banned\n|clearpoke\n|poke|p1|Metagross|\n|poke|p1|Flutter Mane|\n|poke|p1|Arcanine-Hisui, F|\n|poke|p1|Rillaboom, F|\n|poke|p1|Urshifu-*, M|\n|poke|p1|Tornadus, M|\n|poke|p2|Flutter Mane|\n|poke|p2|Zamazenta-*|\n|poke|p2|Rillaboom, F|\n|poke|p2|Heatran, M|\n|poke|p2|Tornadus, M|\n|poke|p2|Zygarde|\n|teampreview\n|inactive|Battle timer is ON: inactive players will automatically lose when time's up. (requested by orange overhaul)\n|c|\u2606orange overhaul|glhf\n|c|\u2606Test Botz|hf\n|c|\u2606Test Botz|legit team\n|inactive|Test Botz has 120 seconds left.\n|inactive|orange overhaul has 120 seconds left.\n|\n|t:|1701117768\n|start\n|switch|p1a: Rillaboom|Rillaboom, F|100\/100\n|switch|p1b: Tornadus|Tornadus, M|100\/100\n|switch|p2a: Zamazenta|Zamazenta, shiny|100\/100\n|switch|p2b: Zygarde|Zygarde|100\/100\n|-ability|p2a: Zamazenta|Dauntless Shield|boost\n|-boost|p2a: Zamazenta|def|1\n|-ability|p2b: Zygarde|Aura Break\n|-fieldstart|move: Grassy Terrain|[from] ability: Grassy Surge|[of] p1a: Rillaboom\n|turn|1\n|inactive|orange overhaul has 120 seconds left.\n|\n|t:|1701117801\n|move|p2b: Zygarde|Extreme Speed|p1a: Rillaboom\n|-damage|p1a: Rillaboom|76\/100\n|move|p2a: Zamazenta|Close Combat|p1a: Rillaboom\n|-damage|p1a: Rillaboom|0 fnt\n|-unboost|p2a: Zamazenta|def|1\n|-unboost|p2a: Zamazenta|spd|1\n|faint|p1a: Rillaboom\n|-zpower|p1b: Tornadus\n|move|p1b: Tornadus|Supersonic Skystrike|p2a: Zamazenta|[zeffect]\n|-supereffective|p2a: Zamazenta\n|-damage|p2a: Zamazenta|0 fnt\n|faint|p2a: Zamazenta\n|\n|upkeep\n|\n|t:|1701117825\n|switch|p2a: Tornadus|Tornadus, M, shiny|100\/100\n|switch|p1a: Flutter Mane|Flutter Mane|100\/100\n|-enditem|p1a: Flutter Mane|Booster Energy\n|-activate|p1a: Flutter Mane|ability: Protosynthesis|[fromitem]\n|-start|p1a: Flutter Mane|protosynthesisspa\n|turn|2\n|\n|t:|1701117839\n|switch|p1b: Inspired by QSNS|Arcanine-Hisui, F|100\/100\n|-ability|p1b: Inspired by QSNS|Intimidate|boost\n|-unboost|p2a: Tornadus|atk|1\n|-unboost|p2b: Zygarde|atk|1\n|-terastallize|p2b: Zygarde|Water\n|move|p2a: Tornadus|Tailwind|p2a: Tornadus\n|-sidestart|p2: orange overhaul|move: Tailwind\n|move|p2b: Zygarde|Thousand Arrows|p1a: Flutter Mane|[spread] p1a,p1b\n|-supereffective|p1b: Inspired by QSNS\n|-damage|p1a: Flutter Mane|64\/100\n|-damage|p1b: Inspired by QSNS|5\/100\n|move|p1a: Flutter Mane|Trick Room|p1a: Flutter Mane\n|-fieldstart|move: Trick Room|[of] p1a: Flutter Mane\n|\n|-heal|p1b: Inspired by QSNS|11\/100|[from] Grassy Terrain\n|-heal|p1a: Flutter Mane|70\/100|[from] Grassy Terrain\n|upkeep\n|turn|3\n|j| Old Sailor Jack\n|\n|t:|1701117861\n|-terastallize|p1b: Inspired by QSNS|Normal\n|move|p1b: Inspired by QSNS|Extreme Speed|p2b: Zygarde\n|-crit|p2b: Zygarde\n|-damage|p2b: Zygarde|35\/100\n|move|p1a: Flutter Mane|Dazzling Gleam|p2b: Zygarde|[spread] p2a,p2b\n|-damage|p2a: Tornadus|48\/100\n|-damage|p2b: Zygarde|1\/100\n|move|p2b: Zygarde|Thousand Arrows|p1a: Flutter Mane|[spread] p1a,p1b\n|-damage|p1a: Flutter Mane|32\/100\n|-damage|p1b: Inspired by QSNS|0 fnt\n|faint|p1b: Inspired by QSNS\n|move|p2a: Tornadus|Bleakwind Storm|p1a: Flutter Mane\n|-damage|p1a: Flutter Mane|0 fnt\n|faint|p1a: Flutter Mane\n|-end|p1a: Flutter Mane|Protosynthesis|[silent]\n|\n|-heal|p2b: Zygarde|7\/100|[from] Grassy Terrain\n|-heal|p2b: Zygarde|14\/100|[from] item: Leftovers\n|upkeep\n|inactive|Test Botz has 120 seconds left.\n|\n|t:|1701117877\n|switch|p1b: Urshifu|Urshifu-Rapid-Strike, M|100\/100\n|switch|p1a: Tornadus|Tornadus, M|100\/100\n|turn|4\n|\n|t:|1701117894\n|move|p2a: Tornadus|Protect|p2a: Tornadus\n|-singleturn|p2a: Tornadus|Protect\n|move|p2b: Zygarde|Extreme Speed|p1a: Tornadus\n|-damage|p1a: Tornadus|74\/100\n|move|p1a: Tornadus|Bleakwind Storm|p2b: Zygarde|[spread] \n|-activate|p2a: Tornadus|move: Protect\n|-miss|p1a: Tornadus|p2b: Zygarde\n|move|p1b: Urshifu|Surging Strikes|p2a: Tornadus\n|-crit|p2a: Tornadus\n|-damage|p2a: Tornadus|17\/100\n|-crit|p2a: Tornadus\n|-damage|p2a: Tornadus|0 fnt\n|faint|p2a: Tornadus\n|-hitcount|p2: Tornadus|2\n|\n|-heal|p2b: Zygarde|20\/100|[from] Grassy Terrain\n|-heal|p2b: Zygarde|26\/100|[from] item: Leftovers\n|upkeep\n|\n|t:|1701117906\n|switch|p2a: Rillaboom|Rillaboom, F|100\/100\n|turn|5\n|c|\u2606Test Botz|luckiest zygarde\n|\n|t:|1701117921\n|switch|p1b: Metagross|Metagross|100\/100\n|move|p2b: Zygarde|Extreme Speed|p1a: Tornadus\n|-damage|p1a: Tornadus|50\/100\n|move|p2a: Rillaboom|Grassy Glide|p1b: Metagross\n|-resisted|p1b: Metagross\n|-damage|p1b: Metagross|81\/100\n|move|p1a: Tornadus|Bleakwind Storm|p2a: Rillaboom|[spread] p2a,p2b\n|-supereffective|p2a: Rillaboom\n|-damage|p2a: Rillaboom|40\/100\n|-damage|p2b: Zygarde|0 fnt\n|faint|p2b: Zygarde\n|\n|-heal|p1b: Metagross|87\/100|[from] Grassy Terrain\n|-heal|p2a: Rillaboom|46\/100|[from] Grassy Terrain\n|-sideend|p2: orange overhaul|move: Tailwind\n|-fieldend|move: Grassy Terrain\n|upkeep\n|\n|t:|1701117935\n|switch|p2b: Heatran|Heatran, M|100\/100\n|turn|6\n|\n|t:|1701117951\n|move|p1b: Metagross|Protect|p1b: Metagross\n|-singleturn|p1b: Metagross|Protect\n|move|p1a: Tornadus|Tailwind|p1a: Tornadus\n|-sidestart|p1: Test Botz|move: Tailwind\n|move|p2b: Heatran|Heat Wave|p1a: Tornadus|[spread] p1a\n|-activate|p1b: Metagross|move: Protect\n|-crit|p1a: Tornadus\n|-damage|p1a: Tornadus|0 fnt\n|faint|p1a: Tornadus\n|move|p2a: Rillaboom|Grassy Glide|p1b: Metagross\n|-activate|p1b: Metagross|move: Protect\n|\n|-fieldend|move: Trick Room\n|upkeep\n|\n|t:|1701117963\n|switch|p1a: Urshifu|Urshifu-Rapid-Strike, M|100\/100\n|turn|7\n|\n|t:|1701117973\n|detailschange|p1b: Metagross|Metagross-Mega\n|-mega|p1b: Metagross|Metagross|Metagrossite\n|move|p1a: Urshifu|Surging Strikes|p2b: Heatran\n|-supereffective|p2b: Heatran\n|-crit|p2b: Heatran\n|-damage|p2b: Heatran|65\/100\n|-supereffective|p2b: Heatran\n|-crit|p2b: Heatran\n|-damage|p2b: Heatran|26\/100\n|-supereffective|p2b: Heatran\n|-crit|p2b: Heatran\n|-damage|p2b: Heatran|0 fnt\n|faint|p2b: Heatran\n|-hitcount|p2: Heatran|3\n|move|p1b: Metagross|Ice Punch|p2a: Rillaboom\n|-supereffective|p2a: Rillaboom\n|-damage|p2a: Rillaboom|0 fnt\n|faint|p2a: Rillaboom\n|\n|upkeep\n|\n|t:|1701117986\n|switch|p2b: Flutter Mane|Flutter Mane|100\/100\n|turn|8\n|c|\u2606Test Botz|gg\n|\n|t:|1701117999\n|move|p1a: Urshifu|Surging Strikes|p2b: Flutter Mane\n|-crit|p2b: Flutter Mane\n|-damage|p2b: Flutter Mane|65\/100\n|-crit|p2b: Flutter Mane\n|-damage|p2b: Flutter Mane|30\/100\n|-crit|p2b: Flutter Mane\n|-damage|p2b: Flutter Mane|0 fnt\n|faint|p2b: Flutter Mane\n|-end|p2b: Flutter Mane|Protosynthesis|[silent]\n|-hitcount|p2: Flutter Mane|3\n|\n|win|Test Botz\n|n|\u2606Test Botz|testbotz\n|n|\u2606orange overhaul|orangeoverhaul\n|n| Old Sailor Jack|oldsailorjack\n|c|\u2606orange overhaul|gg\n","uploadtime":1701118000,"views":1,"p1id":"testbotz","p2id":"orangeoverhaul","formatid":"gen9nationaldexdoubles","rating":0,"private":0,"password":""}