{"id":"gen9nationaldexdoubles-1950638727","p1":"goshia25","p2":"Aquiley","format":"[Gen 9] National Dex Doubles","log":"|j|\u2606goshia25\n|j|\u2606Aquiley\n|t:|1695492201\n|gametype|doubles\n|player|p1|goshia25|266|1074\n|player|p2|Aquiley|hilbert|1139\n|teamsize|p1|6\n|teamsize|p2|6\n|gen|9\n|tier|[Gen 9] National Dex Doubles\n|rated|\n|rule|HP Percentage Mod: HP is shown in percentages\n|rule|Endless Battle Clause: Forcing endless battles is banned\n|rule|OHKO Clause: OHKO moves are banned\n|rule|Evasion Moves Clause: Evasion moves are banned\n|rule|Evasion Abilities Clause: Evasion abilities are banned\n|rule|Species Clause: Limit one of each Pok\u00e9mon\n|rule|Gravity Sleep Clause: The combination of sleep-inducing moves with imperfect accuracy and Gravity or Gigantamax Orbeetle are banned\n|clearpoke\n|poke|p1|Mandibuzz, F|\n|poke|p1|Blacephalon|\n|poke|p1|Aegislash, M|\n|poke|p1|Scrafty, F|\n|poke|p1|Flutter Mane|\n|poke|p1|Gliscor, M|\n|poke|p2|Charizard, M|\n|poke|p2|Heatran, M|\n|poke|p2|Infernape, M|\n|poke|p2|Torkoal, F|\n|poke|p2|Ninetales, M|\n|poke|p2|Cinderace, F|\n|teampreview\n|\n|t:|1695492209\n|start\n|switch|p1a: Mandibuzz|Mandibuzz, F|100\/100\n|switch|p1b: Gliscor|Gliscor, M|100\/100\n|switch|p2a: Charizard|Charizard, M|100\/100\n|switch|p2b: Infernape|Infernape, M|100\/100\n|turn|1\n|\n|t:|1695492230\n|detailschange|p2a: Charizard|Charizard-Mega-Y, M\n|-mega|p2a: Charizard|Charizard|Charizardite Y\n|-weather|SunnyDay|[from] ability: Drought|[of] p2a: Charizard\n|-terastallize|p1b: Gliscor|Ground\n|move|p2b: Infernape|Power-Up Punch|p1b: Gliscor\n|-damage|p1b: Gliscor|78\/100\n|-boost|p2b: Infernape|atk|1\n|move|p1b: Gliscor|Earthquake|p2a: Charizard|[spread] p2b\n|-immune|p1a: Mandibuzz\n|-immune|p2a: Charizard\n|-supereffective|p2b: Infernape\n|-damage|p2b: Infernape|0 fnt\n|faint|p2b: Infernape\n|move|p2a: Charizard|Ancient Power|p1a: Mandibuzz\n|-supereffective|p1a: Mandibuzz\n|-damage|p1a: Mandibuzz|68\/100\n|-boost|p2a: Charizard|atk|1\n|-boost|p2a: Charizard|def|1\n|-boost|p2a: Charizard|spa|1\n|-boost|p2a: Charizard|spd|1\n|-boost|p2a: Charizard|spe|1\n|move|p1a: Mandibuzz|Tailwind|p1a: Mandibuzz\n|-sidestart|p1: goshia25|move: Tailwind\n|\n|-weather|SunnyDay|[upkeep]\n|-status|p1b: Gliscor|tox|[from] item: Toxic Orb\n|upkeep\n|\n|t:|1695492254\n|switch|p2b: Heatran|Heatran, M|100\/100\n|-item|p2b: Heatran|Air Balloon\n|turn|2\n|\n|t:|1695492265\n|move|p1b: Gliscor|Knock Off|p2b: Heatran\n|-damage|p2b: Heatran|76\/100\n|-enditem|p2b: Heatran|Air Balloon\n|move|p2a: Charizard|Ancient Power|p1a: Mandibuzz\n|-supereffective|p1a: Mandibuzz\n|-damage|p1a: Mandibuzz|12\/100\n|-boost|p2a: Charizard|atk|1\n|-boost|p2a: Charizard|def|1\n|-boost|p2a: Charizard|spa|1\n|-boost|p2a: Charizard|spd|1\n|-boost|p2a: Charizard|spe|1\n|move|p1a: Mandibuzz|Toxic|p2a: Charizard\n|-status|p2a: Charizard|tox\n|move|p2b: Heatran|Iron Defense|p2b: Heatran\n|-boost|p2b: Heatran|def|2\n|\n|-weather|SunnyDay|[upkeep]\n|-heal|p1b: Gliscor|90\/100 tox|[from] ability: Poison Heal\n|-damage|p2a: Charizard|94\/100 tox|[from] psn\n|upkeep\n|turn|3\n|\n|t:|1695492290\n|move|p1b: Gliscor|Facade|p2a: Charizard\n|-damage|p2a: Charizard|62\/100 tox\n|move|p2a: Charizard|Ancient Power|p1a: Mandibuzz\n|-supereffective|p1a: Mandibuzz\n|-damage|p1a: Mandibuzz|0 fnt\n|faint|p1a: Mandibuzz\n|move|p2b: Heatran|Iron Defense|p2b: Heatran\n|-boost|p2b: Heatran|def|2\n|\n|-weather|SunnyDay|[upkeep]\n|-heal|p1b: Gliscor|100\/100 tox|[from] ability: Poison Heal\n|-damage|p2a: Charizard|50\/100 tox|[from] psn\n|upkeep\n|\n|t:|1695492301\n|switch|p1a: Aegislash|Aegislash, M|100\/100\n|turn|4\n|\n|t:|1695492313\n|move|p1a: Aegislash|King's Shield|p1a: Aegislash\n|-singleturn|p1a: Aegislash|Protect\n|move|p1b: Gliscor|Earthquake|p2a: Charizard|[spread] p2b\n|-activate|p1a: Aegislash|move: Protect\n|-immune|p2a: Charizard\n|-supereffective|p2b: Heatran\n|-damage|p2b: Heatran|31\/100\n|move|p2a: Charizard|Dragon Claw|p1b: Gliscor\n|-damage|p1b: Gliscor|53\/100 tox\n|move|p2b: Heatran|Iron Defense|p2b: Heatran\n|-boost|p2b: Heatran|def|2\n|\n|-weather|SunnyDay|[upkeep]\n|-heal|p1b: Gliscor|65\/100 tox|[from] ability: Poison Heal\n|-damage|p2a: Charizard|31\/100 tox|[from] psn\n|-sideend|p1: goshia25|move: Tailwind\n|upkeep\n|turn|5\n|\n|t:|1695492338\n|move|p1b: Gliscor|Protect|p1b: Gliscor\n|-singleturn|p1b: Gliscor|Protect\n|move|p2a: Charizard|Ancient Power|p1a: Aegislash\n|-resisted|p1a: Aegislash\n|-damage|p1a: Aegislash|87\/100\n|move|p2b: Heatran|Eruption|p1b: Gliscor|[spread] p1a\n|-activate|p1b: Gliscor|move: Protect\n|-supereffective|p1a: Aegislash\n|-damage|p1a: Aegislash|63\/100\n|-formechange|p1a: Aegislash|Aegislash-Blade||[from] ability: Stance Change\n|move|p1a: Aegislash|Shadow Ball|p2a: Charizard\n|-damage|p2a: Charizard|13\/100 tox\n|-unboost|p2a: Charizard|spd|1\n|\n|-weather|none\n|-damage|p2a: Charizard|0 fnt|[from] psn\n|faint|p2a: Charizard\n|-heal|p1b: Gliscor|77\/100 tox|[from] ability: Poison Heal\n|upkeep\n|\n|t:|1695492353\n|switch|p2a: Ninetales|Ninetales, M|100\/100\n|-weather|SunnyDay|[from] ability: Drought|[of] p2a: Ninetales\n|turn|6\n|\n|t:|1695492362\n|-formechange|p1a: Aegislash|Aegislash||[from] ability: Stance Change\n|move|p1a: Aegislash|King's Shield|p1a: Aegislash\n|-singleturn|p1a: Aegislash|Protect\n|move|p2a: Ninetales|Reflect|p2a: Ninetales\n|-sidestart|p2: Aquiley|Reflect\n|move|p1b: Gliscor|Earthquake|p2b: Heatran|[spread] p2a,p2b\n|-activate|p1a: Aegislash|move: Protect\n|-supereffective|p2a: Ninetales\n|-supereffective|p2b: Heatran\n|-damage|p2a: Ninetales|21\/100\n|-damage|p2b: Heatran|4\/100\n|-enditem|p2a: Ninetales|Aguav Berry|[eat]\n|-heal|p2a: Ninetales|55\/100|[from] item: Aguav Berry\n|move|p2b: Heatran|Eruption|p1a: Aegislash|[spread] p1b\n|-activate|p1a: Aegislash|move: Protect\n|-damage|p1b: Gliscor|73\/100 tox\n|\n|-weather|SunnyDay|[upkeep]\n|-heal|p1b: Gliscor|86\/100 tox|[from] ability: Poison Heal\n|upkeep\n|turn|7\n|\n|t:|1695492393\n|switch|p1a: Scrafty|Scrafty, F|100\/100\n|-ability|p1a: Scrafty|Intimidate|boost\n|-unboost|p2a: Ninetales|atk|1\n|-unboost|p2b: Heatran|atk|1\n|move|p2a: Ninetales|Body Slam|p1b: Gliscor\n|-damage|p1b: Gliscor|73\/100 tox\n|move|p1b: Gliscor|Earthquake|p2a: Ninetales|[spread] p1a,p2a,p2b\n|-supereffective|p2a: Ninetales\n|-supereffective|p2b: Heatran\n|-damage|p1a: Scrafty|50\/100\n|-damage|p2a: Ninetales|0 fnt\n|-damage|p2b: Heatran|0 fnt\n|faint|p2a: Ninetales\n|faint|p2b: Heatran\n|\n|-weather|SunnyDay|[upkeep]\n|-heal|p1b: Gliscor|86\/100 tox|[from] ability: Poison Heal\n|upkeep\n|-message|Aquiley forfeited.\n|\n|win|goshia25\n|raw|goshia25's rating: 1074 &rarr; <strong>1108<\/strong><br \/>(+34 for winning)\n|raw|Aquiley's rating: 1139 &rarr; <strong>1109<\/strong><br \/>(-30 for losing)\n|l|\u2606Aquiley\n","uploadtime":1695492431,"views":6,"p1id":"goshia25","p2id":"aquiley","formatid":"gen9nationaldexdoubles","rating":1108,"private":0,"password":""}