{"id":"gen9nationaldexdoubles-1973093063","p1":"Kabele","p2":"jayc_fgc","format":"[Gen 9] National Dex Doubles","log":"|j|\u2606Kabele\n|j|\u2606jayc_fgc\n|t:|1697926805\n|gametype|doubles\n|player|p1|Kabele|unknown|\n|player|p2|jayc_fgc|101|\n|teamsize|p1|6\n|teamsize|p2|6\n|gen|9\n|tier|[Gen 9] National Dex Doubles\n|rule|HP Percentage Mod: HP is shown in percentages\n|rule|Endless Battle Clause: Forcing endless battles is banned\n|rule|OHKO Clause: OHKO moves are banned\n|rule|Evasion Moves Clause: Evasion moves are banned\n|rule|Evasion Abilities Clause: Evasion abilities are banned\n|rule|Species Clause: Limit one of each Pok\u00e9mon\n|rule|Gravity Sleep Clause: The combination of sleep-inducing moves with imperfect accuracy and Gravity or Gigantamax Orbeetle are banned\n|clearpoke\n|poke|p1|Amoonguss, M|\n|poke|p1|Cresselia, F|\n|poke|p1|Ursaluna, F|\n|poke|p1|Tornadus, M|\n|poke|p1|Thundurus-Therian, M|\n|poke|p1|Brambleghast, F|\n|poke|p2|Ninetales-Alola, M|\n|poke|p2|Mamoswine, F|\n|poke|p2|Flareon, M|\n|poke|p2|Swampert, F|\n|poke|p2|Froslass, F|\n|poke|p2|Baxcalibur, M|\n|teampreview\n|\n|t:|1697926821\n|start\n|switch|p1a: Cresselia|Cresselia, F, shiny|100\/100\n|switch|p1b: Amoonguss|Amoonguss, M, shiny|100\/100\n|switch|p2a: Froslass|Froslass, F|100\/100\n|switch|p2b: Baxcalibur|Baxcalibur, M|100\/100\n|turn|1\n|\n|t:|1697926842\n|move|p2a: Froslass|Draining Kiss|p1b: Amoonguss\n|-resisted|p1b: Amoonguss\n|-damage|p1b: Amoonguss|96\/100\n|-damage|p2a: Froslass|84\/100|[from] item: Rocky Helmet|[of] p1b: Amoonguss\n|move|p2b: Baxcalibur|Glaive Rush|p1b: Amoonguss\n|-damage|p1b: Amoonguss|43\/100\n|-singlemove|p2b: Baxcalibur|Glaive Rush|[silent]\n|-damage|p2b: Baxcalibur|84\/100|[from] item: Rocky Helmet|[of] p1b: Amoonguss\n|move|p1b: Amoonguss|Spore|p2b: Baxcalibur\n|-status|p2b: Baxcalibur|slp|[from] move: Spore\n|move|p1a: Cresselia|Trick Room|p1a: Cresselia\n|-fieldstart|move: Trick Room|[of] p1a: Cresselia\n|\n|-heal|p2b: Baxcalibur|90\/100 slp|[from] item: Leftovers\n|upkeep\n|turn|2\n|\n|t:|1697926860\n|switch|p1b: Ursaluna|Ursaluna, F, shiny|100\/100\n|move|p1a: Cresselia|Ally Switch|p1a: Cresselia\n|swap|p1a: Cresselia|1|[from] move: Ally Switch\n|move|p2a: Froslass|Draining Kiss|p1b: Cresselia\n|-damage|p1b: Cresselia|94\/100\n|-heal|p2a: Froslass|92\/100|[from] drain|[of] p1b: Cresselia\n|cant|p2b: Baxcalibur|slp\n|\n|-heal|p2b: Baxcalibur|96\/100 slp|[from] item: Leftovers\n|-status|p1a: Ursaluna|brn|[from] item: Flame Orb\n|upkeep\n|turn|3\n|\n|t:|1697926900\n|move|p1b: Cresselia|Psychic|p2a: Froslass\n|-damage|p2a: Froslass|53\/100\n|move|p1a: Ursaluna|Swords Dance|p1a: Ursaluna\n|-boost|p1a: Ursaluna|atk|2\n|-curestatus|p2b: Baxcalibur|slp|[msg]\n|move|p2b: Baxcalibur|Draco Meteor|p1a: Ursaluna\n|-damage|p1a: Ursaluna|64\/100 brn\n|-unboost|p2b: Baxcalibur|spa|2\n|move|p2a: Froslass|Draining Kiss|p1b: Cresselia\n|-damage|p1b: Cresselia|87\/100\n|-heal|p2a: Froslass|61\/100|[from] drain|[of] p1b: Cresselia\n|\n|-heal|p2b: Baxcalibur|100\/100|[from] item: Leftovers\n|-damage|p1a: Ursaluna|57\/100 brn|[from] brn\n|upkeep\n|turn|4\n|\n|t:|1697926931\n|move|p1b: Cresselia|Psychic|p2a: Froslass\n|-damage|p2a: Froslass|25\/100\n|move|p1a: Ursaluna|Facade|p2b: Baxcalibur\n|-damage|p2b: Baxcalibur|0 fnt\n|faint|p2b: Baxcalibur\n|move|p2a: Froslass|Draining Kiss|p1a: Ursaluna\n|-damage|p1a: Ursaluna|46\/100 brn\n|-heal|p2a: Froslass|38\/100|[from] drain|[of] p1a: Ursaluna\n|\n|-damage|p1a: Ursaluna|40\/100 brn|[from] brn\n|upkeep\n|\n|t:|1697926935\n|switch|p2b: Flareon|Flareon, M|100\/100\n|turn|5\n|\n|t:|1697926949\n|move|p1b: Cresselia|Lunar Blessing|p1b: Cresselia|[spread] p1a,p1b\n|-heal|p1a: Ursaluna|64\/100 brn\n|-curestatus|p1a: Ursaluna|brn|[msg]\n|-heal|p1b: Cresselia|100\/100\n|move|p2b: Flareon|Shadow Ball|p1a: Ursaluna\n|-immune|p1a: Ursaluna\n|move|p1a: Ursaluna|Headlong Rush|p2b: Flareon\n|-supereffective|p2b: Flareon\n|-enditem|p2b: Flareon|Focus Sash\n|-damage|p2b: Flareon|1\/100\n|-unboost|p1a: Ursaluna|def|1\n|-unboost|p1a: Ursaluna|spd|1\n|move|p2a: Froslass|Thunder|p1b: Cresselia|[miss]\n|-miss|p2a: Froslass|p1b: Cresselia\n|\n|-fieldend|move: Trick Room\n|-status|p1a: Ursaluna|brn|[from] item: Flame Orb\n|upkeep\n|turn|6\n|\n|t:|1697926979\n|move|p2a: Froslass|Draining Kiss|p1a: Ursaluna\n|-damage|p1a: Ursaluna|47\/100 brn\n|-heal|p2a: Froslass|58\/100|[from] drain|[of] p1a: Ursaluna\n|move|p1a: Ursaluna|Fire Punch|p2a: Froslass\n|-supereffective|p2a: Froslass\n|-damage|p2a: Froslass|0 fnt\n|faint|p2a: Froslass\n|move|p2b: Flareon|Fire Blast|p1b: Cresselia\n|-damage|p1b: Cresselia|75\/100\n|move|p1b: Cresselia|Lunar Blessing|p1b: Cresselia|[spread] p1a,p1b\n|-heal|p1a: Ursaluna|72\/100 brn\n|-curestatus|p1a: Ursaluna|brn|[msg]\n|-heal|p1b: Cresselia|99\/100\n|\n|-status|p1a: Ursaluna|brn|[from] item: Flame Orb\n|upkeep\n|\n|t:|1697926983\n|switch|p2a: Swampert|Swampert, F|100\/100\n|turn|7\n|\n|t:|1697927043\n|move|p1a: Ursaluna|Facade|p2a: Swampert\n|-damage|p2a: Swampert|0 fnt\n|-damage|p1a: Ursaluna|56\/100 brn|[from] item: Rocky Helmet|[of] p2a: Swampert\n|faint|p2a: Swampert\n|move|p2b: Flareon|Fire Blast|p1b: Cresselia\n|-damage|p1b: Cresselia|73\/100\n|move|p1b: Cresselia|Trick Room|p1b: Cresselia\n|-fieldstart|move: Trick Room|[of] p1b: Cresselia\n|\n|-damage|p1a: Ursaluna|50\/100 brn|[from] brn\n|upkeep\n|\n|t:|1697927047\n|switch|p2a: Ninetales|Ninetales-Alola, M|100\/100\n|-weather|Snow|[from] ability: Snow Warning|[of] p2a: Ninetales\n|turn|8\n|\n|t:|1697927061\n|move|p1b: Cresselia|Lunar Blessing|p1b: Cresselia|[spread] p1a,p1b\n|-heal|p1a: Ursaluna|74\/100 brn\n|-curestatus|p1a: Ursaluna|brn|[msg]\n|-heal|p1b: Cresselia|98\/100\n|move|p2b: Flareon|Fire Blast|p1b: Cresselia\n|-damage|p1b: Cresselia|72\/100\n|move|p1a: Ursaluna|Fire Punch|p2a: Ninetales\n|-supereffective|p2a: Ninetales\n|-enditem|p2a: Ninetales|Focus Sash\n|-damage|p2a: Ninetales|1\/100\n|move|p2a: Ninetales|Aurora Veil|p2a: Ninetales\n|-sidestart|p2: jayc_fgc|move: Aurora Veil\n|\n|-weather|Snow|[upkeep]\n|-status|p1a: Ursaluna|brn|[from] item: Flame Orb\n|upkeep\n|turn|9\n|\n|t:|1697927083\n|move|p2b: Flareon|Quick Attack|p1b: Cresselia\n|-damage|p1b: Cresselia|64\/100\n|move|p1b: Cresselia|Psychic|p2b: Flareon\n|-damage|p2b: Flareon|0 fnt\n|faint|p2b: Flareon\n|move|p1a: Ursaluna|Fire Punch|p2a: Ninetales\n|-supereffective|p2a: Ninetales\n|-damage|p2a: Ninetales|0 fnt\n|faint|p2a: Ninetales\n|\n|-weather|Snow|[upkeep]\n|-damage|p1a: Ursaluna|68\/100 brn|[from] brn\n|upkeep\n|\n|t:|1697927087\n|switch|p2b: Mamoswine|Mamoswine, F|100\/100\n|turn|10\n|\n|t:|1697927101\n|move|p1b: Cresselia|Psychic|p2b: Mamoswine\n|-damage|p2b: Mamoswine|74\/100\n|move|p1a: Ursaluna|Fire Punch|p2b: Mamoswine\n|-supereffective|p2b: Mamoswine\n|-damage|p2b: Mamoswine|26\/100\n|move|p2b: Mamoswine|Blizzard|p1b: Cresselia|[spread] p1a,p1b\n|-supereffective|p1a: Ursaluna\n|-damage|p1a: Ursaluna|11\/100 brn\n|-damage|p1b: Cresselia|51\/100\n|\n|-weather|Snow|[upkeep]\n|-heal|p2b: Mamoswine|32\/100|[from] item: Leftovers\n|-damage|p1a: Ursaluna|5\/100 brn|[from] brn\n|upkeep\n|turn|11\n|\n|t:|1697927115\n|move|p1b: Cresselia|Psychic|p2b: Mamoswine\n|-damage|p2b: Mamoswine|6\/100\n|-unboost|p2b: Mamoswine|spd|1\n|move|p1a: Ursaluna|Fire Punch|p2b: Mamoswine\n|-supereffective|p2b: Mamoswine\n|-damage|p2b: Mamoswine|0 fnt\n|faint|p2b: Mamoswine\n|\n|win|Kabele\n","uploadtime":1697927128,"views":16,"p1id":"kabele","p2id":"jaycfgc","formatid":"gen9nationaldexdoubles","rating":0,"private":0,"password":""}