{"id":"gen9nationaldexdoubles-1953028847","p1":"Theadonia","p2":"shuggydobuggy","format":"[Gen 9] National Dex Doubles","log":"|j|\u2606Theadonia\n|j|\u2606shuggydobuggy\n|t:|1695748710\n|gametype|doubles\n|player|p1|Theadonia|caitlin|1149\n|player|p2|shuggydobuggy|li|1245\n|teamsize|p1|6\n|teamsize|p2|6\n|gen|9\n|tier|[Gen 9] National Dex Doubles\n|rated|\n|rule|HP Percentage Mod: HP is shown in percentages\n|rule|Endless Battle Clause: Forcing endless battles is banned\n|rule|OHKO Clause: OHKO moves are banned\n|rule|Evasion Moves Clause: Evasion moves are banned\n|rule|Evasion Abilities Clause: Evasion abilities are banned\n|rule|Species Clause: Limit one of each Pok\u00e9mon\n|rule|Gravity Sleep Clause: The combination of sleep-inducing moves with imperfect accuracy and Gravity or Gigantamax Orbeetle are banned\n|clearpoke\n|poke|p1|Delphox, M|\n|poke|p1|Oricorio-Sensu, F|\n|poke|p1|Kommo-o, M|\n|poke|p1|Smeargle, M|\n|poke|p1|Comfey, F|\n|poke|p1|Manaphy|\n|poke|p2|Pawmot, M|\n|poke|p2|Chien-Pao|\n|poke|p2|Urshifu-*, M|\n|poke|p2|Mew|\n|poke|p2|Kangaskhan, F|\n|poke|p2|Jolteon, M|\n|teampreview\n|inactive|Battle timer is ON: inactive players will automatically lose when time's up. (requested by shuggydobuggy)\n|inactive|shuggydobuggy has 120 seconds left.\n|\n|t:|1695748743\n|start\n|switch|p1a: Oricorio|Oricorio-Sensu, F|100\/100\n|switch|p1b: Smeargle|Smeargle, M|100\/100\n|switch|p2a: Pawmot|Pawmot, M|100\/100\n|switch|p2b: Kangaskhan|Kangaskhan, F|100\/100\n|turn|1\n|\n|t:|1695748767\n|move|p2b: Kangaskhan|Fake Out|p1b: Smeargle\n|-damage|p1b: Smeargle|47\/100\n|cant|p1b: Smeargle|flinch\n|move|p2a: Pawmot|Close Combat|p1b: Smeargle\n|-supereffective|p1b: Smeargle\n|-damage|p1b: Smeargle|0 fnt\n|-unboost|p2a: Pawmot|def|1\n|-unboost|p2a: Pawmot|spd|1\n|faint|p1b: Smeargle\n|move|p1a: Oricorio|Substitute|p1a: Oricorio\n|-start|p1a: Oricorio|Substitute\n|-damage|p1a: Oricorio|75\/100\n|\n|upkeep\n|\n|t:|1695748780\n|switch|p1b: Kommo-o|Kommo-o, M|100\/100\n|turn|2\n|\n|t:|1695748809\n|switch|p2a: Mew|Mew|100\/100\n|detailschange|p2b: Kangaskhan|Kangaskhan-Mega, F\n|-mega|p2b: Kangaskhan|Kangaskhan|Kangaskhanite\n|move|p1b: Kommo-o|Clangorous Soul|p1b: Kommo-o\n|-boost|p1b: Kommo-o|atk|1\n|-boost|p1b: Kommo-o|def|1\n|-boost|p1b: Kommo-o|spa|1\n|-boost|p1b: Kommo-o|spd|1\n|-boost|p1b: Kommo-o|spe|1\n|-damage|p1b: Kommo-o|68\/100\n|-activate|p1a: Oricorio|ability: Dancer\n|move|p1a: Oricorio|Clangorous Soul|p1a: Oricorio|[from]ability: Dancer\n|-boost|p1a: Oricorio|atk|1\n|-boost|p1a: Oricorio|def|1\n|-boost|p1a: Oricorio|spa|1\n|-boost|p1a: Oricorio|spd|1\n|-boost|p1a: Oricorio|spe|1\n|-damage|p1a: Oricorio|43\/100\n|move|p1a: Oricorio|Quiver Dance|p1a: Oricorio\n|-boost|p1a: Oricorio|spa|1\n|-boost|p1a: Oricorio|spd|1\n|-boost|p1a: Oricorio|spe|1\n|move|p2b: Kangaskhan|Seismic Toss|p1b: Kommo-o\n|-damage|p1b: Kommo-o|33\/100\n|-damage|p1b: Kommo-o|0 fnt\n|faint|p1b: Kommo-o\n|-hitcount|p1: Kommo-o|2\n|\n|upkeep\n|\n|t:|1695748834\n|switch|p1b: Comfey|Comfey, F|100\/100\n|turn|3\n|\n|t:|1695748859\n|move|p1b: Comfey|Floral Healing||[still]\n|-fail|p1b: Comfey\n|move|p2b: Kangaskhan|Sucker Punch|p1a: Oricorio\n|-supereffective|p1a: Oricorio\n|-end|p1a: Oricorio|Substitute\n|-supereffective|p1a: Oricorio\n|-damage|p1a: Oricorio|36\/100\n|-hitcount|p1a: Oricorio|2\n|move|p1a: Oricorio|Revelation Dance|p2a: Mew\n|-supereffective|p2a: Mew\n|-damage|p2a: Mew|32\/100\n|move|p2a: Mew|Encore|p1a: Oricorio\n|-start|p1a: Oricorio|Encore\n|\n|-heal|p2a: Mew|38\/100|[from] item: Leftovers\n|upkeep\n|turn|4\n|inactive|Theadonia has 120 seconds left.\n|\n|t:|1695748892\n|-terastallize|p1a: Oricorio|Fairy\n|move|p1b: Comfey|Floral Healing|p1a: Oricorio\n|-heal|p1a: Oricorio|86\/100\n|move|p2b: Kangaskhan|Sucker Punch|p1a: Oricorio\n|-resisted|p1a: Oricorio\n|-damage|p1a: Oricorio|78\/100\n|-resisted|p1a: Oricorio\n|-damage|p1a: Oricorio|77\/100\n|-hitcount|p1a: Oricorio|2\n|move|p1a: Oricorio|Revelation Dance|p2b: Kangaskhan\n|-damage|p2b: Kangaskhan|46\/100\n|move|p2a: Mew|Coaching|p2b: Kangaskhan\n|-boost|p2b: Kangaskhan|atk|1\n|-boost|p2b: Kangaskhan|def|1\n|\n|-heal|p2a: Mew|44\/100|[from] item: Leftovers\n|upkeep\n|turn|5\n|\n|t:|1695748917\n|move|p1b: Comfey|Draining Kiss|p2a: Mew\n|-damage|p2a: Mew|33\/100\n|move|p1a: Oricorio|Revelation Dance|p2b: Kangaskhan\n|-damage|p2b: Kangaskhan|0 fnt\n|faint|p2b: Kangaskhan\n|move|p2a: Mew|Pollen Puff|p2: Kangaskhan|[notarget]\n|-fail|p2a: Mew\n|\n|-heal|p2a: Mew|39\/100|[from] item: Leftovers\n|upkeep\n|inactive|shuggydobuggy has 120 seconds left.\n|\n|t:|1695748959\n|switch|p2b: Urshifu|Urshifu-Rapid-Strike, M|100\/100\n|turn|6\n|\n|t:|1695748970\n|switch|p2a: Pawmot|Pawmot, M|100\/100\n|move|p2b: Urshifu|Protect|p2b: Urshifu\n|-singleturn|p2b: Urshifu|Protect\n|move|p1b: Comfey|Draining Kiss|p2b: Urshifu\n|-activate|p2b: Urshifu|move: Protect\n|move|p1a: Oricorio|Revelation Dance|p2b: Urshifu\n|-activate|p2b: Urshifu|move: Protect\n|\n|-end|p1a: Oricorio|Encore\n|upkeep\n|turn|7\n|\n|t:|1695748989\n|move|p2a: Pawmot|Fake Out|p1a: Oricorio\n|-damage|p1a: Oricorio|69\/100\n|move|p1b: Comfey|Floral Healing|p1a: Oricorio\n|-heal|p1a: Oricorio|100\/100\n|cant|p1a: Oricorio|flinch\n|move|p2b: Urshifu|Surging Strikes|p1a: Oricorio\n|-crit|p1a: Oricorio\n|-damage|p1a: Oricorio|77\/100\n|-crit|p1a: Oricorio\n|-damage|p1a: Oricorio|55\/100\n|-crit|p1a: Oricorio\n|-damage|p1a: Oricorio|34\/100\n|-hitcount|p1a: Oricorio|3\n|\n|upkeep\n|turn|8\n|\n|t:|1695749010\n|move|p1b: Comfey|Floral Healing|p1a: Oricorio\n|-heal|p1a: Oricorio|84\/100\n|move|p1a: Oricorio|Revelation Dance|p2b: Urshifu\n|-supereffective|p2b: Urshifu\n|-damage|p2b: Urshifu|0 fnt\n|faint|p2b: Urshifu\n|move|p2a: Pawmot|Double Shock|p1b: Comfey\n|-damage|p1b: Comfey|5\/100\n|-start|p2a: Pawmot|typechange|???\/Fighting|[from] move: Double Shock\n|\n|-heal|p1b: Comfey|11\/100|[from] item: Leftovers\n|upkeep\n|\n|t:|1695749022\n|switch|p2b: Mew|Mew|39\/100\n|turn|9\n|j| Where's your Fang\n|\n|t:|1695749029\n|move|p1b: Comfey|Draining Kiss|p2a: Pawmot\n|-supereffective|p2a: Pawmot\n|-damage|p2a: Pawmot|27\/100\n|-heal|p1b: Comfey|75\/100|[from] drain|[of] p2a: Pawmot\n|move|p2b: Mew|Fake Out|p1b: Comfey\n|-damage|p1b: Comfey|60\/100\n|move|p1a: Oricorio|Revelation Dance|p2b: Mew\n|-damage|p2b: Mew|0 fnt\n|faint|p2b: Mew\n|move|p2a: Pawmot|Revival Blessing|p2a: Pawmot\n|-enditem|p2a: Pawmot|Leppa Berry|[eat]\n|-activate|p2a: Pawmot|item: Leppa Berry|Revival Blessing|[consumed]\n|l| Where's your Fang\n|j| Where's your Fang\n|\n|t:|1695749058\n|-heal|p2: Mew|50\/100|[from] move: Revival Blessing\n|\n|-heal|p1b: Comfey|66\/100|[from] item: Leftovers\n|upkeep\n|switch|p2b: Mew|Mew|50\/100\n|turn|10\n|\n|t:|1695749074\n|move|p1b: Comfey|Draining Kiss|p2a: Pawmot\n|-supereffective|p2a: Pawmot\n|-damage|p2a: Pawmot|0 fnt\n|-heal|p1b: Comfey|89\/100|[from] drain|[of] p2a: Pawmot\n|faint|p2a: Pawmot\n|move|p2b: Mew|Fake Out|p1a: Oricorio\n|-damage|p1a: Oricorio|78\/100\n|cant|p1a: Oricorio|flinch\n|\n|-heal|p1b: Comfey|96\/100|[from] item: Leftovers\n|-heal|p2b: Mew|57\/100|[from] item: Leftovers\n|upkeep\n|\n|t:|1695749089\n|switch|p2a: Chien-Pao|Chien-Pao|100\/100\n|-ability|p2a: Chien-Pao|Sword of Ruin\n|turn|11\n|\n|t:|1695749105\n|move|p1b: Comfey|Draining Kiss|p2a: Chien-Pao\n|-supereffective|p2a: Chien-Pao\n|-damage|p2a: Chien-Pao|35\/100\n|-heal|p1b: Comfey|100\/100|[from] drain|[of] p2a: Chien-Pao\n|move|p1a: Oricorio|Revelation Dance|p2a: Chien-Pao\n|-supereffective|p2a: Chien-Pao\n|-damage|p2a: Chien-Pao|0 fnt\n|faint|p2a: Chien-Pao\n|move|p2b: Mew|Coaching|p2: Chien-Pao|[notarget]\n|-fail|p2b: Mew\n|\n|-heal|p2b: Mew|63\/100|[from] item: Leftovers\n|upkeep\n|\n|t:|1695749116\n|switch|p2a: Jolteon|Jolteon, M|100\/100\n|turn|12\n|\n|t:|1695749132\n|-terastallize|p2a: Jolteon|Electric\n|move|p1b: Comfey|Draining Kiss|p2a: Jolteon\n|-damage|p2a: Jolteon|76\/100\n|move|p1a: Oricorio|Revelation Dance|p2b: Mew\n|-damage|p2b: Mew|24\/100\n|move|p2a: Jolteon|Thunder Wave|p1a: Oricorio|[miss]\n|-miss|p2a: Jolteon|p1a: Oricorio\n|move|p2b: Mew|Encore|p1b: Comfey\n|-start|p1b: Comfey|Encore\n|\n|-heal|p2b: Mew|30\/100|[from] item: Leftovers\n|upkeep\n|turn|13\n|\n|t:|1695749151\n|move|p1b: Comfey|Draining Kiss|p2a: Jolteon\n|-damage|p2a: Jolteon|49\/100\n|move|p1a: Oricorio|Revelation Dance|p2a: Jolteon\n|-damage|p2a: Jolteon|0 fnt\n|faint|p2a: Jolteon\n|move|p2b: Mew|Pollen Puff|p2: Jolteon|[notarget]\n|-fail|p2b: Mew\n|\n|-heal|p2b: Mew|36\/100|[from] item: Leftovers\n|upkeep\n|turn|14\n|c|\u2606Theadonia|Ggwp\n|inactive|shuggydobuggy has 120 seconds left.\n|c|\u2606shuggydobuggy|gg\n|c|\u2606shuggydobuggy|wp\n|c|\u2606shuggydobuggy|can i see that comfey set?\n|\n|t:|1695749205\n|move|p1b: Comfey|Draining Kiss|p2b: Mew\n|-damage|p2b: Mew|25\/100\n|move|p1a: Oricorio|Revelation Dance|p2b: Mew\n|-crit|p2b: Mew\n|-damage|p2b: Mew|0 fnt\n|faint|p2b: Mew\n|\n|win|Theadonia\n|raw|Theadonia's rating: 1149 &rarr; <strong>1181<\/strong><br \/>(+32 for winning)\n|raw|shuggydobuggy's rating: 1245 &rarr; <strong>1213<\/strong><br \/>(-32 for losing)\n|c|\u2606Theadonia|Yeah I got ya :)\n","uploadtime":1695749217,"views":5,"p1id":"theadonia","p2id":"shuggydobuggy","formatid":"gen9nationaldexdoubles","rating":1181,"private":0,"password":""}