{"id":"gen9nationaldexdoubles-1958819434","p1":"Sencopion","p2":"beasknees","format":"[Gen 9] National Dex Doubles","log":"|j|\u2606Sencopion\n|j|\u2606beasknees\n|t:|1696360304\n|gametype|doubles\n|player|p1|Sencopion|hiker-gen4|\n|player|p2|beasknees|169|\n|teamsize|p1|6\n|teamsize|p2|6\n|gen|9\n|tier|[Gen 9] National Dex Doubles\n|rule|HP Percentage Mod: HP is shown in percentages\n|rule|Endless Battle Clause: Forcing endless battles is banned\n|rule|OHKO Clause: OHKO moves are banned\n|rule|Evasion Moves Clause: Evasion moves are banned\n|rule|Evasion Abilities Clause: Evasion abilities are banned\n|rule|Species Clause: Limit one of each Pok\u00e9mon\n|rule|Gravity Sleep Clause: The combination of sleep-inducing moves with imperfect accuracy and Gravity or Gigantamax Orbeetle are banned\n|clearpoke\n|poke|p1|Armarouge, M|\n|poke|p1|Torkoal, M|\n|poke|p1|Indeedee-F, F|\n|poke|p1|Farigiraf, M|\n|poke|p1|Vikavolt, F|\n|poke|p1|Tatsugiri, M|\n|poke|p2|Ferrothorn, M|\n|poke|p2|Whimsicott, F|\n|poke|p2|Trevenant, M|\n|poke|p2|Dipplin, F|\n|poke|p2|Rotom-Mow|\n|poke|p2|Meowscarada, M|\n|teampreview\n|inactive|Battle timer is ON: inactive players will automatically lose when time's up. (requested by Sencopion)\n|inactive|Sencopion has 270 seconds left.\n|c|\u2606beasknees|glhf!\n|c|\u2606Sencopion|glhf\n|\n|t:|1696360343\n|start\n|switch|p1a: Indeedee|Indeedee-F, F|100\/100\n|switch|p1b: Armarouge|Armarouge, M|100\/100\n|switch|p2a: Whimsicott|Whimsicott, F|100\/100\n|switch|p2b: Ferrothorn|Ferrothorn, M|100\/100\n|-fieldstart|move: Psychic Terrain|[from] ability: Psychic Surge|[of] p1a: Indeedee\n|turn|1\n|inactive|beasknees has 270 seconds left.\n|\n|t:|1696360374\n|move|p1a: Indeedee|Follow Me|p1a: Indeedee\n|-singleturn|p1a: Indeedee|move: Follow Me\n|move|p2b: Ferrothorn|Knock Off|p1a: Indeedee\n|-supereffective|p1a: Indeedee\n|-damage|p1a: Indeedee|44\/100\n|-enditem|p1a: Indeedee|Sitrus Berry|[from] move: Knock Off|[of] p2b: Ferrothorn\n|move|p2a: Whimsicott|Trick Room|p2a: Whimsicott\n|-fieldstart|move: Trick Room|[of] p2a: Whimsicott\n|move|p1b: Armarouge|Trick Room|p1b: Armarouge\n|-fieldend|move: Trick Room\n|\n|upkeep\n|turn|2\n|c|\u2606beasknees|there is no way we are both running trick room rn\n|inactive|beasknees has 270 seconds left.\n|inactive|Sencopion has 270 seconds left.\n|\n|t:|1696360411\n|move|p1a: Indeedee|Follow Me|p1a: Indeedee\n|-singleturn|p1a: Indeedee|move: Follow Me\n|move|p1b: Armarouge|Expanding Force|p2b: Ferrothorn|[spread] p2a,p2b\n|-resisted|p2b: Ferrothorn\n|-damage|p2a: Whimsicott|0 fnt\n|-damage|p2b: Ferrothorn|75\/100\n|faint|p2a: Whimsicott\n|-damage|p1b: Armarouge|91\/100|[from] item: Life Orb\n|move|p2b: Ferrothorn|Gyro Ball|p1a: Indeedee\n|-damage|p1a: Indeedee|0 fnt\n|faint|p1a: Indeedee\n|\n|upkeep\n|c|\u2606Sencopion|dear lord\n|inactive|beasknees has 270 seconds left.\n|\n|t:|1696360428\n|switch|p2a: Trevenant|Trevenant, M|100\/100\n|switch|p1a: Farigiraf|Farigiraf, M|100\/100\n|turn|3\n|\n|t:|1696360448\n|move|p1b: Armarouge|Protect|p1b: Armarouge\n|-singleturn|p1b: Armarouge|Protect\n|move|p2b: Ferrothorn|Power Whip|p1a: Farigiraf\n|-damage|p1a: Farigiraf|43\/100\n|move|p1a: Farigiraf|Trick Room|p1a: Farigiraf\n|-fieldstart|move: Trick Room|[of] p1a: Farigiraf\n|move|p2a: Trevenant|Trick Room|p2a: Trevenant\n|-fieldend|move: Trick Room\n|\n|upkeep\n|turn|4\n|c|\u2606beasknees|GOD\n|c|\u2606Sencopion|this is painful\n|inactive|Sencopion has 270 seconds left.\n|inactive|beasknees has 270 seconds left.\n|\n|t:|1696360487\n|move|p1a: Farigiraf|Protect|p1a: Farigiraf\n|-singleturn|p1a: Farigiraf|Protect\n|move|p1b: Armarouge|Expanding Force|p2a: Trevenant|[spread] p2a,p2b\n|-resisted|p2b: Ferrothorn\n|-damage|p2a: Trevenant|39\/100\n|-damage|p2b: Ferrothorn|51\/100\n|-damage|p1b: Armarouge|81\/100|[from] item: Life Orb\n|move|p2a: Trevenant|Toxic|p1b: Armarouge\n|-status|p1b: Armarouge|tox\n|move|p2b: Ferrothorn|Knock Off|p1b: Armarouge\n|-supereffective|p1b: Armarouge\n|-damage|p1b: Armarouge|23\/100 tox\n|-enditem|p1b: Armarouge|Life Orb|[from] move: Knock Off|[of] p2b: Ferrothorn\n|\n|-heal|p2a: Trevenant|45\/100|[from] item: Leftovers\n|-damage|p1b: Armarouge|17\/100 tox|[from] psn\n|upkeep\n|turn|5\n|inactive|beasknees has 270 seconds left.\n|\n|t:|1696360525\n|move|p1b: Armarouge|Armor Cannon|p2b: Ferrothorn\n|-supereffective|p2b: Ferrothorn\n|-crit|p2b: Ferrothorn\n|-damage|p2b: Ferrothorn|0 fnt\n|-unboost|p1b: Armarouge|def|1\n|-unboost|p1b: Armarouge|spd|1\n|faint|p2b: Ferrothorn\n|move|p1a: Farigiraf|Trick Room|p1a: Farigiraf\n|-fieldstart|move: Trick Room|[of] p1a: Farigiraf\n|move|p2a: Trevenant|Trick Room|p2a: Trevenant\n|-fieldend|move: Trick Room\n|\n|-heal|p2a: Trevenant|51\/100|[from] item: Leftovers\n|-damage|p1b: Armarouge|5\/100 tox|[from] psn\n|-fieldend|move: Psychic Terrain\n|upkeep\n|\n|t:|1696360543\n|switch|p2b: Dipplin|Dipplin, F|100\/100\n|-ability|p2b: Dipplin|Supersweet Syrup\n|-ability|p2b: Dipplin|Supersweet Syrup|boost\n|-unboost|p1a: Farigiraf|evasion|1\n|-unboost|p1b: Armarouge|evasion|1\n|turn|6\n|c|\u2606Sencopion|def a battle of all time\n|\n|t:|1696360559\n|move|p1b: Armarouge|Armor Cannon|p2a: Trevenant\n|-supereffective|p2a: Trevenant\n|-damage|p2a: Trevenant|0 fnt\n|-unboost|p1b: Armarouge|def|1\n|-unboost|p1b: Armarouge|spd|1\n|faint|p2a: Trevenant\n|move|p2b: Dipplin|Dragon Pulse|p1a: Farigiraf\n|-damage|p1a: Farigiraf|0 fnt\n|faint|p1a: Farigiraf\n|\n|-damage|p1b: Armarouge|0 fnt|[from] psn\n|faint|p1b: Armarouge\n|upkeep\n|inactive|beasknees has 270 seconds left.\n|\n|t:|1696360571\n|switch|p1a: Vikavolt|Vikavolt, F|100\/100\n|switch|p1b: Torkoal|Torkoal, M|100\/100\n|switch|p2a: Rotom|Rotom-Mow|100\/100\n|-weather|SunnyDay|[from] ability: Drought|[of] p1b: Torkoal\n|turn|7\n|inactive|beasknees has 270 seconds left.\n|\n|t:|1696360602\n|move|p2b: Dipplin|Protect|p2b: Dipplin\n|-singleturn|p2b: Dipplin|Protect\n|move|p2a: Rotom|Volt Switch|p1b: Torkoal\n|-damage|p1b: Torkoal|29\/100\n|\n|t:|1696360608\n|switch|p2a: Meowscarada|Meowscarada, M|100\/100|[from] Volt Switch\n|move|p1a: Vikavolt|Bug Buzz|p2b: Dipplin\n|-activate|p2b: Dipplin|move: Protect\n|move|p1b: Torkoal|Eruption|p2a: Meowscarada|[spread] p2a\n|-activate|p2b: Dipplin|move: Protect\n|-supereffective|p2a: Meowscarada\n|-damage|p2a: Meowscarada|46\/100\n|\n|-weather|SunnyDay|[upkeep]\n|upkeep\n|turn|8\n|inactive|beasknees has 270 seconds left.\n|\n|t:|1696360641\n|move|p2a: Meowscarada|Play Rough|p1a: Vikavolt\n|-start|p2a: Meowscarada|typechange|Fairy|[from] ability: Protean\n|-damage|p1a: Vikavolt|50\/100\n|move|p2b: Dipplin|Pollen Puff|p2a: Meowscarada\n|-heal|p2a: Meowscarada|96\/100\n|move|p1a: Vikavolt|Bug Buzz|p2a: Meowscarada\n|-resisted|p2a: Meowscarada\n|-damage|p2a: Meowscarada|74\/100\n|move|p1b: Torkoal|Eruption|p2b: Dipplin|[spread] p2a,p2b\n|-damage|p2a: Meowscarada|48\/100\n|-damage|p2b: Dipplin|78\/100\n|\n|-weather|SunnyDay|[upkeep]\n|upkeep\n|turn|9\n|\n|t:|1696360668\n|switch|p1b: Tatsugiri|Tatsugiri, M|100\/100\n|move|p1a: Vikavolt|Protect|p1a: Vikavolt\n|-singleturn|p1a: Vikavolt|Protect\n|move|p2a: Meowscarada|Play Rough|p1a: Vikavolt\n|-activate|p1a: Vikavolt|move: Protect\n|move|p2b: Dipplin|Pollen Puff|p2a: Meowscarada\n|-heal|p2a: Meowscarada|98\/100\n|\n|-weather|SunnyDay|[upkeep]\n|upkeep\n|turn|10\n|\n|t:|1696360698\n|move|p2a: Meowscarada|Play Rough|p1b: Tatsugiri\n|-supereffective|p1b: Tatsugiri\n|-damage|p1b: Tatsugiri|0 fnt\n|faint|p1b: Tatsugiri\n|move|p2b: Dipplin|Dragon Pulse|p1a: Vikavolt\n|-damage|p1a: Vikavolt|0 fnt\n|faint|p1a: Vikavolt\n|\n|-weather|SunnyDay|[upkeep]\n|upkeep\n|c|\u2606Sencopion|gg\n|\n|t:|1696360706\n|switch|p1b: Torkoal|Torkoal, M|29\/100\n|turn|11\n|c|\u2606beasknees|ggs\n|\n|t:|1696360714\n|move|p2a: Meowscarada|Play Rough|p1b: Torkoal\n|-resisted|p1b: Torkoal\n|-damage|p1b: Torkoal|14\/100\n|move|p2b: Dipplin|Syrup Bomb|p1b: Torkoal|[miss]\n|-miss|p2b: Dipplin|p1b: Torkoal\n|move|p1b: Torkoal|Heat Wave|p2b: Dipplin|[spread] p2b\n|-miss|p1b: Torkoal|p2a: Meowscarada\n|-damage|p2b: Dipplin|29\/100\n|\n|-weather|none\n|upkeep\n|turn|12\n|\n|t:|1696360726\n|move|p2a: Meowscarada|Flower Trick|p1b: Torkoal\n|-resisted|p1b: Torkoal\n|-crit|p1b: Torkoal\n|-damage|p1b: Torkoal|0 fnt\n|faint|p1b: Torkoal\n|\n|win|beasknees\n|c|\u2606Sencopion|ggwp\n|c|\u2606beasknees|same to you!\n|l|\u2606Sencopion\n","uploadtime":1696360954,"views":12,"p1id":"sencopion","p2id":"beasknees","formatid":"gen9nationaldexdoubles","rating":0,"private":0,"password":""}