{"id":"gen9nationaldexdoubles-1948331412","p1":"Cad48","p2":"Fnafnightmare","format":"[Gen 9] National Dex Doubles","log":"|j|\u2606Cad48\n|j|\u2606Fnafnightmare\n|t:|1695249383\n|gametype|doubles\n|player|p1|Cad48|thorton|\n|player|p2|Fnafnightmare|red|\n|teamsize|p1|6\n|teamsize|p2|6\n|gen|9\n|tier|[Gen 9] National Dex Doubles\n|rule|HP Percentage Mod: HP is shown in percentages\n|rule|Endless Battle Clause: Forcing endless battles is banned\n|rule|OHKO Clause: OHKO moves are banned\n|rule|Evasion Moves Clause: Evasion moves are banned\n|rule|Evasion Abilities Clause: Evasion abilities are banned\n|rule|Species Clause: Limit one of each Pok\u00e9mon\n|rule|Gravity Sleep Clause: The combination of sleep-inducing moves with imperfect accuracy and Gravity or Gigantamax Orbeetle are banned\n|clearpoke\n|poke|p1|Indeedee-F, F|\n|poke|p1|Bronzong|\n|poke|p1|Hatterene, F|\n|poke|p1|Armarouge, M|\n|poke|p1|Rabsca, M|\n|poke|p1|Oranguru, F|\n|poke|p2|Iron Valiant|\n|poke|p2|Tinkaton, F|\n|poke|p2|Scizor, M|\n|poke|p2|Meowscarada, M|\n|poke|p2|Grimmsnarl, M|\n|poke|p2|Vikavolt, F|\n|teampreview\n|c|\u2606Cad48|glhf!\n|c|\u2606Fnafnightmare|Sorry, it\u2019s an a while\n|c|\u2606Fnafnightmare|I was in a battle\n|\n|t:|1695249431\n|start\n|switch|p1a: Indeedee|Indeedee-F, F|100\/100\n|switch|p1b: Bronzong|Bronzong|100\/100\n|switch|p2a: Grimmsnarl|Grimmsnarl, M|100\/100\n|switch|p2b: Tinkaton|Tinkaton, F|100\/100\n|-ability|p2b: Tinkaton|Mold Breaker\n|-fieldstart|move: Psychic Terrain|[from] ability: Psychic Surge|[of] p1a: Indeedee\n|turn|1\n|\n|t:|1695249455\n|move|p1a: Indeedee|Follow Me|p1a: Indeedee\n|-singleturn|p1a: Indeedee|move: Follow Me\n|move|p2a: Grimmsnarl|Taunt|p1a: Indeedee\n|-activate|p1a: Indeedee|move: Psychic Terrain\n|move|p2b: Tinkaton|Knock Off|p1a: Indeedee\n|-supereffective|p1a: Indeedee\n|-damage|p1a: Indeedee|49\/100\n|-enditem|p1a: Indeedee|Terrain Extender|[from] move: Knock Off|[of] p2b: Tinkaton\n|move|p1b: Bronzong|Trick Room|p1b: Bronzong\n|-fieldstart|move: Trick Room|[of] p1b: Bronzong\n|\n|upkeep\n|turn|2\n|\n|t:|1695249472\n|move|p2a: Grimmsnarl|Parting Shot|p1b: Bronzong\n|-unboost|p1b: Bronzong|atk|1\n|-unboost|p1b: Bronzong|spa|1\n|\n|t:|1695249476\n|switch|p2a: Vikavolt|Vikavolt, F|100\/100|[from] Parting Shot\n|move|p1b: Bronzong|Reflect|p1b: Bronzong\n|-sidestart|p1: Cad48|Reflect\n|move|p1a: Indeedee|Expanding Force|p2a: Vikavolt|[spread] p2a,p2b\n|-resisted|p2b: Tinkaton\n|-damage|p2a: Vikavolt|56\/100\n|-damage|p2b: Tinkaton|86\/100\n|move|p2b: Tinkaton|Knock Off|p1a: Indeedee\n|-supereffective|p1a: Indeedee\n|-damage|p1a: Indeedee|24\/100\n|\n|upkeep\n|turn|3\n|\n|t:|1695249488\n|move|p1b: Bronzong|Light Screen|p1b: Bronzong\n|-sidestart|p1: Cad48|move: Light Screen\n|move|p2a: Vikavolt|Bug Buzz|p1b: Bronzong\n|-damage|p1b: Bronzong|77\/100\n|move|p1a: Indeedee|Expanding Force|p2b: Tinkaton|[spread] p2a,p2b\n|-resisted|p2b: Tinkaton\n|-damage|p2a: Vikavolt|7\/100\n|-damage|p2b: Tinkaton|72\/100\n|move|p2b: Tinkaton|Knock Off|p1b: Bronzong\n|-supereffective|p1b: Bronzong\n|-damage|p1b: Bronzong|52\/100\n|-enditem|p1b: Bronzong|Light Clay|[from] move: Knock Off|[of] p2b: Tinkaton\n|\n|upkeep\n|turn|4\n|\n|t:|1695249502\n|move|p1b: Bronzong|Gyro Ball|p2b: Tinkaton\n|-damage|p2b: Tinkaton|47\/100\n|move|p2a: Vikavolt|Bug Buzz|p1b: Bronzong\n|-damage|p1b: Bronzong|27\/100\n|move|p1a: Indeedee|Expanding Force|p2a: Vikavolt|[spread] p2a,p2b\n|-resisted|p2b: Tinkaton\n|-damage|p2a: Vikavolt|0 fnt\n|-damage|p2b: Tinkaton|31\/100\n|faint|p2a: Vikavolt\n|move|p2b: Tinkaton|Stealth Rock|p1a: Indeedee\n|-sidestart|p1: Cad48|move: Stealth Rock\n|\n|upkeep\n|\n|t:|1695249533\n|switch|p2a: Iron Valiant|Iron Valiant|100\/100\n|-enditem|p2a: Iron Valiant|Booster Energy\n|-activate|p2a: Iron Valiant|ability: Quark Drive|[fromitem]\n|-start|p2a: Iron Valiant|quarkdriveatk\n|turn|5\n|\n|t:|1695249551\n|move|p1a: Indeedee|Protect|p1a: Indeedee\n|-singleturn|p1a: Indeedee|Protect\n|move|p1b: Bronzong|Gyro Ball|p2a: Iron Valiant\n|-supereffective|p2a: Iron Valiant\n|-damage|p2a: Iron Valiant|37\/100\n|move|p2b: Tinkaton|Knock Off|p1a: Indeedee\n|-activate|p1a: Indeedee|move: Protect\n|move|p2a: Iron Valiant|Knock Off|p1b: Bronzong\n|-supereffective|p1b: Bronzong\n|-damage|p1b: Bronzong|0 fnt\n|faint|p1b: Bronzong\n|\n|-fieldend|move: Trick Room\n|upkeep\n|\n|t:|1695249562\n|switch|p1b: Hatterene|Hatterene, F|100\/100\n|-damage|p1b: Hatterene|88\/100|[from] Stealth Rock\n|turn|6\n|\n|t:|1695249578\n|-terastallize|p2a: Iron Valiant|Steel\n|move|p1a: Indeedee|Follow Me|p1a: Indeedee\n|-singleturn|p1a: Indeedee|move: Follow Me\n|move|p2a: Iron Valiant|Knock Off|p1a: Indeedee\n|-supereffective|p1a: Indeedee\n|-damage|p1a: Indeedee|0 fnt\n|faint|p1a: Indeedee\n|move|p2b: Tinkaton|Knock Off|p1b: Hatterene\n|-damage|p1b: Hatterene|73\/100\n|-enditem|p1b: Hatterene|Focus Sash|[from] move: Knock Off|[of] p2b: Tinkaton\n|move|p1b: Hatterene|Trick Room|p1b: Hatterene\n|-fieldstart|move: Trick Room|[of] p1b: Hatterene\n|\n|upkeep\n|\n|t:|1695249588\n|switch|p1a: Armarouge|Armarouge, M|100\/100\n|-damage|p1a: Armarouge|76\/100|[from] Stealth Rock\n|turn|7\n|\n|t:|1695249604\n|move|p1b: Hatterene|Mystical Fire|p2b: Tinkaton\n|-supereffective|p2b: Tinkaton\n|-damage|p2b: Tinkaton|0 fnt\n|faint|p2b: Tinkaton\n|move|p1a: Armarouge|Expanding Force|p2a: Iron Valiant\n|-resisted|p2a: Iron Valiant\n|-damage|p2a: Iron Valiant|0 fnt\n|faint|p2a: Iron Valiant\n|-end|p2a: Iron Valiant|Quark Drive|[silent]\n|\n|upkeep\n|\n|t:|1695249634\n|switch|p2b: Grimmsnarl|Grimmsnarl, M|100\/100\n|switch|p2a: Scizor|Scizor, M|100\/100\n|turn|8\n|\n|t:|1695249645\n|move|p2b: Grimmsnarl|Light Screen|p2b: Grimmsnarl\n|-sidestart|p2: Fnafnightmare|move: Light Screen\n|move|p1b: Hatterene|Dazzling Gleam|p2b: Grimmsnarl|[spread] p2a,p2b\n|-resisted|p2a: Scizor\n|-supereffective|p2b: Grimmsnarl\n|-damage|p2a: Scizor|85\/100\n|-damage|p2b: Grimmsnarl|56\/100\n|move|p2a: Scizor|Iron Head|p1b: Hatterene\n|-supereffective|p1b: Hatterene\n|-damage|p1b: Hatterene|17\/100\n|move|p1a: Armarouge|Armor Cannon|p2a: Scizor\n|-supereffective|p2a: Scizor\n|-damage|p2a: Scizor|0 fnt\n|-unboost|p1a: Armarouge|def|1\n|-unboost|p1a: Armarouge|spd|1\n|faint|p2a: Scizor\n|\n|-fieldend|move: Psychic Terrain\n|upkeep\n|\n|t:|1695249654\n|switch|p2a: Meowscarada|Meowscarada, M, shiny|100\/100\n|turn|9\n|\n|t:|1695249698\n|move|p2b: Grimmsnarl|Parting Shot|p1a: Armarouge\n|-unboost|p1a: Armarouge|atk|1\n|-unboost|p1a: Armarouge|spa|1\n|move|p1b: Hatterene|Dazzling Gleam|p2a: Meowscarada|[spread] p2a,p2b\n|-supereffective|p2a: Meowscarada\n|-supereffective|p2b: Grimmsnarl\n|-damage|p2a: Meowscarada|35\/100\n|-damage|p2b: Grimmsnarl|15\/100\n|move|p1a: Armarouge|Armor Cannon|p2b: Grimmsnarl\n|-damage|p2b: Grimmsnarl|0 fnt\n|-unboost|p1a: Armarouge|def|1\n|-unboost|p1a: Armarouge|spd|1\n|faint|p2b: Grimmsnarl\n|move|p2a: Meowscarada|Knock Off|p1b: Hatterene\n|-start|p2a: Meowscarada|typechange|Dark|[from] ability: Protean\n|-damage|p1b: Hatterene|0 fnt\n|faint|p1b: Hatterene\n|\n|-sideend|p1: Cad48|Reflect\n|upkeep\n|\n|t:|1695249720\n|switch|p1b: Rabsca|Rabsca, M|100\/100\n|-damage|p1b: Rabsca|76\/100|[from] Stealth Rock\n|turn|10\n|\n|t:|1695249730\n|move|p1b: Rabsca|Bug Buzz|p2a: Meowscarada\n|-supereffective|p2a: Meowscarada\n|-damage|p2a: Meowscarada|0 fnt\n|faint|p2a: Meowscarada\n|\n|win|Cad48\n|c|\u2606Cad48|gg\n|c|\u2606Fnafnightmare|Gg\n","uploadtime":1695249749,"views":9,"p1id":"cad48","p2id":"fnafnightmare","formatid":"gen9nationaldexdoubles","rating":0,"private":0,"password":""}