{"id":"gen9nationaldexdoubles-1992254065","p1":"DracoAxel","p2":"Kazutoxo","format":"[Gen 9] National Dex Doubles","log":"|j|\u2606DracoAxel\n|j|\u2606Kazutoxo\n|t:|1700168041\n|gametype|doubles\n|player|p1|DracoAxel|nate|\n|player|p2|Kazutoxo|ingo|\n|teamsize|p1|6\n|teamsize|p2|6\n|gen|9\n|tier|[Gen 9] National Dex Doubles\n|rule|HP Percentage Mod: HP is shown in percentages\n|rule|Endless Battle Clause: Forcing endless battles is banned\n|rule|OHKO Clause: OHKO moves are banned\n|rule|Evasion Moves Clause: Evasion moves are banned\n|rule|Evasion Abilities Clause: Evasion abilities are banned\n|rule|Species Clause: Limit one of each Pok\u00e9mon\n|rule|Gravity Sleep Clause: The combination of sleep-inducing moves with imperfect accuracy and Gravity or Gigantamax Orbeetle are banned\n|clearpoke\n|poke|p1|Marshadow|\n|poke|p1|Iron Hands|\n|poke|p1|Zapdos-Galar|\n|poke|p1|Lucario, F|\n|poke|p1|Iron Valiant|\n|poke|p1|Zamazenta-*|\n|poke|p2|Iron Hands|\n|poke|p2|Scrafty, F|\n|poke|p2|Iron Valiant|\n|poke|p2|Tauros-Paldea-Blaze, M|\n|poke|p2|Medicham, M|\n|poke|p2|Hawlucha, M|\n|teampreview\n|\n|t:|1700168064\n|start\n|switch|p1a: El ca\u00f1on|Zamazenta|100\/100\n|switch|p1b: El luca|Lucario, F|100\/100\n|switch|p2a: Tauros|Tauros-Paldea-Blaze, M|100\/100\n|switch|p2b: Hawlucha|Hawlucha, M|100\/100\n|-ability|p2b: Hawlucha|Mold Breaker\n|-ability|p2a: Tauros|Intimidate|boost\n|-unboost|p1a: El ca\u00f1on|atk|1\n|-unboost|p1b: El luca|atk|1\n|-ability|p1a: El ca\u00f1on|Dauntless Shield|boost\n|-boost|p1a: El ca\u00f1on|def|1\n|turn|1\n|\n|t:|1700168113\n|detailschange|p1b: El luca|Lucario-Mega, F\n|-mega|p1b: El luca|Lucario|Lucarionite\n|move|p1a: El ca\u00f1on|Helping Hand|p1b: El luca\n|-singleturn|p1b: El luca|Helping Hand|[of] p1a: El ca\u00f1on\n|move|p2b: Hawlucha|Tailwind|p2b: Hawlucha\n|-sidestart|p2: Kazutoxo|move: Tailwind\n|move|p2a: Tauros|Will-O-Wisp|p1a: El ca\u00f1on\n|-status|p1a: El ca\u00f1on|brn\n|move|p1b: El luca|Ice Punch|p2b: Hawlucha\n|-supereffective|p2b: Hawlucha\n|-damage|p2b: Hawlucha|29\/100\n|\n|-damage|p1a: El ca\u00f1on|94\/100 brn|[from] brn\n|upkeep\n|turn|2\n|\n|t:|1700168135\n|move|p1b: El luca|Bullet Punch|p2b: Hawlucha\n|-damage|p2b: Hawlucha|5\/100\n|move|p2b: Hawlucha|Brick Break|p1b: El luca\n|-supereffective|p1b: El luca\n|-damage|p1b: El luca|29\/100\n|move|p2a: Tauros|Will-O-Wisp|p1b: El luca\n|-status|p1b: El luca|brn\n|move|p1a: El ca\u00f1on|Reflect|p1a: El ca\u00f1on\n|-sidestart|p1: DracoAxel|Reflect\n|\n|-damage|p1b: El luca|23\/100 brn|[from] brn\n|-damage|p1a: El ca\u00f1on|88\/100 brn|[from] brn\n|upkeep\n|turn|3\n|\n|t:|1700168154\n|move|p2b: Hawlucha|Protect|p2b: Hawlucha\n|-singleturn|p2b: Hawlucha|Protect\n|move|p1b: El luca|Bullet Punch|p2a: Tauros\n|-resisted|p2a: Tauros\n|-damage|p2a: Tauros|95\/100\n|move|p2a: Tauros|Raging Bull|p1b: El luca\n|-sideend|p1: DracoAxel|Reflect\n|-supereffective|p1b: El luca\n|-damage|p1b: El luca|0 fnt\n|faint|p1b: El luca\n|move|p1a: El ca\u00f1on|Crunch|p2a: Tauros\n|-resisted|p2a: Tauros\n|-crit|p2a: Tauros\n|-damage|p2a: Tauros|83\/100\n|-damage|p1a: El ca\u00f1on|78\/100 brn|[from] item: Life Orb\n|\n|-damage|p1a: El ca\u00f1on|72\/100 brn|[from] brn\n|upkeep\n|\n|t:|1700168166\n|switch|p1b: Federico|Zapdos-Galar|100\/100\n|turn|4\n|\n|t:|1700168192\n|move|p1a: El ca\u00f1on|Helping Hand|p1b: Federico\n|-singleturn|p1b: Federico|Helping Hand|[of] p1a: El ca\u00f1on\n|move|p2b: Hawlucha|Dual Wingbeat|p1b: Federico\n|-supereffective|p1b: Federico\n|-damage|p1b: Federico|74\/100\n|-supereffective|p1b: Federico\n|-damage|p1b: Federico|49\/100\n|-hitcount|p1b: Federico|2\n|move|p2a: Tauros|Will-O-Wisp|p1b: Federico\n|-status|p1b: Federico|brn\n|move|p1b: Federico|Brave Bird|p2a: Tauros\n|-supereffective|p2a: Tauros\n|-damage|p2a: Tauros|0 fnt\n|faint|p2a: Tauros\n|-damage|p1b: Federico|20\/100 brn|[from] Recoil\n|-damage|p1b: Federico|10\/100 brn|[from] item: Life Orb\n|\n|-damage|p1a: El ca\u00f1on|66\/100 brn|[from] brn\n|-damage|p1b: Federico|3\/100 brn|[from] brn\n|-sideend|p2: Kazutoxo|move: Tailwind\n|upkeep\n|\n|t:|1700168220\n|switch|p2a: Iron Hands|Iron Hands|100\/100\n|turn|5\n|\n|t:|1700168233\n|move|p2a: Iron Hands|Fake Out|p1b: Federico\n|-damage|p1b: Federico|0 fnt\n|faint|p1b: Federico\n|move|p2b: Hawlucha|Tailwind|p2b: Hawlucha\n|-sidestart|p2: Kazutoxo|move: Tailwind\n|move|p1a: El ca\u00f1on|Reflect|p1a: El ca\u00f1on\n|-sidestart|p1: DracoAxel|Reflect\n|\n|-damage|p1a: El ca\u00f1on|60\/100 brn|[from] brn\n|upkeep\n|\n|t:|1700168239\n|switch|p1b: Alex|Marshadow|100\/100\n|turn|6\n|\n|t:|1700168250\n|move|p1a: El ca\u00f1on|Helping Hand|p1b: Alex\n|-singleturn|p1b: Alex|Helping Hand|[of] p1a: El ca\u00f1on\n|move|p1b: Alex|Shadow Sneak|p2b: Hawlucha\n|-damage|p2b: Hawlucha|0 fnt\n|faint|p2b: Hawlucha\n|move|p2a: Iron Hands|Play Rough|p1b: Alex|[miss]\n|-miss|p2a: Iron Hands|p1b: Alex\n|\n|-damage|p1a: El ca\u00f1on|54\/100 brn|[from] brn\n|upkeep\n|\n|t:|1700168264\n|switch|p2b: Scrafty|Scrafty, F|100\/100\n|-ability|p2b: Scrafty|Intimidate|boost\n|-unboost|p1a: El ca\u00f1on|atk|1\n|-unboost|p1b: Alex|atk|1\n|turn|7\n|\n|t:|1700168290\n|switch|p1b: El femboy|Iron Valiant|100\/100\n|switch|p1a: El pajas|Iron Hands|100\/100\n|-end|p2a: Iron Hands|Quark Drive|[silent]\n|switch|p2a: Iron Valiant|Iron Valiant|100\/100\n|-enditem|p2a: Iron Valiant|Booster Energy\n|-activate|p2a: Iron Valiant|ability: Quark Drive|[fromitem]\n|-start|p2a: Iron Valiant|quarkdrivespe\n|move|p2b: Scrafty|Fake Out|p1a: El pajas\n|-crit|p1a: El pajas\n|-damage|p1a: El pajas|93\/100\n|\n|-heal|p1a: El pajas|99\/100|[from] item: Leftovers\n|upkeep\n|turn|8\n|\n|t:|1700168328\n|move|p2a: Iron Valiant|Dazzling Gleam|p1a: El pajas|[spread] p1a,p1b\n|-supereffective|p1a: El pajas\n|-supereffective|p1b: El femboy\n|-damage|p1a: El pajas|52\/100\n|-damage|p1b: El femboy|0 fnt\n|faint|p1b: El femboy\n|-end|p1b: El femboy|Quark Drive|[silent]\n|move|p2b: Scrafty|Knock Off|p1a: El pajas\n|-resisted|p1a: El pajas\n|-damage|p1a: El pajas|46\/100\n|-enditem|p1a: El pajas|Leftovers|[from] move: Knock Off|[of] p2b: Scrafty\n|move|p1a: El pajas|Electric Terrain|p1a: El pajas\n|-fieldstart|move: Electric Terrain\n|-activate|p1a: El pajas|ability: Quark Drive\n|-start|p1a: El pajas|quarkdriveatk\n|\n|-sideend|p2: Kazutoxo|move: Tailwind\n|upkeep\n|\n|t:|1700168338\n|switch|p1b: Alex|Marshadow|100\/100\n|turn|9\n|\n|t:|1700168361\n|move|p2a: Iron Valiant|Dazzling Gleam|p1a: El pajas|[spread] p1a,p1b\n|-supereffective|p1a: El pajas\n|-supereffective|p1b: Alex\n|-damage|p1a: El pajas|4\/100\n|-damage|p1b: Alex|29\/100\n|move|p1b: Alex|Rock Tomb|p2a: Iron Valiant\n|-resisted|p2a: Iron Valiant\n|-damage|p2a: Iron Valiant|79\/100\n|-unboost|p2a: Iron Valiant|spe|1\n|move|p2b: Scrafty|Knock Off|p1b: Alex\n|-crit|p1b: Alex\n|-damage|p1b: Alex|0 fnt\n|-enditem|p1b: Alex|Focus Sash|[from] move: Knock Off|[of] p2b: Scrafty\n|faint|p1b: Alex\n|move|p1a: El pajas|Wild Charge|p2b: Scrafty\n|-damage|p2b: Scrafty|42\/100\n|-enditem|p2b: Scrafty|Sitrus Berry|[eat]\n|-heal|p2b: Scrafty|67\/100|[from] item: Sitrus Berry\n|-damage|p1a: El pajas|0 fnt|[from] Recoil\n|faint|p1a: El pajas\n|-end|p1a: El pajas|Quark Drive|[silent]\n|\n|-sideend|p1: DracoAxel|Reflect\n|upkeep\n|\n|t:|1700168366\n|switch|p1b: El ca\u00f1on|Zamazenta|54\/100 brn\n|turn|10\n|\n|t:|1700168387\n|move|p2a: Iron Valiant|Moonblast|p1b: El ca\u00f1on\n|-supereffective|p1b: El ca\u00f1on\n|-damage|p1b: El ca\u00f1on|0 fnt\n|faint|p1b: El ca\u00f1on\n|\n|win|Kazutoxo\n|l|\u2606DracoAxel\n","uploadtime":1700168408,"views":15,"p1id":"dracoaxel","p2id":"kazutoxo","formatid":"gen9nationaldexdoubles","rating":0,"private":0,"password":""}