{"id":"gen9nationaldexdoubles-1950095799","p1":"lamebagels","p2":"kingspeed51","format":"[Gen 9] National Dex Doubles","log":"|j|\u2606lamebagels\n|j|\u2606kingspeed51\n|t:|1695425598\n|gametype|doubles\n|player|p1|lamebagels|rei-isekai|1158\n|player|p2|kingspeed51|2|1219\n|teamsize|p1|6\n|teamsize|p2|6\n|gen|9\n|tier|[Gen 9] National Dex Doubles\n|rated|\n|rule|HP Percentage Mod: HP is shown in percentages\n|rule|Endless Battle Clause: Forcing endless battles is banned\n|rule|OHKO Clause: OHKO moves are banned\n|rule|Evasion Moves Clause: Evasion moves are banned\n|rule|Evasion Abilities Clause: Evasion abilities are banned\n|rule|Species Clause: Limit one of each Pok\u00e9mon\n|rule|Gravity Sleep Clause: The combination of sleep-inducing moves with imperfect accuracy and Gravity or Gigantamax Orbeetle are banned\n|clearpoke\n|poke|p1|Torracat, F|\n|poke|p1|Slowbro-Galar, F|\n|poke|p1|Arboliva, M|\n|poke|p1|Hydreigon, F|\n|poke|p1|Zapdos-Galar|\n|poke|p1|Jirachi|\n|poke|p2|Iron Treads|\n|poke|p2|Dragonite, M|\n|poke|p2|Milotic, F|\n|poke|p2|Sinistcha|\n|poke|p2|Klefki, F|\n|poke|p2|Chansey, F|\n|teampreview\n|\n|t:|1695425621\n|start\n|switch|p1a: Smokey|Torracat, F|100\/100\n|switch|p1b: kingdorah|Hydreigon, F|100\/100\n|switch|p2a: Klefki|Klefki, F|100\/100\n|switch|p2b: Iron Treads|Iron Treads|100\/100\n|-ability|p1a: Smokey|Intimidate|boost\n|-unboost|p2a: Klefki|atk|1\n|-unboost|p2b: Iron Treads|atk|1\n|-enditem|p2b: Iron Treads|Booster Energy\n|-activate|p2b: Iron Treads|ability: Quark Drive|[fromitem]\n|-start|p2b: Iron Treads|quarkdrivespe\n|turn|1\n|\n|t:|1695425638\n|move|p1a: Smokey|Fake Out|p2b: Iron Treads\n|-resisted|p2b: Iron Treads\n|-damage|p2b: Iron Treads|96\/100\n|cant|p2b: Iron Treads|flinch\n|move|p1b: kingdorah|Hydro Pump|p2b: Iron Treads\n|-supereffective|p2b: Iron Treads\n|-crit|p2b: Iron Treads\n|-damage|p2b: Iron Treads|0 fnt\n|faint|p2b: Iron Treads\n|-end|p2b: Iron Treads|Quark Drive|[silent]\n|move|p2a: Klefki|Dazzling Gleam|p1b: kingdorah|[spread] p1a,p1b\n|-resisted|p1a: Smokey\n|-crit|p1a: Smokey\n|-supereffective|p1b: kingdorah\n|-damage|p1a: Smokey|81\/100\n|-damage|p1b: kingdorah|19\/100\n|\n|upkeep\n|\n|t:|1695425651\n|switch|p2b: Milotic|Milotic, F|100\/100\n|turn|2\n|\n|t:|1695425660\n|switch|p1b: inal|Arboliva, M, shiny|100\/100\n|move|p1a: Smokey|Will-O-Wisp|p2b: Milotic\n|-status|p2b: Milotic|brn\n|move|p2b: Milotic|Scald|p1a: Smokey\n|-supereffective|p1a: Smokey\n|-damage|p1a: Smokey|1\/100\n|move|p2a: Klefki|Dazzling Gleam|p1a: Smokey|[spread] p1a,p1b\n|-resisted|p1a: Smokey\n|-crit|p1b: inal\n|-damage|p1a: Smokey|0 fnt\n|-damage|p1b: inal|85\/100\n|-fieldstart|move: Grassy Terrain|[from] ability: Seed Sower|[of] p1b: inal\n|faint|p1a: Smokey\n|\n|-heal|p1b: inal|91\/100|[from] Grassy Terrain\n|-damage|p2b: Milotic|94\/100 brn|[from] brn\n|upkeep\n|\n|t:|1695425676\n|switch|p1a: wishweaver|Jirachi, shiny|100\/100\n|turn|3\n|\n|t:|1695425704\n|switch|p2b: Dragonite|Dragonite, M|100\/100\n|move|p2a: Klefki|Light Screen|p2a: Klefki\n|-sidestart|p2: kingspeed51|move: Light Screen\n|move|p1a: wishweaver|Thunder Wave|p2a: Klefki\n|-status|p2a: Klefki|par\n|move|p1b: inal|Giga Drain|p2b: Dragonite\n|-resisted|p2b: Dragonite\n|-damage|p2b: Dragonite|91\/100\n|-heal|p1b: inal|96\/100|[from] drain|[of] p2b: Dragonite\n|\n|-heal|p1b: inal|100\/100|[from] Grassy Terrain\n|upkeep\n|turn|4\n|\n|t:|1695425723\n|move|p2b: Dragonite|Dual Wingbeat|p1b: inal\n|-supereffective|p1b: inal\n|-damage|p1b: inal|42\/100\n|-supereffective|p1b: inal\n|-damage|p1b: inal|0 fnt\n|faint|p1b: inal\n|-hitcount|p1: inal|2\n|-damage|p2b: Dragonite|81\/100|[from] item: Life Orb\n|move|p1a: wishweaver|Play Rough|p2b: Dragonite\n|-supereffective|p2b: Dragonite\n|-damage|p2b: Dragonite|14\/100\n|move|p2a: Klefki|Dazzling Gleam|p1a: wishweaver\n|-resisted|p1a: wishweaver\n|-damage|p1a: wishweaver|91\/100\n|\n|-heal|p1a: wishweaver|97\/100|[from] Grassy Terrain\n|-heal|p1a: wishweaver|100\/100|[from] item: Leftovers\n|upkeep\n|\n|t:|1695425733\n|switch|p1b: daffodil|Zapdos-Galar, shiny|100\/100\n|turn|5\n|\n|t:|1695425755\n|-terastallize|p2b: Dragonite|Normal\n|move|p2b: Dragonite|Extreme Speed|p1b: daffodil\n|-damage|p1b: daffodil|27\/100\n|-damage|p2b: Dragonite|4\/100|[from] item: Life Orb\n|move|p2a: Klefki|Reflect|p2a: Klefki\n|-sidestart|p2: kingspeed51|Reflect\n|move|p1b: daffodil|U-turn|p2b: Dragonite\n|-damage|p2b: Dragonite|0 fnt\n|faint|p2b: Dragonite\n|\n|t:|1695425765\n|switch|p1b: \u201csorrybro!\u201d|Slowbro-Galar, F, shiny|100\/100|[from] U-turn\n|move|p1a: wishweaver|Meteor Mash|p2a: Klefki\n|-damage|p2a: Klefki|70\/100 par\n|-boost|p1a: wishweaver|atk|1\n|\n|-heal|p2a: Klefki|76\/100 par|[from] Grassy Terrain\n|upkeep\n|\n|t:|1695425787\n|switch|p2b: Sinistcha|Sinistcha|100\/100\n|-heal|p2a: Klefki|100\/100 par|[from] ability: Hospitality|[of] p2b: Sinistcha\n|turn|6\n|inactive|Battle timer is ON: inactive players will automatically lose when time's up. (requested by kingspeed51)\n|inactive|lamebagels has 120 seconds left.\n|l|\u2606lamebagels\n|inactive|lamebagels disconnected and has a minute to reconnect!\n|player|p1|\n|j|\u2606lamebagels\n|inactive|lamebagels reconnected and has 115 seconds left.\n|player|p1|lamebagels|rei-isekai\n|\n|t:|1695425883\n|move|p1a: wishweaver|Thunder Wave|p2b: Sinistcha\n|-status|p2b: Sinistcha|par\n|move|p2a: Klefki|Dazzling Gleam|p1a: wishweaver|[spread] p1a,p1b\n|-resisted|p1a: wishweaver\n|-resisted|p1b: \u201csorrybro!\u201d\n|-crit|p1b: \u201csorrybro!\u201d\n|-damage|p1a: wishweaver|93\/100\n|-damage|p1b: \u201csorrybro!\u201d|87\/100\n|move|p2b: Sinistcha|Shadow Ball|p1a: wishweaver\n|-supereffective|p1a: wishweaver\n|-damage|p1a: wishweaver|26\/100\n|move|p1b: \u201csorrybro!\u201d|Flamethrower|p2a: Klefki\n|-supereffective|p2a: Klefki\n|-damage|p2a: Klefki|69\/100 par\n|\n|-heal|p1a: wishweaver|32\/100|[from] Grassy Terrain\n|-heal|p1a: wishweaver|38\/100|[from] item: Leftovers\n|-heal|p2a: Klefki|75\/100 par|[from] Grassy Terrain\n|-heal|p1b: \u201csorrybro!\u201d|93\/100|[from] Grassy Terrain\n|-fieldend|move: Grassy Terrain\n|upkeep\n|turn|7\n|\n|t:|1695425910\n|switch|p2a: Milotic|Milotic, F|94\/100 brn\n|move|p1a: wishweaver|Meteor Mash|p2a: Milotic\n|-resisted|p2a: Milotic\n|-damage|p2a: Milotic|77\/100 brn\n|move|p2b: Sinistcha|Shadow Ball|p1a: wishweaver\n|-supereffective|p1a: wishweaver\n|-damage|p1a: wishweaver|0 fnt\n|faint|p1a: wishweaver\n|move|p1b: \u201csorrybro!\u201d|Flamethrower|p2a: Milotic\n|-resisted|p2a: Milotic\n|-damage|p2a: Milotic|71\/100 brn\n|\n|-damage|p2a: Milotic|65\/100 brn|[from] brn\n|upkeep\n|\n|t:|1695425920\n|switch|p1a: daffodil|Zapdos-Galar, shiny|27\/100\n|turn|8\n|\n|t:|1695425931\n|move|p1a: daffodil|Brave Bird|p2b: Sinistcha\n|-supereffective|p2b: Sinistcha\n|-damage|p2b: Sinistcha|20\/100 par\n|-damage|p1a: daffodil|0 fnt|[from] Recoil\n|faint|p1a: daffodil\n|move|p2a: Milotic|Scald|p1b: \u201csorrybro!\u201d\n|-damage|p1b: \u201csorrybro!\u201d|58\/100\n|move|p2b: Sinistcha|Shadow Ball|p1b: \u201csorrybro!\u201d\n|-supereffective|p1b: \u201csorrybro!\u201d\n|-damage|p1b: \u201csorrybro!\u201d|0 fnt\n|faint|p1b: \u201csorrybro!\u201d\n|\n|-damage|p2a: Milotic|59\/100 brn|[from] brn\n|upkeep\n|\n|t:|1695425948\n|switch|p1b: kingdorah|Hydreigon, F|19\/100\n|turn|9\n|-message|lamebagels forfeited.\n|\n|win|kingspeed51\n|raw|lamebagels's rating: 1158 &rarr; <strong>1137<\/strong><br \/>(-21 for losing)\n|raw|kingspeed51's rating: 1219 &rarr; <strong>1240<\/strong><br \/>(+21 for winning)\n|l|\u2606lamebagels\n","uploadtime":1695425953,"views":7,"p1id":"lamebagels","p2id":"kingspeed51","formatid":"gen9nationaldexdoubles","rating":1137,"private":0,"password":""}