{"id":"gen9nationaldexdoubles-1962883643","p1":"Mayo_Naise_lol","p2":"Junky Dummy","format":"[Gen 9] National Dex Doubles","log":"|j|\u2606Mayo_Naise_lol\n|j|\u2606Junky Dummy\n|t:|1696801544\n|gametype|doubles\n|player|p1|Mayo_Naise_lol|harlequin|\n|player|p2|Junky Dummy|1|\n|teamsize|p1|6\n|teamsize|p2|6\n|gen|9\n|tier|[Gen 9] National Dex Doubles\n|rule|HP Percentage Mod: HP is shown in percentages\n|rule|Endless Battle Clause: Forcing endless battles is banned\n|rule|OHKO Clause: OHKO moves are banned\n|rule|Evasion Moves Clause: Evasion moves are banned\n|rule|Evasion Abilities Clause: Evasion abilities are banned\n|rule|Species Clause: Limit one of each Pok\u00e9mon\n|rule|Gravity Sleep Clause: The combination of sleep-inducing moves with imperfect accuracy and Gravity or Gigantamax Orbeetle are banned\n|clearpoke\n|poke|p1|Weezing, M|\n|poke|p1|Regigigas|\n|poke|p1|Tornadus, M|\n|poke|p1|Urshifu-*, F|\n|poke|p1|Regieleki|\n|poke|p1|Toedscruel, F|\n|poke|p2|Tapu Lele|\n|poke|p2|Regieleki|\n|poke|p2|Swampert, M|\n|poke|p2|Politoed, F|\n|poke|p2|Tornadus, M|\n|poke|p2|Kartana|\n|teampreview\n|inactive|Battle timer is ON: inactive players will automatically lose when time's up. (requested by Junky Dummy)\n|\n|t:|1696801559\n|start\n|switch|p1a: Let me win plz|Weezing, M|100\/100\n|switch|p1b: Idliketoliveplz|Toedscruel, F|100\/100\n|switch|p2a: Tornadus|Tornadus, M, shiny|100\/100\n|switch|p2b: Kartana|Kartana, shiny|100\/100\n|-ability|p1a: Let me win plz|Neutralizing Gas\n|turn|1\n|inactive|Mayo_Naise_lol has 270 seconds left.\n|\n|t:|1696801600\n|move|p2a: Tornadus|Taunt|p1b: Idliketoliveplz\n|-start|p1b: Idliketoliveplz|move: Taunt\n|move|p2b: Kartana|Substitute|p2b: Kartana\n|-start|p2b: Kartana|Substitute\n|-damage|p2b: Kartana|76\/100\n|cant|p1b: Idliketoliveplz|move: Taunt|Spore\n|move|p1a: Let me win plz|Will-O-Wisp||[still]\n|-fail|p1a: Let me win plz\n|\n|upkeep\n|turn|2\n|inactive|Mayo_Naise_lol has 270 seconds left.\n|inactive|Junky Dummy has 270 seconds left.\n|\n|t:|1696801639\n|switch|p1b: Tornadus|Tornadus, M|100\/100\n|move|p1a: Let me win plz|Protect|p1a: Let me win plz\n|-singleturn|p1a: Let me win plz|Protect\n|move|p2a: Tornadus|Tailwind|p2a: Tornadus\n|-sidestart|p2: Junky Dummy|move: Tailwind\n|move|p2b: Kartana|Leaf Blade|p1b: Tornadus\n|-resisted|p1b: Tornadus\n|-damage|p1b: Tornadus|66\/100\n|\n|upkeep\n|turn|3\n|inactive|Mayo_Naise_lol has 270 seconds left.\n|inactive|Junky Dummy has 270 seconds left.\n|\n|t:|1696801668\n|move|p2a: Tornadus|Taunt|p1b: Tornadus\n|-start|p1b: Tornadus|move: Taunt\n|-zpower|p2b: Kartana\n|move|p2b: Kartana|All-Out Pummeling|p1a: Let me win plz|[zeffect]\n|-resisted|p1a: Let me win plz\n|-damage|p1a: Let me win plz|71\/100\n|cant|p1b: Tornadus|move: Taunt|Tailwind\n|move|p1a: Let me win plz|Sludge Bomb|p2a: Tornadus\n|-damage|p2a: Tornadus|66\/100\n|\n|-heal|p1a: Let me win plz|77\/100|[from] item: Leftovers\n|upkeep\n|turn|4\n|inactive|Mayo_Naise_lol has 270 seconds left.\n|inactive|Junky Dummy has 270 seconds left.\n|\n|t:|1696801704\n|move|p2b: Kartana|Protect|p2b: Kartana\n|-singleturn|p2b: Kartana|Protect\n|move|p1a: Let me win plz|Protect|p1a: Let me win plz\n|-singleturn|p1a: Let me win plz|Protect\n|move|p2a: Tornadus|Hurricane|p1b: Tornadus\n|-damage|p1b: Tornadus|2\/100\n|move|p1b: Tornadus|U-turn|p2a: Tornadus\n|-resisted|p2a: Tornadus\n|-damage|p2a: Tornadus|54\/100\n|inactive|Mayo_Naise_lol has 240 seconds left.\n|\n|t:|1696801726\n|switch|p1b: Peak|Regigigas|100\/100|[from] U-turn\n|\n|-heal|p1a: Let me win plz|83\/100|[from] item: Leftovers\n|upkeep\n|turn|5\n|inactive|Junky Dummy has 270 seconds left.\n|inactive|Mayo_Naise_lol has 240 seconds left.\n|\n|t:|1696801760\n|move|p2a: Tornadus|Taunt|p1a: Let me win plz\n|-start|p1a: Let me win plz|move: Taunt\n|move|p2b: Kartana|Leaf Blade|p1b: Peak\n|-crit|p1b: Peak\n|-damage|p1b: Peak|30\/100\n|move|p1b: Peak|Ice Punch|p2a: Tornadus\n|-supereffective|p2a: Tornadus\n|-damage|p2a: Tornadus|0 fnt\n|faint|p2a: Tornadus\n|-damage|p1b: Peak|20\/100|[from] item: Life Orb\n|move|p1a: Let me win plz|Sludge Bomb|p2b: Kartana\n|-immune|p2b: Kartana\n|\n|-heal|p1a: Let me win plz|89\/100|[from] item: Leftovers\n|-sideend|p2: Junky Dummy|move: Tailwind\n|upkeep\n|inactive|Junky Dummy has 240 seconds left.\n|\n|t:|1696801792\n|switch|p2a: Regieleki|Regieleki, shiny|100\/100\n|turn|6\n|inactive|Junky Dummy has 240 seconds left.\n|\n|t:|1696801823\n|move|p1b: Peak|Protect|p1b: Peak\n|-singleturn|p1b: Peak|Protect\n|move|p2a: Regieleki|Electroweb|p1a: Let me win plz|[spread] p1a\n|-activate|p1b: Peak|move: Protect\n|-crit|p1a: Let me win plz\n|-damage|p1a: Let me win plz|39\/100\n|-unboost|p1a: Let me win plz|spe|1\n|-damage|p2a: Regieleki|91\/100|[from] item: Life Orb\n|move|p2b: Kartana|Leaf Blade|p1b: Peak\n|-activate|p1b: Peak|move: Protect\n|move|p1a: Let me win plz|Sludge Bomb|p2a: Regieleki\n|-damage|p2a: Regieleki|33\/100\n|\n|-heal|p1a: Let me win plz|45\/100|[from] item: Leftovers\n|upkeep\n|turn|7\n|inactive|Mayo_Naise_lol has 270 seconds left.\n|inactive|Junky Dummy has 240 seconds left.\n|\n|t:|1696801855\n|-end|p1b: Peak|Slow Start|[silent]\n|switch|p1b: Idliketoliveplz|Toedscruel, F|100\/100\n|-end|p1a: Let me win plz|ability: Neutralizing Gas\n|switch|p1a: Least regi|Regieleki|100\/100\n|move|p2a: Regieleki|Electroweb|p1b: Idliketoliveplz|[spread] p1a\n|-immune|p1b: Idliketoliveplz\n|-resisted|p1a: Least regi\n|-damage|p1a: Least regi|73\/100\n|-unboost|p1a: Least regi|spe|1\n|-damage|p2a: Regieleki|23\/100|[from] item: Life Orb\n|move|p2b: Kartana|Leaf Blade|p1b: Idliketoliveplz\n|-damage|p1b: Idliketoliveplz|37\/100\n|\n|-heal|p1b: Idliketoliveplz|43\/100|[from] item: Leftovers\n|upkeep\n|turn|8\n|inactive|Mayo_Naise_lol has 270 seconds left.\n|inactive|Junky Dummy has 240 seconds left.\n|\n|t:|1696801886\n|-terastallize|p2a: Regieleki|Ice\n|move|p1a: Least regi|Protect|p1a: Least regi\n|-singleturn|p1a: Least regi|Protect\n|move|p2a: Regieleki|Tera Blast|p1b: Idliketoliveplz|[anim] Tera Blast Ice\n|-supereffective|p1b: Idliketoliveplz\n|-crit|p1b: Idliketoliveplz\n|-damage|p1b: Idliketoliveplz|0 fnt\n|faint|p1b: Idliketoliveplz\n|-damage|p2a: Regieleki|13\/100|[from] item: Life Orb\n|move|p2b: Kartana|Leaf Blade|p1a: Least regi\n|-activate|p1a: Least regi|move: Protect\n|\n|upkeep\n|\n|t:|1696801895\n|switch|p1b: Urshifu|Urshifu-Rapid-Strike, F|100\/100\n|turn|9\n|inactive|Mayo_Naise_lol has 270 seconds left.\n|inactive|Mayo_Naise_lol has 240 seconds left.\n|\n|t:|1696801931\n|move|p2b: Kartana|Protect|p2b: Kartana\n|-singleturn|p2b: Kartana|Protect\n|move|p1b: Urshifu|Protect|p1b: Urshifu\n|-singleturn|p1b: Urshifu|Protect\n|move|p2a: Regieleki|Electroweb|p1b: Urshifu|[spread] p1a\n|-activate|p1b: Urshifu|move: Protect\n|-resisted|p1a: Least regi\n|-damage|p1a: Least regi|43\/100\n|-unboost|p1a: Least regi|spe|1\n|-damage|p2a: Regieleki|3\/100|[from] item: Life Orb\n|move|p1a: Least regi|Electroweb|p2a: Regieleki|[spread] p2a\n|-activate|p2b: Kartana|move: Protect\n|-damage|p2a: Regieleki|0 fnt\n|faint|p2a: Regieleki\n|\n|upkeep\n|inactive|Junky Dummy has 240 seconds left.\n|\n|t:|1696801947\n|switch|p2a: Politoed|Politoed, F, shiny|100\/100\n|-weather|RainDance|[from] ability: Drizzle|[of] p2a: Politoed\n|turn|10\n|\n|t:|1696801965\n|switch|p1a: Tornadus|Tornadus, M|2\/100\n|move|p2a: Politoed|Protect|p2a: Politoed\n|-singleturn|p2a: Politoed|Protect\n|move|p2b: Kartana|Leaf Blade|p1a: Tornadus\n|-resisted|p1a: Tornadus\n|-crit|p1a: Tornadus\n|-damage|p1a: Tornadus|0 fnt\n|faint|p1a: Tornadus\n|-ability|p2b: Kartana|Beast Boost|boost\n|-boost|p2b: Kartana|atk|1\n|move|p1b: Urshifu|Swords Dance|p1b: Urshifu\n|-boost|p1b: Urshifu|atk|2\n|\n|-weather|RainDance|[upkeep]\n|upkeep\n|\n|t:|1696801982\n|switch|p1a: Least regi|Regieleki|43\/100\n|turn|11\n|inactive|Mayo_Naise_lol has 270 seconds left.\n|inactive|Junky Dummy has 270 seconds left.\n|\n|t:|1696802009\n|move|p1a: Least regi|Thunderbolt|p2a: Politoed\n|-supereffective|p2a: Politoed\n|-damage|p2a: Politoed|0 fnt\n|faint|p2a: Politoed\n|move|p2b: Kartana|Leaf Blade|p1b: Urshifu\n|-supereffective|p1b: Urshifu\n|-damage|p1b: Urshifu|0 fnt\n|faint|p1b: Urshifu\n|-ability|p2b: Kartana|Beast Boost|boost\n|-boost|p2b: Kartana|atk|1\n|\n|-weather|RainDance|[upkeep]\n|upkeep\n|inactive|Junky Dummy has 270 seconds left.\n|\n|t:|1696802020\n|switch|p1b: Let me win plz|Weezing, M|45\/100\n|switch|p2a: Swampert|Swampert, M, shiny|100\/100\n|-ability|p1b: Let me win plz|Neutralizing Gas\n|turn|12\n|\n|t:|1696802033\n|switch|p1a: Peak|Regigigas|20\/100\n|detailschange|p2a: Swampert|Swampert-Mega, M, shiny\n|-mega|p2a: Swampert|Swampert|Swampertite\n|move|p2b: Kartana|Leaf Blade|p1a: Peak\n|-damage|p1a: Peak|0 fnt\n|faint|p1a: Peak\n|-end|p1a: Peak|Slow Start|[silent]\n|move|p2a: Swampert|Stomping Tantrum|p1b: Let me win plz\n|-supereffective|p1b: Let me win plz\n|-damage|p1b: Let me win plz|0 fnt\n|faint|p1b: Let me win plz\n|-end|p1b: Let me win plz|ability: Neutralizing Gas\n|\n|-weather|RainDance|[upkeep]\n|upkeep\n|\n|t:|1696802044\n|switch|p1b: Least regi|Regieleki|43\/100\n|turn|13\n|\n|t:|1696802055\n|-terastallize|p1b: Least regi|Flying\n|move|p1b: Least regi|Thunderbolt|p2b: Kartana\n|-resisted|p2b: Kartana\n|-end|p2b: Kartana|Substitute\n|move|p2a: Swampert|Stomping Tantrum|p1b: Least regi\n|-immune|p1b: Least regi\n|move|p2b: Kartana|Leaf Blade|p1b: Least regi\n|-resisted|p1b: Least regi\n|-damage|p1b: Least regi|0 fnt\n|faint|p1b: Least regi\n|\n|win|Junky Dummy\n|l|\u2606Mayo_Naise_lol\n","uploadtime":1696802080,"views":6,"p1id":"mayonaiselol","p2id":"junkydummy","formatid":"gen9nationaldexdoubles","rating":0,"private":0,"password":""}