{"id":"gen9nationaldexdoubles-1959045073","p1":"Astapasta37","p2":"OceanHazel","format":"[Gen 9] National Dex Doubles","log":"|j|\u2606Astapasta37\n|j|\u2606OceanHazel\n|t:|1696381020\n|gametype|doubles\n|player|p1|Astapasta37|101|1087\n|player|p2|OceanHazel|barry|1000\n|teamsize|p1|6\n|teamsize|p2|6\n|gen|9\n|tier|[Gen 9] National Dex Doubles\n|rated|\n|rule|HP Percentage Mod: HP is shown in percentages\n|rule|Endless Battle Clause: Forcing endless battles is banned\n|rule|OHKO Clause: OHKO moves are banned\n|rule|Evasion Moves Clause: Evasion moves are banned\n|rule|Evasion Abilities Clause: Evasion abilities are banned\n|rule|Species Clause: Limit one of each Pok\u00e9mon\n|rule|Gravity Sleep Clause: The combination of sleep-inducing moves with imperfect accuracy and Gravity or Gigantamax Orbeetle are banned\n|clearpoke\n|poke|p1|Scolipede, F|\n|poke|p1|Torterra, M|\n|poke|p1|Morpeko, F|\n|poke|p1|Mawile, F|\n|poke|p1|Zoroark-Hisui, M|\n|poke|p1|Arcanine-Hisui, F|\n|poke|p2|Hatterene, F|\n|poke|p2|Ting-Lu|\n|poke|p2|Clefairy, F|\n|poke|p2|Slowking-Galar, M|\n|poke|p2|Torkoal, M|\n|poke|p2|Rabsca, F|\n|teampreview\n|c|\u2606OceanHazel|gl !! <3\n|\n|t:|1696381048\n|start\n|switch|p1a: Spade|Scolipede, F, shiny|100\/100\n|switch|p1b: My gf|Morpeko, F|100\/100\n|switch|p2a: Hatterene|Hatterene, F|100\/100\n|switch|p2b: Ting-Lu|Ting-Lu|100\/100\n|-ability|p2b: Ting-Lu|Vessel of Ruin\n|turn|1\n|inactive|Battle timer is ON: inactive players will automatically lose when time's up. (requested by Astapasta37)\n|inactive|OceanHazel has 120 seconds left.\n|\n|t:|1696381122\n|move|p1b: My gf|Fake Out|p2a: Hatterene\n|-damage|p2a: Hatterene|88\/100\n|move|p1a: Spade|Swords Dance|p1a: Spade\n|-boost|p1a: Spade|atk|2\n|move|p2b: Ting-Lu|Rock Slide|p1b: My gf|[spread] p1a,p1b\n|-supereffective|p1a: Spade\n|-damage|p1a: Spade|51\/100\n|-damage|p1b: My gf|61\/100\n|cant|p2a: Hatterene|flinch\n|\n|-heal|p2a: Hatterene|94\/100|[from] item: Leftovers\n|-ability|p1a: Spade|Speed Boost|boost\n|-boost|p1a: Spade|spe|1\n|-formechange|p1b: My gf|Morpeko-Hangry||[from] ability: Hunger Switch\n|upkeep\n|turn|2\n|c|\u2606Astapasta37|Glll\n|inactive|Astapasta37 has 120 seconds left.\n|inactive|OceanHazel has 120 seconds left.\n|\n|t:|1696381172\n|move|p1a: Spade|Poison Jab|p2a: Hatterene\n|-supereffective|p2a: Hatterene\n|-damage|p2a: Hatterene|0 fnt\n|faint|p2a: Hatterene\n|-damage|p1a: Spade|41\/100|[from] item: Life Orb\n|move|p1b: My gf|Aura Wheel|p2b: Ting-Lu\n|-resisted|p2b: Ting-Lu\n|-damage|p2b: Ting-Lu|87\/100\n|-boost|p1b: My gf|spe|1\n|move|p2b: Ting-Lu|Rock Slide|p1b: My gf|[spread] p1a,p1b\n|-supereffective|p1a: Spade\n|-damage|p1a: Spade|0 fnt\n|-damage|p1b: My gf|19\/100\n|faint|p1a: Spade\n|\n|-formechange|p1b: My gf|Morpeko||[from] ability: Hunger Switch\n|upkeep\n|inactive|OceanHazel has 120 seconds left.\n|\n|t:|1696381192\n|switch|p1a: Arcanine|Arcanine-Hisui, F|100\/100\n|switch|p2a: Slowking|Slowking-Galar, M|100\/100\n|turn|3\n|inactive|OceanHazel has 120 seconds left.\n|inactive|Astapasta37 has 120 seconds left.\n|inactive|OceanHazel has 90 seconds left.\n|\n|t:|1696381265\n|switch|p1b: Dyana|Mawile, F|100\/100\n|-ability|p1b: Dyana|Intimidate|boost\n|-unboost|p2a: Slowking|atk|1\n|-unboost|p2b: Ting-Lu|atk|1\n|move|p1a: Arcanine|Head Smash|p2b: Ting-Lu\n|-resisted|p2b: Ting-Lu\n|-damage|p2b: Ting-Lu|67\/100\n|move|p2b: Ting-Lu|Heavy Slam|p1a: Arcanine\n|-damage|p1a: Arcanine|70\/100\n|move|p2a: Slowking|Trick Room|p2a: Slowking\n|-fieldstart|move: Trick Room|[of] p2a: Slowking\n|\n|upkeep\n|turn|4\n|inactive|OceanHazel has 90 seconds left.\n|inactive|OceanHazel has 60 seconds left.\n|\n|t:|1696381314\n|detailschange|p1b: Dyana|Mawile-Mega, F\n|-mega|p1b: Dyana|Mawile|Mawilite\n|move|p2b: Ting-Lu|Earthquake|p1b: Dyana|[spread] p2a,p1a,p1b\n|-supereffective|p2a: Slowking\n|-supereffective|p1a: Arcanine\n|-supereffective|p1b: Dyana\n|-damage|p2a: Slowking|50\/100\n|-damage|p1a: Arcanine|0 fnt\n|-damage|p1b: Dyana|53\/100\n|faint|p1a: Arcanine\n|move|p2a: Slowking|Iron Defense|p2a: Slowking\n|-boost|p2a: Slowking|def|2\n|move|p1b: Dyana|Play Rough|p2b: Ting-Lu\n|-supereffective|p2b: Ting-Lu\n|-damage|p2b: Ting-Lu|0 fnt\n|faint|p2b: Ting-Lu\n|\n|-heal|p2a: Slowking|56\/100|[from] item: Black Sludge\n|upkeep\n|inactive|OceanHazel has 60 seconds left.\n|\n|t:|1696381338\n|switch|p2b: Torkoal|Torkoal, M|100\/100\n|switch|p1a: My gf|Morpeko, F|19\/100\n|-weather|SunnyDay|[from] ability: Drought|[of] p2b: Torkoal\n|turn|5\n|inactive|Astapasta37 has 120 seconds left.\n|\n|t:|1696381371\n|move|p1a: My gf|Fake Out|p2b: Torkoal\n|-damage|p2b: Torkoal|93\/100\n|cant|p2b: Torkoal|flinch\n|move|p2a: Slowking|Iron Defense|p2a: Slowking\n|-boost|p2a: Slowking|def|2\n|move|p1b: Dyana|Play Rough|p2b: Torkoal\n|-resisted|p2b: Torkoal\n|-damage|p2b: Torkoal|59\/100\n|\n|-weather|SunnyDay|[upkeep]\n|-heal|p2a: Slowking|62\/100|[from] item: Black Sludge\n|-formechange|p1a: My gf|Morpeko-Hangry||[from] ability: Hunger Switch\n|upkeep\n|turn|6\n|l|\u2606Astapasta37\n|inactive|Astapasta37 disconnected and has a minute to reconnect!\n|player|p1|\n|j|\u2606Astapasta37\n|inactive|Astapasta37 reconnected and has 110 seconds left.\n|player|p1|Astapasta37|101\n|c|\u2606OceanHazel|u good man?\n|inactive|Astapasta37 has 90 seconds left.\n|\n|t:|1696381430\n|move|p1b: Dyana|Protect|p1b: Dyana\n|-singleturn|p1b: Dyana|Protect\n|move|p2b: Torkoal|Eruption|p1b: Dyana|[spread] p1a\n|-activate|p1b: Dyana|move: Protect\n|-damage|p1a: My gf|0 fnt\n|faint|p1a: My gf\n|move|p2a: Slowking|Psychic|p1b: Dyana\n|-activate|p1b: Dyana|move: Protect\n|\n|-weather|SunnyDay|[upkeep]\n|-heal|p2a: Slowking|68\/100|[from] item: Black Sludge\n|upkeep\n|inactive|Astapasta37 has 90 seconds left.\n|\n|t:|1696381442\n|switch|p1a: Brock|Torterra, M|100\/100\n|turn|7\n|inactive|OceanHazel has 90 seconds left.\n|inactive|Astapasta37 has 90 seconds left.\n|\n|t:|1696381481\n|move|p2b: Torkoal|Eruption|p1a: Brock|[spread] p1a,p1b\n|-supereffective|p1b: Dyana\n|-damage|p1a: Brock|20\/100\n|-damage|p1b: Dyana|0 fnt\n|replace|p1a: Hehee|Zoroark-Hisui, M, shiny\n|-end|p1a: Hehee|Illusion\n|faint|p1b: Dyana\n|move|p2a: Slowking|Toxic|p1a: Hehee\n|-status|p1a: Hehee|tox\n|move|p1a: Hehee|Shadow Ball|p2a: Slowking\n|-supereffective|p2a: Slowking\n|-damage|p2a: Slowking|21\/100\n|\n|-weather|SunnyDay|[upkeep]\n|-heal|p2a: Slowking|27\/100|[from] item: Black Sludge\n|-damage|p1a: Hehee|14\/100 tox|[from] psn\n|-fieldend|move: Trick Room\n|upkeep\n|inactive|Astapasta37 has 90 seconds left.\n|\n|t:|1696381498\n|switch|p1b: Brock|Torterra, M|100\/100\n|turn|8\n|inactive|OceanHazel has 90 seconds left.\n|\n|t:|1696381519\n|move|p1a: Hehee|Hyper Voice|p2a: Slowking|[spread] p2a,p2b\n|-damage|p2a: Slowking|8\/100\n|-damage|p2b: Torkoal|13\/100\n|move|p1b: Brock|Shell Smash|p1b: Brock\n|-unboost|p1b: Brock|def|1\n|-unboost|p1b: Brock|spd|1\n|-boost|p1b: Brock|atk|2\n|-boost|p1b: Brock|spa|2\n|-boost|p1b: Brock|spe|2\n|move|p2b: Torkoal|Iron Defense|p2b: Torkoal\n|-boost|p2b: Torkoal|def|2\n|move|p2a: Slowking|Trick Room|p2a: Slowking\n|-fieldstart|move: Trick Room|[of] p2a: Slowking\n|\n|-weather|SunnyDay|[upkeep]\n|-heal|p2a: Slowking|14\/100|[from] item: Black Sludge\n|-damage|p1a: Hehee|2\/100 tox|[from] psn\n|upkeep\n|turn|9\n|inactive|Astapasta37 has 120 seconds left.\n|inactive|OceanHazel has 90 seconds left.\n|\n|t:|1696381557\n|move|p2b: Torkoal|Eruption|p1a: Hehee|[spread] p1a,p1b\n|-supereffective|p1b: Brock\n|-damage|p1a: Hehee|0 fnt\n|-damage|p1b: Brock|68\/100\n|faint|p1a: Hehee\n|move|p2a: Slowking|Toxic|p1b: Brock\n|-status|p1b: Brock|tox\n|move|p1b: Brock|Rock Slide|p2a: Slowking|[spread] p2a,p2b\n|-supereffective|p2b: Torkoal\n|-damage|p2a: Slowking|0 fnt\n|-damage|p2b: Torkoal|0 fnt\n|faint|p2a: Slowking\n|faint|p2b: Torkoal\n|-damage|p1b: Brock|58\/100 tox|[from] item: Life Orb\n|\n|-weather|SunnyDay|[upkeep]\n|-damage|p1b: Brock|52\/100 tox|[from] psn\n|upkeep\n|l|\u2606Astapasta37\n|inactive|Astapasta37 disconnected and has a minute to reconnect!\n|player|p1|\n|inactive|OceanHazel has 60 seconds left.\n|\n|t:|1696381575\n|switch|p2b: Rabsca|Rabsca, F|100\/100\n|switch|p2a: Clefairy|Clefairy, F, shiny|100\/100\n|turn|10\n|j|\u2606Astapasta37\n|inactive|Astapasta37 reconnected and has 135 seconds left.\n|player|p1|Astapasta37|101\n|inactive|OceanHazel has 60 seconds left.\n|\n|t:|1696381599\n|move|p2a: Clefairy|Protect|p2a: Clefairy\n|-singleturn|p2a: Clefairy|Protect\n|move|p2b: Rabsca|Revival Blessing|p2b: Rabsca\n|inactive|OceanHazel has 60 seconds left.\n|\n|t:|1696381606\n|-heal|p2: Torkoal|50\/100|[from] move: Revival Blessing\n|move|p1b: Brock|Rock Slide|p2a: Clefairy|[spread] p2b\n|-activate|p2a: Clefairy|move: Protect\n|-supereffective|p2b: Rabsca\n|-damage|p2b: Rabsca|19\/100\n|-damage|p1b: Brock|43\/100 tox|[from] item: Life Orb\n|\n|-weather|SunnyDay|[upkeep]\n|-damage|p1b: Brock|30\/100 tox|[from] psn\n|upkeep\n|turn|11\n|\n|t:|1696381628\n|-terastallize|p2a: Clefairy|Ground\n|move|p2a: Clefairy|Drain Punch|p1b: Brock\n|-damage|p1b: Brock|16\/100 tox\n|move|p2b: Rabsca|Bug Buzz|p1b: Brock\n|-supereffective|p1b: Brock\n|-damage|p1b: Brock|0 fnt\n|faint|p1b: Brock\n|\n|win|OceanHazel\n|raw|Astapasta37's rating: 1087 &rarr; <strong>1058<\/strong><br \/>(-29 for losing)\n|raw|OceanHazel's rating: 1000 &rarr; <strong>1050<\/strong><br \/>(+50 for winning)\n|l|\u2606Astapasta37\n|c|\u2606OceanHazel|gg ! <3\n","uploadtime":1696381648,"views":13,"p1id":"astapasta37","p2id":"oceanhazel","formatid":"gen9nationaldexdoubles","rating":1050,"private":0,"password":""}