{"id":"gen9nationaldexdoubles-1957230358","p1":"kpoc12","p2":"Kelpton","format":"[Gen 9] National Dex Doubles","log":"|j|\u2606kpoc12\n|j|\u2606Kelpton\n|t:|1696197781\n|gametype|doubles\n|player|p1|kpoc12|giovanni|\n|player|p2|Kelpton|266|\n|teamsize|p1|6\n|teamsize|p2|6\n|gen|9\n|tier|[Gen 9] National Dex Doubles\n|rule|HP Percentage Mod: HP is shown in percentages\n|rule|Endless Battle Clause: Forcing endless battles is banned\n|rule|OHKO Clause: OHKO moves are banned\n|rule|Evasion Moves Clause: Evasion moves are banned\n|rule|Evasion Abilities Clause: Evasion abilities are banned\n|rule|Species Clause: Limit one of each Pok\u00e9mon\n|rule|Gravity Sleep Clause: The combination of sleep-inducing moves with imperfect accuracy and Gravity or Gigantamax Orbeetle are banned\n|clearpoke\n|poke|p1|Rhyperior, M|\n|poke|p1|Garchomp, M|\n|poke|p1|Gliscor, F|\n|poke|p1|Salamence, M|\n|poke|p1|Arcanine, F|\n|poke|p1|Torterra, F|\n|poke|p2|Espurr, M|\n|poke|p2|Buneary, F|\n|poke|p2|Ditto|\n|poke|p2|Mimikyu, F|\n|poke|p2|Snubbull, F|\n|poke|p2|Gengar, M|\n|teampreview\n|\n|t:|1696197797\n|start\n|switch|p1a: Torterra|Torterra, F|100\/100\n|switch|p1b: Gliscor|Gliscor, F|100\/100\n|switch|p2a: Mimikyu|Mimikyu, F|100\/100\n|switch|p2b: Espurr|Espurr, M|100\/100\n|turn|1\n|\n|t:|1696197811\n|move|p2a: Mimikyu|Destiny Bond|p2a: Mimikyu\n|-singlemove|p2a: Mimikyu|Destiny Bond\n|move|p1b: Gliscor|Tailwind|p1b: Gliscor\n|-sidestart|p1: kpoc12|move: Tailwind\n|move|p1a: Torterra|Stealth Rock|p2a: Mimikyu\n|-sidestart|p2: Kelpton|move: Stealth Rock\n|move|p2b: Espurr|Reflect|p2b: Espurr\n|-sidestart|p2: Kelpton|Reflect\n|\n|upkeep\n|turn|2\n|\n|t:|1696197852\n|switch|p2b: Buneary|Buneary, F|100\/100\n|-damage|p2b: Buneary|88\/100|[from] Stealth Rock\n|move|p1b: Gliscor|Acrobatics|p2b: Buneary\n|-damage|p2b: Buneary|38\/100\n|move|p1a: Torterra|Shell Smash|p1a: Torterra\n|-unboost|p1a: Torterra|def|1\n|-unboost|p1a: Torterra|spd|1\n|-boost|p1a: Torterra|atk|2\n|-boost|p1a: Torterra|spa|2\n|-boost|p1a: Torterra|spe|2\n|move|p2a: Mimikyu|Destiny Bond||[still]\n|-fail|p2a: Mimikyu\n|\n|upkeep\n|turn|3\n|j| cassinidivision\n|c| cassinidivision|hai\n|c|\u2606Kelpton|Ello\n|\n|t:|1696197915\n|move|p1a: Torterra|Earthquake|p2b: Buneary|[spread] p2a,p2b\n|-immune|p1b: Gliscor\n|-activate|p2a: Mimikyu|ability: Disguise\n|-damage|p2a: Mimikyu|100\/100\n|-damage|p2b: Buneary|0 fnt\n|detailschange|p2a: Mimikyu|Mimikyu-Busted, F\n|-damage|p2a: Mimikyu|88\/100|[from] pokemon: Mimikyu-Busted\n|faint|p2b: Buneary\n|move|p1b: Gliscor|Acrobatics|p2a: Mimikyu\n|-damage|p2a: Mimikyu|54\/100\n|move|p2a: Mimikyu|Infestation|p1a: Torterra\n|-supereffective|p1a: Torterra\n|-damage|p1a: Torterra|91\/100\n|-activate|p1a: Torterra|move: Infestation|[of] p2a: Mimikyu\n|\n|-heal|p1a: Torterra|97\/100|[from] item: Leftovers\n|-heal|p2a: Mimikyu|60\/100|[from] item: Leftovers\n|-damage|p1a: Torterra|85\/100|[from] move: Infestation|[partiallytrapped]\n|upkeep\n|\n|t:|1696197941\n|switch|p2b: Snubbull|Snubbull, F|100\/100\n|-damage|p2b: Snubbull|88\/100|[from] Stealth Rock\n|-ability|p2b: Snubbull|Intimidate|boost\n|-unboost|p1a: Torterra|atk|1\n|-fail|p1b: Gliscor|unboost|Attack|[from] ability: Hyper Cutter|[of] p1b: Gliscor\n|turn|4\n|\n|t:|1696197967\n|move|p1a: Torterra|Earthquake|p2b: Snubbull|[spread] p2a,p2b\n|-immune|p1b: Gliscor\n|-damage|p2a: Mimikyu|3\/100\n|-damage|p2b: Snubbull|22\/100\n|move|p1b: Gliscor|Acrobatics|p2b: Snubbull\n|-damage|p2b: Snubbull|0 fnt\n|faint|p2b: Snubbull\n|move|p2a: Mimikyu|Destiny Bond|p2a: Mimikyu\n|-singlemove|p2a: Mimikyu|Destiny Bond\n|\n|-heal|p1a: Torterra|91\/100|[from] item: Leftovers\n|-heal|p2a: Mimikyu|9\/100|[from] item: Leftovers\n|-damage|p1a: Torterra|79\/100|[from] move: Infestation|[partiallytrapped]\n|-sideend|p1: kpoc12|move: Tailwind\n|upkeep\n|\n|t:|1696197986\n|switch|p2b: Ditto|Ditto|100\/100\n|-damage|p2b: Ditto|88\/100|[from] Stealth Rock\n|turn|5\n|j| AutumnCookie\n|l| AutumnCookie\n|\n|t:|1696198027\n|move|p1a: Torterra|Wood Hammer|p2b: Ditto\n|-damage|p2b: Ditto|0 fnt\n|faint|p2b: Ditto\n|-damage|p1a: Torterra|53\/100|[from] Recoil\n|move|p2a: Mimikyu|Destiny Bond||[still]\n|-fail|p2a: Mimikyu\n|move|p1b: Gliscor|Tailwind|p1b: Gliscor\n|-sidestart|p1: kpoc12|move: Tailwind\n|\n|-heal|p1a: Torterra|59\/100|[from] item: Leftovers\n|-heal|p2a: Mimikyu|15\/100|[from] item: Leftovers\n|-damage|p1a: Torterra|46\/100|[from] move: Infestation|[partiallytrapped]\n|-sideend|p2: Kelpton|Reflect\n|upkeep\n|j| AutumnCookie\n|\n|t:|1696198043\n|switch|p2b: Gengar|Gengar, M, shiny|100\/100\n|-damage|p2b: Gengar|88\/100|[from] Stealth Rock\n|turn|6\n|\n|t:|1696198064\n|move|p1a: Torterra|Earthquake|p2a: Mimikyu|[spread] p2a,p2b\n|-immune|p1b: Gliscor\n|-supereffective|p2b: Gengar\n|-damage|p2a: Mimikyu|0 fnt\n|-damage|p2b: Gengar|0 fnt\n|faint|p2a: Mimikyu\n|faint|p2b: Gengar\n|move|p1b: Gliscor|Acrobatics|p2: Mimikyu|[notarget]\n|-fail|p1b: Gliscor\n|\n|-heal|p1a: Torterra|52\/100|[from] item: Leftovers\n|-end|p1a: Torterra|Infestation|[partiallytrapped]|[silent]\n|upkeep\n|\n|t:|1696198083\n|switch|p2b: Espurr|Espurr, M|100\/100\n|-damage|p2b: Espurr|88\/100|[from] Stealth Rock\n|turn|7\n|\n|t:|1696198093\n|move|p1a: Torterra|Wood Hammer|p2b: Espurr\n|-damage|p2b: Espurr|0 fnt\n|faint|p2b: Espurr\n|-damage|p1a: Torterra|24\/100|[from] Recoil\n|\n|win|kpoc12\n|c|\u2606kpoc12|im sorry.. lttle one\n|c| cassinidivision|leaf booing\n|c|\u2606Kelpton|whaa (knew this would happen)\n|c|\u2606kpoc12|HDSH\n|l|\u2606Kelpton\n","uploadtime":1696198155,"views":8,"p1id":"kpoc12","p2id":"kelpton","formatid":"gen9nationaldexdoubles","rating":0,"private":0,"password":""}