{"id":"gen9nationaldexdoubles-1993675720","p1":"beasknees","p2":"fae_queen_rae","format":"[Gen 9] National Dex Doubles","log":"|j|\u2606beasknees\n|j|\u2606fae_queen_rae\n|t:|1700344337\n|gametype|doubles\n|player|p1|beasknees|170|\n|player|p2|fae_queen_rae|lady-gen4|\n|teamsize|p1|6\n|teamsize|p2|6\n|gen|9\n|tier|[Gen 9] National Dex Doubles\n|rule|HP Percentage Mod: HP is shown in percentages\n|rule|Endless Battle Clause: Forcing endless battles is banned\n|rule|OHKO Clause: OHKO moves are banned\n|rule|Evasion Moves Clause: Evasion moves are banned\n|rule|Evasion Abilities Clause: Evasion abilities are banned\n|rule|Species Clause: Limit one of each Pok\u00e9mon\n|rule|Gravity Sleep Clause: The combination of sleep-inducing moves with imperfect accuracy and Gravity or Gigantamax Orbeetle are banned\n|clearpoke\n|poke|p1|Ferrothorn, F|\n|poke|p1|Sinistcha-Masterpiece|\n|poke|p1|Decidueye-Hisui, F|\n|poke|p1|Dipplin, F|\n|poke|p1|Rotom-Mow|\n|poke|p1|Meowscarada, M|\n|poke|p2|Goodra-Hisui, F|\n|poke|p2|Farigiraf, M|\n|poke|p2|Ursaluna, M|\n|poke|p2|Amoonguss, M|\n|poke|p2|Salazzle, F|\n|poke|p2|Tinkaton, F|\n|teampreview\n|inactive|Battle timer is ON: inactive players will automatically lose when time's up. (requested by fae_queen_rae)\n|inactiveoff|Battle timer is now OFF.\n|\n|t:|1700344361\n|start\n|switch|p1a: Sinistcha|Sinistcha-Masterpiece|100\/100\n|switch|p1b: Ferrothorn|Ferrothorn, F|100\/100\n|switch|p2a: scalie|Salazzle, F|100\/100\n|switch|p2b: tinky winky|Tinkaton, F|100\/100\n|-ability|p2b: tinky winky|Mold Breaker\n|turn|1\n|\n|t:|1700344383\n|move|p2b: tinky winky|Fake Out|p1b: Ferrothorn\n|-resisted|p1b: Ferrothorn\n|-damage|p1b: Ferrothorn|96\/100\n|-damage|p2b: tinky winky|88\/100|[from] ability: Iron Barbs|[of] p1b: Ferrothorn\n|move|p2a: scalie|Sludge Bomb|p1a: Sinistcha\n|-damage|p1a: Sinistcha|50\/100\n|cant|p1b: Ferrothorn|flinch\n|move|p1a: Sinistcha|Trick Room|p1a: Sinistcha\n|-fieldstart|move: Trick Room|[of] p1a: Sinistcha\n|\n|-heal|p1a: Sinistcha|56\/100|[from] item: Leftovers\n|upkeep\n|turn|2\n|\n|t:|1700344419\n|move|p1b: Ferrothorn|Gyro Ball|p2b: tinky winky\n|-damage|p2b: tinky winky|34\/100\n|move|p1a: Sinistcha|Scald|p2a: scalie\n|-supereffective|p2a: scalie\n|-damage|p2a: scalie|0 fnt\n|faint|p2a: scalie\n|move|p2b: tinky winky|Knock Off|p1a: Sinistcha\n|-supereffective|p1a: Sinistcha\n|-damage|p1a: Sinistcha|6\/100\n|-enditem|p1a: Sinistcha|Leftovers|[from] move: Knock Off|[of] p2b: tinky winky\n|\n|upkeep\n|\n|t:|1700344430\n|switch|p2a: beefer|Ursaluna, M, shiny|100\/100\n|turn|3\n|\n|t:|1700344460\n|switch|p1a: Decidueye|Decidueye-Hisui, F|100\/100\n|switch|p2b: monch|Goodra-Hisui, F, shiny|100\/100\n|move|p1b: Ferrothorn|Gyro Ball|p2b: monch\n|-resisted|p2b: monch\n|-damage|p2b: monch|89\/100\n|move|p2a: beefer|Bulk Up|p2a: beefer\n|-boost|p2a: beefer|atk|1\n|-boost|p2a: beefer|def|1\n|\n|-heal|p2b: monch|95\/100|[from] item: Leftovers\n|-status|p2a: beefer|brn|[from] item: Flame Orb\n|upkeep\n|turn|4\n|\n|t:|1700344489\n|move|p1b: Ferrothorn|Power Whip|p2a: beefer\n|-supereffective|p2a: beefer\n|-damage|p2a: beefer|50\/100 brn\n|move|p2a: beefer|Drain Punch|p1b: Ferrothorn\n|-supereffective|p1b: Ferrothorn\n|-damage|p1b: Ferrothorn|0 fnt\n|-heal|p2a: beefer|86\/100 brn|[from] drain|[of] p1b: Ferrothorn\n|-damage|p2a: beefer|74\/100 brn|[from] ability: Iron Barbs|[of] p1b: Ferrothorn\n|faint|p1b: Ferrothorn\n|move|p2b: monch|Acid Armor|p2b: monch\n|-boost|p2b: monch|def|2\n|move|p1a: Decidueye|Triple Arrows|p2b: monch\n|-supereffective|p2b: monch\n|-damage|p2b: monch|66\/100\n|\n|-heal|p2b: monch|72\/100|[from] item: Leftovers\n|-damage|p2a: beefer|68\/100 brn|[from] brn\n|upkeep\n|\n|t:|1700344506\n|switch|p1b: Dipplin|Dipplin, F|100\/100\n|-ability|p1b: Dipplin|Supersweet Syrup\n|-ability|p1b: Dipplin|Supersweet Syrup|boost\n|-unboost|p2a: beefer|evasion|1\n|-unboost|p2b: monch|evasion|1\n|turn|5\n|\n|t:|1700344525\n|move|p1b: Dipplin|Syrup Bomb|p2a: beefer\n|-supereffective|p2a: beefer\n|-damage|p2a: beefer|23\/100 brn\n|-start|p2a: beefer|Syrup Bomb\n|move|p2a: beefer|Facade|p1b: Dipplin\n|-damage|p1b: Dipplin|0 fnt\n|faint|p1b: Dipplin\n|move|p1a: Decidueye|Leaf Blade|p2a: beefer\n|-supereffective|p2a: beefer\n|-damage|p2a: beefer|0 fnt\n|faint|p2a: beefer\n|move|p2b: monch|Life Dew|p2b: monch\n|-heal|p2b: monch|97\/100\n|\n|-heal|p2b: monch|100\/100|[from] item: Leftovers\n|-fieldend|move: Trick Room\n|upkeep\n|\n|t:|1700344540\n|switch|p2a: double monch|Farigiraf, M|100\/100\n|switch|p1b: Meowscarada|Meowscarada, M|100\/100\n|turn|6\n|\n|t:|1700344567\n|move|p1b: Meowscarada|U-turn|p2a: double monch\n|-start|p1b: Meowscarada|typechange|Bug|[from] ability: Protean\n|-supereffective|p2a: double monch\n|-damage|p2a: double monch|29\/100\n|\n|t:|1700344573\n|switch|p1b: Rotom|Rotom-Mow|100\/100|[from] U-turn\n|move|p1a: Decidueye|Triple Arrows|p2b: monch\n|-supereffective|p2b: monch\n|-damage|p2b: monch|68\/100\n|cant|p2b: monch|flinch\n|move|p2a: double monch|Psychic|p1a: Decidueye\n|-supereffective|p1a: Decidueye\n|-damage|p1a: Decidueye|38\/100\n|\n|-heal|p2b: monch|74\/100|[from] item: Leftovers\n|upkeep\n|turn|7\n|\n|t:|1700344599\n|move|p2a: double monch|Protect|p2a: double monch\n|-singleturn|p2a: double monch|Protect\n|move|p1b: Rotom|Signal Beam|p2a: double monch\n|-activate|p2a: double monch|move: Protect\n|move|p2b: monch|Life Dew|p2b: monch|[spread] p2a,p2b\n|-heal|p2a: double monch|54\/100\n|-heal|p2b: monch|99\/100\n|move|p1a: Decidueye|U-turn|p2a: double monch\n|-activate|p2a: double monch|move: Protect\n|\n|-heal|p2b: monch|100\/100|[from] item: Leftovers\n|upkeep\n|turn|8\n|\n|t:|1700344628\n|move|p1b: Rotom|Signal Beam|p2a: double monch\n|-supereffective|p2a: double monch\n|-damage|p2a: double monch|0 fnt\n|faint|p2a: double monch\n|move|p1a: Decidueye|U-turn|p2b: monch\n|-resisted|p2b: monch\n|-damage|p2b: monch|96\/100\n|\n|t:|1700344634\n|switch|p1a: Meowscarada|Meowscarada, M|100\/100|[from] U-turn\n|move|p2b: monch|Life Dew|p2b: monch\n|-heal|p2b: monch|100\/100\n|\n|upkeep\n|\n|t:|1700344639\n|switch|p2a: tinky winky|Tinkaton, F|34\/100\n|-ability|p2a: tinky winky|Mold Breaker\n|turn|9\n|\n|t:|1700344662\n|switch|p1b: Sinistcha|Sinistcha-Masterpiece|6\/100\n|move|p2a: tinky winky|Fake Out|p1a: Meowscarada\n|-damage|p1a: Meowscarada|85\/100\n|cant|p1a: Meowscarada|flinch\n|move|p2b: monch|Life Dew||[still]|[spread] p2a,p2b\n|-heal|p2a: tinky winky|60\/100\n|-fail|p2b: monch|heal\n|\n|upkeep\n|turn|10\n|\n|t:|1700344689\n|move|p1a: Meowscarada|Brick Break|p2a: tinky winky\n|-start|p1a: Meowscarada|typechange|Fighting|[from] ability: Protean\n|-damage|p2a: tinky winky|19\/100\n|move|p2a: tinky winky|Gigaton Hammer|p1a: Meowscarada\n|-damage|p1a: Meowscarada|6\/100\n|move|p1b: Sinistcha|Matcha Gotcha|p2a: tinky winky|[spread] p2a\n|-ability|p2b: monch|Sap Sipper|boost\n|-boost|p2b: monch|atk|1\n|-resisted|p2a: tinky winky\n|-crit|p2a: tinky winky\n|-damage|p2a: tinky winky|5\/100\n|-heal|p1b: Sinistcha|14\/100|[from] drain|[of] p2a: tinky winky\n|move|p2b: monch|Heavy Slam|p1b: Sinistcha\n|-damage|p1b: Sinistcha|0 fnt\n|faint|p1b: Sinistcha\n|\n|upkeep\n|\n|t:|1700344705\n|switch|p1b: Rotom|Rotom-Mow|100\/100\n|turn|11\n|\n|t:|1700344719\n|switch|p2a: a amon|Amoonguss, M|100\/100\n|move|p1a: Meowscarada|Brick Break|p2a: a amon\n|-resisted|p2a: a amon\n|-crit|p2a: a amon\n|-damage|p2a: a amon|78\/100\n|-damage|p1a: Meowscarada|0 fnt|[from] item: Rocky Helmet|[of] p2a: a amon\n|faint|p1a: Meowscarada\n|move|p1b: Rotom|Shadow Ball|p2b: monch\n|-damage|p2b: monch|75\/100\n|move|p2b: monch|Acid Armor|p2b: monch\n|-boost|p2b: monch|def|2\n|\n|-heal|p2b: monch|81\/100|[from] item: Leftovers\n|upkeep\n|\n|t:|1700344732\n|switch|p1a: Decidueye|Decidueye-Hisui, F|38\/100\n|turn|12\n|\n|t:|1700344749\n|move|p1b: Rotom|Shadow Ball|p2b: monch\n|-damage|p2b: monch|54\/100\n|move|p1a: Decidueye|Triple Arrows|p2b: monch\n|-supereffective|p2b: monch\n|-damage|p2b: monch|29\/100\n|move|p2b: monch|Body Press|p1a: Decidueye\n|-damage|p1a: Decidueye|0 fnt\n|faint|p1a: Decidueye\n|move|p2a: a amon|Pollen Puff|p2b: monch\n|-heal|p2b: monch|79\/100\n|\n|-heal|p2b: monch|85\/100|[from] item: Leftovers\n|upkeep\n|turn|13\n|\n|t:|1700344767\n|move|p2a: a amon|Rage Powder|p2a: a amon\n|-singleturn|p2a: a amon|move: Rage Powder\n|move|p1b: Rotom|Shadow Ball|p2b: monch\n|-damage|p2b: monch|62\/100\n|move|p2b: monch|Body Press|p1b: Rotom\n|-damage|p1b: Rotom|11\/100\n|\n|-heal|p2b: monch|68\/100|[from] item: Leftovers\n|upkeep\n|turn|14\n|\n|t:|1700344777\n|move|p1b: Rotom|Shadow Ball|p2b: monch\n|-damage|p2b: monch|43\/100\n|-unboost|p2b: monch|spd|1\n|move|p2b: monch|Life Dew|p2b: monch|[spread] p2a,p2b\n|-heal|p2a: a amon|100\/100\n|-heal|p2b: monch|68\/100\n|move|p2a: a amon|Pollen Puff|p1b: Rotom\n|-supereffective|p1b: Rotom\n|-damage|p1b: Rotom|0 fnt\n|faint|p1b: Rotom\n|\n|win|fae_queen_rae\n","uploadtime":1700344790,"views":19,"p1id":"beasknees","p2id":"faequeenrae","formatid":"gen9nationaldexdoubles","rating":0,"private":0,"password":""}