{"id":"gen9nationaldexdoubles-1981412028","p1":"Epilepsy Espeon","p2":"NeoBlade104","format":"[Gen 9] National Dex Doubles","log":"|j|\u2606Epilepsy Espeon\n|j|\u2606NeoBlade104\n|t:|1698892916\n|gametype|doubles\n|player|p1|Epilepsy Espeon|psychic-gen4|1063\n|player|p2|NeoBlade104|cheren|1098\n|teamsize|p1|6\n|teamsize|p2|6\n|gen|9\n|tier|[Gen 9] National Dex Doubles\n|rated|\n|rule|HP Percentage Mod: HP is shown in percentages\n|rule|Endless Battle Clause: Forcing endless battles is banned\n|rule|OHKO Clause: OHKO moves are banned\n|rule|Evasion Moves Clause: Evasion moves are banned\n|rule|Evasion Abilities Clause: Evasion abilities are banned\n|rule|Species Clause: Limit one of each Pok\u00e9mon\n|rule|Gravity Sleep Clause: The combination of sleep-inducing moves with imperfect accuracy and Gravity or Gigantamax Orbeetle are banned\n|clearpoke\n|poke|p1|Espeon, F|\n|poke|p1|Lurantis, F|\n|poke|p1|Corsola-Galar, F|\n|poke|p1|Sableye, M|\n|poke|p1|Chimecho, M|\n|poke|p1|Muk-Alola, M|\n|poke|p2|Slowking, F|\n|poke|p2|Slaking, M|\n|poke|p2|Scizor, F|\n|poke|p2|Machamp, F|\n|poke|p2|Salamence, F|\n|poke|p2|Tyranitar, F|\n|teampreview\n|inactive|Battle timer is ON: inactive players will automatically lose when time's up. (requested by Epilepsy Espeon)\n|\n|t:|1698892927\n|start\n|switch|p1a: Lurantis|Lurantis, F|100\/100\n|switch|p1b: Espeon|Espeon, F|100\/100\n|switch|p2a: Scizor|Scizor, F|100\/100\n|switch|p2b: Slowking|Slowking, F|100\/100\n|turn|1\n|\n|t:|1698892954\n|switch|p2a: Slaking|Slaking, M|100\/100\n|move|p1b: Espeon|Shadow Ball|p2b: Slowking\n|-supereffective|p2b: Slowking\n|-damage|p2b: Slowking|58\/100\n|-unboost|p2b: Slowking|spd|1\n|move|p1a: Lurantis|Defog|p1b: Espeon\n|move|p1b: Espeon|Defog|p1a: Lurantis|[from]ability: Magic Bounce\n|-boost|p1a: Lurantis|evasion|1\n|move|p2b: Slowking|Skill Swap|p2a: Slaking\n|-activate|p2b: Slowking|move: Skill Swap|||[of] p2a: Slaking\n|\n|upkeep\n|turn|2\n|\n|t:|1698892979\n|switch|p2b: Tyranitar|Tyranitar, F|100\/100\n|-weather|Sandstorm|[from] ability: Sand Stream|[of] p2b: Tyranitar\n|move|p1b: Espeon|Shadow Ball|p2b: Tyranitar\n|-resisted|p2b: Tyranitar\n|-damage|p2b: Tyranitar|93\/100\n|move|p2a: Slaking|Aerial Ace|p1a: Lurantis\n|-supereffective|p1a: Lurantis\n|-damage|p1a: Lurantis|45\/100\n|move|p1a: Lurantis|Leaf Storm|p2b: Tyranitar|[miss]\n|-miss|p1a: Lurantis|p2b: Tyranitar\n|\n|-weather|Sandstorm|[upkeep]\n|-damage|p1b: Espeon|95\/100|[from] Sandstorm\n|-damage|p2a: Slaking|94\/100|[from] Sandstorm\n|-damage|p1a: Lurantis|39\/100|[from] Sandstorm\n|upkeep\n|turn|3\n|\n|t:|1698893000\n|-terastallize|p1a: Lurantis|Steel\n|move|p1b: Espeon|Dazzling Gleam|p2b: Tyranitar|[spread] p2a,p2b\n|-supereffective|p2b: Tyranitar\n|-damage|p2a: Slaking|73\/100\n|-damage|p2b: Tyranitar|69\/100\n|move|p2a: Slaking|Aerial Ace|p1a: Lurantis\n|-resisted|p1a: Lurantis\n|-damage|p1a: Lurantis|24\/100\n|move|p1a: Lurantis|Superpower|p2b: Tyranitar\n|-supereffective|p2b: Tyranitar\n|-damage|p2b: Tyranitar|0 fnt\n|-boost|p1a: Lurantis|atk|1\n|-boost|p1a: Lurantis|def|1\n|faint|p2b: Tyranitar\n|\n|-weather|Sandstorm|[upkeep]\n|-damage|p1b: Espeon|89\/100|[from] Sandstorm\n|-damage|p2a: Slaking|67\/100|[from] Sandstorm\n|upkeep\n|inactive|NeoBlade104 has 120 seconds left.\n|\n|t:|1698893024\n|switch|p2b: Machamp|Machamp, F|100\/100\n|turn|4\n|\n|t:|1698893031\n|switch|p2b: Slowking|Slowking, F|58\/100\n|move|p1b: Espeon|Psych Up|p1a: Lurantis\n|-copyboost|p1b: Espeon|p1a: Lurantis|[from] move: Psych Up\n|move|p2a: Slaking|Earthquake|p1b: Espeon|[spread] p2b,p1a,p1b\n|-supereffective|p1a: Lurantis\n|-damage|p2b: Slowking|26\/100\n|-damage|p1a: Lurantis|0 fnt\n|-damage|p1b: Espeon|43\/100\n|faint|p1a: Lurantis\n|\n|-weather|Sandstorm|[upkeep]\n|-damage|p1b: Espeon|37\/100|[from] Sandstorm\n|-damage|p2a: Slaking|61\/100|[from] Sandstorm\n|-damage|p2b: Slowking|20\/100|[from] Sandstorm\n|upkeep\n|\n|t:|1698893039\n|switch|p1a: Sableye|Sableye, M|100\/100\n|turn|5\n|\n|t:|1698893055\n|move|p1a: Sableye|Confuse Ray|p2a: Slaking\n|-immune|p2a: Slaking|confusion|[from] ability: Own Tempo\n|move|p1b: Espeon|Dazzling Gleam|p2b: Slowking|[spread] p2a,p2b\n|-damage|p2a: Slaking|41\/100\n|-damage|p2b: Slowking|3\/100\n|move|p2a: Slaking|Earthquake|p1a: Sableye|[spread] p2b,p1a,p1b\n|-damage|p2b: Slowking|0 fnt\n|-damage|p1a: Sableye|65\/100\n|-damage|p1b: Espeon|0 fnt\n|faint|p2b: Slowking\n|faint|p1b: Espeon\n|\n|-weather|Sandstorm|[upkeep]\n|-damage|p2a: Slaking|35\/100|[from] Sandstorm\n|-damage|p1a: Sableye|59\/100|[from] Sandstorm\n|upkeep\n|\n|t:|1698893068\n|switch|p1b: Corsola|Corsola-Galar, F|100\/100\n|switch|p2b: Scizor|Scizor, F|100\/100\n|turn|6\n|\n|t:|1698893085\n|move|p1a: Sableye|Encore|p2a: Slaking\n|-start|p2a: Slaking|Encore\n|move|p2a: Slaking|Earthquake|p1b: Corsola|[spread] p2b,p1a,p1b\n|-damage|p2b: Scizor|69\/100\n|-damage|p1a: Sableye|25\/100\n|-damage|p1b: Corsola|77\/100\n|move|p2b: Scizor|Swords Dance|p2b: Scizor\n|-boost|p2b: Scizor|atk|2\n|move|p1b: Corsola|Strength Sap|p2b: Scizor\n|-unboost|p2b: Scizor|atk|1\n|-heal|p1b: Corsola|100\/100\n|\n|-weather|none\n|upkeep\n|turn|7\n|\n|t:|1698893106\n|move|p1a: Sableye|Encore|p2b: Scizor\n|-start|p2b: Scizor|Encore\n|move|p2a: Slaking|Earthquake|p1b: Corsola|[spread] p2b,p1a,p1b\n|-damage|p2b: Scizor|35\/100\n|-damage|p1a: Sableye|0 fnt\n|-damage|p1b: Corsola|75\/100\n|faint|p1a: Sableye\n|move|p2b: Scizor|Swords Dance|p2b: Scizor\n|-boost|p2b: Scizor|atk|2\n|move|p1b: Corsola|Confuse Ray|p2a: Slaking\n|-immune|p2a: Slaking|confusion|[from] ability: Own Tempo\n|\n|upkeep\n|\n|t:|1698893118\n|switch|p1a: Muk|Muk-Alola, M|100\/100\n|turn|8\n|\n|t:|1698893128\n|switch|p1a: Chimecho|Chimecho, M|100\/100\n|switch|p2b: Salamence|Salamence, F|100\/100\n|-ability|p2b: Salamence|Intimidate|boost\n|-unboost|p1a: Chimecho|atk|1\n|-unboost|p1b: Corsola|atk|1\n|move|p2a: Slaking|Earthquake|p1b: Corsola|[spread] p1b\n|-immune|p2b: Salamence\n|-immune|p1a: Chimecho|[from] ability: Levitate\n|-damage|p1b: Corsola|50\/100\n|move|p1b: Corsola|Confuse Ray|p2b: Salamence\n|-start|p2b: Salamence|confusion\n|\n|-end|p2a: Slaking|Encore\n|upkeep\n|turn|9\n|inactive|NeoBlade104 has 120 seconds left.\n|\n|t:|1698893158\n|-activate|p2b: Salamence|confusion\n|move|p2b: Salamence|Dragon Claw|p1a: Chimecho\n|-damage|p1a: Chimecho|55\/100\n|move|p2a: Slaking|Earthquake|p1b: Corsola|[spread] p1b\n|-immune|p2b: Salamence\n|-immune|p1a: Chimecho|[from] ability: Levitate\n|-damage|p1b: Corsola|28\/100\n|move|p1a: Chimecho|Cosmic Power|p1a: Chimecho\n|-boost|p1a: Chimecho|def|1\n|-boost|p1a: Chimecho|spd|1\n|move|p1b: Corsola|Strength Sap|p2a: Slaking\n|-unboost|p2a: Slaking|atk|1\n|-heal|p1b: Corsola|100\/100\n|\n|-heal|p1a: Chimecho|61\/100|[from] item: Leftovers\n|upkeep\n|turn|10\n|\n|t:|1698893180\n|-activate|p2b: Salamence|confusion\n|move|p2b: Salamence|Dragon Claw|p1a: Chimecho\n|-damage|p1a: Chimecho|34\/100\n|move|p2a: Slaking|Crush Claw|p1a: Chimecho\n|-damage|p1a: Chimecho|12\/100\n|-unboost|p1a: Chimecho|def|1\n|move|p1a: Chimecho|Cosmic Power|p1a: Chimecho\n|-boost|p1a: Chimecho|def|1\n|-boost|p1a: Chimecho|spd|1\n|move|p1b: Corsola|Strength Sap|p2b: Salamence\n|-unboost|p2b: Salamence|atk|1\n|\n|-heal|p1a: Chimecho|18\/100|[from] item: Leftovers\n|upkeep\n|turn|11\n|\n|t:|1698893200\n|-activate|p2b: Salamence|confusion\n|move|p2b: Salamence|Dragon Claw|p1a: Chimecho\n|-damage|p1a: Chimecho|0 fnt\n|faint|p1a: Chimecho\n|move|p2a: Slaking|Crush Claw|p1b: Corsola\n|-immune|p1b: Corsola\n|move|p1b: Corsola|Night Shade|p2b: Salamence\n|-damage|p2b: Salamence|70\/100\n|\n|upkeep\n|\n|t:|1698893208\n|switch|p1a: Muk|Muk-Alola, M|100\/100\n|turn|12\n|\n|t:|1698893221\n|switch|p2b: Scizor|Scizor, F|35\/100\n|move|p2a: Slaking|Earthquake|p1a: Muk|[spread] p2b,p1a,p1b\n|-supereffective|p1a: Muk\n|-damage|p2b: Scizor|12\/100\n|-damage|p1a: Muk|45\/100\n|-damage|p1b: Corsola|84\/100\n|-start|p2a: Slaking|Disable|Earthquake|[from] ability: Cursed Body|[of] p1b: Corsola\n|move|p1a: Muk|Drain Punch|p2a: Slaking\n|-supereffective|p2a: Slaking\n|-damage|p2a: Slaking|5\/100\n|-heal|p1a: Muk|67\/100|[from] drain|[of] p2a: Slaking\n|move|p1b: Corsola|Night Shade|p2b: Scizor\n|-damage|p2b: Scizor|0 fnt\n|faint|p2b: Scizor\n|\n|-heal|p1a: Muk|73\/100|[from] item: Black Sludge\n|upkeep\n|\n|t:|1698893245\n|switch|p2b: Salamence|Salamence, F|70\/100\n|-ability|p2b: Salamence|Intimidate|boost\n|-unboost|p1a: Muk|atk|1\n|-unboost|p1b: Corsola|atk|1\n|turn|13\n|\n|t:|1698893268\n|move|p2b: Salamence|Dragon Claw|p1b: Corsola\n|-damage|p1b: Corsola|52\/100\n|move|p2a: Slaking|Crush Claw|p1a: Muk\n|-damage|p1a: Muk|32\/100\n|-unboost|p1a: Muk|def|1\n|move|p1a: Muk|Rock Polish|p1a: Muk\n|-boost|p1a: Muk|spe|2\n|move|p1b: Corsola|Strength Sap|p2b: Salamence\n|-unboost|p2b: Salamence|atk|1\n|-heal|p1b: Corsola|100\/100\n|\n|-heal|p1a: Muk|38\/100|[from] item: Black Sludge\n|upkeep\n|turn|14\n|\n|t:|1698893293\n|move|p1a: Muk|Rock Slide|p2b: Salamence|[spread] p2a,p2b\n|-supereffective|p2b: Salamence\n|-damage|p2a: Slaking|0 fnt\n|-damage|p2b: Salamence|42\/100\n|faint|p2a: Slaking\n|cant|p2b: Salamence|flinch\n|move|p1b: Corsola|Confuse Ray|p2b: Salamence\n|-start|p2b: Salamence|confusion\n|\n|-heal|p1a: Muk|44\/100|[from] item: Black Sludge\n|upkeep\n|\n|t:|1698893302\n|switch|p2a: Machamp|Machamp, F|100\/100\n|turn|15\n|\n|t:|1698893315\n|move|p1a: Muk|Poison Jab|p2a: Machamp\n|-damage|p2a: Machamp|76\/100\n|-activate|p2b: Salamence|confusion\n|move|p2b: Salamence|Dragon Claw|p1a: Muk\n|-damage|p1a: Muk|0 fnt\n|faint|p1a: Muk\n|move|p2a: Machamp|Earthquake|p1b: Corsola|[spread] p1b\n|-immune|p2b: Salamence\n|-damage|p1b: Corsola|81\/100\n|move|p1b: Corsola|Confuse Ray|p2a: Machamp\n|-start|p2a: Machamp|confusion\n|\n|upkeep\n|turn|16\n|\n|t:|1698893338\n|-activate|p2b: Salamence|confusion\n|move|p2b: Salamence|Dragon Dance|p2b: Salamence\n|-boost|p2b: Salamence|atk|1\n|-boost|p2b: Salamence|spe|1\n|-activate|p2a: Machamp|confusion\n|move|p2a: Machamp|Earthquake|p1b: Corsola|[spread] p1b\n|-immune|p2b: Salamence\n|-damage|p1b: Corsola|63\/100\n|-start|p2a: Machamp|Disable|Earthquake|[from] ability: Cursed Body|[of] p1b: Corsola\n|move|p1b: Corsola|Strength Sap|p2a: Machamp\n|-unboost|p2a: Machamp|atk|1\n|-heal|p1b: Corsola|100\/100\n|\n|upkeep\n|turn|17\n|\n|t:|1698893356\n|-activate|p2b: Salamence|confusion\n|move|p2b: Salamence|Dragon Dance|p2b: Salamence\n|-boost|p2b: Salamence|atk|1\n|-boost|p2b: Salamence|spe|1\n|-activate|p2a: Machamp|confusion\n|-damage|p2a: Machamp|64\/100|[from] confusion\n|move|p1b: Corsola|Strength Sap|p2b: Salamence\n|-unboost|p2b: Salamence|atk|1\n|\n|upkeep\n|turn|18\n|\n|t:|1698893366\n|-end|p2b: Salamence|confusion\n|move|p2b: Salamence|Dragon Dance|p2b: Salamence\n|-boost|p2b: Salamence|atk|1\n|-boost|p2b: Salamence|spe|1\n|-end|p2a: Machamp|confusion\n|move|p2a: Machamp|Bulk Up|p2a: Machamp\n|-boost|p2a: Machamp|atk|1\n|-boost|p2a: Machamp|def|1\n|move|p1b: Corsola|Confuse Ray|p2b: Salamence\n|-start|p2b: Salamence|confusion\n|\n|upkeep\n|turn|19\n|\n|t:|1698893383\n|-activate|p2b: Salamence|confusion\n|move|p2b: Salamence|Dragon Dance|p2b: Salamence\n|-boost|p2b: Salamence|atk|1\n|-boost|p2b: Salamence|spe|1\n|move|p2a: Machamp|Bulk Up|p2a: Machamp\n|-boost|p2a: Machamp|atk|1\n|-boost|p2a: Machamp|def|1\n|move|p1b: Corsola|Confuse Ray|p2a: Machamp\n|-start|p2a: Machamp|confusion\n|\n|-end|p2a: Machamp|Disable\n|upkeep\n|turn|20\n|\n|t:|1698893396\n|-activate|p2b: Salamence|confusion\n|move|p2b: Salamence|Dragon Claw|p1b: Corsola\n|-damage|p1b: Corsola|30\/100\n|-activate|p2a: Machamp|confusion\n|move|p2a: Machamp|Earthquake|p1b: Corsola|[spread] p1b\n|-immune|p2b: Salamence\n|-damage|p1b: Corsola|0 fnt\n|faint|p1b: Corsola\n|\n|win|NeoBlade104\n|raw|Epilepsy Espeon's rating: 1063 &rarr; <strong>1046<\/strong><br \/>(-17 for losing)\n|raw|NeoBlade104's rating: 1098 &rarr; <strong>1121<\/strong><br \/>(+23 for winning)\n|l|\u2606Epilepsy Espeon\n","uploadtime":1698893407,"views":6,"p1id":"epilepsyespeon","p2id":"neoblade104","formatid":"gen9nationaldexdoubles","rating":1046,"private":0,"password":""}