{"id":"gen9nationaldexdoubles-1995969317","p1":"Void87(83)","p2":"the maraculous","format":"[Gen 9] National Dex Doubles","log":"|j|\u2606Void87(83)\n|j|\u2606the maraculous\n|t:|1700623411\n|gametype|doubles\n|player|p1|Void87(83)|bruno|1167\n|player|p2|the maraculous|dragontamer|1428\n|teamsize|p1|6\n|teamsize|p2|6\n|gen|9\n|tier|[Gen 9] National Dex Doubles\n|rated|\n|rule|HP Percentage Mod: HP is shown in percentages\n|rule|Endless Battle Clause: Forcing endless battles is banned\n|rule|OHKO Clause: OHKO moves are banned\n|rule|Evasion Moves Clause: Evasion moves are banned\n|rule|Evasion Abilities Clause: Evasion abilities are banned\n|rule|Species Clause: Limit one of each Pok\u00e9mon\n|rule|Gravity Sleep Clause: The combination of sleep-inducing moves with imperfect accuracy and Gravity or Gigantamax Orbeetle are banned\n|clearpoke\n|poke|p1|Sinistcha-Masterpiece|\n|poke|p1|Ogerpon-Hearthflame, F|\n|poke|p1|Great Tusk|\n|poke|p1|Torkoal, M|\n|poke|p1|Chien-Pao|\n|poke|p1|Kingambit, M|\n|poke|p2|Xurkitree|\n|poke|p2|Iron Valiant|\n|poke|p2|Chandelure, F|\n|poke|p2|Landorus-Therian, M|\n|poke|p2|Kartana|\n|poke|p2|Farigiraf, F|\n|teampreview\n|\n|t:|1700623432\n|start\n|switch|p1a: Torkoal|Torkoal, M|100\/100\n|switch|p1b: Ogerpon|Ogerpon-Hearthflame, F|100\/100\n|switch|p2a: Iron Valiant|Iron Valiant|100\/100\n|switch|p2b: Chandelure|Chandelure, F|100\/100\n|-ability|p1b: Ogerpon|Mold Breaker\n|-item|p2b: Chandelure|Air Balloon\n|-weather|SunnyDay|[from] ability: Drought|[of] p1a: Torkoal\n|turn|1\n|\n|t:|1700623451\n|move|p1b: Ogerpon|Spiky Shield|p1b: Ogerpon\n|-singleturn|p1b: Ogerpon|move: Protect\n|move|p2a: Iron Valiant|Close Combat|p1a: Torkoal\n|-damage|p1a: Torkoal|49\/100\n|-unboost|p2a: Iron Valiant|def|1\n|-unboost|p2a: Iron Valiant|spd|1\n|-damage|p2a: Iron Valiant|91\/100|[from] item: Life Orb\n|move|p1a: Torkoal|Will-O-Wisp|p2a: Iron Valiant\n|-status|p2a: Iron Valiant|brn\n|move|p2b: Chandelure|Trick Room|p2b: Chandelure\n|-fieldstart|move: Trick Room|[of] p2b: Chandelure\n|\n|-weather|SunnyDay|[upkeep]\n|-heal|p1a: Torkoal|56\/100|[from] item: Leftovers\n|-damage|p2a: Iron Valiant|85\/100 brn|[from] brn\n|upkeep\n|turn|2\n|\n|t:|1700623492\n|-end|p2a: Iron Valiant|Quark Drive|[silent]\n|switch|p2a: Landorus|Landorus-Therian, M|100\/100\n|-ability|p2a: Landorus|Intimidate|boost\n|-unboost|p1a: Torkoal|atk|1\n|-unboost|p1b: Ogerpon|atk|1\n|move|p1a: Torkoal|Flamethrower|p2a: Landorus\n|-crit|p2a: Landorus\n|-damage|p2a: Landorus|40\/100\n|move|p2b: Chandelure|Shadow Ball|p1a: Torkoal\n|-damage|p1a: Torkoal|0 fnt\n|faint|p1a: Torkoal\n|move|p1b: Ogerpon|Trailblaze|p2a: Landorus\n|-damage|p2a: Landorus|19\/100\n|-boost|p1b: Ogerpon|spe|1\n|\n|-weather|SunnyDay|[upkeep]\n|upkeep\n|\n|t:|1700623510\n|switch|p1a: Sinistcha|Sinistcha-Masterpiece|100\/100\n|turn|3\n|\n|t:|1700623527\n|-terastallize|p1b: Ogerpon|Fire\n|detailschange|p1b: Ogerpon|Ogerpon-Hearthflame-Tera, F, tera:Fire\n|-ability|p1b: Ogerpon|Embody Aspect (Hearthflame)|boost\n|-boost|p1b: Ogerpon|atk|1\n|move|p2b: Chandelure|Imprison|p2b: Chandelure\n|-start|p2b: Chandelure|move: Imprison\n|move|p2a: Landorus|Knock Off|p1a: Sinistcha\n|-supereffective|p1a: Sinistcha\n|-damage|p1a: Sinistcha|6\/100\n|-enditem|p1a: Sinistcha|Life Orb|[from] move: Knock Off|[of] p2a: Landorus\n|move|p1a: Sinistcha|Matcha Gotcha|p2a: Landorus|[spread] p2a,p2b\n|-resisted|p2b: Chandelure\n|-damage|p2a: Landorus|0 fnt\n|-heal|p1a: Sinistcha|16\/100|[from] drain|[of] p2a: Landorus\n|-damage|p2b: Chandelure|83\/100\n|-heal|p1a: Sinistcha|26\/100|[from] drain|[of] p2b: Chandelure\n|-enditem|p2b: Chandelure|Air Balloon\n|faint|p2a: Landorus\n|move|p1b: Ogerpon|Trailblaze|p2b: Chandelure\n|-resisted|p2b: Chandelure\n|-damage|p2b: Chandelure|67\/100\n|-boost|p1b: Ogerpon|spe|1\n|\n|-weather|SunnyDay|[upkeep]\n|upkeep\n|\n|t:|1700623548\n|switch|p2a: Xurkitree|Xurkitree|100\/100\n|turn|4\n|\n|t:|1700623621\n|move|p2b: Chandelure|Flamethrower|p1a: Sinistcha\n|-supereffective|p1a: Sinistcha\n|-damage|p1a: Sinistcha|0 fnt\n|faint|p1a: Sinistcha\n|move|p2a: Xurkitree|Electric Terrain|p2a: Xurkitree\n|-fieldstart|move: Electric Terrain\n|move|p1b: Ogerpon|Ivy Cudgel|p2a: Xurkitree|[anim] Ivy Cudgel Fire\n|-damage|p2a: Xurkitree|0 fnt\n|faint|p2a: Xurkitree\n|\n|-weather|SunnyDay|[upkeep]\n|upkeep\n|\n|t:|1700623640\n|switch|p1a: Chien-Pao|Chien-Pao|100\/100\n|switch|p2a: Kartana|Kartana|100\/100\n|-ability|p1a: Chien-Pao|Sword of Ruin\n|turn|5\n|\n|t:|1700623651\n|switch|p2a: Farigiraf|Farigiraf, F|100\/100\n|move|p1a: Chien-Pao|Sucker Punch||[still]\n|cant|p2a: Farigiraf|ability: Armor Tail|Sucker Punch|[of] p1a: Chien-Pao\n|move|p2b: Chandelure|Flamethrower|p1a: Chien-Pao\n|-supereffective|p1a: Chien-Pao\n|-damage|p1a: Chien-Pao|0 fnt\n|faint|p1a: Chien-Pao\n|move|p1b: Ogerpon|Ivy Cudgel|p2a: Farigiraf|[anim] Ivy Cudgel Fire\n|-damage|p2a: Farigiraf|0 fnt\n|faint|p2a: Farigiraf\n|\n|-weather|none\n|-fieldend|move: Trick Room\n|upkeep\n|\n|t:|1700623673\n|switch|p1a: Kingambit|Kingambit, M|100\/100\n|switch|p2a: Kartana|Kartana|100\/100\n|-activate|p1a: Kingambit|ability: Supreme Overlord\n|-start|p1a: Kingambit|fallen3|[silent]\n|turn|6\n|\n|t:|1700623682\n|switch|p2b: Iron Valiant|Iron Valiant|85\/100 brn\n|-activate|p2b: Iron Valiant|ability: Quark Drive\n|-start|p2b: Iron Valiant|quarkdrivespe\n|move|p1b: Ogerpon|Ivy Cudgel|p2a: Kartana|[anim] Ivy Cudgel Fire\n|-supereffective|p2a: Kartana\n|-enditem|p2a: Kartana|Focus Sash\n|-damage|p2a: Kartana|1\/100\n|move|p2a: Kartana|Sacred Sword|p1a: Kingambit\n|-supereffective|p1a: Kingambit\n|-damage|p1a: Kingambit|0 fnt\n|faint|p1a: Kingambit\n|-end|p1a: Kingambit|fallen3|[silent]\n|-ability|p2a: Kartana|Beast Boost|boost\n|-boost|p2a: Kartana|atk|1\n|\n|-damage|p2b: Iron Valiant|78\/100 brn|[from] brn\n|upkeep\n|\n|t:|1700623725\n|switch|p1a: Great Tusk|Great Tusk|100\/100\n|turn|7\n|\n|t:|1700623743\n|move|p1b: Ogerpon|Spiky Shield|p1b: Ogerpon\n|-singleturn|p1b: Ogerpon|move: Protect\n|move|p2b: Iron Valiant|Destiny Bond|p2b: Iron Valiant\n|-singlemove|p2b: Iron Valiant|Destiny Bond\n|move|p2a: Kartana|Sacred Sword|p1b: Ogerpon\n|-activate|p1b: Ogerpon|move: Protect\n|-damage|p2a: Kartana|0 fnt|[from] Spiky Shield|[of] p1b: Ogerpon\n|faint|p2a: Kartana\n|move|p1a: Great Tusk|Headlong Rush|p2b: Iron Valiant\n|-damage|p2b: Iron Valiant|14\/100 brn\n|-unboost|p1a: Great Tusk|def|1\n|-unboost|p1a: Great Tusk|spd|1\n|\n|-damage|p2b: Iron Valiant|8\/100 brn|[from] brn\n|upkeep\n|\n|t:|1700623752\n|switch|p2a: Chandelure|Chandelure, F|67\/100\n|turn|8\n|\n|t:|1700623769\n|move|p1b: Ogerpon|Spiky Shield||[still]\n|-fail|p1b: Ogerpon\n|move|p2b: Iron Valiant|Moonblast|p1a: Great Tusk\n|-supereffective|p1a: Great Tusk\n|-damage|p1a: Great Tusk|0 fnt\n|faint|p1a: Great Tusk\n|-end|p1a: Great Tusk|Protosynthesis|[silent]\n|-damage|p2b: Iron Valiant|0 fnt|[from] item: Life Orb\n|faint|p2b: Iron Valiant\n|-end|p2b: Iron Valiant|Quark Drive|[silent]\n|move|p2a: Chandelure|Shadow Ball|p1b: Ogerpon\n|-damage|p1b: Ogerpon|41\/100\n|\n|-fieldend|move: Electric Terrain\n|upkeep\n|turn|9\n|\n|t:|1700623781\n|move|p1b: Ogerpon|Spiky Shield|p1b: Ogerpon\n|-singleturn|p1b: Ogerpon|move: Protect\n|move|p2a: Chandelure|Shadow Ball|p1b: Ogerpon\n|-activate|p1b: Ogerpon|move: Protect\n|\n|upkeep\n|turn|10\n|\n|t:|1700623795\n|move|p1b: Ogerpon|Trailblaze|p2a: Chandelure\n|-resisted|p2a: Chandelure\n|-damage|p2a: Chandelure|50\/100\n|-boost|p1b: Ogerpon|spe|1\n|move|p2a: Chandelure|Shadow Ball|p1b: Ogerpon\n|-damage|p1b: Ogerpon|0 fnt\n|faint|p1b: Ogerpon\n|\n|win|the maraculous\n|raw|Void87(83)'s rating: 1167 &rarr; <strong>1158<\/strong><br \/>(-9 for losing)\n|raw|the maraculous's rating: 1428 &rarr; <strong>1435<\/strong><br \/>(+7 for winning)\n|c|\u2606Void87(83)|Flash fire?\n|c|\u2606the maraculous|yep\n|c|\u2606Void87(83)|Damn\n","uploadtime":1700623821,"views":0,"p1id":"void8783","p2id":"themaraculous","formatid":"gen9nationaldexdoubles","rating":1158,"private":0,"password":""}