{"id":"gen9nationaldexdoubles-1967756598","p1":"Yu hung lo","p2":"eu curto caras (\u30c5)","format":"[Gen 9] National Dex Doubles","log":"|j|\u2606Yu hung lo\n|j|\u2606eu curto caras (\u30c5)\n|t:|1697334913\n|gametype|doubles\n|player|p1|Yu hung lo|janitor|1129\n|player|p2|eu curto caras (\u30c5)|barry|1050\n|teamsize|p1|6\n|teamsize|p2|6\n|gen|9\n|tier|[Gen 9] National Dex Doubles\n|rated|\n|rule|HP Percentage Mod: HP is shown in percentages\n|rule|Endless Battle Clause: Forcing endless battles is banned\n|rule|OHKO Clause: OHKO moves are banned\n|rule|Evasion Moves Clause: Evasion moves are banned\n|rule|Evasion Abilities Clause: Evasion abilities are banned\n|rule|Species Clause: Limit one of each Pok\u00e9mon\n|rule|Gravity Sleep Clause: The combination of sleep-inducing moves with imperfect accuracy and Gravity or Gigantamax Orbeetle are banned\n|clearpoke\n|poke|p1|Charizard, M|\n|poke|p1|Walking Wake|\n|poke|p1|Landorus-Therian, M|\n|poke|p1|Gastrodon, M|\n|poke|p1|Ogerpon-Hearthflame, F|\n|poke|p1|Grimmsnarl, M|\n|poke|p2|Clamperl, F|\n|poke|p2|Araquanid, F|\n|poke|p2|Pelipper, F|\n|poke|p2|Ogerpon-Wellspring, F|\n|poke|p2|Ribombee, F|\n|poke|p2|Omastar, F|\n|teampreview\n|inactive|Battle timer is ON: inactive players will automatically lose when time's up. (requested by eu curto caras (\u30c5))\n|\n|t:|1697334925\n|start\n|switch|p1a: Grimmsnarl|Grimmsnarl, M|100\/100\n|switch|p1b: Ogerpon|Ogerpon-Hearthflame, F|100\/100\n|switch|p2a: Pelipper|Pelipper, F|100\/100\n|switch|p2b: Araquanid|Araquanid, F, shiny|100\/100\n|-ability|p1b: Ogerpon|Mold Breaker\n|-weather|RainDance|[from] ability: Drizzle|[of] p2a: Pelipper\n|turn|1\n|c|\u2606eu curto caras (\u30c5)|Glhf\n|\n|t:|1697334945\n|move|p1b: Ogerpon|Spiky Shield|p1b: Ogerpon\n|-singleturn|p1b: Ogerpon|move: Protect\n|move|p1a: Grimmsnarl|Light Screen|p1a: Grimmsnarl\n|-sidestart|p1: Yu hung lo|move: Light Screen\n|move|p2a: Pelipper|Hurricane|p1b: Ogerpon\n|-activate|p1b: Ogerpon|move: Protect\n|move|p2b: Araquanid|Sticky Web|p1a: Grimmsnarl\n|-sidestart|p1: Yu hung lo|move: Sticky Web\n|\n|-weather|RainDance|[upkeep]\n|upkeep\n|turn|2\n|\n|t:|1697334968\n|switch|p1b: Gastrodon|Gastrodon, M|100\/100\n|-activate|p1b: Gastrodon|move: Sticky Web\n|-unboost|p1b: Gastrodon|spe|1\n|move|p1a: Grimmsnarl|Parting Shot|p2a: Pelipper\n|-unboost|p2a: Pelipper|atk|1\n|-unboost|p2a: Pelipper|spa|1\n|\n|t:|1697334977\n|switch|p1a: Landorus|Landorus-Therian, M|100\/100|[from] Parting Shot\n|-ability|p1a: Landorus|Intimidate|boost\n|-unboost|p2a: Pelipper|atk|1\n|-unboost|p2b: Araquanid|atk|1\n|move|p2a: Pelipper|U-turn|p1a: Landorus\n|-resisted|p1a: Landorus\n|-damage|p1a: Landorus|98\/100\n|\n|t:|1697334986\n|switch|p2a: Clamperl|Clamperl, F, shiny|100\/100|[from] U-turn\n|move|p2b: Araquanid|Entrainment|p2a: Clamperl\n|-endability|p2a: Clamperl|Rattled|[from] move: Entrainment\n|-ability|p2a: Clamperl|Water Bubble|[from] move: Entrainment\n|\n|-weather|RainDance|[upkeep]\n|upkeep\n|turn|3\n|\n|t:|1697335002\n|switch|p2b: Ribombee|Ribombee, F, shiny|100\/100\n|move|p2a: Clamperl|Protect|p2a: Clamperl\n|-singleturn|p2a: Clamperl|Protect\n|move|p1a: Landorus|U-turn|p2a: Clamperl\n|-activate|p2a: Clamperl|move: Protect\n|move|p1b: Gastrodon|Yawn|p2a: Clamperl\n|-activate|p2a: Clamperl|move: Protect\n|\n|-weather|RainDance|[upkeep]\n|upkeep\n|turn|4\n|inactive|eu curto caras (\u30c5) has 120 seconds left.\n|\n|t:|1697335038\n|move|p1a: Landorus|U-turn|p2b: Ribombee\n|-resisted|p2b: Ribombee\n|-crit|p2b: Ribombee\n|-damage|p2b: Ribombee|64\/100\n|\n|t:|1697335042\n|switch|p1a: Ogerpon|Ogerpon-Hearthflame, F|100\/100|[from] U-turn\n|-activate|p1a: Ogerpon|move: Sticky Web\n|-unboost|p1a: Ogerpon|spe|1\n|-ability|p1a: Ogerpon|Mold Breaker\n|move|p2b: Ribombee|Speed Swap|p2a: Clamperl\n|-activate|p2b: Ribombee|move: Speed Swap|[of] p2a: Clamperl\n|move|p2a: Clamperl|Ice Beam|p1b: Gastrodon\n|-damage|p1b: Gastrodon|70\/100\n|move|p1b: Gastrodon|Yawn|p2b: Ribombee\n|-start|p2b: Ribombee|move: Yawn|[of] p1b: Gastrodon\n|\n|-weather|RainDance|[upkeep]\n|-heal|p1b: Gastrodon|76\/100|[from] item: Leftovers\n|upkeep\n|turn|5\n|inactive|eu curto caras (\u30c5) has 120 seconds left.\n|inactive|Yu hung lo has 120 seconds left.\n|\n|t:|1697335087\n|move|p2b: Ribombee|Helping Hand|p2a: Clamperl\n|-singleturn|p2a: Clamperl|Helping Hand|[of] p2b: Ribombee\n|move|p2a: Clamperl|Ice Beam|p1b: Gastrodon\n|-damage|p1b: Gastrodon|29\/100\n|move|p1a: Ogerpon|Swords Dance|p1a: Ogerpon\n|-boost|p1a: Ogerpon|atk|2\n|move|p1b: Gastrodon|Yawn|p2a: Clamperl\n|-start|p2a: Clamperl|move: Yawn|[of] p1b: Gastrodon\n|\n|-weather|RainDance|[upkeep]\n|-heal|p1b: Gastrodon|35\/100|[from] item: Leftovers\n|-end|p2b: Ribombee|move: Yawn|[silent]\n|-status|p2b: Ribombee|slp\n|upkeep\n|turn|6\n|inactive|eu curto caras (\u30c5) has 120 seconds left.\n|\n|t:|1697335110\n|cant|p2b: Ribombee|slp\n|move|p1b: Gastrodon|Protect|p1b: Gastrodon\n|-singleturn|p1b: Gastrodon|Protect\n|move|p2a: Clamperl|Ice Beam|p1b: Gastrodon\n|-activate|p1b: Gastrodon|move: Protect\n|move|p1a: Ogerpon|Horn Leech|p2a: Clamperl\n|-supereffective|p2a: Clamperl\n|-damage|p2a: Clamperl|0 fnt\n|faint|p2a: Clamperl\n|\n|-weather|RainDance|[upkeep]\n|-heal|p1b: Gastrodon|41\/100|[from] item: Leftovers\n|upkeep\n|\n|t:|1697335126\n|switch|p2a: Ogerpon|Ogerpon-Wellspring, F|100\/100\n|turn|7\n|inactive|Yu hung lo has 120 seconds left.\n|inactive|eu curto caras (\u30c5) has 90 seconds left.\n|\n|t:|1697335178\n|-terastallize|p1b: Gastrodon|Fire\n|move|p2a: Ogerpon|Horn Leech|p1b: Gastrodon\n|-resisted|p1b: Gastrodon\n|-damage|p1b: Gastrodon|19\/100\n|move|p1a: Ogerpon|Horn Leech|p2a: Ogerpon\n|-damage|p2a: Ogerpon|9\/100\n|move|p1b: Gastrodon|Ice Beam|p2b: Ribombee\n|-damage|p2b: Ribombee|19\/100 slp\n|cant|p2b: Ribombee|slp\n|\n|-weather|RainDance|[upkeep]\n|-heal|p1b: Gastrodon|25\/100|[from] item: Leftovers\n|upkeep\n|turn|8\n|inactive|eu curto caras (\u30c5) has 90 seconds left.\n|\n|t:|1697335204\n|cant|p2b: Ribombee|slp\n|move|p2a: Ogerpon|Spiky Shield|p2a: Ogerpon\n|-singleturn|p2a: Ogerpon|move: Protect\n|move|p1b: Gastrodon|Protect|p1b: Gastrodon\n|-singleturn|p1b: Gastrodon|Protect\n|move|p1a: Ogerpon|Ivy Cudgel|p2b: Ribombee\n|-supereffective|p2b: Ribombee\n|-damage|p2b: Ribombee|0 fnt\n|faint|p2b: Ribombee\n|\n|-weather|none\n|-heal|p1b: Gastrodon|31\/100|[from] item: Leftovers\n|-sideend|p1: Yu hung lo|move: Light Screen\n|upkeep\n|\n|t:|1697335215\n|switch|p2b: Pelipper|Pelipper, F|100\/100\n|-weather|RainDance|[from] ability: Drizzle|[of] p2b: Pelipper\n|turn|9\n|inactive|eu curto caras (\u30c5) has 90 seconds left.\n|\n|t:|1697335237\n|switch|p1b: Grimmsnarl|Grimmsnarl, M|100\/100\n|-activate|p1b: Grimmsnarl|move: Sticky Web\n|-unboost|p1b: Grimmsnarl|spe|1\n|move|p1a: Ogerpon|Spiky Shield|p1a: Ogerpon\n|-singleturn|p1a: Ogerpon|move: Protect\n|move|p2a: Ogerpon|Play Rough|p1b: Grimmsnarl\n|-supereffective|p1b: Grimmsnarl\n|-damage|p1b: Grimmsnarl|30\/100\n|move|p2b: Pelipper|Hurricane|p1a: Ogerpon\n|-activate|p1a: Ogerpon|move: Protect\n|\n|-weather|RainDance|[upkeep]\n|upkeep\n|turn|10\n|inactive|eu curto caras (\u30c5) has 90 seconds left.\n|\n|t:|1697335259\n|move|p1b: Grimmsnarl|Parting Shot|p2b: Pelipper\n|-unboost|p2b: Pelipper|atk|1\n|-unboost|p2b: Pelipper|spa|1\n|\n|t:|1697335263\n|switch|p1b: Gastrodon|Gastrodon, M, tera:Fire|31\/100|[from] Parting Shot\n|-activate|p1b: Gastrodon|move: Sticky Web\n|-unboost|p1b: Gastrodon|spe|1\n|move|p2a: Ogerpon|Horn Leech|p1b: Gastrodon\n|-resisted|p1b: Gastrodon\n|-damage|p1b: Gastrodon|9\/100\n|-heal|p2a: Ogerpon|21\/100|[from] drain|[of] p1b: Gastrodon\n|move|p1a: Ogerpon|Horn Leech|p2b: Pelipper\n|-damage|p2b: Pelipper|11\/100\n|move|p2b: Pelipper|Hydro Pump|p1b: Gastrodon\n|-activate|p1b: Gastrodon|ability: Storm Drain\n|-ability|p1b: Gastrodon|Storm Drain|boost\n|-boost|p1b: Gastrodon|spa|1\n|\n|-weather|RainDance|[upkeep]\n|-heal|p1b: Gastrodon|15\/100|[from] item: Leftovers\n|upkeep\n|turn|11\n|\n|t:|1697335291\n|switch|p1b: Grimmsnarl|Grimmsnarl, M|30\/100\n|-activate|p1b: Grimmsnarl|move: Sticky Web\n|-unboost|p1b: Grimmsnarl|spe|1\n|move|p2a: Ogerpon|Horn Leech|p1b: Grimmsnarl\n|-damage|p1b: Grimmsnarl|0 fnt\n|-heal|p2a: Ogerpon|37\/100|[from] drain|[of] p1b: Grimmsnarl\n|faint|p1b: Grimmsnarl\n|move|p1a: Ogerpon|Horn Leech|p2b: Pelipper\n|-damage|p2b: Pelipper|0 fnt\n|faint|p2b: Pelipper\n|\n|-weather|RainDance|[upkeep]\n|upkeep\n|\n|t:|1697335312\n|switch|p1b: Charizard|Charizard, M, shiny|100\/100\n|switch|p2b: Araquanid|Araquanid, F, shiny|100\/100\n|turn|12\n|inactive|eu curto caras (\u30c5) has 120 seconds left.\n|\n|t:|1697335350\n|detailschange|p1b: Charizard|Charizard-Mega-Y, M, shiny\n|-mega|p1b: Charizard|Charizard|Charizardite Y\n|-weather|SunnyDay|[from] ability: Drought|[of] p1b: Charizard\n|move|p2a: Ogerpon|Spiky Shield|p2a: Ogerpon\n|-singleturn|p2a: Ogerpon|move: Protect\n|move|p1a: Ogerpon|Spiky Shield|p1a: Ogerpon\n|-singleturn|p1a: Ogerpon|move: Protect\n|move|p1b: Charizard|Tailwind|p1b: Charizard\n|-sidestart|p1: Yu hung lo|move: Tailwind\n|move|p2b: Araquanid|Liquidation|p1b: Charizard\n|-supereffective|p1b: Charizard\n|-damage|p1b: Charizard|4\/100\n|-unboost|p1b: Charizard|def|1\n|\n|-weather|SunnyDay|[upkeep]\n|upkeep\n|turn|13\n|inactive|eu curto caras (\u30c5) has 120 seconds left.\n|inactive|eu curto caras (\u30c5) has 90 seconds left.\n|\n|t:|1697335392\n|move|p1b: Charizard|Heat Wave|p2b: Araquanid|[spread] p2a,p2b\n|-damage|p2a: Ogerpon|0 fnt\n|-damage|p2b: Araquanid|73\/100\n|faint|p2a: Ogerpon\n|move|p1a: Ogerpon|Ivy Cudgel|p2b: Araquanid\n|-crit|p2b: Araquanid\n|-damage|p2b: Araquanid|0 fnt\n|faint|p2b: Araquanid\n|\n|-weather|SunnyDay|[upkeep]\n|upkeep\n|\n|t:|1697335406\n|switch|p2a: Omastar|Omastar, F, shiny|100\/100\n|turn|14\n|\n|t:|1697335414\n|-terastallize|p2a: Omastar|Rock\n|move|p1b: Charizard|Heat Wave|p2a: Omastar\n|-resisted|p2a: Omastar\n|-damage|p2a: Omastar|31\/100\n|-status|p2a: Omastar|brn\n|move|p1a: Ogerpon|Horn Leech|p2a: Omastar\n|-supereffective|p2a: Omastar\n|-crit|p2a: Omastar\n|-damage|p2a: Omastar|0 fnt\n|faint|p2a: Omastar\n|\n|win|Yu hung lo\n|raw|Yu hung lo's rating: 1129 &rarr; <strong>1148<\/strong><br \/>(+19 for winning)\n|raw|eu curto caras (\u30c5)'s rating: 1050 &rarr; <strong>1036<\/strong><br \/>(-14 for losing)\n|l|\u2606eu curto caras (\u30c5)\n","uploadtime":1697335430,"views":19,"p1id":"yuhunglo","p2id":"eucurtocaras","formatid":"gen9nationaldexdoubles","rating":1036,"private":0,"password":""}