{"id":"gen9nationaldexdoubles-1986293403","p1":"Riddged","p2":"Bootus Stankus","format":"[Gen 9] National Dex Doubles","log":"|j|\u2606Riddged\n|j|\u2606Bootus Stankus\n|t:|1699466862\n|gametype|doubles\n|player|p1|Riddged|iris|1000\n|player|p2|Bootus Stankus|iris|1187\n|teamsize|p1|6\n|teamsize|p2|6\n|gen|9\n|tier|[Gen 9] National Dex Doubles\n|rated|\n|rule|HP Percentage Mod: HP is shown in percentages\n|rule|Endless Battle Clause: Forcing endless battles is banned\n|rule|OHKO Clause: OHKO moves are banned\n|rule|Evasion Moves Clause: Evasion moves are banned\n|rule|Evasion Abilities Clause: Evasion abilities are banned\n|rule|Species Clause: Limit one of each Pok\u00e9mon\n|rule|Gravity Sleep Clause: The combination of sleep-inducing moves with imperfect accuracy and Gravity or Gigantamax Orbeetle are banned\n|clearpoke\n|poke|p1|Goodra, M|\n|poke|p1|Garchomp, M|\n|poke|p1|Altaria, F|\n|poke|p1|Salamence, F|\n|poke|p1|Kommo-o, M|\n|poke|p1|Dragapult, M|\n|poke|p2|Arboliva, M|\n|poke|p2|Farigiraf, F|\n|poke|p2|Clefairy, F|\n|poke|p2|Toxapex, F|\n|poke|p2|Bewear, M|\n|poke|p2|Munkidori, M|\n|teampreview\n|\n|t:|1699466881\n|start\n|switch|p1a: Altaria|Altaria, F|100\/100\n|switch|p1b: Kommo-o|Kommo-o, M|100\/100\n|switch|p2a: Farigiraf|Farigiraf, F, shiny|100\/100\n|switch|p2b: Toxapex|Toxapex, F|100\/100\n|turn|1\n|\n|t:|1699466897\n|detailschange|p1a: Altaria|Altaria-Mega, F\n|-mega|p1a: Altaria|Altaria|Altarianite\n|move|p1a: Altaria|Cotton Guard|p1a: Altaria\n|-boost|p1a: Altaria|def|3\n|move|p1b: Kommo-o|Clangorous Soul|p1b: Kommo-o\n|-boost|p1b: Kommo-o|atk|1\n|-boost|p1b: Kommo-o|def|1\n|-boost|p1b: Kommo-o|spa|1\n|-boost|p1b: Kommo-o|spd|1\n|-boost|p1b: Kommo-o|spe|1\n|-damage|p1b: Kommo-o|68\/100\n|move|p2b: Toxapex|Toxic Spikes|p1a: Altaria\n|-sidestart|p1: Riddged|move: Toxic Spikes\n|move|p2a: Farigiraf|Trick Room|p2a: Farigiraf\n|-fieldstart|move: Trick Room|[of] p2a: Farigiraf\n|\n|upkeep\n|turn|2\n|\n|t:|1699466928\n|move|p2b: Toxapex|Toxic Spikes|p1a: Altaria\n|-sidestart|p1: Riddged|move: Toxic Spikes\n|move|p2a: Farigiraf|Sunny Day|p2a: Farigiraf\n|-weather|SunnyDay\n|move|p1a: Altaria|Moonblast|p2a: Farigiraf\n|-damage|p2a: Farigiraf|63\/100\n|move|p1b: Kommo-o|Thunder Punch|p2b: Toxapex\n|-supereffective|p2b: Toxapex\n|-damage|p2b: Toxapex|46\/100\n|\n|-weather|SunnyDay|[upkeep]\n|upkeep\n|turn|3\n|\n|t:|1699466953\n|switch|p2b: Arboliva|Arboliva, M|100\/100\n|move|p2a: Farigiraf|Dazzling Gleam|p1b: Kommo-o|[spread] p1a,p1b\n|-supereffective|p1a: Altaria\n|-supereffective|p1b: Kommo-o\n|-damage|p1a: Altaria|60\/100\n|-damage|p1b: Kommo-o|16\/100\n|move|p1a: Altaria|Cotton Guard|p1a: Altaria\n|-boost|p1a: Altaria|def|3\n|move|p1b: Kommo-o|Ice Punch|p2a: Farigiraf\n|-damage|p2a: Farigiraf|28\/100\n|\n|-weather|SunnyDay|[upkeep]\n|upkeep\n|turn|4\n|\n|t:|1699466990\n|move|p2b: Arboliva|Leech Seed|p1a: Altaria\n|-start|p1a: Altaria|move: Leech Seed\n|move|p2a: Farigiraf|Dazzling Gleam|p1b: Kommo-o|[spread] p1a,p1b\n|-supereffective|p1a: Altaria\n|-supereffective|p1b: Kommo-o\n|-damage|p1a: Altaria|20\/100\n|-damage|p1b: Kommo-o|0 fnt\n|faint|p1b: Kommo-o\n|move|p1a: Altaria|Moonblast|p2a: Farigiraf\n|-damage|p2a: Farigiraf|0 fnt\n|faint|p2a: Farigiraf\n|\n|-weather|SunnyDay|[upkeep]\n|-damage|p1a: Altaria|8\/100|[from] Leech Seed|[of] p2b: Arboliva\n|upkeep\n|\n|t:|1699467007\n|switch|p2a: Toxapex|Toxapex, F|80\/100\n|switch|p1b: Dragapult|Dragapult, M|100\/100\n|-status|p1b: Dragapult|tox\n|turn|5\n|\n|t:|1699467023\n|move|p2b: Arboliva|Protect|p2b: Arboliva\n|-singleturn|p2b: Arboliva|Protect\n|move|p2a: Toxapex|Venoshock|p1b: Dragapult\n|-resisted|p1b: Dragapult\n|-damage|p1b: Dragapult|74\/100 tox\n|-start|p2a: Toxapex|Disable|Venoshock|[from] ability: Cursed Body|[of] p1b: Dragapult\n|-damage|p2a: Toxapex|70\/100|[from] item: Life Orb\n|move|p1a: Altaria|Roost|p1a: Altaria\n|-heal|p1a: Altaria|58\/100\n|-singleturn|p1a: Altaria|move: Roost\n|move|p1b: Dragapult|Psychic Fangs|p2a: Toxapex\n|-supereffective|p2a: Toxapex\n|-damage|p2a: Toxapex|31\/100\n|\n|-weather|SunnyDay|[upkeep]\n|-heal|p1b: Dragapult|80\/100 tox|[from] item: Leftovers\n|-damage|p1a: Altaria|45\/100|[from] Leech Seed|[of] p2b: Arboliva\n|-damage|p1b: Dragapult|74\/100 tox|[from] psn\n|-fieldend|move: Trick Room\n|upkeep\n|turn|6\n|\n|t:|1699467053\n|switch|p2a: Munkidori|Munkidori, M|100\/100\n|move|p1b: Dragapult|Dragon Darts|p2a: Munkidori\n|-damage|p2a: Munkidori|66\/100\n|-anim|p1b: Dragapult|Dragon Darts|p2b: Arboliva\n|-damage|p2b: Arboliva|81\/100\n|move|p1a: Altaria|Moonblast|p2b: Arboliva\n|-damage|p2b: Arboliva|43\/100\n|-enditem|p2b: Arboliva|Sitrus Berry|[eat]\n|-heal|p2b: Arboliva|68\/100|[from] item: Sitrus Berry\n|move|p2b: Arboliva|Leech Seed|p1b: Dragapult\n|-start|p1b: Dragapult|move: Leech Seed\n|\n|-weather|none\n|-heal|p1b: Dragapult|80\/100 tox|[from] item: Leftovers\n|-damage|p1b: Dragapult|68\/100 tox|[from] Leech Seed|[of] p2b: Arboliva\n|-heal|p2b: Arboliva|80\/100|[silent]\n|-damage|p1a: Altaria|33\/100|[from] Leech Seed|[of] p2b: Arboliva\n|-heal|p2b: Arboliva|91\/100|[silent]\n|-damage|p1b: Dragapult|56\/100 tox|[from] psn\n|upkeep\n|turn|7\n|\n|t:|1699467114\n|move|p1b: Dragapult|U-turn|p2a: Munkidori\n|-damage|p2a: Munkidori|32\/100\n|\n|t:|1699467117\n|switch|p1b: Goodra|Goodra, M|100\/100|[from] U-turn\n|-status|p1b: Goodra|tox\n|move|p2a: Munkidori|Sludge Bomb|p1a: Altaria\n|-supereffective|p1a: Altaria\n|-damage|p1a: Altaria|0 fnt\n|faint|p1a: Altaria\n|move|p2b: Arboliva|Giga Drain|p1b: Goodra\n|-resisted|p1b: Goodra\n|-damage|p1b: Goodra|92\/100 tox\n|-heal|p2b: Arboliva|96\/100|[from] drain|[of] p1b: Goodra\n|\n|-damage|p1b: Goodra|86\/100 tox|[from] psn\n|upkeep\n|l|\u2606Riddged\n|player|p1|\n|inactive|Battle timer is ON: inactive players will automatically lose when time's up. (requested by Bootus Stankus)\n|inactive|Riddged has 30 seconds to reconnect!\n|inactive|Riddged has 20 seconds to reconnect!\n|inactive|Riddged has 15 seconds to reconnect!\n|inactive|Riddged has 10 seconds to reconnect!\n|inactive|Riddged has 5 seconds to reconnect!\n|-message|Riddged lost due to inactivity.\n|\n|win|Bootus Stankus\n|raw|Riddged's rating: 1000 &rarr; <strong>1000<\/strong><br \/>(+0 for losing)\n|raw|Bootus Stankus's rating: 1187 &rarr; <strong>1200<\/strong><br \/>(+13 for winning)\n","uploadtime":1699467335,"views":6,"p1id":"riddged","p2id":"bootusstankus","formatid":"gen9nationaldexdoubles","rating":1000,"private":0,"password":""}