{"id":"gen9nationaldexdoubles-1999772745","p1":"Lux2821","p2":"Bugz29","format":"[Gen 9] National Dex Doubles","log":"|j|\u2606Lux2821\n|j|\u2606Bugz29\n|t:|1701115339\n|gametype|doubles\n|player|p1|Lux2821|lusamine-nihilego|\n|player|p2|Bugz29|colress|\n|teamsize|p1|6\n|teamsize|p2|6\n|gen|9\n|tier|[Gen 9] National Dex Doubles\n|rule|HP Percentage Mod: HP is shown in percentages\n|rule|Endless Battle Clause: Forcing endless battles is banned\n|rule|OHKO Clause: OHKO moves are banned\n|rule|Evasion Moves Clause: Evasion moves are banned\n|rule|Evasion Abilities Clause: Evasion abilities are banned\n|rule|Species Clause: Limit one of each Pok\u00e9mon\n|rule|Gravity Sleep Clause: The combination of sleep-inducing moves with imperfect accuracy and Gravity or Gigantamax Orbeetle are banned\n|clearpoke\n|poke|p1|Cresselia, F|\n|poke|p1|Hoopa-Unbound|\n|poke|p1|Farigiraf, F|\n|poke|p1|Bronzong|\n|poke|p1|Lunatone|\n|poke|p1|Solrock|\n|poke|p2|Alakazam, M|\n|poke|p2|Tapu Lele|\n|poke|p2|Jirachi|\n|poke|p2|Oranguru, F|\n|poke|p2|Farigiraf, M|\n|poke|p2|Swoobat, M|\n|teampreview\n|inactive|Battle timer is ON: inactive players will automatically lose when time's up. (requested by Lux2821)\n|inactive|Bugz29 also wants the timer to be on.\n|c|\u2606Bugz29|Glhf\n|c|\u2606Lux2821|U2\n|\n|t:|1701115366\n|start\n|switch|p1a: Solrock|Solrock|100\/100\n|switch|p1b: Lunatone|Lunatone|100\/100\n|switch|p2a: Tapu Lele|Tapu Lele|100\/100\n|switch|p2b: Swoobat|Swoobat, M|100\/100\n|-fieldstart|move: Psychic Terrain|[from] ability: Psychic Surge|[of] p2a: Tapu Lele\n|turn|1\n|\n|t:|1701115387\n|move|p2b: Swoobat|Simple Beam|p2a: Tapu Lele\n|-endability|p2a: Tapu Lele|Psychic Surge|[from] move: Simple Beam\n|-ability|p2a: Tapu Lele|Simple|[from] move: Simple Beam\n|move|p2a: Tapu Lele|Calm Mind|p2a: Tapu Lele\n|-boost|p2a: Tapu Lele|spa|2\n|-boost|p2a: Tapu Lele|spd|2\n|move|p1b: Lunatone|Explosion|p2b: Swoobat|[spread] p1a,p2a,p2b\n|-resisted|p1a: Solrock\n|-damage|p1a: Solrock|78\/100\n|-damage|p2a: Tapu Lele|33\/100\n|-damage|p2b: Swoobat|33\/100\n|faint|p1b: Lunatone\n|move|p1a: Solrock|Explosion|p2a: Tapu Lele|[spread] p2a,p2b\n|-damage|p2a: Tapu Lele|0 fnt\n|-damage|p2b: Swoobat|0 fnt\n|faint|p1a: Solrock\n|faint|p2a: Tapu Lele\n|faint|p2b: Swoobat\n|\n|upkeep\n|c|\u2606Bugz29|O\n|c|\u2606Lux2821|W\n|inactive|Bugz29 has 270 seconds left.\n|\n|t:|1701115424\n|switch|p2b: Oranguru|Oranguru, F|100\/100\n|switch|p2a: Alakazam|Alakazam, M|100\/100\n|switch|p1b: Hoopa|Hoopa-Unbound|100\/100\n|switch|p1a: Cresselia|Cresselia, F|100\/100\n|turn|2\n|\n|t:|1701115437\n|detailschange|p2a: Alakazam|Alakazam-Mega, M\n|-mega|p2a: Alakazam|Alakazam|Alakazite\n|-ability|p2a: Alakazam|Levitate|[from] ability: Trace|[of] p1a: Cresselia\n|move|p2a: Alakazam|Knock Off|p1b: Hoopa\n|-damage|p1b: Hoopa|78\/100\n|-enditem|p1b: Hoopa|Room Service|[from] move: Knock Off|[of] p2a: Alakazam\n|move|p1b: Hoopa|Lash Out|p2a: Alakazam\n|-supereffective|p2a: Alakazam\n|-damage|p2a: Alakazam|0 fnt\n|faint|p2a: Alakazam\n|move|p2b: Oranguru|Knock Off|p1b: Hoopa\n|-damage|p1b: Hoopa|62\/100\n|move|p1a: Cresselia|Trick Room|p1a: Cresselia\n|-fieldstart|move: Trick Room|[of] p1a: Cresselia\n|\n|upkeep\n|\n|t:|1701115448\n|switch|p2a: Farigiraf|Farigiraf, M|100\/100\n|turn|3\n|\n|t:|1701115470\n|move|p2a: Farigiraf|Signal Beam|p1b: Hoopa\n|-supereffective|p1b: Hoopa\n|-damage|p1b: Hoopa|0 fnt\n|faint|p1b: Hoopa\n|-damage|p2a: Farigiraf|91\/100|[from] item: Life Orb\n|move|p2b: Oranguru|Taunt|p1a: Cresselia\n|-start|p1a: Cresselia|move: Taunt\n|-enditem|p1a: Cresselia|Mental Herb\n|-end|p1a: Cresselia|move: Taunt\n|move|p1a: Cresselia|Signal Beam|p2b: Oranguru\n|-supereffective|p2b: Oranguru\n|-damage|p2b: Oranguru|77\/100\n|\n|upkeep\n|\n|t:|1701115483\n|switch|p1b: Bronzong|Bronzong|100\/100\n|turn|4\n|\n|t:|1701115491\n|move|p1b: Bronzong|Calm Mind|p1b: Bronzong\n|-boost|p1b: Bronzong|spa|1\n|-boost|p1b: Bronzong|spd|1\n|move|p2a: Farigiraf|Nasty Plot|p2a: Farigiraf\n|-boost|p2a: Farigiraf|spa|2\n|move|p2b: Oranguru|Knock Off|p1b: Bronzong\n|-supereffective|p1b: Bronzong\n|-damage|p1b: Bronzong|74\/100\n|-enditem|p1b: Bronzong|Leftovers|[from] move: Knock Off|[of] p2b: Oranguru\n|move|p1a: Cresselia|Signal Beam|p2a: Farigiraf\n|-supereffective|p2a: Farigiraf\n|-damage|p2a: Farigiraf|50\/100\n|\n|upkeep\n|turn|5\n|\n|t:|1701115515\n|move|p1b: Bronzong|Calm Mind|p1b: Bronzong\n|-boost|p1b: Bronzong|spa|1\n|-boost|p1b: Bronzong|spd|1\n|move|p2a: Farigiraf|Signal Beam|p1a: Cresselia\n|-supereffective|p1a: Cresselia\n|-damage|p1a: Cresselia|10\/100\n|-damage|p2a: Farigiraf|41\/100|[from] item: Life Orb\n|move|p2b: Oranguru|Instruct|p2a: Farigiraf\n|-singleturn|p2a: Farigiraf|move: Instruct|[of] p2b: Oranguru\n|move|p2a: Farigiraf|Signal Beam|p1a: Cresselia\n|-supereffective|p1a: Cresselia\n|-damage|p1a: Cresselia|0 fnt\n|faint|p1a: Cresselia\n|-damage|p2a: Farigiraf|31\/100|[from] item: Life Orb\n|\n|-fieldend|move: Psychic Terrain\n|upkeep\n|\n|t:|1701115527\n|switch|p1a: Farigiraf|Farigiraf, F|100\/100\n|turn|6\n|\n|t:|1701115543\n|move|p1b: Bronzong|Iron Defense|p1b: Bronzong\n|-boost|p1b: Bronzong|def|2\n|move|p2a: Farigiraf|Signal Beam|p1a: Farigiraf\n|-supereffective|p1a: Farigiraf\n|-damage|p1a: Farigiraf|0 fnt\n|faint|p1a: Farigiraf\n|-damage|p2a: Farigiraf|21\/100|[from] item: Life Orb\n|move|p2b: Oranguru|Knock Off|p1b: Bronzong\n|-supereffective|p1b: Bronzong\n|-damage|p1b: Bronzong|65\/100\n|\n|-fieldend|move: Trick Room\n|upkeep\n|turn|7\n|\n|t:|1701115555\n|move|p2b: Oranguru|Instruct|p2a: Farigiraf\n|-singleturn|p2a: Farigiraf|move: Instruct|[of] p2b: Oranguru\n|move|p2a: Farigiraf|Signal Beam|p1b: Bronzong\n|-damage|p1b: Bronzong|35\/100\n|-damage|p2a: Farigiraf|11\/100|[from] item: Life Orb\n|move|p2a: Farigiraf|Signal Beam|p1b: Bronzong\n|-damage|p1b: Bronzong|3\/100\n|-damage|p2a: Farigiraf|1\/100|[from] item: Life Orb\n|move|p1b: Bronzong|Stored Power|p2a: Farigiraf\n|-resisted|p2a: Farigiraf\n|-damage|p2a: Farigiraf|0 fnt\n|faint|p2a: Farigiraf\n|\n|upkeep\n|\n|t:|1701115561\n|switch|p2a: Jirachi|Jirachi|100\/100\n|turn|8\n|\n|t:|1701115567\n|move|p2a: Jirachi|Icy Wind|p1b: Bronzong\n|-resisted|p1b: Bronzong\n|-damage|p1b: Bronzong|0 fnt\n|faint|p1b: Bronzong\n|\n|win|Bugz29\n|c|\u2606Bugz29|Gg\n|c|\u2606Lux2821|Gg\n","uploadtime":1701115574,"views":28,"p1id":"lux2821","p2id":"bugz29","formatid":"gen9nationaldexdoubles","rating":0,"private":0,"password":""}