{"id":"gen9nationaldexdoubles-1960707359","p1":"Danomatic132","p2":"Mudkiped","format":"[Gen 9] National Dex Doubles","log":"|j|\u2606Danomatic132\n|j|\u2606Mudkiped\n|t:|1696548129\n|gametype|doubles\n|player|p1|Danomatic132|steven-masters2|\n|player|p2|Mudkiped|crasherwake|\n|teamsize|p1|6\n|teamsize|p2|6\n|gen|9\n|tier|[Gen 9] National Dex Doubles\n|rule|HP Percentage Mod: HP is shown in percentages\n|rule|Endless Battle Clause: Forcing endless battles is banned\n|rule|OHKO Clause: OHKO moves are banned\n|rule|Evasion Moves Clause: Evasion moves are banned\n|rule|Evasion Abilities Clause: Evasion abilities are banned\n|rule|Species Clause: Limit one of each Pok\u00e9mon\n|rule|Gravity Sleep Clause: The combination of sleep-inducing moves with imperfect accuracy and Gravity or Gigantamax Orbeetle are banned\n|clearpoke\n|poke|p1|Ursaluna, M|\n|poke|p1|Amoonguss, F|\n|poke|p1|Ninetales-Alola, F|\n|poke|p1|Tyranitar, M|\n|poke|p1|Armarouge, M|\n|poke|p1|Indeedee-F, F|\n|poke|p2|Wo-Chien|\n|poke|p2|Sinistcha-Masterpiece|\n|poke|p2|Incineroar, F|\n|poke|p2|Tinkaton, F|\n|poke|p2|Ninetales-Alola, F|\n|poke|p2|Landorus, M|\n|teampreview\n|j| cr46290\n|\n|t:|1696548179\n|start\n|switch|p1a: Indeedee|Indeedee-F, F|100\/100\n|switch|p1b: Tyranitar|Tyranitar, M|100\/100\n|switch|p2a: Tinkaton|Tinkaton, F|100\/100\n|switch|p2b: Wheres My Tea?|Landorus, M|100\/100\n|-ability|p2a: Tinkaton|Mold Breaker\n|-fieldstart|move: Psychic Terrain|[from] ability: Psychic Surge|[of] p1a: Indeedee\n|-weather|Sandstorm|[from] ability: Sand Stream|[of] p1b: Tyranitar\n|turn|1\n|inactive|Battle timer is ON: inactive players will automatically lose when time's up. (requested by Danomatic132)\n|inactive|Mudkiped has 270 seconds left.\n|l|\u2606Mudkiped\n|inactive|Mudkiped disconnected and has 300 seconds to reconnect!\n|player|p2|\n|j|\u2606Mudkiped\n|inactive|Mudkiped reconnected and has 270 seconds left.\n|player|p2|Mudkiped|crasherwake\n|\n|t:|1696548254\n|switch|p1b: Amoonguss|Amoonguss, F|100\/100\n|move|p2a: Tinkaton|Gigaton Hammer|p1b: Amoonguss\n|-damage|p1b: Amoonguss|57\/100\n|move|p2b: Wheres My Tea?|Taunt|p1a: Indeedee\n|-start|p1a: Indeedee|move: Taunt\n|move|p1a: Indeedee|Mystical Fire|p2a: Tinkaton\n|-supereffective|p2a: Tinkaton\n|-damage|p2a: Tinkaton|54\/100\n|-unboost|p2a: Tinkaton|spa|1\n|\n|-weather|Sandstorm|[upkeep]\n|-damage|p1a: Indeedee|94\/100|[from] Sandstorm\n|-damage|p1b: Amoonguss|50\/100|[from] Sandstorm\n|-heal|p2a: Tinkaton|60\/100|[from] item: Leftovers\n|-heal|p1b: Amoonguss|57\/100|[from] item: Black Sludge\n|upkeep\n|turn|2\n|inactive|Mudkiped has 270 seconds left.\n|\n|t:|1696548303\n|move|p2a: Tinkaton|Knock Off|p1a: Indeedee\n|-supereffective|p1a: Indeedee\n|-damage|p1a: Indeedee|9\/100\n|-enditem|p1a: Indeedee|Terrain Extender|[from] move: Knock Off|[of] p2a: Tinkaton\n|move|p2b: Wheres My Tea?|Taunt|p1b: Amoonguss\n|-start|p1b: Amoonguss|move: Taunt\n|move|p1a: Indeedee|Expanding Force|p2b: Wheres My Tea?|[spread] p2a,p2b\n|-resisted|p2a: Tinkaton\n|-damage|p2a: Tinkaton|32\/100\n|-damage|p2b: Wheres My Tea?|42\/100\n|cant|p1b: Amoonguss|move: Taunt|Spore\n|\n|-weather|Sandstorm|[upkeep]\n|-damage|p1a: Indeedee|3\/100|[from] Sandstorm\n|-damage|p1b: Amoonguss|50\/100|[from] Sandstorm\n|-heal|p2a: Tinkaton|38\/100|[from] item: Leftovers\n|-heal|p1b: Amoonguss|57\/100|[from] item: Black Sludge\n|upkeep\n|turn|3\n|inactive|Mudkiped has 270 seconds left.\n|\n|t:|1696548328\n|switch|p1b: Armarouge|Armarouge, M|100\/100\n|move|p2a: Tinkaton|Gigaton Hammer|p1b: Armarouge\n|-resisted|p1b: Armarouge\n|-damage|p1b: Armarouge|75\/100\n|move|p2b: Wheres My Tea?|Defog|p1a: Indeedee\n|-unboost|p1a: Indeedee|evasion|1\n|-fieldend|move: Psychic Terrain\n|move|p1a: Indeedee|Expanding Force|p2a: Tinkaton\n|-resisted|p2a: Tinkaton\n|-damage|p2a: Tinkaton|18\/100\n|\n|-weather|Sandstorm|[upkeep]\n|-damage|p1a: Indeedee|0 fnt|[from] Sandstorm\n|-damage|p1b: Armarouge|69\/100|[from] Sandstorm\n|faint|p1a: Indeedee\n|-heal|p2a: Tinkaton|24\/100|[from] item: Leftovers\n|upkeep\n|\n|t:|1696548342\n|switch|p1a: Ninetales|Ninetales-Alola, F|100\/100\n|-weather|Snow|[from] ability: Snow Warning|[of] p1a: Ninetales\n|turn|4\n|\n|t:|1696548366\n|switch|p2b: Let Em Cook|Sinistcha-Masterpiece, shiny|100\/100\n|-heal|p2a: Tinkaton|49\/100|[from] ability: Hospitality|[of] p2b: Let Em Cook\n|-terastallize|p1a: Ninetales|Ice\n|move|p1a: Ninetales|Blizzard|p2b: Let Em Cook|[spread] p2a,p2b\n|-resisted|p2a: Tinkaton\n|-supereffective|p2b: Let Em Cook\n|-damage|p2a: Tinkaton|28\/100\n|-damage|p2b: Let Em Cook|28\/100\n|move|p2a: Tinkaton|Knock Off|p1b: Armarouge\n|-supereffective|p1b: Armarouge\n|-damage|p1b: Armarouge|30\/100\n|-enditem|p1b: Armarouge|Weakness Policy\n|-boost|p1b: Armarouge|atk|2|[from] item: Weakness Policy\n|-boost|p1b: Armarouge|spa|2|[from] item: Weakness Policy\n|move|p1b: Armarouge|Expanding Force|p2b: Let Em Cook\n|-damage|p2b: Let Em Cook|0 fnt\n|faint|p2b: Let Em Cook\n|\n|-weather|Snow|[upkeep]\n|-heal|p2a: Tinkaton|34\/100|[from] item: Leftovers\n|upkeep\n|inactive|Mudkiped has 270 seconds left.\n|j| caeden0330\n|\n|t:|1696548393\n|switch|p2b: Mc Cloud|Ninetales-Alola, F|100\/100\n|turn|5\n|inactive|Mudkiped has 270 seconds left.\n|\n|t:|1696548424\n|move|p2b: Mc Cloud|Aurora Veil|p2b: Mc Cloud\n|-sidestart|p2: Mudkiped|move: Aurora Veil\n|move|p1a: Ninetales|Aurora Veil|p1a: Ninetales\n|-sidestart|p1: Danomatic132|move: Aurora Veil\n|move|p2a: Tinkaton|Gigaton Hammer|p1a: Ninetales\n|-supereffective|p1a: Ninetales\n|-damage|p1a: Ninetales|18\/100\n|move|p1b: Armarouge|Trick Room|p1b: Armarouge\n|-fieldstart|move: Trick Room|[of] p1b: Armarouge\n|\n|-weather|Snow|[upkeep]\n|-heal|p2a: Tinkaton|40\/100|[from] item: Leftovers\n|upkeep\n|turn|6\n|inactive|Mudkiped has 270 seconds left.\n|\n|t:|1696548443\n|-terastallize|p2b: Mc Cloud|Water\n|move|p2a: Tinkaton|Protect|p2a: Tinkaton\n|-singleturn|p2a: Tinkaton|Protect\n|move|p1b: Armarouge|Armor Cannon|p2b: Mc Cloud\n|-resisted|p2b: Mc Cloud\n|-damage|p2b: Mc Cloud|52\/100\n|-unboost|p1b: Armarouge|def|1\n|-unboost|p1b: Armarouge|spd|1\n|move|p1a: Ninetales|Blizzard|p2b: Mc Cloud|[spread] p2b\n|-activate|p2a: Tinkaton|move: Protect\n|-resisted|p2b: Mc Cloud\n|-crit|p2b: Mc Cloud\n|-damage|p2b: Mc Cloud|14\/100\n|move|p2b: Mc Cloud|Moonblast|p1b: Armarouge\n|-resisted|p1b: Armarouge\n|-damage|p1b: Armarouge|11\/100\n|\n|-weather|Snow|[upkeep]\n|-heal|p2a: Tinkaton|46\/100|[from] item: Leftovers\n|upkeep\n|turn|7\n|inactive|Mudkiped has 270 seconds left.\n|\n|t:|1696548482\n|switch|p2a: Whats New?|Incineroar, F, shiny|100\/100\n|-ability|p2a: Whats New?|Intimidate|boost\n|-unboost|p1a: Ninetales|atk|1\n|-unboost|p1b: Armarouge|atk|1\n|move|p2b: Mc Cloud|Protect|p2b: Mc Cloud\n|-singleturn|p2b: Mc Cloud|Protect\n|move|p1b: Armarouge|Armor Cannon|p2a: Whats New?\n|-resisted|p2a: Whats New?\n|-damage|p2a: Whats New?|70\/100\n|-unboost|p1b: Armarouge|def|1\n|-unboost|p1b: Armarouge|spd|1\n|move|p1a: Ninetales|Freeze-Dry|p2b: Mc Cloud\n|-activate|p2b: Mc Cloud|move: Protect\n|\n|-weather|Snow|[upkeep]\n|upkeep\n|turn|8\n|inactive|Mudkiped has 270 seconds left.\n|\n|t:|1696548515\n|move|p2a: Whats New?|Fake Out|p1a: Ninetales\n|-crit|p1a: Ninetales\n|-damage|p1a: Ninetales|1\/100\n|cant|p1a: Ninetales|flinch\n|move|p2b: Mc Cloud|Moonblast|p1b: Armarouge\n|-resisted|p1b: Armarouge\n|-crit|p1b: Armarouge\n|-damage|p1b: Armarouge|0 fnt\n|faint|p1b: Armarouge\n|\n|-weather|none\n|upkeep\n|inactive|Danomatic132 has 270 seconds left.\n|\n|t:|1696548530\n|switch|p1b: Ursaluna|Ursaluna, M|100\/100\n|turn|9\n|inactive|Mudkiped has 270 seconds left.\n|\n|t:|1696548557\n|switch|p1a: Amoonguss|Amoonguss, F|90\/100\n|switch|p2b: Lich's Big W|Wo-Chien|100\/100\n|-ability|p2b: Lich's Big W|Tablets of Ruin\n|move|p1b: Ursaluna|Earthquake|p2b: Lich's Big W|[spread] p1a,p2a,p2b\n|-supereffective|p2a: Whats New?\n|-resisted|p2b: Lich's Big W\n|-damage|p1a: Amoonguss|76\/100\n|-damage|p2a: Whats New?|40\/100\n|-damage|p2b: Lich's Big W|94\/100\n|-enditem|p2a: Whats New?|Sitrus Berry|[eat]\n|-heal|p2a: Whats New?|64\/100|[from] item: Sitrus Berry\n|move|p2a: Whats New?|Knock Off|p1b: Ursaluna\n|-damage|p1b: Ursaluna|87\/100\n|-enditem|p1b: Ursaluna|Leftovers|[from] move: Knock Off|[of] p2a: Whats New?\n|\n|-heal|p1a: Amoonguss|82\/100|[from] item: Black Sludge\n|-heal|p2b: Lich's Big W|99\/100|[from] item: Leftovers\n|-fieldend|move: Trick Room\n|upkeep\n|turn|10\n|inactive|Mudkiped has 270 seconds left.\n|inactive|Danomatic132 has 270 seconds left.\n|\n|t:|1696548592\n|move|p1a: Amoonguss|Rage Powder|p1a: Amoonguss\n|-singleturn|p1a: Amoonguss|move: Rage Powder\n|move|p2b: Lich's Big W|Foul Play|p1b: Ursaluna\n|-damage|p1b: Ursaluna|70\/100\n|move|p2a: Whats New?|Parting Shot|p1a: Amoonguss\n|-unboost|p1a: Amoonguss|atk|1\n|-unboost|p1a: Amoonguss|spa|1\n|\n|t:|1696548601\n|switch|p2a: Wheres My Tea?|Landorus, M|42\/100|[from] Parting Shot\n|move|p1b: Ursaluna|Belly Drum|p1b: Ursaluna\n|-damage|p1b: Ursaluna|20\/100\n|-setboost|p1b: Ursaluna|atk|6|[from] move: Belly Drum\n|-enditem|p2a: Wheres My Tea?|Mirror Herb\n|-boost|p2a: Wheres My Tea?|atk|6|[from] item: Mirror Herb\n|\n|-heal|p2b: Lich's Big W|100\/100|[from] item: Leftovers\n|-heal|p1a: Amoonguss|88\/100|[from] item: Black Sludge\n|upkeep\n|turn|11\n|inactive|Mudkiped has 270 seconds left.\n|\n|t:|1696548622\n|move|p2a: Wheres My Tea?|Sandsear Storm|p1b: Ursaluna|[spread] p1a\n|-miss|p2a: Wheres My Tea?|p1b: Ursaluna\n|-damage|p1a: Amoonguss|59\/100\n|move|p2b: Lich's Big W|Foul Play|p1b: Ursaluna\n|-damage|p1b: Ursaluna|0 fnt\n|faint|p1b: Ursaluna\n|move|p1a: Amoonguss|Pollen Puff|p2b: Lich's Big W\n|-supereffective|p2b: Lich's Big W\n|-damage|p2b: Lich's Big W|80\/100\n|\n|-heal|p2b: Lich's Big W|86\/100|[from] item: Leftovers\n|-heal|p1a: Amoonguss|65\/100|[from] item: Black Sludge\n|upkeep\n|\n|t:|1696548636\n|switch|p1b: Ninetales|Ninetales-Alola, F, tera:Ice|1\/100\n|-weather|Snow|[from] ability: Snow Warning|[of] p1b: Ninetales\n|turn|12\n|\n|t:|1696548650\n|switch|p2a: Tinkaton|Tinkaton, F|46\/100\n|-ability|p2a: Tinkaton|Mold Breaker\n|move|p1b: Ninetales|Blizzard|p2a: Tinkaton|[spread] p2a,p2b\n|-resisted|p2a: Tinkaton\n|-supereffective|p2b: Lich's Big W\n|-damage|p2a: Tinkaton|31\/100\n|-damage|p2b: Lich's Big W|53\/100\n|-status|p2b: Lich's Big W|frz\n|cant|p2b: Lich's Big W|frz\n|move|p1a: Amoonguss|Pollen Puff|p1b: Ninetales\n|-heal|p1b: Ninetales|51\/100\n|\n|-weather|Snow|[upkeep]\n|-heal|p2a: Tinkaton|37\/100|[from] item: Leftovers\n|-heal|p2b: Lich's Big W|59\/100 frz|[from] item: Leftovers\n|-heal|p1a: Amoonguss|72\/100|[from] item: Black Sludge\n|-sideend|p1: Danomatic132|move: Aurora Veil\n|-sideend|p2: Mudkiped|move: Aurora Veil\n|upkeep\n|turn|13\n|inactive|Mudkiped has 270 seconds left.\n|\n|t:|1696548680\n|move|p2a: Tinkaton|Fake Out|p1a: Amoonguss\n|-damage|p1a: Amoonguss|66\/100\n|cant|p1a: Amoonguss|flinch\n|move|p1b: Ninetales|Aurora Veil|p1b: Ninetales\n|-sidestart|p1: Danomatic132|move: Aurora Veil\n|cant|p2b: Lich's Big W|frz\n|\n|-weather|Snow|[upkeep]\n|-heal|p2a: Tinkaton|44\/100|[from] item: Leftovers\n|-heal|p2b: Lich's Big W|65\/100 frz|[from] item: Leftovers\n|-heal|p1a: Amoonguss|72\/100|[from] item: Black Sludge\n|upkeep\n|turn|14\n|\n|t:|1696548700\n|cant|p2b: Lich's Big W|frz\n|move|p1a: Amoonguss|Rage Powder|p1a: Amoonguss\n|-singleturn|p1a: Amoonguss|move: Rage Powder\n|move|p1b: Ninetales|Blizzard|p2a: Tinkaton|[spread] p2a,p2b\n|-resisted|p2a: Tinkaton\n|-supereffective|p2b: Lich's Big W\n|-damage|p2a: Tinkaton|23\/100\n|-damage|p2b: Lich's Big W|10\/100 frz\n|move|p2a: Tinkaton|Gigaton Hammer|p1a: Amoonguss\n|-damage|p1a: Amoonguss|49\/100\n|\n|-weather|Snow|[upkeep]\n|-heal|p2a: Tinkaton|29\/100|[from] item: Leftovers\n|-heal|p2b: Lich's Big W|17\/100 frz|[from] item: Leftovers\n|-heal|p1a: Amoonguss|55\/100|[from] item: Black Sludge\n|upkeep\n|turn|15\n|\n|t:|1696548717\n|switch|p2b: Whats New?|Incineroar, F, shiny|64\/100\n|-ability|p2b: Whats New?|Intimidate|boost\n|-unboost|p1a: Amoonguss|atk|1\n|-unboost|p1b: Ninetales|atk|1\n|move|p2a: Tinkaton|Protect|p2a: Tinkaton\n|-singleturn|p2a: Tinkaton|Protect\n|move|p1a: Amoonguss|Rage Powder|p1a: Amoonguss\n|-singleturn|p1a: Amoonguss|move: Rage Powder\n|move|p1b: Ninetales|Blizzard|p2b: Whats New?|[spread] p2b\n|-activate|p2a: Tinkaton|move: Protect\n|-resisted|p2b: Whats New?\n|-damage|p2b: Whats New?|49\/100\n|\n|-weather|Snow|[upkeep]\n|-heal|p2a: Tinkaton|35\/100|[from] item: Leftovers\n|-heal|p1a: Amoonguss|62\/100|[from] item: Black Sludge\n|upkeep\n|turn|16\n|\n|t:|1696548740\n|move|p2b: Whats New?|Fake Out|p1a: Amoonguss\n|-damage|p1a: Amoonguss|56\/100\n|cant|p1a: Amoonguss|flinch\n|move|p1b: Ninetales|Blizzard|p2b: Whats New?|[spread] p2a,p2b\n|-resisted|p2a: Tinkaton\n|-resisted|p2b: Whats New?\n|-damage|p2a: Tinkaton|13\/100\n|-damage|p2b: Whats New?|33\/100\n|-status|p2b: Whats New?|frz\n|move|p2a: Tinkaton|Gigaton Hammer|p1b: Ninetales\n|-supereffective|p1b: Ninetales\n|-damage|p1b: Ninetales|0 fnt\n|faint|p1b: Ninetales\n|\n|-weather|none\n|-heal|p2a: Tinkaton|19\/100|[from] item: Leftovers\n|-heal|p1a: Amoonguss|62\/100|[from] item: Black Sludge\n|upkeep\n|inactive|Danomatic132 has 270 seconds left.\n|l|\u2606Danomatic132\n|inactive|Danomatic132 disconnected and has 300 seconds to reconnect!\n|player|p1|\n|inactive|Danomatic132 has 270 seconds to reconnect!\n|j|\u2606Danomatic132\n|inactive|Danomatic132 reconnected and has 265 seconds left.\n|player|p1|Danomatic132|steven-masters2\n|\n|t:|1696548802\n|switch|p1b: Tyranitar|Tyranitar, M|100\/100\n|-weather|Sandstorm|[from] ability: Sand Stream|[of] p1b: Tyranitar\n|turn|17\n|inactive|Mudkiped has 270 seconds left.\n|\n|t:|1696548835\n|switch|p2b: Lich's Big W|Wo-Chien|17\/100 frz\n|-ability|p2b: Lich's Big W|Tablets of Ruin\n|detailschange|p1b: Tyranitar|Tyranitar-Mega, M\n|-mega|p1b: Tyranitar|Tyranitar|Tyranitarite\n|move|p2a: Tinkaton|Protect|p2a: Tinkaton\n|-singleturn|p2a: Tinkaton|Protect\n|move|p1a: Amoonguss|Rage Powder|p1a: Amoonguss\n|-singleturn|p1a: Amoonguss|move: Rage Powder\n|move|p1b: Tyranitar|Rock Slide|p2a: Tinkaton|[spread] p2b\n|-activate|p2a: Tinkaton|move: Protect\n|-damage|p2b: Lich's Big W|0 fnt\n|faint|p2b: Lich's Big W\n|\n|-weather|Sandstorm|[upkeep]\n|-damage|p1a: Amoonguss|56\/100|[from] Sandstorm\n|-heal|p2a: Tinkaton|26\/100|[from] item: Leftovers\n|-heal|p1a: Amoonguss|62\/100|[from] item: Black Sludge\n|upkeep\n|inactive|Mudkiped has 270 seconds left.\n|\n|t:|1696548851\n|switch|p2b: Mc Cloud|Ninetales-Alola, F, tera:Water|14\/100\n|-weather|Snow|[from] ability: Snow Warning|[of] p2b: Mc Cloud\n|turn|18\n|inactive|Mudkiped has 270 seconds left.\n|\n|t:|1696548868\n|move|p2b: Mc Cloud|Protect|p2b: Mc Cloud\n|-singleturn|p2b: Mc Cloud|Protect\n|move|p1a: Amoonguss|Rage Powder|p1a: Amoonguss\n|-singleturn|p1a: Amoonguss|move: Rage Powder\n|move|p2a: Tinkaton|Gigaton Hammer|p1a: Amoonguss\n|-damage|p1a: Amoonguss|29\/100\n|move|p1b: Tyranitar|Rock Slide|p2b: Mc Cloud|[spread] p2a\n|-activate|p2b: Mc Cloud|move: Protect\n|-resisted|p2a: Tinkaton\n|-damage|p2a: Tinkaton|0 fnt\n|faint|p2a: Tinkaton\n|\n|-weather|Snow|[upkeep]\n|-heal|p1a: Amoonguss|36\/100|[from] item: Black Sludge\n|upkeep\n|inactive|Mudkiped has 270 seconds left.\n|\n|t:|1696548888\n|switch|p2a: Wheres My Tea?|Landorus, M|42\/100\n|turn|19\n|\n|t:|1696548902\n|switch|p2b: Whats New?|Incineroar, F, shiny|33\/100 frz\n|-ability|p2b: Whats New?|Intimidate|boost\n|-unboost|p1a: Amoonguss|atk|1\n|-unboost|p1b: Tyranitar|atk|1\n|move|p2a: Wheres My Tea?|Defog|p1a: Amoonguss\n|-unboost|p1a: Amoonguss|evasion|1\n|-sideend|p1: Danomatic132|move: Aurora Veil\n|move|p1b: Tyranitar|Rock Slide|p2b: Whats New?|[spread] p2a,p2b\n|-supereffective|p2b: Whats New?\n|-damage|p2a: Wheres My Tea?|17\/100\n|-damage|p2b: Whats New?|0 fnt\n|faint|p2b: Whats New?\n|move|p1a: Amoonguss|Pollen Puff|p1b: Tyranitar\n|-immune|p1b: Tyranitar\n|\n|-weather|Snow|[upkeep]\n|-heal|p1a: Amoonguss|42\/100|[from] item: Black Sludge\n|upkeep\n|inactive|Mudkiped has 270 seconds left.\n|\n|t:|1696548918\n|switch|p2b: Mc Cloud|Ninetales-Alola, F, tera:Water|14\/100\n|turn|20\n|\n|t:|1696548927\n|move|p2b: Mc Cloud|Protect|p2b: Mc Cloud\n|-singleturn|p2b: Mc Cloud|Protect\n|move|p2a: Wheres My Tea?|Sandsear Storm|p1a: Amoonguss|[spread] p1a,p1b\n|-supereffective|p1b: Tyranitar\n|-damage|p1a: Amoonguss|0 fnt\n|-damage|p1b: Tyranitar|23\/100\n|faint|p1a: Amoonguss\n|move|p1b: Tyranitar|Rock Slide|p2a: Wheres My Tea?|[spread] p2a\n|-activate|p2b: Mc Cloud|move: Protect\n|-damage|p2a: Wheres My Tea?|0 fnt\n|faint|p2a: Wheres My Tea?\n|\n|-weather|Snow|[upkeep]\n|upkeep\n|turn|21\n|\n|t:|1696548942\n|move|p2b: Mc Cloud|Moonblast|p1b: Tyranitar\n|-supereffective|p1b: Tyranitar\n|-crit|p1b: Tyranitar\n|-damage|p1b: Tyranitar|0 fnt\n|faint|p1b: Tyranitar\n|\n|win|Mudkiped\n|l|\u2606Mudkiped\n|l| caeden0330\n|j| caeden0330\n|l| caeden0330\n|l|\u2606Danomatic132\n","uploadtime":1696550407,"views":8,"p1id":"danomatic132","p2id":"mudkiped","formatid":"gen9nationaldexdoubles","rating":0,"private":0,"password":""}