{"id":"gen9nationaldexdoubles-1982420887","p1":"Oh it YY red dt","p2":"SenorSoup","format":"[Gen 9] National Dex Doubles","log":"|j|\u2606Oh it YY red dt\n|j|\u2606SenorSoup\n|t:|1699012664\n|gametype|doubles\n|player|p1|Oh it YY red dt|bugcatcher-gen4dp|1000\n|player|p2|SenorSoup|266|1000\n|teamsize|p1|6\n|teamsize|p2|6\n|gen|9\n|tier|[Gen 9] National Dex Doubles\n|rated|\n|rule|HP Percentage Mod: HP is shown in percentages\n|rule|Endless Battle Clause: Forcing endless battles is banned\n|rule|OHKO Clause: OHKO moves are banned\n|rule|Evasion Moves Clause: Evasion moves are banned\n|rule|Evasion Abilities Clause: Evasion abilities are banned\n|rule|Species Clause: Limit one of each Pok\u00e9mon\n|rule|Gravity Sleep Clause: The combination of sleep-inducing moves with imperfect accuracy and Gravity or Gigantamax Orbeetle are banned\n|clearpoke\n|poke|p1|Indeedee, M|\n|poke|p1|Deoxys-Attack|\n|poke|p1|Typhlosion, F|\n|poke|p1|Kartana|\n|poke|p1|Murkrow, F|\n|poke|p1|Shuckle, M|\n|poke|p2|Slaking, F|\n|poke|p2|Sableye, F|\n|poke|p2|Weezing-Galar, M|\n|poke|p2|Sinistcha|\n|poke|p2|Lurantis, M|\n|poke|p2|Probopass, F|\n|teampreview\n|inactive|Battle timer is ON: inactive players will automatically lose when time's up. (requested by Oh it YY red dt)\n|\n|t:|1699012675\n|start\n|switch|p1a: Murkrow|Murkrow, F|100\/100\n|switch|p1b: Shuckle|Shuckle, M|100\/100\n|switch|p2a: Sableye|Sableye, F, shiny|100\/100\n|switch|p2b: Probopass|Probopass, F, shiny|100\/100\n|turn|1\n|\n|t:|1699012685\n|move|p2a: Sableye|Fake Out|p1a: Murkrow\n|-damage|p1a: Murkrow|90\/100\n|cant|p1a: Murkrow|flinch\n|move|p2b: Probopass|Iron Defense|p2b: Probopass\n|-boost|p2b: Probopass|def|2\n|move|p1b: Shuckle|Power Split|p2b: Probopass\n|-activate|p1b: Shuckle|move: Power Split|[of] p2b: Probopass\n|\n|upkeep\n|turn|2\n|\n|t:|1699012712\n|move|p1a: Murkrow|Perish Song|p1a: Murkrow\n|-start|p1a: Murkrow|perish3|[silent]\n|-start|p1b: Shuckle|perish3|[silent]\n|-start|p2a: Sableye|perish3|[silent]\n|-start|p2b: Probopass|perish3|[silent]\n|-fieldactivate|move: Perish Song\n|move|p2a: Sableye|Thunder Wave|p1a: Murkrow\n|-hint|Since gen 7, Dark is immune to Prankster moves.\n|-immune|p1a: Murkrow\n|move|p2b: Probopass|Iron Defense|p2b: Probopass\n|-boost|p2b: Probopass|def|2\n|move|p1b: Shuckle|Power Split|p2a: Sableye\n|-activate|p1b: Shuckle|move: Power Split|[of] p2a: Sableye\n|\n|-start|p1a: Murkrow|perish3\n|-start|p2a: Sableye|perish3\n|-start|p2b: Probopass|perish3\n|-start|p1b: Shuckle|perish3\n|upkeep\n|turn|3\n|\n|t:|1699012727\n|move|p1a: Murkrow|Haze|p1a: Murkrow\n|-clearallboost\n|move|p2a: Sableye|Knock Off|p1a: Murkrow\n|-resisted|p1a: Murkrow\n|-damage|p1a: Murkrow|77\/100\n|-enditem|p1a: Murkrow|Focus Sash|[from] move: Knock Off|[of] p2a: Sableye\n|move|p2b: Probopass|Body Press|p1b: Shuckle\n|-damage|p1b: Shuckle|86\/100\n|move|p1b: Shuckle|Stealth Rock|p2a: Sableye\n|-sidestart|p2: SenorSoup|move: Stealth Rock\n|\n|-start|p1a: Murkrow|perish2\n|-start|p2a: Sableye|perish2\n|-start|p2b: Probopass|perish2\n|-start|p1b: Shuckle|perish2\n|upkeep\n|turn|4\n|\n|t:|1699012748\n|switch|p2a: Lurantis|Lurantis, M, shiny|100\/100\n|-damage|p2a: Lurantis|88\/100|[from] Stealth Rock\n|move|p1a: Murkrow|Taunt|p2b: Probopass\n|-start|p2b: Probopass|move: Taunt\n|move|p2b: Probopass|Steel Beam|p1b: Shuckle\n|-supereffective|p1b: Shuckle\n|-damage|p1b: Shuckle|51\/100\n|-damage|p2b: Probopass|50\/100|[from] steelbeam\n|-enditem|p2b: Probopass|Sitrus Berry|[eat]\n|-heal|p2b: Probopass|75\/100|[from] item: Sitrus Berry\n|move|p1b: Shuckle|Toxic|p2a: Lurantis\n|-status|p2a: Lurantis|tox\n|\n|-damage|p2a: Lurantis|82\/100 tox|[from] psn\n|-start|p1a: Murkrow|perish1\n|-start|p2b: Probopass|perish1\n|-start|p1b: Shuckle|perish1\n|upkeep\n|turn|5\n|\n|t:|1699012778\n|-terastallize|p2a: Lurantis|Rock\n|move|p1a: Murkrow|Taunt||[still]\n|-fail|p1a: Murkrow\n|move|p2b: Probopass|Flash Cannon|p1a: Murkrow\n|-damage|p1a: Murkrow|39\/100\n|move|p2a: Lurantis|Superpower|p1b: Shuckle\n|-damage|p1b: Shuckle|28\/100\n|-boost|p2a: Lurantis|atk|1\n|-boost|p2a: Lurantis|def|1\n|move|p1b: Shuckle|Toxic|p2b: Probopass\n|-immune|p2b: Probopass\n|\n|-damage|p2a: Lurantis|70\/100 tox|[from] psn\n|-start|p1a: Murkrow|perish0\n|-start|p2b: Probopass|perish0\n|-start|p1b: Shuckle|perish0\n|upkeep\n|faint|p1a: Murkrow\n|faint|p2b: Probopass\n|faint|p1b: Shuckle\n|\n|t:|1699012802\n|switch|p1a: Kartana|Kartana|100\/100\n|switch|p2b: Sinistcha|Sinistcha|100\/100\n|switch|p1b: Indeedee|Indeedee, M|100\/100\n|-fieldstart|move: Psychic Terrain|[from] ability: Psychic Surge|[of] p1b: Indeedee\n|-damage|p2b: Sinistcha|88\/100|[from] Stealth Rock\n|-heal|p2a: Lurantis|95\/100 tox|[from] ability: Hospitality|[of] p2b: Sinistcha\n|turn|6\n|inactive|SenorSoup has 120 seconds left.\n|\n|t:|1699012847\n|-terastallize|p1b: Indeedee|Psychic\n|move|p1a: Kartana|Leaf Blade|p2a: Lurantis\n|-supereffective|p2a: Lurantis\n|-damage|p2a: Lurantis|0 fnt\n|faint|p2a: Lurantis\n|-ability|p1a: Kartana|Beast Boost|boost\n|-boost|p1a: Kartana|atk|1\n|move|p1b: Indeedee|Expanding Force|p2b: Sinistcha\n|-damage|p2b: Sinistcha|0 fnt\n|faint|p2b: Sinistcha\n|\n|upkeep\n|\n|t:|1699012858\n|switch|p2b: Weezing|Weezing-Galar, M, shiny|100\/100\n|switch|p2a: Slaking|Slaking, F|100\/100\n|-ability|p2b: Weezing|Neutralizing Gas\n|-damage|p2a: Slaking|88\/100|[from] Stealth Rock\n|-damage|p2b: Weezing|88\/100|[from] Stealth Rock\n|turn|7\n|inactive|SenorSoup has 120 seconds left.\n|\n|t:|1699012880\n|move|p1a: Kartana|Leaf Blade|p2a: Slaking\n|-damage|p2a: Slaking|12\/100\n|move|p1b: Indeedee|Expanding Force|p2b: Weezing|[spread] p2a,p2b\n|-supereffective|p2b: Weezing\n|-damage|p2a: Slaking|0 fnt\n|-damage|p2b: Weezing|0 fnt\n|faint|p2a: Slaking\n|faint|p2b: Weezing\n|-end|p2b: Weezing|ability: Neutralizing Gas\n|\n|upkeep\n|-message|SenorSoup forfeited.\n|\n|win|Oh it YY red dt\n|raw|Oh it YY red dt's rating: 1000 &rarr; <strong>1040<\/strong><br \/>(+40 for winning)\n|raw|SenorSoup's rating: 1000 &rarr; <strong>1000<\/strong><br \/>(+0 for losing)\n|l|\u2606SenorSoup\n","uploadtime":1699012890,"views":11,"p1id":"ohityyreddt","p2id":"senorsoup","formatid":"gen9nationaldexdoubles","rating":1000,"private":0,"password":""}