{"id":"gen9nationaldexdoubles-1954171306","p1":"Uncle Kars","p2":"AutumnCookie","format":"[Gen 9] National Dex Doubles","log":"|j|\u2606Uncle Kars\n|j|\u2606AutumnCookie\n|t:|1695861251\n|gametype|doubles\n|player|p1|Uncle Kars|silver|\n|player|p2|AutumnCookie|red|\n|teamsize|p1|6\n|teamsize|p2|6\n|gen|9\n|tier|[Gen 9] National Dex Doubles\n|rule|HP Percentage Mod: HP is shown in percentages\n|rule|Endless Battle Clause: Forcing endless battles is banned\n|rule|OHKO Clause: OHKO moves are banned\n|rule|Evasion Moves Clause: Evasion moves are banned\n|rule|Evasion Abilities Clause: Evasion abilities are banned\n|rule|Species Clause: Limit one of each Pok\u00e9mon\n|rule|Gravity Sleep Clause: The combination of sleep-inducing moves with imperfect accuracy and Gravity or Gigantamax Orbeetle are banned\n|clearpoke\n|poke|p1|Camerupt, F|\n|poke|p1|Torkoal, M|\n|poke|p1|Houndoom, M|\n|poke|p1|Vileplume, M|\n|poke|p1|Chandelure, F|\n|poke|p1|Venusaur, F|\n|poke|p2|Pikachu, M|\n|poke|p2|Charizard, M|\n|poke|p2|Venusaur, F|\n|poke|p2|Blastoise, M|\n|poke|p2|Lapras, F|\n|poke|p2|Snorlax, M|\n|teampreview\n|\n|t:|1695861277\n|start\n|switch|p1a: Torkoal|Torkoal, M|100\/100\n|switch|p1b: Chandelure|Chandelure, F|100\/100\n|switch|p2a: Snorlax|Snorlax, M|100\/100\n|switch|p2b: Blastoise|Blastoise, M|100\/100\n|-weather|SunnyDay|[from] ability: Drought|[of] p1a: Torkoal\n|turn|1\n|\n|t:|1695861298\n|move|p2b: Blastoise|Fake Out|p1a: Torkoal\n|-damage|p1a: Torkoal|93\/100\n|move|p1b: Chandelure|Energy Ball|p2b: Blastoise\n|-supereffective|p2b: Blastoise\n|-damage|p2b: Blastoise|24\/100\n|-damage|p1b: Chandelure|91\/100|[from] item: Life Orb\n|move|p2a: Snorlax|Crunch|p1b: Chandelure\n|-supereffective|p1b: Chandelure\n|-damage|p1b: Chandelure|0 fnt\n|faint|p1b: Chandelure\n|-damage|p2a: Snorlax|91\/100|[from] item: Life Orb\n|cant|p1a: Torkoal|flinch\n|\n|-weather|SunnyDay|[upkeep]\n|-heal|p2b: Blastoise|30\/100|[from] item: Leftovers\n|-heal|p1a: Torkoal|99\/100|[from] item: Leftovers\n|upkeep\n|\n|t:|1695861318\n|switch|p1b: Vileplume|Vileplume, M|100\/100\n|turn|2\n|\n|t:|1695861352\n|switch|p2b: Charizard|Charizard, M|100\/100\n|move|p1a: Torkoal|Protect|p1a: Torkoal\n|-singleturn|p1a: Torkoal|Protect\n|move|p1b: Vileplume|Solar Beam||[still]\n|-prepare|p1b: Vileplume|Solar Beam\n|-anim|p1b: Vileplume|Solar Beam|p2b: Charizard\n|-resisted|p2b: Charizard\n|-damage|p2b: Charizard|82\/100\n|move|p2a: Snorlax|Earthquake|p1a: Torkoal|[spread] p1b\n|-activate|p1a: Torkoal|move: Protect\n|-immune|p2b: Charizard\n|-damage|p1b: Vileplume|52\/100\n|-damage|p2a: Snorlax|81\/100|[from] item: Life Orb\n|\n|-weather|SunnyDay|[upkeep]\n|-heal|p1a: Torkoal|100\/100|[from] item: Leftovers\n|upkeep\n|turn|3\n|\n|t:|1695861382\n|switch|p1b: Camerupt|Camerupt, F|100\/100\n|move|p2b: Charizard|Dragon Dance|p2b: Charizard\n|-boost|p2b: Charizard|atk|1\n|-boost|p2b: Charizard|spe|1\n|move|p2a: Snorlax|Earthquake|p1a: Torkoal|[spread] p1a,p1b\n|-immune|p2b: Charizard\n|-supereffective|p1a: Torkoal\n|-supereffective|p1b: Camerupt\n|-damage|p1a: Torkoal|58\/100\n|-damage|p1b: Camerupt|38\/100\n|-damage|p2a: Snorlax|71\/100|[from] item: Life Orb\n|move|p1a: Torkoal|Substitute|p1a: Torkoal\n|-start|p1a: Torkoal|Substitute\n|-damage|p1a: Torkoal|33\/100\n|\n|-weather|SunnyDay|[upkeep]\n|-heal|p1a: Torkoal|39\/100|[from] item: Leftovers\n|upkeep\n|turn|4\n|\n|t:|1695861421\n|move|p2b: Charizard|Dragon Dance|p2b: Charizard\n|-boost|p2b: Charizard|atk|1\n|-boost|p2b: Charizard|spe|1\n|move|p1b: Camerupt|Rock Slide|p2b: Charizard|[spread] p2a,p2b\n|-supereffective|p2b: Charizard\n|-damage|p2a: Snorlax|58\/100\n|-damage|p2b: Charizard|11\/100\n|move|p2a: Snorlax|Earthquake|p1b: Camerupt|[spread] p1a,p1b\n|-immune|p2b: Charizard\n|-supereffective|p1a: Torkoal\n|-end|p1a: Torkoal|Substitute\n|-supereffective|p1b: Camerupt\n|-damage|p1b: Camerupt|0 fnt\n|faint|p1b: Camerupt\n|-damage|p2a: Snorlax|48\/100|[from] item: Life Orb\n|move|p1a: Torkoal|Heat Wave|p2b: Charizard|[spread] p2a,p2b\n|-resisted|p2b: Charizard\n|-damage|p2a: Snorlax|38\/100\n|-damage|p2b: Charizard|0 fnt\n|faint|p2b: Charizard\n|\n|-weather|SunnyDay|[upkeep]\n|-heal|p1a: Torkoal|45\/100|[from] item: Leftovers\n|upkeep\n|c|\u2606AutumnCookie|Should not have gotten greedy with the second dragon dance there\n|\n|t:|1695861462\n|switch|p2b: Pikachu|Pikachu, M|100\/100\n|switch|p1b: Houndoom|Houndoom, M|100\/100\n|turn|5\n|c|\u2606Uncle Kars|tabitha is so scared\n|\n|t:|1695861482\n|detailschange|p1b: Houndoom|Houndoom-Mega, M\n|-mega|p1b: Houndoom|Houndoom|Houndoominite\n|move|p1a: Torkoal|Protect|p1a: Torkoal\n|-singleturn|p1a: Torkoal|Protect\n|move|p2b: Pikachu|Fake Out|p1b: Houndoom\n|-damage|p1b: Houndoom|80\/100\n|cant|p1b: Houndoom|flinch\n|move|p2a: Snorlax|Double-Edge|p1a: Torkoal\n|-activate|p1a: Torkoal|move: Protect\n|\n|-weather|none\n|-heal|p1a: Torkoal|52\/100|[from] item: Leftovers\n|upkeep\n|turn|6\n|\n|t:|1695861520\n|move|p1b: Houndoom|Fire Fang|p2b: Pikachu\n|-damage|p2b: Pikachu|16\/100\n|move|p2b: Pikachu|Brick Break|p1b: Houndoom\n|-supereffective|p1b: Houndoom\n|-damage|p1b: Houndoom|0 fnt\n|faint|p1b: Houndoom\n|move|p2a: Snorlax|Double-Edge|p1a: Torkoal\n|-damage|p1a: Torkoal|5\/100\n|-damage|p2a: Snorlax|28\/100|[from] Recoil\n|-damage|p2a: Snorlax|18\/100|[from] item: Life Orb\n|move|p1a: Torkoal|Sunny Day|p1a: Torkoal\n|-weather|SunnyDay\n|\n|-weather|SunnyDay|[upkeep]\n|-heal|p1a: Torkoal|11\/100|[from] item: Leftovers\n|upkeep\n|\n|t:|1695861538\n|switch|p1b: Vileplume|Vileplume, M|52\/100\n|turn|7\n|\n|t:|1695861573\n|move|p1b: Vileplume|Sludge Bomb|p2b: Pikachu\n|-damage|p2b: Pikachu|0 fnt\n|faint|p2b: Pikachu\n|move|p2a: Snorlax|Double-Edge|p1b: Vileplume\n|-damage|p1b: Vileplume|0 fnt\n|faint|p1b: Vileplume\n|-damage|p2a: Snorlax|8\/100|[from] Recoil\n|-damage|p2a: Snorlax|0 fnt|[from] item: Life Orb\n|faint|p2a: Snorlax\n|move|p1a: Torkoal|Heat Wave|p2: Snorlax|[notarget]\n|-fail|p1a: Torkoal\n|\n|-weather|SunnyDay|[upkeep]\n|-heal|p1a: Torkoal|17\/100|[from] item: Leftovers\n|upkeep\n|\n|t:|1695861615\n|switch|p2b: Venusaur|Venusaur, F|100\/100\n|switch|p1b: Venusaur|Venusaur, F|100\/100\n|switch|p2a: Lapras|Lapras, F|100\/100\n|turn|8\n|\n|t:|1695861635\n|move|p1a: Torkoal|Protect|p1a: Torkoal\n|-singleturn|p1a: Torkoal|Protect\n|move|p1b: Venusaur|Petal Blizzard|p2b: Venusaur|[spread] p2a,p2b\n|-activate|p1a: Torkoal|move: Protect\n|-supereffective|p2a: Lapras\n|-resisted|p2b: Venusaur\n|-damage|p2a: Lapras|68\/100\n|-damage|p2b: Venusaur|94\/100\n|move|p2b: Venusaur|Sludge Bomb|p1a: Torkoal\n|-activate|p1a: Torkoal|move: Protect\n|move|p2a: Lapras|Ice Beam|p1b: Venusaur\n|-supereffective|p1b: Venusaur\n|-damage|p1b: Venusaur|17\/100\n|\n|-weather|SunnyDay|[upkeep]\n|-heal|p1a: Torkoal|23\/100|[from] item: Leftovers\n|upkeep\n|turn|9\n|\n|t:|1695861664\n|move|p2b: Venusaur|Protect|p2b: Venusaur\n|-singleturn|p2b: Venusaur|Protect\n|move|p1b: Venusaur|Weather Ball|p2b: Venusaur\n|-activate|p2b: Venusaur|move: Protect\n|move|p2a: Lapras|Surf|p1b: Venusaur|[spread] p1a,p1b\n|-activate|p2b: Venusaur|move: Protect\n|-supereffective|p1a: Torkoal\n|-resisted|p1b: Venusaur\n|-damage|p1a: Torkoal|0 fnt\n|-damage|p1b: Venusaur|8\/100\n|faint|p1a: Torkoal\n|\n|-weather|SunnyDay|[upkeep]\n|upkeep\n|turn|10\n|\n|t:|1695861682\n|move|p1b: Venusaur|Petal Blizzard|p2a: Lapras|[spread] p2a,p2b\n|-supereffective|p2a: Lapras\n|-resisted|p2b: Venusaur\n|-damage|p2a: Lapras|31\/100\n|-damage|p2b: Venusaur|87\/100\n|move|p2b: Venusaur|Energy Ball|p1b: Venusaur\n|-resisted|p1b: Venusaur\n|-damage|p1b: Venusaur|0 fnt\n|faint|p1b: Venusaur\n|\n|win|AutumnCookie\n","uploadtime":1695861694,"views":14,"p1id":"unclekars","p2id":"autumncookie","formatid":"gen9nationaldexdoubles","rating":0,"private":0,"password":""}