{"id":"gen9nationaldexdoubles-1972058587","p1":"Qapi","p2":"sean1579","format":"[Gen 9] National Dex Doubles","log":"|j|\u2606Qapi\n|j|\u2606sean1579\n|t:|1697809278\n|gametype|doubles\n|player|p1|Qapi|hiker-gen4|\n|player|p2|sean1579|benga|\n|teamsize|p1|6\n|teamsize|p2|6\n|gen|9\n|tier|[Gen 9] National Dex Doubles\n|rule|HP Percentage Mod: HP is shown in percentages\n|rule|Endless Battle Clause: Forcing endless battles is banned\n|rule|OHKO Clause: OHKO moves are banned\n|rule|Evasion Moves Clause: Evasion moves are banned\n|rule|Evasion Abilities Clause: Evasion abilities are banned\n|rule|Species Clause: Limit one of each Pok\u00e9mon\n|rule|Gravity Sleep Clause: The combination of sleep-inducing moves with imperfect accuracy and Gravity or Gigantamax Orbeetle are banned\n|clearpoke\n|poke|p1|Farigiraf, F|\n|poke|p1|Talonflame, M|\n|poke|p1|Brambleghast, F|\n|poke|p1|Regigigas|\n|poke|p1|Conkeldurr, F|\n|poke|p1|Weezing-Galar, M|\n|poke|p2|Weavile, F|\n|poke|p2|Amoonguss, F|\n|poke|p2|Cresselia, F|\n|poke|p2|Tyranitar, M|\n|poke|p2|Armarouge, F|\n|poke|p2|Gastrodon, M|\n|teampreview\n|j| SaltWater7\n|c|\u2606Qapi|Would you send the link? I'm in phone\n|c|\u2606sean1579|GLHF\n|c|\u2606sean1579|also Regi XD\n|c| SaltWater7|brambleghast pog\n|j| omegashenronone\n|c| omegashenronone|Beat up benji!!\n|c| omegashenronone|You can do it other dude!\n|c|\u2606Qapi|Ready?\n|\n|t:|1697809424\n|start\n|switch|p1a: Talonflame|Talonflame, M|100\/100\n|switch|p1b: Brambleghast|Brambleghast, F|100\/100\n|switch|p2a: Cresselia|Cresselia, F|100\/100\n|switch|p2b: Amoonguss|Amoonguss, F|100\/100\n|turn|1\n|\n|t:|1697809452\n|switch|p2b: Tyranitar|Tyranitar, M|100\/100\n|-weather|Sandstorm|[from] ability: Sand Stream|[of] p2b: Tyranitar\n|move|p1a: Talonflame|Taunt|p2a: Cresselia\n|-start|p2a: Cresselia|move: Taunt\n|-enditem|p2a: Cresselia|Mental Herb\n|-end|p2a: Cresselia|move: Taunt\n|move|p1b: Brambleghast|Poltergeist||[still]\n|-fail|p1b: Brambleghast\n|move|p2a: Cresselia|Trick Room|p2a: Cresselia\n|-fieldstart|move: Trick Room|[of] p2a: Cresselia\n|\n|-weather|Sandstorm|[upkeep]\n|-damage|p2a: Cresselia|94\/100|[from] Sandstorm\n|-damage|p1b: Brambleghast|95\/100|[from] Sandstorm\n|upkeep\n|turn|2\n|c| omegashenronone|You can do it sean! Beat up qapi!\n|\n|t:|1697809489\n|switch|p2a: Amoonguss|Amoonguss, F|100\/100\n|move|p1b: Brambleghast|Protect|p1b: Brambleghast\n|-singleturn|p1b: Brambleghast|Protect\n|move|p2b: Tyranitar|Rock Slide|p1a: Talonflame|[spread] p1a\n|-activate|p1b: Brambleghast|move: Protect\n|-supereffective|p1a: Talonflame\n|-damage|p1a: Talonflame|0 fnt\n|faint|p1a: Talonflame\n|\n|-weather|Sandstorm|[upkeep]\n|-damage|p2a: Amoonguss|94\/100|[from] Sandstorm\n|-damage|p1b: Brambleghast|89\/100|[from] Sandstorm\n|upkeep\n|\n|t:|1697809510\n|switch|p1a: Conkeldurr|Conkeldurr, F|100\/100\n|turn|3\n|\n|t:|1697809538\n|detailschange|p2b: Tyranitar|Tyranitar-Mega, M\n|-mega|p2b: Tyranitar|Tyranitar|Tyranitarite\n|move|p1a: Conkeldurr|Protect|p1a: Conkeldurr\n|-singleturn|p1a: Conkeldurr|Protect\n|move|p2a: Amoonguss|Spore|p1a: Conkeldurr\n|-activate|p1a: Conkeldurr|move: Protect\n|move|p2b: Tyranitar|Crunch|p1b: Brambleghast\n|-supereffective|p1b: Brambleghast\n|-damage|p1b: Brambleghast|0 fnt\n|faint|p1b: Brambleghast\n|\n|-weather|Sandstorm|[upkeep]\n|-damage|p2a: Amoonguss|88\/100|[from] Sandstorm\n|-damage|p1a: Conkeldurr|94\/100|[from] Sandstorm\n|-status|p1a: Conkeldurr|brn|[from] item: Flame Orb\n|upkeep\n|\n|t:|1697809551\n|switch|p1b: Farigiraf|Farigiraf, F|100\/100\n|turn|4\n|\n|t:|1697809571\n|move|p2a: Amoonguss|Rage Powder|p2a: Amoonguss\n|-singleturn|p2a: Amoonguss|move: Rage Powder\n|move|p1a: Conkeldurr|Drain Punch|p2a: Amoonguss\n|-resisted|p2a: Amoonguss\n|-damage|p2a: Amoonguss|51\/100\n|-heal|p1a: Conkeldurr|100\/100 brn|[from] drain|[of] p2a: Amoonguss\n|move|p1b: Farigiraf|Dazzling Gleam|p2b: Tyranitar|[spread] p2a,p2b\n|-resisted|p2a: Amoonguss\n|-supereffective|p2b: Tyranitar\n|-damage|p2a: Amoonguss|44\/100\n|-damage|p2b: Tyranitar|81\/100\n|move|p2b: Tyranitar|Crunch|p1b: Farigiraf\n|-supereffective|p1b: Farigiraf\n|-damage|p1b: Farigiraf|0 fnt\n|faint|p1b: Farigiraf\n|\n|-weather|Sandstorm|[upkeep]\n|-damage|p2a: Amoonguss|38\/100|[from] Sandstorm\n|-damage|p1a: Conkeldurr|94\/100 brn|[from] Sandstorm\n|-damage|p1a: Conkeldurr|88\/100 brn|[from] brn\n|upkeep\n|\n|t:|1697809576\n|switch|p1b: Regigigas|Regigigas|100\/100\n|-start|p1b: Regigigas|ability: Slow Start\n|turn|5\n|c|\u2606Qapi|God\n|c|\u2606Qapi|I'm playing so poorly\n|c| omegashenronone|You can do it sean!\n|\n|t:|1697809624\n|switch|p2b: Cresselia|Cresselia, F|94\/100\n|move|p2a: Amoonguss|Spore|p1b: Regigigas\n|-status|p1b: Regigigas|slp|[from] move: Spore\n|move|p1a: Conkeldurr|Knock Off|p2a: Amoonguss\n|-damage|p2a: Amoonguss|0 fnt\n|-enditem|p2a: Amoonguss|Iapapa Berry|[from] move: Knock Off|[of] p1a: Conkeldurr\n|faint|p2a: Amoonguss\n|cant|p1b: Regigigas|slp\n|\n|-weather|none\n|-damage|p1a: Conkeldurr|82\/100 brn|[from] brn\n|-fieldend|move: Trick Room\n|upkeep\n|c| omegashenronone|Hes got you 6-3 hes winning?\n|\n|t:|1697809643\n|switch|p2a: Shadow|Weavile, F|100\/100\n|-ability|p2a: Shadow|Pressure\n|turn|6\n|\n|t:|1697809677\n|cant|p1b: Regigigas|slp\n|move|p2a: Shadow|Fake Out|p1a: Conkeldurr\n|-damage|p1a: Conkeldurr|68\/100 brn\n|-damage|p2a: Shadow|91\/100|[from] item: Life Orb\n|cant|p1a: Conkeldurr|flinch\n|move|p2b: Cresselia|Moonblast|p1b: Regigigas\n|-damage|p1b: Regigigas|86\/100 slp\n|\n|-damage|p1a: Conkeldurr|62\/100 brn|[from] brn\n|upkeep\n|turn|7\n|c| omegashenronone|Misclick?\n|\n|t:|1697809700\n|move|p1a: Conkeldurr|Mach Punch|p2a: Shadow\n|-supereffective|p2a: Shadow\n|-damage|p2a: Shadow|0 fnt\n|faint|p2a: Shadow\n|-curestatus|p1b: Regigigas|slp|[msg]\n|move|p1b: Regigigas|Darkest Lariat|p2b: Cresselia\n|-supereffective|p2b: Cresselia\n|-damage|p2b: Cresselia|69\/100\n|-damage|p1b: Regigigas|76\/100|[from] item: Life Orb\n|move|p2b: Cresselia|Trick Room|p2b: Cresselia\n|-fieldstart|move: Trick Room|[of] p2b: Cresselia\n|\n|-damage|p1a: Conkeldurr|56\/100 brn|[from] brn\n|upkeep\n|\n|t:|1697809715\n|switch|p2a: Armarouge|Armarouge, F|100\/100\n|turn|8\n|\n|t:|1697809748\n|move|p1a: Conkeldurr|Knock Off|p2a: Armarouge\n|-supereffective|p2a: Armarouge\n|-damage|p2a: Armarouge|0 fnt\n|-enditem|p2a: Armarouge|Expert Belt|[from] move: Knock Off|[of] p1a: Conkeldurr\n|faint|p2a: Armarouge\n|move|p2b: Cresselia|Moonblast|p1a: Conkeldurr\n|-supereffective|p1a: Conkeldurr\n|-damage|p1a: Conkeldurr|18\/100 brn\n|move|p1b: Regigigas|Darkest Lariat|p2b: Cresselia\n|-supereffective|p2b: Cresselia\n|-damage|p2b: Cresselia|46\/100\n|-damage|p1b: Regigigas|66\/100|[from] item: Life Orb\n|\n|-damage|p1a: Conkeldurr|12\/100 brn|[from] brn\n|upkeep\n|\n|t:|1697809761\n|switch|p2a: Tyranitar|Tyranitar-Mega, M|81\/100\n|-weather|Sandstorm|[from] ability: Sand Stream|[of] p2a: Tyranitar\n|turn|9\n|\n|t:|1697809772\n|move|p2a: Tyranitar|Protect|p2a: Tyranitar\n|-singleturn|p2a: Tyranitar|Protect\n|move|p1a: Conkeldurr|Knock Off|p2b: Cresselia\n|-supereffective|p2b: Cresselia\n|-damage|p2b: Cresselia|5\/100\n|move|p2b: Cresselia|Lunar Blessing|p2b: Cresselia|[spread] p2a,p2b\n|-heal|p2a: Tyranitar|100\/100\n|-heal|p2b: Cresselia|30\/100\n|move|p1b: Regigigas|Drain Punch|p2a: Tyranitar\n|-activate|p2a: Tyranitar|move: Protect\n|\n|-weather|Sandstorm|[upkeep]\n|-damage|p1a: Conkeldurr|6\/100 brn|[from] Sandstorm\n|-damage|p2b: Cresselia|24\/100|[from] Sandstorm\n|-damage|p1b: Regigigas|60\/100|[from] Sandstorm\n|-damage|p1a: Conkeldurr|0 fnt|[from] brn\n|faint|p1a: Conkeldurr\n|-end|p1b: Regigigas|Slow Start\n|upkeep\n|\n|t:|1697809777\n|switch|p1a: Weezing|Weezing-Galar, M|100\/100\n|-ability|p1a: Weezing|Neutralizing Gas\n|turn|10\n|\n|t:|1697809816\n|move|p1a: Weezing|Protect|p1a: Weezing\n|-singleturn|p1a: Weezing|Protect\n|move|p2a: Tyranitar|High Horsepower|p1a: Weezing\n|-activate|p1a: Weezing|move: Protect\n|move|p2b: Cresselia|Moonblast|p1b: Regigigas\n|-damage|p1b: Regigigas|44\/100\n|move|p1b: Regigigas|Drain Punch|p2a: Tyranitar\n|-supereffective|p2a: Tyranitar\n|-damage|p2a: Tyranitar|9\/100\n|-heal|p1b: Regigigas|95\/100|[from] drain|[of] p2a: Tyranitar\n|-damage|p1b: Regigigas|85\/100|[from] item: Life Orb\n|\n|-weather|Sandstorm|[upkeep]\n|-damage|p1a: Weezing|95\/100|[from] Sandstorm\n|-damage|p2b: Cresselia|18\/100|[from] Sandstorm\n|-damage|p1b: Regigigas|79\/100|[from] Sandstorm\n|-heal|p1a: Weezing|100\/100|[from] item: Black Sludge\n|upkeep\n|turn|11\n|c| omegashenronone|Beat him !\n|j| Generic_Personname\n|\n|t:|1697809864\n|move|p2a: Tyranitar|High Horsepower|p1a: Weezing\n|-supereffective|p1a: Weezing\n|-damage|p1a: Weezing|23\/100\n|move|p1a: Weezing|Strange Steam|p2a: Tyranitar\n|-supereffective|p2a: Tyranitar\n|-damage|p2a: Tyranitar|0 fnt\n|faint|p2a: Tyranitar\n|move|p2b: Cresselia|Moonblast|p1b: Regigigas\n|-damage|p1b: Regigigas|65\/100\n|-unboost|p1b: Regigigas|spa|1\n|move|p1b: Regigigas|Return|p2b: Cresselia\n|-damage|p2b: Cresselia|0 fnt\n|faint|p2b: Cresselia\n|-damage|p1b: Regigigas|55\/100|[from] item: Life Orb\n|\n|-weather|Sandstorm|[upkeep]\n|-damage|p1a: Weezing|17\/100|[from] Sandstorm\n|-damage|p1b: Regigigas|49\/100|[from] Sandstorm\n|-heal|p1a: Weezing|23\/100|[from] item: Black Sludge\n|-fieldend|move: Trick Room\n|upkeep\n|\n|t:|1697809884\n|switch|p2a: Gastrodon|Gastrodon, M|100\/100\n|turn|12\n|\n|t:|1697809895\n|move|p2a: Gastrodon|Protect|p2a: Gastrodon\n|-singleturn|p2a: Gastrodon|Protect\n|move|p1b: Regigigas|Return|p2a: Gastrodon\n|-activate|p2a: Gastrodon|move: Protect\n|move|p1a: Weezing|Strange Steam|p2a: Gastrodon\n|-activate|p2a: Gastrodon|move: Protect\n|\n|-weather|Sandstorm|[upkeep]\n|-damage|p1b: Regigigas|43\/100|[from] Sandstorm\n|-damage|p1a: Weezing|17\/100|[from] Sandstorm\n|-heal|p1a: Weezing|23\/100|[from] item: Black Sludge\n|upkeep\n|turn|13\n|\n|t:|1697809915\n|move|p1b: Regigigas|Return|p2a: Gastrodon\n|-damage|p2a: Gastrodon|11\/100\n|-enditem|p2a: Gastrodon|Sitrus Berry|[eat]\n|-heal|p2a: Gastrodon|36\/100|[from] item: Sitrus Berry\n|-damage|p1b: Regigigas|33\/100|[from] item: Life Orb\n|move|p1a: Weezing|Strange Steam|p2a: Gastrodon\n|-damage|p2a: Gastrodon|0 fnt\n|faint|p2a: Gastrodon\n|\n|win|Qapi\n|c|\u2606sean1579|gg\n|c| SaltWater7|what a turnaround\n|c|\u2606Qapi|ggs\n|c| omegashenronone|Why didnt you focus on taking out 1 at a time?\n|c|\u2606sean1579|i thought t-tar would kill 1000000%\n|c|\u2606sean1579|thats my miss play\n|l| Generic_Personname\n","uploadtime":1697809928,"views":11,"p1id":"qapi","p2id":"sean1579","formatid":"gen9nationaldexdoubles","rating":0,"private":0,"password":""}