{"id":"gen9nationaldexdoubles-1967595565","p1":"lvBreakfast","p2":"fumbari 24","format":"[Gen 9] National Dex Doubles","log":"|j|\u2606lvBreakfast\n|j|\u2606fumbari 24\n|t:|1697317264\n|gametype|doubles\n|player|p1|lvBreakfast|sabi|1229\n|player|p2|fumbari 24|hilbert|1340\n|teamsize|p1|6\n|teamsize|p2|6\n|gen|9\n|tier|[Gen 9] National Dex Doubles\n|rated|\n|rule|HP Percentage Mod: HP is shown in percentages\n|rule|Endless Battle Clause: Forcing endless battles is banned\n|rule|OHKO Clause: OHKO moves are banned\n|rule|Evasion Moves Clause: Evasion moves are banned\n|rule|Evasion Abilities Clause: Evasion abilities are banned\n|rule|Species Clause: Limit one of each Pok\u00e9mon\n|rule|Gravity Sleep Clause: The combination of sleep-inducing moves with imperfect accuracy and Gravity or Gigantamax Orbeetle are banned\n|clearpoke\n|poke|p1|Emolga, M|\n|poke|p1|Golisopod, F|\n|poke|p1|Rillaboom, M|\n|poke|p1|Comfey, F|\n|poke|p1|Incineroar, M|\n|poke|p1|Weavile, F|\n|poke|p2|Haxorus, F|\n|poke|p2|Krookodile, M|\n|poke|p2|Druddigon, F|\n|poke|p2|Salamence, M|\n|poke|p2|Aggron, F|\n|poke|p2|Cofagrigus, M|\n|teampreview\n|\n|t:|1697317276\n|start\n|switch|p1a: Chien Pao|Weavile, F|100\/100\n|switch|p1b: Emolga <3|Emolga, M|100\/100\n|switch|p2a: Aggron|Aggron, F|100\/100\n|switch|p2b: Cofagrigus|Cofagrigus, M|100\/100\n|turn|1\n|\n|t:|1697317294\n|move|p1a: Chien Pao|Knock Off|p2b: Cofagrigus\n|-supereffective|p2b: Cofagrigus\n|-crit|p2b: Cofagrigus\n|-damage|p2b: Cofagrigus|0 fnt\n|-activate|p2b: Cofagrigus|ability: Mummy|Pickpocket|[of] p1a: Chien Pao\n|-enditem|p2b: Cofagrigus|Mental Herb|[from] move: Knock Off|[of] p1a: Chien Pao\n|faint|p2b: Cofagrigus\n|move|p1b: Emolga <3|Nuzzle|p2a: Aggron\n|-damage|p2a: Aggron|97\/100\n|-status|p2a: Aggron|par\n|move|p2a: Aggron|Hone Claws|p2a: Aggron\n|-boost|p2a: Aggron|atk|1\n|-boost|p2a: Aggron|accuracy|1\n|\n|upkeep\n|\n|t:|1697317326\n|switch|p2b: Atraco|Krookodile, M|100\/100\n|-ability|p2b: Atraco|Intimidate|boost\n|-unboost|p1a: Chien Pao|atk|1\n|-unboost|p1b: Emolga <3|atk|1\n|turn|2\n|\n|t:|1697317335\n|switch|p2b: Druddigon|Druddigon, F|100\/100\n|move|p1a: Chien Pao|Icicle Crash|p2b: Druddigon\n|-supereffective|p2b: Druddigon\n|-damage|p2b: Druddigon|56\/100\n|move|p1b: Emolga <3|Encore|p2a: Aggron\n|-start|p2a: Aggron|Encore\n|-zpower|p2a: Aggron\n|move|p2a: Aggron|Continental Crush|p1a: Chien Pao|[zeffect]\n|-supereffective|p1a: Chien Pao\n|-enditem|p1a: Chien Pao|Focus Sash\n|-damage|p1a: Chien Pao|1\/100\n|\n|upkeep\n|turn|3\n|inactive|Battle timer is ON: inactive players will automatically lose when time's up. (requested by fumbari 24)\n|\n|t:|1697317364\n|move|p1a: Chien Pao|Icicle Crash|p2b: Druddigon|[miss]\n|-miss|p1a: Chien Pao|p2b: Druddigon\n|move|p1b: Emolga <3|Nuzzle|p2b: Druddigon\n|-resisted|p2b: Druddigon\n|-damage|p2b: Druddigon|55\/100\n|-status|p2b: Druddigon|par\n|-damage|p1b: Emolga <3|88\/100|[from] ability: Rough Skin|[of] p2b: Druddigon\n|-damage|p1b: Emolga <3|72\/100|[from] item: Rocky Helmet|[of] p2b: Druddigon\n|move|p2b: Druddigon|Rock Slide|p1b: Emolga <3|[spread] p1a,p1b\n|-supereffective|p1a: Chien Pao\n|-supereffective|p1b: Emolga <3\n|-damage|p1a: Chien Pao|0 fnt\n|-damage|p1b: Emolga <3|20\/100\n|-enditem|p1b: Emolga <3|Sitrus Berry|[eat]\n|-heal|p1b: Emolga <3|45\/100|[from] item: Sitrus Berry\n|faint|p1a: Chien Pao\n|move|p2a: Aggron|Hone Claws|p2a: Aggron\n|-boost|p2a: Aggron|atk|1\n|-boost|p2a: Aggron|accuracy|1\n|\n|upkeep\n|\n|t:|1697317383\n|switch|p1a: Confetti|Comfey, F|100\/100\n|turn|4\n|\n|t:|1697317398\n|move|p1a: Confetti|Draining Kiss|p2b: Druddigon\n|-supereffective|p2b: Druddigon\n|-damage|p2b: Druddigon|15\/100 par\n|-damage|p1a: Confetti|88\/100|[from] ability: Rough Skin|[of] p2b: Druddigon\n|-damage|p1a: Confetti|72\/100|[from] item: Rocky Helmet|[of] p2b: Druddigon\n|move|p1b: Emolga <3|Acrobatics|p2b: Druddigon\n|-damage|p2b: Druddigon|0 fnt\n|-damage|p1b: Emolga <3|32\/100|[from] ability: Rough Skin|[of] p2b: Druddigon\n|-damage|p1b: Emolga <3|16\/100|[from] item: Rocky Helmet|[of] p2b: Druddigon\n|faint|p2b: Druddigon\n|move|p2a: Aggron|Hone Claws|p2a: Aggron\n|-boost|p2a: Aggron|atk|1\n|-boost|p2a: Aggron|accuracy|1\n|\n|-end|p2a: Aggron|Encore\n|upkeep\n|\n|t:|1697317415\n|switch|p2b: Atraco|Krookodile, M|100\/100\n|-ability|p2b: Atraco|Intimidate|boost\n|-unboost|p1a: Confetti|atk|1\n|-unboost|p1b: Emolga <3|atk|1\n|turn|5\n|\n|t:|1697317421\n|move|p2a: Aggron|Protect|p2a: Aggron\n|-singleturn|p2a: Aggron|Protect\n|move|p1a: Confetti|Draining Kiss|p2b: Atraco\n|-supereffective|p2b: Atraco\n|-damage|p2b: Atraco|62\/100\n|-heal|p1a: Confetti|100\/100|[from] drain|[of] p2b: Atraco\n|move|p1b: Emolga <3|Encore|p2a: Aggron\n|-activate|p2a: Aggron|move: Protect\n|move|p2b: Atraco|Snarl|p1b: Emolga <3|[spread] p1a,p1b\n|-resisted|p1a: Confetti\n|-damage|p1a: Confetti|96\/100\n|-damage|p1b: Emolga <3|0 fnt\n|-unboost|p1a: Confetti|spa|1\n|faint|p1b: Emolga <3\n|\n|upkeep\n|\n|t:|1697317437\n|switch|p1b: Incineroar|Incineroar, M|100\/100\n|-ability|p1b: Incineroar|Intimidate|boost\n|-unboost|p2a: Aggron|atk|1\n|-unboost|p2b: Atraco|atk|1\n|turn|6\n|\n|t:|1697317453\n|-terastallize|p2b: Atraco|Ghost\n|move|p1a: Confetti|Draining Kiss|p2b: Atraco\n|-damage|p2b: Atraco|49\/100\n|-heal|p1a: Confetti|100\/100|[from] drain|[of] p2b: Atraco\n|-enditem|p2b: Atraco|Sitrus Berry|[eat]\n|-heal|p2b: Atraco|74\/100|[from] item: Sitrus Berry\n|move|p1b: Incineroar|Fake Out|p2a: Aggron\n|-resisted|p2a: Aggron\n|-damage|p2a: Aggron|96\/100 par\n|move|p2b: Atraco|Snarl|p1a: Confetti|[spread] p1a,p1b\n|-resisted|p1a: Confetti\n|-resisted|p1b: Incineroar\n|-damage|p1a: Confetti|96\/100\n|-damage|p1b: Incineroar|97\/100\n|-unboost|p1a: Confetti|spa|1\n|-unboost|p1b: Incineroar|spa|1\n|cant|p2a: Aggron|flinch\n|\n|-heal|p1b: Incineroar|100\/100|[from] item: Leftovers\n|upkeep\n|turn|7\n|\n|t:|1697317474\n|switch|p1a: Rillaboom|Rillaboom, M|100\/100\n|-fieldstart|move: Grassy Terrain|[from] ability: Grassy Surge|[of] p1a: Rillaboom\n|move|p2b: Atraco|Snarl|p1b: Incineroar|[spread] p1a,p1b\n|-resisted|p1b: Incineroar\n|-damage|p1a: Rillaboom|93\/100\n|-damage|p1b: Incineroar|97\/100\n|-unboost|p1a: Rillaboom|spa|1\n|-unboost|p1b: Incineroar|spa|1\n|move|p1b: Incineroar|Flare Blitz|p2a: Aggron\n|-damage|p2a: Aggron|66\/100 par\n|-damage|p1b: Incineroar|89\/100|[from] Recoil\n|move|p2a: Aggron|Head Smash|p1b: Incineroar\n|-supereffective|p1b: Incineroar\n|-damage|p1b: Incineroar|0 fnt\n|faint|p1b: Incineroar\n|\n|-heal|p2b: Atraco|80\/100|[from] Grassy Terrain\n|-heal|p1a: Rillaboom|99\/100|[from] Grassy Terrain\n|-heal|p2a: Aggron|72\/100 par|[from] Grassy Terrain\n|upkeep\n|inactive|lvBreakfast has 120 seconds left.\n|\n|t:|1697317498\n|switch|p1b: Golisopod|Golisopod, F|100\/100\n|turn|8\n|\n|t:|1697317505\n|switch|p2b: Blue Flame|Salamence, M|100\/100\n|-ability|p2b: Blue Flame|Intimidate|boost\n|-unboost|p1a: Rillaboom|atk|1\n|-unboost|p1b: Golisopod|atk|1\n|move|p1a: Rillaboom|Grassy Glide|p2a: Aggron\n|-damage|p2a: Aggron|53\/100 par\n|move|p1b: Golisopod|Liquidation|p2a: Aggron\n|-supereffective|p2a: Aggron\n|-damage|p2a: Aggron|10\/100 par\n|move|p2a: Aggron|Head Smash|p1a: Rillaboom\n|-damage|p1a: Rillaboom|0 fnt\n|faint|p1a: Rillaboom\n|\n|-heal|p2a: Aggron|16\/100 par|[from] Grassy Terrain\n|upkeep\n|\n|t:|1697317520\n|switch|p1a: Confetti|Comfey, F|96\/100\n|turn|9\n|\n|t:|1697317542\n|detailschange|p2b: Blue Flame|Salamence-Mega, M\n|-mega|p2b: Blue Flame|Salamence|Salamencite\n|move|p1a: Confetti|Draining Kiss|p2b: Blue Flame\n|-supereffective|p2b: Blue Flame\n|-damage|p2b: Blue Flame|54\/100\n|-heal|p1a: Confetti|100\/100|[from] drain|[of] p2b: Blue Flame\n|move|p2b: Blue Flame|Double-Edge|p1b: Golisopod\n|-supereffective|p1b: Golisopod\n|-damage|p1b: Golisopod|0 fnt\n|faint|p1b: Golisopod\n|-damage|p2b: Blue Flame|22\/100|[from] Recoil\n|move|p2a: Aggron|Iron Head|p1a: Confetti\n|-supereffective|p1a: Confetti\n|-damage|p1a: Confetti|0 fnt\n|faint|p1a: Confetti\n|\n|win|fumbari 24\n|raw|lvBreakfast's rating: 1229 &rarr; <strong>1212<\/strong><br \/>(-17 for losing)\n|raw|fumbari 24's rating: 1340 &rarr; <strong>1354<\/strong><br \/>(+14 for winning)\n|l|\u2606lvBreakfast\n","uploadtime":1697317559,"views":9,"p1id":"lvbreakfast","p2id":"fumbari24","formatid":"gen9nationaldexdoubles","rating":1212,"private":0,"password":""}