{"id":"gen9nationaldexdoubles-1974665075","p1":"VodooSaint","p2":"JoltedRadiux","format":"[Gen 9] National Dex Doubles","log":"|j|\u2606VodooSaint\n|j|\u2606JoltedRadiux\n|t:|1698108193\n|gametype|doubles\n|player|p1|VodooSaint|fantina|1084\n|player|p2|JoltedRadiux|ghetsis-gen5bw|1028\n|teamsize|p1|6\n|teamsize|p2|6\n|gen|9\n|tier|[Gen 9] National Dex Doubles\n|rated|\n|rule|HP Percentage Mod: HP is shown in percentages\n|rule|Endless Battle Clause: Forcing endless battles is banned\n|rule|OHKO Clause: OHKO moves are banned\n|rule|Evasion Moves Clause: Evasion moves are banned\n|rule|Evasion Abilities Clause: Evasion abilities are banned\n|rule|Species Clause: Limit one of each Pok\u00e9mon\n|rule|Gravity Sleep Clause: The combination of sleep-inducing moves with imperfect accuracy and Gravity or Gigantamax Orbeetle are banned\n|clearpoke\n|poke|p1|Gardevoir, M|\n|poke|p1|Sylveon, F|\n|poke|p1|Altaria, F|\n|poke|p1|Clefable, M|\n|poke|p1|Weezing-Galar, M|\n|poke|p1|Diancie|\n|poke|p2|Steelix, F|\n|poke|p2|Clefable, M|\n|poke|p2|Garchomp, F|\n|poke|p2|Gliscor, M|\n|poke|p2|Eevee, F|\n|poke|p2|Gholdengo|\n|teampreview\n|c|\u2606JoltedRadiux|Glhf\n|\n|t:|1698108213\n|start\n|switch|p1a: Clefable|Clefable, M|100\/100\n|switch|p1b: Altaria|Altaria, F|100\/100\n|switch|p2a: Eevee|Eevee, F, shiny|100\/100\n|switch|p2b: Gholdengo|Gholdengo|100\/100\n|turn|1\n|\n|t:|1698108229\n|move|p2b: Gholdengo|Make It Rain|p1b: Altaria|[spread] p1a,p1b\n|-supereffective|p1a: Clefable\n|-damage|p1a: Clefable|0 fnt\n|-damage|p1b: Altaria|61\/100\n|-unboost|p2b: Gholdengo|spa|1\n|faint|p1a: Clefable\n|-damage|p2b: Gholdengo|91\/100|[from] item: Life Orb\n|move|p1b: Altaria|Dragon Dance|p1b: Altaria\n|-boost|p1b: Altaria|atk|1\n|-boost|p1b: Altaria|spe|1\n|-zpower|p2a: Eevee\n|move|p2a: Eevee|Extreme Evoboost|p2a: Eevee\n|-boost|p2a: Eevee|atk|2\n|-boost|p2a: Eevee|def|2\n|-boost|p2a: Eevee|spa|2\n|-boost|p2a: Eevee|spd|2\n|-boost|p2a: Eevee|spe|2\n|\n|upkeep\n|\n|t:|1698108251\n|switch|p1a: Diancie|Diancie|100\/100\n|turn|2\n|\n|t:|1698108273\n|-terastallize|p1a: Diancie|Rock\n|move|p1b: Altaria|Return|p2b: Gholdengo\n|-immune|p2b: Gholdengo\n|move|p2b: Gholdengo|Sandstorm|p2b: Gholdengo\n|-weather|Sandstorm\n|move|p2a: Eevee|Baton Pass|p2a: Eevee\n|\n|t:|1698108294\n|switch|p2a: Clefable|Clefable, M|100\/100|[from] Baton Pass\n|move|p1a: Diancie|Earth Power|p2b: Gholdengo\n|-supereffective|p2b: Gholdengo\n|-damage|p2b: Gholdengo|20\/100\n|\n|-weather|Sandstorm|[upkeep]\n|-damage|p1b: Altaria|55\/100|[from] Sandstorm\n|upkeep\n|turn|3\n|\n|t:|1698108312\n|detailschange|p1b: Altaria|Altaria-Mega, F\n|-mega|p1b: Altaria|Altaria|Altarianite\n|move|p1b: Altaria|Return|p2a: Clefable\n|-damage|p2a: Clefable|65\/100\n|move|p2b: Gholdengo|Make It Rain|p1a: Diancie|[spread] p1a,p1b\n|-supereffective|p1a: Diancie\n|-supereffective|p1b: Altaria\n|-damage|p1a: Diancie|59\/100\n|-damage|p1b: Altaria|3\/100\n|-unboost|p2b: Gholdengo|spa|1\n|-damage|p2b: Gholdengo|10\/100|[from] item: Life Orb\n|move|p2a: Clefable|Cosmic Power|p2a: Clefable\n|-boost|p2a: Clefable|def|1\n|-boost|p2a: Clefable|spd|1\n|move|p1a: Diancie|Earth Power|p2b: Gholdengo\n|-supereffective|p2b: Gholdengo\n|-damage|p2b: Gholdengo|0 fnt\n|faint|p2b: Gholdengo\n|\n|-weather|Sandstorm|[upkeep]\n|-damage|p1b: Altaria|0 fnt|[from] Sandstorm\n|faint|p1b: Altaria\n|-heal|p2a: Clefable|71\/100|[from] item: Leftovers\n|upkeep\n|\n|t:|1698108345\n|switch|p2b: Eevee|Eevee, F, shiny|100\/100\n|switch|p1b: Weezing|Weezing-Galar, M|100\/100\n|-fieldstart|move: Misty Terrain|[from] ability: Misty Surge|[of] p1b: Weezing\n|turn|4\n|\n|t:|1698108363\n|move|p2a: Clefable|Power-Up Punch|p1a: Diancie\n|-supereffective|p1a: Diancie\n|-damage|p1a: Diancie|36\/100\n|-boost|p2a: Clefable|atk|1\n|move|p1b: Weezing|Haze|p1b: Weezing\n|-clearallboost\n|move|p2b: Eevee|Curse|p2b: Eevee\n|-unboost|p2b: Eevee|spe|1\n|-boost|p2b: Eevee|atk|1\n|-boost|p2b: Eevee|def|1\n|move|p1a: Diancie|Moonblast|p2b: Eevee\n|-damage|p2b: Eevee|31\/100\n|-unboost|p2b: Eevee|spa|1\n|\n|-weather|Sandstorm|[upkeep]\n|-damage|p1b: Weezing|95\/100|[from] Sandstorm\n|-damage|p2b: Eevee|25\/100|[from] Sandstorm\n|-heal|p1b: Weezing|100\/100|[from] item: Leftovers\n|-heal|p2a: Clefable|77\/100|[from] item: Leftovers\n|upkeep\n|turn|5\n|c|\u2606JoltedRadiux|Smart move :V\n|\n|t:|1698108409\n|move|p1b: Weezing|Haze|p1b: Weezing\n|-clearallboost\n|move|p2b: Eevee|Trailblaze|p1b: Weezing\n|-resisted|p1b: Weezing\n|-damage|p1b: Weezing|97\/100\n|-boost|p2b: Eevee|spe|1\n|move|p2a: Clefable|Power-Up Punch|p1a: Diancie\n|-supereffective|p1a: Diancie\n|-damage|p1a: Diancie|24\/100\n|-boost|p2a: Clefable|atk|1\n|move|p1a: Diancie|Diamond Storm|p2a: Clefable|[spread] p2a,p2b\n|-damage|p2a: Clefable|41\/100\n|-damage|p2b: Eevee|0 fnt\n|faint|p2b: Eevee\n|\n|-weather|Sandstorm|[upkeep]\n|-damage|p1b: Weezing|91\/100|[from] Sandstorm\n|-heal|p1b: Weezing|97\/100|[from] item: Leftovers\n|-heal|p2a: Clefable|47\/100|[from] item: Leftovers\n|upkeep\n|\n|t:|1698108429\n|switch|p2b: Gliscor|Gliscor, M|100\/100\n|turn|6\n|\n|t:|1698108446\n|move|p2b: Gliscor|Tailwind|p2b: Gliscor\n|-sidestart|p2: JoltedRadiux|move: Tailwind\n|move|p2a: Clefable|Power-Up Punch|p1a: Diancie\n|-supereffective|p1a: Diancie\n|-damage|p1a: Diancie|6\/100\n|-boost|p2a: Clefable|atk|1\n|move|p1b: Weezing|Haze|p1b: Weezing\n|-clearallboost\n|move|p1a: Diancie|Diamond Storm|p2b: Gliscor|[spread] p2a,p2b\n|-damage|p2a: Clefable|11\/100\n|-damage|p2b: Gliscor|67\/100\n|\n|-weather|none\n|-heal|p2a: Clefable|17\/100|[from] item: Leftovers\n|-heal|p1b: Weezing|100\/100|[from] item: Leftovers\n|-status|p2b: Gliscor|tox|[from] item: Toxic Orb\n|upkeep\n|turn|7\n|\n|t:|1698108500\n|move|p2b: Gliscor|Psychic Fangs|p1b: Weezing\n|-supereffective|p1b: Weezing\n|-damage|p1b: Weezing|71\/100\n|move|p2a: Clefable|Power-Up Punch|p1a: Diancie\n|-supereffective|p1a: Diancie\n|-damage|p1a: Diancie|0 fnt\n|-boost|p2a: Clefable|atk|1\n|faint|p1a: Diancie\n|move|p1b: Weezing|Strange Steam|p2b: Gliscor\n|-damage|p2b: Gliscor|25\/100 tox\n|\n|-heal|p2a: Clefable|23\/100|[from] item: Leftovers\n|-heal|p1b: Weezing|77\/100|[from] item: Leftovers\n|-heal|p2b: Gliscor|37\/100 tox|[from] ability: Poison Heal\n|upkeep\n|\n|t:|1698108520\n|switch|p1a: Gardevoir|Gardevoir, M|100\/100\n|turn|8\n|\n|t:|1698108546\n|move|p2b: Gliscor|Dark Pulse|p1a: Gardevoir\n|-damage|p1a: Gardevoir|90\/100\n|move|p1a: Gardevoir|Psyshock|p2b: Gliscor\n|-damage|p2b: Gliscor|0 fnt\n|faint|p2b: Gliscor\n|move|p2a: Clefable|Mystical Fire|p1a: Gardevoir\n|-damage|p1a: Gardevoir|64\/100\n|-unboost|p1a: Gardevoir|spa|1\n|move|p1b: Weezing|Sludge Bomb|p2a: Clefable\n|-supereffective|p2a: Clefable\n|-damage|p2a: Clefable|0 fnt\n|faint|p2a: Clefable\n|\n|-heal|p1b: Weezing|83\/100|[from] item: Leftovers\n|-fieldend|Misty Terrain\n|upkeep\n|\n|t:|1698108554\n|switch|p2b: Garchomp|Garchomp, F|100\/100\n|switch|p2a: Steelix|Steelix, F, shiny|100\/100\n|turn|9\n|\n|t:|1698108582\n|detailschange|p2a: Steelix|Steelix-Mega, F, shiny\n|-mega|p2a: Steelix|Steelix|Steelixite\n|move|p2b: Garchomp|Rock Slide|p1b: Weezing|[spread] p1a,p1b\n|-damage|p1a: Gardevoir|23\/100\n|-damage|p1b: Weezing|69\/100\n|move|p1a: Gardevoir|Aura Sphere|p2a: Steelix\n|-supereffective|p2a: Steelix\n|-damage|p2a: Steelix|55\/100\n|move|p2a: Steelix|Iron Defense|p2a: Steelix\n|-boost|p2a: Steelix|def|2\n|move|p1b: Weezing|Haze|p1b: Weezing\n|-clearallboost\n|\n|-heal|p1b: Weezing|75\/100|[from] item: Leftovers\n|-sideend|p2: JoltedRadiux|move: Tailwind\n|upkeep\n|turn|10\n|\n|t:|1698108606\n|move|p1a: Gardevoir|Aura Sphere|p2a: Steelix\n|-supereffective|p2a: Steelix\n|-damage|p2a: Steelix|0 fnt\n|faint|p2a: Steelix\n|move|p2b: Garchomp|Rock Slide|p1a: Gardevoir|[spread] p1a,p1b\n|-damage|p1a: Gardevoir|0 fnt\n|-damage|p1b: Weezing|61\/100\n|faint|p1a: Gardevoir\n|move|p1b: Weezing|Strange Steam|p2b: Garchomp\n|-supereffective|p2b: Garchomp\n|-damage|p2b: Garchomp|44\/100\n|\n|-heal|p1b: Weezing|67\/100|[from] item: Leftovers\n|upkeep\n|\n|t:|1698108620\n|switch|p1a: Sylveon|Sylveon, F|100\/100\n|turn|11\n|\n|t:|1698108634\n|move|p2b: Garchomp|Earth Power|p1b: Weezing\n|-supereffective|p1b: Weezing\n|-damage|p1b: Weezing|0 fnt\n|faint|p1b: Weezing\n|move|p1a: Sylveon|Moonblast|p2b: Garchomp\n|-supereffective|p2b: Garchomp\n|-damage|p2b: Garchomp|0 fnt\n|faint|p2b: Garchomp\n|\n|win|VodooSaint\n|raw|VodooSaint's rating: 1084 &rarr; <strong>1107<\/strong><br \/>(+23 for winning)\n|raw|JoltedRadiux's rating: 1028 &rarr; <strong>1016<\/strong><br \/>(-12 for losing)\n|c|\u2606JoltedRadiux|Gg\n","uploadtime":1698108648,"views":5,"p1id":"vodoosaint","p2id":"joltedradiux","formatid":"gen9nationaldexdoubles","rating":1016,"private":0,"password":""}