{"id":"gen9nationaldexdoubles-1972182534","p1":"AdvancedDigit","p2":"Slyvyan","format":"[Gen 9] National Dex Doubles","log":"|j|\u2606AdvancedDigit\n|j|\u2606Slyvyan\n|t:|1697819497\n|gametype|doubles\n|player|p1|AdvancedDigit|hilbert|1198\n|player|p2|Slyvyan|amelia-shuffle|1314\n|teamsize|p1|6\n|teamsize|p2|6\n|gen|9\n|tier|[Gen 9] National Dex Doubles\n|rated|\n|rule|HP Percentage Mod: HP is shown in percentages\n|rule|Endless Battle Clause: Forcing endless battles is banned\n|rule|OHKO Clause: OHKO moves are banned\n|rule|Evasion Moves Clause: Evasion moves are banned\n|rule|Evasion Abilities Clause: Evasion abilities are banned\n|rule|Species Clause: Limit one of each Pok\u00e9mon\n|rule|Gravity Sleep Clause: The combination of sleep-inducing moves with imperfect accuracy and Gravity or Gigantamax Orbeetle are banned\n|clearpoke\n|poke|p1|Lilligant-Hisui, F|\n|poke|p1|Tornadus, M|\n|poke|p1|Malamar, F|\n|poke|p1|Gothitelle, M|\n|poke|p1|Charizard, M|\n|poke|p1|Garchomp, M|\n|poke|p2|Tapu Lele|\n|poke|p2|Alakazam, F|\n|poke|p2|Tapu Koko|\n|poke|p2|Raichu-Alola, M|\n|poke|p2|Iron Valiant|\n|poke|p2|Kingambit, M|\n|teampreview\n|\n|t:|1697819516\n|start\n|switch|p1a: Lilligant|Lilligant-Hisui, F|100\/100\n|switch|p1b: Charizard|Charizard, M|100\/100\n|switch|p2a: Tapu Koko|Tapu Koko|100\/100\n|switch|p2b: Queer Allegory|Iron Valiant|100\/100\n|-fieldstart|move: Electric Terrain|[from] ability: Electric Surge|[of] p2a: Tapu Koko\n|-activate|p2b: Queer Allegory|ability: Quark Drive\n|-start|p2b: Queer Allegory|quarkdrivespe\n|turn|1\n|l|\u2606AdvancedDigit\n|player|p1|\n|j|\u2606AdvancedDigit\n|player|p1|AdvancedDigit|hilbert\n|\n|t:|1697819532\n|detailschange|p1b: Charizard|Charizard-Mega-Y, M\n|-mega|p1b: Charizard|Charizard|Charizardite Y\n|-weather|SunnyDay|[from] ability: Drought|[of] p1b: Charizard\n|move|p1a: Lilligant|Entrainment|p1b: Charizard\n|-endability|p1b: Charizard|Drought|[from] move: Entrainment\n|-ability|p1b: Charizard|Chlorophyll|[from] move: Entrainment\n|move|p1b: Charizard|Heat Wave|p2a: Tapu Koko|[spread] p2a,p2b\n|-crit|p2b: Queer Allegory\n|-damage|p2a: Tapu Koko|0 fnt\n|-damage|p2b: Queer Allegory|0 fnt\n|faint|p2a: Tapu Koko\n|faint|p2b: Queer Allegory\n|-end|p2b: Queer Allegory|Quark Drive|[silent]\n|\n|-weather|SunnyDay|[upkeep]\n|upkeep\n|inactive|Battle timer is ON: inactive players will automatically lose when time's up. (requested by AdvancedDigit)\n|\n|t:|1697819553\n|switch|p2a: Cuttlefish|Tapu Lele|100\/100\n|switch|p2b: Cthulu|Alakazam, F|100\/100\n|-fieldstart|move: Psychic Terrain|[from] ability: Psychic Surge|[of] p2a: Cuttlefish\n|turn|2\n|\n|t:|1697819569\n|detailschange|p2b: Cthulu|Alakazam-Mega, F\n|-mega|p2b: Cthulu|Alakazam|Alakazite\n|-ability|p2b: Cthulu|Chlorophyll|[from] ability: Trace|[of] p1a: Lilligant\n|move|p2b: Cthulu|Expanding Force|p1b: Charizard|[spread] p1a,p1b\n|-supereffective|p1a: Lilligant\n|-crit|p1b: Charizard\n|-damage|p1a: Lilligant|0 fnt\n|-damage|p1b: Charizard|0 fnt\n|faint|p1a: Lilligant\n|faint|p1b: Charizard\n|move|p2a: Cuttlefish|Psychic|p1: Lilligant|[notarget]\n|-fail|p2a: Cuttlefish\n|\n|-weather|SunnyDay|[upkeep]\n|upkeep\n|c|\u2606AdvancedDigit|200 iq\n|inactive|AdvancedDigit has 120 seconds left.\n|c|\u2606Slyvyan|>:)\n|\n|t:|1697819603\n|switch|p1a: Malamar|Malamar, F|100\/100\n|switch|p1b: Gothitelle|Gothitelle, M|100\/100\n|turn|3\n|\n|t:|1697819621\n|move|p1b: Gothitelle|Fake Out|p2b: Cthulu\n|-activate|p2b: Cthulu|move: Psychic Terrain\n|move|p2b: Cthulu|Shadow Ball|p1b: Gothitelle\n|-supereffective|p1b: Gothitelle\n|-damage|p1b: Gothitelle|56\/100\n|move|p2a: Cuttlefish|Psychic|p1b: Gothitelle\n|-resisted|p1b: Gothitelle\n|-damage|p1b: Gothitelle|35\/100\n|move|p1a: Malamar|Knock Off|p2b: Cthulu\n|-supereffective|p2b: Cthulu\n|-damage|p2b: Cthulu|0 fnt\n|faint|p2b: Cthulu\n|\n|-weather|SunnyDay|[upkeep]\n|-heal|p1b: Gothitelle|41\/100|[from] item: Leftovers\n|upkeep\n|c|\u2606AdvancedDigit|oh im so silly\n|\n|t:|1697819632\n|switch|p2b: Magnus|Kingambit, M|100\/100\n|turn|4\n|\n|t:|1697819640\n|move|p2a: Cuttlefish|Psychic|p1b: Gothitelle\n|-resisted|p1b: Gothitelle\n|-damage|p1b: Gothitelle|18\/100\n|move|p1a: Malamar|Superpower|p2b: Magnus\n|-supereffective|p2b: Magnus\n|-damage|p2b: Magnus|0 fnt\n|-boost|p1a: Malamar|atk|1\n|-boost|p1a: Malamar|def|1\n|faint|p2b: Magnus\n|move|p1b: Gothitelle|Toxic|p2a: Cuttlefish\n|-status|p2a: Cuttlefish|tox\n|\n|-weather|SunnyDay|[upkeep]\n|-heal|p1b: Gothitelle|24\/100|[from] item: Leftovers\n|-damage|p2a: Cuttlefish|94\/100 tox|[from] psn\n|upkeep\n|\n|t:|1697819646\n|switch|p2b: 2D|Raichu-Alola, M|100\/100\n|turn|5\n|\n|t:|1697819655\n|move|p2a: Cuttlefish|Psychic|p1b: Gothitelle\n|-resisted|p1b: Gothitelle\n|-crit|p1b: Gothitelle\n|-damage|p1b: Gothitelle|0 fnt\n|faint|p1b: Gothitelle\n|move|p2b: 2D|Rising Voltage|p1a: Malamar\n|-damage|p1a: Malamar|53\/100\n|move|p1a: Malamar|Knock Off|p2b: 2D\n|-supereffective|p2b: 2D\n|-damage|p2b: 2D|0 fnt\n|-enditem|p2b: 2D|Choice Specs|[from] move: Knock Off|[of] p1a: Malamar\n|faint|p2b: 2D\n|\n|-weather|none\n|-heal|p1a: Malamar|60\/100|[from] item: Leftovers\n|-damage|p2a: Cuttlefish|82\/100 tox|[from] psn\n|upkeep\n|\n|t:|1697819660\n|switch|p1b: Garchomp|Garchomp, M|100\/100\n|turn|6\n|c|\u2606Slyvyan|gg\n|-message|Slyvyan forfeited.\n|\n|win|AdvancedDigit\n|raw|AdvancedDigit's rating: 1198 &rarr; <strong>1231<\/strong><br \/>(+33 for winning)\n|raw|Slyvyan's rating: 1314 &rarr; <strong>1288<\/strong><br \/>(-26 for losing)\n|c|\u2606AdvancedDigit|gg\n|l|\u2606Slyvyan\n","uploadtime":1697819669,"views":9,"p1id":"advanceddigit","p2id":"slyvyan","formatid":"gen9nationaldexdoubles","rating":1231,"private":0,"password":""}