{"id":"gen9nationaldexdoubles-1949588961","p1":"Natezero58","p2":"Spiralfox01","format":"[Gen 9] National Dex Doubles","log":"|j|\u2606Natezero58\n|j|\u2606Spiralfox01\n|t:|1695382277\n|gametype|doubles\n|player|p1|Natezero58|265|1243\n|player|p2|Spiralfox01|veteran-gen4|1146\n|teamsize|p1|6\n|teamsize|p2|6\n|gen|9\n|tier|[Gen 9] National Dex Doubles\n|rated|\n|rule|HP Percentage Mod: HP is shown in percentages\n|rule|Endless Battle Clause: Forcing endless battles is banned\n|rule|OHKO Clause: OHKO moves are banned\n|rule|Evasion Moves Clause: Evasion moves are banned\n|rule|Evasion Abilities Clause: Evasion abilities are banned\n|rule|Species Clause: Limit one of each Pok\u00e9mon\n|rule|Gravity Sleep Clause: The combination of sleep-inducing moves with imperfect accuracy and Gravity or Gigantamax Orbeetle are banned\n|clearpoke\n|poke|p1|Vaporeon, M|\n|poke|p1|Ninetales-Alola, F|\n|poke|p1|Articuno|\n|poke|p1|Empoleon, M|\n|poke|p1|Flutter Mane|\n|poke|p1|Whimsicott, F|\n|poke|p2|Murkrow, M|\n|poke|p2|Basculegion-F, F|\n|poke|p2|Brambleghast, M|\n|poke|p2|Kilowattrel, M|\n|poke|p2|Amoonguss, F|\n|poke|p2|Typhlosion-Hisui, M|\n|teampreview\n|inactive|Battle timer is ON: inactive players will automatically lose when time's up. (requested by Natezero58)\n|\n|t:|1695382293\n|start\n|switch|p1a: Vaporeon|Vaporeon, M|100\/100\n|switch|p1b: Empoleon|Empoleon, M|100\/100\n|switch|p2a: Wind Power|Kilowattrel, M|100\/100\n|switch|p2b: Infiltrator|Brambleghast, M|100\/100\n|turn|1\n|\n|t:|1695382301\n|move|p2a: Wind Power|Tailwind|p2a: Wind Power\n|-sidestart|p2: Spiralfox01|move: Tailwind\n|-start|p2a: Wind Power|Charge|Tailwind|[from] ability: Wind Power\n|-ability|p2b: Infiltrator|Wind Rider|boost\n|-boost|p2b: Infiltrator|atk|1\n|move|p2b: Infiltrator|Power Whip|p1a: Vaporeon\n|-supereffective|p1a: Vaporeon\n|-damage|p1a: Vaporeon|0 fnt\n|faint|p1a: Vaporeon\n|move|p1b: Empoleon|Agility|p1b: Empoleon\n|-boost|p1b: Empoleon|spe|2\n|\n|upkeep\n|\n|t:|1695382310\n|switch|p1a: Whimsicott|Whimsicott, F|100\/100\n|turn|2\n|\n|t:|1695382321\n|move|p1a: Whimsicott|Tailwind|p1a: Whimsicott\n|-sidestart|p1: Natezero58|move: Tailwind\n|move|p1b: Empoleon|Surf|p2b: Infiltrator|[spread] p1a,p2a,p2b\n|-resisted|p1a: Whimsicott\n|-resisted|p2b: Infiltrator\n|-damage|p1a: Whimsicott|71\/100\n|-damage|p2a: Wind Power|13\/100\n|-damage|p2b: Infiltrator|67\/100\n|-damage|p1b: Empoleon|91\/100|[from] item: Life Orb\n|move|p2a: Wind Power|Electro Ball|p1b: Empoleon\n|-supereffective|p1b: Empoleon\n|-damage|p1b: Empoleon|24\/100\n|-end|p2a: Wind Power|Charge|[silent]\n|move|p2b: Infiltrator|Power Whip|p1b: Empoleon|[miss]\n|-miss|p2b: Infiltrator|p1b: Empoleon\n|\n|-heal|p1a: Whimsicott|77\/100|[from] item: Leftovers\n|upkeep\n|turn|3\n|\n|t:|1695382349\n|move|p1a: Whimsicott|Helping Hand|p1b: Empoleon\n|-singleturn|p1b: Empoleon|Helping Hand|[of] p1a: Whimsicott\n|move|p2b: Infiltrator|Shadow Sneak|p1b: Empoleon\n|-damage|p1b: Empoleon|0 fnt\n|faint|p1b: Empoleon\n|move|p2a: Wind Power|Electro Ball|p1a: Whimsicott\n|-resisted|p1a: Whimsicott\n|-damage|p1a: Whimsicott|59\/100\n|\n|-heal|p1a: Whimsicott|65\/100|[from] item: Leftovers\n|upkeep\n|\n|t:|1695382358\n|switch|p1b: Ninetales|Ninetales-Alola, F|100\/100\n|-weather|Snow|[from] ability: Snow Warning|[of] p1b: Ninetales\n|turn|4\n|\n|t:|1695382371\n|move|p1a: Whimsicott|Helping Hand|p1b: Ninetales\n|-singleturn|p1b: Ninetales|Helping Hand|[of] p1a: Whimsicott\n|move|p2a: Wind Power|Air Slash|p1a: Whimsicott\n|-supereffective|p1a: Whimsicott\n|-damage|p1a: Whimsicott|0 fnt\n|faint|p1a: Whimsicott\n|move|p1b: Ninetales|Blizzard|p2b: Infiltrator|[spread] p2a\n|-ability|p2b: Infiltrator|Wind Rider|boost\n|-boost|p2b: Infiltrator|atk|1\n|-supereffective|p2a: Wind Power\n|-damage|p2a: Wind Power|0 fnt\n|faint|p2a: Wind Power\n|move|p2b: Infiltrator|Giga Impact|p1b: Ninetales\n|-damage|p1b: Ninetales|8\/100\n|-mustrecharge|p2b: Infiltrator\n|\n|-weather|Snow|[upkeep]\n|-heal|p1b: Ninetales|14\/100|[from] item: Leftovers\n|-sideend|p2: Spiralfox01|move: Tailwind\n|upkeep\n|\n|t:|1695382393\n|switch|p2a: Insomnia|Murkrow, M|100\/100\n|switch|p1a: Articuno|Articuno|100\/100\n|-ability|p1a: Articuno|Pressure\n|turn|5\n|\n|t:|1695382418\n|move|p2a: Insomnia|Tailwind|p2a: Insomnia\n|-sidestart|p2: Spiralfox01|move: Tailwind\n|-ability|p2b: Infiltrator|Wind Rider|boost\n|-boost|p2b: Infiltrator|atk|1\n|move|p1b: Ninetales|Freeze-Dry|p2b: Infiltrator\n|-supereffective|p2b: Infiltrator\n|-damage|p2b: Infiltrator|0 fnt\n|faint|p2b: Infiltrator\n|move|p1a: Articuno|Agility|p1a: Articuno\n|-boost|p1a: Articuno|spe|2\n|\n|-weather|Snow|[upkeep]\n|-heal|p1b: Ninetales|21\/100|[from] item: Leftovers\n|-sideend|p1: Natezero58|move: Tailwind\n|upkeep\n|\n|t:|1695382432\n|switch|p2b: Blaze|Typhlosion-Hisui, M|100\/100\n|-item|p1a: Articuno|Life Orb|[from] ability: Frisk|[of] p2b: Blaze|[identify]\n|-item|p1b: Ninetales|Leftovers|[from] ability: Frisk|[of] p2b: Blaze|[identify]\n|turn|6\n|l|\u2606Natezero58\n|inactive|Natezero58 disconnected and has a minute to reconnect!\n|player|p1|\n|inactive|Natezero58 has 30 seconds to reconnect!\n|inactive|Natezero58 has 20 seconds to reconnect!\n|j|\u2606Natezero58\n|inactive|Natezero58 reconnected and has 105 seconds left.\n|player|p1|Natezero58|265\n|inactive|Natezero58 has 90 seconds left.\n|l|\u2606Natezero58\n|inactive|Natezero58 disconnected and has a minute to reconnect!\n|player|p1|\n|inactive|Natezero58 has 30 seconds to reconnect!\n|inactive|Natezero58 has 20 seconds to reconnect!\n|inactive|Natezero58 has 15 seconds to reconnect!\n|inactive|Natezero58 has 10 seconds to reconnect!\n|inactive|Natezero58 has 5 seconds to reconnect!\n|-message|Natezero58 lost due to inactivity.\n|\n|win|Spiralfox01\n|inactive|Natezero58 has 25 seconds left this turn.\n|raw|Natezero58's rating: 1243 &rarr; <strong>1211<\/strong><br \/>(-32 for losing)\n|raw|Spiralfox01's rating: 1146 &rarr; <strong>1178<\/strong><br \/>(+32 for winning)\n","uploadtime":1695382626,"views":16,"p1id":"natezero58","p2id":"spiralfox01","formatid":"gen9nationaldexdoubles","rating":1178,"private":0,"password":""}