{"id":"gen9nationaldexdoubles-1960316278","p1":"AerixThorn","p2":"Themelmetalguy","format":"[Gen 9] National Dex Doubles","log":"|j|\u2606AerixThorn\n|j|\u2606Themelmetalguy\n|t:|1696516310\n|gametype|doubles\n|player|p1|AerixThorn|volkner|1050\n|player|p2|Themelmetalguy|265|1086\n|teamsize|p1|6\n|teamsize|p2|6\n|gen|9\n|tier|[Gen 9] National Dex Doubles\n|rated|\n|rule|HP Percentage Mod: HP is shown in percentages\n|rule|Endless Battle Clause: Forcing endless battles is banned\n|rule|OHKO Clause: OHKO moves are banned\n|rule|Evasion Moves Clause: Evasion moves are banned\n|rule|Evasion Abilities Clause: Evasion abilities are banned\n|rule|Species Clause: Limit one of each Pok\u00e9mon\n|rule|Gravity Sleep Clause: The combination of sleep-inducing moves with imperfect accuracy and Gravity or Gigantamax Orbeetle are banned\n|clearpoke\n|poke|p1|Kommo-o, F|\n|poke|p1|Oricorio-Sensu, M|\n|poke|p1|Meowscarada, M|\n|poke|p1|Quaquaval, F|\n|poke|p1|Ribombee, M|\n|poke|p1|Vivillon-Marine, M|\n|poke|p2|Porygon-Z|\n|poke|p2|Kommo-o, F|\n|poke|p2|Clefairy, F|\n|poke|p2|Zoroark-Hisui, M|\n|poke|p2|Cresselia, F|\n|poke|p2|Blissey, F|\n|teampreview\n|inactive|Battle timer is ON: inactive players will automatically lose when time's up. (requested by AerixThorn)\n|l|\u2606Themelmetalguy\n|inactive|Themelmetalguy disconnected and has a minute to reconnect!\n|player|p2|\n|inactive|Themelmetalguy has 30 seconds to reconnect!\n|inactive|Themelmetalguy has 20 seconds to reconnect!\n|inactive|Themelmetalguy has 15 seconds to reconnect!\n|inactive|Themelmetalguy has 10 seconds to reconnect!\n|inactive|Themelmetalguy has 5 seconds to reconnect!\n|j|\u2606Themelmetalguy\n|inactive|Themelmetalguy reconnected and has 70 seconds left.\n|player|p2|Themelmetalguy|265\n|\n|t:|1696516398\n|start\n|switch|p1a: Oricorio|Oricorio-Sensu, M|100\/100\n|switch|p1b: Ribombee|Ribombee, M|100\/100\n|switch|p2a: Porygon-Z|Porygon-Z|100\/100\n|switch|p2b: Kommo-o|Kommo-o, F|100\/100\n|turn|1\n|\n|t:|1696516415\n|move|p1b: Ribombee|Quiver Dance|p1b: Ribombee\n|-boost|p1b: Ribombee|spa|1\n|-boost|p1b: Ribombee|spd|1\n|-boost|p1b: Ribombee|spe|1\n|-activate|p1a: Oricorio|ability: Dancer\n|move|p1a: Oricorio|Quiver Dance|p1a: Oricorio|[from]ability: Dancer\n|-boost|p1a: Oricorio|spa|1\n|-boost|p1a: Oricorio|spd|1\n|-boost|p1a: Oricorio|spe|1\n|move|p1a: Oricorio|Air Slash|p2b: Kommo-o\n|-supereffective|p2b: Kommo-o\n|-damage|p2b: Kommo-o|4\/100\n|-zpower|p2a: Porygon-Z\n|move|p2a: Porygon-Z|Z-Conversion|p2a: Porygon-Z|[anim]Conversion\n|-boost|p2a: Porygon-Z|atk|1|[zeffect]\n|-boost|p2a: Porygon-Z|def|1|[zeffect]\n|-boost|p2a: Porygon-Z|spa|1|[zeffect]\n|-boost|p2a: Porygon-Z|spd|1|[zeffect]\n|-boost|p2a: Porygon-Z|spe|1|[zeffect]\n|-start|p2a: Porygon-Z|typechange|Ghost\n|move|p2b: Kommo-o|Clangorous Soul||[still]\n|-fail|p2b: Kommo-o\n|\n|upkeep\n|turn|2\n|\n|t:|1696516440\n|move|p1b: Ribombee|Quiver Dance|p1b: Ribombee\n|-boost|p1b: Ribombee|spa|1\n|-boost|p1b: Ribombee|spd|1\n|-boost|p1b: Ribombee|spe|1\n|-activate|p1a: Oricorio|ability: Dancer\n|move|p1a: Oricorio|Quiver Dance|p1a: Oricorio|[from]ability: Dancer\n|-boost|p1a: Oricorio|spa|1\n|-boost|p1a: Oricorio|spd|1\n|-boost|p1a: Oricorio|spe|1\n|move|p1a: Oricorio|Air Slash|p2b: Kommo-o\n|-supereffective|p2b: Kommo-o\n|-damage|p2b: Kommo-o|0 fnt\n|faint|p2b: Kommo-o\n|move|p2a: Porygon-Z|Shadow Ball|p1a: Oricorio\n|-supereffective|p1a: Oricorio\n|-damage|p1a: Oricorio|0 fnt\n|faint|p1a: Oricorio\n|\n|upkeep\n|\n|t:|1696516461\n|switch|p1a: Vivillon|Vivillon-Marine, M|100\/100\n|switch|p2b: Clefairy|Clefairy, F|100\/100\n|turn|3\n|\n|t:|1696516476\n|move|p1b: Ribombee|Draining Kiss|p2a: Porygon-Z\n|-damage|p2a: Porygon-Z|77\/100\n|move|p2a: Porygon-Z|Shadow Ball|p1b: Ribombee\n|-damage|p1b: Ribombee|32\/100\n|move|p1a: Vivillon|Sleep Powder|p2b: Clefairy\n|-status|p2b: Clefairy|slp|[from] move: Sleep Powder\n|cant|p2b: Clefairy|slp\n|\n|-heal|p1b: Ribombee|38\/100|[from] item: Leftovers\n|upkeep\n|turn|4\n|\n|t:|1696516499\n|move|p1b: Ribombee|Bug Buzz|p2a: Porygon-Z\n|-resisted|p2a: Porygon-Z\n|-damage|p2a: Porygon-Z|54\/100\n|move|p2a: Porygon-Z|Shadow Ball|p1b: Ribombee\n|-damage|p1b: Ribombee|0 fnt\n|faint|p1b: Ribombee\n|move|p1a: Vivillon|Quiver Dance|p1a: Vivillon\n|-boost|p1a: Vivillon|spa|1\n|-boost|p1a: Vivillon|spd|1\n|-boost|p1a: Vivillon|spe|1\n|cant|p2b: Clefairy|slp\n|\n|upkeep\n|\n|t:|1696516505\n|switch|p1b: Meowscarada|Meowscarada, M|100\/100\n|turn|5\n|\n|t:|1696516520\n|-curestatus|p2b: Clefairy|slp|[msg]\n|move|p2b: Clefairy|Follow Me|p2b: Clefairy\n|-singleturn|p2b: Clefairy|move: Follow Me\n|move|p1a: Vivillon|Quiver Dance|p1a: Vivillon\n|-boost|p1a: Vivillon|spa|1\n|-boost|p1a: Vivillon|spd|1\n|-boost|p1a: Vivillon|spe|1\n|move|p2a: Porygon-Z|Tri Attack|p1b: Meowscarada\n|-damage|p1b: Meowscarada|40\/100\n|-status|p1b: Meowscarada|par\n|move|p1b: Meowscarada|Knock Off|p2b: Clefairy\n|-start|p1b: Meowscarada|typechange|Dark|[from] ability: Protean\n|-resisted|p2b: Clefairy\n|-damage|p2b: Clefairy|75\/100\n|-enditem|p2b: Clefairy|Eviolite|[from] move: Knock Off|[of] p1b: Meowscarada\n|\n|upkeep\n|turn|6\n|inactive|AerixThorn has 120 seconds left.\n|inactive|Themelmetalguy has 120 seconds left.\n|\n|t:|1696516575\n|move|p1a: Vivillon|Hurricane|p2b: Clefairy\n|-damage|p2b: Clefairy|0 fnt\n|faint|p2b: Clefairy\n|move|p2a: Porygon-Z|Tri Attack|p1b: Meowscarada\n|-damage|p1b: Meowscarada|0 fnt\n|faint|p1b: Meowscarada\n|\n|upkeep\n|\n|t:|1696516582\n|switch|p1b: Quaquaval|Quaquaval, F|100\/100\n|switch|p2b: Blissey|Blissey, F|100\/100\n|turn|7\n|\n|t:|1696516594\n|move|p2b: Blissey|Ally Switch|p2b: Blissey\n|swap|p2b: Blissey|0|[from] move: Ally Switch\n|move|p1a: Vivillon|Sleep Powder|p2b: Porygon-Z\n|-status|p2b: Porygon-Z|slp|[from] move: Sleep Powder\n|cant|p2b: Porygon-Z|slp\n|move|p1b: Quaquaval|Substitute|p1b: Quaquaval\n|-start|p1b: Quaquaval|Substitute\n|-damage|p1b: Quaquaval|76\/100\n|\n|-heal|p1b: Quaquaval|82\/100|[from] item: Leftovers\n|upkeep\n|turn|8\n|\n|t:|1696516617\n|move|p1a: Vivillon|Hurricane|p2b: Porygon-Z\n|-damage|p2b: Porygon-Z|0 fnt\n|faint|p2b: Porygon-Z\n|move|p1b: Quaquaval|Aqua Step|p2a: Blissey\n|-damage|p2a: Blissey|48\/100\n|-boost|p1b: Quaquaval|spe|1\n|move|p2a: Blissey|Psych Up|p2: Porygon-Z|[notarget]\n|-fail|p2a: Blissey\n|\n|-heal|p1b: Quaquaval|88\/100|[from] item: Leftovers\n|-heal|p2a: Blissey|54\/100|[from] item: Leftovers\n|upkeep\n|\n|t:|1696516621\n|switch|p2b: Cresselia|Cresselia, F|100\/100\n|turn|9\n|\n|t:|1696516639\n|move|p1a: Vivillon|Sleep Powder|p2b: Cresselia\n|-status|p2b: Cresselia|slp|[from] move: Sleep Powder\n|move|p1b: Quaquaval|Brick Break|p2a: Blissey\n|-supereffective|p2a: Blissey\n|-damage|p2a: Blissey|0 fnt\n|faint|p2a: Blissey\n|-ability|p1b: Quaquaval|Moxie|boost\n|-boost|p1b: Quaquaval|atk|1\n|cant|p2b: Cresselia|slp\n|\n|-heal|p1b: Quaquaval|94\/100|[from] item: Leftovers\n|upkeep\n|\n|t:|1696516642\n|switch|p2a: Cresselia|Cresselia, F|100\/100\n|turn|10\n|\n|t:|1696516665\n|move|p1a: Vivillon|Hurricane|p2b: Cresselia\n|-damage|p2b: Cresselia|0 fnt\n|replace|p2b: Zoroark|Zoroark-Hisui, M\n|-end|p2b: Zoroark|Illusion\n|faint|p2b: Zoroark\n|move|p1b: Quaquaval|Aqua Step|p2a: Cresselia\n|-damage|p2a: Cresselia|62\/100\n|-boost|p1b: Quaquaval|spe|1\n|move|p2a: Cresselia|Calm Mind|p2a: Cresselia\n|-boost|p2a: Cresselia|spa|1\n|-boost|p2a: Cresselia|spd|1\n|\n|-heal|p1b: Quaquaval|99\/100|[from] item: Leftovers\n|upkeep\n|turn|11\n|inactive|Themelmetalguy has 120 seconds left.\n|\n|t:|1696516704\n|move|p1b: Quaquaval|Swords Dance|p1b: Quaquaval\n|-boost|p1b: Quaquaval|atk|2\n|move|p1a: Vivillon|Sleep Powder|p2a: Cresselia\n|-status|p2a: Cresselia|slp|[from] move: Sleep Powder\n|cant|p2a: Cresselia|slp\n|\n|-heal|p1b: Quaquaval|100\/100|[from] item: Leftovers\n|upkeep\n|turn|12\n|-message|Themelmetalguy forfeited.\n|\n|win|AerixThorn\n|raw|AerixThorn's rating: 1050 &rarr; <strong>1086<\/strong><br \/>(+36 for winning)\n|raw|Themelmetalguy's rating: 1086 &rarr; <strong>1061<\/strong><br \/>(-25 for losing)\n|l|\u2606Themelmetalguy\n","uploadtime":1696516956,"views":8,"p1id":"aerixthorn","p2id":"themelmetalguy","formatid":"gen9nationaldexdoubles","rating":1061,"private":0,"password":""}