{"id":"gen9nationaldexdoubles-1957190789","p1":"Anna Lisa Melculo","p2":"Lexxuus2","format":"[Gen 9] National Dex Doubles","log":"|j|\u2606Anna Lisa Melculo\n|j|\u2606Lexxuus2\n|t:|1696194163\n|gametype|doubles\n|player|p1|Anna Lisa Melculo|cyclist|\n|player|p2|Lexxuus2|veteran|\n|teamsize|p1|6\n|teamsize|p2|6\n|gen|9\n|tier|[Gen 9] National Dex Doubles\n|rule|HP Percentage Mod: HP is shown in percentages\n|rule|Endless Battle Clause: Forcing endless battles is banned\n|rule|OHKO Clause: OHKO moves are banned\n|rule|Evasion Moves Clause: Evasion moves are banned\n|rule|Evasion Abilities Clause: Evasion abilities are banned\n|rule|Species Clause: Limit one of each Pok\u00e9mon\n|rule|Gravity Sleep Clause: The combination of sleep-inducing moves with imperfect accuracy and Gravity or Gigantamax Orbeetle are banned\n|clearpoke\n|poke|p1|Torkoal, M|\n|poke|p1|Flutter Mane|\n|poke|p1|Walking Wake|\n|poke|p1|Volcanion|\n|poke|p1|Chien-Pao|\n|poke|p1|Kingambit, M|\n|poke|p2|Dragonite, F|\n|poke|p2|Chien-Pao|\n|poke|p2|Heatran, F|\n|poke|p2|Urshifu-*, F|\n|poke|p2|Amoonguss, F|\n|poke|p2|Iron Hands|\n|teampreview\n|inactive|Battle timer is ON: inactive players will automatically lose when time's up. (requested by Lexxuus2)\n|c|\u2606Anna Lisa Melculo|casi mandaba en nat dex monotype XD\n|c|\u2606Anna Lisa Melculo|suerte culogrueso\n|inactive|Anna Lisa Melculo has 270 seconds left.\n|inactive|Lexxuus2 has 270 seconds left.\n|\n|t:|1696194196\n|start\n|switch|p1a: Pana Zulia|Torkoal, M|100\/100\n|switch|p1b: PeloeQk|Flutter Mane|100\/100\n|switch|p2a: My Diosa\ud83e\udd75\ud83d\ude4f|Dragonite, F|100\/100\n|switch|p2b: No Tera Grass\ud83d\udeab\ud83c\udf3f|Heatran, F|100\/100\n|-weather|SunnyDay|[from] ability: Drought|[of] p1a: Pana Zulia\n|-activate|p1b: PeloeQk|ability: Protosynthesis\n|-start|p1b: PeloeQk|protosynthesisspe\n|turn|1\n|j| 445-Garchomp\n|j| Znyl\n|j| LezaXYZ\n|j| ELFRAN132\n|\n|t:|1696194212\n|-end|p1b: PeloeQk|Protosynthesis|[silent]\n|switch|p1b: Volcanion|Volcanion|100\/100\n|-terastallize|p2a: My Diosa\ud83e\udd75\ud83d\ude4f|Normal\n|move|p2a: My Diosa\ud83e\udd75\ud83d\ude4f|Extreme Speed|p1a: Pana Zulia\n|-damage|p1a: Pana Zulia|55\/100\n|move|p2b: No Tera Grass\ud83d\udeab\ud83c\udf3f|Flash Cannon|p1b: Volcanion\n|-resisted|p1b: Volcanion\n|-damage|p1b: Volcanion|90\/100\n|-damage|p2b: No Tera Grass\ud83d\udeab\ud83c\udf3f|91\/100|[from] item: Life Orb\n|move|p1a: Pana Zulia|Stealth Rock|p2a: My Diosa\ud83e\udd75\ud83d\ude4f\n|-sidestart|p2: Lexxuus2|move: Stealth Rock\n|\n|-weather|SunnyDay|[upkeep]\n|-heal|p1b: Volcanion|96\/100|[from] item: Leftovers\n|upkeep\n|turn|2\n|c| 445-Garchomp|una loba en el armario\n|c| 445-Garchomp|tiene ganas de salir (auuuu)\n|c|\u2606Anna Lisa Melculo|deja que se coma al barrio antes de irse a dormir\n|c|\u2606Anna Lisa Melculo|* gmidos *\n|c| ELFRAN132|pero si viste que hacia trampas rocas por que no focus?\n|\n|t:|1696194238\n|move|p2b: No Tera Grass\ud83d\udeab\ud83c\udf3f|Protect|p2b: No Tera Grass\ud83d\udeab\ud83c\udf3f\n|-singleturn|p2b: No Tera Grass\ud83d\udeab\ud83c\udf3f|Protect\n|move|p2a: My Diosa\ud83e\udd75\ud83d\ude4f|Extreme Speed|p1b: Volcanion\n|-damage|p1b: Volcanion|41\/100\n|move|p1b: Volcanion|Scorching Sands|p2b: No Tera Grass\ud83d\udeab\ud83c\udf3f\n|-activate|p2b: No Tera Grass\ud83d\udeab\ud83c\udf3f|move: Protect\n|move|p1a: Pana Zulia|Lava Plume|p2a: My Diosa\ud83e\udd75\ud83d\ude4f|[spread] p1b,p2a\n|-activate|p2b: No Tera Grass\ud83d\udeab\ud83c\udf3f|move: Protect\n|-resisted|p1b: Volcanion\n|-damage|p1b: Volcanion|36\/100\n|-damage|p2a: My Diosa\ud83e\udd75\ud83d\ude4f|76\/100\n|-status|p2a: My Diosa\ud83e\udd75\ud83d\ude4f|brn\n|\n|-weather|SunnyDay|[upkeep]\n|-heal|p1b: Volcanion|42\/100|[from] item: Leftovers\n|-damage|p2a: My Diosa\ud83e\udd75\ud83d\ude4f|70\/100 brn|[from] brn\n|upkeep\n|turn|3\n|c| ELFRAN132|nooo\n|c| ELFRAN132|XDjajaja\n|c| 445-Garchomp|noooooooooo\n|c|\u2606Anna Lisa Melculo|perfect\n|c| Znyl|Los HAX!\n|c| LezaXYZ|Todo esta en contra del pobre lexxus\n|c| LezaXYZ|xd\n|inactive|Anna Lisa Melculo has 270 seconds left.\n|c| ELFRAN132|banealo otto\n|\n|t:|1696194270\n|switch|p2b: Nomebaneen\ud83e\udd7a|Urshifu-Rapid-Strike, F|100\/100\n|-damage|p2b: Nomebaneen\ud83e\udd7a|94\/100|[from] Stealth Rock\n|switch|p1a: Agua Potable|Walking Wake|100\/100\n|-activate|p1a: Agua Potable|ability: Protosynthesis\n|-start|p1a: Agua Potable|protosynthesisspe\n|move|p2a: My Diosa\ud83e\udd75\ud83d\ude4f|Extreme Speed|p1b: Volcanion\n|-damage|p1b: Volcanion|19\/100\n|move|p1b: Volcanion|Scorching Sands|p2b: Nomebaneen\ud83e\udd7a\n|-damage|p2b: Nomebaneen\ud83e\udd7a|65\/100\n|\n|-weather|SunnyDay|[upkeep]\n|-heal|p1b: Volcanion|25\/100|[from] item: Leftovers\n|-damage|p2a: My Diosa\ud83e\udd75\ud83d\ude4f|64\/100 brn|[from] brn\n|upkeep\n|turn|4\n|c|\u2606Lexxuus2|Me cago en todo\n|l| 445-Garchomp\n|inactive|Anna Lisa Melculo has 270 seconds left.\n|\n|t:|1696194297\n|move|p1b: Volcanion|Protect|p1b: Volcanion\n|-singleturn|p1b: Volcanion|Protect\n|move|p2a: My Diosa\ud83e\udd75\ud83d\ude4f|Extreme Speed|p1b: Volcanion\n|-activate|p1b: Volcanion|move: Protect\n|move|p1a: Agua Potable|Hydro Steam|p2a: My Diosa\ud83e\udd75\ud83d\ude4f\n|-damage|p2a: My Diosa\ud83e\udd75\ud83d\ude4f|0 fnt\n|faint|p2a: My Diosa\ud83e\udd75\ud83d\ude4f\n|move|p2b: Nomebaneen\ud83e\udd7a|U-turn|p1a: Agua Potable\n|-damage|p1a: Agua Potable|75\/100\n|\n|t:|1696194312\n|switch|p2b: Pajasmanos\ud83e\udd11\ud83d\udd25|Iron Hands|100\/100|[from] U-turn\n|-damage|p2b: Pajasmanos\ud83e\udd11\ud83d\udd25|94\/100|[from] Stealth Rock\n|\n|-weather|SunnyDay|[upkeep]\n|-heal|p1b: Volcanion|31\/100|[from] item: Leftovers\n|upkeep\n|\n|t:|1696194322\n|switch|p2a: Manolo\ud83e\uddd0\ud83c\udf77|Amoonguss, F|100\/100\n|-damage|p2a: Manolo\ud83e\uddd0\ud83c\udf77|88\/100|[from] Stealth Rock\n|turn|5\n|\n|t:|1696194332\n|-end|p1a: Agua Potable|Protosynthesis|[silent]\n|switch|p1a: Pana Zulia|Torkoal, M|55\/100\n|move|p2b: Pajasmanos\ud83e\udd11\ud83d\udd25|Fake Out|p1a: Pana Zulia\n|-damage|p1a: Pana Zulia|44\/100\n|move|p1b: Volcanion|Heat Wave|p2b: Pajasmanos\ud83e\udd11\ud83d\udd25|[spread] p2a,p2b\n|-supereffective|p2a: Manolo\ud83e\uddd0\ud83c\udf77\n|-damage|p2a: Manolo\ud83e\uddd0\ud83c\udf77|11\/100\n|-damage|p2b: Pajasmanos\ud83e\udd11\ud83d\udd25|67\/100\n|-enditem|p2a: Manolo\ud83e\uddd0\ud83c\udf77|Sitrus Berry|[eat]\n|-heal|p2a: Manolo\ud83e\uddd0\ud83c\udf77|36\/100|[from] item: Sitrus Berry\n|move|p2a: Manolo\ud83e\uddd0\ud83c\udf77|Spore|p1a: Pana Zulia\n|-status|p1a: Pana Zulia|slp|[from] move: Spore\n|\n|-weather|none\n|-heal|p1b: Volcanion|37\/100|[from] item: Leftovers\n|upkeep\n|turn|6\n|c|\u2606Anna Lisa Melculo|me va a dormir causa\n|c| ELFRAN132|y no al volcanion?\n|\n|t:|1696194359\n|switch|p1a: Cheems-Pao|Chien-Pao|100\/100\n|-ability|p1a: Cheems-Pao|Sword of Ruin\n|move|p2a: Manolo\ud83e\uddd0\ud83c\udf77|Protect|p2a: Manolo\ud83e\uddd0\ud83c\udf77\n|-singleturn|p2a: Manolo\ud83e\uddd0\ud83c\udf77|Protect\n|move|p1b: Volcanion|Heat Wave|p2b: Pajasmanos\ud83e\udd11\ud83d\udd25|[spread] p2b\n|-activate|p2a: Manolo\ud83e\uddd0\ud83c\udf77|move: Protect\n|-damage|p2b: Pajasmanos\ud83e\udd11\ud83d\udd25|52\/100\n|move|p2b: Pajasmanos\ud83e\udd11\ud83d\udd25|Drain Punch|p1b: Volcanion\n|-damage|p1b: Volcanion|0 fnt\n|-heal|p2b: Pajasmanos\ud83e\udd11\ud83d\udd25|67\/100|[from] drain|[of] p1b: Volcanion\n|faint|p1b: Volcanion\n|\n|upkeep\n|inactive|Anna Lisa Melculo has 270 seconds left.\n|\n|t:|1696194384\n|switch|p1b: PeloeQk|Flutter Mane|100\/100\n|turn|7\n|\n|t:|1696194398\n|move|p2a: Manolo\ud83e\uddd0\ud83c\udf77|Rage Powder|p2a: Manolo\ud83e\uddd0\ud83c\udf77\n|-singleturn|p2a: Manolo\ud83e\uddd0\ud83c\udf77|move: Rage Powder\n|move|p1a: Cheems-Pao|Ice Spinner|p2a: Manolo\ud83e\uddd0\ud83c\udf77\n|-supereffective|p2a: Manolo\ud83e\uddd0\ud83c\udf77\n|-damage|p2a: Manolo\ud83e\uddd0\ud83c\udf77|0 fnt\n|faint|p2a: Manolo\ud83e\uddd0\ud83c\udf77\n|move|p1b: PeloeQk|Dazzling Gleam|p2b: Pajasmanos\ud83e\udd11\ud83d\udd25\n|-supereffective|p2b: Pajasmanos\ud83e\udd11\ud83d\udd25\n|-damage|p2b: Pajasmanos\ud83e\udd11\ud83d\udd25|7\/100\n|-damage|p1b: PeloeQk|90\/100|[from] item: Life Orb\n|move|p2b: Pajasmanos\ud83e\udd11\ud83d\udd25|Wild Charge|p1b: PeloeQk\n|-damage|p1b: PeloeQk|0 fnt\n|faint|p1b: PeloeQk\n|-end|p1b: PeloeQk|Protosynthesis|[silent]\n|-damage|p2b: Pajasmanos\ud83e\udd11\ud83d\udd25|0 fnt|[from] Recoil\n|faint|p2b: Pajasmanos\ud83e\udd11\ud83d\udd25\n|-end|p2b: Pajasmanos\ud83e\udd11\ud83d\udd25|Quark Drive|[silent]\n|\n|upkeep\n|\n|t:|1696194423\n|switch|p1b: Agua Potable|Walking Wake|75\/100\n|switch|p2b: Nomebaneen\ud83e\udd7a|Urshifu-Rapid-Strike, F|65\/100\n|switch|p2a: No Tera Grass\ud83d\udeab\ud83c\udf3f|Heatran, F|91\/100\n|-damage|p2b: Nomebaneen\ud83e\udd7a|59\/100|[from] Stealth Rock\n|-damage|p2a: No Tera Grass\ud83d\udeab\ud83c\udf3f|78\/100|[from] Stealth Rock\n|turn|8\n|inactive|Anna Lisa Melculo has 270 seconds left.\n|inactive|Lexxuus2 has 270 seconds left.\n|\n|t:|1696194459\n|move|p2a: No Tera Grass\ud83d\udeab\ud83c\udf3f|Protect|p2a: No Tera Grass\ud83d\udeab\ud83c\udf3f\n|-singleturn|p2a: No Tera Grass\ud83d\udeab\ud83c\udf3f|Protect\n|move|p1a: Cheems-Pao|Sucker Punch|p2b: Nomebaneen\ud83e\udd7a\n|-resisted|p2b: Nomebaneen\ud83e\udd7a\n|-damage|p2b: Nomebaneen\ud83e\udd7a|35\/100\n|move|p2b: Nomebaneen\ud83e\udd7a|Close Combat|p1b: Agua Potable\n|-damage|p1b: Agua Potable|0 fnt\n|-unboost|p2b: Nomebaneen\ud83e\udd7a|def|1\n|-unboost|p2b: Nomebaneen\ud83e\udd7a|spd|1\n|faint|p1b: Agua Potable\n|-end|p1b: Agua Potable|Protosynthesis|[silent]\n|\n|upkeep\n|inactive|Anna Lisa Melculo has 270 seconds left.\n|\n|t:|1696194473\n|switch|p1b: Kingambit|Kingambit, M|100\/100\n|-activate|p1b: Kingambit|ability: Supreme Overlord\n|-start|p1b: Kingambit|fallen3|[silent]\n|turn|9\n|c| ELFRAN132|ojo\n|\n|t:|1696194490\n|-terastallize|p1b: Kingambit|Fairy\n|move|p1b: Kingambit|Sucker Punch|p2b: Nomebaneen\ud83e\udd7a\n|-resisted|p2b: Nomebaneen\ud83e\udd7a\n|-damage|p2b: Nomebaneen\ud83e\udd7a|0 fnt\n|faint|p2b: Nomebaneen\ud83e\udd7a\n|move|p1a: Cheems-Pao|Sacred Sword|p2a: No Tera Grass\ud83d\udeab\ud83c\udf3f\n|-supereffective|p2a: No Tera Grass\ud83d\udeab\ud83c\udf3f\n|-damage|p2a: No Tera Grass\ud83d\udeab\ud83c\udf3f|9\/100\n|move|p2a: No Tera Grass\ud83d\udeab\ud83c\udf3f|Heat Wave|p1a: Cheems-Pao|[spread] p1a,p1b\n|-supereffective|p1a: Cheems-Pao\n|-enditem|p1a: Cheems-Pao|Focus Sash\n|-damage|p1a: Cheems-Pao|1\/100\n|-damage|p1b: Kingambit|70\/100\n|-damage|p2a: No Tera Grass\ud83d\udeab\ud83c\udf3f|0 fnt|[from] item: Life Orb\n|faint|p2a: No Tera Grass\ud83d\udeab\ud83c\udf3f\n|\n|upkeep\n|\n|t:|1696194502\n|switch|p2b: Cheempao\ud83e\uddd0\ud83e\udd7a|Chien-Pao|100\/100\n|-damage|p2b: Cheempao\ud83e\uddd0\ud83e\udd7a|76\/100|[from] Stealth Rock\n|-ability|p2b: Cheempao\ud83e\uddd0\ud83e\udd7a|Sword of Ruin\n|turn|10\n|c| LezaXYZ|solo contra el mundo\n|c|\u2606Lexxuus2|Gg\n|\n|t:|1696194517\n|move|p2b: Cheempao\ud83e\uddd0\ud83e\udd7a|Protect|p2b: Cheempao\ud83e\uddd0\ud83e\udd7a\n|-singleturn|p2b: Cheempao\ud83e\uddd0\ud83e\udd7a|Protect\n|move|p1a: Cheems-Pao|Sucker Punch||[still]\n|-fail|p1a: Cheems-Pao\n|move|p1b: Kingambit|Tera Blast|p2b: Cheempao\ud83e\uddd0\ud83e\udd7a|[anim] Tera Blast Fairy\n|-activate|p2b: Cheempao\ud83e\uddd0\ud83e\udd7a|move: Protect\n|\n|upkeep\n|turn|11\n|c|\u2606Anna Lisa Melculo|gg\n|c|\u2606Anna Lisa Melculo|este mamon\n|\n|t:|1696194529\n|move|p1a: Cheems-Pao|Sucker Punch|p2b: Cheempao\ud83e\uddd0\ud83e\udd7a\n|-resisted|p2b: Cheempao\ud83e\uddd0\ud83e\udd7a\n|-damage|p2b: Cheempao\ud83e\uddd0\ud83e\udd7a|51\/100\n|move|p2b: Cheempao\ud83e\uddd0\ud83e\udd7a|Sucker Punch||[still]\n|-fail|p2b: Cheempao\ud83e\uddd0\ud83e\udd7a\n|move|p1b: Kingambit|Tera Blast|p2b: Cheempao\ud83e\uddd0\ud83e\udd7a|[anim] Tera Blast Fairy\n|-supereffective|p2b: Cheempao\ud83e\uddd0\ud83e\udd7a\n|-damage|p2b: Cheempao\ud83e\uddd0\ud83e\udd7a|0 fnt\n|faint|p2b: Cheempao\ud83e\uddd0\ud83e\udd7a\n|\n|win|Anna Lisa Melculo\n|c| LezaXYZ|xdddd\n|c| ELFRAN132|y lo peor es que la podia remontar\n|c| ELFRAN132|XD\n|c|\u2606Anna Lisa Melculo|sep xd\n|l|\u2606Anna Lisa Melculo\n|c| ELFRAN132|ya que el torkual estaba dormido\n","uploadtime":1696194540,"views":8,"p1id":"annalisamelculo","p2id":"lexxuus2","formatid":"gen9nationaldexdoubles","rating":0,"private":0,"password":""}