{"id":"gen9nationaldexdoubles-1978785049","p1":"bitxozero","p2":"TlolJuan","format":"[Gen 9] National Dex Doubles","log":"|j|\u2606bitxozero\n|j|\u2606TlolJuan\n|t:|1698594881\n|gametype|doubles\n|player|p1|bitxozero|youngster-gen4dp|\n|player|p2|TlolJuan|hilbert-masters|\n|teamsize|p1|6\n|teamsize|p2|6\n|gen|9\n|tier|[Gen 9] National Dex Doubles\n|rule|HP Percentage Mod: HP is shown in percentages\n|rule|Endless Battle Clause: Forcing endless battles is banned\n|rule|OHKO Clause: OHKO moves are banned\n|rule|Evasion Moves Clause: Evasion moves are banned\n|rule|Evasion Abilities Clause: Evasion abilities are banned\n|rule|Species Clause: Limit one of each Pok\u00e9mon\n|rule|Gravity Sleep Clause: The combination of sleep-inducing moves with imperfect accuracy and Gravity or Gigantamax Orbeetle are banned\n|clearpoke\n|poke|p1|Cinderace, F|\n|poke|p1|Blastoise, F|\n|poke|p1|Starmie|\n|poke|p1|Kingambit, M|\n|poke|p1|Rillaboom, M|\n|poke|p1|Slurpuff, M|\n|poke|p2|Garganacl, F|\n|poke|p2|Empoleon, M|\n|poke|p2|Drifblim, M|\n|poke|p2|Rillaboom, F|\n|poke|p2|Hydreigon, M|\n|poke|p2|Cinderace, M|\n|teampreview\n|c|\u2606bitxozero|va suerte\n|inactive|Battle timer is ON: inactive players will automatically lose when time's up. (requested by bitxozero)\n|\n|t:|1698594930\n|start\n|switch|p1a: Rita|Blastoise, F|100\/100\n|switch|p1b: Se Iluminaba|Starmie|100\/100\n|switch|p2a: Rillaboom|Rillaboom, F|100\/100\n|switch|p2b: Hydreigon|Hydreigon, M|100\/100\n|-fieldstart|move: Grassy Terrain|[from] ability: Grassy Surge|[of] p2a: Rillaboom\n|turn|1\n|inactive|TlolJuan has 270 seconds left.\n|\n|t:|1698594962\n|move|p1a: Rita|Fake Out|p2a: Rillaboom\n|-damage|p2a: Rillaboom|93\/100\n|cant|p2a: Rillaboom|flinch\n|move|p1b: Se Iluminaba|Dazzling Gleam|p2b: Hydreigon|[spread] p2a,p2b\n|-supereffective|p2b: Hydreigon\n|-damage|p2a: Rillaboom|75\/100\n|-damage|p2b: Hydreigon|32\/100\n|move|p2b: Hydreigon|Dark Pulse|p1b: Se Iluminaba\n|-supereffective|p1b: Se Iluminaba\n|-crit|p1b: Se Iluminaba\n|-damage|p1b: Se Iluminaba|0 fnt\n|faint|p1b: Se Iluminaba\n|\n|-heal|p2a: Rillaboom|81\/100|[from] Grassy Terrain\n|upkeep\n|inactive|bitxozero has 270 seconds left.\n|\n|t:|1698594987\n|switch|p1b: Jenni Hermoso|Cinderace, F|100\/100\n|turn|2\n|inactive|bitxozero has 270 seconds left.\n|\n|t:|1698595010\n|move|p1a: Rita|Protect|p1a: Rita\n|-singleturn|p1a: Rita|Protect\n|move|p2a: Rillaboom|Grassy Glide|p1a: Rita\n|-activate|p1a: Rita|move: Protect\n|move|p1b: Jenni Hermoso|Iron Head|p2b: Hydreigon\n|-start|p1b: Jenni Hermoso|typechange|Steel|[from] ability: Libero\n|-damage|p2b: Hydreigon|0 fnt\n|faint|p2b: Hydreigon\n|-damage|p1b: Jenni Hermoso|91\/100|[from] item: Life Orb\n|\n|-heal|p1b: Jenni Hermoso|97\/100|[from] Grassy Terrain\n|-heal|p2a: Rillaboom|88\/100|[from] Grassy Terrain\n|upkeep\n|\n|t:|1698595018\n|switch|p2b: Drifblim|Drifblim, M|100\/100\n|turn|3\n|\n|t:|1698595042\n|switch|p1a: 1.e4 e5 2.f4!!|Kingambit, M|100\/100\n|move|p1b: Jenni Hermoso|Pyro Ball|p2a: Rillaboom\n|-supereffective|p2a: Rillaboom\n|-crit|p2a: Rillaboom\n|-damage|p2a: Rillaboom|0 fnt\n|faint|p2a: Rillaboom\n|-damage|p1b: Jenni Hermoso|87\/100|[from] item: Life Orb\n|move|p2b: Drifblim|Tailwind|p2b: Drifblim\n|-sidestart|p2: TlolJuan|move: Tailwind\n|\n|-heal|p1b: Jenni Hermoso|93\/100|[from] Grassy Terrain\n|upkeep\n|\n|t:|1698595050\n|switch|p2a: Cinderace|Cinderace, M|100\/100\n|turn|4\n|\n|t:|1698595080\n|switch|p1b: Rita|Blastoise, F|100\/100\n|move|p1a: 1.e4 e5 2.f4!!|Protect|p1a: 1.e4 e5 2.f4!!\n|-singleturn|p1a: 1.e4 e5 2.f4!!|Protect\n|move|p2a: Cinderace|Pyro Ball|p1b: Rita\n|-resisted|p1b: Rita\n|-damage|p1b: Rita|68\/100\n|move|p2b: Drifblim|Thunder Wave|p1b: Rita\n|-status|p1b: Rita|par\n|\n|-heal|p1b: Rita|74\/100 par|[from] Grassy Terrain\n|upkeep\n|turn|5\n|\n|t:|1698595100\n|move|p1b: Rita|Fake Out|p2a: Cinderace\n|-damage|p2a: Cinderace|89\/100\n|cant|p2a: Cinderace|flinch\n|move|p2b: Drifblim|Thunder Wave|p1a: 1.e4 e5 2.f4!!\n|-status|p1a: 1.e4 e5 2.f4!!|par\n|move|p1a: 1.e4 e5 2.f4!!|Swords Dance|p1a: 1.e4 e5 2.f4!!\n|-boost|p1a: 1.e4 e5 2.f4!!|atk|2\n|\n|-heal|p2a: Cinderace|95\/100|[from] Grassy Terrain\n|-heal|p1b: Rita|80\/100 par|[from] Grassy Terrain\n|-fieldend|move: Grassy Terrain\n|upkeep\n|turn|6\n|\n|t:|1698595126\n|cant|p1b: Rita|par\n|move|p2a: Cinderace|Pyro Ball|p1a: 1.e4 e5 2.f4!!\n|-supereffective|p1a: 1.e4 e5 2.f4!!\n|-damage|p1a: 1.e4 e5 2.f4!!|0 fnt\n|faint|p1a: 1.e4 e5 2.f4!!\n|move|p2b: Drifblim|Strength Sap|p1b: Rita\n|-unboost|p1b: Rita|atk|1\n|\n|-sideend|p2: TlolJuan|move: Tailwind\n|upkeep\n|\n|t:|1698595141\n|switch|p1a: Pablo|Rillaboom, M|100\/100\n|-fieldstart|move: Grassy Terrain|[from] ability: Grassy Surge|[of] p1a: Pablo\n|turn|7\n|\n|t:|1698595151\n|cant|p1b: Rita|par\n|move|p2a: Cinderace|Pyro Ball|p1a: Pablo\n|-supereffective|p1a: Pablo\n|-damage|p1a: Pablo|0 fnt\n|faint|p1a: Pablo\n|move|p2b: Drifblim|Tailwind|p2b: Drifblim\n|-sidestart|p2: TlolJuan|move: Tailwind\n|\n|-heal|p2a: Cinderace|100\/100|[from] Grassy Terrain\n|-heal|p1b: Rita|86\/100 par|[from] Grassy Terrain\n|upkeep\n|\n|t:|1698595170\n|switch|p1a: Jenni Hermoso|Cinderace, F|93\/100\n|turn|8\n|\n|t:|1698595181\n|switch|p2a: Empoleon|Empoleon, M|100\/100\n|cant|p1b: Rita|par\n|move|p2b: Drifblim|Thunder Wave|p1a: Jenni Hermoso\n|-status|p1a: Jenni Hermoso|par\n|move|p1a: Jenni Hermoso|Pyro Ball|p2b: Drifblim\n|-damage|p2b: Drifblim|29\/100\n|-damage|p1a: Jenni Hermoso|83\/100 par|[from] item: Life Orb\n|\n|-heal|p1a: Jenni Hermoso|89\/100 par|[from] Grassy Terrain\n|-heal|p1b: Rita|92\/100 par|[from] Grassy Terrain\n|upkeep\n|turn|9\n|\n|t:|1698595208\n|move|p1b: Rita|Follow Me|p1b: Rita\n|-singleturn|p1b: Rita|move: Follow Me\n|move|p2b: Drifblim|Strength Sap|p1b: Rita\n|-unboost|p1b: Rita|atk|1\n|-heal|p2b: Drifblim|53\/100\n|move|p2a: Empoleon|Scald|p1b: Rita\n|-resisted|p1b: Rita\n|-damage|p1b: Rita|76\/100 par\n|move|p1a: Jenni Hermoso|Pyro Ball|p2b: Drifblim\n|-damage|p2b: Drifblim|0 fnt\n|faint|p2b: Drifblim\n|-damage|p1a: Jenni Hermoso|79\/100 par|[from] item: Life Orb\n|\n|-heal|p1a: Jenni Hermoso|85\/100 par|[from] Grassy Terrain\n|-heal|p1b: Rita|82\/100 par|[from] Grassy Terrain\n|upkeep\n|inactive|TlolJuan has 270 seconds left.\n|\n|t:|1698595219\n|switch|p2b: Garganacl|Garganacl, F|100\/100\n|turn|10\n|\n|t:|1698595235\n|move|p2a: Empoleon|Grass Knot|p1b: Rita\n|-supereffective|p1b: Rita\n|-damage|p1b: Rita|21\/100 par\n|move|p2b: Garganacl|Salt Cure|p1a: Jenni Hermoso\n|-supereffective|p1a: Jenni Hermoso\n|-damage|p1a: Jenni Hermoso|37\/100 par\n|-start|p1a: Jenni Hermoso|Salt Cure\n|move|p1a: Jenni Hermoso|High Jump Kick|p2a: Empoleon|[miss]\n|-start|p1a: Jenni Hermoso|typechange|Fighting|[from] ability: Libero\n|-miss|p1a: Jenni Hermoso|p2a: Empoleon\n|-damage|p1a: Jenni Hermoso|0 fnt|[from] highjumpkick\n|faint|p1a: Jenni Hermoso\n|cant|p1b: Rita|par\n|\n|-heal|p1b: Rita|27\/100 par|[from] Grassy Terrain\n|-sideend|p2: TlolJuan|move: Tailwind\n|upkeep\n|\n|t:|1698595251\n|switch|p1a: American Pie|Slurpuff, M|100\/100\n|turn|11\n|\n|t:|1698595264\n|move|p1a: American Pie|Dazzling Gleam|p2b: Garganacl|[spread] p2a,p2b\n|-resisted|p2a: Empoleon\n|-damage|p2a: Empoleon|94\/100\n|-damage|p2b: Garganacl|83\/100\n|move|p2a: Empoleon|Flash Cannon|p1a: American Pie\n|-supereffective|p1a: American Pie\n|-damage|p1a: American Pie|0 fnt\n|faint|p1a: American Pie\n|move|p2b: Garganacl|Salt Cure|p1b: Rita\n|-damage|p1b: Rita|17\/100 par\n|-start|p1b: Rita|Salt Cure\n|cant|p1b: Rita|par\n|\n|-heal|p2a: Empoleon|99\/100|[from] Grassy Terrain\n|-heal|p2b: Garganacl|90\/100|[from] Grassy Terrain\n|-heal|p1b: Rita|23\/100 par|[from] Grassy Terrain\n|-damage|p1b: Rita|0 fnt|[from] Salt Cure\n|faint|p1b: Rita\n|\n|win|TlolJuan\n|upkeep\n","uploadtime":1698595276,"views":19,"p1id":"bitxozero","p2id":"tloljuan","formatid":"gen9nationaldexdoubles","rating":0,"private":0,"password":""}