{"id":"gen9nationaldexdoubles-1959587837","p1":"BugSME","p2":"Chumpette","format":"[Gen 9] National Dex Doubles","log":"|j|\u2606BugSME\n|j|\u2606Chumpette\n|t:|1696439494\n|gametype|doubles\n|player|p1|BugSME|bugcatcher-gen4dp|\n|player|p2|Chumpette|boarder|\n|teamsize|p1|6\n|teamsize|p2|6\n|gen|9\n|tier|[Gen 9] National Dex Doubles\n|rule|HP Percentage Mod: HP is shown in percentages\n|rule|Endless Battle Clause: Forcing endless battles is banned\n|rule|OHKO Clause: OHKO moves are banned\n|rule|Evasion Moves Clause: Evasion moves are banned\n|rule|Evasion Abilities Clause: Evasion abilities are banned\n|rule|Species Clause: Limit one of each Pok\u00e9mon\n|rule|Gravity Sleep Clause: The combination of sleep-inducing moves with imperfect accuracy and Gravity or Gigantamax Orbeetle are banned\n|clearpoke\n|poke|p1|Volcarona, M|\n|poke|p1|Dragapult, F|\n|poke|p1|Tentacruel, M|\n|poke|p1|Aggron, F|\n|poke|p1|Arcanine-Hisui, F|\n|poke|p1|Gyarados, M|\n|poke|p2|Ninetales-Alola, F|\n|poke|p2|Togekiss, F|\n|poke|p2|Vanilluxe, M|\n|poke|p2|Cloyster, F|\n|poke|p2|Jolteon, F|\n|poke|p2|Sandslash-Alola, M|\n|teampreview\n|\n|t:|1696439514\n|start\n|switch|p1a: Volcarona|Volcarona, M|100\/100\n|switch|p1b: Arcanine|Arcanine-Hisui, F|100\/100\n|switch|p2a: Sycophant|Togekiss, F|100\/100\n|switch|p2b: The Messiah|Sandslash-Alola, M|100\/100\n|turn|1\n|\n|t:|1696439548\n|move|p2a: Sycophant|Follow Me|p2a: Sycophant\n|-singleturn|p2a: Sycophant|move: Follow Me\n|move|p1b: Arcanine|Flare Blitz|p2a: Sycophant\n|-damage|p2a: Sycophant|18\/100\n|-damage|p1b: Arcanine|84\/100|[from] item: Rocky Helmet|[of] p2a: Sycophant\n|move|p2b: The Messiah|Swords Dance|p2b: The Messiah\n|-boost|p2b: The Messiah|atk|2\n|move|p1a: Volcarona|Quiver Dance|p1a: Volcarona\n|-boost|p1a: Volcarona|spa|1\n|-boost|p1a: Volcarona|spd|1\n|-boost|p1a: Volcarona|spe|1\n|\n|upkeep\n|turn|2\n|\n|t:|1696439579\n|switch|p2a: Winter|Ninetales-Alola, F|100\/100\n|-weather|Snow|[from] ability: Snow Warning|[of] p2a: Winter\n|move|p2b: The Messiah|Triple Axel|p1a: Volcarona\n|-resisted|p1a: Volcarona\n|-damage|p1a: Volcarona|93\/100\n|-status|p2b: The Messiah|brn|[from] ability: Flame Body|[of] p1a: Volcarona\n|-resisted|p1a: Volcarona\n|-damage|p1a: Volcarona|85\/100\n|-resisted|p1a: Volcarona\n|-damage|p1a: Volcarona|73\/100\n|-hitcount|p1a: Volcarona|3\n|move|p1a: Volcarona|Flamethrower|p2b: The Messiah\n|-supereffective|p2b: The Messiah\n|-crit|p2b: The Messiah\n|-damage|p2b: The Messiah|0 fnt\n|faint|p2b: The Messiah\n|move|p1b: Arcanine|Flare Blitz|p2a: Winter\n|-supereffective|p2a: Winter\n|-damage|p2a: Winter|0 fnt\n|faint|p2a: Winter\n|\n|-weather|Snow|[upkeep]\n|upkeep\n|\n|t:|1696439602\n|switch|p2a: Judas|Cloyster, F|100\/100\n|switch|p2b: MC Hammer|Jolteon, F|100\/100\n|turn|3\n|\n|t:|1696439634\n|move|p2b: MC Hammer|Thunderbolt|p1a: Volcarona\n|-damage|p1a: Volcarona|47\/100\n|move|p1a: Volcarona|Flamethrower|p2a: Judas\n|-damage|p2a: Judas|0 fnt\n|faint|p2a: Judas\n|move|p1b: Arcanine|Flare Blitz|p2b: MC Hammer\n|-damage|p2b: MC Hammer|0 fnt\n|faint|p2b: MC Hammer\n|\n|-weather|Snow|[upkeep]\n|upkeep\n|\n|t:|1696439644\n|switch|p2b: Vanilla Ice|Vanilluxe, M|100\/100\n|switch|p2a: Sycophant|Togekiss, F|18\/100\n|turn|4\n|\n|t:|1696439659\n|move|p1a: Volcarona|Flamethrower|p2b: Vanilla Ice\n|-supereffective|p2b: Vanilla Ice\n|-damage|p2b: Vanilla Ice|16\/100\n|-status|p2b: Vanilla Ice|brn\n|move|p1b: Arcanine|Flare Blitz|p2a: Sycophant\n|-damage|p2a: Sycophant|0 fnt\n|-damage|p1b: Arcanine|67\/100|[from] item: Rocky Helmet|[of] p2a: Sycophant\n|faint|p2a: Sycophant\n|move|p2b: Vanilla Ice|Water Pulse|p1b: Arcanine\n|-supereffective|p1b: Arcanine\n|-damage|p1b: Arcanine|0 fnt\n|faint|p1b: Arcanine\n|\n|-weather|Snow|[upkeep]\n|-damage|p2b: Vanilla Ice|9\/100 brn|[from] brn\n|upkeep\n|\n|t:|1696439673\n|switch|p1b: Aggron|Aggron, F|100\/100\n|turn|5\n|\n|t:|1696439680\n|move|p1a: Volcarona|Roost|p1a: Volcarona\n|-heal|p1a: Volcarona|97\/100\n|-singleturn|p1a: Volcarona|move: Roost\n|move|p2b: Vanilla Ice|Water Pulse|p1b: Aggron\n|-supereffective|p1b: Aggron\n|-damage|p1b: Aggron|62\/100\n|move|p1b: Aggron|Heavy Slam|p2b: Vanilla Ice\n|-supereffective|p2b: Vanilla Ice\n|-damage|p2b: Vanilla Ice|0 fnt\n|faint|p2b: Vanilla Ice\n|\n|win|BugSME\n|l|\u2606BugSME\n","uploadtime":1696439703,"views":16,"p1id":"bugsme","p2id":"chumpette","formatid":"gen9nationaldexdoubles","rating":0,"private":0,"password":""}