{"id":"gen9nationaldexdoubles-1996623408","p1":"UUbers Vesp","p2":"studios_galaxy","format":"[Gen 9] National Dex Doubles","log":"|j|\u2606UUbers Vesp\n|j|\u2606studios_galaxy\n|t:|1700701877\n|gametype|doubles\n|player|p1|UUbers Vesp|juggler|1101\n|player|p2|studios_galaxy|hilda|1013\n|teamsize|p1|6\n|teamsize|p2|6\n|gen|9\n|tier|[Gen 9] National Dex Doubles\n|rated|\n|rule|HP Percentage Mod: HP is shown in percentages\n|rule|Endless Battle Clause: Forcing endless battles is banned\n|rule|OHKO Clause: OHKO moves are banned\n|rule|Evasion Moves Clause: Evasion moves are banned\n|rule|Evasion Abilities Clause: Evasion abilities are banned\n|rule|Species Clause: Limit one of each Pok\u00e9mon\n|rule|Gravity Sleep Clause: The combination of sleep-inducing moves with imperfect accuracy and Gravity or Gigantamax Orbeetle are banned\n|clearpoke\n|poke|p1|Salamence, F|\n|poke|p1|Ursaluna, F|\n|poke|p1|Incineroar, F|\n|poke|p1|Cresselia, F|\n|poke|p1|Gholdengo|\n|poke|p1|Urshifu-*, F|\n|poke|p2|Venusaur, M|\n|poke|p2|Swampert, M|\n|poke|p2|Incineroar, M|\n|poke|p2|Jolteon, F|\n|poke|p2|Blaziken, M|\n|poke|p2|Amoonguss, M|\n|teampreview\n|\n|t:|1700701913\n|start\n|switch|p1a: Ursaluna|Ursaluna, F|100\/100\n|switch|p1b: Salamence|Salamence, F|100\/100\n|switch|p2a: Swampert|Swampert, M|100\/100\n|switch|p2b: Incineroar|Incineroar, M|100\/100\n|-ability|p1b: Salamence|Intimidate|boost\n|-unboost|p2a: Swampert|atk|1\n|-unboost|p2b: Incineroar|atk|1\n|turn|1\n|\n|t:|1700701937\n|move|p1b: Salamence|Protect|p1b: Salamence\n|-singleturn|p1b: Salamence|Protect\n|move|p1a: Ursaluna|Protect|p1a: Ursaluna\n|-singleturn|p1a: Ursaluna|Protect\n|move|p2b: Incineroar|Cross Chop|p1a: Ursaluna\n|-activate|p1a: Ursaluna|move: Protect\n|move|p2a: Swampert|Blizzard|p1b: Salamence|[spread] \n|-activate|p1a: Ursaluna|move: Protect\n|-activate|p1b: Salamence|move: Protect\n|\n|-status|p1a: Ursaluna|brn|[from] item: Flame Orb\n|upkeep\n|turn|2\n|\n|t:|1700701956\n|detailschange|p1b: Salamence|Salamence-Mega, F\n|-mega|p1b: Salamence|Salamence|Salamencite\n|move|p1b: Salamence|Tailwind|p1b: Salamence\n|-sidestart|p1: UUbers Vesp|move: Tailwind\n|move|p1a: Ursaluna|Facade|p2a: Swampert\n|-damage|p2a: Swampert|0 fnt\n|faint|p2a: Swampert\n|move|p2b: Incineroar|Cross Chop|p1a: Ursaluna\n|-supereffective|p1a: Ursaluna\n|-damage|p1a: Ursaluna|71\/100 brn\n|\n|-damage|p1a: Ursaluna|65\/100 brn|[from] brn\n|upkeep\n|\n|t:|1700701976\n|switch|p2a: Blaziken|Blaziken, M|100\/100\n|turn|3\n|\n|t:|1700701991\n|-terastallize|p1a: Ursaluna|Ground\n|move|p1b: Salamence|Breaking Swipe|p2b: Incineroar|[spread] p2a,p2b\n|-damage|p2a: Blaziken|75\/100\n|-damage|p2b: Incineroar|76\/100\n|-unboost|p2a: Blaziken|atk|1\n|-unboost|p2b: Incineroar|atk|1\n|move|p1a: Ursaluna|Earthquake|p2a: Blaziken|[spread] p2a,p2b\n|-immune|p1b: Salamence\n|-supereffective|p2a: Blaziken\n|-supereffective|p2b: Incineroar\n|-damage|p2a: Blaziken|0 fnt\n|-damage|p2b: Incineroar|0 fnt\n|faint|p2a: Blaziken\n|faint|p2b: Incineroar\n|\n|-damage|p1a: Ursaluna|59\/100 brn|[from] brn\n|upkeep\n|\n|t:|1700702011\n|switch|p2b: Amoonguss|Amoonguss, M|100\/100\n|switch|p2a: Jolteon|Jolteon, F|100\/100\n|turn|4\n|\n|t:|1700702027\n|move|p1b: Salamence|Breaking Swipe|p2a: Jolteon|[spread] p2a,p2b\n|-damage|p2a: Jolteon|73\/100\n|-damage|p2b: Amoonguss|78\/100\n|-unboost|p2a: Jolteon|atk|1\n|-unboost|p2b: Amoonguss|atk|1\n|move|p1a: Ursaluna|Earthquake|p2b: Amoonguss|[spread] p2a,p2b\n|-immune|p1b: Salamence\n|-supereffective|p2a: Jolteon\n|-damage|p2a: Jolteon|0 fnt\n|-damage|p2b: Amoonguss|0 fnt\n|faint|p2a: Jolteon\n|faint|p2b: Amoonguss\n|\n|-damage|p1a: Ursaluna|53\/100 brn|[from] brn\n|upkeep\n|\n|t:|1700702045\n|switch|p2b: Venusaur|Venusaur, M|100\/100\n|turn|5\n|\n|t:|1700702050\n|move|p1b: Salamence|Return|p2b: Venusaur\n|-supereffective|p2b: Venusaur\n|-damage|p2b: Venusaur|0 fnt\n|faint|p2b: Venusaur\n|\n|win|UUbers Vesp\n|raw|UUbers Vesp's rating: 1101 &rarr; <strong>1120<\/strong><br \/>(+19 for winning)\n|raw|studios_galaxy's rating: 1013 &rarr; <strong>1004<\/strong><br \/>(-9 for losing)\n|l|\u2606studios_galaxy\n","uploadtime":1700702068,"views":27,"p1id":"uubersvesp","p2id":"studiosgalaxy","formatid":"gen9nationaldexdoubles","rating":1004,"private":0,"password":""}