{"id":"gen9nationaldexdoubles-1966519767","p1":"iluvtrickroom","p2":"cccccccctttttvv","format":"[Gen 9] National Dex Doubles","log":"|j|\u2606iluvtrickroom\n|j|\u2606cccccccctttttvv\n|t:|1697198604\n|gametype|doubles\n|player|p1|iluvtrickroom|hilda|1100\n|player|p2|cccccccctttttvv|riley|1167\n|teamsize|p1|6\n|teamsize|p2|6\n|gen|9\n|tier|[Gen 9] National Dex Doubles\n|rated|\n|rule|HP Percentage Mod: HP is shown in percentages\n|rule|Endless Battle Clause: Forcing endless battles is banned\n|rule|OHKO Clause: OHKO moves are banned\n|rule|Evasion Moves Clause: Evasion moves are banned\n|rule|Evasion Abilities Clause: Evasion abilities are banned\n|rule|Species Clause: Limit one of each Pok\u00e9mon\n|rule|Gravity Sleep Clause: The combination of sleep-inducing moves with imperfect accuracy and Gravity or Gigantamax Orbeetle are banned\n|clearpoke\n|poke|p1|Dusknoir, M|\n|poke|p1|Indeedee-F, F|\n|poke|p1|Yanmega, M|\n|poke|p1|Spiritomb, M|\n|poke|p1|Garchomp, M|\n|poke|p1|Torterra, M|\n|poke|p2|Pincurchin, M|\n|poke|p2|Raichu-Alola, M|\n|poke|p2|Iron Hands|\n|poke|p2|Regieleki|\n|poke|p2|Rillaboom, F|\n|poke|p2|Zapdos|\n|teampreview\n|inactive|Battle timer is ON: inactive players will automatically lose when time's up. (requested by cccccccctttttvv)\n|j| R3VENCH\n|\n|t:|1697198628\n|start\n|switch|p1a: Indeedee|Indeedee-F, F, shiny|100\/100\n|switch|p1b: Garchomp|Garchomp, M|100\/100\n|switch|p2a: Pincurchin|Pincurchin, M|100\/100\n|switch|p2b: Iron Hands|Iron Hands|100\/100\n|-fieldstart|move: Psychic Terrain|[from] ability: Psychic Surge|[of] p1a: Indeedee\n|-fieldstart|move: Electric Terrain|[from] ability: Electric Surge|[of] p2a: Pincurchin\n|-activate|p2b: Iron Hands|ability: Quark Drive\n|-start|p2b: Iron Hands|quarkdriveatk\n|turn|1\n|\n|t:|1697198656\n|detailschange|p1b: Garchomp|Garchomp-Mega, M\n|-mega|p1b: Garchomp|Garchomp|Garchompite\n|move|p1b: Garchomp|Earthquake|p2a: Pincurchin|[spread] p1a,p2a,p2b\n|-supereffective|p2a: Pincurchin\n|-supereffective|p2b: Iron Hands\n|-damage|p1a: Indeedee|28\/100\n|-damage|p2a: Pincurchin|4\/100\n|-damage|p2b: Iron Hands|40\/100\n|move|p2b: Iron Hands|Ice Punch|p1b: Garchomp\n|-supereffective|p1b: Garchomp\n|-damage|p1b: Garchomp|0 fnt\n|faint|p1b: Garchomp\n|move|p2a: Pincurchin|Toxic Spikes|p1a: Indeedee\n|-sidestart|p1: iluvtrickroom|move: Toxic Spikes\n|move|p1a: Indeedee|Trick Room|p1a: Indeedee\n|-fieldstart|move: Trick Room|[of] p1a: Indeedee\n|\n|-heal|p2b: Iron Hands|46\/100|[from] item: Leftovers\n|upkeep\n|inactive|iluvtrickroom has 120 seconds left.\n|\n|t:|1697198673\n|switch|p1b: Dusknoir|Dusknoir, M, shiny|100\/100\n|-status|p1b: Dusknoir|psn\n|-item|p2a: Pincurchin|Terrain Extender|[from] ability: Frisk|[of] p1b: Dusknoir|[identify]\n|-item|p2b: Iron Hands|Leftovers|[from] ability: Frisk|[of] p1b: Dusknoir|[identify]\n|turn|2\n|inactive|iluvtrickroom has 120 seconds left.\n|\n|t:|1697198701\n|switch|p1a: Torterra|Torterra, M, shiny|100\/100\n|-status|p1a: Torterra|psn\n|move|p2a: Pincurchin|Rising Voltage|p1a: Torterra\n|-immune|p1a: Torterra\n|move|p1b: Dusknoir|Poltergeist|p2b: Iron Hands\n|-activate|p2b: Iron Hands|move: Poltergeist|Leftovers\n|-damage|p2b: Iron Hands|12\/100\n|move|p2b: Iron Hands|Wild Charge|p1b: Dusknoir\n|-damage|p1b: Dusknoir|12\/100 psn\n|-damage|p2b: Iron Hands|0 fnt|[from] Recoil\n|faint|p2b: Iron Hands\n|-end|p2b: Iron Hands|Quark Drive|[silent]\n|\n|-damage|p1b: Dusknoir|0 fnt|[from] psn\n|faint|p1b: Dusknoir\n|-damage|p1a: Torterra|88\/100 psn|[from] psn\n|upkeep\n|\n|t:|1697198719\n|switch|p1b: Spiritomb|Spiritomb, M, shiny|100\/100\n|switch|p2b: Regieleki|Regieleki|100\/100\n|-status|p1b: Spiritomb|psn\n|-ability|p1b: Spiritomb|Pressure\n|turn|3\n|\n|t:|1697198739\n|-terastallize|p2b: Regieleki|Ice\n|move|p2a: Pincurchin|Rising Voltage|p1b: Spiritomb\n|-hint|Rising Voltage's BP doubled on grounded target.\n|-damage|p1b: Spiritomb|35\/100 psn\n|move|p1b: Spiritomb|Foul Play|p2a: Pincurchin\n|-damage|p2a: Pincurchin|0 fnt\n|faint|p2a: Pincurchin\n|-zpower|p1a: Torterra\n|move|p1a: Torterra|Bloom Doom|p2b: Regieleki|[zeffect]\n|-damage|p2b: Regieleki|0 fnt\n|faint|p2b: Regieleki\n|\n|-heal|p1b: Spiritomb|42\/100 psn|[from] item: Leftovers\n|-damage|p1b: Spiritomb|29\/100 psn|[from] psn\n|-damage|p1a: Torterra|76\/100 psn|[from] psn\n|upkeep\n|\n|t:|1697198759\n|switch|p2a: Raichu|Raichu-Alola, M|100\/100\n|switch|p2b: Rillaboom|Rillaboom, F|100\/100\n|-fieldstart|move: Grassy Terrain|[from] ability: Grassy Surge|[of] p2b: Rillaboom\n|turn|4\n|inactive|iluvtrickroom has 120 seconds left.\n|\n|t:|1697198793\n|move|p2a: Raichu|Fake Out|p1a: Torterra\n|-damage|p1a: Torterra|66\/100 psn\n|-damage|p2a: Raichu|91\/100|[from] item: Life Orb\n|move|p2b: Rillaboom|Grassy Glide|p1b: Spiritomb\n|-damage|p1b: Spiritomb|0 fnt\n|faint|p1b: Spiritomb\n|cant|p1a: Torterra|flinch\n|\n|-heal|p1a: Torterra|72\/100 psn|[from] Grassy Terrain\n|-heal|p2a: Raichu|97\/100|[from] Grassy Terrain\n|-damage|p1a: Torterra|60\/100 psn|[from] psn\n|upkeep\n|inactive|iluvtrickroom has 120 seconds left.\n|\n|t:|1697198806\n|switch|p1b: Indeedee|Indeedee-F, F, shiny|28\/100\n|-status|p1b: Indeedee|psn\n|-fieldstart|move: Psychic Terrain|[from] ability: Psychic Surge|[of] p1b: Indeedee\n|turn|5\n|l| R3VENCH\n|\n|t:|1697198825\n|switch|p2b: Zapdos|Zapdos|100\/100\n|move|p1a: Torterra|Headlong Rush|p2a: Raichu\n|-supereffective|p2a: Raichu\n|-damage|p2a: Raichu|0 fnt\n|-unboost|p1a: Torterra|def|1\n|-unboost|p1a: Torterra|spd|1\n|faint|p2a: Raichu\n|move|p1b: Indeedee|Expanding Force|p2b: Zapdos\n|-damage|p2b: Zapdos|54\/100\n|\n|-damage|p1a: Torterra|47\/100 psn|[from] psn\n|-damage|p1b: Indeedee|15\/100 psn|[from] psn\n|-fieldend|move: Trick Room\n|upkeep\n|\n|t:|1697198832\n|switch|p2a: Rillaboom|Rillaboom, F|100\/100\n|-fieldstart|move: Grassy Terrain|[from] ability: Grassy Surge|[of] p2a: Rillaboom\n|turn|6\n|inactive|cccccccctttttvv has 120 seconds left.\n|inactive|cccccccctttttvv has 90 seconds left.\n|c|\u2606iluvtrickroom|are ya alive\n|\n|t:|1697198921\n|switch|p1b: Yanmega|Yanmega, M, shiny|100\/100\n|move|p1a: Torterra|Protect|p1a: Torterra\n|-singleturn|p1a: Torterra|Protect\n|move|p2a: Rillaboom|Grassy Glide|p1b: Yanmega\n|-resisted|p1b: Yanmega\n|-damage|p1b: Yanmega|82\/100\n|move|p2b: Zapdos|Tailwind|p2b: Zapdos\n|-sidestart|p2: cccccccctttttvv|move: Tailwind\n|\n|-heal|p1a: Torterra|53\/100 psn|[from] Grassy Terrain\n|-damage|p1a: Torterra|41\/100 psn|[from] psn\n|upkeep\n|turn|7\n|\n|t:|1697198940\n|switch|p1a: Indeedee|Indeedee-F, F, shiny|15\/100 psn\n|-fieldstart|move: Psychic Terrain|[from] ability: Psychic Surge|[of] p1a: Indeedee\n|-terastallize|p1b: Yanmega|Bug\n|move|p2b: Zapdos|Protect|p2b: Zapdos\n|-singleturn|p2b: Zapdos|Protect\n|move|p2a: Rillaboom|Grassy Glide|p1a: Indeedee\n|-damage|p1a: Indeedee|0 fnt\n|faint|p1a: Indeedee\n|move|p1b: Yanmega|Bug Buzz|p2a: Rillaboom\n|-supereffective|p2a: Rillaboom\n|-damage|p2a: Rillaboom|0 fnt\n|faint|p2a: Rillaboom\n|\n|-ability|p1b: Yanmega|Speed Boost|boost\n|-boost|p1b: Yanmega|spe|1\n|upkeep\n|\n|t:|1697198955\n|switch|p1a: Torterra|Torterra, M, shiny|41\/100 psn\n|turn|8\n|l|\u2606cccccccctttttvv\n|inactive|cccccccctttttvv disconnected and has a minute to reconnect!\n|player|p2|\n|inactive|cccccccctttttvv has 30 seconds to reconnect!\n|inactive|cccccccctttttvv has 20 seconds to reconnect!\n|inactive|cccccccctttttvv has 15 seconds to reconnect!\n|inactive|cccccccctttttvv has 10 seconds to reconnect!\n|inactive|cccccccctttttvv has 5 seconds to reconnect!\n|-message|cccccccctttttvv lost due to inactivity.\n|\n|win|iluvtrickroom\n|raw|iluvtrickroom's rating: 1100 &rarr; <strong>1130<\/strong><br \/>(+30 for winning)\n|raw|cccccccctttttvv's rating: 1167 &rarr; <strong>1137<\/strong><br \/>(-30 for losing)\n","uploadtime":1697199019,"views":17,"p1id":"iluvtrickroom","p2id":"cccccccctttttvv","formatid":"gen9nationaldexdoubles","rating":1130,"private":0,"password":""}