{"id":"gen9nationaldexdoubles-1953297395","p1":"sabertooth290","p2":"MageDream\/UHE","format":"[Gen 9] National Dex Doubles","log":"|j|\u2606sabertooth290\n|j|\u2606MageDream\/UHE\n|t:|1695771751\n|gametype|doubles\n|player|p1|sabertooth290|clay|1127\n|player|p2|MageDream\/UHE|chuck|1184\n|teamsize|p1|6\n|teamsize|p2|6\n|gen|9\n|tier|[Gen 9] National Dex Doubles\n|rated|\n|rule|HP Percentage Mod: HP is shown in percentages\n|rule|Endless Battle Clause: Forcing endless battles is banned\n|rule|OHKO Clause: OHKO moves are banned\n|rule|Evasion Moves Clause: Evasion moves are banned\n|rule|Evasion Abilities Clause: Evasion abilities are banned\n|rule|Species Clause: Limit one of each Pok\u00e9mon\n|rule|Gravity Sleep Clause: The combination of sleep-inducing moves with imperfect accuracy and Gravity or Gigantamax Orbeetle are banned\n|clearpoke\n|poke|p1|Latios, M|\n|poke|p1|Kommo-o, M|\n|poke|p1|Grumpig, F|\n|poke|p1|Skeledirge, F|\n|poke|p1|Toxapex, M|\n|poke|p1|Amoonguss, F|\n|poke|p2|Grafaiai, M|\n|poke|p2|Lilligant-Hisui, F|\n|poke|p2|Hawlucha, M|\n|poke|p2|Gothitelle, F|\n|poke|p2|Kleavor, M|\n|poke|p2|Gardevoir, M|\n|teampreview\n|inactive|Battle timer is ON: inactive players will automatically lose when time's up. (requested by sabertooth290)\n|\n|t:|1695771776\n|start\n|switch|p1a: Latios|Latios, M|100\/100\n|switch|p1b: Kommo-o|Kommo-o, M|100\/100\n|switch|p2a: Grafaiai|Grafaiai, M|100\/100\n|switch|p2b: Gardevoir|Gardevoir, M|100\/100\n|-ability|p2b: Gardevoir|Levitate|[from] ability: Trace|[of] p1a: Latios\n|turn|1\n|\n|t:|1695771800\n|move|p2a: Grafaiai|Taunt|p1b: Kommo-o\n|-start|p1b: Kommo-o|move: Taunt\n|move|p1a: Latios|Simple Beam|p1b: Kommo-o\n|-endability|p1b: Kommo-o|Overcoat|[from] move: Simple Beam\n|-ability|p1b: Kommo-o|Simple|[from] move: Simple Beam\n|-zpower|p1b: Kommo-o\n|move|p1b: Kommo-o|Clangorous Soulblaze|p2a: Grafaiai|[zeffect]|[spread] p2a\n|-immune|p2b: Gardevoir\n|-damage|p2a: Grafaiai|50\/100\n|-boost|p1b: Kommo-o|atk|2\n|-boost|p1b: Kommo-o|def|2\n|-boost|p1b: Kommo-o|spa|2\n|-boost|p1b: Kommo-o|spd|2\n|-boost|p1b: Kommo-o|spe|2\n|move|p2b: Gardevoir|Dazzling Gleam|p1b: Kommo-o|[spread] p1a,p1b\n|-supereffective|p1a: Latios\n|-supereffective|p1b: Kommo-o\n|-damage|p1a: Latios|51\/100\n|-damage|p1b: Kommo-o|49\/100\n|\n|-heal|p1a: Latios|57\/100|[from] item: Leftovers\n|upkeep\n|turn|2\n|inactive|MageDream\/UHE has 120 seconds left.\n|\n|t:|1695771836\n|switch|p2a: Gothitelle|Gothitelle, F|100\/100\n|-terastallize|p2b: Gardevoir|Fire\n|move|p1b: Kommo-o|Iron Head|p2b: Gardevoir\n|-resisted|p2b: Gardevoir\n|-damage|p2b: Gardevoir|77\/100\n|move|p1a: Latios|Heal Pulse|p2a: Gothitelle\n|-fail|p2a: Gothitelle|heal\n|move|p2b: Gardevoir|Dazzling Gleam|p1b: Kommo-o|[spread] p1a,p1b\n|-supereffective|p1a: Latios\n|-supereffective|p1b: Kommo-o\n|-damage|p1a: Latios|6\/100\n|-damage|p1b: Kommo-o|0 fnt\n|faint|p1b: Kommo-o\n|\n|-heal|p1a: Latios|12\/100|[from] item: Leftovers\n|upkeep\n|inactive|sabertooth290 has 120 seconds left.\n|\n|t:|1695771853\n|switch|p1b: Skeledirge|Skeledirge, F|100\/100\n|turn|3\n|inactive|sabertooth290 has 120 seconds left.\n|\n|t:|1695771877\n|move|p1a: Latios|Simple Beam|p1b: Skeledirge\n|-endability|p1b: Skeledirge|Blaze|[from] move: Simple Beam\n|-ability|p1b: Skeledirge|Simple|[from] move: Simple Beam\n|move|p2b: Gardevoir|Dazzling Gleam|p1a: Latios|[spread] p1a,p1b\n|-supereffective|p1a: Latios\n|-resisted|p1b: Skeledirge\n|-damage|p1a: Latios|0 fnt\n|-damage|p1b: Skeledirge|85\/100\n|faint|p1a: Latios\n|move|p1b: Skeledirge|Torch Song|p2a: Gothitelle\n|-damage|p2a: Gothitelle|82\/100\n|-boost|p1b: Skeledirge|spa|2\n|-enditem|p1b: Skeledirge|Throat Spray\n|-boost|p1b: Skeledirge|spa|2|[from] item: Throat Spray\n|move|p2a: Gothitelle|Shadow Ball|p1b: Skeledirge\n|-supereffective|p1b: Skeledirge\n|-damage|p1b: Skeledirge|43\/100\n|\n|upkeep\n|inactive|sabertooth290 has 120 seconds left.\n|\n|t:|1695771894\n|switch|p1a: Amoonguss|Amoonguss, F|100\/100\n|turn|4\n|\n|t:|1695771902\n|move|p1a: Amoonguss|Rage Powder|p1a: Amoonguss\n|-singleturn|p1a: Amoonguss|move: Rage Powder\n|move|p2b: Gardevoir|Skill Swap|p1a: Amoonguss\n|-activate|p2b: Gardevoir|move: Skill Swap|Regenerator|Levitate|[of] p1a: Amoonguss\n|move|p1b: Skeledirge|Flame Charge|p2a: Gothitelle\n|-damage|p2a: Gothitelle|69\/100\n|-boost|p1b: Skeledirge|spe|2\n|move|p2a: Gothitelle|Expanding Force|p1a: Amoonguss\n|-supereffective|p1a: Amoonguss\n|-damage|p1a: Amoonguss|38\/100\n|\n|-heal|p1a: Amoonguss|44\/100|[from] item: Leftovers\n|upkeep\n|turn|5\n|\n|t:|1695771925\n|move|p1a: Amoonguss|Rage Powder|p1a: Amoonguss\n|-singleturn|p1a: Amoonguss|move: Rage Powder\n|move|p1b: Skeledirge|Shadow Ball|p2a: Gothitelle\n|-supereffective|p2a: Gothitelle\n|-damage|p2a: Gothitelle|0 fnt\n|faint|p2a: Gothitelle\n|move|p2b: Gardevoir|Mystical Fire|p1a: Amoonguss\n|-supereffective|p1a: Amoonguss\n|-damage|p1a: Amoonguss|0 fnt\n|faint|p1a: Amoonguss\n|\n|upkeep\n|inactive|MageDream\/UHE has 120 seconds left.\n|\n|t:|1695771955\n|switch|p2a: Hawlucha|Hawlucha, M|100\/100\n|switch|p1a: Grumpig|Grumpig, F|100\/100\n|turn|6\n|\n|t:|1695771965\n|move|p1b: Skeledirge|Slack Off|p1b: Skeledirge\n|-heal|p1b: Skeledirge|93\/100\n|move|p2a: Hawlucha|Tailwind|p2a: Hawlucha\n|-sidestart|p2: MageDream\/UHE|move: Tailwind\n|move|p2b: Gardevoir|Skill Swap|p1b: Skeledirge\n|-activate|p2b: Gardevoir|move: Skill Swap|Simple|Regenerator|[of] p1b: Skeledirge\n|move|p1a: Grumpig|Dazzling Gleam|p2a: Hawlucha|[spread] p2a,p2b\n|-supereffective|p2a: Hawlucha\n|-crit|p2a: Hawlucha\n|-resisted|p2b: Gardevoir\n|-damage|p2a: Hawlucha|42\/100\n|-damage|p2b: Gardevoir|71\/100\n|-enditem|p2a: Hawlucha|Sitrus Berry|[eat]\n|-heal|p2a: Hawlucha|67\/100|[from] item: Sitrus Berry\n|\n|upkeep\n|turn|7\n|\n|t:|1695771987\n|move|p2a: Hawlucha|Sky Drop||[still]\n|-prepare|p2a: Hawlucha|Sky Drop|p1a: Grumpig\n|move|p2b: Gardevoir|Mystical Fire|p1b: Skeledirge\n|-resisted|p1b: Skeledirge\n|-damage|p1b: Skeledirge|75\/100\n|-unboost|p1b: Skeledirge|spa|1\n|move|p1b: Skeledirge|Shadow Ball|p2a: Hawlucha|[miss]\n|-miss|p1b: Skeledirge|p2a: Hawlucha\n|\n|upkeep\n|turn|8\n|\n|t:|1695772000\n|move|p2a: Hawlucha|Sky Drop|p1a: Grumpig|[from]lockedmove\n|-damage|p1a: Grumpig|73\/100\n|-end|p1a: Grumpig|Sky Drop\n|move|p2b: Gardevoir|Mystical Fire|p1b: Skeledirge\n|-resisted|p1b: Skeledirge\n|-damage|p1b: Skeledirge|55\/100\n|-unboost|p1b: Skeledirge|spa|1\n|move|p1b: Skeledirge|Shadow Ball|p2b: Gardevoir\n|-damage|p2b: Gardevoir|22\/100\n|-enditem|p2b: Gardevoir|Aguav Berry|[eat]\n|-heal|p2b: Gardevoir|56\/100|[from] item: Aguav Berry\n|move|p1a: Grumpig|Dazzling Gleam|p2b: Gardevoir|[spread] p2a,p2b\n|-supereffective|p2a: Hawlucha\n|-resisted|p2b: Gardevoir\n|-damage|p2a: Hawlucha|27\/100\n|-damage|p2b: Gardevoir|50\/100\n|\n|-heal|p1a: Grumpig|79\/100|[from] item: Leftovers\n|upkeep\n|turn|9\n|\n|t:|1695772023\n|move|p2a: Hawlucha|Thunder Punch|p1b: Skeledirge\n|-damage|p1b: Skeledirge|40\/100\n|move|p2b: Gardevoir|Mystical Fire|p1b: Skeledirge\n|-resisted|p1b: Skeledirge\n|-damage|p1b: Skeledirge|23\/100\n|-unboost|p1b: Skeledirge|spa|1\n|move|p1b: Skeledirge|Torch Song|p2a: Hawlucha\n|-damage|p2a: Hawlucha|0 fnt\n|-boost|p1b: Skeledirge|spa|1\n|faint|p2a: Hawlucha\n|move|p1a: Grumpig|Dazzling Gleam|p2b: Gardevoir\n|-resisted|p2b: Gardevoir\n|-damage|p2b: Gardevoir|43\/100\n|\n|-heal|p1a: Grumpig|85\/100|[from] item: Leftovers\n|-sideend|p2: MageDream\/UHE|move: Tailwind\n|upkeep\n|\n|t:|1695772032\n|switch|p2a: Kleavor|Kleavor, M|100\/100\n|turn|10\n|\n|t:|1695772060\n|move|p1b: Skeledirge|Slack Off|p1b: Skeledirge\n|-heal|p1b: Skeledirge|73\/100\n|move|p2a: Kleavor|Stone Axe|p1b: Skeledirge\n|-supereffective|p1b: Skeledirge\n|-damage|p1b: Skeledirge|9\/100\n|-sidestart|p1: sabertooth290|move: Stealth Rock\n|move|p1a: Grumpig|Dazzling Gleam|p2a: Kleavor|[spread] p2a,p2b\n|-resisted|p2b: Gardevoir\n|-damage|p2a: Kleavor|85\/100\n|-damage|p2b: Gardevoir|38\/100\n|move|p2b: Gardevoir|Skill Swap|p1b: Skeledirge\n|-activate|p2b: Gardevoir|move: Skill Swap|Regenerator|Simple|[of] p1b: Skeledirge\n|\n|-heal|p1a: Grumpig|91\/100|[from] item: Leftovers\n|upkeep\n|turn|11\n|inactive|MageDream\/UHE has 120 seconds left.\n|\n|t:|1695772100\n|move|p1b: Skeledirge|Shadow Ball|p2a: Kleavor\n|-damage|p2a: Kleavor|6\/100\n|move|p2a: Kleavor|Night Slash|p1a: Grumpig\n|-supereffective|p1a: Grumpig\n|-damage|p1a: Grumpig|15\/100\n|move|p2b: Gardevoir|Dazzling Gleam|p1b: Skeledirge|[spread] p1a,p1b\n|-resisted|p1b: Skeledirge\n|-damage|p1a: Grumpig|0 fnt\n|-damage|p1b: Skeledirge|0 fnt\n|faint|p1a: Grumpig\n|faint|p1b: Skeledirge\n|\n|upkeep\n|\n|t:|1695772111\n|switch|p1b: Toxapex|Toxapex, M|100\/100\n|-damage|p1b: Toxapex|88\/100|[from] Stealth Rock\n|turn|12\n|\n|t:|1695772119\n|switch|p2b: Grafaiai|Grafaiai, M|50\/100\n|move|p2a: Kleavor|U-turn|p1b: Toxapex\n|-resisted|p1b: Toxapex\n|-damage|p1b: Toxapex|76\/100\n|\n|t:|1695772124\n|switch|p2a: Lilligant|Lilligant-Hisui, F, shiny|100\/100|[from] U-turn\n|move|p1b: Toxapex|Scald|p2a: Lilligant\n|-resisted|p2a: Lilligant\n|-damage|p2a: Lilligant|89\/100\n|\n|-heal|p1b: Toxapex|82\/100|[from] item: Leftovers\n|upkeep\n|turn|13\n|\n|t:|1695772143\n|move|p2b: Grafaiai|Taunt|p1b: Toxapex\n|-start|p1b: Toxapex|move: Taunt\n|move|p2a: Lilligant|Victory Dance|p2a: Lilligant\n|-boost|p2a: Lilligant|atk|1\n|-boost|p2a: Lilligant|def|1\n|-boost|p2a: Lilligant|spe|1\n|cant|p1b: Toxapex|move: Taunt|Toxic\n|\n|-heal|p1b: Toxapex|88\/100|[from] item: Leftovers\n|upkeep\n|turn|14\n|-message|sabertooth290 forfeited.\n|\n|win|MageDream\/UHE\n|raw|sabertooth290's rating: 1127 &rarr; <strong>1106<\/strong><br \/>(-21 for losing)\n|raw|MageDream&#x2f;UHE's rating: 1184 &rarr; <strong>1205<\/strong><br \/>(+21 for winning)\n|l|\u2606sabertooth290\n","uploadtime":1695773857,"views":12,"p1id":"sabertooth290","p2id":"magedreamuhe","formatid":"gen9nationaldexdoubles","rating":1106,"private":0,"password":""}