{"id":"gen9nationaldexdoubles-1960592580","p1":"Penguin Stylez","p2":"KelTheMaster","format":"[Gen 9] National Dex Doubles","log":"|j|\u2606Penguin Stylez\n|j|\u2606KelTheMaster\n|t:|1696537321\n|gametype|doubles\n|player|p1|Penguin Stylez|101|1049\n|player|p2|KelTheMaster|falkner|1079\n|teamsize|p1|6\n|teamsize|p2|6\n|gen|9\n|tier|[Gen 9] National Dex Doubles\n|rated|\n|rule|HP Percentage Mod: HP is shown in percentages\n|rule|Endless Battle Clause: Forcing endless battles is banned\n|rule|OHKO Clause: OHKO moves are banned\n|rule|Evasion Moves Clause: Evasion moves are banned\n|rule|Evasion Abilities Clause: Evasion abilities are banned\n|rule|Species Clause: Limit one of each Pok\u00e9mon\n|rule|Gravity Sleep Clause: The combination of sleep-inducing moves with imperfect accuracy and Gravity or Gigantamax Orbeetle are banned\n|clearpoke\n|poke|p1|Fearow, M|\n|poke|p1|Scolipede, M|\n|poke|p1|Excadrill, F|\n|poke|p1|Clefable, M|\n|poke|p1|Volcarona, M|\n|poke|p1|Tapu Lele|\n|poke|p2|Houndstone, F|\n|poke|p2|Tyranitar, F|\n|poke|p2|Vikavolt, F|\n|poke|p2|Dragapult, F|\n|poke|p2|Iron Hands|\n|poke|p2|Clefable, M|\n|teampreview\n|\n|t:|1696537332\n|start\n|switch|p1a: Scolipede|Scolipede, M|100\/100\n|switch|p1b: Clefable|Clefable, M|100\/100\n|switch|p2a: THUNDACLAP|Iron Hands|100\/100\n|switch|p2b: Goblin|Dragapult, F|100\/100\n|turn|1\n|\n|t:|1696537349\n|move|p1a: Scolipede|Protect|p1a: Scolipede\n|-singleturn|p1a: Scolipede|Protect\n|move|p2a: THUNDACLAP|Fake Out|p1a: Scolipede\n|-activate|p1a: Scolipede|move: Protect\n|move|p2b: Goblin|Dragon Dance|p2b: Goblin\n|-boost|p2b: Goblin|atk|1\n|-boost|p2b: Goblin|spe|1\n|move|p1b: Clefable|Encore|p2b: Goblin\n|-start|p2b: Goblin|Encore\n|\n|-ability|p1a: Scolipede|Speed Boost|boost\n|-boost|p1a: Scolipede|spe|1\n|upkeep\n|turn|2\n|\n|t:|1696537363\n|move|p1b: Clefable|Follow Me|p1b: Clefable\n|-singleturn|p1b: Clefable|move: Follow Me\n|move|p2b: Goblin|Dragon Dance|p2b: Goblin\n|-boost|p2b: Goblin|atk|1\n|-boost|p2b: Goblin|spe|1\n|move|p1a: Scolipede|Swords Dance|p1a: Scolipede\n|-boost|p1a: Scolipede|atk|2\n|move|p2a: THUNDACLAP|Thunder Punch|p1b: Clefable\n|-damage|p1b: Clefable|61\/100\n|\n|-ability|p1a: Scolipede|Speed Boost|boost\n|-boost|p1a: Scolipede|spe|1\n|upkeep\n|turn|3\n|\n|t:|1696537374\n|move|p1b: Clefable|Follow Me|p1b: Clefable\n|-singleturn|p1b: Clefable|move: Follow Me\n|move|p2b: Goblin|Dragon Dance|p2b: Goblin\n|-boost|p2b: Goblin|atk|1\n|-boost|p2b: Goblin|spe|1\n|move|p1a: Scolipede|Swords Dance|p1a: Scolipede\n|-boost|p1a: Scolipede|atk|2\n|move|p2a: THUNDACLAP|Thunder Punch|p1b: Clefable\n|-damage|p1b: Clefable|21\/100\n|\n|-ability|p1a: Scolipede|Speed Boost|boost\n|-boost|p1a: Scolipede|spe|1\n|upkeep\n|turn|4\n|\n|t:|1696537390\n|move|p1b: Clefable|Follow Me|p1b: Clefable\n|-singleturn|p1b: Clefable|move: Follow Me\n|move|p2b: Goblin|Dragon Dance|p2b: Goblin\n|-boost|p2b: Goblin|atk|1\n|-boost|p2b: Goblin|spe|1\n|move|p1a: Scolipede|Swords Dance|p1a: Scolipede\n|-boost|p1a: Scolipede|atk|2\n|move|p2a: THUNDACLAP|Thunder Punch|p1b: Clefable\n|-damage|p1b: Clefable|0 fnt\n|faint|p1b: Clefable\n|\n|-end|p2b: Goblin|Encore\n|-ability|p1a: Scolipede|Speed Boost|boost\n|-boost|p1a: Scolipede|spe|1\n|upkeep\n|\n|t:|1696537401\n|switch|p1b: Tapu Lele|Tapu Lele|100\/100\n|-fieldstart|move: Psychic Terrain|[from] ability: Psychic Surge|[of] p1b: Tapu Lele\n|turn|5\n|\n|t:|1696537423\n|move|p2a: THUNDACLAP|Protect|p2a: THUNDACLAP\n|-singleturn|p2a: THUNDACLAP|Protect\n|move|p2b: Goblin|Phantom Force||[still]\n|-prepare|p2b: Goblin|Phantom Force\n|move|p1a: Scolipede|Baton Pass|p1a: Scolipede\n|\n|t:|1696537430\n|switch|p1a: Fearow|Fearow, M|100\/100|[from] Baton Pass\n|move|p1b: Tapu Lele|Shadow Ball|p2b: Goblin|[miss]\n|-miss|p1b: Tapu Lele|p2b: Goblin\n|\n|upkeep\n|turn|6\n|\n|t:|1696537446\n|move|p2b: Goblin|Phantom Force|p1a: Fearow|[from]lockedmove\n|-immune|p1a: Fearow\n|move|p1a: Fearow|Drill Run|p2a: THUNDACLAP\n|-supereffective|p2a: THUNDACLAP\n|-damage|p2a: THUNDACLAP|0 fnt\n|faint|p2a: THUNDACLAP\n|-end|p2a: THUNDACLAP|Quark Drive|[silent]\n|move|p1b: Tapu Lele|Shadow Ball|p2b: Goblin\n|-supereffective|p2b: Goblin\n|-damage|p2b: Goblin|19\/100\n|\n|upkeep\n|\n|t:|1696537454\n|switch|p2a: Jozz|Vikavolt, F|100\/100\n|turn|7\n|\n|t:|1696537468\n|move|p1b: Tapu Lele|Ally Switch|p1b: Tapu Lele\n|swap|p1b: Tapu Lele|0|[from] move: Ally Switch\n|move|p2b: Goblin|Phantom Force||[still]\n|-prepare|p2b: Goblin|Phantom Force\n|move|p1b: Fearow|Throat Chop|p2b: Goblin|[miss]\n|-miss|p1b: Fearow|p2b: Goblin\n|move|p2a: Jozz|Thunderbolt|p1a: Tapu Lele\n|-damage|p1a: Tapu Lele|41\/100\n|\n|upkeep\n|turn|8\n|\n|t:|1696537489\n|move|p2b: Goblin|Phantom Force|p1b: Fearow|[from]lockedmove\n|-immune|p1b: Fearow\n|move|p1b: Fearow|Frustration|p2a: Jozz\n|-damage|p2a: Jozz|0 fnt\n|faint|p2a: Jozz\n|move|p1a: Tapu Lele|Shadow Ball|p2b: Goblin\n|-supereffective|p2b: Goblin\n|-damage|p2b: Goblin|0 fnt\n|faint|p2b: Goblin\n|\n|upkeep\n|-message|KelTheMaster forfeited.\n|\n|win|Penguin Stylez\n|raw|Penguin Stylez's rating: 1049 &rarr; <strong>1084<\/strong><br \/>(+35 for winning)\n|raw|KelTheMaster's rating: 1079 &rarr; <strong>1055<\/strong><br \/>(-24 for losing)\n|l|\u2606KelTheMaster\n","uploadtime":1696537513,"views":8,"p1id":"penguinstylez","p2id":"kelthemaster","formatid":"gen9nationaldexdoubles","rating":1055,"private":0,"password":""}