{"id":"gen9nationaldexdoubles-1973471474","p1":"omegashenronone","p2":"Vario 64\u2606\u5f61","format":"[Gen 9] National Dex Doubles","log":"|j|\u2606omegashenronone\n|j|\u2606Vario 64\u2606\u5f61\n|t:|1697980547\n|gametype|doubles\n|player|p1|omegashenronone|hugh|\n|player|p2|Vario 64\u2606\u5f61|ghetsis|\n|teamsize|p1|6\n|teamsize|p2|6\n|gen|9\n|tier|[Gen 9] National Dex Doubles\n|rule|HP Percentage Mod: HP is shown in percentages\n|rule|Endless Battle Clause: Forcing endless battles is banned\n|rule|OHKO Clause: OHKO moves are banned\n|rule|Evasion Moves Clause: Evasion moves are banned\n|rule|Evasion Abilities Clause: Evasion abilities are banned\n|rule|Species Clause: Limit one of each Pok\u00e9mon\n|rule|Gravity Sleep Clause: The combination of sleep-inducing moves with imperfect accuracy and Gravity or Gigantamax Orbeetle are banned\n|clearpoke\n|poke|p1|Pelipper, F|\n|poke|p1|Gyarados, F|\n|poke|p1|Greninja-*, M|\n|poke|p1|Dracovish|\n|poke|p1|Walking Wake|\n|poke|p1|Rotom-Wash|\n|poke|p2|Grimmsnarl, M|\n|poke|p2|Scizor, M|\n|poke|p2|Cresselia, F|\n|poke|p2|Urshifu-*, F|\n|poke|p2|Porygon2|\n|poke|p2|Volcarona, M|\n|teampreview\n|inactive|Battle timer is ON: inactive players will automatically lose when time's up. (requested by omegashenronone)\n|\n|t:|1697980569\n|start\n|switch|p1a: Happy|Pelipper, F|100\/100\n|switch|p1b: Ze Fish?|Dracovish|100\/100\n|switch|p2a: Grimmsnarl|Grimmsnarl, M|100\/100\n|switch|p2b: Porygon2|Porygon2|100\/100\n|-weather|RainDance|[from] ability: Drizzle|[of] p1a: Happy\n|turn|1\n|\n|t:|1697980593\n|move|p2a: Grimmsnarl|Reflect|p2a: Grimmsnarl\n|-sidestart|p2: Vario 64\u2606\u5f61|Reflect\n|move|p1b: Ze Fish?|Fishious Rend|p2b: Porygon2\n|-damage|p2b: Porygon2|33\/100\n|move|p1a: Happy|Tailwind|p1a: Happy\n|-sidestart|p1: omegashenronone|move: Tailwind\n|move|p2b: Porygon2|Toxic|p1a: Happy\n|-status|p1a: Happy|tox\n|\n|-weather|RainDance|[upkeep]\n|-damage|p1a: Happy|94\/100 tox|[from] psn\n|upkeep\n|turn|2\n|\n|t:|1697980613\n|switch|p2b: Urshifu|Urshifu-Rapid-Strike, F|100\/100\n|move|p2a: Grimmsnarl|Parting Shot|p1b: Ze Fish?\n|-unboost|p1b: Ze Fish?|atk|1\n|-unboost|p1b: Ze Fish?|spa|1\n|\n|t:|1697980619\n|switch|p2a: Porygon2|Porygon2|33\/100|[from] Parting Shot\n|move|p1b: Ze Fish?|Fishious Rend|p2a: Porygon2\n|-damage|p2a: Porygon2|0 fnt\n|faint|p2a: Porygon2\n|move|p1a: Happy|Hurricane|p2b: Urshifu\n|-supereffective|p2b: Urshifu\n|-damage|p2b: Urshifu|0 fnt\n|faint|p2b: Urshifu\n|\n|-weather|RainDance|[upkeep]\n|-damage|p1a: Happy|82\/100 tox|[from] psn\n|upkeep\n|inactive|Vario 64\u2606\u5f61 has 270 seconds left.\n|\n|t:|1697980645\n|switch|p2b: Cresselia|Cresselia, F|100\/100\n|switch|p2a: Grimmsnarl|Grimmsnarl, M|100\/100\n|turn|3\n|\n|t:|1697980660\n|move|p2a: Grimmsnarl|Light Screen|p2a: Grimmsnarl\n|-sidestart|p2: Vario 64\u2606\u5f61|move: Light Screen\n|move|p1b: Ze Fish?|Fishious Rend|p2a: Grimmsnarl\n|-damage|p2a: Grimmsnarl|72\/100\n|move|p1a: Happy|U-turn|p2a: Grimmsnarl\n|-damage|p2a: Grimmsnarl|67\/100\n|\n|t:|1697980676\n|switch|p1a: CHERRY|Gyarados, F, shiny|100\/100|[from] U-turn\n|-ability|p1a: CHERRY|Intimidate|boost\n|-unboost|p2a: Grimmsnarl|atk|1\n|-unboost|p2b: Cresselia|atk|1\n|move|p2b: Cresselia|Moonblast|p1b: Ze Fish?\n|-supereffective|p1b: Ze Fish?\n|-damage|p1b: Ze Fish?|59\/100\n|-unboost|p1b: Ze Fish?|spa|1\n|\n|-weather|RainDance|[upkeep]\n|upkeep\n|turn|4\n|\n|t:|1697980702\n|detailschange|p1a: CHERRY|Gyarados-Mega, F, shiny\n|-mega|p1a: CHERRY|Gyarados|Gyaradosite\n|-ability|p1a: CHERRY|Mold Breaker\n|move|p1b: Ze Fish?|Fishious Rend|p2a: Grimmsnarl\n|-damage|p2a: Grimmsnarl|9\/100\n|move|p1a: CHERRY|Dragon Dance|p1a: CHERRY\n|-boost|p1a: CHERRY|atk|1\n|-boost|p1a: CHERRY|spe|1\n|move|p2b: Cresselia|Moonblast|p1a: CHERRY\n|-supereffective|p1a: CHERRY\n|-damage|p1a: CHERRY|75\/100\n|move|p2a: Grimmsnarl|Spirit Break|p1a: CHERRY\n|-supereffective|p1a: CHERRY\n|-damage|p1a: CHERRY|36\/100\n|-unboost|p1a: CHERRY|spa|1\n|\n|-weather|RainDance|[upkeep]\n|-sideend|p1: omegashenronone|move: Tailwind\n|upkeep\n|turn|5\n|\n|t:|1697980730\n|switch|p2b: Scizor|Scizor, M|100\/100\n|move|p2a: Grimmsnarl|Parting Shot|p1b: Ze Fish?\n|-unboost|p1b: Ze Fish?|atk|1\n|-unboost|p1b: Ze Fish?|spa|1\n|\n|t:|1697980739\n|switch|p2a: Cresselia|Cresselia, F|100\/100|[from] Parting Shot\n|move|p1b: Ze Fish?|Fishious Rend|p2a: Cresselia\n|-damage|p2a: Cresselia|75\/100\n|move|p1a: CHERRY|Waterfall|p2b: Scizor\n|-damage|p2b: Scizor|21\/100\n|\n|-weather|RainDance|[upkeep]\n|upkeep\n|turn|6\n|inactive|Vario 64\u2606\u5f61 has 270 seconds left.\n|\n|t:|1697980778\n|switch|p1b: Former rotom phone|Rotom-Wash, shiny|100\/100\n|switch|p2b: Grimmsnarl|Grimmsnarl, M|9\/100\n|move|p1a: CHERRY|Waterfall|p2a: Cresselia\n|-damage|p2a: Cresselia|37\/100\n|move|p2a: Cresselia|Moonblast|p1a: CHERRY\n|-supereffective|p1a: CHERRY\n|-crit|p1a: CHERRY\n|-damage|p1a: CHERRY|0 fnt\n|faint|p1a: CHERRY\n|\n|-weather|RainDance|[upkeep]\n|upkeep\n|inactive|omegashenronone has 270 seconds left.\n|\n|t:|1697980797\n|switch|p1a: Ze Fish?|Dracovish|59\/100\n|turn|7\n|inactive|Vario 64\u2606\u5f61 has 270 seconds left.\n|\n|t:|1697980825\n|move|p1a: Ze Fish?|Fishious Rend|p2a: Cresselia\n|-damage|p2a: Cresselia|0 fnt\n|faint|p2a: Cresselia\n|move|p1b: Former rotom phone|Hyper Voice|p2b: Grimmsnarl\n|-damage|p2b: Grimmsnarl|0 fnt\n|faint|p2b: Grimmsnarl\n|-damage|p1b: Former rotom phone|91\/100|[from] item: Life Orb\n|\n|-weather|RainDance|[upkeep]\n|upkeep\n|inactive|Vario 64\u2606\u5f61 has 270 seconds left.\n|\n|t:|1697980831\n|switch|p2a: Scizor|Scizor, M|21\/100\n|switch|p2b: Volcarona|Volcarona, M|100\/100\n|turn|8\n|\n|t:|1697980841\n|detailschange|p2a: Scizor|Scizor-Mega, M\n|-mega|p2a: Scizor|Scizor|Scizorite\n|-terastallize|p2b: Volcarona|Grass\n|move|p2a: Scizor|Bullet Punch|p1a: Ze Fish?\n|-resisted|p1a: Ze Fish?\n|-damage|p1a: Ze Fish?|37\/100\n|move|p1a: Ze Fish?|Fishious Rend|p2b: Volcarona\n|-resisted|p2b: Volcarona\n|-damage|p2b: Volcarona|26\/100\n|move|p2b: Volcarona|Quiver Dance|p2b: Volcarona\n|-boost|p2b: Volcarona|spa|1\n|-boost|p2b: Volcarona|spd|1\n|-boost|p2b: Volcarona|spe|1\n|move|p1b: Former rotom phone|Hyper Voice|p2b: Volcarona|[spread] p2a,p2b\n|-resisted|p2a: Scizor\n|-crit|p2b: Volcarona\n|-damage|p2a: Scizor|12\/100\n|-damage|p2b: Volcarona|0 fnt\n|faint|p2b: Volcarona\n|-damage|p1b: Former rotom phone|81\/100|[from] item: Life Orb\n|\n|-weather|none\n|-sideend|p2: Vario 64\u2606\u5f61|Reflect\n|upkeep\n|turn|9\n|\n|t:|1697980862\n|move|p2a: Scizor|Bullet Punch|p1a: Ze Fish?\n|-resisted|p1a: Ze Fish?\n|-damage|p1a: Ze Fish?|18\/100\n|move|p1a: Ze Fish?|Fishious Rend|p2a: Scizor\n|-damage|p2a: Scizor|0 fnt\n|faint|p2a: Scizor\n|\n|win|omegashenronone\n|c|\u2606omegashenronone|Goid game\n|c|\u2606Vario 64\u2606\u5f61|Gg!\n","uploadtime":1697980879,"views":15,"p1id":"omegashenronone","p2id":"vario64","formatid":"gen9nationaldexdoubles","rating":0,"private":0,"password":""}