{"id":"gen9nationaldexdoubles-1954129779","p1":"harteteam","p2":"Uncle Kars","format":"[Gen 9] National Dex Doubles","log":"|j|\u2606harteteam\n|j|\u2606Uncle Kars\n|t:|1695856781\n|gametype|doubles\n|player|p1|harteteam|101|\n|player|p2|Uncle Kars|silver|\n|teamsize|p1|6\n|teamsize|p2|6\n|gen|9\n|tier|[Gen 9] National Dex Doubles\n|rule|HP Percentage Mod: HP is shown in percentages\n|rule|Endless Battle Clause: Forcing endless battles is banned\n|rule|OHKO Clause: OHKO moves are banned\n|rule|Evasion Moves Clause: Evasion moves are banned\n|rule|Evasion Abilities Clause: Evasion abilities are banned\n|rule|Species Clause: Limit one of each Pok\u00e9mon\n|rule|Gravity Sleep Clause: The combination of sleep-inducing moves with imperfect accuracy and Gravity or Gigantamax Orbeetle are banned\n|clearpoke\n|poke|p1|Camerupt, F|\n|poke|p1|Flygon, M|\n|poke|p1|Quagsire, M|\n|poke|p1|Torterra, M|\n|poke|p1|Palossand, F|\n|poke|p1|Crobat, F|\n|poke|p2|Camerupt, F|\n|poke|p2|Torkoal, M|\n|poke|p2|Houndoom, M|\n|poke|p2|Vileplume, M|\n|poke|p2|Chandelure, F|\n|poke|p2|Venusaur, F|\n|teampreview\n|\n|t:|1695856802\n|start\n|switch|p1a: Palossand|Palossand, F|100\/100\n|switch|p1b: Quagsire|Quagsire, M, shiny|100\/100\n|switch|p2a: Torkoal|Torkoal, M|100\/100\n|switch|p2b: Chandelure|Chandelure, F|100\/100\n|-weather|SunnyDay|[from] ability: Drought|[of] p2a: Torkoal\n|turn|1\n|\n|t:|1695856831\n|move|p2b: Chandelure|Energy Ball|p1b: Quagsire\n|-supereffective|p1b: Quagsire\n|-damage|p1b: Quagsire|0 fnt\n|faint|p1b: Quagsire\n|-damage|p2b: Chandelure|91\/100|[from] item: Life Orb\n|move|p1a: Palossand|Sandstorm|p1a: Palossand\n|-weather|Sandstorm\n|move|p2a: Torkoal|Heat Wave|p1a: Palossand\n|-damage|p1a: Palossand|67\/100\n|-status|p1a: Palossand|brn\n|\n|-weather|Sandstorm|[upkeep]\n|-damage|p2b: Chandelure|84\/100|[from] Sandstorm\n|-damage|p2a: Torkoal|94\/100|[from] Sandstorm\n|-heal|p2a: Torkoal|100\/100|[from] item: Leftovers\n|-damage|p1a: Palossand|61\/100 brn|[from] brn\n|upkeep\n|\n|t:|1695856856\n|switch|p1b: Camerupt|Camerupt, F|100\/100\n|turn|2\n|\n|t:|1695856883\n|switch|p2b: Camerupt|Camerupt, F|100\/100\n|move|p2a: Torkoal|Protect|p2a: Torkoal\n|-singleturn|p2a: Torkoal|Protect\n|move|p1b: Camerupt|Stone Edge|p2a: Torkoal\n|-activate|p2a: Torkoal|move: Protect\n|move|p1a: Palossand|Shadow Ball|p2b: Camerupt\n|-damage|p2b: Camerupt|70\/100\n|-unboost|p2b: Camerupt|spd|1\n|\n|-weather|Sandstorm|[upkeep]\n|-damage|p2a: Torkoal|94\/100|[from] Sandstorm\n|-heal|p2a: Torkoal|100\/100|[from] item: Leftovers\n|-damage|p1a: Palossand|55\/100 brn|[from] brn\n|upkeep\n|turn|3\n|\n|t:|1695856912\n|switch|p2a: Houndoom|Houndoom, M|100\/100\n|move|p1b: Camerupt|Stone Edge|p2a: Houndoom\n|-supereffective|p2a: Houndoom\n|-crit|p2a: Houndoom\n|-damage|p2a: Houndoom|0 fnt\n|faint|p2a: Houndoom\n|move|p2b: Camerupt|Lava Plume|p1b: Camerupt|[spread] p1a,p1b\n|-resisted|p1b: Camerupt\n|-crit|p1b: Camerupt\n|-damage|p1a: Palossand|21\/100 brn\n|-damage|p1b: Camerupt|72\/100\n|move|p1a: Palossand|Earthquake|p2b: Camerupt|[spread] p1b,p2b\n|-supereffective|p1b: Camerupt\n|-supereffective|p2b: Camerupt\n|-damage|p1b: Camerupt|51\/100\n|-damage|p2b: Camerupt|51\/100\n|\n|-weather|Sandstorm|[upkeep]\n|-damage|p1a: Palossand|15\/100 brn|[from] brn\n|upkeep\n|\n|t:|1695856929\n|switch|p2a: Chandelure|Chandelure, F|84\/100\n|turn|4\n|\n|t:|1695856948\n|move|p2a: Chandelure|Hex|p1a: Palossand\n|-supereffective|p1a: Palossand\n|-damage|p1a: Palossand|0 fnt\n|faint|p1a: Palossand\n|-damage|p2a: Chandelure|74\/100|[from] item: Life Orb\n|move|p1b: Camerupt|Stone Edge|p2b: Camerupt|[miss]\n|-miss|p1b: Camerupt|p2b: Camerupt\n|move|p2b: Camerupt|Lava Plume|p1b: Camerupt|[spread] p1b\n|-start|p2a: Chandelure|ability: Flash Fire\n|-resisted|p1b: Camerupt\n|-damage|p1b: Camerupt|32\/100\n|\n|-weather|Sandstorm|[upkeep]\n|-damage|p2a: Chandelure|68\/100|[from] Sandstorm\n|upkeep\n|\n|t:|1695856964\n|switch|p1a: Flygon|Flygon, M|100\/100\n|turn|5\n|\n|t:|1695856979\n|move|p1a: Flygon|Dragon Dance|p1a: Flygon\n|-boost|p1a: Flygon|atk|1\n|-boost|p1a: Flygon|spe|1\n|move|p2a: Chandelure|Flamethrower|p1a: Flygon\n|-resisted|p1a: Flygon\n|-damage|p1a: Flygon|32\/100\n|-damage|p2a: Chandelure|58\/100|[from] item: Life Orb\n|move|p2b: Camerupt|Lava Plume|p1a: Flygon|[spread] p1a,p1b\n|-immune|p2a: Chandelure|[from] ability: Flash Fire\n|-resisted|p1a: Flygon\n|-resisted|p1b: Camerupt\n|-damage|p1a: Flygon|13\/100\n|-damage|p1b: Camerupt|14\/100\n|move|p1b: Camerupt|Earthquake|p2a: Chandelure|[spread] p2a,p2b\n|-immune|p1a: Flygon|[from] ability: Levitate\n|-supereffective|p2a: Chandelure\n|-supereffective|p2b: Camerupt\n|-damage|p2a: Chandelure|0 fnt\n|-damage|p2b: Camerupt|0 fnt\n|faint|p2a: Chandelure\n|faint|p2b: Camerupt\n|\n|-weather|Sandstorm|[upkeep]\n|upkeep\n|\n|t:|1695857005\n|switch|p2a: Vileplume|Vileplume, M|100\/100\n|switch|p2b: Venusaur|Venusaur, F|100\/100\n|turn|6\n|\n|t:|1695857026\n|move|p1a: Flygon|Dragon Claw|p2b: Venusaur\n|-damage|p2b: Venusaur|3\/100\n|move|p2b: Venusaur|Sludge Bomb|p1b: Camerupt\n|-resisted|p1b: Camerupt\n|-damage|p1b: Camerupt|0 fnt\n|faint|p1b: Camerupt\n|move|p2a: Vileplume|Sunny Day|p2a: Vileplume\n|-weather|SunnyDay\n|\n|-weather|SunnyDay|[upkeep]\n|upkeep\n|\n|t:|1695857036\n|switch|p1b: Torterra|Torterra, M|100\/100\n|turn|7\n|\n|t:|1695857056\n|move|p2b: Venusaur|Weather Ball|p1b: Torterra\n|-supereffective|p1b: Torterra\n|-damage|p1b: Torterra|9\/100\n|move|p1a: Flygon|Dragon Claw|p2b: Venusaur\n|-damage|p2b: Venusaur|0 fnt\n|faint|p2b: Venusaur\n|move|p2a: Vileplume|Solar Beam||[still]\n|-prepare|p2a: Vileplume|Solar Beam\n|-anim|p2a: Vileplume|Solar Beam|p1b: Torterra\n|-damage|p1b: Torterra|0 fnt\n|faint|p1b: Torterra\n|\n|-weather|SunnyDay|[upkeep]\n|upkeep\n|\n|t:|1695857070\n|switch|p2b: Torkoal|Torkoal, M|100\/100\n|switch|p1b: Crobat|Crobat, F|100\/100\n|turn|8\n|\n|t:|1695857131\n|move|p1a: Flygon|Dragon Claw|p2b: Torkoal\n|-damage|p2b: Torkoal|64\/100\n|move|p2a: Vileplume|Sludge Bomb|p1a: Flygon\n|-resisted|p1a: Flygon\n|-damage|p1a: Flygon|0 fnt\n|faint|p1a: Flygon\n|move|p1b: Crobat|Brave Bird|p2a: Vileplume\n|-supereffective|p2a: Vileplume\n|-damage|p2a: Vileplume|0 fnt\n|faint|p2a: Vileplume\n|-damage|p1b: Crobat|75\/100|[from] Recoil\n|move|p2b: Torkoal|Heat Wave|p1b: Crobat\n|-damage|p1b: Crobat|28\/100\n|\n|-weather|SunnyDay|[upkeep]\n|-heal|p2b: Torkoal|70\/100|[from] item: Leftovers\n|upkeep\n|turn|9\n|\n|t:|1695857152\n|move|p1b: Crobat|Brave Bird|p2b: Torkoal\n|-damage|p2b: Torkoal|35\/100\n|-damage|p1b: Crobat|17\/100|[from] Recoil\n|move|p2b: Torkoal|Heat Wave|p1b: Crobat\n|-damage|p1b: Crobat|0 fnt\n|faint|p1b: Crobat\n|\n|win|Uncle Kars\n|l|\u2606harteteam\n","uploadtime":1695857162,"views":13,"p1id":"harteteam","p2id":"unclekars","formatid":"gen9nationaldexdoubles","rating":0,"private":0,"password":""}