{"id":"gen9nationaldexdoubles-1999365061","p1":"lonelydumbass","p2":"LeChaelum","format":"[Gen 9] National Dex Doubles","log":"|j|\u2606lonelydumbass\n|j|\u2606LeChaelum\n|t:|1701067506\n|gametype|doubles\n|player|p1|lonelydumbass|guitarist-gen4|1265\n|player|p2|LeChaelum|schoolkid-gen4|1290\n|teamsize|p1|6\n|teamsize|p2|6\n|gen|9\n|tier|[Gen 9] National Dex Doubles\n|rated|\n|rule|HP Percentage Mod: HP is shown in percentages\n|rule|Endless Battle Clause: Forcing endless battles is banned\n|rule|OHKO Clause: OHKO moves are banned\n|rule|Evasion Moves Clause: Evasion moves are banned\n|rule|Evasion Abilities Clause: Evasion abilities are banned\n|rule|Species Clause: Limit one of each Pok\u00e9mon\n|rule|Gravity Sleep Clause: The combination of sleep-inducing moves with imperfect accuracy and Gravity or Gigantamax Orbeetle are banned\n|clearpoke\n|poke|p1|Kabutops, M|\n|poke|p1|Amoonguss, F|\n|poke|p1|Pelipper, F|\n|poke|p1|Tornadus, M|\n|poke|p1|Urshifu-*, M|\n|poke|p1|Basculegion, M|\n|poke|p2|Flutter Mane|\n|poke|p2|Cyclizar, M|\n|poke|p2|Gothitelle, M|\n|poke|p2|Altaria, M|\n|poke|p2|Toxapex, M|\n|poke|p2|Vivillon-Icy Snow, M|\n|teampreview\n|\n|t:|1701067529\n|start\n|switch|p1a: Speed Control|Tornadus, M|100\/100\n|switch|p1b: berd|Pelipper, F|100\/100\n|switch|p2a: Flutter Mane|Flutter Mane|100\/100\n|switch|p2b: Cyclizar|Cyclizar, M|100\/100\n|-weather|RainDance|[from] ability: Drizzle|[of] p1b: berd\n|turn|1\n|\n|t:|1701067543\n|move|p1a: Speed Control|Tailwind|p1a: Speed Control\n|-sidestart|p1: lonelydumbass|move: Tailwind\n|move|p2a: Flutter Mane|Perish Song|p2a: Flutter Mane\n|-start|p1a: Speed Control|perish3|[silent]\n|-start|p1b: berd|perish3|[silent]\n|-start|p2a: Flutter Mane|perish3|[silent]\n|-start|p2b: Cyclizar|perish3|[silent]\n|-fieldactivate|move: Perish Song\n|move|p2b: Cyclizar|Shed Tail|p2b: Cyclizar\n|-start|p2b: Cyclizar|Substitute|[from] move: Shed Tail\n|-damage|p2b: Cyclizar|50\/100\n|\n|t:|1701067549\n|switch|p2b: Gothitelle|Gothitelle, M|100\/100|[from] Shed Tail\n|move|p1b: berd|Icy Wind|p2b: Gothitelle|[spread] p2a,p2b\n|-activate|p2b: Gothitelle|move: Substitute|[damage]\n|-damage|p2a: Flutter Mane|91\/100\n|-unboost|p2a: Flutter Mane|spe|1\n|\n|-weather|RainDance|[upkeep]\n|-start|p1a: Speed Control|perish3\n|-start|p1b: berd|perish3\n|-start|p2a: Flutter Mane|perish3\n|upkeep\n|turn|2\n|\n|t:|1701067563\n|-end|p2a: Flutter Mane|Protosynthesis|[silent]\n|switch|p2a: Altaria|Altaria, M|100\/100\n|move|p2b: Gothitelle|Fake Out|p1b: berd\n|-damage|p1b: berd|96\/100\n|move|p1a: Speed Control|Bleakwind Storm|p2b: Gothitelle|[spread] p2a,p2b\n|-end|p2b: Gothitelle|Substitute\n|-damage|p2a: Altaria|69\/100\n|cant|p1b: berd|flinch\n|\n|-weather|RainDance|[upkeep]\n|-start|p1a: Speed Control|perish2\n|-start|p1b: berd|perish2\n|upkeep\n|turn|3\n|\n|t:|1701067580\n|move|p2a: Altaria|Protect|p2a: Altaria\n|-singleturn|p2a: Altaria|Protect\n|move|p2b: Gothitelle|Protect|p2b: Gothitelle\n|-singleturn|p2b: Gothitelle|Protect\n|move|p1a: Speed Control|Weather Ball|p2b: Gothitelle\n|-activate|p2b: Gothitelle|move: Protect\n|move|p1b: berd|U-turn|p2b: Gothitelle\n|-activate|p2b: Gothitelle|move: Protect\n|\n|-weather|RainDance|[upkeep]\n|-start|p1a: Speed Control|perish1\n|-start|p1b: berd|perish1\n|upkeep\n|turn|4\n|\n|t:|1701067602\n|switch|p2b: Cyclizar|Cyclizar, M|84\/100\n|detailschange|p2a: Altaria|Altaria-Mega, M\n|-mega|p2a: Altaria|Altaria|Altarianite\n|move|p1a: Speed Control|Bleakwind Storm|p2b: Cyclizar|[spread] p2a,p2b\n|-damage|p2a: Altaria|38\/100\n|-damage|p2b: Cyclizar|19\/100\n|move|p1b: berd|U-turn|p2a: Altaria\n|-resisted|p2a: Altaria\n|-damage|p2a: Altaria|35\/100\n|\n|t:|1701067613\n|switch|p1b: Kabutops|Kabutops, M|100\/100|[from] U-turn\n|move|p2a: Altaria|Hyper Voice|p1b: Kabutops|[spread] p1a,p1b\n|-damage|p1a: Speed Control|57\/100\n|-damage|p1b: Kabutops|44\/100\n|\n|-weather|RainDance|[upkeep]\n|-start|p1a: Speed Control|perish0\n|-sideend|p1: lonelydumbass|move: Tailwind\n|upkeep\n|faint|p1a: Speed Control\n|\n|t:|1701067621\n|switch|p1a: he goes last|Basculegion, M|100\/100\n|turn|5\n|\n|t:|1701067632\n|move|p2a: Altaria|Protect|p2a: Altaria\n|-singleturn|p2a: Altaria|Protect\n|move|p1b: Kabutops|Knock Off|p2b: Cyclizar\n|-damage|p2b: Cyclizar|0 fnt\n|-enditem|p2b: Cyclizar|Covert Cloak|[from] move: Knock Off|[of] p1b: Kabutops\n|faint|p2b: Cyclizar\n|-damage|p1b: Kabutops|34\/100|[from] item: Life Orb\n|move|p1a: he goes last|Wave Crash|p2a: Altaria\n|-activate|p2a: Altaria|move: Protect\n|\n|-weather|RainDance|[upkeep]\n|upkeep\n|\n|t:|1701067653\n|switch|p2b: Vivillon|Vivillon-Icy Snow, M|100\/100\n|turn|6\n|\n|t:|1701067659\n|move|p2b: Vivillon|Rage Powder|p2b: Vivillon\n|-singleturn|p2b: Vivillon|move: Rage Powder\n|move|p1b: Kabutops|Rock Slide|p2a: Altaria|[spread] p2a,p2b\n|-supereffective|p2b: Vivillon\n|-damage|p2a: Altaria|12\/100\n|-enditem|p2b: Vivillon|Focus Sash\n|-damage|p2b: Vivillon|1\/100\n|-damage|p1b: Kabutops|24\/100|[from] item: Life Orb\n|move|p1a: he goes last|Flip Turn|p2b: Vivillon\n|-damage|p2b: Vivillon|0 fnt\n|faint|p2b: Vivillon\n|\n|t:|1701067669\n|switch|p1a: Amoonguss|Amoonguss, F|100\/100|[from] Flip Turn\n|cant|p2a: Altaria|flinch\n|\n|-weather|RainDance|[upkeep]\n|upkeep\n|\n|t:|1701067678\n|switch|p2b: Gothitelle|Gothitelle, M|100\/100\n|turn|7\n|\n|t:|1701067698\n|move|p2b: Gothitelle|Fake Out|p1b: Kabutops\n|-resisted|p1b: Kabutops\n|-damage|p1b: Kabutops|20\/100\n|cant|p1b: Kabutops|flinch\n|move|p2a: Altaria|Roost|p2a: Altaria\n|-heal|p2a: Altaria|62\/100\n|-singleturn|p2a: Altaria|move: Roost\n|move|p1a: Amoonguss|Spore|p2b: Gothitelle\n|-status|p2b: Gothitelle|slp|[from] move: Spore\n|\n|-weather|RainDance|[upkeep]\n|upkeep\n|turn|8\n|\n|t:|1701067727\n|cant|p2b: Gothitelle|slp\n|move|p1a: Amoonguss|Rage Powder|p1a: Amoonguss\n|-singleturn|p1a: Amoonguss|move: Rage Powder\n|move|p1b: Kabutops|Flip Turn|p2b: Gothitelle\n|-damage|p2b: Gothitelle|50\/100 slp\n|-damage|p1b: Kabutops|10\/100|[from] item: Life Orb\n|\n|t:|1701067738\n|switch|p1b: he goes last|Basculegion, M|100\/100|[from] Flip Turn\n|move|p2a: Altaria|Hyper Voice|p1b: he goes last|[spread] p1a,p1b\n|-resisted|p1a: Amoonguss\n|-damage|p1a: Amoonguss|89\/100\n|-damage|p1b: he goes last|70\/100\n|\n|-weather|none\n|-heal|p1b: he goes last|76\/100|[from] item: Leftovers\n|-heal|p2b: Gothitelle|56\/100 slp|[from] item: Leftovers\n|-heal|p1a: Amoonguss|95\/100|[from] item: Leftovers\n|upkeep\n|turn|9\n|\n|t:|1701067756\n|switch|p1b: berd|Pelipper, F|96\/100\n|-weather|RainDance|[from] ability: Drizzle|[of] p1b: berd\n|-terastallize|p2b: Gothitelle|Dark\n|move|p2a: Altaria|Hyper Voice|p1b: berd|[spread] p1a,p1b\n|-resisted|p1a: Amoonguss\n|-damage|p1a: Amoonguss|84\/100\n|-damage|p1b: berd|58\/100\n|cant|p2b: Gothitelle|slp\n|move|p1a: Amoonguss|Spore|p2a: Altaria\n|-status|p2a: Altaria|slp|[from] move: Spore\n|\n|-weather|RainDance|[upkeep]\n|-heal|p2b: Gothitelle|62\/100 slp|[from] item: Leftovers\n|-heal|p1a: Amoonguss|91\/100|[from] item: Leftovers\n|upkeep\n|turn|10\n|\n|t:|1701067778\n|cant|p2a: Altaria|slp\n|move|p1b: berd|Tailwind|p1b: berd\n|-sidestart|p1: lonelydumbass|move: Tailwind\n|cant|p2b: Gothitelle|slp\n|move|p1a: Amoonguss|Pollen Puff|p2b: Gothitelle\n|-supereffective|p2b: Gothitelle\n|-damage|p2b: Gothitelle|33\/100 slp\n|\n|-weather|RainDance|[upkeep]\n|-heal|p2b: Gothitelle|39\/100 slp|[from] item: Leftovers\n|-heal|p1a: Amoonguss|97\/100|[from] item: Leftovers\n|upkeep\n|turn|11\n|\n|t:|1701067794\n|move|p1b: berd|U-turn|p2b: Gothitelle\n|-supereffective|p2b: Gothitelle\n|-damage|p2b: Gothitelle|25\/100 slp\n|\n|t:|1701067800\n|switch|p1b: Kabutops|Kabutops, M|10\/100|[from] U-turn\n|cant|p2a: Altaria|slp\n|-curestatus|p2b: Gothitelle|slp|[msg]\n|move|p2b: Gothitelle|Expanding Force|p1b: Kabutops\n|-damage|p1b: Kabutops|0 fnt\n|faint|p1b: Kabutops\n|move|p1a: Amoonguss|Pollen Puff|p2b: Gothitelle\n|-supereffective|p2b: Gothitelle\n|-damage|p2b: Gothitelle|0 fnt\n|faint|p2b: Gothitelle\n|\n|-weather|RainDance|[upkeep]\n|-heal|p1a: Amoonguss|100\/100|[from] item: Leftovers\n|upkeep\n|\n|t:|1701067814\n|switch|p1b: he goes last|Basculegion, M|76\/100\n|switch|p2b: Toxapex|Toxapex, M|100\/100\n|turn|12\n|\n|t:|1701067824\n|cant|p2a: Altaria|slp\n|move|p1a: Amoonguss|Rage Powder|p1a: Amoonguss\n|-singleturn|p1a: Amoonguss|move: Rage Powder\n|move|p1b: he goes last|Last Respects|p2a: Altaria\n|-damage|p2a: Altaria|2\/100 slp\n|move|p2b: Toxapex|Toxic|p1a: Amoonguss\n|-immune|p1a: Amoonguss\n|\n|-weather|RainDance|[upkeep]\n|-heal|p1b: he goes last|83\/100|[from] item: Leftovers\n|upkeep\n|turn|13\n|\n|t:|1701067847\n|-curestatus|p2a: Altaria|slp|[msg]\n|move|p2a: Altaria|Protect|p2a: Altaria\n|-singleturn|p2a: Altaria|Protect\n|move|p1a: Amoonguss|Rage Powder|p1a: Amoonguss\n|-singleturn|p1a: Amoonguss|move: Rage Powder\n|move|p1b: he goes last|Last Respects|p2a: Altaria\n|-activate|p2a: Altaria|move: Protect\n|move|p2b: Toxapex|Scald|p1a: Amoonguss\n|-resisted|p1a: Amoonguss\n|-damage|p1a: Amoonguss|92\/100\n|-status|p1a: Amoonguss|brn\n|\n|-weather|RainDance|[upkeep]\n|-heal|p1b: he goes last|89\/100|[from] item: Leftovers\n|-heal|p1a: Amoonguss|98\/100 brn|[from] item: Leftovers\n|-damage|p1a: Amoonguss|92\/100 brn|[from] brn\n|-sideend|p1: lonelydumbass|move: Tailwind\n|upkeep\n|turn|14\n|\n|t:|1701067857\n|move|p1a: Amoonguss|Rage Powder|p1a: Amoonguss\n|-singleturn|p1a: Amoonguss|move: Rage Powder\n|move|p1b: he goes last|Aqua Jet|p2a: Altaria\n|-resisted|p2a: Altaria\n|-damage|p2a: Altaria|0 fnt\n|faint|p2a: Altaria\n|move|p2b: Toxapex|Scald|p1a: Amoonguss\n|-resisted|p1a: Amoonguss\n|-damage|p1a: Amoonguss|84\/100 brn\n|\n|-weather|RainDance|[upkeep]\n|-heal|p1b: he goes last|95\/100|[from] item: Leftovers\n|-heal|p1a: Amoonguss|90\/100 brn|[from] item: Leftovers\n|-damage|p1a: Amoonguss|84\/100 brn|[from] brn\n|upkeep\n|\n|t:|1701067865\n|switch|p2a: Flutter Mane|Flutter Mane|91\/100\n|turn|15\n|\n|t:|1701067872\n|move|p2a: Flutter Mane|Protect|p2a: Flutter Mane\n|-singleturn|p2a: Flutter Mane|Protect\n|move|p1a: Amoonguss|Rage Powder|p1a: Amoonguss\n|-singleturn|p1a: Amoonguss|move: Rage Powder\n|move|p1b: he goes last|Last Respects|p2a: Flutter Mane\n|-activate|p2a: Flutter Mane|move: Protect\n|move|p2b: Toxapex|Scald|p1a: Amoonguss\n|-resisted|p1a: Amoonguss\n|-damage|p1a: Amoonguss|75\/100 brn\n|\n|-weather|RainDance|[upkeep]\n|-heal|p1b: he goes last|100\/100|[from] item: Leftovers\n|-heal|p1a: Amoonguss|81\/100 brn|[from] item: Leftovers\n|-damage|p1a: Amoonguss|75\/100 brn|[from] brn\n|upkeep\n|turn|16\n|\n|t:|1701067891\n|move|p2a: Flutter Mane|Protect|p2a: Flutter Mane\n|-singleturn|p2a: Flutter Mane|Protect\n|move|p1a: Amoonguss|Rage Powder|p1a: Amoonguss\n|-singleturn|p1a: Amoonguss|move: Rage Powder\n|move|p1b: he goes last|Last Respects|p2a: Flutter Mane\n|-activate|p2a: Flutter Mane|move: Protect\n|move|p2b: Toxapex|Scald|p1a: Amoonguss\n|-resisted|p1a: Amoonguss\n|-damage|p1a: Amoonguss|66\/100 brn\n|\n|-weather|none\n|-heal|p1a: Amoonguss|72\/100 brn|[from] item: Leftovers\n|-damage|p1a: Amoonguss|66\/100 brn|[from] brn\n|upkeep\n|turn|17\n|\n|t:|1701067902\n|switch|p1a: berd|Pelipper, F|58\/100\n|-weather|RainDance|[from] ability: Drizzle|[of] p1a: berd\n|move|p1b: he goes last|Last Respects|p2a: Flutter Mane\n|-supereffective|p2a: Flutter Mane\n|-damage|p2a: Flutter Mane|0 fnt\n|faint|p2a: Flutter Mane\n|-end|p2a: Flutter Mane|Protosynthesis|[silent]\n|move|p2b: Toxapex|Scald|p1a: berd\n|-resisted|p1a: berd\n|-damage|p1a: berd|41\/100\n|\n|-weather|RainDance|[upkeep]\n|upkeep\n|turn|18\n|\n|t:|1701067916\n|switch|p1b: Amoonguss|Amoonguss, F|99\/100 brn\n|move|p1a: berd|Icy Wind|p2b: Toxapex\n|-resisted|p2b: Toxapex\n|-damage|p2b: Toxapex|96\/100\n|-unboost|p2b: Toxapex|spe|1\n|move|p2b: Toxapex|Toxic||[still]\n|-fail|p2b: Toxapex\n|\n|-weather|RainDance|[upkeep]\n|-heal|p1b: Amoonguss|100\/100 brn|[from] item: Leftovers\n|-damage|p1b: Amoonguss|94\/100 brn|[from] brn\n|upkeep\n|turn|19\n|\n|t:|1701067931\n|move|p1a: berd|U-turn|p2b: Toxapex\n|-resisted|p2b: Toxapex\n|-damage|p2b: Toxapex|94\/100\n|\n|t:|1701067934\n|switch|p1a: he goes last|Basculegion, M|100\/100|[from] U-turn\n|move|p2b: Toxapex|Scald|p1a: he goes last\n|-resisted|p1a: he goes last\n|-damage|p1a: he goes last|85\/100\n|-status|p1a: he goes last|brn\n|move|p1b: Amoonguss|Spore|p2b: Toxapex\n|-status|p2b: Toxapex|slp|[from] move: Spore\n|\n|-weather|RainDance|[upkeep]\n|-heal|p1a: he goes last|92\/100 brn|[from] item: Leftovers\n|-heal|p1b: Amoonguss|100\/100 brn|[from] item: Leftovers\n|-damage|p1a: he goes last|85\/100 brn|[from] brn\n|-damage|p1b: Amoonguss|94\/100 brn|[from] brn\n|upkeep\n|turn|20\n|\n|t:|1701067948\n|move|p1a: he goes last|Last Respects|p2b: Toxapex\n|-damage|p2b: Toxapex|72\/100 slp\n|cant|p2b: Toxapex|slp\n|move|p1b: Amoonguss|Leaf Storm|p2b: Toxapex\n|-damage|p2b: Toxapex|42\/100 slp\n|-unboost|p1b: Amoonguss|spa|2\n|\n|-weather|RainDance|[upkeep]\n|-heal|p1a: he goes last|92\/100 brn|[from] item: Leftovers\n|-heal|p1b: Amoonguss|100\/100 brn|[from] item: Leftovers\n|-damage|p1a: he goes last|85\/100 brn|[from] brn\n|-damage|p1b: Amoonguss|94\/100 brn|[from] brn\n|upkeep\n|turn|21\n|\n|t:|1701067958\n|switch|p1b: berd|Pelipper, F|41\/100\n|move|p1a: he goes last|Last Respects|p2b: Toxapex\n|-damage|p2b: Toxapex|18\/100 slp\n|-curestatus|p2b: Toxapex|slp|[msg]\n|move|p2b: Toxapex|Recover|p2b: Toxapex\n|-heal|p2b: Toxapex|68\/100\n|\n|-weather|RainDance|[upkeep]\n|-heal|p1a: he goes last|92\/100 brn|[from] item: Leftovers\n|-damage|p1a: he goes last|85\/100 brn|[from] brn\n|upkeep\n|turn|22\n|\n|t:|1701067971\n|move|p1a: he goes last|Last Respects|p2b: Toxapex\n|-damage|p2b: Toxapex|46\/100\n|move|p1b: berd|Hydro Pump|p2b: Toxapex\n|-resisted|p2b: Toxapex\n|-damage|p2b: Toxapex|23\/100\n|move|p2b: Toxapex|Toxic|p1b: berd\n|-status|p1b: berd|tox\n|\n|-weather|RainDance|[upkeep]\n|-heal|p1a: he goes last|92\/100 brn|[from] item: Leftovers\n|-damage|p1b: berd|35\/100 tox|[from] psn\n|-damage|p1a: he goes last|85\/100 brn|[from] brn\n|upkeep\n|turn|23\n|\n|t:|1701067988\n|move|p1a: he goes last|Last Respects|p2b: Toxapex\n|-damage|p2b: Toxapex|0 fnt\n|faint|p2b: Toxapex\n|\n|win|lonelydumbass\n|raw|lonelydumbass's rating: 1248 &rarr; <strong>1276<\/strong><br \/>(+28 for winning)\n|raw|LeChaelum's rating: 1290 &rarr; <strong>1262<\/strong><br \/>(-28 for losing)\n|c|\u2606lonelydumbass|gg\n","uploadtime":1701068008,"views":1,"p1id":"lonelydumbass","p2id":"lechaelum","formatid":"gen9nationaldexdoubles","rating":1262,"private":0,"password":""}