{"id":"gen9nationaldexdoubles-1976742296","p1":"fumbari 24","p2":"igorbacana","format":"[Gen 9] National Dex Doubles","log":"|j|\u2606fumbari 24\n|j|\u2606igorbacana\n|t:|1698337784\n|gametype|doubles\n|player|p1|fumbari 24|hilbert|1464\n|player|p2|igorbacana|cynthia|1336\n|teamsize|p1|6\n|teamsize|p2|6\n|gen|9\n|tier|[Gen 9] National Dex Doubles\n|rated|\n|rule|HP Percentage Mod: HP is shown in percentages\n|rule|Endless Battle Clause: Forcing endless battles is banned\n|rule|OHKO Clause: OHKO moves are banned\n|rule|Evasion Moves Clause: Evasion moves are banned\n|rule|Evasion Abilities Clause: Evasion abilities are banned\n|rule|Species Clause: Limit one of each Pok\u00e9mon\n|rule|Gravity Sleep Clause: The combination of sleep-inducing moves with imperfect accuracy and Gravity or Gigantamax Orbeetle are banned\n|clearpoke\n|poke|p1|Kommo-o, M|\n|poke|p1|Clefairy, F|\n|poke|p1|Volcanion|\n|poke|p1|Sinistcha|\n|poke|p1|Gardevoir, F|\n|poke|p1|Gallade, M|\n|poke|p2|Indeedee-F, F|\n|poke|p2|Blacephalon|\n|poke|p2|Whimsicott, F|\n|poke|p2|Armarouge, F|\n|poke|p2|Incineroar, M|\n|poke|p2|Iron Bundle|\n|teampreview\n|inactive|Battle timer is ON: inactive players will automatically lose when time's up. (requested by igorbacana)\n|\n|t:|1698337808\n|start\n|switch|p1a: Longyuan|Gallade, M|100\/100\n|switch|p1b: Yohken|Kommo-o, M|100\/100\n|switch|p2a: Whimsicott|Whimsicott, F, shiny|100\/100\n|switch|p2b: Blacephalon|Blacephalon, shiny|100\/100\n|turn|1\n|\n|t:|1698337816\n|move|p2b: Blacephalon|Protect|p2b: Blacephalon\n|-singleturn|p2b: Blacephalon|Protect\n|move|p1a: Longyuan|Wide Guard|p1a: Longyuan\n|-singleturn|p1a: Longyuan|Wide Guard\n|move|p2a: Whimsicott|Tailwind|p2a: Whimsicott\n|-sidestart|p2: igorbacana|move: Tailwind\n|-zpower|p1b: Yohken\n|move|p1b: Yohken|Clangorous Soulblaze|p2b: Blacephalon|[zeffect]|[spread] p2b\n|-immune|p2a: Whimsicott\n|-zbroken|p2b: Blacephalon\n|-damage|p2b: Blacephalon|75\/100\n|-boost|p1b: Yohken|atk|1\n|-boost|p1b: Yohken|def|1\n|-boost|p1b: Yohken|spa|1\n|-boost|p1b: Yohken|spd|1\n|-boost|p1b: Yohken|spe|1\n|\n|upkeep\n|turn|2\n|\n|t:|1698337842\n|move|p2a: Whimsicott|Encore||[still]\n|-fail|p2a: Whimsicott\n|move|p2b: Blacephalon|Flamethrower|p1a: Longyuan\n|-damage|p1a: Longyuan|36\/100\n|-damage|p2b: Blacephalon|65\/100|[from] item: Life Orb\n|move|p1b: Yohken|Flash Cannon|p2a: Whimsicott\n|-supereffective|p2a: Whimsicott\n|-enditem|p2a: Whimsicott|Focus Sash\n|-damage|p2a: Whimsicott|1\/100\n|-unboost|p2a: Whimsicott|spd|1\n|move|p1a: Longyuan|Sacred Sword|p2a: Whimsicott\n|-resisted|p2a: Whimsicott\n|-damage|p2a: Whimsicott|0 fnt\n|faint|p2a: Whimsicott\n|\n|upkeep\n|\n|t:|1698337856\n|switch|p2a: Indeedee|Indeedee-F, F|100\/100\n|-fieldstart|move: Psychic Terrain|[from] ability: Psychic Surge|[of] p2a: Indeedee\n|-enditem|p2a: Indeedee|Psychic Seed\n|-boost|p2a: Indeedee|spd|1|[from] item: Psychic Seed\n|turn|3\n|\n|t:|1698337867\n|move|p1a: Longyuan|Wide Guard|p1a: Longyuan\n|-singleturn|p1a: Longyuan|Wide Guard\n|move|p2a: Indeedee|Follow Me|p2a: Indeedee\n|-singleturn|p2a: Indeedee|move: Follow Me\n|move|p2b: Blacephalon|Flamethrower|p1a: Longyuan\n|-damage|p1a: Longyuan|0 fnt\n|faint|p1a: Longyuan\n|-ability|p2b: Blacephalon|Beast Boost|boost\n|-boost|p2b: Blacephalon|spa|1\n|-damage|p2b: Blacephalon|55\/100|[from] item: Life Orb\n|move|p1b: Yohken|Clanging Scales|p2a: Indeedee|[spread] p2a,p2b\n|-damage|p2a: Indeedee|60\/100\n|-damage|p2b: Blacephalon|0 fnt\n|faint|p2b: Blacephalon\n|-unboost|p1b: Yohken|def|1\n|\n|upkeep\n|\n|t:|1698337891\n|switch|p2b: Armarouge|Armarouge, F|100\/100\n|switch|p1a: Taia|Clefairy, F|100\/100\n|turn|4\n|\n|t:|1698337908\n|-terastallize|p1a: Taia|Dark\n|move|p1b: Yohken|Protect|p1b: Yohken\n|-singleturn|p1b: Yohken|Protect\n|move|p2b: Armarouge|Expanding Force|p1b: Yohken|[spread] \n|-activate|p1b: Yohken|move: Protect\n|-immune|p1a: Taia\n|move|p2a: Indeedee|Expanding Force|p1a: Taia|[spread] \n|-activate|p1b: Yohken|move: Protect\n|-immune|p1a: Taia\n|move|p1a: Taia|Moonblast|p2b: Armarouge\n|-resisted|p2b: Armarouge\n|-damage|p2b: Armarouge|86\/100\n|\n|-sideend|p2: igorbacana|move: Tailwind\n|upkeep\n|turn|5\n|\n|t:|1698337922\n|move|p1a: Taia|Helping Hand|p1b: Yohken\n|-singleturn|p1b: Yohken|Helping Hand|[of] p1a: Taia\n|move|p1b: Yohken|Clanging Scales|p2b: Armarouge|[spread] p2a,p2b\n|-damage|p2a: Indeedee|3\/100\n|-damage|p2b: Armarouge|0 fnt\n|faint|p2b: Armarouge\n|-unboost|p1b: Yohken|def|1\n|move|p2a: Indeedee|Expanding Force|p1a: Taia|[spread] p1b\n|-immune|p1a: Taia\n|-supereffective|p1b: Yohken\n|-damage|p1b: Yohken|52\/100\n|\n|upkeep\n|\n|t:|1698337932\n|switch|p2b: Incineroar|Incineroar, M|100\/100\n|-ability|p2b: Incineroar|Intimidate|boost\n|-unboost|p1a: Taia|atk|1\n|-unboost|p1b: Yohken|atk|1\n|turn|6\n|\n|t:|1698337954\n|move|p1b: Yohken|Clanging Scales|p2b: Incineroar|[spread] p2a,p2b\n|-damage|p2a: Indeedee|0 fnt\n|-damage|p2b: Incineroar|59\/100\n|faint|p2a: Indeedee\n|-unboost|p1b: Yohken|def|1\n|move|p2b: Incineroar|Knock Off|p1b: Yohken\n|-resisted|p1b: Yohken\n|-damage|p1b: Yohken|35\/100\n|move|p1a: Taia|Life Dew||[still]|[spread] p1a,p1b\n|-fail|p1a: Taia|heal\n|-heal|p1b: Yohken|61\/100\n|\n|upkeep\n|\n|t:|1698337963\n|switch|p2a: Iron Bundle|Iron Bundle|100\/100\n|-enditem|p2a: Iron Bundle|Booster Energy\n|-activate|p2a: Iron Bundle|ability: Quark Drive|[fromitem]\n|-start|p2a: Iron Bundle|quarkdrivespe\n|turn|7\n|\n|t:|1698337976\n|move|p1a: Taia|Follow Me|p1a: Taia\n|-singleturn|p1a: Taia|move: Follow Me\n|move|p2a: Iron Bundle|Freeze-Dry|p1a: Taia\n|-damage|p1a: Taia|73\/100\n|move|p1b: Yohken|Clanging Scales|p2a: Iron Bundle|[spread] p2a,p2b\n|-damage|p2a: Iron Bundle|0 fnt\n|-damage|p2b: Incineroar|20\/100\n|-enditem|p2b: Incineroar|Sitrus Berry|[eat]\n|-heal|p2b: Incineroar|45\/100|[from] item: Sitrus Berry\n|faint|p2a: Iron Bundle\n|-end|p2a: Iron Bundle|Quark Drive|[silent]\n|-unboost|p1b: Yohken|def|1\n|move|p2b: Incineroar|Flare Blitz|p1a: Taia\n|-damage|p1a: Taia|31\/100\n|-damage|p2b: Incineroar|32\/100|[from] Recoil\n|\n|-fieldend|move: Psychic Terrain\n|upkeep\n|turn|8\n|-message|igorbacana forfeited.\n|\n|win|fumbari 24\n|raw|fumbari 24's rating: 1464 &rarr; <strong>1477<\/strong><br \/>(+13 for winning)\n|raw|igorbacana's rating: 1336 &rarr; <strong>1323<\/strong><br \/>(-13 for losing)\n|l|\u2606igorbacana\n","uploadtime":1698338065,"views":6,"p1id":"fumbari24","p2id":"igorbacana","formatid":"gen9nationaldexdoubles","rating":1323,"private":0,"password":""}