{"id":"gen9nationaldexdoubles-1958175644","p1":"double_scoops","p2":"blossom02","format":"[Gen 9] National Dex Doubles","log":"|j|\u2606double_scoops\n|j|\u2606blossom02\n|t:|1696295101\n|gametype|doubles\n|player|p1|double_scoops|eusine|1268\n|player|p2|blossom02|mira|1216\n|teamsize|p1|6\n|teamsize|p2|6\n|gen|9\n|tier|[Gen 9] National Dex Doubles\n|rated|\n|rule|HP Percentage Mod: HP is shown in percentages\n|rule|Endless Battle Clause: Forcing endless battles is banned\n|rule|OHKO Clause: OHKO moves are banned\n|rule|Evasion Moves Clause: Evasion moves are banned\n|rule|Evasion Abilities Clause: Evasion abilities are banned\n|rule|Species Clause: Limit one of each Pok\u00e9mon\n|rule|Gravity Sleep Clause: The combination of sleep-inducing moves with imperfect accuracy and Gravity or Gigantamax Orbeetle are banned\n|clearpoke\n|poke|p1|Florges-White, F|\n|poke|p1|Rillaboom, M|\n|poke|p1|Meowscarada, M|\n|poke|p1|Torkoal, M|\n|poke|p1|Walking Wake|\n|poke|p1|Flutter Mane|\n|poke|p2|Audino, F|\n|poke|p2|Clefable, F|\n|poke|p2|Klefki, F|\n|poke|p2|Primarina, F|\n|poke|p2|Togekiss, F|\n|poke|p2|Hatterene, F|\n|teampreview\n|\n|t:|1696295120\n|start\n|switch|p1a: Torkoal|Torkoal, M|100\/100\n|switch|p1b: Flutter Mane|Flutter Mane|100\/100\n|switch|p2a: Klefki|Klefki, F|100\/100\n|switch|p2b: Togekiss|Togekiss, F, shiny|100\/100\n|-weather|SunnyDay|[from] ability: Drought|[of] p1a: Torkoal\n|-activate|p1b: Flutter Mane|ability: Protosynthesis\n|-start|p1b: Flutter Mane|protosynthesisspe\n|turn|1\n|\n|t:|1696295146\n|-terastallize|p2b: Togekiss|Fairy\n|move|p2a: Klefki|Light Screen|p2a: Klefki\n|-sidestart|p2: blossom02|move: Light Screen\n|move|p1b: Flutter Mane|Shadow Ball|p2b: Togekiss\n|-damage|p2b: Togekiss|68\/100\n|move|p2b: Togekiss|Air Slash|p1b: Flutter Mane\n|-damage|p1b: Flutter Mane|33\/100\n|move|p1a: Torkoal|Eruption|p2a: Klefki|[spread] p2a,p2b\n|-supereffective|p2a: Klefki\n|-damage|p2a: Klefki|0 fnt\n|-damage|p2b: Togekiss|26\/100\n|faint|p2a: Klefki\n|\n|-weather|SunnyDay|[upkeep]\n|upkeep\n|inactive|Battle timer is ON: inactive players will automatically lose when time's up. (requested by double_scoops)\n|\n|t:|1696295163\n|switch|p2a: Hatterene|Hatterene, F, shiny|100\/100\n|turn|2\n|\n|t:|1696295179\n|move|p2a: Hatterene|Protect|p2a: Hatterene\n|-singleturn|p2a: Hatterene|Protect\n|move|p1b: Flutter Mane|Shadow Ball|p2a: Hatterene\n|-activate|p2a: Hatterene|move: Protect\n|move|p2b: Togekiss|Air Slash|p1b: Flutter Mane\n|-damage|p1b: Flutter Mane|0 fnt\n|faint|p1b: Flutter Mane\n|-end|p1b: Flutter Mane|Protosynthesis|[silent]\n|move|p1a: Torkoal|Eruption|p2b: Togekiss|[spread] p2b\n|-activate|p2a: Hatterene|move: Protect\n|-damage|p2b: Togekiss|0 fnt\n|faint|p2b: Togekiss\n|\n|-weather|SunnyDay|[upkeep]\n|upkeep\n|\n|t:|1696295204\n|switch|p1b: Meowscarada|Meowscarada, M|100\/100\n|switch|p2b: Clefable|Clefable, F, shiny|100\/100\n|turn|3\n|\n|t:|1696295220\n|move|p2b: Clefable|Follow Me|p2b: Clefable\n|-singleturn|p2b: Clefable|move: Follow Me\n|move|p1b: Meowscarada|Flower Trick|p2b: Clefable\n|-start|p1b: Meowscarada|typechange|Grass|[from] ability: Protean\n|-crit|p2b: Clefable\n|-damage|p2b: Clefable|54\/100\n|-damage|p1b: Meowscarada|91\/100|[from] item: Life Orb\n|move|p1a: Torkoal|Yawn|p2b: Clefable\n|-start|p2b: Clefable|move: Yawn|[of] p1a: Torkoal\n|move|p2a: Hatterene|Trick Room|p2a: Hatterene\n|-fieldstart|move: Trick Room|[of] p2a: Hatterene\n|\n|-weather|SunnyDay|[upkeep]\n|upkeep\n|turn|4\n|\n|t:|1696295240\n|move|p2a: Hatterene|Draining Kiss|p1b: Meowscarada\n|-damage|p1b: Meowscarada|40\/100\n|move|p1a: Torkoal|Solar Beam||[still]\n|-prepare|p1a: Torkoal|Solar Beam\n|-anim|p1a: Torkoal|Solar Beam|p2a: Hatterene\n|-damage|p2a: Hatterene|76\/100\n|move|p2b: Clefable|Wish|p2b: Clefable\n|move|p1b: Meowscarada|Flower Trick|p2b: Clefable\n|-crit|p2b: Clefable\n|-damage|p2b: Clefable|8\/100\n|-damage|p1b: Meowscarada|31\/100|[from] item: Life Orb\n|\n|-weather|SunnyDay|[upkeep]\n|-heal|p2a: Hatterene|82\/100|[from] item: Leftovers\n|-end|p2b: Clefable|move: Yawn|[silent]\n|-status|p2b: Clefable|slp\n|upkeep\n|turn|5\n|\n|t:|1696295262\n|switch|p1b: hard flower|Florges-White, F, shiny|100\/100\n|move|p2a: Hatterene|Draining Kiss|p1b: hard flower\n|-damage|p1b: hard flower|84\/100\n|-heal|p2a: Hatterene|96\/100|[from] drain|[of] p1b: hard flower\n|move|p1a: Torkoal|Yawn|p2a: Hatterene\n|move|p2a: Hatterene|Yawn|p1a: Torkoal|[from]ability: Magic Bounce\n|-start|p1a: Torkoal|move: Yawn|[of] p2a: Hatterene\n|cant|p2b: Clefable|slp\n|\n|-weather|none\n|-heal|p2b: Clefable|58\/100 slp|[from] move: Wish|[wisher] Clefable\n|-heal|p2a: Hatterene|100\/100|[from] item: Leftovers\n|-heal|p1b: hard flower|90\/100|[from] item: Leftovers\n|upkeep\n|turn|6\n|\n|t:|1696295283\n|switch|p1a: Rillaboom|Rillaboom, M, shiny|100\/100\n|-fieldstart|move: Grassy Terrain|[from] ability: Grassy Surge|[of] p1a: Rillaboom\n|move|p2a: Hatterene|Calm Mind|p2a: Hatterene\n|-boost|p2a: Hatterene|spa|1\n|-boost|p2a: Hatterene|spd|1\n|-curestatus|p2b: Clefable|slp|[msg]\n|move|p2b: Clefable|Wish|p2b: Clefable\n|move|p1b: hard flower|Light Screen|p1b: hard flower\n|-sidestart|p1: double_scoops|move: Light Screen\n|\n|-heal|p2b: Clefable|64\/100|[from] Grassy Terrain\n|-heal|p1b: hard flower|96\/100|[from] Grassy Terrain\n|-heal|p1b: hard flower|100\/100|[from] item: Leftovers\n|upkeep\n|turn|7\n|\n|t:|1696295307\n|move|p2a: Hatterene|Draining Kiss|p1a: Rillaboom\n|-damage|p1a: Rillaboom|64\/100\n|move|p2b: Clefable|Moonblast|p1a: Rillaboom\n|-damage|p1a: Rillaboom|36\/100\n|move|p1b: hard flower|Wish|p1b: hard flower\n|move|p1a: Rillaboom|Seed Bomb|p2a: Hatterene\n|-damage|p2a: Hatterene|40\/100\n|\n|-heal|p2b: Clefable|100\/100|[from] move: Wish|[wisher] Clefable\n|-heal|p2a: Hatterene|46\/100|[from] Grassy Terrain\n|-heal|p2a: Hatterene|52\/100|[from] item: Leftovers\n|-heal|p1a: Rillaboom|42\/100|[from] Grassy Terrain\n|-heal|p1a: Rillaboom|48\/100|[from] item: Leftovers\n|-fieldend|move: Trick Room\n|upkeep\n|turn|8\n|\n|t:|1696295335\n|switch|p1a: Torkoal|Torkoal, M|100\/100\n|-weather|SunnyDay|[from] ability: Drought|[of] p1a: Torkoal\n|switch|p1b: Meowscarada|Meowscarada, M|31\/100\n|move|p2b: Clefable|Follow Me|p2b: Clefable\n|-singleturn|p2b: Clefable|move: Follow Me\n|move|p2a: Hatterene|Trick Room|p2a: Hatterene\n|-fieldstart|move: Trick Room|[of] p2a: Hatterene\n|\n|-weather|SunnyDay|[upkeep]\n|-heal|p1b: Meowscarada|92\/100|[from] move: Wish|[wisher] hard flower\n|-heal|p2a: Hatterene|58\/100|[from] Grassy Terrain\n|-heal|p2a: Hatterene|64\/100|[from] item: Leftovers\n|-heal|p1b: Meowscarada|98\/100|[from] Grassy Terrain\n|-sideend|p2: blossom02|move: Light Screen\n|upkeep\n|turn|9\n|\n|t:|1696295352\n|move|p2a: Hatterene|Draining Kiss|p1b: Meowscarada\n|-supereffective|p1b: Meowscarada\n|-damage|p1b: Meowscarada|4\/100\n|-heal|p2a: Hatterene|100\/100|[from] drain|[of] p1b: Meowscarada\n|move|p1a: Torkoal|Eruption|p2b: Clefable|[spread] p2a,p2b\n|-damage|p2a: Hatterene|51\/100\n|-damage|p2b: Clefable|38\/100\n|move|p2b: Clefable|Moonblast|p1b: Meowscarada\n|-supereffective|p1b: Meowscarada\n|-damage|p1b: Meowscarada|0 fnt\n|faint|p1b: Meowscarada\n|\n|-weather|SunnyDay|[upkeep]\n|-heal|p2a: Hatterene|57\/100|[from] Grassy Terrain\n|-heal|p2a: Hatterene|63\/100|[from] item: Leftovers\n|-heal|p2b: Clefable|44\/100|[from] Grassy Terrain\n|upkeep\n|\n|t:|1696295370\n|switch|p1b: hard flower|Florges-White, F, shiny|100\/100\n|turn|10\n|\n|t:|1696295378\n|move|p2b: Clefable|Follow Me|p2b: Clefable\n|-singleturn|p2b: Clefable|move: Follow Me\n|move|p2a: Hatterene|Draining Kiss|p1b: hard flower\n|-damage|p1b: hard flower|84\/100\n|-heal|p2a: Hatterene|77\/100|[from] drain|[of] p1b: hard flower\n|move|p1a: Torkoal|Eruption|p2b: Clefable|[spread] p2a,p2b\n|-damage|p2a: Hatterene|26\/100\n|-damage|p2b: Clefable|0 fnt\n|faint|p2b: Clefable\n|move|p1b: hard flower|Wish|p1b: hard flower\n|\n|-weather|SunnyDay|[upkeep]\n|-heal|p2a: Hatterene|32\/100|[from] Grassy Terrain\n|-heal|p2a: Hatterene|38\/100|[from] item: Leftovers\n|-heal|p1b: hard flower|90\/100|[from] Grassy Terrain\n|-heal|p1b: hard flower|97\/100|[from] item: Leftovers\n|-sideend|p1: double_scoops|move: Light Screen\n|-fieldend|move: Grassy Terrain\n|upkeep\n|\n|t:|1696295384\n|switch|p2b: Primarina|Primarina, F, shiny|100\/100\n|turn|11\n|\n|t:|1696295411\n|move|p2a: Hatterene|Protect|p2a: Hatterene\n|-singleturn|p2a: Hatterene|Protect\n|move|p1a: Torkoal|Solar Beam||[still]\n|-prepare|p1a: Torkoal|Solar Beam\n|-anim|p1a: Torkoal|Solar Beam|p2b: Primarina\n|-supereffective|p2b: Primarina\n|-damage|p2b: Primarina|63\/100\n|move|p2b: Primarina|Hyper Voice|p1a: Torkoal|[spread] p1a,p1b\n|-supereffective|p1a: Torkoal\n|-damage|p1a: Torkoal|46\/100\n|-damage|p1b: hard flower|87\/100\n|move|p1b: hard flower|Light Screen|p1b: hard flower\n|-sidestart|p1: double_scoops|move: Light Screen\n|\n|-weather|SunnyDay|[upkeep]\n|-heal|p1b: hard flower|100\/100|[from] move: Wish|[wisher] hard flower\n|-heal|p2a: Hatterene|44\/100|[from] item: Leftovers\n|-heal|p1a: Torkoal|52\/100|[from] item: Leftovers\n|upkeep\n|turn|12\n|\n|t:|1696295429\n|move|p1b: hard flower|Magic Coat|p1b: hard flower\n|-singleturn|p1b: hard flower|move: Magic Coat\n|move|p2a: Hatterene|Draining Kiss|p1b: hard flower\n|-damage|p1b: hard flower|86\/100\n|-heal|p2a: Hatterene|57\/100|[from] drain|[of] p1b: hard flower\n|move|p1a: Torkoal|Eruption|p2b: Primarina|[spread] p2a,p2b\n|-resisted|p2b: Primarina\n|-damage|p2a: Hatterene|30\/100\n|-damage|p2b: Primarina|53\/100\n|move|p2b: Primarina|Hyper Voice|p1a: Torkoal|[spread] p1a,p1b\n|-supereffective|p1a: Torkoal\n|-crit|p1a: Torkoal\n|-damage|p1a: Torkoal|0 fnt\n|-damage|p1b: hard flower|80\/100\n|faint|p1a: Torkoal\n|\n|-weather|none\n|-heal|p2a: Hatterene|36\/100|[from] item: Leftovers\n|-heal|p1b: hard flower|86\/100|[from] item: Leftovers\n|-fieldend|move: Trick Room\n|upkeep\n|\n|t:|1696295445\n|switch|p1a: Rillaboom|Rillaboom, M, shiny|48\/100\n|-fieldstart|move: Grassy Terrain|[from] ability: Grassy Surge|[of] p1a: Rillaboom\n|turn|13\n|\n|t:|1696295456\n|move|p1a: Rillaboom|Grassy Glide|p2b: Primarina\n|-supereffective|p2b: Primarina\n|-damage|p2b: Primarina|0 fnt\n|faint|p2b: Primarina\n|move|p1b: hard flower|Wish|p1b: hard flower\n|move|p2a: Hatterene|Draining Kiss|p1a: Rillaboom\n|-damage|p1a: Rillaboom|12\/100\n|-heal|p2a: Hatterene|65\/100|[from] drain|[of] p1a: Rillaboom\n|\n|-heal|p1a: Rillaboom|18\/100|[from] Grassy Terrain\n|-heal|p1a: Rillaboom|24\/100|[from] item: Leftovers\n|-heal|p1b: hard flower|92\/100|[from] Grassy Terrain\n|-heal|p1b: hard flower|98\/100|[from] item: Leftovers\n|-heal|p2a: Hatterene|71\/100|[from] Grassy Terrain\n|-heal|p2a: Hatterene|77\/100|[from] item: Leftovers\n|upkeep\n|\n|t:|1696295471\n|switch|p2b: Audino|Audino, F|100\/100\n|turn|14\n|\n|t:|1696295490\n|detailschange|p2b: Audino|Audino-Mega, F\n|-mega|p2b: Audino|Audino|Audinite\n|move|p1a: Rillaboom|Seed Bomb|p2a: Hatterene\n|-damage|p2a: Hatterene|17\/100\n|move|p1b: hard flower|Moonblast|p2b: Audino\n|-damage|p2b: Audino|78\/100\n|-unboost|p2b: Audino|spa|1\n|move|p2b: Audino|Calm Mind|p2b: Audino\n|-boost|p2b: Audino|spa|1\n|-boost|p2b: Audino|spd|1\n|move|p2a: Hatterene|Draining Kiss|p1a: Rillaboom\n|-damage|p1a: Rillaboom|0 fnt\n|-heal|p2a: Hatterene|36\/100|[from] drain|[of] p1a: Rillaboom\n|faint|p1a: Rillaboom\n|\n|-heal|p1b: hard flower|100\/100|[from] move: Wish|[wisher] hard flower\n|-heal|p2b: Audino|84\/100|[from] Grassy Terrain\n|-heal|p2a: Hatterene|42\/100|[from] Grassy Terrain\n|-heal|p2a: Hatterene|48\/100|[from] item: Leftovers\n|upkeep\n|\n|t:|1696295509\n|switch|p1a: Walking Wake|Walking Wake|100\/100\n|turn|15\n|\n|t:|1696295518\n|move|p1a: Walking Wake|Hydro Steam|p2a: Hatterene\n|-damage|p2a: Hatterene|7\/100\n|move|p1b: hard flower|Moonblast|p2a: Hatterene\n|-damage|p2a: Hatterene|0 fnt\n|faint|p2a: Hatterene\n|move|p2b: Audino|Dazzling Gleam|p1b: hard flower|[spread] p1a,p1b\n|-supereffective|p1a: Walking Wake\n|-damage|p1a: Walking Wake|73\/100\n|-damage|p1b: hard flower|95\/100\n|\n|-heal|p1a: Walking Wake|79\/100|[from] Grassy Terrain\n|-heal|p1b: hard flower|100\/100|[from] Grassy Terrain\n|-heal|p2b: Audino|90\/100|[from] Grassy Terrain\n|-sideend|p1: double_scoops|move: Light Screen\n|upkeep\n|turn|16\n|\n|t:|1696295538\n|-terastallize|p1a: Walking Wake|Fire\n|move|p1a: Walking Wake|Hydro Steam|p2b: Audino\n|-damage|p2b: Audino|63\/100\n|move|p1b: hard flower|Moonblast|p2b: Audino\n|-damage|p2b: Audino|47\/100\n|-unboost|p2b: Audino|spa|1\n|move|p2b: Audino|Calm Mind|p2b: Audino\n|-boost|p2b: Audino|spa|1\n|-boost|p2b: Audino|spd|1\n|\n|-heal|p1a: Walking Wake|85\/100|[from] Grassy Terrain\n|-heal|p2b: Audino|53\/100|[from] Grassy Terrain\n|upkeep\n|turn|17\n|\n|t:|1696295556\n|move|p1a: Walking Wake|Hydro Steam|p2b: Audino\n|-damage|p2b: Audino|34\/100\n|move|p1b: hard flower|Moonblast|p2b: Audino\n|-damage|p2b: Audino|22\/100\n|-unboost|p2b: Audino|spa|1\n|move|p2b: Audino|Wish|p2b: Audino\n|\n|-heal|p1a: Walking Wake|92\/100|[from] Grassy Terrain\n|-heal|p2b: Audino|28\/100|[from] Grassy Terrain\n|-fieldend|move: Grassy Terrain\n|upkeep\n|turn|18\n|\n|t:|1696295572\n|move|p2b: Audino|Protect|p2b: Audino\n|-singleturn|p2b: Audino|Protect\n|move|p1a: Walking Wake|Hydro Steam|p2b: Audino\n|-activate|p2b: Audino|move: Protect\n|move|p1b: hard flower|Moonblast|p2b: Audino\n|-activate|p2b: Audino|move: Protect\n|\n|-heal|p2b: Audino|78\/100|[from] move: Wish|[wisher] Audino\n|upkeep\n|turn|19\n|\n|t:|1696295591\n|move|p1a: Walking Wake|Hydro Steam|p2b: Audino\n|-damage|p2b: Audino|59\/100\n|move|p1b: hard flower|Moonblast|p2b: Audino\n|-damage|p2b: Audino|47\/100\n|move|p2b: Audino|Wish|p2b: Audino\n|\n|upkeep\n|turn|20\n|\n|t:|1696295603\n|move|p1a: Walking Wake|Hydro Steam|p2b: Audino\n|-damage|p2b: Audino|25\/100\n|move|p1b: hard flower|Light Screen|p1b: hard flower\n|-sidestart|p1: double_scoops|move: Light Screen\n|move|p2b: Audino|Calm Mind|p2b: Audino\n|-boost|p2b: Audino|spa|1\n|-boost|p2b: Audino|spd|1\n|\n|-heal|p2b: Audino|75\/100|[from] move: Wish|[wisher] Audino\n|upkeep\n|turn|21\n|\n|t:|1696295615\n|move|p1a: Walking Wake|Hydro Steam|p2b: Audino\n|-damage|p2b: Audino|57\/100\n|move|p1b: hard flower|Moonblast|p2b: Audino\n|-damage|p2b: Audino|47\/100\n|move|p2b: Audino|Wish|p2b: Audino\n|\n|upkeep\n|turn|22\n|\n|t:|1696295626\n|move|p2b: Audino|Protect|p2b: Audino\n|-singleturn|p2b: Audino|Protect\n|move|p1a: Walking Wake|Hydro Steam|p2b: Audino\n|-activate|p2b: Audino|move: Protect\n|move|p1b: hard flower|Moonblast|p2b: Audino\n|-activate|p2b: Audino|move: Protect\n|\n|-heal|p2b: Audino|97\/100|[from] move: Wish|[wisher] Audino\n|upkeep\n|turn|23\n|\n|t:|1696295639\n|move|p1a: Walking Wake|Hydro Steam|p2b: Audino\n|-damage|p2b: Audino|82\/100\n|move|p1b: hard flower|Moonblast|p2b: Audino\n|-damage|p2b: Audino|71\/100\n|move|p2b: Audino|Calm Mind|p2b: Audino\n|-boost|p2b: Audino|spa|1\n|-boost|p2b: Audino|spd|1\n|\n|upkeep\n|turn|24\n|\n|t:|1696295651\n|move|p1a: Walking Wake|Hydro Steam|p2b: Audino\n|-damage|p2b: Audino|58\/100\n|move|p1b: hard flower|Moonblast|p2b: Audino\n|-damage|p2b: Audino|49\/100\n|move|p2b: Audino|Wish|p2b: Audino\n|\n|-sideend|p1: double_scoops|move: Light Screen\n|upkeep\n|turn|25\n|\n|t:|1696295664\n|move|p1a: Walking Wake|Hydro Steam|p2b: Audino\n|-damage|p2b: Audino|35\/100\n|move|p1b: hard flower|Moonblast|p2b: Audino\n|-damage|p2b: Audino|26\/100\n|move|p2b: Audino|Calm Mind|p2b: Audino\n|-boost|p2b: Audino|spa|1\n|-boost|p2b: Audino|spd|1\n|\n|-heal|p2b: Audino|76\/100|[from] move: Wish|[wisher] Audino\n|upkeep\n|turn|26\n|\n|t:|1696295679\n|move|p1a: Walking Wake|Hydro Steam|p2b: Audino\n|-damage|p2b: Audino|65\/100\n|move|p1b: hard flower|Moonblast|p2b: Audino\n|-damage|p2b: Audino|58\/100\n|move|p2b: Audino|Wish|p2b: Audino\n|\n|upkeep\n|turn|27\n|\n|t:|1696295689\n|move|p1a: Walking Wake|Hydro Steam|p2b: Audino\n|-damage|p2b: Audino|45\/100\n|move|p1b: hard flower|Moonblast|p2b: Audino\n|-damage|p2b: Audino|38\/100\n|move|p2b: Audino|Calm Mind|p2b: Audino\n|-boost|p2b: Audino|spa|1\n|-boost|p2b: Audino|spd|1\n|\n|-heal|p2b: Audino|88\/100|[from] move: Wish|[wisher] Audino\n|upkeep\n|turn|28\n|\n|t:|1696295704\n|move|p1a: Walking Wake|Hydro Steam|p2b: Audino\n|-damage|p2b: Audino|78\/100\n|move|p1b: hard flower|Moonblast|p2b: Audino\n|-damage|p2b: Audino|71\/100\n|move|p2b: Audino|Dazzling Gleam|p1b: hard flower|[spread] p1a,p1b\n|-resisted|p1a: Walking Wake\n|-damage|p1a: Walking Wake|69\/100\n|-damage|p1b: hard flower|80\/100\n|\n|-heal|p1b: hard flower|86\/100|[from] item: Leftovers\n|upkeep\n|turn|29\n|\n|t:|1696295718\n|move|p1b: hard flower|Magic Coat|p1b: hard flower\n|-singleturn|p1b: hard flower|move: Magic Coat\n|move|p1a: Walking Wake|Hydro Steam|p2b: Audino\n|-damage|p2b: Audino|60\/100\n|move|p2b: Audino|Wish|p2b: Audino\n|\n|-heal|p1b: hard flower|92\/100|[from] item: Leftovers\n|upkeep\n|turn|30\n|\n|t:|1696295730\n|move|p1b: hard flower|Magic Coat|p1b: hard flower\n|-singleturn|p1b: hard flower|move: Magic Coat\n|move|p1a: Walking Wake|Hydro Steam|p2b: Audino\n|-damage|p2b: Audino|51\/100\n|move|p2b: Audino|Calm Mind|p2b: Audino\n|-boost|p2b: Audino|spa|1\n|-boost|p2b: Audino|spd|0\n|\n|-heal|p2b: Audino|100\/100|[from] move: Wish|[wisher] Audino\n|-heal|p1b: hard flower|99\/100|[from] item: Leftovers\n|upkeep\n|turn|31\n|\n|t:|1696295745\n|move|p1b: hard flower|Magic Coat|p1b: hard flower\n|-singleturn|p1b: hard flower|move: Magic Coat\n|move|p1a: Walking Wake|Hydro Steam|p2b: Audino\n|-damage|p2b: Audino|91\/100\n|move|p2b: Audino|Calm Mind|p2b: Audino\n|-boost|p2b: Audino|spa|1\n|-boost|p2b: Audino|spd|0\n|\n|-heal|p1b: hard flower|100\/100|[from] item: Leftovers\n|upkeep\n|turn|32\n|\n|t:|1696295760\n|move|p1a: Walking Wake|Hydro Steam|p1b: hard flower\n|-damage|p1b: hard flower|68\/100\n|move|p1b: hard flower|Light Screen|p1b: hard flower\n|-sidestart|p1: double_scoops|move: Light Screen\n|move|p2b: Audino|Calm Mind|p2b: Audino\n|-boost|p2b: Audino|spa|1\n|-boost|p2b: Audino|spd|0\n|\n|-heal|p1b: hard flower|74\/100|[from] item: Leftovers\n|upkeep\n|turn|33\n|\n|t:|1696295772\n|move|p1b: hard flower|Magic Coat|p1b: hard flower\n|-singleturn|p1b: hard flower|move: Magic Coat\n|move|p1a: Walking Wake|Hydro Steam|p2b: Audino\n|-damage|p2b: Audino|80\/100\n|move|p2b: Audino|Dazzling Gleam|p1b: hard flower|[spread] p1a,p1b\n|-resisted|p1a: Walking Wake\n|-damage|p1a: Walking Wake|43\/100\n|-damage|p1b: hard flower|51\/100\n|\n|-heal|p1b: hard flower|57\/100|[from] item: Leftovers\n|upkeep\n|turn|34\n|\n|t:|1696295795\n|move|p1a: Walking Wake|Hydro Steam|p2b: Audino\n|-damage|p2b: Audino|70\/100\n|move|p1b: hard flower|Moonblast|p2b: Audino\n|-damage|p2b: Audino|63\/100\n|move|p2b: Audino|Dazzling Gleam|p1a: Walking Wake|[spread] p1a,p1b\n|-resisted|p1a: Walking Wake\n|-damage|p1a: Walking Wake|19\/100\n|-damage|p1b: hard flower|34\/100\n|\n|-heal|p1b: hard flower|40\/100|[from] item: Leftovers\n|upkeep\n|turn|35\n|\n|t:|1696295811\n|move|p1a: Walking Wake|Hydro Steam|p2b: Audino\n|-damage|p2b: Audino|52\/100\n|move|p1b: hard flower|Moonblast|p2b: Audino\n|-damage|p2b: Audino|46\/100\n|move|p2b: Audino|Wish|p2b: Audino\n|\n|-heal|p1b: hard flower|47\/100|[from] item: Leftovers\n|upkeep\n|turn|36\n|inactive|double_scoops has 120 seconds left.\n|inactive|double_scoops has 90 seconds left.\n|inactive|double_scoops has 60 seconds left.\n|\n|t:|1696295919\n|move|p2b: Audino|Protect|p2b: Audino\n|-singleturn|p2b: Audino|Protect\n|move|p1a: Walking Wake|Hydro Steam|p2b: Audino\n|-activate|p2b: Audino|move: Protect\n|move|p1b: hard flower|Moonblast|p2b: Audino\n|-activate|p2b: Audino|move: Protect\n|\n|-heal|p2b: Audino|96\/100|[from] move: Wish|[wisher] Audino\n|-heal|p1b: hard flower|53\/100|[from] item: Leftovers\n|-sideend|p1: double_scoops|move: Light Screen\n|upkeep\n|turn|37\n|-message|double_scoops forfeited.\n|\n|win|blossom02\n|raw|double_scoops's rating: 1268 &rarr; <strong>1239<\/strong><br \/>(-29 for losing)\n|raw|blossom02's rating: 1216 &rarr; <strong>1245<\/strong><br \/>(+29 for winning)\n|l|\u2606double_scoops\n","uploadtime":1696295934,"views":29,"p1id":"doublescoops","p2id":"blossom02","formatid":"gen9nationaldexdoubles","rating":1239,"private":0,"password":""}