{"id":"gen9nationaldexdoubles-1956505616","p1":"B tu obyfu","p2":"Al_dryer","format":"[Gen 9] National Dex Doubles","log":"|j|\u2606B tu obyfu\n|j|\u2606Al_dryer\n|t:|1696114848\n|gametype|doubles\n|player|p1|B tu obyfu|lucas|1048\n|player|p2|Al_dryer|riley|1000\n|teamsize|p1|6\n|teamsize|p2|6\n|gen|9\n|tier|[Gen 9] National Dex Doubles\n|rated|\n|rule|HP Percentage Mod: HP is shown in percentages\n|rule|Endless Battle Clause: Forcing endless battles is banned\n|rule|OHKO Clause: OHKO moves are banned\n|rule|Evasion Moves Clause: Evasion moves are banned\n|rule|Evasion Abilities Clause: Evasion abilities are banned\n|rule|Species Clause: Limit one of each Pok\u00e9mon\n|rule|Gravity Sleep Clause: The combination of sleep-inducing moves with imperfect accuracy and Gravity or Gigantamax Orbeetle are banned\n|clearpoke\n|poke|p1|Indeedee, M|\n|poke|p1|Deoxys-Attack|\n|poke|p1|Typhlosion, F|\n|poke|p1|Kartana|\n|poke|p1|Murkrow, F|\n|poke|p1|Shuckle, M|\n|poke|p2|Cresselia, F|\n|poke|p2|Lanturn, M|\n|poke|p2|Pangoro, F|\n|poke|p2|Grimmsnarl, M|\n|poke|p2|Volcarona, F|\n|poke|p2|Sirfetch\u2019d, F|\n|teampreview\n|\n|t:|1696114867\n|start\n|switch|p1a: Murkrow|Murkrow, F|100\/100\n|switch|p1b: Shuckle|Shuckle, M|100\/100\n|switch|p2a: Cresselia|Cresselia, F|100\/100\n|switch|p2b: Sirfetch\u2019d|Sirfetch\u2019d, F|100\/100\n|turn|1\n|inactive|Battle timer is ON: inactive players will automatically lose when time's up. (requested by B tu obyfu)\n|\n|t:|1696114880\n|move|p1a: Murkrow|Perish Song|p1a: Murkrow\n|-start|p1a: Murkrow|perish3|[silent]\n|-start|p1b: Shuckle|perish3|[silent]\n|-start|p2a: Cresselia|perish3|[silent]\n|-start|p2b: Sirfetch\u2019d|perish3|[silent]\n|-fieldactivate|move: Perish Song\n|move|p2a: Cresselia|Psychic|p1b: Shuckle\n|-damage|p1b: Shuckle|80\/100\n|move|p2b: Sirfetch\u2019d|Close Combat|p1a: Murkrow\n|-crit|p1a: Murkrow\n|-enditem|p1a: Murkrow|Focus Sash\n|-damage|p1a: Murkrow|1\/100\n|-unboost|p2b: Sirfetch\u2019d|def|1\n|-unboost|p2b: Sirfetch\u2019d|spd|1\n|move|p1b: Shuckle|Toxic|p2a: Cresselia|[miss]\n|-miss|p1b: Shuckle|p2a: Cresselia\n|\n|-start|p2a: Cresselia|perish3\n|-start|p2b: Sirfetch\u2019d|perish3\n|-start|p1a: Murkrow|perish3\n|-start|p1b: Shuckle|perish3\n|upkeep\n|turn|2\n|\n|t:|1696114901\n|move|p1a: Murkrow|Taunt|p2a: Cresselia\n|-start|p2a: Cresselia|move: Taunt\n|move|p2a: Cresselia|Psychic|p1b: Shuckle\n|-damage|p1b: Shuckle|60\/100\n|move|p2b: Sirfetch\u2019d|Close Combat|p1a: Murkrow\n|-crit|p1a: Murkrow\n|-damage|p1a: Murkrow|0 fnt\n|-unboost|p2b: Sirfetch\u2019d|def|1\n|-unboost|p2b: Sirfetch\u2019d|spd|1\n|faint|p1a: Murkrow\n|move|p1b: Shuckle|Stealth Rock|p2a: Cresselia\n|-sidestart|p2: Al_dryer|move: Stealth Rock\n|\n|-start|p2a: Cresselia|perish2\n|-start|p2b: Sirfetch\u2019d|perish2\n|-start|p1b: Shuckle|perish2\n|upkeep\n|inactive|B tu obyfu has 120 seconds left.\n|\n|t:|1696114932\n|switch|p1a: Indeedee|Indeedee, M|100\/100\n|-fieldstart|move: Psychic Terrain|[from] ability: Psychic Surge|[of] p1a: Indeedee\n|turn|3\n|inactive|B tu obyfu has 120 seconds left.\n|\n|t:|1696114952\n|move|p1a: Indeedee|Dazzling Gleam|p2a: Cresselia|[spread] p2a,p2b\n|-supereffective|p2b: Sirfetch\u2019d\n|-damage|p2a: Cresselia|84\/100\n|-damage|p2b: Sirfetch\u2019d|0 fnt\n|faint|p2b: Sirfetch\u2019d\n|move|p2a: Cresselia|Stored Power|p1a: Indeedee\n|-resisted|p1a: Indeedee\n|-damage|p1a: Indeedee|95\/100\n|move|p1b: Shuckle|Sticky Web|p2a: Cresselia\n|-sidestart|p2: Al_dryer|move: Sticky Web\n|\n|-start|p2a: Cresselia|perish1\n|-start|p1b: Shuckle|perish1\n|upkeep\n|\n|t:|1696114966\n|switch|p2b: Volcarona|Volcarona, F|100\/100\n|-damage|p2b: Volcarona|51\/100|[from] Stealth Rock\n|-activate|p2b: Volcarona|move: Sticky Web\n|-unboost|p2b: Volcarona|spe|1\n|turn|4\n|\n|t:|1696114983\n|switch|p1a: Typhlosion|Typhlosion, F|100\/100\n|move|p2a: Cresselia|Psychic|p1b: Shuckle\n|-damage|p1b: Shuckle|38\/100\n|move|p2b: Volcarona|Quiver Dance|p2b: Volcarona\n|-boost|p2b: Volcarona|spa|1\n|-boost|p2b: Volcarona|spd|1\n|-boost|p2b: Volcarona|spe|1\n|move|p1b: Shuckle|Toxic|p2b: Volcarona|[miss]\n|-miss|p1b: Shuckle|p2b: Volcarona\n|\n|-heal|p2b: Volcarona|57\/100|[from] item: Leftovers\n|-end|p2a: Cresselia|move: Taunt\n|-start|p2a: Cresselia|perish0\n|-start|p1b: Shuckle|perish0\n|faint|p2a: Cresselia\n|faint|p1b: Shuckle\n|upkeep\n|\n|t:|1696115006\n|switch|p2a: Lanturn|Lanturn, M|100\/100\n|switch|p1b: Indeedee|Indeedee, M|95\/100\n|-damage|p2a: Lanturn|88\/100|[from] Stealth Rock\n|-item|p2a: Lanturn|Air Balloon\n|turn|5\n|inactive|B tu obyfu has 120 seconds left.\n|\n|t:|1696115038\n|-terastallize|p1a: Typhlosion|Fire\n|move|p1a: Typhlosion|Eruption|p2a: Lanturn|[spread] p2a,p2b\n|-resisted|p2a: Lanturn\n|-crit|p2b: Volcarona\n|-damage|p2a: Lanturn|52\/100\n|-damage|p2b: Volcarona|0 fnt\n|-enditem|p2a: Lanturn|Air Balloon\n|faint|p2b: Volcarona\n|move|p1b: Indeedee|Expanding Force|p2a: Lanturn\n|-damage|p2a: Lanturn|0 fnt\n|faint|p2a: Lanturn\n|\n|upkeep\n|\n|t:|1696115048\n|switch|p2b: Grimmsnarl|Grimmsnarl, M|100\/100\n|switch|p2a: Pangoro|Pangoro, F|100\/100\n|-damage|p2a: Pangoro|94\/100|[from] Stealth Rock\n|-activate|p2a: Pangoro|move: Sticky Web\n|-unboost|p2a: Pangoro|spe|1\n|-damage|p2b: Grimmsnarl|88\/100|[from] Stealth Rock\n|-activate|p2b: Grimmsnarl|move: Sticky Web\n|-unboost|p2b: Grimmsnarl|spe|1\n|turn|6\n|\n|t:|1696115062\n|switch|p1b: Deoxys|Deoxys-Attack|100\/100\n|-ability|p1b: Deoxys|Pressure\n|move|p1a: Typhlosion|Eruption|p2b: Grimmsnarl|[spread] p2a,p2b\n|-damage|p2a: Pangoro|27\/100\n|-damage|p2b: Grimmsnarl|2\/100\n|move|p2a: Pangoro|Close Combat|p1b: Deoxys\n|-resisted|p1b: Deoxys\n|-enditem|p1b: Deoxys|Focus Sash\n|-damage|p1b: Deoxys|1\/100\n|-unboost|p2a: Pangoro|def|1\n|-unboost|p2a: Pangoro|spd|1\n|move|p2b: Grimmsnarl|Darkest Lariat|p1a: Typhlosion\n|-damage|p1a: Typhlosion|55\/100\n|\n|-heal|p2a: Pangoro|33\/100|[from] item: Leftovers\n|upkeep\n|turn|7\n|\n|t:|1696115083\n|move|p1a: Typhlosion|Eruption|p2a: Pangoro|[spread] p2a,p2b\n|-damage|p2a: Pangoro|0 fnt\n|-damage|p2b: Grimmsnarl|0 fnt\n|faint|p2a: Pangoro\n|faint|p2b: Grimmsnarl\n|\n|win|B tu obyfu\n|raw|B tu obyfu's rating: 1048 &rarr; <strong>1076<\/strong><br \/>(+28 for winning)\n|raw|Al_dryer's rating: 1000 &rarr; <strong>1000<\/strong><br \/>(+0 for losing)\n|l|\u2606Al_dryer\n","uploadtime":1696115106,"views":5,"p1id":"btuobyfu","p2id":"aldryer","formatid":"gen9nationaldexdoubles","rating":1000,"private":0,"password":""}