{"id":"gen9nationaldexdoubles-1963762499","p1":"thundervoltss","p2":"Denvah_17","format":"[Gen 9] National Dex Doubles","log":"|j|\u2606thundervoltss\n|j|\u2606Denvah_17\n|t:|1696897568\n|gametype|doubles\n|player|p1|thundervoltss|elesa-masters|1406\n|player|p2|Denvah_17|alder|1341\n|teamsize|p1|6\n|teamsize|p2|6\n|gen|9\n|tier|[Gen 9] National Dex Doubles\n|rated|\n|rule|HP Percentage Mod: HP is shown in percentages\n|rule|Endless Battle Clause: Forcing endless battles is banned\n|rule|OHKO Clause: OHKO moves are banned\n|rule|Evasion Moves Clause: Evasion moves are banned\n|rule|Evasion Abilities Clause: Evasion abilities are banned\n|rule|Species Clause: Limit one of each Pok\u00e9mon\n|rule|Gravity Sleep Clause: The combination of sleep-inducing moves with imperfect accuracy and Gravity or Gigantamax Orbeetle are banned\n|clearpoke\n|poke|p1|Kommo-o, F|\n|poke|p1|Blacephalon|\n|poke|p1|Indeedee-F, F|\n|poke|p1|Incineroar, M|\n|poke|p1|Sneasler, F|\n|poke|p1|Rillaboom, F|\n|poke|p2|Sinistcha-Masterpiece|\n|poke|p2|Enamorus, F|\n|poke|p2|Volcanion|\n|poke|p2|Scizor, F|\n|poke|p2|Okidogi, M|\n|poke|p2|Ursaluna-Bloodmoon, M|\n|teampreview\n|inactive|Battle timer is ON: inactive players will automatically lose when time's up. (requested by Denvah_17)\n|\n|t:|1696897579\n|start\n|switch|p1a: Rillaboom|Rillaboom, F, shiny|100\/100\n|switch|p1b: Sneasler|Sneasler, F|100\/100\n|switch|p2a: Sonria|Enamorus, F|100\/100\n|switch|p2b: Grass Latte|Sinistcha-Masterpiece|100\/100\n|-fieldstart|move: Grassy Terrain|[from] ability: Grassy Surge|[of] p1a: Rillaboom\n|-enditem|p1b: Sneasler|Grassy Seed\n|-boost|p1b: Sneasler|def|1|[from] item: Grassy Seed\n|turn|1\n|\n|t:|1696897608\n|-terastallize|p2a: Sonria|Rock\n|move|p1b: Sneasler|Dire Claw|p2b: Grass Latte\n|-damage|p2b: Grass Latte|59\/100\n|-status|p2b: Grass Latte|slp\n|move|p2a: Sonria|Play Rough|p1b: Sneasler|[miss]\n|-miss|p2a: Sonria|p1b: Sneasler\n|move|p1a: Rillaboom|Knock Off|p2b: Grass Latte\n|-supereffective|p2b: Grass Latte\n|-damage|p2b: Grass Latte|0 fnt\n|-enditem|p2b: Grass Latte|Weakness Policy|[from] move: Knock Off|[of] p1a: Rillaboom\n|faint|p2b: Grass Latte\n|\n|upkeep\n|\n|t:|1696897618\n|switch|p2b: Saxophone|Volcanion|100\/100\n|turn|2\n|\n|t:|1696897634\n|switch|p2a: Sudafed|Scizor, F|100\/100\n|-terastallize|p1a: Rillaboom|Fairy\n|move|p1b: Sneasler|Close Combat|p2a: Sudafed\n|-damage|p2a: Sudafed|29\/100\n|-unboost|p1b: Sneasler|def|1\n|-unboost|p1b: Sneasler|spd|1\n|move|p1a: Rillaboom|High Horsepower|p2b: Saxophone\n|-supereffective|p2b: Saxophone\n|-damage|p2b: Saxophone|46\/100\n|-enditem|p2b: Saxophone|Weakness Policy\n|-boost|p2b: Saxophone|atk|2|[from] item: Weakness Policy\n|-boost|p2b: Saxophone|spa|2|[from] item: Weakness Policy\n|move|p2b: Saxophone|Heat Wave|p1b: Sneasler|[spread] p1a\n|-miss|p2b: Saxophone|p1b: Sneasler\n|-damage|p1a: Rillaboom|49\/100\n|\n|-heal|p1a: Rillaboom|55\/100|[from] Grassy Terrain\n|-heal|p2b: Saxophone|52\/100|[from] Grassy Terrain\n|-heal|p2a: Sudafed|35\/100|[from] Grassy Terrain\n|upkeep\n|turn|3\n|inactive|thundervoltss has 120 seconds left.\n|\n|t:|1696897665\n|switch|p1a: Indeedee|Indeedee-F, F|100\/100\n|-fieldstart|move: Psychic Terrain|[from] ability: Psychic Surge|[of] p1a: Indeedee\n|-enditem|p1a: Indeedee|Psychic Seed\n|-boost|p1a: Indeedee|spd|1|[from] item: Psychic Seed\n|detailschange|p2a: Sudafed|Scizor-Mega, F\n|-mega|p2a: Sudafed|Scizor|Scizorite\n|move|p2a: Sudafed|Bullet Punch|p1a: Indeedee\n|-activate|p1a: Indeedee|move: Psychic Terrain\n|move|p1b: Sneasler|Close Combat|p2b: Saxophone\n|-damage|p2b: Saxophone|0 fnt\n|-unboost|p1b: Sneasler|def|1\n|-unboost|p1b: Sneasler|spd|1\n|faint|p2b: Saxophone\n|\n|upkeep\n|\n|t:|1696897671\n|switch|p2b: Sonria|Enamorus, F, tera:Rock|100\/100\n|turn|4\n|\n|t:|1696897686\n|move|p1a: Indeedee|Follow Me|p1a: Indeedee\n|-singleturn|p1a: Indeedee|move: Follow Me\n|move|p1b: Sneasler|Close Combat|p2b: Sonria\n|-supereffective|p2b: Sonria\n|-damage|p2b: Sonria|0 fnt\n|-unboost|p1b: Sneasler|def|1\n|-unboost|p1b: Sneasler|spd|1\n|faint|p2b: Sonria\n|move|p2a: Sudafed|Bug Bite|p1a: Indeedee\n|-supereffective|p1a: Indeedee\n|-damage|p1a: Indeedee|0 fnt\n|faint|p1a: Indeedee\n|\n|upkeep\n|\n|t:|1696897695\n|switch|p2b: Xi Jinping|Ursaluna-Bloodmoon, M|100\/100\n|switch|p1a: Blacephalon|Blacephalon|100\/100\n|turn|5\n|\n|t:|1696897709\n|move|p1b: Sneasler|Close Combat|p2b: Xi Jinping\n|-supereffective|p2b: Xi Jinping\n|-damage|p2b: Xi Jinping|11\/100\n|-unboost|p1b: Sneasler|def|1\n|-unboost|p1b: Sneasler|spd|1\n|move|p1a: Blacephalon|Expanding Force|p2a: Sudafed|[spread] p2a,p2b\n|-resisted|p2a: Sudafed\n|-damage|p2a: Sudafed|5\/100\n|-damage|p2b: Xi Jinping|0 fnt\n|faint|p2b: Xi Jinping\n|-ability|p1a: Blacephalon|Beast Boost|boost\n|-boost|p1a: Blacephalon|spa|1\n|-damage|p1a: Blacephalon|91\/100|[from] item: Life Orb\n|move|p2a: Sudafed|Bug Bite|p1b: Sneasler\n|-resisted|p1b: Sneasler\n|-crit|p1b: Sneasler\n|-damage|p1b: Sneasler|11\/100\n|\n|upkeep\n|c|\u2606thundervoltss|xi jinping?\n|\n|t:|1696897717\n|switch|p2b: Dogecoin|Okidogi, M|100\/100\n|turn|6\n|\n|t:|1696897725\n|move|p1b: Sneasler|Rock Slide|p2a: Sudafed|[spread] p2a,p2b\n|-resisted|p2b: Dogecoin\n|-damage|p2a: Sudafed|0 fnt\n|-damage|p2b: Dogecoin|92\/100\n|faint|p2a: Sudafed\n|move|p1a: Blacephalon|Expanding Force|p2b: Dogecoin\n|-supereffective|p2b: Dogecoin\n|-damage|p2b: Dogecoin|0 fnt\n|faint|p2b: Dogecoin\n|-damage|p1a: Blacephalon|81\/100|[from] item: Life Orb\n|\n|win|thundervoltss\n|raw|thundervoltss's rating: 1406 &rarr; <strong>1422<\/strong><br \/>(+16 for winning)\n|raw|Denvah_17's rating: 1341 &rarr; <strong>1325<\/strong><br \/>(-16 for losing)\n|l|\u2606Denvah_17\n","uploadtime":1696897731,"views":10,"p1id":"thundervoltss","p2id":"denvah17","formatid":"gen9nationaldexdoubles","rating":1325,"private":0,"password":""}