{"id":"gen9nationaldexdoubles-1992474023","p1":"Mistery Gold","p2":"CrisWWE","format":"[Gen 9] National Dex Doubles","log":"|j|\u2606Mistery Gold\n|j|\u2606CrisWWE\n|t:|1700192009\n|gametype|doubles\n|player|p1|Mistery Gold|tate|\n|player|p2|CrisWWE|shadowtriad|\n|teamsize|p1|6\n|teamsize|p2|6\n|gen|9\n|tier|[Gen 9] National Dex Doubles\n|rule|HP Percentage Mod: HP is shown in percentages\n|rule|Endless Battle Clause: Forcing endless battles is banned\n|rule|OHKO Clause: OHKO moves are banned\n|rule|Evasion Moves Clause: Evasion moves are banned\n|rule|Evasion Abilities Clause: Evasion abilities are banned\n|rule|Species Clause: Limit one of each Pok\u00e9mon\n|rule|Gravity Sleep Clause: The combination of sleep-inducing moves with imperfect accuracy and Gravity or Gigantamax Orbeetle are banned\n|clearpoke\n|poke|p1|Iron Bundle|\n|poke|p1|Flutter Mane|\n|poke|p1|Chandelure, F|\n|poke|p1|Indeedee-F, F|\n|poke|p1|Scream Tail|\n|poke|p1|Houndstone, M|\n|poke|p2|Tapu Koko|\n|poke|p2|Charizard, M|\n|poke|p2|Tornadus, M|\n|poke|p2|Marshadow|\n|poke|p2|Iron Hands|\n|poke|p2|Flutter Mane|\n|teampreview\n|\n|t:|1700192026\n|start\n|switch|p1a: Chandelure|Chandelure, F|100\/100\n|switch|p1b: Indeedee|Indeedee-F, F|100\/100\n|switch|p2a: Tapu Koko|Tapu Koko|100\/100\n|switch|p2b: Tornadus|Tornadus, M|100\/100\n|-fieldstart|move: Electric Terrain|[from] ability: Electric Surge|[of] p2a: Tapu Koko\n|-fieldstart|move: Psychic Terrain|[from] ability: Psychic Surge|[of] p1b: Indeedee\n|turn|1\n|\n|t:|1700192035\n|switch|p2a: Charizard|Charizard, M|100\/100\n|-terastallize|p1a: Chandelure|Fire\n|move|p2b: Tornadus|Protect|p2b: Tornadus\n|-singleturn|p2b: Tornadus|Protect\n|move|p1b: Indeedee|Helping Hand|p1a: Chandelure\n|-singleturn|p1a: Chandelure|Helping Hand|[of] p1b: Indeedee\n|move|p1a: Chandelure|Heat Wave|p2a: Charizard|[spread] p2a\n|-activate|p2b: Tornadus|move: Protect\n|-resisted|p2a: Charizard\n|-damage|p2a: Charizard|53\/100\n|\n|upkeep\n|turn|2\n|\n|t:|1700192060\n|detailschange|p2a: Charizard|Charizard-Mega-Y, M\n|-mega|p2a: Charizard|Charizard|Charizardite Y\n|-weather|SunnyDay|[from] ability: Drought|[of] p2a: Charizard\n|move|p2a: Charizard|Protect|p2a: Charizard\n|-singleturn|p2a: Charizard|Protect\n|move|p1a: Chandelure|Heat Wave|p2b: Tornadus|[spread] p2b\n|-activate|p2a: Charizard|move: Protect\n|-enditem|p2b: Tornadus|Focus Sash\n|-damage|p2b: Tornadus|1\/100\n|move|p2b: Tornadus|Bleakwind Storm|p1b: Indeedee|[spread] p1b\n|-miss|p2b: Tornadus|p1a: Chandelure\n|-crit|p1b: Indeedee\n|-damage|p1b: Indeedee|44\/100\n|move|p1b: Indeedee|Expanding Force|p2b: Tornadus|[spread] p2b\n|-activate|p2a: Charizard|move: Protect\n|-damage|p2b: Tornadus|0 fnt\n|faint|p2b: Tornadus\n|\n|-weather|SunnyDay|[upkeep]\n|upkeep\n|\n|t:|1700192080\n|switch|p2b: Tapu Koko|Tapu Koko|100\/100\n|-fieldstart|move: Electric Terrain|[from] ability: Electric Surge|[of] p2b: Tapu Koko\n|turn|3\n|\n|t:|1700192092\n|move|p1b: Indeedee|Helping Hand|p1a: Chandelure\n|-singleturn|p1a: Chandelure|Helping Hand|[of] p1b: Indeedee\n|move|p2b: Tapu Koko|Volt Switch|p1b: Indeedee\n|-damage|p1b: Indeedee|9\/100\n|\n|t:|1700192102\n|switch|p2b: Iron Hands|Iron Hands|100\/100|[from] Volt Switch\n|-activate|p2b: Iron Hands|ability: Quark Drive\n|-start|p2b: Iron Hands|quarkdriveatk\n|move|p1a: Chandelure|Heat Wave|p2a: Charizard|[spread] p2a,p2b\n|-resisted|p2a: Charizard\n|-damage|p2a: Charizard|0 fnt\n|-damage|p2b: Iron Hands|0 fnt\n|faint|p2a: Charizard\n|faint|p2b: Iron Hands\n|-end|p2b: Iron Hands|Quark Drive|[silent]\n|\n|-weather|SunnyDay|[upkeep]\n|upkeep\n|\n|t:|1700192118\n|switch|p2a: Marshadow|Marshadow|100\/100\n|switch|p2b: Flutter Mane|Flutter Mane|100\/100\n|-activate|p2b: Flutter Mane|ability: Protosynthesis\n|-start|p2b: Flutter Mane|protosynthesisspe\n|turn|4\n|\n|t:|1700192128\n|move|p1b: Indeedee|Helping Hand|p1a: Chandelure\n|-singleturn|p1a: Chandelure|Helping Hand|[of] p1b: Indeedee\n|move|p2b: Flutter Mane|Protect|p2b: Flutter Mane\n|-singleturn|p2b: Flutter Mane|Protect\n|move|p1a: Chandelure|Heat Wave|p2a: Marshadow|[spread] p2a\n|-activate|p2b: Flutter Mane|move: Protect\n|-enditem|p2a: Marshadow|Focus Sash\n|-damage|p2a: Marshadow|1\/100\n|move|p2a: Marshadow|Rock Tomb|p1a: Chandelure\n|-supereffective|p1a: Chandelure\n|-damage|p1a: Chandelure|17\/100\n|-unboost|p1a: Chandelure|spe|1\n|\n|-weather|SunnyDay|[upkeep]\n|upkeep\n|turn|5\n|\n|t:|1700192143\n|-end|p2b: Flutter Mane|Protosynthesis|[silent]\n|switch|p2b: Tapu Koko|Tapu Koko|100\/100\n|move|p1b: Indeedee|Helping Hand|p1a: Chandelure\n|-singleturn|p1a: Chandelure|Helping Hand|[of] p1b: Indeedee\n|move|p2a: Marshadow|Shadow Sneak|p1a: Chandelure\n|-damage|p1a: Chandelure|0 fnt\n|faint|p1a: Chandelure\n|\n|-weather|SunnyDay|[upkeep]\n|upkeep\n|\n|t:|1700192159\n|switch|p1a: Iron Bundle|Iron Bundle|100\/100\n|-activate|p1a: Iron Bundle|ability: Quark Drive\n|-start|p1a: Iron Bundle|quarkdrivespe\n|turn|6\n|\n|t:|1700192175\n|switch|p1b: Scream Tail|Scream Tail|100\/100\n|-activate|p1b: Scream Tail|ability: Protosynthesis\n|-start|p1b: Scream Tail|protosynthesisdef\n|move|p2a: Marshadow|Protect|p2a: Marshadow\n|-singleturn|p2a: Marshadow|Protect\n|move|p1a: Iron Bundle|Icy Wind|p2a: Marshadow|[spread] p2b\n|-activate|p2a: Marshadow|move: Protect\n|-damage|p2b: Tapu Koko|70\/100\n|-unboost|p2b: Tapu Koko|spe|1\n|move|p2b: Tapu Koko|Volt Switch|p1a: Iron Bundle\n|-supereffective|p1a: Iron Bundle\n|-damage|p1a: Iron Bundle|0 fnt\n|faint|p1a: Iron Bundle\n|-end|p1a: Iron Bundle|Quark Drive|[silent]\n|\n|t:|1700192190\n|switch|p2b: Flutter Mane|Flutter Mane|100\/100|[from] Volt Switch\n|-activate|p2b: Flutter Mane|ability: Protosynthesis\n|-start|p2b: Flutter Mane|protosynthesisspe\n|\n|-weather|none\n|-end|p2b: Flutter Mane|Protosynthesis\n|-end|p1b: Scream Tail|Protosynthesis\n|upkeep\n|\n|t:|1700192202\n|switch|p1a: Indeedee|Indeedee-F, F|9\/100\n|-fieldstart|move: Psychic Terrain|[from] ability: Psychic Surge|[of] p1a: Indeedee\n|turn|7\n|\n|t:|1700192214\n|-end|p2b: Flutter Mane|Protosynthesis|[silent]\n|switch|p2b: Tapu Koko|Tapu Koko|70\/100\n|-fieldstart|move: Electric Terrain|[from] ability: Electric Surge|[of] p2b: Tapu Koko\n|move|p2a: Marshadow|Rock Tomb|p1a: Indeedee\n|-damage|p1a: Indeedee|0 fnt\n|faint|p1a: Indeedee\n|move|p1b: Scream Tail|Perish Song|p1b: Scream Tail\n|-start|p1b: Scream Tail|perish3|[silent]\n|-start|p2a: Marshadow|perish3|[silent]\n|-start|p2b: Tapu Koko|perish3|[silent]\n|-fieldactivate|move: Perish Song\n|\n|-start|p2b: Tapu Koko|perish3\n|-start|p2a: Marshadow|perish3\n|-start|p1b: Scream Tail|perish3\n|upkeep\n|\n|t:|1700192226\n|switch|p1a: Flutter Mane|Flutter Mane|100\/100\n|-enditem|p1a: Flutter Mane|Booster Energy\n|-activate|p1a: Flutter Mane|ability: Protosynthesis|[fromitem]\n|-start|p1a: Flutter Mane|protosynthesisspe\n|turn|8\n|\n|t:|1700192239\n|-terastallize|p2a: Marshadow|Ghost\n|move|p2a: Marshadow|Shadow Sneak|p1a: Flutter Mane\n|-supereffective|p1a: Flutter Mane\n|-damage|p1a: Flutter Mane|0 fnt\n|faint|p1a: Flutter Mane\n|-end|p1a: Flutter Mane|Protosynthesis|[silent]\n|move|p2b: Tapu Koko|Nature's Madness|p1b: Scream Tail|[miss]\n|-miss|p2b: Tapu Koko|p1b: Scream Tail\n|move|p1b: Scream Tail|Stealth Rock|p2b: Tapu Koko\n|-sidestart|p2: CrisWWE|move: Stealth Rock\n|\n|-start|p2b: Tapu Koko|perish2\n|-start|p2a: Marshadow|perish2\n|-start|p1b: Scream Tail|perish2\n|upkeep\n|\n|t:|1700192248\n|switch|p1a: Houndstone|Houndstone, M|100\/100\n|turn|9\n|\n|t:|1700192265\n|move|p2a: Marshadow|Shadow Sneak|p1a: Houndstone\n|-supereffective|p1a: Houndstone\n|-damage|p1a: Houndstone|22\/100\n|move|p2b: Tapu Koko|Nature's Madness|p1b: Scream Tail|[miss]\n|-miss|p2b: Tapu Koko|p1b: Scream Tail\n|move|p1b: Scream Tail|Wish|p1b: Scream Tail\n|move|p1a: Houndstone|Last Respects|p2a: Marshadow\n|-supereffective|p2a: Marshadow\n|-damage|p2a: Marshadow|0 fnt\n|faint|p2a: Marshadow\n|\n|-heal|p1a: Houndstone|28\/100|[from] item: Leftovers\n|-start|p2b: Tapu Koko|perish1\n|-start|p1b: Scream Tail|perish1\n|upkeep\n|\n|t:|1700192274\n|switch|p2a: Flutter Mane|Flutter Mane|100\/100\n|-damage|p2a: Flutter Mane|88\/100|[from] Stealth Rock\n|turn|10\n|\n|t:|1700192285\n|move|p1b: Scream Tail|Helping Hand|p1a: Houndstone\n|-singleturn|p1a: Houndstone|Helping Hand|[of] p1b: Scream Tail\n|move|p2b: Tapu Koko|Protect|p2b: Tapu Koko\n|-singleturn|p2b: Tapu Koko|Protect\n|move|p2a: Flutter Mane|Dazzling Gleam|p1a: Houndstone|[spread] p1a,p1b\n|-damage|p1a: Houndstone|0 fnt\n|-damage|p1b: Scream Tail|72\/100\n|faint|p1a: Houndstone\n|\n|-heal|p1b: Scream Tail|100\/100|[from] move: Wish|[wisher] Scream Tail\n|-start|p2b: Tapu Koko|perish0\n|-start|p1b: Scream Tail|perish0\n|faint|p2b: Tapu Koko\n|faint|p1b: Scream Tail\n|-end|p1b: Scream Tail|Protosynthesis|[silent]\n|\n|win|CrisWWE\n|upkeep\n","uploadtime":1700192312,"views":6,"p1id":"misterygold","p2id":"criswwe","formatid":"gen9nationaldexdoubles","rating":0,"private":0,"password":""}