{"id":"gen9nationaldexdoubles-1990142001","p1":"FurySnow","p2":"CrisWWE","format":"[Gen 9] National Dex Doubles","log":"|j|\u2606FurySnow\n|j|\u2606CrisWWE\n|t:|1699929120\n|gametype|doubles\n|player|p1|FurySnow|2|1000\n|player|p2|CrisWWE|shadowtriad|1058\n|teamsize|p1|6\n|teamsize|p2|6\n|gen|9\n|tier|[Gen 9] National Dex Doubles\n|rated|\n|rule|HP Percentage Mod: HP is shown in percentages\n|rule|Endless Battle Clause: Forcing endless battles is banned\n|rule|OHKO Clause: OHKO moves are banned\n|rule|Evasion Moves Clause: Evasion moves are banned\n|rule|Evasion Abilities Clause: Evasion abilities are banned\n|rule|Species Clause: Limit one of each Pok\u00e9mon\n|rule|Gravity Sleep Clause: The combination of sleep-inducing moves with imperfect accuracy and Gravity or Gigantamax Orbeetle are banned\n|clearpoke\n|poke|p1|Quaquaval, F|\n|poke|p1|Oricorio-Sensu, M|\n|poke|p1|Dragonite, F|\n|poke|p1|Kommo-o, F|\n|poke|p1|Kingambit, M|\n|poke|p1|Lilligant-Hisui, F|\n|poke|p2|Darkrai|\n|poke|p2|Sinistcha-Masterpiece|\n|poke|p2|Tapu Koko|\n|poke|p2|Latias, F|\n|poke|p2|Amoonguss, F|\n|poke|p2|Iron Bundle|\n|teampreview\n|\n|t:|1699929132\n|start\n|switch|p1a: Kommo-o|Kommo-o, F|100\/100\n|switch|p1b: Oricorio|Oricorio-Sensu, M|100\/100\n|switch|p2a: Darkrai|Darkrai|100\/100\n|switch|p2b: Amoonguss|Amoonguss, F|100\/100\n|turn|1\n|\n|t:|1699929159\n|move|p2a: Darkrai|Psychic|p1a: Kommo-o\n|-supereffective|p1a: Kommo-o\n|-damage|p1a: Kommo-o|31\/100\n|move|p1b: Oricorio|Sky Attack||[still]\n|-prepare|p1b: Oricorio|Sky Attack\n|-zpower|p1a: Kommo-o\n|move|p1a: Kommo-o|Clangorous Soulblaze|p2b: Amoonguss|[zeffect]|[spread] p2a,p2b\n|-damage|p2a: Darkrai|17\/100\n|-damage|p2b: Amoonguss|61\/100\n|-enditem|p2a: Darkrai|Aguav Berry|[eat]\n|-heal|p2a: Darkrai|50\/100|[from] item: Aguav Berry\n|-boost|p1a: Kommo-o|atk|1\n|-boost|p1a: Kommo-o|def|1\n|-boost|p1a: Kommo-o|spa|1\n|-boost|p1a: Kommo-o|spd|1\n|-boost|p1a: Kommo-o|spe|1\n|move|p2b: Amoonguss|Spore|p1b: Oricorio\n|-status|p1b: Oricorio|slp|[from] move: Spore\n|\n|-heal|p2b: Amoonguss|67\/100|[from] item: Black Sludge\n|-damage|p1b: Oricorio|88\/100 slp|[from] ability: Bad Dreams|[of] p2a: Darkrai\n|upkeep\n|turn|2\n|\n|t:|1699929187\n|move|p1a: Kommo-o|Boomburst|p2a: Darkrai|[spread] p2a,p2b\n|-immune|p1b: Oricorio\n|-damage|p2a: Darkrai|0 fnt\n|-damage|p2b: Amoonguss|37\/100\n|faint|p2a: Darkrai\n|cant|p1b: Oricorio|slp\n|move|p2b: Amoonguss|Clear Smog|p1a: Kommo-o\n|-damage|p1a: Kommo-o|19\/100\n|-clearboost|p1a: Kommo-o\n|\n|-heal|p2b: Amoonguss|44\/100|[from] item: Black Sludge\n|upkeep\n|\n|t:|1699929200\n|switch|p2a: Latias|Latias, F|100\/100\n|turn|3\n|\n|t:|1699929216\n|move|p2b: Amoonguss|Protect|p2b: Amoonguss\n|-singleturn|p2b: Amoonguss|Protect\n|move|p2a: Latias|Tailwind|p2a: Latias\n|-sidestart|p2: CrisWWE|move: Tailwind\n|-curestatus|p1b: Oricorio|slp|[msg]\n|move|p1b: Oricorio|Facade|p2b: Amoonguss\n|-activate|p2b: Amoonguss|move: Protect\n|move|p1a: Kommo-o|Clangorous Soul||[still]\n|-fail|p1a: Kommo-o\n|\n|-heal|p2b: Amoonguss|50\/100|[from] item: Black Sludge\n|upkeep\n|turn|4\n|\n|t:|1699929235\n|switch|p2a: Iron Bundle|Iron Bundle|100\/100\n|move|p1b: Oricorio|Protect|p1b: Oricorio\n|-singleturn|p1b: Oricorio|Protect\n|move|p1a: Kommo-o|Flamethrower|p2b: Amoonguss\n|-supereffective|p2b: Amoonguss\n|-damage|p2b: Amoonguss|13\/100\n|move|p2b: Amoonguss|Spore|p1a: Kommo-o\n|-status|p1a: Kommo-o|slp|[from] move: Spore\n|\n|-heal|p2b: Amoonguss|19\/100|[from] item: Black Sludge\n|upkeep\n|turn|5\n|\n|t:|1699929254\n|switch|p2b: Tapu Koko|Tapu Koko|100\/100\n|-fieldstart|move: Electric Terrain|[from] ability: Electric Surge|[of] p2b: Tapu Koko\n|-activate|p2a: Iron Bundle|ability: Quark Drive\n|-start|p2a: Iron Bundle|quarkdrivespe\n|move|p2a: Iron Bundle|Freeze-Dry|p1b: Oricorio\n|-supereffective|p1b: Oricorio\n|-damage|p1b: Oricorio|0 fnt\n|faint|p1b: Oricorio\n|-damage|p2a: Iron Bundle|91\/100|[from] item: Life Orb\n|cant|p1a: Kommo-o|slp\n|\n|upkeep\n|\n|t:|1699929260\n|switch|p1b: Lilligant|Lilligant-Hisui, F|100\/100\n|turn|6\n|\n|t:|1699929283\n|move|p2a: Iron Bundle|Freeze-Dry|p1b: Lilligant\n|-supereffective|p1b: Lilligant\n|-damage|p1b: Lilligant|0 fnt\n|faint|p1b: Lilligant\n|-damage|p2a: Iron Bundle|81\/100|[from] item: Life Orb\n|move|p2b: Tapu Koko|Dazzling Gleam|p1a: Kommo-o\n|-supereffective|p1a: Kommo-o\n|-damage|p1a: Kommo-o|0 fnt\n|faint|p1a: Kommo-o\n|\n|-sideend|p2: CrisWWE|move: Tailwind\n|upkeep\n|\n|t:|1699929291\n|switch|p1b: Dragonite|Dragonite, F|100\/100\n|switch|p1a: Kingambit|Kingambit, M|100\/100\n|-activate|p1a: Kingambit|ability: Supreme Overlord\n|-start|p1a: Kingambit|fallen3|[silent]\n|turn|7\n|\n|t:|1699929319\n|move|p2a: Iron Bundle|Freeze-Dry|p1b: Dragonite\n|-supereffective|p1b: Dragonite\n|-damage|p1b: Dragonite|0 fnt\n|faint|p1b: Dragonite\n|-damage|p2a: Iron Bundle|71\/100|[from] item: Life Orb\n|move|p2b: Tapu Koko|Nature's Madness|p1a: Kingambit\n|-damage|p1a: Kingambit|51\/100\n|move|p1a: Kingambit|Iron Head|p2a: Iron Bundle\n|-damage|p2a: Iron Bundle|0 fnt\n|faint|p2a: Iron Bundle\n|-end|p2a: Iron Bundle|Quark Drive|[silent]\n|\n|upkeep\n|\n|t:|1699929329\n|switch|p2a: Sinistcha|Sinistcha-Masterpiece|100\/100\n|switch|p1b: Quaquaval|Quaquaval, F|100\/100\n|turn|8\n|\n|t:|1699929349\n|move|p2b: Tapu Koko|Volt Switch|p1b: Quaquaval\n|-supereffective|p1b: Quaquaval\n|-damage|p1b: Quaquaval|0 fnt\n|faint|p1b: Quaquaval\n|\n|t:|1699929360\n|switch|p2b: Amoonguss|Amoonguss, F|52\/100|[from] Volt Switch\n|move|p1a: Kingambit|Kowtow Cleave|p2a: Sinistcha\n|-supereffective|p2a: Sinistcha\n|-damage|p2a: Sinistcha|0 fnt\n|faint|p2a: Sinistcha\n|\n|-heal|p2b: Amoonguss|59\/100|[from] item: Black Sludge\n|upkeep\n|\n|t:|1699929386\n|switch|p2a: Latias|Latias, F|100\/100\n|turn|9\n|\n|t:|1699929397\n|-terastallize|p1a: Kingambit|Dark\n|move|p1a: Kingambit|Sucker Punch||[still]\n|-fail|p1a: Kingambit\n|move|p2a: Latias|Defog|p1a: Kingambit\n|-unboost|p1a: Kingambit|evasion|1\n|-fieldend|move: Electric Terrain\n|move|p2b: Amoonguss|Spore|p1a: Kingambit\n|-status|p1a: Kingambit|slp|[from] move: Spore\n|\n|-heal|p2b: Amoonguss|65\/100|[from] item: Black Sludge\n|upkeep\n|turn|10\n|\n|t:|1699929421\n|move|p2a: Latias|Wish|p2a: Latias\n|cant|p1a: Kingambit|slp\n|move|p2b: Amoonguss|Pollen Puff|p1a: Kingambit\n|-supereffective|p1a: Kingambit\n|-damage|p1a: Kingambit|11\/100 slp\n|-enditem|p1a: Kingambit|Aguav Berry|[eat]\n|-heal|p1a: Kingambit|44\/100 slp|[from] item: Aguav Berry\n|\n|-heal|p2b: Amoonguss|71\/100|[from] item: Black Sludge\n|upkeep\n|turn|11\n|\n|t:|1699929446\n|switch|p2b: Tapu Koko|Tapu Koko|100\/100\n|-fieldstart|move: Electric Terrain|[from] ability: Electric Surge|[of] p2b: Tapu Koko\n|move|p2a: Latias|Protect|p2a: Latias\n|-singleturn|p2a: Latias|Protect\n|cant|p1a: Kingambit|slp\n|\n|upkeep\n|turn|12\n|\n|t:|1699929472\n|move|p2b: Tapu Koko|Dazzling Gleam|p1a: Kingambit\n|-supereffective|p1a: Kingambit\n|-damage|p1a: Kingambit|0 fnt\n|faint|p1a: Kingambit\n|-end|p1a: Kingambit|fallen3|[silent]\n|\n|win|CrisWWE\n|raw|FurySnow's rating: 1000 &rarr; <strong>1000<\/strong><br \/>(+0 for losing)\n|raw|CrisWWE's rating: 1058 &rarr; <strong>1084<\/strong><br \/>(+26 for winning)\n|l|\u2606FurySnow\n","uploadtime":1699929502,"views":5,"p1id":"furysnow","p2id":"criswwe","formatid":"gen9nationaldexdoubles","rating":1000,"private":0,"password":""}