{"id":"gen9nationaldexdoubles-1985163458","p1":"omegashenronone","p2":"Bugmonobestmono","format":"[Gen 9] National Dex Doubles","log":"|j|\u2606omegashenronone\n|j|\u203dBugmonobestmono\n|t:|1699341207\n|gametype|doubles\n|player|p1|omegashenronone|hugh|\n|player|p2|Bugmonobestmono|bugcatcher-gen4dp|\n|teamsize|p1|6\n|teamsize|p2|6\n|gen|9\n|tier|[Gen 9] National Dex Doubles\n|rule|HP Percentage Mod: HP is shown in percentages\n|rule|Endless Battle Clause: Forcing endless battles is banned\n|rule|OHKO Clause: OHKO moves are banned\n|rule|Evasion Moves Clause: Evasion moves are banned\n|rule|Evasion Abilities Clause: Evasion abilities are banned\n|rule|Species Clause: Limit one of each Pok\u00e9mon\n|rule|Gravity Sleep Clause: The combination of sleep-inducing moves with imperfect accuracy and Gravity or Gigantamax Orbeetle are banned\n|clearpoke\n|poke|p1|Urshifu-*, M|\n|poke|p1|Rotom-Wash|\n|poke|p1|Greninja-*, M|\n|poke|p1|Pelipper, F|\n|poke|p1|Swampert, F|\n|poke|p1|Kingdra, F|\n|poke|p2|Rabsca, F|\n|poke|p2|Vikavolt, F|\n|poke|p2|Buzzwole|\n|poke|p2|Parasect, M|\n|poke|p2|Orbeetle, M|\n|poke|p2|Galvantula, M|\n|teampreview\n|inactive|Battle timer is ON: inactive players will automatically lose when time's up. (requested by Bugmonobestmono)\n|inactive|omegashenronone also wants the timer to be on.\n|j| Jack the Ripper21\n|inactive|Bugmonobestmono has 270 seconds left.\n|c| Jack the Ripper21|3\n|c|\u2606omegashenronone|Have fun good luck\n|c| Jack the Ripper21|2\n|c| Jack the Ripper21|1\n|c|\u2606omegashenronone|Go\n|c| Jack the Ripper21|FIGHT\n|\n|t:|1699341250\n|start\n|switch|p1a: Happy|Pelipper, F|100\/100\n|switch|p1b: Hur-Hur-Hur|Kingdra, F|100\/100\n|switch|p2a: Rabsca|Rabsca, F|100\/100\n|switch|p2b: Galvantula|Galvantula, M|100\/100\n|-weather|RainDance|[from] ability: Drizzle|[of] p1a: Happy\n|turn|1\n|\n|t:|1699341266\n|move|p1b: Hur-Hur-Hur|Hurricane|p2b: Galvantula\n|-damage|p2b: Galvantula|10\/100\n|move|p2b: Galvantula|Volt Switch|p1a: Happy\n|-supereffective|p1a: Happy\n|-damage|p1a: Happy|0 fnt\n|faint|p1a: Happy\n|\n|t:|1699341274\n|switch|p2b: Orbeetle|Orbeetle, M|100\/100|[from] Volt Switch\n|-item|p1b: Hur-Hur-Hur|Choice Specs|[from] ability: Frisk|[of] p2b: Orbeetle|[identify]\n|move|p2a: Rabsca|Trick Room|p2a: Rabsca\n|-fieldstart|move: Trick Room|[of] p2a: Rabsca\n|\n|-weather|RainDance|[upkeep]\n|upkeep\n|\n|t:|1699341288\n|switch|p1a: Former rotom phone|Rotom-Wash, shiny|100\/100\n|turn|2\n|\n|t:|1699341295\n|switch|p1b: Gym bro|Swampert, F|100\/100\n|move|p2a: Rabsca|Energy Ball|p1a: Former rotom phone\n|-supereffective|p1a: Former rotom phone\n|-damage|p1a: Former rotom phone|55\/100\n|move|p2b: Orbeetle|Light Screen|p2b: Orbeetle\n|-sidestart|p2: Bugmonobestmono|move: Light Screen\n|move|p1a: Former rotom phone|Discharge|p2a: Rabsca|[spread] p2a,p2b\n|-immune|p1b: Gym bro\n|-damage|p2a: Rabsca|85\/100\n|-damage|p2b: Orbeetle|89\/100\n|-status|p2a: Rabsca|par\n|\n|-weather|RainDance|[upkeep]\n|-heal|p1a: Former rotom phone|61\/100|[from] item: Leftovers\n|upkeep\n|turn|3\n|\n|t:|1699341323\n|move|p2a: Rabsca|Energy Ball|p1b: Gym bro\n|-supereffective|p1b: Gym bro\n|-damage|p1b: Gym bro|22\/100\n|move|p1b: Gym bro|Stone Edge|p2a: Rabsca\n|-supereffective|p2a: Rabsca\n|-damage|p2a: Rabsca|28\/100 par\n|move|p2b: Orbeetle|Reflect|p2b: Orbeetle\n|-sidestart|p2: Bugmonobestmono|Reflect\n|move|p1a: Former rotom phone|Thunder|p2a: Rabsca\n|-damage|p2a: Rabsca|0 fnt\n|faint|p2a: Rabsca\n|\n|-weather|RainDance|[upkeep]\n|-heal|p1a: Former rotom phone|67\/100|[from] item: Leftovers\n|upkeep\n|\n|t:|1699341339\n|switch|p2a: Buzzwole|Buzzwole|100\/100\n|turn|4\n|\n|t:|1699341354\n|move|p2a: Buzzwole|Drain Punch|p1b: Gym bro\n|-damage|p1b: Gym bro|0 fnt\n|faint|p1b: Gym bro\n|-ability|p2a: Buzzwole|Beast Boost|boost\n|-boost|p2a: Buzzwole|atk|1\n|move|p2b: Orbeetle|Bug Buzz|p1a: Former rotom phone\n|-damage|p1a: Former rotom phone|41\/100\n|move|p1a: Former rotom phone|Thunder|p2a: Buzzwole\n|-damage|p2a: Buzzwole|59\/100\n|\n|-weather|RainDance|[upkeep]\n|-heal|p1a: Former rotom phone|47\/100|[from] item: Leftovers\n|upkeep\n|\n|t:|1699341369\n|switch|p1b: Master Shi-Fu!|Urshifu-Rapid-Strike, M|100\/100\n|turn|5\n|c| Jack the Ripper21|blud getting destroyed\n|\n|t:|1699341382\n|-terastallize|p2a: Buzzwole|Electric\n|-terastallize|p1b: Master Shi-Fu!|Ground\n|move|p2a: Buzzwole|Thunder Punch|p1b: Master Shi-Fu!\n|-immune|p1b: Master Shi-Fu!\n|move|p2b: Orbeetle|Bug Buzz|p1b: Master Shi-Fu!\n|-damage|p1b: Master Shi-Fu!|58\/100\n|move|p1a: Former rotom phone|Thunder|p2a: Buzzwole\n|-resisted|p2a: Buzzwole\n|-damage|p2a: Buzzwole|35\/100\n|-enditem|p2a: Buzzwole|Sitrus Berry|[eat]\n|-heal|p2a: Buzzwole|60\/100|[from] item: Sitrus Berry\n|move|p1b: Master Shi-Fu!|Surging Strikes|p2b: Orbeetle\n|-crit|p2b: Orbeetle\n|-damage|p2b: Orbeetle|48\/100\n|-crit|p2b: Orbeetle\n|-damage|p2b: Orbeetle|10\/100\n|-crit|p2b: Orbeetle\n|-damage|p2b: Orbeetle|0 fnt\n|faint|p2b: Orbeetle\n|-hitcount|p2: Orbeetle|3\n|-damage|p1b: Master Shi-Fu!|48\/100|[from] item: Life Orb\n|\n|-weather|RainDance|[upkeep]\n|-heal|p1a: Former rotom phone|53\/100|[from] item: Leftovers\n|-fieldend|move: Trick Room\n|upkeep\n|c| Jack the Ripper21|NAH nvm\n|c|\u2606omegashenronone|Oh yeah!!\n|\n|t:|1699341403\n|switch|p2b: Parasect|Parasect, M|100\/100\n|turn|6\n|c| Jack the Ripper21|the cooker sea script is dead\n|\n|t:|1699341415\n|move|p1b: Master Shi-Fu!|Tera Blast|p2a: Buzzwole|[anim] Tera Blast Ground\n|-supereffective|p2a: Buzzwole\n|-damage|p2a: Buzzwole|12\/100\n|-damage|p1b: Master Shi-Fu!|38\/100|[from] item: Life Orb\n|move|p1a: Former rotom phone|Hidden Power|p2b: Parasect\n|-supereffective|p2b: Parasect\n|-damage|p2b: Parasect|79\/100\n|move|p2a: Buzzwole|Drain Punch|p1a: Former rotom phone\n|-damage|p1a: Former rotom phone|0 fnt\n|-heal|p2a: Buzzwole|27\/100|[from] drain|[of] p1a: Former rotom phone\n|faint|p1a: Former rotom phone\n|-ability|p2a: Buzzwole|Beast Boost|boost\n|-boost|p2a: Buzzwole|atk|1\n|move|p2b: Parasect|Spore|p1b: Master Shi-Fu!\n|-status|p1b: Master Shi-Fu!|slp|[from] move: Spore\n|\n|-weather|RainDance|[upkeep]\n|-heal|p2b: Parasect|92\/100|[from] ability: Dry Skin\n|upkeep\n|c| Jack the Ripper21|parasect the goat\n|\n|t:|1699341431\n|switch|p1a: Hur-Hur-Hur|Kingdra, F|100\/100\n|turn|7\n|inactive|omegashenronone has 270 seconds left.\n|\n|t:|1699341470\n|switch|p1b: Genji|Greninja, M, shiny|100\/100\n|move|p2b: Parasect|Protect|p2b: Parasect\n|-singleturn|p2b: Parasect|Protect\n|move|p1a: Hur-Hur-Hur|Draco Meteor|p2a: Buzzwole\n|-damage|p2a: Buzzwole|0 fnt\n|-unboost|p1a: Hur-Hur-Hur|spa|2\n|faint|p2a: Buzzwole\n|\n|-weather|RainDance|[upkeep]\n|-heal|p2b: Parasect|100\/100|[from] ability: Dry Skin\n|upkeep\n|\n|t:|1699341479\n|switch|p2a: Vikavolt|Vikavolt, F|100\/100\n|turn|8\n|c|\u2606omegashenronone|Bo yeah!\n|\n|t:|1699341498\n|switch|p1a: Master Shi-Fu!|Urshifu-Rapid-Strike, M, tera:Ground|38\/100 slp\n|move|p2a: Vikavolt|Protect|p2a: Vikavolt\n|-singleturn|p2a: Vikavolt|Protect\n|move|p1b: Genji|Ice Beam|p2b: Parasect\n|-start|p1b: Genji|typechange|Ice|[from] ability: Protean\n|-supereffective|p2b: Parasect\n|-damage|p2b: Parasect|36\/100\n|move|p2b: Parasect|Spore|p1b: Genji\n|-status|p1b: Genji|slp|[from] move: Spore\n|\n|-weather|none\n|upkeep\n|turn|9\n|c|\u2606omegashenronone|Seriously\n|c|\u2606omegashenronone|What happened to sleep clause\n|c| Jack the Ripper21|this is why parasect the goat\n|\n|t:|1699341524\n|cant|p1b: Genji|slp\n|cant|p1a: Master Shi-Fu!|slp\n|move|p2a: Vikavolt|Bug Buzz|p1b: Genji\n|-damage|p1b: Genji|0 fnt\n|faint|p1b: Genji\n|-damage|p2a: Vikavolt|91\/100|[from] item: Life Orb\n|move|p2b: Parasect|Leech Life|p1a: Master Shi-Fu!\n|-damage|p1a: Master Shi-Fu!|11\/100 slp\n|-heal|p2b: Parasect|51\/100|[from] drain|[of] p1a: Master Shi-Fu!\n|\n|-sideend|p2: Bugmonobestmono|move: Light Screen\n|upkeep\n|c| Jack the Ripper21|no sleep clause in doubles\n|\n|t:|1699341527\n|switch|p1b: Hur-Hur-Hur|Kingdra, F|100\/100\n|turn|10\n|\n|t:|1699341547\n|move|p2a: Vikavolt|Protect|p2a: Vikavolt\n|-singleturn|p2a: Vikavolt|Protect\n|cant|p1a: Master Shi-Fu!|slp\n|move|p1b: Hur-Hur-Hur|Ice Beam|p2b: Parasect\n|-supereffective|p2b: Parasect\n|-damage|p2b: Parasect|0 fnt\n|faint|p2b: Parasect\n|\n|-sideend|p2: Bugmonobestmono|Reflect\n|upkeep\n|\n|t:|1699341555\n|switch|p2b: Galvantula|Galvantula, M|10\/100\n|turn|11\n|\n|t:|1699341566\n|move|p2b: Galvantula|Bug Buzz|p1a: Master Shi-Fu!\n|-damage|p1a: Master Shi-Fu!|0 fnt\n|faint|p1a: Master Shi-Fu!\n|move|p1b: Hur-Hur-Hur|Ice Beam|p2a: Vikavolt\n|-damage|p2a: Vikavolt|37\/100\n|move|p2a: Vikavolt|Bug Buzz|p1b: Hur-Hur-Hur\n|-damage|p1b: Hur-Hur-Hur|19\/100\n|-damage|p2a: Vikavolt|27\/100|[from] item: Life Orb\n|\n|upkeep\n|turn|12\n|c| Jack the Ripper21|actually a close fight\n|c| Jack the Ripper21|but bug rule\n|\n|t:|1699341583\n|move|p2b: Galvantula|Bug Buzz|p1b: Hur-Hur-Hur\n|-damage|p1b: Hur-Hur-Hur|0 fnt\n|faint|p1b: Hur-Hur-Hur\n|\n|win|Bugmonobestmono\n|c|\u2606omegashenronone|Close game\n|c| Jack the Ripper21|water gym leader is officialy out of the tourney\n|l|\u2606omegashenronone\n","uploadtime":1699341593,"views":18,"p1id":"omegashenronone","p2id":"bugmonobestmono","formatid":"gen9nationaldexdoubles","rating":0,"private":0,"password":""}