{"id":"gen9nationaldexdoubles-1974442057","p1":"Mongoose556","p2":"gdudj","format":"[Gen 9] National Dex Doubles","log":"|j|\u2606Mongoose556\n|j|\u2606gdudj\n|t:|1698087305\n|gametype|doubles\n|player|p1|Mongoose556|may|1216\n|player|p2|gdudj|170|1123\n|teamsize|p1|6\n|teamsize|p2|6\n|gen|9\n|tier|[Gen 9] National Dex Doubles\n|rated|\n|rule|HP Percentage Mod: HP is shown in percentages\n|rule|Endless Battle Clause: Forcing endless battles is banned\n|rule|OHKO Clause: OHKO moves are banned\n|rule|Evasion Moves Clause: Evasion moves are banned\n|rule|Evasion Abilities Clause: Evasion abilities are banned\n|rule|Species Clause: Limit one of each Pok\u00e9mon\n|rule|Gravity Sleep Clause: The combination of sleep-inducing moves with imperfect accuracy and Gravity or Gigantamax Orbeetle are banned\n|clearpoke\n|poke|p1|Inteleon, M|\n|poke|p1|Swampert, M|\n|poke|p1|Araquanid, F|\n|poke|p1|Tauros-Paldea-Aqua, M|\n|poke|p1|Cramorant, M|\n|poke|p1|Ogerpon-Wellspring, F|\n|poke|p2|Swoobat, F|\n|poke|p2|Chi-Yu|\n|poke|p2|Tapu Lele|\n|poke|p2|Sylveon, F|\n|poke|p2|Maushold|\n|poke|p2|Greninja-*, M|\n|teampreview\n|\n|t:|1698087311\n|start\n|switch|p1a: Throat Goat|Cramorant, M|100\/100\n|switch|p1b: Araquanid|Araquanid, F, shiny|100\/100\n|switch|p2a: Swoobat|Swoobat, F|100\/100\n|switch|p2b: Greninja|Greninja, M|100\/100\n|turn|1\n|\n|t:|1698087329\n|move|p2b: Greninja|Fling|p2a: Swoobat\n|-supereffective|p2a: Swoobat\n|-damage|p2a: Swoobat|90\/100\n|-boost|p2a: Swoobat|spe|4|[from] item: Starf Berry\n|-enditem|p2a: Swoobat|Weakness Policy\n|-boost|p2a: Swoobat|atk|4|[from] item: Weakness Policy\n|-boost|p2a: Swoobat|spa|4|[from] item: Weakness Policy\n|-enditem|p2b: Greninja|Starf Berry|[from] move: Fling\n|move|p2a: Swoobat|Substitute|p2a: Swoobat\n|-start|p2a: Swoobat|Substitute\n|-damage|p2a: Swoobat|65\/100\n|move|p1a: Throat Goat|Tailwind|p1a: Throat Goat\n|-sidestart|p1: Mongoose556|move: Tailwind\n|move|p1b: Araquanid|Rain Dance|p1b: Araquanid\n|-weather|RainDance\n|\n|-weather|RainDance|[upkeep]\n|upkeep\n|turn|2\n|\n|t:|1698087349\n|switch|p2b: Tapu Lele|Tapu Lele|100\/100\n|-fieldstart|move: Psychic Terrain|[from] ability: Psychic Surge|[of] p2b: Tapu Lele\n|-enditem|p2b: Tapu Lele|Psychic Seed\n|-boost|p2b: Tapu Lele|spd|1|[from] item: Psychic Seed\n|-terastallize|p2a: Swoobat|Psychic\n|move|p2a: Swoobat|Expanding Force|p1b: Araquanid|[spread] p1a,p1b\n|-enditem|p1a: Throat Goat|Focus Sash\n|-damage|p1a: Throat Goat|1\/100\n|-damage|p1b: Araquanid|0 fnt\n|faint|p1b: Araquanid\n|move|p1a: Throat Goat|Surf|p2a: Swoobat|[spread] p2a,p2b\n|-formechange|p1a: Throat Goat|Cramorant-Gorging|\n|-end|p2a: Swoobat|Substitute\n|-damage|p2b: Tapu Lele|76\/100\n|\n|-weather|RainDance|[upkeep]\n|upkeep\n|\n|t:|1698087370\n|switch|p1b: BeefCake|Swampert, M, shiny|100\/100\n|turn|3\n|\n|t:|1698087382\n|move|p2a: Swoobat|Expanding Force|p1a: Throat Goat|[spread] p1a,p1b\n|-damage|p1a: Throat Goat|0 fnt\n|-damage|p1b: BeefCake|0 fnt\n|-damage|p2a: Swoobat|40\/100|[from] ability: Gulp Missile|[of] p1a: Throat Goat\n|-status|p2a: Swoobat|par\n|-formechange|p1a: Throat Goat|Cramorant|\n|faint|p1a: Throat Goat\n|faint|p1b: BeefCake\n|move|p2b: Tapu Lele|Dazzling Gleam|p1: Throat Goat|[notarget]\n|-fail|p2b: Tapu Lele\n|\n|-weather|RainDance|[upkeep]\n|upkeep\n|\n|t:|1698087416\n|switch|p1a: Randall|Inteleon, M, shiny|100\/100\n|switch|p1b: Ogerp\u00f6rn|Ogerpon-Wellspring, F|100\/100\n|turn|4\n|\n|t:|1698087432\n|-terastallize|p1b: Ogerp\u00f6rn|Water\n|detailschange|p1b: Ogerp\u00f6rn|Ogerpon-Wellspring-Tera, F, tera:Water\n|-ability|p1b: Ogerp\u00f6rn|Embody Aspect (Wellspring)|boost\n|-boost|p1b: Ogerp\u00f6rn|spd|1\n|move|p1a: Randall|Snipe Shot|p2a: Swoobat\n|-damage|p2a: Swoobat|0 fnt\n|faint|p2a: Swoobat\n|move|p1b: Ogerp\u00f6rn|Ivy Cudgel|p2b: Tapu Lele\n|-damage|p2b: Tapu Lele|0 fnt\n|faint|p2b: Tapu Lele\n|\n|-weather|RainDance|[upkeep]\n|-sideend|p1: Mongoose556|move: Tailwind\n|upkeep\n|inactive|Battle timer is ON: inactive players will automatically lose when time's up. (requested by Mongoose556)\n|\n|t:|1698087471\n|switch|p2a: Sylveon|Sylveon, F|100\/100\n|switch|p2b: Maushold|Maushold|100\/100\n|turn|5\n|inactive|Mongoose556 has 120 seconds left.\n|\n|t:|1698087502\n|move|p2b: Maushold|Follow Me|p2b: Maushold\n|-singleturn|p2b: Maushold|move: Follow Me\n|move|p1a: Randall|Snipe Shot|p2b: Maushold\n|-damage|p2b: Maushold|23\/100\n|move|p1b: Ogerp\u00f6rn|Ivy Cudgel|p2b: Maushold\n|-damage|p2b: Maushold|0 fnt\n|faint|p2b: Maushold\n|move|p2a: Sylveon|Hyper Voice|p1b: Ogerp\u00f6rn|[spread] p1a,p1b\n|-damage|p1a: Randall|35\/100\n|-damage|p1b: Ogerp\u00f6rn|73\/100\n|-enditem|p2a: Sylveon|Throat Spray\n|-boost|p2a: Sylveon|spa|1|[from] item: Throat Spray\n|\n|-weather|none\n|upkeep\n|\n|t:|1698087517\n|switch|p2b: Chi-Yu|Chi-Yu|100\/100\n|-ability|p2b: Chi-Yu|Beads of Ruin\n|turn|6\n|\n|t:|1698087530\n|move|p1a: Randall|Snipe Shot|p2b: Chi-Yu\n|-supereffective|p2b: Chi-Yu\n|-crit|p2b: Chi-Yu\n|-damage|p2b: Chi-Yu|0 fnt\n|faint|p2b: Chi-Yu\n|move|p1b: Ogerp\u00f6rn|Ivy Cudgel|p2a: Sylveon\n|-damage|p2a: Sylveon|0 fnt\n|faint|p2a: Sylveon\n|\n|-fieldend|move: Psychic Terrain\n|upkeep\n|-message|gdudj forfeited.\n|\n|win|Mongoose556\n|raw|Mongoose556's rating: 1216 &rarr; <strong>1234<\/strong><br \/>(+18 for winning)\n|raw|gdudj's rating: 1123 &rarr; <strong>1105<\/strong><br \/>(-18 for losing)\n|l|\u2606gdudj\n","uploadtime":1698087568,"views":8,"p1id":"mongoose556","p2id":"gdudj","formatid":"gen9nationaldexdoubles","rating":1105,"private":0,"password":""}