{"id":"gen9nationaldexdoubles-1962722702","p1":"Theadonia","p2":"loafus_cranbrry","format":"[Gen 9] National Dex Doubles","log":"|j|\u2606Theadonia\n|j|\u2606loafus_cranbrry\n|t:|1696786013\n|gametype|doubles\n|player|p1|Theadonia|caitlin|1218\n|player|p2|loafus_cranbrry|maid|1075\n|teamsize|p1|6\n|teamsize|p2|6\n|gen|9\n|tier|[Gen 9] National Dex Doubles\n|rated|\n|rule|HP Percentage Mod: HP is shown in percentages\n|rule|Endless Battle Clause: Forcing endless battles is banned\n|rule|OHKO Clause: OHKO moves are banned\n|rule|Evasion Moves Clause: Evasion moves are banned\n|rule|Evasion Abilities Clause: Evasion abilities are banned\n|rule|Species Clause: Limit one of each Pok\u00e9mon\n|rule|Gravity Sleep Clause: The combination of sleep-inducing moves with imperfect accuracy and Gravity or Gigantamax Orbeetle are banned\n|clearpoke\n|poke|p1|Delphox, F|\n|poke|p1|Oricorio-Sensu, M|\n|poke|p1|Kommo-o, M|\n|poke|p1|Slowbro, F|\n|poke|p1|Cresselia, F|\n|poke|p1|Smeargle, F|\n|poke|p2|Grapploct, M|\n|poke|p2|Lurantis, F|\n|poke|p2|Weavile, M|\n|poke|p2|Tornadus, M|\n|poke|p2|Maushold-Four|\n|poke|p2|Glimmora, M|\n|teampreview\n|\n|t:|1696786025\n|start\n|switch|p1a: Cresselia|Cresselia, F, shiny|100\/100\n|switch|p1b: Smeargle|Smeargle, F, shiny|100\/100\n|switch|p2a: Tornadus|Tornadus, M|100\/100\n|switch|p2b: Glimmora|Glimmora, M|100\/100\n|turn|1\n|\n|t:|1696786043\n|switch|p1a: Delphox|Delphox, F, shiny|100\/100\n|move|p2a: Tornadus|Taunt|p1b: Smeargle\n|-start|p1b: Smeargle|move: Taunt\n|cant|p1b: Smeargle|move: Taunt|Simple Beam\n|move|p2b: Glimmora|Mortal Spin|p1a: Delphox|[spread] p1a,p1b\n|-damage|p1a: Delphox|94\/100\n|-damage|p1b: Smeargle|86\/100\n|-status|p1a: Delphox|psn\n|-status|p1b: Smeargle|psn\n|\n|-damage|p1a: Delphox|82\/100 psn|[from] psn\n|-damage|p1b: Smeargle|73\/100 psn|[from] psn\n|upkeep\n|turn|2\n|\n|t:|1696786063\n|move|p2a: Tornadus|Tailwind|p2a: Tornadus\n|-sidestart|p2: loafus_cranbrry|move: Tailwind\n|move|p2b: Glimmora|Ancient Power|p1a: Delphox\n|-supereffective|p1a: Delphox\n|-damage|p1a: Delphox|25\/100 psn\n|-enditem|p1a: Delphox|Weakness Policy\n|-boost|p1a: Delphox|atk|2|[from] item: Weakness Policy\n|-boost|p1a: Delphox|spa|2|[from] item: Weakness Policy\n|move|p1a: Delphox|Heat Wave|p2a: Tornadus|[spread] p2a,p2b\n|-resisted|p2b: Glimmora\n|-damage|p2a: Tornadus|14\/100\n|-damage|p2b: Glimmora|78\/100\n|-item|p1a: Delphox|Assault Vest|[from] ability: Magician|[of] p2b: Glimmora\n|move|p1b: Smeargle|Fling|p1a: Delphox\n|-supereffective|p1a: Delphox\n|-damage|p1a: Delphox|19\/100 psn\n|-boost|p1a: Delphox|spe|1|[from] item: Salac Berry\n|-enditem|p1b: Smeargle|Salac Berry|[from] move: Fling\n|\n|-damage|p1a: Delphox|7\/100 psn|[from] psn\n|-damage|p1b: Smeargle|61\/100 psn|[from] psn\n|upkeep\n|turn|3\n|\n|t:|1696786086\n|switch|p1b: Cresselia|Cresselia, F, shiny|100\/100\n|move|p2a: Tornadus|Protect|p2a: Tornadus\n|-singleturn|p2a: Tornadus|Protect\n|move|p1a: Delphox|Heat Wave|p2b: Glimmora|[spread] \n|-activate|p2a: Tornadus|move: Protect\n|-miss|p1a: Delphox|p2b: Glimmora\n|move|p2b: Glimmora|Ancient Power|p1a: Delphox\n|-supereffective|p1a: Delphox\n|-damage|p1a: Delphox|0 fnt\n|faint|p1a: Delphox\n|\n|upkeep\n|\n|t:|1696786098\n|switch|p1a: Kommo-o|Kommo-o, M, shiny|100\/100\n|turn|4\n|\n|t:|1696786114\n|move|p2a: Tornadus|Bleakwind Storm|p1b: Cresselia|[spread] p1a,p1b\n|-supereffective|p1a: Kommo-o\n|-damage|p1a: Kommo-o|19\/100\n|-damage|p1b: Cresselia|78\/100\n|-unboost|p1a: Kommo-o|spe|1\n|move|p2b: Glimmora|Mortal Spin|p1a: Kommo-o|[spread] p1a,p1b\n|-damage|p1a: Kommo-o|15\/100\n|-damage|p1b: Cresselia|75\/100\n|-status|p1a: Kommo-o|psn\n|-status|p1b: Cresselia|psn\n|move|p1b: Cresselia|Dazzling Gleam|p2a: Tornadus|[spread] p2a,p2b\n|-resisted|p2b: Glimmora\n|-damage|p2a: Tornadus|0 fnt\n|-damage|p2b: Glimmora|70\/100\n|faint|p2a: Tornadus\n|-zpower|p1a: Kommo-o\n|move|p1a: Kommo-o|Clangorous Soulblaze|p2b: Glimmora|[zeffect]\n|-damage|p2b: Glimmora|5\/100\n|-boost|p1a: Kommo-o|atk|1\n|-boost|p1a: Kommo-o|def|1\n|-boost|p1a: Kommo-o|spa|1\n|-boost|p1a: Kommo-o|spd|1\n|-boost|p1a: Kommo-o|spe|1\n|\n|-heal|p1b: Cresselia|81\/100 psn|[from] item: Leftovers\n|-damage|p1a: Kommo-o|3\/100 psn|[from] psn\n|-damage|p1b: Cresselia|68\/100 psn|[from] psn\n|upkeep\n|\n|t:|1696786142\n|switch|p2a: Grapploct|Grapploct, M|100\/100\n|turn|5\n|\n|t:|1696786152\n|switch|p2b: Lurantis|Lurantis, F|100\/100\n|move|p1a: Kommo-o|Drain Punch|p2a: Grapploct\n|-damage|p2a: Grapploct|51\/100\n|-heal|p1a: Kommo-o|31\/100 psn|[from] drain|[of] p2a: Grapploct\n|move|p2a: Grapploct|Octolock|p2b: Lurantis\n|-start|p2b: Lurantis|move: Octolock|[of] p2a: Grapploct\n|move|p1b: Cresselia|Psych Up|p1a: Kommo-o\n|-copyboost|p1b: Cresselia|p1a: Kommo-o|[from] move: Psych Up\n|\n|-heal|p1b: Cresselia|74\/100 psn|[from] item: Leftovers\n|-damage|p1a: Kommo-o|18\/100 psn|[from] psn\n|-damage|p1b: Cresselia|62\/100 psn|[from] psn\n|-boost|p2b: Lurantis|def|1\n|-boost|p2b: Lurantis|spd|1\n|-sideend|p2: loafus_cranbrry|move: Tailwind\n|upkeep\n|turn|6\n|\n|t:|1696786176\n|move|p2a: Grapploct|Protect|p2a: Grapploct\n|-singleturn|p2a: Grapploct|Protect\n|move|p1a: Kommo-o|Poison Jab|p2b: Lurantis\n|-supereffective|p2b: Lurantis\n|-damage|p2b: Lurantis|46\/100\n|move|p1b: Cresselia|Lunar Blessing|p1b: Cresselia|[spread] p1a,p1b\n|-heal|p1a: Kommo-o|43\/100 psn\n|-curestatus|p1a: Kommo-o|psn|[msg]\n|-heal|p1b: Cresselia|87\/100 psn\n|-curestatus|p1b: Cresselia|psn|[msg]\n|move|p2b: Lurantis|Ingrain|p2b: Lurantis\n|-start|p2b: Lurantis|move: Ingrain\n|\n|-heal|p1b: Cresselia|93\/100|[from] item: Leftovers\n|-heal|p2b: Lurantis|53\/100|[from] item: Leftovers\n|-heal|p2b: Lurantis|59\/100|[from] Ingrain\n|-boost|p2b: Lurantis|def|1\n|-boost|p2b: Lurantis|spd|1\n|upkeep\n|turn|7\n|\n|t:|1696786206\n|-terastallize|p2b: Lurantis|Fire\n|move|p1a: Kommo-o|Clangorous Soul|p1a: Kommo-o\n|-boost|p1a: Kommo-o|atk|1\n|-boost|p1a: Kommo-o|def|1\n|-boost|p1a: Kommo-o|spa|1\n|-boost|p1a: Kommo-o|spd|1\n|-boost|p1a: Kommo-o|spe|1\n|-damage|p1a: Kommo-o|10\/100\n|move|p1b: Cresselia|Psych Up|p1a: Kommo-o\n|-copyboost|p1b: Cresselia|p1a: Kommo-o|[from] move: Psych Up\n|move|p2b: Lurantis|Leaf Storm|p1b: Cresselia\n|-damage|p1b: Cresselia|82\/100\n|-boost|p2b: Lurantis|spa|2\n|move|p2a: Grapploct|Payback|p1b: Cresselia\n|-supereffective|p1b: Cresselia\n|-damage|p1b: Cresselia|60\/100\n|\n|-heal|p1b: Cresselia|66\/100|[from] item: Leftovers\n|-heal|p2b: Lurantis|65\/100|[from] item: Leftovers\n|-heal|p2b: Lurantis|71\/100|[from] Ingrain\n|-boost|p2b: Lurantis|def|1\n|-boost|p2b: Lurantis|spd|1\n|upkeep\n|turn|8\n|\n|t:|1696786231\n|move|p2a: Grapploct|Protect|p2a: Grapploct\n|-singleturn|p2a: Grapploct|Protect\n|move|p1a: Kommo-o|Drain Punch|p2a: Grapploct\n|-activate|p2a: Grapploct|move: Protect\n|move|p1b: Cresselia|Stored Power|p2b: Lurantis\n|-damage|p2b: Lurantis|0 fnt\n|faint|p2b: Lurantis\n|\n|-heal|p1b: Cresselia|73\/100|[from] item: Leftovers\n|upkeep\n|\n|t:|1696786246\n|switch|p2b: Weavile|Weavile, M|100\/100\n|-ability|p2b: Weavile|Pressure\n|turn|9\n|\n|t:|1696786265\n|move|p1a: Kommo-o|Drain Punch|p2b: Weavile\n|-supereffective|p2b: Weavile\n|-crit|p2b: Weavile\n|-damage|p2b: Weavile|0 fnt\n|-heal|p1a: Kommo-o|59\/100|[from] drain|[of] p2b: Weavile\n|faint|p2b: Weavile\n|move|p1b: Cresselia|Dazzling Gleam|p2a: Grapploct\n|-supereffective|p2a: Grapploct\n|-damage|p2a: Grapploct|0 fnt\n|faint|p2a: Grapploct\n|\n|-heal|p1b: Cresselia|79\/100|[from] item: Leftovers\n|upkeep\n|-message|loafus_cranbrry forfeited.\n|\n|win|Theadonia\n|raw|Theadonia's rating: 1218 &rarr; <strong>1233<\/strong><br \/>(+15 for winning)\n|raw|loafus_cranbrry's rating: 1075 &rarr; <strong>1062<\/strong><br \/>(-13 for losing)\n|l|\u2606loafus_cranbrry\n","uploadtime":1696786277,"views":5,"p1id":"theadonia","p2id":"loafuscranbrry","formatid":"gen9nationaldexdoubles","rating":1062,"private":0,"password":""}