{"id":"gen9nationaldexdoubles-1987389756","p1":"Jack the Ripper21","p2":"Skye32","format":"[Gen 9] National Dex Doubles","log":"|j|\u2606Jack the Ripper21\n|j|\u2606Skye32\n|t:|1699585165\n|gametype|doubles\n|player|p1|Jack the Ripper21|gentleman-gen4dp|\n|player|p2|Skye32|2|\n|teamsize|p1|6\n|teamsize|p2|6\n|gen|9\n|tier|[Gen 9] National Dex Doubles\n|rule|HP Percentage Mod: HP is shown in percentages\n|rule|Endless Battle Clause: Forcing endless battles is banned\n|rule|OHKO Clause: OHKO moves are banned\n|rule|Evasion Moves Clause: Evasion moves are banned\n|rule|Evasion Abilities Clause: Evasion abilities are banned\n|rule|Species Clause: Limit one of each Pok\u00e9mon\n|rule|Gravity Sleep Clause: The combination of sleep-inducing moves with imperfect accuracy and Gravity or Gigantamax Orbeetle are banned\n|clearpoke\n|poke|p1|Venusaur, F|\n|poke|p1|Toxapex, M|\n|poke|p1|Iron Moth|\n|poke|p1|Sneasler, F|\n|poke|p1|Glimmora, F|\n|poke|p1|Slowking-Galar, M|\n|poke|p2|Pinsir, M|\n|poke|p2|Volcarona, M|\n|poke|p2|Ribombee, F|\n|poke|p2|Galvantula, F|\n|poke|p2|Kleavor, M|\n|poke|p2|Scizor, F|\n|teampreview\n|c|\u2606Jack the Ripper21|sup\n|j| iamjustanillusion\n|c| iamjustanillusion|ALRiGHT MY MONKE FRIEND\n|c| iamjustanillusion|U BETTER WIN\n|c| iamjustanillusion|QUACK\n|\n|t:|1699585195\n|start\n|switch|p1a: Mutated Ballsack|Glimmora, F|100\/100\n|switch|p1b: Sazae|Slowking-Galar, M|100\/100\n|switch|p2a: Ribombee|Ribombee, F|100\/100\n|switch|p2b: Kleavor|Kleavor, M|100\/100\n|turn|1\n|c|\u2606Skye32|Meowww\n|c|\u2606Jack the Ripper21|whats with the racism man\n|c| iamjustanillusion|quack :(\n|c| iamjustanillusion|im sorry\n|c| iamjustanillusion|quack quack\n|\n|t:|1699585217\n|move|p2b: Kleavor|Knock Off|p1b: Sazae\n|-supereffective|p1b: Sazae\n|-damage|p1b: Sazae|53\/100\n|-enditem|p1b: Sazae|Heavy-Duty Boots|[from] move: Knock Off|[of] p2b: Kleavor\n|move|p2a: Ribombee|Psychic|p1a: Mutated Ballsack\n|-supereffective|p1a: Mutated Ballsack\n|-damage|p1a: Mutated Ballsack|28\/100\n|-unboost|p1a: Mutated Ballsack|spd|1\n|move|p1a: Mutated Ballsack|Stealth Rock|p2a: Ribombee\n|-sidestart|p2: Skye32|move: Stealth Rock\n|move|p1b: Sazae|Sludge Bomb|p2a: Ribombee\n|-supereffective|p2a: Ribombee\n|-enditem|p2a: Ribombee|Focus Sash\n|-damage|p2a: Ribombee|1\/100\n|\n|upkeep\n|turn|2\n|c|\u2606Jack the Ripper21|its fine\n|c| iamjustanillusion|oopsie daisy\n|\n|t:|1699585241\n|switch|p2b: Scizor|Scizor, F|100\/100\n|-damage|p2b: Scizor|88\/100|[from] Stealth Rock\n|move|p1a: Mutated Ballsack|Spiky Shield|p1a: Mutated Ballsack\n|-singleturn|p1a: Mutated Ballsack|move: Protect\n|move|p2a: Ribombee|Psychic|p1a: Mutated Ballsack\n|-activate|p1a: Mutated Ballsack|move: Protect\n|move|p1b: Sazae|Thunder Wave|p2b: Scizor\n|-status|p2b: Scizor|par\n|\n|upkeep\n|turn|3\n|c| iamjustanillusion|snesler\n|c|\u2606Jack the Ripper21|perfect\n|c| iamjustanillusion|the funni little man\n|\n|t:|1699585261\n|move|p2a: Ribombee|Psychic|p1a: Mutated Ballsack\n|-supereffective|p1a: Mutated Ballsack\n|-damage|p1a: Mutated Ballsack|0 fnt\n|faint|p1a: Mutated Ballsack\n|move|p2b: Scizor|Swords Dance|p2b: Scizor\n|-boost|p2b: Scizor|atk|2\n|move|p1b: Sazae|Chilly Reception|p1b: Sazae\n|-weather|Snow\n|c| iamjustanillusion|eh oh\n|\n|t:|1699585279\n|switch|p1b: hello|Venusaur, F|100\/100|[from] Chilly Reception\n|\n|-weather|Snow|[upkeep]\n|upkeep\n|\n|t:|1699585287\n|switch|p1a: tanky|Toxapex, M|100\/100\n|turn|4\n|\n|t:|1699585302\n|detailschange|p1b: hello|Venusaur-Mega, F\n|-mega|p1b: hello|Venusaur|Venusaurite\n|move|p2a: Ribombee|Psychic|p1a: tanky\n|-supereffective|p1a: tanky\n|-damage|p1a: tanky|55\/100\n|move|p1b: hello|Hidden Power|p2b: Scizor\n|-supereffective|p2b: Scizor\n|-damage|p2b: Scizor|15\/100 par\n|move|p1a: tanky|Scald|p2a: Ribombee\n|-damage|p2a: Ribombee|0 fnt\n|faint|p2a: Ribombee\n|move|p2b: Scizor|Bug Bite|p1b: hello\n|-crit|p1b: hello\n|-damage|p1b: hello|0 fnt\n|faint|p1b: hello\n|-damage|p2b: Scizor|5\/100 par|[from] item: Life Orb\n|\n|-weather|Snow|[upkeep]\n|-heal|p1a: tanky|61\/100|[from] item: Black Sludge\n|upkeep\n|c|\u2606Jack the Ripper21|IMA FIRING MY CANNON\n|c| iamjustanillusion|SIU\n|c| iamjustanillusion|LMAO\n|c|\u2606Jack the Ripper21|the crit mattered if im gonna be honest\n|\n|t:|1699585328\n|switch|p2a: Kleavor|Kleavor, M|100\/100\n|switch|p1b: Ripper|Sneasler, F|100\/100\n|-damage|p2a: Kleavor|76\/100|[from] Stealth Rock\n|-item|p1b: Ripper|Air Balloon\n|turn|5\n|c| iamjustanillusion|quack\n|c| iamjustanillusion|trolled lmao\n|\n|t:|1699585347\n|move|p2a: Kleavor|Psycho Cut|p1b: Ripper\n|-supereffective|p1b: Ripper\n|-damage|p1b: Ripper|0 fnt\n|-enditem|p1b: Ripper|Air Balloon\n|faint|p1b: Ripper\n|move|p1a: tanky|Scald|p2b: Scizor\n|-damage|p2b: Scizor|0 fnt\n|faint|p2b: Scizor\n|\n|-weather|Snow|[upkeep]\n|-heal|p1a: tanky|67\/100|[from] item: Black Sludge\n|upkeep\n|c| iamjustanillusion|quack\n|c|\u2606Jack the Ripper21|didn't know it learnt that\n|c|\u2606Jack the Ripper21|and its scarfed\n|\n|t:|1699585362\n|switch|p1b: Sazae|Slowking-Galar, M|86\/100\n|switch|p2b: Galvantula|Galvantula, F|100\/100\n|turn|6\n|c| iamjustanillusion|no way you losing this\n|c|\u2606Jack the Ripper21|im actually more singles lol\n|c| iamjustanillusion|its mono bug sir\n|c| iamjustanillusion|how\n|\n|t:|1699585379\n|-terastallize|p1a: tanky|Poison\n|move|p2a: Kleavor|Psycho Cut|p1b: Sazae\n|-damage|p1b: Sazae|60\/100\n|move|p2b: Galvantula|Thunder|p1a: tanky\n|-damage|p1a: tanky|23\/100\n|move|p1a: tanky|Recover|p1a: tanky\n|-heal|p1a: tanky|73\/100\n|move|p1b: Sazae|Sludge Bomb|p2a: Kleavor\n|-resisted|p2a: Kleavor\n|-damage|p2a: Kleavor|50\/100\n|\n|-weather|Snow|[upkeep]\n|-heal|p1a: tanky|79\/100|[from] item: Black Sludge\n|upkeep\n|turn|7\n|\n|t:|1699585403\n|move|p2a: Kleavor|Psycho Cut|p1a: tanky\n|-supereffective|p1a: tanky\n|-damage|p1a: tanky|32\/100\n|move|p2b: Galvantula|Bug Buzz|p1b: Sazae\n|-damage|p1b: Sazae|28\/100\n|move|p1a: tanky|Scald|p2a: Kleavor\n|-supereffective|p2a: Kleavor\n|-damage|p2a: Kleavor|0 fnt\n|faint|p2a: Kleavor\n|move|p1b: Sazae|Thunder Wave|p2b: Galvantula\n|-immune|p2b: Galvantula\n|\n|-weather|none\n|-heal|p1a: tanky|38\/100|[from] item: Black Sludge\n|upkeep\n|c| iamjustanillusion|bro\n|c| iamjustanillusion|wtf was that\n|\n|t:|1699585424\n|switch|p2a: Pinsir|Pinsir, M|100\/100\n|-damage|p2a: Pinsir|76\/100|[from] Stealth Rock\n|turn|8\n|c|\u2606Jack the Ripper21|idk im tired man\n|c| iamjustanillusion|quick attackis\n|\n|t:|1699585440\n|switch|p1b: Its a moth|Iron Moth|100\/100\n|-enditem|p1b: Its a moth|Booster Energy\n|-activate|p1b: Its a moth|ability: Quark Drive|[fromitem]\n|-start|p1b: Its a moth|quarkdrivespa\n|detailschange|p2a: Pinsir|Pinsir-Mega, M\n|-mega|p2a: Pinsir|Pinsir|Pinsirite\n|move|p2a: Pinsir|Earthquake|p1b: Its a moth|[spread] p2b,p1a,p1b\n|-supereffective|p1a: tanky\n|-supereffective|p1b: Its a moth\n|-damage|p2b: Galvantula|49\/100\n|-damage|p1a: tanky|5\/100\n|-damage|p1b: Its a moth|0 fnt\n|faint|p1b: Its a moth\n|-end|p1b: Its a moth|Quark Drive|[silent]\n|move|p2b: Galvantula|Bug Buzz|p1a: tanky\n|-resisted|p1a: tanky\n|-damage|p1a: tanky|0 fnt\n|faint|p1a: tanky\n|\n|upkeep\n|c| iamjustanillusion|oh\n|c| iamjustanillusion|you lose\n|c| iamjustanillusion|severly\n|c|\u2606Jack the Ripper21|yeah ik\n|c|\u2606Jack the Ripper21|im more singles though i did doubles for lols\n|c| iamjustanillusion|my dissapointment is immesurable\n|\n|t:|1699585474\n|switch|p1a: Sazae|Slowking-Galar, M|61\/100\n|turn|9\n|c|\u2606Jack the Ripper21|remind me who won the battle in the tourney\n|c| iamjustanillusion|hey\n|c| iamjustanillusion|i beat you right back ok\n|c| iamjustanillusion|geez\n|c|\u2606Jack the Ripper21|fair\n|c|\u2606Jack the Ripper21|but still im not really good at doubles\n|c|\u2606Jack the Ripper21|i do it to get better at it\n|\n|t:|1699585529\n|move|p2a: Pinsir|Earthquake|p1a: Sazae|[spread] p2b,p1a\n|-supereffective|p1a: Sazae\n|-damage|p2b: Galvantula|0 fnt\n|-damage|p1a: Sazae|20\/100\n|faint|p2b: Galvantula\n|move|p1a: Sazae|Sludge Bomb|p2a: Pinsir\n|-damage|p2a: Pinsir|33\/100\n|\n|upkeep\n|c| iamjustanillusion|mega pinsir over scizor is a strange choice\n|\n|t:|1699585535\n|switch|p2b: Volcarona|Volcarona, M|100\/100\n|turn|10\n|c|\u2606Jack the Ripper21|yeah atleast she not going against my singles team\n|\n|t:|1699585551\n|move|p2a: Pinsir|Frustration|p1a: Sazae\n|-damage|p1a: Sazae|0 fnt\n|faint|p1a: Sazae\n|\n|win|Skye32\n|c| iamjustanillusion|oh he ded\n|c| iamjustanillusion|clapped\n|c|\u2606Jack the Ripper21|but yeah im just tired been up since 3 am\n|c| iamjustanillusion|ayo wtf\n|c| iamjustanillusion|bitch\n|c|\u2606Skye32|Gg\n|c| iamjustanillusion|go to sleep\n|c|\u2606Jack the Ripper21|no\n|c| iamjustanillusion|that isnt good for your health\n|c| iamjustanillusion|clodsire would be dissapointed in you\n|c| iamjustanillusion|he loves his sleep\n|c|\u2606Jack the Ripper21|clodsire doesn't sleep\n|c| iamjustanillusion|NOW GO TO BED\n|c|\u2606Jack the Ripper21|he reigns with terror\n|c| iamjustanillusion|if you aint sleeping\n|c| iamjustanillusion|wanna do our soulink?\n|c|\u2606Jack the Ripper21|sure why not\n|c|\u2606Jack the Ripper21|let me file this pointless badge report\n","uploadtime":1699585634,"views":11,"p1id":"jacktheripper21","p2id":"skye32","formatid":"gen9nationaldexdoubles","rating":0,"private":0,"password":""}