{"id":"gen9nationaldexdoubles-1968542089","p1":"fumbari 24","p2":"Monkmilt2","format":"[Gen 9] National Dex Doubles","log":"|j|\u2606fumbari 24\n|j|\u2606Monkmilt2\n|t:|1697430715\n|gametype|doubles\n|player|p1|fumbari 24|hilbert|1398\n|player|p2|Monkmilt2|bruno|1241\n|teamsize|p1|6\n|teamsize|p2|6\n|gen|9\n|tier|[Gen 9] National Dex Doubles\n|rated|\n|rule|HP Percentage Mod: HP is shown in percentages\n|rule|Endless Battle Clause: Forcing endless battles is banned\n|rule|OHKO Clause: OHKO moves are banned\n|rule|Evasion Moves Clause: Evasion moves are banned\n|rule|Evasion Abilities Clause: Evasion abilities are banned\n|rule|Species Clause: Limit one of each Pok\u00e9mon\n|rule|Gravity Sleep Clause: The combination of sleep-inducing moves with imperfect accuracy and Gravity or Gigantamax Orbeetle are banned\n|clearpoke\n|poke|p1|Blastoise, M|\n|poke|p1|Urshifu-*, F|\n|poke|p1|Skarmory, M|\n|poke|p1|Meowscarada, M|\n|poke|p1|Ceruledge, M|\n|poke|p1|Ting-Lu|\n|poke|p2|Baxcalibur, F|\n|poke|p2|Serperior, M|\n|poke|p2|Milotic, F|\n|poke|p2|Munkidori, M|\n|poke|p2|Tornadus, M|\n|poke|p2|Dragonite, M|\n|teampreview\n|\n|t:|1697430723\n|start\n|switch|p1a: Urshifu|Urshifu-Rapid-Strike, F|100\/100\n|switch|p1b: Skraa|Skarmory, M|100\/100\n|switch|p2a: Tornadus|Tornadus, M|100\/100\n|switch|p2b: Dragonite|Dragonite, M, shiny|100\/100\n|turn|1\n|\n|t:|1697430735\n|move|p1a: Urshifu|Detect|p1a: Urshifu\n|-singleturn|p1a: Urshifu|Protect\n|move|p2a: Tornadus|Tailwind|p2a: Tornadus\n|-sidestart|p2: Monkmilt2|move: Tailwind\n|move|p2b: Dragonite|Dragon Dance|p2b: Dragonite\n|-boost|p2b: Dragonite|atk|1\n|-boost|p2b: Dragonite|spe|1\n|move|p1b: Skraa|Tailwind|p1b: Skraa\n|-sidestart|p1: fumbari 24|move: Tailwind\n|\n|upkeep\n|turn|2\n|inactive|Battle timer is ON: inactive players will automatically lose when time's up. (requested by fumbari 24)\n|\n|t:|1697430747\n|switch|p1a: Ting-Lu|Ting-Lu|100\/100\n|-ability|p1a: Ting-Lu|Vessel of Ruin\n|move|p2b: Dragonite|Dragon Dance|p2b: Dragonite\n|-boost|p2b: Dragonite|atk|1\n|-boost|p2b: Dragonite|spe|1\n|move|p2a: Tornadus|Bleakwind Storm|p1b: Skraa|[spread] p1a,p1b\n|-resisted|p1b: Skraa\n|-damage|p1a: Ting-Lu|86\/100\n|-damage|p1b: Skraa|83\/100\n|move|p1b: Skraa|Whirlwind|p2b: Dragonite\n|drag|p2b: Serperior|Serperior, M|100\/100\n|\n|upkeep\n|turn|3\n|inactive|Monkmilt2 has 120 seconds left.\n|\n|t:|1697430789\n|move|p2a: Tornadus|Taunt|p1b: Skraa\n|-start|p1b: Skraa|move: Taunt\n|move|p2b: Serperior|Leaf Storm|p1a: Ting-Lu\n|-supereffective|p1a: Ting-Lu\n|-damage|p1a: Ting-Lu|49\/100\n|-boost|p2b: Serperior|spa|2\n|-zpower|p1b: Skraa\n|move|p1b: Skraa|Supersonic Skystrike|p2b: Serperior|[zeffect]\n|-supereffective|p2b: Serperior\n|-damage|p2b: Serperior|0 fnt\n|faint|p2b: Serperior\n|move|p1a: Ting-Lu|Ruination|p2a: Tornadus\n|-damage|p2a: Tornadus|51\/100\n|\n|-heal|p2a: Tornadus|57\/100|[from] item: Leftovers\n|upkeep\n|\n|t:|1697430801\n|switch|p2b: Munkidori|Munkidori, M|100\/100\n|turn|4\n|inactive|Monkmilt2 has 120 seconds left.\n|\n|t:|1697430813\n|move|p2a: Tornadus|Bleakwind Storm|p1a: Ting-Lu|[spread] p1b\n|-miss|p2a: Tornadus|p1a: Ting-Lu\n|-resisted|p1b: Skraa\n|-damage|p1b: Skraa|62\/100\n|move|p2b: Munkidori|Calm Mind|p2b: Munkidori\n|-boost|p2b: Munkidori|spa|1\n|-boost|p2b: Munkidori|spd|1\n|move|p1b: Skraa|Brave Bird|p2b: Munkidori\n|-damage|p2b: Munkidori|56\/100\n|-damage|p1b: Skraa|48\/100|[from] Recoil\n|move|p1a: Ting-Lu|Snarl|p2b: Munkidori|[spread] p2a,p2b\n|-supereffective|p2b: Munkidori\n|-damage|p2a: Tornadus|48\/100\n|-damage|p2b: Munkidori|43\/100\n|-unboost|p2a: Tornadus|spa|1\n|-unboost|p2b: Munkidori|spa|1\n|\n|-heal|p2a: Tornadus|54\/100|[from] item: Leftovers\n|-sideend|p1: fumbari 24|move: Tailwind\n|-sideend|p2: Monkmilt2|move: Tailwind\n|upkeep\n|turn|5\n|inactive|Monkmilt2 has 120 seconds left.\n|\n|t:|1697430840\n|move|p2a: Tornadus|Tailwind|p2a: Tornadus\n|-sidestart|p2: Monkmilt2|move: Tailwind\n|move|p2b: Munkidori|Psychic|p1b: Skraa\n|-resisted|p1b: Skraa\n|-damage|p1b: Skraa|22\/100\n|move|p1b: Skraa|Brave Bird|p2b: Munkidori\n|-damage|p2b: Munkidori|0 fnt\n|faint|p2b: Munkidori\n|-damage|p1b: Skraa|9\/100|[from] Recoil\n|move|p1a: Ting-Lu|Snarl|p2a: Tornadus\n|-damage|p2a: Tornadus|43\/100\n|-unboost|p2a: Tornadus|spa|1\n|\n|-heal|p2a: Tornadus|49\/100|[from] item: Leftovers\n|-end|p1b: Skraa|move: Taunt\n|upkeep\n|inactive|Monkmilt2 has 120 seconds left.\n|\n|t:|1697430848\n|switch|p2b: Dragonite|Dragonite, M, shiny|100\/100\n|turn|6\n|\n|t:|1697430864\n|move|p2b: Dragonite|Extreme Speed|p1b: Skraa\n|-resisted|p1b: Skraa\n|-damage|p1b: Skraa|0 fnt\n|faint|p1b: Skraa\n|move|p2a: Tornadus|Bleakwind Storm|p1a: Ting-Lu\n|-damage|p1a: Ting-Lu|40\/100\n|-unboost|p1a: Ting-Lu|spe|1\n|move|p1a: Ting-Lu|Ruination|p2b: Dragonite\n|-damage|p2b: Dragonite|51\/100\n|\n|-heal|p2a: Tornadus|55\/100|[from] item: Leftovers\n|-heal|p2b: Dragonite|57\/100|[from] item: Leftovers\n|upkeep\n|\n|t:|1697430882\n|switch|p1b: Harbor|Blastoise, M|100\/100\n|turn|7\n|\n|t:|1697430901\n|switch|p2a: Milotic|Milotic, F, shiny|100\/100\n|-terastallize|p2b: Dragonite|Normal\n|move|p1b: Harbor|Fake Out|p2b: Dragonite\n|-damage|p2b: Dragonite|49\/100\n|cant|p2b: Dragonite|flinch\n|move|p1a: Ting-Lu|Snarl|p2a: Milotic|[spread] p2a,p2b\n|-damage|p2a: Milotic|93\/100\n|-damage|p2b: Dragonite|44\/100\n|-unboost|p2a: Milotic|spa|1\n|-ability|p2a: Milotic|Competitive|boost\n|-boost|p2a: Milotic|spa|2\n|-unboost|p2b: Dragonite|spa|1\n|\n|-heal|p2b: Dragonite|50\/100|[from] item: Leftovers\n|upkeep\n|turn|8\n|\n|t:|1697430928\n|move|p2a: Milotic|Scald|p1a: Ting-Lu\n|-supereffective|p1a: Ting-Lu\n|-damage|p1a: Ting-Lu|5\/100\n|move|p2b: Dragonite|Dragon Dance|p2b: Dragonite\n|-boost|p2b: Dragonite|atk|1\n|-boost|p2b: Dragonite|spe|1\n|move|p1b: Harbor|Scald|p2b: Dragonite\n|-damage|p2b: Dragonite|35\/100\n|-status|p2b: Dragonite|brn\n|move|p1a: Ting-Lu|Ruination|p2a: Milotic\n|-damage|p2a: Milotic|47\/100\n|\n|-heal|p2b: Dragonite|41\/100 brn|[from] item: Leftovers\n|-damage|p2b: Dragonite|35\/100 brn|[from] brn\n|-sideend|p2: Monkmilt2|move: Tailwind\n|upkeep\n|turn|9\n|c|\u2606Monkmilt2|Lol\n|\n|t:|1697430958\n|move|p2b: Dragonite|Extreme Speed|p1a: Ting-Lu\n|-damage|p1a: Ting-Lu|0 fnt\n|faint|p1a: Ting-Lu\n|move|p2a: Milotic|Hypnosis|p1b: Harbor|[miss]\n|-miss|p2a: Milotic|p1b: Harbor\n|move|p1b: Harbor|Scald|p2b: Dragonite\n|-damage|p2b: Dragonite|16\/100 brn\n|\n|-heal|p2b: Dragonite|22\/100 brn|[from] item: Leftovers\n|-damage|p2b: Dragonite|16\/100 brn|[from] brn\n|upkeep\n|\n|t:|1697430969\n|switch|p1a: A.Banderas|Meowscarada, M|100\/100\n|turn|10\n|\n|t:|1697430987\n|switch|p2a: Tornadus|Tornadus, M|55\/100\n|move|p1a: A.Banderas|Flower Trick|p2a: Tornadus\n|-resisted|p2a: Tornadus\n|-crit|p2a: Tornadus\n|-damage|p2a: Tornadus|18\/100\n|move|p2b: Dragonite|Ice Spinner|p1a: A.Banderas\n|-supereffective|p1a: A.Banderas\n|-damage|p1a: A.Banderas|25\/100\n|move|p1b: Harbor|Scald|p2b: Dragonite\n|-damage|p2b: Dragonite|0 fnt\n|faint|p2b: Dragonite\n|\n|-heal|p2a: Tornadus|24\/100|[from] item: Leftovers\n|upkeep\n|\n|t:|1697431000\n|switch|p2b: Milotic|Milotic, F, shiny|47\/100\n|turn|11\n|\n|t:|1697431008\n|move|p1a: A.Banderas|Protect|p1a: A.Banderas\n|-singleturn|p1a: A.Banderas|Protect\n|move|p2a: Tornadus|Tailwind|p2a: Tornadus\n|-sidestart|p2: Monkmilt2|move: Tailwind\n|move|p2b: Milotic|Blizzard|p1a: A.Banderas|[spread] p1b\n|-activate|p1a: A.Banderas|move: Protect\n|-resisted|p1b: Harbor\n|-damage|p1b: Harbor|90\/100\n|move|p1b: Harbor|Scald|p2a: Tornadus\n|-damage|p2a: Tornadus|0 fnt\n|faint|p2a: Tornadus\n|\n|-heal|p1b: Harbor|96\/100|[from] item: Leftovers\n|upkeep\n|\n|t:|1697431019\n|switch|p2a: Baxcalibur|Baxcalibur, F|100\/100\n|turn|12\n|\n|t:|1697431030\n|switch|p1b: Urshifu|Urshifu-Rapid-Strike, F|100\/100\n|move|p2a: Baxcalibur|Icicle Spear|p1a: A.Banderas\n|-supereffective|p1a: A.Banderas\n|-damage|p1a: A.Banderas|0 fnt\n|faint|p1a: A.Banderas\n|-hitcount|p1: A.Banderas|1\n|move|p2b: Milotic|Hypnosis|p1b: Urshifu\n|-status|p1b: Urshifu|slp|[from] move: Hypnosis\n|\n|upkeep\n|\n|t:|1697431039\n|switch|p1a: B.K|Ceruledge, M|100\/100\n|turn|13\n|\n|t:|1697431052\n|-terastallize|p1a: B.K|Grass\n|move|p2a: Baxcalibur|Scale Shot|p1a: B.K\n|-damage|p1a: B.K|85\/100\n|-damage|p1a: B.K|71\/100\n|-damage|p1a: B.K|57\/100\n|-damage|p1a: B.K|43\/100\n|-enditem|p1a: B.K|Sitrus Berry|[eat]\n|-heal|p1a: B.K|68\/100|[from] item: Sitrus Berry\n|-hitcount|p1a: B.K|4\n|-unboost|p2a: Baxcalibur|def|1\n|-boost|p2a: Baxcalibur|spe|1\n|move|p2b: Milotic|Recover|p2b: Milotic\n|-heal|p2b: Milotic|97\/100\n|cant|p1b: Urshifu|slp\n|move|p1a: B.K|Bulk Up|p1a: B.K\n|-boost|p1a: B.K|atk|1\n|-boost|p1a: B.K|def|1\n|\n|upkeep\n|turn|14\n|\n|t:|1697431078\n|move|p2a: Baxcalibur|Icicle Spear|p1a: B.K\n|-supereffective|p1a: B.K\n|-crit|p1a: B.K\n|-damage|p1a: B.K|21\/100\n|-supereffective|p1a: B.K\n|-damage|p1a: B.K|2\/100\n|-supereffective|p1a: B.K\n|-damage|p1a: B.K|0 fnt\n|faint|p1a: B.K\n|-hitcount|p1: B.K|3\n|move|p2b: Milotic|Blizzard|p1b: Urshifu|[miss]\n|-miss|p2b: Milotic|p1b: Urshifu\n|cant|p1b: Urshifu|slp\n|\n|-sideend|p2: Monkmilt2|move: Tailwind\n|upkeep\n|\n|t:|1697431091\n|switch|p1a: Harbor|Blastoise, M|96\/100\n|turn|15\n|\n|t:|1697431104\n|move|p1a: Harbor|Fake Out|p2a: Baxcalibur\n|-damage|p2a: Baxcalibur|90\/100\n|cant|p2a: Baxcalibur|flinch\n|-curestatus|p1b: Urshifu|slp|[msg]\n|move|p1b: Urshifu|Drain Punch|p2a: Baxcalibur\n|-supereffective|p2a: Baxcalibur\n|-damage|p2a: Baxcalibur|0 fnt\n|faint|p2a: Baxcalibur\n|move|p2b: Milotic|Hypnosis|p1a: Harbor\n|-status|p1a: Harbor|slp|[from] move: Hypnosis\n|\n|-heal|p1a: Harbor|100\/100 slp|[from] item: Leftovers\n|upkeep\n|turn|16\n|\n|t:|1697431122\n|move|p1b: Urshifu|Bulk Up|p1b: Urshifu\n|-boost|p1b: Urshifu|atk|1\n|-boost|p1b: Urshifu|def|1\n|move|p2b: Milotic|Hypnosis|p1b: Urshifu\n|-status|p1b: Urshifu|slp|[from] move: Hypnosis\n|cant|p1a: Harbor|slp\n|\n|upkeep\n|turn|17\n|\n|t:|1697431131\n|cant|p1b: Urshifu|slp\n|move|p2b: Milotic|Blizzard|p1b: Urshifu|[spread] p1a,p1b\n|-resisted|p1a: Harbor\n|-resisted|p1b: Urshifu\n|-damage|p1a: Harbor|90\/100 slp\n|-damage|p1b: Urshifu|89\/100 slp\n|cant|p1a: Harbor|slp\n|\n|-heal|p1a: Harbor|96\/100 slp|[from] item: Leftovers\n|upkeep\n|turn|18\n|\n|t:|1697431141\n|cant|p1b: Urshifu|slp\n|move|p2b: Milotic|Blizzard|p1b: Urshifu|[spread] p1a,p1b\n|-resisted|p1a: Harbor\n|-resisted|p1b: Urshifu\n|-crit|p1b: Urshifu\n|-damage|p1a: Harbor|85\/100 slp\n|-damage|p1b: Urshifu|68\/100 slp\n|cant|p1a: Harbor|slp\n|\n|-heal|p1a: Harbor|91\/100 slp|[from] item: Leftovers\n|upkeep\n|turn|19\n|\n|t:|1697431150\n|cant|p1b: Urshifu|slp\n|move|p2b: Milotic|Blizzard|p1a: Harbor|[spread] p1a,p1b\n|-resisted|p1a: Harbor\n|-resisted|p1b: Urshifu\n|-damage|p1a: Harbor|81\/100 slp\n|-damage|p1b: Urshifu|55\/100 slp\n|-curestatus|p1a: Harbor|slp|[msg]\n|move|p1a: Harbor|Scald|p2b: Milotic\n|-resisted|p2b: Milotic\n|-damage|p2b: Milotic|86\/100\n|\n|-heal|p1a: Harbor|87\/100|[from] item: Leftovers\n|upkeep\n|turn|20\n|\n|t:|1697431163\n|-curestatus|p1b: Urshifu|slp|[msg]\n|move|p1b: Urshifu|Drain Punch|p2b: Milotic\n|-damage|p2b: Milotic|37\/100\n|-heal|p1b: Urshifu|75\/100|[from] drain|[of] p2b: Milotic\n|move|p2b: Milotic|Blizzard|p1b: Urshifu|[spread] p1a\n|-miss|p2b: Milotic|p1b: Urshifu\n|-resisted|p1a: Harbor\n|-damage|p1a: Harbor|76\/100\n|move|p1a: Harbor|Scald|p2b: Milotic\n|-resisted|p2b: Milotic\n|-damage|p2b: Milotic|28\/100\n|\n|-heal|p1a: Harbor|82\/100|[from] item: Leftovers\n|upkeep\n|turn|21\n|\n|t:|1697431179\n|move|p1b: Urshifu|Drain Punch|p2b: Milotic\n|-damage|p2b: Milotic|0 fnt\n|-heal|p1b: Urshifu|87\/100|[from] drain|[of] p2b: Milotic\n|faint|p2b: Milotic\n|\n|win|fumbari 24\n|raw|fumbari 24's rating: 1398 &rarr; <strong>1410<\/strong><br \/>(+12 for winning)\n|raw|Monkmilt2's rating: 1241 &rarr; <strong>1227<\/strong><br \/>(-14 for losing)\n|l|\u2606Monkmilt2\n","uploadtime":1697431188,"views":7,"p1id":"fumbari24","p2id":"monkmilt2","formatid":"gen9nationaldexdoubles","rating":1227,"private":0,"password":""}