{"id":"gen9nationaldexdoubles-1955356800","p1":"RenLegend","p2":"Electroshibe","format":"[Gen 9] National Dex Doubles","log":"|j|\u2606RenLegend\n|j|\u2606Electroshibe\n|t:|1695991050\n|gametype|doubles\n|player|p1|RenLegend|swimmerf|1094\n|player|p2|Electroshibe|benga|1129\n|teamsize|p1|6\n|teamsize|p2|6\n|gen|9\n|tier|[Gen 9] National Dex Doubles\n|rated|\n|rule|HP Percentage Mod: HP is shown in percentages\n|rule|Endless Battle Clause: Forcing endless battles is banned\n|rule|OHKO Clause: OHKO moves are banned\n|rule|Evasion Moves Clause: Evasion moves are banned\n|rule|Evasion Abilities Clause: Evasion abilities are banned\n|rule|Species Clause: Limit one of each Pok\u00e9mon\n|rule|Gravity Sleep Clause: The combination of sleep-inducing moves with imperfect accuracy and Gravity or Gigantamax Orbeetle are banned\n|clearpoke\n|poke|p1|Gliscor, M|\n|poke|p1|Infernape, F|\n|poke|p1|Blissey, F|\n|poke|p1|Flutter Mane|\n|poke|p1|Samurott-Hisui, M|\n|poke|p1|Bisharp, M|\n|poke|p2|Ninetales, M|\n|poke|p2|Ceruledge, M|\n|poke|p2|Arcanine-Hisui, F|\n|poke|p2|Eevee, M|\n|poke|p2|Amoonguss, F|\n|poke|p2|Espeon, F|\n|teampreview\n|\n|t:|1695991064\n|start\n|switch|p1a: Garo|Infernape, F|100\/100\n|switch|p1b: SpeedOsoundSonic|Flutter Mane|100\/100\n|switch|p2a: Prism|Eevee, M|100\/100\n|switch|p2b: SUS|Amoonguss, F|100\/100\n|-enditem|p1b: SpeedOsoundSonic|Booster Energy\n|-activate|p1b: SpeedOsoundSonic|ability: Protosynthesis|[fromitem]\n|-start|p1b: SpeedOsoundSonic|protosynthesisspe\n|turn|1\n|\n|t:|1695991081\n|move|p2b: SUS|Rage Powder|p2b: SUS\n|-singleturn|p2b: SUS|move: Rage Powder\n|move|p1b: SpeedOsoundSonic|Mystical Fire|p2b: SUS\n|-supereffective|p2b: SUS\n|-damage|p2b: SUS|65\/100\n|-unboost|p2b: SUS|spa|1\n|move|p1a: Garo|Close Combat|p2b: SUS\n|-resisted|p2b: SUS\n|-damage|p2b: SUS|27\/100\n|-unboost|p1a: Garo|def|1\n|-unboost|p1a: Garo|spd|1\n|-damage|p1a: Garo|91\/100|[from] item: Life Orb\n|-zpower|p2a: Prism\n|move|p2a: Prism|Extreme Evoboost|p2a: Prism\n|-boost|p2a: Prism|atk|2\n|-boost|p2a: Prism|def|2\n|-boost|p2a: Prism|spa|2\n|-boost|p2a: Prism|spd|2\n|-boost|p2a: Prism|spe|2\n|\n|-heal|p2b: SUS|33\/100|[from] item: Black Sludge\n|upkeep\n|turn|2\n|\n|t:|1695991102\n|move|p2b: SUS|Rage Powder|p2b: SUS\n|-singleturn|p2b: SUS|move: Rage Powder\n|move|p1b: SpeedOsoundSonic|Dazzling Gleam|p2b: SUS|[spread] p2a,p2b\n|-resisted|p2b: SUS\n|-damage|p2a: Prism|75\/100\n|-damage|p2b: SUS|23\/100\n|move|p2a: Prism|Baton Pass|p2a: Prism\n|\n|t:|1695991110\n|switch|p2a: Galaxy|Espeon, F|100\/100|[from] Baton Pass\n|move|p1a: Garo|Raging Fury|p2b: SUS\n|-supereffective|p2b: SUS\n|-damage|p2b: SUS|0 fnt\n|faint|p2b: SUS\n|-damage|p1a: Garo|81\/100|[from] item: Life Orb\n|\n|upkeep\n|\n|t:|1695991113\n|switch|p2b: Funny|Ceruledge, M|100\/100\n|turn|3\n|\n|t:|1695991127\n|move|p2b: Funny|Shadow Sneak|p1b: SpeedOsoundSonic\n|-supereffective|p1b: SpeedOsoundSonic\n|-damage|p1b: SpeedOsoundSonic|11\/100\n|move|p2a: Galaxy|Stored Power|p1a: Garo\n|-supereffective|p1a: Garo\n|-damage|p1a: Garo|0 fnt\n|faint|p1a: Garo\n|-damage|p2a: Galaxy|91\/100|[from] item: Life Orb\n|move|p1b: SpeedOsoundSonic|Shadow Ball|p2b: Funny\n|-supereffective|p2b: Funny\n|-damage|p2b: Funny|0 fnt\n|faint|p2b: Funny\n|\n|upkeep\n|\n|t:|1695991141\n|switch|p1a: GildedGuy|Bisharp, M|100\/100\n|switch|p2b: Helios|Ninetales, M|100\/100\n|-weather|SunnyDay|[from] ability: Drought|[of] p2b: Helios\n|turn|4\n|\n|t:|1695991150\n|move|p1a: GildedGuy|Sucker Punch|p2a: Galaxy\n|-supereffective|p2a: Galaxy\n|-damage|p2a: Galaxy|15\/100\n|move|p2a: Galaxy|Dazzling Gleam|p1a: GildedGuy|[spread] p1a,p1b\n|-damage|p1a: GildedGuy|43\/100\n|-damage|p1b: SpeedOsoundSonic|0 fnt\n|faint|p1b: SpeedOsoundSonic\n|-end|p1b: SpeedOsoundSonic|Protosynthesis|[silent]\n|-damage|p2a: Galaxy|5\/100|[from] item: Life Orb\n|move|p2b: Helios|Heat Wave|p1a: GildedGuy\n|-supereffective|p1a: GildedGuy\n|-damage|p1a: GildedGuy|0 fnt\n|faint|p1a: GildedGuy\n|\n|-weather|SunnyDay|[upkeep]\n|upkeep\n|\n|t:|1695991164\n|switch|p1b: shield|Blissey, F|100\/100\n|switch|p1a: Bang|Samurott-Hisui, M|100\/100\n|turn|5\n|\n|t:|1695991173\n|move|p2a: Galaxy|Morning Sun|p2a: Galaxy\n|-heal|p2a: Galaxy|71\/100\n|move|p2b: Helios|Will-O-Wisp|p1a: Bang\n|-status|p1a: Bang|brn\n|move|p1a: Bang|Aqua Cutter|p2b: Helios\n|-supereffective|p2b: Helios\n|-damage|p2b: Helios|44\/100\n|move|p1b: shield|Hyper Beam|p2a: Galaxy\n|-damage|p2a: Galaxy|45\/100\n|-mustrecharge|p1b: shield\n|\n|-weather|SunnyDay|[upkeep]\n|-damage|p1a: Bang|94\/100 brn|[from] brn\n|upkeep\n|turn|6\n|-message|RenLegend forfeited.\n|\n|win|Electroshibe\n|raw|RenLegend's rating: 1094 &rarr; <strong>1072<\/strong><br \/>(-22 for losing)\n|raw|Electroshibe's rating: 1129 &rarr; <strong>1151<\/strong><br \/>(+22 for winning)\n|l|\u2606RenLegend\n","uploadtime":1695991198,"views":4,"p1id":"renlegend","p2id":"electroshibe","formatid":"gen9nationaldexdoubles","rating":1072,"private":0,"password":""}