{"id":"gen9nationaldexdoubles-1987621887","p1":"dhiuasdhniash","p2":"knightgem","format":"[Gen 9] National Dex Doubles","log":"|j|\u203ddhiuasdhniash\n|j|\u2606knightgem\n|t:|1699620713\n|gametype|doubles\n|player|p1|dhiuasdhniash|pokekid|1067\n|player|p2|knightgem|#knightgem|1164\n|teamsize|p1|6\n|teamsize|p2|6\n|gen|9\n|tier|[Gen 9] National Dex Doubles\n|rated|\n|rule|HP Percentage Mod: HP is shown in percentages\n|rule|Endless Battle Clause: Forcing endless battles is banned\n|rule|OHKO Clause: OHKO moves are banned\n|rule|Evasion Moves Clause: Evasion moves are banned\n|rule|Evasion Abilities Clause: Evasion abilities are banned\n|rule|Species Clause: Limit one of each Pok\u00e9mon\n|rule|Gravity Sleep Clause: The combination of sleep-inducing moves with imperfect accuracy and Gravity or Gigantamax Orbeetle are banned\n|clearpoke\n|poke|p1|Incineroar, F|\n|poke|p1|Toxapex, M|\n|poke|p1|Grimmsnarl, M|\n|poke|p1|Garganacl, F|\n|poke|p1|Sinistcha|\n|poke|p1|Cresselia, F|\n|poke|p2|Primarina, F|\n|poke|p2|Skeledirge, M|\n|poke|p2|Rillaboom, M|\n|poke|p2|Toxtricity, M|\n|poke|p2|Kommo-o, F|\n|poke|p2|Clefairy, M|\n|teampreview\n|inactive|Battle timer is ON: inactive players will automatically lose when time's up. (requested by knightgem)\n|inactive|dhiuasdhniash also wants the timer to be on.\n|\n|t:|1699620735\n|start\n|switch|p1a: Grimmsnarl|Grimmsnarl, M|100\/100\n|switch|p1b: Incineroar|Incineroar, F|100\/100\n|switch|p2a: Toxtricity|Toxtricity, M|100\/100\n|switch|p2b: Kommo-o|Kommo-o, F|100\/100\n|-ability|p1b: Incineroar|Intimidate|boost\n|-unboost|p2a: Toxtricity|atk|1\n|-unboost|p2b: Kommo-o|atk|1\n|turn|1\n|inactive|dhiuasdhniash has 120 seconds left.\n|\n|t:|1699620777\n|move|p1b: Incineroar|Fake Out|p2a: Toxtricity\n|-damage|p2a: Toxtricity|83\/100\n|move|p1a: Grimmsnarl|Light Screen|p1a: Grimmsnarl\n|-sidestart|p1: dhiuasdhniash|move: Light Screen\n|cant|p2a: Toxtricity|flinch\n|move|p2b: Kommo-o|Substitute|p2b: Kommo-o\n|-start|p2b: Kommo-o|Substitute\n|-damage|p2b: Kommo-o|75\/100\n|\n|upkeep\n|turn|2\n|inactive|dhiuasdhniash has 120 seconds left.\n|\n|t:|1699620815\n|-terastallize|p2b: Kommo-o|Steel\n|move|p2a: Toxtricity|Boomburst|p1a: Grimmsnarl|[spread] p1a,p1b\n|-immune|p2b: Kommo-o|[from] ability: Soundproof\n|-damage|p1a: Grimmsnarl|72\/100\n|-damage|p1b: Incineroar|77\/100\n|move|p2b: Kommo-o|Belly Drum|p2b: Kommo-o\n|-damage|p2b: Kommo-o|25\/100\n|-setboost|p2b: Kommo-o|atk|6|[from] move: Belly Drum\n|-enditem|p2b: Kommo-o|Salac Berry|[eat]\n|-boost|p2b: Kommo-o|spe|1|[from] item: Salac Berry\n|move|p1a: Grimmsnarl|Spirit Break|p2b: Kommo-o\n|-resisted|p2b: Kommo-o\n|-activate|p2b: Kommo-o|move: Substitute|[damage]\n|move|p1b: Incineroar|Knock Off|p2a: Toxtricity\n|-damage|p2a: Toxtricity|25\/100\n|-enditem|p2a: Toxtricity|Choice Scarf|[from] move: Knock Off|[of] p1b: Incineroar\n|\n|upkeep\n|turn|3\n|inactive|dhiuasdhniash has 120 seconds left.\n|inactive|dhiuasdhniash has 90 seconds left.\n|\n|t:|1699620867\n|move|p1a: Grimmsnarl|Parting Shot|p2b: Kommo-o\n|-immune|p2b: Kommo-o|[from] ability: Soundproof\n|move|p2b: Kommo-o|Drain Punch|p1b: Incineroar\n|-supereffective|p1b: Incineroar\n|-damage|p1b: Incineroar|0 fnt\n|-heal|p2b: Kommo-o|78\/100|[from] drain|[of] p1b: Incineroar\n|faint|p1b: Incineroar\n|move|p2a: Toxtricity|Boomburst|p1a: Grimmsnarl|[spread] p1a\n|-immune|p2b: Kommo-o|[from] ability: Soundproof\n|-damage|p1a: Grimmsnarl|46\/100\n|\n|upkeep\n|\n|t:|1699620881\n|switch|p1b: Toxapex|Toxapex, M|100\/100\n|turn|4\n|inactive|dhiuasdhniash has 90 seconds left.\n|\n|t:|1699620898\n|move|p1a: Grimmsnarl|Parting Shot|p2a: Toxtricity\n|-unboost|p2a: Toxtricity|atk|1\n|-unboost|p2a: Toxtricity|spa|1\n|\n|t:|1699620904\n|switch|p1a: Sinistcha|Sinistcha|100\/100|[from] Parting Shot\n|move|p2b: Kommo-o|Drain Punch|p1a: Sinistcha\n|-immune|p1a: Sinistcha\n|move|p2a: Toxtricity|Overdrive|p1b: Toxapex|[spread] p1a,p1b\n|-resisted|p1a: Sinistcha\n|-supereffective|p1b: Toxapex\n|-damage|p1a: Sinistcha|91\/100\n|-damage|p1b: Toxapex|73\/100\n|move|p1b: Toxapex|Haze|p1b: Toxapex\n|-clearallboost\n|\n|-heal|p1b: Toxapex|79\/100|[from] item: Leftovers\n|upkeep\n|turn|5\n|inactive|dhiuasdhniash has 90 seconds left.\n|inactive|knightgem has 120 seconds left.\n|\n|t:|1699620940\n|move|p1b: Toxapex|Baneful Bunker|p1b: Toxapex\n|-singleturn|p1b: Toxapex|move: Protect\n|move|p2b: Kommo-o|Belly Drum|p2b: Kommo-o\n|-damage|p2b: Kommo-o|28\/100\n|-setboost|p2b: Kommo-o|atk|6|[from] move: Belly Drum\n|move|p2a: Toxtricity|Volt Switch|p1b: Toxapex\n|-activate|p1b: Toxapex|move: Protect\n|move|p1a: Sinistcha|Matcha Gotcha|p2a: Toxtricity|[spread] p2b\n|-miss|p1a: Sinistcha|p2a: Toxtricity\n|-resisted|p2b: Kommo-o\n|-crit|p2b: Kommo-o\n|-end|p2b: Kommo-o|Substitute\n|-heal|p1a: Sinistcha|95\/100|[from] drain|[of] p2b: Kommo-o\n|\n|-heal|p1b: Toxapex|85\/100|[from] item: Leftovers\n|upkeep\n|turn|6\n|inactive|dhiuasdhniash has 90 seconds left.\n|\n|t:|1699620958\n|move|p1a: Sinistcha|Protect|p1a: Sinistcha\n|-singleturn|p1a: Sinistcha|Protect\n|move|p2b: Kommo-o|Drain Punch|p1b: Toxapex\n|-resisted|p1b: Toxapex\n|-damage|p1b: Toxapex|39\/100\n|-heal|p2b: Kommo-o|52\/100|[from] drain|[of] p1b: Toxapex\n|move|p2a: Toxtricity|Volt Switch|p1b: Toxapex\n|-supereffective|p1b: Toxapex\n|-damage|p1b: Toxapex|1\/100\n|\n|t:|1699620965\n|switch|p2a: Clefairy|Clefairy, M|100\/100|[from] Volt Switch\n|move|p1b: Toxapex|Haze|p1b: Toxapex\n|-clearallboost\n|\n|-heal|p1b: Toxapex|8\/100|[from] item: Leftovers\n|upkeep\n|turn|7\n|\n|t:|1699620983\n|switch|p1b: Cresselia|Cresselia, F|100\/100\n|move|p2b: Kommo-o|Substitute|p2b: Kommo-o\n|-start|p2b: Kommo-o|Substitute\n|-damage|p2b: Kommo-o|27\/100\n|move|p1a: Sinistcha|Strength Sap||[still]\n|-fail|p1a: Sinistcha\n|move|p2a: Clefairy|Wish|p2a: Clefairy\n|\n|upkeep\n|turn|8\n|inactive|dhiuasdhniash has 120 seconds left.\n|inactive|knightgem has 120 seconds left.\n|\n|t:|1699621027\n|move|p2a: Clefairy|Ally Switch|p2a: Clefairy\n|swap|p2a: Clefairy|1|[from] move: Ally Switch\n|move|p2a: Kommo-o|Iron Head|p1a: Sinistcha\n|-damage|p1a: Sinistcha|64\/100\n|move|p1b: Cresselia|Calm Mind|p1b: Cresselia\n|-boost|p1b: Cresselia|spa|1\n|-boost|p1b: Cresselia|spd|1\n|move|p1a: Sinistcha|Matcha Gotcha|p2b: Clefairy|[spread] p2a,p2b\n|-resisted|p2a: Kommo-o\n|-activate|p2a: Kommo-o|move: Substitute|[damage]\n|-heal|p1a: Sinistcha|69\/100|[from] drain|[of] p2a: Kommo-o\n|-damage|p2b: Clefairy|83\/100\n|-heal|p1a: Sinistcha|77\/100|[from] drain|[of] p2b: Clefairy\n|\n|-heal|p2a: Kommo-o|81\/100|[from] move: Wish|[wisher] Clefairy\n|-sideend|p1: dhiuasdhniash|move: Light Screen\n|upkeep\n|turn|9\n|inactive|knightgem has 120 seconds left.\n|inactive|dhiuasdhniash has 120 seconds left.\n|\n|t:|1699621049\n|move|p1a: Sinistcha|Rage Powder|p1a: Sinistcha\n|-singleturn|p1a: Sinistcha|move: Rage Powder\n|move|p2a: Kommo-o|Iron Head|p1a: Sinistcha\n|-damage|p1a: Sinistcha|47\/100\n|-enditem|p1a: Sinistcha|Sitrus Berry|[eat]\n|-heal|p1a: Sinistcha|72\/100|[from] item: Sitrus Berry\n|move|p1b: Cresselia|Calm Mind|p1b: Cresselia\n|-boost|p1b: Cresselia|spa|1\n|-boost|p1b: Cresselia|spd|1\n|move|p2b: Clefairy|Seismic Toss|p1a: Sinistcha\n|-immune|p1a: Sinistcha\n|\n|upkeep\n|turn|10\n|\n|t:|1699621065\n|switch|p2b: Primarina|Primarina, F|100\/100\n|move|p1a: Sinistcha|Rage Powder|p1a: Sinistcha\n|-singleturn|p1a: Sinistcha|move: Rage Powder\n|move|p2a: Kommo-o|Iron Head|p1a: Sinistcha\n|-damage|p1a: Sinistcha|39\/100\n|move|p1b: Cresselia|Calm Mind|p1b: Cresselia\n|-boost|p1b: Cresselia|spa|1\n|-boost|p1b: Cresselia|spd|1\n|\n|upkeep\n|turn|11\n|\n|t:|1699621095\n|switch|p1a: Grimmsnarl|Grimmsnarl, M|46\/100\n|move|p2a: Kommo-o|Iron Head|p1a: Grimmsnarl\n|-supereffective|p1a: Grimmsnarl\n|-damage|p1a: Grimmsnarl|0 fnt\n|faint|p1a: Grimmsnarl\n|move|p1b: Cresselia|Calm Mind|p1b: Cresselia\n|-boost|p1b: Cresselia|spa|1\n|-boost|p1b: Cresselia|spd|1\n|move|p2b: Primarina|Perish Song|p2b: Primarina\n|-start|p1b: Cresselia|perish3|[silent]\n|-immune|p2a: Kommo-o|[from] ability: Soundproof\n|-start|p2b: Primarina|perish3|[silent]\n|-fieldactivate|move: Perish Song\n|\n|-start|p1b: Cresselia|perish3\n|-start|p2b: Primarina|perish3\n|upkeep\n|inactive|dhiuasdhniash has 120 seconds left.\n|-message|dhiuasdhniash forfeited.\n|\n|win|knightgem\n|raw|dhiuasdhniash's rating: 1067 &rarr; <strong>1052<\/strong><br \/>(-15 for losing)\n|raw|knightgem's rating: 1164 &rarr; <strong>1182<\/strong><br \/>(+18 for winning)\n|l|\u203ddhiuasdhniash\n|c|\u2606knightgem|Gg\n","uploadtime":1699621133,"views":5,"p1id":"dhiuasdhniash","p2id":"knightgem","formatid":"gen9nationaldexdoubles","rating":1052,"private":0,"password":""}