{"id":"gen9nationaldexdoubles-1987690831","p1":"LilyLopears","p2":"ThatFunniGuy","format":"[Gen 9] National Dex Doubles","log":"|j|\u2606LilyLopears\n|j|\u2606ThatFunniGuy\n|t:|1699628037\n|gametype|doubles\n|player|p1|LilyLopears|acetrainersnowf|1185\n|player|p2|ThatFunniGuy|fisherman-gen4|1422\n|teamsize|p1|6\n|teamsize|p2|6\n|gen|9\n|tier|[Gen 9] National Dex Doubles\n|rated|\n|rule|HP Percentage Mod: HP is shown in percentages\n|rule|Endless Battle Clause: Forcing endless battles is banned\n|rule|OHKO Clause: OHKO moves are banned\n|rule|Evasion Moves Clause: Evasion moves are banned\n|rule|Evasion Abilities Clause: Evasion abilities are banned\n|rule|Species Clause: Limit one of each Pok\u00e9mon\n|rule|Gravity Sleep Clause: The combination of sleep-inducing moves with imperfect accuracy and Gravity or Gigantamax Orbeetle are banned\n|clearpoke\n|poke|p1|Garchomp, F|\n|poke|p1|Oranguru, F|\n|poke|p1|Hydreigon, M|\n|poke|p1|Magnezone|\n|poke|p1|Flygon, F|\n|poke|p1|Landorus-Therian, M|\n|poke|p2|Farigiraf, F|\n|poke|p2|Hoopa-Unbound|\n|poke|p2|Camerupt, M|\n|poke|p2|Diancie|\n|poke|p2|Stakataka|\n|poke|p2|Clefairy, M|\n|teampreview\n|\n|t:|1699628065\n|start\n|switch|p1a: Garchomp|Garchomp, F|100\/100\n|switch|p1b: Flygon|Flygon, F|100\/100\n|switch|p2a: Astro|Farigiraf, F|100\/100\n|switch|p2b: Best Movie|Hoopa-Unbound|100\/100\n|-item|p1a: Garchomp|Air Balloon\n|turn|1\n|inactive|Battle timer is ON: inactive players will automatically lose when time's up. (requested by ThatFunniGuy)\n|\n|t:|1699628100\n|move|p2a: Astro|Ally Switch|p2a: Astro\n|swap|p2a: Astro|1|[from] move: Ally Switch\n|move|p1a: Garchomp|Earthquake|p2a: Best Movie|[spread] p2a,p2b\n|-immune|p1b: Flygon|[from] ability: Levitate\n|-damage|p2a: Best Movie|47\/100\n|-damage|p2b: Astro|62\/100\n|move|p1b: Flygon|Earthquake|p2b: Astro|[spread] p2a,p2b\n|-immune|p1a: Garchomp\n|-damage|p2a: Best Movie|0 fnt\n|-damage|p2b: Astro|14\/100\n|faint|p2a: Best Movie\n|\n|upkeep\n|\n|t:|1699628111\n|switch|p2a: Blocky|Stakataka, shiny|100\/100\n|-item|p2a: Blocky|Air Balloon\n|turn|2\n|\n|t:|1699628137\n|switch|p1a: Magnezone|Magnezone|100\/100\n|switch|p1b: Landorus|Landorus-Therian, M|100\/100\n|-ability|p1b: Landorus|Intimidate|boost\n|-unboost|p2a: Blocky|atk|1\n|-unboost|p2b: Astro|atk|1\n|move|p2b: Astro|Hyper Voice|p1a: Magnezone|[spread] p1a,p1b\n|-resisted|p1a: Magnezone\n|-crit|p1b: Landorus\n|-damage|p1a: Magnezone|81\/100\n|-damage|p1b: Landorus|53\/100\n|move|p2a: Blocky|Trick Room|p2a: Blocky\n|-fieldstart|move: Trick Room|[of] p2a: Blocky\n|\n|upkeep\n|turn|3\n|\n|t:|1699628161\n|-terastallize|p1a: Magnezone|Fire\n|move|p2a: Blocky|Heat Crash|p1a: Magnezone\n|-resisted|p1a: Magnezone\n|-damage|p1a: Magnezone|72\/100\n|move|p2b: Astro|Hyper Voice|p1b: Landorus|[spread] p1a,p1b\n|-damage|p1a: Magnezone|37\/100\n|-damage|p1b: Landorus|26\/100\n|-enditem|p1a: Magnezone|Sitrus Berry|[eat]\n|-heal|p1a: Magnezone|62\/100|[from] item: Sitrus Berry\n|move|p1a: Magnezone|Tera Blast|p2a: Blocky|[anim] Tera Blast Fire\n|-damage|p2a: Blocky|65\/100\n|-enditem|p2a: Blocky|Air Balloon\n|move|p1b: Landorus|Earthquake|p2a: Blocky|[spread] p1a,p2a,p2b\n|-supereffective|p1a: Magnezone\n|-supereffective|p2a: Blocky\n|-damage|p1a: Magnezone|5\/100\n|-damage|p2a: Blocky|0 fnt\n|-damage|p2b: Astro|0 fnt\n|faint|p2a: Blocky\n|faint|p2b: Astro\n|\n|upkeep\n|\n|t:|1699628177\n|switch|p2a: AAA|Camerupt, M, shiny|100\/100\n|switch|p2b: Mining Away|Diancie|100\/100\n|turn|4\n|\n|t:|1699628191\n|switch|p1a: Hydreigon|Hydreigon, M|100\/100\n|detailschange|p2a: AAA|Camerupt-Mega, M, shiny\n|-mega|p2a: AAA|Camerupt|Cameruptite\n|move|p2a: AAA|Heat Wave|p1b: Landorus|[spread] \n|-miss|p2a: AAA|p1a: Hydreigon\n|-miss|p2a: AAA|p1b: Landorus\n|move|p2b: Mining Away|Diamond Storm|p1a: Hydreigon|[spread] p1a,p1b\n|-damage|p1a: Hydreigon|56\/100\n|-damage|p1b: Landorus|0 fnt\n|-boost|p2b: Mining Away|def|2\n|faint|p1b: Landorus\n|\n|upkeep\n|c|\u2606LilyLopears|i can't believe that 'dragmag with double earthquake spam' is working\n|\n|t:|1699628212\n|switch|p1b: Oranguru|Oranguru, F|100\/100\n|turn|5\n|c|\u2606ThatFunniGuy|Lol\n|\n|t:|1699628231\n|move|p1b: Oranguru|Protect|p1b: Oranguru\n|-singleturn|p1b: Oranguru|Protect\n|move|p2a: AAA|Heat Wave|p1a: Hydreigon|[spread] p1a\n|-activate|p1b: Oranguru|move: Protect\n|-resisted|p1a: Hydreigon\n|-crit|p1a: Hydreigon\n|-damage|p1a: Hydreigon|9\/100\n|move|p2b: Mining Away|Diamond Storm|p1b: Oranguru|[spread] \n|-activate|p1b: Oranguru|move: Protect\n|-miss|p2b: Mining Away|p1a: Hydreigon\n|move|p1a: Hydreigon|Steel Wing|p2b: Mining Away\n|-supereffective|p2b: Mining Away\n|-damage|p2b: Mining Away|51\/100\n|-damage|p1a: Hydreigon|0 fnt|[from] item: Life Orb\n|faint|p1a: Hydreigon\n|\n|-heal|p2b: Mining Away|57\/100|[from] item: Leftovers\n|upkeep\n|c|\u2606ThatFunniGuy|Bro\n|\n|t:|1699628250\n|switch|p1a: Flygon|Flygon, F|100\/100\n|turn|6\n|c|\u2606ThatFunniGuy|my luck is ass today\n|\n|t:|1699628262\n|move|p1a: Flygon|First Impression|p2b: Mining Away\n|-resisted|p2b: Mining Away\n|-damage|p2b: Mining Away|49\/100\n|move|p2a: AAA|Flash Cannon|p1a: Flygon\n|-damage|p1a: Flygon|44\/100\n|move|p2b: Mining Away|Diamond Storm|p1b: Oranguru|[spread] p1a,p1b\n|-resisted|p1a: Flygon\n|-damage|p1a: Flygon|19\/100\n|-damage|p1b: Oranguru|63\/100\n|move|p1b: Oranguru|Instruct|p1a: Flygon\n|-singleturn|p1a: Flygon|move: Instruct|[of] p1b: Oranguru\n|move|p1a: Flygon|First Impression||[still]\n|-hint|First Impression only works on your first turn out.\n|-fail|p1a: Flygon\n|\n|-heal|p2b: Mining Away|55\/100|[from] item: Leftovers\n|-heal|p1b: Oranguru|69\/100|[from] item: Leftovers\n|-fieldend|move: Trick Room\n|upkeep\n|turn|7\n|c|\u2606LilyLopears|oh, rip to that idea\n|\n|t:|1699628291\n|switch|p1a: Garchomp|Garchomp, F|100\/100\n|-item|p1a: Garchomp|Air Balloon\n|-terastallize|p2b: Mining Away|Ground\n|move|p2a: AAA|Protect|p2a: AAA\n|-singleturn|p2a: AAA|Protect\n|move|p1b: Oranguru|Pain Split|p2a: AAA\n|-activate|p2a: AAA|move: Protect\n|move|p2b: Mining Away|Trick Room|p2b: Mining Away\n|-fieldstart|move: Trick Room|[of] p2b: Mining Away\n|\n|-heal|p2b: Mining Away|62\/100|[from] item: Leftovers\n|-heal|p1b: Oranguru|75\/100|[from] item: Leftovers\n|upkeep\n|turn|8\n|c|\u2606ThatFunniGuy|Good idea tho\n|c|\u2606ThatFunniGuy|ig instruct doesn't count\n|c|\u2606LilyLopears|ig not sadly\n|\n|t:|1699628316\n|move|p2a: AAA|Flash Cannon|p1a: Garchomp\n|-damage|p1a: Garchomp|55\/100\n|-enditem|p1a: Garchomp|Air Balloon\n|move|p2b: Mining Away|Play Rough|p1a: Garchomp\n|-supereffective|p1a: Garchomp\n|-crit|p1a: Garchomp\n|-damage|p1a: Garchomp|0 fnt\n|-damage|p2b: Mining Away|49\/100|[from] ability: Rough Skin|[of] p1a: Garchomp\n|faint|p1a: Garchomp\n|move|p1b: Oranguru|Substitute|p1b: Oranguru\n|-start|p1b: Oranguru|Substitute\n|-damage|p1b: Oranguru|50\/100\n|\n|-heal|p2b: Mining Away|55\/100|[from] item: Leftovers\n|-heal|p1b: Oranguru|56\/100|[from] item: Leftovers\n|upkeep\n|inactive|LilyLopears has 120 seconds left.\n|\n|t:|1699628331\n|switch|p1a: Magnezone|Magnezone, tera:Fire|5\/100\n|turn|9\n|\n|t:|1699628352\n|move|p1a: Magnezone|Protect|p1a: Magnezone\n|-singleturn|p1a: Magnezone|Protect\n|move|p2a: AAA|Earth Power|p1a: Magnezone\n|-activate|p1a: Magnezone|move: Protect\n|move|p2b: Mining Away|Diamond Storm|p1a: Magnezone|[spread] p1b\n|-activate|p1a: Magnezone|move: Protect\n|-end|p1b: Oranguru|Substitute\n|move|p1b: Oranguru|Pain Split|p2a: AAA\n|-sethp|p2a: AAA|81\/100|[from] move: Pain Split|[silent]\n|-sethp|p1b: Oranguru|73\/100|[from] move: Pain Split\n|\n|-heal|p2b: Mining Away|62\/100|[from] item: Leftovers\n|-heal|p1b: Oranguru|79\/100|[from] item: Leftovers\n|upkeep\n|turn|10\n|\n|t:|1699628376\n|move|p1b: Oranguru|Protect|p1b: Oranguru\n|-singleturn|p1b: Oranguru|Protect\n|move|p2a: AAA|Heat Wave|p1a: Magnezone|[spread] p1a\n|-activate|p1b: Oranguru|move: Protect\n|-resisted|p1a: Magnezone\n|-crit|p1a: Magnezone\n|-damage|p1a: Magnezone|0 fnt\n|faint|p1a: Magnezone\n|move|p2b: Mining Away|Diamond Storm|p1b: Oranguru\n|-activate|p1b: Oranguru|move: Protect\n|\n|-heal|p2b: Mining Away|68\/100|[from] item: Leftovers\n|-heal|p1b: Oranguru|85\/100|[from] item: Leftovers\n|upkeep\n|\n|t:|1699628388\n|switch|p1a: Flygon|Flygon, F|19\/100\n|turn|11\n|\n|t:|1699628406\n|move|p1a: Flygon|First Impression|p2a: AAA\n|-resisted|p2a: AAA\n|-damage|p2a: AAA|62\/100\n|move|p2a: AAA|Heat Wave|p1b: Oranguru|[spread] p1b\n|-miss|p2a: AAA|p1a: Flygon\n|-damage|p1b: Oranguru|50\/100\n|move|p2b: Mining Away|Diamond Storm|p1b: Oranguru|[spread] p1a,p1b\n|-resisted|p1a: Flygon\n|-damage|p1a: Flygon|0 fnt\n|-damage|p1b: Oranguru|13\/100\n|-boost|p2b: Mining Away|def|2\n|faint|p1a: Flygon\n|move|p1b: Oranguru|Pain Split|p1: Flygon|[notarget]\n|-fail|p1b: Oranguru\n|\n|-heal|p2b: Mining Away|74\/100|[from] item: Leftovers\n|-heal|p1b: Oranguru|19\/100|[from] item: Leftovers\n|-fieldend|move: Trick Room\n|upkeep\n|turn|12\n|c|\u2606LilyLopears|welp, gg\n|\n|t:|1699628429\n|move|p1b: Oranguru|Pain Split|p2a: AAA\n|-sethp|p2a: AAA|41\/100|[from] move: Pain Split|[silent]\n|-sethp|p1b: Oranguru|37\/100|[from] move: Pain Split\n|move|p2b: Mining Away|Diamond Storm|p1b: Oranguru\n|-damage|p1b: Oranguru|0 fnt\n|-boost|p2b: Mining Away|def|2\n|faint|p1b: Oranguru\n|\n|win|ThatFunniGuy\n|raw|LilyLopears's rating: 1185 &rarr; <strong>1175<\/strong><br \/>(-10 for losing)\n|raw|ThatFunniGuy's rating: 1422 &rarr; <strong>1430<\/strong><br \/>(+8 for winning)\n","uploadtime":1699628439,"views":8,"p1id":"lilylopears","p2id":"thatfunniguy","formatid":"gen9nationaldexdoubles","rating":1175,"private":0,"password":""}