{"id":"gen9nationaldexdoubles-1969267645","p1":"vlpraca","p2":"Rikard & Frida","format":"[Gen 9] National Dex Doubles","log":"|j|\u2606vlpraca\n|j|\u2606Rikard & Frida\n|t:|1697507905\n|gametype|doubles\n|player|p1|vlpraca|169|1216\n|player|p2|Rikard & Frida|youngcouple-gen4dp|1245\n|teamsize|p1|6\n|teamsize|p2|6\n|gen|9\n|tier|[Gen 9] National Dex Doubles\n|rated|\n|rule|HP Percentage Mod: HP is shown in percentages\n|rule|Endless Battle Clause: Forcing endless battles is banned\n|rule|OHKO Clause: OHKO moves are banned\n|rule|Evasion Moves Clause: Evasion moves are banned\n|rule|Evasion Abilities Clause: Evasion abilities are banned\n|rule|Species Clause: Limit one of each Pok\u00e9mon\n|rule|Gravity Sleep Clause: The combination of sleep-inducing moves with imperfect accuracy and Gravity or Gigantamax Orbeetle are banned\n|clearpoke\n|poke|p1|Togekiss, F|\n|poke|p1|Ferrothorn, F|\n|poke|p1|Slowking, F|\n|poke|p1|Tyranitar, F|\n|poke|p1|Lucario, M|\n|poke|p1|Serperior, M|\n|poke|p2|Raichu-Alola, F|\n|poke|p2|Unfezant, F|\n|poke|p2|Roserade, F|\n|poke|p2|Blaziken, F|\n|poke|p2|Samurott, F|\n|poke|p2|Garchomp, F|\n|teampreview\n|inactive|Battle timer is ON: inactive players will automatically lose when time's up. (requested by Rikard & Frida)\n|\n|t:|1697507919\n|start\n|switch|p1a: Ferrothorn|Ferrothorn, F|100\/100\n|switch|p1b: Togekiss|Togekiss, F|100\/100\n|switch|p2a: Raichu|Raichu-Alola, F|100\/100\n|switch|p2b: Blaziken|Blaziken, F|100\/100\n|turn|1\n|\n|t:|1697507931\n|switch|p1a: Slowking|Slowking, F|100\/100\n|move|p2a: Raichu|Fake Out|p1b: Togekiss\n|-damage|p1b: Togekiss|93\/100\n|move|p2b: Blaziken|Swords Dance|p2b: Blaziken\n|-boost|p2b: Blaziken|atk|2\n|cant|p1b: Togekiss|flinch\n|\n|-heal|p1b: Togekiss|99\/100|[from] item: Leftovers\n|-ability|p2b: Blaziken|Speed Boost|boost\n|-boost|p2b: Blaziken|spe|1\n|upkeep\n|turn|2\n|\n|t:|1697507944\n|switch|p1b: Ferrothorn|Ferrothorn, F|100\/100\n|move|p2b: Blaziken|Flare Blitz|p1b: Ferrothorn\n|-supereffective|p1b: Ferrothorn\n|-damage|p1b: Ferrothorn|0 fnt\n|-damage|p2b: Blaziken|88\/100|[from] ability: Iron Barbs|[of] p1b: Ferrothorn\n|faint|p1b: Ferrothorn\n|-damage|p2b: Blaziken|50\/100|[from] Recoil\n|-zpower|p2a: Raichu\n|move|p2a: Raichu|Stoked Sparksurfer|p1a: Slowking|[zeffect]\n|-supereffective|p1a: Slowking\n|-damage|p1a: Slowking|0 fnt\n|faint|p1a: Slowking\n|\n|-ability|p2b: Blaziken|Speed Boost|boost\n|-boost|p2b: Blaziken|spe|1\n|upkeep\n|inactive|vlpraca has 120 seconds left.\n|l|\u2606vlpraca\n|inactive|vlpraca disconnected and has a minute to reconnect!\n|player|p1|\n|inactive|vlpraca has 30 seconds to reconnect!\n|inactive|vlpraca has 20 seconds to reconnect!\n|inactive|vlpraca has 15 seconds to reconnect!\n|inactive|vlpraca has 10 seconds to reconnect!\n|inactive|vlpraca has 5 seconds to reconnect!\n|j|\u2606vlpraca\n|inactive|vlpraca reconnected and has 60 seconds left.\n|player|p1|vlpraca|169\n|\n|t:|1697508052\n|switch|p1a: Tyranitar|Tyranitar, F|100\/100\n|switch|p1b: Lucario|Lucario, M|100\/100\n|-weather|Sandstorm|[from] ability: Sand Stream|[of] p1a: Tyranitar\n|turn|3\n|\n|t:|1697508061\n|detailschange|p1a: Tyranitar|Tyranitar-Mega, F\n|-mega|p1a: Tyranitar|Tyranitar|Tyranitarite\n|move|p1b: Lucario|Extreme Speed|p2b: Blaziken\n|-damage|p2b: Blaziken|0 fnt\n|faint|p2b: Blaziken\n|-damage|p1b: Lucario|91\/100|[from] item: Life Orb\n|move|p2a: Raichu|Thunderbolt|p1b: Lucario\n|-damage|p1b: Lucario|25\/100\n|move|p1a: Tyranitar|Rock Slide|p2a: Raichu\n|-damage|p2a: Raichu|0 fnt\n|faint|p2a: Raichu\n|\n|-weather|Sandstorm|[upkeep]\n|upkeep\n|\n|t:|1697508077\n|switch|p2a: Samurott|Samurott, F|100\/100\n|switch|p2b: Garchomp|Garchomp, F|100\/100\n|turn|4\n|inactive|vlpraca has 90 seconds left.\n|\n|t:|1697508089\n|switch|p1b: Togekiss|Togekiss, F|99\/100\n|detailschange|p2b: Garchomp|Garchomp-Mega, F\n|-mega|p2b: Garchomp|Garchomp|Garchompite\n|-terastallize|p2a: Samurott|Ground\n|move|p2b: Garchomp|Stomping Tantrum|p1a: Tyranitar\n|-supereffective|p1a: Tyranitar\n|-damage|p1a: Tyranitar|25\/100\n|move|p2a: Samurott|Tera Blast|p1b: Togekiss|[anim] Tera Blast Ground\n|-immune|p1b: Togekiss\n|move|p1a: Tyranitar|Rock Slide|p2b: Garchomp|[spread] p2a,p2b\n|-resisted|p2a: Samurott\n|-resisted|p2b: Garchomp\n|-damage|p2a: Samurott|79\/100\n|-damage|p2b: Garchomp|84\/100\n|\n|-weather|Sandstorm|[upkeep]\n|-damage|p1b: Togekiss|93\/100|[from] Sandstorm\n|-heal|p1b: Togekiss|99\/100|[from] item: Leftovers\n|upkeep\n|turn|5\n|inactive|vlpraca has 90 seconds left.\n|\n|t:|1697508111\n|move|p2b: Garchomp|Iron Head|p1b: Togekiss\n|-supereffective|p1b: Togekiss\n|-damage|p1b: Togekiss|12\/100\n|move|p2a: Samurott|Tera Blast|p1a: Tyranitar|[anim] Tera Blast Ground\n|-supereffective|p1a: Tyranitar\n|-damage|p1a: Tyranitar|0 fnt\n|faint|p1a: Tyranitar\n|-damage|p2a: Samurott|69\/100|[from] item: Life Orb\n|cant|p1b: Togekiss|flinch\n|\n|-weather|Sandstorm|[upkeep]\n|-damage|p1b: Togekiss|6\/100|[from] Sandstorm\n|-heal|p1b: Togekiss|12\/100|[from] item: Leftovers\n|upkeep\n|inactive|vlpraca has 90 seconds left.\n|\n|t:|1697508129\n|switch|p1a: Serperior|Serperior, M|100\/100\n|turn|6\n|\n|t:|1697508138\n|switch|p1b: Lucario|Lucario, M|25\/100\n|move|p1a: Serperior|Leaf Storm|p2b: Garchomp\n|-damage|p2b: Garchomp|47\/100\n|-boost|p1a: Serperior|spa|2\n|move|p2b: Garchomp|Iron Head|p1b: Lucario\n|-resisted|p1b: Lucario\n|-crit|p1b: Lucario\n|-damage|p1b: Lucario|0 fnt\n|faint|p1b: Lucario\n|move|p2a: Samurott|Ice Beam|p1a: Serperior\n|-supereffective|p1a: Serperior\n|-damage|p1a: Serperior|26\/100\n|-damage|p2a: Samurott|59\/100|[from] item: Life Orb\n|\n|-weather|Sandstorm|[upkeep]\n|-damage|p1a: Serperior|20\/100|[from] Sandstorm\n|-heal|p1a: Serperior|26\/100|[from] item: Leftovers\n|upkeep\n|inactive|vlpraca has 90 seconds left.\n|\n|t:|1697508156\n|switch|p1b: Togekiss|Togekiss, F|12\/100\n|turn|7\n|\n|t:|1697508163\n|move|p1a: Serperior|Leaf Storm|p2b: Garchomp\n|-damage|p2b: Garchomp|0 fnt\n|-boost|p1a: Serperior|spa|2\n|faint|p2b: Garchomp\n|move|p2a: Samurott|Ice Beam|p1a: Serperior\n|-supereffective|p1a: Serperior\n|-damage|p1a: Serperior|0 fnt\n|faint|p1a: Serperior\n|-damage|p2a: Samurott|49\/100|[from] item: Life Orb\n|move|p1b: Togekiss|Roost|p1b: Togekiss\n|-heal|p1b: Togekiss|62\/100\n|-singleturn|p1b: Togekiss|move: Roost\n|\n|-weather|none\n|-heal|p1b: Togekiss|68\/100|[from] item: Leftovers\n|upkeep\n|\n|t:|1697508175\n|switch|p2b: Roserade|Roserade, F|100\/100\n|turn|8\n|\n|t:|1697508184\n|move|p2b: Roserade|Sludge Bomb|p1b: Togekiss\n|-supereffective|p1b: Togekiss\n|-damage|p1b: Togekiss|0 fnt\n|faint|p1b: Togekiss\n|\n|win|Rikard & Frida\n|raw|vlpraca's rating: 1183 &rarr; <strong>1162<\/strong><br \/>(-21 for losing)\n|raw|Rikard &amp; Frida's rating: 1245 &rarr; <strong>1266<\/strong><br \/>(+21 for winning)\n|l|\u2606vlpraca\n","uploadtime":1697508209,"views":9,"p1id":"vlpraca","p2id":"rikardfrida","formatid":"gen9nationaldexdoubles","rating":1162,"private":0,"password":""}