{"id":"gen9nationaldexdoubles-1947975543","p1":"Comett7778","p2":"MunchVGC","format":"[Gen 9] National Dex Doubles","log":"|j|\u2606Comett7778\n|j|\u2606MunchVGC\n|t:|1695221257\n|gametype|doubles\n|player|p1|Comett7778|hero2-conquest|\n|player|p2|MunchVGC|ingo|\n|teamsize|p1|6\n|teamsize|p2|6\n|gen|9\n|tier|[Gen 9] National Dex Doubles\n|rule|HP Percentage Mod: HP is shown in percentages\n|rule|Endless Battle Clause: Forcing endless battles is banned\n|rule|OHKO Clause: OHKO moves are banned\n|rule|Evasion Moves Clause: Evasion moves are banned\n|rule|Evasion Abilities Clause: Evasion abilities are banned\n|rule|Species Clause: Limit one of each Pok\u00e9mon\n|rule|Gravity Sleep Clause: The combination of sleep-inducing moves with imperfect accuracy and Gravity or Gigantamax Orbeetle are banned\n|clearpoke\n|poke|p1|Indeedee-F, F|\n|poke|p1|Sylveon, M|\n|poke|p1|Ursaluna-Bloodmoon, M|\n|poke|p1|Cresselia, F|\n|poke|p1|Armarouge, M|\n|poke|p1|Crabominable, M|\n|poke|p2|Staraptor, M|\n|poke|p2|Snorlax, M|\n|poke|p2|Farigiraf, M|\n|poke|p2|Cresselia, F|\n|poke|p2|Rillaboom, F|\n|poke|p2|Mawile, F|\n|teampreview\n|inactive|Battle timer is ON: inactive players will automatically lose when time's up. (requested by Comett7778)\n|inactive|MunchVGC also wants the timer to be on.\n|c|\u2606MunchVGC|glhf\n|c|\u2606Comett7778|U2!\n|inactive|MunchVGC has 270 seconds left.\n|\n|t:|1695221288\n|start\n|switch|p1a: Moon thing|Cresselia, F, shiny|100\/100\n|switch|p1b: Pride Month!!!|Sylveon, M, shiny|100\/100\n|switch|p2a: Lunalight|Cresselia, F, shiny|100\/100\n|switch|p2b: AAAAAAHHHHH|Staraptor, M, shiny|100\/100\n|-ability|p2b: AAAAAAHHHHH|Intimidate|boost\n|-unboost|p1a: Moon thing|atk|1\n|-unboost|p1b: Pride Month!!!|atk|1\n|turn|1\n|inactive|MunchVGC has 270 seconds left.\n|inactive|MunchVGC has 240 seconds left.\n|inactive|MunchVGC has 210 seconds left.\n|\n|t:|1695221391\n|move|p2b: AAAAAAHHHHH|U-turn|p1a: Moon thing|[miss]\n|-miss|p2b: AAAAAAHHHHH|p1a: Moon thing\n|move|p2a: Lunalight|Ice Beam|p1b: Pride Month!!!\n|-damage|p1b: Pride Month!!!|89\/100\n|move|p1b: Pride Month!!!|Hyper Voice|p2a: Lunalight|[spread] p2a,p2b\n|-damage|p2a: Lunalight|75\/100\n|-damage|p2b: AAAAAAHHHHH|46\/100\n|-enditem|p1b: Pride Month!!!|Throat Spray\n|-boost|p1b: Pride Month!!!|spa|1|[from] item: Throat Spray\n|move|p1a: Moon thing|Trick Room|p1a: Moon thing\n|-fieldstart|move: Trick Room|[of] p1a: Moon thing\n|\n|upkeep\n|turn|2\n|inactive|MunchVGC has 210 seconds left.\n|c|\u2606MunchVGC|Really? Bright Powder?\n|\n|t:|1695221422\n|move|p1a: Moon thing|Helping Hand|p1b: Pride Month!!!\n|-singleturn|p1b: Pride Month!!!|Helping Hand|[of] p1a: Moon thing\n|move|p2a: Lunalight|Ally Switch|p2a: Lunalight\n|swap|p2a: Lunalight|1|[from] move: Ally Switch\n|move|p1b: Pride Month!!!|Hyper Voice|p2a: AAAAAAHHHHH|[spread] p2a,p2b\n|-damage|p2a: AAAAAAHHHHH|0 fnt\n|-damage|p2b: Lunalight|18\/100\n|faint|p2a: AAAAAAHHHHH\n|\n|upkeep\n|c|\u2606Comett7778|Yeah\n|c|\u2606MunchVGC|gg\n|c|\u2606Comett7778|Sorry about that\n|c|\u2606MunchVGC|that miss won you\n|c|\u2606Comett7778|Yep\n|\n|t:|1695221442\n|switch|p2a: Cadbury|Rillaboom, F|100\/100\n|-fieldstart|move: Grassy Terrain|[from] ability: Grassy Surge|[of] p2a: Cadbury\n|turn|3\n|c|\u2606Comett7778|It sucks but it\u2019s why I use it\n|\n|t:|1695221467\n|switch|p2b: No Head?|Mawile, F, shiny|100\/100\n|-ability|p2b: No Head?|Intimidate|boost\n|-unboost|p1a: Moon thing|atk|1\n|-unboost|p1b: Pride Month!!!|atk|1\n|move|p1b: Pride Month!!!|Hyper Voice|p2a: Cadbury|[spread] p2a,p2b\n|-resisted|p2b: No Head?\n|-damage|p2a: Cadbury|54\/100\n|-damage|p2b: No Head?|46\/100\n|move|p2a: Cadbury|Wood Hammer|p1b: Pride Month!!!\n|-damage|p1b: Pride Month!!!|0 fnt\n|faint|p1b: Pride Month!!!\n|-damage|p2a: Cadbury|25\/100|[from] Recoil\n|move|p1a: Moon thing|Lunar Blessing||[still]\n|-fail|p1a: Moon thing\n|\n|-heal|p2b: No Head?|52\/100|[from] Grassy Terrain\n|-heal|p2a: Cadbury|31\/100|[from] Grassy Terrain\n|upkeep\n|\n|t:|1695221480\n|switch|p1b: Damager|Armarouge, M, shiny|100\/100\n|turn|4\n|inactive|MunchVGC has 210 seconds left.\n|\n|t:|1695221511\n|switch|p2a: Lunalight|Cresselia, F, shiny|18\/100\n|switch|p1a: Damagie|Indeedee-F, F, shiny|100\/100\n|-fieldstart|move: Psychic Terrain|[from] ability: Psychic Surge|[of] p1a: Damagie\n|detailschange|p2b: No Head?|Mawile-Mega, F, shiny\n|-mega|p2b: No Head?|Mawile|Mawilite\n|-terastallize|p1b: Damager|Psychic\n|move|p2b: No Head?|Protect|p2b: No Head?\n|-singleturn|p2b: No Head?|Protect\n|move|p1b: Damager|Expanding Force|p2a: Lunalight|[spread] p2a\n|-activate|p2b: No Head?|move: Protect\n|-resisted|p2a: Lunalight\n|-damage|p2a: Lunalight|0 fnt\n|faint|p2a: Lunalight\n|-damage|p1b: Damager|91\/100|[from] item: Life Orb\n|\n|upkeep\n|\n|t:|1695221518\n|switch|p2a: Cadbury|Rillaboom, F|31\/100\n|-fieldstart|move: Grassy Terrain|[from] ability: Grassy Surge|[of] p2a: Cadbury\n|turn|5\n|\n|t:|1695221527\n|move|p2a: Cadbury|Fake Out|p1b: Damager\n|-damage|p1b: Damager|76\/100\n|move|p1a: Damagie|Follow Me|p1a: Damagie\n|-singleturn|p1a: Damagie|move: Follow Me\n|move|p2b: No Head?|Iron Head|p1a: Damagie\n|-damage|p1a: Damagie|0 fnt\n|faint|p1a: Damagie\n|cant|p1b: Damager|flinch\n|\n|-heal|p2b: No Head?|58\/100|[from] Grassy Terrain\n|-heal|p1b: Damager|82\/100|[from] Grassy Terrain\n|-heal|p2a: Cadbury|38\/100|[from] Grassy Terrain\n|-fieldend|move: Trick Room\n|upkeep\n|\n|t:|1695221531\n|switch|p1a: Moon thing|Cresselia, F, shiny|100\/100\n|turn|6\n|\n|t:|1695221545\n|switch|p1b: Ugly|Crabominable, M, shiny|100\/100\n|move|p2a: Cadbury|Grassy Glide|p1b: Ugly\n|-damage|p1b: Ugly|60\/100\n|move|p2b: No Head?|Iron Head|p1b: Ugly\n|-supereffective|p1b: Ugly\n|-damage|p1b: Ugly|0 fnt\n|faint|p1b: Ugly\n|move|p1a: Moon thing|Trick Room|p1a: Moon thing\n|-fieldstart|move: Trick Room|[of] p1a: Moon thing\n|\n|-heal|p2b: No Head?|65\/100|[from] Grassy Terrain\n|-heal|p2a: Cadbury|44\/100|[from] Grassy Terrain\n|upkeep\n|\n|t:|1695221557\n|switch|p1b: Cool beans|Ursaluna-Bloodmoon, M|100\/100\n|turn|7\n|\n|t:|1695221567\n|move|p2b: No Head?|Protect|p2b: No Head?\n|-singleturn|p2b: No Head?|Protect\n|move|p2a: Cadbury|Grassy Glide|p1b: Cool beans\n|-supereffective|p1b: Cool beans\n|-damage|p1b: Cool beans|46\/100\n|move|p1b: Cool beans|Hyper Voice|p2b: No Head?|[spread] p2a\n|-activate|p2b: No Head?|move: Protect\n|-damage|p2a: Cadbury|16\/100\n|-enditem|p1b: Cool beans|Throat Spray\n|-boost|p1b: Cool beans|spa|1|[from] item: Throat Spray\n|move|p1a: Moon thing|Lunar Blessing|p1a: Moon thing|[spread] p1a,p1b\n|-heal|p1b: Cool beans|70\/100\n|\n|-heal|p2b: No Head?|71\/100|[from] Grassy Terrain\n|-heal|p1b: Cool beans|77\/100|[from] Grassy Terrain\n|-heal|p2a: Cadbury|22\/100|[from] Grassy Terrain\n|upkeep\n|turn|8\n|inactive|MunchVGC has 240 seconds left.\n|\n|t:|1695221602\n|move|p1b: Cool beans|Protect|p1b: Cool beans\n|-singleturn|p1b: Cool beans|Protect\n|move|p2a: Cadbury|Grassy Glide|p1b: Cool beans\n|-activate|p1b: Cool beans|move: Protect\n|move|p2b: No Head?|Brick Break|p1b: Cool beans\n|-activate|p1b: Cool beans|move: Protect\n|move|p1a: Moon thing|Dazzling Gleam|p2b: No Head?|[spread] p2a,p2b\n|-resisted|p2b: No Head?\n|-damage|p2a: Cadbury|14\/100\n|-damage|p2b: No Head?|64\/100\n|\n|-heal|p2b: No Head?|71\/100|[from] Grassy Terrain\n|-heal|p1b: Cool beans|83\/100|[from] Grassy Terrain\n|-heal|p2a: Cadbury|20\/100|[from] Grassy Terrain\n|upkeep\n|turn|9\n|inactive|MunchVGC has 240 seconds left.\n|inactive|Comett7778 has 270 seconds left.\n|\n|t:|1695221636\n|move|p1a: Moon thing|Helping Hand|p1b: Cool beans\n|-singleturn|p1b: Cool beans|Helping Hand|[of] p1a: Moon thing\n|move|p2b: No Head?|Brick Break|p1b: Cool beans\n|-supereffective|p1b: Cool beans\n|-damage|p1b: Cool beans|15\/100\n|move|p1b: Cool beans|Hyper Voice|p2a: Cadbury|[spread] p2a,p2b\n|-resisted|p2b: No Head?\n|-damage|p2a: Cadbury|0 fnt\n|-damage|p2b: No Head?|21\/100\n|faint|p2a: Cadbury\n|\n|-heal|p2b: No Head?|27\/100|[from] Grassy Terrain\n|-heal|p1b: Cool beans|21\/100|[from] Grassy Terrain\n|-fieldend|move: Grassy Terrain\n|upkeep\n|inactive|MunchVGC has 240 seconds left.\n|\n|t:|1695221660\n|switch|p2a: Raging Bolt|Farigiraf, M|100\/100\n|turn|10\n|\n|t:|1695221666\n|move|p2b: No Head?|Protect|p2b: No Head?\n|-singleturn|p2b: No Head?|Protect\n|move|p1b: Cool beans|Protect|p1b: Cool beans\n|-singleturn|p1b: Cool beans|Protect\n|move|p2a: Raging Bolt|Protect|p2a: Raging Bolt\n|-singleturn|p2a: Raging Bolt|Protect\n|move|p1a: Moon thing|Lunar Blessing|p1a: Moon thing|[spread] p1a,p1b\n|-heal|p1b: Cool beans|46\/100\n|\n|-fieldend|move: Trick Room\n|upkeep\n|turn|11\n|inactive|MunchVGC has 270 seconds left.\n|\n|t:|1695221684\n|move|p1a: Moon thing|Lunar Blessing|p1a: Moon thing|[spread] p1a,p1b\n|-heal|p1b: Cool beans|71\/100\n|move|p2a: Raging Bolt|Hyper Voice|p1b: Cool beans|[spread] p1a,p1b\n|-crit|p1a: Moon thing\n|-damage|p1a: Moon thing|76\/100\n|-damage|p1b: Cool beans|31\/100\n|move|p1b: Cool beans|Earth Power|p2b: No Head?\n|-supereffective|p2b: No Head?\n|-damage|p2b: No Head?|0 fnt\n|faint|p2b: No Head?\n|\n|upkeep\n|\n|t:|1695221690\n|switch|p2b: Bob|Snorlax, M, shiny|100\/100\n|turn|12\n|\n|t:|1695221706\n|move|p1a: Moon thing|Lunar Blessing|p1a: Moon thing|[spread] p1a,p1b\n|-heal|p1a: Moon thing|100\/100\n|-heal|p1b: Cool beans|56\/100\n|move|p2a: Raging Bolt|Hyper Voice|p1b: Cool beans|[spread] p1a,p1b\n|-damage|p1a: Moon thing|83\/100\n|-damage|p1b: Cool beans|20\/100\n|move|p1b: Cool beans|Blood Moon|p2b: Bob\n|-damage|p2b: Bob|30\/100\n|-enditem|p2b: Bob|Sitrus Berry|[eat]\n|-heal|p2b: Bob|55\/100|[from] item: Sitrus Berry\n|move|p2b: Bob|Facade|p1b: Cool beans\n|-damage|p1b: Cool beans|3\/100\n|\n|upkeep\n|turn|13\n|\n|t:|1695221721\n|move|p1b: Cool beans|Protect|p1b: Cool beans\n|-singleturn|p1b: Cool beans|Protect\n|move|p1a: Moon thing|Lunar Blessing|p1a: Moon thing|[spread] p1a,p1b\n|-heal|p1a: Moon thing|100\/100\n|-heal|p1b: Cool beans|27\/100\n|move|p2a: Raging Bolt|Hyper Voice|p1b: Cool beans|[spread] p1a\n|-activate|p1b: Cool beans|move: Protect\n|-damage|p1a: Moon thing|84\/100\n|move|p2b: Bob|Recycle|p2b: Bob\n|-item|p2b: Bob|Sitrus Berry|[from] move: Recycle\n|\n|upkeep\n|turn|14\n|\n|t:|1695221750\n|move|p1a: Moon thing|Lunar Blessing|p1a: Moon thing|[spread] p1a,p1b\n|-heal|p1a: Moon thing|100\/100\n|-heal|p1b: Cool beans|52\/100\n|move|p2a: Raging Bolt|Hyper Voice|p1a: Moon thing|[spread] p1a,p1b\n|-damage|p1a: Moon thing|84\/100\n|-damage|p1b: Cool beans|12\/100\n|move|p1b: Cool beans|Blood Moon|p2b: Bob\n|-damage|p2b: Bob|0 fnt\n|faint|p2b: Bob\n|\n|upkeep\n|turn|15\n|\n|t:|1695221762\n|move|p1b: Cool beans|Protect|p1b: Cool beans\n|-singleturn|p1b: Cool beans|Protect\n|move|p1a: Moon thing|Lunar Blessing|p1a: Moon thing|[spread] p1a,p1b\n|-heal|p1a: Moon thing|100\/100\n|-heal|p1b: Cool beans|37\/100\n|move|p2a: Raging Bolt|Hyper Voice|p1a: Moon thing|[spread] p1a\n|-activate|p1b: Cool beans|move: Protect\n|-damage|p1a: Moon thing|84\/100\n|\n|upkeep\n|turn|16\n|c|\u2606Comett7778|Gg\n|c|\u2606Comett7778|gonna play it safe\n|\n|t:|1695221775\n|move|p2a: Raging Bolt|Hyper Voice|p1a: Moon thing|[spread] p1a,p1b\n|-crit|p1b: Cool beans\n|-damage|p1a: Moon thing|67\/100\n|-damage|p1b: Cool beans|0 fnt\n|faint|p1b: Cool beans\n|move|p1a: Moon thing|Trick Room|p1a: Moon thing\n|-fieldstart|move: Trick Room|[of] p1a: Moon thing\n|\n|upkeep\n|\n|t:|1695221778\n|switch|p1b: Damager|Armarouge, M, shiny, tera:Psychic|82\/100\n|turn|17\n|\n|t:|1695221792\n|move|p1a: Moon thing|Helping Hand|p1b: Damager\n|-singleturn|p1b: Damager|Helping Hand|[of] p1a: Moon thing\n|move|p2a: Raging Bolt|Hyper Voice|p1a: Moon thing|[spread] p1a,p1b\n|-damage|p1a: Moon thing|50\/100\n|-damage|p1b: Damager|42\/100\n|move|p1b: Damager|Armor Cannon|p2a: Raging Bolt\n|-enditem|p2a: Raging Bolt|Focus Sash\n|-damage|p2a: Raging Bolt|1\/100\n|-unboost|p1b: Damager|def|1\n|-unboost|p1b: Damager|spd|1\n|-damage|p1b: Damager|32\/100|[from] item: Life Orb\n|\n|upkeep\n|turn|18\n|\n|t:|1695221805\n|move|p2a: Raging Bolt|Protect|p2a: Raging Bolt\n|-singleturn|p2a: Raging Bolt|Protect\n|move|p1b: Damager|Armor Cannon|p2a: Raging Bolt\n|-activate|p2a: Raging Bolt|move: Protect\n|move|p1a: Moon thing|Dazzling Gleam|p2a: Raging Bolt\n|-activate|p2a: Raging Bolt|move: Protect\n|\n|upkeep\n|turn|19\n|\n|t:|1695221809\n|move|p2a: Raging Bolt|Hyper Voice|p1a: Moon thing|[spread] p1a,p1b\n|-damage|p1a: Moon thing|32\/100\n|-damage|p1b: Damager|0 fnt\n|faint|p1b: Damager\n|move|p1a: Moon thing|Dazzling Gleam|p2a: Raging Bolt\n|-damage|p2a: Raging Bolt|0 fnt\n|faint|p2a: Raging Bolt\n|\n|win|Comett7778\n|l|\u2606MunchVGC\n","uploadtime":1695221817,"views":13,"p1id":"comett7778","p2id":"munchvgc","formatid":"gen9nationaldexdoubles","rating":0,"private":0,"password":""}