{"id":"gen9nationaldexdoubles-1962161345","p1":"cornpopbad","p2":"TMony99","format":"[Gen 9] National Dex Doubles","log":"|j|\u2606cornpopbad\n|j|\u2606TMony99\n|t:|1696713227\n|gametype|doubles\n|player|p1|cornpopbad|nate|\n|player|p2|TMony99|palmer|\n|teamsize|p1|6\n|teamsize|p2|6\n|gen|9\n|tier|[Gen 9] National Dex Doubles\n|rated|Tournament battle\n|rule|HP Percentage Mod: HP is shown in percentages\n|rule|Endless Battle Clause: Forcing endless battles is banned\n|rule|OHKO Clause: OHKO moves are banned\n|rule|Evasion Moves Clause: Evasion moves are banned\n|rule|Evasion Abilities Clause: Evasion abilities are banned\n|rule|Species Clause: Limit one of each Pok\u00e9mon\n|rule|Gravity Sleep Clause: The combination of sleep-inducing moves with imperfect accuracy and Gravity or Gigantamax Orbeetle are banned\n|clearpoke\n|poke|p1|Metagross|\n|poke|p1|Flutter Mane|\n|poke|p1|Rillaboom, M|\n|poke|p1|Volcanion|\n|poke|p1|Kingambit, F|\n|poke|p1|Tornadus, M|\n|poke|p2|Pelipper, F|\n|poke|p2|Ludicolo, F|\n|poke|p2|Urshifu-*, M|\n|poke|p2|Landorus-Therian, M|\n|poke|p2|Cloyster, M|\n|poke|p2|Swampert, F|\n|teampreview\n|inactive|Battle timer is ON: inactive players will automatically lose when time's up. (requested by cornpopbad)\n|c|\u2606cornpopbad|hf!\n|inactive|cornpopbad has 120 seconds left.\n|\n|t:|1696713271\n|start\n|switch|p1a: Tornadus|Tornadus, M|100\/100\n|switch|p1b: Rillaboom|Rillaboom, M|100\/100\n|switch|p2a: Pelipper|Pelipper, F|100\/100\n|switch|p2b: Swampert|Swampert, F|100\/100\n|-fieldstart|move: Grassy Terrain|[from] ability: Grassy Surge|[of] p1b: Rillaboom\n|-weather|RainDance|[from] ability: Drizzle|[of] p2a: Pelipper\n|turn|1\n|c|\u2606TMony99|gl!\n|inactive|TMony99 has 120 seconds left.\n|\n|t:|1696713313\n|switch|p2b: Landorus|Landorus-Therian, M|100\/100\n|-ability|p2b: Landorus|Intimidate|boost\n|-unboost|p1a: Tornadus|atk|1\n|-unboost|p1b: Rillaboom|atk|1\n|move|p1b: Rillaboom|Fake Out|p2a: Pelipper\n|-damage|p2a: Pelipper|91\/100\n|move|p1a: Tornadus|Tailwind|p1a: Tornadus\n|-sidestart|p1: cornpopbad|move: Tailwind\n|cant|p2a: Pelipper|flinch\n|\n|-weather|RainDance|[upkeep]\n|upkeep\n|turn|2\n|inactive|TMony99 has 120 seconds left.\n|\n|t:|1696713329\n|move|p1b: Rillaboom|Grassy Glide|p2b: Landorus\n|-damage|p2b: Landorus|74\/100\n|-zpower|p1a: Tornadus\n|move|p1a: Tornadus|Supersonic Skystrike|p2b: Landorus|[zeffect]\n|-damage|p2b: Landorus|0 fnt\n|faint|p2b: Landorus\n|move|p2a: Pelipper|Hurricane|p1b: Rillaboom\n|-supereffective|p1b: Rillaboom\n|-damage|p1b: Rillaboom|52\/100\n|\n|-weather|RainDance|[upkeep]\n|-heal|p1b: Rillaboom|58\/100|[from] Grassy Terrain\n|upkeep\n|inactive|TMony99 has 120 seconds left.\n|\n|t:|1696713343\n|switch|p2b: Ludicolo|Ludicolo, F|100\/100\n|turn|3\n|j| Kin+ak (\u2727\u2207\u2727)\n|\n|t:|1696713357\n|switch|p1b: Volcanion|Volcanion|100\/100\n|move|p1a: Tornadus|Protect|p1a: Tornadus\n|-singleturn|p1a: Tornadus|Protect\n|move|p2b: Ludicolo|Ice Beam|p1a: Tornadus\n|-activate|p1a: Tornadus|move: Protect\n|move|p2a: Pelipper|Hurricane|p1b: Volcanion\n|-damage|p1b: Volcanion|77\/100\n|-start|p1b: Volcanion|confusion\n|\n|-weather|RainDance|[upkeep]\n|-heal|p1b: Volcanion|84\/100|[from] Grassy Terrain\n|upkeep\n|turn|4\n|\n|t:|1696713376\n|move|p1a: Tornadus|Bleakwind Storm|p2a: Pelipper|[spread] p2a,p2b\n|-supereffective|p2b: Ludicolo\n|-damage|p2a: Pelipper|50\/100\n|-damage|p2b: Ludicolo|47\/100\n|-unboost|p2b: Ludicolo|spe|1\n|-activate|p1b: Volcanion|confusion\n|-damage|p1b: Volcanion|77\/100|[from] confusion\n|move|p2b: Ludicolo|Ice Beam|p1a: Tornadus\n|-supereffective|p1a: Tornadus\n|-damage|p1a: Tornadus|28\/100\n|move|p2a: Pelipper|Tailwind|p2a: Pelipper\n|-sidestart|p2: TMony99|move: Tailwind\n|\n|-weather|RainDance|[upkeep]\n|-heal|p2b: Ludicolo|53\/100|[from] Grassy Terrain\n|-heal|p1b: Volcanion|84\/100|[from] Grassy Terrain\n|-sideend|p1: cornpopbad|move: Tailwind\n|upkeep\n|turn|5\n|\n|t:|1696713403\n|switch|p2a: Cloyster|Cloyster, M|100\/100\n|move|p1a: Tornadus|Tailwind|p1a: Tornadus\n|-sidestart|p1: cornpopbad|move: Tailwind\n|move|p2b: Ludicolo|Ice Beam|p1a: Tornadus\n|-supereffective|p1a: Tornadus\n|-damage|p1a: Tornadus|0 fnt\n|faint|p1a: Tornadus\n|-activate|p1b: Volcanion|confusion\n|-damage|p1b: Volcanion|76\/100|[from] confusion\n|\n|-weather|RainDance|[upkeep]\n|-heal|p2b: Ludicolo|59\/100|[from] Grassy Terrain\n|-heal|p1b: Volcanion|83\/100|[from] Grassy Terrain\n|-fieldend|move: Grassy Terrain\n|upkeep\n|\n|t:|1696713420\n|switch|p1a: Metagross|Metagross|100\/100\n|turn|6\n|\n|t:|1696713446\n|detailschange|p1a: Metagross|Metagross-Mega\n|-mega|p1a: Metagross|Metagross|Metagrossite\n|move|p1a: Metagross|Iron Head|p2a: Cloyster\n|-damage|p2a: Cloyster|65\/100\n|move|p2b: Ludicolo|Giga Drain|p1a: Metagross\n|-resisted|p1a: Metagross\n|-damage|p1a: Metagross|85\/100\n|-heal|p2b: Ludicolo|67\/100|[from] drain|[of] p1a: Metagross\n|-activate|p1b: Volcanion|confusion\n|-damage|p1b: Volcanion|76\/100|[from] confusion\n|cant|p2a: Cloyster|flinch\n|\n|-weather|RainDance|[upkeep]\n|upkeep\n|turn|7\n|\n|t:|1696713470\n|move|p1a: Metagross|Iron Head|p2a: Cloyster\n|-damage|p2a: Cloyster|23\/100\n|-enditem|p2a: Cloyster|Figy Berry|[eat]\n|-heal|p2a: Cloyster|56\/100|[from] item: Figy Berry\n|move|p2b: Ludicolo|Giga Drain|p1b: Volcanion\n|-damage|p1b: Volcanion|53\/100\n|-heal|p2b: Ludicolo|80\/100|[from] drain|[of] p1b: Volcanion\n|-end|p1b: Volcanion|confusion\n|move|p1b: Volcanion|Steam Eruption|p2a: Cloyster\n|-resisted|p2a: Cloyster\n|-damage|p2a: Cloyster|0 fnt\n|faint|p2a: Cloyster\n|\n|-weather|RainDance|[upkeep]\n|-sideend|p2: TMony99|move: Tailwind\n|upkeep\n|inactive|TMony99 has 120 seconds left.\n|\n|t:|1696713485\n|switch|p2a: Swampert|Swampert, F|100\/100\n|turn|8\n|\n|t:|1696713498\n|switch|p1b: Rillaboom|Rillaboom, M|58\/100\n|-fieldstart|move: Grassy Terrain|[from] ability: Grassy Surge|[of] p1b: Rillaboom\n|switch|p2b: Pelipper|Pelipper, F|50\/100\n|detailschange|p2a: Swampert|Swampert-Mega, F\n|-mega|p2a: Swampert|Swampert|Swampertite\n|move|p1a: Metagross|Protect|p1a: Metagross\n|-singleturn|p1a: Metagross|Protect\n|move|p2a: Swampert|Earthquake|p1b: Rillaboom|[spread] p1b\n|-activate|p1a: Metagross|move: Protect\n|-immune|p2b: Pelipper\n|-resisted|p1b: Rillaboom\n|-damage|p1b: Rillaboom|48\/100\n|\n|-weather|none\n|-heal|p1a: Metagross|91\/100|[from] Grassy Terrain\n|-heal|p1b: Rillaboom|54\/100|[from] Grassy Terrain\n|-sideend|p1: cornpopbad|move: Tailwind\n|upkeep\n|turn|9\n|inactive|cornpopbad has 120 seconds left.\n|inactive|TMony99 has 120 seconds left.\n|\n|t:|1696713538\n|switch|p1a: Flutter Mane|Flutter Mane|100\/100\n|switch|p2a: Ludicolo|Ludicolo, F|80\/100\n|move|p1b: Rillaboom|Fake Out|p2a: Ludicolo\n|-damage|p2a: Ludicolo|58\/100\n|move|p2b: Pelipper|Tailwind|p2b: Pelipper\n|-sidestart|p2: TMony99|move: Tailwind\n|\n|-heal|p2a: Ludicolo|64\/100|[from] Grassy Terrain\n|-heal|p1b: Rillaboom|60\/100|[from] Grassy Terrain\n|upkeep\n|turn|10\n|inactive|TMony99 has 120 seconds left.\n|\n|t:|1696713559\n|move|p1b: Rillaboom|Grassy Glide|p2a: Ludicolo\n|-damage|p2a: Ludicolo|6\/100\n|move|p2a: Ludicolo|Ice Beam|p1b: Rillaboom\n|-supereffective|p1b: Rillaboom\n|-damage|p1b: Rillaboom|26\/100\n|move|p1a: Flutter Mane|Icy Wind|p2b: Pelipper|[spread] p2a,p2b\n|-damage|p2a: Ludicolo|0 fnt\n|-damage|p2b: Pelipper|29\/100\n|-unboost|p2b: Pelipper|spe|1\n|faint|p2a: Ludicolo\n|move|p2b: Pelipper|Hurricane|p1b: Rillaboom\n|-supereffective|p1b: Rillaboom\n|-damage|p1b: Rillaboom|0 fnt\n|faint|p1b: Rillaboom\n|\n|upkeep\n|\n|t:|1696713586\n|switch|p2a: Swampert|Swampert-Mega, F|100\/100\n|switch|p1b: Kingambit|Kingambit, F|100\/100\n|turn|11\n|\n|t:|1696713609\n|-end|p1a: Flutter Mane|Protosynthesis|[silent]\n|switch|p1a: Volcanion|Volcanion|53\/100\n|move|p2a: Swampert|Earthquake|p1b: Kingambit|[spread] p1a,p1b\n|-immune|p2b: Pelipper\n|-supereffective|p1a: Volcanion\n|-supereffective|p1b: Kingambit\n|-damage|p1a: Volcanion|12\/100\n|-damage|p1b: Kingambit|65\/100\n|move|p2b: Pelipper|Hurricane|p1a: Volcanion|[miss]\n|-miss|p2b: Pelipper|p1a: Volcanion\n|move|p1b: Kingambit|Swords Dance|p1b: Kingambit\n|-boost|p1b: Kingambit|atk|2\n|\n|-heal|p1a: Volcanion|19\/100|[from] Grassy Terrain\n|-heal|p1b: Kingambit|71\/100|[from] Grassy Terrain\n|upkeep\n|turn|12\n|inactive|cornpopbad has 120 seconds left.\n|\n|t:|1696713640\n|move|p1b: Kingambit|Sucker Punch|p2a: Swampert\n|-damage|p2a: Swampert|33\/100\n|move|p2a: Swampert|Earthquake|p1b: Kingambit|[spread] p1a,p1b\n|-immune|p2b: Pelipper\n|-supereffective|p1a: Volcanion\n|-supereffective|p1b: Kingambit\n|-crit|p1b: Kingambit\n|-damage|p1a: Volcanion|0 fnt\n|-damage|p1b: Kingambit|15\/100\n|faint|p1a: Volcanion\n|move|p2b: Pelipper|Surf|p1b: Kingambit|[spread] p2a,p1b\n|-damage|p2a: Swampert|16\/100\n|-damage|p1b: Kingambit|0 fnt\n|faint|p1b: Kingambit\n|\n|-heal|p2a: Swampert|23\/100|[from] Grassy Terrain\n|-sideend|p2: TMony99|move: Tailwind\n|-fieldend|move: Grassy Terrain\n|upkeep\n|inactive|cornpopbad has 120 seconds left.\n|\n|t:|1696713654\n|switch|p1a: Metagross|Metagross-Mega|91\/100\n|switch|p1b: Flutter Mane|Flutter Mane|100\/100\n|turn|13\n|\n|t:|1696713681\n|-terastallize|p1b: Flutter Mane|Fairy\n|move|p1b: Flutter Mane|Dazzling Gleam|p2b: Pelipper|[spread] p2a,p2b\n|-damage|p2a: Swampert|0 fnt\n|-damage|p2b: Pelipper|0 fnt\n|faint|p2a: Swampert\n|faint|p2b: Pelipper\n|move|p1a: Metagross|Iron Head|p2: Swampert|[notarget]\n|-fail|p1a: Metagross\n|\n|upkeep\n|inactive|TMony99 has 120 seconds left.\n|\n|t:|1696713710\n|switch|p2b: Urshifu|Urshifu-Rapid-Strike, M|100\/100\n|turn|14\n|\n|t:|1696713722\n|-terastallize|p2b: Urshifu|Fire\n|move|p1b: Flutter Mane|Dazzling Gleam|p2b: Urshifu\n|-resisted|p2b: Urshifu\n|-damage|p2b: Urshifu|38\/100\n|move|p1a: Metagross|Stomping Tantrum|p2b: Urshifu\n|-supereffective|p2b: Urshifu\n|-damage|p2b: Urshifu|0 fnt\n|faint|p2b: Urshifu\n|\n|win|cornpopbad\n|n|\u2606cornpopbad|cornpopbad\n|n|\u2606TMony99|tmony99\n|n| Kin+ak (\u2727\u2207\u2727)|kinak\n|c|\u2606cornpopbad|gg\n","uploadtime":1696713732,"views":17,"p1id":"cornpopbad","p2id":"tmony99","formatid":"gen9nationaldexdoubles","rating":0,"private":0,"password":""}