{"id":"gen9nationaldexdoubles-1988796498","p1":"Denvah_17","p2":"noskillsyesfeels","format":"[Gen 9] National Dex Doubles","log":"|j|\u2606Denvah_17\n|j|\u2606noskillsyesfeels\n|t:|1699764423\n|gametype|doubles\n|player|p1|Denvah_17|alder|1330\n|player|p2|noskillsyesfeels|clown|1411\n|teamsize|p1|6\n|teamsize|p2|6\n|gen|9\n|tier|[Gen 9] National Dex Doubles\n|rated|\n|rule|HP Percentage Mod: HP is shown in percentages\n|rule|Endless Battle Clause: Forcing endless battles is banned\n|rule|OHKO Clause: OHKO moves are banned\n|rule|Evasion Moves Clause: Evasion moves are banned\n|rule|Evasion Abilities Clause: Evasion abilities are banned\n|rule|Species Clause: Limit one of each Pok\u00e9mon\n|rule|Gravity Sleep Clause: The combination of sleep-inducing moves with imperfect accuracy and Gravity or Gigantamax Orbeetle are banned\n|clearpoke\n|poke|p1|Porygon2|\n|poke|p1|Marowak-Alola, F|\n|poke|p1|Snorlax, F|\n|poke|p1|Slowbro-Galar, M|\n|poke|p1|Rhyperior, M|\n|poke|p1|Zapdos|\n|poke|p2|Kyurem-Black|\n|poke|p2|Ninetales-Alola, F|\n|poke|p2|Tapu Koko|\n|poke|p2|Iron Moth|\n|poke|p2|Zygarde|\n|poke|p2|Jirachi|\n|teampreview\n|inactive|Battle timer is ON: inactive players will automatically lose when time's up. (requested by Denvah_17)\n|l|\u2606noskillsyesfeels\n|inactive|noskillsyesfeels disconnected and has a minute to reconnect!\n|player|p2|\n|j|\u2606noskillsyesfeels\n|inactive|noskillsyesfeels reconnected and has 125 seconds left.\n|player|p2|noskillsyesfeels|clown\n|inactive|Denvah_17 has 120 seconds left.\n|inactive|noskillsyesfeels has 120 seconds left.\n|j| 12345ssdlh\n|inactive|Denvah_17 has 90 seconds left.\n|\n|t:|1699764505\n|start\n|switch|p1a: silph_sys.exe|Porygon2|100\/100\n|switch|p1b: Lavender Townie|Marowak-Alola, F, shiny|100\/100\n|switch|p2a: Kyurem|Kyurem-Black|100\/100\n|switch|p2b: Ninetales|Ninetales-Alola, F|100\/100\n|-weather|Snow|[from] ability: Snow Warning|[of] p2b: Ninetales\n|-ability|p2a: Kyurem|Teravolt\n|-ability|p1a: silph_sys.exe|Download|boost\n|-boost|p1a: silph_sys.exe|atk|1\n|turn|1\n|j| wkx6v587\n|inactive|Denvah_17 has 120 seconds left.\n|j| aksonstart\n|\n|t:|1699764560\n|move|p2b: Ninetales|Aurora Veil|p2b: Ninetales\n|-sidestart|p2: noskillsyesfeels|move: Aurora Veil\n|move|p2a: Kyurem|Earth Power|p1b: Lavender Townie\n|-supereffective|p1b: Lavender Townie\n|-damage|p1b: Lavender Townie|18\/100\n|move|p1b: Lavender Townie|Flare Blitz|p2b: Ninetales\n|-supereffective|p2b: Ninetales\n|-damage|p2b: Ninetales|0 fnt\n|faint|p2b: Ninetales\n|move|p1a: silph_sys.exe|Trick Room|p1a: silph_sys.exe\n|-fieldstart|move: Trick Room|[of] p1a: silph_sys.exe\n|\n|-weather|Snow|[upkeep]\n|upkeep\n|\n|t:|1699764576\n|switch|p2b: Jirachi|Jirachi|100\/100\n|turn|2\n|inactive|Denvah_17 has 120 seconds left.\n|\n|t:|1699764592\n|switch|p1a: Giovanni|Rhyperior, M, shiny|100\/100\n|move|p1b: Lavender Townie|Flare Blitz|p2b: Jirachi\n|-supereffective|p2b: Jirachi\n|-damage|p2b: Jirachi|10\/100\n|-status|p2b: Jirachi|brn\n|-enditem|p2b: Jirachi|Sitrus Berry|[eat]\n|-heal|p2b: Jirachi|35\/100 brn|[from] item: Sitrus Berry\n|move|p2a: Kyurem|Blizzard|p1a: Giovanni|[spread] p1a,p1b\n|-supereffective|p1a: Giovanni\n|-resisted|p1b: Lavender Townie\n|-damage|p1a: Giovanni|44\/100\n|-damage|p1b: Lavender Townie|0 fnt\n|faint|p1b: Lavender Townie\n|move|p2b: Jirachi|Trick Room|p2b: Jirachi\n|-fieldend|move: Trick Room\n|\n|-weather|Snow|[upkeep]\n|-damage|p2b: Jirachi|29\/100 brn|[from] brn\n|upkeep\n|\n|t:|1699764608\n|switch|p1b: silph_sys.exe|Porygon2|100\/100\n|-ability|p1b: silph_sys.exe|Download|boost\n|-boost|p1b: silph_sys.exe|spa|1\n|turn|3\n|inactive|Denvah_17 has 120 seconds left.\n|\n|t:|1699764625\n|move|p2a: Kyurem|Blizzard|p1a: Giovanni|[spread] p1a,p1b\n|-supereffective|p1a: Giovanni\n|-crit|p1b: silph_sys.exe\n|-damage|p1a: Giovanni|0 fnt\n|-damage|p1b: silph_sys.exe|65\/100\n|faint|p1a: Giovanni\n|move|p2b: Jirachi|Iron Head|p1b: silph_sys.exe\n|-damage|p1b: silph_sys.exe|57\/100\n|cant|p1b: silph_sys.exe|flinch\n|\n|-weather|Snow|[upkeep]\n|-damage|p2b: Jirachi|23\/100 brn|[from] brn\n|upkeep\n|\n|t:|1699764631\n|switch|p1a: Amnesiac|Slowbro-Galar, M, shiny|100\/100\n|turn|4\n|\n|t:|1699764642\n|detailschange|p1a: Amnesiac|Slowbro-Mega, M, shiny\n|-mega|p1a: Amnesiac|Slowbro|Slowbronite\n|move|p2a: Kyurem|Blizzard|p1b: silph_sys.exe|[spread] p1a,p1b\n|-resisted|p1a: Amnesiac\n|-damage|p1a: Amnesiac|80\/100\n|-damage|p1b: silph_sys.exe|32\/100\n|move|p1a: Amnesiac|Scald|p2b: Jirachi\n|-damage|p2b: Jirachi|2\/100 brn\n|move|p2b: Jirachi|Trick Room|p2b: Jirachi\n|-fieldstart|move: Trick Room|[of] p2b: Jirachi\n|move|p1b: silph_sys.exe|Trick Room|p1b: silph_sys.exe\n|-fieldend|move: Trick Room\n|\n|-weather|Snow|[upkeep]\n|-damage|p2b: Jirachi|0 fnt|[from] brn\n|faint|p2b: Jirachi\n|upkeep\n|inactive|noskillsyesfeels has 120 seconds left.\n|\n|t:|1699764679\n|switch|p2b: Tapu Koko|Tapu Koko|100\/100\n|-fieldstart|move: Electric Terrain|[from] ability: Electric Surge|[of] p2b: Tapu Koko\n|turn|5\n|c|\u2606Denvah_17|Special black Kyurem is crazyyy\n|\n|t:|1699764692\n|move|p2b: Tapu Koko|Wild Charge|p1a: Amnesiac\n|-supereffective|p1a: Amnesiac\n|-damage|p1a: Amnesiac|17\/100\n|-damage|p2b: Tapu Koko|78\/100|[from] Recoil\n|move|p2a: Kyurem|Fusion Bolt|p1a: Amnesiac\n|-supereffective|p1a: Amnesiac\n|-damage|p1a: Amnesiac|0 fnt\n|faint|p1a: Amnesiac\n|move|p1b: silph_sys.exe|Recover|p1b: silph_sys.exe\n|-heal|p1b: silph_sys.exe|82\/100\n|\n|-weather|none\n|upkeep\n|\n|t:|1699764704\n|switch|p1a: Road Block|Snorlax, F, shiny|100\/100\n|turn|6\n|\n|t:|1699764714\n|move|p2b: Tapu Koko|Wild Charge|p1a: Road Block\n|-damage|p1a: Road Block|58\/100\n|-damage|p2b: Tapu Koko|61\/100|[from] Recoil\n|move|p2a: Kyurem|Fusion Bolt|p1a: Road Block\n|-damage|p1a: Road Block|24\/100\n|-enditem|p1a: Road Block|Figy Berry|[eat]\n|-heal|p1a: Road Block|57\/100|[from] item: Figy Berry\n|move|p1a: Road Block|Belly Drum|p1a: Road Block\n|-damage|p1a: Road Block|7\/100\n|-setboost|p1a: Road Block|atk|6|[from] move: Belly Drum\n|move|p1b: silph_sys.exe|Trick Room|p1b: silph_sys.exe\n|-fieldstart|move: Trick Room|[of] p1b: silph_sys.exe\n|\n|upkeep\n|turn|7\n|\n|t:|1699764732\n|move|p1a: Road Block|Frustration|p2a: Kyurem\n|-damage|p2a: Kyurem|0 fnt\n|faint|p2a: Kyurem\n|move|p1b: silph_sys.exe|Tri Attack|p2b: Tapu Koko\n|-damage|p2b: Tapu Koko|29\/100\n|-status|p2b: Tapu Koko|brn\n|move|p2b: Tapu Koko|Wild Charge|p1a: Road Block\n|-damage|p1a: Road Block|0 fnt\n|faint|p1a: Road Block\n|-damage|p2b: Tapu Koko|26\/100 brn|[from] Recoil\n|\n|-damage|p2b: Tapu Koko|20\/100 brn|[from] brn\n|upkeep\n|\n|t:|1699764743\n|switch|p1a: Power Plant Prince|Zapdos, shiny|100\/100\n|switch|p2a: Zygarde|Zygarde|100\/100\n|-ability|p2a: Zygarde|Aura Break\n|turn|8\n|\n|t:|1699764766\n|-terastallize|p1a: Power Plant Prince|Electric\n|-terastallize|p2a: Zygarde|Fire\n|move|p1b: silph_sys.exe|Ice Beam|p2a: Zygarde\n|-resisted|p2a: Zygarde\n|-damage|p2a: Zygarde|90\/100\n|move|p1a: Power Plant Prince|Heat Wave|p2b: Tapu Koko|[spread] p2a,p2b\n|-resisted|p2a: Zygarde\n|-damage|p2a: Zygarde|83\/100\n|-damage|p2b: Tapu Koko|2\/100 brn\n|move|p2a: Zygarde|Thousand Arrows|p1a: Power Plant Prince|[spread] p1a,p1b\n|-supereffective|p1a: Power Plant Prince\n|-crit|p1b: silph_sys.exe\n|-damage|p1a: Power Plant Prince|35\/100\n|-damage|p1b: silph_sys.exe|53\/100\n|move|p2b: Tapu Koko|U-turn|p1b: silph_sys.exe\n|-damage|p1b: silph_sys.exe|46\/100\n|l| 12345ssdlh\n|inactive|noskillsyesfeels has 120 seconds left.\n|\n|t:|1699764782\n|switch|p2b: Iron Moth|Iron Moth|100\/100|[from] U-turn\n|-activate|p2b: Iron Moth|ability: Quark Drive\n|-start|p2b: Iron Moth|quarkdrivespa\n|\n|-sideend|p2: noskillsyesfeels|move: Aurora Veil\n|upkeep\n|turn|9\n|\n|t:|1699764798\n|move|p1b: silph_sys.exe|Tri Attack|p2a: Zygarde\n|-damage|p2a: Zygarde|42\/100\n|move|p1a: Power Plant Prince|Discharge|p2a: Zygarde|[spread] p1b,p2a,p2b\n|-damage|p1b: silph_sys.exe|11\/100\n|-damage|p2a: Zygarde|0 fnt\n|-damage|p2b: Iron Moth|39\/100\n|faint|p2a: Zygarde\n|move|p2b: Iron Moth|Heat Wave|p1b: silph_sys.exe|[spread] p1b\n|-miss|p2b: Iron Moth|p1a: Power Plant Prince\n|-damage|p1b: silph_sys.exe|0 fnt\n|faint|p1b: silph_sys.exe\n|\n|-fieldend|move: Electric Terrain\n|-end|p2b: Iron Moth|Quark Drive\n|upkeep\n|\n|t:|1699764808\n|switch|p2a: Tapu Koko|Tapu Koko|2\/100 brn\n|-fieldstart|move: Electric Terrain|[from] ability: Electric Surge|[of] p2a: Tapu Koko\n|-activate|p2b: Iron Moth|ability: Quark Drive\n|-start|p2b: Iron Moth|quarkdrivespa\n|turn|10\n|c|\u2606noskillsyesfeels|The miss lmaoooo\n|c|\u2606noskillsyesfeels|GG\n|\n|t:|1699764823\n|move|p1a: Power Plant Prince|Discharge|p2b: Iron Moth|[spread] p2a,p2b\n|-resisted|p2a: Tapu Koko\n|-damage|p2a: Tapu Koko|0 fnt\n|-damage|p2b: Iron Moth|0 fnt\n|faint|p2a: Tapu Koko\n|faint|p2b: Iron Moth\n|-end|p2b: Iron Moth|Quark Drive|[silent]\n|\n|win|Denvah_17\n|raw|Denvah_17's rating: 1330 &rarr; <strong>1355<\/strong><br \/>(+25 for winning)\n|raw|noskillsyesfeels's rating: 1411 &rarr; <strong>1386<\/strong><br \/>(-25 for losing)\n|l|\u2606noskillsyesfeels\n","uploadtime":1699764836,"views":5,"p1id":"denvah17","p2id":"noskillsyesfeels","formatid":"gen9nationaldexdoubles","rating":1355,"private":0,"password":""}