{"id":"gen9nationaldexdoubles-1973850212","p1":"LowksterP","p2":"Real Bani-Banani","format":"[Gen 9] National Dex Doubles","log":"|j|\u2606LowksterP\n|j|\u2606Real Bani-Banani\n|t:|1698020381\n|gametype|doubles\n|player|p1|LowksterP|striker|1050\n|player|p2|Real Bani-Banani|rocketgruntf|1076\n|teamsize|p1|6\n|teamsize|p2|6\n|gen|9\n|tier|[Gen 9] National Dex Doubles\n|rated|\n|rule|HP Percentage Mod: HP is shown in percentages\n|rule|Endless Battle Clause: Forcing endless battles is banned\n|rule|OHKO Clause: OHKO moves are banned\n|rule|Evasion Moves Clause: Evasion moves are banned\n|rule|Evasion Abilities Clause: Evasion abilities are banned\n|rule|Species Clause: Limit one of each Pok\u00e9mon\n|rule|Gravity Sleep Clause: The combination of sleep-inducing moves with imperfect accuracy and Gravity or Gigantamax Orbeetle are banned\n|clearpoke\n|poke|p1|Muk-Alola, M|\n|poke|p1|Golduck, M|\n|poke|p1|Altaria, M|\n|poke|p1|Dodrio, M|\n|poke|p1|Eldegoss, F|\n|poke|p1|Arcanine, M|\n|poke|p2|Furret, F|\n|poke|p2|Eelektross, M|\n|poke|p2|Sableye, F|\n|poke|p2|Drifblim, M|\n|poke|p2|Vanilluxe, M|\n|poke|p2|Carbink|\n|teampreview\n|\n|t:|1698020403\n|start\n|switch|p1a: Arcanine|Arcanine, M, shiny|100\/100\n|switch|p1b: Golduck|Golduck, M, shiny|100\/100\n|switch|p2a: BananaForScale|Furret, F|100\/100\n|switch|p2b: TheRetchingNetch|Drifblim, M|100\/100\n|-item|p1a: Arcanine|Leftovers|[from] ability: Frisk|[of] p2a: BananaForScale|[identify]\n|-item|p1b: Golduck|Leftovers|[from] ability: Frisk|[of] p2a: BananaForScale|[identify]\n|-ability|p1a: Arcanine|Intimidate|boost\n|-unboost|p2a: BananaForScale|atk|1\n|-unboost|p2b: TheRetchingNetch|atk|1\n|-ability|p1b: Golduck|Cloud Nine\n|turn|1\n|c|\u2606Real Bani-Banani|!dt golduck\n|raw|<div class=\"message\"><ul class=\"utilichart\"><li class=\"result\"><span class=\"col numcol\">(DUU)<\/span> <span class=\"col iconcol\"><psicon pokemon=\"golduck\"\/><\/span> <span class=\"col pokemonnamecol\" style=\"white-space:nowrap\"><a href=\"https:\/\/dex.pokemonshowdown.com\/pokemon\/golduck\" target=\"_blank\">Golduck<\/a><\/span> <span class=\"col typecol\"><img src=\"https:\/\/play.pokemonshowdown.com\/sprites\/types\/Water.png\" alt=\"Water\" height=\"14\" width=\"32\"><\/span> <span style=\"float:left;min-height:26px\"><span class=\"col twoabilitycol\">Damp<br \/>Cloud Nine<\/span><span class=\"col abilitycol\"><em>Swift Swim<\/em><\/span><\/span><span style=\"float:left;min-height:26px\"><span class=\"col statcol\"><em>HP<\/em><br \/>80<\/span> <span class=\"col statcol\"><em>Atk<\/em><br \/>82<\/span> <span class=\"col statcol\"><em>Def<\/em><br \/>78<\/span> <span class=\"col statcol\"><em>SpA<\/em><br \/>95<\/span> <span class=\"col statcol\"><em>SpD<\/em><br \/>80<\/span> <span class=\"col statcol\"><em>Spe<\/em><br \/>85<\/span> <span class=\"col bstcol\"><em>BST<br \/>500<\/em><\/span> <\/span><\/li><li style=\"clear:both\"><\/li><\/ul><\/div>\n|raw|<font size=\"1\"><font color=\"#686868\">Dex#:<\/font> 55&nbsp;|&ThickSpace;<font color=\"#686868\">Gen:<\/font> 1&nbsp;|&ThickSpace;<font color=\"#686868\">Height:<\/font> 1.7 m&nbsp;|&ThickSpace;<font color=\"#686868\">Weight:<\/font> 76.6 kg <em>(80 BP)<\/em>&nbsp;|&ThickSpace;<font color=\"#686868\">Dex Colour:<\/font> Blue&nbsp;|&ThickSpace;<font color=\"#686868\">Egg Group(s):<\/font> Water 1, Field&nbsp;|&ThickSpace;<font color=\"#686868\">Does Not Evolve<\/font><\/font>\n\n|\n|t:|1698020489\n|move|p2a: BananaForScale|U-turn|p1b: Golduck\n|-damage|p1b: Golduck|86\/100\n|\n|t:|1698020497\n|switch|p2a: Falmer|Sableye, F|100\/100|[from] U-turn\n|move|p1a: Arcanine|Will-O-Wisp|p2a: Falmer\n|-status|p2a: Falmer|brn\n|move|p1b: Golduck|Nasty Plot|p1b: Golduck\n|-boost|p1b: Golduck|spa|2\n|move|p2b: TheRetchingNetch|Strength Sap|p1a: Arcanine\n|-unboost|p1a: Arcanine|atk|1\n|\n|-heal|p1b: Golduck|93\/100|[from] item: Leftovers\n|-damage|p2a: Falmer|95\/100 brn|[from] brn\n|upkeep\n|turn|2\n|\n|t:|1698020523\n|move|p2b: TheRetchingNetch|Ally Switch|p2b: TheRetchingNetch\n|swap|p2b: TheRetchingNetch|0|[from] move: Ally Switch\n|move|p2b: Falmer|Encore|p1b: Golduck\n|-start|p1b: Golduck|Encore\n|move|p1a: Arcanine|Mud-Slap|p2a: TheRetchingNetch\n|-immune|p2a: TheRetchingNetch\n|move|p1b: Golduck|Nasty Plot|p1b: Golduck\n|-boost|p1b: Golduck|spa|2\n|\n|-heal|p1b: Golduck|99\/100|[from] item: Leftovers\n|-damage|p2b: Falmer|89\/100 brn|[from] brn\n|upkeep\n|turn|3\n|\n|t:|1698020558\n|switch|p1b: Dodrio|Dodrio, M, shiny|100\/100\n|move|p2b: Falmer|Encore|p1a: Arcanine\n|-start|p1a: Arcanine|Encore\n|move|p1a: Arcanine|Mud-Slap|p2a: TheRetchingNetch\n|-immune|p2a: TheRetchingNetch\n|move|p2a: TheRetchingNetch|Disable|p1a: Arcanine\n|-start|p1a: Arcanine|Disable|Mud-Slap\n|\n|-damage|p2b: Falmer|83\/100 brn|[from] brn\n|upkeep\n|turn|4\n|\n|t:|1698020580\n|switch|p1a: Eldegoss|Eldegoss, F, shiny|100\/100\n|move|p2b: Falmer|Skill Swap|p2a: TheRetchingNetch\n|-activate|p2b: Falmer|move: Skill Swap|||[of] p2a: TheRetchingNetch\n|move|p2a: TheRetchingNetch|Strength Sap|p1b: Dodrio\n|-unboost|p1b: Dodrio|atk|1\n|-zpower|p1b: Dodrio\n|move|p1b: Dodrio|Z-Acupressure|p1b: Dodrio|[anim]Acupressure\n|-start|p1b: Dodrio|move: Focus Energy|[zeffect]\n|-boost|p1b: Dodrio|spd|2\n|\n|-damage|p2b: Falmer|77\/100 brn|[from] brn\n|upkeep\n|turn|5\n|\n|t:|1698020691\n|switch|p2b: Stalhrim|Carbink|100\/100\n|move|p2a: TheRetchingNetch|Toxic|p1a: Eldegoss\n|-status|p1a: Eldegoss|tox\n|move|p1b: Dodrio|Acupressure|p1a: Eldegoss\n|-boost|p1a: Eldegoss|spe|2\n|move|p1a: Eldegoss|Leech Seed|p2a: TheRetchingNetch\n|-start|p2a: TheRetchingNetch|move: Leech Seed\n|\n|-damage|p2a: TheRetchingNetch|88\/100|[from] Leech Seed|[of] p1a: Eldegoss\n|-damage|p1a: Eldegoss|94\/100 tox|[from] psn\n|upkeep\n|turn|6\n|\n|t:|1698020715\n|switch|p2b: Falmer|Sableye, F|77\/100 brn\n|move|p2a: TheRetchingNetch|Disable|p1b: Dodrio\n|-start|p1b: Dodrio|Disable|Acupressure\n|move|p1a: Eldegoss|Leech Seed|p2b: Falmer\n|-start|p2b: Falmer|move: Leech Seed\n|move|p1b: Dodrio|Knock Off|p2b: Falmer\n|-crit|p2b: Falmer\n|-damage|p2b: Falmer|29\/100 brn\n|-enditem|p2b: Falmer|Eject Button|[from] move: Knock Off|[of] p1b: Dodrio\n|\n|-heal|p1a: Eldegoss|100\/100 tox|[from] item: Leftovers\n|-damage|p2a: TheRetchingNetch|76\/100|[from] Leech Seed|[of] p1a: Eldegoss\n|-damage|p2b: Falmer|17\/100 brn|[from] Leech Seed|[of] p1a: Eldegoss\n|-damage|p1a: Eldegoss|88\/100 tox|[from] psn\n|-damage|p2b: Falmer|11\/100 brn|[from] brn\n|upkeep\n|turn|7\n|\n|t:|1698020817\n|move|p2a: TheRetchingNetch|Disable|p1a: Eldegoss\n|-start|p1a: Eldegoss|Disable|Leech Seed\n|move|p2b: Falmer|Encore|p1a: Eldegoss\n|-start|p1a: Eldegoss|Encore\n|cant|p1a: Eldegoss|Disable|Leech Seed\n|move|p1b: Dodrio|Air Cutter|p2a: TheRetchingNetch|[spread] p2a,p2b\n|-crit|p2a: TheRetchingNetch\n|-crit|p2b: Falmer\n|-damage|p2a: TheRetchingNetch|64\/100\n|-damage|p2b: Falmer|0 fnt\n|faint|p2b: Falmer\n|\n|-heal|p1a: Eldegoss|94\/100 tox|[from] item: Leftovers\n|-damage|p2a: TheRetchingNetch|51\/100|[from] Leech Seed|[of] p1a: Eldegoss\n|-heal|p1a: Eldegoss|100\/100 tox|[silent]\n|-damage|p1a: Eldegoss|82\/100 tox|[from] psn\n|upkeep\n|\n|t:|1698020832\n|switch|p2b: FrostAtronach|Vanilluxe, M|100\/100\n|turn|8\n|\n|t:|1698020851\n|switch|p1a: Golduck|Golduck, M, shiny|99\/100\n|-ability|p1a: Golduck|Cloud Nine\n|move|p2a: TheRetchingNetch|Strength Sap|p1b: Dodrio\n|-unboost|p1b: Dodrio|atk|1\n|-heal|p2a: TheRetchingNetch|82\/100\n|move|p1b: Dodrio|Knock Off|p2b: FrostAtronach\n|-damage|p2b: FrostAtronach|89\/100\n|-ability|p2b: FrostAtronach|Weak Armor|boost\n|-unboost|p2b: FrostAtronach|def|1\n|-boost|p2b: FrostAtronach|spe|2\n|-enditem|p2b: FrostAtronach|Weakness Policy|[from] move: Knock Off|[of] p1b: Dodrio\n|move|p2b: FrostAtronach|Rain Dance|p2b: FrostAtronach\n|-weather|RainDance\n|\n|-weather|RainDance|[upkeep]\n|-heal|p1a: Golduck|100\/100|[from] item: Leftovers\n|-damage|p2a: TheRetchingNetch|69\/100|[from] Leech Seed|[of] p1a: Golduck\n|upkeep\n|turn|9\n|\n|t:|1698020888\n|move|p2a: TheRetchingNetch|Strength Sap|p1a: Golduck\n|-unboost|p1a: Golduck|atk|1\n|-heal|p2a: TheRetchingNetch|99\/100\n|move|p2b: FrostAtronach|Freeze-Dry|p1b: Dodrio\n|-supereffective|p1b: Dodrio\n|-damage|p1b: Dodrio|50\/100\n|move|p1b: Dodrio|Air Cutter|p2b: FrostAtronach|[spread] p2a,p2b\n|-crit|p2a: TheRetchingNetch\n|-crit|p2b: FrostAtronach\n|-damage|p2a: TheRetchingNetch|88\/100\n|-damage|p2b: FrostAtronach|71\/100\n|move|p1a: Golduck|Clear Smog|p2b: FrostAtronach\n|-damage|p2b: FrostAtronach|58\/100\n|-clearboost|p2b: FrostAtronach\n|\n|-weather|RainDance|[upkeep]\n|-damage|p2a: TheRetchingNetch|75\/100|[from] Leech Seed|[of] p1a: Golduck\n|-end|p1b: Dodrio|Disable\n|upkeep\n|turn|10\n|\n|t:|1698020924\n|switch|p1a: Eldegoss|Eldegoss, F, shiny|82\/100 tox\n|move|p2a: TheRetchingNetch|Toxic|p1a: Eldegoss\n|-fail|p1a: Eldegoss|tox\n|move|p1b: Dodrio|Acupressure|p1b: Dodrio\n|-boost|p1b: Dodrio|def|2\n|move|p2b: FrostAtronach|Freeze-Dry|p1b: Dodrio\n|-supereffective|p1b: Dodrio\n|-damage|p1b: Dodrio|0 fnt\n|faint|p1b: Dodrio\n|\n|-weather|RainDance|[upkeep]\n|-heal|p1a: Eldegoss|88\/100 tox|[from] item: Leftovers\n|-damage|p2a: TheRetchingNetch|63\/100|[from] Leech Seed|[of] p1a: Eldegoss\n|-heal|p1a: Eldegoss|100\/100 tox|[silent]\n|-damage|p1a: Eldegoss|94\/100 tox|[from] psn\n|upkeep\n|\n|t:|1698020962\n|switch|p1b: Muk|Muk-Alola, M, shiny|100\/100\n|turn|11\n|\n|t:|1698020977\n|move|p2a: TheRetchingNetch|Ally Switch|p2a: TheRetchingNetch\n|swap|p2a: TheRetchingNetch|1|[from] move: Ally Switch\n|move|p2a: FrostAtronach|Weather Ball|p1b: Muk\n|-damage|p1b: Muk|56\/100\n|move|p1b: Muk|Toxic|p2a: FrostAtronach\n|-status|p2a: FrostAtronach|tox\n|move|p1a: Eldegoss|Leech Seed|p2b: TheRetchingNetch|[miss]\n|-miss|p1a: Eldegoss|p2b: TheRetchingNetch\n|\n|-weather|RainDance|[upkeep]\n|-heal|p1b: Muk|62\/100|[from] item: Leftovers\n|-heal|p1a: Eldegoss|100\/100 tox|[from] item: Leftovers\n|-damage|p2b: TheRetchingNetch|51\/100|[from] Leech Seed|[of] p1a: Eldegoss\n|-damage|p2a: FrostAtronach|52\/100 tox|[from] psn\n|-damage|p1a: Eldegoss|88\/100 tox|[from] psn\n|upkeep\n|turn|12\n|\n|t:|1698021009\n|switch|p2b: BananaForScale|Furret, F|100\/100\n|-item|p1a: Eldegoss|Leftovers|[from] ability: Frisk|[of] p2b: BananaForScale|[identify]\n|-item|p1b: Muk|Leftovers|[from] ability: Frisk|[of] p2b: BananaForScale|[identify]\n|move|p2a: FrostAtronach|Freeze-Dry|p1a: Eldegoss\n|-supereffective|p1a: Eldegoss\n|-damage|p1a: Eldegoss|24\/100 tox\n|move|p1b: Muk|Toxic|p2b: BananaForScale\n|-status|p2b: BananaForScale|tox\n|move|p1a: Eldegoss|Pollen Puff|p1b: Muk\n|-heal|p1b: Muk|100\/100\n|\n|-weather|none\n|-heal|p1a: Eldegoss|30\/100 tox|[from] item: Leftovers\n|-damage|p2b: BananaForScale|94\/100 tox|[from] psn\n|-damage|p2a: FrostAtronach|40\/100 tox|[from] psn\n|-damage|p1a: Eldegoss|12\/100 tox|[from] psn\n|upkeep\n|turn|13\n|\n|t:|1698021045\n|switch|p1a: Arcanine|Arcanine, M, shiny|100\/100\n|-ability|p1a: Arcanine|Intimidate|boost\n|-unboost|p2a: FrostAtronach|atk|1\n|-unboost|p2b: BananaForScale|atk|1\n|move|p2b: BananaForScale|Trick|p1b: Muk\n|-activate|p2b: BananaForScale|move: Trick|[of] p1b: Muk\n|-item|p1b: Muk|Choice Scarf|[from] move: Trick\n|-item|p2b: BananaForScale|Leftovers|[from] move: Trick\n|move|p1b: Muk|Drain Punch|p2b: BananaForScale\n|-supereffective|p2b: BananaForScale\n|-damage|p2b: BananaForScale|42\/100 tox\n|move|p2a: FrostAtronach|Rain Dance|p2a: FrostAtronach\n|-weather|RainDance\n|\n|-weather|RainDance|[upkeep]\n|-heal|p2b: BananaForScale|49\/100 tox|[from] item: Leftovers\n|-damage|p2b: BananaForScale|36\/100 tox|[from] psn\n|-damage|p2a: FrostAtronach|21\/100 tox|[from] psn\n|upkeep\n|turn|14\n|\n|t:|1698021075\n|switch|p2b: TheRetchingNetch|Drifblim, M|51\/100\n|switch|p1b: Golduck|Golduck, M, shiny|100\/100\n|-ability|p1b: Golduck|Cloud Nine\n|move|p1a: Arcanine|Heat Wave|p2b: TheRetchingNetch|[spread] p2a,p2b\n|-supereffective|p2a: FrostAtronach\n|-damage|p2a: FrostAtronach|0 fnt\n|-damage|p2b: TheRetchingNetch|33\/100\n|faint|p2a: FrostAtronach\n|\n|-weather|RainDance|[upkeep]\n|upkeep\n|\n|t:|1698021087\n|switch|p2a: BananaForScale|Furret, F|36\/100 tox\n|-item|p1a: Arcanine|Leftovers|[from] ability: Frisk|[of] p2a: BananaForScale|[identify]\n|-item|p1b: Golduck|Leftovers|[from] ability: Frisk|[of] p2a: BananaForScale|[identify]\n|turn|15\n|\n|t:|1698021112\n|move|p1a: Arcanine|Heat Wave|p2a: BananaForScale|[spread] p2a,p2b\n|-damage|p2a: BananaForScale|0 fnt\n|-damage|p2b: TheRetchingNetch|14\/100\n|-status|p2b: TheRetchingNetch|brn\n|faint|p2a: BananaForScale\n|move|p1b: Golduck|Nasty Plot|p1b: Golduck\n|-boost|p1b: Golduck|spa|2\n|move|p2b: TheRetchingNetch|Strength Sap|p1b: Golduck\n|-unboost|p1b: Golduck|atk|1\n|-heal|p2b: TheRetchingNetch|44\/100 brn\n|\n|-weather|RainDance|[upkeep]\n|-damage|p2b: TheRetchingNetch|38\/100 brn|[from] brn\n|upkeep\n|\n|t:|1698021126\n|switch|p2a: Stalhrim|Carbink|100\/100\n|turn|16\n|\n|t:|1698021166\n|move|p1a: Arcanine|Heat Wave|p2b: TheRetchingNetch|[spread] p2b\n|-miss|p1a: Arcanine|p2a: Stalhrim\n|-damage|p2b: TheRetchingNetch|20\/100 brn\n|move|p1b: Golduck|Icy Wind|p2a: Stalhrim|[spread] p2a,p2b\n|-supereffective|p2b: TheRetchingNetch\n|-damage|p2a: Stalhrim|87\/100\n|-damage|p2b: TheRetchingNetch|0 fnt\n|-unboost|p2a: Stalhrim|spe|1\n|faint|p2b: TheRetchingNetch\n|move|p2a: Stalhrim|Body Press|p1b: Golduck\n|-damage|p1b: Golduck|63\/100\n|\n|-weather|RainDance|[upkeep]\n|-heal|p1b: Golduck|69\/100|[from] item: Leftovers\n|upkeep\n|\n|t:|1698021179\n|switch|p2b: Nazeem|Eelektross, M|100\/100\n|turn|17\n|\n|t:|1698021197\n|switch|p1a: Eldegoss|Eldegoss, F, shiny|12\/100 tox\n|move|p1b: Golduck|Scald|p2a: Stalhrim\n|-supereffective|p2a: Stalhrim\n|-damage|p2a: Stalhrim|0 fnt\n|faint|p2a: Stalhrim\n|move|p2b: Nazeem|Thunder|p1b: Golduck|[miss]\n|-miss|p2b: Nazeem|p1b: Golduck\n|\n|-weather|none\n|-heal|p1b: Golduck|75\/100|[from] item: Leftovers\n|-heal|p1a: Eldegoss|18\/100 tox|[from] item: Leftovers\n|-damage|p1a: Eldegoss|12\/100 tox|[from] psn\n|upkeep\n|turn|18\n|c|\u2606Real Bani-Banani|gg wp\n|-message|Real Bani-Banani forfeited.\n|\n|win|LowksterP\n|raw|LowksterP's rating: 1050 &rarr; <strong>1085<\/strong><br \/>(+35 for winning)\n|raw|Real Bani-Banani's rating: 1076 &rarr; <strong>1053<\/strong><br \/>(-23 for losing)\n|l|\u2606Real Bani-Banani\n|l|\u2606LowksterP\n|j|\u2606LowksterP\n|player|p1|LowksterP|striker\n","uploadtime":1698021217,"views":6,"p1id":"lowksterp","p2id":"realbanibanani","formatid":"gen9nationaldexdoubles","rating":1053,"private":0,"password":""}