{"id":"gen9nationaldexdoubles-1996727481","p1":"mrcrovio","p2":"JoeIsHereG","format":"[Gen 9] National Dex Doubles","log":"|j|\u2606mrcrovio\n|j|\u2606JoeIsHereG\n|t:|1700715299\n|gametype|doubles\n|player|p1|mrcrovio|oichi-conquest|1080\n|player|p2|JoeIsHereG|backersf|1074\n|teamsize|p1|6\n|teamsize|p2|6\n|gen|9\n|tier|[Gen 9] National Dex Doubles\n|rated|\n|rule|HP Percentage Mod: HP is shown in percentages\n|rule|Endless Battle Clause: Forcing endless battles is banned\n|rule|OHKO Clause: OHKO moves are banned\n|rule|Evasion Moves Clause: Evasion moves are banned\n|rule|Evasion Abilities Clause: Evasion abilities are banned\n|rule|Species Clause: Limit one of each Pok\u00e9mon\n|rule|Gravity Sleep Clause: The combination of sleep-inducing moves with imperfect accuracy and Gravity or Gigantamax Orbeetle are banned\n|clearpoke\n|poke|p1|Cyclizar, M|\n|poke|p1|Primarina, F|\n|poke|p1|Audino, M|\n|poke|p1|Ferrothorn, F|\n|poke|p1|Pelipper, F|\n|poke|p1|Amoonguss, F|\n|poke|p2|Oricorio-Pom-Pom, F|\n|poke|p2|Volcarona, F|\n|poke|p2|Landorus-Therian, M|\n|poke|p2|Maushold-Four|\n|poke|p2|Sinistcha|\n|poke|p2|Chi-Yu|\n|teampreview\n|inactive|Battle timer is ON: inactive players will automatically lose when time's up. (requested by JoeIsHereG)\n|inactive|JoeIsHereG has 120 seconds left.\n|\n|t:|1700715335\n|start\n|switch|p1a: Ferrothorn|Ferrothorn, F|100\/100\n|switch|p1b: Amoonguss|Amoonguss, F|100\/100\n|switch|p2a: Landorus|Landorus-Therian, M|100\/100\n|switch|p2b: Volcarona|Volcarona, F|100\/100\n|-ability|p2a: Landorus|Intimidate|boost\n|-unboost|p1a: Ferrothorn|atk|1\n|-unboost|p1b: Amoonguss|atk|1\n|turn|1\n|inactive|mrcrovio has 120 seconds left.\n|\n|t:|1700715379\n|move|p2a: Landorus|U-turn|p1b: Amoonguss\n|-damage|p1b: Amoonguss|70\/100\n|\n|t:|1700715382\n|switch|p2a: Oricorio|Oricorio-Pom-Pom, F, shiny|100\/100|[from] U-turn\n|move|p2b: Volcarona|Fiery Dance|p1b: Amoonguss\n|-supereffective|p1b: Amoonguss\n|-damage|p1b: Amoonguss|0 fnt\n|faint|p1b: Amoonguss\n|-activate|p2a: Oricorio|ability: Dancer\n|move|p2a: Oricorio|Fiery Dance|p1a: Ferrothorn|[from]ability: Dancer\n|-supereffective|p1a: Ferrothorn\n|-crit|p1a: Ferrothorn\n|-damage|p1a: Ferrothorn|0 fnt\n|-boost|p2a: Oricorio|spa|1\n|faint|p1a: Ferrothorn\n|\n|upkeep\n|j| yqeO\n|c|\u2606JoeIsHereG|that is so unlucky\n|\n|t:|1700715403\n|switch|p1b: Cyclizar|Cyclizar, M|100\/100\n|switch|p1a: Pelipper|Pelipper, F|100\/100\n|-weather|RainDance|[from] ability: Drizzle|[of] p1a: Pelipper\n|turn|2\n|inactive|mrcrovio has 120 seconds left.\n|\n|t:|1700715417\n|move|p1b: Cyclizar|Shed Tail|p1b: Cyclizar\n|-start|p1b: Cyclizar|Substitute|[from] move: Shed Tail\n|-damage|p1b: Cyclizar|50\/100\n|\n|t:|1700715421\n|switch|p1b: Primarina|Primarina, F|100\/100|[from] Shed Tail\n|move|p2a: Oricorio|Revelation Dance|p1a: Pelipper\n|-supereffective|p1a: Pelipper\n|-damage|p1a: Pelipper|0 fnt\n|faint|p1a: Pelipper\n|move|p2b: Volcarona|Quiver Dance|p2b: Volcarona\n|-boost|p2b: Volcarona|spa|1\n|-boost|p2b: Volcarona|spd|1\n|-boost|p2b: Volcarona|spe|1\n|-activate|p2a: Oricorio|ability: Dancer\n|move|p2a: Oricorio|Quiver Dance|p2a: Oricorio|[from]ability: Dancer\n|-boost|p2a: Oricorio|spa|1\n|-boost|p2a: Oricorio|spd|1\n|-boost|p2a: Oricorio|spe|1\n|\n|-weather|RainDance|[upkeep]\n|upkeep\n|inactive|mrcrovio has 120 seconds left.\n|\n|t:|1700715440\n|switch|p1a: Audino|Audino, M|100\/100\n|turn|3\n|\n|t:|1700715451\n|switch|p2b: Maushold|Maushold-Four, shiny|100\/100\n|-terastallize|p1b: Primarina|Water\n|move|p2a: Oricorio|Protect|p2a: Oricorio\n|-singleturn|p2a: Oricorio|Protect\n|move|p1b: Primarina|Echoed Voice|p2a: Oricorio\n|-activate|p2a: Oricorio|move: Protect\n|move|p1a: Audino|Heal Pulse||[still]\n|-fail|p1a: Audino\n|\n|-weather|RainDance|[upkeep]\n|upkeep\n|turn|4\n|\n|t:|1700715472\n|move|p2a: Oricorio|Revelation Dance|p1a: Audino\n|-damage|p1a: Audino|35\/100\n|move|p2b: Maushold|Population Bomb|p1b: Primarina\n|-activate|p1b: Primarina|move: Substitute|[damage]\n|-activate|p1b: Primarina|move: Substitute|[damage]\n|-hitcount|p1b: Primarina|2\n|move|p1b: Primarina|Echoed Voice|p2b: Maushold\n|-damage|p2b: Maushold|0 fnt\n|faint|p2b: Maushold\n|move|p1a: Audino|Wish|p1a: Audino\n|\n|-weather|RainDance|[upkeep]\n|-heal|p1a: Audino|41\/100|[from] item: Leftovers\n|upkeep\n|\n|t:|1700715483\n|switch|p2b: Volcarona|Volcarona, F|100\/100\n|turn|5\n|\n|t:|1700715498\n|move|p2a: Oricorio|Protect|p2a: Oricorio\n|-singleturn|p2a: Oricorio|Protect\n|move|p2b: Volcarona|Fiery Dance|p1a: Audino\n|-damage|p1a: Audino|21\/100\n|-activate|p2a: Oricorio|ability: Dancer\n|move|p2a: Oricorio|Fiery Dance|p1a: Audino|[from]ability: Dancer\n|-damage|p1a: Audino|3\/100\n|-boost|p2a: Oricorio|spa|1\n|move|p1b: Primarina|Echoed Voice|p2b: Volcarona\n|-supereffective|p2b: Volcarona\n|-enditem|p2b: Volcarona|Focus Sash\n|-damage|p2b: Volcarona|1\/100\n|move|p1a: Audino|Toxic|p2a: Oricorio\n|-activate|p2a: Oricorio|move: Protect\n|\n|-weather|RainDance|[upkeep]\n|-heal|p1a: Audino|53\/100|[from] move: Wish|[wisher] Audino\n|-heal|p1a: Audino|59\/100|[from] item: Leftovers\n|upkeep\n|turn|6\n|inactive|mrcrovio has 120 seconds left.\n|\n|t:|1700715547\n|move|p2a: Oricorio|Revelation Dance|p1b: Primarina\n|-supereffective|p1b: Primarina\n|-end|p1b: Primarina|Substitute\n|move|p2b: Volcarona|Fiery Dance|p1a: Audino\n|-damage|p1a: Audino|40\/100\n|-activate|p2a: Oricorio|ability: Dancer\n|move|p2a: Oricorio|Fiery Dance|p1a: Audino|[from]ability: Dancer\n|-damage|p1a: Audino|16\/100\n|-boost|p2a: Oricorio|spa|1\n|move|p1b: Primarina|Echoed Voice|p2a: Oricorio\n|-damage|p2a: Oricorio|0 fnt\n|faint|p2a: Oricorio\n|move|p1a: Audino|Toxic|p2b: Volcarona\n|-status|p2b: Volcarona|tox\n|\n|-weather|none\n|-heal|p1a: Audino|22\/100|[from] item: Leftovers\n|-damage|p2b: Volcarona|0 fnt|[from] psn\n|faint|p2b: Volcarona\n|upkeep\n|inactive|JoeIsHereG has 120 seconds left.\n|\n|t:|1700715566\n|switch|p2a: Chi-Yu|Chi-Yu|100\/100\n|switch|p2b: Landorus|Landorus-Therian, M|100\/100\n|-ability|p2a: Chi-Yu|Beads of Ruin\n|-ability|p2b: Landorus|Intimidate|boost\n|-unboost|p1a: Audino|atk|1\n|-unboost|p1b: Primarina|atk|1\n|turn|7\n|inactive|mrcrovio has 120 seconds left.\n|\n|t:|1700715591\n|move|p2a: Chi-Yu|Dark Pulse|p1b: Primarina\n|-damage|p1b: Primarina|56\/100\n|move|p2b: Landorus|U-turn|p1b: Primarina\n|-damage|p1b: Primarina|20\/100\n|\n|t:|1700715596\n|switch|p2b: Sinistcha|Sinistcha|100\/100|[from] U-turn\n|move|p1b: Primarina|Echoed Voice|p2b: Sinistcha\n|-resisted|p2b: Sinistcha\n|-damage|p2b: Sinistcha|0 fnt\n|faint|p2b: Sinistcha\n|move|p1a: Audino|Toxic|p2a: Chi-Yu\n|-status|p2a: Chi-Yu|tox\n|\n|-heal|p1a: Audino|28\/100|[from] item: Leftovers\n|-damage|p2a: Chi-Yu|95\/100 tox|[from] psn\n|upkeep\n|\n|t:|1700715606\n|switch|p2b: Landorus|Landorus-Therian, M|100\/100\n|-ability|p2b: Landorus|Intimidate|boost\n|-unboost|p1a: Audino|atk|1\n|-unboost|p1b: Primarina|atk|1\n|turn|8\n|\n|t:|1700715620\n|switch|p1b: Cyclizar|Cyclizar, M|84\/100\n|move|p2a: Chi-Yu|Dark Pulse|p1b: Cyclizar\n|-damage|p1b: Cyclizar|8\/100\n|move|p2b: Landorus|Rock Slide|p1a: Audino|[spread] p1a,p1b\n|-damage|p1a: Audino|3\/100\n|-damage|p1b: Cyclizar|0 fnt\n|faint|p1b: Cyclizar\n|move|p1a: Audino|Wish|p1a: Audino\n|\n|-heal|p1a: Audino|9\/100|[from] item: Leftovers\n|-damage|p2a: Chi-Yu|83\/100 tox|[from] psn\n|upkeep\n|\n|t:|1700715634\n|switch|p1b: Primarina|Primarina, F, tera:Water|20\/100\n|turn|9\n|\n|t:|1700715649\n|move|p2a: Chi-Yu|Dark Pulse|p1a: Audino\n|-damage|p1a: Audino|0 fnt\n|faint|p1a: Audino\n|move|p2b: Landorus|Rock Slide|p1b: Primarina\n|-damage|p1b: Primarina|0 fnt\n|faint|p1b: Primarina\n|\n|win|JoeIsHereG\n|raw|mrcrovio's rating: 1080 &rarr; <strong>1058<\/strong><br \/>(-22 for losing)\n|raw|JoeIsHereG's rating: 1074 &rarr; <strong>1103<\/strong><br \/>(+29 for winning)\n|l|\u2606mrcrovio\n","uploadtime":1700715659,"views":2,"p1id":"mrcrovio","p2id":"joeishereg","formatid":"gen9nationaldexdoubles","rating":1058,"private":0,"password":""}