{"id":"gen9nationaldexdoubles-1978287968","p1":"EA-ItsInTheGame","p2":"Pugwah","format":"[Gen 9] National Dex Doubles","log":"|j|\u2606EA-ItsInTheGame\n|j|\u2606Pugwah\n|t:|1698521196\n|gametype|doubles\n|player|p1|EA-ItsInTheGame|1|1070\n|player|p2|Pugwah|169|1247\n|teamsize|p1|6\n|teamsize|p2|6\n|gen|9\n|tier|[Gen 9] National Dex Doubles\n|rated|\n|rule|HP Percentage Mod: HP is shown in percentages\n|rule|Endless Battle Clause: Forcing endless battles is banned\n|rule|OHKO Clause: OHKO moves are banned\n|rule|Evasion Moves Clause: Evasion moves are banned\n|rule|Evasion Abilities Clause: Evasion abilities are banned\n|rule|Species Clause: Limit one of each Pok\u00e9mon\n|rule|Gravity Sleep Clause: The combination of sleep-inducing moves with imperfect accuracy and Gravity or Gigantamax Orbeetle are banned\n|clearpoke\n|poke|p1|Dudunsparce-*, F|\n|poke|p1|Blastoise, M|\n|poke|p1|Incineroar, M|\n|poke|p1|Jirachi|\n|poke|p1|Walking Wake|\n|poke|p1|Landorus-Therian, M|\n|poke|p2|Charizard, F|\n|poke|p2|Blastoise, M|\n|poke|p2|Venusaur, F|\n|poke|p2|Terrakion|\n|poke|p2|Landorus-Therian, M|\n|poke|p2|Rillaboom, F|\n|teampreview\n|inactive|Battle timer is ON: inactive players will automatically lose when time's up. (requested by EA-ItsInTheGame)\n|\n|t:|1698521208\n|start\n|switch|p1a: Blastoise|Blastoise, M|100\/100\n|switch|p1b: Incineroar|Incineroar, M|100\/100\n|switch|p2a: Charizard|Charizard, F|100\/100\n|switch|p2b: Venusaur|Venusaur, F|100\/100\n|turn|1\n|c|\u2606EA-ItsInTheGame|Have you heard of da rainbow?\n|c|\u2606Pugwah|I am the rainbow\n|c|\u2606EA-ItsInTheGame|NO I AM\n|\n|t:|1698521230\n|detailschange|p2a: Charizard|Charizard-Mega-Y, F\n|-mega|p2a: Charizard|Charizard|Charizardite Y\n|-weather|SunnyDay|[from] ability: Drought|[of] p2a: Charizard\n|move|p2b: Venusaur|Grass Pledge|p1b: Incineroar\n|-waiting|p2b: Venusaur|p2a: Charizard\n|move|p2a: Charizard|Fire Pledge|p1b: Incineroar|[from]move: Grass Pledge\n|-combine\n|-resisted|p1b: Incineroar\n|-damage|p1b: Incineroar|37\/100\n|-sidestart|p1: EA-ItsInTheGame|Fire Pledge\n|move|p1a: Blastoise|Water Pledge|p2a: Charizard\n|-waiting|p1a: Blastoise|p1b: Incineroar\n|move|p1b: Incineroar|Fire Pledge|p2a: Charizard|[from]move: Water Pledge\n|-combine\n|-supereffective|p2a: Charizard\n|-damage|p2a: Charizard|56\/100\n|-sidestart|p1: EA-ItsInTheGame|Water Pledge\n|\n|-weather|SunnyDay|[upkeep]\n|-damage|p1a: Blastoise|88\/100|[from] Fire Pledge\n|-heal|p1b: Incineroar|43\/100|[from] item: Leftovers\n|upkeep\n|turn|2\n|c|\u2606EA-ItsInTheGame|I WILL CREATE IT\n|\n|t:|1698521257\n|switch|p1a: Jirachi|Jirachi|100\/100\n|switch|p1b: Dudunsparce|Dudunsparce-Three-Segment, F|100\/100\n|move|p2b: Venusaur|Grass Pledge|p1a: Jirachi\n|-resisted|p1a: Jirachi\n|-damage|p1a: Jirachi|79\/100\n|-damage|p2b: Venusaur|91\/100|[from] item: Life Orb\n|move|p2a: Charizard|Tailwind|p2a: Charizard\n|-sidestart|p2: Pugwah|move: Tailwind\n|\n|-weather|SunnyDay|[upkeep]\n|-damage|p1a: Jirachi|67\/100|[from] Fire Pledge\n|-damage|p1b: Dudunsparce|88\/100|[from] Fire Pledge\n|upkeep\n|turn|3\n|c|\u2606EA-ItsInTheGame|Also i have a 40% chance for all stats tobe raised now\n|c|\u2606Pugwah|holy crap i didnt thought about it\n|inactive|EA-ItsInTheGame has 120 seconds left.\n|c|\u2606EA-ItsInTheGame|on both mons\n|c|\u2606Pugwah|ancient power rainbow\n|c|\u2606EA-ItsInTheGame|yup\n|c|\u2606EA-ItsInTheGame|serene grace too\n|\n|t:|1698521306\n|move|p2b: Venusaur|Weather Ball|p1a: Jirachi\n|-supereffective|p1a: Jirachi\n|-damage|p1a: Jirachi|0 fnt\n|faint|p1a: Jirachi\n|-damage|p2b: Venusaur|81\/100|[from] item: Life Orb\n|move|p2a: Charizard|Heat Wave|p1b: Dudunsparce\n|-damage|p1b: Dudunsparce|9\/100\n|move|p1b: Dudunsparce|Ancient Power|p2b: Venusaur\n|-damage|p2b: Venusaur|66\/100\n|-boost|p1b: Dudunsparce|atk|1\n|-boost|p1b: Dudunsparce|def|1\n|-boost|p1b: Dudunsparce|spa|1\n|-boost|p1b: Dudunsparce|spd|1\n|-boost|p1b: Dudunsparce|spe|1\n|\n|-weather|SunnyDay|[upkeep]\n|-damage|p1b: Dudunsparce|0 fnt|[from] Fire Pledge\n|faint|p1b: Dudunsparce\n|upkeep\n|c|\u2606Pugwah|i do have pledges too but\n|c|\u2606Pugwah|i discovered that it is unreliable as hell\n|inactive|EA-ItsInTheGame has 90 seconds left.\n|c|\u2606Pugwah|the rainbow i mean\n|c|\u2606EA-ItsInTheGame|yeah lol\n|\n|t:|1698521335\n|switch|p1a: Walking Wake|Walking Wake|100\/100\n|switch|p1b: Landorus|Landorus-Therian, M|100\/100\n|-activate|p1a: Walking Wake|ability: Protosynthesis\n|-start|p1a: Walking Wake|protosynthesisspa\n|-ability|p1b: Landorus|Intimidate|boost\n|-unboost|p2a: Charizard|atk|1\n|-unboost|p2b: Venusaur|atk|1\n|turn|4\n|c|\u2606Pugwah|i realized that fire grass is better\n|c|\u2606EA-ItsInTheGame|Fun to use when it works\n|c|\u2606Pugwah|but\n|c|\u2606Pugwah|its because the sinergy between zard y and venusaur\n|inactive|EA-ItsInTheGame has 90 seconds left.\n|c|\u2606Pugwah|and yeah, its funny as hell when it works hahaha\n|inactive|Pugwah has 120 seconds left.\n|inactiveoff|Battle timer is now OFF.\n|c|\u2606EA-ItsInTheGame|people will call me a hacker lol\n|\n|t:|1698521400\n|-terastallize|p1a: Walking Wake|Water\n|move|p2b: Venusaur|Sludge Bomb|p1a: Walking Wake\n|-damage|p1a: Walking Wake|30\/100\n|-damage|p2b: Venusaur|56\/100|[from] item: Life Orb\n|move|p2a: Charizard|Heat Wave|p1a: Walking Wake|[spread] p1a,p1b\n|-resisted|p1a: Walking Wake\n|-damage|p1a: Walking Wake|0 fnt\n|-damage|p1b: Landorus|5\/100\n|faint|p1a: Walking Wake\n|-end|p1a: Walking Wake|Protosynthesis|[silent]\n|move|p1b: Landorus|Earthquake|p2b: Venusaur|[spread] p2b\n|-immune|p2a: Charizard\n|-damage|p2b: Venusaur|9\/100\n|\n|-weather|SunnyDay|[upkeep]\n|-damage|p1b: Landorus|0 fnt|[from] Fire Pledge\n|faint|p1b: Landorus\n|-sideend|p1: EA-ItsInTheGame|Water Pledge\n|-sideend|p1: EA-ItsInTheGame|Fire Pledge\n|upkeep\n|\n|t:|1698521417\n|switch|p1a: Incineroar|Incineroar, M|43\/100\n|switch|p1b: Blastoise|Blastoise, M|88\/100\n|turn|5\n|\n|t:|1698521433\n|move|p1b: Blastoise|Fake Out|p2a: Charizard\n|-damage|p2a: Charizard|44\/100\n|move|p1a: Incineroar|Fake Out|p2b: Venusaur\n|-damage|p2b: Venusaur|0 fnt\n|faint|p2b: Venusaur\n|cant|p2a: Charizard|flinch\n|\n|-weather|none\n|-heal|p1a: Incineroar|49\/100|[from] item: Leftovers\n|-sideend|p2: Pugwah|move: Tailwind\n|upkeep\n|c|\u2606Pugwah|its extremely unreliable xd\n|\n|t:|1698521445\n|switch|p2b: Rillaboom|Rillaboom, F|100\/100\n|-fieldstart|move: Grassy Terrain|[from] ability: Grassy Surge|[of] p2b: Rillaboom\n|-enditem|p2b: Rillaboom|Grassy Seed\n|-boost|p2b: Rillaboom|def|1|[from] item: Grassy Seed\n|turn|6\n|c|\u2606EA-ItsInTheGame|yeah lol\n|c|\u2606EA-ItsInTheGame|really rare to work\n|\n|t:|1698521468\n|move|p2a: Charizard|Fire Pledge|p1b: Blastoise\n|-waiting|p2a: Charizard|p2b: Rillaboom\n|move|p2b: Rillaboom|Grass Pledge|p1b: Blastoise|[from]move: Fire Pledge\n|-combine\n|-resisted|p1b: Blastoise\n|-damage|p1b: Blastoise|75\/100\n|-sidestart|p1: EA-ItsInTheGame|Fire Pledge\n|move|p1b: Blastoise|Water Pledge|p2b: Rillaboom\n|-waiting|p1b: Blastoise|p1a: Incineroar\n|move|p1a: Incineroar|Fire Pledge|p2b: Rillaboom|[from]move: Water Pledge\n|-combine\n|-resisted|p2b: Rillaboom\n|-damage|p2b: Rillaboom|70\/100\n|-sidestart|p1: EA-ItsInTheGame|Water Pledge\n|\n|-heal|p2b: Rillaboom|76\/100|[from] Grassy Terrain\n|-damage|p1b: Blastoise|62\/100|[from] Fire Pledge\n|-heal|p1b: Blastoise|68\/100|[from] Grassy Terrain\n|-heal|p1a: Incineroar|55\/100|[from] Grassy Terrain\n|-heal|p1a: Incineroar|61\/100|[from] item: Leftovers\n|upkeep\n|turn|7\n|c|\u2606Pugwah|the swam is cool too\n|c|\u2606EA-ItsInTheGame|swam?\n|c|\u2606Pugwah|swamp\n|c|\u2606Pugwah|i meant\n|c|\u2606Pugwah|grass+water\n|\n|t:|1698521524\n|switch|p2a: Blastoise|Blastoise, M|100\/100\n|move|p2b: Rillaboom|Drain Punch|p1a: Incineroar\n|-supereffective|p1a: Incineroar\n|-damage|p1a: Incineroar|12\/100\n|-heal|p2b: Rillaboom|100\/100|[from] drain|[of] p1a: Incineroar\n|move|p1b: Blastoise|Water Pledge|p2b: Rillaboom\n|-waiting|p1b: Blastoise|p1a: Incineroar\n|move|p1a: Incineroar|Fire Pledge|p2b: Rillaboom|[from]move: Water Pledge\n|-combine\n|-resisted|p2b: Rillaboom\n|-damage|p2b: Rillaboom|74\/100\n|\n|-heal|p2b: Rillaboom|81\/100|[from] Grassy Terrain\n|-damage|p1b: Blastoise|56\/100|[from] Fire Pledge\n|-heal|p1b: Blastoise|62\/100|[from] Grassy Terrain\n|-heal|p1a: Incineroar|18\/100|[from] Grassy Terrain\n|-heal|p1a: Incineroar|24\/100|[from] item: Leftovers\n|upkeep\n|turn|8\n|\n|t:|1698521541\n|move|p1b: Blastoise|Follow Me|p1b: Blastoise\n|-singleturn|p1b: Blastoise|move: Follow Me\n|move|p2b: Rillaboom|Grass Pledge|p1b: Blastoise\n|-waiting|p2b: Rillaboom|p2a: Blastoise\n|move|p2a: Blastoise|Water Pledge|p1b: Blastoise|[from]move: Grass Pledge\n|-combine\n|-supereffective|p1b: Blastoise\n|-damage|p1b: Blastoise|0 fnt\n|-sidestart|p1: EA-ItsInTheGame|Grass Pledge\n|faint|p1b: Blastoise\n|move|p1a: Incineroar|Fire Blast|p2b: Rillaboom\n|-supereffective|p2b: Rillaboom\n|-damage|p2b: Rillaboom|0 fnt\n|faint|p2b: Rillaboom\n|\n|-heal|p1a: Incineroar|30\/100|[from] Grassy Terrain\n|-heal|p1a: Incineroar|37\/100|[from] item: Leftovers\n|upkeep\n|\n|t:|1698521551\n|switch|p2b: Charizard|Charizard-Mega-Y, F|44\/100\n|-weather|SunnyDay|[from] ability: Drought|[of] p2b: Charizard\n|turn|9\n|c|\u2606EA-ItsInTheGame|So many\n|c|\u2606EA-ItsInTheGame|lol\n|c|\u2606Pugwah|XD\n|c|\u2606Pugwah|yeah\n|c|\u2606Pugwah|guess\n|c|\u2606Pugwah|my next move\n|c|\u2606EA-ItsInTheGame|sun grassy sea of fire rainbow swamp\n|\n|t:|1698521593\n|move|p2b: Charizard|Fire Pledge|p1a: Incineroar\n|-waiting|p2b: Charizard|p2a: Blastoise\n|move|p2a: Blastoise|Water Pledge|p1a: Incineroar|[from]move: Fire Pledge\n|-combine\n|-supereffective|p1a: Incineroar\n|-damage|p1a: Incineroar|0 fnt\n|-sidestart|p2: Pugwah|Water Pledge\n|faint|p1a: Incineroar\n|\n|win|Pugwah\n|raw|EA-ItsInTheGame's rating: 1070 &rarr; <strong>1059<\/strong><br \/>(-11 for losing)\n|raw|Pugwah's rating: 1247 &rarr; <strong>1260<\/strong><br \/>(+13 for winning)\n|c|\u2606Pugwah|I need a rainbow too\n|l|\u2606EA-ItsInTheGame\n|c|\u2606Pugwah|lmao\n","uploadtime":1698521757,"views":7,"p1id":"eaitsinthegame","p2id":"pugwah","formatid":"gen9nationaldexdoubles","rating":1059,"private":0,"password":""}