{"id":"gen9nationaldexdoubles-1993540054","p1":"TheMoistFetus","p2":"kirblaster","format":"[Gen 9] National Dex Doubles","log":"|j|\u2606TheMoistFetus\n|j|\u2606kirblaster\n|t:|1700329605\n|gametype|doubles\n|player|p1|TheMoistFetus|bianca-pwt|\n|player|p2|kirblaster|yellow|\n|teamsize|p1|6\n|teamsize|p2|6\n|gen|9\n|tier|[Gen 9] National Dex Doubles\n|rule|HP Percentage Mod: HP is shown in percentages\n|rule|Endless Battle Clause: Forcing endless battles is banned\n|rule|OHKO Clause: OHKO moves are banned\n|rule|Evasion Moves Clause: Evasion moves are banned\n|rule|Evasion Abilities Clause: Evasion abilities are banned\n|rule|Species Clause: Limit one of each Pok\u00e9mon\n|rule|Gravity Sleep Clause: The combination of sleep-inducing moves with imperfect accuracy and Gravity or Gigantamax Orbeetle are banned\n|clearpoke\n|poke|p1|Chien-Pao|\n|poke|p1|Iron Bundle|\n|poke|p1|Ninetales-Alola, F|\n|poke|p1|Ogerpon-Cornerstone, F|\n|poke|p1|Tornadus, M|\n|poke|p1|Chi-Yu|\n|poke|p2|Sinistcha|\n|poke|p2|Clefairy, M|\n|poke|p2|Iron Hands|\n|poke|p2|Kommo-o, F|\n|poke|p2|Flamigo, F|\n|poke|p2|Snorlax, M|\n|teampreview\n|inactive|Battle timer is ON: inactive players will automatically lose when time's up. (requested by kirblaster)\n|j| Eliminathan\n|inactive|TheMoistFetus has 270 seconds left.\n|inactive|TheMoistFetus has 240 seconds left.\n|\n|t:|1700329694\n|start\n|switch|p1a: Mr Small|Tornadus, M, shiny|100\/100\n|switch|p1b: Nicole|Chien-Pao|100\/100\n|switch|p2a: the kid|Clefairy, M|100\/100\n|switch|p2b: the AAAAAAAAAA|Kommo-o, F|100\/100\n|-ability|p1b: Nicole|Sword of Ruin\n|turn|1\n|\n|t:|1700329718\n|move|p1b: Nicole|Protect|p1b: Nicole\n|-singleturn|p1b: Nicole|Protect\n|move|p2a: the kid|Follow Me|p2a: the kid\n|-singleturn|p2a: the kid|move: Follow Me\n|move|p1a: Mr Small|Taunt|p2a: the kid\n|-start|p2a: the kid|move: Taunt\n|-zpower|p2b: the AAAAAAAAAA\n|move|p2b: the AAAAAAAAAA|Clangorous Soulblaze|p1b: Nicole|[zeffect]|[spread] p1a,p1b\n|-zbroken|p1b: Nicole\n|-damage|p1a: Mr Small|50\/100\n|-damage|p1b: Nicole|77\/100\n|-boost|p2b: the AAAAAAAAAA|atk|1\n|-boost|p2b: the AAAAAAAAAA|def|1\n|-boost|p2b: the AAAAAAAAAA|spa|1\n|-boost|p2b: the AAAAAAAAAA|spd|1\n|-boost|p2b: the AAAAAAAAAA|spe|1\n|\n|upkeep\n|turn|2\n|\n|t:|1700329743\n|switch|p2a: the cup|Sinistcha|100\/100\n|move|p1a: Mr Small|Tailwind|p1a: Mr Small\n|-sidestart|p1: TheMoistFetus|move: Tailwind\n|move|p1b: Nicole|Icicle Crash|p2b: the AAAAAAAAAA|[miss]\n|-miss|p1b: Nicole|p2b: the AAAAAAAAAA\n|move|p2b: the AAAAAAAAAA|Drain Punch|p1b: Nicole\n|-supereffective|p1b: Nicole\n|-crit|p1b: Nicole\n|-damage|p1b: Nicole|0 fnt\n|faint|p1b: Nicole\n|\n|upkeep\n|c|\u2606kirblaster|sorry\n|inactive|TheMoistFetus has 270 seconds left.\n|c|\u2606TheMoistFetus|unfort\n|inactive|TheMoistFetus has 240 seconds left.\n|inactive|TheMoistFetus has 210 seconds left.\n|\n|t:|1700329814\n|switch|p1b: Gumball|Ninetales-Alola, F|100\/100\n|-weather|Snow|[from] ability: Snow Warning|[of] p1b: Gumball\n|turn|3\n|\n|t:|1700329832\n|switch|p2a: the kid|Clefairy, M|100\/100\n|move|p1b: Gumball|Aurora Veil|p1b: Gumball\n|-sidestart|p1: TheMoistFetus|move: Aurora Veil\n|move|p1a: Mr Small|Bleakwind Storm|p2a: the kid|[spread] p2a,p2b\n|-supereffective|p2b: the AAAAAAAAAA\n|-damage|p2a: the kid|82\/100\n|-damage|p2b: the AAAAAAAAAA|70\/100\n|move|p2b: the AAAAAAAAAA|Flash Cannon|p1b: Gumball\n|-supereffective|p1b: Gumball\n|-damage|p1b: Gumball|14\/100\n|\n|-weather|Snow|[upkeep]\n|upkeep\n|turn|4\n|inactive|TheMoistFetus has 240 seconds left.\n|\n|t:|1700329859\n|move|p1b: Gumball|Protect|p1b: Gumball\n|-singleturn|p1b: Gumball|Protect\n|move|p2a: the kid|Follow Me|p2a: the kid\n|-singleturn|p2a: the kid|move: Follow Me\n|move|p1a: Mr Small|Bleakwind Storm|p2a: the kid|[spread] p2a,p2b\n|-supereffective|p2b: the AAAAAAAAAA\n|-damage|p2a: the kid|63\/100\n|-damage|p2b: the AAAAAAAAAA|40\/100\n|move|p2b: the AAAAAAAAAA|Clangorous Soul|p2b: the AAAAAAAAAA\n|-boost|p2b: the AAAAAAAAAA|atk|1\n|-boost|p2b: the AAAAAAAAAA|def|1\n|-boost|p2b: the AAAAAAAAAA|spa|1\n|-boost|p2b: the AAAAAAAAAA|spd|1\n|-boost|p2b: the AAAAAAAAAA|spe|1\n|-damage|p2b: the AAAAAAAAAA|8\/100\n|\n|-weather|Snow|[upkeep]\n|upkeep\n|turn|5\n|inactive|TheMoistFetus has 240 seconds left.\n|inactive|kirblaster has 270 seconds left.\n|inactive|TheMoistFetus has 210 seconds left.\n|\n|t:|1700329915\n|switch|p1b: Penny|Ogerpon-Cornerstone, F|100\/100\n|switch|p2a: the cup|Sinistcha|100\/100\n|-heal|p2b: the AAAAAAAAAA|32\/100|[from] ability: Hospitality|[of] p2a: the cup\n|move|p1a: Mr Small|Bleakwind Storm|p2b: the AAAAAAAAAA|[spread] p2a,p2b\n|-supereffective|p2a: the cup\n|-supereffective|p2b: the AAAAAAAAAA\n|-damage|p2a: the cup|22\/100\n|-damage|p2b: the AAAAAAAAAA|5\/100\n|-unboost|p2a: the cup|spe|1\n|move|p2b: the AAAAAAAAAA|Flash Cannon|p1b: Penny\n|-supereffective|p1b: Penny\n|-damage|p1b: Penny|24\/100\n|-unboost|p1b: Penny|spd|1\n|\n|-weather|Snow|[upkeep]\n|-heal|p2a: the cup|28\/100|[from] item: Leftovers\n|-sideend|p1: TheMoistFetus|move: Tailwind\n|upkeep\n|turn|6\n|inactive|kirblaster has 270 seconds left.\n|inactive|TheMoistFetus has 210 seconds left.\n|\n|t:|1700329951\n|move|p1a: Mr Small|Tailwind|p1a: Mr Small\n|-sidestart|p1: TheMoistFetus|move: Tailwind\n|move|p1b: Penny|Ivy Cudgel|p2b: the AAAAAAAAAA|[anim] Ivy Cudgel Rock\n|-resisted|p2b: the AAAAAAAAAA\n|-damage|p2b: the AAAAAAAAAA|0 fnt\n|faint|p2b: the AAAAAAAAAA\n|move|p2a: the cup|Matcha Gotcha|p1b: Penny|[spread] p1a,p1b\n|-resisted|p1a: Mr Small\n|-damage|p1a: Mr Small|44\/100\n|-heal|p2a: the cup|31\/100|[from] drain|[of] p1a: Mr Small\n|-damage|p1b: Penny|0 fnt\n|-heal|p2a: the cup|42\/100|[from] drain|[of] p1b: Penny\n|faint|p1b: Penny\n|\n|-weather|Snow|[upkeep]\n|-heal|p2a: the cup|48\/100|[from] item: Leftovers\n|upkeep\n|inactive|TheMoistFetus has 210 seconds left.\n|\n|t:|1700329974\n|switch|p1b: Darwin|Chi-Yu|100\/100\n|switch|p2b: the goat|Iron Hands|100\/100\n|-ability|p1b: Darwin|Beads of Ruin\n|turn|7\n|inactive|kirblaster has 270 seconds left.\n|inactive|TheMoistFetus has 210 seconds left.\n|\n|t:|1700330001\n|switch|p2a: the kid|Clefairy, M|63\/100\n|-terastallize|p1b: Darwin|Fire\n|move|p2b: the goat|Fake Out|p1b: Darwin\n|-damage|p1b: Darwin|82\/100\n|cant|p1b: Darwin|flinch\n|move|p1a: Mr Small|Bleakwind Storm|p2a: the kid|[spread] p2a,p2b\n|-damage|p2a: the kid|38\/100\n|-damage|p2b: the goat|81\/100\n|-unboost|p2a: the kid|spe|1\n|\n|-weather|none\n|upkeep\n|turn|8\n|inactive|kirblaster has 270 seconds left.\n|\n|t:|1700330023\n|move|p2a: the kid|Follow Me|p2a: the kid\n|-singleturn|p2a: the kid|move: Follow Me\n|move|p1b: Darwin|Overheat|p2a: the kid\n|-damage|p2a: the kid|0 fnt\n|-unboost|p1b: Darwin|spa|2\n|faint|p2a: the kid\n|move|p1a: Mr Small|Bleakwind Storm|p2b: the goat\n|-damage|p2b: the goat|46\/100\n|move|p2b: the goat|Wild Charge|p1b: Darwin\n|-damage|p1b: Darwin|22\/100\n|-damage|p2b: the goat|39\/100|[from] Recoil\n|\n|upkeep\n|inactive|kirblaster has 270 seconds left.\n|\n|t:|1700330029\n|switch|p2a: the cup|Sinistcha|48\/100\n|-heal|p2b: the goat|64\/100|[from] ability: Hospitality|[of] p2a: the cup\n|turn|9\n|inactive|TheMoistFetus has 240 seconds left.\n|\n|t:|1700330043\n|switch|p1b: Gumball|Ninetales-Alola, F|14\/100\n|-weather|Snow|[from] ability: Snow Warning|[of] p1b: Gumball\n|move|p1a: Mr Small|Bleakwind Storm|p2b: the goat|[spread] p2a,p2b\n|-supereffective|p2a: the cup\n|-damage|p2a: the cup|0 fnt\n|-damage|p2b: the goat|43\/100\n|faint|p2a: the cup\n|move|p2b: the goat|Drain Punch|p1b: Gumball\n|-damage|p1b: Gumball|0 fnt\n|-heal|p2b: the goat|48\/100|[from] drain|[of] p1b: Gumball\n|faint|p1b: Gumball\n|\n|-weather|Snow|[upkeep]\n|-sideend|p1: TheMoistFetus|move: Tailwind\n|upkeep\n|\n|t:|1700330060\n|switch|p1b: Bobert|Iron Bundle, shiny|100\/100\n|switch|p2a: the honk mimimi|Snorlax, M|100\/100\n|-enditem|p1b: Bobert|Booster Energy\n|-activate|p1b: Bobert|ability: Quark Drive|[fromitem]\n|-start|p1b: Bobert|quarkdrivespe\n|turn|10\n|\n|t:|1700330081\n|move|p2a: the honk mimimi|Protect|p2a: the honk mimimi\n|-singleturn|p2a: the honk mimimi|Protect\n|move|p1b: Bobert|Freeze-Dry|p2a: the honk mimimi\n|-activate|p2a: the honk mimimi|move: Protect\n|move|p1a: Mr Small|Bleakwind Storm|p2a: the honk mimimi|[spread] p2b\n|-activate|p2a: the honk mimimi|move: Protect\n|-damage|p2b: the goat|28\/100\n|-unboost|p2b: the goat|spe|1\n|move|p2b: the goat|Drain Punch|p1b: Bobert\n|-supereffective|p1b: Bobert\n|-damage|p1b: Bobert|47\/100\n|-heal|p2b: the goat|41\/100|[from] drain|[of] p1b: Bobert\n|\n|-weather|Snow|[upkeep]\n|-sideend|p1: TheMoistFetus|move: Aurora Veil\n|upkeep\n|turn|11\n|inactive|TheMoistFetus has 270 seconds left.\n|inactive|kirblaster has 270 seconds left.\n|\n|t:|1700330122\n|move|p1b: Bobert|Protect|p1b: Bobert\n|-singleturn|p1b: Bobert|Protect\n|move|p1a: Mr Small|Bleakwind Storm|p2b: the goat|[spread] \n|-miss|p1a: Mr Small|p2a: the honk mimimi\n|-miss|p1a: Mr Small|p2b: the goat\n|move|p2a: the honk mimimi|Facade|p1a: Mr Small\n|-damage|p1a: Mr Small|9\/100\n|move|p2b: the goat|Drain Punch|p1b: Bobert\n|-activate|p1b: Bobert|move: Protect\n|\n|-weather|Snow|[upkeep]\n|upkeep\n|turn|12\n|inactive|TheMoistFetus has 270 seconds left.\n|inactive|kirblaster has 270 seconds left.\n|\n|t:|1700330143\n|-end|p2b: the goat|Quark Drive|[silent]\n|switch|p2b: the migo|Flamigo, F|100\/100\n|-copyboost|p2b: the migo|p2a: the honk mimimi|[from] ability: Costar\n|move|p2a: the honk mimimi|Protect|p2a: the honk mimimi\n|-singleturn|p2a: the honk mimimi|Protect\n|move|p1b: Bobert|Blizzard|p2b: the migo|[spread] p2b\n|-activate|p2a: the honk mimimi|move: Protect\n|-supereffective|p2b: the migo\n|-enditem|p2b: the migo|Focus Sash\n|-damage|p2b: the migo|1\/100\n|move|p1a: Mr Small|Bleakwind Storm|p2b: the migo|[spread] p2b\n|-activate|p2a: the honk mimimi|move: Protect\n|-supereffective|p2b: the migo\n|-damage|p2b: the migo|0 fnt\n|faint|p2b: the migo\n|\n|-weather|Snow|[upkeep]\n|upkeep\n|\n|t:|1700330145\n|switch|p2b: the goat|Iron Hands|41\/100\n|turn|13\n|inactive|TheMoistFetus has 270 seconds left.\n|\n|t:|1700330167\n|move|p2b: the goat|Fake Out|p1a: Mr Small\n|-damage|p1a: Mr Small|0 fnt\n|faint|p1a: Mr Small\n|move|p1b: Bobert|Freeze-Dry|p2a: the honk mimimi\n|-damage|p2a: the honk mimimi|92\/100\n|move|p2a: the honk mimimi|Belly Drum|p2a: the honk mimimi\n|-damage|p2a: the honk mimimi|42\/100\n|-setboost|p2a: the honk mimimi|atk|6|[from] move: Belly Drum\n|-enditem|p2a: the honk mimimi|Sitrus Berry|[eat]\n|-heal|p2a: the honk mimimi|67\/100|[from] item: Sitrus Berry\n|\n|-weather|none\n|upkeep\n|inactive|TheMoistFetus has 270 seconds left.\n|\n|t:|1700330178\n|switch|p1a: Darwin|Chi-Yu, tera:Fire|22\/100\n|-ability|p1a: Darwin|Beads of Ruin\n|turn|14\n|c|\u2606TheMoistFetus|glhf\n|\n|t:|1700330208\n|move|p2a: the honk mimimi|Protect|p2a: the honk mimimi\n|-singleturn|p2a: the honk mimimi|Protect\n|move|p1b: Bobert|Blizzard|p2b: the goat|[spread] p2b\n|-activate|p2a: the honk mimimi|move: Protect\n|-damage|p2b: the goat|7\/100\n|move|p1a: Darwin|Heat Wave|p2b: the goat|[spread] p2b\n|-activate|p2a: the honk mimimi|move: Protect\n|-damage|p2b: the goat|0 fnt\n|faint|p2b: the goat\n|-end|p2b: the goat|Quark Drive|[silent]\n|\n|upkeep\n|turn|15\n|\n|t:|1700330224\n|move|p1b: Bobert|Hydro Pump|p2a: the honk mimimi\n|-damage|p2a: the honk mimimi|36\/100\n|move|p1a: Darwin|Heat Wave|p2a: the honk mimimi\n|-damage|p2a: the honk mimimi|15\/100\n|move|p2a: the honk mimimi|Facade|p1b: Bobert\n|-damage|p1b: Bobert|0 fnt\n|faint|p1b: Bobert\n|-end|p1b: Bobert|Quark Drive|[silent]\n|\n|upkeep\n|turn|16\n|\n|t:|1700330233\n|move|p2a: the honk mimimi|Protect|p2a: the honk mimimi\n|-singleturn|p2a: the honk mimimi|Protect\n|move|p1a: Darwin|Heat Wave|p2a: the honk mimimi\n|-activate|p2a: the honk mimimi|move: Protect\n|\n|upkeep\n|turn|17\n|\n|t:|1700330238\n|move|p1a: Darwin|Heat Wave|p2a: the honk mimimi\n|-damage|p2a: the honk mimimi|0 fnt\n|faint|p2a: the honk mimimi\n|\n|win|TheMoistFetus\n|c|\u2606TheMoistFetus|ggsd\n|l|\u2606kirblaster\n","uploadtime":1700330244,"views":33,"p1id":"themoistfetus","p2id":"kirblaster","formatid":"gen9nationaldexdoubles","rating":0,"private":0,"password":""}