{"id":"gen9nationaldexdoubles-1956668061","p1":"alejando","p2":"SlimeGuy98712","format":"[Gen 9] National Dex Doubles","log":"|j|\u2606alejando\n|j|\u2606SlimeGuy98712\n|t:|1696132995\n|gametype|doubles\n|player|p1|alejando|blue|1000\n|player|p2|SlimeGuy98712|erika|1051\n|teamsize|p1|6\n|teamsize|p2|6\n|gen|9\n|tier|[Gen 9] National Dex Doubles\n|rated|\n|rule|HP Percentage Mod: HP is shown in percentages\n|rule|Endless Battle Clause: Forcing endless battles is banned\n|rule|OHKO Clause: OHKO moves are banned\n|rule|Evasion Moves Clause: Evasion moves are banned\n|rule|Evasion Abilities Clause: Evasion abilities are banned\n|rule|Species Clause: Limit one of each Pok\u00e9mon\n|rule|Gravity Sleep Clause: The combination of sleep-inducing moves with imperfect accuracy and Gravity or Gigantamax Orbeetle are banned\n|clearpoke\n|poke|p1|Jolteon, M|\n|poke|p1|Talonflame, F|\n|poke|p1|Kangaskhan, F|\n|poke|p1|Greninja-*, M|\n|poke|p1|Smeargle, M|\n|poke|p1|Dragonite, F|\n|poke|p2|Araquanid, F|\n|poke|p2|Klefki, F|\n|poke|p2|Maushold|\n|poke|p2|Orthworm, F|\n|poke|p2|Pelipper, M|\n|poke|p2|Wishiwashi, F|\n|teampreview\n|inactive|Battle timer is ON: inactive players will automatically lose when time's up. (requested by alejando)\n|\n|t:|1696133029\n|start\n|switch|p1a: Dragonite|Dragonite, F, shiny|100\/100\n|switch|p1b: Smeargle|Smeargle, M, shiny|100\/100\n|switch|p2a: Klefki|Klefki, F|100\/100\n|switch|p2b: Orthworm|Orthworm, F|100\/100\n|turn|1\n|\n|t:|1696133047\n|move|p1b: Smeargle|Fake Out|p2a: Klefki\n|-resisted|p2a: Klefki\n|-damage|p2a: Klefki|99\/100\n|move|p1a: Dragonite|Dragon Dance|p1a: Dragonite\n|-boost|p1a: Dragonite|atk|1\n|-boost|p1a: Dragonite|spe|1\n|move|p2b: Orthworm|Shed Tail|p2b: Orthworm\n|-start|p2b: Orthworm|Substitute|[from] move: Shed Tail\n|-damage|p2b: Orthworm|50\/100\n|-enditem|p2b: Orthworm|Sitrus Berry|[eat]\n|-heal|p2b: Orthworm|75\/100|[from] item: Sitrus Berry\n|inactive|SlimeGuy98712 has 120 seconds left.\n|\n|t:|1696133073\n|switch|p2b: Araquanid|Araquanid, F, shiny|100\/100|[from] Shed Tail\n|cant|p2a: Klefki|flinch\n|\n|upkeep\n|turn|2\n|inactive|alejando has 120 seconds left.\n|\n|t:|1696133116\n|move|p2b: Araquanid|Protect|p2b: Araquanid\n|-singleturn|p2b: Araquanid|Protect\n|move|p1a: Dragonite|Fire Punch|p2a: Klefki\n|-supereffective|p2a: Klefki\n|-damage|p2a: Klefki|31\/100\n|move|p1b: Smeargle|Spore|p2a: Klefki\n|-status|p2a: Klefki|slp|[from] move: Spore\n|cant|p2a: Klefki|slp\n|\n|upkeep\n|turn|3\n|inactive|alejando has 120 seconds left.\n|\n|t:|1696133137\n|switch|p2a: Pelipper|Pelipper, M|100\/100\n|-weather|RainDance|[from] ability: Drizzle|[of] p2a: Pelipper\n|-terastallize|p2b: Araquanid|Water\n|move|p1a: Dragonite|Dragon Dance|p1a: Dragonite\n|-boost|p1a: Dragonite|atk|1\n|-boost|p1a: Dragonite|spe|1\n|move|p1b: Smeargle|Transform|p1a: Dragonite\n|-transform|p1b: Smeargle|p1a: Dragonite\n|move|p2b: Araquanid|Liquidation|p1a: Dragonite\n|-resisted|p1a: Dragonite\n|-damage|p1a: Dragonite|60\/100\n|-unboost|p1a: Dragonite|def|1\n|\n|-weather|RainDance|[upkeep]\n|upkeep\n|turn|4\n|c|\u2606SlimeGuy98712|ah\n|c|\u2606SlimeGuy98712|i never tauht of that\n|inactive|alejando has 120 seconds left.\n|inactive|SlimeGuy98712 has 120 seconds left.\n|inactive|alejando has 90 seconds left.\n|\n|t:|1696133195\n|move|p1b: Smeargle|Dragon Claw|p2b: Araquanid\n|-end|p2b: Araquanid|Substitute\n|move|p1a: Dragonite|Dragon Claw|p2b: Araquanid\n|-damage|p2b: Araquanid|12\/100\n|move|p2a: Pelipper|Blizzard|p1b: Smeargle|[spread] p1a,p1b\n|-supereffective|p1a: Dragonite\n|-supereffective|p1b: Smeargle\n|-damage|p1a: Dragonite|0 fnt\n|-damage|p1b: Smeargle|45\/100\n|faint|p1a: Dragonite\n|move|p2b: Araquanid|Liquidation|p1b: Smeargle\n|-resisted|p1b: Smeargle\n|-damage|p1b: Smeargle|0 fnt\n|faint|p1b: Smeargle\n|\n|-weather|RainDance|[upkeep]\n|upkeep\n|inactive|alejando has 60 seconds left.\n|\n|t:|1696133241\n|switch|p1b: Jolteon|Jolteon, M|100\/100\n|switch|p1a: Kangaskhan|Kangaskhan, F|100\/100\n|turn|5\n|inactive|SlimeGuy98712 has 120 seconds left.\n|\n|t:|1696133263\n|detailschange|p1a: Kangaskhan|Kangaskhan-Mega, F\n|-mega|p1a: Kangaskhan|Kangaskhan|Kangaskhanite\n|move|p2b: Araquanid|Protect|p2b: Araquanid\n|-singleturn|p2b: Araquanid|Protect\n|move|p1a: Kangaskhan|Fake Out|p2b: Araquanid\n|-activate|p2b: Araquanid|move: Protect\n|move|p1b: Jolteon|Thunderbolt|p2a: Pelipper\n|-supereffective|p2a: Pelipper\n|-damage|p2a: Pelipper|0 fnt\n|faint|p2a: Pelipper\n|-damage|p1b: Jolteon|91\/100|[from] item: Life Orb\n|\n|-weather|RainDance|[upkeep]\n|upkeep\n|inactive|SlimeGuy98712 has 120 seconds left.\n|\n|t:|1696133273\n|switch|p2a: Wishiwashi|Wishiwashi, F, shiny|100\/100\n|-formechange|p2a: Wishiwashi|Wishiwashi-School||[from] ability: Schooling\n|turn|6\n|inactive|alejando has 90 seconds left.\n|\n|t:|1696133297\n|move|p2a: Wishiwashi|Protect|p2a: Wishiwashi\n|-singleturn|p2a: Wishiwashi|Protect\n|move|p1b: Jolteon|Substitute|p1b: Jolteon\n|-start|p1b: Jolteon|Substitute\n|-damage|p1b: Jolteon|66\/100\n|move|p1a: Kangaskhan|Power-Up Punch|p2b: Araquanid\n|-damage|p2b: Araquanid|0 fnt\n|-boost|p1a: Kangaskhan|atk|1\n|faint|p2b: Araquanid\n|-hitcount|p2: Araquanid|1\n|\n|-weather|RainDance|[upkeep]\n|upkeep\n|\n|t:|1696133309\n|switch|p2b: Maushold|Maushold|100\/100\n|turn|7\n|inactive|alejando has 90 seconds left.\n|\n|t:|1696133334\n|move|p2b: Maushold|Follow Me|p2b: Maushold\n|-singleturn|p2b: Maushold|move: Follow Me\n|move|p1b: Jolteon|Thunderbolt|p2b: Maushold\n|-damage|p2b: Maushold|31\/100\n|-damage|p1b: Jolteon|56\/100|[from] item: Life Orb\n|move|p1a: Kangaskhan|Power-Up Punch|p2b: Maushold\n|-supereffective|p2b: Maushold\n|-damage|p2b: Maushold|0 fnt\n|-boost|p1a: Kangaskhan|atk|1\n|faint|p2b: Maushold\n|-hitcount|p2: Maushold|1\n|move|p2a: Wishiwashi|Waterfall|p1b: Jolteon\n|-end|p1b: Jolteon|Substitute\n|\n|-weather|RainDance|[upkeep]\n|upkeep\n|\n|t:|1696133339\n|switch|p2b: Orthworm|Orthworm, F|75\/100\n|turn|8\n|inactive|alejando has 90 seconds left.\n|\n|t:|1696133372\n|move|p1b: Jolteon|Thunderbolt|p2a: Wishiwashi\n|-supereffective|p2a: Wishiwashi\n|-damage|p2a: Wishiwashi|4\/100\n|-damage|p1b: Jolteon|46\/100|[from] item: Life Orb\n|move|p1a: Kangaskhan|Power-Up Punch|p2b: Orthworm\n|-supereffective|p2b: Orthworm\n|-damage|p2b: Orthworm|39\/100\n|-boost|p1a: Kangaskhan|atk|1\n|-supereffective|p2b: Orthworm\n|-damage|p2b: Orthworm|30\/100\n|-boost|p1a: Kangaskhan|atk|1\n|-hitcount|p2b: Orthworm|2\n|move|p2b: Orthworm|Body Press|p1a: Kangaskhan\n|-supereffective|p1a: Kangaskhan\n|-damage|p1a: Kangaskhan|47\/100\n|move|p2a: Wishiwashi|Earthquake|p1b: Jolteon|[spread] p1a,p1b\n|-heal|p2b: Orthworm|54\/100|[from] ability: Earth Eater|[of] p2a: Wishiwashi\n|-supereffective|p1b: Jolteon\n|-damage|p1a: Kangaskhan|22\/100\n|-damage|p1b: Jolteon|0 fnt\n|faint|p1b: Jolteon\n|\n|-weather|RainDance|[upkeep]\n|-heal|p2a: Wishiwashi|10\/100|[from] item: Leftovers\n|-formechange|p2a: Wishiwashi|Wishiwashi||[from] ability: Schooling\n|upkeep\n|inactive|alejando has 90 seconds left.\n|\n|t:|1696133402\n|switch|p1b: Greninja|Greninja, M|100\/100\n|turn|9\n|inactive|alejando has 60 seconds left.\n|inactive|SlimeGuy98712 has 120 seconds left.\n|\n|t:|1696133445\n|move|p1b: Greninja|Dark Pulse|p2a: Wishiwashi\n|-damage|p2a: Wishiwashi|0 fnt\n|faint|p2a: Wishiwashi\n|-ability|p1b: Greninja|Battle Bond|boost\n|-boost|p1b: Greninja|atk|1\n|-boost|p1b: Greninja|spa|1\n|-boost|p1b: Greninja|spe|1\n|-activate|p1b: Greninja|ability: Battle Bond\n|move|p1a: Kangaskhan|Power-Up Punch|p2b: Orthworm\n|-supereffective|p2b: Orthworm\n|-crit|p2b: Orthworm\n|-damage|p2b: Orthworm|0 fnt\n|-boost|p1a: Kangaskhan|atk|1\n|faint|p2b: Orthworm\n|-hitcount|p2: Orthworm|1\n|\n|-weather|RainDance|[upkeep]\n|upkeep\n|inactive|SlimeGuy98712 has 120 seconds left.\n|inactive|SlimeGuy98712 has 90 seconds left.\n|-message|SlimeGuy98712 forfeited.\n|\n|win|alejando\n|raw|alejando's rating: 1000 &rarr; <strong>1046<\/strong><br \/>(+46 for winning)\n|raw|SlimeGuy98712's rating: 1051 &rarr; <strong>1031<\/strong><br \/>(-20 for losing)\n|l|\u2606SlimeGuy98712\n","uploadtime":1696133553,"views":6,"p1id":"alejando","p2id":"slimeguy98712","formatid":"gen9nationaldexdoubles","rating":1031,"private":0,"password":""}