{"id":"gen9nationaldexdoubles-1997276536","p1":"The Frosty Glitch","p2":"pommni","format":"[Gen 9] National Dex Doubles","log":"|j|\u2606The Frosty Glitch\n|j|\u2606pommni\n|t:|1700783572\n|gametype|doubles\n|player|p1|The Frosty Glitch|marlon|1000\n|player|p2|pommni|brycenman|1060\n|teamsize|p1|6\n|teamsize|p2|6\n|gen|9\n|tier|[Gen 9] National Dex Doubles\n|rated|\n|rule|HP Percentage Mod: HP is shown in percentages\n|rule|Endless Battle Clause: Forcing endless battles is banned\n|rule|OHKO Clause: OHKO moves are banned\n|rule|Evasion Moves Clause: Evasion moves are banned\n|rule|Evasion Abilities Clause: Evasion abilities are banned\n|rule|Species Clause: Limit one of each Pok\u00e9mon\n|rule|Gravity Sleep Clause: The combination of sleep-inducing moves with imperfect accuracy and Gravity or Gigantamax Orbeetle are banned\n|clearpoke\n|poke|p1|Meowscarada, M|\n|poke|p1|Slowbro, M|\n|poke|p1|Azelf|\n|poke|p1|Sinistcha-Masterpiece|\n|poke|p1|Scream Tail|\n|poke|p1|Hatterene, F|\n|poke|p2|Incineroar, M|\n|poke|p2|Charizard, M|\n|poke|p2|Venusaur, F|\n|poke|p2|Greninja-*, F|\n|poke|p2|Torterra, M|\n|poke|p2|Quaquaval, M|\n|teampreview\n|inactive|Battle timer is ON: inactive players will automatically lose when time's up. (requested by The Frosty Glitch)\n|\n|t:|1700783585\n|start\n|switch|p1a: Meowscarada|Meowscarada, M|100\/100\n|switch|p1b: Slowbro|Slowbro, M|100\/100\n|switch|p2a: Charizard|Charizard, M|100\/100\n|switch|p2b: Venusaur|Venusaur, F|100\/100\n|turn|1\n|\n|t:|1700783595\n|detailschange|p2a: Charizard|Charizard-Mega-Y, M\n|-mega|p2a: Charizard|Charizard|Charizardite Y\n|-weather|SunnyDay|[from] ability: Drought|[of] p2a: Charizard\n|move|p2b: Venusaur|Sleep Powder|p1b: Slowbro\n|-status|p1b: Slowbro|slp|[from] move: Sleep Powder\n|move|p2a: Charizard|Tailwind|p2a: Charizard\n|-sidestart|p2: pommni|move: Tailwind\n|cant|p1b: Slowbro|slp\n|move|p1a: Meowscarada|Trick Room|p1a: Meowscarada\n|-start|p1a: Meowscarada|typechange|Psychic|[from] ability: Protean\n|-fieldstart|move: Trick Room|[of] p1a: Meowscarada\n|\n|-weather|SunnyDay|[upkeep]\n|upkeep\n|turn|2\n|\n|t:|1700783611\n|switch|p2a: Incineroar|Incineroar, M|100\/100\n|-ability|p2a: Incineroar|Intimidate|boost\n|-unboost|p1a: Meowscarada|atk|1\n|-fail|p1b: Slowbro|unboost|Attack|[from] ability: Oblivious|[of] p1b: Slowbro\n|-terastallize|p2b: Venusaur|Water\n|-curestatus|p1b: Slowbro|slp|[msg]\n|move|p1b: Slowbro|Calm Mind|p1b: Slowbro\n|-boost|p1b: Slowbro|spa|1\n|-boost|p1b: Slowbro|spd|1\n|move|p1a: Meowscarada|Play Rough|p2b: Venusaur\n|-damage|p2b: Venusaur|75\/100\n|move|p2b: Venusaur|Sleep Powder|p1a: Meowscarada\n|-status|p1a: Meowscarada|slp|[from] move: Sleep Powder\n|\n|-weather|SunnyDay|[upkeep]\n|upkeep\n|turn|3\n|\n|t:|1700783624\n|move|p2a: Incineroar|Fake Out|p1b: Slowbro\n|-damage|p1b: Slowbro|90\/100\n|cant|p1b: Slowbro|flinch\n|cant|p1a: Meowscarada|slp\n|move|p2b: Venusaur|Sleep Powder|p1b: Slowbro\n|-status|p1b: Slowbro|slp|[from] move: Sleep Powder\n|\n|-weather|SunnyDay|[upkeep]\n|upkeep\n|turn|4\n|\n|t:|1700783646\n|switch|p2b: Greninja|Greninja, F, shiny|100\/100\n|cant|p1b: Slowbro|slp\n|-curestatus|p1a: Meowscarada|slp|[msg]\n|move|p1a: Meowscarada|Play Rough|p2a: Incineroar\n|-damage|p2a: Incineroar|80\/100\n|move|p2a: Incineroar|Darkest Lariat|p1b: Slowbro\n|-supereffective|p1b: Slowbro\n|-crit|p1b: Slowbro\n|-damage|p1b: Slowbro|0 fnt\n|faint|p1b: Slowbro\n|\n|-weather|SunnyDay|[upkeep]\n|-sideend|p2: pommni|move: Tailwind\n|upkeep\n|\n|t:|1700783652\n|switch|p1b: Sinistcha|Sinistcha-Masterpiece|100\/100\n|turn|5\n|\n|t:|1700783663\n|move|p2b: Greninja|Shadow Sneak|p1a: Meowscarada\n|-start|p2b: Greninja|typechange|Ghost|[from] ability: Protean\n|-supereffective|p1a: Meowscarada\n|-damage|p1a: Meowscarada|70\/100\n|move|p1b: Sinistcha|Matcha Gotcha|p2b: Greninja|[spread] p2b\n|-miss|p1b: Sinistcha|p2a: Incineroar\n|-damage|p2b: Greninja|51\/100\n|move|p2a: Incineroar|Flare Blitz|p1b: Sinistcha\n|-supereffective|p1b: Sinistcha\n|-damage|p1b: Sinistcha|9\/100\n|-damage|p2a: Incineroar|54\/100|[from] Recoil\n|move|p1a: Meowscarada|Play Rough|p2a: Incineroar\n|-damage|p2a: Incineroar|33\/100\n|-unboost|p2a: Incineroar|atk|1\n|-enditem|p2a: Incineroar|Sitrus Berry|[eat]\n|-heal|p2a: Incineroar|58\/100|[from] item: Sitrus Berry\n|\n|-weather|none\n|-fieldend|move: Trick Room\n|upkeep\n|turn|6\n|inactive|The Frosty Glitch has 120 seconds left.\n|\n|t:|1700783698\n|move|p2b: Greninja|Shadow Sneak|p1b: Sinistcha\n|-supereffective|p1b: Sinistcha\n|-damage|p1b: Sinistcha|0 fnt\n|faint|p1b: Sinistcha\n|move|p1a: Meowscarada|Play Rough|p2a: Incineroar\n|-crit|p2a: Incineroar\n|-damage|p2a: Incineroar|15\/100\n|move|p2a: Incineroar|Darkest Lariat|p1a: Meowscarada\n|-supereffective|p1a: Meowscarada\n|-damage|p1a: Meowscarada|0 fnt\n|faint|p1a: Meowscarada\n|\n|upkeep\n|inactive|The Frosty Glitch has 120 seconds left.\n|\n|t:|1700783703\n|switch|p1a: Azelf|Azelf|100\/100\n|switch|p1b: Scream Tail|Scream Tail|100\/100\n|turn|7\n|\n|t:|1700783718\n|move|p2b: Greninja|Shadow Sneak|p1a: Azelf\n|-supereffective|p1a: Azelf\n|-damage|p1a: Azelf|61\/100\n|move|p1b: Scream Tail|Dazzling Gleam|p2a: Incineroar|[spread] p2a,p2b\n|-damage|p2a: Incineroar|0 fnt\n|-damage|p2b: Greninja|19\/100\n|faint|p2a: Incineroar\n|move|p1a: Azelf|Trick Room|p1a: Azelf\n|-fieldstart|move: Trick Room|[of] p1a: Azelf\n|\n|upkeep\n|\n|t:|1700783730\n|switch|p2a: Torterra|Torterra, M|100\/100\n|turn|8\n|\n|t:|1700783741\n|move|p2a: Torterra|Protect|p2a: Torterra\n|-singleturn|p2a: Torterra|Protect\n|move|p2b: Greninja|Shadow Sneak|p1a: Azelf\n|-supereffective|p1a: Azelf\n|-crit|p1a: Azelf\n|-damage|p1a: Azelf|9\/100\n|move|p1b: Scream Tail|Dazzling Gleam|p2b: Greninja|[spread] p2b\n|-activate|p2a: Torterra|move: Protect\n|-damage|p2b: Greninja|0 fnt\n|faint|p2b: Greninja\n|move|p1a: Azelf|Flamethrower|p2a: Torterra\n|-activate|p2a: Torterra|move: Protect\n|\n|upkeep\n|\n|t:|1700783755\n|switch|p2b: Quaquaval|Quaquaval, M|100\/100\n|turn|9\n|\n|t:|1700783763\n|move|p2b: Quaquaval|Detect|p2b: Quaquaval\n|-singleturn|p2b: Quaquaval|Protect\n|move|p2a: Torterra|Rock Blast|p1a: Azelf\n|-damage|p1a: Azelf|0 fnt\n|faint|p1a: Azelf\n|-hitcount|p1: Azelf|1\n|move|p1b: Scream Tail|Dazzling Gleam|p2a: Torterra|[spread] p2a\n|-activate|p2b: Quaquaval|move: Protect\n|-damage|p2a: Torterra|80\/100\n|\n|upkeep\n|\n|t:|1700783767\n|switch|p1a: Hatterene|Hatterene, F|100\/100\n|turn|10\n|\n|t:|1700783776\n|move|p1a: Hatterene|Dazzling Gleam|p2b: Quaquaval|[spread] p2a,p2b\n|-supereffective|p2b: Quaquaval\n|-damage|p2a: Torterra|43\/100\n|-damage|p2b: Quaquaval|10\/100\n|move|p2a: Torterra|Headlong Rush|p1a: Hatterene\n|-damage|p1a: Hatterene|35\/100\n|-unboost|p2a: Torterra|def|1\n|-unboost|p2a: Torterra|spd|1\n|move|p2b: Quaquaval|Aqua Step|p1a: Hatterene\n|-damage|p1a: Hatterene|0 fnt\n|-boost|p2b: Quaquaval|spe|1\n|faint|p1a: Hatterene\n|-ability|p2b: Quaquaval|Moxie|boost\n|-boost|p2b: Quaquaval|atk|1\n|-damage|p2b: Quaquaval|0 fnt|[from] item: Life Orb\n|faint|p2b: Quaquaval\n|move|p1b: Scream Tail|Dazzling Gleam|p2a: Torterra\n|-damage|p2a: Torterra|5\/100\n|\n|upkeep\n|\n|t:|1700783780\n|switch|p2b: Charizard|Charizard-Mega-Y, M|100\/100\n|-weather|SunnyDay|[from] ability: Drought|[of] p2b: Charizard\n|-activate|p1b: Scream Tail|ability: Protosynthesis\n|-start|p1b: Scream Tail|protosynthesisspe\n|turn|11\n|\n|t:|1700783808\n|move|p2b: Charizard|Protect|p2b: Charizard\n|-singleturn|p2b: Charizard|Protect\n|move|p2a: Torterra|Headlong Rush|p1b: Scream Tail\n|-damage|p1b: Scream Tail|40\/100\n|-unboost|p2a: Torterra|def|1\n|-unboost|p2a: Torterra|spd|1\n|move|p1b: Scream Tail|Dazzling Gleam|p2a: Torterra|[spread] p2a\n|-activate|p2b: Charizard|move: Protect\n|-damage|p2a: Torterra|0 fnt\n|faint|p2a: Torterra\n|\n|-weather|SunnyDay|[upkeep]\n|-fieldend|move: Trick Room\n|upkeep\n|\n|t:|1700783813\n|switch|p2a: Venusaur|Venusaur, F, tera:Water|75\/100\n|turn|12\n|\n|t:|1700783820\n|move|p2a: Venusaur|Sleep Powder|p1b: Scream Tail\n|-status|p1b: Scream Tail|slp|[from] move: Sleep Powder\n|cant|p1b: Scream Tail|slp\n|move|p2b: Charizard|Overheat|p1b: Scream Tail\n|-damage|p1b: Scream Tail|0 fnt\n|-unboost|p2b: Charizard|spa|2\n|faint|p1b: Scream Tail\n|-end|p1b: Scream Tail|Protosynthesis|[silent]\n|\n|win|pommni\n|raw|The Frosty Glitch's rating: 1000 &rarr; <strong>1000<\/strong><br \/>(+0 for losing)\n|raw|pommni's rating: 1060 &rarr; <strong>1086<\/strong><br \/>(+26 for winning)\n","uploadtime":1700783827,"views":0,"p1id":"thefrostyglitch","p2id":"pommni","formatid":"gen9nationaldexdoubles","rating":1000,"private":0,"password":""}