{"id":"gen9nationaldexdoubles-1991585047","p1":"DudunsparceBoi","p2":"Delreynan","format":"[Gen 9] National Dex Doubles","log":"|j|\u2606DudunsparceBoi\n|j|\u2606Delreynan\n|t:|1700091096\n|gametype|doubles\n|player|p1|DudunsparceBoi|gardenia|1024\n|player|p2|Delreynan|cynthia-gen4|1081\n|teamsize|p1|6\n|teamsize|p2|6\n|gen|9\n|tier|[Gen 9] National Dex Doubles\n|rated|\n|rule|HP Percentage Mod: HP is shown in percentages\n|rule|Endless Battle Clause: Forcing endless battles is banned\n|rule|OHKO Clause: OHKO moves are banned\n|rule|Evasion Moves Clause: Evasion moves are banned\n|rule|Evasion Abilities Clause: Evasion abilities are banned\n|rule|Species Clause: Limit one of each Pok\u00e9mon\n|rule|Gravity Sleep Clause: The combination of sleep-inducing moves with imperfect accuracy and Gravity or Gigantamax Orbeetle are banned\n|clearpoke\n|poke|p1|Meowscarada, F|\n|poke|p1|Centiskorch, M|\n|poke|p1|Dudunsparce-*, M|\n|poke|p1|Dragalge, M|\n|poke|p1|Emolga, M|\n|poke|p1|Bastiodon, M|\n|poke|p2|Arcanine, M|\n|poke|p2|Dachsbun, M|\n|poke|p2|Houndoom, M|\n|poke|p2|Stoutland, M|\n|poke|p2|Okidogi, M|\n|poke|p2|Houndstone, F|\n|teampreview\n|inactive|Battle timer is ON: inactive players will automatically lose when time's up. (requested by Delreynan)\n|\n|t:|1700091118\n|start\n|switch|p1a: Dragalge|Dragalge, M|100\/100\n|switch|p1b: Bastiodon|Bastiodon, M|100\/100\n|switch|p2a: Idoso|Stoutland, M|100\/100\n|switch|p2b: Kshorro|Arcanine, M|100\/100\n|-ability|p2a: Idoso|Intimidate|boost\n|-unboost|p1a: Dragalge|atk|1\n|-unboost|p1b: Bastiodon|atk|1\n|-ability|p2b: Kshorro|Intimidate|boost\n|-unboost|p1a: Dragalge|atk|1\n|-unboost|p1b: Bastiodon|atk|1\n|turn|1\n|\n|t:|1700091134\n|switch|p2b: Cachorro satanista|Houndoom, M|100\/100\n|-ability|p2b: Cachorro satanista|Unnerve\n|move|p2a: Idoso|Superpower|p1b: Bastiodon\n|-supereffective|p1b: Bastiodon\n|-ability|p1b: Bastiodon|Sturdy\n|-damage|p1b: Bastiodon|1\/100\n|-unboost|p2a: Idoso|atk|1\n|-unboost|p2a: Idoso|def|1\n|-damage|p2a: Idoso|84\/100|[from] item: Rocky Helmet|[of] p1b: Bastiodon\n|move|p1a: Dragalge|Haze|p1a: Dragalge\n|-clearallboost\n|move|p1b: Bastiodon|Rock Slide|p2b: Cachorro satanista|[spread] p2a\n|-miss|p1b: Bastiodon|p2b: Cachorro satanista\n|-damage|p2a: Idoso|63\/100\n|\n|upkeep\n|turn|2\n|\n|t:|1700091160\n|detailschange|p2b: Cachorro satanista|Houndoom-Mega, M\n|-mega|p2b: Cachorro satanista|Houndoom|Houndoominite\n|move|p1b: Bastiodon|Protect|p1b: Bastiodon\n|-singleturn|p1b: Bastiodon|Protect\n|move|p2b: Cachorro satanista|Dark Pulse|p1b: Bastiodon\n|-activate|p1b: Bastiodon|move: Protect\n|move|p2a: Idoso|Thunder Wave|p1a: Dragalge\n|-status|p1a: Dragalge|par\n|move|p1a: Dragalge|Surf|p2a: Idoso|[spread] p2a,p2b\n|-activate|p1b: Bastiodon|move: Protect\n|-supereffective|p2b: Cachorro satanista\n|-damage|p2a: Idoso|36\/100\n|-damage|p2b: Cachorro satanista|45\/100\n|\n|upkeep\n|turn|3\n|\n|t:|1700091182\n|move|p2b: Cachorro satanista|Destiny Bond|p2b: Cachorro satanista\n|-singlemove|p2b: Cachorro satanista|Destiny Bond\n|move|p2a: Idoso|Crunch|p1b: Bastiodon\n|-damage|p1b: Bastiodon|0 fnt\n|-damage|p2a: Idoso|20\/100|[from] item: Rocky Helmet|[of] p1b: Bastiodon\n|faint|p1b: Bastiodon\n|move|p1a: Dragalge|Surf|p2a: Idoso|[spread] p2a,p2b\n|-supereffective|p2b: Cachorro satanista\n|-damage|p2a: Idoso|0 fnt\n|-damage|p2b: Cachorro satanista|0 fnt\n|faint|p2a: Idoso\n|faint|p2b: Cachorro satanista\n|-activate|p2b: Cachorro satanista|move: Destiny Bond\n|faint|p1a: Dragalge\n|\n|upkeep\n|\n|t:|1700091207\n|switch|p2b: Kshorro|Arcanine, M|100\/100\n|switch|p2a: Falecido|Houndstone, F|100\/100\n|switch|p1a: Emolga|Emolga, M|100\/100\n|switch|p1b: Dudunsparce|Dudunsparce-Three-Segment, M|100\/100\n|-ability|p2b: Kshorro|Intimidate|boost\n|-unboost|p1a: Emolga|atk|1\n|-unboost|p1b: Dudunsparce|atk|1\n|turn|4\n|\n|t:|1700091225\n|switch|p2b: Tostadinho|Dachsbun, M|100\/100\n|move|p1a: Emolga|Tailwind|p1a: Emolga\n|-sidestart|p1: DudunsparceBoi|move: Tailwind\n|move|p1b: Dudunsparce|Earthquake|p2b: Tostadinho|[spread] p2a,p2b\n|-immune|p1a: Emolga\n|-damage|p2a: Falecido|89\/100\n|-damage|p2b: Tostadinho|88\/100\n|move|p2a: Falecido|Last Respects|p1a: Emolga\n|-enditem|p1a: Emolga|Focus Sash\n|-damage|p1a: Emolga|1\/100\n|\n|-heal|p2b: Tostadinho|94\/100|[from] item: Leftovers\n|-heal|p2a: Falecido|95\/100|[from] item: Leftovers\n|upkeep\n|turn|5\n|\n|t:|1700091252\n|move|p1a: Emolga|Nuzzle|p2a: Falecido\n|-damage|p2a: Falecido|93\/100\n|-status|p2a: Falecido|par\n|move|p1b: Dudunsparce|Hyper Drill|p2b: Tostadinho\n|-damage|p2b: Tostadinho|71\/100\n|move|p2b: Tostadinho|Body Press|p1a: Emolga\n|-resisted|p1a: Emolga\n|-damage|p1a: Emolga|0 fnt\n|faint|p1a: Emolga\n|cant|p2a: Falecido|par\n|\n|-heal|p2b: Tostadinho|77\/100|[from] item: Leftovers\n|-heal|p2a: Falecido|99\/100 par|[from] item: Leftovers\n|upkeep\n|inactive|DudunsparceBoi has 120 seconds left.\n|\n|t:|1700091268\n|switch|p1a: Centiskorch|Centiskorch, M|100\/100\n|turn|6\n|\n|t:|1700091281\n|move|p1a: Centiskorch|Fire Lash|p2a: Falecido\n|-damage|p2a: Falecido|64\/100 par\n|-unboost|p2a: Falecido|def|1\n|move|p1b: Dudunsparce|Coil|p1b: Dudunsparce\n|-boost|p1b: Dudunsparce|atk|1\n|-boost|p1b: Dudunsparce|def|1\n|-boost|p1b: Dudunsparce|accuracy|1\n|move|p2b: Tostadinho|Yawn|p1b: Dudunsparce\n|-start|p1b: Dudunsparce|move: Yawn|[of] p2b: Tostadinho\n|move|p2a: Falecido|Last Respects|p1a: Centiskorch\n|-damage|p1a: Centiskorch|6\/100\n|\n|-heal|p2b: Tostadinho|84\/100|[from] item: Leftovers\n|-heal|p2a: Falecido|70\/100 par|[from] item: Leftovers\n|upkeep\n|turn|7\n|inactive|DudunsparceBoi has 120 seconds left.\n|\n|t:|1700091312\n|move|p1a: Centiskorch|Power Whip|p2a: Falecido\n|-damage|p2a: Falecido|43\/100 par\n|move|p1b: Dudunsparce|Hyper Drill|p2b: Tostadinho\n|-damage|p2b: Tostadinho|47\/100\n|move|p2b: Tostadinho|Body Press|p1b: Dudunsparce\n|-supereffective|p1b: Dudunsparce\n|-damage|p1b: Dudunsparce|73\/100\n|move|p2a: Falecido|Play Rough|p1a: Centiskorch\n|-resisted|p1a: Centiskorch\n|-damage|p1a: Centiskorch|0 fnt\n|faint|p1a: Centiskorch\n|\n|-heal|p2b: Tostadinho|53\/100|[from] item: Leftovers\n|-heal|p2a: Falecido|49\/100 par|[from] item: Leftovers\n|-end|p1b: Dudunsparce|move: Yawn|[silent]\n|-status|p1b: Dudunsparce|slp\n|-sideend|p1: DudunsparceBoi|move: Tailwind\n|upkeep\n|inactive|DudunsparceBoi has 120 seconds left.\n|\n|t:|1700091328\n|switch|p1a: Meowscarada|Meowscarada, F, shiny|100\/100\n|turn|8\n|\n|t:|1700091341\n|move|p1a: Meowscarada|Foul Play|p2a: Falecido\n|-supereffective|p2a: Falecido\n|-damage|p2a: Falecido|0 fnt\n|faint|p2a: Falecido\n|move|p2b: Tostadinho|Yawn|p1a: Meowscarada\n|-start|p1a: Meowscarada|move: Yawn|[of] p2b: Tostadinho\n|cant|p1b: Dudunsparce|slp\n|\n|-heal|p2b: Tostadinho|59\/100|[from] item: Leftovers\n|upkeep\n|\n|t:|1700091353\n|switch|p2a: Kshorro|Arcanine, M|100\/100\n|-ability|p2a: Kshorro|Intimidate|boost\n|-unboost|p1a: Meowscarada|atk|1\n|-unboost|p1b: Dudunsparce|atk|1\n|turn|9\n|\n|t:|1700091373\n|move|p1a: Meowscarada|Foul Play|p2a: Kshorro\n|-damage|p2a: Kshorro|51\/100\n|move|p2a: Kshorro|Flare Blitz|p1a: Meowscarada\n|-supereffective|p1a: Meowscarada\n|-crit|p1a: Meowscarada\n|-damage|p1a: Meowscarada|0 fnt\n|faint|p1a: Meowscarada\n|-damage|p2a: Kshorro|26\/100|[from] Recoil\n|move|p2b: Tostadinho|Wish|p2b: Tostadinho\n|cant|p1b: Dudunsparce|slp\n|\n|-heal|p2b: Tostadinho|66\/100|[from] item: Leftovers\n|upkeep\n|turn|10\n|\n|t:|1700091389\n|move|p2a: Kshorro|Flare Blitz|p2b: Tostadinho\n|-ability|p2b: Tostadinho|Well-Baked Body|boost\n|-boost|p2b: Tostadinho|def|2\n|move|p2b: Tostadinho|Body Press|p1b: Dudunsparce\n|-supereffective|p1b: Dudunsparce\n|-damage|p1b: Dudunsparce|16\/100 slp\n|-curestatus|p1b: Dudunsparce|slp|[msg]\n|move|p1b: Dudunsparce|Hyper Drill|p2b: Tostadinho\n|-damage|p2b: Tostadinho|52\/100\n|-heal|p1b: Dudunsparce|17\/100|[from] item: Shell Bell|[of] p2b: Tostadinho\n|\n|-heal|p2b: Tostadinho|100\/100|[from] move: Wish|[wisher] Tostadinho\n|upkeep\n|turn|11\n|\n|t:|1700091407\n|-terastallize|p2b: Tostadinho|Steel\n|move|p2a: Kshorro|Flare Blitz|p2b: Tostadinho\n|-ability|p2b: Tostadinho|Well-Baked Body|boost\n|-boost|p2b: Tostadinho|def|2\n|move|p2b: Tostadinho|Body Press|p1b: Dudunsparce\n|-supereffective|p1b: Dudunsparce\n|-damage|p1b: Dudunsparce|0 fnt\n|faint|p1b: Dudunsparce\n|\n|win|Delreynan\n|raw|DudunsparceBoi's rating: 1024 &rarr; <strong>1013<\/strong><br \/>(-11 for losing)\n|raw|Delreynan's rating: 1081 &rarr; <strong>1104<\/strong><br \/>(+23 for winning)\n","uploadtime":1700091419,"views":5,"p1id":"dudunsparceboi","p2id":"delreynan","formatid":"gen9nationaldexdoubles","rating":1013,"private":0,"password":""}