{"id":"gen9nationaldexdoubles-1954145137","p1":"BugCatcherJameson","p2":"Specific360","format":"[Gen 9] National Dex Doubles","log":"|j|\u2606BugCatcherJameson\n|j|\u2606Specific360\n|t:|1695858425\n|gametype|doubles\n|player|p1|BugCatcherJameson|bugsy|\n|player|p2|Specific360|veteran|\n|teamsize|p1|6\n|teamsize|p2|6\n|gen|9\n|tier|[Gen 9] National Dex Doubles\n|rule|HP Percentage Mod: HP is shown in percentages\n|rule|Endless Battle Clause: Forcing endless battles is banned\n|rule|OHKO Clause: OHKO moves are banned\n|rule|Evasion Moves Clause: Evasion moves are banned\n|rule|Evasion Abilities Clause: Evasion abilities are banned\n|rule|Species Clause: Limit one of each Pok\u00e9mon\n|rule|Gravity Sleep Clause: The combination of sleep-inducing moves with imperfect accuracy and Gravity or Gigantamax Orbeetle are banned\n|clearpoke\n|poke|p1|Volcarona, M|\n|poke|p1|Oricorio-Pom-Pom, M|\n|poke|p1|Bellossom, F|\n|poke|p1|Quaquaval, M|\n|poke|p1|Maushold-Four|\n|poke|p1|Kommo-o, M|\n|poke|p2|Nihilego|\n|poke|p2|Corviknight, M|\n|poke|p2|Vikavolt, M|\n|poke|p2|Gliscor, M|\n|poke|p2|Chandelure, F|\n|poke|p2|Hatterene, F|\n|teampreview\n|j| ChronoTrigonometry\n|j| AustralianJesus\n|\n|t:|1695858548\n|start\n|switch|p1a: Carnival|Quaquaval, M|100\/100\n|switch|p1b: Takes 2 to Tango|Maushold-Four|100\/100\n|switch|p2a: Vlad|Chandelure, F, shiny|100\/100\n|switch|p2b: Yaga|Hatterene, F, shiny|100\/100\n|turn|1\n|\n|t:|1695858626\n|move|p1b: Takes 2 to Tango|Encore|p2b: Yaga\n|move|p2b: Yaga|Encore||[from]ability: Magic Bounce|[still]\n|-fail|p2b: Yaga\n|move|p1a: Carnival|Aqua Step|p2b: Yaga\n|-damage|p2b: Yaga|58\/100\n|-boost|p1a: Carnival|spe|1\n|move|p2b: Yaga|Reflect|p2b: Yaga\n|-sidestart|p2: Specific360|Reflect\n|move|p2a: Vlad|Trick Room|p2a: Vlad\n|-fieldstart|move: Trick Room|[of] p2a: Vlad\n|\n|-heal|p2b: Yaga|64\/100|[from] item: Leftovers\n|upkeep\n|turn|2\n|\n|t:|1695858695\n|move|p2b: Yaga|Giga Drain|p1a: Carnival\n|-supereffective|p1a: Carnival\n|-damage|p1a: Carnival|51\/100\n|-heal|p2b: Yaga|88\/100|[from] drain|[of] p1a: Carnival\n|move|p2a: Vlad|Flamethrower|p1b: Takes 2 to Tango\n|-damage|p1b: Takes 2 to Tango|24\/100\n|move|p1b: Takes 2 to Tango|Bullet Seed|p2b: Yaga\n|-damage|p2b: Yaga|83\/100\n|-damage|p2b: Yaga|78\/100\n|-damage|p2b: Yaga|73\/100\n|-hitcount|p2b: Yaga|3\n|move|p1a: Carnival|Aqua Step|p2b: Yaga\n|-damage|p2b: Yaga|41\/100\n|-boost|p1a: Carnival|spe|1\n|\n|-heal|p2b: Yaga|47\/100|[from] item: Leftovers\n|upkeep\n|turn|3\n|\n|t:|1695858740\n|switch|p1a: Hula|Bellossom, F, shiny|100\/100\n|move|p2b: Yaga|Giga Drain|p1a: Hula\n|-resisted|p1a: Hula\n|-damage|p1a: Hula|92\/100\n|-heal|p2b: Yaga|51\/100|[from] drain|[of] p1a: Hula\n|move|p2a: Vlad|Flamethrower|p1b: Takes 2 to Tango\n|-damage|p1b: Takes 2 to Tango|0 fnt\n|faint|p1b: Takes 2 to Tango\n|\n|-heal|p2b: Yaga|57\/100|[from] item: Leftovers\n|upkeep\n|\n|t:|1695858759\n|switch|p1b: Carnival|Quaquaval, M|51\/100\n|turn|4\n|\n|t:|1695858795\n|-terastallize|p2a: Vlad|Grass\n|move|p2b: Yaga|Dazzling Gleam|p1b: Carnival|[spread] p1a,p1b\n|-supereffective|p1b: Carnival\n|-damage|p1a: Hula|68\/100\n|-damage|p1b: Carnival|0 fnt\n|faint|p1b: Carnival\n|move|p2a: Vlad|Flamethrower|p1a: Hula\n|-supereffective|p1a: Hula\n|-damage|p1a: Hula|0 fnt\n|faint|p1a: Hula\n|\n|-heal|p2b: Yaga|63\/100|[from] item: Leftovers\n|upkeep\n|\n|t:|1695858814\n|switch|p1a: My Bologna|Volcarona, M|100\/100\n|switch|p1b: \u30c1\u30a2\u30ea\u30fc\u30c0\u30fc|Oricorio-Pom-Pom, M|100\/100\n|turn|5\n|\n|t:|1695858833\n|move|p1b: \u30c1\u30a2\u30ea\u30fc\u30c0\u30fc|Protect|p1b: \u30c1\u30a2\u30ea\u30fc\u30c0\u30fc\n|-singleturn|p1b: \u30c1\u30a2\u30ea\u30fc\u30c0\u30fc|Protect\n|move|p2b: Yaga|Dazzling Gleam|p1a: My Bologna|[spread] p1a\n|-activate|p1b: \u30c1\u30a2\u30ea\u30fc\u30c0\u30fc|move: Protect\n|-resisted|p1a: My Bologna\n|-damage|p1a: My Bologna|85\/100\n|move|p2a: Vlad|Flamethrower|p1b: \u30c1\u30a2\u30ea\u30fc\u30c0\u30fc\n|-activate|p1b: \u30c1\u30a2\u30ea\u30fc\u30c0\u30fc|move: Protect\n|move|p1a: My Bologna|Quiver Dance|p1a: My Bologna\n|-boost|p1a: My Bologna|spa|1\n|-boost|p1a: My Bologna|spd|1\n|-boost|p1a: My Bologna|spe|1\n|-activate|p1b: \u30c1\u30a2\u30ea\u30fc\u30c0\u30fc|ability: Dancer\n|move|p1b: \u30c1\u30a2\u30ea\u30fc\u30c0\u30fc|Quiver Dance|p1b: \u30c1\u30a2\u30ea\u30fc\u30c0\u30fc|[from]ability: Dancer\n|-boost|p1b: \u30c1\u30a2\u30ea\u30fc\u30c0\u30fc|spa|1\n|-boost|p1b: \u30c1\u30a2\u30ea\u30fc\u30c0\u30fc|spd|1\n|-boost|p1b: \u30c1\u30a2\u30ea\u30fc\u30c0\u30fc|spe|1\n|\n|-heal|p2b: Yaga|69\/100|[from] item: Leftovers\n|-heal|p1a: My Bologna|91\/100|[from] item: Leftovers\n|-sideend|p2: Specific360|Reflect\n|-fieldend|move: Trick Room\n|upkeep\n|turn|6\n|\n|t:|1695858893\n|move|p2a: Vlad|Protect|p2a: Vlad\n|-singleturn|p2a: Vlad|Protect\n|move|p1a: My Bologna|Fiery Dance|p2b: Yaga\n|-damage|p2b: Yaga|21\/100\n|-boost|p1a: My Bologna|spa|1\n|-activate|p1b: \u30c1\u30a2\u30ea\u30fc\u30c0\u30fc|ability: Dancer\n|move|p1b: \u30c1\u30a2\u30ea\u30fc\u30c0\u30fc|Fiery Dance|p2b: Yaga|[from]ability: Dancer\n|-damage|p2b: Yaga|0 fnt\n|-boost|p1b: \u30c1\u30a2\u30ea\u30fc\u30c0\u30fc|spa|1\n|faint|p2b: Yaga\n|move|p1b: \u30c1\u30a2\u30ea\u30fc\u30c0\u30fc|Air Cutter|p2a: Vlad\n|-activate|p2a: Vlad|move: Protect\n|\n|-heal|p1a: My Bologna|98\/100|[from] item: Leftovers\n|upkeep\n|\n|t:|1695858918\n|switch|p2b: Not-Lillie|Nihilego|100\/100\n|-item|p2b: Not-Lillie|Air Balloon\n|turn|7\n|\n|t:|1695858950\n|-terastallize|p1a: My Bologna|Flying\n|move|p1a: My Bologna|Air Slash|p2a: Vlad\n|-supereffective|p2a: Vlad\n|-enditem|p2a: Vlad|Focus Sash\n|-damage|p2a: Vlad|1\/100\n|move|p1b: \u30c1\u30a2\u30ea\u30fc\u30c0\u30fc|Air Cutter|p2a: Vlad|[spread] p2a,p2b\n|-supereffective|p2a: Vlad\n|-resisted|p2b: Not-Lillie\n|-damage|p2a: Vlad|0 fnt\n|-damage|p2b: Not-Lillie|87\/100\n|-enditem|p2b: Not-Lillie|Air Balloon\n|faint|p2a: Vlad\n|move|p2b: Not-Lillie|Power Gem|p1b: \u30c1\u30a2\u30ea\u30fc\u30c0\u30fc\n|-supereffective|p1b: \u30c1\u30a2\u30ea\u30fc\u30c0\u30fc\n|-damage|p1b: \u30c1\u30a2\u30ea\u30fc\u30c0\u30fc|0 fnt\n|faint|p1b: \u30c1\u30a2\u30ea\u30fc\u30c0\u30fc\n|-ability|p2b: Not-Lillie|Beast Boost|boost\n|-boost|p2b: Not-Lillie|spa|1\n|\n|-heal|p1a: My Bologna|100\/100|[from] item: Leftovers\n|upkeep\n|\n|t:|1695858972\n|switch|p1b: L\u016b\u02bbau|Kommo-o, M, shiny|100\/100\n|switch|p2a: Drack|Gliscor, M|100\/100\n|turn|8\n|\n|t:|1695859005\n|move|p1a: My Bologna|Quiver Dance|p1a: My Bologna\n|-boost|p1a: My Bologna|spa|1\n|-boost|p1a: My Bologna|spd|1\n|-boost|p1a: My Bologna|spe|1\n|move|p1b: L\u016b\u02bbau|Drain Punch|p2b: Not-Lillie\n|-damage|p2b: Not-Lillie|39\/100\n|move|p2a: Drack|Ice Fang|p1b: L\u016b\u02bbau\n|-supereffective|p1b: L\u016b\u02bbau\n|-damage|p1b: L\u016b\u02bbau|58\/100\n|move|p2b: Not-Lillie|Power Gem|p1a: My Bologna\n|-supereffective|p1a: My Bologna\n|-damage|p1a: My Bologna|31\/100\n|\n|-heal|p1a: My Bologna|37\/100|[from] item: Leftovers\n|-heal|p1b: L\u016b\u02bbau|64\/100|[from] item: Leftovers\n|-status|p2a: Drack|tox|[from] item: Toxic Orb\n|upkeep\n|turn|9\n|\n|t:|1695859025\n|move|p2b: Not-Lillie|Protect|p2b: Not-Lillie\n|-singleturn|p2b: Not-Lillie|Protect\n|move|p1a: My Bologna|Roost|p1a: My Bologna\n|-heal|p1a: My Bologna|87\/100\n|-hint|If a Flying Terastallized Pokemon uses Roost, it remains Flying-type.\n|move|p1b: L\u016b\u02bbau|Drain Punch|p2b: Not-Lillie\n|-activate|p2b: Not-Lillie|move: Protect\n|move|p2a: Drack|Ice Fang|p1a: My Bologna\n|-supereffective|p1a: My Bologna\n|-damage|p1a: My Bologna|26\/100\n|\n|-heal|p1a: My Bologna|32\/100|[from] item: Leftovers\n|-heal|p1b: L\u016b\u02bbau|70\/100|[from] item: Leftovers\n|upkeep\n|turn|10\n|\n|t:|1695859086\n|switch|p2b: Rook II|Corviknight, M, shiny|100\/100\n|move|p1a: My Bologna|Roost|p1a: My Bologna\n|-heal|p1a: My Bologna|82\/100\n|-hint|If a Flying Terastallized Pokemon uses Roost, it remains Flying-type.\n|move|p1b: L\u016b\u02bbau|Drain Punch|p2b: Rook II\n|-damage|p2b: Rook II|84\/100\n|-heal|p1b: L\u016b\u02bbau|81\/100|[from] drain|[of] p2b: Rook II\n|-damage|p1b: L\u016b\u02bbau|65\/100|[from] item: Rocky Helmet|[of] p2b: Rook II\n|move|p2a: Drack|Ice Fang|p1a: My Bologna\n|-supereffective|p1a: My Bologna\n|-damage|p1a: My Bologna|22\/100\n|-status|p1a: My Bologna|frz\n|\n|-heal|p1a: My Bologna|28\/100 frz|[from] item: Leftovers\n|-heal|p1b: L\u016b\u02bbau|71\/100|[from] item: Leftovers\n|upkeep\n|turn|11\n|\n|t:|1695859132\n|-curestatus|p1a: My Bologna|frz|[msg]\n|move|p1a: My Bologna|Fiery Dance|p2b: Rook II\n|-supereffective|p2b: Rook II\n|-damage|p2b: Rook II|0 fnt\n|faint|p2b: Rook II\n|move|p1b: L\u016b\u02bbau|Rock Slide|p2a: Drack|[miss]\n|-miss|p1b: L\u016b\u02bbau|p2a: Drack\n|move|p2a: Drack|Ice Fang|p1a: My Bologna\n|-supereffective|p1a: My Bologna\n|-damage|p1a: My Bologna|0 fnt\n|faint|p1a: My Bologna\n|\n|-heal|p1b: L\u016b\u02bbau|77\/100|[from] item: Leftovers\n|upkeep\n|\n|t:|1695859151\n|switch|p2b: Not-Lillie|Nihilego|39\/100\n|turn|12\n|\n|t:|1695859158\n|move|p2b: Not-Lillie|Protect|p2b: Not-Lillie\n|-singleturn|p2b: Not-Lillie|Protect\n|move|p1b: L\u016b\u02bbau|Dragon Dance|p1b: L\u016b\u02bbau\n|-boost|p1b: L\u016b\u02bbau|atk|1\n|-boost|p1b: L\u016b\u02bbau|spe|1\n|move|p2a: Drack|Ice Fang|p1b: L\u016b\u02bbau|[miss]\n|-miss|p2a: Drack|p1b: L\u016b\u02bbau\n|\n|-heal|p1b: L\u016b\u02bbau|83\/100|[from] item: Leftovers\n|upkeep\n|turn|13\n|\n|t:|1695859191\n|move|p1b: L\u016b\u02bbau|Drain Punch|p2b: Not-Lillie\n|-damage|p2b: Not-Lillie|0 fnt\n|-heal|p1b: L\u016b\u02bbau|100\/100|[from] drain|[of] p2b: Not-Lillie\n|faint|p2b: Not-Lillie\n|move|p2a: Drack|Ice Fang|p1b: L\u016b\u02bbau\n|-supereffective|p1b: L\u016b\u02bbau\n|-damage|p1b: L\u016b\u02bbau|60\/100\n|\n|-heal|p1b: L\u016b\u02bbau|66\/100|[from] item: Leftovers\n|upkeep\n|\n|t:|1695859200\n|switch|p2b: Lucas|Vikavolt, M|100\/100\n|turn|14\n|\n|t:|1695859250\n|move|p1b: L\u016b\u02bbau|Rock Slide|p2b: Lucas|[spread] p2a\n|-miss|p1b: L\u016b\u02bbau|p2b: Lucas\n|-damage|p2a: Drack|84\/100 tox\n|move|p2a: Drack|Earthquake|p1b: L\u016b\u02bbau|[spread] p1b\n|-immune|p2b: Lucas|[from] ability: Levitate\n|-damage|p1b: L\u016b\u02bbau|31\/100\n|move|p2b: Lucas|Thunderbolt|p1b: L\u016b\u02bbau\n|-resisted|p1b: L\u016b\u02bbau\n|-damage|p1b: L\u016b\u02bbau|13\/100\n|\n|-heal|p1b: L\u016b\u02bbau|19\/100|[from] item: Leftovers\n|-heal|p2a: Drack|97\/100 tox|[from] ability: Poison Heal\n|upkeep\n|turn|15\n|\n|t:|1695859271\n|move|p1b: L\u016b\u02bbau|Rock Slide|p2b: Lucas|[spread] p2a,p2b\n|-supereffective|p2b: Lucas\n|-damage|p2a: Drack|81\/100 tox\n|-damage|p2b: Lucas|71\/100\n|cant|p2a: Drack|flinch\n|cant|p2b: Lucas|flinch\n|\n|-heal|p1b: L\u016b\u02bbau|25\/100|[from] item: Leftovers\n|-heal|p2a: Drack|93\/100 tox|[from] ability: Poison Heal\n|upkeep\n|turn|16\n|\n|t:|1695859286\n|move|p1b: L\u016b\u02bbau|Rock Slide|p2b: Lucas|[spread] p2a,p2b\n|-supereffective|p2b: Lucas\n|-damage|p2a: Drack|77\/100 tox\n|-damage|p2b: Lucas|41\/100\n|cant|p2a: Drack|flinch\n|move|p2b: Lucas|Thunderbolt|p1b: L\u016b\u02bbau\n|-resisted|p1b: L\u016b\u02bbau\n|-damage|p1b: L\u016b\u02bbau|5\/100\n|\n|-heal|p1b: L\u016b\u02bbau|11\/100|[from] item: Leftovers\n|-heal|p2a: Drack|90\/100 tox|[from] ability: Poison Heal\n|upkeep\n|turn|17\n|\n|t:|1695859307\n|move|p1b: L\u016b\u02bbau|Rock Slide|p2b: Lucas|[spread] p2a,p2b\n|-supereffective|p2b: Lucas\n|-damage|p2a: Drack|72\/100 tox\n|-damage|p2b: Lucas|12\/100\n|move|p2a: Drack|Ice Fang|p1b: L\u016b\u02bbau\n|-supereffective|p1b: L\u016b\u02bbau\n|-damage|p1b: L\u016b\u02bbau|0 fnt\n|faint|p1b: L\u016b\u02bbau\n|\n|win|Specific360\n|c|\u2606BugCatcherJameson|gg\n|c|\u2606Specific360|Gg!\n","uploadtime":1695859317,"views":13,"p1id":"bugcatcherjameson","p2id":"specific360","formatid":"gen9nationaldexdoubles","rating":0,"private":0,"password":""}