{"id":"gen9nationaldexdoubles-1995669348","p1":"Theadonia","p2":"Strykerpoopoo10","format":"[Gen 9] National Dex Doubles","log":"|j|\u2606Theadonia\n|j|\u2606Strykerpoopoo10\n|t:|1700592425\n|gametype|doubles\n|player|p1|Theadonia|roxie|1086\n|player|p2|Strykerpoopoo10|unknown|1049\n|teamsize|p1|6\n|teamsize|p2|6\n|gen|9\n|tier|[Gen 9] National Dex Doubles\n|rated|\n|rule|HP Percentage Mod: HP is shown in percentages\n|rule|Endless Battle Clause: Forcing endless battles is banned\n|rule|OHKO Clause: OHKO moves are banned\n|rule|Evasion Moves Clause: Evasion moves are banned\n|rule|Evasion Abilities Clause: Evasion abilities are banned\n|rule|Species Clause: Limit one of each Pok\u00e9mon\n|rule|Gravity Sleep Clause: The combination of sleep-inducing moves with imperfect accuracy and Gravity or Gigantamax Orbeetle are banned\n|clearpoke\n|poke|p1|Delphox, F|\n|poke|p1|Oricorio-Sensu, M|\n|poke|p1|Kommo-o, M|\n|poke|p1|Wailord, F|\n|poke|p1|Cresselia, F|\n|poke|p1|Ribombee, F|\n|poke|p2|Ledian, M|\n|poke|p2|Sableye, M|\n|poke|p2|Steelix, F|\n|poke|p2|Audino, F|\n|poke|p2|Aggron, M|\n|poke|p2|Donphan, F|\n|teampreview\n|\n|t:|1700592440\n|start\n|switch|p1a: Oricorio|Oricorio-Sensu, M, shiny|100\/100\n|switch|p1b: Ribombee|Ribombee, F|100\/100\n|switch|p2a: Sableye|Sableye, M|100\/100\n|switch|p2b: Aggron|Aggron, M|100\/100\n|turn|1\n|\n|t:|1700592457\n|move|p2a: Sableye|Calm Mind|p2a: Sableye\n|-boost|p2a: Sableye|spa|1\n|-boost|p2a: Sableye|spd|1\n|move|p1b: Ribombee|Quiver Dance|p1b: Ribombee\n|-boost|p1b: Ribombee|spa|1\n|-boost|p1b: Ribombee|spd|1\n|-boost|p1b: Ribombee|spe|1\n|-activate|p1a: Oricorio|ability: Dancer\n|move|p1a: Oricorio|Quiver Dance|p1a: Oricorio|[from]ability: Dancer\n|-boost|p1a: Oricorio|spa|1\n|-boost|p1a: Oricorio|spd|1\n|-boost|p1a: Oricorio|spe|1\n|move|p1a: Oricorio|Quiver Dance|p1a: Oricorio\n|-boost|p1a: Oricorio|spa|1\n|-boost|p1a: Oricorio|spd|1\n|-boost|p1a: Oricorio|spe|1\n|move|p2b: Aggron|Autotomize|p2b: Aggron\n|-boost|p2b: Aggron|spe|2\n|-start|p2b: Aggron|Autotomize\n|\n|upkeep\n|turn|2\n|\n|t:|1700592483\n|-terastallize|p1a: Oricorio|Fairy\n|move|p2a: Sableye|Encore|p1a: Oricorio\n|-start|p1a: Oricorio|Encore\n|move|p1b: Ribombee|Dazzling Gleam|p2a: Sableye|[spread] p2a,p2b\n|-supereffective|p2a: Sableye\n|-resisted|p2b: Aggron\n|-damage|p2a: Sableye|13\/100\n|-damage|p2b: Aggron|60\/100\n|move|p1a: Oricorio|Quiver Dance|p1a: Oricorio\n|-boost|p1a: Oricorio|spa|1\n|-boost|p1a: Oricorio|spd|1\n|-boost|p1a: Oricorio|spe|1\n|move|p2b: Aggron|Head Smash|p1b: Ribombee\n|-supereffective|p1b: Ribombee\n|-enditem|p1b: Ribombee|Focus Sash\n|-damage|p1b: Ribombee|1\/100\n|\n|upkeep\n|turn|3\n|\n|t:|1700592514\n|move|p1a: Oricorio|Quiver Dance|p1a: Oricorio\n|-boost|p1a: Oricorio|spa|1\n|-boost|p1a: Oricorio|spd|1\n|-boost|p1a: Oricorio|spe|1\n|move|p1b: Ribombee|Dazzling Gleam|p2a: Sableye|[spread] p2a,p2b\n|-supereffective|p2a: Sableye\n|-resisted|p2b: Aggron\n|-damage|p2a: Sableye|0 fnt\n|-damage|p2b: Aggron|24\/100\n|faint|p2a: Sableye\n|move|p2b: Aggron|Head Smash|p1a: Oricorio\n|-damage|p1a: Oricorio|29\/100\n|\n|upkeep\n|\n|t:|1700592529\n|switch|p2a: Ledian|Ledian, M|100\/100\n|turn|4\n|\n|t:|1700592557\n|move|p1a: Oricorio|Quiver Dance|p1a: Oricorio\n|-boost|p1a: Oricorio|spa|1\n|-boost|p1a: Oricorio|spd|1\n|-boost|p1a: Oricorio|spe|1\n|move|p1b: Ribombee|Dazzling Gleam|p2b: Aggron|[spread] p2a,p2b\n|-resisted|p2b: Aggron\n|-damage|p2a: Ledian|53\/100\n|-damage|p2b: Aggron|0 fnt\n|faint|p2b: Aggron\n|move|p2a: Ledian|U-turn|p1b: Ribombee\n|-resisted|p1b: Ribombee\n|-damage|p1b: Ribombee|0 fnt\n|faint|p1b: Ribombee\n|\n|t:|1700592570\n|switch|p2a: Audino|Audino, F|100\/100|[from] U-turn\n|\n|-end|p1a: Oricorio|Encore\n|upkeep\n|\n|t:|1700592578\n|switch|p1b: Kommo-o|Kommo-o, M, shiny|100\/100\n|switch|p2b: Steelix|Steelix, F|100\/100\n|turn|5\n|\n|t:|1700592598\n|move|p1a: Oricorio|Substitute|p1a: Oricorio\n|-start|p1a: Oricorio|Substitute\n|-damage|p1a: Oricorio|4\/100\n|-enditem|p1a: Oricorio|Aguav Berry|[eat]\n|-heal|p1a: Oricorio|37\/100|[from] item: Aguav Berry\n|move|p1b: Kommo-o|Clangorous Soul|p1b: Kommo-o\n|-boost|p1b: Kommo-o|atk|1\n|-boost|p1b: Kommo-o|def|1\n|-boost|p1b: Kommo-o|spa|1\n|-boost|p1b: Kommo-o|spd|1\n|-boost|p1b: Kommo-o|spe|1\n|-damage|p1b: Kommo-o|68\/100\n|-activate|p1a: Oricorio|ability: Dancer\n|move|p1a: Oricorio|Clangorous Soul|p1a: Oricorio|[from]ability: Dancer\n|-boost|p1a: Oricorio|atk|1\n|-boost|p1a: Oricorio|def|1\n|-boost|p1a: Oricorio|spa|1\n|-boost|p1a: Oricorio|spd|1\n|-boost|p1a: Oricorio|spe|1\n|-damage|p1a: Oricorio|4\/100\n|move|p2a: Audino|Secret Power|p1b: Kommo-o\n|-damage|p1b: Kommo-o|54\/100\n|move|p2b: Steelix|Iron Head|p1a: Oricorio\n|-supereffective|p1a: Oricorio\n|-end|p1a: Oricorio|Substitute\n|\n|upkeep\n|turn|6\n|c|\u2606Strykerpoopoo10|I am going to be obliterated lol\n|\n|t:|1700592653\n|detailschange|p2b: Steelix|Steelix-Mega, F\n|-mega|p2b: Steelix|Steelix|Steelixite\n|move|p1a: Oricorio|Baton Pass|p1a: Oricorio\n|\n|t:|1700592656\n|switch|p1a: Wailord|Wailord, F, shiny|100\/100|[from] Baton Pass\n|-ability|p1a: Wailord|Pressure\n|-zpower|p1b: Kommo-o\n|move|p1b: Kommo-o|Clangorous Soulblaze|p2a: Audino|[zeffect]|[spread] p2a,p2b\n|-resisted|p2b: Steelix\n|-damage|p2a: Audino|56\/100\n|-damage|p2b: Steelix|60\/100\n|-boost|p1b: Kommo-o|atk|1\n|-boost|p1b: Kommo-o|def|1\n|-boost|p1b: Kommo-o|spa|1\n|-boost|p1b: Kommo-o|spd|1\n|-boost|p1b: Kommo-o|spe|1\n|move|p2a: Audino|Secret Power|p1b: Kommo-o\n|-damage|p1b: Kommo-o|42\/100\n|move|p2b: Steelix|Iron Head|p1b: Kommo-o\n|-damage|p1b: Kommo-o|23\/100\n|\n|upkeep\n|turn|7\n|c|\u2606Theadonia|Who needs a kyogre when the wailord serves just as well\n|\n|t:|1700592692\n|move|p1a: Wailord|Water Spout|p2a: Audino|[spread] p2a,p2b\n|-supereffective|p2b: Steelix\n|-damage|p2a: Audino|0 fnt\n|-damage|p2b: Steelix|0 fnt\n|faint|p2a: Audino\n|faint|p2b: Steelix\n|move|p1b: Kommo-o|Clangorous Soul||[still]\n|-fail|p1b: Kommo-o\n|\n|upkeep\n|\n|t:|1700592702\n|switch|p2a: Donphan|Donphan, F|100\/100\n|switch|p2b: Ledian|Ledian, M|53\/100\n|turn|8\n|\n|t:|1700592718\n|move|p1a: Wailord|Water Spout|p2b: Ledian|[spread] p2a,p2b\n|-supereffective|p2a: Donphan\n|-ability|p2a: Donphan|Sturdy\n|-damage|p2a: Donphan|1\/100\n|-damage|p2b: Ledian|0 fnt\n|-enditem|p2a: Donphan|Aguav Berry|[eat]\n|-heal|p2a: Donphan|34\/100|[from] item: Aguav Berry\n|faint|p2b: Ledian\n|move|p1b: Kommo-o|Drain Punch|p2a: Donphan\n|-damage|p2a: Donphan|0 fnt\n|-heal|p1b: Kommo-o|41\/100|[from] drain|[of] p2a: Donphan\n|faint|p2a: Donphan\n|\n|win|Theadonia\n|raw|Theadonia's rating: 1086 &rarr; <strong>1110<\/strong><br \/>(+24 for winning)\n|raw|Strykerpoopoo10's rating: 1049 &rarr; <strong>1033<\/strong><br \/>(-16 for losing)\n|c|\u2606Theadonia|Ggwp :)\n|c|\u2606Strykerpoopoo10|Gg\n|l|\u2606Strykerpoopoo10\n","uploadtime":1700592732,"views":0,"p1id":"theadonia","p2id":"strykerpoopoo10","formatid":"gen9nationaldexdoubles","rating":1033,"private":0,"password":""}