{"id":"gen9nationaldexdoubles-1981155681","p1":"lxvliiz","p2":"OhMeOhMyOhMeOhMy","format":"[Gen 9] National Dex Doubles","log":"|j|\u2606lxvliiz\n|j|\u2606OhMeOhMyOhMeOhMy\n|t:|1698868084\n|gametype|doubles\n|player|p1|lxvliiz|2|1118\n|player|p2|OhMeOhMyOhMeOhMy|266|1186\n|teamsize|p1|6\n|teamsize|p2|6\n|gen|9\n|tier|[Gen 9] National Dex Doubles\n|rated|\n|rule|HP Percentage Mod: HP is shown in percentages\n|rule|Endless Battle Clause: Forcing endless battles is banned\n|rule|OHKO Clause: OHKO moves are banned\n|rule|Evasion Moves Clause: Evasion moves are banned\n|rule|Evasion Abilities Clause: Evasion abilities are banned\n|rule|Species Clause: Limit one of each Pok\u00e9mon\n|rule|Gravity Sleep Clause: The combination of sleep-inducing moves with imperfect accuracy and Gravity or Gigantamax Orbeetle are banned\n|clearpoke\n|poke|p1|Kommo-o, F|\n|poke|p1|Volcarona, M|\n|poke|p1|Oricorio-Pom-Pom, M|\n|poke|p1|Quaquaval, F|\n|poke|p1|Flamigo, F|\n|poke|p1|Lilligant-Hisui, F|\n|poke|p2|Zygarde|\n|poke|p2|Zamazenta-*|\n|poke|p2|Jirachi|\n|poke|p2|Rillaboom, M|\n|poke|p2|Kangaskhan, F|\n|poke|p2|Glimmora, M|\n|teampreview\n|inactive|Battle timer is ON: inactive players will automatically lose when time's up. (requested by OhMeOhMyOhMeOhMy)\n|\n|t:|1698868098\n|start\n|switch|p1a: dance dance|Volcarona, M, shiny|100\/100\n|switch|p1b: dancer|Oricorio-Pom-Pom, M, shiny|100\/100\n|switch|p2a: Kangaskhan|Kangaskhan, F|100\/100\n|switch|p2b: Glimmora|Glimmora, M|100\/100\n|turn|1\n|\n|t:|1698868109\n|detailschange|p2a: Kangaskhan|Kangaskhan-Mega, F\n|-mega|p2a: Kangaskhan|Kangaskhan|Kangaskhanite\n|move|p2a: Kangaskhan|Fake Out|p1b: dancer\n|-damage|p1b: dancer|76\/100\n|-damage|p1b: dancer|70\/100\n|-hitcount|p1b: dancer|2\n|cant|p1b: dancer|flinch\n|move|p1a: dance dance|Fiery Dance|p2a: Kangaskhan\n|-damage|p2a: Kangaskhan|58\/100\n|-boost|p1a: dance dance|spa|1\n|-activate|p1b: dancer|ability: Dancer\n|cant|p1b: dancer|flinch\n|move|p2b: Glimmora|Stealth Rock|p1b: dancer\n|-sidestart|p1: lxvliiz|move: Stealth Rock\n|\n|upkeep\n|turn|2\n|\n|t:|1698868118\n|move|p2a: Kangaskhan|Sucker Punch|p1a: dance dance\n|-damage|p1a: dance dance|69\/100\n|-damage|p1a: dance dance|61\/100\n|-hitcount|p1a: dance dance|2\n|move|p1b: dancer|Revelation Dance|p2a: Kangaskhan\n|-damage|p2a: Kangaskhan|28\/100\n|move|p1a: dance dance|Fiery Dance|p2a: Kangaskhan\n|-damage|p2a: Kangaskhan|0 fnt\n|faint|p2a: Kangaskhan\n|-activate|p1b: dancer|ability: Dancer\n|move|p1b: dancer|Fiery Dance|p2b: Glimmora|[from]ability: Dancer\n|-resisted|p2b: Glimmora\n|-damage|p2b: Glimmora|86\/100\n|move|p2b: Glimmora|Power Gem|p1b: dancer\n|-supereffective|p1b: dancer\n|-damage|p1b: dancer|0 fnt\n|faint|p1b: dancer\n|\n|upkeep\n|\n|t:|1698868137\n|switch|p1b: dancee|Kommo-o, F, shiny|100\/100\n|switch|p2a: Zygarde|Zygarde|100\/100\n|-damage|p1b: dancee|94\/100|[from] Stealth Rock\n|-ability|p2a: Zygarde|Aura Break\n|turn|3\n|\n|t:|1698868146\n|move|p1a: dance dance|Quiver Dance|p1a: dance dance\n|-boost|p1a: dance dance|spa|1\n|-boost|p1a: dance dance|spd|1\n|-boost|p1a: dance dance|spe|1\n|move|p2b: Glimmora|Power Gem|p1a: dance dance\n|-supereffective|p1a: dance dance\n|-damage|p1a: dance dance|0 fnt\n|faint|p1a: dance dance\n|-zpower|p1b: dancee\n|move|p1b: dancee|Clangorous Soulblaze|p2a: Zygarde|[zeffect]|[spread] p2a,p2b\n|-supereffective|p2a: Zygarde\n|-damage|p2a: Zygarde|11\/100\n|-damage|p2b: Glimmora|19\/100\n|-boost|p1b: dancee|atk|1\n|-boost|p1b: dancee|def|1\n|-boost|p1b: dancee|spa|1\n|-boost|p1b: dancee|spd|1\n|-boost|p1b: dancee|spe|1\n|move|p2a: Zygarde|Dragon Dance|p2a: Zygarde\n|-boost|p2a: Zygarde|atk|1\n|-boost|p2a: Zygarde|spe|1\n|\n|upkeep\n|\n|t:|1698868149\n|switch|p1a: dance dance dance|Flamigo, F, shiny|100\/100\n|-damage|p1a: dance dance dance|88\/100|[from] Stealth Rock\n|-copyboost|p1a: dance dance dance|p1b: dancee|[from] ability: Costar\n|turn|4\n|\n|t:|1698868155\n|move|p2a: Zygarde|Extreme Speed|p1b: dancee\n|-damage|p1b: dancee|69\/100\n|move|p1a: dance dance dance|Acrobatics|p2a: Zygarde\n|-damage|p2a: Zygarde|0 fnt\n|faint|p2a: Zygarde\n|move|p1b: dancee|Drain Punch|p2b: Glimmora\n|-damage|p2b: Glimmora|0 fnt\n|-heal|p1b: dancee|79\/100|[from] drain|[of] p2b: Glimmora\n|-activate|p2b: Glimmora|ability: Toxic Debris\n|-sidestart|p1: lxvliiz|move: Toxic Spikes\n|faint|p2b: Glimmora\n|\n|upkeep\n|\n|t:|1698868165\n|switch|p2b: Rillaboom|Rillaboom, M|100\/100\n|switch|p2a: Zamazenta|Zamazenta|100\/100\n|-ability|p2a: Zamazenta|Dauntless Shield|boost\n|-boost|p2a: Zamazenta|def|1\n|-fieldstart|move: Grassy Terrain|[from] ability: Grassy Surge|[of] p2b: Rillaboom\n|turn|5\n|\n|t:|1698868176\n|move|p1a: dance dance dance|Acrobatics|p2a: Zamazenta\n|-supereffective|p2a: Zamazenta\n|-damage|p2a: Zamazenta|12\/100\n|-enditem|p2a: Zamazenta|Sitrus Berry|[eat]\n|-heal|p2a: Zamazenta|37\/100|[from] item: Sitrus Berry\n|move|p1b: dancee|Dragon Claw|p2b: Rillaboom\n|-damage|p2b: Rillaboom|51\/100\n|move|p2a: Zamazenta|Coaching|p2b: Rillaboom\n|-boost|p2b: Rillaboom|atk|1\n|-boost|p2b: Rillaboom|def|1\n|move|p2b: Rillaboom|Wood Hammer|p1a: dance dance dance\n|-resisted|p1a: dance dance dance\n|-damage|p1a: dance dance dance|36\/100\n|-damage|p2b: Rillaboom|38\/100|[from] Recoil\n|\n|-heal|p1b: dancee|85\/100|[from] Grassy Terrain\n|-heal|p2a: Zamazenta|43\/100|[from] Grassy Terrain\n|-heal|p2b: Rillaboom|44\/100|[from] Grassy Terrain\n|upkeep\n|turn|6\n|\n|t:|1698868185\n|move|p2b: Rillaboom|Grassy Glide|p1a: dance dance dance\n|-resisted|p1a: dance dance dance\n|-damage|p1a: dance dance dance|12\/100\n|move|p1a: dance dance dance|Acrobatics|p2a: Zamazenta\n|-supereffective|p2a: Zamazenta\n|-damage|p2a: Zamazenta|0 fnt\n|faint|p2a: Zamazenta\n|move|p1b: dancee|Dragon Claw|p2b: Rillaboom\n|-damage|p2b: Rillaboom|13\/100\n|\n|-heal|p1b: dancee|91\/100|[from] Grassy Terrain\n|-heal|p2b: Rillaboom|20\/100|[from] Grassy Terrain\n|upkeep\n|\n|t:|1698868188\n|switch|p2a: Jirachi|Jirachi|100\/100\n|turn|7\n|\n|t:|1698868198\n|move|p2a: Jirachi|Follow Me|p2a: Jirachi\n|-singleturn|p2a: Jirachi|move: Follow Me\n|move|p2b: Rillaboom|Grassy Glide|p1a: dance dance dance\n|-resisted|p1a: dance dance dance\n|-damage|p1a: dance dance dance|0 fnt\n|faint|p1a: dance dance dance\n|move|p1b: dancee|Drain Punch|p2a: Jirachi\n|-damage|p2a: Jirachi|65\/100\n|-heal|p1b: dancee|100\/100|[from] drain|[of] p2a: Jirachi\n|\n|-heal|p2a: Jirachi|71\/100|[from] Grassy Terrain\n|-heal|p2b: Rillaboom|26\/100|[from] Grassy Terrain\n|upkeep\n|\n|t:|1698868206\n|switch|p1a: DANCEEEE|Lilligant-Hisui, F, shiny|100\/100\n|-damage|p1a: DANCEEEE|94\/100|[from] Stealth Rock\n|-status|p1a: DANCEEEE|psn\n|turn|8\n|\n|t:|1698868216\n|move|p2a: Jirachi|Follow Me|p2a: Jirachi\n|-singleturn|p2a: Jirachi|move: Follow Me\n|move|p2b: Rillaboom|Grassy Glide|p1a: DANCEEEE\n|-resisted|p1a: DANCEEEE\n|-damage|p1a: DANCEEEE|55\/100 psn\n|move|p1b: dancee|Clanging Scales|p2a: Jirachi|[spread] p2a,p2b\n|-resisted|p2a: Jirachi\n|-damage|p2a: Jirachi|55\/100\n|-damage|p2b: Rillaboom|0 fnt\n|faint|p2b: Rillaboom\n|-unboost|p1b: dancee|def|1\n|move|p1a: DANCEEEE|Victory Dance|p1a: DANCEEEE\n|-boost|p1a: DANCEEEE|atk|1\n|-boost|p1a: DANCEEEE|def|1\n|-boost|p1a: DANCEEEE|spe|1\n|\n|-heal|p1a: DANCEEEE|61\/100 psn|[from] Grassy Terrain\n|-heal|p2a: Jirachi|61\/100|[from] Grassy Terrain\n|-damage|p1a: DANCEEEE|49\/100 psn|[from] psn\n|upkeep\n|turn|9\n|-message|OhMeOhMyOhMeOhMy forfeited.\n|\n|win|lxvliiz\n|raw|lxvliiz's rating: 1118 &rarr; <strong>1148<\/strong><br \/>(+30 for winning)\n|raw|OhMeOhMyOhMeOhMy's rating: 1186 &rarr; <strong>1156<\/strong><br \/>(-30 for losing)\n|l|\u2606OhMeOhMyOhMeOhMy\n","uploadtime":1698868225,"views":14,"p1id":"lxvliiz","p2id":"ohmeohmyohmeohmy","formatid":"gen9nationaldexdoubles","rating":1148,"private":0,"password":""}