{"id":"gen9nationaldexdoubles-1993969306","p1":"123Mika321","p2":"jin2jin","format":"[Gen 9] National Dex Doubles","log":"|j|\u2606123Mika321\n|j|\u2606jin2jin\n|t:|1700385136\n|gametype|doubles\n|player|p1|123Mika321|nate|1237\n|player|p2|jin2jin|rosa|1431\n|teamsize|p1|6\n|teamsize|p2|6\n|gen|9\n|tier|[Gen 9] National Dex Doubles\n|rated|\n|rule|HP Percentage Mod: HP is shown in percentages\n|rule|Endless Battle Clause: Forcing endless battles is banned\n|rule|OHKO Clause: OHKO moves are banned\n|rule|Evasion Moves Clause: Evasion moves are banned\n|rule|Evasion Abilities Clause: Evasion abilities are banned\n|rule|Species Clause: Limit one of each Pok\u00e9mon\n|rule|Gravity Sleep Clause: The combination of sleep-inducing moves with imperfect accuracy and Gravity or Gigantamax Orbeetle are banned\n|clearpoke\n|poke|p1|Incineroar, F|\n|poke|p1|Gardevoir, F|\n|poke|p1|Tornadus, M|\n|poke|p1|Hoopa-Unbound|\n|poke|p1|Victini|\n|poke|p1|Maushold|\n|poke|p2|Torkoal, F|\n|poke|p2|Whimsicott, F|\n|poke|p2|Venusaur, F|\n|poke|p2|Walking Wake|\n|poke|p2|Excadrill, F|\n|poke|p2|Charizard, F|\n|teampreview\n|inactive|Battle timer is ON: inactive players will automatically lose when time's up. (requested by 123Mika321)\n|\n|t:|1700385149\n|start\n|switch|p1a: Victini|Victini|100\/100\n|switch|p1b: Maushold|Maushold, shiny|100\/100\n|switch|p2a: Torkoal|Torkoal, F, shiny|100\/100\n|switch|p2b: Venusaur|Venusaur, F, shiny|100\/100\n|-weather|SunnyDay|[from] ability: Drought|[of] p2a: Torkoal\n|turn|1\n|\n|t:|1700385169\n|-terastallize|p1a: Victini|Fire\n|move|p2b: Venusaur|Sleep Powder|p1a: Victini\n|-status|p1a: Victini|slp|[from] move: Sleep Powder\n|move|p1b: Maushold|Population Bomb|p2a: Torkoal\n|-damage|p2a: Torkoal|93\/100\n|-damage|p2a: Torkoal|85\/100\n|-damage|p2a: Torkoal|77\/100\n|-damage|p2a: Torkoal|68\/100\n|-damage|p2a: Torkoal|60\/100\n|-damage|p2a: Torkoal|52\/100\n|-damage|p2a: Torkoal|45\/100\n|-crit|p2a: Torkoal\n|-damage|p2a: Torkoal|31\/100\n|-damage|p2a: Torkoal|23\/100\n|-damage|p2a: Torkoal|15\/100\n|-hitcount|p2a: Torkoal|10\n|cant|p1a: Victini|slp\n|cant|p2a: Torkoal|flinch\n|\n|-weather|SunnyDay|[upkeep]\n|upkeep\n|turn|2\n|\n|t:|1700385191\n|move|p1b: Maushold|Protect|p1b: Maushold\n|-singleturn|p1b: Maushold|Protect\n|move|p2b: Venusaur|Sleep Powder|p1b: Maushold\n|-activate|p1b: Maushold|move: Protect\n|cant|p1a: Victini|slp\n|move|p2a: Torkoal|Earth Power|p1a: Victini\n|-supereffective|p1a: Victini\n|-damage|p1a: Victini|54\/100 slp\n|\n|-weather|SunnyDay|[upkeep]\n|upkeep\n|turn|3\n|\n|t:|1700385209\n|move|p2b: Venusaur|Sleep Powder|p1b: Maushold\n|-status|p1b: Maushold|slp|[from] move: Sleep Powder\n|cant|p1b: Maushold|slp\n|cant|p1a: Victini|slp\n|move|p2a: Torkoal|Earth Power|p1a: Victini\n|-supereffective|p1a: Victini\n|-damage|p1a: Victini|12\/100 slp\n|\n|-weather|SunnyDay|[upkeep]\n|upkeep\n|turn|4\n|\n|t:|1700385222\n|move|p2b: Venusaur|Giga Drain|p1a: Victini\n|-resisted|p1a: Victini\n|-damage|p1a: Victini|0 fnt\n|faint|p1a: Victini\n|-curestatus|p1b: Maushold|slp|[msg]\n|move|p1b: Maushold|Population Bomb|p2b: Venusaur\n|-damage|p2b: Venusaur|86\/100\n|-damage|p2b: Venusaur|73\/100\n|-damage|p2b: Venusaur|60\/100\n|-damage|p2b: Venusaur|45\/100\n|-damage|p2b: Venusaur|32\/100\n|-damage|p2b: Venusaur|19\/100\n|-hitcount|p2b: Venusaur|6\n|move|p2a: Torkoal|Heat Wave|p1b: Maushold\n|-damage|p1b: Maushold|14\/100\n|\n|-weather|SunnyDay|[upkeep]\n|upkeep\n|\n|t:|1700385239\n|switch|p1a: Tornadus|Tornadus, M, shiny|100\/100\n|turn|5\n|\n|t:|1700385255\n|move|p1a: Tornadus|Tailwind|p1a: Tornadus\n|-sidestart|p1: 123Mika321|move: Tailwind\n|move|p1b: Maushold|Population Bomb|p2b: Venusaur\n|-damage|p2b: Venusaur|6\/100\n|-damage|p2b: Venusaur|0 fnt\n|faint|p2b: Venusaur\n|-hitcount|p2: Venusaur|2\n|move|p2a: Torkoal|Heat Wave|p1a: Tornadus|[spread] p1b\n|-miss|p2a: Torkoal|p1a: Tornadus\n|-damage|p1b: Maushold|0 fnt\n|faint|p1b: Maushold\n|\n|-weather|SunnyDay|[upkeep]\n|upkeep\n|\n|t:|1700385267\n|switch|p1b: Gardevoir|Gardevoir, F, shiny|100\/100\n|switch|p2b: Excadrill|Excadrill, F, shiny|100\/100\n|-ability|p2b: Excadrill|Mold Breaker\n|turn|6\n|\n|t:|1700385279\n|switch|p2a: Whimsicott|Whimsicott, F, shiny|100\/100\n|detailschange|p1b: Gardevoir|Gardevoir-Mega, F, shiny\n|-mega|p1b: Gardevoir|Gardevoir|Gardevoirite\n|move|p1a: Tornadus|Bleakwind Storm|p2b: Excadrill|[spread] p2b\n|-miss|p1a: Tornadus|p2a: Whimsicott\n|-resisted|p2b: Excadrill\n|-damage|p2b: Excadrill|70\/100\n|move|p1b: Gardevoir|Hyper Beam|p2b: Excadrill\n|-resisted|p2b: Excadrill\n|-damage|p2b: Excadrill|0 fnt\n|-mustrecharge|p1b: Gardevoir\n|faint|p2b: Excadrill\n|\n|-weather|SunnyDay|[upkeep]\n|upkeep\n|\n|t:|1700385289\n|switch|p2b: Charizard|Charizard, F, shiny|100\/100\n|turn|7\n|\n|t:|1700385306\n|-terastallize|p2b: Charizard|Fire\n|move|p2a: Whimsicott|Tailwind|p2a: Whimsicott\n|-sidestart|p2: jin2jin|move: Tailwind\n|move|p1a: Tornadus|Bleakwind Storm|p2b: Charizard|[spread] p2b\n|-miss|p1a: Tornadus|p2a: Whimsicott\n|-damage|p2b: Charizard|55\/100\n|cant|p1b: Gardevoir|recharge\n|move|p2b: Charizard|Heat Wave|p1b: Gardevoir|[spread] p1a,p1b\n|-enditem|p1a: Tornadus|Focus Sash\n|-damage|p1a: Tornadus|1\/100\n|-damage|p1b: Gardevoir|0 fnt\n|faint|p1b: Gardevoir\n|-damage|p2b: Charizard|45\/100|[from] item: Life Orb\n|\n|-weather|SunnyDay|[upkeep]\n|-damage|p2b: Charizard|32\/100|[from] ability: Solar Power|[of] p2b: Charizard\n|upkeep\n|\n|t:|1700385322\n|switch|p1b: Hoopa|Hoopa-Unbound|100\/100\n|turn|8\n|\n|t:|1700385332\n|move|p1b: Hoopa|Psychic|p2b: Charizard\n|-damage|p2b: Charizard|0 fnt\n|faint|p2b: Charizard\n|move|p2a: Whimsicott|Moonblast|p1a: Tornadus\n|-damage|p1a: Tornadus|0 fnt\n|faint|p1a: Tornadus\n|\n|-weather|none\n|-sideend|p1: 123Mika321|move: Tailwind\n|upkeep\n|\n|t:|1700385340\n|switch|p1a: Incineroar|Incineroar, F, shiny|100\/100\n|switch|p2b: Walking Wake|Walking Wake|100\/100\n|-ability|p1a: Incineroar|Intimidate|boost\n|-unboost|p2a: Whimsicott|atk|1\n|-unboost|p2b: Walking Wake|atk|1\n|turn|9\n|\n|t:|1700385349\n|move|p2b: Walking Wake|Protect|p2b: Walking Wake\n|-singleturn|p2b: Walking Wake|Protect\n|move|p1a: Incineroar|Fake Out|p2b: Walking Wake\n|-activate|p2b: Walking Wake|move: Protect\n|move|p2a: Whimsicott|Moonblast|p1b: Hoopa\n|-supereffective|p1b: Hoopa\n|-damage|p1b: Hoopa|38\/100\n|move|p1b: Hoopa|Psychic|p2b: Walking Wake\n|-activate|p2b: Walking Wake|move: Protect\n|\n|upkeep\n|turn|10\n|\n|t:|1700385371\n|switch|p2a: Torkoal|Torkoal, F, shiny|15\/100\n|-weather|SunnyDay|[from] ability: Drought|[of] p2a: Torkoal\n|-activate|p2b: Walking Wake|ability: Protosynthesis\n|-start|p2b: Walking Wake|protosynthesisspa\n|move|p2b: Walking Wake|Hydro Steam|p1a: Incineroar\n|-supereffective|p1a: Incineroar\n|-damage|p1a: Incineroar|0 fnt\n|faint|p1a: Incineroar\n|move|p1b: Hoopa|Psychic|p2a: Torkoal\n|-damage|p2a: Torkoal|0 fnt\n|faint|p2a: Torkoal\n|\n|-weather|SunnyDay|[upkeep]\n|-sideend|p2: jin2jin|move: Tailwind\n|upkeep\n|\n|t:|1700385379\n|switch|p2a: Whimsicott|Whimsicott, F, shiny|100\/100\n|turn|11\n|\n|t:|1700385385\n|move|p1b: Hoopa|Psychic|p2a: Whimsicott\n|-damage|p2a: Whimsicott|2\/100\n|move|p2a: Whimsicott|Moonblast|p1b: Hoopa\n|-supereffective|p1b: Hoopa\n|-damage|p1b: Hoopa|0 fnt\n|faint|p1b: Hoopa\n|\n|win|jin2jin\n|raw|123Mika321's rating: 1237 &rarr; <strong>1225<\/strong><br \/>(-12 for losing)\n|raw|jin2jin's rating: 1431 &rarr; <strong>1441<\/strong><br \/>(+10 for winning)\n|l|\u2606123Mika321\n","uploadtime":1700385396,"views":9,"p1id":"123mika321","p2id":"jin2jin","formatid":"gen9nationaldexdoubles","rating":1225,"private":0,"password":""}