{"id":"gen9nationaldexdoubles-1947404699","p1":"Skyhero752","p2":"Fnafnightmare","format":"[Gen 9] National Dex Doubles","log":"|j|\u2606Skyhero752\n|j|\u2606Fnafnightmare\n|t:|1695157787\n|gametype|doubles\n|player|p1|Skyhero752|burglar|\n|player|p2|Fnafnightmare|red|\n|teamsize|p1|6\n|teamsize|p2|6\n|gen|9\n|tier|[Gen 9] National Dex Doubles\n|rule|HP Percentage Mod: HP is shown in percentages\n|rule|Endless Battle Clause: Forcing endless battles is banned\n|rule|OHKO Clause: OHKO moves are banned\n|rule|Evasion Moves Clause: Evasion moves are banned\n|rule|Evasion Abilities Clause: Evasion abilities are banned\n|rule|Species Clause: Limit one of each Pok\u00e9mon\n|rule|Gravity Sleep Clause: The combination of sleep-inducing moves with imperfect accuracy and Gravity or Gigantamax Orbeetle are banned\n|clearpoke\n|poke|p1|Swoobat, M|\n|poke|p1|Togekiss, F|\n|poke|p1|Kilowattrel, F|\n|poke|p1|Pidgeot, F|\n|poke|p1|Jumpluff, F|\n|poke|p1|Gyarados, M|\n|poke|p2|Swampert, M|\n|poke|p2|Charizard, M|\n|poke|p2|Quaquaval, M|\n|poke|p2|Tinkaton, F|\n|poke|p2|Baxcalibur, F|\n|poke|p2|Vikavolt, F|\n|teampreview\n|\n|t:|1695157801\n|start\n|switch|p1a: Kilowattrel|Kilowattrel, F|100\/100\n|switch|p1b: Pidgeot|Pidgeot, F|100\/100\n|switch|p2a: Tinkaton|Tinkaton, F|100\/100\n|switch|p2b: Vikavolt|Vikavolt, F|100\/100\n|-ability|p2a: Tinkaton|Mold Breaker\n|turn|1\n|j| Mothday_delta\n|\n|t:|1695157811\n|move|p2a: Tinkaton|Fake Out|p1a: Kilowattrel\n|-damage|p1a: Kilowattrel|86\/100\n|cant|p1a: Kilowattrel|flinch\n|move|p1b: Pidgeot|Hurricane|p2b: Vikavolt\n|-damage|p2b: Vikavolt|57\/100\n|-start|p2b: Vikavolt|confusion\n|-activate|p2b: Vikavolt|confusion\n|-damage|p2b: Vikavolt|51\/100|[from] confusion\n|\n|upkeep\n|turn|2\n|\n|t:|1695157824\n|detailschange|p1b: Pidgeot|Pidgeot-Mega, F\n|-mega|p1b: Pidgeot|Pidgeot|Pidgeotite\n|move|p1a: Kilowattrel|Tailwind|p1a: Kilowattrel\n|-sidestart|p1: Skyhero752|move: Tailwind\n|-start|p1a: Kilowattrel|Charge|Tailwind|[from] ability: Wind Power\n|move|p1b: Pidgeot|Heat Wave|p2b: Vikavolt|[spread] p2a,p2b\n|-supereffective|p2a: Tinkaton\n|-supereffective|p2b: Vikavolt\n|-damage|p2a: Tinkaton|63\/100\n|-damage|p2b: Vikavolt|0 fnt\n|faint|p2b: Vikavolt\n|move|p2a: Tinkaton|Stealth Rock|p1b: Pidgeot\n|-sidestart|p1: Skyhero752|move: Stealth Rock\n|\n|upkeep\n|\n|t:|1695157838\n|switch|p2b: Swampert|Swampert, M|100\/100\n|turn|3\n|\n|t:|1695157849\n|move|p1a: Kilowattrel|Air Cutter|p2a: Tinkaton|[spread] p2a,p2b\n|-resisted|p2a: Tinkaton\n|-damage|p2a: Tinkaton|56\/100\n|-damage|p2b: Swampert|90\/100\n|move|p1b: Pidgeot|Hurricane|p2b: Swampert\n|-damage|p2b: Swampert|59\/100\n|move|p2a: Tinkaton|Gigaton Hammer|p1a: Kilowattrel\n|-resisted|p1a: Kilowattrel\n|-damage|p1a: Kilowattrel|38\/100\n|move|p2b: Swampert|Ice Punch|p1a: Kilowattrel\n|-supereffective|p1a: Kilowattrel\n|-damage|p1a: Kilowattrel|0 fnt\n|faint|p1a: Kilowattrel\n|\n|upkeep\n|\n|t:|1695157865\n|switch|p1a: Gyarados|Gyarados, M|100\/100\n|-damage|p1a: Gyarados|76\/100|[from] Stealth Rock\n|turn|4\n|\n|t:|1695157877\n|move|p1b: Pidgeot|Hurricane|p2b: Swampert\n|-damage|p2b: Swampert|29\/100\n|move|p1a: Gyarados|Dragon Dance|p1a: Gyarados\n|-boost|p1a: Gyarados|atk|1\n|-boost|p1a: Gyarados|spe|1\n|move|p2a: Tinkaton|Play Rough|p1a: Gyarados\n|-damage|p1a: Gyarados|39\/100\n|move|p2b: Swampert|Ice Punch|p1b: Pidgeot\n|-supereffective|p1b: Pidgeot\n|-damage|p1b: Pidgeot|50\/100\n|\n|upkeep\n|turn|5\n|\n|t:|1695157899\n|move|p1a: Gyarados|Earthquake|p2b: Swampert|[spread] p2a,p2b\n|-immune|p1b: Pidgeot\n|-supereffective|p2a: Tinkaton\n|-damage|p2a: Tinkaton|0 fnt\n|-damage|p2b: Swampert|0 fnt\n|faint|p2a: Tinkaton\n|faint|p2b: Swampert\n|-ability|p1a: Gyarados|Moxie|boost\n|-boost|p1a: Gyarados|atk|2\n|move|p1b: Pidgeot|Heat Wave|p2: Tinkaton|[notarget]\n|-fail|p1b: Pidgeot\n|\n|-sideend|p1: Skyhero752|move: Tailwind\n|upkeep\n|\n|t:|1695157911\n|switch|p2a: Quaquaval|Quaquaval, M|100\/100\n|switch|p2b: Baxcalibur|Baxcalibur, F|100\/100\n|turn|6\n|\n|t:|1695157925\n|-terastallize|p2a: Quaquaval|Rock\n|move|p2b: Baxcalibur|Ice Shard|p1b: Pidgeot\n|-supereffective|p1b: Pidgeot\n|-damage|p1b: Pidgeot|0 fnt\n|faint|p1b: Pidgeot\n|move|p1a: Gyarados|Earthquake|p2b: Baxcalibur|[spread] p2a,p2b\n|-supereffective|p2a: Quaquaval\n|-damage|p2a: Quaquaval|0 fnt\n|-damage|p2b: Baxcalibur|37\/100\n|faint|p2a: Quaquaval\n|-ability|p1a: Gyarados|Moxie|boost\n|-boost|p1a: Gyarados|atk|1\n|\n|upkeep\n|\n|t:|1695157936\n|switch|p1b: Jumpluff|Jumpluff, F|100\/100\n|switch|p2a: Charizard|Charizard, M|100\/100\n|-damage|p1b: Jumpluff|76\/100|[from] Stealth Rock\n|turn|7\n|\n|t:|1695157948\n|detailschange|p2a: Charizard|Charizard-Mega-X, M\n|-mega|p2a: Charizard|Charizard|Charizardite X\n|move|p1b: Jumpluff|Rage Powder|p1b: Jumpluff\n|-singleturn|p1b: Jumpluff|move: Rage Powder\n|move|p2b: Baxcalibur|Ice Shard|p1b: Jumpluff\n|-supereffective|p1b: Jumpluff\n|-damage|p1b: Jumpluff|0 fnt\n|faint|p1b: Jumpluff\n|move|p1a: Gyarados|Earthquake|p2a: Charizard|[spread] p2a,p2b\n|-supereffective|p2a: Charizard\n|-damage|p2a: Charizard|0 fnt\n|-damage|p2b: Baxcalibur|0 fnt\n|faint|p2a: Charizard\n|faint|p2b: Baxcalibur\n|\n|win|Skyhero752\n|c|\u2606Skyhero752|gg\n|c|\u2606Fnafnightmare|Gg\n","uploadtime":1695157970,"views":5,"p1id":"skyhero752","p2id":"fnafnightmare","formatid":"gen9nationaldexdoubles","rating":0,"private":0,"password":""}