{"id":"gen9nationaldexdoubles-1977128799","p1":"frankie720","p2":"000pan","format":"[Gen 9] National Dex Doubles","log":"|j|\u2606frankie720\n|j|\u2606000pan\n|t:|1698374869\n|gametype|doubles\n|player|p1|frankie720|266|\n|player|p2|000pan|101|\n|teamsize|p1|6\n|teamsize|p2|6\n|gen|9\n|tier|[Gen 9] National Dex Doubles\n|rule|HP Percentage Mod: HP is shown in percentages\n|rule|Endless Battle Clause: Forcing endless battles is banned\n|rule|OHKO Clause: OHKO moves are banned\n|rule|Evasion Moves Clause: Evasion moves are banned\n|rule|Evasion Abilities Clause: Evasion abilities are banned\n|rule|Species Clause: Limit one of each Pok\u00e9mon\n|rule|Gravity Sleep Clause: The combination of sleep-inducing moves with imperfect accuracy and Gravity or Gigantamax Orbeetle are banned\n|clearpoke\n|poke|p1|Croagunk, F|\n|poke|p1|Zorua, M|\n|poke|p1|Greedent, F|\n|poke|p1|Nosepass, M|\n|poke|p1|Blitzle, M|\n|poke|p1|Sobble, F|\n|poke|p2|Farfetch\u2019d-Galar, M|\n|poke|p2|Ekans, F|\n|poke|p2|Popplio, F|\n|poke|p2|Jellicent, F|\n|poke|p2|Aurorus, M|\n|poke|p2|Kyurem|\n|teampreview\n|\n|t:|1698374883\n|start\n|switch|p1a: Greedent|Greedent, F|100\/100\n|switch|p1b: Nosepass|Nosepass, M, shiny|100\/100\n|switch|p2a: Aurorus|Aurorus, M|100\/100\n|switch|p2b: Ekans|Ekans, F, shiny|100\/100\n|-ability|p2b: Ekans|Intimidate|boost\n|-unboost|p1a: Greedent|atk|1\n|-unboost|p1b: Nosepass|atk|1\n|turn|1\n|\n|t:|1698374922\n|move|p2a: Aurorus|Hyper Voice|p1a: Greedent|[spread] p1a,p1b\n|-damage|p1a: Greedent|62\/100\n|-damage|p1b: Nosepass|65\/100\n|move|p2b: Ekans|Poison Jab|p1a: Greedent\n|-crit|p1a: Greedent\n|-damage|p1a: Greedent|29\/100\n|-status|p1a: Greedent|psn\n|-enditem|p1a: Greedent|Sitrus Berry|[eat]\n|-heal|p1a: Greedent|54\/100 psn|[from] item: Sitrus Berry\n|-heal|p1a: Greedent|87\/100 psn|[from] ability: Cheek Pouch\n|move|p1b: Nosepass|Stealth Rock|p2b: Ekans\n|-sidestart|p2: 000pan|move: Stealth Rock\n|move|p1a: Greedent|Belly Drum|p1a: Greedent\n|-damage|p1a: Greedent|37\/100 psn\n|-setboost|p1a: Greedent|atk|6|[from] move: Belly Drum\n|\n|-damage|p1a: Greedent|25\/100 psn|[from] psn\n|upkeep\n|turn|2\n|\n|t:|1698374951\n|move|p2a: Aurorus|Hyper Voice|p1b: Nosepass|[spread] p1a,p1b\n|-damage|p1a: Greedent|0 fnt\n|-damage|p1b: Nosepass|29\/100\n|faint|p1a: Greedent\n|move|p2b: Ekans|Toxic Spikes|p1b: Nosepass\n|-sidestart|p1: frankie720|move: Toxic Spikes\n|move|p1b: Nosepass|Body Press|p2b: Ekans\n|-resisted|p2b: Ekans\n|-damage|p2b: Ekans|60\/100\n|\n|upkeep\n|\n|t:|1698374962\n|switch|p1a: Croagunk|Croagunk, F|100\/100\n|-sideend|p1: frankie720|move: Toxic Spikes|[of] p1a: Croagunk\n|turn|3\n|\n|t:|1698374989\n|move|p2a: Aurorus|Hyper Voice|p1b: Nosepass|[spread] p1a,p1b\n|-damage|p1a: Croagunk|8\/100\n|-damage|p1b: Nosepass|0 fnt\n|faint|p1b: Nosepass\n|move|p2b: Ekans|Toxic Spikes|p1a: Croagunk\n|-sidestart|p1: frankie720|move: Toxic Spikes\n|move|p1a: Croagunk|Power-Up Punch|p2a: Aurorus\n|-supereffective|p2a: Aurorus\n|-enditem|p2a: Aurorus|Chople Berry|[eat]\n|-enditem|p2a: Aurorus|Chople Berry|[weaken]\n|-damage|p2a: Aurorus|72\/100\n|-boost|p1a: Croagunk|atk|1\n|-status|p2a: Aurorus|psn|[from] ability: Poison Touch|[of] p1a: Croagunk\n|\n|-heal|p1a: Croagunk|15\/100|[from] item: Black Sludge\n|-damage|p2a: Aurorus|60\/100 psn|[from] psn\n|upkeep\n|\n|t:|1698375005\n|switch|p1b: Sobble|Sobble, F|100\/100\n|-status|p1b: Sobble|psn\n|turn|4\n|\n|t:|1698375025\n|move|p2b: Ekans|Sucker Punch|p1a: Croagunk\n|-resisted|p1a: Croagunk\n|-damage|p1a: Croagunk|0 fnt\n|faint|p1a: Croagunk\n|move|p1b: Sobble|Dark Pulse|p2b: Ekans\n|-damage|p2b: Ekans|0 fnt\n|faint|p2b: Ekans\n|-damage|p1b: Sobble|91\/100 psn|[from] item: Life Orb\n|move|p2a: Aurorus|Hyper Voice|p1b: Sobble\n|-damage|p1b: Sobble|0 fnt\n|replace|p1b: Zorua|Zorua, M\n|-end|p1b: Zorua|Illusion\n|faint|p1b: Zorua\n|\n|-damage|p2a: Aurorus|47\/100 psn|[from] psn\n|upkeep\n|\n|t:|1698375042\n|switch|p1b: Sobble|Sobble, F|100\/100\n|switch|p2b: Popplio|Popplio, F, shiny|100\/100\n|switch|p1a: Blitzle|Blitzle, M|100\/100\n|-status|p1a: Blitzle|psn\n|-status|p1b: Sobble|psn\n|-damage|p2b: Popplio|88\/100|[from] Stealth Rock\n|turn|5\n|\n|t:|1698375065\n|move|p1a: Blitzle|Thunderbolt|p2b: Popplio\n|-supereffective|p2b: Popplio\n|-damage|p2b: Popplio|41\/100\n|-status|p2b: Popplio|par\n|move|p1b: Sobble|Water Pulse|p2a: Aurorus\n|-supereffective|p2a: Aurorus\n|-damage|p2a: Aurorus|12\/100 psn\n|-start|p2a: Aurorus|confusion\n|-activate|p2a: Aurorus|confusion\n|move|p2a: Aurorus|Hyper Voice|p1a: Blitzle|[spread] p1a,p1b\n|-resisted|p1b: Sobble\n|-damage|p1a: Blitzle|0 fnt\n|-damage|p1b: Sobble|47\/100 psn\n|faint|p1a: Blitzle\n|move|p2b: Popplio|Perish Song|p2b: Popplio\n|-start|p1b: Sobble|perish3|[silent]\n|-start|p2a: Aurorus|perish3|[silent]\n|-start|p2b: Popplio|perish3|[silent]\n|-fieldactivate|move: Perish Song\n|\n|-damage|p1b: Sobble|34\/100 psn|[from] psn\n|-damage|p2a: Aurorus|0 fnt|[from] psn\n|faint|p2a: Aurorus\n|-start|p1b: Sobble|perish3\n|-start|p2b: Popplio|perish3\n|upkeep\n|\n|t:|1698375089\n|switch|p2a: Farfetch\u2019d|Farfetch\u2019d-Galar, M, shiny|100\/100\n|-damage|p2a: Farfetch\u2019d|94\/100|[from] Stealth Rock\n|turn|6\n|c|\u2606frankie720|boo\n|c|\u2606frankie720|you hacked\n|\n|t:|1698375219\n|-terastallize|p2a: Farfetch\u2019d|Flying\n|move|p1b: Sobble|Aqua Ring|p1b: Sobble\n|-start|p1b: Sobble|Aqua Ring\n|move|p2a: Farfetch\u2019d|Brave Bird|p1b: Sobble\n|-damage|p1b: Sobble|0 fnt\n|faint|p1b: Sobble\n|-damage|p2a: Farfetch\u2019d|86\/100|[from] Recoil\n|\n|win|000pan\n|l|\u2606frankie720\n|j|\u2606frankie720\n|player|p1|frankie720|266\n","uploadtime":1698375306,"views":8,"p1id":"frankie720","p2id":"000pan","formatid":"gen9nationaldexdoubles","rating":0,"private":0,"password":""}