{"id":"gen9nationaldexdoubles-1965156540","p1":"OceanHazel","p2":"fumbari 24","format":"[Gen 9] National Dex Doubles","log":"|j|\u2606OceanHazel\n|j|\u2606fumbari 24\n|t:|1697046929\n|gametype|doubles\n|player|p1|OceanHazel|barry|1272\n|player|p2|fumbari 24|hilbert|1405\n|teamsize|p1|6\n|teamsize|p2|6\n|gen|9\n|tier|[Gen 9] National Dex Doubles\n|rated|\n|rule|HP Percentage Mod: HP is shown in percentages\n|rule|Endless Battle Clause: Forcing endless battles is banned\n|rule|OHKO Clause: OHKO moves are banned\n|rule|Evasion Moves Clause: Evasion moves are banned\n|rule|Evasion Abilities Clause: Evasion abilities are banned\n|rule|Species Clause: Limit one of each Pok\u00e9mon\n|rule|Gravity Sleep Clause: The combination of sleep-inducing moves with imperfect accuracy and Gravity or Gigantamax Orbeetle are banned\n|clearpoke\n|poke|p1|Garganacl, M|\n|poke|p1|Crawdaunt, M|\n|poke|p1|Dipplin, F|\n|poke|p1|Sinistcha|\n|poke|p1|Dachsbun, F|\n|poke|p1|Rotom-Frost|\n|poke|p2|Kommo-o, M|\n|poke|p2|Clefairy, F|\n|poke|p2|Volcanion|\n|poke|p2|Sinistcha|\n|poke|p2|Gardevoir, F|\n|poke|p2|Gallade, M|\n|teampreview\n|inactive|Battle timer is ON: inactive players will automatically lose when time's up. (requested by fumbari 24)\n|\n|t:|1697046963\n|start\n|switch|p1a: Garganacl|Garganacl, M|100\/100\n|switch|p1b: Sinistcha|Sinistcha|100\/100\n|switch|p2a: Yohken|Kommo-o, M|100\/100\n|switch|p2b: Longyuan|Gallade, M|100\/100\n|turn|1\n|\n|t:|1697046985\n|move|p1a: Garganacl|Protect|p1a: Garganacl\n|-singleturn|p1a: Garganacl|Protect\n|move|p2a: Yohken|Taunt|p1a: Garganacl\n|-activate|p1a: Garganacl|move: Protect\n|move|p2b: Longyuan|Sacred Sword|p1a: Garganacl\n|-activate|p1a: Garganacl|move: Protect\n|move|p1b: Sinistcha|Trick Room|p1b: Sinistcha\n|-fieldstart|move: Trick Room|[of] p1b: Sinistcha\n|\n|upkeep\n|turn|2\n|\n|t:|1697047003\n|move|p2a: Yohken|Protect|p2a: Yohken\n|-singleturn|p2a: Yohken|Protect\n|move|p1a: Garganacl|Iron Defense|p1a: Garganacl\n|-boost|p1a: Garganacl|def|2\n|move|p1b: Sinistcha|Poltergeist|p2b: Longyuan\n|-activate|p2b: Longyuan|move: Poltergeist|Covert Cloak\n|-supereffective|p2b: Longyuan\n|-damage|p2b: Longyuan|26\/100\n|move|p2b: Longyuan|Trick Room|p2b: Longyuan\n|-fieldend|move: Trick Room\n|\n|upkeep\n|turn|3\n|\n|t:|1697047032\n|move|p1a: Garganacl|Protect|p1a: Garganacl\n|-singleturn|p1a: Garganacl|Protect\n|-zpower|p2a: Yohken\n|move|p2a: Yohken|Clangorous Soulblaze|p1a: Garganacl|[zeffect]|[spread] p1a,p1b\n|-zbroken|p1a: Garganacl\n|-damage|p1a: Garganacl|89\/100\n|-damage|p1b: Sinistcha|25\/100\n|-boost|p2a: Yohken|atk|1\n|-boost|p2a: Yohken|def|1\n|-boost|p2a: Yohken|spa|1\n|-boost|p2a: Yohken|spd|1\n|-boost|p2a: Yohken|spe|1\n|move|p2b: Longyuan|Trick Room|p2b: Longyuan\n|-fieldstart|move: Trick Room|[of] p2b: Longyuan\n|move|p1b: Sinistcha|Trick Room|p1b: Sinistcha\n|-fieldend|move: Trick Room\n|\n|-heal|p1b: Sinistcha|31\/100|[from] item: Leftovers\n|-heal|p1a: Garganacl|96\/100|[from] item: Leftovers\n|upkeep\n|turn|4\n|c|\u2606OceanHazel|girlies be fighting for tha trick room\n|c|\u2606OceanHazel|YOU SWINDLED ME\n|inactive|OceanHazel has 120 seconds left.\n|\n|t:|1697047070\n|switch|p1b: Rotom|Rotom-Frost|100\/100\n|move|p2a: Yohken|Clanging Scales|p1a: Garganacl|[spread] p1a,p1b\n|-damage|p1a: Garganacl|60\/100\n|-damage|p1b: Rotom|26\/100\n|-unboost|p2a: Yohken|def|1\n|move|p2b: Longyuan|Sacred Sword|p1a: Garganacl\n|-supereffective|p1a: Garganacl\n|-damage|p1a: Garganacl|0 fnt\n|faint|p1a: Garganacl\n|\n|upkeep\n|inactive|OceanHazel has 90 seconds left.\n|\n|t:|1697047115\n|switch|p1a: Dachsbun|Dachsbun, F|100\/100\n|turn|5\n|inactive|OceanHazel has 90 seconds left.\n|\n|t:|1697047134\n|move|p2a: Yohken|Protect|p2a: Yohken\n|-singleturn|p2a: Yohken|Protect\n|move|p1b: Rotom|Blizzard|p2b: Longyuan|[spread] p2b\n|-activate|p2a: Yohken|move: Protect\n|-damage|p2b: Longyuan|0 fnt\n|faint|p2b: Longyuan\n|move|p1a: Dachsbun|Play Rough|p2a: Yohken\n|-activate|p2a: Yohken|move: Protect\n|\n|upkeep\n|\n|t:|1697047150\n|switch|p2b: Taia|Clefairy, F|100\/100\n|turn|6\n|\n|t:|1697047158\n|move|p2b: Taia|Follow Me|p2b: Taia\n|-singleturn|p2b: Taia|move: Follow Me\n|move|p1b: Rotom|Blizzard|p2b: Taia|[spread] p2b\n|-miss|p1b: Rotom|p2a: Yohken\n|-damage|p2b: Taia|73\/100\n|move|p2a: Yohken|Flash Cannon|p1a: Dachsbun\n|-supereffective|p1a: Dachsbun\n|-damage|p1a: Dachsbun|0 fnt\n|faint|p1a: Dachsbun\n|\n|upkeep\n|\n|t:|1697047173\n|switch|p1a: Sinistcha|Sinistcha|31\/100\n|-heal|p1b: Rotom|51\/100|[from] ability: Hospitality|[of] p1a: Sinistcha\n|turn|7\n|inactive|OceanHazel has 120 seconds left.\n|\n|t:|1697047194\n|-terastallize|p1a: Sinistcha|Fire\n|move|p2b: Taia|Helping Hand|p2a: Yohken\n|-singleturn|p2a: Yohken|Helping Hand|[of] p2b: Taia\n|move|p1b: Rotom|Blizzard|p2b: Taia|[spread] p2b\n|-miss|p1b: Rotom|p2a: Yohken\n|-damage|p2b: Taia|44\/100\n|move|p2a: Yohken|Clanging Scales|p1a: Sinistcha|[spread] p1a,p1b\n|-damage|p1a: Sinistcha|0 fnt\n|-damage|p1b: Rotom|0 fnt\n|faint|p1a: Sinistcha\n|faint|p1b: Rotom\n|-unboost|p2a: Yohken|def|1\n|\n|upkeep\n|\n|t:|1697047206\n|switch|p1b: Dipplin|Dipplin, F|100\/100\n|switch|p1a: Crawdaunt|Crawdaunt, M|100\/100\n|-ability|p1b: Dipplin|Supersweet Syrup\n|-ability|p1b: Dipplin|Supersweet Syrup|boost\n|-unboost|p2a: Yohken|evasion|1\n|-unboost|p2b: Taia|evasion|1\n|turn|8\n|inactive|OceanHazel has 120 seconds left.\n|\n|t:|1697047239\n|move|p2b: Taia|Helping Hand|p2a: Yohken\n|-singleturn|p2a: Yohken|Helping Hand|[of] p2b: Taia\n|move|p2a: Yohken|Clanging Scales|p1a: Crawdaunt|[spread] p1a,p1b\n|-supereffective|p1b: Dipplin\n|-crit|p1b: Dipplin\n|-damage|p1a: Crawdaunt|0 fnt\n|-damage|p1b: Dipplin|0 fnt\n|faint|p1a: Crawdaunt\n|faint|p1b: Dipplin\n|\n|win|fumbari 24\n|raw|OceanHazel's rating: 1272 &rarr; <strong>1256<\/strong><br \/>(-16 for losing)\n|raw|fumbari 24's rating: 1405 &rarr; <strong>1418<\/strong><br \/>(+13 for winning)\n|c|\u2606fumbari 24|Gg\n|c|\u2606OceanHazel|gg\n|c|\u2606OceanHazel|that kommo-o is beast\n|c|\u2606OceanHazel|i love it\n|c|\u2606fumbari 24|Haha thanks\n|c|\u2606OceanHazel|np bro !! <3\n|l|\u2606OceanHazel\n","uploadtime":1697047275,"views":9,"p1id":"oceanhazel","p2id":"fumbari24","formatid":"gen9nationaldexdoubles","rating":1256,"private":0,"password":""}