{"id":"gen9nationaldexdoubles-1962596920","p1":"DiscardedVessel","p2":"fumbari 24","format":"[Gen 9] National Dex Doubles","log":"|j|\u2606DiscardedVessel\n|j|\u2606fumbari 24\n|t:|1696772781\n|gametype|doubles\n|player|p1|DiscardedVessel|veteranf|1402\n|player|p2|fumbari 24|266|1306\n|teamsize|p1|6\n|teamsize|p2|6\n|gen|9\n|tier|[Gen 9] National Dex Doubles\n|rated|\n|rule|HP Percentage Mod: HP is shown in percentages\n|rule|Endless Battle Clause: Forcing endless battles is banned\n|rule|OHKO Clause: OHKO moves are banned\n|rule|Evasion Moves Clause: Evasion moves are banned\n|rule|Evasion Abilities Clause: Evasion abilities are banned\n|rule|Species Clause: Limit one of each Pok\u00e9mon\n|rule|Gravity Sleep Clause: The combination of sleep-inducing moves with imperfect accuracy and Gravity or Gigantamax Orbeetle are banned\n|clearpoke\n|poke|p1|Smeargle, M|\n|poke|p1|Chi-Yu|\n|poke|p1|Metagross|\n|poke|p1|Flutter Mane|\n|poke|p1|Ogerpon-Hearthflame, F|\n|poke|p1|Rillaboom, M|\n|poke|p2|Kommo-o, M|\n|poke|p2|Clefairy, F|\n|poke|p2|Volcanion|\n|poke|p2|Sinistcha|\n|poke|p2|Gardevoir, F|\n|poke|p2|Gallade, M|\n|teampreview\n|inactive|Battle timer is ON: inactive players will automatically lose when time's up. (requested by DiscardedVessel)\n|\n|t:|1696772798\n|start\n|switch|p1a: Ogerpon|Ogerpon-Hearthflame, F|100\/100\n|switch|p1b: Rillaboom|Rillaboom, M|100\/100\n|switch|p2a: Mo Ye|Gardevoir, F|100\/100\n|switch|p2b: Longyuan|Gallade, M|100\/100\n|-ability|p1a: Ogerpon|Mold Breaker\n|-fieldstart|move: Grassy Terrain|[from] ability: Grassy Surge|[of] p2a: Mo Ye\n|-ability|p2a: Mo Ye|Grassy Surge|[from] ability: Trace|[of] p1b: Rillaboom\n|turn|1\n|\n|t:|1696772810\n|detailschange|p2a: Mo Ye|Gardevoir-Mega, F\n|-mega|p2a: Mo Ye|Gardevoir|Gardevoirite\n|move|p2b: Longyuan|Quick Guard|p2b: Longyuan\n|-singleturn|p2b: Longyuan|Quick Guard\n|move|p1b: Rillaboom|Fake Out|p2a: Mo Ye\n|-activate|p2a: Mo Ye|move: Quick Guard\n|move|p1a: Ogerpon|Ivy Cudgel|p2b: Longyuan\n|-damage|p2b: Longyuan|14\/100\n|move|p2a: Mo Ye|Will-O-Wisp|p1b: Rillaboom\n|-status|p1b: Rillaboom|brn\n|\n|-heal|p2b: Longyuan|20\/100|[from] Grassy Terrain\n|-damage|p1b: Rillaboom|94\/100 brn|[from] brn\n|upkeep\n|turn|2\n|\n|t:|1696772830\n|move|p2b: Longyuan|Quick Guard|p2b: Longyuan\n|-singleturn|p2b: Longyuan|Quick Guard\n|move|p1b: Rillaboom|Grassy Glide|p2b: Longyuan\n|-activate|p2b: Longyuan|move: Quick Guard\n|move|p1a: Ogerpon|Ivy Cudgel|p2a: Mo Ye\n|-damage|p2a: Mo Ye|34\/100\n|move|p2a: Mo Ye|Psyshock|p1a: Ogerpon\n|-crit|p1a: Ogerpon\n|-damage|p1a: Ogerpon|13\/100\n|\n|-heal|p1a: Ogerpon|19\/100|[from] Grassy Terrain\n|-heal|p2a: Mo Ye|40\/100|[from] Grassy Terrain\n|-heal|p2b: Longyuan|26\/100|[from] Grassy Terrain\n|-heal|p1b: Rillaboom|100\/100 brn|[from] Grassy Terrain\n|-damage|p1b: Rillaboom|94\/100 brn|[from] brn\n|upkeep\n|turn|3\n|\n|t:|1696772855\n|switch|p2b: Jin|Sinistcha|100\/100\n|-heal|p2a: Mo Ye|65\/100|[from] ability: Hospitality|[of] p2b: Jin\n|move|p2a: Mo Ye|Protect|p2a: Mo Ye\n|-singleturn|p2a: Mo Ye|Protect\n|move|p1b: Rillaboom|Grassy Glide|p2b: Jin\n|-resisted|p2b: Jin\n|-damage|p2b: Jin|92\/100\n|move|p1a: Ogerpon|Ivy Cudgel|p2a: Mo Ye\n|-activate|p2a: Mo Ye|move: Protect\n|\n|-heal|p1a: Ogerpon|25\/100|[from] Grassy Terrain\n|-heal|p2a: Mo Ye|71\/100|[from] Grassy Terrain\n|-heal|p1b: Rillaboom|100\/100 brn|[from] Grassy Terrain\n|-heal|p2b: Jin|98\/100|[from] Grassy Terrain\n|-damage|p1b: Rillaboom|94\/100 brn|[from] brn\n|upkeep\n|turn|4\n|\n|t:|1696772873\n|switch|p2b: Taia|Clefairy, F|100\/100\n|move|p1a: Ogerpon|Ivy Cudgel|p2b: Taia\n|-damage|p2b: Taia|46\/100\n|move|p2a: Mo Ye|Hyper Voice|p1b: Rillaboom|[spread] p1a,p1b\n|-resisted|p1a: Ogerpon\n|-crit|p1a: Ogerpon\n|-damage|p1a: Ogerpon|0 fnt\n|-damage|p1b: Rillaboom|56\/100 brn\n|faint|p1a: Ogerpon\n|move|p1b: Rillaboom|U-turn|p2a: Mo Ye\n|-damage|p2a: Mo Ye|59\/100\n|inactive|DiscardedVessel has 120 seconds left.\n|\n|t:|1696772895\n|switch|p1b: Chi-Yu|Chi-Yu|100\/100|[from] U-turn\n|-ability|p1b: Chi-Yu|Beads of Ruin\n|\n|-heal|p2a: Mo Ye|66\/100|[from] Grassy Terrain\n|-heal|p2b: Taia|53\/100|[from] Grassy Terrain\n|upkeep\n|inactive|DiscardedVessel has 120 seconds left.\n|\n|t:|1696772905\n|switch|p1a: Flutter Mane|Flutter Mane|100\/100\n|-enditem|p1a: Flutter Mane|Booster Energy\n|-activate|p1a: Flutter Mane|ability: Protosynthesis|[fromitem]\n|-start|p1a: Flutter Mane|protosynthesisspe\n|turn|5\n|\n|t:|1696772915\n|move|p2a: Mo Ye|Protect|p2a: Mo Ye\n|-singleturn|p2a: Mo Ye|Protect\n|move|p1a: Flutter Mane|Dazzling Gleam|p2b: Taia|[spread] p2b\n|-activate|p2a: Mo Ye|move: Protect\n|-damage|p2b: Taia|15\/100\n|move|p1b: Chi-Yu|Heat Wave|p2b: Taia|[spread] p2b\n|-activate|p2a: Mo Ye|move: Protect\n|-damage|p2b: Taia|0 fnt\n|faint|p2b: Taia\n|\n|-heal|p2a: Mo Ye|72\/100|[from] Grassy Terrain\n|-fieldend|move: Grassy Terrain\n|upkeep\n|\n|t:|1696772922\n|switch|p2b: Longyuan|Gallade, M|26\/100\n|turn|6\n|\n|t:|1696772933\n|move|p2b: Longyuan|Wide Guard|p2b: Longyuan\n|-singleturn|p2b: Longyuan|Wide Guard\n|move|p1a: Flutter Mane|Moonblast|p2b: Longyuan\n|-supereffective|p2b: Longyuan\n|-damage|p2b: Longyuan|0 fnt\n|faint|p2b: Longyuan\n|move|p1b: Chi-Yu|Heat Wave|p2a: Mo Ye\n|-activate|p2a: Mo Ye|move: Wide Guard\n|move|p2a: Mo Ye|Hyper Voice|p1a: Flutter Mane|[spread] p1a,p1b\n|-damage|p1a: Flutter Mane|40\/100\n|-damage|p1b: Chi-Yu|44\/100\n|\n|upkeep\n|\n|t:|1696772956\n|switch|p2b: Jin|Sinistcha|98\/100\n|-heal|p2a: Mo Ye|97\/100|[from] ability: Hospitality|[of] p2b: Jin\n|turn|7\n|\n|t:|1696772963\n|-terastallize|p2b: Jin|Water\n|move|p1a: Flutter Mane|Shadow Ball|p2b: Jin\n|-damage|p2b: Jin|43\/100\n|-enditem|p2b: Jin|Sitrus Berry|[eat]\n|-heal|p2b: Jin|68\/100|[from] item: Sitrus Berry\n|move|p1b: Chi-Yu|Heat Wave|p2a: Mo Ye|[spread] p2a,p2b\n|-resisted|p2b: Jin\n|-damage|p2a: Mo Ye|59\/100\n|-damage|p2b: Jin|43\/100\n|move|p2a: Mo Ye|Hyper Voice|p1a: Flutter Mane|[spread] p1a,p1b\n|-damage|p1a: Flutter Mane|0 fnt\n|-damage|p1b: Chi-Yu|0 fnt\n|faint|p1a: Flutter Mane\n|-end|p1a: Flutter Mane|Protosynthesis|[silent]\n|faint|p1b: Chi-Yu\n|move|p2b: Jin|Matcha Gotcha|p1: Flutter Mane|[notarget]\n|-fail|p2b: Jin\n|\n|upkeep\n|\n|t:|1696772977\n|switch|p1a: Metagross|Metagross, shiny|100\/100\n|switch|p1b: Rillaboom|Rillaboom, M|56\/100 brn\n|-fieldstart|move: Grassy Terrain|[from] ability: Grassy Surge|[of] p1b: Rillaboom\n|turn|8\n|\n|t:|1696772989\n|detailschange|p1a: Metagross|Metagross-Mega, shiny\n|-mega|p1a: Metagross|Metagross|Metagrossite\n|move|p2a: Mo Ye|Protect|p2a: Mo Ye\n|-singleturn|p2a: Mo Ye|Protect\n|move|p1a: Metagross|Bullet Punch|p2a: Mo Ye\n|-activate|p2a: Mo Ye|move: Protect\n|move|p1b: Rillaboom|Grassy Glide|p2b: Jin\n|-supereffective|p2b: Jin\n|-damage|p2b: Jin|10\/100\n|move|p2b: Jin|Strength Sap|p1a: Metagross\n|-unboost|p1a: Metagross|atk|1\n|-heal|p2b: Jin|100\/100\n|\n|-heal|p2a: Mo Ye|66\/100|[from] Grassy Terrain\n|-heal|p1b: Rillaboom|62\/100 brn|[from] Grassy Terrain\n|-damage|p1b: Rillaboom|56\/100 brn|[from] brn\n|upkeep\n|turn|9\n|\n|t:|1696773005\n|move|p2b: Jin|Rage Powder|p2b: Jin\n|-singleturn|p2b: Jin|move: Rage Powder\n|move|p1a: Metagross|Bullet Punch|p2b: Jin\n|-resisted|p2b: Jin\n|-damage|p2b: Jin|92\/100\n|move|p1b: Rillaboom|Grassy Glide|p2a: Mo Ye\n|-damage|p2a: Mo Ye|41\/100\n|move|p2a: Mo Ye|Will-O-Wisp|p1a: Metagross|[miss]\n|-miss|p2a: Mo Ye|p1a: Metagross\n|\n|-heal|p2a: Mo Ye|48\/100|[from] Grassy Terrain\n|-heal|p1b: Rillaboom|62\/100 brn|[from] Grassy Terrain\n|-heal|p2b: Jin|98\/100|[from] Grassy Terrain\n|-damage|p1b: Rillaboom|56\/100 brn|[from] brn\n|upkeep\n|turn|10\n|\n|t:|1696773017\n|move|p2b: Jin|Rage Powder|p2b: Jin\n|-singleturn|p2b: Jin|move: Rage Powder\n|move|p1a: Metagross|Bullet Punch|p2b: Jin\n|-resisted|p2b: Jin\n|-damage|p2b: Jin|90\/100\n|move|p1b: Rillaboom|Grassy Glide|p2a: Mo Ye\n|-damage|p2a: Mo Ye|26\/100\n|move|p2a: Mo Ye|Will-O-Wisp|p1a: Metagross\n|-status|p1a: Metagross|brn\n|\n|-heal|p2a: Mo Ye|32\/100|[from] Grassy Terrain\n|-heal|p1b: Rillaboom|62\/100 brn|[from] Grassy Terrain\n|-heal|p2b: Jin|96\/100|[from] Grassy Terrain\n|-damage|p1a: Metagross|95\/100 brn|[from] brn\n|-damage|p1b: Rillaboom|56\/100 brn|[from] brn\n|upkeep\n|turn|11\n|-message|DiscardedVessel forfeited.\n|\n|win|fumbari 24\n|raw|DiscardedVessel's rating: 1402 &rarr; <strong>1377<\/strong><br \/>(-25 for losing)\n|raw|fumbari 24's rating: 1306 &rarr; <strong>1331<\/strong><br \/>(+25 for winning)\n|l|\u2606DiscardedVessel\n|l|\u2606fumbari 24\n|j|\u2606fumbari 24\n|player|p2|fumbari 24|266\n","uploadtime":1696773463,"views":11,"p1id":"discardedvessel","p2id":"fumbari24","formatid":"gen9nationaldexdoubles","rating":1331,"private":0,"password":""}