{"id":"gen9nationaldexdoubles-1973191658","p1":"Zelphalopod","p2":"Datagne","format":"[Gen 9] National Dex Doubles","log":"|j|\u2606Zelphalopod\n|j|\u2606Datagne\n|t:|1697937739\n|gametype|doubles\n|player|p1|Zelphalopod|brendan-masters|\n|player|p2|Datagne|will|\n|teamsize|p1|6\n|teamsize|p2|6\n|gen|9\n|tier|[Gen 9] National Dex Doubles\n|rule|HP Percentage Mod: HP is shown in percentages\n|rule|Endless Battle Clause: Forcing endless battles is banned\n|rule|OHKO Clause: OHKO moves are banned\n|rule|Evasion Moves Clause: Evasion moves are banned\n|rule|Evasion Abilities Clause: Evasion abilities are banned\n|rule|Species Clause: Limit one of each Pok\u00e9mon\n|rule|Gravity Sleep Clause: The combination of sleep-inducing moves with imperfect accuracy and Gravity or Gigantamax Orbeetle are banned\n|clearpoke\n|poke|p1|Blaziken, M|\n|poke|p1|Samurott-Hisui, M|\n|poke|p1|Arboliva, F|\n|poke|p1|Brute Bonnet|\n|poke|p1|Volcanion|\n|poke|p1|Gyarados, M|\n|poke|p2|Klefki, F|\n|poke|p2|Gigalith, F|\n|poke|p2|Kingambit, M|\n|poke|p2|Enamorus-Therian, F|\n|poke|p2|Great Tusk|\n|poke|p2|Clodsire, M|\n|teampreview\n|j| Relleth\n|j| SgtSmilies\n|c| SgtSmilies|BO1 or BO3?\n|c|\u2606Datagne|BO3\n|\n|t:|1697937773\n|start\n|switch|p1a: Taro|Blaziken, M|100\/100\n|switch|p1b: Shui-Long|Gyarados, M|100\/100\n|switch|p2a: Aun|Kingambit, M|100\/100\n|switch|p2b: Horny|Great Tusk|100\/100\n|-ability|p1b: Shui-Long|Intimidate|boost\n|-unboost|p2a: Aun|atk|1\n|-ability|p2a: Aun|Defiant|boost\n|-boost|p2a: Aun|atk|2\n|-unboost|p2b: Horny|atk|1\n|turn|1\n|\n|t:|1697937802\n|switch|p1a: Among|Brute Bonnet|100\/100\n|-enditem|p1a: Among|Booster Energy\n|-activate|p1a: Among|ability: Protosynthesis|[fromitem]\n|-start|p1a: Among|protosynthesisdef\n|move|p2a: Aun|Protect|p2a: Aun\n|-singleturn|p2a: Aun|Protect\n|move|p2b: Horny|Rock Slide|p1b: Shui-Long|[spread] p1a,p1b\n|-supereffective|p1b: Shui-Long\n|-damage|p1a: Among|95\/100\n|-damage|p1b: Shui-Long|74\/100\n|cant|p1b: Shui-Long|flinch\n|\n|-heal|p1b: Shui-Long|80\/100|[from] item: Leftovers\n|upkeep\n|turn|2\n|c|\u2606Zelphalopod|:doga:\n|c|\u2606Zelphalopod|icfb this\n|c| Relleth|AUSTRALIA\n|c|\u2606Zelphalopod|MYSTIC\n|c| SgtSmilies|AUSTRALIA\n|\n|t:|1697937827\n|move|p1a: Among|Rage Powder|p1a: Among\n|-singleturn|p1a: Among|move: Rage Powder\n|move|p2b: Horny|Rock Slide|p1b: Shui-Long|[spread] p1a,p1b\n|-supereffective|p1b: Shui-Long\n|-damage|p1a: Among|89\/100\n|-damage|p1b: Shui-Long|50\/100\n|cant|p1b: Shui-Long|flinch\n|move|p2a: Aun|Brick Break|p1a: Among\n|-supereffective|p1a: Among\n|-damage|p1a: Among|33\/100\n|-damage|p2a: Aun|91\/100|[from] item: Life Orb\n|\n|-heal|p1b: Shui-Long|56\/100|[from] item: Leftovers\n|upkeep\n|turn|3\n|j| Camdar\n|c| SgtSmilies|AUSTRALIA\n|c|\u2606Datagne|Incredible\n|c| Relleth|AUS\n|c|\u2606Zelphalopod|I'm gonna kms\n|c| Relleth|TRA\n|c| Relleth|LIA\n|c| Camdar|bruh\n|c|\u2606Datagne|This king's rock is doing work\n|\n|t:|1697937855\n|-end|p1a: Among|Protosynthesis|[silent]\n|switch|p1a: Crown|Arboliva, F|100\/100\n|move|p2a: Aun|Protect|p2a: Aun\n|-singleturn|p2a: Aun|Protect\n|move|p2b: Horny|Rock Slide|p1a: Crown|[spread] p1a,p1b\n|-supereffective|p1b: Shui-Long\n|-damage|p1a: Crown|87\/100\n|-damage|p1b: Shui-Long|28\/100\n|cant|p1b: Shui-Long|flinch\n|\n|-heal|p1b: Shui-Long|34\/100|[from] item: Leftovers\n|upkeep\n|turn|4\n|c| Relleth|A\n|c| SgtSmilies|AAAAAAAAAAAAAAAAAAAAAAA\n|c|\u2606Zelphalopod|[sigh]\n|c|\u2606Datagne|Okay but actually\n|c|\u2606Datagne|wtf\n|c| Camdar|oh my god\n|c|\u2606Zelphalopod|I'm not gonna talk anymore\n|\n|t:|1697937878\n|switch|p2a: Omelette|Clodsire, M|100\/100\n|move|p1b: Shui-Long|Protect|p1b: Shui-Long\n|-singleturn|p1b: Shui-Long|Protect\n|move|p2b: Horny|Rock Slide|p1b: Shui-Long|[spread] p1a\n|-activate|p1b: Shui-Long|move: Protect\n|-damage|p1a: Crown|74\/100\n|cant|p1a: Crown|flinch\n|\n|-heal|p1b: Shui-Long|40\/100|[from] item: Leftovers\n|upkeep\n|turn|5\n|c| SgtSmilies|bro\n|c| SgtSmilies|i am so sorry\n|\n|t:|1697937895\n|move|p2b: Horny|Rock Slide|p1b: Shui-Long|[spread] p1a\n|-miss|p2b: Horny|p1b: Shui-Long\n|-damage|p1a: Crown|61\/100\n|move|p1b: Shui-Long|Icy Wind|p2b: Horny|[spread] p2a,p2b\n|-supereffective|p2a: Omelette\n|-supereffective|p2b: Horny\n|-damage|p2a: Omelette|94\/100\n|-damage|p2b: Horny|82\/100\n|-unboost|p2a: Omelette|spe|1\n|-unboost|p2b: Horny|spe|1\n|move|p1a: Crown|Reflect|p1a: Crown\n|-sidestart|p1: Zelphalopod|Reflect\n|move|p2a: Omelette|Toxic|p1b: Shui-Long\n|-status|p1b: Shui-Long|tox\n|\n|-heal|p1b: Shui-Long|46\/100 tox|[from] item: Leftovers\n|-heal|p2a: Omelette|99\/100|[from] item: Black Sludge\n|-damage|p1b: Shui-Long|40\/100 tox|[from] psn\n|upkeep\n|turn|6\n|c| Camdar|there's something in the water\n|\n|t:|1697937921\n|-end|p2b: Horny|Protosynthesis|[silent]\n|switch|p2b: Jingles|Klefki, F|100\/100\n|switch|p1b: Yin|Samurott-Hisui, M|100\/100\n|move|p2a: Omelette|Protect|p2a: Omelette\n|-singleturn|p2a: Omelette|Protect\n|move|p1a: Crown|Grass Knot|p2b: Jingles\n|-resisted|p2b: Jingles\n|-damage|p2b: Jingles|95\/100\n|\n|-heal|p2a: Omelette|100\/100|[from] item: Black Sludge\n|upkeep\n|turn|7\n|\n|t:|1697937955\n|move|p2b: Jingles|Reflect|p2b: Jingles\n|-sidestart|p2: Datagne|Reflect\n|move|p1b: Yin|Ceaseless Edge|p2a: Omelette\n|-damage|p2a: Omelette|64\/100\n|-sidestart|p2: Datagne|Spikes\n|move|p1a: Crown|Leech Seed|p2a: Omelette|[miss]\n|-miss|p1a: Crown|p2a: Omelette\n|move|p2a: Omelette|Toxic|p1b: Yin\n|-status|p1b: Yin|tox\n|\n|-heal|p2a: Omelette|70\/100|[from] item: Black Sludge\n|-damage|p1b: Yin|94\/100 tox|[from] psn\n|upkeep\n|turn|8\n|c| Camdar|i'm sorry zel\n|\n|t:|1697937981\n|move|p2b: Jingles|Light Screen|p2b: Jingles\n|-sidestart|p2: Datagne|move: Light Screen\n|move|p1b: Yin|Flip Turn|p2b: Jingles\n|-damage|p2b: Jingles|78\/100\n|\n|t:|1697937990\n|switch|p1b: Shui-Long|Gyarados, M|40\/100 tox|[from] Flip Turn\n|-ability|p1b: Shui-Long|Intimidate|boost\n|-unboost|p2a: Omelette|atk|1\n|-unboost|p2b: Jingles|atk|1\n|move|p1a: Crown|Leech Seed|p2a: Omelette|[miss]\n|-miss|p1a: Crown|p2a: Omelette\n|move|p2a: Omelette|Toxic|p1a: Crown\n|-status|p1a: Crown|tox\n|\n|-heal|p1b: Shui-Long|46\/100 tox|[from] item: Leftovers\n|-heal|p2a: Omelette|77\/100|[from] item: Black Sludge\n|-damage|p1b: Shui-Long|40\/100 tox|[from] psn\n|-damage|p1a: Crown|55\/100 tox|[from] psn\n|upkeep\n|turn|9\n|c| Camdar|i invoked the wrath of an evil god by claiming that i'm officially unluckier than you\n|c| Camdar|and whatever god is in charge of your fate took issue\n|c|\u2606Zelphalopod|can I just\n|c|\u2606Zelphalopod|end this\n|c|\u2606Zelphalopod|so I don't piss myself off\n|c|\u2606Datagne|I decided to use 100% of my luck today\n|\n|t:|1697938022\n|switch|p2b: Limestone|Gigalith, F|100\/100\n|-damage|p2b: Limestone|88\/100|[from] Spikes\n|-weather|Sandstorm|[from] ability: Sand Stream|[of] p2b: Limestone\n|move|p2a: Omelette|Protect|p2a: Omelette\n|-singleturn|p2a: Omelette|Protect\n|move|p1b: Shui-Long|Icy Wind|p2b: Limestone|[spread] p2b\n|-activate|p2a: Omelette|move: Protect\n|-damage|p2b: Limestone|85\/100\n|-unboost|p2b: Limestone|spe|1\n|move|p1a: Crown|Leech Seed|p2a: Omelette\n|-activate|p2a: Omelette|move: Protect\n|\n|-weather|Sandstorm|[upkeep]\n|-damage|p1b: Shui-Long|34\/100 tox|[from] Sandstorm\n|-damage|p1a: Crown|49\/100 tox|[from] Sandstorm\n|-enditem|p1a: Crown|Sitrus Berry|[eat]\n|-heal|p1a: Crown|74\/100 tox|[from] item: Sitrus Berry\n|-heal|p1b: Shui-Long|40\/100 tox|[from] item: Leftovers\n|-heal|p2a: Omelette|83\/100|[from] item: Black Sludge\n|-damage|p1b: Shui-Long|28\/100 tox|[from] psn\n|-damage|p1a: Crown|62\/100 tox|[from] psn\n|-sideend|p1: Zelphalopod|Reflect\n|upkeep\n|turn|10\n|\n|t:|1697938052\n|move|p1b: Shui-Long|Protect|p1b: Shui-Long\n|-singleturn|p1b: Shui-Long|Protect\n|move|p1a: Crown|Grass Knot|p2b: Limestone\n|-supereffective|p2b: Limestone\n|-damage|p2b: Limestone|29\/100\n|move|p2b: Limestone|Rock Slide|p1a: Crown|[spread] p1a\n|-activate|p1b: Shui-Long|move: Protect\n|-damage|p1a: Crown|10\/100 tox\n|move|p2a: Omelette|Recover|p2a: Omelette\n|-heal|p2a: Omelette|100\/100\n|\n|-weather|Sandstorm|[upkeep]\n|-damage|p1b: Shui-Long|22\/100 tox|[from] Sandstorm\n|-damage|p1a: Crown|4\/100 tox|[from] Sandstorm\n|-heal|p1b: Shui-Long|28\/100 tox|[from] item: Leftovers\n|-damage|p1b: Shui-Long|10\/100 tox|[from] psn\n|-damage|p1a: Crown|0 fnt|[from] psn\n|faint|p1a: Crown\n|upkeep\n|\n|t:|1697938071\n|switch|p1a: Storm|Volcanion|100\/100\n|turn|11\n|\n|t:|1697938079\n|switch|p2b: Jingles|Klefki, F|78\/100\n|-damage|p2b: Jingles|66\/100|[from] Spikes\n|move|p1b: Shui-Long|Ice Fang|p2a: Omelette\n|-supereffective|p2a: Omelette\n|-damage|p2a: Omelette|62\/100\n|move|p1a: Storm|Steam Eruption|p2b: Jingles\n|-damage|p2b: Jingles|19\/100\n|-status|p2b: Jingles|brn\n|move|p2a: Omelette|Earth Power|p1a: Storm\n|-supereffective|p1a: Storm\n|-damage|p1a: Storm|76\/100\n|\n|-weather|Sandstorm|[upkeep]\n|-damage|p1b: Shui-Long|4\/100 tox|[from] Sandstorm\n|-damage|p1a: Storm|70\/100|[from] Sandstorm\n|-heal|p1b: Shui-Long|10\/100 tox|[from] item: Leftovers\n|-heal|p2a: Omelette|69\/100|[from] item: Black Sludge\n|-damage|p1b: Shui-Long|0 fnt|[from] psn\n|faint|p1b: Shui-Long\n|-damage|p2b: Jingles|13\/100 brn|[from] brn\n|upkeep\n|\n|t:|1697938102\n|switch|p1b: Among|Brute Bonnet|33\/100\n|turn|12\n|\n|t:|1697938108\n|move|p2b: Jingles|Protect|p2b: Jingles\n|-singleturn|p2b: Jingles|Protect\n|move|p1a: Storm|Heat Wave|p2a: Omelette|[spread] p2a\n|-activate|p2b: Jingles|move: Protect\n|-damage|p2a: Omelette|55\/100\n|move|p1b: Among|Spore|p2a: Omelette\n|-status|p2a: Omelette|slp|[from] move: Spore\n|cant|p2a: Omelette|slp\n|\n|-weather|Sandstorm|[upkeep]\n|-damage|p1a: Storm|64\/100|[from] Sandstorm\n|-damage|p1b: Among|27\/100|[from] Sandstorm\n|-heal|p2a: Omelette|61\/100 slp|[from] item: Black Sludge\n|-damage|p2b: Jingles|7\/100 brn|[from] brn\n|upkeep\n|turn|13\n|\n|t:|1697938136\n|switch|p2b: Tortle|Enamorus-Therian, F|100\/100\n|move|p1a: Storm|Heat Wave|p2a: Omelette|[spread] p2a,p2b\n|-damage|p2a: Omelette|47\/100 slp\n|-damage|p2b: Tortle|83\/100\n|-status|p2b: Tortle|brn\n|move|p1b: Among|Crunch|p2b: Tortle\n|-resisted|p2b: Tortle\n|-damage|p2b: Tortle|73\/100 brn\n|-unboost|p2b: Tortle|def|1\n|cant|p2a: Omelette|slp\n|\n|-weather|none\n|-heal|p2a: Omelette|54\/100 slp|[from] item: Black Sludge\n|-damage|p2b: Tortle|67\/100 brn|[from] brn\n|upkeep\n|turn|14\n|c| Relleth|RNG is shifting sides\n|\n|t:|1697938161\n|move|p1b: Among|Rage Powder|p1b: Among\n|-singleturn|p1b: Among|move: Rage Powder\n|move|p1a: Storm|Steam Eruption|p2b: Tortle\n|-damage|p2b: Tortle|42\/100 brn\n|move|p2b: Tortle|Springtide Storm|p1a: Storm|[spread] p1a,p1b\n|-resisted|p1a: Storm\n|-supereffective|p1b: Among\n|-damage|p1a: Storm|50\/100\n|-damage|p1b: Among|0 fnt\n|faint|p1b: Among\n|-end|p1b: Among|Protosynthesis|[silent]\n|cant|p2a: Omelette|slp\n|\n|-heal|p2a: Omelette|60\/100 slp|[from] item: Black Sludge\n|-damage|p2b: Tortle|36\/100 brn|[from] brn\n|-sideend|p2: Datagne|Reflect\n|upkeep\n|c|\u2606Zelphalopod|is it\n|\n|t:|1697938175\n|switch|p1b: Taro|Blaziken, M|100\/100\n|turn|15\n|c| Relleth|slowly\n|c| Relleth|I believe\n|\n|t:|1697938195\n|move|p1b: Taro|Flare Blitz|p2b: Tortle\n|-damage|p2b: Tortle|0 fnt\n|faint|p2b: Tortle\n|-damage|p1b: Taro|88\/100|[from] Recoil\n|-damage|p1b: Taro|78\/100|[from] item: Life Orb\n|move|p1a: Storm|Earth Power|p2a: Omelette\n|-supereffective|p2a: Omelette\n|-damage|p2a: Omelette|38\/100 slp\n|-curestatus|p2a: Omelette|slp|[msg]\n|move|p2a: Omelette|Toxic|p1a: Storm\n|-status|p1a: Storm|tox\n|\n|-heal|p2a: Omelette|44\/100|[from] item: Black Sludge\n|-damage|p1a: Storm|44\/100 tox|[from] psn\n|-sideend|p2: Datagne|move: Light Screen\n|-ability|p1b: Taro|Speed Boost|boost\n|-boost|p1b: Taro|spe|1\n|upkeep\n|c|\u2606Zelphalopod|one of us has to\n|\n|t:|1697938213\n|switch|p2b: Horny|Great Tusk|82\/100\n|-damage|p2b: Horny|70\/100|[from] Spikes\n|turn|16\n|\n|t:|1697938239\n|-terastallize|p1a: Storm|Ground\n|move|p1b: Taro|Detect|p1b: Taro\n|-singleturn|p1b: Taro|Protect\n|move|p2a: Omelette|Protect|p2a: Omelette\n|-singleturn|p2a: Omelette|Protect\n|move|p2b: Horny|Earthquake|p1b: Taro|[spread] p1a\n|-activate|p2a: Omelette|move: Protect\n|-activate|p1b: Taro|move: Protect\n|-damage|p1a: Storm|16\/100 tox\n|move|p1a: Storm|Earth Power|p2a: Omelette\n|-activate|p2a: Omelette|move: Protect\n|\n|-heal|p2a: Omelette|50\/100|[from] item: Black Sludge\n|-damage|p1a: Storm|4\/100 tox|[from] psn\n|-ability|p1b: Taro|Speed Boost|boost\n|-boost|p1b: Taro|spe|1\n|upkeep\n|turn|17\n|\n|t:|1697938271\n|move|p2a: Omelette|Protect|p2a: Omelette\n|-singleturn|p2a: Omelette|Protect\n|move|p1b: Taro|Close Combat|p2b: Horny\n|-damage|p2b: Horny|10\/100\n|-unboost|p1b: Taro|def|1\n|-unboost|p1b: Taro|spd|1\n|-damage|p1b: Taro|68\/100|[from] item: Life Orb\n|move|p2b: Horny|Earthquake|p1a: Storm|[spread] p1a,p1b\n|-activate|p2a: Omelette|move: Protect\n|-supereffective|p1b: Taro\n|-damage|p1a: Storm|0 fnt\n|-damage|p1b: Taro|0 fnt\n|faint|p1a: Storm\n|faint|p1b: Taro\n|\n|-heal|p2a: Omelette|57\/100|[from] item: Black Sludge\n|upkeep\n|\n|t:|1697938287\n|switch|p1a: Yin|Samurott-Hisui, M|94\/100 tox\n|turn|18\n|\n|t:|1697938294\n|-end|p2b: Horny|Protosynthesis|[silent]\n|switch|p2b: Aun|Kingambit, M|91\/100\n|-damage|p2b: Aun|78\/100|[from] Spikes\n|move|p1a: Yin|Aqua Cutter|p2b: Aun\n|-damage|p2b: Aun|37\/100\n|move|p2a: Omelette|Recover|p2a: Omelette\n|-heal|p2a: Omelette|100\/100\n|\n|-damage|p1a: Yin|88\/100 tox|[from] psn\n|upkeep\n|turn|19\n|\n|t:|1697938308\n|move|p2b: Aun|Protect|p2b: Aun\n|-singleturn|p2b: Aun|Protect\n|move|p1a: Yin|Sacred Sword|p2b: Aun\n|-activate|p2b: Aun|move: Protect\n|move|p2a: Omelette|Earth Power|p1a: Yin\n|-damage|p1a: Yin|64\/100 tox\n|\n|-damage|p1a: Yin|51\/100 tox|[from] psn\n|upkeep\n|turn|20\n|\n|t:|1697938324\n|-terastallize|p2b: Aun|Ghost\n|move|p1a: Yin|Sacred Sword|p2b: Aun\n|-immune|p2b: Aun\n|move|p2b: Aun|Brick Break|p1a: Yin\n|-supereffective|p1a: Yin\n|-damage|p1a: Yin|0 fnt\n|faint|p1a: Yin\n|-damage|p2b: Aun|27\/100|[from] item: Life Orb\n|\n|win|Datagne\n|l|\u2606Zelphalopod\n|c|\u2606Datagne|I didn't deserve that one\n","uploadtime":1697938335,"views":17,"p1id":"zelphalopod","p2id":"datagne","formatid":"gen9nationaldexdoubles","rating":0,"private":0,"password":""}