{"id":"gen9nationaldexdoubles-1976313297","p1":"battlesmudge","p2":"omegashenronone","format":"[Gen 9] National Dex Doubles","log":"|j|\u2606battlesmudge\n|j|\u2606omegashenronone\n|t:|1698285420\n|gametype|doubles\n|player|p1|battlesmudge|2|\n|player|p2|omegashenronone|hugh|\n|teamsize|p1|6\n|teamsize|p2|6\n|gen|9\n|tier|[Gen 9] National Dex Doubles\n|rule|HP Percentage Mod: HP is shown in percentages\n|rule|Endless Battle Clause: Forcing endless battles is banned\n|rule|OHKO Clause: OHKO moves are banned\n|rule|Evasion Moves Clause: Evasion moves are banned\n|rule|Evasion Abilities Clause: Evasion abilities are banned\n|rule|Species Clause: Limit one of each Pok\u00e9mon\n|rule|Gravity Sleep Clause: The combination of sleep-inducing moves with imperfect accuracy and Gravity or Gigantamax Orbeetle are banned\n|clearpoke\n|poke|p1|Charizard, M|\n|poke|p1|Alomomola, F|\n|poke|p1|Heatran, F|\n|poke|p1|Kommo-o, M|\n|poke|p1|Corviknight, F|\n|poke|p1|Clodsire, M|\n|poke|p2|Urshifu-*, M|\n|poke|p2|Rotom-Wash|\n|poke|p2|Greninja-*, M|\n|poke|p2|Pelipper, M|\n|poke|p2|Swampert, M|\n|poke|p2|Kingdra, M|\n|teampreview\n|inactive|Battle timer is ON: inactive players will automatically lose when time's up. (requested by omegashenronone)\n|\n|t:|1698285445\n|start\n|switch|p1a: Corviknight|Corviknight, F|100\/100\n|switch|p1b: Kommo-o|Kommo-o, M|100\/100\n|switch|p2a: Happy|Pelipper, M|100\/100\n|switch|p2b: Genji|Greninja, M, shiny|100\/100\n|-weather|RainDance|[from] ability: Drizzle|[of] p2a: Happy\n|turn|1\n|\n|t:|1698285452\n|move|p2b: Genji|Ice Beam|p1b: Kommo-o\n|-start|p2b: Genji|typechange|Ice|[from] ability: Protean\n|-supereffective|p1b: Kommo-o\n|-damage|p1b: Kommo-o|0 fnt\n|faint|p1b: Kommo-o\n|move|p2a: Happy|Hurricane|p1a: Corviknight\n|-resisted|p1a: Corviknight\n|-damage|p1a: Corviknight|88\/100\n|move|p1a: Corviknight|Tailwind|p1a: Corviknight\n|-sidestart|p1: battlesmudge|move: Tailwind\n|\n|-weather|RainDance|[upkeep]\n|upkeep\n|\n|t:|1698285465\n|switch|p1b: Charizard|Charizard, M|100\/100\n|turn|2\n|\n|t:|1698285477\n|detailschange|p1b: Charizard|Charizard-Mega-X, M\n|-mega|p1b: Charizard|Charizard|Charizardite X\n|move|p1b: Charizard|Flare Blitz|p2b: Genji\n|-supereffective|p2b: Genji\n|-damage|p2b: Genji|0 fnt\n|faint|p2b: Genji\n|-damage|p1b: Charizard|69\/100|[from] Recoil\n|move|p1a: Corviknight|U-turn|p2a: Happy\n|-resisted|p2a: Happy\n|-damage|p2a: Happy|92\/100\n|\n|t:|1698285486\n|switch|p1a: Clodsire|Clodsire, M|100\/100|[from] U-turn\n|move|p2a: Happy|Tailwind|p2a: Happy\n|-sidestart|p2: omegashenronone|move: Tailwind\n|\n|-weather|RainDance|[upkeep]\n|upkeep\n|\n|t:|1698285499\n|switch|p2b: Hur-Hur-Hur|Kingdra, M|100\/100\n|turn|3\n|\n|t:|1698285509\n|move|p2b: Hur-Hur-Hur|Draco Meteor|p1b: Charizard\n|-supereffective|p1b: Charizard\n|-damage|p1b: Charizard|0 fnt\n|-unboost|p2b: Hur-Hur-Hur|spa|2\n|faint|p1b: Charizard\n|move|p2a: Happy|U-turn|p1a: Clodsire\n|-resisted|p1a: Clodsire\n|-damage|p1a: Clodsire|96\/100\n|\n|t:|1698285520\n|switch|p2a: Former rotom phone|Rotom-Wash, shiny|100\/100|[from] U-turn\n|move|p1a: Clodsire|Stealth Rock|p2a: Former rotom phone\n|-sidestart|p2: omegashenronone|move: Stealth Rock\n|\n|-weather|RainDance|[upkeep]\n|-heal|p1a: Clodsire|100\/100|[from] item: Leftovers\n|upkeep\n|\n|t:|1698285526\n|switch|p1b: Heatran|Heatran, F|100\/100\n|turn|4\n|\n|t:|1698285545\n|switch|p2b: Gym bro|Swampert, M|100\/100\n|-damage|p2b: Gym bro|94\/100|[from] Stealth Rock\n|switch|p1a: Corviknight|Corviknight, F|88\/100\n|-terastallize|p1b: Heatran|Grass\n|move|p2a: Former rotom phone|Hidden Power|p1b: Heatran\n|-resisted|p1b: Heatran\n|-damage|p1b: Heatran|94\/100\n|-damage|p2a: Former rotom phone|91\/100|[from] item: Life Orb\n|move|p1b: Heatran|Tera Blast|p2a: Former rotom phone|[anim] Tera Blast Grass\n|-supereffective|p2a: Former rotom phone\n|-damage|p2a: Former rotom phone|0 fnt\n|faint|p2a: Former rotom phone\n|\n|-weather|RainDance|[upkeep]\n|-sideend|p1: battlesmudge|move: Tailwind\n|upkeep\n|inactive|omegashenronone has 270 seconds left.\n|\n|t:|1698285566\n|switch|p2a: Hur-Hur-Hur|Kingdra, M|100\/100\n|-damage|p2a: Hur-Hur-Hur|88\/100|[from] Stealth Rock\n|turn|5\n|\n|t:|1698285581\n|switch|p1b: Clodsire|Clodsire, M|100\/100\n|detailschange|p2b: Gym bro|Swampert-Mega, M\n|-mega|p2b: Gym bro|Swampert|Swampertite\n|move|p2a: Hur-Hur-Hur|Hurricane|p1b: Clodsire\n|-damage|p1b: Clodsire|73\/100\n|move|p2b: Gym bro|Liquidation|p1a: Corviknight\n|-damage|p1a: Corviknight|19\/100\n|-ability|p1a: Corviknight|Mirror Armor\n|-unboost|p2b: Gym bro|def|1\n|-damage|p2b: Gym bro|78\/100|[from] item: Rocky Helmet|[of] p1a: Corviknight\n|move|p1a: Corviknight|Tailwind|p1a: Corviknight\n|-sidestart|p1: battlesmudge|move: Tailwind\n|\n|-weather|RainDance|[upkeep]\n|-heal|p1b: Clodsire|79\/100|[from] item: Leftovers\n|-sideend|p2: omegashenronone|move: Tailwind\n|upkeep\n|turn|6\n|inactive|battlesmudge has 270 seconds left.\n|\n|t:|1698285615\n|switch|p1a: Alomomola|Alomomola, F|100\/100\n|move|p2a: Hur-Hur-Hur|Hurricane|p1a: Alomomola\n|-damage|p1a: Alomomola|41\/100\n|-enditem|p1a: Alomomola|Red Card|[of] p2a: Hur-Hur-Hur\n|drag|p2a: Master Shi-Fu!|Urshifu-Rapid-Strike, M|100\/100\n|-damage|p2a: Master Shi-Fu!|94\/100|[from] Stealth Rock\n|move|p2b: Gym bro|Liquidation|p1a: Alomomola\n|-resisted|p1a: Alomomola\n|-damage|p1a: Alomomola|20\/100\n|move|p1b: Clodsire|Earthquake|p2a: Master Shi-Fu!|[spread] p1a,p2a,p2b\n|-crit|p2b: Gym bro\n|-damage|p1a: Alomomola|8\/100\n|-damage|p2a: Master Shi-Fu!|75\/100\n|-damage|p2b: Gym bro|36\/100\n|\n|-weather|RainDance|[upkeep]\n|-heal|p1b: Clodsire|85\/100|[from] item: Leftovers\n|upkeep\n|turn|7\n|inactive|battlesmudge has 270 seconds left.\n|inactive|omegashenronone has 270 seconds left.\n|\n|t:|1698285657\n|switch|p1a: Heatran|Heatran, F, tera:Grass|94\/100\n|switch|p1b: Corviknight|Corviknight, F|19\/100\n|move|p2b: Gym bro|Liquidation|p1a: Heatran\n|-resisted|p1a: Heatran\n|-damage|p1a: Heatran|59\/100\n|move|p2a: Master Shi-Fu!|Close Combat|p1b: Corviknight\n|-damage|p1b: Corviknight|0 fnt\n|-unboost|p2a: Master Shi-Fu!|def|1\n|-unboost|p2a: Master Shi-Fu!|spd|1\n|-damage|p2a: Master Shi-Fu!|58\/100|[from] item: Rocky Helmet|[of] p1b: Corviknight\n|faint|p1b: Corviknight\n|-damage|p2a: Master Shi-Fu!|48\/100|[from] item: Life Orb\n|\n|-weather|RainDance|[upkeep]\n|upkeep\n|\n|t:|1698285669\n|switch|p1b: Alomomola|Alomomola, F|42\/100\n|turn|8\n|inactive|battlesmudge has 270 seconds left.\n|\n|t:|1698285683\n|switch|p1b: Clodsire|Clodsire, M|85\/100\n|move|p2a: Master Shi-Fu!|Protect|p2a: Master Shi-Fu!\n|-singleturn|p2a: Master Shi-Fu!|Protect\n|move|p1a: Heatran|Tera Blast|p2a: Master Shi-Fu!|[anim] Tera Blast Grass\n|-activate|p2a: Master Shi-Fu!|move: Protect\n|move|p2b: Gym bro|Earthquake|p1a: Heatran|[spread] p1a,p1b\n|-activate|p2a: Master Shi-Fu!|move: Protect\n|-resisted|p1a: Heatran\n|-supereffective|p1b: Clodsire\n|-crit|p1b: Clodsire\n|-damage|p1a: Heatran|38\/100\n|-damage|p1b: Clodsire|0 fnt\n|faint|p1b: Clodsire\n|\n|-weather|none\n|-sideend|p1: battlesmudge|move: Tailwind\n|upkeep\n|inactive|battlesmudge has 270 seconds left.\n|\n|t:|1698285690\n|switch|p1b: Alomomola|Alomomola, F|75\/100\n|turn|9\n|\n|t:|1698285718\n|move|p2a: Master Shi-Fu!|Surging Strikes|p1b: Alomomola\n|-resisted|p1b: Alomomola\n|-crit|p1b: Alomomola\n|-damage|p1b: Alomomola|68\/100\n|-resisted|p1b: Alomomola\n|-crit|p1b: Alomomola\n|-damage|p1b: Alomomola|61\/100\n|-resisted|p1b: Alomomola\n|-crit|p1b: Alomomola\n|-damage|p1b: Alomomola|55\/100\n|-hitcount|p1b: Alomomola|3\n|-damage|p2a: Master Shi-Fu!|38\/100|[from] item: Life Orb\n|move|p1a: Heatran|Tera Blast|p2b: Gym bro|[anim] Tera Blast Grass\n|-supereffective|p2b: Gym bro\n|-damage|p2b: Gym bro|0 fnt\n|faint|p2b: Gym bro\n|move|p1b: Alomomola|Wish|p1b: Alomomola\n|\n|upkeep\n|inactive|omegashenronone has 270 seconds left.\n|\n|t:|1698285732\n|switch|p2b: Happy|Pelipper, M|92\/100\n|-damage|p2b: Happy|68\/100|[from] Stealth Rock\n|-weather|RainDance|[from] ability: Drizzle|[of] p2b: Happy\n|turn|10\n|\n|t:|1698285743\n|move|p2a: Master Shi-Fu!|Close Combat|p1a: Heatran\n|-damage|p1a: Heatran|0 fnt\n|-unboost|p2a: Master Shi-Fu!|def|1\n|-unboost|p2a: Master Shi-Fu!|spd|1\n|faint|p1a: Heatran\n|-damage|p2a: Master Shi-Fu!|28\/100|[from] item: Life Orb\n|move|p2b: Happy|Hurricane|p1b: Alomomola\n|-damage|p1b: Alomomola|14\/100\n|-start|p1b: Alomomola|confusion\n|-activate|p1b: Alomomola|confusion\n|move|p1b: Alomomola|Ice Beam|p2b: Happy\n|-damage|p2b: Happy|55\/100\n|\n|-weather|RainDance|[upkeep]\n|-heal|p1b: Alomomola|64\/100|[from] move: Wish|[wisher] Alomomola\n|upkeep\n|turn|11\n|\n|t:|1698285758\n|-end|p1b: Alomomola|confusion\n|move|p1b: Alomomola|Protect|p1b: Alomomola\n|-singleturn|p1b: Alomomola|Protect\n|move|p2a: Master Shi-Fu!|Close Combat|p1b: Alomomola\n|-damage|p1b: Alomomola|22\/100\n|-unboost|p2a: Master Shi-Fu!|def|1\n|-unboost|p2a: Master Shi-Fu!|spd|1\n|-damage|p2a: Master Shi-Fu!|18\/100|[from] item: Life Orb\n|move|p2b: Happy|U-turn|p1b: Alomomola\n|-activate|p1b: Alomomola|move: Protect\n|\n|-weather|RainDance|[upkeep]\n|upkeep\n|turn|12\n|\n|t:|1698285776\n|move|p2a: Master Shi-Fu!|Close Combat|p1b: Alomomola\n|-damage|p1b: Alomomola|0 fnt\n|-unboost|p2a: Master Shi-Fu!|def|1\n|-unboost|p2a: Master Shi-Fu!|spd|1\n|faint|p1b: Alomomola\n|-damage|p2a: Master Shi-Fu!|8\/100|[from] item: Life Orb\n|\n|win|omegashenronone\n|c|\u2606battlesmudge|gg\n|c|\u2606omegashenronone|Good game\n|c|\u2606omegashenronone|Almost lost\n|c|\u2606battlesmudge|really wish i had picked the other charizard mega\n|c|\u2606omegashenronone|I know\n|c|\u2606omegashenronone|When i saw X\n|c|\u2606battlesmudge|wanna go again as a friendly match?\n|c|\u2606omegashenronone|I was so confused\n|c|\u2606omegashenronone|Nah my charger is broken its still only at 20%\n|c|\u2606battlesmudge|ah\n|c|\u2606battlesmudge|well i guess ill try again tomorrow\n|c|\u2606omegashenronone|Good luck mate \ud83d\udc4d\n|c|\u2606battlesmudge|hopefully you can get a new charger\n|c|\u2606omegashenronone|Im 90% sure its my phones fault\n|c|\u2606omegashenronone|When i was visiting my cousins and used their charger it also didnt work\n|c|\u2606battlesmudge|could be the phone then\n","uploadtime":1698285790,"views":17,"p1id":"battlesmudge","p2id":"omegashenronone","formatid":"gen9nationaldexdoubles","rating":0,"private":0,"password":""}