{"id":"gen9nationaldexdoubles-1949941653","p1":"Immagamer","p2":"NimbusFlight","format":"[Gen 9] National Dex Doubles","log":"|j|\u203dImmagamer\n|j|\u2606NimbusFlight\n|t:|1695411115\n|gametype|doubles\n|player|p1|Immagamer|lucas|1244\n|player|p2|NimbusFlight|rika|1270\n|teamsize|p1|6\n|teamsize|p2|6\n|gen|9\n|tier|[Gen 9] National Dex Doubles\n|rated|\n|rule|HP Percentage Mod: HP is shown in percentages\n|rule|Endless Battle Clause: Forcing endless battles is banned\n|rule|OHKO Clause: OHKO moves are banned\n|rule|Evasion Moves Clause: Evasion moves are banned\n|rule|Evasion Abilities Clause: Evasion abilities are banned\n|rule|Species Clause: Limit one of each Pok\u00e9mon\n|rule|Gravity Sleep Clause: The combination of sleep-inducing moves with imperfect accuracy and Gravity or Gigantamax Orbeetle are banned\n|clearpoke\n|poke|p1|Zygarde|\n|poke|p1|Swoobat, M|\n|poke|p1|Maushold-Four|\n|poke|p1|Indeedee-F, F|\n|poke|p1|Flamigo, M|\n|poke|p1|Quaquaval, M|\n|poke|p2|Charizard, M|\n|poke|p2|Ninetales, F|\n|poke|p2|Walking Wake|\n|poke|p2|Leafeon, F|\n|poke|p2|Ogerpon-Hearthflame, F|\n|poke|p2|Sandy Shocks|\n|teampreview\n|inactive|Battle timer is ON: inactive players will automatically lose when time's up. (requested by Immagamer)\n|c|\u2606NimbusFlight|gl hf\n|\n|t:|1695411141\n|start\n|switch|p1a: Maushold|Maushold-Four|100\/100\n|switch|p1b: Quaquaval|Quaquaval, M|100\/100\n|switch|p2a: Ninetales|Ninetales, F|100\/100\n|switch|p2b: Sandy Shocks|Sandy Shocks|100\/100\n|-weather|SunnyDay|[from] ability: Drought|[of] p2a: Ninetales\n|-activate|p2b: Sandy Shocks|ability: Protosynthesis\n|-start|p2b: Sandy Shocks|protosynthesisspa\n|turn|1\n|\n|t:|1695411160\n|move|p1a: Maushold|Protect|p1a: Maushold\n|-singleturn|p1a: Maushold|Protect\n|move|p1b: Quaquaval|Protect|p1b: Quaquaval\n|-singleturn|p1b: Quaquaval|Protect\n|move|p2a: Ninetales|Protect|p2a: Ninetales\n|-singleturn|p2a: Ninetales|Protect\n|move|p2b: Sandy Shocks|Volt Switch|p1b: Quaquaval\n|-activate|p1b: Quaquaval|move: Protect\n|\n|-weather|SunnyDay|[upkeep]\n|upkeep\n|turn|2\n|\n|t:|1695411178\n|move|p1a: Maushold|Follow Me|p1a: Maushold\n|-singleturn|p1a: Maushold|move: Follow Me\n|move|p2b: Sandy Shocks|Volt Switch|p1a: Maushold\n|-damage|p1a: Maushold|39\/100\n|\n|t:|1695411182\n|-end|p2b: Sandy Shocks|Protosynthesis|[silent]\n|switch|p2b: Leafeon|Leafeon, F|100\/100|[from] Volt Switch\n|move|p1b: Quaquaval|Swords Dance|p1b: Quaquaval\n|-boost|p1b: Quaquaval|atk|2\n|move|p2a: Ninetales|Will-O-Wisp|p1a: Maushold|[miss]\n|-miss|p2a: Ninetales|p1a: Maushold\n|\n|-weather|SunnyDay|[upkeep]\n|upkeep\n|turn|3\n|\n|t:|1695411207\n|-terastallize|p1b: Quaquaval|Water\n|move|p1a: Maushold|Follow Me|p1a: Maushold\n|-singleturn|p1a: Maushold|move: Follow Me\n|move|p2b: Leafeon|Solar Blade||[still]\n|-prepare|p2b: Leafeon|Solar Blade\n|-anim|p2b: Leafeon|Solar Blade|p1a: Maushold\n|-damage|p1a: Maushold|0 fnt\n|faint|p1a: Maushold\n|-damage|p2b: Leafeon|91\/100|[from] item: Life Orb\n|move|p1b: Quaquaval|Aqua Step|p2a: Ninetales\n|-supereffective|p2a: Ninetales\n|-crit|p2a: Ninetales\n|-damage|p2a: Ninetales|0 fnt\n|-boost|p1b: Quaquaval|spe|1\n|faint|p2a: Ninetales\n|-ability|p1b: Quaquaval|Moxie|boost\n|-boost|p1b: Quaquaval|atk|1\n|\n|-weather|SunnyDay|[upkeep]\n|upkeep\n|\n|t:|1695411228\n|switch|p1a: Indeedee|Indeedee-F, F|100\/100\n|switch|p2a: Walking Wake|Walking Wake|100\/100\n|-activate|p2a: Walking Wake|ability: Protosynthesis\n|-start|p2a: Walking Wake|protosynthesisspa\n|-fieldstart|move: Psychic Terrain|[from] ability: Psychic Surge|[of] p1a: Indeedee\n|turn|4\n|\n|t:|1695411248\n|move|p1a: Indeedee|Follow Me|p1a: Indeedee\n|-singleturn|p1a: Indeedee|move: Follow Me\n|move|p2b: Leafeon|Knock Off|p1a: Indeedee\n|-supereffective|p1a: Indeedee\n|-enditem|p1a: Indeedee|Focus Sash\n|-damage|p1a: Indeedee|1\/100\n|-damage|p2b: Leafeon|81\/100|[from] item: Life Orb\n|move|p1b: Quaquaval|Close Combat|p2b: Leafeon\n|-damage|p2b: Leafeon|0 fnt\n|-unboost|p1b: Quaquaval|def|1\n|-unboost|p1b: Quaquaval|spd|1\n|faint|p2b: Leafeon\n|-ability|p1b: Quaquaval|Moxie|boost\n|-boost|p1b: Quaquaval|atk|1\n|move|p2a: Walking Wake|Draco Meteor|p1a: Indeedee\n|-damage|p1a: Indeedee|0 fnt\n|-unboost|p2a: Walking Wake|spa|2\n|faint|p1a: Indeedee\n|\n|-weather|SunnyDay|[upkeep]\n|upkeep\n|\n|t:|1695411269\n|switch|p1a: Flamigo|Flamigo, M|100\/100\n|switch|p2b: Ogerpon|Ogerpon-Hearthflame, F|100\/100\n|-ability|p2b: Ogerpon|Mold Breaker\n|-copyboost|p1a: Flamigo|p1b: Quaquaval|[from] ability: Costar\n|turn|5\n|\n|t:|1695411291\n|-end|p2a: Walking Wake|Protosynthesis|[silent]\n|switch|p2a: Charizard|Charizard, M|100\/100\n|move|p2b: Ogerpon|Spiky Shield|p2b: Ogerpon\n|-singleturn|p2b: Ogerpon|move: Protect\n|move|p1a: Flamigo|Brave Bird|p2b: Ogerpon\n|-activate|p2b: Ogerpon|move: Protect\n|-damage|p1a: Flamigo|88\/100|[from] Spiky Shield|[of] p2b: Ogerpon\n|move|p1b: Quaquaval|Close Combat|p2a: Charizard\n|-resisted|p2a: Charizard\n|-damage|p2a: Charizard|0 fnt\n|-unboost|p1b: Quaquaval|def|1\n|-unboost|p1b: Quaquaval|spd|1\n|faint|p2a: Charizard\n|-ability|p1b: Quaquaval|Moxie|boost\n|-boost|p1b: Quaquaval|atk|1\n|\n|-weather|SunnyDay|[upkeep]\n|upkeep\n|\n|t:|1695411310\n|switch|p2a: Sandy Shocks|Sandy Shocks|100\/100\n|-activate|p2a: Sandy Shocks|ability: Protosynthesis\n|-start|p2a: Sandy Shocks|protosynthesisspa\n|turn|6\n|\n|t:|1695411335\n|-terastallize|p2b: Ogerpon|Fire\n|detailschange|p2b: Ogerpon|Ogerpon-Hearthflame-Tera, F, tera:Fire\n|-ability|p2b: Ogerpon|Embody Aspect (Hearthflame)|boost\n|-boost|p2b: Ogerpon|atk|1\n|move|p1a: Flamigo|Brave Bird|p2b: Ogerpon\n|-damage|p2b: Ogerpon|0 fnt\n|faint|p2b: Ogerpon\n|-damage|p1a: Flamigo|56\/100|[from] Recoil\n|move|p2a: Sandy Shocks|Thunderbolt|p1b: Quaquaval\n|-supereffective|p1b: Quaquaval\n|-damage|p1b: Quaquaval|0 fnt\n|faint|p1b: Quaquaval\n|\n|-weather|SunnyDay|[upkeep]\n|upkeep\n|\n|t:|1695411354\n|switch|p2b: Walking Wake|Walking Wake|100\/100\n|switch|p1b: Zygarde|Zygarde|100\/100\n|-activate|p2b: Walking Wake|ability: Protosynthesis\n|-start|p2b: Walking Wake|protosynthesisspa\n|-ability|p1b: Zygarde|Aura Break\n|turn|7\n|\n|t:|1695411372\n|move|p1a: Flamigo|Brave Bird|p2b: Walking Wake\n|-damage|p2b: Walking Wake|0 fnt\n|faint|p2b: Walking Wake\n|-end|p2b: Walking Wake|Protosynthesis|[silent]\n|-damage|p1a: Flamigo|19\/100|[from] Recoil\n|move|p2a: Sandy Shocks|Thunderbolt|p1a: Flamigo\n|-supereffective|p1a: Flamigo\n|-damage|p1a: Flamigo|0 fnt\n|faint|p1a: Flamigo\n|move|p1b: Zygarde|Thousand Arrows|p2a: Sandy Shocks\n|-supereffective|p2a: Sandy Shocks\n|-damage|p2a: Sandy Shocks|0 fnt\n|faint|p2a: Sandy Shocks\n|-end|p2a: Sandy Shocks|Protosynthesis|[silent]\n|\n|win|Immagamer\n|raw|Immagamer's rating: 1215 &rarr; <strong>1244<\/strong><br \/>(+29 for winning)\n|raw|NimbusFlight's rating: 1270 &rarr; <strong>1241<\/strong><br \/>(-29 for losing)\n|c|\u2606NimbusFlight|gg\n|l|\u2606NimbusFlight\n","uploadtime":1695411388,"views":7,"p1id":"immagamer","p2id":"nimbusflight","formatid":"gen9nationaldexdoubles","rating":1241,"private":0,"password":""}