{"id":"gen9nationaldexdoubles-1965581277","p1":"VillainArK","p2":"Sc4rletQu33n","format":"[Gen 9] National Dex Doubles","log":"|j|\u2606VillainArK\n|j|\u2606Sc4rletQu33n\n|t:|1697091618\n|gametype|doubles\n|player|p1|VillainArK|170|1029\n|player|p2|Sc4rletQu33n|cynthia-gen4|1053\n|teamsize|p1|6\n|teamsize|p2|6\n|gen|9\n|tier|[Gen 9] National Dex Doubles\n|rated|\n|rule|HP Percentage Mod: HP is shown in percentages\n|rule|Endless Battle Clause: Forcing endless battles is banned\n|rule|OHKO Clause: OHKO moves are banned\n|rule|Evasion Moves Clause: Evasion moves are banned\n|rule|Evasion Abilities Clause: Evasion abilities are banned\n|rule|Species Clause: Limit one of each Pok\u00e9mon\n|rule|Gravity Sleep Clause: The combination of sleep-inducing moves with imperfect accuracy and Gravity or Gigantamax Orbeetle are banned\n|clearpoke\n|poke|p1|Slaking, M|\n|poke|p1|Venomoth, F|\n|poke|p1|Furret, F|\n|poke|p1|Amoonguss, F|\n|poke|p1|Gliscor, M|\n|poke|p1|Iron Valiant|\n|poke|p2|Medicham, M|\n|poke|p2|Regigigas|\n|poke|p2|Landorus-Therian, M|\n|poke|p2|Venusaur, F|\n|poke|p2|Incineroar, M|\n|poke|p2|Basculegion-F, F|\n|teampreview\n|\n|t:|1697091623\n|start\n|switch|p1a: Slaking|Slaking, M|100\/100\n|switch|p1b: Venomoth|Venomoth, F|100\/100\n|switch|p2a: Medicham|Medicham, M|100\/100\n|switch|p2b: Regigigas|Regigigas|100\/100\n|-start|p2b: Regigigas|ability: Slow Start\n|turn|1\n|\n|t:|1697091643\n|-terastallize|p1a: Slaking|Fighting\n|move|p1b: Venomoth|Skill Swap|p1a: Slaking\n|-activate|p1b: Venomoth|move: Skill Swap|||[of] p1a: Slaking\n|move|p2a: Medicham|Skill Swap|p2b: Regigigas\n|-activate|p2a: Medicham|move: Skill Swap|||[of] p2b: Regigigas\n|-end|p2b: Regigigas|Slow Start|[silent]\n|-start|p2a: Medicham|ability: Slow Start\n|move|p2b: Regigigas|Drain Punch|p1a: Slaking\n|-damage|p1a: Slaking|57\/100\n|move|p1a: Slaking|Drain Punch|p2b: Regigigas\n|-supereffective|p2b: Regigigas\n|-damage|p2b: Regigigas|20\/100\n|-heal|p1a: Slaking|86\/100|[from] drain|[of] p2b: Regigigas\n|\n|upkeep\n|turn|2\n|\n|t:|1697091663\n|move|p2b: Regigigas|Zen Headbutt|p1a: Slaking\n|-supereffective|p1a: Slaking\n|-damage|p1a: Slaking|0 fnt\n|faint|p1a: Slaking\n|cant|p1b: Venomoth|ability: Truant\n|move|p2a: Medicham|Zen Headbutt|p1b: Venomoth\n|-supereffective|p1b: Venomoth\n|-damage|p1b: Venomoth|60\/100\n|\n|upkeep\n|\n|t:|1697091678\n|switch|p1a: Gliscor|Gliscor, M|100\/100\n|turn|3\n|\n|t:|1697091688\n|move|p1b: Venomoth|Rage Powder|p1b: Venomoth\n|-singleturn|p1b: Venomoth|move: Rage Powder\n|move|p2b: Regigigas|Zen Headbutt|p1b: Venomoth|[miss]\n|-miss|p2b: Regigigas|p1b: Venomoth\n|move|p1a: Gliscor|Aerial Ace|p2a: Medicham\n|-supereffective|p2a: Medicham\n|-damage|p2a: Medicham|22\/100\n|move|p2a: Medicham|Skill Swap|p1b: Venomoth\n|-activate|p2a: Medicham|move: Skill Swap|Truant|Slow Start|[of] p1b: Venomoth\n|-end|p2a: Medicham|Slow Start|[silent]\n|-start|p1b: Venomoth|ability: Slow Start\n|\n|-status|p1a: Gliscor|tox|[from] item: Toxic Orb\n|upkeep\n|turn|4\n|\n|t:|1697091709\n|-terastallize|p2b: Regigigas|Normal\n|move|p2b: Regigigas|Return|p1b: Venomoth\n|-damage|p1b: Venomoth|0 fnt\n|faint|p1b: Venomoth\n|-end|p1b: Venomoth|Slow Start|[silent]\n|move|p1a: Gliscor|Earthquake|p2a: Medicham|[spread] p2a,p2b\n|-damage|p2a: Medicham|0 fnt\n|-damage|p2b: Regigigas|0 fnt\n|faint|p2a: Medicham\n|faint|p2b: Regigigas\n|\n|upkeep\n|\n|t:|1697091725\n|switch|p2b: Basculegion|Basculegion-F, F|100\/100\n|switch|p1b: Iron Valiant|Iron Valiant|100\/100\n|switch|p2a: Landorus|Landorus-Therian, M|100\/100\n|-ability|p2a: Landorus|Intimidate|boost\n|-unboost|p1a: Gliscor|atk|1\n|-unboost|p1b: Iron Valiant|atk|1\n|turn|5\n|\n|t:|1697091744\n|move|p1a: Gliscor|Protect|p1a: Gliscor\n|-singleturn|p1a: Gliscor|Protect\n|move|p2b: Basculegion|Ice Fang|p1a: Gliscor\n|-activate|p1a: Gliscor|move: Protect\n|move|p1b: Iron Valiant|Shadow Claw|p2b: Basculegion\n|-supereffective|p2b: Basculegion\n|-damage|p2b: Basculegion|44\/100\n|move|p2a: Landorus|U-turn|p1b: Iron Valiant\n|-resisted|p1b: Iron Valiant\n|-damage|p1b: Iron Valiant|91\/100\n|\n|t:|1697091751\n|switch|p2a: Incineroar|Incineroar, M|100\/100|[from] U-turn\n|-ability|p2a: Incineroar|Intimidate|boost\n|-unboost|p1a: Gliscor|atk|1\n|-unboost|p1b: Iron Valiant|atk|1\n|\n|upkeep\n|turn|6\n|\n|t:|1697091764\n|switch|p1a: Furret|Furret, F|100\/100\n|move|p2b: Basculegion|Ice Fang|p1a: Furret\n|-damage|p1a: Furret|72\/100\n|-damage|p2b: Basculegion|27\/100|[from] item: Rocky Helmet|[of] p1a: Furret\n|move|p1b: Iron Valiant|Shadow Claw|p2b: Basculegion\n|-supereffective|p2b: Basculegion\n|-damage|p2b: Basculegion|0 fnt\n|faint|p2b: Basculegion\n|move|p2a: Incineroar|Parting Shot|p1b: Iron Valiant\n|-unboost|p1b: Iron Valiant|atk|1\n|-unboost|p1b: Iron Valiant|spa|1\n|\n|t:|1697091775\n|switch|p2a: Venusaur|Venusaur, F|100\/100|[from] Parting Shot\n|\n|upkeep\n|\n|t:|1697091777\n|switch|p2b: Incineroar|Incineroar, M|100\/100\n|-ability|p2b: Incineroar|Intimidate|boost\n|-unboost|p1a: Furret|atk|1\n|-unboost|p1b: Iron Valiant|atk|1\n|turn|7\n|\n|t:|1697091793\n|-end|p1b: Iron Valiant|Quark Drive|[silent]\n|switch|p1b: Amoonguss|Amoonguss, F|100\/100\n|detailschange|p2a: Venusaur|Venusaur-Mega, F\n|-mega|p2a: Venusaur|Venusaur|Venusaurite\n|move|p1a: Furret|U-turn|p2a: Venusaur\n|-damage|p2a: Venusaur|89\/100\n|\n|t:|1697091801\n|switch|p1a: Iron Valiant|Iron Valiant|91\/100|[from] U-turn\n|move|p2a: Venusaur|Grass Pledge|p1b: Amoonguss\n|-waiting|p2a: Venusaur|p2b: Incineroar\n|move|p2b: Incineroar|Fire Pledge|p1b: Amoonguss|[from]move: Grass Pledge\n|-combine\n|-supereffective|p1b: Amoonguss\n|-damage|p1b: Amoonguss|13\/100\n|-sidestart|p1: VillainArK|Fire Pledge\n|\n|-damage|p1a: Iron Valiant|78\/100|[from] Fire Pledge\n|-damage|p1b: Amoonguss|0 fnt|[from] Fire Pledge\n|faint|p1b: Amoonguss\n|upkeep\n|\n|t:|1697091814\n|switch|p1b: Gliscor|Gliscor, M|100\/100 tox\n|turn|8\n|\n|t:|1697091828\n|move|p1a: Iron Valiant|Close Combat|p2b: Incineroar\n|-supereffective|p2b: Incineroar\n|-damage|p2b: Incineroar|0 fnt\n|-unboost|p1a: Iron Valiant|def|1\n|-unboost|p1a: Iron Valiant|spd|1\n|faint|p2b: Incineroar\n|move|p1b: Gliscor|Tailwind|p1b: Gliscor\n|-sidestart|p1: VillainArK|move: Tailwind\n|move|p2a: Venusaur|Grass Pledge|p1a: Iron Valiant\n|-damage|p1a: Iron Valiant|0 fnt\n|faint|p1a: Iron Valiant\n|-end|p1a: Iron Valiant|Quark Drive|[silent]\n|\n|-damage|p1b: Gliscor|88\/100 tox|[from] Fire Pledge\n|-heal|p1b: Gliscor|100\/100 tox|[from] ability: Poison Heal\n|upkeep\n|\n|t:|1697091844\n|switch|p1a: Furret|Furret, F|72\/100\n|switch|p2b: Landorus|Landorus-Therian, M|100\/100\n|-ability|p2b: Landorus|Intimidate|boost\n|-unboost|p1a: Furret|atk|1\n|-unboost|p1b: Gliscor|atk|1\n|turn|9\n|\n|t:|1697091857\n|move|p1b: Gliscor|Protect|p1b: Gliscor\n|-singleturn|p1b: Gliscor|Protect\n|move|p1a: Furret|Coil|p1a: Furret\n|-boost|p1a: Furret|atk|1\n|-boost|p1a: Furret|def|1\n|-boost|p1a: Furret|accuracy|1\n|move|p2a: Venusaur|Toxic|p1a: Furret\n|-status|p1a: Furret|tox\n|move|p2b: Landorus|Knock Off|p1b: Gliscor\n|-activate|p1b: Gliscor|move: Protect\n|\n|-damage|p1b: Gliscor|88\/100 tox|[from] Fire Pledge\n|-damage|p1a: Furret|60\/100 tox|[from] Fire Pledge\n|-heal|p1b: Gliscor|100\/100 tox|[from] ability: Poison Heal\n|-damage|p1a: Furret|54\/100 tox|[from] psn\n|upkeep\n|turn|10\n|\n|t:|1697091880\n|move|p1b: Gliscor|Aerial Ace|p2a: Venusaur\n|-supereffective|p2a: Venusaur\n|-damage|p2a: Venusaur|56\/100\n|move|p1a: Furret|Facade|p2a: Venusaur\n|-damage|p2a: Venusaur|9\/100\n|move|p2a: Venusaur|Grass Pledge|p1b: Gliscor\n|-damage|p1b: Gliscor|46\/100 tox\n|move|p2b: Landorus|Knock Off|p1b: Gliscor\n|-damage|p1b: Gliscor|6\/100 tox\n|-enditem|p1b: Gliscor|Toxic Orb|[from] move: Knock Off|[of] p2b: Landorus\n|\n|-damage|p1b: Gliscor|0 fnt|[from] Fire Pledge\n|faint|p1b: Gliscor\n|-damage|p1a: Furret|42\/100 tox|[from] Fire Pledge\n|-damage|p1a: Furret|29\/100 tox|[from] psn\n|-sideend|p1: VillainArK|Fire Pledge\n|upkeep\n|turn|11\n|\n|t:|1697091902\n|move|p1a: Furret|Facade|p2a: Venusaur\n|-damage|p2a: Venusaur|0 fnt\n|faint|p2a: Venusaur\n|move|p2b: Landorus|Earthquake|p1a: Furret\n|-damage|p1a: Furret|0 fnt\n|faint|p1a: Furret\n|\n|win|Sc4rletQu33n\n|raw|VillainArK's rating: 1029 &rarr; <strong>1016<\/strong><br \/>(-13 for losing)\n|raw|Sc4rletQu33n's rating: 1053 &rarr; <strong>1083<\/strong><br \/>(+30 for winning)\n|c|\u2606VillainArK|Gg\n|c|\u2606Sc4rletQu33n|Gg\n|l|\u2606VillainArK\n","uploadtime":1697091921,"views":15,"p1id":"villainark","p2id":"sc4rletqu33n","formatid":"gen9nationaldexdoubles","rating":1016,"private":0,"password":""}