{"id":"gen9nationaldexdoubles-1963123455","p1":"Denvah_17","p2":"Speefus","format":"[Gen 9] National Dex Doubles","log":"|j|\u2606Denvah_17\n|j|\u2606Speefus\n|t:|1696829580\n|gametype|doubles\n|player|p1|Denvah_17|alder|1000\n|player|p2|Speefus|fisherman-gen4|1206\n|teamsize|p1|6\n|teamsize|p2|6\n|gen|9\n|tier|[Gen 9] National Dex Doubles\n|rated|\n|rule|HP Percentage Mod: HP is shown in percentages\n|rule|Endless Battle Clause: Forcing endless battles is banned\n|rule|OHKO Clause: OHKO moves are banned\n|rule|Evasion Moves Clause: Evasion moves are banned\n|rule|Evasion Abilities Clause: Evasion abilities are banned\n|rule|Species Clause: Limit one of each Pok\u00e9mon\n|rule|Gravity Sleep Clause: The combination of sleep-inducing moves with imperfect accuracy and Gravity or Gigantamax Orbeetle are banned\n|clearpoke\n|poke|p1|Sinistcha-Masterpiece|\n|poke|p1|Enamorus, F|\n|poke|p1|Okidogi, M|\n|poke|p1|Volcanion|\n|poke|p1|Scizor, F|\n|poke|p1|Ursaluna-Bloodmoon, M|\n|poke|p2|Maractus, F|\n|poke|p2|Toxicroak, F|\n|poke|p2|Scizor, F|\n|poke|p2|Gastrodon, F|\n|poke|p2|Politoed, M|\n|poke|p2|Tornadus, M|\n|teampreview\n|inactive|Battle timer is ON: inactive players will automatically lose when time's up. (requested by Denvah_17)\n|\n|t:|1696829612\n|start\n|switch|p1a: Sonria|Enamorus, F|100\/100\n|switch|p1b: Grass Latte|Sinistcha-Masterpiece|100\/100\n|switch|p2a: Politoed|Politoed, M|100\/100\n|switch|p2b: Maractus|Maractus, F|100\/100\n|-weather|RainDance|[from] ability: Drizzle|[of] p2a: Politoed\n|turn|1\n|j| ddddddabai\n|\n|t:|1696829633\n|move|p1a: Sonria|Superpower|p2a: Politoed\n|-damage|p2a: Politoed|65\/100\n|-boost|p1a: Sonria|atk|1\n|-boost|p1a: Sonria|def|1\n|move|p1b: Grass Latte|Calm Mind|p1b: Grass Latte\n|-boost|p1b: Grass Latte|spa|1\n|-boost|p1b: Grass Latte|spd|1\n|move|p2a: Politoed|Surf|p1a: Sonria|[spread] p1a,p1b\n|-ability|p2b: Maractus|Storm Drain|boost\n|-boost|p2b: Maractus|spa|1\n|-resisted|p1b: Grass Latte\n|-damage|p1a: Sonria|68\/100\n|-damage|p1b: Grass Latte|88\/100\n|move|p2b: Maractus|Hidden Power|p1a: Sonria\n|-supereffective|p1a: Sonria\n|-crit|p1a: Sonria\n|-damage|p1a: Sonria|7\/100\n|\n|-weather|RainDance|[upkeep]\n|upkeep\n|turn|2\n|inactive|Denvah_17 has 120 seconds left.\n|inactive|Speefus has 120 seconds left.\n|\n|t:|1696829674\n|move|p1a: Sonria|Play Rough|p2a: Politoed\n|-damage|p2a: Politoed|3\/100\n|move|p1b: Grass Latte|Strength Sap|p1a: Sonria\n|-boost|p1a: Sonria|atk|1\n|-heal|p1b: Grass Latte|100\/100\n|move|p2a: Politoed|Surf|p1a: Sonria|[spread] p1a,p1b\n|-ability|p2b: Maractus|Storm Drain|boost\n|-boost|p2b: Maractus|spa|1\n|-resisted|p1b: Grass Latte\n|-damage|p1a: Sonria|0 fnt\n|-damage|p1b: Grass Latte|88\/100\n|faint|p1a: Sonria\n|move|p2b: Maractus|Giga Drain|p1b: Grass Latte\n|-resisted|p1b: Grass Latte\n|-damage|p1b: Grass Latte|67\/100\n|\n|-weather|RainDance|[upkeep]\n|upkeep\n|\n|t:|1696829696\n|switch|p1a: Saxophone|Volcanion|100\/100\n|turn|3\n|inactive|Denvah_17 has 120 seconds left.\n|\n|t:|1696829721\n|move|p2a: Politoed|Ice Beam|p1b: Grass Latte\n|-supereffective|p1b: Grass Latte\n|-damage|p1b: Grass Latte|37\/100\n|-enditem|p1b: Grass Latte|Weakness Policy\n|-boost|p1b: Grass Latte|atk|2|[from] item: Weakness Policy\n|-boost|p1b: Grass Latte|spa|2|[from] item: Weakness Policy\n|move|p1b: Grass Latte|Strength Sap|p1a: Saxophone\n|-unboost|p1a: Saxophone|atk|1\n|-heal|p1b: Grass Latte|100\/100\n|move|p1a: Saxophone|Heat Wave|p2b: Maractus|[spread] p2a,p2b\n|-resisted|p2a: Politoed\n|-supereffective|p2b: Maractus\n|-damage|p2a: Politoed|0 fnt\n|-damage|p2b: Maractus|59\/100\n|faint|p2a: Politoed\n|move|p2b: Maractus|Hidden Power|p1a: Saxophone\n|-supereffective|p1a: Saxophone\n|-damage|p1a: Saxophone|39\/100\n|-enditem|p1a: Saxophone|Weakness Policy\n|-boost|p1a: Saxophone|atk|2|[from] item: Weakness Policy\n|-boost|p1a: Saxophone|spa|2|[from] item: Weakness Policy\n|\n|-weather|RainDance|[upkeep]\n|-heal|p2b: Maractus|65\/100|[from] item: Leftovers\n|upkeep\n|inactive|Speefus has 120 seconds left.\n|\n|t:|1696829744\n|switch|p2a: Toxicroak|Toxicroak, F, shiny|100\/100\n|turn|4\n|inactive|Denvah_17 has 120 seconds left.\n|inactive|Speefus has 120 seconds left.\n|inactive|Denvah_17 has 90 seconds left.\n|\n|t:|1696829784\n|move|p2a: Toxicroak|Swords Dance|p2a: Toxicroak\n|-boost|p2a: Toxicroak|atk|2\n|move|p1a: Saxophone|Earth Power|p2a: Toxicroak\n|-supereffective|p2a: Toxicroak\n|-damage|p2a: Toxicroak|0 fnt\n|faint|p2a: Toxicroak\n|move|p1b: Grass Latte|Hex|p2b: Maractus\n|-damage|p2b: Maractus|0 fnt\n|faint|p2b: Maractus\n|\n|-weather|RainDance|[upkeep]\n|upkeep\n|inactive|Speefus has 120 seconds left.\n|\n|t:|1696829801\n|switch|p2a: Tornadus|Tornadus, M|100\/100\n|switch|p2b: Gastrodon|Gastrodon, F|100\/100\n|turn|5\n|inactive|Denvah_17 has 90 seconds left.\n|\n|t:|1696829855\n|move|p1a: Saxophone|Protect|p1a: Saxophone\n|-singleturn|p1a: Saxophone|Protect\n|move|p2a: Tornadus|Bleakwind Storm|p1a: Saxophone|[spread] p1b\n|-activate|p1a: Saxophone|move: Protect\n|-supereffective|p1b: Grass Latte\n|-damage|p1b: Grass Latte|45\/100\n|-unboost|p1b: Grass Latte|spe|1\n|move|p1b: Grass Latte|Matcha Gotcha|p2a: Tornadus|[spread] p2a,p2b\n|-resisted|p2a: Tornadus\n|-supereffective|p2b: Gastrodon\n|-damage|p2a: Tornadus|56\/100\n|-heal|p1b: Grass Latte|69\/100|[from] drain|[of] p2a: Tornadus\n|-damage|p2b: Gastrodon|0 fnt\n|-heal|p1b: Grass Latte|100\/100|[from] drain|[of] p2b: Gastrodon\n|faint|p2b: Gastrodon\n|\n|-weather|RainDance|[upkeep]\n|upkeep\n|\n|t:|1696829873\n|switch|p2b: Scizor|Scizor, F|100\/100\n|turn|6\n|inactive|Denvah_17 has 90 seconds left.\n|\n|t:|1696829892\n|detailschange|p2b: Scizor|Scizor-Mega, F\n|-mega|p2b: Scizor|Scizor|Scizorite\n|move|p2a: Tornadus|Bleakwind Storm|p1a: Saxophone|[spread] p1a,p1b\n|-supereffective|p1b: Grass Latte\n|-damage|p1a: Saxophone|0 fnt\n|-damage|p1b: Grass Latte|47\/100\n|-unboost|p1b: Grass Latte|spe|1\n|faint|p1a: Saxophone\n|move|p2b: Scizor|Bug Bite|p1b: Grass Latte\n|-damage|p1b: Grass Latte|0 fnt\n|faint|p1b: Grass Latte\n|\n|-weather|RainDance|[upkeep]\n|upkeep\n|inactive|Denvah_17 has 60 seconds left.\n|\n|t:|1696829925\n|switch|p1b: Dogecoin|Okidogi, M|100\/100\n|switch|p1a: Xi Jinping|Ursaluna-Bloodmoon, M|100\/100\n|turn|7\n|\n|t:|1696829950\n|-terastallize|p1b: Dogecoin|Poison\n|move|p2a: Tornadus|Bleakwind Storm|p1b: Dogecoin|[spread] p1a,p1b\n|-damage|p1a: Xi Jinping|59\/100\n|-damage|p1b: Dogecoin|73\/100\n|move|p1b: Dogecoin|Drain Punch|p2b: Scizor\n|-damage|p2b: Scizor|69\/100\n|-heal|p1b: Dogecoin|89\/100|[from] drain|[of] p2b: Scizor\n|move|p2b: Scizor|Swords Dance|p2b: Scizor\n|-boost|p2b: Scizor|atk|2\n|move|p1a: Xi Jinping|Blood Moon|p2a: Tornadus\n|-damage|p2a: Tornadus|0 fnt\n|faint|p2a: Tornadus\n|\n|-weather|RainDance|[upkeep]\n|-heal|p1a: Xi Jinping|65\/100|[from] item: Leftovers\n|upkeep\n|turn|8\n|inactive|Denvah_17 has 60 seconds left.\n|-message|Speefus forfeited.\n|\n|win|Denvah_17\n|raw|Denvah_17's rating: 1000 &rarr; <strong>1061<\/strong><br \/>(+61 for winning)\n|raw|Speefus's rating: 1206 &rarr; <strong>1168<\/strong><br \/>(-38 for losing)\n|l|\u2606Speefus\n|l| ddddddabai\n","uploadtime":1696829984,"views":8,"p1id":"denvah17","p2id":"speefus","formatid":"gen9nationaldexdoubles","rating":1061,"private":0,"password":""}