{"id":"gen9nationaldexdoubles-1992347618","p1":"Theadonia","p2":"gehrke.16","format":"[Gen 9] National Dex Doubles","log":"|j|\u2606Theadonia\n|j|\u2606gehrke.16\n|t:|1700177218\n|gametype|doubles\n|player|p1|Theadonia|roxie|1107\n|player|p2|gehrke.16|lance|1153\n|teamsize|p1|6\n|teamsize|p2|6\n|gen|9\n|tier|[Gen 9] National Dex Doubles\n|rated|\n|rule|HP Percentage Mod: HP is shown in percentages\n|rule|Endless Battle Clause: Forcing endless battles is banned\n|rule|OHKO Clause: OHKO moves are banned\n|rule|Evasion Moves Clause: Evasion moves are banned\n|rule|Evasion Abilities Clause: Evasion abilities are banned\n|rule|Species Clause: Limit one of each Pok\u00e9mon\n|rule|Gravity Sleep Clause: The combination of sleep-inducing moves with imperfect accuracy and Gravity or Gigantamax Orbeetle are banned\n|clearpoke\n|poke|p1|Dodrio, M|\n|poke|p1|Oricorio-Sensu, F|\n|poke|p1|Barraskewda, F|\n|poke|p1|Riolu, F|\n|poke|p1|Cresselia, F|\n|poke|p1|Swoobat, M|\n|poke|p2|Haxorus, M|\n|poke|p2|Eelektross, M|\n|poke|p2|Banette, M|\n|poke|p2|Decidueye, M|\n|poke|p2|Skeledirge, M|\n|poke|p2|Greninja-*, M|\n|teampreview\n|inactive|Battle timer is ON: inactive players will automatically lose when time's up. (requested by gehrke.16)\n|c|\u2606gehrke.16|glhf\n|inactive|gehrke.16 has 120 seconds left.\n|\n|t:|1700177254\n|start\n|switch|p1a: Oricorio|Oricorio-Sensu, F, shiny|100\/100\n|switch|p1b: Swoobat|Swoobat, M|100\/100\n|switch|p2a: Machado|Haxorus, M, shiny|100\/100\n|switch|p2b: Ninja|Greninja, M, shiny|100\/100\n|-ability|p2a: Machado|Mold Breaker\n|turn|1\n|\n|t:|1700177271\n|-terastallize|p1a: Oricorio|Fairy\n|move|p2b: Ninja|Spikes|p1a: Oricorio\n|-start|p2b: Ninja|typechange|Ground|[from] ability: Protean\n|-sidestart|p1: Theadonia|Spikes\n|move|p1b: Swoobat|Simple Beam|p1a: Oricorio\n|-endability|p1a: Oricorio|Dancer|[from] move: Simple Beam\n|-ability|p1a: Oricorio|Simple|[from] move: Simple Beam\n|move|p2a: Machado|Rock Slide|p1a: Oricorio|[spread] p1a,p1b\n|-supereffective|p1b: Swoobat\n|-damage|p1a: Oricorio|75\/100\n|-enditem|p1b: Swoobat|Focus Sash\n|-damage|p1b: Swoobat|1\/100\n|-damage|p2a: Machado|91\/100|[from] item: Life Orb\n|cant|p1a: Oricorio|flinch\n|\n|upkeep\n|turn|2\n|\n|t:|1700177288\n|move|p2a: Machado|Protect|p2a: Machado\n|-singleturn|p2a: Machado|Protect\n|move|p2b: Ninja|Spikes|p1b: Swoobat\n|-sidestart|p1: Theadonia|Spikes\n|move|p1b: Swoobat|Heat Wave|p2b: Ninja|[spread] p2b\n|-activate|p2a: Machado|move: Protect\n|-damage|p2b: Ninja|79\/100\n|-status|p2b: Ninja|brn\n|move|p1a: Oricorio|Quiver Dance|p1a: Oricorio\n|-boost|p1a: Oricorio|spa|2\n|-boost|p1a: Oricorio|spd|2\n|-boost|p1a: Oricorio|spe|2\n|\n|-heal|p2b: Ninja|84\/100 brn|[from] item: Leftovers\n|-damage|p2b: Ninja|79\/100 brn|[from] brn\n|upkeep\n|turn|3\n|\n|t:|1700177299\n|move|p1a: Oricorio|Revelation Dance|p2a: Machado\n|-supereffective|p2a: Machado\n|-damage|p2a: Machado|0 fnt\n|faint|p2a: Machado\n|move|p2b: Ninja|Spikes|p1b: Swoobat\n|-sidestart|p1: Theadonia|Spikes\n|move|p1b: Swoobat|Heat Wave|p2b: Ninja\n|-damage|p2b: Ninja|48\/100 brn\n|\n|-heal|p2b: Ninja|53\/100 brn|[from] item: Leftovers\n|-damage|p2b: Ninja|48\/100 brn|[from] brn\n|upkeep\n|\n|t:|1700177306\n|switch|p2a: Vodoo|Banette, M|100\/100\n|turn|4\n|\n|t:|1700177317\n|detailschange|p2a: Vodoo|Banette-Mega, M\n|-mega|p2a: Vodoo|Banette|Banettite\n|move|p2a: Vodoo|Sucker Punch|p1b: Swoobat\n|-supereffective|p1b: Swoobat\n|-damage|p1b: Swoobat|0 fnt\n|faint|p1b: Swoobat\n|move|p1a: Oricorio|Revelation Dance|p2a: Vodoo\n|-crit|p2a: Vodoo\n|-damage|p2a: Vodoo|0 fnt\n|faint|p2a: Vodoo\n|move|p2b: Ninja|Toxic Spikes|p1a: Oricorio\n|-sidestart|p1: Theadonia|move: Toxic Spikes\n|\n|-heal|p2b: Ninja|53\/100 brn|[from] item: Leftovers\n|-damage|p2b: Ninja|48\/100 brn|[from] brn\n|upkeep\n|\n|t:|1700177330\n|switch|p1b: Riolu|Riolu, F|100\/100\n|switch|p2a: Robin Hood|Decidueye, M, shiny|100\/100\n|-damage|p1b: Riolu|75\/100|[from] Spikes\n|-status|p1b: Riolu|psn\n|turn|5\n|\n|t:|1700177335\n|move|p1b: Riolu|Coaching|p1a: Oricorio\n|-boost|p1a: Oricorio|atk|2\n|-boost|p1a: Oricorio|def|2\n|move|p1a: Oricorio|Quiver Dance|p1a: Oricorio\n|-boost|p1a: Oricorio|spa|2\n|-boost|p1a: Oricorio|spd|2\n|-boost|p1a: Oricorio|spe|2\n|move|p2b: Ninja|Toxic Spikes|p1a: Oricorio\n|-sidestart|p1: Theadonia|move: Toxic Spikes\n|-zpower|p2a: Robin Hood\n|move|p2a: Robin Hood|Sinister Arrow Raid|p1a: Oricorio|[zeffect]\n|-damage|p1a: Oricorio|37\/100\n|\n|-heal|p2b: Ninja|53\/100 brn|[from] item: Leftovers\n|-damage|p1b: Riolu|63\/100 psn|[from] psn\n|-damage|p2b: Ninja|48\/100 brn|[from] brn\n|upkeep\n|turn|6\n|\n|t:|1700177352\n|-terastallize|p2b: Ninja|Water\n|move|p1b: Riolu|Coaching|p1a: Oricorio\n|-boost|p1a: Oricorio|atk|2\n|-boost|p1a: Oricorio|def|2\n|move|p1a: Oricorio|Baton Pass|p1a: Oricorio\n|\n|t:|1700177360\n|switch|p1a: Dodrio|Dodrio, M|100\/100|[from] Baton Pass\n|move|p2b: Ninja|Scald|p1a: Dodrio\n|-damage|p1a: Dodrio|83\/100\n|-status|p1a: Dodrio|brn\n|move|p2a: Robin Hood|Tailwind|p2a: Robin Hood\n|-sidestart|p2: gehrke.16|move: Tailwind\n|\n|-heal|p1a: Dodrio|89\/100 brn|[from] item: Leftovers\n|-heal|p2b: Ninja|53\/100 brn|[from] item: Leftovers\n|-damage|p1b: Riolu|51\/100 psn|[from] psn\n|-damage|p1a: Dodrio|83\/100 brn|[from] brn\n|-damage|p2b: Ninja|48\/100 brn|[from] brn\n|upkeep\n|turn|7\n|\n|t:|1700177373\n|move|p1b: Riolu|Coaching|p1a: Dodrio\n|-boost|p1a: Dodrio|atk|1\n|-boost|p1a: Dodrio|def|1\n|move|p1a: Dodrio|Fly||[still]\n|-prepare|p1a: Dodrio|Fly\n|move|p2b: Ninja|Scald|p1a: Dodrio|[miss]\n|-miss|p2b: Ninja|p1a: Dodrio\n|move|p2a: Robin Hood|Spirit Shackle|p1b: Riolu\n|-damage|p1b: Riolu|0 fnt\n|faint|p1b: Riolu\n|\n|-heal|p1a: Dodrio|89\/100 brn|[from] item: Leftovers\n|-heal|p2b: Ninja|53\/100 brn|[from] item: Leftovers\n|-damage|p1a: Dodrio|83\/100 brn|[from] brn\n|-damage|p2b: Ninja|48\/100 brn|[from] brn\n|upkeep\n|\n|t:|1700177385\n|switch|p1b: Cresselia|Cresselia, F|100\/100\n|turn|8\n|\n|t:|1700177402\n|move|p1a: Dodrio|Fly|p2a: Robin Hood|[from]lockedmove\n|-supereffective|p2a: Robin Hood\n|-crit|p2a: Robin Hood\n|-damage|p2a: Robin Hood|0 fnt\n|faint|p2a: Robin Hood\n|move|p2b: Ninja|Scald|p1a: Dodrio\n|-damage|p1a: Dodrio|63\/100 brn\n|move|p1b: Cresselia|Lunar Blessing|p1b: Cresselia|[spread] p1a,p1b\n|-heal|p1a: Dodrio|88\/100 brn\n|-curestatus|p1a: Dodrio|brn|[msg]\n|\n|-heal|p1a: Dodrio|94\/100|[from] item: Leftovers\n|-heal|p2b: Ninja|53\/100 brn|[from] item: Leftovers\n|-damage|p2b: Ninja|48\/100 brn|[from] brn\n|upkeep\n|\n|t:|1700177407\n|switch|p2a: Mr.0|Skeledirge, M, shiny|100\/100\n|turn|9\n|\n|t:|1700177419\n|move|p1a: Dodrio|Knock Off|p2a: Mr.0\n|-supereffective|p2a: Mr.0\n|-damage|p2a: Mr.0|50\/100\n|-enditem|p2a: Mr.0|Heavy-Duty Boots|[from] move: Knock Off|[of] p1a: Dodrio\n|move|p2b: Ninja|Dark Pulse|p1b: Cresselia\n|-supereffective|p1b: Cresselia\n|-damage|p1b: Cresselia|78\/100\n|move|p2a: Mr.0|Shadow Ball|p1b: Cresselia\n|-supereffective|p1b: Cresselia\n|-damage|p1b: Cresselia|32\/100\n|move|p1b: Cresselia|Calm Mind|p1b: Cresselia\n|-boost|p1b: Cresselia|spa|1\n|-boost|p1b: Cresselia|spd|1\n|\n|-heal|p1a: Dodrio|100\/100|[from] item: Leftovers\n|-heal|p2b: Ninja|53\/100 brn|[from] item: Leftovers\n|-heal|p1b: Cresselia|38\/100|[from] item: Leftovers\n|-damage|p2b: Ninja|48\/100 brn|[from] brn\n|-sideend|p2: gehrke.16|move: Tailwind\n|upkeep\n|turn|10\n|\n|t:|1700177445\n|move|p1a: Dodrio|Stomping Tantrum|p2a: Mr.0\n|-supereffective|p2a: Mr.0\n|-damage|p2a: Mr.0|15\/100\n|move|p2b: Ninja|Dark Pulse|p1b: Cresselia\n|-supereffective|p1b: Cresselia\n|-damage|p1b: Cresselia|20\/100\n|move|p1b: Cresselia|Lunar Blessing|p1b: Cresselia|[spread] p1a,p1b\n|-heal|p1b: Cresselia|45\/100\n|move|p2a: Mr.0|Slack Off|p2a: Mr.0\n|-heal|p2a: Mr.0|65\/100\n|\n|-heal|p2b: Ninja|53\/100 brn|[from] item: Leftovers\n|-heal|p1b: Cresselia|51\/100|[from] item: Leftovers\n|-damage|p2b: Ninja|48\/100 brn|[from] brn\n|upkeep\n|turn|11\n|\n|t:|1700177461\n|move|p1a: Dodrio|Knock Off|p2a: Mr.0\n|-supereffective|p2a: Mr.0\n|-damage|p2a: Mr.0|32\/100\n|move|p2b: Ninja|Dark Pulse|p1b: Cresselia\n|-supereffective|p1b: Cresselia\n|-damage|p1b: Cresselia|33\/100\n|move|p1b: Cresselia|Calm Mind|p1b: Cresselia\n|-boost|p1b: Cresselia|spa|1\n|-boost|p1b: Cresselia|spd|1\n|move|p2a: Mr.0|Shadow Ball|p1b: Cresselia\n|-supereffective|p1b: Cresselia\n|-damage|p1b: Cresselia|0 fnt\n|faint|p1b: Cresselia\n|\n|-heal|p2b: Ninja|53\/100 brn|[from] item: Leftovers\n|-damage|p2b: Ninja|48\/100 brn|[from] brn\n|upkeep\n|\n|t:|1700177469\n|switch|p1b: Barraskewda|Barraskewda, F|100\/100\n|-damage|p1b: Barraskewda|76\/100|[from] Spikes\n|-status|p1b: Barraskewda|tox\n|turn|12\n|\n|t:|1700177478\n|move|p1a: Dodrio|Quick Attack|p2b: Ninja\n|-damage|p2b: Ninja|0 fnt\n|faint|p2b: Ninja\n|move|p1b: Barraskewda|Liquidation|p2a: Mr.0\n|-supereffective|p2a: Mr.0\n|-damage|p2a: Mr.0|0 fnt\n|faint|p2a: Mr.0\n|\n|-damage|p1b: Barraskewda|70\/100 tox|[from] psn\n|upkeep\n|c|\u2606gehrke.16|gg\n|-message|gehrke.16 forfeited.\n|\n|win|Theadonia\n|raw|Theadonia's rating: 1107 &rarr; <strong>1135<\/strong><br \/>(+28 for winning)\n|raw|gehrke.16's rating: 1153 &rarr; <strong>1125<\/strong><br \/>(-28 for losing)\n|l|\u2606gehrke.16\n|c|\u2606Theadonia|Gg\n","uploadtime":1700177492,"views":5,"p1id":"theadonia","p2id":"gehrke16","formatid":"gen9nationaldexdoubles","rating":1125,"private":0,"password":""}