{"id":"gen9nationaldexdoubles-1973619535","p1":"bruno111111","p2":"decidoustree","format":"[Gen 9] National Dex Doubles","log":"|j|\u2606bruno111111\n|j|\u2606decidoustree\n|t:|1697996812\n|gametype|doubles\n|player|p1|bruno111111|101|1058\n|player|p2|decidoustree|cheren-gen5bw2|1045\n|teamsize|p1|6\n|teamsize|p2|6\n|gen|9\n|tier|[Gen 9] National Dex Doubles\n|rated|\n|rule|HP Percentage Mod: HP is shown in percentages\n|rule|Endless Battle Clause: Forcing endless battles is banned\n|rule|OHKO Clause: OHKO moves are banned\n|rule|Evasion Moves Clause: Evasion moves are banned\n|rule|Evasion Abilities Clause: Evasion abilities are banned\n|rule|Species Clause: Limit one of each Pok\u00e9mon\n|rule|Gravity Sleep Clause: The combination of sleep-inducing moves with imperfect accuracy and Gravity or Gigantamax Orbeetle are banned\n|clearpoke\n|poke|p1|Slaking, M|\n|poke|p1|Espeon, M|\n|poke|p1|Gholdengo|\n|poke|p1|Weezing-Galar, M|\n|poke|p1|Iron Bundle|\n|poke|p1|Garchomp, M|\n|poke|p2|Jirachi|\n|poke|p2|Mismagius, F|\n|poke|p2|Audino, F|\n|poke|p2|Delphox, F|\n|poke|p2|Mienshao, M|\n|poke|p2|Altaria, F|\n|teampreview\n|\n|t:|1697996821\n|start\n|switch|p1a: Slaking|Slaking, M|100\/100\n|switch|p1b: Espeon|Espeon, M|100\/100\n|switch|p2a: Machiavellian Bach|Jirachi|100\/100\n|switch|p2b: Dont make lemonade|Mienshao, M|100\/100\n|turn|1\n|\n|t:|1697996848\n|-terastallize|p2b: Dont make lemonade|Dark\n|move|p1b: Espeon|Skill Swap|p1a: Slaking\n|-activate|p1b: Espeon|move: Skill Swap|||[of] p1a: Slaking\n|move|p2b: Dont make lemonade|High Jump Kick|p1a: Slaking\n|-supereffective|p1a: Slaking\n|-damage|p1a: Slaking|0 fnt\n|faint|p1a: Slaking\n|-damage|p2b: Dont make lemonade|91\/100|[from] item: Life Orb\n|move|p2a: Machiavellian Bach|Cosmic Power|p2a: Machiavellian Bach\n|-boost|p2a: Machiavellian Bach|def|1\n|-boost|p2a: Machiavellian Bach|spd|1\n|\n|upkeep\n|\n|t:|1697996862\n|switch|p1a: Weezing|Weezing-Galar, M|100\/100\n|turn|2\n|\n|t:|1697996887\n|switch|p2b: Yes|Audino, F|100\/100\n|cant|p1b: Espeon|ability: Truant\n|move|p2a: Machiavellian Bach|Cosmic Power|p2a: Machiavellian Bach\n|-boost|p2a: Machiavellian Bach|def|1\n|-boost|p2a: Machiavellian Bach|spd|1\n|move|p1a: Weezing|Flamethrower|p2a: Machiavellian Bach\n|-supereffective|p2a: Machiavellian Bach\n|-damage|p2a: Machiavellian Bach|87\/100\n|-status|p2a: Machiavellian Bach|brn\n|\n|-heal|p2a: Machiavellian Bach|93\/100 brn|[from] item: Leftovers\n|-damage|p2a: Machiavellian Bach|87\/100 brn|[from] brn\n|upkeep\n|turn|3\n|\n|t:|1697996915\n|move|p1b: Espeon|Future Sight|p2b: Yes\n|-start|p1b: Espeon|move: Future Sight\n|move|p2a: Machiavellian Bach|Cosmic Power|p2a: Machiavellian Bach\n|-boost|p2a: Machiavellian Bach|def|1\n|-boost|p2a: Machiavellian Bach|spd|1\n|move|p1a: Weezing|Destiny Bond|p1a: Weezing\n|-singlemove|p1a: Weezing|Destiny Bond\n|move|p2b: Yes|Yawn|p1a: Weezing\n|-start|p1a: Weezing|move: Yawn|[of] p2b: Yes\n|\n|-heal|p2a: Machiavellian Bach|93\/100 brn|[from] item: Leftovers\n|-damage|p2a: Machiavellian Bach|87\/100 brn|[from] brn\n|upkeep\n|turn|4\n|\n|t:|1697996951\n|cant|p1b: Espeon|ability: Truant\n|move|p2a: Machiavellian Bach|Cosmic Power|p2a: Machiavellian Bach\n|-boost|p2a: Machiavellian Bach|def|1\n|-boost|p2a: Machiavellian Bach|spd|1\n|move|p1a: Weezing|Sludge Bomb|p2b: Yes\n|-damage|p2b: Yes|79\/100\n|move|p2b: Yes|Light Screen|p2b: Yes\n|-sidestart|p2: decidoustree|move: Light Screen\n|\n|-heal|p2a: Machiavellian Bach|93\/100 brn|[from] item: Leftovers\n|-damage|p2a: Machiavellian Bach|87\/100 brn|[from] brn\n|-end|p1a: Weezing|move: Yawn|[silent]\n|-status|p1a: Weezing|slp\n|upkeep\n|-enditem|p1a: Weezing|Chesto Berry|[eat]\n|-curestatus|p1a: Weezing|slp|[msg]\n|turn|5\n|\n|t:|1697996980\n|move|p1b: Espeon|Skill Swap|p2a: Machiavellian Bach\n|-activate|p1b: Espeon|move: Skill Swap|Serene Grace|Truant|[of] p2a: Machiavellian Bach\n|move|p2a: Machiavellian Bach|Cosmic Power|p2a: Machiavellian Bach\n|-boost|p2a: Machiavellian Bach|def|1\n|-boost|p2a: Machiavellian Bach|spd|1\n|move|p1a: Weezing|Flamethrower|p2a: Machiavellian Bach\n|-supereffective|p2a: Machiavellian Bach\n|-damage|p2a: Machiavellian Bach|82\/100 brn\n|move|p2b: Yes|Yawn|p1a: Weezing\n|-start|p1a: Weezing|move: Yawn|[of] p2b: Yes\n|\n|-end|p2b: Yes|move: Future Sight\n|-damage|p2b: Yes|44\/100\n|-heal|p2a: Machiavellian Bach|88\/100 brn|[from] item: Leftovers\n|-damage|p2a: Machiavellian Bach|82\/100 brn|[from] brn\n|upkeep\n|turn|6\n|\n|t:|1697997022\n|move|p1b: Espeon|Future Sight|p2b: Yes\n|-start|p1b: Espeon|move: Future Sight\n|cant|p2a: Machiavellian Bach|ability: Truant\n|move|p1a: Weezing|Flamethrower|p2b: Yes\n|-damage|p2b: Yes|33\/100\n|move|p2b: Yes|Yawn|p1b: Espeon\n|-start|p1b: Espeon|move: Yawn|[of] p2b: Yes\n|\n|-heal|p2a: Machiavellian Bach|88\/100 brn|[from] item: Leftovers\n|-damage|p2a: Machiavellian Bach|82\/100 brn|[from] brn\n|-end|p1a: Weezing|move: Yawn|[silent]\n|-status|p1a: Weezing|slp\n|upkeep\n|turn|7\n|\n|t:|1697997049\n|move|p1b: Espeon|Dazzling Gleam|p2b: Yes|[spread] p2a,p2b\n|-resisted|p2a: Machiavellian Bach\n|-damage|p2a: Machiavellian Bach|81\/100 brn\n|-damage|p2b: Yes|22\/100\n|move|p2a: Machiavellian Bach|Stored Power|p1b: Espeon\n|-resisted|p1b: Espeon\n|-damage|p1b: Espeon|51\/100\n|cant|p1a: Weezing|slp\n|move|p2b: Yes|Blizzard|p1a: Weezing|[spread] p1a,p1b\n|-damage|p1a: Weezing|82\/100 slp\n|-damage|p1b: Espeon|34\/100\n|\n|-heal|p2a: Machiavellian Bach|87\/100 brn|[from] item: Leftovers\n|-damage|p2a: Machiavellian Bach|81\/100 brn|[from] brn\n|-end|p1b: Espeon|move: Yawn|[silent]\n|-status|p1b: Espeon|slp\n|upkeep\n|turn|8\n|\n|t:|1697997086\n|switch|p2b: Dont make lemonade|Mienshao, M, tera:Dark|91\/100\n|cant|p1b: Espeon|slp\n|cant|p2a: Machiavellian Bach|ability: Truant\n|cant|p1a: Weezing|slp\n|\n|-end|p2b: Dont make lemonade|move: Future Sight\n|-immune|p2b: Dont make lemonade\n|-heal|p2a: Machiavellian Bach|87\/100 brn|[from] item: Leftovers\n|-damage|p2a: Machiavellian Bach|81\/100 brn|[from] brn\n|-sideend|p2: decidoustree|move: Light Screen\n|upkeep\n|turn|9\n|\n|t:|1697997109\n|cant|p1b: Espeon|slp\n|move|p2b: Dont make lemonade|Knock Off|p1b: Espeon\n|-supereffective|p1b: Espeon\n|-damage|p1b: Espeon|0 fnt\n|-enditem|p1b: Espeon|Focus Sash|[from] move: Knock Off|[of] p2b: Dont make lemonade\n|faint|p1b: Espeon\n|-damage|p2b: Dont make lemonade|81\/100|[from] item: Life Orb\n|move|p2a: Machiavellian Bach|Charge Beam|p1a: Weezing|[miss]\n|-miss|p2a: Machiavellian Bach|p1a: Weezing\n|cant|p1a: Weezing|slp\n|\n|-heal|p2a: Machiavellian Bach|87\/100 brn|[from] item: Leftovers\n|-damage|p2a: Machiavellian Bach|81\/100 brn|[from] brn\n|upkeep\n|\n|t:|1697997119\n|switch|p1b: Iron Bundle|Iron Bundle|100\/100\n|turn|10\n|\n|t:|1697997136\n|-terastallize|p1b: Iron Bundle|Water\n|move|p1b: Iron Bundle|Snowscape|p1b: Iron Bundle\n|-weather|Snow\n|move|p2b: Dont make lemonade|High Jump Kick|p1b: Iron Bundle\n|-damage|p1b: Iron Bundle|0 fnt\n|faint|p1b: Iron Bundle\n|-end|p1b: Iron Bundle|Quark Drive|[silent]\n|-damage|p2b: Dont make lemonade|71\/100|[from] item: Life Orb\n|cant|p2a: Machiavellian Bach|ability: Truant\n|-curestatus|p1a: Weezing|slp|[msg]\n|move|p1a: Weezing|Destiny Bond|p1a: Weezing\n|-singlemove|p1a: Weezing|Destiny Bond\n|\n|-weather|Snow|[upkeep]\n|-heal|p2a: Machiavellian Bach|87\/100 brn|[from] item: Leftovers\n|-damage|p2a: Machiavellian Bach|81\/100 brn|[from] brn\n|upkeep\n|\n|t:|1697997144\n|switch|p1b: Gholdengo|Gholdengo|100\/100\n|turn|11\n|\n|t:|1697997166\n|move|p2b: Dont make lemonade|Stone Edge|p1a: Weezing\n|-damage|p1a: Weezing|51\/100\n|-damage|p2b: Dont make lemonade|61\/100|[from] item: Life Orb\n|move|p1b: Gholdengo|Night Shade|p2a: Machiavellian Bach\n|-damage|p2a: Machiavellian Bach|51\/100 brn\n|move|p2a: Machiavellian Bach|Charge Beam|p1a: Weezing\n|-damage|p1a: Weezing|36\/100\n|-boost|p2a: Machiavellian Bach|spa|1\n|move|p1a: Weezing|Explosion|p2a: Machiavellian Bach|[spread] p2a,p2b\n|-immune|p1b: Gholdengo\n|-resisted|p2a: Machiavellian Bach\n|-damage|p2a: Machiavellian Bach|47\/100 brn\n|-damage|p2b: Dont make lemonade|0 fnt\n|faint|p1a: Weezing\n|faint|p2b: Dont make lemonade\n|\n|-weather|Snow|[upkeep]\n|-heal|p2a: Machiavellian Bach|53\/100 brn|[from] item: Leftovers\n|-damage|p2a: Machiavellian Bach|47\/100 brn|[from] brn\n|upkeep\n|\n|t:|1697997195\n|switch|p2b: Lemonade|Delphox, F|100\/100\n|switch|p1a: Garchomp|Garchomp, M|100\/100\n|turn|12\n|\n|t:|1697997218\n|detailschange|p1a: Garchomp|Garchomp-Mega, M\n|-mega|p1a: Garchomp|Garchomp|Garchompite\n|move|p2b: Lemonade|Hypnosis|p1a: Garchomp|[miss]\n|-miss|p2b: Lemonade|p1a: Garchomp\n|move|p1a: Garchomp|Earthquake|p2a: Machiavellian Bach|[spread] p1b,p2a,p2b\n|-supereffective|p1b: Gholdengo\n|-crit|p1b: Gholdengo\n|-supereffective|p2a: Machiavellian Bach\n|-supereffective|p2b: Lemonade\n|-damage|p1b: Gholdengo|0 fnt\n|-damage|p2a: Machiavellian Bach|24\/100 brn\n|-damage|p2b: Lemonade|0 fnt\n|faint|p1b: Gholdengo\n|faint|p2b: Lemonade\n|cant|p2a: Machiavellian Bach|ability: Truant\n|\n|-weather|Snow|[upkeep]\n|-heal|p2a: Machiavellian Bach|30\/100 brn|[from] item: Leftovers\n|-damage|p2a: Machiavellian Bach|24\/100 brn|[from] brn\n|upkeep\n|\n|t:|1697997235\n|switch|p2b: Yes|Audino, F|55\/100\n|turn|13\n|\n|t:|1697997245\n|move|p1a: Garchomp|Earthquake|p2a: Machiavellian Bach|[spread] p2a,p2b\n|-supereffective|p2a: Machiavellian Bach\n|-damage|p2a: Machiavellian Bach|1\/100 brn\n|-damage|p2b: Yes|19\/100\n|move|p2a: Machiavellian Bach|Baton Pass|p2a: Machiavellian Bach\n|\n|t:|1697997250\n|switch|p2a: 9999999|Mismagius, F|100\/100|[from] Baton Pass\n|move|p2b: Yes|Yawn|p1a: Garchomp\n|-start|p1a: Garchomp|move: Yawn|[of] p2b: Yes\n|\n|-weather|Snow|[upkeep]\n|upkeep\n|turn|14\n|\n|t:|1697997268\n|move|p2a: 9999999|Icy Wind|p1a: Garchomp\n|-supereffective|p1a: Garchomp\n|-damage|p1a: Garchomp|0 fnt\n|faint|p1a: Garchomp\n|\n|win|decidoustree\n|raw|bruno111111's rating: 1058 &rarr; <strong>1039<\/strong><br \/>(-19 for losing)\n|raw|decidoustree's rating: 1045 &rarr; <strong>1079<\/strong><br \/>(+34 for winning)\n","uploadtime":1697997276,"views":19,"p1id":"bruno111111","p2id":"decidoustree","formatid":"gen9nationaldexdoubles","rating":1039,"private":0,"password":""}