{"id":"gen9nationaldexdoubles-1972958402","p1":"HAhaha U LOSE NOOB","p2":"lustforlifee","format":"[Gen 9] National Dex Doubles","log":"|j|\u2606HAhaha U LOSE NOOB\n|j|\u2606lustforlifee\n|t:|1697912832\n|gametype|doubles\n|player|p1|HAhaha U LOSE NOOB|lucas|1062\n|player|p2|lustforlifee|elesa|1140\n|teamsize|p1|6\n|teamsize|p2|6\n|gen|9\n|tier|[Gen 9] National Dex Doubles\n|rated|\n|rule|HP Percentage Mod: HP is shown in percentages\n|rule|Endless Battle Clause: Forcing endless battles is banned\n|rule|OHKO Clause: OHKO moves are banned\n|rule|Evasion Moves Clause: Evasion moves are banned\n|rule|Evasion Abilities Clause: Evasion abilities are banned\n|rule|Species Clause: Limit one of each Pok\u00e9mon\n|rule|Gravity Sleep Clause: The combination of sleep-inducing moves with imperfect accuracy and Gravity or Gigantamax Orbeetle are banned\n|clearpoke\n|poke|p1|Indeedee, M|\n|poke|p1|Regieleki|\n|poke|p1|Meowscarada, F|\n|poke|p1|Spectrier|\n|poke|p1|Murkrow, F|\n|poke|p1|Shuckle, F|\n|poke|p2|Regigigas|\n|poke|p2|Weezing-Galar, F|\n|poke|p2|Moltres|\n|poke|p2|Articuno|\n|poke|p2|Zapdos-Galar|\n|poke|p2|Beedrill, F|\n|teampreview\n|\n|t:|1697912839\n|start\n|switch|p1a: Murkrow|Murkrow, F|100\/100\n|switch|p1b: Shuckle|Shuckle, F|100\/100\n|switch|p2a: Regigigas|Regigigas, shiny|100\/100\n|switch|p2b: Weezing|Weezing-Galar, F, shiny|100\/100\n|-ability|p2b: Weezing|Neutralizing Gas\n|turn|1\n|\n|t:|1697912853\n|move|p2a: Regigigas|Ice Punch|p1b: Shuckle\n|-damage|p1b: Shuckle|82\/100\n|move|p1a: Murkrow|Taunt|p2b: Weezing\n|-start|p2b: Weezing|move: Taunt\n|move|p2b: Weezing|Strange Steam|p1a: Murkrow\n|-supereffective|p1a: Murkrow\n|-enditem|p1a: Murkrow|Focus Sash\n|-damage|p1a: Murkrow|1\/100\n|move|p1b: Shuckle|Stealth Rock|p2a: Regigigas\n|-sidestart|p2: lustforlifee|move: Stealth Rock\n|\n|upkeep\n|turn|2\n|\n|t:|1697912888\n|move|p2a: Regigigas|Ice Punch|p1b: Shuckle\n|-damage|p1b: Shuckle|64\/100\n|move|p1a: Murkrow|Perish Song|p1a: Murkrow\n|-start|p1a: Murkrow|perish3|[silent]\n|-start|p1b: Shuckle|perish3|[silent]\n|-start|p2a: Regigigas|perish3|[silent]\n|-start|p2b: Weezing|perish3|[silent]\n|-fieldactivate|move: Perish Song\n|move|p2b: Weezing|Strange Steam|p1a: Murkrow\n|-supereffective|p1a: Murkrow\n|-damage|p1a: Murkrow|0 fnt\n|faint|p1a: Murkrow\n|move|p1b: Shuckle|Power Split|p2a: Regigigas\n|-activate|p1b: Shuckle|move: Power Split|[of] p2a: Regigigas\n|\n|-start|p2a: Regigigas|perish3\n|-start|p2b: Weezing|perish3\n|-start|p1b: Shuckle|perish3\n|upkeep\n|\n|t:|1697912926\n|switch|p1a: Meowscarada|Meowscarada, F|100\/100\n|turn|3\n|\n|t:|1697912944\n|move|p1a: Meowscarada|Shadow Claw|p2b: Weezing\n|-damage|p2b: Weezing|80\/100\n|move|p2a: Regigigas|Ice Punch|p1a: Meowscarada\n|-supereffective|p1a: Meowscarada\n|-damage|p1a: Meowscarada|54\/100\n|move|p2b: Weezing|Strange Steam|p1b: Shuckle\n|-damage|p1b: Shuckle|42\/100\n|move|p1b: Shuckle|Toxic|p2a: Regigigas|[miss]\n|-miss|p1b: Shuckle|p2a: Regigigas\n|\n|-end|p2b: Weezing|move: Taunt\n|-start|p2a: Regigigas|perish2\n|-start|p2b: Weezing|perish2\n|-start|p1b: Shuckle|perish2\n|upkeep\n|turn|4\n|inactive|Battle timer is ON: inactive players will automatically lose when time's up. (requested by HAhaha U LOSE NOOB)\n|\n|t:|1697912967\n|move|p1a: Meowscarada|Shadow Claw|p2b: Weezing\n|-damage|p2b: Weezing|60\/100\n|move|p2a: Regigigas|Ice Punch|p1a: Meowscarada\n|-supereffective|p1a: Meowscarada\n|-damage|p1a: Meowscarada|5\/100\n|move|p2b: Weezing|Strange Steam|p1a: Meowscarada\n|-supereffective|p1a: Meowscarada\n|-damage|p1a: Meowscarada|0 fnt\n|faint|p1a: Meowscarada\n|move|p1b: Shuckle|Toxic|p2a: Regigigas\n|-status|p2a: Regigigas|tox\n|\n|-damage|p2a: Regigigas|94\/100 tox|[from] psn\n|-start|p2a: Regigigas|perish1\n|-start|p2b: Weezing|perish1\n|-start|p1b: Shuckle|perish1\n|upkeep\n|\n|t:|1697912980\n|switch|p1a: Indeedee|Indeedee, M|100\/100\n|turn|5\n|\n|t:|1697912997\n|-end|p2a: Regigigas|Slow Start|[silent]\n|switch|p2a: Zapdos|Zapdos-Galar, shiny|100\/100\n|-damage|p2a: Zapdos|88\/100|[from] Stealth Rock\n|-end|p2b: Weezing|ability: Neutralizing Gas\n|-fieldstart|move: Psychic Terrain|[from] ability: Psychic Surge|[of] p1a: Indeedee\n|switch|p2b: Beedrill|Beedrill, F, shiny|100\/100\n|-damage|p2b: Beedrill|75\/100|[from] Stealth Rock\n|-terastallize|p1a: Indeedee|Psychic\n|move|p1a: Indeedee|Expanding Force|p2b: Beedrill|[spread] p2a,p2b\n|-supereffective|p2a: Zapdos\n|-supereffective|p2b: Beedrill\n|-damage|p2a: Zapdos|0 fnt\n|-damage|p2b: Beedrill|0 fnt\n|faint|p2a: Zapdos\n|faint|p2b: Beedrill\n|move|p1b: Shuckle|Sticky Web|p2: Zapdos\n|-sidestart|p2: lustforlifee|move: Sticky Web\n|\n|-start|p1b: Shuckle|perish0\n|faint|p1b: Shuckle\n|upkeep\n|\n|t:|1697913018\n|switch|p2a: Regigigas|Regigigas, shiny|94\/100 tox\n|switch|p2b: Weezing|Weezing-Galar, F, shiny|60\/100\n|switch|p1b: Regieleki|Regieleki|100\/100\n|-ability|p2b: Weezing|Neutralizing Gas\n|-damage|p2a: Regigigas|82\/100 tox|[from] Stealth Rock\n|-activate|p2a: Regigigas|move: Sticky Web\n|-unboost|p2a: Regigigas|spe|1\n|-damage|p2b: Weezing|48\/100|[from] Stealth Rock\n|-activate|p2b: Weezing|move: Sticky Web\n|-unboost|p2b: Weezing|spe|1\n|turn|6\n|\n|t:|1697913038\n|move|p1b: Regieleki|Electro Ball|p2a: Regigigas\n|-damage|p2a: Regigigas|49\/100 tox\n|move|p1a: Indeedee|Expanding Force|p2a: Regigigas|[spread] p2a,p2b\n|-supereffective|p2b: Weezing\n|-damage|p2a: Regigigas|0 fnt\n|-damage|p2b: Weezing|0 fnt\n|faint|p2a: Regigigas\n|-end|p2a: Regigigas|Slow Start|[silent]\n|faint|p2b: Weezing\n|-end|p2b: Weezing|ability: Neutralizing Gas\n|\n|upkeep\n|\n|t:|1697913047\n|switch|p2a: Moltres|Moltres|100\/100\n|switch|p2b: Articuno|Articuno|100\/100\n|-damage|p2a: Moltres|50\/100|[from] Stealth Rock\n|-damage|p2b: Articuno|50\/100|[from] Stealth Rock\n|-ability|p2b: Articuno|Pressure\n|turn|7\n|\n|t:|1697913067\n|-terastallize|p2a: Moltres|Ground\n|move|p1b: Regieleki|Electro Ball|p2b: Articuno\n|-supereffective|p2b: Articuno\n|-damage|p2b: Articuno|0 fnt\n|faint|p2b: Articuno\n|move|p1a: Indeedee|Expanding Force|p2a: Moltres\n|-damage|p2a: Moltres|0 fnt\n|faint|p2a: Moltres\n|\n|win|HAhaha U LOSE NOOB\n|raw|HAhaha U LOSE NOOB's rating: 1087 &rarr; <strong>1118<\/strong><br \/>(+31 for winning)\n|raw|lustforlifee's rating: 1140 &rarr; <strong>1111<\/strong><br \/>(-29 for losing)\n|l|\u2606lustforlifee\n","uploadtime":1697913075,"views":5,"p1id":"hahahaulosenoob","p2id":"lustforlifee","formatid":"gen9nationaldexdoubles","rating":1111,"private":0,"password":""}