{"id":"gen9nationaldexdoubles-1960707093","p1":"LowksterP","p2":"pinkhyena12367","format":"[Gen 9] National Dex Doubles","log":"|j|\u2606LowksterP\n|j|\u2606pinkhyena12367\n|t:|1696548100\n|gametype|doubles\n|player|p1|LowksterP|striker|1064\n|player|p2|pinkhyena12367|169|1083\n|teamsize|p1|6\n|teamsize|p2|6\n|gen|9\n|tier|[Gen 9] National Dex Doubles\n|rated|\n|rule|HP Percentage Mod: HP is shown in percentages\n|rule|Endless Battle Clause: Forcing endless battles is banned\n|rule|OHKO Clause: OHKO moves are banned\n|rule|Evasion Moves Clause: Evasion moves are banned\n|rule|Evasion Abilities Clause: Evasion abilities are banned\n|rule|Species Clause: Limit one of each Pok\u00e9mon\n|rule|Gravity Sleep Clause: The combination of sleep-inducing moves with imperfect accuracy and Gravity or Gigantamax Orbeetle are banned\n|clearpoke\n|poke|p1|Altaria, M|\n|poke|p1|Primeape, M|\n|poke|p1|Gengar, M|\n|poke|p1|Eldegoss, M|\n|poke|p1|Arcanine, M|\n|poke|p1|Tentacruel, M|\n|poke|p2|Hippowdon, F|\n|poke|p2|Krookodile, M|\n|poke|p2|Aggron, M|\n|poke|p2|Flygon, F|\n|poke|p2|Camerupt, F|\n|poke|p2|Dugtrio, M|\n|teampreview\n|\n|t:|1696548112\n|start\n|switch|p1a: Arcanine|Arcanine, M, shiny|100\/100\n|switch|p1b: Eldegoss|Eldegoss, M, shiny|100\/100\n|switch|p2a: Hippowdon|Hippowdon, F|100\/100\n|switch|p2b: Dugtrio|Dugtrio, M|100\/100\n|-ability|p1a: Arcanine|Intimidate|boost\n|-unboost|p2a: Hippowdon|atk|1\n|-unboost|p2b: Dugtrio|atk|1\n|-weather|Sandstorm|[from] ability: Sand Stream|[of] p2a: Hippowdon\n|turn|1\n|\n|t:|1696548159\n|move|p2b: Dugtrio|Stone Edge|p1b: Eldegoss\n|-damage|p1b: Eldegoss|80\/100\n|-ability|p1b: Eldegoss|Cotton Down\n|-unboost|p1a: Arcanine|spe|1\n|-unboost|p2a: Hippowdon|spe|1\n|-unboost|p2b: Dugtrio|spe|1\n|move|p1a: Arcanine|Will-O-Wisp|p2b: Dugtrio\n|-status|p2b: Dugtrio|brn\n|move|p1b: Eldegoss|Leech Seed|p2a: Hippowdon\n|-start|p2a: Hippowdon|move: Leech Seed\n|move|p2a: Hippowdon|Stealth Rock|p1b: Eldegoss\n|-sidestart|p1: LowksterP|move: Stealth Rock\n|\n|-weather|Sandstorm|[upkeep]\n|-damage|p1a: Arcanine|94\/100|[from] Sandstorm\n|-damage|p1b: Eldegoss|74\/100|[from] Sandstorm\n|-heal|p1a: Arcanine|100\/100|[from] item: Leftovers\n|-heal|p1b: Eldegoss|80\/100|[from] item: Leftovers\n|-damage|p2a: Hippowdon|88\/100|[from] Leech Seed|[of] p1b: Eldegoss\n|-heal|p1b: Eldegoss|99\/100|[silent]\n|-damage|p2b: Dugtrio|94\/100 brn|[from] brn\n|upkeep\n|turn|2\n|\n|t:|1696548188\n|move|p2b: Dugtrio|Stone Edge|p1a: Arcanine\n|-supereffective|p1a: Arcanine\n|-crit|p1a: Arcanine\n|-damage|p1a: Arcanine|42\/100\n|move|p1a: Arcanine|Mud-Slap|p2a: Hippowdon\n|-damage|p2a: Hippowdon|83\/100\n|-unboost|p2a: Hippowdon|accuracy|1\n|move|p1b: Eldegoss|Leech Seed|p2b: Dugtrio|[miss]\n|-miss|p1b: Eldegoss|p2b: Dugtrio\n|move|p2a: Hippowdon|Whirlwind|p1b: Eldegoss\n|drag|p1b: Pickle Tickle|Tentacruel, M, shiny|100\/100\n|-damage|p1b: Pickle Tickle|88\/100|[from] Stealth Rock\n|\n|-weather|Sandstorm|[upkeep]\n|-damage|p1b: Pickle Tickle|82\/100|[from] Sandstorm\n|-damage|p1a: Arcanine|36\/100|[from] Sandstorm\n|-heal|p1a: Arcanine|42\/100|[from] item: Leftovers\n|-damage|p2a: Hippowdon|70\/100|[from] Leech Seed|[of] p1b: Pickle Tickle\n|-heal|p1b: Pickle Tickle|99\/100|[silent]\n|-damage|p2b: Dugtrio|88\/100 brn|[from] brn\n|upkeep\n|turn|3\n|\n|t:|1696548214\n|move|p2b: Dugtrio|Stone Edge|p1a: Arcanine\n|-supereffective|p1a: Arcanine\n|-damage|p1a: Arcanine|17\/100\n|move|p1b: Pickle Tickle|Muddy Water|p2b: Dugtrio|[spread] p2a,p2b\n|-supereffective|p2a: Hippowdon\n|-supereffective|p2b: Dugtrio\n|-damage|p2a: Hippowdon|26\/100\n|-damage|p2b: Dugtrio|6\/100 brn\n|move|p1a: Arcanine|Mud-Slap|p2b: Dugtrio\n|-damage|p2b: Dugtrio|0 fnt\n|faint|p2b: Dugtrio\n|move|p2a: Hippowdon|Yawn|p1b: Pickle Tickle\n|-start|p1b: Pickle Tickle|move: Yawn|[of] p2a: Hippowdon\n|\n|-weather|Sandstorm|[upkeep]\n|-damage|p1b: Pickle Tickle|94\/100|[from] Sandstorm\n|-damage|p1a: Arcanine|10\/100|[from] Sandstorm\n|-heal|p1a: Arcanine|17\/100|[from] item: Leftovers\n|-damage|p2a: Hippowdon|13\/100|[from] Leech Seed|[of] p1b: Pickle Tickle\n|-heal|p1b: Pickle Tickle|100\/100|[silent]\n|upkeep\n|\n|t:|1696548242\n|switch|p2b: Aggron|Aggron, M|100\/100\n|turn|4\n|\n|t:|1696548272\n|switch|p1b: Altaria|Altaria, M, shiny|100\/100\n|-damage|p1b: Altaria|76\/100|[from] Stealth Rock\n|-ability|p1b: Altaria|Cloud Nine\n|switch|p1a: Eldegoss|Eldegoss, M, shiny|99\/100\n|-damage|p1a: Eldegoss|88\/100|[from] Stealth Rock\n|detailschange|p2b: Aggron|Aggron-Mega, M\n|-mega|p2b: Aggron|Aggron|Aggronite\n|move|p2b: Aggron|Body Press|p1a: Eldegoss\n|-damage|p1a: Eldegoss|44\/100\n|-ability|p1a: Eldegoss|Cotton Down\n|-unboost|p1b: Altaria|spe|1\n|-unboost|p2a: Hippowdon|spe|1\n|-unboost|p2b: Aggron|spe|1\n|move|p2a: Hippowdon|Slack Off|p2a: Hippowdon\n|-heal|p2a: Hippowdon|63\/100\n|\n|-weather|Sandstorm|[upkeep]\n|-heal|p1a: Eldegoss|50\/100|[from] item: Leftovers\n|-damage|p2a: Hippowdon|51\/100|[from] Leech Seed|[of] p1b: Altaria\n|-heal|p1b: Altaria|94\/100|[silent]\n|upkeep\n|turn|5\n|\n|t:|1696548359\n|move|p1b: Altaria|Sing|p2b: Aggron|[miss]\n|-miss|p1b: Altaria|p2b: Aggron\n|-enditem|p1b: Altaria|Blunder Policy\n|-boost|p1b: Altaria|spe|2\n|move|p1a: Eldegoss|Rapid Spin|p2a: Hippowdon\n|-damage|p2a: Hippowdon|47\/100\n|-boost|p1a: Eldegoss|spe|1\n|-sideend|p1: LowksterP|Stealth Rock|[from] move: Rapid Spin|[of] p1a: Eldegoss\n|move|p2b: Aggron|Body Press|p1a: Eldegoss\n|-crit|p1a: Eldegoss\n|-damage|p1a: Eldegoss|0 fnt\n|-ability|p1a: Eldegoss|Cotton Down\n|-unboost|p1b: Altaria|spe|1\n|-unboost|p2a: Hippowdon|spe|1\n|-unboost|p2b: Aggron|spe|1\n|faint|p1a: Eldegoss\n|move|p2a: Hippowdon|Whirlwind|p1b: Altaria\n|drag|p1b: Bend Over|Gengar, M, shiny|100\/100\n|\n|-weather|Sandstorm|[upkeep]\n|-damage|p1b: Bend Over|94\/100|[from] Sandstorm\n|-heal|p1b: Bend Over|100\/100|[from] item: Leftovers\n|-damage|p2a: Hippowdon|35\/100|[from] Leech Seed|[of] p1b: Bend Over\n|upkeep\n|\n|t:|1696548379\n|switch|p1a: Arcanine|Arcanine, M, shiny|17\/100\n|-ability|p1a: Arcanine|Intimidate|boost\n|-unboost|p2a: Hippowdon|atk|1\n|-unboost|p2b: Aggron|atk|1\n|turn|6\n|\n|t:|1696548407\n|move|p1b: Bend Over|Icy Wind|p2b: Aggron|[spread] p2a,p2b\n|-supereffective|p2a: Hippowdon\n|-resisted|p2b: Aggron\n|-damage|p2a: Hippowdon|9\/100\n|-damage|p2b: Aggron|94\/100\n|-unboost|p2a: Hippowdon|spe|1\n|-unboost|p2b: Aggron|spe|1\n|move|p1a: Arcanine|Heat Wave|p2b: Aggron|[spread] p2a,p2b\n|-supereffective|p2b: Aggron\n|-damage|p2a: Hippowdon|0 fnt\n|-damage|p2b: Aggron|46\/100\n|faint|p2a: Hippowdon\n|move|p2b: Aggron|Earthquake|p1b: Bend Over|[spread] p1a,p1b\n|-supereffective|p1a: Arcanine\n|-supereffective|p1b: Bend Over\n|-damage|p1a: Arcanine|0 fnt\n|-damage|p1b: Bend Over|57\/100\n|-start|p2b: Aggron|Disable|Earthquake|[from] ability: Cursed Body|[of] p1b: Bend Over\n|faint|p1a: Arcanine\n|\n|-weather|Sandstorm|[upkeep]\n|-damage|p1b: Bend Over|51\/100|[from] Sandstorm\n|-heal|p1b: Bend Over|57\/100|[from] item: Leftovers\n|upkeep\n|\n|t:|1696548443\n|switch|p1a: Pickle Tickle|Tentacruel, M, shiny|100\/100\n|switch|p2a: Flygon|Flygon, F|100\/100\n|turn|7\n|\n|t:|1696548463\n|switch|p1a: Altaria|Altaria, M, shiny|94\/100\n|-ability|p1a: Altaria|Cloud Nine\n|-terastallize|p1b: Bend Over|Flying\n|move|p1b: Bend Over|Nasty Plot|p1b: Bend Over\n|-boost|p1b: Bend Over|spa|2\n|move|p2a: Flygon|Aerial Ace|p1a: Altaria\n|-damage|p1a: Altaria|77\/100\n|move|p2b: Aggron|Heavy Slam|p1b: Bend Over\n|-damage|p1b: Bend Over|5\/100\n|\n|-weather|Sandstorm|[upkeep]\n|-heal|p1b: Bend Over|11\/100|[from] item: Leftovers\n|upkeep\n|turn|8\n|\n|t:|1696548488\n|move|p1b: Bend Over|Icy Wind|p2b: Aggron|[spread] p2a,p2b\n|-supereffective|p2a: Flygon\n|-resisted|p2b: Aggron\n|-damage|p2a: Flygon|0 fnt\n|-damage|p2b: Aggron|31\/100\n|-unboost|p2b: Aggron|spe|1\n|faint|p2a: Flygon\n|move|p1a: Altaria|Sing|p2b: Aggron\n|-status|p2b: Aggron|slp|[from] move: Sing\n|cant|p2b: Aggron|slp\n|\n|-weather|none\n|-heal|p1b: Bend Over|17\/100|[from] item: Leftovers\n|upkeep\n|\n|t:|1696548504\n|switch|p2a: Krookodile|Krookodile, M|100\/100\n|turn|9\n|\n|t:|1696548515\n|switch|p1a: Pickle Tickle|Tentacruel, M, shiny|100\/100\n|switch|p2b: Camerupt|Camerupt, F|100\/100\n|move|p2a: Krookodile|Stone Edge|p1a: Pickle Tickle\n|-damage|p1a: Pickle Tickle|64\/100\n|move|p1b: Bend Over|Icy Wind|p2a: Krookodile|[spread] p2a,p2b\n|-supereffective|p2a: Krookodile\n|-damage|p2a: Krookodile|33\/100\n|-damage|p2b: Camerupt|67\/100\n|-unboost|p2a: Krookodile|spe|1\n|-unboost|p2b: Camerupt|spe|1\n|\n|-heal|p1b: Bend Over|23\/100|[from] item: Leftovers\n|-heal|p2b: Camerupt|72\/100|[from] item: Leftovers\n|upkeep\n|turn|10\n|\n|t:|1696548569\n|move|p1b: Bend Over|Ominous Wind|p2b: Camerupt\n|-crit|p2b: Camerupt\n|-damage|p2b: Camerupt|0 fnt\n|faint|p2b: Camerupt\n|move|p2a: Krookodile|Stone Edge|p1b: Bend Over\n|-supereffective|p1b: Bend Over\n|-crit|p1b: Bend Over\n|-damage|p1b: Bend Over|0 fnt\n|faint|p1b: Bend Over\n|-ability|p2a: Krookodile|Moxie|boost\n|-boost|p2a: Krookodile|atk|1\n|move|p1a: Pickle Tickle|Giga Drain|p2a: Krookodile\n|-supereffective|p2a: Krookodile\n|-crit|p2a: Krookodile\n|-damage|p2a: Krookodile|0 fnt\n|-heal|p1a: Pickle Tickle|82\/100|[from] drain|[of] p2a: Krookodile\n|faint|p2a: Krookodile\n|\n|upkeep\n|\n|t:|1696548586\n|switch|p1b: Primeape|Primeape, M, shiny|100\/100\n|switch|p2b: Aggron|Aggron-Mega, M|31\/100 slp\n|turn|11\n|\n|t:|1696548599\n|-zpower|p1a: Pickle Tickle\n|move|p1a: Pickle Tickle|Z-Acupressure|p1b: Primeape|[anim]Acupressure\n|-start|p1a: Pickle Tickle|move: Focus Energy|[zeffect]\n|-boost|p1b: Primeape|def|2\n|move|p1b: Primeape|Hone Claws|p1b: Primeape\n|-boost|p1b: Primeape|atk|1\n|-boost|p1b: Primeape|accuracy|1\n|-curestatus|p2b: Aggron|slp|[msg]\n|move|p2b: Aggron|Earthquake|p1b: Primeape|[spread] p1a,p1b\n|-supereffective|p1a: Pickle Tickle\n|-damage|p1a: Pickle Tickle|34\/100\n|-damage|p1b: Primeape|86\/100\n|\n|upkeep\n|turn|12\n|\n|t:|1696548618\n|move|p1a: Pickle Tickle|Acupressure|p1b: Primeape\n|-boost|p1b: Primeape|spd|2\n|move|p1b: Primeape|Hone Claws|p1b: Primeape\n|-boost|p1b: Primeape|atk|1\n|-boost|p1b: Primeape|accuracy|1\n|move|p2b: Aggron|Earthquake|p1b: Primeape|[spread] p1a,p1b\n|-supereffective|p1a: Pickle Tickle\n|-damage|p1a: Pickle Tickle|0 fnt\n|-damage|p1b: Primeape|72\/100\n|faint|p1a: Pickle Tickle\n|\n|upkeep\n|\n|t:|1696548627\n|switch|p1a: Altaria|Altaria, M, shiny|77\/100\n|-ability|p1a: Altaria|Cloud Nine\n|turn|13\n|\n|t:|1696548635\n|move|p1a: Altaria|Hone Claws|p1a: Altaria\n|-boost|p1a: Altaria|atk|1\n|-boost|p1a: Altaria|accuracy|1\n|move|p1b: Primeape|Gunk Shot|p2b: Aggron\n|-immune|p2b: Aggron\n|move|p2b: Aggron|Heavy Slam|p1a: Altaria\n|-damage|p1a: Altaria|17\/100\n|\n|upkeep\n|turn|14\n|\n|t:|1696548664\n|move|p1a: Altaria|Sing|p2b: Aggron|[miss]\n|-miss|p1a: Altaria|p2b: Aggron\n|move|p1b: Primeape|Gunk Shot|p2b: Aggron\n|-immune|p2b: Aggron\n|move|p2b: Aggron|Heavy Slam|p1a: Altaria\n|-crit|p1a: Altaria\n|-damage|p1a: Altaria|0 fnt\n|faint|p1a: Altaria\n|\n|upkeep\n|turn|15\n|\n|t:|1696548683\n|move|p1b: Primeape|Stone Edge|p2b: Aggron\n|-resisted|p2b: Aggron\n|-damage|p2b: Aggron|19\/100\n|move|p2b: Aggron|Body Press|p1b: Primeape\n|-damage|p1b: Primeape|47\/100\n|\n|upkeep\n|turn|16\n|\n|t:|1696548696\n|move|p1b: Primeape|Hone Claws|p1b: Primeape\n|-boost|p1b: Primeape|atk|1\n|-boost|p1b: Primeape|accuracy|1\n|move|p2b: Aggron|Earthquake|p1b: Primeape\n|-damage|p1b: Primeape|29\/100\n|\n|upkeep\n|turn|17\n|\n|t:|1696548707\n|move|p1b: Primeape|Dynamic Punch|p2b: Aggron\n|-supereffective|p2b: Aggron\n|-crit|p2b: Aggron\n|-damage|p2b: Aggron|0 fnt\n|faint|p2b: Aggron\n|\n|win|LowksterP\n|raw|LowksterP's rating: 1064 &rarr; <strong>1096<\/strong><br \/>(+32 for winning)\n|raw|pinkhyena12367's rating: 1083 &rarr; <strong>1059<\/strong><br \/>(-24 for losing)\n|l|\u2606pinkhyena12367\n","uploadtime":1696548723,"views":11,"p1id":"lowksterp","p2id":"pinkhyena12367","formatid":"gen9nationaldexdoubles","rating":1059,"private":0,"password":""}