{"id":"gen9nationaldexdoubles-1975158606","p1":"multiingbe","p2":"DarthVision1","format":"[Gen 9] National Dex Doubles","log":"|j|\u2606multiingbe\n|j|\u2606DarthVision1\n|t:|1698166432\n|gametype|doubles\n|player|p1|multiingbe|kimonogirl|1000\n|player|p2|DarthVision1|shadowtriad|1000\n|teamsize|p1|6\n|teamsize|p2|6\n|gen|9\n|tier|[Gen 9] National Dex Doubles\n|rated|\n|rule|HP Percentage Mod: HP is shown in percentages\n|rule|Endless Battle Clause: Forcing endless battles is banned\n|rule|OHKO Clause: OHKO moves are banned\n|rule|Evasion Moves Clause: Evasion moves are banned\n|rule|Evasion Abilities Clause: Evasion abilities are banned\n|rule|Species Clause: Limit one of each Pok\u00e9mon\n|rule|Gravity Sleep Clause: The combination of sleep-inducing moves with imperfect accuracy and Gravity or Gigantamax Orbeetle are banned\n|clearpoke\n|poke|p1|Xatu, M|\n|poke|p1|Politoed, M|\n|poke|p1|Zapdos|\n|poke|p1|Golduck, F|\n|poke|p1|Absol, F|\n|poke|p1|Tapu Koko|\n|poke|p2|Regigigas|\n|poke|p2|Armarouge, F|\n|poke|p2|Dusclops, M|\n|poke|p2|Iron Hands|\n|poke|p2|Garganacl, F|\n|poke|p2|Hatterene, F|\n|teampreview\n|\n|t:|1698166447\n|start\n|switch|p1a: Wen Tji|Politoed, M|100\/100\n|switch|p1b: Quz Nrengxiz|Zapdos|100\/100\n|switch|p2a: Reginald|Regigigas|100\/100\n|switch|p2b: Rojo|Armarouge, F|100\/100\n|-ability|p1b: Quz Nrengxiz|Pressure\n|-start|p2a: Reginald|ability: Slow Start\n|-weather|RainDance|[from] ability: Drizzle|[of] p1a: Wen Tji\n|turn|1\n|\n|t:|1698166477\n|-terastallize|p1b: Quz Nrengxiz|Electric\n|move|p2a: Reginald|Protect|p2a: Reginald\n|-singleturn|p2a: Reginald|Protect\n|move|p1b: Quz Nrengxiz|Thunder|p2a: Reginald\n|-activate|p2a: Reginald|move: Protect\n|move|p1a: Wen Tji|Waterfall|p2b: Rojo\n|-supereffective|p2b: Rojo\n|-damage|p2b: Rojo|56\/100\n|move|p2b: Rojo|Trick Room|p2b: Rojo\n|-fieldstart|move: Trick Room|[of] p2b: Rojo\n|\n|-weather|RainDance|[upkeep]\n|upkeep\n|turn|2\n|\n|t:|1698166495\n|move|p2b: Rojo|Wide Guard|p2b: Rojo\n|-singleturn|p2b: Rojo|Wide Guard\n|move|p2a: Reginald|Ancient Power|p1b: Quz Nrengxiz\n|-damage|p1b: Quz Nrengxiz|87\/100\n|move|p1a: Wen Tji|Waterfall|p2b: Rojo\n|-supereffective|p2b: Rojo\n|-damage|p2b: Rojo|11\/100\n|-enditem|p2b: Rojo|Mago Berry|[eat]\n|-heal|p2b: Rojo|44\/100|[from] item: Mago Berry\n|-start|p2b: Rojo|confusion\n|move|p1b: Quz Nrengxiz|Thunder|p2a: Reginald\n|-damage|p2a: Reginald|55\/100\n|\n|-weather|RainDance|[upkeep]\n|-heal|p2a: Reginald|61\/100|[from] item: Leftovers\n|upkeep\n|turn|3\n|\n|t:|1698166520\n|move|p2a: Reginald|Protect|p2a: Reginald\n|-singleturn|p2a: Reginald|Protect\n|-activate|p2b: Rojo|confusion\n|move|p2b: Rojo|Armor Cannon|p1b: Quz Nrengxiz\n|-damage|p1b: Quz Nrengxiz|57\/100\n|-unboost|p2b: Rojo|def|1\n|-unboost|p2b: Rojo|spd|1\n|move|p1a: Wen Tji|Waterfall|p2b: Rojo\n|-supereffective|p2b: Rojo\n|-damage|p2b: Rojo|0 fnt\n|faint|p2b: Rojo\n|move|p1b: Quz Nrengxiz|Thunder|p2a: Reginald\n|-activate|p2a: Reginald|move: Protect\n|\n|-weather|RainDance|[upkeep]\n|-heal|p2a: Reginald|67\/100|[from] item: Leftovers\n|upkeep\n|\n|t:|1698166554\n|switch|p2b: Salt|Garganacl, F|100\/100\n|turn|4\n|\n|t:|1698166571\n|switch|p1a: Kapu Kokeko|Tapu Koko|100\/100\n|-fieldstart|move: Electric Terrain|[from] ability: Electric Surge|[of] p1a: Kapu Kokeko\n|-item|p1a: Kapu Kokeko|Air Balloon\n|move|p2b: Salt|Earth Power|p1b: Quz Nrengxiz\n|-supereffective|p1b: Quz Nrengxiz\n|-damage|p1b: Quz Nrengxiz|29\/100\n|move|p2a: Reginald|Drain Punch|p1a: Kapu Kokeko\n|-resisted|p1a: Kapu Kokeko\n|-damage|p1a: Kapu Kokeko|88\/100\n|-heal|p2a: Reginald|72\/100|[from] drain|[of] p1a: Kapu Kokeko\n|-enditem|p1a: Kapu Kokeko|Air Balloon\n|move|p1b: Quz Nrengxiz|Thunder|p2a: Reginald\n|-damage|p2a: Reginald|16\/100\n|\n|-weather|RainDance|[upkeep]\n|-heal|p2a: Reginald|22\/100|[from] item: Leftovers\n|upkeep\n|turn|5\n|\n|t:|1698166604\n|switch|p1b: Ta Nemet|Golduck, F|100\/100\n|-ability|p1b: Ta Nemet|Cloud Nine\n|move|p2a: Reginald|Protect|p2a: Reginald\n|-singleturn|p2a: Reginald|Protect\n|move|p2b: Salt|Explosion|p1b: Ta Nemet|[spread] p1a,p1b\n|-activate|p2a: Reginald|move: Protect\n|-damage|p1a: Kapu Kokeko|2\/100\n|-damage|p1b: Ta Nemet|22\/100\n|faint|p2b: Salt\n|move|p1a: Kapu Kokeko|Nature's Madness|p2a: Reginald\n|-activate|p2a: Reginald|move: Protect\n|\n|-weather|none\n|-heal|p2a: Reginald|28\/100|[from] item: Leftovers\n|-fieldend|move: Trick Room\n|-end|p2a: Reginald|Slow Start\n|upkeep\n|\n|t:|1698166630\n|switch|p2b: All-Seeing|Dusclops, M|100\/100\n|-item|p1b: Ta Nemet|King's Rock|[from] ability: Frisk|[of] p2b: All-Seeing|[identify]\n|turn|6\n|\n|t:|1698166646\n|switch|p1b: Wen Tji|Politoed, M|100\/100\n|-weather|RainDance|[from] ability: Drizzle|[of] p1b: Wen Tji\n|move|p1a: Kapu Kokeko|Thunder|p2a: Reginald\n|-damage|p2a: Reginald|0 fnt\n|faint|p2a: Reginald\n|-end|p2a: Reginald|Slow Start|[silent]\n|move|p2b: All-Seeing|Night Shade|p1b: Wen Tji\n|-damage|p1b: Wen Tji|71\/100\n|\n|-weather|RainDance|[upkeep]\n|upkeep\n|\n|t:|1698166661\n|switch|p2a: Fedora|Hatterene, F, shiny|100\/100\n|turn|7\n|-message|multiingbe forfeited.\n|\n|win|DarthVision1\n|raw|multiingbe's rating: 1000 &rarr; <strong>1000<\/strong><br \/>(+0 for losing)\n|raw|DarthVision1's rating: 1000 &rarr; <strong>1040<\/strong><br \/>(+40 for winning)\n|l|\u2606DarthVision1\n","uploadtime":1698166672,"views":8,"p1id":"multiingbe","p2id":"darthvision1","formatid":"gen9nationaldexdoubles","rating":1000,"private":0,"password":""}