{"id":"gen9nationaldexdoubles-1972077868","p1":"fumbari 24","p2":"dryinnnnnn","format":"[Gen 9] National Dex Doubles","log":"|j|\u2606fumbari 24\n|j|\u2606dryinnnnnn\n|t:|1697810945\n|gametype|doubles\n|player|p1|fumbari 24|hilbert|1399\n|player|p2|dryinnnnnn|steven-masters2|1347\n|teamsize|p1|6\n|teamsize|p2|6\n|gen|9\n|tier|[Gen 9] National Dex Doubles\n|rated|\n|rule|HP Percentage Mod: HP is shown in percentages\n|rule|Endless Battle Clause: Forcing endless battles is banned\n|rule|OHKO Clause: OHKO moves are banned\n|rule|Evasion Moves Clause: Evasion moves are banned\n|rule|Evasion Abilities Clause: Evasion abilities are banned\n|rule|Species Clause: Limit one of each Pok\u00e9mon\n|rule|Gravity Sleep Clause: The combination of sleep-inducing moves with imperfect accuracy and Gravity or Gigantamax Orbeetle are banned\n|clearpoke\n|poke|p1|Krookodile, M|\n|poke|p1|Salamence, M|\n|poke|p1|Chi-Yu|\n|poke|p1|Tornadus, M|\n|poke|p1|Arcanine-Hisui, M|\n|poke|p1|Amoonguss, F|\n|poke|p2|Charizard, M|\n|poke|p2|Tornadus, M|\n|poke|p2|Flutter Mane|\n|poke|p2|Walking Wake|\n|poke|p2|Great Tusk|\n|poke|p2|Ogerpon-Hearthflame, F|\n|teampreview\n|inactive|Battle timer is ON: inactive players will automatically lose when time's up. (requested by dryinnnnnn)\n|inactive|fumbari 24 has 120 seconds left.\n|\n|t:|1697810982\n|start\n|switch|p1a: Atraco|Krookodile, M|100\/100\n|switch|p1b: Blue Flame|Salamence, M|100\/100\n|switch|p2a: Charizard|Charizard, M|100\/100\n|switch|p2b: Ogerpon|Ogerpon-Hearthflame, F|100\/100\n|-ability|p2b: Ogerpon|Mold Breaker\n|-ability|p1b: Blue Flame|Intimidate|boost\n|-unboost|p2a: Charizard|atk|1\n|-unboost|p2b: Ogerpon|atk|1\n|-ability|p1a: Atraco|Intimidate|boost\n|-unboost|p2a: Charizard|atk|1\n|-unboost|p2b: Ogerpon|atk|1\n|turn|1\n|inactive|dryinnnnnn has 120 seconds left.\n|\n|t:|1697811014\n|switch|p2b: Tornadus|Tornadus, M|100\/100\n|switch|p1a: Chi-Yu|Chi-Yu|100\/100\n|-ability|p1a: Chi-Yu|Beads of Ruin\n|detailschange|p2a: Charizard|Charizard-Mega-Y, M\n|-mega|p2a: Charizard|Charizard|Charizardite Y\n|-weather|SunnyDay|[from] ability: Drought|[of] p2a: Charizard\n|detailschange|p1b: Blue Flame|Salamence-Mega, M\n|-mega|p1b: Blue Flame|Salamence|Salamencite\n|move|p2a: Charizard|Protect|p2a: Charizard\n|-singleturn|p2a: Charizard|Protect\n|move|p1b: Blue Flame|Hyper Voice|p2b: Tornadus|[spread] p2b\n|-activate|p2a: Charizard|move: Protect\n|-damage|p2b: Tornadus|34\/100\n|\n|-weather|SunnyDay|[upkeep]\n|upkeep\n|turn|2\n|\n|t:|1697811036\n|move|p2b: Tornadus|Tailwind|p2b: Tornadus\n|-sidestart|p2: dryinnnnnn|move: Tailwind\n|move|p2a: Charizard|Scorching Sands|p1a: Chi-Yu\n|-supereffective|p1a: Chi-Yu\n|-damage|p1a: Chi-Yu|46\/100\n|move|p1b: Blue Flame|Hyper Voice|p2a: Charizard|[spread] p2a,p2b\n|-damage|p2a: Charizard|50\/100\n|-damage|p2b: Tornadus|0 fnt\n|faint|p2b: Tornadus\n|move|p1a: Chi-Yu|Snarl|p2a: Charizard\n|-damage|p2a: Charizard|9\/100\n|-unboost|p2a: Charizard|spa|1\n|\n|-weather|SunnyDay|[upkeep]\n|upkeep\n|inactive|dryinnnnnn has 120 seconds left.\n|\n|t:|1697811049\n|switch|p2b: Walking Wake|Walking Wake|100\/100\n|-activate|p2b: Walking Wake|ability: Protosynthesis\n|-start|p2b: Walking Wake|protosynthesisspe\n|turn|3\n|\n|t:|1697811058\n|move|p1b: Blue Flame|Protect|p1b: Blue Flame\n|-singleturn|p1b: Blue Flame|Protect\n|move|p2b: Walking Wake|Draco Meteor|p1b: Blue Flame\n|-activate|p1b: Blue Flame|move: Protect\n|move|p2a: Charizard|Scorching Sands|p1a: Chi-Yu\n|-supereffective|p1a: Chi-Yu\n|-damage|p1a: Chi-Yu|12\/100\n|move|p1a: Chi-Yu|Snarl|p2b: Walking Wake|[spread] p2a,p2b\n|-damage|p2a: Charizard|0 fnt\n|-damage|p2b: Walking Wake|67\/100\n|-unboost|p2b: Walking Wake|spa|1\n|faint|p2a: Charizard\n|\n|-weather|SunnyDay|[upkeep]\n|upkeep\n|\n|t:|1697811074\n|switch|p2a: Ogerpon|Ogerpon-Hearthflame, F|100\/100\n|-ability|p2a: Ogerpon|Mold Breaker\n|turn|4\n|\n|t:|1697811092\n|switch|p1b: Atraco|Krookodile, M|100\/100\n|-ability|p1b: Atraco|Intimidate|boost\n|-unboost|p2a: Ogerpon|atk|1\n|-unboost|p2b: Walking Wake|atk|1\n|switch|p1a: Tornadus|Tornadus, M|100\/100\n|-terastallize|p2a: Ogerpon|Fire\n|detailschange|p2a: Ogerpon|Ogerpon-Hearthflame-Tera, F, tera:Fire\n|-ability|p2a: Ogerpon|Embody Aspect (Hearthflame)|boost\n|-boost|p2a: Ogerpon|atk|1\n|move|p2b: Walking Wake|Hydro Steam|p1a: Tornadus\n|-damage|p1a: Tornadus|44\/100\n|-damage|p2b: Walking Wake|57\/100|[from] item: Life Orb\n|move|p2a: Ogerpon|Lash Out|p1b: Atraco\n|-resisted|p1b: Atraco\n|-damage|p1b: Atraco|71\/100\n|\n|-weather|SunnyDay|[upkeep]\n|upkeep\n|turn|5\n|\n|t:|1697811114\n|move|p1a: Tornadus|Tailwind|p1a: Tornadus\n|-sidestart|p1: fumbari 24|move: Tailwind\n|move|p2b: Walking Wake|Hydro Steam|p1a: Tornadus\n|-damage|p1a: Tornadus|0 fnt\n|faint|p1a: Tornadus\n|-damage|p2b: Walking Wake|47\/100|[from] item: Life Orb\n|move|p2a: Ogerpon|Horn Leech|p1b: Atraco\n|-supereffective|p1b: Atraco\n|-damage|p1b: Atraco|0 fnt\n|faint|p1b: Atraco\n|\n|-weather|none\n|-end|p2b: Walking Wake|Protosynthesis\n|-sideend|p2: dryinnnnnn|move: Tailwind\n|upkeep\n|\n|t:|1697811126\n|switch|p1a: Blue Flame|Salamence-Mega, M|100\/100\n|switch|p1b: Arcanine|Arcanine-Hisui, M|100\/100\n|turn|6\n|\n|t:|1697811138\n|switch|p2a: Great Tusk|Great Tusk|100\/100\n|-end|p2b: Walking Wake|Protosynthesis|[silent]\n|switch|p2b: Flutter Mane|Flutter Mane|100\/100\n|move|p1a: Blue Flame|Hyper Voice|p2b: Flutter Mane|[spread] p2a,p2b\n|-supereffective|p2a: Great Tusk\n|-damage|p2a: Great Tusk|0 fnt\n|-damage|p2b: Flutter Mane|59\/100\n|faint|p2a: Great Tusk\n|-end|p2a: Great Tusk|Protosynthesis|[silent]\n|move|p1b: Arcanine|Rock Slide|p2b: Flutter Mane\n|-damage|p2b: Flutter Mane|0 fnt\n|faint|p2b: Flutter Mane\n|-end|p2b: Flutter Mane|Protosynthesis|[silent]\n|\n|upkeep\n|\n|t:|1697811153\n|switch|p2b: Ogerpon|Ogerpon-Hearthflame-Tera, F, tera:Fire|100\/100\n|switch|p2a: Walking Wake|Walking Wake|47\/100\n|-ability|p2b: Ogerpon|Embody Aspect (Hearthflame)|boost\n|-boost|p2b: Ogerpon|atk|1\n|turn|7\n|\n|t:|1697811165\n|move|p2b: Ogerpon|Spiky Shield|p2b: Ogerpon\n|-singleturn|p2b: Ogerpon|move: Protect\n|move|p1a: Blue Flame|Hyper Voice|p2a: Walking Wake|[spread] p2a\n|-activate|p2b: Ogerpon|move: Protect\n|-damage|p2a: Walking Wake|3\/100\n|move|p1b: Arcanine|Rock Slide|p2a: Walking Wake|[spread] \n|-activate|p2b: Ogerpon|move: Protect\n|-miss|p1b: Arcanine|p2a: Walking Wake\n|move|p2a: Walking Wake|Draco Meteor|p1a: Blue Flame\n|-supereffective|p1a: Blue Flame\n|-damage|p1a: Blue Flame|0 fnt\n|-unboost|p2a: Walking Wake|spa|2\n|faint|p1a: Blue Flame\n|-damage|p2a: Walking Wake|0 fnt|[from] item: Life Orb\n|faint|p2a: Walking Wake\n|-end|p2a: Walking Wake|Protosynthesis|[silent]\n|\n|upkeep\n|\n|t:|1697811176\n|switch|p1a: Amoonguss|Amoonguss, F|100\/100\n|turn|8\n|\n|t:|1697811185\n|-terastallize|p1a: Amoonguss|Water\n|move|p1b: Arcanine|Rock Slide|p2b: Ogerpon\n|-supereffective|p2b: Ogerpon\n|-damage|p2b: Ogerpon|0 fnt\n|faint|p2b: Ogerpon\n|\n|win|fumbari 24\n|raw|fumbari 24's rating: 1399 &rarr; <strong>1416<\/strong><br \/>(+17 for winning)\n|raw|dryinnnnnn's rating: 1347 &rarr; <strong>1330<\/strong><br \/>(-17 for losing)\n|l|\u2606dryinnnnnn\n","uploadtime":1697811192,"views":7,"p1id":"fumbari24","p2id":"dryinnnnnn","formatid":"gen9nationaldexdoubles","rating":1330,"private":0,"password":""}