{"id":"gen9nationaldexdoubles-1966814370","p1":"richyb834","p2":"lxvliiz","format":"[Gen 9] National Dex Doubles","log":"|j|\u2606richyb834\n|j|\u2606lxvliiz\n|t:|1697224097\n|gametype|doubles\n|player|p1|richyb834|chili|1025\n|player|p2|lxvliiz|101|1079\n|teamsize|p1|6\n|teamsize|p2|6\n|gen|9\n|tier|[Gen 9] National Dex Doubles\n|rated|\n|rule|HP Percentage Mod: HP is shown in percentages\n|rule|Endless Battle Clause: Forcing endless battles is banned\n|rule|OHKO Clause: OHKO moves are banned\n|rule|Evasion Moves Clause: Evasion moves are banned\n|rule|Evasion Abilities Clause: Evasion abilities are banned\n|rule|Species Clause: Limit one of each Pok\u00e9mon\n|rule|Gravity Sleep Clause: The combination of sleep-inducing moves with imperfect accuracy and Gravity or Gigantamax Orbeetle are banned\n|clearpoke\n|poke|p1|Typhlosion, F|\n|poke|p1|Empoleon, F|\n|poke|p1|Accelgor, F|\n|poke|p1|Infernape, F|\n|poke|p1|Rotom-Wash|\n|poke|p1|Garchomp, M|\n|poke|p2|Torkoal, F|\n|poke|p2|Lilligant-Hisui, F|\n|poke|p2|Rillaboom, F|\n|poke|p2|Sinistcha-Masterpiece|\n|poke|p2|Volcarona, F|\n|poke|p2|Blaziken, F|\n|teampreview\n|\n|t:|1697224114\n|start\n|switch|p1a: Typhlosion|Typhlosion, F|100\/100\n|switch|p1b: Empoleon|Empoleon, F, shiny|100\/100\n|switch|p2a: Volcarona|Volcarona, F|100\/100\n|switch|p2b: Torkoal|Torkoal, F|100\/100\n|-weather|SunnyDay|[from] ability: Drought|[of] p2b: Torkoal\n|turn|1\n|inactive|Battle timer is ON: inactive players will automatically lose when time's up. (requested by lxvliiz)\n|\n|t:|1697224131\n|-terastallize|p2b: Torkoal|Fire\n|move|p2a: Volcarona|Rage Powder|p2a: Volcarona\n|-singleturn|p2a: Volcarona|move: Rage Powder\n|move|p1a: Typhlosion|Fire Pledge|p2a: Volcarona\n|-waiting|p1a: Typhlosion|p1b: Empoleon\n|move|p1b: Empoleon|Water Pledge|p2a: Volcarona|[from]move: Fire Pledge\n|-combine\n|-supereffective|p2a: Volcarona\n|-damage|p2a: Volcarona|54\/100\n|-sidestart|p1: richyb834|Water Pledge\n|move|p2b: Torkoal|Eruption|p1b: Empoleon|[spread] p1b\n|-start|p1a: Typhlosion|ability: Flash Fire\n|-damage|p1b: Empoleon|28\/100\n|\n|-weather|SunnyDay|[upkeep]\n|upkeep\n|turn|2\n|inactive|richyb834 has 120 seconds left.\n|\n|t:|1697224161\n|switch|p1b: Garchomp|Garchomp, M|100\/100\n|switch|p2b: Blaziken|Blaziken, F|100\/100\n|move|p1a: Typhlosion|Detect|p1a: Typhlosion\n|-singleturn|p1a: Typhlosion|Protect\n|move|p2a: Volcarona|Rage Powder|p2a: Volcarona\n|-singleturn|p2a: Volcarona|move: Rage Powder\n|\n|-weather|SunnyDay|[upkeep]\n|upkeep\n|turn|3\n|\n|t:|1697224177\n|-end|p1a: Typhlosion|ability: Flash Fire|[silent]\n|switch|p1a: Rotom|Rotom-Wash|100\/100\n|detailschange|p2b: Blaziken|Blaziken-Mega, F\n|-mega|p2b: Blaziken|Blaziken|Blazikenite\n|move|p2b: Blaziken|Protect|p2b: Blaziken\n|-singleturn|p2b: Blaziken|Protect\n|move|p1b: Garchomp|Bulldoze|p2a: Volcarona|[spread] p2a\n|-activate|p2b: Blaziken|move: Protect\n|-immune|p1a: Rotom|[from] ability: Levitate\n|-damage|p2a: Volcarona|22\/100\n|-unboost|p2a: Volcarona|spe|1\n|-enditem|p2a: Volcarona|Wiki Berry|[eat]\n|-heal|p2a: Volcarona|55\/100|[from] item: Wiki Berry\n|move|p2a: Volcarona|Morning Sun|p2a: Volcarona\n|-heal|p2a: Volcarona|100\/100\n|\n|-weather|SunnyDay|[upkeep]\n|-ability|p2b: Blaziken|Speed Boost|boost\n|-boost|p2b: Blaziken|spe|1\n|upkeep\n|turn|4\n|inactive|lxvliiz has 120 seconds left.\n|\n|t:|1697224211\n|move|p2a: Volcarona|Rage Powder|p2a: Volcarona\n|-singleturn|p2a: Volcarona|move: Rage Powder\n|move|p2b: Blaziken|Flame Charge|p1a: Rotom\n|-resisted|p1a: Rotom\n|-damage|p1a: Rotom|74\/100\n|-boost|p2b: Blaziken|spe|1\n|move|p1b: Garchomp|Bulldoze|p2b: Blaziken|[spread] p2a,p2b\n|-immune|p1a: Rotom|[from] ability: Levitate\n|-supereffective|p2b: Blaziken\n|-damage|p2a: Volcarona|68\/100\n|-damage|p2b: Blaziken|33\/100\n|-unboost|p2a: Volcarona|spe|1\n|-unboost|p2b: Blaziken|spe|1\n|move|p1a: Rotom|Discharge|p2a: Volcarona|[spread] p2a,p2b\n|-immune|p1b: Garchomp\n|-damage|p2a: Volcarona|45\/100\n|-damage|p2b: Blaziken|0 fnt\n|faint|p2b: Blaziken\n|-damage|p1a: Rotom|64\/100|[from] item: Life Orb\n|\n|-weather|SunnyDay|[upkeep]\n|-sideend|p1: richyb834|Water Pledge\n|upkeep\n|inactive|lxvliiz has 120 seconds left.\n|c|\u2606richyb834|i like ur team\n|\n|t:|1697224227\n|switch|p2b: Sinistcha|Sinistcha-Masterpiece|100\/100\n|-heal|p2a: Volcarona|70\/100|[from] ability: Hospitality|[of] p2b: Sinistcha\n|turn|5\n|\n|t:|1697224243\n|switch|p1a: Infernape|Infernape, F|100\/100\n|detailschange|p1b: Garchomp|Garchomp-Mega, M\n|-mega|p1b: Garchomp|Garchomp|Garchompite\n|move|p1b: Garchomp|Dragon Rush|p2b: Sinistcha\n|-damage|p2b: Sinistcha|44\/100\n|move|p2b: Sinistcha|Matcha Gotcha|p1b: Garchomp|[spread] p1a,p1b\n|-resisted|p1a: Infernape\n|-damage|p1a: Infernape|77\/100\n|-heal|p2b: Sinistcha|54\/100|[from] drain|[of] p1a: Infernape\n|-damage|p1b: Garchomp|68\/100\n|-heal|p2b: Sinistcha|71\/100|[from] drain|[of] p1b: Garchomp\n|move|p2a: Volcarona|Morning Sun|p2a: Volcarona\n|-heal|p2a: Volcarona|100\/100\n|\n|-weather|none\n|-heal|p2b: Sinistcha|77\/100|[from] item: Leftovers\n|upkeep\n|turn|6\n|c|\u2606lxvliiz|tyty its still a test tho\n|\n|t:|1697224272\n|switch|p1a: Empoleon|Empoleon, F, shiny|28\/100\n|move|p1b: Garchomp|Bulldoze|p2b: Sinistcha|[spread] p1a,p2a,p2b\n|-supereffective|p1a: Empoleon\n|-resisted|p2b: Sinistcha\n|-damage|p1a: Empoleon|0 fnt\n|-damage|p2a: Volcarona|66\/100\n|-damage|p2b: Sinistcha|64\/100\n|-unboost|p2a: Volcarona|spe|1\n|-unboost|p2b: Sinistcha|spe|1\n|faint|p1a: Empoleon\n|move|p2b: Sinistcha|Shadow Ball|p1b: Garchomp\n|-damage|p1b: Garchomp|22\/100\n|move|p2a: Volcarona|Fiery Dance|p1b: Garchomp\n|-resisted|p1b: Garchomp\n|-damage|p1b: Garchomp|5\/100\n|-boost|p2a: Volcarona|spa|1\n|\n|-heal|p2b: Sinistcha|70\/100|[from] item: Leftovers\n|upkeep\n|inactive|richyb834 has 120 seconds left.\n|c|\u2606richyb834|oops lol\n|\n|t:|1697224292\n|switch|p1a: Accelgor|Accelgor, F|100\/100\n|turn|7\n|\n|t:|1697224303\n|move|p2a: Volcarona|Rage Powder|p2a: Volcarona\n|-singleturn|p2a: Volcarona|move: Rage Powder\n|move|p1a: Accelgor|Toxic Spikes|p2b: Sinistcha\n|-sidestart|p2: lxvliiz|move: Toxic Spikes\n|move|p1b: Garchomp|Body Slam|p2a: Volcarona\n|-damage|p2a: Volcarona|16\/100\n|-status|p1b: Garchomp|brn|[from] ability: Flame Body|[of] p2a: Volcarona\n|move|p2b: Sinistcha|Calm Mind|p2b: Sinistcha\n|-boost|p2b: Sinistcha|spa|1\n|-boost|p2b: Sinistcha|spd|1\n|\n|-heal|p2b: Sinistcha|77\/100|[from] item: Leftovers\n|-damage|p1b: Garchomp|0 fnt|[from] brn\n|faint|p1b: Garchomp\n|upkeep\n|inactive|richyb834 has 120 seconds left.\n|\n|t:|1697224319\n|switch|p1b: Typhlosion|Typhlosion, F|100\/100\n|turn|8\n|\n|t:|1697224333\n|-terastallize|p1b: Typhlosion|Fire\n|move|p1a: Accelgor|Protect|p1a: Accelgor\n|-singleturn|p1a: Accelgor|Protect\n|move|p1b: Typhlosion|Eruption|p2b: Sinistcha|[spread] p2a,p2b\n|-supereffective|p2b: Sinistcha\n|-damage|p2a: Volcarona|0 fnt\n|-damage|p2b: Sinistcha|0 fnt\n|faint|p2a: Volcarona\n|faint|p2b: Sinistcha\n|\n|upkeep\n|\n|t:|1697224343\n|switch|p2a: Lilligant|Lilligant-Hisui, F|100\/100\n|switch|p2b: Torkoal|Torkoal, F, tera:Fire|100\/100\n|-status|p2a: Lilligant|psn\n|-status|p2b: Torkoal|psn\n|-weather|SunnyDay|[from] ability: Drought|[of] p2b: Torkoal\n|turn|9\n|\n|t:|1697224355\n|move|p2a: Lilligant|Close Combat|p1b: Typhlosion\n|-damage|p1b: Typhlosion|19\/100\n|-unboost|p2a: Lilligant|def|1\n|-unboost|p2a: Lilligant|spd|1\n|move|p1a: Accelgor|Agility|p1a: Accelgor\n|-boost|p1a: Accelgor|spe|2\n|move|p1b: Typhlosion|Eruption|p2a: Lilligant|[spread] p2a,p2b\n|-supereffective|p2a: Lilligant\n|-resisted|p2b: Torkoal\n|-damage|p2a: Lilligant|14\/100 psn\n|-damage|p2b: Torkoal|91\/100 psn\n|move|p2b: Torkoal|Eruption|p1a: Accelgor|[spread] p1a\n|-start|p1b: Typhlosion|ability: Flash Fire\n|-supereffective|p1a: Accelgor\n|-damage|p1a: Accelgor|0 fnt\n|faint|p1a: Accelgor\n|\n|-weather|SunnyDay|[upkeep]\n|-heal|p1b: Typhlosion|25\/100|[from] item: Leftovers\n|-damage|p2a: Lilligant|1\/100 psn|[from] psn\n|-damage|p2b: Torkoal|78\/100 psn|[from] psn\n|upkeep\n|\n|t:|1697224375\n|switch|p1a: Infernape|Infernape, F|77\/100\n|turn|10\n|\n|t:|1697224392\n|move|p2a: Lilligant|Close Combat|p1b: Typhlosion\n|-damage|p1b: Typhlosion|0 fnt\n|-unboost|p2a: Lilligant|def|1\n|-unboost|p2a: Lilligant|spd|1\n|faint|p1b: Typhlosion\n|move|p1a: Infernape|Thunder Punch|p2b: Torkoal\n|-damage|p2b: Torkoal|59\/100 psn\n|move|p2b: Torkoal|Eruption|p1a: Infernape\n|-resisted|p1a: Infernape\n|-damage|p1a: Infernape|24\/100\n|\n|-weather|SunnyDay|[upkeep]\n|-damage|p2a: Lilligant|0 fnt|[from] psn\n|faint|p2a: Lilligant\n|-damage|p2b: Torkoal|47\/100 psn|[from] psn\n|upkeep\n|\n|t:|1697224407\n|switch|p1b: Rotom|Rotom-Wash|64\/100\n|switch|p2a: Rillaboom|Rillaboom, F|100\/100\n|-status|p2a: Rillaboom|psn\n|-fieldstart|move: Grassy Terrain|[from] ability: Grassy Surge|[of] p2a: Rillaboom\n|-enditem|p2a: Rillaboom|Grassy Seed\n|-boost|p2a: Rillaboom|def|1|[from] item: Grassy Seed\n|turn|11\n|\n|t:|1697224418\n|move|p2a: Rillaboom|Grassy Glide|p1b: Rotom\n|-supereffective|p1b: Rotom\n|-damage|p1b: Rotom|0 fnt\n|faint|p1b: Rotom\n|move|p1a: Infernape|Fire Punch|p2a: Rillaboom\n|-supereffective|p2a: Rillaboom\n|-damage|p2a: Rillaboom|14\/100 psn\n|move|p2b: Torkoal|Flame Charge|p1a: Infernape\n|-resisted|p1a: Infernape\n|-damage|p1a: Infernape|0 fnt\n|-boost|p2b: Torkoal|spe|1\n|faint|p1a: Infernape\n|\n|win|lxvliiz\n|raw|richyb834's rating: 1025 &rarr; <strong>1013<\/strong><br \/>(-12 for losing)\n|raw|lxvliiz's rating: 1079 &rarr; <strong>1103<\/strong><br \/>(+24 for winning)\n|c|\u2606richyb834|gg\n|c|\u2606lxvliiz|ggs\n|c|\u2606lxvliiz|wp\n","uploadtime":1697224437,"views":8,"p1id":"richyb834","p2id":"lxvliiz","formatid":"gen9nationaldexdoubles","rating":1013,"private":0,"password":""}