{"id":"gen9nationaldexdoubles-1965935565","p1":"chumlee's pawnshop","p2":"Chunkle","format":"[Gen 9] National Dex Doubles","log":"|j|\u2606chumlee's pawnshop\n|j|\u2606Chunkle\n|t:|1697131233\n|gametype|doubles\n|player|p1|chumlee's pawnshop|policeman-gen4|1027\n|player|p2|Chunkle|janitor|1073\n|teamsize|p1|2\n|teamsize|p2|6\n|gen|9\n|tier|[Gen 9] National Dex Doubles\n|rated|\n|rule|HP Percentage Mod: HP is shown in percentages\n|rule|Endless Battle Clause: Forcing endless battles is banned\n|rule|OHKO Clause: OHKO moves are banned\n|rule|Evasion Moves Clause: Evasion moves are banned\n|rule|Evasion Abilities Clause: Evasion abilities are banned\n|rule|Species Clause: Limit one of each Pok\u00e9mon\n|rule|Gravity Sleep Clause: The combination of sleep-inducing moves with imperfect accuracy and Gravity or Gigantamax Orbeetle are banned\n|clearpoke\n|poke|p1|Bibarel, M|\n|poke|p1|Riolu, F|\n|poke|p2|Diancie|\n|poke|p2|Dondozo, M|\n|poke|p2|Ceruledge, M|\n|poke|p2|Clefable, M|\n|poke|p2|Snorlax, F|\n|poke|p2|Sableye, F|\n|teampreview\n|c|\u2606Chunkle|YOU MOTHERFUCKER\n|\n|t:|1697131242\n|start\n|switch|p1a: Bibarel|Bibarel, M|100\/100\n|switch|p1b: Riolu|Riolu, F|100\/100\n|switch|p2a: Gremlin Bastard|Sableye, F|100\/100\n|switch|p2b: The Don|Dondozo, M, shiny|100\/100\n|turn|1\n|\n|t:|1697131257\n|move|p2a: Gremlin Bastard|Fake Out|p1b: Riolu\n|-damage|p1b: Riolu|91\/100\n|cant|p1b: Riolu|flinch\n|move|p1a: Bibarel|Curse|p1a: Bibarel\n|-unboost|p1a: Bibarel|spe|2\n|-boost|p1a: Bibarel|atk|2\n|-boost|p1a: Bibarel|def|2\n|move|p2b: The Don|Yawn|p1b: Riolu\n|-start|p1b: Riolu|move: Yawn|[of] p2b: The Don\n|\n|upkeep\n|turn|2\n|\n|t:|1697131270\n|move|p1b: Riolu|Coaching|p1a: Bibarel\n|-boost|p1a: Bibarel|atk|2\n|-boost|p1a: Bibarel|def|2\n|move|p2a: Gremlin Bastard|Taunt|p1b: Riolu\n|-start|p1b: Riolu|move: Taunt\n|move|p2b: The Don|Wave Crash|p1a: Bibarel\n|-resisted|p1a: Bibarel\n|-damage|p1a: Bibarel|71\/100\n|-damage|p2b: The Don|93\/100|[from] Recoil\n|move|p1a: Bibarel|Stomping Tantrum|p2b: The Don\n|-damage|p2b: The Don|84\/100\n|\n|-end|p1b: Riolu|move: Yawn|[silent]\n|-status|p1b: Riolu|slp\n|upkeep\n|turn|3\n|\n|t:|1697131291\n|cant|p1b: Riolu|slp\n|move|p2a: Gremlin Bastard|Will-O-Wisp|p1a: Bibarel|[miss]\n|-miss|p2a: Gremlin Bastard|p1a: Bibarel\n|move|p2b: The Don|Wave Crash|p1a: Bibarel\n|-resisted|p1a: Bibarel\n|-damage|p1a: Bibarel|41\/100\n|-enditem|p1a: Bibarel|Sitrus Berry|[eat]\n|-heal|p1a: Bibarel|66\/100|[from] item: Sitrus Berry\n|-damage|p2b: The Don|77\/100|[from] Recoil\n|move|p1a: Bibarel|Liquidation|p2a: Gremlin Bastard\n|-damage|p2a: Gremlin Bastard|0 fnt\n|faint|p2a: Gremlin Bastard\n|\n|upkeep\n|\n|t:|1697131306\n|switch|p2a: God Bless America|Snorlax, F, shiny|100\/100\n|turn|4\n|\n|t:|1697131314\n|-curestatus|p1b: Riolu|slp|[msg]\n|move|p1b: Riolu|Bullet Punch|p2a: God Bless America\n|-damage|p2a: God Bless America|94\/100\n|move|p2b: The Don|Wave Crash|p1a: Bibarel\n|-resisted|p1a: Bibarel\n|-damage|p1a: Bibarel|37\/100\n|-damage|p2b: The Don|70\/100|[from] Recoil\n|move|p2a: God Bless America|Body Slam|p1a: Bibarel\n|-damage|p1a: Bibarel|17\/100\n|-status|p1a: Bibarel|par\n|move|p1a: Bibarel|Liquidation|p2a: God Bless America\n|-damage|p2a: God Bless America|0 fnt\n|faint|p2a: God Bless America\n|\n|upkeep\n|\n|t:|1697131329\n|switch|p2a: Dwayne|Diancie|100\/100\n|turn|5\n|\n|t:|1697131337\n|detailschange|p2a: Dwayne|Diancie-Mega\n|-mega|p2a: Dwayne|Diancie|Diancite\n|move|p1b: Riolu|Bullet Punch|p2a: Dwayne\n|-supereffective|p2a: Dwayne\n|-damage|p2a: Dwayne|69\/100\n|move|p2a: Dwayne|Diamond Storm|p1a: Bibarel|[spread] p1a,p1b\n|-resisted|p1b: Riolu\n|-damage|p1a: Bibarel|0 fnt\n|-damage|p1b: Riolu|68\/100\n|faint|p1a: Bibarel\n|move|p2b: The Don|Aqua Tail|p1b: Riolu\n|-damage|p1b: Riolu|31\/100\n|\n|-end|p1b: Riolu|move: Taunt\n|upkeep\n|turn|6\n|\n|t:|1697131355\n|move|p1b: Riolu|Coaching|p1: Bibarel|[notarget]\n|-fail|p1b: Riolu\n|move|p2a: Dwayne|Draining Kiss|p1b: Riolu\n|-supereffective|p1b: Riolu\n|-damage|p1b: Riolu|0 fnt\n|-heal|p2a: Dwayne|90\/100|[from] drain|[of] p1b: Riolu\n|faint|p1b: Riolu\n|\n|win|Chunkle\n|raw|chumlee&apos;s pawnshop's rating: 1027 &rarr; <strong>1015<\/strong><br \/>(-12 for losing)\n|raw|Chunkle's rating: 1073 &rarr; <strong>1098<\/strong><br \/>(+25 for winning)\n","uploadtime":1697131240,"views":4,"p1id":"chumleespawnshop","p2id":"chunkle","formatid":"gen9nationaldexdoubles","rating":1015,"private":0,"password":""}