{"id":"gen9nationaldexdoubles-1964223789","p1":"baxcalibur1977","p2":"Mokaccino321","format":"[Gen 9] National Dex Doubles","log":"|j|\u2606baxcalibur1977\n|j|\u2606Mokaccino321\n|t:|1696951981\n|gametype|doubles\n|player|p1|baxcalibur1977|102|\n|player|p2|Mokaccino321|2|\n|teamsize|p1|6\n|teamsize|p2|6\n|gen|9\n|tier|[Gen 9] National Dex Doubles\n|rule|HP Percentage Mod: HP is shown in percentages\n|rule|Endless Battle Clause: Forcing endless battles is banned\n|rule|OHKO Clause: OHKO moves are banned\n|rule|Evasion Moves Clause: Evasion moves are banned\n|rule|Evasion Abilities Clause: Evasion abilities are banned\n|rule|Species Clause: Limit one of each Pok\u00e9mon\n|rule|Gravity Sleep Clause: The combination of sleep-inducing moves with imperfect accuracy and Gravity or Gigantamax Orbeetle are banned\n|clearpoke\n|poke|p1|Gallade, M|\n|poke|p1|Maushold|\n|poke|p1|Torkoal, M|\n|poke|p1|Arcanine, F|\n|poke|p1|Tornadus, M|\n|poke|p1|Gholdengo|\n|poke|p2|Cradily, M|\n|poke|p2|Aerodactyl, M|\n|poke|p2|Arcanine-Hisui, M|\n|poke|p2|Nihilego|\n|poke|p2|Tyranitar, F|\n|poke|p2|Aggron, M|\n|teampreview\n|c|\u2606Mokaccino321|Hello :3\n|c|\u2606Mokaccino321|Remember you need to have the EXACT Team (such as IVs, EVs, Nature, Ability, Moves) in-game in order for  your win to count~\n|c|\u2606Mokaccino321|If you win this battle, you will be required to ping your Team in-game for verification prior to getting the badge!\n|c|\u2606Mokaccino321|Also no tera xd\n|c|\u2606baxcalibur1977|yeah\n|\n|t:|1696952001\n|start\n|switch|p1a: Torkoal|Torkoal, M|100\/100\n|switch|p1b: Tornadus|Tornadus, M|100\/100\n|switch|p2a: Aerodactyl|Aerodactyl, M|100\/100\n|switch|p2b: Nihilego|Nihilego|100\/100\n|-ability|p2a: Aerodactyl|Unnerve\n|-weather|SunnyDay|[from] ability: Drought|[of] p1a: Torkoal\n|turn|1\n|c|\u2606baxcalibur1977|id need to level some of these mons but i have all of them\n|\n|t:|1696952024\n|move|p1b: Tornadus|Protect|p1b: Tornadus\n|-singleturn|p1b: Tornadus|Protect\n|move|p2a: Aerodactyl|Tailwind|p2a: Aerodactyl\n|-sidestart|p2: Mokaccino321|move: Tailwind\n|-zpower|p2b: Nihilego\n|move|p2b: Nihilego|Continental Crush|p1a: Torkoal|[zeffect]\n|-supereffective|p1a: Torkoal\n|-damage|p1a: Torkoal|0 fnt\n|faint|p1a: Torkoal\n|-ability|p2b: Nihilego|Beast Boost|boost\n|-boost|p2b: Nihilego|spa|1\n|\n|-weather|SunnyDay|[upkeep]\n|upkeep\n|\n|t:|1696952034\n|switch|p1a: Gallade|Gallade, M, shiny|100\/100\n|turn|2\n|\n|t:|1696952054\n|move|p1b: Tornadus|Tailwind|p1b: Tornadus\n|-sidestart|p1: baxcalibur1977|move: Tailwind\n|move|p2a: Aerodactyl|Sky Drop||[still]\n|-prepare|p2a: Aerodactyl|Sky Drop|p1a: Gallade\n|move|p2b: Nihilego|Power Gem|p1b: Tornadus\n|-supereffective|p1b: Tornadus\n|-enditem|p1b: Tornadus|Focus Sash\n|-damage|p1b: Tornadus|1\/100\n|\n|-weather|SunnyDay|[upkeep]\n|upkeep\n|turn|3\n|\n|t:|1696952072\n|switch|p2b: Tyranitar|Tyranitar, F|100\/100\n|-weather|Sandstorm|[from] ability: Sand Stream|[of] p2b: Tyranitar\n|move|p2a: Aerodactyl|Sky Drop|p1a: Gallade|[from]lockedmove\n|-supereffective|p1a: Gallade\n|-damage|p1a: Gallade|23\/100\n|-end|p1a: Gallade|Sky Drop\n|move|p1b: Tornadus|Bleakwind Storm|p2b: Tyranitar|[spread] p2a\n|-miss|p1b: Tornadus|p2b: Tyranitar\n|-resisted|p2a: Aerodactyl\n|-damage|p2a: Aerodactyl|86\/100\n|-unboost|p2a: Aerodactyl|spe|1\n|move|p1a: Gallade|Solar Blade||[still]\n|-prepare|p1a: Gallade|Solar Blade\n|\n|-weather|Sandstorm|[upkeep]\n|-damage|p1b: Tornadus|0 fnt|[from] Sandstorm\n|-damage|p1a: Gallade|16\/100|[from] Sandstorm\n|faint|p1b: Tornadus\n|upkeep\n|\n|t:|1696952083\n|switch|p1b: Maushold|Maushold|100\/100\n|turn|4\n|\n|t:|1696952098\n|move|p1b: Maushold|Follow Me|p1b: Maushold\n|-singleturn|p1b: Maushold|move: Follow Me\n|move|p1a: Gallade|Solar Blade|p2b: Tyranitar|[from]lockedmove\n|-supereffective|p2b: Tyranitar\n|-damage|p2b: Tyranitar|36\/100\n|move|p2a: Aerodactyl|Sky Drop||[still]\n|-prepare|p2a: Aerodactyl|Sky Drop|p1a: Gallade\n|move|p2b: Tyranitar|Superpower|p1b: Maushold\n|-supereffective|p1b: Maushold\n|-damage|p1b: Maushold|0 fnt\n|-unboost|p2b: Tyranitar|atk|1\n|-unboost|p2b: Tyranitar|def|1\n|faint|p1b: Maushold\n|-damage|p2b: Tyranitar|26\/100|[from] item: Life Orb\n|\n|-weather|Sandstorm|[upkeep]\n|-damage|p1a: Gallade|10\/100|[from] Sandstorm\n|-sideend|p2: Mokaccino321|move: Tailwind\n|upkeep\n|\n|t:|1696952107\n|switch|p1b: Arcanine|Arcanine, F|100\/100\n|-ability|p1b: Arcanine|Intimidate|boost\n|-unboost|p2a: Aerodactyl|atk|1\n|-unboost|p2b: Tyranitar|atk|1\n|turn|5\n|c|\u2606baxcalibur1977|i was positive follow me made sky drop follow me\n|c|\u2606baxcalibur1977|weird\n|c|\u2606Mokaccino321|sky drop ignores redirection\n|\n|t:|1696952134\n|switch|p2b: Cradily|Cradily, M|100\/100\n|move|p1b: Arcanine|Protect|p1b: Arcanine\n|-singleturn|p1b: Arcanine|Protect\n|move|p2a: Aerodactyl|Sky Drop|p1a: Gallade|[from]lockedmove\n|-supereffective|p1a: Gallade\n|-crit|p1a: Gallade\n|-damage|p1a: Gallade|0 fnt\n|faint|p1a: Gallade\n|\n|-weather|Sandstorm|[upkeep]\n|-damage|p1b: Arcanine|94\/100|[from] Sandstorm\n|-sideend|p1: baxcalibur1977|move: Tailwind\n|upkeep\n|\n|t:|1696952141\n|switch|p1a: Gholdengo|Gholdengo|100\/100\n|turn|6\n|\n|t:|1696952152\n|move|p1a: Gholdengo|Trick|p2b: Cradily\n|-activate|p1a: Gholdengo|move: Trick|[of] p2b: Cradily\n|-item|p2b: Cradily|Choice Scarf|[from] move: Trick\n|-item|p1a: Gholdengo|Power Herb|[from] move: Trick\n|move|p1b: Arcanine|Flare Blitz|p2b: Cradily\n|-damage|p2b: Cradily|57\/100\n|-damage|p1b: Arcanine|80\/100|[from] Recoil\n|move|p2a: Aerodactyl|Tailwind|p2a: Aerodactyl\n|-sidestart|p2: Mokaccino321|move: Tailwind\n|move|p2b: Cradily|Meteor Beam||[still]\n|-prepare|p2b: Cradily|Meteor Beam\n|-boost|p2b: Cradily|spa|1\n|\n|-weather|Sandstorm|[upkeep]\n|-damage|p1b: Arcanine|74\/100|[from] Sandstorm\n|upkeep\n|turn|7\n|\n|t:|1696952169\n|move|p2a: Aerodactyl|Sky Drop||[still]\n|-prepare|p2a: Aerodactyl|Sky Drop|p1a: Gholdengo\n|move|p2b: Cradily|Meteor Beam|p1b: Arcanine|[from]lockedmove\n|-supereffective|p1b: Arcanine\n|-damage|p1b: Arcanine|0 fnt\n|faint|p1b: Arcanine\n|\n|-weather|none\n|upkeep\n|turn|8\n|\n|t:|1696952179\n|move|p2a: Aerodactyl|Sky Drop|p1a: Gholdengo|[from]lockedmove\n|-resisted|p1a: Gholdengo\n|-damage|p1a: Gholdengo|93\/100\n|-end|p1a: Gholdengo|Sky Drop\n|move|p2b: Cradily|Meteor Beam||[still]\n|-prepare|p2b: Cradily|Meteor Beam\n|-boost|p2b: Cradily|spa|1\n|move|p1a: Gholdengo|Make It Rain|p2b: Cradily|[spread] p2a,p2b\n|-supereffective|p2a: Aerodactyl\n|-supereffective|p2b: Cradily\n|-damage|p2a: Aerodactyl|0 fnt\n|-damage|p2b: Cradily|0 fnt\n|-unboost|p1a: Gholdengo|spa|1\n|faint|p2a: Aerodactyl\n|faint|p2b: Cradily\n|\n|upkeep\n|\n|t:|1696952191\n|switch|p2a: Arcanine|Arcanine-Hisui, M|100\/100\n|switch|p2b: Tyranitar|Tyranitar, F|26\/100\n|-weather|Sandstorm|[from] ability: Sand Stream|[of] p2b: Tyranitar\n|turn|9\n|c|\u2606baxcalibur1977|lmao if only i had my real doubles team\n|\n|t:|1696952199\n|move|p2a: Arcanine|Flare Blitz|p1a: Gholdengo\n|-supereffective|p1a: Gholdengo\n|-damage|p1a: Gholdengo|0 fnt\n|faint|p1a: Gholdengo\n|-damage|p2a: Arcanine|91\/100|[from] item: Life Orb\n|\n|win|Mokaccino321\n|c|\u2606Mokaccino321|gg :3\n|c|\u2606Mokaccino321|haha\n|c|\u2606baxcalibur1977|gg lol\n|l|\u2606baxcalibur1977\n","uploadtime":1696952280,"views":16,"p1id":"baxcalibur1977","p2id":"mokaccino321","formatid":"gen9nationaldexdoubles","rating":0,"private":0,"password":""}