{"id":"gen9nationaldexdoubles-1964528944","p1":"PokeGal1239","p2":"Gumbus wumbus","format":"[Gen 9] National Dex Doubles","log":"|j|\u2606PokeGal1239\n|j|\u2606Gumbus wumbus\n|t:|1696977071\n|gametype|doubles\n|player|p1|PokeGal1239|misty|1006\n|player|p2|Gumbus wumbus|clown|1082\n|teamsize|p1|4\n|teamsize|p2|6\n|gen|9\n|tier|[Gen 9] National Dex Doubles\n|rated|\n|rule|HP Percentage Mod: HP is shown in percentages\n|rule|Endless Battle Clause: Forcing endless battles is banned\n|rule|OHKO Clause: OHKO moves are banned\n|rule|Evasion Moves Clause: Evasion moves are banned\n|rule|Evasion Abilities Clause: Evasion abilities are banned\n|rule|Species Clause: Limit one of each Pok\u00e9mon\n|rule|Gravity Sleep Clause: The combination of sleep-inducing moves with imperfect accuracy and Gravity or Gigantamax Orbeetle are banned\n|clearpoke\n|poke|p1|Ninetales-Alola, F|\n|poke|p1|Glaceon, F|\n|poke|p1|Vanillish, M|\n|poke|p1|Glastrier|\n|poke|p2|Stunfisk-Galar, F|\n|poke|p2|Overqwil, M|\n|poke|p2|Lanturn, F|\n|poke|p2|Milotic, M|\n|poke|p2|Gyarados, F|\n|poke|p2|Kingdra, M|\n|teampreview\n|c|\u2606Gumbus wumbus|I'm so afraid\n|\n|t:|1696977100\n|start\n|switch|p1a: Elsa|Ninetales-Alola, F|100\/100\n|switch|p1b: Anna|Glaceon, F|100\/100\n|switch|p2a: Sting|Overqwil, M, shiny|100\/100\n|switch|p2b: Trap|Stunfisk-Galar, F, shiny|100\/100\n|-weather|Snow|[from] ability: Snow Warning|[of] p1a: Elsa\n|turn|1\n|\n|t:|1696977150\n|move|p2a: Sting|Barb Barrage|p1a: Elsa\n|-supereffective|p1a: Elsa\n|-damage|p1a: Elsa|23\/100\n|-status|p1a: Elsa|psn\n|-damage|p2a: Sting|91\/100|[from] item: Life Orb\n|move|p1b: Anna|Iron Tail|p2a: Sting|[miss]\n|-miss|p1b: Anna|p2a: Sting\n|move|p2b: Trap|Flash Cannon|p1b: Anna\n|-supereffective|p1b: Anna\n|-damage|p1b: Anna|56\/100\n|move|p1a: Elsa|Avalanche|p2b: Trap\n|-damage|p2b: Trap|88\/100\n|\n|-weather|Snow|[upkeep]\n|-heal|p1b: Anna|62\/100|[from] ability: Ice Body\n|-heal|p1a: Elsa|29\/100 psn|[from] item: Leftovers\n|-heal|p1b: Anna|68\/100|[from] item: Leftovers\n|-heal|p2b: Trap|94\/100|[from] item: Leftovers\n|-damage|p1a: Elsa|17\/100 psn|[from] psn\n|upkeep\n|turn|2\n|\n|t:|1696977207\n|move|p2a: Sting|Protect|p2a: Sting\n|-singleturn|p2a: Sting|Protect\n|move|p1b: Anna|Ice Shard|p2a: Sting\n|-activate|p2a: Sting|move: Protect\n|move|p1a: Elsa|Moonblast|p2b: Trap\n|-resisted|p2b: Trap\n|-damage|p2b: Trap|80\/100\n|move|p2b: Trap|Snap Trap|p1a: Elsa\n|-damage|p1a: Elsa|10\/100 psn\n|-activate|p1a: Elsa|move: Snap Trap|[of] p2b: Trap\n|\n|-weather|Snow|[upkeep]\n|-heal|p1b: Anna|74\/100|[from] ability: Ice Body\n|-heal|p1a: Elsa|16\/100 psn|[from] item: Leftovers\n|-heal|p1b: Anna|80\/100|[from] item: Leftovers\n|-heal|p2b: Trap|86\/100|[from] item: Leftovers\n|-damage|p1a: Elsa|4\/100 psn|[from] psn\n|-damage|p1a: Elsa|0 fnt|[from] move: Snap Trap|[partiallytrapped]\n|faint|p1a: Elsa\n|upkeep\n|\n|t:|1696977231\n|switch|p1a: Olaf|Vanillish, M|100\/100\n|turn|3\n|\n|t:|1696977272\n|move|p1b: Anna|Ice Shard|p2b: Trap\n|-crit|p2b: Trap\n|-damage|p2b: Trap|67\/100\n|move|p2a: Sting|Icy Wind|p1a: Olaf|[spread] p1a,p1b\n|-resisted|p1a: Olaf\n|-resisted|p1b: Anna\n|-damage|p1a: Olaf|97\/100\n|-damage|p1b: Anna|75\/100\n|-unboost|p1a: Olaf|spe|1\n|-unboost|p1b: Anna|spe|1\n|-damage|p2a: Sting|81\/100|[from] item: Life Orb\n|move|p1a: Olaf|Aurora Veil|p1a: Olaf\n|-sidestart|p1: PokeGal1239|move: Aurora Veil\n|move|p2b: Trap|Flash Cannon|p1a: Olaf\n|-supereffective|p1a: Olaf\n|-damage|p1a: Olaf|67\/100\n|\n|-weather|Snow|[upkeep]\n|-heal|p1b: Anna|81\/100|[from] ability: Ice Body\n|-heal|p1b: Anna|87\/100|[from] item: Leftovers\n|-heal|p1a: Olaf|74\/100|[from] item: Leftovers\n|-heal|p2b: Trap|73\/100|[from] item: Leftovers\n|upkeep\n|turn|4\n|\n|t:|1696977315\n|move|p1b: Anna|Ice Shard|p2a: Sting\n|-crit|p2a: Sting\n|-damage|p2a: Sting|58\/100\n|move|p2a: Sting|Icy Wind|p1b: Anna|[spread] p1a,p1b\n|-resisted|p1a: Olaf\n|-resisted|p1b: Anna\n|-damage|p1a: Olaf|71\/100\n|-damage|p1b: Anna|84\/100\n|-unboost|p1a: Olaf|spe|1\n|-unboost|p1b: Anna|spe|1\n|-damage|p2a: Sting|48\/100|[from] item: Life Orb\n|move|p2b: Trap|Snap Trap|p1a: Olaf\n|-damage|p1a: Olaf|67\/100\n|-activate|p1a: Olaf|move: Snap Trap|[of] p2b: Trap\n|-ability|p1a: Olaf|Weak Armor|boost\n|-unboost|p1a: Olaf|def|1\n|-boost|p1a: Olaf|spe|2\n|move|p1a: Olaf|Autotomize|p1a: Olaf\n|-boost|p1a: Olaf|spe|2\n|-start|p1a: Olaf|Autotomize\n|\n|-weather|Snow|[upkeep]\n|-heal|p1b: Anna|90\/100|[from] ability: Ice Body\n|-heal|p1a: Olaf|73\/100|[from] item: Leftovers\n|-heal|p2b: Trap|79\/100|[from] item: Leftovers\n|-heal|p1b: Anna|96\/100|[from] item: Leftovers\n|-damage|p1a: Olaf|60\/100|[from] move: Snap Trap|[partiallytrapped]\n|upkeep\n|turn|5\n|inactive|Battle timer is ON: inactive players will automatically lose when time's up. (requested by Gumbus wumbus)\n|inactive|PokeGal1239 has 120 seconds left.\n|inactive|Gumbus wumbus has 120 seconds left.\n|\n|t:|1696977356\n|switch|p2a: Coil|Milotic, M, shiny|100\/100\n|move|p1b: Anna|Ice Shard|p2a: Coil\n|-resisted|p2a: Coil\n|-damage|p2a: Coil|94\/100\n|move|p1a: Olaf|Acid Armor|p1a: Olaf\n|-boost|p1a: Olaf|def|2\n|move|p2b: Trap|Flash Cannon|p1a: Olaf\n|-supereffective|p1a: Olaf\n|-damage|p1a: Olaf|33\/100\n|\n|-weather|none\n|-heal|p1a: Olaf|39\/100|[from] item: Leftovers\n|-heal|p2b: Trap|86\/100|[from] item: Leftovers\n|-heal|p1b: Anna|100\/100|[from] item: Leftovers\n|-damage|p1a: Olaf|26\/100|[from] move: Snap Trap|[partiallytrapped]\n|-status|p2a: Coil|brn|[from] item: Flame Orb\n|upkeep\n|turn|6\n|inactive|PokeGal1239 has 120 seconds left.\n|\n|t:|1696977399\n|move|p1a: Olaf|Facade|p2a: Coil\n|-damage|p2a: Coil|88\/100 brn\n|move|p2a: Coil|Scald|p1a: Olaf\n|-damage|p1a: Olaf|9\/100\n|move|p2b: Trap|Snap Trap|p1b: Anna\n|-damage|p1b: Anna|97\/100\n|-activate|p1b: Anna|move: Snap Trap|[of] p2b: Trap\n|move|p1b: Anna|Iron Tail|p2b: Trap\n|-resisted|p2b: Trap\n|-damage|p2b: Trap|77\/100\n|\n|-heal|p1a: Olaf|15\/100|[from] item: Leftovers\n|-heal|p2b: Trap|83\/100|[from] item: Leftovers\n|-heal|p1b: Anna|100\/100|[from] item: Leftovers\n|-damage|p2a: Coil|82\/100 brn|[from] brn\n|-damage|p1a: Olaf|2\/100|[from] move: Snap Trap|[partiallytrapped]\n|-damage|p1b: Anna|88\/100|[from] move: Snap Trap|[partiallytrapped]\n|upkeep\n|turn|7\n|inactive|PokeGal1239 has 120 seconds left.\n|inactive|Gumbus wumbus has 120 seconds left.\n|inactive|PokeGal1239 has 90 seconds left.\n|\n|t:|1696977461\n|move|p1a: Olaf|Facade|p2b: Trap\n|-resisted|p2b: Trap\n|-damage|p2b: Trap|78\/100\n|move|p2a: Coil|Scald|p1b: Anna\n|-damage|p1b: Anna|68\/100\n|move|p2b: Trap|Snap Trap|p1a: Olaf\n|-damage|p1a: Olaf|0 fnt\n|faint|p1a: Olaf\n|move|p1b: Anna|Iron Tail|p2a: Coil\n|-resisted|p2a: Coil\n|-damage|p2a: Coil|75\/100 brn\n|\n|-heal|p2b: Trap|85\/100|[from] item: Leftovers\n|-heal|p1b: Anna|74\/100|[from] item: Leftovers\n|-damage|p2a: Coil|69\/100 brn|[from] brn\n|-damage|p1b: Anna|62\/100|[from] move: Snap Trap|[partiallytrapped]\n|-sideend|p1: PokeGal1239|move: Aurora Veil\n|upkeep\n|\n|t:|1696977479\n|switch|p1a: Kristoff|Glastrier|100\/100\n|turn|8\n|\n|t:|1696977501\n|-terastallize|p1a: Kristoff|Fire\n|move|p1b: Anna|Quick Attack|p2b: Trap\n|-resisted|p2b: Trap\n|-damage|p2b: Trap|81\/100\n|move|p2a: Coil|Recover|p2a: Coil\n|-heal|p2a: Coil|100\/100 brn\n|move|p2b: Trap|Flash Cannon|p1a: Kristoff\n|-resisted|p1a: Kristoff\n|-damage|p1a: Kristoff|92\/100\n|move|p1a: Kristoff|Swords Dance|p1a: Kristoff\n|-boost|p1a: Kristoff|atk|2\n|\n|-heal|p2b: Trap|87\/100|[from] item: Leftovers\n|-heal|p1a: Kristoff|99\/100|[from] item: Leftovers\n|-heal|p1b: Anna|68\/100|[from] item: Leftovers\n|-damage|p2a: Coil|94\/100 brn|[from] brn\n|-damage|p1b: Anna|56\/100|[from] move: Snap Trap|[partiallytrapped]\n|upkeep\n|turn|9\n|inactive|PokeGal1239 has 90 seconds left.\n|\n|t:|1696977535\n|move|p2b: Trap|Protect|p2b: Trap\n|-singleturn|p2b: Trap|Protect\n|move|p2a: Coil|Scald|p1a: Kristoff\n|-supereffective|p1a: Kristoff\n|-damage|p1a: Kristoff|56\/100\n|move|p1a: Kristoff|Swords Dance|p1a: Kristoff\n|-boost|p1a: Kristoff|atk|2\n|move|p1b: Anna|Triple Axel|p2b: Trap\n|-activate|p2b: Trap|move: Protect\n|\n|-heal|p2b: Trap|93\/100|[from] item: Leftovers\n|-heal|p1a: Kristoff|63\/100|[from] item: Leftovers\n|-heal|p1b: Anna|62\/100|[from] item: Leftovers\n|-damage|p2a: Coil|88\/100 brn|[from] brn\n|-damage|p1b: Anna|50\/100|[from] move: Snap Trap|[partiallytrapped]\n|upkeep\n|turn|10\n|inactive|PokeGal1239 has 60 seconds left.\n|\n|t:|1696977570\n|switch|p2b: Sting|Overqwil, M, shiny|48\/100\n|move|p1b: Anna|Quick Attack|p2a: Coil\n|-damage|p2a: Coil|83\/100 brn\n|move|p2a: Coil|Scald|p1a: Kristoff\n|-supereffective|p1a: Kristoff\n|-damage|p1a: Kristoff|21\/100\n|move|p1a: Kristoff|Swords Dance|p1a: Kristoff\n|-boost|p1a: Kristoff|atk|2\n|\n|-heal|p1a: Kristoff|27\/100|[from] item: Leftovers\n|-heal|p1b: Anna|56\/100|[from] item: Leftovers\n|-damage|p2a: Coil|77\/100 brn|[from] brn\n|-end|p1b: Anna|Snap Trap|[partiallytrapped]\n|upkeep\n|turn|11\n|inactive|PokeGal1239 has 60 seconds left.\n|inactive|Gumbus wumbus has 120 seconds left.\n|\n|t:|1696977606\n|move|p2b: Sting|Barb Barrage|p1a: Kristoff\n|-damage|p1a: Kristoff|7\/100\n|-status|p1a: Kristoff|psn\n|-damage|p2b: Sting|38\/100|[from] item: Life Orb\n|move|p2a: Coil|Scald|p1a: Kristoff\n|-supereffective|p1a: Kristoff\n|-damage|p1a: Kristoff|0 fnt\n|faint|p1a: Kristoff\n|move|p1b: Anna|Triple Axel|p2b: Sting\n|-crit|p2b: Sting\n|-damage|p2b: Sting|25\/100\n|-damage|p2b: Sting|9\/100\n|-damage|p2b: Sting|0 fnt\n|faint|p2b: Sting\n|-hitcount|p2: Sting|3\n|\n|-heal|p1b: Anna|62\/100|[from] item: Leftovers\n|-damage|p2a: Coil|71\/100 brn|[from] brn\n|upkeep\n|inactive|Gumbus wumbus has 120 seconds left.\n|\n|t:|1696977633\n|switch|p2b: Trap|Stunfisk-Galar, F, shiny|93\/100\n|turn|12\n|inactive|Gumbus wumbus has 120 seconds left.\n|\n|t:|1696977645\n|move|p2a: Coil|Scald|p1b: Anna\n|-damage|p1b: Anna|32\/100\n|move|p2b: Trap|Flash Cannon|p1b: Anna\n|-supereffective|p1b: Anna\n|-damage|p1b: Anna|0 fnt\n|faint|p1b: Anna\n|\n|win|Gumbus wumbus\n|raw|PokeGal1239's rating: 1006 &rarr; <strong>1000<\/strong><br \/>(-6 for losing)\n|raw|Gumbus wumbus's rating: 1082 &rarr; <strong>1104<\/strong><br \/>(+22 for winning)\n|c|\u2606Gumbus wumbus|Gg\n|l|\u2606PokeGal1239\n","uploadtime":1696977656,"views":9,"p1id":"pokegal1239","p2id":"gumbuswumbus","formatid":"gen9nationaldexdoubles","rating":1000,"private":0,"password":""}