{"id":"gen9nationaldexdoubles-1986437738","p1":"Trishlikefish69","p2":"NotTheSpy5","format":"[Gen 9] National Dex Doubles","log":"|j|\u2606Trishlikefish69\n|j|\u2606NotTheSpy5\n|t:|1699479156\n|gametype|doubles\n|player|p1|Trishlikefish69|iris-gen5bw2|1022\n|player|p2|NotTheSpy5|1|1103\n|teamsize|p1|6\n|teamsize|p2|6\n|gen|9\n|tier|[Gen 9] National Dex Doubles\n|rated|\n|rule|HP Percentage Mod: HP is shown in percentages\n|rule|Endless Battle Clause: Forcing endless battles is banned\n|rule|OHKO Clause: OHKO moves are banned\n|rule|Evasion Moves Clause: Evasion moves are banned\n|rule|Evasion Abilities Clause: Evasion abilities are banned\n|rule|Species Clause: Limit one of each Pok\u00e9mon\n|rule|Gravity Sleep Clause: The combination of sleep-inducing moves with imperfect accuracy and Gravity or Gigantamax Orbeetle are banned\n|clearpoke\n|poke|p1|Volbeat, M|\n|poke|p1|Volcarona, M|\n|poke|p1|Cloyster, F|\n|poke|p1|Enamorus, F|\n|poke|p1|Gliscor, M|\n|poke|p1|Grimmsnarl, M|\n|poke|p2|Pelipper, M|\n|poke|p2|Swampert, F|\n|poke|p2|Seismitoad, M|\n|poke|p2|Toxicroak, F|\n|poke|p2|Poliwrath, F|\n|poke|p2|Politoed, F|\n|teampreview\n|\n|t:|1699479168\n|start\n|switch|p1a: Grimmsnarl|Grimmsnarl, M|100\/100\n|switch|p1b: Volbeat|Volbeat, M, shiny|100\/100\n|switch|p2a: Politoed|Politoed, F|100\/100\n|switch|p2b: Poliwrath|Poliwrath, F|100\/100\n|-weather|RainDance|[from] ability: Drizzle|[of] p2a: Politoed\n|turn|1\n|\n|t:|1699479186\n|move|p1b: Volbeat|Thunder Wave|p2a: Politoed\n|-status|p2a: Politoed|par\n|move|p1a: Grimmsnarl|Thunder Wave|p2b: Poliwrath\n|-status|p2b: Poliwrath|par\n|cant|p2b: Poliwrath|par\n|move|p2a: Politoed|Surf|p1b: Volbeat|[spread] p1a,p1b\n|-immune|p2b: Poliwrath|[from] ability: Water Absorb\n|-damage|p1a: Grimmsnarl|68\/100\n|-damage|p1b: Volbeat|65\/100\n|\n|-weather|RainDance|[upkeep]\n|upkeep\n|turn|2\n|\n|t:|1699479203\n|move|p1b: Volbeat|Tail Glow|p1b: Volbeat\n|-boost|p1b: Volbeat|spa|3\n|move|p1a: Grimmsnarl|Light Screen|p1a: Grimmsnarl\n|-sidestart|p1: Trishlikefish69|move: Light Screen\n|move|p2b: Poliwrath|Belly Drum|p2b: Poliwrath\n|-damage|p2b: Poliwrath|51\/100 par\n|-setboost|p2b: Poliwrath|atk|6|[from] move: Belly Drum\n|move|p2a: Politoed|Surf|p1b: Volbeat|[spread] p1a,p1b\n|-heal|p2b: Poliwrath|75\/100 par|[from] ability: Water Absorb|[of] p2a: Politoed\n|-damage|p1a: Grimmsnarl|49\/100\n|-damage|p1b: Volbeat|40\/100\n|\n|-weather|RainDance|[upkeep]\n|upkeep\n|turn|3\n|\n|t:|1699479225\n|move|p1b: Volbeat|Tail Glow|p1b: Volbeat\n|-boost|p1b: Volbeat|spa|3\n|move|p1a: Grimmsnarl|Reflect|p1a: Grimmsnarl\n|-sidestart|p1: Trishlikefish69|Reflect\n|move|p2b: Poliwrath|Skull Bash||[still]\n|-prepare|p2b: Poliwrath|Skull Bash\n|-boost|p2b: Poliwrath|def|1\n|move|p2a: Politoed|Surf|p1b: Volbeat|[spread] p1a,p1b\n|-heal|p2b: Poliwrath|99\/100 par|[from] ability: Water Absorb|[of] p2a: Politoed\n|-damage|p1a: Grimmsnarl|28\/100\n|-damage|p1b: Volbeat|16\/100\n|\n|-weather|RainDance|[upkeep]\n|upkeep\n|turn|4\n|\n|t:|1699479246\n|move|p1b: Volbeat|Baton Pass|p1b: Volbeat\n|\n|t:|1699479255\n|switch|p1b: Volcarona|Volcarona, M|100\/100|[from] Baton Pass\n|move|p1a: Grimmsnarl|Spirit Break|p2a: Politoed\n|-damage|p2a: Politoed|73\/100 par\n|-unboost|p2a: Politoed|spa|1\n|move|p2b: Poliwrath|Skull Bash|p1a: Grimmsnarl|[from]lockedmove\n|-damage|p1a: Grimmsnarl|0 fnt\n|faint|p1a: Grimmsnarl\n|move|p2a: Politoed|Surf|p1b: Volcarona|[spread] p1b\n|-heal|p2b: Poliwrath|100\/100 par|[from] ability: Water Absorb|[of] p2a: Politoed\n|-supereffective|p1b: Volcarona\n|-damage|p1b: Volcarona|76\/100\n|\n|-weather|RainDance|[upkeep]\n|upkeep\n|\n|t:|1699479281\n|switch|p1a: Enamorus|Enamorus, F|100\/100\n|turn|5\n|\n|t:|1699479302\n|-terastallize|p1b: Volcarona|Bug\n|move|p1a: Enamorus|Tailwind|p1a: Enamorus\n|-sidestart|p1: Trishlikefish69|move: Tailwind\n|move|p1b: Volcarona|Quiver Dance|p1b: Volcarona\n|-boost|p1b: Volcarona|spa|0\n|-boost|p1b: Volcarona|spd|1\n|-boost|p1b: Volcarona|spe|1\n|move|p2a: Politoed|Toxic|p1a: Enamorus\n|-status|p1a: Enamorus|tox\n|move|p2b: Poliwrath|Liquidation|p1b: Volcarona\n|-damage|p1b: Volcarona|0 fnt\n|faint|p1b: Volcarona\n|\n|-weather|RainDance|[upkeep]\n|-damage|p1a: Enamorus|94\/100 tox|[from] psn\n|upkeep\n|\n|t:|1699479315\n|switch|p1b: Cloyster|Cloyster, F, shiny|100\/100\n|turn|6\n|\n|t:|1699479335\n|move|p1a: Enamorus|Superpower|p2b: Poliwrath\n|-damage|p2b: Poliwrath|71\/100 par\n|-boost|p1a: Enamorus|atk|1\n|-boost|p1a: Enamorus|def|1\n|-damage|p1a: Enamorus|85\/100 tox|[from] item: Life Orb\n|move|p1b: Cloyster|Aqua Ring|p1b: Cloyster\n|-start|p1b: Cloyster|Aqua Ring\n|move|p2b: Poliwrath|Drain Punch|p1b: Cloyster\n|-supereffective|p1b: Cloyster\n|-damage|p1b: Cloyster|3\/100\n|-heal|p2b: Poliwrath|100\/100 par|[from] drain|[of] p1b: Cloyster\n|move|p2a: Politoed|Surf|p1a: Enamorus|[spread] p1a,p1b\n|-immune|p2b: Poliwrath|[from] ability: Water Absorb\n|-resisted|p1b: Cloyster\n|-damage|p1a: Enamorus|66\/100 tox\n|-damage|p1b: Cloyster|0 fnt\n|faint|p1b: Cloyster\n|\n|-weather|RainDance|[upkeep]\n|-damage|p1a: Enamorus|53\/100 tox|[from] psn\n|upkeep\n|\n|t:|1699479347\n|switch|p1b: Volbeat|Volbeat, M, shiny|16\/100\n|turn|7\n|\n|t:|1699479370\n|move|p1b: Volbeat|Tail Glow|p1b: Volbeat\n|-boost|p1b: Volbeat|spa|3\n|move|p1a: Enamorus|Superpower|p2b: Poliwrath\n|-damage|p2b: Poliwrath|56\/100 par\n|-boost|p1a: Enamorus|atk|1\n|-boost|p1a: Enamorus|def|1\n|-damage|p1a: Enamorus|44\/100 tox|[from] item: Life Orb\n|move|p2b: Poliwrath|Liquidation|p1a: Enamorus\n|-damage|p1a: Enamorus|0 fnt\n|faint|p1a: Enamorus\n|move|p2a: Politoed|Surf|p1b: Volbeat|[spread] p1b\n|-heal|p2b: Poliwrath|81\/100 par|[from] ability: Water Absorb|[of] p2a: Politoed\n|-damage|p1b: Volbeat|0 fnt\n|faint|p1b: Volbeat\n|\n|-weather|RainDance|[upkeep]\n|upkeep\n|\n|t:|1699479378\n|switch|p1b: Gliscor|Gliscor, M|100\/100\n|turn|8\n|inactive|Battle timer is ON: inactive players will automatically lose when time's up. (requested by NotTheSpy5)\n|inactive|Trishlikefish69 has 120 seconds left.\n|inactive|Trishlikefish69 has 90 seconds left.\n|inactive|Trishlikefish69 has 60 seconds left.\n|inactive|Trishlikefish69 has 30 seconds left.\n|inactive|Trishlikefish69 has 20 seconds left.\n|inactive|Trishlikefish69 has 15 seconds left.\n|inactive|Trishlikefish69 has 10 seconds left.\n|inactive|Trishlikefish69 has 5 seconds left.\n|-message|Trishlikefish69 lost due to inactivity.\n|\n|win|NotTheSpy5\n|raw|Trishlikefish69's rating: 1022 &rarr; <strong>1012<\/strong><br \/>(-10 for losing)\n|raw|NotTheSpy5's rating: 1103 &rarr; <strong>1122<\/strong><br \/>(+19 for winning)\n","uploadtime":1699479636,"views":13,"p1id":"trishlikefish69","p2id":"notthespy5","formatid":"gen9nationaldexdoubles","rating":1012,"private":0,"password":""}