{"id":"gen9nationaldexdoubles-1993321943","p1":"Smudge","p2":"Test Bots","format":"[Gen 9] National Dex Doubles","log":"|j|\u2606Smudge\n|j|\u2606Test Bots\n|t:|1700297975\n|gametype|doubles\n|player|p1|Smudge|#dwcopiii|\n|player|p2|Test Bots|irida|\n|teamsize|p1|4\n|teamsize|p2|6\n|gen|9\n|tier|[Gen 9] National Dex Doubles\n|rated|Tournament battle\n|rule|HP Percentage Mod: HP is shown in percentages\n|rule|Endless Battle Clause: Forcing endless battles is banned\n|rule|OHKO Clause: OHKO moves are banned\n|rule|Evasion Moves Clause: Evasion moves are banned\n|rule|Evasion Abilities Clause: Evasion abilities are banned\n|rule|Species Clause: Limit one of each Pok\u00e9mon\n|rule|Gravity Sleep Clause: The combination of sleep-inducing moves with imperfect accuracy and Gravity or Gigantamax Orbeetle are banned\n|clearpoke\n|poke|p1|Gengar, F|\n|poke|p1|Zygarde|\n|poke|p1|Miraidon|\n|poke|p1|Groudon|\n|poke|p2|Diancie|\n|poke|p2|Heatran, M|\n|poke|p2|Hoopa-Unbound|\n|poke|p2|Rillaboom, M|\n|poke|p2|Urshifu-*, M|\n|poke|p2|Tornadus, M|\n|teampreview\n|inactive|Battle timer is ON: inactive players will automatically lose when time's up. (requested by Smudge)\n|j| aurorus australis\n|c|\u2606Test Bots|oh wait\n|c|\u2606Test Bots|ubers\n|c|\u2606Smudge|glhf i didnt finish my team\n|c|\u2606Test Bots|lol\n|c|\u2606Smudge|yea it said\n|\n|t:|1700297999\n|start\n|switch|p1a: Gengar|Gengar, F|100\/100\n|switch|p1b: Zygarde|Zygarde|100\/100\n|switch|p2a: Diancie|Diancie|100\/100\n|switch|p2b: Urshifu|Urshifu-Rapid-Strike, M|100\/100\n|turn|1\n|\n|t:|1700298027\n|switch|p1b: Groudon|Groudon|100\/100\n|detailschange|p1b: Groudon|Groudon-Primal\n|-primal|p1b: Groudon|Red Orb\n|-weather|DesolateLand|[from] ability: Desolate Land|[of] p1b: Groudon\n|detailschange|p1a: Gengar|Gengar-Mega, F\n|-mega|p1a: Gengar|Gengar|Gengarite\n|detailschange|p2a: Diancie|Diancie-Mega\n|-mega|p2a: Diancie|Diancie|Diancite\n|move|p1a: Gengar|Protect|p1a: Gengar\n|-singleturn|p1a: Gengar|Protect\n|move|p2b: Urshifu|Surging Strikes||[still]\n|-fail|p2b: Urshifu|Surging Strikes|[from] Desolate Land\n|move|p2a: Diancie|Play Rough|p1b: Groudon\n|-resisted|p1b: Groudon\n|-damage|p1b: Groudon|79\/100\n|-unboost|p1b: Groudon|atk|1\n|\n|-weather|DesolateLand|[upkeep]\n|upkeep\n|turn|2\n|inactive|Smudge has 120 seconds left.\n|inactive|Test Bots has 120 seconds left.\n|c|\u2606Test Bots|water type moves doesn't work in desolate lands?\n|c|\u2606Smudge|no\n|c| aurorus australis|ye\n|c| aurorus australis|it doesn't work\n|inactive|Smudge has 90 seconds left.\n|\n|t:|1700298091\n|move|p1a: Gengar|Encore|p2a: Diancie\n|move|p2a: Diancie|Encore||[from]ability: Magic Bounce|[still]\n|-fail|p2a: Diancie\n|move|p2b: Urshifu|Surging Strikes||[still]\n|-fail|p2b: Urshifu|Surging Strikes|[from] Desolate Land\n|move|p1b: Groudon|Swords Dance|p1b: Groudon\n|-boost|p1b: Groudon|atk|2\n|move|p2a: Diancie|Trick Room|p2a: Diancie\n|-fieldstart|move: Trick Room|[of] p2a: Diancie\n|\n|-weather|DesolateLand|[upkeep]\n|upkeep\n|turn|3\n|inactive|Test Bots has 120 seconds left.\n|\n|t:|1700298107\n|move|p1b: Groudon|Precipice Blades|p2b: Urshifu|[spread] p2a,p2b\n|-supereffective|p2a: Diancie\n|-damage|p2a: Diancie|0 fnt\n|-damage|p2b: Urshifu|9\/100\n|faint|p2a: Diancie\n|move|p2b: Urshifu|Surging Strikes||[still]\n|-fail|p2b: Urshifu|Surging Strikes|[from] Desolate Land\n|move|p1a: Gengar|Shadow Ball|p2b: Urshifu\n|-damage|p2b: Urshifu|0 fnt\n|faint|p2b: Urshifu\n|\n|-weather|DesolateLand|[upkeep]\n|upkeep\n|\n|t:|1700298115\n|switch|p2a: Hoopa|Hoopa-Unbound|100\/100\n|switch|p2b: Heatran|Heatran, M|100\/100\n|turn|4\n|j| spice samurai\n|\n|t:|1700298124\n|switch|p1a: Zygarde|Zygarde|100\/100\n|-zpower|p2b: Heatran\n|move|p2b: Heatran|Tectonic Rage|p1b: Groudon|[zeffect]\n|-supereffective|p1b: Groudon\n|-damage|p1b: Groudon|0 fnt\n|faint|p1b: Groudon\n|-weather|none\n|move|p2a: Hoopa|Hyperspace Fury|p1a: Zygarde\n|-damage|p1a: Zygarde|31\/100\n|-unboost|p2a: Hoopa|def|1\n|-damage|p2a: Hoopa|91\/100|[from] item: Life Orb\n|\n|-heal|p1a: Zygarde|37\/100|[from] item: Leftovers\n|-activate|p1a: Zygarde|ability: Power Construct\n|detailschange|p1a: Zygarde|Zygarde-Complete\n|-heal|p1a: Zygarde|61\/100|[silent]\n|upkeep\n|inactive|Smudge has 120 seconds left.\n|\n|t:|1700298143\n|switch|p1b: Gengar|Gengar-Mega, F|100\/100\n|turn|5\n|c|\u2606Test Bots|fat boy\n|inactive|Smudge has 120 seconds left.\n|\n|t:|1700298190\n|-terastallize|p1a: Zygarde|Fairy\n|move|p1b: Gengar|Protect|p1b: Gengar\n|-singleturn|p1b: Gengar|Protect\n|move|p2b: Heatran|Earth Power|p1a: Zygarde\n|-damage|p1a: Zygarde|39\/100\n|move|p2a: Hoopa|Hyperspace Fury|p1a: Zygarde\n|-resisted|p1a: Zygarde\n|-damage|p1a: Zygarde|18\/100\n|-unboost|p2a: Hoopa|def|1\n|-damage|p2a: Hoopa|81\/100|[from] item: Life Orb\n|move|p1a: Zygarde|Thousand Arrows|p2b: Heatran|[spread] p2a,p2b\n|-supereffective|p2b: Heatran\n|-damage|p2a: Hoopa|0 fnt\n|-damage|p2b: Heatran|0 fnt\n|faint|p2a: Hoopa\n|faint|p2b: Heatran\n|\n|-heal|p1a: Zygarde|24\/100|[from] item: Leftovers\n|upkeep\n|\n|t:|1700298204\n|switch|p2b: Tornadus|Tornadus, M|100\/100\n|switch|p2a: Rillaboom|Rillaboom, M|100\/100\n|-fieldstart|move: Grassy Terrain|[from] ability: Grassy Surge|[of] p2a: Rillaboom\n|-enditem|p2b: Tornadus|Grassy Seed\n|-boost|p2b: Tornadus|def|1|[from] item: Grassy Seed\n|turn|6\n|inactive|Smudge has 120 seconds left.\n|c|\u2606Test Bots|gg\n|c|\u2606Smudge|gg\n|\n|t:|1700298223\n|switch|p1a: Miraidon|Miraidon|100\/100\n|-fieldstart|move: Electric Terrain|[from] ability: Hadron Engine|[of] p1a: Miraidon\n|move|p2a: Rillaboom|Grassy Glide|p1a: Miraidon\n|-resisted|p1a: Miraidon\n|-damage|p1a: Miraidon|86\/100\n|move|p2b: Tornadus|Bleakwind Storm|p1b: Gengar|[spread] p1a,p1b\n|-resisted|p1a: Miraidon\n|-damage|p1a: Miraidon|68\/100\n|-damage|p1b: Gengar|59\/100\n|move|p1b: Gengar|Shadow Ball|p2b: Tornadus\n|-damage|p2b: Tornadus|54\/100\n|-unboost|p2b: Tornadus|spd|1\n|\n|-fieldend|move: Trick Room\n|upkeep\n|turn|7\n|inactive|Smudge has 120 seconds left.\n|\n|t:|1700298244\n|move|p2b: Tornadus|Tailwind|p2b: Tornadus\n|-sidestart|p2: Test Bots|move: Tailwind\n|move|p1a: Miraidon|Volt Switch|p2b: Tornadus\n|-supereffective|p2b: Tornadus\n|-damage|p2b: Tornadus|0 fnt\n|faint|p2b: Tornadus\n|\n|t:|1700298249\n|switch|p1a: Zygarde|Zygarde-Complete, tera:Fairy|24\/100|[from] Volt Switch\n|move|p2a: Rillaboom|Wood Hammer|p1a: Zygarde\n|-damage|p1a: Zygarde|0 fnt\n|faint|p1a: Zygarde\n|-damage|p2a: Rillaboom|89\/100|[from] Recoil\n|move|p1b: Gengar|Shadow Ball|p2a: Rillaboom\n|-damage|p2a: Rillaboom|53\/100\n|\n|upkeep\n|\n|t:|1700298254\n|switch|p1a: Miraidon|Miraidon|68\/100\n|-activate|p1a: Miraidon|ability: Hadron Engine\n|turn|8\n|\n|t:|1700298261\n|move|p1a: Miraidon|Overheat|p2a: Rillaboom\n|-supereffective|p2a: Rillaboom\n|-damage|p2a: Rillaboom|0 fnt\n|-unboost|p1a: Miraidon|spa|2\n|faint|p2a: Rillaboom\n|\n|win|Smudge\n|n|\u2606Smudge|smudge\n|n|\u2606Test Bots|testbots\n|n| aurorus australis|aurorusaustralis\n|n| spice samurai|spicesamurai\n|l|\u2606Test Bots\n|l| aurorus australis\n","uploadtime":1700298262,"views":13,"p1id":"smudge","p2id":"testbots","formatid":"gen9nationaldexdoubles","rating":0,"private":0,"password":""}