{"id":"gen9nationaldexdoubles-1949689368","p1":"muants","p2":"elmaptiv","format":"[Gen 9] National Dex Doubles","log":"|j|\u2606muants\n|j|\u2606elmaptiv\n|t:|1695391726\n|gametype|doubles\n|player|p1|muants|1|1215\n|player|p2|elmaptiv|ghetsis|1184\n|teamsize|p1|6\n|teamsize|p2|6\n|gen|9\n|tier|[Gen 9] National Dex Doubles\n|rated|\n|rule|HP Percentage Mod: HP is shown in percentages\n|rule|Endless Battle Clause: Forcing endless battles is banned\n|rule|OHKO Clause: OHKO moves are banned\n|rule|Evasion Moves Clause: Evasion moves are banned\n|rule|Evasion Abilities Clause: Evasion abilities are banned\n|rule|Species Clause: Limit one of each Pok\u00e9mon\n|rule|Gravity Sleep Clause: The combination of sleep-inducing moves with imperfect accuracy and Gravity or Gigantamax Orbeetle are banned\n|clearpoke\n|poke|p1|Mawile, F|\n|poke|p1|Indeedee-F, F|\n|poke|p1|Porygon2|\n|poke|p1|Stakataka|\n|poke|p1|Hatterene, F|\n|poke|p1|Torkoal, F|\n|poke|p2|Ogerpon-Cornerstone, F|\n|poke|p2|Sinistcha-Masterpiece|\n|poke|p2|Sawsbuck-Autumn, F|\n|poke|p2|Brambleghast, F|\n|poke|p2|Volcarona, M|\n|poke|p2|Grimmsnarl, M|\n|teampreview\n|\n|t:|1695391735\n|start\n|switch|p1a: Indeedee|Indeedee-F, F|100\/100\n|switch|p1b: Torkoal|Torkoal, F|100\/100\n|switch|p2a: Feliz juaguelin|Grimmsnarl, M|100\/100\n|switch|p2b: SIUUUUUUUUUUUUUUUU|Volcarona, M|100\/100\n|-fieldstart|move: Psychic Terrain|[from] ability: Psychic Surge|[of] p1a: Indeedee\n|-enditem|p1a: Indeedee|Psychic Seed\n|-boost|p1a: Indeedee|spd|1|[from] item: Psychic Seed\n|-weather|SunnyDay|[from] ability: Drought|[of] p1b: Torkoal\n|turn|1\n|inactive|Battle timer is ON: inactive players will automatically lose when time's up. (requested by muants)\n|\n|t:|1695391755\n|move|p1b: Torkoal|Protect|p1b: Torkoal\n|-singleturn|p1b: Torkoal|Protect\n|move|p2a: Feliz juaguelin|Light Screen|p2a: Feliz juaguelin\n|-sidestart|p2: elmaptiv|move: Light Screen\n|move|p2b: SIUUUUUUUUUUUUUUUU|Bug Buzz|p1a: Indeedee\n|-supereffective|p1a: Indeedee\n|-damage|p1a: Indeedee|34\/100\n|move|p1a: Indeedee|Trick Room|p1a: Indeedee\n|-fieldstart|move: Trick Room|[of] p1a: Indeedee\n|\n|-weather|SunnyDay|[upkeep]\n|upkeep\n|turn|2\n|\n|t:|1695391777\n|-terastallize|p1b: Torkoal|Fire\n|move|p1a: Indeedee|Helping Hand|p1b: Torkoal\n|-singleturn|p1b: Torkoal|Helping Hand|[of] p1a: Indeedee\n|move|p2a: Feliz juaguelin|Thunder Wave|p1b: Torkoal\n|-activate|p1b: Torkoal|move: Psychic Terrain\n|move|p1b: Torkoal|Eruption|p2b: SIUUUUUUUUUUUUUUUU|[spread] p2a,p2b\n|-damage|p2a: Feliz juaguelin|8\/100\n|-damage|p2b: SIUUUUUUUUUUUUUUUU|0 fnt\n|faint|p2b: SIUUUUUUUUUUUUUUUU\n|\n|-weather|SunnyDay|[upkeep]\n|upkeep\n|inactive|elmaptiv has 120 seconds left.\n|\n|t:|1695391806\n|switch|p2b: Opon oto\u00f1o|Ogerpon-Cornerstone, F|100\/100\n|turn|3\n|\n|t:|1695391830\n|-terastallize|p2b: Opon oto\u00f1o|Rock\n|detailschange|p2b: Opon oto\u00f1o|Ogerpon-Cornerstone-Tera, F, tera:Rock\n|-ability|p2b: Opon oto\u00f1o|Embody Aspect (Cornerstone)|boost\n|-boost|p2b: Opon oto\u00f1o|def|1\n|move|p1a: Indeedee|Helping Hand|p1b: Torkoal\n|-singleturn|p1b: Torkoal|Helping Hand|[of] p1a: Indeedee\n|move|p2a: Feliz juaguelin|Reflect|p2a: Feliz juaguelin\n|-sidestart|p2: elmaptiv|Reflect\n|move|p1b: Torkoal|Eruption|p2b: Opon oto\u00f1o|[spread] p2a,p2b\n|-resisted|p2b: Opon oto\u00f1o\n|-damage|p2a: Feliz juaguelin|0 fnt\n|-damage|p2b: Opon oto\u00f1o|28\/100\n|faint|p2a: Feliz juaguelin\n|move|p2b: Opon oto\u00f1o|Ivy Cudgel|p1b: Torkoal\n|-supereffective|p1b: Torkoal\n|-damage|p1b: Torkoal|0 fnt\n|faint|p1b: Torkoal\n|\n|-weather|SunnyDay|[upkeep]\n|upkeep\n|\n|t:|1695391849\n|switch|p1b: Hatterene|Hatterene, F|100\/100\n|switch|p2a: Corzo galego|Sawsbuck-Autumn, F|100\/100\n|turn|4\n|\n|t:|1695391862\n|move|p1a: Indeedee|Helping Hand|p1b: Hatterene\n|-singleturn|p1b: Hatterene|Helping Hand|[of] p1a: Indeedee\n|move|p1b: Hatterene|Dazzling Gleam|p2a: Corzo galego|[spread] p2a,p2b\n|-damage|p2a: Corzo galego|30\/100\n|-damage|p2b: Opon oto\u00f1o|0 fnt\n|faint|p2b: Opon oto\u00f1o\n|-damage|p1b: Hatterene|91\/100|[from] item: Life Orb\n|move|p2a: Corzo galego|Body Slam|p1a: Indeedee\n|-damage|p1a: Indeedee|0 fnt\n|faint|p1a: Indeedee\n|\n|-weather|SunnyDay|[upkeep]\n|-heal|p2a: Corzo galego|36\/100|[from] item: Leftovers\n|upkeep\n|\n|t:|1695391883\n|switch|p1a: Porygon2|Porygon2|100\/100\n|switch|p2b: *nada*|Brambleghast, F|100\/100\n|-ability|p1a: Porygon2|Download|boost\n|-boost|p1a: Porygon2|atk|1\n|turn|5\n|\n|t:|1695391897\n|move|p2a: Corzo galego|Protect|p2a: Corzo galego\n|-singleturn|p2a: Corzo galego|Protect\n|move|p1b: Hatterene|Dazzling Gleam|p2a: Corzo galego|[spread] p2b\n|-activate|p2a: Corzo galego|move: Protect\n|-crit|p2b: *nada*\n|-damage|p2b: *nada*|0 fnt\n|faint|p2b: *nada*\n|-damage|p1b: Hatterene|81\/100|[from] item: Life Orb\n|move|p1a: Porygon2|Tri Attack|p2a: Corzo galego\n|-activate|p2a: Corzo galego|move: Protect\n|\n|-weather|none\n|-heal|p2a: Corzo galego|42\/100|[from] item: Leftovers\n|-fieldend|move: Trick Room\n|-fieldend|move: Psychic Terrain\n|upkeep\n|\n|t:|1695391907\n|switch|p2b: Sopita|Sinistcha-Masterpiece|100\/100\n|-heal|p2a: Corzo galego|67\/100|[from] ability: Hospitality|[of] p2b: Sopita\n|turn|6\n|\n|t:|1695391923\n|move|p1a: Porygon2|Ally Switch|p1a: Porygon2\n|swap|p1a: Porygon2|1|[from] move: Ally Switch\n|move|p2a: Corzo galego|Horn Leech|p1b: Porygon2\n|-damage|p1b: Porygon2|81\/100\n|-heal|p2a: Corzo galego|79\/100|[from] drain|[of] p1b: Porygon2\n|move|p2b: Sopita|Shadow Ball|p1b: Porygon2\n|-immune|p1b: Porygon2\n|move|p1a: Hatterene|Trick Room|p1a: Hatterene\n|-fieldstart|move: Trick Room|[of] p1a: Hatterene\n|\n|-heal|p2a: Corzo galego|85\/100|[from] item: Leftovers\n|upkeep\n|turn|7\n|\n|t:|1695391943\n|move|p1a: Hatterene|Dazzling Gleam|p2a: Corzo galego|[spread] p2a,p2b\n|-damage|p2a: Corzo galego|40\/100\n|-damage|p2b: Sopita|61\/100\n|-damage|p1a: Hatterene|71\/100|[from] item: Life Orb\n|move|p1b: Porygon2|Tri Attack|p2a: Corzo galego\n|-damage|p2a: Corzo galego|11\/100\n|-status|p2a: Corzo galego|brn\n|move|p2b: Sopita|Matcha Gotcha|p1a: Hatterene|[spread] p1a,p1b\n|-damage|p1a: Hatterene|38\/100\n|-heal|p2b: Sopita|77\/100|[from] drain|[of] p1a: Hatterene\n|-damage|p1b: Porygon2|64\/100\n|-heal|p2b: Sopita|86\/100|[from] drain|[of] p1b: Porygon2\n|move|p2a: Corzo galego|Last Resort|p1a: Hatterene\n|-damage|p1a: Hatterene|4\/100\n|\n|-heal|p2a: Corzo galego|17\/100 brn|[from] item: Leftovers\n|-damage|p2a: Corzo galego|11\/100 brn|[from] brn\n|upkeep\n|turn|8\n|\n|t:|1695391966\n|move|p2a: Corzo galego|Protect|p2a: Corzo galego\n|-singleturn|p2a: Corzo galego|Protect\n|move|p1a: Hatterene|Dazzling Gleam|p2a: Corzo galego|[spread] p2b\n|-activate|p2a: Corzo galego|move: Protect\n|-damage|p2b: Sopita|48\/100\n|-enditem|p2b: Sopita|Sitrus Berry|[eat]\n|-heal|p2b: Sopita|73\/100|[from] item: Sitrus Berry\n|-damage|p1a: Hatterene|0 fnt|[from] item: Life Orb\n|faint|p1a: Hatterene\n|move|p1b: Porygon2|Tri Attack|p2b: Sopita\n|-immune|p2b: Sopita\n|move|p2b: Sopita|Matcha Gotcha|p1b: Porygon2\n|-damage|p1b: Porygon2|43\/100\n|-heal|p2b: Sopita|85\/100|[from] drain|[of] p1b: Porygon2\n|\n|-heal|p2a: Corzo galego|17\/100 brn|[from] item: Leftovers\n|-damage|p2a: Corzo galego|11\/100 brn|[from] brn\n|-sideend|p2: elmaptiv|move: Light Screen\n|upkeep\n|\n|t:|1695391984\n|switch|p1a: Mawile|Mawile, F|100\/100\n|turn|9\n|\n|t:|1695392012\n|detailschange|p1a: Mawile|Mawile-Mega, F\n|-mega|p1a: Mawile|Mawile|Mawilite\n|move|p1a: Mawile|Sucker Punch||[still]\n|-fail|p1a: Mawile\n|move|p1b: Porygon2|Tri Attack|p2a: Corzo galego\n|-damage|p2a: Corzo galego|0 fnt\n|faint|p2a: Corzo galego\n|move|p2b: Sopita|Strength Sap|p1a: Mawile\n|-unboost|p1a: Mawile|atk|1\n|-heal|p2b: Sopita|100\/100\n|\n|upkeep\n|turn|10\n|\n|t:|1695392028\n|move|p1a: Mawile|Sucker Punch||[still]\n|-fail|p1a: Mawile\n|move|p1b: Porygon2|Tri Attack|p2b: Sopita\n|-immune|p2b: Sopita\n|move|p2b: Sopita|Nasty Plot|p2b: Sopita\n|-boost|p2b: Sopita|spa|2\n|\n|-sideend|p2: elmaptiv|Reflect\n|-fieldend|move: Trick Room\n|upkeep\n|turn|11\n|\n|t:|1695392049\n|move|p2b: Sopita|Matcha Gotcha|p1b: Porygon2|[spread] p1a,p1b\n|-resisted|p1a: Mawile\n|-damage|p1a: Mawile|62\/100\n|-damage|p1b: Porygon2|11\/100\n|-status|p1a: Mawile|brn\n|move|p1a: Mawile|Iron Head|p2b: Sopita\n|-damage|p2b: Sopita|75\/100\n|move|p1b: Porygon2|Trick Room|p1b: Porygon2\n|-fieldstart|move: Trick Room|[of] p1b: Porygon2\n|\n|-damage|p1a: Mawile|56\/100 brn|[from] brn\n|upkeep\n|turn|12\n|\n|t:|1695392066\n|move|p1a: Mawile|Sucker Punch|p2b: Sopita\n|-supereffective|p2b: Sopita\n|-damage|p2b: Sopita|45\/100\n|move|p1b: Porygon2|Recover|p1b: Porygon2\n|-heal|p1b: Porygon2|61\/100\n|move|p2b: Sopita|Matcha Gotcha|p1b: Porygon2|[spread] p1a,p1b\n|-resisted|p1a: Mawile\n|-damage|p1a: Mawile|18\/100 brn\n|-heal|p2b: Sopita|61\/100|[from] drain|[of] p1a: Mawile\n|-damage|p1b: Porygon2|29\/100\n|-heal|p2b: Sopita|79\/100|[from] drain|[of] p1b: Porygon2\n|\n|-damage|p1a: Mawile|12\/100 brn|[from] brn\n|upkeep\n|turn|13\n|\n|t:|1695392086\n|move|p1a: Mawile|Sucker Punch||[still]\n|-fail|p1a: Mawile\n|move|p1b: Porygon2|Recover|p1b: Porygon2\n|-heal|p1b: Porygon2|79\/100\n|move|p2b: Sopita|Nasty Plot|p2b: Sopita\n|-boost|p2b: Sopita|spa|2\n|\n|-damage|p1a: Mawile|6\/100 brn|[from] brn\n|upkeep\n|turn|14\n|\n|t:|1695392104\n|move|p1b: Porygon2|Ally Switch|p1b: Porygon2\n|swap|p1b: Porygon2|0|[from] move: Ally Switch\n|move|p1b: Mawile|Swords Dance|p1b: Mawile\n|-boost|p1b: Mawile|atk|2\n|move|p2b: Sopita|Nasty Plot|p2b: Sopita\n|-boost|p2b: Sopita|spa|2\n|\n|-damage|p1b: Mawile|0 fnt|[from] brn\n|faint|p1b: Mawile\n|upkeep\n|\n|t:|1695392114\n|switch|p1b: Stakataka|Stakataka|100\/100\n|turn|15\n|\n|t:|1695392139\n|move|p1b: Stakataka|Iron Defense|p1b: Stakataka\n|-boost|p1b: Stakataka|def|2\n|move|p1a: Porygon2|Recover|p1a: Porygon2\n|-heal|p1a: Porygon2|100\/100\n|move|p2b: Sopita|Matcha Gotcha|p1a: Porygon2|[spread] p1a,p1b\n|-damage|p1a: Porygon2|32\/100\n|-heal|p2b: Sopita|100\/100|[from] drain|[of] p1a: Porygon2\n|-damage|p1b: Stakataka|0 fnt\n|faint|p1b: Stakataka\n|\n|-fieldend|move: Trick Room\n|upkeep\n|turn|16\n|-message|muants forfeited.\n|\n|win|elmaptiv\n|raw|muants's rating: 1215 &rarr; <strong>1188<\/strong><br \/>(-27 for losing)\n|raw|elmaptiv's rating: 1184 &rarr; <strong>1211<\/strong><br \/>(+27 for winning)\n|l|\u2606muants\n","uploadtime":1695392187,"views":12,"p1id":"muants","p2id":"elmaptiv","formatid":"gen9nationaldexdoubles","rating":1188,"private":0,"password":""}