{"id":"gen9nationaldexdoubles-1960347243","p1":"Bradeni","p2":"DaveTheDino","format":"[Gen 9] National Dex Doubles","log":"|j|\u2606Bradeni\n|j|\u2606DaveTheDino\n|t:|1696518719\n|gametype|doubles\n|player|p1|Bradeni|dawn|\n|player|p2|DaveTheDino|266|\n|teamsize|p1|6\n|teamsize|p2|6\n|gen|9\n|tier|[Gen 9] National Dex Doubles\n|rule|HP Percentage Mod: HP is shown in percentages\n|rule|Endless Battle Clause: Forcing endless battles is banned\n|rule|OHKO Clause: OHKO moves are banned\n|rule|Evasion Moves Clause: Evasion moves are banned\n|rule|Evasion Abilities Clause: Evasion abilities are banned\n|rule|Species Clause: Limit one of each Pok\u00e9mon\n|rule|Gravity Sleep Clause: The combination of sleep-inducing moves with imperfect accuracy and Gravity or Gigantamax Orbeetle are banned\n|clearpoke\n|poke|p1|Seismitoad, F|\n|poke|p1|Spiritomb, F|\n|poke|p1|Togekiss, M|\n|poke|p1|Goodra-Hisui, M|\n|poke|p1|Cloyster, M|\n|poke|p1|Gardevoir, F|\n|poke|p2|Spiritomb, M|\n|poke|p2|Lucario, F|\n|poke|p2|Garchomp, F|\n|poke|p2|Togekiss, F|\n|poke|p2|Roserade, M|\n|poke|p2|Milotic, F|\n|teampreview\n|\n|t:|1696518760\n|start\n|switch|p1a: Brrrrr|Seismitoad, F|100\/100\n|switch|p1b: LastResort|Togekiss, M, shiny|100\/100\n|switch|p2a: Roserade|Roserade, M|100\/100\n|switch|p2b: Spiritomb|Spiritomb, M|100\/100\n|-ability|p2b: Spiritomb|Pressure\n|turn|1\n|\n|t:|1696518819\n|switch|p2b: Milotic|Milotic, F|100\/100\n|move|p1b: LastResort|Future Sight|p2a: Roserade\n|-start|p1b: LastResort|move: Future Sight\n|move|p2a: Roserade|Energy Ball|p1a: Brrrrr\n|-supereffective|p1a: Brrrrr\n|-damage|p1a: Brrrrr|0 fnt\n|faint|p1a: Brrrrr\n|\n|upkeep\n|\n|t:|1696518834\n|switch|p1a: MyExes|Spiritomb, F, shiny|100\/100\n|-item|p1a: MyExes|Air Balloon\n|turn|2\n|\n|t:|1696518857\n|move|p1b: LastResort|Future Sight||[still]\n|-fail|p1b: LastResort\n|move|p2a: Roserade|Energy Ball|p1a: MyExes\n|-damage|p1a: MyExes|23\/100\n|-enditem|p1a: MyExes|Air Balloon\n|move|p2b: Milotic|Ice Beam|p1b: LastResort\n|-supereffective|p1b: LastResort\n|-damage|p1b: LastResort|56\/100\n|-status|p1b: LastResort|frz\n|move|p1a: MyExes|Dark Pulse|p2b: Milotic\n|-damage|p2b: Milotic|78\/100\n|\n|-heal|p2b: Milotic|84\/100|[from] item: Leftovers\n|upkeep\n|turn|3\n|\n|t:|1696518885\n|switch|p1b: Cloyster|Cloyster, M, shiny|100\/100\n|move|p2a: Roserade|Energy Ball|p1a: MyExes\n|-damage|p1a: MyExes|0 fnt\n|faint|p1a: MyExes\n|move|p2b: Milotic|Ice Beam|p1b: Cloyster\n|-resisted|p1b: Cloyster\n|-damage|p1b: Cloyster|84\/100\n|\n|-end|p2a: Roserade|move: Future Sight\n|-supereffective|p2a: Roserade\n|-damage|p2a: Roserade|17\/100\n|-heal|p2b: Milotic|91\/100|[from] item: Leftovers\n|upkeep\n|\n|t:|1696518899\n|switch|p1a: LastResort|Togekiss, M, shiny|56\/100 frz\n|turn|4\n|\n|t:|1696518924\n|cant|p1a: LastResort|frz\n|move|p2a: Roserade|Energy Ball|p1b: Cloyster\n|-supereffective|p1b: Cloyster\n|-damage|p1b: Cloyster|0 fnt\n|faint|p1b: Cloyster\n|move|p2b: Milotic|Ice Beam|p1a: LastResort\n|-supereffective|p1a: LastResort\n|-damage|p1a: LastResort|16\/100 frz\n|\n|-heal|p2b: Milotic|97\/100|[from] item: Leftovers\n|upkeep\n|\n|t:|1696518935\n|switch|p1b: Mother Dearest|Gardevoir, F, shiny|100\/100\n|-ability|p1b: Mother Dearest|Natural Cure|[from] ability: Trace|[of] p2a: Roserade\n|turn|5\n|\n|t:|1696518960\n|cant|p1a: LastResort|frz\n|move|p2a: Roserade|Energy Ball|p1b: Mother Dearest\n|-damage|p1b: Mother Dearest|42\/100\n|-enditem|p1b: Mother Dearest|Sitrus Berry|[eat]\n|-heal|p1b: Mother Dearest|67\/100|[from] item: Sitrus Berry\n|move|p2b: Milotic|Ice Beam|p1a: LastResort\n|-supereffective|p1a: LastResort\n|-damage|p1a: LastResort|0 fnt\n|faint|p1a: LastResort\n|move|p1b: Mother Dearest|Psyshock|p2b: Milotic\n|-damage|p2b: Milotic|56\/100\n|\n|-heal|p2b: Milotic|62\/100|[from] item: Leftovers\n|upkeep\n|\n|t:|1696518973\n|switch|p1a: Goodra|Goodra-Hisui, M, shiny|100\/100\n|turn|6\n|\n|t:|1696519004\n|move|p2a: Roserade|Energy Ball|p1b: Mother Dearest\n|-damage|p1b: Mother Dearest|6\/100\n|move|p2b: Milotic|Scald|p1b: Mother Dearest\n|-damage|p1b: Mother Dearest|0 fnt\n|faint|p1b: Mother Dearest\n|move|p1a: Goodra|Shelter|p1a: Goodra\n|-boost|p1a: Goodra|def|2\n|\n|-heal|p2b: Milotic|68\/100|[from] item: Leftovers\n|upkeep\n|turn|7\n|\n|t:|1696519025\n|move|p2a: Roserade|Energy Ball|p1a: Goodra\n|-ability|p1a: Goodra|Sap Sipper|boost\n|-boost|p1a: Goodra|atk|1\n|move|p2b: Milotic|Scald|p1a: Goodra\n|-resisted|p1a: Goodra\n|-damage|p1a: Goodra|89\/100\n|move|p1a: Goodra|Body Press|p2a: Roserade\n|-resisted|p2a: Roserade\n|-damage|p2a: Roserade|0 fnt\n|faint|p2a: Roserade\n|\n|-heal|p2b: Milotic|74\/100|[from] item: Leftovers\n|upkeep\n|\n|t:|1696519036\n|switch|p2a: Garchomp|Garchomp, F|100\/100\n|turn|8\n|\n|t:|1696519044\n|switch|p2b: Togekiss|Togekiss, F|100\/100\n|move|p2a: Garchomp|Earthquake|p1a: Goodra|[spread] p1a\n|-immune|p2b: Togekiss\n|-supereffective|p1a: Goodra\n|-damage|p1a: Goodra|47\/100\n|move|p1a: Goodra|Body Press|p2a: Garchomp\n|-damage|p2a: Garchomp|49\/100\n|-damage|p1a: Goodra|35\/100|[from] ability: Rough Skin|[of] p2a: Garchomp\n|\n|upkeep\n|turn|9\n|\n|t:|1696519056\n|move|p2b: Togekiss|Air Slash|p1a: Goodra\n|-resisted|p1a: Goodra\n|-damage|p1a: Goodra|23\/100\n|move|p2a: Garchomp|Earthquake|p1a: Goodra|[spread] p1a\n|-immune|p2b: Togekiss\n|-supereffective|p1a: Goodra\n|-damage|p1a: Goodra|0 fnt\n|faint|p1a: Goodra\n|\n|win|DaveTheDino\n","uploadtime":1696519074,"views":7,"p1id":"bradeni","p2id":"davethedino","formatid":"gen9nationaldexdoubles","rating":0,"private":0,"password":""}