{"id":"gen9nationaldexdoubles-1947441070","p1":"Beecomb","p2":"El Ryuk456","format":"[Gen 9] National Dex Doubles","log":"|j|\u2606Beecomb\n|j|\u2606El Ryuk456\n|t:|1695160988\n|gametype|doubles\n|player|p1|Beecomb|cynthia-gen4|1048\n|player|p2|El Ryuk456|blaine|1328\n|teamsize|p1|6\n|teamsize|p2|6\n|gen|9\n|tier|[Gen 9] National Dex Doubles\n|rated|\n|rule|HP Percentage Mod: HP is shown in percentages\n|rule|Endless Battle Clause: Forcing endless battles is banned\n|rule|OHKO Clause: OHKO moves are banned\n|rule|Evasion Moves Clause: Evasion moves are banned\n|rule|Evasion Abilities Clause: Evasion abilities are banned\n|rule|Species Clause: Limit one of each Pok\u00e9mon\n|rule|Gravity Sleep Clause: The combination of sleep-inducing moves with imperfect accuracy and Gravity or Gigantamax Orbeetle are banned\n|clearpoke\n|poke|p1|Sinistcha-Masterpiece|\n|poke|p1|Gliscor, M|\n|poke|p1|Dipplin, F|\n|poke|p1|Enamorus, F|\n|poke|p1|Kartana|\n|poke|p1|Ogerpon, F|\n|poke|p2|Blaziken, M|\n|poke|p2|Sceptile, M|\n|poke|p2|Blissey, F|\n|poke|p2|Dusknoir, F|\n|poke|p2|Pawmot, M|\n|poke|p2|Pelipper, M|\n|teampreview\n|\n|t:|1695160996\n|start\n|switch|p1a: Dipplin|Dipplin, F|100\/100\n|switch|p1b: Enamorus|Enamorus, F|100\/100\n|switch|p2a: Inferno|Blaziken, M|100\/100\n|switch|p2b: Leo|Sceptile, M|100\/100\n|-ability|p1a: Dipplin|Supersweet Syrup\n|-ability|p1a: Dipplin|Supersweet Syrup|boost\n|-unboost|p2a: Inferno|evasion|1\n|-unboost|p2b: Leo|evasion|1\n|-enditem|p2b: Leo|White Herb\n|-clearnegativeboost|p2b: Leo|[silent]\n|turn|1\n|\n|t:|1695161022\n|detailschange|p2a: Inferno|Blaziken-Mega, M\n|-mega|p2a: Inferno|Blaziken|Blazikenite\n|move|p2b: Leo|Protect|p2b: Leo\n|-singleturn|p2b: Leo|Protect\n|move|p2a: Inferno|Protect|p2a: Inferno\n|-singleturn|p2a: Inferno|Protect\n|move|p1a: Dipplin|Protect|p1a: Dipplin\n|-singleturn|p1a: Dipplin|Protect\n|move|p1b: Enamorus|Springtide Storm|p2b: Leo|[spread] \n|-activate|p2a: Inferno|move: Protect\n|-activate|p2b: Leo|move: Protect\n|\n|-ability|p2a: Inferno|Speed Boost|boost\n|-boost|p2a: Inferno|spe|1\n|upkeep\n|turn|2\n|\n|t:|1695161040\n|move|p2b: Leo|Leaf Storm|p1b: Enamorus\n|-resisted|p1b: Enamorus\n|-damage|p1b: Enamorus|65\/100\n|-unboost|p2b: Leo|spa|2\n|move|p2a: Inferno|Rock Slide|p1b: Enamorus|[spread] p1a,p1b\n|-supereffective|p1b: Enamorus\n|-damage|p1a: Dipplin|87\/100\n|-damage|p1b: Enamorus|0 fnt\n|faint|p1b: Enamorus\n|move|p1a: Dipplin|Syrup Bomb|p2b: Leo\n|-resisted|p2b: Leo\n|-damage|p2b: Leo|88\/100\n|-start|p2b: Leo|Syrup Bomb\n|\n|-unboost|p2b: Leo|spe|1\n|-ability|p2a: Inferno|Speed Boost|boost\n|-boost|p2a: Inferno|spe|1\n|upkeep\n|inactive|Battle timer is ON: inactive players will automatically lose when time's up. (requested by El Ryuk456)\n|\n|t:|1695161066\n|switch|p1b: Sinistcha|Sinistcha-Masterpiece|100\/100\n|-heal|p1a: Dipplin|100\/100|[from] ability: Hospitality|[of] p1b: Sinistcha\n|turn|3\n|\n|t:|1695161077\n|move|p2a: Inferno|Flare Blitz|p1b: Sinistcha\n|-supereffective|p1b: Sinistcha\n|-damage|p1b: Sinistcha|0 fnt\n|faint|p1b: Sinistcha\n|-damage|p2a: Inferno|72\/100|[from] Recoil\n|move|p2b: Leo|Leaf Storm|p1a: Dipplin|[miss]\n|-miss|p2b: Leo|p1a: Dipplin\n|move|p1a: Dipplin|Syrup Bomb|p2a: Inferno\n|-resisted|p2a: Inferno\n|-damage|p2a: Inferno|59\/100\n|-start|p2a: Inferno|Syrup Bomb\n|\n|-unboost|p2a: Inferno|spe|1\n|-unboost|p2b: Leo|spe|1\n|-ability|p2a: Inferno|Speed Boost|boost\n|-boost|p2a: Inferno|spe|1\n|upkeep\n|\n|t:|1695161093\n|switch|p1b: Kartana|Kartana|100\/100\n|turn|4\n|\n|t:|1695161117\n|move|p2a: Inferno|Protect|p2a: Inferno\n|-singleturn|p2a: Inferno|Protect\n|move|p1b: Kartana|X-Scissor|p2b: Leo\n|-supereffective|p2b: Leo\n|-damage|p2b: Leo|0 fnt\n|faint|p2b: Leo\n|-ability|p1b: Kartana|Beast Boost|boost\n|-boost|p1b: Kartana|atk|1\n|move|p1a: Dipplin|Draco Meteor|p2a: Inferno\n|-activate|p2a: Inferno|move: Protect\n|\n|-unboost|p2a: Inferno|spe|1\n|-ability|p2a: Inferno|Speed Boost|boost\n|-boost|p2a: Inferno|spe|1\n|upkeep\n|\n|t:|1695161133\n|switch|p2b: Michel|Pawmot, M|100\/100\n|turn|5\n|\n|t:|1695161159\n|move|p2b: Michel|Fake Out|p1b: Kartana\n|-resisted|p1b: Kartana\n|-damage|p1b: Kartana|94\/100\n|move|p2a: Inferno|Flare Blitz|p1b: Kartana\n|-supereffective|p1b: Kartana\n|-damage|p1b: Kartana|0 fnt\n|faint|p1b: Kartana\n|-damage|p2a: Inferno|35\/100|[from] Recoil\n|move|p1a: Dipplin|Syrup Bomb|p2b: Michel\n|-damage|p2b: Michel|66\/100\n|-start|p2b: Michel|Syrup Bomb\n|\n|-end|p2a: Inferno|Syrup Bomb\n|-unboost|p2b: Michel|spe|1\n|-ability|p2a: Inferno|Speed Boost|boost\n|-boost|p2a: Inferno|spe|1\n|upkeep\n|inactive|Beecomb has 120 seconds left.\n|\n|t:|1695161172\n|switch|p1b: Ogerpon|Ogerpon, F|100\/100\n|turn|6\n|\n|t:|1695161179\n|move|p1b: Ogerpon|Protect|p1b: Ogerpon\n|-singleturn|p1b: Ogerpon|Protect\n|move|p2a: Inferno|Flare Blitz|p1b: Ogerpon\n|-activate|p1b: Ogerpon|move: Protect\n|move|p2b: Michel|Revival Blessing|p2b: Michel\n|\n|t:|1695161186\n|-heal|p2: Leo|50\/100|[from] move: Revival Blessing\n|move|p1a: Dipplin|Syrup Bomb|p2a: Inferno\n|-resisted|p2a: Inferno\n|-damage|p2a: Inferno|23\/100\n|-start|p2a: Inferno|Syrup Bomb\n|\n|-unboost|p2a: Inferno|spe|1\n|-unboost|p2b: Michel|spe|1\n|-ability|p2a: Inferno|Speed Boost|boost\n|-boost|p2a: Inferno|spe|1\n|upkeep\n|turn|7\n|\n|t:|1695161201\n|switch|p2b: Livie|Dusknoir, F|100\/100\n|-item|p1a: Dipplin|Eviolite|[from] ability: Frisk|[of] p2b: Livie|[identify]\n|move|p2a: Inferno|Protect|p2a: Inferno\n|-singleturn|p2a: Inferno|Protect\n|move|p1b: Ogerpon|Play Rough|p2a: Inferno\n|-activate|p2a: Inferno|move: Protect\n|move|p1a: Dipplin|Draco Meteor|p2b: Livie\n|-damage|p2b: Livie|68\/100\n|-unboost|p1a: Dipplin|spa|2\n|\n|-unboost|p2a: Inferno|spe|1\n|-ability|p2a: Inferno|Speed Boost|boost\n|-boost|p2a: Inferno|spe|1\n|upkeep\n|turn|8\n|\n|t:|1695161221\n|move|p2a: Inferno|Flare Blitz|p1b: Ogerpon\n|-supereffective|p1b: Ogerpon\n|-damage|p1b: Ogerpon|0 fnt\n|faint|p1b: Ogerpon\n|-damage|p2a: Inferno|0 fnt|[from] Recoil\n|faint|p2a: Inferno\n|move|p1a: Dipplin|Syrup Bomb|p2b: Livie\n|-damage|p2b: Livie|60\/100\n|-start|p2b: Livie|Syrup Bomb\n|move|p2b: Livie|Trick Room|p2b: Livie\n|-fieldstart|move: Trick Room|[of] p2b: Livie\n|\n|-unboost|p2b: Livie|spe|1\n|upkeep\n|\n|t:|1695161234\n|switch|p2a: Winry|Blissey, F|100\/100\n|switch|p1b: Gliscor|Gliscor, M|100\/100\n|turn|9\n|\n|t:|1695161244\n|move|p2b: Livie|Will-O-Wisp|p1b: Gliscor|[miss]\n|-miss|p2b: Livie|p1b: Gliscor\n|move|p1a: Dipplin|Syrup Bomb|p2a: Winry\n|-damage|p2a: Winry|97\/100\n|-start|p2a: Winry|Syrup Bomb\n|move|p2a: Winry|Heal Pulse|p2b: Livie\n|-heal|p2b: Livie|100\/100\n|move|p1b: Gliscor|Rock Slide|p2b: Livie|[spread] p2a,p2b\n|-damage|p2a: Winry|82\/100\n|-damage|p2b: Livie|87\/100\n|\n|-heal|p2a: Winry|88\/100|[from] item: Leftovers\n|-unboost|p2b: Livie|spe|1\n|-unboost|p2a: Winry|spe|1\n|-status|p1b: Gliscor|tox|[from] item: Toxic Orb\n|upkeep\n|turn|10\n|inactive|Beecomb has 120 seconds left.\n|\n|t:|1695161278\n|move|p2b: Livie|Shadow Punch|p1a: Dipplin\n|-crit|p1a: Dipplin\n|-damage|p1a: Dipplin|81\/100\n|move|p2a: Winry|Chilling Water|p1b: Gliscor\n|-supereffective|p1b: Gliscor\n|-damage|p1b: Gliscor|72\/100 tox\n|-unboost|p1b: Gliscor|atk|1\n|move|p1a: Dipplin|Giga Drain|p2b: Livie\n|-crit|p2b: Livie\n|-damage|p2b: Livie|56\/100\n|-heal|p1a: Dipplin|96\/100|[from] drain|[of] p2b: Livie\n|move|p1b: Gliscor|Dual Wingbeat|p2a: Winry\n|-damage|p2a: Winry|78\/100\n|-damage|p2a: Winry|68\/100\n|-hitcount|p2a: Winry|2\n|\n|-heal|p2a: Winry|74\/100|[from] item: Leftovers\n|-heal|p1b: Gliscor|84\/100 tox|[from] ability: Poison Heal\n|-end|p2b: Livie|Syrup Bomb\n|-unboost|p2a: Winry|spe|1\n|upkeep\n|turn|11\n|\n|t:|1695161300\n|move|p2b: Livie|Will-O-Wisp|p1a: Dipplin\n|-status|p1a: Dipplin|brn\n|move|p2a: Winry|Heal Pulse|p2b: Livie\n|-heal|p2b: Livie|100\/100\n|move|p1a: Dipplin|Giga Drain|p2b: Livie\n|-damage|p2b: Livie|91\/100\n|-heal|p1a: Dipplin|99\/100 brn|[from] drain|[of] p2b: Livie\n|move|p1b: Gliscor|Rock Slide|p2a: Winry|[spread] p2a,p2b\n|-damage|p2a: Winry|65\/100\n|-damage|p2b: Livie|81\/100\n|\n|-heal|p2a: Winry|71\/100|[from] item: Leftovers\n|-heal|p1b: Gliscor|96\/100 tox|[from] ability: Poison Heal\n|-damage|p1a: Dipplin|94\/100 brn|[from] brn\n|-end|p2a: Winry|Syrup Bomb\n|upkeep\n|turn|12\n|\n|t:|1695161318\n|move|p2b: Livie|Shadow Punch|p1a: Dipplin\n|-damage|p1a: Dipplin|81\/100 brn\n|move|p2a: Winry|Chilling Water|p1b: Gliscor\n|-supereffective|p1b: Gliscor\n|-damage|p1b: Gliscor|66\/100 tox\n|-unboost|p1b: Gliscor|atk|1\n|move|p1a: Dipplin|Syrup Bomb|p2a: Winry\n|-damage|p2a: Winry|67\/100\n|-start|p2a: Winry|Syrup Bomb\n|move|p1b: Gliscor|Rock Slide|p2b: Livie|[spread] p2a,p2b\n|-damage|p2a: Winry|61\/100\n|-damage|p2b: Livie|73\/100\n|\n|-heal|p2a: Winry|67\/100|[from] item: Leftovers\n|-heal|p1b: Gliscor|79\/100 tox|[from] ability: Poison Heal\n|-damage|p1a: Dipplin|75\/100 brn|[from] brn\n|-unboost|p2a: Winry|spe|1\n|-fieldend|move: Trick Room\n|upkeep\n|turn|13\n|\n|t:|1695161338\n|move|p1b: Gliscor|Rock Slide|p2b: Livie|[spread] p2b\n|-miss|p1b: Gliscor|p2a: Winry\n|-damage|p2b: Livie|66\/100\n|move|p1a: Dipplin|Giga Drain|p2a: Winry\n|-damage|p2a: Winry|62\/100\n|-heal|p1a: Dipplin|81\/100 brn|[from] drain|[of] p2a: Winry\n|move|p2a: Winry|Chilling Water|p1b: Gliscor\n|-supereffective|p1b: Gliscor\n|-damage|p1b: Gliscor|50\/100 tox\n|-unboost|p1b: Gliscor|atk|1\n|move|p2b: Livie|Trick Room|p2b: Livie\n|-fieldstart|move: Trick Room|[of] p2b: Livie\n|\n|-heal|p2a: Winry|69\/100|[from] item: Leftovers\n|-heal|p1b: Gliscor|62\/100 tox|[from] ability: Poison Heal\n|-damage|p1a: Dipplin|75\/100 brn|[from] brn\n|-unboost|p2a: Winry|spe|1\n|upkeep\n|turn|14\n|\n|t:|1695161362\n|move|p2a: Winry|Chilling Water|p1b: Gliscor\n|-supereffective|p1b: Gliscor\n|-damage|p1b: Gliscor|35\/100 tox\n|-unboost|p1b: Gliscor|atk|1\n|move|p2b: Livie|Shadow Punch|p1a: Dipplin\n|-damage|p1a: Dipplin|62\/100 brn\n|move|p1a: Dipplin|Giga Drain|p2a: Winry\n|-damage|p2a: Winry|64\/100\n|-heal|p1a: Dipplin|67\/100 brn|[from] drain|[of] p2a: Winry\n|move|p1b: Gliscor|Rock Slide|p2a: Winry|[spread] p2a,p2b\n|-damage|p2a: Winry|60\/100\n|-damage|p2b: Livie|61\/100\n|\n|-heal|p2a: Winry|66\/100|[from] item: Leftovers\n|-heal|p1b: Gliscor|48\/100 tox|[from] ability: Poison Heal\n|-damage|p1a: Dipplin|61\/100 brn|[from] brn\n|-end|p2a: Winry|Syrup Bomb\n|upkeep\n|turn|15\n|-message|Beecomb forfeited.\n|\n|win|El Ryuk456\n|raw|Beecomb's rating: 1048 &rarr; <strong>1042<\/strong><br \/>(-6 for losing)\n|raw|El Ryuk456's rating: 1328 &rarr; <strong>1335<\/strong><br \/>(+7 for winning)\n|l|\u2606Beecomb\n","uploadtime":1695161374,"views":5,"p1id":"beecomb","p2id":"elryuk456","formatid":"gen9nationaldexdoubles","rating":1042,"private":0,"password":""}