{"id":"gen9nationaldexdoubles-1972914267","p1":"ZeFlowerDemon","p2":"ChipsSinSonido","format":"[Gen 9] National Dex Doubles","log":"|j|\u2606ZeFlowerDemon\n|j|\u2606ChipsSinSonido\n|t:|1697908419\n|gametype|doubles\n|player|p1|ZeFlowerDemon|roxie|1042\n|player|p2|ChipsSinSonido|hilbert-wonderlauncher|1000\n|teamsize|p1|6\n|teamsize|p2|6\n|gen|9\n|tier|[Gen 9] National Dex Doubles\n|rated|\n|rule|HP Percentage Mod: HP is shown in percentages\n|rule|Endless Battle Clause: Forcing endless battles is banned\n|rule|OHKO Clause: OHKO moves are banned\n|rule|Evasion Moves Clause: Evasion moves are banned\n|rule|Evasion Abilities Clause: Evasion abilities are banned\n|rule|Species Clause: Limit one of each Pok\u00e9mon\n|rule|Gravity Sleep Clause: The combination of sleep-inducing moves with imperfect accuracy and Gravity or Gigantamax Orbeetle are banned\n|clearpoke\n|poke|p1|Breloom, M|\n|poke|p1|Toxtricity, F|\n|poke|p1|Scolipede, M|\n|poke|p1|Grafaiai, M|\n|poke|p1|Ceruledge, F|\n|poke|p1|Gliscor, M|\n|poke|p2|Blaziken, M|\n|poke|p2|Tapu Koko|\n|poke|p2|Togekiss, M|\n|poke|p2|Landorus-Therian, M|\n|poke|p2|Garchomp, F|\n|poke|p2|Swampert, M|\n|teampreview\n|\n|t:|1697908456\n|start\n|switch|p1a: Ceps|Breloom, M|100\/100\n|switch|p1b: Scolipede|Scolipede, M|100\/100\n|switch|p2a: Togekiss|Togekiss, M|100\/100\n|switch|p2b: Blaziken|Blaziken, M|100\/100\n|turn|1\n|\n|t:|1697908490\n|switch|p1a: Shogun|Gliscor, M|100\/100\n|move|p1b: Scolipede|Poison Jab|p2a: Togekiss\n|-supereffective|p2a: Togekiss\n|-damage|p2a: Togekiss|6\/100\n|move|p2a: Togekiss|Drain Punch|p1b: Scolipede\n|-resisted|p1b: Scolipede\n|-damage|p1b: Scolipede|96\/100\n|-heal|p2a: Togekiss|8\/100|[from] drain|[of] p1b: Scolipede\n|move|p2b: Blaziken|Blaze Kick|p1a: Shogun\n|-crit|p1a: Shogun\n|-damage|p1a: Shogun|44\/100\n|\n|-heal|p1a: Shogun|50\/100|[from] item: Leftovers\n|upkeep\n|turn|2\n|\n|t:|1697908520\n|move|p1b: Scolipede|Toxic|p1a: Shogun\n|-status|p1a: Shogun|tox\n|move|p1a: Shogun|Toxic Spikes|p2a: Togekiss\n|-sidestart|p2: ChipsSinSonido|move: Toxic Spikes\n|move|p2a: Togekiss|Extrasensory|p1b: Scolipede\n|-supereffective|p1b: Scolipede\n|-damage|p1b: Scolipede|2\/100\n|move|p2b: Blaziken|Blaze Kick|p1a: Shogun\n|-damage|p1a: Shogun|8\/100 tox\n|\n|-heal|p1a: Shogun|15\/100 tox|[from] item: Leftovers\n|-heal|p1a: Shogun|27\/100 tox|[from] ability: Poison Heal\n|upkeep\n|turn|3\n|\n|t:|1697908550\n|move|p1b: Scolipede|Poison Jab|p2a: Togekiss\n|-supereffective|p2a: Togekiss\n|-damage|p2a: Togekiss|0 fnt\n|faint|p2a: Togekiss\n|move|p1a: Shogun|Crabhammer|p2b: Blaziken\n|-supereffective|p2b: Blaziken\n|-crit|p2b: Blaziken\n|-damage|p2b: Blaziken|0 fnt\n|faint|p2b: Blaziken\n|\n|-heal|p1a: Shogun|33\/100 tox|[from] item: Leftovers\n|-heal|p1a: Shogun|46\/100 tox|[from] ability: Poison Heal\n|upkeep\n|\n|t:|1697908565\n|switch|p2a: Tapu Koko|Tapu Koko|100\/100\n|switch|p2b: Garchomp|Garchomp, F|100\/100\n|-status|p2a: Tapu Koko|psn\n|-fieldstart|move: Electric Terrain|[from] ability: Electric Surge|[of] p2a: Tapu Koko\n|-status|p2b: Garchomp|psn\n|turn|4\n|\n|t:|1697908587\n|move|p1b: Scolipede|Hex|p2a: Tapu Koko\n|-damage|p2a: Tapu Koko|80\/100 psn\n|move|p2a: Tapu Koko|Acrobatics|p1b: Scolipede\n|-supereffective|p1b: Scolipede\n|-damage|p1b: Scolipede|0 fnt\n|faint|p1b: Scolipede\n|move|p1a: Shogun|Crabhammer|p2b: Garchomp\n|-damage|p2b: Garchomp|79\/100 psn\n|-damage|p1a: Shogun|33\/100 tox|[from] ability: Rough Skin|[of] p2b: Garchomp\n|move|p2b: Garchomp|Draco Meteor|p1a: Shogun\n|-damage|p1a: Shogun|0 fnt\n|-unboost|p2b: Garchomp|spa|2\n|faint|p1a: Shogun\n|\n|-damage|p2a: Tapu Koko|67\/100 psn|[from] psn\n|-damage|p2b: Garchomp|66\/100 psn|[from] psn\n|upkeep\n|\n|t:|1697908618\n|switch|p1b: Iduki|Toxtricity, F|100\/100\n|switch|p1a: Ceps|Breloom, M|100\/100\n|turn|5\n|\n|t:|1697908632\n|move|p2a: Tapu Koko|Acrobatics|p1b: Iduki\n|-resisted|p1b: Iduki\n|-damage|p1b: Iduki|89\/100\n|move|p2b: Garchomp|Earthquake|p1b: Iduki|[spread] p2a,p1a,p1b\n|-supereffective|p2a: Tapu Koko\n|-resisted|p1a: Ceps\n|-supereffective|p1b: Iduki\n|-damage|p2a: Tapu Koko|0 fnt\n|-damage|p1a: Ceps|82\/100\n|-damage|p1b: Iduki|0 fnt\n|faint|p2a: Tapu Koko\n|faint|p1b: Iduki\n|move|p1a: Ceps|Mega Drain|p2b: Garchomp\n|-damage|p2b: Garchomp|56\/100 psn\n|-heal|p1a: Ceps|90\/100|[from] drain|[of] p2b: Garchomp\n|\n|-damage|p2b: Garchomp|43\/100 psn|[from] psn\n|upkeep\n|\n|t:|1697908648\n|switch|p2a: Landorus|Landorus-Therian, M|100\/100\n|switch|p1b: Grafaiai|Grafaiai, M|100\/100\n|-ability|p2a: Landorus|Intimidate|boost\n|-unboost|p1a: Ceps|atk|1\n|-unboost|p1b: Grafaiai|atk|1\n|turn|6\n|\n|t:|1697908665\n|move|p1b: Grafaiai|Knock Off|p2b: Garchomp\n|-damage|p2b: Garchomp|33\/100 psn\n|-damage|p1b: Grafaiai|88\/100|[from] ability: Rough Skin|[of] p2b: Garchomp\n|move|p2b: Garchomp|Dragon Claw|p1a: Ceps\n|-damage|p1a: Ceps|50\/100\n|move|p2a: Landorus|Extrasensory|p1b: Grafaiai\n|-supereffective|p1b: Grafaiai\n|-damage|p1b: Grafaiai|0 fnt\n|faint|p1b: Grafaiai\n|move|p1a: Ceps|Bulk Up|p1a: Ceps\n|-boost|p1a: Ceps|atk|1\n|-boost|p1a: Ceps|def|1\n|\n|-damage|p2b: Garchomp|20\/100 psn|[from] psn\n|upkeep\n|\n|t:|1697908684\n|switch|p1b: Zero|Ceruledge, F|100\/100\n|turn|7\n|\n|t:|1697908707\n|move|p1b: Zero|Night Shade|p2a: Landorus\n|-damage|p2a: Landorus|71\/100\n|move|p2a: Landorus|Extrasensory|p1b: Zero\n|-damage|p1b: Zero|77\/100\n|move|p1a: Ceps|Drain Punch|p2b: Garchomp\n|-damage|p2b: Garchomp|0 fnt\n|-heal|p1a: Ceps|65\/100|[from] drain|[of] p2b: Garchomp\n|-damage|p1a: Ceps|53\/100|[from] ability: Rough Skin|[of] p2b: Garchomp\n|faint|p2b: Garchomp\n|\n|upkeep\n|\n|t:|1697908721\n|switch|p2b: Swampert|Swampert, M|100\/100\n|-status|p2b: Swampert|psn\n|turn|8\n|\n|t:|1697908737\n|move|p1b: Zero|Swords Dance|p1b: Zero\n|-boost|p1b: Zero|atk|2\n|move|p2a: Landorus|Earthquake|p1b: Zero|[spread] p2b,p1a,p1b\n|-resisted|p1a: Ceps\n|-supereffective|p1b: Zero\n|-damage|p2b: Swampert|65\/100 psn\n|-damage|p1a: Ceps|41\/100\n|-damage|p1b: Zero|0 fnt\n|faint|p1b: Zero\n|move|p2b: Swampert|Earthquake|p1a: Ceps|[spread] p1a\n|-immune|p2a: Landorus\n|-resisted|p1a: Ceps\n|-damage|p1a: Ceps|30\/100\n|move|p1a: Ceps|Mega Drain|p2b: Swampert\n|-supereffective|p2b: Swampert\n|-damage|p2b: Swampert|19\/100 psn\n|-heal|p1a: Ceps|61\/100|[from] drain|[of] p2b: Swampert\n|\n|-damage|p2b: Swampert|6\/100 psn|[from] psn\n|-fieldend|move: Electric Terrain\n|upkeep\n|turn|9\n|\n|t:|1697908762\n|move|p2a: Landorus|Iron Tail|p1a: Ceps\n|-damage|p1a: Ceps|39\/100\n|-unboost|p1a: Ceps|def|1\n|-status|p2a: Landorus|slp|[from] ability: Effect Spore|[of] p1a: Ceps\n|move|p2b: Swampert|Ancient Power|p1a: Ceps\n|-resisted|p1a: Ceps\n|-damage|p1a: Ceps|24\/100\n|-boost|p2b: Swampert|atk|1\n|-boost|p2b: Swampert|def|1\n|-boost|p2b: Swampert|spa|1\n|-boost|p2b: Swampert|spd|1\n|-boost|p2b: Swampert|spe|1\n|move|p1a: Ceps|Mega Drain|p2a: Landorus\n|-damage|p2a: Landorus|61\/100 slp\n|-heal|p1a: Ceps|31\/100|[from] drain|[of] p2a: Landorus\n|\n|-damage|p2b: Swampert|0 fnt|[from] psn\n|faint|p2b: Swampert\n|upkeep\n|turn|10\n|\n|t:|1697908792\n|cant|p2a: Landorus|slp\n|move|p1a: Ceps|Bulk Up|p1a: Ceps\n|-boost|p1a: Ceps|atk|1\n|-boost|p1a: Ceps|def|1\n|\n|upkeep\n|turn|11\n|\n|t:|1697908806\n|-terastallize|p2a: Landorus|Ground\n|-curestatus|p2a: Landorus|slp|[msg]\n|move|p2a: Landorus|Crunch|p1a: Ceps\n|-resisted|p1a: Ceps\n|-damage|p1a: Ceps|22\/100\n|move|p1a: Ceps|Bulk Up|p1a: Ceps\n|-boost|p1a: Ceps|atk|1\n|-boost|p1a: Ceps|def|1\n|\n|upkeep\n|turn|12\n|\n|t:|1697908821\n|move|p2a: Landorus|Earthquake|p1a: Ceps\n|-resisted|p1a: Ceps\n|-damage|p1a: Ceps|4\/100\n|move|p1a: Ceps|Mega Drain|p2a: Landorus\n|-supereffective|p2a: Landorus\n|-damage|p2a: Landorus|39\/100\n|-heal|p1a: Ceps|18\/100|[from] drain|[of] p2a: Landorus\n|\n|upkeep\n|turn|13\n|\n|t:|1697908832\n|move|p2a: Landorus|Earthquake|p1a: Ceps\n|-resisted|p1a: Ceps\n|-crit|p1a: Ceps\n|-damage|p1a: Ceps|0 fnt\n|faint|p1a: Ceps\n|\n|win|ChipsSinSonido\n|raw|ZeFlowerDemon's rating: 1042 &rarr; <strong>1024<\/strong><br \/>(-18 for losing)\n|raw|ChipsSinSonido's rating: 1000 &rarr; <strong>1045<\/strong><br \/>(+45 for winning)\n","uploadtime":1697908845,"views":5,"p1id":"zeflowerdemon","p2id":"chipssinsonido","formatid":"gen9nationaldexdoubles","rating":1024,"private":0,"password":""}