{"id":"gen9nationaldexdoubles-1982190357","p1":"EveryDayWeSin","p2":"ERBESTIONE","format":"[Gen 9] National Dex Doubles","log":"|j|\u2606EveryDayWeSin\n|j|\u2606ERBESTIONE\n|t:|1698977341\n|gametype|doubles\n|player|p1|EveryDayWeSin|dancer|1027\n|player|p2|ERBESTIONE|pokemaniac|1074\n|teamsize|p1|6\n|teamsize|p2|6\n|gen|9\n|tier|[Gen 9] National Dex Doubles\n|rated|\n|rule|HP Percentage Mod: HP is shown in percentages\n|rule|Endless Battle Clause: Forcing endless battles is banned\n|rule|OHKO Clause: OHKO moves are banned\n|rule|Evasion Moves Clause: Evasion moves are banned\n|rule|Evasion Abilities Clause: Evasion abilities are banned\n|rule|Species Clause: Limit one of each Pok\u00e9mon\n|rule|Gravity Sleep Clause: The combination of sleep-inducing moves with imperfect accuracy and Gravity or Gigantamax Orbeetle are banned\n|clearpoke\n|poke|p1|Volcarona, M|\n|poke|p1|Scizor, F|\n|poke|p1|Golisopod, F|\n|poke|p1|Scolipede, M|\n|poke|p1|Centiskorch, F|\n|poke|p1|Leavanny, M|\n|poke|p2|Slowking-Galar, M|\n|poke|p2|Greninja-*, M|\n|poke|p2|Sinistcha|\n|poke|p2|Dondozo, F|\n|poke|p2|Chi-Yu|\n|poke|p2|Murkrow, F|\n|teampreview\n|inactive|Battle timer is ON: inactive players will automatically lose when time's up. (requested by EveryDayWeSin)\n|\n|t:|1698977365\n|start\n|switch|p1a: Leavanny|Leavanny, M|100\/100\n|switch|p1b: Volcarona|Volcarona, M|100\/100\n|switch|p2a: Slowking|Slowking-Galar, M|100\/100\n|switch|p2b: Murkrow|Murkrow, F|100\/100\n|-clearboost|p2b: Murkrow|[from] ability: Curious Medicine|[of] p2a: Slowking\n|turn|1\n|\n|t:|1698977387\n|-terastallize|p1a: Leavanny|Fire\n|move|p2b: Murkrow|Tailwind|p2b: Murkrow\n|-sidestart|p2: ERBESTIONE|move: Tailwind\n|move|p1b: Volcarona|Sunny Day|p1b: Volcarona\n|-weather|SunnyDay\n|move|p1a: Leavanny|Swords Dance|p1a: Leavanny\n|-boost|p1a: Leavanny|atk|2\n|move|p2a: Slowking|Scald|p1b: Volcarona\n|-supereffective|p1b: Volcarona\n|-damage|p1b: Volcarona|75\/100\n|\n|-weather|SunnyDay|[upkeep]\n|upkeep\n|turn|2\n|\n|t:|1698977401\n|move|p2b: Murkrow|Haze|p2b: Murkrow\n|-clearallboost\n|move|p1a: Leavanny|Tera Blast|p2a: Slowking|[anim] Tera Blast Fire\n|-damage|p2a: Slowking|42\/100\n|move|p1b: Volcarona|Quiver Dance|p1b: Volcarona\n|-boost|p1b: Volcarona|spa|1\n|-boost|p1b: Volcarona|spd|1\n|-boost|p1b: Volcarona|spe|1\n|move|p2a: Slowking|Scald|p1a: Leavanny\n|-supereffective|p1a: Leavanny\n|-damage|p1a: Leavanny|65\/100\n|\n|-weather|SunnyDay|[upkeep]\n|-heal|p1a: Leavanny|72\/100|[from] item: Leftovers\n|upkeep\n|turn|3\n|inactive|EveryDayWeSin has 120 seconds left.\n|inactive|ERBESTIONE has 120 seconds left.\n|\n|t:|1698977440\n|switch|p2b: LucarioLikesLemons|Sinistcha|100\/100\n|-heal|p2a: Slowking|67\/100|[from] ability: Hospitality|[of] p2b: LucarioLikesLemons\n|move|p1a: Leavanny|Tera Blast|p2b: LucarioLikesLemons|[anim] Tera Blast Fire\n|-supereffective|p2b: LucarioLikesLemons\n|-damage|p2b: LucarioLikesLemons|11\/100\n|move|p1b: Volcarona|Flamethrower|p2a: Slowking\n|-damage|p2a: Slowking|1\/100\n|-status|p2a: Slowking|brn\n|move|p2a: Slowking|Sludge Wave|p1b: Volcarona|[spread] p2b,p1a,p1b\n|-damage|p2b: LucarioLikesLemons|0 fnt\n|-damage|p1a: Leavanny|20\/100\n|-damage|p1b: Volcarona|50\/100\n|faint|p2b: LucarioLikesLemons\n|\n|-weather|SunnyDay|[upkeep]\n|-heal|p1a: Leavanny|26\/100|[from] item: Leftovers\n|-damage|p2a: Slowking|0 fnt|[from] brn\n|faint|p2a: Slowking\n|upkeep\n|\n|t:|1698977456\n|switch|p2b: Chi-Yu|Chi-Yu|100\/100\n|switch|p2a: Greninja|Greninja, M|100\/100\n|-ability|p2b: Chi-Yu|Beads of Ruin\n|turn|4\n|inactive|ERBESTIONE has 120 seconds left.\n|\n|t:|1698977474\n|move|p2a: Greninja|Mat Block|p2a: Greninja\n|-start|p2a: Greninja|typechange|Fighting|[from] ability: Protean\n|-singleturn|p2a: Greninja|Mat Block\n|move|p2b: Chi-Yu|Overheat|p1b: Volcarona\n|-damage|p1b: Volcarona|0 fnt\n|-unboost|p2b: Chi-Yu|spa|2\n|faint|p1b: Volcarona\n|move|p1a: Leavanny|Trailblaze|p2a: Greninja\n|-activate|p2a: Greninja|move: Mat Block|Trailblaze\n|\n|-weather|SunnyDay|[upkeep]\n|-heal|p1a: Leavanny|32\/100|[from] item: Leftovers\n|-sideend|p2: ERBESTIONE|move: Tailwind\n|upkeep\n|\n|t:|1698977480\n|switch|p1b: Scizor|Scizor, F|100\/100\n|turn|5\n|\n|t:|1698977497\n|detailschange|p1b: Scizor|Scizor-Mega, F\n|-mega|p1b: Scizor|Scizor|Scizorite\n|move|p1a: Leavanny|Trailblaze|p2a: Greninja\n|-damage|p2a: Greninja|68\/100\n|-boost|p1a: Leavanny|spe|1\n|move|p2a: Greninja|Dark Pulse|p1a: Leavanny\n|-damage|p1a: Leavanny|0 fnt\n|faint|p1a: Leavanny\n|move|p2b: Chi-Yu|Overheat|p1b: Scizor\n|-supereffective|p1b: Scizor\n|-damage|p1b: Scizor|0 fnt\n|-unboost|p2b: Chi-Yu|spa|2\n|faint|p1b: Scizor\n|\n|-weather|SunnyDay|[upkeep]\n|upkeep\n|\n|t:|1698977507\n|switch|p1a: Scolipede|Scolipede, M|100\/100\n|switch|p1b: Centiskorch|Centiskorch, F|100\/100\n|turn|6\n|inactive|EveryDayWeSin has 120 seconds left.\n|\n|t:|1698977541\n|move|p2a: Greninja|Haze|p2a: Greninja\n|-clearallboost\n|move|p2b: Chi-Yu|Overheat|p1a: Scolipede|[miss]\n|-miss|p2b: Chi-Yu|p1a: Scolipede\n|move|p1a: Scolipede|Swords Dance|p1a: Scolipede\n|-boost|p1a: Scolipede|atk|2\n|move|p1b: Centiskorch|Knock Off|p2a: Greninja\n|-resisted|p2a: Greninja\n|-damage|p2a: Greninja|46\/100\n|-enditem|p2a: Greninja|Heavy-Duty Boots|[from] move: Knock Off|[of] p1b: Centiskorch\n|\n|-weather|SunnyDay|[upkeep]\n|-ability|p1a: Scolipede|Speed Boost|boost\n|-boost|p1a: Scolipede|spe|1\n|upkeep\n|turn|7\n|\n|t:|1698977561\n|move|p1a: Scolipede|Aqua Tail|p2b: Chi-Yu\n|-supereffective|p2b: Chi-Yu\n|-damage|p2b: Chi-Yu|2\/100\n|move|p2a: Greninja|Haze|p2a: Greninja\n|-clearallboost\n|move|p2b: Chi-Yu|Overheat|p1a: Scolipede\n|-supereffective|p1a: Scolipede\n|-damage|p1a: Scolipede|0 fnt\n|-unboost|p2b: Chi-Yu|spa|2\n|faint|p1a: Scolipede\n|move|p1b: Centiskorch|Power Whip|p2a: Greninja\n|-damage|p2a: Greninja|0 fnt\n|faint|p2a: Greninja\n|\n|-weather|SunnyDay|[upkeep]\n|upkeep\n|\n|t:|1698977567\n|switch|p2a: Murkrow|Murkrow, F|100\/100\n|switch|p1a: Golisopod|Golisopod, F|100\/100\n|turn|8\n|\n|t:|1698977594\n|move|p1a: Golisopod|First Impression|p2a: Murkrow\n|-damage|p2a: Murkrow|40\/100\n|move|p2a: Murkrow|Haze|p2a: Murkrow\n|-clearallboost\n|move|p2b: Chi-Yu|Overheat|p1a: Golisopod\n|-damage|p1a: Golisopod|0 fnt\n|-unboost|p2b: Chi-Yu|spa|2\n|faint|p1a: Golisopod\n|move|p1b: Centiskorch|Knock Off|p2b: Chi-Yu\n|-resisted|p2b: Chi-Yu\n|-damage|p2b: Chi-Yu|0 fnt\n|-enditem|p2b: Chi-Yu|Choice Specs|[from] move: Knock Off|[of] p1b: Centiskorch\n|faint|p2b: Chi-Yu\n|\n|-weather|none\n|upkeep\n|\n|t:|1698977597\n|switch|p2b: Dondozo|Dondozo, F|100\/100\n|turn|9\n|\n|t:|1698977606\n|move|p2a: Murkrow|Roost|p2a: Murkrow\n|-heal|p2a: Murkrow|90\/100\n|-singleturn|p2a: Murkrow|move: Roost\n|move|p1b: Centiskorch|Power Whip|p2b: Dondozo|[miss]\n|-miss|p1b: Centiskorch|p2b: Dondozo\n|move|p2b: Dondozo|Yawn|p1b: Centiskorch\n|-start|p1b: Centiskorch|move: Yawn|[of] p2b: Dondozo\n|\n|upkeep\n|turn|10\n|\n|t:|1698977620\n|move|p2a: Murkrow|Sucker Punch|p1b: Centiskorch\n|-crit|p1b: Centiskorch\n|-damage|p1b: Centiskorch|66\/100\n|move|p1b: Centiskorch|Power Whip|p2b: Dondozo\n|-supereffective|p2b: Dondozo\n|-damage|p2b: Dondozo|56\/100\n|move|p2b: Dondozo|Tickle|p1b: Centiskorch\n|-unboost|p1b: Centiskorch|atk|1\n|-unboost|p1b: Centiskorch|def|1\n|\n|-heal|p2b: Dondozo|62\/100|[from] item: Leftovers\n|-end|p1b: Centiskorch|move: Yawn|[silent]\n|-status|p1b: Centiskorch|slp\n|upkeep\n|turn|11\n|inactive|EveryDayWeSin has 120 seconds left.\n|inactive|EveryDayWeSin has 90 seconds left.\n|inactive|EveryDayWeSin has 60 seconds left.\n|\n|t:|1698977715\n|move|p2a: Murkrow|Sucker Punch|p1b: Centiskorch\n|-damage|p1b: Centiskorch|34\/100 slp\n|cant|p1b: Centiskorch|slp\n|move|p2b: Dondozo|Tickle|p1b: Centiskorch\n|-unboost|p1b: Centiskorch|atk|1\n|-unboost|p1b: Centiskorch|def|1\n|\n|-heal|p2b: Dondozo|69\/100|[from] item: Leftovers\n|upkeep\n|turn|12\n|-message|EveryDayWeSin forfeited.\n|\n|win|ERBESTIONE\n|raw|EveryDayWeSin's rating: 1027 &rarr; <strong>1015<\/strong><br \/>(-12 for losing)\n|raw|ERBESTIONE's rating: 1074 &rarr; <strong>1099<\/strong><br \/>(+25 for winning)\n|l|\u2606EveryDayWeSin\n","uploadtime":1698977877,"views":5,"p1id":"everydaywesin","p2id":"erbestione","formatid":"gen9nationaldexdoubles","rating":1015,"private":0,"password":""}