{"id":"gen9nationaldexdoubles-1971901423","p1":"VoIcanion","p2":"ReZisTLust","format":"[Gen 9] National Dex Doubles","log":"|j|\u2606VoIcanion\n|j|\u2606ReZisTLust\n|t:|1697789441\n|gametype|doubles\n|player|p1|VoIcanion|n|1000\n|player|p2|ReZisTLust|backersf|1050\n|teamsize|p1|6\n|teamsize|p2|6\n|gen|9\n|tier|[Gen 9] National Dex Doubles\n|rated|\n|rule|HP Percentage Mod: HP is shown in percentages\n|rule|Endless Battle Clause: Forcing endless battles is banned\n|rule|OHKO Clause: OHKO moves are banned\n|rule|Evasion Moves Clause: Evasion moves are banned\n|rule|Evasion Abilities Clause: Evasion abilities are banned\n|rule|Species Clause: Limit one of each Pok\u00e9mon\n|rule|Gravity Sleep Clause: The combination of sleep-inducing moves with imperfect accuracy and Gravity or Gigantamax Orbeetle are banned\n|clearpoke\n|poke|p1|Drapion, F|\n|poke|p1|Alcremie, F|\n|poke|p1|Shaymin-Sky|\n|poke|p1|Stakataka|\n|poke|p1|Kartana|\n|poke|p1|Incineroar, F|\n|poke|p2|Sharpedo, M|\n|poke|p2|Bastiodon, M|\n|poke|p2|Shieldon, F|\n|poke|p2|Houndoom, M|\n|poke|p2|Gardevoir, M|\n|poke|p2|Meloetta|\n|teampreview\n|c|\u2606VoIcanion|ooo\n|c|\u2606VoIcanion|i love houndoom :>\n|\n|t:|1697789472\n|start\n|switch|p1a: Drapion|Drapion, F|100\/100\n|switch|p1b: Shaymin|Shaymin-Sky|100\/100\n|switch|p2a: Bastiodon|Bastiodon, M|100\/100\n|switch|p2b: Shieldon|Shieldon, F, shiny|100\/100\n|turn|1\n|j| Half a castle\n|c|\u2606ReZisTLust|He is a  good boy\n|\n|t:|1697789505\n|move|p1b: Shaymin|Air Slash|p2b: Shieldon\n|-resisted|p2b: Shieldon\n|-damage|p2b: Shieldon|94\/100\n|move|p1a: Drapion|Toxic Spikes|p2b: Shieldon\n|-sidestart|p2: ReZisTLust|move: Toxic Spikes\n|cant|p2b: Shieldon|flinch\n|move|p2a: Bastiodon|Ice Beam|p1b: Shaymin\n|-supereffective|p1b: Shaymin\n|-damage|p1b: Shaymin|46\/100\n|\n|-heal|p1b: Shaymin|52\/100|[from] item: Leftovers\n|upkeep\n|turn|2\n|\n|t:|1697789521\n|move|p1b: Shaymin|Air Slash|p2a: Bastiodon\n|-resisted|p2a: Bastiodon\n|-damage|p2a: Bastiodon|95\/100\n|move|p1a: Drapion|Toxic Spikes|p2a: Bastiodon\n|-sidestart|p2: ReZisTLust|move: Toxic Spikes\n|move|p2b: Shieldon|Scary Face|p1b: Shaymin\n|-unboost|p1b: Shaymin|spe|2\n|cant|p2a: Bastiodon|flinch\n|\n|-heal|p1b: Shaymin|58\/100|[from] item: Leftovers\n|-heal|p2a: Bastiodon|100\/100|[from] item: Leftovers\n|upkeep\n|turn|3\n|\n|t:|1697789539\n|switch|p1b: Incineroar|Incineroar, F|100\/100\n|-ability|p1b: Incineroar|Intimidate|boost\n|-unboost|p2a: Bastiodon|atk|1\n|-unboost|p2b: Shieldon|atk|1\n|move|p1a: Drapion|Knock Off|p2b: Shieldon\n|-damage|p2b: Shieldon|66\/100\n|-enditem|p2b: Shieldon|Eviolite|[from] move: Knock Off|[of] p1a: Drapion\n|move|p2b: Shieldon|Scary Face|p1b: Incineroar\n|-unboost|p1b: Incineroar|spe|2\n|move|p2a: Bastiodon|Ice Beam|p1b: Incineroar\n|-resisted|p1b: Incineroar\n|-damage|p1b: Incineroar|94\/100\n|\n|-heal|p1b: Incineroar|99\/100|[from] item: Leftovers\n|upkeep\n|turn|4\n|l| Half a castle\n|\n|t:|1697789560\n|move|p1a: Drapion|Poison Jab|p2b: Shieldon\n|-immune|p2b: Shieldon\n|move|p1b: Incineroar|Swords Dance|p1b: Incineroar\n|-boost|p1b: Incineroar|atk|2\n|move|p2b: Shieldon|Stealth Rock|p1a: Drapion\n|-sidestart|p1: VoIcanion|move: Stealth Rock\n|move|p2a: Bastiodon|Toxic|p1b: Incineroar\n|-status|p1b: Incineroar|tox\n|\n|-heal|p1b: Incineroar|100\/100 tox|[from] item: Leftovers\n|-damage|p1b: Incineroar|94\/100 tox|[from] psn\n|upkeep\n|turn|5\n|\n|t:|1697789591\n|switch|p1a: Alcremie|Alcremie, F|100\/100\n|-damage|p1a: Alcremie|88\/100|[from] Stealth Rock\n|move|p1b: Incineroar|Flare Blitz|p2b: Shieldon\n|-crit|p2b: Shieldon\n|-damage|p2b: Shieldon|0 fnt\n|faint|p2b: Shieldon\n|-damage|p1b: Incineroar|79\/100 tox|[from] Recoil\n|move|p2a: Bastiodon|Roar|p1b: Incineroar\n|drag|p1b: Shaymin|Shaymin-Sky|58\/100\n|-damage|p1b: Shaymin|33\/100|[from] Stealth Rock\n|\n|-heal|p1b: Shaymin|40\/100|[from] item: Leftovers\n|-heal|p1a: Alcremie|94\/100|[from] item: Leftovers\n|upkeep\n|c|\u2606ReZisTLust|Lol critted the baby\n|\n|t:|1697789613\n|switch|p2b: Meloetta|Meloetta|100\/100\n|-status|p2b: Meloetta|tox\n|turn|6\n|c|\u2606VoIcanion|yea I didnt want him to live\n|\n|t:|1697789636\n|switch|p1b: Incineroar|Incineroar, F|79\/100 tox\n|-damage|p1b: Incineroar|54\/100 tox|[from] Stealth Rock\n|-ability|p1b: Incineroar|Intimidate|boost\n|-unboost|p2a: Bastiodon|atk|1\n|-unboost|p2b: Meloetta|atk|1\n|move|p2b: Meloetta|Snatch|p2b: Meloetta\n|-singleturn|p2b: Meloetta|Snatch\n|move|p1a: Alcremie|Decorate|p1b: Incineroar\n|-boost|p1b: Incineroar|atk|2\n|-boost|p1b: Incineroar|spa|2\n|move|p2a: Bastiodon|Ice Beam|p1b: Incineroar\n|-resisted|p1b: Incineroar\n|-damage|p1b: Incineroar|48\/100 tox\n|\n|-heal|p1b: Incineroar|54\/100 tox|[from] item: Leftovers\n|-heal|p1a: Alcremie|99\/100|[from] item: Leftovers\n|-damage|p1b: Incineroar|48\/100 tox|[from] psn\n|-damage|p2b: Meloetta|94\/100 tox|[from] psn\n|upkeep\n|turn|7\n|\n|t:|1697789658\n|move|p1b: Incineroar|Swords Dance|p1b: Incineroar\n|-boost|p1b: Incineroar|atk|2\n|move|p1a: Alcremie|Substitute|p1a: Alcremie\n|-start|p1a: Alcremie|Substitute\n|-damage|p1a: Alcremie|75\/100\n|move|p2b: Meloetta|Psyshock|p1a: Alcremie\n|-end|p1a: Alcremie|Substitute\n|move|p2a: Bastiodon|Roar|p1b: Incineroar\n|drag|p1b: Drapion|Drapion, F|100\/100\n|-damage|p1b: Drapion|88\/100|[from] Stealth Rock\n|\n|-heal|p1b: Drapion|94\/100|[from] item: Leftovers\n|-heal|p1a: Alcremie|81\/100|[from] item: Leftovers\n|-damage|p2b: Meloetta|82\/100 tox|[from] psn\n|upkeep\n|turn|8\n|c|\u2606VoIcanion|that bastiodon is very chill\n|c|\u2606VoIcanion|ONG\n|c|\u2606VoIcanion|i hate this\n|c|\u2606ReZisTLust|Lol his daughter set him up\n|\n|t:|1697789700\n|move|p1b: Drapion|Earthquake|p2a: Bastiodon|[spread] p1a,p2a,p2b\n|-supereffective|p2a: Bastiodon\n|-damage|p1a: Alcremie|56\/100\n|-damage|p2a: Bastiodon|49\/100\n|-damage|p2b: Meloetta|67\/100 tox\n|move|p1a: Alcremie|Energy Ball|p2a: Bastiodon\n|-damage|p2a: Bastiodon|33\/100\n|move|p2b: Meloetta|Thunder|p1a: Alcremie\n|-damage|p1a: Alcremie|30\/100\n|-status|p1a: Alcremie|par\n|move|p2a: Bastiodon|Roar|p1b: Drapion\n|drag|p1b: Stakataka|Stakataka|100\/100\n|-damage|p1b: Stakataka|94\/100|[from] Stealth Rock\n|\n|-heal|p1a: Alcremie|36\/100 par|[from] item: Leftovers\n|-heal|p2a: Bastiodon|39\/100|[from] item: Leftovers\n|-heal|p1b: Stakataka|100\/100|[from] item: Leftovers\n|-damage|p2b: Meloetta|48\/100 tox|[from] psn\n|upkeep\n|turn|9\n|\n|t:|1697789726\n|move|p2b: Meloetta|Focus Blast|p1b: Stakataka\n|-supereffective|p1b: Stakataka\n|-damage|p1b: Stakataka|0 fnt\n|faint|p1b: Stakataka\n|move|p1a: Alcremie|Recover|p1a: Alcremie\n|-heal|p1a: Alcremie|86\/100 par\n|move|p2a: Bastiodon|Ice Beam|p1a: Alcremie\n|-damage|p1a: Alcremie|76\/100 par\n|\n|-heal|p1a: Alcremie|82\/100 par|[from] item: Leftovers\n|-heal|p2a: Bastiodon|46\/100|[from] item: Leftovers\n|-damage|p2b: Meloetta|24\/100 tox|[from] psn\n|upkeep\n|\n|t:|1697789732\n|switch|p1b: Incineroar|Incineroar, F|48\/100 tox\n|-damage|p1b: Incineroar|23\/100 tox|[from] Stealth Rock\n|-ability|p1b: Incineroar|Intimidate|boost\n|-unboost|p2a: Bastiodon|atk|1\n|-unboost|p2b: Meloetta|atk|1\n|turn|10\n|\n|t:|1697789755\n|move|p1b: Incineroar|Earthquake|p2a: Bastiodon|[spread] p1a,p2a,p2b\n|-supereffective|p2a: Bastiodon\n|-crit|p2a: Bastiodon\n|-damage|p1a: Alcremie|51\/100 par\n|-damage|p2a: Bastiodon|0 fnt\n|-damage|p2b: Meloetta|5\/100 tox\n|faint|p2a: Bastiodon\n|move|p2b: Meloetta|Focus Blast|p1b: Incineroar|[miss]\n|-miss|p2b: Meloetta|p1b: Incineroar\n|move|p1a: Alcremie|Decorate|p1b: Incineroar\n|-boost|p1b: Incineroar|atk|2\n|-boost|p1b: Incineroar|spa|2\n|\n|-heal|p1b: Incineroar|30\/100 tox|[from] item: Leftovers\n|-heal|p1a: Alcremie|57\/100 par|[from] item: Leftovers\n|-damage|p1b: Incineroar|23\/100 tox|[from] psn\n|-damage|p2b: Meloetta|0 fnt|[from] psn\n|faint|p2b: Meloetta\n|upkeep\n|\n|t:|1697789773\n|switch|p2b: Sharpedo|Sharpedo, M|100\/100\n|switch|p2a: Gardevoir|Gardevoir, M, shiny|100\/100\n|-status|p2b: Sharpedo|tox\n|-status|p2a: Gardevoir|tox\n|turn|11\n|\n|t:|1697789803\n|detailschange|p2a: Gardevoir|Gardevoir-Mega, M, shiny\n|-mega|p2a: Gardevoir|Gardevoir|Gardevoirite\n|move|p1b: Incineroar|Earthquake|p2b: Sharpedo|[spread] p1a,p2a,p2b\n|-damage|p1a: Alcremie|0 fnt\n|-damage|p2a: Gardevoir|42\/100 tox\n|-damage|p2b: Sharpedo|15\/100 tox\n|faint|p1a: Alcremie\n|move|p2a: Gardevoir|Icy Wind|p1b: Incineroar|[miss]\n|-miss|p2a: Gardevoir|p1b: Incineroar\n|move|p2b: Sharpedo|Poison Jab|p1b: Incineroar\n|-damage|p1b: Incineroar|0 fnt\n|faint|p1b: Incineroar\n|\n|-damage|p2a: Gardevoir|36\/100 tox|[from] psn\n|-damage|p2b: Sharpedo|9\/100 tox|[from] psn\n|upkeep\n|\n|t:|1697789815\n|switch|p1b: Drapion|Drapion, F|94\/100\n|switch|p1a: Kartana|Kartana|100\/100\n|-damage|p1a: Kartana|94\/100|[from] Stealth Rock\n|-damage|p1b: Drapion|82\/100|[from] Stealth Rock\n|turn|12\n|\n|t:|1697789829\n|move|p1a: Kartana|Sacred Sword|p2b: Sharpedo\n|-supereffective|p2b: Sharpedo\n|-crit|p2b: Sharpedo\n|-damage|p2b: Sharpedo|0 fnt\n|-damage|p1a: Kartana|82\/100|[from] ability: Rough Skin|[of] p2b: Sharpedo\n|-damage|p1a: Kartana|65\/100|[from] item: Rocky Helmet|[of] p2b: Sharpedo\n|faint|p2b: Sharpedo\n|-ability|p1a: Kartana|Beast Boost|boost\n|-boost|p1a: Kartana|atk|1\n|move|p1b: Drapion|Poison Jab|p2a: Gardevoir\n|-supereffective|p2a: Gardevoir\n|-damage|p2a: Gardevoir|0 fnt\n|faint|p2a: Gardevoir\n|\n|-heal|p1b: Drapion|88\/100|[from] item: Leftovers\n|upkeep\n|c|\u2606ReZisTLust|Gg\n|\n|t:|1697789847\n|switch|p2a: Houndoom|Houndoom, M|100\/100\n|-status|p2a: Houndoom|tox\n|turn|13\n|c|\u2606VoIcanion|oh no\n|c|\u2606VoIcanion|i see a problem here I hope you dont notice\n|\n|t:|1697789869\n|-terastallize|p2a: Houndoom|Normal\n|move|p1a: Kartana|Sacred Sword|p2a: Houndoom\n|-supereffective|p2a: Houndoom\n|-crit|p2a: Houndoom\n|-damage|p2a: Houndoom|0 fnt\n|faint|p2a: Houndoom\n|\n|win|VoIcanion\n|raw|VoIcanion's rating: 1000 &rarr; <strong>1046<\/strong><br \/>(+46 for winning)\n|raw|ReZisTLust's rating: 1050 &rarr; <strong>1030<\/strong><br \/>(-20 for losing)\n|c|\u2606ReZisTLust|?\n|c|\u2606VoIcanion|good\n|c|\u2606VoIcanion|if u were faster\n|c|\u2606VoIcanion|u couldve won\n|c|\u2606ReZisTLust|What problem could there be with mutliple mons lol\n","uploadtime":1697789900,"views":18,"p1id":"voicanion","p2id":"rezistlust","formatid":"gen9nationaldexdoubles","rating":1030,"private":0,"password":""}