{"id":"gen9nationaldexdoubles-1959914386","p1":"zeref203","p2":"Alexjames99","format":"[Gen 9] National Dex Doubles","log":"|j|\u2606zeref203\n|j|\u2606Alexjames99\n|t:|1696468103\n|gametype|doubles\n|player|p1|zeref203|169|1140\n|player|p2|Alexjames99|acetrainer-gen4dp|1108\n|teamsize|p1|6\n|teamsize|p2|6\n|gen|9\n|tier|[Gen 9] National Dex Doubles\n|rated|\n|rule|HP Percentage Mod: HP is shown in percentages\n|rule|Endless Battle Clause: Forcing endless battles is banned\n|rule|OHKO Clause: OHKO moves are banned\n|rule|Evasion Moves Clause: Evasion moves are banned\n|rule|Evasion Abilities Clause: Evasion abilities are banned\n|rule|Species Clause: Limit one of each Pok\u00e9mon\n|rule|Gravity Sleep Clause: The combination of sleep-inducing moves with imperfect accuracy and Gravity or Gigantamax Orbeetle are banned\n|clearpoke\n|poke|p1|Great Tusk|\n|poke|p1|Ninetales, F|\n|poke|p1|Sableye, M|\n|poke|p1|Gardevoir, M|\n|poke|p1|Feraligatr, F|\n|poke|p1|Salamence, F|\n|poke|p2|Aggron, M|\n|poke|p2|Altaria, M|\n|poke|p2|Amoonguss, F|\n|poke|p2|Stonjourner, M|\n|poke|p2|Flamigo, M|\n|poke|p2|Alomomola, F|\n|teampreview\n|inactive|Battle timer is ON: inactive players will automatically lose when time's up. (requested by zeref203)\n|\n|t:|1696468109\n|start\n|switch|p1a: Ninetales|Ninetales, F|100\/100\n|switch|p1b: Sableye|Sableye, M|100\/100\n|switch|p2a: Amoonguss|Amoonguss, F, shiny|100\/100\n|switch|p2b: Aggron|Aggron, M, shiny|100\/100\n|-weather|SunnyDay|[from] ability: Drought|[of] p1a: Ninetales\n|turn|1\n|\n|t:|1696468123\n|detailschange|p2b: Aggron|Aggron-Mega, M, shiny\n|-mega|p2b: Aggron|Aggron|Aggronite\n|move|p2a: Amoonguss|Rage Powder|p2a: Amoonguss\n|-singleturn|p2a: Amoonguss|move: Rage Powder\n|move|p1b: Sableye|Will-O-Wisp|p2a: Amoonguss|[miss]\n|-miss|p1b: Sableye|p2a: Amoonguss\n|move|p1a: Ninetales|Heat Wave|p2a: Amoonguss|[spread] p2a,p2b\n|-supereffective|p2a: Amoonguss\n|-supereffective|p2b: Aggron\n|-damage|p2a: Amoonguss|35\/100\n|-damage|p2b: Aggron|22\/100\n|move|p2b: Aggron|Iron Defense|p2b: Aggron\n|-boost|p2b: Aggron|def|2\n|\n|-weather|SunnyDay|[upkeep]\n|upkeep\n|turn|2\n|inactive|Alexjames99 has 120 seconds left.\n|\n|t:|1696468175\n|move|p1b: Sableye|Encore|p2b: Aggron\n|-start|p2b: Aggron|Encore\n|move|p1a: Ninetales|Heat Wave|p2b: Aggron|[spread] p2a,p2b\n|-supereffective|p2a: Amoonguss\n|-supereffective|p2b: Aggron\n|-damage|p2a: Amoonguss|0 fnt\n|-damage|p2b: Aggron|0 fnt\n|faint|p2a: Amoonguss\n|faint|p2b: Aggron\n|\n|-weather|SunnyDay|[upkeep]\n|upkeep\n|inactive|Alexjames99 has 90 seconds left.\n|\n|t:|1696468195\n|switch|p2b: Alomomola|Alomomola, F|100\/100\n|switch|p2a: Altaria|Altaria, M, shiny|100\/100\n|-ability|p2a: Altaria|Cloud Nine\n|turn|3\n|\n|t:|1696468214\n|switch|p1a: Feraligatr|Feraligatr, F|100\/100\n|move|p1b: Sableye|Will-O-Wisp|p2b: Alomomola\n|-status|p2b: Alomomola|brn\n|move|p2a: Altaria|Dragon Dance|p2a: Altaria\n|-boost|p2a: Altaria|atk|1\n|-boost|p2a: Altaria|spe|1\n|move|p2b: Alomomola|Light Screen|p2b: Alomomola\n|-sidestart|p2: Alexjames99|move: Light Screen\n|\n|-weather|SunnyDay|[upkeep]\n|-damage|p2b: Alomomola|94\/100 brn|[from] brn\n|upkeep\n|turn|4\n|inactive|Alexjames99 has 120 seconds left.\n|\n|t:|1696468238\n|move|p1b: Sableye|Encore|p2b: Alomomola\n|-start|p2b: Alomomola|Encore\n|move|p2a: Altaria|Cotton Guard|p2a: Altaria\n|-boost|p2a: Altaria|def|3\n|move|p1a: Feraligatr|Ice Punch|p2a: Altaria\n|-supereffective|p2a: Altaria\n|-damage|p2a: Altaria|40\/100\n|move|p2b: Alomomola|Light Screen||[still]\n|-fail|p2b: Alomomola\n|\n|-weather|SunnyDay|[upkeep]\n|-heal|p2a: Altaria|46\/100|[from] item: Leftovers\n|-damage|p2b: Alomomola|88\/100 brn|[from] brn\n|upkeep\n|turn|5\n|inactive|Alexjames99 has 120 seconds left.\n|inactive|zeref203 has 120 seconds left.\n|\n|t:|1696468270\n|switch|p2b: Flamigo|Flamigo, M|100\/100\n|-copyboost|p2b: Flamigo|p2a: Altaria|[from] ability: Costar\n|move|p1b: Sableye|Taunt|p2a: Altaria\n|-start|p2a: Altaria|move: Taunt\n|move|p2a: Altaria|Dual Wingbeat|p1a: Feraligatr\n|-damage|p1a: Feraligatr|85\/100\n|-damage|p1a: Feraligatr|68\/100\n|-hitcount|p1a: Feraligatr|2\n|move|p1a: Feraligatr|Rock Slide|p2b: Flamigo|[spread] p2a,p2b\n|-supereffective|p2a: Altaria\n|-damage|p2a: Altaria|25\/100\n|-damage|p2b: Flamigo|82\/100\n|\n|-weather|SunnyDay|[upkeep]\n|-heal|p2a: Altaria|31\/100|[from] item: Leftovers\n|upkeep\n|turn|6\n|inactive|Alexjames99 has 120 seconds left.\n|\n|t:|1696468308\n|-terastallize|p2b: Flamigo|Steel\n|move|p2b: Flamigo|Close Combat|p1a: Feraligatr\n|-damage|p1a: Feraligatr|0 fnt\n|-unboost|p2b: Flamigo|def|1\n|-unboost|p2b: Flamigo|spd|1\n|faint|p1a: Feraligatr\n|move|p2a: Altaria|Dragon Claw|p1b: Sableye\n|-damage|p1b: Sableye|54\/100\n|move|p1b: Sableye|Foul Play|p2a: Altaria\n|-damage|p2a: Altaria|16\/100\n|\n|-weather|SunnyDay|[upkeep]\n|-heal|p2a: Altaria|22\/100|[from] item: Leftovers\n|-heal|p1b: Sableye|60\/100|[from] item: Leftovers\n|upkeep\n|inactive|zeref203 has 120 seconds left.\n|\n|t:|1696468331\n|switch|p1a: Gardevoir|Gardevoir, M|100\/100\n|turn|7\n|inactive|Alexjames99 has 120 seconds left.\n|\n|t:|1696468354\n|detailschange|p1a: Gardevoir|Gardevoir-Mega, M\n|-mega|p1a: Gardevoir|Gardevoir|Gardevoirite\n|move|p2b: Flamigo|Protect|p2b: Flamigo\n|-singleturn|p2b: Flamigo|Protect\n|move|p1b: Sableye|Will-O-Wisp|p2b: Flamigo\n|-activate|p2b: Flamigo|move: Protect\n|move|p2a: Altaria|Dragon Claw|p1b: Sableye\n|-damage|p1b: Sableye|15\/100\n|move|p1a: Gardevoir|Trick Room|p1a: Gardevoir\n|-fieldstart|move: Trick Room|[of] p1a: Gardevoir\n|\n|-weather|SunnyDay|[upkeep]\n|-heal|p1b: Sableye|21\/100|[from] item: Leftovers\n|-heal|p2a: Altaria|29\/100|[from] item: Leftovers\n|-end|p2a: Altaria|move: Taunt\n|upkeep\n|turn|8\n|inactive|Alexjames99 has 120 seconds left.\n|\n|t:|1696468387\n|move|p1b: Sableye|Encore|p2b: Flamigo\n|-start|p2b: Flamigo|Encore\n|move|p2a: Altaria|Dual Wingbeat|p1b: Sableye\n|-damage|p1b: Sableye|0 fnt\n|faint|p1b: Sableye\n|-hitcount|p1: Sableye|1\n|move|p1a: Gardevoir|Hyper Voice|p2a: Altaria|[spread] p2a,p2b\n|-supereffective|p2a: Altaria\n|-resisted|p2b: Flamigo\n|-damage|p2a: Altaria|0 fnt\n|-damage|p2b: Flamigo|40\/100\n|-enditem|p2b: Flamigo|Sitrus Berry|[eat]\n|-heal|p2b: Flamigo|64\/100|[from] item: Sitrus Berry\n|faint|p2a: Altaria\n|move|p2b: Flamigo|Protect||[still]\n|-fail|p2b: Flamigo\n|\n|-weather|none\n|upkeep\n|inactive|Alexjames99 has 120 seconds left.\n|\n|t:|1696468426\n|switch|p1b: Ninetales|Ninetales, F|100\/100\n|switch|p2a: Stonjourner|Stonjourner, M|100\/100\n|-weather|SunnyDay|[from] ability: Drought|[of] p1b: Ninetales\n|turn|9\n|inactive|Alexjames99 has 120 seconds left.\n|\n|t:|1696468453\n|-terastallize|p1b: Ninetales|Grass\n|move|p2b: Flamigo|Protect|p2b: Flamigo\n|-singleturn|p2b: Flamigo|Protect\n|move|p2a: Stonjourner|Heavy Slam|p1a: Gardevoir\n|-supereffective|p1a: Gardevoir\n|-damage|p1a: Gardevoir|0 fnt\n|faint|p1a: Gardevoir\n|move|p1b: Ninetales|Solar Beam||[still]\n|-prepare|p1b: Ninetales|Solar Beam\n|-anim|p1b: Ninetales|Solar Beam|p2a: Stonjourner\n|-supereffective|p2a: Stonjourner\n|-damage|p2a: Stonjourner|0 fnt\n|faint|p2a: Stonjourner\n|\n|-weather|SunnyDay|[upkeep]\n|upkeep\n|inactive|Alexjames99 has 120 seconds left.\n|\n|t:|1696468471\n|switch|p2a: Alomomola|Alomomola, F|88\/100 brn\n|switch|p1a: Great Tusk|Great Tusk|100\/100\n|-activate|p1a: Great Tusk|ability: Protosynthesis\n|-start|p1a: Great Tusk|protosynthesisatk\n|turn|10\n|inactive|Alexjames99 has 120 seconds left.\n|\n|t:|1696468508\n|move|p2b: Flamigo|Protect||[still]\n|-fail|p2b: Flamigo\n|move|p2a: Alomomola|Heal Pulse|p2b: Flamigo\n|-heal|p2b: Flamigo|100\/100\n|move|p1a: Great Tusk|Headlong Rush|p2b: Flamigo\n|-supereffective|p2b: Flamigo\n|-damage|p2b: Flamigo|0 fnt\n|-unboost|p1a: Great Tusk|def|1\n|-unboost|p1a: Great Tusk|spd|1\n|-enditem|p1a: Great Tusk|Eject Pack\n|faint|p2b: Flamigo\n|\n|t:|1696468520\n|-end|p1a: Great Tusk|Protosynthesis|[silent]\n|switch|p1a: Salamence|Salamence, F|100\/100\n|move|p1b: Ninetales|Solar Beam||[still]\n|-prepare|p1b: Ninetales|Solar Beam\n|-anim|p1b: Ninetales|Solar Beam|p2a: Alomomola\n|-supereffective|p2a: Alomomola\n|-damage|p2a: Alomomola|16\/100 brn\n|\n|-weather|SunnyDay|[upkeep]\n|-damage|p2a: Alomomola|10\/100 brn|[from] brn\n|-sideend|p2: Alexjames99|move: Light Screen\n|upkeep\n|turn|11\n|inactive|Alexjames99 has 120 seconds left.\n|\n|t:|1696468541\n|move|p2a: Alomomola|Knock Off|p1b: Ninetales\n|-crit|p1b: Ninetales\n|-damage|p1b: Ninetales|81\/100\n|-enditem|p1b: Ninetales|Heat Rock|[from] move: Knock Off|[of] p2a: Alomomola\n|move|p1a: Salamence|Iron Head|p2a: Alomomola\n|-resisted|p2a: Alomomola\n|-damage|p2a: Alomomola|2\/100 brn\n|move|p1b: Ninetales|Solar Beam||[still]\n|-prepare|p1b: Ninetales|Solar Beam\n|-anim|p1b: Ninetales|Solar Beam|p2a: Alomomola\n|-supereffective|p2a: Alomomola\n|-damage|p2a: Alomomola|0 fnt\n|faint|p2a: Alomomola\n|\n|win|zeref203\n|raw|zeref203's rating: 1140 &rarr; <strong>1163<\/strong><br \/>(+23 for winning)\n|raw|Alexjames99's rating: 1108 &rarr; <strong>1085<\/strong><br \/>(-23 for losing)\n","uploadtime":1696468556,"views":11,"p1id":"zeref203","p2id":"alexjames99","formatid":"gen9nationaldexdoubles","rating":1085,"private":0,"password":""}