{"id":"gen9nationaldexdoubles-1964215614","p1":"toffee1497","p2":"ilovethisnameong","format":"[Gen 9] National Dex Doubles","log":"|j|\u2606toffee1497\n|j|\u2606ilovethisnameong\n|t:|1696951342\n|gametype|doubles\n|player|p1|toffee1497|elio|1291\n|player|p2|ilovethisnameong|swimmer-gen4dp|1218\n|teamsize|p1|6\n|teamsize|p2|6\n|gen|9\n|tier|[Gen 9] National Dex Doubles\n|rated|\n|rule|HP Percentage Mod: HP is shown in percentages\n|rule|Endless Battle Clause: Forcing endless battles is banned\n|rule|OHKO Clause: OHKO moves are banned\n|rule|Evasion Moves Clause: Evasion moves are banned\n|rule|Evasion Abilities Clause: Evasion abilities are banned\n|rule|Species Clause: Limit one of each Pok\u00e9mon\n|rule|Gravity Sleep Clause: The combination of sleep-inducing moves with imperfect accuracy and Gravity or Gigantamax Orbeetle are banned\n|clearpoke\n|poke|p1|Mimikyu, M|\n|poke|p1|Gengar, M|\n|poke|p1|Feraligatr, M|\n|poke|p1|Primarina, F|\n|poke|p1|Goodra, F|\n|poke|p1|Kommo-o, F|\n|poke|p2|Stakataka|\n|poke|p2|Hatterene, F|\n|poke|p2|Golem-Alola, M|\n|poke|p2|Indeedee-F, F|\n|poke|p2|Glastrier|\n|poke|p2|Ferrothorn, M|\n|teampreview\n|inactive|Battle timer is ON: inactive players will automatically lose when time's up. (requested by ilovethisnameong)\n|\n|t:|1696951363\n|start\n|switch|p1a: Gengar|Gengar, M|100\/100\n|switch|p1b: Goodra|Goodra, F|100\/100\n|switch|p2a: Hatterene|Hatterene, F, shiny|100\/100\n|switch|p2b: Glastrier|Glastrier|100\/100\n|turn|1\n|\n|t:|1696951378\n|-terastallize|p1b: Goodra|Poison\n|-terastallize|p2b: Glastrier|Ice\n|move|p1a: Gengar|Sludge Bomb|p2a: Hatterene\n|-supereffective|p2a: Hatterene\n|-enditem|p2a: Hatterene|Focus Sash\n|-damage|p2a: Hatterene|1\/100\n|-status|p2a: Hatterene|psn\n|move|p1b: Goodra|Sludge Bomb|p2a: Hatterene\n|-supereffective|p2a: Hatterene\n|-damage|p2a: Hatterene|0 fnt\n|faint|p2a: Hatterene\n|move|p2b: Glastrier|Icicle Crash|p1b: Goodra\n|-damage|p1b: Goodra|0 fnt\n|faint|p1b: Goodra\n|-ability|p2b: Glastrier|Chilling Neigh|boost\n|-boost|p2b: Glastrier|atk|1\n|\n|upkeep\n|\n|t:|1696951398\n|switch|p1b: Kommo-o|Kommo-o, F|100\/100\n|switch|p2a: Indeedee|Indeedee-F, F, shiny|100\/100\n|-fieldstart|move: Psychic Terrain|[from] ability: Psychic Surge|[of] p2a: Indeedee\n|turn|2\n|\n|t:|1696951413\n|move|p1a: Gengar|Shadow Ball|p2b: Glastrier\n|-damage|p2b: Glastrier|66\/100\n|-zpower|p1b: Kommo-o\n|move|p1b: Kommo-o|Clangorous Soulblaze|p2a: Indeedee|[zeffect]|[spread] p2a,p2b\n|-damage|p2a: Indeedee|58\/100\n|-damage|p2b: Glastrier|17\/100\n|-boost|p1b: Kommo-o|atk|1\n|-boost|p1b: Kommo-o|def|1\n|-boost|p1b: Kommo-o|spa|1\n|-boost|p1b: Kommo-o|spd|1\n|-boost|p1b: Kommo-o|spe|1\n|move|p2b: Glastrier|Icicle Crash|p1b: Kommo-o\n|-supereffective|p1b: Kommo-o\n|-damage|p1b: Kommo-o|0 fnt\n|faint|p1b: Kommo-o\n|-ability|p2b: Glastrier|Chilling Neigh|boost\n|-boost|p2b: Glastrier|atk|1\n|move|p2a: Indeedee|Trick Room|p2a: Indeedee\n|-fieldstart|move: Trick Room|[of] p2a: Indeedee\n|\n|upkeep\n|\n|t:|1696951424\n|switch|p1b: Mimikyu|Mimikyu, M|100\/100\n|turn|3\n|\n|t:|1696951441\n|move|p2b: Glastrier|Icicle Crash|p1a: Gengar|[miss]\n|-miss|p2b: Glastrier|p1a: Gengar\n|move|p2a: Indeedee|Heal Pulse|p2b: Glastrier\n|-heal|p2b: Glastrier|67\/100\n|move|p1b: Mimikyu|Thunder Wave|p2a: Indeedee\n|-status|p2a: Indeedee|par\n|move|p1a: Gengar|Shadow Ball|p2b: Glastrier\n|-damage|p2b: Glastrier|34\/100\n|-unboost|p2b: Glastrier|spd|1\n|\n|upkeep\n|turn|4\n|\n|t:|1696951461\n|move|p2b: Glastrier|Icicle Crash|p1a: Gengar\n|-enditem|p1a: Gengar|Focus Sash\n|-damage|p1a: Gengar|1\/100\n|move|p2a: Indeedee|Attract|p1a: Gengar\n|-start|p1a: Gengar|Attract\n|move|p1b: Mimikyu|Will-O-Wisp|p2b: Glastrier|[miss]\n|-miss|p1b: Mimikyu|p2b: Glastrier\n|-activate|p1a: Gengar|move: Attract|[of] p2a: Indeedee\n|cant|p1a: Gengar|Attract\n|\n|upkeep\n|turn|5\n|c|\u2606toffee1497|no waaaaaay haha\n|c|\u2606toffee1497|gengar simping for the cat\n|\n|t:|1696951488\n|move|p2b: Glastrier|Icicle Crash|p1b: Mimikyu\n|-activate|p1b: Mimikyu|ability: Disguise\n|-damage|p1b: Mimikyu|100\/100\n|detailschange|p1b: Mimikyu|Mimikyu-Busted, M\n|-damage|p1b: Mimikyu|88\/100|[from] pokemon: Mimikyu-Busted\n|move|p2a: Indeedee|Attract|p1b: Mimikyu\n|-start|p1b: Mimikyu|Attract\n|-activate|p1b: Mimikyu|move: Attract|[of] p2a: Indeedee\n|cant|p1b: Mimikyu|Attract\n|-activate|p1a: Gengar|move: Attract|[of] p2a: Indeedee\n|move|p1a: Gengar|Shadow Ball|p2b: Glastrier\n|-damage|p2b: Glastrier|0 fnt\n|faint|p2b: Glastrier\n|\n|upkeep\n|c|\u2606ilovethisnameong|goofy ass gengar moment\n|\n|t:|1696951501\n|switch|p2b: Stakataka|Stakataka, shiny|100\/100\n|turn|6\n|c|\u2606toffee1497|MIMIKYU NOT YOU TOO\n|c|\u2606toffee1497|GUYS\n|c|\u2606toffee1497|she's not worth it guys\n|c|\u2606ilovethisnameong|bro they be simping\n|c|\u2606toffee1497|THEY DO\n|inactive|toffee1497 has 120 seconds left.\n|\n|t:|1696951538\n|cant|p2a: Indeedee|par\n|move|p2b: Stakataka|Gyro Ball|p1b: Mimikyu\n|-supereffective|p1b: Mimikyu\n|-damage|p1b: Mimikyu|0 fnt\n|-damage|p2b: Stakataka|84\/100|[from] item: Rocky Helmet|[of] p1b: Mimikyu\n|faint|p1b: Mimikyu\n|-ability|p2b: Stakataka|Beast Boost|boost\n|-boost|p2b: Stakataka|atk|1\n|-activate|p1a: Gengar|move: Attract|[of] p2a: Indeedee\n|cant|p1a: Gengar|Attract\n|\n|-fieldend|move: Trick Room\n|upkeep\n|c|\u2606ilovethisnameong|GOD DAMN\n|\n|t:|1696951550\n|switch|p1b: Feraligatr|Feraligatr, M|100\/100\n|turn|7\n|c|\u2606toffee1497|GUYS\n|c|\u2606toffee1497|SAVE YOUR MONEY\n|c|\u2606toffee1497|HER OF ISNT WORTH IT\n|inactive|toffee1497 has 120 seconds left.\n|\n|t:|1696951578\n|-activate|p1a: Gengar|move: Attract|[of] p2a: Indeedee\n|move|p1a: Gengar|Psychic|p2b: Stakataka\n|-resisted|p2b: Stakataka\n|-damage|p2b: Stakataka|62\/100\n|move|p1b: Feraligatr|Liquidation|p2b: Stakataka\n|-supereffective|p2b: Stakataka\n|-damage|p2b: Stakataka|0 fnt\n|faint|p2b: Stakataka\n|cant|p2a: Indeedee|par\n|\n|upkeep\n|\n|t:|1696951592\n|switch|p2b: Golem|Golem-Alola, M|100\/100\n|turn|8\n|\n|t:|1696951600\n|-activate|p1a: Gengar|move: Attract|[of] p2a: Indeedee\n|cant|p1a: Gengar|Attract\n|move|p1b: Feraligatr|Liquidation|p2b: Golem\n|-supereffective|p2b: Golem\n|-crit|p2b: Golem\n|-damage|p2b: Golem|0 fnt\n|faint|p2b: Golem\n|move|p2a: Indeedee|Trick Room|p2a: Indeedee\n|-fieldstart|move: Trick Room|[of] p2a: Indeedee\n|\n|upkeep\n|c|\u2606ilovethisnameong|that is cringe\n|\n|t:|1696951607\n|switch|p2b: Ferrothorn|Ferrothorn, M, shiny|100\/100\n|turn|9\n|c|\u2606toffee1497|poor gengar\n|c|\u2606toffee1497|he's really lost\n|c|\u2606toffee1497|he cant be save\n|c|\u2606toffee1497|it's too late foe gim\n|inactive|toffee1497 has 120 seconds left.\n|c|\u2606ilovethisnameong|i'll put him down\n|c|\u2606ilovethisnameong|i got you\n|c|\u2606toffee1497|thanks <3\n|\n|t:|1696951644\n|move|p2b: Ferrothorn|Gyro Ball|p1a: Gengar\n|-damage|p1a: Gengar|0 fnt\n|faint|p1a: Gengar\n|move|p2a: Indeedee|Attract|p1b: Feraligatr\n|-start|p1b: Feraligatr|Attract\n|-activate|p1b: Feraligatr|move: Attract|[of] p2a: Indeedee\n|cant|p1b: Feraligatr|Attract\n|\n|-fieldend|move: Psychic Terrain\n|upkeep\n|c|\u2606toffee1497|YOU ASS\n|c|\u2606toffee1497|hahahahaha\n|c|\u2606ilovethisnameong|lol\n|\n|t:|1696951657\n|switch|p1a: Primarina|Primarina, F|100\/100\n|turn|10\n|c|\u2606ilovethisnameong|now the gator\n|c|\u2606toffee1497|TIL this cat is apparently REALLY hot\n|inactive|toffee1497 has 120 seconds left.\n|\n|t:|1696951682\n|move|p2a: Indeedee|Helping Hand|p2b: Ferrothorn\n|-singleturn|p2b: Ferrothorn|Helping Hand|[of] p2a: Indeedee\n|move|p2b: Ferrothorn|Gyro Ball|p1a: Primarina\n|-damage|p1a: Primarina|16\/100\n|move|p1a: Primarina|Hyper Voice|p2b: Ferrothorn|[spread] p2a,p2b\n|-resisted|p2b: Ferrothorn\n|-damage|p2a: Indeedee|32\/100 par\n|-damage|p2b: Ferrothorn|84\/100\n|-activate|p1b: Feraligatr|move: Attract|[of] p2a: Indeedee\n|cant|p1b: Feraligatr|Attract\n|\n|upkeep\n|turn|11\n|c|\u2606ilovethisnameong|yeah\n|inactive|toffee1497 has 120 seconds left.\n|\n|t:|1696951699\n|move|p2a: Indeedee|Helping Hand|p2b: Ferrothorn\n|-singleturn|p2b: Ferrothorn|Helping Hand|[of] p2a: Indeedee\n|move|p2b: Ferrothorn|Gyro Ball|p1a: Primarina\n|-damage|p1a: Primarina|0 fnt\n|faint|p1a: Primarina\n|-activate|p1b: Feraligatr|move: Attract|[of] p2a: Indeedee\n|cant|p1b: Feraligatr|Attract\n|\n|upkeep\n|turn|12\n|c|\u2606ilovethisnameong|MY GOD\n|c|\u2606toffee1497|Feraligatr why\n|c|\u2606toffee1497|i had my faith in you\n|c|\u2606ilovethisnameong|SIMPPPP\n|\n|t:|1696951716\n|move|p2a: Indeedee|Helping Hand|p2b: Ferrothorn\n|-singleturn|p2b: Ferrothorn|Helping Hand|[of] p2a: Indeedee\n|move|p2b: Ferrothorn|Iron Defense|p2b: Ferrothorn\n|-boost|p2b: Ferrothorn|def|2\n|-activate|p1b: Feraligatr|move: Attract|[of] p2a: Indeedee\n|cant|p1b: Feraligatr|Attract\n|\n|-fieldend|move: Trick Room\n|upkeep\n|turn|13\n|\n|t:|1696951724\n|-activate|p1b: Feraligatr|move: Attract|[of] p2a: Indeedee\n|move|p1b: Feraligatr|Crunch|p2a: Indeedee\n|-supereffective|p2a: Indeedee\n|-damage|p2a: Indeedee|0 fnt\n|faint|p2a: Indeedee\n|-end|p1b: Feraligatr|Attract|[silent]\n|move|p2b: Ferrothorn|Curse|p2b: Ferrothorn\n|-unboost|p2b: Ferrothorn|spe|1\n|-boost|p2b: Ferrothorn|atk|1\n|-boost|p2b: Ferrothorn|def|1\n|\n|upkeep\n|turn|14\n|c|\u2606ilovethisnameong|shit\n|c|\u2606toffee1497|BE FREE\n|c|\u2606toffee1497|BE FREEEEEEEEEEEEEEE\n|\n|t:|1696951738\n|move|p1b: Feraligatr|Ice Punch|p2b: Ferrothorn\n|-damage|p2b: Ferrothorn|72\/100\n|-damage|p1b: Feraligatr|88\/100|[from] ability: Iron Barbs|[of] p2b: Ferrothorn\n|-damage|p1b: Feraligatr|72\/100|[from] item: Rocky Helmet|[of] p2b: Ferrothorn\n|move|p2b: Ferrothorn|Gyro Ball|p1b: Feraligatr\n|-resisted|p1b: Feraligatr\n|-damage|p1b: Feraligatr|15\/100\n|\n|upkeep\n|turn|15\n|c|\u2606ilovethisnameong|i might still win\n|c|\u2606ilovethisnameong|yeah\n|c|\u2606toffee1497|\"might\"?\n|c|\u2606ilovethisnameong|gg\n|c|\u2606toffee1497|i just wanted to kill the cat hahaha\n|\n|t:|1696951758\n|move|p1b: Feraligatr|Ice Punch|p2b: Ferrothorn\n|-damage|p2b: Ferrothorn|58\/100\n|-damage|p1b: Feraligatr|3\/100|[from] ability: Iron Barbs|[of] p2b: Ferrothorn\n|-damage|p1b: Feraligatr|0 fnt|[from] item: Rocky Helmet|[of] p2b: Ferrothorn\n|faint|p1b: Feraligatr\n|\n|win|ilovethisnameong\n|raw|toffee1497's rating: 1291 &rarr; <strong>1261<\/strong><br \/>(-30 for losing)\n|raw|ilovethisnameong's rating: 1218 &rarr; <strong>1248<\/strong><br \/>(+30 for winning)\n|c|\u2606toffee1497|i die happy\n|c|\u2606ilovethisnameong|without trickroom i'm a siting duck\n|c|\u2606ilovethisnameong|but gg\n|c|\u2606toffee1497|gg\n|c|\u2606toffee1497|man... the simping\n|c|\u2606toffee1497|painful to watch\n|c|\u2606ilovethisnameong|ikr\n","uploadtime":1696951807,"views":11,"p1id":"toffee1497","p2id":"ilovethisnameong","formatid":"gen9nationaldexdoubles","rating":1248,"private":0,"password":""}