{"id":"gen9nationaldexdoubles-1949431516","p1":"Ilovesmallcats 3","p2":"Forever1507","format":"[Gen 9] National Dex Doubles","log":"|j|\u2606Ilovesmallcats 3\n|j|\u2606Forever1507\n|t:|1695360196\n|gametype|doubles\n|player|p1|Ilovesmallcats 3|shauntal|1140\n|player|p2|Forever1507|169|1184\n|teamsize|p1|6\n|teamsize|p2|6\n|gen|9\n|tier|[Gen 9] National Dex Doubles\n|rated|\n|rule|HP Percentage Mod: HP is shown in percentages\n|rule|Endless Battle Clause: Forcing endless battles is banned\n|rule|OHKO Clause: OHKO moves are banned\n|rule|Evasion Moves Clause: Evasion moves are banned\n|rule|Evasion Abilities Clause: Evasion abilities are banned\n|rule|Species Clause: Limit one of each Pok\u00e9mon\n|rule|Gravity Sleep Clause: The combination of sleep-inducing moves with imperfect accuracy and Gravity or Gigantamax Orbeetle are banned\n|clearpoke\n|poke|p1|Indeedee, M|\n|poke|p1|Pincurchin, F|\n|poke|p1|Weezing-Galar, F|\n|poke|p1|Rillaboom, F|\n|poke|p1|Clawitzer, F|\n|poke|p1|Diancie|\n|poke|p2|Tornadus, M|\n|poke|p2|Torkoal, F|\n|poke|p2|Pelipper, M|\n|poke|p2|Walking Wake|\n|poke|p2|Swampert, M|\n|poke|p2|Flutter Mane|\n|teampreview\n|inactive|Battle timer is ON: inactive players will automatically lose when time's up. (requested by Ilovesmallcats 3)\n|inactive|Forever1507 has 120 seconds left.\n|j| Half a castle\n|\n|t:|1695360235\n|start\n|switch|p1a: Clawitzer|Clawitzer, F|100\/100\n|switch|p1b: Pincurchin|Pincurchin, F|100\/100\n|switch|p2a: Tornadus|Tornadus, M|100\/100\n|switch|p2b: Walking Wake|Walking Wake|100\/100\n|-fieldstart|move: Electric Terrain|[from] ability: Electric Surge|[of] p1b: Pincurchin\n|-enditem|p2b: Walking Wake|Booster Energy\n|-activate|p2b: Walking Wake|ability: Protosynthesis|[fromitem]\n|-start|p2b: Walking Wake|protosynthesisspe\n|turn|1\n|inactive|Forever1507 has 120 seconds left.\n|inactive|Ilovesmallcats 3 has 120 seconds left.\n|\n|t:|1695360283\n|switch|p2a: Torkoal|Torkoal, F|100\/100\n|-weather|SunnyDay|[from] ability: Drought|[of] p2a: Torkoal\n|move|p2b: Walking Wake|Dragon Pulse|p1a: Clawitzer\n|-damage|p1a: Clawitzer|52\/100\n|move|p1a: Clawitzer|Terrain Pulse|p2a: Torkoal\n|-damage|p2a: Torkoal|15\/100\n|move|p1b: Pincurchin|Rising Voltage|p2b: Walking Wake\n|-hint|Rising Voltage's BP doubled on grounded target.\n|-damage|p2b: Walking Wake|11\/100\n|\n|-weather|SunnyDay|[upkeep]\n|upkeep\n|turn|2\n|c| Half a castle|\uff1f\uff1f\uff1f\n|inactive|Forever1507 has 120 seconds left.\n|inactive|Ilovesmallcats 3 has 120 seconds left.\n|\n|t:|1695360321\n|move|p2b: Walking Wake|Draco Meteor|p1a: Clawitzer\n|-damage|p1a: Clawitzer|0 fnt\n|-unboost|p2b: Walking Wake|spa|2\n|faint|p1a: Clawitzer\n|move|p1b: Pincurchin|Rising Voltage|p2a: Torkoal\n|-hint|Rising Voltage's BP doubled on grounded target.\n|-damage|p2a: Torkoal|0 fnt\n|faint|p2a: Torkoal\n|\n|-weather|SunnyDay|[upkeep]\n|upkeep\n|c|\u2606Ilovesmallcats 3|Terrain\n|\n|t:|1695360337\n|switch|p1a: Diancie|Diancie|100\/100\n|switch|p2a: Swampert|Swampert, M|100\/100\n|turn|3\n|\n|t:|1695360346\n|-end|p2b: Walking Wake|Protosynthesis|[silent]\n|switch|p2b: Pelipper|Pelipper, M|100\/100\n|-weather|RainDance|[from] ability: Drizzle|[of] p2b: Pelipper\n|switch|p1b: Rillaboom|Rillaboom, F|100\/100\n|-fieldstart|move: Grassy Terrain|[from] ability: Grassy Surge|[of] p1b: Rillaboom\n|detailschange|p2a: Swampert|Swampert-Mega, M\n|-mega|p2a: Swampert|Swampert|Swampertite\n|move|p2a: Swampert|Earthquake|p1a: Diancie|[spread] p1a,p1b\n|-immune|p2b: Pelipper\n|-supereffective|p1a: Diancie\n|-resisted|p1b: Rillaboom\n|-damage|p1a: Diancie|68\/100\n|-damage|p1b: Rillaboom|91\/100\n|move|p1a: Diancie|Terrain Pulse|p2a: Swampert\n|-supereffective|p2a: Swampert\n|-damage|p2a: Swampert|0 fnt\n|faint|p2a: Swampert\n|\n|-weather|RainDance|[upkeep]\n|-heal|p1b: Rillaboom|97\/100|[from] Grassy Terrain\n|-heal|p1a: Diancie|75\/100|[from] Grassy Terrain\n|upkeep\n|c|\u2606Forever1507|\uff1f\uff1f\uff1f\n|c|\u2606Forever1507|fun team\n|inactive|Forever1507 has 120 seconds left.\n|\n|t:|1695360387\n|switch|p2a: Tornadus|Tornadus, M|100\/100\n|turn|4\n|\n|t:|1695360393\n|switch|p1b: Pincurchin|Pincurchin, F|100\/100\n|-fieldstart|move: Electric Terrain|[from] ability: Electric Surge|[of] p1b: Pincurchin\n|detailschange|p1a: Diancie|Diancie-Mega\n|-mega|p1a: Diancie|Diancie|Diancite\n|move|p2a: Tornadus|Bleakwind Storm|p1b: Pincurchin|[spread] p1a,p1b\n|-resisted|p1a: Diancie\n|-resisted|p1b: Pincurchin\n|-damage|p1a: Diancie|60\/100\n|-damage|p1b: Pincurchin|82\/100\n|move|p1a: Diancie|Terrain Pulse|p2a: Tornadus\n|-supereffective|p2a: Tornadus\n|-damage|p2a: Tornadus|0 fnt\n|faint|p2a: Tornadus\n|move|p2b: Pelipper|Hurricane|p1b: Pincurchin\n|-resisted|p1b: Pincurchin\n|-damage|p1b: Pincurchin|32\/100\n|\n|-weather|RainDance|[upkeep]\n|-heal|p1b: Pincurchin|38\/100|[from] item: Leftovers\n|upkeep\n|\n|t:|1695360412\n|switch|p2a: Flutter Mane|Flutter Mane|100\/100\n|turn|5\n|\n|t:|1695360421\n|move|p1b: Pincurchin|Protect|p1b: Pincurchin\n|-singleturn|p1b: Pincurchin|Protect\n|-zpower|p2a: Flutter Mane\n|move|p2a: Flutter Mane|Gigavolt Havoc|p1a: Diancie|[zeffect]\n|-damage|p1a: Diancie|0 fnt\n|faint|p1a: Diancie\n|move|p2b: Pelipper|Hurricane|p1b: Pincurchin\n|-activate|p1b: Pincurchin|move: Protect\n|\n|-weather|RainDance|[upkeep]\n|-heal|p1b: Pincurchin|44\/100|[from] item: Leftovers\n|upkeep\n|\n|t:|1695360426\n|switch|p1a: Indeedee|Indeedee, M|100\/100\n|-fieldstart|move: Psychic Terrain|[from] ability: Psychic Surge|[of] p1a: Indeedee\n|turn|6\n|\n|t:|1695360438\n|move|p2a: Flutter Mane|Misty Terrain|p2a: Flutter Mane\n|-fieldstart|move: Misty Terrain\n|move|p2b: Pelipper|Hurricane|p1b: Pincurchin\n|-resisted|p1b: Pincurchin\n|-damage|p1b: Pincurchin|0 fnt\n|faint|p1b: Pincurchin\n|move|p1a: Indeedee|Expanding Force|p2a: Flutter Mane\n|-damage|p2a: Flutter Mane|60\/100\n|\n|-weather|RainDance|[upkeep]\n|upkeep\n|\n|t:|1695360447\n|switch|p1b: Rillaboom|Rillaboom, F|97\/100\n|-fieldstart|move: Grassy Terrain|[from] ability: Grassy Surge|[of] p1b: Rillaboom\n|turn|7\n|\n|t:|1695360455\n|move|p2a: Flutter Mane|Misty Terrain|p2a: Flutter Mane\n|-fieldstart|move: Misty Terrain\n|move|p2b: Pelipper|Hurricane|p1b: Rillaboom\n|-supereffective|p1b: Rillaboom\n|-damage|p1b: Rillaboom|0 fnt\n|faint|p1b: Rillaboom\n|move|p1a: Indeedee|Terrain Pulse|p2a: Flutter Mane\n|-damage|p2a: Flutter Mane|25\/100\n|\n|-weather|none\n|upkeep\n|\n|t:|1695360460\n|switch|p1b: Weezing|Weezing-Galar, F|100\/100\n|turn|8\n|inactive|Ilovesmallcats 3 has 120 seconds left.\n|\n|t:|1695360494\n|move|p2a: Flutter Mane|Shadow Ball|p1b: Weezing\n|-damage|p1b: Weezing|43\/100\n|move|p2b: Pelipper|Hurricane|p1b: Weezing|[miss]\n|-miss|p2b: Pelipper|p1b: Weezing\n|move|p1a: Indeedee|Terrain Pulse|p2b: Pelipper\n|-damage|p2b: Pelipper|45\/100\n|move|p1b: Weezing|Clear Smog|p2a: Flutter Mane\n|-damage|p2a: Flutter Mane|10\/100\n|-clearboost|p2a: Flutter Mane\n|\n|upkeep\n|turn|9\n|\n|t:|1695360515\n|move|p2a: Flutter Mane|Shadow Ball|p1b: Weezing\n|-damage|p1b: Weezing|0 fnt\n|faint|p1b: Weezing\n|move|p2b: Pelipper|Hurricane|p1a: Indeedee\n|-damage|p1a: Indeedee|47\/100\n|move|p1a: Indeedee|Draining Kiss|p2a: Flutter Mane\n|-damage|p2a: Flutter Mane|0 fnt\n|-heal|p1a: Indeedee|53\/100|[from] drain|[of] p2a: Flutter Mane\n|faint|p2a: Flutter Mane\n|-end|p2a: Flutter Mane|Protosynthesis|[silent]\n|\n|upkeep\n|\n|t:|1695360524\n|switch|p2a: Walking Wake|Walking Wake|11\/100\n|turn|10\n|\n|t:|1695360534\n|-terastallize|p1a: Indeedee|Dark\n|move|p2a: Walking Wake|Draco Meteor|p1a: Indeedee|[miss]\n|-miss|p2a: Walking Wake|p1a: Indeedee\n|move|p2b: Pelipper|Hurricane|p1a: Indeedee|[miss]\n|-miss|p2b: Pelipper|p1a: Indeedee\n|move|p1a: Indeedee|Hyper Voice|p2b: Pelipper|[spread] p2a,p2b\n|-damage|p2a: Walking Wake|0 fnt\n|-damage|p2b: Pelipper|0 fnt\n|faint|p2a: Walking Wake\n|-end|p2a: Walking Wake|Protosynthesis|[silent]\n|faint|p2b: Pelipper\n|\n|win|Ilovesmallcats 3\n|raw|Ilovesmallcats 3's rating: 1140 &rarr; <strong>1168<\/strong><br \/>(+28 for winning)\n|raw|Forever1507's rating: 1184 &rarr; <strong>1156<\/strong><br \/>(-28 for losing)\n|c|\u2606Forever1507|\u554a\uff1f\uff1f\uff1f\n|c|\u2606Ilovesmallcats 3|That was unlucky\n|c| Half a castle|\uff1f\uff1f\uff1f\uff1f\uff1f\uff1f\n|c|\u2606Forever1507|what the\n|l|\u2606Ilovesmallcats 3\n|l|\u2606Forever1507\n|j| reeeee25\n","uploadtime":1695360569,"views":7,"p1id":"ilovesmallcats3","p2id":"forever1507","formatid":"gen9nationaldexdoubles","rating":1156,"private":0,"password":""}