{"id":"gen9nationaldexdoubles-1986044804","p1":"AxelVX","p2":"chuspiter","format":"[Gen 9] National Dex Doubles","log":"|j|\u2606AxelVX\n|j|\u2606chuspiter\n|t:|1699443225\n|gametype|doubles\n|player|p1|AxelVX|blackbelt-gen4dp|\n|player|p2|chuspiter|flint|\n|teamsize|p1|6\n|teamsize|p2|6\n|gen|9\n|tier|[Gen 9] National Dex Doubles\n|rule|HP Percentage Mod: HP is shown in percentages\n|rule|Endless Battle Clause: Forcing endless battles is banned\n|rule|OHKO Clause: OHKO moves are banned\n|rule|Evasion Moves Clause: Evasion moves are banned\n|rule|Evasion Abilities Clause: Evasion abilities are banned\n|rule|Species Clause: Limit one of each Pok\u00e9mon\n|rule|Gravity Sleep Clause: The combination of sleep-inducing moves with imperfect accuracy and Gravity or Gigantamax Orbeetle are banned\n|clearpoke\n|poke|p1|Garchomp, F|\n|poke|p1|Rillaboom, M|\n|poke|p1|Volcarona, M|\n|poke|p1|Drifblim, F|\n|poke|p1|Gholdengo|\n|poke|p1|Ninetales-Alola, M|\n|poke|p2|Whimsicott, F|\n|poke|p2|Malamar, M|\n|poke|p2|Comfey, F|\n|poke|p2|Metagross|\n|poke|p2|Klefki, F|\n|poke|p2|Slowbro, M|\n|teampreview\n|\n|t:|1699443256\n|start\n|switch|p1a: Rillaboom|Rillaboom, M|100\/100\n|switch|p1b: Volcarona|Volcarona, M|100\/100\n|switch|p2a: coliflor|Whimsicott, F|100\/100\n|switch|p2b: calamardo|Malamar, M|100\/100\n|-fieldstart|move: Grassy Terrain|[from] ability: Grassy Surge|[of] p1a: Rillaboom\n|turn|1\n|j| TlolJuan\n|\n|t:|1699443280\n|move|p1a: Rillaboom|Fake Out|p2b: calamardo\n|-damage|p2b: calamardo|84\/100\n|move|p2a: coliflor|Tailwind|p2a: coliflor\n|-sidestart|p2: chuspiter|move: Tailwind\n|cant|p2b: calamardo|flinch\n|move|p1b: Volcarona|Bug Buzz|p2b: calamardo\n|-supereffective|p2b: calamardo\n|-damage|p2b: calamardo|0 fnt\n|faint|p2b: calamardo\n|-damage|p1b: Volcarona|91\/100|[from] item: Life Orb\n|\n|-heal|p1b: Volcarona|97\/100|[from] Grassy Terrain\n|upkeep\n|\n|t:|1699443305\n|switch|p2b: andy|Metagross|100\/100\n|turn|2\n|\n|t:|1699443333\n|move|p2a: coliflor|Fake Tears|p1a: Rillaboom\n|-unboost|p1a: Rillaboom|spd|2\n|move|p2b: andy|Stomping Tantrum|p1b: Volcarona\n|-crit|p1b: Volcarona\n|-damage|p1b: Volcarona|22\/100\n|move|p1b: Volcarona|Bug Buzz|p2b: andy\n|-damage|p2b: andy|24\/100\n|-damage|p1b: Volcarona|12\/100|[from] item: Life Orb\n|move|p1a: Rillaboom|Stomping Tantrum|p2b: andy\n|-supereffective|p2b: andy\n|-damage|p2b: andy|0 fnt\n|faint|p2b: andy\n|\n|-heal|p1b: Volcarona|19\/100|[from] Grassy Terrain\n|upkeep\n|\n|t:|1699443353\n|switch|p2b: llaves|Klefki, F|100\/100\n|turn|3\n|c| TlolJuan|suerte a los dos\n|\n|t:|1699443371\n|move|p2a: coliflor|Fake Tears|p1a: Rillaboom\n|-unboost|p1a: Rillaboom|spd|2\n|move|p2b: llaves|Dazzling Gleam|p1b: Volcarona|[spread] p1a,p1b\n|-resisted|p1b: Volcarona\n|-damage|p1a: Rillaboom|63\/100\n|-damage|p1b: Volcarona|10\/100\n|move|p1b: Volcarona|Bug Buzz|p2b: llaves\n|-resisted|p2b: llaves\n|-damage|p2b: llaves|78\/100\n|-damage|p1b: Volcarona|0 fnt|[from] item: Life Orb\n|faint|p1b: Volcarona\n|move|p1a: Rillaboom|Knock Off|p2a: coliflor\n|-resisted|p2a: coliflor\n|-damage|p2a: coliflor|85\/100\n|-enditem|p2a: coliflor|Focus Sash|[from] move: Knock Off|[of] p1a: Rillaboom\n|\n|-heal|p2a: coliflor|92\/100|[from] Grassy Terrain\n|-heal|p2b: llaves|84\/100|[from] Grassy Terrain\n|-heal|p2b: llaves|90\/100|[from] item: Leftovers\n|-heal|p1a: Rillaboom|69\/100|[from] Grassy Terrain\n|upkeep\n|\n|t:|1699443398\n|switch|p1b: Gholdengo|Gholdengo|100\/100\n|turn|4\n|\n|t:|1699443412\n|move|p2a: coliflor|Fake Tears|p1b: Gholdengo\n|-immune|p1b: Gholdengo|[from] ability: Good as Gold\n|move|p2b: llaves|Thunder Wave|p1b: Gholdengo\n|-immune|p1b: Gholdengo|[from] ability: Good as Gold\n|move|p1a: Rillaboom|Grassy Glide|p2b: llaves\n|-resisted|p2b: llaves\n|-damage|p2b: llaves|73\/100\n|move|p1b: Gholdengo|Make It Rain|p2a: coliflor|[spread] p2a,p2b\n|-supereffective|p2a: coliflor\n|-crit|p2a: coliflor\n|-damage|p2a: coliflor|0 fnt\n|-damage|p2b: llaves|6\/100\n|-unboost|p1b: Gholdengo|spa|1\n|-enditem|p1b: Gholdengo|White Herb\n|-clearnegativeboost|p1b: Gholdengo|[silent]\n|faint|p2a: coliflor\n|\n|-heal|p2b: llaves|12\/100|[from] Grassy Terrain\n|-heal|p2b: llaves|18\/100|[from] item: Leftovers\n|-heal|p1a: Rillaboom|76\/100|[from] Grassy Terrain\n|-sideend|p2: chuspiter|move: Tailwind\n|upkeep\n|\n|t:|1699443441\n|switch|p2a: Juanva|Slowbro, M, shiny|100\/100\n|turn|5\n|\n|t:|1699443474\n|move|p2b: llaves|Light Screen|p2b: llaves\n|-sidestart|p2: chuspiter|move: Light Screen\n|move|p1a: Rillaboom|Knock Off|p2a: Juanva\n|-supereffective|p2a: Juanva\n|-damage|p2a: Juanva|39\/100\n|-enditem|p2a: Juanva|Leftovers|[from] move: Knock Off|[of] p1a: Rillaboom\n|move|p1b: Gholdengo|Hex|p2b: llaves\n|-damage|p2b: llaves|0 fnt\n|faint|p2b: llaves\n|move|p2a: Juanva|Flamethrower|p1a: Rillaboom\n|-supereffective|p1a: Rillaboom\n|-damage|p1a: Rillaboom|0 fnt\n|faint|p1a: Rillaboom\n|\n|-heal|p2a: Juanva|45\/100|[from] Grassy Terrain\n|-fieldend|move: Grassy Terrain\n|upkeep\n|\n|t:|1699443494\n|switch|p1a: Drifblim|Drifblim, F|100\/100\n|switch|p2b: pulsera|Comfey, F|100\/100\n|turn|6\n|\n|t:|1699443509\n|-terastallize|p2a: Juanva|Ground\n|move|p2b: pulsera|Floral Healing|p2a: Juanva\n|-heal|p2a: Juanva|95\/100\n|move|p1b: Gholdengo|Make It Rain|p2b: pulsera|[spread] p2a,p2b\n|-crit|p2a: Juanva\n|-supereffective|p2b: pulsera\n|-damage|p2a: Juanva|8\/100\n|-damage|p2b: pulsera|39\/100\n|-unboost|p1b: Gholdengo|spa|1\n|move|p1a: Drifblim|Hex|p2a: Juanva\n|-damage|p2a: Juanva|0 fnt\n|faint|p2a: Juanva\n|\n|-heal|p2b: pulsera|45\/100|[from] item: Leftovers\n|upkeep\n|turn|7\n|\n|t:|1699443542\n|move|p2b: pulsera|Draining Kiss|p1a: Drifblim\n|-damage|p1a: Drifblim|86\/100\n|-heal|p2b: pulsera|63\/100|[from] drain|[of] p1a: Drifblim\n|move|p1b: Gholdengo|Make It Rain|p2b: pulsera\n|-supereffective|p2b: pulsera\n|-damage|p2b: pulsera|8\/100\n|-unboost|p1b: Gholdengo|spa|1\n|move|p1a: Drifblim|Thunder Wave|p2b: pulsera\n|-status|p2b: pulsera|par\n|\n|-heal|p2b: pulsera|14\/100 par|[from] item: Leftovers\n|upkeep\n|turn|8\n|\n|t:|1699443566\n|cant|p2b: pulsera|par\n|move|p1b: Gholdengo|Hex|p2b: pulsera\n|-damage|p2b: pulsera|0 fnt\n|faint|p2b: pulsera\n|\n|win|AxelVX\n|l|\u2606chuspiter\n","uploadtime":1699443579,"views":19,"p1id":"axelvx","p2id":"chuspiter","formatid":"gen9nationaldexdoubles","rating":0,"private":0,"password":""}