{"id":"gen9nationaldexdoubles-1993787259","p1":"pickeledplums","p2":"El Ryuk456","format":"[Gen 9] National Dex Doubles","log":"|j|\u2606pickeledplums\n|j|\u2606El Ryuk456\n|t:|1700357216\n|gametype|doubles\n|player|p1|pickeledplums|cyclist-gen4|1073\n|player|p2|El Ryuk456|ingo|1282\n|teamsize|p1|6\n|teamsize|p2|6\n|gen|9\n|tier|[Gen 9] National Dex Doubles\n|rated|\n|rule|HP Percentage Mod: HP is shown in percentages\n|rule|Endless Battle Clause: Forcing endless battles is banned\n|rule|OHKO Clause: OHKO moves are banned\n|rule|Evasion Moves Clause: Evasion moves are banned\n|rule|Evasion Abilities Clause: Evasion abilities are banned\n|rule|Species Clause: Limit one of each Pok\u00e9mon\n|rule|Gravity Sleep Clause: The combination of sleep-inducing moves with imperfect accuracy and Gravity or Gigantamax Orbeetle are banned\n|clearpoke\n|poke|p1|Pelipper, M|\n|poke|p1|Metagross|\n|poke|p1|Camerupt, M|\n|poke|p1|Swampert, M|\n|poke|p1|Amoonguss, F|\n|poke|p1|Iron Hands|\n|poke|p2|Urshifu-*, F|\n|poke|p2|Dragonite, M|\n|poke|p2|Tapu Fini|\n|poke|p2|Marowak, F|\n|poke|p2|Aegislash, M|\n|poke|p2|Ogerpon-Wellspring, F|\n|teampreview\n|inactive|Battle timer is ON: inactive players will automatically lose when time's up. (requested by pickeledplums)\n|inactive|El Ryuk456 has 120 seconds left.\n|\n|t:|1700357250\n|start\n|switch|p1a: Metagross|Metagross|100\/100\n|switch|p1b: Pelipper|Pelipper, M, shiny|100\/100\n|switch|p2a: Ogerpon|Ogerpon-Wellspring, F|100\/100\n|switch|p2b: Urshifu|Urshifu-Rapid-Strike, F|100\/100\n|-weather|RainDance|[from] ability: Drizzle|[of] p1b: Pelipper\n|turn|1\n|\n|t:|1700357261\n|switch|p1a: Iron Hands|Iron Hands|100\/100\n|-terastallize|p2a: Ogerpon|Water\n|detailschange|p2a: Ogerpon|Ogerpon-Wellspring-Tera, F, tera:Water\n|-ability|p2a: Ogerpon|Embody Aspect (Wellspring)|boost\n|-boost|p2a: Ogerpon|spd|1\n|move|p2a: Ogerpon|Swords Dance|p2a: Ogerpon\n|-boost|p2a: Ogerpon|atk|2\n|move|p2b: Urshifu|Surging Strikes|p1a: Iron Hands\n|-crit|p1a: Iron Hands\n|-damage|p1a: Iron Hands|82\/100\n|-crit|p1a: Iron Hands\n|-damage|p1a: Iron Hands|65\/100\n|-crit|p1a: Iron Hands\n|-damage|p1a: Iron Hands|48\/100\n|-hitcount|p1a: Iron Hands|3\n|move|p1b: Pelipper|Blizzard|p2a: Ogerpon|[spread] p2a,p2b\n|-resisted|p2a: Ogerpon\n|-resisted|p2b: Urshifu\n|-damage|p2a: Ogerpon|95\/100\n|-damage|p2b: Urshifu|92\/100\n|\n|-weather|RainDance|[upkeep]\n|upkeep\n|turn|2\n|inactive|El Ryuk456 has 120 seconds left.\n|inactive|El Ryuk456 has 90 seconds left.\n|\n|t:|1700357329\n|move|p2a: Ogerpon|Ivy Cudgel|p1a: Iron Hands|[anim] Ivy Cudgel Water\n|-crit|p1a: Iron Hands\n|-damage|p1a: Iron Hands|0 fnt\n|faint|p1a: Iron Hands\n|-end|p1a: Iron Hands|Quark Drive|[silent]\n|move|p2b: Urshifu|Surging Strikes|p1b: Pelipper\n|-resisted|p1b: Pelipper\n|-crit|p1b: Pelipper\n|-damage|p1b: Pelipper|88\/100\n|-resisted|p1b: Pelipper\n|-crit|p1b: Pelipper\n|-damage|p1b: Pelipper|77\/100\n|-resisted|p1b: Pelipper\n|-crit|p1b: Pelipper\n|-damage|p1b: Pelipper|65\/100\n|-hitcount|p1b: Pelipper|3\n|move|p1b: Pelipper|Toxic|p2b: Urshifu\n|-status|p2b: Urshifu|tox\n|\n|-weather|RainDance|[upkeep]\n|-heal|p1b: Pelipper|71\/100|[from] item: Leftovers\n|-damage|p2b: Urshifu|86\/100 tox|[from] psn\n|upkeep\n|\n|t:|1700357339\n|switch|p1a: Amoonguss|Amoonguss, F|100\/100\n|turn|3\n|\n|t:|1700357360\n|switch|p2b: Tapu Fini|Tapu Fini|100\/100\n|-fieldstart|move: Misty Terrain|[from] ability: Misty Surge|[of] p2b: Tapu Fini\n|move|p2a: Ogerpon|Ivy Cudgel|p1a: Amoonguss|[anim] Ivy Cudgel Water\n|-resisted|p1a: Amoonguss\n|-damage|p1a: Amoonguss|0 fnt\n|faint|p1a: Amoonguss\n|move|p1b: Pelipper|Toxic|p2a: Ogerpon|[miss]\n|-miss|p1b: Pelipper|p2a: Ogerpon\n|\n|-weather|RainDance|[upkeep]\n|-heal|p1b: Pelipper|77\/100|[from] item: Leftovers\n|upkeep\n|\n|t:|1700357386\n|switch|p1a: Metagross|Metagross|100\/100\n|turn|4\n|inactive|El Ryuk456 has 120 seconds left.\n|\n|t:|1700357413\n|detailschange|p1a: Metagross|Metagross-Mega\n|-mega|p1a: Metagross|Metagross|Metagrossite\n|move|p1a: Metagross|Rock Slide|p2b: Tapu Fini|[spread] p2b\n|-miss|p1a: Metagross|p2a: Ogerpon\n|-damage|p2b: Tapu Fini|80\/100\n|move|p2a: Ogerpon|Ivy Cudgel|p1a: Metagross|[anim] Ivy Cudgel Water\n|-damage|p1a: Metagross|0 fnt\n|faint|p1a: Metagross\n|move|p2b: Tapu Fini|Muddy Water|p1b: Pelipper\n|-resisted|p1b: Pelipper\n|-damage|p1b: Pelipper|39\/100\n|-unboost|p1b: Pelipper|accuracy|1\n|move|p1b: Pelipper|Toxic|p2a: Ogerpon\n|-activate|p2a: Ogerpon|move: Misty Terrain\n|\n|-weather|RainDance|[upkeep]\n|-heal|p2b: Tapu Fini|87\/100|[from] item: Leftovers\n|-heal|p1b: Pelipper|46\/100|[from] item: Leftovers\n|upkeep\n|\n|t:|1700357440\n|switch|p1a: Swampert|Swampert, M|100\/100\n|turn|5\n|\n|t:|1700357448\n|move|p2a: Ogerpon|Horn Leech|p1a: Swampert\n|-supereffective|p1a: Swampert\n|-damage|p1a: Swampert|0 fnt\n|-heal|p2a: Ogerpon|100\/100|[from] drain|[of] p1a: Swampert\n|faint|p1a: Swampert\n|move|p2b: Tapu Fini|Muddy Water|p1b: Pelipper\n|-resisted|p1b: Pelipper\n|-damage|p1b: Pelipper|3\/100\n|move|p1b: Pelipper|Blizzard|p2b: Tapu Fini|[spread] p2b\n|-miss|p1b: Pelipper|p2a: Ogerpon\n|-resisted|p2b: Tapu Fini\n|-damage|p2b: Tapu Fini|80\/100\n|\n|-weather|none\n|-heal|p2b: Tapu Fini|86\/100|[from] item: Leftovers\n|-heal|p1b: Pelipper|9\/100|[from] item: Leftovers\n|upkeep\n|c|\u2606El Ryuk456|Gg\n|\n|t:|1700357464\n|switch|p1a: Camerupt|Camerupt, M|100\/100\n|turn|6\n|\n|t:|1700357470\n|move|p2a: Ogerpon|Ivy Cudgel|p1a: Camerupt|[anim] Ivy Cudgel Water\n|-supereffective|p1a: Camerupt\n|-damage|p1a: Camerupt|0 fnt\n|faint|p1a: Camerupt\n|move|p2b: Tapu Fini|Muddy Water|p1b: Pelipper|[miss]\n|-miss|p2b: Tapu Fini|p1b: Pelipper\n|move|p1b: Pelipper|Toxic|p2b: Tapu Fini|[miss]\n|-miss|p1b: Pelipper|p2b: Tapu Fini\n|\n|-heal|p2b: Tapu Fini|92\/100|[from] item: Leftovers\n|-heal|p1b: Pelipper|15\/100|[from] item: Leftovers\n|upkeep\n|turn|7\n|\n|t:|1700357479\n|switch|p2b: Urshifu|Urshifu-Rapid-Strike, F|86\/100 tox\n|move|p2a: Ogerpon|Ivy Cudgel|p1b: Pelipper|[anim] Ivy Cudgel Water\n|-resisted|p1b: Pelipper\n|-damage|p1b: Pelipper|0 fnt\n|faint|p1b: Pelipper\n|\n|win|El Ryuk456\n|raw|pickeledplums's rating: 1073 &rarr; <strong>1063<\/strong><br \/>(-10 for losing)\n|raw|El Ryuk456's rating: 1282 &rarr; <strong>1294<\/strong><br \/>(+12 for winning)\n","uploadtime":1700357489,"views":8,"p1id":"pickeledplums","p2id":"elryuk456","formatid":"gen9nationaldexdoubles","rating":1063,"private":0,"password":""}