{"id":"gen9nationaldexdoubles-1949668260","p1":"Fucomix","p2":"Electroshibe","format":"[Gen 9] National Dex Doubles","log":"|j|\u2606Fucomix\n|j|\u2606Electroshibe\n|t:|1695389986\n|gametype|doubles\n|player|p1|Fucomix|karen|1045\n|player|p2|Electroshibe|benga|1051\n|teamsize|p1|6\n|teamsize|p2|6\n|gen|9\n|tier|[Gen 9] National Dex Doubles\n|rated|\n|rule|HP Percentage Mod: HP is shown in percentages\n|rule|Endless Battle Clause: Forcing endless battles is banned\n|rule|OHKO Clause: OHKO moves are banned\n|rule|Evasion Moves Clause: Evasion moves are banned\n|rule|Evasion Abilities Clause: Evasion abilities are banned\n|rule|Species Clause: Limit one of each Pok\u00e9mon\n|rule|Gravity Sleep Clause: The combination of sleep-inducing moves with imperfect accuracy and Gravity or Gigantamax Orbeetle are banned\n|clearpoke\n|poke|p1|Charizard, M|\n|poke|p1|Pikachu, F|\n|poke|p1|Noctowl, F|\n|poke|p1|Muk-Alola, M|\n|poke|p1|Alcremie, F|\n|poke|p1|Metagross|\n|poke|p2|Ninetales, M|\n|poke|p2|Ceruledge, M|\n|poke|p2|Arcanine-Hisui, F|\n|poke|p2|Fezandipiti, M|\n|poke|p2|Eevee, F|\n|poke|p2|Amoonguss, M|\n|teampreview\n|\n|t:|1695389998\n|start\n|switch|p1a: Metagross|Metagross|100\/100\n|switch|p1b: Alcremie|Alcremie, F|100\/100\n|switch|p2a: Prism|Eevee, F|100\/100\n|switch|p2b: SUS|Amoonguss, M|100\/100\n|turn|1\n|\n|t:|1695390013\n|move|p2b: SUS|Rage Powder|p2b: SUS\n|-singleturn|p2b: SUS|move: Rage Powder\n|-zpower|p2a: Prism\n|move|p2a: Prism|Extreme Evoboost|p2a: Prism\n|-boost|p2a: Prism|atk|2\n|-boost|p2a: Prism|def|2\n|-boost|p2a: Prism|spa|2\n|-boost|p2a: Prism|spd|2\n|-boost|p2a: Prism|spe|2\n|move|p1a: Metagross|Psychic|p2b: SUS\n|-supereffective|p2b: SUS\n|-damage|p2b: SUS|50\/100\n|move|p1b: Alcremie|Mystical Fire|p2b: SUS\n|-supereffective|p2b: SUS\n|-damage|p2b: SUS|27\/100\n|-unboost|p2b: SUS|spa|1\n|\n|-heal|p2b: SUS|34\/100|[from] item: Black Sludge\n|upkeep\n|turn|2\n|\n|t:|1695390032\n|move|p2b: SUS|Rage Powder|p2b: SUS\n|-singleturn|p2b: SUS|move: Rage Powder\n|move|p1b: Alcremie|Baby-Doll Eyes|p2b: SUS\n|-unboost|p2b: SUS|atk|1\n|move|p2a: Prism|Baton Pass|p2a: Prism\n|\n|t:|1695390040\n|switch|p2a: Funny|Ceruledge, M|100\/100|[from] Baton Pass\n|move|p1a: Metagross|Icy Wind|p2b: SUS|[spread] p2b\n|-miss|p1a: Metagross|p2a: Funny\n|-supereffective|p2b: SUS\n|-damage|p2b: SUS|17\/100\n|-unboost|p2b: SUS|spe|1\n|\n|-heal|p2b: SUS|24\/100|[from] item: Black Sludge\n|upkeep\n|turn|3\n|\n|t:|1695390063\n|move|p2b: SUS|Rage Powder|p2b: SUS\n|-singleturn|p2b: SUS|move: Rage Powder\n|move|p2a: Funny|Swords Dance|p2a: Funny\n|-boost|p2a: Funny|atk|2\n|move|p1a: Metagross|Icy Wind|p2a: Funny|[spread] p2a,p2b\n|-resisted|p2a: Funny\n|-supereffective|p2b: SUS\n|-damage|p2a: Funny|97\/100\n|-damage|p2b: SUS|9\/100\n|-unboost|p2a: Funny|spe|1\n|-unboost|p2b: SUS|spe|1\n|move|p1b: Alcremie|Mystical Fire|p2b: SUS\n|-supereffective|p2b: SUS\n|-damage|p2b: SUS|0 fnt\n|faint|p2b: SUS\n|\n|upkeep\n|\n|t:|1695390074\n|switch|p2b: Birdup|Fezandipiti, M|100\/100\n|turn|4\n|\n|t:|1695390087\n|move|p1b: Alcremie|Baby-Doll Eyes|p2a: Funny\n|-unboost|p2a: Funny|atk|1\n|move|p2a: Funny|Bitter Blade|p1a: Metagross\n|-supereffective|p1a: Metagross\n|-damage|p1a: Metagross|0 fnt\n|-heal|p2a: Funny|100\/100|[from] drain|[of] p1a: Metagross\n|faint|p1a: Metagross\n|move|p2b: Birdup|Tailwind|p2b: Birdup\n|-sidestart|p2: Electroshibe|move: Tailwind\n|\n|upkeep\n|\n|t:|1695390106\n|switch|p1a: Noctowl|Noctowl, F|100\/100\n|turn|5\n|\n|t:|1695390113\n|move|p1b: Alcremie|Baby-Doll Eyes|p2a: Funny\n|-unboost|p2a: Funny|atk|1\n|move|p2a: Funny|Bitter Blade|p1b: Alcremie\n|-damage|p1b: Alcremie|0 fnt\n|-damage|p2a: Funny|84\/100|[from] item: Rocky Helmet|[of] p1b: Alcremie\n|faint|p1b: Alcremie\n|move|p2b: Birdup|Icy Wind|p1a: Noctowl\n|-supereffective|p1a: Noctowl\n|-damage|p1a: Noctowl|84\/100\n|-unboost|p1a: Noctowl|spe|1\n|move|p1a: Noctowl|Hypnosis|p2a: Funny\n|-status|p2a: Funny|slp|[from] move: Hypnosis\n|\n|upkeep\n|\n|t:|1695390129\n|switch|p1b: CaptainPikachu|Pikachu, F|100\/100\n|turn|6\n|\n|t:|1695390153\n|cant|p2a: Funny|slp\n|move|p2b: Birdup|Dazzling Gleam|p1b: CaptainPikachu|[spread] p1a,p1b\n|-damage|p1a: Noctowl|70\/100\n|-damage|p1b: CaptainPikachu|56\/100\n|-status|p1b: CaptainPikachu|tox|[from] ability: Toxic Chain|[of] p2b: Birdup\n|move|p1b: CaptainPikachu|Volt Tackle|p2a: Funny\n|-damage|p2a: Funny|36\/100 slp\n|-damage|p1b: CaptainPikachu|34\/100 tox|[from] Recoil\n|move|p1a: Noctowl|Dream Eater|p2a: Funny\n|-damage|p2a: Funny|24\/100 slp\n|-heal|p1a: Noctowl|75\/100|[from] drain|[of] p2a: Funny\n|\n|-damage|p1b: CaptainPikachu|28\/100 tox|[from] psn\n|upkeep\n|turn|7\n|\n|t:|1695390181\n|-curestatus|p2a: Funny|slp|[msg]\n|move|p2a: Funny|Bitter Blade|p1a: Noctowl\n|-damage|p1a: Noctowl|0 fnt\n|-heal|p2a: Funny|76\/100|[from] drain|[of] p1a: Noctowl\n|faint|p1a: Noctowl\n|move|p2b: Birdup|Dazzling Gleam|p1b: CaptainPikachu\n|-damage|p1b: CaptainPikachu|0 fnt\n|faint|p1b: CaptainPikachu\n|\n|-sideend|p2: Electroshibe|move: Tailwind\n|upkeep\n|\n|t:|1695390193\n|switch|p1b: Muk|Muk-Alola, M|100\/100\n|switch|p1a: FriedeCharizard|Charizard, M|100\/100\n|turn|8\n|\n|t:|1695390271\n|-terastallize|p2a: Funny|Fighting\n|-terastallize|p1b: Muk|Ghost\n|move|p2a: Funny|Bitter Blade|p1b: Muk\n|-damage|p1b: Muk|11\/100\n|-heal|p2a: Funny|100\/100|[from] drain|[of] p1b: Muk\n|-enditem|p1b: Muk|Figy Berry|[eat]\n|-heal|p1b: Muk|44\/100|[from] item: Figy Berry\n|move|p2b: Birdup|Tailwind|p2b: Birdup\n|-sidestart|p2: Electroshibe|move: Tailwind\n|move|p1a: FriedeCharizard|Air Slash|p2a: Funny\n|-supereffective|p2a: Funny\n|-damage|p2a: Funny|71\/100\n|-enditem|p2a: Funny|Weakness Policy\n|-boost|p2a: Funny|atk|2|[from] item: Weakness Policy\n|-boost|p2a: Funny|spa|2|[from] item: Weakness Policy\n|move|p1b: Muk|Curse|p2b: Birdup\n|-start|p2b: Birdup|Curse|[of] p1b: Muk\n|-damage|p1b: Muk|0 fnt\n|faint|p1b: Muk\n|\n|-damage|p2b: Birdup|76\/100|[from] Curse\n|upkeep\n|turn|9\n|\n|t:|1695390301\n|move|p2a: Funny|Shadow Sneak|p1a: FriedeCharizard\n|-damage|p1a: FriedeCharizard|24\/100\n|move|p2b: Birdup|Icy Wind|p1a: FriedeCharizard\n|-damage|p1a: FriedeCharizard|12\/100\n|-unboost|p1a: FriedeCharizard|spe|1\n|-status|p1a: FriedeCharizard|tox|[from] ability: Toxic Chain|[of] p2b: Birdup\n|move|p1a: FriedeCharizard|Air Slash|p2a: Funny\n|-supereffective|p2a: Funny\n|-damage|p2a: Funny|37\/100\n|\n|-damage|p1a: FriedeCharizard|6\/100 tox|[from] psn\n|-damage|p2b: Birdup|51\/100|[from] Curse\n|upkeep\n|turn|10\n|\n|t:|1695390319\n|switch|p2a: Helios|Ninetales, M|100\/100\n|-weather|SunnyDay|[from] ability: Drought|[of] p2a: Helios\n|switch|p2b: Prism|Eevee, F|100\/100\n|move|p1a: FriedeCharizard|Air Slash|p2a: Helios\n|-damage|p2a: Helios|66\/100\n|\n|-weather|SunnyDay|[upkeep]\n|-damage|p1a: FriedeCharizard|0 fnt|[from] psn\n|faint|p1a: FriedeCharizard\n|\n|win|Electroshibe\n|upkeep\n|raw|Fucomix's rating: 1045 &rarr; <strong>1029<\/strong><br \/>(-16 for losing)\n|raw|Electroshibe's rating: 1051 &rarr; <strong>1083<\/strong><br \/>(+32 for winning)\n|l|\u2606Fucomix\n","uploadtime":1695390334,"views":11,"p1id":"fucomix","p2id":"electroshibe","formatid":"gen9nationaldexdoubles","rating":1029,"private":0,"password":""}