{"id":"gen9nationaldexdoubles-1963750017","p1":"void786","p2":"MagikarpLover12876","format":"[Gen 9] National Dex Doubles","log":"|j|\u2606void786\n|j|\u2606MagikarpLover12876\n|t:|1696896281\n|gametype|doubles\n|player|p1|void786|shadowtriad|\n|player|p2|MagikarpLover12876|steven|\n|teamsize|p1|6\n|teamsize|p2|6\n|gen|9\n|tier|[Gen 9] National Dex Doubles\n|rule|HP Percentage Mod: HP is shown in percentages\n|rule|Endless Battle Clause: Forcing endless battles is banned\n|rule|OHKO Clause: OHKO moves are banned\n|rule|Evasion Moves Clause: Evasion moves are banned\n|rule|Evasion Abilities Clause: Evasion abilities are banned\n|rule|Species Clause: Limit one of each Pok\u00e9mon\n|rule|Gravity Sleep Clause: The combination of sleep-inducing moves with imperfect accuracy and Gravity or Gigantamax Orbeetle are banned\n|clearpoke\n|poke|p1|Great Tusk|\n|poke|p1|Charizard, M|\n|poke|p1|Cresselia, F|\n|poke|p1|Scream Tail|\n|poke|p1|Ting-Lu|\n|poke|p1|Basculegion-F, F|\n|poke|p2|Eevee, M|\n|poke|p2|Stakataka|\n|poke|p2|Psyduck, F|\n|poke|p2|Moltres-Galar|\n|poke|p2|Regidrago|\n|poke|p2|Darkrai|\n|teampreview\n|\n|t:|1696896410\n|start\n|switch|p1a: Ting-Lu|Ting-Lu|100\/100\n|switch|p1b: S-500|Charizard, M|100\/100\n|switch|p2a: Brick Man|Stakataka, shiny|100\/100\n|switch|p2b: Grandma Slayer|Regidrago, shiny|100\/100\n|-ability|p1a: Ting-Lu|Vessel of Ruin\n|turn|1\n|\n|t:|1696896437\n|detailschange|p1b: S-500|Charizard-Mega-Y, M\n|-mega|p1b: S-500|Charizard|Charizardite Y\n|-weather|SunnyDay|[from] ability: Drought|[of] p1b: S-500\n|move|p2b: Grandma Slayer|Dragon Energy|p1b: S-500|[spread] p1a,p1b\n|-damage|p1a: Ting-Lu|65\/100\n|-damage|p1b: S-500|65\/100\n|move|p1b: S-500|Heat Wave|p2a: Brick Man|[spread] p2a,p2b\n|-resisted|p2b: Grandma Slayer\n|-damage|p2a: Brick Man|45\/100\n|-damage|p2b: Grandma Slayer|79\/100\n|move|p1a: Ting-Lu|Stealth Rock|p2b: Grandma Slayer\n|-sidestart|p2: MagikarpLover12876|move: Stealth Rock\n|move|p2a: Brick Man|Trick Room|p2a: Brick Man\n|-fieldstart|move: Trick Room|[of] p2a: Brick Man\n|\n|-weather|SunnyDay|[upkeep]\n|-damage|p2a: Brick Man|32\/100|[from] item: Black Sludge\n|-heal|p1a: Ting-Lu|72\/100|[from] item: Leftovers\n|-status|p2b: Grandma Slayer|tox|[from] item: Toxic Orb\n|upkeep\n|turn|2\n|\n|t:|1696896479\n|move|p2a: Brick Man|Steel Beam|p1a: Ting-Lu\n|-damage|p1a: Ting-Lu|54\/100\n|-damage|p2a: Brick Man|0 fnt|[from] steelbeam\n|faint|p2a: Brick Man\n|move|p1a: Ting-Lu|Ruination|p2b: Grandma Slayer\n|-damage|p2b: Grandma Slayer|40\/100 tox\n|move|p1b: S-500|Heat Wave|p2b: Grandma Slayer\n|-resisted|p2b: Grandma Slayer\n|-damage|p2b: Grandma Slayer|10\/100 tox\n|move|p2b: Grandma Slayer|Self-Destruct|p1a: Ting-Lu|[spread] p1a,p1b\n|-damage|p1a: Ting-Lu|34\/100\n|-damage|p1b: S-500|9\/100\n|faint|p2b: Grandma Slayer\n|\n|-weather|SunnyDay|[upkeep]\n|-heal|p1a: Ting-Lu|41\/100|[from] item: Leftovers\n|upkeep\n|\n|t:|1696896495\n|switch|p2a: Literal God|Psyduck, F, shiny|100\/100\n|switch|p2b: Rush Eevee|Eevee, M, shiny|100\/100\n|-damage|p2a: Literal God|88\/100|[from] Stealth Rock\n|-damage|p2b: Rush Eevee|88\/100|[from] Stealth Rock\n|turn|3\n|\n|t:|1696896510\n|switch|p1b: Tsar bomba|Scream Tail|100\/100\n|-activate|p1b: Tsar bomba|ability: Protosynthesis\n|-start|p1b: Tsar bomba|protosynthesisspe\n|move|p1a: Ting-Lu|Ruination|p2a: Literal God\n|-damage|p2a: Literal God|44\/100\n|move|p2a: Literal God|Simple Beam|p2b: Rush Eevee\n|-endability|p2b: Rush Eevee|Anticipation|[from] move: Simple Beam\n|-ability|p2b: Rush Eevee|Simple|[from] move: Simple Beam\n|-zpower|p2b: Rush Eevee\n|move|p2b: Rush Eevee|Extreme Evoboost|p2b: Rush Eevee\n|-boost|p2b: Rush Eevee|atk|4\n|-boost|p2b: Rush Eevee|def|4\n|-boost|p2b: Rush Eevee|spa|4\n|-boost|p2b: Rush Eevee|spd|4\n|-boost|p2b: Rush Eevee|spe|4\n|\n|-weather|SunnyDay|[upkeep]\n|-heal|p1a: Ting-Lu|47\/100|[from] item: Leftovers\n|upkeep\n|turn|4\n|\n|t:|1696896536\n|move|p2a: Literal God|Disable||[still]\n|-fail|p2a: Literal God\n|move|p1b: Tsar bomba|Perish Song|p1b: Tsar bomba\n|-start|p1a: Ting-Lu|perish3|[silent]\n|-start|p1b: Tsar bomba|perish3|[silent]\n|-start|p2a: Literal God|perish3|[silent]\n|-start|p2b: Rush Eevee|perish3|[silent]\n|-fieldactivate|move: Perish Song\n|move|p2b: Rush Eevee|Baton Pass|p2b: Rush Eevee\n|\n|t:|1696896543\n|switch|p2b: Destroyer of World|Moltres-Galar, shiny|100\/100|[from] Baton Pass\n|-damage|p2b: Destroyer of World|76\/100|[from] Stealth Rock\n|move|p1a: Ting-Lu|Whirlwind|p2b: Destroyer of World\n|drag|p2b: Rush Eevee|Eevee, M, shiny|88\/100\n|-damage|p2b: Rush Eevee|76\/100|[from] Stealth Rock\n|\n|-weather|SunnyDay|[upkeep]\n|-heal|p1a: Ting-Lu|53\/100|[from] item: Leftovers\n|-start|p1a: Ting-Lu|perish3\n|-start|p2a: Literal God|perish3\n|-start|p1b: Tsar bomba|perish3\n|upkeep\n|turn|5\n|-message|MagikarpLover12876 forfeited.\n|\n|win|void786\n|l|\u2606MagikarpLover12876\n","uploadtime":1696896620,"views":9,"p1id":"void786","p2id":"magikarplover12876","formatid":"gen9nationaldexdoubles","rating":0,"private":0,"password":""}