{"id":"gen9nationaldexdoubles-1999793385","p1":"Voadera","p2":"fumbari 24","format":"[Gen 9] National Dex Doubles","log":"|j|\u2606Voadera\n|j|\u2606fumbari 24\n|t:|1701117222\n|gametype|doubles\n|player|p1|Voadera|dancer|1188\n|player|p2|fumbari 24|hilbert|1227\n|teamsize|p1|6\n|teamsize|p2|6\n|gen|9\n|tier|[Gen 9] National Dex Doubles\n|rated|\n|rule|HP Percentage Mod: HP is shown in percentages\n|rule|Endless Battle Clause: Forcing endless battles is banned\n|rule|OHKO Clause: OHKO moves are banned\n|rule|Evasion Moves Clause: Evasion moves are banned\n|rule|Evasion Abilities Clause: Evasion abilities are banned\n|rule|Species Clause: Limit one of each Pok\u00e9mon\n|rule|Gravity Sleep Clause: The combination of sleep-inducing moves with imperfect accuracy and Gravity or Gigantamax Orbeetle are banned\n|clearpoke\n|poke|p1|Beedrill, M|\n|poke|p1|Kommo-o, M|\n|poke|p1|Samurott-Hisui, F|\n|poke|p1|Serperior, F|\n|poke|p1|Armarouge, F|\n|poke|p1|Sylveon, M|\n|poke|p2|Salazzle, F|\n|poke|p2|Vespiquen, F|\n|poke|p2|Mandibuzz, F|\n|poke|p2|Tyrantrum, F|\n|poke|p2|Chandelure, F|\n|poke|p2|Empoleon, M|\n|teampreview\n|inactive|Battle timer is ON: inactive players will automatically lose when time's up. (requested by Voadera)\n|\n|t:|1701117233\n|start\n|switch|p1a: Samurott|Samurott-Hisui, F|100\/100\n|switch|p1b: Sylveon|Sylveon, M|100\/100\n|switch|p2a: Salazzle|Salazzle, F, shiny|100\/100\n|switch|p2b: Tyrantrum|Tyrantrum, F, shiny|100\/100\n|turn|1\n|\n|t:|1701117242\n|move|p2a: Salazzle|Fake Out|p1b: Sylveon\n|-damage|p1b: Sylveon|93\/100\n|move|p1a: Samurott|Ceaseless Edge|p2a: Salazzle\n|-damage|p2a: Salazzle|39\/100\n|-sidestart|p2: fumbari 24|Spikes\n|move|p2b: Tyrantrum|Scale Shot|p1a: Samurott\n|-crit|p1a: Samurott\n|-damage|p1a: Samurott|76\/100\n|-damage|p1a: Samurott|58\/100\n|-damage|p1a: Samurott|40\/100\n|-hitcount|p1a: Samurott|3\n|-unboost|p2b: Tyrantrum|def|1\n|-boost|p2b: Tyrantrum|spe|1\n|cant|p1b: Sylveon|flinch\n|\n|upkeep\n|turn|2\n|\n|t:|1701117263\n|move|p1a: Samurott|Ceaseless Edge|p2b: Tyrantrum\n|-damage|p2b: Tyrantrum|42\/100\n|-sidestart|p2: fumbari 24|Spikes\n|move|p2b: Tyrantrum|Head Smash|p1b: Sylveon\n|-damage|p1b: Sylveon|0 fnt\n|faint|p1b: Sylveon\n|move|p2a: Salazzle|Overheat|p1a: Samurott\n|-resisted|p1a: Samurott\n|-damage|p1a: Samurott|5\/100\n|-unboost|p2a: Salazzle|spa|2\n|-enditem|p2a: Salazzle|Eject Pack\n|\n|t:|1701117274\n|switch|p2a: Mandibuzz|Mandibuzz, F|100\/100\n|\n|upkeep\n|\n|t:|1701117283\n|switch|p1b: Serperior|Serperior, F|100\/100\n|turn|3\n|\n|t:|1701117298\n|move|p2b: Tyrantrum|Protect|p2b: Tyrantrum\n|-singleturn|p2b: Tyrantrum|Protect\n|move|p1a: Samurott|Ceaseless Edge|p2b: Tyrantrum\n|-activate|p2b: Tyrantrum|move: Protect\n|move|p1b: Serperior|Leaf Storm|p2b: Tyrantrum\n|-activate|p2b: Tyrantrum|move: Protect\n|move|p2a: Mandibuzz|Tailwind|p2a: Mandibuzz\n|-sidestart|p2: fumbari 24|move: Tailwind\n|\n|upkeep\n|turn|4\n|\n|t:|1701117312\n|move|p2b: Tyrantrum|Rock Slide|p1a: Samurott|[spread] p1b\n|-miss|p2b: Tyrantrum|p1a: Samurott\n|-damage|p1b: Serperior|61\/100\n|move|p1a: Samurott|Ceaseless Edge|p2b: Tyrantrum\n|-damage|p2b: Tyrantrum|0 fnt\n|-sidestart|p2: fumbari 24|Spikes\n|faint|p2b: Tyrantrum\n|move|p2a: Mandibuzz|Foul Play|p1b: Serperior\n|-damage|p1b: Serperior|39\/100\n|cant|p1b: Serperior|flinch\n|\n|upkeep\n|\n|t:|1701117332\n|switch|p2b: Vespiquen|Vespiquen, F|100\/100\n|-ability|p2b: Vespiquen|Unnerve\n|turn|5\n|\n|t:|1701117342\n|move|p1a: Samurott|Ceaseless Edge|p2a: Mandibuzz\n|-resisted|p2a: Mandibuzz\n|-damage|p2a: Mandibuzz|85\/100\n|move|p2a: Mandibuzz|Foul Play|p1a: Samurott\n|-resisted|p1a: Samurott\n|-damage|p1a: Samurott|0 fnt\n|faint|p1a: Samurott\n|move|p1b: Serperior|Glare|p2a: Mandibuzz\n|-status|p2a: Mandibuzz|par\n|move|p2b: Vespiquen|Attack Order|p1b: Serperior\n|-supereffective|p1b: Serperior\n|-damage|p1b: Serperior|0 fnt\n|faint|p1b: Serperior\n|\n|upkeep\n|\n|t:|1701117361\n|switch|p1b: Kommo-o|Kommo-o, M|100\/100\n|switch|p1a: Armarouge|Armarouge, F|100\/100\n|turn|6\n|\n|t:|1701117373\n|-terastallize|p1b: Kommo-o|Steel\n|-terastallize|p2b: Vespiquen|Poison\n|move|p1b: Kommo-o|Belly Drum|p1b: Kommo-o\n|-damage|p1b: Kommo-o|51\/100\n|-setboost|p1b: Kommo-o|atk|6|[from] move: Belly Drum\n|move|p1a: Armarouge|Heat Wave|p2a: Mandibuzz|[spread] p2a,p2b\n|-damage|p2a: Mandibuzz|59\/100 par\n|-damage|p2b: Vespiquen|72\/100\n|cant|p2a: Mandibuzz|par\n|move|p2b: Vespiquen|Defend Order|p2b: Vespiquen\n|-boost|p2b: Vespiquen|def|1\n|-boost|p2b: Vespiquen|spd|1\n|\n|-sideend|p2: fumbari 24|move: Tailwind\n|upkeep\n|turn|7\n|\n|t:|1701117401\n|move|p1b: Kommo-o|Breaking Swipe|p2b: Vespiquen|[spread] p2a,p2b\n|-damage|p2a: Mandibuzz|0 fnt\n|-damage|p2b: Vespiquen|29\/100\n|-unboost|p2b: Vespiquen|atk|1\n|-enditem|p2b: Vespiquen|Sitrus Berry|[eat]\n|-heal|p2b: Vespiquen|54\/100|[from] item: Sitrus Berry\n|faint|p2a: Mandibuzz\n|move|p1a: Armarouge|Heat Wave|p2b: Vespiquen\n|-damage|p2b: Vespiquen|25\/100\n|move|p2b: Vespiquen|Defend Order|p2b: Vespiquen\n|-boost|p2b: Vespiquen|def|1\n|-boost|p2b: Vespiquen|spd|1\n|\n|upkeep\n|\n|t:|1701117412\n|switch|p2a: Salazzle|Salazzle, F, shiny|39\/100\n|-damage|p2a: Salazzle|14\/100|[from] Spikes\n|turn|8\n|\n|t:|1701117419\n|move|p2a: Salazzle|Overheat|p1b: Kommo-o\n|-supereffective|p1b: Kommo-o\n|-damage|p1b: Kommo-o|0 fnt\n|-unboost|p2a: Salazzle|spa|2\n|faint|p1b: Kommo-o\n|move|p1a: Armarouge|Heat Wave|p2a: Salazzle|[spread] p2a\n|-miss|p1a: Armarouge|p2b: Vespiquen\n|-resisted|p2a: Salazzle\n|-damage|p2a: Salazzle|0 fnt\n|faint|p2a: Salazzle\n|move|p2b: Vespiquen|Roost|p2b: Vespiquen\n|-heal|p2b: Vespiquen|75\/100\n|\n|upkeep\n|\n|t:|1701117447\n|switch|p2a: Chandelure|Chandelure, F|100\/100\n|switch|p1b: Beedrill|Beedrill, M|100\/100\n|-damage|p2a: Chandelure|75\/100|[from] Spikes\n|turn|9\n|\n|t:|1701117457\n|detailschange|p1b: Beedrill|Beedrill-Mega, M\n|-mega|p1b: Beedrill|Beedrill|Beedrillite\n|move|p1b: Beedrill|Knock Off|p2a: Chandelure\n|-supereffective|p2a: Chandelure\n|-damage|p2a: Chandelure|0 fnt\n|-enditem|p2a: Chandelure|Safety Goggles|[from] move: Knock Off|[of] p1b: Beedrill\n|faint|p2a: Chandelure\n|move|p1a: Armarouge|Psychic|p2b: Vespiquen\n|-supereffective|p2b: Vespiquen\n|-damage|p2b: Vespiquen|38\/100\n|move|p2b: Vespiquen|Defend Order|p2b: Vespiquen\n|-boost|p2b: Vespiquen|def|1\n|-boost|p2b: Vespiquen|spd|1\n|\n|upkeep\n|\n|t:|1701117466\n|switch|p2a: Empoleon|Empoleon, M, shiny|100\/100\n|-damage|p2a: Empoleon|75\/100|[from] Spikes\n|turn|10\n|\n|t:|1701117472\n|move|p1b: Beedrill|Knock Off|p2b: Vespiquen\n|-damage|p2b: Vespiquen|29\/100\n|move|p1a: Armarouge|Heat Wave|p2b: Vespiquen|[spread] p2a,p2b\n|-damage|p2a: Empoleon|42\/100\n|-damage|p2b: Vespiquen|18\/100\n|move|p2a: Empoleon|Yawn|p1b: Beedrill\n|-start|p1b: Beedrill|move: Yawn|[of] p2a: Empoleon\n|move|p2b: Vespiquen|Roost|p2b: Vespiquen\n|-heal|p2b: Vespiquen|68\/100\n|\n|-heal|p2a: Empoleon|48\/100|[from] item: Leftovers\n|upkeep\n|turn|11\n|\n|t:|1701117488\n|move|p2a: Empoleon|Protect|p2a: Empoleon\n|-singleturn|p2a: Empoleon|Protect\n|move|p1b: Beedrill|Drill Run|p2b: Vespiquen\n|-supereffective|p2b: Vespiquen\n|-damage|p2b: Vespiquen|48\/100\n|move|p1a: Armarouge|Heat Wave|p2b: Vespiquen|[spread] p2b\n|-activate|p2a: Empoleon|move: Protect\n|-damage|p2b: Vespiquen|36\/100\n|move|p2b: Vespiquen|Roost|p2b: Vespiquen\n|-heal|p2b: Vespiquen|86\/100\n|\n|-heal|p2a: Empoleon|55\/100|[from] item: Leftovers\n|-end|p1b: Beedrill|move: Yawn|[silent]\n|-status|p1b: Beedrill|slp\n|upkeep\n|turn|12\n|\n|t:|1701117503\n|cant|p1b: Beedrill|slp\n|move|p1a: Armarouge|Heat Wave|p2b: Vespiquen|[spread] p2a,p2b\n|-damage|p2a: Empoleon|24\/100\n|-damage|p2b: Vespiquen|74\/100\n|move|p2a: Empoleon|Scald|p1a: Armarouge\n|-supereffective|p1a: Armarouge\n|-damage|p1a: Armarouge|19\/100\n|-enditem|p1a: Armarouge|Weakness Policy\n|-boost|p1a: Armarouge|atk|2|[from] item: Weakness Policy\n|-boost|p1a: Armarouge|spa|2|[from] item: Weakness Policy\n|move|p2b: Vespiquen|Attack Order|p1a: Armarouge\n|-damage|p1a: Armarouge|1\/100\n|-ability|p1a: Armarouge|Weak Armor|boost\n|-unboost|p1a: Armarouge|def|1\n|-boost|p1a: Armarouge|spe|2\n|\n|-heal|p2a: Empoleon|30\/100|[from] item: Leftovers\n|upkeep\n|turn|13\n|\n|t:|1701117522\n|move|p2a: Empoleon|Protect|p2a: Empoleon\n|-singleturn|p2a: Empoleon|Protect\n|move|p1a: Armarouge|Heat Wave|p2a: Empoleon|[spread] p2b\n|-activate|p2a: Empoleon|move: Protect\n|-damage|p2b: Vespiquen|48\/100\n|-curestatus|p1b: Beedrill|slp|[msg]\n|move|p1b: Beedrill|Drill Run|p2b: Vespiquen\n|-supereffective|p2b: Vespiquen\n|-damage|p2b: Vespiquen|28\/100\n|move|p2b: Vespiquen|Attack Order|p1a: Armarouge\n|-damage|p1a: Armarouge|0 fnt\n|faint|p1a: Armarouge\n|\n|-heal|p2a: Empoleon|36\/100|[from] item: Leftovers\n|upkeep\n|turn|14\n|\n|t:|1701117539\n|move|p1b: Beedrill|Drill Run|p2b: Vespiquen\n|-supereffective|p2b: Vespiquen\n|-damage|p2b: Vespiquen|5\/100\n|move|p2a: Empoleon|Scald|p1b: Beedrill\n|-damage|p1b: Beedrill|57\/100\n|-status|p1b: Beedrill|brn\n|move|p2b: Vespiquen|Roost|p2b: Vespiquen\n|-heal|p2b: Vespiquen|56\/100\n|\n|-heal|p2a: Empoleon|42\/100|[from] item: Leftovers\n|-damage|p1b: Beedrill|51\/100 brn|[from] brn\n|upkeep\n|turn|15\n|-message|Voadera forfeited.\n|\n|win|fumbari 24\n|raw|Voadera's rating: 1188 &rarr; <strong>1166<\/strong><br \/>(-22 for losing)\n|raw|fumbari 24's rating: 1227 &rarr; <strong>1249<\/strong><br \/>(+22 for winning)\n|l|\u2606Voadera\n","uploadtime":1701117550,"views":12,"p1id":"voadera","p2id":"fumbari24","formatid":"gen9nationaldexdoubles","rating":1166,"private":0,"password":""}