{"id":"gen9nationaldexdoubles-1964024212","p1":"georgexiii","p2":"123 the 7","format":"[Gen 9] National Dex Doubles","log":"|j|\u2606georgexiii\n|j|\u2606123 the 7\n|t:|1696931762\n|gametype|doubles\n|player|p1|georgexiii|birdkeeper-gen4dp|1053\n|player|p2|123 the 7|veteran|1284\n|teamsize|p1|6\n|teamsize|p2|6\n|gen|9\n|tier|[Gen 9] National Dex Doubles\n|rated|\n|rule|HP Percentage Mod: HP is shown in percentages\n|rule|Endless Battle Clause: Forcing endless battles is banned\n|rule|OHKO Clause: OHKO moves are banned\n|rule|Evasion Moves Clause: Evasion moves are banned\n|rule|Evasion Abilities Clause: Evasion abilities are banned\n|rule|Species Clause: Limit one of each Pok\u00e9mon\n|rule|Gravity Sleep Clause: The combination of sleep-inducing moves with imperfect accuracy and Gravity or Gigantamax Orbeetle are banned\n|clearpoke\n|poke|p1|Ribombee, F|\n|poke|p1|Oricorio-Pom-Pom, F|\n|poke|p1|Clefable, F|\n|poke|p1|Primarina, M|\n|poke|p1|Chandelure, F|\n|poke|p1|Lopunny, F|\n|poke|p2|Reuniclus, F|\n|poke|p2|Conkeldurr, M|\n|poke|p2|Togekiss, F|\n|poke|p2|Jellicent, F|\n|poke|p2|Scizor, M|\n|poke|p2|Marowak, F|\n|teampreview\n|l|\u2606123 the 7\n|player|p2|\n|c|\u2606georgexiii|hiii\n|j|\u2606123 the 7\n|player|p2|123 the 7|veteran\n|inactive|Battle timer is ON: inactive players will automatically lose when time's up. (requested by 123 the 7)\n|\n|t:|1696931817\n|start\n|switch|p1a: Midge|Clefable, F|100\/100\n|switch|p1b: President Barbie|Lopunny, F, shiny|100\/100\n|switch|p2a: Jellicent|Jellicent, F, shiny|100\/100\n|switch|p2b: Marowak|Marowak, F|100\/100\n|turn|1\n|\n|t:|1696931836\n|switch|p2b: Togekiss|Togekiss, F|100\/100\n|detailschange|p1b: President Barbie|Lopunny-Mega, F, shiny\n|-mega|p1b: President Barbie|Lopunny|Lopunnite\n|move|p1b: President Barbie|Fake Out|p2a: Jellicent\n|-damage|p2a: Jellicent|74\/100\n|move|p1a: Midge|Toxic|p2b: Togekiss\n|-status|p2b: Togekiss|tox\n|cant|p2a: Jellicent|flinch\n|\n|-heal|p2a: Jellicent|80\/100|[from] item: Leftovers\n|-damage|p2b: Togekiss|94\/100 tox|[from] psn\n|upkeep\n|turn|2\n|\n|t:|1696931852\n|move|p1a: Midge|Follow Me|p1a: Midge\n|-singleturn|p1a: Midge|move: Follow Me\n|move|p1b: President Barbie|Power-Up Punch|p2a: Jellicent\n|-damage|p2a: Jellicent|54\/100\n|-boost|p1b: President Barbie|atk|1\n|move|p2b: Togekiss|Air Slash|p1a: Midge\n|-damage|p1a: Midge|78\/100\n|move|p2a: Jellicent|Will-O-Wisp|p1a: Midge|[miss]\n|-miss|p2a: Jellicent|p1a: Midge\n|\n|-heal|p2b: Togekiss|100\/100 tox|[from] item: Leftovers\n|-heal|p2a: Jellicent|61\/100|[from] item: Leftovers\n|-damage|p2b: Togekiss|88\/100 tox|[from] psn\n|upkeep\n|turn|3\n|inactive|123 the 7 has 120 seconds left.\n|\n|t:|1696931882\n|move|p1a: Midge|Follow Me|p1a: Midge\n|-singleturn|p1a: Midge|move: Follow Me\n|move|p1b: President Barbie|Power-Up Punch|p2a: Jellicent\n|-damage|p2a: Jellicent|24\/100\n|-boost|p1b: President Barbie|atk|1\n|move|p2b: Togekiss|Air Slash|p1a: Midge\n|-damage|p1a: Midge|54\/100\n|move|p2a: Jellicent|Will-O-Wisp|p1a: Midge\n|-status|p1a: Midge|brn\n|\n|-heal|p2b: Togekiss|94\/100 tox|[from] item: Leftovers\n|-heal|p2a: Jellicent|30\/100|[from] item: Leftovers\n|-damage|p2b: Togekiss|76\/100 tox|[from] psn\n|upkeep\n|turn|4\n|\n|t:|1696931911\n|move|p1a: Midge|Follow Me|p1a: Midge\n|-singleturn|p1a: Midge|move: Follow Me\n|move|p1b: President Barbie|Power-Up Punch|p2a: Jellicent\n|-damage|p2a: Jellicent|0 fnt\n|-boost|p1b: President Barbie|atk|1\n|faint|p2a: Jellicent\n|move|p2b: Togekiss|Wish|p2b: Togekiss\n|\n|-heal|p2b: Togekiss|82\/100 tox|[from] item: Leftovers\n|-damage|p2b: Togekiss|57\/100 tox|[from] psn\n|upkeep\n|\n|t:|1696931924\n|switch|p2a: Scizor|Scizor, M|100\/100\n|turn|5\n|\n|t:|1696931934\n|detailschange|p2a: Scizor|Scizor-Mega, M\n|-mega|p2a: Scizor|Scizor|Scizorite\n|move|p2b: Togekiss|Protect|p2b: Togekiss\n|-singleturn|p2b: Togekiss|Protect\n|move|p1a: Midge|Follow Me|p1a: Midge\n|-singleturn|p1a: Midge|move: Follow Me\n|move|p1b: President Barbie|High Jump Kick|p2a: Scizor\n|-damage|p2a: Scizor|0 fnt\n|faint|p2a: Scizor\n|\n|-heal|p2b: Togekiss|100\/100 tox|[from] move: Wish|[wisher] Togekiss\n|-damage|p2b: Togekiss|70\/100 tox|[from] psn\n|upkeep\n|\n|t:|1696931948\n|switch|p2a: Reuniclus|Reuniclus, F, shiny|100\/100\n|turn|6\n|-message|123 the 7 forfeited.\n|\n|win|georgexiii\n|raw|georgexiii's rating: 1053 &rarr; <strong>1104<\/strong><br \/>(+51 for winning)\n|raw|123 the 7's rating: 1284 &rarr; <strong>1244<\/strong><br \/>(-40 for losing)\n|l|\u2606123 the 7\n|c|\u2606georgexiii|gg\n","uploadtime":1696931958,"views":13,"p1id":"georgexiii","p2id":"123the7","formatid":"gen9nationaldexdoubles","rating":1104,"private":0,"password":""}