{"id":"gen9nationaldexdoubles-1999348883","p1":"BROCKISAROCK","p2":"Whaleu","format":"[Gen 9] National Dex Doubles","log":"|j|\u2606BROCKISAROCK\n|j|\u2606Whaleu\n|t:|1701064502\n|gametype|doubles\n|player|p1|BROCKISAROCK|brock|\n|player|p2|Whaleu|266|\n|teamsize|p1|6\n|teamsize|p2|6\n|gen|9\n|tier|[Gen 9] National Dex Doubles\n|rule|HP Percentage Mod: HP is shown in percentages\n|rule|Endless Battle Clause: Forcing endless battles is banned\n|rule|OHKO Clause: OHKO moves are banned\n|rule|Evasion Moves Clause: Evasion moves are banned\n|rule|Evasion Abilities Clause: Evasion abilities are banned\n|rule|Species Clause: Limit one of each Pok\u00e9mon\n|rule|Gravity Sleep Clause: The combination of sleep-inducing moves with imperfect accuracy and Gravity or Gigantamax Orbeetle are banned\n|rule|Item Clause: Limit one of each item\n|clearpoke\n|poke|p1|Gyarados, M|\n|poke|p1|Kricketune, F|\n|poke|p1|Krookodile, F|\n|poke|p1|Dudunsparce-*, F|\n|poke|p1|Machamp, M|\n|poke|p1|Sceptile, F|\n|poke|p2|Clefable, F|\n|poke|p2|Quaquaval, F|\n|poke|p2|Serperior, F|\n|poke|p2|Klinklang|\n|poke|p2|Nidoking, M|\n|poke|p2|Gliscor, F|\n|teampreview|4\n|\n|t:|1701064560\n|start\n|switch|p1a: JOHN BARRIO|Kricketune, F|100\/100\n|switch|p1b: K ROOL|Krookodile, F|100\/100\n|switch|p2a: Clefable|Clefable, F|100\/100\n|switch|p2b: Quaquaval|Quaquaval, F|100\/100\n|turn|1\n|j| prophetofsnacc\n|j| Felis Regalis\n|\n|t:|1701064613\n|move|p2a: Clefable|Follow Me|p2a: Clefable\n|-singleturn|p2a: Clefable|move: Follow Me\n|move|p1b: K ROOL|Gunk Shot|p2a: Clefable|[miss]\n|-miss|p1b: K ROOL|p2a: Clefable\n|move|p2b: Quaquaval|Close Combat|p1b: K ROOL\n|-supereffective|p1b: K ROOL\n|-enditem|p1b: K ROOL|Focus Sash\n|-damage|p1b: K ROOL|1\/100\n|-unboost|p2b: Quaquaval|def|1\n|-unboost|p2b: Quaquaval|spd|1\n|move|p1a: JOHN BARRIO|Sunny Day|p1a: JOHN BARRIO\n|-weather|SunnyDay\n|\n|-weather|SunnyDay|[upkeep]\n|upkeep\n|turn|2\n|\n|t:|1701064663\n|move|p1a: JOHN BARRIO|Helping Hand|p1b: K ROOL\n|-singleturn|p1b: K ROOL|Helping Hand|[of] p1a: JOHN BARRIO\n|move|p1b: K ROOL|Earthquake|p2b: Quaquaval|[spread] p1a,p2a,p2b\n|-resisted|p1a: JOHN BARRIO\n|-damage|p1a: JOHN BARRIO|53\/100\n|-damage|p2a: Clefable|60\/100\n|-damage|p2b: Quaquaval|0 fnt\n|faint|p2b: Quaquaval\n|-ability|p1b: K ROOL|Moxie|boost\n|-boost|p1b: K ROOL|atk|1\n|move|p2a: Clefable|Thunder Wave|p1a: JOHN BARRIO\n|-status|p1a: JOHN BARRIO|par\n|\n|-weather|SunnyDay|[upkeep]\n|upkeep\n|\n|t:|1701064687\n|switch|p2b: Gliscor|Gliscor, F|100\/100\n|turn|3\n|\n|t:|1701064732\n|move|p1b: K ROOL|Gunk Shot|p2a: Clefable\n|-supereffective|p2a: Clefable\n|-damage|p2a: Clefable|0 fnt\n|faint|p2a: Clefable\n|-ability|p1b: K ROOL|Moxie|boost\n|-boost|p1b: K ROOL|atk|1\n|move|p2b: Gliscor|Earth Power|p1b: K ROOL\n|-damage|p1b: K ROOL|0 fnt\n|faint|p1b: K ROOL\n|cant|p1a: JOHN BARRIO|par\n|\n|-weather|SunnyDay|[upkeep]\n|-status|p2b: Gliscor|tox|[from] item: Toxic Orb\n|upkeep\n|\n|t:|1701064746\n|switch|p1b: KUSH|Sceptile, F|100\/100\n|switch|p2a: Nidoking|Nidoking, M|100\/100\n|turn|4\n|\n|t:|1701064788\n|detailschange|p1b: KUSH|Sceptile-Mega, F\n|-mega|p1b: KUSH|Sceptile|Sceptilite\n|move|p1a: JOHN BARRIO|Helping Hand|p1b: KUSH\n|-singleturn|p1b: KUSH|Helping Hand|[of] p1a: JOHN BARRIO\n|move|p1b: KUSH|Solar Beam||[still]\n|-prepare|p1b: KUSH|Solar Beam\n|-anim|p1b: KUSH|Solar Beam|p2a: Nidoking\n|-damage|p2a: Nidoking|0 fnt\n|faint|p2a: Nidoking\n|move|p2b: Gliscor|Dual Wingbeat|p1b: KUSH\n|-supereffective|p1b: KUSH\n|-crit|p1b: KUSH\n|-damage|p1b: KUSH|41\/100\n|-supereffective|p1b: KUSH\n|-damage|p1b: KUSH|4\/100\n|-hitcount|p1b: KUSH|2\n|\n|-weather|SunnyDay|[upkeep]\n|upkeep\n|turn|5\n|\n|t:|1701064813\n|move|p1a: JOHN BARRIO|Helping Hand|p1b: KUSH\n|-singleturn|p1b: KUSH|Helping Hand|[of] p1a: JOHN BARRIO\n|move|p1b: KUSH|Solar Beam||[still]\n|-prepare|p1b: KUSH|Solar Beam\n|-anim|p1b: KUSH|Solar Beam|p2b: Gliscor\n|-damage|p2b: Gliscor|1\/100 tox\n|move|p2b: Gliscor|Dual Wingbeat|p1b: KUSH\n|-supereffective|p1b: KUSH\n|-damage|p1b: KUSH|0 fnt\n|faint|p1b: KUSH\n|-hitcount|p1: KUSH|1\n|\n|-weather|SunnyDay|[upkeep]\n|-heal|p2b: Gliscor|14\/100 tox|[from] ability: Poison Heal\n|upkeep\n|\n|t:|1701064828\n|switch|p1b: SHRIMP|Gyarados, M|100\/100\n|-ability|p1b: SHRIMP|Intimidate|boost\n|-unboost|p2b: Gliscor|atk|1\n|turn|6\n|\n|t:|1701064847\n|move|p2b: Gliscor|Roost|p2b: Gliscor\n|-heal|p2b: Gliscor|64\/100 tox\n|-singleturn|p2b: Gliscor|move: Roost\n|move|p1b: SHRIMP|Reflect|p1b: SHRIMP\n|-sidestart|p1: BROCKISAROCK|Reflect\n|move|p1a: JOHN BARRIO|Knock Off|p2b: Gliscor\n|-damage|p2b: Gliscor|49\/100 tox\n|-enditem|p2b: Gliscor|Toxic Orb|[from] move: Knock Off|[of] p1a: JOHN BARRIO\n|\n|-weather|SunnyDay|[upkeep]\n|-heal|p2b: Gliscor|62\/100 tox|[from] ability: Poison Heal\n|upkeep\n|turn|7\n|\n|t:|1701064882\n|move|p1b: SHRIMP|Helping Hand|p1a: JOHN BARRIO\n|-singleturn|p1a: JOHN BARRIO|Helping Hand|[of] p1b: SHRIMP\n|move|p2b: Gliscor|Dual Wingbeat|p1a: JOHN BARRIO\n|-supereffective|p1a: JOHN BARRIO\n|-damage|p1a: JOHN BARRIO|34\/100 par\n|-supereffective|p1a: JOHN BARRIO\n|-crit|p1a: JOHN BARRIO\n|-damage|p1a: JOHN BARRIO|0 fnt\n|faint|p1a: JOHN BARRIO\n|-hitcount|p1: JOHN BARRIO|2\n|\n|-weather|SunnyDay|[upkeep]\n|-heal|p2b: Gliscor|74\/100 tox|[from] ability: Poison Heal\n|upkeep\n|turn|8\n|-message|BROCKISAROCK forfeited.\n|\n|win|Whaleu\n|l|\u2606BROCKISAROCK\n|l| prophetofsnacc\n|l|\u2606Whaleu\n","uploadtime":1701064986,"views":2,"p1id":"brockisarock","p2id":"whaleu","formatid":"gen9nationaldexdoubles","rating":0,"private":0,"password":""}