{"id":"gen9nationaldexdoubles-1979994588","p1":"TlolJuan","p2":"Algamerate","format":"[Gen 9] National Dex Doubles","log":"|j|\u2606TlolJuan\n|j|\u2606Algamerate\n|t:|1698743596\n|gametype|doubles\n|player|p1|TlolJuan|ingo|\n|player|p2|Algamerate|169|\n|teamsize|p1|6\n|teamsize|p2|6\n|gen|9\n|tier|[Gen 9] National Dex Doubles\n|rule|HP Percentage Mod: HP is shown in percentages\n|rule|Endless Battle Clause: Forcing endless battles is banned\n|rule|OHKO Clause: OHKO moves are banned\n|rule|Evasion Moves Clause: Evasion moves are banned\n|rule|Evasion Abilities Clause: Evasion abilities are banned\n|rule|Species Clause: Limit one of each Pok\u00e9mon\n|rule|Gravity Sleep Clause: The combination of sleep-inducing moves with imperfect accuracy and Gravity or Gigantamax Orbeetle are banned\n|clearpoke\n|poke|p1|Dracovish|\n|poke|p1|Tyranitar, M|\n|poke|p1|Ceruledge, M|\n|poke|p1|Clefairy, F|\n|poke|p1|Ursaluna-Bloodmoon, M|\n|poke|p1|Sinistcha-Masterpiece|\n|poke|p2|Rampardos, F|\n|poke|p2|Dusclops, F|\n|poke|p2|Reuniclus, F|\n|poke|p2|Garganacl, F|\n|poke|p2|Meowstic, M|\n|poke|p2|Amoonguss, F|\n|teampreview\n|\n|t:|1698743607\n|start\n|switch|p1a: Dracovish|Dracovish, shiny|100\/100\n|switch|p1b: Tyranitar|Tyranitar, M|100\/100\n|switch|p2a: Meowstic|Meowstic, M, shiny|100\/100\n|switch|p2b: Garganacl|Garganacl, F|100\/100\n|-weather|Sandstorm|[from] ability: Sand Stream|[of] p1b: Tyranitar\n|turn|1\n|\n|t:|1698743625\n|move|p1a: Dracovish|Fishious Rend|p2b: Garganacl\n|-supereffective|p2b: Garganacl\n|-damage|p2b: Garganacl|0 fnt\n|faint|p2b: Garganacl\n|move|p1b: Tyranitar|Knock Off|p2a: Meowstic\n|-supereffective|p2a: Meowstic\n|-damage|p2a: Meowstic|0 fnt\n|-enditem|p2a: Meowstic|Safety Goggles|[from] move: Knock Off|[of] p1b: Tyranitar\n|faint|p2a: Meowstic\n|\n|-weather|Sandstorm|[upkeep]\n|upkeep\n|\n|t:|1698743643\n|switch|p2a: Rampardos|Rampardos, F, shiny|100\/100\n|switch|p2b: Dusclops|Dusclops, F, shiny|100\/100\n|-ability|p2b: Dusclops|Pressure\n|turn|2\n|\n|t:|1698743667\n|-terastallize|p2a: Rampardos|Flying\n|move|p1a: Dracovish|Fishious Rend|p2a: Rampardos\n|-damage|p2a: Rampardos|0 fnt\n|faint|p2a: Rampardos\n|move|p1b: Tyranitar|Knock Off|p2b: Dusclops\n|-supereffective|p2b: Dusclops\n|-damage|p2b: Dusclops|39\/100\n|-enditem|p2b: Dusclops|Eviolite|[from] move: Knock Off|[of] p1b: Tyranitar\n|move|p2b: Dusclops|Trick Room|p2b: Dusclops\n|-fieldstart|move: Trick Room|[of] p2b: Dusclops\n|\n|-weather|Sandstorm|[upkeep]\n|-damage|p2b: Dusclops|33\/100|[from] Sandstorm\n|upkeep\n|\n|t:|1698743681\n|switch|p2a: Reuniclus|Reuniclus, F, shiny|100\/100\n|turn|3\n|\n|t:|1698743699\n|switch|p1a: Eternamax|Clefairy, F|100\/100\n|move|p2b: Dusclops|Shadow Ball|p1b: Tyranitar\n|-resisted|p1b: Tyranitar\n|-damage|p1b: Tyranitar|98\/100\n|-unboost|p1b: Tyranitar|spd|1\n|move|p2a: Reuniclus|Shadow Ball|p1b: Tyranitar\n|-resisted|p1b: Tyranitar\n|-damage|p1b: Tyranitar|92\/100\n|move|p1b: Tyranitar|Knock Off|p2a: Reuniclus\n|-supereffective|p2a: Reuniclus\n|-damage|p2a: Reuniclus|0 fnt\n|-enditem|p2a: Reuniclus|Leftovers|[from] move: Knock Off|[of] p1b: Tyranitar\n|faint|p2a: Reuniclus\n|\n|-weather|Sandstorm|[upkeep]\n|-damage|p2b: Dusclops|27\/100|[from] Sandstorm\n|-damage|p1a: Eternamax|94\/100|[from] Sandstorm\n|upkeep\n|\n|t:|1698743718\n|switch|p2a: Amoonguss|Amoonguss, F, shiny|100\/100\n|turn|4\n|\n|t:|1698743728\n|-terastallize|p1b: Tyranitar|Flying\n|move|p1a: Eternamax|Follow Me|p1a: Eternamax\n|-singleturn|p1a: Eternamax|move: Follow Me\n|move|p2b: Dusclops|Pain Split|p1a: Eternamax\n|-sethp|p1a: Eternamax|58\/100|[from] move: Pain Split|[silent]\n|-sethp|p2b: Dusclops|70\/100|[from] move: Pain Split\n|move|p2a: Amoonguss|Spore|p1a: Eternamax\n|-status|p1a: Eternamax|slp|[from] move: Spore\n|move|p1b: Tyranitar|Tera Blast|p2a: Amoonguss|[anim] Tera Blast Flying\n|-supereffective|p2a: Amoonguss\n|-damage|p2a: Amoonguss|0 fnt\n|faint|p2a: Amoonguss\n|\n|-weather|Sandstorm|[upkeep]\n|-damage|p2b: Dusclops|64\/100|[from] Sandstorm\n|-damage|p1a: Eternamax|52\/100 slp|[from] Sandstorm\n|-damage|p1b: Tyranitar|86\/100|[from] Sandstorm\n|upkeep\n|turn|5\n|\n|t:|1698743762\n|cant|p1a: Eternamax|slp\n|move|p2b: Dusclops|Will-O-Wisp|p1b: Tyranitar\n|-status|p1b: Tyranitar|brn\n|move|p1b: Tyranitar|Knock Off|p2b: Dusclops\n|-supereffective|p2b: Dusclops\n|-damage|p2b: Dusclops|36\/100\n|\n|-weather|none\n|-damage|p1b: Tyranitar|79\/100 brn|[from] brn\n|upkeep\n|turn|6\n|\n|t:|1698743778\n|switch|p1a: Sinistcha|Sinistcha-Masterpiece|100\/100\n|-heal|p1b: Tyranitar|100\/100 brn|[from] ability: Hospitality|[of] p1a: Sinistcha\n|switch|p1b: Ursaluna|Ursaluna-Bloodmoon, M|100\/100\n|move|p2b: Dusclops|Pain Split|p1b: Ursaluna\n|-sethp|p1b: Ursaluna|64\/100|[from] move: Pain Split|[silent]\n|-sethp|p2b: Dusclops|87\/100|[from] move: Pain Split\n|\n|-heal|p1b: Ursaluna|70\/100|[from] item: Leftovers\n|-fieldend|move: Trick Room\n|upkeep\n|turn|7\n|j| Antinn\n|\n|t:|1698743793\n|move|p1a: Sinistcha|Rage Powder|p1a: Sinistcha\n|-singleturn|p1a: Sinistcha|move: Rage Powder\n|move|p1b: Ursaluna|Calm Mind|p1b: Ursaluna\n|-boost|p1b: Ursaluna|spa|1\n|-boost|p1b: Ursaluna|spd|1\n|move|p2b: Dusclops|Trick Room|p2b: Dusclops\n|-fieldstart|move: Trick Room|[of] p2b: Dusclops\n|\n|-heal|p1b: Ursaluna|76\/100|[from] item: Leftovers\n|upkeep\n|turn|8\n|\n|t:|1698743809\n|move|p1a: Sinistcha|Rage Powder|p1a: Sinistcha\n|-singleturn|p1a: Sinistcha|move: Rage Powder\n|move|p2b: Dusclops|Will-O-Wisp|p1a: Sinistcha\n|-status|p1a: Sinistcha|brn\n|move|p1b: Ursaluna|Blood Moon|p2b: Dusclops\n|-damage|p2b: Dusclops|0 fnt\n|faint|p2b: Dusclops\n|\n|win|TlolJuan\n|l|\u2606Algamerate\n|l|\u2606TlolJuan\n|l| Antinn\n|j|\u2606TlolJuan\n|player|p1|TlolJuan|ingo\n","uploadtime":1698744313,"views":15,"p1id":"tloljuan","p2id":"algamerate","formatid":"gen9nationaldexdoubles","rating":0,"private":0,"password":""}