{"id":"gen9nationaldexdoubles-1952061720","p1":"the maraculous","p2":"Dr. Steve Jobs","format":"[Gen 9] National Dex Doubles","log":"|j|\u2606the maraculous\n|j|\u2606Dr. Steve Jobs\n|t:|1695654039\n|gametype|doubles\n|player|p1|the maraculous|dragontamer|1517\n|player|p2|Dr. Steve Jobs|hiker-gen4|1376\n|teamsize|p1|6\n|teamsize|p2|6\n|gen|9\n|tier|[Gen 9] National Dex Doubles\n|rated|\n|rule|HP Percentage Mod: HP is shown in percentages\n|rule|Endless Battle Clause: Forcing endless battles is banned\n|rule|OHKO Clause: OHKO moves are banned\n|rule|Evasion Moves Clause: Evasion moves are banned\n|rule|Evasion Abilities Clause: Evasion abilities are banned\n|rule|Species Clause: Limit one of each Pok\u00e9mon\n|rule|Gravity Sleep Clause: The combination of sleep-inducing moves with imperfect accuracy and Gravity or Gigantamax Orbeetle are banned\n|clearpoke\n|poke|p1|Xurkitree|\n|poke|p1|Iron Valiant|\n|poke|p1|Chandelure, F|\n|poke|p1|Landorus-Therian, M|\n|poke|p1|Kartana|\n|poke|p1|Farigiraf, F|\n|poke|p2|Eevee, M|\n|poke|p2|Espeon, F|\n|poke|p2|Flamigo, M|\n|poke|p2|Clefable, F|\n|poke|p2|Marshadow|\n|poke|p2|Krookodile, M|\n|teampreview\n|inactive|Battle timer is ON: inactive players will automatically lose when time's up. (requested by Dr. Steve Jobs)\n|\n|t:|1695654058\n|start\n|switch|p1a: Chandelure|Chandelure, F|100\/100\n|switch|p1b: Farigiraf|Farigiraf, F|100\/100\n|switch|p2a: Eevee|Eevee, M|100\/100\n|switch|p2b: Clefable|Clefable, F|100\/100\n|-item|p1a: Chandelure|Air Balloon\n|turn|1\n|\n|t:|1695654071\n|-terastallize|p1b: Farigiraf|Normal\n|move|p2a: Eevee|Detect|p2a: Eevee\n|-singleturn|p2a: Eevee|Protect\n|move|p2b: Clefable|Protect|p2b: Clefable\n|-singleturn|p2b: Clefable|Protect\n|move|p1b: Farigiraf|Hyper Voice|p2a: Eevee|[spread] \n|-activate|p2a: Eevee|move: Protect\n|-activate|p2b: Clefable|move: Protect\n|move|p1a: Chandelure|Trick Room|p1a: Chandelure\n|-fieldstart|move: Trick Room|[of] p1a: Chandelure\n|\n|upkeep\n|turn|2\n|\n|t:|1695654094\n|switch|p2a: Marshadow|Marshadow|100\/100\n|move|p2b: Clefable|Follow Me|p2b: Clefable\n|-singleturn|p2b: Clefable|move: Follow Me\n|move|p1b: Farigiraf|Dazzling Gleam|p2a: Marshadow|[spread] p2a,p2b\n|-supereffective|p2a: Marshadow\n|-crit|p2b: Clefable\n|-damage|p2a: Marshadow|58\/100\n|-damage|p2b: Clefable|74\/100\n|move|p1a: Chandelure|Flamethrower|p2b: Clefable\n|-damage|p2b: Clefable|23\/100\n|\n|upkeep\n|turn|3\n|inactive|the maraculous has 120 seconds left.\n|\n|t:|1695654148\n|move|p2b: Clefable|Protect|p2b: Clefable\n|-singleturn|p2b: Clefable|Protect\n|move|p2a: Marshadow|Protect|p2a: Marshadow\n|-singleturn|p2a: Marshadow|Protect\n|move|p1b: Farigiraf|Dazzling Gleam|p2b: Clefable|[spread] \n|-activate|p2a: Marshadow|move: Protect\n|-activate|p2b: Clefable|move: Protect\n|move|p1a: Chandelure|Shadow Ball|p2b: Clefable\n|-activate|p2b: Clefable|move: Protect\n|\n|upkeep\n|turn|4\n|inactive|the maraculous has 120 seconds left.\n|\n|t:|1695654167\n|-terastallize|p2a: Marshadow|Steel\n|move|p2b: Clefable|Follow Me|p2b: Clefable\n|-singleturn|p2b: Clefable|move: Follow Me\n|move|p1b: Farigiraf|Dazzling Gleam|p2a: Marshadow|[spread] p2a,p2b\n|-resisted|p2a: Marshadow\n|-damage|p2a: Marshadow|46\/100\n|-damage|p2b: Clefable|4\/100\n|move|p1a: Chandelure|Shadow Ball|p2b: Clefable\n|-damage|p2b: Clefable|0 fnt\n|faint|p2b: Clefable\n|move|p2a: Marshadow|Spectral Thief|p1a: Chandelure\n|-supereffective|p1a: Chandelure\n|-damage|p1a: Chandelure|0 fnt\n|-enditem|p1a: Chandelure|Air Balloon\n|faint|p1a: Chandelure\n|\n|upkeep\n|\n|t:|1695654187\n|switch|p2b: Eevee|Eevee, M|100\/100\n|switch|p1a: Kartana|Kartana|100\/100\n|turn|5\n|\n|t:|1695654194\n|move|p2b: Eevee|Detect|p2b: Eevee\n|-singleturn|p2b: Eevee|Protect\n|move|p2a: Marshadow|Protect|p2a: Marshadow\n|-singleturn|p2a: Marshadow|Protect\n|move|p1b: Farigiraf|Hyper Voice|p2b: Eevee|[spread] \n|-activate|p2a: Marshadow|move: Protect\n|-activate|p2b: Eevee|move: Protect\n|move|p1a: Kartana|Tailwind|p1a: Kartana\n|-sidestart|p1: the maraculous|move: Tailwind\n|\n|-fieldend|move: Trick Room\n|upkeep\n|turn|6\n|inactive|Dr. Steve Jobs has 120 seconds left.\n|\n|t:|1695654225\n|switch|p2b: Espeon|Espeon, F|100\/100\n|move|p1a: Kartana|Sacred Sword|p2b: Espeon\n|-resisted|p2b: Espeon\n|-damage|p2b: Espeon|64\/100\n|move|p2a: Marshadow|Brick Break|p1b: Farigiraf\n|-supereffective|p1b: Farigiraf\n|-damage|p1b: Farigiraf|23\/100\n|move|p1b: Farigiraf|Hyper Voice|p2b: Espeon|[spread] p2a,p2b\n|-resisted|p2a: Marshadow\n|-damage|p2a: Marshadow|17\/100\n|-damage|p2b: Espeon|0 fnt\n|faint|p2b: Espeon\n|\n|-heal|p1b: Farigiraf|30\/100|[from] item: Leftovers\n|upkeep\n|inactive|Dr. Steve Jobs has 120 seconds left.\n|\n|t:|1695654243\n|switch|p2b: Flamigo|Flamigo, M|100\/100\n|-copyboost|p2b: Flamigo|p2a: Marshadow|[from] ability: Costar\n|turn|7\n|\n|t:|1695654252\n|move|p2a: Marshadow|Protect|p2a: Marshadow\n|-singleturn|p2a: Marshadow|Protect\n|move|p2b: Flamigo|Protect|p2b: Flamigo\n|-singleturn|p2b: Flamigo|Protect\n|move|p1a: Kartana|Smart Strike|p2b: Flamigo\n|-activate|p2b: Flamigo|move: Protect\n|move|p1b: Farigiraf|Dazzling Gleam|p2a: Marshadow|[spread] \n|-activate|p2a: Marshadow|move: Protect\n|-activate|p2b: Flamigo|move: Protect\n|\n|-heal|p1b: Farigiraf|36\/100|[from] item: Leftovers\n|upkeep\n|turn|8\n|\n|t:|1695654272\n|move|p2b: Flamigo|Wide Guard|p2b: Flamigo\n|-singleturn|p2b: Flamigo|Wide Guard\n|move|p1a: Kartana|Sacred Sword|p2a: Marshadow\n|-supereffective|p2a: Marshadow\n|-damage|p2a: Marshadow|0 fnt\n|faint|p2a: Marshadow\n|-ability|p1a: Kartana|Beast Boost|boost\n|-boost|p1a: Kartana|atk|1\n|move|p1b: Farigiraf|Twin Beam|p2b: Flamigo\n|-supereffective|p2b: Flamigo\n|-damage|p2b: Flamigo|36\/100\n|-supereffective|p2b: Flamigo\n|-damage|p2b: Flamigo|0 fnt\n|faint|p2b: Flamigo\n|-hitcount|p2: Flamigo|2\n|\n|-heal|p1b: Farigiraf|42\/100|[from] item: Leftovers\n|-sideend|p1: the maraculous|move: Tailwind\n|upkeep\n|-message|Dr. Steve Jobs forfeited.\n|\n|win|the maraculous\n|raw|the maraculous's rating: 1517 &rarr; <strong>1529<\/strong><br \/>(+12 for winning)\n|raw|Dr. Steve Jobs's rating: 1376 &rarr; <strong>1364<\/strong><br \/>(-12 for losing)\n|l|\u2606Dr. Steve Jobs\n","uploadtime":1695654288,"views":5,"p1id":"themaraculous","p2id":"drstevejobs","formatid":"gen9nationaldexdoubles","rating":1364,"private":0,"password":""}