{"id":"gen9nationaldexdoubles-1953845187","p1":"RandomGeneratorFtw","p2":"Dirty8ball","format":"[Gen 9] National Dex Doubles","log":"|j|\u2606RandomGeneratorFtw\n|j|\u2606Dirty8ball\n|t:|1695832674\n|gametype|doubles\n|player|p1|RandomGeneratorFtw|aromalady|1082\n|player|p2|Dirty8ball|acetrainer-gen4dp|1119\n|teamsize|p1|6\n|teamsize|p2|6\n|gen|9\n|tier|[Gen 9] National Dex Doubles\n|rated|\n|rule|HP Percentage Mod: HP is shown in percentages\n|rule|Endless Battle Clause: Forcing endless battles is banned\n|rule|OHKO Clause: OHKO moves are banned\n|rule|Evasion Moves Clause: Evasion moves are banned\n|rule|Evasion Abilities Clause: Evasion abilities are banned\n|rule|Species Clause: Limit one of each Pok\u00e9mon\n|rule|Gravity Sleep Clause: The combination of sleep-inducing moves with imperfect accuracy and Gravity or Gigantamax Orbeetle are banned\n|clearpoke\n|poke|p1|Tyranitar, M|\n|poke|p1|Aerodactyl, F|\n|poke|p1|Ogerpon-Cornerstone, F|\n|poke|p1|Archeops, M|\n|poke|p1|Gigalith, M|\n|poke|p1|Lycanroc, M|\n|poke|p2|Dusknoir, M|\n|poke|p2|Porygon2|\n|poke|p2|Empoleon, M|\n|poke|p2|Sunflora, M|\n|poke|p2|Clodsire, M|\n|poke|p2|Pincurchin, F|\n|teampreview\n|\n|t:|1695832697\n|start\n|switch|p1a: Aerodactyl|Aerodactyl, F|100\/100\n|switch|p1b: Gigalith|Gigalith, M|100\/100\n|switch|p2a: Porygon2|Porygon2|100\/100\n|switch|p2b: Clodsire|Clodsire, M|100\/100\n|-ability|p2a: Porygon2|Rock Head|[from] ability: Trace|[of] p1a: Aerodactyl\n|-weather|Sandstorm|[from] ability: Sand Stream|[of] p1b: Gigalith\n|turn|1\n|\n|t:|1695832713\n|detailschange|p1a: Aerodactyl|Aerodactyl-Mega, F\n|-mega|p1a: Aerodactyl|Aerodactyl|Aerodactylite\n|-terastallize|p1b: Gigalith|Rock\n|move|p1a: Aerodactyl|Rock Slide|p2b: Clodsire|[spread] p2a\n|-miss|p1a: Aerodactyl|p2b: Clodsire\n|-damage|p2a: Porygon2|80\/100\n|move|p1b: Gigalith|Rock Slide|p2b: Clodsire|[spread] p2a,p2b\n|-resisted|p2b: Clodsire\n|-damage|p2a: Porygon2|38\/100\n|-damage|p2b: Clodsire|61\/100\n|move|p2b: Clodsire|Toxic|p1a: Aerodactyl\n|-status|p1a: Aerodactyl|tox\n|cant|p2a: Porygon2|flinch\n|\n|-weather|Sandstorm|[upkeep]\n|-damage|p2a: Porygon2|32\/100|[from] Sandstorm\n|-heal|p2b: Clodsire|68\/100|[from] item: Leftovers\n|-damage|p1a: Aerodactyl|95\/100 tox|[from] psn\n|upkeep\n|turn|2\n|\n|t:|1695832748\n|move|p1a: Aerodactyl|Rock Slide|p2b: Clodsire|[spread] p2a,p2b\n|-resisted|p2b: Clodsire\n|-damage|p2a: Porygon2|9\/100\n|-damage|p2b: Clodsire|49\/100\n|move|p1b: Gigalith|Rock Slide|p2a: Porygon2|[spread] p2a,p2b\n|-resisted|p2b: Clodsire\n|-damage|p2a: Porygon2|0 fnt\n|-damage|p2b: Clodsire|13\/100\n|faint|p2a: Porygon2\n|move|p2b: Clodsire|Venoshock|p1a: Aerodactyl\n|-resisted|p1a: Aerodactyl\n|-damage|p1a: Aerodactyl|85\/100 tox\n|\n|-weather|Sandstorm|[upkeep]\n|-heal|p2b: Clodsire|20\/100|[from] item: Leftovers\n|-damage|p1a: Aerodactyl|73\/100 tox|[from] psn\n|upkeep\n|\n|t:|1695832764\n|switch|p2a: Empoleon|Empoleon, M|100\/100\n|turn|3\n|\n|t:|1695832784\n|move|p1a: Aerodactyl|Rock Slide|p2b: Clodsire|[spread] p2a,p2b\n|-resisted|p2a: Empoleon\n|-resisted|p2b: Clodsire\n|-damage|p2a: Empoleon|84\/100\n|-damage|p2b: Clodsire|0 fnt\n|faint|p2b: Clodsire\n|cant|p2a: Empoleon|flinch\n|move|p1b: Gigalith|Rock Slide|p2a: Empoleon\n|-resisted|p2a: Empoleon\n|-damage|p2a: Empoleon|41\/100\n|\n|-weather|Sandstorm|[upkeep]\n|-damage|p1a: Aerodactyl|55\/100 tox|[from] psn\n|upkeep\n|c|\u2606RandomGeneratorFtw|Jesus...\n|\n|t:|1695832797\n|switch|p2b: Sunflora|Sunflora, M|100\/100\n|turn|4\n|\n|t:|1695832807\n|move|p1a: Aerodactyl|Rock Slide|p2b: Sunflora|[spread] p2a,p2b\n|-resisted|p2a: Empoleon\n|-damage|p2a: Empoleon|25\/100\n|-damage|p2b: Sunflora|52\/100\n|move|p2a: Empoleon|Flip Turn|p1a: Aerodactyl\n|-supereffective|p1a: Aerodactyl\n|-damage|p1a: Aerodactyl|6\/100 tox\n|\n|t:|1695832815\n|switch|p2a: Dusknoir|Dusknoir, M|100\/100|[from] Flip Turn\n|-ability|p2a: Dusknoir|Pressure\n|cant|p2b: Sunflora|flinch\n|move|p1b: Gigalith|Rock Slide|p2a: Dusknoir|[spread] p2b\n|-miss|p1b: Gigalith|p2a: Dusknoir\n|-damage|p2b: Sunflora|0 fnt\n|faint|p2b: Sunflora\n|\n|-weather|Sandstorm|[upkeep]\n|-damage|p2a: Dusknoir|94\/100|[from] Sandstorm\n|-heal|p2a: Dusknoir|100\/100|[from] item: Leftovers\n|-damage|p1a: Aerodactyl|0 fnt|[from] psn\n|faint|p1a: Aerodactyl\n|upkeep\n|\n|t:|1695832836\n|switch|p1a: Archeops|Archeops, M|100\/100\n|switch|p2b: Pincurchin|Pincurchin, F|100\/100\n|turn|5\n|\n|t:|1695832852\n|move|p1a: Archeops|Rock Slide|p2a: Dusknoir|[spread] p2a,p2b\n|-damage|p2a: Dusknoir|60\/100\n|-damage|p2b: Pincurchin|42\/100\n|cant|p2a: Dusknoir|flinch\n|move|p1b: Gigalith|Rock Slide|p2a: Dusknoir|[spread] p2a,p2b\n|-damage|p2a: Dusknoir|0 fnt\n|-damage|p2b: Pincurchin|0 fnt\n|faint|p2a: Dusknoir\n|faint|p2b: Pincurchin\n|\n|-weather|none\n|upkeep\n|\n|t:|1695832865\n|switch|p2a: Empoleon|Empoleon, M|25\/100\n|turn|6\n|\n|t:|1695832869\n|move|p1a: Archeops|Rock Slide|p2a: Empoleon\n|-resisted|p2a: Empoleon\n|-damage|p2a: Empoleon|0 fnt\n|faint|p2a: Empoleon\n|\n|win|RandomGeneratorFtw\n|raw|RandomGeneratorFtw's rating: 1082 &rarr; <strong>1113<\/strong><br \/>(+31 for winning)\n|raw|Dirty8ball's rating: 1119 &rarr; <strong>1091<\/strong><br \/>(-28 for losing)\n|c|\u2606RandomGeneratorFtw|sorry\n|l|\u2606Dirty8ball\n","uploadtime":1695832879,"views":5,"p1id":"randomgeneratorftw","p2id":"dirty8ball","formatid":"gen9nationaldexdoubles","rating":1091,"private":0,"password":""}