{"id":"gen9nationaldexdoubles-1983893672","p1":"Tombstone Ghost","p2":"aceman2798","format":"[Gen 9] National Dex Doubles","log":"|j|\u2606Tombstone Ghost\n|j|\u2606aceman2798\n|t:|1699197062\n|gametype|doubles\n|player|p1|Tombstone Ghost|101|\n|player|p2|aceman2798|byron|\n|teamsize|p1|6\n|teamsize|p2|6\n|gen|9\n|tier|[Gen 9] National Dex Doubles\n|rule|HP Percentage Mod: HP is shown in percentages\n|rule|Endless Battle Clause: Forcing endless battles is banned\n|rule|OHKO Clause: OHKO moves are banned\n|rule|Evasion Moves Clause: Evasion moves are banned\n|rule|Evasion Abilities Clause: Evasion abilities are banned\n|rule|Species Clause: Limit one of each Pok\u00e9mon\n|rule|Gravity Sleep Clause: The combination of sleep-inducing moves with imperfect accuracy and Gravity or Gigantamax Orbeetle are banned\n|clearpoke\n|poke|p1|Espathra, F|\n|poke|p1|Whimsicott, M|\n|poke|p1|Florges, F|\n|poke|p1|Sneasler, F|\n|poke|p1|Gliscor, M|\n|poke|p1|Togetic, F|\n|poke|p2|Charizard, M|\n|poke|p2|Heatran, M|\n|poke|p2|Dachsbun, F|\n|poke|p2|Venusaur, F|\n|poke|p2|Walking Wake|\n|poke|p2|Shiftry, M|\n|teampreview\n|\n|t:|1699197182\n|start\n|switch|p1a: Mr. Man|Sneasler, F|100\/100\n|switch|p1b: Loki|Whimsicott, M, shiny|100\/100\n|switch|p2a: Charizard|Charizard, M|100\/100\n|switch|p2b: Heatran|Heatran, M|100\/100\n|turn|1\n|c|\u2606Tombstone Ghost|Good luck\n|\n|t:|1699197240\n|switch|p2b: Dachsbun|Dachsbun, F|100\/100\n|detailschange|p2a: Charizard|Charizard-Mega-Y, M\n|-mega|p2a: Charizard|Charizard|Charizardite Y\n|-weather|SunnyDay|[from] ability: Drought|[of] p2a: Charizard\n|move|p1a: Mr. Man|Fake Out|p2b: Dachsbun\n|-damage|p2b: Dachsbun|86\/100\n|move|p1b: Loki|Tailwind|p1b: Loki\n|-sidestart|p1: Tombstone Ghost|move: Tailwind\n|move|p2a: Charizard|Heat Wave|p1b: Loki|[spread] p1a,p1b\n|-supereffective|p1b: Loki\n|-damage|p1a: Mr. Man|49\/100\n|-damage|p1b: Loki|0 fnt\n|faint|p1b: Loki\n|\n|-weather|SunnyDay|[upkeep]\n|upkeep\n|j| Zzinstertea\n|\n|t:|1699197260\n|switch|p1b: Valentine|Florges, F, shiny|100\/100\n|turn|2\n|\n|t:|1699197299\n|switch|p2b: Venusaur|Venusaur, F|100\/100\n|move|p1b: Valentine|Helping Hand|p1a: Mr. Man\n|-singleturn|p1a: Mr. Man|Helping Hand|[of] p1b: Valentine\n|move|p1a: Mr. Man|Dire Claw|p2a: Charizard\n|-damage|p2a: Charizard|22\/100\n|move|p2a: Charizard|Tailwind|p2a: Charizard\n|-sidestart|p2: aceman2798|move: Tailwind\n|\n|-weather|SunnyDay|[upkeep]\n|upkeep\n|turn|3\n|\n|t:|1699197389\n|move|p1b: Valentine|Helping Hand|p1a: Mr. Man\n|-singleturn|p1a: Mr. Man|Helping Hand|[of] p1b: Valentine\n|move|p2a: Charizard|Protect|p2a: Charizard\n|-singleturn|p2a: Charizard|Protect\n|move|p2b: Venusaur|Sleep Powder|p1a: Mr. Man\n|-status|p1a: Mr. Man|slp|[from] move: Sleep Powder\n|cant|p1a: Mr. Man|slp\n|\n|-weather|SunnyDay|[upkeep]\n|upkeep\n|turn|4\n|\n|t:|1699197414\n|move|p2b: Venusaur|Sludge Bomb|p1b: Valentine\n|-supereffective|p1b: Valentine\n|-damage|p1b: Valentine|56\/100\n|cant|p1a: Mr. Man|slp\n|move|p2a: Charizard|Roost|p2a: Charizard\n|-heal|p2a: Charizard|72\/100\n|-singleturn|p2a: Charizard|move: Roost\n|move|p1b: Valentine|Aromatherapy|p1b: Valentine\n|-activate|p1b: Valentine|move: Aromatherapy\n|-curestatus|p1a: Mr. Man|slp|[msg]\n|\n|-weather|SunnyDay|[upkeep]\n|-heal|p1b: Valentine|62\/100|[from] item: Leftovers\n|-sideend|p1: Tombstone Ghost|move: Tailwind\n|upkeep\n|turn|5\n|\n|t:|1699197454\n|move|p1b: Valentine|Helping Hand|p1a: Mr. Man\n|-singleturn|p1a: Mr. Man|Helping Hand|[of] p1b: Valentine\n|move|p2b: Venusaur|Sludge Bomb|p1a: Mr. Man\n|-resisted|p1a: Mr. Man\n|-damage|p1a: Mr. Man|29\/100\n|move|p2a: Charizard|Heat Wave|p1b: Valentine|[spread] p1a,p1b\n|-damage|p1a: Mr. Man|0 fnt\n|-damage|p1b: Valentine|34\/100\n|faint|p1a: Mr. Man\n|\n|-weather|none\n|-heal|p1b: Valentine|40\/100|[from] item: Leftovers\n|-sideend|p2: aceman2798|move: Tailwind\n|upkeep\n|\n|t:|1699197477\n|switch|p1a: Vigilante|Gliscor, M, shiny|100\/100\n|turn|6\n|\n|t:|1699197523\n|switch|p2a: Walking Wake|Walking Wake|100\/100\n|move|p1b: Valentine|Protect|p1b: Valentine\n|-singleturn|p1b: Valentine|Protect\n|move|p2b: Venusaur|Sleep Powder|p1b: Valentine\n|-activate|p1b: Valentine|move: Protect\n|move|p1a: Vigilante|Fling|p2a: Walking Wake\n|-damage|p2a: Walking Wake|90\/100\n|-status|p2a: Walking Wake|tox\n|-enditem|p1a: Vigilante|Toxic Orb|[from] move: Fling\n|-activate|p1b: Valentine|ability: Symbiosis|Leftovers|[of] p1a: Vigilante\n|\n|-damage|p2a: Walking Wake|83\/100 tox|[from] psn\n|upkeep\n|turn|7\n|c| Zzinstertea|this match is very interesting\n|c| Zzinstertea|i must say\n|\n|t:|1699197564\n|switch|p1b: Crash|Espathra, F|100\/100\n|move|p1a: Vigilante|Protect|p1a: Vigilante\n|-singleturn|p1a: Vigilante|Protect\n|move|p2a: Walking Wake|Hydro Steam|p1a: Vigilante\n|-activate|p1a: Vigilante|move: Protect\n|move|p2b: Venusaur|Sleep Powder|p1b: Crash\n|-status|p1b: Crash|slp|[from] move: Sleep Powder\n|\n|-damage|p2a: Walking Wake|71\/100 tox|[from] psn\n|upkeep\n|turn|8\n|\n|t:|1699197590\n|switch|p2b: Charizard|Charizard-Mega-Y, M|72\/100\n|-weather|SunnyDay|[from] ability: Drought|[of] p2b: Charizard\n|-activate|p2a: Walking Wake|ability: Protosynthesis\n|-start|p2a: Walking Wake|protosynthesisspa\n|move|p2a: Walking Wake|Hydro Steam|p1a: Vigilante\n|-supereffective|p1a: Vigilante\n|-damage|p1a: Vigilante|0 fnt\n|faint|p1a: Vigilante\n|cant|p1b: Crash|slp\n|\n|-weather|SunnyDay|[upkeep]\n|-damage|p2a: Walking Wake|52\/100 tox|[from] psn\n|-ability|p1b: Crash|Speed Boost|boost\n|-boost|p1b: Crash|spe|1\n|upkeep\n|c|\u2606Tombstone Ghost|I'm working with different mons!\n|\n|t:|1699197609\n|switch|p1a: Halo|Togetic, F|100\/100\n|turn|9\n|c| Zzinstertea|thats rough\n|\n|t:|1699197622\n|move|p1a: Halo|Follow Me|p1a: Halo\n|-singleturn|p1a: Halo|move: Follow Me\n|cant|p1b: Crash|slp\n|move|p2a: Walking Wake|Hydro Steam|p1a: Halo\n|-damage|p1a: Halo|29\/100\n|move|p2b: Charizard|Heat Wave|p1a: Halo|[spread] p1a,p1b\n|-damage|p1a: Halo|0 fnt\n|-damage|p1b: Crash|21\/100 slp\n|faint|p1a: Halo\n|\n|-weather|SunnyDay|[upkeep]\n|-damage|p2a: Walking Wake|28\/100 tox|[from] psn\n|-ability|p1b: Crash|Speed Boost|boost\n|-boost|p1b: Crash|spe|1\n|upkeep\n|j| LogIce\n|\n|t:|1699197641\n|switch|p1a: Valentine|Florges, F, shiny|40\/100\n|turn|10\n|c|\u2606Tombstone Ghost|I had a whole thing planned and I didn't realize it put one of my other teams in\n|\n|t:|1699197662\n|-end|p2a: Walking Wake|Protosynthesis|[silent]\n|switch|p2a: Dachsbun|Dachsbun, F|86\/100\n|-curestatus|p1b: Crash|slp|[msg]\n|move|p1b: Crash|Protect|p1b: Crash\n|-singleturn|p1b: Crash|Protect\n|move|p2b: Charizard|Heat Wave|p1b: Crash|[spread] p1a\n|-activate|p1b: Crash|move: Protect\n|-crit|p1a: Valentine\n|-damage|p1a: Valentine|0 fnt\n|faint|p1a: Valentine\n|\n|-weather|SunnyDay|[upkeep]\n|-ability|p1b: Crash|Speed Boost|boost\n|-boost|p1b: Crash|spe|1\n|upkeep\n|turn|11\n|c| Zzinstertea|shii\n|c| Zzinstertea|that crit\n|\n|t:|1699197682\n|move|p1b: Crash|Stored Power|p2b: Charizard\n|-damage|p2b: Charizard|38\/100\n|move|p2b: Charizard|Heat Wave|p1b: Crash\n|-damage|p1b: Crash|0 fnt\n|faint|p1b: Crash\n|\n|win|aceman2798\n|c| Zzinstertea|ggs\n|c|\u2606aceman2798|ggs\n|l| LogIce\n|c|\u2606Tombstone Ghost|gg\n|c|\u2606Tombstone Ghost|do you got time for 1 more match?\n|l| Zzinstertea\n","uploadtime":1699197692,"views":18,"p1id":"tombstoneghost","p2id":"aceman2798","formatid":"gen9nationaldexdoubles","rating":0,"private":0,"password":""}