{"id":"gen9nationaldexdoubles-1982213366","p1":"BiniJJ","p2":"lxvliiz","format":"[Gen 9] National Dex Doubles","log":"|j|\u2606BiniJJ\n|j|\u2606lxvliiz\n|t:|1698979949\n|gametype|doubles\n|player|p1|BiniJJ|burglar|1100\n|player|p2|lxvliiz|gambler|1168\n|teamsize|p1|6\n|teamsize|p2|6\n|gen|9\n|tier|[Gen 9] National Dex Doubles\n|rated|\n|rule|HP Percentage Mod: HP is shown in percentages\n|rule|Endless Battle Clause: Forcing endless battles is banned\n|rule|OHKO Clause: OHKO moves are banned\n|rule|Evasion Moves Clause: Evasion moves are banned\n|rule|Evasion Abilities Clause: Evasion abilities are banned\n|rule|Species Clause: Limit one of each Pok\u00e9mon\n|rule|Gravity Sleep Clause: The combination of sleep-inducing moves with imperfect accuracy and Gravity or Gigantamax Orbeetle are banned\n|clearpoke\n|poke|p1|Bouffalant, M|\n|poke|p1|Whimsicott, F|\n|poke|p1|Toxicroak, F|\n|poke|p1|Sawsbuck, M|\n|poke|p1|Meowscarada, F|\n|poke|p1|Lurantis, M|\n|poke|p2|Moltres-Galar|\n|poke|p2|Murkrow, L1, F|\n|poke|p2|Greninja-*, M|\n|poke|p2|Incineroar, M|\n|poke|p2|Meowscarada, M|\n|poke|p2|Krookodile, M|\n|teampreview\n|inactive|Battle timer is ON: inactive players will automatically lose when time's up. (requested by BiniJJ)\n|c|\u2606lxvliiz|oop\n|\n|t:|1698979958\n|start\n|switch|p1a: Sawsbuck|Sawsbuck, M|100\/100\n|switch|p1b: Meowscarada|Meowscarada, F|100\/100\n|switch|p2a: Krookodile|Krookodile, M|100\/100\n|switch|p2b: Meowscarada|Meowscarada, M|100\/100\n|turn|1\n|c|\u2606BiniJJ|suppityty sup\n|\n|t:|1698979967\n|-terastallize|p1a: Sawsbuck|Normal\n|-terastallize|p2a: Krookodile|Fire\n|move|p2b: Meowscarada|Flower Trick|p2a: Krookodile\n|-resisted|p2a: Krookodile\n|-crit|p2a: Krookodile\n|-damage|p2a: Krookodile|74\/100\n|-setboost|p2a: Krookodile|atk|6|[from] ability: Anger Point\n|move|p1b: Meowscarada|Petal Blizzard|p2b: Meowscarada|[spread] p2a,p2b\n|-ability|p1a: Sawsbuck|Sap Sipper|boost\n|-boost|p1a: Sawsbuck|atk|1\n|-resisted|p2a: Krookodile\n|-resisted|p2b: Meowscarada\n|-damage|p2a: Krookodile|52\/100\n|-damage|p2b: Meowscarada|68\/100\n|-damage|p1b: Meowscarada|91\/100|[from] item: Life Orb\n|move|p1a: Sawsbuck|Agility|p1a: Sawsbuck\n|-boost|p1a: Sawsbuck|spe|2\n|move|p2a: Krookodile|Rock Slide|p1a: Sawsbuck|[spread] p1a,p1b\n|-damage|p1a: Sawsbuck|0 fnt\n|-damage|p1b: Meowscarada|0 fnt\n|faint|p1a: Sawsbuck\n|faint|p1b: Meowscarada\n|\n|upkeep\n|c|\u2606lxvliiz|lets go\n|c|\u2606lxvliiz|fixed my evs\n|c|\u2606BiniJJ|oofs\n|c|\u2606lxvliiz|i dont suck as much anymore\n|inactive|BiniJJ has 120 seconds left.\n|\n|t:|1698979999\n|switch|p1b: Lurantis|Lurantis, M|100\/100\n|switch|p1a: Bouffalant|Bouffalant, M|100\/100\n|turn|2\n|c|\u2606BiniJJ|I hate tera\n|\n|t:|1698980012\n|move|p2b: Meowscarada|Knock Off|p1b: Lurantis\n|-damage|p1b: Lurantis|36\/100\n|-enditem|p1b: Lurantis|Assault Vest|[from] move: Knock Off|[of] p2b: Meowscarada\n|move|p2a: Krookodile|Rock Slide|p1b: Lurantis|[spread] p1a,p1b\n|-damage|p1a: Bouffalant|38\/100\n|-damage|p1b: Lurantis|0 fnt\n|faint|p1b: Lurantis\n|move|p1a: Bouffalant|Superpower|p2a: Krookodile\n|-damage|p2a: Krookodile|0 fnt\n|-unboost|p1a: Bouffalant|atk|1\n|-unboost|p1a: Bouffalant|def|1\n|faint|p2a: Krookodile\n|-damage|p1a: Bouffalant|28\/100|[from] item: Life Orb\n|\n|upkeep\n|\n|t:|1698980019\n|switch|p2a: Moltres real|Moltres-Galar, shiny|100\/100\n|switch|p1b: Toxicroak|Toxicroak, F|100\/100\n|turn|3\n|\n|t:|1698980028\n|move|p1b: Toxicroak|Sucker Punch||[still]\n|-fail|p1b: Toxicroak\n|move|p2b: Meowscarada|Flower Trick|p1a: Bouffalant\n|-ability|p1a: Bouffalant|Sap Sipper|boost\n|-boost|p1a: Bouffalant|atk|1\n|move|p2a: Moltres real|Nasty Plot|p2a: Moltres real\n|-boost|p2a: Moltres real|spa|2\n|move|p1a: Bouffalant|Head Charge|p2b: Meowscarada\n|-damage|p2b: Meowscarada|0 fnt\n|faint|p2b: Meowscarada\n|-damage|p1a: Bouffalant|16\/100|[from] Recoil\n|-damage|p1a: Bouffalant|6\/100|[from] item: Life Orb\n|\n|upkeep\n|\n|t:|1698980034\n|switch|p2b: Murkrow|Murkrow, L1, F|100\/100\n|turn|4\n|\n|t:|1698980041\n|move|p1b: Toxicroak|Sucker Punch|p2a: Moltres real\n|-resisted|p2a: Moltres real\n|-damage|p2a: Moltres real|88\/100\n|move|p2b: Murkrow|Tailwind|p2b: Murkrow\n|-sidestart|p2: lxvliiz|move: Tailwind\n|move|p2a: Moltres real|Fiery Wrath|p1a: Bouffalant|[spread] p1a,p1b\n|-resisted|p1b: Toxicroak\n|-damage|p1a: Bouffalant|0 fnt\n|-damage|p1b: Toxicroak|67\/100\n|faint|p1a: Bouffalant\n|\n|upkeep\n|\n|t:|1698980049\n|switch|p1a: Whimsicott|Whimsicott, F|100\/100\n|turn|5\n|c|\u2606lxvliiz|ayo didnt know that had sap sipper\n|\n|t:|1698980061\n|move|p1a: Whimsicott|Helping Hand|p1b: Toxicroak\n|-singleturn|p1b: Toxicroak|Helping Hand|[of] p1a: Whimsicott\n|move|p2b: Murkrow|Taunt|p1a: Whimsicott\n|-start|p1a: Whimsicott|move: Taunt\n|move|p2a: Moltres real|Nasty Plot|p2a: Moltres real\n|-boost|p2a: Moltres real|spa|2\n|move|p1b: Toxicroak|Drain Punch|p2a: Moltres real\n|-damage|p2a: Moltres real|25\/100\n|-heal|p1b: Toxicroak|99\/100|[from] drain|[of] p2a: Moltres real\n|-ability|p2a: Moltres real|Berserk|boost\n|-boost|p2a: Moltres real|spa|1\n|\n|upkeep\n|turn|6\n|c|\u2606BiniJJ|Yeah I love this shi\n|c|\u2606BiniJJ|lol\n|\n|t:|1698980083\n|move|p1b: Toxicroak|Sucker Punch|p2a: Moltres real\n|-resisted|p2a: Moltres real\n|-damage|p2a: Moltres real|11\/100\n|move|p2a: Moltres real|Fiery Wrath|p1b: Toxicroak|[spread] p1a,p1b\n|-resisted|p1a: Whimsicott\n|-resisted|p1b: Toxicroak\n|-damage|p1a: Whimsicott|24\/100\n|-damage|p1b: Toxicroak|40\/100\n|cant|p1a: Whimsicott|flinch\n|move|p2b: Murkrow|Whirlwind||[still]\n|-fail|p2b: Murkrow\n|\n|upkeep\n|turn|7\n|\n|t:|1698980099\n|move|p1b: Toxicroak|Sucker Punch|p2a: Moltres real\n|-resisted|p2a: Moltres real\n|-damage|p2a: Moltres real|0 fnt\n|faint|p2a: Moltres real\n|move|p2b: Murkrow|Defog|p1b: Toxicroak\n|-unboost|p1b: Toxicroak|evasion|1\n|-activate|p1a: Whimsicott|move: Struggle\n|move|p1a: Whimsicott|Struggle|p2b: Murkrow\n|-enditem|p2b: Murkrow|Focus Sash\n|-damage|p2b: Murkrow|9\/100\n|-damage|p1a: Whimsicott|0 fnt|[from] recoil\n|faint|p1a: Whimsicott\n|\n|-sideend|p2: lxvliiz|move: Tailwind\n|upkeep\n|c|\u2606lxvliiz|oh no\n|\n|t:|1698980107\n|switch|p2a: Greninja|Greninja, M|100\/100\n|turn|8\n|\n|t:|1698980113\n|move|p1b: Toxicroak|Sucker Punch|p2a: Greninja\n|-resisted|p2a: Greninja\n|-damage|p2a: Greninja|82\/100\n|move|p2b: Murkrow|Tailwind|p2b: Murkrow\n|-sidestart|p2: lxvliiz|move: Tailwind\n|move|p2a: Greninja|Scald|p1b: Toxicroak\n|-heal|p1b: Toxicroak|65\/100|[from] ability: Dry Skin|[of] p2a: Greninja\n|\n|upkeep\n|turn|9\n|c|\u2606lxvliiz|HELP\n|c|\u2606BiniJJ|lol\n|\n|t:|1698980127\n|move|p2b: Murkrow|Defog|p1b: Toxicroak\n|-unboost|p1b: Toxicroak|evasion|1\n|move|p2a: Greninja|Ice Beam|p1b: Toxicroak\n|-damage|p1b: Toxicroak|38\/100\n|move|p1b: Toxicroak|Drain Punch|p2a: Greninja\n|-supereffective|p2a: Greninja\n|-damage|p2a: Greninja|0 fnt\n|-heal|p1b: Toxicroak|75\/100|[from] drain|[of] p2a: Greninja\n|faint|p2a: Greninja\n|\n|upkeep\n|c|\u2606BiniJJ|i sucker pucnhed cause i though it was over\n|\n|t:|1698980132\n|switch|p2a: Incineroar|Incineroar, M|100\/100\n|-ability|p2a: Incineroar|Intimidate|boost\n|-unboost|p1b: Toxicroak|atk|1\n|turn|10\n|\n|t:|1698980145\n|move|p2b: Murkrow|Tailwind||[still]\n|-fail|p2b: Murkrow\n|move|p2a: Incineroar|Flare Blitz|p1b: Toxicroak\n|-damage|p1b: Toxicroak|0 fnt\n|faint|p1b: Toxicroak\n|-damage|p2a: Incineroar|81\/100|[from] Recoil\n|\n|win|lxvliiz\n|raw|BiniJJ's rating: 1071 &rarr; <strong>1056<\/strong><br \/>(-15 for losing)\n|raw|lxvliiz's rating: 1168 &rarr; <strong>1186<\/strong><br \/>(+18 for winning)\n|c|\u2606BiniJJ|ggsd\n|c|\u2606lxvliiz|gg\n|l|\u2606BiniJJ\n","uploadtime":1698980154,"views":6,"p1id":"binijj","p2id":"lxvliiz","formatid":"gen9nationaldexdoubles","rating":1056,"private":0,"password":""}