{"id":"gen9nationaldexdoubles-1989585262","p1":"fumbari 24","p2":"crystal___balls69","format":"[Gen 9] National Dex Doubles","log":"|j|\u2606fumbari 24\n|j|\u2606crystal___balls69\n|t:|1699875079\n|gametype|doubles\n|player|p1|fumbari 24|hilbert|1374\n|player|p2|crystal___balls69|169|1362\n|teamsize|p1|6\n|teamsize|p2|6\n|gen|9\n|tier|[Gen 9] National Dex Doubles\n|rated|\n|rule|HP Percentage Mod: HP is shown in percentages\n|rule|Endless Battle Clause: Forcing endless battles is banned\n|rule|OHKO Clause: OHKO moves are banned\n|rule|Evasion Moves Clause: Evasion moves are banned\n|rule|Evasion Abilities Clause: Evasion abilities are banned\n|rule|Species Clause: Limit one of each Pok\u00e9mon\n|rule|Gravity Sleep Clause: The combination of sleep-inducing moves with imperfect accuracy and Gravity or Gigantamax Orbeetle are banned\n|clearpoke\n|poke|p1|Iron Moth|\n|poke|p1|Tapu Koko|\n|poke|p1|Hariyama, M|\n|poke|p1|Farigiraf, F|\n|poke|p1|Sableye, M|\n|poke|p1|Heracross, M|\n|poke|p2|Tyranitar, M|\n|poke|p2|Diancie|\n|poke|p2|Rillaboom, M|\n|poke|p2|Zamazenta-*|\n|poke|p2|Flutter Mane|\n|poke|p2|Jirachi|\n|teampreview\n|\n|t:|1699875100\n|start\n|switch|p1a: J.H|Farigiraf, F|100\/100\n|switch|p1b: Raiden|Hariyama, M|100\/100\n|switch|p2a: Tyranitar|Tyranitar, M|100\/100\n|switch|p2b: Jirachi|Jirachi|100\/100\n|-weather|Sandstorm|[from] ability: Sand Stream|[of] p2a: Tyranitar\n|turn|1\n|\n|t:|1699875118\n|detailschange|p2a: Tyranitar|Tyranitar-Mega, M\n|-mega|p2a: Tyranitar|Tyranitar|Tyranitarite\n|move|p2a: Tyranitar|Protect|p2a: Tyranitar\n|-singleturn|p2a: Tyranitar|Protect\n|move|p1b: Raiden|Fake Out|p2a: Tyranitar\n|-activate|p2a: Tyranitar|move: Protect\n|move|p2b: Jirachi|Trick Room|p2b: Jirachi\n|-fieldstart|move: Trick Room|[of] p2b: Jirachi\n|move|p1a: J.H|Trick Room|p1a: J.H\n|-fieldend|move: Trick Room\n|\n|-weather|Sandstorm|[upkeep]\n|-damage|p1a: J.H|94\/100|[from] Sandstorm\n|-damage|p1b: Raiden|94\/100|[from] Sandstorm\n|-status|p1b: Raiden|brn|[from] item: Flame Orb\n|upkeep\n|turn|2\n|\n|t:|1699875135\n|move|p1a: J.H|Protect|p1a: J.H\n|-singleturn|p1a: J.H|Protect\n|move|p2b: Jirachi|Follow Me|p2b: Jirachi\n|-singleturn|p2b: Jirachi|move: Follow Me\n|move|p2a: Tyranitar|Rock Slide|p1a: J.H|[spread] p1b\n|-activate|p1a: J.H|move: Protect\n|-resisted|p1b: Raiden\n|-damage|p1b: Raiden|79\/100 brn\n|cant|p1b: Raiden|flinch\n|\n|-weather|Sandstorm|[upkeep]\n|-damage|p1a: J.H|88\/100|[from] Sandstorm\n|-damage|p1b: Raiden|73\/100 brn|[from] Sandstorm\n|-damage|p1b: Raiden|67\/100 brn|[from] brn\n|upkeep\n|turn|3\n|\n|t:|1699875153\n|move|p2b: Jirachi|Follow Me|p2b: Jirachi\n|-singleturn|p2b: Jirachi|move: Follow Me\n|move|p2a: Tyranitar|Pursuit|p1a: J.H\n|-supereffective|p1a: J.H\n|-damage|p1a: J.H|47\/100\n|move|p1b: Raiden|Drain Punch|p2b: Jirachi\n|-damage|p2b: Jirachi|58\/100\n|-heal|p1b: Raiden|87\/100 brn|[from] drain|[of] p2b: Jirachi\n|move|p1a: J.H|Trick Room|p1a: J.H\n|-fieldstart|move: Trick Room|[of] p1a: J.H\n|\n|-weather|Sandstorm|[upkeep]\n|-damage|p1b: Raiden|80\/100 brn|[from] Sandstorm\n|-damage|p1a: J.H|41\/100|[from] Sandstorm\n|-damage|p1b: Raiden|74\/100 brn|[from] brn\n|upkeep\n|turn|4\n|\n|t:|1699875182\n|move|p2b: Jirachi|Follow Me|p2b: Jirachi\n|-singleturn|p2b: Jirachi|move: Follow Me\n|move|p1b: Raiden|Fire Punch|p2b: Jirachi\n|-supereffective|p2b: Jirachi\n|-damage|p2b: Jirachi|6\/100\n|move|p1a: J.H|Hyper Voice|p2a: Tyranitar|[spread] p2a,p2b\n|-resisted|p2a: Tyranitar\n|-resisted|p2b: Jirachi\n|-damage|p2a: Tyranitar|95\/100\n|-damage|p2b: Jirachi|0 fnt\n|faint|p2b: Jirachi\n|-enditem|p1a: J.H|Throat Spray\n|-boost|p1a: J.H|spa|1|[from] item: Throat Spray\n|move|p2a: Tyranitar|Pursuit|p1a: J.H\n|-supereffective|p1a: J.H\n|-damage|p1a: J.H|0 fnt\n|faint|p1a: J.H\n|\n|-weather|Sandstorm|[upkeep]\n|-damage|p1b: Raiden|68\/100 brn|[from] Sandstorm\n|-damage|p1b: Raiden|62\/100 brn|[from] brn\n|upkeep\n|\n|t:|1699875209\n|switch|p1a: Yami|Sableye, M|100\/100\n|switch|p2b: Flutter Mane|Flutter Mane|100\/100\n|-enditem|p2b: Flutter Mane|Booster Energy\n|-activate|p2b: Flutter Mane|ability: Protosynthesis|[fromitem]\n|-start|p2b: Flutter Mane|protosynthesisspa\n|turn|5\n|\n|t:|1699875238\n|-terastallize|p1b: Raiden|Fire\n|move|p2a: Tyranitar|Protect|p2a: Tyranitar\n|-singleturn|p2a: Tyranitar|Protect\n|move|p1a: Yami|Fake Out|p2a: Tyranitar\n|-activate|p2a: Tyranitar|move: Protect\n|move|p1b: Raiden|Fire Punch|p2b: Flutter Mane\n|-damage|p2b: Flutter Mane|13\/100\n|move|p2b: Flutter Mane|Dazzling Gleam|p1a: Yami|[spread] p1a,p1b\n|-supereffective|p1a: Yami\n|-resisted|p1b: Raiden\n|-damage|p1a: Yami|12\/100\n|-damage|p1b: Raiden|45\/100 brn\n|-enditem|p1a: Yami|Sitrus Berry|[eat]\n|-heal|p1a: Yami|37\/100|[from] item: Sitrus Berry\n|\n|-weather|none\n|-damage|p1b: Raiden|38\/100 brn|[from] brn\n|upkeep\n|turn|6\n|inactive|Battle timer is ON: inactive players will automatically lose when time's up. (requested by fumbari 24)\n|\n|t:|1699875261\n|move|p1a: Yami|Snarl|p2b: Flutter Mane|[spread] p2a,p2b\n|-resisted|p2a: Tyranitar\n|-damage|p2a: Tyranitar|92\/100\n|-damage|p2b: Flutter Mane|3\/100\n|-unboost|p2a: Tyranitar|spa|1\n|-unboost|p2b: Flutter Mane|spa|1\n|move|p1b: Raiden|Drain Punch|p2a: Tyranitar\n|-supereffective|p2a: Tyranitar\n|-damage|p2a: Tyranitar|0 fnt\n|-heal|p1b: Raiden|81\/100 brn|[from] drain|[of] p2a: Tyranitar\n|faint|p2a: Tyranitar\n|move|p2b: Flutter Mane|Shadow Ball|p1a: Yami\n|-damage|p1a: Yami|0 fnt\n|faint|p1a: Yami\n|\n|-damage|p1b: Raiden|74\/100 brn|[from] brn\n|upkeep\n|\n|t:|1699875284\n|switch|p1a: Heracles|Heracross, M|100\/100\n|switch|p2a: Rillaboom|Rillaboom, M|100\/100\n|-fieldstart|move: Grassy Terrain|[from] ability: Grassy Surge|[of] p2a: Rillaboom\n|turn|7\n|\n|t:|1699875299\n|detailschange|p1a: Heracles|Heracross-Mega, M\n|-mega|p1a: Heracles|Heracross|Heracronite\n|move|p2a: Rillaboom|Fake Out|p1b: Raiden\n|-damage|p1b: Raiden|60\/100 brn\n|cant|p1b: Raiden|flinch\n|move|p1a: Heracles|Pin Missile|p2a: Rillaboom\n|-supereffective|p2a: Rillaboom\n|-damage|p2a: Rillaboom|65\/100\n|-supereffective|p2a: Rillaboom\n|-damage|p2a: Rillaboom|30\/100\n|-supereffective|p2a: Rillaboom\n|-damage|p2a: Rillaboom|0 fnt\n|faint|p2a: Rillaboom\n|-hitcount|p2: Rillaboom|3\n|move|p2b: Flutter Mane|Dazzling Gleam|p1b: Raiden|[spread] p1a,p1b\n|-supereffective|p1a: Heracles\n|-resisted|p1b: Raiden\n|-damage|p1a: Heracles|55\/100\n|-damage|p1b: Raiden|47\/100 brn\n|\n|-heal|p1b: Raiden|53\/100 brn|[from] Grassy Terrain\n|-heal|p1a: Heracles|61\/100|[from] Grassy Terrain\n|-heal|p2b: Flutter Mane|10\/100|[from] Grassy Terrain\n|-damage|p1b: Raiden|47\/100 brn|[from] brn\n|-fieldend|move: Trick Room\n|upkeep\n|\n|t:|1699875323\n|switch|p2a: Zamazenta|Zamazenta|100\/100\n|-ability|p2a: Zamazenta|Dauntless Shield|boost\n|-boost|p2a: Zamazenta|def|1\n|turn|8\n|\n|t:|1699875331\n|move|p1b: Raiden|Wide Guard|p1b: Raiden\n|-singleturn|p1b: Raiden|Wide Guard\n|move|p2a: Zamazenta|Reflect|p2a: Zamazenta\n|-sidestart|p2: crystal___balls69|Reflect\n|move|p2b: Flutter Mane|Dazzling Gleam|p1a: Heracles|[spread] \n|-activate|p1a: Heracles|move: Wide Guard\n|-activate|p1b: Raiden|move: Wide Guard\n|move|p1a: Heracles|Bullet Seed|p2b: Flutter Mane\n|-damage|p2b: Flutter Mane|0 fnt\n|faint|p2b: Flutter Mane\n|-end|p2b: Flutter Mane|Protosynthesis|[silent]\n|-hitcount|p2: Flutter Mane|1\n|\n|-heal|p1a: Heracles|67\/100|[from] Grassy Terrain\n|-heal|p1b: Raiden|53\/100 brn|[from] Grassy Terrain\n|-damage|p1b: Raiden|47\/100 brn|[from] brn\n|upkeep\n|\n|t:|1699875348\n|switch|p2b: Diancie|Diancie|100\/100\n|-enditem|p2b: Diancie|Grassy Seed\n|-boost|p2b: Diancie|def|1|[from] item: Grassy Seed\n|turn|9\n|\n|t:|1699875357\n|move|p2a: Zamazenta|Coaching|p2b: Diancie\n|-boost|p2b: Diancie|atk|1\n|-boost|p2b: Diancie|def|1\n|move|p1a: Heracles|Bullet Seed|p2b: Diancie\n|-supereffective|p2b: Diancie\n|-damage|p2b: Diancie|93\/100\n|-supereffective|p2b: Diancie\n|-damage|p2b: Diancie|85\/100\n|-supereffective|p2b: Diancie\n|-crit|p2b: Diancie\n|-damage|p2b: Diancie|51\/100\n|-supereffective|p2b: Diancie\n|-damage|p2b: Diancie|43\/100\n|-supereffective|p2b: Diancie\n|-damage|p2b: Diancie|35\/100\n|-hitcount|p2b: Diancie|5\n|move|p2b: Diancie|Diamond Storm|p1a: Heracles|[spread] p1a,p1b\n|-supereffective|p1b: Raiden\n|-damage|p1a: Heracles|27\/100\n|-damage|p1b: Raiden|0 fnt\n|faint|p1b: Raiden\n|\n|-heal|p1a: Heracles|33\/100|[from] Grassy Terrain\n|-heal|p2b: Diancie|42\/100|[from] Grassy Terrain\n|upkeep\n|\n|t:|1699875374\n|switch|p1b: Raijin|Tapu Koko, shiny|100\/100\n|-fieldstart|move: Electric Terrain|[from] ability: Electric Surge|[of] p1b: Raijin\n|turn|10\n|\n|t:|1699875384\n|move|p1a: Heracles|Protect|p1a: Heracles\n|-singleturn|p1a: Heracles|Protect\n|move|p2b: Diancie|Protect|p2b: Diancie\n|-singleturn|p2b: Diancie|Protect\n|move|p2a: Zamazenta|Body Press|p1a: Heracles\n|-activate|p1a: Heracles|move: Protect\n|move|p1b: Raijin|Electroweb|p2b: Diancie|[spread] p2a\n|-activate|p2b: Diancie|move: Protect\n|-damage|p2a: Zamazenta|85\/100\n|-unboost|p2a: Zamazenta|spe|1\n|\n|upkeep\n|turn|11\n|\n|t:|1699875405\n|-zpower|p1b: Raijin\n|move|p1b: Raijin|Twinkle Tackle|p2a: Zamazenta|[zeffect]\n|-supereffective|p2a: Zamazenta\n|-damage|p2a: Zamazenta|0 fnt\n|faint|p2a: Zamazenta\n|move|p1a: Heracles|Bullet Seed|p2b: Diancie\n|-supereffective|p2b: Diancie\n|-damage|p2b: Diancie|35\/100\n|-supereffective|p2b: Diancie\n|-damage|p2b: Diancie|29\/100\n|-supereffective|p2b: Diancie\n|-damage|p2b: Diancie|21\/100\n|-supereffective|p2b: Diancie\n|-damage|p2b: Diancie|15\/100\n|-supereffective|p2b: Diancie\n|-damage|p2b: Diancie|9\/100\n|-hitcount|p2b: Diancie|5\n|move|p2b: Diancie|Diamond Storm|p1b: Raijin|[spread] p1a,p1b\n|-damage|p1a: Heracles|0 fnt\n|-damage|p1b: Raijin|43\/100\n|faint|p1a: Heracles\n|\n|upkeep\n|\n|t:|1699875423\n|switch|p1a: E.V.A|Iron Moth|100\/100\n|-activate|p1a: E.V.A|ability: Quark Drive\n|-start|p1a: E.V.A|quarkdrivespe\n|-enditem|p1a: E.V.A|Electric Seed\n|-boost|p1a: E.V.A|def|1|[from] item: Electric Seed\n|turn|12\n|\n|t:|1699875433\n|-terastallize|p2b: Diancie|Normal\n|move|p1a: E.V.A|Energy Ball|p2b: Diancie\n|-damage|p2b: Diancie|0 fnt\n|faint|p2b: Diancie\n|\n|win|fumbari 24\n|raw|fumbari 24's rating: 1374 &rarr; <strong>1393<\/strong><br \/>(+19 for winning)\n|raw|crystal___balls69's rating: 1362 &rarr; <strong>1343<\/strong><br \/>(-19 for losing)\n|l|\u2606crystal___balls69\n","uploadtime":1699875463,"views":17,"p1id":"fumbari24","p2id":"crystalballs69","formatid":"gen9nationaldexdoubles","rating":1343,"private":0,"password":""}