{"id":"gen9nationaldexdoubles-1997386647","p1":"Vivethen","p2":"andremilibb","format":"[Gen 9] National Dex Doubles","log":"|j|\u2606Vivethen\n|j|\u2606andremilibb\n|t:|1700797453\n|gametype|doubles\n|player|p1|Vivethen|cheren|1238\n|player|p2|andremilibb|caitlin|1160\n|teamsize|p1|6\n|teamsize|p2|6\n|gen|9\n|tier|[Gen 9] National Dex Doubles\n|rated|\n|rule|HP Percentage Mod: HP is shown in percentages\n|rule|Endless Battle Clause: Forcing endless battles is banned\n|rule|OHKO Clause: OHKO moves are banned\n|rule|Evasion Moves Clause: Evasion moves are banned\n|rule|Evasion Abilities Clause: Evasion abilities are banned\n|rule|Species Clause: Limit one of each Pok\u00e9mon\n|rule|Gravity Sleep Clause: The combination of sleep-inducing moves with imperfect accuracy and Gravity or Gigantamax Orbeetle are banned\n|clearpoke\n|poke|p1|Alcremie, F|\n|poke|p1|Incineroar, F|\n|poke|p1|Dragapult, M|\n|poke|p1|Sinistcha|\n|poke|p1|Palafin, F|\n|poke|p1|Flutter Mane|\n|poke|p2|Gardevoir, F|\n|poke|p2|Indeedee-F, F|\n|poke|p2|Grimmsnarl, M|\n|poke|p2|Flutter Mane|\n|poke|p2|Incineroar, M|\n|poke|p2|Milotic, F|\n|teampreview\n|\n|t:|1700797489\n|start\n|switch|p1a: Palafin|Palafin, F|100\/100\n|switch|p1b: Alcremie|Alcremie, F|100\/100\n|switch|p2a: Milotic|Milotic, F, shiny|100\/100\n|switch|p2b: Grimmsnarl|Grimmsnarl, M, shiny|100\/100\n|turn|1\n|\n|t:|1700797533\n|detailschange|p1a: Palafin|Palafin-Hero, F\n|switch|p1a: Sinistcha|Sinistcha|100\/100\n|move|p2b: Grimmsnarl|Reflect|p2b: Grimmsnarl\n|-sidestart|p2: andremilibb|Reflect\n|move|p2a: Milotic|Dragon Pulse|p1a: Sinistcha\n|-damage|p1a: Sinistcha|71\/100\n|move|p1b: Alcremie|Encore|p2b: Grimmsnarl\n|-start|p2b: Grimmsnarl|Encore\n|\n|-status|p2a: Milotic|brn|[from] item: Flame Orb\n|upkeep\n|turn|2\n|\n|t:|1700797557\n|switch|p2b: Incineroar|Incineroar, M, shiny|100\/100\n|-ability|p2b: Incineroar|Intimidate|boost\n|-unboost|p1a: Sinistcha|atk|1\n|-unboost|p1b: Alcremie|atk|1\n|-terastallize|p2a: Milotic|Dragon\n|move|p2a: Milotic|Ice Beam|p1a: Sinistcha\n|-supereffective|p1a: Sinistcha\n|-damage|p1a: Sinistcha|12\/100\n|move|p1a: Sinistcha|Matcha Gotcha|p2a: Milotic|[spread] p2a,p2b\n|-resisted|p2a: Milotic\n|-resisted|p2b: Incineroar\n|-damage|p2a: Milotic|91\/100 brn\n|-heal|p1a: Sinistcha|17\/100|[from] drain|[of] p2a: Milotic\n|-damage|p2b: Incineroar|89\/100\n|-heal|p1a: Sinistcha|23\/100|[from] drain|[of] p2b: Incineroar\n|move|p1b: Alcremie|Decorate|p1a: Sinistcha\n|-boost|p1a: Sinistcha|atk|2\n|-boost|p1a: Sinistcha|spa|2\n|\n|-damage|p2a: Milotic|84\/100 brn|[from] brn\n|upkeep\n|turn|3\n|\n|t:|1700797588\n|switch|p1b: Flutter Mane|Flutter Mane|100\/100\n|-enditem|p1b: Flutter Mane|Booster Energy\n|-activate|p1b: Flutter Mane|ability: Protosynthesis|[fromitem]\n|-start|p1b: Flutter Mane|protosynthesisspe\n|move|p1a: Sinistcha|Protect|p1a: Sinistcha\n|-singleturn|p1a: Sinistcha|Protect\n|move|p2a: Milotic|Ice Beam|p1a: Sinistcha\n|-activate|p1a: Sinistcha|move: Protect\n|move|p2b: Incineroar|Flare Blitz|p1b: Flutter Mane\n|-damage|p1b: Flutter Mane|0 fnt\n|faint|p1b: Flutter Mane\n|-end|p1b: Flutter Mane|Protosynthesis|[silent]\n|-damage|p2b: Incineroar|65\/100|[from] Recoil\n|\n|-damage|p2a: Milotic|78\/100 brn|[from] brn\n|upkeep\n|\n|t:|1700797608\n|switch|p1b: Incineroar|Incineroar, F|100\/100\n|-ability|p1b: Incineroar|Intimidate|boost\n|-unboost|p2a: Milotic|atk|1\n|-unboost|p2b: Incineroar|atk|1\n|turn|4\n|\n|t:|1700797621\n|-terastallize|p1a: Sinistcha|Water\n|move|p1b: Incineroar|Fake Out|p2a: Milotic\n|-damage|p2a: Milotic|74\/100 brn\n|cant|p2a: Milotic|flinch\n|move|p1a: Sinistcha|Strength Sap|p2b: Incineroar\n|-unboost|p2b: Incineroar|atk|1\n|-heal|p1a: Sinistcha|92\/100\n|move|p2b: Incineroar|Darkest Lariat|p1a: Sinistcha\n|-damage|p1a: Sinistcha|78\/100\n|-damage|p2b: Incineroar|49\/100|[from] item: Rocky Helmet|[of] p1a: Sinistcha\n|\n|-damage|p2a: Milotic|68\/100 brn|[from] brn\n|upkeep\n|turn|5\n|\n|t:|1700797647\n|switch|p2b: Grimmsnarl|Grimmsnarl, M, shiny|100\/100\n|move|p2a: Milotic|Scald|p1b: Incineroar\n|-supereffective|p1b: Incineroar\n|-damage|p1b: Incineroar|33\/100\n|-enditem|p1b: Incineroar|Sitrus Berry|[eat]\n|-heal|p1b: Incineroar|58\/100|[from] item: Sitrus Berry\n|move|p1a: Sinistcha|Matcha Gotcha|p2b: Grimmsnarl|[spread] p2a\n|-miss|p1a: Sinistcha|p2b: Grimmsnarl\n|-resisted|p2a: Milotic\n|-damage|p2a: Milotic|49\/100 brn\n|-heal|p1a: Sinistcha|87\/100|[from] drain|[of] p2a: Milotic\n|move|p1b: Incineroar|Parting Shot|p2a: Milotic\n|-unboost|p2a: Milotic|atk|1\n|-unboost|p2a: Milotic|spa|1\n|\n|t:|1700797666\n|switch|p1b: Alcremie|Alcremie, F|100\/100|[from] Parting Shot\n|\n|-damage|p2a: Milotic|43\/100 brn|[from] brn\n|upkeep\n|turn|6\n|\n|t:|1700797682\n|move|p2b: Grimmsnarl|Light Screen|p2b: Grimmsnarl\n|-sidestart|p2: andremilibb|move: Light Screen\n|move|p2a: Milotic|Recover|p2a: Milotic\n|-heal|p2a: Milotic|93\/100 brn\n|move|p1a: Sinistcha|Matcha Gotcha|p2b: Grimmsnarl|[spread] p2a\n|-miss|p1a: Sinistcha|p2b: Grimmsnarl\n|-resisted|p2a: Milotic\n|-damage|p2a: Milotic|79\/100 brn\n|-heal|p1a: Sinistcha|94\/100|[from] drain|[of] p2a: Milotic\n|move|p1b: Alcremie|Encore|p2b: Grimmsnarl\n|-start|p2b: Grimmsnarl|Encore\n|\n|-damage|p2a: Milotic|73\/100 brn|[from] brn\n|upkeep\n|turn|7\n|\n|t:|1700797712\n|switch|p2a: Indeedee|Indeedee-F, F|100\/100\n|-fieldstart|move: Psychic Terrain|[from] ability: Psychic Surge|[of] p2a: Indeedee\n|switch|p2b: Flutter Mane|Flutter Mane|100\/100\n|-enditem|p2b: Flutter Mane|Booster Energy\n|-activate|p2b: Flutter Mane|ability: Protosynthesis|[fromitem]\n|-start|p2b: Flutter Mane|protosynthesisspe\n|move|p1a: Sinistcha|Matcha Gotcha|p2b: Flutter Mane|[spread] p2a,p2b\n|-damage|p2a: Indeedee|71\/100\n|-heal|p1a: Sinistcha|100\/100|[from] drain|[of] p2a: Indeedee\n|-damage|p2b: Flutter Mane|65\/100\n|move|p1b: Alcremie|Decorate|p1a: Sinistcha\n|-boost|p1a: Sinistcha|atk|2\n|-boost|p1a: Sinistcha|spa|2\n|\n|upkeep\n|turn|8\n|\n|t:|1700797763\n|move|p1a: Sinistcha|Protect|p1a: Sinistcha\n|-singleturn|p1a: Sinistcha|Protect\n|move|p2a: Indeedee|Follow Me|p2a: Indeedee\n|-singleturn|p2a: Indeedee|move: Follow Me\n|move|p2b: Flutter Mane|Thunderbolt|p1a: Sinistcha\n|-activate|p1a: Sinistcha|move: Protect\n|move|p1b: Alcremie|Dazzling Gleam|p2a: Indeedee|[spread] p2a,p2b\n|-damage|p2a: Indeedee|57\/100\n|-damage|p2b: Flutter Mane|50\/100\n|\n|-sideend|p2: andremilibb|Reflect\n|upkeep\n|turn|9\n|\n|t:|1700797790\n|move|p2a: Indeedee|Helping Hand|p2b: Flutter Mane\n|-singleturn|p2b: Flutter Mane|Helping Hand|[of] p2a: Indeedee\n|move|p2b: Flutter Mane|Thunderbolt|p1a: Sinistcha\n|-supereffective|p1a: Sinistcha\n|-damage|p1a: Sinistcha|0 fnt\n|faint|p1a: Sinistcha\n|move|p1b: Alcremie|Dazzling Gleam|p2b: Flutter Mane|[spread] p2a,p2b\n|-damage|p2a: Indeedee|43\/100\n|-damage|p2b: Flutter Mane|34\/100\n|\n|upkeep\n|\n|t:|1700797806\n|switch|p1a: Incineroar|Incineroar, F|58\/100\n|-ability|p1a: Incineroar|Intimidate|boost\n|-unboost|p2a: Indeedee|atk|1\n|-unboost|p2b: Flutter Mane|atk|1\n|turn|10\n|\n|t:|1700797837\n|move|p2a: Indeedee|Helping Hand|p2b: Flutter Mane\n|-singleturn|p2b: Flutter Mane|Helping Hand|[of] p2a: Indeedee\n|move|p2b: Flutter Mane|Dazzling Gleam|p1a: Incineroar|[spread] p1a,p1b\n|-damage|p1a: Incineroar|18\/100\n|-damage|p1b: Alcremie|65\/100\n|move|p1a: Incineroar|Flare Blitz|p2b: Flutter Mane\n|-damage|p2b: Flutter Mane|0 fnt\n|faint|p2b: Flutter Mane\n|-end|p2b: Flutter Mane|Protosynthesis|[silent]\n|-damage|p1a: Incineroar|11\/100|[from] Recoil\n|move|p1b: Alcremie|Dazzling Gleam|p2a: Indeedee\n|-damage|p2a: Indeedee|24\/100\n|\n|upkeep\n|\n|t:|1700797855\n|switch|p2b: Gardevoir|Gardevoir, F, shiny|100\/100\n|turn|11\n|\n|t:|1700797879\n|switch|p1a: Palafin|Palafin-Hero, F|100\/100\n|-activate|p1a: Palafin|ability: Zero to Hero\n|detailschange|p2b: Gardevoir|Gardevoir-Mega, F, shiny\n|-mega|p2b: Gardevoir|Gardevoir|Gardevoirite\n|move|p2a: Indeedee|Follow Me|p2a: Indeedee\n|-singleturn|p2a: Indeedee|move: Follow Me\n|move|p2b: Gardevoir|Calm Mind|p2b: Gardevoir\n|-boost|p2b: Gardevoir|spa|1\n|-boost|p2b: Gardevoir|spd|1\n|move|p1b: Alcremie|Dazzling Gleam|p2a: Indeedee|[spread] p2a,p2b\n|-damage|p2a: Indeedee|10\/100\n|-damage|p2b: Gardevoir|92\/100\n|\n|upkeep\n|turn|12\n|\n|t:|1700797902\n|move|p2a: Indeedee|Follow Me|p2a: Indeedee\n|-singleturn|p2a: Indeedee|move: Follow Me\n|move|p2b: Gardevoir|Expanding Force|p1b: Alcremie|[spread] p1a,p1b\n|-damage|p1a: Palafin|0 fnt\n|-damage|p1b: Alcremie|0 fnt\n|faint|p1a: Palafin\n|faint|p1b: Alcremie\n|\n|upkeep\n|\n|t:|1700797910\n|switch|p1a: Incineroar|Incineroar, F|11\/100\n|switch|p1b: Dragapult|Dragapult, M|100\/100\n|-ability|p1a: Incineroar|Intimidate|boost\n|-unboost|p2a: Indeedee|atk|1\n|-unboost|p2b: Gardevoir|atk|1\n|turn|13\n|\n|t:|1700797926\n|move|p2a: Indeedee|Helping Hand|p2b: Gardevoir\n|-singleturn|p2b: Gardevoir|Helping Hand|[of] p2a: Indeedee\n|move|p1b: Dragapult|Substitute|p1b: Dragapult\n|-start|p1b: Dragapult|Substitute\n|-damage|p1b: Dragapult|76\/100\n|move|p2b: Gardevoir|Hyper Voice|p1b: Dragapult|[spread] p1a,p1b\n|-supereffective|p1b: Dragapult\n|-damage|p1a: Incineroar|0 fnt\n|-damage|p1b: Dragapult|0 fnt\n|faint|p1a: Incineroar\n|faint|p1b: Dragapult\n|\n|win|andremilibb\n|raw|Vivethen's rating: 1238 &rarr; <strong>1207<\/strong><br \/>(-31 for losing)\n|raw|andremilibb's rating: 1160 &rarr; <strong>1191<\/strong><br \/>(+31 for winning)\n|l|\u2606andremilibb\n","uploadtime":1700798106,"views":12,"p1id":"vivethen","p2id":"andremilibb","formatid":"gen9nationaldexdoubles","rating":1191,"private":0,"password":""}