{"id":"gen9nationaldexdoubles-1957808548","p1":"JoeStepBrother","p2":"Old McBruh","format":"[Gen 9] National Dex Doubles","log":"|j|\u2606JoeStepBrother\n|j|\u2606Old McBruh\n|t:|1696262629\n|gametype|doubles\n|player|p1|JoeStepBrother|102|1327\n|player|p2|Old McBruh|colress|1502\n|teamsize|p1|6\n|teamsize|p2|6\n|gen|9\n|tier|[Gen 9] National Dex Doubles\n|rated|\n|rule|HP Percentage Mod: HP is shown in percentages\n|rule|Endless Battle Clause: Forcing endless battles is banned\n|rule|OHKO Clause: OHKO moves are banned\n|rule|Evasion Moves Clause: Evasion moves are banned\n|rule|Evasion Abilities Clause: Evasion abilities are banned\n|rule|Species Clause: Limit one of each Pok\u00e9mon\n|rule|Gravity Sleep Clause: The combination of sleep-inducing moves with imperfect accuracy and Gravity or Gigantamax Orbeetle are banned\n|clearpoke\n|poke|p1|Greninja-*, M|\n|poke|p1|Ninetales-Alola, M|\n|poke|p1|Marshadow|\n|poke|p1|Kyurem-Black|\n|poke|p1|Tapu Fini|\n|poke|p1|Aggron, M|\n|poke|p2|Zygarde|\n|poke|p2|Ninetales-Alola, F|\n|poke|p2|Cresselia, F|\n|poke|p2|Whimsicott, M|\n|poke|p2|Chien-Pao|\n|poke|p2|Rillaboom, M|\n|teampreview\n|c|\u2606Old McBruh|glhf\n|\n|t:|1696262642\n|start\n|switch|p1a: Ninetales|Ninetales-Alola, M|100\/100\n|switch|p1b: Aggron|Aggron, M|100\/100\n|switch|p2a: Ninetales|Ninetales-Alola, F|100\/100\n|switch|p2b: Whimsicott|Whimsicott, M|100\/100\n|-weather|Snow|[from] ability: Snow Warning|[of] p1a: Ninetales\n|turn|1\n|\n|t:|1696262659\n|switch|p1a: Greninja|Greninja, M|100\/100\n|detailschange|p1b: Aggron|Aggron-Mega, M\n|-mega|p1b: Aggron|Aggron|Aggronite\n|move|p2b: Whimsicott|Taunt|p1a: Greninja\n|-hint|Since gen 7, Dark is immune to Prankster moves.\n|-immune|p1a: Greninja\n|move|p2a: Ninetales|Aurora Veil|p2a: Ninetales\n|-sidestart|p2: Old McBruh|move: Aurora Veil\n|move|p1b: Aggron|Iron Defense|p1b: Aggron\n|-boost|p1b: Aggron|def|2\n|\n|-weather|Snow|[upkeep]\n|upkeep\n|turn|2\n|\n|t:|1696262674\n|move|p2b: Whimsicott|Tailwind|p2b: Whimsicott\n|-sidestart|p2: Old McBruh|move: Tailwind\n|move|p2a: Ninetales|Encore|p1b: Aggron\n|-start|p1b: Aggron|Encore\n|move|p1a: Greninja|U-turn|p2b: Whimsicott\n|-start|p1a: Greninja|typechange|Bug|[from] ability: Protean\n|-damage|p2b: Whimsicott|73\/100\n|-damage|p1a: Greninja|91\/100|[from] item: Life Orb\n|\n|t:|1696262680\n|switch|p1a: Ninetales|Ninetales-Alola, M|100\/100|[from] U-turn\n|move|p1b: Aggron|Iron Defense|p1b: Aggron\n|-boost|p1b: Aggron|def|2\n|\n|-weather|Snow|[upkeep]\n|upkeep\n|turn|3\n|\n|t:|1696262692\n|switch|p2a: The Immortal|Zygarde|100\/100\n|-ability|p2a: The Immortal|Aura Break\n|move|p2b: Whimsicott|Taunt|p1a: Ninetales\n|-start|p1a: Ninetales|move: Taunt\n|move|p1a: Ninetales|Dazzling Gleam|p2a: The Immortal|[spread] p2a,p2b\n|-supereffective|p2a: The Immortal\n|-crit|p2a: The Immortal\n|-damage|p2a: The Immortal|66\/100\n|-damage|p2b: Whimsicott|55\/100\n|move|p1b: Aggron|Iron Defense|p1b: Aggron\n|-boost|p1b: Aggron|def|2\n|\n|-weather|Snow|[upkeep]\n|upkeep\n|turn|4\n|c|\u2606JoeStepBrother|I have 2000 defense\n|c|\u2606JoeStepBrother|Aggron is so stupid I love him\n|\n|t:|1696262717\n|-terastallize|p2a: The Immortal|Fairy\n|move|p2b: Whimsicott|Encore|p1a: Ninetales\n|-start|p1a: Ninetales|Encore\n|move|p2a: The Immortal|Coil|p2a: The Immortal\n|-boost|p2a: The Immortal|atk|1\n|-boost|p2a: The Immortal|def|1\n|-boost|p2a: The Immortal|accuracy|1\n|move|p1a: Ninetales|Dazzling Gleam|p2a: The Immortal|[spread] p2a,p2b\n|-damage|p2a: The Immortal|57\/100\n|-damage|p2b: Whimsicott|37\/100\n|move|p1b: Aggron|Iron Defense|p1b: Aggron\n|-boost|p1b: Aggron|def|0\n|\n|-weather|Snow|[upkeep]\n|-end|p1b: Aggron|Encore\n|upkeep\n|turn|5\n|\n|t:|1696262748\n|switch|p1a: Marshadow|Marshadow|100\/100\n|move|p2b: Whimsicott|Encore|p1b: Aggron\n|-start|p1b: Aggron|Encore\n|move|p2a: The Immortal|Coil|p2a: The Immortal\n|-boost|p2a: The Immortal|atk|1\n|-boost|p2a: The Immortal|def|1\n|-boost|p2a: The Immortal|accuracy|1\n|move|p1b: Aggron|Iron Defense|p1b: Aggron\n|-boost|p1b: Aggron|def|0\n|\n|-weather|none\n|-sideend|p2: Old McBruh|move: Tailwind\n|upkeep\n|turn|6\n|\n|t:|1696262761\n|move|p2a: The Immortal|Protect|p2a: The Immortal\n|-singleturn|p2a: The Immortal|Protect\n|move|p1a: Marshadow|Spectral Thief|p2a: The Immortal\n|-activate|p2a: The Immortal|move: Protect\n|move|p2b: Whimsicott|Moonblast|p1a: Marshadow\n|-supereffective|p1a: Marshadow\n|-damage|p1a: Marshadow|25\/100\n|-unboost|p1a: Marshadow|spa|1\n|move|p1b: Aggron|Iron Defense|p1b: Aggron\n|-boost|p1b: Aggron|def|0\n|\n|upkeep\n|turn|7\n|\n|t:|1696262767\n|move|p2b: Whimsicott|Tailwind|p2b: Whimsicott\n|-sidestart|p2: Old McBruh|move: Tailwind\n|move|p2a: The Immortal|Thousand Arrows|p1a: Marshadow|[spread] p1a,p1b\n|-supereffective|p1b: Aggron\n|-damage|p1a: Marshadow|0 fnt\n|-damage|p1b: Aggron|91\/100\n|faint|p1a: Marshadow\n|move|p1b: Aggron|Iron Defense|p1b: Aggron\n|-boost|p1b: Aggron|def|0\n|\n|-end|p1b: Aggron|Encore\n|upkeep\n|\n|t:|1696262774\n|switch|p1a: Ninetales|Ninetales-Alola, M|100\/100\n|-weather|Snow|[from] ability: Snow Warning|[of] p1a: Ninetales\n|turn|8\n|\n|t:|1696262784\n|move|p2b: Whimsicott|Encore|p1b: Aggron\n|-start|p1b: Aggron|Encore\n|move|p2a: The Immortal|Coil|p2a: The Immortal\n|-boost|p2a: The Immortal|atk|1\n|-boost|p2a: The Immortal|def|1\n|-boost|p2a: The Immortal|accuracy|1\n|move|p1a: Ninetales|Aurora Veil|p1a: Ninetales\n|-sidestart|p1: JoeStepBrother|move: Aurora Veil\n|move|p1b: Aggron|Iron Defense|p1b: Aggron\n|-boost|p1b: Aggron|def|0\n|\n|-weather|Snow|[upkeep]\n|-sideend|p2: Old McBruh|move: Aurora Veil\n|upkeep\n|turn|9\n|\n|t:|1696262794\n|move|p2b: Whimsicott|Encore|p1a: Ninetales\n|-start|p1a: Ninetales|Encore\n|move|p2a: The Immortal|Coil|p2a: The Immortal\n|-boost|p2a: The Immortal|atk|1\n|-boost|p2a: The Immortal|def|1\n|-boost|p2a: The Immortal|accuracy|1\n|move|p1a: Ninetales|Aurora Veil||[still]\n|-fail|p1a: Ninetales\n|move|p1b: Aggron|Iron Defense|p1b: Aggron\n|-boost|p1b: Aggron|def|0\n|\n|-weather|Snow|[upkeep]\n|upkeep\n|turn|10\n|\n|t:|1696262807\n|switch|p1a: Greninja|Greninja, M|91\/100\n|move|p2b: Whimsicott|Taunt|p1a: Greninja\n|-hint|Since gen 7, Dark is immune to Prankster moves.\n|-immune|p1a: Greninja\n|move|p2a: The Immortal|Coil|p2a: The Immortal\n|-boost|p2a: The Immortal|atk|1\n|-boost|p2a: The Immortal|def|1\n|-boost|p2a: The Immortal|accuracy|1\n|move|p1b: Aggron|Iron Defense|p1b: Aggron\n|-boost|p1b: Aggron|def|0\n|\n|-weather|Snow|[upkeep]\n|-end|p1b: Aggron|Encore\n|-sideend|p2: Old McBruh|move: Tailwind\n|upkeep\n|turn|11\n|\n|t:|1696262818\n|move|p2a: The Immortal|Protect|p2a: The Immortal\n|-singleturn|p2a: The Immortal|Protect\n|move|p2b: Whimsicott|Encore|p1b: Aggron\n|-start|p1b: Aggron|Encore\n|move|p1a: Greninja|Blizzard|p2a: The Immortal|[spread] p2b\n|-start|p1a: Greninja|typechange|Ice|[from] ability: Protean\n|-activate|p2a: The Immortal|move: Protect\n|-supereffective|p2b: Whimsicott\n|-damage|p2b: Whimsicott|0 fnt\n|faint|p2b: Whimsicott\n|-damage|p1a: Greninja|81\/100|[from] item: Life Orb\n|move|p1b: Aggron|Iron Defense|p1b: Aggron\n|-boost|p1b: Aggron|def|0\n|\n|-weather|Snow|[upkeep]\n|upkeep\n|\n|t:|1696262828\n|switch|p2b: Cresselia|Cresselia, F|100\/100\n|turn|12\n|\n|t:|1696262837\n|move|p1a: Greninja|U-turn|p2b: Cresselia\n|-supereffective|p2b: Cresselia\n|-damage|p2b: Cresselia|75\/100\n|-damage|p1a: Greninja|71\/100|[from] item: Life Orb\n|\n|t:|1696262847\n|switch|p1a: Kyurem|Kyurem-Black|100\/100|[from] U-turn\n|-ability|p1a: Kyurem|Teravolt\n|move|p2a: The Immortal|Coil|p2a: The Immortal\n|-boost|p2a: The Immortal|atk|1\n|-boost|p2a: The Immortal|def|1\n|-boost|p2a: The Immortal|accuracy|1\n|move|p2b: Cresselia|Lunar Blessing|p2b: Cresselia|[spread] p2a,p2b\n|-heal|p2a: The Immortal|82\/100\n|-heal|p2b: Cresselia|99\/100\n|move|p1b: Aggron|Iron Defense|p1b: Aggron\n|-boost|p1b: Aggron|def|0\n|\n|-weather|none\n|upkeep\n|turn|13\n|\n|t:|1696262857\n|switch|p2b: Ninetales|Ninetales-Alola, F|100\/100\n|-weather|Snow|[from] ability: Snow Warning|[of] p2b: Ninetales\n|move|p1a: Kyurem|Dragon Dance|p1a: Kyurem\n|-boost|p1a: Kyurem|atk|1\n|-boost|p1a: Kyurem|spe|1\n|move|p2a: The Immortal|Thousand Arrows|p1b: Aggron|[spread] p1a,p1b\n|-supereffective|p1b: Aggron\n|-damage|p1a: Kyurem|63\/100\n|-damage|p1b: Aggron|78\/100\n|move|p1b: Aggron|Iron Defense|p1b: Aggron\n|-boost|p1b: Aggron|def|0\n|\n|-weather|Snow|[upkeep]\n|-end|p1b: Aggron|Encore\n|upkeep\n|turn|14\n|\n|t:|1696262874\n|move|p1a: Kyurem|Iron Head|p2b: Ninetales\n|-supereffective|p2b: Ninetales\n|-damage|p2b: Ninetales|0 fnt\n|faint|p2b: Ninetales\n|move|p2a: The Immortal|Thousand Arrows|p1b: Aggron|[spread] p1a,p1b\n|-supereffective|p1b: Aggron\n|-damage|p1a: Kyurem|22\/100\n|-damage|p1b: Aggron|65\/100\n|move|p1b: Aggron|Body Press|p2a: The Immortal\n|-resisted|p2a: The Immortal\n|-damage|p2a: The Immortal|68\/100\n|\n|-weather|Snow|[upkeep]\n|upkeep\n|\n|t:|1696262883\n|switch|p2b: Rillaboom|Rillaboom, M|100\/100\n|-fieldstart|move: Grassy Terrain|[from] ability: Grassy Surge|[of] p2b: Rillaboom\n|turn|15\n|\n|t:|1696262892\n|move|p2b: Rillaboom|Fake Out|p1b: Aggron\n|-resisted|p1b: Aggron\n|-damage|p1b: Aggron|65\/100\n|move|p1a: Kyurem|Iron Head|p2a: The Immortal\n|-supereffective|p2a: The Immortal\n|-damage|p2a: The Immortal|50\/100\n|cant|p2a: The Immortal|flinch\n|cant|p1b: Aggron|flinch\n|\n|-weather|Snow|[upkeep]\n|-heal|p1a: Kyurem|28\/100|[from] Grassy Terrain\n|-heal|p2a: The Immortal|56\/100|[from] Grassy Terrain\n|-heal|p1b: Aggron|71\/100|[from] Grassy Terrain\n|-sideend|p1: JoeStepBrother|move: Aurora Veil\n|upkeep\n|turn|16\n|\n|t:|1696262906\n|move|p2a: The Immortal|Protect|p2a: The Immortal\n|-singleturn|p2a: The Immortal|Protect\n|move|p1a: Kyurem|Icicle Spear|p2b: Rillaboom\n|-supereffective|p2b: Rillaboom\n|-damage|p2b: Rillaboom|54\/100\n|-supereffective|p2b: Rillaboom\n|-damage|p2b: Rillaboom|3\/100\n|-supereffective|p2b: Rillaboom\n|-damage|p2b: Rillaboom|0 fnt\n|faint|p2b: Rillaboom\n|-hitcount|p2: Rillaboom|3\n|move|p1b: Aggron|Roar|p2a: The Immortal\n|drag|p2a: Cresselia|Cresselia, F|99\/100\n|\n|-weather|Snow|[upkeep]\n|-heal|p1a: Kyurem|34\/100|[from] Grassy Terrain\n|-heal|p1b: Aggron|77\/100|[from] Grassy Terrain\n|upkeep\n|inactive|Battle timer is ON: inactive players will automatically lose when time's up. (requested by JoeStepBrother)\n|\n|t:|1696262915\n|switch|p2b: Chien-Pao|Chien-Pao|100\/100\n|-ability|p2b: Chien-Pao|Sword of Ruin\n|turn|17\n|\n|t:|1696262930\n|move|p2a: Cresselia|Ally Switch|p2a: Cresselia\n|swap|p2a: Cresselia|1|[from] move: Ally Switch\n|move|p1a: Kyurem|Dragon Dance|p1a: Kyurem\n|-boost|p1a: Kyurem|atk|1\n|-boost|p1a: Kyurem|spe|1\n|move|p2a: Chien-Pao|Sacred Sword|p1a: Kyurem\n|-supereffective|p1a: Kyurem\n|-damage|p1a: Kyurem|0 fnt\n|faint|p1a: Kyurem\n|move|p1b: Aggron|Body Press|p2b: Cresselia\n|-resisted|p2b: Cresselia\n|-damage|p2b: Cresselia|37\/100\n|\n|-weather|none\n|-heal|p1b: Aggron|83\/100|[from] Grassy Terrain\n|upkeep\n|\n|t:|1696262935\n|switch|p1a: Ninetales|Ninetales-Alola, M|100\/100\n|-weather|Snow|[from] ability: Snow Warning|[of] p1a: Ninetales\n|turn|18\n|\n|t:|1696262948\n|move|p2a: Chien-Pao|Sacred Sword|p1b: Aggron\n|-supereffective|p1b: Aggron\n|-damage|p1b: Aggron|54\/100\n|move|p1a: Ninetales|Aurora Veil|p1a: Ninetales\n|-sidestart|p1: JoeStepBrother|move: Aurora Veil\n|move|p2b: Cresselia|Lunar Blessing|p2b: Cresselia|[spread] p2a,p2b\n|-heal|p2b: Cresselia|62\/100\n|move|p1b: Aggron|Body Press|p2b: Cresselia\n|-resisted|p2b: Cresselia\n|-damage|p2b: Cresselia|0 fnt\n|faint|p2b: Cresselia\n|\n|-weather|Snow|[upkeep]\n|-heal|p1b: Aggron|60\/100|[from] Grassy Terrain\n|upkeep\n|\n|t:|1696262960\n|switch|p2b: The Immortal|Zygarde, tera:Fairy|56\/100\n|-ability|p2b: The Immortal|Aura Break\n|turn|19\n|\n|t:|1696262973\n|move|p2a: Chien-Pao|Sacred Sword|p1b: Aggron\n|-supereffective|p1b: Aggron\n|-crit|p1b: Aggron\n|-damage|p1b: Aggron|19\/100\n|move|p1a: Ninetales|Dazzling Gleam|p2b: The Immortal|[spread] p2a,p2b\n|-supereffective|p2a: Chien-Pao\n|-damage|p2a: Chien-Pao|41\/100\n|-damage|p2b: The Immortal|43\/100\n|move|p2b: The Immortal|Coil|p2b: The Immortal\n|-boost|p2b: The Immortal|atk|1\n|-boost|p2b: The Immortal|def|1\n|-boost|p2b: The Immortal|accuracy|1\n|move|p1b: Aggron|Body Press|p2a: Chien-Pao\n|-supereffective|p2a: Chien-Pao\n|-damage|p2a: Chien-Pao|0 fnt\n|faint|p2a: Chien-Pao\n|\n|-weather|Snow|[upkeep]\n|-heal|p2b: The Immortal|50\/100|[from] Grassy Terrain\n|-heal|p1b: Aggron|26\/100|[from] Grassy Terrain\n|-fieldend|move: Grassy Terrain\n|upkeep\n|turn|20\n|\n|t:|1696262980\n|move|p1a: Ninetales|Dazzling Gleam|p2b: The Immortal\n|-damage|p2b: The Immortal|35\/100\n|move|p2b: The Immortal|Coil|p2b: The Immortal\n|-boost|p2b: The Immortal|atk|1\n|-boost|p2b: The Immortal|def|1\n|-boost|p2b: The Immortal|accuracy|1\n|move|p1b: Aggron|Iron Defense|p1b: Aggron\n|-boost|p1b: Aggron|def|0\n|\n|-weather|Snow|[upkeep]\n|upkeep\n|turn|21\n|c|\u2606JoeStepBrother|Smh crit mattered\n|\n|t:|1696262992\n|move|p1a: Ninetales|Dazzling Gleam|p2b: The Immortal\n|-damage|p2b: The Immortal|19\/100\n|move|p2b: The Immortal|Thousand Arrows|p1b: Aggron|[spread] p1a,p1b\n|-supereffective|p1b: Aggron\n|-damage|p1a: Ninetales|72\/100\n|-damage|p1b: Aggron|19\/100\n|move|p1b: Aggron|Body Press|p2b: The Immortal\n|-resisted|p2b: The Immortal\n|-damage|p2b: The Immortal|0 fnt\n|faint|p2b: The Immortal\n|\n|win|JoeStepBrother\n|raw|JoeStepBrother's rating: 1327 &rarr; <strong>1356<\/strong><br \/>(+29 for winning)\n|raw|Old McBruh's rating: 1502 &rarr; <strong>1473<\/strong><br \/>(-29 for losing)\n|c|\u2606JoeStepBrother|now I lose\n|c|\u2606Old McBruh|gg\n|c|\u2606JoeStepBrother|Gg lol\n|c|\u2606JoeStepBrother|Aggron is dumb\n|l|\u2606JoeStepBrother\n|l|\u2606Old McBruh\n|j|\u2606Old McBruh\n|player|p2|Old McBruh|colress\n","uploadtime":1696263190,"views":8,"p1id":"joestepbrother","p2id":"oldmcbruh","formatid":"gen9nationaldexdoubles","rating":1356,"private":0,"password":""}