{"id":"gen9nationaldexdoubles-1954657767","p1":"Numa no Kage","p2":"ratdrone","format":"[Gen 9] National Dex Doubles","log":"|j|\u2606Numa no Kage\n|j|\u2606ratdrone\n|t:|1695916177\n|gametype|doubles\n|player|p1|Numa no Kage|acetrainer|1097\n|player|p2|ratdrone|265|1000\n|teamsize|p1|6\n|teamsize|p2|6\n|gen|9\n|tier|[Gen 9] National Dex Doubles\n|rated|\n|rule|HP Percentage Mod: HP is shown in percentages\n|rule|Endless Battle Clause: Forcing endless battles is banned\n|rule|OHKO Clause: OHKO moves are banned\n|rule|Evasion Moves Clause: Evasion moves are banned\n|rule|Evasion Abilities Clause: Evasion abilities are banned\n|rule|Species Clause: Limit one of each Pok\u00e9mon\n|rule|Gravity Sleep Clause: The combination of sleep-inducing moves with imperfect accuracy and Gravity or Gigantamax Orbeetle are banned\n|clearpoke\n|poke|p1|Swampert, F|\n|poke|p1|Umbreon, M|\n|poke|p1|Persian-Alola, F|\n|poke|p1|Ogerpon-Wellspring, F|\n|poke|p1|Tentacruel, M|\n|poke|p1|Jellicent, M|\n|poke|p2|Meowscarada, F|\n|poke|p2|Rillaboom, M|\n|poke|p2|Garchomp, M|\n|poke|p2|Moltres|\n|poke|p2|Kingambit, M|\n|poke|p2|Gliscor, F|\n|teampreview\n|inactive|Battle timer is ON: inactive players will automatically lose when time's up. (requested by Numa no Kage)\n|\n|t:|1695916190\n|start\n|switch|p1a: Umbreon|Umbreon, M|100\/100\n|switch|p1b: Ogerpon|Ogerpon-Wellspring, F|100\/100\n|switch|p2a: Meowscarada|Meowscarada, F|100\/100\n|switch|p2b: Rillaboom|Rillaboom, M|100\/100\n|-fieldstart|move: Grassy Terrain|[from] ability: Grassy Surge|[of] p2b: Rillaboom\n|turn|1\n|\n|t:|1695916205\n|move|p1b: Ogerpon|Follow Me|p1b: Ogerpon\n|-singleturn|p1b: Ogerpon|move: Follow Me\n|move|p2a: Meowscarada|Flower Trick|p1b: Ogerpon\n|-crit|p1b: Ogerpon\n|-damage|p1b: Ogerpon|33\/100\n|move|p2b: Rillaboom|Drain Punch|p1b: Ogerpon\n|-damage|p1b: Ogerpon|0 fnt\n|faint|p1b: Ogerpon\n|-zpower|p1a: Umbreon\n|move|p1a: Umbreon|Z-Celebrate|p1a: Umbreon|[anim]Celebrate\n|-boost|p1a: Umbreon|atk|1|[zeffect]\n|-boost|p1a: Umbreon|def|1|[zeffect]\n|-boost|p1a: Umbreon|spa|1|[zeffect]\n|-boost|p1a: Umbreon|spd|1|[zeffect]\n|-boost|p1a: Umbreon|spe|1|[zeffect]\n|-activate|p1a: Umbreon|move: Celebrate\n|\n|upkeep\n|\n|t:|1695916232\n|switch|p1b: Jellicent|Jellicent, M|100\/100\n|turn|2\n|\n|t:|1695916241\n|-terastallize|p1b: Jellicent|Grass\n|move|p1a: Umbreon|Baton Pass|p1a: Umbreon\n|\n|t:|1695916244\n|switch|p1a: Tentacruel|Tentacruel, M|100\/100|[from] Baton Pass\n|move|p2a: Meowscarada|Flower Trick|p1b: Jellicent\n|-resisted|p1b: Jellicent\n|-crit|p1b: Jellicent\n|-damage|p1b: Jellicent|68\/100\n|move|p2b: Rillaboom|Drain Punch|p1a: Tentacruel\n|-resisted|p1a: Tentacruel\n|-damage|p1a: Tentacruel|86\/100\n|move|p1b: Jellicent|Psych Up|p1a: Tentacruel\n|-copyboost|p1b: Jellicent|p1a: Tentacruel|[from] move: Psych Up\n|\n|-heal|p1a: Tentacruel|92\/100|[from] Grassy Terrain\n|-heal|p1a: Tentacruel|98\/100|[from] item: Leftovers\n|-heal|p1b: Jellicent|74\/100|[from] Grassy Terrain\n|-heal|p1b: Jellicent|80\/100|[from] item: Leftovers\n|upkeep\n|turn|3\n|\n|t:|1695916273\n|move|p1a: Tentacruel|Sludge Bomb|p2a: Meowscarada\n|-supereffective|p2a: Meowscarada\n|-crit|p2a: Meowscarada\n|-damage|p2a: Meowscarada|0 fnt\n|faint|p2a: Meowscarada\n|move|p2b: Rillaboom|Drum Beating|p1b: Jellicent\n|-resisted|p1b: Jellicent\n|-damage|p1b: Jellicent|59\/100\n|-unboost|p1b: Jellicent|spe|1\n|move|p1b: Jellicent|Sludge Bomb|p2b: Rillaboom\n|-supereffective|p2b: Rillaboom\n|-damage|p2b: Rillaboom|32\/100\n|\n|-heal|p1a: Tentacruel|100\/100|[from] Grassy Terrain\n|-heal|p2b: Rillaboom|39\/100|[from] Grassy Terrain\n|-heal|p1b: Jellicent|66\/100|[from] Grassy Terrain\n|-heal|p1b: Jellicent|72\/100|[from] item: Leftovers\n|upkeep\n|inactive|ratdrone has 120 seconds left.\n|\n|t:|1695916290\n|switch|p2a: Moltres|Moltres|100\/100\n|turn|4\n|\n|t:|1695916304\n|move|p2b: Rillaboom|Grassy Glide|p1a: Tentacruel\n|-damage|p1a: Tentacruel|62\/100\n|move|p1a: Tentacruel|Surf|p2b: Rillaboom|[spread] p2a,p2b\n|-heal|p1b: Jellicent|97\/100|[from] ability: Water Absorb|[of] p1a: Tentacruel\n|-supereffective|p2a: Moltres\n|-resisted|p2b: Rillaboom\n|-damage|p2a: Moltres|44\/100\n|-damage|p2b: Rillaboom|22\/100\n|move|p2a: Moltres|Heat Wave|p1b: Jellicent|[spread] p1a,p1b\n|-resisted|p1a: Tentacruel\n|-supereffective|p1b: Jellicent\n|-crit|p1b: Jellicent\n|-damage|p1a: Tentacruel|50\/100\n|-damage|p1b: Jellicent|12\/100\n|-status|p1a: Tentacruel|brn\n|-status|p1b: Jellicent|brn\n|move|p1b: Jellicent|Sludge Bomb|p2b: Rillaboom\n|-supereffective|p2b: Rillaboom\n|-damage|p2b: Rillaboom|0 fnt\n|faint|p2b: Rillaboom\n|\n|-heal|p1a: Tentacruel|56\/100 brn|[from] Grassy Terrain\n|-heal|p1a: Tentacruel|62\/100 brn|[from] item: Leftovers\n|-heal|p1b: Jellicent|18\/100 brn|[from] Grassy Terrain\n|-heal|p1b: Jellicent|25\/100 brn|[from] item: Leftovers\n|-damage|p1a: Tentacruel|56\/100 brn|[from] brn\n|-damage|p1b: Jellicent|18\/100 brn|[from] brn\n|upkeep\n|inactive|ratdrone has 120 seconds left.\n|\n|t:|1695916328\n|switch|p2b: Gliscor|Gliscor, F|100\/100\n|turn|5\n|\n|t:|1695916346\n|move|p1a: Tentacruel|Surf|p2a: Moltres|[spread] p2a,p2b\n|-heal|p1b: Jellicent|43\/100 brn|[from] ability: Water Absorb|[of] p1a: Tentacruel\n|-supereffective|p2a: Moltres\n|-crit|p2a: Moltres\n|-supereffective|p2b: Gliscor\n|-crit|p2b: Gliscor\n|-damage|p2a: Moltres|0 fnt\n|-damage|p2b: Gliscor|0 fnt\n|faint|p2a: Moltres\n|faint|p2b: Gliscor\n|move|p1b: Jellicent|Giga Drain|p2: Moltres|[notarget]\n|-fail|p1b: Jellicent\n|\n|-heal|p1a: Tentacruel|62\/100 brn|[from] Grassy Terrain\n|-heal|p1a: Tentacruel|68\/100 brn|[from] item: Leftovers\n|-heal|p1b: Jellicent|50\/100 brn|[from] Grassy Terrain\n|-heal|p1b: Jellicent|56\/100 brn|[from] item: Leftovers\n|-damage|p1a: Tentacruel|62\/100 brn|[from] brn\n|-damage|p1b: Jellicent|50\/100 brn|[from] brn\n|-fieldend|move: Grassy Terrain\n|upkeep\n|\n|t:|1695916362\n|switch|p2b: Kingambit|Kingambit, M|100\/100\n|switch|p2a: Garchomp|Garchomp, M|100\/100\n|-activate|p2b: Kingambit|ability: Supreme Overlord\n|-start|p2b: Kingambit|fallen4|[silent]\n|turn|6\n|\n|t:|1695916379\n|-terastallize|p2b: Kingambit|Dark\n|move|p1a: Tentacruel|Surf|p2a: Garchomp|[spread] p2a,p2b\n|-heal|p1b: Jellicent|75\/100 brn|[from] ability: Water Absorb|[of] p1a: Tentacruel\n|-damage|p2a: Garchomp|64\/100\n|-damage|p2b: Kingambit|70\/100\n|move|p2a: Garchomp|Earth Power|p1a: Tentacruel\n|-supereffective|p1a: Tentacruel\n|-damage|p1a: Tentacruel|32\/100 brn\n|move|p2b: Kingambit|Kowtow Cleave|p1b: Jellicent\n|-damage|p1b: Jellicent|16\/100 brn\n|move|p1b: Jellicent|Scald|p2b: Kingambit\n|-damage|p2b: Kingambit|29\/100\n|\n|-heal|p1a: Tentacruel|38\/100 brn|[from] item: Leftovers\n|-heal|p1b: Jellicent|22\/100 brn|[from] item: Leftovers\n|-damage|p1a: Tentacruel|32\/100 brn|[from] brn\n|-damage|p1b: Jellicent|16\/100 brn|[from] brn\n|upkeep\n|turn|7\n|\n|t:|1695916405\n|move|p1a: Tentacruel|Surf|p2a: Garchomp|[spread] p2a,p2b\n|-heal|p1b: Jellicent|41\/100 brn|[from] ability: Water Absorb|[of] p1a: Tentacruel\n|-damage|p2a: Garchomp|25\/100\n|-damage|p2b: Kingambit|0 fnt\n|faint|p2b: Kingambit\n|-end|p2b: Kingambit|fallen4|[silent]\n|move|p2a: Garchomp|Earth Power|p1a: Tentacruel\n|-supereffective|p1a: Tentacruel\n|-damage|p1a: Tentacruel|0 fnt\n|faint|p1a: Tentacruel\n|move|p1b: Jellicent|Scald|p2a: Garchomp\n|-damage|p2a: Garchomp|0 fnt\n|faint|p2a: Garchomp\n|\n|win|Numa no Kage\n|raw|Numa no Kage's rating: 1097 &rarr; <strong>1116<\/strong><br \/>(+19 for winning)\n|raw|ratdrone's rating: 1000 &rarr; <strong>1000<\/strong><br \/>(+0 for losing)\n|c|\u2606ratdrone|gg\n|l|\u2606ratdrone\n","uploadtime":1695916430,"views":7,"p1id":"numanokage","p2id":"ratdrone","formatid":"gen9nationaldexdoubles","rating":1000,"private":0,"password":""}