{"id":"gen9nationaldexdoubles-1951779637","p1":"Koge Takashii","p2":"AceTheInadequate","format":"[Gen 9] National Dex Doubles","log":"|j|\u2606Koge Takashii\n|j|\u2606AceTheInadequate\n|t:|1695619207\n|gametype|doubles\n|player|p1|Koge Takashii|jupiter|1200\n|player|p2|AceTheInadequate|guitarist|1141\n|teamsize|p1|6\n|teamsize|p2|6\n|gen|9\n|tier|[Gen 9] National Dex Doubles\n|rated|\n|rule|HP Percentage Mod: HP is shown in percentages\n|rule|Endless Battle Clause: Forcing endless battles is banned\n|rule|OHKO Clause: OHKO moves are banned\n|rule|Evasion Moves Clause: Evasion moves are banned\n|rule|Evasion Abilities Clause: Evasion abilities are banned\n|rule|Species Clause: Limit one of each Pok\u00e9mon\n|rule|Gravity Sleep Clause: The combination of sleep-inducing moves with imperfect accuracy and Gravity or Gigantamax Orbeetle are banned\n|clearpoke\n|poke|p1|Empoleon, M|\n|poke|p1|Feraligatr, M|\n|poke|p1|Iron Bundle|\n|poke|p1|Froslass, F|\n|poke|p1|Gyarados, F|\n|poke|p1|Regieleki|\n|poke|p2|Armarouge, F|\n|poke|p2|Gallade, M|\n|poke|p2|Hatterene, F|\n|poke|p2|Raichu-Alola, M|\n|poke|p2|Indeedee-F, F|\n|poke|p2|Slowbro-Galar, M|\n|teampreview\n|\n|t:|1695619232\n|start\n|switch|p1a: \ud83d\uddef\ufe0fWind-Up Action\u2757|Froslass, F, shiny|100\/100\n|switch|p1b: \ud83d\uddef\ufe0fExtra Dex\u2757\u2757|Iron Bundle, shiny|100\/100\n|switch|p2a: Pastel lookin ass|Hatterene, F|100\/100\n|switch|p2b: The Maid|Indeedee-F, F|100\/100\n|-fieldstart|move: Psychic Terrain|[from] ability: Psychic Surge|[of] p2b: The Maid\n|-enditem|p1b: \ud83d\uddef\ufe0fExtra Dex\u2757\u2757|Booster Energy\n|-activate|p1b: \ud83d\uddef\ufe0fExtra Dex\u2757\u2757|ability: Quark Drive|[fromitem]\n|-start|p1b: \ud83d\uddef\ufe0fExtra Dex\u2757\u2757|quarkdrivespe\n|turn|1\n|\n|t:|1695619256\n|-terastallize|p1b: \ud83d\uddef\ufe0fExtra Dex\u2757\u2757|Electric\n|move|p1b: \ud83d\uddef\ufe0fExtra Dex\u2757\u2757|Electric Terrain|p1b: \ud83d\uddef\ufe0fExtra Dex\u2757\u2757\n|-fieldstart|move: Electric Terrain\n|move|p1a: \ud83d\uddef\ufe0fWind-Up Action\u2757|Rain Dance|p1a: \ud83d\uddef\ufe0fWind-Up Action\u2757\n|-weather|RainDance\n|move|p2b: The Maid|Expanding Force|p1a: \ud83d\uddef\ufe0fWind-Up Action\u2757\n|-damage|p1a: \ud83d\uddef\ufe0fWind-Up Action\u2757|59\/100\n|move|p2a: Pastel lookin ass|Expanding Force|p1a: \ud83d\uddef\ufe0fWind-Up Action\u2757\n|-damage|p1a: \ud83d\uddef\ufe0fWind-Up Action\u2757|8\/100\n|\n|-weather|RainDance|[upkeep]\n|upkeep\n|turn|2\n|\n|t:|1695619297\n|switch|p1a: \ud83d\uddef\ufe0fDrident\u2757\u2757|Empoleon, M, shiny|100\/100\n|move|p2b: The Maid|Follow Me|p2b: The Maid\n|-singleturn|p2b: The Maid|move: Follow Me\n|move|p1b: \ud83d\uddef\ufe0fExtra Dex\u2757\u2757|Hydro Pump|p2b: The Maid\n|-damage|p2b: The Maid|32\/100\n|move|p2a: Pastel lookin ass|Expanding Force|p1a: \ud83d\uddef\ufe0fDrident\u2757\u2757\n|-resisted|p1a: \ud83d\uddef\ufe0fDrident\u2757\u2757\n|-damage|p1a: \ud83d\uddef\ufe0fDrident\u2757\u2757|80\/100\n|\n|-weather|RainDance|[upkeep]\n|upkeep\n|turn|3\n|\n|t:|1695619331\n|move|p2b: The Maid|Follow Me|p2b: The Maid\n|-singleturn|p2b: The Maid|move: Follow Me\n|move|p1b: \ud83d\uddef\ufe0fExtra Dex\u2757\u2757|Hydro Pump|p2b: The Maid\n|-damage|p2b: The Maid|0 fnt\n|faint|p2b: The Maid\n|-zpower|p1a: \ud83d\uddef\ufe0fDrident\u2757\u2757\n|move|p1a: \ud83d\uddef\ufe0fDrident\u2757\u2757|Corkscrew Crash|p2a: Pastel lookin ass|[zeffect]\n|-supereffective|p2a: Pastel lookin ass\n|-damage|p2a: Pastel lookin ass|0 fnt\n|faint|p2a: Pastel lookin ass\n|\n|-weather|RainDance|[upkeep]\n|upkeep\n|inactive|Battle timer is ON: inactive players will automatically lose when time's up. (requested by Koge Takashii)\n|\n|t:|1695619350\n|switch|p2b: Megaman|Armarouge, F|100\/100\n|switch|p2a: Subway surfer|Raichu-Alola, M|100\/100\n|turn|4\n|inactive|AceTheInadequate has 120 seconds left.\n|\n|t:|1695619381\n|switch|p1a: \ud83d\uddef\ufe0fDragoons\u2757\u2757|Feraligatr, M, shiny|100\/100\n|move|p2a: Subway surfer|Thunderbolt|p1a: \ud83d\uddef\ufe0fDragoons\u2757\u2757\n|-supereffective|p1a: \ud83d\uddef\ufe0fDragoons\u2757\u2757\n|-enditem|p1a: \ud83d\uddef\ufe0fDragoons\u2757\u2757|Wacan Berry|[eat]\n|-enditem|p1a: \ud83d\uddef\ufe0fDragoons\u2757\u2757|Wacan Berry|[weaken]\n|-damage|p1a: \ud83d\uddef\ufe0fDragoons\u2757\u2757|48\/100\n|move|p1b: \ud83d\uddef\ufe0fExtra Dex\u2757\u2757|Hydro Pump|p2b: Megaman\n|-supereffective|p2b: Megaman\n|-damage|p2b: Megaman|0 fnt\n|faint|p2b: Megaman\n|\n|-weather|RainDance|[upkeep]\n|upkeep\n|inactive|AceTheInadequate has 120 seconds left.\n|\n|t:|1695619398\n|switch|p2b: The Blade|Gallade, M|100\/100\n|turn|5\n|\n|t:|1695619420\n|move|p2a: Subway surfer|Protect|p2a: Subway surfer\n|-singleturn|p2a: Subway surfer|Protect\n|move|p1a: \ud83d\uddef\ufe0fDragoons\u2757\u2757|Aqua Jet|p2a: Subway surfer\n|-activate|p2a: Subway surfer|move: Protect\n|move|p1b: \ud83d\uddef\ufe0fExtra Dex\u2757\u2757|Icy Wind|p2b: The Blade|[spread] p2b\n|-activate|p2a: Subway surfer|move: Protect\n|-damage|p2b: The Blade|80\/100\n|-unboost|p2b: The Blade|spe|1\n|move|p2b: The Blade|Earthquake|p1a: \ud83d\uddef\ufe0fDragoons\u2757\u2757|[spread] p1a,p1b\n|-activate|p2a: Subway surfer|move: Protect\n|-supereffective|p1b: \ud83d\uddef\ufe0fExtra Dex\u2757\u2757\n|-damage|p1a: \ud83d\uddef\ufe0fDragoons\u2757\u2757|22\/100\n|-damage|p1b: \ud83d\uddef\ufe0fExtra Dex\u2757\u2757|46\/100\n|\n|-weather|none\n|-fieldend|move: Electric Terrain\n|upkeep\n|turn|6\n|inactive|Koge Takashii has 120 seconds left.\n|\n|t:|1695619460\n|switch|p2a: Mai hand stuc :'(|Slowbro-Galar, M|100\/100\n|move|p1b: \ud83d\uddef\ufe0fExtra Dex\u2757\u2757|Icy Wind|p2a: Mai hand stuc :'(|[spread] p2a,p2b\n|-damage|p2a: Mai hand stuc :'(|80\/100\n|-damage|p2b: The Blade|60\/100\n|-unboost|p2a: Mai hand stuc :'(|spe|1\n|-unboost|p2b: The Blade|spe|1\n|move|p1a: \ud83d\uddef\ufe0fDragoons\u2757\u2757|Waterfall|p2b: The Blade\n|-damage|p2b: The Blade|0 fnt\n|faint|p2b: The Blade\n|\n|upkeep\n|inactive|AceTheInadequate has 120 seconds left.\n|\n|t:|1695619473\n|switch|p2b: Subway surfer|Raichu-Alola, M|100\/100\n|turn|7\n|inactive|Koge Takashii has 120 seconds left.\n|\n|t:|1695619499\n|switch|p1a: \ud83d\uddef\ufe0fBattle phase 2\u2757|Regieleki, shiny|100\/100\n|move|p2b: Subway surfer|Fake Out|p1a: \ud83d\uddef\ufe0fBattle phase 2\u2757\n|-damage|p1a: \ud83d\uddef\ufe0fBattle phase 2\u2757|81\/100\n|move|p1b: \ud83d\uddef\ufe0fExtra Dex\u2757\u2757|Icy Wind|p2b: Subway surfer|[spread] p2a,p2b\n|-damage|p2a: Mai hand stuc :'(|57\/100\n|-damage|p2b: Subway surfer|73\/100\n|-unboost|p2a: Mai hand stuc :'(|spe|1\n|-unboost|p2b: Subway surfer|spe|1\n|move|p2a: Mai hand stuc :'(|Shell Side Arm|p1b: \ud83d\uddef\ufe0fExtra Dex\u2757\u2757|[anim] Shell Side Arm Special\n|-damage|p1b: \ud83d\uddef\ufe0fExtra Dex\u2757\u2757|0 fnt\n|-hint|Special Shell Side Arm\n|faint|p1b: \ud83d\uddef\ufe0fExtra Dex\u2757\u2757\n|-end|p1b: \ud83d\uddef\ufe0fExtra Dex\u2757\u2757|Quark Drive|[silent]\n|\n|upkeep\n|inactive|Koge Takashii has 120 seconds left.\n|\n|t:|1695619521\n|switch|p1b: \ud83d\uddef\ufe0fWind-Up Action\u2757|Froslass, F, shiny|8\/100\n|turn|8\n|inactive|Koge Takashii has 120 seconds left.\n|-message|AceTheInadequate forfeited.\n|\n|win|Koge Takashii\n|raw|Koge Takashii's rating: 1200 &rarr; <strong>1221<\/strong><br \/>(+21 for winning)\n|raw|AceTheInadequate's rating: 1141 &rarr; <strong>1120<\/strong><br \/>(-21 for losing)\n|l|\u2606AceTheInadequate\n","uploadtime":1695619549,"views":8,"p1id":"kogetakashii","p2id":"acetheinadequate","formatid":"gen9nationaldexdoubles","rating":1120,"private":0,"password":""}