{"id":"gen9nationaldexdoubles-1970708871","p1":"EpicGuy321","p2":"Yu hung lo","format":"[Gen 9] National Dex Doubles","log":"|j|\u2606EpicGuy321\n|j|\u2606Yu hung lo\n|t:|1697660055\n|gametype|doubles\n|player|p1|EpicGuy321|169|1295\n|player|p2|Yu hung lo|janitor|1465\n|teamsize|p1|6\n|teamsize|p2|6\n|gen|9\n|tier|[Gen 9] National Dex Doubles\n|rated|\n|rule|HP Percentage Mod: HP is shown in percentages\n|rule|Endless Battle Clause: Forcing endless battles is banned\n|rule|OHKO Clause: OHKO moves are banned\n|rule|Evasion Moves Clause: Evasion moves are banned\n|rule|Evasion Abilities Clause: Evasion abilities are banned\n|rule|Species Clause: Limit one of each Pok\u00e9mon\n|rule|Gravity Sleep Clause: The combination of sleep-inducing moves with imperfect accuracy and Gravity or Gigantamax Orbeetle are banned\n|clearpoke\n|poke|p1|Ogerpon-Hearthflame, F|\n|poke|p1|Incineroar, M|\n|poke|p1|Sinistcha-Masterpiece|\n|poke|p1|Tornadus, M|\n|poke|p1|Flutter Mane|\n|poke|p1|Chien-Pao|\n|poke|p2|Lucario, F|\n|poke|p2|Grimmsnarl, M|\n|poke|p2|Incineroar, M|\n|poke|p2|Rillaboom, F|\n|poke|p2|Blastoise, F|\n|poke|p2|Dragapult, M|\n|teampreview\n|inactive|Battle timer is ON: inactive players will automatically lose when time's up. (requested by Yu hung lo)\n|\n|t:|1697660084\n|start\n|switch|p1a: Tornadus|Tornadus, M, shiny|100\/100\n|switch|p1b: Menace|Incineroar, M|100\/100\n|switch|p2a: Grimmsnarl|Grimmsnarl, M|100\/100\n|switch|p2b: Dragapult|Dragapult, M|100\/100\n|-ability|p1b: Menace|Intimidate|boost\n|-unboost|p2a: Grimmsnarl|atk|1\n|-fail|p2b: Dragapult|unboost|[from] ability: Clear Body|[of] p2b: Dragapult\n|turn|1\n|\n|t:|1697660101\n|-terastallize|p2b: Dragapult|Ghost\n|move|p1b: Menace|Fake Out|p2a: Grimmsnarl\n|-damage|p2a: Grimmsnarl|88\/100\n|move|p1a: Tornadus|Sunny Day|p1a: Tornadus\n|-weather|SunnyDay\n|cant|p2a: Grimmsnarl|flinch\n|move|p2b: Dragapult|Phantom Force||[still]\n|-prepare|p2b: Dragapult|Phantom Force\n|\n|-weather|SunnyDay|[upkeep]\n|upkeep\n|turn|2\n|inactive|EpicGuy321 has 120 seconds left.\n|\n|t:|1697660138\n|move|p2a: Grimmsnarl|Reflect|p2a: Grimmsnarl\n|-sidestart|p2: Yu hung lo|Reflect\n|move|p2b: Dragapult|Phantom Force|p1a: Tornadus|[from]lockedmove\n|-damage|p1a: Tornadus|0 fnt\n|faint|p1a: Tornadus\n|move|p1b: Menace|Taunt|p2a: Grimmsnarl\n|-start|p2a: Grimmsnarl|move: Taunt\n|\n|-weather|SunnyDay|[upkeep]\n|upkeep\n|\n|t:|1697660151\n|switch|p1a: Chien-Pao|Chien-Pao|100\/100\n|-ability|p1a: Chien-Pao|Sword of Ruin\n|turn|3\n|\n|t:|1697660163\n|switch|p2b: Blastoise|Blastoise, F|100\/100\n|switch|p2a: Incineroar|Incineroar, M|100\/100\n|-ability|p2a: Incineroar|Intimidate|boost\n|-unboost|p1a: Chien-Pao|atk|1\n|-unboost|p1b: Menace|atk|1\n|move|p1a: Chien-Pao|Sucker Punch||[still]\n|-fail|p1a: Chien-Pao\n|move|p1b: Menace|Flare Blitz|p2a: Incineroar\n|-resisted|p2a: Incineroar\n|-damage|p2a: Incineroar|77\/100\n|-damage|p1b: Menace|92\/100|[from] Recoil\n|\n|-weather|SunnyDay|[upkeep]\n|upkeep\n|turn|4\n|\n|t:|1697660186\n|move|p1a: Chien-Pao|Protect|p1a: Chien-Pao\n|-singleturn|p1a: Chien-Pao|Protect\n|move|p2b: Blastoise|Fake Out|p1b: Menace\n|-damage|p1b: Menace|82\/100\n|cant|p1b: Menace|flinch\n|move|p2a: Incineroar|Parting Shot|p1b: Menace\n|-unboost|p1b: Menace|atk|1\n|-unboost|p1b: Menace|spa|1\n|\n|t:|1697660205\n|switch|p2a: Dragapult|Dragapult, M, tera:Ghost|100\/100|[from] Parting Shot\n|\n|-weather|SunnyDay|[upkeep]\n|upkeep\n|turn|5\n|\n|t:|1697660218\n|move|p2b: Blastoise|Follow Me|p2b: Blastoise\n|-singleturn|p2b: Blastoise|move: Follow Me\n|move|p1a: Chien-Pao|Sucker Punch||[still]\n|-fail|p1a: Chien-Pao\n|move|p2a: Dragapult|Dragon Darts|p1a: Chien-Pao\n|-damage|p1a: Chien-Pao|47\/100\n|-anim|p2a: Dragapult|Dragon Darts|p1b: Menace\n|-damage|p1b: Menace|29\/100\n|move|p1b: Menace|Parting Shot|p2b: Blastoise\n|-unboost|p2b: Blastoise|atk|1\n|-unboost|p2b: Blastoise|spa|1\n|c|\u2606EpicGuy321|Blastoise doesn\u2019t even have Follow Me anymore\n|inactive|EpicGuy321 has 120 seconds left.\n|\n|t:|1697660246\n|switch|p1b: Ogerpon|Ogerpon-Hearthflame, F|100\/100|[from] Parting Shot\n|-ability|p1b: Ogerpon|Mold Breaker\n|\n|-weather|none\n|upkeep\n|turn|6\n|\n|t:|1697660265\n|move|p2b: Blastoise|Follow Me|p2b: Blastoise\n|-singleturn|p2b: Blastoise|move: Follow Me\n|move|p2a: Dragapult|Dragon Darts|p1b: Ogerpon\n|-damage|p1b: Ogerpon|48\/100\n|-anim|p2a: Dragapult|Dragon Darts|p1a: Chien-Pao\n|-damage|p1a: Chien-Pao|0 fnt\n|faint|p1a: Chien-Pao\n|move|p1b: Ogerpon|Horn Leech|p2b: Blastoise\n|-supereffective|p2b: Blastoise\n|-damage|p2b: Blastoise|55\/100\n|-heal|p1b: Ogerpon|72\/100|[from] drain|[of] p2b: Blastoise\n|\n|upkeep\n|\n|t:|1697660275\n|switch|p1a: Menace|Incineroar, M|29\/100\n|-ability|p1a: Menace|Intimidate|boost\n|-fail|p2a: Dragapult|unboost|[from] ability: Clear Body|[of] p2a: Dragapult\n|-unboost|p2b: Blastoise|atk|1\n|turn|7\n|\n|t:|1697660290\n|switch|p2b: Incineroar|Incineroar, M|77\/100\n|-ability|p2b: Incineroar|Intimidate|boost\n|-unboost|p1a: Menace|atk|1\n|-unboost|p1b: Ogerpon|atk|1\n|move|p2a: Dragapult|Dragon Darts|p1b: Ogerpon\n|-damage|p1b: Ogerpon|31\/100\n|-anim|p2a: Dragapult|Dragon Darts|p1a: Menace\n|-damage|p1a: Menace|0 fnt\n|faint|p1a: Menace\n|move|p1b: Ogerpon|Horn Leech|p2b: Incineroar\n|-resisted|p2b: Incineroar\n|-damage|p2b: Incineroar|68\/100\n|-heal|p1b: Ogerpon|36\/100|[from] drain|[of] p2b: Incineroar\n|\n|upkeep\n|\n|t:|1697660299\n|switch|p1a: Ms. Dreavus|Flutter Mane, shiny|100\/100\n|turn|8\n|\n|t:|1697660312\n|switch|p2a: Rillaboom|Rillaboom, F|100\/100\n|-fieldstart|move: Grassy Terrain|[from] ability: Grassy Surge|[of] p2a: Rillaboom\n|move|p1b: Ogerpon|Spiky Shield|p1b: Ogerpon\n|-singleturn|p1b: Ogerpon|move: Protect\n|move|p1a: Ms. Dreavus|Shadow Ball|p2a: Rillaboom\n|-damage|p2a: Rillaboom|78\/100\n|move|p2b: Incineroar|Parting Shot|p1a: Ms. Dreavus\n|-unboost|p1a: Ms. Dreavus|atk|1\n|-unboost|p1a: Ms. Dreavus|spa|1\n|\n|t:|1697660323\n|switch|p2b: Grimmsnarl|Grimmsnarl, M|88\/100|[from] Parting Shot\n|\n|-heal|p1b: Ogerpon|42\/100|[from] Grassy Terrain\n|-heal|p2a: Rillaboom|84\/100|[from] Grassy Terrain\n|-heal|p2b: Grimmsnarl|94\/100|[from] Grassy Terrain\n|upkeep\n|turn|9\n|-message|EpicGuy321 forfeited.\n|\n|win|Yu hung lo\n|raw|EpicGuy321's rating: 1295 &rarr; <strong>1281<\/strong><br \/>(-14 for losing)\n|raw|Yu hung lo's rating: 1465 &rarr; <strong>1476<\/strong><br \/>(+11 for winning)\n|l|\u2606EpicGuy321\n","uploadtime":1697660337,"views":6,"p1id":"epicguy321","p2id":"yuhunglo","formatid":"gen9nationaldexdoubles","rating":1281,"private":0,"password":""}