{"id":"gen9nationaldexdoubles-1973711942","p1":"Deagle50uu","p2":"Davichu7","format":"[Gen 9] National Dex Doubles","log":"|j|\u2606Deagle50uu\n|j|\u2606Davichu7\n|t:|1698005850\n|gametype|doubles\n|player|p1|Deagle50uu|266|\n|player|p2|Davichu7|pokemaniac|\n|teamsize|p1|6\n|teamsize|p2|6\n|gen|9\n|tier|[Gen 9] National Dex Doubles\n|rule|HP Percentage Mod: HP is shown in percentages\n|rule|Endless Battle Clause: Forcing endless battles is banned\n|rule|OHKO Clause: OHKO moves are banned\n|rule|Evasion Moves Clause: Evasion moves are banned\n|rule|Evasion Abilities Clause: Evasion abilities are banned\n|rule|Species Clause: Limit one of each Pok\u00e9mon\n|rule|Gravity Sleep Clause: The combination of sleep-inducing moves with imperfect accuracy and Gravity or Gigantamax Orbeetle are banned\n|clearpoke\n|poke|p1|Tyranitar, M|\n|poke|p1|Terrakion|\n|poke|p1|Rhyperior, M|\n|poke|p1|Tyrantrum, M|\n|poke|p1|Aggron, M|\n|poke|p1|Aerodactyl, F|\n|poke|p2|Flutter Mane|\n|poke|p2|Gholdengo|\n|poke|p2|Sableye, M|\n|poke|p2|Dragapult, M|\n|poke|p2|Typhlosion-Hisui, M|\n|poke|p2|Palossand, M|\n|teampreview\n|\n|t:|1698005864\n|start\n|switch|p1a: Tyranitar|Tyranitar, M|100\/100\n|switch|p1b: Aerodactyl|Aerodactyl, F|100\/100\n|switch|p2a: Dragapult|Dragapult, M, shiny|100\/100\n|switch|p2b: Gholdengo|Gholdengo, shiny|100\/100\n|-ability|p1b: Aerodactyl|Pressure\n|-weather|Sandstorm|[from] ability: Sand Stream|[of] p1a: Tyranitar\n|turn|1\n|\n|t:|1698005922\n|detailschange|p1a: Tyranitar|Tyranitar-Mega, M\n|-mega|p1a: Tyranitar|Tyranitar|Tyranitarite\n|move|p2a: Dragapult|Reflect|p2a: Dragapult\n|-sidestart|p2: Davichu7|Reflect\n|move|p1b: Aerodactyl|Aerial Ace|p2a: Dragapult\n|-damage|p2a: Dragapult|80\/100\n|-start|p1b: Aerodactyl|Disable|Aerial Ace|[from] ability: Cursed Body|[of] p2a: Dragapult\n|move|p1a: Tyranitar|Earthquake|p2a: Dragapult|[spread] p2a,p2b\n|-immune|p1b: Aerodactyl\n|-supereffective|p2b: Gholdengo\n|-damage|p2a: Dragapult|59\/100\n|-damage|p2b: Gholdengo|60\/100\n|move|p2b: Gholdengo|Make It Rain|p1a: Tyranitar|[spread] p1a,p1b\n|-supereffective|p1a: Tyranitar\n|-supereffective|p1b: Aerodactyl\n|-damage|p1a: Tyranitar|58\/100\n|-damage|p1b: Aerodactyl|28\/100\n|-unboost|p2b: Gholdengo|spa|1\n|\n|-weather|Sandstorm|[upkeep]\n|-damage|p2a: Dragapult|53\/100|[from] Sandstorm\n|-heal|p2b: Gholdengo|66\/100|[from] item: Leftovers\n|upkeep\n|turn|2\n|\n|t:|1698005948\n|move|p2a: Dragapult|Dragon Darts|p1a: Tyranitar\n|-damage|p1a: Tyranitar|43\/100\n|-anim|p2a: Dragapult|Dragon Darts|p1b: Aerodactyl\n|-damage|p1b: Aerodactyl|0 fnt\n|faint|p1b: Aerodactyl\n|move|p1a: Tyranitar|Earthquake|p2b: Gholdengo|[spread] p2a,p2b\n|-supereffective|p2b: Gholdengo\n|-damage|p2a: Dragapult|29\/100\n|-damage|p2b: Gholdengo|25\/100\n|move|p2b: Gholdengo|Make It Rain|p1a: Tyranitar\n|-supereffective|p1a: Tyranitar\n|-damage|p1a: Tyranitar|1\/100\n|-unboost|p2b: Gholdengo|spa|1\n|\n|-weather|Sandstorm|[upkeep]\n|-damage|p2a: Dragapult|23\/100|[from] Sandstorm\n|-heal|p2b: Gholdengo|31\/100|[from] item: Leftovers\n|upkeep\n|\n|t:|1698005967\n|switch|p1b: Rhyperior|Rhyperior, M|100\/100\n|turn|3\n|\n|t:|1698005976\n|move|p2a: Dragapult|Dragon Darts|p1a: Tyranitar\n|-damage|p1a: Tyranitar|0 fnt\n|-anim|p2a: Dragapult|Dragon Darts|p1b: Rhyperior\n|-damage|p1b: Rhyperior|88\/100\n|faint|p1a: Tyranitar\n|move|p2b: Gholdengo|Recover|p2b: Gholdengo\n|-heal|p2b: Gholdengo|81\/100\n|move|p1b: Rhyperior|Ice Punch|p2a: Dragapult\n|-supereffective|p2a: Dragapult\n|-damage|p2a: Dragapult|0 fnt\n|faint|p2a: Dragapult\n|\n|-weather|Sandstorm|[upkeep]\n|-heal|p2b: Gholdengo|87\/100|[from] item: Leftovers\n|-heal|p1b: Rhyperior|94\/100|[from] item: Leftovers\n|upkeep\n|\n|t:|1698006002\n|switch|p2a: Flutter Mane|Flutter Mane, shiny|100\/100\n|switch|p1a: Tyrantrum|Tyrantrum, M|100\/100\n|-enditem|p2a: Flutter Mane|Booster Energy\n|-activate|p2a: Flutter Mane|ability: Protosynthesis|[fromitem]\n|-start|p2a: Flutter Mane|protosynthesisspe\n|turn|4\n|\n|t:|1698006026\n|switch|p2b: Sableye|Sableye, M, shiny|100\/100\n|move|p2a: Flutter Mane|Energy Ball|p1b: Rhyperior\n|-supereffective|p1b: Rhyperior\n|-damage|p1b: Rhyperior|8\/100\n|move|p1a: Tyrantrum|Dragon Claw|p2b: Sableye\n|-crit|p2b: Sableye\n|-damage|p2b: Sableye|0 fnt\n|faint|p2b: Sableye\n|move|p1b: Rhyperior|Ice Punch|p2a: Flutter Mane\n|-damage|p2a: Flutter Mane|57\/100\n|\n|-weather|Sandstorm|[upkeep]\n|-damage|p2a: Flutter Mane|51\/100|[from] Sandstorm\n|-heal|p1b: Rhyperior|15\/100|[from] item: Leftovers\n|upkeep\n|\n|t:|1698006043\n|switch|p2b: Palossand|Palossand, M, shiny|100\/100\n|turn|5\n|\n|t:|1698006059\n|move|p2a: Flutter Mane|Dazzling Gleam|p1b: Rhyperior|[spread] p1a,p1b\n|-supereffective|p1a: Tyrantrum\n|-damage|p1a: Tyrantrum|27\/100\n|-damage|p1b: Rhyperior|0 fnt\n|faint|p1b: Rhyperior\n|move|p1a: Tyrantrum|Dragon Claw|p2b: Palossand\n|-damage|p2b: Palossand|76\/100\n|move|p2b: Palossand|Stealth Rock|p1a: Tyrantrum\n|-sidestart|p1: Deagle50uu|move: Stealth Rock\n|\n|-weather|none\n|-heal|p2b: Palossand|82\/100|[from] item: Leftovers\n|upkeep\n|\n|t:|1698006067\n|switch|p1b: Terrakion|Terrakion|100\/100\n|-damage|p1b: Terrakion|94\/100|[from] Stealth Rock\n|turn|6\n|\n|t:|1698006081\n|move|p1b: Terrakion|Quick Attack|p2a: Flutter Mane\n|-immune|p2a: Flutter Mane\n|move|p2a: Flutter Mane|Dazzling Gleam|p1b: Terrakion|[spread] p1a,p1b\n|-supereffective|p1a: Tyrantrum\n|-supereffective|p1b: Terrakion\n|-damage|p1a: Tyrantrum|0 fnt\n|-damage|p1b: Terrakion|16\/100\n|faint|p1a: Tyrantrum\n|move|p2b: Palossand|Earth Power|p1b: Terrakion\n|-supereffective|p1b: Terrakion\n|-damage|p1b: Terrakion|0 fnt\n|faint|p1b: Terrakion\n|\n|-heal|p2b: Palossand|88\/100|[from] item: Leftovers\n|upkeep\n|\n|t:|1698006099\n|switch|p1a: Aggron|Aggron, M|100\/100\n|-damage|p1a: Aggron|94\/100|[from] Stealth Rock\n|turn|7\n|\n|t:|1698006113\n|move|p2a: Flutter Mane|Shadow Ball|p1a: Aggron\n|-damage|p1a: Aggron|17\/100\n|move|p1a: Aggron|Earthquake|p2a: Flutter Mane|[spread] p2a,p2b\n|-damage|p2a: Flutter Mane|20\/100\n|-damage|p2b: Palossand|78\/100\n|move|p2b: Palossand|Earth Power|p1a: Aggron\n|-supereffective|p1a: Aggron\n|-damage|p1a: Aggron|0 fnt\n|faint|p1a: Aggron\n|\n|win|Davichu7\n","uploadtime":1698006119,"views":12,"p1id":"deagle50uu","p2id":"davichu7","formatid":"gen9nationaldexdoubles","rating":0,"private":0,"password":""}