{"id":"gen9nationaldexdoubles-1996693480","p1":"breadmanius","p2":"El Ryuk456","format":"[Gen 9] National Dex Doubles","log":"|j|\u203dbreadmanius\n|j|\u2606El Ryuk456\n|t:|1700710567\n|gametype|doubles\n|player|p1|breadmanius|veteranf|1023\n|player|p2|El Ryuk456|ingo|1272\n|teamsize|p1|6\n|teamsize|p2|6\n|gen|9\n|tier|[Gen 9] National Dex Doubles\n|rated|\n|rule|HP Percentage Mod: HP is shown in percentages\n|rule|Endless Battle Clause: Forcing endless battles is banned\n|rule|OHKO Clause: OHKO moves are banned\n|rule|Evasion Moves Clause: Evasion moves are banned\n|rule|Evasion Abilities Clause: Evasion abilities are banned\n|rule|Species Clause: Limit one of each Pok\u00e9mon\n|rule|Gravity Sleep Clause: The combination of sleep-inducing moves with imperfect accuracy and Gravity or Gigantamax Orbeetle are banned\n|clearpoke\n|poke|p1|Samurott-Hisui, M|\n|poke|p1|Dragapult, F|\n|poke|p1|Murkrow, M|\n|poke|p1|Torterra, M|\n|poke|p1|Camerupt, M|\n|poke|p1|Sandslash-Alola, M|\n|poke|p2|Lucario, M|\n|poke|p2|Ogerpon, F|\n|poke|p2|Tapu Lele|\n|poke|p2|Crobat, F|\n|poke|p2|Tinkaton, F|\n|poke|p2|Luxray, M|\n|teampreview\n|\n|t:|1700710612\n|start\n|switch|p1a: Torterra|Torterra, M, shiny|100\/100\n|switch|p1b: Camerupt|Camerupt, M, shiny|100\/100\n|switch|p2a: Crobat|Crobat, F, shiny|100\/100\n|switch|p2b: Tapu Lele|Tapu Lele, shiny|100\/100\n|-fieldstart|move: Psychic Terrain|[from] ability: Psychic Surge|[of] p2b: Tapu Lele\n|turn|1\n|inactive|Battle timer is ON: inactive players will automatically lose when time's up. (requested by El Ryuk456)\n|\n|t:|1700710630\n|move|p2a: Crobat|Snatch|p2a: Crobat\n|-singleturn|p2a: Crobat|Snatch\n|-zpower|p2b: Tapu Lele\n|move|p2b: Tapu Lele|Shattered Psyche|p1b: Camerupt|[zeffect]\n|-damage|p1b: Camerupt|0 fnt\n|faint|p1b: Camerupt\n|move|p1a: Torterra|Leech Seed|p2b: Tapu Lele|[miss]\n|-miss|p1a: Torterra|p2b: Tapu Lele\n|\n|upkeep\n|\n|t:|1700710647\n|switch|p1b: Sandslash|Sandslash-Alola, M|100\/100\n|turn|2\n|\n|t:|1700710661\n|move|p2a: Crobat|Snatch|p2a: Crobat\n|-singleturn|p2a: Crobat|Snatch\n|move|p2b: Tapu Lele|Taunt|p1a: Torterra\n|-start|p1a: Torterra|move: Taunt\n|move|p1b: Sandslash|Steel Beam|p2a: Crobat\n|-damage|p2a: Crobat|73\/100\n|-damage|p1b: Sandslash|50\/100|[from] steelbeam\n|cant|p1a: Torterra|move: Taunt|Leech Seed\n|\n|upkeep\n|turn|3\n|\n|t:|1700710679\n|move|p2a: Crobat|Brave Bird|p1a: Torterra\n|-supereffective|p1a: Torterra\n|-damage|p1a: Torterra|40\/100\n|-damage|p2a: Crobat|54\/100|[from] Recoil\n|move|p2b: Tapu Lele|Psychic|p1b: Sandslash\n|-resisted|p1b: Sandslash\n|-damage|p1b: Sandslash|11\/100\n|move|p1b: Sandslash|Steel Beam|p2a: Crobat\n|-damage|p2a: Crobat|25\/100\n|-damage|p1b: Sandslash|0 fnt|[from] steelbeam\n|faint|p1b: Sandslash\n|move|p1a: Torterra|Leaf Storm|p2b: Tapu Lele\n|-damage|p2b: Tapu Lele|66\/100\n|-unboost|p1a: Torterra|spa|2\n|\n|upkeep\n|\n|t:|1700710697\n|switch|p1b: Murkrow|Murkrow, M|100\/100\n|turn|4\n|\n|t:|1700710705\n|move|p2a: Crobat|Snatch|p2a: Crobat\n|-singleturn|p2a: Crobat|Snatch\n|move|p1b: Murkrow|Tailwind|p1b: Murkrow\n|-activate|p2a: Crobat|move: Snatch|[of] p1b: Murkrow\n|move|p2a: Crobat|Tailwind|p2a: Crobat|[from]Snatch\n|-sidestart|p2: El Ryuk456|move: Tailwind\n|move|p2b: Tapu Lele|Psychic|p1a: Torterra\n|-damage|p1a: Torterra|0 fnt\n|faint|p1a: Torterra\n|\n|upkeep\n|\n|t:|1700710714\n|switch|p1a: Samurott|Samurott-Hisui, M, shiny|100\/100\n|turn|5\n|\n|t:|1700710725\n|move|p2a: Crobat|Snatch|p2a: Crobat\n|-singleturn|p2a: Crobat|Snatch\n|move|p2b: Tapu Lele|Moonblast|p1a: Samurott\n|-supereffective|p1a: Samurott\n|-enditem|p1a: Samurott|Focus Sash\n|-damage|p1a: Samurott|1\/100\n|move|p1a: Samurott|Aqua Cutter|p2a: Crobat\n|-damage|p2a: Crobat|0 fnt\n|faint|p2a: Crobat\n|move|p1b: Murkrow|Sky Attack||[still]\n|-prepare|p1b: Murkrow|Sky Attack\n|\n|-fieldend|move: Psychic Terrain\n|upkeep\n|\n|t:|1700710744\n|switch|p2a: Luxray|Luxray, M|100\/100\n|-ability|p2a: Luxray|Intimidate|boost\n|-unboost|p1a: Samurott|atk|1\n|-unboost|p1b: Murkrow|atk|1\n|turn|6\n|\n|t:|1700710755\n|move|p2b: Tapu Lele|Moonblast|p1b: Murkrow\n|-supereffective|p1b: Murkrow\n|-damage|p1b: Murkrow|0 fnt\n|faint|p1b: Murkrow\n|move|p2a: Luxray|Snarl|p1a: Samurott\n|-resisted|p1a: Samurott\n|-damage|p1a: Samurott|0 fnt\n|faint|p1a: Samurott\n|\n|upkeep\n|-message|breadmanius forfeited.\n|\n|win|El Ryuk456\n|raw|breadmanius's rating: 1023 &rarr; <strong>1018<\/strong><br \/>(-5 for losing)\n|raw|El Ryuk456's rating: 1272 &rarr; <strong>1282<\/strong><br \/>(+10 for winning)\n|l|\u203dbreadmanius\n","uploadtime":1700710768,"views":0,"p1id":"breadmanius","p2id":"elryuk456","formatid":"gen9nationaldexdoubles","rating":1018,"private":0,"password":""}