{"id":"gen9nationaldexdoubles-1960890624","p1":"naive roaring moon","p2":"FARTDEMON111111","format":"[Gen 9] National Dex Doubles","log":"|j|\u2606naive roaring moon\n|j|\u2606FARTDEMON111111\n|t:|1696569155\n|gametype|doubles\n|player|p1|naive roaring moon|steven-masters3|1000\n|player|p2|FARTDEMON111111|roughneck-gen4|1084\n|teamsize|p1|6\n|teamsize|p2|6\n|gen|9\n|tier|[Gen 9] National Dex Doubles\n|rated|\n|rule|HP Percentage Mod: HP is shown in percentages\n|rule|Endless Battle Clause: Forcing endless battles is banned\n|rule|OHKO Clause: OHKO moves are banned\n|rule|Evasion Moves Clause: Evasion moves are banned\n|rule|Evasion Abilities Clause: Evasion abilities are banned\n|rule|Species Clause: Limit one of each Pok\u00e9mon\n|rule|Gravity Sleep Clause: The combination of sleep-inducing moves with imperfect accuracy and Gravity or Gigantamax Orbeetle are banned\n|clearpoke\n|poke|p1|Roaring Moon|\n|poke|p1|Torkoal, M|\n|poke|p1|Cresselia, F|\n|poke|p1|Ursaluna, M|\n|poke|p1|Glimmora, M|\n|poke|p1|Ogerpon-Hearthflame, F|\n|poke|p2|Toxapex, M|\n|poke|p2|Blissey, F|\n|poke|p2|Rillaboom, M|\n|poke|p2|Dragonite, F|\n|poke|p2|Heatran, M|\n|poke|p2|Ninetales-Alola, M|\n|teampreview\n|\n|t:|1696569184\n|start\n|switch|p1a: Glimmora|Glimmora, M, shiny|100\/100\n|switch|p1b: Torkoal|Torkoal, M, shiny|100\/100\n|switch|p2a: Toxapex|Toxapex, M|100\/100\n|switch|p2b: Heatran|Heatran, M|100\/100\n|-weather|SunnyDay|[from] ability: Drought|[of] p1b: Torkoal\n|turn|1\n|\n|t:|1696569200\n|switch|p1b: Cresselia|Cresselia, F, shiny|100\/100\n|move|p1a: Glimmora|Stealth Rock|p2a: Toxapex\n|-sidestart|p2: FARTDEMON111111|move: Stealth Rock\n|move|p2b: Heatran|Earth Power|p1a: Glimmora\n|-supereffective|p1a: Glimmora\n|-enditem|p1a: Glimmora|Focus Sash\n|-damage|p1a: Glimmora|1\/100\n|move|p2a: Toxapex|Toxic Spikes|p1b: Cresselia\n|-sidestart|p1: naive roaring moon|move: Toxic Spikes\n|\n|-weather|SunnyDay|[upkeep]\n|upkeep\n|turn|2\n|\n|t:|1696569237\n|switch|p1a: Ursaluna|Ursaluna, M, shiny|100\/100\n|-status|p1a: Ursaluna|psn\n|move|p2b: Heatran|Earth Power|p1a: Ursaluna\n|-damage|p1a: Ursaluna|73\/100 psn\n|move|p1b: Cresselia|Psychic|p2a: Toxapex\n|-supereffective|p2a: Toxapex\n|-damage|p2a: Toxapex|59\/100\n|move|p2a: Toxapex|Toxic Spikes|p1b: Cresselia\n|-sidestart|p1: naive roaring moon|move: Toxic Spikes\n|\n|-weather|SunnyDay|[upkeep]\n|-heal|p2a: Toxapex|65\/100|[from] item: Black Sludge\n|-damage|p1a: Ursaluna|61\/100 psn|[from] psn\n|upkeep\n|turn|3\n|\n|t:|1696569270\n|switch|p2b: Rillaboom|Rillaboom, M|100\/100\n|-damage|p2b: Rillaboom|88\/100|[from] Stealth Rock\n|-fieldstart|move: Grassy Terrain|[from] ability: Grassy Surge|[of] p2b: Rillaboom\n|move|p1b: Cresselia|Lunar Blessing|p1b: Cresselia|[spread] p1a,p1b\n|-heal|p1a: Ursaluna|86\/100 psn\n|-curestatus|p1a: Ursaluna|psn|[msg]\n|move|p1a: Ursaluna|Earthquake|p2b: Rillaboom|[spread] p2a,p2b\n|-immune|p1b: Cresselia|[from] ability: Levitate\n|-supereffective|p2a: Toxapex\n|-resisted|p2b: Rillaboom\n|-damage|p2a: Toxapex|37\/100\n|-damage|p2b: Rillaboom|78\/100\n|move|p2a: Toxapex|Recover|p2a: Toxapex\n|-heal|p2a: Toxapex|87\/100\n|\n|-weather|SunnyDay|[upkeep]\n|-heal|p2b: Rillaboom|84\/100|[from] Grassy Terrain\n|-heal|p1a: Ursaluna|92\/100|[from] Grassy Terrain\n|-heal|p2a: Toxapex|93\/100|[from] Grassy Terrain\n|-heal|p2a: Toxapex|99\/100|[from] item: Black Sludge\n|-status|p1a: Ursaluna|brn|[from] item: Flame Orb\n|upkeep\n|turn|4\n|\n|t:|1696569311\n|switch|p2a: Dragonite|Dragonite, F|100\/100\n|-terastallize|p2b: Rillaboom|Grass\n|move|p1b: Cresselia|Ally Switch|p1b: Cresselia\n|swap|p1b: Cresselia|0|[from] move: Ally Switch\n|move|p2b: Rillaboom|Grassy Glide|p1a: Cresselia\n|-damage|p1a: Cresselia|61\/100\n|-damage|p2b: Rillaboom|68\/100|[from] item: Rocky Helmet|[of] p1a: Cresselia\n|-damage|p2b: Rillaboom|58\/100|[from] item: Life Orb\n|move|p1b: Ursaluna|Facade|p2b: Rillaboom\n|-damage|p2b: Rillaboom|0 fnt\n|faint|p2b: Rillaboom\n|\n|-weather|SunnyDay|[upkeep]\n|-heal|p1b: Ursaluna|98\/100 brn|[from] Grassy Terrain\n|-damage|p1b: Ursaluna|92\/100 brn|[from] brn\n|upkeep\n|inactive|Battle timer is ON: inactive players will automatically lose when time's up. (requested by naive roaring moon)\n|\n|t:|1696569332\n|switch|p2b: Ninetales|Ninetales-Alola, M|100\/100\n|-damage|p2b: Ninetales|76\/100|[from] Stealth Rock\n|-weather|Snow|[from] ability: Snow Warning|[of] p2b: Ninetales\n|turn|5\n|\n|t:|1696569350\n|move|p1b: Ursaluna|Protect|p1b: Ursaluna\n|-singleturn|p1b: Ursaluna|Protect\n|move|p2b: Ninetales|Aurora Veil|p2b: Ninetales\n|-sidestart|p2: FARTDEMON111111|move: Aurora Veil\n|move|p2a: Dragonite|Dragon Dance|p2a: Dragonite\n|-boost|p2a: Dragonite|atk|1\n|-boost|p2a: Dragonite|spe|1\n|move|p1a: Cresselia|Trick Room|p1a: Cresselia\n|-fieldstart|move: Trick Room|[of] p1a: Cresselia\n|\n|-weather|Snow|[upkeep]\n|-heal|p1b: Ursaluna|98\/100 brn|[from] Grassy Terrain\n|-heal|p2b: Ninetales|82\/100|[from] Grassy Terrain\n|-damage|p1b: Ursaluna|92\/100 brn|[from] brn\n|upkeep\n|turn|6\n|inactive|FARTDEMON111111 has 120 seconds left.\n|\n|t:|1696569387\n|switch|p1a: Glimmora|Glimmora, M, shiny|1\/100\n|-sideend|p1: naive roaring moon|move: Toxic Spikes|[of] p1a: Glimmora\n|switch|p2b: Blissey|Blissey, F|100\/100\n|move|p2a: Dragonite|Extreme Speed|p1a: Glimmora\n|-resisted|p1a: Glimmora\n|-damage|p1a: Glimmora|0 fnt\n|-activate|p1a: Glimmora|ability: Toxic Debris\n|-sidestart|p2: FARTDEMON111111|move: Toxic Spikes\n|faint|p1a: Glimmora\n|move|p1b: Ursaluna|Facade|p2a: Dragonite\n|-damage|p2a: Dragonite|51\/100\n|\n|-weather|Snow|[upkeep]\n|-heal|p1b: Ursaluna|98\/100 brn|[from] Grassy Terrain\n|-damage|p1b: Ursaluna|92\/100 brn|[from] brn\n|upkeep\n|\n|t:|1696569395\n|switch|p1a: Torkoal|Torkoal, M, shiny|100\/100\n|-weather|SunnyDay|[from] ability: Drought|[of] p1a: Torkoal\n|turn|7\n|inactive|FARTDEMON111111 has 120 seconds left.\n|\n|t:|1696569424\n|switch|p2a: Toxapex|Toxapex, M|100\/100\n|-damage|p2a: Toxapex|88\/100|[from] Stealth Rock\n|-sideend|p2: FARTDEMON111111|move: Toxic Spikes|[of] p2a: Toxapex\n|move|p1a: Torkoal|Eruption|p2a: Toxapex|[spread] p2a,p2b\n|-resisted|p2a: Toxapex\n|-damage|p2a: Toxapex|66\/100\n|-damage|p2b: Blissey|81\/100\n|move|p1b: Ursaluna|Facade|p2a: Toxapex\n|-damage|p2a: Toxapex|11\/100\n|move|p2b: Blissey|Seismic Toss|p1b: Ursaluna\n|-damage|p1b: Ursaluna|70\/100 brn\n|\n|-weather|SunnyDay|[upkeep]\n|-heal|p2a: Toxapex|17\/100|[from] Grassy Terrain\n|-heal|p2a: Toxapex|23\/100|[from] item: Black Sludge\n|-heal|p1b: Ursaluna|76\/100 brn|[from] Grassy Terrain\n|-heal|p2b: Blissey|87\/100|[from] Grassy Terrain\n|-damage|p1b: Ursaluna|70\/100 brn|[from] brn\n|-fieldend|move: Grassy Terrain\n|upkeep\n|turn|8\n|inactive|FARTDEMON111111 has 120 seconds left.\n|\n|t:|1696569449\n|move|p1a: Torkoal|Protect|p1a: Torkoal\n|-singleturn|p1a: Torkoal|Protect\n|move|p2a: Toxapex|Recover|p2a: Toxapex\n|-heal|p2a: Toxapex|73\/100\n|move|p1b: Ursaluna|Earthquake|p2b: Blissey|[spread] p2a,p2b\n|-activate|p1a: Torkoal|move: Protect\n|-supereffective|p2a: Toxapex\n|-damage|p2a: Toxapex|20\/100\n|-damage|p2b: Blissey|41\/100\n|move|p2b: Blissey|Seismic Toss|p1b: Ursaluna\n|-damage|p1b: Ursaluna|49\/100 brn\n|\n|-weather|SunnyDay|[upkeep]\n|-heal|p2a: Toxapex|26\/100|[from] item: Black Sludge\n|-damage|p1b: Ursaluna|43\/100 brn|[from] brn\n|upkeep\n|turn|9\n|\n|t:|1696569468\n|switch|p1a: Cresselia|Cresselia, F, shiny|61\/100\n|move|p2a: Toxapex|Recover|p2a: Toxapex\n|-heal|p2a: Toxapex|76\/100\n|move|p1b: Ursaluna|Earthquake|p2b: Blissey|[spread] p2a,p2b\n|-immune|p1a: Cresselia|[from] ability: Levitate\n|-supereffective|p2a: Toxapex\n|-damage|p2a: Toxapex|26\/100\n|-damage|p2b: Blissey|0 fnt\n|faint|p2b: Blissey\n|\n|-weather|SunnyDay|[upkeep]\n|-heal|p2a: Toxapex|32\/100|[from] item: Black Sludge\n|-damage|p1b: Ursaluna|37\/100 brn|[from] brn\n|-fieldend|move: Trick Room\n|upkeep\n|\n|t:|1696569481\n|switch|p2b: Dragonite|Dragonite, F|51\/100\n|turn|10\n|\n|t:|1696569503\n|move|p2b: Dragonite|Dragon Dance|p2b: Dragonite\n|-boost|p2b: Dragonite|atk|1\n|-boost|p2b: Dragonite|spe|1\n|move|p1a: Cresselia|Lunar Blessing|p1a: Cresselia|[spread] p1a,p1b\n|-heal|p1a: Cresselia|86\/100\n|-heal|p1b: Ursaluna|62\/100 brn\n|-curestatus|p1b: Ursaluna|brn|[msg]\n|move|p1b: Ursaluna|Facade|p2b: Dragonite\n|-damage|p2b: Dragonite|19\/100\n|move|p2a: Toxapex|Recover|p2a: Toxapex\n|-heal|p2a: Toxapex|82\/100\n|\n|-weather|SunnyDay|[upkeep]\n|-heal|p2a: Toxapex|89\/100|[from] item: Black Sludge\n|-status|p1b: Ursaluna|brn|[from] item: Flame Orb\n|upkeep\n|turn|11\n|\n|t:|1696569526\n|-terastallize|p1b: Ursaluna|Ghost\n|move|p2b: Dragonite|Roost|p2b: Dragonite\n|-heal|p2b: Dragonite|70\/100\n|-singleturn|p2b: Dragonite|move: Roost\n|move|p1b: Ursaluna|Earthquake|p2a: Toxapex|[spread] p2a,p2b\n|-immune|p1a: Cresselia|[from] ability: Levitate\n|-supereffective|p2a: Toxapex\n|-damage|p2a: Toxapex|29\/100\n|-damage|p2b: Dragonite|18\/100\n|move|p2a: Toxapex|Scald|p1b: Ursaluna\n|-damage|p1b: Ursaluna|54\/100 brn\n|move|p1a: Cresselia|Trick Room|p1a: Cresselia\n|-fieldstart|move: Trick Room|[of] p1a: Cresselia\n|\n|-weather|none\n|-heal|p2a: Toxapex|36\/100|[from] item: Black Sludge\n|-damage|p1b: Ursaluna|48\/100 brn|[from] brn\n|upkeep\n|turn|12\n|inactive|FARTDEMON111111 has 120 seconds left.\n|\n|t:|1696569567\n|move|p2b: Dragonite|Extreme Speed|p1a: Cresselia\n|-damage|p1a: Cresselia|59\/100\n|-damage|p2b: Dragonite|2\/100|[from] item: Rocky Helmet|[of] p1a: Cresselia\n|move|p2a: Toxapex|Scald|p1b: Ursaluna\n|-damage|p1b: Ursaluna|33\/100 brn\n|move|p1b: Ursaluna|Earthquake|p2b: Dragonite|[spread] p2a\n|-immune|p1a: Cresselia|[from] ability: Levitate\n|-immune|p2b: Dragonite\n|-supereffective|p2a: Toxapex\n|-damage|p2a: Toxapex|0 fnt\n|faint|p2a: Toxapex\n|move|p1a: Cresselia|Psychic|p2b: Dragonite\n|-crit|p2b: Dragonite\n|-damage|p2b: Dragonite|0 fnt\n|faint|p2b: Dragonite\n|\n|-damage|p1b: Ursaluna|27\/100 brn|[from] brn\n|-sideend|p2: FARTDEMON111111|move: Aurora Veil\n|upkeep\n|inactive|FARTDEMON111111 has 90 seconds left.\n|\n|t:|1696569593\n|switch|p2a: Heatran|Heatran, M|100\/100\n|switch|p2b: Ninetales|Ninetales-Alola, M|82\/100\n|-damage|p2a: Heatran|88\/100|[from] Stealth Rock\n|-damage|p2b: Ninetales|57\/100|[from] Stealth Rock\n|-weather|Snow|[from] ability: Snow Warning|[of] p2b: Ninetales\n|turn|13\n|\n|t:|1696569615\n|move|p1b: Ursaluna|Earthquake|p2b: Ninetales|[spread] p2a,p2b\n|-immune|p1a: Cresselia|[from] ability: Levitate\n|-supereffective|p2a: Heatran\n|-damage|p2a: Heatran|0 fnt\n|-damage|p2b: Ninetales|3\/100\n|faint|p2a: Heatran\n|move|p1a: Cresselia|Lunar Blessing|p1a: Cresselia|[spread] p1a,p1b\n|-heal|p1a: Cresselia|84\/100\n|-heal|p1b: Ursaluna|52\/100 brn\n|-curestatus|p1b: Ursaluna|brn|[msg]\n|move|p2b: Ninetales|Aurora Veil|p2b: Ninetales\n|-sidestart|p2: FARTDEMON111111|move: Aurora Veil\n|\n|-weather|Snow|[upkeep]\n|-status|p1b: Ursaluna|brn|[from] item: Flame Orb\n|upkeep\n|turn|14\n|inactive|FARTDEMON111111 has 120 seconds left.\n|-message|FARTDEMON111111 forfeited.\n|\n|win|naive roaring moon\n|raw|naive roaring moon's rating: 1000 &rarr; <strong>1049<\/strong><br \/>(+49 for winning)\n|raw|FARTDEMON111111's rating: 1084 &rarr; <strong>1056<\/strong><br \/>(-28 for losing)\n|l|\u2606FARTDEMON111111\n","uploadtime":1696569656,"views":7,"p1id":"naiveroaringmoon","p2id":"fartdemon111111","formatid":"gen9nationaldexdoubles","rating":1049,"private":0,"password":""}