{"id":"gen9nationaldexdoubles-1968226020","p1":"u mad loser?","p2":"lemonsnivy","format":"[Gen 9] National Dex Doubles","log":"|j|\u2606u mad loser?\n|j|\u2606lemonsnivy\n|t:|1697396691\n|gametype|doubles\n|player|p1|u mad loser?|lucas|1114\n|player|p2|lemonsnivy|zinzolin|1008\n|teamsize|p1|6\n|teamsize|p2|6\n|gen|9\n|tier|[Gen 9] National Dex Doubles\n|rated|\n|rule|HP Percentage Mod: HP is shown in percentages\n|rule|Endless Battle Clause: Forcing endless battles is banned\n|rule|OHKO Clause: OHKO moves are banned\n|rule|Evasion Moves Clause: Evasion moves are banned\n|rule|Evasion Abilities Clause: Evasion abilities are banned\n|rule|Species Clause: Limit one of each Pok\u00e9mon\n|rule|Gravity Sleep Clause: The combination of sleep-inducing moves with imperfect accuracy and Gravity or Gigantamax Orbeetle are banned\n|clearpoke\n|poke|p1|Indeedee, M|\n|poke|p1|Regieleki|\n|poke|p1|Meowscarada, F|\n|poke|p1|Spectrier|\n|poke|p1|Murkrow, M|\n|poke|p1|Shuckle, M|\n|poke|p2|Kommo-o, M|\n|poke|p2|Spinda, M|\n|poke|p2|Gigalith, M|\n|poke|p2|Delphox, M|\n|poke|p2|Pheromosa|\n|poke|p2|Meowstic, M|\n|teampreview\n|\n|t:|1697396717\n|start\n|switch|p1a: Murkrow|Murkrow, M|100\/100\n|switch|p1b: Shuckle|Shuckle, M|100\/100\n|switch|p2a: Delphox|Delphox, M|100\/100\n|switch|p2b: Spinda|Spinda, M, shiny|100\/100\n|turn|1\n|\n|t:|1697396766\n|move|p2b: Spinda|Fake Out|p1a: Murkrow\n|-damage|p1a: Murkrow|75\/100\n|cant|p1a: Murkrow|flinch\n|move|p2a: Delphox|Skill Swap|p2b: Spinda\n|-activate|p2a: Delphox|move: Skill Swap|||[of] p2b: Spinda\n|move|p1b: Shuckle|Stealth Rock|p2a: Delphox\n|-sidestart|p2: lemonsnivy|move: Stealth Rock\n|\n|upkeep\n|turn|2\n|\n|t:|1697396787\n|move|p1a: Murkrow|Perish Song|p1a: Murkrow\n|-start|p1a: Murkrow|perish3|[silent]\n|-start|p1b: Shuckle|perish3|[silent]\n|-start|p2a: Delphox|perish3|[silent]\n|-start|p2b: Spinda|perish3|[silent]\n|-fieldactivate|move: Perish Song\n|move|p2a: Delphox|Overheat|p1a: Murkrow\n|-damage|p1a: Murkrow|0 fnt\n|-boost|p2a: Delphox|spa|2\n|faint|p1a: Murkrow\n|move|p2b: Spinda|Encore|p1b: Shuckle\n|-start|p1b: Shuckle|Encore\n|-enditem|p1b: Shuckle|Mental Herb\n|-end|p1b: Shuckle|Encore\n|move|p1b: Shuckle|Power Split|p2a: Delphox\n|-activate|p1b: Shuckle|move: Power Split|[of] p2a: Delphox\n|\n|-start|p2a: Delphox|perish3\n|-start|p2b: Spinda|perish3\n|-start|p1b: Shuckle|perish3\n|upkeep\n|inactive|Battle timer is ON: inactive players will automatically lose when time's up. (requested by lemonsnivy)\n|\n|t:|1697396808\n|switch|p1a: Meowscarada|Meowscarada, F|100\/100\n|turn|3\n|\n|t:|1697396816\n|-terastallize|p2a: Delphox|Fairy\n|move|p1a: Meowscarada|Shadow Claw|p2a: Delphox\n|-start|p1a: Meowscarada|typechange|Ghost|[from] ability: Protean\n|-damage|p2a: Delphox|58\/100\n|move|p2a: Delphox|Overheat|p1a: Meowscarada\n|-damage|p1a: Meowscarada|0 fnt\n|-boost|p2a: Delphox|spa|2\n|faint|p1a: Meowscarada\n|move|p2b: Spinda|Encore|p1b: Shuckle\n|-start|p1b: Shuckle|Encore\n|move|p1b: Shuckle|Power Split|p2b: Spinda\n|-activate|p1b: Shuckle|move: Power Split|[of] p2b: Spinda\n|\n|-start|p2a: Delphox|perish2\n|-start|p2b: Spinda|perish2\n|-start|p1b: Shuckle|perish2\n|upkeep\n|inactive|u mad loser? has 120 seconds left.\n|\n|t:|1697396849\n|switch|p1a: Regieleki|Regieleki|100\/100\n|turn|4\n|inactive|u mad loser? has 120 seconds left.\n|\n|t:|1697396874\n|move|p1a: Regieleki|Electro Ball|p2a: Delphox\n|-damage|p2a: Delphox|8\/100\n|move|p2a: Delphox|Dazzling Gleam|p1a: Regieleki|[spread] p1a,p1b\n|-damage|p1a: Regieleki|8\/100\n|-damage|p1b: Shuckle|72\/100\n|move|p2b: Spinda|Fake Tears|p2a: Delphox\n|-boost|p2a: Delphox|spd|2\n|move|p1b: Shuckle|Power Split|p2b: Spinda\n|-activate|p1b: Shuckle|move: Power Split|[of] p2b: Spinda\n|\n|-start|p2a: Delphox|perish1\n|-start|p2b: Spinda|perish1\n|-start|p1b: Shuckle|perish1\n|upkeep\n|turn|5\n|\n|t:|1697396903\n|move|p1a: Regieleki|Electro Ball|p2b: Spinda\n|-damage|p2b: Spinda|10\/100\n|move|p2a: Delphox|Dazzling Gleam|p1b: Shuckle|[spread] p1a,p1b\n|-damage|p1a: Regieleki|0 fnt\n|-damage|p1b: Shuckle|40\/100\n|faint|p1a: Regieleki\n|move|p2b: Spinda|Encore||[still]\n|-fail|p2b: Spinda\n|move|p1b: Shuckle|Power Split|p2b: Spinda\n|-activate|p1b: Shuckle|move: Power Split|[of] p2b: Spinda\n|\n|-end|p1b: Shuckle|Encore\n|-start|p2a: Delphox|perish0\n|-start|p2b: Spinda|perish0\n|-start|p1b: Shuckle|perish0\n|upkeep\n|faint|p2a: Delphox\n|faint|p2b: Spinda\n|faint|p1b: Shuckle\n|\n|t:|1697396924\n|switch|p1a: Spectrier|Spectrier|100\/100\n|switch|p2a: Pheromosa|Pheromosa|100\/100\n|switch|p2b: Gigalith|Gigalith, M|100\/100\n|switch|p1b: Indeedee|Indeedee, M|100\/100\n|-fieldstart|move: Psychic Terrain|[from] ability: Psychic Surge|[of] p1b: Indeedee\n|-damage|p2a: Pheromosa|88\/100|[from] Stealth Rock\n|-damage|p2b: Gigalith|88\/100|[from] Stealth Rock\n|turn|6\n|\n|t:|1697396947\n|-terastallize|p1b: Indeedee|Psychic\n|move|p1b: Indeedee|Expanding Force|p2a: Pheromosa|[spread] p2a,p2b\n|-supereffective|p2a: Pheromosa\n|-damage|p2a: Pheromosa|0 fnt\n|-damage|p2b: Gigalith|8\/100\n|faint|p2a: Pheromosa\n|move|p1a: Spectrier|Shadow Ball|p2b: Gigalith\n|-damage|p2b: Gigalith|0 fnt\n|faint|p2b: Gigalith\n|-ability|p1a: Spectrier|Grim Neigh|boost\n|-boost|p1a: Spectrier|spa|1\n|\n|upkeep\n|-message|lemonsnivy forfeited.\n|\n|win|u mad loser?\n|raw|u mad loser?'s rating: 1114 &rarr; <strong>1135<\/strong><br \/>(+21 for winning)\n|raw|lemonsnivy's rating: 1058 &rarr; <strong>1042<\/strong><br \/>(-16 for losing)\n|l|\u2606lemonsnivy\n","uploadtime":1697396962,"views":11,"p1id":"umadloser","p2id":"lemonsnivy","formatid":"gen9nationaldexdoubles","rating":1042,"private":0,"password":""}