{"id":"gen9nationaldexdoubles-1990885666","p1":"Morales_gabs","p2":"Elite R2Dnl","format":"[Gen 9] National Dex Doubles","log":"|j|\u2606Morales_gabs\n|j|\u2606Elite R2Dnl\n|t:|1700011355\n|gametype|doubles\n|player|p1|Morales_gabs|hilbert|\n|player|p2|Elite R2Dnl|kimonogirl|\n|teamsize|p1|6\n|teamsize|p2|6\n|gen|9\n|tier|[Gen 9] National Dex Doubles\n|rule|HP Percentage Mod: HP is shown in percentages\n|rule|Endless Battle Clause: Forcing endless battles is banned\n|rule|OHKO Clause: OHKO moves are banned\n|rule|Evasion Moves Clause: Evasion moves are banned\n|rule|Evasion Abilities Clause: Evasion abilities are banned\n|rule|Species Clause: Limit one of each Pok\u00e9mon\n|rule|Gravity Sleep Clause: The combination of sleep-inducing moves with imperfect accuracy and Gravity or Gigantamax Orbeetle are banned\n|clearpoke\n|poke|p1|Swampert, M|\n|poke|p1|Toxapex, M|\n|poke|p1|Ludicolo, F|\n|poke|p1|Pelipper, F|\n|poke|p1|Drednaw, F|\n|poke|p1|Lanturn, F|\n|poke|p2|Electrode-Hisui|\n|poke|p2|Thundurus, M|\n|poke|p2|Iron Hands|\n|poke|p2|Zapdos|\n|poke|p2|Rotom-Wash|\n|poke|p2|Dedenne, F|\n|teampreview\n|c|\u2606Morales_gabs|isso vai ser tao rapido slk\n|c|\u2606Elite R2Dnl|eita timezin bom esse heim gab\n|j| RapaduraNarrator\n|c|\u2606Morales_gabs|ei man\n|c|\u2606Elite R2Dnl|ol\u00e1 juiz\n|c|\u2606Morales_gabs|na real deixa\n|c|\u2606Morales_gabs|eu ja perdi msm\n|c|\u2606Morales_gabs|esse dedenne ai\n|c|\u2606Morales_gabs|nossa mano tem um fodendo rothom\n|c|\u2606Morales_gabs|desisto pae\n|c|\u2606Elite R2Dnl|yea\n|c|\u2606Morales_gabs|lanca ai o bixo vai\n|c|\u2606Elite R2Dnl|what about dedenne\n|c|\u2606Morales_gabs|3\n|c|\u2606Morales_gabs|2\n|c|\u2606Elite R2Dnl|calma\n|c|\u2606Elite R2Dnl|vai\n|c|\u2606Elite R2Dnl|3\n|c|\u2606Elite R2Dnl|2\n|c|\u2606Elite R2Dnl|1\n|c|\u2606Morales_gabs|1\n|c|\u2606Elite R2Dnl|GO\n|c|\u2606Morales_gabs|go\n|\n|t:|1700011583\n|start\n|switch|p1a: SEQUENCIA|Pelipper, F|100\/100\n|switch|p1b: PANKADAO|Drednaw, F|100\/100\n|switch|p2a: Electrode|Electrode-Hisui|100\/100\n|switch|p2b: Zapdos|Zapdos|100\/100\n|-weather|RainDance|[from] ability: Drizzle|[of] p1a: SEQUENCIA\n|turn|1\n|c|\u2606Elite R2Dnl|I AM THE STROM THAT IS APPROACHING\n|\n|t:|1700011616\n|switch|p1a: VAI PIRANH|Toxapex, M|100\/100\n|move|p1b: PANKADAO|Stone Edge|p2b: Zapdos\n|-supereffective|p2b: Zapdos\n|-enditem|p2b: Zapdos|Charti Berry|[eat]\n|-enditem|p2b: Zapdos|Charti Berry|[weaken]\n|-damage|p2b: Zapdos|38\/100\n|move|p2a: Electrode|Volt Switch|p1a: VAI PIRANH\n|-supereffective|p1a: VAI PIRANH\n|-damage|p1a: VAI PIRANH|51\/100\n|c|\u2606Elite R2Dnl|como teu dreadnow utspeedou?\n|c|\u2606Morales_gabs|sim\n|c|\u2606Elite R2Dnl|ah sim\n|\n|t:|1700011702\n|switch|p2a: Iron Hands|Iron Hands|100\/100|[from] Volt Switch\n|move|p2b: Zapdos|Thunder|p1b: PANKADAO\n|-supereffective|p1b: PANKADAO\n|-damage|p1b: PANKADAO|0 fnt\n|faint|p1b: PANKADAO\n|\n|-weather|RainDance|[upkeep]\n|upkeep\n|c|\u2606Elite R2Dnl|THUNDER\n|\n|t:|1700011723\n|switch|p1b: METE METE|Lanturn, F|100\/100\n|turn|2\n|c|\u2606Morales_gabs|random bullshit go\n|\n|t:|1700011737\n|move|p2a: Iron Hands|Fake Out|p1a: VAI PIRANH\n|-damage|p1a: VAI PIRANH|38\/100\n|move|p2b: Zapdos|Thunder|p1a: VAI PIRANH\n|-supereffective|p1a: VAI PIRANH\n|-damage|p1a: VAI PIRANH|0 fnt\n|faint|p1a: VAI PIRANH\n|move|p1b: METE METE|Toxic|p2a: Iron Hands\n|-status|p2a: Iron Hands|tox\n|\n|-weather|RainDance|[upkeep]\n|-damage|p2a: Iron Hands|94\/100 tox|[from] psn\n|upkeep\n|c|\u2606Morales_gabs|fake out\n|\n|t:|1700011758\n|switch|p1a: SOCA SOCA|Swampert, M|100\/100\n|turn|3\n|\n|t:|1700011775\n|-end|p2a: Iron Hands|Quark Drive|[silent]\n|switch|p2a: Thundurus|Thundurus, M|100\/100\n|move|p2b: Zapdos|Hurricane|p1a: SOCA SOCA\n|-damage|p1a: SOCA SOCA|38\/100\n|move|p1b: METE METE|Surf|p2b: Zapdos|[spread] p1a,p2a,p2b\n|-damage|p1a: SOCA SOCA|9\/100\n|-damage|p2a: Thundurus|79\/100\n|-damage|p2b: Zapdos|8\/100\n|move|p1a: SOCA SOCA|Earthquake|p2a: Thundurus|[spread] p1b\n|-immune|p2a: Thundurus\n|-immune|p2b: Zapdos\n|-supereffective|p1b: METE METE\n|-damage|p1b: METE METE|9\/100\n|-enditem|p1b: METE METE|Petaya Berry|[eat]\n|-boost|p1b: METE METE|spa|1|[from] item: Petaya Berry\n|\n|-weather|RainDance|[upkeep]\n|upkeep\n|turn|4\n|c|\u2606Elite R2Dnl|IMUNITYYYYYY\n|c|\u2606Elite R2Dnl|EI\n|\n|t:|1700011820\n|move|p2b: Zapdos|Hurricane|p1b: METE METE\n|-resisted|p1b: METE METE\n|-damage|p1b: METE METE|0 fnt\n|faint|p1b: METE METE\n|move|p2a: Thundurus|Weather Ball|p1a: SOCA SOCA\n|-damage|p1a: SOCA SOCA|0 fnt\n|faint|p1a: SOCA SOCA\n|\n|-weather|RainDance|[upkeep]\n|upkeep\n|c|\u2606Elite R2Dnl|MEUS NICKNAMES\n|\n|t:|1700011826\n|switch|p1b: SEQUENCIA|Pelipper, F|100\/100\n|switch|p1a: TOMA TOMA|Ludicolo, F|100\/100\n|turn|5\n|c|\u2606Elite R2Dnl|VAI SER UM 6X0?\n|c|\u2606Elite R2Dnl|SERA?\n|c|\u2606Elite R2Dnl|SERA?\n|c|\u2606Morales_gabs|nossa\n|c|\u2606Morales_gabs|sera heim\n|\n|t:|1700011847\n|move|p2b: Zapdos|Hurricane|p1a: TOMA TOMA\n|-supereffective|p1a: TOMA TOMA\n|-damage|p1a: TOMA TOMA|1\/100\n|-enditem|p1a: TOMA TOMA|Starf Berry|[eat]\n|-boost|p1a: TOMA TOMA|atk|2|[from] item: Starf Berry\n|move|p2a: Thundurus|Volt Switch|p1b: SEQUENCIA\n|-supereffective|p1b: SEQUENCIA\n|-enditem|p1b: SEQUENCIA|Wacan Berry|[eat]\n|-enditem|p1b: SEQUENCIA|Wacan Berry|[weaken]\n|-damage|p1b: SEQUENCIA|40\/100\n|c|\u2606Morales_gabs|que vai ser heim\n|c|\u2606Elite R2Dnl|n vai\n|\n|t:|1700011867\n|switch|p2a: Dedenne|Dedenne, F|100\/100|[from] Volt Switch\n|move|p1a: TOMA TOMA|Surf|p2a: Dedenne|[spread] p1b,p2a,p2b\n|-resisted|p1b: SEQUENCIA\n|-damage|p1b: SEQUENCIA|14\/100\n|-damage|p2a: Dedenne|38\/100\n|-damage|p2b: Zapdos|0 fnt\n|faint|p2b: Zapdos\n|move|p1b: SEQUENCIA|Hurricane|p2a: Dedenne\n|-resisted|p2a: Dedenne\n|-damage|p2a: Dedenne|13\/100\n|-start|p2a: Dedenne|confusion\n|\n|-weather|none\n|upkeep\n|c|\u2606Morales_gabs|que merda\n|\n|t:|1700011887\n|switch|p2b: Thundurus|Thundurus, M|79\/100\n|turn|6\n|-enditem|p2a: Dedenne|Custap Berry|[eat]\n|-activate|p2a: Dedenne|item: Custap Berry|[consumed]\n|\n|t:|1700011896\n|-activate|p2a: Dedenne|confusion\n|move|p2a: Dedenne|Dazzling Gleam|p1b: SEQUENCIA|[spread] p1a,p1b\n|-damage|p1a: TOMA TOMA|0 fnt\n|-damage|p1b: SEQUENCIA|0 fnt\n|faint|p1a: TOMA TOMA\n|faint|p1b: SEQUENCIA\n|\n|win|Elite R2Dnl\n|c|\u2606Morales_gabs|gg\n|c|\u2606Elite R2Dnl|thats it\n|l|\u2606Morales_gabs\n|c|\u2606Elite R2Dnl|boa batalha\n","uploadtime":1700011919,"views":7,"p1id":"moralesgabs","p2id":"eliter2dnl","formatid":"gen9nationaldexdoubles","rating":0,"private":0,"password":""}