{"id":"gen9nationaldexdoubles-1992165991","p1":"Cdawgo","p2":"Drakhar_LoveSensei","format":"[Gen 9] National Dex Doubles","log":"|j|\u2606Cdawgo\n|j|\u2606Drakhar_LoveSensei\n|t:|1700160480\n|gametype|doubles\n|player|p1|Cdawgo|brock|1216\n|player|p2|Drakhar_LoveSensei|iris-gen5bw2|1080\n|teamsize|p1|6\n|teamsize|p2|6\n|gen|9\n|tier|[Gen 9] National Dex Doubles\n|rated|\n|rule|HP Percentage Mod: HP is shown in percentages\n|rule|Endless Battle Clause: Forcing endless battles is banned\n|rule|OHKO Clause: OHKO moves are banned\n|rule|Evasion Moves Clause: Evasion moves are banned\n|rule|Evasion Abilities Clause: Evasion abilities are banned\n|rule|Species Clause: Limit one of each Pok\u00e9mon\n|rule|Gravity Sleep Clause: The combination of sleep-inducing moves with imperfect accuracy and Gravity or Gigantamax Orbeetle are banned\n|clearpoke\n|poke|p1|Donphan, L1, M|\n|poke|p1|Clefable, F|\n|poke|p1|Indeedee-F, F|\n|poke|p1|Landorus-Therian, M|\n|poke|p1|Iron Bundle|\n|poke|p1|Flutter Mane|\n|poke|p2|Gallade, M|\n|poke|p2|Mew|\n|poke|p2|Medicham, M|\n|poke|p2|Bronzor|\n|poke|p2|Urshifu-*, M|\n|poke|p2|Smeargle, M|\n|teampreview\n|inactive|Battle timer is ON: inactive players will automatically lose when time's up. (requested by Cdawgo)\n|\n|t:|1700160505\n|start\n|switch|p1a: Donphan|Donphan, L1, M|100\/100\n|switch|p1b: Indeedee|Indeedee-F, F|100\/100\n|switch|p2a: Mew|Mew, shiny|100\/100\n|switch|p2b: Gallade|Gallade, M, shiny|100\/100\n|-fieldstart|move: Psychic Terrain|[from] ability: Psychic Surge|[of] p1b: Indeedee\n|-enditem|p2b: Gallade|Psychic Seed\n|-boost|p2b: Gallade|spd|1|[from] item: Psychic Seed\n|turn|1\n|inactive|Cdawgo has 120 seconds left.\n|\n|t:|1700160541\n|move|p2a: Mew|Imprison|p2a: Mew\n|-start|p2a: Mew|move: Imprison\n|-zpower|p1b: Indeedee\n|move|p1b: Indeedee|Bloom Doom|p2a: Mew|[zeffect]\n|-crit|p2a: Mew\n|-damage|p2a: Mew|41\/100\n|move|p2b: Gallade|Agility|p2b: Gallade\n|-boost|p2b: Gallade|spe|2\n|move|p1a: Donphan|Endeavor|p2b: Gallade\n|-damage|p2b: Gallade|5\/100\n|\n|upkeep\n|turn|2\n|inactive|Cdawgo has 120 seconds left.\n|\n|t:|1700160569\n|switch|p1b: Iron Bundle|Iron Bundle|100\/100\n|-enditem|p1b: Iron Bundle|Booster Energy\n|-activate|p1b: Iron Bundle|ability: Quark Drive|[fromitem]\n|-start|p1b: Iron Bundle|quarkdrivespe\n|move|p2b: Gallade|Fire Punch|p1b: Iron Bundle\n|-damage|p1b: Iron Bundle|72\/100\n|-status|p1b: Iron Bundle|brn\n|move|p2a: Mew|Transform|p1a: Donphan\n|-transform|p2a: Mew|p1a: Donphan\n|cant|p1a: Donphan|move: Imprison|Endeavor\n|\n|-damage|p1b: Iron Bundle|66\/100 brn|[from] brn\n|upkeep\n|turn|3\n|inactive|Cdawgo has 120 seconds left.\n|\n|t:|1700160592\n|switch|p1a: Clefable|Clefable, F|100\/100\n|move|p2a: Mew|Protect|p2a: Mew\n|-singleturn|p2a: Mew|Protect\n|move|p1b: Iron Bundle|Freeze-Dry|p2b: Gallade\n|-damage|p2b: Gallade|0 fnt\n|faint|p2b: Gallade\n|\n|-damage|p1b: Iron Bundle|60\/100 brn|[from] brn\n|upkeep\n|\n|t:|1700160601\n|switch|p2b: Urshifu|Urshifu-Rapid-Strike, M|100\/100\n|turn|4\n|inactive|Drakhar_LoveSensei has 120 seconds left.\n|\n|t:|1700160647\n|move|p1b: Iron Bundle|Freeze-Dry|p2b: Urshifu\n|-supereffective|p2b: Urshifu\n|-damage|p2b: Urshifu|1\/100\n|move|p2b: Urshifu|Bulk Up|p2b: Urshifu\n|-boost|p2b: Urshifu|atk|1\n|-boost|p2b: Urshifu|def|1\n|move|p1a: Clefable|Heal Pulse|p1b: Iron Bundle\n|-heal|p1b: Iron Bundle|100\/100 brn\n|move|p2a: Mew|Endeavor|p1a: Clefable\n|-damage|p1a: Clefable|36\/100\n|\n|-damage|p1b: Iron Bundle|95\/100 brn|[from] brn\n|upkeep\n|turn|5\n|inactive|Drakhar_LoveSensei has 120 seconds left.\n|\n|t:|1700160671\n|move|p2a: Mew|Protect|p2a: Mew\n|-singleturn|p2a: Mew|Protect\n|move|p1b: Iron Bundle|Freeze-Dry|p2b: Urshifu\n|-supereffective|p2b: Urshifu\n|-damage|p2b: Urshifu|0 fnt\n|faint|p2b: Urshifu\n|move|p1a: Clefable|Soft-Boiled|p1a: Clefable\n|-heal|p1a: Clefable|86\/100\n|\n|-damage|p1b: Iron Bundle|89\/100 brn|[from] brn\n|-fieldend|move: Psychic Terrain\n|upkeep\n|\n|t:|1700160679\n|switch|p2b: Bronzor|Bronzor, shiny|100\/100\n|turn|6\n|\n|t:|1700160700\n|move|p1b: Iron Bundle|Hydro Pump|p2b: Bronzor|[miss]\n|-miss|p1b: Iron Bundle|p2b: Bronzor\n|move|p1a: Clefable|Heal Pulse|p2a: Mew\n|-heal|p2a: Mew|91\/100\n|move|p2b: Bronzor|Flash|p1b: Iron Bundle\n|-unboost|p1b: Iron Bundle|accuracy|1\n|move|p2a: Mew|Endeavor|p1b: Iron Bundle\n|-immune|p1b: Iron Bundle\n|\n|-damage|p1b: Iron Bundle|83\/100 brn|[from] brn\n|upkeep\n|turn|7\n|\n|t:|1700160722\n|move|p1a: Clefable|Follow Me|p1a: Clefable\n|-singleturn|p1a: Clefable|move: Follow Me\n|move|p1b: Iron Bundle|Freeze-Dry|p2b: Bronzor\n|-resisted|p2b: Bronzor\n|-damage|p2b: Bronzor|88\/100\n|move|p2b: Bronzor|Flash|p1a: Clefable\n|-unboost|p1a: Clefable|accuracy|1\n|move|p2a: Mew|Encore|p1a: Clefable\n|-start|p1a: Clefable|Encore\n|\n|-damage|p1b: Iron Bundle|77\/100 brn|[from] brn\n|upkeep\n|turn|8\n|\n|t:|1700160750\n|move|p1a: Clefable|Follow Me|p1a: Clefable\n|-singleturn|p1a: Clefable|move: Follow Me\n|move|p1b: Iron Bundle|Rain Dance|p1b: Iron Bundle\n|-weather|RainDance\n|move|p2b: Bronzor|Flash|p1a: Clefable\n|-unboost|p1a: Clefable|accuracy|1\n|move|p2a: Mew|Endeavor|p1a: Clefable\n|-damage|p1a: Clefable|79\/100\n|\n|-weather|RainDance|[upkeep]\n|-damage|p1b: Iron Bundle|71\/100 brn|[from] brn\n|upkeep\n|turn|9\n|\n|t:|1700160770\n|-end|p1b: Iron Bundle|Quark Drive|[silent]\n|switch|p1b: Flutter Mane|Flutter Mane|100\/100\n|-enditem|p1b: Flutter Mane|Booster Energy\n|-activate|p1b: Flutter Mane|ability: Protosynthesis|[fromitem]\n|-start|p1b: Flutter Mane|protosynthesisspe\n|move|p2b: Bronzor|Protect|p2b: Bronzor\n|-singleturn|p2b: Bronzor|Protect\n|move|p1a: Clefable|Follow Me|p1a: Clefable\n|-singleturn|p1a: Clefable|move: Follow Me\n|move|p2a: Mew|Dig||[still]\n|-prepare|p2a: Mew|Dig\n|\n|-weather|RainDance|[upkeep]\n|upkeep\n|turn|10\n|\n|t:|1700160783\n|move|p1a: Clefable|Follow Me|p1a: Clefable\n|-singleturn|p1a: Clefable|move: Follow Me\n|move|p1b: Flutter Mane|Shadow Ball|p2b: Bronzor\n|-supereffective|p2b: Bronzor\n|-damage|p2b: Bronzor|14\/100\n|-unboost|p2b: Bronzor|spd|1\n|move|p2b: Bronzor|Flash|p1a: Clefable\n|-unboost|p1a: Clefable|accuracy|1\n|move|p2a: Mew|Dig|p1a: Clefable|[from]lockedmove\n|-damage|p1a: Clefable|78\/100\n|\n|-weather|RainDance|[upkeep]\n|-end|p1a: Clefable|Encore\n|upkeep\n|turn|11\n|\n|t:|1700160803\n|switch|p2a: Smeargle|Smeargle, M, shiny|100\/100\n|move|p2b: Bronzor|Protect|p2b: Bronzor\n|-singleturn|p2b: Bronzor|Protect\n|move|p1a: Clefable|Follow Me|p1a: Clefable\n|-singleturn|p1a: Clefable|move: Follow Me\n|move|p1b: Flutter Mane|Shadow Ball|p2b: Bronzor\n|-activate|p2b: Bronzor|move: Protect\n|\n|-weather|RainDance|[upkeep]\n|upkeep\n|turn|12\n|\n|t:|1700160828\n|move|p1a: Clefable|Follow Me|p1a: Clefable\n|-singleturn|p1a: Clefable|move: Follow Me\n|move|p1b: Flutter Mane|Moonblast|p2a: Smeargle\n|-damage|p2a: Smeargle|1\/100\n|-unboost|p2a: Smeargle|spa|1\n|move|p2a: Smeargle|Substitute|p2a: Smeargle\n|-fail|p2a: Smeargle|move: Substitute|[weak]\n|move|p2b: Bronzor|Flash|p1a: Clefable\n|-unboost|p1a: Clefable|accuracy|1\n|\n|-weather|none\n|-heal|p2a: Smeargle|7\/100|[from] item: Leftovers\n|upkeep\n|turn|13\n|\n|t:|1700160845\n|move|p2a: Smeargle|Baneful Bunker|p2a: Smeargle\n|-singleturn|p2a: Smeargle|move: Protect\n|move|p1a: Clefable|Follow Me|p1a: Clefable\n|-singleturn|p1a: Clefable|move: Follow Me\n|move|p1b: Flutter Mane|Shadow Ball|p2b: Bronzor\n|-supereffective|p2b: Bronzor\n|-damage|p2b: Bronzor|0 fnt\n|faint|p2b: Bronzor\n|\n|-heal|p2a: Smeargle|13\/100|[from] item: Leftovers\n|upkeep\n|\n|t:|1700160855\n|switch|p2b: Mew|Mew, shiny|91\/100\n|turn|14\n|\n|t:|1700160863\n|move|p1a: Clefable|Follow Me|p1a: Clefable\n|-singleturn|p1a: Clefable|move: Follow Me\n|move|p1b: Flutter Mane|Moonblast|p2a: Smeargle\n|-damage|p2a: Smeargle|0 fnt\n|faint|p2a: Smeargle\n|move|p2b: Mew|Transform|p1a: Clefable\n|-transform|p2b: Mew|p1a: Clefable\n|\n|upkeep\n|\n|t:|1700160872\n|switch|p2a: Medicham|Medicham, M, shiny|100\/100\n|turn|15\n|\n|t:|1700160889\n|move|p1a: Clefable|Follow Me|p1a: Clefable\n|-singleturn|p1a: Clefable|move: Follow Me\n|move|p2b: Mew|Follow Me|p2b: Mew\n|-singleturn|p2b: Mew|move: Follow Me\n|move|p1b: Flutter Mane|Moonblast|p2b: Mew\n|-damage|p2b: Mew|51\/100\n|move|p2a: Medicham|Zen Headbutt|p1a: Clefable\n|-damage|p1a: Clefable|22\/100\n|\n|upkeep\n|turn|16\n|\n|t:|1700160902\n|move|p1b: Flutter Mane|Shadow Ball|p2b: Mew\n|-damage|p2b: Mew|16\/100\n|move|p2a: Medicham|Zen Headbutt|p1a: Clefable\n|-damage|p1a: Clefable|0 fnt\n|faint|p1a: Clefable\n|move|p2b: Mew|Soft-Boiled|p2b: Mew\n|-heal|p2b: Mew|66\/100\n|\n|upkeep\n|\n|t:|1700160917\n|switch|p1a: Donphan|Donphan, L1, M|100\/100\n|turn|17\n|\n|t:|1700160923\n|move|p2b: Mew|Follow Me|p2b: Mew\n|-singleturn|p2b: Mew|move: Follow Me\n|move|p1b: Flutter Mane|Hyper Voice|p2b: Mew|[spread] p2a,p2b\n|-crit|p2b: Mew\n|-damage|p2a: Medicham|59\/100\n|-damage|p2b: Mew|38\/100\n|move|p2a: Medicham|Zen Headbutt|p1b: Flutter Mane\n|-damage|p1b: Flutter Mane|0 fnt\n|faint|p1b: Flutter Mane\n|-end|p1b: Flutter Mane|Protosynthesis|[silent]\n|move|p1a: Donphan|Endeavor|p2b: Mew\n|-damage|p2b: Mew|4\/100\n|\n|upkeep\n|\n|t:|1700160938\n|switch|p1b: Indeedee|Indeedee-F, F|100\/100\n|-fieldstart|move: Psychic Terrain|[from] ability: Psychic Surge|[of] p1b: Indeedee\n|turn|18\n|\n|t:|1700160945\n|move|p2a: Medicham|Zen Headbutt|p1b: Indeedee\n|-resisted|p1b: Indeedee\n|-damage|p1b: Indeedee|45\/100\n|cant|p1b: Indeedee|flinch\n|move|p2b: Mew|Soft-Boiled|p2b: Mew\n|-heal|p2b: Mew|54\/100\n|move|p1a: Donphan|Endeavor|p2a: Medicham\n|-damage|p2a: Medicham|5\/100\n|\n|upkeep\n|turn|19\n|\n|t:|1700160960\n|move|p1a: Donphan|Protect|p1a: Donphan\n|-singleturn|p1a: Donphan|Protect\n|move|p2a: Medicham|Zen Headbutt|p1b: Indeedee\n|-resisted|p1b: Indeedee\n|-damage|p1b: Indeedee|0 fnt\n|faint|p1b: Indeedee\n|move|p2b: Mew|Heal Pulse|p2a: Medicham\n|-heal|p2a: Medicham|56\/100\n|\n|upkeep\n|\n|t:|1700160973\n|switch|p1b: Iron Bundle|Iron Bundle|71\/100 brn\n|turn|20\n|\n|t:|1700160980\n|move|p2b: Mew|Follow Me|p2b: Mew\n|-singleturn|p2b: Mew|move: Follow Me\n|move|p2a: Medicham|Zen Headbutt|p1b: Iron Bundle\n|-damage|p1b: Iron Bundle|0 fnt\n|faint|p1b: Iron Bundle\n|-end|p1b: Iron Bundle|Quark Drive|[silent]\n|move|p1a: Donphan|Endeavor|p2b: Mew\n|-damage|p2b: Mew|4\/100\n|\n|upkeep\n|\n|t:|1700160988\n|switch|p1b: Landorus|Landorus-Therian, M|100\/100\n|-ability|p1b: Landorus|Intimidate|boost\n|-unboost|p2a: Medicham|atk|1\n|-unboost|p2b: Mew|atk|1\n|turn|21\n|\n|t:|1700161002\n|move|p2a: Medicham|Zen Headbutt|p1b: Landorus\n|-damage|p1b: Landorus|51\/100\n|move|p1b: Landorus|Frustration|p2b: Mew\n|-damage|p2b: Mew|0 fnt\n|faint|p2b: Mew\n|move|p1a: Donphan|Encore|p2a: Medicham\n|-start|p2a: Medicham|Encore\n|\n|upkeep\n|turn|22\n|c|\u2606Drakhar_LoveSensei|GG\n|inactive|Cdawgo has 120 seconds left.\n|\n|t:|1700161038\n|move|p1a: Donphan|Protect|p1a: Donphan\n|-singleturn|p1a: Donphan|Protect\n|move|p2a: Medicham|Zen Headbutt|p1b: Landorus\n|-damage|p1b: Landorus|0 fnt\n|faint|p1b: Landorus\n|\n|-fieldend|move: Psychic Terrain\n|upkeep\n|turn|23\n|\n|t:|1700161051\n|move|p2a: Medicham|Zen Headbutt|p1a: Donphan\n|-ability|p1a: Donphan|Sturdy\n|-damage|p1a: Donphan|8\/100\n|move|p1a: Donphan|Endeavor|p2a: Medicham\n|-damage|p2a: Medicham|1\/100\n|-heal|p1a: Donphan|100\/100|[from] item: Shell Bell|[of] p2a: Medicham\n|\n|upkeep\n|turn|24\n|\n|t:|1700161060\n|move|p2a: Medicham|Zen Headbutt|p1a: Donphan\n|-ability|p1a: Donphan|Sturdy\n|-damage|p1a: Donphan|8\/100\n|move|p1a: Donphan|Dig||[still]\n|-prepare|p1a: Donphan|Dig\n|\n|-end|p2a: Medicham|Encore\n|upkeep\n|turn|25\n|c|\u2606Cdawgo|gg\n|\n|t:|1700161071\n|move|p2a: Medicham|Zen Headbutt|p1a: Donphan|[miss]\n|-miss|p2a: Medicham|p1a: Donphan\n|move|p1a: Donphan|Dig|p2a: Medicham|[from]lockedmove\n|-damage|p2a: Medicham|0 fnt\n|faint|p2a: Medicham\n|-heal|p1a: Donphan|16\/100|[from] item: Shell Bell|[of] p2: Medicham\n|\n|win|Cdawgo\n|raw|Cdawgo's rating: 1216 &rarr; <strong>1232<\/strong><br \/>(+16 for winning)\n|raw|Drakhar_LoveSensei's rating: 1080 &rarr; <strong>1066<\/strong><br \/>(-14 for losing)\n|l|\u2606Drakhar_LoveSensei\n","uploadtime":1700161129,"views":5,"p1id":"cdawgo","p2id":"drakharlovesensei","formatid":"gen9nationaldexdoubles","rating":1066,"private":0,"password":""}