{"id":"gen9nationaldexdoubles-1963149255","p1":"Ginesect","p2":"Hades RFX","format":"[Gen 9] National Dex Doubles","log":"|j|\u2606Ginesect\n|j|\u2606Hades RFX\n|t:|1696833854\n|gametype|doubles\n|player|p1|Ginesect|artist-gen4|\n|player|p2|Hades RFX|red-masters|\n|teamsize|p1|6\n|teamsize|p2|6\n|gen|9\n|tier|[Gen 9] National Dex Doubles\n|rule|HP Percentage Mod: HP is shown in percentages\n|rule|Endless Battle Clause: Forcing endless battles is banned\n|rule|OHKO Clause: OHKO moves are banned\n|rule|Evasion Moves Clause: Evasion moves are banned\n|rule|Evasion Abilities Clause: Evasion abilities are banned\n|rule|Species Clause: Limit one of each Pok\u00e9mon\n|rule|Gravity Sleep Clause: The combination of sleep-inducing moves with imperfect accuracy and Gravity or Gigantamax Orbeetle are banned\n|clearpoke\n|poke|p1|Farigiraf, F|\n|poke|p1|Indeedee-F, F|\n|poke|p1|Ursaluna-Bloodmoon, M|\n|poke|p1|Armarouge, M|\n|poke|p1|Maushold|\n|poke|p1|Arboliva, F|\n|poke|p2|Zamazenta-*|\n|poke|p2|Dragapult, F|\n|poke|p2|Great Tusk|\n|poke|p2|Diancie|\n|poke|p2|Mawile, F|\n|poke|p2|Chien-Pao|\n|teampreview\n|c|\u2606Hades RFX|uhhhh glhf\n|\n|t:|1696833874\n|start\n|switch|p1a: Farigiraf|Farigiraf, F|100\/100\n|switch|p1b: Maushold|Maushold|100\/100\n|switch|p2a: Great Tusk|Great Tusk|100\/100\n|switch|p2b: Chien-Pao|Chien-Pao|100\/100\n|-ability|p2b: Chien-Pao|Sword of Ruin\n|turn|1\n|\n|t:|1696833904\n|-end|p2a: Great Tusk|Protosynthesis|[silent]\n|switch|p2a: Diancie|Diancie|100\/100\n|-terastallize|p1a: Farigiraf|Fairy\n|move|p2b: Chien-Pao|Sacred Sword|p1b: Maushold\n|-supereffective|p1b: Maushold\n|-enditem|p1b: Maushold|Focus Sash\n|-damage|p1b: Maushold|1\/100\n|move|p1b: Maushold|U-turn|p2b: Chien-Pao\n|-supereffective|p2b: Chien-Pao\n|-damage|p2b: Chien-Pao|55\/100\n|c|\u2606Ginesect|Wast\n|c|\u2606Hades RFX|i expected follow me\n|c|\u2606Hades RFX|sash\n|\n|t:|1696833931\n|switch|p1b: Ursaluna|Ursaluna-Bloodmoon, M|100\/100|[from] U-turn\n|move|p1a: Farigiraf|Trick Room|p1a: Farigiraf\n|-fieldstart|move: Trick Room|[of] p1a: Farigiraf\n|\n|upkeep\n|turn|2\n|\n|t:|1696833955\n|move|p2b: Chien-Pao|Protect|p2b: Chien-Pao\n|-singleturn|p2b: Chien-Pao|Protect\n|move|p1a: Farigiraf|Ally Switch|p1a: Farigiraf\n|swap|p1a: Farigiraf|1|[from] move: Ally Switch\n|move|p1a: Ursaluna|Blood Moon|p2b: Chien-Pao\n|-activate|p2b: Chien-Pao|move: Protect\n|move|p2a: Diancie|Trick Room|p2a: Diancie\n|-fieldend|move: Trick Room\n|\n|upkeep\n|turn|3\n|\n|t:|1696833971\n|move|p1a: Ursaluna|Protect|p1a: Ursaluna\n|-singleturn|p1a: Ursaluna|Protect\n|move|p2b: Chien-Pao|Ice Spinner|p1a: Ursaluna\n|-activate|p1a: Ursaluna|move: Protect\n|move|p2a: Diancie|Spikes|p1a: Ursaluna\n|-sidestart|p1: Ginesect|Spikes\n|move|p1b: Farigiraf|Trick Room|p1b: Farigiraf\n|-fieldstart|move: Trick Room|[of] p1b: Farigiraf\n|\n|upkeep\n|turn|4\n|\n|t:|1696833993\n|move|p1b: Farigiraf|Helping Hand|p1a: Ursaluna\n|-singleturn|p1a: Ursaluna|Helping Hand|[of] p1b: Farigiraf\n|move|p1a: Ursaluna|Earth Power|p2a: Diancie\n|-supereffective|p2a: Diancie\n|-damage|p2a: Diancie|0 fnt\n|faint|p2a: Diancie\n|move|p2b: Chien-Pao|Ice Spinner|p1a: Ursaluna\n|-supereffective|p1a: Ursaluna\n|-damage|p1a: Ursaluna|32\/100\n|\n|-heal|p1a: Ursaluna|38\/100|[from] item: Leftovers\n|upkeep\n|\n|t:|1696834010\n|switch|p2a: Mawile|Mawile, F|100\/100\n|turn|5\n|\n|t:|1696834032\n|detailschange|p2a: Mawile|Mawile-Mega, F\n|-mega|p2a: Mawile|Mawile|Mawilite\n|move|p1b: Farigiraf|Ally Switch|p1b: Farigiraf\n|swap|p1b: Farigiraf|0|[from] move: Ally Switch\n|move|p2b: Chien-Pao|Sucker Punch||[still]\n|-fail|p2b: Chien-Pao\n|move|p2a: Mawile|Iron Head|p1b: Ursaluna\n|-damage|p1b: Ursaluna|0 fnt\n|faint|p1b: Ursaluna\n|\n|upkeep\n|c|\u2606Ginesect|Shit\n|\n|t:|1696834051\n|switch|p1b: Armarouge|Armarouge, M|100\/100\n|-damage|p1b: Armarouge|88\/100|[from] Spikes\n|turn|6\n|\n|t:|1696834065\n|move|p1a: Farigiraf|Helping Hand|p1b: Armarouge\n|-singleturn|p1b: Armarouge|Helping Hand|[of] p1a: Farigiraf\n|move|p2a: Mawile|Protect|p2a: Mawile\n|-singleturn|p2a: Mawile|Protect\n|move|p2b: Chien-Pao|Protect|p2b: Chien-Pao\n|-singleturn|p2b: Chien-Pao|Protect\n|move|p1b: Armarouge|Heat Wave|p2a: Mawile|[spread] \n|-activate|p2a: Mawile|move: Protect\n|-activate|p2b: Chien-Pao|move: Protect\n|\n|upkeep\n|turn|7\n|\n|t:|1696834085\n|move|p1a: Farigiraf|Ally Switch|p1a: Farigiraf\n|swap|p1a: Farigiraf|1|[from] move: Ally Switch\n|move|p2a: Mawile|Sucker Punch||[still]\n|-fail|p2a: Mawile\n|move|p2b: Chien-Pao|Sucker Punch|p1a: Armarouge\n|-supereffective|p1a: Armarouge\n|-damage|p1a: Armarouge|9\/100\n|move|p1a: Armarouge|Heat Wave|p2b: Chien-Pao|[spread] p2a,p2b\n|-supereffective|p2a: Mawile\n|-supereffective|p2b: Chien-Pao\n|-damage|p2a: Mawile|0 fnt\n|-damage|p2b: Chien-Pao|0 fnt\n|faint|p2a: Mawile\n|faint|p2b: Chien-Pao\n|-damage|p1a: Armarouge|0 fnt|[from] item: Life Orb\n|faint|p1a: Armarouge\n|\n|-fieldend|move: Trick Room\n|upkeep\n|c|\u2606Ginesect|gg\n|c|\u2606Hades RFX|gg\n|\n|t:|1696834101\n|switch|p2b: Great Tusk|Great Tusk|100\/100\n|switch|p1a: Arboliva|Arboliva, F|100\/100\n|switch|p2a: Dragapult|Dragapult, F|100\/100\n|-damage|p1a: Arboliva|88\/100|[from] Spikes\n|turn|8\n|\n|t:|1696834112\n|move|p2a: Dragapult|Light Screen|p2a: Dragapult\n|-sidestart|p2: Hades RFX|move: Light Screen\n|move|p2b: Great Tusk|Close Combat|p1a: Arboliva\n|-supereffective|p1a: Arboliva\n|-damage|p1a: Arboliva|0 fnt\n|-unboost|p2b: Great Tusk|def|1\n|-unboost|p2b: Great Tusk|spd|1\n|-fieldstart|move: Grassy Terrain|[from] ability: Seed Sower|[of] p1a: Arboliva\n|faint|p1a: Arboliva\n|move|p1b: Farigiraf|Trick Room|p1b: Farigiraf\n|-fieldstart|move: Trick Room|[of] p1b: Farigiraf\n|\n|upkeep\n|\n|t:|1696834119\n|switch|p1a: Maushold|Maushold|1\/100\n|-damage|p1a: Maushold|0 fnt|[from] Spikes\n|faint|p1a: Maushold\n|\n|t:|1696834121\n|switch|p1a: Indeedee|Indeedee-F, F|100\/100\n|-damage|p1a: Indeedee|88\/100|[from] Spikes\n|-fieldstart|move: Psychic Terrain|[from] ability: Psychic Surge|[of] p1a: Indeedee\n|turn|9\n|-message|Ginesect forfeited.\n|\n|win|Hades RFX\n|l|\u2606Ginesect\n","uploadtime":1696834154,"views":14,"p1id":"ginesect","p2id":"hadesrfx","formatid":"gen9nationaldexdoubles","rating":0,"private":0,"password":""}