{"id":"gen9nationaldexdoubles-1978247080","p1":"weada fasdfssf","p2":"muk77","format":"[Gen 9] National Dex Doubles","log":"|j|\u2606weada fasdfssf\n|j|\u2606muk77\n|t:|1698516770\n|gametype|doubles\n|player|p1|weada fasdfssf|lucas|1088\n|player|p2|muk77|red|1006\n|teamsize|p1|6\n|teamsize|p2|6\n|gen|9\n|tier|[Gen 9] National Dex Doubles\n|rated|\n|rule|HP Percentage Mod: HP is shown in percentages\n|rule|Endless Battle Clause: Forcing endless battles is banned\n|rule|OHKO Clause: OHKO moves are banned\n|rule|Evasion Moves Clause: Evasion moves are banned\n|rule|Evasion Abilities Clause: Evasion abilities are banned\n|rule|Species Clause: Limit one of each Pok\u00e9mon\n|rule|Gravity Sleep Clause: The combination of sleep-inducing moves with imperfect accuracy and Gravity or Gigantamax Orbeetle are banned\n|clearpoke\n|poke|p1|Indeedee-F, F|\n|poke|p1|Oranguru, F|\n|poke|p1|Glastrier|\n|poke|p1|Hoopa-Unbound|\n|poke|p1|Ursaluna, M|\n|poke|p1|Zygarde|\n|poke|p2|Cresselia, F|\n|poke|p2|Torterra, M|\n|poke|p2|Gholdengo|\n|poke|p2|Iron Hands|\n|poke|p2|Clefairy, F|\n|poke|p2|Palafin, F|\n|teampreview\n|inactive|Battle timer is ON: inactive players will automatically lose when time's up. (requested by muk77)\n|\n|t:|1698516783\n|start\n|switch|p1a: Hoopa|Hoopa-Unbound|100\/100\n|switch|p1b: Zygarde|Zygarde|100\/100\n|switch|p2a: tara|Torterra, M, shiny|100\/100\n|switch|p2b: catch these|Iron Hands|100\/100\n|-ability|p1b: Zygarde|Aura Break\n|-enditem|p2b: catch these|Booster Energy\n|-activate|p2b: catch these|ability: Quark Drive|[fromitem]\n|-start|p2b: catch these|quarkdriveatk\n|turn|1\n|c|\u2606muk77|hi\n|inactive|weada fasdfssf has 120 seconds left.\n|\n|t:|1698516825\n|move|p2b: catch these|Fake Out|p1b: Zygarde\n|-damage|p1b: Zygarde|86\/100\n|move|p2a: tara|Shell Smash|p2a: tara\n|-unboost|p2a: tara|def|1\n|-unboost|p2a: tara|spd|1\n|-boost|p2a: tara|atk|2\n|-boost|p2a: tara|spa|2\n|-boost|p2a: tara|spe|2\n|cant|p1b: Zygarde|flinch\n|move|p1a: Hoopa|Trick Room|p1a: Hoopa\n|-fieldstart|move: Trick Room|[of] p1a: Hoopa\n|-enditem|p1b: Zygarde|Room Service\n|-unboost|p1b: Zygarde|spe|1|[from] item: Room Service\n|-enditem|p1a: Hoopa|Room Service\n|-unboost|p1a: Hoopa|spe|1|[from] item: Room Service\n|\n|upkeep\n|turn|2\n|inactive|weada fasdfssf has 120 seconds left.\n|\n|t:|1698516850\n|move|p1a: Hoopa|Psyshock|p2b: catch these\n|-supereffective|p2b: catch these\n|-damage|p2b: catch these|20\/100\n|move|p1b: Zygarde|Thousand Arrows|p2b: catch these|[spread] p2a,p2b\n|-resisted|p2a: tara\n|-supereffective|p2b: catch these\n|-damage|p2a: tara|83\/100\n|-damage|p2b: catch these|0 fnt\n|faint|p2b: catch these\n|-end|p2b: catch these|Quark Drive|[silent]\n|move|p2a: tara|Seed Bomb|p1a: Hoopa\n|-damage|p1a: Hoopa|0 fnt\n|faint|p1a: Hoopa\n|\n|upkeep\n|\n|t:|1698516873\n|switch|p1a: Ursaluna|Ursaluna, M|100\/100\n|switch|p2b: Clefairy|Clefairy, F|100\/100\n|turn|3\n|\n|t:|1698516882\n|move|p1a: Ursaluna|Protect|p1a: Ursaluna\n|-singleturn|p1a: Ursaluna|Protect\n|move|p2b: Clefairy|Dazzling Gleam|p1b: Zygarde|[spread] p1b\n|-activate|p1a: Ursaluna|move: Protect\n|-supereffective|p1b: Zygarde\n|-damage|p1b: Zygarde|70\/100\n|move|p1b: Zygarde|Coil|p1b: Zygarde\n|-boost|p1b: Zygarde|atk|1\n|-boost|p1b: Zygarde|def|1\n|-boost|p1b: Zygarde|accuracy|1\n|move|p2a: tara|Rock Slide|p1b: Zygarde|[spread] p1b\n|-activate|p1a: Ursaluna|move: Protect\n|-resisted|p1b: Zygarde\n|-damage|p1b: Zygarde|61\/100\n|\n|-status|p1a: Ursaluna|brn|[from] item: Flame Orb\n|upkeep\n|turn|4\n|\n|t:|1698516905\n|move|p1a: Ursaluna|Facade|p2a: tara\n|-damage|p2a: tara|0 fnt\n|faint|p2a: tara\n|move|p2b: Clefairy|Psychic|p1a: Ursaluna\n|-damage|p1a: Ursaluna|88\/100 brn\n|move|p1b: Zygarde|Thousand Arrows|p2b: Clefairy\n|-damage|p2b: Clefairy|45\/100\n|\n|-damage|p1a: Ursaluna|82\/100 brn|[from] brn\n|upkeep\n|\n|t:|1698516912\n|switch|p2a: Palafin|Palafin, F|100\/100\n|turn|5\n|\n|t:|1698516924\n|move|p1a: Ursaluna|Facade|p2a: Palafin\n|-damage|p2a: Palafin|0 fnt\n|faint|p2a: Palafin\n|move|p2b: Clefairy|Dazzling Gleam|p1b: Zygarde|[spread] p1a,p1b\n|-supereffective|p1b: Zygarde\n|-damage|p1a: Ursaluna|69\/100 brn\n|-damage|p1b: Zygarde|43\/100\n|move|p1b: Zygarde|Thousand Arrows|p2b: Clefairy\n|-damage|p2b: Clefairy|0 fnt\n|faint|p2b: Clefairy\n|\n|-damage|p1a: Ursaluna|62\/100 brn|[from] brn\n|-fieldend|move: Trick Room\n|upkeep\n|\n|t:|1698516929\n|switch|p2a: chese stick|Gholdengo, shiny|100\/100\n|switch|p2b: duck duck goose|Cresselia, F, shiny|100\/100\n|-item|p2a: chese stick|Air Balloon\n|turn|6\n|\n|t:|1698516949\n|move|p2b: duck duck goose|Substitute|p2b: duck duck goose\n|-start|p2b: duck duck goose|Substitute\n|-damage|p2b: duck duck goose|76\/100\n|move|p2a: chese stick|Make It Rain|p1a: Ursaluna|[spread] p1a,p1b\n|-damage|p1a: Ursaluna|18\/100 brn\n|-damage|p1b: Zygarde|12\/100\n|-unboost|p2a: chese stick|spa|1\n|move|p1b: Zygarde|Thousand Arrows|p2a: chese stick|[spread] p2a,p2b\n|-activate|p2b: duck duck goose|move: Substitute|[damage]\n|-supereffective|p2a: chese stick\n|-damage|p2a: chese stick|40\/100\n|-enditem|p2a: chese stick|Air Balloon\n|move|p1a: Ursaluna|Facade|p2b: duck duck goose\n|-end|p2b: duck duck goose|Substitute\n|\n|-heal|p2b: duck duck goose|82\/100|[from] item: Leftovers\n|-damage|p1a: Ursaluna|12\/100 brn|[from] brn\n|upkeep\n|turn|7\n|\n|t:|1698516967\n|move|p2b: duck duck goose|Calm Mind|p2b: duck duck goose\n|-boost|p2b: duck duck goose|spa|1\n|-boost|p2b: duck duck goose|spd|1\n|move|p2a: chese stick|Make It Rain|p1b: Zygarde|[spread] p1a,p1b\n|-damage|p1a: Ursaluna|0 fnt\n|-damage|p1b: Zygarde|0 fnt\n|-unboost|p2a: chese stick|spa|1\n|faint|p1a: Ursaluna\n|faint|p1b: Zygarde\n|\n|-heal|p2b: duck duck goose|88\/100|[from] item: Leftovers\n|upkeep\n|\n|t:|1698516981\n|switch|p1b: Oranguru|Oranguru, F|100\/100\n|switch|p1a: Glastrier|Glastrier|100\/100\n|turn|8\n|\n|t:|1698516989\n|-terastallize|p2b: duck duck goose|Steel\n|move|p1a: Glastrier|Protect|p1a: Glastrier\n|-singleturn|p1a: Glastrier|Protect\n|move|p2b: duck duck goose|Calm Mind|p2b: duck duck goose\n|-boost|p2b: duck duck goose|spa|1\n|-boost|p2b: duck duck goose|spd|1\n|move|p2a: chese stick|Nasty Plot|p2a: chese stick\n|-boost|p2a: chese stick|spa|2\n|move|p1b: Oranguru|Trick Room|p1b: Oranguru\n|-fieldstart|move: Trick Room|[of] p1b: Oranguru\n|\n|-heal|p2b: duck duck goose|94\/100|[from] item: Leftovers\n|upkeep\n|turn|9\n|\n|t:|1698517010\n|move|p1a: Glastrier|Stomping Tantrum|p2a: chese stick\n|-supereffective|p2a: chese stick\n|-damage|p2a: chese stick|0 fnt\n|faint|p2a: chese stick\n|-ability|p1a: Glastrier|Chilling Neigh|boost\n|-boost|p1a: Glastrier|atk|1\n|move|p1b: Oranguru|Instruct|p1a: Glastrier\n|-singleturn|p1a: Glastrier|move: Instruct|[of] p1b: Oranguru\n|move|p1a: Glastrier|Stomping Tantrum|p2b: duck duck goose\n|-immune|p2b: duck duck goose|[from] ability: Levitate\n|move|p2b: duck duck goose|Stored Power|p1a: Glastrier\n|-damage|p1a: Glastrier|39\/100\n|\n|-heal|p2b: duck duck goose|99\/100|[from] item: Leftovers\n|upkeep\n|turn|10\n|\n|t:|1698517024\n|move|p1a: Glastrier|Protect|p1a: Glastrier\n|-singleturn|p1a: Glastrier|Protect\n|move|p1b: Oranguru|Gravity|p1b: Oranguru\n|-fieldstart|move: Gravity\n|move|p2b: duck duck goose|Stored Power|p1a: Glastrier\n|-activate|p1a: Glastrier|move: Protect\n|\n|-heal|p2b: duck duck goose|100\/100|[from] item: Leftovers\n|upkeep\n|turn|11\n|\n|t:|1698517036\n|move|p1b: Oranguru|Ally Switch|p1b: Oranguru\n|swap|p1b: Oranguru|0|[from] move: Ally Switch\n|move|p1b: Glastrier|Stomping Tantrum|p2b: duck duck goose\n|-supereffective|p2b: duck duck goose\n|-damage|p2b: duck duck goose|35\/100\n|move|p2b: duck duck goose|Moonblast|p1a: Oranguru\n|-damage|p1a: Oranguru|60\/100\n|\n|-heal|p2b: duck duck goose|42\/100|[from] item: Leftovers\n|upkeep\n|turn|12\n|\n|t:|1698517045\n|move|p1b: Glastrier|Stomping Tantrum|p2b: duck duck goose\n|-supereffective|p2b: duck duck goose\n|-damage|p2b: duck duck goose|0 fnt\n|faint|p2b: duck duck goose\n|\n|win|weada fasdfssf\n|raw|weada fasdfssf's rating: 1088 &rarr; <strong>1109<\/strong><br \/>(+21 for winning)\n|raw|muk77's rating: 1006 &rarr; <strong>1000<\/strong><br \/>(-6 for losing)\n|l|\u2606muk77\n","uploadtime":1698517052,"views":5,"p1id":"weadafasdfssf","p2id":"muk77","formatid":"gen9nationaldexdoubles","rating":1000,"private":0,"password":""}