{"id":"gen9nationaldexdoubles-1952888575","p1":"SquidSpring","p2":"NDDCDCruisinconnor","format":"[Gen 9] National Dex Doubles","log":"|j|\u2606SquidSpring\n|j|\u2606NDDCDCruisinconnor\n|t:|1695738091\n|gametype|doubles\n|player|p1|SquidSpring|iono|1448\n|player|p2|NDDCDCruisinconnor|fantina|1507\n|teamsize|p1|6\n|teamsize|p2|6\n|gen|9\n|tier|[Gen 9] National Dex Doubles\n|rated|\n|rule|HP Percentage Mod: HP is shown in percentages\n|rule|Endless Battle Clause: Forcing endless battles is banned\n|rule|OHKO Clause: OHKO moves are banned\n|rule|Evasion Moves Clause: Evasion moves are banned\n|rule|Evasion Abilities Clause: Evasion abilities are banned\n|rule|Species Clause: Limit one of each Pok\u00e9mon\n|rule|Gravity Sleep Clause: The combination of sleep-inducing moves with imperfect accuracy and Gravity or Gigantamax Orbeetle are banned\n|clearpoke\n|poke|p1|Sirfetch\u2019d, F|\n|poke|p1|Rillaboom, F|\n|poke|p1|Volcanion|\n|poke|p1|Zygarde|\n|poke|p1|Jirachi|\n|poke|p1|Tornadus, M|\n|poke|p2|Rillaboom, M|\n|poke|p2|Incineroar, F|\n|poke|p2|Tapu Fini|\n|poke|p2|Flutter Mane|\n|poke|p2|Garganacl, F|\n|poke|p2|Sinistcha-Masterpiece|\n|teampreview\n|inactive|Battle timer is ON: inactive players will automatically lose when time's up. (requested by NDDCDCruisinconnor)\n|inactive|SquidSpring also wants the timer to be on.\n|j| Laor96\n|c|\u2606SquidSpring|glhf\n|l| Laor96\n|inactive|NDDCDCruisinconnor has 120 seconds left.\n|\n|t:|1695738146\n|start\n|switch|p1a: Zygarde|Zygarde|100\/100\n|switch|p1b: Sirfetch\u2019d|Sirfetch\u2019d, F|100\/100\n|switch|p2a: Incineroar|Incineroar, F|100\/100\n|switch|p2b: Garganacl|Garganacl, F, shiny|100\/100\n|-ability|p1a: Zygarde|Aura Break\n|-ability|p2a: Incineroar|Intimidate|boost\n|-fail|p1a: Zygarde|unboost|[from] item: Clear Amulet|[of] p1a: Zygarde\n|-unboost|p1b: Sirfetch\u2019d|atk|1\n|turn|1\n|\n|t:|1695738166\n|move|p2b: Garganacl|Protect|p2b: Garganacl\n|-singleturn|p2b: Garganacl|Protect\n|move|p1b: Sirfetch\u2019d|Simple Beam|p1a: Zygarde\n|-endability|p1a: Zygarde|Aura Break|[from] move: Simple Beam\n|-ability|p1a: Zygarde|Simple|[from] move: Simple Beam\n|move|p1a: Zygarde|Dragon Dance|p1a: Zygarde\n|-boost|p1a: Zygarde|atk|2\n|-boost|p1a: Zygarde|spe|2\n|move|p2a: Incineroar|Parting Shot|p1a: Zygarde\n|-fail|p1a: Zygarde|unboost|[from] item: Clear Amulet|[of] p1a: Zygarde\n|\n|upkeep\n|turn|2\n|\n|t:|1695738190\n|switch|p2b: Rillaboom|Rillaboom, M|100\/100\n|-fieldstart|move: Grassy Terrain|[from] ability: Grassy Surge|[of] p2b: Rillaboom\n|move|p1a: Zygarde|Thousand Arrows|p2b: Rillaboom|[spread] p2a,p2b\n|-supereffective|p2a: Incineroar\n|-resisted|p2b: Rillaboom\n|-damage|p2a: Incineroar|0 fnt\n|-damage|p2b: Rillaboom|74\/100\n|faint|p2a: Incineroar\n|move|p1b: Sirfetch\u2019d|Coaching|p1a: Zygarde\n|-boost|p1a: Zygarde|atk|2\n|-boost|p1a: Zygarde|def|2\n|\n|-heal|p2b: Rillaboom|80\/100|[from] Grassy Terrain\n|upkeep\n|\n|t:|1695738203\n|switch|p2a: Tapu Fini|Tapu Fini, shiny|100\/100\n|-fieldstart|move: Misty Terrain|[from] ability: Misty Surge|[of] p2a: Tapu Fini\n|turn|3\n|\n|t:|1695738222\n|-terastallize|p1a: Zygarde|Steel\n|move|p2b: Rillaboom|Fake Out|p1a: Zygarde\n|-resisted|p1a: Zygarde\n|-damage|p1a: Zygarde|98\/100\n|cant|p1a: Zygarde|flinch\n|move|p2a: Tapu Fini|Moonblast|p1a: Zygarde\n|-resisted|p1a: Zygarde\n|-damage|p1a: Zygarde|81\/100\n|move|p1b: Sirfetch\u2019d|Coaching|p1a: Zygarde\n|-boost|p1a: Zygarde|atk|2\n|-boost|p1a: Zygarde|def|2\n|\n|upkeep\n|turn|4\n|\n|t:|1695738237\n|switch|p2a: Sinistcha|Sinistcha-Masterpiece, shiny|100\/100\n|-heal|p2b: Rillaboom|100\/100|[from] ability: Hospitality|[of] p2a: Sinistcha\n|move|p1a: Zygarde|Extreme Speed|p2a: Sinistcha\n|-immune|p2a: Sinistcha\n|move|p1b: Sirfetch\u2019d|Coaching|p1a: Zygarde\n|-boost|p1a: Zygarde|atk|0\n|-boost|p1a: Zygarde|def|2\n|move|p2b: Rillaboom|High Horsepower|p1a: Zygarde\n|-supereffective|p1a: Zygarde\n|-damage|p1a: Zygarde|70\/100\n|\n|upkeep\n|turn|5\n|\n|t:|1695738260\n|switch|p1b: Jirachi|Jirachi|100\/100\n|move|p1a: Zygarde|Extreme Speed|p2b: Rillaboom\n|-damage|p2b: Rillaboom|22\/100\n|move|p2a: Sinistcha|Rage Powder|p2a: Sinistcha\n|-singleturn|p2a: Sinistcha|move: Rage Powder\n|move|p2b: Rillaboom|U-turn|p1a: Zygarde\n|-resisted|p1a: Zygarde\n|-damage|p1a: Zygarde|68\/100\n|\n|t:|1695738269\n|switch|p2b: Tapu Fini|Tapu Fini, shiny|100\/100|[from] U-turn\n|\n|upkeep\n|turn|6\n|\n|t:|1695738283\n|-terastallize|p2b: Tapu Fini|Ghost\n|move|p1b: Jirachi|Follow Me|p1b: Jirachi\n|-singleturn|p1b: Jirachi|move: Follow Me\n|move|p1a: Zygarde|Thousand Arrows|p2b: Tapu Fini|[spread] p2a,p2b\n|-resisted|p2a: Sinistcha\n|-damage|p2a: Sinistcha|44\/100\n|-damage|p2b: Tapu Fini|0 fnt\n|faint|p2b: Tapu Fini\n|move|p2a: Sinistcha|Strength Sap|p1b: Jirachi\n|-unboost|p1b: Jirachi|atk|1\n|-heal|p2a: Sinistcha|100\/100\n|\n|upkeep\n|-message|NDDCDCruisinconnor forfeited.\n|\n|win|SquidSpring\n|raw|SquidSpring's rating: 1448 &rarr; <strong>1471<\/strong><br \/>(+23 for winning)\n|raw|NDDCDCruisinconnor's rating: 1507 &rarr; <strong>1484<\/strong><br \/>(-23 for losing)\n|l|\u2606NDDCDCruisinconnor\n","uploadtime":1695738301,"views":17,"p1id":"squidspring","p2id":"nddcdcruisinconnor","formatid":"gen9nationaldexdoubles","rating":1471,"private":0,"password":""}