{"id":"gen9nationaldexdoubles-1972956132","p1":"50stunzeed","p2":"Ilovesmallcats3","format":"[Gen 9] National Dex Doubles","log":"|j|\u260650stunzeed\n|j|\u2606Ilovesmallcats3\n|t:|1697912599\n|gametype|doubles\n|player|p1|50stunzeed|proton|1169\n|player|p2|Ilovesmallcats3|shauntal|1262\n|teamsize|p1|6\n|teamsize|p2|6\n|gen|9\n|tier|[Gen 9] National Dex Doubles\n|rated|\n|rule|HP Percentage Mod: HP is shown in percentages\n|rule|Endless Battle Clause: Forcing endless battles is banned\n|rule|OHKO Clause: OHKO moves are banned\n|rule|Evasion Moves Clause: Evasion moves are banned\n|rule|Evasion Abilities Clause: Evasion abilities are banned\n|rule|Species Clause: Limit one of each Pok\u00e9mon\n|rule|Gravity Sleep Clause: The combination of sleep-inducing moves with imperfect accuracy and Gravity or Gigantamax Orbeetle are banned\n|clearpoke\n|poke|p1|Jirachi|\n|poke|p1|Eevee, M|\n|poke|p1|Marshadow|\n|poke|p1|Regigigas|\n|poke|p1|Indeedee-F, F|\n|poke|p1|Flamigo, F|\n|poke|p2|Aurorus, M|\n|poke|p2|Ninetales-Alola, M|\n|poke|p2|Clefairy, F|\n|poke|p2|Arctozolt|\n|poke|p2|Vanilluxe, F|\n|poke|p2|Kyurem-Black|\n|teampreview\n|inactive|Battle timer is ON: inactive players will automatically lose when time's up. (requested by Ilovesmallcats3)\n|\n|t:|1697912624\n|start\n|switch|p1a: Eevee|Eevee, M|100\/100\n|switch|p1b: Indeedee|Indeedee-F, F|100\/100\n|switch|p2a: Ninetales|Ninetales-Alola, M|100\/100\n|switch|p2b: Aurorus|Aurorus, M|100\/100\n|-weather|Snow|[from] ability: Snow Warning|[of] p2a: Ninetales\n|-fieldstart|move: Psychic Terrain|[from] ability: Psychic Surge|[of] p1b: Indeedee\n|turn|1\n|\n|t:|1697912644\n|move|p1b: Indeedee|Follow Me|p1b: Indeedee\n|-singleturn|p1b: Indeedee|move: Follow Me\n|move|p2a: Ninetales|Blizzard|p1a: Eevee|[spread] p1a,p1b\n|-damage|p1a: Eevee|63\/100\n|-damage|p1b: Indeedee|79\/100\n|-zpower|p1a: Eevee\n|move|p1a: Eevee|Extreme Evoboost|p1a: Eevee\n|-boost|p1a: Eevee|atk|2\n|-boost|p1a: Eevee|def|2\n|-boost|p1a: Eevee|spa|2\n|-boost|p1a: Eevee|spd|2\n|-boost|p1a: Eevee|spe|2\n|move|p2b: Aurorus|Hyper Voice|p1a: Eevee|[spread] p1a,p1b\n|-damage|p1a: Eevee|26\/100\n|-damage|p1b: Indeedee|36\/100\n|\n|-weather|Snow|[upkeep]\n|upkeep\n|turn|2\n|\n|t:|1697912670\n|switch|p1b: Jirachi|Jirachi|100\/100\n|-item|p1b: Jirachi|Air Balloon\n|move|p1a: Eevee|Baton Pass|p1a: Eevee\n|\n|t:|1697912676\n|switch|p1a: Marshadow|Marshadow|100\/100|[from] Baton Pass\n|move|p2a: Ninetales|Blizzard|p1a: Marshadow|[spread] p1a,p1b\n|-resisted|p1b: Jirachi\n|-damage|p1a: Marshadow|87\/100\n|-damage|p1b: Jirachi|89\/100\n|-enditem|p1b: Jirachi|Air Balloon\n|move|p2b: Aurorus|Hyper Voice|p1a: Marshadow|[spread] p1a,p1b\n|-resisted|p1b: Jirachi\n|-damage|p1a: Marshadow|60\/100\n|-damage|p1b: Jirachi|65\/100\n|\n|-weather|Snow|[upkeep]\n|upkeep\n|turn|3\n|inactive|50stunzeed has 120 seconds left.\n|\n|t:|1697912709\n|-terastallize|p2b: Aurorus|Steel\n|move|p1a: Marshadow|Drain Punch|p2b: Aurorus\n|-supereffective|p2b: Aurorus\n|-damage|p2b: Aurorus|0 fnt\n|-heal|p1a: Marshadow|100\/100|[from] drain|[of] p2b: Aurorus\n|faint|p2b: Aurorus\n|move|p2a: Ninetales|Dazzling Gleam|p1b: Jirachi|[spread] p1a,p1b\n|-supereffective|p1a: Marshadow\n|-resisted|p1b: Jirachi\n|-damage|p1a: Marshadow|80\/100\n|-damage|p1b: Jirachi|57\/100\n|move|p1b: Jirachi|Psych Up|p1a: Marshadow\n|-copyboost|p1b: Jirachi|p1a: Marshadow|[from] move: Psych Up\n|\n|-weather|Snow|[upkeep]\n|upkeep\n|\n|t:|1697912716\n|switch|p2b: Arctozolt|Arctozolt|100\/100\n|turn|4\n|\n|t:|1697912737\n|move|p1a: Marshadow|Drain Punch|p2b: Arctozolt\n|-supereffective|p2b: Arctozolt\n|-damage|p2b: Arctozolt|0 fnt\n|-heal|p1a: Marshadow|100\/100|[from] drain|[of] p2b: Arctozolt\n|faint|p2b: Arctozolt\n|move|p1b: Jirachi|Stored Power|p2a: Ninetales\n|-damage|p2a: Ninetales|0 fnt\n|faint|p2a: Ninetales\n|\n|-weather|Snow|[upkeep]\n|upkeep\n|\n|t:|1697912745\n|switch|p2a: Clefairy|Clefairy, F|100\/100\n|switch|p2b: Kyurem|Kyurem-Black|100\/100\n|-ability|p2b: Kyurem|Teravolt\n|turn|5\n|\n|t:|1697912759\n|move|p2a: Clefairy|Follow Me|p2a: Clefairy\n|-singleturn|p2a: Clefairy|move: Follow Me\n|move|p1a: Marshadow|Spectral Thief|p2a: Clefairy\n|-damage|p2a: Clefairy|28\/100\n|move|p1b: Jirachi|Dazzling Gleam|p2a: Clefairy|[spread] p2a,p2b\n|-supereffective|p2b: Kyurem\n|-damage|p2a: Clefairy|0 fnt\n|-damage|p2b: Kyurem|52\/100\n|faint|p2a: Clefairy\n|move|p2b: Kyurem|Icicle Spear|p1a: Marshadow\n|-damage|p1a: Marshadow|90\/100\n|-damage|p1a: Marshadow|79\/100\n|-damage|p1a: Marshadow|68\/100\n|-damage|p1a: Marshadow|57\/100\n|-hitcount|p1a: Marshadow|4\n|\n|-weather|none\n|-fieldend|move: Psychic Terrain\n|upkeep\n|c|\u2606Ilovesmallcats3|I should've used haze when i had the chance\n|inactive|Ilovesmallcats3 has 120 seconds left.\n|-message|Ilovesmallcats3 forfeited.\n|\n|win|50stunzeed\n|raw|50stunzeed's rating: 1169 &rarr; <strong>1201<\/strong><br \/>(+32 for winning)\n|raw|Ilovesmallcats3's rating: 1262 &rarr; <strong>1230<\/strong><br \/>(-32 for losing)\n|l|\u2606Ilovesmallcats3\n","uploadtime":1697912793,"views":5,"p1id":"50stunzeed","p2id":"ilovesmallcats3","formatid":"gen9nationaldexdoubles","rating":1201,"private":0,"password":""}