{"id":"gen9nationaldexdoubles-1986880599","p1":"ergouwergh","p2":"jin2jin","format":"[Gen 9] National Dex Doubles","log":"|j|\u2606ergouwergh\n|j|\u2606jin2jin\n|t:|1699537275\n|gametype|doubles\n|player|p1|ergouwergh|hilda|1142\n|player|p2|jin2jin|rosa|1053\n|teamsize|p1|6\n|teamsize|p2|6\n|gen|9\n|tier|[Gen 9] National Dex Doubles\n|rated|\n|rule|HP Percentage Mod: HP is shown in percentages\n|rule|Endless Battle Clause: Forcing endless battles is banned\n|rule|OHKO Clause: OHKO moves are banned\n|rule|Evasion Moves Clause: Evasion moves are banned\n|rule|Evasion Abilities Clause: Evasion abilities are banned\n|rule|Species Clause: Limit one of each Pok\u00e9mon\n|rule|Gravity Sleep Clause: The combination of sleep-inducing moves with imperfect accuracy and Gravity or Gigantamax Orbeetle are banned\n|clearpoke\n|poke|p1|Ursaluna, F|\n|poke|p1|Dusclops, F|\n|poke|p1|Clefairy, M|\n|poke|p1|Farigiraf, F|\n|poke|p1|Heatran, M|\n|poke|p1|Iron Hands|\n|poke|p2|Hitmontop, M|\n|poke|p2|Whimsicott, F|\n|poke|p2|Venusaur, F|\n|poke|p2|Walking Wake|\n|poke|p2|Flygon, F|\n|poke|p2|Torkoal, F|\n|teampreview\n|inactive|Battle timer is ON: inactive players will automatically lose when time's up. (requested by ergouwergh)\n|\n|t:|1699537291\n|start\n|switch|p1a: Dusclops|Dusclops, F|100\/100\n|switch|p1b: Heatran|Heatran, M|100\/100\n|switch|p2a: Whimsicott|Whimsicott, F, shiny|100\/100\n|switch|p2b: Walking Wake|Walking Wake|100\/100\n|-item|p2a: Whimsicott|Covert Cloak|[from] ability: Frisk|[of] p1a: Dusclops|[identify]\n|-item|p2b: Walking Wake|Mystic Water|[from] ability: Frisk|[of] p1a: Dusclops|[identify]\n|turn|1\n|\n|t:|1699537303\n|move|p1b: Heatran|Protect|p1b: Heatran\n|-singleturn|p1b: Heatran|Protect\n|move|p2a: Whimsicott|Sunny Day|p2a: Whimsicott\n|-weather|SunnyDay\n|-activate|p2b: Walking Wake|ability: Protosynthesis\n|-start|p2b: Walking Wake|protosynthesisspa\n|move|p2b: Walking Wake|Hydro Steam|p1b: Heatran\n|-activate|p1b: Heatran|move: Protect\n|move|p1a: Dusclops|Trick Room|p1a: Dusclops\n|-fieldstart|move: Trick Room|[of] p1a: Dusclops\n|\n|-weather|SunnyDay|[upkeep]\n|upkeep\n|turn|2\n|\n|t:|1699537315\n|-terastallize|p1b: Heatran|Fire\n|move|p2a: Whimsicott|Encore|p1b: Heatran\n|-start|p1b: Heatran|Encore\n|move|p1a: Dusclops|Fire Punch|p1b: Heatran\n|-start|p1b: Heatran|ability: Flash Fire\n|move|p1b: Heatran|Protect||[still]\n|-fail|p1b: Heatran\n|move|p2b: Walking Wake|Hydro Steam|p1a: Dusclops\n|-damage|p1a: Dusclops|48\/100\n|\n|-weather|SunnyDay|[upkeep]\n|upkeep\n|turn|3\n|\n|t:|1699537331\n|switch|p1a: Clefairy|Clefairy, M|100\/100\n|move|p1b: Heatran|Protect|p1b: Heatran\n|-singleturn|p1b: Heatran|Protect\n|move|p2a: Whimsicott|Encore||[still]\n|-fail|p2a: Whimsicott\n|move|p2b: Walking Wake|Hydro Steam|p1b: Heatran\n|-activate|p1b: Heatran|move: Protect\n|\n|-weather|SunnyDay|[upkeep]\n|upkeep\n|turn|4\n|\n|t:|1699537343\n|move|p1b: Heatran|Protect||[still]\n|-fail|p1b: Heatran\n|move|p1a: Clefairy|Follow Me|p1a: Clefairy\n|-singleturn|p1a: Clefairy|move: Follow Me\n|move|p2a: Whimsicott|Fake Tears|p1a: Clefairy\n|-unboost|p1a: Clefairy|spd|2\n|move|p2b: Walking Wake|Hydro Steam|p1a: Clefairy\n|-damage|p1a: Clefairy|0 fnt\n|faint|p1a: Clefairy\n|\n|-weather|SunnyDay|[upkeep]\n|-end|p1b: Heatran|Encore\n|upkeep\n|\n|t:|1699537358\n|switch|p1a: Farigiraf|Farigiraf, F|100\/100\n|turn|5\n|\n|t:|1699537366\n|move|p2b: Walking Wake|Protect|p2b: Walking Wake\n|-singleturn|p2b: Walking Wake|Protect\n|move|p1a: Farigiraf|Ally Switch|p1a: Farigiraf\n|swap|p1a: Farigiraf|1|[from] move: Ally Switch\n|move|p2a: Whimsicott|Encore||[still]\n|cant|p1b: Farigiraf|ability: Armor Tail|Encore|[of] p2a: Whimsicott\n|move|p1a: Heatran|Eruption|p2b: Walking Wake|[spread] p2a\n|-activate|p2b: Walking Wake|move: Protect\n|-supereffective|p2a: Whimsicott\n|-damage|p2a: Whimsicott|0 fnt\n|faint|p2a: Whimsicott\n|\n|-weather|none\n|-end|p2b: Walking Wake|Protosynthesis\n|-fieldend|move: Trick Room\n|upkeep\n|\n|t:|1699537375\n|switch|p2a: Torkoal|Torkoal, F|100\/100\n|-weather|SunnyDay|[from] ability: Drought|[of] p2a: Torkoal\n|-activate|p2b: Walking Wake|ability: Protosynthesis\n|-start|p2b: Walking Wake|protosynthesisspa\n|turn|6\n|\n|t:|1699537383\n|move|p1a: Heatran|Protect|p1a: Heatran\n|-singleturn|p1a: Heatran|Protect\n|move|p2b: Walking Wake|Hydro Steam|p1b: Farigiraf\n|-damage|p1b: Farigiraf|7\/100\n|move|p2a: Torkoal|Heat Wave|p1a: Heatran|[spread] p1b\n|-activate|p1a: Heatran|move: Protect\n|-damage|p1b: Farigiraf|0 fnt\n|faint|p1b: Farigiraf\n|\n|-weather|SunnyDay|[upkeep]\n|upkeep\n|-message|ergouwergh forfeited.\n|\n|win|jin2jin\n|raw|ergouwergh's rating: 1142 &rarr; <strong>1111<\/strong><br \/>(-31 for losing)\n|raw|jin2jin's rating: 1053 &rarr; <strong>1093<\/strong><br \/>(+40 for winning)\n|l|\u2606ergouwergh\n","uploadtime":1699537406,"views":12,"p1id":"ergouwergh","p2id":"jin2jin","formatid":"gen9nationaldexdoubles","rating":1093,"private":0,"password":""}