{"id":"gen9nationaldexdoubles-1984727388","p1":"Juanva2006","p2":"TlolJuan","format":"[Gen 9] National Dex Doubles","log":"|j|\u2606Juanva2006\n|j|\u2606TlolJuan\n|t:|1699294137\n|gametype|doubles\n|player|p1|Juanva2006|benga|\n|player|p2|TlolJuan|hilbert-masters|\n|teamsize|p1|6\n|teamsize|p2|6\n|gen|9\n|tier|[Gen 9] National Dex Doubles\n|rule|HP Percentage Mod: HP is shown in percentages\n|rule|Endless Battle Clause: Forcing endless battles is banned\n|rule|OHKO Clause: OHKO moves are banned\n|rule|Evasion Moves Clause: Evasion moves are banned\n|rule|Evasion Abilities Clause: Evasion abilities are banned\n|rule|Species Clause: Limit one of each Pok\u00e9mon\n|rule|Gravity Sleep Clause: The combination of sleep-inducing moves with imperfect accuracy and Gravity or Gigantamax Orbeetle are banned\n|clearpoke\n|poke|p1|Chandelure, F|\n|poke|p1|Cherrim, F|\n|poke|p1|Exeggutor-Alola, M|\n|poke|p1|Sunflora, M|\n|poke|p1|Torkoal, F|\n|poke|p1|Lurantis, F|\n|poke|p2|Dracovish|\n|poke|p2|Tyranitar, F|\n|poke|p2|Ceruledge, F|\n|poke|p2|Clefairy, F|\n|poke|p2|Togekiss, M|\n|poke|p2|Kommo-o, F|\n|teampreview\n|\n|t:|1699294182\n|start\n|switch|p1a: Juanva2006|Torkoal, F|100\/100\n|switch|p1b: Vi un resplandor|Exeggutor-Alola, M, shiny|100\/100\n|switch|p2a: Ceruledge|Ceruledge, F, shiny|100\/100\n|switch|p2b: Kommo-o|Kommo-o, F|100\/100\n|-item|p2a: Ceruledge|Clear Amulet|[from] ability: Frisk|[of] p1b: Vi un resplandor|[identify]\n|-item|p2b: Kommo-o|Throat Spray|[from] ability: Frisk|[of] p1b: Vi un resplandor|[identify]\n|-weather|SunnyDay|[from] ability: Drought|[of] p1a: Juanva2006\n|turn|1\n|j| chuspiter\n|j| joderno\n|\n|t:|1699294197\n|move|p2b: Kommo-o|Clanging Scales|p1b: Vi un resplandor|[spread] p1a,p1b\n|-supereffective|p1b: Vi un resplandor\n|-damage|p1a: Juanva2006|50\/100\n|-damage|p1b: Vi un resplandor|18\/100\n|-unboost|p2b: Kommo-o|def|1\n|-enditem|p2b: Kommo-o|Throat Spray\n|-boost|p2b: Kommo-o|spa|1|[from] item: Throat Spray\n|move|p2a: Ceruledge|Bitter Blade|p1b: Vi un resplandor\n|-damage|p1b: Vi un resplandor|0 fnt\n|faint|p1b: Vi un resplandor\n|move|p1a: Juanva2006|Earth Power|p2a: Ceruledge\n|-supereffective|p2a: Ceruledge\n|-damage|p2a: Ceruledge|47\/100\n|\n|-weather|SunnyDay|[upkeep]\n|upkeep\n|\n|t:|1699294229\n|switch|p1b: Mi sapito|Cherrim, F, shiny|100\/100\n|-formechange|p1b: Mi sapito|Cherrim-Sunshine|[msg]|[from] ability: Flower Gift\n|turn|2\n|\n|t:|1699294237\n|move|p2b: Kommo-o|Clanging Scales|p1b: Mi sapito|[spread] p1a,p1b\n|-damage|p1a: Juanva2006|1\/100\n|-damage|p1b: Mi sapito|64\/100\n|-unboost|p2b: Kommo-o|def|1\n|move|p2a: Ceruledge|Bitter Blade|p1b: Mi sapito\n|-supereffective|p1b: Mi sapito\n|-damage|p1b: Mi sapito|0 fnt\n|-heal|p2a: Ceruledge|83\/100|[from] drain|[of] p1b: Mi sapito\n|faint|p1b: Mi sapito\n|move|p1a: Juanva2006|Earth Power|p2a: Ceruledge\n|-supereffective|p2a: Ceruledge\n|-damage|p2a: Ceruledge|21\/100\n|\n|-weather|SunnyDay|[upkeep]\n|upkeep\n|\n|t:|1699294250\n|switch|p1b: Chuspi|Chandelure, F, shiny|100\/100\n|turn|3\n|\n|t:|1699294258\n|move|p1a: Juanva2006|Protect|p1a: Juanva2006\n|-singleturn|p1a: Juanva2006|Protect\n|move|p2b: Kommo-o|Clanging Scales|p1a: Juanva2006|[spread] p1b\n|-activate|p1a: Juanva2006|move: Protect\n|-damage|p1b: Chuspi|28\/100\n|-unboost|p2b: Kommo-o|def|1\n|move|p2a: Ceruledge|Shadow Claw|p1b: Chuspi\n|-supereffective|p1b: Chuspi\n|-damage|p1b: Chuspi|0 fnt\n|faint|p1b: Chuspi\n|\n|-weather|SunnyDay|[upkeep]\n|upkeep\n|\n|t:|1699294269\n|switch|p1b: Chesus63|Sunflora, M|100\/100\n|turn|4\n|j| AxelVX\n|\n|t:|1699294279\n|-terastallize|p2b: Kommo-o|Steel\n|-terastallize|p1b: Chesus63|Fairy\n|move|p1a: Juanva2006|Protect||[still]\n|-fail|p1a: Juanva2006\n|move|p2b: Kommo-o|Flash Cannon|p1b: Chesus63\n|-supereffective|p1b: Chesus63\n|-crit|p1b: Chesus63\n|-damage|p1b: Chesus63|0 fnt\n|faint|p1b: Chesus63\n|move|p2a: Ceruledge|Bitter Blade|p1a: Juanva2006\n|-resisted|p1a: Juanva2006\n|-damage|p1a: Juanva2006|0 fnt\n|-heal|p2a: Ceruledge|22\/100|[from] drain|[of] p1a: Juanva2006\n|faint|p1a: Juanva2006\n|\n|-weather|SunnyDay|[upkeep]\n|upkeep\n|\n|t:|1699294306\n|switch|p1b: rarete no?|Lurantis, F, shiny|100\/100\n|turn|5\n|\n|t:|1699294310\n|move|p2b: Kommo-o|Clanging Scales|p1b: rarete no?\n|-damage|p1b: rarete no?|17\/100\n|-unboost|p2b: Kommo-o|def|1\n|move|p2a: Ceruledge|Bitter Blade|p1b: rarete no?\n|-supereffective|p1b: rarete no?\n|-damage|p1b: rarete no?|0 fnt\n|-heal|p2a: Ceruledge|31\/100|[from] drain|[of] p1b: rarete no?\n|faint|p1b: rarete no?\n|\n|win|TlolJuan\n|c|\u2606TlolJuan|GG\n|l|\u2606Juanva2006\n|l| AxelVX\n|l| joderno\n|l| chuspiter\n|j| AxelVX\n|l| AxelVX\n","uploadtime":1699294427,"views":14,"p1id":"juanva2006","p2id":"tloljuan","formatid":"gen9nationaldexdoubles","rating":0,"private":0,"password":""}