{"id":"gen9nationaldexdoubles-1951652394","p1":"neweternal84","p2":"the maraculous","format":"[Gen 9] National Dex Doubles","log":"|j|\u2606neweternal84\n|j|\u2606the maraculous\n|t:|1695603235\n|gametype|doubles\n|player|p1|neweternal84|palmer|1316\n|player|p2|the maraculous|dragontamer|1460\n|teamsize|p1|6\n|teamsize|p2|6\n|gen|9\n|tier|[Gen 9] National Dex Doubles\n|rated|\n|rule|HP Percentage Mod: HP is shown in percentages\n|rule|Endless Battle Clause: Forcing endless battles is banned\n|rule|OHKO Clause: OHKO moves are banned\n|rule|Evasion Moves Clause: Evasion moves are banned\n|rule|Evasion Abilities Clause: Evasion abilities are banned\n|rule|Species Clause: Limit one of each Pok\u00e9mon\n|rule|Gravity Sleep Clause: The combination of sleep-inducing moves with imperfect accuracy and Gravity or Gigantamax Orbeetle are banned\n|clearpoke\n|poke|p1|Indeedee-F, F|\n|poke|p1|Ursaluna-Bloodmoon, M|\n|poke|p1|Armarouge, M|\n|poke|p1|Dusclops, M|\n|poke|p1|Glastrier|\n|poke|p1|Amoonguss, F|\n|poke|p2|Xurkitree|\n|poke|p2|Iron Valiant|\n|poke|p2|Chandelure, M|\n|poke|p2|Landorus-Therian, M|\n|poke|p2|Kartana|\n|poke|p2|Farigiraf, M|\n|teampreview\n|j| S1r.sweepsaLot\n|\n|t:|1695603251\n|start\n|switch|p1a: Dusclops|Dusclops, M|100\/100\n|switch|p1b: Ursaluna|Ursaluna-Bloodmoon, M|100\/100\n|switch|p2a: Chandelure|Chandelure, M|100\/100\n|switch|p2b: Xurkitree|Xurkitree|100\/100\n|-item|p2a: Chandelure|Air Balloon\n|-item|p2a: Chandelure|Air Balloon|[from] ability: Frisk|[of] p1a: Dusclops|[identify]\n|-item|p2b: Xurkitree|Electrium Z|[from] ability: Frisk|[of] p1a: Dusclops|[identify]\n|turn|1\n|l| S1r.sweepsaLot\n|\n|t:|1695603262\n|move|p2b: Xurkitree|Energy Ball|p1b: Ursaluna\n|-supereffective|p1b: Ursaluna\n|-damage|p1b: Ursaluna|20\/100\n|move|p2a: Chandelure|Imprison|p2a: Chandelure\n|-start|p2a: Chandelure|move: Imprison\n|move|p1b: Ursaluna|Hyper Voice|p2b: Xurkitree|[spread] p2a,p2b\n|-damage|p2a: Chandelure|57\/100\n|-damage|p2b: Xurkitree|45\/100\n|-enditem|p2a: Chandelure|Air Balloon\n|-enditem|p1b: Ursaluna|Throat Spray\n|-boost|p1b: Ursaluna|spa|1|[from] item: Throat Spray\n|cant|p1a: Dusclops|move: Imprison|Trick Room\n|\n|upkeep\n|turn|2\n|\n|t:|1695603282\n|switch|p1b: Armarouge|Armarouge, M|100\/100\n|move|p2b: Xurkitree|Dazzling Gleam|p1b: Armarouge|[spread] p1a,p1b\n|-resisted|p1b: Armarouge\n|-damage|p1a: Dusclops|87\/100\n|-damage|p1b: Armarouge|87\/100\n|move|p2a: Chandelure|Shadow Ball|p1a: Dusclops\n|-supereffective|p1a: Dusclops\n|-damage|p1a: Dusclops|36\/100\n|move|p1a: Dusclops|Night Shade|p2b: Xurkitree\n|-damage|p2b: Xurkitree|13\/100\n|\n|upkeep\n|turn|3\n|\n|t:|1695603305\n|move|p2b: Xurkitree|Rising Voltage|p1a: Dusclops\n|-damage|p1a: Dusclops|15\/100\n|move|p2a: Chandelure|Shadow Ball|p1b: Armarouge\n|-supereffective|p1b: Armarouge\n|-damage|p1b: Armarouge|0 fnt\n|faint|p1b: Armarouge\n|move|p1a: Dusclops|Pain Split|p2a: Chandelure\n|-sethp|p2a: Chandelure|35\/100|[from] move: Pain Split|[silent]\n|-sethp|p1a: Dusclops|40\/100|[from] move: Pain Split\n|\n|upkeep\n|\n|t:|1695603321\n|switch|p1b: Indeedee|Indeedee-F, F|100\/100\n|-fieldstart|move: Psychic Terrain|[from] ability: Psychic Surge|[of] p1b: Indeedee\n|turn|4\n|\n|t:|1695603330\n|move|p1b: Indeedee|Follow Me|p1b: Indeedee\n|-singleturn|p1b: Indeedee|move: Follow Me\n|move|p2b: Xurkitree|Electric Terrain|p2b: Xurkitree\n|-fieldstart|move: Electric Terrain\n|move|p2a: Chandelure|Flamethrower|p1b: Indeedee\n|-damage|p1b: Indeedee|63\/100\n|move|p1a: Dusclops|Night Shade|p2a: Chandelure\n|-damage|p2a: Chandelure|4\/100\n|\n|-heal|p1b: Indeedee|69\/100|[from] item: Leftovers\n|upkeep\n|turn|5\n|\n|t:|1695603345\n|switch|p1b: Ursaluna|Ursaluna-Bloodmoon, M|20\/100\n|move|p2b: Xurkitree|Rising Voltage|p1b: Ursaluna\n|-immune|p1b: Ursaluna\n|move|p2a: Chandelure|Shadow Ball|p1a: Dusclops\n|-supereffective|p1a: Dusclops\n|-damage|p1a: Dusclops|0 fnt\n|faint|p1a: Dusclops\n|\n|upkeep\n|j| S1r.sweepsaLot\n|l| S1r.sweepsaLot\n|\n|t:|1695603355\n|switch|p1a: Indeedee|Indeedee-F, F|69\/100\n|-fieldstart|move: Psychic Terrain|[from] ability: Psychic Surge|[of] p1a: Indeedee\n|turn|6\n|\n|t:|1695603361\n|move|p1a: Indeedee|Follow Me|p1a: Indeedee\n|-singleturn|p1a: Indeedee|move: Follow Me\n|move|p2b: Xurkitree|Dazzling Gleam|p1b: Ursaluna|[spread] p1a,p1b\n|-damage|p1a: Indeedee|51\/100\n|-damage|p1b: Ursaluna|0 fnt\n|faint|p1b: Ursaluna\n|-ability|p2b: Xurkitree|Beast Boost|boost\n|-boost|p2b: Xurkitree|spa|1\n|move|p2a: Chandelure|Flamethrower|p1a: Indeedee\n|-damage|p1a: Indeedee|14\/100\n|\n|-heal|p1a: Indeedee|20\/100|[from] item: Leftovers\n|upkeep\n|\n|t:|1695603370\n|switch|p1b: Glastrier|Glastrier|100\/100\n|turn|7\n|\n|t:|1695603380\n|move|p1a: Indeedee|Follow Me|p1a: Indeedee\n|-singleturn|p1a: Indeedee|move: Follow Me\n|move|p2b: Xurkitree|Dazzling Gleam|p1a: Indeedee|[spread] p1a,p1b\n|-damage|p1a: Indeedee|0 fnt\n|-damage|p1b: Glastrier|69\/100\n|faint|p1a: Indeedee\n|-ability|p2b: Xurkitree|Beast Boost|boost\n|-boost|p2b: Xurkitree|spa|1\n|move|p2a: Chandelure|Flamethrower|p1b: Glastrier\n|-supereffective|p1b: Glastrier\n|-damage|p1b: Glastrier|0 fnt\n|faint|p1b: Glastrier\n|\n|upkeep\n|-message|neweternal84 forfeited.\n|\n|win|the maraculous\n|raw|neweternal84's rating: 1316 &rarr; <strong>1304<\/strong><br \/>(-12 for losing)\n|raw|the maraculous's rating: 1460 &rarr; <strong>1472<\/strong><br \/>(+12 for winning)\n|l|\u2606neweternal84\n","uploadtime":1695603401,"views":10,"p1id":"neweternal84","p2id":"themaraculous","formatid":"gen9nationaldexdoubles","rating":1304,"private":0,"password":""}