{"id":"gen9nationaldexdoubles-1994915964","p1":"El Ryuk456","p2":"Jotijoti","format":"[Gen 9] National Dex Doubles","log":"|j|\u2606El Ryuk456\n|j|\u2606Jotijoti\n|t:|1700504377\n|gametype|doubles\n|player|p1|El Ryuk456|ingo|1439\n|player|p2|Jotijoti|fantina|1176\n|teamsize|p1|6\n|teamsize|p2|6\n|gen|9\n|tier|[Gen 9] National Dex Doubles\n|rated|\n|rule|HP Percentage Mod: HP is shown in percentages\n|rule|Endless Battle Clause: Forcing endless battles is banned\n|rule|OHKO Clause: OHKO moves are banned\n|rule|Evasion Moves Clause: Evasion moves are banned\n|rule|Evasion Abilities Clause: Evasion abilities are banned\n|rule|Species Clause: Limit one of each Pok\u00e9mon\n|rule|Gravity Sleep Clause: The combination of sleep-inducing moves with imperfect accuracy and Gravity or Gigantamax Orbeetle are banned\n|clearpoke\n|poke|p1|Audino, F|\n|poke|p1|Mimikyu, F|\n|poke|p1|Gholdengo|\n|poke|p1|Moltres-Galar|\n|poke|p1|Ogerpon-Cornerstone, F|\n|poke|p1|Zorua-Hisui, M|\n|poke|p2|Sandaconda, F|\n|poke|p2|Mamoswine, F|\n|poke|p2|Ninetales-Alola, F|\n|poke|p2|Dugtrio-Alola, M|\n|poke|p2|Lycanroc, F|\n|poke|p2|Eiscue, F|\n|teampreview\n|inactive|Battle timer is ON: inactive players will automatically lose when time's up. (requested by Jotijoti)\n|inactive|El Ryuk456 has 120 seconds left.\n|\n|t:|1700504412\n|start\n|switch|p1a: Gholdengo|Gholdengo|100\/100\n|switch|p1b: Ogerpon|Ogerpon-Cornerstone, F|100\/100\n|switch|p2a: Eiscue|Eiscue, F|100\/100\n|switch|p2b: Sandaconda|Sandaconda, F|100\/100\n|turn|1\n|l|\u2606Jotijoti\n|inactive|Jotijoti disconnected and has a minute to reconnect!\n|player|p2|\n|j|\u2606Jotijoti\n|inactive|Jotijoti reconnected and has 140 seconds left.\n|player|p2|Jotijoti|fantina\n|\n|t:|1700504439\n|-terastallize|p1b: Ogerpon|Rock\n|detailschange|p1b: Ogerpon|Ogerpon-Cornerstone-Tera, F, tera:Rock\n|-ability|p1b: Ogerpon|Embody Aspect (Cornerstone)|boost\n|-boost|p1b: Ogerpon|def|1\n|move|p1b: Ogerpon|Horn Leech|p2b: Sandaconda\n|-supereffective|p2b: Sandaconda\n|-damage|p2b: Sandaconda|23\/100\n|-weather|Sandstorm|[from] ability: Sand Spit|[of] p2b: Sandaconda\n|move|p1a: Gholdengo|Will-O-Wisp|p2a: Eiscue\n|-status|p2a: Eiscue|brn\n|move|p2b: Sandaconda|Glare|p1b: Ogerpon\n|-status|p1b: Ogerpon|par\n|move|p2a: Eiscue|Belly Drum|p2a: Eiscue\n|-damage|p2a: Eiscue|50\/100 brn\n|-setboost|p2a: Eiscue|atk|6|[from] move: Belly Drum\n|-enditem|p2a: Eiscue|Sitrus Berry|[eat]\n|-heal|p2a: Eiscue|75\/100 brn|[from] item: Sitrus Berry\n|\n|-weather|Sandstorm|[upkeep]\n|-damage|p1a: Gholdengo|94\/100|[from] Sandstorm\n|-damage|p2a: Eiscue|69\/100 brn|[from] Sandstorm\n|-damage|p2a: Eiscue|63\/100 brn|[from] brn\n|upkeep\n|turn|2\n|inactive|El Ryuk456 has 120 seconds left.\n|\n|t:|1700504473\n|move|p1a: Gholdengo|Bitter Malice|p2a: Eiscue\n|-damage|p2a: Eiscue|40\/100 brn\n|-unboost|p2a: Eiscue|atk|1\n|move|p2b: Sandaconda|Body Press|p1b: Ogerpon\n|-supereffective|p1b: Ogerpon\n|-damage|p1b: Ogerpon|69\/100 par\n|move|p2a: Eiscue|Liquidation|p1b: Ogerpon\n|-supereffective|p1b: Ogerpon\n|-damage|p1b: Ogerpon|21\/100 par\n|move|p1b: Ogerpon|Horn Leech|p2b: Sandaconda\n|-supereffective|p2b: Sandaconda\n|-damage|p2b: Sandaconda|0 fnt\n|-heal|p1b: Ogerpon|33\/100 par|[from] drain|[of] p2b: Sandaconda\n|faint|p2b: Sandaconda\n|\n|-weather|Sandstorm|[upkeep]\n|-damage|p1a: Gholdengo|88\/100|[from] Sandstorm\n|-damage|p2a: Eiscue|34\/100 brn|[from] Sandstorm\n|-damage|p2a: Eiscue|28\/100 brn|[from] brn\n|upkeep\n|inactive|Jotijoti has 120 seconds left.\n|\n|t:|1700504511\n|switch|p2b: Dugtrio|Dugtrio-Alola, M|100\/100\n|turn|3\n|\n|t:|1700504536\n|move|p1b: Ogerpon|Follow Me|p1b: Ogerpon\n|-singleturn|p1b: Ogerpon|move: Follow Me\n|move|p2b: Dugtrio|Stone Edge|p1b: Ogerpon\n|-damage|p1b: Ogerpon|0 fnt\n|faint|p1b: Ogerpon\n|-damage|p2b: Dugtrio|91\/100|[from] item: Life Orb\n|move|p1a: Gholdengo|Will-O-Wisp|p2b: Dugtrio\n|-status|p2b: Dugtrio|brn\n|move|p2a: Eiscue|Liquidation|p1a: Gholdengo\n|-damage|p1a: Gholdengo|46\/100\n|replace|p1a: Zorua|Zorua-Hisui, M, shiny\n|-end|p1a: Zorua|Illusion\n|\n|-weather|Sandstorm|[upkeep]\n|-damage|p1a: Zorua|40\/100|[from] Sandstorm\n|-damage|p2a: Eiscue|21\/100 brn|[from] Sandstorm\n|-damage|p2b: Dugtrio|84\/100 brn|[from] brn\n|-damage|p2a: Eiscue|15\/100 brn|[from] brn\n|upkeep\n|inactive|El Ryuk456 has 120 seconds left.\n|\n|t:|1700504553\n|switch|p1b: Audino|Audino, F|100\/100\n|turn|4\n|inactive|Jotijoti has 120 seconds left.\n|inactive|El Ryuk456 has 120 seconds left.\n|\n|t:|1700504577\n|move|p1b: Audino|Ally Switch|p1b: Audino\n|swap|p1b: Audino|0|[from] move: Ally Switch\n|move|p2b: Dugtrio|Iron Head|p1a: Audino\n|-crit|p1a: Audino\n|-damage|p1a: Audino|67\/100\n|-damage|p2b: Dugtrio|75\/100 brn|[from] item: Life Orb\n|move|p1b: Zorua|Bitter Malice|p2a: Eiscue\n|-damage|p2a: Eiscue|0 fnt\n|faint|p2a: Eiscue\n|\n|-weather|Sandstorm|[upkeep]\n|-damage|p1b: Zorua|33\/100|[from] Sandstorm\n|-damage|p1a: Audino|61\/100|[from] Sandstorm\n|-damage|p2b: Dugtrio|68\/100 brn|[from] brn\n|upkeep\n|\n|t:|1700504603\n|switch|p2a: Lycanroc|Lycanroc, F|100\/100\n|turn|5\n|\n|t:|1700504614\n|move|p2a: Lycanroc|Crunch|p1b: Zorua\n|-supereffective|p1b: Zorua\n|-damage|p1b: Zorua|0 fnt\n|faint|p1b: Zorua\n|move|p2b: Dugtrio|Iron Head|p1a: Audino\n|-damage|p1a: Audino|36\/100\n|-damage|p2b: Dugtrio|59\/100 brn|[from] item: Life Orb\n|move|p1a: Audino|Wish|p1a: Audino\n|\n|-weather|Sandstorm|[upkeep]\n|-damage|p1a: Audino|30\/100|[from] Sandstorm\n|-damage|p2b: Dugtrio|52\/100 brn|[from] brn\n|upkeep\n|\n|t:|1700504628\n|switch|p1b: Gholdengo|Gholdengo|100\/100\n|turn|6\n|inactive|Jotijoti has 120 seconds left.\n|\n|t:|1700504652\n|move|p1a: Audino|Ally Switch|p1a: Audino\n|swap|p1a: Audino|1|[from] move: Ally Switch\n|move|p2a: Lycanroc|Crunch|p1b: Audino\n|-damage|p1b: Audino|6\/100\n|-unboost|p1b: Audino|def|1\n|move|p2b: Dugtrio|Iron Head|p1a: Gholdengo\n|-resisted|p1a: Gholdengo\n|-damage|p1a: Gholdengo|88\/100\n|-damage|p2b: Dugtrio|42\/100 brn|[from] item: Life Orb\n|cant|p1a: Gholdengo|flinch\n|\n|-weather|Sandstorm|[upkeep]\n|-damage|p1b: Audino|0 fnt|[from] Sandstorm\n|faint|p1b: Audino\n|-heal|p1a: Gholdengo|100\/100|[from] move: Wish|[wisher] Audino\n|-damage|p2b: Dugtrio|36\/100 brn|[from] brn\n|upkeep\n|\n|t:|1700504663\n|switch|p1b: Mimikyu|Mimikyu, F|100\/100\n|turn|7\n|\n|t:|1700504677\n|move|p1a: Gholdengo|Protect|p1a: Gholdengo\n|-singleturn|p1a: Gholdengo|Protect\n|move|p2a: Lycanroc|Accelerock|p1b: Mimikyu\n|-activate|p1b: Mimikyu|ability: Disguise\n|-damage|p1b: Mimikyu|100\/100\n|detailschange|p1b: Mimikyu|Mimikyu-Busted, F\n|-damage|p1b: Mimikyu|88\/100|[from] pokemon: Mimikyu-Busted\n|move|p2b: Dugtrio|Iron Head|p1b: Mimikyu\n|-supereffective|p1b: Mimikyu\n|-damage|p1b: Mimikyu|4\/100\n|-damage|p2b: Dugtrio|26\/100 brn|[from] item: Life Orb\n|cant|p1b: Mimikyu|flinch\n|\n|-weather|Sandstorm|[upkeep]\n|-damage|p1b: Mimikyu|0 fnt|[from] Sandstorm\n|faint|p1b: Mimikyu\n|-damage|p2b: Dugtrio|20\/100 brn|[from] brn\n|upkeep\n|\n|t:|1700504690\n|switch|p1b: Moltres|Moltres-Galar|100\/100\n|turn|8\n|\n|t:|1700504699\n|move|p1b: Moltres|Protect|p1b: Moltres\n|-singleturn|p1b: Moltres|Protect\n|move|p2a: Lycanroc|Rock Slide|p1b: Moltres|[spread] p1a\n|-activate|p1b: Moltres|move: Protect\n|-resisted|p1a: Gholdengo\n|-damage|p1a: Gholdengo|88\/100\n|move|p2b: Dugtrio|Dig||[still]\n|-prepare|p2b: Dugtrio|Dig\n|move|p1a: Gholdengo|Make It Rain|p2a: Lycanroc|[spread] p2a\n|-miss|p1a: Gholdengo|p2b: Dugtrio\n|-supereffective|p2a: Lycanroc\n|-damage|p2a: Lycanroc|24\/100\n|-unboost|p1a: Gholdengo|spa|1\n|\n|-weather|none\n|-heal|p1a: Gholdengo|94\/100|[from] item: Leftovers\n|-damage|p2b: Dugtrio|14\/100 brn|[from] brn\n|upkeep\n|turn|9\n|\n|t:|1700504718\n|move|p1a: Gholdengo|Protect|p1a: Gholdengo\n|-singleturn|p1a: Gholdengo|Protect\n|move|p2a: Lycanroc|Accelerock|p1b: Moltres\n|-supereffective|p1b: Moltres\n|-damage|p1b: Moltres|57\/100\n|move|p2b: Dugtrio|Dig|p1a: Gholdengo|[from]lockedmove\n|-activate|p1a: Gholdengo|move: Protect\n|move|p1b: Moltres|Fiery Wrath|p2b: Dugtrio|[spread] p2a,p2b\n|-damage|p2a: Lycanroc|0 fnt\n|-damage|p2b: Dugtrio|0 fnt\n|faint|p2a: Lycanroc\n|faint|p2b: Dugtrio\n|\n|-heal|p1a: Gholdengo|99\/100|[from] item: Leftovers\n|upkeep\n|\n|t:|1700504731\n|switch|p2b: Mamoswine|Mamoswine, F|100\/100\n|switch|p2a: Ninetales|Ninetales-Alola, F|100\/100\n|-weather|Snow|[from] ability: Snow Warning|[of] p2a: Ninetales\n|turn|10\n|inactive|Jotijoti has 120 seconds left.\n|\n|t:|1700504785\n|move|p2a: Ninetales|Weather Ball|p1b: Moltres\n|-supereffective|p1b: Moltres\n|-damage|p1b: Moltres|0 fnt\n|faint|p1b: Moltres\n|move|p1a: Gholdengo|Make It Rain|p2b: Mamoswine|[spread] p2a,p2b\n|-supereffective|p2a: Ninetales\n|-supereffective|p2b: Mamoswine\n|-damage|p2a: Ninetales|0 fnt\n|-damage|p2b: Mamoswine|40\/100\n|-unboost|p1a: Gholdengo|spa|1\n|faint|p2a: Ninetales\n|move|p2b: Mamoswine|Knock Off|p1a: Gholdengo\n|-supereffective|p1a: Gholdengo\n|-damage|p1a: Gholdengo|39\/100\n|-enditem|p1a: Gholdengo|Leftovers|[from] move: Knock Off|[of] p2b: Mamoswine\n|\n|-weather|Snow|[upkeep]\n|-heal|p2b: Mamoswine|46\/100|[from] item: Leftovers\n|upkeep\n|turn|11\n|inactive|Jotijoti has 120 seconds left.\n|\n|t:|1700504807\n|move|p1a: Gholdengo|Make It Rain|p2b: Mamoswine\n|-supereffective|p2b: Mamoswine\n|-damage|p2b: Mamoswine|0 fnt\n|-unboost|p1a: Gholdengo|spa|1\n|faint|p2b: Mamoswine\n|\n|win|El Ryuk456\n|raw|El Ryuk456's rating: 1439 &rarr; <strong>1446<\/strong><br \/>(+7 for winning)\n|raw|Jotijoti's rating: 1176 &rarr; <strong>1167<\/strong><br \/>(-9 for losing)\n|l|\u2606Jotijoti\n","uploadtime":1700505031,"views":9,"p1id":"elryuk456","p2id":"jotijoti","formatid":"gen9nationaldexdoubles","rating":1167,"private":0,"password":""}