{"id":"gen9nationaldexdoubles-1957896118","p1":"JP Guias","p2":"just tast","format":"[Gen 9] National Dex Doubles","log":"|j|\u2606JP Guias\n|j|\u2606just tast\n|t:|1696271292\n|gametype|doubles\n|player|p1|JP Guias|bianca|1368\n|player|p2|just tast|dragontamer|1204\n|teamsize|p1|6\n|teamsize|p2|6\n|gen|9\n|tier|[Gen 9] National Dex Doubles\n|rated|\n|rule|HP Percentage Mod: HP is shown in percentages\n|rule|Endless Battle Clause: Forcing endless battles is banned\n|rule|OHKO Clause: OHKO moves are banned\n|rule|Evasion Moves Clause: Evasion moves are banned\n|rule|Evasion Abilities Clause: Evasion abilities are banned\n|rule|Species Clause: Limit one of each Pok\u00e9mon\n|rule|Gravity Sleep Clause: The combination of sleep-inducing moves with imperfect accuracy and Gravity or Gigantamax Orbeetle are banned\n|clearpoke\n|poke|p1|Clefairy, F|\n|poke|p1|Torkoal, M|\n|poke|p1|Chi-Yu|\n|poke|p1|Flutter Mane|\n|poke|p1|Iron Hands|\n|poke|p1|Amoonguss, F|\n|poke|p2|Kommo-o, M|\n|poke|p2|Whimsicott, F|\n|poke|p2|Gholdengo|\n|poke|p2|Blaziken, M|\n|poke|p2|Amoonguss, F|\n|poke|p2|Indeedee-F, F|\n|teampreview\n|inactive|Battle timer is ON: inactive players will automatically lose when time's up. (requested by JP Guias)\n|c|\u2606JP Guias|Hello Again\n|c|\u2606JP Guias|GLHF\n|c|\u2606just tast|GLHF\n|inactive|just tast has 120 seconds left.\n|\n|t:|1696271327\n|start\n|switch|p1a: Ferro-Tanque|Iron Hands, shiny|100\/100\n|switch|p1b: Amoonguss|Amoonguss, F, shiny|100\/100\n|switch|p2a: Indeedee|Indeedee-F, F|100\/100\n|switch|p2b: Gholdengo|Gholdengo|100\/100\n|-fieldstart|move: Psychic Terrain|[from] ability: Psychic Surge|[of] p2a: Indeedee\n|turn|1\n|\n|t:|1696271344\n|move|p2b: Gholdengo|Make It Rain|p1a: Ferro-Tanque|[spread] p1a,p1b\n|-resisted|p1a: Ferro-Tanque\n|-damage|p1a: Ferro-Tanque|79\/100\n|-damage|p1b: Amoonguss|30\/100\n|-unboost|p2b: Gholdengo|spa|1\n|move|p2a: Indeedee|Psychic|p1b: Amoonguss\n|-supereffective|p1b: Amoonguss\n|-damage|p1b: Amoonguss|0 fnt\n|faint|p1b: Amoonguss\n|move|p1a: Ferro-Tanque|Heavy Slam|p2a: Indeedee\n|-damage|p2a: Indeedee|57\/100\n|\n|-heal|p2a: Indeedee|63\/100|[from] item: Leftovers\n|upkeep\n|\n|t:|1696271350\n|switch|p1b: Chi-Yu|Chi-Yu|100\/100\n|-ability|p1b: Chi-Yu|Beads of Ruin\n|turn|2\n|inactive|just tast has 120 seconds left.\n|\n|t:|1696271407\n|switch|p2b: Whimsicott|Whimsicott, F, shiny|100\/100\n|-end|p1a: Ferro-Tanque|Quark Drive|[silent]\n|switch|p1a: Torkoal|Torkoal, M|100\/100\n|-weather|SunnyDay|[from] ability: Drought|[of] p1a: Torkoal\n|-terastallize|p1b: Chi-Yu|Fire\n|move|p1b: Chi-Yu|Heat Wave|p2b: Whimsicott|[spread] p2a,p2b\n|-supereffective|p2b: Whimsicott\n|-damage|p2a: Indeedee|0 fnt\n|-enditem|p2b: Whimsicott|Focus Sash\n|-damage|p2b: Whimsicott|1\/100\n|faint|p2a: Indeedee\n|\n|-weather|SunnyDay|[upkeep]\n|upkeep\n|inactive|just tast has 90 seconds left.\n|\n|t:|1696271436\n|switch|p2a: Kommo-o|Kommo-o, M|100\/100\n|turn|3\n|inactive|just tast has 90 seconds left.\n|\n|t:|1696271465\n|move|p2a: Kommo-o|Protect|p2a: Kommo-o\n|-singleturn|p2a: Kommo-o|Protect\n|move|p2b: Whimsicott|Tailwind|p2b: Whimsicott\n|-sidestart|p2: just tast|move: Tailwind\n|move|p1b: Chi-Yu|Heat Wave|p2a: Kommo-o|[spread] p2b\n|-activate|p2a: Kommo-o|move: Protect\n|-supereffective|p2b: Whimsicott\n|-damage|p2b: Whimsicott|0 fnt\n|faint|p2b: Whimsicott\n|move|p1a: Torkoal|Yawn|p2a: Kommo-o\n|-activate|p2a: Kommo-o|move: Protect\n|\n|-weather|SunnyDay|[upkeep]\n|upkeep\n|\n|t:|1696271477\n|switch|p2b: Gholdengo|Gholdengo|100\/100\n|turn|4\n|\n|t:|1696271483\n|-terastallize|p2b: Gholdengo|Steel\n|-zpower|p2a: Kommo-o\n|move|p2a: Kommo-o|Clangorous Soulblaze|p1b: Chi-Yu|[zeffect]|[spread] p1a,p1b\n|-damage|p1a: Torkoal|27\/100\n|-damage|p1b: Chi-Yu|34\/100\n|-boost|p2a: Kommo-o|atk|1\n|-boost|p2a: Kommo-o|def|1\n|-boost|p2a: Kommo-o|spa|1\n|-boost|p2a: Kommo-o|spd|1\n|-boost|p2a: Kommo-o|spe|1\n|move|p2b: Gholdengo|Make It Rain|p1a: Torkoal|[spread] p1a,p1b\n|-resisted|p1a: Torkoal\n|-resisted|p1b: Chi-Yu\n|-damage|p1a: Torkoal|0 fnt\n|-damage|p1b: Chi-Yu|0 fnt\n|-unboost|p2b: Gholdengo|spa|1\n|faint|p1a: Torkoal\n|faint|p1b: Chi-Yu\n|\n|-weather|SunnyDay|[upkeep]\n|upkeep\n|\n|t:|1696271501\n|switch|p1b: Clefairy|Clefairy, F|100\/100\n|switch|p1a: Ferro-Tanque|Iron Hands, shiny|79\/100\n|turn|5\n|inactive|just tast has 120 seconds left.\n|\n|t:|1696271523\n|move|p1a: Ferro-Tanque|Fake Out|p2a: Kommo-o\n|-activate|p2a: Kommo-o|move: Psychic Terrain\n|move|p2a: Kommo-o|Iron Head|p1b: Clefairy\n|-supereffective|p1b: Clefairy\n|-damage|p1b: Clefairy|19\/100\n|move|p2b: Gholdengo|Make It Rain|p1b: Clefairy|[spread] p1a,p1b\n|-resisted|p1a: Ferro-Tanque\n|-supereffective|p1b: Clefairy\n|-damage|p1a: Ferro-Tanque|66\/100\n|-damage|p1b: Clefairy|0 fnt\n|-unboost|p2b: Gholdengo|spa|1\n|faint|p1b: Clefairy\n|\n|-weather|SunnyDay|[upkeep]\n|-fieldend|move: Psychic Terrain\n|upkeep\n|\n|t:|1696271525\n|switch|p1b: Flutter Mane|Flutter Mane|100\/100\n|-activate|p1b: Flutter Mane|ability: Protosynthesis\n|-start|p1b: Flutter Mane|protosynthesisspe\n|turn|6\n|\n|t:|1696271541\n|move|p2a: Kommo-o|Iron Head|p1b: Flutter Mane\n|-supereffective|p1b: Flutter Mane\n|-damage|p1b: Flutter Mane|0 fnt\n|faint|p1b: Flutter Mane\n|-end|p1b: Flutter Mane|Protosynthesis|[silent]\n|move|p2b: Gholdengo|Make It Rain|p1a: Ferro-Tanque\n|-resisted|p1a: Ferro-Tanque\n|-damage|p1a: Ferro-Tanque|49\/100\n|-unboost|p2b: Gholdengo|spa|1\n|move|p1a: Ferro-Tanque|Drain Punch|p2b: Gholdengo\n|-supereffective|p2b: Gholdengo\n|-damage|p2b: Gholdengo|31\/100\n|-heal|p1a: Ferro-Tanque|76\/100|[from] drain|[of] p2b: Gholdengo\n|\n|-weather|SunnyDay|[upkeep]\n|-sideend|p2: just tast|move: Tailwind\n|upkeep\n|turn|7\n|-message|JP Guias forfeited.\n|\n|win|just tast\n|raw|JP Guias's rating: 1368 &rarr; <strong>1339<\/strong><br \/>(-29 for losing)\n|raw|just tast's rating: 1204 &rarr; <strong>1240<\/strong><br \/>(+36 for winning)\n|l|\u2606JP Guias\n","uploadtime":1696271563,"views":13,"p1id":"jpguias","p2id":"justtast","formatid":"gen9nationaldexdoubles","rating":1240,"private":0,"password":""}