{"id":"gen9nationaldexdoubles-1995113295","p1":"bigdwg123","p2":"Sharpiepen","format":"[Gen 9] National Dex Doubles","log":"|j|\u2606bigdwg123\n|j|\u2606Sharpiepen\n|t:|1700524011\n|gametype|doubles\n|player|p1|bigdwg123|unknown|1223\n|player|p2|Sharpiepen|1|1131\n|teamsize|p1|6\n|teamsize|p2|6\n|gen|9\n|tier|[Gen 9] National Dex Doubles\n|rated|\n|rule|HP Percentage Mod: HP is shown in percentages\n|rule|Endless Battle Clause: Forcing endless battles is banned\n|rule|OHKO Clause: OHKO moves are banned\n|rule|Evasion Moves Clause: Evasion moves are banned\n|rule|Evasion Abilities Clause: Evasion abilities are banned\n|rule|Species Clause: Limit one of each Pok\u00e9mon\n|rule|Gravity Sleep Clause: The combination of sleep-inducing moves with imperfect accuracy and Gravity or Gigantamax Orbeetle are banned\n|clearpoke\n|poke|p1|Blacephalon|\n|poke|p1|Tornadus, M|\n|poke|p1|Comfey, M|\n|poke|p1|Indeedee-F, F|\n|poke|p1|Charizard, M|\n|poke|p1|Gastrodon, F|\n|poke|p2|Hippowdon, F|\n|poke|p2|Diancie|\n|poke|p2|Corviknight, M|\n|poke|p2|Tyranitar, M|\n|poke|p2|Camerupt, F|\n|poke|p2|Landorus, M|\n|teampreview\n|inactive|Battle timer is ON: inactive players will automatically lose when time's up. (requested by bigdwg123)\n|\n|t:|1700524020\n|start\n|switch|p1a: Charizard|Charizard, M|100\/100\n|switch|p1b: Tornadus|Tornadus, M|100\/100\n|switch|p2a: Tyranitar|Tyranitar, M|100\/100\n|switch|p2b: Diancie|Diancie|100\/100\n|-weather|Sandstorm|[from] ability: Sand Stream|[of] p2a: Tyranitar\n|turn|1\n|\n|t:|1700524041\n|switch|p1a: Gastrodon|Gastrodon, F|100\/100\n|detailschange|p2a: Tyranitar|Tyranitar-Mega, M\n|-mega|p2a: Tyranitar|Tyranitar|Tyranitarite\n|move|p1b: Tornadus|Tailwind|p1b: Tornadus\n|-sidestart|p1: bigdwg123|move: Tailwind\n|move|p2a: Tyranitar|Thunder Punch|p1a: Gastrodon\n|-immune|p1a: Gastrodon\n|move|p2b: Diancie|Trick Room|p2b: Diancie\n|-fieldstart|move: Trick Room|[of] p2b: Diancie\n|\n|-weather|Sandstorm|[upkeep]\n|-damage|p1b: Tornadus|94\/100|[from] Sandstorm\n|upkeep\n|turn|2\n|\n|t:|1700524056\n|move|p2b: Diancie|Helping Hand|p2a: Tyranitar\n|-singleturn|p2a: Tyranitar|Helping Hand|[of] p2b: Diancie\n|move|p1b: Tornadus|Taunt|p2b: Diancie\n|-start|p2b: Diancie|move: Taunt\n|move|p2a: Tyranitar|Thunder Punch|p1b: Tornadus\n|-supereffective|p1b: Tornadus\n|-damage|p1b: Tornadus|0 fnt\n|faint|p1b: Tornadus\n|move|p1a: Gastrodon|Toxic|p2a: Tyranitar|[miss]\n|-miss|p1a: Gastrodon|p2a: Tyranitar\n|\n|-weather|Sandstorm|[upkeep]\n|upkeep\n|\n|t:|1700524081\n|switch|p1b: Blacephalon|Blacephalon|100\/100\n|turn|3\n|\n|t:|1700524090\n|move|p1b: Blacephalon|Protect|p1b: Blacephalon\n|-singleturn|p1b: Blacephalon|Protect\n|move|p2b: Diancie|Dazzling Gleam|p1a: Gastrodon|[spread] p1a\n|-activate|p1b: Blacephalon|move: Protect\n|-damage|p1a: Gastrodon|77\/100\n|move|p2a: Tyranitar|Crunch|p1b: Blacephalon\n|-activate|p1b: Blacephalon|move: Protect\n|move|p1a: Gastrodon|Scald|p2a: Tyranitar\n|-supereffective|p2a: Tyranitar\n|-damage|p2a: Tyranitar|71\/100\n|\n|-weather|Sandstorm|[upkeep]\n|-damage|p1b: Blacephalon|94\/100|[from] Sandstorm\n|-heal|p1a: Gastrodon|83\/100|[from] item: Leftovers\n|upkeep\n|turn|4\n|\n|t:|1700524101\n|switch|p1b: Comfey|Comfey, M|100\/100\n|move|p2b: Diancie|Dazzling Gleam|p1a: Gastrodon|[spread] p1a,p1b\n|-damage|p1a: Gastrodon|57\/100\n|-damage|p1b: Comfey|74\/100\n|move|p2a: Tyranitar|Crunch|p1b: Comfey\n|-resisted|p1b: Comfey\n|-damage|p1b: Comfey|38\/100\n|move|p1a: Gastrodon|Scald|p2a: Tyranitar\n|-supereffective|p2a: Tyranitar\n|-damage|p2a: Tyranitar|42\/100\n|\n|-weather|Sandstorm|[upkeep]\n|-damage|p1b: Comfey|32\/100|[from] Sandstorm\n|-heal|p1a: Gastrodon|63\/100|[from] item: Leftovers\n|-sideend|p1: bigdwg123|move: Tailwind\n|upkeep\n|turn|5\n|inactive|bigdwg123 has 120 seconds left.\n|\n|t:|1700524143\n|switch|p2b: Corviknight|Corviknight, M|100\/100\n|switch|p1b: Indeedee|Indeedee-F, F|100\/100\n|-fieldstart|move: Psychic Terrain|[from] ability: Psychic Surge|[of] p1b: Indeedee\n|move|p1a: Gastrodon|Scald|p2a: Tyranitar\n|-supereffective|p2a: Tyranitar\n|-damage|p2a: Tyranitar|12\/100\n|move|p2a: Tyranitar|Crunch|p1a: Gastrodon\n|-damage|p1a: Gastrodon|24\/100\n|\n|-weather|none\n|-heal|p1a: Gastrodon|30\/100|[from] item: Leftovers\n|-fieldend|move: Trick Room\n|upkeep\n|turn|6\n|inactive|bigdwg123 has 120 seconds left.\n|\n|t:|1700524166\n|switch|p2a: Diancie|Diancie|100\/100\n|move|p1b: Indeedee|Dazzling Gleam|p2b: Corviknight|[spread] p2a,p2b\n|-resisted|p2b: Corviknight\n|-damage|p2a: Diancie|80\/100\n|-damage|p2b: Corviknight|92\/100\n|move|p2b: Corviknight|Bulk Up|p2b: Corviknight\n|-boost|p2b: Corviknight|atk|1\n|-boost|p2b: Corviknight|def|1\n|move|p1a: Gastrodon|Scald|p2b: Corviknight\n|-damage|p2b: Corviknight|67\/100\n|-status|p2b: Corviknight|brn\n|\n|-heal|p2b: Corviknight|73\/100 brn|[from] item: Leftovers\n|-heal|p1a: Gastrodon|36\/100|[from] item: Leftovers\n|-damage|p2b: Corviknight|67\/100 brn|[from] brn\n|upkeep\n|turn|7\n|\n|t:|1700524186\n|move|p2b: Corviknight|Brave Bird|p1a: Gastrodon\n|-damage|p1a: Gastrodon|7\/100\n|-damage|p2b: Corviknight|55\/100 brn|[from] Recoil\n|move|p1a: Gastrodon|Scald|p2a: Diancie\n|-supereffective|p2a: Diancie\n|-damage|p2a: Diancie|30\/100\n|move|p1b: Indeedee|Trick Room|p1b: Indeedee\n|-fieldstart|move: Trick Room|[of] p1b: Indeedee\n|move|p2a: Diancie|Trick Room|p2a: Diancie\n|-fieldend|move: Trick Room\n|\n|-heal|p2b: Corviknight|61\/100 brn|[from] item: Leftovers\n|-heal|p1a: Gastrodon|13\/100|[from] item: Leftovers\n|-damage|p2b: Corviknight|55\/100 brn|[from] brn\n|upkeep\n|turn|8\n|\n|t:|1700524210\n|switch|p2a: Landorus|Landorus, M|100\/100\n|move|p1b: Indeedee|Expanding Force|p2a: Landorus|[spread] p2a,p2b\n|-resisted|p2b: Corviknight\n|-damage|p2a: Landorus|49\/100\n|-damage|p2b: Corviknight|30\/100 brn\n|move|p2b: Corviknight|Brave Bird|p1a: Gastrodon\n|-damage|p1a: Gastrodon|0 fnt\n|faint|p1a: Gastrodon\n|-damage|p2b: Corviknight|24\/100 brn|[from] Recoil\n|\n|-heal|p2b: Corviknight|30\/100 brn|[from] item: Leftovers\n|-damage|p2b: Corviknight|24\/100 brn|[from] brn\n|upkeep\n|\n|t:|1700524225\n|switch|p1a: Blacephalon|Blacephalon|94\/100\n|turn|9\n|\n|t:|1700524235\n|switch|p2b: Hippowdon|Hippowdon, F|100\/100\n|-weather|Sandstorm|[from] ability: Sand Stream|[of] p2b: Hippowdon\n|move|p1b: Indeedee|Follow Me|p1b: Indeedee\n|-singleturn|p1b: Indeedee|move: Follow Me\n|move|p1a: Blacephalon|Mind Blown|p2a: Landorus|[spread] p1b,p2a,p2b\n|-damage|p1b: Indeedee|16\/100\n|-damage|p2a: Landorus|0 fnt\n|-damage|p2b: Hippowdon|0 fnt\n|-damage|p1a: Blacephalon|44\/100|[from] mindblown\n|faint|p2a: Landorus\n|faint|p2b: Hippowdon\n|-ability|p1a: Blacephalon|Beast Boost|boost\n|-boost|p1a: Blacephalon|spa|2\n|-enditem|p1b: Indeedee|Eject Button\n|-damage|p1a: Blacephalon|35\/100|[from] item: Life Orb\n|\n|t:|1700524251\n|switch|p1b: Comfey|Comfey, M|32\/100\n|\n|-weather|Sandstorm|[upkeep]\n|-damage|p1a: Blacephalon|28\/100|[from] Sandstorm\n|-damage|p1b: Comfey|26\/100|[from] Sandstorm\n|-fieldend|move: Psychic Terrain\n|upkeep\n|\n|t:|1700524263\n|switch|p2a: Camerupt|Camerupt, F|100\/100\n|switch|p2b: Diancie|Diancie|30\/100\n|turn|10\n|\n|t:|1700524272\n|-terastallize|p1a: Blacephalon|Fire\n|move|p1b: Comfey|Floral Healing|p1a: Blacephalon\n|-heal|p1a: Blacephalon|79\/100\n|move|p1a: Blacephalon|Mind Blown|p2a: Camerupt|[spread] p1b,p2a,p2b\n|-resisted|p2a: Camerupt\n|-resisted|p2b: Diancie\n|-damage|p1b: Comfey|0 fnt\n|-damage|p2a: Camerupt|0 fnt\n|-damage|p2b: Diancie|0 fnt\n|-damage|p1a: Blacephalon|28\/100|[from] mindblown\n|faint|p1b: Comfey\n|faint|p2a: Camerupt\n|faint|p2b: Diancie\n|-ability|p1a: Blacephalon|Beast Boost|boost\n|-boost|p1a: Blacephalon|spa|3\n|-damage|p1a: Blacephalon|19\/100|[from] item: Life Orb\n|\n|-weather|Sandstorm|[upkeep]\n|-damage|p1a: Blacephalon|13\/100|[from] Sandstorm\n|upkeep\n|\n|t:|1700524282\n|switch|p1b: Charizard|Charizard, M|100\/100\n|switch|p2b: Tyranitar|Tyranitar-Mega, M|12\/100\n|switch|p2a: Corviknight|Corviknight, M|24\/100 brn\n|turn|11\n|\n|t:|1700524290\n|detailschange|p1b: Charizard|Charizard-Mega-Y, M\n|-mega|p1b: Charizard|Charizard|Charizardite Y\n|-weather|SunnyDay|[from] ability: Drought|[of] p1b: Charizard\n|move|p1a: Blacephalon|Mind Blown|p2b: Tyranitar|[spread] p1b,p2a,p2b\n|-resisted|p1b: Charizard\n|-supereffective|p2a: Corviknight\n|-resisted|p2b: Tyranitar\n|-damage|p1b: Charizard|0 fnt\n|-damage|p2a: Corviknight|0 fnt\n|-damage|p2b: Tyranitar|0 fnt\n|-damage|p1a: Blacephalon|0 fnt|[from] mindblown\n|faint|p1a: Blacephalon\n|faint|p1b: Charizard\n|faint|p2a: Corviknight\n|faint|p2b: Tyranitar\n|\n|win|bigdwg123\n|raw|bigdwg123's rating: 1223 &rarr; <strong>1242<\/strong><br \/>(+19 for winning)\n|raw|Sharpiepen's rating: 1131 &rarr; <strong>1112<\/strong><br \/>(-19 for losing)\n|l|\u2606Sharpiepen\n","uploadtime":1700524307,"views":6,"p1id":"bigdwg123","p2id":"sharpiepen","formatid":"gen9nationaldexdoubles","rating":1112,"private":0,"password":""}