{"id":"gen9nationaldexdoubles-1954243690","p1":"tyranitar1977","p2":"trainerredtheog_17","format":"[Gen 9] National Dex Doubles","log":"|j|\u2606tyranitar1977\n|j|\u2606trainerredtheog_17\n|t:|1695868837\n|gametype|doubles\n|player|p1|tyranitar1977|ingo|1166\n|player|p2|trainerredtheog_17|fisherman-gen4|1291\n|teamsize|p1|6\n|teamsize|p2|6\n|gen|9\n|tier|[Gen 9] National Dex Doubles\n|rated|\n|rule|HP Percentage Mod: HP is shown in percentages\n|rule|Endless Battle Clause: Forcing endless battles is banned\n|rule|OHKO Clause: OHKO moves are banned\n|rule|Evasion Moves Clause: Evasion moves are banned\n|rule|Evasion Abilities Clause: Evasion abilities are banned\n|rule|Species Clause: Limit one of each Pok\u00e9mon\n|rule|Gravity Sleep Clause: The combination of sleep-inducing moves with imperfect accuracy and Gravity or Gigantamax Orbeetle are banned\n|clearpoke\n|poke|p1|Enamorus, F|\n|poke|p1|Charizard, M|\n|poke|p1|Aerodactyl, F|\n|poke|p1|Thundurus, M|\n|poke|p1|Corviknight, M|\n|poke|p1|Zapdos-Galar|\n|poke|p2|Espeon, F|\n|poke|p2|Indeedee-F, F|\n|poke|p2|Ninetales, F|\n|poke|p2|Leafeon, F|\n|poke|p2|Umbreon, F|\n|poke|p2|Ursaluna-Bloodmoon, M|\n|teampreview\n|inactive|Battle timer is ON: inactive players will automatically lose when time's up. (requested by tyranitar1977)\n|c|\u2606tyranitar1977|hf!\n|c|\u2606tyranitar1977|!dt ursaluna bloodmoon\n|raw|<div class=\"message\"><ul class=\"utilichart\"><li class=\"result\"><span class=\"col numcol\">DOU<\/span> <span class=\"col iconcol\"><psicon pokemon=\"ursalunabloodmoon\"\/><\/span> <span class=\"col pokemonnamecol\" style=\"white-space:nowrap\"><a href=\"https:\/\/dex.pokemonshowdown.com\/pokemon\/ursalunabloodmoon\" target=\"_blank\">Ursaluna-Bloodmoon<\/a><\/span> <span class=\"col typecol\"><img src=\"https:\/\/play.pokemonshowdown.com\/sprites\/types\/Ground.png\" alt=\"Ground\" height=\"14\" width=\"32\"><img src=\"https:\/\/play.pokemonshowdown.com\/sprites\/types\/Normal.png\" alt=\"Normal\" height=\"14\" width=\"32\"><\/span> <span style=\"float:left;min-height:26px\"><span class=\"col abilitycol\">Mind's Eye<\/span><span class=\"col abilitycol\"><\/span><\/span><span style=\"float:left;min-height:26px\"><span class=\"col statcol\"><em>HP<\/em><br \/>113<\/span> <span class=\"col statcol\"><em>Atk<\/em><br \/>70<\/span> <span class=\"col statcol\"><em>Def<\/em><br \/>120<\/span> <span class=\"col statcol\"><em>SpA<\/em><br \/>135<\/span> <span class=\"col statcol\"><em>SpD<\/em><br \/>65<\/span> <span class=\"col statcol\"><em>Spe<\/em><br \/>52<\/span> <span class=\"col bstcol\"><em>BST<br \/>555<\/em><\/span> <\/span><\/li><li style=\"clear:both\"><\/li><\/ul><\/div>\n|raw|<font size=\"1\"><font color=\"#686868\">Dex#:<\/font> 901&nbsp;|&ThickSpace;<font color=\"#686868\">Gen:<\/font> 9&nbsp;|&ThickSpace;<font color=\"#686868\">Height:<\/font> 2.7 m&nbsp;|&ThickSpace;<font color=\"#686868\">Weight:<\/font> 333 kg <em>(120 BP)<\/em>&nbsp;|&ThickSpace;<font color=\"#686868\">Dex Colour:<\/font> Brown&nbsp;|&ThickSpace;<font color=\"#686868\">Egg Group(s):<\/font> Field&nbsp;|&ThickSpace;<font color=\"#686868\">Does Not Evolve<\/font><\/font>\n\n|\n|t:|1695868867\n|start\n|switch|p1a: Aerodactyl|Aerodactyl, F|100\/100\n|switch|p1b: Corviknight|Corviknight, M|100\/100\n|switch|p2a: Espeon|Espeon, F|100\/100\n|switch|p2b: Indeedee|Indeedee-F, F|100\/100\n|-ability|p1a: Aerodactyl|Pressure\n|-fieldstart|move: Psychic Terrain|[from] ability: Psychic Surge|[of] p2b: Indeedee\n|turn|1\n|\n|t:|1695868885\n|move|p1a: Aerodactyl|Sky Drop||[still]\n|-prepare|p1a: Aerodactyl|Sky Drop|p2b: Indeedee\n|move|p2a: Espeon|Expanding Force|p1b: Corviknight|[spread] p1b\n|-miss|p2a: Espeon|p1a: Aerodactyl\n|-resisted|p1b: Corviknight\n|-crit|p1b: Corviknight\n|-damage|p1b: Corviknight|65\/100\n|move|p1b: Corviknight|Light Screen|p1b: Corviknight\n|-sidestart|p1: tyranitar1977|move: Light Screen\n|\n|upkeep\n|turn|2\n|\n|t:|1695868901\n|move|p1a: Aerodactyl|Sky Drop|p2b: Indeedee|[from]lockedmove\n|-damage|p2b: Indeedee|74\/100\n|-end|p2b: Indeedee|Sky Drop\n|move|p2a: Espeon|Calm Mind|p2a: Espeon\n|-boost|p2a: Espeon|spa|1\n|-boost|p2a: Espeon|spd|1\n|move|p1b: Corviknight|Reflect|p1b: Corviknight\n|-sidestart|p1: tyranitar1977|Reflect\n|move|p2b: Indeedee|Trick Room|p2b: Indeedee\n|-fieldstart|move: Trick Room|[of] p2b: Indeedee\n|\n|upkeep\n|turn|3\n|\n|t:|1695868919\n|switch|p2b: Ninetales|Ninetales, F|100\/100\n|-weather|SunnyDay|[from] ability: Drought|[of] p2b: Ninetales\n|move|p1b: Corviknight|Brave Bird|p2b: Ninetales\n|-damage|p2b: Ninetales|47\/100\n|-damage|p1b: Corviknight|52\/100|[from] Recoil\n|move|p2a: Espeon|Expanding Force|p1a: Aerodactyl|[spread] p1a,p1b\n|-resisted|p1b: Corviknight\n|-damage|p1a: Aerodactyl|31\/100\n|-damage|p1b: Corviknight|27\/100\n|move|p1a: Aerodactyl|Sky Drop||[still]\n|-prepare|p1a: Aerodactyl|Sky Drop|p2a: Espeon\n|\n|-weather|SunnyDay|[upkeep]\n|upkeep\n|turn|4\n|\n|t:|1695868939\n|move|p1b: Corviknight|Brave Bird|p2b: Ninetales\n|-damage|p2b: Ninetales|0 fnt\n|faint|p2b: Ninetales\n|-damage|p1b: Corviknight|16\/100|[from] Recoil\n|move|p1a: Aerodactyl|Sky Drop|p2a: Espeon|[from]lockedmove\n|-damage|p2a: Espeon|62\/100\n|-end|p2a: Espeon|Sky Drop\n|\n|-weather|SunnyDay|[upkeep]\n|upkeep\n|\n|t:|1695868954\n|switch|p2b: Ursaluna|Ursaluna-Bloodmoon, M|100\/100\n|turn|5\n|\n|t:|1695868961\n|move|p2b: Ursaluna|Hyper Voice|p1a: Aerodactyl|[spread] p1a,p1b\n|-resisted|p1a: Aerodactyl\n|-resisted|p1b: Corviknight\n|-damage|p1a: Aerodactyl|16\/100\n|-damage|p1b: Corviknight|6\/100\n|move|p1b: Corviknight|Brave Bird|p2b: Ursaluna\n|-damage|p2b: Ursaluna|77\/100\n|-damage|p1b: Corviknight|0 fnt|[from] Recoil\n|faint|p1b: Corviknight\n|move|p2a: Espeon|Expanding Force|p1a: Aerodactyl\n|-damage|p1a: Aerodactyl|0 fnt\n|faint|p1a: Aerodactyl\n|\n|-weather|SunnyDay|[upkeep]\n|-fieldend|move: Psychic Terrain\n|upkeep\n|\n|t:|1695868967\n|switch|p1b: Zapdos|Zapdos-Galar|100\/100\n|switch|p1a: Charizard|Charizard, M|100\/100\n|turn|6\n|\n|t:|1695868989\n|detailschange|p1a: Charizard|Charizard-Mega-Y, M\n|-mega|p1a: Charizard|Charizard|Charizardite Y\n|move|p1a: Charizard|Protect|p1a: Charizard\n|-singleturn|p1a: Charizard|Protect\n|move|p2b: Ursaluna|Hyper Voice|p1b: Zapdos|[spread] p1b\n|-activate|p1a: Charizard|move: Protect\n|-damage|p1b: Zapdos|69\/100\n|move|p2a: Espeon|Expanding Force|p1b: Zapdos\n|-supereffective|p1b: Zapdos\n|-damage|p1b: Zapdos|0 fnt\n|faint|p1b: Zapdos\n|\n|-weather|SunnyDay|[upkeep]\n|-fieldend|move: Trick Room\n|upkeep\n|\n|t:|1695868992\n|switch|p1b: Enamorus|Enamorus, F|100\/100\n|turn|7\n|inactive|trainerredtheog_17 has 120 seconds left.\n|\n|t:|1695869033\n|switch|p2a: Indeedee|Indeedee-F, F|74\/100\n|-fieldstart|move: Psychic Terrain|[from] ability: Psychic Surge|[of] p2a: Indeedee\n|-terastallize|p1b: Enamorus|Fairy\n|move|p1b: Enamorus|Springtide Storm|p2a: Indeedee|[spread] p2a,p2b\n|-damage|p2a: Indeedee|2\/100\n|-damage|p2b: Ursaluna|20\/100\n|-unboost|p2a: Indeedee|atk|1\n|move|p1a: Charizard|Solar Beam||[still]\n|-prepare|p1a: Charizard|Solar Beam\n|-anim|p1a: Charizard|Solar Beam|p2b: Ursaluna\n|-supereffective|p2b: Ursaluna\n|-damage|p2b: Ursaluna|0 fnt\n|faint|p2b: Ursaluna\n|\n|-weather|none\n|upkeep\n|\n|t:|1695869053\n|switch|p2b: Espeon|Espeon, F|62\/100\n|turn|8\n|inactive|trainerredtheog_17 has 120 seconds left.\n|\n|t:|1695869067\n|move|p2b: Espeon|Expanding Force|p1b: Enamorus|[spread] p1a,p1b\n|-damage|p1a: Charizard|57\/100\n|-damage|p1b: Enamorus|41\/100\n|move|p1b: Enamorus|Springtide Storm|p2b: Espeon|[spread] p2a\n|-miss|p1b: Enamorus|p2b: Espeon\n|-damage|p2a: Indeedee|0 fnt\n|faint|p2a: Indeedee\n|move|p1a: Charizard|Heat Wave|p2b: Espeon\n|-damage|p2b: Espeon|0 fnt\n|faint|p2b: Espeon\n|\n|-sideend|p1: tyranitar1977|move: Light Screen\n|upkeep\n|\n|t:|1695869082\n|switch|p2b: Umbreon|Umbreon, F|100\/100\n|switch|p2a: Leafeon|Leafeon, F|100\/100\n|turn|9\n|inactive|trainerredtheog_17 has 120 seconds left.\n|\n|t:|1695869101\n|switch|p1b: Thundurus|Thundurus, M|100\/100\n|move|p1a: Charizard|Heat Wave|p2b: Umbreon|[spread] p2a,p2b\n|-supereffective|p2a: Leafeon\n|-damage|p2a: Leafeon|0 fnt\n|-damage|p2b: Umbreon|73\/100\n|faint|p2a: Leafeon\n|move|p2b: Umbreon|Calm Mind|p2b: Umbreon\n|-boost|p2b: Umbreon|spa|1\n|-boost|p2b: Umbreon|spd|1\n|\n|-heal|p2b: Umbreon|79\/100|[from] item: Leftovers\n|-sideend|p1: tyranitar1977|Reflect\n|upkeep\n|turn|10\n|\n|t:|1695869115\n|switch|p1a: Enamorus|Enamorus, F, tera:Fairy|41\/100\n|move|p1b: Thundurus|Eerie Impulse|p1a: Enamorus\n|-boost|p1a: Enamorus|spa|2\n|move|p2b: Umbreon|Calm Mind|p2b: Umbreon\n|-boost|p2b: Umbreon|spa|1\n|-boost|p2b: Umbreon|spd|1\n|\n|-heal|p2b: Umbreon|85\/100|[from] item: Leftovers\n|upkeep\n|turn|11\n|\n|t:|1695869128\n|move|p1b: Thundurus|Eerie Impulse|p1a: Enamorus\n|-boost|p1a: Enamorus|spa|2\n|move|p1a: Enamorus|Moonblast|p2b: Umbreon\n|-supereffective|p2b: Umbreon\n|-damage|p2b: Umbreon|0 fnt\n|faint|p2b: Umbreon\n|\n|win|tyranitar1977\n|raw|tyranitar1977's rating: 1166 &rarr; <strong>1200<\/strong><br \/>(+34 for winning)\n|raw|trainerredtheog_17's rating: 1291 &rarr; <strong>1257<\/strong><br \/>(-34 for losing)\n|c|\u2606tyranitar1977|gg\n|l|\u2606trainerredtheog_17\n","uploadtime":1695869138,"views":11,"p1id":"tyranitar1977","p2id":"trainerredtheog17","formatid":"gen9nationaldexdoubles","rating":1200,"private":0,"password":""}