{"id":"gen9nationaldexdoubles-1988609999","p1":"DazzlingBrilliance","p2":"OdeioSenha","format":"[Gen 9] National Dex Doubles","log":"|j|\u2606DazzlingBrilliance\n|j|\u2606OdeioSenha\n|t:|1699741647\n|gametype|doubles\n|player|p1|DazzlingBrilliance|striker|1040\n|player|p2|OdeioSenha|2|1000\n|teamsize|p1|6\n|teamsize|p2|6\n|gen|9\n|tier|[Gen 9] National Dex Doubles\n|rated|\n|rule|HP Percentage Mod: HP is shown in percentages\n|rule|Endless Battle Clause: Forcing endless battles is banned\n|rule|OHKO Clause: OHKO moves are banned\n|rule|Evasion Moves Clause: Evasion moves are banned\n|rule|Evasion Abilities Clause: Evasion abilities are banned\n|rule|Species Clause: Limit one of each Pok\u00e9mon\n|rule|Gravity Sleep Clause: The combination of sleep-inducing moves with imperfect accuracy and Gravity or Gigantamax Orbeetle are banned\n|clearpoke\n|poke|p1|Qwilfish, M|\n|poke|p1|Chandelure, M|\n|poke|p1|Altaria, M|\n|poke|p1|Jirachi|\n|poke|p1|Hitmontop, M|\n|poke|p1|Celebi|\n|poke|p2|Shuckle, M|\n|poke|p2|Indeedee-F, F|\n|poke|p2|Jirachi|\n|poke|p2|Clefable, M|\n|poke|p2|Raichu, F|\n|poke|p2|Electabuzz, M|\n|teampreview\n|\n|t:|1699741657\n|start\n|switch|p1a: Qweefish|Qwilfish, M, shiny|100\/100\n|switch|p1b: Jirachi|Jirachi, shiny|100\/100\n|switch|p2a: Testing|Shuckle, M|100\/100\n|switch|p2b: Indeedee|Indeedee-F, F|100\/100\n|-fieldstart|move: Psychic Terrain|[from] ability: Psychic Surge|[of] p2b: Indeedee\n|-ability|p1a: Qweefish|Intimidate|boost\n|-boost|p2a: Testing|atk|1\n|-unboost|p2b: Indeedee|atk|1\n|turn|1\n|\n|t:|1699741676\n|switch|p1a: Celebi|Celebi, shiny|100\/100\n|move|p1b: Jirachi|Cosmic Power|p1b: Jirachi\n|-boost|p1b: Jirachi|def|1\n|-boost|p1b: Jirachi|spd|1\n|move|p2a: Testing|Power Trick|p2a: Testing\n|-start|p2a: Testing|Power Trick\n|move|p2b: Indeedee|Trick Room|p2b: Indeedee\n|-fieldstart|move: Trick Room|[of] p2b: Indeedee\n|\n|upkeep\n|turn|2\n|j| Chunkle\n|\n|t:|1699741702\n|-terastallize|p2b: Indeedee|Flying\n|move|p2b: Indeedee|Helping Hand|p2a: Testing\n|-singleturn|p2a: Testing|Helping Hand|[of] p2b: Indeedee\n|move|p2a: Testing|Earthquake|p1a: Celebi|[spread] p1a,p1b\n|-immune|p2b: Indeedee\n|-resisted|p1a: Celebi\n|-supereffective|p1b: Jirachi\n|-damage|p1a: Celebi|49\/100\n|-damage|p1b: Jirachi|0 fnt\n|faint|p1b: Jirachi\n|cant|p1a: Celebi|flinch\n|\n|-heal|p1a: Celebi|56\/100|[from] item: Leftovers\n|upkeep\n|c| Chunkle|more like indeedeez nuts\n|c|\u2606OdeioSenha|yes flinch\n|\n|t:|1699741719\n|switch|p1b: Qweefish|Qwilfish, M, shiny|100\/100\n|-ability|p1b: Qweefish|Intimidate|boost\n|-boost|p2a: Testing|atk|1\n|-unboost|p2b: Indeedee|atk|1\n|turn|3\n|c|\u2606OdeioSenha|oh thanks\n|\n|t:|1699741754\n|switch|p1b: Altaria|Altaria, M, shiny|100\/100\n|-ability|p1b: Altaria|Cloud Nine\n|move|p2b: Indeedee|Helping Hand|p2a: Testing\n|-singleturn|p2a: Testing|Helping Hand|[of] p2b: Indeedee\n|move|p2a: Testing|Earthquake|p1a: Celebi|[spread] p1a\n|-immune|p2b: Indeedee\n|-immune|p1b: Altaria\n|-resisted|p1a: Celebi\n|-damage|p1a: Celebi|0 fnt\n|faint|p1a: Celebi\n|\n|upkeep\n|\n|t:|1699741772\n|switch|p1a: Chandelure|Chandelure, M, shiny|100\/100\n|turn|4\n|\n|t:|1699741785\n|move|p2b: Indeedee|Helping Hand|p2a: Testing\n|-singleturn|p2a: Testing|Helping Hand|[of] p2b: Indeedee\n|move|p2a: Testing|Rock Slide|p1b: Altaria|[spread] p1a,p1b\n|-supereffective|p1a: Chandelure\n|-supereffective|p1b: Altaria\n|-damage|p1a: Chandelure|0 fnt\n|-damage|p1b: Altaria|0 fnt\n|faint|p1a: Chandelure\n|faint|p1b: Altaria\n|\n|upkeep\n|c|\u2606OdeioSenha|huh\n|\n|t:|1699741796\n|switch|p1a: Hitmontop|Hitmontop, M, shiny|100\/100\n|switch|p1b: Qweefish|Qwilfish, M, shiny|100\/100\n|-ability|p1b: Qweefish|Intimidate|boost\n|-boost|p2a: Testing|atk|1\n|-unboost|p2b: Indeedee|atk|1\n|turn|5\n|inactive|Battle timer is ON: inactive players will automatically lose when time's up. (requested by OdeioSenha)\n|\n|t:|1699741827\n|move|p2b: Indeedee|Helping Hand|p2a: Testing\n|-singleturn|p2a: Testing|Helping Hand|[of] p2b: Indeedee\n|move|p2a: Testing|Earthquake|p1a: Hitmontop|[spread] p1a,p1b\n|-immune|p2b: Indeedee\n|-supereffective|p1b: Qweefish\n|-damage|p1a: Hitmontop|0 fnt\n|-damage|p1b: Qweefish|0 fnt\n|faint|p1a: Hitmontop\n|faint|p1b: Qweefish\n|\n|win|OdeioSenha\n|raw|DazzlingBrilliance's rating: 1040 &rarr; <strong>1022<\/strong><br \/>(-18 for losing)\n|raw|OdeioSenha's rating: 1000 &rarr; <strong>1045<\/strong><br \/>(+45 for winning)\n|c|\u2606OdeioSenha|gg\n|l|\u2606DazzlingBrilliance\n","uploadtime":1699741875,"views":7,"p1id":"dazzlingbrilliance","p2id":"odeiosenha","formatid":"gen9nationaldexdoubles","rating":1022,"private":0,"password":""}