{"id":"gen9nationaldexdoubles-1973711527","p1":"spixxx2","p2":"shortbeen","format":"[Gen 9] National Dex Doubles","log":"|j|\u2606spixxx2\n|j|\u2606shortbeen\n|t:|1698005808\n|gametype|doubles\n|player|p1|spixxx2|schoolkid-gen4|1000\n|player|p2|shortbeen|giovanni|1048\n|teamsize|p1|6\n|teamsize|p2|6\n|gen|9\n|tier|[Gen 9] National Dex Doubles\n|rated|\n|rule|HP Percentage Mod: HP is shown in percentages\n|rule|Endless Battle Clause: Forcing endless battles is banned\n|rule|OHKO Clause: OHKO moves are banned\n|rule|Evasion Moves Clause: Evasion moves are banned\n|rule|Evasion Abilities Clause: Evasion abilities are banned\n|rule|Species Clause: Limit one of each Pok\u00e9mon\n|rule|Gravity Sleep Clause: The combination of sleep-inducing moves with imperfect accuracy and Gravity or Gigantamax Orbeetle are banned\n|clearpoke\n|poke|p1|Gothitelle, F|\n|poke|p1|Altaria, M|\n|poke|p1|Hydreigon, F|\n|poke|p1|Indeedee-F, F|\n|poke|p1|Lucario, F|\n|poke|p1|Clawitzer, M|\n|poke|p2|Sylveon, F|\n|poke|p2|Blacephalon|\n|poke|p2|Porygon-Z|\n|poke|p2|Indeedee-F, F|\n|poke|p2|Amoonguss, F|\n|poke|p2|Goodra-Hisui, M|\n|teampreview\n|\n|t:|1698005816\n|start\n|switch|p1a: Gothitelle|Gothitelle, F|100\/100\n|switch|p1b: Lucario|Lucario, F|100\/100\n|switch|p2a: Sylveon|Sylveon, F|100\/100\n|switch|p2b: Porygon-Z|Porygon-Z|100\/100\n|turn|1\n|\n|t:|1698005831\n|move|p1b: Lucario|Follow Me|p1b: Lucario\n|-singleturn|p1b: Lucario|move: Follow Me\n|-zpower|p2b: Porygon-Z\n|move|p2b: Porygon-Z|Z-Conversion||[anim]Conversion|[still]\n|-boost|p2b: Porygon-Z|atk|1|[zeffect]\n|-boost|p2b: Porygon-Z|def|1|[zeffect]\n|-boost|p2b: Porygon-Z|spa|1|[zeffect]\n|-boost|p2b: Porygon-Z|spd|1|[zeffect]\n|-boost|p2b: Porygon-Z|spe|1|[zeffect]\n|-fail|p2b: Porygon-Z\n|move|p1a: Gothitelle|Cosmic Power|p1a: Gothitelle\n|-boost|p1a: Gothitelle|def|1\n|-boost|p1a: Gothitelle|spd|1\n|move|p2a: Sylveon|Psych Up|p1b: Lucario\n|-copyboost|p2a: Sylveon|p1b: Lucario|[from] move: Psych Up\n|\n|upkeep\n|turn|2\n|\n|t:|1698005849\n|move|p1b: Lucario|Follow Me|p1b: Lucario\n|-singleturn|p1b: Lucario|move: Follow Me\n|move|p2b: Porygon-Z|Nasty Plot|p2b: Porygon-Z\n|-boost|p2b: Porygon-Z|spa|2\n|move|p1a: Gothitelle|Cosmic Power|p1a: Gothitelle\n|-boost|p1a: Gothitelle|def|1\n|-boost|p1a: Gothitelle|spd|1\n|move|p2a: Sylveon|Psych Up|p1b: Lucario\n|-copyboost|p2a: Sylveon|p1b: Lucario|[from] move: Psych Up\n|\n|upkeep\n|turn|3\n|\n|t:|1698005866\n|move|p1b: Lucario|Follow Me|p1b: Lucario\n|-singleturn|p1b: Lucario|move: Follow Me\n|move|p2b: Porygon-Z|Tri Attack|p1b: Lucario\n|-resisted|p1b: Lucario\n|-damage|p1b: Lucario|15\/100\n|move|p1a: Gothitelle|Calm Mind|p1a: Gothitelle\n|-boost|p1a: Gothitelle|spa|1\n|-boost|p1a: Gothitelle|spd|1\n|move|p2a: Sylveon|Psych Up|p1b: Lucario\n|-copyboost|p2a: Sylveon|p1b: Lucario|[from] move: Psych Up\n|\n|upkeep\n|turn|4\n|\n|t:|1698005885\n|move|p1b: Lucario|Follow Me|p1b: Lucario\n|-singleturn|p1b: Lucario|move: Follow Me\n|move|p2b: Porygon-Z|Tri Attack|p1b: Lucario\n|-resisted|p1b: Lucario\n|-damage|p1b: Lucario|0 fnt\n|faint|p1b: Lucario\n|move|p1a: Gothitelle|Cosmic Power|p1a: Gothitelle\n|-boost|p1a: Gothitelle|def|1\n|-boost|p1a: Gothitelle|spd|1\n|move|p2a: Sylveon|Psych Up|p2b: Porygon-Z\n|-copyboost|p2a: Sylveon|p2b: Porygon-Z|[from] move: Psych Up\n|\n|upkeep\n|\n|t:|1698005895\n|switch|p1b: Indeedee|Indeedee-F, F|100\/100\n|-fieldstart|move: Psychic Terrain|[from] ability: Psychic Surge|[of] p1b: Indeedee\n|turn|5\n|\n|t:|1698005904\n|move|p1b: Indeedee|Follow Me|p1b: Indeedee\n|-singleturn|p1b: Indeedee|move: Follow Me\n|move|p2b: Porygon-Z|Shadow Ball|p1b: Indeedee\n|-immune|p1b: Indeedee\n|move|p2a: Sylveon|Hyper Voice|p1b: Indeedee|[spread] p1a,p1b\n|-damage|p1a: Gothitelle|79\/100\n|-damage|p1b: Indeedee|24\/100\n|-enditem|p2a: Sylveon|Throat Spray\n|-boost|p2a: Sylveon|spa|1|[from] item: Throat Spray\n|move|p1a: Gothitelle|Calm Mind|p1a: Gothitelle\n|-boost|p1a: Gothitelle|spa|1\n|-boost|p1a: Gothitelle|spd|1\n|\n|upkeep\n|turn|6\n|\n|t:|1698005931\n|move|p1b: Indeedee|Follow Me|p1b: Indeedee\n|-singleturn|p1b: Indeedee|move: Follow Me\n|move|p2b: Porygon-Z|Tri Attack|p1b: Indeedee\n|-damage|p1b: Indeedee|0 fnt\n|faint|p1b: Indeedee\n|move|p2a: Sylveon|Hyper Voice|p1a: Gothitelle\n|-damage|p1a: Gothitelle|46\/100\n|move|p1a: Gothitelle|Calm Mind|p1a: Gothitelle\n|-boost|p1a: Gothitelle|spa|1\n|-boost|p1a: Gothitelle|spd|1\n|\n|upkeep\n|\n|t:|1698005947\n|switch|p1b: Altaria|Altaria, M|100\/100\n|turn|7\n|\n|t:|1698005964\n|move|p2b: Porygon-Z|Shadow Ball|p1a: Gothitelle\n|-supereffective|p1a: Gothitelle\n|-damage|p1a: Gothitelle|15\/100\n|move|p1b: Altaria|Psych Up|p1a: Gothitelle\n|-copyboost|p1b: Altaria|p1a: Gothitelle|[from] move: Psych Up\n|move|p2a: Sylveon|Hyper Voice|p1a: Gothitelle|[spread] p1a,p1b\n|-supereffective|p1b: Altaria\n|-crit|p1b: Altaria\n|-damage|p1a: Gothitelle|0 fnt\n|-enditem|p1b: Altaria|Focus Sash\n|-damage|p1b: Altaria|1\/100\n|faint|p1a: Gothitelle\n|\n|upkeep\n|\n|t:|1698005980\n|switch|p1a: Hydreigon|Hydreigon, F|100\/100\n|turn|8\n|\n|t:|1698005992\n|-terastallize|p1a: Hydreigon|Steel\n|move|p2b: Porygon-Z|Tri Attack|p1a: Hydreigon\n|-resisted|p1a: Hydreigon\n|-damage|p1a: Hydreigon|28\/100\n|move|p1a: Hydreigon|Psych Up|p1b: Altaria\n|-copyboost|p1a: Hydreigon|p1b: Altaria|[from] move: Psych Up\n|move|p1b: Altaria|Heat Wave|p2a: Sylveon|[spread] p2a,p2b\n|-damage|p2a: Sylveon|86\/100\n|-damage|p2b: Porygon-Z|65\/100\n|move|p2a: Sylveon|Hyper Voice|p1a: Hydreigon|[spread] p1a,p1b\n|-resisted|p1a: Hydreigon\n|-crit|p1a: Hydreigon\n|-supereffective|p1b: Altaria\n|-damage|p1a: Hydreigon|0 fnt\n|-damage|p1b: Altaria|0 fnt\n|faint|p1a: Hydreigon\n|faint|p1b: Altaria\n|\n|upkeep\n|-message|spixxx2 forfeited.\n|\n|win|shortbeen\n|raw|spixxx2's rating: 1000 &rarr; <strong>1000<\/strong><br \/>(+0 for losing)\n|raw|shortbeen's rating: 1048 &rarr; <strong>1076<\/strong><br \/>(+28 for winning)\n|l|\u2606spixxx2\n","uploadtime":1698006023,"views":8,"p1id":"spixxx2","p2id":"shortbeen","formatid":"gen9nationaldexdoubles","rating":1000,"private":0,"password":""}