{"id":"gen9nationaldexdoubles-1950851081","p1":"milesforhire","p2":"NyaCatUwUr","format":"[Gen 9] National Dex Doubles","log":"|j|\u2606milesforhire\n|j|\u2606NyaCatUwUr\n|t:|1695512351\n|gametype|doubles\n|player|p1|milesforhire|rosa-masters2|1079\n|player|p2|NyaCatUwUr|iris-gen5bw2|1068\n|teamsize|p1|6\n|teamsize|p2|6\n|gen|9\n|tier|[Gen 9] National Dex Doubles\n|rated|\n|rule|HP Percentage Mod: HP is shown in percentages\n|rule|Endless Battle Clause: Forcing endless battles is banned\n|rule|OHKO Clause: OHKO moves are banned\n|rule|Evasion Moves Clause: Evasion moves are banned\n|rule|Evasion Abilities Clause: Evasion abilities are banned\n|rule|Species Clause: Limit one of each Pok\u00e9mon\n|rule|Gravity Sleep Clause: The combination of sleep-inducing moves with imperfect accuracy and Gravity or Gigantamax Orbeetle are banned\n|clearpoke\n|poke|p1|Abomasnow, M|\n|poke|p1|Froslass, F|\n|poke|p1|Bronzong|\n|poke|p1|Glaceon, F|\n|poke|p1|Hariyama, F|\n|poke|p1|Alomomola, M|\n|poke|p2|Weezing-Galar, F|\n|poke|p2|Indeedee-F, F|\n|poke|p2|Sneasler, F|\n|poke|p2|Armarouge, M|\n|poke|p2|Great Tusk|\n|poke|p2|Amoonguss, F|\n|teampreview\n|inactive|Battle timer is ON: inactive players will automatically lose when time's up. (requested by NyaCatUwUr)\n|\n|t:|1695512357\n|start\n|switch|p1a: Froslass|Froslass, F|100\/100\n|switch|p1b: Hariyama|Hariyama, F|100\/100\n|switch|p2a: Fangs|Great Tusk|100\/100\n|switch|p2b: Amoonguss|Amoonguss, F, shiny|100\/100\n|-enditem|p2a: Fangs|Booster Energy\n|-activate|p2a: Fangs|ability: Protosynthesis|[fromitem]\n|-start|p2a: Fangs|protosynthesisatk\n|turn|1\n|\n|t:|1695512375\n|move|p1b: Hariyama|Fake Out|p2b: Amoonguss\n|-damage|p2b: Amoonguss|84\/100\n|cant|p2b: Amoonguss|flinch\n|move|p1a: Froslass|Spikes|p2a: Fangs\n|-sidestart|p2: NyaCatUwUr|Spikes\n|move|p2a: Fangs|Headlong Rush|p1a: Froslass\n|-enditem|p1a: Froslass|Focus Sash\n|-damage|p1a: Froslass|1\/100\n|-unboost|p2a: Fangs|def|1\n|-unboost|p2a: Fangs|spd|1\n|-start|p2a: Fangs|Disable|Headlong Rush|[from] ability: Cursed Body|[of] p1a: Froslass\n|\n|upkeep\n|turn|2\n|\n|t:|1695512404\n|move|p2b: Amoonguss|Rage Powder|p2b: Amoonguss\n|-singleturn|p2b: Amoonguss|move: Rage Powder\n|move|p1b: Hariyama|Bullet Punch|p2b: Amoonguss\n|-damage|p2b: Amoonguss|69\/100\n|move|p1a: Froslass|Spikes|p2a: Fangs\n|-sidestart|p2: NyaCatUwUr|Spikes\n|move|p2a: Fangs|Ice Spinner|p1b: Hariyama\n|-damage|p1b: Hariyama|78\/100\n|\n|upkeep\n|turn|3\n|\n|t:|1695512417\n|move|p1b: Hariyama|Bullet Punch|p2a: Fangs\n|-damage|p2a: Fangs|84\/100\n|move|p1a: Froslass|Spikes|p2b: Amoonguss\n|-sidestart|p2: NyaCatUwUr|Spikes\n|move|p2a: Fangs|Ice Spinner|p1a: Froslass\n|-resisted|p1a: Froslass\n|-damage|p1a: Froslass|0 fnt\n|faint|p1a: Froslass\n|move|p2b: Amoonguss|Spore|p1b: Hariyama\n|-status|p1b: Hariyama|slp|[from] move: Spore\n|\n|upkeep\n|\n|t:|1695512434\n|switch|p1a: Alomomola|Alomomola, M|100\/100\n|turn|4\n|\n|t:|1695512456\n|move|p2b: Amoonguss|Rage Powder|p2b: Amoonguss\n|-singleturn|p2b: Amoonguss|move: Rage Powder\n|cant|p1b: Hariyama|slp\n|move|p2a: Fangs|Close Combat|p1a: Alomomola\n|-damage|p1a: Alomomola|56\/100\n|-unboost|p2a: Fangs|def|1\n|-unboost|p2a: Fangs|spd|1\n|-damage|p2a: Fangs|68\/100|[from] item: Rocky Helmet|[of] p1a: Alomomola\n|move|p1a: Alomomola|Toxic|p2b: Amoonguss\n|-immune|p2b: Amoonguss\n|\n|-end|p2a: Fangs|Disable\n|upkeep\n|turn|5\n|\n|t:|1695512476\n|move|p1a: Alomomola|Protect|p1a: Alomomola\n|-singleturn|p1a: Alomomola|Protect\n|-curestatus|p1b: Hariyama|slp|[msg]\n|move|p1b: Hariyama|Bullet Punch|p2a: Fangs\n|-damage|p2a: Fangs|48\/100\n|move|p2a: Fangs|Headlong Rush|p1b: Hariyama\n|-damage|p1b: Hariyama|0 fnt\n|-unboost|p2a: Fangs|def|1\n|-unboost|p2a: Fangs|spd|1\n|faint|p1b: Hariyama\n|move|p2b: Amoonguss|Pollen Puff|p1a: Alomomola\n|-activate|p1a: Alomomola|move: Protect\n|\n|upkeep\n|\n|t:|1695512494\n|switch|p1b: Abomasnow|Abomasnow, M|100\/100\n|-weather|Snow|[from] ability: Snow Warning|[of] p1b: Abomasnow\n|turn|6\n|\n|t:|1695512510\n|move|p2b: Amoonguss|Rage Powder|p2b: Amoonguss\n|-singleturn|p2b: Amoonguss|move: Rage Powder\n|move|p2a: Fangs|Close Combat|p1b: Abomasnow\n|-supereffective|p1b: Abomasnow\n|-damage|p1b: Abomasnow|0 fnt\n|-unboost|p2a: Fangs|def|1\n|-unboost|p2a: Fangs|spd|1\n|faint|p1b: Abomasnow\n|move|p1a: Alomomola|Toxic|p2b: Amoonguss|[miss]\n|-miss|p1a: Alomomola|p2b: Amoonguss\n|\n|-weather|Snow|[upkeep]\n|upkeep\n|\n|t:|1695512522\n|switch|p1b: Glaceon|Glaceon, F|100\/100\n|turn|7\n|\n|t:|1695512539\n|move|p1a: Alomomola|Protect|p1a: Alomomola\n|-singleturn|p1a: Alomomola|Protect\n|move|p2b: Amoonguss|Rage Powder|p2b: Amoonguss\n|-singleturn|p2b: Amoonguss|move: Rage Powder\n|move|p2a: Fangs|Headlong Rush|p1b: Glaceon\n|-damage|p1b: Glaceon|39\/100\n|-unboost|p2a: Fangs|def|1\n|-unboost|p2a: Fangs|spd|1\n|move|p1b: Glaceon|Ice Beam|p2b: Amoonguss\n|-supereffective|p2b: Amoonguss\n|-damage|p2b: Amoonguss|0 fnt\n|faint|p2b: Amoonguss\n|\n|-weather|Snow|[upkeep]\n|-heal|p1b: Glaceon|44\/100|[from] ability: Ice Body\n|upkeep\n|\n|t:|1695512542\n|switch|p2b: Garritas|Sneasler, F, shiny|100\/100\n|-damage|p2b: Garritas|76\/100|[from] Spikes\n|turn|8\n|inactive|NyaCatUwUr has 120 seconds left.\n|inactive|milesforhire has 120 seconds left.\n|\n|t:|1695512588\n|-terastallize|p1b: Glaceon|Water\n|move|p2b: Garritas|Brick Break|p1b: Glaceon\n|-damage|p1b: Glaceon|0 fnt\n|faint|p1b: Glaceon\n|move|p2a: Fangs|Headlong Rush|p1a: Alomomola\n|-damage|p1a: Alomomola|8\/100\n|-unboost|p2a: Fangs|def|1\n|-unboost|p2a: Fangs|spd|1\n|-damage|p2a: Fangs|32\/100|[from] item: Rocky Helmet|[of] p1a: Alomomola\n|move|p1a: Alomomola|Toxic|p2a: Fangs\n|-status|p2a: Fangs|tox\n|\n|-weather|Snow|[upkeep]\n|-damage|p2a: Fangs|26\/100 tox|[from] psn\n|upkeep\n|inactive|milesforhire has 120 seconds left.\n|\n|t:|1695512603\n|switch|p1b: Bronzong|Bronzong|100\/100\n|turn|9\n|inactive|milesforhire has 120 seconds left.\n|\n|t:|1695512622\n|move|p1a: Alomomola|Protect|p1a: Alomomola\n|-singleturn|p1a: Alomomola|Protect\n|move|p2b: Garritas|Fling|p1b: Bronzong\n|-supereffective|p1b: Bronzong\n|-crit|p1b: Bronzong\n|-damage|p1b: Bronzong|0 fnt\n|-enditem|p2b: Garritas|Big Nugget|[from] move: Fling\n|faint|p1b: Bronzong\n|move|p2a: Fangs|Close Combat|p1a: Alomomola\n|-activate|p1a: Alomomola|move: Protect\n|\n|-weather|Snow|[upkeep]\n|-damage|p2a: Fangs|13\/100 tox|[from] psn\n|upkeep\n|turn|10\n|\n|t:|1695512639\n|move|p1a: Alomomola|Protect||[still]\n|-fail|p1a: Alomomola\n|move|p2b: Garritas|Dire Claw|p1a: Alomomola\n|-damage|p1a: Alomomola|0 fnt\n|-damage|p2b: Garritas|59\/100|[from] item: Rocky Helmet|[of] p1a: Alomomola\n|faint|p1a: Alomomola\n|\n|win|NyaCatUwUr\n|raw|milesforhire's rating: 1079 &rarr; <strong>1056<\/strong><br \/>(-23 for losing)\n|raw|NyaCatUwUr's rating: 1068 &rarr; <strong>1099<\/strong><br \/>(+31 for winning)\n|l|\u2606milesforhire\n|c|\u2606NyaCatUwUr|Gg\n","uploadtime":1695512659,"views":14,"p1id":"milesforhire","p2id":"nyacatuwur","formatid":"gen9nationaldexdoubles","rating":1056,"private":0,"password":""}