{"id":"gen9nationaldexdoubles-1982141450","p1":"GoDDanteX","p2":"Redzone92","format":"[Gen 9] National Dex Doubles","log":"|j|\u2606GoDDanteX\n|j|\u2606Redzone92\n|t:|1698972123\n|gametype|doubles\n|player|p1|GoDDanteX|blue|\n|player|p2|Redzone92|alder|\n|teamsize|p1|6\n|teamsize|p2|6\n|gen|9\n|tier|[Gen 9] National Dex Doubles\n|rule|HP Percentage Mod: HP is shown in percentages\n|rule|Endless Battle Clause: Forcing endless battles is banned\n|rule|OHKO Clause: OHKO moves are banned\n|rule|Evasion Moves Clause: Evasion moves are banned\n|rule|Evasion Abilities Clause: Evasion abilities are banned\n|rule|Species Clause: Limit one of each Pok\u00e9mon\n|rule|Gravity Sleep Clause: The combination of sleep-inducing moves with imperfect accuracy and Gravity or Gigantamax Orbeetle are banned\n|clearpoke\n|poke|p1|Noivern, M|\n|poke|p1|Goodra, M|\n|poke|p1|Infernape, M|\n|poke|p1|Tyranitar, M|\n|poke|p1|Kleavor, M|\n|poke|p1|Milotic, M|\n|poke|p2|Ting-Lu|\n|poke|p2|Iron Hands|\n|poke|p2|Umbreon, M|\n|poke|p2|Hatterene, F|\n|poke|p2|Toxapex, M|\n|poke|p2|Armarouge, M|\n|teampreview\n|\n|t:|1698972149\n|start\n|switch|p1a: Infernape|Infernape, M, shiny|100\/100\n|switch|p1b: Milotic|Milotic, M|100\/100\n|switch|p2a: Hatterene|Hatterene, F|100\/100\n|switch|p2b: Iron Hands|Iron Hands|100\/100\n|turn|1\n|\n|t:|1698972191\n|move|p1a: Infernape|Fire Punch|p2a: Hatterene\n|-damage|p2a: Hatterene|47\/100\n|-damage|p1a: Infernape|91\/100|[from] item: Life Orb\n|move|p1b: Milotic|Toxic|p2b: Iron Hands\n|-status|p2b: Iron Hands|tox\n|move|p2b: Iron Hands|Thunder Punch|p1b: Milotic\n|-supereffective|p1b: Milotic\n|-damage|p1b: Milotic|32\/100\n|move|p2a: Hatterene|Trick Room|p2a: Hatterene\n|-fieldstart|move: Trick Room|[of] p2a: Hatterene\n|\n|-heal|p2a: Hatterene|53\/100|[from] item: Leftovers\n|-damage|p2b: Iron Hands|94\/100 tox|[from] psn\n|-status|p1b: Milotic|brn|[from] item: Flame Orb\n|upkeep\n|turn|2\n|\n|t:|1698972217\n|move|p1a: Infernape|Mach Punch|p2b: Iron Hands\n|-damage|p2b: Iron Hands|78\/100 tox\n|-damage|p1a: Infernape|81\/100|[from] item: Life Orb\n|move|p2a: Hatterene|Dazzling Gleam|p1b: Milotic|[spread] p1a,p1b\n|-damage|p1a: Infernape|36\/100\n|-damage|p1b: Milotic|10\/100 brn\n|move|p2b: Iron Hands|Drain Punch|p1a: Infernape\n|-damage|p1a: Infernape|0 fnt\n|-heal|p2b: Iron Hands|88\/100 tox|[from] drain|[of] p1a: Infernape\n|faint|p1a: Infernape\n|-heal|p2b: Iron Hands|91\/100 tox|[from] item: Shell Bell|[of] p1: Infernape\n|move|p1b: Milotic|Recover|p1b: Milotic\n|-heal|p1b: Milotic|60\/100 brn\n|\n|-heal|p2a: Hatterene|59\/100|[from] item: Leftovers\n|-damage|p2b: Iron Hands|78\/100 tox|[from] psn\n|-damage|p1b: Milotic|54\/100 brn|[from] brn\n|upkeep\n|\n|t:|1698972236\n|switch|p1a: Tyranitar|Tyranitar, M|100\/100\n|-weather|Sandstorm|[from] ability: Sand Stream|[of] p1a: Tyranitar\n|turn|3\n|\n|t:|1698972255\n|-terastallize|p1a: Tyranitar|Steel\n|move|p1b: Milotic|Protect|p1b: Milotic\n|-singleturn|p1b: Milotic|Protect\n|move|p2a: Hatterene|Calm Mind|p2a: Hatterene\n|-boost|p2a: Hatterene|spa|1\n|-boost|p2a: Hatterene|spd|1\n|move|p2b: Iron Hands|Drain Punch|p1a: Tyranitar\n|-supereffective|p1a: Tyranitar\n|-damage|p1a: Tyranitar|13\/100\n|-heal|p2b: Iron Hands|100\/100 tox|[from] drain|[of] p1a: Tyranitar\n|-enditem|p1a: Tyranitar|Salac Berry|[eat]\n|-boost|p1a: Tyranitar|spe|1|[from] item: Salac Berry\n|move|p1a: Tyranitar|Earthquake|p2b: Iron Hands|[spread] p2a,p2b\n|-activate|p1b: Milotic|move: Protect\n|-supereffective|p2b: Iron Hands\n|-damage|p2a: Hatterene|28\/100\n|-damage|p2b: Iron Hands|62\/100 tox\n|\n|-weather|Sandstorm|[upkeep]\n|-damage|p2a: Hatterene|22\/100|[from] Sandstorm\n|-damage|p2b: Iron Hands|56\/100 tox|[from] Sandstorm\n|-damage|p1b: Milotic|47\/100 brn|[from] Sandstorm\n|-heal|p2a: Hatterene|28\/100|[from] item: Leftovers\n|-damage|p2b: Iron Hands|37\/100 tox|[from] psn\n|-damage|p1b: Milotic|41\/100 brn|[from] brn\n|upkeep\n|turn|4\n|\n|t:|1698972284\n|switch|p1a: Goodra|Goodra, M|100\/100\n|move|p2a: Hatterene|Psychic|p1b: Milotic\n|-damage|p1b: Milotic|0 fnt\n|faint|p1b: Milotic\n|move|p2b: Iron Hands|Drain Punch|p1a: Goodra\n|-damage|p1a: Goodra|63\/100\n|-heal|p2b: Iron Hands|51\/100 tox|[from] drain|[of] p1a: Goodra\n|-ability|p1a: Goodra|Gooey\n|-unboost|p2b: Iron Hands|spe|1\n|-heal|p2b: Iron Hands|55\/100 tox|[from] item: Shell Bell|[of] p1a: Goodra\n|\n|-weather|Sandstorm|[upkeep]\n|-damage|p2a: Hatterene|22\/100|[from] Sandstorm\n|-damage|p2b: Iron Hands|49\/100 tox|[from] Sandstorm\n|-damage|p1a: Goodra|57\/100|[from] Sandstorm\n|-heal|p2a: Hatterene|28\/100|[from] item: Leftovers\n|-damage|p2b: Iron Hands|24\/100 tox|[from] psn\n|upkeep\n|\n|t:|1698972298\n|switch|p1b: Tyranitar|Tyranitar, M, tera:Steel|13\/100\n|turn|5\n|\n|t:|1698972320\n|-end|p2b: Iron Hands|Quark Drive|[silent]\n|switch|p2b: Ting-Lu|Ting-Lu|100\/100\n|-ability|p2b: Ting-Lu|Vessel of Ruin\n|move|p2a: Hatterene|Psychic|p1b: Tyranitar\n|-resisted|p1b: Tyranitar\n|-damage|p1b: Tyranitar|0 fnt\n|faint|p1b: Tyranitar\n|move|p1a: Goodra|Thunderbolt|p2a: Hatterene\n|-damage|p2a: Hatterene|16\/100\n|\n|-weather|Sandstorm|[upkeep]\n|-damage|p2a: Hatterene|9\/100|[from] Sandstorm\n|-damage|p1a: Goodra|51\/100|[from] Sandstorm\n|-heal|p2a: Hatterene|16\/100|[from] item: Leftovers\n|-fieldend|move: Trick Room\n|upkeep\n|\n|t:|1698972336\n|switch|p1b: Kleavor|Kleavor, M|100\/100\n|turn|6\n|\n|t:|1698972344\n|move|p1b: Kleavor|X-Scissor|p2a: Hatterene\n|-damage|p2a: Hatterene|0 fnt\n|faint|p2a: Hatterene\n|move|p1a: Goodra|Scald|p2b: Ting-Lu\n|-supereffective|p2b: Ting-Lu\n|-damage|p2b: Ting-Lu|75\/100\n|move|p2b: Ting-Lu|Earthquake|p1b: Kleavor|[spread] p1a,p1b\n|-damage|p1a: Goodra|26\/100\n|-damage|p1b: Kleavor|65\/100\n|\n|-weather|Sandstorm|[upkeep]\n|-damage|p1a: Goodra|20\/100|[from] Sandstorm\n|upkeep\n|\n|t:|1698972358\n|switch|p2a: Umbreon|Umbreon, M|100\/100\n|turn|7\n|\n|t:|1698972376\n|move|p2a: Umbreon|Protect|p2a: Umbreon\n|-singleturn|p2a: Umbreon|Protect\n|move|p1b: Kleavor|X-Scissor|p2a: Umbreon\n|-activate|p2a: Umbreon|move: Protect\n|move|p1a: Goodra|Draco Meteor|p2a: Umbreon\n|-activate|p2a: Umbreon|move: Protect\n|move|p2b: Ting-Lu|Earthquake|p1a: Goodra|[spread] p1a,p1b\n|-activate|p2a: Umbreon|move: Protect\n|-damage|p1a: Goodra|0 fnt\n|-damage|p1b: Kleavor|25\/100\n|faint|p1a: Goodra\n|\n|-weather|none\n|upkeep\n|\n|t:|1698972388\n|switch|p1a: Noivern|Noivern, M, shiny|100\/100\n|turn|8\n|\n|t:|1698972421\n|switch|p2a: Toxapex|Toxapex, M|100\/100\n|move|p1a: Noivern|Hyper Voice|p2a: Toxapex|[spread] p2a,p2b\n|-crit|p2b: Ting-Lu\n|-damage|p2a: Toxapex|84\/100\n|-damage|p2b: Ting-Lu|47\/100\n|move|p1b: Kleavor|X-Scissor|p2a: Toxapex\n|-resisted|p2a: Toxapex\n|-crit|p2a: Toxapex\n|-damage|p2a: Toxapex|41\/100\n|move|p2b: Ting-Lu|Throat Chop|p1a: Noivern\n|-damage|p1a: Noivern|54\/100\n|-start|p1a: Noivern|Throat Chop|[silent]\n|\n|-heal|p2a: Toxapex|48\/100|[from] item: Black Sludge\n|upkeep\n|turn|9\n|\n|t:|1698972445\n|move|p2b: Ting-Lu|Protect|p2b: Ting-Lu\n|-singleturn|p2b: Ting-Lu|Protect\n|move|p2a: Toxapex|Baneful Bunker|p2a: Toxapex\n|-singleturn|p2a: Toxapex|move: Protect\n|-activate|p1a: Noivern|move: Struggle\n|move|p1a: Noivern|Struggle|p2a: Toxapex\n|-activate|p2a: Toxapex|move: Protect\n|-status|p1a: Noivern|psn\n|move|p1b: Kleavor|X-Scissor|p2b: Ting-Lu\n|-activate|p2b: Ting-Lu|move: Protect\n|\n|-heal|p2a: Toxapex|54\/100|[from] item: Black Sludge\n|-damage|p1a: Noivern|42\/100 psn|[from] psn\n|-end|p1a: Noivern|Throat Chop|[silent]\n|upkeep\n|turn|10\n|\n|t:|1698972469\n|move|p1a: Noivern|Hyper Voice|p2b: Ting-Lu|[spread] p2a,p2b\n|-crit|p2a: Toxapex\n|-damage|p2a: Toxapex|29\/100\n|-damage|p2b: Ting-Lu|29\/100\n|move|p1b: Kleavor|Stone Axe|p2a: Toxapex\n|-damage|p2a: Toxapex|0 fnt\n|-sidestart|p2: Redzone92|move: Stealth Rock\n|faint|p2a: Toxapex\n|move|p2b: Ting-Lu|Body Press|p1b: Kleavor\n|-damage|p1b: Kleavor|0 fnt\n|faint|p1b: Kleavor\n|\n|-damage|p1a: Noivern|30\/100 psn|[from] psn\n|upkeep\n|\n|t:|1698972483\n|switch|p2a: Iron Hands|Iron Hands|24\/100 tox\n|-damage|p2a: Iron Hands|17\/100 tox|[from] Stealth Rock\n|turn|11\n|\n|t:|1698972490\n|move|p2a: Iron Hands|Fake Out|p1a: Noivern\n|-damage|p1a: Noivern|9\/100 psn\n|-heal|p2a: Iron Hands|19\/100 tox|[from] item: Shell Bell|[of] p1a: Noivern\n|cant|p1a: Noivern|flinch\n|move|p2b: Ting-Lu|Throat Chop|p1a: Noivern\n|-damage|p1a: Noivern|0 fnt\n|faint|p1a: Noivern\n|\n|win|Redzone92\n","uploadtime":1698972502,"views":15,"p1id":"goddantex","p2id":"redzone92","formatid":"gen9nationaldexdoubles","rating":0,"private":0,"password":""}