{"id":"gen9nationaldexdoubles-1971473575","p1":"icybro12","p2":"Blue Kaiser dragon","format":"[Gen 9] National Dex Doubles","log":"|j|\u2606icybro12\n|j|\u2606Blue Kaiser dragon\n|t:|1697741274\n|gametype|doubles\n|player|p1|icybro12|psychic|1108\n|player|p2|Blue Kaiser dragon|volkner|1040\n|teamsize|p1|6\n|teamsize|p2|6\n|gen|9\n|tier|[Gen 9] National Dex Doubles\n|rated|\n|rule|HP Percentage Mod: HP is shown in percentages\n|rule|Endless Battle Clause: Forcing endless battles is banned\n|rule|OHKO Clause: OHKO moves are banned\n|rule|Evasion Moves Clause: Evasion moves are banned\n|rule|Evasion Abilities Clause: Evasion abilities are banned\n|rule|Species Clause: Limit one of each Pok\u00e9mon\n|rule|Gravity Sleep Clause: The combination of sleep-inducing moves with imperfect accuracy and Gravity or Gigantamax Orbeetle are banned\n|clearpoke\n|poke|p1|Camerupt, M|\n|poke|p1|Ribombee, F|\n|poke|p1|Blastoise, F|\n|poke|p1|Overqwil, M|\n|poke|p1|Manaphy|\n|poke|p1|Cresselia, F|\n|poke|p2|Ogerpon-Wellspring, F|\n|poke|p2|Rillaboom, F|\n|poke|p2|Chi-Yu|\n|poke|p2|Flutter Mane|\n|poke|p2|Gholdengo|\n|poke|p2|Kingambit, M|\n|teampreview\n|\n|t:|1697741298\n|start\n|switch|p1a: Manaphy|Manaphy|100\/100\n|switch|p1b: Ribombee|Ribombee, F|100\/100\n|switch|p2a: Ogerpon|Ogerpon-Wellspring, F|100\/100\n|switch|p2b: Rillaboom|Rillaboom, F|100\/100\n|-fieldstart|move: Grassy Terrain|[from] ability: Grassy Surge|[of] p2b: Rillaboom\n|turn|1\n|c|\u2606Blue Kaiser dragon|Glhf\n|c|\u2606icybro12|u2\n|\n|t:|1697741342\n|switch|p1b: Cresselia|Cresselia, F|100\/100\n|switch|p1a: Overqwil|Overqwil, M|100\/100\n|-ability|p1a: Overqwil|Intimidate|boost\n|-unboost|p2a: Ogerpon|atk|1\n|-unboost|p2b: Rillaboom|atk|1\n|-terastallize|p2a: Ogerpon|Water\n|detailschange|p2a: Ogerpon|Ogerpon-Wellspring-Tera, F, tera:Water\n|-ability|p2a: Ogerpon|Embody Aspect (Wellspring)|boost\n|-boost|p2a: Ogerpon|spd|1\n|move|p2b: Rillaboom|Fake Out|p1a: Overqwil\n|-damage|p1a: Overqwil|94\/100\n|move|p2a: Ogerpon|Swords Dance|p2a: Ogerpon\n|-boost|p2a: Ogerpon|atk|2\n|\n|-heal|p1a: Overqwil|99\/100|[from] Grassy Terrain\n|-heal|p1a: Overqwil|100\/100|[from] item: Leftovers\n|upkeep\n|turn|2\n|\n|t:|1697741398\n|move|p2a: Ogerpon|Ivy Cudgel|p1b: Cresselia\n|-damage|p1b: Cresselia|7\/100\n|move|p2b: Rillaboom|Drain Punch|p1a: Overqwil\n|-damage|p1a: Overqwil|87\/100\n|move|p1b: Cresselia|Future Sight|p2b: Rillaboom\n|-start|p1b: Cresselia|move: Future Sight\n|move|p1a: Overqwil|Gunk Shot|p2a: Ogerpon\n|-damage|p2a: Ogerpon|38\/100\n|\n|-heal|p2a: Ogerpon|44\/100|[from] Grassy Terrain\n|-heal|p1b: Cresselia|13\/100|[from] item: Leftovers\n|-heal|p1a: Overqwil|93\/100|[from] Grassy Terrain\n|-heal|p1a: Overqwil|99\/100|[from] item: Leftovers\n|upkeep\n|turn|3\n|\n|t:|1697741424\n|move|p2b: Rillaboom|Grassy Glide|p1b: Cresselia\n|-damage|p1b: Cresselia|0 fnt\n|faint|p1b: Cresselia\n|move|p2a: Ogerpon|Ivy Cudgel|p1a: Overqwil\n|-damage|p1a: Overqwil|3\/100\n|move|p1a: Overqwil|Crunch|p2a: Ogerpon\n|-damage|p2a: Ogerpon|4\/100\n|-unboost|p2a: Ogerpon|def|1\n|\n|-heal|p2a: Ogerpon|10\/100|[from] Grassy Terrain\n|-heal|p1a: Overqwil|9\/100|[from] Grassy Terrain\n|-heal|p1a: Overqwil|15\/100|[from] item: Leftovers\n|upkeep\n|\n|t:|1697741432\n|switch|p1b: Ribombee|Ribombee, F|100\/100\n|turn|4\n|\n|t:|1697741454\n|switch|p2a: Chi-Yu|Chi-Yu|100\/100\n|-ability|p2a: Chi-Yu|Beads of Ruin\n|-item|p2a: Chi-Yu|Air Balloon\n|move|p2b: Rillaboom|Grassy Glide|p1a: Overqwil\n|-resisted|p1a: Overqwil\n|-damage|p1a: Overqwil|6\/100\n|move|p1b: Ribombee|Sunny Day|p1b: Ribombee\n|-weather|SunnyDay\n|move|p1a: Overqwil|Crunch|p2a: Chi-Yu\n|-resisted|p2a: Chi-Yu\n|-damage|p2a: Chi-Yu|74\/100\n|-enditem|p2a: Chi-Yu|Air Balloon\n|\n|-weather|SunnyDay|[upkeep]\n|-end|p2b: Rillaboom|move: Future Sight\n|-damage|p2b: Rillaboom|36\/100\n|-enditem|p2b: Rillaboom|Sitrus Berry|[eat]\n|-heal|p2b: Rillaboom|61\/100|[from] item: Sitrus Berry\n|-heal|p2a: Chi-Yu|80\/100|[from] Grassy Terrain\n|-heal|p2b: Rillaboom|67\/100|[from] Grassy Terrain\n|-heal|p1a: Overqwil|12\/100|[from] Grassy Terrain\n|-heal|p1a: Overqwil|18\/100|[from] item: Leftovers\n|upkeep\n|turn|5\n|\n|t:|1697741496\n|switch|p2b: Kingambit|Kingambit, M|100\/100\n|switch|p1a: Camerupt|Camerupt, M|100\/100\n|move|p1b: Ribombee|Speed Swap|p1a: Camerupt\n|-activate|p1b: Ribombee|move: Speed Swap|[of] p1a: Camerupt\n|move|p2a: Chi-Yu|Fire Blast|p1b: Ribombee\n|-supereffective|p1b: Ribombee\n|-enditem|p1b: Ribombee|Focus Sash\n|-damage|p1b: Ribombee|1\/100\n|\n|-weather|SunnyDay|[upkeep]\n|-heal|p2a: Chi-Yu|86\/100|[from] Grassy Terrain\n|-heal|p1b: Ribombee|7\/100|[from] Grassy Terrain\n|-fieldend|move: Grassy Terrain\n|upkeep\n|turn|6\n|c|\u2606Blue Kaiser dragon|Youre good\n|c|\u2606Blue Kaiser dragon|Nice team\n|c|\u2606icybro12|thanks but I made the same mistake I made last time\n|c|\u2606icybro12|mega resets speed swap\n|\n|t:|1697741551\n|-end|p2b: Kingambit|fallenundefined|[silent]\n|switch|p2b: Rillaboom|Rillaboom, F|67\/100\n|-fieldstart|move: Grassy Terrain|[from] ability: Grassy Surge|[of] p2b: Rillaboom\n|detailschange|p1a: Camerupt|Camerupt-Mega, M\n|-mega|p1a: Camerupt|Camerupt|Cameruptite\n|move|p2a: Chi-Yu|Substitute|p2a: Chi-Yu\n|-start|p2a: Chi-Yu|Substitute\n|-damage|p2a: Chi-Yu|61\/100\n|move|p1b: Ribombee|Speed Swap|p1a: Camerupt\n|-activate|p1b: Ribombee|move: Speed Swap|[of] p1a: Camerupt\n|move|p1a: Camerupt|Heat Wave|p2a: Chi-Yu|[spread] p2a,p2b\n|-resisted|p2a: Chi-Yu\n|-end|p2a: Chi-Yu|Substitute\n|-supereffective|p2b: Rillaboom\n|-damage|p2b: Rillaboom|0 fnt\n|faint|p2b: Rillaboom\n|\n|-weather|SunnyDay|[upkeep]\n|-heal|p2a: Chi-Yu|67\/100|[from] Grassy Terrain\n|-heal|p1b: Ribombee|13\/100|[from] Grassy Terrain\n|upkeep\n|c|\u2606icybro12|so ye\n|\n|t:|1697741575\n|switch|p2b: Ogerpon|Ogerpon-Wellspring-Tera, F, tera:Water|10\/100\n|-ability|p2b: Ogerpon|Embody Aspect (Wellspring)|boost\n|-boost|p2b: Ogerpon|spd|1\n|turn|7\n|\n|t:|1697741593\n|switch|p1b: Overqwil|Overqwil, M|18\/100\n|-ability|p1b: Overqwil|Intimidate|boost\n|-unboost|p2a: Chi-Yu|atk|1\n|-unboost|p2b: Ogerpon|atk|1\n|move|p1a: Camerupt|Protect|p1a: Camerupt\n|-singleturn|p1a: Camerupt|Protect\n|move|p2b: Ogerpon|Ivy Cudgel|p1a: Camerupt\n|-activate|p1a: Camerupt|move: Protect\n|move|p2a: Chi-Yu|Dark Pulse|p1b: Overqwil\n|-resisted|p1b: Overqwil\n|-damage|p1b: Overqwil|0 fnt\n|faint|p1b: Overqwil\n|\n|-weather|SunnyDay|[upkeep]\n|-heal|p2b: Ogerpon|16\/100|[from] Grassy Terrain\n|-heal|p2a: Chi-Yu|73\/100|[from] Grassy Terrain\n|upkeep\n|\n|t:|1697741602\n|switch|p1b: Ribombee|Ribombee, F|13\/100\n|turn|8\n|\n|t:|1697741625\n|move|p1b: Ribombee|Speed Swap|p1a: Camerupt\n|-activate|p1b: Ribombee|move: Speed Swap|[of] p1a: Camerupt\n|move|p1a: Camerupt|Heat Wave|p2a: Chi-Yu|[spread] p2a,p2b\n|-resisted|p2a: Chi-Yu\n|-resisted|p2b: Ogerpon\n|-damage|p2a: Chi-Yu|24\/100\n|-damage|p2b: Ogerpon|0 fnt\n|faint|p2b: Ogerpon\n|move|p2a: Chi-Yu|Dark Pulse|p1b: Ribombee\n|-resisted|p1b: Ribombee\n|-damage|p1b: Ribombee|0 fnt\n|faint|p1b: Ribombee\n|\n|-weather|none\n|-heal|p2a: Chi-Yu|30\/100|[from] Grassy Terrain\n|upkeep\n|c|\u2606Blue Kaiser dragon|What does thst move do\n|c|\u2606Blue Kaiser dragon|Oh okay i didn't expect thst\n|\n|t:|1697741660\n|switch|p1b: Blastoise|Blastoise, F|100\/100\n|switch|p2b: Flutter Mane|Flutter Mane|100\/100\n|turn|9\n|\n|t:|1697741682\n|move|p1a: Camerupt|Heat Wave|p2b: Flutter Mane|[spread] p2a,p2b\n|-resisted|p2a: Chi-Yu\n|-damage|p2a: Chi-Yu|0 fnt\n|-damage|p2b: Flutter Mane|24\/100\n|faint|p2a: Chi-Yu\n|move|p2b: Flutter Mane|Energy Ball|p1b: Blastoise\n|-supereffective|p1b: Blastoise\n|-damage|p1b: Blastoise|43\/100\n|move|p1b: Blastoise|Life Dew||[still]|[spread] p1a,p1b\n|-fail|p1a: Camerupt|heal\n|-heal|p1b: Blastoise|68\/100\n|\n|-heal|p2b: Flutter Mane|30\/100|[from] Grassy Terrain\n|-heal|p2b: Flutter Mane|36\/100|[from] item: Leftovers\n|-heal|p1b: Blastoise|74\/100|[from] Grassy Terrain\n|-heal|p1b: Blastoise|80\/100|[from] item: Leftovers\n|upkeep\n|\n|t:|1697741706\n|switch|p2a: Gholdengo|Gholdengo|100\/100\n|turn|10\n|\n|t:|1697741724\n|move|p1b: Blastoise|Helping Hand|p1a: Camerupt\n|-singleturn|p1a: Camerupt|Helping Hand|[of] p1b: Blastoise\n|move|p1a: Camerupt|Heat Wave|p2a: Gholdengo|[spread] p2a,p2b\n|-supereffective|p2a: Gholdengo\n|-crit|p2a: Gholdengo\n|-damage|p2a: Gholdengo|0 fnt\n|-damage|p2b: Flutter Mane|0 fnt\n|faint|p2a: Gholdengo\n|faint|p2b: Flutter Mane\n|-end|p2b: Flutter Mane|Protosynthesis|[silent]\n|\n|-heal|p1b: Blastoise|86\/100|[from] Grassy Terrain\n|-heal|p1b: Blastoise|92\/100|[from] item: Leftovers\n|-fieldend|move: Grassy Terrain\n|upkeep\n|\n|t:|1697741739\n|switch|p2b: Kingambit|Kingambit, M|100\/100\n|-activate|p2b: Kingambit|ability: Supreme Overlord\n|-start|p2b: Kingambit|fallen5|[silent]\n|turn|11\n|\n|t:|1697741751\n|move|p2b: Kingambit|Sucker Punch||[still]\n|-fail|p2b: Kingambit\n|move|p1a: Camerupt|Growth|p1a: Camerupt\n|-boost|p1a: Camerupt|atk|1\n|-boost|p1a: Camerupt|spa|1\n|move|p1b: Blastoise|Muddy Water|p2b: Kingambit\n|-damage|p2b: Kingambit|72\/100\n|\n|-heal|p1b: Blastoise|99\/100|[from] item: Leftovers\n|upkeep\n|turn|12\n|\n|t:|1697741784\n|move|p2b: Kingambit|Sucker Punch|p1a: Camerupt\n|-damage|p1a: Camerupt|43\/100\n|move|p1a: Camerupt|Heat Wave|p2b: Kingambit\n|-supereffective|p2b: Kingambit\n|-damage|p2b: Kingambit|0 fnt\n|faint|p2b: Kingambit\n|-end|p2b: Kingambit|fallen5|[silent]\n|\n|win|icybro12\n|raw|icybro12's rating: 1128 &rarr; <strong>1147<\/strong><br \/>(+19 for winning)\n|raw|Blue Kaiser dragon's rating: 1040 &rarr; <strong>1028<\/strong><br \/>(-12 for losing)\n|c|\u2606icybro12|ggwp\n|c|\u2606Blue Kaiser dragon|You beat me\n|c|\u2606Blue Kaiser dragon|I shuld had protect\n|c|\u2606Blue Kaiser dragon|I whuld win u good\n|c|\u2606icybro12|Ye unlucky bro\n|c|\u2606icybro12|have a good one\n","uploadtime":1697741834,"views":6,"p1id":"icybro12","p2id":"bluekaiserdragon","formatid":"gen9nationaldexdoubles","rating":1028,"private":0,"password":""}