{"id":"gen9nationaldexdoubles-1986469077","p1":"Llego papa xdxd","p2":"igorbacana","format":"[Gen 9] National Dex Doubles","log":"|j|\u2606Llego papa xdxd\n|j|\u2606igorbacana\n|t:|1699482213\n|gametype|doubles\n|player|p1|Llego papa xdxd|steven|1273\n|player|p2|igorbacana|cynthia|1474\n|teamsize|p1|6\n|teamsize|p2|6\n|gen|9\n|tier|[Gen 9] National Dex Doubles\n|rated|\n|rule|HP Percentage Mod: HP is shown in percentages\n|rule|Endless Battle Clause: Forcing endless battles is banned\n|rule|OHKO Clause: OHKO moves are banned\n|rule|Evasion Moves Clause: Evasion moves are banned\n|rule|Evasion Abilities Clause: Evasion abilities are banned\n|rule|Species Clause: Limit one of each Pok\u00e9mon\n|rule|Gravity Sleep Clause: The combination of sleep-inducing moves with imperfect accuracy and Gravity or Gigantamax Orbeetle are banned\n|clearpoke\n|poke|p1|Metagross|\n|poke|p1|Sinistcha|\n|poke|p1|Ninetales-Alola, M|\n|poke|p1|Ursaluna-Bloodmoon, M|\n|poke|p1|Arcanine-Hisui, F|\n|poke|p1|Roaring Moon|\n|poke|p2|Metagross|\n|poke|p2|Urshifu-*, M|\n|poke|p2|Chien-Pao|\n|poke|p2|Rillaboom, M|\n|poke|p2|Dragonite, M|\n|poke|p2|Smeargle, M|\n|teampreview\n|inactive|Battle timer is ON: inactive players will automatically lose when time's up. (requested by igorbacana)\n|inactive|igorbacana has 120 seconds left.\n|\n|t:|1699482262\n|start\n|switch|p1a: Arcanine|Arcanine-Hisui, F|100\/100\n|switch|p1b: Roaring Moon|Roaring Moon|100\/100\n|switch|p2a: Smeargle|Smeargle, M|100\/100\n|switch|p2b: Urshifu|Urshifu-Rapid-Strike, M|100\/100\n|-ability|p1a: Arcanine|Intimidate|boost\n|-unboost|p2a: Smeargle|atk|1\n|-unboost|p2b: Urshifu|atk|1\n|-enditem|p1b: Roaring Moon|Booster Energy\n|-activate|p1b: Roaring Moon|ability: Protosynthesis|[fromitem]\n|-start|p1b: Roaring Moon|protosynthesisspe\n|turn|1\n|inactive|Llego papa xdxd has 120 seconds left.\n|\n|t:|1699482302\n|switch|p1a: Sinistcha|Sinistcha|100\/100\n|move|p2a: Smeargle|Fake Out|p1b: Roaring Moon\n|-damage|p1b: Roaring Moon|96\/100\n|cant|p1b: Roaring Moon|flinch\n|move|p2b: Urshifu|Surging Strikes|p1a: Sinistcha\n|-resisted|p1a: Sinistcha\n|-crit|p1a: Sinistcha\n|-damage|p1a: Sinistcha|91\/100\n|-damage|p2b: Urshifu|84\/100|[from] item: Rocky Helmet|[of] p1a: Sinistcha\n|-resisted|p1a: Sinistcha\n|-crit|p1a: Sinistcha\n|-damage|p1a: Sinistcha|83\/100\n|-damage|p2b: Urshifu|68\/100|[from] item: Rocky Helmet|[of] p1a: Sinistcha\n|-resisted|p1a: Sinistcha\n|-crit|p1a: Sinistcha\n|-damage|p1a: Sinistcha|74\/100\n|-damage|p2b: Urshifu|51\/100|[from] item: Rocky Helmet|[of] p1a: Sinistcha\n|-hitcount|p1a: Sinistcha|3\n|\n|-ability|p2a: Smeargle|Moody|boost\n|-boost|p2a: Smeargle|def|2\n|-unboost|p2a: Smeargle|spa|1\n|upkeep\n|turn|2\n|inactive|Llego papa xdxd has 120 seconds left.\n|inactive|igorbacana has 120 seconds left.\n|\n|t:|1699482338\n|switch|p2b: Rillaboom|Rillaboom, M|100\/100\n|-fieldstart|move: Grassy Terrain|[from] ability: Grassy Surge|[of] p2b: Rillaboom\n|move|p1b: Roaring Moon|Tailwind|p1b: Roaring Moon\n|-sidestart|p1: Llego papa xdxd|move: Tailwind\n|move|p1a: Sinistcha|Matcha Gotcha|p2b: Rillaboom|[spread] p2a,p2b\n|-resisted|p2b: Rillaboom\n|-damage|p2a: Smeargle|24\/100\n|-heal|p1a: Sinistcha|100\/100|[from] drain|[of] p2a: Smeargle\n|-damage|p2b: Rillaboom|88\/100\n|-status|p2b: Rillaboom|brn\n|move|p2a: Smeargle|Spore|p1b: Roaring Moon\n|-status|p1b: Roaring Moon|slp|[from] move: Spore\n|\n|-heal|p1b: Roaring Moon|100\/100 slp|[from] Grassy Terrain\n|-heal|p2a: Smeargle|30\/100|[from] Grassy Terrain\n|-heal|p2b: Rillaboom|94\/100 brn|[from] Grassy Terrain\n|-damage|p2b: Rillaboom|88\/100 brn|[from] brn\n|-ability|p2a: Smeargle|Moody|boost\n|-boost|p2a: Smeargle|spa|2\n|-unboost|p2a: Smeargle|atk|1\n|upkeep\n|turn|3\n|inactive|Llego papa xdxd has 120 seconds left.\n|inactive|igorbacana has 120 seconds left.\n|\n|t:|1699482363\n|switch|p2a: Dragonite|Dragonite, M|100\/100\n|cant|p1b: Roaring Moon|slp\n|move|p1a: Sinistcha|Matcha Gotcha|p2a: Dragonite|[spread] p2a,p2b\n|-resisted|p2a: Dragonite\n|-resisted|p2b: Rillaboom\n|-damage|p2a: Dragonite|92\/100\n|-damage|p2b: Rillaboom|76\/100 brn\n|move|p2b: Rillaboom|U-turn|p1b: Roaring Moon\n|-supereffective|p1b: Roaring Moon\n|-damage|p1b: Roaring Moon|71\/100 slp\n|inactive|igorbacana has 120 seconds left.\n|\n|t:|1699482378\n|switch|p2b: Chien-Pao|Chien-Pao|100\/100|[from] U-turn\n|-ability|p2b: Chien-Pao|Sword of Ruin\n|\n|-heal|p1b: Roaring Moon|77\/100 slp|[from] Grassy Terrain\n|upkeep\n|turn|4\n|inactive|Llego papa xdxd has 120 seconds left.\n|\n|t:|1699482396\n|switch|p1a: Arcanine|Arcanine-Hisui, F|100\/100\n|-ability|p1a: Arcanine|Intimidate|boost\n|-fail|p2a: Dragonite|unboost|Attack|[from] ability: Inner Focus|[of] p2a: Dragonite\n|-unboost|p2b: Chien-Pao|atk|1\n|-terastallize|p2a: Dragonite|Normal\n|move|p2a: Dragonite|Extreme Speed|p1b: Roaring Moon\n|-damage|p1b: Roaring Moon|0 fnt\n|faint|p1b: Roaring Moon\n|-end|p1b: Roaring Moon|Protosynthesis|[silent]\n|move|p2b: Chien-Pao|Sucker Punch||[still]\n|-fail|p2b: Chien-Pao\n|\n|-heal|p2a: Dragonite|99\/100|[from] Grassy Terrain\n|upkeep\n|inactive|Llego papa xdxd has 120 seconds left.\n|\n|t:|1699482413\n|switch|p1b: Metagross|Metagross|100\/100\n|turn|5\n|\n|t:|1699482430\n|switch|p2a: Smeargle|Smeargle, M|30\/100\n|move|p2b: Chien-Pao|Protect|p2b: Chien-Pao\n|-singleturn|p2b: Chien-Pao|Protect\n|move|p1a: Arcanine|Rock Slide|p2b: Chien-Pao|[spread] p2a\n|-activate|p2b: Chien-Pao|move: Protect\n|-damage|p2a: Smeargle|0 fnt\n|faint|p2a: Smeargle\n|move|p1b: Metagross|Ice Punch|p2b: Chien-Pao\n|-activate|p2b: Chien-Pao|move: Protect\n|\n|-sideend|p1: Llego papa xdxd|move: Tailwind\n|upkeep\n|\n|t:|1699482448\n|switch|p2a: Urshifu|Urshifu-Rapid-Strike, M|51\/100\n|turn|6\n|\n|t:|1699482463\n|move|p1a: Arcanine|Protect|p1a: Arcanine\n|-singleturn|p1a: Arcanine|Protect\n|move|p2a: Urshifu|U-turn|p1b: Metagross\n|-damage|p1b: Metagross|74\/100\n|\n|t:|1699482469\n|switch|p2a: Rillaboom|Rillaboom, M|76\/100 brn|[from] U-turn\n|move|p2b: Chien-Pao|Icicle Crash|p1a: Arcanine\n|-activate|p1a: Arcanine|move: Protect\n|move|p1b: Metagross|Meteor Mash|p2a: Rillaboom\n|-damage|p2a: Rillaboom|16\/100 brn\n|-boost|p1b: Metagross|atk|1\n|\n|-heal|p2a: Rillaboom|23\/100 brn|[from] Grassy Terrain\n|-heal|p1b: Metagross|80\/100|[from] Grassy Terrain\n|-damage|p2a: Rillaboom|16\/100 brn|[from] brn\n|-fieldend|move: Grassy Terrain\n|upkeep\n|turn|7\n|inactive|Llego papa xdxd has 120 seconds left.\n|\n|t:|1699482515\n|switch|p1a: Ninetales|Ninetales-Alola, M|100\/100\n|-weather|Snow|[from] ability: Snow Warning|[of] p1a: Ninetales\n|-terastallize|p1b: Metagross|Steel\n|move|p2a: Rillaboom|Fake Out|p1a: Ninetales\n|-damage|p1a: Ninetales|93\/100\n|move|p2b: Chien-Pao|Sucker Punch|p1b: Metagross\n|-damage|p1b: Metagross|57\/100\n|move|p1b: Metagross|Bullet Punch|p2b: Chien-Pao\n|-supereffective|p2b: Chien-Pao\n|-damage|p2b: Chien-Pao|15\/100\n|\n|-weather|Snow|[upkeep]\n|-damage|p2a: Rillaboom|10\/100 brn|[from] brn\n|upkeep\n|turn|8\n|inactive|Llego papa xdxd has 120 seconds left.\n|inactive|igorbacana has 120 seconds left.\n|\n|t:|1699482548\n|switch|p2a: Metagross|Metagross|100\/100\n|move|p2b: Chien-Pao|Protect|p2b: Chien-Pao\n|-singleturn|p2b: Chien-Pao|Protect\n|move|p1b: Metagross|Bullet Punch|p2b: Chien-Pao\n|-activate|p2b: Chien-Pao|move: Protect\n|move|p1a: Ninetales|Aurora Veil|p1a: Ninetales\n|-sidestart|p1: Llego papa xdxd|move: Aurora Veil\n|\n|-weather|Snow|[upkeep]\n|upkeep\n|turn|9\n|\n|t:|1699482561\n|switch|p2b: Urshifu|Urshifu-Rapid-Strike, M|51\/100\n|switch|p1a: Sinistcha|Sinistcha|100\/100\n|-heal|p1b: Metagross|82\/100|[from] ability: Hospitality|[of] p1a: Sinistcha\n|detailschange|p2a: Metagross|Metagross-Mega\n|-mega|p2a: Metagross|Metagross|Metagrossite\n|move|p2a: Metagross|Bullet Punch|p1a: Sinistcha\n|-damage|p1a: Sinistcha|83\/100\n|-damage|p2a: Metagross|84\/100|[from] item: Rocky Helmet|[of] p1a: Sinistcha\n|move|p1b: Metagross|Earthquake|p2b: Urshifu|[spread] p1a,p2a,p2b\n|-resisted|p1a: Sinistcha\n|-supereffective|p2a: Metagross\n|-damage|p1a: Sinistcha|71\/100\n|-damage|p2a: Metagross|25\/100\n|-damage|p2b: Urshifu|10\/100\n|\n|-weather|Snow|[upkeep]\n|upkeep\n|turn|10\n|inactive|Llego papa xdxd has 120 seconds left.\n|\n|t:|1699482592\n|move|p1b: Metagross|Bullet Punch|p2b: Urshifu\n|-resisted|p2b: Urshifu\n|-damage|p2b: Urshifu|0 fnt\n|faint|p2b: Urshifu\n|move|p2a: Metagross|Stomping Tantrum|p1b: Metagross\n|-supereffective|p1b: Metagross\n|-damage|p1b: Metagross|42\/100\n|move|p1a: Sinistcha|Strength Sap|p2a: Metagross\n|-unboost|p2a: Metagross|atk|1\n|-heal|p1a: Sinistcha|100\/100\n|\n|-weather|Snow|[upkeep]\n|upkeep\n|inactive|igorbacana has 120 seconds left.\n|\n|t:|1699482605\n|switch|p2b: Chien-Pao|Chien-Pao|15\/100\n|-ability|p2b: Chien-Pao|Sword of Ruin\n|turn|11\n|\n|t:|1699482616\n|move|p2b: Chien-Pao|Protect|p2b: Chien-Pao\n|-singleturn|p2b: Chien-Pao|Protect\n|move|p1a: Sinistcha|Rage Powder|p1a: Sinistcha\n|-singleturn|p1a: Sinistcha|move: Rage Powder\n|move|p1b: Metagross|Bullet Punch|p2b: Chien-Pao\n|-activate|p2b: Chien-Pao|move: Protect\n|move|p2a: Metagross|Stomping Tantrum|p1a: Sinistcha\n|-resisted|p1a: Sinistcha\n|-damage|p1a: Sinistcha|90\/100\n|-damage|p2a: Metagross|8\/100|[from] item: Rocky Helmet|[of] p1a: Sinistcha\n|\n|-weather|none\n|upkeep\n|turn|12\n|\n|t:|1699482639\n|switch|p2a: Dragonite|Dragonite, M, tera:Normal|99\/100\n|move|p1a: Sinistcha|Rage Powder|p1a: Sinistcha\n|-singleturn|p1a: Sinistcha|move: Rage Powder\n|move|p1b: Metagross|Bullet Punch|p2b: Chien-Pao\n|-supereffective|p2b: Chien-Pao\n|-damage|p2b: Chien-Pao|0 fnt\n|faint|p2b: Chien-Pao\n|\n|upkeep\n|\n|t:|1699482650\n|switch|p2b: Rillaboom|Rillaboom, M|10\/100 brn\n|-fieldstart|move: Grassy Terrain|[from] ability: Grassy Surge|[of] p2b: Rillaboom\n|turn|13\n|\n|t:|1699482674\n|move|p2b: Rillaboom|Fake Out|p1b: Metagross\n|-resisted|p1b: Metagross\n|-damage|p1b: Metagross|41\/100\n|move|p2a: Dragonite|Fire Punch|p1a: Sinistcha\n|-supereffective|p1a: Sinistcha\n|-damage|p1a: Sinistcha|40\/100\n|-damage|p2a: Dragonite|82\/100|[from] item: Rocky Helmet|[of] p1a: Sinistcha\n|cant|p1b: Metagross|flinch\n|move|p1a: Sinistcha|Strength Sap|p2a: Dragonite\n|-unboost|p2a: Dragonite|atk|1\n|-heal|p1a: Sinistcha|100\/100\n|\n|-heal|p2b: Rillaboom|16\/100 brn|[from] Grassy Terrain\n|-heal|p2a: Dragonite|88\/100|[from] Grassy Terrain\n|-heal|p1b: Metagross|47\/100|[from] Grassy Terrain\n|-damage|p2b: Rillaboom|10\/100 brn|[from] brn\n|upkeep\n|turn|14\n|\n|t:|1699482697\n|move|p1a: Sinistcha|Rage Powder|p1a: Sinistcha\n|-singleturn|p1a: Sinistcha|move: Rage Powder\n|move|p2b: Rillaboom|Wood Hammer|p1b: Metagross\n|-resisted|p1b: Metagross\n|-damage|p1b: Metagross|37\/100\n|-damage|p2b: Rillaboom|7\/100 brn|[from] Recoil\n|move|p2a: Dragonite|Fire Punch|p1a: Sinistcha\n|-supereffective|p1a: Sinistcha\n|-damage|p1a: Sinistcha|68\/100\n|-damage|p2a: Dragonite|72\/100|[from] item: Rocky Helmet|[of] p1a: Sinistcha\n|move|p1b: Metagross|Ice Punch|p2a: Dragonite\n|-damage|p2a: Dragonite|30\/100\n|\n|-heal|p2b: Rillaboom|13\/100 brn|[from] Grassy Terrain\n|-heal|p2a: Dragonite|37\/100|[from] Grassy Terrain\n|-heal|p1b: Metagross|43\/100|[from] Grassy Terrain\n|-heal|p1a: Sinistcha|74\/100|[from] Grassy Terrain\n|-damage|p2b: Rillaboom|7\/100 brn|[from] brn\n|upkeep\n|turn|15\n|-message|igorbacana forfeited.\n|\n|win|Llego papa xdxd\n|raw|Llego papa xdxd's rating: 1273 &rarr; <strong>1311<\/strong><br \/>(+38 for winning)\n|raw|igorbacana's rating: 1474 &rarr; <strong>1444<\/strong><br \/>(-30 for losing)\n|l|\u2606igorbacana\n","uploadtime":1699482731,"views":7,"p1id":"llegopapaxdxd","p2id":"igorbacana","formatid":"gen9nationaldexdoubles","rating":1311,"private":0,"password":""}