{"id":"gen9nationaldexdoubles-1964709543","p1":"Theonlykev1","p2":"Durtnapp","format":"[Gen 9] National Dex Doubles","log":"|j|\u2606Theonlykev1\n|j|\u2606Durtnapp\n|t:|1696996671\n|gametype|doubles\n|player|p1|Theonlykev1|ltsurge|1112\n|player|p2|Durtnapp|roughneck|1114\n|teamsize|p1|6\n|teamsize|p2|6\n|gen|9\n|tier|[Gen 9] National Dex Doubles\n|rated|\n|rule|HP Percentage Mod: HP is shown in percentages\n|rule|Endless Battle Clause: Forcing endless battles is banned\n|rule|OHKO Clause: OHKO moves are banned\n|rule|Evasion Moves Clause: Evasion moves are banned\n|rule|Evasion Abilities Clause: Evasion abilities are banned\n|rule|Species Clause: Limit one of each Pok\u00e9mon\n|rule|Gravity Sleep Clause: The combination of sleep-inducing moves with imperfect accuracy and Gravity or Gigantamax Orbeetle are banned\n|clearpoke\n|poke|p1|Landorus-Therian, M|\n|poke|p1|Tornadus, M|\n|poke|p1|Enamorus-Therian, F|\n|poke|p1|Thundurus, M|\n|poke|p1|Ogerpon-Hearthflame, F|\n|poke|p1|Palafin, M|\n|poke|p2|Palafin, F|\n|poke|p2|Scream Tail|\n|poke|p2|Flutter Mane|\n|poke|p2|Amoonguss, F|\n|poke|p2|Arcanine, M|\n|poke|p2|Gothitelle, F|\n|teampreview\n|inactive|Battle timer is ON: inactive players will automatically lose when time's up. (requested by Theonlykev1)\n|\n|t:|1696996716\n|start\n|switch|p1a: Tornadus|Tornadus, M|100\/100\n|switch|p1b: Ogerpon|Ogerpon-Hearthflame, F|100\/100\n|switch|p2a: EEEEEEEEEEEE|Flutter Mane, shiny|100\/100\n|switch|p2b: AWOOOOOOOOOO|Arcanine, M|100\/100\n|-ability|p1b: Ogerpon|Mold Breaker\n|-ability|p2b: AWOOOOOOOOOO|Intimidate|boost\n|-unboost|p1a: Tornadus|atk|1\n|-unboost|p1b: Ogerpon|atk|1\n|turn|1\n|inactive|Durtnapp has 120 seconds left.\n|c|\u2606Theonlykev1|Glhf\n|\n|t:|1696996769\n|move|p1b: Ogerpon|Spiky Shield|p1b: Ogerpon\n|-singleturn|p1b: Ogerpon|move: Protect\n|move|p2b: AWOOOOOOOOOO|Protect|p2b: AWOOOOOOOOOO\n|-singleturn|p2b: AWOOOOOOOOOO|Protect\n|move|p1a: Tornadus|Tailwind|p1a: Tornadus\n|-sidestart|p1: Theonlykev1|move: Tailwind\n|move|p2a: EEEEEEEEEEEE|Perish Song|p2a: EEEEEEEEEEEE\n|-start|p1a: Tornadus|perish3|[silent]\n|-start|p1b: Ogerpon|perish3|[silent]\n|-start|p2a: EEEEEEEEEEEE|perish3|[silent]\n|-start|p2b: AWOOOOOOOOOO|perish3|[silent]\n|-fieldactivate|move: Perish Song\n|\n|-start|p1a: Tornadus|perish3\n|-start|p1b: Ogerpon|perish3\n|-start|p2a: EEEEEEEEEEEE|perish3\n|-start|p2b: AWOOOOOOOOOO|perish3\n|upkeep\n|turn|2\n|inactive|Durtnapp has 120 seconds left.\n|inactive|Theonlykev1 has 120 seconds left.\n|inactive|Durtnapp has 90 seconds left.\n|inactive|Durtnapp has 60 seconds left.\n|\n|t:|1696996839\n|switch|p1a: Landorus|Landorus-Therian, M|100\/100\n|-ability|p1a: Landorus|Intimidate|boost\n|-unboost|p2a: EEEEEEEEEEEE|atk|1\n|-unboost|p2b: AWOOOOOOOOOO|atk|1\n|-end|p2a: EEEEEEEEEEEE|Protosynthesis|[silent]\n|switch|p2a: Gothgoth|Gothitelle, F, shiny|100\/100\n|-terastallize|p1b: Ogerpon|Fire\n|detailschange|p1b: Ogerpon|Ogerpon-Hearthflame-Tera, F, tera:Fire\n|-ability|p1b: Ogerpon|Embody Aspect (Hearthflame)|boost\n|-boost|p1b: Ogerpon|atk|1\n|move|p2b: AWOOOOOOOOOO|Protect||[still]\n|-fail|p2b: AWOOOOOOOOOO\n|move|p1b: Ogerpon|Ivy Cudgel|p2a: Gothgoth\n|-damage|p2a: Gothgoth|32\/100\n|-enditem|p2a: Gothgoth|Sitrus Berry|[eat]\n|-heal|p2a: Gothgoth|57\/100|[from] item: Sitrus Berry\n|\n|-start|p1b: Ogerpon|perish2\n|-start|p2b: AWOOOOOOOOOO|perish2\n|upkeep\n|turn|3\n|inactive|Theonlykev1 has 120 seconds left.\n|inactive|Durtnapp has 60 seconds left.\n|\n|t:|1696996888\n|move|p2b: AWOOOOOOOOOO|Protect|p2b: AWOOOOOOOOOO\n|-singleturn|p2b: AWOOOOOOOOOO|Protect\n|move|p2a: Gothgoth|Fake Out|p1b: Ogerpon\n|-damage|p1b: Ogerpon|94\/100\n|cant|p1b: Ogerpon|flinch\n|move|p1a: Landorus|Rock Slide|p2b: AWOOOOOOOOOO|[spread] p2a\n|-activate|p2b: AWOOOOOOOOOO|move: Protect\n|-damage|p2a: Gothgoth|39\/100\n|\n|-start|p1b: Ogerpon|perish1\n|-start|p2b: AWOOOOOOOOOO|perish1\n|upkeep\n|turn|4\n|inactive|Theonlykev1 has 90 seconds left.\n|inactive|Durtnapp has 30 seconds left.\n|inactive|Durtnapp has 20 seconds left.\n|\n|t:|1696996930\n|switch|p2b: EEEEEEEEEEEE|Flutter Mane, shiny|100\/100\n|switch|p2a: Palafin|Palafin, F, shiny|100\/100\n|move|p1b: Ogerpon|Leech Seed|p2a: Palafin\n|-start|p2a: Palafin|move: Leech Seed\n|move|p1a: Landorus|Earthquake|p2b: EEEEEEEEEEEE|[spread] p1b,p2a,p2b\n|-supereffective|p1b: Ogerpon\n|-damage|p1b: Ogerpon|0 fnt\n|-damage|p2a: Palafin|50\/100\n|-enditem|p2b: EEEEEEEEEEEE|Focus Sash\n|-damage|p2b: EEEEEEEEEEEE|1\/100\n|faint|p1b: Ogerpon\n|\n|-sideend|p1: Theonlykev1|move: Tailwind\n|upkeep\n|inactive|Durtnapp has 25 seconds left this turn.\n|\n|t:|1696996946\n|switch|p1b: Palafin|Palafin, M|100\/100\n|turn|5\n|inactive|Durtnapp has 30 seconds left.\n|\n|t:|1696996970\n|switch|p1a: Enamorus|Enamorus-Therian, F|100\/100\n|move|p2b: EEEEEEEEEEEE|Protect|p2b: EEEEEEEEEEEE\n|-singleturn|p2b: EEEEEEEEEEEE|Protect\n|move|p1b: Palafin|Jet Punch|p2b: EEEEEEEEEEEE\n|-activate|p2b: EEEEEEEEEEEE|move: Protect\n|move|p2a: Palafin|Jet Punch|p1a: Enamorus\n|-damage|p1a: Enamorus|75\/100\n|\n|-heal|p1a: Enamorus|81\/100|[from] item: Leftovers\n|-damage|p2a: Palafin|38\/100|[from] Leech Seed|[of] p1b: Palafin\n|upkeep\n|turn|6\n|inactive|Durtnapp has 30 seconds left.\n|inactive|Durtnapp has 20 seconds left.\n|\n|t:|1696997006\n|move|p1b: Palafin|Jet Punch|p2b: EEEEEEEEEEEE\n|-damage|p2b: EEEEEEEEEEEE|0 fnt\n|faint|p2b: EEEEEEEEEEEE\n|-end|p2b: EEEEEEEEEEEE|Protosynthesis|[silent]\n|move|p2a: Palafin|Wave Crash|p1a: Enamorus\n|-damage|p1a: Enamorus|37\/100\n|-damage|p2a: Palafin|25\/100|[from] Recoil\n|move|p1a: Enamorus|Calm Mind|p1a: Enamorus\n|-boost|p1a: Enamorus|spa|1\n|-boost|p1a: Enamorus|spd|1\n|\n|-heal|p1a: Enamorus|43\/100|[from] item: Leftovers\n|-damage|p2a: Palafin|12\/100|[from] Leech Seed|[of] p1b: Palafin\n|upkeep\n|inactive|Durtnapp has 25 seconds left this turn.\n|inactive|Durtnapp has 20 seconds left.\n|inactive|Durtnapp has 15 seconds left.\n|inactive|Durtnapp has 10 seconds left.\n|inactive|Durtnapp has 5 seconds left.\n|-message|Durtnapp lost due to inactivity.\n|\n|win|Theonlykev1\n|raw|Theonlykev1's rating: 1112 &rarr; <strong>1137<\/strong><br \/>(+25 for winning)\n|raw|Durtnapp's rating: 1114 &rarr; <strong>1089<\/strong><br \/>(-25 for losing)\n","uploadtime":1696997043,"views":14,"p1id":"theonlykev1","p2id":"durtnapp","formatid":"gen9nationaldexdoubles","rating":1089,"private":0,"password":""}