{"id":"gen9nationaldexdoubles-1995681289","p1":"TOXIC_A7","p2":"Sheltrotsky","format":"[Gen 9] National Dex Doubles","log":"|j|\u2606TOXIC_A7\n|j|\u2606Sheltrotsky\n|t:|1700593467\n|gametype|doubles\n|player|p1|TOXIC_A7|volo|1104\n|player|p2|Sheltrotsky|blackbelt-gen4dp|1000\n|teamsize|p1|6\n|teamsize|p2|6\n|gen|9\n|tier|[Gen 9] National Dex Doubles\n|rated|\n|rule|HP Percentage Mod: HP is shown in percentages\n|rule|Endless Battle Clause: Forcing endless battles is banned\n|rule|OHKO Clause: OHKO moves are banned\n|rule|Evasion Moves Clause: Evasion moves are banned\n|rule|Evasion Abilities Clause: Evasion abilities are banned\n|rule|Species Clause: Limit one of each Pok\u00e9mon\n|rule|Gravity Sleep Clause: The combination of sleep-inducing moves with imperfect accuracy and Gravity or Gigantamax Orbeetle are banned\n|clearpoke\n|poke|p1|Incineroar, F|\n|poke|p1|Whimsicott, F|\n|poke|p1|Ogerpon-Wellspring, F|\n|poke|p1|Kangaskhan, F|\n|poke|p1|Naganadel|\n|poke|p1|Farigiraf, F|\n|poke|p2|Slaking, M|\n|poke|p2|Landorus-Therian, M|\n|poke|p2|Sinistcha|\n|poke|p2|Urshifu-*, F|\n|poke|p2|Weezing-Galar, F|\n|poke|p2|Chien-Pao|\n|teampreview\n|inactive|Battle timer is ON: inactive players will automatically lose when time's up. (requested by TOXIC_A7)\n|\n|t:|1700593491\n|start\n|switch|p1a: Incineroar|Incineroar, F, shiny|100\/100\n|switch|p1b: Kangaskhan|Kangaskhan, F, shiny|100\/100\n|switch|p2a: Sinistcha|Sinistcha|100\/100\n|switch|p2b: Landorus|Landorus-Therian, M|100\/100\n|-ability|p2b: Landorus|Intimidate|boost\n|-unboost|p1a: Incineroar|atk|1\n|-fail|p1b: Kangaskhan|unboost|Attack|[from] ability: Scrappy|[of] p1b: Kangaskhan\n|turn|1\n|\n|t:|1700593511\n|detailschange|p1b: Kangaskhan|Kangaskhan-Mega, F, shiny\n|-mega|p1b: Kangaskhan|Kangaskhan|Kangaskhanite\n|move|p1b: Kangaskhan|Fake Out|p2b: Landorus\n|-damage|p2b: Landorus|77\/100\n|-crit|p2b: Landorus\n|-damage|p2b: Landorus|69\/100\n|-hitcount|p2b: Landorus|2\n|cant|p2b: Landorus|flinch\n|move|p2a: Sinistcha|Matcha Gotcha|p1a: Incineroar|[spread] p1b\n|-miss|p2a: Sinistcha|p1a: Incineroar\n|-crit|p1b: Kangaskhan\n|-damage|p1b: Kangaskhan|65\/100\n|move|p1a: Incineroar|Knock Off|p2a: Sinistcha\n|-supereffective|p2a: Sinistcha\n|-damage|p2a: Sinistcha|57\/100\n|-damage|p1a: Incineroar|84\/100|[from] item: Rocky Helmet|[of] p2a: Sinistcha\n|-enditem|p2a: Sinistcha|Rocky Helmet|[from] move: Knock Off|[of] p1a: Incineroar\n|\n|upkeep\n|turn|2\n|\n|t:|1700593534\n|switch|p1a: Whimsicott|Whimsicott, F, shiny|100\/100\n|move|p1b: Kangaskhan|Protect|p1b: Kangaskhan\n|-singleturn|p1b: Kangaskhan|Protect\n|move|p2a: Sinistcha|Rage Powder|p2a: Sinistcha\n|-singleturn|p2a: Sinistcha|move: Rage Powder\n|move|p2b: Landorus|Stomping Tantrum|p1a: Whimsicott\n|-resisted|p1a: Whimsicott\n|-damage|p1a: Whimsicott|53\/100\n|\n|upkeep\n|turn|3\n|\n|t:|1700593558\n|switch|p2b: Weezing|Weezing-Galar, F|100\/100\n|-ability|p2b: Weezing|Neutralizing Gas\n|move|p1a: Whimsicott|Taunt|p2a: Sinistcha\n|-start|p2a: Sinistcha|move: Taunt\n|move|p1b: Kangaskhan|Return|p2b: Weezing\n|-damage|p2b: Weezing|55\/100\n|move|p2a: Sinistcha|Matcha Gotcha|p1b: Kangaskhan|[spread] p1a,p1b\n|-resisted|p1a: Whimsicott\n|-damage|p1a: Whimsicott|39\/100\n|-heal|p2a: Sinistcha|63\/100|[from] drain|[of] p1a: Whimsicott\n|-damage|p1b: Kangaskhan|44\/100\n|-heal|p2a: Sinistcha|74\/100|[from] drain|[of] p1b: Kangaskhan\n|-status|p1b: Kangaskhan|brn\n|\n|-damage|p1b: Kangaskhan|38\/100 brn|[from] brn\n|upkeep\n|turn|4\n|\n|t:|1700593586\n|switch|p1b: Naganadel|Naganadel, shiny|100\/100\n|switch|p2a: Slaking|Slaking, M|100\/100\n|move|p1a: Whimsicott|Tailwind|p1a: Whimsicott\n|-sidestart|p1: TOXIC_A7|move: Tailwind\n|move|p2b: Weezing|Strange Steam|p1b: Naganadel|[miss]\n|-miss|p2b: Weezing|p1b: Naganadel\n|\n|upkeep\n|turn|5\n|\n|t:|1700593607\n|-terastallize|p2b: Weezing|Flying\n|move|p1b: Naganadel|Nasty Plot|p1b: Naganadel\n|-boost|p1b: Naganadel|spa|2\n|move|p1a: Whimsicott|Encore|p2b: Weezing\n|-start|p2b: Weezing|Encore\n|move|p2a: Slaking|Earthquake|p1a: Whimsicott|[spread] p1a,p1b\n|-immune|p2b: Weezing\n|-resisted|p1a: Whimsicott\n|-supereffective|p1b: Naganadel\n|-damage|p1a: Whimsicott|21\/100\n|-damage|p1b: Naganadel|0 fnt\n|faint|p1b: Naganadel\n|move|p2b: Weezing|Strange Steam|p1a: Whimsicott\n|-damage|p1a: Whimsicott|0 fnt\n|faint|p1a: Whimsicott\n|\n|upkeep\n|-message|TOXIC_A7 forfeited.\n|\n|win|Sheltrotsky\n|raw|TOXIC_A7's rating: 1104 &rarr; <strong>1072<\/strong><br \/>(-32 for losing)\n|raw|Sheltrotsky's rating: 1000 &rarr; <strong>1052<\/strong><br \/>(+52 for winning)\n|l|\u2606TOXIC_A7\n","uploadtime":1700593971,"views":2,"p1id":"toxica7","p2id":"sheltrotsky","formatid":"gen9nationaldexdoubles","rating":1052,"private":0,"password":""}