{"id":"gen9nationaldexdoubles-1951225924","p1":"Ancientguirus","p2":"the maraculous","format":"[Gen 9] National Dex Doubles","log":"|j|\u2606Ancientguirus\n|j|\u2606the maraculous\n|t:|1695562138\n|gametype|doubles\n|player|p1|Ancientguirus|raihan|1221\n|player|p2|the maraculous|dragontamer|1518\n|teamsize|p1|6\n|teamsize|p2|6\n|gen|9\n|tier|[Gen 9] National Dex Doubles\n|rated|\n|rule|HP Percentage Mod: HP is shown in percentages\n|rule|Endless Battle Clause: Forcing endless battles is banned\n|rule|OHKO Clause: OHKO moves are banned\n|rule|Evasion Moves Clause: Evasion moves are banned\n|rule|Evasion Abilities Clause: Evasion abilities are banned\n|rule|Species Clause: Limit one of each Pok\u00e9mon\n|rule|Gravity Sleep Clause: The combination of sleep-inducing moves with imperfect accuracy and Gravity or Gigantamax Orbeetle are banned\n|clearpoke\n|poke|p1|Arcanine-Hisui, M|\n|poke|p1|Zeraora|\n|poke|p1|Grimmsnarl, M|\n|poke|p1|Serperior, M|\n|poke|p1|Swanna, F|\n|poke|p1|Marshadow|\n|poke|p2|Xurkitree|\n|poke|p2|Iron Valiant|\n|poke|p2|Chandelure, F|\n|poke|p2|Landorus-Therian, M|\n|poke|p2|Kartana|\n|poke|p2|Farigiraf, M|\n|teampreview\n|\n|t:|1695562156\n|start\n|switch|p1a: Swanna|Swanna, F|100\/100\n|switch|p1b: Serperior|Serperior, M, shiny|100\/100\n|switch|p2a: Xurkitree|Xurkitree|100\/100\n|switch|p2b: Chandelure|Chandelure, F|100\/100\n|-item|p2b: Chandelure|Air Balloon\n|turn|1\n|\n|t:|1695562179\n|move|p1b: Serperior|Leaf Storm|p2a: Xurkitree\n|-crit|p2a: Xurkitree\n|-damage|p2a: Xurkitree|1\/100\n|-boost|p1b: Serperior|spa|2\n|move|p1a: Swanna|Liquidation|p2b: Chandelure\n|-supereffective|p2b: Chandelure\n|-damage|p2b: Chandelure|25\/100\n|-enditem|p2b: Chandelure|Air Balloon\n|move|p2a: Xurkitree|Rising Voltage|p1a: Swanna\n|-supereffective|p1a: Swanna\n|-damage|p1a: Swanna|0 fnt\n|faint|p1a: Swanna\n|-ability|p2a: Xurkitree|Beast Boost|boost\n|-boost|p2a: Xurkitree|spa|1\n|move|p2b: Chandelure|Trick Room|p2b: Chandelure\n|-fieldstart|move: Trick Room|[of] p2b: Chandelure\n|\n|upkeep\n|\n|t:|1695562193\n|switch|p1a: Marshadow|Marshadow|100\/100\n|turn|2\n|\n|t:|1695562200\n|switch|p2a: Farigiraf|Farigiraf, M|100\/100\n|move|p1a: Marshadow|Shadow Sneak||[still]\n|cant|p2a: Farigiraf|ability: Armor Tail|Shadow Sneak|[of] p1a: Marshadow\n|move|p2b: Chandelure|Flamethrower|p1b: Serperior\n|-supereffective|p1b: Serperior\n|-damage|p1b: Serperior|4\/100\n|move|p1b: Serperior|Leaf Storm|p2b: Chandelure\n|-resisted|p2b: Chandelure\n|-damage|p2b: Chandelure|0 fnt\n|-boost|p1b: Serperior|spa|2\n|faint|p2b: Chandelure\n|\n|upkeep\n|\n|t:|1695562209\n|switch|p2b: Xurkitree|Xurkitree|1\/100\n|turn|3\n|\n|t:|1695562221\n|move|p2a: Farigiraf|Twin Beam|p1a: Marshadow\n|-supereffective|p1a: Marshadow\n|-damage|p1a: Marshadow|57\/100\n|-supereffective|p1a: Marshadow\n|-damage|p1a: Marshadow|6\/100\n|-hitcount|p1a: Marshadow|2\n|move|p2b: Xurkitree|Dazzling Gleam|p1a: Marshadow|[spread] p1a,p1b\n|-supereffective|p1a: Marshadow\n|-damage|p1a: Marshadow|0 fnt\n|-damage|p1b: Serperior|0 fnt\n|faint|p1a: Marshadow\n|faint|p1b: Serperior\n|-ability|p2b: Xurkitree|Beast Boost|boost\n|-boost|p2b: Xurkitree|spa|2\n|\n|upkeep\n|\n|t:|1695562233\n|switch|p1b: Grimmsnarl|Grimmsnarl, M|100\/100\n|switch|p1a: Arcanine|Arcanine-Hisui, M|100\/100\n|-ability|p1a: Arcanine|Intimidate|boost\n|-unboost|p2a: Farigiraf|atk|1\n|-unboost|p2b: Xurkitree|atk|1\n|turn|4\n|\n|t:|1695562254\n|-terastallize|p1b: Grimmsnarl|Steel\n|-terastallize|p2a: Farigiraf|Normal\n|move|p1b: Grimmsnarl|Spirit Break|p2a: Farigiraf\n|-damage|p2a: Farigiraf|60\/100\n|-unboost|p2a: Farigiraf|spa|1\n|move|p2a: Farigiraf|Nasty Plot|p2a: Farigiraf\n|-boost|p2a: Farigiraf|spa|2\n|move|p2b: Xurkitree|Dazzling Gleam|p1a: Arcanine|[spread] p1a,p1b\n|-resisted|p1a: Arcanine\n|-resisted|p1b: Grimmsnarl\n|-damage|p1a: Arcanine|69\/100\n|-damage|p1b: Grimmsnarl|68\/100\n|move|p1a: Arcanine|Raging Fury|p2a: Farigiraf\n|-damage|p2a: Farigiraf|0 fnt\n|faint|p2a: Farigiraf\n|\n|upkeep\n|\n|t:|1695562266\n|switch|p2a: Landorus|Landorus-Therian, M|100\/100\n|-ability|p2a: Landorus|Intimidate|boost\n|-unboost|p1a: Arcanine|atk|1\n|-unboost|p1b: Grimmsnarl|atk|1\n|turn|5\n|\n|t:|1695562279\n|move|p1b: Grimmsnarl|Sucker Punch||[still]\n|-fail|p1b: Grimmsnarl\n|move|p2a: Landorus|Stomping Tantrum|p1a: Arcanine\n|-supereffective|p1a: Arcanine\n|-damage|p1a: Arcanine|0 fnt\n|faint|p1a: Arcanine\n|move|p2b: Xurkitree|Electric Terrain|p2b: Xurkitree\n|-fieldstart|move: Electric Terrain\n|\n|-fieldend|move: Trick Room\n|upkeep\n|\n|t:|1695562286\n|switch|p1a: Zeraora|Zeraora, shiny|100\/100\n|turn|6\n|\n|t:|1695562301\n|move|p1a: Zeraora|Fake Out|p2a: Landorus\n|-damage|p2a: Landorus|84\/100\n|move|p1b: Grimmsnarl|Sucker Punch|p2b: Xurkitree\n|-damage|p2b: Xurkitree|0 fnt\n|faint|p2b: Xurkitree\n|cant|p2a: Landorus|flinch\n|\n|upkeep\n|\n|t:|1695562306\n|switch|p2b: Iron Valiant|Iron Valiant|100\/100\n|-activate|p2b: Iron Valiant|ability: Quark Drive\n|-start|p2b: Iron Valiant|quarkdrivespe\n|turn|7\n|\n|t:|1695562318\n|switch|p2a: Kartana|Kartana|100\/100\n|move|p2b: Iron Valiant|Close Combat|p1b: Grimmsnarl\n|-supereffective|p1b: Grimmsnarl\n|-damage|p1b: Grimmsnarl|0 fnt\n|-unboost|p2b: Iron Valiant|def|1\n|-unboost|p2b: Iron Valiant|spd|1\n|faint|p1b: Grimmsnarl\n|-damage|p2b: Iron Valiant|91\/100|[from] item: Life Orb\n|move|p1a: Zeraora|Play Rough|p2a: Kartana\n|-resisted|p2a: Kartana\n|-damage|p2a: Kartana|88\/100\n|\n|upkeep\n|turn|8\n|\n|t:|1695562332\n|move|p2b: Iron Valiant|Destiny Bond|p2b: Iron Valiant\n|-singlemove|p2b: Iron Valiant|Destiny Bond\n|move|p1a: Zeraora|Play Rough|p2b: Iron Valiant\n|-supereffective|p2b: Iron Valiant\n|-damage|p2b: Iron Valiant|0 fnt\n|faint|p2b: Iron Valiant\n|-activate|p2b: Iron Valiant|move: Destiny Bond\n|-end|p2b: Iron Valiant|Quark Drive|[silent]\n|faint|p1a: Zeraora\n|\n|win|the maraculous\n|raw|Ancientguirus's rating: 1221 &rarr; <strong>1213<\/strong><br \/>(-8 for losing)\n|raw|the maraculous's rating: 1518 &rarr; <strong>1524<\/strong><br \/>(+6 for winning)\n|l|\u2606Ancientguirus\n","uploadtime":1695562346,"views":11,"p1id":"ancientguirus","p2id":"themaraculous","formatid":"gen9nationaldexdoubles","rating":1213,"private":0,"password":""}