{"id":"gen9nationaldexdoubles-1961664855","p1":"goodguyky96","p2":"AdvancedDigit","format":"[Gen 9] National Dex Doubles","log":"|j|\u2606goodguyky96\n|j|\u2606AdvancedDigit\n|t:|1696649842\n|gametype|doubles\n|player|p1|goodguyky96|clown|1143\n|player|p2|AdvancedDigit|hilbert|1140\n|teamsize|p1|6\n|teamsize|p2|6\n|gen|9\n|tier|[Gen 9] National Dex Doubles\n|rated|\n|rule|HP Percentage Mod: HP is shown in percentages\n|rule|Endless Battle Clause: Forcing endless battles is banned\n|rule|OHKO Clause: OHKO moves are banned\n|rule|Evasion Moves Clause: Evasion moves are banned\n|rule|Evasion Abilities Clause: Evasion abilities are banned\n|rule|Species Clause: Limit one of each Pok\u00e9mon\n|rule|Gravity Sleep Clause: The combination of sleep-inducing moves with imperfect accuracy and Gravity or Gigantamax Orbeetle are banned\n|clearpoke\n|poke|p1|Ninetales-Alola, M|\n|poke|p1|Scizor, F|\n|poke|p1|Baxcalibur, F|\n|poke|p1|Torterra, F|\n|poke|p1|Iron Hands|\n|poke|p1|Flutter Mane|\n|poke|p2|Scizor, M|\n|poke|p2|Mr. Mime, F|\n|poke|p2|Clefairy, M|\n|poke|p2|Amoonguss, M|\n|poke|p2|Chi-Yu|\n|poke|p2|Volbeat, M|\n|teampreview\n|\n|t:|1696649846\n|start\n|switch|p1a: Ninetales|Ninetales-Alola, M|100\/100\n|switch|p1b: Iron Hands|Iron Hands|100\/100\n|switch|p2a: Scizor|Scizor, M|100\/100\n|switch|p2b: Mr. Mime|Mr. Mime, F|100\/100\n|-weather|Snow|[from] ability: Snow Warning|[of] p1a: Ninetales\n|turn|1\n|\n|t:|1696649857\n|move|p2b: Mr. Mime|Fake Out|p1b: Iron Hands\n|-damage|p1b: Iron Hands|97\/100\n|move|p1a: Ninetales|Aurora Veil|p1a: Ninetales\n|-sidestart|p1: goodguyky96|move: Aurora Veil\n|cant|p1b: Iron Hands|flinch\n|move|p2a: Scizor|Swords Dance|p2a: Scizor\n|-boost|p2a: Scizor|atk|2\n|\n|-weather|Snow|[upkeep]\n|upkeep\n|turn|2\n|\n|t:|1696649875\n|switch|p1a: Scizor|Scizor, F|100\/100\n|move|p2b: Mr. Mime|Follow Me|p2b: Mr. Mime\n|-singleturn|p2b: Mr. Mime|move: Follow Me\n|move|p1b: Iron Hands|Belly Drum|p1b: Iron Hands\n|-damage|p1b: Iron Hands|47\/100\n|-setboost|p1b: Iron Hands|atk|6|[from] move: Belly Drum\n|-enditem|p1b: Iron Hands|Sitrus Berry|[eat]\n|-heal|p1b: Iron Hands|72\/100|[from] item: Sitrus Berry\n|move|p2a: Scizor|Swords Dance|p2a: Scizor\n|-boost|p2a: Scizor|atk|2\n|\n|-weather|Snow|[upkeep]\n|upkeep\n|turn|3\n|\n|t:|1696649891\n|move|p2b: Mr. Mime|Follow Me|p2b: Mr. Mime\n|-singleturn|p2b: Mr. Mime|move: Follow Me\n|move|p2a: Scizor|Quick Attack|p1b: Iron Hands\n|-damage|p1b: Iron Hands|38\/100\n|move|p1a: Scizor|Swords Dance|p1a: Scizor\n|-boost|p1a: Scizor|atk|2\n|move|p1b: Iron Hands|Drain Punch|p2b: Mr. Mime\n|-resisted|p2b: Mr. Mime\n|-damage|p2b: Mr. Mime|21\/100\n|-heal|p1b: Iron Hands|63\/100|[from] drain|[of] p2b: Mr. Mime\n|\n|-weather|Snow|[upkeep]\n|-heal|p2b: Mr. Mime|27\/100|[from] item: Leftovers\n|upkeep\n|turn|4\n|c|\u2606AdvancedDigit|hm\n|c|\u2606goodguyky96|hmm\n|\n|t:|1696649966\n|move|p2b: Mr. Mime|Follow Me|p2b: Mr. Mime\n|-singleturn|p2b: Mr. Mime|move: Follow Me\n|move|p1a: Scizor|Swords Dance|p1a: Scizor\n|-boost|p1a: Scizor|atk|2\n|move|p1b: Iron Hands|Drain Punch|p2b: Mr. Mime\n|-resisted|p2b: Mr. Mime\n|-damage|p2b: Mr. Mime|0 fnt\n|-heal|p1b: Iron Hands|72\/100|[from] drain|[of] p2b: Mr. Mime\n|faint|p2b: Mr. Mime\n|move|p2a: Scizor|Trailblaze|p1b: Iron Hands\n|-damage|p1b: Iron Hands|32\/100\n|-boost|p2a: Scizor|spe|1\n|\n|-weather|Snow|[upkeep]\n|upkeep\n|\n|t:|1696649998\n|switch|p2b: Amoonguss|Amoonguss, M|100\/100\n|turn|5\n|\n|t:|1696650009\n|-terastallize|p2a: Scizor|Steel\n|move|p2b: Amoonguss|Rage Powder|p2b: Amoonguss\n|-singleturn|p2b: Amoonguss|move: Rage Powder\n|move|p2a: Scizor|Bullet Punch|p1b: Iron Hands\n|-resisted|p1b: Iron Hands\n|-damage|p1b: Iron Hands|0 fnt\n|faint|p1b: Iron Hands\n|-end|p1b: Iron Hands|Quark Drive|[silent]\n|move|p1a: Scizor|Lunge|p2b: Amoonguss\n|-damage|p2b: Amoonguss|0 fnt\n|faint|p2b: Amoonguss\n|\n|-weather|none\n|upkeep\n|\n|t:|1696650041\n|switch|p1b: Torterra|Torterra, F|100\/100\n|switch|p2b: Volbeat|Volbeat, M|100\/100\n|turn|6\n|\n|t:|1696650058\n|move|p2a: Scizor|Bullet Punch|p1b: Torterra\n|-damage|p1b: Torterra|0 fnt\n|faint|p1b: Torterra\n|move|p2b: Volbeat|Encore|p1a: Scizor\n|-start|p1a: Scizor|Encore\n|move|p1a: Scizor|Lunge|p2a: Scizor\n|-resisted|p2a: Scizor\n|-damage|p2a: Scizor|33\/100\n|-unboost|p2a: Scizor|atk|1\n|\n|upkeep\n|\n|t:|1696650068\n|switch|p1b: Baxcalibur|Baxcalibur, F|100\/100\n|turn|7\n|\n|t:|1696650076\n|move|p2a: Scizor|Bullet Punch|p1b: Baxcalibur\n|-supereffective|p1b: Baxcalibur\n|-damage|p1b: Baxcalibur|0 fnt\n|faint|p1b: Baxcalibur\n|move|p2b: Volbeat|Thunder Wave|p1a: Scizor\n|-status|p1a: Scizor|par\n|cant|p1a: Scizor|par\n|\n|upkeep\n|\n|t:|1696650084\n|switch|p1b: Flutter Mane|Flutter Mane|100\/100\n|-enditem|p1b: Flutter Mane|Booster Energy\n|-activate|p1b: Flutter Mane|ability: Protosynthesis|[fromitem]\n|-start|p1b: Flutter Mane|protosynthesisspa\n|turn|8\n|\n|t:|1696650094\n|move|p2a: Scizor|Bullet Punch|p1b: Flutter Mane\n|-supereffective|p1b: Flutter Mane\n|-damage|p1b: Flutter Mane|0 fnt\n|faint|p1b: Flutter Mane\n|-end|p1b: Flutter Mane|Protosynthesis|[silent]\n|move|p2b: Volbeat|Trick|p1a: Scizor\n|-activate|p2b: Volbeat|move: Trick|[of] p1a: Scizor\n|-item|p1a: Scizor|Iron Ball|[from] move: Trick\n|-item|p2b: Volbeat|Expert Belt|[from] move: Trick\n|cant|p1a: Scizor|par\n|\n|-end|p1a: Scizor|Encore\n|-sideend|p1: goodguyky96|move: Aurora Veil\n|upkeep\n|c|\u2606AdvancedDigit|damn\n|\n|t:|1696650104\n|switch|p1b: Ninetales|Ninetales-Alola, M|100\/100\n|-weather|Snow|[from] ability: Snow Warning|[of] p1b: Ninetales\n|turn|9\n|\n|t:|1696650116\n|move|p2b: Volbeat|Thunder Wave|p1b: Ninetales\n|-status|p1b: Ninetales|par\n|move|p2a: Scizor|Bullet Punch|p1a: Scizor\n|-resisted|p1a: Scizor\n|-damage|p1a: Scizor|23\/100 par\n|move|p1a: Scizor|Bullet Punch|p2a: Scizor\n|-resisted|p2a: Scizor\n|-damage|p2a: Scizor|0 fnt\n|faint|p2a: Scizor\n|move|p1b: Ninetales|Blizzard|p2b: Volbeat\n|-crit|p2b: Volbeat\n|-damage|p2b: Volbeat|18\/100\n|\n|-weather|Snow|[upkeep]\n|upkeep\n|\n|t:|1696650127\n|switch|p2a: Chi-Yu|Chi-Yu|100\/100\n|-ability|p2a: Chi-Yu|Beads of Ruin\n|turn|10\n|\n|t:|1696650146\n|move|p2b: Volbeat|Taunt|p1b: Ninetales\n|-start|p1b: Ninetales|move: Taunt\n|move|p1a: Scizor|Bullet Punch|p2a: Chi-Yu\n|-resisted|p2a: Chi-Yu\n|-damage|p2a: Chi-Yu|15\/100\n|move|p2a: Chi-Yu|Heat Wave|p1a: Scizor|[spread] p1a,p1b\n|-supereffective|p1a: Scizor\n|-supereffective|p1b: Ninetales\n|-crit|p1b: Ninetales\n|-damage|p1a: Scizor|0 fnt\n|-damage|p1b: Ninetales|0 fnt\n|faint|p1a: Scizor\n|faint|p1b: Ninetales\n|\n|win|AdvancedDigit\n|raw|goodguyky96's rating: 1143 &rarr; <strong>1118<\/strong><br \/>(-25 for losing)\n|raw|AdvancedDigit's rating: 1140 &rarr; <strong>1165<\/strong><br \/>(+25 for winning)\n|c|\u2606AdvancedDigit|gg\n|c|\u2606goodguyky96|gg\n|l|\u2606goodguyky96\n","uploadtime":1696650536,"views":7,"p1id":"goodguyky96","p2id":"advanceddigit","formatid":"gen9nationaldexdoubles","rating":1118,"private":0,"password":""}