{"id":"gen9nationaldexdoubles-1956607328","p1":"Leviatan4","p2":"juanchossss","format":"[Gen 9] National Dex Doubles","log":"|j|\u2606Leviatan4\n|j|\u2606juanchossss\n|t:|1696126025\n|gametype|doubles\n|player|p1|Leviatan4|scientist-gen4dp|\n|player|p2|juanchossss|unknownf|\n|teamsize|p1|6\n|teamsize|p2|6\n|gen|9\n|tier|[Gen 9] National Dex Doubles\n|rule|HP Percentage Mod: HP is shown in percentages\n|rule|Endless Battle Clause: Forcing endless battles is banned\n|rule|OHKO Clause: OHKO moves are banned\n|rule|Evasion Moves Clause: Evasion moves are banned\n|rule|Evasion Abilities Clause: Evasion abilities are banned\n|rule|Species Clause: Limit one of each Pok\u00e9mon\n|rule|Gravity Sleep Clause: The combination of sleep-inducing moves with imperfect accuracy and Gravity or Gigantamax Orbeetle are banned\n|clearpoke\n|poke|p1|Scizor, F|\n|poke|p1|Lokix, F|\n|poke|p1|Volcarona, M|\n|poke|p1|Forretress, F|\n|poke|p1|Heracross, M|\n|poke|p1|Yanmega, M|\n|poke|p2|Terrakion|\n|poke|p2|Keldeo-Resolute|\n|poke|p2|Kommo-o, M|\n|poke|p2|Cobalion|\n|poke|p2|Infernape, M|\n|poke|p2|Heracross, F|\n|teampreview\n|inactive|Battle timer is ON: inactive players will automatically lose when time's up. (requested by juanchossss)\n|inactiveoff|Battle timer is now OFF.\n|c|\u2606Leviatan4|Hola, se\u00f1or Pochama\n|c|\u2606Leviatan4|>:)\n|c|\u2606juanchossss|Holi\n|c|\u2606Leviatan4|Weno, woa perder\n|c|\u2606juanchossss|Y no soy se\u00f1or\n|c|\u2606Leviatan4|Pero vamos a hundirnos como caballeros\n|c|\u2606Leviatan4|Ah?\n|\n|t:|1696126092\n|start\n|switch|p1a: Ra|Volcarona, M, shiny|100\/100\n|switch|p1b: Cannonball|Forretress, F|100\/100\n|switch|p2a: Heracross|Heracross, F|100\/100\n|switch|p2b: Terrakion|Terrakion|100\/100\n|turn|1\n|\n|t:|1696126142\n|detailschange|p2a: Heracross|Heracross-Mega, F\n|-mega|p2a: Heracross|Heracross|Heracronite\n|move|p2b: Terrakion|Stone Edge|p1a: Ra|[miss]\n|-miss|p2b: Terrakion|p1a: Ra\n|move|p1a: Ra|Giga Drain|p2b: Terrakion\n|-supereffective|p2b: Terrakion\n|-damage|p2b: Terrakion|31\/100\n|move|p2a: Heracross|Close Combat|p1b: Cannonball\n|-damage|p1b: Cannonball|46\/100\n|-unboost|p2a: Heracross|def|1\n|-unboost|p2a: Heracross|spd|1\n|move|p1b: Cannonball|Spikes|p2b: Terrakion\n|-sidestart|p2: juanchossss|Spikes\n|\n|upkeep\n|turn|2\n|\n|t:|1696126195\n|switch|p1a: Yanmega|Yanmega, M|100\/100\n|-zpower|p2b: Terrakion\n|move|p2b: Terrakion|Continental Crush|p1a: Yanmega|[zeffect]\n|-supereffective|p1a: Yanmega\n|-damage|p1a: Yanmega|0 fnt\n|faint|p1a: Yanmega\n|move|p2a: Heracross|Close Combat|p1b: Cannonball\n|-damage|p1b: Cannonball|0 fnt\n|-unboost|p2a: Heracross|def|1\n|-unboost|p2a: Heracross|spd|1\n|faint|p1b: Cannonball\n|\n|upkeep\n|\n|t:|1696126224\n|switch|p1a: Flash|Lokix, F|100\/100\n|switch|p1b: New One|Scizor, F|100\/100\n|turn|3\n|\n|t:|1696126252\n|switch|p2a: Keldeo|Keldeo-Resolute|100\/100\n|-damage|p2a: Keldeo|88\/100|[from] Spikes\n|detailschange|p1b: New One|Scizor-Mega, F\n|-mega|p1b: New One|Scizor|Scizorite\n|move|p1a: Flash|First Impression|p2a: Keldeo\n|-resisted|p2a: Keldeo\n|-damage|p2a: Keldeo|28\/100\n|-damage|p1a: Flash|91\/100|[from] item: Life Orb\n|move|p1b: New One|Bullet Punch|p2b: Terrakion\n|-supereffective|p2b: Terrakion\n|-damage|p2b: Terrakion|0 fnt\n|faint|p2b: Terrakion\n|\n|upkeep\n|\n|t:|1696126273\n|switch|p2b: Infernape|Infernape, M, shiny|100\/100\n|-damage|p2b: Infernape|88\/100|[from] Spikes\n|turn|4\n|\n|t:|1696126306\n|move|p1a: Flash|Sucker Punch|p2b: Infernape\n|-resisted|p2b: Infernape\n|-damage|p2b: Infernape|32\/100\n|-damage|p1a: Flash|81\/100|[from] item: Life Orb\n|move|p1b: New One|Bullet Punch|p2b: Infernape\n|-resisted|p2b: Infernape\n|-damage|p2b: Infernape|2\/100\n|move|p2a: Keldeo|Secret Sword|p1b: New One\n|-damage|p1b: New One|67\/100\n|move|p2b: Infernape|Flare Blitz|p1a: Flash\n|-supereffective|p1a: Flash\n|-damage|p1a: Flash|0 fnt\n|faint|p1a: Flash\n|-damage|p2b: Infernape|0 fnt|[from] Recoil\n|faint|p2b: Infernape\n|\n|upkeep\n|c|\u2606Leviatan4|Nooo\n|c|\u2606Leviatan4|XD\n|\n|t:|1696126325\n|switch|p2b: Heracross|Heracross-Mega, F|100\/100\n|switch|p1a: Strength|Heracross, M|100\/100\n|-damage|p2b: Heracross|88\/100|[from] Spikes\n|turn|5\n|\n|t:|1696126353\n|-terastallize|p1a: Strength|Fighting\n|move|p1b: New One|Bullet Punch|p2a: Keldeo\n|-resisted|p2a: Keldeo\n|-damage|p2a: Keldeo|5\/100\n|move|p2a: Keldeo|Secret Sword|p1b: New One\n|-damage|p1b: New One|32\/100\n|move|p1a: Strength|Brick Break|p2b: Heracross\n|-resisted|p2b: Heracross\n|-damage|p2b: Heracross|63\/100\n|move|p2b: Heracross|Stone Edge|p1a: Strength\n|-resisted|p1a: Strength\n|-damage|p1a: Strength|68\/100\n|\n|upkeep\n|turn|6\n|\n|t:|1696126373\n|move|p1b: New One|Bullet Punch|p2b: Heracross\n|-damage|p2b: Heracross|26\/100\n|move|p2a: Keldeo|Secret Sword|p1b: New One\n|-damage|p1b: New One|0 fnt\n|faint|p1b: New One\n|move|p1a: Strength|Brick Break|p2a: Keldeo\n|-damage|p2a: Keldeo|0 fnt\n|faint|p2a: Keldeo\n|-ability|p1a: Strength|Moxie|boost\n|-boost|p1a: Strength|atk|1\n|move|p2b: Heracross|Close Combat|p1a: Strength\n|-damage|p1a: Strength|0 fnt\n|-unboost|p2b: Heracross|def|1\n|-unboost|p2b: Heracross|spd|1\n|faint|p1a: Strength\n|\n|upkeep\n|c|\u2606Leviatan4|Weno\n|c|\u2606Leviatan4|gg\n|c|\u2606Leviatan4|XD\n|c|\u2606Leviatan4|Fue bonito participar\n|\n|t:|1696126432\n|switch|p2a: Kommo-o|Kommo-o, M|100\/100\n|switch|p1b: Ra|Volcarona, M, shiny|100\/100\n|-damage|p2a: Kommo-o|88\/100|[from] Spikes\n|turn|7\n|c|\u2606Leviatan4|Agradezco a mis patrocinadores\n|\n|t:|1696126462\n|-terastallize|p2a: Kommo-o|Dragon\n|move|p1b: Ra|Giga Drain|p2b: Heracross\n|-resisted|p2b: Heracross\n|-damage|p2b: Heracross|1\/100\n|move|p2b: Heracross|Stone Edge|p1b: Ra\n|-supereffective|p1b: Ra\n|-damage|p1b: Ra|0 fnt\n|faint|p1b: Ra\n|\n|win|juanchossss\n|c|\u2606juanchossss|gg\n|c|\u2606Leviatan4|gg\n","uploadtime":1696126476,"views":12,"p1id":"leviatan4","p2id":"juanchossss","formatid":"gen9nationaldexdoubles","rating":0,"private":0,"password":""}