{"id":"gen9nationaldexdoubles-1968697923","p1":"cheshen\u749f","p2":"Miiirza","format":"[Gen 9] National Dex Doubles","log":"|j|\u2606cheshen\u749f\n|j|\u2606Miiirza\n|t:|1697455070\n|gametype|doubles\n|player|p1|cheshen\u749f|juan|1393\n|player|p2|Miiirza|102|1563\n|teamsize|p1|6\n|teamsize|p2|6\n|gen|9\n|tier|[Gen 9] National Dex Doubles\n|rated|\n|rule|HP Percentage Mod: HP is shown in percentages\n|rule|Endless Battle Clause: Forcing endless battles is banned\n|rule|OHKO Clause: OHKO moves are banned\n|rule|Evasion Moves Clause: Evasion moves are banned\n|rule|Evasion Abilities Clause: Evasion abilities are banned\n|rule|Species Clause: Limit one of each Pok\u00e9mon\n|rule|Gravity Sleep Clause: The combination of sleep-inducing moves with imperfect accuracy and Gravity or Gigantamax Orbeetle are banned\n|clearpoke\n|poke|p1|Walking Wake|\n|poke|p1|Charizard, F|\n|poke|p1|Tornadus, M|\n|poke|p1|Chi-Yu|\n|poke|p1|Ogerpon, F|\n|poke|p1|Infernape, F|\n|poke|p2|Incineroar, M|\n|poke|p2|Gastrodon-East, M|\n|poke|p2|Rillaboom, M|\n|poke|p2|Zygarde|\n|poke|p2|Amoonguss, M|\n|poke|p2|Chien-Pao|\n|teampreview\n|inactive|Battle timer is ON: inactive players will automatically lose when time's up. (requested by Miiirza)\n|j| LightningSword6354\n|inactive|Miiirza has 120 seconds left.\n|l| LightningSword6354\n|inactive|Miiirza has 90 seconds left.\n|inactive|Miiirza has 60 seconds left.\n|j| wjsj\n|\n|t:|1697455180\n|start\n|switch|p1a: Charizard|Charizard, F|100\/100\n|switch|p1b: Walking Wake|Walking Wake|100\/100\n|switch|p2a: Chien-Pao|Chien-Pao|100\/100\n|switch|p2b: Incineroar|Incineroar, M, shiny|100\/100\n|-ability|p2a: Chien-Pao|Sword of Ruin\n|-ability|p2b: Incineroar|Intimidate|boost\n|-unboost|p1a: Charizard|atk|1\n|-unboost|p1b: Walking Wake|atk|1\n|turn|1\n|inactive|Miiirza has 120 seconds left.\n|\n|t:|1697455197\n|detailschange|p1a: Charizard|Charizard-Mega-Y, F\n|-mega|p1a: Charizard|Charizard|Charizardite Y\n|-weather|SunnyDay|[from] ability: Drought|[of] p1a: Charizard\n|-activate|p1b: Walking Wake|ability: Protosynthesis\n|-start|p1b: Walking Wake|protosynthesisspe\n|move|p2b: Incineroar|Fake Out|p1b: Walking Wake\n|-crit|p1b: Walking Wake\n|-damage|p1b: Walking Wake|69\/100\n|cant|p1b: Walking Wake|flinch\n|move|p2a: Chien-Pao|Ice Spinner|p1a: Charizard\n|-damage|p1a: Charizard|22\/100\n|move|p1a: Charizard|Heat Wave|p2b: Incineroar|[spread] p2a,p2b\n|-supereffective|p2a: Chien-Pao\n|-resisted|p2b: Incineroar\n|-enditem|p2a: Chien-Pao|Focus Sash\n|-damage|p2a: Chien-Pao|1\/100\n|-damage|p2b: Incineroar|68\/100\n|\n|-weather|SunnyDay|[upkeep]\n|upkeep\n|turn|2\n|\n|t:|1697455218\n|switch|p2a: Gastrodon|Gastrodon-East, M, shiny|100\/100\n|switch|p1a: Infernape|Infernape, F|100\/100\n|move|p1b: Walking Wake|Hydro Steam|p2a: Gastrodon\n|-activate|p2a: Gastrodon|ability: Storm Drain\n|-ability|p2a: Gastrodon|Storm Drain|boost\n|-boost|p2a: Gastrodon|spa|1\n|move|p2b: Incineroar|Knock Off|p1b: Walking Wake\n|-damage|p1b: Walking Wake|30\/100\n|\n|-weather|SunnyDay|[upkeep]\n|upkeep\n|turn|3\n|\n|t:|1697455241\n|-end|p1b: Walking Wake|Protosynthesis|[silent]\n|switch|p1b: Charizard|Charizard-Mega-Y, F|22\/100\n|switch|p2b: Amoonguss|Amoonguss, M|100\/100\n|move|p1a: Infernape|Fake Out|p2a: Gastrodon\n|-damage|p2a: Gastrodon|88\/100\n|cant|p2a: Gastrodon|flinch\n|\n|-weather|SunnyDay|[upkeep]\n|-heal|p2a: Gastrodon|94\/100|[from] item: Leftovers\n|upkeep\n|turn|4\n|\n|t:|1697455254\n|switch|p2b: Incineroar|Incineroar, M, shiny|68\/100\n|-ability|p2b: Incineroar|Intimidate|boost\n|-unboost|p1a: Infernape|atk|1\n|-unboost|p1b: Charizard|atk|1\n|-terastallize|p1a: Infernape|Fire\n|move|p2a: Gastrodon|Protect|p2a: Gastrodon\n|-singleturn|p2a: Gastrodon|Protect\n|move|p1a: Infernape|Raging Fury|p2b: Incineroar\n|-resisted|p2b: Incineroar\n|-damage|p2b: Incineroar|29\/100\n|move|p1b: Charizard|Solar Beam||[still]\n|-prepare|p1b: Charizard|Solar Beam\n|-anim|p1b: Charizard|Solar Beam|p2a: Gastrodon\n|-activate|p2a: Gastrodon|move: Protect\n|\n|-weather|SunnyDay|[upkeep]\n|-heal|p2a: Gastrodon|100\/100|[from] item: Leftovers\n|upkeep\n|turn|5\n|\n|t:|1697455278\n|switch|p2b: Amoonguss|Amoonguss, M|100\/100\n|-terastallize|p2a: Gastrodon|Fire\n|move|p1a: Infernape|Raging Fury|p2b: Amoonguss|[from]lockedmove\n|-supereffective|p2b: Amoonguss\n|-damage|p2b: Amoonguss|0 fnt\n|faint|p2b: Amoonguss\n|move|p1b: Charizard|Solar Beam||[still]\n|-prepare|p1b: Charizard|Solar Beam\n|-anim|p1b: Charizard|Solar Beam|p2a: Gastrodon\n|-resisted|p2a: Gastrodon\n|-damage|p2a: Gastrodon|77\/100\n|move|p2a: Gastrodon|Earth Power|p1a: Infernape\n|-supereffective|p1a: Infernape\n|-damage|p1a: Infernape|0 fnt\n|faint|p1a: Infernape\n|\n|-weather|none\n|-heal|p2a: Gastrodon|84\/100|[from] item: Leftovers\n|upkeep\n|\n|t:|1697455298\n|switch|p1a: Tornadus|Tornadus, M|100\/100\n|switch|p2b: Zygarde|Zygarde, shiny|100\/100\n|-ability|p2b: Zygarde|Aura Break\n|turn|6\n|\n|t:|1697455306\n|move|p1a: Tornadus|Sunny Day|p1a: Tornadus\n|-weather|SunnyDay\n|move|p1b: Charizard|Solar Beam||[still]\n|-prepare|p1b: Charizard|Solar Beam\n|-anim|p1b: Charizard|Solar Beam|p2b: Zygarde\n|-damage|p2b: Zygarde|64\/100\n|move|p2b: Zygarde|Dragon Dance|p2b: Zygarde\n|-boost|p2b: Zygarde|atk|1\n|-boost|p2b: Zygarde|spe|1\n|move|p2a: Gastrodon|Muddy Water|p1b: Charizard|[spread] p1a,p1b\n|-supereffective|p1b: Charizard\n|-damage|p1a: Tornadus|77\/100\n|-damage|p1b: Charizard|0 fnt\n|faint|p1b: Charizard\n|\n|-weather|SunnyDay|[upkeep]\n|-heal|p2b: Zygarde|70\/100|[from] item: Leftovers\n|-heal|p2a: Gastrodon|90\/100|[from] item: Leftovers\n|upkeep\n|\n|t:|1697455315\n|switch|p1b: Ogerpon|Ogerpon, F|100\/100\n|turn|7\n|\n|t:|1697455327\n|move|p2b: Zygarde|Protect|p2b: Zygarde\n|-singleturn|p2b: Zygarde|Protect\n|move|p1a: Tornadus|Tailwind|p1a: Tornadus\n|-sidestart|p1: cheshen\u749f|move: Tailwind\n|move|p1b: Ogerpon|Solar Blade||[still]\n|-prepare|p1b: Ogerpon|Solar Blade\n|-anim|p1b: Ogerpon|Solar Blade|p2b: Zygarde\n|-activate|p2b: Zygarde|move: Protect\n|move|p2a: Gastrodon|Ice Beam|p1b: Ogerpon\n|-supereffective|p1b: Ogerpon\n|-damage|p1b: Ogerpon|15\/100\n|\n|-weather|SunnyDay|[upkeep]\n|-heal|p2b: Zygarde|77\/100|[from] item: Leftovers\n|-heal|p2a: Gastrodon|96\/100|[from] item: Leftovers\n|upkeep\n|turn|8\n|\n|t:|1697455343\n|move|p2b: Zygarde|Extreme Speed|p1b: Ogerpon\n|-damage|p1b: Ogerpon|0 fnt\n|faint|p1b: Ogerpon\n|move|p1a: Tornadus|Hidden Power|p2a: Gastrodon\n|-supereffective|p2a: Gastrodon\n|-damage|p2a: Gastrodon|60\/100\n|move|p2a: Gastrodon|Ice Beam|p1a: Tornadus\n|-supereffective|p1a: Tornadus\n|-damage|p1a: Tornadus|0 fnt\n|faint|p1a: Tornadus\n|\n|-weather|SunnyDay|[upkeep]\n|-heal|p2b: Zygarde|83\/100|[from] item: Leftovers\n|-heal|p2a: Gastrodon|66\/100|[from] item: Leftovers\n|upkeep\n|\n|t:|1697455348\n|switch|p1b: Chi-Yu|Chi-Yu|100\/100\n|switch|p1a: Walking Wake|Walking Wake|30\/100\n|-activate|p1a: Walking Wake|ability: Protosynthesis\n|-start|p1a: Walking Wake|protosynthesisspe\n|-ability|p1b: Chi-Yu|Beads of Ruin\n|turn|9\n|l| wjsj\n|\n|t:|1697455363\n|move|p2a: Gastrodon|Protect|p2a: Gastrodon\n|-singleturn|p2a: Gastrodon|Protect\n|move|p2b: Zygarde|Extreme Speed|p1a: Walking Wake\n|-damage|p1a: Walking Wake|0 fnt\n|faint|p1a: Walking Wake\n|-end|p1a: Walking Wake|Protosynthesis|[silent]\n|move|p1b: Chi-Yu|Dark Pulse|p2a: Gastrodon\n|-activate|p2a: Gastrodon|move: Protect\n|\n|-weather|SunnyDay|[upkeep]\n|-heal|p2b: Zygarde|89\/100|[from] item: Leftovers\n|-heal|p2a: Gastrodon|72\/100|[from] item: Leftovers\n|upkeep\n|turn|10\n|-message|cheshen\u749f forfeited.\n|\n|win|Miiirza\n|raw|cheshen\u749f's rating: 1393 &rarr; <strong>1382<\/strong><br \/>(-11 for losing)\n|raw|Miiirza's rating: 1563 &rarr; <strong>1574<\/strong><br \/>(+11 for winning)\n|l|\u2606cheshen\u749f\n","uploadtime":1697455403,"views":13,"p1id":"cheshen","p2id":"miiirza","formatid":"gen9nationaldexdoubles","rating":1382,"private":0,"password":""}