{"id":"gen9nationaldexdoubles-1989366734","p1":"decidoustree","p2":"MarcusTalks","format":"[Gen 9] National Dex Doubles","log":"|j|\u2606decidoustree\n|j|\u2606MarcusTalks\n|t:|1699841386\n|gametype|doubles\n|player|p1|decidoustree|cheren-gen5bw2|\n|player|p2|MarcusTalks|steven|\n|teamsize|p1|6\n|teamsize|p2|6\n|gen|9\n|tier|[Gen 9] National Dex Doubles\n|rule|HP Percentage Mod: HP is shown in percentages\n|rule|Endless Battle Clause: Forcing endless battles is banned\n|rule|OHKO Clause: OHKO moves are banned\n|rule|Evasion Moves Clause: Evasion moves are banned\n|rule|Evasion Abilities Clause: Evasion abilities are banned\n|rule|Species Clause: Limit one of each Pok\u00e9mon\n|rule|Gravity Sleep Clause: The combination of sleep-inducing moves with imperfect accuracy and Gravity or Gigantamax Orbeetle are banned\n|clearpoke\n|poke|p1|Indeedee-F, F|\n|poke|p1|Scolipede, M|\n|poke|p1|Audino, F|\n|poke|p1|Garbodor, M|\n|poke|p1|Aegislash, M|\n|poke|p1|Krookodile, M|\n|poke|p2|Sinistcha-Masterpiece|\n|poke|p2|Kommo-o, M|\n|poke|p2|Ninetales-Alola, F|\n|poke|p2|Arcanine-Hisui, M|\n|poke|p2|Sableye, M|\n|poke|p2|Iron Hands|\n|teampreview\n|c|\u2606MarcusTalks|glhf\n|\n|t:|1699841412\n|start\n|switch|p1a: Acidic Chloride|Scolipede, M|100\/100\n|switch|p1b: Amide|Indeedee-F, F|100\/100\n|switch|p2a: Iron Hands|Iron Hands|100\/100\n|switch|p2b: Sableye|Sableye, M, shiny|100\/100\n|-fieldstart|move: Psychic Terrain|[from] ability: Psychic Surge|[of] p1b: Amide\n|turn|1\n|\n|t:|1699841437\n|-terastallize|p1b: Amide|Psychic\n|move|p2b: Sableye|Taunt|p1b: Amide\n|-activate|p1b: Amide|move: Psychic Terrain\n|move|p1a: Acidic Chloride|Rock Slide|p2b: Sableye|[spread] p2a,p2b\n|-resisted|p2a: Iron Hands\n|-damage|p2a: Iron Hands|95\/100\n|-damage|p2b: Sableye|83\/100\n|move|p1b: Amide|Expanding Force|p2a: Iron Hands|[spread] p2a\n|-immune|p2b: Sableye\n|-supereffective|p2a: Iron Hands\n|-damage|p2a: Iron Hands|0 fnt\n|faint|p2a: Iron Hands\n|-end|p2a: Iron Hands|Quark Drive|[silent]\n|\n|-ability|p1a: Acidic Chloride|Speed Boost|boost\n|-boost|p1a: Acidic Chloride|spe|1\n|upkeep\n|\n|t:|1699841467\n|switch|p2a: Ninetales|Ninetales-Alola, F, shiny|100\/100\n|-weather|Snow|[from] ability: Snow Warning|[of] p2a: Ninetales\n|turn|2\n|\n|t:|1699841481\n|move|p2a: Ninetales|Protect|p2a: Ninetales\n|-singleturn|p2a: Ninetales|Protect\n|move|p2b: Sableye|Substitute|p2b: Sableye\n|-start|p2b: Sableye|Substitute\n|-damage|p2b: Sableye|58\/100\n|move|p1a: Acidic Chloride|Swords Dance|p1a: Acidic Chloride\n|-boost|p1a: Acidic Chloride|atk|2\n|move|p1b: Amide|Expanding Force|p2b: Sableye|[spread] \n|-activate|p2a: Ninetales|move: Protect\n|-immune|p2b: Sableye\n|\n|-weather|Snow|[upkeep]\n|-ability|p1a: Acidic Chloride|Speed Boost|boost\n|-boost|p1a: Acidic Chloride|spe|1\n|upkeep\n|turn|3\n|\n|t:|1699841509\n|move|p1a: Acidic Chloride|Poison Jab|p2a: Ninetales\n|-supereffective|p2a: Ninetales\n|-damage|p2a: Ninetales|0 fnt\n|faint|p2a: Ninetales\n|move|p1b: Amide|Expanding Force|p2b: Sableye\n|-immune|p2b: Sableye\n|move|p2b: Sableye|Dark Pulse|p1b: Amide\n|-supereffective|p1b: Amide\n|-damage|p1b: Amide|74\/100\n|\n|-weather|Snow|[upkeep]\n|-ability|p1a: Acidic Chloride|Speed Boost|boost\n|-boost|p1a: Acidic Chloride|spe|1\n|upkeep\n|\n|t:|1699841528\n|switch|p2a: Kommo-o|Kommo-o, M, shiny|100\/100\n|turn|4\n|\n|t:|1699841541\n|detailschange|p2b: Sableye|Sableye-Mega, M, shiny\n|-mega|p2b: Sableye|Sableye|Sablenite\n|-terastallize|p2a: Kommo-o|Steel\n|move|p1a: Acidic Chloride|Poison Jab|p2a: Kommo-o\n|-immune|p2a: Kommo-o\n|move|p2a: Kommo-o|Clangorous Soul|p2a: Kommo-o\n|-boost|p2a: Kommo-o|atk|1\n|-boost|p2a: Kommo-o|def|1\n|-boost|p2a: Kommo-o|spa|1\n|-boost|p2a: Kommo-o|spd|1\n|-boost|p2a: Kommo-o|spe|1\n|-damage|p2a: Kommo-o|68\/100\n|-enditem|p2a: Kommo-o|Throat Spray\n|-boost|p2a: Kommo-o|spa|1|[from] item: Throat Spray\n|move|p1b: Amide|Expanding Force|p2b: Sableye|[spread] p2a\n|-immune|p2b: Sableye\n|-resisted|p2a: Kommo-o\n|-damage|p2a: Kommo-o|37\/100\n|move|p2b: Sableye|Dark Pulse|p1b: Amide\n|-supereffective|p1b: Amide\n|-damage|p1b: Amide|42\/100\n|\n|-weather|Snow|[upkeep]\n|-ability|p1a: Acidic Chloride|Speed Boost|boost\n|-boost|p1a: Acidic Chloride|spe|1\n|upkeep\n|turn|5\n|j| Parz187\n|c| Parz187|GLHF\n|c|\u2606MarcusTalks|you're gonna sweep I think, and this is not luck\n|\n|t:|1699841579\n|switch|p1b: Amine|Audino, F|100\/100\n|switch|p2b: Sinistcha|Sinistcha-Masterpiece, shiny|100\/100\n|-heal|p2a: Kommo-o|62\/100|[from] ability: Hospitality|[of] p2b: Sinistcha\n|move|p1a: Acidic Chloride|Earthquake|p2b: Sinistcha|[spread] p1b,p2a,p2b\n|-supereffective|p2a: Kommo-o\n|-resisted|p2b: Sinistcha\n|-crit|p2b: Sinistcha\n|-damage|p1b: Amine|60\/100\n|-damage|p2a: Kommo-o|0 fnt\n|-damage|p2b: Sinistcha|73\/100\n|faint|p2a: Kommo-o\n|\n|-weather|Snow|[upkeep]\n|-fieldend|move: Psychic Terrain\n|-ability|p1a: Acidic Chloride|Speed Boost|boost\n|-boost|p1a: Acidic Chloride|spe|1\n|upkeep\n|c|\u2606MarcusTalks|yeah you sweep this game\n|\n|t:|1699841600\n|switch|p2a: Sableye|Sableye-Mega, M, shiny|58\/100\n|turn|6\n|\n|t:|1699841619\n|move|p1a: Acidic Chloride|Poison Jab|p2b: Sinistcha\n|-damage|p2b: Sinistcha|17\/100\n|-damage|p1a: Acidic Chloride|84\/100|[from] item: Rocky Helmet|[of] p2b: Sinistcha\n|move|p2b: Sinistcha|Matcha Gotcha|p1a: Acidic Chloride|[spread] p1a,p1b\n|-resisted|p1a: Acidic Chloride\n|-damage|p1a: Acidic Chloride|74\/100\n|-heal|p2b: Sinistcha|21\/100|[from] drain|[of] p1a: Acidic Chloride\n|-damage|p1b: Amine|42\/100\n|-heal|p2b: Sinistcha|30\/100|[from] drain|[of] p1b: Amine\n|move|p1b: Amine|Draining Kiss|p2a: Sableye\n|-supereffective|p2a: Sableye\n|-damage|p2a: Sableye|43\/100\n|-heal|p1b: Amine|53\/100|[from] drain|[of] p2a: Sableye\n|move|p2a: Sableye|Taunt|p1b: Amine\n|-start|p1b: Amine|move: Taunt\n|\n|-weather|none\n|-ability|p1a: Acidic Chloride|Speed Boost|boost\n|-boost|p1a: Acidic Chloride|spe|1\n|upkeep\n|turn|7\n|\n|t:|1699841660\n|switch|p2b: Arcanine|Arcanine-Hisui, M, shiny|100\/100\n|detailschange|p1b: Amine|Audino-Mega, F\n|-mega|p1b: Amine|Audino|Audinite\n|move|p1a: Acidic Chloride|Poison Jab|p2b: Arcanine\n|-resisted|p2b: Arcanine\n|-damage|p2b: Arcanine|51\/100\n|move|p1b: Amine|Draining Kiss|p2a: Sableye\n|-supereffective|p2a: Sableye\n|-damage|p2a: Sableye|15\/100\n|-heal|p1b: Amine|71\/100|[from] drain|[of] p2a: Sableye\n|move|p2a: Sableye|Substitute|p2a: Sableye\n|-fail|p2a: Sableye|move: Substitute|[weak]\n|\n|upkeep\n|turn|8\n|c|\u2606MarcusTalks|Equake wins here\n|\n|t:|1699841690\n|move|p1a: Acidic Chloride|Earthquake|p2b: Arcanine|[spread] p1b,p2a,p2b\n|-supereffective|p2b: Arcanine\n|-crit|p2b: Arcanine\n|-damage|p1b: Amine|40\/100\n|-damage|p2a: Sableye|0 fnt\n|-damage|p2b: Arcanine|0 fnt\n|faint|p2a: Sableye\n|faint|p2b: Arcanine\n|move|p1b: Amine|Draining Kiss|p2: Sableye|[notarget]\n|-fail|p1b: Amine\n|\n|upkeep\n|\n|t:|1699841699\n|switch|p2b: Sinistcha|Sinistcha-Masterpiece, shiny|30\/100\n|turn|9\n|c|\u2606MarcusTalks|gg\n|\n|t:|1699841710\n|move|p1a: Acidic Chloride|Poison Jab|p2b: Sinistcha\n|-damage|p2b: Sinistcha|0 fnt\n|-damage|p1a: Acidic Chloride|58\/100|[from] item: Rocky Helmet|[of] p2b: Sinistcha\n|faint|p2b: Sinistcha\n|\n|win|decidoustree\n|c|\u2606decidoustree|ah...\n|c|\u2606decidoustree|gg\n|c|\u2606MarcusTalks|stop downplaying yourself\n|l|\u2606MarcusTalks\n|l| Parz187\n","uploadtime":1699841720,"views":38,"p1id":"decidoustree","p2id":"marcustalks","formatid":"gen9nationaldexdoubles","rating":0,"private":0,"password":""}