{"id":"gen9nationaldexdoubles-1985054135","p1":"about9000","p2":"FLOWER-M0DE\u267b\ufe0f","format":"[Gen 9] National Dex Doubles","log":"|j|\u2606about9000\n|j|\u2606FLOWER-M0DE\u267b\ufe0f\n|t:|1699325194\n|gametype|doubles\n|player|p1|about9000|brycenman|1118\n|player|p2|FLOWER-M0DE\u267b\ufe0f|erika-masters|1038\n|teamsize|p1|6\n|teamsize|p2|6\n|gen|9\n|tier|[Gen 9] National Dex Doubles\n|rated|\n|rule|HP Percentage Mod: HP is shown in percentages\n|rule|Endless Battle Clause: Forcing endless battles is banned\n|rule|OHKO Clause: OHKO moves are banned\n|rule|Evasion Moves Clause: Evasion moves are banned\n|rule|Evasion Abilities Clause: Evasion abilities are banned\n|rule|Species Clause: Limit one of each Pok\u00e9mon\n|rule|Gravity Sleep Clause: The combination of sleep-inducing moves with imperfect accuracy and Gravity or Gigantamax Orbeetle are banned\n|clearpoke\n|poke|p1|Zarude-Dada|\n|poke|p1|Rillaboom, F|\n|poke|p1|Grafaiai, M|\n|poke|p1|Slaking, F|\n|poke|p1|Coalossal, M|\n|poke|p1|Chi-Yu|\n|poke|p2|Zarude-Dada|\n|poke|p2|Victreebel, F|\n|poke|p2|Cradily, F|\n|poke|p2|Vileplume, F|\n|poke|p2|Exeggutor, M|\n|poke|p2|Tangrowth, F|\n|teampreview\n|\n|t:|1699325223\n|start\n|switch|p1a: Coalossal|Coalossal, M|100\/100\n|switch|p1b: Chi-Yu|Chi-Yu|100\/100\n|switch|p2a: \ud83c\udf8bZURADE\ud83c\udf3e\ud83c\udf3f|Zarude-Dada|100\/100\n|switch|p2b: \ud83c\udf3a\ud83d\udc90TANGROWTH\ud83e\udeb4|Tangrowth, F, shiny|100\/100\n|-ability|p1b: Chi-Yu|Beads of Ruin\n|turn|1\n|j| KingoftheTitans\n|l| KingoftheTitans\n|\n|t:|1699325250\n|-terastallize|p1a: Coalossal|Steel\n|move|p2a: \ud83c\udf8bZURADE\ud83c\udf3e\ud83c\udf3f|Sunny Day|p2a: \ud83c\udf8bZURADE\ud83c\udf3e\ud83c\udf3f\n|-weather|SunnyDay\n|move|p2b: \ud83c\udf3a\ud83d\udc90TANGROWTH\ud83e\udeb4|Grassy Terrain|p2b: \ud83c\udf3a\ud83d\udc90TANGROWTH\ud83e\udeb4\n|-fieldstart|move: Grassy Terrain\n|move|p1b: Chi-Yu|Lava Plume|p2a: \ud83c\udf8bZURADE\ud83c\udf3e\ud83c\udf3f|[spread] p1a,p2a,p2b\n|-supereffective|p1a: Coalossal\n|-supereffective|p2a: \ud83c\udf8bZURADE\ud83c\udf3e\ud83c\udf3f\n|-supereffective|p2b: \ud83c\udf3a\ud83d\udc90TANGROWTH\ud83e\udeb4\n|-damage|p1a: Coalossal|0 fnt\n|-damage|p2a: \ud83c\udf8bZURADE\ud83c\udf3e\ud83c\udf3f|0 fnt\n|-damage|p2b: \ud83c\udf3a\ud83d\udc90TANGROWTH\ud83e\udeb4|0 fnt\n|faint|p1a: Coalossal\n|faint|p2a: \ud83c\udf8bZURADE\ud83c\udf3e\ud83c\udf3f\n|faint|p2b: \ud83c\udf3a\ud83d\udc90TANGROWTH\ud83e\udeb4\n|\n|-weather|SunnyDay|[upkeep]\n|upkeep\n|c|\u2606about9000|oops\n|\n|t:|1699325275\n|switch|p2a: \ud83c\udf34EXEGGUTOR\ud83c\udf34|Exeggutor, M|100\/100\n|switch|p2b: \ud83c\udf3aVICTREEBEL\ud83c\udf37|Victreebel, F, shiny|100\/100\n|switch|p1a: Grafaiai|Grafaiai, M|100\/100\n|turn|2\n|\n|t:|1699325298\n|-terastallize|p2a: \ud83c\udf34EXEGGUTOR\ud83c\udf34|Grass\n|move|p1a: Grafaiai|Protect|p1a: Grafaiai\n|-singleturn|p1a: Grafaiai|Protect\n|move|p2b: \ud83c\udf3aVICTREEBEL\ud83c\udf37|Solar Beam||[still]\n|-prepare|p2b: \ud83c\udf3aVICTREEBEL\ud83c\udf37|Solar Beam\n|-anim|p2b: \ud83c\udf3aVICTREEBEL\ud83c\udf37|Solar Beam|p1b: Chi-Yu\n|-resisted|p1b: Chi-Yu\n|-damage|p1b: Chi-Yu|61\/100\n|move|p2a: \ud83c\udf34EXEGGUTOR\ud83c\udf34|Solar Beam||[still]\n|-prepare|p2a: \ud83c\udf34EXEGGUTOR\ud83c\udf34|Solar Beam\n|-anim|p2a: \ud83c\udf34EXEGGUTOR\ud83c\udf34|Solar Beam|p1b: Chi-Yu\n|-resisted|p1b: Chi-Yu\n|-damage|p1b: Chi-Yu|0 fnt\n|faint|p1b: Chi-Yu\n|\n|-weather|SunnyDay|[upkeep]\n|upkeep\n|\n|t:|1699325313\n|switch|p1b: Slaking|Slaking, F|100\/100\n|turn|3\n|\n|t:|1699325330\n|move|p1a: Grafaiai|Doodle|p2b: \ud83c\udf3aVICTREEBEL\ud83c\udf37\n|-endability|p1a: Grafaiai|Prankster|[from] move: Doodle\n|-ability|p1a: Grafaiai|Chlorophyll|[from] move: Doodle\n|-endability|p1b: Slaking|Truant|[from] move: Doodle\n|-ability|p1b: Slaking|Chlorophyll|[from] move: Doodle\n|move|p1b: Slaking|Play Rough|p2a: \ud83c\udf34EXEGGUTOR\ud83c\udf34\n|-damage|p2a: \ud83c\udf34EXEGGUTOR\ud83c\udf34|56\/100\n|move|p2b: \ud83c\udf3aVICTREEBEL\ud83c\udf37|Solar Beam||[still]\n|-prepare|p2b: \ud83c\udf3aVICTREEBEL\ud83c\udf37|Solar Beam\n|-anim|p2b: \ud83c\udf3aVICTREEBEL\ud83c\udf37|Solar Beam|p1b: Slaking\n|-damage|p1b: Slaking|28\/100\n|move|p2a: \ud83c\udf34EXEGGUTOR\ud83c\udf34|Solar Beam||[still]\n|-prepare|p2a: \ud83c\udf34EXEGGUTOR\ud83c\udf34|Solar Beam\n|-anim|p2a: \ud83c\udf34EXEGGUTOR\ud83c\udf34|Solar Beam|p1b: Slaking\n|-damage|p1b: Slaking|0 fnt\n|faint|p1b: Slaking\n|\n|-weather|SunnyDay|[upkeep]\n|-heal|p2a: \ud83c\udf34EXEGGUTOR\ud83c\udf34|62\/100|[from] Grassy Terrain\n|upkeep\n|\n|t:|1699325349\n|switch|p1b: Rillaboom|Rillaboom, F|100\/100\n|-enditem|p1b: Rillaboom|Grassy Seed\n|-boost|p1b: Rillaboom|def|1|[from] item: Grassy Seed\n|turn|4\n|\n|t:|1699325369\n|move|p1a: Grafaiai|Switcheroo|p2a: \ud83c\udf34EXEGGUTOR\ud83c\udf34\n|-activate|p1a: Grafaiai|move: Trick|[of] p2a: \ud83c\udf34EXEGGUTOR\ud83c\udf34\n|-item|p2a: \ud83c\udf34EXEGGUTOR\ud83c\udf34|Black Sludge|[from] move: Switcheroo\n|-item|p1a: Grafaiai|Meadow Plate|[from] move: Switcheroo\n|move|p2b: \ud83c\udf3aVICTREEBEL\ud83c\udf37|Solar Beam||[still]\n|-prepare|p2b: \ud83c\udf3aVICTREEBEL\ud83c\udf37|Solar Beam\n|-anim|p2b: \ud83c\udf3aVICTREEBEL\ud83c\udf37|Solar Beam|p1b: Rillaboom\n|-resisted|p1b: Rillaboom\n|-damage|p1b: Rillaboom|62\/100\n|move|p2a: \ud83c\udf34EXEGGUTOR\ud83c\udf34|Solar Beam||[still]\n|-prepare|p2a: \ud83c\udf34EXEGGUTOR\ud83c\udf34|Solar Beam\n|-anim|p2a: \ud83c\udf34EXEGGUTOR\ud83c\udf34|Solar Beam|p1b: Rillaboom\n|-resisted|p1b: Rillaboom\n|-damage|p1b: Rillaboom|0 fnt\n|faint|p1b: Rillaboom\n|\n|-weather|SunnyDay|[upkeep]\n|-heal|p2a: \ud83c\udf34EXEGGUTOR\ud83c\udf34|68\/100|[from] Grassy Terrain\n|-damage|p2a: \ud83c\udf34EXEGGUTOR\ud83c\udf34|55\/100|[from] item: Black Sludge\n|upkeep\n|\n|t:|1699325383\n|switch|p1b: Zarude|Zarude-Dada|100\/100\n|turn|5\n|c|\u2606about9000|well good for you\n|\n|t:|1699325409\n|move|p1b: Zarude|Grassy Glide|p2a: \ud83c\udf34EXEGGUTOR\ud83c\udf34\n|-resisted|p2a: \ud83c\udf34EXEGGUTOR\ud83c\udf34\n|-damage|p2a: \ud83c\udf34EXEGGUTOR\ud83c\udf34|26\/100\n|-damage|p1b: Zarude|91\/100|[from] item: Life Orb\n|move|p1a: Grafaiai|Toxic|p2a: \ud83c\udf34EXEGGUTOR\ud83c\udf34\n|-status|p2a: \ud83c\udf34EXEGGUTOR\ud83c\udf34|tox\n|move|p2b: \ud83c\udf3aVICTREEBEL\ud83c\udf37|Solar Beam||[still]\n|-prepare|p2b: \ud83c\udf3aVICTREEBEL\ud83c\udf37|Solar Beam\n|-anim|p2b: \ud83c\udf3aVICTREEBEL\ud83c\udf37|Solar Beam|p1b: Zarude\n|-resisted|p1b: Zarude\n|-damage|p1b: Zarude|54\/100\n|move|p2a: \ud83c\udf34EXEGGUTOR\ud83c\udf34|Leaf Storm|p1b: Zarude\n|-resisted|p1b: Zarude\n|-damage|p1b: Zarude|0 fnt\n|-unboost|p2a: \ud83c\udf34EXEGGUTOR\ud83c\udf34|spa|2\n|faint|p1b: Zarude\n|\n|-weather|SunnyDay|[upkeep]\n|-heal|p2a: \ud83c\udf34EXEGGUTOR\ud83c\udf34|32\/100 tox|[from] Grassy Terrain\n|-damage|p2a: \ud83c\udf34EXEGGUTOR\ud83c\udf34|20\/100 tox|[from] item: Black Sludge\n|-damage|p2a: \ud83c\udf34EXEGGUTOR\ud83c\udf34|14\/100 tox|[from] psn\n|upkeep\n|turn|6\n|\n|t:|1699325441\n|move|p1a: Grafaiai|Protect|p1a: Grafaiai\n|-singleturn|p1a: Grafaiai|Protect\n|move|p2b: \ud83c\udf3aVICTREEBEL\ud83c\udf37|Solar Beam||[still]\n|-prepare|p2b: \ud83c\udf3aVICTREEBEL\ud83c\udf37|Solar Beam\n|-anim|p2b: \ud83c\udf3aVICTREEBEL\ud83c\udf37|Solar Beam|p1a: Grafaiai\n|-activate|p1a: Grafaiai|move: Protect\n|move|p2a: \ud83c\udf34EXEGGUTOR\ud83c\udf34|Leaf Storm|p1a: Grafaiai\n|-activate|p1a: Grafaiai|move: Protect\n|\n|-weather|SunnyDay|[upkeep]\n|-heal|p2a: \ud83c\udf34EXEGGUTOR\ud83c\udf34|20\/100 tox|[from] Grassy Terrain\n|-damage|p2a: \ud83c\udf34EXEGGUTOR\ud83c\udf34|7\/100 tox|[from] item: Black Sludge\n|-damage|p2a: \ud83c\udf34EXEGGUTOR\ud83c\udf34|0 fnt|[from] psn\n|faint|p2a: \ud83c\udf34EXEGGUTOR\ud83c\udf34\n|upkeep\n|c|\u2606about9000|now i forfit\n|\n|t:|1699325464\n|switch|p2a: \ud83d\udc90\ud83c\udf40VILEPLUME\ud83c\udf40\u2618\ufe0f|Vileplume, F, shiny|100\/100\n|turn|7\n|c|\u2606about9000|well actually\n|c|\u2606about9000|you earned the kill\n|\n|t:|1699325482\n|move|p1a: Grafaiai|Doodle||[still]\n|-fail|p1a: Grafaiai\n|move|p2b: \ud83c\udf3aVICTREEBEL\ud83c\udf37|Solar Beam||[still]\n|-prepare|p2b: \ud83c\udf3aVICTREEBEL\ud83c\udf37|Solar Beam\n|-anim|p2b: \ud83c\udf3aVICTREEBEL\ud83c\udf37|Solar Beam|p1a: Grafaiai\n|-resisted|p1a: Grafaiai\n|-damage|p1a: Grafaiai|46\/100\n|move|p2a: \ud83d\udc90\ud83c\udf40VILEPLUME\ud83c\udf40\u2618\ufe0f|Solar Beam||[still]\n|-prepare|p2a: \ud83d\udc90\ud83c\udf40VILEPLUME\ud83c\udf40\u2618\ufe0f|Solar Beam\n|-anim|p2a: \ud83d\udc90\ud83c\udf40VILEPLUME\ud83c\udf40\u2618\ufe0f|Solar Beam|p1a: Grafaiai\n|-resisted|p1a: Grafaiai\n|-damage|p1a: Grafaiai|0 fnt\n|faint|p1a: Grafaiai\n|\n|win|FLOWER-M0DE\u267b\ufe0f\n|raw|about9000's rating: 1118 &rarr; <strong>1087<\/strong><br \/>(-31 for losing)\n|raw|FLOWER-M0DE\u267b\ufe0f's rating: 1038 &rarr; <strong>1080<\/strong><br \/>(+42 for winning)\n|c|\u2606about9000|gg\n|l|\u2606about9000\n","uploadtime":1699325680,"views":5,"p1id":"about9000","p2id":"flowerm0de","formatid":"gen9nationaldexdoubles","rating":1080,"private":0,"password":""}