{"id":"gen9nationaldexdoubles-1974637639","p1":"MasterHand","p2":"Alterphyco21","format":"[Gen 9] National Dex Doubles","log":"|j|\u2606MasterHand\n|j|\u2606Alterphyco21\n|t:|1698105224\n|gametype|doubles\n|player|p1|MasterHand|volkner|1330\n|player|p2|Alterphyco21|cynthia|1400\n|teamsize|p1|6\n|teamsize|p2|6\n|gen|9\n|tier|[Gen 9] National Dex Doubles\n|rated|\n|rule|HP Percentage Mod: HP is shown in percentages\n|rule|Endless Battle Clause: Forcing endless battles is banned\n|rule|OHKO Clause: OHKO moves are banned\n|rule|Evasion Moves Clause: Evasion moves are banned\n|rule|Evasion Abilities Clause: Evasion abilities are banned\n|rule|Species Clause: Limit one of each Pok\u00e9mon\n|rule|Gravity Sleep Clause: The combination of sleep-inducing moves with imperfect accuracy and Gravity or Gigantamax Orbeetle are banned\n|clearpoke\n|poke|p1|Blastoise, M|\n|poke|p1|Linoone, F|\n|poke|p1|Slowbro-Galar, M|\n|poke|p1|Mew|\n|poke|p1|Throh, M|\n|poke|p1|Skeledirge, F|\n|poke|p2|Mr. Mime, F|\n|poke|p2|Eevee, F|\n|poke|p2|Espeon, F|\n|poke|p2|Zygarde|\n|poke|p2|Ninetales-Alola, M|\n|poke|p2|Flamigo, F|\n|teampreview\n|c|\u2606MasterHand|Dope team\n|\n|t:|1698105273\n|start\n|switch|p1a: Blastoise|Blastoise, M|100\/100\n|switch|p1b: Slowbro|Slowbro-Galar, M|100\/100\n|switch|p2a: Eevee|Eevee, F|100\/100\n|switch|p2b: Ninetales|Ninetales-Alola, M|100\/100\n|-weather|Snow|[from] ability: Snow Warning|[of] p2b: Ninetales\n|-ability|p2a: Eevee|Anticipation\n|turn|1\n|\n|t:|1698105316\n|move|p2b: Ninetales|Aurora Veil|p2b: Ninetales\n|-sidestart|p2: Alterphyco21|move: Aurora Veil\n|-zpower|p2a: Eevee\n|move|p2a: Eevee|Extreme Evoboost|p2a: Eevee\n|-boost|p2a: Eevee|atk|2\n|-boost|p2a: Eevee|def|2\n|-boost|p2a: Eevee|spa|2\n|-boost|p2a: Eevee|spd|2\n|-boost|p2a: Eevee|spe|2\n|move|p1a: Blastoise|Yawn|p2a: Eevee\n|-start|p2a: Eevee|move: Yawn|[of] p1a: Blastoise\n|move|p1b: Slowbro|Trick Room|p1b: Slowbro\n|-fieldstart|move: Trick Room|[of] p1b: Slowbro\n|\n|-weather|Snow|[upkeep]\n|upkeep\n|turn|2\n|\n|t:|1698105336\n|move|p1b: Slowbro|Belly Drum|p1b: Slowbro\n|-damage|p1b: Slowbro|50\/100\n|-setboost|p1b: Slowbro|atk|6|[from] move: Belly Drum\n|-enditem|p1b: Slowbro|Sitrus Berry|[eat]\n|-heal|p1b: Slowbro|75\/100|[from] item: Sitrus Berry\n|move|p1a: Blastoise|Yawn|p2b: Ninetales\n|-start|p2b: Ninetales|move: Yawn|[of] p1a: Blastoise\n|move|p2b: Ninetales|Psych Up|p2a: Eevee\n|-copyboost|p2b: Ninetales|p2a: Eevee|[from] move: Psych Up\n|move|p2a: Eevee|Baton Pass|p2a: Eevee\n|\n|t:|1698105354\n|switch|p2a: Zygarde|Zygarde|100\/100|[from] Baton Pass\n|-ability|p2a: Zygarde|Aura Break\n|\n|-weather|Snow|[upkeep]\n|upkeep\n|turn|3\n|\n|t:|1698105375\n|switch|p2b: Flamigo|Flamigo, F|100\/100\n|-copyboost|p2b: Flamigo|p2a: Zygarde|[from] ability: Costar\n|move|p1a: Blastoise|Follow Me|p1a: Blastoise\n|-singleturn|p1a: Blastoise|move: Follow Me\n|move|p1b: Slowbro|Drain Punch|p2a: Zygarde\n|-damage|p2a: Zygarde|76\/100\n|-heal|p1b: Slowbro|87\/100|[from] drain|[of] p2a: Zygarde\n|move|p2a: Zygarde|Thousand Arrows|p1a: Blastoise|[spread] p1a,p1b\n|-supereffective|p1b: Slowbro\n|-damage|p1a: Blastoise|46\/100\n|-damage|p1b: Slowbro|0 fnt\n|faint|p1b: Slowbro\n|-enditem|p1a: Blastoise|Eject Button\n|\n|t:|1698105402\n|switch|p1a: Mew|Mew|100\/100\n|\n|-weather|Snow|[upkeep]\n|-heal|p2a: Zygarde|82\/100|[from] item: Leftovers\n|upkeep\n|\n|t:|1698105405\n|switch|p1b: Throh|Throh, M|100\/100\n|turn|4\n|\n|t:|1698105431\n|-terastallize|p2a: Zygarde|Steel\n|move|p1b: Throh|Mat Block|p1b: Throh\n|-singleturn|p1b: Throh|Mat Block\n|move|p1a: Mew|Imprison|p1a: Mew\n|-start|p1a: Mew|move: Imprison\n|move|p2b: Flamigo|Dual Wingbeat|p1a: Mew\n|-activate|p1a: Mew|move: Mat Block|Dual Wingbeat\n|move|p2a: Zygarde|Crunch|p1a: Mew\n|-activate|p1a: Mew|move: Mat Block|Crunch\n|\n|-weather|Snow|[upkeep]\n|-heal|p2a: Zygarde|88\/100|[from] item: Leftovers\n|upkeep\n|turn|5\n|\n|t:|1698105461\n|move|p2a: Zygarde|Extreme Speed|p1a: Mew\n|-damage|p1a: Mew|52\/100\n|move|p1b: Throh|Knock Off|p2b: Flamigo\n|-resisted|p2b: Flamigo\n|-damage|p2b: Flamigo|93\/100\n|-enditem|p2b: Flamigo|Leftovers|[from] move: Knock Off|[of] p1b: Throh\n|move|p1a: Mew|Transform|p2a: Zygarde\n|-transform|p1a: Mew|p2a: Zygarde\n|-ability|p1a: Mew|Aura Break\n|move|p2b: Flamigo|Dual Wingbeat|p1a: Mew|[miss]\n|-miss|p2b: Flamigo|p1a: Mew\n|\n|-weather|none\n|-heal|p2a: Zygarde|95\/100|[from] item: Leftovers\n|-sideend|p2: Alterphyco21|move: Aurora Veil\n|-fieldend|move: Trick Room\n|upkeep\n|-start|p1a: Mew|typechange|Dragon\/Ground|[silent]\n|turn|6\n|\n|t:|1698105494\n|-activate|p2a: Zygarde|move: Struggle\n|move|p2a: Zygarde|Struggle|p1b: Throh\n|-damage|p1b: Throh|74\/100\n|-damage|p2a: Zygarde|70\/100|[from] recoil\n|move|p1a: Mew|Breaking Swipe|p2a: Zygarde|[spread] p2a,p2b\n|-resisted|p2a: Zygarde\n|-damage|p2a: Zygarde|62\/100\n|-damage|p2b: Flamigo|63\/100\n|-unboost|p2a: Zygarde|atk|1\n|-unboost|p2b: Flamigo|atk|1\n|move|p2b: Flamigo|Dual Wingbeat|p1a: Mew\n|-damage|p1a: Mew|39\/100\n|-damage|p1a: Mew|27\/100\n|-hitcount|p1a: Mew|2\n|move|p1b: Throh|Knock Off|p2a: Zygarde\n|-damage|p2a: Zygarde|49\/100\n|-enditem|p2a: Zygarde|Leftovers|[from] move: Knock Off|[of] p1b: Throh\n|\n|upkeep\n|turn|7\n|\n|t:|1698105528\n|-activate|p2a: Zygarde|move: Struggle\n|move|p2a: Zygarde|Struggle|p1a: Mew\n|-damage|p1a: Mew|18\/100\n|-damage|p2a: Zygarde|24\/100|[from] recoil\n|move|p1a: Mew|Thousand Arrows|p2a: Zygarde|[spread] p2a,p2b\n|-supereffective|p2a: Zygarde\n|-damage|p2a: Zygarde|0 fnt\n|-damage|p2b: Flamigo|22\/100\n|-start|p2b: Flamigo|Smack Down\n|faint|p2a: Zygarde\n|move|p2b: Flamigo|Dual Wingbeat|p1a: Mew\n|-damage|p1a: Mew|5\/100\n|-damage|p1a: Mew|0 fnt\n|faint|p1a: Mew\n|-hitcount|p1: Mew|2\n|move|p1b: Throh|Superpower|p2b: Flamigo\n|-resisted|p2b: Flamigo\n|-crit|p2b: Flamigo\n|-damage|p2b: Flamigo|0 fnt\n|-unboost|p1b: Throh|atk|1\n|-unboost|p1b: Throh|def|1\n|-enditem|p1b: Throh|Eject Pack\n|faint|p2b: Flamigo\n|\n|t:|1698105548\n|switch|p1b: Linoone|Linoone, F|100\/100\n|\n|upkeep\n|\n|t:|1698105558\n|switch|p1a: Blastoise|Blastoise, M|46\/100\n|switch|p2a: Mr. Mime|Mr. Mime, F|100\/100\n|switch|p2b: Ninetales|Ninetales-Alola, M|100\/100\n|-weather|Snow|[from] ability: Snow Warning|[of] p2b: Ninetales\n|turn|8\n|\n|t:|1698105585\n|move|p2a: Mr. Mime|Fake Out|p1b: Linoone\n|-damage|p1b: Linoone|92\/100\n|move|p2b: Ninetales|Blizzard|p1a: Blastoise|[spread] p1a,p1b\n|-resisted|p1a: Blastoise\n|-crit|p1b: Linoone\n|-damage|p1a: Blastoise|32\/100\n|-damage|p1b: Linoone|12\/100\n|-enditem|p1b: Linoone|Aguav Berry|[eat]\n|-heal|p1b: Linoone|45\/100|[from] item: Aguav Berry\n|cant|p1b: Linoone|flinch\n|move|p1a: Blastoise|Yawn|p2b: Ninetales\n|-start|p2b: Ninetales|move: Yawn|[of] p1a: Blastoise\n|\n|-weather|Snow|[upkeep]\n|upkeep\n|turn|9\n|\n|t:|1698105604\n|switch|p1b: Skeledirge|Skeledirge, F|100\/100\n|move|p1a: Blastoise|Protect|p1a: Blastoise\n|-singleturn|p1a: Blastoise|Protect\n|move|p2a: Mr. Mime|Follow Me|p2a: Mr. Mime\n|-singleturn|p2a: Mr. Mime|move: Follow Me\n|move|p2b: Ninetales|Blizzard|p1b: Skeledirge|[spread] p1b\n|-activate|p1a: Blastoise|move: Protect\n|-resisted|p1b: Skeledirge\n|-damage|p1b: Skeledirge|84\/100\n|\n|-weather|Snow|[upkeep]\n|-heal|p1b: Skeledirge|91\/100|[from] item: Leftovers\n|-end|p2b: Ninetales|move: Yawn|[silent]\n|-status|p2b: Ninetales|slp\n|upkeep\n|turn|10\n|\n|t:|1698105615\n|move|p2a: Mr. Mime|Follow Me|p2a: Mr. Mime\n|-singleturn|p2a: Mr. Mime|move: Follow Me\n|cant|p2b: Ninetales|slp\n|move|p1b: Skeledirge|Torch Song|p2a: Mr. Mime\n|-damage|p2a: Mr. Mime|69\/100\n|-boost|p1b: Skeledirge|spa|1\n|move|p1a: Blastoise|Yawn|p2a: Mr. Mime\n|-start|p2a: Mr. Mime|move: Yawn|[of] p1a: Blastoise\n|\n|-weather|Snow|[upkeep]\n|-heal|p1b: Skeledirge|97\/100|[from] item: Leftovers\n|upkeep\n|turn|11\n|\n|t:|1698105625\n|move|p2a: Mr. Mime|Follow Me|p2a: Mr. Mime\n|-singleturn|p2a: Mr. Mime|move: Follow Me\n|-curestatus|p2b: Ninetales|slp|[msg]\n|move|p2b: Ninetales|Aurora Veil|p2b: Ninetales\n|-sidestart|p2: Alterphyco21|move: Aurora Veil\n|move|p1b: Skeledirge|Torch Song|p2a: Mr. Mime\n|-damage|p2a: Mr. Mime|40\/100\n|-boost|p1b: Skeledirge|spa|1\n|move|p1a: Blastoise|Water Pledge|p2a: Mr. Mime\n|-damage|p2a: Mr. Mime|11\/100\n|\n|-weather|Snow|[upkeep]\n|-heal|p1b: Skeledirge|100\/100|[from] item: Leftovers\n|-end|p2a: Mr. Mime|move: Yawn|[silent]\n|-status|p2a: Mr. Mime|slp\n|upkeep\n|turn|12\n|\n|t:|1698105639\n|switch|p2b: Eevee|Eevee, F|100\/100\n|cant|p2a: Mr. Mime|slp\n|move|p1a: Blastoise|Yawn|p2b: Eevee\n|-start|p2b: Eevee|move: Yawn|[of] p1a: Blastoise\n|move|p1b: Skeledirge|Roar|p2b: Eevee\n|drag|p2b: Espeon|Espeon, F|100\/100\n|\n|-weather|none\n|upkeep\n|turn|13\n|-message|Alterphyco21 forfeited.\n|\n|win|MasterHand\n|raw|MasterHand's rating: 1330 &rarr; <strong>1354<\/strong><br \/>(+24 for winning)\n|raw|Alterphyco21's rating: 1400 &rarr; <strong>1376<\/strong><br \/>(-24 for losing)\n|l|\u2606Alterphyco21\n","uploadtime":1698105680,"views":9,"p1id":"masterhand","p2id":"alterphyco21","formatid":"gen9nationaldexdoubles","rating":1354,"private":0,"password":""}