{"id":"gen9nationaldexdoubles-1972778644","p1":"omegashenronone","p2":"AdvilPills","format":"[Gen 9] National Dex Doubles","log":"|j|\u2606omegashenronone\n|j|\u2606AdvilPills\n|t:|1697893795\n|gametype|doubles\n|player|p1|omegashenronone|hugh|\n|player|p2|AdvilPills|170|\n|teamsize|p1|6\n|teamsize|p2|6\n|gen|9\n|tier|[Gen 9] National Dex Doubles\n|rule|HP Percentage Mod: HP is shown in percentages\n|rule|Endless Battle Clause: Forcing endless battles is banned\n|rule|OHKO Clause: OHKO moves are banned\n|rule|Evasion Moves Clause: Evasion moves are banned\n|rule|Evasion Abilities Clause: Evasion abilities are banned\n|rule|Species Clause: Limit one of each Pok\u00e9mon\n|rule|Gravity Sleep Clause: The combination of sleep-inducing moves with imperfect accuracy and Gravity or Gigantamax Orbeetle are banned\n|clearpoke\n|poke|p1|Pelipper, F|\n|poke|p1|Gyarados, M|\n|poke|p1|Greninja-*, M|\n|poke|p1|Dracovish|\n|poke|p1|Walking Wake|\n|poke|p1|Rotom-Wash|\n|poke|p2|Lopunny, F|\n|poke|p2|Volcarona, F|\n|poke|p2|Toxapex, M|\n|poke|p2|Corviknight, M|\n|poke|p2|Hydreigon, F|\n|poke|p2|Ferrothorn, F|\n|teampreview\n|inactive|Battle timer is ON: inactive players will automatically lose when time's up. (requested by omegashenronone)\n|c|\u2606AdvilPills|Wait, I'm lost, here it says Draco is ubers\n|\n|t:|1697893813\n|start\n|switch|p1a: Happy|Pelipper, F|100\/100\n|switch|p1b: Genji|Greninja, M, shiny|100\/100\n|switch|p2a: Lopunny|Lopunny, F|100\/100\n|switch|p2b: Hydreigon|Hydreigon, F|100\/100\n|-weather|RainDance|[from] ability: Drizzle|[of] p1a: Happy\n|turn|1\n|\n|t:|1697893836\n|switch|p1b: Former rotom phone|Rotom-Wash, shiny|100\/100\n|detailschange|p2a: Lopunny|Lopunny-Mega, F\n|-mega|p2a: Lopunny|Lopunny|Lopunnite\n|move|p2a: Lopunny|Close Combat|p1b: Former rotom phone\n|-damage|p1b: Former rotom phone|18\/100\n|-unboost|p2a: Lopunny|def|1\n|-unboost|p2a: Lopunny|spd|1\n|move|p2b: Hydreigon|Dragon Pulse|p1a: Happy\n|-damage|p1a: Happy|30\/100\n|move|p1a: Happy|Tailwind|p1a: Happy\n|-sidestart|p1: omegashenronone|move: Tailwind\n|\n|-weather|RainDance|[upkeep]\n|upkeep\n|turn|2\n|\n|t:|1697893864\n|switch|p2a: Ferrothorn|Ferrothorn, F|100\/100\n|move|p1b: Former rotom phone|Thunder|p2a: Ferrothorn\n|-resisted|p2a: Ferrothorn\n|-damage|p2a: Ferrothorn|73\/100\n|-damage|p1b: Former rotom phone|8\/100|[from] item: Life Orb\n|move|p1a: Happy|Hurricane|p2a: Ferrothorn\n|-damage|p2a: Ferrothorn|43\/100\n|-start|p2a: Ferrothorn|confusion\n|move|p2b: Hydreigon|Dragon Pulse|p1a: Happy\n|-damage|p1a: Happy|0 fnt\n|faint|p1a: Happy\n|\n|-weather|RainDance|[upkeep]\n|upkeep\n|inactive|omegashenronone has 270 seconds left.\n|\n|t:|1697893885\n|switch|p1a: Waking walk|Walking Wake|100\/100\n|-enditem|p1a: Waking walk|Booster Energy\n|-activate|p1a: Waking walk|ability: Protosynthesis|[fromitem]\n|-start|p1a: Waking walk|protosynthesisspa\n|turn|3\n|\n|t:|1697893911\n|switch|p2b: Toxapex|Toxapex, M|100\/100\n|move|p1a: Waking walk|Dragon Pulse|p2b: Toxapex\n|-damage|p2b: Toxapex|54\/100\n|move|p1b: Former rotom phone|Thunder|p2a: Ferrothorn\n|-resisted|p2a: Ferrothorn\n|-damage|p2a: Ferrothorn|14\/100\n|-damage|p1b: Former rotom phone|0 fnt|[from] item: Life Orb\n|faint|p1b: Former rotom phone\n|-activate|p2a: Ferrothorn|confusion\n|move|p2a: Ferrothorn|Power Whip|p1a: Waking walk\n|-damage|p1a: Waking walk|38\/100\n|\n|-weather|RainDance|[upkeep]\n|-heal|p2b: Toxapex|60\/100|[from] item: Leftovers\n|upkeep\n|c|\u2606omegashenronone|Maybe a glitch or somwthing?\n|inactive|omegashenronone has 270 seconds left.\n|\n|t:|1697893927\n|switch|p1b: Ze Fish?|Dracovish|100\/100\n|turn|4\n|\n|t:|1697893946\n|move|p2b: Toxapex|Baneful Bunker|p2b: Toxapex\n|-singleturn|p2b: Toxapex|move: Protect\n|move|p1b: Ze Fish?|Fishious Rend|p2b: Toxapex\n|-activate|p2b: Toxapex|move: Protect\n|-status|p1b: Ze Fish?|psn\n|move|p1a: Waking walk|Hurricane|p2b: Toxapex\n|-activate|p2b: Toxapex|move: Protect\n|-end|p2a: Ferrothorn|confusion\n|move|p2a: Ferrothorn|Power Whip|p1b: Ze Fish?\n|-damage|p1b: Ze Fish?|40\/100 psn\n|\n|-weather|RainDance|[upkeep]\n|-heal|p2b: Toxapex|66\/100|[from] item: Leftovers\n|-damage|p1b: Ze Fish?|27\/100 psn|[from] psn\n|-sideend|p1: omegashenronone|move: Tailwind\n|upkeep\n|turn|5\n|inactive|AdvilPills has 270 seconds left.\n|\n|t:|1697893978\n|move|p1b: Ze Fish?|Fishious Rend|p2b: Toxapex\n|-resisted|p2b: Toxapex\n|-damage|p2b: Toxapex|21\/100\n|move|p1a: Waking walk|Hurricane|p2a: Ferrothorn\n|-damage|p2a: Ferrothorn|0 fnt\n|faint|p2a: Ferrothorn\n|move|p2b: Toxapex|Toxic|p1a: Waking walk\n|-status|p1a: Waking walk|tox\n|\n|-weather|RainDance|[upkeep]\n|-heal|p2b: Toxapex|27\/100|[from] item: Leftovers\n|-damage|p1b: Ze Fish?|15\/100 psn|[from] psn\n|-damage|p1a: Waking walk|32\/100 tox|[from] psn\n|upkeep\n|inactive|AdvilPills has 270 seconds left.\n|\n|t:|1697894001\n|switch|p2a: Volcarona|Volcarona, F|100\/100\n|turn|6\n|inactive|AdvilPills has 270 seconds left.\n|\n|t:|1697894013\n|move|p2b: Toxapex|Baneful Bunker|p2b: Toxapex\n|-singleturn|p2b: Toxapex|move: Protect\n|move|p1b: Ze Fish?|Fishious Rend|p2a: Volcarona\n|-supereffective|p2a: Volcarona\n|-damage|p2a: Volcarona|0 fnt\n|faint|p2a: Volcarona\n|move|p1a: Waking walk|Hydro Steam|p2b: Toxapex\n|-activate|p2b: Toxapex|move: Protect\n|\n|-weather|RainDance|[upkeep]\n|-heal|p2b: Toxapex|33\/100|[from] item: Leftovers\n|-damage|p1b: Ze Fish?|2\/100 psn|[from] psn\n|-damage|p1a: Waking walk|20\/100 tox|[from] psn\n|upkeep\n|inactive|AdvilPills has 270 seconds left.\n|\n|t:|1697894026\n|switch|p2a: Lopunny|Lopunny-Mega, F|100\/100\n|turn|7\n|\n|t:|1697894041\n|move|p2a: Lopunny|Fake Out|p1b: Ze Fish?\n|-damage|p1b: Ze Fish?|0 fnt\n|faint|p1b: Ze Fish?\n|move|p1a: Waking walk|Hurricane|p2a: Lopunny\n|-supereffective|p2a: Lopunny\n|-damage|p2a: Lopunny|0 fnt\n|faint|p2a: Lopunny\n|move|p2b: Toxapex|Recover|p2b: Toxapex\n|-heal|p2b: Toxapex|83\/100\n|\n|-weather|RainDance|[upkeep]\n|-heal|p2b: Toxapex|90\/100|[from] item: Leftovers\n|-damage|p1a: Waking walk|1\/100 tox|[from] psn\n|upkeep\n|\n|t:|1697894047\n|switch|p2a: Corviknight|Corviknight, M|100\/100\n|switch|p1b: CHERRY|Gyarados, M, shiny|100\/100\n|-ability|p1b: CHERRY|Intimidate|boost\n|-ability|p2a: Corviknight|Mirror Armor\n|-unboost|p1b: CHERRY|atk|1\n|-unboost|p2b: Toxapex|atk|1\n|turn|8\n|\n|t:|1697894065\n|detailschange|p1b: CHERRY|Gyarados-Mega, M, shiny\n|-mega|p1b: CHERRY|Gyarados|Gyaradosite\n|-ability|p1b: CHERRY|Mold Breaker\n|move|p1a: Waking walk|Hydro Steam|p2a: Corviknight\n|-damage|p2a: Corviknight|38\/100\n|move|p1b: CHERRY|Dragon Dance|p1b: CHERRY\n|-boost|p1b: CHERRY|atk|1\n|-boost|p1b: CHERRY|spe|1\n|move|p2a: Corviknight|Brave Bird|p1b: CHERRY\n|-damage|p1b: CHERRY|63\/100\n|-damage|p2a: Corviknight|28\/100|[from] Recoil\n|move|p2b: Toxapex|Toxic|p1b: CHERRY\n|-status|p1b: CHERRY|tox\n|\n|-weather|none\n|-heal|p2a: Corviknight|34\/100|[from] item: Leftovers\n|-heal|p2b: Toxapex|96\/100|[from] item: Leftovers\n|-damage|p1b: CHERRY|57\/100 tox|[from] psn\n|-damage|p1a: Waking walk|0 fnt|[from] psn\n|faint|p1a: Waking walk\n|-end|p1a: Waking walk|Protosynthesis|[silent]\n|upkeep\n|\n|t:|1697894080\n|switch|p1a: Genji|Greninja, M, shiny|100\/100\n|turn|9\n|\n|t:|1697894095\n|move|p1b: CHERRY|Waterfall|p2a: Corviknight\n|-damage|p2a: Corviknight|0 fnt\n|faint|p2a: Corviknight\n|move|p1a: Genji|Scald|p2b: Toxapex\n|-start|p1a: Genji|typechange|Water|[from] ability: Protean\n|-resisted|p2b: Toxapex\n|-damage|p2b: Toxapex|74\/100\n|move|p2b: Toxapex|Toxic|p1a: Genji\n|-status|p1a: Genji|tox\n|\n|-heal|p2b: Toxapex|80\/100|[from] item: Leftovers\n|-damage|p1b: CHERRY|45\/100 tox|[from] psn\n|-damage|p1a: Genji|95\/100 tox|[from] psn\n|upkeep\n|\n|t:|1697894099\n|switch|p2a: Hydreigon|Hydreigon, F|100\/100\n|turn|10\n|\n|t:|1697894112\n|move|p1b: CHERRY|Waterfall|p2a: Hydreigon\n|-resisted|p2a: Hydreigon\n|-damage|p2a: Hydreigon|71\/100\n|move|p1a: Genji|Scald|p2a: Hydreigon\n|-resisted|p2a: Hydreigon\n|-damage|p2a: Hydreigon|40\/100\n|move|p2a: Hydreigon|Dragon Pulse|p1b: CHERRY\n|-damage|p1b: CHERRY|0 fnt\n|faint|p1b: CHERRY\n|move|p2b: Toxapex|Scald|p1a: Genji\n|-resisted|p1a: Genji\n|-damage|p1a: Genji|82\/100 tox\n|\n|-heal|p2b: Toxapex|87\/100|[from] item: Leftovers\n|-damage|p1a: Genji|70\/100 tox|[from] psn\n|upkeep\n|turn|11\n|\n|t:|1697894124\n|move|p2b: Toxapex|Baneful Bunker|p2b: Toxapex\n|-singleturn|p2b: Toxapex|move: Protect\n|move|p1a: Genji|Scald|p2a: Hydreigon\n|-resisted|p2a: Hydreigon\n|-damage|p2a: Hydreigon|8\/100\n|move|p2a: Hydreigon|Dragon Pulse|p1a: Genji\n|-damage|p1a: Genji|0 fnt\n|faint|p1a: Genji\n|\n|win|AdvilPills\n","uploadtime":1697894137,"views":35,"p1id":"omegashenronone","p2id":"advilpills","formatid":"gen9nationaldexdoubles","rating":0,"private":0,"password":""}