{"id":"gen9nationaldexdoubles-1984719806","p1":"GoDDanteX","p2":"Flashstepx2","format":"[Gen 9] National Dex Doubles","log":"|j|\u2606GoDDanteX\n|j|\u2606Flashstepx2\n|t:|1699293521\n|gametype|doubles\n|player|p1|GoDDanteX|leon-tower|1067\n|player|p2|Flashstepx2|170|1015\n|teamsize|p1|6\n|teamsize|p2|6\n|gen|9\n|tier|[Gen 9] National Dex Doubles\n|rated|\n|rule|HP Percentage Mod: HP is shown in percentages\n|rule|Endless Battle Clause: Forcing endless battles is banned\n|rule|OHKO Clause: OHKO moves are banned\n|rule|Evasion Moves Clause: Evasion moves are banned\n|rule|Evasion Abilities Clause: Evasion abilities are banned\n|rule|Species Clause: Limit one of each Pok\u00e9mon\n|rule|Gravity Sleep Clause: The combination of sleep-inducing moves with imperfect accuracy and Gravity or Gigantamax Orbeetle are banned\n|clearpoke\n|poke|p1|Keldeo-Resolute|\n|poke|p1|Hippowdon, M|\n|poke|p1|Rillaboom, M|\n|poke|p1|Skeledirge, M|\n|poke|p1|Meloetta|\n|poke|p1|Revavroom, M|\n|poke|p2|Ninetales-Alola, F|\n|poke|p2|Abomasnow, M|\n|poke|p2|Mr. Rime, F|\n|poke|p2|Regice|\n|poke|p2|Beartic, M|\n|poke|p2|Baxcalibur, M|\n|teampreview\n|\n|t:|1699293531\n|start\n|switch|p1a: Revavroom|Revavroom, M|100\/100\n|switch|p1b: Rillaboom|Rillaboom, M|100\/100\n|switch|p2a: Ninetales|Ninetales-Alola, F|100\/100\n|switch|p2b: Mr. Rime|Mr. Rime, F|100\/100\n|-fieldstart|move: Grassy Terrain|[from] ability: Grassy Surge|[of] p1b: Rillaboom\n|-item|p1a: Revavroom|Air Balloon\n|-weather|Snow|[from] ability: Snow Warning|[of] p2a: Ninetales\n|turn|1\n|\n|t:|1699293551\n|move|p1b: Rillaboom|Fake Out|p2b: Mr. Rime\n|-damage|p2b: Mr. Rime|86\/100\n|-damage|p1b: Rillaboom|91\/100|[from] item: Life Orb\n|move|p1a: Revavroom|Shift Gear|p1a: Revavroom\n|-boost|p1a: Revavroom|spe|2\n|-boost|p1a: Revavroom|atk|1\n|move|p2a: Ninetales|Chilling Water|p1a: Revavroom\n|-damage|p1a: Revavroom|77\/100\n|-unboost|p1a: Revavroom|atk|1\n|-enditem|p1a: Revavroom|Air Balloon\n|cant|p2b: Mr. Rime|flinch\n|\n|-weather|Snow|[upkeep]\n|-heal|p2b: Mr. Rime|92\/100|[from] ability: Ice Body\n|-heal|p1a: Revavroom|83\/100|[from] Grassy Terrain\n|-heal|p1b: Rillaboom|97\/100|[from] Grassy Terrain\n|-heal|p2b: Mr. Rime|98\/100|[from] Grassy Terrain\n|-heal|p2b: Mr. Rime|100\/100|[from] item: Leftovers\n|upkeep\n|turn|2\n|\n|t:|1699293574\n|move|p1a: Revavroom|Iron Head|p2a: Ninetales\n|-supereffective|p2a: Ninetales\n|-damage|p2a: Ninetales|0 fnt\n|faint|p2a: Ninetales\n|move|p1b: Rillaboom|Knock Off|p2b: Mr. Rime\n|-supereffective|p2b: Mr. Rime\n|-crit|p2b: Mr. Rime\n|-damage|p2b: Mr. Rime|1\/100\n|-enditem|p2b: Mr. Rime|Leftovers|[from] move: Knock Off|[of] p1b: Rillaboom\n|-damage|p1b: Rillaboom|87\/100|[from] item: Life Orb\n|move|p2b: Mr. Rime|Trick Room|p2b: Mr. Rime\n|-fieldstart|move: Trick Room|[of] p2b: Mr. Rime\n|\n|-weather|Snow|[upkeep]\n|-heal|p2b: Mr. Rime|7\/100|[from] ability: Ice Body\n|-heal|p2b: Mr. Rime|13\/100|[from] Grassy Terrain\n|-heal|p1b: Rillaboom|93\/100|[from] Grassy Terrain\n|-heal|p1a: Revavroom|89\/100|[from] Grassy Terrain\n|upkeep\n|\n|t:|1699293590\n|switch|p2a: Regice|Regice|100\/100\n|turn|3\n|\n|t:|1699293601\n|switch|p1b: Hippowdon|Hippowdon, M|100\/100\n|-weather|Sandstorm|[from] ability: Sand Stream|[of] p1b: Hippowdon\n|move|p2a: Regice|Toxic|p1b: Hippowdon\n|-status|p1b: Hippowdon|tox\n|move|p2b: Mr. Rime|Reflect|p2b: Mr. Rime\n|-sidestart|p2: Flashstepx2|Reflect\n|move|p1a: Revavroom|Iron Head|p2a: Regice\n|-supereffective|p2a: Regice\n|-damage|p2a: Regice|48\/100\n|-enditem|p2a: Regice|Weakness Policy\n|-boost|p2a: Regice|atk|2|[from] item: Weakness Policy\n|-boost|p2a: Regice|spa|2|[from] item: Weakness Policy\n|\n|-weather|Sandstorm|[upkeep]\n|-damage|p2a: Regice|42\/100|[from] Sandstorm\n|-damage|p2b: Mr. Rime|7\/100|[from] Sandstorm\n|-heal|p2a: Regice|48\/100|[from] Grassy Terrain\n|-heal|p2b: Mr. Rime|13\/100|[from] Grassy Terrain\n|-heal|p1a: Revavroom|95\/100|[from] Grassy Terrain\n|-damage|p1b: Hippowdon|94\/100 tox|[from] psn\n|upkeep\n|turn|4\n|\n|t:|1699293641\n|-terastallize|p1b: Hippowdon|Steel\n|move|p1b: Hippowdon|Rock Slide|p2b: Mr. Rime|[spread] p2a,p2b\n|-supereffective|p2a: Regice\n|-supereffective|p2b: Mr. Rime\n|-damage|p2a: Regice|30\/100\n|-damage|p2b: Mr. Rime|0 fnt\n|faint|p2b: Mr. Rime\n|move|p2a: Regice|Blizzard|p1b: Hippowdon|[spread] p1b\n|-miss|p2a: Regice|p1a: Revavroom\n|-resisted|p1b: Hippowdon\n|-damage|p1b: Hippowdon|53\/100 tox\n|move|p1a: Revavroom|Shift Gear|p1a: Revavroom\n|-boost|p1a: Revavroom|spe|2\n|-boost|p1a: Revavroom|atk|1\n|\n|-weather|Sandstorm|[upkeep]\n|-damage|p2a: Regice|24\/100|[from] Sandstorm\n|-heal|p1b: Hippowdon|59\/100 tox|[from] Grassy Terrain\n|-heal|p1b: Hippowdon|65\/100 tox|[from] item: Leftovers\n|-heal|p2a: Regice|30\/100|[from] Grassy Terrain\n|-heal|p1a: Revavroom|100\/100|[from] Grassy Terrain\n|-damage|p1b: Hippowdon|53\/100 tox|[from] psn\n|upkeep\n|\n|t:|1699293660\n|switch|p2b: Baxcalibur|Baxcalibur, M|100\/100\n|turn|5\n|\n|t:|1699293676\n|move|p1b: Hippowdon|Slack Off|p1b: Hippowdon\n|-heal|p1b: Hippowdon|100\/100 tox\n|move|p2a: Regice|Thunder|p1b: Hippowdon\n|-damage|p1b: Hippowdon|27\/100 tox\n|move|p2b: Baxcalibur|Brick Break|p1a: Revavroom\n|-damage|p1a: Revavroom|61\/100\n|move|p1a: Revavroom|Iron Head|p2b: Baxcalibur\n|-supereffective|p2b: Baxcalibur\n|-damage|p2b: Baxcalibur|32\/100\n|\n|-weather|Sandstorm|[upkeep]\n|-damage|p2a: Regice|24\/100|[from] Sandstorm\n|-damage|p2b: Baxcalibur|26\/100|[from] Sandstorm\n|-heal|p1b: Hippowdon|33\/100 tox|[from] Grassy Terrain\n|-heal|p1b: Hippowdon|39\/100 tox|[from] item: Leftovers\n|-heal|p2a: Regice|30\/100|[from] Grassy Terrain\n|-heal|p2b: Baxcalibur|32\/100|[from] Grassy Terrain\n|-heal|p2b: Baxcalibur|39\/100|[from] item: Leftovers\n|-heal|p1a: Revavroom|67\/100|[from] Grassy Terrain\n|-damage|p1b: Hippowdon|20\/100 tox|[from] psn\n|-fieldend|move: Grassy Terrain\n|upkeep\n|turn|6\n|\n|t:|1699293703\n|move|p1b: Hippowdon|Rock Slide|p2b: Baxcalibur|[spread] p2a,p2b\n|-supereffective|p2a: Regice\n|-supereffective|p2b: Baxcalibur\n|-damage|p2a: Regice|14\/100\n|-damage|p2b: Baxcalibur|21\/100\n|cant|p2a: Regice|flinch\n|move|p2b: Baxcalibur|Brick Break|p1b: Hippowdon\n|-supereffective|p1b: Hippowdon\n|-damage|p1b: Hippowdon|0 fnt\n|faint|p1b: Hippowdon\n|move|p1a: Revavroom|Iron Head|p2b: Baxcalibur\n|-supereffective|p2b: Baxcalibur\n|-crit|p2b: Baxcalibur\n|-damage|p2b: Baxcalibur|0 fnt\n|faint|p2b: Baxcalibur\n|\n|-weather|Sandstorm|[upkeep]\n|-damage|p2a: Regice|8\/100|[from] Sandstorm\n|-fieldend|move: Trick Room\n|upkeep\n|-message|Flashstepx2 forfeited.\n|\n|win|GoDDanteX\n|raw|GoDDanteX's rating: 1067 &rarr; <strong>1093<\/strong><br \/>(+26 for winning)\n|raw|Flashstepx2's rating: 1015 &rarr; <strong>1005<\/strong><br \/>(-10 for losing)\n|l|\u2606Flashstepx2\n","uploadtime":1699293739,"views":5,"p1id":"goddantex","p2id":"flashstepx2","formatid":"gen9nationaldexdoubles","rating":1005,"private":0,"password":""}