{"id":"gen9nationaldexdoubles-1961333784","p1":"Junky Dummy","p2":"Eyhegdgs","format":"[Gen 9] National Dex Doubles","log":"|j|\u2606Junky Dummy\n|j|\u2606Eyhegdgs\n|t:|1696616335\n|gametype|doubles\n|player|p1|Junky Dummy|265|1184\n|player|p2|Eyhegdgs|clown|1000\n|teamsize|p1|6\n|teamsize|p2|6\n|gen|9\n|tier|[Gen 9] National Dex Doubles\n|rated|\n|rule|HP Percentage Mod: HP is shown in percentages\n|rule|Endless Battle Clause: Forcing endless battles is banned\n|rule|OHKO Clause: OHKO moves are banned\n|rule|Evasion Moves Clause: Evasion moves are banned\n|rule|Evasion Abilities Clause: Evasion abilities are banned\n|rule|Species Clause: Limit one of each Pok\u00e9mon\n|rule|Gravity Sleep Clause: The combination of sleep-inducing moves with imperfect accuracy and Gravity or Gigantamax Orbeetle are banned\n|clearpoke\n|poke|p1|Charizard, M|\n|poke|p1|Chi-Yu|\n|poke|p1|Flutter Mane|\n|poke|p1|Whimsicott, F|\n|poke|p1|Kingambit, F|\n|poke|p1|Landorus-Therian, M|\n|poke|p2|Indeedee-F, F|\n|poke|p2|Ursaluna-Bloodmoon, M|\n|poke|p2|Armarouge, M|\n|poke|p2|Clefairy, F|\n|poke|p2|Dragonite, M|\n|poke|p2|Cinderace, M|\n|teampreview\n|inactive|Battle timer is ON: inactive players will automatically lose when time's up. (requested by Junky Dummy)\n|\n|t:|1696616340\n|start\n|switch|p1a: Charizard|Charizard, M, shiny|100\/100\n|switch|p1b: Chi-Yu|Chi-Yu|100\/100\n|switch|p2a: Indeedee|Indeedee-F, F, shiny|100\/100\n|switch|p2b: Ursaluna|Ursaluna-Bloodmoon, M|100\/100\n|-ability|p1b: Chi-Yu|Beads of Ruin\n|turn|1\n|inactive|Junky Dummy has 120 seconds left.\n|c|\u2606Eyhegdgs|Glhf\n|\n|t:|1696616404\n|detailschange|p1a: Charizard|Charizard-Mega-Y, M, shiny\n|-mega|p1a: Charizard|Charizard|Charizardite Y\n|-weather|SunnyDay|[from] ability: Drought|[of] p1a: Charizard\n|move|p2a: Indeedee|Fake Out|p1b: Chi-Yu\n|-damage|p1b: Chi-Yu|86\/100\n|cant|p1b: Chi-Yu|flinch\n|move|p1a: Charizard|Heat Wave|p2b: Ursaluna|[spread] p2a,p2b\n|-crit|p2b: Ursaluna\n|-damage|p2a: Indeedee|48\/100\n|-damage|p2b: Ursaluna|0 fnt\n|faint|p2b: Ursaluna\n|\n|-weather|SunnyDay|[upkeep]\n|upkeep\n|inactive|Eyhegdgs has 120 seconds left.\n|\n|t:|1696616427\n|switch|p2b: Cinderace|Cinderace, M|100\/100\n|turn|2\n|inactive|Junky Dummy has 120 seconds left.\n|\n|t:|1696616436\n|move|p2b: Cinderace|High Jump Kick|p1b: Chi-Yu\n|-start|p2b: Cinderace|typechange|Fighting|[from] ability: Libero\n|-supereffective|p1b: Chi-Yu\n|-damage|p1b: Chi-Yu|0 fnt\n|faint|p1b: Chi-Yu\n|-damage|p2b: Cinderace|91\/100|[from] item: Life Orb\n|move|p1a: Charizard|Heat Wave|p2b: Cinderace|[spread] p2a,p2b\n|-damage|p2a: Indeedee|5\/100\n|-damage|p2b: Cinderace|8\/100\n|-status|p2b: Cinderace|brn\n|move|p2a: Indeedee|Dazzling Gleam|p1a: Charizard\n|-resisted|p1a: Charizard\n|-damage|p1a: Charizard|93\/100\n|\n|-weather|SunnyDay|[upkeep]\n|-damage|p2b: Cinderace|2\/100 brn|[from] brn\n|upkeep\n|inactive|Junky Dummy has 120 seconds left.\n|\n|t:|1696616467\n|switch|p1b: Flutter Mane|Flutter Mane|100\/100\n|-activate|p1b: Flutter Mane|ability: Protosynthesis\n|-start|p1b: Flutter Mane|protosynthesisspe\n|turn|3\n|\n|t:|1696616478\n|move|p1a: Charizard|Protect|p1a: Charizard\n|-singleturn|p1a: Charizard|Protect\n|move|p2a: Indeedee|Follow Me|p2a: Indeedee\n|-singleturn|p2a: Indeedee|move: Follow Me\n|move|p1b: Flutter Mane|Dazzling Gleam|p2a: Indeedee|[spread] p2a,p2b\n|-supereffective|p2b: Cinderace\n|-damage|p2a: Indeedee|0 fnt\n|-damage|p2b: Cinderace|0 fnt\n|faint|p2a: Indeedee\n|faint|p2b: Cinderace\n|\n|-weather|SunnyDay|[upkeep]\n|upkeep\n|\n|t:|1696616488\n|switch|p2b: Armarouge|Armarouge, M|100\/100\n|switch|p2a: Clefairy|Clefairy, F, shiny|100\/100\n|turn|4\n|inactive|Junky Dummy has 120 seconds left.\n|\n|t:|1696616517\n|switch|p1a: Whimsicott|Whimsicott, F, shiny|100\/100\n|-terastallize|p1b: Flutter Mane|Fairy\n|move|p1b: Flutter Mane|Dazzling Gleam|p2a: Clefairy|[spread] p2a,p2b\n|-resisted|p2b: Armarouge\n|-damage|p2a: Clefairy|60\/100\n|-damage|p2b: Armarouge|73\/100\n|move|p2b: Armarouge|Armor Cannon|p1b: Flutter Mane\n|-damage|p1b: Flutter Mane|4\/100\n|-unboost|p2b: Armarouge|def|1\n|-unboost|p2b: Armarouge|spd|1\n|-damage|p2b: Armarouge|63\/100|[from] item: Life Orb\n|move|p2a: Clefairy|Moonlight|p2a: Clefairy\n|-heal|p2a: Clefairy|100\/100\n|\n|-weather|SunnyDay|[upkeep]\n|upkeep\n|turn|5\n|inactive|Junky Dummy has 120 seconds left.\n|\n|t:|1696616542\n|move|p1a: Whimsicott|Helping Hand|p1b: Flutter Mane\n|-singleturn|p1b: Flutter Mane|Helping Hand|[of] p1a: Whimsicott\n|move|p2a: Clefairy|Follow Me|p2a: Clefairy\n|-singleturn|p2a: Clefairy|move: Follow Me\n|move|p1b: Flutter Mane|Dazzling Gleam|p2b: Armarouge|[spread] p2a,p2b\n|-resisted|p2b: Armarouge\n|-crit|p2b: Armarouge\n|-damage|p2a: Clefairy|34\/100\n|-damage|p2b: Armarouge|0 fnt\n|faint|p2b: Armarouge\n|\n|-weather|none\n|-end|p1b: Flutter Mane|Protosynthesis\n|upkeep\n|\n|t:|1696616549\n|switch|p2b: Dragonite|Dragonite, M|100\/100\n|turn|6\n|\n|t:|1696616561\n|move|p2b: Dragonite|Extreme Speed|p1b: Flutter Mane\n|-damage|p1b: Flutter Mane|0 fnt\n|faint|p1b: Flutter Mane\n|-end|p1b: Flutter Mane|Protosynthesis|[silent]\n|move|p1a: Whimsicott|Moonblast|p2b: Dragonite\n|-supereffective|p2b: Dragonite\n|-damage|p2b: Dragonite|88\/100\n|move|p2a: Clefairy|Moonlight|p2a: Clefairy\n|-heal|p2a: Clefairy|84\/100\n|\n|upkeep\n|\n|t:|1696616582\n|switch|p1b: Charizard|Charizard-Mega-Y, M, shiny|93\/100\n|-weather|SunnyDay|[from] ability: Drought|[of] p1b: Charizard\n|turn|7\n|\n|t:|1696616599\n|move|p1a: Whimsicott|Helping Hand|p1b: Charizard\n|-singleturn|p1b: Charizard|Helping Hand|[of] p1a: Whimsicott\n|move|p1b: Charizard|Heat Wave|p2a: Clefairy|[spread] p2a,p2b\n|-resisted|p2b: Dragonite\n|-damage|p2a: Clefairy|16\/100\n|-damage|p2b: Dragonite|69\/100\n|move|p2b: Dragonite|Fly||[still]\n|-prepare|p2b: Dragonite|Fly\n|move|p2a: Clefairy|Moonlight|p2a: Clefairy\n|-heal|p2a: Clefairy|83\/100\n|\n|-weather|SunnyDay|[upkeep]\n|upkeep\n|turn|8\n|inactive|Junky Dummy has 120 seconds left.\n|\n|t:|1696616638\n|switch|p1a: Kingambit|Kingambit, F, shiny|100\/100\n|move|p1b: Charizard|Heat Wave|p2b: Dragonite|[spread] p2a\n|-miss|p1b: Charizard|p2b: Dragonite\n|-damage|p2a: Clefairy|37\/100\n|move|p2b: Dragonite|Fly|p1a: Kingambit|[from]lockedmove\n|-resisted|p1a: Kingambit\n|-damage|p1a: Kingambit|82\/100\n|move|p2a: Clefairy|Moonlight|p2a: Clefairy\n|-heal|p2a: Clefairy|100\/100\n|\n|-weather|SunnyDay|[upkeep]\n|upkeep\n|turn|9\n|inactive|Junky Dummy has 120 seconds left.\n|\n|t:|1696616666\n|move|p1b: Charizard|Hidden Power|p2b: Dragonite\n|-supereffective|p2b: Dragonite\n|-damage|p2b: Dragonite|27\/100\n|move|p2b: Dragonite|Scale Shot|p1b: Charizard\n|-damage|p1b: Charizard|76\/100\n|-damage|p1b: Charizard|60\/100\n|-damage|p1b: Charizard|41\/100\n|-hitcount|p1b: Charizard|3\n|-unboost|p2b: Dragonite|def|1\n|-boost|p2b: Dragonite|spe|1\n|move|p1a: Kingambit|Knock Off|p2a: Clefairy\n|-resisted|p2a: Clefairy\n|-damage|p2a: Clefairy|74\/100\n|-enditem|p2a: Clefairy|Eviolite|[from] move: Knock Off|[of] p1a: Kingambit\n|move|p2a: Clefairy|Moonlight|p2a: Clefairy\n|-heal|p2a: Clefairy|100\/100\n|\n|-weather|SunnyDay|[upkeep]\n|upkeep\n|turn|10\n|inactive|Junky Dummy has 120 seconds left.\n|\n|t:|1696616692\n|move|p2a: Clefairy|Follow Me|p2a: Clefairy\n|-singleturn|p2a: Clefairy|move: Follow Me\n|move|p1a: Kingambit|Sucker Punch||[still]\n|-fail|p1a: Kingambit\n|move|p1b: Charizard|Heat Wave|p2b: Dragonite|[spread] p2a,p2b\n|-resisted|p2b: Dragonite\n|-damage|p2a: Clefairy|38\/100\n|-damage|p2b: Dragonite|14\/100\n|move|p2b: Dragonite|Scale Shot|p1b: Charizard\n|-damage|p1b: Charizard|22\/100\n|-damage|p1b: Charizard|6\/100\n|-hitcount|p1b: Charizard|2\n|-unboost|p2b: Dragonite|def|1\n|-boost|p2b: Dragonite|spe|1\n|\n|-weather|SunnyDay|[upkeep]\n|upkeep\n|turn|11\n|\n|t:|1696616710\n|move|p2b: Dragonite|Extreme Speed|p1b: Charizard\n|-damage|p1b: Charizard|0 fnt\n|faint|p1b: Charizard\n|move|p1a: Kingambit|Iron Head|p2b: Dragonite\n|-damage|p2b: Dragonite|0 fnt\n|faint|p2b: Dragonite\n|move|p2a: Clefairy|Moonlight|p2a: Clefairy\n|-heal|p2a: Clefairy|100\/100\n|\n|-weather|none\n|upkeep\n|\n|t:|1696616719\n|switch|p1b: Whimsicott|Whimsicott, F, shiny|100\/100\n|turn|12\n|\n|t:|1696616728\n|move|p1b: Whimsicott|Helping Hand|p1a: Kingambit\n|-singleturn|p1a: Kingambit|Helping Hand|[of] p1b: Whimsicott\n|move|p1a: Kingambit|Iron Head|p2a: Clefairy\n|-supereffective|p2a: Clefairy\n|-damage|p2a: Clefairy|0 fnt\n|faint|p2a: Clefairy\n|\n|win|Junky Dummy\n|raw|Junky Dummy's rating: 1184 &rarr; <strong>1197<\/strong><br \/>(+13 for winning)\n|raw|Eyhegdgs's rating: 1000 &rarr; <strong>1000<\/strong><br \/>(+0 for losing)\n","uploadtime":1696616736,"views":9,"p1id":"junkydummy","p2id":"eyhegdgs","formatid":"gen9nationaldexdoubles","rating":1000,"private":0,"password":""}