{"id":"gen9nationaldexdoubles-1947589975","p1":"LavenderHeights","p2":"ewbrammer91","format":"[Gen 9] National Dex Doubles","log":"|j|\u2606LavenderHeights\n|j|\u2606ewbrammer91\n|t:|1695175531\n|gametype|doubles\n|player|p1|LavenderHeights|veteranf|1045\n|player|p2|ewbrammer91|brock|1150\n|teamsize|p1|6\n|teamsize|p2|6\n|gen|9\n|tier|[Gen 9] National Dex Doubles\n|rated|\n|rule|HP Percentage Mod: HP is shown in percentages\n|rule|Endless Battle Clause: Forcing endless battles is banned\n|rule|OHKO Clause: OHKO moves are banned\n|rule|Evasion Moves Clause: Evasion moves are banned\n|rule|Evasion Abilities Clause: Evasion abilities are banned\n|rule|Species Clause: Limit one of each Pok\u00e9mon\n|rule|Gravity Sleep Clause: The combination of sleep-inducing moves with imperfect accuracy and Gravity or Gigantamax Orbeetle are banned\n|clearpoke\n|poke|p1|Glimmora, M|\n|poke|p1|Dipplin, M|\n|poke|p1|Fezandipiti, M|\n|poke|p1|Kilowattrel, M|\n|poke|p1|Shiftry, M|\n|poke|p1|Empoleon, M|\n|poke|p2|Tyranitar, M|\n|poke|p2|Glimmora, M|\n|poke|p2|Kleavor, F|\n|poke|p2|Lycanroc-Dusk, F|\n|poke|p2|Arcanine-Hisui, M|\n|poke|p2|Tyrantrum, M|\n|teampreview\n|inactive|Battle timer is ON: inactive players will automatically lose when time's up. (requested by ewbrammer91)\n|\n|t:|1695175542\n|start\n|switch|p1a: Shen|Fezandipiti, M|100\/100\n|switch|p1b: Tengu|Shiftry, M|100\/100\n|switch|p2a: Tyranitar|Tyranitar, M|100\/100\n|switch|p2b: Kleavor|Kleavor, F|100\/100\n|-weather|Sandstorm|[from] ability: Sand Stream|[of] p2a: Tyranitar\n|turn|1\n|\n|t:|1695175563\n|move|p1b: Tengu|Energy Ball|p2a: Tyranitar\n|-supereffective|p2a: Tyranitar\n|-damage|p2a: Tyranitar|53\/100\n|move|p2a: Tyranitar|Knock Off|p1b: Tengu\n|-resisted|p1b: Tengu\n|-damage|p1b: Tengu|58\/100\n|-enditem|p1b: Tengu|Choice Scarf|[from] move: Knock Off|[of] p2a: Tyranitar\n|move|p1a: Shen|Tailwind|p1a: Shen\n|-sidestart|p1: LavenderHeights|move: Tailwind\n|-ability|p1b: Tengu|Wind Rider|boost\n|-boost|p1b: Tengu|atk|1\n|move|p2b: Kleavor|Stone Axe|p1a: Shen\n|-damage|p1a: Shen|24\/100\n|-sidestart|p1: LavenderHeights|move: Stealth Rock\n|\n|-weather|Sandstorm|[upkeep]\n|-damage|p1a: Shen|18\/100|[from] Sandstorm\n|-damage|p1b: Tengu|51\/100|[from] Sandstorm\n|upkeep\n|turn|2\n|\n|t:|1695175584\n|switch|p2a: Glimmora|Glimmora, M|100\/100\n|move|p1a: Shen|Hurricane|p2b: Kleavor\n|-damage|p2b: Kleavor|81\/100\n|-status|p2b: Kleavor|tox|[from] ability: Toxic Chain|[of] p1a: Shen\n|move|p1b: Tengu|Giga Drain|p2a: Glimmora\n|-damage|p2a: Glimmora|73\/100\n|-heal|p1b: Tengu|65\/100|[from] drain|[of] p2a: Glimmora\n|-enditem|p2a: Glimmora|Red Card|[of] p1b: Tengu\n|drag|p1b: Notch|Dipplin, M, shiny|100\/100\n|-damage|p1b: Notch|88\/100|[from] Stealth Rock\n|-ability|p1b: Notch|Supersweet Syrup\n|-ability|p1b: Notch|Supersweet Syrup|boost\n|-unboost|p2a: Glimmora|evasion|1\n|-unboost|p2b: Kleavor|evasion|1\n|move|p2b: Kleavor|X-Scissor|p1b: Notch\n|-supereffective|p1b: Notch\n|-damage|p1b: Notch|32\/100\n|\n|-weather|Sandstorm|[upkeep]\n|-damage|p1a: Shen|12\/100|[from] Sandstorm\n|-damage|p1b: Notch|25\/100|[from] Sandstorm\n|-damage|p2b: Kleavor|75\/100 tox|[from] psn\n|upkeep\n|turn|3\n|inactive|ewbrammer91 has 120 seconds left.\n|\n|t:|1695175618\n|move|p1a: Shen|Dazzling Gleam|p2a: Glimmora|[spread] p2a,p2b\n|-resisted|p2a: Glimmora\n|-damage|p2a: Glimmora|67\/100\n|-damage|p2b: Kleavor|61\/100 tox\n|move|p2a: Glimmora|Earth Power|p1a: Shen\n|-supereffective|p1a: Shen\n|-damage|p1a: Shen|0 fnt\n|faint|p1a: Shen\n|move|p2b: Kleavor|X-Scissor|p1b: Notch\n|-supereffective|p1b: Notch\n|-damage|p1b: Notch|0 fnt\n|faint|p1b: Notch\n|\n|-weather|Sandstorm|[upkeep]\n|-damage|p2b: Kleavor|49\/100 tox|[from] psn\n|upkeep\n|inactive|LavenderHeights has 120 seconds left.\n|\n|t:|1695175631\n|switch|p1a: Millennium|Kilowattrel, M|100\/100\n|switch|p1b: Tengu|Shiftry, M|65\/100\n|-damage|p1a: Millennium|76\/100|[from] Stealth Rock\n|-damage|p1b: Tengu|52\/100|[from] Stealth Rock\n|-ability|p1b: Tengu|Wind Rider|boost\n|-boost|p1b: Tengu|atk|1\n|turn|4\n|\n|t:|1695175650\n|move|p1a: Millennium|Volt Switch|p2b: Kleavor\n|-damage|p2b: Kleavor|17\/100 tox\n|\n|t:|1695175654\n|switch|p1a: Hemlock|Glimmora, M|100\/100|[from] Volt Switch\n|-damage|p1a: Hemlock|88\/100|[from] Stealth Rock\n|move|p1b: Tengu|Giga Drain|p2a: Glimmora\n|-damage|p2a: Glimmora|39\/100\n|-heal|p1b: Tengu|66\/100|[from] drain|[of] p2a: Glimmora\n|move|p2a: Glimmora|Power Gem|p1a: Hemlock\n|-damage|p1a: Hemlock|49\/100\n|move|p2b: Kleavor|X-Scissor|p1b: Tengu\n|-supereffective|p1b: Tengu\n|-damage|p1b: Tengu|0 fnt\n|faint|p1b: Tengu\n|\n|-weather|Sandstorm|[upkeep]\n|-damage|p2b: Kleavor|0 fnt|[from] psn\n|faint|p2b: Kleavor\n|-sideend|p1: LavenderHeights|move: Tailwind\n|upkeep\n|\n|t:|1695175678\n|switch|p1b: Millennium|Kilowattrel, M|76\/100\n|switch|p2b: Arcanine|Arcanine-Hisui, M|100\/100\n|-damage|p1b: Millennium|51\/100|[from] Stealth Rock\n|turn|5\n|\n|t:|1695175689\n|move|p1b: Millennium|Tailwind|p1b: Millennium\n|-sidestart|p1: LavenderHeights|move: Tailwind\n|-start|p1b: Millennium|Charge|Tailwind|[from] ability: Wind Power\n|move|p1a: Hemlock|Mortal Spin|p2a: Glimmora|[spread] p2a,p2b\n|-resisted|p2a: Glimmora\n|-resisted|p2b: Arcanine\n|-damage|p2a: Glimmora|38\/100\n|-damage|p2b: Arcanine|96\/100\n|-status|p2b: Arcanine|psn\n|-activate|p2a: Glimmora|ability: Toxic Debris\n|-sidestart|p1: LavenderHeights|move: Toxic Spikes\n|-sideend|p1: LavenderHeights|Toxic Spikes|[from] move: Mortal Spin|[of] p1a: Hemlock\n|-sideend|p1: LavenderHeights|Stealth Rock|[from] move: Mortal Spin|[of] p1a: Hemlock\n|move|p2b: Arcanine|Head Smash|p1b: Millennium\n|-supereffective|p1b: Millennium\n|-damage|p1b: Millennium|0 fnt\n|faint|p1b: Millennium\n|-damage|p2b: Arcanine|86\/100 psn|[from] item: Life Orb\n|move|p2a: Glimmora|Earth Power|p1a: Hemlock\n|-supereffective|p1a: Hemlock\n|-damage|p1a: Hemlock|0 fnt\n|faint|p1a: Hemlock\n|\n|-weather|none\n|-damage|p2b: Arcanine|74\/100 psn|[from] psn\n|upkeep\n|-message|LavenderHeights forfeited.\n|\n|win|ewbrammer91\n|raw|LavenderHeights's rating: 1045 &rarr; <strong>1033<\/strong><br \/>(-12 for losing)\n|raw|ewbrammer91's rating: 1150 &rarr; <strong>1168<\/strong><br \/>(+18 for winning)\n|l|\u2606LavenderHeights\n","uploadtime":1695175718,"views":5,"p1id":"lavenderheights","p2id":"ewbrammer91","formatid":"gen9nationaldexdoubles","rating":1033,"private":0,"password":""}