{"id":"gen9nationaldexdoubles-1956894313","p1":"Theadonia","p2":"KingGodzila","format":"[Gen 9] National Dex Doubles","log":"|j|\u2606Theadonia\n|j|\u2606KingGodzila\n|t:|1696167115\n|gametype|doubles\n|player|p1|Theadonia|caitlin|1092\n|player|p2|KingGodzila|elesa|1047\n|teamsize|p1|6\n|teamsize|p2|6\n|gen|9\n|tier|[Gen 9] National Dex Doubles\n|rated|\n|rule|HP Percentage Mod: HP is shown in percentages\n|rule|Endless Battle Clause: Forcing endless battles is banned\n|rule|OHKO Clause: OHKO moves are banned\n|rule|Evasion Moves Clause: Evasion moves are banned\n|rule|Evasion Abilities Clause: Evasion abilities are banned\n|rule|Species Clause: Limit one of each Pok\u00e9mon\n|rule|Gravity Sleep Clause: The combination of sleep-inducing moves with imperfect accuracy and Gravity or Gigantamax Orbeetle are banned\n|clearpoke\n|poke|p1|Delphox, F|\n|poke|p1|Oricorio-Sensu, F|\n|poke|p1|Kommo-o, M|\n|poke|p1|Riolu, M|\n|poke|p1|Cresselia, F|\n|poke|p1|Grafaiai, F|\n|poke|p2|Vikavolt, M|\n|poke|p2|Charjabug, M|\n|poke|p2|Iron Hands|\n|poke|p2|Golem-Alola, M|\n|poke|p2|Flaaffy, F|\n|poke|p2|Sceptile, M|\n|teampreview\n|\n|t:|1696167143\n|start\n|switch|p1a: Oricorio|Oricorio-Sensu, F, shiny|100\/100\n|switch|p1b: Grafaiai|Grafaiai, F|100\/100\n|switch|p2a: Charjabug|Charjabug, M, shiny|100\/100\n|switch|p2b: Iron Hands|Iron Hands|100\/100\n|turn|1\n|inactive|Battle timer is ON: inactive players will automatically lose when time's up. (requested by KingGodzila)\n|\n|t:|1696167179\n|switch|p1a: Delphox|Delphox, F, shiny|100\/100\n|move|p2b: Iron Hands|Fake Out|p1b: Grafaiai\n|-damage|p1b: Grafaiai|76\/100\n|cant|p1b: Grafaiai|flinch\n|move|p2a: Charjabug|Light Screen|p2a: Charjabug\n|-sidestart|p2: KingGodzila|move: Light Screen\n|\n|upkeep\n|turn|2\n|inactive|KingGodzila has 120 seconds left.\n|\n|t:|1696167212\n|move|p2a: Charjabug|Protect|p2a: Charjabug\n|-singleturn|p2a: Charjabug|Protect\n|move|p1b: Grafaiai|Doodle|p2a: Charjabug\n|-endability|p1a: Delphox|Magician|[from] move: Doodle\n|-ability|p1a: Delphox|Battery|[from] move: Doodle\n|-endability|p1b: Grafaiai|Prankster|[from] move: Doodle\n|-ability|p1b: Grafaiai|Battery|[from] move: Doodle\n|move|p1a: Delphox|Heat Wave|p2b: Iron Hands|[spread] p2b\n|-activate|p2a: Charjabug|move: Protect\n|-damage|p2b: Iron Hands|83\/100\n|move|p2b: Iron Hands|Drain Punch|p1b: Grafaiai\n|-damage|p1b: Grafaiai|14\/100\n|-heal|p2b: Iron Hands|100\/100|[from] drain|[of] p1b: Grafaiai\n|\n|upkeep\n|turn|3\n|\n|t:|1696167232\n|-end|p2b: Iron Hands|Quark Drive|[silent]\n|switch|p2b: Vikavolt|Vikavolt, M|100\/100\n|move|p1a: Delphox|Heat Wave|p2a: Charjabug|[spread] p2a,p2b\n|-supereffective|p2a: Charjabug\n|-supereffective|p2b: Vikavolt\n|-damage|p2a: Charjabug|51\/100\n|-damage|p2b: Vikavolt|11\/100\n|move|p1b: Grafaiai|Parting Shot|p2b: Vikavolt\n|-unboost|p2b: Vikavolt|atk|1\n|-unboost|p2b: Vikavolt|spa|1\n|\n|t:|1696167244\n|switch|p1b: Cresselia|Cresselia, F|100\/100|[from] Parting Shot\n|move|p2a: Charjabug|Lunge|p1b: Cresselia\n|-supereffective|p1b: Cresselia\n|-damage|p1b: Cresselia|70\/100\n|-unboost|p1b: Cresselia|atk|1\n|\n|-heal|p1b: Cresselia|76\/100|[from] item: Leftovers\n|upkeep\n|turn|4\n|\n|t:|1696167256\n|move|p1a: Delphox|Heat Wave|p2b: Vikavolt|[spread] p2a,p2b\n|-supereffective|p2a: Charjabug\n|-supereffective|p2b: Vikavolt\n|-damage|p2a: Charjabug|13\/100\n|-damage|p2b: Vikavolt|0 fnt\n|faint|p2b: Vikavolt\n|move|p1b: Cresselia|Lunar Blessing|p1b: Cresselia|[spread] p1a,p1b\n|-heal|p1b: Cresselia|100\/100\n|move|p2a: Charjabug|Sticky Web|p1a: Delphox\n|-sidestart|p1: Theadonia|move: Sticky Web\n|\n|upkeep\n|\n|t:|1696167278\n|switch|p2b: Flaaffy|Flaaffy, F|100\/100\n|turn|5\n|\n|t:|1696167300\n|move|p1a: Delphox|Heat Wave|p2b: Flaaffy|[spread] p2a,p2b\n|-supereffective|p2a: Charjabug\n|-damage|p2a: Charjabug|0 fnt\n|-damage|p2b: Flaaffy|85\/100\n|-status|p2b: Flaaffy|brn\n|faint|p2a: Charjabug\n|move|p1b: Cresselia|Psychic|p2b: Flaaffy\n|-damage|p2b: Flaaffy|63\/100 brn\n|move|p2b: Flaaffy|Electric Terrain|p2b: Flaaffy\n|-fieldstart|move: Electric Terrain\n|\n|-damage|p2b: Flaaffy|57\/100 brn|[from] brn\n|-sideend|p2: KingGodzila|move: Light Screen\n|upkeep\n|\n|t:|1696167312\n|switch|p2a: Sceptile|Sceptile, M, shiny|100\/100\n|turn|6\n|\n|t:|1696167327\n|detailschange|p2a: Sceptile|Sceptile-Mega, M, shiny\n|-mega|p2a: Sceptile|Sceptile|Sceptilite\n|move|p2a: Sceptile|Dragon Pulse|p1a: Delphox\n|-damage|p1a: Delphox|40\/100\n|move|p1a: Delphox|Heat Wave|p2a: Sceptile|[spread] p2a,p2b\n|-crit|p2a: Sceptile\n|-damage|p2a: Sceptile|35\/100\n|-damage|p2b: Flaaffy|35\/100 brn\n|move|p1b: Cresselia|Icy Wind|p2b: Flaaffy|[spread] p2a,p2b\n|-supereffective|p2a: Sceptile\n|-damage|p2a: Sceptile|0 fnt\n|-damage|p2b: Flaaffy|25\/100 brn\n|-unboost|p2b: Flaaffy|spe|1\n|faint|p2a: Sceptile\n|move|p2b: Flaaffy|Discharge|p1a: Delphox|[spread] p1a,p1b\n|-damage|p1a: Delphox|14\/100\n|-damage|p1b: Cresselia|87\/100\n|\n|-heal|p1b: Cresselia|93\/100|[from] item: Leftovers\n|-damage|p2b: Flaaffy|19\/100 brn|[from] brn\n|upkeep\n|\n|t:|1696167350\n|switch|p2a: Iron Hands|Iron Hands|100\/100\n|-activate|p2a: Iron Hands|ability: Quark Drive\n|-start|p2a: Iron Hands|quarkdriveatk\n|turn|7\n|\n|t:|1696167371\n|switch|p1a: Grafaiai|Grafaiai, F|14\/100\n|-activate|p1a: Grafaiai|move: Sticky Web\n|-unboost|p1a: Grafaiai|spe|1\n|move|p2b: Flaaffy|Protect|p2b: Flaaffy\n|-singleturn|p2b: Flaaffy|Protect\n|move|p2a: Iron Hands|Fake Out|p1a: Grafaiai\n|-damage|p1a: Grafaiai|0 fnt\n|faint|p1a: Grafaiai\n|move|p1b: Cresselia|Psychic|p2a: Iron Hands\n|-supereffective|p2a: Iron Hands\n|-damage|p2a: Iron Hands|56\/100\n|\n|-heal|p1b: Cresselia|99\/100|[from] item: Leftovers\n|-damage|p2b: Flaaffy|13\/100 brn|[from] brn\n|upkeep\n|\n|t:|1696167387\n|switch|p1a: Riolu|Riolu, M|100\/100\n|-activate|p1a: Riolu|move: Sticky Web\n|-unboost|p1a: Riolu|spe|1\n|turn|8\n|\n|t:|1696167403\n|-end|p2a: Iron Hands|Quark Drive|[silent]\n|switch|p2a: Golem|Golem-Alola, M|100\/100\n|move|p1a: Riolu|Copycat|p1a: Riolu\n|move|p1a: Riolu|Psychic|p2a: Golem|[from]move: Copycat\n|-damage|p2a: Golem|78\/100\n|move|p1b: Cresselia|Psychic|p2a: Golem\n|-damage|p2a: Golem|33\/100\n|move|p2b: Flaaffy|Reflect|p2b: Flaaffy\n|-sidestart|p2: KingGodzila|Reflect\n|\n|-heal|p1b: Cresselia|100\/100|[from] item: Leftovers\n|-damage|p2b: Flaaffy|7\/100 brn|[from] brn\n|upkeep\n|turn|9\n|\n|t:|1696167424\n|move|p2b: Flaaffy|Protect|p2b: Flaaffy\n|-singleturn|p2b: Flaaffy|Protect\n|move|p1a: Riolu|Vacuum Wave|p2a: Golem\n|-supereffective|p2a: Golem\n|-damage|p2a: Golem|2\/100\n|move|p1b: Cresselia|Icy Wind|p2a: Golem|[spread] \n|-activate|p2b: Flaaffy|move: Protect\n|-miss|p1b: Cresselia|p2a: Golem\n|move|p2a: Golem|Explosion|p1b: Cresselia|[spread] p1a,p1b\n|-activate|p2b: Flaaffy|move: Protect\n|-damage|p1a: Riolu|0 fnt\n|-damage|p1b: Cresselia|0 fnt\n|faint|p2a: Golem\n|faint|p1a: Riolu\n|faint|p1b: Cresselia\n|\n|-damage|p2b: Flaaffy|1\/100 brn|[from] brn\n|-fieldend|move: Electric Terrain\n|upkeep\n|\n|t:|1696167441\n|switch|p1b: Delphox|Delphox, F, shiny|14\/100\n|switch|p1a: Kommo-o|Kommo-o, M, shiny|100\/100\n|switch|p2a: Iron Hands|Iron Hands|56\/100\n|-activate|p1b: Delphox|move: Sticky Web\n|-unboost|p1b: Delphox|spe|1\n|-activate|p1a: Kommo-o|move: Sticky Web\n|-unboost|p1a: Kommo-o|spe|1\n|turn|10\n|\n|t:|1696167457\n|switch|p1b: Oricorio|Oricorio-Sensu, F, shiny|100\/100\n|move|p1a: Kommo-o|Clangorous Soul|p1a: Kommo-o\n|-boost|p1a: Kommo-o|atk|1\n|-boost|p1a: Kommo-o|def|1\n|-boost|p1a: Kommo-o|spa|1\n|-boost|p1a: Kommo-o|spd|1\n|-boost|p1a: Kommo-o|spe|1\n|-damage|p1a: Kommo-o|68\/100\n|-activate|p1b: Oricorio|ability: Dancer\n|move|p1b: Oricorio|Clangorous Soul|p1b: Oricorio|[from]ability: Dancer\n|-boost|p1b: Oricorio|atk|1\n|-boost|p1b: Oricorio|def|1\n|-boost|p1b: Oricorio|spa|1\n|-boost|p1b: Oricorio|spd|1\n|-boost|p1b: Oricorio|spe|1\n|-damage|p1b: Oricorio|68\/100\n|move|p2a: Iron Hands|Ice Punch|p1a: Kommo-o\n|-supereffective|p1a: Kommo-o\n|-damage|p1a: Kommo-o|29\/100\n|move|p2b: Flaaffy|Electric Terrain|p2b: Flaaffy\n|-fieldstart|move: Electric Terrain\n|-activate|p2a: Iron Hands|ability: Quark Drive\n|-start|p2a: Iron Hands|quarkdriveatk\n|\n|-damage|p2b: Flaaffy|0 fnt|[from] brn\n|faint|p2b: Flaaffy\n|upkeep\n|turn|11\n|inactive|KingGodzila has 120 seconds left.\n|\n|t:|1696167497\n|-terastallize|p1b: Oricorio|Fairy\n|move|p1b: Oricorio|Revelation Dance|p2a: Iron Hands\n|-supereffective|p2a: Iron Hands\n|-damage|p2a: Iron Hands|0 fnt\n|faint|p2a: Iron Hands\n|-end|p2a: Iron Hands|Quark Drive|[silent]\n|\n|win|Theadonia\n|raw|Theadonia's rating: 1092 &rarr; <strong>1115<\/strong><br \/>(+23 for winning)\n|raw|KingGodzila's rating: 1047 &rarr; <strong>1032<\/strong><br \/>(-15 for losing)\n|l|\u2606KingGodzila\n","uploadtime":1696167506,"views":12,"p1id":"theadonia","p2id":"kinggodzila","formatid":"gen9nationaldexdoubles","rating":1032,"private":0,"password":""}