{"id":"gen9nationaldexdoubles-1971536606","p1":"nombre epico.jpg","p2":"Ancientguirus","format":"[Gen 9] National Dex Doubles","log":"|j|\u2606nombre epico.jpg\n|j|\u2606Ancientguirus\n|t:|1697746396\n|gametype|doubles\n|player|p1|nombre epico.jpg|battlegirl-gen4|1289\n|player|p2|Ancientguirus|raihan|1202\n|teamsize|p1|6\n|teamsize|p2|6\n|gen|9\n|tier|[Gen 9] National Dex Doubles\n|rated|\n|rule|HP Percentage Mod: HP is shown in percentages\n|rule|Endless Battle Clause: Forcing endless battles is banned\n|rule|OHKO Clause: OHKO moves are banned\n|rule|Evasion Moves Clause: Evasion moves are banned\n|rule|Evasion Abilities Clause: Evasion abilities are banned\n|rule|Species Clause: Limit one of each Pok\u00e9mon\n|rule|Gravity Sleep Clause: The combination of sleep-inducing moves with imperfect accuracy and Gravity or Gigantamax Orbeetle are banned\n|clearpoke\n|poke|p1|Porygon2|\n|poke|p1|Garchomp, M|\n|poke|p1|Tyranitar, M|\n|poke|p1|Sableye, M|\n|poke|p1|Excadrill, F|\n|poke|p1|Tornadus, M|\n|poke|p2|Empoleon, M|\n|poke|p2|Feraligatr, M|\n|poke|p2|Quaquaval, M|\n|poke|p2|Samurott-Hisui, M|\n|poke|p2|Primarina, F|\n|poke|p2|Swampert, M|\n|teampreview\n|\n|t:|1697746409\n|start\n|switch|p1a: Tyranitar|Tyranitar, M, shiny|100\/100\n|switch|p1b: Sableye|Sableye, M, shiny|100\/100\n|switch|p2a: Quaquaval|Quaquaval, M, shiny|100\/100\n|switch|p2b: girlboss|Primarina, F|100\/100\n|-weather|Sandstorm|[from] ability: Sand Stream|[of] p1a: Tyranitar\n|turn|1\n|\n|t:|1697746426\n|move|p1b: Sableye|Trick||[still]\n|-fail|p1b: Sableye\n|move|p2a: Quaquaval|Aqua Step|p1a: Tyranitar\n|-supereffective|p1a: Tyranitar\n|-damage|p1a: Tyranitar|32\/100\n|-boost|p2a: Quaquaval|spe|1\n|move|p1a: Tyranitar|Stone Edge|p2b: girlboss\n|-damage|p2b: girlboss|35\/100\n|move|p2b: girlboss|Moonblast|p1b: Sableye\n|-supereffective|p1b: Sableye\n|-damage|p1b: Sableye|0 fnt\n|faint|p1b: Sableye\n|\n|-weather|Sandstorm|[upkeep]\n|-damage|p2a: Quaquaval|94\/100|[from] Sandstorm\n|-damage|p2b: girlboss|29\/100|[from] Sandstorm\n|-heal|p2a: Quaquaval|100\/100|[from] item: Leftovers\n|upkeep\n|\n|t:|1697746448\n|switch|p1b: Tornadus|Tornadus, M, shiny|100\/100\n|turn|2\n|\n|t:|1697746466\n|move|p1b: Tornadus|Tailwind|p1b: Tornadus\n|-sidestart|p1: nombre epico.jpg|move: Tailwind\n|move|p2a: Quaquaval|Aqua Step|p1a: Tyranitar\n|-supereffective|p1a: Tyranitar\n|-damage|p1a: Tyranitar|0 fnt\n|-boost|p2a: Quaquaval|spe|1\n|faint|p1a: Tyranitar\n|-ability|p2a: Quaquaval|Moxie|boost\n|-boost|p2a: Quaquaval|atk|1\n|move|p2b: girlboss|Ice Beam|p1b: Tornadus\n|-supereffective|p1b: Tornadus\n|-damage|p1b: Tornadus|24\/100\n|\n|-weather|Sandstorm|[upkeep]\n|-damage|p2a: Quaquaval|94\/100|[from] Sandstorm\n|-damage|p1b: Tornadus|18\/100|[from] Sandstorm\n|-damage|p2b: girlboss|23\/100|[from] Sandstorm\n|-heal|p2a: Quaquaval|100\/100|[from] item: Leftovers\n|upkeep\n|\n|t:|1697746484\n|switch|p1a: Excadrill|Excadrill, F, shiny|100\/100\n|turn|3\n|\n|t:|1697746511\n|-terastallize|p1a: Excadrill|Steel\n|move|p1a: Excadrill|Iron Head|p2a: Quaquaval\n|-resisted|p2a: Quaquaval\n|-damage|p2a: Quaquaval|61\/100\n|move|p2a: Quaquaval|Aqua Step|p1a: Excadrill\n|-damage|p1a: Excadrill|14\/100\n|-boost|p2a: Quaquaval|spe|1\n|move|p1b: Tornadus|Bleakwind Storm|p2a: Quaquaval|[spread] p2a\n|-miss|p1b: Tornadus|p2b: girlboss\n|-supereffective|p2a: Quaquaval\n|-damage|p2a: Quaquaval|0 fnt\n|faint|p2a: Quaquaval\n|move|p2b: girlboss|Ice Beam|p1b: Tornadus\n|-supereffective|p1b: Tornadus\n|-damage|p1b: Tornadus|0 fnt\n|faint|p1b: Tornadus\n|\n|-weather|Sandstorm|[upkeep]\n|-damage|p2b: girlboss|17\/100|[from] Sandstorm\n|upkeep\n|\n|t:|1697746533\n|switch|p2a: mr whiskers|Samurott-Hisui, M, shiny|100\/100\n|switch|p1b: Garchomp|Garchomp, M|100\/100\n|turn|4\n|\n|t:|1697746546\n|detailschange|p1b: Garchomp|Garchomp-Mega, M\n|-mega|p1b: Garchomp|Garchomp|Garchompite\n|move|p1a: Excadrill|Iron Head|p2b: girlboss\n|-damage|p2b: girlboss|0 fnt\n|faint|p2b: girlboss\n|move|p1b: Garchomp|Swords Dance|p1b: Garchomp\n|-boost|p1b: Garchomp|atk|2\n|move|p2a: mr whiskers|Sacred Sword|p1a: Excadrill\n|-supereffective|p1a: Excadrill\n|-damage|p1a: Excadrill|0 fnt\n|faint|p1a: Excadrill\n|\n|-weather|Sandstorm|[upkeep]\n|-damage|p2a: mr whiskers|94\/100|[from] Sandstorm\n|upkeep\n|\n|t:|1697746561\n|switch|p1a: Porygon2|Porygon2|100\/100\n|switch|p2b: Fraxolotl|Swampert, M|100\/100\n|-ability|p1a: Porygon2|Sharpness|[from] ability: Trace|[of] p2a: mr whiskers\n|turn|5\n|\n|t:|1697746573\n|detailschange|p2b: Fraxolotl|Swampert-Mega, M\n|-mega|p2b: Fraxolotl|Swampert|Swampertite\n|move|p1b: Garchomp|Earthquake|p2b: Fraxolotl|[spread] p1a,p2a,p2b\n|-damage|p1a: Porygon2|17\/100\n|-damage|p2a: mr whiskers|0 fnt\n|-damage|p2b: Fraxolotl|0 fnt\n|faint|p2a: mr whiskers\n|faint|p2b: Fraxolotl\n|move|p1a: Porygon2|Tri Attack|p2: mr whiskers|[notarget]\n|-fail|p1a: Porygon2\n|\n|-weather|Sandstorm|[upkeep]\n|-damage|p1a: Porygon2|11\/100|[from] Sandstorm\n|-sideend|p1: nombre epico.jpg|move: Tailwind\n|upkeep\n|\n|t:|1697746584\n|switch|p2a: idk|Feraligatr, M|100\/100\n|switch|p2b: poseidon\/napoleon|Empoleon, M|100\/100\n|turn|6\n|\n|t:|1697746595\n|move|p1b: Garchomp|Earthquake|p2b: poseidon\/napoleon|[spread] p1a,p2a,p2b\n|-supereffective|p2b: poseidon\/napoleon\n|-damage|p1a: Porygon2|0 fnt\n|-damage|p2a: idk|0 fnt\n|-damage|p2b: poseidon\/napoleon|0 fnt\n|faint|p1a: Porygon2\n|faint|p2a: idk\n|faint|p2b: poseidon\/napoleon\n|\n|win|nombre epico.jpg\n|raw|nombre epico.jpg's rating: 1289 &rarr; <strong>1308<\/strong><br \/>(+19 for winning)\n|raw|Ancientguirus's rating: 1202 &rarr; <strong>1183<\/strong><br \/>(-19 for losing)\n|l|\u2606Ancientguirus\n|c|\u2606nombre epico.jpg|Gg\n","uploadtime":1697746608,"views":8,"p1id":"nombreepicojpg","p2id":"ancientguirus","formatid":"gen9nationaldexdoubles","rating":1183,"private":0,"password":""}