{"id":"gen9nationaldexdoubles-1996251981","p1":"aweiydx","p2":"BriefMarigold4","format":"[Gen 9] National Dex Doubles","log":"|j|\u2606aweiydx\n|j|\u2606BriefMarigold4\n|t:|1700664154\n|gametype|doubles\n|player|p1|aweiydx|furisodegirl-white|1458\n|player|p2|BriefMarigold4|1|1546\n|teamsize|p1|6\n|teamsize|p2|6\n|gen|9\n|tier|[Gen 9] National Dex Doubles\n|rated|\n|rule|HP Percentage Mod: HP is shown in percentages\n|rule|Endless Battle Clause: Forcing endless battles is banned\n|rule|OHKO Clause: OHKO moves are banned\n|rule|Evasion Moves Clause: Evasion moves are banned\n|rule|Evasion Abilities Clause: Evasion abilities are banned\n|rule|Species Clause: Limit one of each Pok\u00e9mon\n|rule|Gravity Sleep Clause: The combination of sleep-inducing moves with imperfect accuracy and Gravity or Gigantamax Orbeetle are banned\n|clearpoke\n|poke|p1|Blaziken, M|\n|poke|p1|Salamence, F|\n|poke|p1|Diancie|\n|poke|p1|Volcanion|\n|poke|p1|Chien-Pao|\n|poke|p1|Kingambit, M|\n|poke|p2|Landorus-Therian, M|\n|poke|p2|Tapu Fini|\n|poke|p2|Snorlax, M|\n|poke|p2|Sinistcha-Masterpiece|\n|poke|p2|Gothitelle, F|\n|poke|p2|Kyurem-Black|\n|teampreview\n|\n|t:|1700664215\n|start\n|switch|p1a: Blaziken|Blaziken, M|100\/100\n|switch|p1b: Kingambit|Kingambit, M|100\/100\n|switch|p2a: my lil fatty UwU|Snorlax, M|100\/100\n|switch|p2b: uuhhh mommy?|Gothitelle, F|100\/100\n|turn|1\n|inactive|Battle timer is ON: inactive players will automatically lose when time's up. (requested by BriefMarigold4)\n|\n|t:|1700664234\n|move|p2b: uuhhh mommy?|Fake Out|p1a: Blaziken\n|-damage|p1a: Blaziken|92\/100\n|cant|p1a: Blaziken|flinch\n|move|p1b: Kingambit|Swords Dance|p1b: Kingambit\n|-boost|p1b: Kingambit|atk|2\n|move|p2a: my lil fatty UwU|Belly Drum|p2a: my lil fatty UwU\n|-damage|p2a: my lil fatty UwU|51\/100\n|-setboost|p2a: my lil fatty UwU|atk|6|[from] move: Belly Drum\n|\n|-heal|p2a: my lil fatty UwU|57\/100|[from] item: Leftovers\n|-ability|p1a: Blaziken|Speed Boost|boost\n|-boost|p1a: Blaziken|spe|1\n|upkeep\n|turn|2\n|\n|t:|1700664256\n|-terastallize|p2b: uuhhh mommy?|Dark\n|move|p2a: my lil fatty UwU|Protect|p2a: my lil fatty UwU\n|-singleturn|p2a: my lil fatty UwU|Protect\n|move|p1a: Blaziken|Close Combat|p2a: my lil fatty UwU\n|-activate|p2a: my lil fatty UwU|move: Protect\n|move|p1b: Kingambit|Knock Off|p2a: my lil fatty UwU\n|-activate|p2a: my lil fatty UwU|move: Protect\n|move|p2b: uuhhh mommy?|Trick Room|p2b: uuhhh mommy?\n|-fieldstart|move: Trick Room|[of] p2b: uuhhh mommy?\n|\n|-heal|p2a: my lil fatty UwU|63\/100|[from] item: Leftovers\n|-ability|p1a: Blaziken|Speed Boost|boost\n|-boost|p1a: Blaziken|spe|1\n|upkeep\n|turn|3\n|\n|t:|1700664278\n|move|p1b: Kingambit|Protect|p1b: Kingambit\n|-singleturn|p1b: Kingambit|Protect\n|move|p1a: Blaziken|Protect|p1a: Blaziken\n|-singleturn|p1a: Blaziken|Protect\n|move|p2b: uuhhh mommy?|Ally Switch|p2b: uuhhh mommy?\n|swap|p2b: uuhhh mommy?|0|[from] move: Ally Switch\n|move|p2b: my lil fatty UwU|High Horsepower|p1b: Kingambit\n|-activate|p1b: Kingambit|move: Protect\n|\n|-heal|p2b: my lil fatty UwU|69\/100|[from] item: Leftovers\n|-ability|p1a: Blaziken|Speed Boost|boost\n|-boost|p1a: Blaziken|spe|1\n|upkeep\n|turn|4\n|\n|t:|1700664298\n|-terastallize|p1b: Kingambit|Dark\n|move|p2a: uuhhh mommy?|Ally Switch|p2a: uuhhh mommy?\n|swap|p2a: uuhhh mommy?|1|[from] move: Ally Switch\n|move|p1b: Kingambit|Sucker Punch||[still]\n|-fail|p1b: Kingambit\n|move|p2a: my lil fatty UwU|High Horsepower|p1b: Kingambit\n|-damage|p1b: Kingambit|18\/100\n|move|p1a: Blaziken|Close Combat|p2b: uuhhh mommy?\n|-supereffective|p2b: uuhhh mommy?\n|-damage|p2b: uuhhh mommy?|0 fnt\n|-unboost|p1a: Blaziken|def|1\n|-unboost|p1a: Blaziken|spd|1\n|faint|p2b: uuhhh mommy?\n|-damage|p1a: Blaziken|82\/100|[from] item: Life Orb\n|\n|-heal|p2a: my lil fatty UwU|75\/100|[from] item: Leftovers\n|-ability|p1a: Blaziken|Speed Boost|boost\n|-boost|p1a: Blaziken|spe|1\n|upkeep\n|\n|t:|1700664310\n|switch|p2b: oi it be tea time|Sinistcha-Masterpiece|100\/100\n|-heal|p2a: my lil fatty UwU|99\/100|[from] ability: Hospitality|[of] p2b: oi it be tea time\n|turn|5\n|\n|t:|1700664324\n|move|p1b: Kingambit|Protect|p1b: Kingambit\n|-singleturn|p1b: Kingambit|Protect\n|move|p1a: Blaziken|Protect|p1a: Blaziken\n|-singleturn|p1a: Blaziken|Protect\n|move|p2b: oi it be tea time|Rage Powder|p2b: oi it be tea time\n|-singleturn|p2b: oi it be tea time|move: Rage Powder\n|move|p2a: my lil fatty UwU|Return|p1b: Kingambit\n|-activate|p1b: Kingambit|move: Protect\n|\n|-heal|p2a: my lil fatty UwU|100\/100|[from] item: Leftovers\n|-ability|p1a: Blaziken|Speed Boost|boost\n|-boost|p1a: Blaziken|spe|1\n|upkeep\n|turn|6\n|inactive|aweiydx has 120 seconds left.\n|\n|t:|1700664378\n|move|p2b: oi it be tea time|Rage Powder|p2b: oi it be tea time\n|-singleturn|p2b: oi it be tea time|move: Rage Powder\n|move|p2a: my lil fatty UwU|Return|p1a: Blaziken\n|-damage|p1a: Blaziken|0 fnt\n|faint|p1a: Blaziken\n|move|p1b: Kingambit|Knock Off|p2b: oi it be tea time\n|-supereffective|p2b: oi it be tea time\n|-damage|p2b: oi it be tea time|0 fnt\n|-enditem|p2b: oi it be tea time|Mental Herb|[from] move: Knock Off|[of] p1b: Kingambit\n|faint|p2b: oi it be tea time\n|\n|-fieldend|move: Trick Room\n|upkeep\n|inactive|aweiydx has 120 seconds left.\n|inactive|BriefMarigold4 has 120 seconds left.\n|inactive|aweiydx has 90 seconds left.\n|\n|t:|1700664413\n|switch|p1a: Chien-Pao|Chien-Pao|100\/100\n|switch|p2b: fuck dem burns|Tapu Fini|100\/100\n|-ability|p1a: Chien-Pao|Sword of Ruin\n|-fieldstart|move: Misty Terrain|[from] ability: Misty Surge|[of] p2b: fuck dem burns\n|turn|7\n|\n|t:|1700664424\n|move|p1a: Chien-Pao|Protect|p1a: Chien-Pao\n|-singleturn|p1a: Chien-Pao|Protect\n|move|p1b: Kingambit|Protect|p1b: Kingambit\n|-singleturn|p1b: Kingambit|Protect\n|move|p2a: my lil fatty UwU|Protect|p2a: my lil fatty UwU\n|-singleturn|p2a: my lil fatty UwU|Protect\n|move|p2b: fuck dem burns|Calm Mind|p2b: fuck dem burns\n|-boost|p2b: fuck dem burns|spa|1\n|-boost|p2b: fuck dem burns|spd|1\n|\n|upkeep\n|turn|8\n|\n|t:|1700664438\n|move|p2a: my lil fatty UwU|Protect|p2a: my lil fatty UwU\n|-singleturn|p2a: my lil fatty UwU|Protect\n|move|p1b: Kingambit|Sucker Punch||[still]\n|-fail|p1b: Kingambit\n|move|p1a: Chien-Pao|Sacred Sword|p2a: my lil fatty UwU\n|-activate|p2a: my lil fatty UwU|move: Protect\n|move|p2b: fuck dem burns|Moonblast|p1b: Kingambit\n|-supereffective|p1b: Kingambit\n|-damage|p1b: Kingambit|0 fnt\n|faint|p1b: Kingambit\n|\n|upkeep\n|\n|t:|1700664446\n|switch|p1b: Diancie|Diancie|100\/100\n|turn|9\n|\n|t:|1700664456\n|move|p1a: Chien-Pao|Sacred Sword|p2a: my lil fatty UwU\n|-supereffective|p2a: my lil fatty UwU\n|-damage|p2a: my lil fatty UwU|44\/100\n|move|p2b: fuck dem burns|Muddy Water|p1a: Chien-Pao|[spread] p1a,p1b\n|-supereffective|p1b: Diancie\n|-damage|p1a: Chien-Pao|46\/100\n|-damage|p1b: Diancie|43\/100\n|-unboost|p1a: Chien-Pao|accuracy|1\n|-enditem|p1b: Diancie|Weakness Policy\n|-boost|p1b: Diancie|atk|2|[from] item: Weakness Policy\n|-boost|p1b: Diancie|spa|2|[from] item: Weakness Policy\n|move|p1b: Diancie|Diamond Storm|p2b: fuck dem burns|[spread] p2b\n|-miss|p1b: Diancie|p2a: my lil fatty UwU\n|-damage|p2b: fuck dem burns|29\/100\n|-enditem|p2b: fuck dem burns|Sitrus Berry|[eat]\n|-heal|p2b: fuck dem burns|54\/100|[from] item: Sitrus Berry\n|move|p2a: my lil fatty UwU|Return|p1a: Chien-Pao\n|-damage|p1a: Chien-Pao|0 fnt\n|faint|p1a: Chien-Pao\n|\n|-heal|p2a: my lil fatty UwU|50\/100|[from] item: Leftovers\n|upkeep\n|\n|t:|1700664480\n|switch|p1a: Volcanion|Volcanion|100\/100\n|turn|10\n|inactive|aweiydx has 120 seconds left.\n|\n|t:|1700664513\n|move|p2b: fuck dem burns|Muddy Water|p1a: Volcanion|[spread] p1b\n|-immune|p1a: Volcanion|[from] ability: Water Absorb\n|-supereffective|p1b: Diancie\n|-damage|p1b: Diancie|0 fnt\n|faint|p1b: Diancie\n|move|p1a: Volcanion|Sludge Bomb|p2b: fuck dem burns\n|-supereffective|p2b: fuck dem burns\n|-damage|p2b: fuck dem burns|17\/100\n|move|p2a: my lil fatty UwU|High Horsepower|p1a: Volcanion\n|-supereffective|p1a: Volcanion\n|-damage|p1a: Volcanion|0 fnt\n|faint|p1a: Volcanion\n|\n|-heal|p2a: my lil fatty UwU|56\/100|[from] item: Leftovers\n|upkeep\n|inactive|aweiydx has 120 seconds left.\n|\n|t:|1700664519\n|switch|p1b: Salamence|Salamence, F|100\/100\n|-ability|p1b: Salamence|Intimidate|boost\n|-unboost|p2a: my lil fatty UwU|atk|1\n|-unboost|p2b: fuck dem burns|atk|1\n|turn|11\n|-message|aweiydx forfeited.\n|\n|win|BriefMarigold4\n|raw|aweiydx's rating: 1458 &rarr; <strong>1443<\/strong><br \/>(-15 for losing)\n|raw|BriefMarigold4's rating: 1546 &rarr; <strong>1561<\/strong><br \/>(+15 for winning)\n|l|\u2606aweiydx\n","uploadtime":1700664536,"views":29,"p1id":"aweiydx","p2id":"briefmarigold4","formatid":"gen9nationaldexdoubles","rating":1443,"private":0,"password":""}