{"id":"gen9nationaldexdoubles-2000466898","p1":"fumbari 24","p2":"Inimicus2000","format":"[Gen 9] National Dex Doubles","log":"|j|\u2606fumbari 24\n|j|\u2606Inimicus2000\n|t:|1701197223\n|gametype|doubles\n|player|p1|fumbari 24|hilbert|1307\n|player|p2|Inimicus2000|2|1468\n|teamsize|p1|6\n|teamsize|p2|6\n|gen|9\n|tier|[Gen 9] National Dex Doubles\n|rated|\n|rule|HP Percentage Mod: HP is shown in percentages\n|rule|Endless Battle Clause: Forcing endless battles is banned\n|rule|OHKO Clause: OHKO moves are banned\n|rule|Evasion Moves Clause: Evasion moves are banned\n|rule|Evasion Abilities Clause: Evasion abilities are banned\n|rule|Species Clause: Limit one of each Pok\u00e9mon\n|rule|Gravity Sleep Clause: The combination of sleep-inducing moves with imperfect accuracy and Gravity or Gigantamax Orbeetle are banned\n|clearpoke\n|poke|p1|Beartic, F|\n|poke|p1|Ninetales-Alola, F|\n|poke|p1|Articuno-Galar|\n|poke|p1|Wyrdeer, M|\n|poke|p1|Mamoswine, F|\n|poke|p1|Latios, M|\n|poke|p2|Flutter Mane|\n|poke|p2|Deoxys-Attack|\n|poke|p2|Charizard, M|\n|poke|p2|Chi-Yu|\n|poke|p2|Walking Wake|\n|poke|p2|Roaring Moon|\n|teampreview\n|inactive|Battle timer is ON: inactive players will automatically lose when time's up. (requested by Inimicus2000)\n|inactive|fumbari 24 has 120 seconds left.\n|\n|t:|1701197255\n|start\n|switch|p1a: Ninetales|Ninetales-Alola, F|100\/100\n|switch|p1b: Beartic|Beartic, F, shiny|100\/100\n|switch|p2a: Charizard|Charizard, M, shiny|100\/100\n|switch|p2b: Chi-Yu|Chi-Yu|100\/100\n|-ability|p2b: Chi-Yu|Beads of Ruin\n|-weather|Snow|[from] ability: Snow Warning|[of] p1a: Ninetales\n|turn|1\n|\n|t:|1701197281\n|switch|p1b: Latios|Latios, M|100\/100\n|switch|p1a: Wyrdeer|Wyrdeer, M|100\/100\n|-ability|p1a: Wyrdeer|Intimidate|boost\n|-unboost|p2a: Charizard|atk|1\n|-unboost|p2b: Chi-Yu|atk|1\n|detailschange|p2a: Charizard|Charizard-Mega-Y, M, shiny\n|-mega|p2a: Charizard|Charizard|Charizardite Y\n|-weather|SunnyDay|[from] ability: Drought|[of] p2a: Charizard\n|-terastallize|p2b: Chi-Yu|Fire\n|move|p2a: Charizard|Protect|p2a: Charizard\n|-singleturn|p2a: Charizard|Protect\n|move|p2b: Chi-Yu|Heat Wave|p1b: Latios|[spread] p1a,p1b\n|-resisted|p1b: Latios\n|-damage|p1a: Wyrdeer|6\/100\n|-damage|p1b: Latios|48\/100\n|\n|-weather|SunnyDay|[upkeep]\n|upkeep\n|turn|2\n|\n|t:|1701197301\n|switch|p2a: Flutter Mane|Flutter Mane|100\/100\n|-activate|p2a: Flutter Mane|ability: Protosynthesis\n|-start|p2a: Flutter Mane|protosynthesisspe\n|detailschange|p1b: Latios|Latios-Mega, M\n|-mega|p1b: Latios|Latios|Latiosite\n|move|p2b: Chi-Yu|Heat Wave|p1b: Latios|[spread] p1b\n|-miss|p2b: Chi-Yu|p1a: Wyrdeer\n|-resisted|p1b: Latios\n|-damage|p1b: Latios|0 fnt\n|faint|p1b: Latios\n|move|p1a: Wyrdeer|Tera Blast|p2b: Chi-Yu\n|-damage|p2b: Chi-Yu|65\/100\n|\n|-weather|SunnyDay|[upkeep]\n|upkeep\n|\n|t:|1701197311\n|switch|p1b: Mamoswine|Mamoswine, F|100\/100\n|turn|3\n|\n|t:|1701197320\n|-terastallize|p1b: Mamoswine|Fire\n|move|p1a: Wyrdeer|Helping Hand|p1b: Mamoswine\n|-singleturn|p1b: Mamoswine|Helping Hand|[of] p1a: Wyrdeer\n|move|p2a: Flutter Mane|Calm Mind|p2a: Flutter Mane\n|-boost|p2a: Flutter Mane|spa|1\n|-boost|p2a: Flutter Mane|spd|1\n|move|p2b: Chi-Yu|Heat Wave|p1a: Wyrdeer|[spread] p1a\n|-miss|p2b: Chi-Yu|p1b: Mamoswine\n|-damage|p1a: Wyrdeer|0 fnt\n|faint|p1a: Wyrdeer\n|move|p1b: Mamoswine|Earthquake|p2a: Flutter Mane|[spread] p2a,p2b\n|-supereffective|p2b: Chi-Yu\n|-damage|p2a: Flutter Mane|0 fnt\n|-damage|p2b: Chi-Yu|0 fnt\n|faint|p2a: Flutter Mane\n|-end|p2a: Flutter Mane|Protosynthesis|[silent]\n|faint|p2b: Chi-Yu\n|\n|-weather|SunnyDay|[upkeep]\n|upkeep\n|\n|t:|1701197344\n|switch|p2a: Walking Wake|Walking Wake|100\/100\n|switch|p2b: Deoxys|Deoxys-Attack, shiny|100\/100\n|switch|p1a: Articuno|Articuno-Galar|100\/100\n|-ability|p2b: Deoxys|Pressure\n|-activate|p2a: Walking Wake|ability: Protosynthesis\n|-start|p2a: Walking Wake|protosynthesisspe\n|turn|4\n|\n|t:|1701197366\n|move|p2b: Deoxys|Protect|p2b: Deoxys\n|-singleturn|p2b: Deoxys|Protect\n|move|p2a: Walking Wake|Hydro Steam|p1b: Mamoswine\n|-supereffective|p1b: Mamoswine\n|-damage|p1b: Mamoswine|0 fnt\n|faint|p1b: Mamoswine\n|-damage|p2a: Walking Wake|91\/100|[from] item: Life Orb\n|move|p1a: Articuno|Trick Room|p1a: Articuno\n|-fieldstart|move: Trick Room|[of] p1a: Articuno\n|\n|-weather|SunnyDay|[upkeep]\n|upkeep\n|\n|t:|1701197378\n|switch|p1b: Beartic|Beartic, F, shiny|100\/100\n|turn|5\n|\n|t:|1701197389\n|move|p2a: Walking Wake|Protect|p2a: Walking Wake\n|-singleturn|p2a: Walking Wake|Protect\n|move|p1b: Beartic|Icicle Crash|p2b: Deoxys|[miss]\n|-miss|p1b: Beartic|p2b: Deoxys\n|move|p1a: Articuno|Freezing Glare|p2a: Walking Wake\n|-activate|p2a: Walking Wake|move: Protect\n|move|p2b: Deoxys|Psycho Boost|p1b: Beartic\n|-damage|p1b: Beartic|2\/100\n|-unboost|p2b: Deoxys|spa|2\n|\n|-weather|none\n|-end|p2a: Walking Wake|Protosynthesis\n|upkeep\n|turn|6\n|inactive|Inimicus2000 has 120 seconds left.\n|\n|t:|1701197420\n|move|p1b: Beartic|Protect|p1b: Beartic\n|-singleturn|p1b: Beartic|Protect\n|move|p2b: Deoxys|Extreme Speed|p1b: Beartic\n|-activate|p1b: Beartic|move: Protect\n|move|p1a: Articuno|Shadow Ball|p2b: Deoxys\n|-supereffective|p2b: Deoxys\n|-enditem|p2b: Deoxys|Focus Sash\n|-damage|p2b: Deoxys|1\/100\n|move|p2a: Walking Wake|Draco Meteor|p1a: Articuno\n|-damage|p1a: Articuno|30\/100\n|-unboost|p2a: Walking Wake|spa|2\n|-enditem|p1a: Articuno|Sitrus Berry|[eat]\n|-heal|p1a: Articuno|55\/100|[from] item: Sitrus Berry\n|-damage|p2a: Walking Wake|81\/100|[from] item: Life Orb\n|\n|upkeep\n|turn|7\n|\n|t:|1701197440\n|move|p1b: Beartic|Protect||[still]\n|-fail|p1b: Beartic\n|move|p2a: Walking Wake|Protect|p2a: Walking Wake\n|-singleturn|p2a: Walking Wake|Protect\n|move|p2b: Deoxys|Protect|p2b: Deoxys\n|-singleturn|p2b: Deoxys|Protect\n|move|p1a: Articuno|Freezing Glare|p2b: Deoxys\n|-activate|p2b: Deoxys|move: Protect\n|\n|upkeep\n|turn|8\n|\n|t:|1701197462\n|-end|p2a: Walking Wake|Protosynthesis|[silent]\n|switch|p2a: Charizard|Charizard-Mega-Y, M, shiny|100\/100\n|-weather|SunnyDay|[from] ability: Drought|[of] p2a: Charizard\n|move|p1b: Beartic|Protect|p1b: Beartic\n|-singleturn|p1b: Beartic|Protect\n|move|p2b: Deoxys|Extreme Speed|p1b: Beartic\n|-activate|p1b: Beartic|move: Protect\n|move|p1a: Articuno|Shadow Ball|p2b: Deoxys\n|-supereffective|p2b: Deoxys\n|-damage|p2b: Deoxys|0 fnt\n|faint|p2b: Deoxys\n|\n|-weather|SunnyDay|[upkeep]\n|-fieldend|move: Trick Room\n|upkeep\n|inactive|Inimicus2000 has 120 seconds left.\n|\n|t:|1701197479\n|switch|p2b: Roaring Moon|Roaring Moon|100\/100\n|-activate|p2b: Roaring Moon|ability: Protosynthesis\n|-start|p2b: Roaring Moon|protosynthesisspe\n|turn|9\n|\n|t:|1701197484\n|switch|p1a: Ninetales|Ninetales-Alola, F|100\/100\n|-weather|Snow|[from] ability: Snow Warning|[of] p1a: Ninetales\n|-end|p2b: Roaring Moon|Protosynthesis\n|move|p1b: Beartic|Rock Slide|p2b: Roaring Moon|[spread] p2a,p2b\n|-supereffective|p2a: Charizard\n|-damage|p2a: Charizard|0 fnt\n|-damage|p2b: Roaring Moon|79\/100\n|faint|p2a: Charizard\n|move|p2b: Roaring Moon|Dragon Dance|p2b: Roaring Moon\n|-boost|p2b: Roaring Moon|atk|1\n|-boost|p2b: Roaring Moon|spe|1\n|\n|-weather|Snow|[upkeep]\n|upkeep\n|\n|t:|1701197496\n|switch|p2a: Walking Wake|Walking Wake|81\/100\n|turn|10\n|\n|t:|1701197504\n|move|p2a: Walking Wake|Protect|p2a: Walking Wake\n|-singleturn|p2a: Walking Wake|Protect\n|move|p2b: Roaring Moon|Outrage|p1a: Ninetales\n|-immune|p1a: Ninetales\n|move|p1b: Beartic|Icicle Crash|p2a: Walking Wake\n|-activate|p2a: Walking Wake|move: Protect\n|move|p1a: Ninetales|Moonblast|p2b: Roaring Moon\n|-supereffective|p2b: Roaring Moon\n|-damage|p2b: Roaring Moon|0 fnt\n|faint|p2b: Roaring Moon\n|-end|p2b: Roaring Moon|Protosynthesis|[silent]\n|\n|-weather|Snow|[upkeep]\n|upkeep\n|turn|11\n|-message|Inimicus2000 forfeited.\n|\n|win|fumbari 24\n|raw|fumbari 24's rating: 1307 &rarr; <strong>1336<\/strong><br \/>(+29 for winning)\n|raw|Inimicus2000's rating: 1468 &rarr; <strong>1439<\/strong><br \/>(-29 for losing)\n|l|\u2606Inimicus2000\n|l|\u2606fumbari 24\n|j|\u2606fumbari 24\n|player|p1|fumbari 24|hilbert\n","uploadtime":1701197520,"views":6,"p1id":"fumbari24","p2id":"inimicus2000","formatid":"gen9nationaldexdoubles","rating":1336,"private":0,"password":""}