{"id":"gen9nationaldexdoubles-1971196607","p1":"TheRarWolf","p2":"Prapple2","format":"[Gen 9] National Dex Doubles","log":"|j|\u2606TheRarWolf\n|j|\u2606Prapple2\n|t:|1697718702\n|gametype|doubles\n|player|p1|TheRarWolf|roxie|1127\n|player|p2|Prapple2|caitlin|1221\n|teamsize|p1|6\n|teamsize|p2|6\n|gen|9\n|tier|[Gen 9] National Dex Doubles\n|rated|\n|rule|HP Percentage Mod: HP is shown in percentages\n|rule|Endless Battle Clause: Forcing endless battles is banned\n|rule|OHKO Clause: OHKO moves are banned\n|rule|Evasion Moves Clause: Evasion moves are banned\n|rule|Evasion Abilities Clause: Evasion abilities are banned\n|rule|Species Clause: Limit one of each Pok\u00e9mon\n|rule|Gravity Sleep Clause: The combination of sleep-inducing moves with imperfect accuracy and Gravity or Gigantamax Orbeetle are banned\n|clearpoke\n|poke|p1|Ribombee, F|\n|poke|p1|Scizor, F|\n|poke|p1|Kricketune, M|\n|poke|p1|Heracross, F|\n|poke|p1|Masquerain, M|\n|poke|p1|Kleavor, F|\n|poke|p2|Indeedee-F, F|\n|poke|p2|Oranguru, F|\n|poke|p2|Slowking-Galar, M|\n|poke|p2|Armarouge, F|\n|poke|p2|Hoopa-Unbound|\n|poke|p2|Tapu Lele|\n|teampreview\n|\n|t:|1697718721\n|start\n|switch|p1a: Masquerain|Masquerain, M|100\/100\n|switch|p1b: Ribombee|Ribombee, F|100\/100\n|switch|p2a: Indeedee|Indeedee-F, F, shiny|100\/100\n|switch|p2b: Armarouge|Armarouge, F|100\/100\n|-ability|p1a: Masquerain|Intimidate|boost\n|-unboost|p2a: Indeedee|atk|1\n|-unboost|p2b: Armarouge|atk|1\n|-fieldstart|move: Psychic Terrain|[from] ability: Psychic Surge|[of] p2a: Indeedee\n|-enditem|p2a: Indeedee|Psychic Seed\n|-boost|p2a: Indeedee|spd|1|[from] item: Psychic Seed\n|turn|1\n|\n|t:|1697718727\n|move|p2a: Indeedee|Follow Me|p2a: Indeedee\n|-singleturn|p2a: Indeedee|move: Follow Me\n|move|p1b: Ribombee|Struggle Bug|p2a: Indeedee|[spread] p2a,p2b\n|-supereffective|p2a: Indeedee\n|-damage|p2a: Indeedee|80\/100\n|-damage|p2b: Armarouge|83\/100\n|-unboost|p2a: Indeedee|spa|1\n|-unboost|p2b: Armarouge|spa|1\n|move|p1a: Masquerain|Struggle Bug|p2a: Indeedee|[spread] p2a,p2b\n|-supereffective|p2a: Indeedee\n|-damage|p2a: Indeedee|58\/100\n|-damage|p2b: Armarouge|66\/100\n|-unboost|p2a: Indeedee|spa|1\n|-unboost|p2b: Armarouge|spa|1\n|move|p2b: Armarouge|Trick Room|p2b: Armarouge\n|-fieldstart|move: Trick Room|[of] p2b: Armarouge\n|\n|upkeep\n|turn|2\n|\n|t:|1697718748\n|switch|p2a: Slowking|Slowking-Galar, M|100\/100\n|move|p2b: Armarouge|Wide Guard|p2b: Armarouge\n|-singleturn|p2b: Armarouge|Wide Guard\n|move|p1a: Masquerain|Struggle Bug|p2b: Armarouge|[spread] \n|-activate|p2a: Slowking|move: Wide Guard\n|-activate|p2b: Armarouge|move: Wide Guard\n|move|p1b: Ribombee|Struggle Bug|p2b: Armarouge|[spread] \n|-activate|p2a: Slowking|move: Wide Guard\n|-activate|p2b: Armarouge|move: Wide Guard\n|\n|upkeep\n|turn|3\n|\n|t:|1697718763\n|move|p2b: Armarouge|Wide Guard|p2b: Armarouge\n|-singleturn|p2b: Armarouge|Wide Guard\n|-zpower|p2a: Slowking\n|move|p2a: Slowking|Inferno Overdrive|p1a: Masquerain|[zeffect]\n|-supereffective|p1a: Masquerain\n|-damage|p1a: Masquerain|0 fnt\n|faint|p1a: Masquerain\n|move|p1b: Ribombee|Struggle Bug|p2b: Armarouge|[spread] \n|-activate|p2a: Slowking|move: Wide Guard\n|-activate|p2b: Armarouge|move: Wide Guard\n|\n|upkeep\n|\n|t:|1697718767\n|switch|p1a: Kleavor|Kleavor, F|100\/100\n|turn|4\n|\n|t:|1697718783\n|switch|p2b: Oranguru|Oranguru, F|100\/100\n|move|p2a: Slowking|Psyshock|p1a: Kleavor\n|-damage|p1a: Kleavor|36\/100\n|move|p1a: Kleavor|Knock Off|p2b: Oranguru\n|-supereffective|p2b: Oranguru\n|-damage|p2b: Oranguru|27\/100\n|-enditem|p2b: Oranguru|Mental Herb|[from] move: Knock Off|[of] p1a: Kleavor\n|-damage|p1a: Kleavor|26\/100|[from] item: Life Orb\n|move|p1b: Ribombee|Stun Spore|p2a: Slowking\n|-status|p2a: Slowking|par\n|\n|upkeep\n|turn|5\n|\n|t:|1697718795\n|move|p2a: Slowking|Psyshock|p1a: Kleavor\n|-damage|p1a: Kleavor|0 fnt\n|faint|p1a: Kleavor\n|move|p2b: Oranguru|Instruct|p2a: Slowking\n|-singleturn|p2a: Slowking|move: Instruct|[of] p2b: Oranguru\n|move|p2a: Slowking|Psyshock|p1b: Ribombee\n|-enditem|p1b: Ribombee|Focus Sash\n|-damage|p1b: Ribombee|1\/100\n|move|p1b: Ribombee|Struggle Bug|p2a: Slowking|[spread] p2a,p2b\n|-supereffective|p2b: Oranguru\n|-damage|p2a: Slowking|88\/100 par\n|-damage|p2b: Oranguru|4\/100\n|-unboost|p2a: Slowking|spa|1\n|-unboost|p2b: Oranguru|spa|1\n|\n|-fieldend|move: Trick Room\n|-fieldend|move: Psychic Terrain\n|upkeep\n|\n|t:|1697718799\n|switch|p1a: Heracross|Heracross, F|100\/100\n|turn|6\n|\n|t:|1697718808\n|move|p1b: Ribombee|Struggle Bug|p2a: Slowking|[spread] p2a,p2b\n|-supereffective|p2b: Oranguru\n|-damage|p2a: Slowking|76\/100 par\n|-damage|p2b: Oranguru|0 fnt\n|-unboost|p2a: Slowking|spa|1\n|faint|p2b: Oranguru\n|move|p1a: Heracross|Knock Off|p2a: Slowking\n|-supereffective|p2a: Slowking\n|-damage|p2a: Slowking|27\/100 par\n|move|p2a: Slowking|Flamethrower|p1a: Heracross\n|-supereffective|p1a: Heracross\n|-damage|p1a: Heracross|63\/100\n|\n|-status|p1a: Heracross|brn|[from] item: Flame Orb\n|upkeep\n|\n|t:|1697718822\n|switch|p2b: Indeedee|Indeedee-F, F, shiny|58\/100\n|-fieldstart|move: Psychic Terrain|[from] ability: Psychic Surge|[of] p2b: Indeedee\n|turn|7\n|\n|t:|1697718828\n|move|p2b: Indeedee|Protect|p2b: Indeedee\n|-singleturn|p2b: Indeedee|Protect\n|move|p1b: Ribombee|Struggle Bug|p2a: Slowking|[spread] p2a\n|-activate|p2b: Indeedee|move: Protect\n|-damage|p2a: Slowking|15\/100 par\n|-unboost|p2a: Slowking|spa|1\n|move|p1a: Heracross|Megahorn|p2b: Indeedee\n|-activate|p2b: Indeedee|move: Protect\n|move|p2a: Slowking|Flamethrower|p1b: Ribombee\n|-supereffective|p1b: Ribombee\n|-damage|p1b: Ribombee|0 fnt\n|faint|p1b: Ribombee\n|\n|-damage|p1a: Heracross|57\/100 brn|[from] brn\n|upkeep\n|\n|t:|1697718831\n|switch|p1b: Scizor|Scizor, F|100\/100\n|turn|8\n|\n|t:|1697718851\n|switch|p2b: Tapu Lele|Tapu Lele|100\/100\n|detailschange|p1b: Scizor|Scizor-Mega, F\n|-mega|p1b: Scizor|Scizor|Scizorite\n|move|p1a: Heracross|Knock Off|p2a: Slowking\n|-supereffective|p2a: Slowking\n|-damage|p2a: Slowking|0 fnt\n|faint|p2a: Slowking\n|move|p1b: Scizor|Bug Bite|p2b: Tapu Lele\n|-damage|p2b: Tapu Lele|29\/100\n|\n|-damage|p1a: Heracross|51\/100 brn|[from] brn\n|upkeep\n|\n|t:|1697718863\n|switch|p2a: Indeedee|Indeedee-F, F, shiny|58\/100\n|turn|9\n|\n|t:|1697718885\n|move|p2a: Indeedee|Protect|p2a: Indeedee\n|-singleturn|p2a: Indeedee|Protect\n|move|p1a: Heracross|Knock Off|p2a: Indeedee\n|-activate|p2a: Indeedee|move: Protect\n|move|p2b: Tapu Lele|Dazzling Gleam|p1a: Heracross|[spread] p1a,p1b\n|-supereffective|p1a: Heracross\n|-crit|p1a: Heracross\n|-resisted|p1b: Scizor\n|-damage|p1a: Heracross|0 fnt\n|-damage|p1b: Scizor|77\/100\n|faint|p1a: Heracross\n|-damage|p2b: Tapu Lele|19\/100|[from] item: Life Orb\n|move|p1b: Scizor|Bug Bite|p2b: Tapu Lele\n|-damage|p2b: Tapu Lele|0 fnt\n|faint|p2b: Tapu Lele\n|\n|upkeep\n|\n|t:|1697718898\n|switch|p1a: Kricketune|Kricketune, M|100\/100\n|switch|p2b: Armarouge|Armarouge, F|66\/100\n|turn|10\n|\n|t:|1697718907\n|move|p2a: Indeedee|Follow Me|p2a: Indeedee\n|-singleturn|p2a: Indeedee|move: Follow Me\n|move|p1b: Scizor|Knock Off|p2a: Indeedee\n|-supereffective|p2a: Indeedee\n|-damage|p2a: Indeedee|4\/100\n|move|p1a: Kricketune|Fell Stinger|p2a: Indeedee\n|-supereffective|p2a: Indeedee\n|-damage|p2a: Indeedee|0 fnt\n|faint|p2a: Indeedee\n|-boost|p1a: Kricketune|atk|3\n|move|p2b: Armarouge|Trick Room|p2b: Armarouge\n|-fieldstart|move: Trick Room|[of] p2b: Armarouge\n|\n|upkeep\n|\n|t:|1697718919\n|switch|p2a: Hoopa|Hoopa-Unbound|100\/100\n|turn|11\n|\n|t:|1697718950\n|move|p2b: Armarouge|Expanding Force|p1b: Scizor|[spread] p1a,p1b\n|-resisted|p1b: Scizor\n|-enditem|p1a: Kricketune|Focus Sash\n|-damage|p1a: Kricketune|1\/100\n|-damage|p1b: Scizor|35\/100\n|-damage|p2b: Armarouge|56\/100|[from] item: Life Orb\n|move|p2a: Hoopa|Drain Punch|p1b: Scizor\n|-damage|p1b: Scizor|11\/100\n|move|p1a: Kricketune|Fell Stinger|p2a: Hoopa\n|-supereffective|p2a: Hoopa\n|-damage|p2a: Hoopa|0 fnt\n|faint|p2a: Hoopa\n|-boost|p1a: Kricketune|atk|3\n|move|p1b: Scizor|Knock Off|p2b: Armarouge\n|-supereffective|p2b: Armarouge\n|-damage|p2b: Armarouge|0 fnt\n|-enditem|p2b: Armarouge|Life Orb|[from] move: Knock Off|[of] p1b: Scizor\n|faint|p2b: Armarouge\n|\n|win|TheRarWolf\n|raw|TheRarWolf's rating: 1127 &rarr; <strong>1159<\/strong><br \/>(+32 for winning)\n|raw|Prapple2's rating: 1221 &rarr; <strong>1189<\/strong><br \/>(-32 for losing)\n","uploadtime":1697718957,"views":9,"p1id":"therarwolf","p2id":"prapple2","formatid":"gen9nationaldexdoubles","rating":1159,"private":0,"password":""}