{"id":"gen9nationaldexdoubles-1997739201","p1":"Krizalid23","p2":"Theadonia","format":"[Gen 9] National Dex Doubles","log":"|j|\u2606Krizalid23\n|j|\u2606Theadonia\n|t:|1700847508\n|gametype|doubles\n|player|p1|Krizalid23|102|1053\n|player|p2|Theadonia|roxie|1079\n|teamsize|p1|6\n|teamsize|p2|6\n|gen|9\n|tier|[Gen 9] National Dex Doubles\n|rated|\n|rule|HP Percentage Mod: HP is shown in percentages\n|rule|Endless Battle Clause: Forcing endless battles is banned\n|rule|OHKO Clause: OHKO moves are banned\n|rule|Evasion Moves Clause: Evasion moves are banned\n|rule|Evasion Abilities Clause: Evasion abilities are banned\n|rule|Species Clause: Limit one of each Pok\u00e9mon\n|rule|Gravity Sleep Clause: The combination of sleep-inducing moves with imperfect accuracy and Gravity or Gigantamax Orbeetle are banned\n|clearpoke\n|poke|p1|Heatran, M|\n|poke|p1|Togetic, F|\n|poke|p1|Cofagrigus, M|\n|poke|p1|Mienshao, M|\n|poke|p1|Hoopa-Unbound|\n|poke|p1|Blissey, F|\n|poke|p2|Aipom, F|\n|poke|p2|Grimmsnarl, M|\n|poke|p2|Charizard, F|\n|poke|p2|Swoobat, M|\n|poke|p2|Glimmet, M|\n|poke|p2|Pikachu, F|\n|teampreview\n|\n|t:|1700847521\n|start\n|switch|p1a: Mienshao|Mienshao, M|100\/100\n|switch|p1b: Cofagrigus|Cofagrigus, M|100\/100\n|switch|p2a: Aipom|Aipom, F|100\/100\n|switch|p2b: Glimmet|Glimmet, M|100\/100\n|turn|1\n|\n|t:|1700847541\n|move|p1b: Cofagrigus|Snatch|p1b: Cofagrigus\n|-singleturn|p1b: Cofagrigus|Snatch\n|move|p1a: Mienshao|Quick Guard|p1a: Mienshao\n|-activate|p1b: Cofagrigus|move: Snatch|[of] p1a: Mienshao\n|move|p1b: Cofagrigus|Quick Guard|p1b: Cofagrigus|[from]Snatch\n|-singleturn|p1b: Cofagrigus|Quick Guard\n|move|p2a: Aipom|Fake Out|p1a: Mienshao\n|-activate|p1a: Mienshao|move: Quick Guard\n|move|p2b: Glimmet|Stealth Rock|p1b: Cofagrigus\n|-sidestart|p1: Krizalid23|move: Stealth Rock\n|\n|upkeep\n|turn|2\n|\n|t:|1700847568\n|move|p1b: Cofagrigus|Ally Switch||[still]\n|-fail|p1b: Cofagrigus\n|move|p1a: Mienshao|Close Combat|p2a: Aipom\n|-supereffective|p2a: Aipom\n|-enditem|p2a: Aipom|Focus Sash\n|-damage|p2a: Aipom|1\/100\n|-unboost|p1a: Mienshao|def|1\n|-unboost|p1a: Mienshao|spd|1\n|move|p2a: Aipom|Double Hit|p2b: Glimmet\n|-resisted|p2b: Glimmet\n|-damage|p2b: Glimmet|91\/100\n|-activate|p2b: Glimmet|ability: Toxic Debris\n|-sidestart|p1: Krizalid23|move: Toxic Spikes\n|-resisted|p2b: Glimmet\n|-damage|p2b: Glimmet|83\/100\n|-activate|p2b: Glimmet|ability: Toxic Debris\n|-sidestart|p1: Krizalid23|move: Toxic Spikes\n|-hitcount|p2b: Glimmet|2\n|move|p2b: Glimmet|Spikes|p1a: Mienshao\n|-sidestart|p1: Krizalid23|Spikes\n|\n|upkeep\n|turn|3\n|\n|t:|1700847612\n|switch|p1b: Togetic|Togetic, F|100\/100\n|-damage|p1b: Togetic|76\/100|[from] Stealth Rock\n|move|p1a: Mienshao|Close Combat|p2a: Aipom\n|-supereffective|p2a: Aipom\n|-damage|p2a: Aipom|0 fnt\n|-unboost|p1a: Mienshao|def|1\n|-unboost|p1a: Mienshao|spd|1\n|faint|p2a: Aipom\n|move|p2b: Glimmet|Spikes|p1a: Mienshao\n|-sidestart|p1: Krizalid23|Spikes\n|\n|upkeep\n|\n|t:|1700847622\n|switch|p2a: Pikachu|Pikachu, F|100\/100\n|turn|4\n|\n|t:|1700847636\n|move|p1a: Mienshao|Quick Guard|p1a: Mienshao\n|-singleturn|p1a: Mienshao|Quick Guard\n|move|p2a: Pikachu|Agility|p2a: Pikachu\n|-boost|p2a: Pikachu|spe|2\n|move|p2b: Glimmet|Toxic|p1b: Togetic\n|-status|p1b: Togetic|tox\n|move|p1b: Togetic|Roost|p1b: Togetic\n|-heal|p1b: Togetic|100\/100 tox\n|-singleturn|p1b: Togetic|move: Roost\n|\n|-damage|p1b: Togetic|94\/100 tox|[from] psn\n|upkeep\n|turn|5\n|\n|t:|1700847654\n|move|p1b: Togetic|Helping Hand|p1a: Mienshao\n|-singleturn|p1a: Mienshao|Helping Hand|[of] p1b: Togetic\n|move|p2a: Pikachu|Electro Ball|p1b: Togetic\n|-supereffective|p1b: Togetic\n|-damage|p1b: Togetic|6\/100 tox\n|move|p1a: Mienshao|Close Combat|p2a: Pikachu\n|-damage|p2a: Pikachu|0 fnt\n|-unboost|p1a: Mienshao|def|1\n|-unboost|p1a: Mienshao|spd|1\n|faint|p2a: Pikachu\n|move|p2b: Glimmet|Toxic|p1a: Mienshao\n|-status|p1a: Mienshao|tox\n|\n|-damage|p1a: Mienshao|94\/100 tox|[from] psn\n|-damage|p1b: Togetic|0 fnt|[from] psn\n|faint|p1b: Togetic\n|upkeep\n|\n|t:|1700847671\n|switch|p2a: Grimmsnarl|Grimmsnarl, M|100\/100\n|switch|p1b: Blissey|Blissey, F|100\/100\n|-damage|p1b: Blissey|88\/100|[from] Stealth Rock\n|-status|p1b: Blissey|tox\n|-damage|p1b: Blissey|71\/100 tox|[from] Spikes\n|turn|6\n|\n|t:|1700847693\n|switch|p1a: Heatran|Heatran, M|100\/100\n|-damage|p1a: Heatran|88\/100|[from] Stealth Rock\n|-damage|p1a: Heatran|71\/100|[from] Spikes\n|move|p2a: Grimmsnarl|Reflect|p2a: Grimmsnarl\n|-sidestart|p2: Theadonia|Reflect\n|move|p2b: Glimmet|Spikes|p1b: Blissey\n|-sidestart|p1: Krizalid23|Spikes\n|move|p1b: Blissey|Thunder Wave|p2a: Grimmsnarl\n|-status|p2a: Grimmsnarl|par\n|\n|-heal|p1b: Blissey|78\/100 tox|[from] item: Leftovers\n|-damage|p1b: Blissey|71\/100 tox|[from] psn\n|upkeep\n|turn|7\n|\n|t:|1700847720\n|move|p2a: Grimmsnarl|Reflect||[still]\n|-fail|p2a: Grimmsnarl\n|move|p1a: Heatran|Earth Power|p2b: Glimmet\n|-supereffective|p2b: Glimmet\n|-damage|p2b: Glimmet|0 fnt\n|faint|p2b: Glimmet\n|move|p1b: Blissey|Heal Pulse|p1a: Heatran\n|-heal|p1a: Heatran|100\/100\n|\n|-heal|p1b: Blissey|78\/100 tox|[from] item: Leftovers\n|-damage|p1b: Blissey|65\/100 tox|[from] psn\n|upkeep\n|\n|t:|1700847725\n|switch|p2b: Swoobat|Swoobat, M|100\/100\n|turn|8\n|\n|t:|1700847743\n|switch|p1a: Cofagrigus|Cofagrigus, M|100\/100\n|-damage|p1a: Cofagrigus|88\/100|[from] Stealth Rock\n|-status|p1a: Cofagrigus|tox\n|-damage|p1a: Cofagrigus|63\/100 tox|[from] Spikes\n|cant|p2a: Grimmsnarl|par\n|move|p2b: Swoobat|Calm Mind|p2b: Swoobat\n|-boost|p2b: Swoobat|spa|2\n|-boost|p2b: Swoobat|spd|2\n|move|p1b: Blissey|Thunder Wave|p2b: Swoobat\n|-status|p2b: Swoobat|par\n|\n|-heal|p1b: Blissey|71\/100 tox|[from] item: Leftovers\n|-damage|p1b: Blissey|53\/100 tox|[from] psn\n|-damage|p1a: Cofagrigus|57\/100 tox|[from] psn\n|upkeep\n|turn|9\n|\n|t:|1700847766\n|move|p1a: Cofagrigus|Snatch|p1a: Cofagrigus\n|-singleturn|p1a: Cofagrigus|Snatch\n|move|p2a: Grimmsnarl|Parting Shot|p1a: Cofagrigus\n|-unboost|p1a: Cofagrigus|atk|1\n|-unboost|p1a: Cofagrigus|spa|1\n|\n|t:|1700847770\n|switch|p2a: Charizard|Charizard, F, shiny|100\/100|[from] Parting Shot\n|move|p2b: Swoobat|Heat Wave|p1a: Cofagrigus|[spread] p1b\n|-miss|p2b: Swoobat|p1a: Cofagrigus\n|-damage|p1b: Blissey|40\/100 tox\n|move|p1b: Blissey|Soft-Boiled|p1b: Blissey\n|-activate|p1a: Cofagrigus|move: Snatch|[of] p1b: Blissey\n|move|p1a: Cofagrigus|Soft-Boiled|p1a: Cofagrigus|[from]Snatch\n|-heal|p1a: Cofagrigus|100\/100 tox\n|\n|-activate|p1b: Blissey|ability: Healer\n|-curestatus|p1a: Cofagrigus|tox|[msg]\n|-heal|p1b: Blissey|47\/100 tox|[from] item: Leftovers\n|-damage|p1b: Blissey|22\/100 tox|[from] psn\n|upkeep\n|turn|10\n|\n|t:|1700847792\n|switch|p1a: Heatran|Heatran, M|100\/100\n|-damage|p1a: Heatran|88\/100|[from] Stealth Rock\n|-damage|p1a: Heatran|63\/100|[from] Spikes\n|move|p2a: Charizard|Dragon Dance|p2a: Charizard\n|-boost|p2a: Charizard|atk|1\n|-boost|p2a: Charizard|spe|1\n|move|p2b: Swoobat|Simple Beam|p2a: Charizard\n|-endability|p2a: Charizard|Blaze|[from] move: Simple Beam\n|-ability|p2a: Charizard|Simple|[from] move: Simple Beam\n|move|p1b: Blissey|Soft-Boiled|p1b: Blissey\n|-heal|p1b: Blissey|72\/100 tox\n|\n|-heal|p1b: Blissey|78\/100 tox|[from] item: Leftovers\n|-damage|p1b: Blissey|47\/100 tox|[from] psn\n|upkeep\n|turn|11\n|\n|t:|1700847818\n|move|p2a: Charizard|Dragon Dance|p2a: Charizard\n|-boost|p2a: Charizard|atk|2\n|-boost|p2a: Charizard|spe|2\n|move|p1a: Heatran|Power Gem|p2a: Charizard\n|-supereffective|p2a: Charizard\n|-damage|p2a: Charizard|0 fnt\n|faint|p2a: Charizard\n|move|p2b: Swoobat|Simple Beam|p1a: Heatran\n|-endability|p1a: Heatran|Flash Fire|[from] move: Simple Beam\n|-ability|p1a: Heatran|Simple|[from] move: Simple Beam\n|move|p1b: Blissey|Thunder Wave|p2b: Swoobat\n|-fail|p2b: Swoobat|par\n|\n|-heal|p1b: Blissey|53\/100 tox|[from] item: Leftovers\n|-damage|p1b: Blissey|16\/100 tox|[from] psn\n|upkeep\n|\n|t:|1700847824\n|switch|p2a: Grimmsnarl|Grimmsnarl, M|100\/100 par\n|turn|12\n|\n|t:|1700847843\n|switch|p1a: Cofagrigus|Cofagrigus, M|100\/100\n|-damage|p1a: Cofagrigus|88\/100|[from] Stealth Rock\n|-status|p1a: Cofagrigus|tox\n|-damage|p1a: Cofagrigus|63\/100 tox|[from] Spikes\n|move|p2a: Grimmsnarl|Light Screen|p2a: Grimmsnarl\n|-sidestart|p2: Theadonia|move: Light Screen\n|cant|p2b: Swoobat|par\n|move|p1b: Blissey|Soft-Boiled|p1b: Blissey\n|-heal|p1b: Blissey|66\/100 tox\n|\n|-activate|p1b: Blissey|ability: Healer\n|-curestatus|p1a: Cofagrigus|tox|[msg]\n|-heal|p1b: Blissey|73\/100 tox|[from] item: Leftovers\n|-damage|p1b: Blissey|29\/100 tox|[from] psn\n|upkeep\n|turn|13\n|\n|t:|1700847869\n|move|p1a: Cofagrigus|Ally Switch|p1a: Cofagrigus\n|swap|p1a: Cofagrigus|1|[from] move: Ally Switch\n|move|p2b: Swoobat|Heat Wave|p1a: Blissey|[spread] \n|-miss|p2b: Swoobat|p1a: Blissey\n|-miss|p2b: Swoobat|p1b: Cofagrigus\n|move|p1a: Blissey|Soft-Boiled|p1a: Blissey\n|-heal|p1a: Blissey|79\/100 tox\n|move|p2a: Grimmsnarl|Spirit Break|p1b: Cofagrigus\n|-damage|p1b: Cofagrigus|46\/100\n|-unboost|p1b: Cofagrigus|spa|1\n|-damage|p2a: Grimmsnarl|84\/100 par|[from] item: Rocky Helmet|[of] p1b: Cofagrigus\n|-activate|p1b: Cofagrigus|ability: Mummy|Prankster|[of] p2a: Grimmsnarl\n|\n|-heal|p1a: Blissey|86\/100 tox|[from] item: Leftovers\n|-damage|p1a: Blissey|36\/100 tox|[from] psn\n|-sideend|p2: Theadonia|Reflect\n|upkeep\n|turn|14\n|\n|t:|1700847906\n|switch|p1b: Mienshao|Mienshao, M|94\/100 tox\n|-damage|p1b: Mienshao|88\/100 tox|[from] Stealth Rock\n|-damage|p1b: Mienshao|63\/100 tox|[from] Spikes\n|cant|p2b: Swoobat|par\n|move|p1a: Blissey|Soft-Boiled|p1a: Blissey\n|-heal|p1a: Blissey|86\/100 tox\n|move|p2a: Grimmsnarl|Spirit Break|p1b: Mienshao\n|-supereffective|p1b: Mienshao\n|-damage|p1b: Mienshao|0 fnt\n|faint|p1b: Mienshao\n|\n|-heal|p1a: Blissey|93\/100 tox|[from] item: Leftovers\n|-damage|p1a: Blissey|37\/100 tox|[from] psn\n|upkeep\n|\n|t:|1700847929\n|switch|p1b: Cofagrigus|Cofagrigus, M|46\/100\n|-damage|p1b: Cofagrigus|34\/100|[from] Stealth Rock\n|-status|p1b: Cofagrigus|tox\n|-damage|p1b: Cofagrigus|9\/100 tox|[from] Spikes\n|turn|15\n|\n|t:|1700847945\n|move|p1b: Cofagrigus|Ally Switch|p1b: Cofagrigus\n|swap|p1b: Cofagrigus|0|[from] move: Ally Switch\n|move|p2b: Swoobat|Heat Wave|p1a: Cofagrigus|[spread] p1a,p1b\n|-damage|p1a: Cofagrigus|0 fnt\n|-damage|p1b: Blissey|23\/100 tox\n|faint|p1a: Cofagrigus\n|move|p1b: Blissey|Soft-Boiled|p1b: Blissey\n|-heal|p1b: Blissey|73\/100 tox\n|move|p2a: Grimmsnarl|Spirit Break|p1b: Blissey\n|-damage|p1b: Blissey|48\/100 tox\n|-unboost|p1b: Blissey|spa|1\n|\n|-heal|p1b: Blissey|54\/100 tox|[from] item: Leftovers\n|-damage|p1b: Blissey|0 fnt|[from] psn\n|faint|p1b: Blissey\n|upkeep\n|\n|t:|1700847962\n|switch|p1b: Hoopa|Hoopa-Unbound|100\/100\n|switch|p1a: Heatran|Heatran, M|63\/100\n|-damage|p1a: Heatran|51\/100|[from] Stealth Rock\n|-damage|p1a: Heatran|26\/100|[from] Spikes\n|-damage|p1b: Hoopa|88\/100|[from] Stealth Rock\n|-status|p1b: Hoopa|tox\n|-damage|p1b: Hoopa|63\/100 tox|[from] Spikes\n|turn|16\n|\n|t:|1700847983\n|-terastallize|p1b: Hoopa|Dark\n|move|p1a: Heatran|Steel Beam|p2a: Grimmsnarl\n|-supereffective|p2a: Grimmsnarl\n|-damage|p2a: Grimmsnarl|13\/100 par\n|-damage|p1a: Heatran|0 fnt|[from] steelbeam\n|faint|p1a: Heatran\n|move|p1b: Hoopa|Dark Pulse|p2b: Swoobat\n|-supereffective|p2b: Swoobat\n|-enditem|p2b: Swoobat|Focus Sash\n|-damage|p2b: Swoobat|1\/100 par\n|move|p2b: Swoobat|Calm Mind|p2b: Swoobat\n|-boost|p2b: Swoobat|spa|2\n|-boost|p2b: Swoobat|spd|2\n|move|p2a: Grimmsnarl|Parting Shot|p1b: Hoopa\n|-unboost|p1b: Hoopa|atk|1\n|-unboost|p1b: Hoopa|spa|1\n|\n|-damage|p1b: Hoopa|57\/100 tox|[from] psn\n|upkeep\n|turn|17\n|\n|t:|1700848004\n|move|p1b: Hoopa|Dark Pulse|p2a: Grimmsnarl\n|-resisted|p2a: Grimmsnarl\n|-damage|p2a: Grimmsnarl|5\/100 par\n|move|p2b: Swoobat|Heat Wave|p1b: Hoopa\n|-damage|p1b: Hoopa|0 fnt\n|faint|p1b: Hoopa\n|\n|win|Theadonia\n|raw|Krizalid23's rating: 1053 &rarr; <strong>1036<\/strong><br \/>(-17 for losing)\n|raw|Theadonia's rating: 1079 &rarr; <strong>1105<\/strong><br \/>(+26 for winning)\n|c|\u2606Krizalid23|GG\n|l|\u2606Krizalid23\n|c|\u2606Theadonia|Ggwp\n","uploadtime":1700848016,"views":31,"p1id":"krizalid23","p2id":"theadonia","formatid":"gen9nationaldexdoubles","rating":1036,"private":0,"password":""}