{"id":"gen9nationaldexdoubles-1952041992","p1":"TViewierVGC","p2":"the maraculous","format":"[Gen 9] National Dex Doubles","log":"|j|\u2606TViewierVGC\n|j|\u2606the maraculous\n|t:|1695652480\n|gametype|doubles\n|player|p1|TViewierVGC|colress|1387\n|player|p2|the maraculous|dragontamer|1492\n|teamsize|p1|6\n|teamsize|p2|6\n|gen|9\n|tier|[Gen 9] National Dex Doubles\n|rated|\n|rule|HP Percentage Mod: HP is shown in percentages\n|rule|Endless Battle Clause: Forcing endless battles is banned\n|rule|OHKO Clause: OHKO moves are banned\n|rule|Evasion Moves Clause: Evasion moves are banned\n|rule|Evasion Abilities Clause: Evasion abilities are banned\n|rule|Species Clause: Limit one of each Pok\u00e9mon\n|rule|Gravity Sleep Clause: The combination of sleep-inducing moves with imperfect accuracy and Gravity or Gigantamax Orbeetle are banned\n|clearpoke\n|poke|p1|Eevee, M|\n|poke|p1|Clefairy, M|\n|poke|p1|Krookodile, F|\n|poke|p1|Flamigo, F|\n|poke|p1|Smeargle, F|\n|poke|p1|Latias, F|\n|poke|p2|Xurkitree|\n|poke|p2|Iron Valiant|\n|poke|p2|Chandelure, M|\n|poke|p2|Landorus-Therian, M|\n|poke|p2|Kartana|\n|poke|p2|Farigiraf, M|\n|teampreview\n|inactive|Battle timer is ON: inactive players will automatically lose when time's up. (requested by TViewierVGC)\n|inactive|the maraculous has 120 seconds left.\n|\n|t:|1695652523\n|start\n|switch|p1a: Eevee|Eevee, M, shiny|100\/100\n|switch|p1b: Clefairy|Clefairy, M, shiny|100\/100\n|switch|p2a: Kartana|Kartana|100\/100\n|switch|p2b: Chandelure|Chandelure, M|100\/100\n|-item|p2b: Chandelure|Air Balloon\n|turn|1\n|\n|t:|1695652546\n|move|p1b: Clefairy|Follow Me|p1b: Clefairy\n|-singleturn|p1b: Clefairy|move: Follow Me\n|move|p2a: Kartana|Smart Strike|p1b: Clefairy\n|-supereffective|p1b: Clefairy\n|-damage|p1b: Clefairy|18\/100\n|move|p2b: Chandelure|Flamethrower|p1b: Clefairy\n|-damage|p1b: Clefairy|0 fnt\n|faint|p1b: Clefairy\n|-zpower|p1a: Eevee\n|move|p1a: Eevee|Extreme Evoboost|p1a: Eevee\n|-boost|p1a: Eevee|atk|2\n|-boost|p1a: Eevee|def|2\n|-boost|p1a: Eevee|spa|2\n|-boost|p1a: Eevee|spd|2\n|-boost|p1a: Eevee|spe|2\n|\n|upkeep\n|\n|t:|1695652559\n|switch|p1b: Flamigo|Flamigo, F|100\/100\n|-copyboost|p1b: Flamigo|p1a: Eevee|[from] ability: Costar\n|turn|2\n|\n|t:|1695652570\n|move|p1b: Flamigo|Close Combat|p2a: Kartana\n|-supereffective|p2a: Kartana\n|-enditem|p2a: Kartana|Focus Sash\n|-damage|p2a: Kartana|1\/100\n|-unboost|p1b: Flamigo|def|1\n|-unboost|p1b: Flamigo|spd|1\n|move|p2a: Kartana|Sacred Sword|p1a: Eevee\n|-supereffective|p1a: Eevee\n|-damage|p1a: Eevee|0 fnt\n|faint|p1a: Eevee\n|-ability|p2a: Kartana|Beast Boost|boost\n|-boost|p2a: Kartana|atk|1\n|move|p2b: Chandelure|Trick Room|p2b: Chandelure\n|-fieldstart|move: Trick Room|[of] p2b: Chandelure\n|\n|upkeep\n|\n|t:|1695652591\n|switch|p1a: Smeargle|Smeargle, F|100\/100\n|turn|3\n|\n|t:|1695652605\n|move|p1a: Smeargle|Fake Out|p2a: Kartana\n|-resisted|p2a: Kartana\n|-damage|p2a: Kartana|0 fnt\n|faint|p2a: Kartana\n|move|p2b: Chandelure|Flamethrower|p1b: Flamigo\n|-damage|p1b: Flamigo|44\/100\n|-enditem|p1b: Flamigo|Sitrus Berry|[eat]\n|-heal|p1b: Flamigo|69\/100|[from] item: Sitrus Berry\n|move|p1b: Flamigo|Brave Bird|p2b: Chandelure\n|-damage|p2b: Chandelure|0 fnt\n|-enditem|p2b: Chandelure|Air Balloon\n|faint|p2b: Chandelure\n|-damage|p1b: Flamigo|34\/100|[from] Recoil\n|\n|-ability|p1a: Smeargle|Moody|boost\n|-boost|p1a: Smeargle|spa|2\n|-unboost|p1a: Smeargle|spe|1\n|upkeep\n|\n|t:|1695652623\n|switch|p2b: Xurkitree|Xurkitree|100\/100\n|switch|p2a: Farigiraf|Farigiraf, M|100\/100\n|turn|4\n|\n|t:|1695652635\n|move|p1b: Flamigo|Protect|p1b: Flamigo\n|-singleturn|p1b: Flamigo|Protect\n|move|p2a: Farigiraf|Twin Beam|p1a: Smeargle\n|-damage|p1a: Smeargle|57\/100\n|-damage|p1a: Smeargle|14\/100\n|-hitcount|p1a: Smeargle|2\n|move|p1a: Smeargle|Spore|p2a: Farigiraf\n|-status|p2a: Farigiraf|slp|[from] move: Spore\n|-zpower|p2b: Xurkitree\n|move|p2b: Xurkitree|Gigavolt Havoc|p1b: Flamigo|[zeffect]\n|-supereffective|p1b: Flamigo\n|-zbroken|p1b: Flamigo\n|-damage|p1b: Flamigo|0 fnt\n|faint|p1b: Flamigo\n|-ability|p2b: Xurkitree|Beast Boost|boost\n|-boost|p2b: Xurkitree|spa|1\n|\n|-ability|p1a: Smeargle|Moody|boost\n|-boost|p1a: Smeargle|spe|2\n|-unboost|p1a: Smeargle|def|1\n|upkeep\n|inactive|TViewierVGC has 120 seconds left.\n|\n|t:|1695652670\n|switch|p1b: Krookodile|Krookodile, F|100\/100\n|turn|5\n|\n|t:|1695652684\n|cant|p2a: Farigiraf|slp\n|move|p2b: Xurkitree|Electric Terrain|p2b: Xurkitree\n|-fieldstart|move: Electric Terrain\n|move|p1b: Krookodile|Earthquake|p2a: Farigiraf|[spread] p1a,p2a,p2b\n|-supereffective|p2b: Xurkitree\n|-damage|p1a: Smeargle|0 fnt\n|-damage|p2a: Farigiraf|65\/100 slp\n|-damage|p2b: Xurkitree|0 fnt\n|faint|p1a: Smeargle\n|faint|p2b: Xurkitree\n|-ability|p1b: Krookodile|Moxie|boost\n|-boost|p1b: Krookodile|atk|2\n|\n|-heal|p2a: Farigiraf|71\/100 slp|[from] item: Leftovers\n|upkeep\n|\n|t:|1695652701\n|switch|p1a: Latias|Latias, F|100\/100\n|switch|p2b: Landorus|Landorus-Therian, M|100\/100\n|-ability|p2b: Landorus|Intimidate|boost\n|-unboost|p1a: Latias|atk|1\n|-unboost|p1b: Krookodile|atk|1\n|turn|6\n|\n|t:|1695652726\n|detailschange|p1a: Latias|Latias-Mega, F\n|-mega|p1a: Latias|Latias|Latiasite\n|-curestatus|p2a: Farigiraf|slp|[msg]\n|move|p2a: Farigiraf|Hyper Voice|p1a: Latias|[spread] p1a,p1b\n|-damage|p1a: Latias|73\/100\n|-damage|p1b: Krookodile|54\/100\n|move|p2b: Landorus|Stomping Tantrum|p1b: Krookodile\n|-damage|p1b: Krookodile|0 fnt\n|faint|p1b: Krookodile\n|move|p1a: Latias|Dragon Pulse|p2a: Farigiraf\n|-damage|p2a: Farigiraf|20\/100\n|\n|-heal|p2a: Farigiraf|26\/100|[from] item: Leftovers\n|-fieldend|move: Trick Room\n|upkeep\n|turn|7\n|\n|t:|1695652741\n|move|p1a: Latias|Dragon Pulse|p2a: Farigiraf\n|-damage|p2a: Farigiraf|0 fnt\n|faint|p2a: Farigiraf\n|move|p2b: Landorus|U-turn|p1a: Latias\n|-supereffective|p1a: Latias\n|-damage|p1a: Latias|6\/100\n|\n|t:|1695652745\n|switch|p2b: Iron Valiant|Iron Valiant|100\/100|[from] U-turn\n|-activate|p2b: Iron Valiant|ability: Quark Drive\n|-start|p2b: Iron Valiant|quarkdrivespe\n|\n|upkeep\n|\n|t:|1695652749\n|switch|p2a: Landorus|Landorus-Therian, M|100\/100\n|-ability|p2a: Landorus|Intimidate|boost\n|-unboost|p1a: Latias|atk|1\n|turn|8\n|-message|TViewierVGC forfeited.\n|\n|win|the maraculous\n|raw|TViewierVGC's rating: 1387 &rarr; <strong>1373<\/strong><br \/>(-14 for losing)\n|raw|the maraculous's rating: 1492 &rarr; <strong>1506<\/strong><br \/>(+14 for winning)\n|l|\u2606TViewierVGC\n","uploadtime":1695652759,"views":11,"p1id":"tviewiervgc","p2id":"themaraculous","formatid":"gen9nationaldexdoubles","rating":1373,"private":0,"password":""}