{"id":"gen9nationaldexdoubles-1962703419","p1":"fumbari 24","p2":"nicokino","format":"[Gen 9] National Dex Doubles","log":"|j|\u2606fumbari 24\n|j|\u2606nicokino\n|t:|1696784102\n|gametype|doubles\n|player|p1|fumbari 24|hilbert|1399\n|player|p2|nicokino|sabrina|1357\n|teamsize|p1|6\n|teamsize|p2|6\n|gen|9\n|tier|[Gen 9] National Dex Doubles\n|rated|\n|rule|HP Percentage Mod: HP is shown in percentages\n|rule|Endless Battle Clause: Forcing endless battles is banned\n|rule|OHKO Clause: OHKO moves are banned\n|rule|Evasion Moves Clause: Evasion moves are banned\n|rule|Evasion Abilities Clause: Evasion abilities are banned\n|rule|Species Clause: Limit one of each Pok\u00e9mon\n|rule|Gravity Sleep Clause: The combination of sleep-inducing moves with imperfect accuracy and Gravity or Gigantamax Orbeetle are banned\n|clearpoke\n|poke|p1|Kommo-o, M|\n|poke|p1|Clefairy, F|\n|poke|p1|Volcanion|\n|poke|p1|Sinistcha|\n|poke|p1|Gardevoir, F|\n|poke|p1|Gallade, M|\n|poke|p2|Torkoal, F|\n|poke|p2|Camerupt, F|\n|poke|p2|Lilligant-Hisui, F|\n|poke|p2|Flutter Mane|\n|poke|p2|Cresselia, F|\n|poke|p2|Ninetales, F|\n|teampreview\n|inactive|Battle timer is ON: inactive players will automatically lose when time's up. (requested by fumbari 24)\n|\n|t:|1696784128\n|start\n|switch|p1a: Yohken|Kommo-o, M|100\/100\n|switch|p1b: Longyuan|Gallade, M|100\/100\n|switch|p2a: Flutter Mane|Flutter Mane|100\/100\n|switch|p2b: Ninetales|Ninetales, F|100\/100\n|-weather|SunnyDay|[from] ability: Drought|[of] p2b: Ninetales\n|-activate|p2a: Flutter Mane|ability: Protosynthesis\n|-start|p2a: Flutter Mane|protosynthesisspa\n|turn|1\n|\n|t:|1696784140\n|move|p1b: Longyuan|Wide Guard|p1b: Longyuan\n|-singleturn|p1b: Longyuan|Wide Guard\n|move|p2a: Flutter Mane|Dazzling Gleam|p1b: Longyuan|[spread] \n|-activate|p1a: Yohken|move: Wide Guard\n|-activate|p1b: Longyuan|move: Wide Guard\n|move|p2b: Ninetales|Fire Spin|p1a: Yohken\n|-resisted|p1a: Yohken\n|-damage|p1a: Yohken|89\/100\n|-activate|p1a: Yohken|move: Fire Spin|[of] p2b: Ninetales\n|-zpower|p1a: Yohken\n|move|p1a: Yohken|Clangorous Soulblaze|p2a: Flutter Mane|[zeffect]|[spread] p2b\n|-immune|p2a: Flutter Mane\n|-damage|p2b: Ninetales|23\/100\n|-boost|p1a: Yohken|atk|1\n|-boost|p1a: Yohken|def|1\n|-boost|p1a: Yohken|spa|1\n|-boost|p1a: Yohken|spd|1\n|-boost|p1a: Yohken|spe|1\n|\n|-weather|SunnyDay|[upkeep]\n|-damage|p1a: Yohken|77\/100|[from] move: Fire Spin|[partiallytrapped]\n|upkeep\n|turn|2\n|\n|t:|1696784163\n|move|p1a: Yohken|Protect|p1a: Yohken\n|-singleturn|p1a: Yohken|Protect\n|move|p2a: Flutter Mane|Moonblast|p1a: Yohken\n|-activate|p1a: Yohken|move: Protect\n|move|p2b: Ninetales|Fire Spin|p1b: Longyuan|[miss]\n|-miss|p2b: Ninetales|p1b: Longyuan\n|move|p1b: Longyuan|Trick Room|p1b: Longyuan\n|-fieldstart|move: Trick Room|[of] p1b: Longyuan\n|\n|-weather|SunnyDay|[upkeep]\n|-damage|p1a: Yohken|65\/100|[from] move: Fire Spin|[partiallytrapped]\n|upkeep\n|turn|3\n|\n|t:|1696784192\n|move|p1b: Longyuan|Sacred Sword|p2b: Ninetales\n|-damage|p2b: Ninetales|0 fnt\n|faint|p2b: Ninetales\n|move|p2a: Flutter Mane|Moonblast|p1a: Yohken\n|-supereffective|p1a: Yohken\n|-damage|p1a: Yohken|0 fnt\n|faint|p1a: Yohken\n|-damage|p2a: Flutter Mane|91\/100|[from] item: Life Orb\n|\n|-weather|SunnyDay|[upkeep]\n|upkeep\n|\n|t:|1696784213\n|switch|p1a: Mo Ye|Gardevoir, F|100\/100\n|switch|p2b: Camerupt|Camerupt, F|100\/100\n|-ability|p1a: Mo Ye|Magma Armor|[from] ability: Trace|[of] p2b: Camerupt\n|turn|4\n|inactive|nicokino has 120 seconds left.\n|\n|t:|1696784245\n|detailschange|p2b: Camerupt|Camerupt-Mega, F\n|-mega|p2b: Camerupt|Camerupt|Cameruptite\n|detailschange|p1a: Mo Ye|Gardevoir-Mega, F\n|-mega|p1a: Mo Ye|Gardevoir|Gardevoirite\n|move|p1b: Longyuan|Wide Guard|p1b: Longyuan\n|-singleturn|p1b: Longyuan|Wide Guard\n|move|p2b: Camerupt|Earth Power|p1b: Longyuan\n|-damage|p1b: Longyuan|31\/100\n|move|p1a: Mo Ye|Hyper Voice|p2b: Camerupt|[spread] p2a,p2b\n|-resisted|p2b: Camerupt\n|-damage|p2a: Flutter Mane|37\/100\n|-damage|p2b: Camerupt|76\/100\n|move|p2a: Flutter Mane|Moonblast|p1a: Mo Ye\n|-damage|p1a: Mo Ye|32\/100\n|-damage|p2a: Flutter Mane|27\/100|[from] item: Life Orb\n|\n|-weather|SunnyDay|[upkeep]\n|upkeep\n|turn|5\n|\n|t:|1696784274\n|move|p2b: Camerupt|Earth Power|p1b: Longyuan\n|-damage|p1b: Longyuan|0 fnt\n|faint|p1b: Longyuan\n|move|p1a: Mo Ye|Hyper Voice|p2a: Flutter Mane|[spread] p2a,p2b\n|-resisted|p2b: Camerupt\n|-damage|p2a: Flutter Mane|0 fnt\n|-damage|p2b: Camerupt|53\/100\n|faint|p2a: Flutter Mane\n|-end|p2a: Flutter Mane|Protosynthesis|[silent]\n|\n|-weather|SunnyDay|[upkeep]\n|upkeep\n|\n|t:|1696784287\n|switch|p1b: ChunJu|Volcanion|100\/100\n|switch|p2a: Cresselia|Cresselia, F|100\/100\n|turn|6\n|\n|t:|1696784307\n|move|p2a: Cresselia|Helping Hand|p2b: Camerupt\n|-singleturn|p2b: Camerupt|Helping Hand|[of] p2a: Cresselia\n|move|p1b: ChunJu|Protect|p1b: ChunJu\n|-singleturn|p1b: ChunJu|Protect\n|move|p1a: Mo Ye|Protect|p1a: Mo Ye\n|-singleturn|p1a: Mo Ye|Protect\n|move|p2b: Camerupt|Earth Power|p1b: ChunJu\n|-activate|p1b: ChunJu|move: Protect\n|\n|-weather|SunnyDay|[upkeep]\n|-fieldend|move: Trick Room\n|upkeep\n|turn|7\n|\n|t:|1696784322\n|move|p1a: Mo Ye|Hyper Voice|p2a: Cresselia|[spread] p2a,p2b\n|-resisted|p2b: Camerupt\n|-damage|p2a: Cresselia|70\/100\n|-damage|p2b: Camerupt|32\/100\n|move|p1b: ChunJu|Substitute|p1b: ChunJu\n|-start|p1b: ChunJu|Substitute\n|-damage|p1b: ChunJu|76\/100\n|move|p2b: Camerupt|Heat Wave|p1b: ChunJu|[spread] p1a,p1b\n|-resisted|p1b: ChunJu\n|-activate|p1b: ChunJu|move: Substitute|[damage]\n|-damage|p1a: Mo Ye|0 fnt\n|faint|p1a: Mo Ye\n|move|p2a: Cresselia|Trick Room|p2a: Cresselia\n|-fieldstart|move: Trick Room|[of] p2a: Cresselia\n|\n|-weather|SunnyDay|[upkeep]\n|-heal|p1b: ChunJu|82\/100|[from] item: Leftovers\n|upkeep\n|\n|t:|1696784336\n|switch|p1a: Jin|Sinistcha|100\/100\n|-heal|p1b: ChunJu|100\/100|[from] ability: Hospitality|[of] p1a: Jin\n|turn|8\n|\n|t:|1696784350\n|-terastallize|p1a: Jin|Water\n|move|p2a: Cresselia|Helping Hand|p2b: Camerupt\n|-singleturn|p2b: Camerupt|Helping Hand|[of] p2a: Cresselia\n|move|p1a: Jin|Rage Powder|p1a: Jin\n|-singleturn|p1a: Jin|move: Rage Powder\n|move|p2b: Camerupt|Heat Wave|p1a: Jin|[spread] p1a,p1b\n|-resisted|p1b: ChunJu\n|-end|p1b: ChunJu|Substitute\n|-resisted|p1a: Jin\n|-damage|p1a: Jin|40\/100\n|-enditem|p1a: Jin|Sitrus Berry|[eat]\n|-heal|p1a: Jin|65\/100|[from] item: Sitrus Berry\n|move|p1b: ChunJu|Heat Wave|p2a: Cresselia|[spread] p2a,p2b\n|-resisted|p2b: Camerupt\n|-damage|p2a: Cresselia|35\/100\n|-damage|p2b: Camerupt|5\/100\n|-status|p2a: Cresselia|brn\n|\n|-weather|none\n|-damage|p2a: Cresselia|29\/100 brn|[from] brn\n|upkeep\n|turn|9\n|\n|t:|1696784372\n|move|p2a: Cresselia|Helping Hand|p2b: Camerupt\n|-singleturn|p2b: Camerupt|Helping Hand|[of] p2a: Cresselia\n|move|p1b: ChunJu|Protect|p1b: ChunJu\n|-singleturn|p1b: ChunJu|Protect\n|move|p2b: Camerupt|Heat Wave|p1b: ChunJu|[spread] p1a\n|-activate|p1b: ChunJu|move: Protect\n|-resisted|p1a: Jin\n|-damage|p1a: Jin|25\/100\n|move|p1a: Jin|Matcha Gotcha|p2a: Cresselia|[spread] p2a\n|-miss|p1a: Jin|p2b: Camerupt\n|-damage|p2a: Cresselia|12\/100 brn\n|-heal|p1a: Jin|36\/100|[from] drain|[of] p2a: Cresselia\n|\n|-damage|p2a: Cresselia|6\/100 brn|[from] brn\n|upkeep\n|turn|10\n|\n|t:|1696784389\n|switch|p1a: Taia|Clefairy, F|100\/100\n|move|p2a: Cresselia|Helping Hand|p2b: Camerupt\n|-singleturn|p2b: Camerupt|Helping Hand|[of] p2a: Cresselia\n|move|p2b: Camerupt|Heat Wave|p1a: Taia|[spread] p1a,p1b\n|-resisted|p1b: ChunJu\n|-damage|p1a: Taia|32\/100\n|-damage|p1b: ChunJu|84\/100\n|move|p1b: ChunJu|Substitute|p1b: ChunJu\n|-start|p1b: ChunJu|Substitute\n|-damage|p1b: ChunJu|59\/100\n|\n|-heal|p1b: ChunJu|66\/100|[from] item: Leftovers\n|-damage|p2a: Cresselia|0 fnt|[from] brn\n|faint|p2a: Cresselia\n|upkeep\n|\n|t:|1696784403\n|switch|p2a: Torkoal|Torkoal, F|100\/100\n|-weather|SunnyDay|[from] ability: Drought|[of] p2a: Torkoal\n|turn|11\n|\n|t:|1696784414\n|-terastallize|p2a: Torkoal|Fire\n|move|p1b: ChunJu|Protect|p1b: ChunJu\n|-singleturn|p1b: ChunJu|Protect\n|move|p2b: Camerupt|Heat Wave|p1b: ChunJu|[spread] p1a\n|-activate|p1b: ChunJu|move: Protect\n|-damage|p1a: Taia|0 fnt\n|faint|p1a: Taia\n|move|p2a: Torkoal|Eruption|p1b: ChunJu\n|-activate|p1b: ChunJu|move: Protect\n|\n|-weather|SunnyDay|[upkeep]\n|-heal|p1b: ChunJu|72\/100|[from] item: Leftovers\n|-fieldend|move: Trick Room\n|upkeep\n|\n|t:|1696784421\n|switch|p1a: Jin|Sinistcha, tera:Water|36\/100\n|-heal|p1b: ChunJu|96\/100|[from] ability: Hospitality|[of] p1a: Jin\n|turn|12\n|\n|t:|1696784432\n|move|p1b: ChunJu|Steam Eruption|p2a: Torkoal\n|-supereffective|p2a: Torkoal\n|-damage|p2a: Torkoal|30\/100\n|move|p1a: Jin|Matcha Gotcha|p2a: Torkoal|[spread] p2a,p2b\n|-resisted|p2a: Torkoal\n|-damage|p2a: Torkoal|14\/100\n|-heal|p1a: Jin|44\/100|[from] drain|[of] p2a: Torkoal\n|-damage|p2b: Camerupt|0 fnt\n|-heal|p1a: Jin|47\/100|[from] drain|[of] p2b: Camerupt\n|faint|p2b: Camerupt\n|move|p2a: Torkoal|Heat Wave|p1b: ChunJu|[spread] p1a,p1b\n|-resisted|p1b: ChunJu\n|-activate|p1b: ChunJu|move: Substitute|[damage]\n|-resisted|p1a: Jin\n|-damage|p1a: Jin|16\/100\n|\n|-weather|SunnyDay|[upkeep]\n|-heal|p1b: ChunJu|100\/100|[from] item: Leftovers\n|upkeep\n|\n|t:|1696784441\n|switch|p2b: Lilligant|Lilligant-Hisui, F|100\/100\n|turn|13\n|\n|t:|1696784455\n|move|p2b: Lilligant|Solar Blade||[still]\n|-prepare|p2b: Lilligant|Solar Blade\n|-anim|p2b: Lilligant|Solar Blade|p1a: Jin\n|-supereffective|p1a: Jin\n|-damage|p1a: Jin|0 fnt\n|faint|p1a: Jin\n|-damage|p2b: Lilligant|91\/100|[from] item: Life Orb\n|move|p1b: ChunJu|Heat Wave|p2b: Lilligant|[spread] p2a,p2b\n|-resisted|p2a: Torkoal\n|-supereffective|p2b: Lilligant\n|-damage|p2a: Torkoal|0 fnt\n|-damage|p2b: Lilligant|0 fnt\n|faint|p2a: Torkoal\n|faint|p2b: Lilligant\n|\n|win|fumbari 24\n|raw|fumbari 24's rating: 1399 &rarr; <strong>1417<\/strong><br \/>(+18 for winning)\n|raw|nicokino's rating: 1357 &rarr; <strong>1339<\/strong><br \/>(-18 for losing)\n|l|\u2606nicokino\n","uploadtime":1696784471,"views":8,"p1id":"fumbari24","p2id":"nicokino","formatid":"gen9nationaldexdoubles","rating":1339,"private":0,"password":""}