{"id":"gen9nationaldexdoubles-1965561489","p1":"ethanrules5000","p2":"Billcosby123456","format":"[Gen 9] National Dex Doubles","log":"|j|\u2606ethanrules5000\n|j|\u2606Billcosby123456\n|t:|1697088298\n|gametype|doubles\n|player|p1|ethanrules5000|irida|\n|player|p2|Billcosby123456|hilbert|\n|teamsize|p1|6\n|teamsize|p2|6\n|gen|9\n|tier|[Gen 9] National Dex Doubles\n|rule|HP Percentage Mod: HP is shown in percentages\n|rule|Endless Battle Clause: Forcing endless battles is banned\n|rule|OHKO Clause: OHKO moves are banned\n|rule|Evasion Moves Clause: Evasion moves are banned\n|rule|Evasion Abilities Clause: Evasion abilities are banned\n|rule|Species Clause: Limit one of each Pok\u00e9mon\n|rule|Gravity Sleep Clause: The combination of sleep-inducing moves with imperfect accuracy and Gravity or Gigantamax Orbeetle are banned\n|clearpoke\n|poke|p1|Venusaur, F|\n|poke|p1|Oricorio-Pom-Pom, F|\n|poke|p1|Weavile, F|\n|poke|p1|Dewgong, M|\n|poke|p1|Flygon, F|\n|poke|p1|Seismitoad, F|\n|poke|p2|Alcremie-Rainbow-Swirl, F|\n|poke|p2|Beautifly, F|\n|poke|p2|Cryogonal|\n|poke|p2|Bruxish, F|\n|poke|p2|Copperajah, F|\n|poke|p2|Ampharos, F|\n|teampreview\n|c|\u2606Billcosby123456|8=======D\n|c|\u2606ethanrules5000|fl hd\n|\n|t:|1697088351\n|start\n|switch|p1a: Weavile|Weavile, F|100\/100\n|switch|p1b: Flygon|Flygon, F|100\/100\n|switch|p2a: Ampharos|Ampharos, F, shiny|100\/100\n|switch|p2b: Bruxish|Bruxish, F|100\/100\n|-ability|p1a: Weavile|Pressure\n|turn|1\n|c|\u2606Billcosby123456|black fart matter\n|\n|t:|1697088409\n|-terastallize|p1a: Weavile|Dark\n|move|p2b: Bruxish|Protect|p2b: Bruxish\n|-singleturn|p2b: Bruxish|Protect\n|move|p1a: Weavile|Beat Up|p2b: Bruxish\n|-activate|p2b: Bruxish|move: Protect\n|move|p1b: Flygon|Rock Slide|p2a: Ampharos|[spread] p2a\n|-activate|p2b: Bruxish|move: Protect\n|-damage|p2a: Ampharos|74\/100\n|cant|p2a: Ampharos|flinch\n|\n|upkeep\n|turn|2\n|\n|t:|1697088455\n|move|p2b: Bruxish|Protect||[still]\n|-fail|p2b: Bruxish\n|move|p1a: Weavile|Beat Up|p2b: Bruxish\n|-supereffective|p2b: Bruxish\n|-damage|p2b: Bruxish|60\/100\n|-supereffective|p2b: Bruxish\n|-damage|p2b: Bruxish|28\/100\n|-supereffective|p2b: Bruxish\n|-damage|p2b: Bruxish|0 fnt\n|faint|p2b: Bruxish\n|-hitcount|p2: Bruxish|3\n|move|p1b: Flygon|Rock Slide|p2a: Ampharos\n|-damage|p2a: Ampharos|40\/100\n|cant|p2a: Ampharos|flinch\n|\n|upkeep\n|\n|t:|1697088475\n|switch|p2b: Copperajah|Copperajah, F|100\/100\n|turn|3\n|\n|t:|1697088506\n|switch|p1b: Venusaur|Venusaur, F|100\/100\n|move|p1a: Weavile|Beat Up|p2a: Ampharos\n|-damage|p2a: Ampharos|29\/100\n|-damage|p2a: Ampharos|20\/100\n|-damage|p2a: Ampharos|10\/100\n|-damage|p2a: Ampharos|2\/100\n|-damage|p2a: Ampharos|0 fnt\n|faint|p2a: Ampharos\n|-hitcount|p2: Ampharos|5\n|move|p2b: Copperajah|Play Rough|p1a: Weavile\n|-supereffective|p1a: Weavile\n|-damage|p1a: Weavile|0 fnt\n|faint|p1a: Weavile\n|\n|upkeep\n|\n|t:|1697088543\n|switch|p1a: me|Seismitoad, F|100\/100\n|switch|p2a: Cryogonal|Cryogonal, shiny|100\/100\n|turn|4\n|\n|t:|1697088577\n|-terastallize|p2a: Cryogonal|Steel\n|move|p2a: Cryogonal|Ice Beam|p1b: Venusaur\n|-supereffective|p1b: Venusaur\n|-crit|p1b: Venusaur\n|-damage|p1b: Venusaur|4\/100\n|move|p1b: Venusaur|Sleep Powder|p2b: Copperajah\n|-status|p2b: Copperajah|slp|[from] move: Sleep Powder\n|move|p1a: me|Drain Punch|p2a: Cryogonal\n|-supereffective|p2a: Cryogonal\n|-damage|p2a: Cryogonal|0 fnt\n|faint|p2a: Cryogonal\n|-damage|p1a: me|91\/100|[from] item: Life Orb\n|cant|p2b: Copperajah|slp\n|\n|-heal|p1b: Venusaur|10\/100|[from] item: Leftovers\n|upkeep\n|\n|t:|1697088599\n|switch|p2a: Beautifly|Beautifly, F|100\/100\n|turn|5\n|\n|t:|1697088620\n|move|p2a: Beautifly|Bug Buzz|p1b: Venusaur\n|-damage|p1b: Venusaur|0 fnt\n|faint|p1b: Venusaur\n|move|p1a: me|Rock Slide|p2b: Copperajah|[spread] p2a,p2b\n|-supereffective|p2a: Beautifly\n|-resisted|p2b: Copperajah\n|-crit|p2b: Copperajah\n|-enditem|p2a: Beautifly|Focus Sash\n|-damage|p2a: Beautifly|1\/100\n|-damage|p2b: Copperajah|84\/100 slp\n|-damage|p1a: me|81\/100|[from] item: Life Orb\n|-curestatus|p2b: Copperajah|slp|[msg]\n|move|p2b: Copperajah|Iron Head|p1a: me\n|-resisted|p1a: me\n|-damage|p1a: me|37\/100\n|\n|upkeep\n|\n|t:|1697088633\n|switch|p1b: Dewgong|Dewgong, M, shiny|100\/100\n|turn|6\n|\n|t:|1697088682\n|move|p2a: Beautifly|Stun Spore|p1a: me\n|-status|p1a: me|par\n|move|p1b: Dewgong|Surf|p2a: Beautifly|[spread] p2a,p2b\n|-heal|p1a: me|62\/100 par|[from] ability: Water Absorb|[of] p1b: Dewgong\n|-crit|p2a: Beautifly\n|-damage|p2a: Beautifly|0 fnt\n|-damage|p2b: Copperajah|68\/100\n|faint|p2a: Beautifly\n|move|p2b: Copperajah|Iron Head|p1b: Dewgong\n|-crit|p1b: Dewgong\n|-damage|p1b: Dewgong|18\/100\n|cant|p1a: me|par\n|\n|-heal|p1b: Dewgong|24\/100|[from] item: Leftovers\n|upkeep\n|\n|t:|1697088695\n|switch|p2a: Alcremie|Alcremie-Rainbow-Swirl, F|100\/100\n|turn|7\n|\n|t:|1697088732\n|move|p1b: Dewgong|Perish Song|p1b: Dewgong\n|-start|p1a: me|perish3|[silent]\n|-start|p1b: Dewgong|perish3|[silent]\n|-start|p2a: Alcremie|perish3|[silent]\n|-start|p2b: Copperajah|perish3|[silent]\n|-fieldactivate|move: Perish Song\n|move|p2a: Alcremie|Calm Mind|p2a: Alcremie\n|-boost|p2a: Alcremie|spa|1\n|-boost|p2a: Alcremie|spd|1\n|move|p2b: Copperajah|Iron Head|p1b: Dewgong\n|-damage|p1b: Dewgong|0 fnt\n|faint|p1b: Dewgong\n|move|p1a: me|Liquidation|p2a: Alcremie\n|-damage|p2a: Alcremie|53\/100\n|-damage|p1a: me|52\/100 par|[from] item: Life Orb\n|\n|-heal|p2a: Alcremie|59\/100|[from] item: Leftovers\n|-start|p2a: Alcremie|perish3\n|-start|p2b: Copperajah|perish3\n|-start|p1a: me|perish3\n|upkeep\n|\n|t:|1697088762\n|switch|p1b: Flygon|Flygon, F|100\/100\n|turn|8\n|\n|t:|1697088776\n|move|p1b: Flygon|Rock Slide|p2a: Alcremie|[spread] p2b\n|-miss|p1b: Flygon|p2a: Alcremie\n|-resisted|p2b: Copperajah\n|-damage|p2b: Copperajah|54\/100\n|move|p2a: Alcremie|Recover|p2a: Alcremie\n|-heal|p2a: Alcremie|100\/100\n|cant|p2b: Copperajah|flinch\n|move|p1a: me|Liquidation|p2a: Alcremie\n|-damage|p2a: Alcremie|55\/100\n|-damage|p1a: me|43\/100 par|[from] item: Life Orb\n|\n|-heal|p2a: Alcremie|61\/100|[from] item: Leftovers\n|-start|p2a: Alcremie|perish2\n|-start|p2b: Copperajah|perish2\n|-start|p1a: me|perish2\n|upkeep\n|turn|9\n|\n|t:|1697088812\n|switch|p1a: pog|Oricorio-Pom-Pom, F, shiny|100\/100\n|move|p1b: Flygon|Rock Slide|p2b: Copperajah|[spread] p2a,p2b\n|-resisted|p2b: Copperajah\n|-crit|p2b: Copperajah\n|-damage|p2a: Alcremie|38\/100\n|-damage|p2b: Copperajah|35\/100\n|cant|p2a: Alcremie|flinch\n|move|p2b: Copperajah|Play Rough|p1a: pog\n|-damage|p1a: pog|6\/100\n|\n|-heal|p2a: Alcremie|44\/100|[from] item: Leftovers\n|-start|p2a: Alcremie|perish1\n|-start|p2b: Copperajah|perish1\n|upkeep\n|turn|10\n|\n|t:|1697088834\n|move|p1b: Flygon|Rock Slide|p2a: Alcremie|[spread] p2a,p2b\n|-resisted|p2b: Copperajah\n|-damage|p2a: Alcremie|22\/100\n|-damage|p2b: Copperajah|22\/100\n|move|p1a: pog|Icy Wind|p2b: Copperajah|[spread] p2a,p2b\n|-resisted|p2b: Copperajah\n|-damage|p2a: Alcremie|14\/100\n|-damage|p2b: Copperajah|15\/100\n|-unboost|p2a: Alcremie|spe|1\n|-unboost|p2b: Copperajah|spe|1\n|cant|p2a: Alcremie|flinch\n|move|p2b: Copperajah|Play Rough|p1a: pog\n|-damage|p1a: pog|0 fnt\n|faint|p1a: pog\n|\n|-heal|p2a: Alcremie|20\/100|[from] item: Leftovers\n|-start|p2a: Alcremie|perish0\n|-start|p2b: Copperajah|perish0\n|upkeep\n|faint|p2a: Alcremie\n|faint|p2b: Copperajah\n|\n|win|ethanrules5000\n|l|\u2606Billcosby123456\n|j|\u2606Billcosby123456\n|player|p2|Billcosby123456|hilbert\n","uploadtime":1697088864,"views":6,"p1id":"ethanrules5000","p2id":"billcosby123456","formatid":"gen9nationaldexdoubles","rating":0,"private":0,"password":""}