{"id":"gen9nationaldexdoubles-1998732047","p1":"thatonemoth1311","p2":"py123456","format":"[Gen 9] National Dex Doubles","log":"|j|\u2606thatonemoth1311\n|j|\u2606py123456\n|t:|1700979616\n|gametype|doubles\n|player|p1|thatonemoth1311|gambler|1074\n|player|p2|py123456|steven|1215\n|teamsize|p1|6\n|teamsize|p2|6\n|gen|9\n|tier|[Gen 9] National Dex Doubles\n|rated|\n|rule|HP Percentage Mod: HP is shown in percentages\n|rule|Endless Battle Clause: Forcing endless battles is banned\n|rule|OHKO Clause: OHKO moves are banned\n|rule|Evasion Moves Clause: Evasion moves are banned\n|rule|Evasion Abilities Clause: Evasion abilities are banned\n|rule|Species Clause: Limit one of each Pok\u00e9mon\n|rule|Gravity Sleep Clause: The combination of sleep-inducing moves with imperfect accuracy and Gravity or Gigantamax Orbeetle are banned\n|clearpoke\n|poke|p1|Qwilfish, F|\n|poke|p1|Rotom|\n|poke|p1|Tyranitar, M|\n|poke|p1|Blissey, F|\n|poke|p1|Skarmory, F|\n|poke|p1|Houndoom, F|\n|poke|p2|Politoed, M|\n|poke|p2|Urshifu-*, M|\n|poke|p2|Kingdra, F|\n|poke|p2|Scizor, F|\n|poke|p2|Zapdos|\n|poke|p2|Tornadus, M|\n|teampreview\n|inactive|Battle timer is ON: inactive players will automatically lose when time's up. (requested by py123456)\n|\n|t:|1700979637\n|start\n|switch|p1a: Spike|Qwilfish, F, shiny|100\/100\n|switch|p1b: Support|Blissey, F|100\/100\n|switch|p2a: Tornadus|Tornadus, M|100\/100\n|switch|p2b: Urshifu|Urshifu-Rapid-Strike, M|100\/100\n|turn|1\n|c|\u2606thatonemoth1311|Good Luck!\n|inactive|py123456 has 120 seconds left.\n|\n|t:|1700979669\n|move|p1a: Spike|Protect|p1a: Spike\n|-singleturn|p1a: Spike|Protect\n|move|p2a: Tornadus|Taunt|p1a: Spike\n|-activate|p1a: Spike|move: Protect\n|move|p2b: Urshifu|Close Combat|p1b: Support\n|-supereffective|p1b: Support\n|-enditem|p1b: Support|Focus Sash\n|-damage|p1b: Support|1\/100\n|-unboost|p2b: Urshifu|def|1\n|-unboost|p2b: Urshifu|spd|1\n|move|p1b: Support|Rain Dance|p1b: Support\n|-weather|RainDance\n|\n|-weather|RainDance|[upkeep]\n|upkeep\n|turn|2\n|inactive|py123456 has 120 seconds left.\n|\n|t:|1700979697\n|switch|p2b: Scizor|Scizor, F, shiny|100\/100\n|switch|p1b: Speed Demon|Rotom|100\/100\n|move|p1a: Spike|Ice Beam|p2a: Tornadus\n|-supereffective|p2a: Tornadus\n|-damage|p2a: Tornadus|72\/100\n|move|p2a: Tornadus|Bleakwind Storm|p1b: Speed Demon|[spread] p1a,p1b\n|-resisted|p1b: Speed Demon\n|-damage|p1a: Spike|41\/100\n|-damage|p1b: Speed Demon|74\/100\n|\n|-weather|RainDance|[upkeep]\n|upkeep\n|turn|3\n|inactive|py123456 has 120 seconds left.\n|\n|t:|1700979732\n|detailschange|p2b: Scizor|Scizor-Mega, F, shiny\n|-mega|p2b: Scizor|Scizor|Scizorite\n|move|p2a: Tornadus|Tailwind|p2a: Tornadus\n|-sidestart|p2: py123456|move: Tailwind\n|move|p1a: Spike|Toxic Spikes|p2a: Tornadus\n|-sidestart|p2: py123456|move: Toxic Spikes\n|move|p2b: Scizor|U-turn|p1b: Speed Demon\n|-resisted|p1b: Speed Demon\n|-damage|p1b: Speed Demon|33\/100\n|\n|t:|1700979741\n|switch|p2b: Zapdos|Zapdos|100\/100|[from] U-turn\n|move|p1b: Speed Demon|Thunderbolt|p2a: Tornadus\n|-supereffective|p2a: Tornadus\n|-damage|p2a: Tornadus|0 fnt\n|faint|p2a: Tornadus\n|\n|-weather|RainDance|[upkeep]\n|upkeep\n|\n|t:|1700979749\n|switch|p2a: Scizor|Scizor-Mega, F, shiny|100\/100\n|turn|4\n|inactive|py123456 has 120 seconds left.\n|\n|t:|1700979783\n|switch|p1a: Godzilla|Tyranitar, M|100\/100\n|-weather|Sandstorm|[from] ability: Sand Stream|[of] p1a: Godzilla\n|switch|p1b: Cerberus|Houndoom, F|100\/100\n|move|p2b: Zapdos|Thunder|p1a: Godzilla|[miss]\n|-miss|p2b: Zapdos|p1a: Godzilla\n|move|p2a: Scizor|U-turn|p1b: Cerberus\n|-damage|p1b: Cerberus|11\/100\n|\n|t:|1700979795\n|switch|p2a: Politoed|Politoed, M|100\/100|[from] U-turn\n|-status|p2a: Politoed|psn\n|-weather|RainDance|[from] ability: Drizzle|[of] p2a: Politoed\n|\n|-weather|RainDance|[upkeep]\n|-damage|p2a: Politoed|88\/100 psn|[from] psn\n|upkeep\n|turn|5\n|inactive|py123456 has 120 seconds left.\n|\n|t:|1700979823\n|switch|p2a: Scizor|Scizor-Mega, F, shiny|100\/100\n|switch|p1b: Speed Demon|Rotom|33\/100\n|move|p2b: Zapdos|Volt Switch|p1b: Speed Demon\n|-resisted|p1b: Speed Demon\n|-damage|p1b: Speed Demon|5\/100\n|\n|t:|1700979838\n|switch|p2b: Kingdra|Kingdra, F|100\/100|[from] Volt Switch\n|-status|p2b: Kingdra|psn\n|move|p1a: Godzilla|Rock Slide|p2a: Scizor|[spread] p2a,p2b\n|-damage|p2a: Scizor|73\/100\n|-damage|p2b: Kingdra|64\/100 psn\n|\n|-weather|RainDance|[upkeep]\n|-damage|p2b: Kingdra|51\/100 psn|[from] psn\n|upkeep\n|turn|6\n|\n|t:|1700979853\n|move|p2b: Kingdra|Hurricane|p1b: Speed Demon\n|-resisted|p1b: Speed Demon\n|-damage|p1b: Speed Demon|0 fnt\n|faint|p1b: Speed Demon\n|-damage|p2b: Kingdra|41\/100 psn|[from] item: Life Orb\n|move|p2a: Scizor|Brick Break|p1a: Godzilla\n|-supereffective|p1a: Godzilla\n|-damage|p1a: Godzilla|0 fnt\n|faint|p1a: Godzilla\n|\n|-weather|RainDance|[upkeep]\n|-damage|p2b: Kingdra|29\/100 psn|[from] psn\n|-sideend|p2: py123456|move: Tailwind\n|upkeep\n|\n|t:|1700979867\n|switch|p1b: Extreme|Skarmory, F|100\/100\n|switch|p1a: Spike|Qwilfish, F, shiny|41\/100\n|turn|7\n|\n|t:|1700979880\n|move|p1a: Spike|Ice Beam|p2b: Kingdra\n|-damage|p2b: Kingdra|5\/100 psn\n|move|p2b: Kingdra|Hurricane|p1a: Spike\n|-damage|p1a: Spike|0 fnt\n|faint|p1a: Spike\n|-damage|p2b: Kingdra|0 fnt|[from] item: Life Orb\n|faint|p2b: Kingdra\n|move|p2a: Scizor|Brick Break|p1b: Extreme\n|-damage|p1b: Extreme|81\/100\n|move|p1b: Extreme|Drill Peck|p2a: Scizor\n|-damage|p2a: Scizor|53\/100\n|\n|-weather|RainDance|[upkeep]\n|-heal|p1b: Extreme|87\/100|[from] item: Leftovers\n|upkeep\n|\n|t:|1700979893\n|switch|p1a: Cerberus|Houndoom, F|11\/100\n|switch|p2b: Zapdos|Zapdos|100\/100\n|turn|8\n|\n|t:|1700979905\n|move|p2a: Scizor|Bullet Punch|p1a: Cerberus\n|-resisted|p1a: Cerberus\n|-damage|p1a: Cerberus|0 fnt\n|faint|p1a: Cerberus\n|move|p2b: Zapdos|Thunder|p1b: Extreme\n|-supereffective|p1b: Extreme\n|-damage|p1b: Extreme|0 fnt\n|faint|p1b: Extreme\n|\n|-weather|RainDance|[upkeep]\n|upkeep\n|\n|t:|1700979920\n|switch|p1a: Support|Blissey, F|1\/100\n|turn|9\n|\n|t:|1700979925\n|move|p2a: Scizor|Bullet Punch|p1a: Support\n|-damage|p1a: Support|0 fnt\n|faint|p1a: Support\n|\n|win|py123456\n|raw|thatonemoth1311's rating: 1074 &rarr; <strong>1061<\/strong><br \/>(-13 for losing)\n|raw|py123456's rating: 1215 &rarr; <strong>1230<\/strong><br \/>(+15 for winning)\n","uploadtime":1700979932,"views":0,"p1id":"thatonemoth1311","p2id":"py123456","formatid":"gen9nationaldexdoubles","rating":1061,"private":0,"password":""}