{"id":"gen9nationaldexdoubles-1962567496","p1":"braislago98","p2":"SylverOmega","format":"[Gen 9] National Dex Doubles","log":"|j|\u2606braislago98\n|j|\u2606SylverOmega\n|t:|1696768967\n|gametype|doubles\n|player|p1|braislago98|101|\n|player|p2|SylverOmega|palmer|\n|teamsize|p1|6\n|teamsize|p2|6\n|gen|9\n|tier|[Gen 9] National Dex Doubles\n|rule|HP Percentage Mod: HP is shown in percentages\n|rule|Endless Battle Clause: Forcing endless battles is banned\n|rule|OHKO Clause: OHKO moves are banned\n|rule|Evasion Moves Clause: Evasion moves are banned\n|rule|Evasion Abilities Clause: Evasion abilities are banned\n|rule|Species Clause: Limit one of each Pok\u00e9mon\n|rule|Gravity Sleep Clause: The combination of sleep-inducing moves with imperfect accuracy and Gravity or Gigantamax Orbeetle are banned\n|clearpoke\n|poke|p1|Raichu-Alola, M|\n|poke|p1|Thundurus-Therian, M|\n|poke|p1|Iron Hands|\n|poke|p1|Pincurchin, F|\n|poke|p1|Electivire, M|\n|poke|p1|Hydreigon, M|\n|poke|p2|Dudunsparce-*, F|\n|poke|p2|Maushold|\n|poke|p2|Armarouge, M|\n|poke|p2|Indeedee-F, F|\n|poke|p2|Ursaluna, F|\n|poke|p2|Gardevoir, M|\n|teampreview\n|inactive|Battle timer is ON: inactive players will automatically lose when time's up. (requested by SylverOmega)\n|c|\u2606SylverOmega|Hf\n|\n|t:|1696768997\n|start\n|switch|p1a: Pincurchin|Pincurchin, F|100\/100\n|switch|p1b: Hydreigon|Hydreigon, M|100\/100\n|switch|p2a: Maushold|Maushold|100\/100\n|switch|p2b: Dudunsparce|Dudunsparce-Three-Segment, F|100\/100\n|-fieldstart|move: Electric Terrain|[from] ability: Electric Surge|[of] p1a: Pincurchin\n|turn|1\n|\n|t:|1696769025\n|-terastallize|p1b: Hydreigon|Electric\n|-terastallize|p2b: Dudunsparce|Psychic\n|move|p1b: Hydreigon|Draco Meteor|p2a: Maushold\n|-damage|p2a: Maushold|4\/100\n|-unboost|p1b: Hydreigon|spa|2\n|move|p2a: Maushold|Beat Up|p2b: Dudunsparce\n|-supereffective|p2b: Dudunsparce\n|-damage|p2b: Dudunsparce|98\/100\n|-ability|p2b: Dudunsparce|Rattled|boost\n|-boost|p2b: Dudunsparce|spe|1\n|-enditem|p2b: Dudunsparce|Weakness Policy\n|-boost|p2b: Dudunsparce|atk|2|[from] item: Weakness Policy\n|-boost|p2b: Dudunsparce|spa|2|[from] item: Weakness Policy\n|-supereffective|p2b: Dudunsparce\n|-damage|p2b: Dudunsparce|94\/100\n|-ability|p2b: Dudunsparce|Rattled|boost\n|-boost|p2b: Dudunsparce|spe|1\n|-supereffective|p2b: Dudunsparce\n|-damage|p2b: Dudunsparce|91\/100\n|-ability|p2b: Dudunsparce|Rattled|boost\n|-boost|p2b: Dudunsparce|spe|1\n|-supereffective|p2b: Dudunsparce\n|-damage|p2b: Dudunsparce|89\/100\n|-ability|p2b: Dudunsparce|Rattled|boost\n|-boost|p2b: Dudunsparce|spe|1\n|-supereffective|p2b: Dudunsparce\n|-damage|p2b: Dudunsparce|84\/100\n|-ability|p2b: Dudunsparce|Rattled|boost\n|-boost|p2b: Dudunsparce|spe|1\n|-supereffective|p2b: Dudunsparce\n|-damage|p2b: Dudunsparce|82\/100\n|-ability|p2b: Dudunsparce|Rattled|boost\n|-boost|p2b: Dudunsparce|spe|1\n|-hitcount|p2b: Dudunsparce|6\n|move|p2b: Dudunsparce|Hyper Voice|p1a: Pincurchin|[spread] p1a,p1b\n|-damage|p1a: Pincurchin|24\/100\n|-damage|p1b: Hydreigon|32\/100\n|move|p1a: Pincurchin|Toxic Spikes|p2b: Dudunsparce\n|-sidestart|p2: SylverOmega|move: Toxic Spikes\n|\n|upkeep\n|turn|2\n|c|\u2606braislago98|vaya tela xd\n|inactive|braislago98 has 270 seconds left.\n|inactive|SylverOmega has 270 seconds left.\n|\n|t:|1696769069\n|move|p2b: Dudunsparce|Hyper Voice|p1a: Pincurchin|[spread] p1a,p1b\n|-damage|p1a: Pincurchin|0 fnt\n|-damage|p1b: Hydreigon|0 fnt\n|faint|p1a: Pincurchin\n|faint|p1b: Hydreigon\n|move|p2a: Maushold|Beat Up|p1: Pincurchin|[notarget]\n|-fail|p2a: Maushold\n|\n|upkeep\n|inactive|braislago98 has 270 seconds left.\n|c|\u2606SylverOmega|xd\n|\n|t:|1696769087\n|switch|p1b: Raichu|Raichu-Alola, M|100\/100\n|switch|p1a: Iron Hands|Iron Hands|100\/100\n|-activate|p1a: Iron Hands|ability: Quark Drive\n|-start|p1a: Iron Hands|quarkdriveatk\n|turn|3\n|\n|t:|1696769102\n|move|p1a: Iron Hands|Fake Out|p2b: Dudunsparce\n|-damage|p2b: Dudunsparce|68\/100\n|move|p2a: Maushold|Follow Me|p2a: Maushold\n|-singleturn|p2a: Maushold|move: Follow Me\n|move|p1b: Raichu|Discharge|p2b: Dudunsparce|[spread] p1a,p2a,p2b\n|-resisted|p1a: Iron Hands\n|-damage|p1a: Iron Hands|88\/100\n|-damage|p2a: Maushold|0 fnt\n|-damage|p2b: Dudunsparce|37\/100\n|faint|p2a: Maushold\n|-damage|p1b: Raichu|91\/100|[from] item: Life Orb\n|cant|p2b: Dudunsparce|flinch\n|\n|upkeep\n|inactive|SylverOmega has 270 seconds left.\n|\n|t:|1696769124\n|switch|p2a: Indeedee|Indeedee-F, F|100\/100\n|-status|p2a: Indeedee|psn\n|-fieldstart|move: Psychic Terrain|[from] ability: Psychic Surge|[of] p2a: Indeedee\n|-end|p1a: Iron Hands|Quark Drive\n|turn|4\n|\n|t:|1696769144\n|move|p2b: Dudunsparce|Stored Power|p1b: Raichu\n|-resisted|p1b: Raichu\n|-damage|p1b: Raichu|0 fnt\n|faint|p1b: Raichu\n|move|p2a: Indeedee|Heal Pulse|p2b: Dudunsparce\n|-heal|p2b: Dudunsparce|87\/100\n|move|p1a: Iron Hands|Wild Charge|p2b: Dudunsparce\n|-damage|p2b: Dudunsparce|38\/100\n|-damage|p1a: Iron Hands|76\/100|[from] Recoil\n|\n|-damage|p2a: Indeedee|88\/100 psn|[from] psn\n|upkeep\n|\n|t:|1696769156\n|switch|p1b: Thundurus|Thundurus-Therian, M|100\/100\n|turn|5\n|\n|t:|1696769163\n|move|p2a: Indeedee|Follow Me|p2a: Indeedee\n|-singleturn|p2a: Indeedee|move: Follow Me\n|move|p2b: Dudunsparce|Stored Power|p1a: Iron Hands\n|-supereffective|p1a: Iron Hands\n|-damage|p1a: Iron Hands|0 fnt\n|faint|p1a: Iron Hands\n|-end|p1a: Iron Hands|Quark Drive|[silent]\n|move|p1b: Thundurus|Wildbolt Storm|p2a: Indeedee|[spread] p2a\n|-miss|p1b: Thundurus|p2b: Dudunsparce\n|-damage|p2a: Indeedee|33\/100 psn\n|\n|-damage|p2a: Indeedee|20\/100 psn|[from] psn\n|upkeep\n|c|\u2606braislago98|nah gg\n|c|\u2606braislago98|xd\n|\n|t:|1696769176\n|switch|p1a: Electivire|Electivire, M|100\/100\n|-item|p1a: Electivire|Air Balloon\n|turn|6\n|\n|t:|1696769189\n|move|p2a: Indeedee|Helping Hand|p2b: Dudunsparce\n|-singleturn|p2b: Dudunsparce|Helping Hand|[of] p2a: Indeedee\n|move|p2b: Dudunsparce|Hyper Voice|p1b: Thundurus|[spread] p1a,p1b\n|-damage|p1a: Electivire|0 fnt\n|-damage|p1b: Thundurus|0 fnt\n|-enditem|p1a: Electivire|Air Balloon\n|faint|p1a: Electivire\n|faint|p1b: Thundurus\n|\n|win|SylverOmega\n|c|\u2606SylverOmega|Gg\n","uploadtime":1696769201,"views":9,"p1id":"braislago98","p2id":"sylveromega","formatid":"gen9nationaldexdoubles","rating":0,"private":0,"password":""}