{"id":"gen9nationaldexdoubles-1969021332","p1":"AutumnCookie","p2":"cassinidivision","format":"[Gen 9] National Dex Doubles","log":"|j|\u2606AutumnCookie\n|j|\u2606cassinidivision\n|t:|1697483437\n|gametype|doubles\n|player|p1|AutumnCookie|red|\n|player|p2|cassinidivision|giacomo|\n|teamsize|p1|6\n|teamsize|p2|6\n|gen|9\n|tier|[Gen 9] National Dex Doubles\n|rule|HP Percentage Mod: HP is shown in percentages\n|rule|Endless Battle Clause: Forcing endless battles is banned\n|rule|OHKO Clause: OHKO moves are banned\n|rule|Evasion Moves Clause: Evasion moves are banned\n|rule|Evasion Abilities Clause: Evasion abilities are banned\n|rule|Species Clause: Limit one of each Pok\u00e9mon\n|rule|Gravity Sleep Clause: The combination of sleep-inducing moves with imperfect accuracy and Gravity or Gigantamax Orbeetle are banned\n|clearpoke\n|poke|p1|Pikachu, F|\n|poke|p1|Charizard, M|\n|poke|p1|Venusaur, F|\n|poke|p1|Blastoise, M|\n|poke|p1|Snorlax, M|\n|poke|p1|Articuno|\n|poke|p2|Kingambit, M|\n|poke|p2|Honchkrow, M|\n|poke|p2|Weavile, M|\n|poke|p2|Krookodile, F|\n|poke|p2|Muk-Alola, F|\n|poke|p2|Umbreon, F|\n|teampreview\n|c|\u2606cassinidivision|the bird...\n|\n|t:|1697483473\n|start\n|switch|p1a: Pikachu|Pikachu, F|100\/100\n|switch|p1b: Charizard|Charizard, M|100\/100\n|switch|p2a: MOONWITCH|Umbreon, F, shiny|100\/100\n|switch|p2b: BIG BIRD|Honchkrow, M|100\/100\n|turn|1\n|l|\u2606AutumnCookie\n|player|p1|\n|j|\u2606AutumnCookie\n|player|p1|AutumnCookie|red\n|c|\u2606cassinidivision|become hilda\n|\n|t:|1697483521\n|move|p1a: Pikachu|Volt Tackle|p2b: BIG BIRD\n|-supereffective|p2b: BIG BIRD\n|-damage|p2b: BIG BIRD|0 fnt\n|faint|p2b: BIG BIRD\n|-damage|p1a: Pikachu|37\/100|[from] Recoil\n|move|p1b: Charizard|Dragon Dance|p1b: Charizard\n|-boost|p1b: Charizard|atk|1\n|-boost|p1b: Charizard|spe|1\n|move|p2a: MOONWITCH|Curse|p2a: MOONWITCH\n|-unboost|p2a: MOONWITCH|spe|1\n|-boost|p2a: MOONWITCH|atk|1\n|-boost|p2a: MOONWITCH|def|1\n|\n|upkeep\n|c|\u2606AutumnCookie|YAY PIKACHU DID SOMETHING FOR ONCE\n|c|\u2606cassinidivision|should have gone fro the sucker argh\n|\n|t:|1697483541\n|switch|p2b: PASTRAMI|Krookodile, F|100\/100\n|turn|2\n|c|\u2606AutumnCookie|PIKACHU GOT TO DO SOMETHING FOR ONCE THOUGH...\n|c|\u2606cassinidivision|TRUE\n|c|\u2606cassinidivision|and big bird IS my most disposable member\n|\n|t:|1697483570\n|move|p1a: Pikachu|Extreme Speed|p2b: PASTRAMI\n|-damage|p2b: PASTRAMI|57\/100\n|move|p1b: Charizard|Dragon Claw|p2b: PASTRAMI\n|-damage|p2b: PASTRAMI|13\/100\n|move|p2b: PASTRAMI|Bulk Up|p2b: PASTRAMI\n|-boost|p2b: PASTRAMI|atk|1\n|-boost|p2b: PASTRAMI|def|1\n|move|p2a: MOONWITCH|Toxic|p1b: Charizard|[miss]\n|-miss|p2a: MOONWITCH|p1b: Charizard\n|\n|upkeep\n|turn|3\n|c|\u2606cassinidivision|sorry big bird.\n|c|\u2606cassinidivision|WOWWWWWWWWWWW\n|c|\u2606AutumnCookie|I WANT THAT CROC DEAD .\n|c|\u2606AutumnCookie|TOXIC MISS YES\n|\n|t:|1697483618\n|move|p1b: Charizard|Dragon Claw|p2b: PASTRAMI\n|-damage|p2b: PASTRAMI|0 fnt\n|faint|p2b: PASTRAMI\n|move|p1a: Pikachu|Play Rough|p2a: MOONWITCH\n|-supereffective|p2a: MOONWITCH\n|-damage|p2a: MOONWITCH|61\/100\n|move|p2a: MOONWITCH|Curse|p2a: MOONWITCH\n|-unboost|p2a: MOONWITCH|spe|1\n|-boost|p2a: MOONWITCH|atk|1\n|-boost|p2a: MOONWITCH|def|1\n|\n|-heal|p2a: MOONWITCH|67\/100|[from] item: Leftovers\n|upkeep\n|\n|t:|1697483632\n|switch|p2b: SLASHER|Weavile, M|100\/100\n|turn|4\n|c|\u2606AutumnCookie|PIKACHU IS GETTING TO ACTUALLY DO THINGS. GOOD FOR HIM.\n|c|\u2606cassinidivision|shoulda sauce led\n|\n|t:|1697483672\n|move|p2b: SLASHER|Fake Out|p1a: Pikachu\n|-damage|p1a: Pikachu|0 fnt\n|-status|p2b: SLASHER|par|[from] ability: Static|[of] p1a: Pikachu\n|faint|p1a: Pikachu\n|move|p1b: Charizard|Dragon Dance|p1b: Charizard\n|-boost|p1b: Charizard|atk|1\n|-boost|p1b: Charizard|spe|1\n|move|p2a: MOONWITCH|Toxic|p1b: Charizard\n|-status|p1b: Charizard|tox\n|\n|-heal|p2a: MOONWITCH|73\/100|[from] item: Leftovers\n|-damage|p1b: Charizard|94\/100 tox|[from] psn\n|upkeep\n|c|\u2606AutumnCookie|YES\n|c|\u2606AutumnCookie|THE STATIC HELL YES\n|\n|t:|1697483700\n|switch|p1a: Snorlax|Snorlax, M|100\/100\n|turn|5\n|\n|t:|1697483729\n|move|p1b: Charizard|Dragon Claw|p2a: MOONWITCH\n|-damage|p2a: MOONWITCH|55\/100\n|move|p2b: SLASHER|Throat Chop|p1b: Charizard\n|-damage|p1b: Charizard|38\/100 tox\n|-start|p1b: Charizard|Throat Chop|[silent]\n|move|p1a: Snorlax|Heavy Slam|p2b: SLASHER\n|-supereffective|p2b: SLASHER\n|-damage|p2b: SLASHER|0 fnt\n|faint|p2b: SLASHER\n|-damage|p1a: Snorlax|91\/100|[from] item: Life Orb\n|move|p2a: MOONWITCH|Toxic|p1a: Snorlax\n|-status|p1a: Snorlax|tox\n|\n|-heal|p2a: MOONWITCH|61\/100|[from] item: Leftovers\n|-damage|p1b: Charizard|26\/100 tox|[from] psn\n|-damage|p1a: Snorlax|84\/100 tox|[from] psn\n|upkeep\n|\n|t:|1697483740\n|switch|p2b: SAUCE|Muk-Alola, F|100\/100\n|turn|6\n|\n|t:|1697483810\n|move|p1b: Charizard|Flare Blitz|p2a: MOONWITCH\n|-damage|p2a: MOONWITCH|0 fnt\n|faint|p2a: MOONWITCH\n|-damage|p1b: Charizard|0 fnt|[from] Recoil\n|faint|p1b: Charizard\n|move|p2b: SAUCE|Gunk Shot|p1a: Snorlax|[miss]\n|-miss|p2b: SAUCE|p1a: Snorlax\n|move|p1a: Snorlax|Earthquake|p2b: SAUCE\n|-supereffective|p2b: SAUCE\n|-damage|p2b: SAUCE|15\/100\n|-damage|p1a: Snorlax|75\/100 tox|[from] item: Life Orb\n|\n|-heal|p2b: SAUCE|21\/100|[from] item: Leftovers\n|-damage|p1a: Snorlax|62\/100 tox|[from] psn\n|upkeep\n|c|\u2606cassinidivision|Bozzman.\n|c|\u2606AutumnCookie|THANK YOU CHARIZARD FOR YOUR SACRIFICE.\n|\n|t:|1697483835\n|switch|p1b: Blastoise|Blastoise, M|100\/100\n|switch|p2a: BOZZMAN|Kingambit, M|100\/100\n|-activate|p2a: BOZZMAN|ability: Supreme Overlord\n|-start|p2a: BOZZMAN|fallen4|[silent]\n|turn|7\n|\n|t:|1697483861\n|move|p1b: Blastoise|Earthquake|p2b: SAUCE|[spread] p1a,p2a,p2b\n|-supereffective|p2a: BOZZMAN\n|-supereffective|p2b: SAUCE\n|-damage|p1a: Snorlax|42\/100 tox\n|-damage|p2a: BOZZMAN|69\/100\n|-damage|p2b: SAUCE|0 fnt\n|faint|p2b: SAUCE\n|move|p2a: BOZZMAN|Knock Off|p1a: Snorlax\n|-damage|p1a: Snorlax|0 fnt\n|-enditem|p1a: Snorlax|Life Orb|[from] move: Knock Off|[of] p2a: BOZZMAN\n|faint|p1a: Snorlax\n|\n|upkeep\n|\n|t:|1697483872\n|switch|p1a: Venusaur|Venusaur, F|100\/100\n|turn|8\n|\n|t:|1697483897\n|move|p1a: Venusaur|Protect|p1a: Venusaur\n|-singleturn|p1a: Venusaur|Protect\n|move|p2a: BOZZMAN|Sucker Punch|p1b: Blastoise\n|-damage|p1b: Blastoise|45\/100\n|move|p1b: Blastoise|Earthquake|p2a: BOZZMAN|[spread] p2a\n|-activate|p1a: Venusaur|move: Protect\n|-supereffective|p2a: BOZZMAN\n|-damage|p2a: BOZZMAN|38\/100\n|\n|-heal|p1b: Blastoise|51\/100|[from] item: Leftovers\n|upkeep\n|turn|9\n|\n|t:|1697483917\n|move|p2a: BOZZMAN|Sucker Punch|p1b: Blastoise\n|-damage|p1b: Blastoise|0 fnt\n|faint|p1b: Blastoise\n|move|p1a: Venusaur|Energy Ball|p2a: BOZZMAN\n|-resisted|p2a: BOZZMAN\n|-damage|p2a: BOZZMAN|18\/100\n|\n|upkeep\n|\n|t:|1697483924\n|switch|p1b: Articuno|Articuno|100\/100\n|-ability|p1b: Articuno|Pressure\n|turn|10\n|c|\u2606AutumnCookie|MAN THE BIRD WASN'T EVEN NEEDED LAPRAS COULD'VE HANDLED THIS ACTUALLY\n|c|\u2606cassinidivision|yeah i had a BAD lead\n|\n|t:|1697483958\n|-terastallize|p2a: BOZZMAN|Fire\n|move|p2a: BOZZMAN|Sucker Punch|p1b: Articuno\n|-damage|p1b: Articuno|39\/100\n|-damage|p2a: BOZZMAN|1\/100|[from] item: Rocky Helmet|[of] p1b: Articuno\n|move|p1b: Articuno|Ice Beam|p2a: BOZZMAN\n|-resisted|p2a: BOZZMAN\n|-damage|p2a: BOZZMAN|0 fnt\n|faint|p2a: BOZZMAN\n|-end|p2a: BOZZMAN|fallen4|[silent]\n|\n|win|AutumnCookie\n|c|\u2606cassinidivision|close asf....\n|c|\u2606AutumnCookie|Thank you Articuno for your 1% damage\n","uploadtime":1697483993,"views":13,"p1id":"autumncookie","p2id":"cassinidivision","formatid":"gen9nationaldexdoubles","rating":0,"private":0,"password":""}