{"id":"gen9nationaldexdoubles-1993190638","p1":"Kamirami","p2":"Shazamwhich","format":"[Gen 9] National Dex Doubles","log":"|j|\u2606Kamirami\n|j|\u2606Shazamwhich\n|t:|1700275930\n|gametype|doubles\n|player|p1|Kamirami|byron|1339\n|player|p2|Shazamwhich|brendan-gen3|1301\n|teamsize|p1|6\n|teamsize|p2|6\n|gen|9\n|tier|[Gen 9] National Dex Doubles\n|rated|\n|rule|HP Percentage Mod: HP is shown in percentages\n|rule|Endless Battle Clause: Forcing endless battles is banned\n|rule|OHKO Clause: OHKO moves are banned\n|rule|Evasion Moves Clause: Evasion moves are banned\n|rule|Evasion Abilities Clause: Evasion abilities are banned\n|rule|Species Clause: Limit one of each Pok\u00e9mon\n|rule|Gravity Sleep Clause: The combination of sleep-inducing moves with imperfect accuracy and Gravity or Gigantamax Orbeetle are banned\n|clearpoke\n|poke|p1|Naganadel|\n|poke|p1|Grimmsnarl, M|\n|poke|p1|Maushold|\n|poke|p1|Talonflame, F|\n|poke|p1|Farigiraf, M|\n|poke|p1|Clefable, F|\n|poke|p2|Ogerpon-Hearthflame, F|\n|poke|p2|Landorus-Therian, M|\n|poke|p2|Roaring Moon|\n|poke|p2|Amoonguss, F|\n|poke|p2|Gholdengo|\n|poke|p2|Volcanion|\n|teampreview\n|inactive|Battle timer is ON: inactive players will automatically lose when time's up. (requested by Shazamwhich)\n|\n|t:|1700275958\n|start\n|switch|p1a: Grimmsnarl|Grimmsnarl, M|100\/100\n|switch|p1b: Farigiraf|Farigiraf, M|100\/100\n|switch|p2a: Ogerpon|Ogerpon-Hearthflame, F|100\/100\n|switch|p2b: Landorus|Landorus-Therian, M|100\/100\n|-ability|p2b: Landorus|Intimidate|boost\n|-unboost|p1a: Grimmsnarl|atk|1\n|-unboost|p1b: Farigiraf|atk|1\n|-ability|p2a: Ogerpon|Mold Breaker\n|turn|1\n|\n|t:|1700275975\n|move|p1a: Grimmsnarl|Reflect|p1a: Grimmsnarl\n|-sidestart|p1: Kamirami|Reflect\n|move|p2b: Landorus|U-turn|p1b: Farigiraf\n|-supereffective|p1b: Farigiraf\n|-damage|p1b: Farigiraf|67\/100\n|\n|t:|1700275981\n|switch|p2b: Gholdengo|Gholdengo|100\/100|[from] U-turn\n|move|p2a: Ogerpon|Encore|p1a: Grimmsnarl\n|-start|p1a: Grimmsnarl|Encore\n|move|p1b: Farigiraf|Hyper Voice|p2a: Ogerpon|[spread] p2a\n|-immune|p2b: Gholdengo\n|-damage|p2a: Ogerpon|66\/100\n|\n|upkeep\n|turn|2\n|\n|t:|1700275995\n|switch|p1a: Maushold|Maushold|100\/100\n|move|p2b: Gholdengo|Make It Rain|p1a: Maushold|[spread] p1a,p1b\n|-damage|p1a: Maushold|36\/100\n|-damage|p1b: Farigiraf|36\/100\n|-unboost|p2b: Gholdengo|spa|1\n|-enditem|p1b: Farigiraf|Sitrus Berry|[eat]\n|-heal|p1b: Farigiraf|61\/100|[from] item: Sitrus Berry\n|move|p2a: Ogerpon|U-turn|p1b: Farigiraf\n|-supereffective|p1b: Farigiraf\n|-damage|p1b: Farigiraf|29\/100\n|\n|t:|1700276011\n|switch|p2a: Landorus|Landorus-Therian, M|100\/100|[from] U-turn\n|-ability|p2a: Landorus|Intimidate|boost\n|-unboost|p1a: Maushold|atk|1\n|-unboost|p1b: Farigiraf|atk|1\n|move|p1b: Farigiraf|Psychic|p2a: Landorus\n|-damage|p2a: Landorus|48\/100\n|-unboost|p2a: Landorus|spd|1\n|\n|upkeep\n|turn|3\n|\n|t:|1700276030\n|switch|p1a: Grimmsnarl|Grimmsnarl, M|100\/100\n|move|p2b: Gholdengo|Make It Rain|p1b: Farigiraf|[spread] p1a,p1b\n|-supereffective|p1a: Grimmsnarl\n|-damage|p1a: Grimmsnarl|38\/100\n|-damage|p1b: Farigiraf|2\/100\n|-unboost|p2b: Gholdengo|spa|1\n|move|p2a: Landorus|U-turn|p1a: Grimmsnarl\n|-damage|p1a: Grimmsnarl|17\/100\n|\n|t:|1700276044\n|switch|p2a: Roaring Moon|Roaring Moon, shiny|100\/100|[from] U-turn\n|-enditem|p2a: Roaring Moon|Booster Energy\n|-activate|p2a: Roaring Moon|ability: Protosynthesis|[fromitem]\n|-start|p2a: Roaring Moon|protosynthesisspe\n|move|p1b: Farigiraf|Psychic|p2a: Roaring Moon\n|-immune|p2a: Roaring Moon\n|\n|upkeep\n|turn|4\n|\n|t:|1700276058\n|-terastallize|p2a: Roaring Moon|Flying\n|move|p1a: Grimmsnarl|Light Screen|p1a: Grimmsnarl\n|-sidestart|p1: Kamirami|move: Light Screen\n|move|p2a: Roaring Moon|Dragon Dance|p2a: Roaring Moon\n|-boost|p2a: Roaring Moon|atk|1\n|-boost|p2a: Roaring Moon|spe|1\n|move|p2b: Gholdengo|Make It Rain|p1b: Farigiraf|[spread] p1a,p1b\n|-supereffective|p1a: Grimmsnarl\n|-damage|p1a: Grimmsnarl|0 fnt\n|-damage|p1b: Farigiraf|0 fnt\n|-unboost|p2b: Gholdengo|spa|1\n|faint|p1a: Grimmsnarl\n|faint|p1b: Farigiraf\n|\n|upkeep\n|\n|t:|1700276072\n|switch|p1a: Talonflame|Talonflame, F|100\/100\n|switch|p1b: Naganadel|Naganadel|100\/100\n|turn|5\n|\n|t:|1700276097\n|switch|p2b: Landorus|Landorus-Therian, M|48\/100\n|-ability|p2b: Landorus|Intimidate|boost\n|-unboost|p1a: Talonflame|atk|1\n|-unboost|p1b: Naganadel|atk|1\n|move|p1a: Talonflame|Tailwind|p1a: Talonflame\n|-sidestart|p1: Kamirami|move: Tailwind\n|move|p2a: Roaring Moon|Acrobatics|p1b: Naganadel\n|-damage|p1b: Naganadel|17\/100\n|move|p1b: Naganadel|Substitute|p1b: Naganadel\n|-fail|p1b: Naganadel|move: Substitute|[weak]\n|\n|-heal|p1b: Naganadel|23\/100|[from] item: Leftovers\n|upkeep\n|turn|6\n|\n|t:|1700276120\n|switch|p1b: Maushold|Maushold|36\/100\n|move|p2a: Roaring Moon|Acrobatics|p1b: Maushold\n|-damage|p1b: Maushold|0 fnt\n|faint|p1b: Maushold\n|move|p1a: Talonflame|Sunny Day|p1a: Talonflame\n|-weather|SunnyDay\n|move|p2b: Landorus|Rock Slide|p1a: Talonflame\n|-supereffective|p1a: Talonflame\n|-enditem|p1a: Talonflame|Focus Sash\n|-damage|p1a: Talonflame|1\/100\n|\n|-weather|SunnyDay|[upkeep]\n|upkeep\n|\n|t:|1700276131\n|switch|p1b: Clefable|Clefable, F|100\/100\n|turn|7\n|\n|t:|1700276136\n|move|p2a: Roaring Moon|Iron Head|p1b: Clefable\n|-supereffective|p1b: Clefable\n|-damage|p1b: Clefable|66\/100\n|move|p1a: Talonflame|Flare Blitz|p2b: Landorus\n|-damage|p2b: Landorus|0 fnt\n|faint|p2b: Landorus\n|-damage|p1a: Talonflame|0 fnt|[from] Recoil\n|faint|p1a: Talonflame\n|move|p1b: Clefable|Soft-Boiled|p1b: Clefable\n|-heal|p1b: Clefable|100\/100\n|\n|-weather|SunnyDay|[upkeep]\n|upkeep\n|\n|t:|1700276148\n|switch|p1a: Naganadel|Naganadel|23\/100\n|switch|p2b: Ogerpon|Ogerpon-Hearthflame, F|66\/100\n|-ability|p2b: Ogerpon|Mold Breaker\n|turn|8\n|\n|t:|1700276158\n|-terastallize|p1a: Naganadel|Fire\n|move|p1b: Clefable|Follow Me|p1b: Clefable\n|-singleturn|p1b: Clefable|move: Follow Me\n|move|p2a: Roaring Moon|Acrobatics|p1b: Clefable\n|-damage|p1b: Clefable|65\/100\n|move|p1a: Naganadel|Heat Wave|p2a: Roaring Moon|[spread] p2a,p2b\n|-damage|p2a: Roaring Moon|51\/100\n|-damage|p2b: Ogerpon|4\/100\n|-status|p2a: Roaring Moon|brn\n|move|p2b: Ogerpon|Encore|p1b: Clefable\n|-start|p1b: Clefable|Encore\n|\n|-weather|SunnyDay|[upkeep]\n|-heal|p1a: Naganadel|29\/100|[from] item: Leftovers\n|-damage|p2a: Roaring Moon|46\/100 brn|[from] brn\n|-sideend|p1: Kamirami|Reflect\n|-sideend|p1: Kamirami|move: Tailwind\n|upkeep\n|turn|9\n|c|\u2606Shazamwhich|gg\n|\n|t:|1700276184\n|move|p1b: Clefable|Follow Me|p1b: Clefable\n|-singleturn|p1b: Clefable|move: Follow Me\n|move|p2a: Roaring Moon|Iron Head|p1b: Clefable\n|-supereffective|p1b: Clefable\n|-damage|p1b: Clefable|39\/100\n|-enditem|p1b: Clefable|Sitrus Berry|[eat]\n|-heal|p1b: Clefable|64\/100|[from] item: Sitrus Berry\n|move|p2b: Ogerpon|Horn Leech|p1b: Clefable\n|-damage|p1b: Clefable|25\/100\n|-heal|p2b: Ogerpon|29\/100|[from] drain|[of] p1b: Clefable\n|move|p1a: Naganadel|Heat Wave|p2a: Roaring Moon|[spread] p2a,p2b\n|-damage|p2a: Roaring Moon|0 fnt\n|-damage|p2b: Ogerpon|0 fnt\n|faint|p2a: Roaring Moon\n|-end|p2a: Roaring Moon|Protosynthesis|[silent]\n|faint|p2b: Ogerpon\n|-ability|p1a: Naganadel|Beast Boost|boost\n|-boost|p1a: Naganadel|spa|2\n|\n|-weather|SunnyDay|[upkeep]\n|-heal|p1a: Naganadel|35\/100|[from] item: Leftovers\n|upkeep\n|inactive|Shazamwhich has 120 seconds left.\n|\n|t:|1700276204\n|switch|p2a: Volcanion|Volcanion|100\/100\n|switch|p2b: Gholdengo|Gholdengo|100\/100\n|turn|10\n|inactive|Shazamwhich has 120 seconds left.\n|\n|t:|1700276227\n|move|p1b: Clefable|Follow Me|p1b: Clefable\n|-singleturn|p1b: Clefable|move: Follow Me\n|move|p2b: Gholdengo|Make It Rain|p1a: Naganadel|[spread] p1a,p1b\n|-resisted|p1a: Naganadel\n|-supereffective|p1b: Clefable\n|-damage|p1a: Naganadel|15\/100\n|-damage|p1b: Clefable|0 fnt\n|-unboost|p2b: Gholdengo|spa|1\n|faint|p1b: Clefable\n|move|p1a: Naganadel|Heat Wave|p2a: Volcanion|[spread] p2a,p2b\n|-resisted|p2a: Volcanion\n|-supereffective|p2b: Gholdengo\n|-damage|p2a: Volcanion|84\/100\n|-damage|p2b: Gholdengo|0 fnt\n|faint|p2b: Gholdengo\n|-ability|p1a: Naganadel|Beast Boost|boost\n|-boost|p1a: Naganadel|spa|1\n|move|p2a: Volcanion|Steam Eruption|p1a: Naganadel\n|-supereffective|p1a: Naganadel\n|-damage|p1a: Naganadel|0 fnt\n|faint|p1a: Naganadel\n|\n|win|Shazamwhich\n|raw|Kamirami's rating: 1339 &rarr; <strong>1317<\/strong><br \/>(-22 for losing)\n|raw|Shazamwhich's rating: 1301 &rarr; <strong>1323<\/strong><br \/>(+22 for winning)\n|l|\u2606Kamirami\n","uploadtime":1700276247,"views":17,"p1id":"kamirami","p2id":"shazamwhich","formatid":"gen9nationaldexdoubles","rating":1317,"private":0,"password":""}