{"id":"gen9nationaldexdoubles-1992808814","p1":"jgjvg","p2":"Trishlikefish69","format":"[Gen 9] National Dex Doubles","log":"|j|\u2606jgjvg\n|j|\u2606Trishlikefish69\n|t:|1700237298\n|gametype|doubles\n|player|p1|jgjvg|veteran|1101\n|player|p2|Trishlikefish69|iris-gen5bw2|1034\n|teamsize|p1|6\n|teamsize|p2|6\n|gen|9\n|tier|[Gen 9] National Dex Doubles\n|rated|\n|rule|HP Percentage Mod: HP is shown in percentages\n|rule|Endless Battle Clause: Forcing endless battles is banned\n|rule|OHKO Clause: OHKO moves are banned\n|rule|Evasion Moves Clause: Evasion moves are banned\n|rule|Evasion Abilities Clause: Evasion abilities are banned\n|rule|Species Clause: Limit one of each Pok\u00e9mon\n|rule|Gravity Sleep Clause: The combination of sleep-inducing moves with imperfect accuracy and Gravity or Gigantamax Orbeetle are banned\n|clearpoke\n|poke|p1|Eevee, M|\n|poke|p1|Krookodile, M|\n|poke|p1|Smeargle, F|\n|poke|p1|Espeon, M|\n|poke|p1|Clefairy, F|\n|poke|p1|Cottonee, M|\n|poke|p2|Gastrodon-East, M|\n|poke|p2|Armarouge, F|\n|poke|p2|Ursaluna, M|\n|poke|p2|Sinistcha-Masterpiece|\n|poke|p2|Fezandipiti, M|\n|poke|p2|Farigiraf, M|\n|teampreview\n|\n|t:|1700237314\n|start\n|switch|p1a: Eevee|Eevee, M|100\/100\n|switch|p1b: Clefairy|Clefairy, F|100\/100\n|switch|p2a: Fezandipiti|Fezandipiti, M|100\/100\n|switch|p2b: Ursaluna|Ursaluna, M|100\/100\n|turn|1\n|\n|t:|1700237324\n|move|p1b: Clefairy|Follow Me|p1b: Clefairy\n|-singleturn|p1b: Clefairy|move: Follow Me\n|move|p2a: Fezandipiti|Double Kick|p1b: Clefairy\n|-resisted|p1b: Clefairy\n|-damage|p1b: Clefairy|94\/100\n|-resisted|p1b: Clefairy\n|-damage|p1b: Clefairy|89\/100\n|-hitcount|p1b: Clefairy|2\n|move|p2b: Ursaluna|Facade|p1b: Clefairy\n|-damage|p1b: Clefairy|62\/100\n|-zpower|p1a: Eevee\n|move|p1a: Eevee|Extreme Evoboost|p1a: Eevee\n|-boost|p1a: Eevee|atk|2\n|-boost|p1a: Eevee|def|2\n|-boost|p1a: Eevee|spa|2\n|-boost|p1a: Eevee|spd|2\n|-boost|p1a: Eevee|spe|2\n|\n|-status|p2b: Ursaluna|brn|[from] item: Flame Orb\n|upkeep\n|turn|2\n|\n|t:|1700237344\n|move|p1b: Clefairy|Follow Me|p1b: Clefairy\n|-singleturn|p1b: Clefairy|move: Follow Me\n|move|p1a: Eevee|Baton Pass|p1a: Eevee\n|\n|t:|1700237354\n|switch|p1a: Krookodile|Krookodile, M|100\/100|[from] Baton Pass\n|move|p2a: Fezandipiti|Double Kick|p1b: Clefairy\n|-resisted|p1b: Clefairy\n|-damage|p1b: Clefairy|56\/100\n|-resisted|p1b: Clefairy\n|-damage|p1b: Clefairy|49\/100\n|-hitcount|p1b: Clefairy|2\n|move|p2b: Ursaluna|Facade|p1b: Clefairy\n|-damage|p1b: Clefairy|0 fnt\n|faint|p1b: Clefairy\n|\n|-damage|p2b: Ursaluna|94\/100 brn|[from] brn\n|upkeep\n|\n|t:|1700237369\n|switch|p1b: Espeon|Espeon, M|100\/100\n|turn|3\n|\n|t:|1700237384\n|-terastallize|p1a: Krookodile|Ground\n|move|p1a: Krookodile|Power Trip|p2b: Ursaluna\n|-damage|p2b: Ursaluna|0 fnt\n|faint|p2b: Ursaluna\n|-ability|p1a: Krookodile|Moxie|boost\n|-boost|p1a: Krookodile|atk|1\n|move|p1b: Espeon|Psych Up|p1a: Krookodile\n|-copyboost|p1b: Espeon|p1a: Krookodile|[from] move: Psych Up\n|move|p2a: Fezandipiti|Double Kick|p1a: Krookodile\n|-damage|p1a: Krookodile|91\/100\n|-damage|p1a: Krookodile|81\/100\n|-hitcount|p1a: Krookodile|2\n|\n|upkeep\n|\n|t:|1700237395\n|switch|p2b: Farigiraf|Farigiraf, M, shiny|100\/100\n|turn|4\n|\n|t:|1700237406\n|switch|p2a: Gastrodon|Gastrodon-East, M, shiny|100\/100\n|move|p1b: Espeon|Stored Power|p2a: Gastrodon\n|-damage|p2a: Gastrodon|0 fnt\n|faint|p2a: Gastrodon\n|move|p1a: Krookodile|Power Trip|p2b: Farigiraf\n|-supereffective|p2b: Farigiraf\n|-damage|p2b: Farigiraf|0 fnt\n|faint|p2b: Farigiraf\n|-ability|p1a: Krookodile|Moxie|boost\n|-boost|p1a: Krookodile|atk|1\n|\n|upkeep\n|\n|t:|1700237413\n|switch|p2b: Sinistcha|Sinistcha-Masterpiece, shiny|100\/100\n|switch|p2a: Armarouge|Armarouge, F|100\/100\n|turn|5\n|\n|t:|1700237430\n|-terastallize|p2b: Sinistcha|Dragon\n|move|p1b: Espeon|Stored Power|p2b: Sinistcha\n|-damage|p2b: Sinistcha|0 fnt\n|faint|p2b: Sinistcha\n|move|p1a: Krookodile|Power Trip|p2a: Armarouge\n|-supereffective|p2a: Armarouge\n|-damage|p2a: Armarouge|0 fnt\n|faint|p2a: Armarouge\n|-ability|p1a: Krookodile|Moxie|boost\n|-boost|p1a: Krookodile|atk|1\n|\n|upkeep\n|\n|t:|1700237435\n|switch|p2b: Fezandipiti|Fezandipiti, M|100\/100\n|turn|6\n|c|\u2606Trishlikefish69|K\n|c|\u2606Trishlikefish69|Y\n|c|\u2606Trishlikefish69|S\n|\n|t:|1700237454\n|move|p1b: Espeon|Stored Power|p2b: Fezandipiti\n|-supereffective|p2b: Fezandipiti\n|-damage|p2b: Fezandipiti|0 fnt\n|faint|p2b: Fezandipiti\n|\n|win|jgjvg\n|raw|jgjvg's rating: 1101 &rarr; <strong>1121<\/strong><br \/>(+20 for winning)\n|raw|Trishlikefish69's rating: 1034 &rarr; <strong>1022<\/strong><br \/>(-12 for losing)\n|c|\u2606jgjvg|Gg\n|l|\u2606Trishlikefish69\n","uploadtime":1700237487,"views":5,"p1id":"jgjvg","p2id":"trishlikefish69","formatid":"gen9nationaldexdoubles","rating":1022,"private":0,"password":""}