{"id":"gen9nationaldexdoubles-1992468888","p1":"maiothegreat","p2":"El Ryuk456","format":"[Gen 9] National Dex Doubles","log":"|j|\u203dmaiothegreat\n|j|\u2606El Ryuk456\n|t:|1700191348\n|gametype|doubles\n|player|p1|maiothegreat|102|1150\n|player|p2|El Ryuk456|ingo|1355\n|teamsize|p1|6\n|teamsize|p2|6\n|gen|9\n|tier|[Gen 9] National Dex Doubles\n|rated|\n|rule|HP Percentage Mod: HP is shown in percentages\n|rule|Endless Battle Clause: Forcing endless battles is banned\n|rule|OHKO Clause: OHKO moves are banned\n|rule|Evasion Moves Clause: Evasion moves are banned\n|rule|Evasion Abilities Clause: Evasion abilities are banned\n|rule|Species Clause: Limit one of each Pok\u00e9mon\n|rule|Gravity Sleep Clause: The combination of sleep-inducing moves with imperfect accuracy and Gravity or Gigantamax Orbeetle are banned\n|clearpoke\n|poke|p1|Gastrodon, F|\n|poke|p1|Appletun, F|\n|poke|p1|Gengar, M|\n|poke|p1|Exploud, M|\n|poke|p1|Electrode|\n|poke|p1|Charizard, F|\n|poke|p2|Celesteela|\n|poke|p2|Thundurus, M|\n|poke|p2|Ting-Lu|\n|poke|p2|Gardevoir, F|\n|poke|p2|Blastoise, M|\n|poke|p2|Blaziken, M|\n|teampreview\n|inactive|Battle timer is ON: inactive players will automatically lose when time's up. (requested by El Ryuk456)\n|\n|t:|1700191361\n|start\n|switch|p1a: Exploud|Exploud, M|100\/100\n|switch|p1b: Electrode|Electrode|100\/100\n|switch|p2a: Inferno|Blaziken, M|100\/100\n|switch|p2b: Harbor|Blastoise, M|100\/100\n|turn|1\n|\n|t:|1700191372\n|-terastallize|p1a: Exploud|Ghost\n|move|p1b: Electrode|Helping Hand|p1a: Exploud\n|-singleturn|p1a: Exploud|Helping Hand|[of] p1b: Electrode\n|move|p2b: Harbor|Fake Out|p1a: Exploud\n|-immune|p1a: Exploud\n|move|p2a: Inferno|Bulk Up|p2a: Inferno\n|-boost|p2a: Inferno|atk|1\n|-boost|p2a: Inferno|def|1\n|move|p1a: Exploud|Boomburst|p2b: Harbor|[spread] p2a,p2b\n|-immune|p1b: Electrode|[from] ability: Soundproof\n|-damage|p2a: Inferno|0 fnt\n|-damage|p2b: Harbor|15\/100\n|-enditem|p2b: Harbor|Sitrus Berry|[eat]\n|-heal|p2b: Harbor|40\/100|[from] item: Sitrus Berry\n|faint|p2a: Inferno\n|\n|upkeep\n|\n|t:|1700191378\n|switch|p2a: Inner Peace|Ting-Lu|100\/100\n|-ability|p2a: Inner Peace|Vessel of Ruin\n|turn|2\n|\n|t:|1700191393\n|move|p1b: Electrode|Helping Hand|p1a: Exploud\n|-singleturn|p1a: Exploud|Helping Hand|[of] p1b: Electrode\n|move|p2b: Harbor|Life Dew||[still]|[spread] p2a,p2b\n|-fail|p2a: Inner Peace|heal\n|-heal|p2b: Harbor|65\/100\n|move|p1a: Exploud|Boomburst|p2b: Harbor|[spread] p2a,p2b\n|-immune|p1b: Electrode|[from] ability: Soundproof\n|-damage|p2a: Inner Peace|65\/100\n|-damage|p2b: Harbor|0 fnt\n|faint|p2b: Harbor\n|move|p2a: Inner Peace|Snarl|p1b: Electrode|[spread] p1a\n|-immune|p1b: Electrode|[from] ability: Soundproof\n|-supereffective|p1a: Exploud\n|-damage|p1a: Exploud|82\/100\n|-unboost|p1a: Exploud|spa|1\n|\n|upkeep\n|\n|t:|1700191403\n|switch|p2b: Strike|Thundurus, M|100\/100\n|turn|3\n|\n|t:|1700191412\n|move|p1b: Electrode|Helping Hand|p1a: Exploud\n|-singleturn|p1a: Exploud|Helping Hand|[of] p1b: Electrode\n|move|p2b: Strike|Eerie Impulse|p1a: Exploud\n|-unboost|p1a: Exploud|spa|2\n|move|p1a: Exploud|Boomburst|p2b: Strike|[spread] p2a,p2b\n|-immune|p1b: Electrode|[from] ability: Soundproof\n|-damage|p2a: Inner Peace|51\/100\n|-damage|p2b: Strike|72\/100\n|move|p2a: Inner Peace|Snarl|p1a: Exploud|[spread] p1a\n|-immune|p1b: Electrode|[from] ability: Soundproof\n|-supereffective|p1a: Exploud\n|-damage|p1a: Exploud|66\/100\n|-unboost|p1a: Exploud|spa|1\n|\n|upkeep\n|turn|4\n|inactive|maiothegreat has 120 seconds left.\n|\n|t:|1700191443\n|switch|p1b: Gastrodon|Gastrodon, F|100\/100\n|switch|p1a: Appletun|Appletun, F|100\/100\n|move|p2b: Strike|Thunder Wave|p1a: Appletun\n|-status|p1a: Appletun|par\n|move|p2a: Inner Peace|Stomping Tantrum|p1b: Gastrodon\n|-damage|p1b: Gastrodon|64\/100\n|\n|upkeep\n|turn|5\n|\n|t:|1700191457\n|switch|p2a: Antonieta|Celesteela|100\/100\n|move|p2b: Strike|Hidden Power|p1a: Appletun\n|-supereffective|p1a: Appletun\n|-damage|p1a: Appletun|37\/100 par\n|-enditem|p1a: Appletun|Figy Berry|[eat]\n|-heal|p1a: Appletun|71\/100 par|[from] item: Figy Berry\n|move|p1b: Gastrodon|Waterfall|p2a: Antonieta\n|-crit|p2a: Antonieta\n|-damage|p2a: Antonieta|49\/100\n|-damage|p1b: Gastrodon|54\/100|[from] item: Life Orb\n|move|p1a: Appletun|Leech Seed|p2b: Strike\n|-start|p2b: Strike|move: Leech Seed\n|\n|-heal|p2a: Antonieta|55\/100|[from] item: Leftovers\n|-damage|p2b: Strike|60\/100|[from] Leech Seed|[of] p1a: Appletun\n|-heal|p1a: Appletun|83\/100 par|[silent]\n|upkeep\n|turn|6\n|\n|t:|1700191483\n|switch|p2b: Belle|Gardevoir, F, shiny|100\/100\n|-ability|p2b: Belle|Storm Drain|[from] ability: Trace|[of] p1b: Gastrodon\n|switch|p1b: Electrode|Electrode|100\/100\n|move|p2a: Antonieta|Substitute|p2a: Antonieta\n|-start|p2a: Antonieta|Substitute\n|-damage|p2a: Antonieta|30\/100\n|move|p1a: Appletun|Leech Seed|p2b: Belle\n|-start|p2b: Belle|move: Leech Seed\n|\n|-heal|p2a: Antonieta|36\/100|[from] item: Leftovers\n|-damage|p2b: Belle|88\/100|[from] Leech Seed|[of] p1a: Appletun\n|-heal|p1a: Appletun|95\/100 par|[silent]\n|upkeep\n|turn|7\n|\n|t:|1700191505\n|switch|p2b: Inner Peace|Ting-Lu|51\/100\n|-ability|p2b: Inner Peace|Vessel of Ruin\n|-terastallize|p2a: Antonieta|Ground\n|move|p1b: Electrode|Zap Cannon|p2a: Antonieta\n|-immune|p2a: Antonieta\n|move|p2a: Antonieta|Leech Seed|p1b: Electrode\n|-start|p1b: Electrode|move: Leech Seed\n|cant|p1a: Appletun|par\n|\n|-heal|p2a: Antonieta|42\/100|[from] item: Leftovers\n|-damage|p1b: Electrode|88\/100|[from] Leech Seed|[of] p2a: Antonieta\n|-heal|p2a: Antonieta|51\/100|[silent]\n|upkeep\n|turn|8\n|\n|t:|1700191524\n|move|p1b: Electrode|Helping Hand|p1a: Appletun\n|-singleturn|p1a: Appletun|Helping Hand|[of] p1b: Electrode\n|move|p2a: Antonieta|Heavy Slam|p1a: Appletun\n|-damage|p1a: Appletun|59\/100 par\n|move|p2b: Inner Peace|Stomping Tantrum|p1b: Electrode\n|-supereffective|p1b: Electrode\n|-damage|p1b: Electrode|0 fnt\n|faint|p1b: Electrode\n|cant|p1a: Appletun|par\n|\n|-heal|p2a: Antonieta|57\/100|[from] item: Leftovers\n|upkeep\n|\n|t:|1700191538\n|switch|p1b: Charizard|Charizard, F|100\/100\n|turn|9\n|\n|t:|1700191544\n|detailschange|p1b: Charizard|Charizard-Mega-Y, F\n|-mega|p1b: Charizard|Charizard|Charizardite Y\n|-weather|SunnyDay|[from] ability: Drought|[of] p1b: Charizard\n|move|p2a: Antonieta|Protect|p2a: Antonieta\n|-singleturn|p2a: Antonieta|Protect\n|move|p1b: Charizard|Air Cutter|p2b: Inner Peace|[spread] p2b\n|-activate|p2a: Antonieta|move: Protect\n|-damage|p2b: Inner Peace|42\/100\n|move|p2b: Inner Peace|Rock Slide|p1b: Charizard|[spread] p1b\n|-miss|p2b: Inner Peace|p1a: Appletun\n|-supereffective|p1b: Charizard\n|-damage|p1b: Charizard|17\/100\n|move|p1a: Appletun|Giga Drain|p2b: Inner Peace\n|-supereffective|p2b: Inner Peace\n|-damage|p2b: Inner Peace|24\/100\n|-heal|p1a: Appletun|71\/100 par|[from] drain|[of] p2b: Inner Peace\n|\n|-weather|SunnyDay|[upkeep]\n|-heal|p2a: Antonieta|63\/100|[from] item: Leftovers\n|upkeep\n|turn|10\n|\n|t:|1700191567\n|move|p1b: Charizard|Air Cutter|p2a: Antonieta|[spread] p2a,p2b\n|-activate|p2a: Antonieta|move: Substitute|[damage]\n|-damage|p2b: Inner Peace|13\/100\n|move|p2a: Antonieta|Heavy Slam|p1b: Charizard\n|-resisted|p1b: Charizard\n|-damage|p1b: Charizard|0 fnt\n|faint|p1b: Charizard\n|-ability|p2a: Antonieta|Beast Boost|boost\n|-boost|p2a: Antonieta|atk|1\n|move|p2b: Inner Peace|Rock Slide|p1a: Appletun\n|-damage|p1a: Appletun|53\/100 par\n|move|p1a: Appletun|Leech Seed|p2b: Inner Peace\n|-start|p2b: Inner Peace|move: Leech Seed\n|\n|-weather|SunnyDay|[upkeep]\n|-heal|p2a: Antonieta|70\/100|[from] item: Leftovers\n|-damage|p2b: Inner Peace|0 fnt|[from] Leech Seed|[of] p1a: Appletun\n|-heal|p1a: Appletun|69\/100 par|[silent]\n|faint|p2b: Inner Peace\n|upkeep\n|\n|t:|1700191586\n|switch|p1b: Exploud|Exploud, M, tera:Ghost|66\/100\n|switch|p2b: Strike|Thundurus, M|60\/100\n|turn|11\n|\n|t:|1700191594\n|move|p2a: Antonieta|Protect|p2a: Antonieta\n|-singleturn|p2a: Antonieta|Protect\n|move|p2b: Strike|Eerie Impulse|p1b: Exploud\n|-unboost|p1b: Exploud|spa|2\n|move|p1b: Exploud|Boomburst|p2b: Strike|[spread] p1a,p2b\n|-activate|p2a: Antonieta|move: Protect\n|-damage|p1a: Appletun|38\/100 par\n|-damage|p2b: Strike|29\/100\n|move|p1a: Appletun|Recycle|p1a: Appletun\n|-item|p1a: Appletun|Figy Berry|[from] move: Recycle\n|-enditem|p1a: Appletun|Figy Berry|[eat]\n|-heal|p1a: Appletun|71\/100 par|[from] item: Figy Berry\n|\n|-weather|SunnyDay|[upkeep]\n|-heal|p2a: Antonieta|76\/100|[from] item: Leftovers\n|upkeep\n|turn|12\n|\n|t:|1700191619\n|switch|p1b: Gengar|Gengar, M|100\/100\n|move|p2b: Strike|Hidden Power|p1a: Appletun\n|-supereffective|p1a: Appletun\n|-damage|p1a: Appletun|7\/100 par\n|move|p2a: Antonieta|Heavy Slam|p1b: Gengar\n|-damage|p1b: Gengar|0 fnt\n|faint|p1b: Gengar\n|-ability|p2a: Antonieta|Beast Boost|boost\n|-boost|p2a: Antonieta|atk|1\n|move|p1a: Appletun|Leech Seed|p2b: Strike\n|-start|p2b: Strike|move: Leech Seed\n|\n|-weather|SunnyDay|[upkeep]\n|-heal|p2a: Antonieta|82\/100|[from] item: Leftovers\n|-damage|p2b: Strike|17\/100|[from] Leech Seed|[of] p1a: Appletun\n|-heal|p1a: Appletun|20\/100 par|[silent]\n|upkeep\n|inactive|maiothegreat has 120 seconds left.\n|\n|t:|1700191635\n|switch|p1b: Gastrodon|Gastrodon, F|54\/100\n|turn|13\n|\n|t:|1700191654\n|switch|p2b: Belle|Gardevoir, F, shiny|88\/100\n|-ability|p2b: Belle|Storm Drain|[from] ability: Trace|[of] p1b: Gastrodon\n|move|p2a: Antonieta|Heavy Slam|p1a: Appletun\n|-damage|p1a: Appletun|0 fnt\n|faint|p1a: Appletun\n|-ability|p2a: Antonieta|Beast Boost|boost\n|-boost|p2a: Antonieta|atk|1\n|move|p1b: Gastrodon|Waterfall|p2b: Belle\n|-ability|p2b: Belle|Storm Drain|boost\n|-boost|p2b: Belle|spa|1\n|\n|-weather|none\n|-heal|p2a: Antonieta|88\/100|[from] item: Leftovers\n|upkeep\n|inactive|maiothegreat has 120 seconds left.\n|-message|maiothegreat forfeited.\n|\n|win|El Ryuk456\n|raw|maiothegreat's rating: 1150 &rarr; <strong>1138<\/strong><br \/>(-12 for losing)\n|raw|El Ryuk456's rating: 1355 &rarr; <strong>1364<\/strong><br \/>(+9 for winning)\n|l|\u203dmaiothegreat\n","uploadtime":1700191677,"views":8,"p1id":"maiothegreat","p2id":"elryuk456","formatid":"gen9nationaldexdoubles","rating":1138,"private":0,"password":""}