{"id":"gen9nationaldexdoubles-1947649346","p1":"moolacat","p2":"user58342485","format":"[Gen 9] National Dex Doubles","log":"|j|\u2606moolacat\n|j|\u2606user58342485\n|t:|1695181936\n|gametype|doubles\n|player|p1|moolacat|gardenia|1263\n|player|p2|user58342485|pokemaniac|1525\n|teamsize|p1|6\n|teamsize|p2|6\n|gen|9\n|tier|[Gen 9] National Dex Doubles\n|rated|\n|rule|HP Percentage Mod: HP is shown in percentages\n|rule|Endless Battle Clause: Forcing endless battles is banned\n|rule|OHKO Clause: OHKO moves are banned\n|rule|Evasion Moves Clause: Evasion moves are banned\n|rule|Evasion Abilities Clause: Evasion abilities are banned\n|rule|Species Clause: Limit one of each Pok\u00e9mon\n|rule|Gravity Sleep Clause: The combination of sleep-inducing moves with imperfect accuracy and Gravity or Gigantamax Orbeetle are banned\n|clearpoke\n|poke|p1|Pelipper, F|\n|poke|p1|Duraludon, M|\n|poke|p1|Kabutops, M|\n|poke|p1|Blastoise, F|\n|poke|p1|Tornadus, M|\n|poke|p1|Beartic, F|\n|poke|p2|Rillaboom, M|\n|poke|p2|Salamence, F|\n|poke|p2|Volcanion|\n|poke|p2|Chien-Pao|\n|poke|p2|Flutter Mane|\n|poke|p2|Ogerpon-Cornerstone, F|\n|teampreview\n|inactive|Battle timer is ON: inactive players will automatically lose when time's up. (requested by user58342485)\n|inactive|moolacat also wants the timer to be on.\n|c|\u2606moolacat|im not stuck with you\n|c|\u2606moolacat|your stuck with me\n|\n|t:|1695181961\n|start\n|switch|p1a: pel|Pelipper, F|100\/100\n|switch|p1b: Kabutops|Kabutops, M|100\/100\n|switch|p2a: Rillaboom|Rillaboom, M|100\/100\n|switch|p2b: Volcanion|Volcanion|100\/100\n|-fieldstart|move: Grassy Terrain|[from] ability: Grassy Surge|[of] p2a: Rillaboom\n|-weather|RainDance|[from] ability: Drizzle|[of] p1a: pel\n|turn|1\n|\n|t:|1695181991\n|switch|p1b: arch|Duraludon, M|100\/100\n|move|p2a: Rillaboom|Grassy Glide|p1a: pel\n|-damage|p1a: pel|59\/100\n|move|p2b: Volcanion|Steam Eruption|p1a: pel\n|-resisted|p1a: pel\n|-damage|p1a: pel|1\/100\n|-status|p1a: pel|brn\n|move|p1a: pel|Hurricane|p2a: Rillaboom\n|-supereffective|p2a: Rillaboom\n|-damage|p2a: Rillaboom|40\/100\n|\n|-weather|RainDance|[upkeep]\n|-heal|p2a: Rillaboom|46\/100|[from] Grassy Terrain\n|-damage|p1a: pel|0 fnt|[from] brn\n|faint|p1a: pel\n|upkeep\n|\n|t:|1695182004\n|switch|p1a: Beartic|Beartic, F|100\/100\n|turn|2\n|inactive|user58342485 has 120 seconds left.\n|\n|t:|1695182038\n|switch|p2a: Salamence|Salamence, F|100\/100\n|-ability|p2a: Salamence|Intimidate|boost\n|-unboost|p1a: Beartic|atk|1\n|-unboost|p1b: arch|atk|1\n|move|p1a: Beartic|Icicle Crash|p2a: Salamence\n|-supereffective|p2a: Salamence\n|-damage|p2a: Salamence|0 fnt\n|faint|p2a: Salamence\n|move|p1b: arch|Thunder|p2b: Volcanion\n|-supereffective|p2b: Volcanion\n|-damage|p2b: Volcanion|45\/100\n|move|p2b: Volcanion|Earth Power|p1b: arch\n|-supereffective|p1b: arch\n|-damage|p1b: arch|0 fnt\n|faint|p1b: arch\n|\n|-weather|RainDance|[upkeep]\n|-heal|p2b: Volcanion|51\/100|[from] Grassy Terrain\n|upkeep\n|inactive|user58342485 has 120 seconds left.\n|\n|t:|1695182074\n|switch|p2a: Ogerpon|Ogerpon-Cornerstone, F|100\/100\n|switch|p1b: Kabutops|Kabutops, M|100\/100\n|turn|3\n|inactive|user58342485 has 120 seconds left.\n|\n|t:|1695182090\n|move|p2a: Ogerpon|Protect|p2a: Ogerpon\n|-singleturn|p2a: Ogerpon|Protect\n|move|p1b: Kabutops|Flip Turn|p2a: Ogerpon\n|-activate|p2a: Ogerpon|move: Protect\n|move|p1a: Beartic|Icicle Crash|p2a: Ogerpon\n|-activate|p2a: Ogerpon|move: Protect\n|move|p2b: Volcanion|Earth Power|p1b: Kabutops\n|-supereffective|p1b: Kabutops\n|-damage|p1b: Kabutops|0 fnt\n|faint|p1b: Kabutops\n|\n|-weather|RainDance|[upkeep]\n|-heal|p2b: Volcanion|57\/100|[from] Grassy Terrain\n|upkeep\n|\n|t:|1695182095\n|switch|p1b: Tornadus|Tornadus, M|100\/100\n|turn|4\n|inactive|user58342485 has 120 seconds left.\n|\n|t:|1695182152\n|switch|p2a: Chien-Pao|Chien-Pao|100\/100\n|-ability|p2a: Chien-Pao|Sword of Ruin\n|move|p1a: Beartic|Icicle Crash|p2a: Chien-Pao\n|-resisted|p2a: Chien-Pao\n|-damage|p2a: Chien-Pao|70\/100\n|move|p1b: Tornadus|Bleakwind Storm|p2a: Chien-Pao|[spread] p2a,p2b\n|-crit|p2b: Volcanion\n|-damage|p2a: Chien-Pao|5\/100\n|-damage|p2b: Volcanion|14\/100\n|-unboost|p2a: Chien-Pao|spe|1\n|move|p2b: Volcanion|Steam Eruption|p1b: Tornadus|[miss]\n|-miss|p2b: Volcanion|p1b: Tornadus\n|\n|-weather|RainDance|[upkeep]\n|-heal|p2a: Chien-Pao|11\/100|[from] Grassy Terrain\n|-heal|p2b: Volcanion|20\/100|[from] Grassy Terrain\n|upkeep\n|turn|5\n|inactive|user58342485 has 90 seconds left.\n|\n|t:|1695182186\n|move|p2a: Chien-Pao|Sucker Punch|p1a: Beartic\n|-damage|p1a: Beartic|48\/100\n|move|p1a: Beartic|Icicle Crash|p2a: Chien-Pao|[miss]\n|-miss|p1a: Beartic|p2a: Chien-Pao\n|move|p1b: Tornadus|Bleakwind Storm|p2a: Chien-Pao|[spread] p2a,p2b\n|-damage|p2a: Chien-Pao|0 fnt\n|-damage|p2b: Volcanion|0 fnt\n|faint|p2a: Chien-Pao\n|faint|p2b: Volcanion\n|\n|-weather|RainDance|[upkeep]\n|-heal|p1a: Beartic|54\/100|[from] Grassy Terrain\n|-fieldend|move: Grassy Terrain\n|upkeep\n|inactive|user58342485 has 90 seconds left.\n|\n|t:|1695182206\n|switch|p2a: Rillaboom|Rillaboom, M|46\/100\n|switch|p2b: Flutter Mane|Flutter Mane|100\/100\n|-fieldstart|move: Grassy Terrain|[from] ability: Grassy Surge|[of] p2a: Rillaboom\n|turn|6\n|inactive|user58342485 has 90 seconds left.\n|\n|t:|1695182228\n|-terastallize|p2a: Rillaboom|Rock\n|move|p2a: Rillaboom|Fake Out|p1b: Tornadus\n|-damage|p1b: Tornadus|79\/100\n|move|p1a: Beartic|Icicle Crash|p2a: Rillaboom\n|-damage|p2a: Rillaboom|3\/100\n|move|p2b: Flutter Mane|Dazzling Gleam|p1b: Tornadus|[spread] p1a,p1b\n|-damage|p1a: Beartic|0 fnt\n|-damage|p1b: Tornadus|9\/100\n|faint|p1a: Beartic\n|cant|p1b: Tornadus|flinch\n|\n|-weather|RainDance|[upkeep]\n|-heal|p1b: Tornadus|15\/100|[from] item: Leftovers\n|-heal|p2a: Rillaboom|9\/100|[from] Grassy Terrain\n|upkeep\n|\n|t:|1695182232\n|switch|p1a: Blastoise|Blastoise, F|100\/100\n|turn|7\n|\n|t:|1695182249\n|switch|p2a: Ogerpon|Ogerpon-Cornerstone, F|100\/100\n|move|p2b: Flutter Mane|Dazzling Gleam|p1a: Blastoise|[spread] p1a,p1b\n|-damage|p1a: Blastoise|49\/100\n|-damage|p1b: Tornadus|0 fnt\n|faint|p1b: Tornadus\n|move|p1a: Blastoise|Shell Smash|p1a: Blastoise\n|-unboost|p1a: Blastoise|def|1\n|-unboost|p1a: Blastoise|spd|1\n|-boost|p1a: Blastoise|atk|2\n|-boost|p1a: Blastoise|spa|2\n|-boost|p1a: Blastoise|spe|2\n|\n|-weather|RainDance|[upkeep]\n|-heal|p1a: Blastoise|56\/100|[from] ability: Rain Dish\n|-heal|p1a: Blastoise|62\/100|[from] Grassy Terrain\n|upkeep\n|turn|8\n|c|\u2606user58342485|gg\n|\n|t:|1695182267\n|-terastallize|p1a: Blastoise|Water\n|move|p1a: Blastoise|Water Spout|p2a: Ogerpon|[spread] p2a,p2b\n|-ability|p2a: Ogerpon|Sturdy\n|-damage|p2a: Ogerpon|1\/100\n|-damage|p2b: Flutter Mane|0 fnt\n|faint|p2b: Flutter Mane\n|-end|p2b: Flutter Mane|Protosynthesis|[silent]\n|move|p2a: Ogerpon|Wood Hammer|p1a: Blastoise\n|-supereffective|p1a: Blastoise\n|-damage|p1a: Blastoise|0 fnt\n|faint|p1a: Blastoise\n|-damage|p2a: Ogerpon|0 fnt|[from] Recoil\n|faint|p2a: Ogerpon\n|\n|win|user58342485\n|raw|moolacat's rating: 1263 &rarr; <strong>1254<\/strong><br \/>(-9 for losing)\n|raw|user58342485's rating: 1525 &rarr; <strong>1532<\/strong><br \/>(+7 for winning)\n","uploadtime":1695182290,"views":11,"p1id":"moolacat","p2id":"user58342485","formatid":"gen9nationaldexdoubles","rating":1254,"private":0,"password":""}