{"id":"gen9nationaldexdoubles-1976164296","p1":"El Ryuk456","p2":"kitsu-aria","format":"[Gen 9] National Dex Doubles","log":"|j|\u2606El Ryuk456\n|j|\u2606kitsu-aria\n|t:|1698269460\n|gametype|doubles\n|player|p1|El Ryuk456|ingo|1406\n|player|p2|kitsu-aria|alec-anime|1588\n|teamsize|p1|6\n|teamsize|p2|6\n|gen|9\n|tier|[Gen 9] National Dex Doubles\n|rated|\n|rule|HP Percentage Mod: HP is shown in percentages\n|rule|Endless Battle Clause: Forcing endless battles is banned\n|rule|OHKO Clause: OHKO moves are banned\n|rule|Evasion Moves Clause: Evasion moves are banned\n|rule|Evasion Abilities Clause: Evasion abilities are banned\n|rule|Species Clause: Limit one of each Pok\u00e9mon\n|rule|Gravity Sleep Clause: The combination of sleep-inducing moves with imperfect accuracy and Gravity or Gigantamax Orbeetle are banned\n|clearpoke\n|poke|p1|Landorus-Therian, M|\n|poke|p1|Chien-Pao|\n|poke|p1|Armarouge, M|\n|poke|p1|Blastoise, M|\n|poke|p1|Braviary, M|\n|poke|p1|Arboliva, F|\n|poke|p2|Volbeat, M|\n|poke|p2|Zamazenta-*|\n|poke|p2|Deoxys-Attack|\n|poke|p2|Salamence, M|\n|poke|p2|Kingambit, M|\n|poke|p2|Rillaboom, F|\n|teampreview\n|\n|t:|1698269500\n|start\n|switch|p1a: Landorus|Landorus-Therian, M|100\/100\n|switch|p1b: Chien-Pao|Chien-Pao|100\/100\n|switch|p2a: Salamence|Salamence, M|100\/100\n|switch|p2b: Volbeat|Volbeat, M|100\/100\n|-ability|p1a: Landorus|Intimidate|boost\n|-unboost|p2a: Salamence|atk|1\n|-unboost|p2b: Volbeat|atk|1\n|-ability|p1b: Chien-Pao|Sword of Ruin\n|-ability|p2a: Salamence|Intimidate|boost\n|-unboost|p1a: Landorus|atk|1\n|-unboost|p1b: Chien-Pao|atk|1\n|turn|1\n|\n|t:|1698269509\n|move|p2a: Salamence|Protect|p2a: Salamence\n|-singleturn|p2a: Salamence|Protect\n|move|p2b: Volbeat|Thunder Wave|p1a: Landorus\n|-immune|p1a: Landorus\n|move|p1a: Landorus|Rock Slide|p2b: Volbeat|[spread] p2b\n|-activate|p2a: Salamence|move: Protect\n|-supereffective|p2b: Volbeat\n|-damage|p2b: Volbeat|47\/100\n|move|p1b: Chien-Pao|Ice Spinner|p2a: Salamence\n|-activate|p2a: Salamence|move: Protect\n|\n|upkeep\n|turn|2\n|\n|t:|1698269520\n|switch|p2a: Zamazenta|Zamazenta|100\/100\n|-ability|p2a: Zamazenta|Dauntless Shield|boost\n|-boost|p2a: Zamazenta|def|1\n|move|p2b: Volbeat|Tailwind|p2b: Volbeat\n|-sidestart|p2: kitsu-aria|move: Tailwind\n|move|p1a: Landorus|Rock Slide|p2b: Volbeat|[spread] p2a,p2b\n|-resisted|p2a: Zamazenta\n|-supereffective|p2b: Volbeat\n|-damage|p2a: Zamazenta|94\/100\n|-damage|p2b: Volbeat|0 fnt\n|faint|p2b: Volbeat\n|move|p1b: Chien-Pao|Ice Spinner|p2a: Zamazenta\n|-damage|p2a: Zamazenta|72\/100\n|\n|upkeep\n|\n|t:|1698269526\n|switch|p2b: Deoxys|Deoxys-Attack|100\/100\n|-ability|p2b: Deoxys|Pressure\n|turn|3\n|\n|t:|1698269537\n|switch|p1a: Armarouge|Armarouge, M|100\/100\n|move|p1b: Chien-Pao|Protect|p1b: Chien-Pao\n|-singleturn|p1b: Chien-Pao|Protect\n|move|p2b: Deoxys|Psycho Boost|p1a: Armarouge|[miss]\n|-miss|p2b: Deoxys|p1a: Armarouge\n|move|p2a: Zamazenta|Heavy Slam|p1b: Chien-Pao\n|-activate|p1b: Chien-Pao|move: Protect\n|\n|upkeep\n|turn|4\n|\n|t:|1698269555\n|switch|p2a: Kingambit|Kingambit, M|100\/100\n|switch|p1b: Landorus|Landorus-Therian, M|100\/100\n|-ability|p1b: Landorus|Intimidate|boost\n|-unboost|p2a: Kingambit|atk|1\n|-ability|p2a: Kingambit|Defiant|boost\n|-boost|p2a: Kingambit|atk|2\n|-unboost|p2b: Deoxys|atk|1\n|move|p2b: Deoxys|Knock Off|p1a: Armarouge\n|-supereffective|p1a: Armarouge\n|-damage|p1a: Armarouge|56\/100\n|-enditem|p1a: Armarouge|Covert Cloak|[from] move: Knock Off|[of] p2b: Deoxys\n|move|p1a: Armarouge|Trick Room|p1a: Armarouge\n|-fieldstart|move: Trick Room|[of] p1a: Armarouge\n|\n|upkeep\n|turn|5\n|\n|t:|1698269575\n|switch|p2b: Rillaboom|Rillaboom, F|100\/100\n|-fieldstart|move: Grassy Terrain|[from] ability: Grassy Surge|[of] p2b: Rillaboom\n|move|p2a: Kingambit|Sucker Punch|p1a: Armarouge\n|-supereffective|p1a: Armarouge\n|-damage|p1a: Armarouge|0 fnt\n|faint|p1a: Armarouge\n|move|p1b: Landorus|Brick Break|p2a: Kingambit\n|-supereffective|p2a: Kingambit\n|-damage|p2a: Kingambit|4\/100\n|\n|-heal|p2a: Kingambit|11\/100|[from] Grassy Terrain\n|-sideend|p2: kitsu-aria|move: Tailwind\n|upkeep\n|\n|t:|1698269587\n|switch|p1a: Olivia|Arboliva, F|100\/100\n|turn|6\n|\n|t:|1698269595\n|move|p2b: Rillaboom|Fake Out|p1b: Landorus\n|-damage|p1b: Landorus|83\/100\n|move|p1a: Olivia|Hyper Voice|p2b: Rillaboom|[spread] p2a,p2b\n|-resisted|p2a: Kingambit\n|-damage|p2a: Kingambit|0 fnt\n|-damage|p2b: Rillaboom|77\/100\n|faint|p2a: Kingambit\n|cant|p1b: Landorus|flinch\n|\n|-heal|p2b: Rillaboom|84\/100|[from] Grassy Terrain\n|upkeep\n|\n|t:|1698269607\n|switch|p2a: Zamazenta|Zamazenta|72\/100\n|turn|7\n|\n|t:|1698269630\n|switch|p1b: D.K|Braviary, M|100\/100\n|move|p1a: Olivia|Giga Drain|p2a: Zamazenta\n|-damage|p2a: Zamazenta|28\/100\n|move|p2b: Rillaboom|Wood Hammer|p1b: D.K\n|-resisted|p1b: D.K\n|-damage|p1b: D.K|55\/100\n|-damage|p2b: Rillaboom|70\/100|[from] Recoil\n|move|p2a: Zamazenta|Close Combat|p1a: Olivia\n|-supereffective|p1a: Olivia\n|-damage|p1a: Olivia|0 fnt\n|-unboost|p2a: Zamazenta|def|1\n|-unboost|p2a: Zamazenta|spd|1\n|faint|p1a: Olivia\n|-damage|p2a: Zamazenta|18\/100|[from] item: Life Orb\n|\n|-heal|p2b: Rillaboom|76\/100|[from] Grassy Terrain\n|-heal|p2a: Zamazenta|24\/100|[from] Grassy Terrain\n|upkeep\n|\n|t:|1698269644\n|switch|p1a: Landorus|Landorus-Therian, M|83\/100\n|-ability|p1a: Landorus|Intimidate|boost\n|-unboost|p2a: Zamazenta|atk|1\n|-unboost|p2b: Rillaboom|atk|1\n|turn|8\n|\n|t:|1698269653\n|switch|p2a: Salamence|Salamence, M|100\/100\n|-ability|p2a: Salamence|Intimidate|boost\n|-unboost|p1a: Landorus|atk|1\n|-unboost|p1b: D.K|atk|1\n|-ability|p1b: D.K|Defiant|boost\n|-boost|p1b: D.K|atk|2\n|move|p1b: D.K|Brave Bird|p2a: Salamence\n|-damage|p2a: Salamence|0 fnt\n|faint|p2a: Salamence\n|-damage|p1b: D.K|25\/100|[from] Recoil\n|move|p2b: Rillaboom|Wood Hammer|p1a: Landorus\n|-damage|p1a: Landorus|15\/100\n|-damage|p2b: Rillaboom|58\/100|[from] Recoil\n|move|p1a: Landorus|U-turn|p2b: Rillaboom\n|-supereffective|p2b: Rillaboom\n|-damage|p2b: Rillaboom|21\/100\n|\n|t:|1698269671\n|switch|p1a: Chien-Pao|Chien-Pao|100\/100|[from] U-turn\n|-ability|p1a: Chien-Pao|Sword of Ruin\n|\n|-heal|p2b: Rillaboom|27\/100|[from] Grassy Terrain\n|-fieldend|move: Trick Room\n|upkeep\n|\n|t:|1698269675\n|switch|p2a: Deoxys|Deoxys-Attack|100\/100\n|-ability|p2a: Deoxys|Pressure\n|turn|9\n|\n|t:|1698269689\n|move|p1a: Chien-Pao|Sucker Punch|p2a: Deoxys\n|-supereffective|p2a: Deoxys\n|-enditem|p2a: Deoxys|Focus Sash\n|-damage|p2a: Deoxys|1\/100\n|move|p2b: Rillaboom|Grassy Glide|p1a: Chien-Pao\n|-damage|p1a: Chien-Pao|63\/100\n|move|p2a: Deoxys|Psycho Boost|p1b: D.K\n|-damage|p1b: D.K|0 fnt\n|-unboost|p2a: Deoxys|spa|2\n|faint|p1b: D.K\n|\n|-heal|p2a: Deoxys|7\/100|[from] Grassy Terrain\n|-heal|p1a: Chien-Pao|69\/100|[from] Grassy Terrain\n|-heal|p2b: Rillaboom|34\/100|[from] Grassy Terrain\n|-fieldend|move: Grassy Terrain\n|upkeep\n|\n|t:|1698269703\n|switch|p1b: Landorus|Landorus-Therian, M|15\/100\n|-ability|p1b: Landorus|Intimidate|boost\n|-unboost|p2a: Deoxys|atk|1\n|-unboost|p2b: Rillaboom|atk|1\n|turn|10\n|\n|t:|1698269715\n|move|p2a: Deoxys|Extreme Speed|p1b: Landorus\n|-damage|p1b: Landorus|0 fnt\n|faint|p1b: Landorus\n|move|p1a: Chien-Pao|Ice Spinner|p2b: Rillaboom\n|-supereffective|p2b: Rillaboom\n|-damage|p2b: Rillaboom|0 fnt\n|faint|p2b: Rillaboom\n|\n|upkeep\n|\n|t:|1698269721\n|switch|p1b: Bastion|Blastoise, M|100\/100\n|switch|p2b: Zamazenta|Zamazenta|24\/100\n|turn|11\n|\n|t:|1698269737\n|detailschange|p1b: Bastion|Blastoise-Mega, M\n|-mega|p1b: Bastion|Blastoise|Blastoisinite\n|move|p2a: Deoxys|Protect|p2a: Deoxys\n|-singleturn|p2a: Deoxys|Protect\n|move|p1a: Chien-Pao|Sucker Punch|p2b: Zamazenta\n|-resisted|p2b: Zamazenta\n|-damage|p2b: Zamazenta|4\/100\n|move|p2b: Zamazenta|Close Combat|p1a: Chien-Pao\n|-supereffective|p1a: Chien-Pao\n|-damage|p1a: Chien-Pao|0 fnt\n|-unboost|p2b: Zamazenta|def|1\n|-unboost|p2b: Zamazenta|spd|1\n|faint|p1a: Chien-Pao\n|-damage|p2b: Zamazenta|0 fnt|[from] item: Life Orb\n|faint|p2b: Zamazenta\n|move|p1b: Bastion|Water Spout|p2a: Deoxys\n|-activate|p2a: Deoxys|move: Protect\n|\n|upkeep\n|turn|12\n|c|\u2606kitsu-aria|Gg\n|\n|t:|1698269748\n|-terastallize|p2a: Deoxys|Psychic\n|move|p2a: Deoxys|Psycho Boost|p1b: Bastion|[miss]\n|-miss|p2a: Deoxys|p1b: Bastion\n|move|p1b: Bastion|Water Spout|p2a: Deoxys\n|-damage|p2a: Deoxys|0 fnt\n|faint|p2a: Deoxys\n|\n|win|El Ryuk456\n|raw|El Ryuk456's rating: 1406 &rarr; <strong>1436<\/strong><br \/>(+30 for winning)\n|raw|kitsu-aria's rating: 1588 &rarr; <strong>1558<\/strong><br \/>(-30 for losing)\n|l|\u2606kitsu-aria\n|c|\u2606El Ryuk456|GG\n","uploadtime":1698269760,"views":8,"p1id":"elryuk456","p2id":"kitsuaria","formatid":"gen9nationaldexdoubles","rating":1436,"private":0,"password":""}