{"id":"gen9nationaldexdoubles-1983234710","p1":"b.dusty","p2":"patata1490","format":"[Gen 9] National Dex Doubles","log":"|j|\u2606b.dusty\n|j|\u2606patata1490\n|t:|1699108632\n|gametype|doubles\n|player|p1|b.dusty|lass-gen4|1106\n|player|p2|patata1490|byron|1320\n|teamsize|p1|6\n|teamsize|p2|6\n|gen|9\n|tier|[Gen 9] National Dex Doubles\n|rated|\n|rule|HP Percentage Mod: HP is shown in percentages\n|rule|Endless Battle Clause: Forcing endless battles is banned\n|rule|OHKO Clause: OHKO moves are banned\n|rule|Evasion Moves Clause: Evasion moves are banned\n|rule|Evasion Abilities Clause: Evasion abilities are banned\n|rule|Species Clause: Limit one of each Pok\u00e9mon\n|rule|Gravity Sleep Clause: The combination of sleep-inducing moves with imperfect accuracy and Gravity or Gigantamax Orbeetle are banned\n|clearpoke\n|poke|p1|Lanturn, F|\n|poke|p1|Kommo-o, M|\n|poke|p1|Sinistcha-Masterpiece|\n|poke|p1|Iron Moth|\n|poke|p1|Grimmsnarl, M|\n|poke|p1|Iron Hands|\n|poke|p2|Magnezone|\n|poke|p2|Ting-Lu|\n|poke|p2|Tyranitar, F|\n|poke|p2|Garganacl, F|\n|poke|p2|Hippowdon, F|\n|poke|p2|Scizor, M|\n|teampreview\n|inactive|Battle timer is ON: inactive players will automatically lose when time's up. (requested by patata1490)\n|\n|t:|1699108653\n|start\n|switch|p1a: Iron Moth|Iron Moth|100\/100\n|switch|p1b: Lanturn|Lanturn, F, shiny|100\/100\n|switch|p2a: Hippowdon|Hippowdon, F|100\/100\n|switch|p2b: Ting-Lu|Ting-Lu|100\/100\n|-weather|Sandstorm|[from] ability: Sand Stream|[of] p2a: Hippowdon\n|-ability|p2b: Ting-Lu|Vessel of Ruin\n|-enditem|p1a: Iron Moth|Booster Energy\n|-activate|p1a: Iron Moth|ability: Quark Drive|[fromitem]\n|-start|p1a: Iron Moth|quarkdrivespa\n|turn|1\n|\n|t:|1699108677\n|move|p1a: Iron Moth|Substitute|p1a: Iron Moth\n|-start|p1a: Iron Moth|Substitute\n|-damage|p1a: Iron Moth|76\/100\n|move|p1b: Lanturn|Toxic|p2b: Ting-Lu\n|-status|p2b: Ting-Lu|tox\n|move|p2a: Hippowdon|High Horsepower|p1a: Iron Moth\n|-supereffective|p1a: Iron Moth\n|-end|p1a: Iron Moth|Substitute\n|move|p2b: Ting-Lu|Stealth Rock|p1b: Lanturn\n|-sidestart|p1: b.dusty|move: Stealth Rock\n|\n|-weather|Sandstorm|[upkeep]\n|-damage|p1a: Iron Moth|70\/100|[from] Sandstorm\n|-damage|p1b: Lanturn|94\/100|[from] Sandstorm\n|-heal|p1b: Lanturn|100\/100|[from] item: Leftovers\n|-damage|p2b: Ting-Lu|94\/100 tox|[from] psn\n|upkeep\n|turn|2\n|\n|t:|1699108699\n|move|p1a: Iron Moth|Fiery Dance|p2a: Hippowdon\n|-damage|p2a: Hippowdon|57\/100\n|-boost|p1a: Iron Moth|spa|1\n|move|p1b: Lanturn|Scald|p2a: Hippowdon\n|-supereffective|p2a: Hippowdon\n|-damage|p2a: Hippowdon|22\/100\n|move|p2b: Ting-Lu|Spikes|p1a: Iron Moth\n|-sidestart|p1: b.dusty|Spikes\n|move|p2a: Hippowdon|Whirlwind|p1a: Iron Moth\n|-end|p1a: Iron Moth|Quark Drive|[silent]\n|drag|p1a: Kommo-o|Kommo-o, M|100\/100\n|-damage|p1a: Kommo-o|94\/100|[from] Stealth Rock\n|-damage|p1a: Kommo-o|82\/100|[from] Spikes\n|\n|-weather|Sandstorm|[upkeep]\n|-damage|p1a: Kommo-o|76\/100|[from] Sandstorm\n|-damage|p1b: Lanturn|94\/100|[from] Sandstorm\n|-heal|p1b: Lanturn|100\/100|[from] item: Leftovers\n|-heal|p2a: Hippowdon|28\/100|[from] item: Leftovers\n|-heal|p2b: Ting-Lu|100\/100 tox|[from] item: Leftovers\n|-damage|p2b: Ting-Lu|88\/100 tox|[from] psn\n|upkeep\n|turn|3\n|\n|t:|1699108729\n|move|p1a: Kommo-o|Clangorous Soul|p1a: Kommo-o\n|-boost|p1a: Kommo-o|atk|1\n|-boost|p1a: Kommo-o|def|1\n|-boost|p1a: Kommo-o|spa|1\n|-boost|p1a: Kommo-o|spd|1\n|-boost|p1a: Kommo-o|spe|1\n|-damage|p1a: Kommo-o|43\/100\n|-enditem|p1a: Kommo-o|Throat Spray\n|-boost|p1a: Kommo-o|spa|1|[from] item: Throat Spray\n|move|p1b: Lanturn|Scald|p2a: Hippowdon\n|-supereffective|p2a: Hippowdon\n|-crit|p2a: Hippowdon\n|-damage|p2a: Hippowdon|0 fnt\n|faint|p2a: Hippowdon\n|move|p2b: Ting-Lu|Whirlwind|p1a: Kommo-o\n|drag|p1a: Iron Hands|Iron Hands|100\/100\n|-damage|p1a: Iron Hands|94\/100|[from] Stealth Rock\n|-damage|p1a: Iron Hands|82\/100|[from] Spikes\n|\n|-weather|Sandstorm|[upkeep]\n|-damage|p1b: Lanturn|94\/100|[from] Sandstorm\n|-damage|p1a: Iron Hands|76\/100|[from] Sandstorm\n|-heal|p1b: Lanturn|100\/100|[from] item: Leftovers\n|-heal|p2b: Ting-Lu|94\/100 tox|[from] item: Leftovers\n|-damage|p2b: Ting-Lu|76\/100 tox|[from] psn\n|upkeep\n|\n|t:|1699108745\n|switch|p2a: Magnezone|Magnezone|100\/100\n|turn|4\n|\n|t:|1699108765\n|move|p2a: Magnezone|Volt Switch|p1b: Lanturn\n|-immune|p1b: Lanturn|[from] ability: Volt Absorb\n|move|p1b: Lanturn|Scald|p2a: Magnezone\n|-damage|p2a: Magnezone|80\/100\n|move|p1a: Iron Hands|Drain Punch|p2b: Ting-Lu\n|-supereffective|p2b: Ting-Lu\n|-damage|p2b: Ting-Lu|34\/100 tox\n|-heal|p1a: Iron Hands|98\/100|[from] drain|[of] p2b: Ting-Lu\n|move|p2b: Ting-Lu|Spikes|p1b: Lanturn\n|-sidestart|p1: b.dusty|Spikes\n|\n|-weather|Sandstorm|[upkeep]\n|-damage|p1b: Lanturn|94\/100|[from] Sandstorm\n|-damage|p1a: Iron Hands|92\/100|[from] Sandstorm\n|-heal|p1b: Lanturn|100\/100|[from] item: Leftovers\n|-heal|p2b: Ting-Lu|40\/100 tox|[from] item: Leftovers\n|-damage|p2b: Ting-Lu|15\/100 tox|[from] psn\n|upkeep\n|turn|5\n|\n|t:|1699108787\n|switch|p2a: Scizor|Scizor, M|100\/100\n|move|p1b: Lanturn|Scald|p2b: Ting-Lu\n|-supereffective|p2b: Ting-Lu\n|-damage|p2b: Ting-Lu|0 fnt\n|faint|p2b: Ting-Lu\n|move|p1a: Iron Hands|Drain Punch|p2a: Scizor\n|-damage|p2a: Scizor|53\/100\n|-heal|p1a: Iron Hands|100\/100|[from] drain|[of] p2a: Scizor\n|\n|-weather|none\n|upkeep\n|\n|t:|1699108791\n|switch|p2b: Tyranitar|Tyranitar, F|100\/100\n|-weather|Sandstorm|[from] ability: Sand Stream|[of] p2b: Tyranitar\n|turn|6\n|inactive|b.dusty has 120 seconds left.\n|\n|t:|1699108832\n|-terastallize|p2b: Tyranitar|Flying\n|move|p1b: Lanturn|Scald|p2a: Scizor\n|-damage|p2a: Scizor|29\/100\n|-status|p2a: Scizor|brn\n|move|p2a: Scizor|U-turn|p1a: Iron Hands\n|-resisted|p1a: Iron Hands\n|-crit|p1a: Iron Hands\n|-damage|p1a: Iron Hands|86\/100\n|\n|t:|1699108841\n|switch|p2a: Garganacl|Garganacl, F|100\/100|[from] U-turn\n|move|p2b: Tyranitar|Tera Blast|p1a: Iron Hands|[anim] Tera Blast Flying\n|-crit|p1a: Iron Hands\n|-damage|p1a: Iron Hands|51\/100\n|move|p1a: Iron Hands|Drain Punch|p2b: Tyranitar\n|-resisted|p2b: Tyranitar\n|-damage|p2b: Tyranitar|83\/100\n|-heal|p1a: Iron Hands|59\/100|[from] drain|[of] p2b: Tyranitar\n|\n|-weather|Sandstorm|[upkeep]\n|-damage|p1b: Lanturn|94\/100|[from] Sandstorm\n|-damage|p2b: Tyranitar|77\/100|[from] Sandstorm\n|-damage|p1a: Iron Hands|53\/100|[from] Sandstorm\n|-heal|p1b: Lanturn|100\/100|[from] item: Leftovers\n|upkeep\n|turn|7\n|inactive|b.dusty has 120 seconds left.\n|\n|t:|1699108869\n|move|p1b: Lanturn|Scald|p2a: Garganacl\n|-supereffective|p2a: Garganacl\n|-damage|p2a: Garganacl|72\/100\n|move|p2b: Tyranitar|Tera Blast|p1a: Iron Hands|[anim] Tera Blast Flying\n|-damage|p1a: Iron Hands|29\/100\n|move|p1a: Iron Hands|Thunder Punch|p2b: Tyranitar\n|-supereffective|p2b: Tyranitar\n|-crit|p2b: Tyranitar\n|-damage|p2b: Tyranitar|0 fnt\n|faint|p2b: Tyranitar\n|move|p2a: Garganacl|Salt Cure|p1b: Lanturn\n|-damage|p1b: Lanturn|87\/100\n|-start|p1b: Lanturn|Salt Cure\n|\n|-weather|Sandstorm|[upkeep]\n|-damage|p1b: Lanturn|80\/100|[from] Sandstorm\n|-damage|p1a: Iron Hands|23\/100|[from] Sandstorm\n|-heal|p1b: Lanturn|87\/100|[from] item: Leftovers\n|-heal|p2a: Garganacl|78\/100|[from] item: Leftovers\n|-damage|p1b: Lanturn|62\/100|[from] Salt Cure\n|upkeep\n|\n|t:|1699108878\n|switch|p2b: Magnezone|Magnezone|80\/100\n|turn|8\n|\n|t:|1699108897\n|move|p2a: Garganacl|Protect|p2a: Garganacl\n|-singleturn|p2a: Garganacl|Protect\n|move|p2b: Magnezone|Volt Switch|p1a: Iron Hands\n|-resisted|p1a: Iron Hands\n|-damage|p1a: Iron Hands|14\/100\n|\n|t:|1699108900\n|switch|p2b: Scizor|Scizor, M|29\/100 brn|[from] Volt Switch\n|move|p1b: Lanturn|Volt Switch|p2a: Garganacl\n|-activate|p2a: Garganacl|move: Protect\n|move|p1a: Iron Hands|Drain Punch|p2b: Scizor\n|-damage|p2b: Scizor|0 fnt\n|-heal|p1a: Iron Hands|25\/100|[from] drain|[of] p2b: Scizor\n|faint|p2b: Scizor\n|\n|-weather|Sandstorm|[upkeep]\n|-damage|p1b: Lanturn|56\/100|[from] Sandstorm\n|-damage|p1a: Iron Hands|19\/100|[from] Sandstorm\n|-heal|p1b: Lanturn|62\/100|[from] item: Leftovers\n|-heal|p2a: Garganacl|84\/100|[from] item: Leftovers\n|-damage|p1b: Lanturn|37\/100|[from] Salt Cure\n|upkeep\n|\n|t:|1699108908\n|switch|p2b: Magnezone|Magnezone|80\/100\n|turn|9\n|\n|t:|1699108937\n|move|p2b: Magnezone|Tera Blast|p1a: Iron Hands\n|-damage|p1a: Iron Hands|5\/100\n|move|p1b: Lanturn|Volt Switch|p2a: Garganacl\n|-damage|p2a: Garganacl|71\/100\n|\n|t:|1699108946\n|switch|p1b: Sinistcha|Sinistcha-Masterpiece|100\/100|[from] Volt Switch\n|-damage|p1b: Sinistcha|88\/100|[from] Stealth Rock\n|-damage|p1b: Sinistcha|72\/100|[from] Spikes\n|-heal|p1a: Iron Hands|30\/100|[from] ability: Hospitality|[of] p1b: Sinistcha\n|move|p1a: Iron Hands|Drain Punch|p2a: Garganacl\n|-supereffective|p2a: Garganacl\n|-damage|p2a: Garganacl|23\/100\n|-heal|p1a: Iron Hands|52\/100|[from] drain|[of] p2a: Garganacl\n|move|p2a: Garganacl|Salt Cure|p1a: Iron Hands\n|-resisted|p1a: Iron Hands\n|-damage|p1a: Iron Hands|47\/100\n|-start|p1a: Iron Hands|Salt Cure\n|\n|-weather|Sandstorm|[upkeep]\n|-damage|p1b: Sinistcha|66\/100|[from] Sandstorm\n|-damage|p1a: Iron Hands|41\/100|[from] Sandstorm\n|-heal|p2a: Garganacl|29\/100|[from] item: Leftovers\n|-damage|p1a: Iron Hands|28\/100|[from] Salt Cure\n|upkeep\n|turn|10\n|-message|patata1490 forfeited.\n|\n|win|b.dusty\n|raw|b.dusty's rating: 1106 &rarr; <strong>1145<\/strong><br \/>(+39 for winning)\n|raw|patata1490's rating: 1320 &rarr; <strong>1289<\/strong><br \/>(-31 for losing)\n|l|\u2606patata1490\n","uploadtime":1699108974,"views":7,"p1id":"bdusty","p2id":"patata1490","formatid":"gen9nationaldexdoubles","rating":1145,"private":0,"password":""}