{"id":"gen9nationaldexdoubles-1993763346","p1":"0spr3y","p2":"wammer18","format":"[Gen 9] National Dex Doubles","log":"|j|\u26060spr3y\n|j|\u2606wammer18\n|t:|1700354367\n|gametype|doubles\n|player|p1|0spr3y|colress|\n|player|p2|wammer18|266|\n|teamsize|p1|6\n|teamsize|p2|6\n|gen|9\n|tier|[Gen 9] National Dex Doubles\n|rule|HP Percentage Mod: HP is shown in percentages\n|rule|Endless Battle Clause: Forcing endless battles is banned\n|rule|OHKO Clause: OHKO moves are banned\n|rule|Evasion Moves Clause: Evasion moves are banned\n|rule|Evasion Abilities Clause: Evasion abilities are banned\n|rule|Species Clause: Limit one of each Pok\u00e9mon\n|rule|Gravity Sleep Clause: The combination of sleep-inducing moves with imperfect accuracy and Gravity or Gigantamax Orbeetle are banned\n|clearpoke\n|poke|p1|Volcanion|\n|poke|p1|Urshifu-*, F|\n|poke|p1|Kommo-o, F|\n|poke|p1|Indeedee-F, F|\n|poke|p1|Alakazam, M|\n|poke|p1|Chien-Pao|\n|poke|p2|Charizard, M|\n|poke|p2|Chi-Yu|\n|poke|p2|Tornadus, M|\n|poke|p2|Tapu Fini|\n|poke|p2|Kingambit, M|\n|poke|p2|Ogerpon-Wellspring, F|\n|teampreview\n|c|\u26060spr3y|glhf\n|c|\u2606wammer18|u2\n|\n|t:|1700354401\n|start\n|switch|p1a: Volcanion|Volcanion|100\/100\n|switch|p1b: Chien-Pao|Chien-Pao|100\/100\n|switch|p2a: Tornadus|Tornadus, M|100\/100\n|switch|p2b: Ogerpon|Ogerpon-Wellspring, F|100\/100\n|-ability|p1b: Chien-Pao|Sword of Ruin\n|turn|1\n|\n|t:|1700354432\n|move|p2b: Ogerpon|Follow Me|p2b: Ogerpon\n|-singleturn|p2b: Ogerpon|move: Follow Me\n|move|p1b: Chien-Pao|Ice Spinner|p2b: Ogerpon\n|-damage|p2b: Ogerpon|46\/100\n|move|p2a: Tornadus|Bleakwind Storm|p1b: Chien-Pao|[spread] p1a,p1b\n|-damage|p1a: Volcanion|61\/100\n|-damage|p1b: Chien-Pao|40\/100\n|-unboost|p1a: Volcanion|spe|1\n|move|p1a: Volcanion|Heat Wave|p2b: Ogerpon|[spread] p2a,p2b\n|-damage|p2a: Tornadus|57\/100\n|-damage|p2b: Ogerpon|18\/100\n|\n|upkeep\n|turn|2\n|\n|t:|1700354454\n|move|p2a: Tornadus|Tailwind|p2a: Tornadus\n|-sidestart|p2: wammer18|move: Tailwind\n|move|p2b: Ogerpon|Ivy Cudgel|p1b: Chien-Pao|[anim] Ivy Cudgel Water\n|-damage|p1b: Chien-Pao|0 fnt\n|faint|p1b: Chien-Pao\n|move|p1a: Volcanion|Heat Wave|p2b: Ogerpon|[spread] p2a\n|-miss|p1a: Volcanion|p2b: Ogerpon\n|-damage|p2a: Tornadus|15\/100\n|\n|upkeep\n|\n|t:|1700354476\n|switch|p1b: Indeedee|Indeedee-F, F|100\/100\n|-fieldstart|move: Psychic Terrain|[from] ability: Psychic Surge|[of] p1b: Indeedee\n|turn|3\n|\n|t:|1700354490\n|move|p1b: Indeedee|Follow Me|p1b: Indeedee\n|-singleturn|p1b: Indeedee|move: Follow Me\n|move|p2a: Tornadus|Bleakwind Storm|p1a: Volcanion|[spread] p1a,p1b\n|-damage|p1a: Volcanion|23\/100\n|-damage|p1b: Indeedee|59\/100\n|-unboost|p1a: Volcanion|spe|1\n|-unboost|p1b: Indeedee|spe|1\n|-enditem|p1a: Volcanion|Sitrus Berry|[eat]\n|-heal|p1a: Volcanion|48\/100|[from] item: Sitrus Berry\n|move|p2b: Ogerpon|Ivy Cudgel|p1b: Indeedee|[anim] Ivy Cudgel Water\n|-damage|p1b: Indeedee|0 fnt\n|faint|p1b: Indeedee\n|move|p1a: Volcanion|Heat Wave|p2b: Ogerpon|[spread] p2a,p2b\n|-crit|p2a: Tornadus\n|-damage|p2a: Tornadus|0 fnt\n|-damage|p2b: Ogerpon|0 fnt\n|faint|p2a: Tornadus\n|faint|p2b: Ogerpon\n|\n|upkeep\n|\n|t:|1700354520\n|switch|p2a: Charizard|Charizard, M|100\/100\n|switch|p2b: Tapu Fini|Tapu Fini|100\/100\n|switch|p1b: Kommo-o|Kommo-o, F|100\/100\n|-fieldstart|move: Misty Terrain|[from] ability: Misty Surge|[of] p2b: Tapu Fini\n|turn|4\n|\n|t:|1700354550\n|detailschange|p2a: Charizard|Charizard-Mega-Y, M\n|-mega|p2a: Charizard|Charizard|Charizardite Y\n|-weather|SunnyDay|[from] ability: Drought|[of] p2a: Charizard\n|move|p2a: Charizard|Helping Hand|p2b: Tapu Fini\n|-singleturn|p2b: Tapu Fini|Helping Hand|[of] p2a: Charizard\n|move|p1b: Kommo-o|Protect|p1b: Kommo-o\n|-singleturn|p1b: Kommo-o|Protect\n|move|p2b: Tapu Fini|Moonblast|p1b: Kommo-o\n|-activate|p1b: Kommo-o|move: Protect\n|move|p1a: Volcanion|Heat Wave|p2a: Charizard|[spread] p2a,p2b\n|-resisted|p2a: Charizard\n|-resisted|p2b: Tapu Fini\n|-damage|p2a: Charizard|82\/100\n|-damage|p2b: Tapu Fini|87\/100\n|\n|-weather|SunnyDay|[upkeep]\n|upkeep\n|turn|5\n|\n|t:|1700354574\n|switch|p1b: Alakazam|Alakazam, M|100\/100\n|move|p1a: Volcanion|Protect|p1a: Volcanion\n|-singleturn|p1a: Volcanion|Protect\n|move|p2a: Charizard|Solar Beam||[still]\n|-prepare|p2a: Charizard|Solar Beam\n|-anim|p2a: Charizard|Solar Beam|p1a: Volcanion\n|-activate|p1a: Volcanion|move: Protect\n|move|p2b: Tapu Fini|Moonblast|p1b: Alakazam\n|-damage|p1b: Alakazam|40\/100\n|-unboost|p1b: Alakazam|spa|1\n|\n|-weather|SunnyDay|[upkeep]\n|-sideend|p2: wammer18|move: Tailwind\n|upkeep\n|turn|6\n|\n|t:|1700354598\n|detailschange|p1b: Alakazam|Alakazam-Mega, M\n|-mega|p1b: Alakazam|Alakazam|Alakazite\n|-ability|p1b: Alakazam|Misty Surge|[from] ability: Trace|[of] p2b: Tapu Fini\n|move|p1b: Alakazam|Dazzling Gleam|p2a: Charizard|[spread] p2a,p2b\n|-resisted|p2a: Charizard\n|-damage|p2a: Charizard|75\/100\n|-damage|p2b: Tapu Fini|76\/100\n|move|p2a: Charizard|Heat Wave|p1a: Volcanion|[spread] p1a\n|-miss|p2a: Charizard|p1b: Alakazam\n|-resisted|p1a: Volcanion\n|-damage|p1a: Volcanion|31\/100\n|move|p2b: Tapu Fini|Moonblast|p1a: Volcanion\n|-resisted|p1a: Volcanion\n|-damage|p1a: Volcanion|11\/100\n|-unboost|p1a: Volcanion|spa|1\n|move|p1a: Volcanion|Taunt|p2a: Charizard\n|-start|p2a: Charizard|move: Taunt\n|\n|-weather|SunnyDay|[upkeep]\n|upkeep\n|turn|7\n|\n|t:|1700354646\n|move|p1b: Alakazam|Expanding Force|p2b: Tapu Fini\n|-damage|p2b: Tapu Fini|54\/100\n|move|p2a: Charizard|Heat Wave|p1a: Volcanion|[spread] p1a,p1b\n|-resisted|p1a: Volcanion\n|-damage|p1a: Volcanion|0 fnt\n|-damage|p1b: Alakazam|0 fnt\n|faint|p1a: Volcanion\n|faint|p1b: Alakazam\n|move|p2b: Tapu Fini|Icy Wind|p1: Volcanion|[notarget]\n|-fail|p2b: Tapu Fini\n|\n|-weather|SunnyDay|[upkeep]\n|upkeep\n|\n|t:|1700354653\n|switch|p1b: Kommo-o|Kommo-o, F|100\/100\n|switch|p1a: Urshifu|Urshifu-Rapid-Strike, F|100\/100\n|turn|8\n|\n|t:|1700354670\n|-terastallize|p1a: Urshifu|Water\n|move|p1b: Kommo-o|Protect|p1b: Kommo-o\n|-singleturn|p1b: Kommo-o|Protect\n|move|p1a: Urshifu|Surging Strikes|p2a: Charizard\n|-supereffective|p2a: Charizard\n|-crit|p2a: Charizard\n|-damage|p2a: Charizard|47\/100\n|-supereffective|p2a: Charizard\n|-crit|p2a: Charizard\n|-damage|p2a: Charizard|16\/100\n|-supereffective|p2a: Charizard\n|-crit|p2a: Charizard\n|-damage|p2a: Charizard|0 fnt\n|faint|p2a: Charizard\n|-hitcount|p2: Charizard|3\n|move|p2b: Tapu Fini|Icy Wind|p1b: Kommo-o|[spread] p1a\n|-activate|p1b: Kommo-o|move: Protect\n|-resisted|p1a: Urshifu\n|-damage|p1a: Urshifu|92\/100\n|-unboost|p1a: Urshifu|spe|1\n|\n|-weather|none\n|-fieldend|Misty Terrain\n|upkeep\n|\n|t:|1700354700\n|switch|p2a: Kingambit|Kingambit, M|100\/100\n|turn|9\n|\n|t:|1700354716\n|-terastallize|p2a: Kingambit|Dark\n|move|p2a: Kingambit|Sucker Punch|p1a: Urshifu\n|-damage|p1a: Urshifu|20\/100\n|move|p1a: Urshifu|Surging Strikes|p2b: Tapu Fini\n|-resisted|p2b: Tapu Fini\n|-crit|p2b: Tapu Fini\n|-damage|p2b: Tapu Fini|43\/100\n|-resisted|p2b: Tapu Fini\n|-crit|p2b: Tapu Fini\n|-damage|p2b: Tapu Fini|34\/100\n|-resisted|p2b: Tapu Fini\n|-crit|p2b: Tapu Fini\n|-damage|p2b: Tapu Fini|23\/100\n|-hitcount|p2b: Tapu Fini|3\n|-zpower|p1b: Kommo-o\n|move|p1b: Kommo-o|Clangorous Soulblaze|p2a: Kingambit|[zeffect]|[spread] p2a\n|-immune|p2b: Tapu Fini\n|-damage|p2a: Kingambit|44\/100\n|-boost|p1b: Kommo-o|atk|1\n|-boost|p1b: Kommo-o|def|1\n|-boost|p1b: Kommo-o|spa|1\n|-boost|p1b: Kommo-o|spd|1\n|-boost|p1b: Kommo-o|spe|1\n|move|p2b: Tapu Fini|Moonblast|p1b: Kommo-o\n|-supereffective|p1b: Kommo-o\n|-damage|p1b: Kommo-o|0 fnt\n|faint|p1b: Kommo-o\n|\n|upkeep\n|turn|10\n|c|\u26060spr3y|gg\n|c|\u2606wammer18|gg\n|\n|t:|1700354749\n|move|p2a: Kingambit|Sucker Punch|p1a: Urshifu\n|-damage|p1a: Urshifu|0 fnt\n|faint|p1a: Urshifu\n|\n|win|wammer18\n|c|\u2606wammer18|who got replay\n","uploadtime":1700354763,"views":11,"p1id":"0spr3y","p2id":"wammer18","formatid":"gen9nationaldexdoubles","rating":0,"private":0,"password":""}