{"id":"gen9nationaldexdoubles-1973758313","p1":"imjustthatawsom","p2":"TheOfficialSlade","format":"[Gen 9] National Dex Doubles","log":"|j|\u2606imjustthatawsom\n|j|\u2606TheOfficialSlade\n|t:|1698010445\n|gametype|doubles\n|player|p1|imjustthatawsom|2|\n|player|p2|TheOfficialSlade|shadowtriad|\n|teamsize|p1|6\n|teamsize|p2|6\n|gen|9\n|tier|[Gen 9] National Dex Doubles\n|rule|HP Percentage Mod: HP is shown in percentages\n|rule|Endless Battle Clause: Forcing endless battles is banned\n|rule|OHKO Clause: OHKO moves are banned\n|rule|Evasion Moves Clause: Evasion moves are banned\n|rule|Evasion Abilities Clause: Evasion abilities are banned\n|rule|Species Clause: Limit one of each Pok\u00e9mon\n|rule|Gravity Sleep Clause: The combination of sleep-inducing moves with imperfect accuracy and Gravity or Gigantamax Orbeetle are banned\n|clearpoke\n|poke|p1|Grafaiai, M|\n|poke|p1|Iron Valiant|\n|poke|p1|Dragonite, M|\n|poke|p1|Regigigas|\n|poke|p1|Vaporeon, F|\n|poke|p1|Volcarona, F|\n|poke|p2|Espeon, F|\n|poke|p2|Rhyperior, M|\n|poke|p2|Dusclops, M|\n|poke|p2|Ferrothorn, F|\n|poke|p2|Ampharos, F|\n|poke|p2|Gothitelle, F|\n|teampreview\n|\n|t:|1698010464\n|start\n|switch|p1a: Bob|Grafaiai, M|100\/100\n|switch|p1b: OU|Iron Valiant|100\/100\n|switch|p2a: Ampharos|Ampharos, F|100\/100\n|switch|p2b: Ferrothorn|Ferrothorn, F|100\/100\n|turn|1\n|\n|t:|1698010488\n|move|p1a: Bob|Taunt|p2b: Ferrothorn\n|-start|p2b: Ferrothorn|move: Taunt\n|move|p1b: OU|Spirit Break|p2a: Ampharos\n|-damage|p2a: Ampharos|39\/100\n|-unboost|p2a: Ampharos|spa|1\n|-status|p1b: OU|par|[from] ability: Static|[of] p2a: Ampharos\n|-damage|p1b: OU|91\/100 par|[from] item: Life Orb\n|move|p2a: Ampharos|Focus Blast|p1a: Bob\n|-damage|p1a: Bob|76\/100\n|move|p2b: Ferrothorn|Gyro Ball|p1b: OU\n|-supereffective|p1b: OU\n|-damage|p1b: OU|0 fnt\n|faint|p1b: OU\n|-end|p1b: OU|Quark Drive|[silent]\n|\n|upkeep\n|\n|t:|1698010503\n|switch|p1b: The BOI|Regigigas|100\/100\n|-start|p1b: The BOI|ability: Slow Start\n|turn|2\n|\n|t:|1698010526\n|detailschange|p2a: Ampharos|Ampharos-Mega, F\n|-mega|p2a: Ampharos|Ampharos|Ampharosite\n|-ability|p2a: Ampharos|Mold Breaker\n|move|p1a: Bob|Doodle|p2b: Ferrothorn\n|-endability|p1a: Bob|Prankster|[from] move: Doodle\n|-ability|p1a: Bob|Iron Barbs|[from] move: Doodle\n|-end|p1b: The BOI|Slow Start|[silent]\n|-endability|p1b: The BOI|Slow Start|[from] move: Doodle\n|-ability|p1b: The BOI|Iron Barbs|[from] move: Doodle\n|move|p1b: The BOI|Substitute|p1b: The BOI\n|-start|p1b: The BOI|Substitute\n|-damage|p1b: The BOI|76\/100\n|move|p2a: Ampharos|Focus Blast|p1b: The BOI\n|-supereffective|p1b: The BOI\n|-end|p1b: The BOI|Substitute\n|move|p2b: Ferrothorn|Gyro Ball|p1b: The BOI\n|-damage|p1b: The BOI|40\/100\n|-damage|p2b: Ferrothorn|88\/100|[from] ability: Iron Barbs|[of] p1b: The BOI\n|\n|-heal|p1b: The BOI|46\/100|[from] item: Leftovers\n|-heal|p2b: Ferrothorn|94\/100|[from] item: Leftovers\n|upkeep\n|turn|3\n|\n|t:|1698010568\n|move|p1a: Bob|Parting Shot|p2b: Ferrothorn\n|-unboost|p2b: Ferrothorn|atk|1\n|-unboost|p2b: Ferrothorn|spa|1\n|\n|t:|1698010577\n|switch|p1a: Has Assault Vest|Dragonite, M|100\/100|[from] Parting Shot\n|move|p1b: The BOI|Drain Punch|p2a: Ampharos\n|-damage|p2a: Ampharos|9\/100\n|-heal|p1b: The BOI|58\/100|[from] drain|[of] p2a: Ampharos\n|move|p2a: Ampharos|Focus Blast|p1b: The BOI\n|-supereffective|p1b: The BOI\n|-damage|p1b: The BOI|1\/100\n|move|p2b: Ferrothorn|Body Press|p1b: The BOI\n|-supereffective|p1b: The BOI\n|-damage|p1b: The BOI|0 fnt\n|-damage|p2b: Ferrothorn|82\/100|[from] ability: Iron Barbs|[of] p1b: The BOI\n|faint|p1b: The BOI\n|\n|-heal|p2b: Ferrothorn|88\/100|[from] item: Leftovers\n|-end|p2b: Ferrothorn|move: Taunt\n|upkeep\n|\n|t:|1698010597\n|switch|p1b: Copypasta|Vaporeon, F|100\/100\n|turn|4\n|\n|t:|1698010615\n|move|p1a: Has Assault Vest|Extreme Speed|p2a: Ampharos\n|-damage|p2a: Ampharos|0 fnt\n|faint|p2a: Ampharos\n|move|p1b: Copypasta|Ice Beam|p2b: Ferrothorn\n|-damage|p2b: Ferrothorn|63\/100\n|move|p2b: Ferrothorn|Gyro Ball|p1a: Has Assault Vest\n|-damage|p1a: Has Assault Vest|88\/100\n|\n|-heal|p2b: Ferrothorn|70\/100|[from] item: Leftovers\n|upkeep\n|c|\u2606imjustthatawsom|can you post the live link for viewers?\n|\n|t:|1698010633\n|switch|p2a: Gothitelle|Gothitelle, F|100\/100\n|turn|5\n|\n|t:|1698010660\n|move|p1a: Has Assault Vest|Dragon Claw|p2a: Gothitelle\n|-damage|p2a: Gothitelle|60\/100\n|move|p2a: Gothitelle|Charm|p1b: Copypasta\n|-unboost|p1b: Copypasta|atk|2\n|move|p1b: Copypasta|Ice Beam|p2b: Ferrothorn\n|-damage|p2b: Ferrothorn|44\/100\n|move|p2b: Ferrothorn|Body Press|p1b: Copypasta\n|-damage|p1b: Copypasta|66\/100\n|\n|-heal|p2a: Gothitelle|66\/100|[from] item: Leftovers\n|-heal|p2b: Ferrothorn|50\/100|[from] item: Leftovers\n|upkeep\n|turn|6\n|\n|t:|1698010687\n|switch|p2b: Dusclops|Dusclops, M|100\/100\n|-item|p1a: Has Assault Vest|Weakness Policy|[from] ability: Frisk|[of] p2b: Dusclops|[identify]\n|-item|p1b: Copypasta|Assault Vest|[from] ability: Frisk|[of] p2b: Dusclops|[identify]\n|move|p1a: Has Assault Vest|Rock Slide|p2a: Gothitelle|[spread] p2a,p2b\n|-damage|p2a: Gothitelle|50\/100\n|-damage|p2b: Dusclops|89\/100\n|move|p2a: Gothitelle|Charm|p1a: Has Assault Vest\n|-unboost|p1a: Has Assault Vest|atk|2\n|move|p1b: Copypasta|Ice Beam|p2b: Dusclops\n|-damage|p2b: Dusclops|68\/100\n|\n|-heal|p2a: Gothitelle|56\/100|[from] item: Leftovers\n|upkeep\n|turn|7\n|\n|t:|1698010718\n|move|p1a: Has Assault Vest|Dragon Claw|p2b: Dusclops\n|-damage|p2b: Dusclops|56\/100\n|move|p2a: Gothitelle|Cosmic Power|p2a: Gothitelle\n|-boost|p2a: Gothitelle|def|1\n|-boost|p2a: Gothitelle|spd|1\n|move|p1b: Copypasta|Shadow Ball|p2b: Dusclops\n|-supereffective|p2b: Dusclops\n|-damage|p2b: Dusclops|21\/100\n|-unboost|p2b: Dusclops|spd|1\n|move|p2b: Dusclops|Trick Room|p2b: Dusclops\n|-fieldstart|move: Trick Room|[of] p2b: Dusclops\n|\n|-heal|p2a: Gothitelle|62\/100|[from] item: Leftovers\n|upkeep\n|turn|8\n|\n|t:|1698010737\n|move|p1a: Has Assault Vest|Extreme Speed|p2a: Gothitelle\n|-damage|p2a: Gothitelle|54\/100\n|move|p2b: Dusclops|Pain Split|p1a: Has Assault Vest\n|-sethp|p1a: Has Assault Vest|52\/100|[from] move: Pain Split|[silent]\n|-sethp|p2b: Dusclops|70\/100|[from] move: Pain Split\n|move|p1b: Copypasta|Shadow Ball|p2b: Dusclops\n|-supereffective|p2b: Dusclops\n|-damage|p2b: Dusclops|20\/100\n|-unboost|p2b: Dusclops|spd|1\n|move|p2a: Gothitelle|Cosmic Power|p2a: Gothitelle\n|-boost|p2a: Gothitelle|def|1\n|-boost|p2a: Gothitelle|spd|1\n|\n|-heal|p2a: Gothitelle|60\/100|[from] item: Leftovers\n|upkeep\n|turn|9\n|\n|t:|1698010763\n|move|p2b: Dusclops|Will-O-Wisp|p1a: Has Assault Vest\n|-status|p1a: Has Assault Vest|brn\n|move|p1b: Copypasta|Shadow Ball|p2b: Dusclops\n|-supereffective|p2b: Dusclops\n|-damage|p2b: Dusclops|0 fnt\n|faint|p2b: Dusclops\n|move|p2a: Gothitelle|Charm|p1a: Has Assault Vest\n|-unboost|p1a: Has Assault Vest|atk|2\n|move|p1a: Has Assault Vest|Dragon Claw|p2a: Gothitelle\n|-damage|p2a: Gothitelle|57\/100\n|\n|-heal|p2a: Gothitelle|63\/100|[from] item: Leftovers\n|-damage|p1a: Has Assault Vest|46\/100 brn|[from] brn\n|upkeep\n|\n|t:|1698010779\n|switch|p2b: Ferrothorn|Ferrothorn, F|50\/100\n|turn|10\n|\n|t:|1698010798\n|move|p2b: Ferrothorn|Gyro Ball|p1b: Copypasta\n|-resisted|p1b: Copypasta\n|-damage|p1b: Copypasta|45\/100\n|move|p1b: Copypasta|Ice Beam|p2b: Ferrothorn\n|-damage|p2b: Ferrothorn|24\/100\n|move|p2a: Gothitelle|Cosmic Power|p2a: Gothitelle\n|-boost|p2a: Gothitelle|def|1\n|-boost|p2a: Gothitelle|spd|1\n|move|p1a: Has Assault Vest|Dragon Claw|p2a: Gothitelle\n|-damage|p2a: Gothitelle|61\/100\n|\n|-heal|p2b: Ferrothorn|30\/100|[from] item: Leftovers\n|-heal|p2a: Gothitelle|67\/100|[from] item: Leftovers\n|-damage|p1a: Has Assault Vest|39\/100 brn|[from] brn\n|upkeep\n|turn|11\n|\n|t:|1698010817\n|move|p2b: Ferrothorn|Body Press|p1b: Copypasta\n|-crit|p1b: Copypasta\n|-damage|p1b: Copypasta|0 fnt\n|faint|p1b: Copypasta\n|move|p2a: Gothitelle|Cosmic Power|p2a: Gothitelle\n|-boost|p2a: Gothitelle|def|1\n|-boost|p2a: Gothitelle|spd|1\n|move|p1a: Has Assault Vest|Dragon Claw|p2a: Gothitelle\n|-damage|p2a: Gothitelle|65\/100\n|\n|-heal|p2b: Ferrothorn|36\/100|[from] item: Leftovers\n|-heal|p2a: Gothitelle|71\/100|[from] item: Leftovers\n|-damage|p1a: Has Assault Vest|33\/100 brn|[from] brn\n|-fieldend|move: Trick Room\n|upkeep\n|\n|t:|1698010833\n|switch|p1b: Bug|Volcarona, F|100\/100\n|turn|12\n|\n|t:|1698010846\n|move|p1b: Bug|Bug Buzz|p2a: Gothitelle\n|-supereffective|p2a: Gothitelle\n|-damage|p2a: Gothitelle|27\/100\n|move|p1a: Has Assault Vest|Dragon Claw|p2a: Gothitelle\n|-damage|p2a: Gothitelle|24\/100\n|move|p2a: Gothitelle|Taunt|p1b: Bug\n|-start|p1b: Bug|move: Taunt\n|move|p2b: Ferrothorn|Leech Seed|p1b: Bug\n|-start|p1b: Bug|move: Leech Seed\n|\n|-heal|p2a: Gothitelle|30\/100|[from] item: Leftovers\n|-heal|p2b: Ferrothorn|42\/100|[from] item: Leftovers\n|-damage|p1b: Bug|88\/100|[from] Leech Seed|[of] p2b: Ferrothorn\n|-heal|p2b: Ferrothorn|53\/100|[silent]\n|-damage|p1a: Has Assault Vest|27\/100 brn|[from] brn\n|upkeep\n|turn|13\n|\n|t:|1698010885\n|move|p1b: Bug|Bug Buzz|p2a: Gothitelle\n|-supereffective|p2a: Gothitelle\n|-damage|p2a: Gothitelle|0 fnt\n|faint|p2a: Gothitelle\n|move|p1a: Has Assault Vest|Dragon Claw|p2b: Ferrothorn\n|-resisted|p2b: Ferrothorn\n|-damage|p2b: Ferrothorn|50\/100\n|-damage|p1a: Has Assault Vest|14\/100 brn|[from] ability: Iron Barbs|[of] p2b: Ferrothorn\n|move|p2b: Ferrothorn|Gyro Ball|p1b: Bug\n|-resisted|p1b: Bug\n|-damage|p1b: Bug|49\/100\n|\n|-heal|p2b: Ferrothorn|57\/100|[from] item: Leftovers\n|-damage|p1b: Bug|37\/100|[from] Leech Seed|[of] p2b: Ferrothorn\n|-heal|p2b: Ferrothorn|68\/100|[silent]\n|-damage|p1a: Has Assault Vest|8\/100 brn|[from] brn\n|upkeep\n|\n|t:|1698010899\n|switch|p2a: Rhyperior|Rhyperior, M|100\/100\n|turn|14\n|\n|t:|1698010916\n|switch|p1b: Bob|Grafaiai, M|76\/100\n|move|p1a: Has Assault Vest|Rock Slide|p2b: Ferrothorn|[spread] p2a,p2b\n|-resisted|p2a: Rhyperior\n|-resisted|p2b: Ferrothorn\n|-damage|p2a: Rhyperior|99\/100\n|-damage|p2b: Ferrothorn|66\/100\n|move|p2a: Rhyperior|Stone Edge|p1b: Bob|[miss]\n|-miss|p2a: Rhyperior|p1b: Bob\n|move|p2b: Ferrothorn|Iron Defense|p2b: Ferrothorn\n|-boost|p2b: Ferrothorn|def|2\n|\n|-heal|p2a: Rhyperior|100\/100|[from] item: Leftovers\n|-heal|p2b: Ferrothorn|73\/100|[from] item: Leftovers\n|-damage|p1a: Has Assault Vest|2\/100 brn|[from] brn\n|upkeep\n|turn|15\n|\n|t:|1698010940\n|move|p1b: Bob|Parting Shot|p2a: Rhyperior\n|-unboost|p2a: Rhyperior|atk|1\n|-unboost|p2a: Rhyperior|spa|1\n|\n|t:|1698010944\n|switch|p1b: Bug|Volcarona, F|37\/100|[from] Parting Shot\n|move|p1a: Has Assault Vest|Rock Slide|p2a: Rhyperior|[spread] p2a,p2b\n|-resisted|p2a: Rhyperior\n|-resisted|p2b: Ferrothorn\n|-damage|p2a: Rhyperior|99\/100\n|-damage|p2b: Ferrothorn|72\/100\n|move|p2a: Rhyperior|Sunny Day|p2a: Rhyperior\n|-weather|SunnyDay\n|cant|p2b: Ferrothorn|flinch\n|\n|-weather|SunnyDay|[upkeep]\n|-heal|p2a: Rhyperior|100\/100|[from] item: Leftovers\n|-heal|p2b: Ferrothorn|78\/100|[from] item: Leftovers\n|-damage|p1a: Has Assault Vest|0 fnt|[from] brn\n|faint|p1a: Has Assault Vest\n|upkeep\n|\n|t:|1698010957\n|switch|p1a: Bob|Grafaiai, M|76\/100\n|turn|16\n|\n|t:|1698010978\n|move|p1a: Bob|Parting Shot|p2a: Rhyperior\n|-unboost|p2a: Rhyperior|atk|1\n|-unboost|p2a: Rhyperior|spa|1\n|move|p1b: Bug|Fiery Dance|p2b: Ferrothorn\n|-supereffective|p2b: Ferrothorn\n|-damage|p2b: Ferrothorn|0 fnt\n|-boost|p1b: Bug|spa|1\n|faint|p2b: Ferrothorn\n|move|p2a: Rhyperior|Earthquake|p1a: Bob|[spread] p1a,p1b\n|-supereffective|p1a: Bob\n|-damage|p1a: Bob|24\/100\n|-damage|p1b: Bug|7\/100\n|\n|-weather|SunnyDay|[upkeep]\n|upkeep\n|\n|t:|1698010989\n|switch|p2b: Espeon|Espeon, F|100\/100\n|turn|17\n|\n|t:|1698011004\n|-terastallize|p2b: Espeon|Fire\n|move|p1a: Bob|Parting Shot|p2b: Espeon\n|move|p2b: Espeon|Parting Shot|p1a: Bob|[from]ability: Magic Bounce\n|-unboost|p1a: Bob|atk|1\n|-unboost|p1a: Bob|spa|1\n|move|p2b: Espeon|Tera Blast|p1a: Bob|[anim] Tera Blast Fire\n|-damage|p1a: Bob|0 fnt\n|faint|p1a: Bob\n|move|p1b: Bug|Fiery Dance|p2b: Espeon\n|-resisted|p2b: Espeon\n|-damage|p2b: Espeon|6\/100\n|move|p2a: Rhyperior|Stone Edge|p1b: Bug|[miss]\n|-miss|p2a: Rhyperior|p1b: Bug\n|\n|-weather|SunnyDay|[upkeep]\n|upkeep\n|turn|18\n|\n|t:|1698011024\n|move|p2b: Espeon|Psyshock|p1b: Bug\n|-damage|p1b: Bug|0 fnt\n|faint|p1b: Bug\n|\n|win|TheOfficialSlade\n|c|\u2606TheOfficialSlade|gg\n|c|\u2606imjustthatawsom|gg\n","uploadtime":1698011047,"views":20,"p1id":"imjustthatawsom","p2id":"theofficialslade","formatid":"gen9nationaldexdoubles","rating":0,"private":0,"password":""}