{"id":"gen9nationaldexdoubles-1971775622","p1":"kumuchun063","p2":"50stunzeed","format":"[Gen 9] National Dex Doubles","log":"|j|\u2606kumuchun063\n|j|\u260650stunzeed\n|t:|1697770838\n|gametype|doubles\n|player|p1|kumuchun063|265|1000\n|player|p2|50stunzeed|proton|1000\n|teamsize|p1|6\n|teamsize|p2|6\n|gen|9\n|tier|[Gen 9] National Dex Doubles\n|rated|\n|rule|HP Percentage Mod: HP is shown in percentages\n|rule|Endless Battle Clause: Forcing endless battles is banned\n|rule|OHKO Clause: OHKO moves are banned\n|rule|Evasion Moves Clause: Evasion moves are banned\n|rule|Evasion Abilities Clause: Evasion abilities are banned\n|rule|Species Clause: Limit one of each Pok\u00e9mon\n|rule|Gravity Sleep Clause: The combination of sleep-inducing moves with imperfect accuracy and Gravity or Gigantamax Orbeetle are banned\n|clearpoke\n|poke|p1|Pelipper, M|\n|poke|p1|Greninja-*, M|\n|poke|p1|Swampert, F|\n|poke|p1|Meloetta|\n|poke|p1|Primarina, F|\n|poke|p1|Zeraora|\n|poke|p2|Jirachi|\n|poke|p2|Eevee, M|\n|poke|p2|Dubwool, F|\n|poke|p2|Regigigas|\n|poke|p2|Snorlax, M|\n|poke|p2|Azumarill, M|\n|teampreview\n|\n|t:|1697770844\n|start\n|switch|p1a: Pelipper|Pelipper, M|100\/100\n|switch|p1b: Swampert|Swampert, F|100\/100\n|switch|p2a: Jirachi|Jirachi|100\/100\n|switch|p2b: Dubwool|Dubwool, F|100\/100\n|-weather|RainDance|[from] ability: Drizzle|[of] p1a: Pelipper\n|turn|1\n|\n|t:|1697770862\n|move|p1a: Pelipper|Protect|p1a: Pelipper\n|-singleturn|p1a: Pelipper|Protect\n|move|p2a: Jirachi|Follow Me|p2a: Jirachi\n|-singleturn|p2a: Jirachi|move: Follow Me\n|move|p2b: Dubwool|Cotton Guard|p2b: Dubwool\n|-boost|p2b: Dubwool|def|3\n|move|p1b: Swampert|Echoed Voice|p2a: Jirachi\n|-resisted|p2a: Jirachi\n|-damage|p2a: Jirachi|97\/100\n|-enditem|p2a: Jirachi|Red Card|[of] p1b: Swampert\n|drag|p1b: Meloetta|Meloetta|100\/100\n|\n|-weather|RainDance|[upkeep]\n|upkeep\n|turn|2\n|\n|t:|1697770884\n|move|p2a: Jirachi|Follow Me|p2a: Jirachi\n|-singleturn|p2a: Jirachi|move: Follow Me\n|move|p1b: Meloetta|Psychic|p2a: Jirachi\n|-resisted|p2a: Jirachi\n|-damage|p2a: Jirachi|90\/100\n|move|p2b: Dubwool|Cotton Guard|p2b: Dubwool\n|-boost|p2b: Dubwool|def|3\n|move|p1a: Pelipper|Echoed Voice|p2a: Jirachi\n|-resisted|p2a: Jirachi\n|-damage|p2a: Jirachi|85\/100\n|\n|-weather|RainDance|[upkeep]\n|upkeep\n|turn|3\n|\n|t:|1697770900\n|move|p1b: Meloetta|Psychic|p2b: Dubwool\n|-damage|p2b: Dubwool|50\/100\n|move|p2b: Dubwool|Agility|p2b: Dubwool\n|-boost|p2b: Dubwool|spe|2\n|move|p2a: Jirachi|Psych Up|p2b: Dubwool\n|-copyboost|p2a: Jirachi|p2b: Dubwool|[from] move: Psych Up\n|move|p1a: Pelipper|Echoed Voice|p2a: Jirachi\n|-resisted|p2a: Jirachi\n|-damage|p2a: Jirachi|77\/100\n|\n|-weather|RainDance|[upkeep]\n|upkeep\n|turn|4\n|\n|t:|1697770918\n|move|p2b: Dubwool|Protect|p2b: Dubwool\n|-singleturn|p2b: Dubwool|Protect\n|move|p2a: Jirachi|Baton Pass|p2a: Jirachi\n|\n|t:|1697770922\n|switch|p2a: Eevee|Eevee, M|100\/100|[from] Baton Pass\n|move|p1b: Meloetta|Psychic|p2b: Dubwool\n|-activate|p2b: Dubwool|move: Protect\n|move|p1a: Pelipper|Tailwind|p1a: Pelipper\n|-sidestart|p1: kumuchun063|move: Tailwind\n|\n|-weather|RainDance|[upkeep]\n|upkeep\n|turn|5\n|\n|t:|1697770936\n|move|p1b: Meloetta|Psychic|p2a: Eevee\n|-damage|p2a: Eevee|53\/100\n|move|p2b: Dubwool|Baton Pass|p2b: Dubwool\n|\n|t:|1697770947\n|switch|p2b: Jirachi|Jirachi|77\/100|[from] Baton Pass\n|move|p1a: Pelipper|Echoed Voice|p2b: Jirachi\n|-resisted|p2b: Jirachi\n|-damage|p2b: Jirachi|74\/100\n|-zpower|p2a: Eevee\n|move|p2a: Eevee|Extreme Evoboost|p2a: Eevee\n|-boost|p2a: Eevee|atk|2\n|-boost|p2a: Eevee|def|0\n|-boost|p2a: Eevee|spa|2\n|-boost|p2a: Eevee|spd|2\n|-boost|p2a: Eevee|spe|2\n|\n|-weather|RainDance|[upkeep]\n|upkeep\n|turn|6\n|\n|t:|1697770969\n|move|p2b: Jirachi|Follow Me|p2b: Jirachi\n|-singleturn|p2b: Jirachi|move: Follow Me\n|move|p1b: Meloetta|Psychic|p2b: Jirachi\n|-resisted|p2b: Jirachi\n|-damage|p2b: Jirachi|67\/100\n|move|p2a: Eevee|Baton Pass|p2a: Eevee\n|\n|t:|1697770977\n|switch|p2a: Regigigas|Regigigas, shiny|100\/100|[from] Baton Pass\n|-start|p2a: Regigigas|ability: Slow Start\n|move|p1a: Pelipper|Echoed Voice|p2b: Jirachi\n|-resisted|p2b: Jirachi\n|-damage|p2b: Jirachi|61\/100\n|\n|-weather|RainDance|[upkeep]\n|upkeep\n|turn|7\n|\n|t:|1697770994\n|switch|p1a: Zeraora|Zeraora|100\/100\n|move|p1b: Meloetta|Psychic|p2a: Regigigas\n|-damage|p2a: Regigigas|86\/100\n|-unboost|p2a: Regigigas|spd|1\n|move|p2a: Regigigas|Smack Down|p1a: Zeraora\n|-damage|p1a: Zeraora|69\/100\n|move|p2b: Jirachi|Skill Swap|p2a: Regigigas\n|-activate|p2b: Jirachi|move: Skill Swap|||[of] p2a: Regigigas\n|-end|p2a: Regigigas|Slow Start|[silent]\n|-start|p2b: Jirachi|ability: Slow Start\n|\n|-weather|RainDance|[upkeep]\n|-sideend|p1: kumuchun063|move: Tailwind\n|upkeep\n|turn|8\n|\n|t:|1697771020\n|move|p2a: Regigigas|Iron Head|p1b: Meloetta\n|-damage|p1b: Meloetta|24\/100\n|cant|p1b: Meloetta|flinch\n|move|p1a: Zeraora|Plasma Fists|p2a: Regigigas\n|-damage|p2a: Regigigas|76\/100\n|-fieldactivate|move: Ion Deluge\n|-hint|Normal-type moves become Electric-type after using Plasma Fists.\n|move|p2b: Jirachi|Baton Pass|p2b: Jirachi\n|\n|t:|1697771030\n|-end|p2b: Jirachi|Slow Start|[silent]\n|switch|p2b: Snorlax|Snorlax, M|100\/100|[from] Baton Pass\n|\n|-weather|none\n|upkeep\n|turn|9\n|\n|t:|1697771045\n|switch|p1b: Pelipper|Pelipper, M|100\/100\n|-weather|RainDance|[from] ability: Drizzle|[of] p1b: Pelipper\n|move|p2a: Regigigas|Headbutt|p1a: Zeraora\n|-damage|p1a: Zeraora|0 fnt\n|faint|p1a: Zeraora\n|move|p2b: Snorlax|Psych Up|p2a: Regigigas\n|-copyboost|p2b: Snorlax|p2a: Regigigas|[from] move: Psych Up\n|\n|-weather|RainDance|[upkeep]\n|upkeep\n|\n|t:|1697771055\n|switch|p1a: Greninja|Greninja, M|100\/100\n|turn|10\n|\n|t:|1697771110\n|move|p2a: Regigigas|Smack Down|p1b: Pelipper\n|-supereffective|p1b: Pelipper\n|-damage|p1b: Pelipper|42\/100\n|-start|p1b: Pelipper|Smack Down\n|move|p1a: Greninja|Icy Wind|p2a: Regigigas|[spread] p2a,p2b\n|-start|p1a: Greninja|typechange|Ice|[from] ability: Protean\n|-damage|p2a: Regigigas|66\/100\n|-damage|p2b: Snorlax|95\/100\n|-unboost|p2a: Regigigas|spe|1\n|-unboost|p2b: Snorlax|spe|1\n|move|p2b: Snorlax|Body Slam|p1a: Greninja\n|-damage|p1a: Greninja|0 fnt\n|faint|p1a: Greninja\n|move|p1b: Pelipper|Echoed Voice|p2a: Regigigas\n|-damage|p2a: Regigigas|63\/100\n|\n|-weather|RainDance|[upkeep]\n|upkeep\n|\n|t:|1697771127\n|switch|p1a: Primarina|Primarina, F|100\/100\n|turn|11\n|l|\u260650stunzeed\n|player|p2|\n|j|\u260650stunzeed\n|player|p2|50stunzeed|proton\n|\n|t:|1697771190\n|move|p1b: Pelipper|Protect|p1b: Pelipper\n|-singleturn|p1b: Pelipper|Protect\n|move|p2a: Regigigas|Headbutt|p1a: Primarina\n|-damage|p1a: Primarina|0 fnt\n|faint|p1a: Primarina\n|move|p2b: Snorlax|High Horsepower|p1b: Pelipper\n|-activate|p1b: Pelipper|move: Protect\n|\n|-weather|RainDance|[upkeep]\n|upkeep\n|\n|t:|1697771201\n|switch|p1a: Swampert|Swampert, F|100\/100\n|turn|12\n|\n|t:|1697771219\n|move|p2a: Regigigas|Iron Head|p1b: Pelipper\n|-resisted|p1b: Pelipper\n|-damage|p1b: Pelipper|19\/100\n|move|p2b: Snorlax|Body Slam|p1a: Swampert\n|-damage|p1a: Swampert|18\/100\n|move|p1a: Swampert|Earth Power|p2a: Regigigas\n|-damage|p2a: Regigigas|47\/100\n|-unboost|p2a: Regigigas|spd|1\n|move|p1b: Pelipper|U-turn|p2b: Snorlax\n|-damage|p2b: Snorlax|92\/100\n|inactive|Battle timer is ON: inactive players will automatically lose when time's up. (requested by kumuchun063)\n|\n|t:|1697771246\n|switch|p1b: Meloetta|Meloetta|24\/100|[from] U-turn\n|\n|-weather|RainDance|[upkeep]\n|upkeep\n|turn|13\n|\n|t:|1697771263\n|move|p2a: Regigigas|Headbutt|p1b: Meloetta\n|-damage|p1b: Meloetta|0 fnt\n|faint|p1b: Meloetta\n|move|p2b: Snorlax|Darkest Lariat|p1a: Swampert\n|-damage|p1a: Swampert|0 fnt\n|faint|p1a: Swampert\n|\n|-weather|RainDance|[upkeep]\n|upkeep\n|\n|t:|1697771273\n|switch|p1b: Pelipper|Pelipper, M|19\/100\n|turn|14\n|\n|t:|1697771282\n|move|p2a: Regigigas|Smack Down|p1b: Pelipper\n|-supereffective|p1b: Pelipper\n|-damage|p1b: Pelipper|0 fnt\n|faint|p1b: Pelipper\n|\n|win|50stunzeed\n|raw|kumuchun063's rating: 1000 &rarr; <strong>1000<\/strong><br \/>(+0 for losing)\n|raw|50stunzeed's rating: 1000 &rarr; <strong>1040<\/strong><br \/>(+40 for winning)\n|l|\u2606kumuchun063\n","uploadtime":1697771289,"views":6,"p1id":"kumuchun063","p2id":"50stunzeed","formatid":"gen9nationaldexdoubles","rating":1000,"private":0,"password":""}