{"id":"gen9nationaldexdoubles-1995186349","p1":"Alonso26ca","p2":"Roncito","format":"[Gen 9] National Dex Doubles","log":"|j|\u2606Alonso26ca\n|j|\u2606Roncito\n|t:|1700532270\n|gametype|doubles\n|player|p1|Alonso26ca|n|\n|player|p2|Roncito|2|\n|teamsize|p1|6\n|teamsize|p2|6\n|gen|9\n|tier|[Gen 9] National Dex Doubles\n|rule|HP Percentage Mod: HP is shown in percentages\n|rule|Endless Battle Clause: Forcing endless battles is banned\n|rule|OHKO Clause: OHKO moves are banned\n|rule|Evasion Moves Clause: Evasion moves are banned\n|rule|Evasion Abilities Clause: Evasion abilities are banned\n|rule|Species Clause: Limit one of each Pok\u00e9mon\n|rule|Gravity Sleep Clause: The combination of sleep-inducing moves with imperfect accuracy and Gravity or Gigantamax Orbeetle are banned\n|clearpoke\n|poke|p1|Bulbasaur, M|\n|poke|p1|Scorbunny, F|\n|poke|p1|Litten, M|\n|poke|p1|Froakie, F|\n|poke|p1|Riolu, F|\n|poke|p1|Snivy, M|\n|poke|p2|Charmander, F|\n|poke|p2|Larvitar, F|\n|poke|p2|Totodile, F|\n|poke|p2|Sprigatito, F|\n|poke|p2|Bulbasaur, M|\n|poke|p2|Litten, M|\n|teampreview\n|c|\u2606Alonso26ca|gl\n|\n|t:|1700532306\n|start\n|switch|p1a: Litten|Litten, M|100\/100\n|switch|p1b: Froakie|Froakie, F|100\/100\n|switch|p2a: Totodile|Totodile, F|100\/100\n|switch|p2b: Bulbasaur|Bulbasaur, M|100\/100\n|-ability|p1a: Litten|Intimidate|boost\n|-unboost|p2a: Totodile|atk|1\n|-unboost|p2b: Bulbasaur|atk|1\n|turn|1\n|\n|t:|1700532356\n|move|p1a: Litten|Fake Out|p2a: Totodile\n|-damage|p2a: Totodile|94\/100\n|cant|p2a: Totodile|flinch\n|move|p1b: Froakie|Ice Beam|p2b: Bulbasaur\n|-start|p1b: Froakie|typechange|Ice|[from] ability: Protean\n|-supereffective|p2b: Bulbasaur\n|-damage|p2b: Bulbasaur|46\/100\n|move|p2b: Bulbasaur|Giga Drain|p1b: Froakie\n|-damage|p1b: Froakie|37\/100\n|-heal|p2b: Bulbasaur|73\/100|[from] drain|[of] p1b: Froakie\n|\n|upkeep\n|turn|2\n|\n|t:|1700532392\n|switch|p1b: Bulbasaur|Bulbasaur, M|100\/100\n|move|p1a: Litten|Overheat|p2b: Bulbasaur\n|-supereffective|p2b: Bulbasaur\n|-damage|p2b: Bulbasaur|2\/100\n|-unboost|p1a: Litten|spa|2\n|move|p2b: Bulbasaur|Giga Drain|p1b: Bulbasaur\n|-resisted|p1b: Bulbasaur\n|-damage|p1b: Bulbasaur|92\/100\n|-heal|p2b: Bulbasaur|7\/100|[from] drain|[of] p1b: Bulbasaur\n|move|p2a: Totodile|Waterfall|p1a: Litten\n|-supereffective|p1a: Litten\n|-damage|p1a: Litten|0 fnt\n|faint|p1a: Litten\n|\n|-heal|p1b: Bulbasaur|98\/100|[from] item: Leftovers\n|upkeep\n|\n|t:|1700532407\n|switch|p1a: Snivy|Snivy, M|100\/100\n|turn|3\n|\n|t:|1700532439\n|move|p1a: Snivy|Substitute|p1a: Snivy\n|-start|p1a: Snivy|Substitute\n|-damage|p1a: Snivy|76\/100\n|move|p2b: Bulbasaur|Sludge Bomb|p1a: Snivy\n|-supereffective|p1a: Snivy\n|-end|p1a: Snivy|Substitute\n|move|p2a: Totodile|Ice Punch|p1b: Bulbasaur\n|-supereffective|p1b: Bulbasaur\n|-damage|p1b: Bulbasaur|63\/100\n|move|p1b: Bulbasaur|Leech Seed|p2a: Totodile\n|-start|p2a: Totodile|move: Leech Seed\n|\n|-heal|p1a: Snivy|82\/100|[from] item: Leftovers\n|-heal|p1b: Bulbasaur|69\/100|[from] item: Leftovers\n|-damage|p2a: Totodile|81\/100|[from] Leech Seed|[of] p1b: Bulbasaur\n|-heal|p1b: Bulbasaur|81\/100|[silent]\n|upkeep\n|turn|4\n|\n|t:|1700532501\n|switch|p2a: Litten|Litten, M|100\/100\n|-ability|p2a: Litten|Intimidate|boost\n|-boost|p1a: Snivy|atk|1\n|-unboost|p1b: Bulbasaur|atk|1\n|-terastallize|p2b: Bulbasaur|Dragon\n|move|p1a: Snivy|Leaf Storm|p2b: Bulbasaur\n|-resisted|p2b: Bulbasaur\n|-damage|p2b: Bulbasaur|0 fnt\n|-boost|p1a: Snivy|spa|2\n|faint|p2b: Bulbasaur\n|move|p1b: Bulbasaur|Sleep Powder|p2a: Litten\n|-status|p2a: Litten|slp|[from] move: Sleep Powder\n|\n|-heal|p1a: Snivy|88\/100|[from] item: Leftovers\n|-heal|p1b: Bulbasaur|87\/100|[from] item: Leftovers\n|upkeep\n|\n|t:|1700532519\n|switch|p2b: Charmander|Charmander, F|100\/100\n|turn|5\n|\n|t:|1700532533\n|cant|p2a: Litten|slp\n|move|p1a: Snivy|Substitute|p1a: Snivy\n|-start|p1a: Snivy|Substitute\n|-damage|p1a: Snivy|63\/100\n|move|p2b: Charmander|Heat Wave|p1a: Snivy|[spread] p1b\n|-miss|p2b: Charmander|p1a: Snivy\n|-supereffective|p1b: Bulbasaur\n|-damage|p1b: Bulbasaur|0 fnt\n|faint|p1b: Bulbasaur\n|\n|-heal|p1a: Snivy|69\/100|[from] item: Leftovers\n|upkeep\n|\n|t:|1700532541\n|switch|p1b: Froakie|Froakie, F|37\/100\n|turn|6\n|\n|t:|1700532576\n|move|p2b: Charmander|Protect|p2b: Charmander\n|-singleturn|p2b: Charmander|Protect\n|-curestatus|p2a: Litten|slp|[msg]\n|move|p2a: Litten|Fake Out||[still]\n|-hint|Fake Out only works on your first turn out.\n|-fail|p2a: Litten\n|move|p1b: Froakie|Rock Slide|p2a: Litten|[spread] p2a\n|-start|p1b: Froakie|typechange|Rock|[from] ability: Protean\n|-activate|p2b: Charmander|move: Protect\n|-supereffective|p2a: Litten\n|-damage|p2a: Litten|21\/100\n|move|p1a: Snivy|Hidden Power|p2b: Charmander\n|-activate|p2b: Charmander|move: Protect\n|\n|-heal|p1a: Snivy|75\/100|[from] item: Leftovers\n|upkeep\n|turn|7\n|\n|t:|1700532613\n|move|p2a: Litten|Protect|p2a: Litten\n|-singleturn|p2a: Litten|Protect\n|move|p1b: Froakie|Rock Slide|p2b: Charmander|[spread] p2b\n|-activate|p2a: Litten|move: Protect\n|-supereffective|p2b: Charmander\n|-damage|p2b: Charmander|37\/100\n|move|p1a: Snivy|Leaf Storm|p2b: Charmander\n|-resisted|p2b: Charmander\n|-damage|p2b: Charmander|0 fnt\n|-boost|p1a: Snivy|spa|2\n|faint|p2b: Charmander\n|\n|-heal|p1a: Snivy|81\/100|[from] item: Leftovers\n|upkeep\n|\n|t:|1700532630\n|switch|p2b: Larvitar|Larvitar, F|100\/100\n|turn|8\n|\n|t:|1700532657\n|switch|p2a: Sprigatito|Sprigatito, F|100\/100\n|move|p1b: Froakie|Rock Slide|p2a: Sprigatito|[spread] p2a,p2b\n|-resisted|p2b: Larvitar\n|-crit|p2b: Larvitar\n|-damage|p2a: Sprigatito|62\/100\n|-damage|p2b: Larvitar|79\/100\n|move|p1a: Snivy|Leaf Storm|p2b: Larvitar\n|-supereffective|p2b: Larvitar\n|-damage|p2b: Larvitar|0 fnt\n|-boost|p1a: Snivy|spa|2\n|faint|p2b: Larvitar\n|\n|-heal|p1a: Snivy|87\/100|[from] item: Leftovers\n|upkeep\n|\n|t:|1700532670\n|switch|p2b: Totodile|Totodile, F|81\/100\n|turn|9\n|\n|t:|1700532692\n|-terastallize|p1b: Froakie|Water\n|move|p1b: Froakie|Rock Slide|p2b: Totodile|[spread] p2a,p2b\n|-damage|p2a: Sprigatito|23\/100\n|-damage|p2b: Totodile|66\/100\n|move|p1a: Snivy|Leaf Storm|p2b: Totodile\n|-supereffective|p2b: Totodile\n|-damage|p2b: Totodile|0 fnt\n|faint|p2b: Totodile\n|cant|p2a: Sprigatito|flinch\n|\n|-heal|p1a: Snivy|94\/100|[from] item: Leftovers\n|upkeep\n|\n|t:|1700532703\n|switch|p2b: Litten|Litten, M|21\/100\n|-ability|p2b: Litten|Intimidate|boost\n|-immune|p1a: Snivy\n|-unboost|p1b: Froakie|atk|1\n|turn|10\n|\n|t:|1700532713\n|move|p1b: Froakie|Rock Slide|p2a: Sprigatito|[spread] p2a,p2b\n|-supereffective|p2b: Litten\n|-damage|p2a: Sprigatito|0 fnt\n|-damage|p2b: Litten|0 fnt\n|faint|p2a: Sprigatito\n|faint|p2b: Litten\n|\n|win|Alonso26ca\n|l|\u2606Roncito\n|c|\u2606Alonso26ca|gg\n","uploadtime":1700532727,"views":3,"p1id":"alonso26ca","p2id":"roncito","formatid":"gen9nationaldexdoubles","rating":0,"private":0,"password":""}