{"id":"gen9nationaldexdoubles-1959192249","p1":"KingGodzila","p2":"wz132","format":"[Gen 9] National Dex Doubles","log":"|j|\u2606KingGodzila\n|j|\u2606wz132\n|t:|1696398362\n|gametype|doubles\n|player|p1|KingGodzila|bugsy|1176\n|player|p2|wz132|102|1204\n|teamsize|p1|6\n|teamsize|p2|6\n|gen|9\n|tier|[Gen 9] National Dex Doubles\n|rated|\n|rule|HP Percentage Mod: HP is shown in percentages\n|rule|Endless Battle Clause: Forcing endless battles is banned\n|rule|OHKO Clause: OHKO moves are banned\n|rule|Evasion Moves Clause: Evasion moves are banned\n|rule|Evasion Abilities Clause: Evasion abilities are banned\n|rule|Species Clause: Limit one of each Pok\u00e9mon\n|rule|Gravity Sleep Clause: The combination of sleep-inducing moves with imperfect accuracy and Gravity or Gigantamax Orbeetle are banned\n|clearpoke\n|poke|p1|Vikavolt, M|\n|poke|p1|Lokix, M|\n|poke|p1|Golisopod, M|\n|poke|p1|Cresselia, F|\n|poke|p1|Escavalier, M|\n|poke|p1|Scizor, M|\n|poke|p2|Pelipper, F|\n|poke|p2|Politoed, M|\n|poke|p2|Tornadus, M|\n|poke|p2|Iron Bundle|\n|poke|p2|Swampert, F|\n|poke|p2|Ogerpon-Wellspring, F|\n|teampreview\n|\n|t:|1696398385\n|start\n|switch|p1a: \u7f8e\u68a6\u8001\u5988|Cresselia, F|100\/100\n|switch|p1b: \u80fd\u8fdb\u80fd\u9000\u65b9\u6b66\u8005|Golisopod, M, shiny|100\/100\n|switch|p2a: Swampert|Swampert, F|100\/100\n|switch|p2b: Pelipper|Pelipper, F|100\/100\n|-weather|RainDance|[from] ability: Drizzle|[of] p2b: Pelipper\n|turn|1\n|l|\u2606KingGodzila\n|player|p1|\n|inactive|Battle timer is ON: inactive players will automatically lose when time's up. (requested by wz132)\n|j|\u2606KingGodzila\n|inactive|KingGodzila reconnected and has 150 seconds left.\n|player|p1|KingGodzila|bugsy\n|\n|t:|1696398452\n|detailschange|p2a: Swampert|Swampert-Mega, F\n|-mega|p2a: Swampert|Swampert|Swampertite\n|move|p2a: Swampert|Waterfall|p1a: \u7f8e\u68a6\u8001\u5988\n|-damage|p1a: \u7f8e\u68a6\u8001\u5988|46\/100\n|move|p2b: Pelipper|Weather Ball|p1a: \u7f8e\u68a6\u8001\u5988\n|-damage|p1a: \u7f8e\u68a6\u8001\u5988|2\/100\n|move|p1b: \u80fd\u8fdb\u80fd\u9000\u65b9\u6b66\u8005|Knock Off|p2b: Pelipper\n|-damage|p2b: Pelipper|55\/100\n|-enditem|p2b: Pelipper|Choice Specs|[from] move: Knock Off|[of] p1b: \u80fd\u8fdb\u80fd\u9000\u65b9\u6b66\u8005\n|move|p1a: \u7f8e\u68a6\u8001\u5988|Trick Room|p1a: \u7f8e\u68a6\u8001\u5988\n|-fieldstart|move: Trick Room|[of] p1a: \u7f8e\u68a6\u8001\u5988\n|\n|-weather|RainDance|[upkeep]\n|-heal|p1a: \u7f8e\u68a6\u8001\u5988|8\/100|[from] item: Leftovers\n|upkeep\n|turn|2\n|inactive|wz132 has 120 seconds left.\n|inactive|wz132 has 90 seconds left.\n|\n|t:|1696398534\n|move|p1b: \u80fd\u8fdb\u80fd\u9000\u65b9\u6b66\u8005|Liquidation|p2a: Swampert\n|-damage|p2a: Swampert|33\/100\n|move|p1a: \u7f8e\u68a6\u8001\u5988|Lunar Blessing|p1a: \u7f8e\u68a6\u8001\u5988|[spread] p1a,p1b\n|-heal|p1a: \u7f8e\u68a6\u8001\u5988|33\/100\n|move|p2b: Pelipper|U-turn|p1a: \u7f8e\u68a6\u8001\u5988\n|-supereffective|p1a: \u7f8e\u68a6\u8001\u5988\n|-damage|p1a: \u7f8e\u68a6\u8001\u5988|22\/100\n|\n|t:|1696398544\n|switch|p2b: Politoed|Politoed, M|100\/100|[from] U-turn\n|move|p2a: Swampert|Flip Turn|p1b: \u80fd\u8fdb\u80fd\u9000\u65b9\u6b66\u8005\n|-resisted|p1b: \u80fd\u8fdb\u80fd\u9000\u65b9\u6b66\u8005\n|-damage|p1b: \u80fd\u8fdb\u80fd\u9000\u65b9\u6b66\u8005|80\/100\n|\n|t:|1696398552\n|switch|p2a: Tornadus|Tornadus, M|100\/100|[from] Flip Turn\n|\n|-weather|RainDance|[upkeep]\n|-heal|p1a: \u7f8e\u68a6\u8001\u5988|28\/100|[from] item: Leftovers\n|upkeep\n|turn|3\n|\n|t:|1696398578\n|switch|p1a: \u7535\u5149\u8f68\u9053\u70ae|Vikavolt, M|100\/100\n|move|p1b: \u80fd\u8fdb\u80fd\u9000\u65b9\u6b66\u8005|Knock Off|p2a: Tornadus\n|-damage|p2a: Tornadus|65\/100\n|move|p2b: Politoed|Weather Ball|p1a: \u7535\u5149\u8f68\u9053\u70ae\n|-damage|p1a: \u7535\u5149\u8f68\u9053\u70ae|26\/100\n|move|p2a: Tornadus|Bleakwind Storm|p1a: \u7535\u5149\u8f68\u9053\u70ae|[spread] p1a,p1b\n|-supereffective|p1b: \u80fd\u8fdb\u80fd\u9000\u65b9\u6b66\u8005\n|-damage|p1a: \u7535\u5149\u8f68\u9053\u70ae|0 fnt\n|-damage|p1b: \u80fd\u8fdb\u80fd\u9000\u65b9\u6b66\u8005|2\/100\n|faint|p1a: \u7535\u5149\u8f68\u9053\u70ae\n|-activate|p1b: \u80fd\u8fdb\u80fd\u9000\u65b9\u6b66\u8005|ability: Emergency Exit\n|inactive|KingGodzila has 120 seconds left.\n|\n|t:|1696398597\n|switch|p1b: \u4e00\u592b\u5f53\u5173\u4e3a\u9a91\u58eb|Escavalier, M|100\/100\n|\n|-weather|RainDance|[upkeep]\n|upkeep\n|\n|t:|1696398619\n|switch|p1a: Scizor|Scizor, M|100\/100\n|turn|4\n|inactive|KingGodzila has 120 seconds left.\n|\n|t:|1696398639\n|switch|p2a: Swampert|Swampert-Mega, F|33\/100\n|detailschange|p1a: Scizor|Scizor-Mega, M\n|-mega|p1a: Scizor|Scizor|Scizorite\n|move|p1b: \u4e00\u592b\u5f53\u5173\u4e3a\u9a91\u58eb|Iron Head|p2a: Swampert\n|-resisted|p2a: Swampert\n|-damage|p2a: Swampert|5\/100\n|-damage|p1b: \u4e00\u592b\u5f53\u5173\u4e3a\u9a91\u58eb|91\/100|[from] item: Life Orb\n|move|p1a: Scizor|Curse|p1a: Scizor\n|-unboost|p1a: Scizor|spe|1\n|-boost|p1a: Scizor|atk|1\n|-boost|p1a: Scizor|def|1\n|move|p2b: Politoed|Weather Ball|p1b: \u4e00\u592b\u5f53\u5173\u4e3a\u9a91\u58eb\n|-damage|p1b: \u4e00\u592b\u5f53\u5173\u4e3a\u9a91\u58eb|33\/100\n|\n|-weather|RainDance|[upkeep]\n|upkeep\n|turn|5\n|inactive|wz132 has 120 seconds left.\n|inactive|KingGodzila has 120 seconds left.\n|\n|t:|1696398677\n|move|p1b: \u4e00\u592b\u5f53\u5173\u4e3a\u9a91\u58eb|Drill Run|p2a: Swampert\n|-damage|p2a: Swampert|0 fnt\n|faint|p2a: Swampert\n|-damage|p1b: \u4e00\u592b\u5f53\u5173\u4e3a\u9a91\u58eb|23\/100|[from] item: Life Orb\n|move|p1a: Scizor|Close Combat|p2b: Politoed\n|-damage|p2b: Politoed|20\/100\n|-unboost|p1a: Scizor|def|1\n|-unboost|p1a: Scizor|spd|1\n|-enditem|p2b: Politoed|Mago Berry|[eat]\n|-heal|p2b: Politoed|53\/100|[from] item: Mago Berry\n|move|p2b: Politoed|Weather Ball|p1a: Scizor\n|-damage|p1a: Scizor|14\/100\n|\n|-weather|none\n|-fieldend|move: Trick Room\n|upkeep\n|\n|t:|1696398695\n|switch|p2a: Tornadus|Tornadus, M|65\/100\n|turn|6\n|\n|t:|1696398705\n|switch|p2b: Pelipper|Pelipper, F|55\/100\n|-weather|RainDance|[from] ability: Drizzle|[of] p2b: Pelipper\n|move|p1a: Scizor|Bullet Punch|p2a: Tornadus\n|-damage|p2a: Tornadus|0 fnt\n|faint|p2a: Tornadus\n|move|p1b: \u4e00\u592b\u5f53\u5173\u4e3a\u9a91\u58eb|X-Scissor|p2b: Pelipper\n|-resisted|p2b: Pelipper\n|-damage|p2b: Pelipper|13\/100\n|-damage|p1b: \u4e00\u592b\u5f53\u5173\u4e3a\u9a91\u58eb|13\/100|[from] item: Life Orb\n|\n|-weather|RainDance|[upkeep]\n|upkeep\n|\n|t:|1696398722\n|switch|p2a: Politoed|Politoed, M|53\/100\n|turn|7\n|inactive|wz132 has 120 seconds left.\n|\n|t:|1696398734\n|move|p1a: Scizor|Bullet Punch|p2b: Pelipper\n|-resisted|p2b: Pelipper\n|-damage|p2b: Pelipper|0 fnt\n|faint|p2b: Pelipper\n|move|p2a: Politoed|Weather Ball|p1b: \u4e00\u592b\u5f53\u5173\u4e3a\u9a91\u58eb\n|-damage|p1b: \u4e00\u592b\u5f53\u5173\u4e3a\u9a91\u58eb|0 fnt\n|faint|p1b: \u4e00\u592b\u5f53\u5173\u4e3a\u9a91\u58eb\n|\n|-weather|RainDance|[upkeep]\n|upkeep\n|\n|t:|1696398747\n|switch|p2b: Ogerpon|Ogerpon-Wellspring, F|100\/100\n|switch|p1b: \u80fd\u8fdb\u80fd\u9000\u65b9\u6b66\u8005|Golisopod, M, shiny|2\/100\n|turn|8\n|\n|t:|1696398762\n|move|p2b: Ogerpon|Protect|p2b: Ogerpon\n|-singleturn|p2b: Ogerpon|Protect\n|move|p1b: \u80fd\u8fdb\u80fd\u9000\u65b9\u6b66\u8005|First Impression|p2b: Ogerpon\n|-activate|p2b: Ogerpon|move: Protect\n|move|p1a: Scizor|Bullet Punch|p2a: Politoed\n|-resisted|p2a: Politoed\n|-damage|p2a: Politoed|21\/100\n|move|p2a: Politoed|Uproar|p1b: \u80fd\u8fdb\u80fd\u9000\u65b9\u6b66\u8005\n|-damage|p1b: \u80fd\u8fdb\u80fd\u9000\u65b9\u6b66\u8005|0 fnt\n|-start|p2a: Politoed|Uproar\n|faint|p1b: \u80fd\u8fdb\u80fd\u9000\u65b9\u6b66\u8005\n|\n|-weather|RainDance|[upkeep]\n|-start|p2a: Politoed|Uproar|[upkeep]\n|upkeep\n|\n|t:|1696398770\n|switch|p1b: \u70c8\u817f\u8757\u4fa0|Lokix, M|100\/100\n|turn|9\n|\n|t:|1696398782\n|switch|p2b: Iron Bundle|Iron Bundle|100\/100\n|-enditem|p2b: Iron Bundle|Booster Energy\n|-activate|p2b: Iron Bundle|ability: Quark Drive|[fromitem]\n|-start|p2b: Iron Bundle|quarkdrivespe\n|move|p1b: \u70c8\u817f\u8757\u4fa0|First Impression|p2b: Iron Bundle\n|-damage|p2b: Iron Bundle|38\/100\n|-damage|p1b: \u70c8\u817f\u8757\u4fa0|91\/100|[from] item: Life Orb\n|move|p1a: Scizor|Bullet Punch|p2a: Politoed\n|-resisted|p2a: Politoed\n|-damage|p2a: Politoed|0 fnt\n|faint|p2a: Politoed\n|\n|-weather|RainDance|[upkeep]\n|upkeep\n|\n|t:|1696398794\n|switch|p2a: Ogerpon|Ogerpon-Wellspring, F|100\/100\n|turn|10\n|\n|t:|1696398814\n|-terastallize|p2a: Ogerpon|Water\n|detailschange|p2a: Ogerpon|Ogerpon-Wellspring-Tera, F, tera:Water\n|-ability|p2a: Ogerpon|Embody Aspect (Wellspring)|boost\n|-boost|p2a: Ogerpon|spd|1\n|move|p1b: \u70c8\u817f\u8757\u4fa0|Sucker Punch|p2b: Iron Bundle\n|-damage|p2b: Iron Bundle|0 fnt\n|faint|p2b: Iron Bundle\n|-end|p2b: Iron Bundle|Quark Drive|[silent]\n|-damage|p1b: \u70c8\u817f\u8757\u4fa0|81\/100|[from] item: Life Orb\n|move|p2a: Ogerpon|Ivy Cudgel|p1b: \u70c8\u817f\u8757\u4fa0\n|-damage|p1b: \u70c8\u817f\u8757\u4fa0|0 fnt\n|faint|p1b: \u70c8\u817f\u8757\u4fa0\n|move|p1a: Scizor|U-turn|p2a: Ogerpon\n|-damage|p2a: Ogerpon|16\/100\n|\n|t:|1696398822\n|switch|p1a: \u7f8e\u68a6\u8001\u5988|Cresselia, F|28\/100|[from] U-turn\n|\n|-weather|none\n|-heal|p1a: \u7f8e\u68a6\u8001\u5988|34\/100|[from] item: Leftovers\n|upkeep\n|\n|t:|1696398829\n|switch|p1b: Scizor|Scizor-Mega, M|14\/100\n|turn|11\n|\n|t:|1696398841\n|move|p1b: Scizor|Bullet Punch|p2a: Ogerpon\n|-resisted|p2a: Ogerpon\n|-damage|p2a: Ogerpon|0 fnt\n|faint|p2a: Ogerpon\n|\n|win|KingGodzila\n|raw|KingGodzila's rating: 1176 &rarr; <strong>1203<\/strong><br \/>(+27 for winning)\n|raw|wz132's rating: 1204 &rarr; <strong>1177<\/strong><br \/>(-27 for losing)\n","uploadtime":1696398848,"views":11,"p1id":"kinggodzila","p2id":"wz132","formatid":"gen9nationaldexdoubles","rating":1177,"private":0,"password":""}