{"id":"gen9nationaldexdoubles-1986579237","p1":"Chaos92031","p2":"yaya_x3","format":"[Gen 9] National Dex Doubles","log":"|j|\u2606Chaos92031\n|j|\u2606yaya_x3\n|t:|1699494134\n|gametype|doubles\n|player|p1|Chaos92031|blue|\n|player|p2|yaya_x3|morgan|\n|teamsize|p1|6\n|teamsize|p2|6\n|gen|9\n|tier|[Gen 9] National Dex Doubles\n|rule|HP Percentage Mod: HP is shown in percentages\n|rule|Endless Battle Clause: Forcing endless battles is banned\n|rule|OHKO Clause: OHKO moves are banned\n|rule|Evasion Moves Clause: Evasion moves are banned\n|rule|Evasion Abilities Clause: Evasion abilities are banned\n|rule|Species Clause: Limit one of each Pok\u00e9mon\n|rule|Gravity Sleep Clause: The combination of sleep-inducing moves with imperfect accuracy and Gravity or Gigantamax Orbeetle are banned\n|clearpoke\n|poke|p1|Charizard, F|\n|poke|p1|Chi-Yu|\n|poke|p1|Flutter Mane|\n|poke|p1|Whimsicott, F|\n|poke|p1|Kingambit, F|\n|poke|p1|Landorus-Therian, M|\n|poke|p2|Marshadow|\n|poke|p2|Rillaboom, F|\n|poke|p2|Chien-Pao|\n|poke|p2|Zamazenta-*|\n|poke|p2|Zygarde|\n|poke|p2|Whimsicott, F|\n|teampreview\n|\n|t:|1699494159\n|start\n|switch|p1a: Charizard|Charizard, F|100\/100\n|switch|p1b: Flutter Mane|Flutter Mane|100\/100\n|switch|p2a: \ud835\udc03\ud835\udc28\ud835\udc20\ud835\udc1e \ud835\udde3\ud835\uddfc\ud835\ude04 !|Chien-Pao|100\/100\n|switch|p2b: \uff2d\uff4f\uff4e\uff4b\uff45 \ud83d\udc12|Rillaboom, F|100\/100\n|-ability|p2a: \ud835\udc03\ud835\udc28\ud835\udc20\ud835\udc1e \ud835\udde3\ud835\uddfc\ud835\ude04 !|Sword of Ruin\n|-fieldstart|move: Grassy Terrain|[from] ability: Grassy Surge|[of] p2b: \uff2d\uff4f\uff4e\uff4b\uff45 \ud83d\udc12\n|turn|1\n|j| MarcusTalks\n|\n|t:|1699494190\n|-end|p1b: Flutter Mane|Protosynthesis|[silent]\n|switch|p1b: Landorus|Landorus-Therian, M|100\/100\n|-ability|p1b: Landorus|Intimidate|boost\n|-unboost|p2a: \ud835\udc03\ud835\udc28\ud835\udc20\ud835\udc1e \ud835\udde3\ud835\uddfc\ud835\ude04 !|atk|1\n|-unboost|p2b: \uff2d\uff4f\uff4e\uff4b\uff45 \ud83d\udc12|atk|1\n|detailschange|p1a: Charizard|Charizard-Mega-Y, F\n|-mega|p1a: Charizard|Charizard|Charizardite Y\n|-weather|SunnyDay|[from] ability: Drought|[of] p1a: Charizard\n|move|p2b: \uff2d\uff4f\uff4e\uff4b\uff45 \ud83d\udc12|Fake Out|p1a: Charizard\n|-damage|p1a: Charizard|79\/100\n|-damage|p2b: \uff2d\uff4f\uff4e\uff4b\uff45 \ud83d\udc12|91\/100|[from] item: Life Orb\n|move|p2a: \ud835\udc03\ud835\udc28\ud835\udc20\ud835\udc1e \ud835\udde3\ud835\uddfc\ud835\ude04 !|Sucker Punch||[still]\n|-fail|p2a: \ud835\udc03\ud835\udc28\ud835\udc20\ud835\udc1e \ud835\udde3\ud835\uddfc\ud835\ude04 !\n|cant|p1a: Charizard|flinch\n|\n|-weather|SunnyDay|[upkeep]\n|-heal|p2b: \uff2d\uff4f\uff4e\uff4b\uff45 \ud83d\udc12|97\/100|[from] Grassy Terrain\n|upkeep\n|turn|2\n|\n|t:|1699494262\n|switch|p2b: (\ud835\ude7c\ud835\ude8e\ud835\ude90\ud835\ude8a) \u2022 Arbok|Zygarde, shiny|100\/100\n|-ability|p2b: (\ud835\ude7c\ud835\ude8e\ud835\ude90\ud835\ude8a) \u2022 Arbok|Aura Break\n|move|p2a: \ud835\udc03\ud835\udc28\ud835\udc20\ud835\udc1e \ud835\udde3\ud835\uddfc\ud835\ude04 !|Swords Dance|p2a: \ud835\udc03\ud835\udc28\ud835\udc20\ud835\udc1e \ud835\udde3\ud835\uddfc\ud835\ude04 !\n|-boost|p2a: \ud835\udc03\ud835\udc28\ud835\udc20\ud835\udc1e \ud835\udde3\ud835\uddfc\ud835\ude04 !|atk|2\n|move|p1a: Charizard|Heat Wave|p2a: \ud835\udc03\ud835\udc28\ud835\udc20\ud835\udc1e \ud835\udde3\ud835\uddfc\ud835\ude04 !|[spread] p2a,p2b\n|-supereffective|p2a: \ud835\udc03\ud835\udc28\ud835\udc20\ud835\udc1e \ud835\udde3\ud835\uddfc\ud835\ude04 !\n|-resisted|p2b: (\ud835\ude7c\ud835\ude8e\ud835\ude90\ud835\ude8a) \u2022 Arbok\n|-enditem|p2a: \ud835\udc03\ud835\udc28\ud835\udc20\ud835\udc1e \ud835\udde3\ud835\uddfc\ud835\ude04 !|Focus Sash\n|-damage|p2a: \ud835\udc03\ud835\udc28\ud835\udc20\ud835\udc1e \ud835\udde3\ud835\uddfc\ud835\ude04 !|1\/100\n|-damage|p2b: (\ud835\ude7c\ud835\ude8e\ud835\ude90\ud835\ude8a) \u2022 Arbok|78\/100\n|move|p1b: Landorus|U-turn|p2a: \ud835\udc03\ud835\udc28\ud835\udc20\ud835\udc1e \ud835\udde3\ud835\uddfc\ud835\ude04 !\n|-supereffective|p2a: \ud835\udc03\ud835\udc28\ud835\udc20\ud835\udc1e \ud835\udde3\ud835\uddfc\ud835\ude04 !\n|-damage|p2a: \ud835\udc03\ud835\udc28\ud835\udc20\ud835\udc1e \ud835\udde3\ud835\uddfc\ud835\ude04 !|0 fnt\n|faint|p2a: \ud835\udc03\ud835\udc28\ud835\udc20\ud835\udc1e \ud835\udde3\ud835\uddfc\ud835\ude04 !\n|\n|t:|1699494280\n|switch|p1b: Whimsicott|Whimsicott, F|100\/100|[from] U-turn\n|\n|-weather|SunnyDay|[upkeep]\n|-heal|p2b: (\ud835\ude7c\ud835\ude8e\ud835\ude90\ud835\ude8a) \u2022 Arbok|84\/100|[from] Grassy Terrain\n|-heal|p2b: (\ud835\ude7c\ud835\ude8e\ud835\ude90\ud835\ude8a) \u2022 Arbok|90\/100|[from] item: Leftovers\n|upkeep\n|c| MarcusTalks|Just gotta say you guys are making my dinner a lot more interesting\n|\n|t:|1699494293\n|switch|p2a: \ud835\udc03\ud835\udc28\ud835\udc20\ud835\udc1e \u0535\u03b1\u0572k|Zamazenta|100\/100\n|-ability|p2a: \ud835\udc03\ud835\udc28\ud835\udc20\ud835\udc1e \u0535\u03b1\u0572k|Dauntless Shield|boost\n|-boost|p2a: \ud835\udc03\ud835\udc28\ud835\udc20\ud835\udc1e \u0535\u03b1\u0572k|def|1\n|turn|3\n|c|\u2606Chaos92031|lmao\n|\n|t:|1699494306\n|move|p1b: Whimsicott|Tailwind|p1b: Whimsicott\n|-sidestart|p1: Chaos92031|move: Tailwind\n|move|p1a: Charizard|Hidden Power|p2b: (\ud835\ude7c\ud835\ude8e\ud835\ude90\ud835\ude8a) \u2022 Arbok\n|-supereffective|p2b: (\ud835\ude7c\ud835\ude8e\ud835\ude90\ud835\ude8a) \u2022 Arbok\n|-damage|p2b: (\ud835\ude7c\ud835\ude8e\ud835\ude90\ud835\ude8a) \u2022 Arbok|25\/100\n|move|p2a: \ud835\udc03\ud835\udc28\ud835\udc20\ud835\udc1e \u0535\u03b1\u0572k|Heavy Slam|p1b: Whimsicott\n|-supereffective|p1b: Whimsicott\n|-damage|p1b: Whimsicott|34\/100\n|move|p2b: (\ud835\ude7c\ud835\ude8e\ud835\ude90\ud835\ude8a) \u2022 Arbok|Dragon Dance|p2b: (\ud835\ude7c\ud835\ude8e\ud835\ude90\ud835\ude8a) \u2022 Arbok\n|-boost|p2b: (\ud835\ude7c\ud835\ude8e\ud835\ude90\ud835\ude8a) \u2022 Arbok|atk|1\n|-boost|p2b: (\ud835\ude7c\ud835\ude8e\ud835\ude90\ud835\ude8a) \u2022 Arbok|spe|1\n|\n|-weather|SunnyDay|[upkeep]\n|-heal|p1b: Whimsicott|41\/100|[from] Grassy Terrain\n|-heal|p2b: (\ud835\ude7c\ud835\ude8e\ud835\ude90\ud835\ude8a) \u2022 Arbok|31\/100|[from] Grassy Terrain\n|-heal|p2b: (\ud835\ude7c\ud835\ude8e\ud835\ude90\ud835\ude8a) \u2022 Arbok|37\/100|[from] item: Leftovers\n|upkeep\n|turn|4\n|\n|t:|1699494348\n|move|p2b: (\ud835\ude7c\ud835\ude8e\ud835\ude90\ud835\ude8a) \u2022 Arbok|Protect|p2b: (\ud835\ude7c\ud835\ude8e\ud835\ude90\ud835\ude8a) \u2022 Arbok\n|-singleturn|p2b: (\ud835\ude7c\ud835\ude8e\ud835\ude90\ud835\ude8a) \u2022 Arbok|Protect\n|move|p1b: Whimsicott|Encore|p2b: (\ud835\ude7c\ud835\ude8e\ud835\ude90\ud835\ude8a) \u2022 Arbok\n|-activate|p2b: (\ud835\ude7c\ud835\ude8e\ud835\ude90\ud835\ude8a) \u2022 Arbok|move: Protect\n|move|p1a: Charizard|Heat Wave|p2a: \ud835\udc03\ud835\udc28\ud835\udc20\ud835\udc1e \u0535\u03b1\u0572k|[spread] p2a\n|-activate|p2b: (\ud835\ude7c\ud835\ude8e\ud835\ude90\ud835\ude8a) \u2022 Arbok|move: Protect\n|-damage|p2a: \ud835\udc03\ud835\udc28\ud835\udc20\ud835\udc1e \u0535\u03b1\u0572k|56\/100\n|-status|p2a: \ud835\udc03\ud835\udc28\ud835\udc20\ud835\udc1e \u0535\u03b1\u0572k|brn\n|move|p2a: \ud835\udc03\ud835\udc28\ud835\udc20\ud835\udc1e \u0535\u03b1\u0572k|Coaching|p2b: (\ud835\ude7c\ud835\ude8e\ud835\ude90\ud835\ude8a) \u2022 Arbok\n|-boost|p2b: (\ud835\ude7c\ud835\ude8e\ud835\ude90\ud835\ude8a) \u2022 Arbok|atk|1\n|-boost|p2b: (\ud835\ude7c\ud835\ude8e\ud835\ude90\ud835\ude8a) \u2022 Arbok|def|1\n|\n|-weather|SunnyDay|[upkeep]\n|-heal|p1b: Whimsicott|47\/100|[from] Grassy Terrain\n|-heal|p2a: \ud835\udc03\ud835\udc28\ud835\udc20\ud835\udc1e \u0535\u03b1\u0572k|62\/100 brn|[from] Grassy Terrain\n|-heal|p2b: (\ud835\ude7c\ud835\ude8e\ud835\ude90\ud835\ude8a) \u2022 Arbok|43\/100|[from] Grassy Terrain\n|-heal|p2b: (\ud835\ude7c\ud835\ude8e\ud835\ude90\ud835\ude8a) \u2022 Arbok|49\/100|[from] item: Leftovers\n|-damage|p2a: \ud835\udc03\ud835\udc28\ud835\udc20\ud835\udc1e \u0535\u03b1\u0572k|56\/100 brn|[from] brn\n|upkeep\n|turn|5\n|\n|t:|1699494375\n|-terastallize|p2b: (\ud835\ude7c\ud835\ude8e\ud835\ude90\ud835\ude8a) \u2022 Arbok|Normal\n|move|p2a: \ud835\udc03\ud835\udc28\ud835\udc20\ud835\udc1e \u0535\u03b1\u0572k|Helping Hand|p2b: (\ud835\ude7c\ud835\ude8e\ud835\ude90\ud835\ude8a) \u2022 Arbok\n|-singleturn|p2b: (\ud835\ude7c\ud835\ude8e\ud835\ude90\ud835\ude8a) \u2022 Arbok|Helping Hand|[of] p2a: \ud835\udc03\ud835\udc28\ud835\udc20\ud835\udc1e \u0535\u03b1\u0572k\n|move|p2b: (\ud835\ude7c\ud835\ude8e\ud835\ude90\ud835\ude8a) \u2022 Arbok|Extreme Speed|p1a: Charizard\n|-damage|p1a: Charizard|0 fnt\n|faint|p1a: Charizard\n|move|p1b: Whimsicott|Moonblast|p2b: (\ud835\ude7c\ud835\ude8e\ud835\ude90\ud835\ude8a) \u2022 Arbok\n|-damage|p2b: (\ud835\ude7c\ud835\ude8e\ud835\ude90\ud835\ude8a) \u2022 Arbok|28\/100\n|\n|-weather|none\n|-heal|p1b: Whimsicott|53\/100|[from] Grassy Terrain\n|-heal|p2a: \ud835\udc03\ud835\udc28\ud835\udc20\ud835\udc1e \u0535\u03b1\u0572k|62\/100 brn|[from] Grassy Terrain\n|-heal|p2b: (\ud835\ude7c\ud835\ude8e\ud835\ude90\ud835\ude8a) \u2022 Arbok|34\/100|[from] Grassy Terrain\n|-heal|p2b: (\ud835\ude7c\ud835\ude8e\ud835\ude90\ud835\ude8a) \u2022 Arbok|40\/100|[from] item: Leftovers\n|-damage|p2a: \ud835\udc03\ud835\udc28\ud835\udc20\ud835\udc1e \u0535\u03b1\u0572k|56\/100 brn|[from] brn\n|-fieldend|move: Grassy Terrain\n|upkeep\n|\n|t:|1699494385\n|switch|p1a: Chi-Yu|Chi-Yu|100\/100\n|-ability|p1a: Chi-Yu|Beads of Ruin\n|turn|6\n|\n|t:|1699494409\n|-terastallize|p1a: Chi-Yu|Ghost\n|move|p1b: Whimsicott|Helping Hand|p1a: Chi-Yu\n|-singleturn|p1a: Chi-Yu|Helping Hand|[of] p1b: Whimsicott\n|move|p1a: Chi-Yu|Heat Wave|p2a: \ud835\udc03\ud835\udc28\ud835\udc20\ud835\udc1e \u0535\u03b1\u0572k|[spread] p2a\n|-miss|p1a: Chi-Yu|p2b: (\ud835\ude7c\ud835\ude8e\ud835\ude90\ud835\ude8a) \u2022 Arbok\n|-damage|p2a: \ud835\udc03\ud835\udc28\ud835\udc20\ud835\udc1e \u0535\u03b1\u0572k|0 fnt\n|faint|p2a: \ud835\udc03\ud835\udc28\ud835\udc20\ud835\udc1e \u0535\u03b1\u0572k\n|move|p2b: (\ud835\ude7c\ud835\ude8e\ud835\ude90\ud835\ude8a) \u2022 Arbok|Thousand Arrows|p1b: Whimsicott|[spread] p1a,p1b\n|-resisted|p1b: Whimsicott\n|-enditem|p1a: Chi-Yu|Focus Sash\n|-damage|p1a: Chi-Yu|1\/100\n|-damage|p1b: Whimsicott|13\/100\n|\n|-heal|p2b: (\ud835\ude7c\ud835\ude8e\ud835\ude90\ud835\ude8a) \u2022 Arbok|47\/100|[from] item: Leftovers\n|-sideend|p1: Chaos92031|move: Tailwind\n|upkeep\n|\n|t:|1699494429\n|switch|p2a: \uff30\uff55\uff4c\uff4c \uff35\uff30|Marshadow|100\/100\n|turn|7\n|\n|t:|1699494446\n|switch|p1a: Landorus|Landorus-Therian, M|100\/100\n|-ability|p1a: Landorus|Intimidate|boost\n|-unboost|p2a: \uff30\uff55\uff4c\uff4c \uff35\uff30|atk|1\n|-unboost|p2b: (\ud835\ude7c\ud835\ude8e\ud835\ude90\ud835\ude8a) \u2022 Arbok|atk|1\n|move|p2a: \uff30\uff55\uff4c\uff4c \uff35\uff30|Shadow Sneak|p1b: Whimsicott\n|-damage|p1b: Whimsicott|0 fnt\n|faint|p1b: Whimsicott\n|move|p2b: (\ud835\ude7c\ud835\ude8e\ud835\ude90\ud835\ude8a) \u2022 Arbok|Thousand Arrows|p1a: Landorus\n|-damage|p1a: Landorus|37\/100\n|-start|p1a: Landorus|Smack Down\n|\n|-heal|p2b: (\ud835\ude7c\ud835\ude8e\ud835\ude90\ud835\ude8a) \u2022 Arbok|53\/100|[from] item: Leftovers\n|upkeep\n|\n|t:|1699494459\n|switch|p1b: Flutter Mane|Flutter Mane|100\/100\n|turn|8\n|\n|t:|1699494490\n|switch|p1a: Chi-Yu|Chi-Yu, tera:Ghost|1\/100\n|-ability|p1a: Chi-Yu|Beads of Ruin\n|move|p2a: \uff30\uff55\uff4c\uff4c \uff35\uff30|Shadow Sneak|p1b: Flutter Mane\n|-supereffective|p1b: Flutter Mane\n|-damage|p1b: Flutter Mane|37\/100\n|move|p1b: Flutter Mane|Moonblast|p2b: (\ud835\ude7c\ud835\ude8e\ud835\ude90\ud835\ude8a) \u2022 Arbok\n|-damage|p2b: (\ud835\ude7c\ud835\ude8e\ud835\ude90\ud835\ude8a) \u2022 Arbok|0 fnt\n|faint|p2b: (\ud835\ude7c\ud835\ude8e\ud835\ude90\ud835\ude8a) \u2022 Arbok\n|\n|upkeep\n|\n|t:|1699494532\n|switch|p2b: \uff2d\uff4f\uff4e\uff4b\uff45 \ud83d\udc12|Rillaboom, F|97\/100\n|-fieldstart|move: Grassy Terrain|[from] ability: Grassy Surge|[of] p2b: \uff2d\uff4f\uff4e\uff4b\uff45 \ud83d\udc12\n|turn|9\n|\n|t:|1699494550\n|switch|p2a: \u2b50 Twinkle \u2b50|Whimsicott, F, shiny|100\/100\n|move|p1a: Chi-Yu|Protect|p1a: Chi-Yu\n|-singleturn|p1a: Chi-Yu|Protect\n|move|p2b: \uff2d\uff4f\uff4e\uff4b\uff45 \ud83d\udc12|Grassy Glide|p1a: Chi-Yu\n|-activate|p1a: Chi-Yu|move: Protect\n|move|p1b: Flutter Mane|Moonblast|p2a: \u2b50 Twinkle \u2b50\n|-damage|p2a: \u2b50 Twinkle \u2b50|0 fnt\n|faint|p2a: \u2b50 Twinkle \u2b50\n|\n|-heal|p1b: Flutter Mane|43\/100|[from] Grassy Terrain\n|-heal|p1a: Chi-Yu|7\/100|[from] Grassy Terrain\n|-heal|p2b: \uff2d\uff4f\uff4e\uff4b\uff45 \ud83d\udc12|100\/100|[from] Grassy Terrain\n|upkeep\n|\n|t:|1699494568\n|switch|p2a: \uff30\uff55\uff4c\uff4c \uff35\uff30|Marshadow|100\/100\n|turn|10\n|\n|t:|1699494615\n|switch|p1a: Landorus|Landorus-Therian, M|37\/100\n|-ability|p1a: Landorus|Intimidate|boost\n|-unboost|p2a: \uff30\uff55\uff4c\uff4c \uff35\uff30|atk|1\n|-unboost|p2b: \uff2d\uff4f\uff4e\uff4b\uff45 \ud83d\udc12|atk|1\n|move|p2b: \uff2d\uff4f\uff4e\uff4b\uff45 \ud83d\udc12|Grassy Glide|p1a: Landorus\n|-damage|p1a: Landorus|0 fnt\n|faint|p1a: Landorus\n|-damage|p2b: \uff2d\uff4f\uff4e\uff4b\uff45 \ud83d\udc12|91\/100|[from] item: Life Orb\n|move|p2a: \uff30\uff55\uff4c\uff4c \uff35\uff30|Substitute|p2a: \uff30\uff55\uff4c\uff4c \uff35\uff30\n|-start|p2a: \uff30\uff55\uff4c\uff4c \uff35\uff30|Substitute\n|-damage|p2a: \uff30\uff55\uff4c\uff4c \uff35\uff30|76\/100\n|move|p1b: Flutter Mane|Moonblast|p2a: \uff30\uff55\uff4c\uff4c \uff35\uff30\n|-supereffective|p2a: \uff30\uff55\uff4c\uff4c \uff35\uff30\n|-end|p2a: \uff30\uff55\uff4c\uff4c \uff35\uff30|Substitute\n|\n|-heal|p2a: \uff30\uff55\uff4c\uff4c \uff35\uff30|82\/100|[from] Grassy Terrain\n|-heal|p1b: Flutter Mane|50\/100|[from] Grassy Terrain\n|-heal|p2b: \uff2d\uff4f\uff4e\uff4b\uff45 \ud83d\udc12|97\/100|[from] Grassy Terrain\n|upkeep\n|\n|t:|1699494631\n|switch|p1a: Chi-Yu|Chi-Yu, tera:Ghost|7\/100\n|-ability|p1a: Chi-Yu|Beads of Ruin\n|turn|11\n|\n|t:|1699494664\n|move|p2b: \uff2d\uff4f\uff4e\uff4b\uff45 \ud83d\udc12|Grassy Glide|p1a: Chi-Yu\n|-damage|p1a: Chi-Yu|0 fnt\n|faint|p1a: Chi-Yu\n|-damage|p2b: \uff2d\uff4f\uff4e\uff4b\uff45 \ud83d\udc12|87\/100|[from] item: Life Orb\n|move|p2a: \uff30\uff55\uff4c\uff4c \uff35\uff30|Substitute|p2a: \uff30\uff55\uff4c\uff4c \uff35\uff30\n|-start|p2a: \uff30\uff55\uff4c\uff4c \uff35\uff30|Substitute\n|-damage|p2a: \uff30\uff55\uff4c\uff4c \uff35\uff30|57\/100\n|move|p1b: Flutter Mane|Moonblast|p2a: \uff30\uff55\uff4c\uff4c \uff35\uff30\n|-supereffective|p2a: \uff30\uff55\uff4c\uff4c \uff35\uff30\n|-end|p2a: \uff30\uff55\uff4c\uff4c \uff35\uff30|Substitute\n|\n|-heal|p2a: \uff30\uff55\uff4c\uff4c \uff35\uff30|63\/100|[from] Grassy Terrain\n|-heal|p1b: Flutter Mane|56\/100|[from] Grassy Terrain\n|-heal|p2b: \uff2d\uff4f\uff4e\uff4b\uff45 \ud83d\udc12|93\/100|[from] Grassy Terrain\n|upkeep\n|\n|t:|1699494670\n|switch|p1a: Kingambit|Kingambit, F|100\/100\n|turn|12\n|\n|t:|1699494712\n|move|p2a: \uff30\uff55\uff4c\uff4c \uff35\uff30|Close Combat|p1a: Kingambit\n|-supereffective|p1a: Kingambit\n|-damage|p1a: Kingambit|0 fnt\n|-unboost|p2a: \uff30\uff55\uff4c\uff4c \uff35\uff30|def|1\n|-unboost|p2a: \uff30\uff55\uff4c\uff4c \uff35\uff30|spd|1\n|faint|p1a: Kingambit\n|move|p1b: Flutter Mane|Moonblast|p2a: \uff30\uff55\uff4c\uff4c \uff35\uff30\n|-supereffective|p2a: \uff30\uff55\uff4c\uff4c \uff35\uff30\n|-damage|p2a: \uff30\uff55\uff4c\uff4c \uff35\uff30|0 fnt\n|faint|p2a: \uff30\uff55\uff4c\uff4c \uff35\uff30\n|move|p2b: \uff2d\uff4f\uff4e\uff4b\uff45 \ud83d\udc12|Wood Hammer|p1b: Flutter Mane\n|-damage|p1b: Flutter Mane|0 fnt\n|faint|p1b: Flutter Mane\n|-end|p1b: Flutter Mane|Protosynthesis|[silent]\n|-damage|p2b: \uff2d\uff4f\uff4e\uff4b\uff45 \ud83d\udc12|79\/100|[from] Recoil\n|-damage|p2b: \uff2d\uff4f\uff4e\uff4b\uff45 \ud83d\udc12|69\/100|[from] item: Life Orb\n|\n|win|yaya_x3\n|c|\u2606Chaos92031|gg\n|l|\u2606Chaos92031\n|l| MarcusTalks\n","uploadtime":1699494761,"views":20,"p1id":"chaos92031","p2id":"yayax3","formatid":"gen9nationaldexdoubles","rating":0,"private":0,"password":""}