{"id":"gen9nationaldexdoubles-1989182681","p1":"Wookiebacon","p2":"killahj","format":"[Gen 9] National Dex Doubles","log":"|j|\u2606Wookiebacon\n|j|\u2606killahj\n|t:|1699820919\n|gametype|doubles\n|player|p1|Wookiebacon|skyla|1116\n|player|p2|killahj|silver|1201\n|teamsize|p1|6\n|teamsize|p2|6\n|gen|9\n|tier|[Gen 9] National Dex Doubles\n|rated|\n|rule|HP Percentage Mod: HP is shown in percentages\n|rule|Endless Battle Clause: Forcing endless battles is banned\n|rule|OHKO Clause: OHKO moves are banned\n|rule|Evasion Moves Clause: Evasion moves are banned\n|rule|Evasion Abilities Clause: Evasion abilities are banned\n|rule|Species Clause: Limit one of each Pok\u00e9mon\n|rule|Gravity Sleep Clause: The combination of sleep-inducing moves with imperfect accuracy and Gravity or Gigantamax Orbeetle are banned\n|clearpoke\n|poke|p1|Vaporeon, F|\n|poke|p1|Volcarona, F|\n|poke|p1|Thundurus-Therian, M|\n|poke|p1|Donphan, M|\n|poke|p1|Dusclops, F|\n|poke|p1|Gallade, M|\n|poke|p2|Gastrodon, F|\n|poke|p2|Raichu-Alola, M|\n|poke|p2|Haxorus, M|\n|poke|p2|Chandelure, F|\n|poke|p2|Sylveon, F|\n|poke|p2|Medicham, M|\n|teampreview\n|\n|t:|1699820926\n|start\n|switch|p1a: Volcarona|Volcarona, F|100\/100\n|switch|p1b: Vaporeon|Vaporeon, F, shiny|100\/100\n|switch|p2a: Gastrodon|Gastrodon, F|100\/100\n|switch|p2b: Raichu|Raichu-Alola, M|100\/100\n|turn|1\n|j| Redzone92\n|\n|t:|1699820949\n|move|p2b: Raichu|Fake Out|p1a: Volcarona\n|-damage|p1a: Volcarona|89\/100\n|-status|p2b: Raichu|brn|[from] ability: Flame Body|[of] p1a: Volcarona\n|cant|p1a: Volcarona|flinch\n|move|p1b: Vaporeon|Ice Beam|p2a: Gastrodon\n|-damage|p2a: Gastrodon|84\/100\n|move|p2a: Gastrodon|Scald|p1a: Volcarona\n|-supereffective|p1a: Volcarona\n|-damage|p1a: Volcarona|25\/100\n|-enditem|p1a: Volcarona|Iapapa Berry|[eat]\n|-heal|p1a: Volcarona|58\/100|[from] item: Iapapa Berry\n|\n|-damage|p2b: Raichu|94\/100 brn|[from] brn\n|upkeep\n|turn|2\n|\n|t:|1699820976\n|move|p2b: Raichu|Psychic|p1a: Volcarona\n|-damage|p1a: Volcarona|20\/100\n|move|p1a: Volcarona|Sunny Day|p1a: Volcarona\n|-weather|SunnyDay\n|move|p1b: Vaporeon|Ice Beam|p2a: Gastrodon\n|-damage|p2a: Gastrodon|66\/100\n|move|p2a: Gastrodon|Scald|p1a: Volcarona\n|-supereffective|p1a: Volcarona\n|-damage|p1a: Volcarona|0 fnt\n|faint|p1a: Volcarona\n|\n|-weather|SunnyDay|[upkeep]\n|-damage|p2b: Raichu|88\/100 brn|[from] brn\n|upkeep\n|\n|t:|1699820989\n|switch|p1a: Donphan|Donphan, M|100\/100\n|turn|3\n|\n|t:|1699821010\n|switch|p2b: Sylveon|Sylveon, F|100\/100\n|move|p1b: Vaporeon|Ice Beam|p2a: Gastrodon\n|-damage|p2a: Gastrodon|50\/100\n|move|p1a: Donphan|Body Slam|p2b: Sylveon\n|-damage|p2b: Sylveon|45\/100\n|-damage|p1a: Donphan|91\/100|[from] item: Life Orb\n|move|p2a: Gastrodon|Scald|p1a: Donphan\n|-supereffective|p1a: Donphan\n|-damage|p1a: Donphan|56\/100\n|-status|p1a: Donphan|brn\n|\n|-weather|SunnyDay|[upkeep]\n|-damage|p1a: Donphan|50\/100 brn|[from] brn\n|upkeep\n|turn|4\n|\n|t:|1699821036\n|move|p1b: Vaporeon|Scald|p2a: Gastrodon\n|-activate|p2a: Gastrodon|ability: Storm Drain\n|-ability|p2a: Gastrodon|Storm Drain|boost\n|-boost|p2a: Gastrodon|spa|1\n|move|p2b: Sylveon|Psychic|p1a: Donphan\n|-damage|p1a: Donphan|7\/100 brn\n|-unboost|p1a: Donphan|spd|1\n|move|p1a: Donphan|Body Slam|p2a: Gastrodon\n|-damage|p2a: Gastrodon|27\/100\n|-status|p2a: Gastrodon|par\n|-damage|p1a: Donphan|0 fnt|[from] item: Life Orb\n|faint|p1a: Donphan\n|cant|p2a: Gastrodon|par\n|\n|-weather|SunnyDay|[upkeep]\n|upkeep\n|\n|t:|1699821051\n|switch|p1a: Gallade|Gallade, M, shiny|100\/100\n|turn|5\n|\n|t:|1699821064\n|move|p1a: Gallade|Leaf Blade|p2a: Gastrodon\n|-supereffective|p2a: Gastrodon\n|-damage|p2a: Gastrodon|0 fnt\n|faint|p2a: Gastrodon\n|move|p1b: Vaporeon|Ice Beam|p2b: Sylveon\n|-damage|p2b: Sylveon|34\/100\n|move|p2b: Sylveon|Psychic|p1a: Gallade\n|-damage|p1a: Gallade|69\/100\n|\n|-weather|SunnyDay|[upkeep]\n|upkeep\n|\n|t:|1699821083\n|switch|p2a: Medicham|Medicham, M|100\/100\n|turn|6\n|\n|t:|1699821096\n|detailschange|p2a: Medicham|Medicham-Mega, M\n|-mega|p2a: Medicham|Medicham|Medichamite\n|move|p2a: Medicham|Fake Out|p1a: Gallade\n|-damage|p1a: Gallade|21\/100\n|cant|p1a: Gallade|flinch\n|move|p1b: Vaporeon|Ice Beam|p2b: Sylveon\n|-damage|p2b: Sylveon|23\/100\n|move|p2b: Sylveon|Moonblast|p1a: Gallade\n|-supereffective|p1a: Gallade\n|-damage|p1a: Gallade|0 fnt\n|faint|p1a: Gallade\n|\n|-weather|none\n|upkeep\n|\n|t:|1699821105\n|switch|p1a: Thundurus|Thundurus-Therian, M|100\/100\n|turn|7\n|\n|t:|1699821126\n|switch|p2a: Haxorus|Haxorus, M, shiny|100\/100\n|-ability|p2a: Haxorus|Mold Breaker\n|move|p1a: Thundurus|Wildbolt Storm|p2a: Haxorus|[spread] \n|-miss|p1a: Thundurus|p2a: Haxorus\n|-miss|p1a: Thundurus|p2b: Sylveon\n|move|p1b: Vaporeon|Mimic|p1a: Thundurus\n|-start|p1b: Vaporeon|Mimic|Wildbolt Storm\n|move|p2b: Sylveon|Moonblast|p1a: Thundurus\n|-damage|p1a: Thundurus|30\/100\n|\n|upkeep\n|turn|8\n|\n|t:|1699821144\n|move|p2a: Haxorus|Dragon Claw|p1a: Thundurus\n|-crit|p1a: Thundurus\n|-damage|p1a: Thundurus|0 fnt\n|faint|p1a: Thundurus\n|move|p1b: Vaporeon|Wildbolt Storm|p2b: Sylveon|[spread] p2a,p2b\n|-resisted|p2a: Haxorus\n|-damage|p2a: Haxorus|87\/100\n|-damage|p2b: Sylveon|15\/100\n|move|p2b: Sylveon|Moonblast|p1b: Vaporeon\n|-damage|p1b: Vaporeon|63\/100\n|\n|-heal|p1b: Vaporeon|69\/100|[from] item: Leftovers\n|upkeep\n|\n|t:|1699821155\n|switch|p1a: Dusclops|Dusclops, F, shiny|100\/100\n|-item|p2a: Haxorus|Choice Scarf|[from] ability: Frisk|[of] p1a: Dusclops|[identify]\n|-item|p2b: Sylveon|Assault Vest|[from] ability: Frisk|[of] p1a: Dusclops|[identify]\n|turn|9\n|\n|t:|1699821171\n|-terastallize|p2a: Haxorus|Steel\n|move|p2a: Haxorus|Dragon Claw|p1b: Vaporeon\n|-damage|p1b: Vaporeon|31\/100\n|move|p1b: Vaporeon|Wish|p1b: Vaporeon\n|move|p2b: Sylveon|Moonblast|p1b: Vaporeon\n|-damage|p1b: Vaporeon|0 fnt\n|faint|p1b: Vaporeon\n|move|p1a: Dusclops|Ice Punch|p2a: Haxorus\n|-resisted|p2a: Haxorus\n|-damage|p2a: Haxorus|78\/100\n|\n|upkeep\n|turn|10\n|-message|Wookiebacon forfeited.\n|\n|win|killahj\n|raw|Wookiebacon's rating: 1116 &rarr; <strong>1097<\/strong><br \/>(-19 for losing)\n|raw|killahj's rating: 1201 &rarr; <strong>1220<\/strong><br \/>(+19 for winning)\n|l|\u2606Wookiebacon\n","uploadtime":1699821244,"views":6,"p1id":"wookiebacon","p2id":"killahj","formatid":"gen9nationaldexdoubles","rating":1097,"private":0,"password":""}