{"id":"gen9nationaldexdoubles-1966683766","p1":"Old McBruh","p2":"Kin+ak (\u2727\u2207\u2727)","format":"[Gen 9] National Dex Doubles","log":"|j|\u2606Old McBruh\n|j|\u2606Kin+ak (\u2727\u2207\u2727)\n|t:|1697213376\n|gametype|doubles\n|player|p1|Old McBruh|colress|1539\n|player|p2|Kin+ak (\u2727\u2207\u2727)|wally|1537\n|teamsize|p1|6\n|teamsize|p2|6\n|gen|9\n|tier|[Gen 9] National Dex Doubles\n|rated|\n|rule|HP Percentage Mod: HP is shown in percentages\n|rule|Endless Battle Clause: Forcing endless battles is banned\n|rule|OHKO Clause: OHKO moves are banned\n|rule|Evasion Moves Clause: Evasion moves are banned\n|rule|Evasion Abilities Clause: Evasion abilities are banned\n|rule|Species Clause: Limit one of each Pok\u00e9mon\n|rule|Gravity Sleep Clause: The combination of sleep-inducing moves with imperfect accuracy and Gravity or Gigantamax Orbeetle are banned\n|clearpoke\n|poke|p1|Zygarde|\n|poke|p1|Ninetales-Alola, F|\n|poke|p1|Cresselia, F|\n|poke|p1|Whimsicott, M|\n|poke|p1|Chien-Pao|\n|poke|p1|Rillaboom, M|\n|poke|p2|Chien-Pao|\n|poke|p2|Zygarde|\n|poke|p2|Iron Hands|\n|poke|p2|Ogerpon-Hearthflame, F|\n|poke|p2|Tornadus, M|\n|poke|p2|Scizor, F|\n|teampreview\n|c|\u2606Old McBruh|oh hi kin\n|\n|t:|1697213410\n|start\n|switch|p1a: Annoying Fluffball|Whimsicott, M|100\/100\n|switch|p1b: The Immortal|Zygarde|100\/100\n|switch|p2a: Scizor|Scizor, F|100\/100\n|switch|p2b: Chien-Pao|Chien-Pao|100\/100\n|-ability|p2b: Chien-Pao|Sword of Ruin\n|-ability|p1b: The Immortal|Aura Break\n|turn|1\n|\n|t:|1697213422\n|detailschange|p2a: Scizor|Scizor-Mega, F\n|-mega|p2a: Scizor|Scizor|Scizorite\n|move|p1b: The Immortal|Protect|p1b: The Immortal\n|-singleturn|p1b: The Immortal|Protect\n|move|p1a: Annoying Fluffball|Tailwind|p1a: Annoying Fluffball\n|-sidestart|p1: Old McBruh|move: Tailwind\n|move|p2b: Chien-Pao|Ice Spinner|p1b: The Immortal\n|-activate|p1b: The Immortal|move: Protect\n|move|p2a: Scizor|Swords Dance|p2a: Scizor\n|-boost|p2a: Scizor|atk|2\n|\n|upkeep\n|turn|2\n|\n|t:|1697213450\n|switch|p2a: Iron Hands|Iron Hands|100\/100\n|-terastallize|p1b: The Immortal|Normal\n|move|p1a: Annoying Fluffball|Encore||[still]\n|-fail|p1a: Annoying Fluffball\n|move|p1b: The Immortal|Coil|p1b: The Immortal\n|-boost|p1b: The Immortal|atk|1\n|-boost|p1b: The Immortal|def|1\n|-boost|p1b: The Immortal|accuracy|1\n|move|p2b: Chien-Pao|Ice Spinner|p1b: The Immortal\n|-damage|p1b: The Immortal|77\/100\n|\n|upkeep\n|turn|3\n|\n|t:|1697213464\n|move|p1b: The Immortal|Protect|p1b: The Immortal\n|-singleturn|p1b: The Immortal|Protect\n|move|p2a: Iron Hands|Fake Out|p1b: The Immortal\n|-activate|p1b: The Immortal|move: Protect\n|move|p1a: Annoying Fluffball|Moonblast|p2b: Chien-Pao\n|-supereffective|p2b: Chien-Pao\n|-damage|p2b: Chien-Pao|0 fnt\n|faint|p2b: Chien-Pao\n|\n|upkeep\n|\n|t:|1697213477\n|switch|p2b: Tornadus|Tornadus, M|100\/100\n|turn|4\n|\n|t:|1697213484\n|-end|p2a: Iron Hands|Quark Drive|[silent]\n|switch|p2a: Zygarde|Zygarde|100\/100\n|-ability|p2a: Zygarde|Aura Break\n|move|p1a: Annoying Fluffball|Taunt|p2b: Tornadus\n|-start|p2b: Tornadus|move: Taunt\n|cant|p2b: Tornadus|move: Taunt|Tailwind\n|move|p1b: The Immortal|Coil|p1b: The Immortal\n|-boost|p1b: The Immortal|atk|1\n|-boost|p1b: The Immortal|def|1\n|-boost|p1b: The Immortal|accuracy|1\n|\n|-sideend|p1: Old McBruh|move: Tailwind\n|upkeep\n|turn|5\n|\n|t:|1697213498\n|move|p1a: Annoying Fluffball|Moonblast|p2a: Zygarde\n|-supereffective|p2a: Zygarde\n|-damage|p2a: Zygarde|58\/100\n|move|p2b: Tornadus|Bleakwind Storm|p1a: Annoying Fluffball|[spread] p1a,p1b\n|-supereffective|p1a: Annoying Fluffball\n|-enditem|p1a: Annoying Fluffball|Focus Sash\n|-damage|p1a: Annoying Fluffball|1\/100\n|-damage|p1b: The Immortal|56\/100\n|-unboost|p1a: Annoying Fluffball|spe|1\n|move|p2a: Zygarde|Coil|p2a: Zygarde\n|-boost|p2a: Zygarde|atk|1\n|-boost|p2a: Zygarde|def|1\n|-boost|p2a: Zygarde|accuracy|1\n|move|p1b: The Immortal|Coil|p1b: The Immortal\n|-boost|p1b: The Immortal|atk|1\n|-boost|p1b: The Immortal|def|1\n|-boost|p1b: The Immortal|accuracy|1\n|\n|upkeep\n|turn|6\n|\n|t:|1697213520\n|move|p1a: Annoying Fluffball|Tailwind|p1a: Annoying Fluffball\n|-sidestart|p1: Old McBruh|move: Tailwind\n|move|p1b: The Immortal|Thousand Arrows|p2a: Zygarde|[spread] p2a,p2b\n|-damage|p2a: Zygarde|29\/100\n|-damage|p2b: Tornadus|18\/100\n|-start|p2b: Tornadus|Smack Down\n|move|p2b: Tornadus|Bleakwind Storm|p1b: The Immortal|[spread] p1a,p1b\n|-supereffective|p1a: Annoying Fluffball\n|-damage|p1a: Annoying Fluffball|0 fnt\n|-damage|p1b: The Immortal|32\/100\n|faint|p1a: Annoying Fluffball\n|move|p2a: Zygarde|Coil|p2a: Zygarde\n|-boost|p2a: Zygarde|atk|1\n|-boost|p2a: Zygarde|def|1\n|-boost|p2a: Zygarde|accuracy|1\n|\n|-end|p2b: Tornadus|move: Taunt\n|upkeep\n|\n|t:|1697213530\n|switch|p1a: Partner in crime|Cresselia, F|100\/100\n|turn|7\n|\n|t:|1697213537\n|move|p1b: The Immortal|Extreme Speed|p2b: Tornadus\n|-damage|p2b: Tornadus|0 fnt\n|faint|p2b: Tornadus\n|move|p1a: Partner in crime|Lunar Blessing|p1a: Partner in crime|[spread] p1a,p1b\n|-heal|p1b: The Immortal|57\/100\n|move|p2a: Zygarde|Rest|p2a: Zygarde\n|-status|p2a: Zygarde|slp|[from] move: Rest\n|-heal|p2a: Zygarde|100\/100 slp|[silent]\n|-enditem|p2a: Zygarde|Chesto Berry|[eat]\n|-curestatus|p2a: Zygarde|slp|[msg]\n|\n|upkeep\n|\n|t:|1697213553\n|switch|p2b: Scizor|Scizor-Mega, F|100\/100\n|turn|8\n|\n|t:|1697213567\n|move|p1b: The Immortal|Coil|p1b: The Immortal\n|-boost|p1b: The Immortal|atk|1\n|-boost|p1b: The Immortal|def|1\n|-boost|p1b: The Immortal|accuracy|1\n|move|p1a: Partner in crime|Lunar Blessing|p1a: Partner in crime|[spread] p1a,p1b\n|-heal|p1b: The Immortal|82\/100\n|move|p2a: Zygarde|Glare|p1b: The Immortal\n|-status|p1b: The Immortal|par\n|move|p2b: Scizor|Bug Bite|p1a: Partner in crime\n|-supereffective|p1a: Partner in crime\n|-damage|p1a: Partner in crime|28\/100\n|\n|upkeep\n|turn|9\n|\n|t:|1697213610\n|move|p2b: Scizor|Bullet Punch|p1a: Partner in crime\n|-damage|p1a: Partner in crime|3\/100\n|move|p1a: Partner in crime|Lunar Blessing|p1a: Partner in crime|[spread] p1a,p1b\n|-heal|p1a: Partner in crime|28\/100\n|-heal|p1b: The Immortal|100\/100 par\n|-curestatus|p1b: The Immortal|par|[msg]\n|move|p1b: The Immortal|Coil|p1b: The Immortal\n|-boost|p1b: The Immortal|atk|1\n|-boost|p1b: The Immortal|def|1\n|-boost|p1b: The Immortal|accuracy|1\n|move|p2a: Zygarde|Coil|p2a: Zygarde\n|-boost|p2a: Zygarde|atk|1\n|-boost|p2a: Zygarde|def|1\n|-boost|p2a: Zygarde|accuracy|1\n|\n|-sideend|p1: Old McBruh|move: Tailwind\n|upkeep\n|turn|10\n|\n|t:|1697213631\n|move|p1a: Partner in crime|Protect|p1a: Partner in crime\n|-singleturn|p1a: Partner in crime|Protect\n|move|p1b: The Immortal|Thousand Arrows|p2b: Scizor|[spread] p2a,p2b\n|-damage|p2a: Zygarde|74\/100\n|-damage|p2b: Scizor|31\/100\n|move|p2a: Zygarde|Coil|p2a: Zygarde\n|-boost|p2a: Zygarde|atk|1\n|-boost|p2a: Zygarde|def|1\n|-boost|p2a: Zygarde|accuracy|1\n|move|p2b: Scizor|Bug Bite|p1a: Partner in crime\n|-activate|p1a: Partner in crime|move: Protect\n|\n|upkeep\n|turn|11\n|\n|t:|1697213645\n|move|p1a: Partner in crime|Ally Switch||[still]\n|-fail|p1a: Partner in crime\n|move|p1b: The Immortal|Thousand Arrows|p2b: Scizor|[spread] p2a,p2b\n|-damage|p2a: Zygarde|52\/100\n|-damage|p2b: Scizor|0 fnt\n|faint|p2b: Scizor\n|move|p2a: Zygarde|Coil|p2a: Zygarde\n|-boost|p2a: Zygarde|atk|1\n|-boost|p2a: Zygarde|def|1\n|-boost|p2a: Zygarde|accuracy|1\n|\n|upkeep\n|\n|t:|1697213652\n|switch|p2b: Iron Hands|Iron Hands|100\/100\n|turn|12\n|\n|t:|1697213661\n|move|p2b: Iron Hands|Fake Out|p1b: The Immortal\n|-damage|p1b: The Immortal|97\/100\n|move|p2a: Zygarde|Thousand Arrows|p1b: The Immortal|[spread] p1a,p1b\n|-damage|p1a: Partner in crime|0 fnt\n|-damage|p1b: The Immortal|82\/100\n|faint|p1a: Partner in crime\n|cant|p1b: The Immortal|flinch\n|\n|upkeep\n|\n|t:|1697213665\n|switch|p1a: Girlboss|Ninetales-Alola, F|100\/100\n|-weather|Snow|[from] ability: Snow Warning|[of] p1a: Girlboss\n|turn|13\n|\n|t:|1697213672\n|-terastallize|p2a: Zygarde|Fire\n|move|p1a: Girlboss|Protect|p1a: Girlboss\n|-singleturn|p1a: Girlboss|Protect\n|move|p2a: Zygarde|Glare|p1b: The Immortal\n|-status|p1b: The Immortal|par\n|move|p2b: Iron Hands|Heavy Slam|p1a: Girlboss\n|-activate|p1a: Girlboss|move: Protect\n|move|p1b: The Immortal|Coil|p1b: The Immortal\n|-boost|p1b: The Immortal|atk|1\n|-boost|p1b: The Immortal|def|1\n|-boost|p1b: The Immortal|accuracy|1\n|\n|-weather|Snow|[upkeep]\n|upkeep\n|turn|14\n|\n|t:|1697213691\n|move|p1a: Girlboss|Aurora Veil|p1a: Girlboss\n|-sidestart|p1: Old McBruh|move: Aurora Veil\n|move|p2a: Zygarde|Thousand Arrows|p1a: Girlboss|[spread] p1a,p1b\n|-damage|p1a: Girlboss|44\/100\n|-damage|p1b: The Immortal|73\/100 par\n|move|p2b: Iron Hands|Heavy Slam|p1a: Girlboss\n|-supereffective|p1a: Girlboss\n|-damage|p1a: Girlboss|0 fnt\n|faint|p1a: Girlboss\n|move|p1b: The Immortal|Thousand Arrows|p2b: Iron Hands|[spread] p2a,p2b\n|-supereffective|p2a: Zygarde\n|-supereffective|p2b: Iron Hands\n|-damage|p2a: Zygarde|14\/100\n|-damage|p2b: Iron Hands|0 fnt\n|faint|p2b: Iron Hands\n|-end|p2b: Iron Hands|Quark Drive|[silent]\n|\n|-weather|Snow|[upkeep]\n|upkeep\n|\n|t:|1697213702\n|switch|p1a: Donkey Kong|Rillaboom, M|100\/100\n|switch|p2b: Ogerpon|Ogerpon-Hearthflame, F|100\/100\n|-ability|p2b: Ogerpon|Mold Breaker\n|-fieldstart|move: Grassy Terrain|[from] ability: Grassy Surge|[of] p1a: Donkey Kong\n|turn|15\n|\n|t:|1697213719\n|move|p1a: Donkey Kong|Fake Out|p2b: Ogerpon\n|-crit|p2b: Ogerpon\n|-damage|p2b: Ogerpon|72\/100\n|cant|p2b: Ogerpon|flinch\n|move|p2a: Zygarde|Rest|p2a: Zygarde\n|-status|p2a: Zygarde|slp|[from] move: Rest\n|-heal|p2a: Zygarde|100\/100 slp|[silent]\n|move|p1b: The Immortal|Thousand Arrows|p2a: Zygarde|[spread] p2a,p2b\n|-supereffective|p2a: Zygarde\n|-crit|p2b: Ogerpon\n|-damage|p2a: Zygarde|57\/100 slp\n|-damage|p2b: Ogerpon|0 fnt\n|faint|p2b: Ogerpon\n|\n|-weather|Snow|[upkeep]\n|-heal|p2a: Zygarde|63\/100 slp|[from] Grassy Terrain\n|-heal|p1b: The Immortal|79\/100 par|[from] Grassy Terrain\n|upkeep\n|turn|16\n|-message|Kin+ak (\u2727\u2207\u2727) forfeited.\n|\n|win|Old McBruh\n|raw|Old McBruh's rating: 1539 &rarr; <strong>1559<\/strong><br \/>(+20 for winning)\n|raw|Kin+ak (\u2727\u2207\u2727)'s rating: 1537 &rarr; <strong>1517<\/strong><br \/>(-20 for losing)\n|c|\u2606Old McBruh|gg\n|c|\u2606Kin+ak (\u2727\u2207\u2727)|Gg\n|c|\u2606Old McBruh|that was a nice set\n|c|\u2606Old McBruh|didnt expect the rest\n|c|\u2606Old McBruh|and glare is annoying lmao\n|c|\u2606Old McBruh|will keep that in mind\n","uploadtime":1697213809,"views":10,"p1id":"oldmcbruh","p2id":"kinak","formatid":"gen9nationaldexdoubles","rating":1517,"private":0,"password":""}