{"id":"gen9nationaldexdoubles-1966693252","p1":"MathHacker","p2":"Kin+ak (\u2727\u2207\u2727)","format":"[Gen 9] National Dex Doubles","log":"|j|\u2606MathHacker\n|j|\u2606Kin+ak (\u2727\u2207\u2727)\n|t:|1697214143\n|gametype|doubles\n|player|p1|MathHacker|richboy-gen4|1389\n|player|p2|Kin+ak (\u2727\u2207\u2727)|wally|1523\n|teamsize|p1|6\n|teamsize|p2|6\n|gen|9\n|tier|[Gen 9] National Dex Doubles\n|rated|\n|rule|HP Percentage Mod: HP is shown in percentages\n|rule|Endless Battle Clause: Forcing endless battles is banned\n|rule|OHKO Clause: OHKO moves are banned\n|rule|Evasion Moves Clause: Evasion moves are banned\n|rule|Evasion Abilities Clause: Evasion abilities are banned\n|rule|Species Clause: Limit one of each Pok\u00e9mon\n|rule|Gravity Sleep Clause: The combination of sleep-inducing moves with imperfect accuracy and Gravity or Gigantamax Orbeetle are banned\n|clearpoke\n|poke|p1|Shuckle, F|\n|poke|p1|Pelipper, F|\n|poke|p1|Cresselia, F|\n|poke|p1|Torkoal, F|\n|poke|p1|Oranguru, F|\n|poke|p1|Ursaluna, M|\n|poke|p2|Charizard, F|\n|poke|p2|Chi-Yu|\n|poke|p2|Flutter Mane|\n|poke|p2|Ogerpon-Hearthflame, F|\n|poke|p2|Rillaboom, F|\n|poke|p2|Walking Wake|\n|teampreview\n|\n|t:|1697214158\n|start\n|switch|p1a: Shucky|Shuckle, F, shiny|100\/100\n|switch|p1b: munke|Oranguru, F|100\/100\n|switch|p2a: Rillaboom|Rillaboom, F|100\/100\n|switch|p2b: Ogerpon|Ogerpon-Hearthflame, F|100\/100\n|-ability|p2b: Ogerpon|Mold Breaker\n|-fieldstart|move: Grassy Terrain|[from] ability: Grassy Surge|[of] p2a: Rillaboom\n|turn|1\n|\n|t:|1697214220\n|move|p1b: munke|Protect|p1b: munke\n|-singleturn|p1b: munke|Protect\n|move|p1a: Shucky|Protect|p1a: Shucky\n|-singleturn|p1a: Shucky|Protect\n|move|p2a: Rillaboom|Fake Out|p1a: Shucky\n|-activate|p1a: Shucky|move: Protect\n|move|p2b: Ogerpon|Swords Dance|p2b: Ogerpon\n|-boost|p2b: Ogerpon|atk|2\n|\n|upkeep\n|turn|2\n|\n|t:|1697214257\n|move|p2b: Ogerpon|Ivy Cudgel|p1a: Shucky\n|-crit|p1a: Shucky\n|-damage|p1a: Shucky|0 fnt\n|faint|p1a: Shucky\n|move|p2a: Rillaboom|U-turn|p1b: munke\n|-supereffective|p1b: munke\n|-damage|p1b: munke|63\/100\n|\n|t:|1697214266\n|switch|p2a: Charizard|Charizard, F|100\/100|[from] U-turn\n|move|p1b: munke|Trick Room|p1b: munke\n|-fieldstart|move: Trick Room|[of] p1b: munke\n|\n|-heal|p1b: munke|69\/100|[from] Grassy Terrain\n|upkeep\n|\n|t:|1697214310\n|switch|p1a: ber|Ursaluna, M|100\/100\n|turn|3\n|\n|t:|1697214338\n|detailschange|p2a: Charizard|Charizard-Mega-Y, F\n|-mega|p2a: Charizard|Charizard|Charizardite Y\n|-weather|SunnyDay|[from] ability: Drought|[of] p2a: Charizard\n|move|p1a: ber|Protect|p1a: ber\n|-singleturn|p1a: ber|Protect\n|move|p1b: munke|Protect|p1b: munke\n|-singleturn|p1b: munke|Protect\n|move|p2b: Ogerpon|Grassy Glide|p1a: ber\n|-activate|p1a: ber|move: Protect\n|move|p2a: Charizard|Heat Wave|p1a: ber|[spread] \n|-activate|p1a: ber|move: Protect\n|-activate|p1b: munke|move: Protect\n|\n|-weather|SunnyDay|[upkeep]\n|-heal|p1b: munke|75\/100|[from] Grassy Terrain\n|-status|p1a: ber|brn|[from] item: Flame Orb\n|upkeep\n|turn|4\n|c|\u2606Kin+ak (\u2727\u2207\u2727)|Ber: the night begins to shine\n|\n|t:|1697214385\n|-terastallize|p1a: ber|Poison\n|move|p2b: Ogerpon|Grassy Glide|p1a: ber\n|-resisted|p1a: ber\n|-damage|p1a: ber|65\/100 brn\n|move|p1a: ber|Facade|p2b: Ogerpon\n|-damage|p2b: Ogerpon|0 fnt\n|faint|p2b: Ogerpon\n|move|p1b: munke|Rain Dance|p1b: munke\n|-weather|RainDance\n|move|p2a: Charizard|Heat Wave|p1a: ber|[spread] p1a,p1b\n|-damage|p1a: ber|47\/100 brn\n|-damage|p1b: munke|57\/100\n|\n|-weather|RainDance|[upkeep]\n|-heal|p1a: ber|53\/100 brn|[from] Grassy Terrain\n|-heal|p1b: munke|63\/100|[from] Grassy Terrain\n|-damage|p1a: ber|47\/100 brn|[from] brn\n|upkeep\n|\n|t:|1697214399\n|switch|p2b: Rillaboom|Rillaboom, F|100\/100\n|turn|5\n|\n|t:|1697214425\n|move|p2b: Rillaboom|Fake Out|p1a: ber\n|-damage|p1a: ber|35\/100 brn\n|cant|p1a: ber|flinch\n|move|p1b: munke|Instruct|p1a: ber\n|-singleturn|p1a: ber|move: Instruct|[of] p1b: munke\n|cant|p1a: ber|flinch\n|move|p2a: Charizard|Air Slash|p1b: munke\n|-crit|p1b: munke\n|-damage|p1b: munke|7\/100\n|\n|-weather|RainDance|[upkeep]\n|-heal|p1a: ber|42\/100 brn|[from] Grassy Terrain\n|-heal|p1b: munke|13\/100|[from] Grassy Terrain\n|-damage|p1a: ber|35\/100 brn|[from] brn\n|-fieldend|move: Grassy Terrain\n|upkeep\n|turn|6\n|\n|t:|1697214448\n|move|p1a: ber|Facade|p2b: Rillaboom\n|-damage|p2b: Rillaboom|0 fnt\n|faint|p2b: Rillaboom\n|move|p1b: munke|Instruct|p1a: ber\n|-singleturn|p1a: ber|move: Instruct|[of] p1b: munke\n|move|p1a: ber|Facade|p2a: Charizard\n|-crit|p2a: Charizard\n|-damage|p2a: Charizard|0 fnt\n|faint|p2a: Charizard\n|\n|-weather|RainDance|[upkeep]\n|-damage|p1a: ber|29\/100 brn|[from] brn\n|-fieldend|move: Trick Room\n|upkeep\n|\n|t:|1697214457\n|switch|p2a: Flutter Mane|Flutter Mane|100\/100\n|switch|p2b: Walking Wake|Walking Wake|100\/100\n|turn|7\n|\n|t:|1697214476\n|move|p1a: ber|Protect|p1a: ber\n|-singleturn|p1a: ber|Protect\n|move|p2a: Flutter Mane|Dazzling Gleam|p1b: munke|[spread] p1b\n|-activate|p1a: ber|move: Protect\n|-damage|p1b: munke|0 fnt\n|faint|p1b: munke\n|-damage|p2a: Flutter Mane|91\/100|[from] item: Life Orb\n|move|p2b: Walking Wake|Hydro Steam|p1a: ber\n|-activate|p1a: ber|move: Protect\n|\n|-weather|RainDance|[upkeep]\n|-damage|p1a: ber|23\/100 brn|[from] brn\n|upkeep\n|\n|t:|1697214515\n|switch|p1b: Cresselia|Cresselia, F|100\/100\n|turn|8\n|\n|t:|1697214535\n|move|p2a: Flutter Mane|Shadow Ball|p1b: Cresselia\n|-supereffective|p1b: Cresselia\n|-damage|p1b: Cresselia|31\/100\n|-unboost|p1b: Cresselia|spd|1\n|-damage|p2a: Flutter Mane|81\/100|[from] item: Life Orb\n|move|p2b: Walking Wake|Hydro Steam|p1a: ber\n|-damage|p1a: ber|0 fnt\n|faint|p1a: ber\n|move|p1b: Cresselia|Trick Room|p1b: Cresselia\n|-fieldstart|move: Trick Room|[of] p1b: Cresselia\n|\n|-weather|none\n|-heal|p1b: Cresselia|37\/100|[from] item: Leftovers\n|upkeep\n|\n|t:|1697214564\n|switch|p1a: Yertle|Torkoal, F|100\/100\n|-weather|SunnyDay|[from] ability: Drought|[of] p1a: Yertle\n|-activate|p2b: Walking Wake|ability: Protosynthesis\n|-start|p2b: Walking Wake|protosynthesisspe\n|-activate|p2a: Flutter Mane|ability: Protosynthesis\n|-start|p2a: Flutter Mane|protosynthesisspe\n|turn|9\n|\n|t:|1697214615\n|move|p1a: Yertle|Eruption|p2b: Walking Wake|[spread] p2a,p2b\n|-resisted|p2b: Walking Wake\n|-damage|p2a: Flutter Mane|2\/100\n|-damage|p2b: Walking Wake|81\/100\n|move|p1b: Cresselia|Lunar Blessing|p1b: Cresselia|[spread] p1a,p1b\n|-heal|p1b: Cresselia|62\/100\n|move|p2b: Walking Wake|Hydro Steam|p1a: Yertle\n|-supereffective|p1a: Yertle\n|-damage|p1a: Yertle|0 fnt\n|faint|p1a: Yertle\n|move|p2a: Flutter Mane|Shadow Ball|p1b: Cresselia\n|-supereffective|p1b: Cresselia\n|-damage|p1b: Cresselia|0 fnt\n|faint|p1b: Cresselia\n|-damage|p2a: Flutter Mane|0 fnt|[from] item: Life Orb\n|faint|p2a: Flutter Mane\n|-end|p2a: Flutter Mane|Protosynthesis|[silent]\n|\n|-weather|SunnyDay|[upkeep]\n|upkeep\n|\n|t:|1697214642\n|switch|p1b: Pelipper|Pelipper, F|100\/100\n|switch|p2a: Chi-Yu|Chi-Yu|100\/100\n|-weather|RainDance|[from] ability: Drizzle|[of] p1b: Pelipper\n|-end|p2b: Walking Wake|Protosynthesis\n|-ability|p2a: Chi-Yu|Beads of Ruin\n|turn|10\n|\n|t:|1697214672\n|move|p1b: Pelipper|Surf|p2b: Walking Wake|[spread] p2a,p2b\n|-supereffective|p2a: Chi-Yu\n|-resisted|p2b: Walking Wake\n|-damage|p2a: Chi-Yu|0 fnt\n|-damage|p2b: Walking Wake|62\/100\n|faint|p2a: Chi-Yu\n|move|p2b: Walking Wake|Hydro Steam|p1b: Pelipper\n|-resisted|p1b: Pelipper\n|-damage|p1b: Pelipper|38\/100\n|\n|-weather|RainDance|[upkeep]\n|upkeep\n|turn|11\n|\n|t:|1697214684\n|move|p1b: Pelipper|Hurricane|p2b: Walking Wake\n|-crit|p2b: Walking Wake\n|-damage|p2b: Walking Wake|0 fnt\n|faint|p2b: Walking Wake\n|-end|p2b: Walking Wake|Protosynthesis|[silent]\n|\n|win|MathHacker\n|raw|MathHacker's rating: 1389 &rarr; <strong>1416<\/strong><br \/>(+27 for winning)\n|raw|Kin+ak (\u2727\u2207\u2727)'s rating: 1523 &rarr; <strong>1496<\/strong><br \/>(-27 for losing)\n|c|\u2606Kin+ak (\u2727\u2207\u2727)|BRO\n|c|\u2606Kin+ak (\u2727\u2207\u2727)|RACISM\n","uploadtime":1697214748,"views":13,"p1id":"mathhacker","p2id":"kinak","formatid":"gen9nationaldexdoubles","rating":1416,"private":0,"password":""}