{"id":"gen9nationaldexdoubles-1988048960","p1":"MikazukiRex_","p2":"PU Rules","format":"[Gen 9] National Dex Doubles","log":"|j|\u2606MikazukiRex_\n|j|\u2606PU Rules\n|t:|1699663285\n|gametype|doubles\n|player|p1|MikazukiRex_|ltsurge|\n|player|p2|PU Rules|gentleman-gen4|\n|teamsize|p1|6\n|teamsize|p2|6\n|gen|9\n|tier|[Gen 9] National Dex Doubles\n|rule|HP Percentage Mod: HP is shown in percentages\n|rule|Endless Battle Clause: Forcing endless battles is banned\n|rule|OHKO Clause: OHKO moves are banned\n|rule|Evasion Moves Clause: Evasion moves are banned\n|rule|Evasion Abilities Clause: Evasion abilities are banned\n|rule|Species Clause: Limit one of each Pok\u00e9mon\n|rule|Gravity Sleep Clause: The combination of sleep-inducing moves with imperfect accuracy and Gravity or Gigantamax Orbeetle are banned\n|clearpoke\n|poke|p1|Chi-Yu|\n|poke|p1|Tsareena, F|\n|poke|p1|Dragonite, M|\n|poke|p1|Great Tusk|\n|poke|p1|Murkrow, F|\n|poke|p1|Dragapult, M|\n|poke|p2|Oricorio-Sensu, F|\n|poke|p2|Lilligant, F|\n|poke|p2|Iron Moth|\n|poke|p2|Latios, M|\n|poke|p2|Alakazam, F|\n|poke|p2|Blastoise, M|\n|teampreview\n|\n|t:|1699663314\n|start\n|switch|p1a: Tsareena|Tsareena, F|100\/100\n|switch|p1b: Dragapult|Dragapult, M|100\/100\n|switch|p2a: Oricorio|Oricorio-Sensu, F|100\/100\n|switch|p2b: Iron Moth|Iron Moth|100\/100\n|-enditem|p2b: Iron Moth|Booster Energy\n|-activate|p2b: Iron Moth|ability: Quark Drive|[fromitem]\n|-start|p2b: Iron Moth|quarkdrivespa\n|turn|1\n|\n|t:|1699663353\n|move|p2a: Oricorio|Protect|p2a: Oricorio\n|-singleturn|p2a: Oricorio|Protect\n|move|p1b: Dragapult|Shadow Ball|p2a: Oricorio\n|-activate|p2a: Oricorio|move: Protect\n|move|p2b: Iron Moth|Fiery Dance|p1a: Tsareena\n|-supereffective|p1a: Tsareena\n|-damage|p1a: Tsareena|0 fnt\n|faint|p1a: Tsareena\n|-activate|p2a: Oricorio|ability: Dancer\n|move|p2a: Oricorio|Fiery Dance|p1b: Dragapult|[from]ability: Dancer\n|-resisted|p1b: Dragapult\n|-damage|p1b: Dragapult|85\/100\n|\n|upkeep\n|\n|t:|1699663367\n|switch|p1a: Murkrow|Murkrow, F|100\/100\n|turn|2\n|\n|t:|1699663433\n|switch|p2a: Blastoise|Blastoise, M|100\/100\n|move|p1a: Murkrow|Tailwind|p1a: Murkrow\n|-sidestart|p1: MikazukiRex_|move: Tailwind\n|move|p1b: Dragapult|Shadow Ball|p2a: Blastoise\n|-damage|p2a: Blastoise|66\/100\n|move|p2b: Iron Moth|Discharge|p1b: Dragapult|[spread] p2a,p1a,p1b\n|-supereffective|p2a: Blastoise\n|-supereffective|p1a: Murkrow\n|-resisted|p1b: Dragapult\n|-damage|p2a: Blastoise|26\/100\n|-damage|p1a: Murkrow|37\/100\n|-damage|p1b: Dragapult|67\/100\n|-status|p2a: Blastoise|par\n|\n|-heal|p2a: Blastoise|32\/100 par|[from] item: Leftovers\n|upkeep\n|turn|3\n|\n|t:|1699663477\n|switch|p1a: Great Tusk|Great Tusk|100\/100\n|-terastallize|p1b: Dragapult|Ghost\n|move|p2a: Blastoise|Follow Me|p2a: Blastoise\n|-singleturn|p2a: Blastoise|move: Follow Me\n|move|p1b: Dragapult|Shadow Ball|p2a: Blastoise\n|-damage|p2a: Blastoise|0 fnt\n|faint|p2a: Blastoise\n|move|p2b: Iron Moth|Discharge|p1a: Great Tusk|[spread] p1b\n|-immune|p1a: Great Tusk\n|-damage|p1b: Dragapult|31\/100\n|-status|p1b: Dragapult|par\n|\n|upkeep\n|\n|t:|1699663480\n|switch|p2a: Latios|Latios, M|100\/100\n|turn|4\n|c|\u2606MikazukiRex_|damn that para\n|c|\u2606MikazukiRex_|I hate this game\n|c|\u2606PU Rules|Yeah\n|\n|t:|1699663511\n|move|p1a: Great Tusk|Headlong Rush|p2b: Iron Moth\n|-supereffective|p2b: Iron Moth\n|-damage|p2b: Iron Moth|0 fnt\n|-unboost|p1a: Great Tusk|def|1\n|-unboost|p1a: Great Tusk|spd|1\n|faint|p2b: Iron Moth\n|-end|p2b: Iron Moth|Quark Drive|[silent]\n|move|p1b: Dragapult|Shadow Ball|p2a: Latios\n|-supereffective|p2a: Latios\n|-damage|p2a: Latios|0 fnt\n|faint|p2a: Latios\n|\n|upkeep\n|\n|t:|1699663544\n|switch|p2b: Oricorio|Oricorio-Sensu, F|100\/100\n|switch|p2a: Lilligant|Lilligant, F|100\/100\n|turn|5\n|\n|t:|1699663579\n|-end|p1a: Great Tusk|Protosynthesis|[silent]\n|switch|p1a: Chi-Yu|Chi-Yu|100\/100\n|-ability|p1a: Chi-Yu|Beads of Ruin\n|move|p1b: Dragapult|Shadow Ball|p2b: Oricorio\n|-supereffective|p2b: Oricorio\n|-damage|p2b: Oricorio|0 fnt\n|faint|p2b: Oricorio\n|move|p2a: Lilligant|Quiver Dance|p2a: Lilligant\n|-boost|p2a: Lilligant|spa|1\n|-boost|p2a: Lilligant|spd|1\n|-boost|p2a: Lilligant|spe|1\n|\n|-sideend|p1: MikazukiRex_|move: Tailwind\n|upkeep\n|\n|t:|1699663581\n|switch|p2b: Alakazam|Alakazam, F|100\/100\n|turn|6\n|\n|t:|1699663606\n|move|p2a: Lilligant|Petal Dance|p1b: Dragapult\n|-damage|p1b: Dragapult|0 fnt\n|faint|p1b: Dragapult\n|move|p2b: Alakazam|Expanding Force|p1a: Chi-Yu\n|-immune|p1a: Chi-Yu\n|move|p1a: Chi-Yu|Snarl|p2a: Lilligant|[spread] p2a,p2b\n|-supereffective|p2b: Alakazam\n|-damage|p2a: Lilligant|52\/100\n|-enditem|p2b: Alakazam|Focus Sash\n|-damage|p2b: Alakazam|1\/100\n|-unboost|p2a: Lilligant|spa|1\n|-unboost|p2b: Alakazam|spa|1\n|\n|-heal|p2a: Lilligant|58\/100|[from] item: Leftovers\n|upkeep\n|\n|t:|1699663629\n|switch|p1b: Murkrow|Murkrow, F|37\/100\n|turn|7\n|\n|t:|1699663679\n|move|p1b: Murkrow|Tailwind|p1b: Murkrow\n|-sidestart|p1: MikazukiRex_|move: Tailwind\n|move|p1a: Chi-Yu|Snarl|p2a: Lilligant|[spread] p2a,p2b\n|-supereffective|p2b: Alakazam\n|-damage|p2a: Lilligant|13\/100\n|-damage|p2b: Alakazam|0 fnt\n|-unboost|p2a: Lilligant|spa|1\n|faint|p2b: Alakazam\n|move|p2a: Lilligant|Petal Dance|p1a: Chi-Yu|[from]lockedmove\n|-resisted|p1a: Chi-Yu\n|-damage|p1a: Chi-Yu|75\/100\n|\n|-heal|p2a: Lilligant|19\/100|[from] item: Leftovers\n|upkeep\n|turn|8\n|c|\u2606PU Rules|Gg\n|\n|t:|1699663695\n|move|p1a: Chi-Yu|Snarl|p2a: Lilligant\n|-damage|p2a: Lilligant|0 fnt\n|faint|p2a: Lilligant\n|\n|win|MikazukiRex_\n|c|\u2606MikazukiRex_|ggs\n","uploadtime":1699663702,"views":25,"p1id":"mikazukirex","p2id":"purules","formatid":"gen9nationaldexdoubles","rating":0,"private":0,"password":""}