{"id":"gen9nationaldexdoubles-1991020876","p1":"Moonysloony","p2":"knightgem","format":"[Gen 9] National Dex Doubles","log":"|j|\u2606Moonysloony\n|j|\u2606knightgem\n|t:|1700029305\n|gametype|doubles\n|player|p1|Moonysloony|1|1076\n|player|p2|knightgem|#knightgem|1206\n|teamsize|p1|6\n|teamsize|p2|6\n|gen|9\n|tier|[Gen 9] National Dex Doubles\n|rated|\n|rule|HP Percentage Mod: HP is shown in percentages\n|rule|Endless Battle Clause: Forcing endless battles is banned\n|rule|OHKO Clause: OHKO moves are banned\n|rule|Evasion Moves Clause: Evasion moves are banned\n|rule|Evasion Abilities Clause: Evasion abilities are banned\n|rule|Species Clause: Limit one of each Pok\u00e9mon\n|rule|Gravity Sleep Clause: The combination of sleep-inducing moves with imperfect accuracy and Gravity or Gigantamax Orbeetle are banned\n|clearpoke\n|poke|p1|Glaceon, F|\n|poke|p1|Espeon, F|\n|poke|p1|Umbreon, M|\n|poke|p1|Meowscarada, M|\n|poke|p1|Ninetales-Alola, M|\n|poke|p1|Liepard, F|\n|poke|p2|Primarina, F|\n|poke|p2|Skeledirge, M|\n|poke|p2|Rillaboom, M|\n|poke|p2|Toxtricity, M|\n|poke|p2|Kommo-o, F|\n|poke|p2|Clefairy, M|\n|teampreview\n|inactive|Battle timer is ON: inactive players will automatically lose when time's up. (requested by knightgem)\n|\n|t:|1700029322\n|start\n|switch|p1a: Lisa^_^|Liepard, F, shiny|100\/100\n|switch|p1b: Meowdoriya|Meowscarada, M, shiny|100\/100\n|switch|p2a: Kommo-o|Kommo-o, F|100\/100\n|switch|p2b: Clefairy|Clefairy, M|100\/100\n|turn|1\n|\n|t:|1700029342\n|move|p1a: Lisa^_^|Fake Out|p2b: Clefairy\n|-damage|p2b: Clefairy|88\/100\n|move|p1b: Meowdoriya|Flower Trick|p2b: Clefairy\n|-start|p1b: Meowdoriya|typechange|Grass|[from] ability: Protean\n|-crit|p2b: Clefairy\n|-damage|p2b: Clefairy|39\/100\n|move|p2a: Kommo-o|Substitute|p2a: Kommo-o\n|-start|p2a: Kommo-o|Substitute\n|-damage|p2a: Kommo-o|75\/100\n|cant|p2b: Clefairy|flinch\n|\n|upkeep\n|turn|2\n|inactive|Moonysloony has 120 seconds left.\n|\n|t:|1700029381\n|move|p1b: Meowdoriya|Flower Trick|p2b: Clefairy\n|-crit|p2b: Clefairy\n|-damage|p2b: Clefairy|0 fnt\n|faint|p2b: Clefairy\n|move|p2a: Kommo-o|Belly Drum|p2a: Kommo-o\n|-damage|p2a: Kommo-o|25\/100\n|-setboost|p2a: Kommo-o|atk|6|[from] move: Belly Drum\n|-enditem|p2a: Kommo-o|Salac Berry|[eat]\n|-boost|p2a: Kommo-o|spe|1|[from] item: Salac Berry\n|move|p1a: Lisa^_^|U-turn|p2a: Kommo-o\n|-resisted|p2a: Kommo-o\n|-activate|p2a: Kommo-o|move: Substitute|[damage]\n|\n|t:|1700029394\n|switch|p1a: Mewney|Umbreon, M, shiny|100\/100|[from] U-turn\n|\n|upkeep\n|\n|t:|1700029400\n|switch|p2b: Toxtricity|Toxtricity, M|100\/100\n|turn|3\n|inactive|Moonysloony has 120 seconds left.\n|\n|t:|1700029425\n|-terastallize|p2b: Toxtricity|Normal\n|move|p2a: Kommo-o|Drain Punch|p1b: Meowdoriya\n|-damage|p1b: Meowdoriya|0 fnt\n|-heal|p2a: Kommo-o|76\/100|[from] drain|[of] p1b: Meowdoriya\n|faint|p1b: Meowdoriya\n|move|p2b: Toxtricity|Boomburst|p1a: Mewney|[spread] p1a\n|-immune|p2a: Kommo-o|[from] ability: Soundproof\n|-damage|p1a: Mewney|48\/100\n|move|p1a: Mewney|Foul Play|p2a: Kommo-o\n|-resisted|p2a: Kommo-o\n|-end|p2a: Kommo-o|Substitute\n|\n|-heal|p1a: Mewney|54\/100|[from] item: Leftovers\n|upkeep\n|\n|t:|1700029443\n|switch|p1b: Lisa^_^|Liepard, F, shiny|100\/100\n|turn|4\n|inactive|Moonysloony has 120 seconds left.\n|\n|t:|1700029462\n|move|p1b: Lisa^_^|Fake Out|p2a: Kommo-o\n|-damage|p2a: Kommo-o|64\/100\n|cant|p2a: Kommo-o|flinch\n|move|p2b: Toxtricity|Boomburst|p1a: Mewney|[spread] p1a,p1b\n|-immune|p2a: Kommo-o|[from] ability: Soundproof\n|-damage|p1a: Mewney|6\/100\n|-enditem|p1b: Lisa^_^|Focus Sash\n|-damage|p1b: Lisa^_^|1\/100\n|move|p1a: Mewney|Foul Play|p2a: Kommo-o\n|-resisted|p2a: Kommo-o\n|-damage|p2a: Kommo-o|0 fnt\n|faint|p2a: Kommo-o\n|\n|-heal|p1a: Mewney|12\/100|[from] item: Leftovers\n|upkeep\n|\n|t:|1700029475\n|switch|p2a: Skeledirge|Skeledirge, M|100\/100\n|turn|5\n|\n|t:|1700029493\n|move|p1a: Mewney|Protect|p1a: Mewney\n|-singleturn|p1a: Mewney|Protect\n|move|p1b: Lisa^_^|Thunder Wave|p2a: Skeledirge\n|-status|p2a: Skeledirge|par\n|move|p2b: Toxtricity|Boomburst|p1b: Lisa^_^|[spread] p1b\n|-activate|p1a: Mewney|move: Protect\n|-immune|p2a: Skeledirge\n|-damage|p1b: Lisa^_^|0 fnt\n|faint|p1b: Lisa^_^\n|move|p2a: Skeledirge|Torch Song|p1a: Mewney\n|-activate|p1a: Mewney|move: Protect\n|\n|-heal|p1a: Mewney|18\/100|[from] item: Leftovers\n|upkeep\n|inactive|Moonysloony has 120 seconds left.\n|inactive|Moonysloony has 90 seconds left.\n|\n|t:|1700029540\n|switch|p1b: sunny|Espeon, F|100\/100\n|turn|6\n|\n|t:|1700029563\n|move|p2b: Toxtricity|Boomburst|p1b: sunny|[spread] p1a,p1b\n|-immune|p2a: Skeledirge\n|-damage|p1a: Mewney|0 fnt\n|-damage|p1b: sunny|29\/100\n|faint|p1a: Mewney\n|move|p1b: sunny|Calm Mind|p1b: sunny\n|-boost|p1b: sunny|spa|1\n|-boost|p1b: sunny|spd|1\n|cant|p2a: Skeledirge|par\n|\n|-heal|p1b: sunny|35\/100|[from] item: Leftovers\n|upkeep\n|inactive|Moonysloony has 90 seconds left.\n|\n|t:|1700029575\n|switch|p1a: GET JOED ON|Ninetales-Alola, M, shiny|100\/100\n|-weather|Snow|[from] ability: Snow Warning|[of] p1a: GET JOED ON\n|turn|7\n|\n|t:|1700029588\n|move|p1b: sunny|Protect|p1b: sunny\n|-singleturn|p1b: sunny|Protect\n|move|p2b: Toxtricity|Boomburst|p1a: GET JOED ON|[spread] p1a\n|-activate|p1b: sunny|move: Protect\n|-immune|p2a: Skeledirge\n|-damage|p1a: GET JOED ON|23\/100\n|move|p1a: GET JOED ON|Aurora Veil|p1a: GET JOED ON\n|-sidestart|p1: Moonysloony|move: Aurora Veil\n|cant|p2a: Skeledirge|par\n|\n|-weather|Snow|[upkeep]\n|-heal|p1b: sunny|41\/100|[from] item: Leftovers\n|upkeep\n|turn|8\n|inactive|Moonysloony has 120 seconds left.\n|\n|t:|1700029625\n|move|p2b: Toxtricity|Boomburst|p1b: sunny|[spread] p1a,p1b\n|-immune|p2a: Skeledirge\n|-damage|p1a: GET JOED ON|0 fnt\n|-damage|p1b: sunny|10\/100\n|faint|p1a: GET JOED ON\n|move|p1b: sunny|Wish|p1b: sunny\n|cant|p2a: Skeledirge|par\n|\n|-weather|Snow|[upkeep]\n|-heal|p1b: sunny|16\/100|[from] item: Leftovers\n|upkeep\n|inactive|Moonysloony has 90 seconds left.\n|\n|t:|1700029636\n|switch|p1a: oatmeal|Glaceon, F, shiny|100\/100\n|turn|9\n|\n|t:|1700029650\n|switch|p2b: Rillaboom|Rillaboom, M|100\/100\n|-fieldstart|move: Grassy Terrain|[from] ability: Grassy Surge|[of] p2b: Rillaboom\n|-enditem|p2b: Rillaboom|Grassy Seed\n|-boost|p2b: Rillaboom|def|1|[from] item: Grassy Seed\n|switch|p2a: Primarina|Primarina, F|100\/100\n|-terastallize|p1a: oatmeal|Ice\n|move|p1b: sunny|Protect|p1b: sunny\n|-singleturn|p1b: sunny|Protect\n|move|p1a: oatmeal|Blizzard|p2a: Primarina|[spread] p2a,p2b\n|-resisted|p2a: Primarina\n|-supereffective|p2b: Rillaboom\n|-damage|p2a: Primarina|71\/100\n|-damage|p2b: Rillaboom|0 fnt\n|faint|p2b: Rillaboom\n|\n|-weather|Snow|[upkeep]\n|-heal|p1b: sunny|66\/100|[from] move: Wish|[wisher] sunny\n|-heal|p1b: sunny|72\/100|[from] Grassy Terrain\n|-heal|p1b: sunny|78\/100|[from] item: Leftovers\n|-heal|p2a: Primarina|77\/100|[from] Grassy Terrain\n|upkeep\n|\n|t:|1700029658\n|switch|p2b: Skeledirge|Skeledirge, M|100\/100 par\n|turn|10\n|inactive|Moonysloony has 120 seconds left.\n|\n|t:|1700029685\n|move|p1b: sunny|Calm Mind|p1b: sunny\n|-boost|p1b: sunny|spa|1\n|-boost|p1b: sunny|spd|1\n|move|p1a: oatmeal|Frost Breath|p2b: Skeledirge|[miss]\n|-miss|p1a: oatmeal|p2b: Skeledirge\n|move|p2a: Primarina|Perish Song|p2a: Primarina\n|-start|p1a: oatmeal|perish3|[silent]\n|-start|p1b: sunny|perish3|[silent]\n|-start|p2a: Primarina|perish3|[silent]\n|-start|p2b: Skeledirge|perish3|[silent]\n|-fieldactivate|move: Perish Song\n|move|p2b: Skeledirge|Slack Off||[still]\n|-fail|p2b: Skeledirge|heal\n|\n|-weather|Snow|[upkeep]\n|-heal|p1b: sunny|84\/100|[from] Grassy Terrain\n|-heal|p1b: sunny|90\/100|[from] item: Leftovers\n|-heal|p2a: Primarina|83\/100|[from] Grassy Terrain\n|-start|p1b: sunny|perish3\n|-start|p1a: oatmeal|perish3\n|-start|p2a: Primarina|perish3\n|-start|p2b: Skeledirge|perish3\n|upkeep\n|turn|11\n|inactive|Moonysloony has 120 seconds left.\n|n|!Moonysloony|moonysloony\n|l|!Moonysloony\n|inactive|Moonysloony disconnected and has a minute to reconnect!\n|player|p1|\n|j|!Moonysloony\n|inactive|Moonysloony reconnected and has 80 seconds left.\n|player|p1|Moonysloony|1\n|\n|t:|1700029753\n|switch|p2b: Toxtricity|Toxtricity, M, tera:Normal|100\/100\n|move|p2a: Primarina|Protect|p2a: Primarina\n|-singleturn|p2a: Primarina|Protect\n|move|p1b: sunny|Psyshock|p2a: Primarina\n|-activate|p2a: Primarina|move: Protect\n|move|p1a: oatmeal|Blizzard|p2b: Toxtricity|[spread] p2b\n|-activate|p2a: Primarina|move: Protect\n|-damage|p2b: Toxtricity|0 fnt\n|faint|p2b: Toxtricity\n|\n|-weather|none\n|-heal|p1b: sunny|96\/100|[from] Grassy Terrain\n|-heal|p1b: sunny|100\/100|[from] item: Leftovers\n|-heal|p2a: Primarina|89\/100|[from] Grassy Terrain\n|-start|p1b: sunny|perish2\n|-start|p1a: oatmeal|perish2\n|-start|p2a: Primarina|perish2\n|upkeep\n|inactive|knightgem has 120 seconds left.\n|\n|t:|1700029769\n|switch|p2b: Skeledirge|Skeledirge, M|100\/100 par\n|turn|12\n|inactive|Moonysloony has 90 seconds left.\n|\n|t:|1700029787\n|move|p1b: sunny|Psyshock|p2a: Primarina\n|-damage|p2a: Primarina|0 fnt\n|faint|p2a: Primarina\n|move|p1a: oatmeal|Blizzard|p2b: Skeledirge|[miss]\n|-miss|p1a: oatmeal|p2b: Skeledirge\n|move|p2b: Skeledirge|Slack Off||[still]\n|-fail|p2b: Skeledirge|heal\n|\n|-start|p1b: sunny|perish1\n|-start|p1a: oatmeal|perish1\n|upkeep\n|turn|13\n|\n|t:|1700029803\n|move|p1b: sunny|Psyshock|p2b: Skeledirge\n|-damage|p2b: Skeledirge|77\/100 par\n|move|p1a: oatmeal|Frost Breath|p2b: Skeledirge\n|-resisted|p2b: Skeledirge\n|-crit|p2b: Skeledirge\n|-damage|p2b: Skeledirge|42\/100 par\n|move|p2b: Skeledirge|Slack Off|p2b: Skeledirge\n|-heal|p2b: Skeledirge|92\/100 par\n|\n|-heal|p2b: Skeledirge|99\/100 par|[from] Grassy Terrain\n|-heal|p2b: Skeledirge|100\/100 par|[from] item: Leftovers\n|-start|p1b: sunny|perish0\n|-start|p1a: oatmeal|perish0\n|faint|p1b: sunny\n|faint|p1a: oatmeal\n|\n|win|knightgem\n|upkeep\n|raw|Moonysloony's rating: 1076 &rarr; <strong>1062<\/strong><br \/>(-14 for losing)\n|raw|knightgem's rating: 1206 &rarr; <strong>1222<\/strong><br \/>(+16 for winning)\n|c|\u2606knightgem|Gg\n|l|!Moonysloony\n","uploadtime":1700029706,"views":5,"p1id":"moonysloony","p2id":"knightgem","formatid":"gen9nationaldexdoubles","rating":1062,"private":0,"password":""}