{"id":"gen9nationaldexdoubles-1997221265","p1":"Vaporstar07","p2":"ugly bath star","format":"[Gen 9] National Dex Doubles","log":"|j|\u2606Vaporstar07\n|j|\u2606ugly bath star\n|t:|1700777125\n|gametype|doubles\n|player|p1|Vaporstar07|caitlin|1067\n|player|p2|ugly bath star|hiker|1180\n|teamsize|p1|6\n|teamsize|p2|6\n|gen|9\n|tier|[Gen 9] National Dex Doubles\n|rated|\n|rule|HP Percentage Mod: HP is shown in percentages\n|rule|Endless Battle Clause: Forcing endless battles is banned\n|rule|OHKO Clause: OHKO moves are banned\n|rule|Evasion Moves Clause: Evasion moves are banned\n|rule|Evasion Abilities Clause: Evasion abilities are banned\n|rule|Species Clause: Limit one of each Pok\u00e9mon\n|rule|Gravity Sleep Clause: The combination of sleep-inducing moves with imperfect accuracy and Gravity or Gigantamax Orbeetle are banned\n|clearpoke\n|poke|p1|Infernape, M|\n|poke|p1|Sylveon, M|\n|poke|p1|Chien-Pao|\n|poke|p1|Umbreon, F|\n|poke|p1|Volcarona, M|\n|poke|p1|Greninja-*, F|\n|poke|p2|Lopunny, F|\n|poke|p2|Tsareena, F|\n|poke|p2|Hatterene, F|\n|poke|p2|Salazzle, F|\n|poke|p2|Froslass, F|\n|poke|p2|Milotic, F|\n|teampreview\n|\n|t:|1700777144\n|start\n|switch|p1a: Chien-Pao|Chien-Pao|100\/100\n|switch|p1b: Volcarona|Volcarona, M, shiny|100\/100\n|switch|p2a: send help|Lopunny, F, shiny|100\/100\n|switch|p2b: i hate my trainer|Tsareena, F, shiny|100\/100\n|-ability|p1a: Chien-Pao|Sword of Ruin\n|turn|1\n|\n|t:|1700777162\n|switch|p2b: cries|Salazzle, F, shiny|100\/100\n|detailschange|p2a: send help|Lopunny-Mega, F, shiny\n|-mega|p2a: send help|Lopunny|Lopunnite\n|move|p1a: Chien-Pao|Ice Spinner|p2b: cries\n|-resisted|p2b: cries\n|-damage|p2b: cries|26\/100\n|move|p2a: send help|High Jump Kick|p1a: Chien-Pao\n|-supereffective|p1a: Chien-Pao\n|-damage|p1a: Chien-Pao|0 fnt\n|faint|p1a: Chien-Pao\n|move|p1b: Volcarona|Quiver Dance|p1b: Volcarona\n|-boost|p1b: Volcarona|spa|1\n|-boost|p1b: Volcarona|spd|1\n|-boost|p1b: Volcarona|spe|1\n|\n|upkeep\n|\n|t:|1700777178\n|switch|p1a: Greninja|Greninja, F, shiny|100\/100\n|turn|2\n|\n|t:|1700777201\n|-terastallize|p2b: cries|Water\n|move|p1a: Greninja|Protect|p1a: Greninja\n|-singleturn|p1a: Greninja|Protect\n|move|p1b: Volcarona|Quiver Dance|p1b: Volcarona\n|-boost|p1b: Volcarona|spa|1\n|-boost|p1b: Volcarona|spd|1\n|-boost|p1b: Volcarona|spe|1\n|move|p2a: send help|U-turn|p1a: Greninja\n|-activate|p1a: Greninja|move: Protect\n|move|p2b: cries|Tera Blast|p1b: Volcarona|[anim] Tera Blast Water\n|-supereffective|p1b: Volcarona\n|-damage|p1b: Volcarona|45\/100\n|\n|upkeep\n|turn|3\n|\n|t:|1700777229\n|switch|p2a: im in danger|Froslass, F, shiny|100\/100\n|move|p1b: Volcarona|Heat Wave|p2a: im in danger|[spread] p2a,p2b\n|-supereffective|p2a: im in danger\n|-resisted|p2b: cries\n|-damage|p2a: im in danger|0 fnt\n|-damage|p2b: cries|0 fnt\n|faint|p2a: im in danger\n|faint|p2b: cries\n|move|p1a: Greninja|Dark Pulse|p2: im in danger|[notarget]\n|-fail|p1a: Greninja\n|\n|upkeep\n|\n|t:|1700777239\n|switch|p2b: send help|Lopunny-Mega, F, shiny|100\/100\n|switch|p2a: i hate my trainer|Tsareena, F, shiny|100\/100\n|turn|4\n|\n|t:|1700777250\n|move|p2b: send help|Fake Out|p1b: Volcarona\n|-damage|p1b: Volcarona|11\/100\n|move|p1a: Greninja|Water Shuriken||[still]\n|cant|p2a: i hate my trainer|ability: Queenly Majesty|Water Shuriken|[of] p1a: Greninja\n|cant|p1b: Volcarona|flinch\n|move|p2a: i hate my trainer|Triple Axel|p1b: Volcarona\n|-resisted|p1b: Volcarona\n|-damage|p1b: Volcarona|5\/100\n|-resisted|p1b: Volcarona\n|-damage|p1b: Volcarona|0 fnt\n|faint|p1b: Volcarona\n|-hitcount|p1: Volcarona|2\n|\n|upkeep\n|\n|t:|1700777263\n|switch|p1b: Infernape|Infernape, M, shiny|100\/100\n|turn|5\n|\n|t:|1700777278\n|move|p2b: send help|High Jump Kick|p1b: Infernape|[miss]\n|-miss|p2b: send help|p1b: Infernape\n|-damage|p2b: send help|51\/100|[from] highjumpkick\n|move|p1a: Greninja|Ice Beam|p2b: send help\n|-damage|p2b: send help|17\/100\n|move|p1b: Infernape|Fire Punch|p2a: i hate my trainer\n|-supereffective|p2a: i hate my trainer\n|-damage|p2a: i hate my trainer|0 fnt\n|faint|p2a: i hate my trainer\n|\n|upkeep\n|\n|t:|1700777292\n|switch|p2a: malnourished|Hatterene, F, shiny|100\/100\n|turn|6\n|\n|t:|1700777311\n|move|p1a: Greninja|Protect|p1a: Greninja\n|-singleturn|p1a: Greninja|Protect\n|move|p2b: send help|U-turn|p1b: Infernape\n|-resisted|p1b: Infernape\n|-damage|p1b: Infernape|91\/100\n|\n|t:|1700777316\n|switch|p2b: LIFE IS A HIGHWAY|Milotic, F|100\/100|[from] U-turn\n|move|p1b: Infernape|Fire Punch|p2b: LIFE IS A HIGHWAY\n|-resisted|p2b: LIFE IS A HIGHWAY\n|-damage|p2b: LIFE IS A HIGHWAY|67\/100\n|move|p2a: malnourished|Nuzzle|p1a: Greninja\n|-activate|p1a: Greninja|move: Protect\n|\n|-heal|p2b: LIFE IS A HIGHWAY|73\/100|[from] item: Leftovers\n|upkeep\n|turn|7\n|\n|t:|1700777342\n|switch|p1a: Umbreon|Umbreon, F, shiny|100\/100\n|switch|p1b: Sylveon|Sylveon, M|100\/100\n|move|p2b: LIFE IS A HIGHWAY|Coil|p2b: LIFE IS A HIGHWAY\n|-boost|p2b: LIFE IS A HIGHWAY|atk|1\n|-boost|p2b: LIFE IS A HIGHWAY|def|1\n|-boost|p2b: LIFE IS A HIGHWAY|accuracy|1\n|move|p2a: malnourished|Nuzzle|p1a: Umbreon\n|-damage|p1a: Umbreon|97\/100\n|-status|p1a: Umbreon|par\n|-activate|p1a: Umbreon|ability: Synchronize\n|-status|p2a: malnourished|par\n|\n|-heal|p2b: LIFE IS A HIGHWAY|79\/100|[from] item: Leftovers\n|upkeep\n|turn|8\n|\n|t:|1700777364\n|move|p2b: LIFE IS A HIGHWAY|Hypnosis|p1b: Sylveon\n|-status|p1b: Sylveon|slp|[from] move: Hypnosis\n|cant|p1b: Sylveon|slp\n|move|p1a: Umbreon|Foul Play|p2b: LIFE IS A HIGHWAY\n|-damage|p2b: LIFE IS A HIGHWAY|60\/100\n|move|p2a: malnourished|Draining Kiss|p1a: Umbreon\n|-supereffective|p1a: Umbreon\n|-damage|p1a: Umbreon|62\/100 par\n|\n|-heal|p2b: LIFE IS A HIGHWAY|66\/100|[from] item: Leftovers\n|upkeep\n|turn|9\n|\n|t:|1700777388\n|move|p2b: LIFE IS A HIGHWAY|Recover|p2b: LIFE IS A HIGHWAY\n|-heal|p2b: LIFE IS A HIGHWAY|100\/100\n|cant|p1b: Sylveon|slp\n|cant|p1a: Umbreon|par\n|move|p2a: malnourished|Draining Kiss|p1a: Umbreon\n|-supereffective|p1a: Umbreon\n|-damage|p1a: Umbreon|27\/100 par\n|\n|upkeep\n|turn|10\n|\n|t:|1700777400\n|move|p1a: Umbreon|Protect|p1a: Umbreon\n|-singleturn|p1a: Umbreon|Protect\n|move|p2b: LIFE IS A HIGHWAY|Scald|p1a: Umbreon\n|-activate|p1a: Umbreon|move: Protect\n|-curestatus|p1b: Sylveon|slp|[msg]\n|move|p1b: Sylveon|Hyper Voice|p2a: malnourished|[spread] p2a,p2b\n|-damage|p2a: malnourished|71\/100 par\n|-damage|p2b: LIFE IS A HIGHWAY|75\/100\n|move|p2a: malnourished|Draining Kiss|p1a: Umbreon\n|-activate|p1a: Umbreon|move: Protect\n|\n|-heal|p2b: LIFE IS A HIGHWAY|81\/100|[from] item: Leftovers\n|upkeep\n|turn|11\n|\n|t:|1700777421\n|move|p2b: LIFE IS A HIGHWAY|Scald|p1a: Umbreon\n|-damage|p1a: Umbreon|10\/100 par\n|move|p1b: Sylveon|Hyper Voice|p2b: LIFE IS A HIGHWAY|[spread] p2a,p2b\n|-damage|p2a: malnourished|38\/100 par\n|-damage|p2b: LIFE IS A HIGHWAY|59\/100\n|move|p1a: Umbreon|Foul Play|p2a: malnourished\n|-damage|p2a: malnourished|1\/100 par\n|cant|p2a: malnourished|par\n|\n|-heal|p2b: LIFE IS A HIGHWAY|65\/100|[from] item: Leftovers\n|upkeep\n|turn|12\n|\n|t:|1700777440\n|move|p1a: Umbreon|Protect|p1a: Umbreon\n|-singleturn|p1a: Umbreon|Protect\n|move|p2b: LIFE IS A HIGHWAY|Scald|p1a: Umbreon\n|-activate|p1a: Umbreon|move: Protect\n|move|p1b: Sylveon|Hyper Voice|p2b: LIFE IS A HIGHWAY|[spread] p2a,p2b\n|-damage|p2a: malnourished|0 fnt\n|-damage|p2b: LIFE IS A HIGHWAY|39\/100\n|faint|p2a: malnourished\n|\n|-heal|p2b: LIFE IS A HIGHWAY|45\/100|[from] item: Leftovers\n|upkeep\n|\n|t:|1700777443\n|switch|p2a: send help|Lopunny-Mega, F, shiny|17\/100\n|turn|13\n|\n|t:|1700777458\n|move|p2a: send help|Fake Out|p1b: Sylveon\n|-damage|p1b: Sylveon|78\/100\n|move|p2b: LIFE IS A HIGHWAY|Recover|p2b: LIFE IS A HIGHWAY\n|-heal|p2b: LIFE IS A HIGHWAY|95\/100\n|cant|p1b: Sylveon|flinch\n|move|p1a: Umbreon|Toxic|p2a: send help\n|-status|p2a: send help|tox\n|\n|-heal|p2b: LIFE IS A HIGHWAY|100\/100|[from] item: Leftovers\n|-damage|p2a: send help|11\/100 tox|[from] psn\n|upkeep\n|turn|14\n|\n|t:|1700777472\n|move|p2a: send help|U-turn|p1a: Umbreon\n|-supereffective|p1a: Umbreon\n|-damage|p1a: Umbreon|0 fnt\n|faint|p1a: Umbreon\n|move|p2b: LIFE IS A HIGHWAY|Coil|p2b: LIFE IS A HIGHWAY\n|-boost|p2b: LIFE IS A HIGHWAY|atk|1\n|-boost|p2b: LIFE IS A HIGHWAY|def|1\n|-boost|p2b: LIFE IS A HIGHWAY|accuracy|1\n|move|p1b: Sylveon|Hyper Voice|p2a: send help|[spread] p2a,p2b\n|-supereffective|p2a: send help\n|-damage|p2a: send help|0 fnt\n|-damage|p2b: LIFE IS A HIGHWAY|76\/100\n|faint|p2a: send help\n|\n|-heal|p2b: LIFE IS A HIGHWAY|82\/100|[from] item: Leftovers\n|upkeep\n|\n|t:|1700777487\n|switch|p1a: Infernape|Infernape, M, shiny|91\/100\n|turn|15\n|\n|t:|1700777506\n|move|p1a: Infernape|Thunder Punch|p2b: LIFE IS A HIGHWAY\n|-supereffective|p2b: LIFE IS A HIGHWAY\n|-damage|p2b: LIFE IS A HIGHWAY|38\/100\n|move|p2b: LIFE IS A HIGHWAY|Hypnosis|p1a: Infernape\n|-status|p1a: Infernape|slp|[from] move: Hypnosis\n|move|p1b: Sylveon|Hyper Voice|p2b: LIFE IS A HIGHWAY\n|-damage|p2b: LIFE IS A HIGHWAY|5\/100\n|\n|-heal|p2b: LIFE IS A HIGHWAY|11\/100|[from] item: Leftovers\n|upkeep\n|turn|16\n|\n|t:|1700777517\n|cant|p1a: Infernape|slp\n|move|p2b: LIFE IS A HIGHWAY|Recover|p2b: LIFE IS A HIGHWAY\n|-heal|p2b: LIFE IS A HIGHWAY|61\/100\n|move|p1b: Sylveon|Hyper Voice|p2b: LIFE IS A HIGHWAY\n|-damage|p2b: LIFE IS A HIGHWAY|30\/100\n|\n|-heal|p2b: LIFE IS A HIGHWAY|36\/100|[from] item: Leftovers\n|upkeep\n|turn|17\n|\n|t:|1700777528\n|-curestatus|p1a: Infernape|slp|[msg]\n|move|p1a: Infernape|Thunder Punch|p2b: LIFE IS A HIGHWAY\n|-supereffective|p2b: LIFE IS A HIGHWAY\n|-damage|p2b: LIFE IS A HIGHWAY|0 fnt\n|faint|p2b: LIFE IS A HIGHWAY\n|\n|win|Vaporstar07\n|raw|Vaporstar07's rating: 1067 &rarr; <strong>1106<\/strong><br \/>(+39 for winning)\n|raw|ugly bath star's rating: 1180 &rarr; <strong>1147<\/strong><br \/>(-33 for losing)\n|l|\u2606ugly bath star\n","uploadtime":1700777535,"views":1,"p1id":"vaporstar07","p2id":"uglybathstar","formatid":"gen9nationaldexdoubles","rating":1106,"private":0,"password":""}