{"id":"gen9nationaldexdoubles-1973122510","p1":"Captain_Saurian","p2":"VodooSaint","format":"[Gen 9] National Dex Doubles","log":"|j|\u2606Captain_Saurian\n|j|\u2606VodooSaint\n|t:|1697930124\n|gametype|doubles\n|player|p1|Captain_Saurian|pokemaniac|1044\n|player|p2|VodooSaint|fantina|1067\n|teamsize|p1|6\n|teamsize|p2|6\n|gen|9\n|tier|[Gen 9] National Dex Doubles\n|rated|\n|rule|HP Percentage Mod: HP is shown in percentages\n|rule|Endless Battle Clause: Forcing endless battles is banned\n|rule|OHKO Clause: OHKO moves are banned\n|rule|Evasion Moves Clause: Evasion moves are banned\n|rule|Evasion Abilities Clause: Evasion abilities are banned\n|rule|Species Clause: Limit one of each Pok\u00e9mon\n|rule|Gravity Sleep Clause: The combination of sleep-inducing moves with imperfect accuracy and Gravity or Gigantamax Orbeetle are banned\n|clearpoke\n|poke|p1|Gliscor, F|\n|poke|p1|Alomomola, F|\n|poke|p1|Rillaboom, F|\n|poke|p1|Sceptile, F|\n|poke|p1|Farigiraf, F|\n|poke|p1|Dragonite, M|\n|poke|p2|Gardevoir, F|\n|poke|p2|Sylveon, M|\n|poke|p2|Altaria, M|\n|poke|p2|Clefable, M|\n|poke|p2|Tapu Fini|\n|poke|p2|Diancie|\n|teampreview\n|\n|t:|1697930140\n|start\n|switch|p1a: Gliscor|Gliscor, F|100\/100\n|switch|p1b: Alomomola|Alomomola, F|100\/100\n|switch|p2a: Tapu Fini|Tapu Fini|100\/100\n|switch|p2b: Diancie|Diancie|100\/100\n|-fieldstart|move: Misty Terrain|[from] ability: Misty Surge|[of] p2a: Tapu Fini\n|turn|1\n|\n|t:|1697930162\n|move|p1a: Gliscor|Stealth Rock|p2b: Diancie\n|-sidestart|p2: VodooSaint|move: Stealth Rock\n|move|p2a: Tapu Fini|Toxic|p1a: Gliscor\n|-status|p1a: Gliscor|tox\n|move|p1b: Alomomola|Toxic|p1a: Gliscor\n|-fail|p1a: Gliscor|tox\n|move|p2b: Diancie|Diamond Storm|p1a: Gliscor|[spread] p1a,p1b\n|-damage|p1a: Gliscor|83\/100 tox\n|-damage|p1b: Alomomola|87\/100\n|-boost|p2b: Diancie|def|2\n|\n|-heal|p1a: Gliscor|89\/100 tox|[from] item: Leftovers\n|-heal|p1a: Gliscor|100\/100 tox|[from] ability: Poison Heal\n|upkeep\n|turn|2\n|c|\u2606Captain_Saurian|!dt misty terrain\n|raw|<ul class=\"utilichart\"><li class=\"result\"><span class=\"col movenamecol\"><a href=\"https:\/\/dex.pokemonshowdown.com\/moves\/mistyterrain\">Misty Terrain<\/a><\/span> <span class=\"col typecol\"><img src=\"\/\/play.pokemonshowdown.com\/sprites\/types\/Fairy.png\" alt=\"Fairy\" width=\"32\" height=\"14\"><img src=\"\/\/play.pokemonshowdown.com\/sprites\/categories\/Status.png\" alt=\"Status\" width=\"32\" height=\"14\"><\/span> <span class=\"col widelabelcol\"><em>Accuracy<\/em><br>\u2014<\/span> <span class=\"col pplabelcol\"><em>PP<\/em><br>16<\/span> <span class=\"col movedesccol\">5 turns. Can't status,-Dragon power vs grounded.<\/span> <\/li><li style=\"clear:both\"><\/li><\/ul>\n|raw|<font size=\"1\"><font color=\"#686868\">Priority:<\/font> 0&nbsp;|&ThickSpace;<font color=\"#686868\">Gen:<\/font> 6&nbsp;|&ThickSpace;&#10003; Bypasses Protect&nbsp;|&ThickSpace;<font color=\"#686868\">Z-Effect:<\/font>  Sp. Def +1&nbsp;|&ThickSpace;<font color=\"#686868\">Target:<\/font> All Pok\u00e9mon<\/font>\n\n|\n|t:|1697930199\n|move|p1a: Gliscor|Toxic|p2a: Tapu Fini\n|-activate|p2a: Tapu Fini|move: Misty Terrain\n|move|p2a: Tapu Fini|Toxic|p1b: Alomomola\n|-activate|p1b: Alomomola|move: Misty Terrain\n|move|p1b: Alomomola|Scald|p2b: Diancie\n|-supereffective|p2b: Diancie\n|-damage|p2b: Diancie|82\/100\n|move|p2b: Diancie|Stealth Rock|p1b: Alomomola\n|-sidestart|p1: Captain_Saurian|move: Stealth Rock\n|\n|upkeep\n|turn|3\n|\n|t:|1697930219\n|move|p1a: Gliscor|Earthquake|p2a: Tapu Fini|[spread] p1b,p2a,p2b\n|-supereffective|p2b: Diancie\n|-damage|p1b: Alomomola|73\/100\n|-damage|p2a: Tapu Fini|77\/100\n|-damage|p2b: Diancie|64\/100\n|move|p2a: Tapu Fini|Nature's Madness|p1b: Alomomola\n|-damage|p1b: Alomomola|37\/100\n|move|p1b: Alomomola|Knock Off|p2a: Tapu Fini\n|-resisted|p2a: Tapu Fini\n|-damage|p2a: Tapu Fini|69\/100\n|-enditem|p2a: Tapu Fini|Leftovers|[from] move: Knock Off|[of] p1b: Alomomola\n|move|p2b: Diancie|Earth Power|p1a: Gliscor\n|-immune|p1a: Gliscor\n|\n|upkeep\n|turn|4\n|\n|t:|1697930240\n|move|p1a: Gliscor|Protect|p1a: Gliscor\n|-singleturn|p1a: Gliscor|Protect\n|move|p2a: Tapu Fini|Nature's Madness|p1a: Gliscor\n|-activate|p1a: Gliscor|move: Protect\n|move|p1b: Alomomola|Flip Turn|p2b: Diancie\n|-supereffective|p2b: Diancie\n|-damage|p2b: Diancie|48\/100\n|-damage|p1b: Alomomola|20\/100|[from] item: Rocky Helmet|[of] p2b: Diancie\n|\n|t:|1697930254\n|switch|p1b: Rillaboom|Rillaboom, F|100\/100|[from] Flip Turn\n|-damage|p1b: Rillaboom|88\/100|[from] Stealth Rock\n|-fieldstart|move: Grassy Terrain|[from] ability: Grassy Surge|[of] p1b: Rillaboom\n|move|p2b: Diancie|Moonblast|p1a: Gliscor\n|-activate|p1a: Gliscor|move: Protect\n|\n|-heal|p1b: Rillaboom|94\/100|[from] Grassy Terrain\n|-heal|p2a: Tapu Fini|75\/100|[from] Grassy Terrain\n|-heal|p2b: Diancie|54\/100|[from] Grassy Terrain\n|upkeep\n|turn|5\n|\n|t:|1697930277\n|move|p1b: Rillaboom|Fake Out|p2a: Tapu Fini\n|-damage|p2a: Tapu Fini|62\/100\n|move|p1a: Gliscor|Earthquake|p2b: Diancie|[spread] p1b,p2a,p2b\n|-resisted|p1b: Rillaboom\n|-supereffective|p2b: Diancie\n|-damage|p1b: Rillaboom|88\/100\n|-damage|p2a: Tapu Fini|52\/100\n|-damage|p2b: Diancie|44\/100\n|cant|p2a: Tapu Fini|flinch\n|move|p2b: Diancie|Moonblast|p1a: Gliscor\n|-crit|p1a: Gliscor\n|-damage|p1a: Gliscor|32\/100 tox\n|\n|-heal|p1b: Rillaboom|94\/100|[from] Grassy Terrain\n|-heal|p1a: Gliscor|39\/100 tox|[from] item: Leftovers\n|-heal|p2a: Tapu Fini|58\/100|[from] Grassy Terrain\n|-heal|p2b: Diancie|50\/100|[from] Grassy Terrain\n|-heal|p1a: Gliscor|51\/100 tox|[from] ability: Poison Heal\n|upkeep\n|turn|6\n|\n|t:|1697930308\n|move|p1a: Gliscor|Protect|p1a: Gliscor\n|-singleturn|p1a: Gliscor|Protect\n|move|p1b: Rillaboom|Grassy Glide|p2a: Tapu Fini\n|-supereffective|p2a: Tapu Fini\n|-damage|p2a: Tapu Fini|0 fnt\n|faint|p2a: Tapu Fini\n|move|p2b: Diancie|Moonblast|p1a: Gliscor\n|-activate|p1a: Gliscor|move: Protect\n|\n|-heal|p1b: Rillaboom|100\/100|[from] Grassy Terrain\n|-heal|p1a: Gliscor|57\/100 tox|[from] item: Leftovers\n|-heal|p2b: Diancie|56\/100|[from] Grassy Terrain\n|-heal|p1a: Gliscor|70\/100 tox|[from] ability: Poison Heal\n|upkeep\n|\n|t:|1697930325\n|switch|p2a: Clefable|Clefable, M|100\/100\n|turn|7\n|\n|t:|1697930332\n|move|p1b: Rillaboom|Grassy Glide|p2b: Diancie\n|-supereffective|p2b: Diancie\n|-damage|p2b: Diancie|28\/100\n|-damage|p1b: Rillaboom|84\/100|[from] item: Rocky Helmet|[of] p2b: Diancie\n|move|p1a: Gliscor|Earthquake|p2b: Diancie|[spread] p1b,p2a,p2b\n|-resisted|p1b: Rillaboom\n|-crit|p1b: Rillaboom\n|-supereffective|p2b: Diancie\n|-damage|p1b: Rillaboom|74\/100\n|-damage|p2a: Clefable|87\/100\n|-damage|p2b: Diancie|18\/100\n|move|p2a: Clefable|Flamethrower|p1b: Rillaboom\n|-supereffective|p1b: Rillaboom\n|-damage|p1b: Rillaboom|0 fnt\n|faint|p1b: Rillaboom\n|move|p2b: Diancie|Moonblast|p1a: Gliscor\n|-damage|p1a: Gliscor|23\/100 tox\n|\n|-heal|p1a: Gliscor|29\/100 tox|[from] item: Leftovers\n|-heal|p2a: Clefable|93\/100|[from] Grassy Terrain\n|-heal|p2b: Diancie|24\/100|[from] Grassy Terrain\n|-heal|p1a: Gliscor|41\/100 tox|[from] ability: Poison Heal\n|upkeep\n|\n|t:|1697930359\n|switch|p1b: Sceptile|Sceptile, F|100\/100\n|-damage|p1b: Sceptile|88\/100|[from] Stealth Rock\n|-enditem|p1b: Sceptile|Grassy Seed\n|-boost|p1b: Sceptile|def|1|[from] item: Grassy Seed\n|turn|8\n|\n|t:|1697930377\n|move|p1b: Sceptile|Energy Ball|p2b: Diancie\n|-supereffective|p2b: Diancie\n|-damage|p2b: Diancie|0 fnt\n|faint|p2b: Diancie\n|move|p1a: Gliscor|Toxic|p2a: Clefable\n|-status|p2a: Clefable|tox\n|move|p2a: Clefable|Flamethrower|p1b: Sceptile\n|-supereffective|p1b: Sceptile\n|-damage|p1b: Sceptile|0 fnt\n|faint|p1b: Sceptile\n|\n|-heal|p1a: Gliscor|48\/100 tox|[from] item: Leftovers\n|-heal|p2a: Clefable|99\/100 tox|[from] Grassy Terrain\n|-heal|p1a: Gliscor|60\/100 tox|[from] ability: Poison Heal\n|upkeep\n|\n|t:|1697930399\n|switch|p1b: Alomomola|Alomomola, F|53\/100\n|switch|p2b: Gardevoir|Gardevoir, F|100\/100\n|-damage|p2b: Gardevoir|88\/100|[from] Stealth Rock\n|-damage|p1b: Alomomola|41\/100|[from] Stealth Rock\n|turn|9\n|\n|t:|1697930417\n|move|p2b: Gardevoir|Thunderbolt|p1b: Alomomola\n|-supereffective|p1b: Alomomola\n|-damage|p1b: Alomomola|0 fnt\n|faint|p1b: Alomomola\n|move|p1a: Gliscor|Toxic|p2b: Gardevoir\n|-status|p2b: Gardevoir|tox\n|-activate|p2b: Gardevoir|ability: Synchronize\n|-fail|p1a: Gliscor|tox\n|move|p2a: Clefable|Psychic|p1a: Gliscor\n|-damage|p1a: Gliscor|26\/100 tox\n|\n|-heal|p2b: Gardevoir|94\/100 tox|[from] Grassy Terrain\n|-heal|p1a: Gliscor|32\/100 tox|[from] item: Leftovers\n|-heal|p2a: Clefable|100\/100 tox|[from] Grassy Terrain\n|-damage|p2b: Gardevoir|88\/100 tox|[from] psn\n|-heal|p1a: Gliscor|45\/100 tox|[from] ability: Poison Heal\n|upkeep\n|\n|t:|1697930437\n|switch|p1b: Dragonite|Dragonite, M|100\/100\n|-damage|p1b: Dragonite|76\/100|[from] Stealth Rock\n|turn|10\n|\n|t:|1697930463\n|-terastallize|p1b: Dragonite|Normal\n|move|p1a: Gliscor|Protect|p1a: Gliscor\n|-singleturn|p1a: Gliscor|Protect\n|move|p2b: Gardevoir|Moonblast|p1b: Dragonite\n|-damage|p1b: Dragonite|10\/100\n|move|p1b: Dragonite|Dragon Dance|p1b: Dragonite\n|-boost|p1b: Dragonite|atk|1\n|-boost|p1b: Dragonite|spe|1\n|move|p2a: Clefable|Moonblast|p1a: Gliscor\n|-activate|p1a: Gliscor|move: Protect\n|\n|-heal|p1b: Dragonite|17\/100|[from] Grassy Terrain\n|-heal|p2b: Gardevoir|94\/100 tox|[from] Grassy Terrain\n|-heal|p1a: Gliscor|51\/100 tox|[from] item: Leftovers\n|-damage|p2b: Gardevoir|82\/100 tox|[from] psn\n|-heal|p1a: Gliscor|63\/100 tox|[from] ability: Poison Heal\n|upkeep\n|turn|11\n|\n|t:|1697930492\n|move|p1b: Dragonite|Extreme Speed|p2a: Clefable\n|-enditem|p1b: Dragonite|Normal Gem|[from] gem\n|-damage|p2a: Clefable|7\/100 tox\n|move|p2b: Gardevoir|Moonblast|p1b: Dragonite\n|-damage|p1b: Dragonite|0 fnt\n|faint|p1b: Dragonite\n|move|p1a: Gliscor|Earthquake|p2b: Gardevoir|[spread] p2a,p2b\n|-damage|p2a: Clefable|0 fnt\n|-damage|p2b: Gardevoir|62\/100 tox\n|faint|p2a: Clefable\n|\n|-heal|p2b: Gardevoir|68\/100 tox|[from] Grassy Terrain\n|-heal|p1a: Gliscor|70\/100 tox|[from] item: Leftovers\n|-damage|p2b: Gardevoir|50\/100 tox|[from] psn\n|-heal|p1a: Gliscor|82\/100 tox|[from] ability: Poison Heal\n|-fieldend|move: Grassy Terrain\n|upkeep\n|\n|t:|1697930509\n|switch|p1b: Farigiraf|Farigiraf, F|100\/100\n|switch|p2a: Sylveon|Sylveon, M|100\/100\n|-damage|p1b: Farigiraf|88\/100|[from] Stealth Rock\n|-damage|p2a: Sylveon|88\/100|[from] Stealth Rock\n|turn|12\n|\n|t:|1697930524\n|move|p1b: Farigiraf|Ally Switch|p1b: Farigiraf\n|swap|p1b: Farigiraf|0|[from] move: Ally Switch\n|move|p2b: Gardevoir|Aura Sphere|p1b: Gliscor\n|-resisted|p1b: Gliscor\n|-damage|p1b: Gliscor|70\/100 tox\n|move|p1b: Gliscor|Toxic|p2a: Sylveon\n|-status|p2a: Sylveon|tox\n|move|p2a: Sylveon|Moonblast|p1a: Farigiraf\n|-damage|p1a: Farigiraf|39\/100\n|\n|-heal|p1b: Gliscor|76\/100 tox|[from] item: Leftovers\n|-heal|p2a: Sylveon|94\/100 tox|[from] item: Leftovers\n|-damage|p2b: Gardevoir|25\/100 tox|[from] psn\n|-heal|p1b: Gliscor|88\/100 tox|[from] ability: Poison Heal\n|-damage|p2a: Sylveon|88\/100 tox|[from] psn\n|upkeep\n|turn|13\n|\n|t:|1697930555\n|move|p1b: Gliscor|Protect|p1b: Gliscor\n|-singleturn|p1b: Gliscor|Protect\n|move|p2b: Gardevoir|Moonblast|p1a: Farigiraf\n|-damage|p1a: Farigiraf|0 fnt\n|faint|p1a: Farigiraf\n|move|p2a: Sylveon|Moonblast|p1b: Gliscor\n|-activate|p1b: Gliscor|move: Protect\n|\n|-heal|p1b: Gliscor|95\/100 tox|[from] item: Leftovers\n|-heal|p2a: Sylveon|94\/100 tox|[from] item: Leftovers\n|-damage|p2b: Gardevoir|0 fnt|[from] psn\n|faint|p2b: Gardevoir\n|-heal|p1b: Gliscor|100\/100 tox|[from] ability: Poison Heal\n|-damage|p2a: Sylveon|82\/100 tox|[from] psn\n|upkeep\n|\n|t:|1697930572\n|switch|p2b: Altaria|Altaria, M|100\/100\n|-damage|p2b: Altaria|76\/100|[from] Stealth Rock\n|turn|14\n|\n|t:|1697930591\n|detailschange|p2b: Altaria|Altaria-Mega, M\n|-mega|p2b: Altaria|Altaria|Altarianite\n|move|p1b: Gliscor|Toxic|p2b: Altaria\n|-status|p2b: Altaria|tox\n|move|p2b: Altaria|Return|p1b: Gliscor\n|-damage|p1b: Gliscor|67\/100 tox\n|move|p2a: Sylveon|Moonblast|p1b: Gliscor\n|-damage|p1b: Gliscor|20\/100 tox\n|\n|-heal|p1b: Gliscor|26\/100 tox|[from] item: Leftovers\n|-heal|p2a: Sylveon|88\/100 tox|[from] item: Leftovers\n|-heal|p1b: Gliscor|38\/100 tox|[from] ability: Poison Heal\n|-damage|p2b: Altaria|69\/100 tox|[from] psn\n|-damage|p2a: Sylveon|70\/100 tox|[from] psn\n|upkeep\n|turn|15\n|\n|t:|1697930614\n|move|p1b: Gliscor|Protect|p1b: Gliscor\n|-singleturn|p1b: Gliscor|Protect\n|move|p2b: Altaria|Dragon Dance|p2b: Altaria\n|-boost|p2b: Altaria|atk|1\n|-boost|p2b: Altaria|spe|1\n|move|p2a: Sylveon|Moonblast|p1b: Gliscor\n|-activate|p1b: Gliscor|move: Protect\n|\n|-heal|p1b: Gliscor|45\/100 tox|[from] item: Leftovers\n|-heal|p2a: Sylveon|76\/100 tox|[from] item: Leftovers\n|-damage|p2b: Altaria|57\/100 tox|[from] psn\n|-heal|p1b: Gliscor|57\/100 tox|[from] ability: Poison Heal\n|-damage|p2a: Sylveon|52\/100 tox|[from] psn\n|upkeep\n|turn|16\n|\n|t:|1697930634\n|move|p1b: Gliscor|Protect||[still]\n|-fail|p1b: Gliscor\n|move|p2b: Altaria|Return|p1b: Gliscor\n|-damage|p1b: Gliscor|7\/100 tox\n|move|p2a: Sylveon|Moonblast|p1b: Gliscor\n|-damage|p1b: Gliscor|0 fnt\n|faint|p1b: Gliscor\n|\n|win|VodooSaint\n|raw|Captain_Saurian's rating: 1044 &rarr; <strong>1028<\/strong><br \/>(-16 for losing)\n|raw|VodooSaint's rating: 1067 &rarr; <strong>1095<\/strong><br \/>(+28 for winning)\n|l|\u2606Captain_Saurian\n","uploadtime":1697930651,"views":6,"p1id":"captainsaurian","p2id":"vodoosaint","formatid":"gen9nationaldexdoubles","rating":1028,"private":0,"password":""}