{"id":"gen9nationaldexdoubles-1994702195","p1":"jky666","p2":"Woundsave","format":"[Gen 9] National Dex Doubles","log":"|j|\u2606jky666\n|j|\u2606Woundsave\n|t:|1700483187\n|gametype|doubles\n|player|p1|jky666|265|1000\n|player|p2|Woundsave|265|1126\n|teamsize|p1|6\n|teamsize|p2|6\n|gen|9\n|tier|[Gen 9] National Dex Doubles\n|rated|\n|rule|HP Percentage Mod: HP is shown in percentages\n|rule|Endless Battle Clause: Forcing endless battles is banned\n|rule|OHKO Clause: OHKO moves are banned\n|rule|Evasion Moves Clause: Evasion moves are banned\n|rule|Evasion Abilities Clause: Evasion abilities are banned\n|rule|Species Clause: Limit one of each Pok\u00e9mon\n|rule|Gravity Sleep Clause: The combination of sleep-inducing moves with imperfect accuracy and Gravity or Gigantamax Orbeetle are banned\n|clearpoke\n|poke|p1|Cresselia, F|\n|poke|p1|Mawile, F|\n|poke|p1|Ursaluna, F|\n|poke|p1|Regidrago|\n|poke|p1|Hatterene, F|\n|poke|p1|Porygon2|\n|poke|p2|Incineroar, M|\n|poke|p2|Wo-Chien|\n|poke|p2|Ceruledge, F|\n|poke|p2|Sinistcha|\n|poke|p2|Arcanine-Hisui, F|\n|poke|p2|Iron Hands|\n|teampreview\n|inactive|Battle timer is ON: inactive players will automatically lose when time's up. (requested by Woundsave)\n|\n|t:|1700483205\n|start\n|switch|p1a: Hatterene|Hatterene, F|100\/100\n|switch|p1b: Ursaluna|Ursaluna, F|100\/100\n|switch|p2a: Incineroar|Incineroar, M, shiny|100\/100\n|switch|p2b: Ceruledge|Ceruledge, F|100\/100\n|-ability|p2a: Incineroar|Intimidate|boost\n|-unboost|p1a: Hatterene|atk|1\n|-unboost|p1b: Ursaluna|atk|1\n|turn|1\n|\n|t:|1700483215\n|move|p2b: Ceruledge|Bulk Up|p2b: Ceruledge\n|-boost|p2b: Ceruledge|atk|1\n|-boost|p2b: Ceruledge|def|1\n|move|p2a: Incineroar|Brutal Swing|p1b: Ursaluna|[spread] p2b,p1a,p1b\n|-supereffective|p2b: Ceruledge\n|-damage|p2b: Ceruledge|78\/100\n|-damage|p1a: Hatterene|80\/100\n|-damage|p1b: Ursaluna|88\/100\n|-ability|p2b: Ceruledge|Weak Armor|boost\n|-unboost|p2b: Ceruledge|def|1\n|-boost|p2b: Ceruledge|spe|2\n|-enditem|p2b: Ceruledge|Weakness Policy\n|-boost|p2b: Ceruledge|atk|2|[from] item: Weakness Policy\n|-boost|p2b: Ceruledge|spa|2|[from] item: Weakness Policy\n|move|p1b: Ursaluna|Swords Dance|p1b: Ursaluna\n|-boost|p1b: Ursaluna|atk|2\n|move|p1a: Hatterene|Trick Room|p1a: Hatterene\n|-fieldstart|move: Trick Room|[of] p1a: Hatterene\n|\n|-status|p1b: Ursaluna|brn|[from] item: Flame Orb\n|upkeep\n|turn|2\n|\n|t:|1700483243\n|switch|p1a: Cresselia|Cresselia, F|100\/100\n|switch|p2a: Arcanine|Arcanine-Hisui, F, shiny|100\/100\n|-ability|p2a: Arcanine|Intimidate|boost\n|-unboost|p1a: Cresselia|atk|1\n|-unboost|p1b: Ursaluna|atk|1\n|move|p2b: Ceruledge|Protect|p2b: Ceruledge\n|-singleturn|p2b: Ceruledge|Protect\n|move|p1b: Ursaluna|Earthquake|p2a: Arcanine|[spread] p2a\n|-activate|p2b: Ceruledge|move: Protect\n|-immune|p1a: Cresselia|[from] ability: Levitate\n|-supereffective|p2a: Arcanine\n|-damage|p2a: Arcanine|0 fnt\n|faint|p2a: Arcanine\n|\n|-damage|p1b: Ursaluna|82\/100 brn|[from] brn\n|upkeep\n|inactive|Woundsave has 120 seconds left.\n|\n|t:|1700483257\n|switch|p2a: Incineroar|Incineroar, M, shiny|100\/100\n|-ability|p2a: Incineroar|Intimidate|boost\n|-unboost|p1a: Cresselia|atk|1\n|-unboost|p1b: Ursaluna|atk|1\n|turn|3\n|\n|t:|1700483273\n|move|p2a: Incineroar|Fake Out|p1b: Ursaluna\n|-damage|p1b: Ursaluna|74\/100 brn\n|cant|p1b: Ursaluna|flinch\n|move|p1a: Cresselia|Ice Beam|p2b: Ceruledge\n|-resisted|p2b: Ceruledge\n|-damage|p2b: Ceruledge|65\/100\n|-status|p2b: Ceruledge|frz\n|-curestatus|p2b: Ceruledge|frz|[msg]\n|move|p2b: Ceruledge|Bulk Up|p2b: Ceruledge\n|-boost|p2b: Ceruledge|atk|1\n|-boost|p2b: Ceruledge|def|1\n|\n|-damage|p1b: Ursaluna|68\/100 brn|[from] brn\n|upkeep\n|turn|4\n|inactive|Woundsave has 120 seconds left.\n|\n|t:|1700483303\n|switch|p2a: Sinistcha|Sinistcha, shiny|100\/100\n|-heal|p2b: Ceruledge|90\/100|[from] ability: Hospitality|[of] p2a: Sinistcha\n|move|p2b: Ceruledge|Protect|p2b: Ceruledge\n|-singleturn|p2b: Ceruledge|Protect\n|move|p1b: Ursaluna|Earthquake|p2b: Ceruledge|[spread] p2a\n|-activate|p2b: Ceruledge|move: Protect\n|-immune|p1a: Cresselia|[from] ability: Levitate\n|-resisted|p2a: Sinistcha\n|-damage|p2a: Sinistcha|81\/100\n|move|p1a: Cresselia|Ice Beam|p2b: Ceruledge\n|-activate|p2b: Ceruledge|move: Protect\n|\n|-damage|p1b: Ursaluna|62\/100 brn|[from] brn\n|upkeep\n|turn|5\n|\n|t:|1700483319\n|switch|p2a: Incineroar|Incineroar, M, shiny|100\/100\n|-ability|p2a: Incineroar|Intimidate|boost\n|-unboost|p1a: Cresselia|atk|1\n|-unboost|p1b: Ursaluna|atk|1\n|move|p1b: Ursaluna|Swords Dance|p1b: Ursaluna\n|-boost|p1b: Ursaluna|atk|2\n|move|p1a: Cresselia|Ice Beam|p2a: Incineroar\n|-resisted|p2a: Incineroar\n|-damage|p2a: Incineroar|92\/100\n|move|p2b: Ceruledge|Bitter Blade|p1a: Cresselia\n|-damage|p1a: Cresselia|5\/100\n|-heal|p2b: Ceruledge|100\/100|[from] drain|[of] p1a: Cresselia\n|\n|-heal|p1a: Cresselia|11\/100|[from] item: Leftovers\n|-damage|p1b: Ursaluna|56\/100 brn|[from] brn\n|-fieldend|move: Trick Room\n|upkeep\n|turn|6\n|\n|t:|1700483341\n|move|p2a: Incineroar|Fake Out|p1b: Ursaluna\n|-damage|p1b: Ursaluna|48\/100 brn\n|move|p2b: Ceruledge|Bitter Blade|p1a: Cresselia\n|-damage|p1a: Cresselia|0 fnt\n|faint|p1a: Cresselia\n|cant|p1b: Ursaluna|flinch\n|\n|-damage|p1b: Ursaluna|42\/100 brn|[from] brn\n|upkeep\n|\n|t:|1700483347\n|switch|p1a: Porygon2|Porygon2|100\/100\n|-ability|p1a: Porygon2|Download|boost\n|-boost|p1a: Porygon2|spa|1\n|turn|7\n|\n|t:|1700483357\n|move|p2b: Ceruledge|Protect|p2b: Ceruledge\n|-singleturn|p2b: Ceruledge|Protect\n|move|p2a: Incineroar|Parting Shot|p1b: Ursaluna\n|-unboost|p1b: Ursaluna|atk|1\n|-unboost|p1b: Ursaluna|spa|1\n|\n|t:|1700483364\n|switch|p2a: Sinistcha|Sinistcha, shiny|81\/100|[from] Parting Shot\n|move|p1b: Ursaluna|Earthquake|p2b: Ceruledge|[spread] p1a,p2a\n|-activate|p2b: Ceruledge|move: Protect\n|-resisted|p2a: Sinistcha\n|-damage|p1a: Porygon2|71\/100\n|-damage|p2a: Sinistcha|62\/100\n|move|p1a: Porygon2|Trick Room|p1a: Porygon2\n|-fieldstart|move: Trick Room|[of] p1a: Porygon2\n|\n|-damage|p1b: Ursaluna|36\/100 brn|[from] brn\n|upkeep\n|turn|8\n|\n|t:|1700483383\n|move|p1b: Ursaluna|Earthquake|p2b: Ceruledge|[spread] p1a,p2a,p2b\n|-resisted|p2a: Sinistcha\n|-supereffective|p2b: Ceruledge\n|-damage|p1a: Porygon2|41\/100\n|-damage|p2a: Sinistcha|44\/100\n|-damage|p2b: Ceruledge|44\/100\n|-ability|p2b: Ceruledge|Weak Armor|boost\n|-unboost|p2b: Ceruledge|def|1\n|-boost|p2b: Ceruledge|spe|2\n|move|p1a: Porygon2|Thunderbolt|p2a: Sinistcha\n|-resisted|p2a: Sinistcha\n|-damage|p2a: Sinistcha|28\/100\n|move|p2a: Sinistcha|Strength Sap|p1b: Ursaluna\n|-unboost|p1b: Ursaluna|atk|1\n|-heal|p2a: Sinistcha|100\/100\n|move|p2b: Ceruledge|Bitter Blade|p1a: Porygon2\n|-damage|p1a: Porygon2|0 fnt\n|-heal|p2b: Ceruledge|67\/100|[from] drain|[of] p1a: Porygon2\n|faint|p1a: Porygon2\n|\n|-damage|p1b: Ursaluna|30\/100 brn|[from] brn\n|upkeep\n|\n|t:|1700483397\n|switch|p1a: Regidrago|Regidrago|100\/100\n|turn|9\n|\n|t:|1700483404\n|switch|p1b: Hatterene|Hatterene, F|80\/100\n|switch|p2a: Incineroar|Incineroar, M, shiny|92\/100\n|-ability|p2a: Incineroar|Intimidate|boost\n|-unboost|p1a: Regidrago|atk|1\n|-unboost|p1b: Hatterene|atk|1\n|move|p2b: Ceruledge|Protect|p2b: Ceruledge\n|-singleturn|p2b: Ceruledge|Protect\n|move|p1a: Regidrago|Dragon Energy|p2b: Ceruledge|[spread] p2a\n|-activate|p2b: Ceruledge|move: Protect\n|-damage|p2a: Incineroar|15\/100\n|-enditem|p2a: Incineroar|Sitrus Berry|[eat]\n|-heal|p2a: Incineroar|40\/100|[from] item: Sitrus Berry\n|\n|upkeep\n|turn|10\n|\n|t:|1700483419\n|move|p2a: Incineroar|Fake Out|p1a: Regidrago\n|-damage|p1a: Regidrago|89\/100\n|move|p1b: Hatterene|Healing Wish|p1b: Hatterene\n|faint|p1b: Hatterene\n|cant|p1a: Regidrago|flinch\n|move|p2b: Ceruledge|Bitter Blade|p1a: Regidrago\n|-resisted|p1a: Regidrago\n|-damage|p1a: Regidrago|21\/100\n|-heal|p2b: Ceruledge|100\/100|[from] drain|[of] p1a: Regidrago\n|\n|upkeep\n|\n|t:|1700483422\n|switch|p1b: Ursaluna|Ursaluna, F|30\/100 brn\n|-heal|p1b: Ursaluna|100\/100|[from] move: Healing Wish\n|turn|11\n|\n|t:|1700483437\n|switch|p2a: Wo-Chien|Wo-Chien|100\/100\n|-ability|p2a: Wo-Chien|Tablets of Ruin\n|move|p2b: Ceruledge|Protect|p2b: Ceruledge\n|-singleturn|p2b: Ceruledge|Protect\n|move|p1b: Ursaluna|Swords Dance|p1b: Ursaluna\n|-boost|p1b: Ursaluna|atk|2\n|move|p1a: Regidrago|Dragon Energy|p2a: Wo-Chien|[spread] p2a\n|-activate|p2b: Ceruledge|move: Protect\n|-damage|p2a: Wo-Chien|85\/100\n|\n|-heal|p2a: Wo-Chien|91\/100|[from] item: Leftovers\n|-fieldend|move: Trick Room\n|-status|p1b: Ursaluna|brn|[from] item: Flame Orb\n|upkeep\n|turn|12\n|\n|t:|1700483453\n|move|p2b: Ceruledge|Bitter Blade|p1b: Ursaluna\n|-damage|p1b: Ursaluna|28\/100 brn\n|move|p2a: Wo-Chien|Foul Play|p1b: Ursaluna\n|-damage|p1b: Ursaluna|0 fnt\n|faint|p1b: Ursaluna\n|move|p1a: Regidrago|Dragon Energy|p2a: Wo-Chien|[spread] p2a,p2b\n|-damage|p2a: Wo-Chien|74\/100\n|-damage|p2b: Ceruledge|76\/100\n|\n|-heal|p2a: Wo-Chien|80\/100|[from] item: Leftovers\n|upkeep\n|-message|jky666 forfeited.\n|\n|win|Woundsave\n|raw|jky666's rating: 1000 &rarr; <strong>1000<\/strong><br \/>(+0 for losing)\n|raw|Woundsave's rating: 1126 &rarr; <strong>1142<\/strong><br \/>(+16 for winning)\n|l|\u2606jky666\n","uploadtime":1700483467,"views":14,"p1id":"jky666","p2id":"woundsave","formatid":"gen9nationaldexdoubles","rating":1000,"private":0,"password":""}