{"id":"gen9nationaldexdoubles-1953916799","p1":"Gamer00ooO","p2":"Kaxxxx","format":"[Gen 9] National Dex Doubles","log":"|j|\u2606Gamer00ooO\n|j|\u2606Kaxxxx\n|t:|1695838004\n|gametype|doubles\n|player|p1|Gamer00ooO|266|\n|player|p2|Kaxxxx|steven|\n|teamsize|p1|6\n|teamsize|p2|6\n|gen|9\n|tier|[Gen 9] National Dex Doubles\n|rule|HP Percentage Mod: HP is shown in percentages\n|rule|Endless Battle Clause: Forcing endless battles is banned\n|rule|OHKO Clause: OHKO moves are banned\n|rule|Evasion Moves Clause: Evasion moves are banned\n|rule|Evasion Abilities Clause: Evasion abilities are banned\n|rule|Species Clause: Limit one of each Pok\u00e9mon\n|rule|Gravity Sleep Clause: The combination of sleep-inducing moves with imperfect accuracy and Gravity or Gigantamax Orbeetle are banned\n|clearpoke\n|poke|p1|Grimmsnarl, M|\n|poke|p1|Diancie|\n|poke|p1|Klefki, F|\n|poke|p1|Azumarill, M|\n|poke|p1|Sylveon, M|\n|poke|p1|Iron Valiant|\n|poke|p2|Tyranitar, M|\n|poke|p2|Ogerpon-Cornerstone, F|\n|poke|p2|Arcanine-Hisui, F|\n|poke|p2|Shuckle, F|\n|poke|p2|Aerodactyl, F|\n|poke|p2|Nihilego|\n|teampreview\n|c|\u2606Kaxxxx|Suerte\n|\n|t:|1695838027\n|start\n|switch|p1a: Grimmsnarl|Grimmsnarl, M|100\/100\n|switch|p1b: Diancie|Diancie|100\/100\n|switch|p2a: zilla|Tyranitar, M|100\/100\n|switch|p2b: Shuck|Shuckle, F|100\/100\n|-weather|Sandstorm|[from] ability: Sand Stream|[of] p2a: zilla\n|turn|1\n|\n|t:|1695838044\n|move|p1a: Grimmsnarl|Reflect|p1a: Grimmsnarl\n|-sidestart|p1: Gamer00ooO|Reflect\n|move|p2a: zilla|Dragon Dance|p2a: zilla\n|-boost|p2a: zilla|atk|1\n|-boost|p2a: zilla|spe|1\n|move|p1b: Diancie|Dazzling Gleam|p2b: Shuck|[spread] p2a,p2b\n|-supereffective|p2a: zilla\n|-damage|p2a: zilla|69\/100\n|-damage|p2b: Shuck|90\/100\n|move|p2b: Shuck|Toxic|p1b: Diancie\n|-status|p1b: Diancie|tox\n|\n|-weather|Sandstorm|[upkeep]\n|-damage|p1a: Grimmsnarl|94\/100|[from] Sandstorm\n|-heal|p1a: Grimmsnarl|100\/100|[from] item: Leftovers\n|-heal|p2b: Shuck|96\/100|[from] item: Leftovers\n|-damage|p1b: Diancie|94\/100 tox|[from] psn\n|upkeep\n|turn|2\n|j| XMarcosPr710\n|\n|t:|1695838059\n|move|p1a: Grimmsnarl|Light Screen|p1a: Grimmsnarl\n|-sidestart|p1: Gamer00ooO|move: Light Screen\n|move|p2a: zilla|Rock Slide|p1b: Diancie|[spread] p1a,p1b\n|-damage|p1a: Grimmsnarl|71\/100\n|-damage|p1b: Diancie|70\/100 tox\n|cant|p1b: Diancie|flinch\n|move|p2b: Shuck|Sticky Web|p1b: Diancie\n|-sidestart|p1: Gamer00ooO|move: Sticky Web\n|\n|-weather|Sandstorm|[upkeep]\n|-damage|p1a: Grimmsnarl|65\/100|[from] Sandstorm\n|-heal|p1a: Grimmsnarl|71\/100|[from] item: Leftovers\n|-heal|p1b: Diancie|76\/100 tox|[from] item: Leftovers\n|-heal|p2b: Shuck|100\/100|[from] item: Leftovers\n|-damage|p1b: Diancie|64\/100 tox|[from] psn\n|upkeep\n|turn|3\n|\n|t:|1695838071\n|move|p2a: zilla|Rock Slide|p1a: Grimmsnarl|[spread] p1a,p1b\n|-crit|p1b: Diancie\n|-damage|p1a: Grimmsnarl|44\/100\n|-damage|p1b: Diancie|14\/100 tox\n|move|p1a: Grimmsnarl|Drain Punch|p2a: zilla\n|-supereffective|p2a: zilla\n|-damage|p2a: zilla|0 fnt\n|-heal|p1a: Grimmsnarl|79\/100|[from] drain|[of] p2a: zilla\n|faint|p2a: zilla\n|move|p1b: Diancie|Dazzling Gleam|p2b: Shuck\n|-damage|p2b: Shuck|85\/100\n|move|p2b: Shuck|Toxic|p1a: Grimmsnarl\n|-status|p1a: Grimmsnarl|tox\n|\n|-weather|Sandstorm|[upkeep]\n|-damage|p1a: Grimmsnarl|73\/100 tox|[from] Sandstorm\n|-heal|p1a: Grimmsnarl|79\/100 tox|[from] item: Leftovers\n|-heal|p1b: Diancie|20\/100 tox|[from] item: Leftovers\n|-heal|p2b: Shuck|91\/100|[from] item: Leftovers\n|-damage|p1a: Grimmsnarl|73\/100 tox|[from] psn\n|-damage|p1b: Diancie|1\/100 tox|[from] psn\n|upkeep\n|\n|t:|1695838086\n|switch|p2a: Aerodactyl|Aerodactyl, F|100\/100\n|turn|4\n|\n|t:|1695838100\n|detailschange|p2a: Aerodactyl|Aerodactyl-Mega, F\n|-mega|p2a: Aerodactyl|Aerodactyl|Aerodactylite\n|move|p2a: Aerodactyl|Dragon Dance|p2a: Aerodactyl\n|-boost|p2a: Aerodactyl|atk|1\n|-boost|p2a: Aerodactyl|spe|1\n|move|p1a: Grimmsnarl|Drain Punch|p2b: Shuck\n|-crit|p2b: Shuck\n|-damage|p2b: Shuck|72\/100\n|-heal|p1a: Grimmsnarl|80\/100 tox|[from] drain|[of] p2b: Shuck\n|move|p1b: Diancie|Diamond Storm|p2a: Aerodactyl|[spread] p2a,p2b\n|-supereffective|p2a: Aerodactyl\n|-supereffective|p2b: Shuck\n|-damage|p2a: Aerodactyl|38\/100\n|-damage|p2b: Shuck|44\/100\n|-boost|p1b: Diancie|def|2\n|move|p2b: Shuck|Rock Slide|p1b: Diancie|[spread] p1a,p1b\n|-damage|p1a: Grimmsnarl|77\/100 tox\n|-damage|p1b: Diancie|0 fnt\n|faint|p1b: Diancie\n|\n|-weather|Sandstorm|[upkeep]\n|-damage|p1a: Grimmsnarl|71\/100 tox|[from] Sandstorm\n|-heal|p1a: Grimmsnarl|77\/100 tox|[from] item: Leftovers\n|-heal|p2b: Shuck|50\/100|[from] item: Leftovers\n|-damage|p1a: Grimmsnarl|65\/100 tox|[from] psn\n|upkeep\n|\n|t:|1695838125\n|switch|p1b: Azumarill|Azumarill, M|100\/100\n|-activate|p1b: Azumarill|move: Sticky Web\n|-unboost|p1b: Azumarill|spe|1\n|turn|5\n|j| fifier\n|c| fifier|SHE KNOWS\n|\n|t:|1695838135\n|move|p1b: Azumarill|Aqua Jet|p2a: Aerodactyl\n|-supereffective|p2a: Aerodactyl\n|-damage|p2a: Aerodactyl|6\/100\n|-damage|p1b: Azumarill|91\/100|[from] item: Life Orb\n|move|p2a: Aerodactyl|Rock Slide|p1b: Azumarill|[spread] p1a,p1b\n|-damage|p1a: Grimmsnarl|31\/100 tox\n|-damage|p1b: Azumarill|64\/100\n|cant|p1a: Grimmsnarl|flinch\n|move|p2b: Shuck|Toxic|p1b: Azumarill\n|-status|p1b: Azumarill|tox\n|\n|-weather|Sandstorm|[upkeep]\n|-damage|p1a: Grimmsnarl|25\/100 tox|[from] Sandstorm\n|-damage|p1b: Azumarill|58\/100 tox|[from] Sandstorm\n|-heal|p1a: Grimmsnarl|31\/100 tox|[from] item: Leftovers\n|-heal|p2b: Shuck|56\/100|[from] item: Leftovers\n|-damage|p1a: Grimmsnarl|13\/100 tox|[from] psn\n|-damage|p1b: Azumarill|52\/100 tox|[from] psn\n|-sideend|p1: Gamer00ooO|Reflect\n|upkeep\n|turn|6\n|c| XMarcosPr710|Qu\u00e9\n|\n|t:|1695838153\n|switch|p2a: Ogerpon|Ogerpon-Cornerstone, F|100\/100\n|move|p1b: Azumarill|Aqua Jet|p2a: Ogerpon\n|-damage|p2a: Ogerpon|92\/100\n|-damage|p1b: Azumarill|42\/100 tox|[from] item: Life Orb\n|move|p1a: Grimmsnarl|Drain Punch|p2b: Shuck\n|-damage|p2b: Shuck|44\/100\n|-heal|p1a: Grimmsnarl|18\/100 tox|[from] drain|[of] p2b: Shuck\n|move|p2b: Shuck|Rock Slide|p1a: Grimmsnarl|[spread] p1a,p1b\n|-damage|p1a: Grimmsnarl|14\/100 tox\n|-damage|p1b: Azumarill|38\/100 tox\n|\n|-weather|Sandstorm|[upkeep]\n|-damage|p1a: Grimmsnarl|8\/100 tox|[from] Sandstorm\n|-damage|p1b: Azumarill|32\/100 tox|[from] Sandstorm\n|-heal|p1a: Grimmsnarl|14\/100 tox|[from] item: Leftovers\n|-heal|p2b: Shuck|50\/100|[from] item: Leftovers\n|-damage|p1a: Grimmsnarl|0 fnt|[from] psn\n|faint|p1a: Grimmsnarl\n|-damage|p1b: Azumarill|20\/100 tox|[from] psn\n|-sideend|p1: Gamer00ooO|move: Light Screen\n|upkeep\n|\n|t:|1695838177\n|switch|p1a: Iron Valiant|Iron Valiant|100\/100\n|-activate|p1a: Iron Valiant|move: Sticky Web\n|-unboost|p1a: Iron Valiant|spe|1\n|turn|7\n|\n|t:|1695838191\n|move|p2a: Ogerpon|Leech Seed|p1a: Iron Valiant\n|-start|p1a: Iron Valiant|move: Leech Seed\n|move|p1a: Iron Valiant|Fire Punch|p2b: Shuck\n|-damage|p2b: Shuck|37\/100\n|move|p1b: Azumarill|Aqua Ring|p1b: Azumarill\n|-start|p1b: Azumarill|Aqua Ring\n|move|p2b: Shuck|Toxic|p1a: Iron Valiant\n|-status|p1a: Iron Valiant|tox\n|\n|-weather|Sandstorm|[upkeep]\n|-damage|p1a: Iron Valiant|94\/100 tox|[from] Sandstorm\n|-damage|p1b: Azumarill|13\/100 tox|[from] Sandstorm\n|-heal|p2b: Shuck|43\/100|[from] item: Leftovers\n|-heal|p1b: Azumarill|20\/100 tox|[from] Aqua Ring\n|-damage|p1a: Iron Valiant|82\/100 tox|[from] Leech Seed|[of] p2a: Ogerpon\n|-heal|p2a: Ogerpon|100\/100|[silent]\n|-damage|p1a: Iron Valiant|76\/100 tox|[from] psn\n|-damage|p1b: Azumarill|1\/100 tox|[from] psn\n|upkeep\n|turn|8\n|\n|t:|1695838213\n|move|p2a: Ogerpon|Protect|p2a: Ogerpon\n|-singleturn|p2a: Ogerpon|Protect\n|move|p2b: Shuck|Protect|p2b: Shuck\n|-singleturn|p2b: Shuck|Protect\n|move|p1a: Iron Valiant|Drain Punch|p2b: Shuck\n|-activate|p2b: Shuck|move: Protect\n|move|p1b: Azumarill|Hyper Voice|p2b: Shuck|[spread] \n|-activate|p2a: Ogerpon|move: Protect\n|-activate|p2b: Shuck|move: Protect\n|\n|-weather|none\n|-heal|p2b: Shuck|49\/100|[from] item: Leftovers\n|-heal|p1b: Azumarill|7\/100 tox|[from] Aqua Ring\n|-damage|p1a: Iron Valiant|63\/100 tox|[from] Leech Seed|[of] p2a: Ogerpon\n|-damage|p1a: Iron Valiant|51\/100 tox|[from] psn\n|-damage|p1b: Azumarill|0 fnt|[from] psn\n|faint|p1b: Azumarill\n|upkeep\n|\n|t:|1695838232\n|switch|p1b: Sylveon|Sylveon, M|100\/100\n|-activate|p1b: Sylveon|move: Sticky Web\n|-unboost|p1b: Sylveon|spe|1\n|turn|9\n|\n|t:|1695838241\n|move|p2a: Ogerpon|Leech Seed|p1b: Sylveon\n|-start|p1b: Sylveon|move: Leech Seed\n|move|p1a: Iron Valiant|Drain Punch|p2b: Shuck\n|-damage|p2b: Shuck|29\/100\n|-heal|p1a: Iron Valiant|59\/100 tox|[from] drain|[of] p2b: Shuck\n|move|p1b: Sylveon|Hyper Voice|p2b: Shuck|[spread] p2a,p2b\n|-crit|p2b: Shuck\n|-damage|p2a: Ogerpon|62\/100\n|-damage|p2b: Shuck|0 fnt\n|faint|p2b: Shuck\n|\n|-damage|p1a: Iron Valiant|47\/100 tox|[from] Leech Seed|[of] p2a: Ogerpon\n|-heal|p2a: Ogerpon|72\/100|[silent]\n|-damage|p1b: Sylveon|88\/100|[from] Leech Seed|[of] p2a: Ogerpon\n|-heal|p2a: Ogerpon|83\/100|[silent]\n|-damage|p1a: Iron Valiant|28\/100 tox|[from] psn\n|upkeep\n|\n|t:|1695838249\n|switch|p2b: Aerodactyl|Aerodactyl-Mega, F|6\/100\n|turn|10\n|\n|t:|1695838262\n|move|p1a: Iron Valiant|Shadow Sneak|p2b: Aerodactyl\n|-damage|p2b: Aerodactyl|0 fnt\n|faint|p2b: Aerodactyl\n|move|p2a: Ogerpon|Knock Off|p1b: Sylveon\n|-resisted|p1b: Sylveon\n|-damage|p1b: Sylveon|73\/100\n|-enditem|p1b: Sylveon|Choice Scarf|[from] move: Knock Off|[of] p2a: Ogerpon\n|move|p1b: Sylveon|Hyper Voice|p2a: Ogerpon\n|-damage|p2a: Ogerpon|36\/100\n|\n|-damage|p1a: Iron Valiant|15\/100 tox|[from] Leech Seed|[of] p2a: Ogerpon\n|-heal|p2a: Ogerpon|46\/100|[silent]\n|-damage|p1b: Sylveon|60\/100|[from] Leech Seed|[of] p2a: Ogerpon\n|-heal|p2a: Ogerpon|57\/100|[silent]\n|-damage|p1a: Iron Valiant|0 fnt|[from] psn\n|faint|p1a: Iron Valiant\n|-end|p1a: Iron Valiant|Quark Drive|[silent]\n|upkeep\n|\n|t:|1695838277\n|switch|p2b: Nihilego|Nihilego|100\/100\n|switch|p1a: Klefki|Klefki, F|100\/100\n|-item|p1a: Klefki|Air Balloon\n|turn|11\n|c|\u2606Kaxxxx|Shadow sneak?\n|c| fifier|lo tiene\n|c|\u2606Gamer00ooO|Si\n|\n|t:|1695838301\n|move|p1a: Klefki|Light Screen|p1a: Klefki\n|-sidestart|p1: Gamer00ooO|move: Light Screen\n|move|p2b: Nihilego|Sludge Wave|p1a: Klefki|[spread] p2a,p1b\n|-immune|p1a: Klefki\n|-supereffective|p1b: Sylveon\n|-damage|p2a: Ogerpon|8\/100\n|-damage|p1b: Sylveon|3\/100\n|move|p2a: Ogerpon|Leech Seed|p1a: Klefki\n|-start|p1a: Klefki|move: Leech Seed\n|move|p1b: Sylveon|Hyper Voice|p2a: Ogerpon|[spread] p2a,p2b\n|-resisted|p2b: Nihilego\n|-damage|p2a: Ogerpon|0 fnt\n|-damage|p2b: Nihilego|86\/100\n|faint|p2a: Ogerpon\n|\n|upkeep\n|\n|t:|1695838305\n|switch|p2a: Arca|Arcanine-Hisui, F|100\/100\n|-ability|p2a: Arca|Intimidate|boost\n|-unboost|p1a: Klefki|atk|1\n|-unboost|p1b: Sylveon|atk|1\n|turn|12\n|c|\u2606Kaxxxx|Uy\n|c|\u2606Kaxxxx|XD\n|\n|t:|1695838331\n|move|p2b: Nihilego|Sludge Wave|p1a: Klefki|[spread] p2a,p1b\n|-immune|p1a: Klefki\n|-resisted|p2a: Arca\n|-supereffective|p1b: Sylveon\n|-damage|p2a: Arca|86\/100\n|-damage|p1b: Sylveon|0 fnt\n|-status|p2a: Arca|psn\n|faint|p1b: Sylveon\n|-ability|p2b: Nihilego|Beast Boost|boost\n|-boost|p2b: Nihilego|spa|1\n|move|p2a: Arca|Flare Blitz|p1a: Klefki\n|-supereffective|p1a: Klefki\n|-damage|p1a: Klefki|0 fnt\n|-enditem|p1a: Klefki|Air Balloon\n|faint|p1a: Klefki\n|-damage|p2a: Arca|65\/100 psn|[from] Recoil\n|\n|win|Kaxxxx\n|c|\u2606Kaxxxx|Gg\n|c|\u2606Gamer00ooO|Gg\n","uploadtime":1695838350,"views":8,"p1id":"gamer00ooo","p2id":"kaxxxx","formatid":"gen9nationaldexdoubles","rating":0,"private":0,"password":""}