{"id":"gen9nationaldexdoubles-1997943059","p1":"Mr Green Tea","p2":"Art_0r","format":"[Gen 9] National Dex Doubles","log":"|j|\u2606Mr Green Tea\n|j|\u2606Art_0r\n|t:|1700870285\n|gametype|doubles\n|player|p1|Mr Green Tea|burglar|1133\n|player|p2|Art_0r|bede|1186\n|teamsize|p1|6\n|teamsize|p2|6\n|gen|9\n|tier|[Gen 9] National Dex Doubles\n|rated|\n|rule|HP Percentage Mod: HP is shown in percentages\n|rule|Endless Battle Clause: Forcing endless battles is banned\n|rule|OHKO Clause: OHKO moves are banned\n|rule|Evasion Moves Clause: Evasion moves are banned\n|rule|Evasion Abilities Clause: Evasion abilities are banned\n|rule|Species Clause: Limit one of each Pok\u00e9mon\n|rule|Gravity Sleep Clause: The combination of sleep-inducing moves with imperfect accuracy and Gravity or Gigantamax Orbeetle are banned\n|clearpoke\n|poke|p1|Landorus-Therian, M|\n|poke|p1|Grimmsnarl, M|\n|poke|p1|Orthworm, M|\n|poke|p1|Ogerpon-Wellspring, F|\n|poke|p1|Iron Hands|\n|poke|p1|Sinistcha|\n|poke|p2|Tauros-Paldea-Blaze, M|\n|poke|p2|Froslass, F|\n|poke|p2|Flamigo, M|\n|poke|p2|Gengar, F|\n|poke|p2|Meowscarada, F|\n|poke|p2|Diancie|\n|teampreview\n|\n|t:|1700870308\n|start\n|switch|p1a: Landorus|Landorus-Therian, M|100\/100\n|switch|p1b: Orthworm|Orthworm, M|100\/100\n|switch|p2a: Tauros|Tauros-Paldea-Blaze, M|100\/100\n|switch|p2b: Froslass|Froslass, F|100\/100\n|-ability|p1a: Landorus|Intimidate|boost\n|-unboost|p2a: Tauros|atk|1\n|-unboost|p2b: Froslass|atk|1\n|turn|1\n|\n|t:|1700870341\n|-terastallize|p2a: Tauros|Fighting\n|move|p1a: Landorus|Earthquake|p2b: Froslass|[spread] p2a,p2b\n|-immune|p1b: Orthworm|[from] ability: Earth Eater\n|-damage|p2a: Tauros|50\/100\n|-damage|p2b: Froslass|24\/100\n|-start|p1a: Landorus|Disable|Earthquake|[from] ability: Cursed Body|[of] p2b: Froslass\n|move|p2b: Froslass|Frost Breath|p2a: Tauros\n|-crit|p2a: Tauros\n|-damage|p2a: Tauros|12\/100\n|-setboost|p2a: Tauros|atk|6|[from] ability: Anger Point\n|move|p2a: Tauros|Raging Bull|p1b: Orthworm\n|-supereffective|p1b: Orthworm\n|-damage|p1b: Orthworm|0 fnt\n|faint|p1b: Orthworm\n|\n|upkeep\n|\n|t:|1700870367\n|switch|p1b: Grimmsnarl|Grimmsnarl, M|100\/100\n|turn|2\n|\n|t:|1700870393\n|switch|p1a: Sinistcha|Sinistcha|100\/100\n|switch|p2b: Flamigo|Flamigo, M|100\/100\n|-copyboost|p2b: Flamigo|p2a: Tauros|[from] ability: Costar\n|move|p2a: Tauros|Raging Bull|p1a: Sinistcha\n|-supereffective|p1a: Sinistcha\n|-damage|p1a: Sinistcha|0 fnt\n|-damage|p2a: Tauros|0 fnt|[from] item: Rocky Helmet|[of] p1a: Sinistcha\n|faint|p1a: Sinistcha\n|faint|p2a: Tauros\n|move|p1b: Grimmsnarl|Spirit Break|p2b: Flamigo\n|-supereffective|p2b: Flamigo\n|-damage|p2b: Flamigo|13\/100\n|-unboost|p2b: Flamigo|spa|1\n|-enditem|p2b: Flamigo|White Herb\n|-clearnegativeboost|p2b: Flamigo|[silent]\n|\n|upkeep\n|\n|t:|1700870410\n|switch|p2a: Danone|Diancie|100\/100\n|switch|p1a: Landorus|Landorus-Therian, M|100\/100\n|-ability|p1a: Landorus|Intimidate|boost\n|-fail|p2a: Danone|unboost|[from] ability: Clear Body|[of] p2a: Danone\n|-unboost|p2b: Flamigo|atk|1\n|turn|3\n|\n|t:|1700870426\n|move|p2b: Flamigo|Wide Guard|p2b: Flamigo\n|-singleturn|p2b: Flamigo|Wide Guard\n|move|p1b: Grimmsnarl|Light Screen|p1b: Grimmsnarl\n|-sidestart|p1: Mr Green Tea|move: Light Screen\n|move|p1a: Landorus|Rock Slide|p2b: Flamigo|[spread] \n|-activate|p2a: Danone|move: Wide Guard\n|-activate|p2b: Flamigo|move: Wide Guard\n|move|p2a: Danone|Skill Swap|p2b: Flamigo\n|-activate|p2a: Danone|move: Skill Swap|||[of] p2b: Flamigo\n|-copyboost|p2a: Danone|p2b: Flamigo|[from] ability: Costar\n|\n|upkeep\n|turn|4\n|\n|t:|1700870457\n|move|p1b: Grimmsnarl|Parting Shot|p2a: Danone\n|-unboost|p2a: Danone|atk|1\n|-unboost|p2a: Danone|spa|1\n|\n|t:|1700870470\n|switch|p1b: Iron Hands|Iron Hands|100\/100|[from] Parting Shot\n|move|p1a: Landorus|Rock Slide|p2a: Danone|[spread] p2a,p2b\n|-damage|p2a: Danone|82\/100\n|-damage|p2b: Flamigo|0 fnt\n|faint|p2b: Flamigo\n|cant|p2a: Danone|flinch\n|\n|upkeep\n|\n|t:|1700870487\n|switch|p2b: Gengar|Gengar, F|100\/100\n|-item|p2b: Gengar|Air Balloon\n|turn|5\n|\n|t:|1700870507\n|move|p1b: Iron Hands|Fake Out|p2a: Danone\n|-resisted|p2a: Danone\n|-damage|p2a: Danone|75\/100\n|move|p2b: Gengar|Ally Switch|p2b: Gengar\n|swap|p2b: Gengar|0|[from] move: Ally Switch\n|move|p1a: Landorus|Rock Slide|p2b: Danone|[spread] p2a,p2b\n|-damage|p2a: Gengar|61\/100\n|-damage|p2b: Danone|56\/100\n|-enditem|p2a: Gengar|Air Balloon\n|cant|p2b: Danone|flinch\n|\n|upkeep\n|turn|6\n|\n|t:|1700870533\n|switch|p1a: Grimmsnarl|Grimmsnarl, M|100\/100\n|move|p2a: Gengar|Sludge Bomb|p1a: Grimmsnarl\n|-supereffective|p1a: Grimmsnarl\n|-damage|p1a: Grimmsnarl|47\/100\n|move|p1b: Iron Hands|Wild Charge|p2b: Danone\n|-damage|p2b: Danone|10\/100\n|-damage|p1b: Iron Hands|93\/100|[from] Recoil\n|move|p2b: Danone|Trick Room|p2b: Danone\n|-fieldstart|move: Trick Room|[of] p2b: Danone\n|\n|upkeep\n|turn|7\n|\n|t:|1700870561\n|move|p2a: Gengar|Ally Switch|p2a: Gengar\n|swap|p2a: Gengar|1|[from] move: Ally Switch\n|move|p1a: Grimmsnarl|Parting Shot|p2b: Gengar\n|-unboost|p2b: Gengar|atk|1\n|-unboost|p2b: Gengar|spa|1\n|\n|t:|1700870570\n|switch|p1a: Landorus|Landorus-Therian, M|100\/100|[from] Parting Shot\n|-ability|p1a: Landorus|Intimidate|boost\n|-unboost|p2a: Danone|atk|1\n|-unboost|p2b: Gengar|atk|1\n|move|p2a: Danone|Diamond Storm|p1b: Iron Hands|[spread] p1a,p1b\n|-resisted|p1b: Iron Hands\n|-damage|p1a: Landorus|24\/100\n|-damage|p1b: Iron Hands|69\/100\n|move|p1b: Iron Hands|Wild Charge|p2b: Gengar\n|-damage|p2b: Gengar|0 fnt\n|faint|p2b: Gengar\n|-damage|p1b: Iron Hands|60\/100|[from] Recoil\n|\n|upkeep\n|\n|t:|1700870583\n|switch|p2b: Meowscarada|Meowscarada, F|100\/100\n|turn|8\n|\n|t:|1700870630\n|move|p2a: Danone|Diamond Storm|p1b: Iron Hands|[spread] p1a,p1b\n|-resisted|p1b: Iron Hands\n|-crit|p1b: Iron Hands\n|-damage|p1a: Landorus|0 fnt\n|-damage|p1b: Iron Hands|23\/100\n|faint|p1a: Landorus\n|move|p1b: Iron Hands|Drain Punch|p2a: Danone\n|-damage|p2a: Danone|0 fnt\n|-heal|p1b: Iron Hands|26\/100|[from] drain|[of] p2a: Danone\n|faint|p2a: Danone\n|move|p2b: Meowscarada|Pollen Puff|p2: Danone|[notarget]\n|-fail|p2b: Meowscarada\n|\n|upkeep\n|\n|t:|1700870643\n|switch|p2a: Froslass|Froslass, F|24\/100\n|switch|p1a: Grimmsnarl|Grimmsnarl, M|47\/100\n|turn|9\n|\n|t:|1700870664\n|move|p1b: Iron Hands|Drain Punch|p2b: Meowscarada\n|-supereffective|p2b: Meowscarada\n|-damage|p2b: Meowscarada|0 fnt\n|-heal|p1b: Iron Hands|59\/100|[from] drain|[of] p2b: Meowscarada\n|-damage|p1b: Iron Hands|42\/100|[from] item: Rocky Helmet|[of] p2b: Meowscarada\n|faint|p2b: Meowscarada\n|move|p1a: Grimmsnarl|Spirit Break|p2a: Froslass\n|-damage|p2a: Froslass|0 fnt\n|faint|p2a: Froslass\n|\n|win|Mr Green Tea\n|raw|Mr Green Tea's rating: 1133 &rarr; <strong>1162<\/strong><br \/>(+29 for winning)\n|raw|Art_0r's rating: 1186 &rarr; <strong>1157<\/strong><br \/>(-29 for losing)\n|l|\u2606Art_0r\n","uploadtime":1700870698,"views":0,"p1id":"mrgreentea","p2id":"art0r","formatid":"gen9nationaldexdoubles","rating":1157,"private":0,"password":""}