{"id":"gen9nationaldexdoubles-1958375824","p1":"SgtSmilies","p2":"2wb","format":"[Gen 9] National Dex Doubles","log":"|j|\u2606SgtSmilies\n|j|\u26062wb\n|t:|1696320016\n|gametype|doubles\n|player|p1|SgtSmilies|acetrainerf|\n|player|p2|2wb|backersf|\n|teamsize|p1|6\n|teamsize|p2|6\n|gen|9\n|tier|[Gen 9] National Dex Doubles\n|rule|HP Percentage Mod: HP is shown in percentages\n|rule|Endless Battle Clause: Forcing endless battles is banned\n|rule|OHKO Clause: OHKO moves are banned\n|rule|Evasion Moves Clause: Evasion moves are banned\n|rule|Evasion Abilities Clause: Evasion abilities are banned\n|rule|Species Clause: Limit one of each Pok\u00e9mon\n|rule|Gravity Sleep Clause: The combination of sleep-inducing moves with imperfect accuracy and Gravity or Gigantamax Orbeetle are banned\n|clearpoke\n|poke|p1|Chien-Pao|\n|poke|p1|Slither Wing|\n|poke|p1|Dragapult, F|\n|poke|p1|Lilligant, F|\n|poke|p1|Dracovish|\n|poke|p1|Murkrow, F|\n|poke|p2|Sableye, F|\n|poke|p2|Regieleki|\n|poke|p2|Walking Wake|\n|poke|p2|Scream Tail|\n|poke|p2|Heatran, F|\n|poke|p2|Farigiraf, F|\n|teampreview\n|j| Play Tale of Wuxia\n|\n|t:|1696320049\n|start\n|switch|p1a: big wing|Slither Wing|100\/100\n|switch|p1b: The Crow|Murkrow, F|100\/100\n|switch|p2a: Santier|Scream Tail|100\/100\n|switch|p2b: Fate*436|Regieleki|100\/100\n|turn|1\n|\n|t:|1696320085\n|move|p1a: big wing|First Impression|p2b: Fate*436\n|-damage|p2b: Fate*436|0 fnt\n|faint|p2b: Fate*436\n|-damage|p1a: big wing|91\/100|[from] item: Life Orb\n|move|p1b: The Crow|Taunt|p2a: Santier\n|-start|p2a: Santier|move: Taunt\n|cant|p2a: Santier|move: Taunt|Reflect\n|\n|upkeep\n|\n|t:|1696320107\n|switch|p2b: Sabbah|Farigiraf, F|100\/100\n|turn|2\n|inactive|Battle timer is ON: inactive players will automatically lose when time's up. (requested by SgtSmilies)\n|\n|t:|1696320135\n|move|p1b: The Crow|Tailwind|p1b: The Crow\n|-sidestart|p1: SgtSmilies|move: Tailwind\n|move|p1a: big wing|U-turn|p2b: Sabbah\n|-supereffective|p2b: Sabbah\n|-damage|p2b: Sabbah|0 fnt\n|faint|p2b: Sabbah\n|-damage|p1a: big wing|81\/100|[from] item: Life Orb\n|\n|t:|1696320144\n|-end|p1a: big wing|Protosynthesis|[silent]\n|switch|p1a: hat|Lilligant, F|100\/100|[from] U-turn\n|move|p2a: Santier|Dazzling Gleam|p1b: The Crow|[spread] p1a,p1b\n|-supereffective|p1b: The Crow\n|-damage|p1a: hat|82\/100\n|-damage|p1b: The Crow|78\/100\n|\n|upkeep\n|\n|t:|1696320158\n|switch|p2b: Heatran|Heatran, F|100\/100\n|turn|3\n|\n|t:|1696320172\n|switch|p1b: mr fish|Dracovish|100\/100\n|-end|p2a: Santier|Protosynthesis|[silent]\n|switch|p2a: HQ-VFX|Walking Wake|100\/100\n|-terastallize|p1a: hat|Water\n|move|p1a: hat|Quiver Dance|p1a: hat\n|-boost|p1a: hat|spa|1\n|-boost|p1a: hat|spd|1\n|-boost|p1a: hat|spe|1\n|move|p2b: Heatran|Heat Wave|p1a: hat|[spread] p1a,p1b\n|-resisted|p1a: hat\n|-resisted|p1b: mr fish\n|-damage|p1a: hat|52\/100\n|-damage|p1b: mr fish|81\/100\n|\n|upkeep\n|turn|4\n|\n|t:|1696320198\n|switch|p2b: Santier|Scream Tail|100\/100\n|move|p1a: hat|Leaf Storm|p2a: HQ-VFX\n|-damage|p2a: HQ-VFX|33\/100\n|-unboost|p1a: hat|spa|2\n|-enditem|p1a: hat|White Herb\n|-clearnegativeboost|p1a: hat|[silent]\n|move|p1b: mr fish|Fishious Rend|p2b: Santier\n|-damage|p2b: Santier|20\/100\n|move|p2a: HQ-VFX|Dragon Pulse|p1b: mr fish\n|-supereffective|p1b: mr fish\n|-damage|p1b: mr fish|0 fnt\n|faint|p1b: mr fish\n|\n|upkeep\n|\n|t:|1696320216\n|switch|p1b: big wing|Slither Wing|81\/100\n|turn|5\n|\n|t:|1696320243\n|move|p1b: big wing|First Impression|p2a: HQ-VFX\n|-damage|p2a: HQ-VFX|0 fnt\n|faint|p2a: HQ-VFX\n|-end|p2a: HQ-VFX|Protosynthesis|[silent]\n|-damage|p1b: big wing|71\/100|[from] item: Life Orb\n|move|p1a: hat|Quiver Dance|p1a: hat\n|-boost|p1a: hat|spa|1\n|-boost|p1a: hat|spd|1\n|-boost|p1a: hat|spe|1\n|move|p2b: Santier|Light Screen|p2b: Santier\n|-sidestart|p2: 2wb|move: Light Screen\n|\n|-sideend|p1: SgtSmilies|move: Tailwind\n|upkeep\n|inactive|2wb has 270 seconds left.\n|\n|t:|1696320255\n|switch|p2a: Gemnie|Sableye, F|100\/100\n|turn|6\n|\n|t:|1696320269\n|move|p2a: Gemnie|Sunny Day|p2a: Gemnie\n|-weather|SunnyDay\n|-activate|p2b: Santier|ability: Protosynthesis\n|-start|p2b: Santier|protosynthesisdef\n|-activate|p1b: big wing|ability: Protosynthesis\n|-start|p1b: big wing|protosynthesisatk\n|move|p1a: hat|Quiver Dance|p1a: hat\n|-boost|p1a: hat|spa|1\n|-boost|p1a: hat|spd|1\n|-boost|p1a: hat|spe|1\n|move|p2b: Santier|Reflect|p2b: Santier\n|-sidestart|p2: 2wb|Reflect\n|move|p1b: big wing|U-turn|p2b: Santier\n|-damage|p2b: Santier|0 fnt\n|faint|p2b: Santier\n|-end|p2b: Santier|Protosynthesis|[silent]\n|-damage|p1b: big wing|61\/100|[from] item: Life Orb\n|\n|t:|1696320288\n|-end|p1b: big wing|Protosynthesis|[silent]\n|switch|p1b: The Crow|Murkrow, F|78\/100|[from] U-turn\n|\n|-weather|SunnyDay|[upkeep]\n|upkeep\n|\n|t:|1696320292\n|switch|p2b: Heatran|Heatran, F|100\/100\n|turn|7\n|inactive|2wb has 270 seconds left.\n|inactive|2wb has 240 seconds left.\n|\n|t:|1696320366\n|switch|p1b: Weavile-R|Chien-Pao|100\/100\n|-ability|p1b: Weavile-R|Sword of Ruin\n|-terastallize|p2b: Heatran|Grass\n|move|p1a: hat|Tera Blast|p2b: Heatran|[anim] Tera Blast Water\n|-resisted|p2b: Heatran\n|-damage|p2b: Heatran|88\/100\n|move|p2b: Heatran|Flash Cannon|p1a: hat\n|-resisted|p1a: hat\n|-damage|p1a: hat|33\/100\n|-unboost|p1a: hat|spd|1\n|move|p2a: Gemnie|Shadow Ball|p1b: Weavile-R\n|-resisted|p1b: Weavile-R\n|-damage|p1b: Weavile-R|85\/100\n|-unboost|p1b: Weavile-R|spd|1\n|\n|-weather|SunnyDay|[upkeep]\n|upkeep\n|turn|8\n|inactive|2wb has 240 seconds left.\n|\n|t:|1696320398\n|move|p1a: hat|Leaf Storm|p2a: Gemnie|[miss]\n|-miss|p1a: hat|p2a: Gemnie\n|move|p1b: Weavile-R|Ice Spinner|p2b: Heatran\n|-supereffective|p2b: Heatran\n|-damage|p2b: Heatran|27\/100\n|move|p2b: Heatran|Flash Cannon|p1b: Weavile-R\n|-supereffective|p1b: Weavile-R\n|-damage|p1b: Weavile-R|0 fnt\n|faint|p1b: Weavile-R\n|move|p2a: Gemnie|Shadow Ball|p1a: hat\n|-damage|p1a: hat|20\/100\n|\n|-weather|SunnyDay|[upkeep]\n|upkeep\n|c|\u2606SgtSmilies|lol\n|inactive|SgtSmilies has 270 seconds left.\n|\n|t:|1696320419\n|switch|p1b: big wing|Slither Wing|61\/100\n|-activate|p1b: big wing|ability: Protosynthesis\n|-start|p1b: big wing|protosynthesisatk\n|turn|9\n|c|\u26062wb|?\n|inactive|2wb has 240 seconds left.\n|c|\u2606SgtSmilies|nothing, just missing the 90%\n|c|\u26062wb|i think my ultimate lesson is that i hate myself\n|c|\u26062wb|ah\n|\n|t:|1696320464\n|move|p1b: big wing|First Impression|p2b: Heatran\n|-supereffective|p2b: Heatran\n|-damage|p2b: Heatran|0 fnt\n|faint|p2b: Heatran\n|-damage|p1b: big wing|51\/100|[from] item: Life Orb\n|move|p2a: Gemnie|Trick|p1b: big wing\n|-activate|p2a: Gemnie|move: Trick|[of] p1b: big wing\n|-item|p1b: big wing|Iron Ball|[from] move: Trick\n|-item|p2a: Gemnie|Life Orb|[from] move: Trick\n|move|p1a: hat|Leaf Storm|p2a: Gemnie\n|-damage|p2a: Gemnie|0 fnt\n|-unboost|p1a: hat|spa|2\n|faint|p2a: Gemnie\n|\n|win|SgtSmilies\n","uploadtime":1696320481,"views":21,"p1id":"sgtsmilies","p2id":"2wb","formatid":"gen9nationaldexdoubles","rating":0,"private":0,"password":""}