{"id":"gen9nationaldexdoubles-1969769032","p1":"LL-Kid","p2":"hazarama","format":"[Gen 9] National Dex Doubles","log":"|j|\u2606LL-Kid\n|j|\u2606hazarama\n|t:|1697563986\n|gametype|doubles\n|player|p1|LL-Kid|crasherwake|\n|player|p2|hazarama|harlequin|\n|teamsize|p1|4\n|teamsize|p2|4\n|gen|9\n|tier|[Gen 9] National Dex Doubles\n|rule|HP Percentage Mod: HP is shown in percentages\n|rule|Endless Battle Clause: Forcing endless battles is banned\n|rule|OHKO Clause: OHKO moves are banned\n|rule|Evasion Moves Clause: Evasion moves are banned\n|rule|Evasion Abilities Clause: Evasion abilities are banned\n|rule|Species Clause: Limit one of each Pok\u00e9mon\n|rule|Gravity Sleep Clause: The combination of sleep-inducing moves with imperfect accuracy and Gravity or Gigantamax Orbeetle are banned\n|clearpoke\n|poke|p1|Hitmonlee, M|\n|poke|p1|Froslass, F|\n|poke|p1|Girafarig, F|\n|poke|p1|Golbat, M|\n|poke|p2|Vespiquen, F|\n|poke|p2|Swalot, F|\n|poke|p2|Hypno, F|\n|poke|p2|Ludicolo, M|\n|teampreview\n|\n|t:|1697564002\n|start\n|switch|p1a: Pigger Blue|Girafarig, F, shiny|100\/100\n|switch|p1b: Bruce Wing|Golbat, M, shiny|100\/100\n|switch|p2a: Hypno|Hypno, F|100\/100\n|switch|p2b: Ludicolo|Ludicolo, M|100\/100\n|turn|1\n|\n|t:|1697564069\n|-terastallize|p2b: Ludicolo|Psychic\n|move|p2b: Ludicolo|Fake Out|p1a: Pigger Blue\n|-damage|p1a: Pigger Blue|81\/100\n|-damage|p2b: Ludicolo|91\/100|[from] item: Life Orb\n|move|p1a: Pigger Blue|Imprison|p1a: Pigger Blue\n|-start|p1a: Pigger Blue|move: Imprison\n|move|p1b: Bruce Wing|Brave Bird|p2a: Hypno\n|-damage|p2a: Hypno|31\/100\n|-damage|p1b: Bruce Wing|71\/100|[from] Recoil\n|cant|p2a: Hypno|move: Imprison|Trick Room\n|\n|upkeep\n|turn|2\n|\n|t:|1697564159\n|move|p1a: Pigger Blue|Psychic|p2a: Hypno\n|-resisted|p2a: Hypno\n|-damage|p2a: Hypno|22\/100\n|move|p1b: Bruce Wing|U-turn|p2b: Ludicolo\n|-supereffective|p2b: Ludicolo\n|-damage|p2b: Ludicolo|43\/100\n|\n|t:|1697564165\n|switch|p1b: Destiny|Froslass, F|100\/100|[from] U-turn\n|move|p2b: Ludicolo|Zen Headbutt|p1b: Destiny\n|-damage|p1b: Destiny|30\/100\n|-damage|p2b: Ludicolo|33\/100|[from] item: Life Orb\n|move|p2a: Hypno|Knock Off|p1a: Pigger Blue\n|-supereffective|p1a: Pigger Blue\n|-enditem|p1a: Pigger Blue|Colbur Berry|[eat]\n|-enditem|p1a: Pigger Blue|Colbur Berry|[weaken]\n|-damage|p1a: Pigger Blue|55\/100\n|\n|upkeep\n|turn|3\n|\n|t:|1697564312\n|switch|p2b: Vespiquen|Vespiquen, F|100\/100\n|-ability|p2b: Vespiquen|Unnerve\n|move|p1b: Destiny|Protect|p1b: Destiny\n|-singleturn|p1b: Destiny|Protect\n|move|p1a: Pigger Blue|Psychic|p2b: Vespiquen\n|-damage|p2b: Vespiquen|80\/100\n|move|p2a: Hypno|Knock Off|p1b: Destiny\n|-activate|p1b: Destiny|move: Protect\n|\n|upkeep\n|turn|4\n|\n|t:|1697564364\n|move|p1b: Destiny|Ice Beam|p2a: Hypno\n|-damage|p2a: Hypno|0 fnt\n|faint|p2a: Hypno\n|move|p1a: Pigger Blue|Psychic|p2b: Vespiquen\n|-damage|p2b: Vespiquen|57\/100\n|move|p2b: Vespiquen|Air Slash|p1a: Pigger Blue\n|-damage|p1a: Pigger Blue|9\/100\n|\n|upkeep\n|\n|t:|1697564381\n|switch|p2a: Swalot|Swalot, F, shiny|100\/100\n|turn|5\n|\n|t:|1697564520\n|move|p1b: Destiny|Will-O-Wisp|p2a: Swalot\n|-status|p2a: Swalot|brn\n|move|p1a: Pigger Blue|Psychic|p2a: Swalot\n|-supereffective|p2a: Swalot\n|-damage|p2a: Swalot|35\/100 brn\n|move|p2a: Swalot|Knock Off|p1b: Destiny\n|-supereffective|p1b: Destiny\n|-damage|p1b: Destiny|0 fnt\n|-enditem|p1b: Destiny|Focus Sash|[from] move: Knock Off|[of] p2a: Swalot\n|faint|p1b: Destiny\n|move|p2b: Vespiquen|Air Slash|p1a: Pigger Blue\n|-damage|p1a: Pigger Blue|0 fnt\n|faint|p1a: Pigger Blue\n|\n|-heal|p2a: Swalot|41\/100 brn|[from] item: Leftovers\n|-damage|p2a: Swalot|35\/100 brn|[from] brn\n|upkeep\n|\n|t:|1697564536\n|switch|p1b: Bruce Wing|Golbat, M, shiny|71\/100\n|switch|p1a: Bruise Lee|Hitmonlee, M|100\/100\n|turn|6\n|\n|t:|1697564672\n|-terastallize|p1a: Bruise Lee|Ground\n|move|p1b: Bruce Wing|Brave Bird|p2b: Vespiquen\n|-supereffective|p2b: Vespiquen\n|-damage|p2b: Vespiquen|0 fnt\n|faint|p2b: Vespiquen\n|-damage|p1b: Bruce Wing|49\/100|[from] Recoil\n|move|p1a: Bruise Lee|Stomping Tantrum|p2a: Swalot\n|-supereffective|p2a: Swalot\n|-damage|p2a: Swalot|0 fnt\n|faint|p2a: Swalot\n|-damage|p1a: Bruise Lee|91\/100|[from] item: Life Orb\n|\n|upkeep\n|\n|t:|1697564690\n|switch|p2a: Ludicolo|Ludicolo, M, tera:Psychic|33\/100\n|turn|7\n|\n|t:|1697564707\n|move|p2a: Ludicolo|Fake Out|p1a: Bruise Lee\n|-damage|p1a: Bruise Lee|60\/100\n|-damage|p2a: Ludicolo|23\/100|[from] item: Life Orb\n|move|p1b: Bruce Wing|U-turn|p2a: Ludicolo\n|-supereffective|p2a: Ludicolo\n|-damage|p2a: Ludicolo|0 fnt\n|faint|p2a: Ludicolo\n|\n|win|LL-Kid\n|c|\u2606hazarama|gg\n","uploadtime":1697564717,"views":20,"p1id":"llkid","p2id":"hazarama","formatid":"gen9nationaldexdoubles","rating":0,"private":0,"password":""}