{"id":"gen9nationaldexdoubles-1983256065","p1":"gobbers 2","p2":"kg oiyvou","format":"[Gen 9] National Dex Doubles","log":"|j|\u2606gobbers 2\n|j|\u2606kg oiyvou\n|t:|1699111066\n|gametype|doubles\n|player|p1|gobbers 2|ethan|1000\n|player|p2|kg oiyvou|pokekid|1090\n|teamsize|p1|6\n|teamsize|p2|6\n|gen|9\n|tier|[Gen 9] National Dex Doubles\n|rated|\n|rule|HP Percentage Mod: HP is shown in percentages\n|rule|Endless Battle Clause: Forcing endless battles is banned\n|rule|OHKO Clause: OHKO moves are banned\n|rule|Evasion Moves Clause: Evasion moves are banned\n|rule|Evasion Abilities Clause: Evasion abilities are banned\n|rule|Species Clause: Limit one of each Pok\u00e9mon\n|rule|Gravity Sleep Clause: The combination of sleep-inducing moves with imperfect accuracy and Gravity or Gigantamax Orbeetle are banned\n|clearpoke\n|poke|p1|Cherrim, M|\n|poke|p1|Torkoal, F|\n|poke|p1|Ninetales, F|\n|poke|p1|Dragapult, F|\n|poke|p1|Roaring Moon|\n|poke|p1|Landorus-Therian, M|\n|poke|p2|Indeedee-F, F|\n|poke|p2|Oranguru, F|\n|poke|p2|Glastrier|\n|poke|p2|Hoopa-Unbound|\n|poke|p2|Ursaluna, F|\n|poke|p2|Zygarde|\n|teampreview\n|\n|t:|1699111077\n|start\n|switch|p1a: Cherrim|Cherrim, M|100\/100\n|switch|p1b: Torkoal|Torkoal, F|100\/100\n|switch|p2a: Hoopa|Hoopa-Unbound|100\/100\n|switch|p2b: Zygarde|Zygarde|100\/100\n|-ability|p2b: Zygarde|Aura Break\n|-weather|SunnyDay|[from] ability: Drought|[of] p1b: Torkoal\n|-formechange|p1a: Cherrim|Cherrim-Sunshine|[msg]|[from] ability: Flower Gift\n|turn|1\n|c|\u2606gobbers 2|Try 3\n|\n|t:|1699111088\n|move|p1a: Cherrim|Protect|p1a: Cherrim\n|-singleturn|p1a: Cherrim|Protect\n|move|p2b: Zygarde|Thousand Arrows|p1a: Cherrim|[spread] p1b\n|-activate|p1a: Cherrim|move: Protect\n|-supereffective|p1b: Torkoal\n|-damage|p1b: Torkoal|65\/100\n|move|p1b: Torkoal|Explosion|p2b: Zygarde|[spread] p2a,p2b\n|-activate|p1a: Cherrim|move: Protect\n|-damage|p2a: Hoopa|18\/100\n|-damage|p2b: Zygarde|65\/100\n|faint|p1b: Torkoal\n|move|p2a: Hoopa|Trick Room|p2a: Hoopa\n|-fieldstart|move: Trick Room|[of] p2a: Hoopa\n|-enditem|p2b: Zygarde|Room Service\n|-unboost|p2b: Zygarde|spe|1|[from] item: Room Service\n|-enditem|p2a: Hoopa|Room Service\n|-unboost|p2a: Hoopa|spe|1|[from] item: Room Service\n|\n|-weather|SunnyDay|[upkeep]\n|upkeep\n|inactive|Battle timer is ON: inactive players will automatically lose when time's up. (requested by kg oiyvou)\n|\n|t:|1699111107\n|switch|p1b: Ninetales|Ninetales, F|100\/100\n|turn|2\n|\n|t:|1699111131\n|move|p2a: Hoopa|Dark Pulse|p1b: Ninetales\n|-damage|p1b: Ninetales|54\/100\n|-item|p2a: Hoopa|Heat Rock|[from] ability: Magician|[of] p1b: Ninetales\n|move|p2b: Zygarde|Coil|p2b: Zygarde\n|-boost|p2b: Zygarde|atk|1\n|-boost|p2b: Zygarde|def|1\n|-boost|p2b: Zygarde|accuracy|1\n|move|p1a: Cherrim|Leech Seed|p2b: Zygarde\n|-start|p2b: Zygarde|move: Leech Seed\n|move|p1b: Ninetales|Foul Play|p2b: Zygarde\n|-damage|p2b: Zygarde|44\/100\n|\n|-weather|SunnyDay|[upkeep]\n|-damage|p2b: Zygarde|31\/100|[from] Leech Seed|[of] p1a: Cherrim\n|upkeep\n|turn|3\n|\n|t:|1699111155\n|move|p1a: Cherrim|Protect|p1a: Cherrim\n|-singleturn|p1a: Cherrim|Protect\n|move|p2a: Hoopa|Dark Pulse|p1a: Cherrim\n|-activate|p1a: Cherrim|move: Protect\n|move|p2b: Zygarde|Thousand Arrows|p1a: Cherrim|[spread] p1b\n|-activate|p1a: Cherrim|move: Protect\n|-supereffective|p1b: Ninetales\n|-damage|p1b: Ninetales|0 fnt\n|faint|p1b: Ninetales\n|\n|-weather|SunnyDay|[upkeep]\n|-damage|p2b: Zygarde|19\/100|[from] Leech Seed|[of] p1a: Cherrim\n|upkeep\n|inactive|gobbers 2 has 120 seconds left.\n|\n|t:|1699111172\n|switch|p1b: Landorus|Landorus-Therian, M|100\/100\n|-ability|p1b: Landorus|Intimidate|boost\n|-unboost|p2a: Hoopa|atk|1\n|-unboost|p2b: Zygarde|atk|1\n|turn|4\n|\n|t:|1699111181\n|switch|p1a: Roaring Moon|Roaring Moon|100\/100\n|-activate|p1a: Roaring Moon|ability: Protosynthesis\n|-start|p1a: Roaring Moon|protosynthesisatk\n|move|p2a: Hoopa|Dark Pulse|p1b: Landorus\n|-damage|p1b: Landorus|30\/100\n|move|p2b: Zygarde|Thousand Arrows|p1b: Landorus|[spread] p1a,p1b\n|-damage|p1a: Roaring Moon|71\/100\n|-damage|p1b: Landorus|2\/100\n|-start|p1b: Landorus|Smack Down\n|move|p1b: Landorus|Rock Slide|p2a: Hoopa|[spread] p2a,p2b\n|-resisted|p2b: Zygarde\n|-damage|p2a: Hoopa|0 fnt\n|-damage|p2b: Zygarde|14\/100\n|faint|p2a: Hoopa\n|\n|-weather|SunnyDay|[upkeep]\n|-damage|p2b: Zygarde|2\/100|[from] Leech Seed|[of] p1a: Roaring Moon\n|-heal|p1a: Roaring Moon|86\/100|[silent]\n|upkeep\n|\n|t:|1699111204\n|switch|p2a: Glastrier|Glastrier|100\/100\n|turn|5\n|inactive|gobbers 2 has 120 seconds left.\n|l|\u2606gobbers 2\n|inactive|gobbers 2 disconnected and has a minute to reconnect!\n|player|p1|\n|inactive|gobbers 2 has 30 seconds to reconnect!\n|j|\u2606gobbers 2\n|inactive|gobbers 2 reconnected and has 65 seconds left.\n|player|p1|gobbers 2|ethan\n|inactive|gobbers 2 has 60 seconds left.\n|\n|t:|1699111302\n|move|p2a: Glastrier|Icicle Spear|p1a: Roaring Moon\n|-supereffective|p1a: Roaring Moon\n|-damage|p1a: Roaring Moon|42\/100\n|-supereffective|p1a: Roaring Moon\n|-damage|p1a: Roaring Moon|2\/100\n|-supereffective|p1a: Roaring Moon\n|-damage|p1a: Roaring Moon|0 fnt\n|faint|p1a: Roaring Moon\n|-end|p1a: Roaring Moon|Protosynthesis|[silent]\n|-ability|p2a: Glastrier|Chilling Neigh|boost\n|-boost|p2a: Glastrier|atk|1\n|-hitcount|p1: Roaring Moon|3\n|move|p2b: Zygarde|Thousand Arrows|p1b: Landorus\n|-damage|p1b: Landorus|0 fnt\n|faint|p1b: Landorus\n|\n|-weather|SunnyDay|[upkeep]\n|-fieldend|move: Trick Room\n|upkeep\n|\n|t:|1699111316\n|switch|p1a: Cherrim|Cherrim, M|100\/100\n|switch|p1b: Dragapult|Dragapult, F|100\/100\n|-formechange|p1a: Cherrim|Cherrim-Sunshine|[msg]|[from] ability: Flower Gift\n|turn|6\n|\n|t:|1699111325\n|-terastallize|p1b: Dragapult|Dragon\n|move|p1a: Cherrim|Helping Hand|p1b: Dragapult\n|-singleturn|p1b: Dragapult|Helping Hand|[of] p1a: Cherrim\n|move|p1b: Dragapult|Dragon Darts|p2a: Glastrier\n|-damage|p2a: Glastrier|31\/100\n|-anim|p1b: Dragapult|Dragon Darts|p2b: Zygarde\n|-supereffective|p2b: Zygarde\n|-damage|p2b: Zygarde|0 fnt\n|faint|p2b: Zygarde\n|move|p2a: Glastrier|Icicle Spear|p1a: Cherrim\n|-supereffective|p1a: Cherrim\n|-damage|p1a: Cherrim|38\/100\n|-supereffective|p1a: Cherrim\n|-damage|p1a: Cherrim|0 fnt\n|faint|p1a: Cherrim\n|-ability|p2a: Glastrier|Chilling Neigh|boost\n|-boost|p2a: Glastrier|atk|1\n|-hitcount|p1: Cherrim|2\n|\n|-weather|SunnyDay|[upkeep]\n|upkeep\n|inactive|kg oiyvou has 120 seconds left.\n|c|\u2606gobbers 2|...\n|inactive|kg oiyvou has 90 seconds left.\n|\n|t:|1699111388\n|switch|p2b: Indeedee|Indeedee-F, F|100\/100\n|-fieldstart|move: Psychic Terrain|[from] ability: Psychic Surge|[of] p2b: Indeedee\n|turn|7\n|\n|t:|1699111394\n|move|p2b: Indeedee|Follow Me|p2b: Indeedee\n|-singleturn|p2b: Indeedee|move: Follow Me\n|move|p1b: Dragapult|Dragon Darts|p2b: Indeedee\n|-damage|p2b: Indeedee|50\/100\n|-anim|p1b: Dragapult|Dragon Darts|p2b: Indeedee\n|-damage|p2b: Indeedee|0 fnt\n|faint|p2b: Indeedee\n|move|p2a: Glastrier|Icicle Spear|p1b: Dragapult\n|-supereffective|p1b: Dragapult\n|-damage|p1b: Dragapult|8\/100\n|-supereffective|p1b: Dragapult\n|-damage|p1b: Dragapult|0 fnt\n|faint|p1b: Dragapult\n|-hitcount|p1: Dragapult|2\n|\n|win|kg oiyvou\n|raw|gobbers 2's rating: 1000 &rarr; <strong>1000<\/strong><br \/>(+0 for losing)\n|raw|kg oiyvou's rating: 1090 &rarr; <strong>1110<\/strong><br \/>(+20 for winning)\n","uploadtime":1699111399,"views":6,"p1id":"gobbers2","p2id":"kgoiyvou","formatid":"gen9nationaldexdoubles","rating":1000,"private":0,"password":""}