{"id":"gen9nationaldexdoubles-1964473270","p1":"sirseraphim","p2":"BugCatcherKale","format":"[Gen 9] National Dex Doubles","log":"|j|\u2606sirseraphim\n|j|\u2606BugCatcherKale\n|t:|1696971732\n|gametype|doubles\n|player|p1|sirseraphim|ingo|\n|player|p2|BugCatcherKale|bugcatcher-gen4dp|\n|teamsize|p1|6\n|teamsize|p2|6\n|gen|9\n|tier|[Gen 9] National Dex Doubles\n|rule|HP Percentage Mod: HP is shown in percentages\n|rule|Endless Battle Clause: Forcing endless battles is banned\n|rule|OHKO Clause: OHKO moves are banned\n|rule|Evasion Moves Clause: Evasion moves are banned\n|rule|Evasion Abilities Clause: Evasion abilities are banned\n|rule|Species Clause: Limit one of each Pok\u00e9mon\n|rule|Gravity Sleep Clause: The combination of sleep-inducing moves with imperfect accuracy and Gravity or Gigantamax Orbeetle are banned\n|clearpoke\n|poke|p1|Ogerpon-Hearthflame, F|\n|poke|p1|Urshifu-*, M|\n|poke|p1|Togekiss, F|\n|poke|p1|Eevee, M|\n|poke|p1|Garchomp, M|\n|poke|p1|Smeargle, F|\n|poke|p2|Illumise, F|\n|poke|p2|Volcarona, F|\n|poke|p2|Vikavolt, F|\n|poke|p2|Golisopod, F|\n|poke|p2|Flygon, M|\n|poke|p2|Pinsir, M|\n|teampreview\n|\n|t:|1696971759\n|start\n|switch|p1a: Smeargle|Smeargle, F|100\/100\n|switch|p1b: Togekiss|Togekiss, F|100\/100\n|switch|p2a: Volcarona|Volcarona, F|100\/100\n|switch|p2b: Pinsir|Pinsir, M, shiny|100\/100\n|turn|1\n|\n|t:|1696971789\n|detailschange|p2b: Pinsir|Pinsir-Mega, M, shiny\n|-mega|p2b: Pinsir|Pinsir|Pinsirite\n|move|p2a: Volcarona|Protect|p2a: Volcarona\n|-singleturn|p2a: Volcarona|Protect\n|move|p2b: Pinsir|Return|p1a: Smeargle\n|-damage|p1a: Smeargle|0 fnt\n|faint|p1a: Smeargle\n|move|p1b: Togekiss|Dazzling Gleam|p2a: Volcarona|[spread] p2b\n|-activate|p2a: Volcarona|move: Protect\n|-damage|p2b: Pinsir|55\/100\n|\n|upkeep\n|\n|t:|1696971800\n|switch|p1a: Eevee|Eevee, M|100\/100\n|-ability|p1a: Eevee|Anticipation\n|turn|2\n|\n|t:|1696971814\n|move|p2b: Pinsir|Return|p1a: Eevee\n|-damage|p1a: Eevee|0 fnt\n|faint|p1a: Eevee\n|move|p2a: Volcarona|Heat Wave|p1b: Togekiss\n|-damage|p1b: Togekiss|56\/100\n|move|p1b: Togekiss|Yawn|p2a: Volcarona\n|-start|p2a: Volcarona|move: Yawn|[of] p1b: Togekiss\n|\n|upkeep\n|c|\u2606sirseraphim|how does retun work\n|\n|t:|1696971823\n|switch|p1a: Garchomp|Garchomp, M|100\/100\n|turn|3\n|\n|t:|1696971846\n|switch|p2a: Flygon|Flygon, M|100\/100\n|detailschange|p1a: Garchomp|Garchomp-Mega, M\n|-mega|p1a: Garchomp|Garchomp|Garchompite\n|move|p2b: Pinsir|Return|p1a: Garchomp\n|-damage|p1a: Garchomp|38\/100\n|move|p1a: Garchomp|Dragon Rush|p2b: Pinsir\n|-damage|p2b: Pinsir|0 fnt\n|faint|p2b: Pinsir\n|move|p1b: Togekiss|Yawn|p2a: Flygon\n|-start|p2a: Flygon|move: Yawn|[of] p1b: Togekiss\n|\n|upkeep\n|\n|t:|1696971863\n|switch|p2b: Golisopod|Golisopod, F|100\/100\n|turn|4\n|c|\u2606BugCatcherKale|105 base power if maximum happiness\n|c|\u2606sirseraphim|ius it like frustration\n|c|\u2606sirseraphim|is\n|c|\u2606BugCatcherKale|same thing yeah\n|c|\u2606sirseraphim|ok\n|\n|t:|1696971922\n|switch|p2a: Vikavolt|Vikavolt, F|100\/100\n|move|p2b: Golisopod|First Impression|p1a: Garchomp\n|-damage|p1a: Garchomp|0 fnt\n|faint|p1a: Garchomp\n|-damage|p2b: Golisopod|91\/100|[from] item: Life Orb\n|move|p1b: Togekiss|Yawn|p2b: Golisopod\n|-start|p2b: Golisopod|move: Yawn|[of] p1b: Togekiss\n|\n|upkeep\n|\n|t:|1696971934\n|switch|p1a: Ogerpon|Ogerpon-Hearthflame, F|100\/100\n|-ability|p1a: Ogerpon|Mold Breaker\n|turn|5\n|l|\u2606BugCatcherKale\n|player|p2|\n|j|\u2606BugCatcherKale\n|player|p2|BugCatcherKale|bugcatcher-gen4dp\n|\n|t:|1696972055\n|switch|p2b: Flygon|Flygon, M|100\/100\n|-terastallize|p1a: Ogerpon|Fire\n|detailschange|p1a: Ogerpon|Ogerpon-Hearthflame-Tera, F, tera:Fire\n|-ability|p1a: Ogerpon|Embody Aspect (Hearthflame)|boost\n|-boost|p1a: Ogerpon|atk|1\n|move|p1a: Ogerpon|Ivy Cudgel|p2a: Vikavolt\n|-supereffective|p2a: Vikavolt\n|-damage|p2a: Vikavolt|0 fnt\n|faint|p2a: Vikavolt\n|move|p1b: Togekiss|Wish|p1b: Togekiss\n|\n|upkeep\n|\n|t:|1696972084\n|switch|p2a: Illumise|Illumise, F|100\/100\n|turn|6\n|\n|t:|1696972099\n|move|p2a: Illumise|Encore|p1b: Togekiss\n|-start|p1b: Togekiss|Encore\n|move|p1a: Ogerpon|Ivy Cudgel|p2a: Illumise\n|-supereffective|p2a: Illumise\n|-enditem|p2a: Illumise|Focus Sash\n|-damage|p2a: Illumise|1\/100\n|move|p2b: Flygon|Earthquake|p1b: Togekiss|[spread] p2a,p1a\n|-immune|p1b: Togekiss\n|-resisted|p2a: Illumise\n|-supereffective|p1a: Ogerpon\n|-damage|p2a: Illumise|0 fnt\n|-damage|p1a: Ogerpon|14\/100\n|faint|p2a: Illumise\n|move|p1b: Togekiss|Wish||[still]\n|-fail|p1b: Togekiss\n|\n|-heal|p1b: Togekiss|100\/100|[from] move: Wish|[wisher] Togekiss\n|upkeep\n|\n|t:|1696972126\n|switch|p2a: Golisopod|Golisopod, F|91\/100\n|turn|7\n|\n|t:|1696972136\n|switch|p1b: Urshifu|Urshifu-Rapid-Strike, M|100\/100\n|move|p2a: Golisopod|First Impression|p1a: Ogerpon\n|-resisted|p1a: Ogerpon\n|-damage|p1a: Ogerpon|0 fnt\n|faint|p1a: Ogerpon\n|-damage|p2a: Golisopod|81\/100|[from] item: Life Orb\n|move|p2b: Flygon|Dragon Dance|p2b: Flygon\n|-boost|p2b: Flygon|atk|1\n|-boost|p2b: Flygon|spe|1\n|\n|upkeep\n|\n|t:|1696972147\n|switch|p1a: Togekiss|Togekiss, F|100\/100\n|turn|8\n|\n|t:|1696972191\n|move|p2b: Flygon|Protect|p2b: Flygon\n|-singleturn|p2b: Flygon|Protect\n|move|p1b: Urshifu|Drain Punch|p2a: Golisopod\n|-resisted|p2a: Golisopod\n|-damage|p2a: Golisopod|63\/100\n|move|p1a: Togekiss|Dazzling Gleam|p2b: Flygon|[spread] p2a\n|-activate|p2b: Flygon|move: Protect\n|-damage|p2a: Golisopod|28\/100\n|-activate|p2a: Golisopod|ability: Emergency Exit\n|\n|t:|1696972200\n|switch|p2a: Volcarona|Volcarona, F|100\/100\n|\n|upkeep\n|turn|9\n|\n|t:|1696972232\n|-terastallize|p2a: Volcarona|Grass\n|move|p2b: Flygon|Dragon Rush|p1b: Urshifu\n|-damage|p1b: Urshifu|41\/100\n|move|p2a: Volcarona|Quiver Dance|p2a: Volcarona\n|-boost|p2a: Volcarona|spa|1\n|-boost|p2a: Volcarona|spd|1\n|-boost|p2a: Volcarona|spe|1\n|move|p1b: Urshifu|Surging Strikes|p2a: Volcarona\n|-resisted|p2a: Volcarona\n|-crit|p2a: Volcarona\n|-damage|p2a: Volcarona|83\/100\n|-resisted|p2a: Volcarona\n|-crit|p2a: Volcarona\n|-damage|p2a: Volcarona|65\/100\n|-resisted|p2a: Volcarona\n|-crit|p2a: Volcarona\n|-damage|p2a: Volcarona|48\/100\n|-hitcount|p2a: Volcarona|3\n|move|p1a: Togekiss|Dazzling Gleam|p2a: Volcarona|[spread] p2a,p2b\n|-supereffective|p2b: Flygon\n|-damage|p2a: Volcarona|26\/100\n|-damage|p2b: Flygon|8\/100\n|-enditem|p2b: Flygon|Figy Berry|[eat]\n|-heal|p2b: Flygon|41\/100|[from] item: Figy Berry\n|\n|upkeep\n|turn|10\n|\n|t:|1696972260\n|move|p2a: Volcarona|Giga Drain|p1a: Togekiss\n|-resisted|p1a: Togekiss\n|-damage|p1a: Togekiss|74\/100\n|-heal|p2a: Volcarona|42\/100|[from] drain|[of] p1a: Togekiss\n|move|p2b: Flygon|Dragon Rush|p1b: Urshifu\n|-damage|p1b: Urshifu|0 fnt\n|faint|p1b: Urshifu\n|move|p1a: Togekiss|Dazzling Gleam|p2a: Volcarona|[spread] p2a,p2b\n|-supereffective|p2b: Flygon\n|-damage|p2a: Volcarona|18\/100\n|-damage|p2b: Flygon|0 fnt\n|faint|p2b: Flygon\n|\n|upkeep\n|\n|t:|1696972271\n|switch|p2b: Golisopod|Golisopod, F|28\/100\n|turn|11\n|\n|t:|1696972283\n|move|p2a: Volcarona|Heat Wave|p1a: Togekiss\n|-damage|p1a: Togekiss|7\/100\n|move|p1a: Togekiss|Dazzling Gleam|p2a: Volcarona|[spread] p2a,p2b\n|-damage|p2a: Volcarona|0 fnt\n|-damage|p2b: Golisopod|0 fnt\n|faint|p2a: Volcarona\n|faint|p2b: Golisopod\n|\n|win|sirseraphim\n|c|\u2606BugCatcherKale|damn gg\n|c|\u2606sirseraphim|clutch\n|c|\u2606sirseraphim|gg\n|c|\u2606sirseraphim|you good\n|c|\u2606sirseraphim|as hell\n","uploadtime":1696972308,"views":16,"p1id":"sirseraphim","p2id":"bugcatcherkale","formatid":"gen9nationaldexdoubles","rating":0,"private":0,"password":""}