{"id":"gen9nationaldexdoubles-1975187846","p1":"cristalves","p2":"decidoustree","format":"[Gen 9] National Dex Doubles","log":"|j|\u2606cristalves\n|j|\u2606decidoustree\n|t:|1698168712\n|gametype|doubles\n|player|p1|cristalves|hilbert-wonderlauncher|1020\n|player|p2|decidoustree|cheren-gen5bw2|1104\n|teamsize|p1|6\n|teamsize|p2|6\n|gen|9\n|tier|[Gen 9] National Dex Doubles\n|rated|\n|rule|HP Percentage Mod: HP is shown in percentages\n|rule|Endless Battle Clause: Forcing endless battles is banned\n|rule|OHKO Clause: OHKO moves are banned\n|rule|Evasion Moves Clause: Evasion moves are banned\n|rule|Evasion Abilities Clause: Evasion abilities are banned\n|rule|Species Clause: Limit one of each Pok\u00e9mon\n|rule|Gravity Sleep Clause: The combination of sleep-inducing moves with imperfect accuracy and Gravity or Gigantamax Orbeetle are banned\n|clearpoke\n|poke|p1|Ogerpon-Wellspring, F|\n|poke|p1|Volcanion|\n|poke|p1|Gastrodon-East, M|\n|poke|p1|Armarouge, M|\n|poke|p1|Politoed, F|\n|poke|p1|Barraskewda, M|\n|poke|p2|Jirachi|\n|poke|p2|Komala, M|\n|poke|p2|Mienshao, M|\n|poke|p2|Delphox, F|\n|poke|p2|Audino, F|\n|poke|p2|Altaria, F|\n|teampreview\n|\n|t:|1698168728\n|start\n|switch|p1a: Politoed|Politoed, F|100\/100\n|switch|p1b: Barraskewda|Barraskewda, M, shiny|100\/100\n|switch|p2a: Machiavellian Bach|Jirachi|100\/100\n|switch|p2b: Get mad!!|Mienshao, M|100\/100\n|-weather|RainDance|[from] ability: Drizzle|[of] p1a: Politoed\n|turn|1\n|\n|t:|1698168747\n|move|p2b: Get mad!!|Fake Out|p1b: Barraskewda\n|-damage|p1b: Barraskewda|72\/100\n|-damage|p2b: Get mad!!|91\/100|[from] item: Life Orb\n|cant|p1b: Barraskewda|flinch\n|move|p2a: Machiavellian Bach|Cosmic Power|p2a: Machiavellian Bach\n|-boost|p2a: Machiavellian Bach|def|1\n|-boost|p2a: Machiavellian Bach|spd|1\n|move|p1a: Politoed|Mist|p1a: Politoed\n|-sidestart|p1: cristalves|Mist\n|\n|-weather|RainDance|[upkeep]\n|upkeep\n|turn|2\n|\n|t:|1698168770\n|move|p1b: Barraskewda|Drill Run|p2a: Machiavellian Bach\n|-supereffective|p2a: Machiavellian Bach\n|-damage|p2a: Machiavellian Bach|71\/100\n|move|p2b: Get mad!!|High Jump Kick|p1b: Barraskewda|[miss]\n|-miss|p2b: Get mad!!|p1b: Barraskewda\n|-damage|p2b: Get mad!!|41\/100|[from] highjumpkick\n|move|p2a: Machiavellian Bach|Cosmic Power|p2a: Machiavellian Bach\n|-boost|p2a: Machiavellian Bach|def|1\n|-boost|p2a: Machiavellian Bach|spd|1\n|move|p1a: Politoed|Surf|p2a: Machiavellian Bach|[spread] p1b,p2a,p2b\n|-resisted|p1b: Barraskewda\n|-damage|p1b: Barraskewda|33\/100\n|-damage|p2a: Machiavellian Bach|53\/100\n|-damage|p2b: Get mad!!|0 fnt\n|faint|p2b: Get mad!!\n|-damage|p1a: Politoed|91\/100|[from] item: Life Orb\n|\n|-weather|RainDance|[upkeep]\n|-heal|p2a: Machiavellian Bach|59\/100|[from] item: Leftovers\n|upkeep\n|\n|t:|1698168788\n|switch|p2b: Yes|Audino, F|100\/100\n|turn|3\n|\n|t:|1698168799\n|move|p1b: Barraskewda|Drill Run|p2a: Machiavellian Bach\n|-supereffective|p2a: Machiavellian Bach\n|-crit|p2a: Machiavellian Bach\n|-damage|p2a: Machiavellian Bach|2\/100\n|move|p2a: Machiavellian Bach|Baton Pass|p2a: Machiavellian Bach\n|\n|t:|1698168804\n|switch|p2a: Komala|Komala, M|100\/100|[from] Baton Pass\n|-ability|p2a: Komala|Comatose\n|move|p1a: Politoed|Surf|p2b: Yes|[spread] p1b,p2a,p2b\n|-resisted|p1b: Barraskewda\n|-damage|p1b: Barraskewda|0 fnt\n|-damage|p2a: Komala|73\/100\n|-damage|p2b: Yes|59\/100\n|faint|p1b: Barraskewda\n|-damage|p1a: Politoed|81\/100|[from] item: Life Orb\n|move|p2b: Yes|Reflect|p2b: Yes\n|-sidestart|p2: decidoustree|Reflect\n|\n|-weather|RainDance|[upkeep]\n|upkeep\n|\n|t:|1698168818\n|switch|p1b: Volcanion|Volcanion|100\/100\n|turn|4\n|\n|t:|1698168843\n|move|p1a: Politoed|Haze|p1a: Politoed\n|-clearallboost\n|move|p1b: Volcanion|Scorching Sands|p2b: Yes\n|-damage|p2b: Yes|38\/100\n|move|p2a: Komala|Sleep Talk|p2a: Komala\n|move|p2a: Komala|Last Resort|p1b: Volcanion|[from]move: Sleep Talk\n|-damage|p1b: Volcanion|5\/100\n|move|p2b: Yes|Light Screen|p2b: Yes\n|-sidestart|p2: decidoustree|move: Light Screen\n|\n|-weather|RainDance|[upkeep]\n|upkeep\n|turn|5\n|\n|t:|1698168866\n|move|p1a: Politoed|Encore|p2b: Yes\n|-start|p2b: Yes|Encore\n|move|p1b: Volcanion|Scald|p2b: Yes\n|-damage|p2b: Yes|0 fnt\n|faint|p2b: Yes\n|move|p2a: Komala|Sleep Talk|p2a: Komala\n|move|p2a: Komala|Last Resort|p1a: Politoed|[from]move: Sleep Talk\n|-damage|p1a: Politoed|0 fnt\n|faint|p1a: Politoed\n|\n|-weather|none\n|-sideend|p1: cristalves|Mist\n|upkeep\n|\n|t:|1698168901\n|switch|p1a: Armarouge|Armarouge, M|100\/100\n|switch|p2b: Machiavellian Bach|Jirachi|2\/100\n|turn|6\n|inactive|Battle timer is ON: inactive players will automatically lose when time's up. (requested by decidoustree)\n|inactive|cristalves has 120 seconds left.\n|inactive|cristalves has 90 seconds left.\n|\n|t:|1698169047\n|move|p2b: Machiavellian Bach|Charge Beam|p1b: Volcanion\n|-supereffective|p1b: Volcanion\n|-damage|p1b: Volcanion|0 fnt\n|-boost|p2b: Machiavellian Bach|spa|1\n|faint|p1b: Volcanion\n|move|p2a: Komala|Sleep Talk|p2a: Komala\n|move|p2a: Komala|Last Resort|p1a: Armarouge|[from]move: Sleep Talk\n|-damage|p1a: Armarouge|0 fnt\n|faint|p1a: Armarouge\n|\n|-heal|p2b: Machiavellian Bach|8\/100|[from] item: Leftovers\n|upkeep\n|\n|t:|1698169059\n|switch|p1b: Ogerpon|Ogerpon-Wellspring, F|100\/100\n|switch|p1a: Gastrodon|Gastrodon-East, M|100\/100\n|turn|7\n|\n|t:|1698169079\n|move|p1b: Ogerpon|Horn Leech|p2b: Machiavellian Bach\n|-resisted|p2b: Machiavellian Bach\n|-crit|p2b: Machiavellian Bach\n|-damage|p2b: Machiavellian Bach|0 fnt\n|faint|p2b: Machiavellian Bach\n|move|p2a: Komala|Sleep Talk|p2a: Komala\n|move|p2a: Komala|Last Resort|p1a: Gastrodon|[from]move: Sleep Talk\n|-damage|p1a: Gastrodon|0 fnt\n|faint|p1a: Gastrodon\n|\n|-sideend|p2: decidoustree|Reflect\n|upkeep\n|inactive|decidoustree has 120 seconds left.\n|\n|t:|1698169102\n|switch|p2b: Fluffy|Altaria, F|100\/100\n|turn|8\n|inactive|cristalves has 120 seconds left.\n|-message|cristalves forfeited.\n|\n|win|decidoustree\n|raw|cristalves's rating: 1020 &rarr; <strong>1010<\/strong><br \/>(-10 for losing)\n|raw|decidoustree's rating: 1104 &rarr; <strong>1123<\/strong><br \/>(+19 for winning)\n|l|\u2606cristalves\n","uploadtime":1698169152,"views":11,"p1id":"cristalves","p2id":"decidoustree","formatid":"gen9nationaldexdoubles","rating":1010,"private":0,"password":""}