{"id":"gen9nationaldexdoubles-1954026672","p1":"Kaxxxx","p2":"Yveltak","format":"[Gen 9] National Dex Doubles","log":"|j|\u2606Kaxxxx\n|j|\u2606Yveltak\n|t:|1695846860\n|gametype|doubles\n|player|p1|Kaxxxx|steven|\n|player|p2|Yveltak|hugh|\n|teamsize|p1|6\n|teamsize|p2|6\n|gen|9\n|tier|[Gen 9] National Dex Doubles\n|rule|HP Percentage Mod: HP is shown in percentages\n|rule|Endless Battle Clause: Forcing endless battles is banned\n|rule|OHKO Clause: OHKO moves are banned\n|rule|Evasion Moves Clause: Evasion moves are banned\n|rule|Evasion Abilities Clause: Evasion abilities are banned\n|rule|Species Clause: Limit one of each Pok\u00e9mon\n|rule|Gravity Sleep Clause: The combination of sleep-inducing moves with imperfect accuracy and Gravity or Gigantamax Orbeetle are banned\n|clearpoke\n|poke|p1|Tyranitar, M|\n|poke|p1|Ogerpon-Cornerstone, F|\n|poke|p1|Arcanine-Hisui, F|\n|poke|p1|Shuckle, M|\n|poke|p1|Aerodactyl, M|\n|poke|p1|Nihilego|\n|poke|p2|Iron Hands|\n|poke|p2|Tapu Koko|\n|poke|p2|Manectric, M|\n|poke|p2|Raichu-Alola, F|\n|poke|p2|Zapdos|\n|poke|p2|Rotom-Wash|\n|teampreview\n|c|\u2606Yveltak|Q grande el kaxx\n|\n|t:|1695846894\n|start\n|switch|p1a: Nihilego|Nihilego|100\/100\n|switch|p1b: Shuck|Shuckle, M|100\/100\n|switch|p2a: Iron Hands|Iron Hands|100\/100\n|switch|p2b: Tapu Koko|Tapu Koko|100\/100\n|-fieldstart|move: Electric Terrain|[from] ability: Electric Surge|[of] p2b: Tapu Koko\n|-activate|p2a: Iron Hands|ability: Quark Drive\n|-start|p2a: Iron Hands|quarkdriveatk\n|turn|1\n|\n|t:|1695846919\n|move|p2b: Tapu Koko|Volt Switch|p1a: Nihilego\n|-damage|p1a: Nihilego|74\/100\n|\n|t:|1695846923\n|switch|p2b: Zapdos|Zapdos|100\/100|[from] Volt Switch\n|move|p1a: Nihilego|Dazzling Gleam|p2b: Zapdos|[spread] p2a,p2b\n|-supereffective|p2a: Iron Hands\n|-damage|p2a: Iron Hands|72\/100\n|-damage|p2b: Zapdos|63\/100\n|move|p2a: Iron Hands|Drain Punch|p1a: Nihilego\n|-crit|p1a: Nihilego\n|-damage|p1a: Nihilego|0 fnt\n|-heal|p2a: Iron Hands|98\/100|[from] drain|[of] p1a: Nihilego\n|faint|p1a: Nihilego\n|move|p1b: Shuck|Sticky Web|p2a: Iron Hands\n|-sidestart|p2: Yveltak|move: Sticky Web\n|\n|-heal|p2b: Zapdos|69\/100|[from] item: Leftovers\n|upkeep\n|\n|t:|1695846934\n|switch|p1a: zilla|Tyranitar, M|100\/100\n|-weather|Sandstorm|[from] ability: Sand Stream|[of] p1a: zilla\n|turn|2\n|c|\u2606Kaxxxx|Doy\n|\n|t:|1695846946\n|move|p1a: zilla|Protect|p1a: zilla\n|-singleturn|p1a: zilla|Protect\n|move|p2b: Zapdos|Hurricane|p1b: Shuck\n|-damage|p1b: Shuck|77\/100\n|-start|p1b: Shuck|confusion\n|move|p2a: Iron Hands|Drain Punch|p1a: zilla\n|-activate|p1a: zilla|move: Protect\n|-activate|p1b: Shuck|confusion\n|-damage|p1b: Shuck|75\/100|[from] confusion\n|\n|-weather|Sandstorm|[upkeep]\n|-damage|p2b: Zapdos|63\/100|[from] Sandstorm\n|-damage|p2a: Iron Hands|92\/100|[from] Sandstorm\n|-heal|p2b: Zapdos|69\/100|[from] item: Leftovers\n|-heal|p1b: Shuck|82\/100|[from] item: Leftovers\n|upkeep\n|turn|3\n|c|\u2606Yveltak|F\n|j| Aluh_opa\n|\n|t:|1695846975\n|switch|p1a: Aerodactyl|Aerodactyl, M|100\/100\n|move|p2b: Zapdos|Thunderbolt|p1b: Shuck\n|-damage|p1b: Shuck|61\/100\n|move|p2a: Iron Hands|Drain Punch|p1a: Aerodactyl\n|-damage|p1a: Aerodactyl|20\/100\n|-heal|p2a: Iron Hands|100\/100|[from] drain|[of] p1a: Aerodactyl\n|-activate|p1b: Shuck|confusion\n|move|p1b: Shuck|Toxic|p2a: Iron Hands\n|-status|p2a: Iron Hands|tox\n|\n|-weather|Sandstorm|[upkeep]\n|-damage|p2b: Zapdos|63\/100|[from] Sandstorm\n|-damage|p2a: Iron Hands|94\/100 tox|[from] Sandstorm\n|-heal|p2b: Zapdos|69\/100|[from] item: Leftovers\n|-heal|p1b: Shuck|67\/100|[from] item: Leftovers\n|-damage|p2a: Iron Hands|88\/100 tox|[from] psn\n|upkeep\n|turn|4\n|\n|t:|1695846995\n|detailschange|p1a: Aerodactyl|Aerodactyl-Mega, M\n|-mega|p1a: Aerodactyl|Aerodactyl|Aerodactylite\n|move|p1a: Aerodactyl|Rock Slide|p2a: Iron Hands|[spread] p2a,p2b\n|-resisted|p2a: Iron Hands\n|-crit|p2a: Iron Hands\n|-supereffective|p2b: Zapdos\n|-damage|p2a: Iron Hands|75\/100 tox\n|-damage|p2b: Zapdos|0 fnt\n|faint|p2b: Zapdos\n|move|p2a: Iron Hands|Drain Punch|p1b: Shuck\n|-damage|p1b: Shuck|42\/100\n|-heal|p2a: Iron Hands|81\/100 tox|[from] drain|[of] p1b: Shuck\n|-activate|p1b: Shuck|confusion\n|move|p1b: Shuck|Rock Slide|p2a: Iron Hands\n|-resisted|p2a: Iron Hands\n|-damage|p2a: Iron Hands|80\/100 tox\n|\n|-weather|Sandstorm|[upkeep]\n|-damage|p2a: Iron Hands|73\/100 tox|[from] Sandstorm\n|-heal|p1b: Shuck|48\/100|[from] item: Leftovers\n|-damage|p2a: Iron Hands|61\/100 tox|[from] psn\n|upkeep\n|\n|t:|1695847018\n|switch|p2b: Raichu|Raichu-Alola, F|100\/100\n|-activate|p2b: Raichu|move: Sticky Web\n|-unboost|p2b: Raichu|spe|1\n|turn|5\n|c| Aluh_opa|El tipo roca es god\n|c|\u2606Yveltak|Callese aluh\n|\n|t:|1695847047\n|-end|p2a: Iron Hands|Quark Drive|[silent]\n|switch|p2a: Rotom|Rotom-Wash|100\/100\n|move|p1a: Aerodactyl|Rock Slide|p2b: Raichu|[spread] p2a,p2b\n|-damage|p2a: Rotom|75\/100\n|-damage|p2b: Raichu|35\/100\n|cant|p2b: Raichu|flinch\n|-activate|p1b: Shuck|confusion\n|move|p1b: Shuck|Rock Slide|p2b: Raichu|[spread] p2a,p2b\n|-damage|p2a: Rotom|72\/100\n|-damage|p2b: Raichu|26\/100\n|\n|-weather|Sandstorm|[upkeep]\n|-damage|p2b: Raichu|20\/100|[from] Sandstorm\n|-damage|p2a: Rotom|66\/100|[from] Sandstorm\n|-heal|p2a: Rotom|72\/100|[from] item: Leftovers\n|-heal|p1b: Shuck|55\/100|[from] item: Leftovers\n|upkeep\n|turn|6\n|c|\u2606Yveltak|Q buena\n|\n|t:|1695847060\n|move|p1a: Aerodactyl|Rock Slide|p2b: Raichu|[spread] p2b\n|-miss|p1a: Aerodactyl|p2a: Rotom\n|-damage|p2b: Raichu|0 fnt\n|faint|p2b: Raichu\n|move|p2a: Rotom|Volt Switch|p1a: Aerodactyl\n|-supereffective|p1a: Aerodactyl\n|-damage|p1a: Aerodactyl|0 fnt\n|faint|p1a: Aerodactyl\n|\n|t:|1695847066\n|switch|p2a: Iron Hands|Iron Hands|61\/100 tox|[from] Volt Switch\n|-activate|p2a: Iron Hands|move: Sticky Web\n|-unboost|p2a: Iron Hands|spe|1\n|-activate|p2a: Iron Hands|ability: Quark Drive\n|-start|p2a: Iron Hands|quarkdriveatk\n|-end|p1b: Shuck|confusion\n|move|p1b: Shuck|Toxic|p2a: Iron Hands\n|-fail|p2a: Iron Hands|tox\n|\n|-weather|Sandstorm|[upkeep]\n|-damage|p2a: Iron Hands|55\/100 tox|[from] Sandstorm\n|-heal|p1b: Shuck|61\/100|[from] item: Leftovers\n|-damage|p2a: Iron Hands|49\/100 tox|[from] psn\n|upkeep\n|\n|t:|1695847079\n|switch|p1a: Arca|Arcanine-Hisui, F|100\/100\n|switch|p2b: Manectric|Manectric, M|100\/100\n|-activate|p2b: Manectric|move: Sticky Web\n|-unboost|p2b: Manectric|spe|1\n|-ability|p1a: Arca|Intimidate|boost\n|-unboost|p2a: Iron Hands|atk|1\n|-unboost|p2b: Manectric|atk|1\n|turn|7\n|\n|t:|1695847095\n|detailschange|p2b: Manectric|Manectric-Mega, M\n|-mega|p2b: Manectric|Manectric|Manectite\n|-ability|p2b: Manectric|Intimidate|boost\n|-unboost|p1a: Arca|atk|1\n|-boost|p1b: Shuck|atk|1\n|-terastallize|p1a: Arca|Grass\n|move|p2b: Manectric|Rising Voltage|p1b: Shuck\n|-hint|Rising Voltage's BP doubled on grounded target.\n|-damage|p1b: Shuck|18\/100\n|move|p1a: Arca|Rock Slide|p2b: Manectric|[spread] p2a,p2b\n|-resisted|p2a: Iron Hands\n|-damage|p2a: Iron Hands|44\/100 tox\n|-damage|p2b: Manectric|78\/100\n|move|p2a: Iron Hands|Drain Punch|p1a: Arca\n|-damage|p1a: Arca|67\/100\n|-heal|p2a: Iron Hands|58\/100 tox|[from] drain|[of] p1a: Arca\n|move|p1b: Shuck|Rock Slide|p2a: Iron Hands|[spread] p2a,p2b\n|-resisted|p2a: Iron Hands\n|-damage|p2a: Iron Hands|56\/100 tox\n|-damage|p2b: Manectric|69\/100\n|\n|-weather|Sandstorm|[upkeep]\n|-damage|p2b: Manectric|63\/100|[from] Sandstorm\n|-damage|p1a: Arca|61\/100|[from] Sandstorm\n|-damage|p2a: Iron Hands|50\/100 tox|[from] Sandstorm\n|-heal|p1b: Shuck|24\/100|[from] item: Leftovers\n|-damage|p2a: Iron Hands|37\/100 tox|[from] psn\n|upkeep\n|turn|8\n|c|\u2606Yveltak|Q loco\n|c| Aluh_opa|Ala vrgaa ya tiene 3dd\n|\n|t:|1695847132\n|-end|p2a: Iron Hands|Quark Drive|[silent]\n|switch|p2a: Rotom|Rotom-Wash|72\/100\n|move|p1b: Shuck|Protect|p1b: Shuck\n|-singleturn|p1b: Shuck|Protect\n|move|p2b: Manectric|Hidden Power|p1a: Arca\n|-supereffective|p1a: Arca\n|-damage|p1a: Arca|35\/100\n|move|p1a: Arca|Flare Blitz|p2b: Manectric\n|-damage|p2b: Manectric|16\/100\n|-damage|p1a: Arca|23\/100|[from] Recoil\n|\n|-weather|Sandstorm|[upkeep]\n|-damage|p2b: Manectric|10\/100|[from] Sandstorm\n|-damage|p1a: Arca|17\/100|[from] Sandstorm\n|-damage|p2a: Rotom|66\/100|[from] Sandstorm\n|-heal|p2a: Rotom|72\/100|[from] item: Leftovers\n|-heal|p1b: Shuck|30\/100|[from] item: Leftovers\n|-fieldend|move: Electric Terrain\n|upkeep\n|turn|9\n|c|\u2606Yveltak|K\n|j| El_Gran_Wigglytuff\n|c| Aluh_opa|Me gusta 50 veces m\u00e1s este ctmm\n|c|\u2606Yveltak|Aluuuuuu\n|c|\u2606Yveltak|jajs\n|c| El_Gran_Wigglytuff|Es el primer combate?\n|\n|t:|1695847158\n|move|p1a: Arca|Extreme Speed|p2b: Manectric\n|-damage|p2b: Manectric|0 fnt\n|faint|p2b: Manectric\n|move|p2a: Rotom|Hydro Pump|p1b: Shuck\n|-supereffective|p1b: Shuck\n|-damage|p1b: Shuck|0 fnt\n|faint|p1b: Shuck\n|\n|-weather|none\n|-heal|p2a: Rotom|78\/100|[from] item: Leftovers\n|upkeep\n|c|\u2606Yveltak|Ira nomas\n|\n|t:|1695847169\n|switch|p2b: Iron Hands|Iron Hands|37\/100 tox\n|switch|p1b: zilla|Tyranitar, M|100\/100\n|-weather|Sandstorm|[from] ability: Sand Stream|[of] p1b: zilla\n|-activate|p2b: Iron Hands|move: Sticky Web\n|-unboost|p2b: Iron Hands|spe|1\n|turn|10\n|\n|t:|1695847196\n|switch|p2a: Tapu Koko|Tapu Koko|100\/100\n|-activate|p2a: Tapu Koko|move: Sticky Web\n|-unboost|p2a: Tapu Koko|spe|1\n|-fieldstart|move: Electric Terrain|[from] ability: Electric Surge|[of] p2a: Tapu Koko\n|-activate|p2b: Iron Hands|ability: Quark Drive\n|-start|p2b: Iron Hands|quarkdriveatk\n|move|p2b: Iron Hands|Fake Out|p1a: Arca\n|-damage|p1a: Arca|2\/100\n|cant|p1a: Arca|flinch\n|move|p1b: zilla|Knock Off|p2a: Tapu Koko\n|-resisted|p2a: Tapu Koko\n|-damage|p2a: Tapu Koko|69\/100\n|-enditem|p2a: Tapu Koko|Terrain Extender|[from] move: Knock Off|[of] p1b: zilla\n|\n|-weather|Sandstorm|[upkeep]\n|-damage|p2a: Tapu Koko|63\/100|[from] Sandstorm\n|-damage|p1a: Arca|0 fnt|[from] Sandstorm\n|-damage|p2b: Iron Hands|31\/100 tox|[from] Sandstorm\n|faint|p1a: Arca\n|-damage|p2b: Iron Hands|25\/100 tox|[from] psn\n|upkeep\n|\n|t:|1695847207\n|switch|p1a: Ogerpon|Ogerpon-Cornerstone, F|100\/100\n|turn|11\n|\n|t:|1695847215\n|move|p1b: zilla|Protect|p1b: zilla\n|-singleturn|p1b: zilla|Protect\n|move|p2a: Tapu Koko|Dazzling Gleam|p1b: zilla|[spread] p1a\n|-activate|p1b: zilla|move: Protect\n|-damage|p1a: Ogerpon|84\/100\n|move|p1a: Ogerpon|Leech Seed|p2a: Tapu Koko\n|-start|p2a: Tapu Koko|move: Leech Seed\n|move|p2b: Iron Hands|Drain Punch|p1a: Ogerpon\n|-supereffective|p1a: Ogerpon\n|-damage|p1a: Ogerpon|8\/100\n|-heal|p2b: Iron Hands|53\/100 tox|[from] drain|[of] p1a: Ogerpon\n|\n|-weather|Sandstorm|[upkeep]\n|-damage|p2a: Tapu Koko|57\/100|[from] Sandstorm\n|-damage|p2b: Iron Hands|47\/100 tox|[from] Sandstorm\n|-damage|p2a: Tapu Koko|44\/100|[from] Leech Seed|[of] p1a: Ogerpon\n|-heal|p1a: Ogerpon|18\/100|[silent]\n|-damage|p2b: Iron Hands|35\/100 tox|[from] psn\n|upkeep\n|turn|12\n|\n|t:|1695847233\n|move|p1a: Ogerpon|Protect|p1a: Ogerpon\n|-singleturn|p1a: Ogerpon|Protect\n|move|p2a: Tapu Koko|Grass Knot|p1b: zilla\n|-supereffective|p1b: zilla\n|-damage|p1b: zilla|55\/100\n|move|p1b: zilla|Rock Slide|p2a: Tapu Koko|[spread] p2a,p2b\n|-resisted|p2b: Iron Hands\n|-damage|p2a: Tapu Koko|9\/100\n|-damage|p2b: Iron Hands|27\/100 tox\n|cant|p2b: Iron Hands|flinch\n|\n|-weather|Sandstorm|[upkeep]\n|-damage|p2a: Tapu Koko|3\/100|[from] Sandstorm\n|-damage|p2b: Iron Hands|21\/100 tox|[from] Sandstorm\n|-damage|p2a: Tapu Koko|0 fnt|[from] Leech Seed|[of] p1a: Ogerpon\n|-heal|p1a: Ogerpon|19\/100|[silent]\n|faint|p2a: Tapu Koko\n|-damage|p2b: Iron Hands|3\/100 tox|[from] psn\n|upkeep\n|c|\u2606Yveltak|No me la puto creo\n|c| Aluh_opa|Que es esto\n|\n|t:|1695847247\n|switch|p2a: Rotom|Rotom-Wash|78\/100\n|turn|13\n|c| Aluh_opa|XDD\n|c| El_Gran_Wigglytuff|Alto flincheo\n|c|\u2606Yveltak|Tan bien q salio y me viene con eso\n|\n|t:|1695847278\n|move|p1b: zilla|Protect|p1b: zilla\n|-singleturn|p1b: zilla|Protect\n|move|p1a: Ogerpon|Horn Leech|p2a: Rotom\n|-supereffective|p2a: Rotom\n|-damage|p2a: Rotom|13\/100\n|-heal|p1a: Ogerpon|46\/100|[from] drain|[of] p2a: Rotom\n|move|p2a: Rotom|Hydro Pump|p1a: Ogerpon\n|-damage|p1a: Ogerpon|16\/100\n|move|p2b: Iron Hands|Drain Punch|p1a: Ogerpon\n|-supereffective|p1a: Ogerpon\n|-damage|p1a: Ogerpon|0 fnt\n|-heal|p2b: Iron Hands|8\/100 tox|[from] drain|[of] p1a: Ogerpon\n|faint|p1a: Ogerpon\n|\n|-weather|Sandstorm|[upkeep]\n|-damage|p2a: Rotom|7\/100|[from] Sandstorm\n|-damage|p2b: Iron Hands|2\/100 tox|[from] Sandstorm\n|-heal|p2a: Rotom|13\/100|[from] item: Leftovers\n|-damage|p2b: Iron Hands|0 fnt|[from] psn\n|faint|p2b: Iron Hands\n|-end|p2b: Iron Hands|Quark Drive|[silent]\n|upkeep\n|turn|14\n|\n|t:|1695847294\n|move|p2a: Rotom|Protect|p2a: Rotom\n|-singleturn|p2a: Rotom|Protect\n|move|p1b: zilla|Knock Off|p2a: Rotom\n|-activate|p2a: Rotom|move: Protect\n|\n|-weather|Sandstorm|[upkeep]\n|-damage|p2a: Rotom|7\/100|[from] Sandstorm\n|-heal|p2a: Rotom|13\/100|[from] item: Leftovers\n|upkeep\n|turn|15\n|\n|t:|1695847304\n|move|p1b: zilla|Knock Off|p2a: Rotom\n|-damage|p2a: Rotom|0 fnt\n|-enditem|p2a: Rotom|Leftovers|[from] move: Knock Off|[of] p1b: zilla\n|faint|p2a: Rotom\n|\n|win|Kaxxxx\n|c|\u2606Kaxxxx|Gg\n|c|\u2606Yveltak|Increible\n|c|\u2606Yveltak|gg\n|c| Aluh_opa|A tremendo\n|c| Aluh_opa|jajaja\n","uploadtime":1695847316,"views":21,"p1id":"kaxxxx","p2id":"yveltak","formatid":"gen9nationaldexdoubles","rating":0,"private":0,"password":""}