{"id":"gen9nationaldexdoubles-1951141357","p1":"GenerallGrievous","p2":"Quagy Boy","format":"[Gen 9] National Dex Doubles","log":"|j|\u2606GenerallGrievous\n|j|\u2606Quagy Boy\n|t:|1695550161\n|gametype|doubles\n|player|p1|GenerallGrievous|gentleman-gen4|\n|player|p2|Quagy Boy|brycen|\n|teamsize|p1|6\n|teamsize|p2|6\n|gen|9\n|tier|[Gen 9] National Dex Doubles\n|rule|HP Percentage Mod: HP is shown in percentages\n|rule|Endless Battle Clause: Forcing endless battles is banned\n|rule|OHKO Clause: OHKO moves are banned\n|rule|Evasion Moves Clause: Evasion moves are banned\n|rule|Evasion Abilities Clause: Evasion abilities are banned\n|rule|Species Clause: Limit one of each Pok\u00e9mon\n|rule|Gravity Sleep Clause: The combination of sleep-inducing moves with imperfect accuracy and Gravity or Gigantamax Orbeetle are banned\n|clearpoke\n|poke|p1|Fezandipiti, M|\n|poke|p1|Amoonguss, M|\n|poke|p1|Volcarona, M|\n|poke|p1|Flutter Mane|\n|poke|p1|Empoleon, F|\n|poke|p1|Torterra, M|\n|poke|p2|Quagsire, M|\n|poke|p2|Palafin, F|\n|poke|p2|Basculegion-F, F|\n|poke|p2|Pelipper, M|\n|poke|p2|Dracovish|\n|poke|p2|Gyarados, F|\n|teampreview\n|c|\u2606Quagy Boy|Just because i want to\n|\n|t:|1695550183\n|start\n|switch|p1a: LordShen|Fezandipiti, M|100\/100\n|switch|p1b: sus|Amoonguss, M|100\/100\n|switch|p2a: I need a hero|Palafin, F|100\/100\n|switch|p2b: Birb|Pelipper, M, shiny|100\/100\n|-weather|RainDance|[from] ability: Drizzle|[of] p2b: Birb\n|turn|1\n|\n|t:|1695550221\n|move|p2a: I need a hero|Flip Turn|p1a: LordShen\n|-damage|p1a: LordShen|59\/100\n|\n|t:|1695550225\n|detailschange|p2a: I need a hero|Palafin-Hero, F\n|switch|p2a: Scary|Gyarados, F|100\/100|[from] Flip Turn\n|-ability|p2a: Scary|Intimidate|boost\n|-unboost|p1a: LordShen|atk|1\n|-unboost|p1b: sus|atk|1\n|move|p1a: LordShen|Icy Wind|p2a: Scary|[spread] p2a,p2b\n|-damage|p2a: Scary|92\/100\n|-damage|p2b: Birb|87\/100\n|-unboost|p2a: Scary|spe|1\n|-unboost|p2b: Birb|spe|1\n|move|p1b: sus|Spore|p2b: Birb\n|-status|p2b: Birb|slp|[from] move: Spore\n|cant|p2b: Birb|slp\n|\n|-weather|RainDance|[upkeep]\n|upkeep\n|turn|2\n|\n|t:|1695550257\n|move|p1b: sus|Rage Powder|p1b: sus\n|-singleturn|p1b: sus|move: Rage Powder\n|move|p1a: LordShen|Icy Wind|p2a: Scary|[spread] p2a,p2b\n|-damage|p2a: Scary|84\/100\n|-damage|p2b: Birb|73\/100 slp\n|-unboost|p2a: Scary|spe|1\n|-unboost|p2b: Birb|spe|1\n|move|p2a: Scary|Hurricane|p1b: sus\n|-supereffective|p1b: sus\n|-damage|p1b: sus|46\/100\n|-start|p1b: sus|confusion\n|cant|p2b: Birb|slp\n|\n|-weather|RainDance|[upkeep]\n|-heal|p1b: sus|52\/100|[from] item: Leftovers\n|upkeep\n|turn|3\n|\n|t:|1695550284\n|switch|p2b: I need a hero|Palafin-Hero, F|100\/100\n|-activate|p2b: I need a hero|ability: Zero to Hero\n|-activate|p1b: sus|confusion\n|move|p1b: sus|Protect|p1b: sus\n|-singleturn|p1b: sus|Protect\n|move|p1a: LordShen|Icy Wind|p2a: Scary|[spread] p2a,p2b\n|-crit|p2a: Scary\n|-resisted|p2b: I need a hero\n|-damage|p2a: Scary|71\/100\n|-damage|p2b: I need a hero|95\/100\n|-unboost|p2a: Scary|spe|1\n|-unboost|p2b: I need a hero|spe|1\n|-status|p2b: I need a hero|tox|[from] ability: Toxic Chain|[of] p1a: LordShen\n|move|p2a: Scary|Hurricane|p1b: sus\n|-activate|p1b: sus|move: Protect\n|\n|-weather|RainDance|[upkeep]\n|-heal|p1b: sus|58\/100|[from] item: Leftovers\n|-damage|p2b: I need a hero|89\/100 tox|[from] psn\n|upkeep\n|turn|4\n|\n|t:|1695550314\n|move|p1a: LordShen|Venoshock|p2b: I need a hero\n|-damage|p2b: I need a hero|42\/100 tox\n|move|p2b: I need a hero|Zen Headbutt|p1a: LordShen|[miss]\n|-miss|p2b: I need a hero|p1a: LordShen\n|-end|p1b: sus|confusion\n|move|p1b: sus|Hex|p2b: I need a hero\n|-damage|p2b: I need a hero|13\/100 tox\n|move|p2a: Scary|Hurricane|p1b: sus\n|-supereffective|p1b: sus\n|-damage|p1b: sus|11\/100\n|\n|-weather|RainDance|[upkeep]\n|-heal|p1b: sus|17\/100|[from] item: Leftovers\n|-damage|p2b: I need a hero|1\/100 tox|[from] psn\n|upkeep\n|turn|5\n|\n|t:|1695550342\n|move|p1b: sus|Protect|p1b: sus\n|-singleturn|p1b: sus|Protect\n|move|p1a: LordShen|Icy Wind|p2a: Scary|[spread] p2a,p2b\n|-resisted|p2b: I need a hero\n|-damage|p2a: Scary|62\/100\n|-damage|p2b: I need a hero|0 fnt\n|-unboost|p2a: Scary|spe|1\n|-status|p2a: Scary|tox|[from] ability: Toxic Chain|[of] p1a: LordShen\n|faint|p2b: I need a hero\n|move|p2a: Scary|Hurricane|p1b: sus\n|-activate|p1b: sus|move: Protect\n|\n|-weather|none\n|-heal|p1b: sus|24\/100|[from] item: Leftovers\n|-damage|p2a: Scary|56\/100 tox|[from] psn\n|upkeep\n|\n|t:|1695550364\n|switch|p2b: Quagster|Quagsire, M|100\/100\n|turn|6\n|\n|t:|1695550377\n|-terastallize|p2b: Quagster|Poison\n|move|p1a: LordShen|Venoshock|p2a: Scary\n|-damage|p2a: Scary|19\/100 tox\n|move|p1b: sus|Spore|p2b: Quagster\n|-status|p2b: Quagster|slp|[from] move: Spore\n|cant|p2b: Quagster|slp\n|move|p2a: Scary|Hurricane|p1b: sus\n|-supereffective|p1b: sus\n|-damage|p1b: sus|0 fnt\n|faint|p1b: sus\n|\n|-damage|p2a: Scary|6\/100 tox|[from] psn\n|upkeep\n|\n|t:|1695550396\n|switch|p1b: Flutter Mane|Flutter Mane|100\/100\n|turn|7\n|c|\u2606Quagy Boy|Yes i know\n|c|\u2606Quagy Boy|im not suprised you like the new Pokemon\n|\n|t:|1695550452\n|move|p1b: Flutter Mane|Hex|p2b: Quagster\n|-damage|p2b: Quagster|0 fnt\n|faint|p2b: Quagster\n|move|p1a: LordShen|Icy Wind|p2a: Scary\n|-damage|p2a: Scary|0 fnt\n|faint|p2a: Scary\n|\n|upkeep\n|\n|t:|1695550468\n|switch|p2a: Birb|Pelipper, M, shiny|73\/100 slp\n|switch|p2b: DRACOOOO|Dracovish|100\/100\n|-weather|RainDance|[from] ability: Drizzle|[of] p2a: Birb\n|turn|8\n|\n|t:|1695550513\n|move|p1b: Flutter Mane|Dazzling Gleam|p2b: DRACOOOO|[spread] p2a,p2b\n|-supereffective|p2b: DRACOOOO\n|-damage|p2a: Birb|24\/100 slp\n|-damage|p2b: DRACOOOO|22\/100\n|move|p2b: DRACOOOO|Psychic Fangs|p1a: LordShen\n|-supereffective|p1a: LordShen\n|-damage|p1a: LordShen|0 fnt\n|faint|p1a: LordShen\n|-curestatus|p2a: Birb|slp|[msg]\n|-zpower|p2a: Birb\n|move|p2a: Birb|Savage Spin-Out|p1b: Flutter Mane|[zeffect]\n|-resisted|p1b: Flutter Mane\n|-damage|p1b: Flutter Mane|91\/100\n|\n|-weather|RainDance|[upkeep]\n|upkeep\n|\n|t:|1695550530\n|switch|p1a: Solana|Volcarona, M|100\/100\n|turn|9\n|\n|t:|1695550579\n|-terastallize|p1a: Solana|Water\n|move|p1b: Flutter Mane|Dazzling Gleam|p2b: DRACOOOO|[spread] p2a,p2b\n|-supereffective|p2b: DRACOOOO\n|-damage|p2a: Birb|0 fnt\n|-damage|p2b: DRACOOOO|0 fnt\n|faint|p2a: Birb\n|faint|p2b: DRACOOOO\n|move|p1a: Solana|Quiver Dance|p1a: Solana\n|-boost|p1a: Solana|spa|1\n|-boost|p1a: Solana|spd|1\n|-boost|p1a: Solana|spe|1\n|\n|-weather|RainDance|[upkeep]\n|upkeep\n|\n|t:|1695550590\n|switch|p2a: Basculegion|Basculegion-F, F|100\/100\n|turn|10\n|\n|t:|1695550603\n|move|p2a: Basculegion|Last Respects|p1b: Flutter Mane\n|-supereffective|p1b: Flutter Mane\n|-damage|p1b: Flutter Mane|0 fnt\n|faint|p1b: Flutter Mane\n|-end|p1b: Flutter Mane|Protosynthesis|[silent]\n|move|p1a: Solana|Giga Drain|p2a: Basculegion\n|-supereffective|p2a: Basculegion\n|-damage|p2a: Basculegion|0 fnt\n|faint|p2a: Basculegion\n|\n|win|GenerallGrievous\n|l|\u2606Quagy Boy\n","uploadtime":1695550617,"views":24,"p1id":"generallgrievous","p2id":"quagyboy","formatid":"gen9nationaldexdoubles","rating":0,"private":0,"password":""}