{"id":"gen9nationaldexdoubles-1963691243","p1":"Creepystank","p2":"MagikarpLover12876","format":"[Gen 9] National Dex Doubles","log":"|j|\u2606Creepystank\n|j|\u2606MagikarpLover12876\n|t:|1696890321\n|gametype|doubles\n|player|p1|Creepystank|cynthia-gen4|1261\n|player|p2|MagikarpLover12876|steven|1046\n|teamsize|p1|6\n|teamsize|p2|6\n|gen|9\n|tier|[Gen 9] National Dex Doubles\n|rated|\n|rule|HP Percentage Mod: HP is shown in percentages\n|rule|Endless Battle Clause: Forcing endless battles is banned\n|rule|OHKO Clause: OHKO moves are banned\n|rule|Evasion Moves Clause: Evasion moves are banned\n|rule|Evasion Abilities Clause: Evasion abilities are banned\n|rule|Species Clause: Limit one of each Pok\u00e9mon\n|rule|Gravity Sleep Clause: The combination of sleep-inducing moves with imperfect accuracy and Gravity or Gigantamax Orbeetle are banned\n|clearpoke\n|poke|p1|Tornadus, M|\n|poke|p1|Mew|\n|poke|p1|Overqwil, F|\n|poke|p1|Tapu Lele|\n|poke|p1|Amoonguss, M|\n|poke|p1|Charizard, M|\n|poke|p2|Eevee, M|\n|poke|p2|Stakataka|\n|poke|p2|Psyduck, F|\n|poke|p2|Moltres-Galar|\n|poke|p2|Regidrago|\n|poke|p2|Darkrai|\n|teampreview\n|inactive|Battle timer is ON: inactive players will automatically lose when time's up. (requested by Creepystank)\n|c|\u2606Creepystank|Dale yeah brother\n|inactive|MagikarpLover12876 has 120 seconds left.\n|\n|t:|1696890363\n|start\n|switch|p1a: Tornadus|Tornadus, M|100\/100\n|switch|p1b: Mew|Mew|100\/100\n|switch|p2a: Brick Man|Stakataka, shiny|100\/100\n|switch|p2b: Grandma Slayer|Regidrago, shiny|100\/100\n|turn|1\n|\n|t:|1696890392\n|move|p1a: Tornadus|Tailwind|p1a: Tornadus\n|-sidestart|p1: Creepystank|move: Tailwind\n|move|p1b: Mew|Dazzling Gleam|p2b: Grandma Slayer|[spread] p2a,p2b\n|-resisted|p2a: Brick Man\n|-supereffective|p2b: Grandma Slayer\n|-damage|p2a: Brick Man|88\/100\n|-damage|p2b: Grandma Slayer|59\/100\n|move|p2b: Grandma Slayer|Dragon Energy|p1a: Tornadus|[spread] p1a,p1b\n|-damage|p1a: Tornadus|53\/100\n|-damage|p1b: Mew|74\/100\n|move|p2a: Brick Man|Trick Room|p2a: Brick Man\n|-fieldstart|move: Trick Room|[of] p2a: Brick Man\n|\n|-damage|p2a: Brick Man|76\/100|[from] item: Black Sludge\n|-status|p2b: Grandma Slayer|tox|[from] item: Toxic Orb\n|upkeep\n|turn|2\n|\n|t:|1696890409\n|switch|p1a: Tapu Lele|Tapu Lele|100\/100\n|-fieldstart|move: Psychic Terrain|[from] ability: Psychic Surge|[of] p1a: Tapu Lele\n|-terastallize|p1b: Mew|Psychic\n|move|p2a: Brick Man|Steel Beam|p2b: Grandma Slayer\n|-damage|p2b: Grandma Slayer|27\/100 tox\n|-damage|p2a: Brick Man|26\/100|[from] steelbeam\n|move|p2b: Grandma Slayer|Self-Destruct|p1a: Tapu Lele|[spread] p2a,p1a,p1b\n|-resisted|p2a: Brick Man\n|-crit|p1b: Mew\n|-damage|p2a: Brick Man|18\/100\n|-damage|p1a: Tapu Lele|52\/100\n|-damage|p1b: Mew|12\/100\n|faint|p2b: Grandma Slayer\n|move|p1b: Mew|Expanding Force|p2a: Brick Man\n|-resisted|p2a: Brick Man\n|-damage|p2a: Brick Man|0 fnt\n|faint|p2a: Brick Man\n|\n|upkeep\n|\n|t:|1696890428\n|switch|p2a: Literal God|Psyduck, F, shiny|100\/100\n|switch|p2b: Rush Eevee|Eevee, M, shiny|100\/100\n|-ability|p2b: Rush Eevee|Anticipation\n|turn|3\n|\n|t:|1696890445\n|move|p2a: Literal God|Simple Beam|p2b: Rush Eevee\n|-endability|p2b: Rush Eevee|Anticipation|[from] move: Simple Beam\n|-ability|p2b: Rush Eevee|Simple|[from] move: Simple Beam\n|-zpower|p2b: Rush Eevee\n|move|p2b: Rush Eevee|Extreme Evoboost|p2b: Rush Eevee\n|-boost|p2b: Rush Eevee|atk|4\n|-boost|p2b: Rush Eevee|def|4\n|-boost|p2b: Rush Eevee|spa|4\n|-boost|p2b: Rush Eevee|spd|4\n|-boost|p2b: Rush Eevee|spe|4\n|-enditem|p1b: Mew|Mirror Herb\n|-boost|p1b: Mew|atk|4|[from] item: Mirror Herb\n|-boost|p1b: Mew|def|4|[from] item: Mirror Herb\n|-boost|p1b: Mew|spa|4|[from] item: Mirror Herb\n|-boost|p1b: Mew|spd|4|[from] item: Mirror Herb\n|-boost|p1b: Mew|spe|4|[from] item: Mirror Herb\n|move|p1a: Tapu Lele|Light Screen|p1a: Tapu Lele\n|-sidestart|p1: Creepystank|move: Light Screen\n|move|p1b: Mew|Expanding Force|p2a: Literal God|[spread] p2a,p2b\n|-enditem|p2a: Literal God|Focus Sash\n|-damage|p2a: Literal God|1\/100\n|-damage|p2b: Rush Eevee|19\/100\n|\n|upkeep\n|turn|4\n|c|\u2606Creepystank|Yayyyy\n|c|\u2606Creepystank|I was waiting for it\n|\n|t:|1696890472\n|move|p2a: Literal God|Disable|p1a: Tapu Lele\n|-start|p1a: Tapu Lele|Disable|Light Screen\n|move|p1a: Tapu Lele|Reflect|p1a: Tapu Lele\n|-sidestart|p1: Creepystank|Reflect\n|move|p2b: Rush Eevee|Baton Pass|p2b: Rush Eevee\n|\n|t:|1696890478\n|switch|p2b: Destroyer of World|Moltres-Galar, shiny|100\/100|[from] Baton Pass\n|move|p1b: Mew|Expanding Force|p2b: Destroyer of World|[spread] p2a\n|-immune|p2b: Destroyer of World\n|-damage|p2a: Literal God|0 fnt\n|faint|p2a: Literal God\n|\n|-sideend|p1: Creepystank|move: Tailwind\n|upkeep\n|\n|t:|1696890486\n|switch|p2a: Tooth Fairy|Darkrai, shiny|100\/100\n|turn|5\n|\n|t:|1696890496\n|-terastallize|p2b: Destroyer of World|Dark\n|move|p1a: Tapu Lele|Dazzling Gleam|p2a: Tooth Fairy|[spread] p2a,p2b\n|-supereffective|p2a: Tooth Fairy\n|-supereffective|p2b: Destroyer of World\n|-damage|p2a: Tooth Fairy|36\/100\n|-damage|p2b: Destroyer of World|84\/100\n|move|p2a: Tooth Fairy|Dark Pulse|p1b: Mew\n|-supereffective|p1b: Mew\n|-damage|p1b: Mew|0 fnt\n|faint|p1b: Mew\n|move|p2b: Destroyer of World|Fiery Wrath|p1a: Tapu Lele\n|-damage|p1a: Tapu Lele|0 fnt\n|faint|p1a: Tapu Lele\n|\n|-heal|p2b: Destroyer of World|90\/100|[from] item: Leftovers\n|-fieldend|move: Trick Room\n|upkeep\n|\n|t:|1696890517\n|switch|p1b: Amoonguss|Amoonguss, M|100\/100\n|switch|p1a: Tornadus|Tornadus, M|53\/100\n|turn|6\n|\n|t:|1696890543\n|move|p1b: Amoonguss|Rage Powder|p1b: Amoonguss\n|-singleturn|p1b: Amoonguss|move: Rage Powder\n|move|p1a: Tornadus|Tailwind|p1a: Tornadus\n|-sidestart|p1: Creepystank|move: Tailwind\n|move|p2b: Destroyer of World|Fiery Wrath|p1a: Tornadus|[spread] p1a,p1b\n|-crit|p1b: Amoonguss\n|-damage|p1a: Tornadus|0 fnt\n|-damage|p1b: Amoonguss|0 fnt\n|faint|p1a: Tornadus\n|faint|p1b: Amoonguss\n|move|p2a: Tooth Fairy|Dark Pulse|p1: Tornadus|[notarget]\n|-fail|p2a: Tooth Fairy\n|\n|-heal|p2b: Destroyer of World|96\/100|[from] item: Leftovers\n|-fieldend|move: Psychic Terrain\n|upkeep\n|\n|t:|1696890550\n|switch|p1a: Lol poke|Overqwil, F, shiny|100\/100\n|switch|p1b: Charizard|Charizard, M|100\/100\n|turn|7\n|\n|t:|1696890574\n|detailschange|p1b: Charizard|Charizard-Mega-X, M\n|-mega|p1b: Charizard|Charizard|Charizardite X\n|move|p2b: Destroyer of World|Fiery Wrath|p1a: Lol poke|[spread] p1a,p1b\n|-resisted|p1a: Lol poke\n|-damage|p1a: Lol poke|51\/100\n|-damage|p1b: Charizard|0 fnt\n|faint|p1b: Charizard\n|move|p1a: Lol poke|Barb Barrage|p2b: Destroyer of World\n|-damage|p2b: Destroyer of World|81\/100\n|-damage|p1a: Lol poke|41\/100|[from] item: Life Orb\n|move|p2a: Tooth Fairy|Dark Pulse|p1a: Lol poke\n|-resisted|p1a: Lol poke\n|-damage|p1a: Lol poke|24\/100\n|\n|-heal|p2b: Destroyer of World|87\/100|[from] item: Leftovers\n|upkeep\n|turn|8\n|l|\u2606Creepystank\n|inactive|Creepystank disconnected and has a minute to reconnect!\n|player|p1|\n|inactive|Creepystank has 30 seconds to reconnect!\n|c|\u2606MagikarpLover12876|gooo\n|inactive|Creepystank has 20 seconds to reconnect!\n|inactive|Creepystank has 15 seconds to reconnect!\n|inactive|Creepystank has 10 seconds to reconnect!\n|inactive|Creepystank has 5 seconds to reconnect!\n|-message|Creepystank lost due to inactivity.\n|\n|win|MagikarpLover12876\n|raw|Creepystank's rating: 1261 &rarr; <strong>1222<\/strong><br \/>(-39 for losing)\n|raw|MagikarpLover12876's rating: 1046 &rarr; <strong>1097<\/strong><br \/>(+51 for winning)\n","uploadtime":1696890659,"views":8,"p1id":"creepystank","p2id":"magikarplover12876","formatid":"gen9nationaldexdoubles","rating":1097,"private":0,"password":""}