{"id":"gen9nationaldexdoubles-1978564037","p1":"PIBE MISTERIOSO","p2":"Mistery Gold","format":"[Gen 9] National Dex Doubles","log":"|j|\u2606PIBE MISTERIOSO\n|j|\u2606Mistery Gold\n|t:|1698556746\n|gametype|doubles\n|player|p1|PIBE MISTERIOSO|bede-masters|\n|player|p2|Mistery Gold|hilda|\n|teamsize|p1|6\n|teamsize|p2|6\n|gen|9\n|tier|[Gen 9] National Dex Doubles\n|rule|HP Percentage Mod: HP is shown in percentages\n|rule|Endless Battle Clause: Forcing endless battles is banned\n|rule|OHKO Clause: OHKO moves are banned\n|rule|Evasion Moves Clause: Evasion moves are banned\n|rule|Evasion Abilities Clause: Evasion abilities are banned\n|rule|Species Clause: Limit one of each Pok\u00e9mon\n|rule|Gravity Sleep Clause: The combination of sleep-inducing moves with imperfect accuracy and Gravity or Gigantamax Orbeetle are banned\n|clearpoke\n|poke|p1|Grimmsnarl, M|\n|poke|p1|Hatterene, F|\n|poke|p1|Azumarill, M|\n|poke|p1|Mawile, F|\n|poke|p1|Weezing-Galar, M|\n|poke|p1|Flutter Mane|\n|poke|p2|Ninetales-Alola, F|\n|poke|p2|Milotic, M|\n|poke|p2|Sinistcha-Masterpiece|\n|poke|p2|Zapdos|\n|poke|p2|Garchomp, F|\n|poke|p2|Incineroar, F|\n|teampreview\n|j| Arnaenaed\n|j| s.daninja\n|\n|t:|1698556794\n|start\n|switch|p1a: Grimmsnarl|Grimmsnarl, M|100\/100\n|switch|p1b: Hatterene|Hatterene, F|100\/100\n|switch|p2a: Gatito|Incineroar, F|100\/100\n|switch|p2b: Garrita|Garchomp, F|100\/100\n|turn|1\n|c|\u2606Mistery Gold|Me siento mal :(\n|c|\u2606Mistery Gold|Voy a morir\n|\n|t:|1698556818\n|detailschange|p2b: Garrita|Garchomp-Mega, F\n|-mega|p2b: Garrita|Garchomp|Garchompite\n|move|p1b: Hatterene|Protect|p1b: Hatterene\n|-singleturn|p1b: Hatterene|Protect\n|move|p2a: Gatito|Fake Out|p1b: Hatterene\n|-activate|p1b: Hatterene|move: Protect\n|move|p1a: Grimmsnarl|Reflect|p1a: Grimmsnarl\n|-sidestart|p1: PIBE MISTERIOSO|Reflect\n|move|p2b: Garrita|Swords Dance|p2b: Garrita\n|-boost|p2b: Garrita|atk|2\n|\n|upkeep\n|turn|2\n|c| s.daninja|Vamos pibe misterioso tu le ganas\n|\n|t:|1698556835\n|move|p1a: Grimmsnarl|Parting Shot|p2b: Garrita\n|-unboost|p2b: Garrita|atk|1\n|-unboost|p2b: Garrita|spa|1\n|c| s.daninja|Confio en ti pibito\n|\n|t:|1698556846\n|switch|p1a: Mawile|Mawile, F|100\/100|[from] Parting Shot\n|-ability|p1a: Mawile|Intimidate|boost\n|-unboost|p2a: Gatito|atk|1\n|-unboost|p2b: Garrita|atk|1\n|move|p2b: Garrita|Iron Head|p1a: Mawile\n|-damage|p1a: Mawile|66\/100\n|-zpower|p2a: Gatito\n|move|p2a: Gatito|Malicious Moonsault|p1b: Hatterene|[zeffect]\n|-damage|p1b: Hatterene|62\/100\n|move|p1b: Hatterene|Trick Room|p1b: Hatterene\n|-fieldstart|move: Trick Room|[of] p1b: Hatterene\n|\n|-heal|p1b: Hatterene|68\/100|[from] item: Leftovers\n|upkeep\n|turn|3\n|c|\u2606Mistery Gold|:(\n|c| s.daninja|Gold dijo que ese mega mawile no le ocasiono problemas\n|c| s.daninja|Veamos a hora\n|\n|t:|1698556888\n|switch|p1b: Azumarill|Azumarill, M|100\/100\n|detailschange|p1a: Mawile|Mawile-Mega, F\n|-mega|p1a: Mawile|Mawile|Mawilite\n|move|p1a: Mawile|Ice Punch|p2b: Garrita\n|-supereffective|p2b: Garrita\n|-damage|p2b: Garrita|0 fnt\n|faint|p2b: Garrita\n|move|p2a: Gatito|Blaze Kick|p1a: Mawile\n|-supereffective|p1a: Mawile\n|-damage|p1a: Mawile|32\/100\n|\n|upkeep\n|c| s.daninja|Wtf pibe misterioso te regalaste\n|\n|t:|1698556906\n|switch|p2b: Acualina|Milotic, M|100\/100\n|turn|4\n|j| Draco D Axel\n|\n|t:|1698556920\n|move|p1b: Azumarill|Belly Drum|p1b: Azumarill\n|-damage|p1b: Azumarill|50\/100\n|-setboost|p1b: Azumarill|atk|6|[from] move: Belly Drum\n|-enditem|p1b: Azumarill|Sitrus Berry|[eat]\n|-heal|p1b: Azumarill|75\/100|[from] item: Sitrus Berry\n|move|p1a: Mawile|Thunder Punch|p2b: Acualina\n|-supereffective|p2b: Acualina\n|-damage|p2b: Acualina|0 fnt\n|faint|p2b: Acualina\n|move|p2a: Gatito|Iron Head|p1b: Azumarill\n|-damage|p1b: Azumarill|63\/100\n|\n|upkeep\n|c| s.daninja|Que feo cojidon ponte condon almenos\n|\n|t:|1698556942\n|switch|p2b: Se\u00f1or taza|Sinistcha-Masterpiece|100\/100\n|turn|5\n|\n|t:|1698556953\n|move|p1b: Azumarill|Aqua Jet|p2a: Gatito\n|-supereffective|p2a: Gatito\n|-damage|p2a: Gatito|0 fnt\n|faint|p2a: Gatito\n|move|p1a: Mawile|Ice Punch|p2b: Se\u00f1or taza\n|-supereffective|p2b: Se\u00f1or taza\n|-damage|p2b: Se\u00f1or taza|0 fnt\n|faint|p2b: Se\u00f1or taza\n|\n|upkeep\n|c| s.daninja|Gold?\n|c|\u2606Mistery Gold|:(\n|c| s.daninja|Vaya esto confirma todo\n|c|\u2606Mistery Gold|No tengo ganas :(\n|\n|t:|1698556982\n|switch|p2b: Tiara|Ninetales-Alola, F|100\/100\n|switch|p2a: Ave elect .|Zapdos|100\/100\n|-weather|Snow|[from] ability: Snow Warning|[of] p2b: Tiara\n|turn|6\n|c| s.daninja|Tiktak gold\n|c| s.daninja|Acaba el combate\n|\n|t:|1698557005\n|move|p1a: Mawile|Rock Slide|p2b: Tiara|[spread] p2a,p2b\n|-supereffective|p2a: Ave elect .\n|-supereffective|p2b: Tiara\n|-damage|p2a: Ave elect .|34\/100\n|-damage|p2b: Tiara|26\/100\n|move|p1b: Azumarill|Play Rough|p2a: Ave elect .|[miss]\n|-miss|p1b: Azumarill|p2a: Ave elect .\n|move|p2a: Ave elect .|Roost|p2a: Ave elect .\n|-heal|p2a: Ave elect .|85\/100\n|-singleturn|p2a: Ave elect .|move: Roost\n|move|p2b: Tiara|Freeze-Dry|p1b: Azumarill\n|-supereffective|p1b: Azumarill\n|-damage|p1b: Azumarill|1\/100\n|\n|-weather|Snow|[upkeep]\n|-fieldend|move: Trick Room\n|upkeep\n|turn|7\n|c| s.daninja|:0 remontada \u00e9pica\n|\n|t:|1698557032\n|move|p1b: Azumarill|Aqua Jet|p2b: Tiara\n|-damage|p2b: Tiara|0 fnt\n|faint|p2b: Tiara\n|move|p2a: Ave elect .|Defog|p1a: Mawile\n|-unboost|p1a: Mawile|evasion|1\n|-sideend|p1: PIBE MISTERIOSO|Reflect\n|move|p1a: Mawile|Ice Punch|p2a: Ave elect .\n|-supereffective|p2a: Ave elect .\n|-damage|p2a: Ave elect .|0 fnt\n|faint|p2a: Ave elect .\n|\n|win|PIBE MISTERIOSO\n|c| s.daninja|Zzz\n|c|\u2606PIBE MISTERIOSO|le queda 2 tries\n|c|\u2606Mistery Gold|:(\n|c| s.daninja|Gold peleemos\n","uploadtime":1698557066,"views":14,"p1id":"pibemisterioso","p2id":"misterygold","formatid":"gen9nationaldexdoubles","rating":0,"private":0,"password":""}