{"id":"gen9nationaldexdoubles-1966945234","p1":"Rey_The_Savage","p2":"fumbari 24","format":"[Gen 9] National Dex Doubles","log":"|j|\u2606Rey_The_Savage\n|j|\u2606fumbari 24\n|t:|1697236523\n|gametype|doubles\n|player|p1|Rey_The_Savage|ethan|1294\n|player|p2|fumbari 24|hilbert|1370\n|teamsize|p1|6\n|teamsize|p2|6\n|gen|9\n|tier|[Gen 9] National Dex Doubles\n|rated|\n|rule|HP Percentage Mod: HP is shown in percentages\n|rule|Endless Battle Clause: Forcing endless battles is banned\n|rule|OHKO Clause: OHKO moves are banned\n|rule|Evasion Moves Clause: Evasion moves are banned\n|rule|Evasion Abilities Clause: Evasion abilities are banned\n|rule|Species Clause: Limit one of each Pok\u00e9mon\n|rule|Gravity Sleep Clause: The combination of sleep-inducing moves with imperfect accuracy and Gravity or Gigantamax Orbeetle are banned\n|clearpoke\n|poke|p1|Ogerpon-Wellspring, F|\n|poke|p1|Pelipper, F|\n|poke|p1|Amoonguss, F|\n|poke|p1|Barraskewda, M|\n|poke|p1|Rhyperior, M|\n|poke|p1|Thundurus, M|\n|poke|p2|Kommo-o, M|\n|poke|p2|Clefairy, F|\n|poke|p2|Volcanion|\n|poke|p2|Sinistcha|\n|poke|p2|Gardevoir, F|\n|poke|p2|Gallade, M|\n|teampreview\n|inactive|Battle timer is ON: inactive players will automatically lose when time's up. (requested by Rey_The_Savage)\n|inactive|fumbari 24 has 120 seconds left.\n|l|\u2606fumbari 24\n|inactive|fumbari 24 disconnected and has a minute to reconnect!\n|player|p2|\n|j|\u2606fumbari 24\n|inactive|fumbari 24 reconnected and has 110 seconds left.\n|player|p2|fumbari 24|hilbert\n|\n|t:|1697236638\n|start\n|switch|p1a: Thundurus|Thundurus, M, shiny|100\/100\n|switch|p1b: Amoonguss|Amoonguss, F|100\/100\n|switch|p2a: Yohken|Kommo-o, M|100\/100\n|switch|p2b: Mo Ye|Gardevoir, F|100\/100\n|-ability|p2b: Mo Ye|Regenerator|[from] ability: Trace|[of] p1b: Amoonguss\n|turn|1\n|inactive|Rey_The_Savage has 120 seconds left.\n|\n|t:|1697236678\n|detailschange|p2b: Mo Ye|Gardevoir-Mega, F\n|-mega|p2b: Mo Ye|Gardevoir|Gardevoirite\n|move|p1a: Thundurus|Taunt|p2b: Mo Ye\n|-start|p2b: Mo Ye|move: Taunt\n|move|p2b: Mo Ye|Psyshock|p1b: Amoonguss\n|-supereffective|p1b: Amoonguss\n|-damage|p1b: Amoonguss|35\/100\n|-enditem|p1b: Amoonguss|Sitrus Berry|[eat]\n|-heal|p1b: Amoonguss|60\/100|[from] item: Sitrus Berry\n|-zpower|p2a: Yohken\n|move|p2a: Yohken|Clangorous Soulblaze|p1a: Thundurus|[zeffect]|[spread] p1a,p1b\n|-damage|p1a: Thundurus|18\/100\n|-damage|p1b: Amoonguss|0 fnt\n|faint|p1b: Amoonguss\n|-boost|p2a: Yohken|atk|1\n|-boost|p2a: Yohken|def|1\n|-boost|p2a: Yohken|spa|1\n|-boost|p2a: Yohken|spd|1\n|-boost|p2a: Yohken|spe|1\n|\n|upkeep\n|\n|t:|1697236701\n|switch|p1b: Pelipper|Pelipper, F, shiny|100\/100\n|-weather|RainDance|[from] ability: Drizzle|[of] p1b: Pelipper\n|turn|2\n|\n|t:|1697236712\n|move|p1a: Thundurus|Scary Face|p2a: Yohken\n|-unboost|p2a: Yohken|spe|2\n|move|p2b: Mo Ye|Hyper Voice|p1a: Thundurus|[spread] p1a,p1b\n|-damage|p1a: Thundurus|0 fnt\n|-damage|p1b: Pelipper|33\/100\n|faint|p1a: Thundurus\n|move|p1b: Pelipper|U-turn|p2b: Mo Ye\n|-damage|p2b: Mo Ye|91\/100\n|\n|t:|1697236723\n|switch|p1b: Barraskewda|Barraskewda, M|100\/100|[from] U-turn\n|move|p2a: Yohken|Clanging Scales|p1b: Barraskewda\n|-damage|p1b: Barraskewda|0 fnt\n|faint|p1b: Barraskewda\n|-unboost|p2a: Yohken|def|1\n|\n|-weather|RainDance|[upkeep]\n|upkeep\n|inactive|Rey_The_Savage has 90 seconds left.\n|\n|t:|1697236744\n|switch|p1b: Pelipper|Pelipper, F, shiny|33\/100\n|switch|p1a: Ogerpon|Ogerpon-Wellspring, F|100\/100\n|turn|3\n|\n|t:|1697236754\n|-terastallize|p1a: Ogerpon|Water\n|detailschange|p1a: Ogerpon|Ogerpon-Wellspring-Tera, F, tera:Water\n|-ability|p1a: Ogerpon|Embody Aspect (Wellspring)|boost\n|-boost|p1a: Ogerpon|spd|1\n|move|p1a: Ogerpon|Swords Dance|p1a: Ogerpon\n|-boost|p1a: Ogerpon|atk|2\n|move|p2b: Mo Ye|Hyper Voice|p1a: Ogerpon|[spread] p1a,p1b\n|-damage|p1a: Ogerpon|78\/100\n|-damage|p1b: Pelipper|0 fnt\n|faint|p1b: Pelipper\n|move|p2a: Yohken|Clanging Scales|p1a: Ogerpon\n|-damage|p1a: Ogerpon|42\/100\n|-unboost|p2a: Yohken|def|1\n|\n|-weather|RainDance|[upkeep]\n|-end|p2b: Mo Ye|move: Taunt\n|upkeep\n|\n|t:|1697236764\n|switch|p1b: Rhyperior|Rhyperior, M|100\/100\n|turn|4\n|inactive|Rey_The_Savage has 120 seconds left.\n|\n|t:|1697236777\n|move|p1a: Ogerpon|Ivy Cudgel|p2b: Mo Ye\n|-damage|p2b: Mo Ye|0 fnt\n|faint|p2b: Mo Ye\n|move|p2a: Yohken|Clanging Scales|p1b: Rhyperior|[spread] p1a,p1b\n|-damage|p1a: Ogerpon|14\/100\n|-damage|p1b: Rhyperior|20\/100\n|-unboost|p2a: Yohken|def|1\n|move|p1b: Rhyperior|Rock Slide|p2a: Yohken\n|-resisted|p2a: Yohken\n|-damage|p2a: Yohken|71\/100\n|\n|-weather|RainDance|[upkeep]\n|-heal|p1b: Rhyperior|27\/100|[from] item: Leftovers\n|upkeep\n|\n|t:|1697236799\n|switch|p2b: Taia|Clefairy, F|100\/100\n|turn|5\n|\n|t:|1697236821\n|move|p2b: Taia|Follow Me|p2b: Taia\n|-singleturn|p2b: Taia|move: Follow Me\n|move|p1a: Ogerpon|Ivy Cudgel|p2b: Taia\n|-damage|p2b: Taia|0 fnt\n|faint|p2b: Taia\n|move|p2a: Yohken|Clanging Scales|p1a: Ogerpon|[spread] p1a,p1b\n|-damage|p1a: Ogerpon|0 fnt\n|-damage|p1b: Rhyperior|0 fnt\n|faint|p1a: Ogerpon\n|faint|p1b: Rhyperior\n|\n|win|fumbari 24\n|raw|Rey_The_Savage's rating: 1294 &rarr; <strong>1274<\/strong><br \/>(-20 for losing)\n|raw|fumbari 24's rating: 1370 &rarr; <strong>1386<\/strong><br \/>(+16 for winning)\n|l|\u2606Rey_The_Savage\n","uploadtime":1697236833,"views":7,"p1id":"reythesavage","p2id":"fumbari24","formatid":"gen9nationaldexdoubles","rating":1274,"private":0,"password":""}