{"id":"gen9nationaldexdoubles-1997201366","p1":"Holfrost","p2":"thatsrealnito2","format":"[Gen 9] National Dex Doubles","log":"|j|\u2606Holfrost\n|j|\u2606thatsrealnito2\n|t:|1700774979\n|gametype|doubles\n|player|p1|Holfrost|ghetsis|\n|player|p2|thatsrealnito2|iris-gen5bw2|\n|teamsize|p1|6\n|teamsize|p2|6\n|gen|9\n|tier|[Gen 9] National Dex Doubles\n|rule|HP Percentage Mod: HP is shown in percentages\n|rule|Endless Battle Clause: Forcing endless battles is banned\n|rule|OHKO Clause: OHKO moves are banned\n|rule|Evasion Moves Clause: Evasion moves are banned\n|rule|Evasion Abilities Clause: Evasion abilities are banned\n|rule|Species Clause: Limit one of each Pok\u00e9mon\n|rule|Gravity Sleep Clause: The combination of sleep-inducing moves with imperfect accuracy and Gravity or Gigantamax Orbeetle are banned\n|clearpoke\n|poke|p1|Alakazam, M|\n|poke|p1|Buzzwole|\n|poke|p1|Rhyperior, M|\n|poke|p1|Articuno-Galar|\n|poke|p1|Tyranitar, M|\n|poke|p1|Houndstone, M|\n|poke|p2|Lycanroc-Dusk, M|\n|poke|p2|Palossand, M|\n|poke|p2|Scrafty, M|\n|poke|p2|Garbodor, M|\n|poke|p2|Farigiraf, M|\n|poke|p2|Ninjask, M|\n|teampreview\n|\n|t:|1700775007\n|start\n|switch|p1a: Articuno|Articuno-Galar|100\/100\n|switch|p1b: Rhyperior|Rhyperior, M|100\/100\n|switch|p2a: Two Bros|Farigiraf, M|100\/100\n|switch|p2b: Trash man|Garbodor, M, shiny|100\/100\n|turn|1\n|\n|t:|1700775028\n|move|p1a: Articuno|Calm Mind|p1a: Articuno\n|-boost|p1a: Articuno|spa|1\n|-boost|p1a: Articuno|spd|1\n|move|p2b: Trash man|Toxic Spikes|p1b: Rhyperior\n|-sidestart|p1: Holfrost|move: Toxic Spikes\n|move|p1b: Rhyperior|Earthquake|p2b: Trash man|[spread] p2a,p2b\n|-immune|p1a: Articuno\n|-supereffective|p2b: Trash man\n|-damage|p2a: Two Bros|58\/100\n|-damage|p2b: Trash man|13\/100\n|move|p2a: Two Bros|Trick Room|p2a: Two Bros\n|-fieldstart|move: Trick Room|[of] p2a: Two Bros\n|\n|-heal|p2b: Trash man|19\/100|[from] item: Black Sludge\n|upkeep\n|turn|2\n|\n|t:|1700775051\n|move|p2a: Two Bros|Protect|p2a: Two Bros\n|-singleturn|p2a: Two Bros|Protect\n|move|p1b: Rhyperior|Stone Edge|p2a: Two Bros\n|-activate|p2a: Two Bros|move: Protect\n|move|p2b: Trash man|Pain Split|p1a: Articuno\n|-sethp|p1a: Articuno|61\/100|[from] move: Pain Split|[silent]\n|-sethp|p2b: Trash man|54\/100|[from] move: Pain Split\n|move|p1a: Articuno|Freezing Glare|p2b: Trash man\n|-supereffective|p2b: Trash man\n|-crit|p2b: Trash man\n|-damage|p2b: Trash man|0 fnt\n|faint|p2b: Trash man\n|\n|upkeep\n|\n|t:|1700775064\n|switch|p2b: Pebbles|Lycanroc-Dusk, M|100\/100\n|turn|3\n|\n|t:|1700775080\n|move|p1b: Rhyperior|Earthquake|p2a: Two Bros|[spread] p2a,p2b\n|-immune|p1a: Articuno\n|-supereffective|p2b: Pebbles\n|-damage|p2a: Two Bros|15\/100\n|-damage|p2b: Pebbles|0 fnt\n|-enditem|p2a: Two Bros|Sitrus Berry|[eat]\n|-heal|p2a: Two Bros|40\/100|[from] item: Sitrus Berry\n|faint|p2b: Pebbles\n|move|p2a: Two Bros|Psychic|p1b: Rhyperior\n|-damage|p1b: Rhyperior|56\/100\n|-zpower|p1a: Articuno\n|move|p1a: Articuno|Supersonic Skystrike|p2a: Two Bros|[zeffect]\n|-crit|p2a: Two Bros\n|-damage|p2a: Two Bros|0 fnt\n|faint|p2a: Two Bros\n|\n|upkeep\n|\n|t:|1700775096\n|switch|p2a: Sandy|Palossand, M, shiny|100\/100\n|switch|p2b: Skull|Scrafty, M|100\/100\n|turn|4\n|\n|t:|1700775107\n|move|p2a: Sandy|Shadow Ball|p1a: Articuno\n|-supereffective|p1a: Articuno\n|-damage|p1a: Articuno|23\/100\n|move|p1b: Rhyperior|Stone Edge|p2a: Sandy\n|-resisted|p2a: Sandy\n|-damage|p2a: Sandy|85\/100\n|move|p2b: Skull|Drain Punch|p1b: Rhyperior\n|-supereffective|p1b: Rhyperior\n|-damage|p1b: Rhyperior|34\/100\n|move|p1a: Articuno|Hurricane|p2b: Skull\n|-supereffective|p2b: Skull\n|-damage|p2b: Skull|0 fnt\n|faint|p2b: Skull\n|\n|upkeep\n|\n|t:|1700775119\n|switch|p2b: Nuggut|Ninjask, M, shiny|100\/100\n|turn|5\n|\n|t:|1700775131\n|move|p2a: Sandy|Shadow Ball|p1a: Articuno\n|-supereffective|p1a: Articuno\n|-damage|p1a: Articuno|0 fnt\n|faint|p1a: Articuno\n|move|p1b: Rhyperior|Earthquake|p2a: Sandy|[spread] p2a\n|-immune|p2b: Nuggut\n|-damage|p2a: Sandy|61\/100\n|move|p2b: Nuggut|Dig||[still]\n|-prepare|p2b: Nuggut|Dig\n|\n|-fieldend|move: Trick Room\n|-ability|p2b: Nuggut|Speed Boost|boost\n|-boost|p2b: Nuggut|spe|1\n|upkeep\n|\n|t:|1700775147\n|switch|p1a: Tyranitar|Tyranitar, M|100\/100\n|-status|p1a: Tyranitar|psn\n|-weather|Sandstorm|[from] ability: Sand Stream|[of] p1a: Tyranitar\n|turn|6\n|\n|t:|1700775176\n|detailschange|p1a: Tyranitar|Tyranitar-Mega, M\n|-mega|p1a: Tyranitar|Tyranitar|Tyranitarite\n|move|p2b: Nuggut|Dig|p1b: Rhyperior|[from]lockedmove\n|-supereffective|p1b: Rhyperior\n|-crit|p1b: Rhyperior\n|-damage|p1b: Rhyperior|0 fnt\n|faint|p1b: Rhyperior\n|move|p1a: Tyranitar|Dragon Dance|p1a: Tyranitar\n|-boost|p1a: Tyranitar|atk|1\n|-boost|p1a: Tyranitar|spe|1\n|move|p2a: Sandy|Shore Up|p2a: Sandy\n|-heal|p2a: Sandy|100\/100\n|\n|-weather|Sandstorm|[upkeep]\n|-damage|p2b: Nuggut|94\/100|[from] Sandstorm\n|-damage|p1a: Tyranitar|88\/100 psn|[from] psn\n|-ability|p2b: Nuggut|Speed Boost|boost\n|-boost|p2b: Nuggut|spe|1\n|upkeep\n|\n|t:|1700775191\n|switch|p1b: Buzzwole|Buzzwole|100\/100\n|-status|p1b: Buzzwole|psn\n|turn|7\n|\n|t:|1700775261\n|-terastallize|p1b: Buzzwole|Bug\n|-terastallize|p2a: Sandy|Water\n|move|p2b: Nuggut|Dig||[still]\n|-prepare|p2b: Nuggut|Dig\n|move|p1a: Tyranitar|Fire Punch|p2b: Nuggut|[miss]\n|-miss|p1a: Tyranitar|p2b: Nuggut\n|move|p1b: Buzzwole|Ice Punch|p2a: Sandy\n|-resisted|p2a: Sandy\n|-damage|p2a: Sandy|93\/100\n|-status|p2a: Sandy|frz\n|cant|p2a: Sandy|frz\n|\n|-weather|Sandstorm|[upkeep]\n|-damage|p1b: Buzzwole|94\/100 psn|[from] Sandstorm\n|-damage|p2a: Sandy|87\/100 frz|[from] Sandstorm\n|-damage|p1a: Tyranitar|76\/100 psn|[from] psn\n|-damage|p1b: Buzzwole|82\/100 psn|[from] psn\n|-ability|p2b: Nuggut|Speed Boost|boost\n|-boost|p2b: Nuggut|spe|1\n|upkeep\n|turn|8\n|\n|t:|1700775289\n|switch|p1b: Alakazam|Alakazam, M|100\/100\n|-status|p1b: Alakazam|psn\n|move|p2b: Nuggut|Dig|p1b: Alakazam|[from]lockedmove\n|-damage|p1b: Alakazam|43\/100 psn\n|move|p1a: Tyranitar|Fire Punch|p2b: Nuggut\n|-supereffective|p2b: Nuggut\n|-damage|p2b: Nuggut|0 fnt\n|faint|p2b: Nuggut\n|-curestatus|p2a: Sandy|frz|[msg]\n|move|p2a: Sandy|Earth Power|p1a: Tyranitar\n|-supereffective|p1a: Tyranitar\n|-damage|p1a: Tyranitar|41\/100 psn\n|\n|-weather|Sandstorm|[upkeep]\n|-damage|p2a: Sandy|81\/100|[from] Sandstorm\n|-damage|p1a: Tyranitar|28\/100 psn|[from] psn\n|upkeep\n|turn|9\n|\n|t:|1700775315\n|move|p1a: Tyranitar|Stone Edge|p2a: Sandy\n|-damage|p2a: Sandy|24\/100\n|move|p1b: Alakazam|Psychic|p2a: Sandy\n|-damage|p2a: Sandy|0 fnt\n|faint|p2a: Sandy\n|\n|win|Holfrost\n","uploadtime":1700775322,"views":4,"p1id":"holfrost","p2id":"thatsrealnito2","formatid":"gen9nationaldexdoubles","rating":0,"private":0,"password":""}