{"id":"gen9nationaldexdoubles-1961362462","p1":"SatoriTenshi","p2":"ElectroShibe","format":"[Gen 9] National Dex Doubles","log":"|j|\u2606SatoriTenshi\n|j|\u2606ElectroShibe\n|t:|1696618681\n|gametype|doubles\n|player|p1|SatoriTenshi|red|\n|player|p2|ElectroShibe|265|\n|teamsize|p1|6\n|teamsize|p2|6\n|gen|9\n|tier|[Gen 9] National Dex Doubles\n|rule|HP Percentage Mod: HP is shown in percentages\n|rule|Endless Battle Clause: Forcing endless battles is banned\n|rule|OHKO Clause: OHKO moves are banned\n|rule|Evasion Moves Clause: Evasion moves are banned\n|rule|Evasion Abilities Clause: Evasion abilities are banned\n|rule|Species Clause: Limit one of each Pok\u00e9mon\n|rule|Gravity Sleep Clause: The combination of sleep-inducing moves with imperfect accuracy and Gravity or Gigantamax Orbeetle are banned\n|clearpoke\n|poke|p1|Regieleki|\n|poke|p1|Pincurchin, F|\n|poke|p1|Blaziken, M|\n|poke|p1|Weavile, F|\n|poke|p1|Torkoal, F|\n|poke|p1|Meowscarada, F|\n|poke|p2|Ninetales, M|\n|poke|p2|Ceruledge, M|\n|poke|p2|Arcanine-Hisui, F|\n|poke|p2|Leafeon, F|\n|poke|p2|Amoonguss, M|\n|poke|p2|Victini|\n|teampreview\n|\n|t:|1696618715\n|start\n|switch|p1a: Blaziken|Blaziken, M|100\/100\n|switch|p1b: Torkoal|Torkoal, F|100\/100\n|switch|p2a: Blossom|Leafeon, F|100\/100\n|switch|p2b: SUS|Amoonguss, M|100\/100\n|-weather|SunnyDay|[from] ability: Drought|[of] p1b: Torkoal\n|turn|1\n|\n|t:|1696618732\n|detailschange|p1a: Blaziken|Blaziken-Mega, M\n|-mega|p1a: Blaziken|Blaziken|Blazikenite\n|move|p1a: Blaziken|Protect|p1a: Blaziken\n|-singleturn|p1a: Blaziken|Protect\n|move|p2b: SUS|Rage Powder|p2b: SUS\n|-singleturn|p2b: SUS|move: Rage Powder\n|move|p2a: Blossom|Swords Dance|p2a: Blossom\n|-boost|p2a: Blossom|atk|2\n|move|p1b: Torkoal|Yawn|p2b: SUS\n|-start|p2b: SUS|move: Yawn|[of] p1b: Torkoal\n|\n|-weather|SunnyDay|[upkeep]\n|-ability|p1a: Blaziken|Speed Boost|boost\n|-boost|p1a: Blaziken|spe|1\n|upkeep\n|turn|2\n|\n|t:|1696618781\n|move|p1a: Blaziken|Protect||[still]\n|-fail|p1a: Blaziken\n|move|p2a: Blossom|Solar Blade||[still]\n|-prepare|p2a: Blossom|Solar Blade\n|-anim|p2a: Blossom|Solar Blade|p1a: Blaziken\n|-resisted|p1a: Blaziken\n|-damage|p1a: Blaziken|20\/100\n|move|p1b: Torkoal|Stealth Rock|p2a: Blossom\n|-sidestart|p2: ElectroShibe|move: Stealth Rock\n|move|p2b: SUS|Spore|p1a: Blaziken\n|-status|p1a: Blaziken|slp|[from] move: Spore\n|\n|-weather|SunnyDay|[upkeep]\n|-end|p2b: SUS|move: Yawn|[silent]\n|-status|p2b: SUS|slp\n|-ability|p1a: Blaziken|Speed Boost|boost\n|-boost|p1a: Blaziken|spe|1\n|upkeep\n|turn|3\n|\n|t:|1696618831\n|switch|p2b: Amaterasu|Arcanine-Hisui, F|100\/100\n|-damage|p2b: Amaterasu|75\/100|[from] Stealth Rock\n|cant|p1a: Blaziken|slp\n|move|p2a: Blossom|Solar Blade||[still]\n|-prepare|p2a: Blossom|Solar Blade\n|-anim|p2a: Blossom|Solar Blade|p1b: Torkoal\n|-resisted|p1b: Torkoal\n|-damage|p1b: Torkoal|61\/100\n|move|p1b: Torkoal|Curse|p1b: Torkoal\n|-unboost|p1b: Torkoal|spe|1\n|-boost|p1b: Torkoal|atk|1\n|-boost|p1b: Torkoal|def|1\n|\n|-weather|SunnyDay|[upkeep]\n|-ability|p1a: Blaziken|Speed Boost|boost\n|-boost|p1a: Blaziken|spe|1\n|upkeep\n|turn|4\n|\n|t:|1696618879\n|-curestatus|p1a: Blaziken|slp|[msg]\n|move|p1a: Blaziken|Protect|p1a: Blaziken\n|-singleturn|p1a: Blaziken|Protect\n|move|p2a: Blossom|Solar Blade||[still]\n|-prepare|p2a: Blossom|Solar Blade\n|-anim|p2a: Blossom|Solar Blade|p1b: Torkoal\n|-resisted|p1b: Torkoal\n|-damage|p1b: Torkoal|32\/100\n|move|p2b: Amaterasu|Flame Charge|p1a: Blaziken\n|-activate|p1a: Blaziken|move: Protect\n|move|p1b: Torkoal|Rapid Spin|p2a: Blossom\n|-damage|p2a: Blossom|86\/100\n|-boost|p1b: Torkoal|spe|1\n|\n|-weather|SunnyDay|[upkeep]\n|-ability|p1a: Blaziken|Speed Boost|boost\n|-boost|p1a: Blaziken|spe|1\n|upkeep\n|turn|5\n|\n|t:|1696618900\n|move|p2b: Amaterasu|Extreme Speed|p1a: Blaziken\n|-crit|p1a: Blaziken\n|-damage|p1a: Blaziken|0 fnt\n|faint|p1a: Blaziken\n|move|p2a: Blossom|Solar Blade||[still]\n|-prepare|p2a: Blossom|Solar Blade\n|-anim|p2a: Blossom|Solar Blade|p1b: Torkoal\n|-resisted|p1b: Torkoal\n|-damage|p1b: Torkoal|4\/100\n|move|p1b: Torkoal|Yawn|p2b: Amaterasu\n|-start|p2b: Amaterasu|move: Yawn|[of] p1b: Torkoal\n|\n|-weather|SunnyDay|[upkeep]\n|upkeep\n|\n|t:|1696618912\n|switch|p1a: Weavile|Weavile, F|100\/100\n|turn|6\n|\n|t:|1696618932\n|switch|p2b: Shiru|Victini|100\/100\n|-damage|p2b: Shiru|76\/100|[from] Stealth Rock\n|move|p1a: Weavile|Ice Shard|p2a: Blossom\n|-supereffective|p2a: Blossom\n|-crit|p2a: Blossom\n|-damage|p2a: Blossom|27\/100\n|-enditem|p2a: Blossom|Sitrus Berry|[eat]\n|-heal|p2a: Blossom|51\/100|[from] item: Sitrus Berry\n|move|p2a: Blossom|Solar Blade||[still]\n|-prepare|p2a: Blossom|Solar Blade\n|-anim|p2a: Blossom|Solar Blade|p1b: Torkoal\n|-resisted|p1b: Torkoal\n|-damage|p1b: Torkoal|0 fnt\n|faint|p1b: Torkoal\n|\n|-weather|SunnyDay|[upkeep]\n|-heal|p2b: Shiru|82\/100|[from] item: Leftovers\n|upkeep\n|\n|t:|1696618960\n|switch|p1b: Pincurchin|Pincurchin, F|100\/100\n|-fieldstart|move: Electric Terrain|[from] ability: Electric Surge|[of] p1b: Pincurchin\n|turn|7\n|\n|t:|1696618984\n|move|p1a: Weavile|Ice Shard|p2a: Blossom\n|-supereffective|p2a: Blossom\n|-damage|p2a: Blossom|13\/100\n|move|p2a: Blossom|Solar Blade||[still]\n|-prepare|p2a: Blossom|Solar Blade\n|-anim|p2a: Blossom|Solar Blade|p1a: Weavile\n|-damage|p1a: Weavile|0 fnt\n|faint|p1a: Weavile\n|move|p2b: Shiru|Searing Shot|p1b: Pincurchin|[spread] p2a,p1b\n|-supereffective|p2a: Blossom\n|-damage|p2a: Blossom|0 fnt\n|-damage|p1b: Pincurchin|25\/100\n|faint|p2a: Blossom\n|move|p1b: Pincurchin|Spikes|p2b: Shiru\n|-sidestart|p2: ElectroShibe|Spikes\n|\n|-weather|SunnyDay|[upkeep]\n|-heal|p2b: Shiru|88\/100|[from] item: Leftovers\n|upkeep\n|\n|t:|1696619000\n|switch|p1a: Regieleki|Regieleki|100\/100\n|switch|p2a: Funny|Ceruledge, M|100\/100\n|-damage|p2a: Funny|76\/100|[from] Stealth Rock\n|-damage|p2a: Funny|63\/100|[from] Spikes\n|turn|8\n|\n|t:|1696619036\n|move|p2a: Funny|Shadow Sneak|p1a: Regieleki\n|-damage|p1a: Regieleki|63\/100\n|move|p1a: Regieleki|Thunderbolt|p2a: Funny\n|-damage|p2a: Funny|0 fnt\n|faint|p2a: Funny\n|move|p2b: Shiru|Searing Shot|p1a: Regieleki|[spread] p1a,p1b\n|-damage|p1a: Regieleki|0 fnt\n|-damage|p1b: Pincurchin|0 fnt\n|faint|p1a: Regieleki\n|faint|p1b: Pincurchin\n|\n|-weather|none\n|-heal|p2b: Shiru|94\/100|[from] item: Leftovers\n|upkeep\n|\n|t:|1696619049\n|switch|p1a: Meowscarada|Meowscarada, F|100\/100\n|switch|p2a: Amaterasu|Arcanine-Hisui, F|75\/100\n|-damage|p2a: Amaterasu|50\/100|[from] Stealth Rock\n|-damage|p2a: Amaterasu|38\/100|[from] Spikes\n|turn|9\n|\n|t:|1696619068\n|move|p1a: Meowscarada|Sucker Punch|p2a: Amaterasu\n|-damage|p2a: Amaterasu|0 fnt\n|faint|p2a: Amaterasu\n|move|p2b: Shiru|Searing Shot|p1a: Meowscarada\n|-supereffective|p1a: Meowscarada\n|-enditem|p1a: Meowscarada|Focus Sash\n|-damage|p1a: Meowscarada|1\/100\n|\n|-heal|p2b: Shiru|99\/100|[from] item: Leftovers\n|upkeep\n|\n|t:|1696619081\n|switch|p2a: Helios|Ninetales, M|100\/100\n|-damage|p2a: Helios|76\/100|[from] Stealth Rock\n|-damage|p2a: Helios|64\/100|[from] Spikes\n|-weather|SunnyDay|[from] ability: Drought|[of] p2a: Helios\n|turn|10\n|\n|t:|1696619089\n|move|p1a: Meowscarada|Sucker Punch||[still]\n|-fail|p1a: Meowscarada\n|move|p2b: Shiru|Work Up|p2b: Shiru\n|-boost|p2b: Shiru|atk|1\n|-boost|p2b: Shiru|spa|1\n|move|p2a: Helios|Will-O-Wisp|p1a: Meowscarada\n|-status|p1a: Meowscarada|brn\n|\n|-weather|SunnyDay|[upkeep]\n|-heal|p2b: Shiru|100\/100|[from] item: Leftovers\n|-damage|p1a: Meowscarada|0 fnt|[from] brn\n|faint|p1a: Meowscarada\n|\n|win|ElectroShibe\n|upkeep\n|l|\u2606SatoriTenshi\n","uploadtime":1696619126,"views":5,"p1id":"satoritenshi","p2id":"electroshibe","formatid":"gen9nationaldexdoubles","rating":0,"private":0,"password":""}