{"id":"gen9nationaldexdoubles-1981508730","p1":"Aakw0","p2":"shuijun1\u82cd\u708e\u5203\u9b3c\u4fa0","format":"[Gen 9] National Dex Doubles","log":"|j|\u2606Aakw0\n|j|\u2606shuijun1\u82cd\u708e\u5203\u9b3c\u4fa0\n|t:|1698909151\n|gametype|doubles\n|player|p1|Aakw0|nurse|1051\n|player|p2|shuijun1\u82cd\u708e\u5203\u9b3c\u4fa0|iono|1235\n|teamsize|p1|4\n|teamsize|p2|6\n|gen|9\n|tier|[Gen 9] National Dex Doubles\n|rated|\n|rule|HP Percentage Mod: HP is shown in percentages\n|rule|Endless Battle Clause: Forcing endless battles is banned\n|rule|OHKO Clause: OHKO moves are banned\n|rule|Evasion Moves Clause: Evasion moves are banned\n|rule|Evasion Abilities Clause: Evasion abilities are banned\n|rule|Species Clause: Limit one of each Pok\u00e9mon\n|rule|Gravity Sleep Clause: The combination of sleep-inducing moves with imperfect accuracy and Gravity or Gigantamax Orbeetle are banned\n|clearpoke\n|poke|p1|Lumineon, F|\n|poke|p1|Gastrodon, F|\n|poke|p1|Ninetales-Alola, F|\n|poke|p1|Toxicroak, F|\n|poke|p2|Armarouge, M|\n|poke|p2|Indeedee-F, F|\n|poke|p2|Torkoal, F|\n|poke|p2|Ursaluna-Bloodmoon, M|\n|poke|p2|Slowpoke, M|\n|poke|p2|Hatterene, F|\n|teampreview\n|\n|t:|1698909165\n|start\n|switch|p1a: Lumineon|Lumineon, F|100\/100\n|switch|p1b: Gastrodon|Gastrodon, F|100\/100\n|switch|p2a: Indeedee|Indeedee-F, F|100\/100\n|switch|p2b: Hatterene|Hatterene, F|100\/100\n|-fieldstart|move: Psychic Terrain|[from] ability: Psychic Surge|[of] p2a: Indeedee\n|turn|1\n|inactive|Battle timer is ON: inactive players will automatically lose when time's up. (requested by Aakw0)\n|\n|t:|1698909182\n|move|p2a: Indeedee|Follow Me|p2a: Indeedee\n|-singleturn|p2a: Indeedee|move: Follow Me\n|move|p1a: Lumineon|Toxic|p2a: Indeedee\n|-status|p2a: Indeedee|tox\n|move|p1b: Gastrodon|Surf|p2b: Hatterene|[spread] p2a,p2b\n|-ability|p1a: Lumineon|Storm Drain|boost\n|-boost|p1a: Lumineon|spa|1\n|-damage|p2a: Indeedee|76\/100 tox\n|-damage|p2b: Hatterene|69\/100\n|move|p2b: Hatterene|Trick Room|p2b: Hatterene\n|-fieldstart|move: Trick Room|[of] p2b: Hatterene\n|\n|-damage|p2a: Indeedee|70\/100 tox|[from] psn\n|upkeep\n|turn|2\n|inactive|Aakw0 has 120 seconds left.\n|\n|t:|1698909229\n|switch|p1a: Toxicroak|Toxicroak, F|100\/100\n|move|p2b: Hatterene|Expanding Force|p1b: Gastrodon|[spread] p1a,p1b\n|-supereffective|p1a: Toxicroak\n|-enditem|p1a: Toxicroak|Focus Sash\n|-damage|p1a: Toxicroak|1\/100\n|-damage|p1b: Gastrodon|44\/100\n|move|p1b: Gastrodon|Sludge Wave|p2a: Indeedee|[spread] p1a,p2a,p2b\n|-resisted|p1a: Toxicroak\n|-supereffective|p2b: Hatterene\n|-damage|p1a: Toxicroak|0 fnt\n|-damage|p2a: Indeedee|52\/100 tox\n|-damage|p2b: Hatterene|28\/100\n|faint|p1a: Toxicroak\n|move|p2a: Indeedee|Hyper Voice|p1b: Gastrodon\n|-damage|p1b: Gastrodon|19\/100\n|\n|-heal|p1b: Gastrodon|25\/100|[from] item: Leftovers\n|-damage|p2a: Indeedee|40\/100 tox|[from] psn\n|upkeep\n|-enditem|p2a: Indeedee|Sitrus Berry|[eat]\n|-heal|p2a: Indeedee|65\/100 tox|[from] item: Sitrus Berry\n|\n|t:|1698909246\n|switch|p1a: Ninetales|Ninetales-Alola, F|100\/100\n|-weather|Snow|[from] ability: Snow Warning|[of] p1a: Ninetales\n|turn|3\n|\n|t:|1698909257\n|switch|p2a: Torkoal|Torkoal, F|100\/100\n|-weather|SunnyDay|[from] ability: Drought|[of] p2a: Torkoal\n|-terastallize|p1a: Ninetales|Ice\n|move|p2b: Hatterene|Expanding Force|p1a: Ninetales|[spread] p1a,p1b\n|-damage|p1a: Ninetales|19\/100\n|-damage|p1b: Gastrodon|0 fnt\n|faint|p1b: Gastrodon\n|move|p1a: Ninetales|Blizzard|p2b: Hatterene|[spread] p2b\n|-miss|p1a: Ninetales|p2a: Torkoal\n|-damage|p2b: Hatterene|0 fnt\n|faint|p2b: Hatterene\n|\n|-weather|SunnyDay|[upkeep]\n|upkeep\n|\n|t:|1698909270\n|switch|p2b: Slowpoke|Slowpoke, M|100\/100\n|switch|p1b: Lumineon|Lumineon, F|100\/100\n|turn|4\n|\n|t:|1698909281\n|move|p1a: Ninetales|Protect|p1a: Ninetales\n|-singleturn|p1a: Ninetales|Protect\n|move|p2b: Slowpoke|Skill Swap|p1b: Lumineon\n|-activate|p2b: Slowpoke|move: Skill Swap|Storm Drain|Oblivious|[of] p1b: Lumineon\n|move|p2a: Torkoal|Eruption|p1b: Lumineon|[spread] p1b\n|-activate|p1a: Ninetales|move: Protect\n|-resisted|p1b: Lumineon\n|-damage|p1b: Lumineon|48\/100\n|move|p1b: Lumineon|Tailwind|p1b: Lumineon\n|-sidestart|p1: Aakw0|move: Tailwind\n|\n|-weather|SunnyDay|[upkeep]\n|upkeep\n|turn|5\n|\n|t:|1698909298\n|move|p2b: Slowpoke|Skill Swap|p2a: Torkoal\n|-activate|p2b: Slowpoke|move: Skill Swap|||[of] p2a: Torkoal\n|move|p2a: Torkoal|Eruption|p1a: Ninetales|[spread] p1a,p1b\n|-supereffective|p1a: Ninetales\n|-resisted|p1b: Lumineon\n|-damage|p1a: Ninetales|0 fnt\n|-damage|p1b: Lumineon|2\/100\n|faint|p1a: Ninetales\n|move|p1b: Lumineon|Dazzling Gleam|p2b: Slowpoke|[spread] p2a,p2b\n|-resisted|p2a: Torkoal\n|-damage|p2a: Torkoal|88\/100\n|-damage|p2b: Slowpoke|84\/100\n|-damage|p1b: Lumineon|0 fnt|[from] item: Life Orb\n|faint|p1b: Lumineon\n|\n|win|shuijun1\u82cd\u708e\u5203\u9b3c\u4fa0\n|raw|Aakw0's rating: 1051 &rarr; <strong>1042<\/strong><br \/>(-9 for losing)\n|raw|shuijun1\u82cd\u708e\u5203\u9b3c\u4fa0's rating: 1235 &rarr; <strong>1248<\/strong><br \/>(+13 for winning)\n|l|\u2606Aakw0\n","uploadtime":1698909311,"views":6,"p1id":"aakw0","p2id":"shuijun1","formatid":"gen9nationaldexdoubles","rating":1042,"private":0,"password":""}