{"id":"gen9nationaldexdoubles-1995748526","p1":"joaovictro","p2":"PkMnTrainerChud","format":"[Gen 9] National Dex Doubles","log":"|j|\u2606joaovictro\n|j|\u2606PkMnTrainerChud\n|t:|1700599496\n|gametype|doubles\n|player|p1|joaovictro|mira|1184\n|player|p2|PkMnTrainerChud|pokemonbreeder-gen4|1041\n|teamsize|p1|6\n|teamsize|p2|6\n|gen|9\n|tier|[Gen 9] National Dex Doubles\n|rated|\n|rule|HP Percentage Mod: HP is shown in percentages\n|rule|Endless Battle Clause: Forcing endless battles is banned\n|rule|OHKO Clause: OHKO moves are banned\n|rule|Evasion Moves Clause: Evasion moves are banned\n|rule|Evasion Abilities Clause: Evasion abilities are banned\n|rule|Species Clause: Limit one of each Pok\u00e9mon\n|rule|Gravity Sleep Clause: The combination of sleep-inducing moves with imperfect accuracy and Gravity or Gigantamax Orbeetle are banned\n|clearpoke\n|poke|p1|Golem-Alola, M|\n|poke|p1|Rabsca, F|\n|poke|p1|Pincurchin, F|\n|poke|p1|Oranguru, M|\n|poke|p1|Trevenant, F|\n|poke|p1|Iron Valiant|\n|poke|p2|Incineroar, M|\n|poke|p2|Rillaboom, F|\n|poke|p2|Rotom-Wash|\n|poke|p2|Kingambit, M|\n|poke|p2|Sylveon, F|\n|poke|p2|Dragonite, F|\n|teampreview\n|\n|t:|1700599509\n|start\n|switch|p1a: Pincurchin|Pincurchin, F|100\/100\n|switch|p1b: Iron Valiant|Iron Valiant|100\/100\n|switch|p2a: Incineroar|Incineroar, M|100\/100\n|switch|p2b: Sylveon|Sylveon, F|100\/100\n|-ability|p2a: Incineroar|Intimidate|boost\n|-unboost|p1a: Pincurchin|atk|1\n|-unboost|p1b: Iron Valiant|atk|1\n|-fieldstart|move: Electric Terrain|[from] ability: Electric Surge|[of] p1a: Pincurchin\n|-activate|p1b: Iron Valiant|ability: Quark Drive\n|-start|p1b: Iron Valiant|quarkdrivespa\n|turn|1\n|inactive|Battle timer is ON: inactive players will automatically lose when time's up. (requested by joaovictro)\n|\n|t:|1700599536\n|-end|p1b: Iron Valiant|Quark Drive|[silent]\n|switch|p1b: Golem|Golem-Alola, M|100\/100\n|move|p2a: Incineroar|Fake Out|p1b: Golem\n|-resisted|p1b: Golem\n|-damage|p1b: Golem|96\/100\n|move|p2b: Sylveon|Yawn|p1b: Golem\n|-activate|p1b: Golem|move: Electric Terrain\n|move|p1a: Pincurchin|Rising Voltage|p2b: Sylveon\n|-hint|Rising Voltage's BP doubled on grounded target.\n|-damage|p2b: Sylveon|59\/100\n|\n|upkeep\n|turn|2\n|\n|t:|1700599560\n|switch|p2b: Rotom|Rotom-Wash|100\/100\n|switch|p1a: Rabsca|Rabsca, F|100\/100\n|move|p2a: Incineroar|Parting Shot|p1b: Golem\n|-unboost|p1b: Golem|atk|1\n|-unboost|p1b: Golem|spa|1\n|\n|t:|1700599570\n|switch|p2a: Rillaboom|Rillaboom, F|100\/100|[from] Parting Shot\n|-fieldstart|move: Grassy Terrain|[from] ability: Grassy Surge|[of] p2a: Rillaboom\n|move|p1b: Golem|Explosion|p2a: Rillaboom|[spread] p2a,p2b\n|-activate|p1a: Rabsca|ability: Telepathy\n|-resisted|p2a: Rillaboom\n|-damage|p2a: Rillaboom|57\/100\n|-damage|p2b: Rotom|12\/100\n|faint|p1b: Golem\n|\n|-heal|p2a: Rillaboom|63\/100|[from] Grassy Terrain\n|-heal|p2b: Rotom|18\/100|[from] item: Leftovers\n|upkeep\n|\n|t:|1700599582\n|switch|p1b: Iron Valiant|Iron Valiant|100\/100\n|turn|3\n|\n|t:|1700599604\n|move|p2a: Rillaboom|Fake Out|p1b: Iron Valiant\n|-damage|p1b: Iron Valiant|84\/100\n|cant|p1b: Iron Valiant|flinch\n|move|p2b: Rotom|Volt Switch|p1a: Rabsca\n|-damage|p1a: Rabsca|78\/100\n|\n|t:|1700599614\n|switch|p2b: Incineroar|Incineroar, M|100\/100|[from] Volt Switch\n|-ability|p2b: Incineroar|Intimidate|boost\n|-unboost|p1a: Rabsca|atk|1\n|-unboost|p1b: Iron Valiant|atk|1\n|move|p1a: Rabsca|Trick Room|p1a: Rabsca\n|-fieldstart|move: Trick Room|[of] p1a: Rabsca\n|\n|-heal|p1a: Rabsca|84\/100|[from] Grassy Terrain\n|-heal|p1b: Iron Valiant|91\/100|[from] Grassy Terrain\n|-heal|p2a: Rillaboom|69\/100|[from] Grassy Terrain\n|upkeep\n|turn|4\n|inactive|PkMnTrainerChud has 120 seconds left.\n|\n|t:|1700599648\n|switch|p1a: Pincurchin|Pincurchin, F|100\/100\n|-fieldstart|move: Electric Terrain|[from] ability: Electric Surge|[of] p1a: Pincurchin\n|-activate|p1b: Iron Valiant|ability: Quark Drive\n|-start|p1b: Iron Valiant|quarkdrivespa\n|move|p2b: Incineroar|Fake Out|p1b: Iron Valiant\n|-damage|p1b: Iron Valiant|80\/100\n|cant|p1b: Iron Valiant|flinch\n|move|p2a: Rillaboom|U-turn|p1b: Iron Valiant\n|-resisted|p1b: Iron Valiant\n|-crit|p1b: Iron Valiant\n|-damage|p1b: Iron Valiant|70\/100\n|inactive|PkMnTrainerChud has 120 seconds left.\n|\n|t:|1700599661\n|switch|p2a: Sylveon|Sylveon, F|59\/100|[from] U-turn\n|\n|upkeep\n|turn|5\n|inactive|PkMnTrainerChud has 120 seconds left.\n|\n|t:|1700599683\n|move|p1a: Pincurchin|Rising Voltage|p2a: Sylveon\n|-hint|Rising Voltage's BP doubled on grounded target.\n|-damage|p2a: Sylveon|18\/100\n|move|p1b: Iron Valiant|Dazzling Gleam|p2a: Sylveon|[spread] p2a,p2b\n|-damage|p2a: Sylveon|0 fnt\n|-damage|p2b: Incineroar|66\/100\n|faint|p2a: Sylveon\n|move|p2b: Incineroar|Parting Shot|p1a: Pincurchin\n|-unboost|p1a: Pincurchin|atk|1\n|-unboost|p1a: Pincurchin|spa|1\n|inactive|PkMnTrainerChud has 120 seconds left.\n|\n|t:|1700599695\n|switch|p2b: Kingambit|Kingambit, M|100\/100|[from] Parting Shot\n|\n|upkeep\n|\n|t:|1700599705\n|switch|p2a: Dragonite|Dragonite, F|100\/100\n|turn|6\n|\n|t:|1700599715\n|-terastallize|p2a: Dragonite|Normal\n|move|p2a: Dragonite|Extreme Speed|p1b: Iron Valiant\n|-damage|p1b: Iron Valiant|0 fnt\n|faint|p1b: Iron Valiant\n|-end|p1b: Iron Valiant|Quark Drive|[silent]\n|move|p2b: Kingambit|Sucker Punch||[still]\n|-fail|p2b: Kingambit\n|move|p1a: Pincurchin|Toxic Spikes|p2a: Dragonite\n|-sidestart|p2: PkMnTrainerChud|move: Toxic Spikes\n|\n|upkeep\n|\n|t:|1700599729\n|switch|p1b: Rabsca|Rabsca, F|84\/100\n|turn|7\n|\n|t:|1700599744\n|move|p2a: Dragonite|Extreme Speed|p1b: Rabsca\n|-damage|p1b: Rabsca|27\/100\n|move|p1a: Pincurchin|Rising Voltage|p2a: Dragonite\n|-hint|Rising Voltage's BP doubled on grounded target.\n|-damage|p2a: Dragonite|83\/100\n|move|p1b: Rabsca|Revival Blessing|p1b: Rabsca\n|-enditem|p1b: Rabsca|Leppa Berry|[eat]\n|-activate|p1b: Rabsca|item: Leppa Berry|Revival Blessing|[consumed]\n|\n|t:|1700599757\n|-heal|p1: Iron Valiant|50\/100|[from] move: Revival Blessing\n|move|p2b: Kingambit|Kowtow Cleave|p1b: Rabsca\n|-supereffective|p1b: Rabsca\n|-damage|p1b: Rabsca|0 fnt\n|faint|p1b: Rabsca\n|\n|-fieldend|move: Trick Room\n|upkeep\n|\n|t:|1700599765\n|switch|p1b: Trevenant|Trevenant, F|100\/100\n|-item|p2a: Dragonite|Choice Band|[from] ability: Frisk|[of] p1b: Trevenant|[identify]\n|-item|p2b: Kingambit|Black Belt|[from] ability: Frisk|[of] p1b: Trevenant|[identify]\n|turn|8\n|\n|t:|1700599782\n|move|p1b: Trevenant|Protect|p1b: Trevenant\n|-singleturn|p1b: Trevenant|Protect\n|move|p2a: Dragonite|Extreme Speed|p1a: Pincurchin\n|-damage|p1a: Pincurchin|25\/100\n|move|p2b: Kingambit|Kowtow Cleave|p1b: Trevenant\n|-activate|p1b: Trevenant|move: Protect\n|move|p1a: Pincurchin|Rising Voltage|p2a: Dragonite\n|-hint|Rising Voltage's BP doubled on grounded target.\n|-damage|p2a: Dragonite|46\/100\n|\n|upkeep\n|turn|9\n|\n|t:|1700599804\n|-terastallize|p1b: Trevenant|Ground\n|move|p2a: Dragonite|Extreme Speed|p1a: Pincurchin\n|-damage|p1a: Pincurchin|0 fnt\n|faint|p1a: Pincurchin\n|move|p2b: Kingambit|Kowtow Cleave|p1b: Trevenant\n|-damage|p1b: Trevenant|48\/100\n|move|p1b: Trevenant|Earthquake|p2b: Kingambit|[spread] p2a,p2b\n|-supereffective|p2b: Kingambit\n|-damage|p2a: Dragonite|9\/100\n|-damage|p2b: Kingambit|50\/100\n|\n|upkeep\n|\n|t:|1700599815\n|switch|p1a: Iron Valiant|Iron Valiant|50\/100\n|-activate|p1a: Iron Valiant|ability: Quark Drive\n|-start|p1a: Iron Valiant|quarkdrivespa\n|turn|10\n|\n|t:|1700599832\n|move|p2a: Dragonite|Extreme Speed|p1a: Iron Valiant\n|-damage|p1a: Iron Valiant|0 fnt\n|faint|p1a: Iron Valiant\n|-end|p1a: Iron Valiant|Quark Drive|[silent]\n|move|p2b: Kingambit|Kowtow Cleave|p1b: Trevenant\n|-damage|p1b: Trevenant|0 fnt\n|faint|p1b: Trevenant\n|\n|upkeep\n|-message|joaovictro forfeited.\n|\n|win|PkMnTrainerChud\n|raw|joaovictro's rating: 1184 &rarr; <strong>1149<\/strong><br \/>(-35 for losing)\n|raw|PkMnTrainerChud's rating: 1041 &rarr; <strong>1088<\/strong><br \/>(+47 for winning)\n|l|\u2606joaovictro\n|c|\u2606PkMnTrainerChud|Gg\n","uploadtime":1700599849,"views":16,"p1id":"joaovictro","p2id":"pkmntrainerchud","formatid":"gen9nationaldexdoubles","rating":1088,"private":0,"password":""}