{"id":"gen9nationaldexdoubles-1998974713","p1":"Elin Baecil","p2":"Kazutoxo","format":"[Gen 9] National Dex Doubles","log":"|j|\u2606Elin Baecil\n|j|\u2606Kazutoxo\n|t:|1701019661\n|gametype|doubles\n|player|p1|Elin Baecil|leon-masters|\n|player|p2|Kazutoxo|ingo|\n|teamsize|p1|6\n|teamsize|p2|6\n|gen|9\n|tier|[Gen 9] National Dex Doubles\n|rule|HP Percentage Mod: HP is shown in percentages\n|rule|Endless Battle Clause: Forcing endless battles is banned\n|rule|OHKO Clause: OHKO moves are banned\n|rule|Evasion Moves Clause: Evasion moves are banned\n|rule|Evasion Abilities Clause: Evasion abilities are banned\n|rule|Species Clause: Limit one of each Pok\u00e9mon\n|rule|Gravity Sleep Clause: The combination of sleep-inducing moves with imperfect accuracy and Gravity or Gigantamax Orbeetle are banned\n|clearpoke\n|poke|p1|Armarouge, F|\n|poke|p1|Indeedee-F, F|\n|poke|p1|Mew|\n|poke|p1|Gardevoir, M|\n|poke|p1|Maushold-Four|\n|poke|p1|Hatterene, F|\n|poke|p2|Charizard, M|\n|poke|p2|Ogerpon-Hearthflame, F|\n|poke|p2|Incineroar, F|\n|poke|p2|Arcanine-Hisui, F|\n|poke|p2|Gastrodon, M|\n|poke|p2|Torkoal, F|\n|teampreview\n|\n|t:|1701019693\n|start\n|switch|p1a: Armarouge|Armarouge, F|100\/100\n|switch|p1b: Mew|Mew|100\/100\n|switch|p2a: Incineroar|Incineroar, F|100\/100\n|switch|p2b: Ogerpon|Ogerpon-Hearthflame, F|100\/100\n|-ability|p2b: Ogerpon|Mold Breaker\n|-ability|p2a: Incineroar|Intimidate|boost\n|-unboost|p1a: Armarouge|atk|1\n|-unboost|p1b: Mew|atk|1\n|turn|1\n|\n|t:|1701019769\n|switch|p2b: Arcanine|Arcanine-Hisui, F|100\/100\n|-ability|p2b: Arcanine|Intimidate|boost\n|-unboost|p1a: Armarouge|atk|1\n|-unboost|p1b: Mew|atk|1\n|move|p1a: Armarouge|Endure|p1a: Armarouge\n|-singleturn|p1a: Armarouge|move: Endure\n|move|p1b: Mew|Flip Turn|p1a: Armarouge\n|-supereffective|p1a: Armarouge\n|-damage|p1a: Armarouge|88\/100\n|-ability|p1a: Armarouge|Weak Armor|boost\n|-unboost|p1a: Armarouge|def|1\n|-boost|p1a: Armarouge|spe|2\n|-enditem|p1a: Armarouge|Weakness Policy\n|-boost|p1a: Armarouge|atk|2|[from] item: Weakness Policy\n|-boost|p1a: Armarouge|spa|2|[from] item: Weakness Policy\n|\n|t:|1701019782\n|switch|p1b: Indeedee|Indeedee-F, F|100\/100|[from] Flip Turn\n|-fieldstart|move: Psychic Terrain|[from] ability: Psychic Surge|[of] p1b: Indeedee\n|move|p2a: Incineroar|Taunt|p1b: Indeedee\n|-start|p1b: Indeedee|move: Taunt\n|\n|upkeep\n|turn|2\n|\n|t:|1701019802\n|switch|p1b: Maushold|Maushold-Four|100\/100\n|move|p1a: Armarouge|Heat Wave|p2a: Incineroar|[spread] p2a,p2b\n|-resisted|p2a: Incineroar\n|-resisted|p2b: Arcanine\n|-damage|p2a: Incineroar|69\/100\n|-damage|p2b: Arcanine|78\/100\n|move|p2b: Arcanine|Rock Slide|p1b: Maushold|[spread] p1a,p1b\n|-supereffective|p1a: Armarouge\n|-damage|p1a: Armarouge|0 fnt\n|-damage|p1b: Maushold|48\/100\n|faint|p1a: Armarouge\n|move|p2a: Incineroar|Knock Off|p1b: Maushold\n|-damage|p1b: Maushold|0 fnt\n|-enditem|p1b: Maushold|Focus Sash|[from] move: Knock Off|[of] p2a: Incineroar\n|faint|p1b: Maushold\n|\n|upkeep\n|\n|t:|1701019811\n|switch|p1b: Gardevoir|Gardevoir, M|100\/100\n|switch|p1a: Hatterene|Hatterene, F|100\/100\n|turn|3\n|\n|t:|1701019861\n|detailschange|p1b: Gardevoir|Gardevoir-Mega, M\n|-mega|p1b: Gardevoir|Gardevoir|Gardevoirite\n|move|p1b: Gardevoir|Hyper Voice|p2a: Incineroar|[spread] p2a,p2b\n|-resisted|p2b: Arcanine\n|-damage|p2a: Incineroar|28\/100\n|-damage|p2b: Arcanine|47\/100\n|move|p2b: Arcanine|Rock Slide|p1a: Hatterene|[spread] p1a,p1b\n|-damage|p1a: Hatterene|59\/100\n|-damage|p1b: Gardevoir|30\/100\n|move|p2a: Incineroar|Knock Off|p1a: Hatterene\n|-damage|p1a: Hatterene|14\/100\n|-enditem|p1a: Hatterene|Life Orb|[from] move: Knock Off|[of] p2a: Incineroar\n|move|p1a: Hatterene|Expanding Force|p2b: Arcanine|[spread] p2b\n|-immune|p2a: Incineroar\n|-damage|p2b: Arcanine|0 fnt\n|faint|p2b: Arcanine\n|\n|upkeep\n|\n|t:|1701019882\n|switch|p2b: Charizard|Charizard, M|100\/100\n|turn|4\n|\n|t:|1701019903\n|switch|p2a: Torkoal|Torkoal, F|100\/100\n|-weather|SunnyDay|[from] ability: Drought|[of] p2a: Torkoal\n|detailschange|p2b: Charizard|Charizard-Mega-Y, M\n|-mega|p2b: Charizard|Charizard|Charizardite Y\n|move|p2b: Charizard|Heat Wave|p1b: Gardevoir|[spread] p1a,p1b\n|-damage|p1a: Hatterene|0 fnt\n|-damage|p1b: Gardevoir|0 fnt\n|faint|p1a: Hatterene\n|faint|p1b: Gardevoir\n|\n|-weather|SunnyDay|[upkeep]\n|upkeep\n|\n|t:|1701019911\n|switch|p1b: Mew|Mew|100\/100\n|switch|p1a: Indeedee|Indeedee-F, F|100\/100\n|turn|5\n|\n|t:|1701019928\n|switch|p2a: Incineroar|Incineroar, F|28\/100\n|-ability|p2a: Incineroar|Intimidate|boost\n|-unboost|p1a: Indeedee|atk|1\n|-unboost|p1b: Mew|atk|1\n|move|p1a: Indeedee|Helping Hand|p1b: Mew\n|-singleturn|p1b: Mew|Helping Hand|[of] p1a: Indeedee\n|move|p1b: Mew|Expanding Force|p2a: Incineroar|[spread] p2b\n|-immune|p2a: Incineroar\n|-damage|p2b: Charizard|28\/100\n|move|p2b: Charizard|Tailwind|p2b: Charizard\n|-sidestart|p2: Kazutoxo|move: Tailwind\n|\n|-weather|SunnyDay|[upkeep]\n|upkeep\n|turn|6\n|\n|t:|1701019946\n|move|p2b: Charizard|Heat Wave|p1b: Mew|[spread] p1a,p1b\n|-crit|p1b: Mew\n|-damage|p1a: Indeedee|40\/100\n|-damage|p1b: Mew|11\/100\n|-status|p1a: Indeedee|brn\n|-status|p1b: Mew|brn\n|-activate|p1b: Mew|ability: Synchronize\n|-immune|p2b: Charizard\n|move|p1b: Mew|Expanding Force|p2b: Charizard|[spread] p2b\n|-immune|p2a: Incineroar\n|-damage|p2b: Charizard|0 fnt\n|faint|p2b: Charizard\n|move|p2a: Incineroar|Taunt|p1a: Indeedee\n|-start|p1a: Indeedee|move: Taunt\n|move|p1a: Indeedee|Dazzling Gleam|p2a: Incineroar\n|-damage|p2a: Incineroar|10\/100\n|\n|-weather|SunnyDay|[upkeep]\n|-damage|p1b: Mew|5\/100 brn|[from] brn\n|-damage|p1a: Indeedee|34\/100 brn|[from] brn\n|upkeep\n|\n|t:|1701019968\n|switch|p2b: Ogerpon|Ogerpon-Hearthflame, F|100\/100\n|-ability|p2b: Ogerpon|Mold Breaker\n|turn|7\n|\n|t:|1701019977\n|move|p2b: Ogerpon|Ivy Cudgel|p1b: Mew|[anim] Ivy Cudgel Fire\n|-damage|p1b: Mew|0 fnt\n|faint|p1b: Mew\n|move|p2a: Incineroar|Knock Off|p1a: Indeedee\n|-supereffective|p1a: Indeedee\n|-damage|p1a: Indeedee|0 fnt\n|-enditem|p1a: Indeedee|Terrain Extender|[from] move: Knock Off|[of] p2a: Incineroar\n|faint|p1a: Indeedee\n|\n|win|Kazutoxo\n|c|\u2606Elin Baecil|gg\n","uploadtime":1701019995,"views":6,"p1id":"elinbaecil","p2id":"kazutoxo","formatid":"gen9nationaldexdoubles","rating":0,"private":0,"password":""}