{"id":"gen9nationaldexdoubles-1980281567","p1":"lxvliiz","p2":"chuspiter","format":"[Gen 9] National Dex Doubles","log":"|j|\u2606lxvliiz\n|j|\u2606chuspiter\n|t:|1698772059\n|gametype|doubles\n|player|p1|lxvliiz|gambler|1057\n|player|p2|chuspiter|benga|1065\n|teamsize|p1|6\n|teamsize|p2|6\n|gen|9\n|tier|[Gen 9] National Dex Doubles\n|rated|\n|rule|HP Percentage Mod: HP is shown in percentages\n|rule|Endless Battle Clause: Forcing endless battles is banned\n|rule|OHKO Clause: OHKO moves are banned\n|rule|Evasion Moves Clause: Evasion moves are banned\n|rule|Evasion Abilities Clause: Evasion abilities are banned\n|rule|Species Clause: Limit one of each Pok\u00e9mon\n|rule|Gravity Sleep Clause: The combination of sleep-inducing moves with imperfect accuracy and Gravity or Gigantamax Orbeetle are banned\n|clearpoke\n|poke|p1|Lilligant-Hisui, F|\n|poke|p1|Kommo-o, F|\n|poke|p1|Volcarona, F|\n|poke|p1|Oricorio-Pom-Pom, M|\n|poke|p1|Quaquaval, M|\n|poke|p1|Flamigo, F|\n|poke|p2|Ribombee, M|\n|poke|p2|Pachirisu, M|\n|poke|p2|Flamigo, M|\n|poke|p2|Kommo-o, F|\n|poke|p2|Oricorio-Pom-Pom, F|\n|poke|p2|Frosmoth, F|\n|teampreview\n|c|\u2606lxvliiz|dance party\n|inactive|Battle timer is ON: inactive players will automatically lose when time's up. (requested by lxvliiz)\n|\n|t:|1698772092\n|start\n|switch|p1a: Oricorio|Oricorio-Pom-Pom, M|100\/100\n|switch|p1b: Volcarona|Volcarona, F|100\/100\n|switch|p2a: Oricorio|Oricorio-Pom-Pom, F|100\/100\n|switch|p2b: Frosmoth|Frosmoth, F|100\/100\n|turn|1\n|\n|t:|1698772108\n|-terastallize|p2b: Frosmoth|Poison\n|move|p1b: Volcarona|Rage Powder|p1b: Volcarona\n|-singleturn|p1b: Volcarona|move: Rage Powder\n|move|p1a: Oricorio|Quiver Dance|p1a: Oricorio\n|-boost|p1a: Oricorio|spa|1\n|-boost|p1a: Oricorio|spd|1\n|-boost|p1a: Oricorio|spe|1\n|-activate|p2a: Oricorio|ability: Dancer\n|move|p2a: Oricorio|Quiver Dance|p2a: Oricorio|[from]ability: Dancer\n|-boost|p2a: Oricorio|spa|1\n|-boost|p2a: Oricorio|spd|1\n|-boost|p2a: Oricorio|spe|1\n|-enditem|p1a: Oricorio|Mirror Herb\n|-boost|p1a: Oricorio|spa|1|[from] item: Mirror Herb\n|-boost|p1a: Oricorio|spd|1|[from] item: Mirror Herb\n|-boost|p1a: Oricorio|spe|1|[from] item: Mirror Herb\n|move|p2a: Oricorio|Tailwind|p2a: Oricorio\n|-sidestart|p2: chuspiter|move: Tailwind\n|move|p2b: Frosmoth|Quiver Dance|p2b: Frosmoth\n|-boost|p2b: Frosmoth|spa|1\n|-boost|p2b: Frosmoth|spd|1\n|-boost|p2b: Frosmoth|spe|1\n|-activate|p2a: Oricorio|ability: Dancer\n|move|p2a: Oricorio|Quiver Dance|p2a: Oricorio|[from]ability: Dancer\n|-boost|p2a: Oricorio|spa|1\n|-boost|p2a: Oricorio|spd|1\n|-boost|p2a: Oricorio|spe|1\n|-activate|p1a: Oricorio|ability: Dancer\n|move|p1a: Oricorio|Quiver Dance|p1a: Oricorio|[from]ability: Dancer\n|-boost|p1a: Oricorio|spa|1\n|-boost|p1a: Oricorio|spd|1\n|-boost|p1a: Oricorio|spe|1\n|\n|upkeep\n|turn|2\n|inactive|chuspiter has 120 seconds left.\n|\n|t:|1698772150\n|move|p1b: Volcarona|Rage Powder|p1b: Volcarona\n|-singleturn|p1b: Volcarona|move: Rage Powder\n|move|p2a: Oricorio|Hidden Power|p1b: Volcarona\n|-damage|p1b: Volcarona|61\/100\n|move|p1a: Oricorio|Revelation Dance|p2a: Oricorio\n|-damage|p2a: Oricorio|28\/100\n|-activate|p2a: Oricorio|ability: Dancer\n|move|p2a: Oricorio|Revelation Dance|p1b: Volcarona|[from]ability: Dancer\n|-damage|p1b: Volcarona|0 fnt\n|faint|p1b: Volcarona\n|move|p2b: Frosmoth|Tera Blast|p1a: Oricorio|[anim] Tera Blast Poison\n|-damage|p1a: Oricorio|65\/100\n|\n|-heal|p2a: Oricorio|35\/100|[from] item: Leftovers\n|upkeep\n|inactive|lxvliiz has 120 seconds left.\n|\n|t:|1698772166\n|switch|p1b: Flamigo|Flamigo, F|100\/100\n|-copyboost|p1b: Flamigo|p1a: Oricorio|[from] ability: Costar\n|turn|3\n|\n|t:|1698772182\n|move|p2a: Oricorio|Revelation Dance|p1b: Flamigo\n|-supereffective|p1b: Flamigo\n|-damage|p1b: Flamigo|0 fnt\n|faint|p1b: Flamigo\n|-activate|p1a: Oricorio|ability: Dancer\n|move|p1a: Oricorio|Revelation Dance|p2a: Oricorio|[from]ability: Dancer\n|-damage|p2a: Oricorio|0 fnt\n|faint|p2a: Oricorio\n|move|p1a: Oricorio|Revelation Dance|p2b: Frosmoth\n|-crit|p2b: Frosmoth\n|-damage|p2b: Frosmoth|0 fnt\n|faint|p2b: Frosmoth\n|\n|upkeep\n|c|\u2606lxvliiz|dance party\n|\n|t:|1698772205\n|switch|p1b: Kommo-o|Kommo-o, F|100\/100\n|switch|p2a: Kommo-o|Kommo-o, F|100\/100\n|switch|p2b: Pachirisu|Pachirisu, M|100\/100\n|turn|4\n|\n|t:|1698772218\n|move|p2b: Pachirisu|Follow Me|p2b: Pachirisu\n|-singleturn|p2b: Pachirisu|move: Follow Me\n|move|p1a: Oricorio|Roost|p1a: Oricorio\n|-heal|p1a: Oricorio|100\/100\n|-singleturn|p1a: Oricorio|move: Roost\n|move|p2a: Kommo-o|Clangorous Soul|p2a: Kommo-o\n|-boost|p2a: Kommo-o|atk|1\n|-boost|p2a: Kommo-o|def|1\n|-boost|p2a: Kommo-o|spa|1\n|-boost|p2a: Kommo-o|spd|1\n|-boost|p2a: Kommo-o|spe|1\n|-damage|p2a: Kommo-o|68\/100\n|-activate|p1a: Oricorio|ability: Dancer\n|move|p1a: Oricorio|Clangorous Soul|p1a: Oricorio|[from]ability: Dancer\n|-boost|p1a: Oricorio|atk|1\n|-boost|p1a: Oricorio|def|1\n|-boost|p1a: Oricorio|spa|1\n|-boost|p1a: Oricorio|spd|1\n|-boost|p1a: Oricorio|spe|1\n|-damage|p1a: Oricorio|68\/100\n|-zpower|p1b: Kommo-o\n|move|p1b: Kommo-o|Clangorous Soulblaze|p2b: Pachirisu|[zeffect]|[spread] p2a,p2b\n|-supereffective|p2a: Kommo-o\n|-damage|p2a: Kommo-o|0 fnt\n|-damage|p2b: Pachirisu|48\/100\n|-enditem|p2b: Pachirisu|Sitrus Berry|[eat]\n|-heal|p2b: Pachirisu|73\/100|[from] item: Sitrus Berry\n|faint|p2a: Kommo-o\n|-boost|p1b: Kommo-o|atk|1\n|-boost|p1b: Kommo-o|def|1\n|-boost|p1b: Kommo-o|spa|1\n|-boost|p1b: Kommo-o|spd|1\n|-boost|p1b: Kommo-o|spe|1\n|\n|-sideend|p2: chuspiter|move: Tailwind\n|upkeep\n|inactive|chuspiter has 120 seconds left.\n|\n|t:|1698772257\n|switch|p2a: Flamigo|Flamigo, M|100\/100\n|-copyboost|p2a: Flamigo|p2b: Pachirisu|[from] ability: Costar\n|turn|5\n|inactive|chuspiter has 120 seconds left.\n|\n|t:|1698772291\n|move|p2b: Pachirisu|Follow Me|p2b: Pachirisu\n|-singleturn|p2b: Pachirisu|move: Follow Me\n|move|p1a: Oricorio|Revelation Dance|p2b: Pachirisu\n|-heal|p2b: Pachirisu|98\/100|[from] ability: Volt Absorb|[of] p1a: Oricorio\n|move|p1b: Kommo-o|Dragon Claw|p2b: Pachirisu\n|-damage|p2b: Pachirisu|40\/100\n|move|p2a: Flamigo|Close Combat|p1b: Kommo-o\n|-damage|p1b: Kommo-o|60\/100\n|-unboost|p2a: Flamigo|def|1\n|-unboost|p2a: Flamigo|spd|1\n|\n|upkeep\n|turn|6\n|inactive|chuspiter has 120 seconds left.\n|\n|t:|1698772310\n|move|p2b: Pachirisu|Follow Me|p2b: Pachirisu\n|-singleturn|p2b: Pachirisu|move: Follow Me\n|move|p1a: Oricorio|Roost|p1a: Oricorio\n|-heal|p1a: Oricorio|100\/100\n|-singleturn|p1a: Oricorio|move: Roost\n|move|p1b: Kommo-o|Drain Punch|p2b: Pachirisu\n|-damage|p2b: Pachirisu|0 fnt\n|-heal|p1b: Kommo-o|82\/100|[from] drain|[of] p2b: Pachirisu\n|faint|p2b: Pachirisu\n|move|p2a: Flamigo|Brave Bird|p1b: Kommo-o\n|-supereffective|p1b: Kommo-o\n|-damage|p1b: Kommo-o|1\/100\n|-damage|p2a: Flamigo|75\/100|[from] Recoil\n|\n|-heal|p2a: Flamigo|81\/100|[from] item: Leftovers\n|upkeep\n|inactive|chuspiter has 120 seconds left.\n|\n|t:|1698772325\n|switch|p2b: Ribombee|Ribombee, M|100\/100\n|-item|p2b: Ribombee|Air Balloon\n|turn|7\n|\n|t:|1698772341\n|move|p2b: Ribombee|Protect|p2b: Ribombee\n|-singleturn|p2b: Ribombee|Protect\n|move|p1a: Oricorio|Revelation Dance|p2b: Ribombee\n|-activate|p2b: Ribombee|move: Protect\n|move|p1b: Kommo-o|Dragon Claw|p2a: Flamigo\n|-damage|p2a: Flamigo|0 fnt\n|faint|p2a: Flamigo\n|\n|upkeep\n|turn|8\n|\n|t:|1698772353\n|move|p1a: Oricorio|Revelation Dance|p2b: Ribombee\n|-damage|p2b: Ribombee|0 fnt\n|-enditem|p2b: Ribombee|Air Balloon\n|faint|p2b: Ribombee\n|\n|win|lxvliiz\n|raw|lxvliiz's rating: 1057 &rarr; <strong>1089<\/strong><br \/>(+32 for winning)\n|raw|chuspiter's rating: 1065 &rarr; <strong>1045<\/strong><br \/>(-20 for losing)\n|c|\u2606lxvliiz|gg\n","uploadtime":1698772362,"views":11,"p1id":"lxvliiz","p2id":"chuspiter","formatid":"gen9nationaldexdoubles","rating":1045,"private":0,"password":""}