{"id":"gen9nationaldexdoubles-1968942701","p1":"RocketsThemeTeams","p2":"The Foker","format":"[Gen 9] National Dex Doubles","log":"|j|\u2606RocketsThemeTeams\n|j|\u2606The Foker\n|t:|1697477276\n|gametype|doubles\n|player|p1|RocketsThemeTeams|101|\n|player|p2|The Foker|102|\n|teamsize|p1|2\n|teamsize|p2|2\n|gen|9\n|tier|[Gen 9] National Dex Doubles\n|rule|HP Percentage Mod: HP is shown in percentages\n|rule|Endless Battle Clause: Forcing endless battles is banned\n|rule|OHKO Clause: OHKO moves are banned\n|rule|Evasion Moves Clause: Evasion moves are banned\n|rule|Evasion Abilities Clause: Evasion abilities are banned\n|rule|Species Clause: Limit one of each Pok\u00e9mon\n|rule|Gravity Sleep Clause: The combination of sleep-inducing moves with imperfect accuracy and Gravity or Gigantamax Orbeetle are banned\n|clearpoke\n|poke|p1|Bulbasaur, L12, F|\n|poke|p1|Pikachu, L12, M|\n|poke|p2|Munchlax, L12, M|\n|poke|p2|Eevee, L12, M|\n|teampreview\n|c|\u2606RocketsThemeTeams|Glhf\n|c|\u2606The Foker|Glhf\n|\n|t:|1697477323\n|start\n|switch|p1a: Ginger|Bulbasaur, L12, F|100\/100\n|switch|p1b: Powerline|Pikachu, L12, M|100\/100\n|switch|p2a: Munchlax|Munchlax, L12, M|100\/100\n|switch|p2b: Eevee|Eevee, L12, M|100\/100\n|turn|1\n|c|\u2606The Foker|Pikachu is a dangerous fella\n|\n|t:|1697477384\n|move|p2b: Eevee|Helping Hand|p2a: Munchlax\n|-singleturn|p2a: Munchlax|Helping Hand|[of] p2b: Eevee\n|move|p1b: Powerline|Thunder Wave|p2b: Eevee\n|-status|p2b: Eevee|par\n|move|p1a: Ginger|Growl|p2b: Eevee|[spread] p2a,p2b\n|-unboost|p2a: Munchlax|atk|1\n|-unboost|p2b: Eevee|atk|1\n|move|p2a: Munchlax|Metronome|p2a: Munchlax\n|move|p2a: Munchlax|Double Team|p2a: Munchlax|[from]move: Metronome\n|-boost|p2a: Munchlax|evasion|1\n|\n|upkeep\n|turn|2\n|c|\u2606RocketsThemeTeams|Munchlax is too.\n|c|\u2606RocketsThemeTeams|NO\n|c|\u2606RocketsThemeTeams|NOO\n|c|\u2606RocketsThemeTeams|NOOO\n|\n|t:|1697477404\n|move|p1b: Powerline|Thunder Wave|p2a: Munchlax|[miss]\n|-miss|p1b: Powerline|p2a: Munchlax\n|move|p1a: Ginger|Leech Seed|p2a: Munchlax\n|-start|p2a: Munchlax|move: Leech Seed\n|move|p2b: Eevee|Swift|p1b: Powerline|[spread] p1a,p1b\n|-damage|p1a: Ginger|84\/100\n|-damage|p1b: Powerline|80\/100\n|move|p2a: Munchlax|Metronome|p2a: Munchlax\n|move|p2a: Munchlax|Brave Bird|p1a: Ginger|[from]move: Metronome\n|-supereffective|p1a: Ginger\n|-damage|p1a: Ginger|12\/100\n|-enditem|p1a: Ginger|Oran Berry|[eat]\n|-heal|p1a: Ginger|39\/100|[from] item: Oran Berry\n|-damage|p2a: Munchlax|85\/100|[from] Recoil\n|\n|-damage|p2a: Munchlax|73\/100|[from] Leech Seed|[of] p1a: Ginger\n|-heal|p1a: Ginger|59\/100|[silent]\n|upkeep\n|turn|3\n|c|\u2606The Foker|WHATS UP WITH ALL THE BERRIES BRO\n|\n|t:|1697477430\n|move|p1b: Powerline|Thunder Shock|p2b: Eevee\n|-damage|p2b: Eevee|82\/100 par\n|move|p1a: Ginger|Tackle|p2b: Eevee\n|-damage|p2b: Eevee|69\/100 par\n|move|p2b: Eevee|Swift|p1b: Powerline|[spread] p1a,p1b\n|-damage|p1a: Ginger|42\/100\n|-damage|p1b: Powerline|59\/100\n|move|p2a: Munchlax|Metronome|p2a: Munchlax\n|move|p2a: Munchlax|Magnet Rise|p2a: Munchlax|[from]move: Metronome\n|-start|p2a: Munchlax|Magnet Rise\n|\n|-damage|p2a: Munchlax|61\/100|[from] Leech Seed|[of] p1a: Ginger\n|-heal|p1a: Ginger|62\/100|[silent]\n|upkeep\n|turn|4\n|\n|t:|1697477448\n|move|p1b: Powerline|Quick Attack|p2b: Eevee\n|-damage|p2b: Eevee|53\/100 par\n|move|p1a: Ginger|Tackle|p2b: Eevee\n|-damage|p2b: Eevee|40\/100 par\n|move|p2b: Eevee|Swift|p1a: Ginger|[spread] p1a,p1b\n|-damage|p1a: Ginger|45\/100\n|-damage|p1b: Powerline|39\/100\n|-enditem|p1b: Powerline|Oran Berry|[eat]\n|-heal|p1b: Powerline|68\/100|[from] item: Oran Berry\n|move|p2a: Munchlax|Metronome|p2a: Munchlax\n|move|p2a: Munchlax|Flame Charge|p1a: Ginger|[from]move: Metronome\n|-supereffective|p1a: Ginger\n|-damage|p1a: Ginger|12\/100\n|-boost|p2a: Munchlax|spe|1\n|\n|-damage|p2a: Munchlax|49\/100|[from] Leech Seed|[of] p1a: Ginger\n|-heal|p1a: Ginger|31\/100|[silent]\n|upkeep\n|turn|5\n|\n|t:|1697477473\n|move|p1b: Powerline|Quick Attack|p2b: Eevee\n|-damage|p2b: Eevee|24\/100 par\n|move|p1a: Ginger|Tackle|p2b: Eevee\n|-damage|p2b: Eevee|11\/100 par\n|move|p2a: Munchlax|Metronome|p2a: Munchlax\n|move|p2a: Munchlax|Psychic Terrain|p2a: Munchlax|[from]move: Metronome\n|-fieldstart|move: Psychic Terrain\n|cant|p2b: Eevee|par\n|\n|-damage|p2a: Munchlax|37\/100|[from] Leech Seed|[of] p1a: Ginger\n|-heal|p1a: Ginger|50\/100|[silent]\n|upkeep\n|turn|6\n|\n|t:|1697477487\n|move|p1b: Powerline|Thunder Shock|p2a: Munchlax|[miss]\n|-miss|p1b: Powerline|p2a: Munchlax\n|move|p1a: Ginger|Tackle|p2b: Eevee\n|-damage|p2b: Eevee|0 fnt\n|faint|p2b: Eevee\n|move|p2a: Munchlax|Metronome|p2a: Munchlax\n|move|p2a: Munchlax|Meteor Beam||[from]move: Metronome|[still]\n|-prepare|p2a: Munchlax|Meteor Beam\n|-boost|p2a: Munchlax|spa|1\n|\n|-damage|p2a: Munchlax|25\/100|[from] Leech Seed|[of] p1a: Ginger\n|-heal|p1a: Ginger|70\/100|[silent]\n|upkeep\n|turn|7\n|\n|t:|1697477501\n|move|p1b: Powerline|Thunder Shock|p2a: Munchlax\n|-damage|p2a: Munchlax|14\/100\n|-status|p2a: Munchlax|par\n|move|p1a: Ginger|Tackle|p2a: Munchlax\n|-damage|p2a: Munchlax|2\/100 par\n|move|p2a: Munchlax|Meteor Beam|p1a: Ginger|[from]lockedmove\n|-damage|p1a: Ginger|31\/100\n|\n|-damage|p2a: Munchlax|0 fnt|[from] Leech Seed|[of] p1a: Ginger\n|-heal|p1a: Ginger|34\/100|[silent]\n|faint|p2a: Munchlax\n|\n|win|RocketsThemeTeams\n|upkeep\n|c|\u2606The Foker|Gg\n|c|\u2606RocketsThemeTeams|Gg\n","uploadtime":1697477521,"views":13,"p1id":"rocketsthemeteams","p2id":"thefoker","formatid":"gen9nationaldexdoubles","rating":0,"private":0,"password":""}