{"id":"gen9nationaldexdoubles-1953823738","p1":"Noonmaster9818","p2":"trianglesphere","format":"[Gen 9] National Dex Doubles","log":"|j|\u2606Noonmaster9818\n|j|\u2606trianglesphere\n|t:|1695831069\n|gametype|doubles\n|player|p1|Noonmaster9818|policeman-gen4|1271\n|player|p2|trianglesphere|ninjaboy|1161\n|teamsize|p1|6\n|teamsize|p2|6\n|gen|9\n|tier|[Gen 9] National Dex Doubles\n|rated|\n|rule|HP Percentage Mod: HP is shown in percentages\n|rule|Endless Battle Clause: Forcing endless battles is banned\n|rule|OHKO Clause: OHKO moves are banned\n|rule|Evasion Moves Clause: Evasion moves are banned\n|rule|Evasion Abilities Clause: Evasion abilities are banned\n|rule|Species Clause: Limit one of each Pok\u00e9mon\n|rule|Gravity Sleep Clause: The combination of sleep-inducing moves with imperfect accuracy and Gravity or Gigantamax Orbeetle are banned\n|clearpoke\n|poke|p1|Regigigas|\n|poke|p1|Scizor, M|\n|poke|p1|Whimsicott, M|\n|poke|p1|Thundurus, M|\n|poke|p1|Garchomp, F|\n|poke|p1|Ceruledge, F|\n|poke|p2|Glimmora, M|\n|poke|p2|Dipplin, F|\n|poke|p2|Magcargo, F|\n|poke|p2|Lucario, F|\n|poke|p2|Ogerpon-Hearthflame, F|\n|poke|p2|Skeledirge, F|\n|teampreview\n|inactive|Battle timer is ON: inactive players will automatically lose when time's up. (requested by Noonmaster9818)\n|\n|t:|1695831082\n|start\n|switch|p1a: Regigigas|Regigigas|100\/100\n|switch|p1b: Whimsicott|Whimsicott, M|100\/100\n|switch|p2a: Glimmer|Glimmora, M|100\/100\n|switch|p2b: Dipper|Dipplin, F|100\/100\n|-start|p1a: Regigigas|ability: Slow Start\n|-ability|p2b: Dipper|Supersweet Syrup\n|-ability|p2b: Dipper|Supersweet Syrup|boost\n|-unboost|p1a: Regigigas|evasion|1\n|-unboost|p1b: Whimsicott|evasion|1\n|turn|1\n|\n|t:|1695831096\n|move|p1b: Whimsicott|Worry Seed|p1a: Regigigas\n|-end|p1a: Regigigas|Slow Start|[silent]\n|-endability|p1a: Regigigas|Slow Start|[from] move: Worry Seed\n|-ability|p1a: Regigigas|Insomnia|[from] move: Worry Seed\n|move|p1a: Regigigas|High Horsepower|p2a: Glimmer\n|-supereffective|p2a: Glimmer\n|-damage|p2a: Glimmer|0 fnt\n|-activate|p2a: Glimmer|ability: Toxic Debris\n|-sidestart|p1: Noonmaster9818|move: Toxic Spikes\n|faint|p2a: Glimmer\n|move|p2b: Dipper|Syrup Bomb|p1a: Regigigas\n|-damage|p1a: Regigigas|82\/100\n|-start|p1a: Regigigas|Syrup Bomb\n|\n|-unboost|p1a: Regigigas|spe|1\n|upkeep\n|\n|t:|1695831098\n|switch|p2a: Onigiri|Ogerpon-Hearthflame, F|100\/100\n|-ability|p2a: Onigiri|Mold Breaker\n|turn|2\n|\n|t:|1695831123\n|-terastallize|p2a: Onigiri|Fire\n|detailschange|p2a: Onigiri|Ogerpon-Hearthflame-Tera, F, tera:Fire\n|-ability|p2a: Onigiri|Embody Aspect (Hearthflame)|boost\n|-boost|p2a: Onigiri|atk|1\n|move|p1b: Whimsicott|Tailwind|p1b: Whimsicott\n|-sidestart|p1: Noonmaster9818|move: Tailwind\n|move|p1a: Regigigas|Body Slam|p2a: Onigiri\n|-damage|p2a: Onigiri|38\/100\n|-status|p2a: Onigiri|par\n|move|p2a: Onigiri|Ivy Cudgel|p1b: Whimsicott\n|-supereffective|p1b: Whimsicott\n|-enditem|p1b: Whimsicott|Focus Sash\n|-damage|p1b: Whimsicott|1\/100\n|move|p2b: Dipper|Dragon Tail|p1a: Regigigas\n|-damage|p1a: Regigigas|64\/100\n|drag|p1a: Scizor|Scizor, M|100\/100\n|\n|upkeep\n|turn|3\n|inactive|Noonmaster9818 has 120 seconds left.\n|\n|t:|1695831165\n|detailschange|p1a: Scizor|Scizor-Mega, M\n|-mega|p1a: Scizor|Scizor|Scizorite\n|move|p2a: Onigiri|Protect|p2a: Onigiri\n|-singleturn|p2a: Onigiri|Protect\n|move|p1b: Whimsicott|Encore|p2b: Dipper\n|-start|p2b: Dipper|Encore\n|move|p1a: Scizor|Close Combat|p2a: Onigiri\n|-activate|p2a: Onigiri|move: Protect\n|move|p2b: Dipper|Dragon Tail|p1a: Scizor\n|-resisted|p1a: Scizor\n|-damage|p1a: Scizor|93\/100\n|drag|p1a: Ceruledge|Ceruledge, F|100\/100\n|-item|p1a: Ceruledge|Air Balloon\n|\n|upkeep\n|turn|4\n|inactive|Noonmaster9818 has 120 seconds left.\n|\n|t:|1695831190\n|move|p1b: Whimsicott|Encore|p2a: Onigiri\n|-start|p2a: Onigiri|Encore\n|move|p1a: Ceruledge|Bitter Blade|p2b: Dipper\n|-damage|p2b: Dipper|54\/100\n|move|p2a: Onigiri|Protect||[still]\n|-fail|p2a: Onigiri\n|move|p2b: Dipper|Dragon Tail|p1a: Ceruledge\n|-damage|p1a: Ceruledge|77\/100\n|-enditem|p1a: Ceruledge|Air Balloon\n|drag|p1a: Thundurus|Thundurus, M|100\/100\n|\n|-heal|p2b: Dipper|60\/100|[from] item: Leftovers\n|upkeep\n|turn|5\n|inactive|trianglesphere has 120 seconds left.\n|\n|t:|1695831230\n|move|p2a: Onigiri|Protect|p2a: Onigiri\n|-singleturn|p2a: Onigiri|Protect\n|move|p1b: Whimsicott|Light Screen|p1b: Whimsicott\n|-sidestart|p1: Noonmaster9818|move: Light Screen\n|move|p1a: Thundurus|Acrobatics|p2b: Dipper\n|-supereffective|p2b: Dipper\n|-damage|p2b: Dipper|0 fnt\n|faint|p2b: Dipper\n|\n|-sideend|p1: Noonmaster9818|move: Tailwind\n|upkeep\n|\n|t:|1695831243\n|switch|p2b: Skeleton|Skeledirge, F|100\/100\n|turn|6\n|\n|t:|1695831257\n|move|p2a: Onigiri|Protect|p2a: Onigiri\n|-singleturn|p2a: Onigiri|Protect\n|move|p1b: Whimsicott|Worry Seed|p2b: Skeleton\n|-endability|p2b: Skeleton|Unaware|[from] move: Worry Seed\n|-ability|p2b: Skeleton|Insomnia|[from] move: Worry Seed\n|move|p1a: Thundurus|Crunch|p2b: Skeleton\n|-supereffective|p2b: Skeleton\n|-damage|p2b: Skeleton|57\/100\n|-unboost|p2b: Skeleton|def|1\n|move|p2b: Skeleton|Torch Song|p1b: Whimsicott\n|-supereffective|p1b: Whimsicott\n|-damage|p1b: Whimsicott|0 fnt\n|-boost|p2b: Skeleton|spa|1\n|faint|p1b: Whimsicott\n|\n|-end|p2a: Onigiri|Encore\n|upkeep\n|\n|t:|1695831278\n|switch|p1b: Garchomp|Garchomp, F|100\/100\n|-status|p1b: Garchomp|psn\n|turn|7\n|\n|t:|1695831297\n|move|p2a: Onigiri|Protect||[still]\n|-fail|p2a: Onigiri\n|move|p1a: Thundurus|Crunch|p2b: Skeleton\n|-supereffective|p2b: Skeleton\n|-damage|p2b: Skeleton|0 fnt\n|faint|p2b: Skeleton\n|move|p1b: Garchomp|Earthquake|p2a: Onigiri|[spread] p2a\n|-immune|p1a: Thundurus\n|-supereffective|p2a: Onigiri\n|-damage|p2a: Onigiri|0 fnt\n|faint|p2a: Onigiri\n|\n|-damage|p1b: Garchomp|88\/100 psn|[from] psn\n|upkeep\n|\n|t:|1695831301\n|switch|p2a: Slugma BAAH!!!|Magcargo, F|100\/100\n|switch|p2b: Luca|Lucario, F|100\/100\n|turn|8\n|\n|t:|1695831312\n|move|p1a: Thundurus|Acrobatics|p2b: Luca\n|-damage|p2b: Luca|27\/100\n|-damage|p1a: Thundurus|84\/100|[from] item: Rocky Helmet|[of] p2b: Luca\n|move|p1b: Garchomp|Earthquake|p2b: Luca|[spread] p2a,p2b\n|-immune|p1a: Thundurus\n|-supereffective|p2a: Slugma BAAH!!!\n|-supereffective|p2b: Luca\n|-enditem|p2a: Slugma BAAH!!!|Focus Sash\n|-damage|p2a: Slugma BAAH!!!|1\/100\n|-damage|p2b: Luca|0 fnt\n|faint|p2b: Luca\n|move|p2a: Slugma BAAH!!!|Iron Defense|p2a: Slugma BAAH!!!\n|-boost|p2a: Slugma BAAH!!!|def|2\n|\n|-damage|p1b: Garchomp|76\/100 psn|[from] psn\n|upkeep\n|turn|9\n|\n|t:|1695831326\n|move|p1a: Thundurus|Acrobatics|p2a: Slugma BAAH!!!\n|-resisted|p2a: Slugma BAAH!!!\n|-damage|p2a: Slugma BAAH!!!|0 fnt\n|faint|p2a: Slugma BAAH!!!\n|\n|win|Noonmaster9818\n|raw|Noonmaster9818's rating: 1271 &rarr; <strong>1288<\/strong><br \/>(+17 for winning)\n|raw|trianglesphere's rating: 1161 &rarr; <strong>1144<\/strong><br \/>(-17 for losing)\n","uploadtime":1695831330,"views":8,"p1id":"noonmaster9818","p2id":"trianglesphere","formatid":"gen9nationaldexdoubles","rating":1144,"private":0,"password":""}