{"id":"gen9nationaldexdoubles-1988237181","p1":"Tritus ELITE 4","p2":"6VYRY","format":"[Gen 9] National Dex Doubles","log":"|j|\u2606Tritus ELITE 4\n|j|\u26066VYRY\n|t:|1699691554\n|gametype|doubles\n|player|p1|Tritus ELITE 4|wulfric|1055\n|player|p2|6VYRY|winona|1156\n|teamsize|p1|6\n|teamsize|p2|6\n|gen|9\n|tier|[Gen 9] National Dex Doubles\n|rated|\n|rule|HP Percentage Mod: HP is shown in percentages\n|rule|Endless Battle Clause: Forcing endless battles is banned\n|rule|OHKO Clause: OHKO moves are banned\n|rule|Evasion Moves Clause: Evasion moves are banned\n|rule|Evasion Abilities Clause: Evasion abilities are banned\n|rule|Species Clause: Limit one of each Pok\u00e9mon\n|rule|Gravity Sleep Clause: The combination of sleep-inducing moves with imperfect accuracy and Gravity or Gigantamax Orbeetle are banned\n|clearpoke\n|poke|p1|Basculegion-F, F|\n|poke|p1|Swampert, M|\n|poke|p1|Pelipper, F|\n|poke|p1|Araquanid, M|\n|poke|p1|Milotic, F|\n|poke|p1|Ludicolo, M|\n|poke|p2|Ferrothorn, F|\n|poke|p2|Iron Hands|\n|poke|p2|Clodsire, F|\n|poke|p2|Volcanion|\n|poke|p2|Ting-Lu|\n|poke|p2|Venusaur, F|\n|teampreview\n|\n|t:|1699691569\n|start\n|switch|p1a: Pelipper|Pelipper, F|100\/100\n|switch|p1b: Araquanid|Araquanid, M|100\/100\n|switch|p2a: Ting-Lu|Ting-Lu|100\/100\n|switch|p2b: Iron Hands|Iron Hands|100\/100\n|-weather|RainDance|[from] ability: Drizzle|[of] p1a: Pelipper\n|-ability|p2a: Ting-Lu|Vessel of Ruin\n|turn|1\n|\n|t:|1699691599\n|switch|p1a: Swampert|Swampert, M|100\/100\n|move|p2b: Iron Hands|Thunder Punch|p1a: Swampert\n|-immune|p1a: Swampert\n|move|p2a: Ting-Lu|Stealth Rock|p1a: Swampert\n|-sidestart|p1: Tritus ELITE 4|move: Stealth Rock\n|move|p1b: Araquanid|Liquidation|p2b: Iron Hands\n|-damage|p2b: Iron Hands|28\/100\n|-damage|p1b: Araquanid|91\/100|[from] item: Life Orb\n|\n|-weather|RainDance|[upkeep]\n|-heal|p2b: Iron Hands|34\/100|[from] item: Leftovers\n|upkeep\n|turn|2\n|\n|t:|1699691619\n|-end|p2b: Iron Hands|Quark Drive|[silent]\n|switch|p2b: Clodsire|Clodsire, F|100\/100\n|detailschange|p1a: Swampert|Swampert-Mega, M\n|-mega|p1a: Swampert|Swampert|Swampertite\n|move|p1a: Swampert|Waterfall|p2a: Ting-Lu\n|-supereffective|p2a: Ting-Lu\n|-damage|p2a: Ting-Lu|35\/100\n|cant|p2a: Ting-Lu|flinch\n|move|p1b: Araquanid|Liquidation|p2b: Clodsire\n|-immune|p2b: Clodsire|[from] ability: Water Absorb\n|\n|-weather|RainDance|[upkeep]\n|-heal|p2a: Ting-Lu|41\/100|[from] item: Leftovers\n|upkeep\n|turn|3\n|\n|t:|1699691636\n|-terastallize|p2b: Clodsire|Flying\n|move|p1a: Swampert|Waterfall|p2a: Ting-Lu\n|-supereffective|p2a: Ting-Lu\n|-damage|p2a: Ting-Lu|0 fnt\n|faint|p2a: Ting-Lu\n|move|p1b: Araquanid|Sticky Web|p2b: Clodsire\n|-sidestart|p2: 6VYRY|move: Sticky Web\n|move|p2b: Clodsire|Curse|p2b: Clodsire\n|-unboost|p2b: Clodsire|spe|1\n|-boost|p2b: Clodsire|atk|1\n|-boost|p2b: Clodsire|def|1\n|\n|-weather|RainDance|[upkeep]\n|upkeep\n|\n|t:|1699691646\n|switch|p2a: Iron Hands|Iron Hands|34\/100\n|-activate|p2a: Iron Hands|move: Sticky Web\n|-unboost|p2a: Iron Hands|spe|1\n|turn|4\n|\n|t:|1699691657\n|move|p2a: Iron Hands|Fake Out|p1a: Swampert\n|-damage|p1a: Swampert|84\/100\n|cant|p1a: Swampert|flinch\n|move|p1b: Araquanid|Lunge|p2b: Clodsire\n|-resisted|p2b: Clodsire\n|-damage|p2b: Clodsire|87\/100\n|-unboost|p2b: Clodsire|atk|1\n|-damage|p1b: Araquanid|81\/100|[from] item: Life Orb\n|move|p2b: Clodsire|Curse|p2b: Clodsire\n|-unboost|p2b: Clodsire|spe|1\n|-boost|p2b: Clodsire|atk|1\n|-boost|p2b: Clodsire|def|1\n|\n|-weather|RainDance|[upkeep]\n|-heal|p2a: Iron Hands|40\/100|[from] item: Leftovers\n|-heal|p2b: Clodsire|93\/100|[from] item: Leftovers\n|upkeep\n|turn|5\n|\n|t:|1699691688\n|move|p1a: Swampert|Rock Slide|p2b: Clodsire|[spread] p2a,p2b\n|-resisted|p2a: Iron Hands\n|-supereffective|p2b: Clodsire\n|-crit|p2b: Clodsire\n|-damage|p2a: Iron Hands|33\/100\n|-damage|p2b: Clodsire|11\/100\n|move|p1b: Araquanid|Liquidation|p2a: Iron Hands\n|-damage|p2a: Iron Hands|0 fnt\n|faint|p2a: Iron Hands\n|-end|p2a: Iron Hands|Quark Drive|[silent]\n|-damage|p1b: Araquanid|71\/100|[from] item: Life Orb\n|move|p2b: Clodsire|Curse|p2b: Clodsire\n|-unboost|p2b: Clodsire|spe|1\n|-boost|p2b: Clodsire|atk|1\n|-boost|p2b: Clodsire|def|1\n|\n|-weather|none\n|-heal|p2b: Clodsire|17\/100|[from] item: Leftovers\n|upkeep\n|\n|t:|1699691698\n|switch|p2a: Ferrothorn|Ferrothorn, F|100\/100\n|-activate|p2a: Ferrothorn|move: Sticky Web\n|-unboost|p2a: Ferrothorn|spe|1\n|turn|6\n|l|\u26066VYRY\n|player|p2|\n|inactive|Battle timer is ON: inactive players will automatically lose when time's up. (requested by Tritus ELITE 4)\n|inactive|6VYRY has 30 seconds to reconnect!\n|inactive|6VYRY has 20 seconds to reconnect!\n|inactive|6VYRY has 15 seconds to reconnect!\n|inactive|6VYRY has 10 seconds to reconnect!\n|inactive|6VYRY has 5 seconds to reconnect!\n|-message|6VYRY lost due to inactivity.\n|\n|win|Tritus ELITE 4\n|raw|Tritus ELITE 4's rating: 1055 &rarr; <strong>1096<\/strong><br \/>(+41 for winning)\n|raw|6VYRY's rating: 1156 &rarr; <strong>1124<\/strong><br \/>(-32 for losing)\n","uploadtime":1699691860,"views":11,"p1id":"trituselite4","p2id":"6vyry","formatid":"gen9nationaldexdoubles","rating":1096,"private":0,"password":""}