{"id":"gen9nationaldexdoubles-1956169675","p1":"Stonny","p2":"Real Bani-Banani","format":"[Gen 9] National Dex Doubles","log":"|j|\u2606Stonny\n|j|\u2606Real Bani-Banani\n|t:|1696081359\n|gametype|doubles\n|player|p1|Stonny|acetrainer-gen4dp|1101\n|player|p2|Real Bani-Banani|rocketgruntf|1080\n|teamsize|p1|6\n|teamsize|p2|6\n|gen|9\n|tier|[Gen 9] National Dex Doubles\n|rated|\n|rule|HP Percentage Mod: HP is shown in percentages\n|rule|Endless Battle Clause: Forcing endless battles is banned\n|rule|OHKO Clause: OHKO moves are banned\n|rule|Evasion Moves Clause: Evasion moves are banned\n|rule|Evasion Abilities Clause: Evasion abilities are banned\n|rule|Species Clause: Limit one of each Pok\u00e9mon\n|rule|Gravity Sleep Clause: The combination of sleep-inducing moves with imperfect accuracy and Gravity or Gigantamax Orbeetle are banned\n|clearpoke\n|poke|p1|Swampert, M|\n|poke|p1|Kommo-o, F|\n|poke|p1|Scream Tail|\n|poke|p1|Politoed, F|\n|poke|p1|Gothitelle, M|\n|poke|p1|Amoonguss, M|\n|poke|p2|Furret, M|\n|poke|p2|Eelektross, M|\n|poke|p2|Sableye, F|\n|poke|p2|Drifblim, F|\n|poke|p2|Vanilluxe, F|\n|poke|p2|Probopass, M|\n|teampreview\n|inactive|Battle timer is ON: inactive players will automatically lose when time's up. (requested by Stonny)\n|\n|t:|1696081381\n|start\n|switch|p1a: Scream Tail|Scream Tail|100\/100\n|switch|p1b: Gothitelle|Gothitelle, M|100\/100\n|switch|p2a: NeposTheNose|Probopass, M|100\/100\n|switch|p2b: Falmer|Sableye, F|100\/100\n|-enditem|p1a: Scream Tail|Booster Energy\n|-activate|p1a: Scream Tail|ability: Protosynthesis|[fromitem]\n|-start|p1a: Scream Tail|protosynthesisspe\n|turn|1\n|\n|t:|1696081400\n|move|p1b: Gothitelle|Fake Out|p2a: NeposTheNose\n|-resisted|p2a: NeposTheNose\n|-damage|p2a: NeposTheNose|99\/100\n|-damage|p1b: Gothitelle|84\/100|[from] item: Rocky Helmet|[of] p2a: NeposTheNose\n|move|p2b: Falmer|Skill Swap|p2a: NeposTheNose\n|-activate|p2b: Falmer|move: Skill Swap|||[of] p2a: NeposTheNose\n|cant|p2a: NeposTheNose|flinch\n|move|p1a: Scream Tail|Perish Song|p1a: Scream Tail\n|-start|p1a: Scream Tail|perish3|[silent]\n|-start|p1b: Gothitelle|perish3|[silent]\n|-start|p2a: NeposTheNose|perish3|[silent]\n|-start|p2b: Falmer|perish3|[silent]\n|-fieldactivate|move: Perish Song\n|\n|-start|p1a: Scream Tail|perish3\n|-start|p1b: Gothitelle|perish3\n|-start|p2b: Falmer|perish3\n|-start|p2a: NeposTheNose|perish3\n|upkeep\n|turn|2\n|\n|t:|1696081425\n|move|p1a: Scream Tail|Encore|p2b: Falmer\n|-start|p2b: Falmer|Encore\n|move|p1b: Gothitelle|Reflect|p1b: Gothitelle\n|-sidestart|p1: Stonny|Reflect\n|move|p2b: Falmer|Skill Swap||[still]\n|-fail|p2b: Falmer\n|move|p2a: NeposTheNose|Power Gem|p1b: Gothitelle\n|-damage|p1b: Gothitelle|59\/100\n|\n|-start|p1a: Scream Tail|perish2\n|-start|p1b: Gothitelle|perish2\n|-start|p2b: Falmer|perish2\n|-start|p2a: NeposTheNose|perish2\n|upkeep\n|turn|3\n|\n|t:|1696081450\n|-end|p1a: Scream Tail|Protosynthesis|[silent]\n|switch|p1a: Amoonguss|Amoonguss, M|100\/100\n|move|p1b: Gothitelle|Protect|p1b: Gothitelle\n|-singleturn|p1b: Gothitelle|Protect\n|move|p2b: Falmer|Skill Swap|p1b: Gothitelle\n|-activate|p1b: Gothitelle|move: Protect\n|move|p2a: NeposTheNose|Power Gem|p1b: Gothitelle\n|-activate|p1b: Gothitelle|move: Protect\n|\n|-start|p1b: Gothitelle|perish1\n|-start|p2b: Falmer|perish1\n|-start|p2a: NeposTheNose|perish1\n|upkeep\n|turn|4\n|\n|t:|1696081471\n|switch|p1b: Swampert|Swampert, M|100\/100\n|switch|p1a: Politoed|Politoed, F|100\/100\n|-weather|RainDance|[from] ability: Drizzle|[of] p1a: Politoed\n|move|p2b: Falmer|Skill Swap|p1a: Politoed\n|-activate|p2b: Falmer|move: Skill Swap|Drizzle|Sturdy|[of] p1a: Politoed\n|move|p2a: NeposTheNose|Power Gem|p1a: Politoed\n|-damage|p1a: Politoed|76\/100\n|\n|-weather|RainDance|[upkeep]\n|-heal|p1a: Politoed|82\/100|[from] item: Leftovers\n|-end|p2b: Falmer|Encore\n|-start|p2b: Falmer|perish0\n|-start|p2a: NeposTheNose|perish0\n|faint|p2b: Falmer\n|faint|p2a: NeposTheNose\n|upkeep\n|inactive|Real Bani-Banani has 120 seconds left.\n|\n|t:|1696081493\n|switch|p2b: Nazeem|Eelektross, M|100\/100\n|switch|p2a: FrostAtronach|Vanilluxe, F|100\/100\n|turn|5\n|\n|t:|1696081514\n|detailschange|p1b: Swampert|Swampert-Mega, M\n|-mega|p1b: Swampert|Swampert|Swampertite\n|move|p1a: Politoed|Helping Hand|p1b: Swampert\n|-singleturn|p1b: Swampert|Helping Hand|[of] p1a: Politoed\n|move|p1b: Swampert|Waterfall|p2b: Nazeem\n|-damage|p2b: Nazeem|0 fnt\n|faint|p2b: Nazeem\n|move|p2a: FrostAtronach|Freeze-Dry|p1b: Swampert\n|-supereffective|p1b: Swampert\n|-damage|p1b: Swampert|0 fnt\n|faint|p1b: Swampert\n|\n|-weather|RainDance|[upkeep]\n|-heal|p1a: Politoed|89\/100|[from] item: Leftovers\n|upkeep\n|\n|t:|1696081530\n|switch|p1b: Gothitelle|Gothitelle, M|59\/100\n|switch|p2b: BananaForScale|Furret, M|100\/100\n|turn|6\n|\n|t:|1696081541\n|move|p1b: Gothitelle|Fake Out|p2a: FrostAtronach\n|-damage|p2a: FrostAtronach|94\/100\n|-ability|p2a: FrostAtronach|Weak Armor|boost\n|-unboost|p2a: FrostAtronach|def|1\n|-boost|p2a: FrostAtronach|spe|2\n|cant|p2a: FrostAtronach|flinch\n|move|p2b: BananaForScale|U-turn|p1b: Gothitelle\n|-supereffective|p1b: Gothitelle\n|-damage|p1b: Gothitelle|39\/100\n|-enditem|p1b: Gothitelle|Sitrus Berry|[eat]\n|-heal|p1b: Gothitelle|64\/100|[from] item: Sitrus Berry\n|\n|t:|1696081552\n|switch|p2b: TheRetchingNetch|Drifblim, F|100\/100|[from] U-turn\n|move|p1a: Politoed|Perish Song|p1a: Politoed\n|-start|p1a: Politoed|perish3|[silent]\n|-start|p1b: Gothitelle|perish3|[silent]\n|-start|p2a: FrostAtronach|perish3|[silent]\n|-start|p2b: TheRetchingNetch|perish3|[silent]\n|-fieldactivate|move: Perish Song\n|\n|-weather|RainDance|[upkeep]\n|-heal|p1a: Politoed|95\/100|[from] item: Leftovers\n|-start|p2a: FrostAtronach|perish3\n|-start|p2b: TheRetchingNetch|perish3\n|-start|p1a: Politoed|perish3\n|-start|p1b: Gothitelle|perish3\n|-sideend|p1: Stonny|Reflect\n|upkeep\n|turn|7\n|\n|t:|1696081571\n|switch|p1a: Amoonguss|Amoonguss, M|100\/100\n|move|p1b: Gothitelle|Protect|p1b: Gothitelle\n|-singleturn|p1b: Gothitelle|Protect\n|move|p2a: FrostAtronach|Weather Ball|p1b: Gothitelle\n|-activate|p1b: Gothitelle|move: Protect\n|move|p2b: TheRetchingNetch|Knock Off|p1b: Gothitelle\n|-activate|p1b: Gothitelle|move: Protect\n|\n|-weather|RainDance|[upkeep]\n|-start|p2a: FrostAtronach|perish2\n|-start|p2b: TheRetchingNetch|perish2\n|-start|p1b: Gothitelle|perish2\n|upkeep\n|turn|8\n|\n|t:|1696081587\n|-terastallize|p1b: Gothitelle|Normal\n|move|p2a: FrostAtronach|Weather Ball|p1b: Gothitelle\n|-crit|p1b: Gothitelle\n|-damage|p1b: Gothitelle|0 fnt\n|faint|p1b: Gothitelle\n|move|p2b: TheRetchingNetch|Knock Off|p1a: Amoonguss\n|-damage|p1a: Amoonguss|85\/100\n|-enditem|p1a: Amoonguss|Black Sludge|[from] move: Knock Off|[of] p2b: TheRetchingNetch\n|move|p1a: Amoonguss|Pollen Puff|p1: Gothitelle|[notarget]\n|-fail|p1a: Amoonguss\n|\n|-weather|none\n|-start|p2a: FrostAtronach|perish1\n|-start|p2b: TheRetchingNetch|perish1\n|upkeep\n|\n|t:|1696081600\n|switch|p1b: Kommo-o|Kommo-o, F|100\/100\n|turn|9\n|\n|t:|1696081616\n|switch|p2a: BananaForScale|Furret, M|100\/100\n|move|p1a: Amoonguss|Rage Powder|p1a: Amoonguss\n|-singleturn|p1a: Amoonguss|move: Rage Powder\n|-zpower|p1b: Kommo-o\n|move|p1b: Kommo-o|Clangorous Soulblaze|p2a: BananaForScale|[zeffect]|[spread] p2a,p2b\n|-damage|p2a: BananaForScale|13\/100\n|-damage|p2b: TheRetchingNetch|65\/100\n|-boost|p1b: Kommo-o|atk|1\n|-boost|p1b: Kommo-o|def|1\n|-boost|p1b: Kommo-o|spa|1\n|-boost|p1b: Kommo-o|spd|1\n|-boost|p1b: Kommo-o|spe|1\n|move|p2b: TheRetchingNetch|Strength Sap|p1a: Amoonguss\n|-unboost|p1a: Amoonguss|atk|1\n|-heal|p2b: TheRetchingNetch|97\/100\n|\n|-start|p2b: TheRetchingNetch|perish0\n|upkeep\n|faint|p2b: TheRetchingNetch\n|\n|t:|1696081634\n|switch|p2b: FrostAtronach|Vanilluxe, F|94\/100\n|turn|10\n|\n|t:|1696081645\n|move|p2b: FrostAtronach|Endure|p2b: FrostAtronach\n|-singleturn|p2b: FrostAtronach|move: Endure\n|move|p1a: Amoonguss|Rage Powder|p1a: Amoonguss\n|-singleturn|p1a: Amoonguss|move: Rage Powder\n|move|p1b: Kommo-o|Flamethrower|p2b: FrostAtronach\n|-supereffective|p2b: FrostAtronach\n|-damage|p2b: FrostAtronach|21\/100\n|-enditem|p2b: FrostAtronach|Weakness Policy\n|-boost|p2b: FrostAtronach|atk|2|[from] item: Weakness Policy\n|-boost|p2b: FrostAtronach|spa|2|[from] item: Weakness Policy\n|move|p2a: BananaForScale|Facade|p1a: Amoonguss\n|-damage|p1a: Amoonguss|65\/100\n|\n|upkeep\n|turn|11\n|\n|t:|1696081665\n|switch|p1a: Politoed|Politoed, F|95\/100\n|-weather|RainDance|[from] ability: Drizzle|[of] p1a: Politoed\n|move|p2b: FrostAtronach|Endure||[still]\n|-fail|p2b: FrostAtronach\n|move|p1b: Kommo-o|Clanging Scales|p2a: BananaForScale|[spread] p2a,p2b\n|-damage|p2a: BananaForScale|0 fnt\n|-damage|p2b: FrostAtronach|0 fnt\n|faint|p2a: BananaForScale\n|faint|p2b: FrostAtronach\n|\n|win|Stonny\n|raw|Stonny's rating: 1101 &rarr; <strong>1124<\/strong><br \/>(+23 for winning)\n|raw|Real Bani-Banani's rating: 1080 &rarr; <strong>1059<\/strong><br \/>(-21 for losing)\n|c|\u2606Real Bani-Banani|gg wp\n|l|\u2606Real Bani-Banani\n|c|\u2606Stonny|gg\n","uploadtime":1696081687,"views":8,"p1id":"stonny","p2id":"realbanibanani","formatid":"gen9nationaldexdoubles","rating":1059,"private":0,"password":""}