{"id":"gen9nationaldexdoubles-1978219968","p1":"schoolteen","p2":"Perplex 3","format":"[Gen 9] National Dex Doubles","log":"|j|\u2606schoolteen\n|j|\u2606Perplex 3\n|t:|1698513905\n|gametype|doubles\n|player|p1|schoolteen|cheryl|1092\n|player|p2|Perplex 3|cynthia-gen4|1000\n|teamsize|p1|6\n|teamsize|p2|6\n|gen|9\n|tier|[Gen 9] National Dex Doubles\n|rated|\n|rule|HP Percentage Mod: HP is shown in percentages\n|rule|Endless Battle Clause: Forcing endless battles is banned\n|rule|OHKO Clause: OHKO moves are banned\n|rule|Evasion Moves Clause: Evasion moves are banned\n|rule|Evasion Abilities Clause: Evasion abilities are banned\n|rule|Species Clause: Limit one of each Pok\u00e9mon\n|rule|Gravity Sleep Clause: The combination of sleep-inducing moves with imperfect accuracy and Gravity or Gigantamax Orbeetle are banned\n|clearpoke\n|poke|p1|Sandaconda, F|\n|poke|p1|Orthworm, F|\n|poke|p1|Lycanroc-Dusk, F|\n|poke|p1|Sandslash, M|\n|poke|p1|Ogerpon-Cornerstone, F|\n|poke|p1|Sudowoodo, F|\n|poke|p2|Trevenant, M|\n|poke|p2|Torkoal, F|\n|poke|p2|Glimmora, M|\n|poke|p2|Chandelure, F|\n|poke|p2|Azumarill, F|\n|poke|p2|Mimikyu, F|\n|teampreview\n|inactive|Battle timer is ON: inactive players will automatically lose when time's up. (requested by schoolteen)\n|\n|t:|1698513919\n|start\n|switch|p1a: Sandaconda|Sandaconda, F|100\/100\n|switch|p1b: Orthworm|Orthworm, F|100\/100\n|switch|p2a: Trevenant|Trevenant, M, shiny|100\/100\n|switch|p2b: Torkoal|Torkoal, F, shiny|100\/100\n|-weather|SunnyDay|[from] ability: Drought|[of] p2b: Torkoal\n|turn|1\n|\n|t:|1698513942\n|move|p1a: Sandaconda|Coil|p1a: Sandaconda\n|-boost|p1a: Sandaconda|atk|1\n|-boost|p1a: Sandaconda|def|1\n|-boost|p1a: Sandaconda|accuracy|1\n|move|p1b: Orthworm|Shed Tail|p1b: Orthworm\n|-start|p1b: Orthworm|Substitute|[from] move: Shed Tail\n|-damage|p1b: Orthworm|50\/100\n|\n|t:|1698513951\n|switch|p1b: Ogerpon|Ogerpon-Cornerstone, F|100\/100|[from] Shed Tail\n|move|p2a: Trevenant|Forest's Curse|p2b: Torkoal\n|-start|p2b: Torkoal|typeadd|Grass|[from] move: Forest's Curse\n|move|p2b: Torkoal|Stealth Rock|p1a: Sandaconda\n|-sidestart|p1: schoolteen|move: Stealth Rock\n|\n|-weather|SunnyDay|[upkeep]\n|upkeep\n|turn|2\n|\n|t:|1698513976\n|move|p1b: Ogerpon|Swords Dance|p1b: Ogerpon\n|-boost|p1b: Ogerpon|atk|2\n|move|p1a: Sandaconda|High Horsepower|p2b: Torkoal\n|-damage|p2b: Torkoal|54\/100\n|move|p2a: Trevenant|Energy Ball|p1a: Sandaconda\n|-supereffective|p1a: Sandaconda\n|-damage|p1a: Sandaconda|30\/100\n|-unboost|p1a: Sandaconda|spd|1\n|-weather|Sandstorm|[from] ability: Sand Spit|[of] p1a: Sandaconda\n|move|p2b: Torkoal|Substitute|p2b: Torkoal\n|-start|p2b: Torkoal|Substitute\n|-damage|p2b: Torkoal|29\/100\n|\n|-weather|Sandstorm|[upkeep]\n|-damage|p2a: Trevenant|94\/100|[from] Sandstorm\n|-damage|p2b: Torkoal|23\/100|[from] Sandstorm\n|upkeep\n|turn|3\n|inactive|schoolteen has 120 seconds left.\n|inactive|Perplex 3 has 120 seconds left.\n|\n|t:|1698514014\n|move|p1b: Ogerpon|Ivy Cudgel|p2a: Trevenant\n|-damage|p2a: Trevenant|0 fnt\n|faint|p2a: Trevenant\n|move|p1a: Sandaconda|Rest|p1a: Sandaconda\n|-status|p1a: Sandaconda|slp|[from] move: Rest\n|-heal|p1a: Sandaconda|100\/100 slp|[silent]\n|move|p2b: Torkoal|Solar Beam||[still]\n|-prepare|p2b: Torkoal|Solar Beam\n|\n|-weather|Sandstorm|[upkeep]\n|-damage|p2b: Torkoal|17\/100|[from] Sandstorm\n|upkeep\n|\n|t:|1698514026\n|switch|p2a: Chandelure|Chandelure, F, shiny|100\/100\n|turn|4\n|\n|t:|1698514044\n|switch|p1a: Sudowoodo|Sudowoodo, F|100\/100\n|-damage|p1a: Sudowoodo|88\/100|[from] Stealth Rock\n|move|p1b: Ogerpon|Ivy Cudgel|p2a: Chandelure\n|-supereffective|p2a: Chandelure\n|-damage|p2a: Chandelure|0 fnt\n|faint|p2a: Chandelure\n|move|p2b: Torkoal|Solar Beam|p1b: Ogerpon|[from]lockedmove\n|-activate|p1b: Ogerpon|move: Substitute|[damage]\n|\n|-weather|Sandstorm|[upkeep]\n|-damage|p2b: Torkoal|10\/100|[from] Sandstorm\n|upkeep\n|\n|t:|1698514056\n|switch|p2a: Glimmora|Glimmora, M, shiny|100\/100\n|turn|5\n|\n|t:|1698514087\n|move|p2a: Glimmora|Mortal Spin|p1a: Sudowoodo|[spread] p1a,p1b\n|-crit|p1b: Ogerpon\n|-activate|p1b: Ogerpon|move: Substitute|[damage]\n|-resisted|p1a: Sudowoodo\n|-damage|p1a: Sudowoodo|86\/100\n|-status|p1a: Sudowoodo|psn\n|move|p1b: Ogerpon|Ivy Cudgel|p2b: Torkoal\n|-supereffective|p2b: Torkoal\n|-end|p2b: Torkoal|Substitute\n|move|p1a: Sudowoodo|Curse|p1a: Sudowoodo\n|-unboost|p1a: Sudowoodo|spe|1\n|-boost|p1a: Sudowoodo|atk|1\n|-boost|p1a: Sudowoodo|def|1\n|move|p2b: Torkoal|Solar Beam||[still]\n|-prepare|p2b: Torkoal|Solar Beam\n|\n|-weather|Sandstorm|[upkeep]\n|-damage|p2b: Torkoal|4\/100|[from] Sandstorm\n|-damage|p1a: Sudowoodo|73\/100 psn|[from] psn\n|upkeep\n|turn|6\n|\n|t:|1698514112\n|move|p1b: Ogerpon|Spiky Shield|p1b: Ogerpon\n|-singleturn|p1b: Ogerpon|move: Protect\n|move|p2a: Glimmora|Mortal Spin|p1b: Ogerpon|[spread] p1a\n|-activate|p1b: Ogerpon|move: Protect\n|-damage|p2a: Glimmora|88\/100|[from] Spiky Shield|[of] p1b: Ogerpon\n|-resisted|p1a: Sudowoodo\n|-damage|p1a: Sudowoodo|72\/100 psn\n|move|p2b: Torkoal|Solar Beam|p1a: Sudowoodo|[from]lockedmove\n|-supereffective|p1a: Sudowoodo\n|-damage|p1a: Sudowoodo|42\/100 psn\n|move|p1a: Sudowoodo|Rock Slide|p2b: Torkoal|[spread] p2a,p2b\n|-supereffective|p2b: Torkoal\n|-damage|p2a: Glimmora|55\/100\n|-damage|p2b: Torkoal|0 fnt\n|-activate|p2a: Glimmora|ability: Toxic Debris\n|-sidestart|p1: schoolteen|move: Toxic Spikes\n|faint|p2b: Torkoal\n|\n|-weather|Sandstorm|[upkeep]\n|-damage|p1a: Sudowoodo|30\/100 psn|[from] psn\n|upkeep\n|inactive|Perplex 3 has 120 seconds left.\n|\n|t:|1698514134\n|switch|p2b: Azumarill|Azumarill, F, shiny|100\/100\n|turn|7\n|\n|t:|1698514154\n|move|p2a: Glimmora|Sludge Bomb|p1b: Ogerpon\n|-end|p1b: Ogerpon|Substitute\n|move|p1b: Ogerpon|Horn Leech|p2b: Azumarill\n|-supereffective|p2b: Azumarill\n|-enditem|p2b: Azumarill|Focus Sash\n|-damage|p2b: Azumarill|1\/100\n|move|p2b: Azumarill|Belly Drum||[still]\n|-fail|p2b: Azumarill\n|move|p1a: Sudowoodo|Dynamic Punch|p2a: Glimmora\n|-damage|p2a: Glimmora|12\/100\n|-start|p2a: Glimmora|confusion\n|-activate|p2a: Glimmora|ability: Toxic Debris\n|-sidestart|p1: schoolteen|move: Toxic Spikes\n|\n|-weather|Sandstorm|[upkeep]\n|-damage|p2b: Azumarill|0 fnt|[from] Sandstorm\n|faint|p2b: Azumarill\n|-damage|p1a: Sudowoodo|17\/100 psn|[from] psn\n|upkeep\n|inactive|Perplex 3 has 120 seconds left.\n|inactive|Perplex 3 has 90 seconds left.\n|inactive|Perplex 3 has 60 seconds left.\n|inactive|Perplex 3 has 30 seconds left.\n|inactive|Perplex 3 has 20 seconds left.\n|inactive|Perplex 3 has 15 seconds left.\n|inactive|Perplex 3 has 10 seconds left.\n|inactive|Perplex 3 has 5 seconds left.\n|inactiveoff|Battle timer is now OFF.\n|inactive|Battle timer is ON: inactive players will automatically lose when time's up. (requested by schoolteen)\n|inactive|Perplex 3 has 10 seconds left this turn.\n|inactive|Perplex 3 has 5 seconds left.\n|inactiveoff|Battle timer is now OFF.\n|inactive|Battle timer is ON: inactive players will automatically lose when time's up. (requested by schoolteen)\n|inactive|Perplex 3 has 10 seconds left this turn.\n|inactive|Perplex 3 has 5 seconds left.\n|-message|Perplex 3 lost due to inactivity.\n|\n|win|schoolteen\n|raw|schoolteen's rating: 1092 &rarr; <strong>1111<\/strong><br \/>(+19 for winning)\n|raw|Perplex 3's rating: 1000 &rarr; <strong>1000<\/strong><br \/>(+0 for losing)\n","uploadtime":1698514390,"views":8,"p1id":"schoolteen","p2id":"perplex3","formatid":"gen9nationaldexdoubles","rating":1000,"private":0,"password":""}