{"id":"gen9nationaldexdoubles-1979865602","p1":"Tritus ELITE 4","p2":"Shazamwhich","format":"[Gen 9] National Dex Doubles","log":"|j|\u2606Tritus ELITE 4\n|j|\u2606Shazamwhich\n|t:|1698721726\n|gametype|doubles\n|player|p1|Tritus ELITE 4|wulfric|1217\n|player|p2|Shazamwhich|brendan-gen3|1126\n|teamsize|p1|6\n|teamsize|p2|6\n|gen|9\n|tier|[Gen 9] National Dex Doubles\n|rated|\n|rule|HP Percentage Mod: HP is shown in percentages\n|rule|Endless Battle Clause: Forcing endless battles is banned\n|rule|OHKO Clause: OHKO moves are banned\n|rule|Evasion Moves Clause: Evasion moves are banned\n|rule|Evasion Abilities Clause: Evasion abilities are banned\n|rule|Species Clause: Limit one of each Pok\u00e9mon\n|rule|Gravity Sleep Clause: The combination of sleep-inducing moves with imperfect accuracy and Gravity or Gigantamax Orbeetle are banned\n|clearpoke\n|poke|p1|Basculegion-F, F|\n|poke|p1|Swampert, M|\n|poke|p1|Pelipper, F|\n|poke|p1|Araquanid, M|\n|poke|p1|Milotic, F|\n|poke|p1|Ludicolo, M|\n|poke|p2|Ogerpon-Hearthflame, F|\n|poke|p2|Landorus-Therian, M|\n|poke|p2|Roaring Moon|\n|poke|p2|Amoonguss, M|\n|poke|p2|Gholdengo|\n|poke|p2|Volcanion|\n|teampreview\n|inactive|Battle timer is ON: inactive players will automatically lose when time's up. (requested by Shazamwhich)\n|inactive|Shazamwhich has 120 seconds left.\n|\n|t:|1698721757\n|start\n|switch|p1a: Milotic|Milotic, F|100\/100\n|switch|p1b: Pelipper|Pelipper, F|100\/100\n|switch|p2a: Gholdengo|Gholdengo|100\/100\n|switch|p2b: Volcanion|Volcanion|100\/100\n|-weather|RainDance|[from] ability: Drizzle|[of] p1b: Pelipper\n|turn|1\n|\n|t:|1698721778\n|move|p2a: Gholdengo|Shadow Ball|p1b: Pelipper\n|-damage|p1b: Pelipper|50\/100\n|move|p1a: Milotic|Chilling Water|p2a: Gholdengo\n|-damage|p2a: Gholdengo|72\/100\n|-unboost|p2a: Gholdengo|atk|1\n|move|p2b: Volcanion|Steam Eruption|p1b: Pelipper\n|-resisted|p1b: Pelipper\n|-damage|p1b: Pelipper|0 fnt\n|faint|p1b: Pelipper\n|\n|-weather|RainDance|[upkeep]\n|upkeep\n|inactive|Tritus ELITE 4 has 120 seconds left.\n|\n|t:|1698721803\n|switch|p1b: Swampert|Swampert, M|100\/100\n|turn|2\n|\n|t:|1698721826\n|switch|p2b: Landorus|Landorus-Therian, M|100\/100\n|-ability|p2b: Landorus|Intimidate|boost\n|-unboost|p1a: Milotic|atk|1\n|-ability|p1a: Milotic|Competitive|boost\n|-boost|p1a: Milotic|spa|2\n|-unboost|p1b: Swampert|atk|1\n|detailschange|p1b: Swampert|Swampert-Mega, M\n|-mega|p1b: Swampert|Swampert|Swampertite\n|move|p2a: Gholdengo|Shadow Ball|p1b: Swampert\n|-damage|p1b: Swampert|60\/100\n|move|p1b: Swampert|Rock Slide|p2b: Landorus|[spread] p2a,p2b\n|-resisted|p2a: Gholdengo\n|-damage|p2a: Gholdengo|62\/100\n|-damage|p2b: Landorus|81\/100\n|move|p1a: Milotic|Chilling Water|p2a: Gholdengo\n|-damage|p2a: Gholdengo|1\/100\n|-unboost|p2a: Gholdengo|atk|1\n|\n|-weather|RainDance|[upkeep]\n|upkeep\n|turn|3\n|inactive|Tritus ELITE 4 has 120 seconds left.\n|inactive|Shazamwhich has 120 seconds left.\n|\n|t:|1698721868\n|move|p2a: Gholdengo|Shadow Ball|p1b: Swampert\n|-damage|p1b: Swampert|23\/100\n|move|p2b: Landorus|Knock Off|p1b: Swampert\n|-damage|p1b: Swampert|0 fnt\n|faint|p1b: Swampert\n|move|p1a: Milotic|Chilling Water|p2b: Landorus\n|-supereffective|p2b: Landorus\n|-damage|p2b: Landorus|0 fnt\n|faint|p2b: Landorus\n|\n|-weather|RainDance|[upkeep]\n|upkeep\n|\n|t:|1698721882\n|switch|p2b: Amoonguss|Amoonguss, M|100\/100\n|switch|p1b: Ludicolo|Ludicolo, M|100\/100\n|turn|4\n|\n|t:|1698721898\n|switch|p2a: Ogerpon|Ogerpon-Hearthflame, F|100\/100\n|-ability|p2a: Ogerpon|Mold Breaker\n|move|p1b: Ludicolo|Waterfall|p2b: Amoonguss\n|-resisted|p2b: Amoonguss\n|-damage|p2b: Amoonguss|68\/100\n|-damage|p1b: Ludicolo|91\/100|[from] item: Life Orb\n|move|p1a: Milotic|Chilling Water|p2a: Ogerpon\n|-damage|p2a: Ogerpon|38\/100\n|-unboost|p2a: Ogerpon|atk|1\n|move|p2b: Amoonguss|Spore|p1a: Milotic\n|-status|p1a: Milotic|slp|[from] move: Spore\n|\n|-weather|RainDance|[upkeep]\n|-heal|p2b: Amoonguss|75\/100|[from] item: Black Sludge\n|upkeep\n|turn|5\n|\n|t:|1698721925\n|move|p1b: Ludicolo|Waterfall|p2a: Ogerpon\n|-damage|p2a: Ogerpon|0 fnt\n|faint|p2a: Ogerpon\n|-damage|p1b: Ludicolo|81\/100|[from] item: Life Orb\n|cant|p1a: Milotic|slp\n|move|p2b: Amoonguss|Clear Smog|p1a: Milotic\n|-damage|p1a: Milotic|91\/100 slp\n|-clearboost|p1a: Milotic\n|\n|-weather|none\n|-heal|p1a: Milotic|97\/100 slp|[from] item: Leftovers\n|-heal|p2b: Amoonguss|81\/100|[from] item: Black Sludge\n|upkeep\n|inactive|Shazamwhich has 120 seconds left.\n|\n|t:|1698721938\n|switch|p2a: Roaring Moon|Roaring Moon, shiny|100\/100\n|-enditem|p2a: Roaring Moon|Booster Energy\n|-activate|p2a: Roaring Moon|ability: Protosynthesis|[fromitem]\n|-start|p2a: Roaring Moon|protosynthesisatk\n|turn|6\n|\n|t:|1698721953\n|-terastallize|p2a: Roaring Moon|Flying\n|move|p2b: Amoonguss|Rage Powder|p2b: Amoonguss\n|-singleturn|p2b: Amoonguss|move: Rage Powder\n|move|p2a: Roaring Moon|Acrobatics|p1b: Ludicolo\n|-supereffective|p1b: Ludicolo\n|-damage|p1b: Ludicolo|0 fnt\n|faint|p1b: Ludicolo\n|cant|p1a: Milotic|slp\n|\n|-heal|p1a: Milotic|100\/100 slp|[from] item: Leftovers\n|-heal|p2b: Amoonguss|87\/100|[from] item: Black Sludge\n|upkeep\n|\n|t:|1698721967\n|switch|p1b: Araquanid|Araquanid, M|100\/100\n|turn|7\n|\n|t:|1698721977\n|move|p2a: Roaring Moon|Acrobatics|p1b: Araquanid\n|-supereffective|p1b: Araquanid\n|-damage|p1b: Araquanid|0 fnt\n|faint|p1b: Araquanid\n|-curestatus|p1a: Milotic|slp|[msg]\n|move|p1a: Milotic|Icy Wind|p2b: Amoonguss|[spread] p2a,p2b\n|-supereffective|p2a: Roaring Moon\n|-supereffective|p2b: Amoonguss\n|-damage|p2a: Roaring Moon|81\/100\n|-damage|p2b: Amoonguss|74\/100\n|-unboost|p2a: Roaring Moon|spe|1\n|-unboost|p2b: Amoonguss|spe|1\n|move|p2b: Amoonguss|Spore|p1a: Milotic\n|-status|p1a: Milotic|slp|[from] move: Spore\n|\n|-heal|p2b: Amoonguss|80\/100|[from] item: Black Sludge\n|upkeep\n|c|\u2606Shazamwhich|gg\n|\n|t:|1698721990\n|switch|p1b: Basculegion|Basculegion-F, F|100\/100\n|turn|8\n|\n|t:|1698721997\n|move|p2b: Amoonguss|Rage Powder|p2b: Amoonguss\n|-singleturn|p2b: Amoonguss|move: Rage Powder\n|move|p2a: Roaring Moon|Knock Off|p1b: Basculegion\n|-supereffective|p1b: Basculegion\n|-damage|p1b: Basculegion|0 fnt\n|-enditem|p1b: Basculegion|Life Orb|[from] move: Knock Off|[of] p2a: Roaring Moon\n|faint|p1b: Basculegion\n|cant|p1a: Milotic|slp\n|\n|-heal|p2b: Amoonguss|86\/100|[from] item: Black Sludge\n|upkeep\n|turn|9\n|-message|Tritus ELITE 4 forfeited.\n|\n|win|Shazamwhich\n|raw|Tritus ELITE 4's rating: 1217 &rarr; <strong>1186<\/strong><br \/>(-31 for losing)\n|raw|Shazamwhich's rating: 1126 &rarr; <strong>1157<\/strong><br \/>(+31 for winning)\n|l|\u2606Tritus ELITE 4\n","uploadtime":1698722011,"views":14,"p1id":"trituselite4","p2id":"shazamwhich","formatid":"gen9nationaldexdoubles","rating":1157,"private":0,"password":""}