{"id":"gen9nationaldexdoubles-1967759909","p1":"Monkmilt2","p2":"mmmirza","format":"[Gen 9] National Dex Doubles","log":"|j|\u2606Monkmilt2\n|j|\u2606mmmirza\n|t:|1697335292\n|gametype|doubles\n|player|p1|Monkmilt2|bruno|1247\n|player|p2|mmmirza|2|1474\n|teamsize|p1|6\n|teamsize|p2|6\n|gen|9\n|tier|[Gen 9] National Dex Doubles\n|rated|\n|rule|HP Percentage Mod: HP is shown in percentages\n|rule|Endless Battle Clause: Forcing endless battles is banned\n|rule|OHKO Clause: OHKO moves are banned\n|rule|Evasion Moves Clause: Evasion moves are banned\n|rule|Evasion Abilities Clause: Evasion abilities are banned\n|rule|Species Clause: Limit one of each Pok\u00e9mon\n|rule|Gravity Sleep Clause: The combination of sleep-inducing moves with imperfect accuracy and Gravity or Gigantamax Orbeetle are banned\n|clearpoke\n|poke|p1|Baxcalibur, F|\n|poke|p1|Serperior, M|\n|poke|p1|Ninetales-Alola, F|\n|poke|p1|Rillaboom, M|\n|poke|p1|Empoleon, M|\n|poke|p1|Arcanine-Hisui, M|\n|poke|p2|Ogerpon-Hearthflame, F|\n|poke|p2|Whimsicott, F|\n|poke|p2|Marshadow|\n|poke|p2|Chien-Pao|\n|poke|p2|Kingambit, F|\n|poke|p2|Charizard, M|\n|teampreview\n|inactive|Battle timer is ON: inactive players will automatically lose when time's up. (requested by mmmirza)\n|inactive|Monkmilt2 has 120 seconds left.\n|inactive|mmmirza has 120 seconds left.\n|inactive|mmmirza has 90 seconds left.\n|\n|t:|1697335379\n|start\n|switch|p1a: Arcanine|Arcanine-Hisui, M|100\/100\n|switch|p1b: Rillaboom|Rillaboom, M, shiny|100\/100\n|switch|p2a: Ogerpon|Ogerpon-Hearthflame, F|100\/100\n|switch|p2b: Whimsicott|Whimsicott, F|100\/100\n|-ability|p2a: Ogerpon|Mold Breaker\n|-fieldstart|move: Grassy Terrain|[from] ability: Grassy Surge|[of] p1b: Rillaboom\n|turn|1\n|\n|t:|1697335395\n|move|p2a: Ogerpon|Spiky Shield|p2a: Ogerpon\n|-singleturn|p2a: Ogerpon|move: Protect\n|move|p1b: Rillaboom|Fake Out|p2a: Ogerpon\n|-activate|p2a: Ogerpon|move: Protect\n|-damage|p1b: Rillaboom|88\/100|[from] Spiky Shield|[of] p2a: Ogerpon\n|move|p2b: Whimsicott|Tailwind|p2b: Whimsicott\n|-sidestart|p2: mmmirza|move: Tailwind\n|move|p1a: Arcanine|Head Smash|p2a: Ogerpon\n|-activate|p2a: Ogerpon|move: Protect\n|-damage|p1a: Arcanine|88\/100|[from] Spiky Shield|[of] p2a: Ogerpon\n|\n|-heal|p1a: Arcanine|94\/100|[from] Grassy Terrain\n|-heal|p1b: Rillaboom|94\/100|[from] Grassy Terrain\n|upkeep\n|turn|2\n|\n|t:|1697335414\n|-terastallize|p2a: Ogerpon|Fire\n|detailschange|p2a: Ogerpon|Ogerpon-Hearthflame-Tera, F, tera:Fire\n|-ability|p2a: Ogerpon|Embody Aspect (Hearthflame)|boost\n|-boost|p2a: Ogerpon|atk|1\n|move|p2b: Whimsicott|Encore|p1b: Rillaboom\n|-start|p1b: Rillaboom|Encore\n|move|p2a: Ogerpon|Stomping Tantrum|p1a: Arcanine\n|-supereffective|p1a: Arcanine\n|-damage|p1a: Arcanine|0 fnt\n|faint|p1a: Arcanine\n|move|p1b: Rillaboom|Fake Out||[still]\n|-hint|Fake Out only works on your first turn out.\n|-fail|p1b: Rillaboom\n|\n|-heal|p1b: Rillaboom|100\/100|[from] Grassy Terrain\n|upkeep\n|\n|t:|1697335426\n|switch|p1a: Ninetales|Ninetales-Alola, F|100\/100\n|-weather|Snow|[from] ability: Snow Warning|[of] p1a: Ninetales\n|turn|3\n|\n|t:|1697335437\n|switch|p1b: Empoleon|Empoleon, M, shiny|100\/100\n|move|p2b: Whimsicott|Dazzling Gleam|p1b: Empoleon|[spread] p1a,p1b\n|-resisted|p1b: Empoleon\n|-damage|p1a: Ninetales|74\/100\n|-damage|p1b: Empoleon|88\/100\n|move|p2a: Ogerpon|Ivy Cudgel|p1a: Ninetales\n|-supereffective|p1a: Ninetales\n|-crit|p1a: Ninetales\n|-damage|p1a: Ninetales|0 fnt\n|faint|p1a: Ninetales\n|\n|-weather|Snow|[upkeep]\n|-heal|p1b: Empoleon|94\/100|[from] Grassy Terrain\n|upkeep\n|\n|t:|1697335456\n|switch|p1a: Rillaboom|Rillaboom, M, shiny|100\/100\n|turn|4\n|\n|t:|1697335466\n|switch|p2b: Charizard|Charizard, M|100\/100\n|move|p2a: Ogerpon|Spiky Shield|p2a: Ogerpon\n|-singleturn|p2a: Ogerpon|move: Protect\n|move|p1a: Rillaboom|Drain Punch|p2a: Ogerpon\n|-activate|p2a: Ogerpon|move: Protect\n|-damage|p1a: Rillaboom|88\/100|[from] Spiky Shield|[of] p2a: Ogerpon\n|move|p1b: Empoleon|Blizzard|p2b: Charizard|[spread] p2b\n|-activate|p2a: Ogerpon|move: Protect\n|-damage|p2b: Charizard|64\/100\n|\n|-weather|Snow|[upkeep]\n|-heal|p1a: Rillaboom|94\/100|[from] Grassy Terrain\n|-heal|p1b: Empoleon|99\/100|[from] Grassy Terrain\n|-sideend|p2: mmmirza|move: Tailwind\n|upkeep\n|turn|5\n|\n|t:|1697335490\n|detailschange|p2b: Charizard|Charizard-Mega-Y, M\n|-mega|p2b: Charizard|Charizard|Charizardite Y\n|-weather|SunnyDay|[from] ability: Drought|[of] p2b: Charizard\n|move|p2a: Ogerpon|Ivy Cudgel|p1b: Empoleon\n|-damage|p1b: Empoleon|0 fnt\n|faint|p1b: Empoleon\n|move|p2b: Charizard|Tailwind|p2b: Charizard\n|-sidestart|p2: mmmirza|move: Tailwind\n|move|p1a: Rillaboom|Drain Punch|p2b: Charizard\n|-resisted|p2b: Charizard\n|-damage|p2b: Charizard|42\/100\n|-heal|p1a: Rillaboom|100\/100|[from] drain|[of] p2b: Charizard\n|\n|-weather|SunnyDay|[upkeep]\n|-fieldend|move: Grassy Terrain\n|upkeep\n|inactive|Monkmilt2 has 120 seconds left.\n|\n|t:|1697335518\n|switch|p1b: Baxcalibur|Baxcalibur, F|100\/100\n|turn|6\n|\n|t:|1697335531\n|-terastallize|p1b: Baxcalibur|Fairy\n|move|p2a: Ogerpon|Ivy Cudgel|p1b: Baxcalibur\n|-damage|p1b: Baxcalibur|0 fnt\n|faint|p1b: Baxcalibur\n|move|p2b: Charizard|Heat Wave|p1a: Rillaboom\n|-supereffective|p1a: Rillaboom\n|-damage|p1a: Rillaboom|0 fnt\n|faint|p1a: Rillaboom\n|\n|-weather|SunnyDay|[upkeep]\n|upkeep\n|inactive|Monkmilt2 has 120 seconds left.\n|\n|t:|1697335542\n|switch|p1b: Serperior|Serperior, M|100\/100\n|turn|7\n|-message|Monkmilt2 forfeited.\n|\n|win|mmmirza\n|raw|Monkmilt2's rating: 1247 &rarr; <strong>1236<\/strong><br \/>(-11 for losing)\n|raw|mmmirza's rating: 1474 &rarr; <strong>1483<\/strong><br \/>(+9 for winning)\n|l|\u2606Monkmilt2\n","uploadtime":1697335550,"views":11,"p1id":"monkmilt2","p2id":"mmmirza","formatid":"gen9nationaldexdoubles","rating":1236,"private":0,"password":""}