{"id":"gen9nationaldexdoubles-1948562959","p1":"CluelessGamer18","p2":"NautilusReign","format":"[Gen 9] National Dex Doubles","log":"|j|\u2606CluelessGamer18\n|j|\u2606NautilusReign\n|t:|1695274631\n|gametype|doubles\n|player|p1|CluelessGamer18|2|\n|player|p2|NautilusReign|101|\n|teamsize|p1|6\n|teamsize|p2|6\n|gen|9\n|tier|[Gen 9] National Dex Doubles\n|rule|HP Percentage Mod: HP is shown in percentages\n|rule|Endless Battle Clause: Forcing endless battles is banned\n|rule|OHKO Clause: OHKO moves are banned\n|rule|Evasion Moves Clause: Evasion moves are banned\n|rule|Evasion Abilities Clause: Evasion abilities are banned\n|rule|Species Clause: Limit one of each Pok\u00e9mon\n|rule|Gravity Sleep Clause: The combination of sleep-inducing moves with imperfect accuracy and Gravity or Gigantamax Orbeetle are banned\n|clearpoke\n|poke|p1|Zeraora|\n|poke|p1|Metagross|\n|poke|p1|Mimikyu, M|\n|poke|p1|Mamoswine, F|\n|poke|p1|Zoroark, M|\n|poke|p1|Serperior, F|\n|poke|p2|Salamence, F|\n|poke|p2|Chien-Pao|\n|poke|p2|Snorlax, F|\n|poke|p2|Landorus-Therian, M|\n|poke|p2|Gigalith, F|\n|poke|p2|Alakazam, M|\n|teampreview\n|j| JJ22FTW\n|\n|t:|1695274659\n|start\n|switch|p1a: Mimikyu|Mimikyu, M, shiny|100\/100\n|switch|p1b: Zeraora|Zeraora|100\/100\n|switch|p2a: gag|Gigalith, F|100\/100\n|switch|p2b: akky|Alakazam, M|100\/100\n|turn|1\n|\n|t:|1695274687\n|move|p1b: Zeraora|Volt Switch|p2b: akky\n|-damage|p2b: akky|57\/100\n|-damage|p1b: Zeraora|91\/100|[from] item: Life Orb\n|\n|t:|1695274693\n|switch|p1b: Mamoswine|Mamoswine, F, shiny|100\/100|[from] Volt Switch\n|move|p2b: akky|Calm Mind|p2b: akky\n|-boost|p2b: akky|spa|1\n|-boost|p2b: akky|spd|1\n|move|p1a: Mimikyu|Swords Dance|p1a: Mimikyu\n|-boost|p1a: Mimikyu|atk|2\n|move|p2a: gag|Toxic|p1b: Mamoswine\n|-status|p1b: Mamoswine|tox\n|\n|-damage|p1b: Mamoswine|94\/100 tox|[from] psn\n|upkeep\n|turn|2\n|\n|t:|1695274724\n|move|p2b: akky|Dazzling Gleam|p1b: Mamoswine|[spread] p1a,p1b\n|-activate|p1a: Mimikyu|ability: Disguise\n|-damage|p1a: Mimikyu|100\/100\n|-damage|p1b: Mamoswine|49\/100 tox\n|detailschange|p1a: Mimikyu|Mimikyu-Busted, M, shiny\n|-damage|p1a: Mimikyu|88\/100|[from] pokemon: Mimikyu-Busted\n|move|p1a: Mimikyu|Shadow Claw|p2b: akky\n|-supereffective|p2b: akky\n|-damage|p2b: akky|0 fnt\n|faint|p2b: akky\n|-damage|p1a: Mimikyu|78\/100|[from] item: Life Orb\n|move|p1b: Mamoswine|Knock Off|p2a: gag\n|-damage|p2a: gag|75\/100\n|-damage|p1b: Mamoswine|39\/100 tox|[from] item: Life Orb\n|move|p2a: gag|Stealth Rock|p1b: Mamoswine\n|-sidestart|p1: CluelessGamer18|move: Stealth Rock\n|\n|-damage|p1b: Mamoswine|27\/100 tox|[from] psn\n|upkeep\n|\n|t:|1695274744\n|switch|p2b: cheepo|Chien-Pao|100\/100\n|-ability|p2b: cheepo|Sword of Ruin\n|turn|3\n|\n|t:|1695274775\n|move|p2b: cheepo|Crunch|p1a: Mimikyu\n|-damage|p1a: Mimikyu|0 fnt\n|faint|p1a: Mimikyu\n|move|p1b: Mamoswine|Icicle Crash|p2a: gag\n|-damage|p2a: gag|10\/100\n|-damage|p1b: Mamoswine|17\/100 tox|[from] item: Life Orb\n|move|p2a: gag|Rock Slide|p1b: Mamoswine|[miss]\n|-miss|p2a: gag|p1b: Mamoswine\n|\n|-damage|p1b: Mamoswine|0 fnt|[from] psn\n|faint|p1b: Mamoswine\n|upkeep\n|\n|t:|1695274797\n|switch|p1a: Metagross|Metagross, shiny|100\/100\n|switch|p1b: Serperior|Serperior, F, shiny|100\/100\n|-damage|p1b: Serperior|88\/100|[from] Stealth Rock\n|-damage|p1a: Metagross|94\/100|[from] Stealth Rock\n|turn|4\n|\n|t:|1695274821\n|detailschange|p1a: Metagross|Metagross-Mega, shiny\n|-mega|p1a: Metagross|Metagross|Metagrossite\n|move|p2b: cheepo|Icicle Crash|p1b: Serperior\n|-damage|p1b: Serperior|0 fnt\n|replace|p1b: Zoroark|Zoroark, M, shiny\n|-end|p1b: Zoroark|Illusion\n|faint|p1b: Zoroark\n|move|p1a: Metagross|Meteor Mash|p2b: cheepo\n|-supereffective|p2b: cheepo\n|-damage|p2b: cheepo|0 fnt\n|faint|p2b: cheepo\n|move|p2a: gag|Toxic|p1a: Metagross\n|-immune|p1a: Metagross\n|\n|upkeep\n|\n|t:|1695274842\n|switch|p2b: lank|Landorus-Therian, M|100\/100\n|switch|p1b: Zeraora|Zeraora|91\/100\n|-damage|p1b: Zeraora|78\/100|[from] Stealth Rock\n|-ability|p2b: lank|Intimidate|boost\n|-unboost|p1a: Metagross|atk|1\n|-unboost|p1b: Zeraora|atk|1\n|turn|5\n|\n|t:|1695274857\n|move|p1b: Zeraora|Grass Knot|p2a: gag\n|-supereffective|p2a: gag\n|-damage|p2a: gag|0 fnt\n|faint|p2a: gag\n|-damage|p1b: Zeraora|69\/100|[from] item: Life Orb\n|move|p1a: Metagross|Ice Punch|p2b: lank\n|-supereffective|p2b: lank\n|-damage|p2b: lank|0 fnt\n|faint|p2b: lank\n|\n|upkeep\n|\n|t:|1695274869\n|switch|p2b: snorp|Snorlax, F|100\/100\n|switch|p2a: sagamans|Salamence, F|100\/100\n|turn|6\n|\n|t:|1695274887\n|detailschange|p2a: sagamans|Salamence-Mega, F\n|-mega|p2a: sagamans|Salamence|Salamencite\n|move|p1b: Zeraora|Volt Switch|p2b: snorp\n|-damage|p2b: snorp|80\/100\n|-damage|p1b: Zeraora|59\/100|[from] item: Life Orb\n|\n|t:|1695274891\n|switch|p1b: Serperior|Serperior, F, shiny|100\/100|[from] Volt Switch\n|-damage|p1b: Serperior|88\/100|[from] Stealth Rock\n|move|p2a: sagamans|Crunch|p1a: Metagross\n|-supereffective|p1a: Metagross\n|-damage|p1a: Metagross|56\/100\n|move|p1a: Metagross|Ice Punch|p2a: sagamans\n|-supereffective|p2a: sagamans\n|-damage|p2a: sagamans|22\/100\n|move|p2b: snorp|Heat Crash|p1a: Metagross\n|-supereffective|p1a: Metagross\n|-damage|p1a: Metagross|37\/100\n|\n|-heal|p1b: Serperior|94\/100|[from] item: Leftovers\n|upkeep\n|turn|7\n|\n|t:|1695274921\n|move|p1a: Metagross|Bullet Punch|p2a: sagamans\n|-damage|p2a: sagamans|7\/100\n|move|p2a: sagamans|Dual Wingbeat|p1b: Serperior\n|-supereffective|p1b: Serperior\n|-damage|p1b: Serperior|43\/100\n|-supereffective|p1b: Serperior\n|-damage|p1b: Serperior|0 fnt\n|faint|p1b: Serperior\n|-hitcount|p1: Serperior|2\n|move|p2b: snorp|Counter||[still]\n|-fail|p2b: snorp\n|\n|upkeep\n|\n|t:|1695274930\n|switch|p1b: Zeraora|Zeraora|59\/100\n|-damage|p1b: Zeraora|47\/100|[from] Stealth Rock\n|turn|8\n|\n|t:|1695274948\n|move|p1a: Metagross|Bullet Punch|p2a: sagamans\n|-damage|p2a: sagamans|0 fnt\n|faint|p2a: sagamans\n|move|p1b: Zeraora|Close Combat|p2b: snorp\n|-supereffective|p2b: snorp\n|-damage|p2b: snorp|0 fnt\n|-unboost|p1b: Zeraora|def|1\n|-unboost|p1b: Zeraora|spd|1\n|faint|p2b: snorp\n|-damage|p1b: Zeraora|37\/100|[from] item: Life Orb\n|\n|win|CluelessGamer18\n","uploadtime":1695274959,"views":15,"p1id":"cluelessgamer18","p2id":"nautilusreign","formatid":"gen9nationaldexdoubles","rating":0,"private":0,"password":""}