{"id":"gen9nationaldexdoubles-1974464472","p1":"The OG Trainer Red","p2":"Ronald Rizz Wizard","format":"[Gen 9] National Dex Doubles","log":"|j|\u2606The OG Trainer Red\n|j|\u2606Ronald Rizz Wizard\n|t:|1698089156\n|gametype|doubles\n|player|p1|The OG Trainer Red|fisherman-gen4|1344\n|player|p2|Ronald Rizz Wizard|clair|1363\n|teamsize|p1|6\n|teamsize|p2|6\n|gen|9\n|tier|[Gen 9] National Dex Doubles\n|rated|\n|rule|HP Percentage Mod: HP is shown in percentages\n|rule|Endless Battle Clause: Forcing endless battles is banned\n|rule|OHKO Clause: OHKO moves are banned\n|rule|Evasion Moves Clause: Evasion moves are banned\n|rule|Evasion Abilities Clause: Evasion abilities are banned\n|rule|Species Clause: Limit one of each Pok\u00e9mon\n|rule|Gravity Sleep Clause: The combination of sleep-inducing moves with imperfect accuracy and Gravity or Gigantamax Orbeetle are banned\n|clearpoke\n|poke|p1|Ninetales, F|\n|poke|p1|Leafeon, F|\n|poke|p1|Espeon, F|\n|poke|p1|Indeedee-F, F|\n|poke|p1|Ursaluna-Bloodmoon, M|\n|poke|p1|Iron Hands|\n|poke|p2|Charizard, M|\n|poke|p2|Flutter Mane|\n|poke|p2|Typhlosion-Hisui, M|\n|poke|p2|Zygarde|\n|poke|p2|Chi-Yu|\n|poke|p2|Whimsicott, M|\n|teampreview\n|inactive|Battle timer is ON: inactive players will automatically lose when time's up. (requested by Ronald Rizz Wizard)\n|inactive|Ronald Rizz Wizard has 120 seconds left.\n|\n|t:|1698089203\n|start\n|switch|p1a: Espeon|Espeon, F|100\/100\n|switch|p1b: Indeedee|Indeedee-F, F|100\/100\n|switch|p2a: Charizard|Charizard, M|100\/100\n|switch|p2b: Typhlosion|Typhlosion-Hisui, M|100\/100\n|-item|p1a: Espeon|Focus Sash|[from] ability: Frisk|[of] p2b: Typhlosion|[identify]\n|-item|p1b: Indeedee|Focus Sash|[from] ability: Frisk|[of] p2b: Typhlosion|[identify]\n|-fieldstart|move: Psychic Terrain|[from] ability: Psychic Surge|[of] p1b: Indeedee\n|turn|1\n|\n|t:|1698089221\n|detailschange|p2a: Charizard|Charizard-Mega-Y, M\n|-mega|p2a: Charizard|Charizard|Charizardite Y\n|-weather|SunnyDay|[from] ability: Drought|[of] p2a: Charizard\n|move|p2b: Typhlosion|Eruption|p1b: Indeedee|[spread] p1a,p1b\n|-enditem|p1a: Espeon|Focus Sash\n|-damage|p1a: Espeon|1\/100\n|-damage|p1b: Indeedee|27\/100\n|move|p1a: Espeon|Expanding Force|p2b: Typhlosion|[spread] p2a,p2b\n|-damage|p2a: Charizard|39\/100\n|-damage|p2b: Typhlosion|11\/100\n|move|p2a: Charizard|Heat Wave|p1a: Espeon|[spread] p1a,p1b\n|-damage|p1a: Espeon|0 fnt\n|-damage|p1b: Indeedee|0 fnt\n|faint|p1a: Espeon\n|faint|p1b: Indeedee\n|\n|-weather|SunnyDay|[upkeep]\n|upkeep\n|c|\u2606The OG Trainer Red|so its impossible..\n|inactive|The OG Trainer Red has 120 seconds left.\n|c|\u2606The OG Trainer Red|it outspeeds and one shots literally anything.. and its invincible..\n|inactive|The OG Trainer Red has 90 seconds left.\n|\n|t:|1698089278\n|switch|p1a: Ninetales|Ninetales, F|100\/100\n|switch|p1b: Leafeon|Leafeon, F|100\/100\n|turn|2\n|\n|t:|1698089297\n|switch|p2b: Zygarde|Zygarde|100\/100\n|-ability|p2b: Zygarde|Aura Break\n|-terastallize|p1b: Leafeon|Fire\n|move|p1b: Leafeon|Knock Off|p2a: Charizard\n|-damage|p2a: Charizard|10\/100\n|move|p2a: Charizard|Heat Wave|p1a: Ninetales|[spread] p1a,p1b\n|-resisted|p1a: Ninetales\n|-resisted|p1b: Leafeon\n|-damage|p1a: Ninetales|63\/100\n|-damage|p1b: Leafeon|70\/100\n|move|p1a: Ninetales|Flamethrower|p2b: Zygarde\n|-resisted|p2b: Zygarde\n|-damage|p2b: Zygarde|69\/100\n|\n|-weather|SunnyDay|[upkeep]\n|upkeep\n|turn|3\n|\n|t:|1698089322\n|move|p1b: Leafeon|Solar Blade||[still]\n|-prepare|p1b: Leafeon|Solar Blade\n|-anim|p1b: Leafeon|Solar Blade|p2b: Zygarde\n|-damage|p2b: Zygarde|28\/100\n|move|p2a: Charizard|Tailwind|p2a: Charizard\n|-sidestart|p2: Ronald Rizz Wizard|move: Tailwind\n|move|p2b: Zygarde|Dragon Dance|p2b: Zygarde\n|-boost|p2b: Zygarde|atk|1\n|-boost|p2b: Zygarde|spe|1\n|move|p1a: Ninetales|Flamethrower|p2a: Charizard\n|-resisted|p2a: Charizard\n|-damage|p2a: Charizard|0 fnt\n|faint|p2a: Charizard\n|\n|-weather|SunnyDay|[upkeep]\n|upkeep\n|inactive|Ronald Rizz Wizard has 120 seconds left.\n|\n|t:|1698089338\n|switch|p2a: Chi-Yu|Chi-Yu|100\/100\n|-ability|p2a: Chi-Yu|Beads of Ruin\n|turn|4\n|inactive|The OG Trainer Red has 120 seconds left.\n|\n|t:|1698089363\n|move|p2b: Zygarde|Thousand Arrows|p1b: Leafeon|[spread] p1a,p1b\n|-supereffective|p1a: Ninetales\n|-supereffective|p1b: Leafeon\n|-damage|p1a: Ninetales|0 fnt\n|-damage|p1b: Leafeon|1\/100\n|faint|p1a: Ninetales\n|move|p2a: Chi-Yu|Dark Pulse|p1b: Leafeon\n|-damage|p1b: Leafeon|0 fnt\n|faint|p1b: Leafeon\n|\n|-weather|SunnyDay|[upkeep]\n|upkeep\n|\n|t:|1698089374\n|switch|p1a: Ursaluna|Ursaluna-Bloodmoon, M|100\/100\n|switch|p1b: Iron Hands|Iron Hands|100\/100\n|-enditem|p1b: Iron Hands|Booster Energy\n|-activate|p1b: Iron Hands|ability: Quark Drive|[fromitem]\n|-start|p1b: Iron Hands|quarkdriveatk\n|turn|5\n|inactive|The OG Trainer Red has 120 seconds left.\n|\n|t:|1698089391\n|move|p2b: Zygarde|Thousand Arrows|p1a: Ursaluna|[spread] p1a,p1b\n|-supereffective|p1b: Iron Hands\n|-crit|p1b: Iron Hands\n|-damage|p1a: Ursaluna|73\/100\n|-damage|p1b: Iron Hands|21\/100\n|-zpower|p2a: Chi-Yu\n|move|p2a: Chi-Yu|Inferno Overdrive|p1b: Iron Hands|[zeffect]\n|-damage|p1b: Iron Hands|0 fnt\n|faint|p1b: Iron Hands\n|-end|p1b: Iron Hands|Quark Drive|[silent]\n|move|p1a: Ursaluna|Earth Power|p2a: Chi-Yu\n|-supereffective|p2a: Chi-Yu\n|-damage|p2a: Chi-Yu|0 fnt\n|faint|p2a: Chi-Yu\n|\n|-weather|none\n|-fieldend|move: Psychic Terrain\n|upkeep\n|\n|t:|1698089409\n|switch|p2a: Flutter Mane|Flutter Mane|100\/100\n|turn|6\n|\n|t:|1698089415\n|move|p2b: Zygarde|Thousand Arrows|p1a: Ursaluna\n|-damage|p1a: Ursaluna|39\/100\n|move|p2a: Flutter Mane|Moonblast|p1a: Ursaluna\n|-damage|p1a: Ursaluna|0 fnt\n|faint|p1a: Ursaluna\n|\n|win|Ronald Rizz Wizard\n|raw|The OG Trainer Red's rating: 1344 &rarr; <strong>1325<\/strong><br \/>(-19 for losing)\n|raw|Ronald Rizz Wizard's rating: 1363 &rarr; <strong>1382<\/strong><br \/>(+19 for winning)\n|c|\u2606Ronald Rizz Wizard|Ggs\n|l|\u2606The OG Trainer Red\n","uploadtime":1698089459,"views":9,"p1id":"theogtrainerred","p2id":"ronaldrizzwizard","formatid":"gen9nationaldexdoubles","rating":1325,"private":0,"password":""}