{"id":"gen9nationaldexdoubles-1996224081","p1":"iwkaid","p2":"Pancake Tuesday","format":"[Gen 9] National Dex Doubles","log":"|j|\u2606iwkaid\n|j|\u2606Pancake Tuesday\n|t:|1700661145\n|gametype|doubles\n|player|p1|iwkaid|n|1097\n|player|p2|Pancake Tuesday|cynthia|1390\n|teamsize|p1|6\n|teamsize|p2|6\n|gen|9\n|tier|[Gen 9] National Dex Doubles\n|rated|\n|rule|HP Percentage Mod: HP is shown in percentages\n|rule|Endless Battle Clause: Forcing endless battles is banned\n|rule|OHKO Clause: OHKO moves are banned\n|rule|Evasion Moves Clause: Evasion moves are banned\n|rule|Evasion Abilities Clause: Evasion abilities are banned\n|rule|Species Clause: Limit one of each Pok\u00e9mon\n|rule|Gravity Sleep Clause: The combination of sleep-inducing moves with imperfect accuracy and Gravity or Gigantamax Orbeetle are banned\n|clearpoke\n|poke|p1|Rillaboom, F|\n|poke|p1|Ogerpon-Hearthflame, F|\n|poke|p1|Ninetales-Alola, M|\n|poke|p1|Glastrier|\n|poke|p1|Banette, M|\n|poke|p1|Cresselia, F|\n|poke|p2|Deoxys-Attack|\n|poke|p2|Tapu Lele|\n|poke|p2|Landorus, M|\n|poke|p2|Zapdos|\n|poke|p2|Dragapult, F|\n|poke|p2|Metagross|\n|teampreview\n|inactive|Battle timer is ON: inactive players will automatically lose when time's up. (requested by Pancake Tuesday)\n|inactive|iwkaid also wants the timer to be on.\n|\n|t:|1700661160\n|start\n|switch|p1a: Banette|Banette, M|100\/100\n|switch|p1b: Rillaboom|Rillaboom, F|100\/100\n|switch|p2a: Metagross|Metagross|100\/100\n|switch|p2b: Deoxys|Deoxys-Attack|100\/100\n|-ability|p2b: Deoxys|Pressure\n|-fieldstart|move: Grassy Terrain|[from] ability: Grassy Surge|[of] p1b: Rillaboom\n|-item|p2a: Metagross|Metagrossite|[from] ability: Frisk|[of] p1a: Banette|[identify]\n|-item|p2b: Deoxys|Focus Sash|[from] ability: Frisk|[of] p1a: Banette|[identify]\n|turn|1\n|\n|t:|1700661177\n|switch|p2a: Zapdos|Zapdos|100\/100\n|detailschange|p1a: Banette|Banette-Mega, M\n|-mega|p1a: Banette|Banette|Banettite\n|move|p2b: Deoxys|Protect|p2b: Deoxys\n|-singleturn|p2b: Deoxys|Protect\n|move|p1b: Rillaboom|Fake Out|p2a: Zapdos\n|-damage|p2a: Zapdos|84\/100\n|move|p1a: Banette|Poltergeist|p2a: Zapdos\n|-activate|p2a: Zapdos|move: Poltergeist|Psychic Seed\n|-damage|p2a: Zapdos|5\/100\n|\n|upkeep\n|turn|2\n|\n|t:|1700661205\n|move|p2b: Deoxys|Psycho Boost|p1b: Rillaboom\n|-damage|p1b: Rillaboom|0 fnt\n|-unboost|p2b: Deoxys|spa|2\n|faint|p1b: Rillaboom\n|move|p2a: Zapdos|Roost|p2a: Zapdos\n|-heal|p2a: Zapdos|55\/100\n|-singleturn|p2a: Zapdos|move: Roost\n|move|p1a: Banette|Poltergeist|p2b: Deoxys\n|-activate|p2b: Deoxys|move: Poltergeist|Focus Sash\n|-supereffective|p2b: Deoxys\n|-enditem|p2b: Deoxys|Focus Sash\n|-damage|p2b: Deoxys|1\/100\n|\n|-heal|p2b: Deoxys|7\/100|[from] Grassy Terrain\n|-heal|p2a: Zapdos|61\/100|[from] Grassy Terrain\n|upkeep\n|inactive|iwkaid has 120 seconds left.\n|\n|t:|1700661225\n|switch|p1b: Ninetales|Ninetales-Alola, M|100\/100\n|-weather|Snow|[from] ability: Snow Warning|[of] p1b: Ninetales\n|turn|3\n|\n|t:|1700661235\n|move|p1a: Banette|Shadow Sneak|p2b: Deoxys\n|-supereffective|p2b: Deoxys\n|-damage|p2b: Deoxys|0 fnt\n|faint|p2b: Deoxys\n|move|p1b: Ninetales|Freeze-Dry|p2a: Zapdos\n|-supereffective|p2a: Zapdos\n|-damage|p2a: Zapdos|33\/100\n|move|p2a: Zapdos|Tailwind|p2a: Zapdos\n|-sidestart|p2: Pancake Tuesday|move: Tailwind\n|\n|-weather|Snow|[upkeep]\n|upkeep\n|inactive|Pancake Tuesday has 120 seconds left.\n|\n|t:|1700661272\n|switch|p2b: Dragapult|Dragapult, F|100\/100\n|turn|4\n|\n|t:|1700661281\n|switch|p1b: Cresselia|Cresselia, F|100\/100\n|move|p1a: Banette|Destiny Bond|p1a: Banette\n|-singlemove|p1a: Banette|Destiny Bond\n|move|p2b: Dragapult|Phantom Force||[still]\n|-prepare|p2b: Dragapult|Phantom Force\n|move|p2a: Zapdos|Roost|p2a: Zapdos\n|-heal|p2a: Zapdos|83\/100\n|-singleturn|p2a: Zapdos|move: Roost\n|\n|-weather|Snow|[upkeep]\n|-heal|p2a: Zapdos|89\/100|[from] Grassy Terrain\n|upkeep\n|turn|5\n|\n|t:|1700661305\n|move|p1a: Banette|Destiny Bond||[still]\n|-fail|p1a: Banette\n|move|p2b: Dragapult|Phantom Force|p1a: Banette|[from]lockedmove\n|-supereffective|p1a: Banette\n|-damage|p1a: Banette|0 fnt\n|faint|p1a: Banette\n|move|p2a: Zapdos|Hurricane|p1b: Cresselia|[miss]\n|-miss|p2a: Zapdos|p1b: Cresselia\n|move|p1b: Cresselia|Trick Room|p1b: Cresselia\n|-fieldstart|move: Trick Room|[of] p1b: Cresselia\n|\n|-weather|Snow|[upkeep]\n|-fieldend|move: Grassy Terrain\n|upkeep\n|\n|t:|1700661315\n|switch|p1a: Glastrier|Glastrier|100\/100\n|turn|6\n|inactive|Pancake Tuesday has 120 seconds left.\n|c|\u2606iwkaid|\u5927\u4f6c\n|\n|t:|1700661352\n|-terastallize|p2b: Dragapult|Ghost\n|move|p1a: Glastrier|Icicle Crash|p2b: Dragapult\n|-damage|p2b: Dragapult|31\/100\n|move|p1b: Cresselia|Toxic|p2a: Zapdos\n|-status|p2a: Zapdos|tox\n|move|p2a: Zapdos|Thunderbolt|p1a: Glastrier\n|-damage|p1a: Glastrier|70\/100\n|cant|p2b: Dragapult|flinch\n|\n|-weather|Snow|[upkeep]\n|-heal|p1a: Glastrier|76\/100|[from] item: Leftovers\n|-damage|p2a: Zapdos|83\/100 tox|[from] psn\n|-sideend|p2: Pancake Tuesday|move: Tailwind\n|upkeep\n|turn|7\n|inactive|Pancake Tuesday has 120 seconds left.\n|\n|t:|1700661380\n|switch|p2b: Metagross|Metagross|100\/100\n|move|p1a: Glastrier|Icicle Crash|p2a: Zapdos\n|-supereffective|p2a: Zapdos\n|-damage|p2a: Zapdos|0 fnt\n|faint|p2a: Zapdos\n|-ability|p1a: Glastrier|Chilling Neigh|boost\n|-boost|p1a: Glastrier|atk|1\n|move|p1b: Cresselia|Psychic|p2b: Metagross\n|-resisted|p2b: Metagross\n|-damage|p2b: Metagross|93\/100\n|\n|-weather|none\n|-heal|p1a: Glastrier|82\/100|[from] item: Leftovers\n|upkeep\n|\n|t:|1700661405\n|switch|p2a: Landorus|Landorus, M|100\/100\n|turn|8\n|inactive|Pancake Tuesday has 120 seconds left.\n|\n|t:|1700661421\n|detailschange|p2b: Metagross|Metagross-Mega\n|-mega|p2b: Metagross|Metagross|Metagrossite\n|move|p2a: Landorus|Protect|p2a: Landorus\n|-singleturn|p2a: Landorus|Protect\n|move|p1a: Glastrier|High Horsepower|p2b: Metagross|[miss]\n|-miss|p1a: Glastrier|p2b: Metagross\n|move|p1b: Cresselia|Toxic|p2a: Landorus\n|-activate|p2a: Landorus|move: Protect\n|move|p2b: Metagross|Meteor Mash|p1a: Glastrier\n|-supereffective|p1a: Glastrier\n|-damage|p1a: Glastrier|0 fnt\n|-boost|p2b: Metagross|atk|1\n|faint|p1a: Glastrier\n|\n|upkeep\n|\n|t:|1700661436\n|switch|p1a: Ogerpon|Ogerpon-Hearthflame, F|100\/100\n|-ability|p1a: Ogerpon|Mold Breaker\n|turn|9\n|c|\u2606iwkaid|GG\n|c|\u2606Pancake Tuesday|ggs\n|\n|t:|1700661457\n|move|p2b: Metagross|Protect|p2b: Metagross\n|-singleturn|p2b: Metagross|Protect\n|move|p1b: Cresselia|Toxic|p2a: Landorus\n|-status|p2a: Landorus|tox\n|move|p2a: Landorus|Sandsear Storm|p1b: Cresselia|[spread] p1a\n|-immune|p1b: Cresselia|[from] ability: Levitate\n|-damage|p1a: Ogerpon|28\/100\n|move|p1a: Ogerpon|Ivy Cudgel|p2b: Metagross|[anim] Ivy Cudgel Fire\n|-activate|p2b: Metagross|move: Protect\n|\n|-damage|p2a: Landorus|95\/100 tox|[from] psn\n|-fieldend|move: Trick Room\n|upkeep\n|turn|10\n|\n|t:|1700661475\n|switch|p2b: Dragapult|Dragapult, F, tera:Ghost|31\/100\n|move|p1a: Ogerpon|Spiky Shield|p1a: Ogerpon\n|-singleturn|p1a: Ogerpon|move: Protect\n|move|p2a: Landorus|Sandsear Storm|p1b: Cresselia|[spread] \n|-activate|p1a: Ogerpon|move: Protect\n|-immune|p1b: Cresselia|[from] ability: Levitate\n|move|p1b: Cresselia|Moonlight|p1b: Cresselia\n|-fail|p1b: Cresselia|heal\n|\n|-damage|p2a: Landorus|83\/100 tox|[from] psn\n|upkeep\n|turn|11\n|\n|t:|1700661494\n|move|p2b: Dragapult|Phantom Force||[still]\n|-prepare|p2b: Dragapult|Phantom Force\n|move|p1a: Ogerpon|Ivy Cudgel|p2b: Dragapult|[anim] Ivy Cudgel Fire|[miss]\n|-miss|p1a: Ogerpon|p2b: Dragapult\n|move|p2a: Landorus|Sludge Bomb|p1a: Ogerpon\n|-supereffective|p1a: Ogerpon\n|-damage|p1a: Ogerpon|0 fnt\n|faint|p1a: Ogerpon\n|move|p1b: Cresselia|Toxic|p2b: Dragapult|[miss]\n|-miss|p1b: Cresselia|p2b: Dragapult\n|\n|-damage|p2a: Landorus|65\/100 tox|[from] psn\n|upkeep\n|\n|t:|1700661506\n|switch|p1a: Ninetales|Ninetales-Alola, M|100\/100\n|-weather|Snow|[from] ability: Snow Warning|[of] p1a: Ninetales\n|turn|12\n|\n|t:|1700661514\n|switch|p2a: Metagross|Metagross-Mega|93\/100\n|move|p2b: Dragapult|Phantom Force|p1b: Cresselia|[from]lockedmove\n|-supereffective|p1b: Cresselia\n|-damage|p1b: Cresselia|0 fnt\n|faint|p1b: Cresselia\n|move|p1a: Ninetales|Freeze-Dry|p2a: Metagross\n|-resisted|p2a: Metagross\n|-damage|p2a: Metagross|82\/100\n|\n|-weather|Snow|[upkeep]\n|upkeep\n|turn|13\n|-message|iwkaid forfeited.\n|\n|win|Pancake Tuesday\n|raw|iwkaid's rating: 1097 &rarr; <strong>1089<\/strong><br \/>(-8 for losing)\n|raw|Pancake Tuesday's rating: 1390 &rarr; <strong>1396<\/strong><br \/>(+6 for winning)\n|l|\u2606iwkaid\n","uploadtime":1700661548,"views":1,"p1id":"iwkaid","p2id":"pancaketuesday","formatid":"gen9nationaldexdoubles","rating":1089,"private":0,"password":""}