{"id":"gen9nationaldexdoubles-1953946811","p1":"tyranitar1977","p2":"Electroshibe","format":"[Gen 9] National Dex Doubles","log":"|j|\u2606tyranitar1977\n|j|\u2606Electroshibe\n|t:|1695840322\n|gametype|doubles\n|player|p1|tyranitar1977|ingo|1132\n|player|p2|Electroshibe|benga|1188\n|teamsize|p1|6\n|teamsize|p2|6\n|gen|9\n|tier|[Gen 9] National Dex Doubles\n|rated|\n|rule|HP Percentage Mod: HP is shown in percentages\n|rule|Endless Battle Clause: Forcing endless battles is banned\n|rule|OHKO Clause: OHKO moves are banned\n|rule|Evasion Moves Clause: Evasion moves are banned\n|rule|Evasion Abilities Clause: Evasion abilities are banned\n|rule|Species Clause: Limit one of each Pok\u00e9mon\n|rule|Gravity Sleep Clause: The combination of sleep-inducing moves with imperfect accuracy and Gravity or Gigantamax Orbeetle are banned\n|clearpoke\n|poke|p1|Torterra, F|\n|poke|p1|Shiftry, M|\n|poke|p1|Rillaboom, F|\n|poke|p1|Amoonguss, F|\n|poke|p1|Ogerpon-Cornerstone, F|\n|poke|p1|Dipplin, M|\n|poke|p2|Ninetales, M|\n|poke|p2|Ceruledge, F|\n|poke|p2|Arcanine-Hisui, F|\n|poke|p2|Eevee, M|\n|poke|p2|Amoonguss, F|\n|poke|p2|Espeon, F|\n|teampreview\n|inactive|Battle timer is ON: inactive players will automatically lose when time's up. (requested by tyranitar1977)\n|c|\u2606tyranitar1977|hf!\n|\n|t:|1695840338\n|start\n|switch|p1a: Shiftry|Shiftry, M|100\/100\n|switch|p1b: Ogerpon|Ogerpon-Cornerstone, F|100\/100\n|switch|p2a: Prism|Eevee, M|100\/100\n|switch|p2b: Helios|Ninetales, M|100\/100\n|-weather|SunnyDay|[from] ability: Drought|[of] p2b: Helios\n|turn|1\n|\n|t:|1695840350\n|move|p1a: Shiftry|Fake Out|p2b: Helios\n|-damage|p2b: Helios|84\/100\n|move|p1b: Ogerpon|Ivy Cudgel|p2b: Helios\n|-supereffective|p2b: Helios\n|-damage|p2b: Helios|0 fnt\n|faint|p2b: Helios\n|-zpower|p2a: Prism\n|move|p2a: Prism|Extreme Evoboost|p2a: Prism\n|-boost|p2a: Prism|atk|2\n|-boost|p2a: Prism|def|2\n|-boost|p2a: Prism|spa|2\n|-boost|p2a: Prism|spd|2\n|-boost|p2a: Prism|spe|2\n|\n|-weather|SunnyDay|[upkeep]\n|upkeep\n|\n|t:|1695840363\n|switch|p2b: Amaterasu|Arcanine-Hisui, F|100\/100\n|turn|2\n|\n|t:|1695840374\n|move|p2a: Prism|Baton Pass|p2a: Prism\n|\n|t:|1695840376\n|switch|p2a: Galaxy|Espeon, F|100\/100|[from] Baton Pass\n|move|p1b: Ogerpon|Stomping Tantrum|p2b: Amaterasu\n|-supereffective|p2b: Amaterasu\n|-damage|p2b: Amaterasu|0 fnt\n|faint|p2b: Amaterasu\n|move|p1a: Shiftry|Tailwind|p1a: Shiftry\n|-sidestart|p1: tyranitar1977|move: Tailwind\n|-ability|p1a: Shiftry|Wind Rider|boost\n|-boost|p1a: Shiftry|atk|1\n|\n|-weather|SunnyDay|[upkeep]\n|upkeep\n|\n|t:|1695840389\n|switch|p2b: Funny|Ceruledge, F|100\/100\n|turn|3\n|\n|t:|1695840401\n|switch|p1b: Dipplin|Dipplin, M|100\/100\n|-ability|p1b: Dipplin|Supersweet Syrup\n|-ability|p1b: Dipplin|Supersweet Syrup|boost\n|-unboost|p2a: Galaxy|evasion|1\n|-unboost|p2b: Funny|evasion|1\n|move|p2a: Galaxy|Dazzling Gleam|p1a: Shiftry|[spread] p1a,p1b\n|-supereffective|p1a: Shiftry\n|-supereffective|p1b: Dipplin\n|-enditem|p1a: Shiftry|Focus Sash\n|-damage|p1a: Shiftry|1\/100\n|-damage|p1b: Dipplin|21\/100\n|-damage|p2a: Galaxy|91\/100|[from] item: Life Orb\n|move|p1a: Shiftry|Explosion|p2a: Galaxy|[spread] p1b,p2a\n|-immune|p2b: Funny\n|-damage|p1b: Dipplin|0 fnt\n|-damage|p2a: Galaxy|16\/100\n|faint|p1a: Shiftry\n|faint|p1b: Dipplin\n|move|p2b: Funny|Bitter Blade|p1: Shiftry|[notarget]\n|-fail|p2b: Funny\n|\n|-weather|SunnyDay|[upkeep]\n|upkeep\n|\n|t:|1695840413\n|switch|p1a: Amoonguss|Amoonguss, F|100\/100\n|switch|p1b: Ogerpon|Ogerpon-Cornerstone, F|100\/100\n|turn|4\n|\n|t:|1695840419\n|move|p1a: Amoonguss|Rage Powder|p1a: Amoonguss\n|-singleturn|p1a: Amoonguss|move: Rage Powder\n|move|p1b: Ogerpon|Ivy Cudgel|p2b: Funny\n|-supereffective|p2b: Funny\n|-damage|p2b: Funny|0 fnt\n|faint|p2b: Funny\n|move|p2a: Galaxy|Morning Sun|p2a: Galaxy\n|-heal|p2a: Galaxy|83\/100\n|\n|-weather|SunnyDay|[upkeep]\n|upkeep\n|\n|t:|1695840423\n|switch|p2b: Prism|Eevee, M|100\/100\n|turn|5\n|\n|t:|1695840432\n|move|p1b: Ogerpon|Ivy Cudgel|p2a: Galaxy\n|-damage|p2a: Galaxy|24\/100\n|move|p2a: Galaxy|Stored Power|p1a: Amoonguss\n|-supereffective|p1a: Amoonguss\n|-damage|p1a: Amoonguss|0 fnt\n|faint|p1a: Amoonguss\n|-damage|p2a: Galaxy|14\/100|[from] item: Life Orb\n|move|p2b: Prism|Hyper Voice|p1b: Ogerpon\n|-resisted|p1b: Ogerpon\n|-damage|p1b: Ogerpon|88\/100\n|\n|-weather|SunnyDay|[upkeep]\n|-sideend|p1: tyranitar1977|move: Tailwind\n|upkeep\n|\n|t:|1695840437\n|switch|p1a: Rillaboom|Rillaboom, F|100\/100\n|-fieldstart|move: Grassy Terrain|[from] ability: Grassy Surge|[of] p1a: Rillaboom\n|turn|6\n|\n|t:|1695840453\n|switch|p2b: SUS|Amoonguss, F|100\/100\n|move|p1a: Rillaboom|Grassy Glide|p2a: Galaxy\n|-damage|p2a: Galaxy|0 fnt\n|faint|p2a: Galaxy\n|move|p1b: Ogerpon|Ivy Cudgel|p2b: SUS\n|-damage|p2b: SUS|33\/100\n|\n|-weather|SunnyDay|[upkeep]\n|-heal|p1b: Ogerpon|94\/100|[from] Grassy Terrain\n|-heal|p2b: SUS|39\/100|[from] Grassy Terrain\n|-heal|p2b: SUS|46\/100|[from] item: Black Sludge\n|upkeep\n|\n|t:|1695840459\n|switch|p2a: Prism|Eevee, M|100\/100\n|turn|7\n|\n|t:|1695840470\n|move|p1a: Rillaboom|Grassy Glide|p2a: Prism\n|-damage|p2a: Prism|0 fnt\n|faint|p2a: Prism\n|move|p1b: Ogerpon|Ivy Cudgel|p2b: SUS\n|-damage|p2b: SUS|0 fnt\n|faint|p2b: SUS\n|\n|win|tyranitar1977\n|raw|tyranitar1977's rating: 1132 &rarr; <strong>1161<\/strong><br \/>(+29 for winning)\n|raw|Electroshibe's rating: 1188 &rarr; <strong>1159<\/strong><br \/>(-29 for losing)\n","uploadtime":1695840474,"views":12,"p1id":"tyranitar1977","p2id":"electroshibe","formatid":"gen9nationaldexdoubles","rating":1159,"private":0,"password":""}