{"id":"gen9nationaldexdoubles-1999662760","p1":"djman346688","p2":"fumbari 24","format":"[Gen 9] National Dex Doubles","log":"|j|\u2606djman346688\n|j|\u2606fumbari 24\n|t:|1701105693\n|gametype|doubles\n|player|p1|djman346688|lucy|1224\n|player|p2|fumbari 24|hilbert|1212\n|teamsize|p1|6\n|teamsize|p2|6\n|gen|9\n|tier|[Gen 9] National Dex Doubles\n|rated|\n|rule|HP Percentage Mod: HP is shown in percentages\n|rule|Endless Battle Clause: Forcing endless battles is banned\n|rule|OHKO Clause: OHKO moves are banned\n|rule|Evasion Moves Clause: Evasion moves are banned\n|rule|Evasion Abilities Clause: Evasion abilities are banned\n|rule|Species Clause: Limit one of each Pok\u00e9mon\n|rule|Gravity Sleep Clause: The combination of sleep-inducing moves with imperfect accuracy and Gravity or Gigantamax Orbeetle are banned\n|clearpoke\n|poke|p1|Incineroar, M|\n|poke|p1|Primarina, F|\n|poke|p1|Landorus-Therian, M|\n|poke|p1|Cresselia, F|\n|poke|p1|Garchomp, M|\n|poke|p1|Reuniclus, F|\n|poke|p2|Salazzle, F|\n|poke|p2|Vespiquen, F|\n|poke|p2|Mandibuzz, F|\n|poke|p2|Tyrantrum, F|\n|poke|p2|Chandelure, F|\n|poke|p2|Empoleon, M|\n|teampreview\n|inactive|Battle timer is ON: inactive players will automatically lose when time's up. (requested by djman346688)\n|inactive|fumbari 24 has 120 seconds left.\n|inactive|fumbari 24 has 90 seconds left.\n|\n|t:|1701105758\n|start\n|switch|p1a: Cheese!|Incineroar, M, shiny|100\/100\n|switch|p1b: Sabrina|Primarina, F, shiny|100\/100\n|switch|p2a: Tyrantrum|Tyrantrum, F, shiny|100\/100\n|switch|p2b: Salazzle|Salazzle, F, shiny|100\/100\n|-ability|p1a: Cheese!|Intimidate|boost\n|-fail|p2a: Tyrantrum|unboost|[from] item: Clear Amulet|[of] p2a: Tyrantrum\n|-fail|p2b: Salazzle|unboost|Attack|[from] ability: Oblivious|[of] p2b: Salazzle\n|turn|1\n|\n|t:|1701105777\n|switch|p1a: Skybite|Garchomp, M|100\/100\n|-terastallize|p1b: Sabrina|Grass\n|move|p2b: Salazzle|Fake Out|p1b: Sabrina\n|-damage|p1b: Sabrina|94\/100\n|move|p2a: Tyrantrum|Head Smash|p1b: Sabrina\n|-damage|p1b: Sabrina|2\/100\n|cant|p1b: Sabrina|flinch\n|\n|upkeep\n|turn|2\n|\n|t:|1701105796\n|-terastallize|p2a: Tyrantrum|Ghost\n|move|p2b: Salazzle|Overheat|p1b: Sabrina\n|-supereffective|p1b: Sabrina\n|-damage|p1b: Sabrina|0 fnt\n|-unboost|p2b: Salazzle|spa|2\n|-enditem|p2b: Salazzle|Eject Pack\n|faint|p1b: Sabrina\n|\n|t:|1701105803\n|switch|p2b: Mandibuzz|Mandibuzz, F|100\/100\n|move|p1a: Skybite|Scale Shot|p2a: Tyrantrum\n|-damage|p2a: Tyrantrum|89\/100\n|-damage|p2a: Tyrantrum|78\/100\n|-damage|p2a: Tyrantrum|65\/100\n|-hitcount|p2a: Tyrantrum|3\n|-unboost|p1a: Skybite|def|1\n|-boost|p1a: Skybite|spe|1\n|move|p2a: Tyrantrum|Scale Shot|p1a: Skybite\n|-supereffective|p1a: Skybite\n|-damage|p1a: Skybite|64\/100\n|-supereffective|p1a: Skybite\n|-damage|p1a: Skybite|28\/100\n|-supereffective|p1a: Skybite\n|-damage|p1a: Skybite|0 fnt\n|faint|p1a: Skybite\n|-hitcount|p1: Skybite|3\n|-unboost|p2a: Tyrantrum|def|1\n|-boost|p2a: Tyrantrum|spe|1\n|\n|upkeep\n|\n|t:|1701105816\n|switch|p1a: Seforia|Cresselia, F|100\/100\n|switch|p1b: Cheese!|Incineroar, M, shiny|100\/100\n|-ability|p1b: Cheese!|Intimidate|boost\n|-fail|p2a: Tyrantrum|unboost|[from] item: Clear Amulet|[of] p2a: Tyrantrum\n|-unboost|p2b: Mandibuzz|atk|1\n|turn|3\n|\n|t:|1701105823\n|move|p2a: Tyrantrum|Protect|p2a: Tyrantrum\n|-singleturn|p2a: Tyrantrum|Protect\n|move|p1b: Cheese!|Fake Out|p2b: Mandibuzz\n|-damage|p2b: Mandibuzz|91\/100\n|move|p2b: Mandibuzz|Taunt|p1a: Seforia\n|-start|p1a: Seforia|move: Taunt\n|cant|p1a: Seforia|move: Taunt|Trick Room\n|\n|upkeep\n|turn|4\n|\n|t:|1701105834\n|move|p2a: Tyrantrum|Head Smash|p1b: Cheese!\n|-supereffective|p1b: Cheese!\n|-damage|p1b: Cheese!|0 fnt\n|faint|p1b: Cheese!\n|move|p1a: Seforia|Icy Wind|p2a: Tyrantrum|[spread] p2a,p2b\n|-supereffective|p2b: Mandibuzz\n|-damage|p2a: Tyrantrum|52\/100\n|-damage|p2b: Mandibuzz|80\/100\n|move|p2b: Mandibuzz|Foul Play|p1a: Seforia\n|-supereffective|p1a: Seforia\n|-damage|p1a: Seforia|76\/100\n|\n|-heal|p1a: Seforia|82\/100|[from] item: Leftovers\n|upkeep\n|\n|t:|1701105837\n|switch|p1b: Moon Walkers|Landorus-Therian, M|100\/100\n|-ability|p1b: Moon Walkers|Intimidate|boost\n|-fail|p2a: Tyrantrum|unboost|[from] item: Clear Amulet|[of] p2a: Tyrantrum\n|-unboost|p2b: Mandibuzz|atk|1\n|turn|5\n|\n|t:|1701105858\n|move|p2a: Tyrantrum|Protect|p2a: Tyrantrum\n|-singleturn|p2a: Tyrantrum|Protect\n|move|p1b: Moon Walkers|Stomping Tantrum|p2a: Tyrantrum\n|-activate|p2a: Tyrantrum|move: Protect\n|move|p1a: Seforia|Icy Wind|p2a: Tyrantrum|[spread] p2b\n|-activate|p2a: Tyrantrum|move: Protect\n|-supereffective|p2b: Mandibuzz\n|-damage|p2b: Mandibuzz|70\/100\n|move|p2b: Mandibuzz|Foul Play|p1b: Moon Walkers\n|-damage|p1b: Moon Walkers|36\/100\n|\n|-heal|p1a: Seforia|88\/100|[from] item: Leftovers\n|-end|p1a: Seforia|move: Taunt\n|upkeep\n|turn|6\n|\n|t:|1701105873\n|move|p2a: Tyrantrum|Head Smash|p1b: Moon Walkers\n|-damage|p1b: Moon Walkers|0 fnt\n|faint|p1b: Moon Walkers\n|move|p1a: Seforia|Icy Wind|p2b: Mandibuzz|[spread] p2a,p2b\n|-supereffective|p2b: Mandibuzz\n|-damage|p2a: Tyrantrum|40\/100\n|-damage|p2b: Mandibuzz|60\/100\n|move|p2b: Mandibuzz|Taunt|p1a: Seforia\n|-start|p1a: Seforia|move: Taunt\n|\n|-heal|p1a: Seforia|94\/100|[from] item: Leftovers\n|upkeep\n|\n|t:|1701105877\n|switch|p1b: Lil Child|Reuniclus, F|100\/100\n|turn|7\n|-message|djman346688 forfeited.\n|\n|win|fumbari 24\n|raw|djman346688's rating: 1248 &rarr; <strong>1220<\/strong><br \/>(-28 for losing)\n|raw|fumbari 24's rating: 1212 &rarr; <strong>1240<\/strong><br \/>(+28 for winning)\n|l|\u2606djman346688\n","uploadtime":1701105889,"views":5,"p1id":"djman346688","p2id":"fumbari24","formatid":"gen9nationaldexdoubles","rating":1220,"private":0,"password":""}