{"id":"gen9nationaldexdoubles-1972027593","p1":"SuperZachattacka","p2":"fumbari 24","format":"[Gen 9] National Dex Doubles","log":"|j|\u2606SuperZachattacka\n|j|\u2606fumbari 24\n|t:|1697806311\n|gametype|doubles\n|player|p1|SuperZachattacka|swimmer-gen4|1238\n|player|p2|fumbari 24|hilbert|1419\n|teamsize|p1|6\n|teamsize|p2|6\n|gen|9\n|tier|[Gen 9] National Dex Doubles\n|rated|\n|rule|HP Percentage Mod: HP is shown in percentages\n|rule|Endless Battle Clause: Forcing endless battles is banned\n|rule|OHKO Clause: OHKO moves are banned\n|rule|Evasion Moves Clause: Evasion moves are banned\n|rule|Evasion Abilities Clause: Evasion abilities are banned\n|rule|Species Clause: Limit one of each Pok\u00e9mon\n|rule|Gravity Sleep Clause: The combination of sleep-inducing moves with imperfect accuracy and Gravity or Gigantamax Orbeetle are banned\n|clearpoke\n|poke|p1|Espeon, M|\n|poke|p1|Obstagoon, M|\n|poke|p1|Ursaluna, F|\n|poke|p1|Camerupt, F|\n|poke|p1|Krookodile, M|\n|poke|p1|Gliscor, M|\n|poke|p2|Krookodile, M|\n|poke|p2|Salamence, M|\n|poke|p2|Chi-Yu|\n|poke|p2|Tornadus, M|\n|poke|p2|Arcanine-Hisui, M|\n|poke|p2|Amoonguss, F|\n|teampreview\n|inactive|Battle timer is ON: inactive players will automatically lose when time's up. (requested by SuperZachattacka)\n|c|\u2606SuperZachattacka|Glhf\n|inactive|fumbari 24 has 120 seconds left.\n|\n|t:|1697806344\n|start\n|switch|p1a: Espeon|Espeon, M|100\/100\n|switch|p1b: Obstagoon|Obstagoon, M|100\/100\n|switch|p2a: Blue Flame|Salamence, M|100\/100\n|switch|p2b: Chi-Yu|Chi-Yu|100\/100\n|-ability|p2a: Blue Flame|Intimidate|boost\n|-unboost|p1a: Espeon|atk|1\n|-unboost|p1b: Obstagoon|atk|1\n|-ability|p1b: Obstagoon|Defiant|boost\n|-boost|p1b: Obstagoon|atk|2\n|-ability|p2b: Chi-Yu|Beads of Ruin\n|turn|1\n|inactive|SuperZachattacka has 120 seconds left.\n|l|\u2606SuperZachattacka\n|inactive|SuperZachattacka disconnected and has a minute to reconnect!\n|player|p1|\n|j|\u2606SuperZachattacka\n|inactive|SuperZachattacka reconnected and has 90 seconds left.\n|player|p1|SuperZachattacka|swimmer-gen4\n|\n|t:|1697806414\n|detailschange|p2a: Blue Flame|Salamence-Mega, M\n|-mega|p2a: Blue Flame|Salamence|Salamencite\n|-terastallize|p2b: Chi-Yu|Ghost\n|move|p2a: Blue Flame|Hyper Voice|p1a: Espeon|[spread] p1a,p1b\n|-damage|p1a: Espeon|35\/100\n|-damage|p1b: Obstagoon|31\/100\n|-enditem|p1a: Espeon|Eject Button\n|\n|t:|1697806428\n|switch|p1a: Krookodile|Krookodile, M|100\/100\n|move|p1b: Obstagoon|Parting Shot|p2a: Blue Flame\n|-unboost|p2a: Blue Flame|atk|1\n|-unboost|p2a: Blue Flame|spa|1\n|\n|t:|1697806434\n|switch|p1b: Espeon|Espeon, M|35\/100|[from] Parting Shot\n|move|p2b: Chi-Yu|Heat Wave|p1a: Krookodile|[spread] p1a,p1b\n|-damage|p1a: Krookodile|34\/100\n|-damage|p1b: Espeon|0 fnt\n|faint|p1b: Espeon\n|\n|upkeep\n|\n|t:|1697806438\n|switch|p1b: Camerupt|Camerupt, F|100\/100\n|turn|2\n|\n|t:|1697806453\n|detailschange|p1b: Camerupt|Camerupt-Mega, F\n|-mega|p1b: Camerupt|Camerupt|Cameruptite\n|move|p2a: Blue Flame|Hyper Voice|p1a: Krookodile|[spread] p1a,p1b\n|-damage|p1a: Krookodile|0 fnt\n|-damage|p1b: Camerupt|64\/100\n|faint|p1a: Krookodile\n|move|p2b: Chi-Yu|Snarl|p1b: Camerupt\n|-damage|p1b: Camerupt|26\/100\n|-unboost|p1b: Camerupt|spa|1\n|move|p1b: Camerupt|Heat Wave|p2a: Blue Flame|[spread] p2a,p2b\n|-resisted|p2a: Blue Flame\n|-damage|p2a: Blue Flame|71\/100\n|-damage|p2b: Chi-Yu|64\/100\n|\n|upkeep\n|\n|t:|1697806465\n|switch|p1a: Ursaluna|Ursaluna, F|100\/100\n|turn|3\n|\n|t:|1697806472\n|move|p1a: Ursaluna|Protect|p1a: Ursaluna\n|-singleturn|p1a: Ursaluna|Protect\n|move|p2a: Blue Flame|Hyper Voice|p1b: Camerupt|[spread] p1b\n|-activate|p1a: Ursaluna|move: Protect\n|-damage|p1b: Camerupt|0 fnt\n|faint|p1b: Camerupt\n|move|p2b: Chi-Yu|Overheat|p1a: Ursaluna\n|-activate|p1a: Ursaluna|move: Protect\n|\n|-status|p1a: Ursaluna|brn|[from] item: Flame Orb\n|upkeep\n|inactive|SuperZachattacka has 120 seconds left.\n|\n|t:|1697806487\n|switch|p1b: Obstagoon|Obstagoon, M|31\/100\n|turn|4\n|\n|t:|1697806493\n|move|p2a: Blue Flame|Hyper Voice|p1a: Ursaluna|[spread] p1a,p1b\n|-crit|p1a: Ursaluna\n|-damage|p1a: Ursaluna|37\/100 brn\n|-damage|p1b: Obstagoon|0 fnt\n|faint|p1b: Obstagoon\n|move|p2b: Chi-Yu|Overheat|p1a: Ursaluna\n|-damage|p1a: Ursaluna|0 fnt\n|-unboost|p2b: Chi-Yu|spa|2\n|faint|p1a: Ursaluna\n|\n|upkeep\n|\n|t:|1697806497\n|switch|p1a: Gliscor|Gliscor, M|100\/100\n|turn|5\n|c|\u2606SuperZachattacka|Gg\n|\n|t:|1697806504\n|move|p2a: Blue Flame|Hyper Voice|p1a: Gliscor\n|-damage|p1a: Gliscor|27\/100\n|move|p1a: Gliscor|Knock Off|p2b: Chi-Yu\n|-supereffective|p2b: Chi-Yu\n|-damage|p2b: Chi-Yu|5\/100\n|-enditem|p2b: Chi-Yu|Safety Goggles|[from] move: Knock Off|[of] p1a: Gliscor\n|move|p2b: Chi-Yu|Overheat|p1a: Gliscor\n|-damage|p1a: Gliscor|0 fnt\n|-unboost|p2b: Chi-Yu|spa|2\n|faint|p1a: Gliscor\n|\n|win|fumbari 24\n|raw|SuperZachattacka's rating: 1238 &rarr; <strong>1225<\/strong><br \/>(-13 for losing)\n|raw|fumbari 24's rating: 1419 &rarr; <strong>1429<\/strong><br \/>(+10 for winning)\n|l|\u2606SuperZachattacka\n","uploadtime":1697806519,"views":6,"p1id":"superzachattacka","p2id":"fumbari24","formatid":"gen9nationaldexdoubles","rating":1225,"private":0,"password":""}