{"id":"gen9nationaldexdoubles-1950239368","p1":"kingspeed51","p2":"Vengeance0","format":"[Gen 9] National Dex Doubles","log":"|j|\u2606kingspeed51\n|j|\u2606Vengeance0\n|t:|1695442980\n|gametype|doubles\n|player|p1|kingspeed51|2|1110\n|player|p2|Vengeance0|zinnia|1115\n|teamsize|p1|6\n|teamsize|p2|6\n|gen|9\n|tier|[Gen 9] National Dex Doubles\n|rated|\n|rule|HP Percentage Mod: HP is shown in percentages\n|rule|Endless Battle Clause: Forcing endless battles is banned\n|rule|OHKO Clause: OHKO moves are banned\n|rule|Evasion Moves Clause: Evasion moves are banned\n|rule|Evasion Abilities Clause: Evasion abilities are banned\n|rule|Species Clause: Limit one of each Pok\u00e9mon\n|rule|Gravity Sleep Clause: The combination of sleep-inducing moves with imperfect accuracy and Gravity or Gigantamax Orbeetle are banned\n|clearpoke\n|poke|p1|Metagross|\n|poke|p1|Salamence, M|\n|poke|p1|Iron Moth|\n|poke|p1|Greninja-*, F|\n|poke|p1|Whimsicott, M|\n|poke|p1|Chansey, F|\n|poke|p2|Serperior, M|\n|poke|p2|Hawlucha, F|\n|poke|p2|Latias, F|\n|poke|p2|Latios, M|\n|poke|p2|Rillaboom, M|\n|poke|p2|Tapu Lele|\n|teampreview\n|\n|t:|1695442990\n|start\n|switch|p1a: Whimsicott|Whimsicott, M|100\/100\n|switch|p1b: Greninja|Greninja, F|100\/100\n|switch|p2a: Hawlucha|Hawlucha, F|100\/100\n|switch|p2b: Serperior|Serperior, M|100\/100\n|-ability|p2a: Hawlucha|Mold Breaker\n|turn|1\n|\n|t:|1695443010\n|move|p2b: Serperior|Protect|p2b: Serperior\n|-singleturn|p2b: Serperior|Protect\n|move|p1a: Whimsicott|Tailwind|p1a: Whimsicott\n|-sidestart|p1: kingspeed51|move: Tailwind\n|move|p1b: Greninja|Ice Beam|p2a: Hawlucha\n|-start|p1b: Greninja|typechange|Ice|[from] ability: Protean\n|-supereffective|p2a: Hawlucha\n|-enditem|p2a: Hawlucha|Focus Sash\n|-damage|p2a: Hawlucha|1\/100\n|move|p2a: Hawlucha|Coaching|p2b: Serperior\n|-boost|p2b: Serperior|atk|1\n|-boost|p2b: Serperior|def|1\n|\n|upkeep\n|turn|2\n|\n|t:|1695443049\n|-terastallize|p2b: Serperior|Fire\n|move|p1a: Whimsicott|Moonblast|p2a: Hawlucha\n|-supereffective|p2a: Hawlucha\n|-crit|p2a: Hawlucha\n|-damage|p2a: Hawlucha|0 fnt\n|faint|p2a: Hawlucha\n|move|p1b: Greninja|Ice Beam|p2b: Serperior\n|-resisted|p2b: Serperior\n|-damage|p2b: Serperior|74\/100\n|-status|p2b: Serperior|frz\n|cant|p2b: Serperior|frz\n|\n|upkeep\n|\n|t:|1695443062\n|switch|p2a: Rillaboom|Rillaboom, M|100\/100\n|-fieldstart|move: Grassy Terrain|[from] ability: Grassy Surge|[of] p2a: Rillaboom\n|turn|3\n|\n|t:|1695443081\n|move|p1a: Whimsicott|Protect|p1a: Whimsicott\n|-singleturn|p1a: Whimsicott|Protect\n|move|p2a: Rillaboom|Fake Out|p1a: Whimsicott\n|-activate|p1a: Whimsicott|move: Protect\n|move|p1b: Greninja|Ice Beam|p2a: Rillaboom\n|-supereffective|p2a: Rillaboom\n|-damage|p2a: Rillaboom|51\/100\n|cant|p2b: Serperior|frz\n|\n|-heal|p2b: Serperior|80\/100 frz|[from] Grassy Terrain\n|-heal|p2a: Rillaboom|58\/100|[from] Grassy Terrain\n|upkeep\n|turn|4\n|\n|t:|1695443099\n|move|p2a: Rillaboom|Grassy Glide|p1b: Greninja\n|-damage|p1b: Greninja|45\/100\n|move|p1a: Whimsicott|Moonblast|p2a: Rillaboom\n|-damage|p2a: Rillaboom|41\/100\n|move|p1b: Greninja|Ice Beam|p2a: Rillaboom\n|-supereffective|p2a: Rillaboom\n|-damage|p2a: Rillaboom|0 fnt\n|faint|p2a: Rillaboom\n|cant|p2b: Serperior|frz\n|\n|-heal|p1b: Greninja|51\/100|[from] Grassy Terrain\n|-heal|p2b: Serperior|86\/100 frz|[from] Grassy Terrain\n|-sideend|p1: kingspeed51|move: Tailwind\n|upkeep\n|\n|t:|1695443112\n|switch|p2a: Latios|Latios, M|100\/100\n|turn|5\n|\n|t:|1695443125\n|move|p1a: Whimsicott|Tailwind|p1a: Whimsicott\n|-sidestart|p1: kingspeed51|move: Tailwind\n|move|p1b: Greninja|Ice Beam|p2a: Latios\n|-supereffective|p2a: Latios\n|-damage|p2a: Latios|6\/100\n|-curestatus|p2b: Serperior|frz|[msg]\n|move|p2b: Serperior|Leaf Storm|p1b: Greninja\n|-damage|p1b: Greninja|0 fnt\n|-boost|p2b: Serperior|spa|2\n|faint|p1b: Greninja\n|move|p2a: Latios|Tailwind|p2a: Latios\n|-sidestart|p2: Vengeance0|move: Tailwind\n|\n|-heal|p2b: Serperior|93\/100|[from] Grassy Terrain\n|upkeep\n|\n|t:|1695443142\n|switch|p1b: Chansey|Chansey, F|100\/100\n|turn|6\n|\n|t:|1695443153\n|move|p1a: Whimsicott|Moonblast|p2a: Latios\n|-supereffective|p2a: Latios\n|-damage|p2a: Latios|0 fnt\n|faint|p2a: Latios\n|move|p2b: Serperior|Leaf Storm|p1a: Whimsicott\n|-resisted|p1a: Whimsicott\n|-damage|p1a: Whimsicott|13\/100\n|-boost|p2b: Serperior|spa|2\n|move|p1b: Chansey|Toxic|p2b: Serperior\n|-status|p2b: Serperior|tox\n|\n|-heal|p1a: Whimsicott|19\/100|[from] Grassy Terrain\n|-heal|p2b: Serperior|99\/100 tox|[from] Grassy Terrain\n|-damage|p2b: Serperior|93\/100 tox|[from] psn\n|upkeep\n|\n|t:|1695443167\n|switch|p2a: Latias|Latias, F|100\/100\n|turn|7\n|\n|t:|1695443182\n|move|p1a: Whimsicott|Moonblast|p2a: Latias\n|-supereffective|p2a: Latias\n|-damage|p2a: Latias|63\/100\n|move|p2b: Serperior|Giga Drain|p1a: Whimsicott\n|-resisted|p1a: Whimsicott\n|-damage|p1a: Whimsicott|0 fnt\n|-heal|p2b: Serperior|100\/100 tox|[from] drain|[of] p1a: Whimsicott\n|faint|p1a: Whimsicott\n|move|p2a: Latias|Psych Up|p2b: Serperior\n|-copyboost|p2a: Latias|p2b: Serperior|[from] move: Psych Up\n|move|p1b: Chansey|Seismic Toss|p2b: Serperior\n|-damage|p2b: Serperior|66\/100 tox\n|\n|-heal|p2b: Serperior|72\/100 tox|[from] Grassy Terrain\n|-damage|p2b: Serperior|60\/100 tox|[from] psn\n|-fieldend|move: Grassy Terrain\n|upkeep\n|\n|t:|1695443199\n|switch|p1a: Metagross|Metagross|100\/100\n|turn|8\n|\n|t:|1695443209\n|switch|p1b: Salamence|Salamence, M|100\/100\n|-ability|p1b: Salamence|Intimidate|boost\n|-unboost|p2a: Latias|atk|1\n|-boost|p2b: Serperior|atk|1\n|detailschange|p2a: Latias|Latias-Mega, F\n|-mega|p2a: Latias|Latias|Latiasite\n|-terastallize|p1a: Metagross|Ground\n|move|p2b: Serperior|Hidden Power|p1a: Metagross\n|-damage|p1a: Metagross|19\/100\n|move|p2a: Latias|Psychic|p1b: Salamence\n|-damage|p1b: Salamence|0 fnt\n|faint|p1b: Salamence\n|move|p1a: Metagross|Earthquake|p2b: Serperior|[spread] p2b\n|-immune|p2a: Latias|[from] ability: Levitate\n|-supereffective|p2b: Serperior\n|-damage|p2b: Serperior|0 fnt\n|faint|p2b: Serperior\n|\n|-sideend|p1: kingspeed51|move: Tailwind\n|-sideend|p2: Vengeance0|move: Tailwind\n|upkeep\n|\n|t:|1695443231\n|switch|p2b: Tapu Lele|Tapu Lele|100\/100\n|switch|p1b: Chansey|Chansey, F|100\/100\n|-fieldstart|move: Psychic Terrain|[from] ability: Psychic Surge|[of] p2b: Tapu Lele\n|turn|9\n|\n|t:|1695443241\n|move|p2a: Latias|Psychic|p1a: Metagross\n|-damage|p1a: Metagross|0 fnt\n|faint|p1a: Metagross\n|move|p2b: Tapu Lele|Psyshock|p1b: Chansey\n|-crit|p1b: Chansey\n|-damage|p1b: Chansey|46\/100\n|move|p1b: Chansey|Toxic|p2a: Latias\n|-status|p2a: Latias|tox\n|\n|-damage|p2a: Latias|57\/100 tox|[from] psn\n|upkeep\n|\n|t:|1695443252\n|switch|p1a: Iron Moth|Iron Moth|100\/100\n|-enditem|p1a: Iron Moth|Booster Energy\n|-activate|p1a: Iron Moth|ability: Quark Drive|[fromitem]\n|-start|p1a: Iron Moth|quarkdrivespa\n|turn|10\n|\n|t:|1695443267\n|move|p1a: Iron Moth|Protect|p1a: Iron Moth\n|-singleturn|p1a: Iron Moth|Protect\n|move|p2a: Latias|Psychic|p1a: Iron Moth\n|-activate|p1a: Iron Moth|move: Protect\n|move|p2b: Tapu Lele|Psyshock|p1b: Chansey\n|-damage|p1b: Chansey|10\/100\n|move|p1b: Chansey|Soft-Boiled|p1b: Chansey\n|-heal|p1b: Chansey|60\/100\n|\n|-damage|p2a: Latias|44\/100 tox|[from] psn\n|upkeep\n|turn|11\n|\n|t:|1695443288\n|move|p1a: Iron Moth|Fiery Dance|p2a: Latias\n|-resisted|p2a: Latias\n|-damage|p2a: Latias|26\/100 tox\n|move|p2a: Latias|Psychic|p1a: Iron Moth\n|-supereffective|p1a: Iron Moth\n|-damage|p1a: Iron Moth|0 fnt\n|faint|p1a: Iron Moth\n|-end|p1a: Iron Moth|Quark Drive|[silent]\n|move|p2b: Tapu Lele|Psyshock|p1b: Chansey\n|-damage|p1b: Chansey|23\/100\n|move|p1b: Chansey|Soft-Boiled|p1b: Chansey\n|-heal|p1b: Chansey|73\/100\n|\n|-damage|p2a: Latias|8\/100 tox|[from] psn\n|upkeep\n|turn|12\n|\n|t:|1695443307\n|move|p2a: Latias|Roost|p2a: Latias\n|-heal|p2a: Latias|58\/100 tox\n|-singleturn|p2a: Latias|move: Roost\n|move|p2b: Tapu Lele|Psyshock|p1b: Chansey\n|-damage|p1b: Chansey|37\/100\n|move|p1b: Chansey|Soft-Boiled|p1b: Chansey\n|-heal|p1b: Chansey|87\/100\n|\n|-damage|p2a: Latias|34\/100 tox|[from] psn\n|upkeep\n|turn|13\n|\n|t:|1695443320\n|move|p2a: Latias|Psychic|p1b: Chansey\n|-damage|p1b: Chansey|49\/100\n|move|p2b: Tapu Lele|Psyshock|p1b: Chansey\n|-damage|p1b: Chansey|14\/100\n|move|p1b: Chansey|Soft-Boiled|p1b: Chansey\n|-heal|p1b: Chansey|64\/100\n|\n|-damage|p2a: Latias|4\/100 tox|[from] psn\n|-fieldend|move: Psychic Terrain\n|upkeep\n|turn|14\n|\n|t:|1695443336\n|move|p2a: Latias|Draco Meteor|p1b: Chansey\n|-damage|p1b: Chansey|6\/100\n|-unboost|p2a: Latias|spa|2\n|move|p2b: Tapu Lele|Psyshock|p1b: Chansey\n|-damage|p1b: Chansey|0 fnt\n|faint|p1b: Chansey\n|\n|win|Vengeance0\n|raw|kingspeed51's rating: 1110 &rarr; <strong>1085<\/strong><br \/>(-25 for losing)\n|raw|Vengeance0's rating: 1115 &rarr; <strong>1140<\/strong><br \/>(+25 for winning)\n","uploadtime":1695443344,"views":17,"p1id":"kingspeed51","p2id":"vengeance0","formatid":"gen9nationaldexdoubles","rating":1085,"private":0,"password":""}