{"id":"gen9nationaldexdoubles-1955095410","p1":"Catangel451OG","p2":"OrangeLord","format":"[Gen 9] National Dex Doubles","log":"|j|\u2606Catangel451OG\n|j|\u2606OrangeLord\n|t:|1695955789\n|gametype|doubles\n|player|p1|Catangel451OG|caitlin|1214\n|player|p2|OrangeLord|will|1261\n|teamsize|p1|6\n|teamsize|p2|6\n|gen|9\n|tier|[Gen 9] National Dex Doubles\n|rated|\n|rule|HP Percentage Mod: HP is shown in percentages\n|rule|Endless Battle Clause: Forcing endless battles is banned\n|rule|OHKO Clause: OHKO moves are banned\n|rule|Evasion Moves Clause: Evasion moves are banned\n|rule|Evasion Abilities Clause: Evasion abilities are banned\n|rule|Species Clause: Limit one of each Pok\u00e9mon\n|rule|Gravity Sleep Clause: The combination of sleep-inducing moves with imperfect accuracy and Gravity or Gigantamax Orbeetle are banned\n|clearpoke\n|poke|p1|Glimmora, M|\n|poke|p1|Chandelure, M|\n|poke|p1|Clefable, F|\n|poke|p1|Indeedee-F, F|\n|poke|p1|Articuno-Galar|\n|poke|p1|Bombirdier, F|\n|poke|p2|Audino, F|\n|poke|p2|Ursaluna, M|\n|poke|p2|Indeedee-F, F|\n|poke|p2|Wyrdeer, M|\n|poke|p2|Drampa, M|\n|poke|p2|Porygon2|\n|teampreview\n|inactive|Battle timer is ON: inactive players will automatically lose when time's up. (requested by Catangel451OG)\n|\n|t:|1695955818\n|start\n|switch|p1a: the drill|Glimmora, M|100\/100\n|switch|p1b: evils friend|Indeedee-F, F|100\/100\n|switch|p2a: Wyrdeer|Wyrdeer, M, shiny|100\/100\n|switch|p2b: Audino|Audino, F, shiny|100\/100\n|-fieldstart|move: Psychic Terrain|[from] ability: Psychic Surge|[of] p1b: evils friend\n|-ability|p2a: Wyrdeer|Intimidate|boost\n|-unboost|p1a: the drill|atk|1\n|-unboost|p1b: evils friend|atk|1\n|turn|1\n|\n|t:|1695955840\n|move|p1a: the drill|Stealth Rock|p2b: Audino\n|-sidestart|p2: OrangeLord|move: Stealth Rock\n|move|p1b: evils friend|Expanding Force|p2b: Audino|[spread] p2a,p2b\n|-resisted|p2a: Wyrdeer\n|-damage|p2a: Wyrdeer|82\/100\n|-damage|p2b: Audino|54\/100\n|move|p2a: Wyrdeer|Curse|p2a: Wyrdeer\n|-unboost|p2a: Wyrdeer|spe|1\n|-boost|p2a: Wyrdeer|atk|1\n|-boost|p2a: Wyrdeer|def|1\n|move|p2b: Audino|Trick Room|p2b: Audino\n|-fieldstart|move: Trick Room|[of] p2b: Audino\n|\n|-heal|p2a: Wyrdeer|88\/100|[from] item: Leftovers\n|upkeep\n|turn|2\n|\n|t:|1695955869\n|detailschange|p2b: Audino|Audino-Mega, F, shiny\n|-mega|p2b: Audino|Audino|Audinite\n|move|p1b: evils friend|Follow Me|p1b: evils friend\n|-singleturn|p1b: evils friend|move: Follow Me\n|move|p2b: Audino|Calm Mind|p2b: Audino\n|-boost|p2b: Audino|spa|1\n|-boost|p2b: Audino|spd|1\n|move|p2a: Wyrdeer|Psyshield Bash|p1b: evils friend\n|-resisted|p1b: evils friend\n|-damage|p1b: evils friend|52\/100\n|-boost|p2a: Wyrdeer|def|1\n|move|p1a: the drill|Spikes|p2a: Wyrdeer\n|-sidestart|p2: OrangeLord|Spikes\n|\n|-heal|p2a: Wyrdeer|94\/100|[from] item: Leftovers\n|upkeep\n|turn|3\n|\n|t:|1695955888\n|move|p2b: Audino|Calm Mind|p2b: Audino\n|-boost|p2b: Audino|spa|1\n|-boost|p2b: Audino|spd|1\n|move|p2a: Wyrdeer|Curse|p2a: Wyrdeer\n|-unboost|p2a: Wyrdeer|spe|1\n|-boost|p2a: Wyrdeer|atk|1\n|-boost|p2a: Wyrdeer|def|1\n|move|p1b: evils friend|Metronome|p1b: evils friend\n|move|p1b: evils friend|Vise Grip|p2a: Wyrdeer|[from]move: Metronome\n|-damage|p2a: Wyrdeer|91\/100\n|move|p1a: the drill|Mortal Spin|p2a: Wyrdeer|[spread] p2a,p2b\n|-supereffective|p2b: Audino\n|-damage|p2a: Wyrdeer|90\/100\n|-damage|p2b: Audino|51\/100\n|-status|p2a: Wyrdeer|psn\n|-status|p2b: Audino|psn\n|\n|-heal|p2a: Wyrdeer|96\/100 psn|[from] item: Leftovers\n|-damage|p2a: Wyrdeer|83\/100 psn|[from] psn\n|-damage|p2b: Audino|38\/100 psn|[from] psn\n|upkeep\n|turn|4\n|\n|t:|1695955914\n|move|p2a: Wyrdeer|Psyshield Bash|p1a: the drill\n|-supereffective|p1a: the drill\n|-damage|p1a: the drill|0 fnt\n|-boost|p2a: Wyrdeer|def|1\n|-activate|p1a: the drill|ability: Toxic Debris\n|-sidestart|p2: OrangeLord|move: Toxic Spikes\n|faint|p1a: the drill\n|move|p2b: Audino|Dazzling Gleam|p1b: evils friend\n|-damage|p1b: evils friend|3\/100\n|-enditem|p1b: evils friend|Sitrus Berry|[eat]\n|-heal|p1b: evils friend|28\/100|[from] item: Sitrus Berry\n|move|p1b: evils friend|Metronome|p1b: evils friend\n|move|p1b: evils friend|Ice Hammer|p2a: Wyrdeer|[from]move: Metronome\n|-damage|p2a: Wyrdeer|80\/100 psn\n|-unboost|p1b: evils friend|spe|1\n|\n|-heal|p2a: Wyrdeer|86\/100 psn|[from] item: Leftovers\n|-activate|p2b: Audino|ability: Healer\n|-curestatus|p2a: Wyrdeer|psn|[msg]\n|-damage|p2b: Audino|26\/100 psn|[from] psn\n|upkeep\n|inactive|Catangel451OG has 120 seconds left.\n|\n|t:|1695955935\n|switch|p1a: evil|Clefable, F|100\/100\n|turn|5\n|\n|t:|1695955958\n|move|p2a: Wyrdeer|Psyshield Bash|p1a: evil\n|-damage|p1a: evil|62\/100\n|-boost|p2a: Wyrdeer|def|1\n|move|p2b: Audino|Dazzling Gleam|p1a: evil|[spread] p1a,p1b\n|-damage|p1a: evil|50\/100\n|-damage|p1b: evils friend|0 fnt\n|faint|p1b: evils friend\n|move|p1a: evil|Cosmic Power|p1a: evil\n|-boost|p1a: evil|def|1\n|-boost|p1a: evil|spd|1\n|\n|-heal|p2a: Wyrdeer|92\/100|[from] item: Leftovers\n|-heal|p1a: evil|57\/100|[from] item: Leftovers\n|-damage|p2b: Audino|13\/100 psn|[from] psn\n|-fieldend|move: Trick Room\n|-fieldend|move: Psychic Terrain\n|upkeep\n|inactive|Catangel451OG has 120 seconds left.\n|\n|t:|1695955993\n|switch|p1b: smart bird|Articuno-Galar|100\/100\n|turn|6\n|\n|t:|1695956006\n|move|p1b: smart bird|Freezing Glare|p2b: Audino\n|-damage|p2b: Audino|0 fnt\n|faint|p2b: Audino\n|move|p1a: evil|Cosmic Power|p1a: evil\n|-boost|p1a: evil|def|1\n|-boost|p1a: evil|spd|1\n|move|p2a: Wyrdeer|Trick Room|p2a: Wyrdeer\n|-fieldstart|move: Trick Room|[of] p2a: Wyrdeer\n|\n|-heal|p2a: Wyrdeer|99\/100|[from] item: Leftovers\n|-heal|p1a: evil|63\/100|[from] item: Leftovers\n|upkeep\n|inactive|OrangeLord has 120 seconds left.\n|\n|t:|1695956039\n|switch|p2b: Ursaluna|Ursaluna, M|100\/100\n|-damage|p2b: Ursaluna|94\/100|[from] Stealth Rock\n|-damage|p2b: Ursaluna|82\/100|[from] Spikes\n|-status|p2b: Ursaluna|psn\n|turn|7\n|inactive|Catangel451OG has 120 seconds left.\n|\n|t:|1695956063\n|move|p2a: Wyrdeer|Psyshield Bash|p1a: evil\n|-damage|p1a: evil|46\/100\n|-boost|p2a: Wyrdeer|def|1\n|move|p2b: Ursaluna|Facade|p1a: evil\n|-damage|p1a: evil|0 fnt\n|faint|p1a: evil\n|move|p1b: smart bird|Freezing Glare|p2b: Ursaluna\n|-damage|p2b: Ursaluna|39\/100 psn\n|\n|-heal|p2a: Wyrdeer|100\/100|[from] item: Leftovers\n|-damage|p2b: Ursaluna|26\/100 psn|[from] psn\n|upkeep\n|inactive|Catangel451OG has 120 seconds left.\n|\n|t:|1695956076\n|switch|p1a: fire|Chandelure, M|100\/100\n|turn|8\n|-message|Catangel451OG forfeited.\n|\n|win|OrangeLord\n|raw|Catangel451OG's rating: 1214 &rarr; <strong>1192<\/strong><br \/>(-22 for losing)\n|raw|OrangeLord's rating: 1261 &rarr; <strong>1283<\/strong><br \/>(+22 for winning)\n|l|\u2606Catangel451OG\n","uploadtime":1695956089,"views":11,"p1id":"catangel451og","p2id":"orangelord","formatid":"gen9nationaldexdoubles","rating":1192,"private":0,"password":""}