{"id":"gen9nationaldexdoubles-1980252337","p1":"Nerdygolem513","p2":"Etrick1","format":"[Gen 9] National Dex Doubles","log":"|j|\u2606Nerdygolem513\n|j|\u2606Etrick1\n|t:|1698769795\n|gametype|doubles\n|player|p1|Nerdygolem513|skullgrunt|1319\n|player|p2|Etrick1|youngster-gen4dp|1413\n|teamsize|p1|6\n|teamsize|p2|6\n|gen|9\n|tier|[Gen 9] National Dex Doubles\n|rated|\n|rule|HP Percentage Mod: HP is shown in percentages\n|rule|Endless Battle Clause: Forcing endless battles is banned\n|rule|OHKO Clause: OHKO moves are banned\n|rule|Evasion Moves Clause: Evasion moves are banned\n|rule|Evasion Abilities Clause: Evasion abilities are banned\n|rule|Species Clause: Limit one of each Pok\u00e9mon\n|rule|Gravity Sleep Clause: The combination of sleep-inducing moves with imperfect accuracy and Gravity or Gigantamax Orbeetle are banned\n|clearpoke\n|poke|p1|Tapu Koko|\n|poke|p1|Indeedee-F, F|\n|poke|p1|Raichu-Alola, M|\n|poke|p1|Alakazam, M|\n|poke|p1|Iron Valiant|\n|poke|p1|Farigiraf, F|\n|poke|p2|Mawile, F|\n|poke|p2|Ursaluna, M|\n|poke|p2|Volcanion|\n|poke|p2|Deoxys-Attack|\n|poke|p2|Sinistcha-Masterpiece|\n|poke|p2|Chien-Pao|\n|teampreview\n|\n|t:|1698769818\n|start\n|switch|p1a: KFC|Tapu Koko|100\/100\n|switch|p1b: Pancakes|Raichu-Alola, M|100\/100\n|switch|p2a: Mawile|Mawile, F|100\/100\n|switch|p2b: Sinistcha|Sinistcha-Masterpiece|100\/100\n|-fieldstart|move: Electric Terrain|[from] ability: Electric Surge|[of] p1a: KFC\n|-ability|p2a: Mawile|Intimidate|boost\n|-unboost|p1a: KFC|atk|1\n|-unboost|p1b: Pancakes|atk|1\n|turn|1\n|\n|t:|1698769833\n|switch|p1a: Hannah|Farigiraf, F|100\/100\n|detailschange|p2a: Mawile|Mawile-Mega, F\n|-mega|p2a: Mawile|Mawile|Mawilite\n|move|p1b: Pancakes|Rising Voltage|p2a: Mawile\n|-hint|Rising Voltage's BP doubled on grounded target.\n|-damage|p2a: Mawile|0 fnt\n|faint|p2a: Mawile\n|-damage|p1b: Pancakes|91\/100|[from] item: Life Orb\n|move|p2b: Sinistcha|Trick Room|p2b: Sinistcha\n|-fieldstart|move: Trick Room|[of] p2b: Sinistcha\n|\n|upkeep\n|\n|t:|1698769849\n|switch|p2a: Ursaluna|Ursaluna, M|100\/100\n|turn|2\n|\n|t:|1698769858\n|move|p1b: Pancakes|Protect|p1b: Pancakes\n|-singleturn|p1b: Pancakes|Protect\n|move|p2a: Ursaluna|Headlong Rush|p1b: Pancakes\n|-activate|p1b: Pancakes|move: Protect\n|move|p2b: Sinistcha|Shadow Ball|p1a: Hannah\n|-immune|p1a: Hannah\n|move|p1a: Hannah|Trick Room|p1a: Hannah\n|-fieldend|move: Trick Room\n|\n|-status|p2a: Ursaluna|brn|[from] item: Flame Orb\n|upkeep\n|turn|3\n|\n|t:|1698769879\n|-terastallize|p1b: Pancakes|Grass\n|move|p1b: Pancakes|Grass Knot|p2a: Ursaluna\n|-supereffective|p2a: Ursaluna\n|-damage|p2a: Ursaluna|0 fnt\n|faint|p2a: Ursaluna\n|-damage|p1b: Pancakes|81\/100|[from] item: Life Orb\n|move|p1a: Hannah|Wish|p1a: Hannah\n|move|p2b: Sinistcha|Matcha Gotcha|p1b: Pancakes|[spread] p1a,p1b\n|-resisted|p1b: Pancakes\n|-damage|p1a: Hannah|83\/100\n|-damage|p1b: Pancakes|62\/100\n|-status|p1a: Hannah|brn\n|\n|-damage|p1a: Hannah|77\/100 brn|[from] brn\n|upkeep\n|\n|t:|1698769891\n|switch|p2a: Volcanion|Volcanion|100\/100\n|turn|4\n|\n|t:|1698769900\n|move|p1a: Hannah|Ally Switch|p1a: Hannah\n|swap|p1a: Hannah|1|[from] move: Ally Switch\n|move|p1a: Pancakes|Rising Voltage|p2a: Volcanion\n|-hint|Rising Voltage's BP doubled on grounded target.\n|-supereffective|p2a: Volcanion\n|-damage|p2a: Volcanion|0 fnt\n|faint|p2a: Volcanion\n|-damage|p1a: Pancakes|52\/100|[from] item: Life Orb\n|move|p2b: Sinistcha|Matcha Gotcha|p1b: Hannah|[spread] p1a,p1b\n|-resisted|p1a: Pancakes\n|-damage|p1a: Pancakes|31\/100\n|-damage|p1b: Hannah|58\/100 brn\n|-status|p1a: Pancakes|brn\n|\n|-heal|p1a: Pancakes|100\/100 brn|[from] move: Wish|[wisher] Hannah\n|-damage|p1a: Pancakes|94\/100 brn|[from] brn\n|-damage|p1b: Hannah|52\/100 brn|[from] brn\n|upkeep\n|\n|t:|1698769908\n|switch|p2a: Deoxys|Deoxys-Attack|100\/100\n|-ability|p2a: Deoxys|Pressure\n|turn|5\n|\n|t:|1698769924\n|-terastallize|p2a: Deoxys|Normal\n|move|p2a: Deoxys|Extreme Speed||[still]\n|cant|p1b: Hannah|ability: Armor Tail|Extreme Speed|[of] p2a: Deoxys\n|move|p1a: Pancakes|Rising Voltage|p2a: Deoxys\n|-hint|Rising Voltage's BP doubled on grounded target.\n|-crit|p2a: Deoxys\n|-enditem|p2a: Deoxys|Focus Sash\n|-damage|p2a: Deoxys|1\/100\n|-damage|p1a: Pancakes|84\/100 brn|[from] item: Life Orb\n|move|p1b: Hannah|Hyper Voice|p2a: Deoxys|[spread] p2a\n|-immune|p2b: Sinistcha\n|-crit|p2a: Deoxys\n|-damage|p2a: Deoxys|0 fnt\n|faint|p2a: Deoxys\n|move|p2b: Sinistcha|Shadow Ball|p1a: Pancakes\n|-damage|p1a: Pancakes|33\/100 brn\n|\n|-damage|p1a: Pancakes|27\/100 brn|[from] brn\n|-damage|p1b: Hannah|46\/100 brn|[from] brn\n|-fieldend|move: Electric Terrain\n|upkeep\n|\n|t:|1698769941\n|switch|p2a: Chien-Pao|Chien-Pao|100\/100\n|-ability|p2a: Chien-Pao|Sword of Ruin\n|turn|6\n|\n|t:|1698769952\n|move|p2a: Chien-Pao|Sacred Sword|p1b: Hannah\n|-damage|p1b: Hannah|3\/100 brn\n|-enditem|p1b: Hannah|Aguav Berry|[eat]\n|-heal|p1b: Hannah|37\/100 brn|[from] item: Aguav Berry\n|move|p1a: Pancakes|Rising Voltage|p2b: Sinistcha\n|-resisted|p2b: Sinistcha\n|-damage|p2b: Sinistcha|75\/100\n|-damage|p1a: Pancakes|17\/100 brn|[from] item: Life Orb\n|move|p1b: Hannah|Hyper Voice|p2a: Chien-Pao|[spread] p2a\n|-immune|p2b: Sinistcha\n|-damage|p2a: Chien-Pao|63\/100\n|move|p2b: Sinistcha|Shadow Ball|p1a: Pancakes\n|-damage|p1a: Pancakes|0 fnt\n|faint|p1a: Pancakes\n|\n|-damage|p1b: Hannah|31\/100 brn|[from] brn\n|upkeep\n|\n|t:|1698769957\n|switch|p1a: KFC|Tapu Koko|100\/100\n|-fieldstart|move: Electric Terrain|[from] ability: Electric Surge|[of] p1a: KFC\n|turn|7\n|\n|t:|1698769984\n|move|p2a: Chien-Pao|Sacred Sword|p1b: Hannah\n|-damage|p1b: Hannah|0 fnt\n|faint|p1b: Hannah\n|move|p1a: KFC|Brave Bird|p2b: Sinistcha\n|-supereffective|p2b: Sinistcha\n|-damage|p2b: Sinistcha|0 fnt\n|faint|p2b: Sinistcha\n|-damage|p1a: KFC|73\/100|[from] Recoil\n|\n|upkeep\n|\n|t:|1698769994\n|switch|p1b: Gender|Iron Valiant|100\/100\n|-activate|p1b: Gender|ability: Quark Drive\n|-start|p1b: Gender|quarkdrivespe\n|turn|8\n|\n|t:|1698770008\n|move|p1b: Gender|Close Combat|p2a: Chien-Pao\n|-supereffective|p2a: Chien-Pao\n|-damage|p2a: Chien-Pao|0 fnt\n|-unboost|p1b: Gender|def|1\n|-unboost|p1b: Gender|spd|1\n|faint|p2a: Chien-Pao\n|\n|win|Nerdygolem513\n|raw|Nerdygolem513's rating: 1319 &rarr; <strong>1344<\/strong><br \/>(+25 for winning)\n|raw|Etrick1's rating: 1413 &rarr; <strong>1388<\/strong><br \/>(-25 for losing)\n|l|\u2606Etrick1\n","uploadtime":1698770017,"views":23,"p1id":"nerdygolem513","p2id":"etrick1","formatid":"gen9nationaldexdoubles","rating":1344,"private":0,"password":""}