{"id":"gen9nationaldexdoubles-1974829802","p1":"TheMiracleMan420","p2":"loverofsillygibles","format":"[Gen 9] National Dex Doubles","log":"|j|\u2606TheMiracleMan420\n|j|\u2606loverofsillygibles\n|t:|1698131411\n|gametype|doubles\n|player|p1|TheMiracleMan420|169|\n|player|p2|loverofsillygibles|colress|\n|teamsize|p1|6\n|teamsize|p2|6\n|gen|9\n|tier|[Gen 9] National Dex Doubles\n|rule|HP Percentage Mod: HP is shown in percentages\n|rule|Endless Battle Clause: Forcing endless battles is banned\n|rule|OHKO Clause: OHKO moves are banned\n|rule|Evasion Moves Clause: Evasion moves are banned\n|rule|Evasion Abilities Clause: Evasion abilities are banned\n|rule|Species Clause: Limit one of each Pok\u00e9mon\n|rule|Gravity Sleep Clause: The combination of sleep-inducing moves with imperfect accuracy and Gravity or Gigantamax Orbeetle are banned\n|clearpoke\n|poke|p1|Armarouge, F|\n|poke|p1|Golurk|\n|poke|p1|Absol, M|\n|poke|p1|Metagross|\n|poke|p1|Zygarde|\n|poke|p1|Ninetales-Alola, F|\n|poke|p2|Samurott-Hisui, M|\n|poke|p2|Hoopa-Unbound|\n|poke|p2|Garchomp, M|\n|poke|p2|Zamazenta-*|\n|poke|p2|Flamigo, M|\n|poke|p2|Skeledirge, F|\n|teampreview\n|\n|t:|1698131420\n|start\n|switch|p1a: Absol|Absol, M|100\/100\n|switch|p1b: Metagross|Metagross|100\/100\n|switch|p2a: samu|Samurott-Hisui, M, shiny|100\/100\n|switch|p2b: oopa|Hoopa-Unbound|100\/100\n|turn|1\n|\n|t:|1698131446\n|detailschange|p1b: Metagross|Metagross-Mega\n|-mega|p1b: Metagross|Metagross|Metagrossite\n|move|p2a: samu|Knock Off|p1a: Absol\n|-resisted|p1a: Absol\n|-damage|p1a: Absol|46\/100\n|-enditem|p1a: Absol|Focus Sash|[from] move: Knock Off|[of] p2a: samu\n|-damage|p2a: samu|91\/100|[from] item: Life Orb\n|move|p1b: Metagross|Body Press|p2a: samu\n|-supereffective|p2a: samu\n|-damage|p2a: samu|0 fnt\n|faint|p2a: samu\n|move|p2b: oopa|Hyperspace Fury|p1b: Metagross\n|-supereffective|p1b: Metagross\n|-damage|p1b: Metagross|0 fnt\n|-unboost|p2b: oopa|def|1\n|faint|p1b: Metagross\n|move|p1a: Absol|Substitute|p1a: Absol\n|-start|p1a: Absol|Substitute\n|-damage|p1a: Absol|21\/100\n|\n|upkeep\n|\n|t:|1698131473\n|switch|p2a: Skeledirge|Skeledirge, F|100\/100\n|switch|p1b: Ninetales|Ninetales-Alola, F|100\/100\n|-weather|Snow|[from] ability: Snow Warning|[of] p1b: Ninetales\n|turn|2\n|\n|t:|1698131489\n|move|p1b: Ninetales|Aurora Veil|p1b: Ninetales\n|-sidestart|p1: TheMiracleMan420|move: Aurora Veil\n|move|p2b: oopa|Psychic|p1b: Ninetales\n|-damage|p1b: Ninetales|64\/100\n|move|p1a: Absol|Knock Off|p2a: Skeledirge\n|-supereffective|p2a: Skeledirge\n|-damage|p2a: Skeledirge|42\/100\n|-enditem|p2a: Skeledirge|Throat Spray|[from] move: Knock Off|[of] p1a: Absol\n|move|p2a: Skeledirge|Torch Song|p1a: Absol\n|-damage|p1a: Absol|0 fnt\n|-boost|p2a: Skeledirge|spa|1\n|faint|p1a: Absol\n|\n|-weather|Snow|[upkeep]\n|upkeep\n|\n|t:|1698131510\n|switch|p1a: Armarouge|Armarouge, F|100\/100\n|turn|3\n|\n|t:|1698131533\n|move|p2a: Skeledirge|Protect|p2a: Skeledirge\n|-singleturn|p2a: Skeledirge|Protect\n|move|p1a: Armarouge|Dark Pulse|p2a: Skeledirge\n|-activate|p2a: Skeledirge|move: Protect\n|move|p1b: Ninetales|Nasty Plot|p1b: Ninetales\n|-boost|p1b: Ninetales|spa|2\n|move|p2b: oopa|Hyperspace Fury|p1a: Armarouge\n|-supereffective|p1a: Armarouge\n|-damage|p1a: Armarouge|0 fnt\n|-unboost|p2b: oopa|def|1\n|faint|p1a: Armarouge\n|\n|-weather|Snow|[upkeep]\n|upkeep\n|\n|t:|1698131547\n|switch|p1a: Zygarde|Zygarde|100\/100\n|-ability|p1a: Zygarde|Aura Break\n|turn|4\n|\n|t:|1698131570\n|-terastallize|p1a: Zygarde|Ground\n|move|p1b: Ninetales|Dazzling Gleam|p2a: Skeledirge|[spread] p2a,p2b\n|-resisted|p2a: Skeledirge\n|-supereffective|p2b: oopa\n|-damage|p2a: Skeledirge|30\/100\n|-damage|p2b: oopa|13\/100\n|move|p2b: oopa|Psychic|p1b: Ninetales\n|-damage|p1b: Ninetales|26\/100\n|move|p1a: Zygarde|Coil|p1a: Zygarde\n|-boost|p1a: Zygarde|atk|1\n|-boost|p1a: Zygarde|def|1\n|-boost|p1a: Zygarde|accuracy|1\n|move|p2a: Skeledirge|Torch Song|p1b: Ninetales\n|-supereffective|p1b: Ninetales\n|-damage|p1b: Ninetales|0 fnt\n|-boost|p2a: Skeledirge|spa|1\n|faint|p1b: Ninetales\n|\n|-weather|Snow|[upkeep]\n|upkeep\n|\n|t:|1698131580\n|switch|p1b: Golurk|Golurk|100\/100\n|turn|5\n|\n|t:|1698131605\n|move|p2b: oopa|Lash Out|p1a: Zygarde\n|-crit|p1a: Zygarde\n|-damage|p1a: Zygarde|60\/100\n|move|p1a: Zygarde|Thousand Waves|p2b: oopa|[spread] p2a,p2b\n|-supereffective|p2a: Skeledirge\n|-damage|p2a: Skeledirge|0 fnt\n|-damage|p2b: oopa|0 fnt\n|faint|p2a: Skeledirge\n|faint|p2b: oopa\n|move|p1b: Golurk|Shadow Punch|p2: Skeledirge|[notarget]\n|-fail|p1b: Golurk\n|\n|-weather|Snow|[upkeep]\n|upkeep\n|\n|t:|1698131617\n|switch|p2b: DAWWWG|Zamazenta|100\/100\n|switch|p2a: CHOMP!|Garchomp, M, shiny|100\/100\n|-ability|p2b: DAWWWG|Dauntless Shield|boost\n|-boost|p2b: DAWWWG|def|1\n|turn|6\n|\n|t:|1698131648\n|detailschange|p2a: CHOMP!|Garchomp-Mega, M, shiny\n|-mega|p2a: CHOMP!|Garchomp|Garchompite\n|move|p2b: DAWWWG|Iron Defense|p2b: DAWWWG\n|-boost|p2b: DAWWWG|def|2\n|move|p2a: CHOMP!|Hidden Power|p2b: DAWWWG\n|-supereffective|p2b: DAWWWG\n|-damage|p2b: DAWWWG|76\/100\n|-enditem|p2b: DAWWWG|Weakness Policy\n|-boost|p2b: DAWWWG|atk|2|[from] item: Weakness Policy\n|-boost|p2b: DAWWWG|spa|2|[from] item: Weakness Policy\n|move|p1b: Golurk|Dynamic Punch|p2a: CHOMP!\n|-damage|p2a: CHOMP!|66\/100\n|-start|p2a: CHOMP!|confusion\n|move|p1a: Zygarde|Dragon Tail|p2b: DAWWWG\n|-damage|p2b: DAWWWG|65\/100\n|drag|p2b: THANG!|Flamigo, M, shiny|100\/100\n|-copyboost|p2b: THANG!|p2a: CHOMP!|[from] ability: Costar\n|\n|-weather|none\n|upkeep\n|turn|7\n|\n|t:|1698131681\n|-terastallize|p2b: THANG!|Flying\n|-activate|p2a: CHOMP!|confusion\n|move|p2a: CHOMP!|Earthquake|p1a: Zygarde|[spread] p1a,p1b\n|-immune|p2b: THANG!\n|-damage|p1a: Zygarde|47\/100\n|-damage|p1b: Golurk|66\/100\n|move|p2b: THANG!|Hurricane|p1a: Zygarde\n|-damage|p1a: Zygarde|21\/100\n|-enditem|p1a: Zygarde|Iapapa Berry|[eat]\n|-heal|p1a: Zygarde|55\/100|[from] item: Iapapa Berry\n|-damage|p2b: THANG!|91\/100|[from] item: Life Orb\n|move|p1a: Zygarde|Coil|p1a: Zygarde\n|-boost|p1a: Zygarde|atk|1\n|-boost|p1a: Zygarde|def|1\n|-boost|p1a: Zygarde|accuracy|1\n|move|p1b: Golurk|Dynamic Punch|p2a: CHOMP!\n|-damage|p2a: CHOMP!|35\/100\n|\n|upkeep\n|turn|8\n|\n|t:|1698131722\n|-activate|p2a: CHOMP!|confusion\n|move|p2a: CHOMP!|Outrage|p1b: Golurk\n|-damage|p1b: Golurk|17\/100\n|move|p2b: THANG!|Hurricane|p1b: Golurk\n|-damage|p1b: Golurk|0 fnt\n|faint|p1b: Golurk\n|-damage|p2b: THANG!|81\/100|[from] item: Life Orb\n|move|p1a: Zygarde|Dragon Tail|p2a: CHOMP!\n|-supereffective|p2a: CHOMP!\n|-damage|p2a: CHOMP!|0 fnt\n|faint|p2a: CHOMP!\n|\n|upkeep\n|\n|t:|1698131733\n|switch|p2a: DAWWWG|Zamazenta|65\/100\n|turn|9\n|\n|t:|1698131743\n|move|p2a: DAWWWG|Iron Defense|p2a: DAWWWG\n|-boost|p2a: DAWWWG|def|2\n|move|p2b: THANG!|Hurricane|p1a: Zygarde|[miss]\n|-miss|p2b: THANG!|p1a: Zygarde\n|move|p1a: Zygarde|Dragon Tail|p2a: DAWWWG\n|-damage|p2a: DAWWWG|50\/100\n|\n|-sideend|p1: TheMiracleMan420|move: Aurora Veil\n|upkeep\n|turn|10\n|\n|t:|1698131762\n|move|p2a: DAWWWG|Ice Fang|p1a: Zygarde\n|-supereffective|p1a: Zygarde\n|-damage|p1a: Zygarde|44\/100\n|-status|p1a: Zygarde|frz\n|move|p2b: THANG!|Brave Bird|p1a: Zygarde\n|-damage|p1a: Zygarde|15\/100 frz\n|-damage|p2b: THANG!|68\/100|[from] Recoil\n|-damage|p2b: THANG!|58\/100|[from] item: Life Orb\n|cant|p1a: Zygarde|frz\n|\n|upkeep\n|turn|11\n|-message|TheMiracleMan420 forfeited.\n|\n|win|loverofsillygibles\n|l|\u2606TheMiracleMan420\n","uploadtime":1698131791,"views":11,"p1id":"themiracleman420","p2id":"loverofsillygibles","formatid":"gen9nationaldexdoubles","rating":0,"private":0,"password":""}