{"id":"gen9nationaldexdoubles-1985117269","p1":"fumbari 24","p2":"ShoddyGaming","format":"[Gen 9] National Dex Doubles","log":"|j|\u2606fumbari 24\n|j|\u2606ShoddyGaming\n|t:|1699333258\n|gametype|doubles\n|player|p1|fumbari 24|hilbert|1102\n|player|p2|ShoddyGaming|265|1103\n|teamsize|p1|6\n|teamsize|p2|6\n|gen|9\n|tier|[Gen 9] National Dex Doubles\n|rated|\n|rule|HP Percentage Mod: HP is shown in percentages\n|rule|Endless Battle Clause: Forcing endless battles is banned\n|rule|OHKO Clause: OHKO moves are banned\n|rule|Evasion Moves Clause: Evasion moves are banned\n|rule|Evasion Abilities Clause: Evasion abilities are banned\n|rule|Species Clause: Limit one of each Pok\u00e9mon\n|rule|Gravity Sleep Clause: The combination of sleep-inducing moves with imperfect accuracy and Gravity or Gigantamax Orbeetle are banned\n|clearpoke\n|poke|p1|Manectric, M|\n|poke|p1|Crobat, F|\n|poke|p1|Boltund, M|\n|poke|p1|Lucario, M|\n|poke|p1|Tinkaton, F|\n|poke|p1|Arboliva, F|\n|poke|p2|Mew|\n|poke|p2|Stakataka|\n|poke|p2|Weezing-Galar, M|\n|poke|p2|Regigigas|\n|poke|p2|Zapdos|\n|poke|p2|Roaring Moon|\n|teampreview\n|\n|t:|1699333276\n|start\n|switch|p1a: Lucario|Lucario, M|100\/100\n|switch|p1b: Tinkaton|Tinkaton, F|100\/100\n|switch|p2a: Roaring Moon|Roaring Moon|100\/100\n|switch|p2b: Zapdos|Zapdos|100\/100\n|-ability|p2b: Zapdos|Pressure\n|-ability|p1b: Tinkaton|Mold Breaker\n|turn|1\n|inactive|Battle timer is ON: inactive players will automatically lose when time's up. (requested by fumbari 24)\n|\n|t:|1699333294\n|move|p1b: Tinkaton|Fake Out|p2a: Roaring Moon\n|-damage|p2a: Roaring Moon|91\/100\n|cant|p2a: Roaring Moon|flinch\n|move|p2b: Zapdos|Reflect|p2b: Zapdos\n|-sidestart|p2: ShoddyGaming|Reflect\n|move|p1a: Lucario|Metal Sound|p2a: Roaring Moon\n|-unboost|p2a: Roaring Moon|spd|2\n|-enditem|p1a: Lucario|Throat Spray\n|-boost|p1a: Lucario|spa|1|[from] item: Throat Spray\n|\n|upkeep\n|turn|2\n|\n|t:|1699333310\n|move|p1a: Lucario|Vacuum Wave|p2a: Roaring Moon\n|-supereffective|p2a: Roaring Moon\n|-damage|p2a: Roaring Moon|0 fnt\n|faint|p2a: Roaring Moon\n|-end|p2a: Roaring Moon|Protosynthesis|[silent]\n|move|p2b: Zapdos|Light Screen|p2b: Zapdos\n|-sidestart|p2: ShoddyGaming|move: Light Screen\n|move|p1b: Tinkaton|Encore|p2b: Zapdos\n|-start|p2b: Zapdos|Encore\n|\n|upkeep\n|\n|t:|1699333318\n|switch|p2a: Mew|Mew|100\/100\n|turn|3\n|\n|t:|1699333332\n|switch|p2b: Weezing|Weezing-Galar, M|100\/100\n|-ability|p2b: Weezing|Neutralizing Gas\n|switch|p1b: Crobat|Crobat, F, shiny|100\/100\n|move|p2a: Mew|Agility|p2a: Mew\n|-boost|p2a: Mew|spe|2\n|move|p1a: Lucario|Metal Sound|p2a: Mew\n|-unboost|p2a: Mew|spd|2\n|\n|upkeep\n|turn|4\n|\n|t:|1699333359\n|-end|p2b: Weezing|ability: Neutralizing Gas\n|switch|p2b: Stakataka|Stakataka|100\/100\n|move|p2a: Mew|Bulk Up|p2a: Mew\n|-boost|p2a: Mew|atk|1\n|-boost|p2a: Mew|def|1\n|move|p1b: Crobat|Tailwind|p1b: Crobat\n|-sidestart|p1: fumbari 24|move: Tailwind\n|move|p1a: Lucario|Flash Cannon|p2a: Mew\n|-damage|p2a: Mew|42\/100\n|\n|upkeep\n|turn|5\n|\n|t:|1699333375\n|move|p1b: Crobat|Taunt|p2b: Stakataka\n|-start|p2b: Stakataka|move: Taunt\n|move|p2a: Mew|Baton Pass|p2a: Mew\n|\n|t:|1699333380\n|switch|p2a: Regigigas|Regigigas|100\/100|[from] Baton Pass\n|-start|p2a: Regigigas|ability: Slow Start\n|move|p1a: Lucario|Flash Cannon|p2a: Regigigas\n|-damage|p2a: Regigigas|41\/100\n|cant|p2b: Stakataka|move: Taunt|Skill Swap\n|\n|-heal|p2a: Regigigas|47\/100|[from] item: Leftovers\n|-sideend|p2: ShoddyGaming|Reflect\n|upkeep\n|turn|6\n|\n|t:|1699333394\n|move|p1b: Crobat|U-turn|p2b: Stakataka\n|-resisted|p2b: Stakataka\n|-damage|p2b: Stakataka|97\/100\n|\n|t:|1699333399\n|switch|p1b: Tinkaton|Tinkaton, F|100\/100|[from] U-turn\n|-ability|p1b: Tinkaton|Mold Breaker\n|move|p1a: Lucario|Flash Cannon|p2a: Regigigas\n|-damage|p2a: Regigigas|0 fnt\n|faint|p2a: Regigigas\n|-end|p2a: Regigigas|Slow Start|[silent]\n|move|p2b: Stakataka|High Horsepower|p1a: Lucario\n|-supereffective|p1a: Lucario\n|-damage|p1a: Lucario|21\/100\n|\n|-sideend|p2: ShoddyGaming|move: Light Screen\n|upkeep\n|-message|ShoddyGaming forfeited.\n|\n|win|fumbari 24\n|raw|fumbari 24's rating: 1102 &rarr; <strong>1127<\/strong><br \/>(+25 for winning)\n|raw|ShoddyGaming's rating: 1103 &rarr; <strong>1078<\/strong><br \/>(-25 for losing)\n|l|\u2606ShoddyGaming\n","uploadtime":1699333412,"views":10,"p1id":"fumbari24","p2id":"shoddygaming","formatid":"gen9nationaldexdoubles","rating":1078,"private":0,"password":""}