{"id":"gen9nationaldexdoubles-2000450954","p1":"TheJbro189","p2":"FemboyThighs22","format":"[Gen 9] National Dex Doubles","log":"|j|\u2606TheJbro189\n|j|\u2606FemboyThighs22\n|t:|1701195897\n|gametype|doubles\n|player|p1|TheJbro189|flint|1304\n|player|p2|FemboyThighs22|iono|1354\n|teamsize|p1|6\n|teamsize|p2|6\n|gen|9\n|tier|[Gen 9] National Dex Doubles\n|rated|\n|rule|HP Percentage Mod: HP is shown in percentages\n|rule|Endless Battle Clause: Forcing endless battles is banned\n|rule|OHKO Clause: OHKO moves are banned\n|rule|Evasion Moves Clause: Evasion moves are banned\n|rule|Evasion Abilities Clause: Evasion abilities are banned\n|rule|Species Clause: Limit one of each Pok\u00e9mon\n|rule|Gravity Sleep Clause: The combination of sleep-inducing moves with imperfect accuracy and Gravity or Gigantamax Orbeetle are banned\n|clearpoke\n|poke|p1|Torkoal, M|\n|poke|p1|Amoonguss, M|\n|poke|p1|Scovillain, M|\n|poke|p1|Great Tusk|\n|poke|p1|Heatran, F|\n|poke|p1|Flutter Mane|\n|poke|p2|Wishiwashi, F|\n|poke|p2|Indeedee-F, F|\n|poke|p2|Cresselia, F|\n|poke|p2|Ursaluna, F|\n|poke|p2|Amoonguss, M|\n|poke|p2|Goodra-Hisui, F|\n|teampreview\n|inactive|Battle timer is ON: inactive players will automatically lose when time's up. (requested by FemboyThighs22)\n|c|\u2606FemboyThighs22|glhf\n|\n|t:|1701195910\n|start\n|switch|p1a: Torkoal|Torkoal, M|100\/100\n|switch|p1b: Great Tusk|Great Tusk|100\/100\n|switch|p2a: Goodra|Goodra-Hisui, F|100\/100\n|switch|p2b: Cresselia|Cresselia, F|100\/100\n|-weather|SunnyDay|[from] ability: Drought|[of] p1a: Torkoal\n|-activate|p1b: Great Tusk|ability: Protosynthesis\n|-start|p1b: Great Tusk|protosynthesisatk\n|turn|1\n|\n|t:|1701195928\n|-terastallize|p2a: Goodra|Water\n|move|p1b: Great Tusk|Close Combat|p2a: Goodra\n|-damage|p2a: Goodra|43\/100\n|-unboost|p1b: Great Tusk|def|1\n|-unboost|p1b: Great Tusk|spd|1\n|move|p2a: Goodra|Shelter|p2a: Goodra\n|-boost|p2a: Goodra|def|2\n|move|p1a: Torkoal|Eruption|p2b: Cresselia|[spread] p2a,p2b\n|-resisted|p2a: Goodra\n|-damage|p2a: Goodra|19\/100\n|-damage|p2b: Cresselia|66\/100\n|move|p2b: Cresselia|Trick Room|p2b: Cresselia\n|-fieldstart|move: Trick Room|[of] p2b: Cresselia\n|\n|-weather|SunnyDay|[upkeep]\n|-heal|p2a: Goodra|25\/100|[from] item: Leftovers\n|upkeep\n|turn|2\n|\n|t:|1701195954\n|move|p2a: Goodra|Protect|p2a: Goodra\n|-singleturn|p2a: Goodra|Protect\n|move|p1a: Torkoal|Eruption|p2a: Goodra|[spread] p2b\n|-activate|p2a: Goodra|move: Protect\n|-damage|p2b: Cresselia|33\/100\n|move|p2b: Cresselia|Lunar Blessing|p2b: Cresselia|[spread] p2a,p2b\n|-heal|p2a: Goodra|50\/100\n|-heal|p2b: Cresselia|58\/100\n|move|p1b: Great Tusk|Close Combat|p2a: Goodra\n|-activate|p2a: Goodra|move: Protect\n|\n|-weather|SunnyDay|[upkeep]\n|-heal|p2a: Goodra|56\/100|[from] item: Leftovers\n|upkeep\n|turn|3\n|\n|t:|1701195978\n|move|p1a: Torkoal|Eruption|p2b: Cresselia|[spread] p2a,p2b\n|-resisted|p2a: Goodra\n|-damage|p2a: Goodra|34\/100\n|-damage|p2b: Cresselia|23\/100\n|move|p2a: Goodra|Shelter|p2a: Goodra\n|-boost|p2a: Goodra|def|2\n|move|p2b: Cresselia|Moonblast|p1b: Great Tusk\n|-supereffective|p1b: Great Tusk\n|-damage|p1b: Great Tusk|52\/100\n|-unboost|p1b: Great Tusk|spa|1\n|move|p1b: Great Tusk|Close Combat|p2a: Goodra\n|-damage|p2a: Goodra|14\/100\n|-unboost|p1b: Great Tusk|def|1\n|-unboost|p1b: Great Tusk|spd|1\n|\n|-weather|SunnyDay|[upkeep]\n|-heal|p2a: Goodra|20\/100|[from] item: Leftovers\n|upkeep\n|turn|4\n|\n|t:|1701196006\n|move|p2a: Goodra|Protect|p2a: Goodra\n|-singleturn|p2a: Goodra|Protect\n|move|p1a: Torkoal|Eruption|p2b: Cresselia|[spread] p2b\n|-activate|p2a: Goodra|move: Protect\n|-damage|p2b: Cresselia|0 fnt\n|faint|p2b: Cresselia\n|move|p1b: Great Tusk|Ice Spinner|p2a: Goodra\n|-activate|p2a: Goodra|move: Protect\n|\n|-weather|SunnyDay|[upkeep]\n|-heal|p2a: Goodra|27\/100|[from] item: Leftovers\n|upkeep\n|\n|t:|1701196010\n|switch|p2b: Indeedee|Indeedee-F, F|100\/100\n|-fieldstart|move: Psychic Terrain|[from] ability: Psychic Surge|[of] p2b: Indeedee\n|-enditem|p2b: Indeedee|Psychic Seed\n|-boost|p2b: Indeedee|spd|1|[from] item: Psychic Seed\n|turn|5\n|\n|t:|1701196028\n|move|p1a: Torkoal|Eruption|p2b: Indeedee|[spread] p2a,p2b\n|-resisted|p2a: Goodra\n|-damage|p2a: Goodra|3\/100\n|-damage|p2b: Indeedee|57\/100\n|move|p2a: Goodra|Shelter|p2a: Goodra\n|-boost|p2a: Goodra|def|2\n|move|p2b: Indeedee|Expanding Force|p1b: Great Tusk|[spread] p1a,p1b\n|-supereffective|p1b: Great Tusk\n|-damage|p1a: Torkoal|38\/100\n|-damage|p1b: Great Tusk|0 fnt\n|faint|p1b: Great Tusk\n|-end|p1b: Great Tusk|Protosynthesis|[silent]\n|\n|-weather|SunnyDay|[upkeep]\n|-heal|p2a: Goodra|9\/100|[from] item: Leftovers\n|-fieldend|move: Trick Room\n|upkeep\n|inactive|TheJbro189 has 120 seconds left.\n|\n|t:|1701196055\n|switch|p1b: Flutter Mane|Flutter Mane|100\/100\n|-activate|p1b: Flutter Mane|ability: Protosynthesis\n|-start|p1b: Flutter Mane|protosynthesisspe\n|turn|6\n|\n|t:|1701196069\n|move|p2a: Goodra|Protect|p2a: Goodra\n|-singleturn|p2a: Goodra|Protect\n|move|p1b: Flutter Mane|Moonblast|p2b: Indeedee\n|-damage|p2b: Indeedee|6\/100\n|move|p1a: Torkoal|Heat Wave|p2a: Goodra|[spread] p2b\n|-activate|p2a: Goodra|move: Protect\n|-damage|p2b: Indeedee|0 fnt\n|faint|p2b: Indeedee\n|\n|-weather|SunnyDay|[upkeep]\n|-heal|p2a: Goodra|16\/100|[from] item: Leftovers\n|upkeep\n|\n|t:|1701196081\n|switch|p2b: Ursaluna|Ursaluna, F|100\/100\n|turn|7\n|\n|t:|1701196101\n|switch|p1a: Amoonguss|Amoonguss, M|100\/100\n|move|p1b: Flutter Mane|Moonblast|p2b: Ursaluna\n|-damage|p2b: Ursaluna|35\/100\n|-unboost|p2b: Ursaluna|spa|1\n|move|p2a: Goodra|Heavy Slam|p1b: Flutter Mane\n|-supereffective|p1b: Flutter Mane\n|-damage|p1b: Flutter Mane|0 fnt\n|faint|p1b: Flutter Mane\n|-end|p1b: Flutter Mane|Protosynthesis|[silent]\n|move|p2b: Ursaluna|Facade|p1a: Amoonguss\n|-damage|p1a: Amoonguss|63\/100\n|\n|-weather|SunnyDay|[upkeep]\n|-heal|p2a: Goodra|22\/100|[from] item: Leftovers\n|-status|p2b: Ursaluna|brn|[from] item: Flame Orb\n|upkeep\n|\n|t:|1701196116\n|switch|p1b: Scovillain|Scovillain, M|100\/100\n|turn|8\n|\n|t:|1701196124\n|move|p1a: Amoonguss|Rage Powder|p1a: Amoonguss\n|-singleturn|p1a: Amoonguss|move: Rage Powder\n|move|p1b: Scovillain|Solar Beam||[still]\n|-prepare|p1b: Scovillain|Solar Beam\n|-anim|p1b: Scovillain|Solar Beam|p2b: Ursaluna\n|-supereffective|p2b: Ursaluna\n|-damage|p2b: Ursaluna|0 fnt\n|faint|p2b: Ursaluna\n|move|p2a: Goodra|Body Press|p1a: Amoonguss\n|-resisted|p1a: Amoonguss\n|-damage|p1a: Amoonguss|21\/100\n|-enditem|p1a: Amoonguss|Sitrus Berry|[eat]\n|-heal|p1a: Amoonguss|46\/100|[from] item: Sitrus Berry\n|\n|-weather|none\n|-heal|p2a: Goodra|28\/100|[from] item: Leftovers\n|upkeep\n|\n|t:|1701196149\n|switch|p2b: Wishiwashi|Wishiwashi, F|100\/100\n|-formechange|p2b: Wishiwashi|Wishiwashi-School||[from] ability: Schooling\n|turn|9\n|\n|t:|1701196161\n|switch|p1a: Torkoal|Torkoal, M|38\/100\n|-weather|SunnyDay|[from] ability: Drought|[of] p1a: Torkoal\n|move|p1b: Scovillain|Solar Beam||[still]\n|-prepare|p1b: Scovillain|Solar Beam\n|-anim|p1b: Scovillain|Solar Beam|p2b: Wishiwashi\n|-supereffective|p2b: Wishiwashi\n|-damage|p2b: Wishiwashi|7\/100\n|move|p2a: Goodra|Body Press|p1b: Scovillain\n|-damage|p1b: Scovillain|0 fnt\n|faint|p1b: Scovillain\n|move|p2b: Wishiwashi|Hidden Power|p1a: Torkoal\n|-damage|p1a: Torkoal|0 fnt\n|faint|p1a: Torkoal\n|\n|-weather|SunnyDay|[upkeep]\n|-heal|p2a: Goodra|34\/100|[from] item: Leftovers\n|-heal|p2b: Wishiwashi|13\/100|[from] item: Leftovers\n|-fieldend|move: Psychic Terrain\n|-formechange|p2b: Wishiwashi|Wishiwashi||[from] ability: Schooling\n|upkeep\n|\n|t:|1701196179\n|switch|p1b: Heatran|Heatran, F|100\/100\n|switch|p1a: Amoonguss|Amoonguss, M|79\/100\n|turn|10\n|\n|t:|1701196191\n|-terastallize|p1b: Heatran|Grass\n|move|p2a: Goodra|Protect|p2a: Goodra\n|-singleturn|p2a: Goodra|Protect\n|move|p1a: Amoonguss|Rage Powder|p1a: Amoonguss\n|-singleturn|p1a: Amoonguss|move: Rage Powder\n|move|p1b: Heatran|Tera Blast|p2a: Goodra|[anim] Tera Blast Grass\n|-activate|p2a: Goodra|move: Protect\n|move|p2b: Wishiwashi|Ice Beam|p1a: Amoonguss\n|-supereffective|p1a: Amoonguss\n|-damage|p1a: Amoonguss|54\/100\n|\n|-weather|SunnyDay|[upkeep]\n|-heal|p2a: Goodra|41\/100|[from] item: Leftovers\n|-heal|p2b: Wishiwashi|19\/100|[from] item: Leftovers\n|upkeep\n|turn|11\n|\n|t:|1701196212\n|move|p1b: Heatran|Tera Blast|p2a: Goodra|[anim] Tera Blast Grass\n|-ability|p2a: Goodra|Sap Sipper|boost\n|-boost|p2a: Goodra|atk|1\n|move|p2a: Goodra|Body Press|p1b: Heatran\n|-damage|p1b: Heatran|24\/100\n|move|p1a: Amoonguss|Clear Smog|p2b: Wishiwashi\n|-damage|p2b: Wishiwashi|0 fnt\n|-clearboost|p2b: Wishiwashi\n|faint|p2b: Wishiwashi\n|\n|-weather|SunnyDay|[upkeep]\n|-heal|p1b: Heatran|30\/100|[from] item: Leftovers\n|-heal|p2a: Goodra|47\/100|[from] item: Leftovers\n|upkeep\n|\n|t:|1701196220\n|switch|p2b: Amoonguss|Amoonguss, M|100\/100\n|turn|12\n|\n|t:|1701196233\n|move|p2a: Goodra|Protect|p2a: Goodra\n|-singleturn|p2a: Goodra|Protect\n|move|p1b: Heatran|Magma Storm|p2b: Amoonguss\n|-supereffective|p2b: Amoonguss\n|-damage|p2b: Amoonguss|0 fnt\n|faint|p2b: Amoonguss\n|move|p1a: Amoonguss|Pollen Puff|p1b: Heatran\n|-heal|p1b: Heatran|80\/100\n|\n|-weather|SunnyDay|[upkeep]\n|-heal|p1b: Heatran|86\/100|[from] item: Leftovers\n|-heal|p2a: Goodra|53\/100|[from] item: Leftovers\n|upkeep\n|turn|13\n|\n|t:|1701196249\n|move|p1b: Heatran|Magma Storm|p2a: Goodra\n|-resisted|p2a: Goodra\n|-damage|p2a: Goodra|26\/100\n|-activate|p2a: Goodra|move: Magma Storm|[of] p1b: Heatran\n|move|p2a: Goodra|Body Press|p1b: Heatran\n|-crit|p1b: Heatran\n|-damage|p1b: Heatran|0 fnt\n|faint|p1b: Heatran\n|move|p1a: Amoonguss|Clear Smog|p2a: Goodra\n|-damage|p2a: Goodra|16\/100\n|-clearboost|p2a: Goodra\n|\n|-weather|SunnyDay|[upkeep]\n|-heal|p2a: Goodra|22\/100|[from] item: Leftovers\n|-end|p2a: Goodra|Magma Storm|[partiallytrapped]|[silent]\n|upkeep\n|turn|14\n|\n|t:|1701196263\n|move|p2a: Goodra|Protect|p2a: Goodra\n|-singleturn|p2a: Goodra|Protect\n|move|p1a: Amoonguss|Clear Smog|p2a: Goodra\n|-activate|p2a: Goodra|move: Protect\n|\n|-weather|SunnyDay|[upkeep]\n|-heal|p2a: Goodra|29\/100|[from] item: Leftovers\n|upkeep\n|turn|15\n|\n|t:|1701196273\n|move|p2a: Goodra|Heavy Slam|p1a: Amoonguss\n|-crit|p1a: Amoonguss\n|-damage|p1a: Amoonguss|7\/100\n|move|p1a: Amoonguss|Clear Smog|p2a: Goodra\n|-damage|p2a: Goodra|18\/100\n|-clearboost|p2a: Goodra\n|\n|-weather|SunnyDay|[upkeep]\n|-heal|p2a: Goodra|24\/100|[from] item: Leftovers\n|upkeep\n|turn|16\n|c|\u2606FemboyThighs22|gg\n|\n|t:|1701196283\n|move|p2a: Goodra|Heavy Slam|p1a: Amoonguss\n|-crit|p1a: Amoonguss\n|-damage|p1a: Amoonguss|0 fnt\n|faint|p1a: Amoonguss\n|\n|win|FemboyThighs22\n|raw|TheJbro189's rating: 1304 &rarr; <strong>1287<\/strong><br \/>(-17 for losing)\n|raw|FemboyThighs22's rating: 1354 &rarr; <strong>1371<\/strong><br \/>(+17 for winning)\n|l|\u2606TheJbro189\n","uploadtime":1701196290,"views":11,"p1id":"thejbro189","p2id":"femboythighs22","formatid":"gen9nationaldexdoubles","rating":1287,"private":0,"password":""}