{"id":"gen9nationaldexdoubles-1956386162","p1":"KIONGKKKANG","p2":"Mr. Buggy Boy","format":"[Gen 9] National Dex Doubles","log":"|j|\u2606KIONGKKKANG\n|j|\u2606Mr. Buggy Boy\n|t:|1696102758\n|gametype|doubles\n|player|p1|KIONGKKKANG|cyclistf|1174\n|player|p2|Mr. Buggy Boy|bugcatcher-gen4dp|1159\n|teamsize|p1|6\n|teamsize|p2|6\n|gen|9\n|tier|[Gen 9] National Dex Doubles\n|rated|\n|rule|HP Percentage Mod: HP is shown in percentages\n|rule|Endless Battle Clause: Forcing endless battles is banned\n|rule|OHKO Clause: OHKO moves are banned\n|rule|Evasion Moves Clause: Evasion moves are banned\n|rule|Evasion Abilities Clause: Evasion abilities are banned\n|rule|Species Clause: Limit one of each Pok\u00e9mon\n|rule|Gravity Sleep Clause: The combination of sleep-inducing moves with imperfect accuracy and Gravity or Gigantamax Orbeetle are banned\n|clearpoke\n|poke|p1|Ursaluna, F|\n|poke|p1|Cresselia, F|\n|poke|p1|Hatterene, F|\n|poke|p1|Amoonguss, F|\n|poke|p1|Enamorus-Therian, F|\n|poke|p1|Indeedee-F, F|\n|poke|p2|Tyranitar, M|\n|poke|p2|Dracovish|\n|poke|p2|Houndstone, M|\n|poke|p2|Glimmora, F|\n|poke|p2|Ursaluna-Bloodmoon, M|\n|poke|p2|Gholdengo|\n|teampreview\n|inactive|Battle timer is ON: inactive players will automatically lose when time's up. (requested by KIONGKKKANG)\n|c|\u2606Mr. Buggy Boy|Howdy! I like your team!\n|\n|t:|1696102779\n|start\n|switch|p1a: Hatterene|Hatterene, F|100\/100\n|switch|p1b: Indeedee|Indeedee-F, F|100\/100\n|switch|p2a: Godzilla|Tyranitar, M|100\/100\n|switch|p2b: Starfish (?)|Glimmora, F|100\/100\n|-item|p2b: Starfish (?)|Air Balloon\n|-weather|Sandstorm|[from] ability: Sand Stream|[of] p2a: Godzilla\n|-fieldstart|move: Psychic Terrain|[from] ability: Psychic Surge|[of] p1b: Indeedee\n|turn|1\n|\n|t:|1696102796\n|detailschange|p2a: Godzilla|Tyranitar-Mega, M\n|-mega|p2a: Godzilla|Tyranitar|Tyranitarite\n|move|p1b: Indeedee|Follow Me|p1b: Indeedee\n|-singleturn|p1b: Indeedee|move: Follow Me\n|move|p2b: Starfish (?)|Stealth Rock|p1b: Indeedee\n|move|p1a: Hatterene|Stealth Rock|p2b: Starfish (?)|[from]ability: Magic Bounce\n|-sidestart|p2: Mr. Buggy Boy|move: Stealth Rock\n|move|p2a: Godzilla|Dragon Tail|p1b: Indeedee\n|-damage|p1b: Indeedee|71\/100\n|-damage|p2a: Godzilla|84\/100|[from] item: Rocky Helmet|[of] p1b: Indeedee\n|drag|p1b: Enamorus|Enamorus-Therian, F|100\/100\n|move|p1a: Hatterene|Trick Room|p1a: Hatterene\n|-fieldstart|move: Trick Room|[of] p1a: Hatterene\n|\n|-weather|Sandstorm|[upkeep]\n|-damage|p1a: Hatterene|95\/100|[from] Sandstorm\n|upkeep\n|turn|2\n|\n|t:|1696102823\n|move|p1a: Hatterene|Expanding Force|p2a: Godzilla|[spread] p2b\n|-immune|p2a: Godzilla\n|-supereffective|p2b: Starfish (?)\n|-damage|p2b: Starfish (?)|0 fnt\n|-enditem|p2b: Starfish (?)|Air Balloon\n|faint|p2b: Starfish (?)\n|-damage|p1a: Hatterene|85\/100|[from] item: Life Orb\n|move|p1b: Enamorus|Moonblast|p2a: Godzilla\n|-supereffective|p2a: Godzilla\n|-damage|p2a: Godzilla|7\/100\n|-unboost|p2a: Godzilla|spa|1\n|move|p2a: Godzilla|Knock Off|p1a: Hatterene\n|-damage|p1a: Hatterene|29\/100\n|-enditem|p1a: Hatterene|Life Orb|[from] move: Knock Off|[of] p2a: Godzilla\n|\n|-weather|Sandstorm|[upkeep]\n|-damage|p1a: Hatterene|23\/100|[from] Sandstorm\n|upkeep\n|inactive|Mr. Buggy Boy has 120 seconds left.\n|\n|t:|1696102845\n|switch|p2b: Ursaluna|Ursaluna-Bloodmoon, M|100\/100\n|-damage|p2b: Ursaluna|95\/100|[from] Stealth Rock\n|turn|3\n|\n|t:|1696102857\n|move|p1a: Hatterene|Expanding Force|p2a: Godzilla|[spread] p2b\n|-immune|p2a: Godzilla\n|-damage|p2b: Ursaluna|52\/100\n|move|p1b: Enamorus|Moonblast|p2a: Godzilla\n|-supereffective|p2a: Godzilla\n|-damage|p2a: Godzilla|0 fnt\n|faint|p2a: Godzilla\n|move|p2b: Ursaluna|Blood Moon|p1b: Enamorus\n|-damage|p1b: Enamorus|31\/100\n|\n|-weather|Sandstorm|[upkeep]\n|-damage|p1a: Hatterene|17\/100|[from] Sandstorm\n|upkeep\n|inactive|Mr. Buggy Boy has 120 seconds left.\n|\n|t:|1696102873\n|switch|p2a: Coins|Gholdengo|100\/100\n|-damage|p2a: Coins|94\/100|[from] Stealth Rock\n|turn|4\n|\n|t:|1696102883\n|move|p1a: Hatterene|Mystical Fire|p2a: Coins\n|-supereffective|p2a: Coins\n|-damage|p2a: Coins|40\/100\n|-unboost|p2a: Coins|spa|1\n|move|p1b: Enamorus|Moonblast|p2b: Ursaluna\n|-damage|p2b: Ursaluna|6\/100\n|-unboost|p2b: Ursaluna|spa|1\n|move|p2b: Ursaluna|Earth Power|p1a: Hatterene\n|-damage|p1a: Hatterene|0 fnt\n|faint|p1a: Hatterene\n|move|p2a: Coins|Flash Cannon|p1b: Enamorus\n|-supereffective|p1b: Enamorus\n|-damage|p1b: Enamorus|0 fnt\n|faint|p1b: Enamorus\n|\n|-weather|Sandstorm|[upkeep]\n|upkeep\n|\n|t:|1696102899\n|switch|p1a: Cresselia|Cresselia, F|100\/100\n|switch|p1b: Ursaluna|Ursaluna, F|100\/100\n|turn|5\n|\n|t:|1696102910\n|switch|p2a: Fish|Dracovish|100\/100\n|-damage|p2a: Fish|88\/100|[from] Stealth Rock\n|-terastallize|p2b: Ursaluna|Fighting\n|move|p2b: Ursaluna|Vacuum Wave|p1b: Ursaluna\n|-activate|p1b: Ursaluna|move: Psychic Terrain\n|move|p1b: Ursaluna|Earthquake|p2a: Fish|[spread] p2a,p2b\n|-immune|p1a: Cresselia|[from] ability: Levitate\n|-damage|p2a: Fish|44\/100\n|-damage|p2b: Ursaluna|0 fnt\n|faint|p2b: Ursaluna\n|move|p1a: Cresselia|Moonblast|p2a: Fish\n|-supereffective|p2a: Fish\n|-damage|p2a: Fish|3\/100\n|\n|-weather|none\n|-heal|p2a: Fish|9\/100|[from] item: Leftovers\n|-fieldend|move: Trick Room\n|-fieldend|move: Psychic Terrain\n|-status|p1b: Ursaluna|brn|[from] item: Flame Orb\n|upkeep\n|\n|t:|1696102929\n|switch|p2b: Coins|Gholdengo|40\/100\n|-damage|p2b: Coins|34\/100|[from] Stealth Rock\n|turn|6\n|\n|t:|1696102949\n|switch|p1b: Amoonguss|Amoonguss, F|100\/100\n|move|p2a: Fish|Fishious Rend|p1b: Amoonguss\n|-resisted|p1b: Amoonguss\n|-damage|p1b: Amoonguss|78\/100\n|move|p2b: Coins|Sandstorm|p2b: Coins\n|-weather|Sandstorm\n|move|p1a: Cresselia|Trick Room|p1a: Cresselia\n|-fieldstart|move: Trick Room|[of] p1a: Cresselia\n|\n|-weather|Sandstorm|[upkeep]\n|-damage|p1b: Amoonguss|72\/100|[from] Sandstorm\n|-heal|p2a: Fish|15\/100|[from] item: Leftovers\n|upkeep\n|turn|7\n|inactive|Mr. Buggy Boy has 120 seconds left.\n|\n|t:|1696103004\n|switch|p1b: Ursaluna|Ursaluna, F|100\/100 brn\n|move|p1a: Cresselia|Moonblast|p2a: Fish\n|-supereffective|p2a: Fish\n|-crit|p2a: Fish\n|-damage|p2a: Fish|0 fnt\n|faint|p2a: Fish\n|move|p2b: Coins|Dazzling Gleam|p1a: Cresselia|[spread] p1a,p1b\n|-damage|p1a: Cresselia|90\/100\n|-damage|p1b: Ursaluna|86\/100 brn\n|\n|-weather|Sandstorm|[upkeep]\n|-damage|p1b: Ursaluna|80\/100 brn|[from] brn\n|upkeep\n|\n|t:|1696103017\n|switch|p2a: Animal Croasing|Houndstone, M|100\/100\n|-damage|p2a: Animal Croasing|88\/100|[from] Stealth Rock\n|turn|8\n|\n|t:|1696103030\n|move|p1b: Ursaluna|Earthquake|p2b: Coins|[spread] p2a,p2b\n|-immune|p1a: Cresselia|[from] ability: Levitate\n|-supereffective|p2b: Coins\n|-damage|p2a: Animal Croasing|31\/100\n|-damage|p2b: Coins|0 fnt\n|faint|p2b: Coins\n|move|p1a: Cresselia|Moonblast|p2a: Animal Croasing\n|-damage|p2a: Animal Croasing|15\/100\n|-unboost|p2a: Animal Croasing|spa|1\n|-enditem|p2a: Animal Croasing|Iapapa Berry|[eat]\n|-heal|p2a: Animal Croasing|49\/100|[from] item: Iapapa Berry\n|move|p2a: Animal Croasing|Last Respects|p1a: Cresselia\n|-supereffective|p1a: Cresselia\n|-damage|p1a: Cresselia|0 fnt\n|faint|p1a: Cresselia\n|\n|-weather|Sandstorm|[upkeep]\n|-damage|p1b: Ursaluna|74\/100 brn|[from] brn\n|upkeep\n|\n|t:|1696103043\n|switch|p1a: Amoonguss|Amoonguss, F|100\/100\n|turn|9\n|\n|t:|1696103053\n|move|p2a: Animal Croasing|Shadow Sneak|p1a: Amoonguss\n|-damage|p1a: Amoonguss|88\/100\n|move|p1a: Amoonguss|Spore|p2a: Animal Croasing\n|-status|p2a: Animal Croasing|slp|[from] move: Spore\n|move|p1b: Ursaluna|Earthquake|p2a: Animal Croasing|[spread] p1a,p2a\n|-damage|p1a: Amoonguss|42\/100\n|-damage|p2a: Animal Croasing|0 fnt\n|-enditem|p1a: Amoonguss|Sitrus Berry|[eat]\n|-heal|p1a: Amoonguss|67\/100|[from] item: Sitrus Berry\n|faint|p2a: Animal Croasing\n|\n|win|KIONGKKKANG\n|raw|KIONGKKKANG's rating: 1174 &rarr; <strong>1198<\/strong><br \/>(+24 for winning)\n|raw|Mr. Buggy Boy's rating: 1159 &rarr; <strong>1135<\/strong><br \/>(-24 for losing)\n|c|\u2606Mr. Buggy Boy|Gg!\n","uploadtime":1696103065,"views":9,"p1id":"kiongkkkang","p2id":"mrbuggyboy","formatid":"gen9nationaldexdoubles","rating":1135,"private":0,"password":""}