{"id":"gen9nationaldexdoubles-1986214101","p1":"bigbroj","p2":"Denvah_17","format":"[Gen 9] National Dex Doubles","log":"|j|\u2606bigbroj\n|j|\u2606Denvah_17\n|t:|1699460425\n|gametype|doubles\n|player|p1|bigbroj|cynthia|1281\n|player|p2|Denvah_17|alder|1203\n|teamsize|p1|6\n|teamsize|p2|6\n|gen|9\n|tier|[Gen 9] National Dex Doubles\n|rated|\n|rule|HP Percentage Mod: HP is shown in percentages\n|rule|Endless Battle Clause: Forcing endless battles is banned\n|rule|OHKO Clause: OHKO moves are banned\n|rule|Evasion Moves Clause: Evasion moves are banned\n|rule|Evasion Abilities Clause: Evasion abilities are banned\n|rule|Species Clause: Limit one of each Pok\u00e9mon\n|rule|Gravity Sleep Clause: The combination of sleep-inducing moves with imperfect accuracy and Gravity or Gigantamax Orbeetle are banned\n|clearpoke\n|poke|p1|Amoonguss, F|\n|poke|p1|Armarouge, F|\n|poke|p1|Indeedee-F, F|\n|poke|p1|Torkoal, M|\n|poke|p1|Sinistcha-Masterpiece|\n|poke|p1|Clefairy, F|\n|poke|p2|Houndoom, M|\n|poke|p2|Farigiraf, F|\n|poke|p2|Scizor, M|\n|poke|p2|Great Tusk|\n|poke|p2|Flutter Mane|\n|poke|p2|Walking Wake|\n|teampreview\n|inactive|Battle timer is ON: inactive players will automatically lose when time's up. (requested by bigbroj)\n|\n|t:|1699460449\n|start\n|switch|p1a: Indeedee|Indeedee-F, F|100\/100\n|switch|p1b: Armarouge|Armarouge, F|100\/100\n|switch|p2a: Toys 'R' Us|Farigiraf, F|100\/100\n|switch|p2b: Cerberus|Houndoom, M|100\/100\n|-fieldstart|move: Psychic Terrain|[from] ability: Psychic Surge|[of] p1a: Indeedee\n|turn|1\n|\n|t:|1699460465\n|detailschange|p2b: Cerberus|Houndoom-Mega, M\n|-mega|p2b: Cerberus|Houndoom|Houndoominite\n|move|p1a: Indeedee|Follow Me|p1a: Indeedee\n|-singleturn|p1a: Indeedee|move: Follow Me\n|move|p2b: Cerberus|Snarl|p1b: Armarouge|[spread] p1a,p1b\n|-supereffective|p1a: Indeedee\n|-enditem|p1a: Indeedee|Colbur Berry|[eat]\n|-enditem|p1a: Indeedee|Colbur Berry|[weaken]\n|-supereffective|p1b: Armarouge\n|-damage|p1a: Indeedee|80\/100\n|-damage|p1b: Armarouge|53\/100\n|-unboost|p1a: Indeedee|spa|1\n|-unboost|p1b: Armarouge|spa|1\n|move|p2a: Toys 'R' Us|Sunny Day|p2a: Toys 'R' Us\n|-weather|SunnyDay\n|move|p1b: Armarouge|Trick Room|p1b: Armarouge\n|-fieldstart|move: Trick Room|[of] p1b: Armarouge\n|\n|-weather|SunnyDay|[upkeep]\n|-damage|p2b: Cerberus|88\/100|[from] ability: Solar Power|[of] p2b: Cerberus\n|upkeep\n|turn|2\n|inactive|Denvah_17 has 120 seconds left.\n|\n|t:|1699460517\n|switch|p1b: Amoonguss|Amoonguss, F|100\/100\n|move|p2a: Toys 'R' Us|Helping Hand|p2b: Cerberus\n|-singleturn|p2b: Cerberus|Helping Hand|[of] p2a: Toys 'R' Us\n|move|p1a: Indeedee|Follow Me|p1a: Indeedee\n|-singleturn|p1a: Indeedee|move: Follow Me\n|move|p2b: Cerberus|Snarl|p1b: Amoonguss|[spread] p1b\n|-miss|p2b: Cerberus|p1a: Indeedee\n|-damage|p1b: Amoonguss|70\/100\n|-unboost|p1b: Amoonguss|spa|1\n|\n|-weather|SunnyDay|[upkeep]\n|-damage|p2b: Cerberus|76\/100|[from] ability: Solar Power|[of] p2b: Cerberus\n|upkeep\n|turn|3\n|inactive|Denvah_17 has 120 seconds left.\n|\n|t:|1699460532\n|move|p1a: Indeedee|Follow Me|p1a: Indeedee\n|-singleturn|p1a: Indeedee|move: Follow Me\n|move|p1b: Amoonguss|Spore|p2b: Cerberus\n|-status|p2b: Cerberus|slp|[from] move: Spore\n|move|p2a: Toys 'R' Us|Psyshock|p1a: Indeedee\n|-resisted|p1a: Indeedee\n|-damage|p1a: Indeedee|56\/100\n|cant|p2b: Cerberus|slp\n|\n|-weather|SunnyDay|[upkeep]\n|-damage|p2b: Cerberus|63\/100 slp|[from] ability: Solar Power|[of] p2b: Cerberus\n|upkeep\n|turn|4\n|\n|t:|1699460547\n|switch|p1a: Torkoal|Torkoal, M|100\/100\n|move|p1b: Amoonguss|Spore|p2a: Toys 'R' Us\n|-status|p2a: Toys 'R' Us|slp|[from] move: Spore\n|cant|p2a: Toys 'R' Us|slp\n|cant|p2b: Cerberus|slp\n|\n|-weather|SunnyDay|[upkeep]\n|-damage|p2b: Cerberus|51\/100 slp|[from] ability: Solar Power|[of] p2b: Cerberus\n|upkeep\n|turn|5\n|\n|t:|1699460562\n|move|p1b: Amoonguss|Protect|p1b: Amoonguss\n|-singleturn|p1b: Amoonguss|Protect\n|move|p1a: Torkoal|Earth Power|p2b: Cerberus\n|-supereffective|p2b: Cerberus\n|-damage|p2b: Cerberus|0 fnt\n|faint|p2b: Cerberus\n|-curestatus|p2a: Toys 'R' Us|slp|[msg]\n|move|p2a: Toys 'R' Us|Hyper Voice|p1a: Torkoal|[spread] p1a\n|-activate|p1b: Amoonguss|move: Protect\n|-damage|p1a: Torkoal|69\/100\n|\n|-weather|SunnyDay|[upkeep]\n|-fieldend|move: Trick Room\n|-fieldend|move: Psychic Terrain\n|upkeep\n|inactive|Denvah_17 has 120 seconds left.\n|\n|t:|1699460614\n|switch|p2b: Mamophan|Great Tusk|100\/100\n|-activate|p2b: Mamophan|ability: Protosynthesis\n|-start|p2b: Mamophan|protosynthesisatk\n|turn|6\n|inactive|Denvah_17 has 120 seconds left.\n|l|\u2606Denvah_17\n|inactive|Denvah_17 disconnected and has a minute to reconnect!\n|player|p2|\n|j|\u2606Denvah_17\n|inactive|Denvah_17 reconnected and has 105 seconds left.\n|player|p2|Denvah_17|alder\n|\n|t:|1699460646\n|switch|p1b: Sinistcha|Sinistcha-Masterpiece|100\/100\n|-heal|p1a: Torkoal|94\/100|[from] ability: Hospitality|[of] p1b: Sinistcha\n|-terastallize|p1a: Torkoal|Grass\n|move|p2b: Mamophan|Headlong Rush|p1a: Torkoal\n|-resisted|p1a: Torkoal\n|-crit|p1a: Torkoal\n|-damage|p1a: Torkoal|55\/100\n|-unboost|p2b: Mamophan|def|1\n|-unboost|p2b: Mamophan|spd|1\n|move|p2a: Toys 'R' Us|Psyshock|p1b: Sinistcha\n|-damage|p1b: Sinistcha|60\/100\n|move|p1a: Torkoal|Solar Beam||[still]\n|-prepare|p1a: Torkoal|Solar Beam\n|-anim|p1a: Torkoal|Solar Beam|p2b: Mamophan\n|-supereffective|p2b: Mamophan\n|-damage|p2b: Mamophan|0 fnt\n|faint|p2b: Mamophan\n|-end|p2b: Mamophan|Protosynthesis|[silent]\n|\n|-weather|SunnyDay|[upkeep]\n|upkeep\n|\n|t:|1699460655\n|switch|p2b: Velocipastor|Walking Wake|100\/100\n|-activate|p2b: Velocipastor|ability: Protosynthesis\n|-start|p2b: Velocipastor|protosynthesisspa\n|turn|7\n|\n|t:|1699460683\n|move|p2b: Velocipastor|Flamethrower|p1a: Torkoal\n|-supereffective|p1a: Torkoal\n|-damage|p1a: Torkoal|0 fnt\n|faint|p1a: Torkoal\n|-damage|p2b: Velocipastor|91\/100|[from] item: Life Orb\n|move|p2a: Toys 'R' Us|Hyper Voice|p1b: Sinistcha\n|-immune|p1b: Sinistcha\n|move|p1b: Sinistcha|Trick Room|p1b: Sinistcha\n|-fieldstart|move: Trick Room|[of] p1b: Sinistcha\n|\n|-weather|SunnyDay|[upkeep]\n|upkeep\n|\n|t:|1699460693\n|switch|p1a: Amoonguss|Amoonguss, F|100\/100\n|turn|8\n|inactive|Denvah_17 has 120 seconds left.\n|l|\u2606Denvah_17\n|inactive|Denvah_17 disconnected and has a minute to reconnect!\n|player|p2|\n|inactive|Denvah_17 has 30 seconds to reconnect!\n|j|\u2606Denvah_17\n|inactive|Denvah_17 reconnected and has 75 seconds left.\n|player|p2|Denvah_17|alder\n|\n|t:|1699460755\n|move|p1a: Amoonguss|Spore|p2b: Velocipastor\n|-status|p2b: Velocipastor|slp|[from] move: Spore\n|move|p2a: Toys 'R' Us|Psyshock|p1a: Amoonguss\n|-supereffective|p1a: Amoonguss\n|-crit|p1a: Amoonguss\n|-damage|p1a: Amoonguss|0 fnt\n|faint|p1a: Amoonguss\n|move|p1b: Sinistcha|Matcha Gotcha|p2b: Velocipastor|[spread] p2a,p2b\n|-damage|p2a: Toys 'R' Us|69\/100\n|-heal|p1b: Sinistcha|80\/100|[from] drain|[of] p2a: Toys 'R' Us\n|-damage|p2b: Velocipastor|53\/100 slp\n|-heal|p1b: Sinistcha|98\/100|[from] drain|[of] p2b: Velocipastor\n|cant|p2b: Velocipastor|slp\n|\n|-weather|none\n|-end|p2b: Velocipastor|Protosynthesis\n|upkeep\n|\n|t:|1699460775\n|switch|p1a: Indeedee|Indeedee-F, F|56\/100\n|-fieldstart|move: Psychic Terrain|[from] ability: Psychic Surge|[of] p1a: Indeedee\n|turn|9\n|inactive|Denvah_17 has 90 seconds left.\n|\n|t:|1699460794\n|move|p2a: Toys 'R' Us|Sunny Day|p2a: Toys 'R' Us\n|-weather|SunnyDay\n|-activate|p2b: Velocipastor|ability: Protosynthesis\n|-start|p2b: Velocipastor|protosynthesisspa\n|move|p1b: Sinistcha|Matcha Gotcha|p2b: Velocipastor|[spread] p2a,p2b\n|-damage|p2a: Toys 'R' Us|36\/100\n|-heal|p1b: Sinistcha|100\/100|[from] drain|[of] p2a: Toys 'R' Us\n|-damage|p2b: Velocipastor|18\/100 slp\n|move|p1a: Indeedee|Expanding Force|p2a: Toys 'R' Us|[spread] p2a,p2b\n|-resisted|p2a: Toys 'R' Us\n|-damage|p2a: Toys 'R' Us|17\/100\n|-damage|p2b: Velocipastor|0 fnt\n|faint|p2b: Velocipastor\n|-end|p2b: Velocipastor|Protosynthesis|[silent]\n|\n|-weather|SunnyDay|[upkeep]\n|upkeep\n|\n|t:|1699460810\n|switch|p2b: Scizor|Scizor, M, shiny|100\/100\n|turn|10\n|inactive|Denvah_17 has 90 seconds left.\n|\n|t:|1699460822\n|move|p2a: Toys 'R' Us|Helping Hand|p2b: Scizor\n|-singleturn|p2b: Scizor|Helping Hand|[of] p2a: Toys 'R' Us\n|move|p1b: Sinistcha|Life Dew||[still]|[spread] p1a,p1b\n|-heal|p1a: Indeedee|81\/100\n|-fail|p1b: Sinistcha|heal\n|move|p2b: Scizor|U-turn|p1a: Indeedee\n|-supereffective|p1a: Indeedee\n|-damage|p1a: Indeedee|0 fnt\n|faint|p1a: Indeedee\n|-damage|p2b: Scizor|91\/100|[from] item: Life Orb\n|\n|t:|1699460830\n|switch|p2b: \ud83d\udc0dMEDUSA\ud83d\udc0d|Flutter Mane|100\/100|[from] U-turn\n|-activate|p2b: \ud83d\udc0dMEDUSA\ud83d\udc0d|ability: Protosynthesis\n|-start|p2b: \ud83d\udc0dMEDUSA\ud83d\udc0d|protosynthesisspa\n|\n|-weather|SunnyDay|[upkeep]\n|upkeep\n|\n|t:|1699460836\n|switch|p1a: Clefairy|Clefairy, F|100\/100\n|turn|11\n|l|\u2606Denvah_17\n|inactive|Denvah_17 disconnected and has a minute to reconnect!\n|player|p2|\n|inactive|Denvah_17 has 30 seconds to reconnect!\n|inactive|Denvah_17 has 20 seconds to reconnect!\n|inactive|Denvah_17 has 15 seconds to reconnect!\n|inactive|Denvah_17 has 10 seconds to reconnect!\n|j|\u2606Denvah_17\n|inactive|Denvah_17 reconnected and has 50 seconds left.\n|player|p2|Denvah_17|alder\n|\n|t:|1699460913\n|move|p2a: Toys 'R' Us|Helping Hand|p2b: \ud83d\udc0dMEDUSA\ud83d\udc0d\n|-singleturn|p2b: \ud83d\udc0dMEDUSA\ud83d\udc0d|Helping Hand|[of] p2a: Toys 'R' Us\n|move|p1a: Clefairy|Follow Me|p1a: Clefairy\n|-singleturn|p1a: Clefairy|move: Follow Me\n|move|p1b: Sinistcha|Shadow Ball|p2b: \ud83d\udc0dMEDUSA\ud83d\udc0d\n|-supereffective|p2b: \ud83d\udc0dMEDUSA\ud83d\udc0d\n|-damage|p2b: \ud83d\udc0dMEDUSA\ud83d\udc0d|2\/100\n|move|p2b: \ud83d\udc0dMEDUSA\ud83d\udc0d|Dazzling Gleam|p1b: Sinistcha|[spread] p1a,p1b\n|-damage|p1a: Clefairy|38\/100\n|-damage|p1b: Sinistcha|15\/100\n|-enditem|p1b: Sinistcha|Sitrus Berry|[eat]\n|-heal|p1b: Sinistcha|40\/100|[from] item: Sitrus Berry\n|-damage|p2b: \ud83d\udc0dMEDUSA\ud83d\udc0d|0 fnt|[from] item: Life Orb\n|faint|p2b: \ud83d\udc0dMEDUSA\ud83d\udc0d\n|-end|p2b: \ud83d\udc0dMEDUSA\ud83d\udc0d|Protosynthesis|[silent]\n|\n|-weather|SunnyDay|[upkeep]\n|-fieldend|move: Trick Room\n|upkeep\n|\n|t:|1699460926\n|switch|p2b: Scizor|Scizor, M, shiny|91\/100\n|turn|12\n|\n|t:|1699460947\n|move|p1a: Clefairy|Follow Me|p1a: Clefairy\n|-singleturn|p1a: Clefairy|move: Follow Me\n|move|p2b: Scizor|Bullet Punch|p1a: Clefairy\n|-activate|p1a: Clefairy|move: Psychic Terrain\n|move|p2a: Toys 'R' Us|Hyper Voice|p1a: Clefairy|[spread] p1a\n|-immune|p1b: Sinistcha\n|-damage|p1a: Clefairy|13\/100\n|move|p1b: Sinistcha|Trick Room|p1b: Sinistcha\n|-fieldstart|move: Trick Room|[of] p1b: Sinistcha\n|\n|-weather|SunnyDay|[upkeep]\n|upkeep\n|turn|13\n|inactive|Denvah_17 has 60 seconds left.\n|\n|t:|1699460964\n|move|p2a: Toys 'R' Us|Helping Hand|p2b: Scizor\n|-singleturn|p2b: Scizor|Helping Hand|[of] p2a: Toys 'R' Us\n|move|p1a: Clefairy|Heal Pulse|p1b: Sinistcha\n|-heal|p1b: Sinistcha|90\/100\n|move|p1b: Sinistcha|Matcha Gotcha|p2b: Scizor|[spread] p2a,p2b\n|-resisted|p2b: Scizor\n|-damage|p2a: Toys 'R' Us|0 fnt\n|-heal|p1b: Sinistcha|100\/100|[from] drain|[of] p2a: Toys 'R' Us\n|-damage|p2b: Scizor|81\/100\n|faint|p2a: Toys 'R' Us\n|move|p2b: Scizor|Dual Wingbeat|p1b: Sinistcha\n|-supereffective|p1b: Sinistcha\n|-damage|p1b: Sinistcha|58\/100\n|-supereffective|p1b: Sinistcha\n|-damage|p1b: Sinistcha|13\/100\n|-hitcount|p1b: Sinistcha|2\n|-damage|p2b: Scizor|71\/100|[from] item: Life Orb\n|\n|-weather|SunnyDay|[upkeep]\n|-fieldend|move: Psychic Terrain\n|upkeep\n|turn|14\n|inactive|Denvah_17 has 60 seconds left.\n|\n|t:|1699460990\n|move|p1a: Clefairy|Follow Me|p1a: Clefairy\n|-singleturn|p1a: Clefairy|move: Follow Me\n|move|p2b: Scizor|Bullet Punch|p1a: Clefairy\n|-supereffective|p1a: Clefairy\n|-damage|p1a: Clefairy|0 fnt\n|faint|p1a: Clefairy\n|-damage|p2b: Scizor|61\/100|[from] item: Life Orb\n|move|p1b: Sinistcha|Matcha Gotcha|p2b: Scizor\n|-resisted|p2b: Scizor\n|-damage|p2b: Scizor|48\/100\n|-heal|p1b: Sinistcha|20\/100|[from] drain|[of] p2b: Scizor\n|\n|-weather|SunnyDay|[upkeep]\n|upkeep\n|l|\u2606Denvah_17\n|inactive|Denvah_17 disconnected and has a minute to reconnect!\n|player|p2|\n|inactive|bigbroj has 120 seconds left.\n|\n|t:|1699461000\n|switch|p1a: Armarouge|Armarouge, F|53\/100\n|turn|15\n|j|\u2606Denvah_17\n|inactive|Denvah_17 reconnected and has 90 seconds left.\n|player|p2|Denvah_17|alder\n|\n|t:|1699461020\n|-terastallize|p2b: Scizor|Bug\n|move|p1b: Sinistcha|Matcha Gotcha|p2b: Scizor|[miss]\n|-miss|p1b: Sinistcha|p2b: Scizor\n|move|p2b: Scizor|U-turn|p1a: Armarouge\n|-damage|p1a: Armarouge|0 fnt\n|faint|p1a: Armarouge\n|-damage|p2b: Scizor|38\/100|[from] item: Life Orb\n|\n|-weather|SunnyDay|[upkeep]\n|upkeep\n|turn|16\n|c|\u2606bigbroj|gg\n|inactive|Denvah_17 has 90 seconds left.\n|l|\u2606Denvah_17\n|inactive|Denvah_17 disconnected and has a minute to reconnect!\n|player|p2|\n|j|\u2606Denvah_17\n|inactive|Denvah_17 reconnected and has 85 seconds left.\n|player|p2|Denvah_17|alder\n|\n|t:|1699461050\n|move|p2b: Scizor|Bullet Punch|p1b: Sinistcha\n|-damage|p1b: Sinistcha|0 fnt\n|faint|p1b: Sinistcha\n|-damage|p2b: Scizor|28\/100|[from] item: Life Orb\n|\n|win|Denvah_17\n|raw|bigbroj's rating: 1281 &rarr; <strong>1250<\/strong><br \/>(-31 for losing)\n|raw|Denvah_17's rating: 1203 &rarr; <strong>1234<\/strong><br \/>(+31 for winning)\n|l|\u2606bigbroj\n|c|\u2606Denvah_17|GG\n","uploadtime":1699461058,"views":5,"p1id":"bigbroj","p2id":"denvah17","formatid":"gen9nationaldexdoubles","rating":1234,"private":0,"password":""}