{"id":"gen9nationaldexdoubles-1989573339","p1":"magicalarcher57","p2":"FriedBeaver01","format":"[Gen 9] National Dex Doubles","log":"|j|\u2606magicalarcher57\n|j|\u2606FriedBeaver01\n|t:|1699873351\n|gametype|doubles\n|player|p1|magicalarcher57|cynthia-gen4|1000\n|player|p2|FriedBeaver01|266|1208\n|teamsize|p1|6\n|teamsize|p2|6\n|gen|9\n|tier|[Gen 9] National Dex Doubles\n|rated|\n|rule|HP Percentage Mod: HP is shown in percentages\n|rule|Endless Battle Clause: Forcing endless battles is banned\n|rule|OHKO Clause: OHKO moves are banned\n|rule|Evasion Moves Clause: Evasion moves are banned\n|rule|Evasion Abilities Clause: Evasion abilities are banned\n|rule|Species Clause: Limit one of each Pok\u00e9mon\n|rule|Gravity Sleep Clause: The combination of sleep-inducing moves with imperfect accuracy and Gravity or Gigantamax Orbeetle are banned\n|clearpoke\n|poke|p1|Golurk|\n|poke|p1|Reuniclus, M|\n|poke|p1|Ting-Lu|\n|poke|p1|Incineroar, M|\n|poke|p1|Dusclops, F|\n|poke|p1|Iron Hands|\n|poke|p2|Blissey, F|\n|poke|p2|Avalugg, M|\n|poke|p2|Goodra-Hisui, M|\n|poke|p2|Sableye, M|\n|poke|p2|Grimmsnarl, M|\n|poke|p2|Indeedee, M|\n|teampreview\n|\n|t:|1699873371\n|start\n|switch|p1a: Reuniclus|Reuniclus, M|100\/100\n|switch|p1b: Golurk|Golurk|100\/100\n|switch|p2a: Geology Rocks|Sableye, M, shiny|100\/100\n|switch|p2b: Trump\u2019s Dream|Blissey, F|100\/100\n|turn|1\n|\n|t:|1699873419\n|switch|p1a: Dusclops|Dusclops, F|100\/100\n|-ability|p1a: Dusclops|Pressure\n|move|p2a: Geology Rocks|Wonder Room|p2a: Geology Rocks\n|-fieldstart|move: Wonder Room|[of] p2a: Geology Rocks\n|move|p1b: Golurk|Rock Slide|p2b: Trump\u2019s Dream|[spread] p2a,p2b\n|-damage|p2a: Geology Rocks|59\/100\n|-damage|p2b: Trump\u2019s Dream|92\/100\n|-damage|p1b: Golurk|91\/100|[from] item: Life Orb\n|move|p2b: Trump\u2019s Dream|Toxic|p1a: Dusclops\n|-status|p1a: Dusclops|tox\n|\n|-damage|p1a: Dusclops|95\/100 tox|[from] psn\n|upkeep\n|turn|2\n|\n|t:|1699873434\n|move|p2a: Geology Rocks|Taunt|p1a: Dusclops\n|-start|p1a: Dusclops|move: Taunt\n|-enditem|p1a: Dusclops|Mental Herb\n|-end|p1a: Dusclops|move: Taunt\n|move|p1b: Golurk|Rock Slide|p2a: Geology Rocks|[spread] p2a,p2b\n|-damage|p2a: Geology Rocks|12\/100\n|-damage|p2b: Trump\u2019s Dream|85\/100\n|-damage|p1b: Golurk|81\/100|[from] item: Life Orb\n|move|p2b: Trump\u2019s Dream|Toxic|p1b: Golurk\n|-status|p1b: Golurk|tox\n|move|p1a: Dusclops|Trick Room|p1a: Dusclops\n|-fieldstart|move: Trick Room|[of] p1a: Dusclops\n|\n|-damage|p1a: Dusclops|83\/100 tox|[from] psn\n|-damage|p1b: Golurk|75\/100 tox|[from] psn\n|upkeep\n|turn|3\n|\n|t:|1699873454\n|move|p2b: Trump\u2019s Dream|Protect|p2b: Trump\u2019s Dream\n|-singleturn|p2b: Trump\u2019s Dream|Protect\n|move|p2a: Geology Rocks|Encore|p1a: Dusclops\n|-start|p1a: Dusclops|Encore\n|move|p1a: Dusclops|Trick Room|p1a: Dusclops\n|-fieldend|move: Trick Room\n|move|p1b: Golurk|Rock Slide|p2b: Trump\u2019s Dream|[spread] p2a\n|-activate|p2b: Trump\u2019s Dream|move: Protect\n|-damage|p2a: Geology Rocks|0 fnt\n|faint|p2a: Geology Rocks\n|-damage|p1b: Golurk|65\/100 tox|[from] item: Life Orb\n|\n|-damage|p1b: Golurk|53\/100 tox|[from] psn\n|-damage|p1a: Dusclops|65\/100 tox|[from] psn\n|upkeep\n|\n|t:|1699873464\n|switch|p2a: EXTRA THICC|Grimmsnarl, M, shiny|100\/100\n|turn|4\n|\n|t:|1699873472\n|move|p2a: EXTRA THICC|Torment|p1b: Golurk\n|-start|p1b: Golurk|Torment\n|move|p2b: Trump\u2019s Dream|Soft-Boiled|p2b: Trump\u2019s Dream\n|-heal|p2b: Trump\u2019s Dream|100\/100\n|move|p1b: Golurk|Rock Slide|p2b: Trump\u2019s Dream|[spread] p2a,p2b\n|-damage|p2a: EXTRA THICC|72\/100\n|-damage|p2b: Trump\u2019s Dream|93\/100\n|-damage|p1b: Golurk|43\/100 tox|[from] item: Life Orb\n|move|p1a: Dusclops|Trick Room|p1a: Dusclops\n|-fieldstart|move: Trick Room|[of] p1a: Dusclops\n|\n|-heal|p2a: EXTRA THICC|78\/100|[from] item: Leftovers\n|-damage|p1a: Dusclops|41\/100 tox|[from] psn\n|-damage|p1b: Golurk|25\/100 tox|[from] psn\n|upkeep\n|turn|5\n|\n|t:|1699873499\n|switch|p1a: Incineroar|Incineroar, M|100\/100\n|-ability|p1a: Incineroar|Intimidate|boost\n|-unboost|p2a: EXTRA THICC|atk|1\n|-unboost|p2b: Trump\u2019s Dream|atk|1\n|move|p2b: Trump\u2019s Dream|Protect|p2b: Trump\u2019s Dream\n|-singleturn|p2b: Trump\u2019s Dream|Protect\n|move|p2a: EXTRA THICC|Sucker Punch|p1b: Golurk\n|-supereffective|p1b: Golurk\n|-damage|p1b: Golurk|0 fnt\n|faint|p1b: Golurk\n|\n|-heal|p2a: EXTRA THICC|84\/100|[from] item: Leftovers\n|-fieldend|move: Wonder Room\n|upkeep\n|j| 4KuserVGC\n|\n|t:|1699873508\n|switch|p1b: Iron Hands|Iron Hands|100\/100\n|-enditem|p1b: Iron Hands|Booster Energy\n|-activate|p1b: Iron Hands|ability: Quark Drive|[fromitem]\n|-start|p1b: Iron Hands|quarkdriveatk\n|turn|6\n|\n|t:|1699873519\n|move|p1b: Iron Hands|Fake Out|p2a: EXTRA THICC\n|-damage|p2a: EXTRA THICC|59\/100\n|move|p1a: Incineroar|Fake Out|p2b: Trump\u2019s Dream\n|-damage|p2b: Trump\u2019s Dream|63\/100\n|cant|p2a: EXTRA THICC|flinch\n|cant|p2b: Trump\u2019s Dream|flinch\n|\n|-heal|p2a: EXTRA THICC|65\/100|[from] item: Leftovers\n|upkeep\n|turn|7\n|c| 4KuserVGC|omg what is that team\n|j| slopmcflopsters\n|c|\u2606magicalarcher57|whos\n|c| slopmcflopsters|ay reuniclus\n|c| 4KuserVGC|beaver's\n|c|\u2606magicalarcher57|this is national dex doubles\n|c|\u2606magicalarcher57|my friend\n|c|\u2606FriedBeaver01|Nothing special\n|\n|t:|1699873551\n|move|p2a: EXTRA THICC|Wonder Room|p2a: EXTRA THICC\n|-fieldstart|move: Wonder Room|[of] p2a: EXTRA THICC\n|move|p1b: Iron Hands|Drain Punch|p2b: Trump\u2019s Dream\n|-supereffective|p2b: Trump\u2019s Dream\n|-damage|p2b: Trump\u2019s Dream|35\/100\n|move|p1a: Incineroar|Parting Shot|p2a: EXTRA THICC\n|-unboost|p2a: EXTRA THICC|atk|1\n|-unboost|p2a: EXTRA THICC|spa|1\n|c|\u2606FriedBeaver01|just a gimmicky team chufa\n|c|\u2606FriedBeaver01|*chuds\n|c| 4KuserVGC|wonder room?\n|\n|t:|1699873560\n|switch|p1a: Reuniclus|Reuniclus, M|100\/100|[from] Parting Shot\n|move|p2b: Trump\u2019s Dream|Soft-Boiled|p2b: Trump\u2019s Dream\n|-heal|p2b: Trump\u2019s Dream|85\/100\n|\n|-heal|p2a: EXTRA THICC|71\/100|[from] item: Leftovers\n|upkeep\n|turn|8\n|c|\u2606FriedBeaver01|Yes\n|c|\u2606FriedBeaver01|Just messing around\n|c| 4KuserVGC|i have never seen that\n|c| 4KuserVGC|oooh i get it\n|c|\u2606FriedBeaver01|Yeah I wanted to opt for something unique\n|c| slopmcflopsters|magic\n|c|\u2606FriedBeaver01|not the same trite bs\n|c| slopmcflopsters|can i try to battle u after this?\n|c|\u2606magicalarcher57|ok\n|c| slopmcflopsters|nat dex doubles\n|c| slopmcflopsters|:D\n|\n|t:|1699873627\n|move|p2b: Trump\u2019s Dream|Protect|p2b: Trump\u2019s Dream\n|-singleturn|p2b: Trump\u2019s Dream|Protect\n|move|p2a: EXTRA THICC|Torment|p1b: Iron Hands\n|-start|p1b: Iron Hands|Torment\n|move|p1a: Reuniclus|Flash Cannon|p2a: EXTRA THICC\n|-supereffective|p2a: EXTRA THICC\n|-damage|p2a: EXTRA THICC|14\/100\n|move|p1b: Iron Hands|Heavy Slam|p2b: Trump\u2019s Dream\n|-activate|p2b: Trump\u2019s Dream|move: Protect\n|\n|-heal|p2a: EXTRA THICC|20\/100|[from] item: Leftovers\n|-fieldend|move: Trick Room\n|upkeep\n|turn|9\n|c| slopmcflopsters|magic\n|c| slopmcflopsters|just drain punch trump\n|c| slopmcflopsters|why heavy\n|\n|t:|1699873659\n|switch|p2a: he flat|Avalugg, M, shiny|100\/100\n|move|p2b: Trump\u2019s Dream|Toxic|p1a: Reuniclus\n|-status|p1a: Reuniclus|tox\n|move|p1b: Iron Hands|Wild Charge|p2a: he flat\n|-damage|p2a: he flat|4\/100\n|-damage|p1b: Iron Hands|82\/100|[from] Recoil\n|move|p1a: Reuniclus|Trick Room|p1a: Reuniclus\n|-fieldstart|move: Trick Room|[of] p1a: Reuniclus\n|\n|upkeep\n|turn|10\n|c|\u2606magicalarcher57|becuase\n|c|\u2606magicalarcher57|torment\n|c|\u2606magicalarcher57|ik he has it\n|c| slopmcflopsters|0o0\n|c|\u2606magicalarcher57|so i use a diffrent move\n|c| slopmcflopsters|0o0\n|\n|t:|1699873699\n|move|p2b: Trump\u2019s Dream|Protect|p2b: Trump\u2019s Dream\n|-singleturn|p2b: Trump\u2019s Dream|Protect\n|move|p1a: Reuniclus|Flash Cannon|p2a: he flat\n|-supereffective|p2a: he flat\n|-damage|p2a: he flat|0 fnt\n|faint|p2a: he flat\n|move|p1b: Iron Hands|Drain Punch|p2b: Trump\u2019s Dream\n|-activate|p2b: Trump\u2019s Dream|move: Protect\n|\n|upkeep\n|j| Phizzleboyz2\n|\n|t:|1699873711\n|switch|p2a: EXTRA THICC|Grimmsnarl, M, shiny|20\/100\n|turn|11\n|\n|t:|1699873720\n|move|p2a: EXTRA THICC|Sucker Punch|p1a: Reuniclus\n|-supereffective|p1a: Reuniclus\n|-damage|p1a: Reuniclus|40\/100 tox\n|move|p1a: Reuniclus|Flash Cannon|p2a: EXTRA THICC\n|-supereffective|p2a: EXTRA THICC\n|-damage|p2a: EXTRA THICC|0 fnt\n|faint|p2a: EXTRA THICC\n|move|p1b: Iron Hands|Wild Charge|p2b: Trump\u2019s Dream\n|-damage|p2b: Trump\u2019s Dream|67\/100\n|-damage|p1b: Iron Hands|76\/100|[from] Recoil\n|move|p2b: Trump\u2019s Dream|Toxic|p1b: Iron Hands|[miss]\n|-miss|p2b: Trump\u2019s Dream|p1b: Iron Hands\n|\n|-heal|p1a: Reuniclus|47\/100 tox|[from] item: Leftovers\n|-fieldend|move: Wonder Room\n|upkeep\n|l| Phizzleboyz2\n|c|\u2606FriedBeaver01|Man the room is getting crowded\n|l| 4KuserVGC\n|j| Phizzleboyz2\n|\n|t:|1699873771\n|switch|p2a: Indeez Nuts|Indeedee, M, shiny|100\/100\n|-fieldstart|move: Psychic Terrain|[from] ability: Psychic Surge|[of] p2a: Indeez Nuts\n|turn|12\n|l| Phizzleboyz2\n|\n|t:|1699873792\n|move|p2b: Trump\u2019s Dream|Protect|p2b: Trump\u2019s Dream\n|-singleturn|p2b: Trump\u2019s Dream|Protect\n|move|p1a: Reuniclus|Recover|p1a: Reuniclus\n|-heal|p1a: Reuniclus|97\/100 tox\n|move|p1b: Iron Hands|Drain Punch|p2b: Trump\u2019s Dream\n|-activate|p2b: Trump\u2019s Dream|move: Protect\n|move|p2a: Indeez Nuts|Expanding Force|p1a: Reuniclus|[spread] p1a,p1b\n|-resisted|p1a: Reuniclus\n|-supereffective|p1b: Iron Hands\n|-damage|p1a: Reuniclus|77\/100 tox\n|-damage|p1b: Iron Hands|0 fnt\n|faint|p1b: Iron Hands\n|-end|p1b: Iron Hands|Quark Drive|[silent]\n|\n|-heal|p1a: Reuniclus|83\/100 tox|[from] item: Leftovers\n|upkeep\n|\n|t:|1699873811\n|switch|p1b: Dusclops|Dusclops, F|41\/100 tox\n|-ability|p1b: Dusclops|Pressure\n|turn|13\n|\n|t:|1699873829\n|move|p1a: Reuniclus|Protect|p1a: Reuniclus\n|-singleturn|p1a: Reuniclus|Protect\n|move|p1b: Dusclops|Pain Split|p2a: Indeez Nuts\n|-sethp|p2a: Indeez Nuts|72\/100|[from] move: Pain Split|[silent]\n|-sethp|p1b: Dusclops|66\/100 tox|[from] move: Pain Split\n|move|p2b: Trump\u2019s Dream|Seismic Toss|p1a: Reuniclus\n|-activate|p1a: Reuniclus|move: Protect\n|move|p2a: Indeez Nuts|Expanding Force|p1b: Dusclops|[spread] p1b\n|-activate|p1a: Reuniclus|move: Protect\n|-damage|p1b: Dusclops|24\/100 tox\n|\n|-heal|p1a: Reuniclus|89\/100 tox|[from] item: Leftovers\n|-damage|p1b: Dusclops|18\/100 tox|[from] psn\n|-fieldend|move: Trick Room\n|upkeep\n|turn|14\n|inactive|Battle timer is ON: inactive players will automatically lose when time's up. (requested by FriedBeaver01)\n|inactive|magicalarcher57 has 120 seconds left.\n|\n|t:|1699873925\n|move|p2a: Indeez Nuts|Draining Kiss|p1a: Reuniclus\n|-damage|p1a: Reuniclus|76\/100 tox\n|-heal|p2a: Indeez Nuts|87\/100|[from] drain|[of] p1a: Reuniclus\n|move|p2b: Trump\u2019s Dream|Seismic Toss|p1a: Reuniclus\n|-damage|p1a: Reuniclus|51\/100 tox\n|move|p1b: Dusclops|Pain Split|p2a: Indeez Nuts\n|-sethp|p2a: Indeez Nuts|53\/100|[from] move: Pain Split|[silent]\n|-sethp|p1b: Dusclops|49\/100 tox|[from] move: Pain Split\n|move|p1a: Reuniclus|Trick Room|p1a: Reuniclus\n|-fieldstart|move: Trick Room|[of] p1a: Reuniclus\n|\n|-heal|p1a: Reuniclus|58\/100 tox|[from] item: Leftovers\n|-damage|p1b: Dusclops|37\/100 tox|[from] psn\n|upkeep\n|turn|15\n|\n|t:|1699873952\n|move|p1b: Dusclops|Pain Split|p2b: Trump\u2019s Dream\n|-sethp|p2b: Trump\u2019s Dream|41\/100|[from] move: Pain Split|[silent]\n|-sethp|p1b: Dusclops|100\/100 tox|[from] move: Pain Split\n|move|p1a: Reuniclus|Flash Cannon|p2a: Indeez Nuts\n|-damage|p2a: Indeez Nuts|20\/100\n|-enditem|p2a: Indeez Nuts|Eject Button\n|\n|t:|1699873959\n|switch|p2a: \ud83d\udc0c|Goodra-Hisui, M|100\/100\n|move|p2b: Trump\u2019s Dream|Seismic Toss|p1a: Reuniclus\n|-damage|p1a: Reuniclus|33\/100 tox\n|\n|-heal|p1a: Reuniclus|39\/100 tox|[from] item: Leftovers\n|-damage|p1b: Dusclops|83\/100 tox|[from] psn\n|upkeep\n|turn|16\n|\n|t:|1699873984\n|move|p1b: Dusclops|Pain Split|p2a: \ud83d\udc0c\n|-sethp|p2a: \ud83d\udc0c|89\/100|[from] move: Pain Split|[silent]\n|-sethp|p1b: Dusclops|95\/100 tox|[from] move: Pain Split\n|move|p1a: Reuniclus|Recover|p1a: Reuniclus\n|-heal|p1a: Reuniclus|89\/100 tox\n|move|p2b: Trump\u2019s Dream|Soft-Boiled|p2b: Trump\u2019s Dream\n|-heal|p2b: Trump\u2019s Dream|91\/100\n|move|p2a: \ud83d\udc0c|Acid Armor|p2a: \ud83d\udc0c\n|-boost|p2a: \ud83d\udc0c|def|2\n|\n|-heal|p1a: Reuniclus|95\/100 tox|[from] item: Leftovers\n|-damage|p1b: Dusclops|71\/100 tox|[from] psn\n|-fieldend|move: Psychic Terrain\n|upkeep\n|turn|17\n|inactive|magicalarcher57 has 120 seconds left.\n|\n|t:|1699874023\n|move|p1b: Dusclops|Will-O-Wisp|p2b: Trump\u2019s Dream|[miss]\n|-miss|p1b: Dusclops|p2b: Trump\u2019s Dream\n|move|p1a: Reuniclus|Flash Cannon|p2b: Trump\u2019s Dream\n|-damage|p2b: Trump\u2019s Dream|85\/100\n|move|p2b: Trump\u2019s Dream|Seismic Toss|p1a: Reuniclus\n|-damage|p1a: Reuniclus|70\/100 tox\n|move|p2a: \ud83d\udc0c|Acid Armor|p2a: \ud83d\udc0c\n|-boost|p2a: \ud83d\udc0c|def|2\n|\n|-heal|p1a: Reuniclus|77\/100 tox|[from] item: Leftovers\n|-damage|p1b: Dusclops|41\/100 tox|[from] psn\n|upkeep\n|turn|18\n|c| slopmcflopsters|i just realized magic was plying 2 battles at the same time\n|\n|t:|1699874050\n|move|p2b: Trump\u2019s Dream|Protect|p2b: Trump\u2019s Dream\n|-singleturn|p2b: Trump\u2019s Dream|Protect\n|move|p1b: Dusclops|Pain Split|p2a: \ud83d\udc0c\n|-sethp|p2a: \ud83d\udc0c|64\/100|[from] move: Pain Split|[silent]\n|-sethp|p1b: Dusclops|67\/100 tox|[from] move: Pain Split\n|move|p1a: Reuniclus|Flash Cannon|p2b: Trump\u2019s Dream\n|-activate|p2b: Trump\u2019s Dream|move: Protect\n|move|p2a: \ud83d\udc0c|Acid Armor|p2a: \ud83d\udc0c\n|-boost|p2a: \ud83d\udc0c|def|2\n|\n|-heal|p1a: Reuniclus|83\/100 tox|[from] item: Leftovers\n|-damage|p1b: Dusclops|31\/100 tox|[from] psn\n|-fieldend|move: Trick Room\n|upkeep\n|turn|19\n|c|\u2606magicalarcher57|lol\n|c|\u2606magicalarcher57|i do that alot\n|\n|t:|1699874079\n|move|p2a: \ud83d\udc0c|Body Press|p1a: Reuniclus\n|-resisted|p1a: Reuniclus\n|-damage|p1a: Reuniclus|55\/100 tox\n|move|p2b: Trump\u2019s Dream|Soft-Boiled|p2b: Trump\u2019s Dream\n|-heal|p2b: Trump\u2019s Dream|100\/100\n|move|p1b: Dusclops|Pain Split|p2a: \ud83d\udc0c\n|-sethp|p2a: \ud83d\udc0c|47\/100|[from] move: Pain Split|[silent]\n|-sethp|p1b: Dusclops|49\/100 tox|[from] move: Pain Split\n|move|p1a: Reuniclus|Trick Room|p1a: Reuniclus\n|-fieldstart|move: Trick Room|[of] p1a: Reuniclus\n|\n|-heal|p1a: Reuniclus|61\/100 tox|[from] item: Leftovers\n|-damage|p1b: Dusclops|8\/100 tox|[from] psn\n|upkeep\n|turn|20\n|\n|t:|1699874109\n|move|p2b: Trump\u2019s Dream|Protect|p2b: Trump\u2019s Dream\n|-singleturn|p2b: Trump\u2019s Dream|Protect\n|move|p1b: Dusclops|Pain Split|p2b: Trump\u2019s Dream\n|-activate|p2b: Trump\u2019s Dream|move: Protect\n|move|p1a: Reuniclus|Flash Cannon|p2a: \ud83d\udc0c\n|-resisted|p2a: \ud83d\udc0c\n|-damage|p2a: \ud83d\udc0c|40\/100\n|move|p2a: \ud83d\udc0c|Body Press|p1a: Reuniclus\n|-resisted|p1a: Reuniclus\n|-damage|p1a: Reuniclus|33\/100 tox\n|\n|-heal|p1a: Reuniclus|39\/100 tox|[from] item: Leftovers\n|-damage|p1b: Dusclops|0 fnt|[from] psn\n|faint|p1b: Dusclops\n|upkeep\n|inactive|magicalarcher57 has 120 seconds left.\n|\n|t:|1699874143\n|switch|p1b: Ting-Lu|Ting-Lu|100\/100\n|-ability|p1b: Ting-Lu|Vessel of Ruin\n|turn|21\n|c|\u2606FriedBeaver01|Ngl this is turning out to be an enticing match\n|c|\u2606magicalarcher57|ye\n|l| slopmcflopsters\n|c|\u2606magicalarcher57|hard tr\n|\n|t:|1699874171\n|-terastallize|p2a: \ud83d\udc0c|Flying\n|move|p1a: Reuniclus|Recover|p1a: Reuniclus\n|-heal|p1a: Reuniclus|89\/100 tox\n|move|p1b: Ting-Lu|Earthquake|p2b: Trump\u2019s Dream|[spread] p1a,p2b\n|-immune|p2a: \ud83d\udc0c\n|-damage|p1a: Reuniclus|59\/100 tox\n|-damage|p2b: Trump\u2019s Dream|20\/100\n|move|p2b: Trump\u2019s Dream|Soft-Boiled|p2b: Trump\u2019s Dream\n|-heal|p2b: Trump\u2019s Dream|70\/100\n|move|p2a: \ud83d\udc0c|Body Press|p1b: Ting-Lu\n|-supereffective|p1b: Ting-Lu\n|-damage|p1b: Ting-Lu|23\/100\n|\n|-heal|p1a: Reuniclus|65\/100 tox|[from] item: Leftovers\n|upkeep\n|turn|22\n|\n|t:|1699874195\n|move|p2b: Trump\u2019s Dream|Protect|p2b: Trump\u2019s Dream\n|-singleturn|p2b: Trump\u2019s Dream|Protect\n|move|p1a: Reuniclus|Flash Cannon|p2a: \ud83d\udc0c\n|-damage|p2a: \ud83d\udc0c|30\/100\n|move|p1b: Ting-Lu|Heavy Slam|p2b: Trump\u2019s Dream\n|-activate|p2b: Trump\u2019s Dream|move: Protect\n|move|p2a: \ud83d\udc0c|Body Press|p1b: Ting-Lu\n|-supereffective|p1b: Ting-Lu\n|-damage|p1b: Ting-Lu|0 fnt\n|faint|p1b: Ting-Lu\n|\n|-heal|p1a: Reuniclus|71\/100 tox|[from] item: Leftovers\n|upkeep\n|\n|t:|1699874201\n|switch|p1b: Incineroar|Incineroar, M|100\/100\n|-ability|p1b: Incineroar|Intimidate|boost\n|-unboost|p2a: \ud83d\udc0c|atk|1\n|-unboost|p2b: Trump\u2019s Dream|atk|1\n|turn|23\n|\n|t:|1699874218\n|move|p1b: Incineroar|Fake Out|p2a: \ud83d\udc0c\n|-damage|p2a: \ud83d\udc0c|26\/100\n|-damage|p1b: Incineroar|84\/100|[from] item: Rocky Helmet|[of] p2a: \ud83d\udc0c\n|-ability|p2a: \ud83d\udc0c|Gooey\n|-unboost|p1b: Incineroar|spe|1\n|move|p1a: Reuniclus|Recover|p1a: Reuniclus\n|-heal|p1a: Reuniclus|100\/100 tox\n|move|p2b: Trump\u2019s Dream|Toxic|p1b: Incineroar\n|-status|p1b: Incineroar|tox\n|cant|p2a: \ud83d\udc0c|flinch\n|\n|-damage|p1b: Incineroar|78\/100 tox|[from] psn\n|-fieldend|move: Trick Room\n|upkeep\n|turn|24\n|\n|t:|1699874235\n|move|p2b: Trump\u2019s Dream|Protect|p2b: Trump\u2019s Dream\n|-singleturn|p2b: Trump\u2019s Dream|Protect\n|move|p2a: \ud83d\udc0c|Body Press|p1b: Incineroar\n|-supereffective|p1b: Incineroar\n|-damage|p1b: Incineroar|0 fnt\n|faint|p1b: Incineroar\n|move|p1a: Reuniclus|Trick Room|p1a: Reuniclus\n|-fieldstart|move: Trick Room|[of] p1a: Reuniclus\n|\n|upkeep\n|turn|25\n|c|\u2606FriedBeaver01|GG\n|c|\u2606magicalarcher57|wait\n|c|\u2606magicalarcher57|i jsutrealised\n|c|\u2606magicalarcher57|toxic didnt so anything\n|\n|t:|1699874256\n|move|p1a: Reuniclus|Flash Cannon|p2a: \ud83d\udc0c\n|-damage|p2a: \ud83d\udc0c|12\/100\n|move|p2b: Trump\u2019s Dream|Seismic Toss|p1a: Reuniclus\n|-damage|p1a: Reuniclus|76\/100 tox\n|move|p2a: \ud83d\udc0c|Body Press|p1a: Reuniclus\n|-resisted|p1a: Reuniclus\n|-damage|p1a: Reuniclus|48\/100 tox\n|\n|-heal|p1a: Reuniclus|54\/100 tox|[from] item: Leftovers\n|upkeep\n|turn|26\n|\n|t:|1699874276\n|move|p1a: Reuniclus|Flash Cannon|p2a: \ud83d\udc0c\n|-damage|p2a: \ud83d\udc0c|0 fnt\n|faint|p2a: \ud83d\udc0c\n|move|p2b: Trump\u2019s Dream|Seismic Toss|p1a: Reuniclus\n|-damage|p1a: Reuniclus|30\/100 tox\n|\n|-heal|p1a: Reuniclus|36\/100 tox|[from] item: Leftovers\n|upkeep\n|\n|t:|1699874282\n|switch|p2a: Indeez Nuts|Indeedee, M, shiny|20\/100\n|-fieldstart|move: Psychic Terrain|[from] ability: Psychic Surge|[of] p2a: Indeez Nuts\n|turn|27\n|\n|t:|1699874290\n|move|p1a: Reuniclus|Recover|p1a: Reuniclus\n|-heal|p1a: Reuniclus|86\/100 tox\n|move|p2b: Trump\u2019s Dream|Seismic Toss|p1a: Reuniclus\n|-damage|p1a: Reuniclus|61\/100 tox\n|move|p2a: Indeez Nuts|Encore|p1a: Reuniclus\n|-start|p1a: Reuniclus|Encore\n|\n|-heal|p1a: Reuniclus|67\/100 tox|[from] item: Leftovers\n|upkeep\n|turn|28\n|\n|t:|1699874314\n|move|p1a: Reuniclus|Recover|p1a: Reuniclus\n|-heal|p1a: Reuniclus|100\/100 tox\n|move|p2b: Trump\u2019s Dream|Seismic Toss|p1a: Reuniclus\n|-damage|p1a: Reuniclus|76\/100 tox\n|move|p2a: Indeez Nuts|Draining Kiss|p1a: Reuniclus\n|-damage|p1a: Reuniclus|64\/100 tox\n|-heal|p2a: Indeez Nuts|34\/100|[from] drain|[of] p1a: Reuniclus\n|\n|-heal|p1a: Reuniclus|70\/100 tox|[from] item: Leftovers\n|-fieldend|move: Trick Room\n|upkeep\n|turn|29\n|inactive|magicalarcher57 has 120 seconds left.\n|\n|t:|1699874349\n|move|p2a: Indeez Nuts|Draining Kiss|p1a: Reuniclus\n|-damage|p1a: Reuniclus|58\/100 tox\n|-heal|p2a: Indeez Nuts|49\/100|[from] drain|[of] p1a: Reuniclus\n|move|p2b: Trump\u2019s Dream|Seismic Toss|p1a: Reuniclus\n|-damage|p1a: Reuniclus|33\/100 tox\n|move|p1a: Reuniclus|Recover|p1a: Reuniclus\n|-heal|p1a: Reuniclus|83\/100 tox\n|\n|-heal|p1a: Reuniclus|89\/100 tox|[from] item: Leftovers\n|upkeep\n|turn|30\n|c|\u2606magicalarcher57|this is gonna be a gamble game\n|c|\u2606magicalarcher57|if struggle\n|\n|t:|1699874364\n|move|p2a: Indeez Nuts|Draining Kiss|p1a: Reuniclus\n|-damage|p1a: Reuniclus|76\/100 tox\n|-heal|p2a: Indeez Nuts|64\/100|[from] drain|[of] p1a: Reuniclus\n|move|p2b: Trump\u2019s Dream|Seismic Toss|p1a: Reuniclus\n|-damage|p1a: Reuniclus|51\/100 tox\n|move|p1a: Reuniclus|Recover|p1a: Reuniclus\n|-heal|p1a: Reuniclus|100\/100 tox\n|\n|-end|p1a: Reuniclus|Encore\n|upkeep\n|turn|31\n|c|\u2606magicalarcher57|destroys\n|\n|t:|1699874388\n|move|p2a: Indeez Nuts|Expanding Force|p1a: Reuniclus\n|-resisted|p1a: Reuniclus\n|-damage|p1a: Reuniclus|74\/100 tox\n|move|p2b: Trump\u2019s Dream|Seismic Toss|p1a: Reuniclus\n|-damage|p1a: Reuniclus|49\/100 tox\n|move|p1a: Reuniclus|Flash Cannon|p2a: Indeez Nuts\n|-damage|p2a: Indeez Nuts|36\/100\n|\n|-heal|p1a: Reuniclus|55\/100 tox|[from] item: Leftovers\n|-fieldend|move: Psychic Terrain\n|upkeep\n|turn|32\n|\n|t:|1699874412\n|move|p2a: Indeez Nuts|Encore|p1a: Reuniclus\n|-start|p1a: Reuniclus|Encore\n|move|p2b: Trump\u2019s Dream|Seismic Toss|p1a: Reuniclus\n|-damage|p1a: Reuniclus|30\/100 tox\n|move|p1a: Reuniclus|Flash Cannon|p2a: Indeez Nuts\n|-damage|p2a: Indeez Nuts|4\/100\n|\n|-heal|p1a: Reuniclus|36\/100 tox|[from] item: Leftovers\n|upkeep\n|turn|33\n|c|\u2606FriedBeaver01|GG\n|\n|t:|1699874434\n|move|p2a: Indeez Nuts|Draining Kiss|p1a: Reuniclus\n|-damage|p1a: Reuniclus|25\/100 tox\n|-heal|p2a: Indeez Nuts|17\/100|[from] drain|[of] p1a: Reuniclus\n|move|p2b: Trump\u2019s Dream|Seismic Toss|p1a: Reuniclus\n|-damage|p1a: Reuniclus|0 fnt\n|faint|p1a: Reuniclus\n|\n|win|FriedBeaver01\n|raw|magicalarcher57's rating: 1000 &rarr; <strong>1000<\/strong><br \/>(+0 for losing)\n|raw|FriedBeaver01's rating: 1208 &rarr; <strong>1220<\/strong><br \/>(+12 for winning)\n|c|\u2606magicalarcher57|gg\n|c|\u2606FriedBeaver01|That was great\n|c|\u2606magicalarcher57|ye\n|l|\u2606magicalarcher57\n|c|\u2606FriedBeaver01|Wanna add me?\n|l|\u2606FriedBeaver01\n|j|\u2606FriedBeaver01\n|player|p2|FriedBeaver01|266\n","uploadtime":1699874660,"views":14,"p1id":"magicalarcher57","p2id":"friedbeaver01","formatid":"gen9nationaldexdoubles","rating":1000,"private":0,"password":""}