{"id":"gen9nationaldexdoubles-1974802880","p1":"TheMiracleMan420","p2":"loverofsillygibles","format":"[Gen 9] National Dex Doubles","log":"|j|\u2606TheMiracleMan420\n|j|\u2606loverofsillygibles\n|t:|1698126966\n|gametype|doubles\n|player|p1|TheMiracleMan420|169|\n|player|p2|loverofsillygibles|colress|\n|teamsize|p1|6\n|teamsize|p2|6\n|gen|9\n|tier|[Gen 9] National Dex Doubles\n|rule|HP Percentage Mod: HP is shown in percentages\n|rule|Endless Battle Clause: Forcing endless battles is banned\n|rule|OHKO Clause: OHKO moves are banned\n|rule|Evasion Moves Clause: Evasion moves are banned\n|rule|Evasion Abilities Clause: Evasion abilities are banned\n|rule|Species Clause: Limit one of each Pok\u00e9mon\n|rule|Gravity Sleep Clause: The combination of sleep-inducing moves with imperfect accuracy and Gravity or Gigantamax Orbeetle are banned\n|clearpoke\n|poke|p1|Armarouge, M|\n|poke|p1|Golurk|\n|poke|p1|Absol, F|\n|poke|p1|Metagross|\n|poke|p1|Zygarde|\n|poke|p1|Regigigas|\n|poke|p2|Samurott-Hisui, M|\n|poke|p2|Hoopa-Unbound|\n|poke|p2|Garchomp, M|\n|poke|p2|Zamazenta-*|\n|poke|p2|Flamigo, F|\n|poke|p2|Skeledirge, F|\n|teampreview\n|\n|t:|1698127003\n|start\n|switch|p1a: Metagross|Metagross|100\/100\n|switch|p1b: Regigigas|Regigigas|100\/100\n|switch|p2a: CHOMP!|Garchomp, M, shiny|100\/100\n|switch|p2b: DAWWWG|Zamazenta|100\/100\n|-ability|p2b: DAWWWG|Dauntless Shield|boost\n|-boost|p2b: DAWWWG|def|1\n|-start|p1b: Regigigas|ability: Slow Start\n|turn|1\n|\n|t:|1698127020\n|detailschange|p2a: CHOMP!|Garchomp-Mega, M, shiny\n|-mega|p2a: CHOMP!|Garchomp|Garchompite\n|move|p2b: DAWWWG|Iron Defense|p2b: DAWWWG\n|-boost|p2b: DAWWWG|def|2\n|move|p2a: CHOMP!|Hidden Power|p2b: DAWWWG\n|-supereffective|p2b: DAWWWG\n|-damage|p2b: DAWWWG|77\/100\n|-enditem|p2b: DAWWWG|Weakness Policy\n|-boost|p2b: DAWWWG|atk|2|[from] item: Weakness Policy\n|-boost|p2b: DAWWWG|spa|2|[from] item: Weakness Policy\n|move|p1a: Metagross|Reflect|p1a: Metagross\n|-sidestart|p1: TheMiracleMan420|Reflect\n|move|p1b: Regigigas|Substitute|p1b: Regigigas\n|-start|p1b: Regigigas|Substitute\n|-damage|p1b: Regigigas|75\/100\n|\n|upkeep\n|turn|2\n|\n|t:|1698127046\n|move|p2b: DAWWWG|Body Press|p1a: Metagross\n|-damage|p1a: Metagross|69\/100\n|move|p2a: CHOMP!|Outrage|p1b: Regigigas\n|-end|p1b: Regigigas|Substitute\n|move|p1a: Metagross|Light Screen|p1a: Metagross\n|-sidestart|p1: TheMiracleMan420|move: Light Screen\n|move|p1b: Regigigas|Power-Up Punch|p2a: CHOMP!\n|-damage|p2a: CHOMP!|92\/100\n|-boost|p1b: Regigigas|atk|1\n|\n|upkeep\n|turn|3\n|\n|t:|1698127086\n|switch|p1a: Armarouge|Armarouge, M|100\/100\n|move|p2b: DAWWWG|Body Press|p1b: Regigigas\n|-supereffective|p1b: Regigigas\n|-damage|p1b: Regigigas|2\/100\n|move|p2a: CHOMP!|Outrage|p1a: Armarouge|[from]lockedmove\n|-damage|p1a: Armarouge|41\/100\n|-start|p2a: CHOMP!|confusion|[fatigue]\n|move|p1b: Regigigas|Substitute|p1b: Regigigas\n|-fail|p1b: Regigigas|move: Substitute|[weak]\n|\n|upkeep\n|turn|4\n|\n|t:|1698127140\n|switch|p2a: THANG!|Flamigo, F|100\/100\n|-copyboost|p2a: THANG!|p2b: DAWWWG|[from] ability: Costar\n|-terastallize|p2b: DAWWWG|Poison\n|move|p2b: DAWWWG|Body Press|p1a: Armarouge\n|-resisted|p1a: Armarouge\n|-damage|p1a: Armarouge|15\/100\n|move|p1a: Armarouge|Heat Wave|p2a: THANG!|[spread] p2a,p2b\n|-damage|p2a: THANG!|39\/100\n|-damage|p2b: DAWWWG|47\/100\n|-status|p2a: THANG!|brn\n|move|p1b: Regigigas|Rest|p1b: Regigigas\n|-status|p1b: Regigigas|slp|[from] move: Rest\n|-heal|p1b: Regigigas|100\/100 slp|[silent]\n|-enditem|p1b: Regigigas|Chesto Berry|[eat]\n|-curestatus|p1b: Regigigas|slp|[msg]\n|\n|-damage|p2a: THANG!|32\/100 brn|[from] brn\n|upkeep\n|turn|5\n|\n|t:|1698127173\n|move|p2b: DAWWWG|Body Press|p1a: Armarouge\n|-resisted|p1a: Armarouge\n|-crit|p1a: Armarouge\n|-damage|p1a: Armarouge|0 fnt\n|faint|p1a: Armarouge\n|move|p2a: THANG!|Lunge|p1b: Regigigas\n|-damage|p1b: Regigigas|89\/100\n|-unboost|p1b: Regigigas|atk|1\n|move|p1b: Regigigas|Substitute|p1b: Regigigas\n|-start|p1b: Regigigas|Substitute\n|-damage|p1b: Regigigas|64\/100\n|\n|-damage|p2a: THANG!|26\/100 brn|[from] brn\n|-sideend|p1: TheMiracleMan420|Reflect\n|-end|p1b: Regigigas|Slow Start\n|upkeep\n|\n|t:|1698127190\n|switch|p1a: Zygarde|Zygarde|100\/100\n|-ability|p1a: Zygarde|Aura Break\n|turn|6\n|\n|t:|1698127214\n|move|p2b: DAWWWG|Ice Fang|p1a: Zygarde\n|-supereffective|p1a: Zygarde\n|-damage|p1a: Zygarde|19\/100\n|-enditem|p1a: Zygarde|Iapapa Berry|[eat]\n|-heal|p1a: Zygarde|52\/100|[from] item: Iapapa Berry\n|move|p2a: THANG!|Close Combat|p1b: Regigigas\n|-supereffective|p1b: Regigigas\n|-end|p1b: Regigigas|Substitute\n|-unboost|p2a: THANG!|def|1\n|-unboost|p2a: THANG!|spd|1\n|move|p1b: Regigigas|Rock Slide|p2b: DAWWWG|[spread] p2a,p2b\n|-damage|p2a: THANG!|8\/100 brn\n|-damage|p2b: DAWWWG|39\/100\n|move|p1a: Zygarde|Thousand Waves|p2a: THANG!|[spread] p2b\n|-immune|p2a: THANG!\n|-supereffective|p2b: DAWWWG\n|-damage|p2b: DAWWWG|25\/100\n|-activate|p2b: DAWWWG|trapped\n|\n|-damage|p2a: THANG!|2\/100 brn|[from] brn\n|-sideend|p1: TheMiracleMan420|move: Light Screen\n|upkeep\n|turn|7\n|\n|t:|1698127242\n|move|p2b: DAWWWG|Ice Fang|p1a: Zygarde\n|-supereffective|p1a: Zygarde\n|-damage|p1a: Zygarde|0 fnt\n|faint|p1a: Zygarde\n|move|p2a: THANG!|Close Combat|p1b: Regigigas\n|-supereffective|p1b: Regigigas\n|-damage|p1b: Regigigas|0 fnt\n|-unboost|p2a: THANG!|def|1\n|-unboost|p2a: THANG!|spd|1\n|faint|p1b: Regigigas\n|-end|p1b: Regigigas|Slow Start|[silent]\n|\n|-damage|p2a: THANG!|0 fnt|[from] brn\n|faint|p2a: THANG!\n|upkeep\n|\n|t:|1698127268\n|switch|p2a: samu|Samurott-Hisui, M, shiny|100\/100\n|switch|p1b: Golurk|Golurk|100\/100\n|switch|p1a: Absol|Absol, F|100\/100\n|-ability|p1a: Absol|Pressure\n|turn|8\n|\n|t:|1698127286\n|detailschange|p1a: Absol|Absol-Mega, F\n|-mega|p1a: Absol|Absol|Absolite\n|-terastallize|p1b: Golurk|Fighting\n|move|p2b: DAWWWG|Protect|p2b: DAWWWG\n|-singleturn|p2b: DAWWWG|Protect\n|move|p1a: Absol|Psycho Cut|p2b: DAWWWG\n|-activate|p2b: DAWWWG|move: Protect\n|move|p2a: samu|Ceaseless Edge|p1b: Golurk\n|-resisted|p1b: Golurk\n|-damage|p1b: Golurk|72\/100\n|-sidestart|p1: TheMiracleMan420|Spikes\n|-damage|p2a: samu|91\/100|[from] item: Life Orb\n|move|p1b: Golurk|Dynamic Punch|p2a: samu\n|-supereffective|p2a: samu\n|-damage|p2a: samu|0 fnt\n|faint|p2a: samu\n|\n|upkeep\n|\n|t:|1698127310\n|switch|p2a: Skeledirge|Skeledirge, F|100\/100\n|turn|9\n|\n|t:|1698127344\n|move|p2b: DAWWWG|Body Press|p1a: Absol\n|-supereffective|p1a: Absol\n|-damage|p1a: Absol|0 fnt\n|faint|p1a: Absol\n|move|p2a: Skeledirge|Torch Song|p1b: Golurk\n|-damage|p1b: Golurk|48\/100\n|-boost|p2a: Skeledirge|spa|1\n|-enditem|p2a: Skeledirge|Throat Spray\n|-boost|p2a: Skeledirge|spa|1|[from] item: Throat Spray\n|move|p1b: Golurk|Shadow Punch|p2a: Skeledirge\n|-supereffective|p2a: Skeledirge\n|-damage|p2a: Skeledirge|58\/100\n|\n|upkeep\n|\n|t:|1698127356\n|switch|p1a: Metagross|Metagross|69\/100\n|-damage|p1a: Metagross|57\/100|[from] Spikes\n|turn|10\n|\n|t:|1698127374\n|move|p2b: DAWWWG|Body Press|p1b: Golurk\n|-damage|p1b: Golurk|0 fnt\n|faint|p1b: Golurk\n|move|p1a: Metagross|Reflect|p1a: Metagross\n|-sidestart|p1: TheMiracleMan420|Reflect\n|move|p2a: Skeledirge|Poltergeist|p1a: Metagross\n|-activate|p1a: Metagross|move: Poltergeist|Salac Berry\n|-supereffective|p1a: Metagross\n|-damage|p1a: Metagross|33\/100\n|\n|upkeep\n|turn|11\n|\n|t:|1698127402\n|move|p2b: DAWWWG|Protect|p2b: DAWWWG\n|-singleturn|p2b: DAWWWG|Protect\n|move|p1a: Metagross|Meteor Mash|p2b: DAWWWG\n|-activate|p2b: DAWWWG|move: Protect\n|move|p2a: Skeledirge|Torch Song|p1a: Metagross\n|-supereffective|p1a: Metagross\n|-damage|p1a: Metagross|0 fnt\n|-boost|p2a: Skeledirge|spa|1\n|faint|p1a: Metagross\n|\n|win|loverofsillygibles\n|l|\u2606TheMiracleMan420\n","uploadtime":1698127499,"views":14,"p1id":"themiracleman420","p2id":"loverofsillygibles","formatid":"gen9nationaldexdoubles","rating":0,"private":0,"password":""}