{"id":"gen9nationaldexdoubles-2000424172","p1":"SupaMexicanMan","p2":"fumbari 24","format":"[Gen 9] National Dex Doubles","log":"|j|\u2606SupaMexicanMan\n|j|\u2606fumbari 24\n|t:|1701193635\n|gametype|doubles\n|player|p1|SupaMexicanMan|richboy-gen4|1376\n|player|p2|fumbari 24|hilbert|1325\n|teamsize|p1|6\n|teamsize|p2|6\n|gen|9\n|tier|[Gen 9] National Dex Doubles\n|rated|\n|rule|HP Percentage Mod: HP is shown in percentages\n|rule|Endless Battle Clause: Forcing endless battles is banned\n|rule|OHKO Clause: OHKO moves are banned\n|rule|Evasion Moves Clause: Evasion moves are banned\n|rule|Evasion Abilities Clause: Evasion abilities are banned\n|rule|Species Clause: Limit one of each Pok\u00e9mon\n|rule|Gravity Sleep Clause: The combination of sleep-inducing moves with imperfect accuracy and Gravity or Gigantamax Orbeetle are banned\n|clearpoke\n|poke|p1|Hatterene, F|\n|poke|p1|Grimmsnarl, M|\n|poke|p1|Ceruledge, M|\n|poke|p1|Amoonguss, F|\n|poke|p1|Buzzwole|\n|poke|p1|Kingambit, M|\n|poke|p2|Ninetales, F|\n|poke|p2|Heatran, M|\n|poke|p2|Scovillain, F|\n|poke|p2|Stonjourner, M|\n|poke|p2|Arcanine-Hisui, M|\n|poke|p2|Latias, F|\n|teampreview\n|\n|t:|1701193666\n|start\n|switch|p1a: Hatterene|Hatterene, F, shiny|100\/100\n|switch|p1b: Grimmsnarl|Grimmsnarl, M, shiny|100\/100\n|switch|p2a: Heatran|Heatran, M|100\/100\n|switch|p2b: Ninetales|Ninetales, F|100\/100\n|-weather|SunnyDay|[from] ability: Drought|[of] p2b: Ninetales\n|turn|1\n|\n|t:|1701193678\n|move|p1b: Grimmsnarl|Light Screen|p1b: Grimmsnarl\n|-sidestart|p1: SupaMexicanMan|move: Light Screen\n|move|p2a: Heatran|Substitute|p2a: Heatran\n|-start|p2a: Heatran|Substitute\n|-damage|p2a: Heatran|75\/100\n|move|p2b: Ninetales|Fake Tears|p1b: Grimmsnarl\n|-unboost|p1b: Grimmsnarl|spd|2\n|move|p1a: Hatterene|Trick Room|p1a: Hatterene\n|-fieldstart|move: Trick Room|[of] p1a: Hatterene\n|\n|-weather|SunnyDay|[upkeep]\n|-heal|p2a: Heatran|82\/100|[from] item: Leftovers\n|upkeep\n|turn|2\n|\n|t:|1701193690\n|move|p1a: Hatterene|Mystical Fire|p2a: Heatran\n|-start|p2a: Heatran|ability: Flash Fire\n|move|p1b: Grimmsnarl|Spirit Break|p2a: Heatran\n|-resisted|p2a: Heatran\n|-activate|p2a: Heatran|move: Substitute|[damage]\n|move|p2b: Ninetales|Heat Wave|p1b: Grimmsnarl|[spread] p1a,p1b\n|-damage|p1a: Hatterene|79\/100\n|-damage|p1b: Grimmsnarl|64\/100\n|move|p2a: Heatran|Magma Storm|p1a: Hatterene\n|-damage|p1a: Hatterene|2\/100\n|-activate|p1a: Hatterene|move: Magma Storm|[of] p2a: Heatran\n|\n|-weather|SunnyDay|[upkeep]\n|-heal|p2a: Heatran|88\/100|[from] item: Leftovers\n|-damage|p1a: Hatterene|0 fnt|[from] move: Magma Storm|[partiallytrapped]\n|faint|p1a: Hatterene\n|upkeep\n|\n|t:|1701193722\n|switch|p1a: Buzzwole|Buzzwole|100\/100\n|turn|3\n|inactive|Battle timer is ON: inactive players will automatically lose when time's up. (requested by fumbari 24)\n|\n|t:|1701193741\n|-terastallize|p1a: Buzzwole|Water\n|move|p1b: Grimmsnarl|Taunt|p2b: Ninetales\n|-start|p2b: Ninetales|move: Taunt\n|move|p1a: Buzzwole|Drain Punch|p2a: Heatran\n|-supereffective|p2a: Heatran\n|-end|p2a: Heatran|Substitute\n|cant|p2b: Ninetales|move: Taunt|Will-O-Wisp\n|move|p2a: Heatran|Flash Cannon|p1b: Grimmsnarl\n|-supereffective|p1b: Grimmsnarl\n|-damage|p1b: Grimmsnarl|0 fnt\n|faint|p1b: Grimmsnarl\n|\n|-weather|SunnyDay|[upkeep]\n|-heal|p2a: Heatran|94\/100|[from] item: Leftovers\n|upkeep\n|\n|t:|1701193755\n|switch|p1b: Ceruledge|Ceruledge, M|100\/100\n|turn|4\n|l|\u2606fumbari 24\n|inactive|fumbari 24 disconnected and has a minute to reconnect!\n|player|p2|\n|j|\u2606fumbari 24\n|inactive|fumbari 24 reconnected and has 125 seconds left.\n|player|p2|fumbari 24|hilbert\n|inactive|fumbari 24 has 120 seconds left.\n|\n|t:|1701193796\n|switch|p2b: Arcanine|Arcanine-Hisui, M|100\/100\n|-ability|p2b: Arcanine|Intimidate|boost\n|-unboost|p1a: Buzzwole|atk|1\n|-unboost|p1b: Ceruledge|atk|1\n|-terastallize|p2a: Heatran|Grass\n|move|p1b: Ceruledge|Swords Dance|p1b: Ceruledge\n|-boost|p1b: Ceruledge|atk|2\n|move|p1a: Buzzwole|Drain Punch|p2a: Heatran\n|-damage|p2a: Heatran|72\/100\n|move|p2a: Heatran|Earth Power|p1b: Ceruledge\n|-supereffective|p1b: Ceruledge\n|-damage|p1b: Ceruledge|62\/100\n|\n|-weather|SunnyDay|[upkeep]\n|-heal|p2a: Heatran|78\/100|[from] item: Leftovers\n|upkeep\n|turn|5\n|inactive|fumbari 24 has 120 seconds left.\n|\n|t:|1701193824\n|move|p1b: Ceruledge|Bitter Blade|p2a: Heatran\n|-immune|p2a: Heatran|[from] ability: Flash Fire\n|move|p1a: Buzzwole|Drain Punch|p2b: Arcanine\n|-supereffective|p2b: Arcanine\n|-damage|p2b: Arcanine|38\/100\n|move|p2a: Heatran|Magma Storm|p1a: Buzzwole|[miss]\n|-miss|p2a: Heatran|p1a: Buzzwole\n|move|p2b: Arcanine|Rock Slide|p1a: Buzzwole|[spread] p1a,p1b\n|-supereffective|p1b: Ceruledge\n|-damage|p1a: Buzzwole|82\/100\n|-damage|p1b: Ceruledge|0 fnt\n|faint|p1b: Ceruledge\n|\n|-weather|none\n|-heal|p2a: Heatran|84\/100|[from] item: Leftovers\n|-fieldend|move: Trick Room\n|upkeep\n|\n|t:|1701193843\n|switch|p1b: Kingambit|Kingambit, M|100\/100\n|turn|6\n|\n|t:|1701193859\n|move|p1b: Kingambit|Sucker Punch|p2b: Arcanine\n|-damage|p2b: Arcanine|0 fnt\n|faint|p2b: Arcanine\n|move|p2a: Heatran|Substitute|p2a: Heatran\n|-start|p2a: Heatran|Substitute\n|-damage|p2a: Heatran|59\/100\n|move|p1a: Buzzwole|Leech Life|p2a: Heatran\n|-supereffective|p2a: Heatran\n|-end|p2a: Heatran|Substitute\n|-heal|p1a: Buzzwole|93\/100|[from] drain|[of] p2a: Heatran\n|\n|-heal|p2a: Heatran|65\/100|[from] item: Leftovers\n|upkeep\n|\n|t:|1701193870\n|switch|p2b: Ninetales|Ninetales, F|100\/100\n|-weather|SunnyDay|[from] ability: Drought|[of] p2b: Ninetales\n|turn|7\n|\n|t:|1701193890\n|move|p1b: Kingambit|Sucker Punch||[still]\n|-fail|p1b: Kingambit\n|move|p2a: Heatran|Substitute|p2a: Heatran\n|-start|p2a: Heatran|Substitute\n|-damage|p2a: Heatran|40\/100\n|move|p2b: Ninetales|Will-O-Wisp|p1a: Buzzwole\n|-status|p1a: Buzzwole|brn\n|move|p1a: Buzzwole|Leech Life|p2a: Heatran\n|-supereffective|p2a: Heatran\n|-activate|p2a: Heatran|move: Substitute|[damage]\n|-heal|p1a: Buzzwole|100\/100 brn|[from] drain|[of] p2a: Heatran\n|\n|-weather|SunnyDay|[upkeep]\n|-heal|p2a: Heatran|47\/100|[from] item: Leftovers\n|-damage|p1a: Buzzwole|94\/100 brn|[from] brn\n|upkeep\n|turn|8\n|inactive|SupaMexicanMan has 120 seconds left.\n|inactive|fumbari 24 has 120 seconds left.\n|\n|t:|1701193943\n|move|p1b: Kingambit|Sucker Punch|p2a: Heatran\n|-end|p2a: Heatran|Substitute\n|move|p2a: Heatran|Magma Storm|p1b: Kingambit\n|-supereffective|p1b: Kingambit\n|-damage|p1b: Kingambit|0 fnt\n|faint|p1b: Kingambit\n|move|p2b: Ninetales|Fake Tears|p1a: Buzzwole\n|-unboost|p1a: Buzzwole|spd|2\n|move|p1a: Buzzwole|Leech Life|p2a: Heatran\n|-supereffective|p2a: Heatran\n|-damage|p2a: Heatran|20\/100\n|-heal|p1a: Buzzwole|100\/100 brn|[from] drain|[of] p2a: Heatran\n|\n|-weather|SunnyDay|[upkeep]\n|-heal|p2a: Heatran|26\/100|[from] item: Leftovers\n|-damage|p1a: Buzzwole|94\/100 brn|[from] brn\n|-sideend|p1: SupaMexicanMan|move: Light Screen\n|upkeep\n|inactive|SupaMexicanMan has 120 seconds left.\n|-message|SupaMexicanMan forfeited.\n|\n|win|fumbari 24\n|raw|SupaMexicanMan's rating: 1376 &rarr; <strong>1353<\/strong><br \/>(-23 for losing)\n|raw|fumbari 24's rating: 1325 &rarr; <strong>1348<\/strong><br \/>(+23 for winning)\n|l|\u2606SupaMexicanMan\n","uploadtime":1701193964,"views":1,"p1id":"supamexicanman","p2id":"fumbari24","formatid":"gen9nationaldexdoubles","rating":1348,"private":0,"password":""}