{"id":"gen9nationaldexdoubles-1994155793","p1":"Mistery Gold","p2":"Drixzard","format":"[Gen 9] National Dex Doubles","log":"|j|\u2606Mistery Gold\n|j|\u2606Drixzard\n|t:|1700413350\n|gametype|doubles\n|player|p1|Mistery Gold|tate|\n|player|p2|Drixzard|ingo|\n|teamsize|p1|6\n|teamsize|p2|6\n|gen|9\n|tier|[Gen 9] National Dex Doubles\n|rule|HP Percentage Mod: HP is shown in percentages\n|rule|Endless Battle Clause: Forcing endless battles is banned\n|rule|OHKO Clause: OHKO moves are banned\n|rule|Evasion Moves Clause: Evasion moves are banned\n|rule|Evasion Abilities Clause: Evasion abilities are banned\n|rule|Species Clause: Limit one of each Pok\u00e9mon\n|rule|Gravity Sleep Clause: The combination of sleep-inducing moves with imperfect accuracy and Gravity or Gigantamax Orbeetle are banned\n|clearpoke\n|poke|p1|Iron Bundle|\n|poke|p1|Flutter Mane|\n|poke|p1|Chandelure, F|\n|poke|p1|Indeedee-F, F|\n|poke|p1|Scream Tail|\n|poke|p1|Houndstone, M|\n|poke|p2|Sinistcha-Masterpiece|\n|poke|p2|Flutter Mane|\n|poke|p2|Gholdengo|\n|poke|p2|Skeledirge, F|\n|poke|p2|Typhlosion-Hisui, M|\n|poke|p2|Marshadow|\n|teampreview\n|j| unknown11111111\n|\n|t:|1700413379\n|start\n|switch|p1a: Chandelure|Chandelure, F|100\/100\n|switch|p1b: Indeedee|Indeedee-F, F|100\/100\n|switch|p2a: Gholdengo|Gholdengo|100\/100\n|switch|p2b: Marshadow|Marshadow|100\/100\n|-fieldstart|move: Psychic Terrain|[from] ability: Psychic Surge|[of] p1b: Indeedee\n|turn|1\n|\n|t:|1700413416\n|-terastallize|p1a: Chandelure|Fire\n|move|p1b: Indeedee|Helping Hand|p1a: Chandelure\n|-singleturn|p1a: Chandelure|Helping Hand|[of] p1b: Indeedee\n|move|p2b: Marshadow|Spectral Thief|p1a: Chandelure\n|-damage|p1a: Chandelure|29\/100\n|move|p2a: Gholdengo|Make It Rain|p1b: Indeedee|[spread] p1a,p1b\n|-resisted|p1a: Chandelure\n|-damage|p1a: Chandelure|0 fnt\n|-damage|p1b: Indeedee|60\/100\n|-unboost|p2a: Gholdengo|spa|1\n|faint|p1a: Chandelure\n|\n|upkeep\n|\n|t:|1700413434\n|switch|p1a: Iron Bundle|Iron Bundle|100\/100\n|-enditem|p1a: Iron Bundle|Booster Energy\n|-activate|p1a: Iron Bundle|ability: Quark Drive|[fromitem]\n|-start|p1a: Iron Bundle|quarkdrivespe\n|turn|2\n|\n|t:|1700413455\n|switch|p2a: Sinistcha|Sinistcha-Masterpiece|100\/100\n|move|p1a: Iron Bundle|Hydro Pump|p2a: Sinistcha\n|-resisted|p2a: Sinistcha\n|-damage|p2a: Sinistcha|68\/100\n|move|p2b: Marshadow|Spectral Thief|p1a: Iron Bundle\n|-damage|p1a: Iron Bundle|50\/100\n|move|p1b: Indeedee|Expanding Force|p2a: Sinistcha|[spread] p2a,p2b\n|-supereffective|p2b: Marshadow\n|-damage|p2a: Sinistcha|21\/100\n|-damage|p2b: Marshadow|18\/100\n|\n|-heal|p2a: Sinistcha|27\/100|[from] item: Leftovers\n|upkeep\n|turn|3\n|\n|t:|1700413475\n|move|p1b: Indeedee|Helping Hand|p1a: Iron Bundle\n|-singleturn|p1a: Iron Bundle|Helping Hand|[of] p1b: Indeedee\n|move|p1a: Iron Bundle|Air Cutter|p2a: Sinistcha|[spread] p2a,p2b\n|-supereffective|p2a: Sinistcha\n|-supereffective|p2b: Marshadow\n|-damage|p2a: Sinistcha|0 fnt\n|-damage|p2b: Marshadow|0 fnt\n|faint|p2a: Sinistcha\n|faint|p2b: Marshadow\n|\n|upkeep\n|\n|t:|1700413502\n|switch|p2b: Gholdengo|Gholdengo|100\/100\n|switch|p2a: Flutter Mane|Flutter Mane|100\/100\n|-enditem|p2a: Flutter Mane|Booster Energy\n|-activate|p2a: Flutter Mane|ability: Protosynthesis|[fromitem]\n|-start|p2a: Flutter Mane|protosynthesisspe\n|turn|4\n|\n|t:|1700413511\n|move|p1b: Indeedee|Helping Hand|p1a: Iron Bundle\n|-singleturn|p1a: Iron Bundle|Helping Hand|[of] p1b: Indeedee\n|move|p1a: Iron Bundle|Hydro Pump|p2a: Flutter Mane|[miss]\n|-miss|p1a: Iron Bundle|p2a: Flutter Mane\n|move|p2a: Flutter Mane|Thunderbolt|p1a: Iron Bundle\n|-supereffective|p1a: Iron Bundle\n|-damage|p1a: Iron Bundle|0 fnt\n|faint|p1a: Iron Bundle\n|-end|p1a: Iron Bundle|Quark Drive|[silent]\n|move|p2b: Gholdengo|Make It Rain|p1b: Indeedee\n|-damage|p1b: Indeedee|1\/100\n|-unboost|p2b: Gholdengo|spa|1\n|\n|upkeep\n|\n|t:|1700413524\n|switch|p1a: Flutter Mane|Flutter Mane|100\/100\n|-enditem|p1a: Flutter Mane|Booster Energy\n|-activate|p1a: Flutter Mane|ability: Protosynthesis|[fromitem]\n|-start|p1a: Flutter Mane|protosynthesisspe\n|turn|5\n|\n|t:|1700413532\n|move|p1b: Indeedee|Helping Hand|p1a: Flutter Mane\n|-singleturn|p1a: Flutter Mane|Helping Hand|[of] p1b: Indeedee\n|move|p1a: Flutter Mane|Shadow Ball|p2a: Flutter Mane\n|-supereffective|p2a: Flutter Mane\n|-damage|p2a: Flutter Mane|0 fnt\n|faint|p2a: Flutter Mane\n|-end|p2a: Flutter Mane|Protosynthesis|[silent]\n|move|p2b: Gholdengo|Make It Rain|p1a: Flutter Mane|[spread] p1a,p1b\n|-supereffective|p1a: Flutter Mane\n|-damage|p1a: Flutter Mane|31\/100\n|-damage|p1b: Indeedee|0 fnt\n|-unboost|p2b: Gholdengo|spa|1\n|faint|p1b: Indeedee\n|\n|upkeep\n|\n|t:|1700413543\n|switch|p2a: Skeledirge|Skeledirge, F|100\/100\n|switch|p1b: Scream Tail|Scream Tail|100\/100\n|turn|6\n|\n|t:|1700413564\n|move|p1b: Scream Tail|Helping Hand|p1a: Flutter Mane\n|-singleturn|p1a: Flutter Mane|Helping Hand|[of] p1b: Scream Tail\n|move|p1a: Flutter Mane|Shadow Ball|p2a: Skeledirge\n|-supereffective|p2a: Skeledirge\n|-damage|p2a: Skeledirge|0 fnt\n|faint|p2a: Skeledirge\n|move|p2b: Gholdengo|Make It Rain|p1a: Flutter Mane|[spread] p1a,p1b\n|-supereffective|p1a: Flutter Mane\n|-supereffective|p1b: Scream Tail\n|-damage|p1a: Flutter Mane|0 fnt\n|-damage|p1b: Scream Tail|71\/100\n|-unboost|p2b: Gholdengo|spa|1\n|faint|p1a: Flutter Mane\n|-end|p1a: Flutter Mane|Protosynthesis|[silent]\n|\n|-heal|p1b: Scream Tail|78\/100|[from] item: Leftovers\n|upkeep\n|\n|t:|1700413572\n|switch|p1a: Houndstone|Houndstone, M|100\/100\n|switch|p2a: Typhlosion|Typhlosion-Hisui, M|100\/100\n|-item|p1a: Houndstone|Leftovers|[from] ability: Frisk|[of] p2a: Typhlosion|[identify]\n|-item|p1b: Scream Tail|Leftovers|[from] ability: Frisk|[of] p2a: Typhlosion|[identify]\n|turn|7\n|\n|t:|1700413584\n|-terastallize|p2a: Typhlosion|Fire\n|move|p1b: Scream Tail|Helping Hand|p1a: Houndstone\n|-singleturn|p1a: Houndstone|Helping Hand|[of] p1b: Scream Tail\n|move|p2a: Typhlosion|Eruption|p1a: Houndstone|[spread] p1a,p1b\n|-crit|p1b: Scream Tail\n|-damage|p1a: Houndstone|43\/100\n|-damage|p1b: Scream Tail|9\/100\n|move|p2b: Gholdengo|Make It Rain|p1a: Houndstone|[spread] p1a,p1b\n|-supereffective|p1b: Scream Tail\n|-damage|p1a: Houndstone|27\/100\n|-damage|p1b: Scream Tail|0 fnt\n|-unboost|p2b: Gholdengo|spa|1\n|faint|p1b: Scream Tail\n|-end|p1b: Scream Tail|Protosynthesis|[silent]\n|move|p1a: Houndstone|Last Respects|p2a: Typhlosion\n|-damage|p2a: Typhlosion|0 fnt\n|faint|p2a: Typhlosion\n|\n|-heal|p1a: Houndstone|33\/100|[from] item: Leftovers\n|upkeep\n|turn|8\n|\n|t:|1700413605\n|move|p2b: Gholdengo|Make It Rain|p1a: Houndstone\n|-crit|p1a: Houndstone\n|-damage|p1a: Houndstone|0 fnt\n|-unboost|p2b: Gholdengo|spa|1\n|faint|p1a: Houndstone\n|\n|win|Drixzard\n|l|\u2606Drixzard\n","uploadtime":1700413672,"views":12,"p1id":"misterygold","p2id":"drixzard","formatid":"gen9nationaldexdoubles","rating":0,"private":0,"password":""}