{"id":"gen9nationaldexdoubles-1973716426","p1":"zanguitu","p2":"cynda3","format":"[Gen 9] National Dex Doubles","log":"|j|\u2606zanguitu\n|j|\u2606cynda3\n|t:|1698006298\n|gametype|doubles\n|player|p1|zanguitu|101|\n|player|p2|cynda3|lyra|\n|teamsize|p1|6\n|teamsize|p2|6\n|gen|9\n|tier|[Gen 9] National Dex Doubles\n|rule|HP Percentage Mod: HP is shown in percentages\n|rule|Endless Battle Clause: Forcing endless battles is banned\n|rule|OHKO Clause: OHKO moves are banned\n|rule|Evasion Moves Clause: Evasion moves are banned\n|rule|Evasion Abilities Clause: Evasion abilities are banned\n|rule|Species Clause: Limit one of each Pok\u00e9mon\n|rule|Gravity Sleep Clause: The combination of sleep-inducing moves with imperfect accuracy and Gravity or Gigantamax Orbeetle are banned\n|clearpoke\n|poke|p1|Greninja-*, M|\n|poke|p1|Tyranitar, M|\n|poke|p1|Umbreon, M|\n|poke|p1|Grimmsnarl, M|\n|poke|p1|Houndoom, F|\n|poke|p1|Meowscarada, F|\n|poke|p2|Volcarona, M|\n|poke|p2|Araquanid, F|\n|poke|p2|Illumise, F|\n|poke|p2|Shuckle, F|\n|poke|p2|Pinsir, M|\n|poke|p2|Slither Wing|\n|teampreview\n|\n|t:|1698006307\n|start\n|switch|p1a: Grimmsnarl|Grimmsnarl, M, shiny|100\/100\n|switch|p1b: Houndoom|Houndoom, F, shiny|100\/100\n|switch|p2a: Thrickster|Illumise, F, shiny|100\/100\n|switch|p2b: Hey hola|Slither Wing|100\/100\n|turn|1\n|\n|t:|1698006320\n|detailschange|p1b: Houndoom|Houndoom-Mega, F, shiny\n|-mega|p1b: Houndoom|Houndoom|Houndoominite\n|move|p2a: Thrickster|Tailwind|p2a: Thrickster\n|-sidestart|p2: cynda3|move: Tailwind\n|move|p1a: Grimmsnarl|Thunder Wave|p2b: Hey hola\n|-status|p2b: Hey hola|par\n|move|p1b: Houndoom|Nasty Plot|p1b: Houndoom\n|-boost|p1b: Houndoom|spa|2\n|move|p2b: Hey hola|Close Combat|p1b: Houndoom\n|-supereffective|p1b: Houndoom\n|-damage|p1b: Houndoom|0 fnt\n|-unboost|p2b: Hey hola|def|1\n|-unboost|p2b: Hey hola|spd|1\n|faint|p1b: Houndoom\n|\n|upkeep\n|\n|t:|1698006338\n|switch|p1b: Greninja|Greninja, M|100\/100\n|turn|2\n|\n|t:|1698006351\n|switch|p2a: Caracol|Shuckle, F, shiny|100\/100\n|-end|p2b: Hey hola|Protosynthesis|[silent]\n|switch|p2b: Ara\u00f1ita|Araquanid, F, shiny|100\/100\n|move|p1b: Greninja|Water Shuriken|p2b: Ara\u00f1ita\n|-immune|p2b: Ara\u00f1ita|[from] ability: Water Absorb\n|move|p1a: Grimmsnarl|Thunder Wave|p2a: Caracol\n|-status|p2a: Caracol|par\n|\n|upkeep\n|turn|3\n|\n|t:|1698006377\n|move|p1b: Greninja|Water Shuriken|p2a: Caracol\n|-supereffective|p2a: Caracol\n|-damage|p2a: Caracol|88\/100 par\n|-supereffective|p2a: Caracol\n|-damage|p2a: Caracol|78\/100 par\n|-supereffective|p2a: Caracol\n|-damage|p2a: Caracol|65\/100 par\n|-supereffective|p2a: Caracol\n|-damage|p2a: Caracol|53\/100 par\n|-supereffective|p2a: Caracol\n|-damage|p2a: Caracol|41\/100 par\n|-hitcount|p2a: Caracol|5\n|move|p1a: Grimmsnarl|Thunder Wave|p2b: Ara\u00f1ita\n|-status|p2b: Ara\u00f1ita|par\n|move|p2b: Ara\u00f1ita|Toxic|p1a: Grimmsnarl\n|-status|p1a: Grimmsnarl|tox\n|move|p2a: Caracol|Sticky Web|p1b: Greninja\n|-sidestart|p1: zanguitu|move: Sticky Web\n|\n|-heal|p2a: Caracol|47\/100 par|[from] item: Leftovers\n|-damage|p1a: Grimmsnarl|94\/100 tox|[from] psn\n|upkeep\n|turn|4\n|\n|t:|1698006408\n|move|p1b: Greninja|Water Shuriken|p2a: Caracol\n|-supereffective|p2a: Caracol\n|-damage|p2a: Caracol|36\/100 par\n|-supereffective|p2a: Caracol\n|-damage|p2a: Caracol|25\/100 par\n|-supereffective|p2a: Caracol\n|-damage|p2a: Caracol|13\/100 par\n|-supereffective|p2a: Caracol\n|-damage|p2a: Caracol|1\/100 par\n|-supereffective|p2a: Caracol\n|-damage|p2a: Caracol|0 fnt\n|faint|p2a: Caracol\n|-ability|p1b: Greninja|Battle Bond|boost\n|-boost|p1b: Greninja|atk|1\n|-boost|p1b: Greninja|spa|1\n|-boost|p1b: Greninja|spe|1\n|-activate|p1b: Greninja|ability: Battle Bond\n|-hitcount|p2: Caracol|5\n|move|p1a: Grimmsnarl|Reflect|p1a: Grimmsnarl\n|-sidestart|p1: zanguitu|Reflect\n|cant|p2b: Ara\u00f1ita|par\n|\n|-damage|p1a: Grimmsnarl|82\/100 tox|[from] psn\n|-sideend|p2: cynda3|move: Tailwind\n|upkeep\n|\n|t:|1698006429\n|switch|p2a: Hey hola|Slither Wing|100\/100 par\n|turn|5\n|\n|t:|1698006437\n|switch|p1b: Meowscarada|Meowscarada, F, shiny|100\/100\n|-activate|p1b: Meowscarada|move: Sticky Web\n|-unboost|p1b: Meowscarada|spe|1\n|cant|p2a: Hey hola|par\n|move|p1a: Grimmsnarl|Parting Shot|p2b: Ara\u00f1ita\n|-unboost|p2b: Ara\u00f1ita|atk|1\n|-unboost|p2b: Ara\u00f1ita|spa|1\n|\n|t:|1698006449\n|switch|p1a: Tyranitar|Tyranitar, M, shiny|100\/100|[from] Parting Shot\n|-activate|p1a: Tyranitar|move: Sticky Web\n|-unboost|p1a: Tyranitar|spe|1\n|-weather|Sandstorm|[from] ability: Sand Stream|[of] p1a: Tyranitar\n|move|p2b: Ara\u00f1ita|Reflect|p2b: Ara\u00f1ita\n|-sidestart|p2: cynda3|Reflect\n|\n|-weather|Sandstorm|[upkeep]\n|-damage|p1b: Meowscarada|94\/100|[from] Sandstorm\n|-damage|p2a: Hey hola|94\/100 par|[from] Sandstorm\n|-damage|p2b: Ara\u00f1ita|94\/100 par|[from] Sandstorm\n|-heal|p2b: Ara\u00f1ita|100\/100 par|[from] item: Leftovers\n|upkeep\n|turn|6\n|\n|t:|1698006474\n|move|p2b: Ara\u00f1ita|Wide Guard|p2b: Ara\u00f1ita\n|-singleturn|p2b: Ara\u00f1ita|Wide Guard\n|move|p1b: Meowscarada|Knock Off|p2a: Hey hola\n|-start|p1b: Meowscarada|typechange|Dark|[from] ability: Protean\n|-resisted|p2a: Hey hola\n|-damage|p2a: Hey hola|63\/100 par\n|-enditem|p2a: Hey hola|Choice Band|[from] move: Knock Off|[of] p1b: Meowscarada\n|move|p2a: Hey hola|Close Combat|p1a: Tyranitar\n|-supereffective|p1a: Tyranitar\n|-damage|p1a: Tyranitar|0 fnt\n|-unboost|p2a: Hey hola|def|1\n|-unboost|p2a: Hey hola|spd|1\n|faint|p1a: Tyranitar\n|\n|-weather|Sandstorm|[upkeep]\n|-damage|p1b: Meowscarada|88\/100|[from] Sandstorm\n|-damage|p2a: Hey hola|57\/100 par|[from] Sandstorm\n|-damage|p2b: Ara\u00f1ita|94\/100 par|[from] Sandstorm\n|-heal|p2b: Ara\u00f1ita|100\/100 par|[from] item: Leftovers\n|upkeep\n|\n|t:|1698006483\n|switch|p1a: Greninja|Greninja, M|100\/100\n|-activate|p1a: Greninja|move: Sticky Web\n|-unboost|p1a: Greninja|spe|1\n|turn|7\n|\n|t:|1698006499\n|-end|p2a: Hey hola|Protosynthesis|[silent]\n|switch|p2a: Thrickster|Illumise, F, shiny|100\/100\n|move|p1b: Meowscarada|Knock Off|p2b: Ara\u00f1ita\n|-damage|p2b: Ara\u00f1ita|48\/100 par\n|-enditem|p2b: Ara\u00f1ita|Leftovers|[from] move: Knock Off|[of] p1b: Meowscarada\n|move|p1a: Greninja|Dark Pulse|p2b: Ara\u00f1ita\n|-damage|p2b: Ara\u00f1ita|17\/100 par\n|cant|p2b: Ara\u00f1ita|flinch\n|\n|-weather|Sandstorm|[upkeep]\n|-damage|p1b: Meowscarada|82\/100|[from] Sandstorm\n|-damage|p1a: Greninja|95\/100|[from] Sandstorm\n|-damage|p2a: Thrickster|95\/100|[from] Sandstorm\n|-damage|p2b: Ara\u00f1ita|11\/100 par|[from] Sandstorm\n|upkeep\n|turn|8\n|\n|t:|1698006521\n|move|p2b: Ara\u00f1ita|Wide Guard|p2b: Ara\u00f1ita\n|-singleturn|p2b: Ara\u00f1ita|Wide Guard\n|move|p2a: Thrickster|Trick|p1a: Greninja\n|-hint|Since gen 7, Dark is immune to Prankster moves.\n|-immune|p1a: Greninja\n|move|p1b: Meowscarada|Knock Off|p2a: Thrickster\n|-damage|p2a: Thrickster|41\/100\n|-enditem|p2a: Thrickster|Choice Band|[from] move: Knock Off|[of] p1b: Meowscarada\n|move|p1a: Greninja|Dark Pulse|p2b: Ara\u00f1ita\n|-damage|p2b: Ara\u00f1ita|0 fnt\n|faint|p2b: Ara\u00f1ita\n|\n|-weather|Sandstorm|[upkeep]\n|-damage|p1b: Meowscarada|76\/100|[from] Sandstorm\n|-damage|p1a: Greninja|89\/100|[from] Sandstorm\n|-damage|p2a: Thrickster|35\/100|[from] Sandstorm\n|upkeep\n|\n|t:|1698006532\n|switch|p2b: Hey hola|Slither Wing|57\/100 par\n|turn|9\n|\n|t:|1698006557\n|switch|p1b: Grimmsnarl|Grimmsnarl, M, shiny|82\/100 tox\n|-activate|p1b: Grimmsnarl|move: Sticky Web\n|-unboost|p1b: Grimmsnarl|spe|1\n|move|p2b: Hey hola|First Impression|p1a: Greninja\n|-supereffective|p1a: Greninja\n|-damage|p1a: Greninja|0 fnt\n|faint|p1a: Greninja\n|move|p2a: Thrickster|Aromatherapy|p2a: Thrickster\n|-activate|p2a: Thrickster|move: Aromatherapy\n|-curestatus|p2b: Hey hola|par|[msg]\n|\n|-weather|none\n|-damage|p1b: Grimmsnarl|76\/100 tox|[from] psn\n|-sideend|p2: cynda3|Reflect\n|upkeep\n|\n|t:|1698006564\n|switch|p1a: Umbreon|Umbreon, M, shiny|100\/100\n|-activate|p1a: Umbreon|move: Sticky Web\n|-unboost|p1a: Umbreon|spe|1\n|turn|10\n|\n|t:|1698006576\n|-end|p2b: Hey hola|Protosynthesis|[silent]\n|switch|p2b: Mvp|Volcarona, M, shiny|100\/100\n|move|p2a: Thrickster|Tailwind|p2a: Thrickster\n|-sidestart|p2: cynda3|move: Tailwind\n|move|p1b: Grimmsnarl|Thunder Wave|p2b: Mvp\n|-status|p2b: Mvp|par\n|move|p1a: Umbreon|Foul Play||[still]\n|-damage|p2b: Mvp|78\/100 par\n|-status|p1a: Umbreon|brn|[from] ability: Flame Body|[of] p2b: Mvp\n|-activate|p1a: Umbreon|ability: Synchronize\n|-fail|p1a: Umbreon\n|\n|-damage|p1b: Grimmsnarl|64\/100 tox|[from] psn\n|-damage|p1a: Umbreon|94\/100 brn|[from] brn\n|upkeep\n|turn|11\n|\n|t:|1698006600\n|move|p2a: Thrickster|Aromatherapy|p2a: Thrickster\n|-activate|p2a: Thrickster|move: Aromatherapy\n|-curestatus|p2b: Mvp|par|[msg]\n|move|p1b: Grimmsnarl|Parting Shot|p2b: Mvp\n|-unboost|p2b: Mvp|atk|1\n|-unboost|p2b: Mvp|spa|1\n|\n|t:|1698006604\n|switch|p1b: Meowscarada|Meowscarada, F, shiny|76\/100|[from] Parting Shot\n|-activate|p1b: Meowscarada|move: Sticky Web\n|-unboost|p1b: Meowscarada|spe|1\n|move|p2b: Mvp|Bug Buzz|p1a: Umbreon\n|-supereffective|p1a: Umbreon\n|-damage|p1a: Umbreon|56\/100 brn\n|move|p1a: Umbreon|Wish|p1a: Umbreon\n|\n|-heal|p1a: Umbreon|62\/100 brn|[from] item: Leftovers\n|-damage|p1a: Umbreon|56\/100 brn|[from] brn\n|-sideend|p1: zanguitu|Reflect\n|upkeep\n|turn|12\n|\n|t:|1698006627\n|switch|p1a: Grimmsnarl|Grimmsnarl, M, shiny|64\/100 tox\n|-activate|p1a: Grimmsnarl|move: Sticky Web\n|-unboost|p1a: Grimmsnarl|spe|1\n|move|p2a: Thrickster|Aromatherapy||[still]\n|-activate|p2a: Thrickster|move: Aromatherapy\n|-fail|p2a: Thrickster\n|move|p2b: Mvp|Bug Buzz|p1b: Meowscarada\n|-supereffective|p1b: Meowscarada\n|-damage|p1b: Meowscarada|0 fnt\n|faint|p1b: Meowscarada\n|\n|-heal|p1a: Grimmsnarl|100\/100 tox|[from] move: Wish|[wisher] Umbreon\n|-damage|p1a: Grimmsnarl|94\/100 tox|[from] psn\n|upkeep\n|\n|t:|1698006639\n|switch|p1b: Umbreon|Umbreon, M, shiny|56\/100 brn\n|-activate|p1b: Umbreon|move: Sticky Web\n|-unboost|p1b: Umbreon|spe|1\n|turn|13\n|\n|t:|1698006655\n|switch|p2b: Hey hola|Slither Wing|57\/100\n|switch|p2a: FIUMMMMMM|Pinsir, M|100\/100\n|move|p1a: Grimmsnarl|Reflect|p1a: Grimmsnarl\n|-sidestart|p1: zanguitu|Reflect\n|move|p1b: Umbreon|Foul Play|p2b: Hey hola\n|-resisted|p2b: Hey hola\n|-damage|p2b: Hey hola|40\/100\n|\n|-heal|p1b: Umbreon|62\/100 brn|[from] item: Leftovers\n|-damage|p1a: Grimmsnarl|82\/100 tox|[from] psn\n|-damage|p1b: Umbreon|56\/100 brn|[from] brn\n|-sideend|p2: cynda3|move: Tailwind\n|upkeep\n|turn|14\n|\n|t:|1698006670\n|detailschange|p2a: FIUMMMMMM|Pinsir-Mega, M\n|-mega|p2a: FIUMMMMMM|Pinsir|Pinsirite\n|move|p2b: Hey hola|First Impression|p1b: Umbreon\n|-supereffective|p1b: Umbreon\n|-damage|p1b: Umbreon|7\/100 brn\n|move|p1a: Grimmsnarl|Reflect||[still]\n|-fail|p1a: Grimmsnarl\n|move|p2a: FIUMMMMMM|Return|p1a: Grimmsnarl\n|-damage|p1a: Grimmsnarl|45\/100 tox\n|move|p1b: Umbreon|Foul Play|p2a: FIUMMMMMM\n|-damage|p2a: FIUMMMMMM|72\/100\n|\n|-heal|p1b: Umbreon|13\/100 brn|[from] item: Leftovers\n|-damage|p1a: Grimmsnarl|27\/100 tox|[from] psn\n|-damage|p1b: Umbreon|7\/100 brn|[from] brn\n|upkeep\n|turn|15\n|\n|t:|1698006683\n|-end|p2b: Hey hola|Protosynthesis|[silent]\n|switch|p2b: Mvp|Volcarona, M, shiny|78\/100\n|move|p1a: Grimmsnarl|Thunder Wave|p2a: FIUMMMMMM\n|-status|p2a: FIUMMMMMM|par\n|move|p2a: FIUMMMMMM|Return|p1a: Grimmsnarl\n|-damage|p1a: Grimmsnarl|0 fnt\n|faint|p1a: Grimmsnarl\n|move|p1b: Umbreon|Wish|p1b: Umbreon\n|\n|-heal|p1b: Umbreon|13\/100 brn|[from] item: Leftovers\n|-damage|p1b: Umbreon|7\/100 brn|[from] brn\n|upkeep\n|turn|16\n|\n|t:|1698006693\n|move|p2a: FIUMMMMMM|Quick Attack|p1b: Umbreon\n|-damage|p1b: Umbreon|0 fnt\n|faint|p1b: Umbreon\n|\n|win|cynda3\n","uploadtime":1698006700,"views":11,"p1id":"zanguitu","p2id":"cynda3","formatid":"gen9nationaldexdoubles","rating":0,"private":0,"password":""}