{"id":"gen9nationaldexdoubles-1977039558","p1":"battlesmudge","p2":"Okto481","format":"[Gen 9] National Dex Doubles","log":"|j|\u2606battlesmudge\n|j|\u2606Okto481\n|t:|1698364711\n|gametype|doubles\n|player|p1|battlesmudge|265|\n|player|p2|Okto481|cynthia|\n|teamsize|p1|6\n|teamsize|p2|6\n|gen|9\n|tier|[Gen 9] National Dex Doubles\n|rule|HP Percentage Mod: HP is shown in percentages\n|rule|Endless Battle Clause: Forcing endless battles is banned\n|rule|OHKO Clause: OHKO moves are banned\n|rule|Evasion Moves Clause: Evasion moves are banned\n|rule|Evasion Abilities Clause: Evasion abilities are banned\n|rule|Species Clause: Limit one of each Pok\u00e9mon\n|rule|Gravity Sleep Clause: The combination of sleep-inducing moves with imperfect accuracy and Gravity or Gigantamax Orbeetle are banned\n|clearpoke\n|poke|p1|Charizard, F|\n|poke|p1|Alomomola, M|\n|poke|p1|Heatran, M|\n|poke|p1|Kommo-o, F|\n|poke|p1|Corviknight, F|\n|poke|p1|Clodsire, F|\n|poke|p2|Tapu Lele|\n|poke|p2|Gardevoir, F|\n|poke|p2|Gallade, M|\n|poke|p2|Indeedee-F, F|\n|poke|p2|Dottler, F|\n|poke|p2|Armarouge, F|\n|teampreview\n|j| PeanutChewer\n|\n|t:|1698364745\n|start\n|switch|p1a: Corviknight|Corviknight, F|100\/100\n|switch|p1b: Heatran|Heatran, M|100\/100\n|switch|p2a: Indeedee|Indeedee-F, F|100\/100\n|switch|p2b: Dottler|Dottler, F|100\/100\n|-fieldstart|move: Psychic Terrain|[from] ability: Psychic Surge|[of] p2a: Indeedee\n|turn|1\n|\n|t:|1698364773\n|move|p2a: Indeedee|Follow Me|p2a: Indeedee\n|-singleturn|p2a: Indeedee|move: Follow Me\n|move|p1b: Heatran|Magma Storm|p2a: Indeedee|[miss]\n|-miss|p1b: Heatran|p2a: Indeedee\n|move|p1a: Corviknight|Tailwind|p1a: Corviknight\n|-sidestart|p1: battlesmudge|move: Tailwind\n|move|p2b: Dottler|Sticky Web|p1a: Corviknight\n|-sidestart|p1: battlesmudge|move: Sticky Web\n|\n|upkeep\n|turn|2\n|\n|t:|1698364793\n|move|p2a: Indeedee|Follow Me|p2a: Indeedee\n|-singleturn|p2a: Indeedee|move: Follow Me\n|move|p1b: Heatran|Magma Storm|p2a: Indeedee\n|-damage|p2a: Indeedee|43\/100\n|-activate|p2a: Indeedee|move: Magma Storm|[of] p1b: Heatran\n|move|p1a: Corviknight|U-turn|p2a: Indeedee\n|-supereffective|p2a: Indeedee\n|-enditem|p2a: Indeedee|Tanga Berry|[eat]\n|-enditem|p2a: Indeedee|Tanga Berry|[weaken]\n|-damage|p2a: Indeedee|16\/100\n|\n|t:|1698364807\n|switch|p1a: Charizard|Charizard, F|100\/100|[from] U-turn\n|move|p2b: Dottler|Body Press|p1b: Heatran\n|-supereffective|p1b: Heatran\n|-damage|p1b: Heatran|73\/100\n|\n|-damage|p2a: Indeedee|3\/100|[from] move: Magma Storm|[partiallytrapped]\n|upkeep\n|turn|3\n|\n|t:|1698364836\n|move|p2a: Indeedee|Protect|p2a: Indeedee\n|-singleturn|p2a: Indeedee|Protect\n|move|p1a: Charizard|Dragon Dance|p1a: Charizard\n|-boost|p1a: Charizard|atk|1\n|-boost|p1a: Charizard|spe|1\n|move|p1b: Heatran|Earth Power|p2b: Dottler\n|-resisted|p2b: Dottler\n|-damage|p2b: Dottler|92\/100\n|move|p2b: Dottler|Body Press|p1b: Heatran\n|-supereffective|p1b: Heatran\n|-damage|p1b: Heatran|46\/100\n|\n|-damage|p2a: Indeedee|0 fnt|[from] move: Magma Storm|[partiallytrapped]\n|faint|p2a: Indeedee\n|upkeep\n|c|\u2606battlesmudge|I still dont get why you use dottler\n|c| PeanutChewer|dottler is supreme\n|c| PeanutChewer|(i dont like it)\n|c|\u2606Okto481|web\n|\n|t:|1698364911\n|switch|p2a: Gallade|Gallade, M|100\/100\n|turn|4\n|\n|t:|1698364935\n|switch|p1b: Corviknight|Corviknight, F|100\/100\n|detailschange|p1a: Charizard|Charizard-Mega-X, F\n|-mega|p1a: Charizard|Charizard|Charizardite X\n|move|p1a: Charizard|Flare Blitz|p2b: Dottler\n|-supereffective|p2b: Dottler\n|-damage|p2b: Dottler|0 fnt\n|faint|p2b: Dottler\n|-damage|p1a: Charizard|70\/100|[from] Recoil\n|move|p2a: Gallade|Aqua Cutter|p1a: Charizard\n|-damage|p1a: Charizard|11\/100\n|\n|-sideend|p1: battlesmudge|move: Tailwind\n|upkeep\n|\n|t:|1698364946\n|switch|p2b: Tapu Lele|Tapu Lele|100\/100\n|turn|5\n|\n|t:|1698364959\n|switch|p2a: Armarouge|Armarouge, F|100\/100\n|move|p1a: Charizard|Flare Blitz|p2b: Tapu Lele\n|-damage|p2b: Tapu Lele|0 fnt\n|faint|p2b: Tapu Lele\n|-damage|p1a: Charizard|0 fnt|[from] Recoil\n|faint|p1a: Charizard\n|move|p1b: Corviknight|Brave Bird|p2a: Armarouge\n|-damage|p2a: Armarouge|62\/100\n|-ability|p2a: Armarouge|Weak Armor|boost\n|-unboost|p2a: Armarouge|def|1\n|-boost|p2a: Armarouge|spe|2\n|-damage|p1b: Corviknight|89\/100|[from] Recoil\n|\n|-fieldend|move: Psychic Terrain\n|upkeep\n|\n|t:|1698364972\n|switch|p1a: Kommo-o|Kommo-o, F|100\/100\n|switch|p2b: Gallade|Gallade, M|100\/100\n|-activate|p1a: Kommo-o|move: Sticky Web\n|-unboost|p1a: Kommo-o|spe|1\n|turn|6\n|c|\u2606Okto481|this is built for the bug monotype my main team is on my phone this is a problem\n|\n|t:|1698364996\n|move|p2a: Armarouge|Armor Cannon|p1b: Corviknight\n|-supereffective|p1b: Corviknight\n|-damage|p1b: Corviknight|0 fnt\n|-unboost|p2a: Armarouge|def|1\n|-unboost|p2a: Armarouge|spd|1\n|faint|p1b: Corviknight\n|move|p2b: Gallade|Psycho Cut|p1a: Kommo-o\n|-supereffective|p1a: Kommo-o\n|-damage|p1a: Kommo-o|0 fnt\n|faint|p1a: Kommo-o\n|\n|upkeep\n|\n|t:|1698365017\n|switch|p1a: Alomomola|Alomomola, M|100\/100\n|switch|p1b: Clodsire|Clodsire, F|100\/100\n|-activate|p1a: Alomomola|move: Sticky Web\n|-unboost|p1a: Alomomola|spe|1\n|-activate|p1b: Clodsire|move: Sticky Web\n|-unboost|p1b: Clodsire|spe|1\n|turn|7\n|\n|t:|1698365035\n|-terastallize|p1b: Clodsire|Fairy\n|move|p2a: Armarouge|Protect|p2a: Armarouge\n|-singleturn|p2a: Armarouge|Protect\n|move|p2b: Gallade|Psycho Cut|p1b: Clodsire\n|-damage|p1b: Clodsire|7\/100\n|move|p1a: Alomomola|Wish|p1a: Alomomola\n|move|p1b: Clodsire|Yawn|p2b: Gallade\n|-start|p2b: Gallade|move: Yawn|[of] p1b: Clodsire\n|\n|-heal|p1b: Clodsire|14\/100|[from] item: Leftovers\n|upkeep\n|turn|8\n|\n|t:|1698365057\n|move|p2a: Armarouge|Heat Wave|p1b: Clodsire|[spread] p1a\n|-miss|p2a: Armarouge|p1b: Clodsire\n|-resisted|p1a: Alomomola\n|-damage|p1a: Alomomola|77\/100\n|-enditem|p1a: Alomomola|Red Card|[of] p2a: Armarouge\n|drag|p2a: Gardevoir|Gardevoir, F|100\/100\n|-ability|p2a: Gardevoir|Regenerator|[from] ability: Trace|[of] p1a: Alomomola\n|move|p2b: Gallade|Psycho Cut|p1a: Alomomola\n|-damage|p1a: Alomomola|38\/100\n|move|p1a: Alomomola|Flip Turn|p2a: Gardevoir\n|-damage|p2a: Gardevoir|77\/100\n|\n|t:|1698365069\n|switch|p1a: Heatran|Heatran, M|46\/100|[from] Flip Turn\n|-activate|p1a: Heatran|move: Sticky Web\n|-unboost|p1a: Heatran|spe|1\n|move|p1b: Clodsire|Recover|p1b: Clodsire\n|-heal|p1b: Clodsire|64\/100\n|\n|-heal|p1a: Heatran|100\/100|[from] move: Wish|[wisher] Alomomola\n|-heal|p1b: Clodsire|70\/100|[from] item: Leftovers\n|-end|p2b: Gallade|move: Yawn|[silent]\n|-status|p2b: Gallade|slp\n|upkeep\n|turn|9\n|\n|t:|1698365083\n|switch|p2b: Armarouge|Armarouge, F|62\/100\n|detailschange|p2a: Gardevoir|Gardevoir-Mega, F\n|-mega|p2a: Gardevoir|Gardevoir|Gardevoirite\n|move|p2a: Gardevoir|Moonblast|p1b: Clodsire\n|-damage|p1b: Clodsire|39\/100\n|move|p1a: Heatran|Magma Storm|p2a: Gardevoir\n|-damage|p2a: Gardevoir|35\/100\n|-activate|p2a: Gardevoir|move: Magma Storm|[of] p1a: Heatran\n|move|p1b: Clodsire|Recover|p1b: Clodsire\n|-heal|p1b: Clodsire|89\/100\n|\n|-heal|p1b: Clodsire|95\/100|[from] item: Leftovers\n|-damage|p2a: Gardevoir|23\/100|[from] move: Magma Storm|[partiallytrapped]\n|upkeep\n|turn|10\n|\n|t:|1698365105\n|switch|p2b: Gallade|Gallade, M|100\/100 slp\n|move|p2a: Gardevoir|Moonblast|p1b: Clodsire\n|-damage|p1b: Clodsire|61\/100\n|-unboost|p1b: Clodsire|spa|1\n|move|p1a: Heatran|Earth Power|p2b: Gallade\n|-damage|p2b: Gallade|70\/100 slp\n|move|p1b: Clodsire|Yawn||[still]\n|-fail|p1b: Clodsire\n|\n|-heal|p1b: Clodsire|67\/100|[from] item: Leftovers\n|-damage|p2a: Gardevoir|11\/100|[from] move: Magma Storm|[partiallytrapped]\n|upkeep\n|turn|11\n|\n|t:|1698365118\n|move|p2a: Gardevoir|Protect|p2a: Gardevoir\n|-singleturn|p2a: Gardevoir|Protect\n|cant|p2b: Gallade|slp\n|move|p1a: Heatran|Magma Storm|p2b: Gallade\n|-damage|p2b: Gallade|18\/100 slp\n|-activate|p2b: Gallade|move: Magma Storm|[of] p1a: Heatran\n|move|p1b: Clodsire|Recover|p1b: Clodsire\n|-heal|p1b: Clodsire|100\/100\n|\n|-damage|p2a: Gardevoir|0 fnt|[from] move: Magma Storm|[partiallytrapped]\n|faint|p2a: Gardevoir\n|-damage|p2b: Gallade|6\/100 slp|[from] move: Magma Storm|[partiallytrapped]\n|upkeep\n|\n|t:|1698365121\n|switch|p2a: Armarouge|Armarouge, F|62\/100\n|turn|12\n|\n|t:|1698365138\n|cant|p2b: Gallade|slp\n|move|p2a: Armarouge|Expanding Force|p1b: Clodsire\n|-damage|p1b: Clodsire|78\/100\n|move|p1a: Heatran|Earth Power|p2a: Armarouge\n|-supereffective|p2a: Armarouge\n|-damage|p2a: Armarouge|0 fnt\n|faint|p2a: Armarouge\n|move|p1b: Clodsire|Gunk Shot|p2b: Gallade\n|-damage|p2b: Gallade|0 fnt\n|faint|p2b: Gallade\n|\n|win|battlesmudge\n|c|\u2606Okto481|gg\n|l| PeanutChewer\n|c|\u2606battlesmudge|I can't believe i managed to pull that back with only one attacker left\n|c|\u2606Okto481|you played well\n","uploadtime":1698365171,"views":8,"p1id":"battlesmudge","p2id":"okto481","formatid":"gen9nationaldexdoubles","rating":0,"private":0,"password":""}