{"id":"gen9nationaldexdoubles-1950654262","p1":"Creepystank","p2":"the maraculous","format":"[Gen 9] National Dex Doubles","log":"|j|\u2606Creepystank\n|j|\u2606the maraculous\n|t:|1695493606\n|gametype|doubles\n|player|p1|Creepystank|cynthia-gen4|1325\n|player|p2|the maraculous|dragontamer|1512\n|teamsize|p1|6\n|teamsize|p2|6\n|gen|9\n|tier|[Gen 9] National Dex Doubles\n|rated|\n|rule|HP Percentage Mod: HP is shown in percentages\n|rule|Endless Battle Clause: Forcing endless battles is banned\n|rule|OHKO Clause: OHKO moves are banned\n|rule|Evasion Moves Clause: Evasion moves are banned\n|rule|Evasion Abilities Clause: Evasion abilities are banned\n|rule|Species Clause: Limit one of each Pok\u00e9mon\n|rule|Gravity Sleep Clause: The combination of sleep-inducing moves with imperfect accuracy and Gravity or Gigantamax Orbeetle are banned\n|clearpoke\n|poke|p1|Primarina, F|\n|poke|p1|Pelipper, M|\n|poke|p1|Kingambit, F|\n|poke|p1|Riolu, M|\n|poke|p1|Conkeldurr, M|\n|poke|p1|Swampert, F|\n|poke|p2|Xurkitree|\n|poke|p2|Iron Valiant|\n|poke|p2|Chandelure, F|\n|poke|p2|Landorus-Therian, M|\n|poke|p2|Kartana|\n|poke|p2|Farigiraf, M|\n|teampreview\n|inactive|Battle timer is ON: inactive players will automatically lose when time's up. (requested by Creepystank)\n|\n|t:|1695493621\n|start\n|switch|p1a: Pelipper|Pelipper, M|100\/100\n|switch|p1b: Kingambit|Kingambit, F|100\/100\n|switch|p2a: Xurkitree|Xurkitree|100\/100\n|switch|p2b: Kartana|Kartana|100\/100\n|-weather|RainDance|[from] ability: Drizzle|[of] p1a: Pelipper\n|turn|1\n|inactive|Creepystank has 120 seconds left.\n|\n|t:|1695493652\n|move|p1b: Kingambit|Sucker Punch||[still]\n|-fail|p1b: Kingambit\n|move|p2b: Kartana|Sacred Sword|p1b: Kingambit\n|-supereffective|p1b: Kingambit\n|-damage|p1b: Kingambit|0 fnt\n|faint|p1b: Kingambit\n|-end|p1b: Kingambit|fallenundefined|[silent]\n|-ability|p2b: Kartana|Beast Boost|boost\n|-boost|p2b: Kartana|atk|1\n|-zpower|p2a: Xurkitree\n|move|p2a: Xurkitree|Z-Electric Terrain|p2a: Xurkitree|[anim]Electric Terrain\n|-boost|p2a: Xurkitree|spe|1|[zeffect]\n|-fieldstart|move: Electric Terrain\n|move|p1a: Pelipper|Tailwind|p1a: Pelipper\n|-sidestart|p1: Creepystank|move: Tailwind\n|\n|-weather|RainDance|[upkeep]\n|upkeep\n|inactive|Creepystank has 120 seconds left.\n|inactive|Creepystank has 90 seconds left.\n|\n|t:|1695493694\n|switch|p1b: Swampert|Swampert, F|100\/100\n|turn|2\n|\n|t:|1695493711\n|detailschange|p1b: Swampert|Swampert-Mega, F\n|-mega|p1b: Swampert|Swampert|Swampertite\n|move|p1b: Swampert|Earthquake|p2a: Xurkitree|[spread] p2a,p2b\n|-immune|p1a: Pelipper\n|-supereffective|p2a: Xurkitree\n|-damage|p2a: Xurkitree|0 fnt\n|-damage|p2b: Kartana|58\/100\n|faint|p2a: Xurkitree\n|move|p1a: Pelipper|Hurricane|p2b: Kartana\n|-damage|p2b: Kartana|0 fnt\n|faint|p2b: Kartana\n|\n|-weather|RainDance|[upkeep]\n|upkeep\n|\n|t:|1695493726\n|switch|p2b: Chandelure|Chandelure, F|100\/100\n|switch|p2a: Iron Valiant|Iron Valiant|100\/100\n|-activate|p2a: Iron Valiant|ability: Quark Drive\n|-start|p2a: Iron Valiant|quarkdrivespe\n|-item|p2b: Chandelure|Air Balloon\n|turn|3\n|inactive|Creepystank has 120 seconds left.\n|\n|t:|1695493736\n|move|p2a: Iron Valiant|Wide Guard|p2a: Iron Valiant\n|-singleturn|p2a: Iron Valiant|Wide Guard\n|move|p1b: Swampert|Earthquake|p2b: Chandelure|[spread] \n|-activate|p2a: Iron Valiant|move: Wide Guard\n|-activate|p2b: Chandelure|move: Wide Guard\n|-immune|p1a: Pelipper\n|move|p1a: Pelipper|Hurricane|p2a: Iron Valiant\n|-supereffective|p2a: Iron Valiant\n|-damage|p2a: Iron Valiant|0 fnt\n|faint|p2a: Iron Valiant\n|-end|p2a: Iron Valiant|Quark Drive|[silent]\n|move|p2b: Chandelure|Trick Room|p2b: Chandelure\n|-fieldstart|move: Trick Room|[of] p2b: Chandelure\n|\n|-weather|RainDance|[upkeep]\n|upkeep\n|\n|t:|1695493746\n|switch|p2a: Farigiraf|Farigiraf, M|100\/100\n|turn|4\n|\n|t:|1695493773\n|-terastallize|p2a: Farigiraf|Normal\n|move|p2a: Farigiraf|Hyper Voice|p1b: Swampert|[spread] p1a,p1b\n|-damage|p1a: Pelipper|43\/100\n|-damage|p1b: Swampert|57\/100\n|-enditem|p1a: Pelipper|Red Card|[of] p2a: Farigiraf\n|drag|p2a: Landorus|Landorus-Therian, M|100\/100\n|-ability|p2a: Landorus|Intimidate|boost\n|-unboost|p1a: Pelipper|atk|1\n|-unboost|p1b: Swampert|atk|1\n|move|p2b: Chandelure|Shadow Ball|p1b: Swampert\n|-damage|p1b: Swampert|7\/100\n|move|p1a: Pelipper|U-turn|p2a: Landorus\n|-resisted|p2a: Landorus\n|-damage|p2a: Landorus|97\/100\n|inactive|Creepystank has 120 seconds left.\n|\n|t:|1695493788\n|switch|p1a: Riolu|Riolu, M|100\/100|[from] U-turn\n|move|p1b: Swampert|Earthquake|p2a: Landorus|[spread] p1a\n|-immune|p2a: Landorus\n|-immune|p2b: Chandelure\n|-damage|p1a: Riolu|53\/100\n|\n|-weather|RainDance|[upkeep]\n|-sideend|p1: Creepystank|move: Tailwind\n|upkeep\n|turn|5\n|\n|t:|1695493811\n|switch|p2b: Farigiraf|Farigiraf, M, tera:Normal|100\/100\n|switch|p1b: Conkeldurr|Conkeldurr, M|100\/100\n|move|p1a: Riolu|Coaching|p1b: Conkeldurr\n|-boost|p1b: Conkeldurr|atk|1\n|-boost|p1b: Conkeldurr|def|1\n|move|p2a: Landorus|Stomping Tantrum|p1b: Conkeldurr\n|-crit|p1b: Conkeldurr\n|-damage|p1b: Conkeldurr|28\/100\n|\n|-weather|none\n|-fieldend|move: Electric Terrain\n|upkeep\n|turn|6\n|inactive|Creepystank has 120 seconds left.\n|\n|t:|1695493845\n|switch|p2b: Chandelure|Chandelure, F|100\/100\n|-item|p2b: Chandelure|Air Balloon\n|move|p1a: Riolu|Follow Me|p1a: Riolu\n|-singleturn|p1a: Riolu|move: Follow Me\n|move|p1b: Conkeldurr|Drain Punch|p2b: Chandelure\n|-immune|p2b: Chandelure\n|move|p2a: Landorus|Stomping Tantrum|p1a: Riolu\n|-damage|p1a: Riolu|0 fnt\n|faint|p1a: Riolu\n|\n|upkeep\n|inactive|Creepystank has 120 seconds left.\n|\n|t:|1695493867\n|switch|p1a: Pelipper|Pelipper, M|43\/100\n|-weather|RainDance|[from] ability: Drizzle|[of] p1a: Pelipper\n|turn|7\n|inactive|Creepystank has 120 seconds left.\n|\n|t:|1695493885\n|-terastallize|p1b: Conkeldurr|Dark\n|move|p1b: Conkeldurr|Knock Off|p2b: Chandelure\n|-supereffective|p2b: Chandelure\n|-damage|p2b: Chandelure|0 fnt\n|-enditem|p2b: Chandelure|Air Balloon\n|faint|p2b: Chandelure\n|move|p1a: Pelipper|Hydro Pump|p2a: Landorus\n|-supereffective|p2a: Landorus\n|-damage|p2a: Landorus|22\/100\n|move|p2a: Landorus|Rock Slide|p1a: Pelipper|[spread] p1a,p1b\n|-supereffective|p1a: Pelipper\n|-damage|p1a: Pelipper|0 fnt\n|-damage|p1b: Conkeldurr|13\/100\n|faint|p1a: Pelipper\n|\n|-weather|RainDance|[upkeep]\n|-fieldend|move: Trick Room\n|upkeep\n|\n|t:|1695493895\n|switch|p1a: Swampert|Swampert-Mega, F|7\/100\n|switch|p2b: Farigiraf|Farigiraf, M, tera:Normal|100\/100\n|turn|8\n|\n|t:|1695493907\n|move|p1a: Swampert|Liquidation|p2a: Landorus\n|-supereffective|p2a: Landorus\n|-damage|p2a: Landorus|0 fnt\n|faint|p2a: Landorus\n|move|p2b: Farigiraf|Hyper Voice|p1b: Conkeldurr|[spread] p1a,p1b\n|-damage|p1a: Swampert|0 fnt\n|-damage|p1b: Conkeldurr|0 fnt\n|faint|p1a: Swampert\n|faint|p1b: Conkeldurr\n|\n|-weather|RainDance|[upkeep]\n|upkeep\n|\n|t:|1695493918\n|switch|p1b: Primarina|Primarina, F|100\/100\n|turn|9\n|\n|t:|1695493941\n|move|p2b: Farigiraf|Hyper Voice|p1b: Primarina\n|-damage|p1b: Primarina|45\/100\n|move|p1b: Primarina|Hyper Voice|p2b: Farigiraf\n|-damage|p2b: Farigiraf|29\/100\n|\n|-weather|RainDance|[upkeep]\n|-heal|p2b: Farigiraf|35\/100|[from] item: Leftovers\n|upkeep\n|turn|10\n|\n|t:|1695493952\n|move|p1b: Primarina|Protect|p1b: Primarina\n|-singleturn|p1b: Primarina|Protect\n|move|p2b: Farigiraf|Hyper Voice|p1b: Primarina\n|-activate|p1b: Primarina|move: Protect\n|\n|-weather|RainDance|[upkeep]\n|-heal|p2b: Farigiraf|41\/100|[from] item: Leftovers\n|upkeep\n|turn|11\n|\n|t:|1695493962\n|move|p1b: Primarina|Hyper Voice|p2b: Farigiraf\n|-damage|p2b: Farigiraf|0 fnt\n|faint|p2b: Farigiraf\n|\n|win|Creepystank\n|raw|Creepystank's rating: 1325 &rarr; <strong>1355<\/strong><br \/>(+30 for winning)\n|raw|the maraculous's rating: 1512 &rarr; <strong>1482<\/strong><br \/>(-30 for losing)\n","uploadtime":1695493968,"views":6,"p1id":"creepystank","p2id":"themaraculous","formatid":"gen9nationaldexdoubles","rating":1355,"private":0,"password":""}