{"id":"gen9nationaldexdoubles-1989272577","p1":"Holfrost","p2":"Fold3","format":"[Gen 9] National Dex Doubles","log":"|j|\u2606Holfrost\n|j|\u2606Fold3\n|t:|1699830445\n|gametype|doubles\n|player|p1|Holfrost|byron|1000\n|player|p2|Fold3|hilbert|1033\n|teamsize|p1|6\n|teamsize|p2|6\n|gen|9\n|tier|[Gen 9] National Dex Doubles\n|rated|\n|rule|HP Percentage Mod: HP is shown in percentages\n|rule|Endless Battle Clause: Forcing endless battles is banned\n|rule|OHKO Clause: OHKO moves are banned\n|rule|Evasion Moves Clause: Evasion moves are banned\n|rule|Evasion Abilities Clause: Evasion abilities are banned\n|rule|Species Clause: Limit one of each Pok\u00e9mon\n|rule|Gravity Sleep Clause: The combination of sleep-inducing moves with imperfect accuracy and Gravity or Gigantamax Orbeetle are banned\n|clearpoke\n|poke|p1|Aggron, F|\n|poke|p1|Corviknight, F|\n|poke|p1|Magnezone|\n|poke|p1|Metagross|\n|poke|p1|Perrserker, M|\n|poke|p1|Steelix, M|\n|poke|p2|Volcarona, M|\n|poke|p2|Oricorio-Pom-Pom, F|\n|poke|p2|Abomasnow, M|\n|poke|p2|Azumarill, M|\n|poke|p2|Armarouge, F|\n|poke|p2|Sandslash-Alola, M|\n|teampreview\n|\n|t:|1699830451\n|start\n|switch|p1a: Perrserker|Perrserker, M|100\/100\n|switch|p1b: Metagross|Metagross|100\/100\n|switch|p2a: Volcarona|Volcarona, M|100\/100\n|switch|p2b: Oricorio|Oricorio-Pom-Pom, F|100\/100\n|turn|1\n|\n|t:|1699830476\n|move|p2a: Volcarona|Quiver Dance|p2a: Volcarona\n|-boost|p2a: Volcarona|spa|1\n|-boost|p2a: Volcarona|spd|1\n|-boost|p2a: Volcarona|spe|1\n|-activate|p2b: Oricorio|ability: Dancer\n|move|p2b: Oricorio|Quiver Dance|p2b: Oricorio|[from]ability: Dancer\n|-boost|p2b: Oricorio|spa|1\n|-boost|p2b: Oricorio|spd|1\n|-boost|p2b: Oricorio|spe|1\n|move|p2b: Oricorio|Revelation Dance|p1a: Perrserker\n|-damage|p1a: Perrserker|15\/100\n|move|p1b: Metagross|Meteor Mash|p2a: Volcarona\n|-resisted|p2a: Volcarona\n|-damage|p2a: Volcarona|11\/100\n|move|p1a: Perrserker|Swords Dance|p1a: Perrserker\n|-boost|p1a: Perrserker|atk|2\n|-activate|p2b: Oricorio|ability: Dancer\n|move|p2b: Oricorio|Swords Dance|p2b: Oricorio|[from]ability: Dancer\n|-boost|p2b: Oricorio|atk|2\n|\n|-heal|p1a: Perrserker|21\/100|[from] item: Leftovers\n|upkeep\n|turn|2\n|\n|t:|1699830509\n|move|p2a: Volcarona|Quiver Dance|p2a: Volcarona\n|-boost|p2a: Volcarona|spa|1\n|-boost|p2a: Volcarona|spd|1\n|-boost|p2a: Volcarona|spe|1\n|-activate|p2b: Oricorio|ability: Dancer\n|move|p2b: Oricorio|Quiver Dance|p2b: Oricorio|[from]ability: Dancer\n|-boost|p2b: Oricorio|spa|1\n|-boost|p2b: Oricorio|spd|1\n|-boost|p2b: Oricorio|spe|1\n|move|p2b: Oricorio|Revelation Dance|p1a: Perrserker\n|-damage|p1a: Perrserker|0 fnt\n|faint|p1a: Perrserker\n|move|p1b: Metagross|Meteor Mash|p2b: Oricorio\n|-resisted|p2b: Oricorio\n|-damage|p2b: Oricorio|46\/100\n|\n|-heal|p2b: Oricorio|52\/100|[from] item: Leftovers\n|upkeep\n|\n|t:|1699830534\n|switch|p1a: Aggron|Aggron, F|100\/100\n|turn|3\n|\n|t:|1699830546\n|detailschange|p1a: Aggron|Aggron-Mega, F\n|-mega|p1a: Aggron|Aggron|Aggronite\n|move|p2a: Volcarona|Fiery Dance|p1b: Metagross\n|-supereffective|p1b: Metagross\n|-damage|p1b: Metagross|0 fnt\n|-boost|p2a: Volcarona|spa|1\n|faint|p1b: Metagross\n|-damage|p2a: Volcarona|1\/100|[from] item: Life Orb\n|-activate|p2b: Oricorio|ability: Dancer\n|move|p2b: Oricorio|Fiery Dance|p1a: Aggron|[from]ability: Dancer\n|-supereffective|p1a: Aggron\n|-damage|p1a: Aggron|43\/100\n|-boost|p2b: Oricorio|spa|1\n|move|p2b: Oricorio|Revelation Dance|p1a: Aggron\n|-damage|p1a: Aggron|0 fnt\n|faint|p1a: Aggron\n|\n|-heal|p2b: Oricorio|58\/100|[from] item: Leftovers\n|upkeep\n|\n|t:|1699830572\n|switch|p1b: Corviknight|Corviknight, F|100\/100\n|switch|p1a: Steelix|Steelix, M|100\/100\n|-ability|p1b: Corviknight|Pressure\n|turn|4\n|\n|t:|1699830586\n|move|p2a: Volcarona|Fiery Dance|p1a: Steelix\n|-supereffective|p1a: Steelix\n|-ability|p1a: Steelix|Sturdy\n|-damage|p1a: Steelix|1\/100\n|-boost|p2a: Volcarona|spa|1\n|-damage|p2a: Volcarona|0 fnt|[from] item: Life Orb\n|faint|p2a: Volcarona\n|-activate|p2b: Oricorio|ability: Dancer\n|move|p2b: Oricorio|Fiery Dance|p1a: Steelix|[from]ability: Dancer\n|-supereffective|p1a: Steelix\n|-damage|p1a: Steelix|0 fnt\n|-boost|p2b: Oricorio|spa|1\n|faint|p1a: Steelix\n|move|p2b: Oricorio|Revelation Dance|p1b: Corviknight\n|-supereffective|p1b: Corviknight\n|-damage|p1b: Corviknight|0 fnt\n|faint|p1b: Corviknight\n|\n|-heal|p2b: Oricorio|64\/100|[from] item: Leftovers\n|upkeep\n|\n|t:|1699830610\n|switch|p2a: Armarouge|Armarouge, F|100\/100\n|switch|p1b: Magnezone|Magnezone|100\/100\n|turn|5\n|\n|t:|1699830623\n|-terastallize|p1b: Magnezone|Electric\n|move|p2b: Oricorio|Revelation Dance|p1b: Magnezone\n|-resisted|p1b: Magnezone\n|-damage|p1b: Magnezone|44\/100\n|move|p1b: Magnezone|Thunderbolt|p2a: Armarouge\n|-damage|p2a: Armarouge|0 fnt\n|faint|p2a: Armarouge\n|\n|-heal|p2b: Oricorio|71\/100|[from] item: Leftovers\n|upkeep\n|\n|t:|1699830636\n|switch|p2a: Abomasnow|Abomasnow, M|100\/100\n|-weather|Snow|[from] ability: Snow Warning|[of] p2a: Abomasnow\n|turn|6\n|\n|t:|1699830646\n|move|p2b: Oricorio|Revelation Dance|p1b: Magnezone\n|-resisted|p1b: Magnezone\n|-damage|p1b: Magnezone|0 fnt\n|faint|p1b: Magnezone\n|\n|win|Fold3\n|raw|Holfrost's rating: 1000 &rarr; <strong>1000<\/strong><br \/>(+0 for losing)\n|raw|Fold3's rating: 1033 &rarr; <strong>1065<\/strong><br \/>(+32 for winning)\n|l|\u2606Holfrost\n","uploadtime":1699830659,"views":33,"p1id":"holfrost","p2id":"fold3","formatid":"gen9nationaldexdoubles","rating":1000,"private":0,"password":""}