{"id":"gen9nationaldexdoubles-1983746966","p1":"6VYRY","p2":"yabalo","format":"[Gen 9] National Dex Doubles","log":"|j|\u26066VYRY\n|j|\u2606yabalo\n|t:|1699172586\n|gametype|doubles\n|player|p1|6VYRY|winona|1291\n|player|p2|yabalo|acetrainer|1381\n|teamsize|p1|6\n|teamsize|p2|6\n|gen|9\n|tier|[Gen 9] National Dex Doubles\n|rated|\n|rule|HP Percentage Mod: HP is shown in percentages\n|rule|Endless Battle Clause: Forcing endless battles is banned\n|rule|OHKO Clause: OHKO moves are banned\n|rule|Evasion Moves Clause: Evasion moves are banned\n|rule|Evasion Abilities Clause: Evasion abilities are banned\n|rule|Species Clause: Limit one of each Pok\u00e9mon\n|rule|Gravity Sleep Clause: The combination of sleep-inducing moves with imperfect accuracy and Gravity or Gigantamax Orbeetle are banned\n|clearpoke\n|poke|p1|Corviknight, M|\n|poke|p1|Moltres-Galar|\n|poke|p1|Ogerpon-Hearthflame, F|\n|poke|p1|Clodsire, F|\n|poke|p1|Diancie|\n|poke|p1|Dragapult, F|\n|poke|p2|Weezing, F|\n|poke|p2|Whimsicott, F|\n|poke|p2|Regigigas|\n|poke|p2|Urshifu-*, F|\n|poke|p2|Rillaboom, F|\n|poke|p2|Incineroar, F|\n|teampreview\n|inactive|Battle timer is ON: inactive players will automatically lose when time's up. (requested by yabalo)\n|\n|t:|1699172604\n|start\n|switch|p1a: Moltres|Moltres-Galar|100\/100\n|switch|p1b: Diancie|Diancie|100\/100\n|switch|p2a: Weezing|Weezing, F|100\/100\n|switch|p2b: Rillaboom|Rillaboom, F|100\/100\n|-ability|p2a: Weezing|Neutralizing Gas\n|turn|1\n|\n|t:|1699172622\n|switch|p1b: Corviknight|Corviknight, M|100\/100\n|move|p2b: Rillaboom|Fake Out|p1a: Moltres\n|-crit|p1a: Moltres\n|-damage|p1a: Moltres|76\/100\n|cant|p1a: Moltres|flinch\n|move|p2a: Weezing|Will-O-Wisp|p1b: Corviknight\n|-status|p1b: Corviknight|brn\n|\n|-heal|p1a: Moltres|82\/100|[from] item: Leftovers\n|-damage|p1b: Corviknight|94\/100 brn|[from] brn\n|upkeep\n|turn|2\n|\n|t:|1699172645\n|-end|p2a: Weezing|ability: Neutralizing Gas\n|-fieldstart|move: Grassy Terrain|[from] ability: Grassy Surge|[of] p2b: Rillaboom\n|switch|p2a: Whimsicott|Whimsicott, F, shiny|100\/100\n|-terastallize|p2b: Rillaboom|Fire\n|move|p1a: Moltres|Nasty Plot|p1a: Moltres\n|-boost|p1a: Moltres|spa|2\n|move|p2b: Rillaboom|U-turn|p1a: Moltres\n|-damage|p1a: Moltres|55\/100\n|\n|t:|1699172659\n|switch|p2b: Urshifu|Urshifu-Rapid-Strike, F|100\/100|[from] U-turn\n|move|p1b: Corviknight|Brave Bird|p2b: Urshifu\n|-supereffective|p2b: Urshifu\n|-damage|p2b: Urshifu|53\/100\n|-damage|p1b: Corviknight|81\/100 brn|[from] Recoil\n|\n|-heal|p2b: Urshifu|59\/100|[from] Grassy Terrain\n|-heal|p1a: Moltres|61\/100|[from] item: Leftovers\n|-damage|p1b: Corviknight|74\/100 brn|[from] brn\n|upkeep\n|turn|3\n|inactive|6VYRY has 120 seconds left.\n|inactive|yabalo has 120 seconds left.\n|\n|t:|1699172699\n|switch|p2b: Incineroar|Incineroar, F, shiny|100\/100\n|-ability|p2b: Incineroar|Intimidate|boost\n|-unboost|p1a: Moltres|atk|1\n|-ability|p1b: Corviknight|Mirror Armor\n|-unboost|p2b: Incineroar|atk|1\n|move|p2a: Whimsicott|Encore|p1a: Moltres\n|-hint|Since gen 7, Dark is immune to Prankster moves.\n|-immune|p1a: Moltres\n|move|p1a: Moltres|Air Slash|p2b: Incineroar\n|-damage|p2b: Incineroar|49\/100\n|move|p1b: Corviknight|Bulk Up|p1b: Corviknight\n|-boost|p1b: Corviknight|atk|1\n|-boost|p1b: Corviknight|def|1\n|\n|-heal|p1a: Moltres|67\/100|[from] item: Leftovers\n|-heal|p2b: Incineroar|55\/100|[from] Grassy Terrain\n|-damage|p1b: Corviknight|68\/100 brn|[from] brn\n|upkeep\n|turn|4\n|inactive|6VYRY has 120 seconds left.\n|inactive|yabalo has 120 seconds left.\n|\n|t:|1699172732\n|move|p2b: Incineroar|Fake Out|p1a: Moltres\n|-damage|p1a: Moltres|58\/100\n|move|p2a: Whimsicott|Encore|p1b: Corviknight\n|-start|p1b: Corviknight|Encore\n|cant|p1a: Moltres|flinch\n|move|p1b: Corviknight|Bulk Up|p1b: Corviknight\n|-boost|p1b: Corviknight|atk|1\n|-boost|p1b: Corviknight|def|1\n|\n|-heal|p1a: Moltres|64\/100|[from] item: Leftovers\n|-heal|p2b: Incineroar|61\/100|[from] Grassy Terrain\n|-damage|p1b: Corviknight|62\/100 brn|[from] brn\n|upkeep\n|turn|5\n|inactive|6VYRY has 120 seconds left.\n|inactive|yabalo has 120 seconds left.\n|\n|t:|1699172764\n|move|p2a: Whimsicott|Tailwind|p2a: Whimsicott\n|-sidestart|p2: yabalo|move: Tailwind\n|move|p2b: Incineroar|Parting Shot|p1a: Moltres\n|-unboost|p1a: Moltres|atk|1\n|-unboost|p1a: Moltres|spa|1\n|\n|t:|1699172776\n|switch|p2b: Urshifu|Urshifu-Rapid-Strike, F|59\/100|[from] Parting Shot\n|move|p1a: Moltres|Air Slash|p2a: Whimsicott\n|-supereffective|p2a: Whimsicott\n|-damage|p2a: Whimsicott|0 fnt\n|faint|p2a: Whimsicott\n|move|p1b: Corviknight|Bulk Up|p1b: Corviknight\n|-boost|p1b: Corviknight|atk|1\n|-boost|p1b: Corviknight|def|1\n|\n|-heal|p2b: Urshifu|65\/100|[from] Grassy Terrain\n|-heal|p1a: Moltres|70\/100|[from] item: Leftovers\n|-damage|p1b: Corviknight|56\/100 brn|[from] brn\n|upkeep\n|inactive|yabalo has 90 seconds left.\n|\n|t:|1699172799\n|switch|p2a: Weezing|Weezing, F|100\/100\n|-ability|p2a: Weezing|Neutralizing Gas\n|turn|6\n|\n|t:|1699172809\n|move|p2b: Urshifu|Surging Strikes|p1a: Moltres\n|-crit|p1a: Moltres\n|-damage|p1a: Moltres|45\/100\n|-crit|p1a: Moltres\n|-damage|p1a: Moltres|18\/100\n|-crit|p1a: Moltres\n|-damage|p1a: Moltres|0 fnt\n|faint|p1a: Moltres\n|-hitcount|p1: Moltres|3\n|move|p2a: Weezing|Taunt|p1b: Corviknight\n|-start|p1b: Corviknight|move: Taunt\n|cant|p1b: Corviknight|move: Taunt|Bulk Up\n|\n|-heal|p2b: Urshifu|71\/100|[from] Grassy Terrain\n|-damage|p1b: Corviknight|49\/100 brn|[from] brn\n|-end|p1b: Corviknight|Encore\n|-fieldend|move: Grassy Terrain\n|upkeep\n|\n|t:|1699172826\n|switch|p1a: Clodsire|Clodsire, F|100\/100\n|turn|7\n|\n|t:|1699172832\n|move|p2b: Urshifu|Surging Strikes|p1b: Corviknight\n|-crit|p1b: Corviknight\n|-damage|p1b: Corviknight|33\/100 brn\n|-damage|p2b: Urshifu|55\/100|[from] item: Rocky Helmet|[of] p1b: Corviknight\n|-crit|p1b: Corviknight\n|-damage|p1b: Corviknight|17\/100 brn\n|-damage|p2b: Urshifu|38\/100|[from] item: Rocky Helmet|[of] p1b: Corviknight\n|-crit|p1b: Corviknight\n|-damage|p1b: Corviknight|0 fnt\n|-damage|p2b: Urshifu|22\/100|[from] item: Rocky Helmet|[of] p1b: Corviknight\n|faint|p1b: Corviknight\n|-hitcount|p1: Corviknight|3\n|move|p2a: Weezing|Taunt|p1a: Clodsire\n|-start|p1a: Clodsire|move: Taunt\n|cant|p1a: Clodsire|move: Taunt|Curse\n|\n|upkeep\n|\n|t:|1699172848\n|switch|p1b: Ogerpon|Ogerpon-Hearthflame, F|100\/100\n|turn|8\n|\n|t:|1699172865\n|switch|p2b: Regigigas|Regigigas, shiny|100\/100\n|-terastallize|p1b: Ogerpon|Fire\n|detailschange|p1b: Ogerpon|Ogerpon-Hearthflame-Tera, F, tera:Fire\n|move|p1b: Ogerpon|Horn Leech|p2b: Regigigas\n|-damage|p2b: Regigigas|61\/100\n|move|p2a: Weezing|Taunt|p1b: Ogerpon\n|-start|p1b: Ogerpon|move: Taunt\n|move|p1a: Clodsire|Poison Jab|p2a: Weezing\n|-resisted|p2a: Weezing\n|-damage|p2a: Weezing|90\/100\n|\n|-sideend|p2: yabalo|move: Tailwind\n|upkeep\n|turn|9\n|inactive|yabalo has 120 seconds left.\n|\n|t:|1699172902\n|-end|p2a: Weezing|ability: Neutralizing Gas\n|-ability|p1b: Ogerpon|Embody Aspect (Hearthflame)|boost\n|-boost|p1b: Ogerpon|atk|1\n|-start|p2b: Regigigas|ability: Slow Start\n|switch|p2a: Incineroar|Incineroar, F, shiny|61\/100\n|-ability|p2a: Incineroar|Intimidate|boost\n|-unboost|p1a: Clodsire|atk|1\n|-unboost|p1b: Ogerpon|atk|1\n|move|p2b: Regigigas|Protect|p2b: Regigigas\n|-singleturn|p2b: Regigigas|Protect\n|move|p1b: Ogerpon|Ivy Cudgel|p2b: Regigigas\n|-activate|p2b: Regigigas|move: Protect\n|move|p1a: Clodsire|Poison Jab|p2b: Regigigas\n|-activate|p2b: Regigigas|move: Protect\n|\n|-end|p1a: Clodsire|move: Taunt\n|upkeep\n|turn|10\n|inactive|yabalo has 120 seconds left.\n|\n|t:|1699172936\n|-end|p2b: Regigigas|Slow Start|[silent]\n|switch|p2b: Weezing|Weezing, F|90\/100\n|-ability|p2b: Weezing|Neutralizing Gas\n|move|p1b: Ogerpon|Ivy Cudgel|p2b: Weezing\n|-damage|p2b: Weezing|17\/100\n|-enditem|p2b: Weezing|Aguav Berry|[eat]\n|-heal|p2b: Weezing|50\/100|[from] item: Aguav Berry\n|move|p2a: Incineroar|Parting Shot|p1b: Ogerpon\n|-unboost|p1b: Ogerpon|atk|1\n|-unboost|p1b: Ogerpon|spa|1\n|\n|t:|1699172947\n|switch|p2a: Regigigas|Regigigas, shiny|61\/100|[from] Parting Shot\n|move|p1a: Clodsire|Curse|p1a: Clodsire\n|-unboost|p1a: Clodsire|spe|1\n|-boost|p1a: Clodsire|atk|1\n|-boost|p1a: Clodsire|def|1\n|\n|upkeep\n|turn|11\n|inactive|yabalo has 120 seconds left.\n|\n|t:|1699172965\n|move|p1b: Ogerpon|Ivy Cudgel|p2b: Weezing\n|-damage|p2b: Weezing|4\/100\n|move|p2a: Regigigas|High Horsepower|p1b: Ogerpon\n|-supereffective|p1b: Ogerpon\n|-damage|p1b: Ogerpon|0 fnt\n|faint|p1b: Ogerpon\n|-damage|p2a: Regigigas|51\/100|[from] item: Life Orb\n|move|p2b: Weezing|Taunt|p1a: Clodsire\n|-start|p1a: Clodsire|move: Taunt\n|cant|p1a: Clodsire|move: Taunt|Curse\n|\n|upkeep\n|\n|t:|1699172975\n|switch|p1b: Diancie|Diancie|100\/100\n|turn|12\n|\n|t:|1699172993\n|detailschange|p1b: Diancie|Diancie-Mega\n|-mega|p1b: Diancie|Diancie|Diancite\n|move|p2b: Weezing|Protect|p2b: Weezing\n|-singleturn|p2b: Weezing|Protect\n|move|p1b: Diancie|Diamond Storm|p2a: Regigigas|[spread] p2a\n|-activate|p2b: Weezing|move: Protect\n|-damage|p2a: Regigigas|15\/100\n|move|p2a: Regigigas|High Horsepower|p1b: Diancie\n|-supereffective|p1b: Diancie\n|-damage|p1b: Diancie|0 fnt\n|faint|p1b: Diancie\n|-damage|p2a: Regigigas|5\/100|[from] item: Life Orb\n|move|p1a: Clodsire|Poison Jab|p2a: Regigigas\n|-damage|p2a: Regigigas|0 fnt\n|faint|p2a: Regigigas\n|-end|p2a: Regigigas|Slow Start|[silent]\n|\n|upkeep\n|inactive|yabalo has 120 seconds left.\n|\n|t:|1699173025\n|switch|p1b: Dragapult|Dragapult, F|100\/100\n|switch|p2a: Rillaboom|Rillaboom, F, tera:Fire|100\/100\n|turn|13\n|inactive|yabalo has 120 seconds left.\n|\n|t:|1699173051\n|move|p2a: Rillaboom|Fake Out|p1a: Clodsire\n|-damage|p1a: Clodsire|91\/100\n|move|p1b: Dragapult|Dragon Darts|p2b: Weezing\n|-crit|p2b: Weezing\n|-damage|p2b: Weezing|0 fnt\n|-anim|p1b: Dragapult|Dragon Darts|p2a: Rillaboom\n|-damage|p2a: Rillaboom|72\/100\n|faint|p2b: Weezing\n|-end|p2b: Weezing|ability: Neutralizing Gas\n|-fieldstart|move: Grassy Terrain|[from] ability: Grassy Surge|[of] p2a: Rillaboom\n|cant|p1a: Clodsire|flinch\n|\n|-heal|p2a: Rillaboom|78\/100|[from] Grassy Terrain\n|-heal|p1a: Clodsire|98\/100|[from] Grassy Terrain\n|-heal|p1a: Clodsire|100\/100|[from] item: Leftovers\n|-end|p1a: Clodsire|move: Taunt\n|upkeep\n|inactive|yabalo has 120 seconds left.\n|\n|t:|1699173058\n|switch|p2b: Incineroar|Incineroar, F, shiny|61\/100\n|-ability|p2b: Incineroar|Intimidate|boost\n|-unboost|p1a: Clodsire|atk|1\n|-fail|p1b: Dragapult|unboost|[from] ability: Clear Body|[of] p1b: Dragapult\n|turn|14\n|\n|t:|1699173073\n|move|p2a: Rillaboom|Grassy Glide|p1a: Clodsire\n|-damage|p1a: Clodsire|72\/100\n|move|p1b: Dragapult|Dragon Darts|p2b: Incineroar\n|-damage|p2b: Incineroar|34\/100\n|-anim|p1b: Dragapult|Dragon Darts|p2a: Rillaboom\n|-damage|p2a: Rillaboom|50\/100\n|-zpower|p2b: Incineroar\n|move|p2b: Incineroar|Black Hole Eclipse|p1b: Dragapult|[zeffect]\n|-supereffective|p1b: Dragapult\n|-damage|p1b: Dragapult|0 fnt\n|faint|p1b: Dragapult\n|move|p1a: Clodsire|Curse|p1a: Clodsire\n|-unboost|p1a: Clodsire|spe|1\n|-boost|p1a: Clodsire|atk|1\n|-boost|p1a: Clodsire|def|1\n|\n|-heal|p2a: Rillaboom|56\/100|[from] Grassy Terrain\n|-heal|p2b: Incineroar|40\/100|[from] Grassy Terrain\n|-heal|p1a: Clodsire|78\/100|[from] Grassy Terrain\n|-heal|p1a: Clodsire|85\/100|[from] item: Leftovers\n|upkeep\n|turn|15\n|\n|t:|1699173095\n|move|p2a: Rillaboom|Grassy Glide|p1a: Clodsire\n|-damage|p1a: Clodsire|65\/100\n|move|p2b: Incineroar|Knock Off|p1a: Clodsire\n|-damage|p1a: Clodsire|42\/100\n|-enditem|p1a: Clodsire|Leftovers|[from] move: Knock Off|[of] p2b: Incineroar\n|move|p1a: Clodsire|Curse|p1a: Clodsire\n|-unboost|p1a: Clodsire|spe|1\n|-boost|p1a: Clodsire|atk|1\n|-boost|p1a: Clodsire|def|1\n|\n|-heal|p2a: Rillaboom|62\/100|[from] Grassy Terrain\n|-heal|p2b: Incineroar|46\/100|[from] Grassy Terrain\n|-heal|p1a: Clodsire|49\/100|[from] Grassy Terrain\n|upkeep\n|turn|16\n|\n|t:|1699173108\n|move|p2a: Rillaboom|Grassy Glide|p1a: Clodsire\n|-damage|p1a: Clodsire|34\/100\n|move|p2b: Incineroar|Parting Shot|p1a: Clodsire\n|-unboost|p1a: Clodsire|atk|1\n|-unboost|p1a: Clodsire|spa|1\n|\n|t:|1699173114\n|switch|p2b: Urshifu|Urshifu-Rapid-Strike, F|22\/100|[from] Parting Shot\n|move|p1a: Clodsire|Recover|p1a: Clodsire\n|-heal|p1a: Clodsire|84\/100\n|\n|-heal|p2b: Urshifu|28\/100|[from] Grassy Terrain\n|-heal|p2a: Rillaboom|68\/100|[from] Grassy Terrain\n|-heal|p1a: Clodsire|90\/100|[from] Grassy Terrain\n|upkeep\n|turn|17\n|\n|t:|1699173125\n|move|p2b: Urshifu|Surging Strikes|p1a: Clodsire\n|-heal|p1a: Clodsire|100\/100|[from] ability: Water Absorb|[of] p2b: Urshifu\n|move|p2a: Rillaboom|U-turn|p1a: Clodsire\n|-resisted|p1a: Clodsire\n|-damage|p1a: Clodsire|96\/100\n|\n|t:|1699173130\n|switch|p2a: Incineroar|Incineroar, F, shiny|46\/100|[from] U-turn\n|-ability|p2a: Incineroar|Intimidate|boost\n|-unboost|p1a: Clodsire|atk|1\n|move|p1a: Clodsire|Curse|p1a: Clodsire\n|-unboost|p1a: Clodsire|spe|1\n|-boost|p1a: Clodsire|atk|1\n|-boost|p1a: Clodsire|def|1\n|\n|-heal|p2b: Urshifu|34\/100|[from] Grassy Terrain\n|-heal|p2a: Incineroar|52\/100|[from] Grassy Terrain\n|-heal|p1a: Clodsire|100\/100|[from] Grassy Terrain\n|-fieldend|move: Grassy Terrain\n|upkeep\n|turn|18\n|\n|t:|1699173140\n|move|p2a: Incineroar|Fake Out|p1a: Clodsire\n|-damage|p1a: Clodsire|96\/100\n|move|p2b: Urshifu|Close Combat|p1a: Clodsire\n|-resisted|p1a: Clodsire\n|-damage|p1a: Clodsire|84\/100\n|-unboost|p2b: Urshifu|def|1\n|-unboost|p2b: Urshifu|spd|1\n|cant|p1a: Clodsire|flinch\n|\n|upkeep\n|turn|19\n|\n|t:|1699173152\n|move|p2b: Urshifu|Close Combat|p1a: Clodsire\n|-resisted|p1a: Clodsire\n|-damage|p1a: Clodsire|73\/100\n|-unboost|p2b: Urshifu|def|1\n|-unboost|p2b: Urshifu|spd|1\n|move|p2a: Incineroar|Parting Shot|p1a: Clodsire\n|-unboost|p1a: Clodsire|atk|1\n|-unboost|p1a: Clodsire|spa|1\n|\n|t:|1699173159\n|switch|p2a: Rillaboom|Rillaboom, F, tera:Fire|68\/100|[from] Parting Shot\n|-fieldstart|move: Grassy Terrain|[from] ability: Grassy Surge|[of] p2a: Rillaboom\n|move|p1a: Clodsire|Earthquake|p2b: Urshifu|[spread] p2a,p2b\n|-supereffective|p2a: Rillaboom\n|-damage|p2a: Rillaboom|57\/100\n|-damage|p2b: Urshifu|21\/100\n|\n|-heal|p2b: Urshifu|27\/100|[from] Grassy Terrain\n|-heal|p2a: Rillaboom|63\/100|[from] Grassy Terrain\n|-heal|p1a: Clodsire|79\/100|[from] Grassy Terrain\n|upkeep\n|turn|20\n|\n|t:|1699173168\n|move|p2a: Rillaboom|Fake Out|p1a: Clodsire\n|-damage|p1a: Clodsire|74\/100\n|move|p2b: Urshifu|Close Combat|p1a: Clodsire\n|-resisted|p1a: Clodsire\n|-damage|p1a: Clodsire|62\/100\n|-unboost|p2b: Urshifu|def|1\n|-unboost|p2b: Urshifu|spd|1\n|cant|p1a: Clodsire|flinch\n|\n|-heal|p2b: Urshifu|33\/100|[from] Grassy Terrain\n|-heal|p2a: Rillaboom|70\/100|[from] Grassy Terrain\n|-heal|p1a: Clodsire|69\/100|[from] Grassy Terrain\n|upkeep\n|turn|21\n|\n|t:|1699173183\n|move|p2b: Urshifu|Close Combat|p1a: Clodsire\n|-resisted|p1a: Clodsire\n|-damage|p1a: Clodsire|58\/100\n|-unboost|p2b: Urshifu|def|1\n|-unboost|p2b: Urshifu|spd|1\n|move|p2a: Rillaboom|U-turn|p1a: Clodsire\n|-resisted|p1a: Clodsire\n|-damage|p1a: Clodsire|53\/100\n|\n|t:|1699173190\n|switch|p2a: Incineroar|Incineroar, F, shiny|52\/100|[from] U-turn\n|-ability|p2a: Incineroar|Intimidate|boost\n|-unboost|p1a: Clodsire|atk|1\n|move|p1a: Clodsire|Curse|p1a: Clodsire\n|-unboost|p1a: Clodsire|spe|1\n|-boost|p1a: Clodsire|atk|1\n|-boost|p1a: Clodsire|def|1\n|\n|-heal|p2b: Urshifu|40\/100|[from] Grassy Terrain\n|-heal|p2a: Incineroar|58\/100|[from] Grassy Terrain\n|-heal|p1a: Clodsire|60\/100|[from] Grassy Terrain\n|upkeep\n|turn|22\n|\n|t:|1699173198\n|move|p2a: Incineroar|Fake Out|p1a: Clodsire\n|-damage|p1a: Clodsire|56\/100\n|move|p2b: Urshifu|Close Combat|p1a: Clodsire\n|-resisted|p1a: Clodsire\n|-damage|p1a: Clodsire|46\/100\n|-unboost|p2b: Urshifu|def|1\n|-unboost|p2b: Urshifu|spd|1\n|cant|p1a: Clodsire|flinch\n|\n|-heal|p2b: Urshifu|46\/100|[from] Grassy Terrain\n|-heal|p2a: Incineroar|64\/100|[from] Grassy Terrain\n|-heal|p1a: Clodsire|52\/100|[from] Grassy Terrain\n|upkeep\n|turn|23\n|\n|t:|1699173208\n|move|p2b: Urshifu|Close Combat|p1a: Clodsire\n|-resisted|p1a: Clodsire\n|-damage|p1a: Clodsire|42\/100\n|-unboost|p2b: Urshifu|def|1\n|-unboost|p2b: Urshifu|spd|1\n|move|p2a: Incineroar|Parting Shot|p1a: Clodsire\n|-unboost|p1a: Clodsire|atk|1\n|-unboost|p1a: Clodsire|spa|1\n|\n|t:|1699173215\n|switch|p2a: Rillaboom|Rillaboom, F, tera:Fire|70\/100|[from] Parting Shot\n|move|p1a: Clodsire|Recover|p1a: Clodsire\n|-heal|p1a: Clodsire|92\/100\n|\n|-heal|p2b: Urshifu|52\/100|[from] Grassy Terrain\n|-heal|p2a: Rillaboom|76\/100|[from] Grassy Terrain\n|-heal|p1a: Clodsire|98\/100|[from] Grassy Terrain\n|-fieldend|move: Grassy Terrain\n|upkeep\n|turn|24\n|\n|t:|1699173222\n|move|p2a: Rillaboom|Fake Out|p1a: Clodsire\n|-damage|p1a: Clodsire|94\/100\n|move|p2b: Urshifu|Close Combat|p1a: Clodsire\n|-resisted|p1a: Clodsire\n|-damage|p1a: Clodsire|83\/100\n|cant|p1a: Clodsire|flinch\n|\n|upkeep\n|turn|25\n|\n|t:|1699173241\n|switch|p2b: Incineroar|Incineroar, F, shiny|64\/100\n|-ability|p2b: Incineroar|Intimidate|boost\n|-unboost|p1a: Clodsire|atk|1\n|move|p2a: Rillaboom|Grassy Glide|p1a: Clodsire\n|-damage|p1a: Clodsire|74\/100\n|move|p1a: Clodsire|Poison Jab|p2b: Incineroar\n|-damage|p2b: Incineroar|57\/100\n|\n|upkeep\n|turn|26\n|\n|t:|1699173257\n|move|p2b: Incineroar|Fake Out|p1a: Clodsire\n|-damage|p1a: Clodsire|71\/100\n|move|p2a: Rillaboom|U-turn|p1a: Clodsire\n|-resisted|p1a: Clodsire\n|-damage|p1a: Clodsire|67\/100\n|\n|t:|1699173261\n|switch|p2a: Urshifu|Urshifu-Rapid-Strike, F|52\/100|[from] U-turn\n|cant|p1a: Clodsire|flinch\n|\n|upkeep\n|turn|27\n|\n|t:|1699173272\n|move|p2a: Urshifu|Close Combat|p1a: Clodsire\n|-resisted|p1a: Clodsire\n|-damage|p1a: Clodsire|57\/100\n|-unboost|p2a: Urshifu|def|1\n|-unboost|p2a: Urshifu|spd|1\n|move|p2b: Incineroar|Flare Blitz|p1a: Clodsire\n|-damage|p1a: Clodsire|40\/100\n|-damage|p2b: Incineroar|50\/100|[from] Recoil\n|move|p1a: Clodsire|Curse|p1a: Clodsire\n|-unboost|p1a: Clodsire|spe|1\n|-boost|p1a: Clodsire|atk|1\n|-boost|p1a: Clodsire|def|1\n|\n|upkeep\n|turn|28\n|\n|t:|1699173293\n|move|p2a: Urshifu|Protect|p2a: Urshifu\n|-singleturn|p2a: Urshifu|Protect\n|move|p2b: Incineroar|Parting Shot|p1a: Clodsire\n|-unboost|p1a: Clodsire|atk|1\n|-unboost|p1a: Clodsire|spa|1\n|\n|t:|1699173298\n|switch|p2b: Rillaboom|Rillaboom, F, tera:Fire|76\/100|[from] Parting Shot\n|-fieldstart|move: Grassy Terrain|[from] ability: Grassy Surge|[of] p2b: Rillaboom\n|move|p1a: Clodsire|Recover|p1a: Clodsire\n|-heal|p1a: Clodsire|90\/100\n|\n|-heal|p2a: Urshifu|58\/100|[from] Grassy Terrain\n|-heal|p2b: Rillaboom|82\/100|[from] Grassy Terrain\n|-heal|p1a: Clodsire|96\/100|[from] Grassy Terrain\n|upkeep\n|turn|29\n|-message|yabalo forfeited.\n|\n|win|6VYRY\n|raw|6VYRY's rating: 1291 &rarr; <strong>1322<\/strong><br \/>(+31 for winning)\n|raw|yabalo's rating: 1381 &rarr; <strong>1356<\/strong><br \/>(-25 for losing)\n|l|\u2606yabalo\n","uploadtime":1699173312,"views":4,"p1id":"6vyry","p2id":"yabalo","formatid":"gen9nationaldexdoubles","rating":1322,"private":0,"password":""}