{"id":"gen9nationaldexdoubles-1999345681","p1":"Diamondshreddie","p2":"normie jean","format":"[Gen 9] National Dex Doubles","log":"|j|\u2606Diamondshreddie\n|j|\u2606normie jean\n|t:|1701063944\n|gametype|doubles\n|player|p1|Diamondshreddie|artist|\n|player|p2|normie jean|clown|\n|teamsize|p1|6\n|teamsize|p2|6\n|gen|9\n|tier|[Gen 9] National Dex Doubles\n|rule|HP Percentage Mod: HP is shown in percentages\n|rule|Endless Battle Clause: Forcing endless battles is banned\n|rule|OHKO Clause: OHKO moves are banned\n|rule|Evasion Moves Clause: Evasion moves are banned\n|rule|Evasion Abilities Clause: Evasion abilities are banned\n|rule|Species Clause: Limit one of each Pok\u00e9mon\n|rule|Gravity Sleep Clause: The combination of sleep-inducing moves with imperfect accuracy and Gravity or Gigantamax Orbeetle are banned\n|rule|Item Clause: Limit one of each item\n|clearpoke\n|poke|p1|Avalugg-Hisui, M|\n|poke|p1|Florges-White, F|\n|poke|p1|Turtonator, M|\n|poke|p1|Parasect, M|\n|poke|p1|Tsareena, F|\n|poke|p1|Ninjask, F|\n|poke|p2|Lucario, M|\n|poke|p2|Sawsbuck, F|\n|poke|p2|Clefairy, F|\n|poke|p2|Pelipper, F|\n|poke|p2|Inteleon, M|\n|poke|p2|Luxray, F|\n|teampreview|4\n|j| Felis Regalis\n|j| Whaleu\n|\n|t:|1701063992\n|start\n|switch|p1a: Grass type|Florges-White, F, shiny|100\/100\n|switch|p1b: Crab type|Parasect, M|100\/100\n|switch|p2a: Inteleon|Inteleon, M|100\/100\n|switch|p2b: Sawsbuck|Sawsbuck, F|100\/100\n|turn|1\n|\n|t:|1701064136\n|move|p2b: Sawsbuck|Helping Hand|p2a: Inteleon\n|-singleturn|p2a: Inteleon|Helping Hand|[of] p2b: Sawsbuck\n|move|p2a: Inteleon|Ice Beam|p1b: Crab type\n|-supereffective|p1b: Crab type\n|-enditem|p1b: Crab type|Focus Sash\n|-damage|p1b: Crab type|1\/100\n|-damage|p2a: Inteleon|91\/100|[from] item: Life Orb\n|move|p1a: Grass type|Grassy Terrain|p1a: Grass type\n|-fieldstart|move: Grassy Terrain\n|move|p1b: Crab type|Spore|p2a: Inteleon\n|-status|p2a: Inteleon|slp|[from] move: Spore\n|\n|-heal|p2a: Inteleon|97\/100 slp|[from] Grassy Terrain\n|-heal|p1b: Crab type|7\/100|[from] Grassy Terrain\n|upkeep\n|turn|2\n|\n|t:|1701064206\n|cant|p2a: Inteleon|slp\n|move|p2b: Sawsbuck|Horn Leech|p1a: Grass type\n|-damage|p1a: Grass type|41\/100\n|move|p1a: Grass type|Dazzling Gleam|p2a: Inteleon|[spread] p2a,p2b\n|-damage|p2a: Inteleon|67\/100 slp\n|-damage|p2b: Sawsbuck|69\/100\n|move|p1b: Crab type|Leech Seed|p2a: Inteleon\n|-start|p2a: Inteleon|move: Leech Seed\n|\n|-heal|p2a: Inteleon|73\/100 slp|[from] Grassy Terrain\n|-heal|p2b: Sawsbuck|75\/100|[from] Grassy Terrain\n|-heal|p1a: Grass type|47\/100|[from] Grassy Terrain\n|-heal|p1b: Crab type|13\/100|[from] Grassy Terrain\n|-damage|p2a: Inteleon|61\/100 slp|[from] Leech Seed|[of] p1b: Crab type\n|-heal|p1b: Crab type|27\/100|[silent]\n|upkeep\n|turn|3\n|\n|t:|1701064239\n|-curestatus|p2a: Inteleon|slp|[msg]\n|move|p2a: Inteleon|Ice Beam|p1b: Crab type\n|-supereffective|p1b: Crab type\n|-damage|p1b: Crab type|0 fnt\n|faint|p1b: Crab type\n|-damage|p2a: Inteleon|51\/100|[from] item: Life Orb\n|move|p2b: Sawsbuck|Horn Leech|p1a: Grass type\n|-damage|p1a: Grass type|0 fnt\n|-heal|p2b: Sawsbuck|100\/100|[from] drain|[of] p1a: Grass type\n|faint|p1a: Grass type\n|\n|-heal|p2a: Inteleon|57\/100|[from] Grassy Terrain\n|upkeep\n|\n|t:|1701064252\n|switch|p1a: I sure wish|Turtonator, M|100\/100\n|switch|p1b: Squishy|Tsareena, F|100\/100\n|turn|4\n|\n|t:|1701064325\n|move|p2b: Sawsbuck|Helping Hand|p2a: Inteleon\n|-singleturn|p2a: Inteleon|Helping Hand|[of] p2b: Sawsbuck\n|move|p2a: Inteleon|Ice Beam|p1b: Squishy\n|-supereffective|p1b: Squishy\n|-damage|p1b: Squishy|0 fnt\n|faint|p1b: Squishy\n|-damage|p2a: Inteleon|47\/100|[from] item: Life Orb\n|move|p1a: I sure wish|Burning Jealousy|p2b: Sawsbuck|[spread] p2a,p2b\n|-resisted|p2a: Inteleon\n|-supereffective|p2b: Sawsbuck\n|-crit|p2b: Sawsbuck\n|-damage|p2a: Inteleon|26\/100\n|-damage|p2b: Sawsbuck|0 fnt\n|faint|p2b: Sawsbuck\n|-damage|p1a: I sure wish|91\/100|[from] item: Life Orb\n|\n|-heal|p2a: Inteleon|32\/100|[from] Grassy Terrain\n|-heal|p1a: I sure wish|97\/100|[from] Grassy Terrain\n|upkeep\n|\n|t:|1701064353\n|switch|p2b: Clefairy|Clefairy, F|100\/100\n|turn|5\n|\n|t:|1701064366\n|switch|p2a: Lucario|Lucario, M|100\/100\n|move|p1a: I sure wish|Burning Jealousy|p2b: Clefairy|[spread] p2a,p2b\n|-supereffective|p2a: Lucario\n|-damage|p2a: Lucario|33\/100\n|-damage|p2b: Clefairy|71\/100\n|-damage|p1a: I sure wish|87\/100|[from] item: Life Orb\n|move|p2b: Clefairy|Reflect|p2b: Clefairy\n|-sidestart|p2: normie jean|Reflect\n|\n|-heal|p2a: Lucario|39\/100|[from] Grassy Terrain\n|-heal|p1a: I sure wish|93\/100|[from] Grassy Terrain\n|-heal|p2b: Clefairy|77\/100|[from] Grassy Terrain\n|upkeep\n|turn|6\n|\n|t:|1701064387\n|move|p2b: Clefairy|Follow Me|p2b: Clefairy\n|-singleturn|p2b: Clefairy|move: Follow Me\n|move|p2a: Lucario|Dragon Pulse|p1a: I sure wish\n|-supereffective|p1a: I sure wish\n|-damage|p1a: I sure wish|18\/100\n|move|p1a: I sure wish|Burning Jealousy|p2a: Lucario|[spread] p2a,p2b\n|-supereffective|p2a: Lucario\n|-damage|p2a: Lucario|0 fnt\n|-damage|p2b: Clefairy|46\/100\n|faint|p2a: Lucario\n|-damage|p1a: I sure wish|8\/100|[from] item: Life Orb\n|\n|-heal|p1a: I sure wish|14\/100|[from] Grassy Terrain\n|-heal|p2b: Clefairy|52\/100|[from] Grassy Terrain\n|upkeep\n|\n|t:|1701064406\n|switch|p2a: Inteleon|Inteleon, M|32\/100\n|turn|7\n|\n|t:|1701064439\n|move|p2a: Inteleon|Hydro Cannon|p1a: I sure wish\n|-damage|p1a: I sure wish|0 fnt\n|-mustrecharge|p2a: Inteleon\n|faint|p1a: I sure wish\n|-damage|p2a: Inteleon|22\/100|[from] item: Life Orb\n|\n|win|normie jean\n","uploadtime":1701064446,"views":1,"p1id":"diamondshreddie","p2id":"normiejean","formatid":"gen9nationaldexdoubles","rating":0,"private":0,"password":""}