{"id":"gen9nationaldexdoubles-1983641521","p1":"schoolteen","p2":"shadow_ennard","format":"[Gen 9] National Dex Doubles","log":"|j|\u2606schoolteen\n|j|\u2606shadow_ennard\n|t:|1699152861\n|gametype|doubles\n|player|p1|schoolteen|cheryl|1172\n|player|p2|shadow_ennard|lusamine-nihilego|1018\n|teamsize|p1|6\n|teamsize|p2|6\n|gen|9\n|tier|[Gen 9] National Dex Doubles\n|rated|\n|rule|HP Percentage Mod: HP is shown in percentages\n|rule|Endless Battle Clause: Forcing endless battles is banned\n|rule|OHKO Clause: OHKO moves are banned\n|rule|Evasion Moves Clause: Evasion moves are banned\n|rule|Evasion Abilities Clause: Evasion abilities are banned\n|rule|Species Clause: Limit one of each Pok\u00e9mon\n|rule|Gravity Sleep Clause: The combination of sleep-inducing moves with imperfect accuracy and Gravity or Gigantamax Orbeetle are banned\n|clearpoke\n|poke|p1|Barraskewda, F|\n|poke|p1|Fezandipiti, M|\n|poke|p1|Infernape, M|\n|poke|p1|Skuntank, F|\n|poke|p1|Tinkaton, F|\n|poke|p1|Bisharp, F|\n|poke|p2|Blacephalon|\n|poke|p2|Torkoal, F|\n|poke|p2|Clefable, M|\n|poke|p2|Oranguru, M|\n|poke|p2|Pheromosa|\n|poke|p2|Beedrill, M|\n|teampreview\n|inactive|Battle timer is ON: inactive players will automatically lose when time's up. (requested by schoolteen)\n|\n|t:|1699152878\n|start\n|switch|p1a: Barraskewda|Barraskewda, F|100\/100\n|switch|p1b: Infernape|Infernape, M|100\/100\n|switch|p2a: Blacephalon|Blacephalon, shiny|100\/100\n|switch|p2b: Torkoal|Torkoal, F|100\/100\n|-weather|SunnyDay|[from] ability: Drought|[of] p2b: Torkoal\n|turn|1\n|\n|t:|1699152902\n|-terastallize|p1a: Barraskewda|Water\n|-terastallize|p2a: Blacephalon|Fire\n|move|p2b: Torkoal|Helping Hand|p2a: Blacephalon\n|-singleturn|p2a: Blacephalon|Helping Hand|[of] p2b: Torkoal\n|move|p1b: Infernape|Fake Out|p2b: Torkoal\n|-damage|p2b: Torkoal|93\/100\n|move|p1a: Barraskewda|Liquidation|p2a: Blacephalon\n|-supereffective|p2a: Blacephalon\n|-damage|p2a: Blacephalon|0 fnt\n|faint|p2a: Blacephalon\n|\n|-weather|SunnyDay|[upkeep]\n|upkeep\n|inactive|shadow_ennard has 120 seconds left.\n|\n|t:|1699152928\n|switch|p2a: Beedrill|Beedrill, M|100\/100\n|turn|2\n|c|\u2606schoolteen|Wait that character\n|inactive|shadow_ennard has 120 seconds left.\n|inactive|schoolteen has 120 seconds left.\n|c|\u2606schoolteen|Freedom cup?\n|\n|t:|1699152968\n|switch|p1a: Skuntank|Skuntank, F|100\/100\n|detailschange|p2a: Beedrill|Beedrill-Mega, M\n|-mega|p2a: Beedrill|Beedrill|Beedrillite\n|move|p2b: Torkoal|Helping Hand|p2a: Beedrill\n|-singleturn|p2a: Beedrill|Helping Hand|[of] p2b: Torkoal\n|move|p2a: Beedrill|X-Scissor|p1a: Skuntank\n|-damage|p1a: Skuntank|0 fnt\n|faint|p1a: Skuntank\n|move|p1b: Infernape|Raging Fury|p2b: Torkoal\n|-resisted|p2b: Torkoal\n|-damage|p2b: Torkoal|66\/100\n|\n|-weather|SunnyDay|[upkeep]\n|upkeep\n|c|\u2606shadow_ennard|Nah it's just a hidden avatar\n|c|\u2606shadow_ennard|You can type \"\/avatar lusamine-nihilego\" outside battle to use it\n|inactive|schoolteen has 90 seconds left.\n|c|\u2606schoolteen|Seen it somewhere before but ok\n|\n|t:|1699153012\n|switch|p1a: Tinkaton|Tinkaton, F|100\/100\n|-ability|p1a: Tinkaton|Mold Breaker\n|turn|3\n|inactive|shadow_ennard has 120 seconds left.\n|\n|t:|1699153045\n|move|p1a: Tinkaton|Fake Out|p2a: Beedrill\n|-damage|p2a: Beedrill|74\/100\n|cant|p2a: Beedrill|flinch\n|move|p1b: Infernape|Raging Fury|p2a: Beedrill|[from]lockedmove\n|-supereffective|p2a: Beedrill\n|-damage|p2a: Beedrill|0 fnt\n|faint|p2a: Beedrill\n|-start|p1b: Infernape|confusion|[fatigue]\n|move|p2b: Torkoal|Yawn|p1a: Tinkaton\n|-start|p1a: Tinkaton|move: Yawn|[of] p2b: Torkoal\n|\n|-weather|SunnyDay|[upkeep]\n|upkeep\n|\n|t:|1699153062\n|switch|p2a: Pheromosa|Pheromosa|100\/100\n|turn|4\n|inactive|schoolteen has 120 seconds left.\n|inactive|shadow_ennard has 120 seconds left.\n|\n|t:|1699153078\n|move|p2b: Torkoal|Helping Hand|p2a: Pheromosa\n|-singleturn|p2a: Pheromosa|Helping Hand|[of] p2b: Torkoal\n|move|p2a: Pheromosa|Close Combat|p1a: Tinkaton\n|-damage|p1a: Tinkaton|0 fnt\n|-unboost|p2a: Pheromosa|def|1\n|-unboost|p2a: Pheromosa|spd|1\n|faint|p1a: Tinkaton\n|-ability|p2a: Pheromosa|Beast Boost|boost\n|-boost|p2a: Pheromosa|spe|1\n|-activate|p1b: Infernape|confusion\n|move|p1b: Infernape|Fire Punch|p2a: Pheromosa\n|-supereffective|p2a: Pheromosa\n|-enditem|p2a: Pheromosa|Focus Sash\n|-damage|p2a: Pheromosa|1\/100\n|\n|-weather|SunnyDay|[upkeep]\n|upkeep\n|\n|t:|1699153098\n|switch|p1a: Bisharp|Bisharp, F|100\/100\n|turn|5\n|inactive|schoolteen has 120 seconds left.\n|\n|t:|1699153120\n|move|p1a: Bisharp|Sucker Punch|p2a: Pheromosa\n|-resisted|p2a: Pheromosa\n|-damage|p2a: Pheromosa|0 fnt\n|faint|p2a: Pheromosa\n|-activate|p1b: Infernape|confusion\n|move|p1b: Infernape|Drain Punch|p2b: Torkoal\n|-damage|p2b: Torkoal|40\/100\n|move|p2b: Torkoal|Yawn|p1a: Bisharp\n|-start|p1a: Bisharp|move: Yawn|[of] p2b: Torkoal\n|\n|-weather|SunnyDay|[upkeep]\n|upkeep\n|inactive|shadow_ennard has 120 seconds left.\n|\n|t:|1699153134\n|switch|p2a: Oranguru|Oranguru, M|100\/100\n|turn|6\n|\n|t:|1699153145\n|move|p2a: Oranguru|Toxic|p1b: Infernape\n|-status|p1b: Infernape|tox\n|-activate|p1b: Infernape|confusion\n|-damage|p1b: Infernape|80\/100 tox|[from] confusion\n|move|p1a: Bisharp|Beat Up|p2a: Oranguru\n|-supereffective|p2a: Oranguru\n|-damage|p2a: Oranguru|81\/100\n|-supereffective|p2a: Oranguru\n|-damage|p2a: Oranguru|66\/100\n|-supereffective|p2a: Oranguru\n|-damage|p2a: Oranguru|48\/100\n|-hitcount|p2a: Oranguru|3\n|move|p2b: Torkoal|Flamethrower|p1a: Bisharp\n|-supereffective|p1a: Bisharp\n|-damage|p1a: Bisharp|29\/100\n|\n|-weather|SunnyDay|[upkeep]\n|-damage|p1b: Infernape|74\/100 tox|[from] psn\n|-end|p1a: Bisharp|move: Yawn|[silent]\n|-status|p1a: Bisharp|slp\n|upkeep\n|turn|7\n|inactive|shadow_ennard has 120 seconds left.\n|\n|t:|1699153191\n|move|p2a: Oranguru|Toxic||[still]\n|-fail|p2a: Oranguru\n|-activate|p1b: Infernape|confusion\n|move|p1b: Infernape|Drain Punch|p2b: Torkoal\n|-damage|p2b: Torkoal|14\/100\n|-heal|p1b: Infernape|89\/100 tox|[from] drain|[of] p2b: Torkoal\n|cant|p1a: Bisharp|slp\n|move|p2b: Torkoal|Yawn||[still]\n|-fail|p2b: Torkoal\n|\n|-weather|SunnyDay|[upkeep]\n|-damage|p1b: Infernape|77\/100 tox|[from] psn\n|upkeep\n|turn|8\n|inactive|shadow_ennard has 120 seconds left.\n|inactive|schoolteen has 120 seconds left.\n|c|\u2606schoolteen|Do you know stats work?\n|c|\u2606shadow_ennard|?\n|\n|t:|1699153242\n|move|p2a: Oranguru|Toxic|p1a: Bisharp|[miss]\n|-miss|p2a: Oranguru|p1a: Bisharp\n|-end|p1b: Infernape|confusion\n|move|p1b: Infernape|Drain Punch|p2b: Torkoal\n|-damage|p2b: Torkoal|0 fnt\n|-heal|p1b: Infernape|85\/100 tox|[from] drain|[of] p2b: Torkoal\n|faint|p2b: Torkoal\n|-curestatus|p1a: Bisharp|slp|[msg]\n|move|p1a: Bisharp|Brick Break|p2a: Oranguru\n|-damage|p2a: Oranguru|23\/100\n|\n|-weather|none\n|-damage|p1b: Infernape|66\/100 tox|[from] psn\n|upkeep\n|c|\u2606shadow_ennard|Wdym\n|\n|t:|1699153255\n|switch|p2b: Clefable|Clefable, M|100\/100\n|turn|9\n|inactive|schoolteen has 120 seconds left.\n|inactive|shadow_ennard has 120 seconds left.\n|c|\u2606schoolteen|Ok, if a Pokemon is asleep you can toxic it\n|\n|t:|1699153292\n|move|p2b: Clefable|Dazzling Gleam|p1a: Bisharp|[spread] p1a,p1b\n|-crit|p1a: Bisharp\n|-damage|p1a: Bisharp|6\/100\n|-damage|p1b: Infernape|37\/100 tox\n|move|p2a: Oranguru|Toxic|p1a: Bisharp\n|-immune|p1a: Bisharp\n|move|p1b: Infernape|Fire Punch|p2b: Clefable\n|-damage|p2b: Clefable|44\/100\n|move|p1a: Bisharp|Dual Chop|p2a: Oranguru\n|-damage|p2a: Oranguru|9\/100\n|-damage|p2a: Oranguru|0 fnt\n|faint|p2a: Oranguru\n|-hitcount|p2: Oranguru|2\n|\n|-damage|p1b: Infernape|12\/100 tox|[from] psn\n|upkeep\n|turn|10\n|inactive|shadow_ennard has 120 seconds left.\n|c|\u2606shadow_ennard|Also Steel is inmune to Poison so\n|c|\u2606shadow_ennard|Yeah\n|c|\u2606shadow_ennard|But i had Choice Scarf\n|inactive|schoolteen has 90 seconds left.\n|c|\u2606schoolteen|L\n|c|\u2606shadow_ennard|Blacephalon was basically the entire strategy lol\n|c|\u2606schoolteen|...\n|\n|t:|1699153348\n|move|p1a: Bisharp|Sucker Punch|p2b: Clefable\n|-resisted|p2b: Clefable\n|-damage|p2b: Clefable|23\/100\n|move|p2b: Clefable|Dazzling Gleam|p1a: Bisharp|[spread] p1a,p1b\n|-damage|p1a: Bisharp|0 fnt\n|-damage|p1b: Infernape|0 fnt\n|faint|p1a: Bisharp\n|faint|p1b: Infernape\n|\n|upkeep\n|inactive|schoolteen has 60 seconds left.\n|\n|t:|1699153365\n|switch|p1b: Fezandipiti|Fezandipiti, M|100\/100\n|switch|p1a: Barraskewda|Barraskewda, F, tera:Water|100\/100\n|turn|11\n|inactive|schoolteen has 60 seconds left.\n|c|\u2606schoolteen|The pokemon you saw were not even my masterpiece\n|c|\u2606shadow_ennard|Cool\n|inactive|schoolteen has 30 seconds left.\n|c|\u2606schoolteen|The fish is\n|\n|t:|1699153422\n|move|p1a: Barraskewda|Liquidation|p2b: Clefable\n|-damage|p2b: Clefable|0 fnt\n|faint|p2b: Clefable\n|\n|win|schoolteen\n|inactive|schoolteen has 30 seconds left this turn.\n|raw|schoolteen's rating: 1172 &rarr; <strong>1187<\/strong><br \/>(+15 for winning)\n|raw|shadow_ennard's rating: 1018 &rarr; <strong>1011<\/strong><br \/>(-7 for losing)\n|c|\u2606shadow_ennard|Yeah that makes sense\n|c|\u2606shadow_ennard|I should probably change strats\n|c|\u2606shadow_ennard|This ain't very reliable\n|c|\u2606schoolteen|Good call\n|c|\u2606schoolteen|gg\n|c|\u2606shadow_ennard|GG\n|c|\u2606schoolteen|One more thing, it's not good to choice specs ok\n|c|\u2606shadow_ennard|I mean that's basically the only thing i could do\n|c|\u2606shadow_ennard|Basically:\n|c|\u2606shadow_ennard|Turn 1 Torkoal sets sun and uses Helping Hand, Blacephalon uses Mind Blown\n|c|\u2606shadow_ennard|Turn 2 Clefable swaps skills with Blacephalon, preventing it from dying, Blacephalon attacks again\n|c|\u2606shadow_ennard|And for the rest of the turns Oranguru uses Instruct for double Mind Blown\n|c|\u2606shadow_ennard|Pheromosa and Beedrill are just backup\n|c|\u2606shadow_ennard|If i switched any of the items stuff will happen and Blacephalon will either kill itself, or kill its teamates\n|c|\u2606schoolteen|Reread mind blown one more time\n|c|\u2606shadow_ennard|?\n|c|\u2606shadow_ennard|Are you talking about it losing 50% HP?\n|c|\u2606schoolteen|Yes\n|c|\u2606shadow_ennard|Yeah i tought about that\n|c|\u2606shadow_ennard|Turn 2 Clefable gives it Magic Guard\n|c|\u2606shadow_ennard|Which for some reason negates that damage\n|c|\u2606schoolteen|....\n|c|\u2606schoolteen|Ok then \ud83d\udc4c\n|c|\u2606shadow_ennard|Anyway\n|c|\u2606shadow_ennard|It was nice meeting you, cya\n|c|\u2606schoolteen|Bye\n|l|\u2606shadow_ennard\n","uploadtime":1699153620,"views":11,"p1id":"schoolteen","p2id":"shadowennard","formatid":"gen9nationaldexdoubles","rating":1011,"private":0,"password":""}