{"id":"gen9nationaldexdoubles-1973100847","p1":"IHNL613","p2":"u enjoy losing?","format":"[Gen 9] National Dex Doubles","log":"|j|\u2606IHNL613\n|j|\u2606u enjoy losing?\n|t:|1697927657\n|gametype|doubles\n|player|p1|IHNL613|grimsley|1123\n|player|p2|u enjoy losing?|camper|1122\n|teamsize|p1|6\n|teamsize|p2|6\n|gen|9\n|tier|[Gen 9] National Dex Doubles\n|rated|\n|rule|HP Percentage Mod: HP is shown in percentages\n|rule|Endless Battle Clause: Forcing endless battles is banned\n|rule|OHKO Clause: OHKO moves are banned\n|rule|Evasion Moves Clause: Evasion moves are banned\n|rule|Evasion Abilities Clause: Evasion abilities are banned\n|rule|Species Clause: Limit one of each Pok\u00e9mon\n|rule|Gravity Sleep Clause: The combination of sleep-inducing moves with imperfect accuracy and Gravity or Gigantamax Orbeetle are banned\n|clearpoke\n|poke|p1|Serperior, M|\n|poke|p1|Aegislash, M|\n|poke|p1|Houndoom, M|\n|poke|p1|Whimsicott, F|\n|poke|p1|Goodra, F|\n|poke|p1|Pawmot, M|\n|poke|p2|Indeedee-F, F|\n|poke|p2|Oranguru, M|\n|poke|p2|Glastrier|\n|poke|p2|Hoopa-Unbound|\n|poke|p2|Ursaluna, F|\n|poke|p2|Zygarde|\n|teampreview\n|inactive|Battle timer is ON: inactive players will automatically lose when time's up. (requested by IHNL613)\n|\n|t:|1697927686\n|start\n|switch|p1a: Houndoom|Houndoom, M, shiny|100\/100\n|switch|p1b: Aegislash|Aegislash, M|100\/100\n|switch|p2a: Hoopa|Hoopa-Unbound|100\/100\n|switch|p2b: Zygarde|Zygarde|100\/100\n|-ability|p2b: Zygarde|Aura Break\n|turn|1\n|\n|t:|1697927704\n|switch|p1b: Whimsicott|Whimsicott, F, shiny|100\/100\n|detailschange|p1a: Houndoom|Houndoom-Mega, M, shiny\n|-mega|p1a: Houndoom|Houndoom|Houndoominite\n|move|p1a: Houndoom|Overheat|p2a: Hoopa\n|-damage|p2a: Hoopa|52\/100\n|-unboost|p1a: Houndoom|spa|2\n|move|p2b: Zygarde|Coil|p2b: Zygarde\n|-boost|p2b: Zygarde|atk|1\n|-boost|p2b: Zygarde|def|1\n|-boost|p2b: Zygarde|accuracy|1\n|move|p2a: Hoopa|Trick Room|p2a: Hoopa\n|-fieldstart|move: Trick Room|[of] p2a: Hoopa\n|-enditem|p2b: Zygarde|Room Service\n|-unboost|p2b: Zygarde|spe|1|[from] item: Room Service\n|-enditem|p2a: Hoopa|Room Service\n|-unboost|p2a: Hoopa|spe|1|[from] item: Room Service\n|\n|upkeep\n|turn|2\n|\n|t:|1697927725\n|move|p1a: Houndoom|Protect|p1a: Houndoom\n|-singleturn|p1a: Houndoom|Protect\n|move|p1b: Whimsicott|Taunt|p2b: Zygarde\n|-start|p2b: Zygarde|move: Taunt\n|move|p2a: Hoopa|Psyshock|p1b: Whimsicott\n|-damage|p1b: Whimsicott|40\/100\n|-item|p2a: Hoopa|Heat Rock|[from] ability: Magician|[of] p1b: Whimsicott\n|move|p2b: Zygarde|Thousand Arrows|p1a: Houndoom|[spread] p1b\n|-activate|p1a: Houndoom|move: Protect\n|-resisted|p1b: Whimsicott\n|-damage|p1b: Whimsicott|23\/100\n|\n|upkeep\n|turn|3\n|inactive|IHNL613 has 120 seconds left.\n|\n|t:|1697927760\n|switch|p1a: Goodra|Goodra, F, shiny|100\/100\n|move|p1b: Whimsicott|Taunt|p2a: Hoopa\n|-hint|Since gen 7, Dark is immune to Prankster moves.\n|-immune|p2a: Hoopa\n|move|p2a: Hoopa|Dark Pulse|p1b: Whimsicott\n|-resisted|p1b: Whimsicott\n|-crit|p1b: Whimsicott\n|-damage|p1b: Whimsicott|0 fnt\n|faint|p1b: Whimsicott\n|move|p2b: Zygarde|Thousand Arrows|p1a: Goodra\n|-damage|p1a: Goodra|61\/100\n|\n|-heal|p1a: Goodra|67\/100|[from] item: Leftovers\n|upkeep\n|\n|t:|1697927776\n|switch|p1b: Aegislash|Aegislash, M|100\/100\n|turn|4\n|\n|t:|1697927785\n|move|p2a: Hoopa|Dark Pulse|p1b: Aegislash\n|-supereffective|p1b: Aegislash\n|-damage|p1b: Aegislash|15\/100\n|-enditem|p1b: Aegislash|Figy Berry|[eat]\n|-heal|p1b: Aegislash|49\/100|[from] item: Figy Berry\n|move|p2b: Zygarde|Thousand Arrows|p1b: Aegislash|[spread] p1a,p1b\n|-supereffective|p1b: Aegislash\n|-damage|p1a: Goodra|37\/100\n|-damage|p1b: Aegislash|0 fnt\n|faint|p1b: Aegislash\n|move|p1a: Goodra|Toxic|p2b: Zygarde|[miss]\n|-miss|p1a: Goodra|p2b: Zygarde\n|\n|-heal|p1a: Goodra|43\/100|[from] item: Leftovers\n|-end|p2b: Zygarde|move: Taunt\n|upkeep\n|\n|t:|1697927795\n|switch|p1b: Pawmot|Pawmot, M|100\/100\n|turn|5\n|\n|t:|1697927802\n|move|p1b: Pawmot|Protect|p1b: Pawmot\n|-singleturn|p1b: Pawmot|Protect\n|move|p2a: Hoopa|Psyshock|p1b: Pawmot\n|-activate|p1b: Pawmot|move: Protect\n|move|p2b: Zygarde|Thousand Arrows|p1b: Pawmot|[spread] p1a\n|-activate|p1b: Pawmot|move: Protect\n|-damage|p1a: Goodra|15\/100\n|move|p1a: Goodra|Toxic|p2b: Zygarde\n|-status|p2b: Zygarde|tox\n|\n|-heal|p1a: Goodra|21\/100|[from] item: Leftovers\n|-damage|p2b: Zygarde|94\/100 tox|[from] psn\n|-fieldend|move: Trick Room\n|upkeep\n|turn|6\n|\n|t:|1697927819\n|move|p1b: Pawmot|Revival Blessing|p1b: Pawmot\n|-enditem|p1b: Pawmot|Leppa Berry|[eat]\n|-activate|p1b: Pawmot|item: Leppa Berry|Revival Blessing|[consumed]\n|\n|t:|1697927825\n|-heal|p1: Aegislash|50\/100|[from] move: Revival Blessing\n|move|p1a: Goodra|Toxic|p2a: Hoopa\n|-status|p2a: Hoopa|tox\n|move|p2b: Zygarde|Coil|p2b: Zygarde\n|-boost|p2b: Zygarde|atk|1\n|-boost|p2b: Zygarde|def|1\n|-boost|p2b: Zygarde|accuracy|1\n|move|p2a: Hoopa|Trick Room|p2a: Hoopa\n|-fieldstart|move: Trick Room|[of] p2a: Hoopa\n|\n|-heal|p1a: Goodra|27\/100|[from] item: Leftovers\n|-damage|p2a: Hoopa|46\/100 tox|[from] psn\n|-damage|p2b: Zygarde|82\/100 tox|[from] psn\n|upkeep\n|turn|7\n|\n|t:|1697927841\n|move|p1b: Pawmot|Protect|p1b: Pawmot\n|-singleturn|p1b: Pawmot|Protect\n|move|p2a: Hoopa|Dark Pulse|p1b: Pawmot\n|-activate|p1b: Pawmot|move: Protect\n|move|p2b: Zygarde|Thousand Arrows|p1a: Goodra|[spread] p1a\n|-activate|p1b: Pawmot|move: Protect\n|-damage|p1a: Goodra|0 fnt\n|faint|p1a: Goodra\n|\n|-damage|p2a: Hoopa|33\/100 tox|[from] psn\n|-damage|p2b: Zygarde|63\/100 tox|[from] psn\n|upkeep\n|\n|t:|1697927850\n|switch|p1a: Houndoom|Houndoom-Mega, M, shiny|100\/100\n|turn|8\n|\n|t:|1697927862\n|move|p1a: Houndoom|Protect|p1a: Houndoom\n|-singleturn|p1a: Houndoom|Protect\n|move|p2a: Hoopa|Psyshock|p1b: Pawmot\n|-supereffective|p1b: Pawmot\n|-damage|p1b: Pawmot|0 fnt\n|faint|p1b: Pawmot\n|move|p2b: Zygarde|Thousand Arrows|p1a: Houndoom\n|-activate|p1a: Houndoom|move: Protect\n|\n|-damage|p2a: Hoopa|15\/100 tox|[from] psn\n|-damage|p2b: Zygarde|39\/100 tox|[from] psn\n|upkeep\n|\n|t:|1697927868\n|switch|p1b: Aegislash|Aegislash, M|50\/100\n|turn|9\n|\n|t:|1697927884\n|-formechange|p1b: Aegislash|Aegislash-Blade||[from] ability: Stance Change\n|move|p1b: Aegislash|Shadow Sneak|p2a: Hoopa\n|-damage|p2a: Hoopa|0 fnt\n|faint|p2a: Hoopa\n|move|p2b: Zygarde|Thousand Arrows|p1b: Aegislash|[spread] p1a,p1b\n|-supereffective|p1a: Houndoom\n|-supereffective|p1b: Aegislash\n|-damage|p1a: Houndoom|0 fnt\n|-damage|p1b: Aegislash|0 fnt\n|faint|p1a: Houndoom\n|faint|p1b: Aegislash\n|\n|-damage|p2b: Zygarde|8\/100 tox|[from] psn\n|upkeep\n|-message|IHNL613 forfeited.\n|\n|win|u enjoy losing?\n|raw|IHNL613's rating: 1123 &rarr; <strong>1098<\/strong><br \/>(-25 for losing)\n|raw|u enjoy losing?'s rating: 1122 &rarr; <strong>1147<\/strong><br \/>(+25 for winning)\n|l|\u2606IHNL613\n","uploadtime":1697927896,"views":6,"p1id":"ihnl613","p2id":"uenjoylosing","formatid":"gen9nationaldexdoubles","rating":1098,"private":0,"password":""}