{"id":"gen9nationaldexdoubles-1956781809","p1":"liu641","p2":"aYUNsang","format":"[Gen 9] National Dex Doubles","log":"|j|\u2606liu641\n|j|\u2606aYUNsang\n|t:|1696151074\n|gametype|doubles\n|player|p1|liu641|cyrus|\n|player|p2|aYUNsang|sage|\n|teamsize|p1|6\n|teamsize|p2|6\n|gen|9\n|tier|[Gen 9] National Dex Doubles\n|rule|HP Percentage Mod: HP is shown in percentages\n|rule|Endless Battle Clause: Forcing endless battles is banned\n|rule|OHKO Clause: OHKO moves are banned\n|rule|Evasion Moves Clause: Evasion moves are banned\n|rule|Evasion Abilities Clause: Evasion abilities are banned\n|rule|Species Clause: Limit one of each Pok\u00e9mon\n|rule|Gravity Sleep Clause: The combination of sleep-inducing moves with imperfect accuracy and Gravity or Gigantamax Orbeetle are banned\n|clearpoke\n|poke|p1|Ninetales-Alola, F|\n|poke|p1|Sandslash-Alola, M|\n|poke|p1|Delibird, F|\n|poke|p1|Abomasnow, M|\n|poke|p1|Glaceon, F|\n|poke|p1|Grimmsnarl, M|\n|poke|p2|Tyranitar, F|\n|poke|p2|Garganacl, M|\n|poke|p2|Naclstack, F|\n|poke|p2|Lycanroc, F|\n|poke|p2|Glimmet, M|\n|poke|p2|Cradily, M|\n|teampreview\n|\n|t:|1696151088\n|start\n|switch|p1a: \u6bdb\u8338\u8338\u7684\u6b66\u7814|Ninetales-Alola, F|100\/100\n|switch|p1b: \u575a\u5982\u78d0\u77f3|Grimmsnarl, M|100\/100\n|switch|p2a: Glimmet|Glimmet, M|100\/100\n|switch|p2b: Naclstack|Naclstack, F|100\/100\n|-weather|Snow|[from] ability: Snow Warning|[of] p1a: \u6bdb\u8338\u8338\u7684\u6b66\u7814\n|turn|1\n|inactive|Battle timer is ON: inactive players will automatically lose when time's up. (requested by liu641)\n|inactive|liu641 has 270 seconds left.\n|\n|t:|1696151120\n|move|p1b: \u575a\u5982\u78d0\u77f3|Reflect|p1b: \u575a\u5982\u78d0\u77f3\n|-sidestart|p1: liu641|Reflect\n|move|p1a: \u6bdb\u8338\u8338\u7684\u6b66\u7814|Aurora Veil|p1a: \u6bdb\u8338\u8338\u7684\u6b66\u7814\n|-sidestart|p1: liu641|move: Aurora Veil\n|move|p2a: Glimmet|Stealth Rock|p1b: \u575a\u5982\u78d0\u77f3\n|-sidestart|p1: liu641|move: Stealth Rock\n|move|p2b: Naclstack|Sandstorm|p2b: Naclstack\n|-weather|Sandstorm\n|\n|-weather|Sandstorm|[upkeep]\n|-damage|p1a: \u6bdb\u8338\u8338\u7684\u6b66\u7814|95\/100|[from] Sandstorm\n|-damage|p1b: \u575a\u5982\u78d0\u77f3|94\/100|[from] Sandstorm\n|upkeep\n|turn|2\n|inactive|liu641 has 270 seconds left.\n|inactive|aYUNsang has 270 seconds left.\n|\n|t:|1696151162\n|switch|p1a: \u54c8\u5947\u5e93|Abomasnow, M|100\/100\n|-damage|p1a: \u54c8\u5947\u5e93|75\/100|[from] Stealth Rock\n|-weather|Snow|[from] ability: Snow Warning|[of] p1a: \u54c8\u5947\u5e93\n|move|p1b: \u575a\u5982\u78d0\u77f3|Thunder Wave|p2b: Naclstack\n|-immune|p2b: Naclstack|[from] ability: Purifying Salt\n|move|p2a: Glimmet|Toxic|p1b: \u575a\u5982\u78d0\u77f3\n|-status|p1b: \u575a\u5982\u78d0\u77f3|tox\n|move|p2b: Naclstack|Salt Cure|p1a: \u54c8\u5947\u5e93\n|-supereffective|p1a: \u54c8\u5947\u5e93\n|-damage|p1a: \u54c8\u5947\u5e93|66\/100\n|-start|p1a: \u54c8\u5947\u5e93|Salt Cure\n|\n|-weather|Snow|[upkeep]\n|-damage|p1b: \u575a\u5982\u78d0\u77f3|88\/100 tox|[from] psn\n|-damage|p1a: \u54c8\u5947\u5e93|53\/100|[from] Salt Cure\n|upkeep\n|turn|3\n|inactive|liu641 has 270 seconds left.\n|inactive|liu641 has 240 seconds left.\n|\n|t:|1696151224\n|detailschange|p1a: \u54c8\u5947\u5e93|Abomasnow-Mega, M\n|-mega|p1a: \u54c8\u5947\u5e93|Abomasnow|Abomasite\n|move|p2b: Naclstack|Protect|p2b: Naclstack\n|-singleturn|p2b: Naclstack|Protect\n|move|p1b: \u575a\u5982\u78d0\u77f3|Thunder Wave|p2a: Glimmet\n|-status|p2a: Glimmet|par\n|move|p2a: Glimmet|Sludge Bomb|p1a: \u54c8\u5947\u5e93\n|-supereffective|p1a: \u54c8\u5947\u5e93\n|-damage|p1a: \u54c8\u5947\u5e93|11\/100\n|move|p1a: \u54c8\u5947\u5e93|Earthquake|p2a: Glimmet|[spread] p1b,p2a\n|-activate|p2b: Naclstack|move: Protect\n|-supereffective|p2a: Glimmet\n|-crit|p2a: Glimmet\n|-damage|p1b: \u575a\u5982\u78d0\u77f3|64\/100 tox\n|-enditem|p2a: Glimmet|Focus Sash\n|-damage|p2a: Glimmet|1\/100 par\n|-activate|p2a: Glimmet|ability: Toxic Debris\n|-sidestart|p1: liu641|move: Toxic Spikes\n|\n|-weather|Snow|[upkeep]\n|-damage|p1b: \u575a\u5982\u78d0\u77f3|52\/100 tox|[from] psn\n|-damage|p1a: \u54c8\u5947\u5e93|0 fnt|[from] Salt Cure\n|faint|p1a: \u54c8\u5947\u5e93\n|upkeep\n|inactive|liu641 has 210 seconds left.\n|\n|t:|1696151263\n|switch|p1a: \u901f\u51bb\u5730\u9f20|Sandslash-Alola, M|100\/100\n|-damage|p1a: \u901f\u51bb\u5730\u9f20|88\/100|[from] Stealth Rock\n|turn|4\n|inactive|liu641 has 210 seconds left.\n|\n|t:|1696151284\n|switch|p2a: Tyranitar|Tyranitar, F|100\/100\n|-weather|Sandstorm|[from] ability: Sand Stream|[of] p2a: Tyranitar\n|move|p1b: \u575a\u5982\u78d0\u77f3|Light Screen|p1b: \u575a\u5982\u78d0\u77f3\n|-sidestart|p1: liu641|move: Light Screen\n|-zpower|p1a: \u901f\u51bb\u5730\u9f20\n|move|p1a: \u901f\u51bb\u5730\u9f20|Subzero Slammer|p2b: Naclstack|[zeffect]\n|-damage|p2b: Naclstack|57\/100\n|move|p2b: Naclstack|Salt Cure|p1a: \u901f\u51bb\u5730\u9f20\n|-damage|p1a: \u901f\u51bb\u5730\u9f20|82\/100\n|-start|p1a: \u901f\u51bb\u5730\u9f20|Salt Cure\n|\n|-weather|Sandstorm|[upkeep]\n|-damage|p1b: \u575a\u5982\u78d0\u77f3|46\/100 tox|[from] Sandstorm\n|-damage|p1b: \u575a\u5982\u78d0\u77f3|28\/100 tox|[from] psn\n|-damage|p1a: \u901f\u51bb\u5730\u9f20|57\/100|[from] Salt Cure\n|upkeep\n|turn|5\n|inactive|liu641 has 210 seconds left.\n|inactive|aYUNsang has 270 seconds left.\n|\n|t:|1696151321\n|switch|p1b: \u6bdb\u8338\u8338\u7684\u6b66\u7814|Ninetales-Alola, F|95\/100\n|-damage|p1b: \u6bdb\u8338\u8338\u7684\u6b66\u7814|70\/100|[from] Stealth Rock\n|-status|p1b: \u6bdb\u8338\u8338\u7684\u6b66\u7814|psn\n|-weather|Snow|[from] ability: Snow Warning|[of] p1b: \u6bdb\u8338\u8338\u7684\u6b66\u7814\n|detailschange|p2a: Tyranitar|Tyranitar-Mega, F\n|-mega|p2a: Tyranitar|Tyranitar|Tyranitarite\n|-weather|Sandstorm|[from] ability: Sand Stream|[of] p2a: Tyranitar\n|move|p2a: Tyranitar|High Horsepower|p1a: \u901f\u51bb\u5730\u9f20\n|-supereffective|p1a: \u901f\u51bb\u5730\u9f20\n|-damage|p1a: \u901f\u51bb\u5730\u9f20|2\/100\n|move|p1a: \u901f\u51bb\u5730\u9f20|Earthquake|p2a: Tyranitar|[spread] p1b,p2a,p2b\n|-supereffective|p2a: Tyranitar\n|-supereffective|p2b: Naclstack\n|-damage|p1b: \u6bdb\u8338\u8338\u7684\u6b66\u7814|45\/100 psn\n|-damage|p2a: Tyranitar|66\/100\n|-damage|p2b: Naclstack|33\/100\n|move|p2b: Naclstack|Recover|p2b: Naclstack\n|-heal|p2b: Naclstack|83\/100\n|\n|-weather|Sandstorm|[upkeep]\n|-damage|p1b: \u6bdb\u8338\u8338\u7684\u6b66\u7814|40\/100 psn|[from] Sandstorm\n|-damage|p1b: \u6bdb\u8338\u8338\u7684\u6b66\u7814|27\/100 psn|[from] psn\n|-damage|p1a: \u901f\u51bb\u5730\u9f20|0 fnt|[from] Salt Cure\n|faint|p1a: \u901f\u51bb\u5730\u9f20\n|-sideend|p1: liu641|move: Aurora Veil\n|upkeep\n|inactive|liu641 has 180 seconds left.\n|\n|t:|1696151364\n|switch|p1a: \ud83d\udc35\u747e\u7462|Glaceon, F|100\/100\n|-damage|p1a: \ud83d\udc35\u747e\u7462|76\/100|[from] Stealth Rock\n|-status|p1a: \ud83d\udc35\u747e\u7462|psn\n|turn|6\n|inactive|liu641 has 180 seconds left.\n|\n|t:|1696151388\n|switch|p2a: Glimmet|Glimmet, M|1\/100 par\n|move|p1b: \u6bdb\u8338\u8338\u7684\u6b66\u7814|Dazzling Gleam|p2a: Glimmet|[spread] p2a,p2b\n|-resisted|p2a: Glimmet\n|-damage|p2a: Glimmet|0 fnt\n|-damage|p2b: Naclstack|71\/100\n|faint|p2a: Glimmet\n|move|p1a: \ud83d\udc35\u747e\u7462|Freeze-Dry|p2b: Naclstack\n|-damage|p2b: Naclstack|35\/100\n|move|p2b: Naclstack|Salt Cure|p1b: \u6bdb\u8338\u8338\u7684\u6b66\u7814\n|-supereffective|p1b: \u6bdb\u8338\u8338\u7684\u6b66\u7814\n|-damage|p1b: \u6bdb\u8338\u8338\u7684\u6b66\u7814|6\/100 psn\n|-start|p1b: \u6bdb\u8338\u8338\u7684\u6b66\u7814|Salt Cure\n|\n|-weather|Sandstorm|[upkeep]\n|-damage|p1b: \u6bdb\u8338\u8338\u7684\u6b66\u7814|0 fnt|[from] Sandstorm\n|-damage|p1a: \ud83d\udc35\u747e\u7462|70\/100 psn|[from] Sandstorm\n|faint|p1b: \u6bdb\u8338\u8338\u7684\u6b66\u7814\n|-damage|p1a: \ud83d\udc35\u747e\u7462|57\/100 psn|[from] psn\n|upkeep\n|inactive|liu641 has 180 seconds left.\n|\n|t:|1696151410\n|switch|p1b: \u5e03\u5305\u88b1|Delibird, F|100\/100\n|switch|p2a: Lycanroc|Lycanroc, F, shiny|100\/100\n|-damage|p1b: \u5e03\u5305\u88b1|51\/100|[from] Stealth Rock\n|turn|7\n|inactive|liu641 has 180 seconds left.\n|\n|t:|1696151445\n|-terastallize|p2a: Lycanroc|Rock\n|move|p2a: Lycanroc|Rock Slide|p1a: \ud83d\udc35\u747e\u7462|[spread] p1a,p1b\n|-supereffective|p1a: \ud83d\udc35\u747e\u7462\n|-supereffective|p1b: \u5e03\u5305\u88b1\n|-damage|p1a: \ud83d\udc35\u747e\u7462|0 fnt\n|-damage|p1b: \u5e03\u5305\u88b1|0 fnt\n|faint|p1a: \ud83d\udc35\u747e\u7462\n|faint|p1b: \u5e03\u5305\u88b1\n|-damage|p2a: Lycanroc|91\/100|[from] item: Life Orb\n|move|p2b: Naclstack|Recover|p2b: Naclstack\n|-heal|p2b: Naclstack|85\/100\n|\n|-weather|Sandstorm|[upkeep]\n|upkeep\n|\n|t:|1696151464\n|switch|p1a: \u575a\u5982\u78d0\u77f3|Grimmsnarl, M|28\/100 tox\n|-damage|p1a: \u575a\u5982\u78d0\u77f3|15\/100 tox|[from] Stealth Rock\n|turn|8\n|\n|t:|1696151472\n|move|p1a: \u575a\u5982\u78d0\u77f3|Thunder Wave|p2a: Lycanroc\n|-status|p2a: Lycanroc|par\n|move|p2a: Lycanroc|Play Rough|p1a: \u575a\u5982\u78d0\u77f3\n|-supereffective|p1a: \u575a\u5982\u78d0\u77f3\n|-damage|p1a: \u575a\u5982\u78d0\u77f3|0 fnt\n|faint|p1a: \u575a\u5982\u78d0\u77f3\n|-damage|p2a: Lycanroc|81\/100 par|[from] item: Life Orb\n|\n|win|aYUNsang\n","uploadtime":1696151486,"views":16,"p1id":"liu641","p2id":"ayunsang","formatid":"gen9nationaldexdoubles","rating":0,"private":0,"password":""}