{"id":"gen9nationaldexdoubles-1958200957","p1":"shuixin","p2":"QCSS","format":"[Gen 9] National Dex Doubles","log":"|j|\u2606shuixin\n|j|\u2606QCSS\n|t:|1696297528\n|gametype|doubles\n|player|p1|shuixin|1|\n|player|p2|QCSS|roxie|\n|teamsize|p1|6\n|teamsize|p2|6\n|gen|9\n|tier|[Gen 9] National Dex Doubles\n|rule|HP Percentage Mod: HP is shown in percentages\n|rule|Endless Battle Clause: Forcing endless battles is banned\n|rule|OHKO Clause: OHKO moves are banned\n|rule|Evasion Moves Clause: Evasion moves are banned\n|rule|Evasion Abilities Clause: Evasion abilities are banned\n|rule|Species Clause: Limit one of each Pok\u00e9mon\n|rule|Gravity Sleep Clause: The combination of sleep-inducing moves with imperfect accuracy and Gravity or Gigantamax Orbeetle are banned\n|clearpoke\n|poke|p1|Ninetales-Alola, F|\n|poke|p1|Baxcalibur, M|\n|poke|p1|Mawile, M|\n|poke|p1|Azumarill, F|\n|poke|p1|Whimsicott, M|\n|poke|p1|Iron Valiant|\n|poke|p2|Stonjourner, F|\n|poke|p2|Lycanroc-Dusk, F|\n|poke|p2|Diancie|\n|poke|p2|Tyranitar, M|\n|poke|p2|Lileep, M|\n|poke|p2|Silvally-*|\n|teampreview\n|j| Gocks\n|\n|t:|1696297542\n|start\n|switch|p1a: Whimsicott|Whimsicott, M|100\/100\n|switch|p1b: Mawile|Mawile, M|100\/100\n|switch|p2a: Tyranitar|Tyranitar, M|100\/100\n|switch|p2b: Lileep|Lileep, M|100\/100\n|-weather|Sandstorm|[from] ability: Sand Stream|[of] p2a: Tyranitar\n|-ability|p1b: Mawile|Intimidate|boost\n|-unboost|p2a: Tyranitar|atk|1\n|-unboost|p2b: Lileep|atk|1\n|turn|1\n|inactive|Battle timer is ON: inactive players will automatically lose when time's up. (requested by QCSS)\n|inactive|QCSS has 270 seconds left.\n|\n|t:|1696297583\n|switch|p2a: Silvally|Silvally-Fire|100\/100\n|detailschange|p1b: Mawile|Mawile-Mega, M\n|-mega|p1b: Mawile|Mawile|Mawilite\n|move|p1a: Whimsicott|Taunt|p2b: Lileep\n|-start|p2b: Lileep|move: Taunt\n|move|p1b: Mawile|Play Rough|p2a: Silvally\n|-resisted|p2a: Silvally\n|-damage|p2a: Silvally|47\/100\n|cant|p2b: Lileep|move: Taunt|Confuse Ray\n|\n|-weather|Sandstorm|[upkeep]\n|-damage|p1a: Whimsicott|94\/100|[from] Sandstorm\n|-damage|p2a: Silvally|41\/100|[from] Sandstorm\n|upkeep\n|turn|2\n|inactive|QCSS has 270 seconds left.\n|\n|t:|1696297616\n|switch|p2b: Stonjourner|Stonjourner, F|100\/100\n|-item|p2b: Stonjourner|Air Balloon\n|-terastallize|p2a: Silvally|Rock\n|move|p1b: Mawile|Sucker Punch|p2a: Silvally\n|-damage|p2a: Silvally|0 fnt\n|faint|p2a: Silvally\n|move|p1a: Whimsicott|Moonblast|p2b: Stonjourner\n|-damage|p2b: Stonjourner|53\/100\n|-unboost|p2b: Stonjourner|spa|1\n|-enditem|p2b: Stonjourner|Air Balloon\n|\n|-weather|Sandstorm|[upkeep]\n|-damage|p1a: Whimsicott|88\/100|[from] Sandstorm\n|upkeep\n|inactive|QCSS has 270 seconds left.\n|\n|t:|1696297635\n|switch|p2a: Lycanroc|Lycanroc-Dusk, F|100\/100\n|turn|3\n|\n|t:|1696297649\n|move|p1a: Whimsicott|Protect|p1a: Whimsicott\n|-singleturn|p1a: Whimsicott|Protect\n|move|p2a: Lycanroc|Drill Run|p1b: Mawile\n|-supereffective|p1b: Mawile\n|-damage|p1b: Mawile|16\/100\n|move|p2b: Stonjourner|Rock Slide|p1a: Whimsicott|[spread] p1b\n|-activate|p1a: Whimsicott|move: Protect\n|-resisted|p1b: Mawile\n|-damage|p1b: Mawile|5\/100\n|move|p1b: Mawile|Iron Head|p2a: Lycanroc\n|-supereffective|p2a: Lycanroc\n|-damage|p2a: Lycanroc|0 fnt\n|faint|p2a: Lycanroc\n|\n|-weather|Sandstorm|[upkeep]\n|-damage|p1a: Whimsicott|82\/100|[from] Sandstorm\n|upkeep\n|inactive|QCSS has 270 seconds left.\n|\n|t:|1696297666\n|switch|p2a: Diancie|Diancie|100\/100\n|turn|4\n|\n|t:|1696297677\n|detailschange|p2a: Diancie|Diancie-Mega\n|-mega|p2a: Diancie|Diancie|Diancite\n|move|p1b: Mawile|Protect|p1b: Mawile\n|-singleturn|p1b: Mawile|Protect\n|move|p1a: Whimsicott|Tailwind|p1a: Whimsicott\n|-sidestart|p1: shuixin|move: Tailwind\n|move|p2a: Diancie|Diamond Storm|p1b: Mawile|[spread] p1a\n|-activate|p1b: Mawile|move: Protect\n|-damage|p1a: Whimsicott|17\/100\n|move|p2b: Stonjourner|Stealth Rock|p1a: Whimsicott\n|-sidestart|p1: shuixin|move: Stealth Rock\n|\n|-weather|Sandstorm|[upkeep]\n|-damage|p1a: Whimsicott|11\/100|[from] Sandstorm\n|upkeep\n|turn|5\n|\n|t:|1696297697\n|switch|p2a: Lileep|Lileep, M|100\/100\n|move|p1b: Mawile|Sucker Punch||[still]\n|-fail|p1b: Mawile\n|move|p1a: Whimsicott|Moonblast|p2b: Stonjourner\n|-damage|p2b: Stonjourner|10\/100\n|move|p2b: Stonjourner|Rock Slide|p1b: Mawile|[spread] p1a,p1b\n|-resisted|p1b: Mawile\n|-damage|p1a: Whimsicott|0 fnt\n|-damage|p1b: Mawile|0 fnt\n|faint|p1a: Whimsicott\n|faint|p1b: Mawile\n|\n|-weather|none\n|upkeep\n|\n|t:|1696297715\n|switch|p1a: Iron Valiant|Iron Valiant|100\/100\n|switch|p1b: Azumarill|Azumarill, F|100\/100\n|-damage|p1a: Iron Valiant|94\/100|[from] Stealth Rock\n|-damage|p1b: Azumarill|88\/100|[from] Stealth Rock\n|-enditem|p1a: Iron Valiant|Booster Energy\n|-activate|p1a: Iron Valiant|ability: Quark Drive|[fromitem]\n|-start|p1a: Iron Valiant|quarkdrivespa\n|turn|6\n|\n|t:|1696297739\n|move|p1b: Azumarill|Protect|p1b: Azumarill\n|-singleturn|p1b: Azumarill|Protect\n|move|p2b: Stonjourner|Wide Guard|p2b: Stonjourner\n|-singleturn|p2b: Stonjourner|Wide Guard\n|move|p1a: Iron Valiant|Focus Blast|p2a: Lileep|[miss]\n|-miss|p1a: Iron Valiant|p2a: Lileep\n|move|p2a: Lileep|Confuse Ray|p1b: Azumarill\n|-activate|p1b: Azumarill|move: Protect\n|\n|upkeep\n|turn|7\n|\n|t:|1696297757\n|move|p1a: Iron Valiant|Focus Blast|p2a: Lileep\n|-supereffective|p2a: Lileep\n|-damage|p2a: Lileep|9\/100\n|move|p1b: Azumarill|Play Rough|p2a: Lileep\n|-damage|p2a: Lileep|0 fnt\n|faint|p2a: Lileep\n|move|p2b: Stonjourner|Rock Slide|p1a: Iron Valiant|[spread] p1a,p1b\n|-resisted|p1a: Iron Valiant\n|-damage|p1a: Iron Valiant|79\/100\n|-damage|p1b: Azumarill|63\/100\n|\n|-sideend|p1: shuixin|move: Tailwind\n|upkeep\n|inactive|QCSS has 270 seconds left.\n|\n|t:|1696297780\n|switch|p2a: Diancie|Diancie-Mega|100\/100\n|turn|8\n|\n|t:|1696297789\n|move|p2a: Diancie|Dazzling Gleam|p1b: Azumarill|[spread] p1a,p1b\n|-supereffective|p1a: Iron Valiant\n|-damage|p1a: Iron Valiant|0 fnt\n|-damage|p1b: Azumarill|14\/100\n|faint|p1a: Iron Valiant\n|-end|p1a: Iron Valiant|Quark Drive|[silent]\n|move|p2b: Stonjourner|Rock Slide|p1b: Azumarill\n|-damage|p1b: Azumarill|0 fnt\n|faint|p1b: Azumarill\n|\n|upkeep\n|\n|t:|1696297800\n|switch|p1a: Baxcalibur|Baxcalibur, M|100\/100\n|switch|p1b: Ninetales|Ninetales-Alola, F|100\/100\n|-damage|p1b: Ninetales|75\/100|[from] Stealth Rock\n|-weather|Snow|[from] ability: Snow Warning|[of] p1b: Ninetales\n|-damage|p1a: Baxcalibur|76\/100|[from] Stealth Rock\n|turn|9\n|\n|t:|1696297815\n|-terastallize|p1a: Baxcalibur|Fairy\n|move|p1a: Baxcalibur|Ice Shard|p2b: Stonjourner\n|-damage|p2b: Stonjourner|0 fnt\n|faint|p2b: Stonjourner\n|move|p2a: Diancie|Dazzling Gleam|p1a: Baxcalibur|[spread] p1a,p1b\n|-damage|p1a: Baxcalibur|38\/100\n|-damage|p1b: Ninetales|32\/100\n|move|p1b: Ninetales|Icy Wind|p2a: Diancie\n|-damage|p2a: Diancie|72\/100\n|-unboost|p2a: Diancie|spe|1\n|\n|-weather|Snow|[upkeep]\n|-heal|p1a: Baxcalibur|44\/100|[from] ability: Ice Body\n|-heal|p1a: Baxcalibur|50\/100|[from] item: Leftovers\n|upkeep\n|\n|t:|1696297826\n|switch|p2b: Tyranitar|Tyranitar, M|100\/100\n|-weather|Sandstorm|[from] ability: Sand Stream|[of] p2b: Tyranitar\n|turn|10\n|\n|t:|1696297841\n|move|p1b: Ninetales|Moonblast|p2b: Tyranitar\n|-supereffective|p2b: Tyranitar\n|-damage|p2b: Tyranitar|55\/100\n|-unboost|p2b: Tyranitar|spa|1\n|move|p1a: Baxcalibur|High Horsepower|p2a: Diancie\n|-supereffective|p2a: Diancie\n|-damage|p2a: Diancie|0 fnt\n|faint|p2a: Diancie\n|move|p2b: Tyranitar|Rock Slide|p1a: Baxcalibur|[spread] p1a,p1b\n|-crit|p1a: Baxcalibur\n|-supereffective|p1b: Ninetales\n|-damage|p1a: Baxcalibur|0 fnt\n|-damage|p1b: Ninetales|0 fnt\n|faint|p1a: Baxcalibur\n|faint|p1b: Ninetales\n|\n|win|QCSS\n|l|\u2606shuixin\n","uploadtime":1696297865,"views":17,"p1id":"shuixin","p2id":"qcss","formatid":"gen9nationaldexdoubles","rating":0,"private":0,"password":""}