{"id":"gen9nationaldexdoubles-1985391603","p1":"Theadonia","p2":"ZippleZapple","format":"[Gen 9] National Dex Doubles","log":"|j|\u2606Theadonia\n|j|\u2606ZippleZapple\n|t:|1699370800\n|gametype|doubles\n|player|p1|Theadonia|roxie|1189\n|player|p2|ZippleZapple|169|1295\n|teamsize|p1|6\n|teamsize|p2|6\n|gen|9\n|tier|[Gen 9] National Dex Doubles\n|rated|\n|rule|HP Percentage Mod: HP is shown in percentages\n|rule|Endless Battle Clause: Forcing endless battles is banned\n|rule|OHKO Clause: OHKO moves are banned\n|rule|Evasion Moves Clause: Evasion moves are banned\n|rule|Evasion Abilities Clause: Evasion abilities are banned\n|rule|Species Clause: Limit one of each Pok\u00e9mon\n|rule|Gravity Sleep Clause: The combination of sleep-inducing moves with imperfect accuracy and Gravity or Gigantamax Orbeetle are banned\n|clearpoke\n|poke|p1|Delphox, F|\n|poke|p1|Oricorio-Sensu, M|\n|poke|p1|Kommo-o, F|\n|poke|p1|Wailord, M|\n|poke|p1|Cresselia, F|\n|poke|p1|Ribombee, M|\n|poke|p2|Hatterene, F|\n|poke|p2|Farigiraf, F|\n|poke|p2|Heracross, F|\n|poke|p2|Alcremie, F|\n|poke|p2|Stonjourner, M|\n|poke|p2|Skeledirge, F|\n|teampreview\n|\n|t:|1699370819\n|start\n|switch|p1a: Oricorio|Oricorio-Sensu, M, shiny|100\/100\n|switch|p1b: Ribombee|Ribombee, M|100\/100\n|switch|p2a: Stonjourner|Stonjourner, M|100\/100\n|switch|p2b: Hatterene|Hatterene, F|100\/100\n|turn|1\n|\n|t:|1699370831\n|move|p2a: Stonjourner|Protect|p2a: Stonjourner\n|-singleturn|p2a: Stonjourner|Protect\n|move|p1b: Ribombee|Speed Swap|p2b: Hatterene\n|-activate|p1b: Ribombee|move: Speed Swap|[of] p2b: Hatterene\n|move|p1a: Oricorio|Substitute|p1a: Oricorio\n|-start|p1a: Oricorio|Substitute\n|-damage|p1a: Oricorio|75\/100\n|move|p2b: Hatterene|Trick Room|p2b: Hatterene\n|-fieldstart|move: Trick Room|[of] p2b: Hatterene\n|\n|upkeep\n|turn|2\n|\n|t:|1699370840\n|move|p1b: Ribombee|Quiver Dance|p1b: Ribombee\n|-boost|p1b: Ribombee|spa|1\n|-boost|p1b: Ribombee|spd|1\n|-boost|p1b: Ribombee|spe|1\n|-activate|p1a: Oricorio|ability: Dancer\n|move|p1a: Oricorio|Quiver Dance|p1a: Oricorio|[from]ability: Dancer\n|-boost|p1a: Oricorio|spa|1\n|-boost|p1a: Oricorio|spd|1\n|-boost|p1a: Oricorio|spe|1\n|move|p2a: Stonjourner|Rock Slide|p1a: Oricorio|[spread] p1a,p1b\n|-supereffective|p1a: Oricorio\n|-end|p1a: Oricorio|Substitute\n|-supereffective|p1b: Ribombee\n|-damage|p1b: Ribombee|11\/100\n|move|p1a: Oricorio|Quiver Dance|p1a: Oricorio\n|-boost|p1a: Oricorio|spa|1\n|-boost|p1a: Oricorio|spd|1\n|-boost|p1a: Oricorio|spe|1\n|move|p2b: Hatterene|Dazzling Gleam|p1a: Oricorio|[spread] p1a,p1b\n|-damage|p1a: Oricorio|53\/100\n|-damage|p1b: Ribombee|0 fnt\n|faint|p1b: Ribombee\n|\n|upkeep\n|\n|t:|1699370852\n|switch|p1b: Cresselia|Cresselia, F|100\/100\n|turn|3\n|\n|t:|1699370866\n|-terastallize|p1a: Oricorio|Fairy\n|move|p2a: Stonjourner|Rock Slide|p1a: Oricorio|[spread] p1b\n|-miss|p2a: Stonjourner|p1a: Oricorio\n|-damage|p1b: Cresselia|85\/100\n|move|p1b: Cresselia|Psych Up|p1a: Oricorio\n|-copyboost|p1b: Cresselia|p1a: Oricorio|[from] move: Psych Up\n|move|p2b: Hatterene|Light Screen|p2b: Hatterene\n|-sidestart|p2: ZippleZapple|move: Light Screen\n|move|p1a: Oricorio|Baton Pass|p1a: Oricorio\n|\n|t:|1699370876\n|switch|p1a: Wailord|Wailord, M, shiny|100\/100|[from] Baton Pass\n|-ability|p1a: Wailord|Pressure\n|\n|-heal|p1b: Cresselia|91\/100|[from] item: Leftovers\n|upkeep\n|turn|4\n|\n|t:|1699370882\n|move|p2a: Stonjourner|Rock Slide|p1b: Cresselia|[spread] p1a,p1b\n|-damage|p1a: Wailord|73\/100\n|-damage|p1b: Cresselia|73\/100\n|move|p1a: Wailord|Water Spout|p2b: Hatterene|[spread] p2a,p2b\n|-supereffective|p2a: Stonjourner\n|-enditem|p2a: Stonjourner|Focus Sash\n|-damage|p2a: Stonjourner|1\/100\n|-damage|p2b: Hatterene|66\/100\n|move|p2b: Hatterene|Dazzling Gleam|p1a: Wailord|[spread] p1a,p1b\n|-crit|p1b: Cresselia\n|-damage|p1a: Wailord|51\/100\n|-damage|p1b: Cresselia|40\/100\n|move|p1b: Cresselia|Lunar Blessing|p1b: Cresselia|[spread] p1a,p1b\n|-heal|p1a: Wailord|76\/100\n|-heal|p1b: Cresselia|65\/100\n|\n|-heal|p1a: Wailord|82\/100|[from] item: Leftovers\n|-heal|p2b: Hatterene|72\/100|[from] item: Leftovers\n|-heal|p1b: Cresselia|71\/100|[from] item: Leftovers\n|upkeep\n|turn|5\n|\n|t:|1699370892\n|move|p2a: Stonjourner|Rock Slide|p1b: Cresselia|[spread] p1a,p1b\n|-damage|p1a: Wailord|54\/100\n|-damage|p1b: Cresselia|55\/100\n|cant|p1a: Wailord|flinch\n|move|p2b: Hatterene|Dazzling Gleam|p1b: Cresselia|[spread] p1a,p1b\n|-damage|p1a: Wailord|32\/100\n|-damage|p1b: Cresselia|44\/100\n|move|p1b: Cresselia|Lunar Blessing|p1b: Cresselia|[spread] p1a,p1b\n|-heal|p1a: Wailord|57\/100\n|-heal|p1b: Cresselia|69\/100\n|\n|-heal|p1a: Wailord|64\/100|[from] item: Leftovers\n|-heal|p2b: Hatterene|78\/100|[from] item: Leftovers\n|-heal|p1b: Cresselia|75\/100|[from] item: Leftovers\n|-fieldend|move: Trick Room\n|upkeep\n|turn|6\n|\n|t:|1699370904\n|move|p2a: Stonjourner|Wide Guard|p2a: Stonjourner\n|-singleturn|p2a: Stonjourner|Wide Guard\n|move|p1b: Cresselia|Lunar Blessing|p1b: Cresselia|[spread] p1a,p1b\n|-heal|p1a: Wailord|89\/100\n|-heal|p1b: Cresselia|99\/100\n|move|p1a: Wailord|Water Spout|p2a: Stonjourner|[spread] \n|-activate|p2a: Stonjourner|move: Wide Guard\n|-activate|p2b: Hatterene|move: Wide Guard\n|move|p2b: Hatterene|Trick Room|p2b: Hatterene\n|-fieldstart|move: Trick Room|[of] p2b: Hatterene\n|\n|-heal|p1a: Wailord|95\/100|[from] item: Leftovers\n|-heal|p2b: Hatterene|84\/100|[from] item: Leftovers\n|-heal|p1b: Cresselia|100\/100|[from] item: Leftovers\n|upkeep\n|turn|7\n|\n|t:|1699370919\n|move|p2a: Stonjourner|Rock Slide|p1b: Cresselia|[spread] p1a\n|-miss|p2a: Stonjourner|p1b: Cresselia\n|-damage|p1a: Wailord|67\/100\n|move|p1a: Wailord|Hidden Power|p2a: Stonjourner\n|-supereffective|p2a: Stonjourner\n|-damage|p2a: Stonjourner|0 fnt\n|faint|p2a: Stonjourner\n|move|p2b: Hatterene|Dazzling Gleam|p1a: Wailord|[spread] p1a,p1b\n|-damage|p1a: Wailord|53\/100\n|-damage|p1b: Cresselia|91\/100\n|move|p1b: Cresselia|Dazzling Gleam|p2b: Hatterene\n|-damage|p2b: Hatterene|61\/100\n|\n|-heal|p1a: Wailord|59\/100|[from] item: Leftovers\n|-heal|p2b: Hatterene|67\/100|[from] item: Leftovers\n|-heal|p1b: Cresselia|97\/100|[from] item: Leftovers\n|-sideend|p2: ZippleZapple|move: Light Screen\n|upkeep\n|\n|t:|1699370925\n|switch|p2a: Heracross|Heracross, F|100\/100\n|turn|8\n|\n|t:|1699370933\n|detailschange|p2a: Heracross|Heracross-Mega, F\n|-mega|p2a: Heracross|Heracross|Heracronite\n|move|p2a: Heracross|Pin Missile|p1b: Cresselia\n|-supereffective|p1b: Cresselia\n|-damage|p1b: Cresselia|70\/100\n|-supereffective|p1b: Cresselia\n|-damage|p1b: Cresselia|40\/100\n|-supereffective|p1b: Cresselia\n|-damage|p1b: Cresselia|12\/100\n|-supereffective|p1b: Cresselia\n|-damage|p1b: Cresselia|0 fnt\n|faint|p1b: Cresselia\n|-hitcount|p1: Cresselia|4\n|move|p1a: Wailord|Water Spout|p2b: Hatterene|[spread] p2a,p2b\n|-damage|p2a: Heracross|52\/100\n|-damage|p2b: Hatterene|26\/100\n|move|p2b: Hatterene|Dazzling Gleam|p1a: Wailord\n|-damage|p1a: Wailord|37\/100\n|\n|-heal|p1a: Wailord|44\/100|[from] item: Leftovers\n|-heal|p2b: Hatterene|32\/100|[from] item: Leftovers\n|upkeep\n|\n|t:|1699370942\n|switch|p1b: Oricorio|Oricorio-Sensu, M, shiny, tera:Fairy|53\/100\n|turn|9\n|\n|t:|1699370949\n|move|p2a: Heracross|Rock Blast|p1b: Oricorio\n|-damage|p1b: Oricorio|43\/100\n|-damage|p1b: Oricorio|32\/100\n|-damage|p1b: Oricorio|22\/100\n|-enditem|p1b: Oricorio|Aguav Berry|[eat]\n|-heal|p1b: Oricorio|55\/100|[from] item: Aguav Berry\n|-damage|p1b: Oricorio|44\/100\n|-damage|p1b: Oricorio|33\/100\n|-hitcount|p1b: Oricorio|5\n|move|p1b: Oricorio|Revelation Dance|p2a: Heracross\n|-supereffective|p2a: Heracross\n|-damage|p2a: Heracross|0 fnt\n|faint|p2a: Heracross\n|move|p1a: Wailord|Rest|p1a: Wailord\n|-status|p1a: Wailord|slp|[from] move: Rest\n|-heal|p1a: Wailord|100\/100 slp|[silent]\n|move|p2b: Hatterene|Dazzling Gleam|p1a: Wailord|[spread] p1a,p1b\n|-damage|p1a: Wailord|85\/100 slp\n|-damage|p1b: Oricorio|0 fnt\n|faint|p1b: Oricorio\n|\n|-heal|p1a: Wailord|91\/100 slp|[from] item: Leftovers\n|-heal|p2b: Hatterene|38\/100|[from] item: Leftovers\n|upkeep\n|\n|t:|1699370964\n|switch|p2a: Farigiraf|Farigiraf, F|100\/100\n|switch|p1b: Delphox|Delphox, F, shiny|100\/100\n|turn|10\n|\n|t:|1699370973\n|move|p2a: Farigiraf|Shadow Ball|p1b: Delphox\n|-supereffective|p1b: Delphox\n|-damage|p1b: Delphox|54\/100\n|-enditem|p1b: Delphox|Weakness Policy\n|-boost|p1b: Delphox|atk|2|[from] item: Weakness Policy\n|-boost|p1b: Delphox|spa|2|[from] item: Weakness Policy\n|cant|p1a: Wailord|slp\n|move|p1b: Delphox|Copycat|p1b: Delphox\n|move|p1b: Delphox|Shadow Ball|p2b: Hatterene|[from]move: Copycat\n|-supereffective|p2b: Hatterene\n|-damage|p2b: Hatterene|0 fnt\n|faint|p2b: Hatterene\n|\n|-heal|p1a: Wailord|97\/100 slp|[from] item: Leftovers\n|-fieldend|move: Trick Room\n|upkeep\n|\n|t:|1699370979\n|switch|p2b: Skeledirge|Skeledirge, F|100\/100\n|turn|11\n|\n|t:|1699370998\n|-terastallize|p2b: Skeledirge|Fairy\n|move|p1b: Delphox|Stored Power|p2b: Skeledirge\n|-damage|p2b: Skeledirge|55\/100\n|-item|p1b: Delphox|Leftovers|[from] ability: Magician|[of] p2b: Skeledirge\n|cant|p1a: Wailord|slp\n|move|p2b: Skeledirge|Shadow Ball|p1a: Wailord\n|-damage|p1a: Wailord|51\/100 slp\n|move|p2a: Farigiraf|Trick Room|p2a: Farigiraf\n|-fieldstart|move: Trick Room|[of] p2a: Farigiraf\n|\n|-heal|p1a: Wailord|57\/100 slp|[from] item: Leftovers\n|-heal|p1b: Delphox|61\/100|[from] item: Leftovers\n|upkeep\n|turn|12\n|\n|t:|1699371015\n|move|p2a: Farigiraf|Hyper Voice|p1a: Wailord|[spread] p1a,p1b\n|-damage|p1a: Wailord|44\/100 slp\n|-damage|p1b: Delphox|32\/100\n|move|p2b: Skeledirge|Shadow Ball|p1b: Delphox\n|-supereffective|p1b: Delphox\n|-damage|p1b: Delphox|0 fnt\n|faint|p1b: Delphox\n|-curestatus|p1a: Wailord|slp|[msg]\n|move|p1a: Wailord|Water Spout|p2b: Skeledirge|[spread] p2a,p2b\n|-damage|p2a: Farigiraf|60\/100\n|-damage|p2b: Skeledirge|31\/100\n|\n|-heal|p1a: Wailord|50\/100|[from] item: Leftovers\n|upkeep\n|\n|t:|1699371026\n|switch|p1b: Kommo-o|Kommo-o, F, shiny|100\/100\n|turn|13\n|\n|t:|1699371035\n|move|p2a: Farigiraf|Hyper Voice|p1b: Kommo-o|[spread] p1a\n|-immune|p1b: Kommo-o|[from] ability: Soundproof\n|-damage|p1a: Wailord|36\/100\n|move|p2b: Skeledirge|Slack Off|p2b: Skeledirge\n|-heal|p2b: Skeledirge|81\/100\n|-zpower|p1b: Kommo-o\n|move|p1b: Kommo-o|Clangorous Soulblaze|p2a: Farigiraf|[zeffect]|[spread] p2a\n|-immune|p2b: Skeledirge\n|-damage|p2a: Farigiraf|10\/100\n|-enditem|p2a: Farigiraf|Sitrus Berry|[eat]\n|-heal|p2a: Farigiraf|35\/100|[from] item: Sitrus Berry\n|-boost|p1b: Kommo-o|atk|1\n|-boost|p1b: Kommo-o|def|1\n|-boost|p1b: Kommo-o|spa|1\n|-boost|p1b: Kommo-o|spd|1\n|-boost|p1b: Kommo-o|spe|1\n|move|p1a: Wailord|Rest|p1a: Wailord\n|-status|p1a: Wailord|slp|[from] move: Rest\n|-heal|p1a: Wailord|100\/100 slp|[silent]\n|\n|upkeep\n|turn|14\n|\n|t:|1699371047\n|move|p2a: Farigiraf|Shadow Ball|p1b: Kommo-o\n|-damage|p1b: Kommo-o|84\/100\n|move|p2b: Skeledirge|Shadow Ball|p1b: Kommo-o\n|-damage|p1b: Kommo-o|33\/100\n|cant|p1a: Wailord|slp\n|move|p1b: Kommo-o|Poison Jab|p2b: Skeledirge\n|-supereffective|p2b: Skeledirge\n|-damage|p2b: Skeledirge|41\/100\n|\n|upkeep\n|turn|15\n|\n|t:|1699371060\n|move|p2a: Farigiraf|Shadow Ball|p1b: Kommo-o\n|-damage|p1b: Kommo-o|15\/100\n|move|p2b: Skeledirge|Shadow Ball|p1b: Kommo-o\n|-damage|p1b: Kommo-o|0 fnt\n|faint|p1b: Kommo-o\n|cant|p1a: Wailord|slp\n|\n|-fieldend|move: Trick Room\n|upkeep\n|turn|16\n|\n|t:|1699371065\n|move|p2a: Farigiraf|Helping Hand|p2b: Skeledirge\n|-singleturn|p2b: Skeledirge|Helping Hand|[of] p2a: Farigiraf\n|-curestatus|p1a: Wailord|slp|[msg]\n|move|p1a: Wailord|Water Spout|p2a: Farigiraf|[spread] p2a,p2b\n|-damage|p2a: Farigiraf|0 fnt\n|-damage|p2b: Skeledirge|0 fnt\n|faint|p2a: Farigiraf\n|faint|p2b: Skeledirge\n|\n|upkeep\n|\n|t:|1699371071\n|switch|p2b: Alcremie|Alcremie, F|100\/100\n|turn|17\n|\n|t:|1699371074\n|move|p1a: Wailord|Water Spout|p2b: Alcremie\n|-damage|p2b: Alcremie|0 fnt\n|faint|p2b: Alcremie\n|\n|win|Theadonia\n|raw|Theadonia's rating: 1189 &rarr; <strong>1221<\/strong><br \/>(+32 for winning)\n|raw|ZippleZapple's rating: 1295 &rarr; <strong>1263<\/strong><br \/>(-32 for losing)\n|c|\u2606Theadonia|Ggwp\n|c|\u2606ZippleZapple|gg\n|l|\u2606ZippleZapple\n","uploadtime":1699371087,"views":5,"p1id":"theadonia","p2id":"zipplezapple","formatid":"gen9nationaldexdoubles","rating":1221,"private":0,"password":""}