{"id":"gen9nationaldexdoubles-1950907956","p1":"Buzzwes2013","p2":"El Ryuk456","format":"[Gen 9] National Dex Doubles","log":"|j|\u2606Buzzwes2013\n|j|\u2606El Ryuk456\n|t:|1695518298\n|gametype|doubles\n|player|p1|Buzzwes2013|169|1106\n|player|p2|El Ryuk456|blaine|1282\n|teamsize|p1|6\n|teamsize|p2|6\n|gen|9\n|tier|[Gen 9] National Dex Doubles\n|rated|\n|rule|HP Percentage Mod: HP is shown in percentages\n|rule|Endless Battle Clause: Forcing endless battles is banned\n|rule|OHKO Clause: OHKO moves are banned\n|rule|Evasion Moves Clause: Evasion moves are banned\n|rule|Evasion Abilities Clause: Evasion abilities are banned\n|rule|Species Clause: Limit one of each Pok\u00e9mon\n|rule|Gravity Sleep Clause: The combination of sleep-inducing moves with imperfect accuracy and Gravity or Gigantamax Orbeetle are banned\n|clearpoke\n|poke|p1|Flutter Mane|\n|poke|p1|Amoonguss, M|\n|poke|p1|Azumarill, F|\n|poke|p1|Baxcalibur, F|\n|poke|p1|Regieleki|\n|poke|p1|Chi-Yu|\n|poke|p2|Krookodile, M|\n|poke|p2|Excadrill, M|\n|poke|p2|Mandibuzz, F|\n|poke|p2|Salamence, M|\n|poke|p2|Quaquaval, M|\n|poke|p2|Amoonguss, F|\n|teampreview\n|\n|t:|1695518313\n|start\n|switch|p1a: Flutter Mane|Flutter Mane|100\/100\n|switch|p1b: Chi-Yu|Chi-Yu|100\/100\n|switch|p2a: Atraco|Krookodile, M|100\/100\n|switch|p2b: Speckles|Excadrill, M|100\/100\n|-ability|p2b: Speckles|Mold Breaker\n|-ability|p1b: Chi-Yu|Beads of Ruin\n|-ability|p2a: Atraco|Intimidate|boost\n|-unboost|p1a: Flutter Mane|atk|1\n|-unboost|p1b: Chi-Yu|atk|1\n|turn|1\n|\n|t:|1695518332\n|-terastallize|p2a: Atraco|Fairy\n|move|p2b: Speckles|Protect|p2b: Speckles\n|-singleturn|p2b: Speckles|Protect\n|move|p1a: Flutter Mane|Moonblast|p2a: Atraco\n|-damage|p2a: Atraco|20\/100\n|-enditem|p2a: Atraco|Figy Berry|[eat]\n|-heal|p2a: Atraco|53\/100|[from] item: Figy Berry\n|move|p1b: Chi-Yu|Flamethrower|p2b: Speckles\n|-activate|p2b: Speckles|move: Protect\n|move|p2a: Atraco|Snarl|p1a: Flutter Mane|[spread] p1a\n|-miss|p2a: Atraco|p1b: Chi-Yu\n|-damage|p1a: Flutter Mane|88\/100\n|-unboost|p1a: Flutter Mane|spa|1\n|\n|upkeep\n|turn|2\n|\n|t:|1695518359\n|move|p1a: Flutter Mane|Moonblast|p2a: Atraco\n|-damage|p2a: Atraco|2\/100\n|move|p2b: Speckles|Rock Slide|p1b: Chi-Yu|[spread] p1a,p1b\n|-supereffective|p1b: Chi-Yu\n|-damage|p1a: Flutter Mane|51\/100\n|-damage|p1b: Chi-Yu|50\/100\n|move|p1b: Chi-Yu|Flamethrower|p2b: Speckles\n|-supereffective|p2b: Speckles\n|-damage|p2b: Speckles|0 fnt\n|faint|p2b: Speckles\n|move|p2a: Atraco|Snarl|p1a: Flutter Mane|[spread] p1a\n|-miss|p2a: Atraco|p1b: Chi-Yu\n|-damage|p1a: Flutter Mane|40\/100\n|-unboost|p1a: Flutter Mane|spa|1\n|\n|upkeep\n|\n|t:|1695518372\n|switch|p2b: Fabu|Quaquaval, M|100\/100\n|turn|3\n|inactive|Battle timer is ON: inactive players will automatically lose when time's up. (requested by El Ryuk456)\n|\n|t:|1695518402\n|move|p2b: Fabu|Protect|p2b: Fabu\n|-singleturn|p2b: Fabu|Protect\n|move|p1a: Flutter Mane|Moonblast|p2b: Fabu\n|-activate|p2b: Fabu|move: Protect\n|move|p1b: Chi-Yu|Flamethrower|p2a: Atraco\n|-damage|p2a: Atraco|0 fnt\n|faint|p2a: Atraco\n|\n|upkeep\n|\n|t:|1695518410\n|switch|p2a: Hortencia|Amoonguss, F|100\/100\n|turn|4\n|\n|t:|1695518418\n|move|p2a: Hortencia|Rage Powder|p2a: Hortencia\n|-singleturn|p2a: Hortencia|move: Rage Powder\n|move|p1a: Flutter Mane|Moonblast|p2a: Hortencia\n|-resisted|p2a: Hortencia\n|-damage|p2a: Hortencia|79\/100\n|move|p1b: Chi-Yu|Flamethrower|p2a: Hortencia\n|-supereffective|p2a: Hortencia\n|-damage|p2a: Hortencia|0 fnt\n|faint|p2a: Hortencia\n|move|p2b: Fabu|Aqua Step|p1b: Chi-Yu\n|-supereffective|p1b: Chi-Yu\n|-damage|p1b: Chi-Yu|0 fnt\n|-boost|p2b: Fabu|spe|1\n|-damage|p2b: Fabu|84\/100|[from] item: Rocky Helmet|[of] p1b: Chi-Yu\n|faint|p1b: Chi-Yu\n|-ability|p2b: Fabu|Moxie|boost\n|-boost|p2b: Fabu|atk|1\n|\n|upkeep\n|\n|t:|1695518444\n|switch|p1b: Baxcalibur|Baxcalibur, F|100\/100\n|switch|p2a: Blue Flame|Salamence, M|100\/100\n|-ability|p2a: Blue Flame|Intimidate|boost\n|-unboost|p1a: Flutter Mane|atk|1\n|-unboost|p1b: Baxcalibur|atk|1\n|turn|5\n|\n|t:|1695518454\n|detailschange|p2a: Blue Flame|Salamence-Mega, M\n|-mega|p2a: Blue Flame|Salamence|Salamencite\n|move|p2b: Fabu|Protect|p2b: Fabu\n|-singleturn|p2b: Fabu|Protect\n|move|p1a: Flutter Mane|Moonblast|p2b: Fabu\n|-activate|p2b: Fabu|move: Protect\n|move|p2a: Blue Flame|Double-Edge|p1a: Flutter Mane\n|-damage|p1a: Flutter Mane|0 fnt\n|faint|p1a: Flutter Mane\n|-end|p1a: Flutter Mane|Protosynthesis|[silent]\n|-damage|p2a: Blue Flame|90\/100|[from] Recoil\n|move|p1b: Baxcalibur|Icicle Spear|p2a: Blue Flame\n|-supereffective|p2a: Blue Flame\n|-damage|p2a: Blue Flame|62\/100\n|-supereffective|p2a: Blue Flame\n|-damage|p2a: Blue Flame|33\/100\n|-supereffective|p2a: Blue Flame\n|-damage|p2a: Blue Flame|4\/100\n|-hitcount|p2a: Blue Flame|3\n|\n|upkeep\n|\n|t:|1695518475\n|switch|p1a: Azumarill|Azumarill, F|100\/100\n|turn|6\n|\n|t:|1695518483\n|move|p2b: Fabu|Brick Break|p1b: Baxcalibur\n|-supereffective|p1b: Baxcalibur\n|-damage|p1b: Baxcalibur|0 fnt\n|faint|p1b: Baxcalibur\n|-ability|p2b: Fabu|Moxie|boost\n|-boost|p2b: Fabu|atk|1\n|move|p2a: Blue Flame|Double-Edge|p1a: Azumarill\n|-damage|p1a: Azumarill|10\/100\n|-damage|p2a: Blue Flame|0 fnt|[from] Recoil\n|faint|p2a: Blue Flame\n|move|p1a: Azumarill|Play Rough|p2b: Fabu|[miss]\n|-miss|p1a: Azumarill|p2b: Fabu\n|\n|-heal|p1a: Azumarill|16\/100|[from] item: Leftovers\n|upkeep\n|\n|t:|1695518501\n|switch|p2a: Dai|Mandibuzz, F|100\/100\n|switch|p1b: Regieleki|Regieleki|100\/100\n|turn|7\n|\n|t:|1695518518\n|move|p2b: Fabu|Protect|p2b: Fabu\n|-singleturn|p2b: Fabu|Protect\n|move|p1b: Regieleki|Thunder Cage|p2b: Fabu\n|-activate|p2b: Fabu|move: Protect\n|move|p2a: Dai|Tailwind|p2a: Dai\n|-sidestart|p2: El Ryuk456|move: Tailwind\n|move|p1a: Azumarill|Play Rough|p2a: Dai\n|-supereffective|p2a: Dai\n|-damage|p2a: Dai|62\/100\n|\n|-heal|p2a: Dai|68\/100|[from] item: Leftovers\n|-heal|p1a: Azumarill|22\/100|[from] item: Leftovers\n|upkeep\n|turn|8\n|inactive|El Ryuk456 has 120 seconds left.\n|\n|t:|1695518548\n|move|p2b: Fabu|Brick Break|p1b: Regieleki\n|-damage|p1b: Regieleki|0 fnt\n|faint|p1b: Regieleki\n|-ability|p2b: Fabu|Moxie|boost\n|-boost|p2b: Fabu|atk|1\n|move|p2a: Dai|Foul Play|p1a: Azumarill\n|-resisted|p1a: Azumarill\n|-damage|p1a: Azumarill|5\/100\n|move|p1a: Azumarill|Play Rough|p2b: Fabu\n|-supereffective|p2b: Fabu\n|-damage|p2b: Fabu|19\/100\n|\n|-heal|p2a: Dai|75\/100|[from] item: Leftovers\n|-heal|p1a: Azumarill|11\/100|[from] item: Leftovers\n|upkeep\n|inactive|Buzzwes2013 has 120 seconds left.\n|-message|Buzzwes2013 forfeited.\n|\n|win|El Ryuk456\n|raw|Buzzwes2013's rating: 1106 &rarr; <strong>1093<\/strong><br \/>(-13 for losing)\n|raw|El Ryuk456's rating: 1282 &rarr; <strong>1295<\/strong><br \/>(+13 for winning)\n|l|\u2606Buzzwes2013\n","uploadtime":1695518568,"views":13,"p1id":"buzzwes2013","p2id":"elryuk456","formatid":"gen9nationaldexdoubles","rating":1093,"private":0,"password":""}