{"id":"gen9nationaldexdoubles-1972201246","p1":"Paladeeen","p2":"AdvancedDigit","format":"[Gen 9] National Dex Doubles","log":"|j|\u2606Paladeeen\n|j|\u2606AdvancedDigit\n|t:|1697821015\n|gametype|doubles\n|player|p1|Paladeeen|101|1208\n|player|p2|AdvancedDigit|hilbert|1257\n|teamsize|p1|6\n|teamsize|p2|6\n|gen|9\n|tier|[Gen 9] National Dex Doubles\n|rated|\n|rule|HP Percentage Mod: HP is shown in percentages\n|rule|Endless Battle Clause: Forcing endless battles is banned\n|rule|OHKO Clause: OHKO moves are banned\n|rule|Evasion Moves Clause: Evasion moves are banned\n|rule|Evasion Abilities Clause: Evasion abilities are banned\n|rule|Species Clause: Limit one of each Pok\u00e9mon\n|rule|Gravity Sleep Clause: The combination of sleep-inducing moves with imperfect accuracy and Gravity or Gigantamax Orbeetle are banned\n|clearpoke\n|poke|p1|Leafeon, F|\n|poke|p1|Ninetales, M|\n|poke|p1|Torkoal, M|\n|poke|p1|Gastrodon, F|\n|poke|p1|Goodra-Hisui, F|\n|poke|p1|Roaring Moon|\n|poke|p2|Lilligant-Hisui, F|\n|poke|p2|Tornadus, M|\n|poke|p2|Malamar, M|\n|poke|p2|Gothitelle, F|\n|poke|p2|Charizard, M|\n|poke|p2|Garchomp, M|\n|teampreview\n|\n|t:|1697821039\n|start\n|switch|p1a: Torkoal|Torkoal, M|100\/100\n|switch|p1b: Roaring Moon|Roaring Moon|100\/100\n|switch|p2a: Lilligant|Lilligant-Hisui, F|100\/100\n|switch|p2b: Charizard|Charizard, M|100\/100\n|-weather|SunnyDay|[from] ability: Drought|[of] p1a: Torkoal\n|-activate|p1b: Roaring Moon|ability: Protosynthesis\n|-start|p1b: Roaring Moon|protosynthesisspe\n|turn|1\n|inactive|Battle timer is ON: inactive players will automatically lose when time's up. (requested by AdvancedDigit)\n|\n|t:|1697821066\n|detailschange|p2b: Charizard|Charizard-Mega-Y, M\n|-mega|p2b: Charizard|Charizard|Charizardite Y\n|move|p1b: Roaring Moon|U-turn|p2a: Lilligant\n|-damage|p2a: Lilligant|63\/100\n|\n|t:|1697821079\n|-end|p1b: Roaring Moon|Protosynthesis|[silent]\n|switch|p1b: Ninetales|Ninetales, M|100\/100|[from] U-turn\n|move|p2a: Lilligant|Entrainment|p2b: Charizard\n|-endability|p2b: Charizard|Drought|[from] move: Entrainment\n|-ability|p2b: Charizard|Chlorophyll|[from] move: Entrainment\n|move|p2b: Charizard|Dragon Pulse|p1a: Torkoal\n|-damage|p1a: Torkoal|69\/100\n|move|p1a: Torkoal|Body Slam|p2b: Charizard\n|-damage|p2b: Charizard|77\/100\n|\n|-weather|SunnyDay|[upkeep]\n|-heal|p1a: Torkoal|75\/100|[from] item: Leftovers\n|upkeep\n|turn|2\n|l|\u2606AdvancedDigit\n|inactive|AdvancedDigit disconnected and has a minute to reconnect!\n|player|p2|\n|j|\u2606AdvancedDigit\n|inactive|AdvancedDigit reconnected and has 130 seconds left.\n|player|p2|AdvancedDigit|hilbert\n|inactive|AdvancedDigit has 120 seconds left.\n|\n|t:|1697821124\n|move|p2a: Lilligant|Close Combat|p1b: Ninetales\n|-damage|p1b: Ninetales|12\/100\n|-unboost|p2a: Lilligant|def|1\n|-unboost|p2a: Lilligant|spd|1\n|move|p2b: Charizard|Dragon Pulse|p1a: Torkoal\n|-damage|p1a: Torkoal|41\/100\n|move|p1b: Ninetales|Confuse Ray|p2b: Charizard\n|-start|p2b: Charizard|confusion\n|move|p1a: Torkoal|Body Slam|p2b: Charizard\n|-damage|p2b: Charizard|54\/100\n|-status|p2b: Charizard|par\n|\n|-weather|SunnyDay|[upkeep]\n|-heal|p1a: Torkoal|47\/100|[from] item: Leftovers\n|upkeep\n|turn|3\n|\n|t:|1697821153\n|switch|p1b: Roaring Moon|Roaring Moon|100\/100\n|-activate|p1b: Roaring Moon|ability: Protosynthesis\n|-start|p1b: Roaring Moon|protosynthesisspe\n|move|p2a: Lilligant|Close Combat|p1b: Roaring Moon\n|-supereffective|p1b: Roaring Moon\n|-damage|p1b: Roaring Moon|0 fnt\n|-unboost|p2a: Lilligant|def|1\n|-unboost|p2a: Lilligant|spd|1\n|faint|p1b: Roaring Moon\n|-end|p1b: Roaring Moon|Protosynthesis|[silent]\n|-activate|p2b: Charizard|confusion\n|move|p2b: Charizard|Dragon Pulse|p1a: Torkoal\n|-damage|p1a: Torkoal|14\/100\n|move|p1a: Torkoal|Body Press|p2a: Lilligant\n|-damage|p2a: Lilligant|0 fnt\n|faint|p2a: Lilligant\n|\n|-weather|SunnyDay|[upkeep]\n|-heal|p1a: Torkoal|20\/100|[from] item: Leftovers\n|upkeep\n|\n|t:|1697821176\n|switch|p1b: Ninetales|Ninetales, M|12\/100\n|switch|p2a: Gothitelle|Gothitelle, F|100\/100\n|turn|4\n|\n|t:|1697821189\n|move|p2a: Gothitelle|Fake Out|p1b: Ninetales\n|-damage|p1b: Ninetales|3\/100\n|cant|p1b: Ninetales|flinch\n|-end|p2b: Charizard|confusion\n|move|p2b: Charizard|Dragon Pulse|p1a: Torkoal\n|-damage|p1a: Torkoal|0 fnt\n|faint|p1a: Torkoal\n|\n|-weather|SunnyDay|[upkeep]\n|upkeep\n|\n|t:|1697821195\n|switch|p1a: Goodra|Goodra-Hisui, F|100\/100\n|turn|5\n|\n|t:|1697821227\n|move|p1b: Ninetales|Confuse Ray|p2a: Gothitelle\n|-start|p2a: Gothitelle|confusion\n|move|p2b: Charizard|Dragon Pulse|p1a: Goodra\n|-damage|p1a: Goodra|83\/100\n|-activate|p2a: Gothitelle|confusion\n|-damage|p2a: Gothitelle|94\/100|[from] confusion\n|move|p1a: Goodra|Flamethrower|p2a: Gothitelle\n|-crit|p2a: Gothitelle\n|-damage|p2a: Gothitelle|50\/100\n|\n|-weather|none\n|-heal|p2a: Gothitelle|56\/100|[from] item: Leftovers\n|upkeep\n|turn|6\n|inactive|AdvancedDigit has 120 seconds left.\n|\n|t:|1697821271\n|move|p1b: Ninetales|Confuse Ray|p2b: Charizard\n|-start|p2b: Charizard|confusion\n|-activate|p2b: Charizard|confusion\n|move|p2b: Charizard|Dragon Pulse|p1a: Goodra\n|-damage|p1a: Goodra|68\/100\n|-activate|p2a: Gothitelle|confusion\n|move|p2a: Gothitelle|Shadow Ball|p1b: Ninetales\n|-crit|p1b: Ninetales\n|-damage|p1b: Ninetales|0 fnt\n|faint|p1b: Ninetales\n|move|p1a: Goodra|Dragon Pulse|p2a: Gothitelle\n|-damage|p2a: Gothitelle|27\/100\n|\n|-heal|p2a: Gothitelle|33\/100|[from] item: Leftovers\n|upkeep\n|\n|t:|1697821290\n|switch|p1b: Leafeon|Leafeon, F|100\/100\n|turn|7\n|\n|t:|1697821311\n|move|p1b: Leafeon|X-Scissor|p2a: Gothitelle\n|-supereffective|p2a: Gothitelle\n|-damage|p2a: Gothitelle|0 fnt\n|faint|p2a: Gothitelle\n|-end|p2b: Charizard|confusion\n|move|p2b: Charizard|Heat Wave|p1a: Goodra|[spread] p1a,p1b\n|-supereffective|p1b: Leafeon\n|-damage|p1a: Goodra|47\/100\n|-damage|p1b: Leafeon|0 fnt\n|faint|p1b: Leafeon\n|move|p1a: Goodra|Flamethrower|p2b: Charizard\n|-resisted|p2b: Charizard\n|-damage|p2b: Charizard|39\/100 par\n|\n|upkeep\n|-message|Paladeeen forfeited.\n|\n|win|AdvancedDigit\n|raw|Paladeeen's rating: 1208 &rarr; <strong>1187<\/strong><br \/>(-21 for losing)\n|raw|AdvancedDigit's rating: 1257 &rarr; <strong>1278<\/strong><br \/>(+21 for winning)\n|l|\u2606Paladeeen\n","uploadtime":1697821322,"views":8,"p1id":"paladeeen","p2id":"advanceddigit","formatid":"gen9nationaldexdoubles","rating":1187,"private":0,"password":""}