{"id":"gen9nationaldexdoubles-1992374278","p1":"ToastSlayer","p2":"Okto481","format":"[Gen 9] National Dex Doubles","log":"|j|\u2606ToastSlayer\n|j|\u2606Okto481\n|t:|1700180191\n|gametype|doubles\n|player|p1|ToastSlayer|plasmagruntf|\n|player|p2|Okto481|170|\n|teamsize|p1|6\n|teamsize|p2|6\n|gen|9\n|tier|[Gen 9] National Dex Doubles\n|rule|HP Percentage Mod: HP is shown in percentages\n|rule|Endless Battle Clause: Forcing endless battles is banned\n|rule|OHKO Clause: OHKO moves are banned\n|rule|Evasion Moves Clause: Evasion moves are banned\n|rule|Evasion Abilities Clause: Evasion abilities are banned\n|rule|Species Clause: Limit one of each Pok\u00e9mon\n|rule|Gravity Sleep Clause: The combination of sleep-inducing moves with imperfect accuracy and Gravity or Gigantamax Orbeetle are banned\n|clearpoke\n|poke|p1|Pelipper, F|\n|poke|p1|Omastar, M|\n|poke|p1|Swampert, F|\n|poke|p1|Ludicolo, M|\n|poke|p1|Greninja-*, M|\n|poke|p1|Urshifu-*, F|\n|poke|p2|Tapu Lele|\n|poke|p2|Gardevoir, M|\n|poke|p2|Gallade, M|\n|poke|p2|Indeedee-F, F|\n|poke|p2|Dottler, F|\n|poke|p2|Armarouge, M|\n|teampreview\n|inactive|Battle timer is ON: inactive players will automatically lose when time's up. (requested by ToastSlayer)\n|\n|t:|1700180208\n|start\n|switch|p1a: Pelipper|Pelipper, F|100\/100\n|switch|p1b: Urshifu|Urshifu-Rapid-Strike, F|100\/100\n|switch|p2a: Tapu Lele|Tapu Lele|100\/100\n|switch|p2b: Dottler|Dottler, F|100\/100\n|-fieldstart|move: Psychic Terrain|[from] ability: Psychic Surge|[of] p2a: Tapu Lele\n|-weather|RainDance|[from] ability: Drizzle|[of] p1a: Pelipper\n|turn|1\n|\n|t:|1700180230\n|move|p1b: Urshifu|Surging Strikes|p2a: Tapu Lele\n|-crit|p2a: Tapu Lele\n|-damage|p2a: Tapu Lele|52\/100\n|-crit|p2a: Tapu Lele\n|-damage|p2a: Tapu Lele|8\/100\n|-crit|p2a: Tapu Lele\n|-damage|p2a: Tapu Lele|0 fnt\n|faint|p2a: Tapu Lele\n|-hitcount|p2: Tapu Lele|3\n|move|p1a: Pelipper|Hurricane|p2b: Dottler\n|-supereffective|p2b: Dottler\n|-damage|p2b: Dottler|44\/100\n|move|p2b: Dottler|Sticky Web|p1a: Pelipper\n|-sidestart|p1: ToastSlayer|move: Sticky Web\n|\n|-weather|RainDance|[upkeep]\n|upkeep\n|\n|t:|1700180240\n|switch|p2a: Gallade|Gallade, M|100\/100\n|turn|2\n|\n|t:|1700180254\n|switch|p2b: Gardevoir|Gardevoir, M|100\/100\n|-ability|p2b: Gardevoir|Drizzle|[from] ability: Trace|[of] p1a: Pelipper\n|move|p1b: Urshifu|Surging Strikes|p2a: Gallade\n|-crit|p2a: Gallade\n|-damage|p2a: Gallade|46\/100\n|-crit|p2a: Gallade\n|-damage|p2a: Gallade|0 fnt\n|faint|p2a: Gallade\n|-hitcount|p2: Gallade|2\n|move|p1a: Pelipper|Hurricane|p2b: Gardevoir\n|-damage|p2b: Gardevoir|44\/100\n|\n|-weather|RainDance|[upkeep]\n|upkeep\n|\n|t:|1700180257\n|switch|p2a: Armarouge|Armarouge, M|100\/100\n|turn|3\n|\n|t:|1700180277\n|switch|p1b: Greninja|Greninja, M|100\/100\n|-activate|p1b: Greninja|move: Sticky Web\n|-unboost|p1b: Greninja|spe|1\n|detailschange|p2b: Gardevoir|Gardevoir-Mega, M\n|-mega|p2b: Gardevoir|Gardevoir|Gardevoirite\n|move|p2b: Gardevoir|Shadow Sneak|p2a: Armarouge\n|-supereffective|p2a: Armarouge\n|-damage|p2a: Armarouge|86\/100\n|-ability|p2a: Armarouge|Weak Armor|boost\n|-unboost|p2a: Armarouge|def|1\n|-boost|p2a: Armarouge|spe|2\n|-enditem|p2a: Armarouge|Weakness Policy\n|-boost|p2a: Armarouge|atk|2|[from] item: Weakness Policy\n|-boost|p2a: Armarouge|spa|2|[from] item: Weakness Policy\n|move|p2a: Armarouge|Expanding Force|p1a: Pelipper|[spread] p1a\n|-immune|p1b: Greninja\n|-damage|p1a: Pelipper|0 fnt\n|faint|p1a: Pelipper\n|\n|-weather|RainDance|[upkeep]\n|upkeep\n|inactive|ToastSlayer has 270 seconds left.\n|\n|t:|1700180314\n|switch|p1a: Omastar|Omastar, M|100\/100\n|-activate|p1a: Omastar|move: Sticky Web\n|-unboost|p1a: Omastar|spe|1\n|-enditem|p1a: Omastar|White Herb\n|-clearnegativeboost|p1a: Omastar|[silent]\n|turn|4\n|inactive|ToastSlayer has 270 seconds left.\n|\n|t:|1700180330\n|move|p2a: Armarouge|Protect|p2a: Armarouge\n|-singleturn|p2a: Armarouge|Protect\n|move|p1a: Omastar|Surf|p2b: Gardevoir|[spread] p1b,p2b\n|-activate|p2a: Armarouge|move: Protect\n|-resisted|p1b: Greninja\n|-damage|p1b: Greninja|60\/100\n|-damage|p2b: Gardevoir|0 fnt\n|faint|p2b: Gardevoir\n|move|p1b: Greninja|Surf|p2a: Armarouge|[spread] p1a\n|-activate|p2a: Armarouge|move: Protect\n|-crit|p1a: Omastar\n|-damage|p1a: Omastar|0 fnt\n|faint|p1a: Omastar\n|-ability|p1b: Greninja|Battle Bond|boost\n|-boost|p1b: Greninja|atk|1\n|-boost|p1b: Greninja|spa|1\n|-boost|p1b: Greninja|spe|1\n|-activate|p1b: Greninja|ability: Battle Bond\n|\n|-weather|RainDance|[upkeep]\n|upkeep\n|inactive|ToastSlayer has 270 seconds left.\n|\n|t:|1700180357\n|switch|p2b: Dottler|Dottler, F|44\/100\n|switch|p1a: Ludicolo|Ludicolo, M|100\/100\n|-activate|p1a: Ludicolo|move: Sticky Web\n|-unboost|p1a: Ludicolo|spe|1\n|turn|5\n|inactive|Okto481 has 270 seconds left.\n|inactive|ToastSlayer has 270 seconds left.\n|inactive|Okto481 has 240 seconds left.\n|inactive|Okto481 has 210 seconds left.\n|inactive|Okto481 has 180 seconds left.\n|inactive|Okto481 has 150 seconds left.\n|\n|t:|1700180528\n|move|p2a: Armarouge|Armor Cannon|p1b: Greninja\n|-resisted|p1b: Greninja\n|-damage|p1b: Greninja|13\/100\n|-unboost|p2a: Armarouge|def|1\n|-unboost|p2a: Armarouge|spd|1\n|move|p1b: Greninja|Surf|p2a: Armarouge|[spread] p1a,p2a,p2b\n|-resisted|p1a: Ludicolo\n|-supereffective|p2a: Armarouge\n|-damage|p1a: Ludicolo|83\/100\n|-damage|p2a: Armarouge|0 fnt\n|-damage|p2b: Dottler|0 fnt\n|faint|p2a: Armarouge\n|faint|p2b: Dottler\n|move|p1a: Ludicolo|Hydro Pump|p2: Armarouge|[notarget]\n|-fail|p1a: Ludicolo\n|\n|-weather|RainDance|[upkeep]\n|-heal|p1a: Ludicolo|89\/100|[from] ability: Rain Dish\n|-fieldend|move: Psychic Terrain\n|upkeep\n|\n|t:|1700180535\n|switch|p2b: Indeedee|Indeedee-F, F|100\/100\n|-fieldstart|move: Psychic Terrain|[from] ability: Psychic Surge|[of] p2b: Indeedee\n|turn|6\n|inactive|Okto481 has 150 seconds left.\n|c|\u2606Okto481|oh my god it unclicked tera\n|inactive|ToastSlayer has 270 seconds left.\n|c|\u2606ToastSlayer|What tera?\n|-message|Okto481 forfeited.\n|\n|win|ToastSlayer\n|c|\u2606Okto481|tera fire on arma\n|c|\u2606Okto481|87.5% to kill assuming 0\/0 def invest\n|c|\u2606ToastSlayer|Still would have killed with Ludicolo and cleaned, though.\n|c|\u2606ToastSlayer|Any reason why not?\n","uploadtime":1700180605,"views":12,"p1id":"toastslayer","p2id":"okto481","formatid":"gen9nationaldexdoubles","rating":0,"private":0,"password":""}