{"id":"gen9nationaldexdoubles-1980213219","p1":"Numa no Kage","p2":"Silent Cosmos","format":"[Gen 9] National Dex Doubles","log":"|j|\u2606Numa no Kage\n|j|\u2606Silent Cosmos\n|t:|1698766776\n|gametype|doubles\n|player|p1|Numa no Kage|acetrainer|1342\n|player|p2|Silent Cosmos|piers|1450\n|teamsize|p1|6\n|teamsize|p2|6\n|gen|9\n|tier|[Gen 9] National Dex Doubles\n|rated|\n|rule|HP Percentage Mod: HP is shown in percentages\n|rule|Endless Battle Clause: Forcing endless battles is banned\n|rule|OHKO Clause: OHKO moves are banned\n|rule|Evasion Moves Clause: Evasion moves are banned\n|rule|Evasion Abilities Clause: Evasion abilities are banned\n|rule|Species Clause: Limit one of each Pok\u00e9mon\n|rule|Gravity Sleep Clause: The combination of sleep-inducing moves with imperfect accuracy and Gravity or Gigantamax Orbeetle are banned\n|clearpoke\n|poke|p1|Chansey, F|\n|poke|p1|Okidogi, M|\n|poke|p1|Grimmsnarl, M|\n|poke|p1|Landorus-Therian, M|\n|poke|p1|Walking Wake|\n|poke|p1|Flutter Mane|\n|poke|p2|Tyrantrum, F|\n|poke|p2|Stakataka|\n|poke|p2|Volcanion|\n|poke|p2|Salamence, F|\n|poke|p2|Marshadow|\n|poke|p2|Rillaboom, M|\n|teampreview\n|inactive|Battle timer is ON: inactive players will automatically lose when time's up. (requested by Silent Cosmos)\n|inactive|Numa no Kage also wants the timer to be on.\n|\n|t:|1698766794\n|start\n|switch|p1a: S.U.S.|Chansey, F|100\/100\n|switch|p1b: Elfo|Grimmsnarl, M, shiny|100\/100\n|switch|p2a: Stakataka|Stakataka|100\/100\n|switch|p2b: Tyrantrum|Tyrantrum, F, shiny|100\/100\n|turn|1\n|\n|t:|1698766809\n|move|p1b: Elfo|Reflect|p1b: Elfo\n|-sidestart|p1: Numa no Kage|Reflect\n|move|p2b: Tyrantrum|Head Smash|p1a: S.U.S.\n|-damage|p1a: S.U.S.|48\/100\n|move|p1a: S.U.S.|Stealth Rock|p2a: Stakataka\n|-sidestart|p2: Silent Cosmos|move: Stealth Rock\n|move|p2a: Stakataka|Trick Room|p2a: Stakataka\n|-fieldstart|move: Trick Room|[of] p2a: Stakataka\n|\n|upkeep\n|turn|2\n|\n|t:|1698766828\n|move|p1b: Elfo|Parting Shot|p2b: Tyrantrum\n|-unboost|p2b: Tyrantrum|atk|1\n|-unboost|p2b: Tyrantrum|spa|1\n|\n|t:|1698766832\n|switch|p1b: Caramelo|Landorus-Therian, M|100\/100|[from] Parting Shot\n|-ability|p1b: Caramelo|Intimidate|boost\n|-unboost|p2a: Stakataka|atk|1\n|-unboost|p2b: Tyrantrum|atk|1\n|move|p2a: Stakataka|Gyro Ball|p1b: Caramelo\n|-damage|p1b: Caramelo|40\/100\n|-damage|p2a: Stakataka|91\/100|[from] item: Life Orb\n|move|p1a: S.U.S.|Soft-Boiled|p1a: S.U.S.\n|-heal|p1a: S.U.S.|98\/100\n|move|p2b: Tyrantrum|Head Smash|p1b: Caramelo\n|-damage|p1b: Caramelo|0 fnt\n|faint|p1b: Caramelo\n|\n|upkeep\n|\n|t:|1698766854\n|switch|p1b: Pitbull Raivoso|Okidogi, M|100\/100\n|turn|3\n|\n|t:|1698766871\n|switch|p2b: Volcanion|Volcanion|100\/100\n|-damage|p2b: Volcanion|76\/100|[from] Stealth Rock\n|-terastallize|p2a: Stakataka|Ghost\n|move|p2a: Stakataka|Gyro Ball|p1a: S.U.S.\n|-damage|p1a: S.U.S.|82\/100\n|-damage|p2a: Stakataka|81\/100|[from] item: Life Orb\n|move|p1a: S.U.S.|Seismic Toss|p2b: Volcanion\n|-damage|p2b: Volcanion|48\/100\n|move|p1b: Pitbull Raivoso|Drain Punch|p2a: Stakataka\n|-immune|p2a: Stakataka\n|\n|upkeep\n|turn|4\n|\n|t:|1698766898\n|move|p2a: Stakataka|Gyro Ball|p1b: Pitbull Raivoso\n|-damage|p1b: Pitbull Raivoso|70\/100\n|-damage|p2a: Stakataka|71\/100|[from] item: Life Orb\n|move|p1a: S.U.S.|Seismic Toss|p2b: Volcanion\n|-damage|p2b: Volcanion|21\/100\n|move|p1b: Pitbull Raivoso|Poison Fang|p2a: Stakataka\n|-resisted|p2a: Stakataka\n|-damage|p2a: Stakataka|63\/100\n|move|p2b: Volcanion|Steam Eruption|p1b: Pitbull Raivoso\n|-damage|p1b: Pitbull Raivoso|35\/100\n|\n|upkeep\n|turn|5\n|inactive|Numa no Kage has 120 seconds left.\n|\n|t:|1698766929\n|move|p2a: Stakataka|Gyro Ball|p1a: S.U.S.\n|-damage|p1a: S.U.S.|65\/100\n|-damage|p2a: Stakataka|53\/100|[from] item: Life Orb\n|move|p1a: S.U.S.|Seismic Toss|p2b: Volcanion\n|-damage|p2b: Volcanion|0 fnt\n|faint|p2b: Volcanion\n|move|p1b: Pitbull Raivoso|Poison Fang|p2a: Stakataka\n|-resisted|p2a: Stakataka\n|-damage|p2a: Stakataka|43\/100\n|\n|-fieldend|move: Trick Room\n|upkeep\n|\n|t:|1698766953\n|switch|p2b: Salamence|Salamence, F|100\/100\n|-damage|p2b: Salamence|76\/100|[from] Stealth Rock\n|-ability|p2b: Salamence|Intimidate|boost\n|-unboost|p1a: S.U.S.|atk|1\n|-unboost|p1b: Pitbull Raivoso|atk|1\n|turn|6\n|\n|t:|1698766973\n|detailschange|p2b: Salamence|Salamence-Mega, F\n|-mega|p2b: Salamence|Salamence|Salamencite\n|move|p2b: Salamence|Hyper Voice|p1b: Pitbull Raivoso|[spread] p1a,p1b\n|-supereffective|p1b: Pitbull Raivoso\n|-damage|p1a: S.U.S.|53\/100\n|-damage|p1b: Pitbull Raivoso|0 fnt\n|faint|p1b: Pitbull Raivoso\n|move|p1a: S.U.S.|Thunder Wave|p2b: Salamence\n|-status|p2b: Salamence|par\n|move|p2a: Stakataka|Trick Room|p2a: Stakataka\n|-fieldstart|move: Trick Room|[of] p2a: Stakataka\n|\n|upkeep\n|\n|t:|1698766987\n|switch|p1b: Elfo|Grimmsnarl, M, shiny|100\/100\n|turn|7\n|\n|t:|1698767015\n|move|p1b: Elfo|Light Screen|p1b: Elfo\n|-sidestart|p1: Numa no Kage|move: Light Screen\n|move|p2a: Stakataka|Gyro Ball|p1b: Elfo\n|-supereffective|p1b: Elfo\n|-damage|p1b: Elfo|5\/100\n|-damage|p2a: Stakataka|34\/100|[from] item: Life Orb\n|move|p1a: S.U.S.|Soft-Boiled|p1a: S.U.S.\n|-heal|p1a: S.U.S.|100\/100\n|move|p2b: Salamence|Double-Edge|p1a: S.U.S.\n|-damage|p1a: S.U.S.|69\/100\n|-damage|p2b: Salamence|54\/100 par|[from] Recoil\n|\n|upkeep\n|turn|8\n|inactive|Numa no Kage has 120 seconds left.\n|\n|t:|1698767045\n|move|p1b: Elfo|Taunt|p2a: Stakataka\n|-start|p2a: Stakataka|move: Taunt\n|move|p2a: Stakataka|Gyro Ball|p1a: S.U.S.\n|-damage|p1a: S.U.S.|52\/100\n|-damage|p2a: Stakataka|24\/100|[from] item: Life Orb\n|move|p1a: S.U.S.|Seismic Toss|p2b: Salamence\n|-damage|p2b: Salamence|24\/100 par\n|move|p2b: Salamence|Hyper Voice|p1a: S.U.S.|[spread] p1a,p1b\n|-damage|p1a: S.U.S.|45\/100\n|-damage|p1b: Elfo|0 fnt\n|faint|p1b: Elfo\n|\n|-sideend|p1: Numa no Kage|Reflect\n|upkeep\n|inactive|Numa no Kage has 120 seconds left.\n|\n|t:|1698767072\n|switch|p1b: Galinha|Walking Wake|100\/100\n|turn|9\n|inactive|Numa no Kage has 120 seconds left.\n|\n|t:|1698767092\n|-terastallize|p1b: Galinha|Steel\n|move|p2a: Stakataka|Gyro Ball|p1b: Galinha\n|-resisted|p1b: Galinha\n|-damage|p1b: Galinha|62\/100\n|-damage|p2a: Stakataka|14\/100|[from] item: Life Orb\n|move|p1a: S.U.S.|Seismic Toss|p2b: Salamence\n|-damage|p2b: Salamence|0 fnt\n|faint|p2b: Salamence\n|move|p1b: Galinha|Hydro Steam|p2a: Stakataka\n|-damage|p2a: Stakataka|0 fnt\n|faint|p2a: Stakataka\n|\n|upkeep\n|\n|t:|1698767107\n|switch|p2a: Tyrantrum|Tyrantrum, F, shiny|100\/100\n|switch|p2b: Marshadow|Marshadow|100\/100\n|-damage|p2a: Tyrantrum|88\/100|[from] Stealth Rock\n|-damage|p2b: Marshadow|94\/100|[from] Stealth Rock\n|turn|10\n|\n|t:|1698767121\n|move|p1a: S.U.S.|Thunder Wave|p1b: Galinha|[miss]\n|-miss|p1a: S.U.S.|p1b: Galinha\n|move|p2a: Tyrantrum|Close Combat|p1b: Galinha\n|-supereffective|p1b: Galinha\n|-damage|p1b: Galinha|0 fnt\n|-unboost|p2a: Tyrantrum|def|1\n|-unboost|p2a: Tyrantrum|spd|1\n|faint|p1b: Galinha\n|-end|p1b: Galinha|Protosynthesis|[silent]\n|move|p2b: Marshadow|Close Combat|p1a: S.U.S.\n|-supereffective|p1a: S.U.S.\n|-damage|p1a: S.U.S.|0 fnt\n|-unboost|p2b: Marshadow|def|1\n|-unboost|p2b: Marshadow|spd|1\n|faint|p1a: S.U.S.\n|\n|-fieldend|move: Trick Room\n|upkeep\n|inactive|Numa no Kage has 120 seconds left.\n|\n|t:|1698767137\n|switch|p1b: Mega Misdreavus|Flutter Mane, shiny|100\/100\n|turn|11\n|inactive|Numa no Kage has 120 seconds left.\n|\n|t:|1698767159\n|move|p2b: Marshadow|Shadow Sneak|p1b: Mega Misdreavus\n|-supereffective|p1b: Mega Misdreavus\n|-crit|p1b: Mega Misdreavus\n|-damage|p1b: Mega Misdreavus|0 fnt\n|faint|p1b: Mega Misdreavus\n|-end|p1b: Mega Misdreavus|Protosynthesis|[silent]\n|\n|win|Silent Cosmos\n|raw|Numa no Kage's rating: 1342 &rarr; <strong>1328<\/strong><br \/>(-14 for losing)\n|raw|Silent Cosmos's rating: 1450 &rarr; <strong>1464<\/strong><br \/>(+14 for winning)\n|l|\u2606Numa no Kage\n|l|\u2606Silent Cosmos\n|j|\u2606Silent Cosmos\n|player|p2|Silent Cosmos|piers\n","uploadtime":1698767700,"views":7,"p1id":"numanokage","p2id":"silentcosmos","formatid":"gen9nationaldexdoubles","rating":1328,"private":0,"password":""}