{"id":"gen9nationaldexdoubles-1995140152","p1":"GourgeistSupreme","p2":"Strykerpoopoo10","format":"[Gen 9] National Dex Doubles","log":"|j|\u2606GourgeistSupreme\n|j|\u2606Strykerpoopoo10\n|t:|1700527042\n|gametype|doubles\n|player|p1|GourgeistSupreme|fantina|1096\n|player|p2|Strykerpoopoo10|unknown|1038\n|teamsize|p1|6\n|teamsize|p2|6\n|gen|9\n|tier|[Gen 9] National Dex Doubles\n|rated|\n|rule|HP Percentage Mod: HP is shown in percentages\n|rule|Endless Battle Clause: Forcing endless battles is banned\n|rule|OHKO Clause: OHKO moves are banned\n|rule|Evasion Moves Clause: Evasion moves are banned\n|rule|Evasion Abilities Clause: Evasion abilities are banned\n|rule|Species Clause: Limit one of each Pok\u00e9mon\n|rule|Gravity Sleep Clause: The combination of sleep-inducing moves with imperfect accuracy and Gravity or Gigantamax Orbeetle are banned\n|clearpoke\n|poke|p1|Sinistcha|\n|poke|p1|Garganacl, F|\n|poke|p1|Camerupt, M|\n|poke|p1|Hatterene, F|\n|poke|p1|Tornadus, M|\n|poke|p1|Empoleon, M|\n|poke|p2|Ledian, M|\n|poke|p2|Pyroar, F|\n|poke|p2|Steelix, F|\n|poke|p2|Audino, F|\n|poke|p2|Aggron, M|\n|poke|p2|Donphan, F|\n|teampreview\n|inactive|Battle timer is ON: inactive players will automatically lose when time's up. (requested by GourgeistSupreme)\n|\n|t:|1700527060\n|start\n|switch|p1a: Tea Time|Sinistcha|100\/100\n|switch|p1b: Jefferson|Empoleon, M|100\/100\n|switch|p2a: Donphan|Donphan, F|100\/100\n|switch|p2b: Audino|Audino, F|100\/100\n|turn|1\n|\n|t:|1700527079\n|move|p2b: Audino|Drain Punch|p1b: Jefferson\n|-supereffective|p1b: Jefferson\n|-damage|p1b: Jefferson|65\/100\n|move|p2a: Donphan|Knock Off|p1a: Tea Time\n|-supereffective|p1a: Tea Time\n|-damage|p1a: Tea Time|42\/100\n|-enditem|p1a: Tea Time|Room Service|[from] move: Knock Off|[of] p2a: Donphan\n|move|p1b: Jefferson|Scald|p2a: Donphan\n|-supereffective|p2a: Donphan\n|-ability|p2a: Donphan|Sturdy\n|-damage|p2a: Donphan|1\/100\n|-enditem|p2a: Donphan|Aguav Berry|[eat]\n|-heal|p2a: Donphan|34\/100|[from] item: Aguav Berry\n|-damage|p1b: Jefferson|55\/100|[from] item: Life Orb\n|move|p1a: Tea Time|Trick Room|p1a: Tea Time\n|-fieldstart|move: Trick Room|[of] p1a: Tea Time\n|\n|upkeep\n|turn|2\n|\n|t:|1700527107\n|move|p1b: Jefferson|Roost|p1b: Jefferson\n|-heal|p1b: Jefferson|100\/100\n|-singleturn|p1b: Jefferson|move: Roost\n|move|p1a: Tea Time|Matcha Gotcha|p2a: Donphan|[spread] p2b\n|-miss|p1a: Tea Time|p2a: Donphan\n|-damage|p2b: Audino|81\/100\n|-heal|p1a: Tea Time|56\/100|[from] drain|[of] p2b: Audino\n|move|p2b: Audino|Knock Off|p1a: Tea Time\n|-supereffective|p1a: Tea Time\n|-damage|p1a: Tea Time|19\/100\n|move|p2a: Donphan|Stealth Rock|p1b: Jefferson\n|-sidestart|p1: GourgeistSupreme|move: Stealth Rock\n|\n|upkeep\n|turn|3\n|inactive|Strykerpoopoo10 has 120 seconds left.\n|\n|t:|1700527138\n|move|p1b: Jefferson|Scald|p2b: Audino\n|-damage|p2b: Audino|45\/100\n|-damage|p1b: Jefferson|91\/100|[from] item: Life Orb\n|move|p1a: Tea Time|Matcha Gotcha|p2b: Audino|[spread] p2a,p2b\n|-supereffective|p2a: Donphan\n|-damage|p2a: Donphan|0 fnt\n|-heal|p1a: Tea Time|38\/100|[from] drain|[of] p2a: Donphan\n|-damage|p2b: Audino|26\/100\n|-heal|p1a: Tea Time|51\/100|[from] drain|[of] p2b: Audino\n|faint|p2a: Donphan\n|move|p2b: Audino|Drain Punch|p1b: Jefferson\n|-supereffective|p1b: Jefferson\n|-damage|p1b: Jefferson|57\/100\n|-heal|p2b: Audino|39\/100|[from] drain|[of] p1b: Jefferson\n|\n|upkeep\n|inactive|Strykerpoopoo10 has 120 seconds left.\n|\n|t:|1700527161\n|switch|p2a: Steelix|Steelix, F|100\/100\n|turn|4\n|inactive|Strykerpoopoo10 has 120 seconds left.\n|\n|t:|1700527177\n|detailschange|p2a: Steelix|Steelix-Mega, F\n|-mega|p2a: Steelix|Steelix|Steelixite\n|move|p2a: Steelix|Body Press|p1b: Jefferson\n|-supereffective|p1b: Jefferson\n|-damage|p1b: Jefferson|0 fnt\n|faint|p1b: Jefferson\n|move|p1a: Tea Time|Scald|p2a: Steelix\n|-supereffective|p2a: Steelix\n|-damage|p2a: Steelix|27\/100\n|-status|p2a: Steelix|brn\n|move|p2b: Audino|Knock Off|p1a: Tea Time\n|-supereffective|p1a: Tea Time\n|-damage|p1a: Tea Time|16\/100\n|\n|-damage|p2a: Steelix|21\/100 brn|[from] brn\n|upkeep\n|\n|t:|1700527182\n|switch|p1b: Volcano|Camerupt, M, shiny|100\/100\n|-damage|p1b: Volcano|88\/100|[from] Stealth Rock\n|turn|5\n|\n|t:|1700527206\n|switch|p2b: Ledian|Ledian, M|100\/100\n|move|p2a: Steelix|Earthquake|p1a: Tea Time|[spread] p1a,p1b\n|-immune|p2b: Ledian\n|-resisted|p1a: Tea Time\n|-supereffective|p1b: Volcano\n|-damage|p1a: Tea Time|6\/100\n|-damage|p1b: Volcano|51\/100\n|move|p1b: Volcano|Stealth Rock|p2b: Ledian\n|-sidestart|p2: Strykerpoopoo10|move: Stealth Rock\n|move|p1a: Tea Time|Matcha Gotcha|p2b: Ledian|[spread] p2a,p2b\n|-resisted|p2b: Ledian\n|-crit|p2b: Ledian\n|-damage|p2a: Steelix|0 fnt\n|-heal|p1a: Tea Time|17\/100|[from] drain|[of] p2a: Steelix\n|-damage|p2b: Ledian|85\/100\n|-heal|p1a: Tea Time|24\/100|[from] drain|[of] p2b: Ledian\n|faint|p2a: Steelix\n|\n|-fieldend|move: Trick Room\n|upkeep\n|inactive|Strykerpoopoo10 has 120 seconds left.\n|\n|t:|1700527233\n|switch|p2a: Aggron|Aggron, M|100\/100\n|-damage|p2a: Aggron|94\/100|[from] Stealth Rock\n|turn|6\n|\n|t:|1700527243\n|move|p2b: Ledian|Ice Punch|p1a: Tea Time\n|-supereffective|p1a: Tea Time\n|-damage|p1a: Tea Time|0 fnt\n|faint|p1a: Tea Time\n|move|p2a: Aggron|Autotomize|p2a: Aggron\n|-boost|p2a: Aggron|spe|2\n|-start|p2a: Aggron|Autotomize\n|move|p1b: Volcano|Flamethrower|p2b: Ledian\n|-supereffective|p2b: Ledian\n|-damage|p2b: Ledian|0 fnt\n|faint|p2b: Ledian\n|\n|upkeep\n|\n|t:|1700527259\n|switch|p2b: Audino|Audino, F|72\/100\n|switch|p1a: Genie|Tornadus, M|100\/100\n|-damage|p2b: Audino|59\/100|[from] Stealth Rock\n|turn|7\n|\n|t:|1700527274\n|move|p1a: Genie|Taunt|p2a: Aggron\n|-start|p2a: Aggron|move: Taunt\n|move|p2a: Aggron|Head Smash|p1a: Genie\n|-supereffective|p1a: Genie\n|-damage|p1a: Genie|0 fnt\n|faint|p1a: Genie\n|move|p2b: Audino|Secret Power|p1b: Volcano\n|-damage|p1b: Volcano|16\/100\n|-status|p1b: Volcano|par\n|cant|p1b: Volcano|par\n|\n|upkeep\n|\n|t:|1700527284\n|switch|p1a: Salty Beach|Garganacl, F|100\/100\n|-damage|p1a: Salty Beach|88\/100|[from] Stealth Rock\n|turn|8\n|\n|t:|1700527301\n|move|p2a: Aggron|Double-Edge|p1b: Volcano\n|-damage|p1b: Volcano|0 fnt\n|faint|p1b: Volcano\n|move|p2b: Audino|Knock Off|p1a: Salty Beach\n|-damage|p1a: Salty Beach|71\/100\n|-damage|p2b: Audino|43\/100|[from] item: Rocky Helmet|[of] p1a: Salty Beach\n|-enditem|p1a: Salty Beach|Rocky Helmet|[from] move: Knock Off|[of] p2b: Audino\n|move|p1a: Salty Beach|Body Press|p2a: Aggron\n|-supereffective|p2a: Aggron\n|-damage|p2a: Aggron|30\/100\n|-damage|p1a: Salty Beach|55\/100|[from] item: Rocky Helmet|[of] p2a: Aggron\n|\n|upkeep\n|\n|t:|1700527315\n|switch|p1b: Hat Witch|Hatterene, F|100\/100\n|-damage|p1b: Hat Witch|88\/100|[from] Stealth Rock\n|turn|9\n|\n|t:|1700527334\n|-terastallize|p1b: Hat Witch|Steel\n|move|p2a: Aggron|Head Smash|p1a: Salty Beach\n|-damage|p1a: Salty Beach|0 fnt\n|faint|p1a: Salty Beach\n|move|p2b: Audino|Knock Off|p1b: Hat Witch\n|-damage|p1b: Hat Witch|61\/100\n|-enditem|p1b: Hat Witch|Leftovers|[from] move: Knock Off|[of] p2b: Audino\n|move|p1b: Hat Witch|Trick Room|p1b: Hat Witch\n|-fieldstart|move: Trick Room|[of] p1b: Hat Witch\n|\n|-end|p2a: Aggron|move: Taunt\n|upkeep\n|turn|10\n|c|\u2606Strykerpoopoo10|Aint no way im gonna win\n|\n|t:|1700527354\n|-singleturn|p2a: Aggron|move: Focus Punch\n|move|p1b: Hat Witch|Giga Drain|p2a: Aggron\n|-damage|p2a: Aggron|0 fnt\n|-heal|p1b: Hat Witch|78\/100|[from] drain|[of] p2a: Aggron\n|faint|p2a: Aggron\n|move|p2b: Audino|Secret Power|p1b: Hat Witch\n|-resisted|p1b: Hat Witch\n|-damage|p1b: Hat Witch|65\/100\n|\n|upkeep\n|\n|t:|1700527365\n|switch|p2a: Pyroar|Pyroar, F|100\/100\n|-damage|p2a: Pyroar|76\/100|[from] Stealth Rock\n|turn|11\n|\n|t:|1700527374\n|move|p1b: Hat Witch|Psychic|p2a: Pyroar\n|-damage|p2a: Pyroar|0 fnt\n|faint|p2a: Pyroar\n|move|p2b: Audino|Drain Punch|p1b: Hat Witch\n|-supereffective|p1b: Hat Witch\n|-damage|p1b: Hat Witch|23\/100\n|-heal|p2b: Audino|56\/100|[from] drain|[of] p1b: Hat Witch\n|\n|upkeep\n|turn|12\n|\n|t:|1700527388\n|move|p1b: Hat Witch|Draining Kiss|p2b: Audino\n|-damage|p2b: Audino|37\/100\n|-heal|p1b: Hat Witch|45\/100|[from] drain|[of] p2b: Audino\n|move|p2b: Audino|Drain Punch|p1b: Hat Witch\n|-supereffective|p1b: Hat Witch\n|-damage|p1b: Hat Witch|7\/100\n|-heal|p2b: Audino|49\/100|[from] drain|[of] p1b: Hat Witch\n|\n|upkeep\n|turn|13\n|\n|t:|1700527401\n|move|p1b: Hat Witch|Psychic|p2b: Audino\n|-damage|p2b: Audino|15\/100\n|move|p2b: Audino|Drain Punch|p1b: Hat Witch\n|-supereffective|p1b: Hat Witch\n|-damage|p1b: Hat Witch|0 fnt\n|-heal|p2b: Audino|17\/100|[from] drain|[of] p1b: Hat Witch\n|faint|p1b: Hat Witch\n|\n|win|Strykerpoopoo10\n|raw|GourgeistSupreme's rating: 1096 &rarr; <strong>1068<\/strong><br \/>(-28 for losing)\n|raw|Strykerpoopoo10's rating: 1038 &rarr; <strong>1078<\/strong><br \/>(+40 for winning)\n|c|\u2606Strykerpoopoo10|Gg\n|l|\u2606GourgeistSupreme\n","uploadtime":1700527416,"views":0,"p1id":"gourgeistsupreme","p2id":"strykerpoopoo10","formatid":"gen9nationaldexdoubles","rating":1068,"private":0,"password":""}