{"id":"gen9nationaldexdoubles-1972125955","p1":"AdvancedDigit","p2":"bibleisreal20994","format":"[Gen 9] National Dex Doubles","log":"|j|\u2606AdvancedDigit\n|j|\u2606bibleisreal20994\n|t:|1697814967\n|gametype|doubles\n|player|p1|AdvancedDigit|hilbert|1160\n|player|p2|bibleisreal20994|cheren-gen5bw2|1136\n|teamsize|p1|6\n|teamsize|p2|6\n|gen|9\n|tier|[Gen 9] National Dex Doubles\n|rated|\n|rule|HP Percentage Mod: HP is shown in percentages\n|rule|Endless Battle Clause: Forcing endless battles is banned\n|rule|OHKO Clause: OHKO moves are banned\n|rule|Evasion Moves Clause: Evasion moves are banned\n|rule|Evasion Abilities Clause: Evasion abilities are banned\n|rule|Species Clause: Limit one of each Pok\u00e9mon\n|rule|Gravity Sleep Clause: The combination of sleep-inducing moves with imperfect accuracy and Gravity or Gigantamax Orbeetle are banned\n|clearpoke\n|poke|p1|Malamar, F|\n|poke|p1|Tornadus, M|\n|poke|p1|Maushold|\n|poke|p1|Ambipom, F|\n|poke|p1|Mr. Mime, F|\n|poke|p1|Amoonguss, M|\n|poke|p2|Zeraora|\n|poke|p2|Delcatty, M|\n|poke|p2|Gothitelle, F|\n|poke|p2|Rillaboom, F|\n|poke|p2|Flutter Mane|\n|poke|p2|Dedenne, F|\n|teampreview\n|inactive|Battle timer is ON: inactive players will automatically lose when time's up. (requested by bibleisreal20994)\n|\n|t:|1697814987\n|start\n|switch|p1a: Ambipom|Ambipom, F|100\/100\n|switch|p1b: Mr. Mime|Mr. Mime, F|100\/100\n|switch|p2a: Gothitelle|Gothitelle, F|100\/100\n|switch|p2b: Rillaboom|Rillaboom, F|100\/100\n|-fieldstart|move: Grassy Terrain|[from] ability: Grassy Surge|[of] p2b: Rillaboom\n|turn|1\n|inactive|bibleisreal20994 has 120 seconds left.\n|\n|t:|1697815032\n|move|p1b: Mr. Mime|Fake Out|p2a: Gothitelle\n|-damage|p2a: Gothitelle|96\/100\n|move|p2b: Rillaboom|Fake Out|p1a: Ambipom\n|-damage|p1a: Ambipom|78\/100\n|cant|p2a: Gothitelle|flinch\n|cant|p1a: Ambipom|flinch\n|\n|-heal|p1a: Ambipom|84\/100|[from] Grassy Terrain\n|-heal|p2a: Gothitelle|100\/100|[from] Grassy Terrain\n|upkeep\n|turn|2\n|\n|t:|1697815045\n|move|p1b: Mr. Mime|Follow Me|p1b: Mr. Mime\n|-singleturn|p1b: Mr. Mime|move: Follow Me\n|move|p1a: Ambipom|Hone Claws|p1a: Ambipom\n|-boost|p1a: Ambipom|atk|1\n|-boost|p1a: Ambipom|accuracy|1\n|move|p2b: Rillaboom|Drum Beating|p1b: Mr. Mime\n|-damage|p1b: Mr. Mime|5\/100\n|-unboost|p1b: Mr. Mime|spe|1\n|move|p2a: Gothitelle|Toxic|p1b: Mr. Mime\n|-status|p1b: Mr. Mime|tox\n|\n|-heal|p1a: Ambipom|90\/100|[from] Grassy Terrain\n|-heal|p1b: Mr. Mime|11\/100 tox|[from] Grassy Terrain\n|-heal|p1b: Mr. Mime|17\/100 tox|[from] item: Leftovers\n|-damage|p1b: Mr. Mime|11\/100 tox|[from] psn\n|upkeep\n|turn|3\n|\n|t:|1697815074\n|switch|p2b: Flutter Mane|Flutter Mane|100\/100\n|-enditem|p2b: Flutter Mane|Booster Energy\n|-activate|p2b: Flutter Mane|ability: Protosynthesis|[fromitem]\n|-start|p2b: Flutter Mane|protosynthesisspe\n|switch|p2a: Dedenne|Dedenne, F|100\/100\n|move|p1b: Mr. Mime|Follow Me|p1b: Mr. Mime\n|-singleturn|p1b: Mr. Mime|move: Follow Me\n|move|p1a: Ambipom|Baton Pass|p1a: Ambipom\n|inactive|AdvancedDigit has 120 seconds left.\n|\n|t:|1697815084\n|switch|p1a: Maushold|Maushold|100\/100|[from] Baton Pass\n|\n|-heal|p1b: Mr. Mime|17\/100 tox|[from] Grassy Terrain\n|-heal|p1b: Mr. Mime|23\/100 tox|[from] item: Leftovers\n|-damage|p1b: Mr. Mime|11\/100 tox|[from] psn\n|upkeep\n|turn|4\n|\n|t:|1697815098\n|move|p1b: Mr. Mime|Follow Me|p1b: Mr. Mime\n|-singleturn|p1b: Mr. Mime|move: Follow Me\n|move|p2b: Flutter Mane|Dazzling Gleam|p1b: Mr. Mime|[spread] p1a,p1b\n|-damage|p1a: Maushold|49\/100\n|-damage|p1b: Mr. Mime|0 fnt\n|faint|p1b: Mr. Mime\n|move|p2a: Dedenne|Nuzzle|p1a: Maushold\n|-damage|p1a: Maushold|44\/100\n|-status|p1a: Maushold|par\n|move|p1a: Maushold|Population Bomb|p2a: Dedenne\n|-damage|p2a: Dedenne|73\/100\n|-crit|p2a: Dedenne\n|-damage|p2a: Dedenne|30\/100\n|-damage|p2a: Dedenne|6\/100\n|-damage|p2a: Dedenne|0 fnt\n|faint|p2a: Dedenne\n|-hitcount|p2: Dedenne|4\n|\n|-heal|p1a: Maushold|50\/100 par|[from] Grassy Terrain\n|upkeep\n|\n|t:|1697815112\n|switch|p2a: Killua|Zeraora|100\/100\n|switch|p1b: Amoonguss|Amoonguss, M|100\/100\n|turn|5\n|\n|t:|1697815123\n|switch|p2a: Gothitelle|Gothitelle, F|100\/100\n|move|p1b: Amoonguss|Rage Powder|p1b: Amoonguss\n|-singleturn|p1b: Amoonguss|move: Rage Powder\n|move|p2b: Flutter Mane|Perish Song|p2b: Flutter Mane\n|-start|p1a: Maushold|perish3|[silent]\n|-start|p1b: Amoonguss|perish3|[silent]\n|-start|p2a: Gothitelle|perish3|[silent]\n|-start|p2b: Flutter Mane|perish3|[silent]\n|-fieldactivate|move: Perish Song\n|move|p1a: Maushold|Population Bomb|p2a: Gothitelle\n|-damage|p2a: Gothitelle|84\/100\n|-damage|p2a: Gothitelle|68\/100\n|-damage|p2a: Gothitelle|54\/100\n|-damage|p2a: Gothitelle|40\/100\n|-damage|p2a: Gothitelle|26\/100\n|-crit|p2a: Gothitelle\n|-damage|p2a: Gothitelle|3\/100\n|-damage|p2a: Gothitelle|0 fnt\n|faint|p2a: Gothitelle\n|-hitcount|p2: Gothitelle|7\n|\n|-heal|p1a: Maushold|56\/100 par|[from] Grassy Terrain\n|-start|p2b: Flutter Mane|perish3\n|-start|p1a: Maushold|perish3\n|-start|p1b: Amoonguss|perish3\n|-fieldend|move: Grassy Terrain\n|upkeep\n|\n|t:|1697815134\n|switch|p2a: Rillaboom|Rillaboom, F|100\/100\n|-fieldstart|move: Grassy Terrain|[from] ability: Grassy Surge|[of] p2a: Rillaboom\n|turn|6\n|\n|t:|1697815143\n|move|p2a: Rillaboom|Fake Out|p1b: Amoonguss\n|-damage|p1b: Amoonguss|91\/100\n|-damage|p2a: Rillaboom|84\/100|[from] item: Rocky Helmet|[of] p1b: Amoonguss\n|move|p2b: Flutter Mane|Dazzling Gleam|p1b: Amoonguss|[spread] p1a,p1b\n|-resisted|p1b: Amoonguss\n|-damage|p1a: Maushold|5\/100 par\n|-damage|p1b: Amoonguss|76\/100\n|move|p1a: Maushold|Population Bomb|p2a: Rillaboom\n|-damage|p2a: Rillaboom|65\/100\n|-damage|p2a: Rillaboom|46\/100\n|-damage|p2a: Rillaboom|28\/100\n|-damage|p2a: Rillaboom|10\/100\n|-damage|p2a: Rillaboom|0 fnt\n|faint|p2a: Rillaboom\n|-hitcount|p2: Rillaboom|5\n|cant|p1b: Amoonguss|flinch\n|\n|-heal|p1a: Maushold|11\/100 par|[from] Grassy Terrain\n|-heal|p1b: Amoonguss|83\/100|[from] Grassy Terrain\n|-start|p2b: Flutter Mane|perish2\n|-start|p1a: Maushold|perish2\n|-start|p1b: Amoonguss|perish2\n|upkeep\n|-message|bibleisreal20994 forfeited.\n|\n|win|AdvancedDigit\n|raw|AdvancedDigit's rating: 1160 &rarr; <strong>1183<\/strong><br \/>(+23 for winning)\n|raw|bibleisreal20994's rating: 1136 &rarr; <strong>1113<\/strong><br \/>(-23 for losing)\n|l|\u2606bibleisreal20994\n","uploadtime":1697815154,"views":8,"p1id":"advanceddigit","p2id":"bibleisreal20994","formatid":"gen9nationaldexdoubles","rating":1113,"private":0,"password":""}