{"id":"gen9nationaldexdoubles-1981001347","p1":"fumbari 24","p2":"JTP2000","format":"[Gen 9] National Dex Doubles","log":"|j|\u2606fumbari 24\n|j|\u2606JTP2000\n|t:|1698855808\n|gametype|doubles\n|player|p1|fumbari 24|hilbert|1334\n|player|p2|JTP2000|raihan|1313\n|teamsize|p1|6\n|teamsize|p2|6\n|gen|9\n|tier|[Gen 9] National Dex Doubles\n|rated|\n|rule|HP Percentage Mod: HP is shown in percentages\n|rule|Endless Battle Clause: Forcing endless battles is banned\n|rule|OHKO Clause: OHKO moves are banned\n|rule|Evasion Moves Clause: Evasion moves are banned\n|rule|Evasion Abilities Clause: Evasion abilities are banned\n|rule|Species Clause: Limit one of each Pok\u00e9mon\n|rule|Gravity Sleep Clause: The combination of sleep-inducing moves with imperfect accuracy and Gravity or Gigantamax Orbeetle are banned\n|clearpoke\n|poke|p1|Thundurus-Therian, M|\n|poke|p1|Latias, F|\n|poke|p1|Blastoise, M|\n|poke|p1|Pelipper, M|\n|poke|p1|Gardevoir, F|\n|poke|p1|Meowscarada, M|\n|poke|p2|Tyranitar, M|\n|poke|p2|Excadrill, M|\n|poke|p2|Ogerpon-Wellspring, F|\n|poke|p2|Tornadus, M|\n|poke|p2|Flutter Mane|\n|poke|p2|Incineroar, M|\n|teampreview\n|\n|t:|1698855871\n|start\n|switch|p1a: Harbor|Blastoise, M|100\/100\n|switch|p1b: Meowscarada|Meowscarada, M|100\/100\n|switch|p2a: Tornadus|Tornadus, M|100\/100\n|switch|p2b: Flutter Mane|Flutter Mane|100\/100\n|turn|1\n|\n|t:|1698855885\n|move|p1a: Harbor|Fake Out|p2a: Tornadus\n|-damage|p2a: Tornadus|89\/100\n|cant|p2a: Tornadus|flinch\n|move|p1b: Meowscarada|Flower Trick|p2b: Flutter Mane\n|-crit|p2b: Flutter Mane\n|-damage|p2b: Flutter Mane|32\/100\n|move|p2b: Flutter Mane|Imprison|p2b: Flutter Mane\n|-start|p2b: Flutter Mane|move: Imprison\n|\n|upkeep\n|turn|2\n|inactive|Battle timer is ON: inactive players will automatically lose when time's up. (requested by fumbari 24)\n|inactive|JTP2000 has 120 seconds left.\n|\n|t:|1698855922\n|-end|p2b: Flutter Mane|Protosynthesis|[silent]\n|switch|p2b: King|Incineroar, M|100\/100\n|-ability|p2b: King|Intimidate|boost\n|-unboost|p1a: Harbor|atk|1\n|-unboost|p1b: Meowscarada|atk|1\n|move|p1b: Meowscarada|Sucker Punch||[still]\n|-fail|p1b: Meowscarada\n|-zpower|p2a: Tornadus\n|move|p2a: Tornadus|Supersonic Skystrike|p1b: Meowscarada|[zeffect]\n|-supereffective|p1b: Meowscarada\n|-enditem|p1b: Meowscarada|Focus Sash\n|-damage|p1b: Meowscarada|1\/100\n|move|p1a: Harbor|Scald|p2a: Tornadus\n|-damage|p2a: Tornadus|53\/100\n|\n|upkeep\n|turn|3\n|inactive|fumbari 24 has 120 seconds left.\n|\n|t:|1698855953\n|move|p1b: Meowscarada|Protect|p1b: Meowscarada\n|-singleturn|p1b: Meowscarada|Protect\n|move|p2b: King|Fake Out|p1b: Meowscarada\n|-activate|p1b: Meowscarada|move: Protect\n|move|p2a: Tornadus|Bleakwind Storm|p1b: Meowscarada|[spread] p1a\n|-activate|p1b: Meowscarada|move: Protect\n|-damage|p1a: Harbor|66\/100\n|move|p1a: Harbor|Scald|p2b: King\n|-supereffective|p2b: King\n|-damage|p2b: King|63\/100\n|\n|-heal|p1a: Harbor|72\/100|[from] item: Leftovers\n|upkeep\n|turn|4\n|\n|t:|1698855975\n|switch|p1b: Mine Mine|Pelipper, M|100\/100\n|-weather|RainDance|[from] ability: Drizzle|[of] p1b: Mine Mine\n|move|p2a: Tornadus|Tailwind|p2a: Tornadus\n|-sidestart|p2: JTP2000|move: Tailwind\n|move|p2b: King|U-turn|p1b: Mine Mine\n|-resisted|p1b: Mine Mine\n|-damage|p1b: Mine Mine|90\/100\n|\n|t:|1698855979\n|switch|p2b: Gurren|Tyranitar, M|100\/100|[from] U-turn\n|-weather|Sandstorm|[from] ability: Sand Stream|[of] p2b: Gurren\n|move|p1a: Harbor|Scald|p2b: Gurren\n|-supereffective|p2b: Gurren\n|-damage|p2b: Gurren|74\/100\n|-status|p2b: Gurren|brn\n|\n|-weather|Sandstorm|[upkeep]\n|-damage|p2a: Tornadus|47\/100|[from] Sandstorm\n|-damage|p1a: Harbor|66\/100|[from] Sandstorm\n|-damage|p1b: Mine Mine|83\/100|[from] Sandstorm\n|-heal|p1a: Harbor|72\/100|[from] item: Leftovers\n|-damage|p2b: Gurren|67\/100 brn|[from] brn\n|upkeep\n|turn|5\n|\n|t:|1698856009\n|switch|p2b: Oni Sister|Ogerpon-Wellspring, F|100\/100\n|-terastallize|p1b: Mine Mine|Steel\n|move|p1b: Mine Mine|Wide Guard|p1b: Mine Mine\n|-singleturn|p1b: Mine Mine|Wide Guard\n|move|p2a: Tornadus|Taunt|p1a: Harbor\n|-start|p1a: Harbor|move: Taunt\n|move|p1a: Harbor|Scald|p2a: Tornadus\n|-damage|p2a: Tornadus|16\/100\n|\n|-weather|Sandstorm|[upkeep]\n|-damage|p2a: Tornadus|10\/100|[from] Sandstorm\n|-damage|p2b: Oni Sister|94\/100|[from] Sandstorm\n|-damage|p1a: Harbor|66\/100|[from] Sandstorm\n|-heal|p1a: Harbor|72\/100|[from] item: Leftovers\n|upkeep\n|turn|6\n|\n|t:|1698856034\n|switch|p2a: King|Incineroar, M|63\/100\n|-ability|p2a: King|Intimidate|boost\n|-unboost|p1a: Harbor|atk|1\n|-unboost|p1b: Mine Mine|atk|1\n|switch|p1a: Mirage|Latias, F|100\/100\n|move|p2b: Oni Sister|Horn Leech|p1a: Mirage\n|-resisted|p1a: Mirage\n|-damage|p1a: Mirage|77\/100\n|-heal|p2b: Oni Sister|100\/100|[from] drain|[of] p1a: Mirage\n|move|p1b: Mine Mine|Tailwind|p1b: Mine Mine\n|-sidestart|p1: fumbari 24|move: Tailwind\n|\n|-weather|Sandstorm|[upkeep]\n|-damage|p1a: Mirage|71\/100|[from] Sandstorm\n|-damage|p2b: Oni Sister|94\/100|[from] Sandstorm\n|-damage|p2a: King|57\/100|[from] Sandstorm\n|upkeep\n|turn|7\n|\n|t:|1698856050\n|switch|p1b: Harbor|Blastoise, M|72\/100\n|move|p2a: King|Fake Out|p1a: Mirage\n|-damage|p1a: Mirage|59\/100\n|cant|p1a: Mirage|flinch\n|move|p2b: Oni Sister|Ivy Cudgel|p1b: Harbor\n|-resisted|p1b: Harbor\n|-damage|p1b: Harbor|52\/100\n|\n|-weather|Sandstorm|[upkeep]\n|-damage|p1a: Mirage|53\/100|[from] Sandstorm\n|-damage|p2b: Oni Sister|88\/100|[from] Sandstorm\n|-damage|p1b: Harbor|46\/100|[from] Sandstorm\n|-damage|p2a: King|51\/100|[from] Sandstorm\n|-heal|p1b: Harbor|52\/100|[from] item: Leftovers\n|-sideend|p2: JTP2000|move: Tailwind\n|upkeep\n|turn|8\n|inactive|fumbari 24 has 120 seconds left.\n|\n|t:|1698856090\n|move|p1b: Harbor|Fake Out|p2b: Oni Sister\n|-damage|p2b: Oni Sister|81\/100\n|-zpower|p1a: Mirage\n|move|p1a: Mirage|Shattered Psyche|p2b: Oni Sister|[zeffect]\n|-damage|p2b: Oni Sister|1\/100\n|cant|p2b: Oni Sister|flinch\n|move|p2a: King|Knock Off|p1a: Mirage\n|-supereffective|p1a: Mirage\n|-damage|p1a: Mirage|0 fnt\n|faint|p1a: Mirage\n|\n|-weather|none\n|-heal|p1b: Harbor|58\/100|[from] item: Leftovers\n|upkeep\n|\n|t:|1698856109\n|switch|p1a: Strike|Thundurus-Therian, M|100\/100\n|turn|9\n|inactive|JTP2000 has 120 seconds left.\n|inactive|JTP2000 has 90 seconds left.\n|\n|t:|1698856170\n|switch|p1b: Mine Mine|Pelipper, M, tera:Steel|83\/100\n|-weather|RainDance|[from] ability: Drizzle|[of] p1b: Mine Mine\n|move|p2b: Oni Sister|Spiky Shield|p2b: Oni Sister\n|-singleturn|p2b: Oni Sister|move: Protect\n|move|p1a: Strike|Wildbolt Storm|p2a: King|[spread] p2a\n|-activate|p2b: Oni Sister|move: Protect\n|-damage|p2a: King|22\/100\n|-enditem|p2a: King|Sitrus Berry|[eat]\n|-heal|p2a: King|47\/100|[from] item: Sitrus Berry\n|move|p2a: King|Knock Off|p1b: Mine Mine\n|-damage|p1b: Mine Mine|40\/100\n|-enditem|p1b: Mine Mine|Damp Rock|[from] move: Knock Off|[of] p2a: King\n|\n|-weather|RainDance|[upkeep]\n|-sideend|p1: fumbari 24|move: Tailwind\n|upkeep\n|turn|10\n|inactive|JTP2000 has 90 seconds left.\n|\n|t:|1698856197\n|move|p1a: Strike|Wildbolt Storm|p2b: Oni Sister|[spread] p2a,p2b\n|-damage|p2a: King|20\/100\n|-damage|p2b: Oni Sister|0 fnt\n|faint|p2b: Oni Sister\n|move|p1b: Mine Mine|Tailwind|p1b: Mine Mine\n|-sidestart|p1: fumbari 24|move: Tailwind\n|move|p2a: King|Flare Blitz|p1b: Mine Mine\n|-supereffective|p1b: Mine Mine\n|-damage|p1b: Mine Mine|0 fnt\n|faint|p1b: Mine Mine\n|-damage|p2a: King|10\/100|[from] Recoil\n|\n|-weather|RainDance|[upkeep]\n|upkeep\n|\n|t:|1698856210\n|switch|p2b: Gurren|Tyranitar, M|67\/100 brn\n|switch|p1b: Harbor|Blastoise, M|58\/100\n|-weather|Sandstorm|[from] ability: Sand Stream|[of] p2b: Gurren\n|turn|11\n|inactive|JTP2000 has 120 seconds left.\n|\n|t:|1698856226\n|move|p2b: Gurren|Protect|p2b: Gurren\n|-singleturn|p2b: Gurren|Protect\n|move|p1a: Strike|Grass Knot|p2b: Gurren\n|-activate|p2b: Gurren|move: Protect\n|move|p1b: Harbor|Scald|p2a: King\n|-supereffective|p2a: King\n|-damage|p2a: King|0 fnt\n|faint|p2a: King\n|\n|-weather|Sandstorm|[upkeep]\n|-damage|p1a: Strike|94\/100|[from] Sandstorm\n|-damage|p1b: Harbor|52\/100|[from] Sandstorm\n|-heal|p1b: Harbor|58\/100|[from] item: Leftovers\n|-damage|p2b: Gurren|61\/100 brn|[from] brn\n|upkeep\n|\n|t:|1698856229\n|switch|p2a: Tornadus|Tornadus, M|10\/100\n|turn|12\n|\n|t:|1698856244\n|detailschange|p2b: Gurren|Tyranitar-Mega, M\n|-mega|p2b: Gurren|Tyranitar|Tyranitarite\n|move|p2a: Tornadus|Tailwind|p2a: Tornadus\n|-sidestart|p2: JTP2000|move: Tailwind\n|move|p1a: Strike|Grass Knot|p2b: Gurren\n|-supereffective|p2b: Gurren\n|-damage|p2b: Gurren|25\/100 brn\n|move|p2b: Gurren|Stone Edge|p1a: Strike\n|-supereffective|p1a: Strike\n|-damage|p1a: Strike|4\/100\n|move|p1b: Harbor|Scald|p2a: Tornadus\n|-damage|p2a: Tornadus|0 fnt\n|faint|p2a: Tornadus\n|\n|-weather|Sandstorm|[upkeep]\n|-damage|p1a: Strike|0 fnt|[from] Sandstorm\n|-damage|p1b: Harbor|52\/100|[from] Sandstorm\n|faint|p1a: Strike\n|-heal|p1b: Harbor|58\/100|[from] item: Leftovers\n|-damage|p2b: Gurren|19\/100 brn|[from] brn\n|upkeep\n|\n|t:|1698856259\n|switch|p2a: Lagann|Excadrill, M|100\/100\n|switch|p1a: Belle|Gardevoir, F, shiny|100\/100\n|-ability|p1a: Belle|Sand Stream|[from] ability: Trace|[of] p2b: Gurren\n|turn|13\n|\n|t:|1698856276\n|detailschange|p1a: Belle|Gardevoir-Mega, F, shiny\n|-mega|p1a: Belle|Gardevoir|Gardevoirite\n|-terastallize|p2a: Lagann|Ground\n|move|p2b: Gurren|Protect|p2b: Gurren\n|-singleturn|p2b: Gurren|Protect\n|move|p1b: Harbor|Follow Me|p1b: Harbor\n|-singleturn|p1b: Harbor|move: Follow Me\n|move|p2a: Lagann|Earthquake|p1a: Belle|[spread] p1a,p1b\n|-activate|p2b: Gurren|move: Protect\n|-damage|p1a: Belle|24\/100\n|-damage|p1b: Harbor|16\/100\n|move|p1a: Belle|Trick Room|p1a: Belle\n|-fieldstart|move: Trick Room|[of] p1a: Belle\n|\n|-weather|Sandstorm|[upkeep]\n|-damage|p1b: Harbor|10\/100|[from] Sandstorm\n|-damage|p1a: Belle|18\/100|[from] Sandstorm\n|-heal|p1b: Harbor|16\/100|[from] item: Leftovers\n|-damage|p2b: Gurren|13\/100 brn|[from] brn\n|-sideend|p1: fumbari 24|move: Tailwind\n|upkeep\n|turn|14\n|\n|t:|1698856295\n|move|p2a: Lagann|Protect|p2a: Lagann\n|-singleturn|p2a: Lagann|Protect\n|move|p1b: Harbor|Scald|p2a: Lagann\n|-activate|p2a: Lagann|move: Protect\n|move|p1a: Belle|Hyper Voice|p2a: Lagann|[spread] p2b\n|-activate|p2a: Lagann|move: Protect\n|-supereffective|p2b: Gurren\n|-damage|p2b: Gurren|0 fnt\n|faint|p2b: Gurren\n|\n|-weather|Sandstorm|[upkeep]\n|-damage|p1b: Harbor|10\/100|[from] Sandstorm\n|-damage|p1a: Belle|12\/100|[from] Sandstorm\n|-heal|p1b: Harbor|16\/100|[from] item: Leftovers\n|upkeep\n|\n|t:|1698856298\n|switch|p2b: Flutter Mane|Flutter Mane|32\/100\n|turn|15\n|\n|t:|1698856308\n|move|p2a: Lagann|Protect||[still]\n|-fail|p2a: Lagann\n|move|p1b: Harbor|Scald|p2a: Lagann\n|-supereffective|p2a: Lagann\n|-damage|p2a: Lagann|40\/100\n|-status|p2a: Lagann|brn\n|move|p1a: Belle|Hyper Voice|p2b: Flutter Mane|[spread] p2a,p2b\n|-damage|p2a: Lagann|0 fnt\n|-damage|p2b: Flutter Mane|0 fnt\n|faint|p2a: Lagann\n|faint|p2b: Flutter Mane\n|-end|p2b: Flutter Mane|Protosynthesis|[silent]\n|\n|win|fumbari 24\n|raw|fumbari 24's rating: 1334 &rarr; <strong>1353<\/strong><br \/>(+19 for winning)\n|raw|JTP2000's rating: 1313 &rarr; <strong>1294<\/strong><br \/>(-19 for losing)\n|l|\u2606JTP2000\n","uploadtime":1698856319,"views":7,"p1id":"fumbari24","p2id":"jtp2000","formatid":"gen9nationaldexdoubles","rating":1294,"private":0,"password":""}