{"id":"gen9nationaldexdoubles-1966382285","p1":"LowksterP","p2":"StellarOrchid","format":"[Gen 9] National Dex Doubles","log":"|j|\u2606LowksterP\n|j|\u2606StellarOrchid\n|t:|1697177864\n|gametype|doubles\n|player|p1|LowksterP|striker|1071\n|player|p2|StellarOrchid|hexmaniac-gen6|1176\n|teamsize|p1|6\n|teamsize|p2|6\n|gen|9\n|tier|[Gen 9] National Dex Doubles\n|rated|\n|rule|HP Percentage Mod: HP is shown in percentages\n|rule|Endless Battle Clause: Forcing endless battles is banned\n|rule|OHKO Clause: OHKO moves are banned\n|rule|Evasion Moves Clause: Evasion moves are banned\n|rule|Evasion Abilities Clause: Evasion abilities are banned\n|rule|Species Clause: Limit one of each Pok\u00e9mon\n|rule|Gravity Sleep Clause: The combination of sleep-inducing moves with imperfect accuracy and Gravity or Gigantamax Orbeetle are banned\n|clearpoke\n|poke|p1|Tentacruel, M|\n|poke|p1|Jirachi|\n|poke|p1|Altaria, M|\n|poke|p1|Muk-Alola, M|\n|poke|p1|Celebi|\n|poke|p1|Arcanine, M|\n|poke|p2|Primarina, M|\n|poke|p2|Hatterene, F|\n|poke|p2|Sinistcha|\n|poke|p2|Ursaluna-Bloodmoon, M|\n|poke|p2|Sylveon, M|\n|poke|p2|Iron Hands|\n|teampreview\n|inactive|Battle timer is ON: inactive players will automatically lose when time's up. (requested by StellarOrchid)\n|\n|t:|1697177872\n|start\n|switch|p1a: Jirachi|Jirachi, shiny|100\/100\n|switch|p1b: Pickle Tickle|Tentacruel, M, shiny|100\/100\n|switch|p2a: Primarina|Primarina, M, shiny|100\/100\n|switch|p2b: Hatterene|Hatterene, F|100\/100\n|turn|1\n|inactive|LowksterP has 120 seconds left.\n|\n|t:|1697177923\n|move|p1a: Jirachi|Cosmic Power|p1a: Jirachi\n|-boost|p1a: Jirachi|def|1\n|-boost|p1a: Jirachi|spd|1\n|move|p1b: Pickle Tickle|Acupressure|p1a: Jirachi\n|-boost|p1a: Jirachi|spd|2\n|move|p2a: Primarina|Calm Mind|p2a: Primarina\n|-boost|p2a: Primarina|spa|1\n|-boost|p2a: Primarina|spd|1\n|move|p2b: Hatterene|Trick Room|p2b: Hatterene\n|-fieldstart|move: Trick Room|[of] p2b: Hatterene\n|\n|upkeep\n|turn|2\n|inactive|LowksterP has 120 seconds left.\n|\n|t:|1697177958\n|move|p2b: Hatterene|Thunder Wave|p1a: Jirachi\n|-status|p1a: Jirachi|par\n|move|p2a: Primarina|Hyper Voice|p1b: Pickle Tickle|[spread] p1a,p1b\n|-resisted|p1b: Pickle Tickle\n|-damage|p1a: Jirachi|80\/100 par\n|-damage|p1b: Pickle Tickle|72\/100\n|move|p1a: Jirachi|Ancient Power|p2b: Hatterene\n|-damage|p2b: Hatterene|83\/100\n|move|p1b: Pickle Tickle|Knock Off|p2b: Hatterene\n|-damage|p2b: Hatterene|67\/100\n|-damage|p1b: Pickle Tickle|56\/100|[from] item: Rocky Helmet|[of] p2b: Hatterene\n|-enditem|p2b: Hatterene|Rocky Helmet|[from] move: Knock Off|[of] p1b: Pickle Tickle\n|\n|-heal|p1a: Jirachi|86\/100 par|[from] item: Leftovers\n|upkeep\n|turn|3\n|inactive|LowksterP has 90 seconds left.\n|inactive|StellarOrchid has 120 seconds left.\n|\n|t:|1697178017\n|switch|p2b: Sinistcha|Sinistcha|100\/100\n|move|p2a: Primarina|Moonblast|p1b: Pickle Tickle\n|-resisted|p1b: Pickle Tickle\n|-damage|p1b: Pickle Tickle|14\/100\n|move|p1a: Jirachi|Cosmic Power|p1a: Jirachi\n|-boost|p1a: Jirachi|def|1\n|-boost|p1a: Jirachi|spd|1\n|move|p1b: Pickle Tickle|Acupressure|p1a: Jirachi\n|-boost|p1a: Jirachi|accuracy|2\n|\n|-heal|p1a: Jirachi|92\/100 par|[from] item: Leftovers\n|upkeep\n|turn|4\n|inactive|StellarOrchid has 120 seconds left.\n|inactive|LowksterP has 60 seconds left.\n|\n|t:|1697178051\n|switch|p1b: Celebi|Celebi, shiny|100\/100\n|move|p2a: Primarina|Moonblast|p1b: Celebi\n|-damage|p1b: Celebi|19\/100\n|move|p2b: Sinistcha|Strength Sap|p1a: Jirachi\n|-unboost|p1a: Jirachi|atk|1\n|cant|p1a: Jirachi|par\n|\n|-heal|p1a: Jirachi|98\/100 par|[from] item: Leftovers\n|-heal|p1b: Celebi|25\/100|[from] item: Leftovers\n|upkeep\n|turn|5\n|inactive|LowksterP has 60 seconds left.\n|inactive|LowksterP has 30 seconds left.\n|\n|t:|1697178108\n|switch|p1b: Muk|Muk-Alola, M, shiny|100\/100\n|-terastallize|p2a: Primarina|Water\n|move|p2a: Primarina|Hyper Voice|p1a: Jirachi|[spread] p1a,p1b\n|-damage|p1a: Jirachi|74\/100 par\n|-damage|p1b: Muk|26\/100\n|move|p2b: Sinistcha|Strength Sap|p1a: Jirachi\n|-unboost|p1a: Jirachi|atk|1\n|move|p1a: Jirachi|Cosmic Power|p1a: Jirachi\n|-boost|p1a: Jirachi|def|1\n|-boost|p1a: Jirachi|spd|1\n|\n|-heal|p1a: Jirachi|81\/100 par|[from] item: Leftovers\n|-fieldend|move: Trick Room\n|upkeep\n|turn|6\n|inactive|LowksterP has 30 seconds left.\n|inactive|LowksterP has 20 seconds left.\n|inactive|LowksterP has 15 seconds left.\n|\n|t:|1697178151\n|cant|p1a: Jirachi|par\n|move|p1b: Muk|Clear Smog|p2a: Primarina\n|-damage|p2a: Primarina|92\/100\n|-clearboost|p2a: Primarina\n|move|p2a: Primarina|Hyper Voice|p1b: Muk|[spread] p1a,p1b\n|-damage|p1a: Jirachi|66\/100 par\n|-damage|p1b: Muk|0 fnt\n|faint|p1b: Muk\n|move|p2b: Sinistcha|Trick Room|p2b: Sinistcha\n|-fieldstart|move: Trick Room|[of] p2b: Sinistcha\n|\n|-heal|p2a: Primarina|98\/100|[from] item: Leftovers\n|-heal|p1a: Jirachi|73\/100 par|[from] item: Leftovers\n|upkeep\n|inactive|LowksterP has 20 seconds left this turn.\n|inactive|LowksterP has 15 seconds left.\n|inactive|LowksterP has 10 seconds left.\n|\n|t:|1697178162\n|switch|p1b: Celebi|Celebi, shiny|25\/100\n|turn|7\n|inactive|LowksterP has 30 seconds left.\n|inactive|LowksterP has 20 seconds left.\n|\n|t:|1697178181\n|move|p2a: Primarina|Moonblast|p1b: Celebi\n|-damage|p1b: Celebi|0 fnt\n|faint|p1b: Celebi\n|move|p2b: Sinistcha|Matcha Gotcha|p1a: Jirachi\n|-resisted|p1a: Jirachi\n|-damage|p1a: Jirachi|68\/100 par\n|move|p1a: Jirachi|Cosmic Power|p1a: Jirachi\n|-boost|p1a: Jirachi|def|1\n|-boost|p1a: Jirachi|spd|1\n|\n|-heal|p2a: Primarina|100\/100|[from] item: Leftovers\n|-heal|p1a: Jirachi|74\/100 par|[from] item: Leftovers\n|upkeep\n|inactive|LowksterP has 25 seconds left this turn.\n|inactive|LowksterP has 20 seconds left.\n|\n|t:|1697178188\n|switch|p1b: Altaria|Altaria, M, shiny|100\/100\n|-ability|p1b: Altaria|Cloud Nine\n|turn|8\n|inactive|LowksterP has 30 seconds left.\n|inactive|LowksterP has 20 seconds left.\n|\n|t:|1697178217\n|move|p2a: Primarina|Moonblast|p1b: Altaria\n|-supereffective|p1b: Altaria\n|-damage|p1b: Altaria|0 fnt\n|faint|p1b: Altaria\n|move|p2b: Sinistcha|Strength Sap|p1a: Jirachi\n|-unboost|p1a: Jirachi|atk|1\n|move|p1a: Jirachi|Baton Pass|p1a: Jirachi\n|inactive|LowksterP has 25 seconds left this turn.\n|inactive|LowksterP has 20 seconds left.\n|inactive|LowksterP has 15 seconds left.\n|\n|t:|1697178229\n|switch|p1a: Arcanine|Arcanine, M, shiny|100\/100|[from] Baton Pass\n|-ability|p1a: Arcanine|Intimidate|boost\n|-unboost|p2a: Primarina|atk|1\n|-unboost|p2b: Sinistcha|atk|1\n|\n|upkeep\n|inactive|LowksterP has 20 seconds left this turn.\n|inactive|LowksterP has 15 seconds left.\n|\n|t:|1697178239\n|switch|p1b: Pickle Tickle|Tentacruel, M, shiny|14\/100\n|turn|9\n|inactive|LowksterP has 30 seconds left.\n|\n|t:|1697178254\n|move|p2a: Primarina|Hyper Voice|p1a: Arcanine|[spread] p1a,p1b\n|-supereffective|p1a: Arcanine\n|-resisted|p1b: Pickle Tickle\n|-damage|p1a: Arcanine|73\/100\n|-damage|p1b: Pickle Tickle|0 fnt\n|faint|p1b: Pickle Tickle\n|move|p2b: Sinistcha|Strength Sap|p1a: Arcanine\n|-unboost|p1a: Arcanine|atk|1\n|move|p1a: Arcanine|Mud-Slap|p2a: Primarina\n|-crit|p2a: Primarina\n|-damage|p2a: Primarina|94\/100\n|-unboost|p2a: Primarina|accuracy|1\n|\n|-heal|p2a: Primarina|99\/100|[from] item: Leftovers\n|-heal|p1a: Arcanine|79\/100|[from] item: Leftovers\n|upkeep\n|inactive|LowksterP has 30 seconds left.\n|inactive|LowksterP has 20 seconds left.\n|\n|t:|1697178270\n|switch|p1b: Jirachi|Jirachi, shiny|74\/100 par\n|turn|10\n|\n|t:|1697178282\n|move|p2b: Sinistcha|Rage Powder|p2b: Sinistcha\n|-singleturn|p2b: Sinistcha|move: Rage Powder\n|move|p2a: Primarina|Hyper Voice|p1a: Arcanine|[spread] p1a,p1b\n|-supereffective|p1a: Arcanine\n|-damage|p1a: Arcanine|47\/100\n|-damage|p1b: Jirachi|26\/100 par\n|cant|p1b: Jirachi|par\n|move|p1a: Arcanine|Mud-Slap|p2b: Sinistcha\n|-resisted|p2b: Sinistcha\n|-damage|p2b: Sinistcha|98\/100\n|-unboost|p2b: Sinistcha|accuracy|1\n|\n|-heal|p2a: Primarina|100\/100|[from] item: Leftovers\n|-heal|p1b: Jirachi|32\/100 par|[from] item: Leftovers\n|-heal|p1a: Arcanine|53\/100|[from] item: Leftovers\n|-fieldend|move: Trick Room\n|upkeep\n|turn|11\n|inactive|LowksterP has 30 seconds left.\n|\n|t:|1697178320\n|move|p1a: Arcanine|Heat Wave|p2b: Sinistcha|[spread] p2a,p2b\n|-resisted|p2a: Primarina\n|-supereffective|p2b: Sinistcha\n|-damage|p2a: Primarina|90\/100\n|-damage|p2b: Sinistcha|37\/100\n|-enditem|p2b: Sinistcha|Sitrus Berry|[eat]\n|-heal|p2b: Sinistcha|62\/100|[from] item: Sitrus Berry\n|cant|p1b: Jirachi|par\n|move|p2a: Primarina|Hyper Voice|p1a: Arcanine|[spread] p1a,p1b\n|-supereffective|p1a: Arcanine\n|-damage|p1a: Arcanine|26\/100\n|-damage|p1b: Jirachi|0 fnt\n|faint|p1b: Jirachi\n|move|p2b: Sinistcha|Trick Room|p2b: Sinistcha\n|-fieldstart|move: Trick Room|[of] p2b: Sinistcha\n|\n|-heal|p2a: Primarina|96\/100|[from] item: Leftovers\n|-heal|p1a: Arcanine|32\/100|[from] item: Leftovers\n|upkeep\n|turn|12\n|\n|t:|1697178341\n|switch|p2a: Iron Hands|Iron Hands|100\/100\n|switch|p2b: Ursaluna|Ursaluna-Bloodmoon, M|100\/100\n|move|p1a: Arcanine|Heat Wave|p2a: Iron Hands|[spread] p2a,p2b\n|-damage|p2a: Iron Hands|84\/100\n|-damage|p2b: Ursaluna|79\/100\n|\n|-heal|p1a: Arcanine|38\/100|[from] item: Leftovers\n|upkeep\n|turn|13\n|inactive|LowksterP has 60 seconds left.\n|\n|t:|1697178354\n|move|p2a: Iron Hands|Fake Out|p1a: Arcanine\n|-damage|p1a: Arcanine|32\/100\n|move|p2b: Ursaluna|Blood Moon|p1a: Arcanine\n|-damage|p1a: Arcanine|3\/100\n|-damage|p2b: Ursaluna|69\/100|[from] item: Life Orb\n|cant|p1a: Arcanine|flinch\n|\n|-heal|p1a: Arcanine|9\/100|[from] item: Leftovers\n|upkeep\n|turn|14\n|\n|t:|1697178365\n|-terastallize|p1a: Arcanine|Water\n|move|p2a: Iron Hands|Stomping Tantrum|p1a: Arcanine\n|-damage|p1a: Arcanine|0 fnt\n|faint|p1a: Arcanine\n|\n|win|StellarOrchid\n|raw|LowksterP's rating: 1071 &rarr; <strong>1056<\/strong><br \/>(-15 for losing)\n|raw|StellarOrchid's rating: 1176 &rarr; <strong>1194<\/strong><br \/>(+18 for winning)\n|l|\u2606LowksterP\n","uploadtime":1697178377,"views":11,"p1id":"lowksterp","p2id":"stellarorchid","formatid":"gen9nationaldexdoubles","rating":1056,"private":0,"password":""}