{"id":"gen9nationaldexdoubles-1964601898","p1":"gdfox802","p2":"Tritus ELITE 4","format":"[Gen 9] National Dex Doubles","log":"|j|\u2606gdfox802\n|j|\u2606Tritus ELITE 4\n|t:|1696984613\n|gametype|doubles\n|player|p1|gdfox802|cilan|1166\n|player|p2|Tritus ELITE 4|wulfric|1146\n|teamsize|p1|6\n|teamsize|p2|6\n|gen|9\n|tier|[Gen 9] National Dex Doubles\n|rated|\n|rule|HP Percentage Mod: HP is shown in percentages\n|rule|Endless Battle Clause: Forcing endless battles is banned\n|rule|OHKO Clause: OHKO moves are banned\n|rule|Evasion Moves Clause: Evasion moves are banned\n|rule|Evasion Abilities Clause: Evasion abilities are banned\n|rule|Species Clause: Limit one of each Pok\u00e9mon\n|rule|Gravity Sleep Clause: The combination of sleep-inducing moves with imperfect accuracy and Gravity or Gigantamax Orbeetle are banned\n|clearpoke\n|poke|p1|Eevee, F|\n|poke|p1|Gardevoir, M|\n|poke|p1|Indeedee-F, F|\n|poke|p1|Palafin, M|\n|poke|p1|Armarouge, F|\n|poke|p1|Dragapult, M|\n|poke|p2|Basculegion-F, F|\n|poke|p2|Swampert, M|\n|poke|p2|Pelipper, F|\n|poke|p2|Araquanid, F|\n|poke|p2|Milotic, F|\n|poke|p2|Ludicolo, M|\n|teampreview\n|inactive|Battle timer is ON: inactive players will automatically lose when time's up. (requested by Tritus ELITE 4)\n|\n|t:|1696984628\n|start\n|switch|p1a: :>|Eevee, F|100\/100\n|switch|p1b: oveja|Indeedee-F, F|100\/100\n|switch|p2a: Pelipper|Pelipper, F|100\/100\n|switch|p2b: Swampert|Swampert, M|100\/100\n|-fieldstart|move: Psychic Terrain|[from] ability: Psychic Surge|[of] p1b: oveja\n|-weather|RainDance|[from] ability: Drizzle|[of] p2a: Pelipper\n|turn|1\n|\n|t:|1696984643\n|detailschange|p2b: Swampert|Swampert-Mega, M\n|-mega|p2b: Swampert|Swampert|Swampertite\n|move|p1b: oveja|Follow Me|p1b: oveja\n|-singleturn|p1b: oveja|move: Follow Me\n|move|p2b: Swampert|Bulk Up|p2b: Swampert\n|-boost|p2b: Swampert|atk|1\n|-boost|p2b: Swampert|def|1\n|-zpower|p1a: :>\n|move|p1a: :>|Extreme Evoboost|p1a: :>\n|-boost|p1a: :>|atk|2\n|-boost|p1a: :>|def|2\n|-boost|p1a: :>|spa|2\n|-boost|p1a: :>|spd|2\n|-boost|p1a: :>|spe|2\n|move|p2a: Pelipper|Scald|p1b: oveja\n|-damage|p1b: oveja|72\/100\n|-status|p1b: oveja|brn\n|\n|-weather|RainDance|[upkeep]\n|-heal|p1b: oveja|78\/100 brn|[from] item: Leftovers\n|-damage|p1b: oveja|72\/100 brn|[from] brn\n|upkeep\n|turn|2\n|\n|t:|1696984669\n|move|p1a: :>|Reflect|p1a: :>\n|-sidestart|p1: gdfox802|Reflect\n|move|p2b: Swampert|Waterfall|p1a: :>\n|-damage|p1a: :>|7\/100\n|move|p1b: oveja|Expanding Force|p2b: Swampert|[spread] p2a,p2b\n|-damage|p2a: Pelipper|58\/100\n|-damage|p2b: Swampert|67\/100\n|move|p2a: Pelipper|Scald|p1a: :>\n|-damage|p1a: :>|0 fnt\n|faint|p1a: :>\n|\n|-weather|RainDance|[upkeep]\n|-heal|p1b: oveja|78\/100 brn|[from] item: Leftovers\n|-heal|p2a: Pelipper|64\/100|[from] item: Leftovers\n|-damage|p1b: oveja|72\/100 brn|[from] brn\n|upkeep\n|inactive|gdfox802 has 120 seconds left.\n|\n|t:|1696984706\n|switch|p1a: arturo cornado|Dragapult, M|100\/100\n|turn|3\n|\n|t:|1696984727\n|move|p1b: oveja|Follow Me|p1b: oveja\n|-singleturn|p1b: oveja|move: Follow Me\n|move|p1a: arturo cornado|Shadow Ball|p2b: Swampert\n|-damage|p2b: Swampert|28\/100\n|-unboost|p2b: Swampert|spd|1\n|-damage|p1a: arturo cornado|91\/100|[from] item: Life Orb\n|move|p2b: Swampert|Waterfall|p1b: oveja\n|-damage|p1b: oveja|0 fnt\n|faint|p1b: oveja\n|move|p2a: Pelipper|Scald|p1a: arturo cornado\n|-resisted|p1a: arturo cornado\n|-damage|p1a: arturo cornado|63\/100\n|-status|p1a: arturo cornado|brn\n|\n|-weather|RainDance|[upkeep]\n|-heal|p2a: Pelipper|70\/100|[from] item: Leftovers\n|-damage|p1a: arturo cornado|57\/100 brn|[from] brn\n|upkeep\n|inactive|gdfox802 has 90 seconds left.\n|\n|t:|1696984754\n|switch|p1b: Vanesa|Gardevoir, M|100\/100\n|-ability|p1b: Vanesa|Swift Swim|[from] ability: Trace|[of] p2b: Swampert\n|turn|4\n|\n|t:|1696984771\n|move|p1b: Vanesa|Focus Blast|p2b: Swampert\n|-damage|p2b: Swampert|0 fnt\n|faint|p2b: Swampert\n|move|p1a: arturo cornado|Thunderbolt|p2a: Pelipper\n|-supereffective|p2a: Pelipper\n|-damage|p2a: Pelipper|0 fnt\n|faint|p2a: Pelipper\n|-damage|p1a: arturo cornado|48\/100 brn|[from] item: Life Orb\n|\n|-weather|RainDance|[upkeep]\n|-damage|p1a: arturo cornado|42\/100 brn|[from] brn\n|upkeep\n|\n|t:|1696984785\n|switch|p2b: Ludicolo|Ludicolo, M|100\/100\n|switch|p2a: Basculegion|Basculegion-F, F|100\/100\n|turn|5\n|inactive|gdfox802 has 120 seconds left.\n|\n|t:|1696984819\n|move|p1b: Vanesa|Hyper Voice|p2b: Ludicolo|[spread] p2b\n|-immune|p2a: Basculegion\n|-damage|p2b: Ludicolo|76\/100\n|move|p1a: arturo cornado|Shadow Ball|p2a: Basculegion\n|-supereffective|p2a: Basculegion\n|-damage|p2a: Basculegion|0 fnt\n|faint|p2a: Basculegion\n|-damage|p1a: arturo cornado|32\/100 brn|[from] item: Life Orb\n|move|p2b: Ludicolo|Waterfall|p1b: Vanesa\n|-damage|p1b: Vanesa|25\/100\n|-damage|p2b: Ludicolo|66\/100|[from] item: Life Orb\n|\n|-weather|none\n|-damage|p1a: arturo cornado|26\/100 brn|[from] brn\n|-fieldend|move: Psychic Terrain\n|upkeep\n|\n|t:|1696984842\n|switch|p2a: Milotic|Milotic, F|100\/100\n|turn|6\n|\n|t:|1696984851\n|detailschange|p1b: Vanesa|Gardevoir-Mega, M\n|-mega|p1b: Vanesa|Gardevoir|Gardevoirite\n|move|p1a: arturo cornado|Dragon Darts|p2a: Milotic\n|-damage|p2a: Milotic|85\/100\n|-anim|p1a: arturo cornado|Dragon Darts|p2b: Ludicolo\n|-damage|p2b: Ludicolo|47\/100\n|-damage|p1a: arturo cornado|16\/100 brn|[from] item: Life Orb\n|move|p1b: Vanesa|Hyper Voice|p2a: Milotic|[spread] p2a,p2b\n|-damage|p2a: Milotic|53\/100\n|-damage|p2b: Ludicolo|0 fnt\n|faint|p2b: Ludicolo\n|move|p2a: Milotic|Coil|p2a: Milotic\n|-boost|p2a: Milotic|atk|1\n|-boost|p2a: Milotic|def|1\n|-boost|p2a: Milotic|accuracy|1\n|\n|-heal|p2a: Milotic|59\/100|[from] item: Leftovers\n|-damage|p1a: arturo cornado|10\/100 brn|[from] brn\n|-sideend|p1: gdfox802|Reflect\n|upkeep\n|\n|t:|1696984863\n|switch|p2b: Araquanid|Araquanid, F|100\/100\n|turn|7\n|\n|t:|1696984871\n|move|p1a: arturo cornado|Thunderbolt|p2a: Milotic\n|-supereffective|p2a: Milotic\n|-damage|p2a: Milotic|15\/100\n|-damage|p1a: arturo cornado|0 fnt|[from] item: Life Orb\n|faint|p1a: arturo cornado\n|move|p1b: Vanesa|Hyper Voice|p2b: Araquanid|[spread] p2a,p2b\n|-damage|p2a: Milotic|0 fnt\n|-damage|p2b: Araquanid|55\/100\n|faint|p2a: Milotic\n|move|p2b: Araquanid|Liquidation|p1b: Vanesa\n|-damage|p1b: Vanesa|0 fnt\n|faint|p1b: Vanesa\n|-damage|p2b: Araquanid|45\/100|[from] item: Life Orb\n|\n|upkeep\n|\n|t:|1696984885\n|switch|p1a: amo dum|Palafin, M|100\/100\n|switch|p1b: el ario|Armarouge, F|100\/100\n|turn|8\n|\n|t:|1696984895\n|move|p1b: el ario|Helping Hand|p1a: amo dum\n|-singleturn|p1a: amo dum|Helping Hand|[of] p1b: el ario\n|move|p1a: amo dum|Outrage|p2b: Araquanid\n|-damage|p2b: Araquanid|0 fnt\n|faint|p2b: Araquanid\n|-damage|p1a: amo dum|91\/100|[from] item: Life Orb\n|\n|win|gdfox802\n|raw|gdfox802's rating: 1166 &rarr; <strong>1190<\/strong><br \/>(+24 for winning)\n|raw|Tritus ELITE 4's rating: 1146 &rarr; <strong>1122<\/strong><br \/>(-24 for losing)\n","uploadtime":1696984902,"views":10,"p1id":"gdfox802","p2id":"trituselite4","formatid":"gen9nationaldexdoubles","rating":1122,"private":0,"password":""}