{"id":"gen9nationaldexdoubles-1976405735","p1":"Marcichan0712","p2":"Theadonia","format":"[Gen 9] National Dex Doubles","log":"|j|\u2606Marcichan0712\n|j|\u2606Theadonia\n|t:|1698297756\n|gametype|doubles\n|player|p1|Marcichan0712|steven|1000\n|player|p2|Theadonia|roxie|1087\n|teamsize|p1|6\n|teamsize|p2|6\n|gen|9\n|tier|[Gen 9] National Dex Doubles\n|rated|\n|rule|HP Percentage Mod: HP is shown in percentages\n|rule|Endless Battle Clause: Forcing endless battles is banned\n|rule|OHKO Clause: OHKO moves are banned\n|rule|Evasion Moves Clause: Evasion moves are banned\n|rule|Evasion Abilities Clause: Evasion abilities are banned\n|rule|Species Clause: Limit one of each Pok\u00e9mon\n|rule|Gravity Sleep Clause: The combination of sleep-inducing moves with imperfect accuracy and Gravity or Gigantamax Orbeetle are banned\n|clearpoke\n|poke|p1|Chien-Pao|\n|poke|p1|Salamence, F|\n|poke|p1|Zamazenta-*|\n|poke|p1|Tapu Fini|\n|poke|p1|Rillaboom, M|\n|poke|p1|Cresselia, F|\n|poke|p2|Delphox, F|\n|poke|p2|Oricorio-Sensu, M|\n|poke|p2|Kommo-o, M|\n|poke|p2|Wailord, M|\n|poke|p2|Cresselia, F|\n|poke|p2|Ribombee, M|\n|teampreview\n|\n|t:|1698297765\n|start\n|switch|p1a: Zamazenta|Zamazenta|100\/100\n|switch|p1b: Tapu Fini|Tapu Fini, shiny|100\/100\n|switch|p2a: Oricorio|Oricorio-Sensu, M, shiny|100\/100\n|switch|p2b: Ribombee|Ribombee, M|100\/100\n|-ability|p1a: Zamazenta|Dauntless Shield|boost\n|-boost|p1a: Zamazenta|def|1\n|-fieldstart|move: Misty Terrain|[from] ability: Misty Surge|[of] p1b: Tapu Fini\n|turn|1\n|\n|t:|1698297790\n|move|p1a: Zamazenta|Coaching|p1b: Tapu Fini\n|-boost|p1b: Tapu Fini|atk|1\n|-boost|p1b: Tapu Fini|def|1\n|move|p2b: Ribombee|Quiver Dance|p2b: Ribombee\n|-boost|p2b: Ribombee|spa|1\n|-boost|p2b: Ribombee|spd|1\n|-boost|p2b: Ribombee|spe|1\n|-activate|p2a: Oricorio|ability: Dancer\n|move|p2a: Oricorio|Quiver Dance|p2a: Oricorio|[from]ability: Dancer\n|-boost|p2a: Oricorio|spa|1\n|-boost|p2a: Oricorio|spd|1\n|-boost|p2a: Oricorio|spe|1\n|move|p2a: Oricorio|Quiver Dance|p2a: Oricorio\n|-boost|p2a: Oricorio|spa|1\n|-boost|p2a: Oricorio|spd|1\n|-boost|p2a: Oricorio|spe|1\n|move|p1b: Tapu Fini|Calm Mind|p1b: Tapu Fini\n|-boost|p1b: Tapu Fini|spa|1\n|-boost|p1b: Tapu Fini|spd|1\n|\n|upkeep\n|turn|2\n|\n|t:|1698297816\n|move|p2b: Ribombee|Dazzling Gleam|p1a: Zamazenta|[spread] p1a,p1b\n|-supereffective|p1a: Zamazenta\n|-damage|p1a: Zamazenta|39\/100\n|-damage|p1b: Tapu Fini|80\/100\n|-enditem|p1a: Zamazenta|Sitrus Berry|[eat]\n|-heal|p1a: Zamazenta|64\/100|[from] item: Sitrus Berry\n|move|p2a: Oricorio|Baton Pass|p2a: Oricorio\n|\n|t:|1698297824\n|switch|p2a: Wailord|Wailord, M, shiny|100\/100|[from] Baton Pass\n|-ability|p2a: Wailord|Pressure\n|move|p1a: Zamazenta|Snarl|p2b: Ribombee|[spread] p2a,p2b\n|-resisted|p2b: Ribombee\n|-damage|p2a: Wailord|96\/100\n|-damage|p2b: Ribombee|97\/100\n|-unboost|p2a: Wailord|spa|1\n|-unboost|p2b: Ribombee|spa|1\n|move|p1b: Tapu Fini|Muddy Water|p2b: Ribombee|[spread] p2a,p2b\n|-resisted|p2a: Wailord\n|-damage|p2a: Wailord|85\/100\n|-damage|p2b: Ribombee|51\/100\n|-unboost|p2b: Ribombee|accuracy|1\n|\n|-heal|p2a: Wailord|91\/100|[from] item: Leftovers\n|-heal|p1b: Tapu Fini|87\/100|[from] item: Leftovers\n|upkeep\n|turn|3\n|\n|t:|1698297850\n|-terastallize|p2a: Wailord|Water\n|-terastallize|p1b: Tapu Fini|Steel\n|move|p1a: Zamazenta|Wide Guard|p1a: Zamazenta\n|-singleturn|p1a: Zamazenta|Wide Guard\n|move|p2b: Ribombee|Speed Swap|p2a: Wailord\n|-activate|p2b: Ribombee|move: Speed Swap|[of] p2a: Wailord\n|move|p2a: Wailord|Water Spout|p1b: Tapu Fini|[spread] \n|-activate|p1a: Zamazenta|move: Wide Guard\n|-activate|p1b: Tapu Fini|move: Wide Guard\n|move|p1b: Tapu Fini|Calm Mind|p1b: Tapu Fini\n|-boost|p1b: Tapu Fini|spa|1\n|-boost|p1b: Tapu Fini|spd|1\n|\n|-heal|p2a: Wailord|97\/100|[from] item: Leftovers\n|-heal|p1b: Tapu Fini|93\/100|[from] item: Leftovers\n|upkeep\n|turn|4\n|\n|t:|1698297881\n|move|p1a: Zamazenta|Wide Guard|p1a: Zamazenta\n|-singleturn|p1a: Zamazenta|Wide Guard\n|move|p2a: Wailord|Hidden Power|p1a: Zamazenta\n|-damage|p1a: Zamazenta|43\/100\n|move|p2b: Ribombee|Pollen Puff|p1a: Zamazenta\n|-resisted|p1a: Zamazenta\n|-damage|p1a: Zamazenta|26\/100\n|move|p1b: Tapu Fini|Moonblast|p2a: Wailord\n|-damage|p2a: Wailord|50\/100\n|-unboost|p2a: Wailord|spa|1\n|\n|-heal|p2a: Wailord|57\/100|[from] item: Leftovers\n|-heal|p1b: Tapu Fini|99\/100|[from] item: Leftovers\n|upkeep\n|turn|5\n|\n|t:|1698297909\n|switch|p2a: Cresselia|Cresselia, F|100\/100\n|move|p1a: Zamazenta|Snarl|p2b: Ribombee|[spread] p2a,p2b\n|-supereffective|p2a: Cresselia\n|-resisted|p2b: Ribombee\n|-damage|p2a: Cresselia|91\/100\n|-damage|p2b: Ribombee|47\/100\n|-unboost|p2a: Cresselia|spa|1\n|-unboost|p2b: Ribombee|spa|1\n|move|p2b: Ribombee|Speed Swap|p1b: Tapu Fini\n|-activate|p2b: Ribombee|move: Speed Swap|[of] p1b: Tapu Fini\n|move|p1b: Tapu Fini|Muddy Water|p2b: Ribombee|[spread] p2a,p2b\n|-damage|p2a: Cresselia|60\/100\n|-damage|p2b: Ribombee|0 fnt\n|faint|p2b: Ribombee\n|\n|-heal|p2a: Cresselia|66\/100|[from] item: Leftovers\n|-heal|p1b: Tapu Fini|100\/100|[from] item: Leftovers\n|-fieldend|Misty Terrain\n|upkeep\n|\n|t:|1698297922\n|switch|p2b: Kommo-o|Kommo-o, M, shiny|100\/100\n|turn|6\n|\n|t:|1698297932\n|switch|p2b: Delphox|Delphox, F, shiny|100\/100\n|move|p1a: Zamazenta|Coaching|p1b: Tapu Fini\n|-boost|p1b: Tapu Fini|atk|1\n|-boost|p1b: Tapu Fini|def|1\n|move|p2a: Cresselia|Psych Up|p1b: Tapu Fini\n|-copyboost|p2a: Cresselia|p1b: Tapu Fini|[from] move: Psych Up\n|move|p1b: Tapu Fini|Moonblast|p2b: Delphox\n|-resisted|p2b: Delphox\n|-damage|p2b: Delphox|57\/100\n|\n|-heal|p2a: Cresselia|72\/100|[from] item: Leftovers\n|upkeep\n|turn|7\n|\n|t:|1698297953\n|switch|p2b: Kommo-o|Kommo-o, M, shiny|100\/100\n|move|p1a: Zamazenta|Snarl|p2a: Cresselia|[spread] \n|-immune|p2b: Kommo-o|[from] ability: Soundproof\n|-miss|p1a: Zamazenta|p2a: Cresselia\n|move|p2a: Cresselia|Stored Power|p1a: Zamazenta\n|-supereffective|p1a: Zamazenta\n|-damage|p1a: Zamazenta|0 fnt\n|faint|p1a: Zamazenta\n|move|p1b: Tapu Fini|Muddy Water|p2b: Kommo-o|[spread] p2a,p2b\n|-crit|p2a: Cresselia\n|-resisted|p2b: Kommo-o\n|-damage|p2a: Cresselia|17\/100\n|-damage|p2b: Kommo-o|69\/100\n|\n|-heal|p2a: Cresselia|23\/100|[from] item: Leftovers\n|upkeep\n|c|\u2606Marcichan0712|HOMOSEXUAL DE MIERDA, NO SIRVES PARA NADA. OJAL\u00c1 VAYAS A ALEMANIA Y HITLER TE ENCIERRE EN SU CAMPO DE CONCENTRACION Y QUE PUTIN TE META UNA BOMBA EN EL CULO POR SER CABRO Y GAY\n|j| eltrenblun\n|\n|t:|1698298045\n|switch|p1a: Cresselia|Cresselia, F, shiny|100\/100\n|turn|8\n|c|\u2606Theadonia|Oh this is going to youtube\n|\n|t:|1698298060\n|move|p1a: Cresselia|Ally Switch|p1a: Cresselia\n|swap|p1a: Cresselia|1|[from] move: Ally Switch\n|-zpower|p2b: Kommo-o\n|move|p2b: Kommo-o|Clangorous Soulblaze|p1a: Tapu Fini|[zeffect]|[spread] p1a,p1b\n|-resisted|p1a: Tapu Fini\n|-damage|p1a: Tapu Fini|91\/100\n|-damage|p1b: Cresselia|70\/100\n|-boost|p2b: Kommo-o|atk|1\n|-boost|p2b: Kommo-o|def|1\n|-boost|p2b: Kommo-o|spa|1\n|-boost|p2b: Kommo-o|spd|1\n|-boost|p2b: Kommo-o|spe|1\n|move|p2a: Cresselia|Lunar Blessing|p2a: Cresselia|[spread] p2a,p2b\n|-heal|p2a: Cresselia|48\/100\n|-heal|p2b: Kommo-o|94\/100\n|move|p1a: Tapu Fini|Muddy Water|p2a: Cresselia|[spread] p2a,p2b\n|-crit|p2a: Cresselia\n|-resisted|p2b: Kommo-o\n|-damage|p2a: Cresselia|0 fnt\n|-damage|p2b: Kommo-o|72\/100\n|faint|p2a: Cresselia\n|\n|-heal|p1b: Cresselia|76\/100|[from] item: Leftovers\n|-heal|p1a: Tapu Fini|97\/100|[from] item: Leftovers\n|upkeep\n|c| eltrenblun|hi youtube\n|n|!Marcichan0712|marcichan0712\n|\n|t:|1698298109\n|switch|p2a: Delphox|Delphox, F, shiny|57\/100\n|turn|9\n|\n|t:|1698298144\n|move|p2b: Kommo-o|Drain Punch|p1a: Tapu Fini\n|-supereffective|p1a: Tapu Fini\n|-damage|p1a: Tapu Fini|54\/100\n|-heal|p2b: Kommo-o|98\/100|[from] drain|[of] p1a: Tapu Fini\n|move|p2a: Delphox|Heat Wave|p1a: Tapu Fini|[spread] p1a,p1b\n|-supereffective|p1a: Tapu Fini\n|-damage|p1a: Tapu Fini|28\/100\n|-damage|p1b: Cresselia|55\/100\n|move|p1b: Cresselia|Light Screen|p1b: Cresselia\n|-sidestart|p1: Marcichan0712|move: Light Screen\n|move|p1a: Tapu Fini|Moonblast|p2b: Kommo-o\n|-supereffective|p2b: Kommo-o\n|-damage|p2b: Kommo-o|0 fnt\n|faint|p2b: Kommo-o\n|\n|-heal|p1b: Cresselia|62\/100|[from] item: Leftovers\n|-heal|p1a: Tapu Fini|34\/100|[from] item: Leftovers\n|upkeep\n|\n|t:|1698298159\n|switch|p2b: Oricorio|Oricorio-Sensu, M, shiny|100\/100\n|turn|10\n|c| eltrenblun|they banned my friend\n|\n|t:|1698298192\n|move|p2a: Delphox|Heat Wave|p1a: Tapu Fini|[spread] p1a,p1b\n|-supereffective|p1a: Tapu Fini\n|-damage|p1a: Tapu Fini|16\/100\n|-damage|p1b: Cresselia|46\/100\n|move|p2b: Oricorio|Quiver Dance|p2b: Oricorio\n|-boost|p2b: Oricorio|spa|1\n|-boost|p2b: Oricorio|spd|1\n|-boost|p2b: Oricorio|spe|1\n|move|p1b: Cresselia|Dazzling Gleam|p2a: Delphox|[spread] p2a,p2b\n|-resisted|p2a: Delphox\n|-damage|p2a: Delphox|51\/100\n|-damage|p2b: Oricorio|91\/100\n|move|p1a: Tapu Fini|Muddy Water|p2b: Oricorio|[spread] p2a,p2b\n|-supereffective|p2a: Delphox\n|-damage|p2a: Delphox|0 fnt\n|-damage|p2b: Oricorio|43\/100\n|faint|p2a: Delphox\n|\n|-heal|p1b: Cresselia|53\/100|[from] item: Leftovers\n|-heal|p1a: Tapu Fini|22\/100|[from] item: Leftovers\n|upkeep\n|c|\u2606Theadonia|Yeah he seemed pressed for no good reason\n|\n|t:|1698298210\n|switch|p2a: Wailord|Wailord, M, shiny, tera:Water|57\/100\n|-ability|p2a: Wailord|Pressure\n|turn|11\n|c|\u2606Theadonia|Idec about winning that was a hilarious toxicity for no good reason\n|\n|t:|1698298265\n|move|p2b: Oricorio|Revelation Dance|p1a: Tapu Fini\n|-damage|p1a: Tapu Fini|10\/100\n|move|p1b: Cresselia|Psychic|p2b: Oricorio\n|-damage|p2b: Oricorio|21\/100\n|-enditem|p2b: Oricorio|Aguav Berry|[eat]\n|-heal|p2b: Oricorio|54\/100|[from] item: Aguav Berry\n|move|p1a: Tapu Fini|Moonblast|p2a: Wailord\n|-damage|p2a: Wailord|0 fnt\n|faint|p2a: Wailord\n|\n|-heal|p1b: Cresselia|59\/100|[from] item: Leftovers\n|-heal|p1a: Tapu Fini|16\/100|[from] item: Leftovers\n|upkeep\n|turn|12\n|c| eltrenblun|well at least u have a good yt video\n|c| eltrenblun|pass ur channel\n|\n|t:|1698298307\n|switch|p1b: Chien-Pao|Chien-Pao|100\/100\n|-ability|p1b: Chien-Pao|Sword of Ruin\n|move|p1a: Tapu Fini|Protect|p1a: Tapu Fini\n|-singleturn|p1a: Tapu Fini|Protect\n|move|p2b: Oricorio|Revelation Dance|p1a: Tapu Fini\n|-activate|p1a: Tapu Fini|move: Protect\n|\n|-heal|p1a: Tapu Fini|22\/100|[from] item: Leftovers\n|upkeep\n|turn|13\n|\n|t:|1698298330\n|move|p1b: Chien-Pao|Throat Chop|p2b: Oricorio\n|-supereffective|p2b: Oricorio\n|-damage|p2b: Oricorio|0 fnt\n|faint|p2b: Oricorio\n|\n|win|Marcichan0712\n|raw|Marcichan0712's rating: 1000 &rarr; <strong>1050<\/strong><br \/>(+50 for winning)\n|raw|Theadonia's rating: 1087 &rarr; <strong>1058<\/strong><br \/>(-29 for losing)\n","uploadtime":1698298013,"views":21,"p1id":"marcichan0712","p2id":"theadonia","formatid":"gen9nationaldexdoubles","rating":1050,"private":0,"password":""}