{"id":"gen9nationaldexdoubles-1966005334","p1":"StevenStoneForReal","p2":"Silent Cosmos","format":"[Gen 9] National Dex Doubles","log":"|j|\u2606StevenStoneForReal\n|j|\u2606Silent Cosmos\n|t:|1697136801\n|gametype|doubles\n|player|p1|StevenStoneForReal|eusine|1286\n|player|p2|Silent Cosmos|ghetsis-gen5bw|1425\n|teamsize|p1|6\n|teamsize|p2|6\n|gen|9\n|tier|[Gen 9] National Dex Doubles\n|rated|\n|rule|HP Percentage Mod: HP is shown in percentages\n|rule|Endless Battle Clause: Forcing endless battles is banned\n|rule|OHKO Clause: OHKO moves are banned\n|rule|Evasion Moves Clause: Evasion moves are banned\n|rule|Evasion Abilities Clause: Evasion abilities are banned\n|rule|Species Clause: Limit one of each Pok\u00e9mon\n|rule|Gravity Sleep Clause: The combination of sleep-inducing moves with imperfect accuracy and Gravity or Gigantamax Orbeetle are banned\n|clearpoke\n|poke|p1|Mawile, M|\n|poke|p1|Goodra, M|\n|poke|p1|Sceptile, M|\n|poke|p1|Ninetales, F|\n|poke|p1|Kingambit, M|\n|poke|p1|Flutter Mane|\n|poke|p2|Latias, F|\n|poke|p2|Tapu Fini|\n|poke|p2|Whimsicott, F|\n|poke|p2|Zygarde|\n|poke|p2|Rillaboom, M|\n|poke|p2|Zamazenta-*|\n|teampreview\n|inactive|Battle timer is ON: inactive players will automatically lose when time's up. (requested by Silent Cosmos)\n|\n|t:|1697136823\n|start\n|switch|p1a: Flutter Mane|Flutter Mane|100\/100\n|switch|p1b: Ninetales|Ninetales, F, shiny|100\/100\n|switch|p2a: Zamazenta|Zamazenta|100\/100\n|switch|p2b: Zygarde|Zygarde|100\/100\n|-ability|p2a: Zamazenta|Dauntless Shield|boost\n|-boost|p2a: Zamazenta|def|1\n|-ability|p2b: Zygarde|Aura Break\n|-weather|SunnyDay|[from] ability: Drought|[of] p1b: Ninetales\n|-activate|p1a: Flutter Mane|ability: Protosynthesis\n|-start|p1a: Flutter Mane|protosynthesisspe\n|turn|1\n|\n|t:|1697136850\n|-terastallize|p2b: Zygarde|Ground\n|move|p2a: Zamazenta|Wide Guard|p2a: Zamazenta\n|-singleturn|p2a: Zamazenta|Wide Guard\n|move|p1a: Flutter Mane|Moonblast|p2a: Zamazenta\n|-supereffective|p2a: Zamazenta\n|-damage|p2a: Zamazenta|0 fnt\n|faint|p2a: Zamazenta\n|move|p2b: Zygarde|Thousand Arrows|p1b: Ninetales|[spread] p1a,p1b\n|-supereffective|p1b: Ninetales\n|-damage|p1a: Flutter Mane|0 fnt\n|-damage|p1b: Ninetales|0 fnt\n|faint|p1a: Flutter Mane\n|-end|p1a: Flutter Mane|Protosynthesis|[silent]\n|faint|p1b: Ninetales\n|\n|-weather|SunnyDay|[upkeep]\n|upkeep\n|\n|t:|1697136870\n|switch|p1a: Sceptile|Sceptile, M|100\/100\n|switch|p2a: Whimsicott|Whimsicott, F|100\/100\n|switch|p1b: Goodra|Goodra, M, shiny|100\/100\n|turn|2\n|\n|t:|1697136883\n|move|p2a: Whimsicott|Tailwind|p2a: Whimsicott\n|-sidestart|p2: Silent Cosmos|move: Tailwind\n|move|p2b: Zygarde|Thousand Arrows|p1a: Sceptile|[spread] p1a,p1b\n|-resisted|p1a: Sceptile\n|-damage|p1a: Sceptile|44\/100\n|-damage|p1b: Goodra|19\/100\n|move|p1a: Sceptile|Solar Blade||[still]\n|-prepare|p1a: Sceptile|Solar Blade\n|-anim|p1a: Sceptile|Solar Blade|p2b: Zygarde\n|-supereffective|p2b: Zygarde\n|-damage|p2b: Zygarde|21\/100\n|move|p1b: Goodra|Acid Armor|p1b: Goodra\n|-boost|p1b: Goodra|def|2\n|\n|-weather|SunnyDay|[upkeep]\n|-heal|p1b: Goodra|26\/100|[from] item: Leftovers\n|upkeep\n|turn|3\n|\n|t:|1697136905\n|move|p2a: Whimsicott|Encore|p1b: Goodra\n|-start|p1b: Goodra|Encore\n|move|p2b: Zygarde|Thousand Arrows|p1a: Sceptile|[spread] p1a,p1b\n|-resisted|p1a: Sceptile\n|-damage|p1a: Sceptile|0 fnt\n|-damage|p1b: Goodra|0 fnt\n|faint|p1a: Sceptile\n|faint|p1b: Goodra\n|\n|-weather|SunnyDay|[upkeep]\n|upkeep\n|\n|t:|1697136915\n|switch|p1a: Kingambit|Kingambit, M|100\/100\n|switch|p1b: Mawile|Mawile, M|100\/100\n|-activate|p1a: Kingambit|ability: Supreme Overlord\n|-start|p1a: Kingambit|fallen4|[silent]\n|-ability|p1b: Mawile|Intimidate|boost\n|-unboost|p2a: Whimsicott|atk|1\n|-unboost|p2b: Zygarde|atk|1\n|turn|4\n|\n|t:|1697136937\n|switch|p2b: Rillaboom|Rillaboom, M|100\/100\n|-fieldstart|move: Grassy Terrain|[from] ability: Grassy Surge|[of] p2b: Rillaboom\n|detailschange|p1b: Mawile|Mawile-Mega, M\n|-mega|p1b: Mawile|Mawile|Mawilite\n|-terastallize|p1a: Kingambit|Dark\n|move|p1a: Kingambit|Sucker Punch||[still]\n|-fail|p1a: Kingambit\n|move|p2a: Whimsicott|Moonblast|p1a: Kingambit\n|-supereffective|p1a: Kingambit\n|-damage|p1a: Kingambit|16\/100\n|move|p1b: Mawile|Iron Head|p2a: Whimsicott\n|-supereffective|p2a: Whimsicott\n|-enditem|p2a: Whimsicott|Focus Sash\n|-damage|p2a: Whimsicott|1\/100\n|\n|-weather|SunnyDay|[upkeep]\n|-heal|p2a: Whimsicott|7\/100|[from] Grassy Terrain\n|-heal|p1a: Kingambit|22\/100|[from] Grassy Terrain\n|upkeep\n|turn|5\n|\n|t:|1697136964\n|move|p2b: Rillaboom|Fake Out|p1b: Mawile\n|-resisted|p1b: Mawile\n|-damage|p1b: Mawile|94\/100\n|move|p2a: Whimsicott|Encore|p1a: Kingambit\n|-hint|Since gen 7, Dark is immune to Prankster moves.\n|-immune|p1a: Kingambit\n|move|p1a: Kingambit|Sucker Punch||[still]\n|-fail|p1a: Kingambit\n|cant|p1b: Mawile|flinch\n|\n|-weather|SunnyDay|[upkeep]\n|-heal|p2a: Whimsicott|13\/100|[from] Grassy Terrain\n|-heal|p1a: Kingambit|28\/100|[from] Grassy Terrain\n|-heal|p1b: Mawile|99\/100|[from] Grassy Terrain\n|-sideend|p2: Silent Cosmos|move: Tailwind\n|upkeep\n|turn|6\n|\n|t:|1697136987\n|switch|p2a: Zygarde|Zygarde, tera:Ground|21\/100\n|-ability|p2a: Zygarde|Aura Break\n|move|p2b: Rillaboom|Grassy Glide|p1a: Kingambit\n|-damage|p1a: Kingambit|0 fnt\n|faint|p1a: Kingambit\n|-end|p1a: Kingambit|fallen4|[silent]\n|move|p1b: Mawile|Iron Head|p2b: Rillaboom\n|-damage|p2b: Rillaboom|27\/100\n|\n|-weather|SunnyDay|[upkeep]\n|-heal|p2a: Zygarde|27\/100|[from] Grassy Terrain\n|-heal|p2b: Rillaboom|33\/100|[from] Grassy Terrain\n|-heal|p1b: Mawile|100\/100|[from] Grassy Terrain\n|upkeep\n|turn|7\n|inactive|Silent Cosmos has 120 seconds left.\n|\n|t:|1697137019\n|move|p2a: Zygarde|Extreme Speed|p1b: Mawile\n|-resisted|p1b: Mawile\n|-damage|p1b: Mawile|84\/100\n|move|p1b: Mawile|Sucker Punch||[still]\n|-fail|p1b: Mawile\n|move|p2b: Rillaboom|Wood Hammer|p1b: Mawile\n|-resisted|p1b: Mawile\n|-damage|p1b: Mawile|44\/100\n|-damage|p2b: Rillaboom|24\/100|[from] Recoil\n|\n|-weather|SunnyDay|[upkeep]\n|-heal|p2a: Zygarde|33\/100|[from] Grassy Terrain\n|-heal|p2b: Rillaboom|30\/100|[from] Grassy Terrain\n|-heal|p1b: Mawile|50\/100|[from] Grassy Terrain\n|upkeep\n|turn|8\n|\n|t:|1697137039\n|switch|p2a: Tapu Fini|Tapu Fini|100\/100\n|-fieldstart|move: Misty Terrain|[from] ability: Misty Surge|[of] p2a: Tapu Fini\n|move|p2b: Rillaboom|Wood Hammer|p1b: Mawile\n|-resisted|p1b: Mawile\n|-damage|p1b: Mawile|17\/100\n|-damage|p2b: Rillaboom|22\/100|[from] Recoil\n|move|p1b: Mawile|Play Rough|p2a: Tapu Fini\n|-crit|p2a: Tapu Fini\n|-damage|p2a: Tapu Fini|3\/100\n|-unboost|p2a: Tapu Fini|atk|1\n|\n|-weather|none\n|-heal|p2a: Tapu Fini|10\/100|[from] item: Leftovers\n|upkeep\n|turn|9\n|\n|t:|1697137064\n|move|p2a: Tapu Fini|Moonblast|p1b: Mawile\n|-resisted|p1b: Mawile\n|-damage|p1b: Mawile|0 fnt\n|faint|p1b: Mawile\n|\n|win|Silent Cosmos\n|raw|StevenStoneForReal's rating: 1286 &rarr; <strong>1271<\/strong><br \/>(-15 for losing)\n|raw|Silent Cosmos's rating: 1425 &rarr; <strong>1437<\/strong><br \/>(+12 for winning)\n|l|\u2606StevenStoneForReal\n","uploadtime":1697139002,"views":3,"p1id":"stevenstoneforreal","p2id":"silentcosmos","formatid":"gen9nationaldexdoubles","rating":1271,"private":0,"password":""}