{"id":"gen9nationaldexdoubles-1989106087","p1":"Holfrost","p2":"thatsrealnito2","format":"[Gen 9] National Dex Doubles","log":"|j|\u2606Holfrost\n|j|\u2606thatsrealnito2\n|t:|1699812838\n|gametype|doubles\n|player|p1|Holfrost|byron|\n|player|p2|thatsrealnito2|bellelba|\n|teamsize|p1|6\n|teamsize|p2|6\n|gen|9\n|tier|[Gen 9] National Dex Doubles\n|rule|HP Percentage Mod: HP is shown in percentages\n|rule|Endless Battle Clause: Forcing endless battles is banned\n|rule|OHKO Clause: OHKO moves are banned\n|rule|Evasion Moves Clause: Evasion moves are banned\n|rule|Evasion Abilities Clause: Evasion abilities are banned\n|rule|Species Clause: Limit one of each Pok\u00e9mon\n|rule|Gravity Sleep Clause: The combination of sleep-inducing moves with imperfect accuracy and Gravity or Gigantamax Orbeetle are banned\n|clearpoke\n|poke|p1|Aggron, F|\n|poke|p1|Corviknight, F|\n|poke|p1|Magnezone|\n|poke|p1|Metagross|\n|poke|p1|Perrserker, M|\n|poke|p1|Steelix, M|\n|poke|p2|Dracozolt|\n|poke|p2|Flygon, F|\n|poke|p2|Appletun, F|\n|poke|p2|Goodra, M|\n|poke|p2|Noivern, M|\n|poke|p2|Turtonator, F|\n|teampreview\n|\n|t:|1699812851\n|start\n|switch|p1a: Metagross|Metagross|100\/100\n|switch|p1b: Perrserker|Perrserker, M|100\/100\n|switch|p2a: zolt|Dracozolt, shiny|100\/100\n|switch|p2b: goggles|Flygon, F|100\/100\n|turn|1\n|\n|t:|1699812873\n|-terastallize|p2a: zolt|Electric\n|move|p2b: goggles|Sandstorm|p2b: goggles\n|-weather|Sandstorm\n|move|p2a: zolt|Bolt Beak|p1b: Perrserker\n|-damage|p1b: Perrserker|0 fnt\n|faint|p1b: Perrserker\n|move|p1a: Metagross|Meteor Mash|p2a: zolt\n|-resisted|p2a: zolt\n|-damage|p2a: zolt|52\/100\n|\n|-weather|Sandstorm|[upkeep]\n|upkeep\n|\n|t:|1699812886\n|switch|p1b: Steelix|Steelix, M|100\/100\n|turn|2\n|\n|t:|1699812901\n|move|p2a: zolt|Bolt Beak|p1a: Metagross\n|-crit|p1a: Metagross\n|-damage|p1a: Metagross|0 fnt\n|faint|p1a: Metagross\n|move|p2b: goggles|Dragon Dance|p2b: goggles\n|-boost|p2b: goggles|atk|1\n|-boost|p2b: goggles|spe|1\n|move|p1b: Steelix|Heavy Slam|p2a: zolt\n|-resisted|p2a: zolt\n|-damage|p2a: zolt|40\/100\n|\n|-weather|Sandstorm|[upkeep]\n|upkeep\n|\n|t:|1699812921\n|switch|p1a: Magnezone|Magnezone|100\/100\n|turn|3\n|\n|t:|1699812938\n|-terastallize|p1b: Steelix|Steel\n|move|p2b: goggles|Dragon Dance|p2b: goggles\n|-boost|p2b: goggles|atk|1\n|-boost|p2b: goggles|spe|1\n|move|p2a: zolt|Fire Spin|p1b: Steelix\n|-supereffective|p1b: Steelix\n|-damage|p1b: Steelix|81\/100\n|-activate|p1b: Steelix|move: Fire Spin|[of] p2a: zolt\n|move|p1a: Magnezone|Hidden Power|p2b: goggles\n|-supereffective|p2b: goggles\n|-damage|p2b: goggles|14\/100\n|move|p1b: Steelix|Heavy Slam|p2a: zolt\n|-resisted|p2a: zolt\n|-damage|p2a: zolt|24\/100\n|\n|-weather|Sandstorm|[upkeep]\n|-heal|p1b: Steelix|88\/100|[from] item: Leftovers\n|-damage|p1b: Steelix|75\/100|[from] move: Fire Spin|[partiallytrapped]\n|upkeep\n|turn|4\n|\n|t:|1699812966\n|move|p2b: goggles|Stone Edge|p1a: Magnezone\n|-resisted|p1a: Magnezone\n|-damage|p1a: Magnezone|61\/100\n|-damage|p2b: goggles|4\/100|[from] item: Life Orb\n|move|p2a: zolt|Draco Meteor|p1b: Steelix|[miss]\n|-miss|p2a: zolt|p1b: Steelix\n|move|p1a: Magnezone|Hidden Power|p2a: zolt\n|-damage|p2a: zolt|0 fnt\n|faint|p2a: zolt\n|move|p1b: Steelix|Heavy Slam|p2b: goggles\n|-damage|p2b: goggles|0 fnt\n|faint|p2b: goggles\n|\n|-weather|Sandstorm|[upkeep]\n|-heal|p1b: Steelix|81\/100|[from] item: Leftovers\n|-end|p1b: Steelix|Fire Spin|[partiallytrapped]|[silent]\n|upkeep\n|\n|t:|1699812984\n|switch|p2b: Turtle|Turtonator, F|100\/100\n|switch|p2a: goo|Goodra, M|100\/100\n|turn|5\n|\n|t:|1699813006\n|move|p2a: goo|Fire Blast|p1b: Steelix\n|-supereffective|p1b: Steelix\n|-damage|p1b: Steelix|0 fnt\n|faint|p1b: Steelix\n|move|p1a: Magnezone|Hidden Power|p2b: Turtle\n|-supereffective|p2b: Turtle\n|-damage|p2b: Turtle|5\/100\n|move|p2b: Turtle|Fire Blast|p1a: Magnezone\n|-supereffective|p1a: Magnezone\n|-damage|p1a: Magnezone|0 fnt\n|faint|p1a: Magnezone\n|\n|-weather|none\n|upkeep\n|\n|t:|1699813018\n|switch|p1a: Aggron|Aggron, F|100\/100\n|switch|p1b: Corviknight|Corviknight, F|100\/100\n|-ability|p1b: Corviknight|Pressure\n|turn|6\n|\n|t:|1699813031\n|detailschange|p1a: Aggron|Aggron-Mega, F\n|-mega|p1a: Aggron|Aggron|Aggronite\n|move|p2a: goo|Thunderbolt|p1b: Corviknight\n|-supereffective|p1b: Corviknight\n|-damage|p1b: Corviknight|40\/100\n|move|p1a: Aggron|Earthquake|p2a: goo|[spread] p2a,p2b\n|-immune|p1b: Corviknight\n|-supereffective|p2b: Turtle\n|-damage|p2a: goo|68\/100\n|-damage|p2b: Turtle|0 fnt\n|faint|p2b: Turtle\n|move|p1b: Corviknight|Roost|p1b: Corviknight\n|-heal|p1b: Corviknight|90\/100\n|-singleturn|p1b: Corviknight|move: Roost\n|\n|upkeep\n|\n|t:|1699813044\n|switch|p2b: Mr Bat|Noivern, M|100\/100\n|turn|7\n|\n|t:|1699813058\n|move|p2b: Mr Bat|Flamethrower|p1a: Aggron\n|-supereffective|p1a: Aggron\n|-damage|p1a: Aggron|61\/100\n|-status|p1a: Aggron|brn\n|move|p2a: goo|Thunderbolt|p1b: Corviknight\n|-supereffective|p1b: Corviknight\n|-damage|p1b: Corviknight|20\/100\n|move|p1a: Aggron|Heavy Slam|p2a: goo\n|-damage|p2a: goo|49\/100\n|move|p1b: Corviknight|Brave Bird|p2a: goo\n|-damage|p2a: goo|0 fnt\n|faint|p2a: goo\n|-damage|p1b: Corviknight|7\/100|[from] Recoil\n|\n|-damage|p1a: Aggron|55\/100 brn|[from] brn\n|upkeep\n|\n|t:|1699813074\n|switch|p2a: a good boi|Appletun, F|100\/100\n|turn|8\n|\n|t:|1699813084\n|move|p2b: Mr Bat|Flamethrower|p1a: Aggron\n|-supereffective|p1a: Aggron\n|-damage|p1a: Aggron|10\/100 brn\n|move|p1a: Aggron|Heavy Slam|p2b: Mr Bat\n|-damage|p2b: Mr Bat|73\/100\n|move|p1b: Corviknight|Roost|p1b: Corviknight\n|-heal|p1b: Corviknight|57\/100\n|-singleturn|p1b: Corviknight|move: Roost\n|move|p2a: a good boi|Leech Seed|p1a: Aggron|[miss]\n|-miss|p2a: a good boi|p1a: Aggron\n|\n|-damage|p1a: Aggron|3\/100 brn|[from] brn\n|upkeep\n|turn|9\n|\n|t:|1699813107\n|move|p2b: Mr Bat|Flamethrower|p1b: Corviknight\n|-supereffective|p1b: Corviknight\n|-damage|p1b: Corviknight|11\/100\n|move|p1a: Aggron|Toxic|p2a: a good boi\n|-status|p2a: a good boi|tox\n|move|p1b: Corviknight|Brave Bird|p2a: a good boi\n|-supereffective|p2a: a good boi\n|-damage|p2a: a good boi|32\/100 tox\n|-damage|p1b: Corviknight|0 fnt|[from] Recoil\n|faint|p1b: Corviknight\n|move|p2a: a good boi|Apple Acid|p1a: Aggron\n|-resisted|p1a: Aggron\n|-damage|p1a: Aggron|0 fnt\n|faint|p1a: Aggron\n|\n|win|thatsrealnito2\n","uploadtime":1699813124,"views":8,"p1id":"holfrost","p2id":"thatsrealnito2","formatid":"gen9nationaldexdoubles","rating":0,"private":0,"password":""}