{"id":"gen9nationaldexdoubles-1968215074","p1":"TheTendo","p2":"lig iyfoyif\\","format":"[Gen 9] National Dex Doubles","log":"|j|\u2606TheTendo\n|j|\u2606lig iyfoyif\\\n|t:|1697395642\n|gametype|doubles\n|player|p1|TheTendo|infielder|1225\n|player|p2|lig iyfoyif\\|cyclistf-gen4|1000\n|teamsize|p1|6\n|teamsize|p2|6\n|gen|9\n|tier|[Gen 9] National Dex Doubles\n|rated|\n|rule|HP Percentage Mod: HP is shown in percentages\n|rule|Endless Battle Clause: Forcing endless battles is banned\n|rule|OHKO Clause: OHKO moves are banned\n|rule|Evasion Moves Clause: Evasion moves are banned\n|rule|Evasion Abilities Clause: Evasion abilities are banned\n|rule|Species Clause: Limit one of each Pok\u00e9mon\n|rule|Gravity Sleep Clause: The combination of sleep-inducing moves with imperfect accuracy and Gravity or Gigantamax Orbeetle are banned\n|clearpoke\n|poke|p1|Pikachu-Original, M|\n|poke|p1|Blastoise, M|\n|poke|p1|Typhlosion-Hisui, M|\n|poke|p1|Decidueye, M|\n|poke|p1|Metagross|\n|poke|p1|Corviknight, M|\n|poke|p2|Indeedee-F, F|\n|poke|p2|Oranguru, M|\n|poke|p2|Glastrier|\n|poke|p2|Hoopa-Unbound|\n|poke|p2|Ursaluna, F|\n|poke|p2|Zygarde|\n|teampreview\n|inactive|Battle timer is ON: inactive players will automatically lose when time's up. (requested by lig iyfoyif\\)\n|inactive|TheTendo has 120 seconds left.\n|\n|t:|1697395694\n|start\n|switch|p1a: Metagross|Metagross|100\/100\n|switch|p1b: Corviknight|Corviknight, M|100\/100\n|switch|p2a: Hoopa|Hoopa-Unbound|100\/100\n|switch|p2b: Zygarde|Zygarde|100\/100\n|-ability|p2b: Zygarde|Aura Break\n|turn|1\n|inactive|lig iyfoyif\\ has 120 seconds left.\n|\n|t:|1697395726\n|-terastallize|p2b: Zygarde|Steel\n|move|p1a: Metagross|Protect|p1a: Metagross\n|-singleturn|p1a: Metagross|Protect\n|move|p2b: Zygarde|Coil|p2b: Zygarde\n|-boost|p2b: Zygarde|atk|1\n|-boost|p2b: Zygarde|def|1\n|-boost|p2b: Zygarde|accuracy|1\n|move|p1b: Corviknight|Iron Defense|p1b: Corviknight\n|-boost|p1b: Corviknight|def|2\n|move|p2a: Hoopa|Trick Room|p2a: Hoopa\n|-fieldstart|move: Trick Room|[of] p2a: Hoopa\n|-enditem|p2b: Zygarde|Room Service\n|-unboost|p2b: Zygarde|spe|1|[from] item: Room Service\n|-enditem|p2a: Hoopa|Room Service\n|-unboost|p2a: Hoopa|spe|1|[from] item: Room Service\n|\n|upkeep\n|turn|2\n|inactive|TheTendo has 120 seconds left.\n|inactive|TheTendo has 90 seconds left.\n|\n|t:|1697395803\n|move|p2a: Hoopa|Dark Pulse|p1b: Corviknight\n|-damage|p1b: Corviknight|65\/100\n|-item|p2a: Hoopa|Leftovers|[from] ability: Magician|[of] p1b: Corviknight\n|move|p2b: Zygarde|Thousand Arrows|p1a: Metagross|[spread] p1a,p1b\n|-supereffective|p1a: Metagross\n|-damage|p1a: Metagross|46\/100\n|-damage|p1b: Corviknight|50\/100\n|-start|p1b: Corviknight|Smack Down\n|move|p1b: Corviknight|Body Press|p2b: Zygarde\n|-supereffective|p2b: Zygarde\n|-damage|p2b: Zygarde|66\/100\n|move|p1a: Metagross|Earthquake|p2a: Hoopa|[spread] p1b,p2a,p2b\n|-supereffective|p1b: Corviknight\n|-crit|p1b: Corviknight\n|-supereffective|p2b: Zygarde\n|-damage|p1b: Corviknight|0 fnt\n|-damage|p2a: Hoopa|62\/100\n|-damage|p2b: Zygarde|40\/100\n|faint|p1b: Corviknight\n|\n|-heal|p2a: Hoopa|68\/100|[from] item: Leftovers\n|upkeep\n|inactive|TheTendo has 60 seconds left.\n|\n|t:|1697395840\n|switch|p1b: Pikachu|Pikachu-Original, M|100\/100\n|turn|3\n|inactive|TheTendo has 60 seconds left.\n|\n|t:|1697395853\n|move|p1a: Metagross|Protect|p1a: Metagross\n|-singleturn|p1a: Metagross|Protect\n|move|p1b: Pikachu|Fake Out|p2b: Zygarde\n|-resisted|p2b: Zygarde\n|-damage|p2b: Zygarde|39\/100\n|move|p2a: Hoopa|Dark Pulse|p1b: Pikachu\n|-enditem|p1b: Pikachu|Focus Sash\n|-damage|p1b: Pikachu|1\/100\n|cant|p2b: Zygarde|flinch\n|\n|-heal|p2a: Hoopa|74\/100|[from] item: Leftovers\n|upkeep\n|turn|4\n|inactive|TheTendo has 60 seconds left.\n|\n|t:|1697395882\n|move|p2a: Hoopa|Dark Pulse|p1a: Metagross\n|-supereffective|p1a: Metagross\n|-damage|p1a: Metagross|0 fnt\n|faint|p1a: Metagross\n|move|p2b: Zygarde|Thousand Arrows|p1b: Pikachu\n|-supereffective|p1b: Pikachu\n|-damage|p1b: Pikachu|0 fnt\n|faint|p1b: Pikachu\n|\n|-heal|p2a: Hoopa|80\/100|[from] item: Leftovers\n|upkeep\n|inactive|TheTendo has 60 seconds left.\n|\n|t:|1697395899\n|switch|p1a: Decidueye|Decidueye, M, shiny|100\/100\n|switch|p1b: Blastoise|Blastoise, M|100\/100\n|turn|5\n|inactive|TheTendo has 60 seconds left.\n|\n|t:|1697395943\n|-terastallize|p1a: Decidueye|Fairy\n|move|p1b: Blastoise|Protect|p1b: Blastoise\n|-singleturn|p1b: Blastoise|Protect\n|move|p2a: Hoopa|Dark Pulse|p1b: Blastoise\n|-activate|p1b: Blastoise|move: Protect\n|move|p2b: Zygarde|Thousand Arrows|p1a: Decidueye|[spread] p1a\n|-activate|p1b: Blastoise|move: Protect\n|-damage|p1a: Decidueye|63\/100\n|move|p1a: Decidueye|Spirit Shackle|p2a: Hoopa\n|-damage|p2a: Hoopa|16\/100\n|-activate|p2a: Hoopa|trapped\n|-damage|p1a: Decidueye|54\/100|[from] item: Life Orb\n|\n|-heal|p2a: Hoopa|22\/100|[from] item: Leftovers\n|-fieldend|move: Trick Room\n|upkeep\n|turn|6\n|inactive|TheTendo has 30 seconds left.\n|inactive|TheTendo has 20 seconds left.\n|inactive|TheTendo has 15 seconds left.\n|inactive|TheTendo has 10 seconds left.\n|inactiveoff|Battle timer is now OFF.\n|\n|t:|1697396007\n|move|p1a: Decidueye|Shadow Sneak|p2a: Hoopa\n|-damage|p2a: Hoopa|0 fnt\n|faint|p2a: Hoopa\n|-damage|p1a: Decidueye|44\/100|[from] item: Life Orb\n|move|p1b: Blastoise|Shell Smash|p1b: Blastoise\n|-unboost|p1b: Blastoise|def|1\n|-unboost|p1b: Blastoise|spd|1\n|-boost|p1b: Blastoise|atk|2\n|-boost|p1b: Blastoise|spa|2\n|-boost|p1b: Blastoise|spe|2\n|-enditem|p1b: Blastoise|White Herb\n|-clearnegativeboost|p1b: Blastoise|[silent]\n|move|p2b: Zygarde|Thousand Arrows|p1a: Decidueye|[spread] p1a,p1b\n|-damage|p1a: Decidueye|3\/100\n|-damage|p1b: Blastoise|65\/100\n|\n|upkeep\n|\n|t:|1697396075\n|switch|p2a: Indeedee|Indeedee-F, F|100\/100\n|-fieldstart|move: Psychic Terrain|[from] ability: Psychic Surge|[of] p2a: Indeedee\n|turn|7\n|inactive|Battle timer is ON: inactive players will automatically lose when time's up. (requested by lig iyfoyif\\)\n|inactive|TheTendo has 15 seconds left this turn.\n|inactive|TheTendo has 10 seconds left.\n|\n|t:|1697396103\n|move|p1b: Blastoise|Water Spout|p2b: Zygarde|[spread] p2a,p2b\n|-damage|p2a: Indeedee|45\/100\n|-damage|p2b: Zygarde|0 fnt\n|faint|p2b: Zygarde\n|move|p1a: Decidueye|Leaf Blade|p2a: Indeedee\n|-damage|p2a: Indeedee|0 fnt\n|faint|p2a: Indeedee\n|-damage|p1a: Decidueye|0 fnt|[from] item: Life Orb\n|faint|p1a: Decidueye\n|\n|upkeep\n|inactive|TheTendo has 30 seconds left.\n|\n|t:|1697396113\n|switch|p1a: Typhlosion|Typhlosion-Hisui, M|100\/100\n|switch|p2b: Oranguru|Oranguru, M|100\/100\n|switch|p2a: Glastrier|Glastrier|100\/100\n|-item|p2a: Glastrier|Loaded Dice|[from] ability: Frisk|[of] p1a: Typhlosion|[identify]\n|-item|p2b: Oranguru|Mental Herb|[from] ability: Frisk|[of] p1a: Typhlosion|[identify]\n|turn|8\n|inactive|TheTendo has 30 seconds left.\n|\n|t:|1697396135\n|move|p2a: Glastrier|Protect|p2a: Glastrier\n|-singleturn|p2a: Glastrier|Protect\n|move|p1a: Typhlosion|Eruption|p2b: Oranguru|[spread] p2b\n|-activate|p2a: Glastrier|move: Protect\n|-damage|p2b: Oranguru|50\/100\n|move|p1b: Blastoise|Water Spout|p2a: Glastrier|[spread] p2b\n|-activate|p2a: Glastrier|move: Protect\n|-damage|p2b: Oranguru|0 fnt\n|faint|p2b: Oranguru\n|\n|upkeep\n|\n|t:|1697396139\n|switch|p2b: Ursaluna|Ursaluna, F|100\/100\n|turn|9\n|\n|t:|1697396153\n|move|p2b: Ursaluna|Protect|p2b: Ursaluna\n|-singleturn|p2b: Ursaluna|Protect\n|move|p1a: Typhlosion|Eruption|p2b: Ursaluna|[spread] p2a\n|-activate|p2b: Ursaluna|move: Protect\n|-supereffective|p2a: Glastrier\n|-damage|p2a: Glastrier|0 fnt\n|faint|p2a: Glastrier\n|move|p1b: Blastoise|Water Spout|p2b: Ursaluna\n|-activate|p2b: Ursaluna|move: Protect\n|\n|-status|p2b: Ursaluna|brn|[from] item: Flame Orb\n|upkeep\n|turn|10\n|l|\u2606lig iyfoyif\\\n|inactive|lig iyfoyif\\ disconnected and has a minute to reconnect!\n|player|p2|\n|inactive|TheTendo has 60 seconds left.\n|inactive|lig iyfoyif\\ has 30 seconds to reconnect!\n|inactive|lig iyfoyif\\ has 20 seconds to reconnect!\n|inactive|lig iyfoyif\\ has 15 seconds to reconnect!\n|inactive|lig iyfoyif\\ has 10 seconds to reconnect!\n|inactive|lig iyfoyif\\ has 5 seconds to reconnect!\n|-message|lig iyfoyif\\ lost due to inactivity.\n|\n|win|TheTendo\n|raw|TheTendo's rating: 1225 &rarr; <strong>1236<\/strong><br \/>(+11 for winning)\n|raw|lig iyfoyif\\'s rating: 1000 &rarr; <strong>1000<\/strong><br \/>(+0 for losing)\n","uploadtime":1697396241,"views":15,"p1id":"thetendo","p2id":"ligiyfoyif","formatid":"gen9nationaldexdoubles","rating":1000,"private":0,"password":""}