{"id":"gen9nationaldexdoubles-1967598657","p1":"Mokaccino333","p2":"Orbidz","format":"[Gen 9] National Dex Doubles","log":"|j|\u2606Mokaccino333\n|j|\u2606Orbidz\n|t:|1697317582\n|gametype|doubles\n|player|p1|Mokaccino333|170|\n|player|p2|Orbidz|102|\n|teamsize|p1|6\n|teamsize|p2|6\n|gen|9\n|tier|[Gen 9] National Dex Doubles\n|rule|HP Percentage Mod: HP is shown in percentages\n|rule|Endless Battle Clause: Forcing endless battles is banned\n|rule|OHKO Clause: OHKO moves are banned\n|rule|Evasion Moves Clause: Evasion moves are banned\n|rule|Evasion Abilities Clause: Evasion abilities are banned\n|rule|Species Clause: Limit one of each Pok\u00e9mon\n|rule|Gravity Sleep Clause: The combination of sleep-inducing moves with imperfect accuracy and Gravity or Gigantamax Orbeetle are banned\n|clearpoke\n|poke|p1|Charizard, F|\n|poke|p1|Chi-Yu|\n|poke|p1|Whimsicott, M|\n|poke|p1|Lycanroc-Dusk, M|\n|poke|p1|Ninetales, M|\n|poke|p1|Ogerpon-Hearthflame, F|\n|poke|p2|Ting-Lu|\n|poke|p2|Slither Wing|\n|poke|p2|Scizor, M|\n|poke|p2|Keldeo-Resolute|\n|poke|p2|Jellicent, F|\n|poke|p2|Rotom-Wash|\n|teampreview\n|j| Belojerozo\n|c|\u2606Orbidz|u already have ogerpon?\n|c|\u2606Mokaccino333|its showdown\n|c|\u2606Mokaccino333|its for fun\n|c|\u2606Orbidz|o\n|c|\u2606Mokaccino333|you can use whatever\n|c|\u2606Mokaccino333|LOL\n|\n|t:|1697317613\n|start\n|switch|p1a: Whimsicott|Whimsicott, M|100\/100\n|switch|p1b: Charizard|Charizard, F|100\/100\n|switch|p2a: Ting-Lu|Ting-Lu|100\/100\n|switch|p2b: Rotom|Rotom-Wash, shiny|100\/100\n|-ability|p2a: Ting-Lu|Vessel of Ruin\n|turn|1\n|l| Belojerozo\n|\n|t:|1697317629\n|detailschange|p1b: Charizard|Charizard-Mega-Y, F\n|-mega|p1b: Charizard|Charizard|Charizardite Y\n|-weather|SunnyDay|[from] ability: Drought|[of] p1b: Charizard\n|move|p1a: Whimsicott|Tailwind|p1a: Whimsicott\n|-sidestart|p1: Mokaccino333|move: Tailwind\n|move|p1b: Charizard|Solar Beam||[still]\n|-prepare|p1b: Charizard|Solar Beam\n|-anim|p1b: Charizard|Solar Beam|p2b: Rotom\n|-supereffective|p2b: Rotom\n|-damage|p2b: Rotom|0 fnt\n|faint|p2b: Rotom\n|move|p2a: Ting-Lu|Ruination|p1b: Charizard\n|-damage|p1b: Charizard|51\/100\n|\n|-weather|SunnyDay|[upkeep]\n|upkeep\n|\n|t:|1697317646\n|switch|p2b: Keldeo|Keldeo-Resolute|100\/100\n|turn|2\n|\n|t:|1697317676\n|move|p1a: Whimsicott|Encore|p2a: Ting-Lu\n|-hint|Since gen 7, Dark is immune to Prankster moves.\n|-immune|p2a: Ting-Lu\n|move|p1b: Charizard|Solar Beam||[still]\n|-prepare|p1b: Charizard|Solar Beam\n|-anim|p1b: Charizard|Solar Beam|p2b: Keldeo\n|-supereffective|p2b: Keldeo\n|-damage|p2b: Keldeo|15\/100\n|move|p2b: Keldeo|Icy Wind|p1a: Whimsicott|[spread] p1a,p1b\n|-supereffective|p1a: Whimsicott\n|-crit|p1a: Whimsicott\n|-damage|p1a: Whimsicott|50\/100\n|-damage|p1b: Charizard|38\/100\n|-unboost|p1a: Whimsicott|spe|1\n|-unboost|p1b: Charizard|spe|1\n|move|p2a: Ting-Lu|Stealth Rock|p1a: Whimsicott\n|-sidestart|p1: Mokaccino333|move: Stealth Rock\n|\n|-weather|SunnyDay|[upkeep]\n|upkeep\n|turn|3\n|\n|t:|1697317699\n|move|p1a: Whimsicott|Moonblast|p2b: Keldeo\n|-supereffective|p2b: Keldeo\n|-damage|p2b: Keldeo|0 fnt\n|faint|p2b: Keldeo\n|move|p1b: Charizard|Solar Beam||[still]\n|-prepare|p1b: Charizard|Solar Beam\n|-anim|p1b: Charizard|Solar Beam|p2a: Ting-Lu\n|-supereffective|p2a: Ting-Lu\n|-damage|p2a: Ting-Lu|57\/100\n|move|p2a: Ting-Lu|Ruination|p1b: Charizard\n|-damage|p1b: Charizard|19\/100\n|\n|-weather|SunnyDay|[upkeep]\n|-heal|p2a: Ting-Lu|64\/100|[from] item: Leftovers\n|upkeep\n|\n|t:|1697317711\n|switch|p2b: Scizor|Scizor, M|100\/100\n|turn|4\n|\n|t:|1697317752\n|move|p2b: Scizor|Bullet Punch|p1b: Charizard\n|-resisted|p1b: Charizard\n|-damage|p1b: Charizard|0 fnt\n|faint|p1b: Charizard\n|move|p1a: Whimsicott|Moonblast|p2a: Ting-Lu\n|-supereffective|p2a: Ting-Lu\n|-damage|p2a: Ting-Lu|39\/100\n|-unboost|p2a: Ting-Lu|spa|1\n|move|p2a: Ting-Lu|Ruination|p1a: Whimsicott\n|-damage|p1a: Whimsicott|25\/100\n|\n|-weather|SunnyDay|[upkeep]\n|-heal|p2a: Ting-Lu|45\/100|[from] item: Leftovers\n|-sideend|p1: Mokaccino333|move: Tailwind\n|upkeep\n|\n|t:|1697317759\n|switch|p1b: Chi-Yu|Chi-Yu|100\/100\n|-damage|p1b: Chi-Yu|76\/100|[from] Stealth Rock\n|-ability|p1b: Chi-Yu|Beads of Ruin\n|turn|5\n|\n|t:|1697317769\n|move|p1a: Whimsicott|Tailwind|p1a: Whimsicott\n|-sidestart|p1: Mokaccino333|move: Tailwind\n|move|p2b: Scizor|Bullet Punch|p1a: Whimsicott\n|-supereffective|p1a: Whimsicott\n|-crit|p1a: Whimsicott\n|-damage|p1a: Whimsicott|0 fnt\n|faint|p1a: Whimsicott\n|move|p1b: Chi-Yu|Heat Wave|p2b: Scizor|[spread] p2a,p2b\n|-supereffective|p2b: Scizor\n|-damage|p2a: Ting-Lu|9\/100\n|-damage|p2b: Scizor|0 fnt\n|faint|p2b: Scizor\n|move|p2a: Ting-Lu|Earthquake|p1b: Chi-Yu\n|-supereffective|p1b: Chi-Yu\n|-damage|p1b: Chi-Yu|0 fnt\n|faint|p1b: Chi-Yu\n|\n|-weather|none\n|-heal|p2a: Ting-Lu|15\/100|[from] item: Leftovers\n|upkeep\n|\n|t:|1697317785\n|switch|p1a: Ogerpon|Ogerpon-Hearthflame, F|100\/100\n|switch|p1b: Ninetales|Ninetales, M|100\/100\n|switch|p2b: Jellicent|Jellicent, F|100\/100\n|-damage|p1a: Ogerpon|76\/100|[from] Stealth Rock\n|-ability|p1a: Ogerpon|Mold Breaker\n|-damage|p1b: Ninetales|76\/100|[from] Stealth Rock\n|-weather|SunnyDay|[from] ability: Drought|[of] p1b: Ninetales\n|turn|6\n|\n|t:|1697317821\n|move|p1a: Ogerpon|Horn Leech|p2b: Jellicent\n|-supereffective|p2b: Jellicent\n|-damage|p2b: Jellicent|30\/100\n|-heal|p1a: Ogerpon|100\/100|[from] drain|[of] p2b: Jellicent\n|move|p1b: Ninetales|Solar Beam||[still]\n|-prepare|p1b: Ninetales|Solar Beam\n|-anim|p1b: Ninetales|Solar Beam|p2a: Ting-Lu\n|-supereffective|p2a: Ting-Lu\n|-damage|p2a: Ting-Lu|0 fnt\n|faint|p2a: Ting-Lu\n|move|p2b: Jellicent|Scald|p1b: Ninetales\n|-supereffective|p1b: Ninetales\n|-damage|p1b: Ninetales|44\/100\n|\n|-weather|SunnyDay|[upkeep]\n|-heal|p2b: Jellicent|36\/100|[from] item: Leftovers\n|upkeep\n|\n|t:|1697317834\n|switch|p2a: Slither Wing|Slither Wing|100\/100\n|-activate|p2a: Slither Wing|ability: Protosynthesis\n|-start|p2a: Slither Wing|protosynthesisatk\n|turn|7\n|\n|t:|1697317857\n|-terastallize|p2b: Jellicent|Water\n|move|p1a: Ogerpon|Horn Leech|p2b: Jellicent\n|-supereffective|p2b: Jellicent\n|-damage|p2b: Jellicent|0 fnt\n|faint|p2b: Jellicent\n|move|p1b: Ninetales|Weather Ball|p2a: Slither Wing\n|-supereffective|p2a: Slither Wing\n|-damage|p2a: Slither Wing|0 fnt\n|faint|p2a: Slither Wing\n|-end|p2a: Slither Wing|Protosynthesis|[silent]\n|\n|win|Mokaccino333\n|c|\u2606Orbidz|damn wtf\n|c|\u2606Mokaccino333|gg :3\n|c|\u2606Orbidz|ggs\n|c|\u2606Orbidz|the teams good\n|c|\u2606Mokaccino333|:3\n|c|\u2606Mokaccino333|i have another one\n|c|\u2606Mokaccino333|hahaha\n|c|\u2606Orbidz|i just dont know how to use mons in doubles\n|c|\u2606Orbidz|ur crazy good at doubles\n","uploadtime":1697317921,"views":11,"p1id":"mokaccino333","p2id":"orbidz","formatid":"gen9nationaldexdoubles","rating":0,"private":0,"password":""}