{"id":"gen9nationaldexdoubles-1986837036","p1":"Trainer Pyrus","p2":"Mirrrza","format":"[Gen 9] National Dex Doubles","log":"|j|\u2606Trainer Pyrus\n|j|\u2606Mirrrza\n|t:|1699532277\n|gametype|doubles\n|player|p1|Trainer Pyrus|n-masters|1321\n|player|p2|Mirrrza|saturn|1489\n|teamsize|p1|6\n|teamsize|p2|6\n|gen|9\n|tier|[Gen 9] National Dex Doubles\n|rated|\n|rule|HP Percentage Mod: HP is shown in percentages\n|rule|Endless Battle Clause: Forcing endless battles is banned\n|rule|OHKO Clause: OHKO moves are banned\n|rule|Evasion Moves Clause: Evasion moves are banned\n|rule|Evasion Abilities Clause: Evasion abilities are banned\n|rule|Species Clause: Limit one of each Pok\u00e9mon\n|rule|Gravity Sleep Clause: The combination of sleep-inducing moves with imperfect accuracy and Gravity or Gigantamax Orbeetle are banned\n|clearpoke\n|poke|p1|Infernape, M|\n|poke|p1|Golurk|\n|poke|p1|Scizor, F|\n|poke|p1|Lapras, F|\n|poke|p1|Salamence, M|\n|poke|p1|Farigiraf, F|\n|poke|p2|Volcarona, M|\n|poke|p2|Smeargle, F|\n|poke|p2|Tapu Lele|\n|poke|p2|Tapu Fini|\n|poke|p2|Suicune|\n|poke|p2|Chien-Pao|\n|teampreview\n|inactive|Battle timer is ON: inactive players will automatically lose when time's up. (requested by Mirrrza)\n|c|\u2606Trainer Pyrus|glhf\n|\n|t:|1699532289\n|start\n|switch|p1a: Wukong|Infernape, M|100\/100\n|switch|p1b: Eve|Farigiraf, F, shiny|100\/100\n|switch|p2a: Miami Terror|Volcarona, M|100\/100\n|switch|p2b: Bobby Lee|Smeargle, F|100\/100\n|turn|1\n|inactive|Mirrrza has 120 seconds left.\n|inactive|Trainer Pyrus has 120 seconds left.\n|inactive|Mirrrza has 90 seconds left.\n|\n|t:|1699532356\n|move|p2b: Bobby Lee|King's Shield|p2b: Bobby Lee\n|-singleturn|p2b: Bobby Lee|Protect\n|move|p1a: Wukong|Fake Out|p2b: Bobby Lee\n|-activate|p2b: Bobby Lee|move: Protect\n|-unboost|p1a: Wukong|atk|1\n|move|p2a: Miami Terror|Quiver Dance|p2a: Miami Terror\n|-boost|p2a: Miami Terror|spa|1\n|-boost|p2a: Miami Terror|spd|1\n|-boost|p2a: Miami Terror|spe|1\n|move|p1b: Eve|Hyper Voice|p2b: Bobby Lee|[spread] p2a\n|-activate|p2b: Bobby Lee|move: Protect\n|-damage|p2a: Miami Terror|81\/100\n|\n|-heal|p2a: Miami Terror|87\/100|[from] item: Leftovers\n|-ability|p2b: Bobby Lee|Moody|boost\n|-boost|p2b: Bobby Lee|atk|2\n|-unboost|p2b: Bobby Lee|spd|1\n|upkeep\n|turn|2\n|\n|t:|1699532374\n|move|p2a: Miami Terror|Quiver Dance|p2a: Miami Terror\n|-boost|p2a: Miami Terror|spa|1\n|-boost|p2a: Miami Terror|spd|1\n|-boost|p2a: Miami Terror|spe|1\n|move|p1a: Wukong|Aura Sphere|p2b: Bobby Lee\n|-supereffective|p2b: Bobby Lee\n|-enditem|p2b: Bobby Lee|Focus Sash\n|-damage|p2b: Bobby Lee|1\/100\n|move|p2b: Bobby Lee|Spore|p1b: Eve\n|-status|p1b: Eve|slp|[from] move: Spore\n|cant|p1b: Eve|slp\n|\n|-heal|p2a: Miami Terror|93\/100|[from] item: Leftovers\n|-ability|p2b: Bobby Lee|Moody|boost\n|-boost|p2b: Bobby Lee|spa|2\n|-unboost|p2b: Bobby Lee|spe|1\n|upkeep\n|turn|3\n|\n|t:|1699532398\n|switch|p1b: Brandy|Lapras, F|100\/100\n|move|p2b: Bobby Lee|King's Shield|p2b: Bobby Lee\n|-singleturn|p2b: Bobby Lee|Protect\n|move|p2a: Miami Terror|Heat Wave|p1a: Wukong|[spread] p1a,p1b\n|-resisted|p1a: Wukong\n|-damage|p1a: Wukong|49\/100\n|-damage|p1b: Brandy|63\/100\n|move|p1a: Wukong|Heat Wave|p2a: Miami Terror|[spread] p2a\n|-activate|p2b: Bobby Lee|move: Protect\n|-damage|p2a: Miami Terror|78\/100\n|\n|-heal|p2a: Miami Terror|84\/100|[from] item: Leftovers\n|-heal|p1b: Brandy|69\/100|[from] item: Leftovers\n|-ability|p2b: Bobby Lee|Moody|boost\n|-boost|p2b: Bobby Lee|spd|2\n|-unboost|p2b: Bobby Lee|def|1\n|upkeep\n|turn|4\n|inactive|Mirrrza has 120 seconds left.\n|\n|t:|1699532421\n|move|p2a: Miami Terror|Heat Wave|p1a: Wukong|[spread] p1a,p1b\n|-resisted|p1a: Wukong\n|-damage|p1a: Wukong|1\/100\n|-damage|p1b: Brandy|30\/100\n|move|p1a: Wukong|Heat Wave|p2b: Bobby Lee|[spread] p2a,p2b\n|-damage|p2a: Miami Terror|65\/100\n|-damage|p2b: Bobby Lee|0 fnt\n|faint|p2b: Bobby Lee\n|move|p1b: Brandy|Icy Wind|p2a: Miami Terror\n|-resisted|p2a: Miami Terror\n|-damage|p2a: Miami Terror|61\/100\n|-unboost|p2a: Miami Terror|spe|1\n|\n|-heal|p2a: Miami Terror|67\/100|[from] item: Leftovers\n|-heal|p1b: Brandy|36\/100|[from] item: Leftovers\n|upkeep\n|\n|t:|1699532434\n|switch|p2b: Lana|Tapu Fini|100\/100\n|-fieldstart|move: Misty Terrain|[from] ability: Misty Surge|[of] p2b: Lana\n|turn|5\n|\n|t:|1699532446\n|move|p2a: Miami Terror|Quiver Dance|p2a: Miami Terror\n|-boost|p2a: Miami Terror|spa|1\n|-boost|p2a: Miami Terror|spd|1\n|-boost|p2a: Miami Terror|spe|1\n|move|p1a: Wukong|Heat Wave|p2a: Miami Terror|[spread] p2a,p2b\n|-resisted|p2b: Lana\n|-damage|p2a: Miami Terror|49\/100\n|-damage|p2b: Lana|83\/100\n|move|p2b: Lana|Psych Up|p2a: Miami Terror\n|-copyboost|p2b: Lana|p2a: Miami Terror|[from] move: Psych Up\n|move|p1b: Brandy|Freeze-Dry|p2b: Lana\n|-supereffective|p2b: Lana\n|-damage|p2b: Lana|69\/100\n|\n|-heal|p2a: Miami Terror|56\/100|[from] item: Leftovers\n|-heal|p1b: Brandy|43\/100|[from] item: Leftovers\n|upkeep\n|turn|6\n|\n|t:|1699532462\n|move|p2a: Miami Terror|Giga Drain|p1b: Brandy\n|-supereffective|p1b: Brandy\n|-damage|p1b: Brandy|0 fnt\n|-heal|p2a: Miami Terror|82\/100|[from] drain|[of] p1b: Brandy\n|faint|p1b: Brandy\n|move|p2b: Lana|Dazzling Gleam|p1a: Wukong\n|-damage|p1a: Wukong|0 fnt\n|faint|p1a: Wukong\n|\n|-heal|p2a: Miami Terror|88\/100|[from] item: Leftovers\n|upkeep\n|\n|t:|1699532475\n|switch|p1a: Typhon|Salamence, M|100\/100\n|switch|p1b: Elric|Golurk, shiny|100\/100\n|-ability|p1a: Typhon|Intimidate|boost\n|-unboost|p2a: Miami Terror|atk|1\n|-unboost|p2b: Lana|atk|1\n|turn|7\n|\n|t:|1699532503\n|detailschange|p1a: Typhon|Salamence-Mega, M\n|-mega|p1a: Typhon|Salamence|Salamencite\n|-terastallize|p1b: Elric|Fighting\n|move|p2a: Miami Terror|Giga Drain|p1b: Elric\n|-damage|p1b: Elric|44\/100\n|-heal|p2a: Miami Terror|100\/100|[from] drain|[of] p1b: Elric\n|move|p2b: Lana|Dazzling Gleam|p1a: Typhon|[spread] p1a,p1b\n|-supereffective|p1a: Typhon\n|-supereffective|p1b: Elric\n|-damage|p1a: Typhon|0 fnt\n|-damage|p1b: Elric|0 fnt\n|faint|p1a: Typhon\n|faint|p1b: Elric\n|\n|upkeep\n|inactive|Trainer Pyrus has 120 seconds left.\n|\n|t:|1699532514\n|switch|p1a: Hippolyta|Scizor, F|100\/100\n|switch|p1b: Eve|Farigiraf, F, shiny|100\/100 slp\n|turn|8\n|\n|t:|1699532519\n|move|p1a: Hippolyta|Bullet Punch|p2a: Miami Terror\n|-resisted|p2a: Miami Terror\n|-damage|p2a: Miami Terror|86\/100\n|move|p2a: Miami Terror|Heat Wave|p1b: Eve|[spread] p1a,p1b\n|-supereffective|p1a: Hippolyta\n|-damage|p1a: Hippolyta|0 fnt\n|-damage|p1b: Eve|21\/100 slp\n|faint|p1a: Hippolyta\n|move|p2b: Lana|Muddy Water|p1b: Eve\n|-damage|p1b: Eve|0 fnt\n|faint|p1b: Eve\n|\n|win|Mirrrza\n|raw|Trainer Pyrus's rating: 1321 &rarr; <strong>1310<\/strong><br \/>(-11 for losing)\n|raw|Mirrrza's rating: 1489 &rarr; <strong>1500<\/strong><br \/>(+11 for winning)\n|c|\u2606Trainer Pyrus|gg\n|l|\u2606Trainer Pyrus\n|c|\u2606Mirrrza|gg\n","uploadtime":1699532548,"views":5,"p1id":"trainerpyrus","p2id":"mirrrza","formatid":"gen9nationaldexdoubles","rating":1310,"private":0,"password":""}