{"id":"gen9nationaldexdoubles-1992365290","p1":"RoseWolf8","p2":"KarErsen","format":"[Gen 9] National Dex Doubles","log":"|j|\u2606RoseWolf8\n|j|\u2606KarErsen\n|t:|1700179180\n|gametype|doubles\n|player|p1|RoseWolf8|n|1000\n|player|p2|KarErsen|morty|1000\n|teamsize|p1|6\n|teamsize|p2|6\n|gen|9\n|tier|[Gen 9] National Dex Doubles\n|rated|\n|rule|HP Percentage Mod: HP is shown in percentages\n|rule|Endless Battle Clause: Forcing endless battles is banned\n|rule|OHKO Clause: OHKO moves are banned\n|rule|Evasion Moves Clause: Evasion moves are banned\n|rule|Evasion Abilities Clause: Evasion abilities are banned\n|rule|Species Clause: Limit one of each Pok\u00e9mon\n|rule|Gravity Sleep Clause: The combination of sleep-inducing moves with imperfect accuracy and Gravity or Gigantamax Orbeetle are banned\n|clearpoke\n|poke|p1|Meowscarada, F|\n|poke|p1|Sylveon, F|\n|poke|p1|Iron Bundle|\n|poke|p1|Chien-Pao|\n|poke|p1|Ninetales-Alola, F|\n|poke|p1|Kingambit, M|\n|poke|p2|Serperior, F|\n|poke|p2|Milotic, M|\n|poke|p2|Amoonguss, M|\n|poke|p2|Gyarados, F|\n|poke|p2|Steelix, M|\n|poke|p2|Kommo-o, M|\n|teampreview\n|inactive|Battle timer is ON: inactive players will automatically lose when time's up. (requested by RoseWolf8)\n|\n|t:|1700179193\n|start\n|switch|p1a: Sylveon|Sylveon, F|100\/100\n|switch|p1b: Ninetales|Ninetales-Alola, F|100\/100\n|switch|p2a: Serperior|Serperior, F|100\/100\n|switch|p2b: Gyarados|Gyarados, F|100\/100\n|-weather|Snow|[from] ability: Snow Warning|[of] p1b: Ninetales\n|-ability|p2b: Gyarados|Intimidate|boost\n|-unboost|p1a: Sylveon|atk|1\n|-unboost|p1b: Ninetales|atk|1\n|turn|1\n|\n|t:|1700179214\n|move|p2a: Serperior|Protect|p2a: Serperior\n|-singleturn|p2a: Serperior|Protect\n|move|p1b: Ninetales|Aurora Veil|p1b: Ninetales\n|-sidestart|p1: RoseWolf8|move: Aurora Veil\n|move|p2b: Gyarados|Dragon Dance|p2b: Gyarados\n|-boost|p2b: Gyarados|atk|1\n|-boost|p2b: Gyarados|spe|1\n|move|p1a: Sylveon|Light Screen|p1a: Sylveon\n|-sidestart|p1: RoseWolf8|move: Light Screen\n|\n|-weather|Snow|[upkeep]\n|upkeep\n|turn|2\n|\n|t:|1700179238\n|move|p2b: Gyarados|Dragon Dance|p2b: Gyarados\n|-boost|p2b: Gyarados|atk|1\n|-boost|p2b: Gyarados|spe|1\n|move|p1b: Ninetales|Blizzard|p2b: Gyarados|[spread] p2a,p2b\n|-supereffective|p2a: Serperior\n|-damage|p2a: Serperior|39\/100\n|-damage|p2b: Gyarados|70\/100\n|move|p2a: Serperior|Substitute|p2a: Serperior\n|-start|p2a: Serperior|Substitute\n|-damage|p2a: Serperior|14\/100\n|move|p1a: Sylveon|Reflect|p1a: Sylveon\n|-sidestart|p1: RoseWolf8|Reflect\n|\n|-weather|Snow|[upkeep]\n|-heal|p2a: Serperior|20\/100|[from] item: Leftovers\n|upkeep\n|turn|3\n|\n|t:|1700179261\n|move|p2a: Serperior|Protect|p2a: Serperior\n|-singleturn|p2a: Serperior|Protect\n|move|p2b: Gyarados|Waterfall|p1a: Sylveon\n|-damage|p1a: Sylveon|37\/100\n|move|p1b: Ninetales|Dazzling Gleam|p2b: Gyarados|[spread] p2b\n|-activate|p2a: Serperior|move: Protect\n|-damage|p2b: Gyarados|47\/100\n|-enditem|p2b: Gyarados|Sitrus Berry|[eat]\n|-heal|p2b: Gyarados|71\/100|[from] item: Sitrus Berry\n|move|p1a: Sylveon|Hyper Voice|p2a: Serperior|[spread] p2b\n|-activate|p2a: Serperior|move: Protect\n|-damage|p2b: Gyarados|42\/100\n|\n|-weather|Snow|[upkeep]\n|-heal|p2a: Serperior|26\/100|[from] item: Leftovers\n|upkeep\n|turn|4\n|\n|t:|1700179284\n|move|p2b: Gyarados|Waterfall|p1a: Sylveon\n|-damage|p1a: Sylveon|0 fnt\n|faint|p1a: Sylveon\n|move|p1b: Ninetales|Blizzard|p2b: Gyarados|[spread] p2a,p2b\n|-supereffective|p2a: Serperior\n|-end|p2a: Serperior|Substitute\n|-crit|p2b: Gyarados\n|-damage|p2b: Gyarados|0 fnt\n|faint|p2b: Gyarados\n|move|p2a: Serperior|Leaf Storm|p1b: Ninetales\n|-damage|p1b: Ninetales|71\/100\n|-boost|p2a: Serperior|spa|2\n|\n|-weather|Snow|[upkeep]\n|-heal|p2a: Serperior|33\/100|[from] item: Leftovers\n|upkeep\n|\n|t:|1700179303\n|switch|p2b: Milotic|Milotic, M|100\/100\n|switch|p1a: Iron Bundle|Iron Bundle|100\/100\n|-enditem|p1a: Iron Bundle|Booster Energy\n|-activate|p1a: Iron Bundle|ability: Quark Drive|[fromitem]\n|-start|p1a: Iron Bundle|quarkdrivespe\n|turn|5\n|\n|t:|1700179317\n|move|p2a: Serperior|Protect|p2a: Serperior\n|-singleturn|p2a: Serperior|Protect\n|move|p1a: Iron Bundle|Freeze-Dry|p2b: Milotic\n|-supereffective|p2b: Milotic\n|-damage|p2b: Milotic|50\/100\n|move|p1b: Ninetales|Blizzard|p2a: Serperior|[spread] p2b\n|-activate|p2a: Serperior|move: Protect\n|-resisted|p2b: Milotic\n|-crit|p2b: Milotic\n|-damage|p2b: Milotic|32\/100\n|move|p2b: Milotic|Coil|p2b: Milotic\n|-boost|p2b: Milotic|atk|1\n|-boost|p2b: Milotic|def|1\n|-boost|p2b: Milotic|accuracy|1\n|\n|-weather|none\n|-heal|p2a: Serperior|39\/100|[from] item: Leftovers\n|-status|p2b: Milotic|brn|[from] item: Flame Orb\n|upkeep\n|turn|6\n|\n|t:|1700179342\n|switch|p2b: Amoonguss|Amoonguss, M|100\/100\n|move|p1a: Iron Bundle|Freeze-Dry|p2b: Amoonguss\n|-supereffective|p2b: Amoonguss\n|-damage|p2b: Amoonguss|39\/100\n|move|p1b: Ninetales|Blizzard|p2a: Serperior|[spread] p2b\n|-miss|p1b: Ninetales|p2a: Serperior\n|-supereffective|p2b: Amoonguss\n|-damage|p2b: Amoonguss|0 fnt\n|faint|p2b: Amoonguss\n|move|p2a: Serperior|Leaf Storm|p1b: Ninetales\n|-damage|p1b: Ninetales|17\/100\n|-boost|p2a: Serperior|spa|2\n|\n|-heal|p2a: Serperior|45\/100|[from] item: Leftovers\n|upkeep\n|inactive|KarErsen has 120 seconds left.\n|\n|t:|1700179363\n|switch|p2b: Milotic|Milotic, M|32\/100 brn\n|turn|7\n|\n|t:|1700179375\n|move|p2a: Serperior|Protect|p2a: Serperior\n|-singleturn|p2a: Serperior|Protect\n|move|p1a: Iron Bundle|Ice Beam|p2a: Serperior\n|-activate|p2a: Serperior|move: Protect\n|move|p1b: Ninetales|Dazzling Gleam|p2b: Milotic|[spread] p2b\n|-activate|p2a: Serperior|move: Protect\n|-damage|p2b: Milotic|15\/100 brn\n|move|p2b: Milotic|Recover|p2b: Milotic\n|-heal|p2b: Milotic|65\/100 brn\n|\n|-heal|p2a: Serperior|51\/100|[from] item: Leftovers\n|-damage|p2b: Milotic|59\/100 brn|[from] brn\n|upkeep\n|turn|8\n|\n|t:|1700179402\n|move|p1a: Iron Bundle|Ice Beam|p2a: Serperior\n|-supereffective|p2a: Serperior\n|-damage|p2a: Serperior|0 fnt\n|faint|p2a: Serperior\n|move|p1b: Ninetales|Blizzard|p2b: Milotic\n|-resisted|p2b: Milotic\n|-damage|p2b: Milotic|43\/100 brn\n|move|p2b: Milotic|Coil|p2b: Milotic\n|-boost|p2b: Milotic|atk|1\n|-boost|p2b: Milotic|def|1\n|-boost|p2b: Milotic|accuracy|1\n|\n|-damage|p2b: Milotic|37\/100 brn|[from] brn\n|-sideend|p1: RoseWolf8|move: Light Screen\n|-sideend|p1: RoseWolf8|move: Aurora Veil\n|upkeep\n|inactive|KarErsen has 120 seconds left.\n|\n|t:|1700179430\n|switch|p2a: Kommo-o|Kommo-o, M|100\/100\n|turn|9\n|\n|t:|1700179445\n|move|p1a: Iron Bundle|Ice Beam|p2a: Kommo-o\n|-supereffective|p2a: Kommo-o\n|-damage|p2a: Kommo-o|21\/100\n|move|p1b: Ninetales|Dazzling Gleam|p2a: Kommo-o|[spread] p2a,p2b\n|-supereffective|p2a: Kommo-o\n|-crit|p2a: Kommo-o\n|-damage|p2a: Kommo-o|0 fnt\n|-damage|p2b: Milotic|21\/100 brn\n|faint|p2a: Kommo-o\n|move|p2b: Milotic|Hypnosis|p1a: Iron Bundle|[miss]\n|-miss|p2b: Milotic|p1a: Iron Bundle\n|\n|-damage|p2b: Milotic|15\/100 brn|[from] brn\n|-sideend|p1: RoseWolf8|Reflect\n|upkeep\n|\n|t:|1700179460\n|switch|p2a: Steelix|Steelix, M|100\/100\n|turn|10\n|\n|t:|1700179488\n|move|p1a: Iron Bundle|Ice Beam|p2b: Milotic\n|-resisted|p2b: Milotic\n|-damage|p2b: Milotic|0 fnt\n|faint|p2b: Milotic\n|move|p1b: Ninetales|Psyshock|p2a: Steelix\n|-resisted|p2a: Steelix\n|-damage|p2a: Steelix|95\/100\n|move|p2a: Steelix|Gyro Ball|p1a: Iron Bundle\n|-damage|p1a: Iron Bundle|47\/100\n|\n|upkeep\n|turn|11\n|\n|t:|1700179514\n|switch|p1b: Chien-Pao|Chien-Pao|100\/100\n|-ability|p1b: Chien-Pao|Sword of Ruin\n|move|p1a: Iron Bundle|Ice Beam|p2a: Steelix\n|-damage|p2a: Steelix|54\/100\n|move|p2a: Steelix|Rock Slide|p1b: Chien-Pao|[spread] p1a,p1b\n|-supereffective|p1a: Iron Bundle\n|-supereffective|p1b: Chien-Pao\n|-damage|p1a: Iron Bundle|13\/100\n|-damage|p1b: Chien-Pao|72\/100\n|\n|upkeep\n|turn|12\n|\n|t:|1700179530\n|move|p1a: Iron Bundle|Ice Beam|p2a: Steelix\n|-damage|p2a: Steelix|9\/100\n|-enditem|p2a: Steelix|Sitrus Berry|[eat]\n|-heal|p2a: Steelix|34\/100|[from] item: Sitrus Berry\n|move|p1b: Chien-Pao|Brick Break|p2a: Steelix\n|-supereffective|p2a: Steelix\n|-damage|p2a: Steelix|0 fnt\n|faint|p2a: Steelix\n|\n|win|RoseWolf8\n|raw|RoseWolf8's rating: 1000 &rarr; <strong>1040<\/strong><br \/>(+40 for winning)\n|raw|KarErsen's rating: 1000 &rarr; <strong>1000<\/strong><br \/>(+0 for losing)\n","uploadtime":1700179542,"views":8,"p1id":"rosewolf8","p2id":"karersen","formatid":"gen9nationaldexdoubles","rating":1000,"private":0,"password":""}