{"id":"gen9nationaldexdoubles-1975928433","p1":"chunkroamer","p2":"SuZo","format":"[Gen 9] National Dex Doubles","log":"|j|\u2606chunkroamer\n|j|\u2606SuZo\n|t:|1698249927\n|gametype|doubles\n|player|p1|chunkroamer|koga|1219\n|player|p2|SuZo|lusamine-nihilego|1123\n|teamsize|p1|6\n|teamsize|p2|6\n|gen|9\n|tier|[Gen 9] National Dex Doubles\n|rated|\n|rule|HP Percentage Mod: HP is shown in percentages\n|rule|Endless Battle Clause: Forcing endless battles is banned\n|rule|OHKO Clause: OHKO moves are banned\n|rule|Evasion Moves Clause: Evasion moves are banned\n|rule|Evasion Abilities Clause: Evasion abilities are banned\n|rule|Species Clause: Limit one of each Pok\u00e9mon\n|rule|Gravity Sleep Clause: The combination of sleep-inducing moves with imperfect accuracy and Gravity or Gigantamax Orbeetle are banned\n|clearpoke\n|poke|p1|Typhlosion-Hisui, F|\n|poke|p1|Mew|\n|poke|p1|Samurott-Hisui, M|\n|poke|p1|Gardevoir, M|\n|poke|p1|Landorus-Therian, M|\n|poke|p1|Maushold-Four|\n|poke|p2|Glimmora, M|\n|poke|p2|Ogerpon-Wellspring, F|\n|poke|p2|Chien-Pao|\n|poke|p2|Ursaluna, M|\n|poke|p2|Cresselia, F|\n|poke|p2|Flutter Mane|\n|teampreview\n|\n|t:|1698249954\n|start\n|switch|p1a: Mew|Mew, shiny|100\/100\n|switch|p1b: Samurott|Samurott-Hisui, M, shiny|100\/100\n|switch|p2a: Glimmora|Glimmora, M|100\/100\n|switch|p2b: Ogerpon|Ogerpon-Wellspring, F|100\/100\n|turn|1\n|inactive|Battle timer is ON: inactive players will automatically lose when time's up. (requested by chunkroamer)\n|inactive|SuZo has 120 seconds left.\n|j| ucey..1028\n|inactive|SuZo has 90 seconds left.\n|c| ucey..1028|Hello\n|\n|t:|1698250085\n|move|p2b: Ogerpon|Knock Off|p1a: Mew\n|-supereffective|p1a: Mew\n|-damage|p1a: Mew|57\/100\n|move|p1a: Mew|Grass Pledge|p2a: Glimmora\n|-waiting|p1a: Mew|p1b: Samurott\n|move|p1b: Samurott|Water Pledge|p2a: Glimmora|[from]move: Grass Pledge\n|-combine\n|-damage|p2a: Glimmora|8\/100\n|-sidestart|p2: SuZo|Grass Pledge\n|move|p2a: Glimmora|Power Gem|p1b: Samurott\n|-damage|p1b: Samurott|27\/100\n|\n|upkeep\n|turn|2\n|c|\u2606SuZo|hi\n|c| ucey..1028|Whasup\n|c| ucey..1028|I am Looking for good teams\n|inactive|SuZo has 120 seconds left.\n|c| ucey..1028|So I am watching u\n|c|\u2606SuZo|oh is that so\n|c| ucey..1028|Yes\n|inactive|SuZo has 90 seconds left.\n|c|\u2606SuZo|im not good of a teambuilder tbh\n|c|\u2606SuZo|just put together this team\n|c|\u2606chunkroamer|respectfully, pls hurry up lol\n|inactive|SuZo has 60 seconds left.\n|\n|t:|1698250184\n|-zpower|p1a: Mew\n|move|p1a: Mew|Genesis Supernova|p2b: Ogerpon|[zeffect]\n|-damage|p2b: Ogerpon|16\/100\n|-fieldstart|move: Psychic Terrain\n|move|p1b: Samurott|Dark Pulse|p2a: Glimmora\n|-damage|p2a: Glimmora|0 fnt\n|faint|p2a: Glimmora\n|move|p2b: Ogerpon|Ivy Cudgel|p1a: Mew\n|-damage|p1a: Mew|6\/100\n|\n|upkeep\n|\n|t:|1698250203\n|switch|p2a: Chien-Pao|Chien-Pao|100\/100\n|-ability|p2a: Chien-Pao|Sword of Ruin\n|turn|3\n|inactive|SuZo has 60 seconds left.\n|\n|t:|1698250222\n|move|p2b: Ogerpon|Follow Me|p2b: Ogerpon\n|-singleturn|p2b: Ogerpon|move: Follow Me\n|move|p1b: Samurott|Sucker Punch||[still]\n|-fail|p1b: Samurott\n|move|p1a: Mew|Tailwind|p1a: Mew\n|-sidestart|p1: chunkroamer|move: Tailwind\n|move|p2a: Chien-Pao|Crunch|p1a: Mew\n|-supereffective|p1a: Mew\n|-damage|p1a: Mew|0 fnt\n|faint|p1a: Mew\n|\n|upkeep\n|c| ucey..1028|Ok paly\n|c| ucey..1028|Play\n|\n|t:|1698250231\n|switch|p1a: Gardevoir|Gardevoir, M, shiny|100\/100\n|turn|4\n|c| ucey..1028|Woohhoooo\n|inactive|SuZo has 60 seconds left.\n|\n|t:|1698250258\n|move|p2a: Chien-Pao|Protect|p2a: Chien-Pao\n|-singleturn|p2a: Chien-Pao|Protect\n|move|p1b: Samurott|Surf|p2b: Ogerpon|[spread] \n|-activate|p2a: Chien-Pao|move: Protect\n|-activate|p1a: Gardevoir|ability: Telepathy\n|-heal|p2b: Ogerpon|41\/100|[from] ability: Water Absorb|[of] p1b: Samurott\n|move|p1a: Gardevoir|Moonblast|p2a: Chien-Pao\n|-activate|p2a: Chien-Pao|move: Protect\n|move|p2b: Ogerpon|Knock Off|p1a: Gardevoir\n|-damage|p1a: Gardevoir|28\/100\n|-enditem|p1a: Gardevoir|Pixie Plate|[from] move: Knock Off|[of] p2b: Ogerpon\n|\n|-sideend|p2: SuZo|Grass Pledge\n|upkeep\n|turn|5\n|\n|t:|1698250281\n|move|p2b: Ogerpon|Follow Me|p2b: Ogerpon\n|-singleturn|p2b: Ogerpon|move: Follow Me\n|move|p1b: Samurott|Dark Pulse|p2b: Ogerpon\n|-damage|p2b: Ogerpon|9\/100\n|move|p1a: Gardevoir|Moonblast|p2b: Ogerpon\n|-crit|p2b: Ogerpon\n|-damage|p2b: Ogerpon|0 fnt\n|faint|p2b: Ogerpon\n|move|p2a: Chien-Pao|Crunch|p1a: Gardevoir\n|-damage|p1a: Gardevoir|0 fnt\n|faint|p1a: Gardevoir\n|\n|upkeep\n|\n|t:|1698250293\n|switch|p2b: Flutter Mane|Flutter Mane|100\/100\n|switch|p1a: Typhlosion|Typhlosion-Hisui, F, shiny|100\/100\n|-enditem|p2b: Flutter Mane|Booster Energy\n|-activate|p2b: Flutter Mane|ability: Protosynthesis|[fromitem]\n|-start|p2b: Flutter Mane|protosynthesisspe\n|turn|6\n|\n|t:|1698250306\n|move|p1a: Typhlosion|Eruption|p2b: Flutter Mane|[spread] p2a,p2b\n|-supereffective|p2a: Chien-Pao\n|-enditem|p2a: Chien-Pao|Focus Sash\n|-damage|p2a: Chien-Pao|1\/100\n|-damage|p2b: Flutter Mane|47\/100\n|move|p2b: Flutter Mane|Dazzling Gleam|p1b: Samurott|[spread] p1a,p1b\n|-resisted|p1a: Typhlosion\n|-supereffective|p1b: Samurott\n|-damage|p1a: Typhlosion|80\/100\n|-damage|p1b: Samurott|0 fnt\n|faint|p1b: Samurott\n|move|p2a: Chien-Pao|Crunch|p1a: Typhlosion\n|-supereffective|p1a: Typhlosion\n|-damage|p1a: Typhlosion|0 fnt\n|faint|p1a: Typhlosion\n|\n|-sideend|p1: chunkroamer|move: Tailwind\n|-fieldend|move: Psychic Terrain\n|upkeep\n|\n|t:|1698250322\n|switch|p1a: Maushold|Maushold-Four|100\/100\n|switch|p1b: Landorus|Landorus-Therian, M, shiny|100\/100\n|-ability|p1b: Landorus|Intimidate|boost\n|-unboost|p2a: Chien-Pao|atk|1\n|-unboost|p2b: Flutter Mane|atk|1\n|turn|7\n|inactive|SuZo has 120 seconds left.\n|\n|t:|1698250337\n|move|p2b: Flutter Mane|Dazzling Gleam|p1a: Maushold|[spread] p1a,p1b\n|-damage|p1a: Maushold|52\/100\n|-damage|p1b: Landorus|67\/100\n|move|p2a: Chien-Pao|Ice Spinner|p1b: Landorus\n|-supereffective|p1b: Landorus\n|-damage|p1b: Landorus|0 fnt\n|faint|p1b: Landorus\n|move|p1a: Maushold|Tidy Up|p1a: Maushold\n|-boost|p1a: Maushold|atk|1\n|-boost|p1a: Maushold|spe|1\n|\n|upkeep\n|turn|8\n|\n|t:|1698250354\n|move|p2a: Chien-Pao|Sucker Punch|p1a: Maushold\n|-damage|p1a: Maushold|5\/100\n|move|p2b: Flutter Mane|Psyshock|p1a: Maushold\n|-damage|p1a: Maushold|0 fnt\n|faint|p1a: Maushold\n|\n|win|SuZo\n|raw|chunkroamer's rating: 1219 &rarr; <strong>1187<\/strong><br \/>(-32 for losing)\n|raw|SuZo's rating: 1123 &rarr; <strong>1155<\/strong><br \/>(+32 for winning)\n|l|\u2606chunkroamer\n|c|\u2606SuZo|gg\n|c| ucey..1028|So quick\n|c| ucey..1028|Gg\n|l| ucey..1028\n|c|\u2606SuZo|yeah the specialty of doubles\n","uploadtime":1698251189,"views":6,"p1id":"chunkroamer","p2id":"suzo","formatid":"gen9nationaldexdoubles","rating":1155,"private":0,"password":""}