{"id":"gen9nationaldexdoubles-1998700825","p1":"Theadonia","p2":"py123456","format":"[Gen 9] National Dex Doubles","log":"|j|\u2606Theadonia\n|j|\u2606py123456\n|t:|1700974538\n|gametype|doubles\n|player|p1|Theadonia|roxie|1152\n|player|p2|py123456|steven|1158\n|teamsize|p1|6\n|teamsize|p2|6\n|gen|9\n|tier|[Gen 9] National Dex Doubles\n|rated|\n|rule|HP Percentage Mod: HP is shown in percentages\n|rule|Endless Battle Clause: Forcing endless battles is banned\n|rule|OHKO Clause: OHKO moves are banned\n|rule|Evasion Moves Clause: Evasion moves are banned\n|rule|Evasion Abilities Clause: Evasion abilities are banned\n|rule|Species Clause: Limit one of each Pok\u00e9mon\n|rule|Gravity Sleep Clause: The combination of sleep-inducing moves with imperfect accuracy and Gravity or Gigantamax Orbeetle are banned\n|clearpoke\n|poke|p1|Delphox, F|\n|poke|p1|Oricorio-Sensu, M|\n|poke|p1|Kommo-o, M|\n|poke|p1|Wailord, M|\n|poke|p1|Cresselia, F|\n|poke|p1|Ribombee, M|\n|poke|p2|Politoed, M|\n|poke|p2|Urshifu-*, M|\n|poke|p2|Kingdra, F|\n|poke|p2|Scizor, M|\n|poke|p2|Zapdos|\n|poke|p2|Tornadus, M|\n|teampreview\n|inactive|Battle timer is ON: inactive players will automatically lose when time's up. (requested by py123456)\n|\n|t:|1700974560\n|start\n|switch|p1a: Oricorio|Oricorio-Sensu, M, shiny|100\/100\n|switch|p1b: Ribombee|Ribombee, M|100\/100\n|switch|p2a: Tornadus|Tornadus, M|100\/100\n|switch|p2b: Kingdra|Kingdra, F|100\/100\n|turn|1\n|\n|t:|1700974572\n|move|p2a: Tornadus|Rain Dance|p2a: Tornadus\n|-weather|RainDance\n|move|p2b: Kingdra|Hurricane|p1b: Ribombee\n|-supereffective|p1b: Ribombee\n|-enditem|p1b: Ribombee|Focus Sash\n|-damage|p1b: Ribombee|1\/100\n|-damage|p2b: Kingdra|91\/100|[from] item: Life Orb\n|move|p1b: Ribombee|Quiver Dance|p1b: Ribombee\n|-boost|p1b: Ribombee|spa|1\n|-boost|p1b: Ribombee|spd|1\n|-boost|p1b: Ribombee|spe|1\n|-activate|p1a: Oricorio|ability: Dancer\n|move|p1a: Oricorio|Quiver Dance|p1a: Oricorio|[from]ability: Dancer\n|-boost|p1a: Oricorio|spa|1\n|-boost|p1a: Oricorio|spd|1\n|-boost|p1a: Oricorio|spe|1\n|move|p1a: Oricorio|Quiver Dance|p1a: Oricorio\n|-boost|p1a: Oricorio|spa|1\n|-boost|p1a: Oricorio|spd|1\n|-boost|p1a: Oricorio|spe|1\n|\n|-weather|RainDance|[upkeep]\n|upkeep\n|turn|2\n|inactive|Theadonia has 120 seconds left.\n|\n|t:|1700974602\n|-terastallize|p1a: Oricorio|Fairy\n|move|p2b: Kingdra|Protect|p2b: Kingdra\n|-singleturn|p2b: Kingdra|Protect\n|move|p1b: Ribombee|Dazzling Gleam|p2b: Kingdra|[spread] p2a\n|-activate|p2b: Kingdra|move: Protect\n|-damage|p2a: Tornadus|70\/100\n|move|p1a: Oricorio|Revelation Dance|p2b: Kingdra\n|-activate|p2b: Kingdra|move: Protect\n|move|p2a: Tornadus|Bleakwind Storm|p1a: Oricorio|[spread] p1a,p1b\n|-supereffective|p1b: Ribombee\n|-damage|p1a: Oricorio|82\/100\n|-damage|p1b: Ribombee|0 fnt\n|faint|p1b: Ribombee\n|\n|-weather|RainDance|[upkeep]\n|upkeep\n|inactive|Theadonia has 120 seconds left.\n|\n|t:|1700974620\n|switch|p1b: Kommo-o|Kommo-o, M, shiny|100\/100\n|turn|3\n|\n|t:|1700974633\n|switch|p2b: Scizor|Scizor, M, shiny|100\/100\n|move|p2a: Tornadus|Tailwind|p2a: Tornadus\n|-sidestart|p2: py123456|move: Tailwind\n|move|p1a: Oricorio|Quiver Dance|p1a: Oricorio\n|-boost|p1a: Oricorio|spa|1\n|-boost|p1a: Oricorio|spd|1\n|-boost|p1a: Oricorio|spe|1\n|move|p1b: Kommo-o|Clangorous Soul|p1b: Kommo-o\n|-boost|p1b: Kommo-o|atk|1\n|-boost|p1b: Kommo-o|def|1\n|-boost|p1b: Kommo-o|spa|1\n|-boost|p1b: Kommo-o|spd|1\n|-boost|p1b: Kommo-o|spe|1\n|-damage|p1b: Kommo-o|68\/100\n|-activate|p1a: Oricorio|ability: Dancer\n|move|p1a: Oricorio|Clangorous Soul|p1a: Oricorio|[from]ability: Dancer\n|-boost|p1a: Oricorio|atk|1\n|-boost|p1a: Oricorio|def|1\n|-boost|p1a: Oricorio|spa|1\n|-boost|p1a: Oricorio|spd|1\n|-boost|p1a: Oricorio|spe|1\n|-damage|p1a: Oricorio|49\/100\n|\n|-weather|RainDance|[upkeep]\n|upkeep\n|turn|4\n|\n|t:|1700974661\n|detailschange|p2b: Scizor|Scizor-Mega, M, shiny\n|-mega|p2b: Scizor|Scizor|Scizorite\n|move|p2b: Scizor|Bullet Punch|p1a: Oricorio\n|-supereffective|p1a: Oricorio\n|-damage|p1a: Oricorio|1\/100\n|-enditem|p1a: Oricorio|Aguav Berry|[eat]\n|-heal|p1a: Oricorio|34\/100|[from] item: Aguav Berry\n|move|p1a: Oricorio|Baton Pass|p1a: Oricorio\n|\n|t:|1700974670\n|switch|p1a: Wailord|Wailord, M, shiny|100\/100|[from] Baton Pass\n|-ability|p1a: Wailord|Pressure\n|move|p2a: Tornadus|Bleakwind Storm|p1a: Wailord|[spread] p1a,p1b\n|-supereffective|p1b: Kommo-o\n|-damage|p1a: Wailord|87\/100\n|-damage|p1b: Kommo-o|16\/100\n|-unboost|p1b: Kommo-o|spe|1\n|-zpower|p1b: Kommo-o\n|move|p1b: Kommo-o|Clangorous Soulblaze|p2a: Tornadus|[zeffect]|[spread] p2a,p2b\n|-resisted|p2b: Scizor\n|-damage|p2a: Tornadus|10\/100\n|-damage|p2b: Scizor|59\/100\n|-boost|p1b: Kommo-o|atk|1\n|-boost|p1b: Kommo-o|def|1\n|-boost|p1b: Kommo-o|spa|1\n|-boost|p1b: Kommo-o|spd|1\n|-boost|p1b: Kommo-o|spe|1\n|\n|-weather|RainDance|[upkeep]\n|-heal|p1a: Wailord|94\/100|[from] item: Leftovers\n|upkeep\n|turn|5\n|inactive|py123456 has 120 seconds left.\n|\n|t:|1700974700\n|move|p2b: Scizor|Bullet Punch|p1b: Kommo-o\n|-damage|p1b: Kommo-o|0 fnt\n|faint|p1b: Kommo-o\n|move|p2a: Tornadus|Bleakwind Storm|p1a: Wailord\n|-damage|p1a: Wailord|78\/100\n|-unboost|p1a: Wailord|spe|1\n|move|p1a: Wailord|Water Spout|p2a: Tornadus|[spread] p2a,p2b\n|-damage|p2a: Tornadus|0 fnt\n|-damage|p2b: Scizor|0 fnt\n|faint|p2a: Tornadus\n|faint|p2b: Scizor\n|\n|-weather|none\n|-heal|p1a: Wailord|84\/100|[from] item: Leftovers\n|upkeep\n|\n|t:|1700974724\n|switch|p1b: Cresselia|Cresselia, F|100\/100\n|switch|p2a: Politoed|Politoed, M|100\/100\n|switch|p2b: Urshifu|Urshifu-Rapid-Strike, M|100\/100\n|-weather|RainDance|[from] ability: Drizzle|[of] p2a: Politoed\n|turn|6\n|\n|t:|1700974735\n|-terastallize|p2b: Urshifu|Water\n|move|p2b: Urshifu|Surging Strikes|p1b: Cresselia\n|-crit|p1b: Cresselia\n|-damage|p1b: Cresselia|69\/100\n|-crit|p1b: Cresselia\n|-damage|p1b: Cresselia|38\/100\n|-crit|p1b: Cresselia\n|-damage|p1b: Cresselia|6\/100\n|-hitcount|p1b: Cresselia|3\n|move|p2a: Politoed|Haze|p2a: Politoed\n|-clearallboost\n|move|p1b: Cresselia|Psych Up|p1a: Wailord\n|-copyboost|p1b: Cresselia|p1a: Wailord|[from] move: Psych Up\n|move|p1a: Wailord|Water Spout|p2b: Urshifu|[spread] p2a,p2b\n|-resisted|p2a: Politoed\n|-resisted|p2b: Urshifu\n|-damage|p2a: Politoed|70\/100\n|-damage|p2b: Urshifu|50\/100\n|\n|-weather|RainDance|[upkeep]\n|-heal|p1b: Cresselia|12\/100|[from] item: Leftovers\n|-heal|p1a: Wailord|90\/100|[from] item: Leftovers\n|-sideend|p2: py123456|move: Tailwind\n|upkeep\n|turn|7\n|\n|t:|1700974761\n|move|p2b: Urshifu|Surging Strikes|p1b: Cresselia\n|-crit|p1b: Cresselia\n|-damage|p1b: Cresselia|0 fnt\n|faint|p1b: Cresselia\n|-hitcount|p1: Cresselia|1\n|move|p2a: Politoed|Seismic Toss|p1a: Wailord\n|-damage|p1a: Wailord|72\/100\n|move|p1a: Wailord|Water Spout|p2a: Politoed|[spread] p2a,p2b\n|-resisted|p2a: Politoed\n|-resisted|p2b: Urshifu\n|-damage|p2a: Politoed|42\/100\n|-damage|p2b: Urshifu|6\/100\n|\n|-weather|RainDance|[upkeep]\n|-heal|p1a: Wailord|78\/100|[from] item: Leftovers\n|upkeep\n|inactive|Theadonia has 120 seconds left.\n|\n|t:|1700974786\n|switch|p1b: Oricorio|Oricorio-Sensu, M, shiny, tera:Fairy|34\/100\n|turn|8\n|\n|t:|1700974793\n|move|p2b: Urshifu|Surging Strikes|p1b: Oricorio\n|-crit|p1b: Oricorio\n|-damage|p1b: Oricorio|0 fnt\n|faint|p1b: Oricorio\n|-hitcount|p1: Oricorio|1\n|move|p2a: Politoed|Seismic Toss|p1a: Wailord\n|-damage|p1a: Wailord|60\/100\n|move|p1a: Wailord|Water Spout|p2a: Politoed|[spread] p2a,p2b\n|-resisted|p2a: Politoed\n|-resisted|p2b: Urshifu\n|-crit|p2b: Urshifu\n|-damage|p2a: Politoed|19\/100\n|-damage|p2b: Urshifu|0 fnt\n|faint|p2b: Urshifu\n|\n|-weather|RainDance|[upkeep]\n|-heal|p1a: Wailord|66\/100|[from] item: Leftovers\n|upkeep\n|\n|t:|1700974809\n|switch|p2b: Zapdos|Zapdos|100\/100\n|switch|p1b: Delphox|Delphox, F, shiny|100\/100\n|turn|9\n|\n|t:|1700974831\n|move|p1b: Delphox|Copycat|p1b: Delphox\n|move|p1b: Delphox|Water Spout|p2b: Zapdos|[from]move: Copycat|[spread] p2a,p2b\n|-resisted|p2a: Politoed\n|-damage|p2a: Politoed|0 fnt\n|-damage|p2b: Zapdos|44\/100\n|faint|p2a: Politoed\n|move|p2b: Zapdos|Thunder|p1a: Wailord\n|-supereffective|p1a: Wailord\n|-damage|p1a: Wailord|0 fnt\n|faint|p1a: Wailord\n|\n|-weather|RainDance|[upkeep]\n|upkeep\n|\n|t:|1700974841\n|switch|p2a: Kingdra|Kingdra, F|91\/100\n|turn|10\n|\n|t:|1700974849\n|move|p2a: Kingdra|Hurricane|p1b: Delphox\n|-damage|p1b: Delphox|51\/100\n|-damage|p2a: Kingdra|81\/100|[from] item: Life Orb\n|move|p1b: Delphox|Copycat|p1b: Delphox\n|move|p1b: Delphox|Hurricane|p2b: Zapdos|[from]move: Copycat\n|-resisted|p2b: Zapdos\n|-damage|p2b: Zapdos|28\/100\n|-zpower|p2b: Zapdos\n|move|p2b: Zapdos|Supersonic Skystrike|p1b: Delphox|[zeffect]\n|-damage|p1b: Delphox|0 fnt\n|faint|p1b: Delphox\n|\n|win|py123456\n|raw|Theadonia's rating: 1152 &rarr; <strong>1127<\/strong><br \/>(-25 for losing)\n|raw|py123456's rating: 1158 &rarr; <strong>1183<\/strong><br \/>(+25 for winning)\n|l|\u2606Theadonia\n","uploadtime":1700974864,"views":1,"p1id":"theadonia","p2id":"py123456","formatid":"gen9nationaldexdoubles","rating":1127,"private":0,"password":""}