{"id":"gen9nationaldexdoubles-1964368526","p1":"LowksterP","p2":"Lazed_Fox","format":"[Gen 9] National Dex Doubles","log":"|j|\u2606LowksterP\n|j|\u2606Lazed_Fox\n|t:|1696963146\n|gametype|doubles\n|player|p1|LowksterP|striker|1005\n|player|p2|Lazed_Fox|eusine|1070\n|teamsize|p1|6\n|teamsize|p2|6\n|gen|9\n|tier|[Gen 9] National Dex Doubles\n|rated|\n|rule|HP Percentage Mod: HP is shown in percentages\n|rule|Endless Battle Clause: Forcing endless battles is banned\n|rule|OHKO Clause: OHKO moves are banned\n|rule|Evasion Moves Clause: Evasion moves are banned\n|rule|Evasion Abilities Clause: Evasion abilities are banned\n|rule|Species Clause: Limit one of each Pok\u00e9mon\n|rule|Gravity Sleep Clause: The combination of sleep-inducing moves with imperfect accuracy and Gravity or Gigantamax Orbeetle are banned\n|clearpoke\n|poke|p1|Altaria, M|\n|poke|p1|Primeape, M|\n|poke|p1|Gengar, M|\n|poke|p1|Eldegoss, F|\n|poke|p1|Arcanine, M|\n|poke|p1|Tentacruel, M|\n|poke|p2|Clodsire, M|\n|poke|p2|Gholdengo|\n|poke|p2|Basculegion-F, F|\n|poke|p2|Garchomp, M|\n|poke|p2|Samurott-Hisui, M|\n|poke|p2|Alcremie, F|\n|teampreview\n|\n|t:|1696963165\n|start\n|switch|p1a: Arcanine|Arcanine, M, shiny|100\/100\n|switch|p1b: Pickle Tickle|Tentacruel, M, shiny|100\/100\n|switch|p2a: Gholdengo|Gholdengo|100\/100\n|switch|p2b: Alcremie|Alcremie, F|100\/100\n|-ability|p1a: Arcanine|Intimidate|boost\n|-unboost|p2a: Gholdengo|atk|1\n|-unboost|p2b: Alcremie|atk|1\n|turn|1\n|\n|t:|1696963190\n|switch|p2b: Clodsire|Clodsire, M|100\/100\n|-terastallize|p2a: Gholdengo|Fairy\n|move|p2a: Gholdengo|Dazzling Gleam|p1b: Pickle Tickle|[spread] p1a,p1b\n|-resisted|p1a: Arcanine\n|-crit|p1a: Arcanine\n|-resisted|p1b: Pickle Tickle\n|-damage|p1a: Arcanine|71\/100\n|-damage|p1b: Pickle Tickle|86\/100\n|move|p1a: Arcanine|Mud-Slap|p2a: Gholdengo\n|-damage|p2a: Gholdengo|96\/100\n|-unboost|p2a: Gholdengo|accuracy|1\n|move|p1b: Pickle Tickle|Acupressure|p1a: Arcanine\n|-boost|p1a: Arcanine|spa|2\n|\n|-heal|p1a: Arcanine|77\/100|[from] item: Leftovers\n|upkeep\n|turn|2\n|\n|t:|1696963283\n|move|p2a: Gholdengo|Make It Rain|p1b: Pickle Tickle|[spread] p1a,p1b\n|-resisted|p1a: Arcanine\n|-resisted|p1b: Pickle Tickle\n|-damage|p1a: Arcanine|48\/100\n|-damage|p1b: Pickle Tickle|63\/100\n|-unboost|p2a: Gholdengo|spa|1\n|move|p1a: Arcanine|Mud-Slap|p2b: Clodsire\n|-supereffective|p2b: Clodsire\n|-damage|p2b: Clodsire|95\/100\n|-unboost|p2b: Clodsire|accuracy|1\n|move|p1b: Pickle Tickle|Acupressure|p1b: Pickle Tickle\n|-boost|p1b: Pickle Tickle|spd|2\n|move|p2b: Clodsire|Earthquake|p1b: Pickle Tickle|[spread] p2a,p1a,p1b\n|-supereffective|p1a: Arcanine\n|-supereffective|p1b: Pickle Tickle\n|-damage|p2a: Gholdengo|75\/100\n|-damage|p1a: Arcanine|1\/100\n|-damage|p1b: Pickle Tickle|19\/100\n|\n|-heal|p1a: Arcanine|8\/100|[from] item: Leftovers\n|upkeep\n|turn|3\n|\n|t:|1696963315\n|switch|p1a: Eldegoss|Eldegoss, F, shiny|100\/100\n|move|p2a: Gholdengo|Shadow Ball|p1a: Eldegoss|[miss]\n|-miss|p2a: Gholdengo|p1a: Eldegoss\n|move|p1b: Pickle Tickle|Giga Drain|p2b: Clodsire\n|-damage|p2b: Clodsire|86\/100\n|-heal|p1b: Pickle Tickle|26\/100|[from] drain|[of] p2b: Clodsire\n|move|p2b: Clodsire|Earthquake|p1b: Pickle Tickle|[spread] p2a,p1a,p1b\n|-resisted|p1a: Eldegoss\n|-supereffective|p1b: Pickle Tickle\n|-damage|p2a: Gholdengo|51\/100\n|-damage|p1a: Eldegoss|90\/100\n|-damage|p1b: Pickle Tickle|0 fnt\n|-ability|p1a: Eldegoss|Cotton Down\n|-unboost|p2a: Gholdengo|spe|1\n|-unboost|p2b: Clodsire|spe|1\n|faint|p1b: Pickle Tickle\n|\n|-heal|p1a: Eldegoss|96\/100|[from] item: Leftovers\n|upkeep\n|\n|t:|1696963329\n|switch|p1b: Arcanine|Arcanine, M, shiny|8\/100\n|-ability|p1b: Arcanine|Intimidate|boost\n|-unboost|p2a: Gholdengo|atk|1\n|-unboost|p2b: Clodsire|atk|1\n|turn|4\n|\n|t:|1696963340\n|move|p1b: Arcanine|Will-O-Wisp|p2b: Clodsire\n|-status|p2b: Clodsire|brn\n|move|p2a: Gholdengo|Make It Rain|p1a: Eldegoss|[spread] p1a\n|-miss|p2a: Gholdengo|p1b: Arcanine\n|-crit|p1a: Eldegoss\n|-damage|p1a: Eldegoss|24\/100\n|-unboost|p2a: Gholdengo|spa|1\n|-ability|p1a: Eldegoss|Cotton Down\n|-unboost|p1b: Arcanine|spe|1\n|-unboost|p2a: Gholdengo|spe|1\n|-unboost|p2b: Clodsire|spe|1\n|move|p1a: Eldegoss|Pollen Puff|p1b: Arcanine\n|-heal|p1b: Arcanine|58\/100\n|move|p2b: Clodsire|Earthquake|p1a: Eldegoss|[spread] p2a,p1b\n|-miss|p2b: Clodsire|p1a: Eldegoss\n|-supereffective|p1b: Arcanine\n|-damage|p2a: Gholdengo|44\/100\n|-damage|p1b: Arcanine|42\/100\n|\n|-heal|p1b: Arcanine|48\/100|[from] item: Leftovers\n|-heal|p1a: Eldegoss|30\/100|[from] item: Leftovers\n|-damage|p2b: Clodsire|80\/100 brn|[from] brn\n|upkeep\n|turn|5\n|\n|t:|1696963377\n|move|p1b: Arcanine|Heat Wave|p2a: Gholdengo|[spread] p2a,p2b\n|-damage|p2a: Gholdengo|23\/100\n|-damage|p2b: Clodsire|66\/100 brn\n|move|p1a: Eldegoss|Leech Seed|p2b: Clodsire|[miss]\n|-miss|p1a: Eldegoss|p2b: Clodsire\n|move|p2a: Gholdengo|Dazzling Gleam|p1b: Arcanine|[spread] p1a,p1b\n|-crit|p1a: Eldegoss\n|-resisted|p1b: Arcanine\n|-damage|p1a: Eldegoss|0 fnt\n|-damage|p1b: Arcanine|39\/100\n|-ability|p1a: Eldegoss|Cotton Down\n|-unboost|p1b: Arcanine|spe|1\n|-unboost|p2a: Gholdengo|spe|1\n|-unboost|p2b: Clodsire|spe|1\n|faint|p1a: Eldegoss\n|move|p2b: Clodsire|Yawn|p1b: Arcanine\n|-start|p1b: Arcanine|move: Yawn|[of] p2b: Clodsire\n|\n|-heal|p1b: Arcanine|45\/100|[from] item: Leftovers\n|-damage|p2b: Clodsire|60\/100 brn|[from] brn\n|upkeep\n|\n|t:|1696963401\n|switch|p1a: Altaria|Altaria, M, shiny|100\/100\n|-ability|p1a: Altaria|Cloud Nine\n|turn|6\n|\n|t:|1696963416\n|switch|p1b: Bend Over|Gengar, M, shiny|100\/100\n|move|p1a: Altaria|Iron Tail|p2a: Gholdengo\n|-supereffective|p2a: Gholdengo\n|-damage|p2a: Gholdengo|0 fnt\n|faint|p2a: Gholdengo\n|move|p2b: Clodsire|Earthquake|p1a: Altaria|[spread] p1b\n|-immune|p1a: Altaria\n|-supereffective|p1b: Bend Over\n|-damage|p1b: Bend Over|82\/100\n|-start|p2b: Clodsire|Disable|Earthquake|[from] ability: Cursed Body|[of] p1b: Bend Over\n|\n|-heal|p1b: Bend Over|88\/100|[from] item: Leftovers\n|-damage|p2b: Clodsire|54\/100 brn|[from] brn\n|upkeep\n|\n|t:|1696963432\n|switch|p2a: Alcremie|Alcremie, F|100\/100\n|turn|7\n|\n|t:|1696963446\n|switch|p1a: Arcanine|Arcanine, M, shiny|45\/100\n|-ability|p1a: Arcanine|Intimidate|boost\n|-unboost|p2a: Alcremie|atk|1\n|-unboost|p2b: Clodsire|atk|1\n|move|p1b: Bend Over|Nasty Plot|p1b: Bend Over\n|-boost|p1b: Bend Over|spa|2\n|move|p2a: Alcremie|Dazzling Gleam|p1a: Arcanine|[spread] p1a,p1b\n|-resisted|p1a: Arcanine\n|-resisted|p1b: Bend Over\n|-damage|p1a: Arcanine|27\/100\n|-damage|p1b: Bend Over|66\/100\n|move|p2b: Clodsire|Recover|p2b: Clodsire\n|-heal|p2b: Clodsire|100\/100 brn\n|\n|-heal|p1b: Bend Over|72\/100|[from] item: Leftovers\n|-heal|p1a: Arcanine|34\/100|[from] item: Leftovers\n|-damage|p2b: Clodsire|94\/100 brn|[from] brn\n|upkeep\n|turn|8\n|\n|t:|1696963491\n|switch|p2b: Samurott|Samurott-Hisui, M|100\/100\n|move|p1b: Bend Over|Nasty Plot|p1b: Bend Over\n|-boost|p1b: Bend Over|spa|2\n|move|p1a: Arcanine|Mud-Slap|p2a: Alcremie\n|-damage|p2a: Alcremie|96\/100\n|-unboost|p2a: Alcremie|accuracy|1\n|move|p2a: Alcremie|Energy Ball|p1a: Arcanine\n|-resisted|p1a: Arcanine\n|-damage|p1a: Arcanine|16\/100\n|\n|-heal|p1b: Bend Over|78\/100|[from] item: Leftovers\n|-heal|p1a: Arcanine|23\/100|[from] item: Leftovers\n|upkeep\n|turn|9\n|\n|t:|1696963513\n|move|p1b: Bend Over|Dazzling Gleam|p2b: Samurott|[spread] p2a,p2b\n|-supereffective|p2b: Samurott\n|-damage|p2a: Alcremie|53\/100\n|-damage|p2b: Samurott|0 fnt\n|faint|p2b: Samurott\n|move|p1a: Arcanine|Will-O-Wisp|p2a: Alcremie|[miss]\n|-miss|p1a: Arcanine|p2a: Alcremie\n|move|p2a: Alcremie|Dazzling Gleam|p1a: Arcanine|[spread] p1a,p1b\n|-resisted|p1a: Arcanine\n|-resisted|p1b: Bend Over\n|-damage|p1a: Arcanine|5\/100\n|-damage|p1b: Bend Over|55\/100\n|\n|-heal|p1b: Bend Over|61\/100|[from] item: Leftovers\n|-heal|p1a: Arcanine|11\/100|[from] item: Leftovers\n|upkeep\n|\n|t:|1696963526\n|switch|p2b: Basculegion|Basculegion-F, F|100\/100\n|turn|10\n|\n|t:|1696963546\n|move|p2b: Basculegion|Aqua Jet|p1a: Arcanine\n|-supereffective|p1a: Arcanine\n|-damage|p1a: Arcanine|0 fnt\n|faint|p1a: Arcanine\n|move|p1b: Bend Over|Thunderbolt|p2b: Basculegion\n|-supereffective|p2b: Basculegion\n|-damage|p2b: Basculegion|0 fnt\n|faint|p2b: Basculegion\n|move|p2a: Alcremie|Recover|p2a: Alcremie\n|-heal|p2a: Alcremie|100\/100\n|\n|-heal|p1b: Bend Over|68\/100|[from] item: Leftovers\n|upkeep\n|\n|t:|1696963561\n|switch|p1a: Altaria|Altaria, M, shiny|100\/100\n|switch|p2b: Garco|Garchomp, M|100\/100\n|-ability|p1a: Altaria|Cloud Nine\n|turn|11\n|\n|t:|1696963580\n|move|p1b: Bend Over|Dazzling Gleam|p2b: Garco|[spread] p2a,p2b\n|-supereffective|p2b: Garco\n|-damage|p2a: Alcremie|55\/100\n|-damage|p2b: Garco|0 fnt\n|faint|p2b: Garco\n|move|p1a: Altaria|Sing|p2a: Alcremie|[miss]\n|-miss|p1a: Altaria|p2a: Alcremie\n|-enditem|p1a: Altaria|Blunder Policy\n|-boost|p1a: Altaria|spe|2\n|move|p2a: Alcremie|Dazzling Gleam|p1b: Bend Over|[spread] p1a,p1b\n|-supereffective|p1a: Altaria\n|-resisted|p1b: Bend Over\n|-damage|p1a: Altaria|38\/100\n|-damage|p1b: Bend Over|46\/100\n|\n|-heal|p1b: Bend Over|52\/100|[from] item: Leftovers\n|upkeep\n|\n|t:|1696963592\n|switch|p2b: Clodsire|Clodsire, M|94\/100 brn\n|turn|12\n|\n|t:|1696963605\n|-terastallize|p1a: Altaria|Steel\n|move|p1a: Altaria|Hone Claws|p1a: Altaria\n|-boost|p1a: Altaria|atk|1\n|-boost|p1a: Altaria|accuracy|1\n|move|p1b: Bend Over|Clear Smog|p2a: Alcremie\n|-supereffective|p2a: Alcremie\n|-damage|p2a: Alcremie|0 fnt\n|-clearboost|p2a: Alcremie\n|faint|p2a: Alcremie\n|move|p2b: Clodsire|Yawn|p1b: Bend Over\n|-start|p1b: Bend Over|move: Yawn|[of] p2b: Clodsire\n|\n|-heal|p1b: Bend Over|58\/100|[from] item: Leftovers\n|-damage|p2b: Clodsire|88\/100 brn|[from] brn\n|upkeep\n|turn|13\n|\n|t:|1696963630\n|move|p1a: Altaria|Acrobatics|p2b: Clodsire\n|-damage|p2b: Clodsire|56\/100 brn\n|move|p1b: Bend Over|Dazzling Gleam|p2b: Clodsire\n|-resisted|p2b: Clodsire\n|-damage|p2b: Clodsire|50\/100 brn\n|move|p2b: Clodsire|Earthquake|p1a: Altaria|[spread] p1a,p1b\n|-supereffective|p1a: Altaria\n|-supereffective|p1b: Bend Over\n|-damage|p1a: Altaria|18\/100\n|-damage|p1b: Bend Over|29\/100\n|\n|-heal|p1b: Bend Over|35\/100|[from] item: Leftovers\n|-damage|p2b: Clodsire|43\/100 brn|[from] brn\n|-end|p1b: Bend Over|move: Yawn|[silent]\n|-status|p1b: Bend Over|slp\n|upkeep\n|turn|14\n|\n|t:|1696963650\n|move|p1a: Altaria|Acrobatics|p2b: Clodsire\n|-damage|p2b: Clodsire|14\/100 brn\n|cant|p1b: Bend Over|slp\n|move|p2b: Clodsire|Recover|p2b: Clodsire\n|-heal|p2b: Clodsire|64\/100 brn\n|\n|-heal|p1b: Bend Over|41\/100 slp|[from] item: Leftovers\n|-damage|p2b: Clodsire|58\/100 brn|[from] brn\n|upkeep\n|turn|15\n|\n|t:|1696963673\n|move|p1a: Altaria|Acrobatics|p2b: Clodsire\n|-damage|p2b: Clodsire|24\/100 brn\n|cant|p1b: Bend Over|slp\n|move|p2b: Clodsire|Earthquake|p1b: Bend Over|[spread] p1a,p1b\n|-supereffective|p1a: Altaria\n|-supereffective|p1b: Bend Over\n|-damage|p1a: Altaria|0 fnt\n|-damage|p1b: Bend Over|11\/100 slp\n|-start|p2b: Clodsire|Disable|Earthquake|[from] ability: Cursed Body|[of] p1b: Bend Over\n|faint|p1a: Altaria\n|\n|-heal|p1b: Bend Over|17\/100 slp|[from] item: Leftovers\n|-damage|p2b: Clodsire|18\/100 brn|[from] brn\n|upkeep\n|\n|t:|1696963682\n|switch|p1a: Primeape|Primeape, M, shiny|100\/100\n|turn|16\n|\n|t:|1696963699\n|cant|p1b: Bend Over|slp\n|move|p1a: Primeape|Dynamic Punch|p2b: Clodsire\n|-resisted|p2b: Clodsire\n|-damage|p2b: Clodsire|0 fnt\n|faint|p2b: Clodsire\n|\n|win|LowksterP\n|raw|LowksterP's rating: 1005 &rarr; <strong>1052<\/strong><br \/>(+47 for winning)\n|raw|Lazed_Fox's rating: 1070 &rarr; <strong>1046<\/strong><br \/>(-24 for losing)\n|l|\u2606Lazed_Fox\n","uploadtime":1696963714,"views":5,"p1id":"lowksterp","p2id":"lazedfox","formatid":"gen9nationaldexdoubles","rating":1046,"private":0,"password":""}