{"id":"gen9nationaldexdoubles-1961457072","p1":"hanja_2007","p2":"zeref203","format":"[Gen 9] National Dex Doubles","log":"|j|\u2606hanja_2007\n|j|\u2606zeref203\n|t:|1696627124\n|gametype|doubles\n|player|p1|hanja_2007|dawn|1025\n|player|p2|zeref203|1|1294\n|teamsize|p1|6\n|teamsize|p2|6\n|gen|9\n|tier|[Gen 9] National Dex Doubles\n|rated|\n|rule|HP Percentage Mod: HP is shown in percentages\n|rule|Endless Battle Clause: Forcing endless battles is banned\n|rule|OHKO Clause: OHKO moves are banned\n|rule|Evasion Moves Clause: Evasion moves are banned\n|rule|Evasion Abilities Clause: Evasion abilities are banned\n|rule|Species Clause: Limit one of each Pok\u00e9mon\n|rule|Gravity Sleep Clause: The combination of sleep-inducing moves with imperfect accuracy and Gravity or Gigantamax Orbeetle are banned\n|clearpoke\n|poke|p1|Regigigas|\n|poke|p1|Espathra, F|\n|poke|p1|Regieleki|\n|poke|p1|Electrode-Hisui|\n|poke|p1|Jirachi|\n|poke|p1|Goodra-Hisui, M|\n|poke|p2|Great Tusk|\n|poke|p2|Ninetales, M|\n|poke|p2|Sableye, F|\n|poke|p2|Feraligatr, F|\n|poke|p2|Salamence, F|\n|poke|p2|Flutter Mane|\n|teampreview\n|inactive|Battle timer is ON: inactive players will automatically lose when time's up. (requested by zeref203)\n|\n|t:|1696627145\n|start\n|switch|p1a: Espathra|Espathra, F|100\/100\n|switch|p1b: Regigigas|Regigigas|100\/100\n|switch|p2a: Great Tusk|Great Tusk|100\/100\n|switch|p2b: Sableye|Sableye, F|100\/100\n|-start|p1b: Regigigas|ability: Slow Start\n|turn|1\n|\n|t:|1696627161\n|move|p2b: Sableye|Will-O-Wisp|p1b: Regigigas\n|-status|p1b: Regigigas|brn\n|move|p1a: Espathra|Skill Swap|p1b: Regigigas\n|-activate|p1a: Espathra|move: Skill Swap|||[of] p1b: Regigigas\n|-end|p1b: Regigigas|Slow Start|[silent]\n|-start|p1a: Espathra|ability: Slow Start\n|move|p2a: Great Tusk|Close Combat|p1b: Regigigas\n|-supereffective|p1b: Regigigas\n|-damage|p1b: Regigigas|0 fnt\n|-unboost|p2a: Great Tusk|def|1\n|-unboost|p2a: Great Tusk|spd|1\n|-enditem|p2a: Great Tusk|Eject Pack\n|faint|p1b: Regigigas\n|\n|t:|1696627180\n|-end|p2a: Great Tusk|Protosynthesis|[silent]\n|switch|p2a: Flutter Mane|Flutter Mane|100\/100\n|\n|upkeep\n|\n|t:|1696627188\n|switch|p1b: Jirachi|Jirachi|100\/100\n|turn|2\n|\n|t:|1696627206\n|-terastallize|p2a: Flutter Mane|Ghost\n|-terastallize|p1b: Jirachi|Fire\n|move|p2b: Sableye|Taunt|p1a: Espathra\n|-start|p1a: Espathra|move: Taunt\n|move|p2a: Flutter Mane|Shadow Ball|p1b: Jirachi\n|-damage|p1b: Jirachi|42\/100\n|move|p1b: Jirachi|Fire Punch|p2a: Flutter Mane\n|-damage|p2a: Flutter Mane|41\/100\n|move|p1a: Espathra|Dazzling Gleam|p2a: Flutter Mane|[spread] p2a,p2b\n|-crit|p2a: Flutter Mane\n|-supereffective|p2b: Sableye\n|-damage|p2a: Flutter Mane|14\/100\n|-damage|p2b: Sableye|62\/100\n|\n|-heal|p2b: Sableye|68\/100|[from] item: Leftovers\n|upkeep\n|turn|3\n|\n|t:|1696627232\n|switch|p1b: Electrode|Electrode-Hisui|100\/100\n|move|p2b: Sableye|Will-O-Wisp|p1a: Espathra\n|-status|p1a: Espathra|brn\n|move|p2a: Flutter Mane|Shadow Ball|p1b: Electrode\n|-damage|p1b: Electrode|0 fnt\n|faint|p1b: Electrode\n|move|p1a: Espathra|Dazzling Gleam|p2b: Sableye|[spread] p2a,p2b\n|-supereffective|p2b: Sableye\n|-damage|p2a: Flutter Mane|0 fnt\n|-damage|p2b: Sableye|27\/100\n|faint|p2a: Flutter Mane\n|-end|p2a: Flutter Mane|Protosynthesis|[silent]\n|\n|-heal|p2b: Sableye|33\/100|[from] item: Leftovers\n|-damage|p1a: Espathra|94\/100 brn|[from] brn\n|upkeep\n|\n|t:|1696627254\n|switch|p1b: Regieleki|Regieleki|100\/100\n|switch|p2a: Feraligatr|Feraligatr, F|100\/100\n|turn|4\n|\n|t:|1696627265\n|switch|p2a: Great Tusk|Great Tusk|100\/100\n|move|p2b: Sableye|Will-O-Wisp|p1b: Regieleki\n|-status|p1b: Regieleki|brn\n|move|p1b: Regieleki|Thunderbolt|p2a: Great Tusk\n|-immune|p2a: Great Tusk\n|move|p1a: Espathra|Dazzling Gleam|p2b: Sableye|[spread] p2a,p2b\n|-supereffective|p2a: Great Tusk\n|-supereffective|p2b: Sableye\n|-damage|p2a: Great Tusk|57\/100\n|-damage|p2b: Sableye|0 fnt\n|faint|p2b: Sableye\n|\n|-damage|p1b: Regieleki|95\/100 brn|[from] brn\n|-damage|p1a: Espathra|88\/100 brn|[from] brn\n|-end|p1a: Espathra|move: Taunt\n|upkeep\n|\n|t:|1696627285\n|switch|p2b: Ninetales|Ninetales, M|100\/100\n|-weather|SunnyDay|[from] ability: Drought|[of] p2b: Ninetales\n|-activate|p2a: Great Tusk|ability: Protosynthesis\n|-start|p2a: Great Tusk|protosynthesisatk\n|turn|5\n|\n|t:|1696627305\n|move|p1b: Regieleki|Thunderbolt|p2b: Ninetales\n|-damage|p2b: Ninetales|18\/100\n|move|p2b: Ninetales|Heat Wave|p1b: Regieleki|[spread] p1a,p1b\n|-damage|p1a: Espathra|21\/100 brn\n|-damage|p1b: Regieleki|19\/100 brn\n|move|p2a: Great Tusk|Headlong Rush|p1b: Regieleki\n|-supereffective|p1b: Regieleki\n|-damage|p1b: Regieleki|0 fnt\n|-unboost|p2a: Great Tusk|def|1\n|-unboost|p2a: Great Tusk|spd|1\n|faint|p1b: Regieleki\n|move|p1a: Espathra|Skill Swap||[still]\n|-fail|p1a: Espathra\n|\n|-weather|SunnyDay|[upkeep]\n|-damage|p1a: Espathra|15\/100 brn|[from] brn\n|-end|p1a: Espathra|Slow Start\n|upkeep\n|\n|t:|1696627309\n|switch|p1b: Goodra|Goodra-Hisui, M|100\/100\n|turn|6\n|\n|t:|1696627333\n|move|p2b: Ninetales|Protect|p2b: Ninetales\n|-singleturn|p2b: Ninetales|Protect\n|move|p1a: Espathra|Energy Ball|p2a: Great Tusk\n|-supereffective|p2a: Great Tusk\n|-damage|p2a: Great Tusk|0 fnt\n|faint|p2a: Great Tusk\n|-end|p2a: Great Tusk|Protosynthesis|[silent]\n|move|p1b: Goodra|Earthquake|p2b: Ninetales|[spread] p1a\n|-activate|p2b: Ninetales|move: Protect\n|-damage|p1a: Espathra|0 fnt\n|faint|p1a: Espathra\n|-end|p1a: Espathra|Slow Start|[silent]\n|\n|-weather|SunnyDay|[upkeep]\n|upkeep\n|\n|t:|1696627341\n|switch|p1a: Jirachi|Jirachi, tera:Fire|42\/100\n|switch|p2a: Salamence|Salamence, F|100\/100\n|turn|7\n|\n|t:|1696627360\n|move|p1a: Jirachi|Ancient Power|p2a: Salamence\n|-supereffective|p2a: Salamence\n|-crit|p2a: Salamence\n|-damage|p2a: Salamence|47\/100\n|move|p2b: Ninetales|Heat Wave|p1a: Jirachi|[spread] p1a,p1b\n|-resisted|p1a: Jirachi\n|-damage|p1a: Jirachi|29\/100\n|-damage|p1b: Goodra|84\/100\n|move|p2a: Salamence|Earthquake|p1a: Jirachi|[spread] p2b,p1a,p1b\n|-supereffective|p2b: Ninetales\n|-supereffective|p1a: Jirachi\n|-supereffective|p1b: Goodra\n|-damage|p2b: Ninetales|0 fnt\n|-damage|p1a: Jirachi|0 fnt\n|-damage|p1b: Goodra|37\/100\n|faint|p2b: Ninetales\n|faint|p1a: Jirachi\n|-ability|p2a: Salamence|Moxie|boost\n|-boost|p2a: Salamence|atk|2\n|move|p1b: Goodra|Ice Spinner|p2a: Salamence\n|-supereffective|p2a: Salamence\n|-damage|p2a: Salamence|0 fnt\n|faint|p2a: Salamence\n|\n|-weather|SunnyDay|[upkeep]\n|upkeep\n|\n|t:|1696627379\n|switch|p2b: Feraligatr|Feraligatr, F|100\/100\n|turn|8\n|\n|t:|1696627400\n|move|p2b: Feraligatr|Dragon Dance|p2b: Feraligatr\n|-boost|p2b: Feraligatr|atk|1\n|-boost|p2b: Feraligatr|spe|1\n|move|p1b: Goodra|Dragon Claw|p2b: Feraligatr\n|-damage|p2b: Feraligatr|61\/100\n|\n|-weather|SunnyDay|[upkeep]\n|upkeep\n|turn|9\n|\n|t:|1696627409\n|move|p2b: Feraligatr|Liquidation|p1b: Goodra\n|-resisted|p1b: Goodra\n|-damage|p1b: Goodra|16\/100\n|move|p1b: Goodra|Heavy Slam|p2b: Feraligatr\n|-resisted|p2b: Feraligatr\n|-damage|p2b: Feraligatr|39\/100\n|\n|-weather|SunnyDay|[upkeep]\n|upkeep\n|turn|10\n|\n|t:|1696627419\n|move|p2b: Feraligatr|Liquidation|p1b: Goodra\n|-resisted|p1b: Goodra\n|-damage|p1b: Goodra|0 fnt\n|faint|p1b: Goodra\n|\n|win|zeref203\n|raw|hanja_2007's rating: 1025 &rarr; <strong>1020<\/strong><br \/>(-5 for losing)\n|raw|zeref203's rating: 1294 &rarr; <strong>1303<\/strong><br \/>(+9 for winning)\n|c|\u2606hanja_2007|Gg\n|l|\u2606hanja_2007\n","uploadtime":1696627436,"views":4,"p1id":"hanja2007","p2id":"zeref203","formatid":"gen9nationaldexdoubles","rating":1020,"private":0,"password":""}