{"id":"gen9nationaldexdoubles-1956225035","p1":"escrement","p2":"gocks","format":"[Gen 9] National Dex Doubles","log":"|j|\u2606escrement\n|j|\u2606gocks\n|t:|1696087211\n|gametype|doubles\n|player|p1|escrement|wattson|1183\n|player|p2|gocks|102|1205\n|teamsize|p1|6\n|teamsize|p2|6\n|gen|9\n|tier|[Gen 9] National Dex Doubles\n|rated|\n|rule|HP Percentage Mod: HP is shown in percentages\n|rule|Endless Battle Clause: Forcing endless battles is banned\n|rule|OHKO Clause: OHKO moves are banned\n|rule|Evasion Moves Clause: Evasion moves are banned\n|rule|Evasion Abilities Clause: Evasion abilities are banned\n|rule|Species Clause: Limit one of each Pok\u00e9mon\n|rule|Gravity Sleep Clause: The combination of sleep-inducing moves with imperfect accuracy and Gravity or Gigantamax Orbeetle are banned\n|clearpoke\n|poke|p1|Aerodactyl, M|\n|poke|p1|Kartana|\n|poke|p1|Flamigo, M|\n|poke|p1|Tapu Koko|\n|poke|p1|Lokix, F|\n|poke|p1|Comfey, M|\n|poke|p2|Espeon, F|\n|poke|p2|Indeedee-F, F|\n|poke|p2|Armarouge, M|\n|poke|p2|Scream Tail|\n|poke|p2|Hattrem, F|\n|poke|p2|Bruxish, M|\n|teampreview\n|inactive|Battle timer is ON: inactive players will automatically lose when time's up. (requested by escrement)\n|\n|t:|1696087225\n|start\n|switch|p1a: Aerodactyl|Aerodactyl, M|100\/100\n|switch|p1b: Kartana|Kartana|100\/100\n|switch|p2a: Scream Tail|Scream Tail|100\/100\n|switch|p2b: Espeon|Espeon, F|100\/100\n|-ability|p1a: Aerodactyl|Unnerve\n|turn|1\n|\n|t:|1696087239\n|detailschange|p1a: Aerodactyl|Aerodactyl-Mega, M\n|-mega|p1a: Aerodactyl|Aerodactyl|Aerodactylite\n|move|p2b: Espeon|Endure|p2b: Espeon\n|-singleturn|p2b: Espeon|move: Endure\n|move|p1a: Aerodactyl|Sky Drop||[still]\n|-prepare|p1a: Aerodactyl|Sky Drop|p2a: Scream Tail\n|move|p1b: Kartana|Swords Dance|p1b: Kartana\n|-boost|p1b: Kartana|atk|2\n|\n|upkeep\n|turn|2\n|\n|t:|1696087267\n|move|p2b: Espeon|Endure|p2b: Espeon\n|-singleturn|p2b: Espeon|move: Endure\n|move|p1a: Aerodactyl|Sky Drop|p2a: Scream Tail|[from]lockedmove\n|-damage|p2a: Scream Tail|74\/100\n|-end|p2a: Scream Tail|Sky Drop\n|move|p2a: Scream Tail|Fling|p2b: Espeon\n|-supereffective|p2b: Espeon\n|-damage|p2b: Espeon|93\/100\n|-boost|p2b: Espeon|spe|1|[from] item: Salac Berry\n|-enditem|p2b: Espeon|Weakness Policy\n|-boost|p2b: Espeon|atk|2|[from] item: Weakness Policy\n|-boost|p2b: Espeon|spa|2|[from] item: Weakness Policy\n|-enditem|p2a: Scream Tail|Salac Berry|[from] move: Fling\n|move|p1b: Kartana|Smart Strike|p2a: Scream Tail\n|-supereffective|p2a: Scream Tail\n|-damage|p2a: Scream Tail|0 fnt\n|faint|p2a: Scream Tail\n|-end|p2a: Scream Tail|Protosynthesis|[silent]\n|-ability|p1b: Kartana|Beast Boost|boost\n|-boost|p1b: Kartana|atk|1\n|\n|upkeep\n|inactive|gocks has 120 seconds left.\n|\n|t:|1696087284\n|switch|p2a: Indeedee|Indeedee-F, F|100\/100\n|-fieldstart|move: Psychic Terrain|[from] ability: Psychic Surge|[of] p2a: Indeedee\n|turn|3\n|\n|t:|1696087299\n|move|p1b: Kartana|Protect|p1b: Kartana\n|-singleturn|p1b: Kartana|Protect\n|move|p2a: Indeedee|Follow Me|p2a: Indeedee\n|-singleturn|p2a: Indeedee|move: Follow Me\n|move|p2b: Espeon|Expanding Force|p1b: Kartana|[spread] p1a\n|-activate|p1b: Kartana|move: Protect\n|-damage|p1a: Aerodactyl|0 fnt\n|faint|p1a: Aerodactyl\n|\n|upkeep\n|\n|t:|1696087310\n|switch|p1a: Lokix|Lokix, F|100\/100\n|turn|4\n|\n|t:|1696087329\n|move|p2a: Indeedee|Follow Me|p2a: Indeedee\n|-singleturn|p2a: Indeedee|move: Follow Me\n|move|p2b: Espeon|Expanding Force|p1b: Kartana|[spread] p1b\n|-immune|p1a: Lokix\n|-resisted|p1b: Kartana\n|-damage|p1b: Kartana|0 fnt\n|faint|p1b: Kartana\n|move|p1a: Lokix|U-turn|p2a: Indeedee\n|-supereffective|p2a: Indeedee\n|-damage|p2a: Indeedee|7\/100\n|-damage|p1a: Lokix|91\/100|[from] item: Life Orb\n|\n|t:|1696087339\n|switch|p1a: Tapu Koko|Tapu Koko|100\/100|[from] U-turn\n|-fieldstart|move: Electric Terrain|[from] ability: Electric Surge|[of] p1a: Tapu Koko\n|\n|-heal|p2a: Indeedee|13\/100|[from] item: Leftovers\n|upkeep\n|\n|t:|1696087344\n|switch|p1b: Lokix|Lokix, F|91\/100\n|turn|5\n|\n|t:|1696087361\n|switch|p2a: Bruxish|Bruxish, M|100\/100\n|-terastallize|p2b: Espeon|Ground\n|move|p1b: Lokix|First Impression||[still]\n|cant|p2a: Bruxish|ability: Dazzling|First Impression|[of] p1b: Lokix\n|move|p1a: Tapu Koko|Sky Drop||[still]\n|-prepare|p1a: Tapu Koko|Sky Drop|p2a: Bruxish\n|move|p2b: Espeon|Tera Blast|p1a: Tapu Koko|[anim] Tera Blast Ground|[miss]\n|-miss|p2b: Espeon|p1a: Tapu Koko\n|\n|upkeep\n|turn|6\n|inactive|gocks has 120 seconds left.\n|\n|t:|1696087404\n|move|p1a: Tapu Koko|Sky Drop|p2a: Bruxish|[from]lockedmove\n|-damage|p2a: Bruxish|76\/100\n|-end|p2a: Bruxish|Sky Drop\n|move|p2b: Espeon|Tera Blast|p1a: Tapu Koko|[anim] Tera Blast Ground\n|-supereffective|p1a: Tapu Koko\n|-damage|p1a: Tapu Koko|0 fnt\n|faint|p1a: Tapu Koko\n|move|p1b: Lokix|Axe Kick|p2b: Espeon\n|-damage|p2b: Espeon|0 fnt\n|faint|p2b: Espeon\n|-damage|p1b: Lokix|81\/100|[from] item: Life Orb\n|\n|upkeep\n|\n|t:|1696087414\n|switch|p1a: Comfey|Comfey, M|100\/100\n|switch|p2b: Armarouge|Armarouge, M|100\/100\n|turn|7\n|\n|t:|1696087432\n|move|p2b: Armarouge|Endure|p2b: Armarouge\n|-singleturn|p2b: Armarouge|move: Endure\n|move|p2a: Bruxish|Flip Turn|p2b: Armarouge\n|-supereffective|p2b: Armarouge\n|-damage|p2b: Armarouge|43\/100\n|-ability|p2b: Armarouge|Weak Armor|boost\n|-unboost|p2b: Armarouge|def|1\n|-boost|p2b: Armarouge|spe|2\n|-enditem|p2b: Armarouge|Weakness Policy\n|-boost|p2b: Armarouge|atk|2|[from] item: Weakness Policy\n|-boost|p2b: Armarouge|spa|2|[from] item: Weakness Policy\n|\n|t:|1696087441\n|switch|p2a: Indeedee|Indeedee-F, F|13\/100|[from] Flip Turn\n|-fieldstart|move: Psychic Terrain|[from] ability: Psychic Surge|[of] p2a: Indeedee\n|move|p1b: Lokix|U-turn|p2a: Indeedee\n|-supereffective|p2a: Indeedee\n|-damage|p2a: Indeedee|0 fnt\n|faint|p2a: Indeedee\n|-damage|p1b: Lokix|71\/100|[from] item: Life Orb\n|\n|t:|1696087449\n|switch|p1b: Flamigo|Flamigo, M|100\/100|[from] U-turn\n|-copyboost|p1b: Flamigo|p1a: Comfey|[from] ability: Costar\n|-zpower|p1a: Comfey\n|move|p1a: Comfey|Z-Celebrate|p1a: Comfey|[anim]Celebrate\n|-boost|p1a: Comfey|atk|1|[zeffect]\n|-boost|p1a: Comfey|def|1|[zeffect]\n|-boost|p1a: Comfey|spa|1|[zeffect]\n|-boost|p1a: Comfey|spd|1|[zeffect]\n|-boost|p1a: Comfey|spe|1|[zeffect]\n|-activate|p1a: Comfey|move: Celebrate\n|\n|upkeep\n|\n|t:|1696087457\n|switch|p2a: Bruxish|Bruxish, M|76\/100\n|turn|8\n|\n|t:|1696087478\n|-terastallize|p1b: Flamigo|Water\n|move|p2b: Armarouge|Expanding Force|p1a: Comfey|[spread] p1a,p1b\n|-damage|p1a: Comfey|0 fnt\n|-damage|p1b: Flamigo|0 fnt\n|faint|p1a: Comfey\n|faint|p1b: Flamigo\n|move|p2a: Bruxish|Wave Crash|p1: Comfey|[notarget]\n|-fail|p2a: Bruxish\n|\n|upkeep\n|-message|escrement forfeited.\n|\n|win|gocks\n|raw|escrement's rating: 1183 &rarr; <strong>1160<\/strong><br \/>(-23 for losing)\n|raw|gocks's rating: 1205 &rarr; <strong>1228<\/strong><br \/>(+23 for winning)\n|l|\u2606escrement\n","uploadtime":1696087495,"views":7,"p1id":"escrement","p2id":"gocks","formatid":"gen9nationaldexdoubles","rating":1160,"private":0,"password":""}