{"id":"gen9nationaldexdoubles-1960787129","p1":"fumbari 24","p2":"Alexjames99","format":"[Gen 9] National Dex Doubles","log":"|j|\u2606fumbari 24\n|j|\u2606Alexjames99\n|t:|1696556496\n|gametype|doubles\n|player|p1|fumbari 24|169|1334\n|player|p2|Alexjames99|acetrainer-gen4dp|1220\n|teamsize|p1|6\n|teamsize|p2|6\n|gen|9\n|tier|[Gen 9] National Dex Doubles\n|rated|\n|rule|HP Percentage Mod: HP is shown in percentages\n|rule|Endless Battle Clause: Forcing endless battles is banned\n|rule|OHKO Clause: OHKO moves are banned\n|rule|Evasion Moves Clause: Evasion moves are banned\n|rule|Evasion Abilities Clause: Evasion abilities are banned\n|rule|Species Clause: Limit one of each Pok\u00e9mon\n|rule|Gravity Sleep Clause: The combination of sleep-inducing moves with imperfect accuracy and Gravity or Gigantamax Orbeetle are banned\n|clearpoke\n|poke|p1|Garchomp, F|\n|poke|p1|Blastoise, M|\n|poke|p1|Spiritomb, F|\n|poke|p1|Gardevoir, F|\n|poke|p1|Togekiss, F|\n|poke|p1|Skarmory, M|\n|poke|p2|Indeedee-F, F|\n|poke|p2|Azelf|\n|poke|p2|Gogoat, M|\n|poke|p2|Rillaboom, M|\n|poke|p2|Slowking, M|\n|poke|p2|Drampa, M|\n|teampreview\n|\n|t:|1696556512\n|start\n|switch|p1a: Belle|Gardevoir, F, shiny|100\/100\n|switch|p1b: Spiritomb|Spiritomb, F|100\/100\n|switch|p2a: Indeedee|Indeedee-F, F|100\/100\n|switch|p2b: Azelf|Azelf|100\/100\n|-fieldstart|move: Psychic Terrain|[from] ability: Psychic Surge|[of] p2a: Indeedee\n|-enditem|p2a: Indeedee|Psychic Seed\n|-boost|p2a: Indeedee|spd|1|[from] item: Psychic Seed\n|-ability|p1a: Belle|Psychic Surge|[from] ability: Trace|[of] p2a: Indeedee\n|turn|1\n|inactive|Battle timer is ON: inactive players will automatically lose when time's up. (requested by fumbari 24)\n|\n|t:|1696556546\n|detailschange|p1a: Belle|Gardevoir-Mega, F, shiny\n|-mega|p1a: Belle|Gardevoir|Gardevoirite\n|move|p2b: Azelf|Nasty Plot|p2b: Azelf\n|-boost|p2b: Azelf|spa|2\n|move|p1a: Belle|Mystical Fire|p2b: Azelf\n|-damage|p2b: Azelf|60\/100\n|-unboost|p2b: Azelf|spa|1\n|move|p1b: Spiritomb|Snarl|p2a: Indeedee|[spread] p2b\n|-miss|p1b: Spiritomb|p2a: Indeedee\n|-supereffective|p2b: Azelf\n|-damage|p2b: Azelf|27\/100\n|-unboost|p2b: Azelf|spa|1\n|move|p2a: Indeedee|Trick Room|p2a: Indeedee\n|-fieldstart|move: Trick Room|[of] p2a: Indeedee\n|-enditem|p2b: Azelf|Room Service\n|-unboost|p2b: Azelf|spe|1|[from] item: Room Service\n|\n|upkeep\n|turn|2\n|inactive|Alexjames99 has 120 seconds left.\n|\n|t:|1696556603\n|move|p2a: Indeedee|Follow Me|p2a: Indeedee\n|-singleturn|p2a: Indeedee|move: Follow Me\n|move|p1b: Spiritomb|Snarl|p2a: Indeedee|[spread] p2a,p2b\n|-supereffective|p2a: Indeedee\n|-supereffective|p2b: Azelf\n|-damage|p2a: Indeedee|87\/100\n|-damage|p2b: Azelf|0 fnt\n|-unboost|p2a: Indeedee|spa|1\n|faint|p2b: Azelf\n|move|p1a: Belle|Hyper Voice|p2a: Indeedee\n|-damage|p2a: Indeedee|49\/100\n|\n|upkeep\n|inactive|Alexjames99 has 90 seconds left.\n|inactive|Alexjames99 has 60 seconds left.\n|\n|t:|1696556646\n|switch|p2b: Slowking|Slowking, M|100\/100\n|turn|3\n|\n|t:|1696556662\n|move|p1a: Belle|Protect|p1a: Belle\n|-singleturn|p1a: Belle|Protect\n|move|p1b: Spiritomb|Snarl|p2a: Indeedee|[spread] p2a,p2b\n|-supereffective|p2a: Indeedee\n|-supereffective|p2b: Slowking\n|-damage|p2a: Indeedee|34\/100\n|-damage|p2b: Slowking|83\/100\n|-unboost|p2a: Indeedee|spa|1\n|-unboost|p2b: Slowking|spa|1\n|move|p2b: Slowking|Ice Beam|p1a: Belle\n|-activate|p1a: Belle|move: Protect\n|move|p2a: Indeedee|Psychic|p1a: Belle\n|-activate|p1a: Belle|move: Protect\n|\n|-heal|p2b: Slowking|89\/100|[from] item: Leftovers\n|upkeep\n|turn|4\n|inactive|Alexjames99 has 90 seconds left.\n|inactive|fumbari 24 has 120 seconds left.\n|\n|t:|1696556698\n|move|p1b: Spiritomb|Snarl|p2a: Indeedee|[spread] p2a,p2b\n|-supereffective|p2a: Indeedee\n|-supereffective|p2b: Slowking\n|-damage|p2a: Indeedee|18\/100\n|-damage|p2b: Slowking|72\/100\n|-unboost|p2a: Indeedee|spa|1\n|-unboost|p2b: Slowking|spa|1\n|move|p2b: Slowking|Ice Beam|p1a: Belle\n|-damage|p1a: Belle|90\/100\n|move|p2a: Indeedee|Psychic|p1a: Belle\n|-resisted|p1a: Belle\n|-damage|p1a: Belle|82\/100\n|-unboost|p1a: Belle|spd|1\n|move|p1a: Belle|Hyper Voice|p2b: Slowking|[spread] p2a,p2b\n|-damage|p2a: Indeedee|0 fnt\n|-damage|p2b: Slowking|39\/100\n|faint|p2a: Indeedee\n|\n|-heal|p2b: Slowking|45\/100|[from] item: Leftovers\n|upkeep\n|inactive|Alexjames99 has 60 seconds left.\n|\n|t:|1696556723\n|switch|p2a: Rillaboom|Rillaboom, M|100\/100\n|-fieldstart|move: Grassy Terrain|[from] ability: Grassy Surge|[of] p2a: Rillaboom\n|turn|5\n|\n|t:|1696556741\n|switch|p2b: Gogoat|Gogoat, M|100\/100\n|-enditem|p2b: Gogoat|Grassy Seed\n|-boost|p2b: Gogoat|def|1|[from] item: Grassy Seed\n|move|p1a: Belle|Protect|p1a: Belle\n|-singleturn|p1a: Belle|Protect\n|move|p2a: Rillaboom|Fake Out|p1a: Belle\n|-activate|p1a: Belle|move: Protect\n|move|p1b: Spiritomb|Will-O-Wisp|p2a: Rillaboom\n|-status|p2a: Rillaboom|brn\n|\n|-heal|p1a: Belle|88\/100|[from] Grassy Terrain\n|-damage|p2a: Rillaboom|94\/100 brn|[from] brn\n|-fieldend|move: Trick Room\n|upkeep\n|turn|6\n|\n|t:|1696556770\n|switch|p1a: Skraa|Skarmory, M|100\/100\n|move|p2a: Rillaboom|Knock Off|p1b: Spiritomb\n|-crit|p1b: Spiritomb\n|-damage|p1b: Spiritomb|75\/100\n|-enditem|p1b: Spiritomb|Roseli Berry|[from] move: Knock Off|[of] p2a: Rillaboom\n|move|p2b: Gogoat|Leech Seed|p1b: Spiritomb\n|-start|p1b: Spiritomb|move: Leech Seed\n|move|p1b: Spiritomb|Will-O-Wisp|p2b: Gogoat\n|-status|p2b: Gogoat|brn\n|\n|-heal|p2a: Rillaboom|100\/100 brn|[from] Grassy Terrain\n|-heal|p1b: Spiritomb|81\/100|[from] Grassy Terrain\n|-damage|p1b: Spiritomb|69\/100|[from] Leech Seed|[of] p2b: Gogoat\n|-damage|p2a: Rillaboom|94\/100 brn|[from] brn\n|-damage|p2b: Gogoat|94\/100 brn|[from] brn\n|upkeep\n|turn|7\n|inactive|Alexjames99 has 60 seconds left.\n|\n|t:|1696556804\n|switch|p1b: Togekiss|Togekiss, F|100\/100\n|move|p2a: Rillaboom|Knock Off|p1b: Togekiss\n|-resisted|p1b: Togekiss\n|-crit|p1b: Togekiss\n|-damage|p1b: Togekiss|91\/100\n|-enditem|p1b: Togekiss|Razor Claw|[from] move: Knock Off|[of] p2a: Rillaboom\n|move|p1a: Skraa|Tailwind|p1a: Skraa\n|-sidestart|p1: fumbari 24|move: Tailwind\n|move|p2b: Gogoat|Horn Leech|p1b: Togekiss\n|-resisted|p1b: Togekiss\n|-damage|p1b: Togekiss|85\/100\n|-heal|p2b: Gogoat|97\/100 brn|[from] drain|[of] p1b: Togekiss\n|\n|-heal|p2a: Rillaboom|100\/100 brn|[from] Grassy Terrain\n|-heal|p2b: Gogoat|100\/100 brn|[from] Grassy Terrain\n|-damage|p2a: Rillaboom|94\/100 brn|[from] brn\n|-damage|p2b: Gogoat|94\/100 brn|[from] brn\n|upkeep\n|turn|8\n|inactive|Alexjames99 has 60 seconds left.\n|\n|t:|1696556832\n|move|p1b: Togekiss|Air Slash|p2b: Gogoat\n|-supereffective|p2b: Gogoat\n|-crit|p2b: Gogoat\n|-damage|p2b: Gogoat|16\/100 brn\n|move|p1a: Skraa|Brave Bird|p2b: Gogoat\n|-supereffective|p2b: Gogoat\n|-damage|p2b: Gogoat|0 fnt\n|faint|p2b: Gogoat\n|-damage|p1a: Skraa|94\/100|[from] Recoil\n|move|p2a: Rillaboom|Knock Off|p1a: Skraa\n|-damage|p1a: Skraa|80\/100\n|-enditem|p1a: Skraa|Lum Berry|[from] move: Knock Off|[of] p2a: Rillaboom\n|\n|-heal|p2a: Rillaboom|100\/100 brn|[from] Grassy Terrain\n|-damage|p2a: Rillaboom|94\/100 brn|[from] brn\n|upkeep\n|inactive|Alexjames99 has 60 seconds left.\n|\n|t:|1696556852\n|switch|p2b: Slowking|Slowking, M|78\/100\n|turn|9\n|inactive|Alexjames99 has 60 seconds left.\n|\n|t:|1696556867\n|move|p1b: Togekiss|Air Slash|p2b: Slowking\n|-damage|p2b: Slowking|60\/100\n|move|p1a: Skraa|Brave Bird|p2b: Slowking\n|-damage|p2b: Slowking|15\/100\n|-damage|p1a: Skraa|63\/100|[from] Recoil\n|move|p2a: Rillaboom|Knock Off|p1b: Togekiss\n|-resisted|p1b: Togekiss\n|-damage|p1b: Togekiss|80\/100\n|move|p2b: Slowking|Ice Beam|p1b: Togekiss\n|-supereffective|p1b: Togekiss\n|-damage|p1b: Togekiss|46\/100\n|\n|-heal|p2a: Rillaboom|100\/100 brn|[from] Grassy Terrain\n|-heal|p2b: Slowking|21\/100|[from] Grassy Terrain\n|-heal|p2b: Slowking|27\/100|[from] item: Leftovers\n|-damage|p2a: Rillaboom|94\/100 brn|[from] brn\n|-fieldend|move: Grassy Terrain\n|upkeep\n|turn|10\n|inactive|Alexjames99 has 60 seconds left.\n|\n|t:|1696556899\n|move|p1b: Togekiss|Roost|p1b: Togekiss\n|-heal|p1b: Togekiss|96\/100\n|-singleturn|p1b: Togekiss|move: Roost\n|move|p1a: Skraa|Brave Bird|p2b: Slowking\n|-damage|p2b: Slowking|0 fnt\n|faint|p2b: Slowking\n|-damage|p1a: Skraa|52\/100|[from] Recoil\n|move|p2a: Rillaboom|U-turn|p1b: Togekiss\n|-resisted|p1b: Togekiss\n|-damage|p1b: Togekiss|91\/100\n|\n|t:|1696556911\n|switch|p2a: Drampa|Drampa, M|100\/100|[from] U-turn\n|\n|-sideend|p1: fumbari 24|move: Tailwind\n|upkeep\n|\n|t:|1696556917\n|switch|p2b: Rillaboom|Rillaboom, M|94\/100 brn\n|-fieldstart|move: Grassy Terrain|[from] ability: Grassy Surge|[of] p2b: Rillaboom\n|turn|11\n|inactive|Alexjames99 has 60 seconds left.\n|\n|t:|1696556941\n|move|p2b: Rillaboom|Fake Out|p1a: Skraa\n|-resisted|p1a: Skraa\n|-damage|p1a: Skraa|49\/100\n|move|p1b: Togekiss|Dazzling Gleam|p2a: Drampa|[spread] p2a,p2b\n|-supereffective|p2a: Drampa\n|-damage|p2a: Drampa|49\/100\n|-damage|p2b: Rillaboom|73\/100 brn\n|-ability|p2a: Drampa|Berserk|boost\n|-boost|p2a: Drampa|spa|1\n|cant|p1a: Skraa|flinch\n|move|p2a: Drampa|Hyper Voice|p1a: Skraa|[spread] p1a,p1b\n|-resisted|p1a: Skraa\n|-crit|p1a: Skraa\n|-damage|p1a: Skraa|0 fnt\n|-damage|p1b: Togekiss|46\/100\n|faint|p1a: Skraa\n|-enditem|p2a: Drampa|Throat Spray\n|-boost|p2a: Drampa|spa|1|[from] item: Throat Spray\n|\n|-heal|p2b: Rillaboom|79\/100 brn|[from] Grassy Terrain\n|-heal|p2a: Drampa|55\/100|[from] Grassy Terrain\n|-damage|p2b: Rillaboom|73\/100 brn|[from] brn\n|upkeep\n|\n|t:|1696556954\n|switch|p1a: Belle|Gardevoir-Mega, F, shiny|88\/100\n|turn|12\n|inactive|Alexjames99 has 60 seconds left.\n|\n|t:|1696556985\n|move|p1a: Belle|Hyper Voice|p2a: Drampa|[spread] p2a,p2b\n|-supereffective|p2a: Drampa\n|-damage|p2a: Drampa|0 fnt\n|-damage|p2b: Rillaboom|30\/100 brn\n|faint|p2a: Drampa\n|move|p2b: Rillaboom|Knock Off|p1a: Belle\n|-damage|p1a: Belle|73\/100\n|move|p1b: Togekiss|Dazzling Gleam|p2b: Rillaboom\n|-crit|p2b: Rillaboom\n|-damage|p2b: Rillaboom|0 fnt\n|faint|p2b: Rillaboom\n|\n|win|fumbari 24\n|raw|fumbari 24's rating: 1334 &rarr; <strong>1348<\/strong><br \/>(+14 for winning)\n|raw|Alexjames99's rating: 1220 &rarr; <strong>1203<\/strong><br \/>(-17 for losing)\n","uploadtime":1696556995,"views":14,"p1id":"fumbari24","p2id":"alexjames99","formatid":"gen9nationaldexdoubles","rating":1203,"private":0,"password":""}