{"id":"gen9nationaldexdoubles-1957152235","p1":"Chad Tankers","p2":"jimmypurple3000","format":"[Gen 9] National Dex Doubles","log":"|j|\u2606Chad Tankers\n|j|\u2606jimmypurple3000\n|t:|1696190806\n|gametype|doubles\n|player|p1|Chad Tankers|burglar|1337\n|player|p2|jimmypurple3000|aetherfoundation|1231\n|teamsize|p1|6\n|teamsize|p2|6\n|gen|9\n|tier|[Gen 9] National Dex Doubles\n|rated|\n|rule|HP Percentage Mod: HP is shown in percentages\n|rule|Endless Battle Clause: Forcing endless battles is banned\n|rule|OHKO Clause: OHKO moves are banned\n|rule|Evasion Moves Clause: Evasion moves are banned\n|rule|Evasion Abilities Clause: Evasion abilities are banned\n|rule|Species Clause: Limit one of each Pok\u00e9mon\n|rule|Gravity Sleep Clause: The combination of sleep-inducing moves with imperfect accuracy and Gravity or Gigantamax Orbeetle are banned\n|clearpoke\n|poke|p1|Mawile, F|\n|poke|p1|Zygarde|\n|poke|p1|Rillaboom, F|\n|poke|p1|Incineroar, F|\n|poke|p1|Celesteela|\n|poke|p1|Tapu Fini|\n|poke|p2|Mew|\n|poke|p2|Kangaskhan, F|\n|poke|p2|Whimsicott, F|\n|poke|p2|Farigiraf, F|\n|poke|p2|Gholdengo|\n|poke|p2|Chi-Yu|\n|teampreview\n|inactive|Battle timer is ON: inactive players will automatically lose when time's up. (requested by Chad Tankers)\n|\n|t:|1696190832\n|start\n|switch|p1a: Tapu Fini|Tapu Fini|100\/100\n|switch|p1b: Celesteela|Celesteela|100\/100\n|switch|p2a: Whimsicott|Whimsicott, F|100\/100\n|switch|p2b: Kangaskhan|Kangaskhan, F|100\/100\n|-fieldstart|move: Misty Terrain|[from] ability: Misty Surge|[of] p1a: Tapu Fini\n|turn|1\n|c|\u2606Chad Tankers|Glhf\n|\n|t:|1696190854\n|move|p1a: Tapu Fini|Protect|p1a: Tapu Fini\n|-singleturn|p1a: Tapu Fini|Protect\n|move|p2b: Kangaskhan|Fake Out|p1a: Tapu Fini\n|-activate|p1a: Tapu Fini|move: Protect\n|move|p2a: Whimsicott|Taunt|p1b: Celesteela\n|-start|p1b: Celesteela|move: Taunt\n|cant|p1b: Celesteela|move: Taunt|Leech Seed\n|\n|upkeep\n|turn|2\n|\n|t:|1696190875\n|switch|p2b: Gholdengo|Gholdengo|100\/100\n|switch|p1b: Incineroar|Incineroar, F|100\/100\n|-ability|p1b: Incineroar|Intimidate|boost\n|-unboost|p2a: Whimsicott|atk|1\n|-unboost|p2b: Gholdengo|atk|1\n|move|p2a: Whimsicott|Taunt|p1a: Tapu Fini\n|-start|p1a: Tapu Fini|move: Taunt\n|cant|p1a: Tapu Fini|move: Taunt|Calm Mind\n|\n|upkeep\n|turn|3\n|inactive|Chad Tankers has 120 seconds left.\n|\n|t:|1696190922\n|switch|p2b: Farigiraf|Farigiraf, F|100\/100\n|switch|p1a: Mawile|Mawile, F|100\/100\n|-ability|p1a: Mawile|Intimidate|boost\n|-unboost|p2a: Whimsicott|atk|1\n|-unboost|p2b: Farigiraf|atk|1\n|move|p1b: Incineroar|Fake Out||[still]\n|cant|p2b: Farigiraf|ability: Armor Tail|Fake Out|[of] p1b: Incineroar\n|move|p2a: Whimsicott|Tailwind|p2a: Whimsicott\n|-sidestart|p2: jimmypurple3000|move: Tailwind\n|\n|upkeep\n|turn|4\n|inactive|Chad Tankers has 120 seconds left.\n|\n|t:|1696190946\n|switch|p2b: Chi-Yu|Chi-Yu|100\/100\n|-ability|p2b: Chi-Yu|Beads of Ruin\n|detailschange|p1a: Mawile|Mawile-Mega, F\n|-mega|p1a: Mawile|Mawile|Mawilite\n|move|p2a: Whimsicott|Moonblast|p1b: Incineroar\n|-damage|p1b: Incineroar|64\/100\n|move|p1b: Incineroar|Knock Off|p2b: Chi-Yu\n|-resisted|p2b: Chi-Yu\n|-damage|p2b: Chi-Yu|67\/100\n|-enditem|p2b: Chi-Yu|Throat Spray|[from] move: Knock Off|[of] p1b: Incineroar\n|move|p1a: Mawile|Swords Dance|p1a: Mawile\n|-boost|p1a: Mawile|atk|2\n|\n|upkeep\n|turn|5\n|inactive|Chad Tankers has 120 seconds left.\n|inactive|jimmypurple3000 has 120 seconds left.\n|\n|t:|1696190982\n|switch|p2a: Farigiraf|Farigiraf, F|100\/100\n|move|p1a: Mawile|Protect|p1a: Mawile\n|-singleturn|p1a: Mawile|Protect\n|move|p2b: Chi-Yu|Heat Wave|p1b: Incineroar|[spread] p1b\n|-activate|p1a: Mawile|move: Protect\n|-resisted|p1b: Incineroar\n|-damage|p1b: Incineroar|45\/100\n|-enditem|p1b: Incineroar|Sitrus Berry|[eat]\n|-heal|p1b: Incineroar|70\/100|[from] item: Sitrus Berry\n|move|p1b: Incineroar|Parting Shot|p2b: Chi-Yu\n|-unboost|p2b: Chi-Yu|atk|1\n|-unboost|p2b: Chi-Yu|spa|1\n|\n|t:|1696190997\n|switch|p1b: Tapu Fini|Tapu Fini|100\/100|[from] Parting Shot\n|\n|-fieldend|Misty Terrain\n|upkeep\n|turn|6\n|\n|t:|1696191014\n|switch|p1a: Zygarde|Zygarde|100\/100\n|-ability|p1a: Zygarde|Aura Break\n|move|p2b: Chi-Yu|Heat Wave|p1b: Tapu Fini|[spread] p1a,p1b\n|-resisted|p1a: Zygarde\n|-resisted|p1b: Tapu Fini\n|-damage|p1a: Zygarde|86\/100\n|-damage|p1b: Tapu Fini|88\/100\n|move|p2a: Farigiraf|Nasty Plot|p2a: Farigiraf\n|-boost|p2a: Farigiraf|spa|2\n|move|p1b: Tapu Fini|Calm Mind|p1b: Tapu Fini\n|-boost|p1b: Tapu Fini|spa|1\n|-boost|p1b: Tapu Fini|spd|1\n|\n|-heal|p1b: Tapu Fini|94\/100|[from] item: Leftovers\n|-sideend|p2: jimmypurple3000|move: Tailwind\n|upkeep\n|turn|7\n|inactive|Chad Tankers has 120 seconds left.\n|\n|t:|1696191033\n|switch|p2b: Whimsicott|Whimsicott, F|100\/100\n|move|p1a: Zygarde|Dragon Dance|p1a: Zygarde\n|-boost|p1a: Zygarde|atk|1\n|-boost|p1a: Zygarde|spe|1\n|move|p1b: Tapu Fini|Muddy Water|p2b: Whimsicott|[spread] p2a\n|-miss|p1b: Tapu Fini|p2b: Whimsicott\n|-damage|p2a: Farigiraf|63\/100\n|move|p2a: Farigiraf|Hyper Voice|p1b: Tapu Fini|[spread] p1a,p1b\n|-damage|p1a: Zygarde|26\/100\n|-damage|p1b: Tapu Fini|56\/100\n|\n|-heal|p1b: Tapu Fini|62\/100|[from] item: Leftovers\n|upkeep\n|turn|8\n|inactive|Chad Tankers has 120 seconds left.\n|\n|t:|1696191060\n|move|p2b: Whimsicott|Tailwind|p2b: Whimsicott\n|-sidestart|p2: jimmypurple3000|move: Tailwind\n|move|p1a: Zygarde|Thousand Arrows|p2a: Farigiraf|[spread] p2a,p2b\n|-resisted|p2b: Whimsicott\n|-damage|p2a: Farigiraf|22\/100\n|-damage|p2b: Whimsicott|64\/100\n|-enditem|p2a: Farigiraf|Sitrus Berry|[eat]\n|-heal|p2a: Farigiraf|47\/100|[from] item: Sitrus Berry\n|move|p2a: Farigiraf|Hyper Voice|p1a: Zygarde|[spread] p1a,p1b\n|-damage|p1a: Zygarde|0 fnt\n|-damage|p1b: Tapu Fini|23\/100\n|faint|p1a: Zygarde\n|move|p1b: Tapu Fini|Moonblast|p2a: Farigiraf\n|-damage|p2a: Farigiraf|0 fnt\n|faint|p2a: Farigiraf\n|\n|-heal|p1b: Tapu Fini|30\/100|[from] item: Leftovers\n|upkeep\n|\n|t:|1696191084\n|switch|p1a: Incineroar|Incineroar, F|70\/100\n|switch|p2a: Kangaskhan|Kangaskhan, F|100\/100\n|-ability|p1a: Incineroar|Intimidate|boost\n|-fail|p2a: Kangaskhan|unboost|Attack|[from] ability: Scrappy|[of] p2a: Kangaskhan\n|-unboost|p2b: Whimsicott|atk|1\n|turn|9\n|\n|t:|1696191105\n|detailschange|p2a: Kangaskhan|Kangaskhan-Mega, F\n|-mega|p2a: Kangaskhan|Kangaskhan|Kangaskhanite\n|move|p1b: Tapu Fini|Protect|p1b: Tapu Fini\n|-singleturn|p1b: Tapu Fini|Protect\n|move|p2a: Kangaskhan|Fake Out|p1b: Tapu Fini\n|-activate|p1b: Tapu Fini|move: Protect\n|move|p2b: Whimsicott|Tailwind||[still]\n|-fail|p2b: Whimsicott\n|move|p1a: Incineroar|Parting Shot|p2a: Kangaskhan\n|-unboost|p2a: Kangaskhan|atk|1\n|-unboost|p2a: Kangaskhan|spa|1\n|\n|t:|1696191117\n|switch|p1a: Mawile|Mawile-Mega, F|100\/100|[from] Parting Shot\n|\n|-heal|p1b: Tapu Fini|36\/100|[from] item: Leftovers\n|upkeep\n|turn|10\n|\n|t:|1696191129\n|move|p2b: Whimsicott|Taunt|p1a: Mawile\n|-start|p1a: Mawile|move: Taunt\n|move|p2a: Kangaskhan|Seismic Toss|p1b: Tapu Fini\n|-damage|p1b: Tapu Fini|7\/100\n|-damage|p1b: Tapu Fini|0 fnt\n|faint|p1b: Tapu Fini\n|-hitcount|p1: Tapu Fini|2\n|cant|p1a: Mawile|move: Taunt|Swords Dance\n|\n|upkeep\n|\n|t:|1696191146\n|switch|p1b: Incineroar|Incineroar, F|70\/100\n|-ability|p1b: Incineroar|Intimidate|boost\n|-unboost|p2a: Kangaskhan|atk|1\n|-unboost|p2b: Whimsicott|atk|1\n|turn|11\n|\n|t:|1696191170\n|switch|p2b: Chi-Yu|Chi-Yu|67\/100\n|-ability|p2b: Chi-Yu|Beads of Ruin\n|switch|p2a: Gholdengo|Gholdengo|100\/100\n|move|p1b: Incineroar|Fake Out|p2b: Chi-Yu\n|-damage|p2b: Chi-Yu|47\/100\n|move|p1a: Mawile|Play Rough|p2b: Chi-Yu\n|-damage|p2b: Chi-Yu|0 fnt\n|faint|p2b: Chi-Yu\n|\n|-sideend|p2: jimmypurple3000|move: Tailwind\n|upkeep\n|j| lusprs\n|inactive|jimmypurple3000 has 120 seconds left.\n|\n|t:|1696191197\n|switch|p2b: Kangaskhan|Kangaskhan-Mega, F|100\/100\n|turn|12\n|\n|t:|1696191214\n|-terastallize|p2a: Gholdengo|Water\n|move|p2b: Kangaskhan|Seismic Toss|p1b: Incineroar\n|-damage|p1b: Incineroar|45\/100\n|-damage|p1b: Incineroar|20\/100\n|-hitcount|p1b: Incineroar|2\n|move|p2a: Gholdengo|Nasty Plot|p2a: Gholdengo\n|-boost|p2a: Gholdengo|spa|2\n|move|p1b: Incineroar|Parting Shot|p2a: Gholdengo\n|-immune|p2a: Gholdengo|[from] ability: Good as Gold\n|move|p1a: Mawile|Play Rough|p2b: Kangaskhan\n|-damage|p2b: Kangaskhan|20\/100\n|\n|-end|p1a: Mawile|move: Taunt\n|upkeep\n|turn|13\n|inactive|Chad Tankers has 120 seconds left.\n|\n|t:|1696191246\n|switch|p2b: Whimsicott|Whimsicott, F|64\/100\n|move|p1a: Mawile|Protect|p1a: Mawile\n|-singleturn|p1a: Mawile|Protect\n|move|p2a: Gholdengo|Make It Rain|p1b: Incineroar|[spread] p1b\n|-activate|p1a: Mawile|move: Protect\n|-resisted|p1b: Incineroar\n|-damage|p1b: Incineroar|0 fnt\n|-unboost|p2a: Gholdengo|spa|1\n|faint|p1b: Incineroar\n|\n|upkeep\n|inactive|Chad Tankers has 120 seconds left.\n|l| lusprs\n|\n|t:|1696191260\n|switch|p1b: Celesteela|Celesteela|100\/100\n|turn|14\n|\n|t:|1696191271\n|switch|p1a: Rillaboom|Rillaboom, F|100\/100\n|-fieldstart|move: Grassy Terrain|[from] ability: Grassy Surge|[of] p1a: Rillaboom\n|move|p2b: Whimsicott|Taunt|p1a: Rillaboom\n|-start|p1a: Rillaboom|move: Taunt\n|move|p2a: Gholdengo|Shadow Ball|p1a: Rillaboom\n|-damage|p1a: Rillaboom|51\/100\n|move|p1b: Celesteela|Leech Seed|p2a: Gholdengo\n|-immune|p2a: Gholdengo|[from] ability: Good as Gold\n|\n|-heal|p2b: Whimsicott|70\/100|[from] Grassy Terrain\n|-heal|p1a: Rillaboom|58\/100|[from] Grassy Terrain\n|upkeep\n|turn|15\n|\n|t:|1696191293\n|move|p2a: Gholdengo|Protect|p2a: Gholdengo\n|-singleturn|p2a: Gholdengo|Protect\n|move|p2b: Whimsicott|Taunt|p1b: Celesteela\n|-start|p1b: Celesteela|move: Taunt\n|move|p1a: Rillaboom|Wood Hammer|p2a: Gholdengo\n|-activate|p2a: Gholdengo|move: Protect\n|move|p1b: Celesteela|Flamethrower|p2b: Whimsicott\n|-supereffective|p2b: Whimsicott\n|-damage|p2b: Whimsicott|0 fnt\n|faint|p2b: Whimsicott\n|-ability|p1b: Celesteela|Beast Boost|boost\n|-boost|p1b: Celesteela|spd|1\n|\n|-heal|p1a: Rillaboom|64\/100|[from] Grassy Terrain\n|upkeep\n|inactive|jimmypurple3000 has 120 seconds left.\n|\n|t:|1696191313\n|switch|p2b: Kangaskhan|Kangaskhan-Mega, F|20\/100\n|turn|16\n|inactive|jimmypurple3000 has 120 seconds left.\n|\n|t:|1696191350\n|move|p2b: Kangaskhan|Fake Out|p1a: Rillaboom\n|-damage|p1a: Rillaboom|44\/100\n|-damage|p1a: Rillaboom|40\/100\n|-hitcount|p1a: Rillaboom|2\n|cant|p1a: Rillaboom|flinch\n|move|p2a: Gholdengo|Shadow Ball|p1a: Rillaboom\n|-damage|p1a: Rillaboom|0 fnt\n|faint|p1a: Rillaboom\n|move|p1b: Celesteela|Heavy Slam|p2b: Kangaskhan\n|-crit|p2b: Kangaskhan\n|-damage|p2b: Kangaskhan|0 fnt\n|faint|p2b: Kangaskhan\n|-ability|p1b: Celesteela|Beast Boost|boost\n|-boost|p1b: Celesteela|spd|1\n|\n|upkeep\n|\n|t:|1696191366\n|switch|p2b: Mew|Mew|100\/100\n|switch|p1a: Mawile|Mawile-Mega, F|100\/100\n|turn|17\n|\n|t:|1696191379\n|move|p2a: Gholdengo|Protect|p2a: Gholdengo\n|-singleturn|p2a: Gholdengo|Protect\n|-zpower|p2b: Mew\n|move|p2b: Mew|Genesis Supernova|p1a: Mawile|[zeffect]\n|-resisted|p1a: Mawile\n|-damage|p1a: Mawile|53\/100\n|-fieldstart|move: Psychic Terrain\n|move|p1b: Celesteela|Heavy Slam|p2b: Mew\n|-damage|p2b: Mew|57\/100\n|move|p1a: Mawile|Swords Dance|p1a: Mawile\n|-boost|p1a: Mawile|atk|2\n|\n|-end|p1b: Celesteela|move: Taunt\n|upkeep\n|turn|18\n|\n|t:|1696191402\n|move|p1a: Mawile|Protect|p1a: Mawile\n|-singleturn|p1a: Mawile|Protect\n|move|p2b: Mew|Expanding Force|p1b: Celesteela|[spread] p1b\n|-activate|p1a: Mawile|move: Protect\n|-resisted|p1b: Celesteela\n|-damage|p1b: Celesteela|92\/100\n|move|p2a: Gholdengo|Shadow Ball|p1a: Mawile\n|-activate|p1a: Mawile|move: Protect\n|move|p1b: Celesteela|Leech Seed|p2b: Mew\n|-start|p2b: Mew|move: Leech Seed\n|\n|-heal|p1b: Celesteela|98\/100|[from] item: Leftovers\n|-damage|p2b: Mew|44\/100|[from] Leech Seed|[of] p1b: Celesteela\n|-heal|p1b: Celesteela|100\/100|[silent]\n|upkeep\n|turn|19\n|\n|t:|1696191423\n|move|p2b: Mew|Psychic|p1a: Mawile\n|-resisted|p1a: Mawile\n|-damage|p1a: Mawile|23\/100\n|move|p2a: Gholdengo|Shadow Ball|p1a: Mawile\n|-damage|p1a: Mawile|0 fnt\n|faint|p1a: Mawile\n|move|p1b: Celesteela|Heavy Slam|p2b: Mew\n|-damage|p2b: Mew|2\/100\n|\n|-damage|p2b: Mew|0 fnt|[from] Leech Seed|[of] p1b: Celesteela\n|faint|p2b: Mew\n|upkeep\n|turn|20\n|\n|t:|1696191437\n|move|p2a: Gholdengo|Nasty Plot|p2a: Gholdengo\n|-boost|p2a: Gholdengo|spa|2\n|move|p1b: Celesteela|Heavy Slam|p2a: Gholdengo\n|-resisted|p2a: Gholdengo\n|-damage|p2a: Gholdengo|77\/100\n|\n|upkeep\n|turn|21\n|\n|t:|1696191445\n|move|p2a: Gholdengo|Nasty Plot|p2a: Gholdengo\n|-boost|p2a: Gholdengo|spa|2\n|move|p1b: Celesteela|Heavy Slam|p2a: Gholdengo\n|-resisted|p2a: Gholdengo\n|-damage|p2a: Gholdengo|53\/100\n|\n|-fieldend|move: Psychic Terrain\n|upkeep\n|turn|22\n|\n|t:|1696191457\n|move|p2a: Gholdengo|Shadow Ball|p1b: Celesteela\n|-damage|p1b: Celesteela|48\/100\n|move|p1b: Celesteela|Heavy Slam|p2a: Gholdengo\n|-resisted|p2a: Gholdengo\n|-damage|p2a: Gholdengo|30\/100\n|-enditem|p2a: Gholdengo|Sitrus Berry|[eat]\n|-heal|p2a: Gholdengo|55\/100|[from] item: Sitrus Berry\n|\n|-heal|p1b: Celesteela|54\/100|[from] item: Leftovers\n|upkeep\n|turn|23\n|\n|t:|1696191467\n|move|p1b: Celesteela|Protect|p1b: Celesteela\n|-singleturn|p1b: Celesteela|Protect\n|move|p2a: Gholdengo|Shadow Ball|p1b: Celesteela\n|-activate|p1b: Celesteela|move: Protect\n|\n|-heal|p1b: Celesteela|60\/100|[from] item: Leftovers\n|upkeep\n|turn|24\n|\n|t:|1696191477\n|move|p2a: Gholdengo|Shadow Ball|p1b: Celesteela\n|-damage|p1b: Celesteela|11\/100\n|move|p1b: Celesteela|Heavy Slam|p2a: Gholdengo\n|-resisted|p2a: Gholdengo\n|-damage|p2a: Gholdengo|33\/100\n|\n|-heal|p1b: Celesteela|17\/100|[from] item: Leftovers\n|upkeep\n|turn|25\n|\n|t:|1696191486\n|move|p1b: Celesteela|Protect|p1b: Celesteela\n|-singleturn|p1b: Celesteela|Protect\n|move|p2a: Gholdengo|Shadow Ball|p1b: Celesteela\n|-activate|p1b: Celesteela|move: Protect\n|\n|-heal|p1b: Celesteela|23\/100|[from] item: Leftovers\n|upkeep\n|turn|26\n|\n|t:|1696191497\n|move|p2a: Gholdengo|Shadow Ball|p1b: Celesteela\n|-damage|p1b: Celesteela|0 fnt\n|faint|p1b: Celesteela\n|\n|win|jimmypurple3000\n|raw|Chad Tankers's rating: 1337 &rarr; <strong>1311<\/strong><br \/>(-26 for losing)\n|raw|jimmypurple3000's rating: 1231 &rarr; <strong>1263<\/strong><br \/>(+32 for winning)\n|c|\u2606jimmypurple3000|gg\n|c|\u2606Chad Tankers|Ggs\n|l|\u2606Chad Tankers\n","uploadtime":1696191511,"views":10,"p1id":"chadtankers","p2id":"jimmypurple3000","formatid":"gen9nationaldexdoubles","rating":1263,"private":0,"password":""}