{"id":"gen9nationaldexdoubles-1988167777","p1":"montalvan","p2":"MathHacker","format":"[Gen 9] National Dex Doubles","log":"|j|\u2606montalvan\n|j|\u2606MathHacker\n|t:|1699678548\n|gametype|doubles\n|player|p1|montalvan|170|1312\n|player|p2|MathHacker|picnicker|1377\n|teamsize|p1|6\n|teamsize|p2|6\n|gen|9\n|tier|[Gen 9] National Dex Doubles\n|rated|\n|rule|HP Percentage Mod: HP is shown in percentages\n|rule|Endless Battle Clause: Forcing endless battles is banned\n|rule|OHKO Clause: OHKO moves are banned\n|rule|Evasion Moves Clause: Evasion moves are banned\n|rule|Evasion Abilities Clause: Evasion abilities are banned\n|rule|Species Clause: Limit one of each Pok\u00e9mon\n|rule|Gravity Sleep Clause: The combination of sleep-inducing moves with imperfect accuracy and Gravity or Gigantamax Orbeetle are banned\n|clearpoke\n|poke|p1|Bruxish, L1, F|\n|poke|p1|Staraptor, F|\n|poke|p1|Crabominable, M|\n|poke|p1|Oranguru, M|\n|poke|p1|Indeedee-F, F|\n|poke|p1|Ursaluna, M|\n|poke|p2|Shuckle, M|\n|poke|p2|Pelipper, M|\n|poke|p2|Cresselia, F|\n|poke|p2|Torkoal, M|\n|poke|p2|Oranguru, M|\n|poke|p2|Ursaluna, M|\n|teampreview\n|inactive|Battle timer is ON: inactive players will automatically lose when time's up. (requested by montalvan)\n|\n|t:|1699678564\n|start\n|switch|p1a: Bruxish|Bruxish, L1, F, shiny|100\/100\n|switch|p1b: Staraptor|Staraptor, F|100\/100\n|switch|p2a: Shucky|Shuckle, M, shiny|100\/100\n|switch|p2b: munke|Oranguru, M|100\/100\n|-ability|p1b: Staraptor|Intimidate|boost\n|-unboost|p2a: Shucky|atk|1\n|-unboost|p2b: munke|atk|1\n|turn|1\n|j| wkx6v587\n|inactive|MathHacker has 120 seconds left.\n|\n|t:|1699678596\n|move|p1b: Staraptor|Final Gambit|p2b: munke\n|-damage|p2b: munke|0 fnt\n|faint|p1b: Staraptor\n|faint|p2b: munke\n|move|p2a: Shucky|Power Trick|p2a: Shucky\n|-start|p2a: Shucky|Power Trick\n|move|p1a: Bruxish|Light Screen|p1a: Bruxish\n|-sidestart|p1: montalvan|move: Light Screen\n|\n|upkeep\n|\n|t:|1699678618\n|switch|p1b: Crabominable|Crabominable, M, shiny|100\/100\n|switch|p2b: Cresselia|Cresselia, F, shiny|100\/100\n|turn|2\n|l| wkx6v587\n|inactive|MathHacker has 120 seconds left.\n|\n|t:|1699678662\n|move|p1b: Crabominable|Rock Slide|p2b: Cresselia|[spread] p2a,p2b\n|-supereffective|p2a: Shucky\n|-ability|p2a: Shucky|Sturdy\n|-damage|p2a: Shucky|1\/100\n|-damage|p2b: Cresselia|87\/100\n|cant|p2a: Shucky|flinch\n|move|p1a: Bruxish|Frost Breath|p1b: Crabominable\n|-resisted|p1b: Crabominable\n|-crit|p1b: Crabominable\n|-damage|p1b: Crabominable|99\/100\n|-setboost|p1b: Crabominable|atk|6|[from] ability: Anger Point\n|move|p2b: Cresselia|Trick Room|p2b: Cresselia\n|-fieldstart|move: Trick Room|[of] p2b: Cresselia\n|\n|-heal|p2b: Cresselia|93\/100|[from] item: Leftovers\n|upkeep\n|turn|3\n|inactive|MathHacker has 120 seconds left.\n|\n|t:|1699678693\n|move|p2b: Cresselia|Ally Switch|p2b: Cresselia\n|swap|p2b: Cresselia|0|[from] move: Ally Switch\n|move|p1a: Bruxish|Frost Breath|p2a: Cresselia\n|-crit|p2a: Cresselia\n|-damage|p2a: Cresselia|93\/100\n|move|p2b: Shucky|Rock Slide|p1a: Bruxish|[spread] p1a,p1b\n|-enditem|p1a: Bruxish|Focus Sash\n|-damage|p1a: Bruxish|9\/100\n|-damage|p1b: Crabominable|61\/100\n|cant|p1b: Crabominable|flinch\n|\n|-heal|p2a: Cresselia|99\/100|[from] item: Leftovers\n|upkeep\n|turn|4\n|inactive|MathHacker has 120 seconds left.\n|\n|t:|1699678729\n|move|p2a: Cresselia|Helping Hand|p2b: Shucky\n|-singleturn|p2b: Shucky|Helping Hand|[of] p2a: Cresselia\n|move|p1a: Bruxish|Frost Breath|p2a: Cresselia\n|-crit|p2a: Cresselia\n|-damage|p2a: Cresselia|98\/100\n|move|p2b: Shucky|Rock Slide|p1b: Crabominable|[spread] p1a,p1b\n|-crit|p1b: Crabominable\n|-damage|p1a: Bruxish|0 fnt\n|-damage|p1b: Crabominable|0 fnt\n|faint|p1a: Bruxish\n|faint|p1b: Crabominable\n|\n|-heal|p2a: Cresselia|100\/100|[from] item: Leftovers\n|upkeep\n|\n|t:|1699678743\n|switch|p1a: Oranguru|Oranguru, M|100\/100\n|switch|p1b: Ursaluna|Ursaluna, M|100\/100\n|turn|5\n|inactive|MathHacker has 120 seconds left.\n|inactive|MathHacker has 90 seconds left.\n|inactive|MathHacker has 60 seconds left.\n|\n|t:|1699678809\n|move|p2a: Cresselia|Helping Hand|p2b: Shucky\n|-singleturn|p2b: Shucky|Helping Hand|[of] p2a: Cresselia\n|move|p2b: Shucky|Gyro Ball|p1b: Ursaluna\n|-damage|p1b: Ursaluna|37\/100\n|move|p1b: Ursaluna|Earthquake|p2a: Cresselia|[spread] p2b\n|-activate|p1a: Oranguru|ability: Telepathy\n|-immune|p2a: Cresselia|[from] ability: Levitate\n|-damage|p2b: Shucky|0 fnt\n|faint|p2b: Shucky\n|move|p1a: Oranguru|Reflect|p1a: Oranguru\n|-sidestart|p1: montalvan|Reflect\n|\n|-sideend|p1: montalvan|move: Light Screen\n|-status|p1b: Ursaluna|brn|[from] item: Flame Orb\n|upkeep\n|inactive|MathHacker has 60 seconds left.\n|inactive|MathHacker has 30 seconds left.\n|\n|t:|1699678845\n|switch|p2b: Yertle|Torkoal, M|100\/100\n|-weather|SunnyDay|[from] ability: Drought|[of] p2b: Yertle\n|turn|6\n|\n|t:|1699678869\n|move|p2a: Cresselia|Helping Hand|p2b: Yertle\n|-singleturn|p2b: Yertle|Helping Hand|[of] p2a: Cresselia\n|move|p1b: Ursaluna|Protect|p1b: Ursaluna\n|-singleturn|p1b: Ursaluna|Protect\n|move|p2b: Yertle|Eruption|p1a: Oranguru|[spread] p1a\n|-activate|p1b: Ursaluna|move: Protect\n|-damage|p1a: Oranguru|10\/100\n|-enditem|p1a: Oranguru|Sitrus Berry|[eat]\n|-heal|p1a: Oranguru|35\/100|[from] item: Sitrus Berry\n|move|p1a: Oranguru|Imprison|p1a: Oranguru\n|-start|p1a: Oranguru|move: Imprison\n|\n|-weather|SunnyDay|[upkeep]\n|-damage|p1b: Ursaluna|31\/100 brn|[from] brn\n|-fieldend|move: Trick Room\n|upkeep\n|turn|7\n|inactive|montalvan has 120 seconds left.\n|inactive|MathHacker has 30 seconds left.\n|\n|t:|1699678914\n|move|p2a: Cresselia|Lunar Blessing||[still]|[spread] \n|-fail|p2a: Cresselia\n|move|p1a: Oranguru|Instruct|p1b: Ursaluna\n|-singleturn|p1b: Ursaluna|move: Instruct|[of] p1a: Oranguru\n|move|p1b: Ursaluna|Protect|p1b: Ursaluna\n|-singleturn|p1b: Ursaluna|Protect\n|move|p1b: Ursaluna|Earthquake|p2b: Yertle|[spread] p2b\n|-activate|p1a: Oranguru|ability: Telepathy\n|-immune|p2a: Cresselia|[from] ability: Levitate\n|-supereffective|p2b: Yertle\n|-damage|p2b: Yertle|0 fnt\n|faint|p2b: Yertle\n|\n|-weather|SunnyDay|[upkeep]\n|-damage|p1b: Ursaluna|25\/100 brn|[from] brn\n|upkeep\n|inactive|MathHacker has 30 seconds left.\n|inactive|MathHacker has 20 seconds left.\n|\n|t:|1699678931\n|switch|p2b: Bird|Pelipper, M|100\/100\n|-weather|RainDance|[from] ability: Drizzle|[of] p2b: Bird\n|turn|8\n|\n|t:|1699678944\n|move|p1b: Ursaluna|Protect||[still]\n|-fail|p1b: Ursaluna\n|move|p2a: Cresselia|Lunar Blessing||[still]|[spread] \n|-fail|p2a: Cresselia\n|move|p2b: Bird|Surf|p1a: Oranguru|[spread] p2a,p1a,p1b\n|-supereffective|p1b: Ursaluna\n|-damage|p2a: Cresselia|73\/100\n|-damage|p1a: Oranguru|2\/100\n|-damage|p1b: Ursaluna|0 fnt\n|faint|p1b: Ursaluna\n|move|p1a: Oranguru|Trick Room|p1a: Oranguru\n|-fieldstart|move: Trick Room|[of] p1a: Oranguru\n|\n|-weather|RainDance|[upkeep]\n|-heal|p2a: Cresselia|79\/100|[from] item: Leftovers\n|upkeep\n|\n|t:|1699678955\n|switch|p1b: Indeedee|Indeedee-F, F|100\/100\n|-fieldstart|move: Psychic Terrain|[from] ability: Psychic Surge|[of] p1b: Indeedee\n|turn|9\n|inactive|MathHacker has 60 seconds left.\n|\n|t:|1699678973\n|-terastallize|p2b: Bird|Water\n|move|p2a: Cresselia|Helping Hand|p2b: Bird\n|-singleturn|p2b: Bird|Helping Hand|[of] p2a: Cresselia\n|move|p1a: Oranguru|Reflect||[still]\n|-fail|p1a: Oranguru\n|move|p2b: Bird|Surf|p1a: Oranguru|[spread] p2a,p1a,p1b\n|-damage|p2a: Cresselia|27\/100\n|-damage|p1a: Oranguru|0 fnt\n|-damage|p1b: Indeedee|20\/100\n|-enditem|p1b: Indeedee|Sitrus Berry|[eat]\n|-heal|p1b: Indeedee|45\/100|[from] item: Sitrus Berry\n|faint|p1a: Oranguru\n|move|p1b: Indeedee|Expanding Force|p2a: Cresselia|[spread] p2a,p2b\n|-resisted|p2a: Cresselia\n|-damage|p2a: Cresselia|15\/100\n|-damage|p2b: Bird|45\/100\n|\n|-weather|RainDance|[upkeep]\n|-heal|p2a: Cresselia|21\/100|[from] item: Leftovers\n|-sideend|p1: montalvan|Reflect\n|upkeep\n|turn|10\n|inactive|MathHacker has 60 seconds left.\n|\n|t:|1699678993\n|move|p2a: Cresselia|Helping Hand|p2b: Bird\n|-singleturn|p2b: Bird|Helping Hand|[of] p2a: Cresselia\n|move|p2b: Bird|Hurricane|p1b: Indeedee\n|-damage|p1b: Indeedee|0 fnt\n|faint|p1b: Indeedee\n|\n|win|MathHacker\n|raw|montalvan's rating: 1312 &rarr; <strong>1296<\/strong><br \/>(-16 for losing)\n|raw|MathHacker's rating: 1377 &rarr; <strong>1393<\/strong><br \/>(+16 for winning)\n|l|\u2606montalvan\n","uploadtime":1699679005,"views":5,"p1id":"montalvan","p2id":"mathhacker","formatid":"gen9nationaldexdoubles","rating":1296,"private":0,"password":""}