{"id":"gen9nationaldexdoubles-1997394975","p1":"Prapple2","p2":"Da_Massah","format":"[Gen 9] National Dex Doubles","log":"|j|\u2606Prapple2\n|j|\u2606Da_Massah\n|t:|1700798581\n|gametype|doubles\n|player|p1|Prapple2|caitlin|\n|player|p2|Da_Massah|170|\n|teamsize|p1|6\n|teamsize|p2|6\n|gen|9\n|tier|[Gen 9] National Dex Doubles\n|rule|HP Percentage Mod: HP is shown in percentages\n|rule|Endless Battle Clause: Forcing endless battles is banned\n|rule|OHKO Clause: OHKO moves are banned\n|rule|Evasion Moves Clause: Evasion moves are banned\n|rule|Evasion Abilities Clause: Evasion abilities are banned\n|rule|Species Clause: Limit one of each Pok\u00e9mon\n|rule|Gravity Sleep Clause: The combination of sleep-inducing moves with imperfect accuracy and Gravity or Gigantamax Orbeetle are banned\n|clearpoke\n|poke|p1|Indeedee-F, F|\n|poke|p1|Oranguru, M|\n|poke|p1|Slowking-Galar, F|\n|poke|p1|Armarouge, M|\n|poke|p1|Hoopa-Unbound|\n|poke|p1|Tapu Lele|\n|poke|p2|Decidueye, F|\n|poke|p2|Umbreon, F|\n|poke|p2|Volcarona, F|\n|poke|p2|Volcanion|\n|poke|p2|Swampert, F|\n|poke|p2|Zeraora|\n|teampreview\n|\n|t:|1700798603\n|start\n|switch|p1a: Indeedee|Indeedee-F, F, shiny|100\/100\n|switch|p1b: Armarouge|Armarouge, M|100\/100\n|switch|p2a: Volcarona|Volcarona, F|100\/100\n|switch|p2b: Umbreon|Umbreon, F|100\/100\n|-fieldstart|move: Psychic Terrain|[from] ability: Psychic Surge|[of] p1a: Indeedee\n|turn|1\n|\n|t:|1700798648\n|move|p1a: Indeedee|Follow Me|p1a: Indeedee\n|-singleturn|p1a: Indeedee|move: Follow Me\n|move|p2a: Volcarona|Quiver Dance|p2a: Volcarona\n|-boost|p2a: Volcarona|spa|1\n|-boost|p2a: Volcarona|spd|1\n|-boost|p2a: Volcarona|spe|1\n|move|p2b: Umbreon|Toxic|p1a: Indeedee\n|-status|p1a: Indeedee|tox\n|move|p1b: Armarouge|Trick Room|p1b: Armarouge\n|-fieldstart|move: Trick Room|[of] p1b: Armarouge\n|\n|-damage|p1a: Indeedee|94\/100 tox|[from] psn\n|upkeep\n|turn|2\n|\n|t:|1700798671\n|move|p1a: Indeedee|Follow Me|p1a: Indeedee\n|-singleturn|p1a: Indeedee|move: Follow Me\n|move|p1b: Armarouge|Expanding Force|p2a: Volcarona|[spread] p2a\n|-immune|p2b: Umbreon\n|-damage|p2a: Volcarona|40\/100\n|-damage|p1b: Armarouge|91\/100|[from] item: Life Orb\n|move|p2b: Umbreon|Dark Pulse|p1a: Indeedee\n|-supereffective|p1a: Indeedee\n|-damage|p1a: Indeedee|58\/100 tox\n|move|p2a: Volcarona|Quiver Dance|p2a: Volcarona\n|-boost|p2a: Volcarona|spa|1\n|-boost|p2a: Volcarona|spd|1\n|-boost|p2a: Volcarona|spe|1\n|\n|-damage|p1a: Indeedee|46\/100 tox|[from] psn\n|upkeep\n|turn|3\n|\n|t:|1700798692\n|move|p1a: Indeedee|Helping Hand|p1b: Armarouge\n|-singleturn|p1b: Armarouge|Helping Hand|[of] p1a: Indeedee\n|move|p1b: Armarouge|Expanding Force|p2a: Volcarona|[spread] p2a\n|-immune|p2b: Umbreon\n|-damage|p2a: Volcarona|0 fnt\n|faint|p2a: Volcarona\n|-damage|p1b: Armarouge|81\/100|[from] item: Life Orb\n|move|p2b: Umbreon|Dark Pulse|p1a: Indeedee\n|-supereffective|p1a: Indeedee\n|-damage|p1a: Indeedee|12\/100 tox\n|\n|-damage|p1a: Indeedee|0 fnt|[from] psn\n|faint|p1a: Indeedee\n|upkeep\n|\n|t:|1700798709\n|switch|p1a: Tapu Lele|Tapu Lele|100\/100\n|switch|p2a: Swampert|Swampert, F|100\/100\n|turn|4\n|\n|t:|1700798724\n|detailschange|p2a: Swampert|Swampert-Mega, F\n|-mega|p2a: Swampert|Swampert|Swampertite\n|move|p2b: Umbreon|Protect|p2b: Umbreon\n|-singleturn|p2b: Umbreon|Protect\n|move|p1b: Armarouge|Expanding Force|p2a: Swampert|[spread] p2a\n|-activate|p2b: Umbreon|move: Protect\n|-damage|p2a: Swampert|17\/100\n|-damage|p1b: Armarouge|71\/100|[from] item: Life Orb\n|move|p1a: Tapu Lele|Dazzling Gleam|p2a: Swampert|[spread] p2a\n|-activate|p2b: Umbreon|move: Protect\n|-damage|p2a: Swampert|0 fnt\n|faint|p2a: Swampert\n|-damage|p1a: Tapu Lele|91\/100|[from] item: Life Orb\n|\n|upkeep\n|\n|t:|1700798741\n|switch|p2a: Decidueye|Decidueye, F|100\/100\n|turn|5\n|\n|t:|1700798758\n|switch|p2b: Volcanion|Volcanion|100\/100\n|move|p1b: Armarouge|Expanding Force|p2a: Decidueye|[spread] p2a,p2b\n|-damage|p2a: Decidueye|27\/100\n|-damage|p2b: Volcanion|1\/100\n|-damage|p1b: Armarouge|61\/100|[from] item: Life Orb\n|-zpower|p2a: Decidueye\n|move|p2a: Decidueye|Never-Ending Nightmare|p1a: Tapu Lele|[zeffect]\n|-supereffective|p1a: Tapu Lele\n|-damage|p1a: Tapu Lele|0 fnt\n|faint|p1a: Tapu Lele\n|\n|-fieldend|move: Trick Room\n|-fieldend|move: Psychic Terrain\n|upkeep\n|\n|t:|1700798765\n|switch|p1a: Oranguru|Oranguru, M|100\/100\n|turn|6\n|\n|t:|1700798783\n|move|p1a: Oranguru|Ally Switch|p1a: Oranguru\n|swap|p1a: Oranguru|1|[from] move: Ally Switch\n|move|p2a: Decidueye|Shadow Sneak|p1b: Oranguru\n|-immune|p1b: Oranguru\n|move|p2b: Volcanion|Steam Eruption|p1a: Armarouge\n|-supereffective|p1a: Armarouge\n|-damage|p1a: Armarouge|0 fnt\n|faint|p1a: Armarouge\n|\n|upkeep\n|\n|t:|1700798793\n|switch|p1a: Slowking|Slowking-Galar, F|100\/100\n|turn|7\n|\n|t:|1700798811\n|move|p2b: Volcanion|Scorching Sands|p1a: Slowking\n|-supereffective|p1a: Slowking\n|-damage|p1a: Slowking|60\/100\n|-status|p1a: Slowking|brn\n|move|p2a: Decidueye|Roost|p2a: Decidueye\n|-heal|p2a: Decidueye|77\/100\n|-singleturn|p2a: Decidueye|move: Roost\n|move|p1a: Slowking|Sludge Bomb|p2a: Decidueye\n|-damage|p2a: Decidueye|36\/100\n|-status|p2a: Decidueye|psn\n|move|p1b: Oranguru|Trick Room|p1b: Oranguru\n|-fieldstart|move: Trick Room|[of] p1b: Oranguru\n|\n|-damage|p2a: Decidueye|24\/100 psn|[from] psn\n|-damage|p1a: Slowking|54\/100 brn|[from] brn\n|upkeep\n|turn|8\n|\n|t:|1700798830\n|move|p2a: Decidueye|Shadow Sneak|p1a: Slowking\n|-supereffective|p1a: Slowking\n|-damage|p1a: Slowking|15\/100 brn\n|move|p1a: Slowking|Sludge Bomb|p2a: Decidueye\n|-damage|p2a: Decidueye|0 fnt\n|faint|p2a: Decidueye\n|move|p1b: Oranguru|Instruct|p1a: Slowking\n|-singleturn|p1a: Slowking|move: Instruct|[of] p1b: Oranguru\n|move|p1a: Slowking|Sludge Bomb|p2b: Volcanion\n|-damage|p2b: Volcanion|0 fnt\n|faint|p2b: Volcanion\n|\n|-damage|p1a: Slowking|9\/100 brn|[from] brn\n|upkeep\n|\n|t:|1700798839\n|switch|p2a: Umbreon|Umbreon, F|100\/100\n|switch|p2b: Zeraora|Zeraora|100\/100\n|turn|9\n|\n|t:|1700798868\n|move|p1a: Slowking|Sludge Bomb|p2b: Zeraora\n|-damage|p2b: Zeraora|59\/100\n|move|p1b: Oranguru|Instruct|p1a: Slowking\n|-singleturn|p1a: Slowking|move: Instruct|[of] p1b: Oranguru\n|move|p1a: Slowking|Sludge Bomb|p2b: Zeraora\n|-damage|p2b: Zeraora|18\/100\n|move|p2a: Umbreon|Dark Pulse|p1a: Slowking\n|-supereffective|p1a: Slowking\n|-damage|p1a: Slowking|0 fnt\n|faint|p1a: Slowking\n|move|p2b: Zeraora|Plasma Fists|p1b: Oranguru\n|-damage|p1b: Oranguru|61\/100\n|-fieldactivate|move: Ion Deluge\n|-hint|Normal-type moves become Electric-type after using Plasma Fists.\n|\n|upkeep\n|\n|t:|1700798873\n|switch|p1a: Hoopa|Hoopa-Unbound|100\/100\n|turn|10\n|\n|t:|1700798889\n|move|p1b: Oranguru|Yawn|p2a: Umbreon\n|-start|p2a: Umbreon|move: Yawn|[of] p1b: Oranguru\n|move|p2a: Umbreon|Dark Pulse|p1b: Oranguru\n|-supereffective|p1b: Oranguru\n|-damage|p1b: Oranguru|34\/100\n|move|p1a: Hoopa|Drain Punch|p2b: Zeraora\n|-damage|p2b: Zeraora|0 fnt\n|faint|p2b: Zeraora\n|\n|upkeep\n|turn|11\n|\n|t:|1700798901\n|move|p1b: Oranguru|Instruct|p1a: Hoopa\n|-singleturn|p1a: Hoopa|move: Instruct|[of] p1b: Oranguru\n|move|p1a: Hoopa|Drain Punch|p2a: Umbreon\n|-supereffective|p2a: Umbreon\n|-damage|p2a: Umbreon|49\/100\n|move|p2a: Umbreon|Wish|p2a: Umbreon\n|move|p1a: Hoopa|Drain Punch|p2a: Umbreon\n|-supereffective|p2a: Umbreon\n|-damage|p2a: Umbreon|0 fnt\n|faint|p2a: Umbreon\n|\n|win|Prapple2\n|c|\u2606Prapple2|gg\n","uploadtime":1700798909,"views":17,"p1id":"prapple2","p2id":"damassah","formatid":"gen9nationaldexdoubles","rating":0,"private":0,"password":""}