{"id":"gen9nationaldexdoubles-1963310907","p1":"ido4231","p2":"shwjsbq","format":"[Gen 9] National Dex Doubles","log":"|j|\u2606ido4231\n|j|\u2606shwjsbq\n|t:|1696856420\n|gametype|doubles\n|player|p1|ido4231|2|1147\n|player|p2|shwjsbq|266|1051\n|teamsize|p1|6\n|teamsize|p2|6\n|gen|9\n|tier|[Gen 9] National Dex Doubles\n|rated|\n|rule|HP Percentage Mod: HP is shown in percentages\n|rule|Endless Battle Clause: Forcing endless battles is banned\n|rule|OHKO Clause: OHKO moves are banned\n|rule|Evasion Moves Clause: Evasion moves are banned\n|rule|Evasion Abilities Clause: Evasion abilities are banned\n|rule|Species Clause: Limit one of each Pok\u00e9mon\n|rule|Gravity Sleep Clause: The combination of sleep-inducing moves with imperfect accuracy and Gravity or Gigantamax Orbeetle are banned\n|clearpoke\n|poke|p1|Indeedee-F, F|\n|poke|p1|Basculegion, M|\n|poke|p1|Chi-Yu|\n|poke|p1|Milotic, F|\n|poke|p1|Armarouge, M|\n|poke|p1|Amoonguss, F|\n|poke|p2|Clefable, M|\n|poke|p2|Enamorus-Therian, F|\n|poke|p2|Tapu Lele|\n|poke|p2|Diancie|\n|poke|p2|Hatterene, F|\n|poke|p2|Grimmsnarl, M|\n|teampreview\n|\n|t:|1696856433\n|start\n|switch|p1a: Armarouge|Armarouge, M|100\/100\n|switch|p1b: Indeedee|Indeedee-F, F|100\/100\n|switch|p2a: Hatterene|Hatterene, F|100\/100\n|switch|p2b: Grimmsnarl|Grimmsnarl, M|100\/100\n|-fieldstart|move: Psychic Terrain|[from] ability: Psychic Surge|[of] p1b: Indeedee\n|turn|1\n|\n|t:|1696856444\n|move|p2b: Grimmsnarl|Light Screen|p2b: Grimmsnarl\n|-sidestart|p2: shwjsbq|move: Light Screen\n|move|p1a: Armarouge|Armor Cannon|p2b: Grimmsnarl\n|-damage|p2b: Grimmsnarl|69\/100\n|-unboost|p1a: Armarouge|def|1\n|-unboost|p1a: Armarouge|spd|1\n|move|p2a: Hatterene|Expanding Force|p1b: Indeedee|[spread] p1a,p1b\n|-resisted|p1a: Armarouge\n|-resisted|p1b: Indeedee\n|-damage|p1a: Armarouge|27\/100\n|-damage|p1b: Indeedee|62\/100\n|-damage|p2a: Hatterene|91\/100|[from] item: Life Orb\n|move|p1b: Indeedee|Trick Room|p1b: Indeedee\n|-fieldstart|move: Trick Room|[of] p1b: Indeedee\n|\n|upkeep\n|turn|2\n|\n|t:|1696856465\n|move|p2b: Grimmsnarl|Reflect|p2b: Grimmsnarl\n|-sidestart|p2: shwjsbq|Reflect\n|move|p2a: Hatterene|Expanding Force|p1b: Indeedee|[spread] p1a,p1b\n|-resisted|p1a: Armarouge\n|-resisted|p1b: Indeedee\n|-damage|p1a: Armarouge|0 fnt\n|-damage|p1b: Indeedee|26\/100\n|faint|p1a: Armarouge\n|-damage|p2a: Hatterene|81\/100|[from] item: Life Orb\n|move|p1b: Indeedee|Dazzling Gleam|p2a: Hatterene|[spread] p2a,p2b\n|-supereffective|p2b: Grimmsnarl\n|-damage|p2a: Hatterene|73\/100\n|-damage|p2b: Grimmsnarl|56\/100\n|\n|upkeep\n|\n|t:|1696856482\n|switch|p1a: Amoonguss|Amoonguss, F|100\/100\n|turn|3\n|\n|t:|1696856508\n|switch|p2b: Enamorus|Enamorus-Therian, F|100\/100\n|move|p2a: Hatterene|Expanding Force|p1a: Amoonguss|[spread] p1a,p1b\n|-supereffective|p1a: Amoonguss\n|-resisted|p1b: Indeedee\n|-damage|p1a: Amoonguss|0 fnt\n|-damage|p1b: Indeedee|0 fnt\n|faint|p1a: Amoonguss\n|faint|p1b: Indeedee\n|-damage|p2a: Hatterene|63\/100|[from] item: Life Orb\n|\n|upkeep\n|\n|t:|1696856517\n|switch|p1a: Basculegion|Basculegion, M|100\/100\n|switch|p1b: Milotic|Milotic, F|100\/100\n|turn|4\n|\n|t:|1696856524\n|move|p2a: Hatterene|Expanding Force|p1b: Milotic|[spread] p1a,p1b\n|-damage|p1a: Basculegion|18\/100\n|-damage|p1b: Milotic|47\/100\n|-damage|p2a: Hatterene|53\/100|[from] item: Life Orb\n|move|p2b: Enamorus|Springtide Storm|p1b: Milotic|[spread] p1a,p1b\n|-damage|p1a: Basculegion|0 fnt\n|-damage|p1b: Milotic|19\/100\n|-unboost|p1b: Milotic|atk|1\n|faint|p1a: Basculegion\n|move|p1b: Milotic|Rain Dance|p1b: Milotic\n|-weather|RainDance\n|\n|-weather|RainDance|[upkeep]\n|upkeep\n|\n|t:|1696856532\n|switch|p1a: Chi-Yu|Chi-Yu|100\/100\n|-ability|p1a: Chi-Yu|Beads of Ruin\n|turn|5\n|\n|t:|1696856538\n|move|p2a: Hatterene|Dazzling Gleam|p1a: Chi-Yu|[spread] p1a,p1b\n|-damage|p1a: Chi-Yu|50\/100\n|-damage|p1b: Milotic|0 fnt\n|faint|p1b: Milotic\n|-damage|p2a: Hatterene|43\/100|[from] item: Life Orb\n|move|p2b: Enamorus|Springtide Storm|p1a: Chi-Yu\n|-damage|p1a: Chi-Yu|0 fnt\n|faint|p1a: Chi-Yu\n|\n|win|shwjsbq\n|raw|ido4231's rating: 1147 &rarr; <strong>1115<\/strong><br \/>(-32 for losing)\n|raw|shwjsbq's rating: 1051 &rarr; <strong>1092<\/strong><br \/>(+41 for winning)\n|l|\u2606ido4231\n","uploadtime":1696856549,"views":9,"p1id":"ido4231","p2id":"shwjsbq","formatid":"gen9nationaldexdoubles","rating":1092,"private":0,"password":""}