{"id":"gen9nationaldexdoubles-1947519446","p1":"BugCatcherJameson","p2":"MPAalltheway","format":"[Gen 9] National Dex Doubles","log":"|j|\u2606BugCatcherJameson\n|j|\u2606MPAalltheway\n|t:|1695168628\n|gametype|doubles\n|player|p1|BugCatcherJameson|bugsy|\n|player|p2|MPAalltheway|n|\n|teamsize|p1|6\n|teamsize|p2|6\n|gen|9\n|tier|[Gen 9] National Dex Doubles\n|rule|HP Percentage Mod: HP is shown in percentages\n|rule|Endless Battle Clause: Forcing endless battles is banned\n|rule|OHKO Clause: OHKO moves are banned\n|rule|Evasion Moves Clause: Evasion moves are banned\n|rule|Evasion Abilities Clause: Evasion abilities are banned\n|rule|Species Clause: Limit one of each Pok\u00e9mon\n|rule|Gravity Sleep Clause: The combination of sleep-inducing moves with imperfect accuracy and Gravity or Gigantamax Orbeetle are banned\n|clearpoke\n|poke|p1|Volcarona, M|\n|poke|p1|Oricorio-Pom-Pom, F|\n|poke|p1|Bellossom, F|\n|poke|p1|Quaquaval, M|\n|poke|p1|Maushold-Four|\n|poke|p1|Kommo-o, M|\n|poke|p2|Clefable, F|\n|poke|p2|Iron Bundle|\n|poke|p2|Amoonguss, F|\n|poke|p2|Ampharos, M|\n|poke|p2|Skarmory, F|\n|poke|p2|Gothorita, F|\n|teampreview\n|j| Green133\n|j| Specific360\n|j| AustralianJesus\n|c| Specific360|Sup\n|c| AustralianJesus|Sup\n|\n|t:|1695168709\n|start\n|switch|p1a: Carnival|Quaquaval, M|100\/100\n|switch|p1b: \u30c1\u30a2\u30ea\u30fc\u30c0\u30fc|Oricorio-Pom-Pom, F|100\/100\n|switch|p2a: N's Last Stand|Iron Bundle|100\/100\n|switch|p2b: Lissy|Gothorita, F, shiny|100\/100\n|-enditem|p2a: N's Last Stand|Booster Energy\n|-activate|p2a: N's Last Stand|ability: Quark Drive|[fromitem]\n|-start|p2a: N's Last Stand|quarkdrivespe\n|turn|1\n|\n|t:|1695168763\n|-terastallize|p2a: N's Last Stand|Ground\n|move|p2a: N's Last Stand|Freeze-Dry|p1a: Carnival\n|-supereffective|p1a: Carnival\n|-damage|p1a: Carnival|10\/100\n|move|p1a: Carnival|Aqua Step|p2a: N's Last Stand\n|-supereffective|p2a: N's Last Stand\n|-damage|p2a: N's Last Stand|3\/100\n|-boost|p1a: Carnival|spe|1\n|-activate|p1b: \u30c1\u30a2\u30ea\u30fc\u30c0\u30fc|ability: Dancer\n|move|p1b: \u30c1\u30a2\u30ea\u30fc\u30c0\u30fc|Aqua Step|p2a: N's Last Stand|[from]ability: Dancer\n|-supereffective|p2a: N's Last Stand\n|-damage|p2a: N's Last Stand|0 fnt\n|-boost|p1b: \u30c1\u30a2\u30ea\u30fc\u30c0\u30fc|spe|1\n|faint|p2a: N's Last Stand\n|-end|p2a: N's Last Stand|Quark Drive|[silent]\n|move|p1b: \u30c1\u30a2\u30ea\u30fc\u30c0\u30fc|Revelation Dance|p2b: Lissy\n|-damage|p2b: Lissy|69\/100\n|move|p2b: Lissy|Light Screen|p2b: Lissy\n|-sidestart|p2: MPAalltheway|move: Light Screen\n|\n|upkeep\n|\n|t:|1695168795\n|switch|p2a: Golden Finger|Clefable, F, shiny|100\/100\n|turn|2\n|\n|t:|1695168849\n|move|p1a: Carnival|Aqua Step|p2b: Lissy\n|-damage|p2b: Lissy|39\/100\n|-boost|p1a: Carnival|spe|1\n|-activate|p1b: \u30c1\u30a2\u30ea\u30fc\u30c0\u30fc|ability: Dancer\n|move|p1b: \u30c1\u30a2\u30ea\u30fc\u30c0\u30fc|Aqua Step|p2b: Lissy|[from]ability: Dancer\n|-damage|p2b: Lissy|32\/100\n|-boost|p1b: \u30c1\u30a2\u30ea\u30fc\u30c0\u30fc|spe|1\n|move|p1b: \u30c1\u30a2\u30ea\u30fc\u30c0\u30fc|Air Cutter|p2b: Lissy|[spread] p2a,p2b\n|-crit|p2b: Lissy\n|-damage|p2a: Golden Finger|90\/100\n|-damage|p2b: Lissy|9\/100\n|move|p2a: Golden Finger|Dazzling Gleam|p1a: Carnival|[spread] p1a,p1b\n|-supereffective|p1a: Carnival\n|-damage|p1a: Carnival|0 fnt\n|-damage|p1b: \u30c1\u30a2\u30ea\u30fc\u30c0\u30fc|71\/100\n|faint|p1a: Carnival\n|move|p2b: Lissy|Foul Play|p1b: \u30c1\u30a2\u30ea\u30fc\u30c0\u30fc\n|-damage|p1b: \u30c1\u30a2\u30ea\u30fc\u30c0\u30fc|56\/100\n|\n|upkeep\n|\n|t:|1695168878\n|switch|p1a: My Bologna|Volcarona, M|100\/100\n|turn|3\n|\n|t:|1695168903\n|move|p1b: \u30c1\u30a2\u30ea\u30fc\u30c0\u30fc|Air Cutter|p2b: Lissy|[spread] p2a,p2b\n|-damage|p2a: Golden Finger|80\/100\n|-damage|p2b: Lissy|0 fnt\n|faint|p2b: Lissy\n|move|p1a: My Bologna|Quiver Dance|p1a: My Bologna\n|-boost|p1a: My Bologna|spa|1\n|-boost|p1a: My Bologna|spd|1\n|-boost|p1a: My Bologna|spe|1\n|-activate|p1b: \u30c1\u30a2\u30ea\u30fc\u30c0\u30fc|ability: Dancer\n|move|p1b: \u30c1\u30a2\u30ea\u30fc\u30c0\u30fc|Quiver Dance|p1b: \u30c1\u30a2\u30ea\u30fc\u30c0\u30fc|[from]ability: Dancer\n|-boost|p1b: \u30c1\u30a2\u30ea\u30fc\u30c0\u30fc|spa|1\n|-boost|p1b: \u30c1\u30a2\u30ea\u30fc\u30c0\u30fc|spd|1\n|-boost|p1b: \u30c1\u30a2\u30ea\u30fc\u30c0\u30fc|spe|1\n|move|p2a: Golden Finger|Knock Off|p1a: My Bologna\n|-damage|p1a: My Bologna|80\/100\n|-enditem|p1a: My Bologna|Leftovers|[from] move: Knock Off|[of] p2a: Golden Finger\n|\n|upkeep\n|\n|t:|1695168921\n|switch|p2b: The Real Fabio|Ampharos, M|100\/100\n|turn|4\n|j| S1r.sweepsaLot\n|l| S1r.sweepsaLot\n|\n|t:|1695168945\n|detailschange|p2b: The Real Fabio|Ampharos-Mega, M\n|-mega|p2b: The Real Fabio|Ampharos|Ampharosite\n|-ability|p2b: The Real Fabio|Mold Breaker\n|move|p1b: \u30c1\u30a2\u30ea\u30fc\u30c0\u30fc|Roost|p1b: \u30c1\u30a2\u30ea\u30fc\u30c0\u30fc\n|-heal|p1b: \u30c1\u30a2\u30ea\u30fc\u30c0\u30fc|100\/100\n|-singleturn|p1b: \u30c1\u30a2\u30ea\u30fc\u30c0\u30fc|move: Roost\n|move|p1a: My Bologna|Quiver Dance|p1a: My Bologna\n|-boost|p1a: My Bologna|spa|1\n|-boost|p1a: My Bologna|spd|1\n|-boost|p1a: My Bologna|spe|1\n|-activate|p1b: \u30c1\u30a2\u30ea\u30fc\u30c0\u30fc|ability: Dancer\n|move|p1b: \u30c1\u30a2\u30ea\u30fc\u30c0\u30fc|Quiver Dance|p1b: \u30c1\u30a2\u30ea\u30fc\u30c0\u30fc|[from]ability: Dancer\n|-boost|p1b: \u30c1\u30a2\u30ea\u30fc\u30c0\u30fc|spa|1\n|-boost|p1b: \u30c1\u30a2\u30ea\u30fc\u30c0\u30fc|spd|1\n|-boost|p1b: \u30c1\u30a2\u30ea\u30fc\u30c0\u30fc|spe|1\n|move|p2a: Golden Finger|Knock Off|p1b: \u30c1\u30a2\u30ea\u30fc\u30c0\u30fc\n|-crit|p1b: \u30c1\u30a2\u30ea\u30fc\u30c0\u30fc\n|-damage|p1b: \u30c1\u30a2\u30ea\u30fc\u30c0\u30fc|72\/100\n|-enditem|p1b: \u30c1\u30a2\u30ea\u30fc\u30c0\u30fc|Mirror Herb|[from] move: Knock Off|[of] p2a: Golden Finger\n|move|p2b: The Real Fabio|Discharge|p1b: \u30c1\u30a2\u30ea\u30fc\u30c0\u30fc|[spread] p2a,p1a,p1b\n|-resisted|p1b: \u30c1\u30a2\u30ea\u30fc\u30c0\u30fc\n|-damage|p2a: Golden Finger|64\/100\n|-damage|p1a: My Bologna|64\/100\n|-damage|p1b: \u30c1\u30a2\u30ea\u30fc\u30c0\u30fc|61\/100\n|\n|upkeep\n|turn|5\n|l| AustralianJesus\n|\n|t:|1695168989\n|move|p1b: \u30c1\u30a2\u30ea\u30fc\u30c0\u30fc|Air Cutter|p2b: The Real Fabio|[spread] p2a\n|-miss|p1b: \u30c1\u30a2\u30ea\u30fc\u30c0\u30fc|p2b: The Real Fabio\n|-damage|p2a: Golden Finger|42\/100\n|move|p1a: My Bologna|Quiver Dance|p1a: My Bologna\n|-boost|p1a: My Bologna|spa|1\n|-boost|p1a: My Bologna|spd|1\n|-boost|p1a: My Bologna|spe|1\n|-activate|p1b: \u30c1\u30a2\u30ea\u30fc\u30c0\u30fc|ability: Dancer\n|move|p1b: \u30c1\u30a2\u30ea\u30fc\u30c0\u30fc|Quiver Dance|p1b: \u30c1\u30a2\u30ea\u30fc\u30c0\u30fc|[from]ability: Dancer\n|-boost|p1b: \u30c1\u30a2\u30ea\u30fc\u30c0\u30fc|spa|1\n|-boost|p1b: \u30c1\u30a2\u30ea\u30fc\u30c0\u30fc|spd|1\n|-boost|p1b: \u30c1\u30a2\u30ea\u30fc\u30c0\u30fc|spe|1\n|move|p2a: Golden Finger|Soft-Boiled|p2a: Golden Finger\n|-heal|p2a: Golden Finger|92\/100\n|move|p2b: The Real Fabio|Discharge|p1a: My Bologna|[spread] p2a,p1a,p1b\n|-damage|p2a: Golden Finger|76\/100\n|-damage|p1a: My Bologna|50\/100\n|-damage|p1b: \u30c1\u30a2\u30ea\u30fc\u30c0\u30fc|39\/100\n|-status|p2a: Golden Finger|par\n|\n|-sideend|p2: MPAalltheway|move: Light Screen\n|upkeep\n|turn|6\n|j| S1r.sweepsaLot\n|l| S1r.sweepsaLot\n|\n|t:|1695169074\n|move|p1b: \u30c1\u30a2\u30ea\u30fc\u30c0\u30fc|Roost|p1b: \u30c1\u30a2\u30ea\u30fc\u30c0\u30fc\n|-heal|p1b: \u30c1\u30a2\u30ea\u30fc\u30c0\u30fc|89\/100\n|-singleturn|p1b: \u30c1\u30a2\u30ea\u30fc\u30c0\u30fc|move: Roost\n|move|p1a: My Bologna|Roost|p1a: My Bologna\n|-heal|p1a: My Bologna|99\/100\n|-singleturn|p1a: My Bologna|move: Roost\n|move|p2b: The Real Fabio|Discharge|p1b: \u30c1\u30a2\u30ea\u30fc\u30c0\u30fc|[spread] p2a,p1a,p1b\n|-resisted|p1b: \u30c1\u30a2\u30ea\u30fc\u30c0\u30fc\n|-damage|p2a: Golden Finger|53\/100 par\n|-damage|p1a: My Bologna|87\/100\n|-damage|p1b: \u30c1\u30a2\u30ea\u30fc\u30c0\u30fc|79\/100\n|-status|p1a: My Bologna|par\n|cant|p2a: Golden Finger|par\n|\n|upkeep\n|turn|7\n|\n|t:|1695169091\n|switch|p2a: S U S|Amoonguss, F, shiny|100\/100\n|move|p1b: \u30c1\u30a2\u30ea\u30fc\u30c0\u30fc|Protect|p1b: \u30c1\u30a2\u30ea\u30fc\u30c0\u30fc\n|-singleturn|p1b: \u30c1\u30a2\u30ea\u30fc\u30c0\u30fc|Protect\n|cant|p1a: My Bologna|par\n|move|p2b: The Real Fabio|Discharge|p1b: \u30c1\u30a2\u30ea\u30fc\u30c0\u30fc|[spread] p2a,p1a\n|-activate|p1b: \u30c1\u30a2\u30ea\u30fc\u30c0\u30fc|move: Protect\n|-resisted|p2a: S U S\n|-damage|p2a: S U S|86\/100\n|-damage|p1a: My Bologna|74\/100 par\n|-status|p2a: S U S|par\n|\n|-heal|p2a: S U S|93\/100 par|[from] item: Leftovers\n|upkeep\n|turn|8\n|\n|t:|1695169106\n|move|p1b: \u30c1\u30a2\u30ea\u30fc\u30c0\u30fc|Air Cutter|p2b: The Real Fabio|[spread] p2a,p2b\n|-supereffective|p2a: S U S\n|-resisted|p2b: The Real Fabio\n|-damage|p2a: S U S|6\/100 par\n|-damage|p2b: The Real Fabio|84\/100\n|move|p1a: My Bologna|Quiver Dance|p1a: My Bologna\n|-boost|p1a: My Bologna|spa|1\n|-boost|p1a: My Bologna|spd|1\n|-boost|p1a: My Bologna|spe|1\n|-activate|p1b: \u30c1\u30a2\u30ea\u30fc\u30c0\u30fc|ability: Dancer\n|move|p1b: \u30c1\u30a2\u30ea\u30fc\u30c0\u30fc|Quiver Dance|p1b: \u30c1\u30a2\u30ea\u30fc\u30c0\u30fc|[from]ability: Dancer\n|-boost|p1b: \u30c1\u30a2\u30ea\u30fc\u30c0\u30fc|spa|1\n|-boost|p1b: \u30c1\u30a2\u30ea\u30fc\u30c0\u30fc|spd|1\n|-boost|p1b: \u30c1\u30a2\u30ea\u30fc\u30c0\u30fc|spe|1\n|move|p2b: The Real Fabio|Discharge|p1b: \u30c1\u30a2\u30ea\u30fc\u30c0\u30fc|[spread] p2a,p1a,p1b\n|-resisted|p2a: S U S\n|-damage|p2a: S U S|0 fnt\n|-damage|p1a: My Bologna|62\/100 par\n|-damage|p1b: \u30c1\u30a2\u30ea\u30fc\u30c0\u30fc|63\/100\n|faint|p2a: S U S\n|\n|upkeep\n|\n|t:|1695169110\n|switch|p2a: Ice Age 2|Skarmory, F|100\/100\n|turn|9\n|\n|t:|1695169145\n|move|p1b: \u30c1\u30a2\u30ea\u30fc\u30c0\u30fc|Air Cutter|p2a: Ice Age 2|[spread] p2a,p2b\n|-resisted|p2a: Ice Age 2\n|-resisted|p2b: The Real Fabio\n|-damage|p2a: Ice Age 2|67\/100\n|-damage|p2b: The Real Fabio|62\/100\n|move|p1a: My Bologna|Fiery Dance|p2a: Ice Age 2\n|-supereffective|p2a: Ice Age 2\n|-damage|p2a: Ice Age 2|0 fnt\n|-boost|p1a: My Bologna|spa|1\n|faint|p2a: Ice Age 2\n|-activate|p1b: \u30c1\u30a2\u30ea\u30fc\u30c0\u30fc|ability: Dancer\n|move|p1b: \u30c1\u30a2\u30ea\u30fc\u30c0\u30fc|Fiery Dance|p2b: The Real Fabio|[from]ability: Dancer\n|-resisted|p2b: The Real Fabio\n|-damage|p2b: The Real Fabio|37\/100\n|move|p2b: The Real Fabio|Dragon Pulse|p1a: My Bologna\n|-damage|p1a: My Bologna|46\/100 par\n|\n|upkeep\n|\n|t:|1695169152\n|switch|p2a: Golden Finger|Clefable, F, shiny|53\/100 par\n|turn|10\n|\n|t:|1695169188\n|-terastallize|p1b: \u30c1\u30a2\u30ea\u30fc\u30c0\u30fc|Electric\n|move|p1b: \u30c1\u30a2\u30ea\u30fc\u30c0\u30fc|Revelation Dance|p2a: Golden Finger\n|-damage|p2a: Golden Finger|0 fnt\n|faint|p2a: Golden Finger\n|move|p1a: My Bologna|Roost|p1a: My Bologna\n|-heal|p1a: My Bologna|97\/100 par\n|-singleturn|p1a: My Bologna|move: Roost\n|move|p2b: The Real Fabio|Discharge|p1a: My Bologna|[spread] p1a,p1b\n|-resisted|p1b: \u30c1\u30a2\u30ea\u30fc\u30c0\u30fc\n|-damage|p1a: My Bologna|86\/100 par\n|-damage|p1b: \u30c1\u30a2\u30ea\u30fc\u30c0\u30fc|55\/100\n|\n|upkeep\n|turn|11\n|\n|t:|1695169208\n|move|p1b: \u30c1\u30a2\u30ea\u30fc\u30c0\u30fc|Revelation Dance|p2b: The Real Fabio\n|-resisted|p2b: The Real Fabio\n|-damage|p2b: The Real Fabio|10\/100\n|move|p1a: My Bologna|Fiery Dance|p2b: The Real Fabio\n|-resisted|p2b: The Real Fabio\n|-damage|p2b: The Real Fabio|0 fnt\n|-boost|p1a: My Bologna|spa|1\n|faint|p2b: The Real Fabio\n|-activate|p1b: \u30c1\u30a2\u30ea\u30fc\u30c0\u30fc|ability: Dancer\n|move|p1b: \u30c1\u30a2\u30ea\u30fc\u30c0\u30fc|Fiery Dance|p2: Golden Finger|[from]ability: Dancer|[notarget]\n|-fail|p1b: \u30c1\u30a2\u30ea\u30fc\u30c0\u30fc\n|\n|win|BugCatcherJameson\n|l|\u2606MPAalltheway\n|c|\u2606BugCatcherJameson|gg\n","uploadtime":1695169225,"views":8,"p1id":"bugcatcherjameson","p2id":"mpaalltheway","formatid":"gen9nationaldexdoubles","rating":0,"private":0,"password":""}