{"id":"gen9nationaldexdoubles-1954059259","p1":"TadakatsuPC","p2":"Drakhar_LoveSensei","format":"[Gen 9] National Dex Doubles","log":"|j|\u2606TadakatsuPC\n|j|\u2606Drakhar_LoveSensei\n|t:|1695849745\n|gametype|doubles\n|player|p1|TadakatsuPC|nobunaga-conquest|1000\n|player|p2|Drakhar_LoveSensei|idol|1114\n|teamsize|p1|6\n|teamsize|p2|6\n|gen|9\n|tier|[Gen 9] National Dex Doubles\n|rated|\n|rule|HP Percentage Mod: HP is shown in percentages\n|rule|Endless Battle Clause: Forcing endless battles is banned\n|rule|OHKO Clause: OHKO moves are banned\n|rule|Evasion Moves Clause: Evasion moves are banned\n|rule|Evasion Abilities Clause: Evasion abilities are banned\n|rule|Species Clause: Limit one of each Pok\u00e9mon\n|rule|Gravity Sleep Clause: The combination of sleep-inducing moves with imperfect accuracy and Gravity or Gigantamax Orbeetle are banned\n|clearpoke\n|poke|p1|Spiritomb, M|\n|poke|p1|Amoonguss, F|\n|poke|p1|Garganacl, M|\n|poke|p1|Heatran, F|\n|poke|p1|Iron Hands|\n|poke|p1|Kingambit, F|\n|poke|p2|Zeraora|\n|poke|p2|Tapu Koko|\n|poke|p2|Noivern, M|\n|poke|p2|Manectric, M|\n|poke|p2|Vikavolt, M|\n|poke|p2|Electivire, M|\n|teampreview\n|\n|t:|1695849753\n|start\n|switch|p1a: Spiritomb|Spiritomb, M|100\/100\n|switch|p1b: Amoonguss|Amoonguss, F|100\/100\n|switch|p2a: Zeraora|Zeraora|100\/100\n|switch|p2b: Noivern|Noivern, M, shiny|100\/100\n|turn|1\n|\n|t:|1695849764\n|-terastallize|p2b: Noivern|Electric\n|move|p1b: Amoonguss|Rage Powder|p1b: Amoonguss\n|-singleturn|p1b: Amoonguss|move: Rage Powder\n|move|p2a: Zeraora|Plasma Fists|p1b: Amoonguss\n|-resisted|p1b: Amoonguss\n|-damage|p1b: Amoonguss|77\/100\n|-fieldactivate|move: Ion Deluge\n|-hint|Normal-type moves become Electric-type after using Plasma Fists.\n|-damage|p2a: Zeraora|84\/100|[from] item: Rocky Helmet|[of] p1b: Amoonguss\n|move|p2b: Noivern|Boomburst|p1b: Amoonguss|[spread] p1a,p1b\n|-heal|p2a: Zeraora|100\/100|[from] ability: Volt Absorb|[of] p2b: Noivern\n|-resisted|p1b: Amoonguss\n|-damage|p1a: Spiritomb|31\/100\n|-damage|p1b: Amoonguss|55\/100\n|move|p1a: Spiritomb|Trick Room|p1a: Spiritomb\n|-fieldstart|move: Trick Room|[of] p1a: Spiritomb\n|\n|upkeep\n|turn|2\n|\n|t:|1695849809\n|switch|p1b: Heatran|Heatran, F|100\/100\n|switch|p2b: Tapu Koko|Tapu Koko, shiny|100\/100\n|-fieldstart|move: Electric Terrain|[from] ability: Electric Surge|[of] p2b: Tapu Koko\n|switch|p2a: Electivire|Electivire, M, shiny|100\/100\n|move|p1a: Spiritomb|Shadow Ball|p2b: Tapu Koko\n|-damage|p2b: Tapu Koko|49\/100\n|-unboost|p2b: Tapu Koko|spd|1\n|\n|upkeep\n|turn|3\n|\n|t:|1695849860\n|move|p2b: Tapu Koko|Protect|p2b: Tapu Koko\n|-singleturn|p2b: Tapu Koko|Protect\n|move|p1a: Spiritomb|Shadow Ball|p2b: Tapu Koko\n|-activate|p2b: Tapu Koko|move: Protect\n|move|p1b: Heatran|Earthquake|p2a: Electivire|[spread] p1a,p2a\n|-activate|p2b: Tapu Koko|move: Protect\n|-crit|p1a: Spiritomb\n|-supereffective|p2a: Electivire\n|-crit|p2a: Electivire\n|-damage|p1a: Spiritomb|4\/100\n|-damage|p2a: Electivire|50\/100\n|move|p2a: Electivire|Curse|p2a: Electivire\n|-unboost|p2a: Electivire|spe|1\n|-boost|p2a: Electivire|atk|1\n|-boost|p2a: Electivire|def|1\n|\n|-heal|p2a: Electivire|56\/100|[from] item: Leftovers\n|upkeep\n|turn|4\n|\n|t:|1695849878\n|move|p2b: Tapu Koko|Protect||[still]\n|-fail|p2b: Tapu Koko\n|move|p1a: Spiritomb|Shadow Ball|p2a: Electivire\n|-damage|p2a: Electivire|4\/100\n|move|p2a: Electivire|Substitute|p2a: Electivire\n|-fail|p2a: Electivire|move: Substitute|[weak]\n|move|p1b: Heatran|Earthquake|p2b: Tapu Koko|[spread] p1a,p2a,p2b\n|-supereffective|p2a: Electivire\n|-supereffective|p2b: Tapu Koko\n|-crit|p2b: Tapu Koko\n|-damage|p1a: Spiritomb|0 fnt\n|-damage|p2a: Electivire|0 fnt\n|-damage|p2b: Tapu Koko|0 fnt\n|faint|p1a: Spiritomb\n|faint|p2a: Electivire\n|faint|p2b: Tapu Koko\n|\n|upkeep\n|\n|t:|1695849904\n|switch|p1a: Garganacl|Garganacl, M|100\/100\n|switch|p2a: Zeraora|Zeraora|100\/100\n|switch|p2b: Manectric|Manectric, M, shiny|100\/100\n|turn|5\n|\n|t:|1695849940\n|detailschange|p2b: Manectric|Manectric-Mega, M, shiny\n|-mega|p2b: Manectric|Manectric|Manectite\n|-ability|p2b: Manectric|Intimidate|boost\n|-unboost|p1a: Garganacl|atk|1\n|-unboost|p1b: Heatran|atk|1\n|move|p1a: Garganacl|Iron Defense|p1a: Garganacl\n|-boost|p1a: Garganacl|def|2\n|move|p1b: Heatran|Will-O-Wisp|p2a: Zeraora|[miss]\n|-miss|p1b: Heatran|p2a: Zeraora\n|move|p2b: Manectric|Rising Voltage|p1b: Heatran\n|-hint|Rising Voltage's BP doubled on grounded target.\n|-damage|p1b: Heatran|36\/100\n|move|p2a: Zeraora|Plasma Fists|p1a: Garganacl\n|-damage|p1a: Garganacl|79\/100\n|-fieldactivate|move: Ion Deluge\n|-hint|Normal-type moves become Electric-type after using Plasma Fists.\n|\n|-fieldend|move: Trick Room\n|upkeep\n|turn|6\n|\n|t:|1695849962\n|move|p2a: Zeraora|Plasma Fists|p1b: Heatran\n|-damage|p1b: Heatran|0 fnt\n|-fieldactivate|move: Ion Deluge\n|-hint|Normal-type moves become Electric-type after using Plasma Fists.\n|faint|p1b: Heatran\n|move|p2b: Manectric|Rising Voltage|p1a: Garganacl\n|-hint|Rising Voltage's BP doubled on grounded target.\n|-damage|p1a: Garganacl|12\/100\n|move|p1a: Garganacl|Iron Defense|p1a: Garganacl\n|-boost|p1a: Garganacl|def|2\n|\n|upkeep\n|\n|t:|1695849981\n|switch|p1b: Kingambit|Kingambit, F|100\/100\n|-activate|p1b: Kingambit|ability: Supreme Overlord\n|-start|p1b: Kingambit|fallen2|[silent]\n|turn|7\n|\n|t:|1695850006\n|move|p2a: Zeraora|Volt Switch|p1a: Garganacl\n|-damage|p1a: Garganacl|0 fnt\n|faint|p1a: Garganacl\n|-activate|p2a: Zeraora|move: Pursuit\n|move|p1b: Kingambit|Pursuit|p2a: Zeraora|[from]Pursuit\n|-damage|p2a: Zeraora|26\/100\n|\n|t:|1695850013\n|switch|p2a: Vikavolt|Vikavolt, M, shiny|100\/100|[from] Volt Switch\n|move|p2b: Manectric|Flamethrower|p1b: Kingambit\n|-supereffective|p1b: Kingambit\n|-damage|p1b: Kingambit|61\/100\n|-status|p1b: Kingambit|brn\n|\n|-damage|p1b: Kingambit|55\/100 brn|[from] brn\n|upkeep\n|\n|t:|1695850033\n|switch|p1a: Iron Hands|Iron Hands|100\/100\n|-activate|p1a: Iron Hands|ability: Quark Drive\n|-start|p1a: Iron Hands|quarkdriveatk\n|turn|8\n|\n|t:|1695850057\n|move|p1a: Iron Hands|Fake Out|p2b: Manectric\n|-damage|p2b: Manectric|68\/100\n|cant|p2b: Manectric|flinch\n|move|p2a: Vikavolt|Energy Ball|p1a: Iron Hands\n|-damage|p1a: Iron Hands|69\/100\n|move|p1b: Kingambit|Aerial Ace|p2a: Vikavolt\n|-damage|p2a: Vikavolt|82\/100\n|\n|-damage|p1b: Kingambit|49\/100 brn|[from] brn\n|upkeep\n|turn|9\n|\n|t:|1695850073\n|move|p2b: Manectric|Rising Voltage|p1b: Kingambit\n|-hint|Rising Voltage's BP doubled on grounded target.\n|-damage|p1b: Kingambit|0 fnt\n|faint|p1b: Kingambit\n|-end|p1b: Kingambit|fallen2|[silent]\n|move|p2a: Vikavolt|Energy Ball|p1a: Iron Hands\n|-damage|p1a: Iron Hands|37\/100\n|move|p1a: Iron Hands|Drain Punch|p2b: Manectric\n|-damage|p2b: Manectric|0 fnt\n|-heal|p1a: Iron Hands|56\/100|[from] drain|[of] p2b: Manectric\n|faint|p2b: Manectric\n|\n|-fieldend|move: Electric Terrain\n|-end|p1a: Iron Hands|Quark Drive\n|upkeep\n|-enditem|p1a: Iron Hands|Booster Energy\n|-activate|p1a: Iron Hands|ability: Quark Drive|[fromitem]\n|-start|p1a: Iron Hands|quarkdriveatk\n|\n|t:|1695850089\n|switch|p2b: Noivern|Noivern, M, shiny, tera:Electric|100\/100\n|switch|p1b: Amoonguss|Amoonguss, F|88\/100\n|turn|10\n|\n|t:|1695850115\n|switch|p2a: Zeraora|Zeraora|26\/100\n|move|p2b: Noivern|Draco Meteor|p1a: Iron Hands\n|-damage|p1a: Iron Hands|0 fnt\n|-unboost|p2b: Noivern|spa|2\n|faint|p1a: Iron Hands\n|-end|p1a: Iron Hands|Quark Drive|[silent]\n|move|p1b: Amoonguss|Giga Drain|p2a: Zeraora\n|-damage|p2a: Zeraora|0 fnt\n|-heal|p1b: Amoonguss|98\/100|[from] drain|[of] p2a: Zeraora\n|faint|p2a: Zeraora\n|\n|upkeep\n|\n|t:|1695850128\n|switch|p2a: Vikavolt|Vikavolt, M, shiny|82\/100\n|turn|11\n|\n|t:|1695850134\n|move|p2b: Noivern|Draco Meteor|p1b: Amoonguss\n|-damage|p1b: Amoonguss|73\/100\n|-unboost|p2b: Noivern|spa|2\n|move|p2a: Vikavolt|Bug Buzz|p1b: Amoonguss\n|-damage|p1b: Amoonguss|41\/100\n|move|p1b: Amoonguss|Toxic|p2a: Vikavolt\n|-status|p2a: Vikavolt|tox\n|\n|-damage|p2a: Vikavolt|76\/100 tox|[from] psn\n|upkeep\n|turn|12\n|\n|t:|1695850152\n|-terastallize|p1b: Amoonguss|Flying\n|move|p2b: Noivern|Draco Meteor|p1b: Amoonguss\n|-damage|p1b: Amoonguss|22\/100\n|-unboost|p2b: Noivern|spa|2\n|move|p2a: Vikavolt|Bug Buzz|p1b: Amoonguss\n|-resisted|p1b: Amoonguss\n|-damage|p1b: Amoonguss|6\/100\n|move|p1b: Amoonguss|Giga Drain|p2a: Vikavolt\n|-resisted|p2a: Vikavolt\n|-damage|p2a: Vikavolt|61\/100 tox\n|-heal|p1b: Amoonguss|12\/100|[from] drain|[of] p2a: Vikavolt\n|\n|-damage|p2a: Vikavolt|49\/100 tox|[from] psn\n|upkeep\n|turn|13\n|c|\u2606Drakhar_LoveSensei|GG\n|\n|t:|1695850167\n|move|p2b: Noivern|Draco Meteor|p1b: Amoonguss\n|-damage|p1b: Amoonguss|0 fnt\n|faint|p1b: Amoonguss\n|\n|win|Drakhar_LoveSensei\n|raw|TadakatsuPC's rating: 1000 &rarr; <strong>1000<\/strong><br \/>(+0 for losing)\n|raw|Drakhar_LoveSensei's rating: 1114 &rarr; <strong>1131<\/strong><br \/>(+17 for winning)\n|c|\u2606TadakatsuPC|gg\n|l|\u2606Drakhar_LoveSensei\n","uploadtime":1695850176,"views":6,"p1id":"tadakatsupc","p2id":"drakharlovesensei","formatid":"gen9nationaldexdoubles","rating":1000,"private":0,"password":""}