{"id":"gen9nationaldexdoubles-1972191661","p1":"r32ewgy","p2":"KingGodzila","format":"[Gen 9] National Dex Doubles","log":"|j|\u2606r32ewgy\n|j|\u2606KingGodzila\n|t:|1697820232\n|gametype|doubles\n|player|p1|r32ewgy|2|1093\n|player|p2|KingGodzila|bugsy|1280\n|teamsize|p1|6\n|teamsize|p2|6\n|gen|9\n|tier|[Gen 9] National Dex Doubles\n|rated|\n|rule|HP Percentage Mod: HP is shown in percentages\n|rule|Endless Battle Clause: Forcing endless battles is banned\n|rule|OHKO Clause: OHKO moves are banned\n|rule|Evasion Moves Clause: Evasion moves are banned\n|rule|Evasion Abilities Clause: Evasion abilities are banned\n|rule|Species Clause: Limit one of each Pok\u00e9mon\n|rule|Gravity Sleep Clause: The combination of sleep-inducing moves with imperfect accuracy and Gravity or Gigantamax Orbeetle are banned\n|clearpoke\n|poke|p1|Deoxys-Attack|\n|poke|p1|Indeedee-F, F|\n|poke|p1|Serperior, M|\n|poke|p1|Enamorus, F|\n|poke|p1|Toxapex, M|\n|poke|p1|Dragapult, M|\n|poke|p2|Vikavolt, M|\n|poke|p2|Lokix, M|\n|poke|p2|Golisopod, M|\n|poke|p2|Cresselia, F|\n|poke|p2|Escavalier, M|\n|poke|p2|Charjabug, M|\n|teampreview\n|\n|t:|1697820238\n|start\n|switch|p1a: Deoxys|Deoxys-Attack, shiny|100\/100\n|switch|p1b: Serperior|Serperior, M|100\/100\n|switch|p2a: \u80fd\u8fdb\u80fd\u9000\u65b9\u6b66\u8005|Golisopod, M, shiny|100\/100\n|switch|p2b: \u7f8e\u68a6\u8001\u5988|Cresselia, F|100\/100\n|-ability|p1a: Deoxys|Pressure\n|turn|1\n|\n|t:|1697820263\n|move|p2a: \u80fd\u8fdb\u80fd\u9000\u65b9\u6b66\u8005|First Impression|p1a: Deoxys\n|-supereffective|p1a: Deoxys\n|-enditem|p1a: Deoxys|Focus Sash\n|-damage|p1a: Deoxys|1\/100\n|move|p1a: Deoxys|Role Play|p1b: Serperior\n|-endability|p1a: Deoxys|Pressure|[from] move: Role Play\n|-ability|p1a: Deoxys|Contrary|[from] move: Role Play|[of] p1b: Serperior\n|move|p1b: Serperior|Taunt|p2b: \u7f8e\u68a6\u8001\u5988\n|-start|p2b: \u7f8e\u68a6\u8001\u5988|move: Taunt\n|cant|p2b: \u7f8e\u68a6\u8001\u5988|move: Taunt|Trick Room\n|\n|upkeep\n|turn|2\n|\n|t:|1697820282\n|switch|p1b: Indeedee|Indeedee-F, F|100\/100\n|-fieldstart|move: Psychic Terrain|[from] ability: Psychic Surge|[of] p1b: Indeedee\n|move|p1a: Deoxys|Protect|p1a: Deoxys\n|-singleturn|p1a: Deoxys|Protect\n|move|p2b: \u7f8e\u68a6\u8001\u5988|Dazzling Gleam|p1a: Deoxys|[spread] p1b\n|-activate|p1a: Deoxys|move: Protect\n|-damage|p1b: Indeedee|91\/100\n|-zpower|p2a: \u80fd\u8fdb\u80fd\u9000\u65b9\u6b66\u8005\n|move|p2a: \u80fd\u8fdb\u80fd\u9000\u65b9\u6b66\u8005|Savage Spin-Out|p1b: Indeedee|[zeffect]\n|-supereffective|p1b: Indeedee\n|-damage|p1b: Indeedee|0 fnt\n|faint|p1b: Indeedee\n|\n|upkeep\n|\n|t:|1697820297\n|switch|p1b: Toxapex|Toxapex, M|100\/100\n|turn|3\n|\n|t:|1697820304\n|move|p1b: Toxapex|Wide Guard|p1b: Toxapex\n|-singleturn|p1b: Toxapex|Wide Guard\n|move|p2a: \u80fd\u8fdb\u80fd\u9000\u65b9\u6b66\u8005|Wide Guard|p2a: \u80fd\u8fdb\u80fd\u9000\u65b9\u6b66\u8005\n|-singleturn|p2a: \u80fd\u8fdb\u80fd\u9000\u65b9\u6b66\u8005|Wide Guard\n|move|p1a: Deoxys|Psycho Boost|p2a: \u80fd\u8fdb\u80fd\u9000\u65b9\u6b66\u8005\n|-damage|p2a: \u80fd\u8fdb\u80fd\u9000\u65b9\u6b66\u8005|0 fnt\n|-boost|p1a: Deoxys|spa|2\n|faint|p2a: \u80fd\u8fdb\u80fd\u9000\u65b9\u6b66\u8005\n|move|p2b: \u7f8e\u68a6\u8001\u5988|Dazzling Gleam|p1a: Deoxys|[spread] \n|-activate|p1a: Deoxys|move: Wide Guard\n|-activate|p1b: Toxapex|move: Wide Guard\n|\n|-end|p2b: \u7f8e\u68a6\u8001\u5988|move: Taunt\n|upkeep\n|\n|t:|1697820328\n|switch|p2a: \u4e00\u592b\u5f53\u5173\u4e3a\u9a91\u58eb|Escavalier, M|100\/100\n|turn|4\n|\n|t:|1697820337\n|move|p1b: Toxapex|Wide Guard|p1b: Toxapex\n|-singleturn|p1b: Toxapex|Wide Guard\n|move|p1a: Deoxys|Psycho Boost|p2a: \u4e00\u592b\u5f53\u5173\u4e3a\u9a91\u58eb\n|-resisted|p2a: \u4e00\u592b\u5f53\u5173\u4e3a\u9a91\u58eb\n|-damage|p2a: \u4e00\u592b\u5f53\u5173\u4e3a\u9a91\u58eb|0 fnt\n|-boost|p1a: Deoxys|spa|2\n|faint|p2a: \u4e00\u592b\u5f53\u5173\u4e3a\u9a91\u58eb\n|move|p2b: \u7f8e\u68a6\u8001\u5988|Trick Room|p2b: \u7f8e\u68a6\u8001\u5988\n|-fieldstart|move: Trick Room|[of] p2b: \u7f8e\u68a6\u8001\u5988\n|\n|upkeep\n|\n|t:|1697820355\n|switch|p2a: \u7535\u5149\u8f68\u9053\u70ae|Vikavolt, M|100\/100\n|turn|5\n|\n|t:|1697820372\n|move|p1a: Deoxys|Protect|p1a: Deoxys\n|-singleturn|p1a: Deoxys|Protect\n|move|p2a: \u7535\u5149\u8f68\u9053\u70ae|Bug Buzz|p1a: Deoxys\n|-activate|p1a: Deoxys|move: Protect\n|move|p1b: Toxapex|Icy Wind|p2a: \u7535\u5149\u8f68\u9053\u70ae|[spread] p2a,p2b\n|-damage|p2a: \u7535\u5149\u8f68\u9053\u70ae|94\/100\n|-damage|p2b: \u7f8e\u68a6\u8001\u5988|97\/100\n|-unboost|p2a: \u7535\u5149\u8f68\u9053\u70ae|spe|1\n|-unboost|p2b: \u7f8e\u68a6\u8001\u5988|spe|1\n|move|p2b: \u7f8e\u68a6\u8001\u5988|Dazzling Gleam|p1a: Deoxys|[spread] p1b\n|-activate|p1a: Deoxys|move: Protect\n|-resisted|p1b: Toxapex\n|-damage|p1b: Toxapex|96\/100\n|\n|-heal|p2b: \u7f8e\u68a6\u8001\u5988|100\/100|[from] item: Leftovers\n|upkeep\n|turn|6\n|\n|t:|1697820404\n|move|p1b: Toxapex|Wide Guard|p1b: Toxapex\n|-singleturn|p1b: Toxapex|Wide Guard\n|move|p2a: \u7535\u5149\u8f68\u9053\u70ae|Bug Buzz|p1a: Deoxys\n|-supereffective|p1a: Deoxys\n|-damage|p1a: Deoxys|0 fnt\n|faint|p1a: Deoxys\n|-damage|p2a: \u7535\u5149\u8f68\u9053\u70ae|84\/100|[from] item: Life Orb\n|move|p2b: \u7f8e\u68a6\u8001\u5988|Dazzling Gleam|p1b: Toxapex\n|-activate|p1b: Toxapex|move: Wide Guard\n|\n|upkeep\n|\n|t:|1697820414\n|switch|p1a: Dragapult|Dragapult, M|100\/100\n|turn|7\n|\n|t:|1697820428\n|switch|p2b: \u866b\u7535\u5b9d\u724c\u5145\u7535\u5b9d|Charjabug, M, shiny|100\/100\n|move|p1b: Toxapex|Wide Guard|p1b: Toxapex\n|-singleturn|p1b: Toxapex|Wide Guard\n|move|p2a: \u7535\u5149\u8f68\u9053\u70ae|Bug Buzz|p1a: Dragapult\n|-resisted|p1a: Dragapult\n|-damage|p1a: Dragapult|37\/100\n|-damage|p2a: \u7535\u5149\u8f68\u9053\u70ae|74\/100|[from] item: Life Orb\n|move|p1a: Dragapult|Phantom Force||[still]\n|-prepare|p1a: Dragapult|Phantom Force\n|\n|upkeep\n|turn|8\n|\n|t:|1697820446\n|switch|p2a: \u70c8\u817f\u8757\u4fa0|Lokix, M|100\/100\n|move|p2b: \u866b\u7535\u5b9d\u724c\u5145\u7535\u5b9d|Substitute|p2b: \u866b\u7535\u5b9d\u724c\u5145\u7535\u5b9d\n|-start|p2b: \u866b\u7535\u5b9d\u724c\u5145\u7535\u5b9d|Substitute\n|-damage|p2b: \u866b\u7535\u5b9d\u724c\u5145\u7535\u5b9d|76\/100\n|move|p1b: Toxapex|Icy Wind|p2b: \u866b\u7535\u5b9d\u724c\u5145\u7535\u5b9d|[spread] p2a,p2b\n|-activate|p2b: \u866b\u7535\u5b9d\u724c\u5145\u7535\u5b9d|move: Substitute|[damage]\n|-damage|p2a: \u70c8\u817f\u8757\u4fa0|88\/100\n|-unboost|p2a: \u70c8\u817f\u8757\u4fa0|spe|1\n|move|p1a: Dragapult|Phantom Force|p2b: \u866b\u7535\u5b9d\u724c\u5145\u7535\u5b9d|[from]lockedmove\n|-damage|p2b: \u866b\u7535\u5b9d\u724c\u5145\u7535\u5b9d|23\/100\n|\n|-fieldend|move: Trick Room\n|upkeep\n|turn|9\n|inactive|Battle timer is ON: inactive players will automatically lose when time's up. (requested by r32ewgy)\n|\n|t:|1697820482\n|move|p2a: \u70c8\u817f\u8757\u4fa0|Sucker Punch|p1a: Dragapult\n|-activate|p1a: Dragapult|move: Psychic Terrain\n|move|p1a: Dragapult|Phantom Force||[still]\n|-prepare|p1a: Dragapult|Phantom Force\n|move|p1b: Toxapex|Iron Defense|p1b: Toxapex\n|-boost|p1b: Toxapex|def|2\n|move|p2b: \u866b\u7535\u5b9d\u724c\u5145\u7535\u5b9d|Struggle Bug|p1a: Dragapult|[spread] p1b\n|-miss|p2b: \u866b\u7535\u5b9d\u724c\u5145\u7535\u5b9d|p1a: Dragapult\n|-resisted|p1b: Toxapex\n|-damage|p1b: Toxapex|92\/100\n|-unboost|p1b: Toxapex|spa|1\n|\n|-fieldend|move: Psychic Terrain\n|upkeep\n|turn|10\n|\n|t:|1697820506\n|move|p1a: Dragapult|Phantom Force|p2b: \u866b\u7535\u5b9d\u724c\u5145\u7535\u5b9d|[from]lockedmove\n|-damage|p2b: \u866b\u7535\u5b9d\u724c\u5145\u7535\u5b9d|0 fnt\n|faint|p2b: \u866b\u7535\u5b9d\u724c\u5145\u7535\u5b9d\n|move|p2a: \u70c8\u817f\u8757\u4fa0|Knock Off|p1b: Toxapex\n|-damage|p1b: Toxapex|69\/100\n|-damage|p2a: \u70c8\u817f\u8757\u4fa0|72\/100|[from] item: Rocky Helmet|[of] p1b: Toxapex\n|-enditem|p1b: Toxapex|Rocky Helmet|[from] move: Knock Off|[of] p2a: \u70c8\u817f\u8757\u4fa0\n|-damage|p2a: \u70c8\u817f\u8757\u4fa0|62\/100|[from] item: Life Orb\n|move|p1b: Toxapex|Iron Defense|p1b: Toxapex\n|-boost|p1b: Toxapex|def|2\n|\n|upkeep\n|\n|t:|1697820520\n|switch|p2b: \u7f8e\u68a6\u8001\u5988|Cresselia, F|100\/100\n|turn|11\n|\n|t:|1697820529\n|move|p2a: \u70c8\u817f\u8757\u4fa0|Sucker Punch|p1a: Dragapult\n|-supereffective|p1a: Dragapult\n|-damage|p1a: Dragapult|0 fnt\n|faint|p1a: Dragapult\n|-damage|p2a: \u70c8\u817f\u8757\u4fa0|52\/100|[from] item: Life Orb\n|move|p2b: \u7f8e\u68a6\u8001\u5988|Lunar Blessing|p2b: \u7f8e\u68a6\u8001\u5988|[spread] p2a,p2b\n|-heal|p2a: \u70c8\u817f\u8757\u4fa0|77\/100\n|move|p1b: Toxapex|Iron Defense|p1b: Toxapex\n|-boost|p1b: Toxapex|def|2\n|\n|upkeep\n|\n|t:|1697820541\n|switch|p1a: Enamorus|Enamorus, F|100\/100\n|turn|12\n|\n|t:|1697820563\n|move|p1b: Toxapex|Wide Guard|p1b: Toxapex\n|-singleturn|p1b: Toxapex|Wide Guard\n|move|p1a: Enamorus|Springtide Storm|p2b: \u7f8e\u68a6\u8001\u5988|[spread] p2a,p2b\n|-supereffective|p2a: \u70c8\u817f\u8757\u4fa0\n|-damage|p2a: \u70c8\u817f\u8757\u4fa0|0 fnt\n|-damage|p2b: \u7f8e\u68a6\u8001\u5988|76\/100\n|faint|p2a: \u70c8\u817f\u8757\u4fa0\n|-damage|p1a: Enamorus|91\/100|[from] item: Life Orb\n|move|p2b: \u7f8e\u68a6\u8001\u5988|Trick Room|p2b: \u7f8e\u68a6\u8001\u5988\n|-fieldstart|move: Trick Room|[of] p2b: \u7f8e\u68a6\u8001\u5988\n|\n|-heal|p2b: \u7f8e\u68a6\u8001\u5988|82\/100|[from] item: Leftovers\n|upkeep\n|\n|t:|1697820570\n|switch|p2a: \u7535\u5149\u8f68\u9053\u70ae|Vikavolt, M|74\/100\n|turn|13\n|\n|t:|1697820587\n|-terastallize|p2a: \u7535\u5149\u8f68\u9053\u70ae|Electric\n|move|p1a: Enamorus|Protect|p1a: Enamorus\n|-singleturn|p1a: Enamorus|Protect\n|move|p2a: \u7535\u5149\u8f68\u9053\u70ae|Volt Switch|p1a: Enamorus\n|-activate|p1a: Enamorus|move: Protect\n|move|p1b: Toxapex|Icy Wind|p2a: \u7535\u5149\u8f68\u9053\u70ae|[spread] p2a,p2b\n|-damage|p2a: \u7535\u5149\u8f68\u9053\u70ae|69\/100\n|-damage|p2b: \u7f8e\u68a6\u8001\u5988|80\/100\n|-unboost|p2a: \u7535\u5149\u8f68\u9053\u70ae|spe|1\n|-unboost|p2b: \u7f8e\u68a6\u8001\u5988|spe|1\n|move|p2b: \u7f8e\u68a6\u8001\u5988|Lunar Blessing|p2b: \u7f8e\u68a6\u8001\u5988|[spread] p2a,p2b\n|-heal|p2a: \u7535\u5149\u8f68\u9053\u70ae|94\/100\n|-heal|p2b: \u7f8e\u68a6\u8001\u5988|100\/100\n|\n|upkeep\n|turn|14\n|\n|t:|1697820615\n|move|p2a: \u7535\u5149\u8f68\u9053\u70ae|Volt Switch|p1a: Enamorus\n|-supereffective|p1a: Enamorus\n|-damage|p1a: Enamorus|0 fnt\n|faint|p1a: Enamorus\n|-damage|p2a: \u7535\u5149\u8f68\u9053\u70ae|84\/100|[from] item: Life Orb\n|move|p1b: Toxapex|Icy Wind|p2a: \u7535\u5149\u8f68\u9053\u70ae|[spread] p2a,p2b\n|-damage|p2a: \u7535\u5149\u8f68\u9053\u70ae|79\/100\n|-damage|p2b: \u7f8e\u68a6\u8001\u5988|98\/100\n|-unboost|p2a: \u7535\u5149\u8f68\u9053\u70ae|spe|1\n|-unboost|p2b: \u7f8e\u68a6\u8001\u5988|spe|1\n|move|p2b: \u7f8e\u68a6\u8001\u5988|Lunar Blessing|p2b: \u7f8e\u68a6\u8001\u5988|[spread] p2a,p2b\n|-heal|p2a: \u7535\u5149\u8f68\u9053\u70ae|100\/100\n|-heal|p2b: \u7f8e\u68a6\u8001\u5988|100\/100\n|\n|upkeep\n|inactive|r32ewgy has 120 seconds left.\n|\n|t:|1697820629\n|switch|p1a: Serperior|Serperior, M|100\/100\n|turn|15\n|\n|t:|1697820642\n|move|p2a: \u7535\u5149\u8f68\u9053\u70ae|Bug Buzz|p1a: Serperior\n|-supereffective|p1a: Serperior\n|-damage|p1a: Serperior|0 fnt\n|faint|p1a: Serperior\n|-damage|p2a: \u7535\u5149\u8f68\u9053\u70ae|91\/100|[from] item: Life Orb\n|move|p2b: \u7f8e\u68a6\u8001\u5988|Lunar Blessing|p2b: \u7f8e\u68a6\u8001\u5988|[spread] p2a,p2b\n|-heal|p2a: \u7535\u5149\u8f68\u9053\u70ae|100\/100\n|move|p1b: Toxapex|Icy Wind|p2b: \u7f8e\u68a6\u8001\u5988|[spread] p2a,p2b\n|-damage|p2a: \u7535\u5149\u8f68\u9053\u70ae|96\/100\n|-damage|p2b: \u7f8e\u68a6\u8001\u5988|98\/100\n|-unboost|p2a: \u7535\u5149\u8f68\u9053\u70ae|spe|1\n|-unboost|p2b: \u7f8e\u68a6\u8001\u5988|spe|1\n|\n|-heal|p2b: \u7f8e\u68a6\u8001\u5988|100\/100|[from] item: Leftovers\n|upkeep\n|turn|16\n|\n|t:|1697820657\n|move|p2a: \u7535\u5149\u8f68\u9053\u70ae|Volt Switch|p1b: Toxapex\n|-supereffective|p1b: Toxapex\n|-damage|p1b: Toxapex|0 fnt\n|faint|p1b: Toxapex\n|-damage|p2a: \u7535\u5149\u8f68\u9053\u70ae|86\/100|[from] item: Life Orb\n|\n|win|KingGodzila\n|raw|r32ewgy's rating: 1093 &rarr; <strong>1081<\/strong><br \/>(-12 for losing)\n|raw|KingGodzila's rating: 1280 &rarr; <strong>1293<\/strong><br \/>(+13 for winning)\n|l|\u2606r32ewgy\n","uploadtime":1697820669,"views":6,"p1id":"r32ewgy","p2id":"kinggodzila","formatid":"gen9nationaldexdoubles","rating":1081,"private":0,"password":""}