{"id":"gen9nationaldexdoubles-1990842166","p1":"OdeioSenha","p2":"DropAAmogus","format":"[Gen 9] National Dex Doubles","log":"|j|\u2606OdeioSenha\n|j|\u2606DropAAmogus\n|t:|1700006537\n|gametype|doubles\n|player|p1|OdeioSenha|169|\n|player|p2|DropAAmogus|101|\n|teamsize|p1|6\n|teamsize|p2|6\n|gen|9\n|tier|[Gen 9] National Dex Doubles\n|rule|HP Percentage Mod: HP is shown in percentages\n|rule|Endless Battle Clause: Forcing endless battles is banned\n|rule|OHKO Clause: OHKO moves are banned\n|rule|Evasion Moves Clause: Evasion moves are banned\n|rule|Evasion Abilities Clause: Evasion abilities are banned\n|rule|Species Clause: Limit one of each Pok\u00e9mon\n|rule|Gravity Sleep Clause: The combination of sleep-inducing moves with imperfect accuracy and Gravity or Gigantamax Orbeetle are banned\n|clearpoke\n|poke|p1|Shuckle, M|\n|poke|p1|Indeedee-F, F|\n|poke|p1|Jirachi|\n|poke|p1|Clefable, F|\n|poke|p1|Electabuzz, F|\n|poke|p1|Mew|\n|poke|p2|Zoroark, F|\n|poke|p2|Toxicroak, F|\n|poke|p2|Ursaluna-Bloodmoon, M|\n|poke|p2|Manaphy|\n|poke|p2|Glimmora, F|\n|poke|p2|Gholdengo|\n|teampreview\n|inactive|Battle timer is ON: inactive players will automatically lose when time's up. (requested by DropAAmogus)\n|\n|t:|1700006578\n|start\n|switch|p1a: Testing|Shuckle, M|100\/100\n|switch|p1b: Indeedee|Indeedee-F, F|100\/100\n|switch|p2a: Toxicroak|Toxicroak, F|100\/100\n|switch|p2b: Ursaluna|Ursaluna-Bloodmoon, M|100\/100\n|-fieldstart|move: Psychic Terrain|[from] ability: Psychic Surge|[of] p1b: Indeedee\n|turn|1\n|\n|t:|1700006594\n|move|p1b: Indeedee|Follow Me|p1b: Indeedee\n|-singleturn|p1b: Indeedee|move: Follow Me\n|move|p2a: Toxicroak|Swords Dance|p2a: Toxicroak\n|-boost|p2a: Toxicroak|atk|2\n|-enditem|p1a: Testing|Mirror Herb\n|-boost|p1a: Testing|atk|2|[from] item: Mirror Herb\n|move|p2b: Ursaluna|Blood Moon|p1b: Indeedee\n|-damage|p1b: Indeedee|23\/100\n|move|p1a: Testing|Power Trick|p1a: Testing\n|-start|p1a: Testing|Power Trick\n|\n|upkeep\n|turn|2\n|\n|t:|1700006622\n|-terastallize|p1b: Indeedee|Flying\n|move|p2a: Toxicroak|Sucker Punch|p1a: Testing\n|-activate|p1a: Testing|move: Psychic Terrain\n|move|p2b: Ursaluna|Vacuum Wave|p1b: Indeedee\n|-hint|Psychic Terrain doesn't affect Pok\u00e9mon immune to Ground.\n|-resisted|p1b: Indeedee\n|-damage|p1b: Indeedee|16\/100\n|move|p1a: Testing|Earthquake|p2a: Toxicroak|[spread] p2a,p2b\n|-immune|p1b: Indeedee\n|-enditem|p2a: Toxicroak|Focus Sash\n|-damage|p2a: Toxicroak|1\/100\n|-damage|p2b: Ursaluna|45\/100\n|replace|p2a: Zoroark|Zoroark, F\n|-end|p2a: Zoroark|Illusion\n|move|p1b: Indeedee|Trick Room|p1b: Indeedee\n|-fieldstart|move: Trick Room|[of] p1b: Indeedee\n|\n|upkeep\n|turn|3\n|c|\u2606OdeioSenha|:D\n|inactive|DropAAmogus has 270 seconds left.\n|\n|t:|1700006663\n|move|p1b: Indeedee|Follow Me|p1b: Indeedee\n|-singleturn|p1b: Indeedee|move: Follow Me\n|move|p2a: Zoroark|Sucker Punch||[still]\n|-fail|p2a: Zoroark\n|move|p1a: Testing|Earthquake|p2b: Ursaluna|[spread] p2a,p2b\n|-immune|p1b: Indeedee\n|-damage|p2a: Zoroark|0 fnt\n|-damage|p2b: Ursaluna|0 fnt\n|faint|p2a: Zoroark\n|faint|p2b: Ursaluna\n|\n|upkeep\n|\n|t:|1700006679\n|switch|p2b: Gholdengo|Gholdengo|100\/100\n|switch|p2a: Manaphy|Manaphy|100\/100\n|turn|4\n|inactive|DropAAmogus has 270 seconds left.\n|c|\u2606DropAAmogus|:D\n|c|\u2606DropAAmogus|yoink\n|\n|t:|1700006693\n|move|p1b: Indeedee|Helping Hand|p1a: Testing\n|-singleturn|p1a: Testing|Helping Hand|[of] p1b: Indeedee\n|move|p1a: Testing|Earthquake|p2b: Gholdengo|[spread] p2a,p2b\n|-immune|p1b: Indeedee\n|-supereffective|p2b: Gholdengo\n|-enditem|p2a: Manaphy|Focus Sash\n|-damage|p2a: Manaphy|1\/100\n|-damage|p2b: Gholdengo|0 fnt\n|faint|p2b: Gholdengo\n|move|p2a: Manaphy|Heart Swap|p1a: Testing\n|-swapboost|p2a: Manaphy|p1a: Testing|[from] move: Heart Swap\n|\n|upkeep\n|inactive|DropAAmogus has 270 seconds left.\n|\n|t:|1700006705\n|switch|p2b: Toxicroak|Toxicroak, F|100\/100\n|turn|5\n|c|\u2606OdeioSenha|s\u00f3 isso?\n|\n|t:|1700006722\n|-terastallize|p2a: Manaphy|Water\n|move|p1b: Indeedee|Follow Me|p1b: Indeedee\n|-singleturn|p1b: Indeedee|move: Follow Me\n|move|p2b: Toxicroak|Sucker Punch||[still]\n|-fail|p2b: Toxicroak\n|move|p1a: Testing|Earthquake|p2a: Manaphy|[spread] p2a,p2b\n|-immune|p1b: Indeedee\n|-supereffective|p2b: Toxicroak\n|-damage|p2a: Manaphy|0 fnt\n|-enditem|p2b: Toxicroak|Focus Sash\n|-damage|p2b: Toxicroak|1\/100\n|faint|p2a: Manaphy\n|\n|upkeep\n|inactive|DropAAmogus has 270 seconds left.\n|\n|t:|1700006734\n|switch|p2a: Glimmora|Glimmora, F|100\/100\n|turn|6\n|\n|t:|1700006745\n|move|p1b: Indeedee|Helping Hand|p1a: Testing\n|-singleturn|p1a: Testing|Helping Hand|[of] p1b: Indeedee\n|move|p2b: Toxicroak|Sucker Punch|p1a: Testing\n|-activate|p1a: Testing|move: Psychic Terrain\n|move|p1a: Testing|Earthquake|p2a: Glimmora|[spread] p2a,p2b\n|-immune|p1b: Indeedee\n|-supereffective|p2a: Glimmora\n|-supereffective|p2b: Toxicroak\n|-damage|p2a: Glimmora|0 fnt\n|-damage|p2b: Toxicroak|0 fnt\n|-activate|p2a: Glimmora|ability: Toxic Debris\n|-sidestart|p1: OdeioSenha|move: Toxic Spikes\n|faint|p2a: Glimmora\n|faint|p2b: Toxicroak\n|\n|win|OdeioSenha\n|c|\u2606OdeioSenha|Kk\n|c|\u2606DropAAmogus|a q odio\n|c|\u2606DropAAmogus|'-'\n|c|\u2606OdeioSenha|gosto to shuckle?\n|c|\u2606DropAAmogus|NSS\n|c|\u2606DropAAmogus|JA SEI O COUNTER PERFEITO\n|l|\u2606OdeioSenha\n|j|\u2606OdeioSenha\n|player|p1|OdeioSenha|169\n|c|\u2606OdeioSenha|e\n|c|\u2606OdeioSenha|demora\n|l|\u2606DropAAmogus\n","uploadtime":1700007941,"views":5,"p1id":"odeiosenha","p2id":"dropaamogus","formatid":"gen9nationaldexdoubles","rating":0,"private":0,"password":""}