{"id":"gen9nationaldexdoubles-1976954088","p1":"Kinglid","p2":"BackW1thM1lk","format":"[Gen 9] National Dex Doubles","log":"|j|\u2606Kinglid\n|j|\u2606BackW1thM1lk\n|t:|1698355702\n|gametype|doubles\n|player|p1|Kinglid|dancer|1223\n|player|p2|BackW1thM1lk|ghetsis|1404\n|teamsize|p1|6\n|teamsize|p2|6\n|gen|9\n|tier|[Gen 9] National Dex Doubles\n|rated|\n|rule|HP Percentage Mod: HP is shown in percentages\n|rule|Endless Battle Clause: Forcing endless battles is banned\n|rule|OHKO Clause: OHKO moves are banned\n|rule|Evasion Moves Clause: Evasion moves are banned\n|rule|Evasion Abilities Clause: Evasion abilities are banned\n|rule|Species Clause: Limit one of each Pok\u00e9mon\n|rule|Gravity Sleep Clause: The combination of sleep-inducing moves with imperfect accuracy and Gravity or Gigantamax Orbeetle are banned\n|clearpoke\n|poke|p1|Golisopod, F|\n|poke|p1|Manectric, F|\n|poke|p1|Ceruledge, M|\n|poke|p1|Tsareena, F|\n|poke|p1|Garchomp, F|\n|poke|p1|Togekiss, F|\n|poke|p2|Iron Moth|\n|poke|p2|Tapu Koko|\n|poke|p2|Iron Bundle|\n|poke|p2|Iron Valiant|\n|poke|p2|Thundurus, M|\n|poke|p2|Iron Treads|\n|teampreview\n|inactive|Battle timer is ON: inactive players will automatically lose when time's up. (requested by BackW1thM1lk)\n|inactive|Kinglid has 120 seconds left.\n|inactive|Kinglid has 90 seconds left.\n|inactive|Kinglid has 60 seconds left.\n|\n|t:|1698355802\n|start\n|switch|p1a: Manectric|Manectric, F|100\/100\n|switch|p1b: Ceruledge|Ceruledge, M|100\/100\n|switch|p2a: Thundurus|Thundurus, M|100\/100\n|switch|p2b: Iron Bundle|Iron Bundle, shiny|100\/100\n|-item|p1a: Manectric|Air Balloon\n|turn|1\n|inactive|BackW1thM1lk has 120 seconds left.\n|\n|t:|1698355843\n|move|p2a: Thundurus|Electric Terrain|p2a: Thundurus\n|-fieldstart|move: Electric Terrain\n|-activate|p2b: Iron Bundle|ability: Quark Drive\n|-start|p2b: Iron Bundle|quarkdrivespe\n|move|p2b: Iron Bundle|Hydro Pump|p1b: Ceruledge|[miss]\n|-miss|p2b: Iron Bundle|p1b: Ceruledge\n|move|p1a: Manectric|Thunderbolt|p2b: Iron Bundle\n|-supereffective|p2b: Iron Bundle\n|-enditem|p2b: Iron Bundle|Focus Sash\n|-damage|p2b: Iron Bundle|1\/100\n|move|p1b: Ceruledge|Bitter Blade|p2b: Iron Bundle\n|-damage|p2b: Iron Bundle|0 fnt\n|faint|p2b: Iron Bundle\n|-end|p2b: Iron Bundle|Quark Drive|[silent]\n|\n|upkeep\n|\n|t:|1698355864\n|switch|p2b: Iron Moth|Iron Moth, shiny|100\/100\n|-activate|p2b: Iron Moth|ability: Quark Drive\n|-start|p2b: Iron Moth|quarkdrivespe\n|turn|2\n|\n|t:|1698355879\n|switch|p2a: Iron Treads|Iron Treads, shiny|100\/100\n|-activate|p2a: Iron Treads|ability: Quark Drive\n|-start|p2a: Iron Treads|quarkdrivedef\n|move|p2b: Iron Moth|Sludge Wave|p1b: Ceruledge|[spread] p1a,p1b\n|-immune|p2a: Iron Treads\n|-resisted|p1b: Ceruledge\n|-damage|p1a: Manectric|0 fnt\n|-damage|p1b: Ceruledge|72\/100\n|-enditem|p1a: Manectric|Air Balloon\n|faint|p1a: Manectric\n|move|p1b: Ceruledge|Psycho Cut|p2b: Iron Moth\n|-supereffective|p2b: Iron Moth\n|-damage|p2b: Iron Moth|36\/100\n|\n|upkeep\n|\n|t:|1698355903\n|switch|p1a: Golisopod|Golisopod, F|100\/100\n|turn|3\n|inactive|BackW1thM1lk has 120 seconds left.\n|\n|t:|1698355931\n|move|p1a: Golisopod|First Impression|p2b: Iron Moth\n|-resisted|p2b: Iron Moth\n|-damage|p2b: Iron Moth|14\/100\n|move|p1b: Ceruledge|Shadow Sneak|p2b: Iron Moth\n|-damage|p2b: Iron Moth|0 fnt\n|faint|p2b: Iron Moth\n|-end|p2b: Iron Moth|Quark Drive|[silent]\n|move|p2a: Iron Treads|High Horsepower|p1b: Ceruledge\n|-supereffective|p1b: Ceruledge\n|-damage|p1b: Ceruledge|0 fnt\n|faint|p1b: Ceruledge\n|\n|upkeep\n|\n|t:|1698355956\n|switch|p2b: Iron Valiant|Iron Valiant, shiny|100\/100\n|switch|p1b: Garchomp|Garchomp, F|100\/100\n|-activate|p2b: Iron Valiant|ability: Quark Drive\n|-start|p2b: Iron Valiant|quarkdrivespe\n|turn|4\n|\n|t:|1698355976\n|move|p2b: Iron Valiant|Spirit Break|p1b: Garchomp\n|-supereffective|p1b: Garchomp\n|-damage|p1b: Garchomp|38\/100\n|-unboost|p1b: Garchomp|spa|1\n|-damage|p2b: Iron Valiant|88\/100|[from] ability: Rough Skin|[of] p1b: Garchomp\n|-damage|p2b: Iron Valiant|71\/100|[from] item: Rocky Helmet|[of] p1b: Garchomp\n|move|p1b: Garchomp|Poison Jab|p2b: Iron Valiant\n|-supereffective|p2b: Iron Valiant\n|-damage|p2b: Iron Valiant|8\/100\n|move|p2a: Iron Treads|Iron Defense|p2a: Iron Treads\n|-boost|p2a: Iron Treads|def|2\n|move|p1a: Golisopod|Razor Shell|p2a: Iron Treads\n|-supereffective|p2a: Iron Treads\n|-damage|p2a: Iron Treads|83\/100\n|\n|-heal|p2a: Iron Treads|89\/100|[from] item: Leftovers\n|upkeep\n|turn|5\n|\n|t:|1698356003\n|move|p2b: Iron Valiant|Knock Off|p1b: Garchomp\n|-damage|p1b: Garchomp|12\/100\n|-damage|p2b: Iron Valiant|0 fnt|[from] ability: Rough Skin|[of] p1b: Garchomp\n|faint|p2b: Iron Valiant\n|-end|p2b: Iron Valiant|Quark Drive|[silent]\n|move|p1b: Garchomp|Rock Slide|p2a: Iron Treads|[miss]\n|-miss|p1b: Garchomp|p2a: Iron Treads\n|move|p2a: Iron Treads|Iron Defense|p2a: Iron Treads\n|-boost|p2a: Iron Treads|def|2\n|move|p1a: Golisopod|Razor Shell|p2a: Iron Treads\n|-supereffective|p2a: Iron Treads\n|-damage|p2a: Iron Treads|77\/100\n|-unboost|p2a: Iron Treads|def|1\n|\n|-heal|p2a: Iron Treads|83\/100|[from] item: Leftovers\n|upkeep\n|inactive|BackW1thM1lk has 120 seconds left.\n|\n|t:|1698356032\n|switch|p2b: Thundurus|Thundurus, M|100\/100\n|turn|6\n|inactive|BackW1thM1lk has 120 seconds left.\n|\n|t:|1698356055\n|move|p1b: Garchomp|Rock Slide|p2b: Thundurus|[spread] p2a,p2b\n|-resisted|p2a: Iron Treads\n|-supereffective|p2b: Thundurus\n|-damage|p2a: Iron Treads|83\/100\n|-damage|p2b: Thundurus|61\/100\n|cant|p2b: Thundurus|flinch\n|move|p2a: Iron Treads|Body Press|p1a: Golisopod\n|-resisted|p1a: Golisopod\n|-crit|p1a: Golisopod\n|-damage|p1a: Golisopod|56\/100\n|move|p1a: Golisopod|Razor Shell|p2a: Iron Treads\n|-supereffective|p2a: Iron Treads\n|-damage|p2a: Iron Treads|70\/100\n|\n|-heal|p2a: Iron Treads|76\/100|[from] item: Leftovers\n|upkeep\n|turn|7\n|\n|t:|1698356080\n|move|p1a: Golisopod|Sucker Punch|p2b: Thundurus\n|-damage|p2b: Thundurus|33\/100\n|move|p1b: Garchomp|Rock Slide|p2a: Iron Treads|[spread] p2a,p2b\n|-resisted|p2a: Iron Treads\n|-supereffective|p2b: Thundurus\n|-damage|p2a: Iron Treads|75\/100\n|-damage|p2b: Thundurus|0 fnt\n|faint|p2b: Thundurus\n|move|p2a: Iron Treads|Iron Defense|p2a: Iron Treads\n|-boost|p2a: Iron Treads|def|2\n|\n|-heal|p2a: Iron Treads|81\/100|[from] item: Leftovers\n|upkeep\n|inactive|BackW1thM1lk has 120 seconds left.\n|\n|t:|1698356093\n|switch|p2b: Tapu Koko|Tapu Koko, shiny|100\/100\n|turn|8\n|inactive|BackW1thM1lk has 120 seconds left.\n|\n|t:|1698356120\n|move|p2b: Tapu Koko|Protect|p2b: Tapu Koko\n|-singleturn|p2b: Tapu Koko|Protect\n|move|p1b: Garchomp|Poison Jab|p2b: Tapu Koko\n|-activate|p2b: Tapu Koko|move: Protect\n|move|p2a: Iron Treads|Body Press|p1a: Golisopod\n|-resisted|p1a: Golisopod\n|-damage|p1a: Golisopod|9\/100\n|-activate|p1a: Golisopod|ability: Emergency Exit\n|\n|t:|1698356135\n|switch|p1a: Tsareena|Tsareena, F|100\/100\n|\n|-heal|p2a: Iron Treads|87\/100|[from] item: Leftovers\n|-fieldend|move: Electric Terrain\n|-end|p2a: Iron Treads|Quark Drive\n|upkeep\n|turn|9\n|inactive|BackW1thM1lk has 120 seconds left.\n|\n|t:|1698356175\n|move|p2b: Tapu Koko|Nature's Madness|p1a: Tsareena\n|-damage|p1a: Tsareena|51\/100\n|move|p1b: Garchomp|Stomping Tantrum|p2a: Iron Treads\n|-supereffective|p2a: Iron Treads\n|-damage|p2a: Iron Treads|75\/100\n|move|p2a: Iron Treads|Body Press|p1b: Garchomp\n|-damage|p1b: Garchomp|0 fnt\n|-damage|p2a: Iron Treads|63\/100|[from] ability: Rough Skin|[of] p1b: Garchomp\n|-damage|p2a: Iron Treads|47\/100|[from] item: Rocky Helmet|[of] p1b: Garchomp\n|faint|p1b: Garchomp\n|move|p1a: Tsareena|High Jump Kick|p2a: Iron Treads\n|-supereffective|p2a: Iron Treads\n|-damage|p2a: Iron Treads|35\/100\n|\n|-heal|p2a: Iron Treads|41\/100|[from] item: Leftovers\n|upkeep\n|\n|t:|1698356193\n|switch|p1b: Golisopod|Golisopod, F|9\/100\n|turn|10\n|inactive|BackW1thM1lk has 120 seconds left.\n|\n|t:|1698356223\n|move|p1b: Golisopod|First Impression|p2b: Tapu Koko\n|-resisted|p2b: Tapu Koko\n|-damage|p2b: Tapu Koko|67\/100\n|move|p2b: Tapu Koko|Volt Switch|p1b: Golisopod\n|-supereffective|p1b: Golisopod\n|-damage|p1b: Golisopod|0 fnt\n|faint|p1b: Golisopod\n|move|p2a: Iron Treads|Body Press|p1a: Tsareena\n|-damage|p1a: Tsareena|0 fnt\n|faint|p1a: Tsareena\n|\n|-heal|p2a: Iron Treads|47\/100|[from] item: Leftovers\n|upkeep\n|inactive|Kinglid has 120 seconds left.\n|\n|t:|1698356241\n|switch|p1a: Togekiss|Togekiss, F|100\/100\n|turn|11\n|inactive|BackW1thM1lk has 120 seconds left.\n|\n|t:|1698356271\n|move|p2b: Tapu Koko|Volt Switch|p1a: Togekiss\n|-supereffective|p1a: Togekiss\n|-damage|p1a: Togekiss|52\/100\n|move|p1a: Togekiss|Heat Wave|p2b: Tapu Koko|[spread] p2a,p2b\n|-supereffective|p2a: Iron Treads\n|-crit|p2b: Tapu Koko\n|-damage|p2a: Iron Treads|0 fnt\n|-damage|p2b: Tapu Koko|26\/100\n|faint|p2a: Iron Treads\n|-end|p2a: Iron Treads|Quark Drive|[silent]\n|\n|upkeep\n|turn|12\n|\n|t:|1698356288\n|-terastallize|p2b: Tapu Koko|Electric\n|move|p2b: Tapu Koko|Volt Switch|p1a: Togekiss\n|-supereffective|p1a: Togekiss\n|-damage|p1a: Togekiss|0 fnt\n|faint|p1a: Togekiss\n|\n|win|BackW1thM1lk\n|raw|Kinglid's rating: 1223 &rarr; <strong>1210<\/strong><br \/>(-13 for losing)\n|raw|BackW1thM1lk's rating: 1404 &rarr; <strong>1414<\/strong><br \/>(+10 for winning)\n|l|\u2606Kinglid\n","uploadtime":1698356302,"views":10,"p1id":"kinglid","p2id":"backw1thm1lk","formatid":"gen9nationaldexdoubles","rating":1210,"private":0,"password":""}