{"id":"gen9nationaldexdoubles-1973196912","p1":"Zelphalopod","p2":"Datagne","format":"[Gen 9] National Dex Doubles","log":"|j|\u2606Zelphalopod\n|j|\u2606Datagne\n|t:|1697938347\n|gametype|doubles\n|player|p1|Zelphalopod|brendan-masters|\n|player|p2|Datagne|will|\n|teamsize|p1|6\n|teamsize|p2|6\n|gen|9\n|tier|[Gen 9] National Dex Doubles\n|rule|HP Percentage Mod: HP is shown in percentages\n|rule|Endless Battle Clause: Forcing endless battles is banned\n|rule|OHKO Clause: OHKO moves are banned\n|rule|Evasion Moves Clause: Evasion moves are banned\n|rule|Evasion Abilities Clause: Evasion abilities are banned\n|rule|Species Clause: Limit one of each Pok\u00e9mon\n|rule|Gravity Sleep Clause: The combination of sleep-inducing moves with imperfect accuracy and Gravity or Gigantamax Orbeetle are banned\n|clearpoke\n|poke|p1|Blaziken, M|\n|poke|p1|Samurott-Hisui, M|\n|poke|p1|Arboliva, F|\n|poke|p1|Brute Bonnet|\n|poke|p1|Volcanion|\n|poke|p1|Gyarados, M|\n|poke|p2|Kingambit, F|\n|poke|p2|Enamorus-Therian, F|\n|poke|p2|Great Tusk|\n|poke|p2|Klefki, M|\n|poke|p2|Gigalith, M|\n|poke|p2|Clodsire, F|\n|teampreview\n|j| Camdar\n|j| Relleth\n|j| SgtSmilies\n|\n|t:|1697938372\n|start\n|switch|p1a: Taro|Blaziken, M|100\/100\n|switch|p1b: Among|Brute Bonnet|100\/100\n|switch|p2a: Klinks|Klefki, M|100\/100\n|switch|p2b: Aun|Kingambit, F|100\/100\n|-enditem|p1b: Among|Booster Energy\n|-activate|p1b: Among|ability: Protosynthesis|[fromitem]\n|-start|p1b: Among|protosynthesisdef\n|turn|1\n|\n|t:|1697938396\n|move|p2a: Klinks|Reflect|p2a: Klinks\n|-sidestart|p2: Datagne|Reflect\n|move|p1a: Taro|Flare Blitz|p2a: Klinks\n|-supereffective|p2a: Klinks\n|-damage|p2a: Klinks|15\/100\n|-status|p2a: Klinks|brn\n|-damage|p1a: Taro|73\/100|[from] Recoil\n|-damage|p1a: Taro|63\/100|[from] item: Life Orb\n|move|p2b: Aun|Brick Break|p1b: Among\n|-supereffective|p1b: Among\n|-damage|p1b: Among|65\/100\n|-damage|p2b: Aun|91\/100|[from] item: Life Orb\n|move|p1b: Among|Spore|p2b: Aun\n|-status|p2b: Aun|slp|[from] move: Spore\n|\n|-damage|p2a: Klinks|9\/100 brn|[from] brn\n|-ability|p1a: Taro|Speed Boost|boost\n|-boost|p1a: Taro|spe|1\n|upkeep\n|turn|2\n|\n|t:|1697938440\n|switch|p2b: Horny|Great Tusk|100\/100\n|move|p2a: Klinks|Protect|p2a: Klinks\n|-singleturn|p2a: Klinks|Protect\n|move|p1a: Taro|Flare Blitz|p2a: Klinks\n|-activate|p2a: Klinks|move: Protect\n|move|p1b: Among|Spore|p2a: Klinks\n|-activate|p2a: Klinks|move: Protect\n|\n|-damage|p2a: Klinks|3\/100 brn|[from] brn\n|-ability|p1a: Taro|Speed Boost|boost\n|-boost|p1a: Taro|spe|1\n|upkeep\n|turn|3\n|\n|t:|1697938477\n|-terastallize|p1a: Taro|Flying\n|move|p2a: Klinks|Light Screen|p2a: Klinks\n|-sidestart|p2: Datagne|move: Light Screen\n|move|p1a: Taro|Close Combat|p2b: Horny\n|-damage|p2b: Horny|64\/100\n|-unboost|p1a: Taro|def|1\n|-unboost|p1a: Taro|spd|1\n|-damage|p1a: Taro|53\/100|[from] item: Life Orb\n|move|p2b: Horny|Close Combat|p1b: Among\n|-supereffective|p1b: Among\n|-damage|p1b: Among|1\/100\n|-unboost|p2b: Horny|def|1\n|-unboost|p2b: Horny|spd|1\n|move|p1b: Among|Spore|p2b: Horny\n|-status|p2b: Horny|slp|[from] move: Spore\n|\n|-damage|p2a: Klinks|0 fnt|[from] brn\n|faint|p2a: Klinks\n|-ability|p1a: Taro|Speed Boost|boost\n|-boost|p1a: Taro|spe|1\n|upkeep\n|\n|t:|1697938496\n|switch|p2a: Limestone|Gigalith, M|100\/100\n|-weather|Sandstorm|[from] ability: Sand Stream|[of] p2a: Limestone\n|turn|4\n|c| Camdar|FRIENDS\n|\n|t:|1697938507\n|move|p1a: Taro|Detect|p1a: Taro\n|-singleturn|p1a: Taro|Protect\n|move|p2a: Limestone|Protect|p2a: Limestone\n|-singleturn|p2a: Limestone|Protect\n|cant|p2b: Horny|slp\n|move|p1b: Among|Spore|p2a: Limestone\n|-activate|p2a: Limestone|move: Protect\n|\n|-weather|Sandstorm|[upkeep]\n|-damage|p1a: Taro|47\/100|[from] Sandstorm\n|-damage|p1b: Among|0 fnt|[from] Sandstorm\n|faint|p1b: Among\n|-end|p1b: Among|Protosynthesis|[silent]\n|-ability|p1a: Taro|Speed Boost|boost\n|-boost|p1a: Taro|spe|1\n|upkeep\n|\n|t:|1697938523\n|switch|p1b: Crown|Arboliva, F|100\/100\n|turn|5\n|\n|t:|1697938536\n|switch|p1a: Shui-Long|Gyarados, M|100\/100\n|-ability|p1a: Shui-Long|Intimidate|boost\n|-unboost|p2a: Limestone|atk|1\n|-unboost|p2b: Horny|atk|1\n|cant|p2b: Horny|slp\n|move|p2a: Limestone|Rock Slide|p1a: Shui-Long|[spread] p1a,p1b\n|-supereffective|p1a: Shui-Long\n|-crit|p1a: Shui-Long\n|-damage|p1a: Shui-Long|17\/100\n|-damage|p1b: Crown|84\/100\n|cant|p1b: Crown|flinch\n|\n|-weather|Sandstorm|[upkeep]\n|-damage|p1a: Shui-Long|11\/100|[from] Sandstorm\n|-damage|p1b: Crown|78\/100|[from] Sandstorm\n|-heal|p1a: Shui-Long|17\/100|[from] item: Leftovers\n|upkeep\n|turn|6\n|c|\u2606Datagne|So it returns\n|\n|t:|1697938564\n|cant|p2b: Horny|slp\n|move|p1a: Shui-Long|Ice Fang|p2b: Horny\n|-supereffective|p2b: Horny\n|-damage|p2b: Horny|26\/100 slp\n|move|p2a: Limestone|Rock Slide|p1b: Crown|[spread] p1a,p1b\n|-supereffective|p1a: Shui-Long\n|-damage|p1a: Shui-Long|0 fnt\n|-damage|p1b: Crown|61\/100\n|faint|p1a: Shui-Long\n|move|p1b: Crown|Reflect|p1b: Crown\n|-sidestart|p1: Zelphalopod|Reflect\n|\n|-weather|Sandstorm|[upkeep]\n|-damage|p1b: Crown|55\/100|[from] Sandstorm\n|upkeep\n|\n|t:|1697938576\n|switch|p1a: Storm|Volcanion|100\/100\n|turn|7\n|\n|t:|1697938586\n|move|p2a: Limestone|Wide Guard|p2a: Limestone\n|-singleturn|p2a: Limestone|Wide Guard\n|-curestatus|p2b: Horny|slp|[msg]\n|move|p2b: Horny|Close Combat|p1b: Crown\n|-supereffective|p1b: Crown\n|-damage|p1b: Crown|5\/100\n|-unboost|p2b: Horny|def|1\n|-unboost|p2b: Horny|spd|1\n|-enditem|p1b: Crown|Sitrus Berry|[eat]\n|-heal|p1b: Crown|30\/100|[from] item: Sitrus Berry\n|move|p1a: Storm|Steam Eruption|p2b: Horny\n|-supereffective|p2b: Horny\n|-damage|p2b: Horny|0 fnt\n|faint|p2b: Horny\n|-end|p2b: Horny|Protosynthesis|[silent]\n|move|p1b: Crown|Leech Seed|p2a: Limestone\n|-start|p2a: Limestone|move: Leech Seed\n|\n|-weather|Sandstorm|[upkeep]\n|-damage|p1a: Storm|94\/100|[from] Sandstorm\n|-damage|p1b: Crown|24\/100|[from] Sandstorm\n|-damage|p2a: Limestone|88\/100|[from] Leech Seed|[of] p1b: Crown\n|-heal|p1b: Crown|37\/100|[silent]\n|upkeep\n|\n|t:|1697938604\n|switch|p2b: Aun|Kingambit, F|91\/100 slp\n|turn|8\n|\n|t:|1697938619\n|move|p2a: Limestone|Protect||[still]\n|-fail|p2a: Limestone\n|move|p1a: Storm|Flamethrower|p2b: Aun\n|-supereffective|p2b: Aun\n|-damage|p2b: Aun|23\/100 slp\n|cant|p2b: Aun|slp\n|move|p1b: Crown|Leech Seed|p2b: Aun\n|-start|p2b: Aun|move: Leech Seed\n|\n|-weather|Sandstorm|[upkeep]\n|-damage|p1a: Storm|88\/100|[from] Sandstorm\n|-damage|p1b: Crown|30\/100|[from] Sandstorm\n|-damage|p2b: Aun|11\/100 slp|[from] Leech Seed|[of] p1b: Crown\n|-heal|p1b: Crown|44\/100|[silent]\n|-damage|p2a: Limestone|76\/100|[from] Leech Seed|[of] p1b: Crown\n|-heal|p1b: Crown|57\/100|[silent]\n|-sideend|p2: Datagne|Reflect\n|upkeep\n|turn|9\n|\n|t:|1697938638\n|move|p2a: Limestone|Wide Guard|p2a: Limestone\n|-singleturn|p2a: Limestone|Wide Guard\n|move|p1a: Storm|Steam Eruption|p2a: Limestone\n|-supereffective|p2a: Limestone\n|-damage|p2a: Limestone|38\/100\n|cant|p2b: Aun|slp\n|move|p1b: Crown|Strength Sap|p2a: Limestone\n|-unboost|p2a: Limestone|atk|1\n|-heal|p1b: Crown|100\/100\n|\n|-weather|Sandstorm|[upkeep]\n|-damage|p1a: Storm|82\/100|[from] Sandstorm\n|-damage|p1b: Crown|94\/100|[from] Sandstorm\n|-damage|p2b: Aun|0 fnt|[from] Leech Seed|[of] p1b: Crown\n|-heal|p1b: Crown|100\/100|[silent]\n|faint|p2b: Aun\n|-damage|p2a: Limestone|26\/100|[from] Leech Seed|[of] p1b: Crown\n|-item|p1b: Crown|Sitrus Berry|[from] ability: Harvest\n|upkeep\n|\n|t:|1697938656\n|switch|p2b: Tortle|Enamorus-Therian, F|100\/100\n|turn|10\n|\n|t:|1697938665\n|move|p1a: Storm|Steam Eruption|p2b: Tortle\n|-damage|p2b: Tortle|64\/100\n|move|p2b: Tortle|Earth Power|p1a: Storm\n|-supereffective|p1a: Storm\n|-damage|p1a: Storm|34\/100\n|move|p2a: Limestone|Rock Slide|p1b: Crown|[spread] p1a,p1b\n|-supereffective|p1a: Storm\n|-damage|p1a: Storm|21\/100\n|-damage|p1b: Crown|92\/100\n|move|p1b: Crown|Leech Seed|p2b: Tortle\n|-start|p2b: Tortle|move: Leech Seed\n|\n|-weather|Sandstorm|[upkeep]\n|-damage|p1a: Storm|15\/100|[from] Sandstorm\n|-damage|p1b: Crown|85\/100|[from] Sandstorm\n|-heal|p2b: Tortle|71\/100|[from] item: Leftovers\n|-damage|p2b: Tortle|58\/100|[from] Leech Seed|[of] p1b: Crown\n|-heal|p1b: Crown|98\/100|[silent]\n|-damage|p2a: Limestone|14\/100|[from] Leech Seed|[of] p1b: Crown\n|-heal|p1b: Crown|100\/100|[silent]\n|-sideend|p1: Zelphalopod|Reflect\n|-sideend|p2: Datagne|move: Light Screen\n|upkeep\n|turn|11\n|\n|t:|1697938691\n|move|p2a: Limestone|Protect|p2a: Limestone\n|-singleturn|p2a: Limestone|Protect\n|move|p1a: Storm|Steam Eruption|p2b: Tortle\n|-damage|p2b: Tortle|0 fnt\n|faint|p2b: Tortle\n|move|p1b: Crown|Reflect|p1b: Crown\n|-sidestart|p1: Zelphalopod|Reflect\n|\n|-weather|none\n|-damage|p2a: Limestone|2\/100|[from] Leech Seed|[of] p1b: Crown\n|upkeep\n|\n|t:|1697938699\n|switch|p2b: Fren|Clodsire, F|100\/100\n|turn|12\n|\n|t:|1697938709\n|move|p2a: Limestone|Wide Guard|p2a: Limestone\n|-singleturn|p2a: Limestone|Wide Guard\n|move|p1a: Storm|Earth Power|p2b: Fren\n|-supereffective|p2b: Fren\n|-damage|p2b: Fren|63\/100\n|move|p1b: Crown|Grass Knot|p2b: Fren\n|-damage|p2b: Fren|33\/100\n|move|p2b: Fren|Toxic|p1b: Crown\n|-status|p1b: Crown|tox\n|\n|-heal|p2b: Fren|40\/100|[from] item: Black Sludge\n|-damage|p2a: Limestone|0 fnt|[from] Leech Seed|[of] p1b: Crown\n|faint|p2a: Limestone\n|-damage|p1b: Crown|94\/100 tox|[from] psn\n|upkeep\n|turn|13\n|\n|t:|1697938732\n|move|p1a: Storm|Earth Power|p2b: Fren\n|-supereffective|p2b: Fren\n|-damage|p2b: Fren|8\/100\n|move|p1b: Crown|Leech Seed|p2b: Fren\n|-start|p2b: Fren|move: Leech Seed\n|move|p2b: Fren|Earth Power|p1a: Storm\n|-supereffective|p1a: Storm\n|-damage|p1a: Storm|0 fnt\n|faint|p1a: Storm\n|\n|-heal|p2b: Fren|14\/100|[from] item: Black Sludge\n|-damage|p2b: Fren|2\/100|[from] Leech Seed|[of] p1b: Crown\n|-heal|p1b: Crown|100\/100 tox|[silent]\n|-damage|p1b: Crown|88\/100 tox|[from] psn\n|upkeep\n|\n|t:|1697938746\n|switch|p1a: Taro|Blaziken, M, tera:Flying|47\/100\n|turn|14\n|\n|t:|1697938755\n|move|p1a: Taro|Close Combat|p2b: Fren\n|-resisted|p2b: Fren\n|-damage|p2b: Fren|0 fnt\n|-unboost|p1a: Taro|def|1\n|-unboost|p1a: Taro|spd|1\n|faint|p2b: Fren\n|-damage|p1a: Taro|37\/100|[from] item: Life Orb\n|\n|win|Zelphalopod\n","uploadtime":1697938763,"views":14,"p1id":"zelphalopod","p2id":"datagne","formatid":"gen9nationaldexdoubles","rating":0,"private":0,"password":""}