{"id":"gen9nationaldexdoubles-1955477685","p1":"ButterDeButtery","p2":"Kinglid","format":"[Gen 9] National Dex Doubles","log":"|j|\u2606ButterDeButtery\n|j|\u2606Kinglid\n|t:|1696001319\n|gametype|doubles\n|player|p1|ButterDeButtery|waitress|1178\n|player|p2|Kinglid|dancer|1086\n|teamsize|p1|6\n|teamsize|p2|6\n|gen|9\n|tier|[Gen 9] National Dex Doubles\n|rated|\n|rule|HP Percentage Mod: HP is shown in percentages\n|rule|Endless Battle Clause: Forcing endless battles is banned\n|rule|OHKO Clause: OHKO moves are banned\n|rule|Evasion Moves Clause: Evasion moves are banned\n|rule|Evasion Abilities Clause: Evasion abilities are banned\n|rule|Species Clause: Limit one of each Pok\u00e9mon\n|rule|Gravity Sleep Clause: The combination of sleep-inducing moves with imperfect accuracy and Gravity or Gigantamax Orbeetle are banned\n|clearpoke\n|poke|p1|Cyclizar, M|\n|poke|p1|Sneasler, F|\n|poke|p1|Dragonite, F|\n|poke|p1|Chesnaught, F|\n|poke|p1|Goodra-Hisui, F|\n|poke|p1|Murkrow, F|\n|poke|p2|Golisopod, M|\n|poke|p2|Manectric, F|\n|poke|p2|Ceruledge, M|\n|poke|p2|Tsareena, F|\n|poke|p2|Garchomp, M|\n|poke|p2|Togekiss, F|\n|teampreview\n|\n|t:|1696001333\n|start\n|switch|p1a: Goodra|Goodra-Hisui, F|100\/100\n|switch|p1b: Dragonite|Dragonite, F|100\/100\n|switch|p2a: Golisopod|Golisopod, M|100\/100\n|switch|p2b: Manectric|Manectric, F|100\/100\n|-item|p2b: Manectric|Air Balloon\n|turn|1\n|\n|t:|1696001352\n|move|p2a: Golisopod|First Impression|p1b: Dragonite\n|-resisted|p1b: Dragonite\n|-damage|p1b: Dragonite|89\/100\n|move|p2b: Manectric|Thunderbolt|p1b: Dragonite\n|-damage|p1b: Dragonite|56\/100\n|move|p1b: Dragonite|Rock Slide|p2a: Golisopod|[spread] p2a,p2b\n|-supereffective|p2a: Golisopod\n|-damage|p2a: Golisopod|61\/100\n|-damage|p2b: Manectric|61\/100\n|-enditem|p2b: Manectric|Air Balloon\n|move|p1a: Goodra|Dragon Pulse|p2b: Manectric\n|-damage|p2b: Manectric|0 fnt\n|faint|p2b: Manectric\n|\n|-heal|p1b: Dragonite|62\/100|[from] item: Leftovers\n|upkeep\n|\n|t:|1696001370\n|switch|p2b: Togekiss|Togekiss, F|100\/100\n|turn|2\n|\n|t:|1696001393\n|move|p2a: Golisopod|Sucker Punch|p1a: Goodra\n|-damage|p1a: Goodra|77\/100\n|move|p2b: Togekiss|Dazzling Gleam|p1b: Dragonite|[spread] p1a,p1b\n|-supereffective|p1b: Dragonite\n|-damage|p1a: Goodra|64\/100\n|-damage|p1b: Dragonite|0 fnt\n|faint|p1b: Dragonite\n|move|p1a: Goodra|Flash Cannon|p2b: Togekiss\n|-supereffective|p2b: Togekiss\n|-damage|p2b: Togekiss|17\/100\n|\n|upkeep\n|\n|t:|1696001402\n|switch|p1b: Sneasler|Sneasler, F|100\/100\n|turn|3\n|\n|t:|1696001417\n|move|p1b: Sneasler|Fake Out|p2b: Togekiss\n|-damage|p2b: Togekiss|0 fnt\n|faint|p2b: Togekiss\n|move|p2a: Golisopod|Sucker Punch|p1a: Goodra\n|-damage|p1a: Goodra|43\/100\n|move|p1a: Goodra|Dragon Pulse|p2a: Golisopod\n|-damage|p2a: Golisopod|15\/100\n|-activate|p2a: Golisopod|ability: Emergency Exit\n|\n|t:|1696001434\n|switch|p2a: Ceruledge|Ceruledge, M|100\/100\n|\n|upkeep\n|\n|t:|1696001437\n|switch|p2b: Golisopod|Golisopod, M|15\/100\n|turn|4\n|\n|t:|1696001447\n|move|p2b: Golisopod|First Impression|p1b: Sneasler\n|-resisted|p1b: Sneasler\n|-damage|p1b: Sneasler|76\/100\n|move|p1b: Sneasler|Dire Claw|p2b: Golisopod\n|-damage|p2b: Golisopod|0 fnt\n|faint|p2b: Golisopod\n|move|p2a: Ceruledge|Bitter Blade|p1b: Sneasler\n|-damage|p1b: Sneasler|0 fnt\n|faint|p1b: Sneasler\n|move|p1a: Goodra|Hydro Pump|p2a: Ceruledge\n|-supereffective|p2a: Ceruledge\n|-damage|p2a: Ceruledge|8\/100\n|-enditem|p2a: Ceruledge|Weakness Policy\n|-boost|p2a: Ceruledge|atk|2|[from] item: Weakness Policy\n|-boost|p2a: Ceruledge|spa|2|[from] item: Weakness Policy\n|\n|upkeep\n|\n|t:|1696001465\n|switch|p1b: Murkrow|Murkrow, F|100\/100\n|switch|p2b: Tsareena|Tsareena, F|100\/100\n|turn|5\n|\n|t:|1696001475\n|move|p1b: Murkrow|Haze|p1b: Murkrow\n|-clearallboost\n|move|p2a: Ceruledge|Bitter Blade|p1a: Goodra\n|-damage|p1a: Goodra|0 fnt\n|-heal|p2a: Ceruledge|35\/100|[from] drain|[of] p1a: Goodra\n|faint|p1a: Goodra\n|move|p2b: Tsareena|Triple Axel|p1b: Murkrow\n|-supereffective|p1b: Murkrow\n|-damage|p1b: Murkrow|83\/100\n|-supereffective|p1b: Murkrow\n|-damage|p1b: Murkrow|50\/100\n|-supereffective|p1b: Murkrow\n|-damage|p1b: Murkrow|1\/100\n|-hitcount|p1b: Murkrow|3\n|\n|upkeep\n|\n|t:|1696001488\n|switch|p1a: Cyclizar|Cyclizar, M|100\/100\n|turn|6\n|\n|t:|1696001500\n|move|p1a: Cyclizar|Shed Tail|p1a: Cyclizar\n|-start|p1a: Cyclizar|Substitute|[from] move: Shed Tail\n|-damage|p1a: Cyclizar|50\/100\n|-enditem|p1a: Cyclizar|Sitrus Berry|[eat]\n|-heal|p1a: Cyclizar|75\/100|[from] item: Sitrus Berry\n|inactive|Battle timer is ON: inactive players will automatically lose when time's up. (requested by Kinglid)\n|\n|t:|1696001571\n|switch|p1a: Chesnaught|Chesnaught, F|100\/100|[from] Shed Tail\n|move|p2a: Ceruledge|Bitter Blade|p1b: Murkrow\n|-damage|p1b: Murkrow|0 fnt\n|-heal|p2a: Ceruledge|36\/100|[from] drain|[of] p1b: Murkrow\n|faint|p1b: Murkrow\n|move|p2b: Tsareena|Triple Axel|p1a: Chesnaught|[miss]\n|-miss|p2b: Tsareena|p1a: Chesnaught\n|\n|upkeep\n|\n|t:|1696001573\n|switch|p1b: Cyclizar|Cyclizar, M|100\/100\n|turn|7\n|\n|t:|1696001591\n|move|p1b: Cyclizar|Knock Off|p2b: Tsareena\n|-damage|p2b: Tsareena|78\/100\n|-enditem|p2b: Tsareena|Red Card|[from] move: Knock Off|[of] p1b: Cyclizar\n|move|p2a: Ceruledge|Bitter Blade|p1a: Chesnaught\n|-supereffective|p1a: Chesnaught\n|-end|p1a: Chesnaught|Substitute\n|-heal|p2a: Ceruledge|50\/100|[from] drain|[of] p1a: Chesnaught\n|move|p2b: Tsareena|Triple Axel|p1b: Cyclizar|[miss]\n|-miss|p2b: Tsareena|p1b: Cyclizar\n|move|p1a: Chesnaught|Leech Seed|p2a: Ceruledge\n|-start|p2a: Ceruledge|move: Leech Seed\n|\n|-damage|p2a: Ceruledge|38\/100|[from] Leech Seed|[of] p1a: Chesnaught\n|upkeep\n|turn|8\n|inactive|ButterDeButtery has 120 seconds left.\n|\n|t:|1696001625\n|move|p1a: Chesnaught|Spiky Shield|p1a: Chesnaught\n|-singleturn|p1a: Chesnaught|move: Protect\n|move|p1b: Cyclizar|Rapid Spin|p2b: Tsareena\n|-damage|p2b: Tsareena|60\/100\n|-boost|p1b: Cyclizar|spe|1\n|move|p2a: Ceruledge|Bitter Blade|p1a: Chesnaught\n|-activate|p1a: Chesnaught|move: Protect\n|-damage|p2a: Ceruledge|26\/100|[from] Spiky Shield|[of] p1a: Chesnaught\n|move|p2b: Tsareena|High Jump Kick|p1b: Cyclizar\n|-supereffective|p1b: Cyclizar\n|-damage|p1b: Cyclizar|0 fnt\n|faint|p1b: Cyclizar\n|\n|-damage|p2a: Ceruledge|13\/100|[from] Leech Seed|[of] p1a: Chesnaught\n|upkeep\n|turn|9\n|\n|t:|1696001644\n|-terastallize|p1a: Chesnaught|Rock\n|move|p2a: Ceruledge|Bitter Blade|p1a: Chesnaught\n|-resisted|p1a: Chesnaught\n|-damage|p1a: Chesnaught|87\/100\n|-heal|p2a: Ceruledge|22\/100|[from] drain|[of] p1a: Chesnaught\n|move|p2b: Tsareena|Acrobatics|p1a: Chesnaught\n|-resisted|p1a: Chesnaught\n|-damage|p1a: Chesnaught|78\/100\n|move|p1a: Chesnaught|Rock Slide|p2b: Tsareena|[spread] p2a,p2b\n|-supereffective|p2a: Ceruledge\n|-damage|p2a: Ceruledge|0 fnt\n|-damage|p2b: Tsareena|39\/100\n|faint|p2a: Ceruledge\n|\n|-heal|p1a: Chesnaught|84\/100|[from] item: Leftovers\n|upkeep\n|\n|t:|1696001657\n|switch|p2a: Garchomp|Garchomp, M|100\/100\n|turn|10\n|\n|t:|1696001674\n|move|p2a: Garchomp|Dragon Claw|p1a: Chesnaught\n|-damage|p1a: Chesnaught|65\/100\n|move|p2b: Tsareena|Triple Axel|p1a: Chesnaught\n|-damage|p1a: Chesnaught|61\/100\n|-damage|p1a: Chesnaught|54\/100\n|-damage|p1a: Chesnaught|44\/100\n|-hitcount|p1a: Chesnaught|3\n|move|p1a: Chesnaught|Leech Seed|p2a: Garchomp\n|-start|p2a: Garchomp|move: Leech Seed\n|\n|-heal|p1a: Chesnaught|50\/100|[from] item: Leftovers\n|-damage|p2a: Garchomp|88\/100|[from] Leech Seed|[of] p1a: Chesnaught\n|-heal|p1a: Chesnaught|61\/100|[silent]\n|upkeep\n|turn|11\n|\n|t:|1696001694\n|move|p1a: Chesnaught|Spiky Shield|p1a: Chesnaught\n|-singleturn|p1a: Chesnaught|move: Protect\n|move|p2a: Garchomp|Dragon Claw|p1a: Chesnaught\n|-activate|p1a: Chesnaught|move: Protect\n|-damage|p2a: Garchomp|76\/100|[from] Spiky Shield|[of] p1a: Chesnaught\n|move|p2b: Tsareena|High Jump Kick|p1a: Chesnaught\n|-activate|p1a: Chesnaught|move: Protect\n|-damage|p2b: Tsareena|26\/100|[from] Spiky Shield|[of] p1a: Chesnaught\n|-damage|p2b: Tsareena|0 fnt|[from] highjumpkick\n|faint|p2b: Tsareena\n|\n|-heal|p1a: Chesnaught|67\/100|[from] item: Leftovers\n|-damage|p2a: Garchomp|64\/100|[from] Leech Seed|[of] p1a: Chesnaught\n|-heal|p1a: Chesnaught|79\/100|[silent]\n|upkeep\n|turn|12\n|\n|t:|1696001710\n|move|p2a: Garchomp|Earthquake|p1a: Chesnaught\n|-supereffective|p1a: Chesnaught\n|-damage|p1a: Chesnaught|33\/100\n|move|p1a: Chesnaught|Rock Slide|p2a: Garchomp\n|-resisted|p2a: Garchomp\n|-damage|p2a: Garchomp|53\/100\n|\n|-heal|p1a: Chesnaught|39\/100|[from] item: Leftovers\n|-damage|p2a: Garchomp|40\/100|[from] Leech Seed|[of] p1a: Chesnaught\n|-heal|p1a: Chesnaught|50\/100|[silent]\n|upkeep\n|turn|13\n|\n|t:|1696001718\n|move|p1a: Chesnaught|Wide Guard|p1a: Chesnaught\n|-singleturn|p1a: Chesnaught|Wide Guard\n|move|p2a: Garchomp|Earthquake|p1a: Chesnaught\n|-activate|p1a: Chesnaught|move: Wide Guard\n|\n|-heal|p1a: Chesnaught|56\/100|[from] item: Leftovers\n|-damage|p2a: Garchomp|28\/100|[from] Leech Seed|[of] p1a: Chesnaught\n|-heal|p1a: Chesnaught|68\/100|[silent]\n|upkeep\n|turn|14\n|\n|t:|1696001725\n|move|p1a: Chesnaught|Wide Guard|p1a: Chesnaught\n|-singleturn|p1a: Chesnaught|Wide Guard\n|move|p2a: Garchomp|Earthquake|p1a: Chesnaught\n|-activate|p1a: Chesnaught|move: Wide Guard\n|\n|-heal|p1a: Chesnaught|74\/100|[from] item: Leftovers\n|-damage|p2a: Garchomp|16\/100|[from] Leech Seed|[of] p1a: Chesnaught\n|-heal|p1a: Chesnaught|85\/100|[silent]\n|upkeep\n|turn|15\n|\n|t:|1696001733\n|move|p1a: Chesnaught|Wide Guard|p1a: Chesnaught\n|-singleturn|p1a: Chesnaught|Wide Guard\n|move|p2a: Garchomp|Earthquake|p1a: Chesnaught\n|-activate|p1a: Chesnaught|move: Wide Guard\n|\n|-heal|p1a: Chesnaught|92\/100|[from] item: Leftovers\n|-damage|p2a: Garchomp|3\/100|[from] Leech Seed|[of] p1a: Chesnaught\n|-heal|p1a: Chesnaught|100\/100|[silent]\n|upkeep\n|turn|16\n|\n|t:|1696001743\n|move|p1a: Chesnaught|Wide Guard|p1a: Chesnaught\n|-singleturn|p1a: Chesnaught|Wide Guard\n|move|p2a: Garchomp|Earthquake|p1a: Chesnaught\n|-activate|p1a: Chesnaught|move: Wide Guard\n|\n|-damage|p2a: Garchomp|0 fnt|[from] Leech Seed|[of] p1a: Chesnaught\n|faint|p2a: Garchomp\n|\n|win|ButterDeButtery\n|upkeep\n|raw|ButterDeButtery's rating: 1167 &rarr; <strong>1186<\/strong><br \/>(+19 for winning)\n|raw|Kinglid's rating: 1086 &rarr; <strong>1068<\/strong><br \/>(-18 for losing)\n|l|\u2606Kinglid\n","uploadtime":1696001751,"views":5,"p1id":"butterdebuttery","p2id":"kinglid","formatid":"gen9nationaldexdoubles","rating":1068,"private":0,"password":""}