{"id":"gen9nationaldexdoubles-1983863752","p1":"Datagne","p2":"Camdar","format":"[Gen 9] National Dex Doubles","log":"|j|\u2606Datagne\n|j|\u2606Camdar\n|t:|1699193388\n|gametype|doubles\n|player|p1|Datagne|will|\n|player|p2|Camdar|hilda|\n|teamsize|p1|6\n|teamsize|p2|6\n|gen|9\n|tier|[Gen 9] National Dex Doubles\n|rule|HP Percentage Mod: HP is shown in percentages\n|rule|Endless Battle Clause: Forcing endless battles is banned\n|rule|OHKO Clause: OHKO moves are banned\n|rule|Evasion Moves Clause: Evasion moves are banned\n|rule|Evasion Abilities Clause: Evasion abilities are banned\n|rule|Species Clause: Limit one of each Pok\u00e9mon\n|rule|Gravity Sleep Clause: The combination of sleep-inducing moves with imperfect accuracy and Gravity or Gigantamax Orbeetle are banned\n|clearpoke\n|poke|p1|Kingambit, M|\n|poke|p1|Enamorus-Therian, F|\n|poke|p1|Klefki, F|\n|poke|p1|Gigalith, F|\n|poke|p1|Great Tusk|\n|poke|p1|Overqwil, M|\n|poke|p2|Gholdengo|\n|poke|p2|Zapdos|\n|poke|p2|Garchomp, F|\n|poke|p2|Clefable, M|\n|poke|p2|Baxcalibur, F|\n|poke|p2|Vivillon-Sandstorm, M|\n|teampreview\n|j| SgtSmilies\n|\n|t:|1699193403\n|start\n|switch|p1a: Horny|Great Tusk|100\/100\n|switch|p1b: Spiny|Overqwil, M|100\/100\n|switch|p2a: 1st stringer|Gholdengo|100\/100\n|switch|p2b: viv-sandstorm|Vivillon-Sandstorm, M|100\/100\n|-ability|p1b: Spiny|Intimidate|boost\n|-unboost|p2a: 1st stringer|atk|1\n|-unboost|p2b: viv-sandstorm|atk|1\n|turn|1\n|\n|t:|1699193419\n|move|p1a: Horny|Rock Slide|p2a: 1st stringer|[spread] p2a\n|-miss|p1a: Horny|p2b: viv-sandstorm\n|-resisted|p2a: 1st stringer\n|-damage|p2a: 1st stringer|93\/100\n|move|p2a: 1st stringer|Make It Rain|p1a: Horny|[spread] p1a,p1b\n|-damage|p1a: Horny|27\/100\n|-damage|p1b: Spiny|20\/100\n|-unboost|p2a: 1st stringer|spa|1\n|move|p2b: viv-sandstorm|Tailwind|p2b: viv-sandstorm\n|-sidestart|p2: Camdar|move: Tailwind\n|move|p1b: Spiny|Taunt|p2b: viv-sandstorm\n|-start|p2b: viv-sandstorm|move: Taunt\n|\n|-heal|p1b: Spiny|27\/100|[from] item: Leftovers\n|upkeep\n|turn|2\n|\n|t:|1699193438\n|switch|p2b: still the best|Garchomp, F|100\/100\n|move|p1b: Spiny|Protect|p1b: Spiny\n|-singleturn|p1b: Spiny|Protect\n|move|p2a: 1st stringer|Make It Rain|p1b: Spiny|[spread] p1a\n|-activate|p1b: Spiny|move: Protect\n|-damage|p1a: Horny|0 fnt\n|-unboost|p2a: 1st stringer|spa|1\n|faint|p1a: Horny\n|-end|p1a: Horny|Protosynthesis|[silent]\n|\n|-heal|p1b: Spiny|33\/100|[from] item: Leftovers\n|upkeep\n|\n|t:|1699193462\n|switch|p1a: Aun|Kingambit, M|100\/100\n|turn|3\n|\n|t:|1699193481\n|switch|p2a: viv-sandstorm|Vivillon-Sandstorm, M|100\/100\n|switch|p1b: Tortle|Enamorus-Therian, F|100\/100\n|move|p1a: Aun|Protect|p1a: Aun\n|-singleturn|p1a: Aun|Protect\n|move|p2b: still the best|Earthquake|p1b: Tortle|[spread] \n|-activate|p1a: Aun|move: Protect\n|-immune|p2a: viv-sandstorm\n|-immune|p1b: Tortle\n|\n|upkeep\n|turn|4\n|\n|t:|1699193507\n|switch|p2b: the fire nation|Zapdos|100\/100\n|move|p1a: Aun|Sucker Punch||[still]\n|-fail|p1a: Aun\n|move|p2a: viv-sandstorm|Stun Spore|p1b: Tortle\n|-immune|p1b: Tortle|[from] ability: Overcoat\n|move|p1b: Tortle|Springtide Storm|p2b: the fire nation|[spread] p2b\n|-miss|p1b: Tortle|p2a: viv-sandstorm\n|-damage|p2b: the fire nation|68\/100\n|\n|-sideend|p2: Camdar|move: Tailwind\n|upkeep\n|turn|5\n|\n|t:|1699193537\n|move|p1a: Aun|Protect|p1a: Aun\n|-singleturn|p1a: Aun|Protect\n|move|p2a: viv-sandstorm|Defog|p1b: Tortle\n|-unboost|p1b: Tortle|evasion|1\n|move|p2b: the fire nation|Roost|p2b: the fire nation\n|-heal|p2b: the fire nation|100\/100\n|-singleturn|p2b: the fire nation|move: Roost\n|move|p1b: Tortle|Springtide Storm|p2b: the fire nation|[spread] p2a,p2b\n|-damage|p2a: viv-sandstorm|26\/100\n|-damage|p2b: the fire nation|67\/100\n|-unboost|p2a: viv-sandstorm|atk|1\n|\n|upkeep\n|turn|6\n|\n|t:|1699193556\n|switch|p1a: Jingles|Klefki, F|100\/100\n|move|p2a: viv-sandstorm|Stun Spore|p1a: Jingles\n|-status|p1a: Jingles|par\n|move|p2b: the fire nation|Roost|p2b: the fire nation\n|-heal|p2b: the fire nation|100\/100\n|-singleturn|p2b: the fire nation|move: Roost\n|move|p1b: Tortle|Springtide Storm|p2b: the fire nation|[spread] p2a\n|-miss|p1b: Tortle|p2b: the fire nation\n|-damage|p2a: viv-sandstorm|0 fnt\n|faint|p2a: viv-sandstorm\n|\n|upkeep\n|\n|t:|1699193568\n|switch|p2a: smilies tech|Baxcalibur, F|100\/100\n|turn|7\n|\n|t:|1699193577\n|move|p2a: smilies tech|Ice Shard|p1b: Tortle\n|-supereffective|p1b: Tortle\n|-damage|p1b: Tortle|52\/100\n|move|p2b: the fire nation|Thunder|p1b: Tortle\n|-supereffective|p1b: Tortle\n|-damage|p1b: Tortle|0 fnt\n|faint|p1b: Tortle\n|move|p1a: Jingles|Trick Room|p1a: Jingles\n|-fieldstart|move: Trick Room|[of] p1a: Jingles\n|\n|upkeep\n|\n|t:|1699193586\n|switch|p1b: Limestone|Gigalith, F|100\/100\n|-weather|Sandstorm|[from] ability: Sand Stream|[of] p1b: Limestone\n|turn|8\n|\n|t:|1699193597\n|switch|p2b: still the best|Garchomp, F|100\/100\n|-terastallize|p2a: smilies tech|Dragon\n|cant|p1a: Jingles|par\n|move|p1b: Limestone|Rock Slide|p2b: still the best|[spread] p2a,p2b\n|-resisted|p2b: still the best\n|-damage|p2a: smilies tech|56\/100\n|-damage|p2b: still the best|74\/100\n|cant|p2a: smilies tech|flinch\n|\n|-weather|Sandstorm|[upkeep]\n|-damage|p2a: smilies tech|50\/100|[from] Sandstorm\n|upkeep\n|turn|9\n|\n|t:|1699193622\n|switch|p2a: the fire nation|Zapdos|100\/100\n|-terastallize|p1b: Limestone|Rock\n|move|p1a: Jingles|Light Screen|p1a: Jingles\n|-sidestart|p1: Datagne|move: Light Screen\n|move|p1b: Limestone|Rock Slide|p2a: the fire nation|[spread] p2a,p2b\n|-supereffective|p2a: the fire nation\n|-resisted|p2b: still the best\n|-damage|p2a: the fire nation|0 fnt\n|-damage|p2b: still the best|39\/100\n|faint|p2a: the fire nation\n|move|p2b: still the best|Earthquake|p1b: Limestone|[spread] p1a,p1b\n|-supereffective|p1a: Jingles\n|-supereffective|p1b: Limestone\n|-damage|p1a: Jingles|34\/100 par\n|-damage|p1b: Limestone|42\/100\n|\n|-weather|Sandstorm|[upkeep]\n|upkeep\n|\n|t:|1699193635\n|switch|p2a: blob|Clefable, M|100\/100\n|turn|10\n|\n|t:|1699193655\n|move|p2b: still the best|Protect|p2b: still the best\n|-singleturn|p2b: still the best|Protect\n|move|p1b: Limestone|Rock Slide|p2a: blob|[spread] p2a\n|-activate|p2b: still the best|move: Protect\n|-damage|p2a: blob|33\/100\n|move|p1a: Jingles|Foul Play|p2b: still the best\n|-activate|p2b: still the best|move: Protect\n|move|p2a: blob|Moonblast|p1b: Limestone\n|-damage|p1b: Limestone|27\/100\n|\n|-weather|Sandstorm|[upkeep]\n|-heal|p2a: blob|39\/100|[from] item: Leftovers\n|upkeep\n|turn|11\n|\n|t:|1699193690\n|move|p1b: Limestone|Rock Slide|p2b: still the best|[spread] p2a,p2b\n|-resisted|p2b: still the best\n|-damage|p2a: blob|0 fnt\n|-damage|p2b: still the best|6\/100\n|faint|p2a: blob\n|move|p1a: Jingles|Foul Play|p2b: still the best\n|-damage|p2b: still the best|0 fnt\n|-damage|p1a: Jingles|22\/100 par|[from] ability: Rough Skin|[of] p2b: still the best\n|faint|p2b: still the best\n|\n|-weather|Sandstorm|[upkeep]\n|-fieldend|move: Trick Room\n|upkeep\n|\n|t:|1699193700\n|switch|p2b: smilies tech|Baxcalibur, F, tera:Dragon|50\/100\n|switch|p2a: 1st stringer|Gholdengo|93\/100\n|turn|12\n|\n|t:|1699193715\n|switch|p1b: Spiny|Overqwil, M|33\/100\n|-ability|p1b: Spiny|Intimidate|boost\n|-unboost|p2a: 1st stringer|atk|1\n|-unboost|p2b: smilies tech|atk|1\n|move|p2b: smilies tech|Ice Shard|p1b: Spiny\n|-damage|p1b: Spiny|15\/100\n|move|p2a: 1st stringer|Trick|p1a: Jingles\n|-activate|p2a: 1st stringer|move: Trick|[of] p1a: Jingles\n|-item|p1a: Jingles|Choice Scarf|[from] move: Trick\n|-item|p2a: 1st stringer|Light Clay|[from] move: Trick\n|move|p1a: Jingles|Trick Room|p1a: Jingles\n|-fieldstart|move: Trick Room|[of] p1a: Jingles\n|\n|-weather|none\n|-heal|p1b: Spiny|21\/100|[from] item: Leftovers\n|upkeep\n|turn|13\n|\n|t:|1699193740\n|switch|p1a: Aun|Kingambit, M|100\/100\n|move|p2a: 1st stringer|Protect|p2a: 1st stringer\n|-singleturn|p2a: 1st stringer|Protect\n|move|p2b: smilies tech|Scale Shot|p1b: Spiny\n|-damage|p1b: Spiny|4\/100\n|-damage|p1b: Spiny|0 fnt\n|faint|p1b: Spiny\n|-hitcount|p1: Spiny|2\n|-unboost|p2b: smilies tech|def|1\n|-boost|p2b: smilies tech|spe|1\n|\n|upkeep\n|\n|t:|1699193751\n|switch|p1b: Limestone|Gigalith, F, tera:Rock|27\/100\n|-weather|Sandstorm|[from] ability: Sand Stream|[of] p1b: Limestone\n|turn|14\n|\n|t:|1699193761\n|move|p2b: smilies tech|Ice Shard|p1b: Limestone\n|-damage|p1b: Limestone|15\/100\n|move|p1b: Limestone|Rock Slide|p2b: smilies tech|[spread] p2a,p2b\n|-resisted|p2a: 1st stringer\n|-damage|p2a: 1st stringer|54\/100\n|-damage|p2b: smilies tech|0 fnt\n|faint|p2b: smilies tech\n|move|p1a: Aun|Kowtow Cleave|p2a: 1st stringer\n|-supereffective|p2a: 1st stringer\n|-damage|p2a: 1st stringer|0 fnt\n|faint|p2a: 1st stringer\n|-damage|p1a: Aun|91\/100|[from] item: Life Orb\n|\n|win|Datagne\n|l|\u2606Datagne\n|j|\u2606Datagne\n|player|p1|Datagne|will\n","uploadtime":1699193806,"views":8,"p1id":"datagne","p2id":"camdar","formatid":"gen9nationaldexdoubles","rating":0,"private":0,"password":""}