{"id":"gen9nationaldexdoubles-1989685925","p1":"Champion Bean","p2":"nicokino","format":"[Gen 9] National Dex Doubles","log":"|j|\u2606Champion Bean\n|j|\u203dnicokino\n|t:|1699886772\n|gametype|doubles\n|player|p1|Champion Bean|kukui|1306\n|player|p2|nicokino|2|1289\n|teamsize|p1|6\n|teamsize|p2|6\n|gen|9\n|tier|[Gen 9] National Dex Doubles\n|rated|\n|rule|HP Percentage Mod: HP is shown in percentages\n|rule|Endless Battle Clause: Forcing endless battles is banned\n|rule|OHKO Clause: OHKO moves are banned\n|rule|Evasion Moves Clause: Evasion moves are banned\n|rule|Evasion Abilities Clause: Evasion abilities are banned\n|rule|Species Clause: Limit one of each Pok\u00e9mon\n|rule|Gravity Sleep Clause: The combination of sleep-inducing moves with imperfect accuracy and Gravity or Gigantamax Orbeetle are banned\n|clearpoke\n|poke|p1|Indeedee-F, F|\n|poke|p1|Hatterene, F|\n|poke|p1|Swampert, M|\n|poke|p1|Pelipper, F|\n|poke|p1|Cresselia, F|\n|poke|p1|Urshifu-*, M|\n|poke|p2|Torkoal, M|\n|poke|p2|Camerupt, F|\n|poke|p2|Lilligant-Hisui, F|\n|poke|p2|Flutter Mane|\n|poke|p2|Cresselia, F|\n|poke|p2|Ninetales, F|\n|teampreview\n|inactive|Battle timer is ON: inactive players will automatically lose when time's up. (requested by Champion Bean)\n|\n|t:|1699886796\n|start\n|switch|p1a: Indeedee|Indeedee-F, F|100\/100\n|switch|p1b: Hatterene|Hatterene, F|100\/100\n|switch|p2a: Flutter Mane|Flutter Mane|100\/100\n|switch|p2b: Ninetales|Ninetales, F|100\/100\n|-weather|SunnyDay|[from] ability: Drought|[of] p2b: Ninetales\n|-activate|p2a: Flutter Mane|ability: Protosynthesis\n|-start|p2a: Flutter Mane|protosynthesisspa\n|-fieldstart|move: Psychic Terrain|[from] ability: Psychic Surge|[of] p1a: Indeedee\n|turn|1\n|\n|t:|1699886808\n|move|p1a: Indeedee|Follow Me|p1a: Indeedee\n|-singleturn|p1a: Indeedee|move: Follow Me\n|move|p2a: Flutter Mane|Dazzling Gleam|p1b: Hatterene|[spread] p1a,p1b\n|-crit|p1a: Indeedee\n|-crit|p1b: Hatterene\n|-damage|p1a: Indeedee|23\/100\n|-damage|p1b: Hatterene|2\/100\n|-damage|p2a: Flutter Mane|91\/100|[from] item: Life Orb\n|move|p2b: Ninetales|Fire Blast|p1a: Indeedee\n|-damage|p1a: Indeedee|0 fnt\n|faint|p1a: Indeedee\n|move|p1b: Hatterene|Trick Room|p1b: Hatterene\n|-fieldstart|move: Trick Room|[of] p1b: Hatterene\n|\n|-weather|SunnyDay|[upkeep]\n|upkeep\n|\n|t:|1699886819\n|switch|p1a: Pelipper|Pelipper, F|100\/100\n|-weather|RainDance|[from] ability: Drizzle|[of] p1a: Pelipper\n|-end|p2a: Flutter Mane|Protosynthesis\n|turn|2\n|\n|t:|1699886827\n|-terastallize|p1b: Hatterene|Psychic\n|move|p2b: Ninetales|Protect|p2b: Ninetales\n|-singleturn|p2b: Ninetales|Protect\n|move|p2a: Flutter Mane|Protect|p2a: Flutter Mane\n|-singleturn|p2a: Flutter Mane|Protect\n|move|p1b: Hatterene|Expanding Force|p2a: Flutter Mane|[spread] \n|-activate|p2a: Flutter Mane|move: Protect\n|-activate|p2b: Ninetales|move: Protect\n|move|p1a: Pelipper|Weather Ball|p2b: Ninetales\n|-activate|p2b: Ninetales|move: Protect\n|\n|-weather|RainDance|[upkeep]\n|upkeep\n|turn|3\n|inactive|nicokino has 120 seconds left.\n|\n|t:|1699886873\n|move|p1b: Hatterene|Expanding Force|p2a: Flutter Mane|[spread] p2a,p2b\n|-damage|p2a: Flutter Mane|0 fnt\n|-damage|p2b: Ninetales|0 fnt\n|faint|p2a: Flutter Mane\n|-end|p2a: Flutter Mane|Protosynthesis|[silent]\n|faint|p2b: Ninetales\n|-damage|p1b: Hatterene|0 fnt|[from] item: Life Orb\n|faint|p1b: Hatterene\n|move|p1a: Pelipper|Weather Ball|p2: Flutter Mane|[notarget]\n|-fail|p1a: Pelipper\n|\n|-weather|RainDance|[upkeep]\n|upkeep\n|\n|t:|1699886887\n|switch|p1b: Urshifu|Urshifu-Rapid-Strike, M|100\/100\n|switch|p2b: Camerupt|Camerupt, F|100\/100\n|switch|p2a: Torkoal|Torkoal, M|100\/100\n|-weather|SunnyDay|[from] ability: Drought|[of] p2a: Torkoal\n|turn|4\n|\n|t:|1699886897\n|detailschange|p2b: Camerupt|Camerupt-Mega, F\n|-mega|p2b: Camerupt|Camerupt|Cameruptite\n|-terastallize|p2a: Torkoal|Fire\n|move|p2a: Torkoal|Eruption|p1b: Urshifu|[spread] p1a,p1b\n|-resisted|p1a: Pelipper\n|-resisted|p1b: Urshifu\n|-damage|p1a: Pelipper|36\/100\n|-damage|p1b: Urshifu|25\/100\n|move|p2b: Camerupt|Heat Wave|p1a: Pelipper|[spread] p1a,p1b\n|-resisted|p1a: Pelipper\n|-resisted|p1b: Urshifu\n|-damage|p1a: Pelipper|0 fnt\n|-damage|p1b: Urshifu|0 fnt\n|faint|p1a: Pelipper\n|faint|p1b: Urshifu\n|\n|-weather|SunnyDay|[upkeep]\n|upkeep\n|\n|t:|1699886907\n|switch|p1a: Swampert|Swampert, M|100\/100\n|switch|p1b: Cresselia|Cresselia, F|100\/100\n|turn|5\n|\n|t:|1699886927\n|detailschange|p1a: Swampert|Swampert-Mega, M\n|-mega|p1a: Swampert|Swampert|Swampertite\n|move|p2a: Torkoal|Eruption|p1b: Cresselia|[spread] p1a,p1b\n|-resisted|p1a: Swampert\n|-damage|p1a: Swampert|53\/100\n|-damage|p1b: Cresselia|29\/100\n|move|p2b: Camerupt|Eruption|p1a: Swampert|[spread] p1a,p1b\n|-resisted|p1a: Swampert\n|-damage|p1a: Swampert|15\/100\n|-damage|p1b: Cresselia|0 fnt\n|faint|p1b: Cresselia\n|move|p1a: Swampert|Earthquake|p2b: Camerupt|[spread] p2a,p2b\n|-supereffective|p2a: Torkoal\n|-supereffective|p2b: Camerupt\n|-damage|p2a: Torkoal|24\/100\n|-damage|p2b: Camerupt|9\/100\n|\n|-weather|SunnyDay|[upkeep]\n|-fieldend|move: Trick Room\n|-fieldend|move: Psychic Terrain\n|upkeep\n|turn|6\n|\n|t:|1699886942\n|move|p1a: Swampert|Earthquake|p2a: Torkoal|[spread] p2a,p2b\n|-supereffective|p2a: Torkoal\n|-supereffective|p2b: Camerupt\n|-damage|p2a: Torkoal|0 fnt\n|-damage|p2b: Camerupt|0 fnt\n|faint|p2a: Torkoal\n|faint|p2b: Camerupt\n|\n|-weather|SunnyDay|[upkeep]\n|upkeep\n|\n|t:|1699886945\n|switch|p2b: Cresselia|Cresselia, F|100\/100\n|switch|p2a: Lilligant|Lilligant-Hisui, F|100\/100\n|turn|7\n|\n|t:|1699886949\n|move|p2a: Lilligant|Solar Blade||[still]\n|-prepare|p2a: Lilligant|Solar Blade\n|-anim|p2a: Lilligant|Solar Blade|p1a: Swampert\n|-supereffective|p1a: Swampert\n|-damage|p1a: Swampert|0 fnt\n|faint|p1a: Swampert\n|-damage|p2a: Lilligant|91\/100|[from] item: Life Orb\n|\n|win|nicokino\n|raw|Champion Bean's rating: 1306 &rarr; <strong>1285<\/strong><br \/>(-21 for losing)\n|raw|nicokino's rating: 1289 &rarr; <strong>1315<\/strong><br \/>(+26 for winning)\n|l|\u2606Champion Bean\n","uploadtime":1699886964,"views":9,"p1id":"championbean","p2id":"nicokino","formatid":"gen9nationaldexdoubles","rating":1285,"private":0,"password":""}