{"id":"gen9nationaldexdoubles-1972360034","p1":"Ilovesmallcats3","p2":"Prankbox454","format":"[Gen 9] National Dex Doubles","log":"|j|\u2606Ilovesmallcats3\n|j|\u2606Prankbox454\n|t:|1697834745\n|gametype|doubles\n|player|p1|Ilovesmallcats3|shauntal|1120\n|player|p2|Prankbox454|burgh|1000\n|teamsize|p1|6\n|teamsize|p2|6\n|gen|9\n|tier|[Gen 9] National Dex Doubles\n|rated|\n|rule|HP Percentage Mod: HP is shown in percentages\n|rule|Endless Battle Clause: Forcing endless battles is banned\n|rule|OHKO Clause: OHKO moves are banned\n|rule|Evasion Moves Clause: Evasion moves are banned\n|rule|Evasion Abilities Clause: Evasion abilities are banned\n|rule|Species Clause: Limit one of each Pok\u00e9mon\n|rule|Gravity Sleep Clause: The combination of sleep-inducing moves with imperfect accuracy and Gravity or Gigantamax Orbeetle are banned\n|clearpoke\n|poke|p1|Indeedee, M|\n|poke|p1|Pincurchin, M|\n|poke|p1|Weezing-Galar, M|\n|poke|p1|Rillaboom, F|\n|poke|p1|Clawitzer, F|\n|poke|p1|Diancie|\n|poke|p2|Staraptor, M|\n|poke|p2|Ursaluna, M|\n|poke|p2|Pidgeot, F|\n|poke|p2|Silvally-*|\n|poke|p2|Obstagoon, M|\n|poke|p2|Zoroark-Hisui, M|\n|teampreview\n|inactive|Battle timer is ON: inactive players will automatically lose when time's up. (requested by Ilovesmallcats3)\n|\n|t:|1697834773\n|start\n|switch|p1a: Pincurchin|Pincurchin, M|100\/100\n|switch|p1b: Clawitzer|Clawitzer, F|100\/100\n|switch|p2a: Staraptor|Staraptor, M|100\/100\n|switch|p2b: SeuUrsoBebeCerveja|Ursaluna, M|100\/100\n|-ability|p2a: Staraptor|Intimidate|boost\n|-unboost|p1a: Pincurchin|atk|1\n|-unboost|p1b: Clawitzer|atk|1\n|-fieldstart|move: Electric Terrain|[from] ability: Electric Surge|[of] p1a: Pincurchin\n|turn|1\n|inactive|Prankbox454 has 120 seconds left.\n|\n|t:|1697834819\n|move|p1a: Pincurchin|Protect|p1a: Pincurchin\n|-singleturn|p1a: Pincurchin|Protect\n|move|p2b: SeuUrsoBebeCerveja|Shadow Ball|p1b: Clawitzer\n|-damage|p1b: Clawitzer|47\/100\n|-damage|p2b: SeuUrsoBebeCerveja|91\/100|[from] item: Life Orb\n|move|p2a: Staraptor|U-turn|p1b: Clawitzer\n|-damage|p1b: Clawitzer|24\/100\n|\n|t:|1697834834\n|switch|p2a: Pidgeot|Pidgeot, F|100\/100|[from] U-turn\n|move|p1b: Clawitzer|Terrain Pulse|p2a: Pidgeot\n|-supereffective|p2a: Pidgeot\n|-damage|p2a: Pidgeot|0 fnt\n|faint|p2a: Pidgeot\n|\n|upkeep\n|inactive|Prankbox454 has 90 seconds left.\n|\n|t:|1697834862\n|switch|p2a: Silvally|Silvally|100\/100\n|turn|2\n|inactive|Prankbox454 has 90 seconds left.\n|\n|t:|1697834890\n|move|p2b: SeuUrsoBebeCerveja|Shadow Ball|p1b: Clawitzer\n|-damage|p1b: Clawitzer|0 fnt\n|faint|p1b: Clawitzer\n|-damage|p2b: SeuUrsoBebeCerveja|81\/100|[from] item: Life Orb\n|move|p2a: Silvally|Swords Dance|p2a: Silvally\n|-boost|p2a: Silvally|atk|2\n|move|p1a: Pincurchin|Rising Voltage|p2a: Silvally\n|-hint|Rising Voltage's BP doubled on grounded target.\n|-damage|p2a: Silvally|20\/100\n|\n|upkeep\n|\n|t:|1697834898\n|switch|p1b: Rillaboom|Rillaboom, F|100\/100\n|-fieldstart|move: Grassy Terrain|[from] ability: Grassy Surge|[of] p1b: Rillaboom\n|turn|3\n|inactive|Prankbox454 has 90 seconds left.\n|\n|t:|1697834939\n|switch|p2a: Staraptor|Staraptor, M|100\/100\n|-ability|p2a: Staraptor|Intimidate|boost\n|-unboost|p1a: Pincurchin|atk|1\n|-unboost|p1b: Rillaboom|atk|1\n|move|p2b: SeuUrsoBebeCerveja|Protect|p2b: SeuUrsoBebeCerveja\n|-singleturn|p2b: SeuUrsoBebeCerveja|Protect\n|move|p1b: Rillaboom|Knock Off|p2b: SeuUrsoBebeCerveja\n|-activate|p2b: SeuUrsoBebeCerveja|move: Protect\n|move|p1a: Pincurchin|Rising Voltage|p2a: Staraptor\n|-supereffective|p2a: Staraptor\n|-enditem|p2a: Staraptor|Focus Sash\n|-damage|p2a: Staraptor|1\/100\n|\n|-heal|p2b: SeuUrsoBebeCerveja|87\/100|[from] Grassy Terrain\n|upkeep\n|turn|4\n|inactive|Prankbox454 has 90 seconds left.\n|inactive|Prankbox454 has 60 seconds left.\n|\n|t:|1697834976\n|move|p2a: Staraptor|Helping Hand|p2b: SeuUrsoBebeCerveja\n|-singleturn|p2b: SeuUrsoBebeCerveja|Helping Hand|[of] p2a: Staraptor\n|move|p2b: SeuUrsoBebeCerveja|Flamethrower|p1b: Rillaboom\n|-supereffective|p1b: Rillaboom\n|-damage|p1b: Rillaboom|12\/100\n|-damage|p2b: SeuUrsoBebeCerveja|77\/100|[from] item: Life Orb\n|move|p1b: Rillaboom|Knock Off|p2b: SeuUrsoBebeCerveja\n|-supereffective|p2b: SeuUrsoBebeCerveja\n|-damage|p2b: SeuUrsoBebeCerveja|0 fnt\n|replace|p2b: Zoroark|Zoroark-Hisui, M\n|-end|p2b: Zoroark|Illusion\n|-enditem|p2b: Zoroark|Life Orb|[from] move: Knock Off|[of] p1b: Rillaboom\n|faint|p2b: Zoroark\n|move|p1a: Pincurchin|Tera Blast|p2a: Staraptor\n|-damage|p2a: Staraptor|0 fnt\n|faint|p2a: Staraptor\n|\n|-heal|p1b: Rillaboom|18\/100|[from] Grassy Terrain\n|upkeep\n|inactive|Prankbox454 has 60 seconds left.\n|\n|t:|1697835011\n|switch|p2b: SeuUrsoBebeCerveja|Ursaluna, M|100\/100\n|switch|p2a: Obstagoon|Obstagoon, M|100\/100\n|turn|5\n|inactive|Prankbox454 has 30 seconds left.\n|\n|t:|1697835045\n|move|p2b: SeuUrsoBebeCerveja|Protect|p2b: SeuUrsoBebeCerveja\n|-singleturn|p2b: SeuUrsoBebeCerveja|Protect\n|move|p1a: Pincurchin|Protect|p1a: Pincurchin\n|-singleturn|p1a: Pincurchin|Protect\n|move|p1b: Rillaboom|Grassy Glide|p2b: SeuUrsoBebeCerveja\n|-activate|p2b: SeuUrsoBebeCerveja|move: Protect\n|move|p2a: Obstagoon|Knock Off|p1b: Rillaboom\n|-damage|p1b: Rillaboom|0 fnt\n|-enditem|p1b: Rillaboom|Assault Vest|[from] move: Knock Off|[of] p2a: Obstagoon\n|faint|p1b: Rillaboom\n|\n|-status|p2b: SeuUrsoBebeCerveja|brn|[from] item: Flame Orb\n|upkeep\n|\n|t:|1697835061\n|switch|p1b: Indeedee|Indeedee, M|100\/100\n|-fieldstart|move: Psychic Terrain|[from] ability: Psychic Surge|[of] p1b: Indeedee\n|turn|6\n|\n|t:|1697835082\n|switch|p1a: Weezing|Weezing-Galar, M|100\/100\n|-fieldstart|move: Misty Terrain|[from] ability: Misty Surge|[of] p1a: Weezing\n|-terastallize|p1b: Indeedee|Dark\n|move|p2a: Obstagoon|Obstruct|p2a: Obstagoon\n|-singleturn|p2a: Obstagoon|Protect\n|move|p1b: Indeedee|Terrain Pulse|p2a: Obstagoon\n|-activate|p2a: Obstagoon|move: Protect\n|move|p2b: SeuUrsoBebeCerveja|Earthquake|p1a: Weezing|[spread] p1a,p1b\n|-activate|p2a: Obstagoon|move: Protect\n|-supereffective|p1a: Weezing\n|-damage|p1a: Weezing|8\/100\n|-damage|p1b: Indeedee|0 fnt\n|faint|p1b: Indeedee\n|\n|-damage|p2b: SeuUrsoBebeCerveja|94\/100 brn|[from] brn\n|upkeep\n|inactive|Ilovesmallcats3 has 120 seconds left.\n|\n|t:|1697835102\n|switch|p1b: Diancie|Diancie|100\/100\n|turn|7\n|inactive|Prankbox454 has 60 seconds left.\n|\n|t:|1697835123\n|detailschange|p1b: Diancie|Diancie-Mega\n|-mega|p1b: Diancie|Diancie|Diancite\n|move|p2a: Obstagoon|Taunt|p1b: Diancie\n|move|p1b: Diancie|Taunt|p2a: Obstagoon|[from]ability: Magic Bounce\n|-start|p2a: Obstagoon|move: Taunt\n|move|p1b: Diancie|Dazzling Gleam|p2a: Obstagoon|[spread] p2a,p2b\n|-supereffective|p2a: Obstagoon\n|-damage|p2a: Obstagoon|0 fnt\n|-damage|p2b: SeuUrsoBebeCerveja|56\/100 brn\n|faint|p2a: Obstagoon\n|move|p2b: SeuUrsoBebeCerveja|Earthquake|p1a: Weezing|[spread] p1a,p1b\n|-supereffective|p1a: Weezing\n|-supereffective|p1b: Diancie\n|-damage|p1a: Weezing|0 fnt\n|-damage|p1b: Diancie|0 fnt\n|faint|p1a: Weezing\n|faint|p1b: Diancie\n|\n|-damage|p2b: SeuUrsoBebeCerveja|50\/100 brn|[from] brn\n|upkeep\n|\n|t:|1697835138\n|switch|p2a: Silvally|Silvally|20\/100\n|switch|p1b: Pincurchin|Pincurchin, M|100\/100\n|-fieldstart|move: Electric Terrain|[from] ability: Electric Surge|[of] p1b: Pincurchin\n|turn|8\n|inactive|Prankbox454 has 90 seconds left.\n|\n|t:|1697835154\n|move|p2a: Silvally|Crunch|p1b: Pincurchin\n|-damage|p1b: Pincurchin|71\/100\n|-unboost|p1b: Pincurchin|def|1\n|move|p2b: SeuUrsoBebeCerveja|Facade|p1b: Pincurchin\n|-damage|p1b: Pincurchin|0 fnt\n|faint|p1b: Pincurchin\n|\n|win|Prankbox454\n|raw|Ilovesmallcats3's rating: 1120 &rarr; <strong>1087<\/strong><br \/>(-33 for losing)\n|raw|Prankbox454's rating: 1000 &rarr; <strong>1053<\/strong><br \/>(+53 for winning)\n|l|\u2606Ilovesmallcats3\n","uploadtime":1697835165,"views":7,"p1id":"ilovesmallcats3","p2id":"prankbox454","formatid":"gen9nationaldexdoubles","rating":1053,"private":0,"password":""}