{"id":"gen9nationaldexdoubles-1990397900","p1":"TREC117","p2":"NPC At Home","format":"[Gen 9] National Dex Doubles","log":"|j|\u2606TREC117\n|j|\u2606NPC At Home\n|t:|1699966748\n|gametype|doubles\n|player|p1|TREC117|hugh|1345\n|player|p2|NPC At Home|piers|1367\n|teamsize|p1|6\n|teamsize|p2|6\n|gen|9\n|tier|[Gen 9] National Dex Doubles\n|rated|\n|rule|HP Percentage Mod: HP is shown in percentages\n|rule|Endless Battle Clause: Forcing endless battles is banned\n|rule|OHKO Clause: OHKO moves are banned\n|rule|Evasion Moves Clause: Evasion moves are banned\n|rule|Evasion Abilities Clause: Evasion abilities are banned\n|rule|Species Clause: Limit one of each Pok\u00e9mon\n|rule|Gravity Sleep Clause: The combination of sleep-inducing moves with imperfect accuracy and Gravity or Gigantamax Orbeetle are banned\n|clearpoke\n|poke|p1|Iron Hands|\n|poke|p1|Kingambit, M|\n|poke|p1|Volcanion|\n|poke|p1|Landorus-Therian, M|\n|poke|p1|Incineroar, M|\n|poke|p1|Ninetales-Alola, F|\n|poke|p2|Ninetales-Alola, M|\n|poke|p2|Latias, F|\n|poke|p2|Volcanion|\n|poke|p2|Kyurem-Black|\n|poke|p2|Whimsicott, F|\n|poke|p2|Zamazenta-*|\n|teampreview\n|inactive|Battle timer is ON: inactive players will automatically lose when time's up. (requested by NPC At Home)\n|\n|t:|1699966777\n|start\n|switch|p1a: Ninetales|Ninetales-Alola, F|100\/100\n|switch|p1b: Incineroar|Incineroar, M|100\/100\n|switch|p2a: Ninetales|Ninetales-Alola, M|100\/100\n|switch|p2b: Volcanion|Volcanion|100\/100\n|-weather|Snow|[from] ability: Snow Warning|[of] p1a: Ninetales\n|-ability|p1b: Incineroar|Intimidate|boost\n|-unboost|p2a: Ninetales|atk|1\n|-unboost|p2b: Volcanion|atk|1\n|turn|1\n|\n|t:|1699966797\n|move|p1b: Incineroar|Fake Out|p2a: Ninetales\n|-damage|p2a: Ninetales|88\/100\n|cant|p2a: Ninetales|flinch\n|move|p1a: Ninetales|Aurora Veil|p1a: Ninetales\n|-sidestart|p1: TREC117|move: Aurora Veil\n|move|p2b: Volcanion|Substitute|p2b: Volcanion\n|-start|p2b: Volcanion|Substitute\n|-damage|p2b: Volcanion|76\/100\n|\n|-weather|Snow|[upkeep]\n|upkeep\n|turn|2\n|inactive|TREC117 has 120 seconds left.\n|inactive|NPC At Home has 120 seconds left.\n|\n|t:|1699966843\n|move|p2a: Ninetales|Encore|p1b: Incineroar\n|-start|p1b: Incineroar|Encore\n|move|p1a: Ninetales|Dazzling Gleam|p2a: Ninetales|[spread] p2a,p2b\n|-resisted|p2b: Volcanion\n|-activate|p2b: Volcanion|move: Substitute|[damage]\n|-damage|p2a: Ninetales|66\/100\n|move|p1b: Incineroar|Fake Out||[still]\n|-hint|Fake Out only works on your first turn out.\n|-fail|p1b: Incineroar\n|move|p2b: Volcanion|Flamethrower|p1a: Ninetales\n|-supereffective|p1a: Ninetales\n|-damage|p1a: Ninetales|42\/100\n|\n|-weather|Snow|[upkeep]\n|upkeep\n|turn|3\n|inactive|TREC117 has 120 seconds left.\n|\n|t:|1699966868\n|switch|p1b: Iron Hands|Iron Hands|100\/100\n|move|p1a: Ninetales|Protect|p1a: Ninetales\n|-singleturn|p1a: Ninetales|Protect\n|move|p2a: Ninetales|Aurora Veil|p2a: Ninetales\n|-sidestart|p2: NPC At Home|move: Aurora Veil\n|move|p2b: Volcanion|Heat Wave|p1b: Iron Hands|[spread] \n|-activate|p1a: Ninetales|move: Protect\n|-miss|p2b: Volcanion|p1b: Iron Hands\n|\n|-weather|Snow|[upkeep]\n|upkeep\n|turn|4\n|inactive|TREC117 has 120 seconds left.\n|\n|t:|1699966903\n|switch|p1a: Volcanion|Volcanion|100\/100\n|move|p2a: Ninetales|Protect|p2a: Ninetales\n|-singleturn|p2a: Ninetales|Protect\n|-zpower|p2b: Volcanion\n|move|p2b: Volcanion|Hydro Vortex|p1b: Iron Hands|[zeffect]\n|-damage|p1b: Iron Hands|71\/100\n|move|p1b: Iron Hands|Heavy Slam|p2a: Ninetales\n|-activate|p2a: Ninetales|move: Protect\n|\n|-weather|Snow|[upkeep]\n|upkeep\n|turn|5\n|inactive|TREC117 has 120 seconds left.\n|inactive|NPC At Home has 120 seconds left.\n|inactive|TREC117 has 90 seconds left.\n|\n|t:|1699966953\n|switch|p2a: Zamazenta|Zamazenta|100\/100\n|-ability|p2a: Zamazenta|Dauntless Shield|boost\n|-boost|p2a: Zamazenta|def|1\n|-end|p1b: Iron Hands|Quark Drive|[silent]\n|switch|p1b: Ninetales|Ninetales-Alola, F|42\/100\n|move|p2b: Volcanion|Steam Eruption|p1b: Ninetales\n|-damage|p1b: Ninetales|8\/100\n|move|p1a: Volcanion|Substitute|p1a: Volcanion\n|-start|p1a: Volcanion|Substitute\n|-damage|p1a: Volcanion|75\/100\n|\n|-weather|none\n|upkeep\n|turn|6\n|inactive|TREC117 has 90 seconds left.\n|inactive|NPC At Home has 120 seconds left.\n|\n|t:|1699966976\n|move|p1b: Ninetales|Protect|p1b: Ninetales\n|-singleturn|p1b: Ninetales|Protect\n|move|p2a: Zamazenta|Wide Guard|p2a: Zamazenta\n|-singleturn|p2a: Zamazenta|Wide Guard\n|move|p1a: Volcanion|Steam Eruption|p2a: Zamazenta\n|-damage|p2a: Zamazenta|59\/100\n|-status|p2a: Zamazenta|brn\n|-damage|p1a: Volcanion|66\/100|[from] item: Life Orb\n|move|p2b: Volcanion|Heat Wave|p1a: Volcanion|[spread] p1a\n|-activate|p1b: Ninetales|move: Protect\n|-resisted|p1a: Volcanion\n|-activate|p1a: Volcanion|move: Substitute|[damage]\n|\n|-damage|p2a: Zamazenta|53\/100 brn|[from] brn\n|upkeep\n|turn|7\n|inactive|NPC At Home has 120 seconds left.\n|\n|t:|1699967023\n|switch|p2a: Kyurem|Kyurem-Black|100\/100\n|-ability|p2a: Kyurem|Teravolt\n|switch|p1b: Iron Hands|Iron Hands|71\/100\n|move|p1a: Volcanion|Heat Wave|p2a: Kyurem|[spread] p2a,p2b\n|-resisted|p2b: Volcanion\n|-activate|p2b: Volcanion|move: Substitute|[damage]\n|-damage|p2a: Kyurem|69\/100\n|-damage|p1a: Volcanion|56\/100|[from] item: Life Orb\n|move|p2b: Volcanion|Flamethrower|p1b: Iron Hands\n|-damage|p1b: Iron Hands|59\/100\n|\n|upkeep\n|turn|8\n|inactive|NPC At Home has 120 seconds left.\n|\n|t:|1699967045\n|move|p2a: Kyurem|Protect|p2a: Kyurem\n|-singleturn|p2a: Kyurem|Protect\n|move|p1b: Iron Hands|Fake Out|p2a: Kyurem\n|-activate|p2a: Kyurem|move: Protect\n|move|p1a: Volcanion|Heat Wave|p2b: Volcanion|[spread] p2b\n|-activate|p2a: Kyurem|move: Protect\n|-resisted|p2b: Volcanion\n|-activate|p2b: Volcanion|move: Substitute|[damage]\n|-damage|p1a: Volcanion|46\/100|[from] item: Life Orb\n|move|p2b: Volcanion|Heat Wave|p1b: Iron Hands|[spread] p1a,p1b\n|-resisted|p1a: Volcanion\n|-activate|p1a: Volcanion|move: Substitute|[damage]\n|-damage|p1b: Iron Hands|49\/100\n|\n|-sideend|p1: TREC117|move: Aurora Veil\n|upkeep\n|turn|9\n|inactive|TREC117 has 120 seconds left.\n|inactive|NPC At Home has 120 seconds left.\n|\n|t:|1699967074\n|-terastallize|p2a: Kyurem|Electric\n|move|p2a: Kyurem|Dragon Dance|p2a: Kyurem\n|-boost|p2a: Kyurem|atk|1\n|-boost|p2a: Kyurem|spe|1\n|move|p2b: Volcanion|Steam Eruption|p1b: Iron Hands\n|-crit|p1b: Iron Hands\n|-damage|p1b: Iron Hands|10\/100\n|move|p1a: Volcanion|Heat Wave|p2a: Kyurem|[spread] p2a,p2b\n|-resisted|p2b: Volcanion\n|-end|p2b: Volcanion|Substitute\n|-damage|p2a: Kyurem|37\/100\n|-damage|p1a: Volcanion|36\/100|[from] item: Life Orb\n|move|p1b: Iron Hands|Wild Charge|p2b: Volcanion\n|-supereffective|p2b: Volcanion\n|-damage|p2b: Volcanion|25\/100\n|-damage|p1b: Iron Hands|0 fnt|[from] Recoil\n|faint|p1b: Iron Hands\n|-end|p1b: Iron Hands|Quark Drive|[silent]\n|\n|upkeep\n|inactive|TREC117 has 90 seconds left.\n|\n|t:|1699967099\n|switch|p1b: Landorus|Landorus-Therian, M|100\/100\n|-ability|p1b: Landorus|Intimidate|boost\n|-fail|p2a: Kyurem|unboost|[from] item: Clear Amulet|[of] p2a: Kyurem\n|-unboost|p2b: Volcanion|atk|1\n|turn|10\n|\n|t:|1699967114\n|move|p1b: Landorus|Rock Slide|p2b: Volcanion|[spread] p2a\n|-miss|p1b: Landorus|p2b: Volcanion\n|-damage|p2a: Kyurem|25\/100\n|cant|p2a: Kyurem|flinch\n|move|p1a: Volcanion|Heat Wave|p2b: Volcanion|[spread] p2a,p2b\n|-resisted|p2b: Volcanion\n|-damage|p2a: Kyurem|0 fnt\n|-damage|p2b: Volcanion|18\/100\n|faint|p2a: Kyurem\n|-damage|p1a: Volcanion|26\/100|[from] item: Life Orb\n|move|p2b: Volcanion|Flamethrower|p1a: Volcanion\n|-resisted|p1a: Volcanion\n|-activate|p1a: Volcanion|move: Substitute|[damage]\n|\n|-sideend|p2: NPC At Home|move: Aurora Veil\n|upkeep\n|inactive|NPC At Home has 120 seconds left.\n|\n|t:|1699967132\n|switch|p2a: Latias|Latias, F|100\/100\n|turn|11\n|\n|t:|1699967138\n|detailschange|p2a: Latias|Latias-Mega, F\n|-mega|p2a: Latias|Latias|Latiasite\n|move|p1b: Landorus|Rock Slide|p2a: Latias|[spread] p2a,p2b\n|-supereffective|p2b: Volcanion\n|-damage|p2a: Latias|83\/100\n|-damage|p2b: Volcanion|0 fnt\n|faint|p2b: Volcanion\n|move|p2a: Latias|Calm Mind|p2a: Latias\n|-boost|p2a: Latias|spa|1\n|-boost|p2a: Latias|spd|1\n|move|p1a: Volcanion|Steam Eruption|p2a: Latias\n|-resisted|p2a: Latias\n|-damage|p2a: Latias|64\/100\n|-damage|p1a: Volcanion|16\/100|[from] item: Life Orb\n|\n|upkeep\n|\n|t:|1699967147\n|switch|p2b: Zamazenta|Zamazenta|53\/100 brn\n|turn|12\n|\n|t:|1699967166\n|switch|p1b: Ninetales|Ninetales-Alola, F|8\/100\n|-weather|Snow|[from] ability: Snow Warning|[of] p1b: Ninetales\n|move|p2b: Zamazenta|Coaching|p2a: Latias\n|-boost|p2a: Latias|atk|1\n|-boost|p2a: Latias|def|1\n|move|p2a: Latias|Calm Mind|p2a: Latias\n|-boost|p2a: Latias|spa|1\n|-boost|p2a: Latias|spd|1\n|move|p1a: Volcanion|Heat Wave|p2b: Zamazenta|[spread] p2a,p2b\n|-resisted|p2a: Latias\n|-damage|p2a: Latias|55\/100\n|-damage|p2b: Zamazenta|10\/100 brn\n|-enditem|p2b: Zamazenta|Sitrus Berry|[eat]\n|-heal|p2b: Zamazenta|35\/100 brn|[from] item: Sitrus Berry\n|-damage|p1a: Volcanion|6\/100|[from] item: Life Orb\n|\n|-weather|Snow|[upkeep]\n|-damage|p2b: Zamazenta|29\/100 brn|[from] brn\n|upkeep\n|turn|13\n|\n|t:|1699967193\n|move|p1b: Ninetales|Protect|p1b: Ninetales\n|-singleturn|p1b: Ninetales|Protect\n|move|p2b: Zamazenta|Coaching|p2a: Latias\n|-boost|p2a: Latias|atk|1\n|-boost|p2a: Latias|def|1\n|move|p2a: Latias|Aura Sphere|p1b: Ninetales\n|-activate|p1b: Ninetales|move: Protect\n|move|p1a: Volcanion|Heat Wave|p2b: Zamazenta|[spread] p2a,p2b\n|-resisted|p2a: Latias\n|-damage|p2a: Latias|47\/100\n|-damage|p2b: Zamazenta|0 fnt\n|faint|p2b: Zamazenta\n|-damage|p1a: Volcanion|0 fnt|[from] item: Life Orb\n|faint|p1a: Volcanion\n|\n|-weather|Snow|[upkeep]\n|upkeep\n|inactive|NPC At Home has 120 seconds left.\n|\n|t:|1699967238\n|switch|p2b: Ninetales|Ninetales-Alola, M|66\/100\n|switch|p1a: Kingambit|Kingambit, M|100\/100\n|turn|14\n|\n|t:|1699967250\n|move|p1a: Kingambit|Sucker Punch||[still]\n|-fail|p1a: Kingambit\n|move|p1b: Ninetales|Dazzling Gleam|p2b: Ninetales|[spread] p2a,p2b\n|-supereffective|p2a: Latias\n|-damage|p2a: Latias|35\/100\n|-damage|p2b: Ninetales|44\/100\n|move|p2b: Ninetales|Aurora Veil|p2b: Ninetales\n|-sidestart|p2: NPC At Home|move: Aurora Veil\n|move|p2a: Latias|Roost|p2a: Latias\n|-heal|p2a: Latias|85\/100\n|-singleturn|p2a: Latias|move: Roost\n|\n|-weather|Snow|[upkeep]\n|upkeep\n|turn|15\n|\n|t:|1699967270\n|-terastallize|p1a: Kingambit|Dark\n|move|p2b: Ninetales|Encore|p1b: Ninetales\n|-start|p1b: Ninetales|Encore\n|move|p1b: Ninetales|Dazzling Gleam|p2b: Ninetales|[spread] p2a,p2b\n|-supereffective|p2a: Latias\n|-damage|p2a: Latias|77\/100\n|-damage|p2b: Ninetales|31\/100\n|move|p2a: Latias|Aura Sphere|p1a: Kingambit\n|-supereffective|p1a: Kingambit\n|-damage|p1a: Kingambit|6\/100\n|move|p1a: Kingambit|Kowtow Cleave|p2a: Latias\n|-supereffective|p2a: Latias\n|-damage|p2a: Latias|45\/100\n|\n|-weather|Snow|[upkeep]\n|-heal|p1a: Kingambit|12\/100|[from] item: Leftovers\n|upkeep\n|turn|16\n|\n|t:|1699967294\n|move|p1a: Kingambit|Sucker Punch||[still]\n|-fail|p1a: Kingambit\n|move|p1b: Ninetales|Dazzling Gleam|p2b: Ninetales|[spread] p2a,p2b\n|-supereffective|p2a: Latias\n|-damage|p2a: Latias|37\/100\n|-damage|p2b: Ninetales|17\/100\n|move|p2b: Ninetales|Blizzard|p1a: Kingambit|[spread] p1a,p1b\n|-resisted|p1b: Ninetales\n|-damage|p1a: Kingambit|0 fnt\n|-damage|p1b: Ninetales|0 fnt\n|faint|p1a: Kingambit\n|faint|p1b: Ninetales\n|move|p2a: Latias|Roost|p2a: Latias\n|-heal|p2a: Latias|87\/100\n|-singleturn|p2a: Latias|move: Roost\n|\n|-weather|none\n|upkeep\n|inactive|TREC117 has 120 seconds left.\n|-message|TREC117 forfeited.\n|\n|win|NPC At Home\n|raw|TREC117's rating: 1345 &rarr; <strong>1326<\/strong><br \/>(-19 for losing)\n|raw|NPC At Home's rating: 1367 &rarr; <strong>1386<\/strong><br \/>(+19 for winning)\n|l|\u2606TREC117\n|l|\u2606NPC At Home\n|j|\u2606NPC At Home\n|player|p2|NPC At Home|piers\n","uploadtime":1699967725,"views":8,"p1id":"trec117","p2id":"npcathome","formatid":"gen9nationaldexdoubles","rating":1326,"private":0,"password":""}