{"id":"gen9nationaldexdoubles-1987120418","p1":"Ch4mpionDiantha","p2":"AdvancedDigit","format":"[Gen 9] National Dex Doubles","log":"|j|\u2606Ch4mpionDiantha\n|j|\u2606AdvancedDigit\n|t:|1699557726\n|gametype|doubles\n|player|p1|Ch4mpionDiantha|leaf-masters|1206\n|player|p2|AdvancedDigit|101|1157\n|teamsize|p1|6\n|teamsize|p2|6\n|gen|9\n|tier|[Gen 9] National Dex Doubles\n|rated|\n|rule|HP Percentage Mod: HP is shown in percentages\n|rule|Endless Battle Clause: Forcing endless battles is banned\n|rule|OHKO Clause: OHKO moves are banned\n|rule|Evasion Moves Clause: Evasion moves are banned\n|rule|Evasion Abilities Clause: Evasion abilities are banned\n|rule|Species Clause: Limit one of each Pok\u00e9mon\n|rule|Gravity Sleep Clause: The combination of sleep-inducing moves with imperfect accuracy and Gravity or Gigantamax Orbeetle are banned\n|clearpoke\n|poke|p1|Hawlucha, M|\n|poke|p1|Tyrantrum, F|\n|poke|p1|Aurorus, M|\n|poke|p1|Gourgeist-*, M|\n|poke|p1|Goodra, M|\n|poke|p1|Gardevoir, F|\n|poke|p2|Jirachi|\n|poke|p2|Tauros, M|\n|poke|p2|Mr. Mime, M|\n|poke|p2|Togekiss, F|\n|poke|p2|Maushold-Four|\n|poke|p2|Amoonguss, M|\n|teampreview\n|\n|t:|1699557737\n|start\n|switch|p1a: Hawlucha|Hawlucha, M|100\/100\n|switch|p1b: Tyrantrum|Tyrantrum, F|100\/100\n|switch|p2a: Tauros|Tauros, M|100\/100\n|switch|p2b: Mr. Mime|Mr. Mime, M|100\/100\n|turn|1\n|\n|t:|1699557757\n|move|p1b: Tyrantrum|Endure|p1b: Tyrantrum\n|-singleturn|p1b: Tyrantrum|move: Endure\n|move|p2b: Mr. Mime|Fake Out|p1a: Hawlucha\n|-damage|p1a: Hawlucha|95\/100\n|cant|p1a: Hawlucha|flinch\n|move|p2a: Tauros|Iron Head|p1b: Tyrantrum\n|-supereffective|p1b: Tyrantrum\n|-damage|p1b: Tyrantrum|14\/100\n|-enditem|p1b: Tyrantrum|Weakness Policy\n|-boost|p1b: Tyrantrum|atk|2|[from] item: Weakness Policy\n|-boost|p1b: Tyrantrum|spa|2|[from] item: Weakness Policy\n|\n|upkeep\n|turn|2\n|\n|t:|1699557770\n|move|p2b: Mr. Mime|Follow Me|p2b: Mr. Mime\n|-singleturn|p2b: Mr. Mime|move: Follow Me\n|move|p1a: Hawlucha|Tailwind|p1a: Hawlucha\n|-sidestart|p1: Ch4mpionDiantha|move: Tailwind\n|move|p1b: Tyrantrum|Rock Slide|p2b: Mr. Mime|[spread] p2a,p2b\n|-damage|p2a: Tauros|27\/100\n|-damage|p2b: Mr. Mime|2\/100\n|move|p2a: Tauros|Iron Head|p1b: Tyrantrum\n|-supereffective|p1b: Tyrantrum\n|-damage|p1b: Tyrantrum|0 fnt\n|faint|p1b: Tyrantrum\n|\n|-heal|p2b: Mr. Mime|8\/100|[from] item: Leftovers\n|upkeep\n|\n|t:|1699557777\n|switch|p1b: Gardevoir|Gardevoir, F|100\/100\n|-ability|p1b: Gardevoir|Sheer Force|[from] ability: Trace|[of] p2a: Tauros\n|turn|3\n|\n|t:|1699557783\n|detailschange|p1b: Gardevoir|Gardevoir-Mega, F\n|-mega|p1b: Gardevoir|Gardevoir|Gardevoirite\n|move|p2b: Mr. Mime|Wide Guard|p2b: Mr. Mime\n|-singleturn|p2b: Mr. Mime|Wide Guard\n|move|p1a: Hawlucha|Round|p2b: Mr. Mime\n|-damage|p2b: Mr. Mime|0 fnt\n|faint|p2b: Mr. Mime\n|move|p1b: Gardevoir|Round|p2a: Tauros|[from]move: Round\n|-damage|p2a: Tauros|0 fnt\n|faint|p2a: Tauros\n|\n|upkeep\n|c|\u2606AdvancedDigit|ive never seen that move before\n|c|\u2606Ch4mpionDiantha|!data round\n|raw|<ul class=\"utilichart\"><li class=\"result\"><span class=\"col movenamecol\"><a href=\"https:\/\/dex.pokemonshowdown.com\/moves\/round\">Round<\/a><\/span> <span class=\"col typecol\"><img src=\"\/\/play.pokemonshowdown.com\/sprites\/types\/Normal.png\" alt=\"Normal\" width=\"32\" height=\"14\"><img src=\"\/\/play.pokemonshowdown.com\/sprites\/categories\/Special.png\" alt=\"Special\" width=\"32\" height=\"14\"><\/span> <span class=\"col labelcol\"><em>Power<\/em><br>60<\/span> <span class=\"col widelabelcol\"><em>Accuracy<\/em><br>100%<\/span> <span class=\"col pplabelcol\"><em>PP<\/em><br>24<\/span> <span class=\"col movedesccol\">Power doubles if others used Round this turn.<\/span> <\/li><li style=\"clear:both\"><\/li><\/ul>\n\n|c|\u2606AdvancedDigit|ahh\n|\n|t:|1699557826\n|switch|p2a: Togekiss|Togekiss, F|100\/100\n|switch|p2b: Jirachi|Jirachi|100\/100\n|turn|4\n|\n|t:|1699557852\n|switch|p1a: Goodra|Goodra, M|100\/100\n|move|p2b: Jirachi|Follow Me|p2b: Jirachi\n|-singleturn|p2b: Jirachi|move: Follow Me\n|move|p1b: Gardevoir|Destiny Bond|p1b: Gardevoir\n|-singlemove|p1b: Gardevoir|Destiny Bond\n|move|p2a: Togekiss|Tailwind|p2a: Togekiss\n|-sidestart|p2: AdvancedDigit|move: Tailwind\n|\n|upkeep\n|turn|5\n|\n|t:|1699557862\n|move|p2b: Jirachi|Iron Head|p1a: Goodra\n|-damage|p1a: Goodra|54\/100\n|move|p1b: Gardevoir|Hyper Voice|p2a: Togekiss|[spread] p2a,p2b\n|-resisted|p2b: Jirachi\n|-damage|p2a: Togekiss|47\/100\n|-damage|p2b: Jirachi|76\/100\n|move|p2a: Togekiss|Air Slash|p1b: Gardevoir\n|-damage|p1b: Gardevoir|64\/100\n|cant|p1a: Goodra|flinch\n|\n|-heal|p2b: Jirachi|82\/100|[from] item: Leftovers\n|-heal|p2a: Togekiss|54\/100|[from] item: Leftovers\n|-heal|p1a: Goodra|60\/100|[from] item: Leftovers\n|-sideend|p1: Ch4mpionDiantha|move: Tailwind\n|upkeep\n|turn|6\n|\n|t:|1699557874\n|move|p1b: Gardevoir|Protect|p1b: Gardevoir\n|-singleturn|p1b: Gardevoir|Protect\n|move|p2b: Jirachi|Iron Head|p1b: Gardevoir\n|-activate|p1b: Gardevoir|move: Protect\n|move|p2a: Togekiss|Air Slash|p1a: Goodra\n|-damage|p1a: Goodra|43\/100\n|cant|p1a: Goodra|flinch\n|\n|-heal|p2b: Jirachi|88\/100|[from] item: Leftovers\n|-heal|p2a: Togekiss|60\/100|[from] item: Leftovers\n|-heal|p1a: Goodra|49\/100|[from] item: Leftovers\n|upkeep\n|turn|7\n|\n|t:|1699557885\n|switch|p1a: Hawlucha|Hawlucha, M|95\/100\n|move|p2b: Jirachi|Iron Head|p1b: Gardevoir\n|-supereffective|p1b: Gardevoir\n|-damage|p1b: Gardevoir|0 fnt\n|faint|p1b: Gardevoir\n|move|p2a: Togekiss|Air Slash|p1a: Hawlucha\n|-supereffective|p1a: Hawlucha\n|-damage|p1a: Hawlucha|0 fnt\n|faint|p1a: Hawlucha\n|\n|-heal|p2b: Jirachi|94\/100|[from] item: Leftovers\n|-heal|p2a: Togekiss|66\/100|[from] item: Leftovers\n|-sideend|p2: AdvancedDigit|move: Tailwind\n|upkeep\n|\n|t:|1699557888\n|switch|p1a: Aurorus|Aurorus, M|100\/100\n|switch|p1b: Gourgeist|Gourgeist-Super, M|100\/100\n|turn|8\n|\n|t:|1699557900\n|move|p1a: Aurorus|Protect|p1a: Aurorus\n|-singleturn|p1a: Aurorus|Protect\n|move|p2b: Jirachi|Iron Head|p1a: Aurorus\n|-activate|p1a: Aurorus|move: Protect\n|move|p2a: Togekiss|Air Slash|p1b: Gourgeist\n|-supereffective|p1b: Gourgeist\n|-damage|p1b: Gourgeist|12\/100\n|cant|p1b: Gourgeist|flinch\n|\n|-heal|p2b: Jirachi|100\/100|[from] item: Leftovers\n|-heal|p2a: Togekiss|72\/100|[from] item: Leftovers\n|upkeep\n|turn|9\n|\n|t:|1699557908\n|-terastallize|p1a: Aurorus|Ice\n|move|p1b: Gourgeist|Ally Switch|p1b: Gourgeist\n|swap|p1b: Gourgeist|0|[from] move: Ally Switch\n|move|p2b: Jirachi|Iron Head|p1a: Gourgeist\n|-damage|p1a: Gourgeist|0 fnt\n|faint|p1a: Gourgeist\n|move|p2a: Togekiss|Air Slash|p1b: Aurorus\n|-damage|p1b: Aurorus|70\/100\n|cant|p1b: Aurorus|flinch\n|\n|-heal|p2a: Togekiss|78\/100|[from] item: Leftovers\n|upkeep\n|\n|t:|1699557914\n|switch|p1a: Goodra|Goodra, M|49\/100\n|turn|10\n|-message|Ch4mpionDiantha forfeited.\n|\n|win|AdvancedDigit\n|raw|Ch4mpionDiantha's rating: 1206 &rarr; <strong>1177<\/strong><br \/>(-29 for losing)\n|raw|AdvancedDigit's rating: 1157 &rarr; <strong>1186<\/strong><br \/>(+29 for winning)\n","uploadtime":1699557919,"views":7,"p1id":"ch4mpiondiantha","p2id":"advanceddigit","formatid":"gen9nationaldexdoubles","rating":1177,"private":0,"password":""}