{"id":"gen9nationaldexdoubles-1978547788","p1":"limplight","p2":"Flamebyte","format":"[Gen 9] National Dex Doubles","log":"|j|\u2606limplight\n|j|\u2606Flamebyte\n|t:|1698554008\n|gametype|doubles\n|player|p1|limplight|101|\n|player|p2|Flamebyte|1|\n|teamsize|p1|6\n|teamsize|p2|6\n|gen|9\n|tier|[Gen 9] National Dex Doubles\n|rule|HP Percentage Mod: HP is shown in percentages\n|rule|Endless Battle Clause: Forcing endless battles is banned\n|rule|OHKO Clause: OHKO moves are banned\n|rule|Evasion Moves Clause: Evasion moves are banned\n|rule|Evasion Abilities Clause: Evasion abilities are banned\n|rule|Species Clause: Limit one of each Pok\u00e9mon\n|rule|Gravity Sleep Clause: The combination of sleep-inducing moves with imperfect accuracy and Gravity or Gigantamax Orbeetle are banned\n|clearpoke\n|poke|p1|Boltund, M|\n|poke|p1|Greedent, M|\n|poke|p1|Thievul, F|\n|poke|p1|Silicobra, F|\n|poke|p1|Palpitoad, M|\n|poke|p1|Dottler, M|\n|poke|p2|Vikavolt, M|\n|poke|p2|Lanturn, M|\n|poke|p2|Ludicolo, F|\n|poke|p2|Lurantis, F|\n|poke|p2|Throh, M|\n|poke|p2|Leafeon, F|\n|teampreview\n|\n|t:|1698554161\n|start\n|switch|p1a: Palpitoad|Palpitoad, M|100\/100\n|switch|p1b: Silicobra|Silicobra, F|100\/100\n|switch|p2a: Vikavolt|Vikavolt, M|100\/100\n|switch|p2b: Lanturn|Lanturn, M|100\/100\n|turn|1\n|\n|t:|1698554320\n|move|p1a: Palpitoad|Earth Power|p2b: Lanturn\n|-supereffective|p2b: Lanturn\n|-crit|p2b: Lanturn\n|-damage|p2b: Lanturn|39\/100\n|move|p2b: Lanturn|Scald|p1b: Silicobra\n|-supereffective|p1b: Silicobra\n|-damage|p1b: Silicobra|39\/100\n|-status|p1b: Silicobra|brn\n|-weather|Sandstorm|[from] ability: Sand Spit|[of] p1b: Silicobra\n|move|p1b: Silicobra|Rock Slide|p2b: Lanturn|[spread] p2a,p2b\n|-supereffective|p2a: Vikavolt\n|-damage|p2a: Vikavolt|92\/100\n|-damage|p2b: Lanturn|34\/100\n|move|p2a: Vikavolt|Thunderbolt|p1a: Palpitoad\n|-immune|p1a: Palpitoad\n|\n|-weather|Sandstorm|[upkeep]\n|-damage|p2b: Lanturn|28\/100|[from] Sandstorm\n|-damage|p2a: Vikavolt|86\/100|[from] Sandstorm\n|-heal|p2b: Lanturn|34\/100|[from] item: Leftovers\n|-damage|p1b: Silicobra|33\/100 brn|[from] brn\n|upkeep\n|turn|2\n|\n|t:|1698554608\n|switch|p1b: Thievul|Thievul, F|100\/100\n|switch|p2a: Lurantis|Lurantis, F|100\/100\n|move|p1a: Palpitoad|Scald|p2b: Lanturn\n|-resisted|p2b: Lanturn\n|-damage|p2b: Lanturn|25\/100\n|move|p2b: Lanturn|Volt Switch|p1b: Thievul\n|-damage|p1b: Thievul|76\/100\n|\n|t:|1698554655\n|switch|p2b: Throh|Throh, M|100\/100|[from] Volt Switch\n|\n|-weather|Sandstorm|[upkeep]\n|-damage|p1b: Thievul|70\/100|[from] Sandstorm\n|-damage|p2a: Lurantis|94\/100|[from] Sandstorm\n|-damage|p2b: Throh|94\/100|[from] Sandstorm\n|-heal|p2a: Lurantis|100\/100|[from] item: Leftovers\n|-heal|p2b: Throh|100\/100|[from] item: Leftovers\n|upkeep\n|turn|3\n|\n|t:|1698554817\n|move|p1b: Thievul|Dark Pulse|p2b: Throh\n|-resisted|p2b: Throh\n|-damage|p2b: Throh|87\/100\n|move|p1a: Palpitoad|Scald|p2b: Throh\n|-damage|p2b: Throh|63\/100\n|-status|p2b: Throh|brn\n|move|p2a: Lurantis|Leaf Storm|p1a: Palpitoad\n|-supereffective|p1a: Palpitoad\n|-damage|p1a: Palpitoad|0 fnt\n|-boost|p2a: Lurantis|spa|2\n|faint|p1a: Palpitoad\n|move|p2b: Throh|Circle Throw|p1b: Thievul\n|-supereffective|p1b: Thievul\n|-damage|p1b: Thievul|0 fnt\n|faint|p1b: Thievul\n|\n|-weather|Sandstorm|[upkeep]\n|-damage|p2a: Lurantis|94\/100|[from] Sandstorm\n|-damage|p2b: Throh|57\/100 brn|[from] Sandstorm\n|-heal|p2a: Lurantis|100\/100|[from] item: Leftovers\n|-heal|p2b: Throh|63\/100 brn|[from] item: Leftovers\n|-damage|p2b: Throh|57\/100 brn|[from] brn\n|upkeep\n|\n|t:|1698554940\n|switch|p1b: Boltund|Boltund, M|100\/100\n|switch|p1a: Dottler|Dottler, M|100\/100\n|turn|4\n|\n|t:|1698555002\n|move|p1b: Boltund|Wild Charge|p2a: Lurantis\n|-resisted|p2a: Lurantis\n|-damage|p2a: Lurantis|82\/100\n|-damage|p1b: Boltund|95\/100|[from] Recoil\n|move|p2a: Lurantis|Knock Off|p1b: Boltund\n|-damage|p1b: Boltund|48\/100\n|-enditem|p1b: Boltund|Choice Scarf|[from] move: Knock Off|[of] p2a: Lurantis\n|move|p2b: Throh|Knock Off|p1a: Dottler\n|-supereffective|p1a: Dottler\n|-damage|p1a: Dottler|16\/100\n|-enditem|p1a: Dottler|Eviolite|[from] move: Knock Off|[of] p2b: Throh\n|move|p1a: Dottler|Sticky Web|p2b: Throh\n|-sidestart|p2: Flamebyte|move: Sticky Web\n|\n|-weather|Sandstorm|[upkeep]\n|-damage|p1b: Boltund|42\/100|[from] Sandstorm\n|-damage|p2a: Lurantis|76\/100|[from] Sandstorm\n|-damage|p2b: Throh|51\/100 brn|[from] Sandstorm\n|-damage|p1a: Dottler|9\/100|[from] Sandstorm\n|-heal|p2a: Lurantis|82\/100|[from] item: Leftovers\n|-heal|p2b: Throh|57\/100 brn|[from] item: Leftovers\n|-damage|p2b: Throh|51\/100 brn|[from] brn\n|upkeep\n|turn|5\n|\n|t:|1698555206\n|switch|p1a: Greedent|Greedent, M|100\/100\n|move|p1b: Boltund|Wild Charge|p2a: Lurantis\n|-resisted|p2a: Lurantis\n|-damage|p2a: Lurantis|61\/100\n|-damage|p1b: Boltund|35\/100|[from] Recoil\n|move|p2a: Lurantis|Synthesis|p2a: Lurantis\n|-heal|p2a: Lurantis|86\/100\n|move|p2b: Throh|Knock Off|p1b: Boltund\n|-damage|p1b: Boltund|0 fnt\n|faint|p1b: Boltund\n|\n|-weather|none\n|-heal|p2a: Lurantis|92\/100|[from] item: Leftovers\n|-heal|p2b: Throh|57\/100 brn|[from] item: Leftovers\n|-damage|p2b: Throh|51\/100 brn|[from] brn\n|upkeep\n|\n|t:|1698555303\n|switch|p1b: Dottler|Dottler, M|9\/100\n|turn|6\n|\n|t:|1698555358\n|move|p2a: Lurantis|Leaf Storm|p1a: Greedent\n|-crit|p1a: Greedent\n|-damage|p1a: Greedent|10\/100\n|-boost|p2a: Lurantis|spa|2\n|-enditem|p1a: Greedent|Sitrus Berry|[eat]\n|-heal|p1a: Greedent|35\/100|[from] item: Sitrus Berry\n|-heal|p1a: Greedent|68\/100|[from] ability: Cheek Pouch\n|move|p1b: Dottler|Psychic|p2b: Throh\n|-supereffective|p2b: Throh\n|-damage|p2b: Throh|21\/100 brn\n|move|p1a: Greedent|Seed Bomb|p2b: Throh\n|-damage|p2b: Throh|0 fnt\n|faint|p2b: Throh\n|\n|-heal|p2a: Lurantis|98\/100|[from] item: Leftovers\n|upkeep\n|\n|t:|1698555412\n|switch|p2b: Leafeon|Leafeon, F|100\/100\n|-activate|p2b: Leafeon|move: Sticky Web\n|-unboost|p2b: Leafeon|spe|1\n|turn|7\n|\n|t:|1698555553\n|move|p2b: Leafeon|Knock Off|p1a: Greedent\n|-damage|p1a: Greedent|51\/100\n|move|p2a: Lurantis|Leaf Storm|p1a: Greedent\n|-damage|p1a: Greedent|0 fnt\n|-boost|p2a: Lurantis|spa|2\n|faint|p1a: Greedent\n|move|p1b: Dottler|Psychic|p2b: Leafeon\n|-damage|p2b: Leafeon|76\/100\n|\n|-heal|p2b: Leafeon|82\/100|[from] item: Leftovers\n|-heal|p2a: Lurantis|100\/100|[from] item: Leftovers\n|upkeep\n|\n|t:|1698555567\n|switch|p1a: Silicobra|Silicobra, F|33\/100 brn\n|turn|8\n|\n|t:|1698555733\n|move|p1b: Dottler|Protect|p1b: Dottler\n|-singleturn|p1b: Dottler|Protect\n|move|p2b: Leafeon|Leaf Blade|p1a: Silicobra\n|-supereffective|p1a: Silicobra\n|-damage|p1a: Silicobra|0 fnt\n|-weather|Sandstorm|[from] ability: Sand Spit|[of] p1a: Silicobra\n|faint|p1a: Silicobra\n|move|p2a: Lurantis|Synthesis|p2a: Lurantis\n|-fail|p2a: Lurantis|heal\n|\n|-weather|Sandstorm|[upkeep]\n|-damage|p2b: Leafeon|76\/100|[from] Sandstorm\n|-damage|p2a: Lurantis|94\/100|[from] Sandstorm\n|-damage|p1b: Dottler|3\/100|[from] Sandstorm\n|-heal|p2b: Leafeon|82\/100|[from] item: Leftovers\n|-heal|p2a: Lurantis|100\/100|[from] item: Leftovers\n|upkeep\n|turn|9\n|\n|t:|1698555807\n|move|p2b: Leafeon|Leaf Blade|p1b: Dottler\n|-resisted|p1b: Dottler\n|-damage|p1b: Dottler|0 fnt\n|faint|p1b: Dottler\n|\n|win|Flamebyte\n","uploadtime":1698555992,"views":8,"p1id":"limplight","p2id":"flamebyte","formatid":"gen9nationaldexdoubles","rating":0,"private":0,"password":""}