{"id":"gen9nationaldexdoubles-1954197129","p1":"Art_0r","p2":"DragsIThink","format":"[Gen 9] National Dex Doubles","log":"|j|\u2606Art_0r\n|j|\u2606DragsIThink\n|t:|1695863965\n|gametype|doubles\n|player|p1|Art_0r|marnie|1031\n|player|p2|DragsIThink|roxie|1231\n|teamsize|p1|6\n|teamsize|p2|6\n|gen|9\n|tier|[Gen 9] National Dex Doubles\n|rated|\n|rule|HP Percentage Mod: HP is shown in percentages\n|rule|Endless Battle Clause: Forcing endless battles is banned\n|rule|OHKO Clause: OHKO moves are banned\n|rule|Evasion Moves Clause: Evasion moves are banned\n|rule|Evasion Abilities Clause: Evasion abilities are banned\n|rule|Species Clause: Limit one of each Pok\u00e9mon\n|rule|Gravity Sleep Clause: The combination of sleep-inducing moves with imperfect accuracy and Gravity or Gigantamax Orbeetle are banned\n|clearpoke\n|poke|p1|Politoed, F|\n|poke|p1|Ludicolo, M|\n|poke|p1|Snorlax, M|\n|poke|p1|Ribombee, M|\n|poke|p1|Weavile, M|\n|poke|p1|Infernape, F|\n|poke|p2|Tornadus, M|\n|poke|p2|Shiftry, F|\n|poke|p2|Chien-Pao|\n|poke|p2|Landorus-Therian, M|\n|poke|p2|Kilowattrel, F|\n|poke|p2|Whimsicott, F|\n|teampreview\n|\n|t:|1695863973\n|start\n|switch|p1a: Snorlax|Snorlax, M|100\/100\n|switch|p1b: Ribombee|Ribombee, M|100\/100\n|switch|p2a: Muscles|Tornadus, M|100\/100\n|switch|p2b: oni|Shiftry, F|100\/100\n|turn|1\n|\n|t:|1695863990\n|move|p2b: oni|Fake Out|p1b: Ribombee\n|-damage|p1b: Ribombee|77\/100\n|-damage|p2b: oni|91\/100|[from] item: Life Orb\n|move|p2a: Muscles|Tailwind|p2a: Muscles\n|-sidestart|p2: DragsIThink|move: Tailwind\n|-ability|p2b: oni|Wind Rider|boost\n|-boost|p2b: oni|atk|1\n|move|p1b: Ribombee|Quiver Dance|p1b: Ribombee\n|-boost|p1b: Ribombee|spa|1\n|-boost|p1b: Ribombee|spd|1\n|-boost|p1b: Ribombee|spe|1\n|move|p1a: Snorlax|Belly Drum|p1a: Snorlax\n|-damage|p1a: Snorlax|51\/100\n|-setboost|p1a: Snorlax|atk|6|[from] move: Belly Drum\n|\n|upkeep\n|turn|2\n|\n|t:|1695864027\n|-terastallize|p2b: oni|Bug\n|move|p2a: Muscles|Chilling Water|p1b: Ribombee\n|-damage|p1b: Ribombee|63\/100\n|move|p1b: Ribombee|Psych Up|p1a: Snorlax\n|-copyboost|p1b: Ribombee|p1a: Snorlax|[from] move: Psych Up\n|move|p2b: oni|Leaf Blade|p1a: Snorlax\n|-damage|p1a: Snorlax|0 fnt\n|-damage|p2b: oni|74\/100|[from] item: Rocky Helmet|[of] p1a: Snorlax\n|faint|p1a: Snorlax\n|-damage|p2b: oni|64\/100|[from] item: Life Orb\n|\n|upkeep\n|\n|t:|1695864047\n|switch|p1a: Infernape|Infernape, F|100\/100\n|turn|3\n|\n|t:|1695864062\n|move|p2a: Muscles|Chilling Water|p1a: Infernape\n|-supereffective|p1a: Infernape\n|-damage|p1a: Infernape|58\/100\n|-unboost|p1a: Infernape|atk|1\n|move|p2b: oni|Knock Off|p1a: Infernape\n|-resisted|p1a: Infernape\n|-crit|p1a: Infernape\n|-damage|p1a: Infernape|0 fnt\n|-enditem|p1a: Infernape|Heavy-Duty Boots|[from] move: Knock Off|[of] p2b: oni\n|faint|p1a: Infernape\n|-damage|p2b: oni|54\/100|[from] item: Life Orb\n|move|p1b: Ribombee|Baton Pass|p1b: Ribombee\n|\n|t:|1695864074\n|switch|p1b: Weavile|Weavile, M|100\/100|[from] Baton Pass\n|\n|upkeep\n|\n|t:|1695864082\n|switch|p1a: Ludicolo|Ludicolo, M|100\/100\n|turn|4\n|\n|t:|1695864104\n|-terastallize|p1a: Ludicolo|Ground\n|move|p2a: Muscles|Protect|p2a: Muscles\n|-singleturn|p2a: Muscles|Protect\n|move|p2b: oni|Leaf Blade|p1b: Weavile\n|-damage|p1b: Weavile|0 fnt\n|faint|p1b: Weavile\n|-damage|p2b: oni|44\/100|[from] item: Life Orb\n|move|p1a: Ludicolo|Scald|p2b: oni\n|-damage|p2b: oni|0 fnt\n|faint|p2b: oni\n|\n|-sideend|p2: DragsIThink|move: Tailwind\n|upkeep\n|\n|t:|1695864123\n|switch|p1b: Politoed|Politoed, F|100\/100\n|switch|p2b: Scawy Leopard|Chien-Pao|100\/100\n|-ability|p2b: Scawy Leopard|Sword of Ruin\n|-weather|RainDance|[from] ability: Drizzle|[of] p1b: Politoed\n|turn|5\n|\n|t:|1695864141\n|move|p2a: Muscles|Tailwind|p2a: Muscles\n|-sidestart|p2: DragsIThink|move: Tailwind\n|move|p2b: Scawy Leopard|Icicle Crash|p1a: Ludicolo\n|-supereffective|p1a: Ludicolo\n|-damage|p1a: Ludicolo|0 fnt\n|faint|p1a: Ludicolo\n|move|p1b: Politoed|Ice Beam|p2a: Muscles\n|-supereffective|p2a: Muscles\n|-damage|p2a: Muscles|39\/100\n|\n|-weather|RainDance|[upkeep]\n|-heal|p2a: Muscles|45\/100|[from] item: Leftovers\n|upkeep\n|\n|t:|1695864151\n|switch|p1a: Ribombee|Ribombee, M|63\/100\n|turn|6\n|\n|t:|1695864185\n|move|p2a: Muscles|Protect|p2a: Muscles\n|-singleturn|p2a: Muscles|Protect\n|move|p2b: Scawy Leopard|Icicle Crash|p1a: Ribombee\n|-damage|p1a: Ribombee|0 fnt\n|faint|p1a: Ribombee\n|move|p1b: Politoed|Ice Beam|p2a: Muscles\n|-activate|p2a: Muscles|move: Protect\n|\n|-weather|RainDance|[upkeep]\n|-heal|p2a: Muscles|51\/100|[from] item: Leftovers\n|upkeep\n|turn|7\n|-message|Art_0r forfeited.\n|\n|win|DragsIThink\n|raw|Art_0r's rating: 1031 &rarr; <strong>1024<\/strong><br \/>(-7 for losing)\n|raw|DragsIThink's rating: 1231 &rarr; <strong>1243<\/strong><br \/>(+12 for winning)\n|l|\u2606Art_0r\n","uploadtime":1695864208,"views":11,"p1id":"art0r","p2id":"dragsithink","formatid":"gen9nationaldexdoubles","rating":1024,"private":0,"password":""}