{"id":"gen9nationaldexdoubles-1983462999","p1":"Kingcheetah009","p2":"vibrava9000","format":"[Gen 9] National Dex Doubles","log":"|j|\u2606Kingcheetah009\n|j|\u2606vibrava9000\n|t:|1699132771\n|gametype|doubles\n|player|p1|Kingcheetah009|265|\n|player|p2|vibrava9000|fisherman-gen4|\n|teamsize|p1|6\n|teamsize|p2|6\n|gen|9\n|tier|[Gen 9] National Dex Doubles\n|rule|HP Percentage Mod: HP is shown in percentages\n|rule|Endless Battle Clause: Forcing endless battles is banned\n|rule|OHKO Clause: OHKO moves are banned\n|rule|Evasion Moves Clause: Evasion moves are banned\n|rule|Evasion Abilities Clause: Evasion abilities are banned\n|rule|Species Clause: Limit one of each Pok\u00e9mon\n|rule|Gravity Sleep Clause: The combination of sleep-inducing moves with imperfect accuracy and Gravity or Gigantamax Orbeetle are banned\n|clearpoke\n|poke|p1|Sylveon, F|\n|poke|p1|Jolteon, M|\n|poke|p1|Umbreon, M|\n|poke|p1|Vaporeon, F|\n|poke|p1|Flareon, M|\n|poke|p1|Espeon, F|\n|poke|p2|Medicham, F|\n|poke|p2|Clefable, M|\n|poke|p2|Ferrothorn, M|\n|poke|p2|Rotom-Wash|\n|poke|p2|Landorus-Therian, M|\n|poke|p2|Weavile, M|\n|teampreview\n|l|\u2606Kingcheetah009\n|player|p1|\n|j|\u2606Kingcheetah009\n|player|p1|Kingcheetah009|265\n|\n|t:|1699132807\n|start\n|switch|p1a: Espeon|Espeon, F, shiny|100\/100\n|switch|p1b: Vaporeon|Vaporeon, F, shiny|100\/100\n|switch|p2a: Medicham|Medicham, F|100\/100\n|switch|p2b: Rotom|Rotom-Wash|100\/100\n|turn|1\n|\n|t:|1699132856\n|detailschange|p2a: Medicham|Medicham-Mega, F\n|-mega|p2a: Medicham|Medicham|Medichamite\n|move|p1a: Espeon|Dazzling Gleam|p2a: Medicham|[spread] p2a,p2b\n|-supereffective|p2a: Medicham\n|-damage|p2a: Medicham|26\/100\n|-damage|p2b: Rotom|76\/100\n|-damage|p1a: Espeon|91\/100|[from] item: Life Orb\n|move|p2a: Medicham|Zen Headbutt|p1a: Espeon\n|-resisted|p1a: Espeon\n|-damage|p1a: Espeon|19\/100\n|move|p2b: Rotom|Volt Switch|p1b: Vaporeon\n|-supereffective|p1b: Vaporeon\n|-damage|p1b: Vaporeon|70\/100\n|\n|t:|1699132889\n|switch|p2b: Ferrothorn|Ferrothorn, M|100\/100|[from] Volt Switch\n|move|p1b: Vaporeon|Ice Beam|p2a: Medicham\n|-damage|p2a: Medicham|0 fnt\n|faint|p2a: Medicham\n|\n|-heal|p1b: Vaporeon|77\/100|[from] item: Leftovers\n|upkeep\n|l|\u2606Kingcheetah009\n|player|p1|\n|j|\u2606Kingcheetah009\n|player|p1|Kingcheetah009|265\n|\n|t:|1699132901\n|switch|p2a: Clefable|Clefable, M|100\/100\n|turn|2\n|\n|t:|1699132935\n|switch|p1b: Flareon|Flareon, M, shiny|100\/100\n|move|p1a: Espeon|Psychic|p2a: Clefable\n|-damage|p2a: Clefable|48\/100\n|-damage|p1a: Espeon|9\/100|[from] item: Life Orb\n|move|p2a: Clefable|Moonblast|p1a: Espeon\n|-damage|p1a: Espeon|0 fnt\n|faint|p1a: Espeon\n|move|p2b: Ferrothorn|Iron Head|p1b: Flareon\n|-resisted|p1b: Flareon\n|-damage|p1b: Flareon|79\/100\n|\n|-heal|p2a: Clefable|54\/100|[from] item: Leftovers\n|-status|p1b: Flareon|tox|[from] item: Toxic Orb\n|upkeep\n|\n|t:|1699132969\n|switch|p1a: Jolteon|Jolteon, M, shiny|100\/100\n|turn|3\n|c|\u2606vibrava9000|I see you like eeveelutions\n|c|\u2606Kingcheetah009|A little lol\n|\n|t:|1699133049\n|move|p1a: Jolteon|Thunderbolt|p2a: Clefable\n|-damage|p2a: Clefable|5\/100\n|-damage|p1a: Jolteon|91\/100|[from] item: Life Orb\n|move|p1b: Flareon|Flare Blitz|p2b: Ferrothorn\n|-supereffective|p2b: Ferrothorn\n|-damage|p2b: Ferrothorn|0 fnt\n|-damage|p1b: Flareon|67\/100 tox|[from] ability: Iron Barbs|[of] p2b: Ferrothorn\n|-damage|p1b: Flareon|50\/100 tox|[from] item: Rocky Helmet|[of] p2b: Ferrothorn\n|faint|p2b: Ferrothorn\n|-damage|p1b: Flareon|16\/100 tox|[from] Recoil\n|move|p2a: Clefable|Moonblast|p1b: Flareon\n|-resisted|p1b: Flareon\n|-damage|p1b: Flareon|2\/100 tox\n|\n|-heal|p2a: Clefable|11\/100|[from] item: Leftovers\n|-damage|p1b: Flareon|0 fnt|[from] psn\n|faint|p1b: Flareon\n|upkeep\n|\n|t:|1699133071\n|switch|p1b: Sylveon|Sylveon, F, shiny|100\/100\n|switch|p2b: Weavile|Weavile, M|100\/100\n|-ability|p2b: Weavile|Pressure\n|turn|4\n|\n|t:|1699133109\n|move|p1a: Jolteon|Thunderbolt|p2b: Weavile\n|-damage|p2b: Weavile|21\/100\n|-damage|p1a: Jolteon|81\/100|[from] item: Life Orb\n|move|p2b: Weavile|Knock Off|p1a: Jolteon\n|-damage|p1a: Jolteon|0 fnt\n|-enditem|p1a: Jolteon|Life Orb|[from] move: Knock Off|[of] p2b: Weavile\n|faint|p1a: Jolteon\n|move|p2a: Clefable|Moonblast|p1b: Sylveon\n|-damage|p1b: Sylveon|80\/100\n|move|p1b: Sylveon|Shadow Ball|p2a: Clefable\n|-damage|p2a: Clefable|0 fnt\n|faint|p2a: Clefable\n|\n|upkeep\n|\n|t:|1699133131\n|switch|p1a: Umbreon|Umbreon, M, shiny|100\/100\n|switch|p2a: Rotom|Rotom-Wash|76\/100\n|turn|5\n|\n|t:|1699133150\n|move|p2b: Weavile|Knock Off|p1a: Umbreon\n|-resisted|p1a: Umbreon\n|-damage|p1a: Umbreon|70\/100\n|-enditem|p1a: Umbreon|Leftovers|[from] move: Knock Off|[of] p2b: Weavile\n|move|p2a: Rotom|Volt Switch|p1b: Sylveon\n|-damage|p1b: Sylveon|63\/100\n|\n|t:|1699133160\n|switch|p2a: Landorus|Landorus-Therian, M|100\/100|[from] Volt Switch\n|-ability|p2a: Landorus|Intimidate|boost\n|-unboost|p1a: Umbreon|atk|1\n|-unboost|p1b: Sylveon|atk|1\n|move|p1a: Umbreon|Foul Play|p2b: Weavile\n|-resisted|p2b: Weavile\n|-damage|p2b: Weavile|0 fnt\n|faint|p2b: Weavile\n|move|p1b: Sylveon|Shadow Ball|p2a: Landorus\n|-damage|p2a: Landorus|47\/100\n|\n|upkeep\n|\n|t:|1699133184\n|switch|p2b: Rotom|Rotom-Wash|76\/100\n|turn|6\n|\n|t:|1699133202\n|move|p2a: Landorus|Stone Edge|p1a: Umbreon\n|-damage|p1a: Umbreon|40\/100\n|move|p2b: Rotom|Hydro Pump|p2a: Landorus\n|-supereffective|p2a: Landorus\n|-damage|p2a: Landorus|0 fnt\n|faint|p2a: Landorus\n|move|p1a: Umbreon|Foul Play|p2b: Rotom\n|-damage|p2b: Rotom|60\/100\n|move|p1b: Sylveon|Shadow Ball|p2b: Rotom\n|-damage|p2b: Rotom|25\/100\n|\n|upkeep\n|turn|7\n|\n|t:|1699133225\n|move|p2b: Rotom|Thunder Wave|p1a: Umbreon\n|-status|p1a: Umbreon|par\n|-activate|p1a: Umbreon|ability: Synchronize\n|-immune|p2b: Rotom\n|move|p1b: Sylveon|Shadow Ball|p2b: Rotom\n|-damage|p2b: Rotom|0 fnt\n|faint|p2b: Rotom\n|\n|win|Kingcheetah009\n|c|\u2606Kingcheetah009|Gg\n","uploadtime":1699133240,"views":18,"p1id":"kingcheetah009","p2id":"vibrava9000","formatid":"gen9nationaldexdoubles","rating":0,"private":0,"password":""}