{"id":"gen9nationaldexdoubles-1961232079","p1":"JoshyJoshyC","p2":"xinlanchenwen","format":"[Gen 9] National Dex Doubles","log":"|j|\u2606JoshyJoshyC\n|j|\u2606xinlanchenwen\n|t:|1696608223\n|gametype|doubles\n|player|p1|JoshyJoshyC|lucas|1157\n|player|p2|xinlanchenwen|169|1089\n|teamsize|p1|6\n|teamsize|p2|6\n|gen|9\n|tier|[Gen 9] National Dex Doubles\n|rated|\n|rule|HP Percentage Mod: HP is shown in percentages\n|rule|Endless Battle Clause: Forcing endless battles is banned\n|rule|OHKO Clause: OHKO moves are banned\n|rule|Evasion Moves Clause: Evasion moves are banned\n|rule|Evasion Abilities Clause: Evasion abilities are banned\n|rule|Species Clause: Limit one of each Pok\u00e9mon\n|rule|Gravity Sleep Clause: The combination of sleep-inducing moves with imperfect accuracy and Gravity or Gigantamax Orbeetle are banned\n|clearpoke\n|poke|p1|Garchomp, M|\n|poke|p1|Tyranitar, M|\n|poke|p1|Gastrodon-East, M|\n|poke|p1|Scizor, F|\n|poke|p1|Skarmory, M|\n|poke|p1|Gliscor, F|\n|poke|p2|Iron Hands|\n|poke|p2|Tapu Koko|\n|poke|p2|Tornadus, M|\n|poke|p2|Dudunsparce-*, M|\n|poke|p2|Jolteon, F|\n|poke|p2|Houndoom, M|\n|teampreview\n|inactive|Battle timer is ON: inactive players will automatically lose when time's up. (requested by xinlanchenwen)\n|\n|t:|1696608234\n|start\n|switch|p1a: Tyranitar|Tyranitar, M|100\/100\n|switch|p1b: Skarmory|Skarmory, M|100\/100\n|switch|p2a: Iron Hands|Iron Hands|100\/100\n|switch|p2b: Tapu Koko|Tapu Koko|100\/100\n|-fieldstart|move: Electric Terrain|[from] ability: Electric Surge|[of] p2b: Tapu Koko\n|-activate|p2a: Iron Hands|ability: Quark Drive\n|-start|p2a: Iron Hands|quarkdriveatk\n|-weather|Sandstorm|[from] ability: Sand Stream|[of] p1a: Tyranitar\n|turn|1\n|\n|t:|1696608254\n|move|p2a: Iron Hands|Fake Out|p1a: Tyranitar\n|-resisted|p1a: Tyranitar\n|-damage|p1a: Tyranitar|93\/100\n|move|p2b: Tapu Koko|Wild Charge|p1b: Skarmory\n|-supereffective|p1b: Skarmory\n|-damage|p1b: Skarmory|36\/100\n|-damage|p2b: Tapu Koko|84\/100|[from] item: Rocky Helmet|[of] p1b: Skarmory\n|-damage|p2b: Tapu Koko|65\/100|[from] Recoil\n|move|p1b: Skarmory|Stealth Rock|p2a: Iron Hands\n|-sidestart|p2: xinlanchenwen|move: Stealth Rock\n|cant|p1a: Tyranitar|flinch\n|\n|-weather|Sandstorm|[upkeep]\n|-damage|p2b: Tapu Koko|59\/100|[from] Sandstorm\n|-damage|p2a: Iron Hands|94\/100|[from] Sandstorm\n|upkeep\n|turn|2\n|\n|t:|1696608272\n|switch|p1b: Gliscor|Gliscor, F|100\/100\n|move|p2b: Tapu Koko|Wild Charge|p1b: Gliscor\n|-immune|p1b: Gliscor\n|move|p1a: Tyranitar|Knock Off|p2a: Iron Hands\n|-resisted|p2a: Iron Hands\n|-damage|p2a: Iron Hands|81\/100\n|-enditem|p2a: Iron Hands|Assault Vest|[from] move: Knock Off|[of] p1a: Tyranitar\n|move|p2a: Iron Hands|Close Combat|p1a: Tyranitar\n|-supereffective|p1a: Tyranitar\n|-damage|p1a: Tyranitar|0 fnt\n|-unboost|p2a: Iron Hands|def|1\n|-unboost|p2a: Iron Hands|spd|1\n|faint|p1a: Tyranitar\n|\n|-weather|Sandstorm|[upkeep]\n|-damage|p2b: Tapu Koko|53\/100|[from] Sandstorm\n|-damage|p2a: Iron Hands|75\/100|[from] Sandstorm\n|-status|p1b: Gliscor|tox|[from] item: Toxic Orb\n|upkeep\n|inactive|JoshyJoshyC has 120 seconds left.\n|\n|t:|1696608293\n|switch|p1a: Scizor|Scizor, F|100\/100\n|turn|3\n|inactive|JoshyJoshyC has 120 seconds left.\n|\n|t:|1696608327\n|move|p1a: Scizor|Bullet Punch|p2b: Tapu Koko\n|-damage|p2b: Tapu Koko|0 fnt\n|faint|p2b: Tapu Koko\n|-damage|p1a: Scizor|91\/100|[from] item: Life Orb\n|move|p1b: Gliscor|Tailwind|p1b: Gliscor\n|-sidestart|p1: JoshyJoshyC|move: Tailwind\n|move|p2a: Iron Hands|Close Combat|p1a: Scizor\n|-damage|p1a: Scizor|0 fnt\n|-unboost|p2a: Iron Hands|def|1\n|-unboost|p2a: Iron Hands|spd|1\n|faint|p1a: Scizor\n|\n|-weather|Sandstorm|[upkeep]\n|-damage|p2a: Iron Hands|69\/100|[from] Sandstorm\n|upkeep\n|\n|t:|1696608340\n|switch|p2b: Jolteon|Jolteon, F|100\/100\n|switch|p1a: Garchomp|Garchomp, M|100\/100\n|-damage|p2b: Jolteon|88\/100|[from] Stealth Rock\n|turn|4\n|\n|t:|1696608361\n|-end|p2a: Iron Hands|Quark Drive|[silent]\n|switch|p2a: Dudunsparce|Dudunsparce-Three-Segment, M|100\/100\n|-damage|p2a: Dudunsparce|88\/100|[from] Stealth Rock\n|detailschange|p1a: Garchomp|Garchomp-Mega, M\n|-mega|p1a: Garchomp|Garchomp|Garchompite\n|move|p1b: Gliscor|Swords Dance|p1b: Gliscor\n|-boost|p1b: Gliscor|atk|2\n|move|p1a: Garchomp|Earthquake|p2a: Dudunsparce|[spread] p2a,p2b\n|-immune|p1b: Gliscor\n|-supereffective|p2b: Jolteon\n|-damage|p2a: Dudunsparce|35\/100\n|-damage|p2b: Jolteon|0 fnt\n|faint|p2b: Jolteon\n|\n|-weather|Sandstorm|[upkeep]\n|-damage|p2a: Dudunsparce|29\/100|[from] Sandstorm\n|upkeep\n|\n|t:|1696608366\n|switch|p2b: Iron Hands|Iron Hands|69\/100\n|-damage|p2b: Iron Hands|63\/100|[from] Stealth Rock\n|-activate|p2b: Iron Hands|ability: Quark Drive\n|-start|p2b: Iron Hands|quarkdriveatk\n|turn|5\n|\n|t:|1696608380\n|move|p2b: Iron Hands|Fake Out|p1a: Garchomp\n|-damage|p1a: Garchomp|81\/100\n|move|p1b: Gliscor|Earthquake|p2b: Iron Hands|[spread] p1a,p2a,p2b\n|-supereffective|p2b: Iron Hands\n|-damage|p1a: Garchomp|29\/100\n|-damage|p2a: Dudunsparce|0 fnt\n|-damage|p2b: Iron Hands|0 fnt\n|faint|p2a: Dudunsparce\n|faint|p2b: Iron Hands\n|-end|p2b: Iron Hands|Quark Drive|[silent]\n|cant|p1a: Garchomp|flinch\n|\n|-weather|Sandstorm|[upkeep]\n|-fieldend|move: Electric Terrain\n|upkeep\n|\n|t:|1696608386\n|switch|p2a: Tornadus|Tornadus, M|100\/100\n|switch|p2b: Houndoom|Houndoom, M|100\/100\n|-damage|p2a: Tornadus|75\/100|[from] Stealth Rock\n|-damage|p2b: Houndoom|75\/100|[from] Stealth Rock\n|turn|6\n|\n|t:|1696608402\n|detailschange|p2b: Houndoom|Houndoom-Mega, M\n|-mega|p2b: Houndoom|Houndoom|Houndoominite\n|move|p2a: Tornadus|Tailwind|p2a: Tornadus\n|-sidestart|p2: xinlanchenwen|move: Tailwind\n|move|p2b: Houndoom|Heat Wave|p1b: Gliscor|[spread] p1a,p1b\n|-resisted|p1a: Garchomp\n|-damage|p1a: Garchomp|8\/100\n|-damage|p1b: Gliscor|46\/100 tox\n|move|p1b: Gliscor|Facade|p2a: Tornadus\n|-damage|p2a: Tornadus|0 fnt\n|faint|p2a: Tornadus\n|move|p1a: Garchomp|Earthquake|p2b: Houndoom|[spread] p2b\n|-immune|p1b: Gliscor\n|-supereffective|p2b: Houndoom\n|-damage|p2b: Houndoom|0 fnt\n|faint|p2b: Houndoom\n|\n|win|JoshyJoshyC\n|raw|JoshyJoshyC's rating: 1157 &rarr; <strong>1177<\/strong><br \/>(+20 for winning)\n|raw|xinlanchenwen's rating: 1089 &rarr; <strong>1070<\/strong><br \/>(-19 for losing)\n|l|\u2606xinlanchenwen\n|l|\u2606JoshyJoshyC\n|j|\u2606JoshyJoshyC\n|player|p1|JoshyJoshyC|lucas\n","uploadtime":1696608502,"views":6,"p1id":"joshyjoshyc","p2id":"xinlanchenwen","formatid":"gen9nationaldexdoubles","rating":1070,"private":0,"password":""}