{"id":"gen9nationaldexdoubles-1990522877","p1":"Saywha413","p2":"Ax0lol","format":"[Gen 9] National Dex Doubles","log":"|j|\u2606Saywha413\n|j|\u2606Ax0lol\n|t:|1699978419\n|gametype|doubles\n|player|p1|Saywha413|hugh|1093\n|player|p2|Ax0lol|lady-gen4|1073\n|teamsize|p1|6\n|teamsize|p2|6\n|gen|9\n|tier|[Gen 9] National Dex Doubles\n|rated|\n|rule|HP Percentage Mod: HP is shown in percentages\n|rule|Endless Battle Clause: Forcing endless battles is banned\n|rule|OHKO Clause: OHKO moves are banned\n|rule|Evasion Moves Clause: Evasion moves are banned\n|rule|Evasion Abilities Clause: Evasion abilities are banned\n|rule|Species Clause: Limit one of each Pok\u00e9mon\n|rule|Gravity Sleep Clause: The combination of sleep-inducing moves with imperfect accuracy and Gravity or Gigantamax Orbeetle are banned\n|clearpoke\n|poke|p1|Bouffalant, M|\n|poke|p1|Eelektross, F|\n|poke|p1|Flygon, F|\n|poke|p1|Serperior, F|\n|poke|p1|Salamence, M|\n|poke|p1|Arcanine, F|\n|poke|p2|Dipplin, M|\n|poke|p2|Chi-Yu|\n|poke|p2|Iron Bundle|\n|poke|p2|Cetitan, F|\n|poke|p2|Indeedee-F, F|\n|poke|p2|Hatterene, F|\n|teampreview\n|\n|t:|1699978426\n|start\n|switch|p1a: Bouffalant|Bouffalant, M|100\/100\n|switch|p1b: Eelektross|Eelektross, F|100\/100\n|switch|p2a: Iron Bundle|Iron Bundle|100\/100\n|switch|p2b: Cetitan|Cetitan, F|100\/100\n|-enditem|p2a: Iron Bundle|Booster Energy\n|-activate|p2a: Iron Bundle|ability: Quark Drive|[fromitem]\n|-start|p2a: Iron Bundle|quarkdrivespe\n|turn|1\n|\n|t:|1699978439\n|move|p2a: Iron Bundle|Snowscape|p2a: Iron Bundle\n|-weather|Snow\n|move|p2b: Cetitan|Belly Drum|p2b: Cetitan\n|-damage|p2b: Cetitan|50\/100\n|-setboost|p2b: Cetitan|atk|6|[from] move: Belly Drum\n|move|p1a: Bouffalant|Head Charge|p2a: Iron Bundle\n|-damage|p2a: Iron Bundle|12\/100\n|-damage|p1a: Bouffalant|84\/100|[from] Recoil\n|move|p1b: Eelektross|Thunderbolt|p2a: Iron Bundle\n|-supereffective|p2a: Iron Bundle\n|-damage|p2a: Iron Bundle|0 fnt\n|faint|p2a: Iron Bundle\n|-end|p2a: Iron Bundle|Quark Drive|[silent]\n|\n|-weather|Snow|[upkeep]\n|upkeep\n|\n|t:|1699978443\n|switch|p2a: Dipplin|Dipplin, M|100\/100\n|-ability|p2a: Dipplin|Supersweet Syrup\n|-ability|p2a: Dipplin|Supersweet Syrup|boost\n|-unboost|p1a: Bouffalant|evasion|1\n|-unboost|p1b: Eelektross|evasion|1\n|turn|2\n|\n|t:|1699978466\n|move|p2b: Cetitan|Icicle Crash|p1b: Eelektross\n|-damage|p1b: Eelektross|0 fnt\n|faint|p1b: Eelektross\n|move|p1a: Bouffalant|Head Charge|p2b: Cetitan\n|-damage|p2b: Cetitan|0 fnt\n|faint|p2b: Cetitan\n|-damage|p1a: Bouffalant|65\/100|[from] Recoil\n|move|p2a: Dipplin|Pollen Puff|p2: Cetitan|[notarget]\n|-fail|p2a: Dipplin\n|\n|-weather|Snow|[upkeep]\n|upkeep\n|\n|t:|1699978482\n|switch|p2b: Chi-Yu|Chi-Yu|100\/100\n|switch|p1b: Arcanine|Arcanine, F|100\/100\n|-ability|p2b: Chi-Yu|Beads of Ruin\n|-ability|p1b: Arcanine|Intimidate|boost\n|-unboost|p2a: Dipplin|atk|1\n|-unboost|p2b: Chi-Yu|atk|1\n|turn|3\n|\n|t:|1699978508\n|move|p2b: Chi-Yu|Nasty Plot|p2b: Chi-Yu\n|-boost|p2b: Chi-Yu|spa|2\n|move|p1b: Arcanine|Raging Fury|p2b: Chi-Yu\n|-resisted|p2b: Chi-Yu\n|-damage|p2b: Chi-Yu|51\/100\n|move|p1a: Bouffalant|Head Charge|p2b: Chi-Yu\n|-damage|p2b: Chi-Yu|0 fnt\n|faint|p2b: Chi-Yu\n|-damage|p1a: Bouffalant|56\/100|[from] Recoil\n|move|p2a: Dipplin|Syrup Bomb|p1a: Bouffalant\n|-damage|p1a: Bouffalant|34\/100\n|-start|p1a: Bouffalant|Syrup Bomb\n|\n|-weather|Snow|[upkeep]\n|-unboost|p1a: Bouffalant|spe|1\n|upkeep\n|\n|t:|1699978514\n|switch|p2b: Indeedee|Indeedee-F, F|100\/100\n|-fieldstart|move: Psychic Terrain|[from] ability: Psychic Surge|[of] p2b: Indeedee\n|turn|4\n|\n|t:|1699978529\n|move|p1b: Arcanine|Raging Fury|p2a: Dipplin|[from]lockedmove\n|-damage|p2a: Dipplin|68\/100\n|-start|p1b: Arcanine|confusion|[fatigue]\n|move|p2a: Dipplin|Draco Meteor|p1a: Bouffalant\n|-damage|p1a: Bouffalant|0 fnt\n|-unboost|p2a: Dipplin|spa|2\n|faint|p1a: Bouffalant\n|move|p2b: Indeedee|Trick Room|p2b: Indeedee\n|-fieldstart|move: Trick Room|[of] p2b: Indeedee\n|\n|-weather|Snow|[upkeep]\n|upkeep\n|\n|t:|1699978551\n|switch|p1a: Salamence|Salamence, M|100\/100\n|-ability|p1a: Salamence|Intimidate|boost\n|-unboost|p2a: Dipplin|atk|1\n|-unboost|p2b: Indeedee|atk|1\n|turn|5\n|\n|t:|1699978568\n|detailschange|p1a: Salamence|Salamence-Mega, M\n|-mega|p1a: Salamence|Salamence|Salamencite\n|-terastallize|p2b: Indeedee|Psychic\n|-activate|p1b: Arcanine|confusion\n|-damage|p1b: Arcanine|84\/100|[from] confusion\n|move|p2a: Dipplin|Draco Meteor|p1a: Salamence\n|-supereffective|p1a: Salamence\n|-damage|p1a: Salamence|42\/100\n|-unboost|p2a: Dipplin|spa|2\n|move|p2b: Indeedee|Expanding Force|p1a: Salamence|[spread] p1a,p1b\n|-damage|p1a: Salamence|0 fnt\n|-damage|p1b: Arcanine|17\/100\n|faint|p1a: Salamence\n|\n|-weather|none\n|upkeep\n|\n|t:|1699978589\n|switch|p1a: Serperior|Serperior, F|100\/100\n|turn|6\n|\n|t:|1699978608\n|-end|p1b: Arcanine|confusion\n|move|p1b: Arcanine|Extreme Speed|p2b: Indeedee\n|-activate|p2b: Indeedee|move: Psychic Terrain\n|move|p2a: Dipplin|Pollen Puff|p1a: Serperior\n|-supereffective|p1a: Serperior\n|-damage|p1a: Serperior|85\/100\n|move|p2b: Indeedee|Expanding Force|p1b: Arcanine|[spread] p1a,p1b\n|-damage|p1a: Serperior|35\/100\n|-damage|p1b: Arcanine|0 fnt\n|faint|p1b: Arcanine\n|move|p1a: Serperior|Leaf Storm|p2b: Indeedee\n|-damage|p2b: Indeedee|68\/100\n|-boost|p1a: Serperior|spa|2\n|\n|upkeep\n|\n|t:|1699978622\n|switch|p1b: Flygon|Flygon, F|100\/100\n|turn|7\n|\n|t:|1699978639\n|move|p2a: Dipplin|Pollen Puff|p2b: Indeedee\n|-heal|p2b: Indeedee|100\/100\n|move|p2b: Indeedee|Expanding Force|p1a: Serperior|[spread] p1a,p1b\n|-damage|p1a: Serperior|0 fnt\n|-damage|p1b: Flygon|28\/100\n|faint|p1a: Serperior\n|move|p1b: Flygon|Boomburst|p2a: Dipplin|[spread] p2a,p2b\n|-damage|p2a: Dipplin|40\/100\n|-damage|p2b: Indeedee|73\/100\n|\n|upkeep\n|turn|8\n|\n|t:|1699978654\n|-terastallize|p1b: Flygon|Steel\n|move|p2a: Dipplin|Pollen Puff|p2b: Indeedee\n|-heal|p2b: Indeedee|100\/100\n|move|p2b: Indeedee|Expanding Force|p1b: Flygon\n|-resisted|p1b: Flygon\n|-damage|p1b: Flygon|0 fnt\n|faint|p1b: Flygon\n|\n|win|Ax0lol\n|raw|Saywha413's rating: 1093 &rarr; <strong>1068<\/strong><br \/>(-25 for losing)\n|raw|Ax0lol's rating: 1073 &rarr; <strong>1104<\/strong><br \/>(+31 for winning)\n|l|\u2606Saywha413\n","uploadtime":1699978689,"views":5,"p1id":"saywha413","p2id":"ax0lol","formatid":"gen9nationaldexdoubles","rating":1068,"private":0,"password":""}