{"id":"gen9nationaldexdoubles-1993744325","p1":"IncandescentCandle","p2":"Hahahhaha easy","format":"[Gen 9] National Dex Doubles","log":"|j|\u2606IncandescentCandle\n|j|\u2606Hahahhaha easy\n|t:|1700352089\n|gametype|doubles\n|player|p1|IncandescentCandle|iono|1000\n|player|p2|Hahahhaha easy|battlegirl-gen4|1053\n|teamsize|p1|6\n|teamsize|p2|6\n|gen|9\n|tier|[Gen 9] National Dex Doubles\n|rated|\n|rule|HP Percentage Mod: HP is shown in percentages\n|rule|Endless Battle Clause: Forcing endless battles is banned\n|rule|OHKO Clause: OHKO moves are banned\n|rule|Evasion Moves Clause: Evasion moves are banned\n|rule|Evasion Abilities Clause: Evasion abilities are banned\n|rule|Species Clause: Limit one of each Pok\u00e9mon\n|rule|Gravity Sleep Clause: The combination of sleep-inducing moves with imperfect accuracy and Gravity or Gigantamax Orbeetle are banned\n|clearpoke\n|poke|p1|Zygarde|\n|poke|p1|Zamazenta-*|\n|poke|p1|Jirachi|\n|poke|p1|Rillaboom, F|\n|poke|p1|Kangaskhan, F|\n|poke|p1|Glimmora, F|\n|poke|p2|Indeedee, M|\n|poke|p2|Deoxys-Attack|\n|poke|p2|Typhlosion, M|\n|poke|p2|Kartana|\n|poke|p2|Murkrow, F|\n|poke|p2|Shuckle, F|\n|teampreview\n|inactive|Battle timer is ON: inactive players will automatically lose when time's up. (requested by IncandescentCandle)\n|\n|t:|1700352145\n|start\n|switch|p1a: Rillaboom|Rillaboom, F|100\/100\n|switch|p1b: Kangaskhan|Kangaskhan, F|100\/100\n|switch|p2a: Typhlosion|Typhlosion, M|100\/100\n|switch|p2b: Deoxys|Deoxys-Attack|100\/100\n|-ability|p2b: Deoxys|Pressure\n|-fieldstart|move: Grassy Terrain|[from] ability: Grassy Surge|[of] p1a: Rillaboom\n|turn|1\n|\n|t:|1700352166\n|switch|p2a: Indeedee|Indeedee, M|100\/100\n|-fieldstart|move: Psychic Terrain|[from] ability: Psychic Surge|[of] p2a: Indeedee\n|detailschange|p1b: Kangaskhan|Kangaskhan-Mega, F\n|-mega|p1b: Kangaskhan|Kangaskhan|Kangaskhanite\n|move|p1b: Kangaskhan|Fake Out|p2b: Deoxys\n|-activate|p2b: Deoxys|move: Psychic Terrain\n|move|p1a: Rillaboom|Fake Out|p2a: Indeedee\n|-activate|p2a: Indeedee|move: Psychic Terrain\n|move|p2b: Deoxys|Psyshock|p1a: Rillaboom\n|-damage|p1a: Rillaboom|45\/100\n|\n|upkeep\n|turn|2\n|\n|t:|1700352187\n|switch|p1a: Jirachi|Jirachi|100\/100\n|move|p1b: Kangaskhan|Protect|p1b: Kangaskhan\n|-singleturn|p1b: Kangaskhan|Protect\n|move|p2b: Deoxys|Psyshock|p1a: Jirachi\n|-resisted|p1a: Jirachi\n|-damage|p1a: Jirachi|88\/100\n|move|p2a: Indeedee|Expanding Force|p1b: Kangaskhan|[spread] p1a\n|-activate|p1b: Kangaskhan|move: Protect\n|-resisted|p1a: Jirachi\n|-damage|p1a: Jirachi|78\/100\n|\n|upkeep\n|turn|3\n|inactive|IncandescentCandle has 120 seconds left.\n|inactive|Hahahhaha easy has 120 seconds left.\n|\n|t:|1700352232\n|switch|p2a: Typhlosion|Typhlosion, M|100\/100\n|switch|p1b: Glimmora|Glimmora, F|100\/100\n|move|p2b: Deoxys|Shadow Ball|p1a: Jirachi\n|-supereffective|p1a: Jirachi\n|-damage|p1a: Jirachi|30\/100\n|move|p1a: Jirachi|Iron Head|p2b: Deoxys\n|-enditem|p2b: Deoxys|Focus Sash\n|-damage|p2b: Deoxys|1\/100\n|\n|upkeep\n|turn|4\n|inactive|Hahahhaha easy has 120 seconds left.\n|\n|t:|1700352245\n|move|p1a: Jirachi|Protect|p1a: Jirachi\n|-singleturn|p1a: Jirachi|Protect\n|move|p2a: Typhlosion|Eruption|p1b: Glimmora|[spread] p1b\n|-activate|p1a: Jirachi|move: Protect\n|-resisted|p1b: Glimmora\n|-damage|p1b: Glimmora|64\/100\n|move|p2b: Deoxys|Psyshock|p1b: Glimmora\n|-supereffective|p1b: Glimmora\n|-damage|p1b: Glimmora|0 fnt\n|faint|p1b: Glimmora\n|\n|upkeep\n|\n|t:|1700352252\n|switch|p1b: Rillaboom|Rillaboom, F|45\/100\n|-fieldstart|move: Grassy Terrain|[from] ability: Grassy Surge|[of] p1b: Rillaboom\n|turn|5\n|\n|t:|1700352263\n|switch|p2b: Indeedee|Indeedee, M|100\/100\n|-fieldstart|move: Psychic Terrain|[from] ability: Psychic Surge|[of] p2b: Indeedee\n|move|p1b: Rillaboom|Fake Out|p2b: Indeedee\n|-activate|p2b: Indeedee|move: Psychic Terrain\n|move|p2a: Typhlosion|Eruption|p1a: Jirachi|[spread] p1a,p1b\n|-supereffective|p1a: Jirachi\n|-supereffective|p1b: Rillaboom\n|-damage|p1a: Jirachi|0 fnt\n|-damage|p1b: Rillaboom|0 fnt\n|faint|p1a: Jirachi\n|faint|p1b: Rillaboom\n|\n|upkeep\n|-message|IncandescentCandle forfeited.\n|\n|win|Hahahhaha easy\n|raw|IncandescentCandle's rating: 1000 &rarr; <strong>1000<\/strong><br \/>(+0 for losing)\n|raw|Hahahhaha easy's rating: 1053 &rarr; <strong>1080<\/strong><br \/>(+27 for winning)\n","uploadtime":1700352275,"views":4,"p1id":"incandescentcandle","p2id":"hahahhahaeasy","formatid":"gen9nationaldexdoubles","rating":1000,"private":0,"password":""}