{"id":"gen9nationaldexdoubles-1960339774","p1":"Ginesect","p2":"Edras16","format":"[Gen 9] National Dex Doubles","log":"|j|\u2606Ginesect\n|j|\u2606Edras16\n|t:|1696518154\n|gametype|doubles\n|player|p1|Ginesect|artist-gen4|\n|player|p2|Edras16|steven|\n|teamsize|p1|6\n|teamsize|p2|6\n|gen|9\n|tier|[Gen 9] National Dex Doubles\n|rule|HP Percentage Mod: HP is shown in percentages\n|rule|Endless Battle Clause: Forcing endless battles is banned\n|rule|OHKO Clause: OHKO moves are banned\n|rule|Evasion Moves Clause: Evasion moves are banned\n|rule|Evasion Abilities Clause: Evasion abilities are banned\n|rule|Species Clause: Limit one of each Pok\u00e9mon\n|rule|Gravity Sleep Clause: The combination of sleep-inducing moves with imperfect accuracy and Gravity or Gigantamax Orbeetle are banned\n|clearpoke\n|poke|p1|Cresselia, F|\n|poke|p1|Indeedee-F, F|\n|poke|p1|Ursaluna-Bloodmoon, M|\n|poke|p1|Armarouge, M|\n|poke|p1|Iron Hands|\n|poke|p1|Arboliva, F|\n|poke|p2|Charizard, F|\n|poke|p2|Chi-Yu|\n|poke|p2|Chandelure, M|\n|poke|p2|Tornadus, M|\n|poke|p2|Torkoal, F|\n|poke|p2|Walking Wake|\n|teampreview\n|c|\u2606Edras16|Glhf\n|j| RouteSonic\n|inactive|Battle timer is ON: inactive players will automatically lose when time's up. (requested by Edras16)\n|c|\u2606Ginesect|Glhf mate\n|\n|t:|1696518192\n|start\n|switch|p1a: Cresselia|Cresselia, F|100\/100\n|switch|p1b: Iron Hands|Iron Hands|100\/100\n|switch|p2a: Torkoal|Torkoal, F|100\/100\n|switch|p2b: Chandelure|Chandelure, M|100\/100\n|-weather|SunnyDay|[from] ability: Drought|[of] p2a: Torkoal\n|turn|1\n|\n|t:|1696518216\n|move|p1b: Iron Hands|Fake Out|p2a: Torkoal\n|-damage|p2a: Torkoal|91\/100\n|-enditem|p2a: Torkoal|Eject Button\n|\n|t:|1696518222\n|switch|p2a: Chi-Yu|Chi-Yu|100\/100\n|-ability|p2a: Chi-Yu|Beads of Ruin\n|move|p2b: Chandelure|Imprison|p2b: Chandelure\n|-start|p2b: Chandelure|move: Imprison\n|cant|p1a: Cresselia|move: Imprison|Trick Room\n|\n|-weather|SunnyDay|[upkeep]\n|upkeep\n|turn|2\n|j| Kramaltsyzer\n|c|\u2606Ginesect|Nice\n|c|\u2606Edras16|Thats right\n|c|\u2606Edras16|Fuck you\n|c|\u2606Ginesect|Nice strat\n|c|\u2606Ginesect|Full ctea\n|c|\u2606Ginesect|That's good\n|\n|t:|1696518251\n|move|p1a: Cresselia|Protect|p1a: Cresselia\n|-singleturn|p1a: Cresselia|Protect\n|move|p2a: Chi-Yu|Overheat|p1b: Iron Hands\n|-damage|p1b: Iron Hands|16\/100\n|-unboost|p2a: Chi-Yu|spa|2\n|move|p2b: Chandelure|Shadow Ball|p1a: Cresselia\n|-activate|p1a: Cresselia|move: Protect\n|move|p1b: Iron Hands|Drain Punch|p2a: Chi-Yu\n|-supereffective|p2a: Chi-Yu\n|-damage|p2a: Chi-Yu|0 fnt\n|-heal|p1b: Iron Hands|42\/100|[from] drain|[of] p2a: Chi-Yu\n|faint|p2a: Chi-Yu\n|\n|-weather|SunnyDay|[upkeep]\n|upkeep\n|\n|t:|1696518258\n|switch|p2a: Charizard|Charizard, F|100\/100\n|turn|3\n|c| Kramaltsyzer|Kaspersky detected virus\n|j| duscl0ps356\n|\n|t:|1696518285\n|switch|p1a: Indeedee|Indeedee-F, F|100\/100\n|-fieldstart|move: Psychic Terrain|[from] ability: Psychic Surge|[of] p1a: Indeedee\n|detailschange|p2a: Charizard|Charizard-Mega-Y, F\n|-mega|p2a: Charizard|Charizard|Charizardite Y\n|move|p2b: Chandelure|Shadow Ball|p1a: Indeedee\n|-immune|p1a: Indeedee\n|move|p2a: Charizard|Heat Wave|p1b: Iron Hands|[spread] p1a,p1b\n|-damage|p1a: Indeedee|55\/100\n|-damage|p1b: Iron Hands|5\/100\n|move|p1b: Iron Hands|Wild Charge|p2a: Charizard\n|-supereffective|p2a: Charizard\n|-crit|p2a: Charizard\n|-damage|p2a: Charizard|0 fnt\n|faint|p2a: Charizard\n|-damage|p1b: Iron Hands|0 fnt|[from] Recoil\n|faint|p1b: Iron Hands\n|-end|p1b: Iron Hands|Quark Drive|[silent]\n|\n|-weather|SunnyDay|[upkeep]\n|upkeep\n|c|\u2606Edras16|Full cteam? I just changed one pokemon\n|\n|t:|1696518313\n|switch|p2a: Walking Wake|Walking Wake|100\/100\n|switch|p1b: Armarouge|Armarouge, M|100\/100\n|-activate|p2a: Walking Wake|ability: Protosynthesis\n|-start|p2a: Walking Wake|protosynthesisspe\n|turn|4\n|\n|t:|1696518335\n|-terastallize|p1b: Armarouge|Psychic\n|move|p1a: Indeedee|Follow Me|p1a: Indeedee\n|-singleturn|p1a: Indeedee|move: Follow Me\n|move|p2a: Walking Wake|Hydro Steam|p1a: Indeedee\n|-damage|p1a: Indeedee|0 fnt\n|faint|p1a: Indeedee\n|move|p2b: Chandelure|Shadow Ball|p1b: Armarouge\n|-supereffective|p1b: Armarouge\n|-damage|p1b: Armarouge|0 fnt\n|faint|p1b: Armarouge\n|\n|-weather|SunnyDay|[upkeep]\n|upkeep\n|c|\u2606Ginesect|Ooh\n|c|\u2606Edras16|Nuh uh\n|c| duscl0ps356|goobed\n|inactive|Ginesect has 270 seconds left.\n|c|\u2606Ginesect|Nice\n|\n|t:|1696518369\n|switch|p1a: Cresselia|Cresselia, F|100\/100\n|switch|p1b: Ursaluna|Ursaluna-Bloodmoon, M|100\/100\n|turn|5\n|c|\u2606Edras16|This strat was actually used in vgc once\n|c| duscl0ps356|ruh roh raggy\n|\n|t:|1696518383\n|-terastallize|p2a: Walking Wake|Water\n|move|p1a: Cresselia|Ally Switch|p1a: Cresselia\n|swap|p1a: Cresselia|1|[from] move: Ally Switch\n|move|p2a: Walking Wake|Hydro Steam|p1b: Cresselia\n|-damage|p1b: Cresselia|14\/100\n|move|p2b: Chandelure|Heat Wave|p1b: Cresselia|[spread] p1a,p1b\n|-damage|p1a: Ursaluna|25\/100\n|-damage|p1b: Cresselia|0 fnt\n|faint|p1b: Cresselia\n|move|p1a: Ursaluna|Blood Moon|p2a: Walking Wake\n|-damage|p2a: Walking Wake|0 fnt\n|faint|p2a: Walking Wake\n|-end|p2a: Walking Wake|Protosynthesis|[silent]\n|\n|-weather|none\n|-heal|p1a: Ursaluna|31\/100|[from] item: Leftovers\n|upkeep\n|\n|t:|1696518396\n|switch|p2a: Tornadus|Tornadus, M|100\/100\n|switch|p1b: Arboliva|Arboliva, F|100\/100\n|turn|6\n|\n|t:|1696518405\n|move|p1a: Ursaluna|Protect|p1a: Ursaluna\n|-singleturn|p1a: Ursaluna|Protect\n|move|p2a: Tornadus|Sunny Day|p2a: Tornadus\n|-weather|SunnyDay\n|move|p2b: Chandelure|Heat Wave|p1b: Arboliva|[spread] p1b\n|-activate|p1a: Ursaluna|move: Protect\n|-supereffective|p1b: Arboliva\n|-damage|p1b: Arboliva|13\/100\n|-fieldstart|move: Grassy Terrain|[from] ability: Seed Sower|[of] p1b: Arboliva\n|move|p1b: Arboliva|Leech Seed|p2b: Chandelure\n|-start|p2b: Chandelure|move: Leech Seed\n|\n|-weather|SunnyDay|[upkeep]\n|-heal|p1a: Ursaluna|38\/100|[from] Grassy Terrain\n|-heal|p1a: Ursaluna|44\/100|[from] item: Leftovers\n|-heal|p1b: Arboliva|19\/100|[from] Grassy Terrain\n|-heal|p1b: Arboliva|25\/100|[from] item: Leftovers\n|-damage|p2b: Chandelure|88\/100|[from] Leech Seed|[of] p1b: Arboliva\n|-heal|p1b: Arboliva|34\/100|[silent]\n|upkeep\n|turn|7\n|c|\u2606Ginesect|gg\n|\n|t:|1696518429\n|move|p1b: Arboliva|Protect|p1b: Arboliva\n|-singleturn|p1b: Arboliva|Protect\n|move|p2a: Tornadus|Bleakwind Storm|p1a: Ursaluna|[spread] \n|-activate|p1b: Arboliva|move: Protect\n|-miss|p2a: Tornadus|p1a: Ursaluna\n|move|p2b: Chandelure|Heat Wave|p1a: Ursaluna|[spread] p1a\n|-activate|p1b: Arboliva|move: Protect\n|-damage|p1a: Ursaluna|0 fnt\n|faint|p1a: Ursaluna\n|\n|-weather|SunnyDay|[upkeep]\n|-heal|p2b: Chandelure|94\/100|[from] Grassy Terrain\n|-heal|p2b: Chandelure|100\/100|[from] item: Leftovers\n|-heal|p1b: Arboliva|40\/100|[from] Grassy Terrain\n|-heal|p1b: Arboliva|47\/100|[from] item: Leftovers\n|-damage|p2b: Chandelure|88\/100|[from] Leech Seed|[of] p1b: Arboliva\n|-heal|p1b: Arboliva|56\/100|[silent]\n|upkeep\n|turn|8\n|l| duscl0ps356\n|c|\u2606Edras16|Gg\n|j| Yericky\n|\n|t:|1696518448\n|move|p2a: Tornadus|Bleakwind Storm|p1b: Arboliva\n|-supereffective|p1b: Arboliva\n|-damage|p1b: Arboliva|0 fnt\n|faint|p1b: Arboliva\n|\n|win|Edras16\n|c| Yericky|#windras\n|c| Yericky|r2?\n|c| Yericky|or is this\n|c|\u2606Edras16|Chandegoat\n|c|\u2606Edras16|Nah\n|c|\u2606Edras16|No r2\n|c| Yericky|ah it's gim\n|c| Kramaltsyzer|Edras...\n|l| Kramaltsyzer\n|c| Yericky|#WinDras\n|l| Yericky\n|l|\u2606Edras16\n|l|\u2606Ginesect\n|l| RouteSonic\n|j|\u2606Edras16\n|player|p2|Edras16|steven\n","uploadtime":1696518712,"views":3,"p1id":"ginesect","p2id":"edras16","formatid":"gen9nationaldexdoubles","rating":0,"private":0,"password":""}