{"id":"gen9nationaldexdoubles-1955744785","p1":"fifier","p2":"enkelele","format":"[Gen 9] National Dex Doubles","log":"|j|\u2606fifier\n|j|\u2606enkelele\n|t:|1696023767\n|gametype|doubles\n|player|p1|fifier|102|\n|player|p2|enkelele|ghetsis-gen5bw|\n|teamsize|p1|6\n|teamsize|p2|6\n|gen|9\n|tier|[Gen 9] National Dex Doubles\n|rule|HP Percentage Mod: HP is shown in percentages\n|rule|Endless Battle Clause: Forcing endless battles is banned\n|rule|OHKO Clause: OHKO moves are banned\n|rule|Evasion Moves Clause: Evasion moves are banned\n|rule|Evasion Abilities Clause: Evasion abilities are banned\n|rule|Species Clause: Limit one of each Pok\u00e9mon\n|rule|Gravity Sleep Clause: The combination of sleep-inducing moves with imperfect accuracy and Gravity or Gigantamax Orbeetle are banned\n|clearpoke\n|poke|p1|Ursaluna, M|\n|poke|p1|Cresselia, F|\n|poke|p1|Armarouge, F|\n|poke|p1|Indeedee-F, F|\n|poke|p1|Marowak-Alola, M|\n|poke|p1|Hydreigon, F|\n|poke|p2|Armarouge, F|\n|poke|p2|Torkoal, F|\n|poke|p2|Incineroar, M|\n|poke|p2|Heatran, M|\n|poke|p2|Marowak-Alola-Totem, F|\n|poke|p2|Indeedee-F, F|\n|teampreview\n|inactive|Battle timer is ON: inactive players will automatically lose when time's up. (requested by enkelele)\n|j| XMarcosPr710\n|inactiveoff|Battle timer is now OFF.\n|\n|t:|1696023825\n|start\n|switch|p1a: Marowak|Marowak-Alola, M|100\/100\n|switch|p1b: Hydreigon|Hydreigon, F|100\/100\n|switch|p2a: Armarouge|Armarouge, F|100\/100\n|switch|p2b: Torkoal|Torkoal, F|100\/100\n|-weather|SunnyDay|[from] ability: Drought|[of] p2b: Torkoal\n|turn|1\n|\n|t:|1696023925\n|move|p1b: Hydreigon|Dark Pulse|p2b: Torkoal\n|-damage|p2b: Torkoal|50\/100\n|move|p1a: Marowak|Shadow Bone|p2a: Armarouge\n|-supereffective|p2a: Armarouge\n|-damage|p2a: Armarouge|0 fnt\n|faint|p2a: Armarouge\n|move|p2b: Torkoal|Yawn|p1b: Hydreigon\n|-start|p1b: Hydreigon|move: Yawn|[of] p2b: Torkoal\n|\n|-weather|SunnyDay|[upkeep]\n|upkeep\n|\n|t:|1696023949\n|switch|p2a: ElGrasoso|Heatran, M|100\/100\n|turn|2\n|\n|t:|1696023988\n|switch|p1b: Cresselia|Cresselia, F|100\/100\n|move|p2a: ElGrasoso|Protect|p2a: ElGrasoso\n|-singleturn|p2a: ElGrasoso|Protect\n|move|p1a: Marowak|Brick Break|p2a: ElGrasoso\n|-activate|p2a: ElGrasoso|move: Protect\n|move|p2b: Torkoal|Yawn|p1a: Marowak\n|-start|p1a: Marowak|move: Yawn|[of] p2b: Torkoal\n|\n|-weather|SunnyDay|[upkeep]\n|upkeep\n|turn|3\n|\n|t:|1696024097\n|move|p1b: Cresselia|Helping Hand|p1a: Marowak\n|-singleturn|p1a: Marowak|Helping Hand|[of] p1b: Cresselia\n|move|p2a: ElGrasoso|Heat Wave|p1b: Cresselia|[spread] p1a,p1b\n|-resisted|p1a: Marowak\n|-damage|p1a: Marowak|66\/100\n|-damage|p1b: Cresselia|71\/100\n|move|p1a: Marowak|Shadow Bone|p2a: ElGrasoso\n|-damage|p2a: ElGrasoso|20\/100\n|move|p2b: Torkoal|Yawn|p1b: Cresselia\n|-start|p1b: Cresselia|move: Yawn|[of] p2b: Torkoal\n|\n|-weather|SunnyDay|[upkeep]\n|-heal|p2a: ElGrasoso|27\/100|[from] item: Leftovers\n|-end|p1a: Marowak|move: Yawn|[silent]\n|-status|p1a: Marowak|slp\n|upkeep\n|turn|4\n|\n|t:|1696024189\n|switch|p2a: Indeedee|Indeedee-F, F|100\/100\n|-fieldstart|move: Psychic Terrain|[from] ability: Psychic Surge|[of] p2a: Indeedee\n|move|p1b: Cresselia|Lunar Blessing|p1b: Cresselia|[spread] p1a,p1b\n|-heal|p1a: Marowak|91\/100 slp\n|-curestatus|p1a: Marowak|slp|[msg]\n|-heal|p1b: Cresselia|96\/100\n|move|p1a: Marowak|Shadow Bone|p2b: Torkoal\n|-damage|p2b: Torkoal|0 fnt\n|faint|p2b: Torkoal\n|\n|-weather|SunnyDay|[upkeep]\n|-end|p1b: Cresselia|move: Yawn|[silent]\n|-status|p1b: Cresselia|slp\n|upkeep\n|\n|t:|1696024226\n|switch|p2b: Marowak|Marowak-Alola-Totem, F|100\/100\n|turn|5\n|c| XMarcosPr710|wtf ese marowak\n|c|\u2606enkelele|nolose XDDD\n|\n|t:|1696024378\n|move|p2a: Indeedee|Dazzling Gleam|p1b: Cresselia|[spread] p1a,p1b\n|-resisted|p1a: Marowak\n|-damage|p1a: Marowak|82\/100\n|-damage|p1b: Cresselia|89\/100 slp\n|-start|p2a: Indeedee|Disable|Dazzling Gleam|[from] ability: Cursed Body|[of] p1a: Marowak\n|cant|p1b: Cresselia|slp\n|move|p2b: Marowak|Shadow Bone|p1a: Marowak\n|-supereffective|p1a: Marowak\n|-damage|p1a: Marowak|0 fnt\n|-start|p2b: Marowak|Disable|Shadow Bone|[from] ability: Cursed Body|[of] p1a: Marowak\n|faint|p1a: Marowak\n|\n|-weather|none\n|upkeep\n|c|\u2606enkelele|NMMS, ME ACABO DE FIJAR QUE ES EL DOMINANTE\n|c|\u2606fifier|XD\n|\n|t:|1696024411\n|switch|p1a: Hydreigon|Hydreigon, F|100\/100\n|turn|6\n|\n|t:|1696024515\n|move|p2a: Indeedee|Follow Me|p2a: Indeedee\n|-singleturn|p2a: Indeedee|move: Follow Me\n|move|p1a: Hydreigon|Nasty Plot|p1a: Hydreigon\n|-boost|p1a: Hydreigon|spa|2\n|cant|p1b: Cresselia|slp\n|move|p2b: Marowak|Brick Break|p1a: Hydreigon\n|-supereffective|p1a: Hydreigon\n|-damage|p1a: Hydreigon|29\/100\n|\n|-heal|p1a: Hydreigon|35\/100|[from] item: Leftovers\n|upkeep\n|turn|7\n|\n|t:|1696024602\n|move|p1a: Hydreigon|Protect|p1a: Hydreigon\n|-singleturn|p1a: Hydreigon|Protect\n|move|p2a: Indeedee|Follow Me|p2a: Indeedee\n|-singleturn|p2a: Indeedee|move: Follow Me\n|-curestatus|p1b: Cresselia|slp|[msg]\n|move|p1b: Cresselia|Lunar Blessing|p1b: Cresselia|[spread] p1a,p1b\n|-heal|p1a: Hydreigon|60\/100\n|-heal|p1b: Cresselia|100\/100\n|move|p2b: Marowak|Brick Break|p1a: Hydreigon\n|-activate|p1a: Hydreigon|move: Protect\n|\n|-heal|p1a: Hydreigon|66\/100|[from] item: Leftovers\n|upkeep\n|turn|8\n|\n|t:|1696024703\n|switch|p2a: ElGrasoso|Heatran, M|27\/100\n|-terastallize|p1a: Hydreigon|Fire\n|move|p2b: Marowak|Protect|p2b: Marowak\n|-singleturn|p2b: Marowak|Protect\n|move|p1a: Hydreigon|Dark Pulse|p2a: ElGrasoso\n|-damage|p2a: ElGrasoso|0 fnt\n|faint|p2a: ElGrasoso\n|move|p1b: Cresselia|Lunar Blessing|p1b: Cresselia|[spread] p1a,p1b\n|-heal|p1a: Hydreigon|91\/100\n|\n|-heal|p1a: Hydreigon|98\/100|[from] item: Leftovers\n|-end|p2b: Marowak|Disable\n|-fieldend|move: Psychic Terrain\n|upkeep\n|\n|t:|1696024764\n|switch|p2a: Me toca|Incineroar, M|100\/100\n|-ability|p2a: Me toca|Intimidate|boost\n|-unboost|p1a: Hydreigon|atk|1\n|-unboost|p1b: Cresselia|atk|1\n|turn|9\n|\n|t:|1696024813\n|switch|p1b: Indeedee|Indeedee-F, F|100\/100\n|-fieldstart|move: Psychic Terrain|[from] ability: Psychic Surge|[of] p1b: Indeedee\n|-enditem|p1b: Indeedee|Psychic Seed\n|-boost|p1b: Indeedee|spd|1|[from] item: Psychic Seed\n|-terastallize|p2b: Marowak|Ghost\n|move|p1a: Hydreigon|Protect|p1a: Hydreigon\n|-singleturn|p1a: Hydreigon|Protect\n|move|p2a: Me toca|Fake Out|p1a: Hydreigon\n|-hint|Psychic Terrain doesn't affect Pok\u00e9mon immune to Ground.\n|-activate|p1a: Hydreigon|move: Protect\n|move|p2b: Marowak|Shadow Bone|p1b: Indeedee\n|-immune|p1b: Indeedee\n|\n|-heal|p1a: Hydreigon|100\/100|[from] item: Leftovers\n|upkeep\n|turn|10\n|\n|t:|1696024858\n|move|p2b: Marowak|Protect|p2b: Marowak\n|-singleturn|p2b: Marowak|Protect\n|move|p1b: Indeedee|Follow Me|p1b: Indeedee\n|-singleturn|p1b: Indeedee|move: Follow Me\n|move|p1a: Hydreigon|Dark Pulse|p2b: Marowak\n|-activate|p2b: Marowak|move: Protect\n|move|p2a: Me toca|Snarl|p1b: Indeedee|[spread] p1b\n|-miss|p2a: Me toca|p1a: Hydreigon\n|-supereffective|p1b: Indeedee\n|-damage|p1b: Indeedee|91\/100\n|-unboost|p1b: Indeedee|spa|1\n|\n|upkeep\n|turn|11\n|\n|t:|1696024903\n|move|p1b: Indeedee|Follow Me|p1b: Indeedee\n|-singleturn|p1b: Indeedee|move: Follow Me\n|move|p1a: Hydreigon|Dark Pulse|p2b: Marowak\n|-supereffective|p2b: Marowak\n|-damage|p2b: Marowak|0 fnt\n|faint|p2b: Marowak\n|move|p2a: Me toca|Snarl|p1b: Indeedee|[spread] p1a,p1b\n|-supereffective|p1b: Indeedee\n|-damage|p1a: Hydreigon|90\/100\n|-damage|p1b: Indeedee|82\/100\n|-unboost|p1a: Hydreigon|spa|1\n|-unboost|p1b: Indeedee|spa|1\n|\n|-heal|p1a: Hydreigon|96\/100|[from] item: Leftovers\n|upkeep\n|\n|t:|1696024915\n|switch|p2b: Indeedee|Indeedee-F, F|100\/100\n|turn|12\n|\n|t:|1696024943\n|switch|p1b: Ursaluna|Ursaluna, M|100\/100\n|move|p2b: Indeedee|Dazzling Gleam|p1a: Hydreigon|[spread] p1a,p1b\n|-resisted|p1a: Hydreigon\n|-damage|p1a: Hydreigon|89\/100\n|-damage|p1b: Ursaluna|88\/100\n|move|p1a: Hydreigon|Dark Pulse|p2b: Indeedee\n|-supereffective|p2b: Indeedee\n|-damage|p2b: Indeedee|0 fnt\n|faint|p2b: Indeedee\n|move|p2a: Me toca|Snarl|p1b: Ursaluna|[spread] p1a,p1b\n|-damage|p1a: Hydreigon|79\/100\n|-damage|p1b: Ursaluna|78\/100\n|-unboost|p1a: Hydreigon|spa|1\n|-unboost|p1b: Ursaluna|spa|1\n|\n|-heal|p1a: Hydreigon|86\/100|[from] item: Leftovers\n|-status|p1b: Ursaluna|brn|[from] item: Flame Orb\n|upkeep\n|turn|13\n|c|\u2606fifier|ggs\n|c|\u2606enkelele|finalemnte\n|c|\u2606enkelele|UN VERDADERO RETADOR\n|\n|t:|1696024985\n|move|p1a: Hydreigon|Dragon Pulse|p2a: Me toca\n|-damage|p2a: Me toca|79\/100\n|move|p2a: Me toca|Darkest Lariat|p1a: Hydreigon\n|-damage|p1a: Hydreigon|52\/100\n|move|p1b: Ursaluna|Drain Punch|p2a: Me toca\n|-supereffective|p2a: Me toca\n|-damage|p2a: Me toca|5\/100\n|-heal|p1b: Ursaluna|100\/100 brn|[from] drain|[of] p2a: Me toca\n|\n|-heal|p1a: Hydreigon|58\/100|[from] item: Leftovers\n|-damage|p1b: Ursaluna|94\/100 brn|[from] brn\n|-fieldend|move: Psychic Terrain\n|upkeep\n|turn|14\n|c|\u2606fifier|ala\n|c|\u2606fifier|no mata\n|c|\u2606enkelele|XD\n|c|\u2606fifier|q gordo ese inci\n|c|\u2606enkelele|GG\n|c|\u2606fifier|ggs\n|\n|t:|1696025006\n|move|p1a: Hydreigon|Dragon Pulse|p2a: Me toca\n|-damage|p2a: Me toca|0 fnt\n|faint|p2a: Me toca\n|\n|win|fifier\n|c|\u2606fifier|el hydreigon sacandosela\n|l|\u2606enkelele\n|c|\u2606fifier|no tuve ni q poner tr xd\n|l|\u2606fifier\n","uploadtime":1696025018,"views":9,"p1id":"fifier","p2id":"enkelele","formatid":"gen9nationaldexdoubles","rating":0,"private":0,"password":""}