{"id":"gen9nationaldexdoubles-1994430732","p1":"Shiny_Hero64","p2":"TheMoistFetus","format":"[Gen 9] National Dex Doubles","log":"|j|\u2606Shiny_Hero64\n|j|\u2606TheMoistFetus\n|t:|1700443110\n|gametype|doubles\n|player|p1|Shiny_Hero64|n-masters3|\n|player|p2|TheMoistFetus|bianca-pwt|\n|teamsize|p1|6\n|teamsize|p2|6\n|gen|9\n|tier|[Gen 9] National Dex Doubles\n|rule|HP Percentage Mod: HP is shown in percentages\n|rule|Endless Battle Clause: Forcing endless battles is banned\n|rule|OHKO Clause: OHKO moves are banned\n|rule|Evasion Moves Clause: Evasion moves are banned\n|rule|Evasion Abilities Clause: Evasion abilities are banned\n|rule|Species Clause: Limit one of each Pok\u00e9mon\n|rule|Gravity Sleep Clause: The combination of sleep-inducing moves with imperfect accuracy and Gravity or Gigantamax Orbeetle are banned\n|clearpoke\n|poke|p1|Indeedee-F, F|\n|poke|p1|Chien-Pao|\n|poke|p1|Alakazam, M|\n|poke|p1|Sneasler, F|\n|poke|p1|Ursaluna-Bloodmoon, M|\n|poke|p1|Deoxys-Attack|\n|poke|p2|Chien-Pao|\n|poke|p2|Iron Bundle|\n|poke|p2|Ninetales-Alola, F|\n|poke|p2|Ogerpon-Cornerstone, F|\n|poke|p2|Tornadus, M|\n|poke|p2|Chi-Yu|\n|teampreview\n|c|\u2606TheMoistFetus|alright\n|c|\u2606TheMoistFetus|its time\n|c|\u2606TheMoistFetus|glhf\n|j| Ryan1Baek\n|c| Ryan1Baek|glhf\n|j| TestudoJK\n|c|\u2606Shiny_Hero64|I will make you eat Dinner fast\n|c|\u2606TheMoistFetus|bless you\n|\n|t:|1700443189\n|start\n|switch|p1a: Indeedee|Indeedee-F, F|100\/100\n|switch|p1b: Alakazam|Alakazam, M|100\/100\n|switch|p2a: Penny|Ogerpon-Cornerstone, F|100\/100\n|switch|p2b: Gumball|Ninetales-Alola, F|100\/100\n|-weather|Snow|[from] ability: Snow Warning|[of] p2b: Gumball\n|-fieldstart|move: Psychic Terrain|[from] ability: Psychic Surge|[of] p1a: Indeedee\n|turn|1\n|\n|t:|1700443216\n|detailschange|p1b: Alakazam|Alakazam-Mega, M\n|-mega|p1b: Alakazam|Alakazam|Alakazite\n|-ability|p1b: Alakazam|Snow Warning|[from] ability: Trace|[of] p2b: Gumball\n|move|p1a: Indeedee|Helping Hand|p1b: Alakazam\n|-singleturn|p1b: Alakazam|Helping Hand|[of] p1a: Indeedee\n|move|p1b: Alakazam|Expanding Force|p2b: Gumball|[spread] p2a,p2b\n|-crit|p2b: Gumball\n|-ability|p2a: Penny|Sturdy\n|-damage|p2a: Penny|1\/100\n|-damage|p2b: Gumball|0 fnt\n|faint|p2b: Gumball\n|move|p2a: Penny|Taunt|p1a: Indeedee\n|-start|p1a: Indeedee|move: Taunt\n|\n|-weather|Snow|[upkeep]\n|upkeep\n|\n|t:|1700443231\n|switch|p2b: Mr Small|Tornadus, M, shiny|100\/100\n|turn|2\n|\n|t:|1700443250\n|switch|p1b: Fred bear|Ursaluna-Bloodmoon, M|100\/100\n|move|p2b: Mr Small|Tailwind|p2b: Mr Small\n|-sidestart|p2: TheMoistFetus|move: Tailwind\n|move|p2a: Penny|Ivy Cudgel|p1b: Fred bear|[anim] Ivy Cudgel Rock\n|-resisted|p1b: Fred bear\n|-damage|p1b: Fred bear|80\/100\n|move|p1a: Indeedee|Expanding Force|p2a: Penny|[spread] p2a,p2b\n|-damage|p2a: Penny|0 fnt\n|-damage|p2b: Mr Small|69\/100\n|faint|p2a: Penny\n|\n|-weather|Snow|[upkeep]\n|-heal|p1b: Fred bear|86\/100|[from] item: Leftovers\n|upkeep\n|\n|t:|1700443345\n|switch|p2a: Bobert|Iron Bundle, shiny|100\/100\n|-enditem|p2a: Bobert|Booster Energy\n|-activate|p2a: Bobert|ability: Quark Drive|[fromitem]\n|-start|p2a: Bobert|quarkdrivespe\n|turn|3\n|\n|t:|1700443371\n|-end|p2a: Bobert|Quark Drive|[silent]\n|switch|p2a: Darwin|Chi-Yu|100\/100\n|-ability|p2a: Darwin|Beads of Ruin\n|switch|p2b: Nicole|Chien-Pao|100\/100\n|-ability|p2b: Nicole|Sword of Ruin\n|move|p1b: Fred bear|Protect|p1b: Fred bear\n|-singleturn|p1b: Fred bear|Protect\n|move|p1a: Indeedee|Expanding Force|p2b: Nicole|[spread] \n|-immune|p2a: Darwin\n|-immune|p2b: Nicole\n|\n|-weather|Snow|[upkeep]\n|-heal|p1b: Fred bear|92\/100|[from] item: Leftovers\n|upkeep\n|turn|4\n|\n|t:|1700443402\n|switch|p1a: Sneasler|Sneasler, F|100\/100\n|-enditem|p1a: Sneasler|Psychic Seed\n|-boost|p1a: Sneasler|spd|1|[from] item: Psychic Seed\n|move|p2a: Darwin|Heat Wave|p1a: Sneasler|[spread] p1a,p1b\n|-crit|p1b: Fred bear\n|-damage|p1a: Sneasler|47\/100\n|-damage|p1b: Fred bear|0 fnt\n|faint|p1b: Fred bear\n|move|p2b: Nicole|Sacred Sword|p1a: Sneasler\n|-resisted|p1a: Sneasler\n|-damage|p1a: Sneasler|15\/100\n|\n|-weather|Snow|[upkeep]\n|upkeep\n|\n|t:|1700443415\n|switch|p1b: Chien-Pao|Chien-Pao|100\/100\n|-ability|p1b: Chien-Pao|Sword of Ruin\n|turn|5\n|l|\u2606Shiny_Hero64\n|player|p1|\n|j|\u2606Shiny_Hero64\n|player|p1|Shiny_Hero64|n-masters3\n|\n|t:|1700443499\n|move|p1a: Sneasler|Protect|p1a: Sneasler\n|-singleturn|p1a: Sneasler|Protect\n|move|p1b: Chien-Pao|Protect|p1b: Chien-Pao\n|-singleturn|p1b: Chien-Pao|Protect\n|move|p2a: Darwin|Heat Wave|p1b: Chien-Pao|[spread] \n|-activate|p1a: Sneasler|move: Protect\n|-activate|p1b: Chien-Pao|move: Protect\n|move|p2b: Nicole|Sacred Sword|p1b: Chien-Pao\n|-activate|p1b: Chien-Pao|move: Protect\n|\n|-weather|none\n|-sideend|p2: TheMoistFetus|move: Tailwind\n|upkeep\n|turn|6\n|c|\u2606Shiny_Hero64|I do love mobile showdown\n|\n|t:|1700443529\n|switch|p2a: Mr Small|Tornadus, M, shiny|69\/100\n|move|p1a: Sneasler|Dire Claw|p2a: Mr Small\n|-damage|p2a: Mr Small|0 fnt\n|faint|p2a: Mr Small\n|move|p1b: Chien-Pao|Sacred Sword|p2b: Nicole\n|-supereffective|p2b: Nicole\n|-enditem|p2b: Nicole|Focus Sash\n|-damage|p2b: Nicole|1\/100\n|move|p2b: Nicole|Sacred Sword|p1b: Chien-Pao\n|-supereffective|p1b: Chien-Pao\n|-damage|p1b: Chien-Pao|0 fnt\n|faint|p1b: Chien-Pao\n|\n|upkeep\n|\n|t:|1700443566\n|switch|p1b: Alakazam|Alakazam-Mega, M|100\/100\n|switch|p2a: Bobert|Iron Bundle, shiny|100\/100\n|-ability|p1b: Alakazam|Sword of Ruin\n|-ability|p1b: Alakazam|Sword of Ruin|[from] ability: Trace|[of] p2b: Nicole\n|turn|7\n|\n|t:|1700443606\n|move|p2a: Bobert|Protect|p2a: Bobert\n|-singleturn|p2a: Bobert|Protect\n|move|p2b: Nicole|Protect|p2b: Nicole\n|-singleturn|p2b: Nicole|Protect\n|move|p1a: Sneasler|Dire Claw|p2b: Nicole\n|-activate|p2b: Nicole|move: Protect\n|move|p1b: Alakazam|Substitute|p1b: Alakazam\n|-start|p1b: Alakazam|Substitute\n|-damage|p1b: Alakazam|76\/100\n|\n|upkeep\n|turn|8\n|c| Ryan1Baek|uh oh\n|c|\u2606Shiny_Hero64|Well\n|\n|t:|1700443644\n|switch|p2b: Darwin|Chi-Yu|100\/100\n|-ability|p2b: Darwin|Beads of Ruin\n|move|p1a: Sneasler|Dire Claw|p2b: Darwin\n|-damage|p2b: Darwin|8\/100\n|-status|p2b: Darwin|par\n|move|p1b: Alakazam|Expanding Force|p2a: Bobert|[spread] p2a\n|-immune|p2b: Darwin\n|-damage|p2a: Bobert|0 fnt\n|faint|p2a: Bobert\n|-end|p2a: Bobert|Quark Drive|[silent]\n|\n|-fieldend|move: Psychic Terrain\n|upkeep\n|\n|t:|1700443658\n|switch|p2a: Nicole|Chien-Pao|1\/100\n|-ability|p2a: Nicole|Sword of Ruin\n|turn|9\n|\n|t:|1700443671\n|-terastallize|p2b: Darwin|Fire\n|move|p2a: Nicole|Sucker Punch|p1a: Sneasler\n|-resisted|p1a: Sneasler\n|-damage|p1a: Sneasler|0 fnt\n|faint|p1a: Sneasler\n|move|p1b: Alakazam|Signal Beam|p2b: Darwin\n|-resisted|p2b: Darwin\n|-damage|p2b: Darwin|0 fnt\n|faint|p2b: Darwin\n|\n|upkeep\n|\n|t:|1700443679\n|switch|p1a: Indeedee|Indeedee-F, F|100\/100\n|-fieldstart|move: Psychic Terrain|[from] ability: Psychic Surge|[of] p1a: Indeedee\n|turn|10\n|c| Ryan1Baek|1 hp and a dream\n|c|\u2606TheMoistFetus|desperately had to hope dire claw wouldnt be dire claw\n|c|\u2606Shiny_Hero64|Nah\n|\n|t:|1700443696\n|move|p1a: Indeedee|Follow Me|p1a: Indeedee\n|-singleturn|p1a: Indeedee|move: Follow Me\n|move|p1b: Alakazam|Signal Beam|p2a: Nicole\n|-supereffective|p2a: Nicole\n|-damage|p2a: Nicole|0 fnt\n|faint|p2a: Nicole\n|\n|win|Shiny_Hero64\n|l| Ryan1Baek\n|j| Ryan1Baek\n","uploadtime":1700443705,"views":3,"p1id":"shinyhero64","p2id":"themoistfetus","formatid":"gen9nationaldexdoubles","rating":0,"private":0,"password":""}