{"id":"gen9nationaldexdoubles-1997979677","p1":"cmkcma","p2":"marko585","format":"[Gen 9] National Dex Doubles","log":"|j|\u2606cmkcma\n|j|\u2606marko585\n|t:|1700874789\n|gametype|doubles\n|player|p1|cmkcma|doubleteam|\n|player|p2|marko585|266|\n|teamsize|p1|4\n|teamsize|p2|4\n|gen|9\n|tier|[Gen 9] National Dex Doubles\n|rule|HP Percentage Mod: HP is shown in percentages\n|rule|Endless Battle Clause: Forcing endless battles is banned\n|rule|OHKO Clause: OHKO moves are banned\n|rule|Evasion Moves Clause: Evasion moves are banned\n|rule|Evasion Abilities Clause: Evasion abilities are banned\n|rule|Species Clause: Limit one of each Pok\u00e9mon\n|rule|Gravity Sleep Clause: The combination of sleep-inducing moves with imperfect accuracy and Gravity or Gigantamax Orbeetle are banned\n|clearpoke\n|poke|p1|Glastrier|\n|poke|p1|Quaquaval, F|\n|poke|p1|Empoleon, F|\n|poke|p1|Vibrava, M|\n|poke|p2|Pangoro, F|\n|poke|p2|Gligar, F|\n|poke|p2|Scolipede, F|\n|poke|p2|Aggron, M|\n|teampreview\n|inactive|Battle timer is ON: inactive players will automatically lose when time's up. (requested by cmkcma)\n|\n|t:|1700874800\n|start\n|switch|p1a: Glastrier|Glastrier|100\/100\n|switch|p1b: Vibrava|Vibrava, M, shiny|100\/100\n|switch|p2a: Scolipede|Scolipede, F|100\/100\n|switch|p2b: Gligar|Gligar, F|100\/100\n|turn|1\n|\n|t:|1700874826\n|move|p1b: Vibrava|First Impression|p2a: Scolipede\n|-resisted|p2a: Scolipede\n|-damage|p2a: Scolipede|85\/100\n|move|p2a: Scolipede|X-Scissor|p1a: Glastrier\n|-damage|p1a: Glastrier|74\/100\n|move|p2b: Gligar|Dual Wingbeat|p1b: Vibrava\n|-damage|p1b: Vibrava|74\/100\n|-damage|p1b: Vibrava|48\/100\n|-hitcount|p1b: Vibrava|2\n|move|p1a: Glastrier|Hail|p1a: Glastrier\n|-weather|Hail\n|\n|-weather|Hail|[upkeep]\n|-damage|p2a: Scolipede|79\/100|[from] Hail\n|-damage|p2b: Gligar|95\/100|[from] Hail\n|-damage|p1b: Vibrava|42\/100|[from] Hail\n|-heal|p2a: Scolipede|85\/100|[from] item: Black Sludge\n|-ability|p2a: Scolipede|Speed Boost|boost\n|-boost|p2a: Scolipede|spe|1\n|upkeep\n|turn|2\n|inactive|cmkcma has 270 seconds left.\n|\n|t:|1700874862\n|switch|p1b: Empoleon|Empoleon, F, shiny|100\/100\n|move|p2a: Scolipede|X-Scissor|p1a: Glastrier\n|-damage|p1a: Glastrier|50\/100\n|move|p2b: Gligar|Brick Break|p1a: Glastrier\n|-supereffective|p1a: Glastrier\n|-damage|p1a: Glastrier|25\/100\n|move|p1a: Glastrier|High Horsepower|p2a: Scolipede\n|-damage|p2a: Scolipede|25\/100\n|\n|-weather|Hail|[upkeep]\n|-damage|p2a: Scolipede|19\/100|[from] Hail\n|-damage|p2b: Gligar|89\/100|[from] Hail\n|-damage|p1b: Empoleon|94\/100|[from] Hail\n|-heal|p2a: Scolipede|25\/100|[from] item: Black Sludge\n|-heal|p1b: Empoleon|100\/100|[from] item: Leftovers\n|-ability|p2a: Scolipede|Speed Boost|boost\n|-boost|p2a: Scolipede|spe|1\n|upkeep\n|turn|3\n|inactive|cmkcma has 270 seconds left.\n|\n|t:|1700874898\n|switch|p1a: Quaquaval|Quaquaval, F, shiny|100\/100\n|move|p2a: Scolipede|Baton Pass|p2a: Scolipede\n|\n|t:|1700874904\n|switch|p2a: Pangoro|Pangoro, F|100\/100|[from] Baton Pass\n|move|p2b: Gligar|Brick Break|p1a: Quaquaval\n|-damage|p1a: Quaquaval|75\/100\n|move|p1b: Empoleon|Blizzard|p2b: Gligar|[spread] p2a,p2b\n|-supereffective|p2b: Gligar\n|-damage|p2a: Pangoro|69\/100\n|-damage|p2b: Gligar|0 fnt\n|faint|p2b: Gligar\n|\n|-weather|Hail|[upkeep]\n|-damage|p2a: Pangoro|63\/100|[from] Hail\n|-damage|p1a: Quaquaval|69\/100|[from] Hail\n|-damage|p1b: Empoleon|94\/100|[from] Hail\n|-heal|p1b: Empoleon|100\/100|[from] item: Leftovers\n|upkeep\n|\n|t:|1700874909\n|switch|p2b: Aggron|Aggron, M|100\/100\n|turn|4\n|\n|t:|1700874934\n|detailschange|p2b: Aggron|Aggron-Mega, M\n|-mega|p2b: Aggron|Aggron|Aggronite\n|move|p2a: Pangoro|Thunder Punch|p1a: Quaquaval\n|-supereffective|p1a: Quaquaval\n|-damage|p1a: Quaquaval|0 fnt\n|faint|p1a: Quaquaval\n|move|p1b: Empoleon|Blizzard|p2b: Aggron|[spread] p2a,p2b\n|-resisted|p2b: Aggron\n|-damage|p2a: Pangoro|32\/100\n|-damage|p2b: Aggron|83\/100\n|move|p2b: Aggron|Thunder Punch|p1b: Empoleon\n|-supereffective|p1b: Empoleon\n|-damage|p1b: Empoleon|38\/100\n|\n|-weather|Hail|[upkeep]\n|-damage|p2a: Pangoro|26\/100|[from] Hail\n|-damage|p1b: Empoleon|31\/100|[from] Hail\n|-damage|p2b: Aggron|77\/100|[from] Hail\n|-heal|p1b: Empoleon|38\/100|[from] item: Leftovers\n|upkeep\n|inactive|cmkcma has 270 seconds left.\n|\n|t:|1700874952\n|switch|p1a: Vibrava|Vibrava, M, shiny|42\/100\n|turn|5\n|inactive|cmkcma has 270 seconds left.\n|\n|t:|1700874973\n|move|p2a: Pangoro|Protect|p2a: Pangoro\n|-singleturn|p2a: Pangoro|Protect\n|move|p1a: Vibrava|Tailwind|p1a: Vibrava\n|-sidestart|p1: cmkcma|move: Tailwind\n|move|p1b: Empoleon|Air Slash|p2a: Pangoro\n|-activate|p2a: Pangoro|move: Protect\n|move|p2b: Aggron|Thunder Punch|p1b: Empoleon\n|-supereffective|p1b: Empoleon\n|-damage|p1b: Empoleon|0 fnt\n|faint|p1b: Empoleon\n|\n|-weather|Hail|[upkeep]\n|-damage|p1a: Vibrava|35\/100|[from] Hail\n|-damage|p2a: Pangoro|20\/100|[from] Hail\n|-damage|p2b: Aggron|71\/100|[from] Hail\n|upkeep\n|inactive|cmkcma has 270 seconds left.\n|\n|t:|1700874985\n|switch|p1b: Glastrier|Glastrier|25\/100\n|turn|6\n|\n|t:|1700875003\n|switch|p2a: Scolipede|Scolipede, F|25\/100\n|-terastallize|p1b: Glastrier|Ground\n|move|p1a: Vibrava|Protect|p1a: Vibrava\n|-singleturn|p1a: Vibrava|Protect\n|move|p2b: Aggron|Rock Slide|p1a: Vibrava|[spread] p1b\n|-activate|p1a: Vibrava|move: Protect\n|-resisted|p1b: Glastrier\n|-damage|p1b: Glastrier|18\/100\n|move|p1b: Glastrier|Avalanche|p2a: Scolipede\n|-damage|p2a: Scolipede|0 fnt\n|faint|p2a: Scolipede\n|-ability|p1b: Glastrier|Chilling Neigh|boost\n|-boost|p1b: Glastrier|atk|1\n|\n|-weather|Hail|[upkeep]\n|-damage|p1a: Vibrava|29\/100|[from] Hail\n|-damage|p1b: Glastrier|12\/100|[from] Hail\n|-damage|p2b: Aggron|65\/100|[from] Hail\n|upkeep\n|\n|t:|1700875014\n|switch|p2a: Pangoro|Pangoro, F|20\/100\n|turn|7\n|inactive|cmkcma has 270 seconds left.\n|\n|t:|1700875061\n|move|p2a: Pangoro|Protect|p2a: Pangoro\n|-singleturn|p2a: Pangoro|Protect\n|move|p2b: Aggron|Protect|p2b: Aggron\n|-singleturn|p2b: Aggron|Protect\n|move|p1a: Vibrava|Crunch|p2a: Pangoro\n|-activate|p2a: Pangoro|move: Protect\n|move|p1b: Glastrier|High Horsepower|p2b: Aggron\n|-activate|p2b: Aggron|move: Protect\n|\n|-weather|Hail|[upkeep]\n|-damage|p1a: Vibrava|23\/100|[from] Hail\n|-damage|p1b: Glastrier|5\/100|[from] Hail\n|-damage|p2a: Pangoro|14\/100|[from] Hail\n|-damage|p2b: Aggron|59\/100|[from] Hail\n|upkeep\n|turn|8\n|inactive|cmkcma has 270 seconds left.\n|\n|t:|1700875084\n|move|p1a: Vibrava|Crunch|p2a: Pangoro\n|-resisted|p2a: Pangoro\n|-damage|p2a: Pangoro|9\/100\n|move|p1b: Glastrier|High Horsepower|p2b: Aggron\n|-supereffective|p2b: Aggron\n|-damage|p2b: Aggron|0 fnt\n|faint|p2b: Aggron\n|-ability|p1b: Glastrier|Chilling Neigh|boost\n|-boost|p1b: Glastrier|atk|1\n|move|p2a: Pangoro|Knock Off|p1a: Vibrava\n|-damage|p1a: Vibrava|0 fnt\n|-enditem|p1a: Vibrava|Eviolite|[from] move: Knock Off|[of] p2a: Pangoro\n|faint|p1a: Vibrava\n|\n|-weather|none\n|-sideend|p1: cmkcma|move: Tailwind\n|upkeep\n|turn|9\n|inactive|cmkcma has 270 seconds left.\n|\n|t:|1700875103\n|move|p2a: Pangoro|Protect|p2a: Pangoro\n|-singleturn|p2a: Pangoro|Protect\n|move|p1b: Glastrier|Avalanche|p2a: Pangoro\n|-activate|p2a: Pangoro|move: Protect\n|\n|upkeep\n|turn|10\n|\n|t:|1700875112\n|move|p2a: Pangoro|Close Combat|p1b: Glastrier\n|-damage|p1b: Glastrier|0 fnt\n|-unboost|p2a: Pangoro|def|1\n|-unboost|p2a: Pangoro|spd|1\n|faint|p1b: Glastrier\n|\n|win|marko585\n|l|\u2606marko585\n","uploadtime":1700876034,"views":0,"p1id":"cmkcma","p2id":"marko585","formatid":"gen9nationaldexdoubles","rating":0,"private":0,"password":""}