{"id":"gen9nationaldexdoubles-1980681449","p1":"Barkwitz","p2":"Onion!9997","format":"[Gen 9] National Dex Doubles","log":"|j|\u2606Barkwitz\n|j|\u2606Onion!9997\n|t:|1698812151\n|gametype|doubles\n|player|p1|Barkwitz|janitor|1160\n|player|p2|Onion!9997|2|1045\n|teamsize|p1|6\n|teamsize|p2|6\n|gen|9\n|tier|[Gen 9] National Dex Doubles\n|rated|\n|rule|HP Percentage Mod: HP is shown in percentages\n|rule|Endless Battle Clause: Forcing endless battles is banned\n|rule|OHKO Clause: OHKO moves are banned\n|rule|Evasion Moves Clause: Evasion moves are banned\n|rule|Evasion Abilities Clause: Evasion abilities are banned\n|rule|Species Clause: Limit one of each Pok\u00e9mon\n|rule|Gravity Sleep Clause: The combination of sleep-inducing moves with imperfect accuracy and Gravity or Gigantamax Orbeetle are banned\n|clearpoke\n|poke|p1|Ludicolo, F|\n|poke|p1|Politoed, M|\n|poke|p1|Tauros-Paldea-Aqua, M|\n|poke|p1|Eelektross, M|\n|poke|p1|Gyarados, F|\n|poke|p1|Zapdos|\n|poke|p2|Kingambit, M|\n|poke|p2|Oranguru, M|\n|poke|p2|Forretress, F|\n|poke|p2|Ursaluna-Bloodmoon, M|\n|poke|p2|Hoopa-Unbound|\n|poke|p2|Sinistcha-Masterpiece|\n|teampreview\n|inactive|Battle timer is ON: inactive players will automatically lose when time's up. (requested by Barkwitz)\n|\n|t:|1698812158\n|start\n|switch|p1a: Everclear Colada|Ludicolo, F|100\/100\n|switch|p1b: Johto Squirtle|Politoed, M|100\/100\n|switch|p2a: Forretress|Forretress, F|100\/100\n|switch|p2b: Hoopa|Hoopa-Unbound|100\/100\n|-weather|RainDance|[from] ability: Drizzle|[of] p1b: Johto Squirtle\n|turn|1\n|\n|t:|1698812178\n|move|p1b: Johto Squirtle|Protect|p1b: Johto Squirtle\n|-singleturn|p1b: Johto Squirtle|Protect\n|move|p1a: Everclear Colada|Teeter Dance|p2b: Hoopa|[spread] p2a,p2b\n|-activate|p1b: Johto Squirtle|move: Protect\n|-start|p2a: Forretress|confusion\n|-start|p2b: Hoopa|confusion\n|-activate|p2a: Forretress|confusion\n|move|p2a: Forretress|Stealth Rock|p1a: Everclear Colada\n|-sidestart|p1: Barkwitz|move: Stealth Rock\n|-activate|p2b: Hoopa|confusion\n|-damage|p2b: Hoopa|77\/100|[from] confusion\n|\n|-weather|RainDance|[upkeep]\n|upkeep\n|turn|2\n|\n|t:|1698812201\n|move|p1a: Everclear Colada|Encore|p2a: Forretress\n|-start|p2a: Forretress|Encore\n|move|p1b: Johto Squirtle|Weather Ball|p2a: Forretress\n|-damage|p2a: Forretress|50\/100\n|-activate|p2a: Forretress|confusion\n|move|p2a: Forretress|Stealth Rock||[still]\n|-fail|p2a: Forretress\n|-activate|p2b: Hoopa|confusion\n|-damage|p2b: Hoopa|52\/100|[from] confusion\n|\n|-weather|RainDance|[upkeep]\n|-heal|p2a: Forretress|56\/100|[from] item: Leftovers\n|upkeep\n|turn|3\n|\n|t:|1698812223\n|switch|p2a: Sinistcha|Sinistcha-Masterpiece|100\/100\n|-heal|p2b: Hoopa|77\/100|[from] ability: Hospitality|[of] p2a: Sinistcha\n|move|p1a: Everclear Colada|Leech Seed|p2a: Sinistcha\n|-immune|p2a: Sinistcha\n|move|p1b: Johto Squirtle|Weather Ball|p2b: Hoopa\n|-damage|p2b: Hoopa|44\/100\n|-activate|p2b: Hoopa|confusion\n|move|p2b: Hoopa|Trick Room|p2b: Hoopa\n|-fieldstart|move: Trick Room|[of] p2b: Hoopa\n|\n|-weather|RainDance|[upkeep]\n|upkeep\n|turn|4\n|inactive|Barkwitz has 120 seconds left.\n|\n|t:|1698812258\n|switch|p2b: Ursaluna|Ursaluna-Bloodmoon, M|100\/100\n|move|p2a: Sinistcha|Calm Mind|p2a: Sinistcha\n|-boost|p2a: Sinistcha|spa|1\n|-boost|p2a: Sinistcha|spd|1\n|move|p1b: Johto Squirtle|Perish Song|p1b: Johto Squirtle\n|-start|p1a: Everclear Colada|perish3|[silent]\n|-start|p1b: Johto Squirtle|perish3|[silent]\n|-start|p2a: Sinistcha|perish3|[silent]\n|-start|p2b: Ursaluna|perish3|[silent]\n|-fieldactivate|move: Perish Song\n|move|p1a: Everclear Colada|Surf|p2b: Ursaluna|[spread] p1b,p2a,p2b\n|-resisted|p1b: Johto Squirtle\n|-resisted|p2a: Sinistcha\n|-supereffective|p2b: Ursaluna\n|-damage|p1b: Johto Squirtle|90\/100\n|-damage|p2a: Sinistcha|88\/100\n|-damage|p2b: Ursaluna|32\/100\n|\n|-weather|RainDance|[upkeep]\n|-heal|p2a: Sinistcha|94\/100|[from] item: Leftovers\n|-start|p2b: Ursaluna|perish3\n|-start|p2a: Sinistcha|perish3\n|-start|p1b: Johto Squirtle|perish3\n|-start|p1a: Everclear Colada|perish3\n|upkeep\n|turn|5\n|\n|t:|1698812281\n|move|p2b: Ursaluna|Blood Moon|p1a: Everclear Colada\n|-damage|p1a: Everclear Colada|3\/100\n|-damage|p2b: Ursaluna|22\/100|[from] item: Life Orb\n|move|p2a: Sinistcha|Matcha Gotcha|p1b: Johto Squirtle|[spread] p1a,p1b\n|-supereffective|p1b: Johto Squirtle\n|-damage|p1a: Everclear Colada|0 fnt\n|-heal|p2a: Sinistcha|95\/100|[from] drain|[of] p1a: Everclear Colada\n|-damage|p1b: Johto Squirtle|27\/100\n|-heal|p2a: Sinistcha|100\/100|[from] drain|[of] p1b: Johto Squirtle\n|faint|p1a: Everclear Colada\n|move|p1b: Johto Squirtle|Toxic|p2a: Sinistcha\n|-status|p2a: Sinistcha|tox\n|\n|-weather|RainDance|[upkeep]\n|-damage|p2a: Sinistcha|94\/100 tox|[from] psn\n|-start|p2b: Ursaluna|perish2\n|-start|p2a: Sinistcha|perish2\n|-start|p1b: Johto Squirtle|perish2\n|upkeep\n|\n|t:|1698812290\n|switch|p1a: me irl|Gyarados, F, shiny|100\/100\n|-damage|p1a: me irl|76\/100|[from] Stealth Rock\n|turn|6\n|\n|t:|1698812317\n|-terastallize|p1a: me irl|Steel\n|move|p2b: Ursaluna|Moonblast|p1a: me irl\n|-resisted|p1a: me irl\n|-damage|p1a: me irl|51\/100\n|-damage|p2b: Ursaluna|12\/100|[from] item: Life Orb\n|move|p2a: Sinistcha|Matcha Gotcha|p1a: me irl|[spread] p1a,p1b\n|-resisted|p1a: me irl\n|-supereffective|p1b: Johto Squirtle\n|-damage|p1a: me irl|27\/100\n|-heal|p2a: Sinistcha|100\/100 tox|[from] drain|[of] p1a: me irl\n|-damage|p1b: Johto Squirtle|0 fnt\n|faint|p1b: Johto Squirtle\n|move|p1a: me irl|Dragon Dance|p1a: me irl\n|-boost|p1a: me irl|atk|1\n|-boost|p1a: me irl|spe|1\n|\n|-weather|RainDance|[upkeep]\n|-damage|p2a: Sinistcha|88\/100 tox|[from] psn\n|-start|p2b: Ursaluna|perish1\n|-start|p2a: Sinistcha|perish1\n|upkeep\n|\n|t:|1698812337\n|switch|p1b: AAAAAAAAAAAAHHHH!!|Eelektross, M, shiny|100\/100\n|-damage|p1b: AAAAAAAAAAAAHHHH!!|88\/100|[from] Stealth Rock\n|turn|7\n|\n|t:|1698812355\n|switch|p2a: Forretress|Forretress, F|56\/100\n|move|p1b: AAAAAAAAAAAAHHHH!!|Brick Break|p2b: Ursaluna\n|-supereffective|p2b: Ursaluna\n|-damage|p2b: Ursaluna|0 fnt\n|faint|p2b: Ursaluna\n|move|p1a: me irl|Iron Head|p2a: Forretress\n|-resisted|p2a: Forretress\n|-damage|p2a: Forretress|30\/100\n|\n|-weather|RainDance|[upkeep]\n|-heal|p2a: Forretress|36\/100|[from] item: Leftovers\n|-fieldend|move: Trick Room\n|upkeep\n|c|\u2606Onion!9997|your team is hella funny lmao i respect it\n|\n|t:|1698812374\n|switch|p2b: Hoopa|Hoopa-Unbound|44\/100\n|turn|8\n|\n|t:|1698812391\n|move|p1a: me irl|Iron Head|p2b: Hoopa\n|-damage|p2b: Hoopa|0 fnt\n|faint|p2b: Hoopa\n|-ability|p1a: me irl|Moxie|boost\n|-boost|p1a: me irl|atk|1\n|move|p1b: AAAAAAAAAAAAHHHH!!|Fire Punch|p2a: Forretress\n|-supereffective|p2a: Forretress\n|-damage|p2a: Forretress|0 fnt\n|faint|p2a: Forretress\n|\n|-weather|none\n|upkeep\n|c|\u2606Barkwitz|Thanks man\n|\n|t:|1698812405\n|switch|p2b: Sinistcha|Sinistcha-Masterpiece|88\/100 tox\n|switch|p2a: Oranguru|Oranguru, M, shiny|100\/100\n|turn|9\n|inactive|Barkwitz has 120 seconds left.\n|\n|t:|1698812436\n|move|p1a: me irl|Dragon Dance|p1a: me irl\n|-boost|p1a: me irl|atk|1\n|-boost|p1a: me irl|spe|1\n|move|p2b: Sinistcha|Matcha Gotcha|p1a: me irl|[spread] p1a,p1b\n|-resisted|p1a: me irl\n|-damage|p1a: me irl|12\/100\n|-heal|p2b: Sinistcha|96\/100 tox|[from] drain|[of] p1a: me irl\n|-damage|p1b: AAAAAAAAAAAAHHHH!!|52\/100\n|-heal|p2b: Sinistcha|100\/100 tox|[from] drain|[of] p1b: AAAAAAAAAAAAHHHH!!\n|move|p1b: AAAAAAAAAAAAHHHH!!|Dragon Tail|p2b: Sinistcha\n|-damage|p2b: Sinistcha|82\/100 tox\n|drag|p2b: Kingambit|Kingambit, M|100\/100\n|-activate|p2b: Kingambit|ability: Supreme Overlord\n|-start|p2b: Kingambit|fallen3|[silent]\n|move|p2a: Oranguru|Trick Room|p2a: Oranguru\n|-fieldstart|move: Trick Room|[of] p2a: Oranguru\n|\n|upkeep\n|turn|10\n|inactive|Barkwitz has 120 seconds left.\n|\n|t:|1698812466\n|move|p2b: Kingambit|Psycho Cut|p1a: me irl\n|-resisted|p1a: me irl\n|-damage|p1a: me irl|0 fnt\n|faint|p1a: me irl\n|move|p1b: AAAAAAAAAAAAHHHH!!|Fire Punch|p2b: Kingambit\n|-supereffective|p2b: Kingambit\n|-damage|p2b: Kingambit|59\/100\n|move|p2a: Oranguru|Instruct|p2b: Kingambit\n|-singleturn|p2b: Kingambit|move: Instruct|[of] p2a: Oranguru\n|move|p2b: Kingambit|Psycho Cut|p1b: AAAAAAAAAAAAHHHH!!\n|-damage|p1b: AAAAAAAAAAAAHHHH!!|0 fnt\n|faint|p1b: AAAAAAAAAAAAHHHH!!\n|\n|upkeep\n|\n|t:|1698812470\n|switch|p1b: Taurus|Tauros-Paldea-Aqua, M|100\/100\n|switch|p1a: killamanfrom316|Zapdos|100\/100\n|-damage|p1b: Taurus|94\/100|[from] Stealth Rock\n|-ability|p1b: Taurus|Intimidate|boost\n|-fail|p2a: Oranguru|unboost|Attack|[from] ability: Inner Focus|[of] p2a: Oranguru\n|-unboost|p2b: Kingambit|atk|1\n|-damage|p1a: killamanfrom316|76\/100|[from] Stealth Rock\n|turn|11\n|\n|t:|1698812496\n|move|p2b: Kingambit|Psycho Cut|p1a: killamanfrom316\n|-damage|p1a: killamanfrom316|31\/100\n|move|p2a: Oranguru|Instruct|p2b: Kingambit\n|-singleturn|p2b: Kingambit|move: Instruct|[of] p2a: Oranguru\n|move|p2b: Kingambit|Psycho Cut|p1a: killamanfrom316\n|-crit|p1a: killamanfrom316\n|-damage|p1a: killamanfrom316|0 fnt\n|faint|p1a: killamanfrom316\n|move|p1b: Taurus|Bulk Up|p1b: Taurus\n|-boost|p1b: Taurus|atk|1\n|-boost|p1b: Taurus|def|1\n|\n|-heal|p1b: Taurus|100\/100|[from] item: Leftovers\n|upkeep\n|turn|12\n|\n|t:|1698812511\n|move|p2b: Kingambit|Psycho Cut|p1b: Taurus\n|-supereffective|p1b: Taurus\n|-damage|p1b: Taurus|48\/100\n|move|p2a: Oranguru|Instruct|p2b: Kingambit\n|-singleturn|p2b: Kingambit|move: Instruct|[of] p2a: Oranguru\n|move|p2b: Kingambit|Psycho Cut|p1b: Taurus\n|-supereffective|p1b: Taurus\n|-crit|p1b: Taurus\n|-damage|p1b: Taurus|0 fnt\n|faint|p1b: Taurus\n|\n|win|Onion!9997\n|raw|Barkwitz's rating: 1160 &rarr; <strong>1127<\/strong><br \/>(-33 for losing)\n|raw|Onion!9997's rating: 1045 &rarr; <strong>1089<\/strong><br \/>(+44 for winning)\n|c|\u2606Barkwitz|rip\n|c|\u2606Onion!9997|gg\n|c|\u2606Barkwitz|gg good team\n","uploadtime":1698812532,"views":16,"p1id":"barkwitz","p2id":"onion9997","formatid":"gen9nationaldexdoubles","rating":1089,"private":0,"password":""}