{"id":"gen9nationaldexdoubles-1985903460","p1":"07aint","p2":"needadecentname","format":"[Gen 9] National Dex Doubles","log":"|j|\u260607aint\n|j|\u2606needadecentname\n|t:|1699420124\n|gametype|doubles\n|player|p1|07aint|blue|\n|player|p2|needadecentname|lucas|\n|teamsize|p1|6\n|teamsize|p2|6\n|gen|9\n|tier|[Gen 9] National Dex Doubles\n|rule|HP Percentage Mod: HP is shown in percentages\n|rule|Endless Battle Clause: Forcing endless battles is banned\n|rule|OHKO Clause: OHKO moves are banned\n|rule|Evasion Moves Clause: Evasion moves are banned\n|rule|Evasion Abilities Clause: Evasion abilities are banned\n|rule|Species Clause: Limit one of each Pok\u00e9mon\n|rule|Gravity Sleep Clause: The combination of sleep-inducing moves with imperfect accuracy and Gravity or Gigantamax Orbeetle are banned\n|clearpoke\n|poke|p1|Pelipper, M|\n|poke|p1|Volcarona, M|\n|poke|p1|Gastrodon-East, M|\n|poke|p1|Grimmsnarl, M|\n|poke|p1|Dragonite, F|\n|poke|p1|Ogerpon-Wellspring, F|\n|poke|p2|Ribombee, M|\n|poke|p2|Typhlosion-Hisui, F|\n|poke|p2|Torkoal, F|\n|poke|p2|Ambipom, F|\n|poke|p2|Ninetales, M|\n|poke|p2|Murkrow, F|\n|teampreview\n|inactive|Battle timer is ON: inactive players will automatically lose when time's up. (requested by 07aint)\n|\n|t:|1699420149\n|start\n|switch|p1a: Pelipper|Pelipper, M|100\/100\n|switch|p1b: Goop|Gastrodon-East, M|100\/100\n|switch|p2a: Ribombee|Ribombee, M|100\/100\n|switch|p2b: Torkoal|Torkoal, F|100\/100\n|-weather|RainDance|[from] ability: Drizzle|[of] p1a: Pelipper\n|-weather|SunnyDay|[from] ability: Drought|[of] p2b: Torkoal\n|turn|1\n|\n|t:|1699420173\n|switch|p1a: Dragonite|Dragonite, F|100\/100\n|move|p2a: Ribombee|Sticky Web|p1a: Dragonite\n|-sidestart|p1: 07aint|move: Sticky Web\n|move|p1b: Goop|Surf|p2b: Torkoal|[spread] p1a,p2a,p2b\n|-resisted|p1a: Dragonite\n|-supereffective|p2b: Torkoal\n|-damage|p1a: Dragonite|98\/100\n|-damage|p2a: Ribombee|83\/100\n|-damage|p2b: Torkoal|79\/100\n|move|p2b: Torkoal|Stealth Rock|p1a: Dragonite\n|-sidestart|p1: 07aint|move: Stealth Rock\n|\n|-weather|SunnyDay|[upkeep]\n|-heal|p1a: Dragonite|100\/100|[from] item: Leftovers\n|upkeep\n|turn|2\n|inactive|07aint has 270 seconds left.\n|\n|t:|1699420204\n|move|p2a: Ribombee|Moonblast|p1a: Dragonite\n|-supereffective|p1a: Dragonite\n|-damage|p1a: Dragonite|56\/100\n|-unboost|p1a: Dragonite|spa|1\n|move|p1a: Dragonite|Dragon Dance|p1a: Dragonite\n|-boost|p1a: Dragonite|atk|1\n|-boost|p1a: Dragonite|spe|1\n|move|p1b: Goop|Surf|p2b: Torkoal|[spread] p1a,p2a,p2b\n|-resisted|p1a: Dragonite\n|-supereffective|p2b: Torkoal\n|-damage|p1a: Dragonite|50\/100\n|-damage|p2a: Ribombee|64\/100\n|-damage|p2b: Torkoal|57\/100\n|move|p2b: Torkoal|Clear Smog|p1a: Dragonite\n|-damage|p1a: Dragonite|40\/100\n|-clearboost|p1a: Dragonite\n|\n|-weather|SunnyDay|[upkeep]\n|-heal|p1a: Dragonite|46\/100|[from] item: Leftovers\n|upkeep\n|turn|3\n|c|\u2606needadecentname|gottem\n|inactive|07aint has 270 seconds left.\n|\n|t:|1699420234\n|switch|p1a: Pelipper|Pelipper, M|100\/100\n|-damage|p1a: Pelipper|76\/100|[from] Stealth Rock\n|-weather|RainDance|[from] ability: Drizzle|[of] p1a: Pelipper\n|move|p2a: Ribombee|Moonblast|p1a: Pelipper\n|-damage|p1a: Pelipper|15\/100\n|move|p1b: Goop|Surf|p2a: Ribombee|[spread] p1a,p2a,p2b\n|-resisted|p1a: Pelipper\n|-supereffective|p2b: Torkoal\n|-crit|p2b: Torkoal\n|-damage|p1a: Pelipper|0 fnt\n|-damage|p2a: Ribombee|5\/100\n|-damage|p2b: Torkoal|0 fnt\n|faint|p1a: Pelipper\n|faint|p2b: Torkoal\n|\n|-weather|RainDance|[upkeep]\n|upkeep\n|c|\u260607aint|ok thrn\n|inactive|07aint has 270 seconds left.\n|c|\u260607aint|Didnt go as planned\n|c|\u2606needadecentname|congrats on losing pelipper\n|\n|t:|1699420266\n|switch|p1a: Ogerpon|Ogerpon-Wellspring, F|100\/100\n|switch|p2b: Ninetales|Ninetales, M|100\/100\n|-activate|p1a: Ogerpon|move: Sticky Web\n|-unboost|p1a: Ogerpon|spe|1\n|-damage|p1a: Ogerpon|88\/100|[from] Stealth Rock\n|-weather|SunnyDay|[from] ability: Drought|[of] p2b: Ninetales\n|turn|4\n|inactive|07aint has 270 seconds left.\n|\n|t:|1699420290\n|-terastallize|p1a: Ogerpon|Water\n|detailschange|p1a: Ogerpon|Ogerpon-Wellspring-Tera, F, tera:Water\n|-ability|p1a: Ogerpon|Embody Aspect (Wellspring)|boost\n|-boost|p1a: Ogerpon|spd|1\n|move|p2a: Ribombee|Bug Buzz|p1a: Ogerpon\n|-damage|p1a: Ogerpon|57\/100\n|move|p2b: Ninetales|Solar Beam||[still]\n|-prepare|p2b: Ninetales|Solar Beam\n|-anim|p2b: Ninetales|Solar Beam|p1b: Goop\n|-supereffective|p1b: Goop\n|-damage|p1b: Goop|12\/100\n|move|p1a: Ogerpon|Ivy Cudgel|p1b: Goop\n|-activate|p1b: Goop|ability: Storm Drain\n|-ability|p1b: Goop|Storm Drain|boost\n|-boost|p1b: Goop|spa|1\n|move|p1b: Goop|Surf|p2a: Ribombee|[spread] p1a,p2a,p2b\n|-resisted|p1a: Ogerpon\n|-supereffective|p2b: Ninetales\n|-damage|p1a: Ogerpon|51\/100\n|-damage|p2a: Ribombee|0 fnt\n|-damage|p2b: Ninetales|60\/100\n|faint|p2a: Ribombee\n|\n|-weather|SunnyDay|[upkeep]\n|-heal|p1b: Goop|18\/100|[from] item: Leftovers\n|upkeep\n|\n|t:|1699420301\n|switch|p2a: Ambipom|Ambipom, F|100\/100\n|turn|5\n|c|\u260607aint|ahat\n|inactive|07aint has 270 seconds left.\n|\n|t:|1699420330\n|move|p2a: Ambipom|Last Resort||[still]\n|-fail|p2a: Ambipom\n|move|p2b: Ninetales|Solar Beam||[still]\n|-prepare|p2b: Ninetales|Solar Beam\n|-anim|p2b: Ninetales|Solar Beam|p1b: Goop\n|-supereffective|p1b: Goop\n|-damage|p1b: Goop|0 fnt\n|faint|p1b: Goop\n|move|p1a: Ogerpon|Ivy Cudgel|p2b: Ninetales\n|-supereffective|p2b: Ninetales\n|-damage|p2b: Ninetales|0 fnt\n|faint|p2b: Ninetales\n|\n|-weather|SunnyDay|[upkeep]\n|upkeep\n|\n|t:|1699420350\n|switch|p2b: Typhlosion|Typhlosion-Hisui, F|100\/100\n|switch|p1b: Grimace|Grimmsnarl, M, shiny|100\/100\n|-activate|p1b: Grimace|move: Sticky Web\n|-unboost|p1b: Grimace|spe|1\n|-damage|p1b: Grimace|88\/100|[from] Stealth Rock\n|turn|6\n|c|\u2606needadecentname|wha\n|c|\u2606needadecentname|whyd it fail\n|c|\u260607aint|hmm\n|\n|t:|1699420369\n|-terastallize|p2b: Typhlosion|Fire\n|move|p1b: Grimace|Parting Shot|p2b: Typhlosion\n|-unboost|p2b: Typhlosion|atk|1\n|-unboost|p2b: Typhlosion|spa|1\n|\n|t:|1699420376\n|switch|p1b: Parasyte|Volcarona, M, shiny|100\/100|[from] Parting Shot\n|move|p2a: Ambipom|Last Resort||[still]\n|-fail|p2a: Ambipom\n|move|p2b: Typhlosion|Eruption|p1a: Ogerpon|[spread] p1a,p1b\n|-resisted|p1a: Ogerpon\n|-damage|p1a: Ogerpon|10\/100\n|-damage|p1b: Parasyte|0 fnt\n|faint|p1b: Parasyte\n|move|p1a: Ogerpon|Ivy Cudgel|p2b: Typhlosion\n|-supereffective|p2b: Typhlosion\n|-damage|p2b: Typhlosion|0 fnt\n|faint|p2b: Typhlosion\n|\n|-weather|SunnyDay|[upkeep]\n|upkeep\n|c|\u2606needadecentname|bro why does it fail\n|\n|t:|1699420401\n|switch|p2b: Murkrow|Murkrow, F|100\/100\n|switch|p1b: Dragonite|Dragonite, F|46\/100\n|-damage|p1b: Dragonite|22\/100|[from] Stealth Rock\n|turn|7\n|c|\u260607aint|that ain\u2019t good\n|c|\u2606needadecentname|thats just goofy\n|inactive|07aint has 270 seconds left.\n|\n|t:|1699420433\n|move|p2b: Murkrow|Thunder Wave|p1a: Ogerpon|[miss]\n|-miss|p2b: Murkrow|p1a: Ogerpon\n|move|p2a: Ambipom|Last Resort||[still]\n|-fail|p2a: Ambipom\n|move|p1b: Dragonite|Power-Up Punch|p2a: Ambipom\n|-supereffective|p2a: Ambipom\n|-damage|p2a: Ambipom|46\/100\n|-boost|p1b: Dragonite|atk|1\n|move|p1a: Ogerpon|Ivy Cudgel|p2b: Murkrow\n|-damage|p2b: Murkrow|26\/100\n|\n|-weather|SunnyDay|[upkeep]\n|-heal|p1b: Dragonite|28\/100|[from] item: Leftovers\n|upkeep\n|turn|8\n|c|\u2606needadecentname|now we need to run more battles\n|c|\u2606needadecentname|why is it failing if i have no other moves\n|inactive|07aint has 270 seconds left.\n|\n|t:|1699420462\n|move|p2b: Murkrow|Haze|p2b: Murkrow\n|-clearallboost\n|move|p1a: Ogerpon|Ivy Cudgel|p2b: Murkrow\n|-damage|p2b: Murkrow|0 fnt\n|faint|p2b: Murkrow\n|move|p2a: Ambipom|Last Resort||[still]\n|-fail|p2a: Ambipom\n|move|p1b: Dragonite|Dragon Dance|p1b: Dragonite\n|-boost|p1b: Dragonite|atk|1\n|-boost|p1b: Dragonite|spe|1\n|\n|-weather|SunnyDay|[upkeep]\n|-heal|p1b: Dragonite|34\/100|[from] item: Leftovers\n|upkeep\n|turn|9\n|c|\u260607aint|no way bro..\n|c|\u2606needadecentname|run it again hold up\n|\n|t:|1699420486\n|move|p1b: Dragonite|Outrage|p2a: Ambipom\n|-damage|p2a: Ambipom|0 fnt\n|faint|p2a: Ambipom\n|\n|win|07aint\n|c|\u260607aint|lol\n|c|\u260607aint|Ol\n|l|\u2606needadecentname\n|c|\u260607aint|Ok*\n","uploadtime":1699420501,"views":8,"p1id":"07aint","p2id":"needadecentname","formatid":"gen9nationaldexdoubles","rating":0,"private":0,"password":""}