{"id":"gen9nationaldexdoubles-1981754210","p1":"nombre epico.jpg","p2":"ShrimpTheShrimp","format":"[Gen 9] National Dex Doubles","log":"|j|\u2606nombre epico.jpg\n|j|\u2606ShrimpTheShrimp\n|t:|1698939097\n|gametype|doubles\n|player|p1|nombre epico.jpg|may-masters2|1361\n|player|p2|ShrimpTheShrimp|ltsurge|1542\n|teamsize|p1|6\n|teamsize|p2|6\n|gen|9\n|tier|[Gen 9] National Dex Doubles\n|rated|\n|rule|HP Percentage Mod: HP is shown in percentages\n|rule|Endless Battle Clause: Forcing endless battles is banned\n|rule|OHKO Clause: OHKO moves are banned\n|rule|Evasion Moves Clause: Evasion moves are banned\n|rule|Evasion Abilities Clause: Evasion abilities are banned\n|rule|Species Clause: Limit one of each Pok\u00e9mon\n|rule|Gravity Sleep Clause: The combination of sleep-inducing moves with imperfect accuracy and Gravity or Gigantamax Orbeetle are banned\n|clearpoke\n|poke|p1|Iron Bundle|\n|poke|p1|Blaziken, M|\n|poke|p1|Ninetales-Alola, F|\n|poke|p1|Whimsicott, F|\n|poke|p1|Marshadow|\n|poke|p1|Zeraora|\n|poke|p2|Chien-Pao|\n|poke|p2|Lucario, M|\n|poke|p2|Dragonite, M|\n|poke|p2|Tornadus, M|\n|poke|p2|Urshifu-*, M|\n|poke|p2|Flutter Mane|\n|teampreview\n|\n|t:|1698939115\n|start\n|switch|p1a: Whimsicott|Whimsicott, F, shiny|100\/100\n|switch|p1b: Ninetales|Ninetales-Alola, F, shiny|100\/100\n|switch|p2a: Chien-Pao|Chien-Pao|100\/100\n|switch|p2b: Dragonite|Dragonite, M, shiny|100\/100\n|-ability|p2a: Chien-Pao|Sword of Ruin\n|-weather|Snow|[from] ability: Snow Warning|[of] p1b: Ninetales\n|turn|1\n|\n|t:|1698939133\n|-terastallize|p2b: Dragonite|Normal\n|move|p2b: Dragonite|Extreme Speed|p1b: Ninetales\n|-damage|p1b: Ninetales|11\/100\n|move|p1a: Whimsicott|Tailwind|p1a: Whimsicott\n|-sidestart|p1: nombre epico.jpg|move: Tailwind\n|move|p1b: Ninetales|Aurora Veil|p1b: Ninetales\n|-sidestart|p1: nombre epico.jpg|move: Aurora Veil\n|move|p2a: Chien-Pao|Ice Spinner|p1b: Ninetales\n|-resisted|p1b: Ninetales\n|-damage|p1b: Ninetales|0 fnt\n|faint|p1b: Ninetales\n|\n|-weather|Snow|[upkeep]\n|upkeep\n|\n|t:|1698939152\n|switch|p1b: Zeraora|Zeraora|100\/100\n|turn|2\n|\n|t:|1698939167\n|move|p1b: Zeraora|Fake Out|p2b: Dragonite\n|-damage|p2b: Dragonite|80\/100\n|-damage|p1b: Zeraora|91\/100|[from] item: Life Orb\n|move|p2b: Dragonite|Extreme Speed|p1b: Zeraora\n|-damage|p1b: Zeraora|3\/100\n|move|p2a: Chien-Pao|Sucker Punch||[still]\n|-fail|p2a: Chien-Pao\n|move|p1a: Whimsicott|Dazzling Gleam|p2b: Dragonite|[spread] p2a,p2b\n|-supereffective|p2a: Chien-Pao\n|-damage|p2a: Chien-Pao|52\/100\n|-damage|p2b: Dragonite|64\/100\n|\n|-weather|Snow|[upkeep]\n|upkeep\n|turn|3\n|\n|t:|1698939191\n|switch|p1b: Marshadow|Marshadow|100\/100\n|move|p2b: Dragonite|Extreme Speed|p1b: Marshadow\n|-immune|p1b: Marshadow\n|move|p1a: Whimsicott|Dazzling Gleam|p2a: Chien-Pao|[spread] p2a,p2b\n|-supereffective|p2a: Chien-Pao\n|-damage|p2a: Chien-Pao|3\/100\n|-damage|p2b: Dragonite|47\/100\n|move|p2a: Chien-Pao|Ice Spinner|p1a: Whimsicott\n|-supereffective|p1a: Whimsicott\n|-damage|p1a: Whimsicott|28\/100\n|\n|-weather|Snow|[upkeep]\n|upkeep\n|turn|4\n|\n|t:|1698939208\n|move|p2a: Chien-Pao|Protect|p2a: Chien-Pao\n|-singleturn|p2a: Chien-Pao|Protect\n|move|p2b: Dragonite|Extreme Speed|p1a: Whimsicott\n|-damage|p1a: Whimsicott|0 fnt\n|faint|p1a: Whimsicott\n|move|p1b: Marshadow|Bulk Up|p1b: Marshadow\n|-boost|p1b: Marshadow|atk|1\n|-boost|p1b: Marshadow|def|1\n|\n|-weather|Snow|[upkeep]\n|-sideend|p1: nombre epico.jpg|move: Tailwind\n|upkeep\n|\n|t:|1698939221\n|switch|p1a: Zeraora|Zeraora|3\/100\n|turn|5\n|\n|t:|1698939232\n|switch|p2a: Flutter Mane|Flutter Mane, shiny|100\/100\n|move|p1a: Zeraora|Fake Out|p2b: Dragonite\n|-damage|p2b: Dragonite|30\/100\n|-damage|p1a: Zeraora|0 fnt|[from] item: Life Orb\n|faint|p1a: Zeraora\n|move|p2b: Dragonite|Extreme Speed|p1b: Marshadow\n|-immune|p1b: Marshadow\n|move|p1b: Marshadow|Shadow Sneak|p2a: Flutter Mane\n|-supereffective|p2a: Flutter Mane\n|-damage|p2a: Flutter Mane|0 fnt\n|faint|p2a: Flutter Mane\n|-end|p2a: Flutter Mane|Protosynthesis|[silent]\n|\n|-weather|none\n|upkeep\n|\n|t:|1698939249\n|switch|p1a: Blaziken|Blaziken, M, shiny|100\/100\n|switch|p2a: Tornadus|Tornadus, M|100\/100\n|turn|6\n|\n|t:|1698939258\n|detailschange|p1a: Blaziken|Blaziken-Mega, M, shiny\n|-mega|p1a: Blaziken|Blaziken|Blazikenite\n|move|p1a: Blaziken|Protect|p1a: Blaziken\n|-singleturn|p1a: Blaziken|Protect\n|move|p2b: Dragonite|Extreme Speed|p1a: Blaziken\n|-activate|p1a: Blaziken|move: Protect\n|move|p2a: Tornadus|Tailwind|p2a: Tornadus\n|-sidestart|p2: ShrimpTheShrimp|move: Tailwind\n|move|p1b: Marshadow|Spectral Thief|p2a: Tornadus\n|-damage|p2a: Tornadus|41\/100\n|\n|-ability|p1a: Blaziken|Speed Boost|boost\n|-boost|p1a: Blaziken|spe|1\n|upkeep\n|turn|7\n|\n|t:|1698939280\n|move|p2b: Dragonite|Extreme Speed|p1a: Blaziken\n|-damage|p1a: Blaziken|48\/100\n|move|p1b: Marshadow|Shadow Sneak|p2a: Tornadus\n|-damage|p2a: Tornadus|0 fnt\n|faint|p2a: Tornadus\n|move|p1a: Blaziken|Rock Slide|p2b: Dragonite\n|-damage|p2b: Dragonite|3\/100\n|\n|-ability|p1a: Blaziken|Speed Boost|boost\n|-boost|p1a: Blaziken|spe|1\n|upkeep\n|\n|t:|1698939287\n|switch|p2a: Urshifu|Urshifu-Rapid-Strike, M|100\/100\n|turn|8\n|\n|t:|1698939301\n|move|p2b: Dragonite|Extreme Speed|p1a: Blaziken\n|-damage|p1a: Blaziken|0 fnt\n|faint|p1a: Blaziken\n|move|p2a: Urshifu|Surging Strikes|p1b: Marshadow\n|-crit|p1b: Marshadow\n|-damage|p1b: Marshadow|69\/100\n|-crit|p1b: Marshadow\n|-damage|p1b: Marshadow|40\/100\n|-crit|p1b: Marshadow\n|-damage|p1b: Marshadow|8\/100\n|-hitcount|p1b: Marshadow|3\n|-zpower|p1b: Marshadow\n|move|p1b: Marshadow|Soul-Stealing 7-Star Strike|p2a: Urshifu|[zeffect]\n|-damage|p2a: Urshifu|0 fnt\n|faint|p2a: Urshifu\n|\n|-sideend|p1: nombre epico.jpg|move: Aurora Veil\n|upkeep\n|\n|t:|1698939322\n|switch|p1a: Iron Bundle|Iron Bundle, shiny|100\/100\n|switch|p2a: Chien-Pao|Chien-Pao|3\/100\n|-ability|p2a: Chien-Pao|Sword of Ruin\n|-enditem|p1a: Iron Bundle|Booster Energy\n|-activate|p1a: Iron Bundle|ability: Quark Drive|[fromitem]\n|-start|p1a: Iron Bundle|quarkdrivespe\n|turn|9\n|\n|t:|1698939339\n|move|p2a: Chien-Pao|Protect|p2a: Chien-Pao\n|-singleturn|p2a: Chien-Pao|Protect\n|move|p1b: Marshadow|Shadow Sneak|p2a: Chien-Pao\n|-activate|p2a: Chien-Pao|move: Protect\n|move|p1a: Iron Bundle|Ice Beam|p2b: Dragonite\n|-damage|p2b: Dragonite|0 fnt\n|faint|p2b: Dragonite\n|\n|-sideend|p2: ShrimpTheShrimp|move: Tailwind\n|upkeep\n|\n|t:|1698939345\n|switch|p2b: Lucario|Lucario, M|100\/100\n|turn|10\n|\n|t:|1698939356\n|detailschange|p2b: Lucario|Lucario-Mega, M\n|-mega|p2b: Lucario|Lucario|Lucarionite\n|move|p2a: Chien-Pao|Sucker Punch|p1b: Marshadow\n|-damage|p1b: Marshadow|0 fnt\n|faint|p1b: Marshadow\n|move|p1a: Iron Bundle|Hydro Pump|p2b: Lucario\n|-damage|p2b: Lucario|6\/100\n|move|p2b: Lucario|Close Combat|p1a: Iron Bundle\n|-supereffective|p1a: Iron Bundle\n|-damage|p1a: Iron Bundle|0 fnt\n|-unboost|p2b: Lucario|def|1\n|-unboost|p2b: Lucario|spd|1\n|faint|p1a: Iron Bundle\n|-end|p1a: Iron Bundle|Quark Drive|[silent]\n|\n|win|ShrimpTheShrimp\n|raw|nombre epico.jpg's rating: 1361 &rarr; <strong>1351<\/strong><br \/>(-10 for losing)\n|raw|ShrimpTheShrimp's rating: 1542 &rarr; <strong>1552<\/strong><br \/>(+10 for winning)\n|c|\u2606ShrimpTheShrimp|gg\n|l|\u2606ShrimpTheShrimp\n|c|\u2606nombre epico.jpg|Gg\n","uploadtime":1698939376,"views":6,"p1id":"nombreepicojpg","p2id":"shrimptheshrimp","formatid":"gen9nationaldexdoubles","rating":1351,"private":0,"password":""}