{"id":"gen9nationaldexdoubles-1999344383","p1":"specner4","p2":"BROCKISAROCK","format":"[Gen 9] National Dex Doubles","log":"|j|\u2606specner4\n|j|\u2606BROCKISAROCK\n|t:|1701063716\n|gametype|doubles\n|player|p1|specner4|265|\n|player|p2|BROCKISAROCK|brock|\n|teamsize|p1|6\n|teamsize|p2|6\n|gen|9\n|tier|[Gen 9] National Dex Doubles\n|rule|HP Percentage Mod: HP is shown in percentages\n|rule|Endless Battle Clause: Forcing endless battles is banned\n|rule|OHKO Clause: OHKO moves are banned\n|rule|Evasion Moves Clause: Evasion moves are banned\n|rule|Evasion Abilities Clause: Evasion abilities are banned\n|rule|Species Clause: Limit one of each Pok\u00e9mon\n|rule|Gravity Sleep Clause: The combination of sleep-inducing moves with imperfect accuracy and Gravity or Gigantamax Orbeetle are banned\n|rule|Item Clause: Limit one of each item\n|clearpoke\n|poke|p1|Toedscruel, M|\n|poke|p1|Ferrothorn, M|\n|poke|p1|Slither Wing|\n|poke|p1|Abomasnow, F|\n|poke|p1|Cetitan, M|\n|poke|p1|Trevenant, M|\n|poke|p2|Gyarados, M|\n|poke|p2|Dudunsparce-*, M|\n|poke|p2|Machamp, F|\n|poke|p2|Sharpedo, M|\n|poke|p2|Sudowoodo, M|\n|poke|p2|Gumshoos, F|\n|teampreview|4\n|j| Whaleu\n|j| Felis Regalis\n|j| prophetofsnacc\n|\n|t:|1701063750\n|start\n|switch|p1a: The|Toedscruel, M|100\/100\n|switch|p1b: Higher|Trevenant, M|100\/100\n|switch|p2a: SHRIMP|Gyarados, M, shiny|100\/100\n|switch|p2b: IMPOSTER|Sudowoodo, M, shiny|100\/100\n|-ability|p2a: SHRIMP|Intimidate|boost\n|-unboost|p1a: The|atk|1\n|-unboost|p1b: Higher|atk|1\n|turn|1\n|\n|t:|1701063778\n|move|p1a: The|Rage Powder|p1a: The\n|-singleturn|p1a: The|move: Rage Powder\n|move|p2a: SHRIMP|Taunt|p1a: The\n|-start|p1a: The|move: Taunt\n|move|p1b: Higher|Sunny Day|p1b: Higher\n|-weather|SunnyDay\n|move|p2b: IMPOSTER|Fire Punch|p1a: The\n|-supereffective|p1a: The\n|-damage|p1a: The|12\/100\n|\n|-weather|SunnyDay|[upkeep]\n|upkeep\n|turn|2\n|\n|t:|1701063806\n|move|p2a: SHRIMP|Thunder Wave|p1b: Higher|[miss]\n|-miss|p2a: SHRIMP|p1b: Higher\n|move|p1a: The|Leaf Storm|p2b: IMPOSTER\n|-supereffective|p2b: IMPOSTER\n|-damage|p2b: IMPOSTER|14\/100\n|-unboost|p1a: The|spa|2\n|move|p1b: Higher|Wood Hammer|p2b: IMPOSTER\n|-supereffective|p2b: IMPOSTER\n|-damage|p2b: IMPOSTER|0 fnt\n|faint|p2b: IMPOSTER\n|-damage|p1b: Higher|96\/100|[from] Recoil\n|\n|-weather|SunnyDay|[upkeep]\n|upkeep\n|\n|t:|1701063826\n|switch|p2b: COACH|Machamp, F|100\/100\n|turn|3\n|\n|t:|1701063840\n|move|p2a: SHRIMP|Thunder Wave|p1b: Higher\n|-status|p1b: Higher|par\n|move|p1a: The|Leaf Storm|p2a: SHRIMP\n|-damage|p2a: SHRIMP|86\/100\n|-unboost|p1a: The|spa|2\n|move|p2b: COACH|Darkest Lariat|p1b: Higher\n|-supereffective|p1b: Higher\n|-enditem|p1b: Higher|Colbur Berry|[eat]\n|-enditem|p1b: Higher|Colbur Berry|[weaken]\n|-damage|p1b: Higher|59\/100 par\n|move|p1b: Higher|Rock Slide|p2a: SHRIMP|[spread] p2a,p2b\n|-supereffective|p2a: SHRIMP\n|-resisted|p2b: COACH\n|-damage|p2a: SHRIMP|57\/100\n|-damage|p2b: COACH|94\/100\n|\n|-weather|SunnyDay|[upkeep]\n|-item|p1b: Higher|Colbur Berry|[from] ability: Harvest\n|upkeep\n|turn|4\n|\n|t:|1701063867\n|switch|p1a: Gets|Slither Wing|100\/100\n|-activate|p1a: Gets|ability: Protosynthesis\n|-start|p1a: Gets|protosynthesisatk\n|move|p2b: COACH|Dynamic Punch|p1a: Gets\n|-resisted|p1a: Gets\n|-damage|p1a: Gets|69\/100\n|-start|p1a: Gets|confusion\n|cant|p1b: Higher|par\n|move|p2a: SHRIMP|Roar|p1b: Higher\n|drag|p1b: Wall|Ferrothorn, M|100\/100\n|\n|-weather|SunnyDay|[upkeep]\n|upkeep\n|turn|5\n|\n|t:|1701063892\n|move|p1b: Wall|Protect|p1b: Wall\n|-singleturn|p1b: Wall|Protect\n|move|p2a: SHRIMP|Thunder Wave|p1a: Gets\n|-status|p1a: Gets|par\n|move|p2b: COACH|Dynamic Punch|p1b: Wall\n|-activate|p1b: Wall|move: Protect\n|-activate|p1a: Gets|confusion\n|-damage|p1a: Gets|50\/100 par|[from] confusion\n|\n|-weather|none\n|-end|p1a: Gets|Protosynthesis\n|upkeep\n|turn|6\n|\n|t:|1701063917\n|move|p2a: SHRIMP|Taunt|p1b: Wall\n|-start|p1b: Wall|move: Taunt\n|move|p2b: COACH|Darkest Lariat|p1a: Gets\n|-resisted|p1a: Gets\n|-damage|p1a: Gets|33\/100 par\n|-activate|p1a: Gets|confusion\n|move|p1a: Gets|Wild Charge|p2a: SHRIMP\n|-supereffective|p2a: SHRIMP\n|-damage|p2a: SHRIMP|0 fnt\n|faint|p2a: SHRIMP\n|-damage|p1a: Gets|19\/100 par|[from] Recoil\n|cant|p1b: Wall|move: Taunt|Iron Defense\n|\n|upkeep\n|\n|t:|1701063928\n|switch|p2a: TRUMP|Gumshoos, F|100\/100\n|turn|7\n|\n|t:|1701063946\n|-end|p1a: Gets|Protosynthesis|[silent]\n|switch|p1a: The|Toedscruel, M|12\/100\n|move|p2b: COACH|Dynamic Punch|p1a: The\n|-damage|p1a: The|0 fnt\n|faint|p1a: The\n|move|p2a: TRUMP|Fire Punch|p1b: Wall\n|-supereffective|p1b: Wall\n|-damage|p1b: Wall|0 fnt\n|-damage|p2a: TRUMP|88\/100|[from] ability: Iron Barbs|[of] p1b: Wall\n|faint|p1b: Wall\n|\n|upkeep\n|\n|t:|1701063957\n|switch|p1a: Gets|Slither Wing|19\/100 par\n|switch|p1b: Higher|Trevenant, M|59\/100 par\n|turn|8\n|\n|t:|1701063968\n|cant|p1a: Gets|par\n|move|p2b: COACH|Dynamic Punch|p1a: Gets\n|-resisted|p1a: Gets\n|-damage|p1a: Gets|0 fnt\n|faint|p1a: Gets\n|-end|p1a: Gets|Protosynthesis|[silent]\n|move|p2a: TRUMP|Fire Punch|p1b: Higher\n|-supereffective|p1b: Higher\n|-damage|p1b: Higher|0 fnt\n|faint|p1b: Higher\n|\n|win|BROCKISAROCK\n","uploadtime":1701063981,"views":0,"p1id":"specner4","p2id":"brockisarock","formatid":"gen9nationaldexdoubles","rating":0,"private":0,"password":""}