{"id":"gen9nationaldexdoubles-1949674848","p1":"svts","p2":"Kallerston","format":"[Gen 9] National Dex Doubles","log":"|j|\u2606svts\n|j|\u2606Kallerston\n|t:|1695390538\n|gametype|doubles\n|player|p1|svts|backersf|1098\n|player|p2|Kallerston|waiter-gen4dp|1036\n|teamsize|p1|6\n|teamsize|p2|6\n|gen|9\n|tier|[Gen 9] National Dex Doubles\n|rated|\n|rule|HP Percentage Mod: HP is shown in percentages\n|rule|Endless Battle Clause: Forcing endless battles is banned\n|rule|OHKO Clause: OHKO moves are banned\n|rule|Evasion Moves Clause: Evasion moves are banned\n|rule|Evasion Abilities Clause: Evasion abilities are banned\n|rule|Species Clause: Limit one of each Pok\u00e9mon\n|rule|Gravity Sleep Clause: The combination of sleep-inducing moves with imperfect accuracy and Gravity or Gigantamax Orbeetle are banned\n|clearpoke\n|poke|p1|Xurkitree|\n|poke|p1|Sceptile, F|\n|poke|p1|Pincurchin, M|\n|poke|p1|Boltund, F|\n|poke|p1|Ursaluna-Bloodmoon, M|\n|poke|p1|Rhyperior, M|\n|poke|p2|Blaziken, F|\n|poke|p2|Tentacruel, F|\n|poke|p2|Shiftry, F|\n|poke|p2|Flygon, M|\n|poke|p2|Castform, F|\n|poke|p2|Dusknoir, M|\n|teampreview\n|\n|t:|1695390565\n|start\n|switch|p1a: Boltund|Boltund, F, shiny|100\/100\n|switch|p1b: Ursaluna|Ursaluna-Bloodmoon, M|100\/100\n|switch|p2a: Shiftry|Shiftry, F|100\/100\n|switch|p2b: Castform|Castform, F|100\/100\n|turn|1\n|\n|t:|1695390579\n|move|p1a: Boltund|Electrify|p2a: Shiftry\n|-singleturn|p2a: Shiftry|move: Electrify\n|move|p2b: Castform|Sunny Day|p2b: Castform\n|-weather|SunnyDay\n|-formechange|p2b: Castform|Castform-Sunny|[msg]|[from] ability: Forecast\n|move|p2a: Shiftry|Leaf Tornado|p1b: Ursaluna\n|-immune|p1b: Ursaluna\n|move|p1b: Ursaluna|Blood Moon|p2a: Shiftry\n|-damage|p2a: Shiftry|0 fnt\n|faint|p2a: Shiftry\n|\n|-weather|SunnyDay|[upkeep]\n|upkeep\n|\n|t:|1695390610\n|switch|p2a: Flygon|Flygon, M|100\/100\n|turn|2\n|c|\u2606svts|:\/\n|\n|t:|1695390626\n|move|p1a: Boltund|Electrify|p2a: Flygon\n|-singleturn|p2a: Flygon|move: Electrify\n|move|p2a: Flygon|Scale Shot|p1b: Ursaluna\n|-immune|p1b: Ursaluna\n|move|p2b: Castform|Weather Ball|p1a: Boltund\n|-damage|p1a: Boltund|14\/100\n|move|p1b: Ursaluna|Moonblast|p2a: Flygon\n|-supereffective|p2a: Flygon\n|-damage|p2a: Flygon|38\/100\n|\n|-weather|SunnyDay|[upkeep]\n|-heal|p1a: Boltund|20\/100|[from] item: Leftovers\n|upkeep\n|turn|3\n|\n|t:|1695390648\n|move|p1a: Boltund|Electrify|p2a: Flygon\n|-singleturn|p2a: Flygon|move: Electrify\n|move|p2a: Flygon|Earthquake|p1a: Boltund|[spread] p2b,p1a\n|-immune|p1b: Ursaluna\n|-resisted|p1a: Boltund\n|-damage|p2b: Castform|64\/100\n|-damage|p1a: Boltund|3\/100\n|move|p2b: Castform|Hydro Pump|p1b: Ursaluna\n|-supereffective|p1b: Ursaluna\n|-damage|p1b: Ursaluna|72\/100\n|move|p1b: Ursaluna|Moonblast|p2a: Flygon\n|-supereffective|p2a: Flygon\n|-damage|p2a: Flygon|0 fnt\n|faint|p2a: Flygon\n|\n|-weather|SunnyDay|[upkeep]\n|-heal|p1a: Boltund|9\/100|[from] item: Leftovers\n|-heal|p1b: Ursaluna|78\/100|[from] item: Leftovers\n|upkeep\n|\n|t:|1695390666\n|switch|p2a: Tentacruel|Tentacruel, F|100\/100\n|turn|4\n|\n|t:|1695390679\n|move|p2a: Tentacruel|Protect|p2a: Tentacruel\n|-singleturn|p2a: Tentacruel|Protect\n|move|p1a: Boltund|Discharge|p2b: Castform|[spread] p2b\n|-activate|p2a: Tentacruel|move: Protect\n|-immune|p1b: Ursaluna\n|-damage|p2b: Castform|31\/100\n|move|p2b: Castform|Hail|p2b: Castform\n|-weather|Hail\n|-formechange|p2b: Castform|Castform-Snowy|[msg]|[from] ability: Forecast\n|move|p1b: Ursaluna|Blood Moon|p2a: Tentacruel\n|-activate|p2a: Tentacruel|move: Protect\n|\n|-weather|Hail|[upkeep]\n|-damage|p1a: Boltund|3\/100|[from] Hail\n|-damage|p2a: Tentacruel|95\/100|[from] Hail\n|-damage|p1b: Ursaluna|72\/100|[from] Hail\n|-heal|p1a: Boltund|9\/100|[from] item: Leftovers\n|-heal|p1b: Ursaluna|78\/100|[from] item: Leftovers\n|upkeep\n|turn|5\n|\n|t:|1695390706\n|move|p2a: Tentacruel|Protect||[still]\n|-fail|p2a: Tentacruel\n|move|p1a: Boltund|Discharge|p2b: Castform|[spread] p2a,p2b\n|-immune|p1b: Ursaluna\n|-supereffective|p2a: Tentacruel\n|-damage|p2a: Tentacruel|65\/100\n|-damage|p2b: Castform|0 fnt\n|faint|p2b: Castform\n|move|p1b: Ursaluna|Earth Power|p2a: Tentacruel\n|-supereffective|p2a: Tentacruel\n|-damage|p2a: Tentacruel|0 fnt\n|faint|p2a: Tentacruel\n|\n|-weather|Hail|[upkeep]\n|-damage|p1a: Boltund|3\/100|[from] Hail\n|-damage|p1b: Ursaluna|72\/100|[from] Hail\n|-heal|p1a: Boltund|9\/100|[from] item: Leftovers\n|-heal|p1b: Ursaluna|78\/100|[from] item: Leftovers\n|upkeep\n|-message|Kallerston forfeited.\n|\n|win|svts\n|raw|svts's rating: 1098 &rarr; <strong>1119<\/strong><br \/>(+21 for winning)\n|raw|Kallerston's rating: 1036 &rarr; <strong>1023<\/strong><br \/>(-13 for losing)\n|l|\u2606Kallerston\n","uploadtime":1695390727,"views":13,"p1id":"svts","p2id":"kallerston","formatid":"gen9nationaldexdoubles","rating":1023,"private":0,"password":""}