{"id":"gen9nationaldexdoubles-1982890459","p1":"GoDDanteX","p2":"conifirous","format":"[Gen 9] National Dex Doubles","log":"|j|\u2606GoDDanteX\n|j|\u2606conifirous\n|t:|1699055408\n|gametype|doubles\n|player|p1|GoDDanteX|blue|1165\n|player|p2|conifirous|cheren-gen5bw2|1168\n|teamsize|p1|6\n|teamsize|p2|6\n|gen|9\n|tier|[Gen 9] National Dex Doubles\n|rated|\n|rule|HP Percentage Mod: HP is shown in percentages\n|rule|Endless Battle Clause: Forcing endless battles is banned\n|rule|OHKO Clause: OHKO moves are banned\n|rule|Evasion Moves Clause: Evasion moves are banned\n|rule|Evasion Abilities Clause: Evasion abilities are banned\n|rule|Species Clause: Limit one of each Pok\u00e9mon\n|rule|Gravity Sleep Clause: The combination of sleep-inducing moves with imperfect accuracy and Gravity or Gigantamax Orbeetle are banned\n|clearpoke\n|poke|p1|Tyranitar, M|\n|poke|p1|Keldeo-Resolute|\n|poke|p1|Swellow, M|\n|poke|p1|Gardevoir, F|\n|poke|p1|Heatran, M|\n|poke|p1|Goodra, M|\n|poke|p2|Indeedee-F, F|\n|poke|p2|Scolipede, M|\n|poke|p2|Audino, F|\n|poke|p2|Garbodor, M|\n|poke|p2|Aegislash, M|\n|poke|p2|Krookodile, M|\n|teampreview\n|\n|t:|1699055419\n|start\n|switch|p1a: Keldeo|Keldeo-Resolute|100\/100\n|switch|p1b: Swellow|Swellow, M|100\/100\n|switch|p2a: Amine|Audino, F|100\/100\n|switch|p2b: Eye Sword|Aegislash, M|100\/100\n|turn|1\n|\n|t:|1699055437\n|detailschange|p2a: Amine|Audino-Mega, F\n|-mega|p2a: Amine|Audino|Audinite\n|move|p1b: Swellow|Protect|p1b: Swellow\n|-singleturn|p1b: Swellow|Protect\n|move|p1a: Keldeo|Calm Mind|p1a: Keldeo\n|-boost|p1a: Keldeo|spa|1\n|-boost|p1a: Keldeo|spd|1\n|move|p2b: Eye Sword|Swords Dance|p2b: Eye Sword\n|-boost|p2b: Eye Sword|atk|2\n|move|p2a: Amine|Trick Room|p2a: Amine\n|-fieldstart|move: Trick Room|[of] p2a: Amine\n|\n|-status|p1b: Swellow|brn|[from] item: Flame Orb\n|upkeep\n|turn|2\n|\n|t:|1699055464\n|move|p2a: Amine|Helping Hand|p2b: Eye Sword\n|-singleturn|p2b: Eye Sword|Helping Hand|[of] p2a: Amine\n|-formechange|p2b: Eye Sword|Aegislash-Blade||[from] ability: Stance Change\n|move|p2b: Eye Sword|Brick Break|p1a: Keldeo\n|-damage|p1a: Keldeo|0 fnt\n|faint|p1a: Keldeo\n|move|p1b: Swellow|Brave Bird|p2b: Eye Sword\n|-resisted|p2b: Eye Sword\n|-damage|p2b: Eye Sword|32\/100\n|-damage|p1b: Swellow|78\/100 brn|[from] Recoil\n|\n|-damage|p1b: Swellow|72\/100 brn|[from] brn\n|upkeep\n|\n|t:|1699055484\n|switch|p1a: Heatran|Heatran, M|100\/100\n|turn|3\n|\n|t:|1699055502\n|move|p2a: Amine|Helping Hand|p2b: Eye Sword\n|-singleturn|p2b: Eye Sword|Helping Hand|[of] p2a: Amine\n|move|p1b: Swellow|Quick Attack|p2a: Amine\n|-damage|p2a: Amine|87\/100\n|move|p2b: Eye Sword|Brick Break|p1a: Heatran\n|-supereffective|p1a: Heatran\n|-damage|p1a: Heatran|0 fnt\n|faint|p1a: Heatran\n|\n|-damage|p1b: Swellow|66\/100 brn|[from] brn\n|upkeep\n|\n|t:|1699055515\n|switch|p1a: Goodra|Goodra, M|100\/100\n|turn|4\n|\n|t:|1699055525\n|move|p2a: Amine|Helping Hand|p2b: Eye Sword\n|-singleturn|p2b: Eye Sword|Helping Hand|[of] p2a: Amine\n|move|p2b: Eye Sword|Iron Head|p1a: Goodra\n|-damage|p1a: Goodra|0 fnt\n|-ability|p1a: Goodra|Gooey\n|-unboost|p2b: Eye Sword|spe|1\n|faint|p1a: Goodra\n|move|p1b: Swellow|Brave Bird|p2a: Amine\n|-damage|p2a: Amine|48\/100\n|-damage|p1b: Swellow|48\/100 brn|[from] Recoil\n|\n|-damage|p1b: Swellow|42\/100 brn|[from] brn\n|upkeep\n|\n|t:|1699055535\n|switch|p1a: Gardevoir|Gardevoir, F|100\/100\n|turn|5\n|\n|t:|1699055547\n|move|p2a: Amine|Helping Hand|p2b: Eye Sword\n|-singleturn|p2b: Eye Sword|Helping Hand|[of] p2a: Amine\n|move|p2b: Eye Sword|Iron Head|p1a: Gardevoir\n|-supereffective|p1a: Gardevoir\n|-damage|p1a: Gardevoir|0 fnt\n|faint|p1a: Gardevoir\n|move|p1b: Swellow|Brave Bird|p2b: Eye Sword\n|-resisted|p2b: Eye Sword\n|-damage|p2b: Eye Sword|0 fnt\n|faint|p2b: Eye Sword\n|-damage|p1b: Swellow|32\/100 brn|[from] Recoil\n|\n|-damage|p1b: Swellow|26\/100 brn|[from] brn\n|-fieldend|move: Trick Room\n|upkeep\n|\n|t:|1699055560\n|switch|p1a: Tyranitar|Tyranitar, M|100\/100\n|switch|p2b: Garbage\ud83e\udd2e\ud83e\udd2e|Garbodor, M|100\/100\n|-weather|Sandstorm|[from] ability: Sand Stream|[of] p1a: Tyranitar\n|turn|6\n|\n|t:|1699055591\n|move|p1b: Swellow|Quick Attack|p2b: Garbage\ud83e\udd2e\ud83e\udd2e\n|-damage|p2b: Garbage\ud83e\udd2e\ud83e\udd2e|80\/100\n|move|p1a: Tyranitar|Earthquake|p2b: Garbage\ud83e\udd2e\ud83e\udd2e|[spread] p2a,p2b\n|-immune|p1b: Swellow\n|-supereffective|p2b: Garbage\ud83e\udd2e\ud83e\udd2e\n|-damage|p2a: Amine|31\/100\n|-damage|p2b: Garbage\ud83e\udd2e\ud83e\udd2e|31\/100\n|move|p2b: Garbage\ud83e\udd2e\ud83e\udd2e|Toxic|p1a: Tyranitar\n|-status|p1a: Tyranitar|tox\n|move|p2a: Amine|Trick Room|p2a: Amine\n|-fieldstart|move: Trick Room|[of] p2a: Amine\n|\n|-weather|Sandstorm|[upkeep]\n|-damage|p2a: Amine|25\/100|[from] Sandstorm\n|-damage|p2b: Garbage\ud83e\udd2e\ud83e\udd2e|25\/100|[from] Sandstorm\n|-damage|p1b: Swellow|20\/100 brn|[from] Sandstorm\n|-heal|p2b: Garbage\ud83e\udd2e\ud83e\udd2e|31\/100|[from] item: Black Sludge\n|-damage|p1a: Tyranitar|94\/100 tox|[from] psn\n|-damage|p1b: Swellow|14\/100 brn|[from] brn\n|upkeep\n|turn|7\n|\n|t:|1699055613\n|-terastallize|p1a: Tyranitar|Steel\n|move|p1b: Swellow|Protect|p1b: Swellow\n|-singleturn|p1b: Swellow|Protect\n|move|p2a: Amine|Dazzling Gleam|p1a: Tyranitar|[spread] p1a\n|-activate|p1b: Swellow|move: Protect\n|-resisted|p1a: Tyranitar\n|-damage|p1a: Tyranitar|86\/100 tox\n|move|p2b: Garbage\ud83e\udd2e\ud83e\udd2e|Rock Blast|p1a: Tyranitar\n|-resisted|p1a: Tyranitar\n|-damage|p1a: Tyranitar|83\/100 tox\n|-resisted|p1a: Tyranitar\n|-damage|p1a: Tyranitar|81\/100 tox\n|-resisted|p1a: Tyranitar\n|-damage|p1a: Tyranitar|78\/100 tox\n|-resisted|p1a: Tyranitar\n|-damage|p1a: Tyranitar|76\/100 tox\n|-resisted|p1a: Tyranitar\n|-damage|p1a: Tyranitar|73\/100 tox\n|-hitcount|p1a: Tyranitar|5\n|cant|p1a: Tyranitar|flinch\n|\n|-weather|Sandstorm|[upkeep]\n|-damage|p2a: Amine|19\/100|[from] Sandstorm\n|-damage|p2b: Garbage\ud83e\udd2e\ud83e\udd2e|25\/100|[from] Sandstorm\n|-damage|p1b: Swellow|7\/100 brn|[from] Sandstorm\n|-heal|p2b: Garbage\ud83e\udd2e\ud83e\udd2e|31\/100|[from] item: Black Sludge\n|-damage|p1a: Tyranitar|61\/100 tox|[from] psn\n|-damage|p1b: Swellow|1\/100 brn|[from] brn\n|upkeep\n|turn|8\n|\n|t:|1699055644\n|move|p1b: Swellow|Quick Attack|p2a: Amine\n|-damage|p2a: Amine|3\/100\n|move|p2a: Amine|Dazzling Gleam|p1a: Tyranitar|[spread] p1a,p1b\n|-resisted|p1a: Tyranitar\n|-damage|p1a: Tyranitar|52\/100 tox\n|-damage|p1b: Swellow|0 fnt\n|faint|p1b: Swellow\n|move|p2b: Garbage\ud83e\udd2e\ud83e\udd2e|Rock Blast|p1a: Tyranitar\n|-resisted|p1a: Tyranitar\n|-damage|p1a: Tyranitar|49\/100 tox\n|-resisted|p1a: Tyranitar\n|-damage|p1a: Tyranitar|47\/100 tox\n|-resisted|p1a: Tyranitar\n|-damage|p1a: Tyranitar|44\/100 tox\n|-resisted|p1a: Tyranitar\n|-damage|p1a: Tyranitar|42\/100 tox\n|-resisted|p1a: Tyranitar\n|-damage|p1a: Tyranitar|39\/100 tox\n|-hitcount|p1a: Tyranitar|5\n|cant|p1a: Tyranitar|flinch\n|\n|-weather|Sandstorm|[upkeep]\n|-damage|p2a: Amine|0 fnt|[from] Sandstorm\n|-damage|p2b: Garbage\ud83e\udd2e\ud83e\udd2e|25\/100|[from] Sandstorm\n|faint|p2a: Amine\n|-heal|p2b: Garbage\ud83e\udd2e\ud83e\udd2e|31\/100|[from] item: Black Sludge\n|-damage|p1a: Tyranitar|21\/100 tox|[from] psn\n|upkeep\n|-enditem|p1a: Tyranitar|Salac Berry|[eat]\n|-boost|p1a: Tyranitar|spe|1|[from] item: Salac Berry\n|-message|GoDDanteX forfeited.\n|\n|win|conifirous\n|raw|GoDDanteX's rating: 1165 &rarr; <strong>1140<\/strong><br \/>(-25 for losing)\n|raw|conifirous's rating: 1168 &rarr; <strong>1193<\/strong><br \/>(+25 for winning)\n|l|\u2606GoDDanteX\n","uploadtime":1699055679,"views":20,"p1id":"goddantex","p2id":"conifirous","formatid":"gen9nationaldexdoubles","rating":1140,"private":0,"password":""}