{"id":"gen9nationaldexdoubles-1970753531","p1":"Drakerson","p2":"L+raitof","format":"[Gen 9] National Dex Doubles","log":"|j|\u2606Drakerson\n|j|\u2606L+raitof\n|t:|1697663949\n|gametype|doubles\n|player|p1|Drakerson|blaine|1070\n|player|p2|L+raitof|parasollady|1133\n|teamsize|p1|6\n|teamsize|p2|6\n|gen|9\n|tier|[Gen 9] National Dex Doubles\n|rated|\n|rule|HP Percentage Mod: HP is shown in percentages\n|rule|Endless Battle Clause: Forcing endless battles is banned\n|rule|OHKO Clause: OHKO moves are banned\n|rule|Evasion Moves Clause: Evasion moves are banned\n|rule|Evasion Abilities Clause: Evasion abilities are banned\n|rule|Species Clause: Limit one of each Pok\u00e9mon\n|rule|Gravity Sleep Clause: The combination of sleep-inducing moves with imperfect accuracy and Gravity or Gigantamax Orbeetle are banned\n|clearpoke\n|poke|p1|Charizard, M|\n|poke|p1|Torkoal, F|\n|poke|p1|Volcarona, F|\n|poke|p1|Lilligant-Hisui, F|\n|poke|p1|Walking Wake|\n|poke|p1|Venusaur, M|\n|poke|p2|Bellossom, F|\n|poke|p2|Greninja-*, M|\n|poke|p2|Ribombee, F|\n|poke|p2|Pawmot, M|\n|poke|p2|Ninetales, M|\n|poke|p2|Bisharp, M|\n|teampreview\n|\n|t:|1697663966\n|start\n|switch|p1a: Torkoal|Torkoal, F|100\/100\n|switch|p1b: Walking Wake|Walking Wake|100\/100\n|switch|p2a: Greninja|Greninja, M, shiny|100\/100\n|switch|p2b: Ninetales|Ninetales, M|100\/100\n|-weather|SunnyDay|[from] ability: Drought|[of] p2b: Ninetales\n|-activate|p1b: Walking Wake|ability: Protosynthesis\n|-start|p1b: Walking Wake|protosynthesisspa\n|turn|1\n|\n|t:|1697663992\n|move|p2b: Ninetales|Protect|p2b: Ninetales\n|-singleturn|p2b: Ninetales|Protect\n|move|p2a: Greninja|Surf|p1a: Torkoal|[spread] p1a,p1b\n|-start|p2a: Greninja|typechange|Water|[from] ability: Protean\n|-activate|p2b: Ninetales|move: Protect\n|-supereffective|p1a: Torkoal\n|-resisted|p1b: Walking Wake\n|-damage|p1a: Torkoal|60\/100\n|-damage|p1b: Walking Wake|98\/100\n|-damage|p2a: Greninja|91\/100|[from] item: Life Orb\n|move|p1b: Walking Wake|Hydro Steam|p2b: Ninetales\n|-activate|p2b: Ninetales|move: Protect\n|move|p1a: Torkoal|Body Press|p2a: Greninja\n|-damage|p2a: Greninja|44\/100\n|\n|-weather|SunnyDay|[upkeep]\n|upkeep\n|turn|2\n|\n|t:|1697664019\n|move|p2a: Greninja|Toxic|p1b: Walking Wake\n|-status|p1b: Walking Wake|tox\n|move|p2b: Ninetales|Extrasensory|p1a: Torkoal\n|-damage|p1a: Torkoal|35\/100\n|move|p1b: Walking Wake|Hydro Steam|p2b: Ninetales\n|-supereffective|p2b: Ninetales\n|-crit|p2b: Ninetales\n|-damage|p2b: Ninetales|0 fnt\n|faint|p2b: Ninetales\n|move|p1a: Torkoal|Body Press|p2a: Greninja\n|-damage|p2a: Greninja|1\/100\n|\n|-weather|SunnyDay|[upkeep]\n|-damage|p1b: Walking Wake|91\/100 tox|[from] psn\n|upkeep\n|\n|t:|1697664036\n|switch|p2b: Ribombee|Ribombee, F|100\/100\n|turn|3\n|\n|t:|1697664046\n|switch|p2a: Pawmot|Pawmot, M|100\/100\n|switch|p1a: Lilligant|Lilligant-Hisui, F, shiny|100\/100\n|move|p2b: Ribombee|Moonblast|p1b: Walking Wake\n|-supereffective|p1b: Walking Wake\n|-crit|p1b: Walking Wake\n|-damage|p1b: Walking Wake|17\/100 tox\n|move|p1b: Walking Wake|Flamethrower|p2b: Ribombee\n|-supereffective|p2b: Ribombee\n|-damage|p2b: Ribombee|0 fnt\n|faint|p2b: Ribombee\n|\n|-weather|SunnyDay|[upkeep]\n|-damage|p1b: Walking Wake|4\/100 tox|[from] psn\n|upkeep\n|\n|t:|1697664061\n|switch|p2b: Bellossom|Bellossom, F, shiny|100\/100\n|turn|4\n|\n|t:|1697664076\n|-terastallize|p2b: Bellossom|Fairy\n|move|p2b: Bellossom|Quiver Dance|p2b: Bellossom\n|-boost|p2b: Bellossom|spa|1\n|-boost|p2b: Bellossom|spd|1\n|-boost|p2b: Bellossom|spe|1\n|move|p1a: Lilligant|Poison Jab|p2b: Bellossom\n|-supereffective|p2b: Bellossom\n|-damage|p2b: Bellossom|29\/100\n|-damage|p1a: Lilligant|91\/100|[from] item: Life Orb\n|move|p2a: Pawmot|Double Shock|p1a: Lilligant\n|-resisted|p1a: Lilligant\n|-damage|p1a: Lilligant|54\/100\n|-start|p2a: Pawmot|typechange|???\/Fighting|[from] move: Double Shock\n|move|p1b: Walking Wake|Flamethrower|p2b: Bellossom\n|-damage|p2b: Bellossom|0 fnt\n|faint|p2b: Bellossom\n|\n|-weather|SunnyDay|[upkeep]\n|-damage|p1b: Walking Wake|0 fnt|[from] psn\n|faint|p1b: Walking Wake\n|-end|p1b: Walking Wake|Protosynthesis|[silent]\n|upkeep\n|\n|t:|1697664095\n|switch|p1b: Charizard|Charizard, M|100\/100\n|switch|p2b: Bisharp|Bisharp, M, shiny|100\/100\n|turn|5\n|\n|t:|1697664103\n|move|p1a: Lilligant|Axe Kick|p2b: Bisharp\n|-supereffective|p2b: Bisharp\n|-damage|p2b: Bisharp|0 fnt\n|faint|p2b: Bisharp\n|-damage|p1a: Lilligant|44\/100|[from] item: Life Orb\n|move|p1b: Charizard|Air Slash|p2a: Pawmot\n|-supereffective|p2a: Pawmot\n|-damage|p2a: Pawmot|0 fnt\n|faint|p2a: Pawmot\n|\n|-weather|SunnyDay|[upkeep]\n|-damage|p1b: Charizard|88\/100|[from] ability: Solar Power|[of] p1b: Charizard\n|upkeep\n|\n|t:|1697664114\n|switch|p2a: Greninja|Greninja, M, shiny|1\/100\n|turn|6\n|\n|t:|1697664121\n|move|p2a: Greninja|Surf|p1b: Charizard|[spread] p1a,p1b\n|-start|p2a: Greninja|typechange|Water|[from] ability: Protean\n|-resisted|p1a: Lilligant\n|-supereffective|p1b: Charizard\n|-damage|p1a: Lilligant|31\/100\n|-damage|p1b: Charizard|41\/100\n|-damage|p2a: Greninja|0 fnt|[from] item: Life Orb\n|faint|p2a: Greninja\n|\n|win|Drakerson\n|raw|Drakerson's rating: 1070 &rarr; <strong>1105<\/strong><br \/>(+35 for winning)\n|raw|L+raitof's rating: 1133 &rarr; <strong>1104<\/strong><br \/>(-29 for losing)\n|c|\u2606Drakerson|GG\n|l|\u2606L+raitof\n","uploadtime":1697664147,"views":11,"p1id":"drakerson","p2id":"lraitof","formatid":"gen9nationaldexdoubles","rating":1104,"private":0,"password":""}