{"id":"gen9nationaldexdoubles-2000072645","p1":"longyv","p2":"Not McBruh","format":"[Gen 9] National Dex Doubles","log":"|j|\u2606longyv\n|j|\u2606Not McBruh\n|t:|1701149727\n|gametype|doubles\n|player|p1|longyv|169|1243\n|player|p2|Not McBruh|102|1449\n|teamsize|p1|6\n|teamsize|p2|6\n|gen|9\n|tier|[Gen 9] National Dex Doubles\n|rated|\n|rule|HP Percentage Mod: HP is shown in percentages\n|rule|Endless Battle Clause: Forcing endless battles is banned\n|rule|OHKO Clause: OHKO moves are banned\n|rule|Evasion Moves Clause: Evasion moves are banned\n|rule|Evasion Abilities Clause: Evasion abilities are banned\n|rule|Species Clause: Limit one of each Pok\u00e9mon\n|rule|Gravity Sleep Clause: The combination of sleep-inducing moves with imperfect accuracy and Gravity or Gigantamax Orbeetle are banned\n|clearpoke\n|poke|p1|Tornadus, M|\n|poke|p1|Gholdengo|\n|poke|p1|Mew|\n|poke|p1|Rillaboom, F|\n|poke|p1|Goodra-Hisui, M|\n|poke|p1|Salamence, F|\n|poke|p2|Ursaluna, M|\n|poke|p2|Oranguru, M|\n|poke|p2|Farigiraf, M|\n|poke|p2|Grimmsnarl, M|\n|poke|p2|Camerupt, F|\n|poke|p2|Cresselia, F|\n|teampreview\n|\n|t:|1701149752\n|start\n|switch|p1a: Goodra|Goodra-Hisui, M|100\/100\n|switch|p1b: Tornadus|Tornadus, M|100\/100\n|switch|p2a: Farigiraf|Farigiraf, M|100\/100\n|switch|p2b: Grimmsnarl|Grimmsnarl, M|100\/100\n|turn|1\n|\n|t:|1701149767\n|move|p2b: Grimmsnarl|Light Screen|p2b: Grimmsnarl\n|-sidestart|p2: Not McBruh|move: Light Screen\n|move|p1b: Tornadus|Bleakwind Storm|p2b: Grimmsnarl|[spread] p2a,p2b\n|-damage|p2a: Farigiraf|78\/100\n|-damage|p2b: Grimmsnarl|82\/100\n|move|p1a: Goodra|Acid Armor|p1a: Goodra\n|-boost|p1a: Goodra|def|2\n|move|p2a: Farigiraf|Trick Room|p2a: Farigiraf\n|-fieldstart|move: Trick Room|[of] p2a: Farigiraf\n|\n|upkeep\n|turn|2\n|\n|t:|1701149796\n|switch|p2a: Oranguru|Oranguru, M|100\/100\n|switch|p1b: Rillaboom|Rillaboom, F|100\/100\n|-fieldstart|move: Grassy Terrain|[from] ability: Grassy Surge|[of] p1b: Rillaboom\n|move|p2b: Grimmsnarl|Parting Shot|p1b: Rillaboom\n|-unboost|p1b: Rillaboom|atk|1\n|-unboost|p1b: Rillaboom|spa|1\n|\n|t:|1701149808\n|switch|p2b: Ursaluna|Ursaluna, M|100\/100|[from] Parting Shot\n|move|p1a: Goodra|Acid Armor|p1a: Goodra\n|-boost|p1a: Goodra|def|2\n|\n|-status|p2a: Oranguru|brn|[from] item: Flame Orb\n|upkeep\n|turn|3\n|\n|t:|1701149820\n|-terastallize|p2b: Ursaluna|Ghost\n|move|p2a: Oranguru|Fling|p2b: Ursaluna\n|-supereffective|p2b: Ursaluna\n|-damage|p2b: Ursaluna|97\/100\n|-status|p2b: Ursaluna|brn\n|-enditem|p2b: Ursaluna|Weakness Policy\n|-boost|p2b: Ursaluna|atk|2|[from] item: Weakness Policy\n|-boost|p2b: Ursaluna|spa|2|[from] item: Weakness Policy\n|-enditem|p2a: Oranguru|Flame Orb|[from] move: Fling\n|move|p2b: Ursaluna|Drain Punch|p1a: Goodra\n|-supereffective|p1a: Goodra\n|-damage|p1a: Goodra|57\/100\n|-heal|p2b: Ursaluna|100\/100 brn|[from] drain|[of] p1a: Goodra\n|move|p1a: Goodra|Body Press|p2b: Ursaluna\n|-immune|p2b: Ursaluna\n|move|p1b: Rillaboom|Wood Hammer|p2b: Ursaluna\n|-damage|p2b: Ursaluna|51\/100 brn\n|-damage|p1b: Rillaboom|82\/100|[from] Recoil\n|\n|-heal|p2b: Ursaluna|58\/100 brn|[from] Grassy Terrain\n|-heal|p1a: Goodra|63\/100|[from] Grassy Terrain\n|-heal|p1a: Goodra|69\/100|[from] item: Leftovers\n|-heal|p1b: Rillaboom|88\/100|[from] Grassy Terrain\n|-damage|p2a: Oranguru|94\/100 brn|[from] brn\n|-damage|p2b: Ursaluna|51\/100 brn|[from] brn\n|upkeep\n|turn|4\n|\n|t:|1701149839\n|move|p1a: Goodra|Protect|p1a: Goodra\n|-singleturn|p1a: Goodra|Protect\n|move|p2a: Oranguru|Instruct|p2b: Ursaluna\n|-singleturn|p2b: Ursaluna|move: Instruct|[of] p2a: Oranguru\n|move|p2b: Ursaluna|Drain Punch|p1a: Goodra\n|-activate|p1a: Goodra|move: Protect\n|move|p2b: Ursaluna|Drain Punch|p1a: Goodra\n|-activate|p1a: Goodra|move: Protect\n|move|p1b: Rillaboom|Wood Hammer|p2b: Ursaluna\n|-damage|p2b: Ursaluna|5\/100 brn\n|-damage|p1b: Rillaboom|70\/100|[from] Recoil\n|\n|-heal|p2a: Oranguru|100\/100 brn|[from] Grassy Terrain\n|-heal|p2b: Ursaluna|11\/100 brn|[from] Grassy Terrain\n|-heal|p1a: Goodra|75\/100|[from] Grassy Terrain\n|-heal|p1a: Goodra|81\/100|[from] item: Leftovers\n|-heal|p1b: Rillaboom|76\/100|[from] Grassy Terrain\n|-damage|p2a: Oranguru|94\/100 brn|[from] brn\n|-damage|p2b: Ursaluna|5\/100 brn|[from] brn\n|upkeep\n|turn|5\n|\n|t:|1701149864\n|switch|p2a: Farigiraf|Farigiraf, M|78\/100\n|-terastallize|p1a: Goodra|Flying\n|move|p2b: Ursaluna|Drain Punch|p1b: Rillaboom\n|-damage|p1b: Rillaboom|0 fnt\n|-heal|p2b: Ursaluna|38\/100 brn|[from] drain|[of] p1b: Rillaboom\n|faint|p1b: Rillaboom\n|move|p1a: Goodra|Heavy Slam|p2b: Ursaluna\n|-damage|p2b: Ursaluna|27\/100 brn\n|\n|-heal|p2b: Ursaluna|34\/100 brn|[from] Grassy Terrain\n|-heal|p2a: Farigiraf|84\/100|[from] Grassy Terrain\n|-heal|p1a: Goodra|87\/100|[from] item: Leftovers\n|-damage|p2b: Ursaluna|27\/100 brn|[from] brn\n|-fieldend|move: Trick Room\n|upkeep\n|\n|t:|1701149875\n|switch|p1b: Salamence|Salamence, F|100\/100\n|-ability|p1b: Salamence|Intimidate|boost\n|-unboost|p2a: Farigiraf|atk|1\n|-unboost|p2b: Ursaluna|atk|1\n|turn|6\n|\n|t:|1701149884\n|detailschange|p1b: Salamence|Salamence-Mega, F\n|-mega|p1b: Salamence|Salamence|Salamencite\n|move|p2b: Ursaluna|Protect|p2b: Ursaluna\n|-singleturn|p2b: Ursaluna|Protect\n|move|p1b: Salamence|Hyper Voice|p2b: Ursaluna|[spread] p2a\n|-activate|p2b: Ursaluna|move: Protect\n|-damage|p2a: Farigiraf|54\/100\n|move|p1a: Goodra|Body Press|p2a: Farigiraf\n|-damage|p2a: Farigiraf|9\/100\n|-enditem|p2a: Farigiraf|Sitrus Berry|[eat]\n|-heal|p2a: Farigiraf|34\/100|[from] item: Sitrus Berry\n|move|p2a: Farigiraf|Trick Room|p2a: Farigiraf\n|-fieldstart|move: Trick Room|[of] p2a: Farigiraf\n|\n|-heal|p2b: Ursaluna|34\/100 brn|[from] Grassy Terrain\n|-heal|p2a: Farigiraf|40\/100|[from] Grassy Terrain\n|-heal|p1a: Goodra|93\/100|[from] item: Leftovers\n|-damage|p2b: Ursaluna|27\/100 brn|[from] brn\n|-fieldend|move: Grassy Terrain\n|upkeep\n|turn|7\n|\n|t:|1701149905\n|switch|p2a: Cresselia|Cresselia, F|100\/100\n|move|p2b: Ursaluna|Facade|p1b: Salamence\n|-damage|p1b: Salamence|0 fnt\n|faint|p1b: Salamence\n|move|p1a: Goodra|Heavy Slam|p2b: Ursaluna\n|-crit|p2b: Ursaluna\n|-damage|p2b: Ursaluna|14\/100 brn\n|\n|-heal|p1a: Goodra|99\/100|[from] item: Leftovers\n|-damage|p2b: Ursaluna|7\/100 brn|[from] brn\n|upkeep\n|\n|t:|1701149917\n|switch|p1b: Mew|Mew|100\/100\n|turn|8\n|\n|t:|1701149932\n|move|p2b: Ursaluna|Facade|p1b: Mew\n|-damage|p1b: Mew|0 fnt\n|faint|p1b: Mew\n|move|p1a: Goodra|Body Press|p2a: Cresselia\n|-resisted|p2a: Cresselia\n|-damage|p2a: Cresselia|80\/100\n|move|p2a: Cresselia|Lunar Blessing|p2a: Cresselia|[spread] p2a,p2b\n|-heal|p2a: Cresselia|100\/100\n|-heal|p2b: Ursaluna|32\/100 brn\n|-curestatus|p2b: Ursaluna|brn|[msg]\n|\n|-heal|p1a: Goodra|100\/100|[from] item: Leftovers\n|-sideend|p2: Not McBruh|move: Light Screen\n|upkeep\n|\n|t:|1701149938\n|switch|p1b: Gholdengo|Gholdengo|100\/100\n|turn|9\n|\n|t:|1701149949\n|switch|p1b: Tornadus|Tornadus, M|100\/100\n|move|p2a: Cresselia|Helping Hand|p2b: Ursaluna\n|-singleturn|p2b: Ursaluna|Helping Hand|[of] p2a: Cresselia\n|move|p2b: Ursaluna|Earthquake|p1a: Goodra|[spread] \n|-immune|p2a: Cresselia|[from] ability: Levitate\n|-immune|p1a: Goodra\n|-immune|p1b: Tornadus\n|move|p1a: Goodra|Heavy Slam|p2b: Ursaluna\n|-damage|p2b: Ursaluna|22\/100\n|\n|upkeep\n|turn|10\n|\n|t:|1701149967\n|switch|p1b: Gholdengo|Gholdengo|100\/100\n|move|p1a: Goodra|Protect|p1a: Goodra\n|-singleturn|p1a: Goodra|Protect\n|move|p2b: Ursaluna|Facade|p1b: Gholdengo\n|-immune|p1b: Gholdengo\n|move|p2a: Cresselia|Lunar Blessing|p2a: Cresselia|[spread] p2a,p2b\n|-heal|p2b: Ursaluna|47\/100\n|\n|-fieldend|move: Trick Room\n|upkeep\n|turn|11\n|\n|t:|1701149976\n|move|p2b: Ursaluna|Protect|p2b: Ursaluna\n|-singleturn|p2b: Ursaluna|Protect\n|move|p1b: Gholdengo|Make It Rain|p2b: Ursaluna|[spread] p2a\n|-activate|p2b: Ursaluna|move: Protect\n|-damage|p2a: Cresselia|52\/100\n|-unboost|p1b: Gholdengo|spa|1\n|move|p1a: Goodra|Body Press|p2a: Cresselia\n|-resisted|p2a: Cresselia\n|-damage|p2a: Cresselia|32\/100\n|move|p2a: Cresselia|Trick Room|p2a: Cresselia\n|-fieldstart|move: Trick Room|[of] p2a: Cresselia\n|\n|upkeep\n|turn|12\n|\n|t:|1701149991\n|move|p2b: Ursaluna|Facade|p1b: Gholdengo\n|-immune|p1b: Gholdengo\n|move|p1a: Goodra|Body Press|p2a: Cresselia\n|-resisted|p2a: Cresselia\n|-damage|p2a: Cresselia|12\/100\n|move|p2a: Cresselia|Lunar Blessing|p2a: Cresselia|[spread] p2a,p2b\n|-heal|p2a: Cresselia|37\/100\n|-heal|p2b: Ursaluna|72\/100\n|move|p1b: Gholdengo|Make It Rain|p2a: Cresselia|[spread] p2a,p2b\n|-damage|p2a: Cresselia|6\/100\n|-damage|p2b: Ursaluna|28\/100\n|-unboost|p1b: Gholdengo|spa|1\n|\n|upkeep\n|turn|13\n|\n|t:|1701149999\n|switch|p1b: Tornadus|Tornadus, M|100\/100\n|move|p2b: Ursaluna|Earthquake|p1a: Goodra|[spread] \n|-immune|p2a: Cresselia|[from] ability: Levitate\n|-immune|p1a: Goodra\n|-immune|p1b: Tornadus\n|move|p1a: Goodra|Body Press|p2a: Cresselia\n|-resisted|p2a: Cresselia\n|-damage|p2a: Cresselia|0 fnt\n|faint|p2a: Cresselia\n|\n|upkeep\n|\n|t:|1701150002\n|switch|p2a: Camerupt|Camerupt, F|100\/100\n|turn|14\n|\n|t:|1701150017\n|detailschange|p2a: Camerupt|Camerupt-Mega, F\n|-mega|p2a: Camerupt|Camerupt|Cameruptite\n|move|p1b: Tornadus|Protect|p1b: Tornadus\n|-singleturn|p1b: Tornadus|Protect\n|move|p2a: Camerupt|Eruption|p1b: Tornadus|[spread] p1a\n|-activate|p1b: Tornadus|move: Protect\n|-damage|p1a: Goodra|61\/100\n|move|p2b: Ursaluna|Facade|p1b: Tornadus\n|-activate|p1b: Tornadus|move: Protect\n|move|p1a: Goodra|Body Press|p2a: Camerupt\n|-damage|p2a: Camerupt|35\/100\n|\n|-heal|p1a: Goodra|67\/100|[from] item: Leftovers\n|upkeep\n|turn|15\n|\n|t:|1701150045\n|switch|p2a: Oranguru|Oranguru, M|94\/100 brn\n|switch|p2b: Grimmsnarl|Grimmsnarl, M|82\/100\n|switch|p1b: Gholdengo|Gholdengo|100\/100\n|move|p1a: Goodra|Body Press|p2a: Oranguru\n|-damage|p2a: Oranguru|42\/100 brn\n|\n|-heal|p1a: Goodra|73\/100|[from] item: Leftovers\n|-damage|p2a: Oranguru|36\/100 brn|[from] brn\n|-fieldend|move: Trick Room\n|upkeep\n|turn|16\n|\n|t:|1701150057\n|move|p2a: Oranguru|Protect|p2a: Oranguru\n|-singleturn|p2a: Oranguru|Protect\n|move|p2b: Grimmsnarl|Light Screen|p2b: Grimmsnarl\n|-sidestart|p2: Not McBruh|move: Light Screen\n|move|p1b: Gholdengo|Make It Rain|p2b: Grimmsnarl|[spread] p2b\n|-activate|p2a: Oranguru|move: Protect\n|-supereffective|p2b: Grimmsnarl\n|-damage|p2b: Grimmsnarl|0 fnt\n|-unboost|p1b: Gholdengo|spa|1\n|faint|p2b: Grimmsnarl\n|move|p1a: Goodra|Body Press|p2a: Oranguru\n|-activate|p2a: Oranguru|move: Protect\n|\n|-heal|p1a: Goodra|79\/100|[from] item: Leftovers\n|-damage|p2a: Oranguru|30\/100 brn|[from] brn\n|upkeep\n|\n|t:|1701150065\n|switch|p2b: Farigiraf|Farigiraf, M|40\/100\n|turn|17\n|\n|t:|1701150074\n|move|p1b: Gholdengo|Make It Rain|p2a: Oranguru|[spread] p2a,p2b\n|-damage|p2a: Oranguru|1\/100 brn\n|-damage|p2b: Farigiraf|2\/100\n|-unboost|p1b: Gholdengo|spa|1\n|move|p1a: Goodra|Body Press|p2b: Farigiraf\n|-damage|p2b: Farigiraf|0 fnt\n|faint|p2b: Farigiraf\n|move|p2a: Oranguru|Trick Room|p2a: Oranguru\n|-fieldstart|move: Trick Room|[of] p2a: Oranguru\n|\n|-heal|p1a: Goodra|85\/100|[from] item: Leftovers\n|-damage|p2a: Oranguru|0 fnt|[from] brn\n|faint|p2a: Oranguru\n|upkeep\n|\n|t:|1701150079\n|switch|p2a: Ursaluna|Ursaluna, M, tera:Ghost|28\/100\n|switch|p2b: Camerupt|Camerupt-Mega, F|35\/100\n|turn|18\n|\n|t:|1701150086\n|move|p2b: Camerupt|Fire Blast|p1a: Goodra\n|-damage|p1a: Goodra|28\/100\n|move|p2a: Ursaluna|Facade|p1a: Goodra\n|-damage|p1a: Goodra|16\/100\n|move|p1a: Goodra|Body Press|p2b: Camerupt\n|-damage|p2b: Camerupt|0 fnt\n|faint|p2b: Camerupt\n|move|p1b: Gholdengo|Make It Rain|p2a: Ursaluna\n|-damage|p2a: Ursaluna|0 fnt\n|-unboost|p1b: Gholdengo|spa|1\n|faint|p2a: Ursaluna\n|\n|win|longyv\n|raw|longyv's rating: 1243 &rarr; <strong>1281<\/strong><br \/>(+38 for winning)\n|raw|Not McBruh's rating: 1449 &rarr; <strong>1418<\/strong><br \/>(-31 for losing)\n|l|\u2606Not McBruh\n","uploadtime":1701150109,"views":17,"p1id":"longyv","p2id":"notmcbruh","formatid":"gen9nationaldexdoubles","rating":1281,"private":0,"password":""}