{"id":"gen9nationaldexdoubles-1951205039","p1":"Zelphalopod","p2":"2wb","format":"[Gen 9] National Dex Doubles","log":"|j|\u2606Zelphalopod\n|j|\u26062wb\n|t:|1695559522\n|gametype|doubles\n|player|p1|Zelphalopod|brendan-masters|\n|player|p2|2wb|backersf|\n|teamsize|p1|6\n|teamsize|p2|6\n|gen|9\n|tier|[Gen 9] National Dex Doubles\n|rule|HP Percentage Mod: HP is shown in percentages\n|rule|Endless Battle Clause: Forcing endless battles is banned\n|rule|OHKO Clause: OHKO moves are banned\n|rule|Evasion Moves Clause: Evasion moves are banned\n|rule|Evasion Abilities Clause: Evasion abilities are banned\n|rule|Species Clause: Limit one of each Pok\u00e9mon\n|rule|Gravity Sleep Clause: The combination of sleep-inducing moves with imperfect accuracy and Gravity or Gigantamax Orbeetle are banned\n|clearpoke\n|poke|p1|Blaziken, M|\n|poke|p1|Gyarados, M|\n|poke|p1|Volcanion|\n|poke|p1|Glimmora, F|\n|poke|p1|Brute Bonnet|\n|poke|p1|Lilligant-Hisui, F|\n|poke|p2|Sableye, F|\n|poke|p2|Roaring Moon|\n|poke|p2|Tornadus-Therian, M|\n|poke|p2|Walking Wake|\n|poke|p2|Ninetales, M|\n|poke|p2|Scovillain, F|\n|teampreview\n|j| Datagne\n|c|\u26062wb|(Is everyone here?)\n|j| Zane Avernathy\n|c| Datagne|I am stream\n|j| Play Tale of Wuxia\n|c|\u2606Zelphalopod|oh the entire peanut gallery is joining this time?\n|c|\u2606Zelphalopod|crowded room\n|c|\u26062wb|:)\n|c|\u2606Zelphalopod|fear\n|c| Datagne|Just win\n|\n|t:|1695559649\n|start\n|switch|p1a: Anemone|Lilligant-Hisui, F, shiny|100\/100\n|switch|p1b: Shui-Long|Gyarados, M|100\/100\n|switch|p2a: Gemnie|Sableye, F|100\/100\n|switch|p2b: Huiverig Onweer|Tornadus-Therian, M|100\/100\n|-ability|p1b: Shui-Long|Intimidate|boost\n|-unboost|p2a: Gemnie|atk|1\n|-unboost|p2b: Huiverig Onweer|atk|1\n|turn|1\n|\n|t:|1695559710\n|-terastallize|p1a: Anemone|Fire\n|move|p1b: Shui-Long|Protect|p1b: Shui-Long\n|-singleturn|p1b: Shui-Long|Protect\n|move|p2a: Gemnie|Taunt|p1b: Shui-Long\n|-activate|p1b: Shui-Long|move: Protect\n|move|p2b: Huiverig Onweer|Bleakwind Storm|p1a: Anemone|[spread] p1a\n|-activate|p1b: Shui-Long|move: Protect\n|-damage|p1a: Anemone|26\/100\n|-unboost|p1a: Anemone|spe|1\n|move|p1a: Anemone|Leaf Blade|p2a: Gemnie\n|-crit|p2a: Gemnie\n|-damage|p2a: Gemnie|21\/100\n|-damage|p1a: Anemone|16\/100|[from] item: Life Orb\n|\n|upkeep\n|turn|2\n|\n|t:|1695559738\n|switch|p1a: Storm|Volcanion|100\/100\n|move|p2a: Gemnie|Detect|p2a: Gemnie\n|-singleturn|p2a: Gemnie|Protect\n|move|p2b: Huiverig Onweer|Bleakwind Storm|p1a: Storm|[spread] p1a,p1b\n|-damage|p1a: Storm|67\/100\n|-damage|p1b: Shui-Long|59\/100\n|move|p1b: Shui-Long|Waterfall|p2a: Gemnie\n|-activate|p2a: Gemnie|move: Protect\n|\n|upkeep\n|turn|3\n|\n|t:|1695559786\n|switch|p2a: Phones|Walking Wake|100\/100\n|move|p2b: Huiverig Onweer|Icy Wind|p1b: Shui-Long|[spread] p1a,p1b\n|-resisted|p1a: Storm\n|-damage|p1a: Storm|64\/100\n|-damage|p1b: Shui-Long|46\/100\n|-unboost|p1a: Storm|spe|1\n|-unboost|p1b: Shui-Long|spe|1\n|move|p1b: Shui-Long|Waterfall|p2a: Phones\n|-resisted|p2a: Phones\n|-damage|p2a: Phones|89\/100\n|move|p1a: Storm|Steam Eruption|p2b: Huiverig Onweer\n|-damage|p2b: Huiverig Onweer|23\/100\n|\n|upkeep\n|turn|4\n|\n|t:|1695559817\n|move|p2b: Huiverig Onweer|U-turn|p1a: Storm\n|-resisted|p1a: Storm\n|-damage|p1a: Storm|60\/100\n|\n|t:|1695559824\n|switch|p2b: Salmon|Roaring Moon|100\/100|[from] U-turn\n|move|p2a: Phones|Dragon Pulse|p1a: Storm\n|-damage|p1a: Storm|25\/100\n|move|p1b: Shui-Long|Thunder Wave|p2a: Phones\n|-status|p2a: Phones|par\n|move|p1a: Storm|Steam Eruption|p2b: Salmon|[miss]\n|-miss|p1a: Storm|p2b: Salmon\n|\n|upkeep\n|turn|5\n|c|\u2606Zelphalopod|unfort\n|\n|t:|1695559858\n|switch|p1a: Among|Brute Bonnet|100\/100\n|move|p1b: Shui-Long|Protect|p1b: Shui-Long\n|-singleturn|p1b: Shui-Long|Protect\n|move|p2b: Salmon|Dragon Dance|p2b: Salmon\n|-boost|p2b: Salmon|atk|1\n|-boost|p2b: Salmon|spe|1\n|move|p2a: Phones|Dragon Pulse|p1b: Shui-Long\n|-activate|p1b: Shui-Long|move: Protect\n|\n|upkeep\n|turn|6\n|\n|t:|1695559882\n|move|p2b: Salmon|Rock Slide|p1b: Shui-Long|[spread] p1a,p1b\n|-supereffective|p1b: Shui-Long\n|-damage|p1a: Among|70\/100\n|-damage|p1b: Shui-Long|0 fnt\n|faint|p1b: Shui-Long\n|-damage|p2b: Salmon|91\/100|[from] item: Life Orb\n|cant|p2a: Phones|par\n|move|p1a: Among|Clear Smog|p2b: Salmon\n|-damage|p2b: Salmon|83\/100\n|-clearboost|p2b: Salmon\n|\n|-heal|p1a: Among|76\/100|[from] item: Leftovers\n|upkeep\n|\n|t:|1695559902\n|switch|p1b: Shimmer|Glimmora, F|100\/100\n|turn|7\n|\n|t:|1695559932\n|move|p1a: Among|Rage Powder|p1a: Among\n|-singleturn|p1a: Among|move: Rage Powder\n|move|p2b: Salmon|Dragon Claw|p1a: Among\n|-damage|p1a: Among|36\/100\n|-damage|p2b: Salmon|73\/100|[from] item: Life Orb\n|move|p1b: Shimmer|Dazzling Gleam|p2b: Salmon|[spread] p2a,p2b\n|-supereffective|p2a: Phones\n|-supereffective|p2b: Salmon\n|-damage|p2a: Phones|59\/100 par\n|-damage|p2b: Salmon|0 fnt\n|faint|p2b: Salmon\n|-end|p2b: Salmon|Protosynthesis|[silent]\n|move|p2a: Phones|Flamethrower|p1a: Among\n|-supereffective|p1a: Among\n|-damage|p1a: Among|0 fnt\n|faint|p1a: Among\n|-end|p1a: Among|Protosynthesis|[silent]\n|\n|upkeep\n|\n|t:|1695559953\n|switch|p2b: Huiverig Onweer|Tornadus-Therian, M|56\/100\n|switch|p1a: Storm|Volcanion|25\/100\n|turn|8\n|\n|t:|1695559970\n|move|p2b: Huiverig Onweer|Bleakwind Storm|p1a: Storm|[spread] p1a,p1b\n|-resisted|p1b: Shimmer\n|-damage|p1a: Storm|0 fnt\n|-damage|p1b: Shimmer|72\/100\n|faint|p1a: Storm\n|move|p1b: Shimmer|Light Screen|p1b: Shimmer\n|-sidestart|p1: Zelphalopod|move: Light Screen\n|move|p2a: Phones|Hydro Steam|p1b: Shimmer\n|-supereffective|p1b: Shimmer\n|-damage|p1b: Shimmer|0 fnt\n|faint|p1b: Shimmer\n|\n|upkeep\n|\n|t:|1695559981\n|switch|p1b: Taro|Blaziken, M|100\/100\n|switch|p1a: Anemone|Lilligant-Hisui, F, shiny, tera:Fire|16\/100\n|turn|9\n|\n|t:|1695560002\n|switch|p2b: Gemnie|Sableye, F|21\/100\n|move|p1a: Anemone|Leaf Blade|p2a: Phones\n|-damage|p2a: Phones|0 fnt\n|faint|p2a: Phones\n|-end|p2a: Phones|Protosynthesis|[silent]\n|-damage|p1a: Anemone|6\/100|[from] item: Life Orb\n|move|p1b: Taro|Flare Blitz|p2b: Gemnie\n|-damage|p2b: Gemnie|0 fnt\n|faint|p2b: Gemnie\n|-damage|p1b: Taro|94\/100|[from] Recoil\n|\n|-ability|p1b: Taro|Speed Boost|boost\n|-boost|p1b: Taro|spe|1\n|upkeep\n|\n|t:|1695560021\n|switch|p2a: Huiverig Onweer|Tornadus-Therian, M|89\/100\n|switch|p2b: Rampant Ragwort|Scovillain, F|100\/100\n|turn|10\n|\n|t:|1695560061\n|move|p2b: Rampant Ragwort|Rage Powder|p2b: Rampant Ragwort\n|-singleturn|p2b: Rampant Ragwort|move: Rage Powder\n|move|p1b: Taro|Flare Blitz|p2b: Rampant Ragwort\n|-enditem|p2b: Rampant Ragwort|Focus Sash\n|-damage|p2b: Rampant Ragwort|1\/100\n|-damage|p1b: Taro|64\/100|[from] Recoil\n|move|p2a: Huiverig Onweer|Bleakwind Storm|p1a: Anemone|[spread] p1a,p1b\n|-supereffective|p1b: Taro\n|-damage|p1a: Anemone|0 fnt\n|-damage|p1b: Taro|0 fnt\n|faint|p1a: Anemone\n|faint|p1b: Taro\n|\n|win|2wb\n|c|\u2606Zelphalopod|damn that thing gets rage powder?\n|c|\u2606Zelphalopod|lmao\n|l|\u2606Zelphalopod\n|c|\u26062wb|sure does!\n|c|\u26062wb|it's the reason i picked it!\n|l| Datagne\n|l| Zane Avernathy\n","uploadtime":1695560726,"views":21,"p1id":"zelphalopod","p2id":"2wb","formatid":"gen9nationaldexdoubles","rating":0,"private":0,"password":""}