{"id":"gen9nationaldexdoubles-1986235219","p1":"JoshyJoshyC","p2":"MermaidSiren","format":"[Gen 9] National Dex Doubles","log":"|j|\u2606JoshyJoshyC\n|j|\u2606MermaidSiren\n|t:|1699462146\n|gametype|doubles\n|player|p1|JoshyJoshyC|lucas|1183\n|player|p2|MermaidSiren|swimmerf-gen4|1137\n|teamsize|p1|6\n|teamsize|p2|6\n|gen|9\n|tier|[Gen 9] National Dex Doubles\n|rated|\n|rule|HP Percentage Mod: HP is shown in percentages\n|rule|Endless Battle Clause: Forcing endless battles is banned\n|rule|OHKO Clause: OHKO moves are banned\n|rule|Evasion Moves Clause: Evasion moves are banned\n|rule|Evasion Abilities Clause: Evasion abilities are banned\n|rule|Species Clause: Limit one of each Pok\u00e9mon\n|rule|Gravity Sleep Clause: The combination of sleep-inducing moves with imperfect accuracy and Gravity or Gigantamax Orbeetle are banned\n|clearpoke\n|poke|p1|Garchomp, F|\n|poke|p1|Tyranitar, F|\n|poke|p1|Gastrodon-East, M|\n|poke|p1|Scizor, M|\n|poke|p1|Skarmory, F|\n|poke|p1|Gliscor, M|\n|poke|p2|Primarina, F|\n|poke|p2|Malamar, M|\n|poke|p2|Corsola-Galar, F|\n|poke|p2|Dhelmise|\n|poke|p2|Eelektross, F|\n|poke|p2|Dewgong, F|\n|teampreview\n|\n|t:|1699462161\n|start\n|switch|p1a: Tyranitar|Tyranitar, F|100\/100\n|switch|p1b: Scizor|Scizor, M|100\/100\n|switch|p2a: Dewgong|Dewgong, F|100\/100\n|switch|p2b: Primarina|Primarina, F, shiny|100\/100\n|-weather|Sandstorm|[from] ability: Sand Stream|[of] p1a: Tyranitar\n|turn|1\n|\n|t:|1699462176\n|switch|p1a: Gastrodon|Gastrodon-East, M|100\/100\n|move|p2a: Dewgong|Fake Out|p1b: Scizor\n|-resisted|p1b: Scizor\n|-damage|p1b: Scizor|96\/100\n|cant|p1b: Scizor|flinch\n|move|p2b: Primarina|Hyper Voice|p1b: Scizor|[spread] p1b\n|-ability|p1a: Gastrodon|Storm Drain|boost\n|-boost|p1a: Gastrodon|spa|1\n|-damage|p1b: Scizor|26\/100\n|\n|-weather|Sandstorm|[upkeep]\n|-damage|p2a: Dewgong|94\/100|[from] Sandstorm\n|-damage|p2b: Primarina|94\/100|[from] Sandstorm\n|upkeep\n|turn|2\n|\n|t:|1699462206\n|switch|p2b: Dhelmise|Dhelmise|100\/100\n|move|p2a: Dewgong|Ice Shard|p1b: Scizor\n|-resisted|p1b: Scizor\n|-crit|p1b: Scizor\n|-damage|p1b: Scizor|15\/100\n|move|p1b: Scizor|Bullet Punch|p2a: Dewgong\n|-damage|p2a: Dewgong|47\/100\n|-damage|p1b: Scizor|5\/100|[from] item: Life Orb\n|move|p1a: Gastrodon|Toxic|p2b: Dhelmise\n|-status|p2b: Dhelmise|tox\n|\n|-weather|Sandstorm|[upkeep]\n|-damage|p2a: Dewgong|40\/100|[from] Sandstorm\n|-damage|p2b: Dhelmise|94\/100 tox|[from] Sandstorm\n|-damage|p2b: Dhelmise|88\/100 tox|[from] psn\n|upkeep\n|turn|3\n|\n|t:|1699462228\n|switch|p1a: Skarmory|Skarmory, F|100\/100\n|move|p2a: Dewgong|Ice Shard|p1b: Scizor\n|-resisted|p1b: Scizor\n|-crit|p1b: Scizor\n|-damage|p1b: Scizor|0 fnt\n|faint|p1b: Scizor\n|move|p2b: Dhelmise|Power Whip|p1a: Skarmory\n|-resisted|p1a: Skarmory\n|-damage|p1a: Skarmory|85\/100\n|\n|-weather|Sandstorm|[upkeep]\n|-damage|p2a: Dewgong|34\/100|[from] Sandstorm\n|-damage|p2b: Dhelmise|82\/100 tox|[from] Sandstorm\n|-heal|p1a: Skarmory|91\/100|[from] item: Leftovers\n|-damage|p2b: Dhelmise|70\/100 tox|[from] psn\n|upkeep\n|\n|t:|1699462235\n|switch|p1b: Gliscor|Gliscor, M|100\/100\n|turn|4\n|\n|t:|1699462252\n|switch|p1b: Tyranitar|Tyranitar, F|100\/100\n|move|p2a: Dewgong|Ice Shard|p1b: Tyranitar\n|-damage|p1b: Tyranitar|91\/100\n|move|p1a: Skarmory|Stealth Rock|p2a: Dewgong\n|-sidestart|p2: MermaidSiren|move: Stealth Rock\n|move|p2b: Dhelmise|Power Whip|p1b: Tyranitar\n|-supereffective|p1b: Tyranitar\n|-damage|p1b: Tyranitar|0 fnt\n|faint|p1b: Tyranitar\n|\n|-weather|Sandstorm|[upkeep]\n|-damage|p2a: Dewgong|28\/100|[from] Sandstorm\n|-damage|p2b: Dhelmise|64\/100 tox|[from] Sandstorm\n|-heal|p1a: Skarmory|97\/100|[from] item: Leftovers\n|-damage|p2b: Dhelmise|46\/100 tox|[from] psn\n|upkeep\n|\n|t:|1699462266\n|switch|p1b: Gastrodon|Gastrodon-East, M|100\/100\n|turn|5\n|\n|t:|1699462283\n|-terastallize|p1b: Gastrodon|Flying\n|move|p2a: Dewgong|Helping Hand|p2b: Dhelmise\n|-singleturn|p2b: Dhelmise|Helping Hand|[of] p2a: Dewgong\n|move|p2b: Dhelmise|Power Whip|p1b: Gastrodon\n|-resisted|p1b: Gastrodon\n|-damage|p1b: Gastrodon|20\/100\n|move|p1b: Gastrodon|Earth Power|p2a: Dewgong\n|-damage|p2a: Dewgong|1\/100\n|move|p1a: Skarmory|Whirlwind|p2b: Dhelmise\n|drag|p2b: Corsola|Corsola-Galar, F|100\/100\n|-damage|p2b: Corsola|88\/100|[from] Stealth Rock\n|\n|-weather|Sandstorm|[upkeep]\n|-damage|p2a: Dewgong|0 fnt|[from] Sandstorm\n|-damage|p1b: Gastrodon|14\/100|[from] Sandstorm\n|-damage|p2b: Corsola|82\/100|[from] Sandstorm\n|faint|p2a: Dewgong\n|-heal|p1a: Skarmory|100\/100|[from] item: Leftovers\n|-heal|p1b: Gastrodon|20\/100|[from] item: Leftovers\n|upkeep\n|\n|t:|1699462310\n|switch|p2a: Dhelmise|Dhelmise|46\/100 tox\n|-damage|p2a: Dhelmise|34\/100 tox|[from] Stealth Rock\n|turn|6\n|\n|t:|1699462327\n|move|p1a: Skarmory|Spikes|p2b: Corsola\n|-sidestart|p2: MermaidSiren|Spikes\n|move|p2a: Dhelmise|Shadow Claw|p1b: Gastrodon\n|-damage|p1b: Gastrodon|0 fnt\n|faint|p1b: Gastrodon\n|move|p2b: Corsola|Will-O-Wisp|p1a: Skarmory\n|-status|p1a: Skarmory|brn\n|\n|-weather|Sandstorm|[upkeep]\n|-damage|p2a: Dhelmise|28\/100 tox|[from] Sandstorm\n|-damage|p2b: Corsola|76\/100|[from] Sandstorm\n|-damage|p2a: Dhelmise|22\/100 tox|[from] psn\n|-damage|p1a: Skarmory|95\/100 brn|[from] brn\n|upkeep\n|\n|t:|1699462336\n|switch|p1b: Garchomp|Garchomp, F|100\/100\n|turn|7\n|\n|t:|1699462344\n|detailschange|p1b: Garchomp|Garchomp-Mega, F\n|-mega|p1b: Garchomp|Garchomp|Garchompite\n|move|p1b: Garchomp|Earthquake|p2a: Dhelmise|[spread] p2a,p2b\n|-immune|p1a: Skarmory\n|-resisted|p2a: Dhelmise\n|-damage|p2a: Dhelmise|0 fnt\n|-damage|p2b: Corsola|40\/100\n|faint|p2a: Dhelmise\n|move|p1a: Skarmory|Spikes|p2b: Corsola\n|-sidestart|p2: MermaidSiren|Spikes\n|move|p2b: Corsola|Strength Sap|p1b: Garchomp\n|-unboost|p1b: Garchomp|atk|1\n|-heal|p2b: Corsola|100\/100\n|\n|-weather|Sandstorm|[upkeep]\n|-damage|p2b: Corsola|94\/100|[from] Sandstorm\n|-heal|p1a: Skarmory|100\/100 brn|[from] item: Leftovers\n|-damage|p1a: Skarmory|95\/100 brn|[from] brn\n|upkeep\n|\n|t:|1699462361\n|switch|p2a: Eelektross|Eelektross, F|100\/100\n|-damage|p2a: Eelektross|88\/100|[from] Stealth Rock\n|turn|8\n|\n|t:|1699462370\n|switch|p1b: Gliscor|Gliscor, M|100\/100\n|move|p1a: Skarmory|Spikes|p2b: Corsola\n|-sidestart|p2: MermaidSiren|Spikes\n|move|p2a: Eelektross|Thunderbolt|p1a: Skarmory\n|-supereffective|p1a: Skarmory\n|-damage|p1a: Skarmory|0 fnt\n|faint|p1a: Skarmory\n|move|p2b: Corsola|Will-O-Wisp|p1b: Gliscor\n|-status|p1b: Gliscor|brn\n|\n|-weather|none\n|-damage|p1b: Gliscor|94\/100 brn|[from] brn\n|upkeep\n|\n|t:|1699462377\n|switch|p1a: Garchomp|Garchomp-Mega, F|100\/100\n|turn|9\n|\n|t:|1699462403\n|move|p1b: Gliscor|Earthquake|p2b: Corsola|[spread] p1a,p2b\n|-immune|p2a: Eelektross|[from] ability: Levitate\n|-crit|p1a: Garchomp\n|-damage|p1a: Garchomp|79\/100\n|-damage|p2b: Corsola|84\/100\n|move|p1a: Garchomp|Earthquake|p2b: Corsola|[spread] p2b\n|-immune|p1b: Gliscor\n|-immune|p2a: Eelektross|[from] ability: Levitate\n|-damage|p2b: Corsola|51\/100\n|move|p2a: Eelektross|Flash Cannon|p1b: Gliscor\n|-damage|p1b: Gliscor|53\/100 brn\n|move|p2b: Corsola|Strength Sap|p1a: Garchomp\n|-unboost|p1a: Garchomp|atk|1\n|-heal|p2b: Corsola|100\/100\n|\n|-damage|p1b: Gliscor|47\/100 brn|[from] brn\n|upkeep\n|turn|10\n|\n|t:|1699462426\n|move|p1b: Gliscor|Facade|p2a: Eelektross\n|-damage|p2a: Eelektross|42\/100\n|move|p1a: Garchomp|Iron Head|p2b: Corsola\n|-damage|p2b: Corsola|86\/100\n|move|p2a: Eelektross|Flamethrower|p1b: Gliscor\n|-damage|p1b: Gliscor|1\/100 brn\n|move|p2b: Corsola|Will-O-Wisp|p1a: Garchomp\n|-status|p1a: Garchomp|brn\n|\n|-damage|p1b: Gliscor|0 fnt|[from] brn\n|faint|p1b: Gliscor\n|-damage|p1a: Garchomp|73\/100 brn|[from] brn\n|upkeep\n|turn|11\n|\n|t:|1699462442\n|move|p1a: Garchomp|Dragon Claw|p2a: Eelektross\n|-damage|p2a: Eelektross|21\/100\n|move|p2a: Eelektross|Flash Cannon|p1a: Garchomp\n|-damage|p1a: Garchomp|47\/100 brn\n|move|p2b: Corsola|Strength Sap|p1a: Garchomp\n|-unboost|p1a: Garchomp|atk|1\n|-heal|p2b: Corsola|100\/100\n|\n|-damage|p1a: Garchomp|41\/100 brn|[from] brn\n|upkeep\n|turn|12\n|\n|t:|1699462459\n|move|p1a: Garchomp|Iron Head|p2a: Eelektross\n|-resisted|p2a: Eelektross\n|-damage|p2a: Eelektross|17\/100\n|move|p2a: Eelektross|Flash Cannon|p1a: Garchomp\n|-damage|p1a: Garchomp|15\/100 brn\n|move|p2b: Corsola|Hex|p1a: Garchomp\n|-damage|p1a: Garchomp|0 fnt\n|faint|p1a: Garchomp\n|\n|win|MermaidSiren\n|raw|JoshyJoshyC's rating: 1183 &rarr; <strong>1155<\/strong><br \/>(-28 for losing)\n|raw|MermaidSiren's rating: 1137 &rarr; <strong>1165<\/strong><br \/>(+28 for winning)\n|l|\u2606JoshyJoshyC\n","uploadtime":1699462488,"views":8,"p1id":"joshyjoshyc","p2id":"mermaidsiren","formatid":"gen9nationaldexdoubles","rating":1155,"private":0,"password":""}