{"id":"gen9nationaldexdoubles-1950439986","p1":"colostomy","p2":"Nnybbor","format":"[Gen 9] National Dex Doubles","log":"|j|\u2606colostomy\n|j|\u2606Nnybbor\n|t:|1695473025\n|gametype|doubles\n|player|p1|colostomy|steven|\n|player|p2|Nnybbor|hilbert|\n|teamsize|p1|6\n|teamsize|p2|6\n|gen|9\n|tier|[Gen 9] National Dex Doubles\n|rule|HP Percentage Mod: HP is shown in percentages\n|rule|Endless Battle Clause: Forcing endless battles is banned\n|rule|OHKO Clause: OHKO moves are banned\n|rule|Evasion Moves Clause: Evasion moves are banned\n|rule|Evasion Abilities Clause: Evasion abilities are banned\n|rule|Species Clause: Limit one of each Pok\u00e9mon\n|rule|Gravity Sleep Clause: The combination of sleep-inducing moves with imperfect accuracy and Gravity or Gigantamax Orbeetle are banned\n|clearpoke\n|poke|p1|Absol, M|\n|poke|p1|Hydreigon, F|\n|poke|p1|Malamar, M|\n|poke|p1|Bisharp, F|\n|poke|p1|Sableye, F|\n|poke|p1|Krookodile, M|\n|poke|p2|Dragapult, M|\n|poke|p2|Ceruledge, F|\n|poke|p2|Vaporeon, M|\n|poke|p2|Blissey, F|\n|poke|p2|Chimecho, F|\n|poke|p2|Falinks|\n|teampreview\n|\n|t:|1695473048\n|start\n|switch|p1a: bishop|Bisharp, F|100\/100\n|switch|p1b: losba|Absol, M|100\/100\n|switch|p2a: Blissey|Blissey, F|100\/100\n|switch|p2b: 4chan|Vaporeon, M|100\/100\n|turn|1\n|\n|t:|1695473070\n|move|p1a: bishop|Sucker Punch||[still]\n|-fail|p1a: bishop\n|move|p1b: losba|Substitute|p1b: losba\n|-start|p1b: losba|Substitute\n|-damage|p1b: losba|76\/100\n|move|p2b: 4chan|Wish|p2b: 4chan\n|move|p2a: Blissey|Toxic||[still]\n|-fail|p2a: Blissey\n|\n|upkeep\n|turn|2\n|\n|t:|1695473096\n|move|p1a: bishop|Sucker Punch||[still]\n|-fail|p1a: bishop\n|move|p1b: losba|Swords Dance|p1b: losba\n|-boost|p1b: losba|atk|2\n|move|p2b: 4chan|Curse|p2b: 4chan\n|-unboost|p2b: 4chan|spe|1\n|-boost|p2b: 4chan|atk|1\n|-boost|p2b: 4chan|def|1\n|move|p2a: Blissey|Chilling Water|p1a: bishop\n|-damage|p1a: bishop|88\/100\n|-unboost|p1a: bishop|atk|1\n|-ability|p1a: bishop|Defiant|boost\n|-boost|p1a: bishop|atk|2\n|\n|upkeep\n|turn|3\n|\n|t:|1695473126\n|move|p1a: bishop|Sucker Punch|p2a: Blissey\n|-damage|p2a: Blissey|53\/100\n|move|p1b: losba|Night Slash|p2b: 4chan\n|-crit|p2b: 4chan\n|-damage|p2b: 4chan|0 fnt\n|faint|p2b: 4chan\n|move|p2a: Blissey|Chilling Water|p1b: losba\n|-activate|p1b: losba|move: Substitute|[damage]\n|\n|-heal|p2a: Blissey|59\/100|[from] item: Leftovers\n|upkeep\n|\n|t:|1695473150\n|switch|p2b: Your mother|Dragapult, M|100\/100\n|turn|4\n|\n|t:|1695473174\n|move|p2b: Your mother|Will-O-Wisp|p1a: bishop\n|-status|p1a: bishop|brn\n|move|p1b: losba|Night Slash|p2b: Your mother\n|-supereffective|p2b: Your mother\n|-crit|p2b: Your mother\n|-damage|p2b: Your mother|0 fnt\n|faint|p2b: Your mother\n|move|p1a: bishop|Hone Claws|p1a: bishop\n|-boost|p1a: bishop|atk|1\n|-boost|p1a: bishop|accuracy|1\n|move|p2a: Blissey|Soft-Boiled|p2a: Blissey\n|-heal|p2a: Blissey|100\/100\n|\n|-damage|p1a: bishop|82\/100 brn|[from] brn\n|upkeep\n|\n|t:|1695473193\n|switch|p2b: Falinks|Falinks|100\/100\n|turn|5\n|\n|t:|1695473226\n|move|p1a: bishop|Sucker Punch|p2b: Falinks\n|-resisted|p2b: Falinks\n|-damage|p2b: Falinks|83\/100\n|move|p1b: losba|Psycho Cut|p2b: Falinks\n|-supereffective|p2b: Falinks\n|-crit|p2b: Falinks\n|-damage|p2b: Falinks|0 fnt\n|faint|p2b: Falinks\n|move|p2a: Blissey|Chilling Water|p1b: losba\n|-end|p1b: losba|Substitute\n|\n|-damage|p1a: bishop|76\/100 brn|[from] brn\n|upkeep\n|\n|t:|1695473249\n|switch|p2b: Sasuke|Ceruledge, F|100\/100\n|turn|6\n|\n|t:|1695473273\n|move|p1a: bishop|Sucker Punch|p2a: Blissey\n|-damage|p2a: Blissey|68\/100\n|move|p2b: Sasuke|Swords Dance|p2b: Sasuke\n|-boost|p2b: Sasuke|atk|2\n|move|p1b: losba|Night Slash|p2b: Sasuke\n|-supereffective|p2b: Sasuke\n|-crit|p2b: Sasuke\n|-damage|p2b: Sasuke|0 fnt\n|faint|p2b: Sasuke\n|move|p2a: Blissey|Chilling Water|p1b: losba\n|-damage|p1b: losba|58\/100\n|-unboost|p1b: losba|atk|1\n|\n|-heal|p2a: Blissey|74\/100|[from] item: Leftovers\n|-damage|p1a: bishop|70\/100 brn|[from] brn\n|upkeep\n|\n|t:|1695473292\n|switch|p2b: Chimecho|Chimecho, F|100\/100\n|turn|7\n|\n|t:|1695473317\n|-terastallize|p1b: losba|Dark\n|move|p1a: bishop|Sucker Punch||[still]\n|-fail|p1a: bishop\n|move|p1b: losba|Night Slash|p2a: Blissey\n|-crit|p2a: Blissey\n|-damage|p2a: Blissey|0 fnt\n|faint|p2a: Blissey\n|move|p2b: Chimecho|Disable|p1b: losba\n|-start|p1b: losba|Disable|Night Slash\n|\n|-damage|p1a: bishop|64\/100 brn|[from] brn\n|upkeep\n|turn|8\n|\n|t:|1695473335\n|move|p1a: bishop|Sucker Punch||[still]\n|-fail|p1a: bishop\n|move|p1b: losba|Psycho Cut|p2b: Chimecho\n|-resisted|p2b: Chimecho\n|-crit|p2b: Chimecho\n|-damage|p2b: Chimecho|68\/100\n|move|p2b: Chimecho|Disable|p1a: bishop\n|-start|p1a: bishop|Disable|Sucker Punch\n|\n|-damage|p1a: bishop|58\/100 brn|[from] brn\n|upkeep\n|turn|9\n|\n|t:|1695473365\n|move|p1b: losba|Psycho Cut|p2b: Chimecho\n|-resisted|p2b: Chimecho\n|-crit|p2b: Chimecho\n|-damage|p2b: Chimecho|35\/100\n|-enditem|p2b: Chimecho|Sitrus Berry|[eat]\n|-heal|p2b: Chimecho|60\/100|[from] item: Sitrus Berry\n|move|p1a: bishop|Iron Head|p2b: Chimecho\n|-damage|p2b: Chimecho|13\/100\n|move|p2b: Chimecho|Healing Wish||[still]\n|-fail|p2b: Chimecho\n|\n|-damage|p1a: bishop|52\/100 brn|[from] brn\n|upkeep\n|turn|10\n|\n|t:|1695473384\n|move|p1b: losba|Substitute|p1b: losba\n|-start|p1b: losba|Substitute\n|-damage|p1b: losba|34\/100\n|move|p1a: bishop|Hone Claws|p1a: bishop\n|-boost|p1a: bishop|atk|1\n|-boost|p1a: bishop|accuracy|1\n|move|p2b: Chimecho|Healing Wish||[still]\n|-fail|p2b: Chimecho\n|\n|-damage|p1a: bishop|46\/100 brn|[from] brn\n|upkeep\n|turn|11\n|\n|t:|1695473396\n|move|p1b: losba|Swords Dance|p1b: losba\n|-boost|p1b: losba|atk|2\n|move|p1a: bishop|Hone Claws|p1a: bishop\n|-boost|p1a: bishop|atk|1\n|-boost|p1a: bishop|accuracy|1\n|move|p2b: Chimecho|Healing Wish||[still]\n|-fail|p2b: Chimecho\n|\n|-damage|p1a: bishop|40\/100 brn|[from] brn\n|-end|p1b: losba|Disable\n|upkeep\n|turn|12\n|\n|t:|1695473408\n|move|p1b: losba|Swords Dance|p1b: losba\n|-boost|p1b: losba|atk|2\n|move|p1a: bishop|Hone Claws|p1a: bishop\n|-boost|p1a: bishop|atk|1\n|-boost|p1a: bishop|accuracy|1\n|move|p2b: Chimecho|Healing Wish||[still]\n|-fail|p2b: Chimecho\n|\n|-damage|p1a: bishop|34\/100 brn|[from] brn\n|-end|p1a: bishop|Disable\n|upkeep\n|turn|13\n|\n|t:|1695473424\n|move|p1b: losba|Swords Dance|p1b: losba\n|-boost|p1b: losba|atk|1\n|move|p1a: bishop|Hone Claws|p1a: bishop\n|-boost|p1a: bishop|atk|1\n|-boost|p1a: bishop|accuracy|1\n|move|p2b: Chimecho|Healing Wish||[still]\n|-fail|p2b: Chimecho\n|\n|-damage|p1a: bishop|29\/100 brn|[from] brn\n|upkeep\n|turn|14\n|\n|t:|1695473448\n|move|p1b: losba|Night Slash|p2b: Chimecho\n|-supereffective|p2b: Chimecho\n|-crit|p2b: Chimecho\n|-damage|p2b: Chimecho|0 fnt\n|faint|p2b: Chimecho\n|\n|win|colostomy\n|l|\u2606Nnybbor\n","uploadtime":1695473463,"views":5,"p1id":"colostomy","p2id":"nnybbor","formatid":"gen9nationaldexdoubles","rating":0,"private":0,"password":""}