{"id":"gen9nationaldexdoubles-1986536507","p1":"Voadera","p2":"mvjr1113","format":"[Gen 9] National Dex Doubles","log":"|j|\u2606Voadera\n|j|\u2606mvjr1113\n|t:|1699489384\n|gametype|doubles\n|player|p1|Voadera|dancer|1197\n|player|p2|mvjr1113|riley|1237\n|teamsize|p1|6\n|teamsize|p2|6\n|gen|9\n|tier|[Gen 9] National Dex Doubles\n|rated|\n|rule|HP Percentage Mod: HP is shown in percentages\n|rule|Endless Battle Clause: Forcing endless battles is banned\n|rule|OHKO Clause: OHKO moves are banned\n|rule|Evasion Moves Clause: Evasion moves are banned\n|rule|Evasion Abilities Clause: Evasion abilities are banned\n|rule|Species Clause: Limit one of each Pok\u00e9mon\n|rule|Gravity Sleep Clause: The combination of sleep-inducing moves with imperfect accuracy and Gravity or Gigantamax Orbeetle are banned\n|clearpoke\n|poke|p1|Kangaskhan, F|\n|poke|p1|Meowscarada, M|\n|poke|p1|Volcarona, F|\n|poke|p1|Togekiss, M|\n|poke|p1|Kommo-o, M|\n|poke|p1|Toxtricity, F|\n|poke|p2|Regigigas|\n|poke|p2|Weezing-Galar, F|\n|poke|p2|Dragonite, F|\n|poke|p2|Grimmsnarl, M|\n|poke|p2|Alakazam, M|\n|poke|p2|Slaking, F|\n|teampreview\n|inactive|Battle timer is ON: inactive players will automatically lose when time's up. (requested by Voadera)\n|\n|t:|1699489396\n|start\n|switch|p1a: Kangaskhan|Kangaskhan, F|100\/100\n|switch|p1b: Togekiss|Togekiss, M|100\/100\n|switch|p2a: Regigigas|Regigigas, shiny|100\/100\n|switch|p2b: Weezing|Weezing-Galar, F|100\/100\n|-ability|p2b: Weezing|Neutralizing Gas\n|turn|1\n|\n|t:|1699489419\n|detailschange|p1a: Kangaskhan|Kangaskhan-Mega, F\n|-mega|p1a: Kangaskhan|Kangaskhan|Kangaskhanite\n|move|p1a: Kangaskhan|Fake Out|p2a: Regigigas\n|-damage|p2a: Regigigas|86\/100\n|move|p1b: Togekiss|Tri Attack|p2a: Regigigas\n|-damage|p2a: Regigigas|67\/100\n|cant|p2a: Regigigas|flinch\n|move|p2b: Weezing|Will-O-Wisp|p1a: Kangaskhan|[miss]\n|-miss|p2b: Weezing|p1a: Kangaskhan\n|\n|-heal|p2a: Regigigas|73\/100|[from] item: Leftovers\n|upkeep\n|turn|2\n|\n|t:|1699489438\n|switch|p1a: Volcarona|Volcarona, F|100\/100\n|-terastallize|p2a: Regigigas|Ghost\n|move|p1b: Togekiss|Tri Attack|p2a: Regigigas\n|-immune|p2a: Regigigas\n|move|p2a: Regigigas|Rock Polish|p2a: Regigigas\n|-boost|p2a: Regigigas|spe|2\n|move|p2b: Weezing|Will-O-Wisp|p1a: Volcarona\n|-immune|p1a: Volcarona\n|\n|-heal|p2a: Regigigas|79\/100|[from] item: Leftovers\n|upkeep\n|turn|3\n|\n|t:|1699489460\n|move|p2a: Regigigas|Return|p1a: Volcarona\n|-damage|p1a: Volcarona|0 fnt\n|faint|p1a: Volcarona\n|move|p1b: Togekiss|Psychic|p2b: Weezing\n|-supereffective|p2b: Weezing\n|-crit|p2b: Weezing\n|-damage|p2b: Weezing|0 fnt\n|faint|p2b: Weezing\n|-end|p2b: Weezing|ability: Neutralizing Gas\n|-start|p2a: Regigigas|ability: Slow Start\n|\n|-heal|p2a: Regigigas|85\/100|[from] item: Leftovers\n|upkeep\n|\n|t:|1699489471\n|switch|p1a: Kangaskhan|Kangaskhan-Mega, F|100\/100\n|switch|p2b: Alakazam|Alakazam, M|100\/100\n|turn|4\n|\n|t:|1699489486\n|move|p1a: Kangaskhan|Sucker Punch|p2a: Regigigas\n|-supereffective|p2a: Regigigas\n|-damage|p2a: Regigigas|52\/100\n|-supereffective|p2a: Regigigas\n|-damage|p2a: Regigigas|43\/100\n|-hitcount|p2a: Regigigas|2\n|move|p2b: Alakazam|Skill Swap|p2a: Regigigas\n|-activate|p2b: Alakazam|move: Skill Swap|||[of] p2a: Regigigas\n|-end|p2a: Regigigas|Slow Start|[silent]\n|-start|p2b: Alakazam|ability: Slow Start\n|move|p2a: Regigigas|Drain Punch|p1a: Kangaskhan\n|-supereffective|p1a: Kangaskhan\n|-damage|p1a: Kangaskhan|34\/100\n|-heal|p2a: Regigigas|71\/100|[from] drain|[of] p1a: Kangaskhan\n|move|p1b: Togekiss|Ancient Power|p2a: Regigigas\n|-damage|p2a: Regigigas|55\/100\n|\n|-heal|p2a: Regigigas|61\/100|[from] item: Leftovers\n|upkeep\n|turn|5\n|inactive|mvjr1113 has 120 seconds left.\n|\n|t:|1699489519\n|move|p1a: Kangaskhan|Sucker Punch|p2a: Regigigas\n|-supereffective|p2a: Regigigas\n|-damage|p2a: Regigigas|27\/100\n|-supereffective|p2a: Regigigas\n|-damage|p2a: Regigigas|18\/100\n|-hitcount|p2a: Regigigas|2\n|move|p2a: Regigigas|Drain Punch|p1a: Kangaskhan\n|-supereffective|p1a: Kangaskhan\n|-damage|p1a: Kangaskhan|0 fnt\n|-heal|p2a: Regigigas|33\/100|[from] drain|[of] p1a: Kangaskhan\n|faint|p1a: Kangaskhan\n|move|p1b: Togekiss|Ancient Power|p2a: Regigigas\n|-damage|p2a: Regigigas|18\/100\n|move|p2b: Alakazam|Skill Swap|p1b: Togekiss\n|-activate|p2b: Alakazam|move: Skill Swap|Serene Grace|Slow Start|[of] p1b: Togekiss\n|-end|p2b: Alakazam|Slow Start|[silent]\n|-start|p1b: Togekiss|ability: Slow Start\n|\n|-heal|p2a: Regigigas|24\/100|[from] item: Leftovers\n|upkeep\n|-message|Voadera forfeited.\n|\n|win|mvjr1113\n|raw|Voadera's rating: 1197 &rarr; <strong>1175<\/strong><br \/>(-22 for losing)\n|raw|mvjr1113's rating: 1237 &rarr; <strong>1259<\/strong><br \/>(+22 for winning)\n|l|\u2606Voadera\n","uploadtime":1699489538,"views":6,"p1id":"voadera","p2id":"mvjr1113","formatid":"gen9nationaldexdoubles","rating":1175,"private":0,"password":""}