{"id":"gen9nationaldexdoubles-1955332122","p1":"lefeng","p2":"water10122246","format":"[Gen 9] National Dex Doubles","log":"|j|\u2606lefeng\n|j|\u203dwater10122246\n|t:|1695988404\n|gametype|doubles\n|player|p1|lefeng|wattson|1275\n|player|p2|water10122246|265|1220\n|teamsize|p1|6\n|teamsize|p2|6\n|gen|9\n|tier|[Gen 9] National Dex Doubles\n|rated|\n|rule|HP Percentage Mod: HP is shown in percentages\n|rule|Endless Battle Clause: Forcing endless battles is banned\n|rule|OHKO Clause: OHKO moves are banned\n|rule|Evasion Moves Clause: Evasion moves are banned\n|rule|Evasion Abilities Clause: Evasion abilities are banned\n|rule|Species Clause: Limit one of each Pok\u00e9mon\n|rule|Gravity Sleep Clause: The combination of sleep-inducing moves with imperfect accuracy and Gravity or Gigantamax Orbeetle are banned\n|clearpoke\n|poke|p1|Brute Bonnet|\n|poke|p1|Milotic, F|\n|poke|p1|Whimsicott, F|\n|poke|p1|Incineroar, M|\n|poke|p1|Alcremie-Salted-Cream, F|\n|poke|p1|Blastoise, M|\n|poke|p2|Coalossal, M|\n|poke|p2|Smeargle, M|\n|poke|p2|Grimmsnarl, M|\n|poke|p2|Palossand, M|\n|poke|p2|Flamigo, M|\n|poke|p2|Clefairy, M|\n|teampreview\n|inactive|Battle timer is ON: inactive players will automatically lose when time's up. (requested by water10122246)\n|\n|t:|1695988437\n|start\n|switch|p1a: Milotic|Milotic, F|100\/100\n|switch|p1b: Incineroar|Incineroar, M|100\/100\n|switch|p2a: Smeargle|Smeargle, M, shiny|100\/100\n|switch|p2b: Palossand|Palossand, M, shiny|100\/100\n|-ability|p1b: Incineroar|Intimidate|boost\n|-fail|p2a: Smeargle|unboost|Attack|[from] ability: Own Tempo|[of] p2a: Smeargle\n|-unboost|p2b: Palossand|atk|1\n|turn|1\n|\n|t:|1695988462\n|-terastallize|p2a: Smeargle|Ghost\n|move|p1b: Incineroar|Fake Out|p2a: Smeargle\n|-immune|p2a: Smeargle\n|move|p2a: Smeargle|Lovely Kiss|p1a: Milotic\n|-status|p1a: Milotic|slp|[from] move: Lovely Kiss\n|cant|p1a: Milotic|slp\n|move|p2b: Palossand|Earth Power|p1b: Incineroar\n|-supereffective|p1b: Incineroar\n|-damage|p1b: Incineroar|25\/100\n|-enditem|p1b: Incineroar|Sitrus Berry|[eat]\n|-heal|p1b: Incineroar|50\/100|[from] item: Sitrus Berry\n|\n|upkeep\n|turn|2\n|\n|t:|1695988483\n|move|p2a: Smeargle|Water Shuriken|p2b: Palossand\n|-supereffective|p2b: Palossand\n|-damage|p2b: Palossand|97\/100\n|-ability|p2b: Palossand|Water Compaction|boost\n|-boost|p2b: Palossand|def|2\n|-enditem|p2b: Palossand|Weakness Policy\n|-boost|p2b: Palossand|atk|2|[from] item: Weakness Policy\n|-boost|p2b: Palossand|spa|2|[from] item: Weakness Policy\n|-supereffective|p2b: Palossand\n|-damage|p2b: Palossand|94\/100\n|-ability|p2b: Palossand|Water Compaction|boost\n|-boost|p2b: Palossand|def|2\n|-supereffective|p2b: Palossand\n|-damage|p2b: Palossand|91\/100\n|-ability|p2b: Palossand|Water Compaction|boost\n|-boost|p2b: Palossand|def|2\n|-supereffective|p2b: Palossand\n|-damage|p2b: Palossand|88\/100\n|-hitcount|p2b: Palossand|4\n|cant|p1a: Milotic|slp\n|move|p1b: Incineroar|Parting Shot|p1a: Milotic\n|-unboost|p1a: Milotic|atk|1\n|-unboost|p1a: Milotic|spa|1\n|\n|t:|1695988496\n|switch|p1b: Blastoise|Blastoise, M|100\/100|[from] Parting Shot\n|move|p2b: Palossand|Shadow Ball|p1a: Milotic\n|-damage|p1a: Milotic|48\/100 slp\n|\n|-heal|p1a: Milotic|54\/100 slp|[from] item: Leftovers\n|upkeep\n|turn|3\n|\n|t:|1695988514\n|detailschange|p1b: Blastoise|Blastoise-Mega, M\n|-mega|p1b: Blastoise|Blastoise|Blastoisinite\n|move|p2a: Smeargle|Lovely Kiss|p1b: Blastoise\n|-status|p1b: Blastoise|slp|[from] move: Lovely Kiss\n|cant|p1b: Blastoise|slp\n|cant|p1a: Milotic|slp\n|move|p2b: Palossand|Giga Drain|p1a: Milotic\n|-supereffective|p1a: Milotic\n|-damage|p1a: Milotic|0 fnt\n|-heal|p2b: Palossand|100\/100|[from] drain|[of] p1a: Milotic\n|faint|p1a: Milotic\n|\n|upkeep\n|l|\u2606lefeng\n|inactive|lefeng disconnected and has a minute to reconnect!\n|player|p1|\n|j|\u2606lefeng\n|inactive|lefeng reconnected and has 135 seconds left.\n|player|p1|lefeng|wattson\n|\n|t:|1695988540\n|switch|p1a: Brute Bonnet|Brute Bonnet|100\/100\n|turn|4\n|\n|t:|1695988549\n|move|p2a: Smeargle|Lovely Kiss|p1a: Brute Bonnet|[miss]\n|-miss|p2a: Smeargle|p1a: Brute Bonnet\n|cant|p1b: Blastoise|slp\n|move|p1a: Brute Bonnet|Spore|p2b: Palossand\n|-status|p2b: Palossand|slp|[from] move: Spore\n|cant|p2b: Palossand|slp\n|\n|upkeep\n|turn|5\n|\n|t:|1695988561\n|move|p2a: Smeargle|Lovely Kiss|p1a: Brute Bonnet\n|-status|p1a: Brute Bonnet|slp|[from] move: Lovely Kiss\n|cant|p1b: Blastoise|slp\n|cant|p1a: Brute Bonnet|slp\n|-curestatus|p2b: Palossand|slp|[msg]\n|move|p2b: Palossand|Giga Drain|p1b: Blastoise\n|-supereffective|p1b: Blastoise\n|-damage|p1b: Blastoise|12\/100 slp\n|\n|upkeep\n|turn|6\n|-message|lefeng forfeited.\n|\n|win|water10122246\n|raw|lefeng's rating: 1275 &rarr; <strong>1244<\/strong><br \/>(-31 for losing)\n|raw|water10122246's rating: 1184 &rarr; <strong>1215<\/strong><br \/>(+31 for winning)\n|l|\u2606lefeng\n","uploadtime":1695988588,"views":8,"p1id":"lefeng","p2id":"water10122246","formatid":"gen9nationaldexdoubles","rating":1215,"private":0,"password":""}