{"id":"gen9nationaldexdoubles-1959686209","p1":"dsrgsdfg dfgf","p2":"Numa no Kage","format":"[Gen 9] National Dex Doubles","log":"|j|\u2606dsrgsdfg dfgf\n|j|\u2606Numa no Kage\n|t:|1696446919\n|gametype|doubles\n|player|p1|dsrgsdfg dfgf|lucas|1086\n|player|p2|Numa no Kage|acetrainer|1205\n|teamsize|p1|6\n|teamsize|p2|6\n|gen|9\n|tier|[Gen 9] National Dex Doubles\n|rated|\n|rule|HP Percentage Mod: HP is shown in percentages\n|rule|Endless Battle Clause: Forcing endless battles is banned\n|rule|OHKO Clause: OHKO moves are banned\n|rule|Evasion Moves Clause: Evasion moves are banned\n|rule|Evasion Abilities Clause: Evasion abilities are banned\n|rule|Species Clause: Limit one of each Pok\u00e9mon\n|rule|Gravity Sleep Clause: The combination of sleep-inducing moves with imperfect accuracy and Gravity or Gigantamax Orbeetle are banned\n|clearpoke\n|poke|p1|Indeedee-F, F|\n|poke|p1|Oranguru, F|\n|poke|p1|Glastrier|\n|poke|p1|Hoopa-Unbound|\n|poke|p1|Ursaluna, M|\n|poke|p1|Zygarde|\n|poke|p2|Chansey, F|\n|poke|p2|Okidogi, M|\n|poke|p2|Grimmsnarl, M|\n|poke|p2|Landorus-Therian, M|\n|poke|p2|Walking Wake|\n|poke|p2|Flutter Mane|\n|teampreview\n|inactive|Battle timer is ON: inactive players will automatically lose when time's up. (requested by Numa no Kage)\n|\n|t:|1696446930\n|start\n|switch|p1a: Hoopa|Hoopa-Unbound|100\/100\n|switch|p1b: Zygarde|Zygarde|100\/100\n|switch|p2a: Chansey|Chansey, F|100\/100\n|switch|p2b: Grimmsnarl|Grimmsnarl, M, shiny|100\/100\n|-ability|p1b: Zygarde|Aura Break\n|turn|1\n|\n|t:|1696446955\n|switch|p1a: Indeedee|Indeedee-F, F|100\/100\n|-fieldstart|move: Psychic Terrain|[from] ability: Psychic Surge|[of] p1a: Indeedee\n|move|p2b: Grimmsnarl|Taunt|p1b: Zygarde\n|-activate|p1b: Zygarde|move: Psychic Terrain\n|move|p1b: Zygarde|Coil|p1b: Zygarde\n|-boost|p1b: Zygarde|atk|1\n|-boost|p1b: Zygarde|def|1\n|-boost|p1b: Zygarde|accuracy|1\n|move|p2a: Chansey|Stealth Rock|p1a: Indeedee\n|-sidestart|p1: dsrgsdfg dfgf|move: Stealth Rock\n|\n|upkeep\n|turn|2\n|\n|t:|1696446977\n|move|p1a: Indeedee|Follow Me|p1a: Indeedee\n|-singleturn|p1a: Indeedee|move: Follow Me\n|move|p2b: Grimmsnarl|Reflect|p2b: Grimmsnarl\n|-sidestart|p2: Numa no Kage|Reflect\n|move|p1b: Zygarde|Coil|p1b: Zygarde\n|-boost|p1b: Zygarde|atk|1\n|-boost|p1b: Zygarde|def|1\n|-boost|p1b: Zygarde|accuracy|1\n|move|p2a: Chansey|Thunder Wave|p1a: Indeedee\n|-status|p1a: Indeedee|par\n|\n|upkeep\n|turn|3\n|\n|t:|1696446994\n|cant|p1a: Indeedee|par\n|move|p2b: Grimmsnarl|Light Screen|p2b: Grimmsnarl\n|-sidestart|p2: Numa no Kage|move: Light Screen\n|move|p1b: Zygarde|Coil|p1b: Zygarde\n|-boost|p1b: Zygarde|atk|1\n|-boost|p1b: Zygarde|def|1\n|-boost|p1b: Zygarde|accuracy|1\n|move|p2a: Chansey|Seismic Toss|p1b: Zygarde\n|-damage|p1b: Zygarde|77\/100\n|\n|upkeep\n|turn|4\n|inactive|Numa no Kage has 120 seconds left.\n|\n|t:|1696447027\n|switch|p2b: Walking Wake|Walking Wake|100\/100\n|move|p1b: Zygarde|Coil|p1b: Zygarde\n|-boost|p1b: Zygarde|atk|1\n|-boost|p1b: Zygarde|def|1\n|-boost|p1b: Zygarde|accuracy|1\n|move|p2a: Chansey|Seismic Toss|p1b: Zygarde\n|-damage|p1b: Zygarde|53\/100\n|move|p1a: Indeedee|Heal Pulse|p1b: Zygarde\n|-heal|p1b: Zygarde|100\/100\n|\n|upkeep\n|turn|5\n|\n|t:|1696447044\n|move|p1b: Zygarde|Protect|p1b: Zygarde\n|-singleturn|p1b: Zygarde|Protect\n|move|p2b: Walking Wake|Hydro Steam|p1a: Indeedee\n|-damage|p1a: Indeedee|61\/100 par\n|move|p2a: Chansey|Seismic Toss|p1a: Indeedee\n|-damage|p1a: Indeedee|32\/100 par\n|move|p1a: Indeedee|Trick Room|p1a: Indeedee\n|-fieldstart|move: Trick Room|[of] p1a: Indeedee\n|-enditem|p1b: Zygarde|Room Service\n|-unboost|p1b: Zygarde|spe|1|[from] item: Room Service\n|\n|-fieldend|move: Psychic Terrain\n|upkeep\n|turn|6\n|\n|t:|1696447062\n|move|p1a: Indeedee|Follow Me|p1a: Indeedee\n|-singleturn|p1a: Indeedee|move: Follow Me\n|move|p2a: Chansey|Seismic Toss|p1a: Indeedee\n|-damage|p1a: Indeedee|3\/100 par\n|move|p1b: Zygarde|Thousand Arrows|p2b: Walking Wake|[spread] p2a,p2b\n|-damage|p2a: Chansey|69\/100\n|-damage|p2b: Walking Wake|47\/100\n|move|p2b: Walking Wake|Dragon Pulse|p1a: Indeedee\n|-damage|p1a: Indeedee|0 fnt\n|faint|p1a: Indeedee\n|\n|upkeep\n|\n|t:|1696447080\n|switch|p1a: Ursaluna|Ursaluna, M|100\/100\n|-damage|p1a: Ursaluna|94\/100|[from] Stealth Rock\n|turn|7\n|\n|t:|1696447094\n|move|p1a: Ursaluna|Close Combat|p2a: Chansey\n|-supereffective|p2a: Chansey\n|-damage|p2a: Chansey|26\/100\n|-unboost|p1a: Ursaluna|def|1\n|-unboost|p1a: Ursaluna|spd|1\n|move|p2a: Chansey|Seismic Toss|p1b: Zygarde\n|-damage|p1b: Zygarde|77\/100\n|move|p1b: Zygarde|Thousand Arrows|p2b: Walking Wake|[spread] p2a,p2b\n|-damage|p2a: Chansey|0 fnt\n|-damage|p2b: Walking Wake|0 fnt\n|faint|p2a: Chansey\n|faint|p2b: Walking Wake\n|-end|p2b: Walking Wake|Protosynthesis|[silent]\n|\n|-status|p1a: Ursaluna|brn|[from] item: Flame Orb\n|upkeep\n|inactive|Numa no Kage has 120 seconds left.\n|\n|t:|1696447122\n|switch|p2a: Landorus|Landorus-Therian, M|100\/100\n|switch|p2b: Grimmsnarl|Grimmsnarl, M, shiny|100\/100\n|-ability|p2a: Landorus|Intimidate|boost\n|-unboost|p1a: Ursaluna|atk|1\n|-unboost|p1b: Zygarde|atk|1\n|turn|8\n|inactive|Numa no Kage has 120 seconds left.\n|\n|t:|1696447160\n|move|p2b: Grimmsnarl|Parting Shot|p1b: Zygarde\n|-unboost|p1b: Zygarde|atk|1\n|-unboost|p1b: Zygarde|spa|1\n|\n|t:|1696447164\n|switch|p2b: Mega Misdreavus|Flutter Mane, shiny|100\/100|[from] Parting Shot\n|move|p1a: Ursaluna|Facade|p2a: Landorus\n|-damage|p2a: Landorus|34\/100\n|move|p1b: Zygarde|Thousand Arrows|p2a: Landorus|[spread] p2a,p2b\n|-damage|p2a: Landorus|0 fnt\n|-damage|p2b: Mega Misdreavus|35\/100\n|faint|p2a: Landorus\n|\n|-damage|p1a: Ursaluna|88\/100 brn|[from] brn\n|upkeep\n|\n|t:|1696447186\n|switch|p2a: Okidogi|Okidogi, M|100\/100\n|turn|9\n|inactive|Numa no Kage has 120 seconds left.\n|\n|t:|1696447197\n|-end|p2b: Mega Misdreavus|Protosynthesis|[silent]\n|switch|p2b: Grimmsnarl|Grimmsnarl, M, shiny|100\/100\n|-terastallize|p2a: Okidogi|Normal\n|move|p1a: Ursaluna|Headlong Rush|p2a: Okidogi\n|-damage|p2a: Okidogi|64\/100\n|-unboost|p1a: Ursaluna|def|1\n|-unboost|p1a: Ursaluna|spd|1\n|move|p1b: Zygarde|Thousand Arrows|p2b: Grimmsnarl|[spread] p2a,p2b\n|-damage|p2a: Okidogi|39\/100\n|-damage|p2b: Grimmsnarl|63\/100\n|move|p2a: Okidogi|Drain Punch|p1a: Ursaluna\n|-supereffective|p1a: Ursaluna\n|-damage|p1a: Ursaluna|0 fnt\n|-heal|p2a: Okidogi|93\/100|[from] drain|[of] p1a: Ursaluna\n|faint|p1a: Ursaluna\n|\n|-sideend|p2: Numa no Kage|Reflect\n|-fieldend|move: Trick Room\n|upkeep\n|\n|t:|1696447214\n|switch|p1a: Hoopa|Hoopa-Unbound|100\/100\n|-damage|p1a: Hoopa|88\/100|[from] Stealth Rock\n|turn|10\n|\n|t:|1696447229\n|move|p2b: Grimmsnarl|Reflect|p2b: Grimmsnarl\n|-sidestart|p2: Numa no Kage|Reflect\n|move|p2a: Okidogi|Poison Fang|p1b: Zygarde\n|-resisted|p1b: Zygarde\n|-damage|p1b: Zygarde|74\/100\n|move|p1b: Zygarde|Thousand Arrows|p2a: Okidogi|[spread] p2a,p2b\n|-damage|p2a: Okidogi|69\/100\n|-damage|p2b: Grimmsnarl|24\/100\n|move|p1a: Hoopa|Trick Room|p1a: Hoopa\n|-fieldstart|move: Trick Room|[of] p1a: Hoopa\n|-enditem|p1a: Hoopa|Room Service\n|-unboost|p1a: Hoopa|spe|1|[from] item: Room Service\n|\n|-sideend|p2: Numa no Kage|move: Light Screen\n|upkeep\n|turn|11\n|\n|t:|1696447257\n|move|p2b: Grimmsnarl|Light Screen|p2b: Grimmsnarl\n|-sidestart|p2: Numa no Kage|move: Light Screen\n|move|p1a: Hoopa|Dark Pulse|p2a: Okidogi\n|-damage|p2a: Okidogi|43\/100\n|-item|p1a: Hoopa|Assault Vest|[from] ability: Magician|[of] p2a: Okidogi\n|move|p1b: Zygarde|Thousand Arrows|p2a: Okidogi|[spread] p2a,p2b\n|-damage|p2a: Okidogi|19\/100\n|-damage|p2b: Grimmsnarl|0 fnt\n|faint|p2b: Grimmsnarl\n|move|p2a: Okidogi|Drain Punch|p1a: Hoopa\n|-damage|p1a: Hoopa|31\/100\n|-heal|p2a: Okidogi|46\/100|[from] drain|[of] p1a: Hoopa\n|\n|upkeep\n|inactive|Numa no Kage has 120 seconds left.\n|\n|t:|1696447273\n|switch|p2b: Mega Misdreavus|Flutter Mane, shiny|35\/100\n|turn|12\n|\n|t:|1696447282\n|move|p1a: Hoopa|Dark Pulse|p2a: Okidogi\n|-damage|p2a: Okidogi|9\/100\n|move|p1b: Zygarde|Thousand Arrows|p2a: Okidogi|[spread] p2a,p2b\n|-damage|p2a: Okidogi|0 fnt\n|-damage|p2b: Mega Misdreavus|0 fnt\n|faint|p2a: Okidogi\n|faint|p2b: Mega Misdreavus\n|-end|p2b: Mega Misdreavus|Protosynthesis|[silent]\n|\n|win|dsrgsdfg dfgf\n|raw|dsrgsdfg dfgf's rating: 1086 &rarr; <strong>1122<\/strong><br \/>(+36 for winning)\n|raw|Numa no Kage's rating: 1205 &rarr; <strong>1172<\/strong><br \/>(-33 for losing)\n|l|\u2606Numa no Kage\n","uploadtime":1696447297,"views":4,"p1id":"dsrgsdfgdfgf","p2id":"numanokage","formatid":"gen9nationaldexdoubles","rating":1122,"private":0,"password":""}