{"id":"gen9nationaldexdoubles-1951018184","p1":"fumbari 24","p2":"bugandfairytrainer","format":"[Gen 9] National Dex Doubles","log":"|j|\u2606fumbari 24\n|j|\u2606bugandfairytrainer\n|t:|1695530566\n|gametype|doubles\n|player|p1|fumbari 24|102|1097\n|player|p2|bugandfairytrainer|caitlin|1000\n|teamsize|p1|6\n|teamsize|p2|6\n|gen|9\n|tier|[Gen 9] National Dex Doubles\n|rated|\n|rule|HP Percentage Mod: HP is shown in percentages\n|rule|Endless Battle Clause: Forcing endless battles is banned\n|rule|OHKO Clause: OHKO moves are banned\n|rule|Evasion Moves Clause: Evasion moves are banned\n|rule|Evasion Abilities Clause: Evasion abilities are banned\n|rule|Species Clause: Limit one of each Pok\u00e9mon\n|rule|Gravity Sleep Clause: The combination of sleep-inducing moves with imperfect accuracy and Gravity or Gigantamax Orbeetle are banned\n|clearpoke\n|poke|p1|Metagross|\n|poke|p1|Blaziken, M|\n|poke|p1|Armaldo, M|\n|poke|p1|Pelipper, M|\n|poke|p1|Cradily, M|\n|poke|p1|Machamp, F|\n|poke|p2|Oricorio, M|\n|poke|p2|Volcarona, F|\n|poke|p2|Ribombee, M|\n|poke|p2|Frosmoth, M|\n|poke|p2|Masquerain, M|\n|poke|p2|Beedrill, M|\n|teampreview\n|inactive|Battle timer is ON: inactive players will automatically lose when time's up. (requested by fumbari 24)\n|\n|t:|1695530578\n|start\n|switch|p1a: Metagross|Metagross, shiny|100\/100\n|switch|p1b: Inferno|Blaziken, M|100\/100\n|switch|p2a: Oricorio|Oricorio, M|100\/100\n|switch|p2b: Volcarona|Volcarona, F|100\/100\n|turn|1\n|\n|t:|1695530590\n|detailschange|p1a: Metagross|Metagross-Mega, shiny\n|-mega|p1a: Metagross|Metagross|Metagrossite\n|move|p1a: Metagross|Meteor Mash|p2a: Oricorio\n|-resisted|p2a: Oricorio\n|-damage|p2a: Oricorio|49\/100\n|move|p2a: Oricorio|Quiver Dance|p2a: Oricorio\n|-boost|p2a: Oricorio|spa|1\n|-boost|p2a: Oricorio|spd|1\n|-boost|p2a: Oricorio|spe|1\n|move|p2b: Volcarona|Quiver Dance|p2b: Volcarona\n|-boost|p2b: Volcarona|spa|1\n|-boost|p2b: Volcarona|spd|1\n|-boost|p2b: Volcarona|spe|1\n|-activate|p2a: Oricorio|ability: Dancer\n|move|p2a: Oricorio|Quiver Dance|p2a: Oricorio|[from]ability: Dancer\n|-boost|p2a: Oricorio|spa|1\n|-boost|p2a: Oricorio|spd|1\n|-boost|p2a: Oricorio|spe|1\n|move|p1b: Inferno|Rock Slide|p2a: Oricorio|[spread] p2a\n|-miss|p1b: Inferno|p2b: Volcarona\n|-supereffective|p2a: Oricorio\n|-damage|p2a: Oricorio|0 fnt\n|faint|p2a: Oricorio\n|\n|-ability|p1b: Inferno|Speed Boost|boost\n|-boost|p1b: Inferno|spe|1\n|upkeep\n|\n|t:|1695530610\n|switch|p2a: Ribombee|Ribombee, M|100\/100\n|turn|2\n|\n|t:|1695530619\n|move|p1a: Metagross|Protect|p1a: Metagross\n|-singleturn|p1a: Metagross|Protect\n|move|p2b: Volcarona|Fiery Dance|p1a: Metagross\n|-activate|p1a: Metagross|move: Protect\n|-zpower|p1b: Inferno\n|move|p1b: Inferno|Inferno Overdrive|p2b: Volcarona|[zeffect]\n|-damage|p2b: Volcarona|0 fnt\n|faint|p2b: Volcarona\n|move|p2a: Ribombee|Quiver Dance|p2a: Ribombee\n|-boost|p2a: Ribombee|spa|1\n|-boost|p2a: Ribombee|spd|1\n|-boost|p2a: Ribombee|spe|1\n|\n|-ability|p1b: Inferno|Speed Boost|boost\n|-boost|p1b: Inferno|spe|1\n|upkeep\n|\n|t:|1695530625\n|switch|p2b: Masquerain|Masquerain, M|100\/100\n|-ability|p2b: Masquerain|Intimidate|boost\n|-unboost|p1a: Metagross|atk|1\n|-unboost|p1b: Inferno|atk|1\n|turn|3\n|\n|t:|1695530636\n|move|p1a: Metagross|Bullet Punch|p2a: Ribombee\n|-supereffective|p2a: Ribombee\n|-damage|p2a: Ribombee|17\/100\n|move|p2a: Ribombee|Dazzling Gleam|p1b: Inferno|[spread] p1a,p1b\n|-resisted|p1a: Metagross\n|-damage|p1a: Metagross|80\/100\n|-damage|p1b: Inferno|40\/100\n|move|p1b: Inferno|Rock Slide|p2b: Masquerain|[spread] p2a,p2b\n|-supereffective|p2a: Ribombee\n|-supereffective|p2b: Masquerain\n|-damage|p2a: Ribombee|0 fnt\n|-damage|p2b: Masquerain|14\/100\n|faint|p2a: Ribombee\n|move|p2b: Masquerain|Hydro Pump|p1b: Inferno\n|-supereffective|p1b: Inferno\n|-damage|p1b: Inferno|0 fnt\n|faint|p1b: Inferno\n|\n|upkeep\n|\n|t:|1695530655\n|switch|p2a: Beedrill|Beedrill, M|100\/100\n|switch|p1b: Mine mine|Pelipper, M|100\/100\n|-weather|RainDance|[from] ability: Drizzle|[of] p1b: Mine mine\n|turn|4\n|\n|t:|1695530672\n|detailschange|p2a: Beedrill|Beedrill-Mega, M\n|-mega|p2a: Beedrill|Beedrill|Beedrillite\n|move|p2a: Beedrill|Protect|p2a: Beedrill\n|-singleturn|p2a: Beedrill|Protect\n|move|p1a: Metagross|Protect|p1a: Metagross\n|-singleturn|p1a: Metagross|Protect\n|move|p2b: Masquerain|Quiver Dance|p2b: Masquerain\n|-boost|p2b: Masquerain|spa|1\n|-boost|p2b: Masquerain|spd|1\n|-boost|p2b: Masquerain|spe|1\n|move|p1b: Mine mine|Tailwind|p1b: Mine mine\n|-sidestart|p1: fumbari 24|move: Tailwind\n|\n|-weather|RainDance|[upkeep]\n|upkeep\n|turn|5\n|\n|t:|1695530689\n|move|p1a: Metagross|Bullet Punch|p2b: Masquerain\n|-damage|p2b: Masquerain|0 fnt\n|faint|p2b: Masquerain\n|move|p2a: Beedrill|Fell Stinger|p1a: Metagross\n|-damage|p1a: Metagross|48\/100\n|move|p1b: Mine mine|Hurricane|p2a: Beedrill\n|-supereffective|p2a: Beedrill\n|-damage|p2a: Beedrill|0 fnt\n|faint|p2a: Beedrill\n|\n|-weather|RainDance|[upkeep]\n|upkeep\n|-message|bugandfairytrainer forfeited.\n|\n|win|fumbari 24\n|raw|fumbari 24's rating: 1097 &rarr; <strong>1116<\/strong><br \/>(+19 for winning)\n|raw|bugandfairytrainer's rating: 1000 &rarr; <strong>1000<\/strong><br \/>(+0 for losing)\n|l|\u2606bugandfairytrainer\n","uploadtime":1695530705,"views":13,"p1id":"fumbari24","p2id":"bugandfairytrainer","formatid":"gen9nationaldexdoubles","rating":1000,"private":0,"password":""}