{"id":"gen9nationaldexdoubles-1967742645","p1":"Skymeg3","p2":"mmmirza","format":"[Gen 9] National Dex Doubles","log":"|j|\u2606Skymeg3\n|j|\u2606mmmirza\n|t:|1697333345\n|gametype|doubles\n|player|p1|Skymeg3|benga|1116\n|player|p2|mmmirza|2|1423\n|teamsize|p1|6\n|teamsize|p2|6\n|gen|9\n|tier|[Gen 9] National Dex Doubles\n|rated|\n|rule|HP Percentage Mod: HP is shown in percentages\n|rule|Endless Battle Clause: Forcing endless battles is banned\n|rule|OHKO Clause: OHKO moves are banned\n|rule|Evasion Moves Clause: Evasion moves are banned\n|rule|Evasion Abilities Clause: Evasion abilities are banned\n|rule|Species Clause: Limit one of each Pok\u00e9mon\n|rule|Gravity Sleep Clause: The combination of sleep-inducing moves with imperfect accuracy and Gravity or Gigantamax Orbeetle are banned\n|clearpoke\n|poke|p1|Stonjourner, M|\n|poke|p1|Weezing-Galar, M|\n|poke|p1|Urshifu-*, M|\n|poke|p1|Zapdos-Galar|\n|poke|p1|Rillaboom, M|\n|poke|p1|Snorlax, M|\n|poke|p2|Ogerpon-Hearthflame, F|\n|poke|p2|Whimsicott, F|\n|poke|p2|Marshadow|\n|poke|p2|Chien-Pao|\n|poke|p2|Kingambit, M|\n|poke|p2|Charizard, F|\n|teampreview\n|inactive|Battle timer is ON: inactive players will automatically lose when time's up. (requested by Skymeg3)\n|inactive|mmmirza also wants the timer to be on.\n|\n|t:|1697333358\n|start\n|switch|p1a: Urshifu|Urshifu-Rapid-Strike, M|100\/100\n|switch|p1b: Stonjourner|Stonjourner, M, shiny|100\/100\n|switch|p2a: Ogerpon|Ogerpon-Hearthflame, F|100\/100\n|switch|p2b: Whimsicott|Whimsicott, F|100\/100\n|-ability|p2a: Ogerpon|Mold Breaker\n|turn|1\n|\n|t:|1697333375\n|move|p2b: Whimsicott|Tailwind|p2b: Whimsicott\n|-sidestart|p2: mmmirza|move: Tailwind\n|move|p2a: Ogerpon|Horn Leech|p1a: Urshifu\n|-supereffective|p1a: Urshifu\n|-damage|p1a: Urshifu|13\/100\n|move|p1a: Urshifu|Surging Strikes|p2a: Ogerpon\n|-crit|p2a: Ogerpon\n|-damage|p2a: Ogerpon|66\/100\n|-crit|p2a: Ogerpon\n|-damage|p2a: Ogerpon|34\/100\n|-crit|p2a: Ogerpon\n|-damage|p2a: Ogerpon|0 fnt\n|faint|p2a: Ogerpon\n|-hitcount|p2: Ogerpon|3\n|move|p1b: Stonjourner|Stealth Rock|p2b: Whimsicott\n|-sidestart|p2: mmmirza|move: Stealth Rock\n|\n|upkeep\n|\n|t:|1697333394\n|switch|p2a: Kingambit|Kingambit, M|100\/100\n|-damage|p2a: Kingambit|94\/100|[from] Stealth Rock\n|turn|2\n|\n|t:|1697333403\n|switch|p1a: Weezing|Weezing-Galar, M, shiny|100\/100\n|move|p2b: Whimsicott|Dazzling Gleam|p1b: Stonjourner|[spread] p1a,p1b\n|-resisted|p1a: Weezing\n|-damage|p1a: Weezing|91\/100\n|-damage|p1b: Stonjourner|47\/100\n|move|p2a: Kingambit|Swords Dance|p2a: Kingambit\n|-boost|p2a: Kingambit|atk|2\n|move|p1b: Stonjourner|Earthquake|p2b: Whimsicott|[spread] p2a,p2b\n|-immune|p1a: Weezing|[from] ability: Levitate\n|-supereffective|p2a: Kingambit\n|-resisted|p2b: Whimsicott\n|-damage|p2a: Kingambit|56\/100\n|-damage|p2b: Whimsicott|80\/100\n|\n|-heal|p1b: Stonjourner|53\/100|[from] item: Leftovers\n|upkeep\n|turn|3\n|inactive|Skymeg3 has 120 seconds left.\n|\n|t:|1697333433\n|move|p1b: Stonjourner|Protect|p1b: Stonjourner\n|-singleturn|p1b: Stonjourner|Protect\n|move|p2b: Whimsicott|Taunt|p1a: Weezing\n|-start|p1a: Weezing|move: Taunt\n|move|p2a: Kingambit|Kowtow Cleave|p1b: Stonjourner\n|-activate|p1b: Stonjourner|move: Protect\n|move|p1a: Weezing|Flamethrower|p2b: Whimsicott\n|-supereffective|p2b: Whimsicott\n|-damage|p2b: Whimsicott|0 fnt\n|faint|p2b: Whimsicott\n|\n|-heal|p1b: Stonjourner|59\/100|[from] item: Leftovers\n|upkeep\n|\n|t:|1697333447\n|switch|p2b: Marshadow|Marshadow|100\/100\n|-damage|p2b: Marshadow|94\/100|[from] Stealth Rock\n|turn|4\n|\n|t:|1697333459\n|-zpower|p2b: Marshadow\n|move|p2b: Marshadow|Soul-Stealing 7-Star Strike|p1a: Weezing|[zeffect]\n|-damage|p1a: Weezing|10\/100\n|move|p2a: Kingambit|Kowtow Cleave|p1b: Stonjourner\n|-damage|p1b: Stonjourner|0 fnt\n|faint|p1b: Stonjourner\n|move|p1a: Weezing|Flamethrower|p2a: Kingambit\n|-supereffective|p2a: Kingambit\n|-damage|p2a: Kingambit|4\/100\n|\n|-sideend|p2: mmmirza|move: Tailwind\n|upkeep\n|\n|t:|1697333475\n|switch|p1b: Urshifu|Urshifu-Rapid-Strike, M|13\/100\n|turn|5\n|\n|t:|1697333482\n|move|p1b: Urshifu|Aqua Jet|p2a: Kingambit\n|-damage|p2a: Kingambit|0 fnt\n|faint|p2a: Kingambit\n|move|p2b: Marshadow|Shadow Sneak|p1b: Urshifu\n|-damage|p1b: Urshifu|0 fnt\n|faint|p1b: Urshifu\n|move|p1a: Weezing|Sludge Wave|p2b: Marshadow\n|-resisted|p2b: Marshadow\n|-damage|p2b: Marshadow|71\/100\n|\n|-end|p1a: Weezing|move: Taunt\n|upkeep\n|\n|t:|1697333493\n|switch|p1b: Snorlax|Snorlax, M, shiny|100\/100\n|switch|p2a: Charizard|Charizard, F|100\/100\n|-damage|p2a: Charizard|51\/100|[from] Stealth Rock\n|turn|6\n|j| xiaoqing three\n|\n|t:|1697333520\n|detailschange|p2a: Charizard|Charizard-Mega-Y, F\n|-mega|p2a: Charizard|Charizard|Charizardite Y\n|-weather|SunnyDay|[from] ability: Drought|[of] p2a: Charizard\n|move|p2b: Marshadow|Spectral Thief|p1a: Weezing\n|-damage|p1a: Weezing|0 fnt\n|faint|p1a: Weezing\n|move|p2a: Charizard|Tailwind|p2a: Charizard\n|-sidestart|p2: mmmirza|move: Tailwind\n|move|p1b: Snorlax|Frustration|p2a: Charizard\n|-damage|p2a: Charizard|0 fnt\n|faint|p2a: Charizard\n|\n|-weather|SunnyDay|[upkeep]\n|upkeep\n|\n|t:|1697333535\n|switch|p2a: Chien-Pao|Chien-Pao|100\/100\n|switch|p1a: Rillaboom|Rillaboom, M, shiny|100\/100\n|-damage|p2a: Chien-Pao|76\/100|[from] Stealth Rock\n|-ability|p2a: Chien-Pao|Sword of Ruin\n|-fieldstart|move: Grassy Terrain|[from] ability: Grassy Surge|[of] p1a: Rillaboom\n|turn|7\n|\n|t:|1697333550\n|move|p2a: Chien-Pao|Protect|p2a: Chien-Pao\n|-singleturn|p2a: Chien-Pao|Protect\n|move|p2b: Marshadow|Close Combat|p1b: Snorlax\n|-supereffective|p1b: Snorlax\n|-damage|p1b: Snorlax|0 fnt\n|-unboost|p2b: Marshadow|def|1\n|-unboost|p2b: Marshadow|spd|1\n|faint|p1b: Snorlax\n|move|p1a: Rillaboom|Drain Punch|p2a: Chien-Pao\n|-activate|p2a: Chien-Pao|move: Protect\n|\n|-weather|SunnyDay|[upkeep]\n|-heal|p2a: Chien-Pao|82\/100|[from] Grassy Terrain\n|-heal|p2b: Marshadow|77\/100|[from] Grassy Terrain\n|upkeep\n|\n|t:|1697333554\n|switch|p1b: Zapdos|Zapdos-Galar, shiny|100\/100\n|-enditem|p1b: Zapdos|Grassy Seed\n|-boost|p1b: Zapdos|def|1|[from] item: Grassy Seed\n|turn|8\n|\n|t:|1697333582\n|-terastallize|p2a: Chien-Pao|Ghost\n|-terastallize|p1a: Rillaboom|Rock\n|move|p2b: Marshadow|Protect|p2b: Marshadow\n|-singleturn|p2b: Marshadow|Protect\n|move|p2a: Chien-Pao|Ice Spinner|p1a: Rillaboom\n|-damage|p1a: Rillaboom|46\/100\n|-fieldend|move: Grassy Terrain\n|move|p1b: Zapdos|Acrobatics|p2b: Marshadow\n|-activate|p2b: Marshadow|move: Protect\n|move|p1a: Rillaboom|Drain Punch|p2a: Chien-Pao\n|-immune|p2a: Chien-Pao\n|\n|-weather|SunnyDay|[upkeep]\n|-heal|p1a: Rillaboom|52\/100|[from] item: Leftovers\n|upkeep\n|turn|9\n|l| xiaoqing three\n|\n|t:|1697333607\n|move|p2a: Chien-Pao|Ice Spinner|p1b: Zapdos\n|-supereffective|p1b: Zapdos\n|-damage|p1b: Zapdos|26\/100\n|move|p2b: Marshadow|Spectral Thief||[still]\n|-clearpositiveboost|p1b: Zapdos|p2b: Marshadow|move: Spectral Thief\n|-boost|p2b: Marshadow|def|1\n|-anim|p2b: Marshadow|Spectral Thief|p1b: Zapdos\n|-damage|p1b: Zapdos|0 fnt\n|faint|p1b: Zapdos\n|move|p1a: Rillaboom|Drum Beating|p2a: Chien-Pao\n|-damage|p2a: Chien-Pao|27\/100\n|-unboost|p2a: Chien-Pao|spe|1\n|\n|-weather|SunnyDay|[upkeep]\n|-heal|p1a: Rillaboom|58\/100|[from] item: Leftovers\n|-sideend|p2: mmmirza|move: Tailwind\n|upkeep\n|turn|10\n|\n|t:|1697333626\n|move|p2b: Marshadow|Close Combat|p1a: Rillaboom\n|-supereffective|p1a: Rillaboom\n|-damage|p1a: Rillaboom|0 fnt\n|-unboost|p2b: Marshadow|def|1\n|-unboost|p2b: Marshadow|spd|1\n|faint|p1a: Rillaboom\n|\n|win|mmmirza\n|raw|Skymeg3's rating: 1116 &rarr; <strong>1109<\/strong><br \/>(-7 for losing)\n|raw|mmmirza's rating: 1438 &rarr; <strong>1443<\/strong><br \/>(+5 for winning)\n|l|\u2606Skymeg3\n|c|\u2606mmmirza|gg\n","uploadtime":1697333636,"views":9,"p1id":"skymeg3","p2id":"mmmirza","formatid":"gen9nationaldexdoubles","rating":1109,"private":0,"password":""}