{"id":"gen9nationaldexdoubles-1973218929","p1":"MathHacker","p2":"Howfalcons","format":"[Gen 9] National Dex Doubles","log":"|j|\u2606MathHacker\n|j|\u2606Howfalcons\n|t:|1697940772\n|gametype|doubles\n|player|p1|MathHacker|richboy-gen4|1428\n|player|p2|Howfalcons|clown|1562\n|teamsize|p1|6\n|teamsize|p2|6\n|gen|9\n|tier|[Gen 9] National Dex Doubles\n|rated|\n|rule|HP Percentage Mod: HP is shown in percentages\n|rule|Endless Battle Clause: Forcing endless battles is banned\n|rule|OHKO Clause: OHKO moves are banned\n|rule|Evasion Moves Clause: Evasion moves are banned\n|rule|Evasion Abilities Clause: Evasion abilities are banned\n|rule|Species Clause: Limit one of each Pok\u00e9mon\n|rule|Gravity Sleep Clause: The combination of sleep-inducing moves with imperfect accuracy and Gravity or Gigantamax Orbeetle are banned\n|clearpoke\n|poke|p1|Shuckle, F|\n|poke|p1|Pelipper, F|\n|poke|p1|Cresselia, F|\n|poke|p1|Torkoal, F|\n|poke|p1|Oranguru, M|\n|poke|p1|Ursaluna, F|\n|poke|p2|Salamence, M|\n|poke|p2|Jirachi|\n|poke|p2|Volcanion|\n|poke|p2|Kingambit, F|\n|poke|p2|Rillaboom, F|\n|poke|p2|Basculegion, M|\n|teampreview\n|\n|t:|1697940799\n|start\n|switch|p1a: Shucky|Shuckle, F, shiny|100\/100\n|switch|p1b: munke|Oranguru, M|100\/100\n|switch|p2a: Angry Dan|Salamence, M|100\/100\n|switch|p2b: Jiminy Cricket|Jirachi|100\/100\n|-ability|p2a: Angry Dan|Intimidate|boost\n|-unboost|p1a: Shucky|atk|1\n|-unboost|p1b: munke|atk|1\n|turn|1\n|\n|t:|1697940822\n|detailschange|p2a: Angry Dan|Salamence-Mega, M\n|-mega|p2a: Angry Dan|Salamence|Salamencite\n|move|p2a: Angry Dan|Dragon Dance|p2a: Angry Dan\n|-boost|p2a: Angry Dan|atk|1\n|-boost|p2a: Angry Dan|spe|1\n|move|p1a: Shucky|Power Trick|p1a: Shucky\n|-start|p1a: Shucky|Power Trick\n|move|p2b: Jiminy Cricket|Trick Room|p2b: Jiminy Cricket\n|-fieldstart|move: Trick Room|[of] p2b: Jiminy Cricket\n|move|p1b: munke|Trick Room|p1b: munke\n|-fieldend|move: Trick Room\n|\n|upkeep\n|turn|2\n|inactive|Battle timer is ON: inactive players will automatically lose when time's up. (requested by Howfalcons)\n|\n|t:|1697940881\n|move|p2a: Angry Dan|Frustration|p1b: munke\n|-damage|p1b: munke|30\/100\n|move|p2b: Jiminy Cricket|Encore|p1a: Shucky\n|-start|p1a: Shucky|Encore\n|move|p1a: Shucky|Power Trick|p1a: Shucky\n|-end|p1a: Shucky|Power Trick\n|move|p1b: munke|Trick Room|p1b: munke\n|-fieldstart|move: Trick Room|[of] p1b: munke\n|\n|upkeep\n|turn|3\n|inactive|MathHacker has 120 seconds left.\n|\n|t:|1697940917\n|switch|p1a: Yertle|Torkoal, F|100\/100\n|-weather|SunnyDay|[from] ability: Drought|[of] p1a: Yertle\n|move|p1b: munke|Protect|p1b: munke\n|-singleturn|p1b: munke|Protect\n|move|p2a: Angry Dan|Dragon Dance|p2a: Angry Dan\n|-boost|p2a: Angry Dan|atk|1\n|-boost|p2a: Angry Dan|spe|1\n|move|p2b: Jiminy Cricket|Trick Room|p2b: Jiminy Cricket\n|-fieldend|move: Trick Room\n|\n|-weather|SunnyDay|[upkeep]\n|upkeep\n|turn|4\n|inactive|MathHacker has 120 seconds left.\n|\n|t:|1697940963\n|move|p2a: Angry Dan|Frustration|p1a: Yertle\n|-damage|p1a: Yertle|0 fnt\n|faint|p1a: Yertle\n|move|p2b: Jiminy Cricket|Encore|p1b: munke\n|-start|p1b: munke|Encore\n|-enditem|p1b: munke|Mental Herb\n|-end|p1b: munke|Encore\n|move|p1b: munke|Trick Room|p1b: munke\n|-fieldstart|move: Trick Room|[of] p1b: munke\n|\n|-weather|SunnyDay|[upkeep]\n|upkeep\n|inactive|MathHacker has 90 seconds left.\n|\n|t:|1697940974\n|switch|p1a: ber|Ursaluna, F|100\/100\n|turn|5\n|\n|t:|1697940991\n|switch|p2b: Gary Greenback|Rillaboom, F|100\/100\n|-fieldstart|move: Grassy Terrain|[from] ability: Grassy Surge|[of] p2b: Gary Greenback\n|move|p2a: Angry Dan|Protect|p2a: Angry Dan\n|-singleturn|p2a: Angry Dan|Protect\n|move|p1a: ber|Earthquake|p2b: Gary Greenback|[spread] p2b\n|-activate|p2a: Angry Dan|move: Protect\n|-activate|p1b: munke|ability: Telepathy\n|-resisted|p2b: Gary Greenback\n|-damage|p2b: Gary Greenback|90\/100\n|move|p1b: munke|Instruct|p1a: ber\n|-singleturn|p1a: ber|move: Instruct|[of] p1b: munke\n|move|p1a: ber|Earthquake|p2a: Angry Dan|[spread] p2b\n|-activate|p2a: Angry Dan|move: Protect\n|-activate|p1b: munke|ability: Telepathy\n|-resisted|p2b: Gary Greenback\n|-damage|p2b: Gary Greenback|80\/100\n|\n|-weather|SunnyDay|[upkeep]\n|-heal|p1b: munke|36\/100|[from] Grassy Terrain\n|-heal|p2b: Gary Greenback|86\/100|[from] Grassy Terrain\n|-status|p1a: ber|brn|[from] item: Flame Orb\n|upkeep\n|turn|6\n|inactive|MathHacker has 120 seconds left.\n|\n|t:|1697941019\n|-terastallize|p1a: ber|Poison\n|move|p2b: Gary Greenback|Fake Out|p1a: ber\n|-damage|p1a: ber|90\/100 brn\n|cant|p1a: ber|flinch\n|move|p1b: munke|Instruct|p1a: ber\n|-singleturn|p1a: ber|move: Instruct|[of] p1b: munke\n|cant|p1a: ber|flinch\n|move|p2a: Angry Dan|Frustration|p1a: ber\n|-crit|p1a: ber\n|-damage|p1a: ber|0 fnt\n|faint|p1a: ber\n|\n|-weather|SunnyDay|[upkeep]\n|-heal|p1b: munke|43\/100|[from] Grassy Terrain\n|-heal|p2b: Gary Greenback|93\/100|[from] Grassy Terrain\n|upkeep\n|inactive|MathHacker has 90 seconds left.\n|\n|t:|1697941036\n|switch|p1a: Bird|Pelipper, F|100\/100\n|-weather|RainDance|[from] ability: Drizzle|[of] p1a: Bird\n|turn|7\n|\n|t:|1697941051\n|switch|p2b: Jiminy Cricket|Jirachi|100\/100\n|move|p2a: Angry Dan|Protect|p2a: Angry Dan\n|-singleturn|p2a: Angry Dan|Protect\n|move|p1b: munke|Instruct||[still]\n|-fail|p1b: munke\n|move|p1a: Bird|Hurricane|p2b: Jiminy Cricket\n|-resisted|p2b: Jiminy Cricket\n|-damage|p2b: Jiminy Cricket|81\/100\n|\n|-weather|RainDance|[upkeep]\n|-heal|p1b: munke|49\/100|[from] Grassy Terrain\n|-heal|p2b: Jiminy Cricket|87\/100|[from] Grassy Terrain\n|upkeep\n|turn|8\n|inactive|MathHacker has 120 seconds left.\n|\n|t:|1697941072\n|move|p2b: Jiminy Cricket|Follow Me|p2b: Jiminy Cricket\n|-singleturn|p2b: Jiminy Cricket|move: Follow Me\n|move|p1b: munke|Instruct|p2b: Jiminy Cricket\n|-singleturn|p2b: Jiminy Cricket|move: Instruct|[of] p1b: munke\n|move|p2b: Jiminy Cricket|Follow Me||[still]\n|-fail|p2b: Jiminy Cricket\n|move|p1a: Bird|Surf|p2a: Angry Dan|[spread] p2a,p2b\n|-activate|p1b: munke|ability: Telepathy\n|-resisted|p2a: Angry Dan\n|-damage|p2a: Angry Dan|78\/100\n|-damage|p2b: Jiminy Cricket|53\/100\n|move|p2a: Angry Dan|Frustration|p1a: Bird\n|-enditem|p1a: Bird|Focus Sash\n|-damage|p1a: Bird|1\/100\n|\n|-weather|RainDance|[upkeep]\n|-heal|p1b: munke|55\/100|[from] Grassy Terrain\n|-heal|p2b: Jiminy Cricket|59\/100|[from] Grassy Terrain\n|-fieldend|move: Trick Room\n|upkeep\n|turn|9\n|inactive|MathHacker has 120 seconds left.\n|\n|t:|1697941091\n|move|p2a: Angry Dan|Frustration|p1b: munke\n|-damage|p1b: munke|0 fnt\n|faint|p1b: munke\n|move|p2b: Jiminy Cricket|Iron Head|p1a: Bird\n|-resisted|p1a: Bird\n|-damage|p1a: Bird|0 fnt\n|faint|p1a: Bird\n|\n|-weather|RainDance|[upkeep]\n|-heal|p2b: Jiminy Cricket|65\/100|[from] Grassy Terrain\n|-fieldend|move: Grassy Terrain\n|upkeep\n|inactive|MathHacker has 120 seconds left.\n|\n|t:|1697941102\n|switch|p1a: Shucky|Shuckle, F, shiny|100\/100\n|switch|p1b: Cresselia|Cresselia, F, shiny|100\/100\n|turn|10\n|inactive|MathHacker has 120 seconds left.\n|\n|t:|1697941123\n|move|p2a: Angry Dan|Frustration|p1b: Cresselia\n|-damage|p1b: Cresselia|28\/100\n|move|p2b: Jiminy Cricket|Iron Head|p1b: Cresselia\n|-damage|p1b: Cresselia|11\/100\n|move|p1a: Shucky|Power Trick|p1a: Shucky\n|-start|p1a: Shucky|Power Trick\n|move|p1b: Cresselia|Trick Room|p1b: Cresselia\n|-fieldstart|move: Trick Room|[of] p1b: Cresselia\n|\n|-weather|RainDance|[upkeep]\n|-heal|p1b: Cresselia|17\/100|[from] item: Leftovers\n|upkeep\n|turn|11\n|\n|t:|1697941148\n|move|p1b: Cresselia|Helping Hand|p1a: Shucky\n|-singleturn|p1a: Shucky|Helping Hand|[of] p1b: Cresselia\n|move|p1a: Shucky|Rock Slide|p2a: Angry Dan|[spread] p2a,p2b\n|-supereffective|p2a: Angry Dan\n|-resisted|p2b: Jiminy Cricket\n|-damage|p2a: Angry Dan|0 fnt\n|-damage|p2b: Jiminy Cricket|35\/100\n|faint|p2a: Angry Dan\n|cant|p2b: Jiminy Cricket|flinch\n|\n|-weather|none\n|-heal|p1b: Cresselia|23\/100|[from] item: Leftovers\n|upkeep\n|\n|t:|1697941157\n|switch|p2a: Gary Greenback|Rillaboom, F|93\/100\n|-fieldstart|move: Grassy Terrain|[from] ability: Grassy Surge|[of] p2a: Gary Greenback\n|turn|12\n|\n|t:|1697941165\n|move|p1b: Cresselia|Helping Hand|p1a: Shucky\n|-singleturn|p1a: Shucky|Helping Hand|[of] p1b: Cresselia\n|move|p2a: Gary Greenback|Fake Out|p1a: Shucky\n|-resisted|p1a: Shucky\n|-damage|p1a: Shucky|59\/100\n|cant|p1a: Shucky|flinch\n|move|p2b: Jiminy Cricket|Iron Head|p1a: Shucky\n|-supereffective|p1a: Shucky\n|-damage|p1a: Shucky|0 fnt\n|faint|p1a: Shucky\n|\n|-heal|p1b: Cresselia|29\/100|[from] item: Leftovers\n|-heal|p2a: Gary Greenback|99\/100|[from] Grassy Terrain\n|-heal|p2b: Jiminy Cricket|41\/100|[from] Grassy Terrain\n|upkeep\n|turn|13\n|-message|MathHacker forfeited.\n|\n|win|Howfalcons\n|raw|MathHacker's rating: 1428 &rarr; <strong>1415<\/strong><br \/>(-13 for losing)\n|raw|Howfalcons's rating: 1562 &rarr; <strong>1575<\/strong><br \/>(+13 for winning)\n","uploadtime":1697941184,"views":9,"p1id":"mathhacker","p2id":"howfalcons","formatid":"gen9nationaldexdoubles","rating":1415,"private":0,"password":""}