{"id":"gen9nationaldexdoubles-1976123335","p1":"Voltaris33","p2":"sinuet","format":"[Gen 9] National Dex Doubles","log":"|j|\u2606Voltaris33\n|j|\u2606sinuet\n|t:|1698265654\n|gametype|doubles\n|player|p1|Voltaris33|unknown|1089\n|player|p2|sinuet|266|1014\n|teamsize|p1|6\n|teamsize|p2|6\n|gen|9\n|tier|[Gen 9] National Dex Doubles\n|rated|\n|rule|HP Percentage Mod: HP is shown in percentages\n|rule|Endless Battle Clause: Forcing endless battles is banned\n|rule|OHKO Clause: OHKO moves are banned\n|rule|Evasion Moves Clause: Evasion moves are banned\n|rule|Evasion Abilities Clause: Evasion abilities are banned\n|rule|Species Clause: Limit one of each Pok\u00e9mon\n|rule|Gravity Sleep Clause: The combination of sleep-inducing moves with imperfect accuracy and Gravity or Gigantamax Orbeetle are banned\n|clearpoke\n|poke|p1|Regigigas|\n|poke|p1|Hawlucha, F|\n|poke|p1|Falinks|\n|poke|p1|Banette, M|\n|poke|p1|Iron Valiant|\n|poke|p1|Pincurchin, F|\n|poke|p2|Nidoking, M|\n|poke|p2|Manectric, M|\n|poke|p2|Clefable, F|\n|poke|p2|Pelipper, F|\n|poke|p2|Cetitan, M|\n|poke|p2|Cloyster, F|\n|teampreview\n|inactive|Battle timer is ON: inactive players will automatically lose when time's up. (requested by Voltaris33)\n|\n|t:|1698265661\n|start\n|switch|p1a: Regigigas|Regigigas|100\/100\n|switch|p1b: Hawlucha|Hawlucha, F|100\/100\n|switch|p2a: Cloyster|Cloyster, F|100\/100\n|switch|p2b: BIG boi|Cetitan, M|100\/100\n|-start|p1a: Regigigas|ability: Slow Start\n|turn|1\n|\n|t:|1698265689\n|move|p1b: Hawlucha|Entrainment|p1a: Regigigas\n|-end|p1a: Regigigas|Slow Start|[silent]\n|-endability|p1a: Regigigas|Slow Start|[from] move: Entrainment\n|-ability|p1a: Regigigas|Unburden|[from] move: Entrainment\n|move|p1a: Regigigas|Rock Slide|p2a: Cloyster|[spread] p2a,p2b\n|-supereffective|p2a: Cloyster\n|-supereffective|p2b: BIG boi\n|-damage|p2a: Cloyster|75\/100\n|-damage|p2b: BIG boi|62\/100\n|move|p2a: Cloyster|Toxic Spikes|p1a: Regigigas\n|-sidestart|p1: Voltaris33|move: Toxic Spikes\n|move|p2b: BIG boi|Ice Spinner|p1b: Hawlucha\n|-supereffective|p1b: Hawlucha\n|-enditem|p1b: Hawlucha|Focus Sash\n|-damage|p1b: Hawlucha|1\/100\n|\n|upkeep\n|turn|2\n|\n|t:|1698265709\n|move|p1b: Hawlucha|Flying Press|p2a: Cloyster\n|-supereffective|p2a: Cloyster\n|-damage|p2a: Cloyster|30\/100\n|move|p1a: Regigigas|Rock Slide|p2b: BIG boi|[spread] p2a,p2b\n|-supereffective|p2a: Cloyster\n|-supereffective|p2b: BIG boi\n|-damage|p2a: Cloyster|5\/100\n|-damage|p2b: BIG boi|21\/100\n|-enditem|p2a: Cloyster|Figy Berry|[eat]\n|-heal|p2a: Cloyster|38\/100|[from] item: Figy Berry\n|move|p2a: Cloyster|Snowscape|p2a: Cloyster\n|-weather|Snow\n|move|p2b: BIG boi|Earthquake|p1b: Hawlucha|[spread] p2a,p1a\n|-immune|p1b: Hawlucha\n|-crit|p2a: Cloyster\n|-crit|p1a: Regigigas\n|-damage|p2a: Cloyster|25\/100\n|-damage|p1a: Regigigas|71\/100\n|-enditem|p1a: Regigigas|Red Card|[of] p2b: BIG boi\n|drag|p2b: Manectric|Manectric, M|100\/100\n|\n|-weather|Snow|[upkeep]\n|upkeep\n|turn|3\n|inactive|sinuet has 120 seconds left.\n|\n|t:|1698265745\n|detailschange|p2b: Manectric|Manectric-Mega, M\n|-mega|p2b: Manectric|Manectric|Manectite\n|-ability|p2b: Manectric|Intimidate|boost\n|-unboost|p1a: Regigigas|atk|1\n|-unboost|p1b: Hawlucha|atk|1\n|move|p2b: Manectric|Protect|p2b: Manectric\n|-singleturn|p2b: Manectric|Protect\n|move|p1b: Hawlucha|Flying Press|p2a: Cloyster\n|-supereffective|p2a: Cloyster\n|-damage|p2a: Cloyster|4\/100\n|move|p1a: Regigigas|Earthquake|p2b: Manectric|[spread] p2a\n|-activate|p2b: Manectric|move: Protect\n|-immune|p1b: Hawlucha\n|-damage|p2a: Cloyster|0 fnt\n|faint|p2a: Cloyster\n|\n|-weather|Snow|[upkeep]\n|upkeep\n|\n|t:|1698265761\n|switch|p2a: Pelipper|Pelipper, F|100\/100\n|-weather|RainDance|[from] ability: Drizzle|[of] p2a: Pelipper\n|turn|4\n|inactive|sinuet has 120 seconds left.\n|\n|t:|1698265771\n|move|p1b: Hawlucha|Flying Press|p2b: Manectric\n|-resisted|p2b: Manectric\n|-damage|p2b: Manectric|81\/100\n|move|p1a: Regigigas|Earthquake|p2b: Manectric|[spread] p2b\n|-immune|p1b: Hawlucha\n|-immune|p2a: Pelipper\n|-supereffective|p2b: Manectric\n|-damage|p2b: Manectric|16\/100\n|move|p2b: Manectric|Thunder|p1a: Regigigas\n|-damage|p1a: Regigigas|25\/100\n|move|p2a: Pelipper|Hurricane|p1b: Hawlucha\n|-supereffective|p1b: Hawlucha\n|-damage|p1b: Hawlucha|0 fnt\n|faint|p1b: Hawlucha\n|\n|-weather|RainDance|[upkeep]\n|upkeep\n|\n|t:|1698265783\n|switch|p1b: Falinks|Falinks|100\/100\n|-status|p1b: Falinks|psn\n|turn|5\n|\n|t:|1698265795\n|move|p2b: Manectric|Protect|p2b: Manectric\n|-singleturn|p2b: Manectric|Protect\n|move|p1a: Regigigas|Drain Punch|p2b: Manectric\n|-activate|p2b: Manectric|move: Protect\n|move|p1b: Falinks|No Retreat|p1b: Falinks\n|-boost|p1b: Falinks|atk|1\n|-boost|p1b: Falinks|def|1\n|-boost|p1b: Falinks|spa|1\n|-boost|p1b: Falinks|spd|1\n|-boost|p1b: Falinks|spe|1\n|-start|p1b: Falinks|move: No Retreat\n|move|p2a: Pelipper|Hurricane|p1b: Falinks\n|-supereffective|p1b: Falinks\n|-damage|p1b: Falinks|12\/100 psn\n|-start|p1b: Falinks|confusion\n|\n|-weather|RainDance|[upkeep]\n|-damage|p1b: Falinks|0 fnt|[from] psn\n|faint|p1b: Falinks\n|upkeep\n|\n|t:|1698265805\n|switch|p1b: Banette|Banette, M|100\/100\n|-status|p1b: Banette|psn\n|-item|p2a: Pelipper|Waterium Z|[from] ability: Frisk|[of] p1b: Banette|[identify]\n|-item|p2b: Manectric|Manectite|[from] ability: Frisk|[of] p1b: Banette|[identify]\n|turn|6\n|\n|t:|1698265827\n|detailschange|p1b: Banette|Banette-Mega, M\n|-mega|p1b: Banette|Banette|Banettite\n|move|p1b: Banette|Pain Split|p1a: Regigigas\n|-sethp|p1a: Regigigas|45\/100|[from] move: Pain Split|[silent]\n|-sethp|p1b: Banette|70\/100 psn|[from] move: Pain Split\n|move|p1a: Regigigas|Drain Punch|p2b: Manectric\n|-damage|p2b: Manectric|0 fnt\n|-heal|p1a: Regigigas|50\/100|[from] drain|[of] p2b: Manectric\n|faint|p2b: Manectric\n|-zpower|p2a: Pelipper\n|move|p2a: Pelipper|Hydro Vortex|p1b: Banette|[zeffect]\n|-damage|p1b: Banette|0 fnt\n|faint|p1b: Banette\n|\n|-weather|RainDance|[upkeep]\n|upkeep\n|\n|t:|1698265843\n|switch|p2b: Nidoking|Nidoking, M|100\/100\n|switch|p1b: Iron Valiant|Iron Valiant|100\/100\n|-status|p1b: Iron Valiant|psn\n|turn|7\n|inactive|sinuet has 120 seconds left.\n|\n|t:|1698265879\n|move|p1a: Regigigas|Earthquake|p2b: Nidoking|[spread] p1b,p2b\n|-immune|p2a: Pelipper\n|-supereffective|p2b: Nidoking\n|-damage|p1b: Iron Valiant|74\/100 psn\n|-damage|p2b: Nidoking|47\/100\n|-zpower|p1b: Iron Valiant\n|move|p1b: Iron Valiant|Twinkle Tackle|p2a: Pelipper|[zeffect]\n|-damage|p2a: Pelipper|46\/100\n|move|p2b: Nidoking|Sludge Wave|p1b: Iron Valiant|[spread] p2a,p1a,p1b\n|-supereffective|p1b: Iron Valiant\n|-damage|p2a: Pelipper|0 fnt\n|-damage|p1a: Regigigas|16\/100\n|-damage|p1b: Iron Valiant|0 fnt\n|faint|p2a: Pelipper\n|faint|p1b: Iron Valiant\n|-end|p1b: Iron Valiant|Quark Drive|[silent]\n|\n|-weather|RainDance|[upkeep]\n|upkeep\n|\n|t:|1698265896\n|switch|p1b: Pincurchin|Pincurchin, F|100\/100\n|switch|p2a: BIG boi|Cetitan, M|21\/100\n|-fieldstart|move: Electric Terrain|[from] ability: Electric Surge|[of] p1b: Pincurchin\n|-item|p1b: Pincurchin|Air Balloon\n|turn|8\n|\n|t:|1698265913\n|-terastallize|p2b: Nidoking|Poison\n|move|p1a: Regigigas|Earthquake|p2b: Nidoking|[spread] p2a,p2b\n|-immune|p1b: Pincurchin\n|-supereffective|p2b: Nidoking\n|-damage|p2a: BIG boi|3\/100\n|-damage|p2b: Nidoking|1\/100\n|move|p2b: Nidoking|Sludge Wave|p1a: Regigigas|[spread] p2a,p1a,p1b\n|-damage|p2a: BIG boi|0 fnt\n|-damage|p1a: Regigigas|0 fnt\n|-damage|p1b: Pincurchin|19\/100\n|-enditem|p1b: Pincurchin|Air Balloon\n|faint|p2a: BIG boi\n|faint|p1a: Regigigas\n|move|p1b: Pincurchin|Toxic Spikes|p2b: Nidoking\n|-sidestart|p2: sinuet|move: Toxic Spikes\n|\n|-weather|none\n|upkeep\n|\n|t:|1698265926\n|switch|p2a: Clefable|Clefable, F|100\/100\n|-status|p2a: Clefable|psn\n|turn|9\n|\n|t:|1698265939\n|-terastallize|p1b: Pincurchin|Electric\n|move|p2a: Clefable|Follow Me|p2a: Clefable\n|-singleturn|p2a: Clefable|move: Follow Me\n|move|p2b: Nidoking|Earth Power|p1b: Pincurchin\n|-supereffective|p1b: Pincurchin\n|-damage|p1b: Pincurchin|0 fnt\n|faint|p1b: Pincurchin\n|\n|win|sinuet\n|raw|Voltaris33's rating: 1089 &rarr; <strong>1061<\/strong><br \/>(-28 for losing)\n|raw|sinuet's rating: 1014 &rarr; <strong>1060<\/strong><br \/>(+46 for winning)\n|l|\u2606Voltaris33\n|c|\u2606sinuet|GG\n","uploadtime":1698265947,"views":10,"p1id":"voltaris33","p2id":"sinuet","formatid":"gen9nationaldexdoubles","rating":1060,"private":0,"password":""}