{"id":"gen9nationaldexdoubles-1994454356","p1":"NoVainilla","p2":"MAF1001","format":"[Gen 9] National Dex Doubles","log":"|j|\u2606NoVainilla\n|j|\u2606MAF1001\n|t:|1700445765\n|gametype|doubles\n|player|p1|NoVainilla|cynthia|\n|player|p2|MAF1001|unknown|\n|teamsize|p1|6\n|teamsize|p2|6\n|gen|9\n|tier|[Gen 9] National Dex Doubles\n|rule|HP Percentage Mod: HP is shown in percentages\n|rule|Endless Battle Clause: Forcing endless battles is banned\n|rule|OHKO Clause: OHKO moves are banned\n|rule|Evasion Moves Clause: Evasion moves are banned\n|rule|Evasion Abilities Clause: Evasion abilities are banned\n|rule|Species Clause: Limit one of each Pok\u00e9mon\n|rule|Gravity Sleep Clause: The combination of sleep-inducing moves with imperfect accuracy and Gravity or Gigantamax Orbeetle are banned\n|clearpoke\n|poke|p1|Squirtle, M|\n|poke|p1|Chikorita, M|\n|poke|p1|Litten, F|\n|poke|p1|Scorbunny, F|\n|poke|p1|Larvitar, F|\n|poke|p1|Pichu, M|\n|poke|p2|Grookey, M|\n|poke|p2|Froakie, F|\n|poke|p2|Rowlet, M|\n|poke|p2|Riolu, M|\n|poke|p2|Pichu, F|\n|poke|p2|Litten, M|\n|teampreview\n|\n|t:|1700445799\n|start\n|switch|p1a: Pichu|Pichu, M|100\/100\n|switch|p1b: Litten|Litten, F|100\/100\n|switch|p2a: Grookey|Grookey, M|100\/100\n|switch|p2b: Froakie|Froakie, F|100\/100\n|-ability|p1b: Litten|Intimidate|boost\n|-unboost|p2a: Grookey|atk|1\n|-unboost|p2b: Froakie|atk|1\n|-fieldstart|move: Grassy Terrain|[from] ability: Grassy Surge|[of] p2a: Grookey\n|turn|1\n|\n|t:|1700445844\n|move|p2a: Grookey|Fake Out|p1b: Litten\n|-damage|p1b: Litten|73\/100\n|-damage|p2a: Grookey|91\/100|[from] item: Life Orb\n|cant|p1b: Litten|flinch\n|move|p2b: Froakie|Grass Knot|p1a: Pichu\n|-start|p2b: Froakie|typechange|Grass|[from] ability: Protean\n|-damage|p1a: Pichu|59\/100\n|move|p1a: Pichu|Wild Charge|p2b: Froakie\n|-resisted|p2b: Froakie\n|-damage|p2b: Froakie|73\/100\n|-damage|p1a: Pichu|50\/100|[from] Recoil\n|\n|-heal|p1b: Litten|79\/100|[from] Grassy Terrain\n|-heal|p2b: Froakie|79\/100|[from] Grassy Terrain\n|-heal|p1a: Pichu|56\/100|[from] Grassy Terrain\n|-heal|p2a: Grookey|97\/100|[from] Grassy Terrain\n|upkeep\n|turn|2\n|\n|t:|1700445894\n|switch|p2b: Pichu|Pichu, F|100\/100\n|switch|p2a: Litten|Litten, M|100\/100\n|-ability|p2a: Litten|Intimidate|boost\n|-unboost|p1a: Pichu|atk|1\n|-unboost|p1b: Litten|atk|1\n|-item|p2a: Litten|Air Balloon\n|move|p1b: Litten|Flare Blitz|p2b: Pichu\n|-damage|p2b: Pichu|0 fnt\n|faint|p2b: Pichu\n|-damage|p1b: Litten|53\/100|[from] Recoil\n|-damage|p1b: Litten|43\/100|[from] item: Life Orb\n|move|p1a: Pichu|Nuzzle|p2a: Litten\n|-damage|p2a: Litten|89\/100\n|-status|p2a: Litten|par\n|-enditem|p2a: Litten|Air Balloon\n|\n|-heal|p1b: Litten|49\/100|[from] Grassy Terrain\n|-heal|p1a: Pichu|62\/100|[from] Grassy Terrain\n|-heal|p2a: Litten|95\/100 par|[from] Grassy Terrain\n|upkeep\n|\n|t:|1700445923\n|switch|p2b: Riolu|Riolu, M|100\/100\n|turn|3\n|\n|t:|1700446017\n|move|p2b: Riolu|Bullet Punch|p1a: Pichu\n|-resisted|p1a: Pichu\n|-damage|p1a: Pichu|30\/100\n|move|p1b: Litten|U-turn|p2a: Litten\n|-resisted|p2a: Litten\n|-damage|p2a: Litten|75\/100 par\n|-damage|p1b: Litten|39\/100|[from] item: Life Orb\n|\n|t:|1700446026\n|switch|p1b: Chikorita|Chikorita, M|100\/100|[from] U-turn\n|move|p1a: Pichu|Wild Charge|p2a: Litten\n|-damage|p2a: Litten|22\/100 par\n|-damage|p1a: Pichu|13\/100|[from] Recoil\n|move|p2a: Litten|Flamethrower|p1a: Pichu\n|-damage|p1a: Pichu|0 fnt\n|faint|p1a: Pichu\n|\n|-heal|p2a: Litten|29\/100 par|[from] Grassy Terrain\n|upkeep\n|\n|t:|1700446045\n|switch|p1a: Squirtle|Squirtle, M|100\/100\n|turn|4\n|\n|t:|1700446075\n|switch|p2a: Froakie|Froakie, F|79\/100\n|move|p2b: Riolu|Drain Punch|p1a: Squirtle\n|-damage|p1a: Squirtle|65\/100\n|move|p1a: Squirtle|Scald|p2a: Froakie\n|-resisted|p2a: Froakie\n|-damage|p2a: Froakie|55\/100\n|-status|p2a: Froakie|brn\n|move|p1b: Chikorita|Seed Bomb|p2b: Riolu\n|-damage|p2b: Riolu|48\/100\n|\n|-heal|p2a: Froakie|62\/100 brn|[from] Grassy Terrain\n|-heal|p2b: Riolu|54\/100|[from] Grassy Terrain\n|-heal|p1a: Squirtle|71\/100|[from] Grassy Terrain\n|-damage|p2a: Froakie|55\/100 brn|[from] brn\n|upkeep\n|turn|5\n|\n|t:|1700446142\n|move|p2a: Froakie|Ice Beam|p1b: Chikorita\n|-start|p2a: Froakie|typechange|Ice|[from] ability: Protean\n|-supereffective|p1b: Chikorita\n|-damage|p1b: Chikorita|45\/100\n|move|p2b: Riolu|Drain Punch|p1a: Squirtle\n|-damage|p1a: Squirtle|36\/100\n|-heal|p2b: Riolu|74\/100|[from] drain|[of] p1a: Squirtle\n|move|p1a: Squirtle|Ice Beam|p2b: Riolu\n|-damage|p2b: Riolu|33\/100\n|move|p1b: Chikorita|Seed Bomb|p2b: Riolu\n|-damage|p2b: Riolu|0 fnt\n|faint|p2b: Riolu\n|\n|-heal|p2a: Froakie|62\/100 brn|[from] Grassy Terrain\n|-heal|p1a: Squirtle|42\/100|[from] Grassy Terrain\n|-heal|p1b: Chikorita|51\/100|[from] Grassy Terrain\n|-damage|p2a: Froakie|55\/100 brn|[from] brn\n|-fieldend|move: Grassy Terrain\n|upkeep\n|\n|t:|1700446183\n|switch|p2b: Rowlet|Rowlet, M|100\/100\n|turn|6\n|\n|t:|1700446297\n|-terastallize|p2b: Rowlet|Electric\n|move|p2a: Froakie|Grass Knot|p1a: Squirtle\n|-supereffective|p1a: Squirtle\n|-damage|p1a: Squirtle|32\/100\n|move|p1a: Squirtle|Scald|p2a: Froakie\n|-damage|p2a: Froakie|0 fnt\n|faint|p2a: Froakie\n|move|p1b: Chikorita|Body Slam|p2b: Rowlet\n|-damage|p2b: Rowlet|79\/100\n|move|p2b: Rowlet|Brave Bird|p1b: Chikorita\n|-supereffective|p1b: Chikorita\n|-damage|p1b: Chikorita|0 fnt\n|faint|p1b: Chikorita\n|-damage|p2b: Rowlet|61\/100|[from] Recoil\n|\n|upkeep\n|\n|t:|1700446325\n|switch|p2a: Grookey|Grookey, M|97\/100\n|switch|p1b: Larvitar|Larvitar, F|100\/100\n|-fieldstart|move: Grassy Terrain|[from] ability: Grassy Surge|[of] p2a: Grookey\n|turn|7\n|\n|t:|1700446357\n|move|p1a: Squirtle|Protect|p1a: Squirtle\n|-singleturn|p1a: Squirtle|Protect\n|move|p2a: Grookey|Fake Out|p1b: Larvitar\n|-resisted|p1b: Larvitar\n|-damage|p1b: Larvitar|90\/100\n|-damage|p2a: Grookey|87\/100|[from] item: Life Orb\n|move|p2b: Rowlet|Grassy Glide|p1a: Squirtle\n|-activate|p1a: Squirtle|move: Protect\n|cant|p1b: Larvitar|flinch\n|\n|-heal|p2a: Grookey|93\/100|[from] Grassy Terrain\n|-heal|p1a: Squirtle|38\/100|[from] Grassy Terrain\n|-heal|p1b: Larvitar|96\/100|[from] Grassy Terrain\n|-heal|p2b: Rowlet|67\/100|[from] Grassy Terrain\n|-status|p1b: Larvitar|brn|[from] item: Flame Orb\n|upkeep\n|turn|8\n|\n|t:|1700446404\n|move|p2a: Grookey|Grassy Glide|p1b: Larvitar\n|-supereffective|p1b: Larvitar\n|-damage|p1b: Larvitar|0 fnt\n|faint|p1b: Larvitar\n|-damage|p2a: Grookey|83\/100|[from] item: Life Orb\n|move|p2b: Rowlet|Grassy Glide|p1a: Squirtle\n|-supereffective|p1a: Squirtle\n|-damage|p1a: Squirtle|0 fnt\n|faint|p1a: Squirtle\n|\n|-heal|p2a: Grookey|89\/100|[from] Grassy Terrain\n|-heal|p2b: Rowlet|73\/100|[from] Grassy Terrain\n|upkeep\n|\n|t:|1700446423\n|switch|p1a: Litten|Litten, F|39\/100\n|switch|p1b: Scorbunny|Scorbunny, F|100\/100\n|-ability|p1a: Litten|Intimidate|boost\n|-unboost|p2a: Grookey|atk|1\n|-unboost|p2b: Rowlet|atk|1\n|turn|9\n|\n|t:|1700446473\n|switch|p2a: Litten|Litten, M|29\/100 par\n|-ability|p2a: Litten|Intimidate|boost\n|-unboost|p1a: Litten|atk|1\n|-unboost|p1b: Scorbunny|atk|1\n|move|p2b: Rowlet|Shadow Sneak|p1a: Litten\n|-damage|p1a: Litten|22\/100\n|move|p1a: Litten|Double Kick|p2b: Rowlet\n|-damage|p2b: Rowlet|63\/100\n|-damage|p2b: Rowlet|51\/100\n|-hitcount|p2b: Rowlet|2\n|-damage|p1a: Litten|12\/100|[from] item: Life Orb\n|move|p1b: Scorbunny|Gunk Shot|p2a: Litten\n|-start|p1b: Scorbunny|typechange|Poison|[from] ability: Libero\n|-damage|p2a: Litten|0 fnt\n|faint|p2a: Litten\n|\n|-heal|p1a: Litten|18\/100|[from] Grassy Terrain\n|-heal|p2b: Rowlet|58\/100|[from] Grassy Terrain\n|upkeep\n|\n|t:|1700446493\n|switch|p2a: Grookey|Grookey, M|89\/100\n|turn|10\n|\n|t:|1700446515\n|move|p2a: Grookey|Fake Out|p1a: Litten\n|-damage|p1a: Litten|0 fnt\n|faint|p1a: Litten\n|-damage|p2a: Grookey|79\/100|[from] item: Life Orb\n|move|p1b: Scorbunny|Gunk Shot|p2a: Grookey\n|-supereffective|p2a: Grookey\n|-damage|p2a: Grookey|0 fnt\n|faint|p2a: Grookey\n|move|p2b: Rowlet|Brave Bird|p1b: Scorbunny\n|-damage|p1b: Scorbunny|20\/100\n|-damage|p2b: Rowlet|34\/100|[from] Recoil\n|\n|-heal|p1b: Scorbunny|26\/100|[from] Grassy Terrain\n|-heal|p2b: Rowlet|40\/100|[from] Grassy Terrain\n|upkeep\n|turn|11\n|c|\u2606MAF1001|gg\n|\n|t:|1700446543\n|-terastallize|p1b: Scorbunny|Dark\n|move|p2b: Rowlet|Shadow Sneak|p1b: Scorbunny\n|-resisted|p1b: Scorbunny\n|-damage|p1b: Scorbunny|17\/100\n|move|p1b: Scorbunny|Gunk Shot|p2b: Rowlet|[miss]\n|-miss|p1b: Scorbunny|p2b: Rowlet\n|\n|-heal|p1b: Scorbunny|24\/100|[from] Grassy Terrain\n|-heal|p2b: Rowlet|46\/100|[from] Grassy Terrain\n|-fieldend|move: Grassy Terrain\n|upkeep\n|turn|12\n|c|\u2606NoVainilla|jejej e\n|\n|t:|1700446565\n|move|p2b: Rowlet|Shadow Sneak|p1b: Scorbunny\n|-resisted|p1b: Scorbunny\n|-damage|p1b: Scorbunny|15\/100\n|move|p1b: Scorbunny|Gunk Shot|p2b: Rowlet\n|-damage|p2b: Rowlet|0 fnt\n|faint|p2b: Rowlet\n|\n|win|NoVainilla\n|c|\u2606NoVainilla|plop\n|c|\u2606NoVainilla|si vivi\n|c|\u2606NoVainilla|XD\n|c|\u2606MAF1001|bien jugadoo\n","uploadtime":1700446579,"views":4,"p1id":"novainilla","p2id":"maf1001","formatid":"gen9nationaldexdoubles","rating":0,"private":0,"password":""}