{"id":"gen9nationaldexdoubles-1999329491","p1":"glimmeraqua","p2":"Smudge","format":"[Gen 9] National Dex Doubles","log":"|j|\u2606glimmeraqua\n|j|\u2606Smudge\n|t:|1701061260\n|gametype|doubles\n|player|p1|glimmeraqua|elesa-masters|\n|player|p2|Smudge|#dwcopiii|\n|teamsize|p1|6\n|teamsize|p2|6\n|gen|9\n|tier|[Gen 9] National Dex Doubles\n|rule|HP Percentage Mod: HP is shown in percentages\n|rule|Endless Battle Clause: Forcing endless battles is banned\n|rule|OHKO Clause: OHKO moves are banned\n|rule|Evasion Moves Clause: Evasion moves are banned\n|rule|Evasion Abilities Clause: Evasion abilities are banned\n|rule|Species Clause: Limit one of each Pok\u00e9mon\n|rule|Gravity Sleep Clause: The combination of sleep-inducing moves with imperfect accuracy and Gravity or Gigantamax Orbeetle are banned\n|clearpoke\n|poke|p1|Jirachi|\n|poke|p1|Zygarde|\n|poke|p1|Rillaboom, M|\n|poke|p1|Urshifu-*, M|\n|poke|p1|Kingambit, M|\n|poke|p1|Salamence, M|\n|poke|p2|Ursaluna-Bloodmoon, M|\n|poke|p2|Jirachi|\n|poke|p2|Iron Hands|\n|poke|p2|Kangaskhan, F|\n|poke|p2|Flutter Mane|\n|poke|p2|Tapu Fini|\n|teampreview\n|inactive|Battle timer is ON: inactive players will automatically lose when time's up. (requested by Smudge)\n|inactive|glimmeraqua also wants the timer to be on.\n|j| seta0052\n|inactive|Smudge has 270 seconds left.\n|\n|t:|1701061295\n|start\n|switch|p1a: Kingambit|Kingambit, M|100\/100\n|switch|p1b: Zygarde|Zygarde|100\/100\n|switch|p2a: Jirachi|Jirachi|100\/100\n|switch|p2b: Kangaskhan|Kangaskhan, F|100\/100\n|-ability|p1b: Zygarde|Aura Break\n|turn|1\n|\n|t:|1701061310\n|detailschange|p2b: Kangaskhan|Kangaskhan-Mega, F\n|-mega|p2b: Kangaskhan|Kangaskhan|Kangaskhanite\n|move|p2b: Kangaskhan|Fake Out|p1a: Kingambit\n|-resisted|p1a: Kingambit\n|-damage|p1a: Kingambit|95\/100\n|-resisted|p1a: Kingambit\n|-damage|p1a: Kingambit|93\/100\n|-hitcount|p1a: Kingambit|2\n|move|p1b: Zygarde|Substitute|p1b: Zygarde\n|-start|p1b: Zygarde|Substitute\n|-damage|p1b: Zygarde|75\/100\n|cant|p1a: Kingambit|flinch\n|move|p2a: Jirachi|Trick Room|p2a: Jirachi\n|-fieldstart|move: Trick Room|[of] p2a: Jirachi\n|\n|-heal|p1b: Zygarde|82\/100|[from] item: Leftovers\n|upkeep\n|turn|2\n|inactive|Smudge has 270 seconds left.\n|\n|t:|1701061342\n|switch|p2a: Tapu Fini|Tapu Fini|100\/100\n|-fieldstart|move: Misty Terrain|[from] ability: Misty Surge|[of] p2a: Tapu Fini\n|move|p1a: Kingambit|Knock Off|p2a: Tapu Fini\n|-resisted|p2a: Tapu Fini\n|-damage|p2a: Tapu Fini|79\/100\n|-enditem|p2a: Tapu Fini|Sitrus Berry|[from] move: Knock Off|[of] p1a: Kingambit\n|move|p1b: Zygarde|Dragon Dance|p1b: Zygarde\n|-boost|p1b: Zygarde|atk|1\n|-boost|p1b: Zygarde|spe|1\n|move|p2b: Kangaskhan|Seismic Toss|p1b: Zygarde\n|-activate|p1b: Zygarde|move: Substitute|[damage]\n|-end|p1b: Zygarde|Substitute\n|-hitcount|p1b: Zygarde|2\n|\n|-heal|p1b: Zygarde|88\/100|[from] item: Leftovers\n|upkeep\n|turn|3\n|inactive|Smudge has 270 seconds left.\n|\n|t:|1701061386\n|switch|p1a: Rillaboom|Rillaboom, M|100\/100\n|-fieldstart|move: Grassy Terrain|[from] ability: Grassy Surge|[of] p1a: Rillaboom\n|move|p1b: Zygarde|Protect|p1b: Zygarde\n|-singleturn|p1b: Zygarde|Protect\n|move|p2a: Tapu Fini|Moonblast|p1a: Rillaboom\n|-damage|p1a: Rillaboom|76\/100\n|move|p2b: Kangaskhan|Seismic Toss|p1a: Rillaboom\n|-damage|p1a: Rillaboom|51\/100\n|-damage|p1a: Rillaboom|26\/100\n|-hitcount|p1a: Rillaboom|2\n|\n|-heal|p1a: Rillaboom|32\/100|[from] Grassy Terrain\n|-heal|p2a: Tapu Fini|85\/100|[from] Grassy Terrain\n|-heal|p1b: Zygarde|94\/100|[from] Grassy Terrain\n|-heal|p1b: Zygarde|99\/100|[from] item: Leftovers\n|upkeep\n|turn|4\n|inactive|Smudge has 270 seconds left.\n|\n|t:|1701061420\n|move|p1a: Rillaboom|Grassy Glide|p2a: Tapu Fini\n|-supereffective|p2a: Tapu Fini\n|-damage|p2a: Tapu Fini|27\/100\n|move|p2a: Tapu Fini|Moonblast|p1b: Zygarde\n|-supereffective|p1b: Zygarde\n|-damage|p1b: Zygarde|50\/100\n|move|p2b: Kangaskhan|Seismic Toss|p1b: Zygarde\n|-damage|p1b: Zygarde|26\/100\n|-damage|p1b: Zygarde|3\/100\n|-hitcount|p1b: Zygarde|2\n|move|p1b: Zygarde|Dragon Dance|p1b: Zygarde\n|-boost|p1b: Zygarde|atk|1\n|-boost|p1b: Zygarde|spe|1\n|\n|-heal|p1a: Rillaboom|39\/100|[from] Grassy Terrain\n|-heal|p2a: Tapu Fini|33\/100|[from] Grassy Terrain\n|-heal|p1b: Zygarde|9\/100|[from] Grassy Terrain\n|-heal|p1b: Zygarde|15\/100|[from] item: Leftovers\n|upkeep\n|turn|5\n|inactive|Smudge has 270 seconds left.\n|inactive|glimmeraqua has 270 seconds left.\n|\n|t:|1701061465\n|switch|p2a: Jirachi|Jirachi|100\/100\n|move|p1a: Rillaboom|Grassy Glide|p2a: Jirachi\n|-resisted|p2a: Jirachi\n|-damage|p2a: Jirachi|88\/100\n|move|p2b: Kangaskhan|Seismic Toss|p1a: Rillaboom\n|-damage|p1a: Rillaboom|14\/100\n|-damage|p1a: Rillaboom|0 fnt\n|faint|p1a: Rillaboom\n|-hitcount|p1: Rillaboom|2\n|move|p1b: Zygarde|Thousand Arrows|p2b: Kangaskhan|[spread] p2a,p2b\n|-supereffective|p2a: Jirachi\n|-damage|p2a: Jirachi|25\/100\n|-damage|p2b: Kangaskhan|58\/100\n|-enditem|p2a: Jirachi|Sitrus Berry|[eat]\n|-heal|p2a: Jirachi|50\/100|[from] item: Sitrus Berry\n|\n|-heal|p2a: Jirachi|56\/100|[from] Grassy Terrain\n|-heal|p2b: Kangaskhan|64\/100|[from] Grassy Terrain\n|-heal|p1b: Zygarde|21\/100|[from] Grassy Terrain\n|-heal|p1b: Zygarde|27\/100|[from] item: Leftovers\n|-fieldend|move: Trick Room\n|upkeep\n|\n|t:|1701061470\n|switch|p1a: Urshifu|Urshifu-Rapid-Strike, M|100\/100\n|turn|6\n|inactive|Smudge has 270 seconds left.\n|inactive|glimmeraqua has 270 seconds left.\n|\n|t:|1701061497\n|-terastallize|p2a: Jirachi|Water\n|move|p1b: Zygarde|Thousand Arrows|p2a: Jirachi|[spread] p2a,p2b\n|-damage|p2a: Jirachi|25\/100\n|-damage|p2b: Kangaskhan|16\/100\n|move|p1a: Urshifu|Close Combat|p2b: Kangaskhan\n|-supereffective|p2b: Kangaskhan\n|-damage|p2b: Kangaskhan|0 fnt\n|-unboost|p1a: Urshifu|def|1\n|-unboost|p1a: Urshifu|spd|1\n|faint|p2b: Kangaskhan\n|move|p2a: Jirachi|Trick Room|p2a: Jirachi\n|-fieldstart|move: Trick Room|[of] p2a: Jirachi\n|\n|-heal|p2a: Jirachi|31\/100|[from] Grassy Terrain\n|-heal|p1b: Zygarde|34\/100|[from] Grassy Terrain\n|-heal|p1b: Zygarde|40\/100|[from] item: Leftovers\n|upkeep\n|\n|t:|1701061513\n|switch|p2b: Tapu Fini|Tapu Fini|33\/100\n|-fieldstart|move: Misty Terrain|[from] ability: Misty Surge|[of] p2b: Tapu Fini\n|turn|7\n|\n|t:|1701061540\n|switch|p1a: Jirachi|Jirachi|100\/100\n|move|p2a: Jirachi|Helping Hand|p2b: Tapu Fini\n|-singleturn|p2b: Tapu Fini|Helping Hand|[of] p2a: Jirachi\n|move|p1b: Zygarde|Protect|p1b: Zygarde\n|-singleturn|p1b: Zygarde|Protect\n|move|p2b: Tapu Fini|Moonblast|p1a: Jirachi\n|-resisted|p1a: Jirachi\n|-damage|p1a: Jirachi|87\/100\n|\n|-heal|p1b: Zygarde|46\/100|[from] item: Leftovers\n|upkeep\n|turn|8\n|inactive|Smudge has 240 seconds left.\n|inactive|Smudge has 210 seconds left.\n|inactive|glimmeraqua has 270 seconds left.\n|\n|t:|1701061625\n|move|p1a: Jirachi|Follow Me|p1a: Jirachi\n|-singleturn|p1a: Jirachi|move: Follow Me\n|move|p2a: Jirachi|Iron Head|p1a: Jirachi\n|-resisted|p1a: Jirachi\n|-damage|p1a: Jirachi|76\/100\n|move|p2b: Tapu Fini|Taunt|p1a: Jirachi\n|-start|p1a: Jirachi|move: Taunt\n|move|p1b: Zygarde|Thousand Arrows|p2a: Jirachi|[spread] p2a,p2b\n|-damage|p2a: Jirachi|0 fnt\n|-damage|p2b: Tapu Fini|0 fnt\n|faint|p2a: Jirachi\n|faint|p2b: Tapu Fini\n|\n|-heal|p1b: Zygarde|52\/100|[from] item: Leftovers\n|upkeep\n|\n|t:|1701061635\n|switch|p2a: Ursaluna|Ursaluna-Bloodmoon, M|100\/100\n|switch|p2b: Flutter Mane|Flutter Mane|100\/100\n|turn|9\n|\n|t:|1701061652\n|move|p2a: Ursaluna|Earth Power|p1a: Jirachi\n|-supereffective|p1a: Jirachi\n|-damage|p1a: Jirachi|12\/100\n|-enditem|p1a: Jirachi|Sitrus Berry|[eat]\n|-heal|p1a: Jirachi|37\/100|[from] item: Sitrus Berry\n|move|p1a: Jirachi|Iron Head|p2b: Flutter Mane\n|-supereffective|p2b: Flutter Mane\n|-damage|p2b: Flutter Mane|0 fnt\n|faint|p2b: Flutter Mane\n|-end|p2b: Flutter Mane|Protosynthesis|[silent]\n|move|p1b: Zygarde|Thousand Arrows|p2a: Ursaluna\n|-damage|p2a: Ursaluna|55\/100\n|\n|-heal|p2a: Ursaluna|61\/100|[from] item: Leftovers\n|-heal|p1b: Zygarde|58\/100|[from] item: Leftovers\n|upkeep\n|\n|t:|1701061665\n|switch|p2b: Iron Hands|Iron Hands|100\/100\n|-enditem|p2b: Iron Hands|Misty Seed\n|-boost|p2b: Iron Hands|spd|1|[from] item: Misty Seed\n|turn|10\n|inactive|Smudge has 210 seconds left.\n|\n|t:|1701061685\n|move|p1b: Zygarde|Protect|p1b: Zygarde\n|-singleturn|p1b: Zygarde|Protect\n|move|p2a: Ursaluna|Blood Moon|p1b: Zygarde\n|-activate|p1b: Zygarde|move: Protect\n|move|p2b: Iron Hands|Swords Dance|p2b: Iron Hands\n|-boost|p2b: Iron Hands|atk|2\n|move|p1a: Jirachi|Iron Head|p2a: Ursaluna\n|-damage|p2a: Ursaluna|42\/100\n|\n|-heal|p2a: Ursaluna|48\/100|[from] item: Leftovers\n|-heal|p1b: Zygarde|65\/100|[from] item: Leftovers\n|-fieldend|move: Trick Room\n|upkeep\n|turn|11\n|inactive|Smudge has 210 seconds left.\n|\n|t:|1701061705\n|move|p2a: Ursaluna|Protect|p2a: Ursaluna\n|-singleturn|p2a: Ursaluna|Protect\n|move|p1b: Zygarde|Thousand Arrows|p2b: Iron Hands|[spread] p2b\n|-activate|p2a: Ursaluna|move: Protect\n|-supereffective|p2b: Iron Hands\n|-damage|p2b: Iron Hands|33\/100\n|move|p1a: Jirachi|Iron Head|p2a: Ursaluna\n|-activate|p2a: Ursaluna|move: Protect\n|move|p2b: Iron Hands|Drain Punch|p1b: Zygarde\n|-damage|p1b: Zygarde|9\/100\n|-heal|p2b: Iron Hands|57\/100|[from] drain|[of] p1b: Zygarde\n|\n|-heal|p1b: Zygarde|15\/100|[from] item: Leftovers\n|-heal|p2a: Ursaluna|54\/100|[from] item: Leftovers\n|-end|p1a: Jirachi|move: Taunt\n|-fieldend|Misty Terrain\n|upkeep\n|turn|12\n|inactive|Smudge has 210 seconds left.\n|\n|t:|1701061731\n|move|p2b: Iron Hands|Protect|p2b: Iron Hands\n|-singleturn|p2b: Iron Hands|Protect\n|move|p1b: Zygarde|Thousand Arrows|p2a: Ursaluna|[spread] p2a\n|-activate|p2b: Iron Hands|move: Protect\n|-crit|p2a: Ursaluna\n|-damage|p2a: Ursaluna|0 fnt\n|faint|p2a: Ursaluna\n|move|p1a: Jirachi|Iron Head|p2b: Iron Hands\n|-activate|p2b: Iron Hands|move: Protect\n|\n|-heal|p1b: Zygarde|21\/100|[from] item: Leftovers\n|upkeep\n|turn|13\n|\n|t:|1701061747\n|move|p1b: Zygarde|Thousand Arrows|p2b: Iron Hands\n|-supereffective|p2b: Iron Hands\n|-damage|p2b: Iron Hands|0 fnt\n|faint|p2b: Iron Hands\n|-end|p2b: Iron Hands|Quark Drive|[silent]\n|\n|win|glimmeraqua\n|c|\u2606Smudge|gg\n|c|\u2606glimmeraqua|Ggs\n|l| seta0052\n|j| eragon11145\n|l| eragon11145\n|j| eragon11145\n","uploadtime":1701061763,"views":17,"p1id":"glimmeraqua","p2id":"smudge","formatid":"gen9nationaldexdoubles","rating":0,"private":0,"password":""}