{"id":"gen9nationaldexdoubles-1998991284","p1":"Psicodelicia96","p2":"mcjuanito","format":"[Gen 9] National Dex Doubles","log":"|j|\u2606Psicodelicia96\n|j|\u2606mcjuanito\n|t:|1701021499\n|gametype|doubles\n|player|p1|Psicodelicia96|burgh|\n|player|p2|mcjuanito|2|\n|teamsize|p1|6\n|teamsize|p2|6\n|gen|9\n|tier|[Gen 9] National Dex Doubles\n|rule|HP Percentage Mod: HP is shown in percentages\n|rule|Endless Battle Clause: Forcing endless battles is banned\n|rule|OHKO Clause: OHKO moves are banned\n|rule|Evasion Moves Clause: Evasion moves are banned\n|rule|Evasion Abilities Clause: Evasion abilities are banned\n|rule|Species Clause: Limit one of each Pok\u00e9mon\n|rule|Gravity Sleep Clause: The combination of sleep-inducing moves with imperfect accuracy and Gravity or Gigantamax Orbeetle are banned\n|clearpoke\n|poke|p1|Oricorio-Pom-Pom, F|\n|poke|p1|Volcarona, F|\n|poke|p1|Cresselia, F|\n|poke|p1|Chien-Pao|\n|poke|p1|Ogerpon-Wellspring, F|\n|poke|p1|Landorus-Therian, M|\n|poke|p2|Roaring Moon|\n|poke|p2|Oricorio-Sensu, F|\n|poke|p2|Ribombee, F|\n|poke|p2|Spinda, M|\n|poke|p2|Cresselia, F|\n|poke|p2|Scizor, M|\n|teampreview\n|\n|t:|1701021539\n|start\n|switch|p1a: Oricorio|Oricorio-Pom-Pom, F, shiny|100\/100\n|switch|p1b: Volcarona|Volcarona, F, shiny|100\/100\n|switch|p2a: Cresselia|Cresselia, F|100\/100\n|switch|p2b: Roaring Moon|Roaring Moon|100\/100\n|-enditem|p2b: Roaring Moon|Booster Energy\n|-activate|p2b: Roaring Moon|ability: Protosynthesis|[fromitem]\n|-start|p2b: Roaring Moon|protosynthesisatk\n|turn|1\n|\n|t:|1701021562\n|-terastallize|p2b: Roaring Moon|Flying\n|move|p2b: Roaring Moon|Acrobatics|p1a: Oricorio\n|-resisted|p1a: Oricorio\n|-damage|p1a: Oricorio|36\/100\n|move|p1b: Volcarona|Quiver Dance|p1b: Volcarona\n|-boost|p1b: Volcarona|spa|1\n|-boost|p1b: Volcarona|spd|1\n|-boost|p1b: Volcarona|spe|1\n|-activate|p1a: Oricorio|ability: Dancer\n|move|p1a: Oricorio|Quiver Dance|p1a: Oricorio|[from]ability: Dancer\n|-boost|p1a: Oricorio|spa|1\n|-boost|p1a: Oricorio|spd|1\n|-boost|p1a: Oricorio|spe|1\n|move|p1a: Oricorio|Tailwind|p1a: Oricorio\n|-sidestart|p1: Psicodelicia96|move: Tailwind\n|move|p2a: Cresselia|Ice Beam|p1a: Oricorio\n|-supereffective|p1a: Oricorio\n|-damage|p1a: Oricorio|0 fnt\n|faint|p1a: Oricorio\n|\n|upkeep\n|\n|t:|1701021601\n|switch|p1a: Chien-Pao|Chien-Pao|100\/100\n|-ability|p1a: Chien-Pao|Sword of Ruin\n|turn|2\n|\n|t:|1701021666\n|-end|p2b: Roaring Moon|Protosynthesis|[silent]\n|switch|p2b: Ribombee|Ribombee, F|100\/100\n|move|p1b: Volcarona|Rage Powder|p1b: Volcarona\n|-singleturn|p1b: Volcarona|move: Rage Powder\n|move|p1a: Chien-Pao|Swords Dance|p1a: Chien-Pao\n|-boost|p1a: Chien-Pao|atk|2\n|move|p2a: Cresselia|Toxic|p1b: Volcarona\n|-status|p1b: Volcarona|tox\n|\n|-damage|p1b: Volcarona|94\/100 tox|[from] psn\n|upkeep\n|turn|3\n|\n|t:|1701021686\n|move|p1b: Volcarona|Fiery Dance|p2a: Cresselia\n|-damage|p2a: Cresselia|64\/100\n|move|p1a: Chien-Pao|Ice Spinner|p2b: Ribombee\n|-damage|p2b: Ribombee|0 fnt\n|faint|p2b: Ribombee\n|move|p2a: Cresselia|Psychic|p1b: Volcarona\n|-damage|p1b: Volcarona|69\/100 tox\n|\n|-heal|p2a: Cresselia|70\/100|[from] item: Leftovers\n|-damage|p1b: Volcarona|56\/100 tox|[from] psn\n|upkeep\n|\n|t:|1701021715\n|switch|p2b: Spinda|Spinda, M|100\/100\n|turn|4\n|\n|t:|1701021725\n|move|p1b: Volcarona|Protect|p1b: Volcarona\n|-singleturn|p1b: Volcarona|Protect\n|move|p1a: Chien-Pao|Sucker Punch||[still]\n|-fail|p1a: Chien-Pao\n|move|p2b: Spinda|Teeter Dance|p1a: Chien-Pao|[spread] p2a,p1a\n|-activate|p1b: Volcarona|move: Protect\n|-start|p2a: Cresselia|confusion\n|-start|p1a: Chien-Pao|confusion\n|-activate|p2a: Cresselia|confusion\n|-damage|p2a: Cresselia|66\/100|[from] confusion\n|\n|-heal|p2a: Cresselia|72\/100|[from] item: Leftovers\n|-damage|p1b: Volcarona|38\/100 tox|[from] psn\n|-sideend|p1: Psicodelicia96|move: Tailwind\n|upkeep\n|turn|5\n|\n|t:|1701021761\n|move|p1b: Volcarona|Fiery Dance|p2a: Cresselia\n|-damage|p2a: Cresselia|36\/100\n|-boost|p1b: Volcarona|spa|1\n|-activate|p1a: Chien-Pao|confusion\n|move|p1a: Chien-Pao|Ice Spinner|p2b: Spinda\n|-damage|p2b: Spinda|0 fnt\n|faint|p2b: Spinda\n|-activate|p2a: Cresselia|confusion\n|move|p2a: Cresselia|Psychic|p1b: Volcarona\n|-damage|p1b: Volcarona|14\/100 tox\n|\n|-heal|p2a: Cresselia|42\/100|[from] item: Leftovers\n|-damage|p1b: Volcarona|0 fnt|[from] psn\n|faint|p1b: Volcarona\n|upkeep\n|\n|t:|1701021783\n|switch|p1b: Landorus|Landorus-Therian, M, shiny|100\/100\n|switch|p2b: Scizor|Scizor, M|100\/100\n|-ability|p1b: Landorus|Intimidate|boost\n|-unboost|p2a: Cresselia|atk|1\n|-unboost|p2b: Scizor|atk|1\n|turn|6\n|\n|t:|1701021802\n|detailschange|p2b: Scizor|Scizor-Mega, M\n|-mega|p2b: Scizor|Scizor|Scizorite\n|-activate|p1a: Chien-Pao|confusion\n|move|p1a: Chien-Pao|Sucker Punch|p2b: Scizor\n|-damage|p2b: Scizor|19\/100\n|move|p1b: Landorus|U-turn|p2a: Cresselia\n|-supereffective|p2a: Cresselia\n|-damage|p2a: Cresselia|0 fnt\n|faint|p2a: Cresselia\n|\n|t:|1701021817\n|switch|p1b: Cresselia|Cresselia, F, shiny|100\/100|[from] U-turn\n|move|p2b: Scizor|Bug Bite|p1a: Chien-Pao\n|-supereffective|p1a: Chien-Pao\n|-damage|p1a: Chien-Pao|2\/100\n|\n|upkeep\n|\n|t:|1701021826\n|switch|p2a: Oricorio|Oricorio-Sensu, F|100\/100\n|turn|7\n|\n|t:|1701021898\n|-end|p1a: Chien-Pao|confusion\n|move|p1a: Chien-Pao|Protect|p1a: Chien-Pao\n|-singleturn|p1a: Chien-Pao|Protect\n|move|p2b: Scizor|Bullet Punch|p1a: Chien-Pao\n|-activate|p1a: Chien-Pao|move: Protect\n|move|p2a: Oricorio|Tailwind|p2a: Oricorio\n|-sidestart|p2: mcjuanito|move: Tailwind\n|move|p1b: Cresselia|Lunar Blessing|p1b: Cresselia|[spread] p1a,p1b\n|-heal|p1a: Chien-Pao|27\/100\n|\n|upkeep\n|turn|8\n|\n|t:|1701021925\n|move|p2b: Scizor|Bullet Punch|p1a: Chien-Pao\n|-supereffective|p1a: Chien-Pao\n|-damage|p1a: Chien-Pao|0 fnt\n|faint|p1a: Chien-Pao\n|move|p2a: Oricorio|Revelation Dance|p1b: Cresselia\n|-supereffective|p1b: Cresselia\n|-crit|p1b: Cresselia\n|-damage|p1b: Cresselia|42\/100\n|move|p1b: Cresselia|Toxic|p2a: Oricorio\n|-status|p2a: Oricorio|tox\n|\n|-heal|p1b: Cresselia|48\/100|[from] item: Leftovers\n|-damage|p2a: Oricorio|94\/100 tox|[from] psn\n|upkeep\n|\n|t:|1701021938\n|switch|p1a: Landorus|Landorus-Therian, M, shiny|100\/100\n|-ability|p1a: Landorus|Intimidate|boost\n|-unboost|p2a: Oricorio|atk|1\n|-unboost|p2b: Scizor|atk|1\n|turn|9\n|\n|t:|1701021983\n|move|p2b: Scizor|Protect|p2b: Scizor\n|-singleturn|p2b: Scizor|Protect\n|move|p2a: Oricorio|Teeter Dance|p1a: Landorus|[spread] p1a,p1b\n|-activate|p2b: Scizor|move: Protect\n|-start|p1a: Landorus|confusion\n|-start|p1b: Cresselia|confusion\n|-activate|p1a: Landorus|confusion\n|move|p1a: Landorus|U-turn|p2a: Oricorio\n|-resisted|p2a: Oricorio\n|-damage|p2a: Oricorio|86\/100 tox\n|\n|t:|1701021993\n|switch|p1a: Ogerpon|Ogerpon-Wellspring, F|100\/100|[from] U-turn\n|-activate|p1b: Cresselia|confusion\n|-damage|p1b: Cresselia|45\/100|[from] confusion\n|\n|-heal|p1b: Cresselia|51\/100|[from] item: Leftovers\n|-damage|p2a: Oricorio|73\/100 tox|[from] psn\n|upkeep\n|turn|10\n|\n|t:|1701022021\n|move|p1a: Ogerpon|Spiky Shield|p1a: Ogerpon\n|-singleturn|p1a: Ogerpon|move: Protect\n|move|p2a: Oricorio|Revelation Dance|p1b: Cresselia\n|-supereffective|p1b: Cresselia\n|-damage|p1b: Cresselia|14\/100\n|move|p2b: Scizor|Bug Bite|p1a: Ogerpon\n|-activate|p1a: Ogerpon|move: Protect\n|-damage|p2b: Scizor|7\/100|[from] Spiky Shield|[of] p1a: Ogerpon\n|-end|p1b: Cresselia|confusion\n|move|p1b: Cresselia|Lunar Blessing|p1b: Cresselia|[spread] p1a,p1b\n|-heal|p1b: Cresselia|39\/100\n|\n|-heal|p1b: Cresselia|46\/100|[from] item: Leftovers\n|-damage|p2a: Oricorio|55\/100 tox|[from] psn\n|-sideend|p2: mcjuanito|move: Tailwind\n|upkeep\n|turn|11\n|\n|t:|1701022052\n|move|p2b: Scizor|Protect|p2b: Scizor\n|-singleturn|p2b: Scizor|Protect\n|move|p1a: Ogerpon|Ivy Cudgel|p2b: Scizor|[anim] Ivy Cudgel Water\n|-activate|p2b: Scizor|move: Protect\n|move|p2a: Oricorio|Teeter Dance|p1b: Cresselia|[spread] p1a,p1b\n|-activate|p2b: Scizor|move: Protect\n|-start|p1a: Ogerpon|confusion\n|-start|p1b: Cresselia|confusion\n|-activate|p1b: Cresselia|confusion\n|-damage|p1b: Cresselia|43\/100|[from] confusion\n|\n|-heal|p1b: Cresselia|49\/100|[from] item: Leftovers\n|-damage|p2a: Oricorio|30\/100 tox|[from] psn\n|upkeep\n|turn|12\n|\n|t:|1701022088\n|-activate|p1a: Ogerpon|confusion\n|move|p1a: Ogerpon|Spiky Shield|p1a: Ogerpon\n|-singleturn|p1a: Ogerpon|move: Protect\n|move|p2a: Oricorio|Revelation Dance|p1b: Cresselia\n|-supereffective|p1b: Cresselia\n|-damage|p1b: Cresselia|12\/100\n|move|p2b: Scizor|Bug Bite|p1a: Ogerpon\n|-activate|p1a: Ogerpon|move: Protect\n|-damage|p2b: Scizor|0 fnt|[from] Spiky Shield|[of] p1a: Ogerpon\n|faint|p2b: Scizor\n|-activate|p1b: Cresselia|confusion\n|-damage|p1b: Cresselia|9\/100|[from] confusion\n|\n|-heal|p1b: Cresselia|16\/100|[from] item: Leftovers\n|-damage|p2a: Oricorio|0 fnt|[from] psn\n|faint|p2a: Oricorio\n|upkeep\n|\n|t:|1701022108\n|switch|p2a: Roaring Moon|Roaring Moon, tera:Flying|100\/100\n|turn|13\n|\n|t:|1701022125\n|move|p2a: Roaring Moon|Acrobatics|p1a: Ogerpon\n|-supereffective|p1a: Ogerpon\n|-damage|p1a: Ogerpon|0 fnt\n|faint|p1a: Ogerpon\n|-activate|p1b: Cresselia|confusion\n|move|p1b: Cresselia|Toxic|p2a: Roaring Moon\n|-status|p2a: Roaring Moon|tox\n|\n|-heal|p1b: Cresselia|22\/100|[from] item: Leftovers\n|-damage|p2a: Roaring Moon|95\/100 tox|[from] psn\n|upkeep\n|\n|t:|1701022135\n|switch|p1a: Landorus|Landorus-Therian, M, shiny|100\/100\n|-ability|p1a: Landorus|Intimidate|boost\n|-unboost|p2a: Roaring Moon|atk|1\n|turn|14\n|\n|t:|1701022152\n|move|p1a: Landorus|Rock Slide|p2a: Roaring Moon\n|-supereffective|p2a: Roaring Moon\n|-damage|p2a: Roaring Moon|11\/100 tox\n|cant|p2a: Roaring Moon|flinch\n|-activate|p1b: Cresselia|confusion\n|move|p1b: Cresselia|Lunar Blessing|p1b: Cresselia|[spread] p1a,p1b\n|-heal|p1b: Cresselia|47\/100\n|\n|-heal|p1b: Cresselia|53\/100|[from] item: Leftovers\n|-damage|p2a: Roaring Moon|0 fnt|[from] psn\n|faint|p2a: Roaring Moon\n|-end|p2a: Roaring Moon|Protosynthesis|[silent]\n|\n|win|Psicodelicia96\n|upkeep\n|c|\u2606mcjuanito|gg\n","uploadtime":1701022175,"views":3,"p1id":"psicodelicia96","p2id":"mcjuanito","formatid":"gen9nationaldexdoubles","rating":0,"private":0,"password":""}