{"id":"gen9nationaldexdoubles-1950428242","p1":"misterbobbie","p2":"taoe","format":"[Gen 9] National Dex Doubles","log":"|j|\u2606misterbobbie\n|j|\u2606taoe\n|t:|1695471582\n|gametype|doubles\n|player|p1|misterbobbie|hoopster|1000\n|player|p2|taoe|lucas|1079\n|teamsize|p1|6\n|teamsize|p2|6\n|gen|9\n|tier|[Gen 9] National Dex Doubles\n|rated|\n|rule|HP Percentage Mod: HP is shown in percentages\n|rule|Endless Battle Clause: Forcing endless battles is banned\n|rule|OHKO Clause: OHKO moves are banned\n|rule|Evasion Moves Clause: Evasion moves are banned\n|rule|Evasion Abilities Clause: Evasion abilities are banned\n|rule|Species Clause: Limit one of each Pok\u00e9mon\n|rule|Gravity Sleep Clause: The combination of sleep-inducing moves with imperfect accuracy and Gravity or Gigantamax Orbeetle are banned\n|clearpoke\n|poke|p1|Primarina, M|\n|poke|p1|Accelgor, M|\n|poke|p1|Sylveon, F|\n|poke|p1|Heliolisk, M|\n|poke|p1|Ninetales, M|\n|poke|p1|Charjabug, M|\n|poke|p2|Ampharos, M|\n|poke|p2|Rampardos, F|\n|poke|p2|Galvantula, M|\n|poke|p2|Abomasnow, F|\n|poke|p2|Aurorus, F|\n|poke|p2|Jigglypuff, M|\n|teampreview\n|\n|t:|1695471589\n|start\n|switch|p1a: Accelgor|Accelgor, M|100\/100\n|switch|p1b: Primarina|Primarina, M|100\/100\n|switch|p2a: Abomasnow|Abomasnow, F, shiny|100\/100\n|switch|p2b: Jigglypuff|Jigglypuff, M, shiny|100\/100\n|-weather|Snow|[from] ability: Snow Warning|[of] p2a: Abomasnow\n|turn|1\n|\n|t:|1695471604\n|move|p2b: Jigglypuff|Ally Switch|p2b: Jigglypuff\n|swap|p2b: Jigglypuff|0|[from] move: Ally Switch\n|move|p1a: Accelgor|Round|p2a: Jigglypuff\n|-damage|p2a: Jigglypuff|89\/100\n|-enditem|p1a: Accelgor|Throat Spray\n|-boost|p1a: Accelgor|spa|1|[from] item: Throat Spray\n|move|p1b: Primarina|Round|p2a: Jigglypuff|[from]move: Round\n|-damage|p2a: Jigglypuff|13\/100\n|move|p2b: Abomasnow|Aurora Veil|p2b: Abomasnow\n|-sidestart|p2: taoe|move: Aurora Veil\n|\n|-weather|Snow|[upkeep]\n|upkeep\n|turn|2\n|\n|t:|1695471634\n|move|p1a: Accelgor|Round|p2b: Abomasnow\n|-damage|p2b: Abomasnow|91\/100\n|move|p1b: Primarina|Round|p2a: Jigglypuff|[from]move: Round\n|-damage|p2a: Jigglypuff|0 fnt\n|faint|p2a: Jigglypuff\n|move|p2b: Abomasnow|Aurora Veil||[still]\n|-fail|p2b: Abomasnow\n|\n|-weather|Snow|[upkeep]\n|upkeep\n|\n|t:|1695471641\n|switch|p2a: Galvantula|Galvantula, M, shiny|100\/100\n|turn|3\n|\n|t:|1695471655\n|move|p1a: Accelgor|Round|p2a: Galvantula\n|-damage|p2a: Galvantula|68\/100\n|move|p1b: Primarina|Round|p2b: Abomasnow|[from]move: Round\n|-resisted|p2b: Abomasnow\n|-damage|p2b: Abomasnow|68\/100\n|move|p2a: Galvantula|Sticky Web|p1a: Accelgor\n|-sidestart|p1: misterbobbie|move: Sticky Web\n|move|p2b: Abomasnow|Leech Seed|p1b: Primarina\n|-start|p1b: Primarina|move: Leech Seed\n|\n|-weather|Snow|[upkeep]\n|-damage|p1b: Primarina|88\/100|[from] Leech Seed|[of] p2b: Abomasnow\n|-heal|p2b: Abomasnow|79\/100|[silent]\n|upkeep\n|turn|4\n|\n|t:|1695471673\n|move|p1a: Accelgor|Round|p2a: Galvantula\n|-damage|p2a: Galvantula|39\/100\n|move|p1b: Primarina|Round|p2b: Abomasnow|[from]move: Round\n|-resisted|p2b: Abomasnow\n|-damage|p2b: Abomasnow|57\/100\n|move|p2a: Galvantula|Infestation|p1a: Accelgor\n|-damage|p1a: Accelgor|87\/100\n|-activate|p1a: Accelgor|move: Infestation|[of] p2a: Galvantula\n|move|p2b: Abomasnow|Blizzard|p1b: Primarina|[spread] p1a,p1b\n|-resisted|p1b: Primarina\n|-damage|p1a: Accelgor|47\/100\n|-damage|p1b: Primarina|77\/100\n|\n|-weather|Snow|[upkeep]\n|-damage|p1b: Primarina|64\/100|[from] Leech Seed|[of] p2b: Abomasnow\n|-heal|p2b: Abomasnow|68\/100|[silent]\n|-damage|p1a: Accelgor|35\/100|[from] move: Infestation|[partiallytrapped]\n|upkeep\n|turn|5\n|\n|t:|1695471702\n|move|p1a: Accelgor|Round|p2a: Galvantula\n|-damage|p2a: Galvantula|10\/100\n|move|p1b: Primarina|Round|p2b: Abomasnow|[from]move: Round\n|-resisted|p2b: Abomasnow\n|-damage|p2b: Abomasnow|43\/100\n|move|p2a: Galvantula|Thunderbolt|p1b: Primarina\n|-supereffective|p1b: Primarina\n|-damage|p1b: Primarina|0 fnt\n|faint|p1b: Primarina\n|move|p2b: Abomasnow|Blizzard|p1a: Accelgor\n|-crit|p1a: Accelgor\n|-damage|p1a: Accelgor|0 fnt\n|faint|p1a: Accelgor\n|\n|-weather|Snow|[upkeep]\n|-sideend|p2: taoe|move: Aurora Veil\n|upkeep\n|\n|t:|1695471719\n|switch|p1a: Heliolisk|Heliolisk, M|100\/100\n|switch|p1b: Sylveon|Sylveon, F, shiny|100\/100\n|-activate|p1a: Heliolisk|move: Sticky Web\n|-unboost|p1a: Heliolisk|spe|1\n|-activate|p1b: Sylveon|move: Sticky Web\n|-unboost|p1b: Sylveon|spe|1\n|turn|6\n|\n|t:|1695471731\n|move|p2a: Galvantula|Thunderbolt|p1b: Sylveon\n|-damage|p1b: Sylveon|74\/100\n|-status|p1b: Sylveon|par\n|move|p1a: Heliolisk|Round|p2a: Galvantula\n|-damage|p2a: Galvantula|0 fnt\n|faint|p2a: Galvantula\n|-enditem|p1a: Heliolisk|Throat Spray\n|-boost|p1a: Heliolisk|spa|1|[from] item: Throat Spray\n|cant|p1b: Sylveon|par\n|move|p2b: Abomasnow|Aurora Veil|p2b: Abomasnow\n|-sidestart|p2: taoe|move: Aurora Veil\n|\n|-weather|Snow|[upkeep]\n|upkeep\n|\n|t:|1695471749\n|switch|p2a: Aurorus|Aurorus, F, shiny|100\/100\n|turn|7\n|\n|t:|1695471758\n|move|p1a: Heliolisk|Round|p2b: Abomasnow\n|-damage|p2b: Abomasnow|21\/100\n|move|p1b: Sylveon|Round|p2a: Aurorus|[from]move: Round\n|-damage|p2a: Aurorus|55\/100\n|move|p2b: Abomasnow|Blizzard|p1b: Sylveon|[spread] p1a,p1b\n|-damage|p1a: Heliolisk|65\/100\n|-damage|p1b: Sylveon|58\/100 par\n|move|p2a: Aurorus|Flash Cannon|p1b: Sylveon\n|-supereffective|p1b: Sylveon\n|-damage|p1b: Sylveon|24\/100 par\n|\n|-weather|Snow|[upkeep]\n|-heal|p2a: Aurorus|61\/100|[from] item: Leftovers\n|upkeep\n|turn|8\n|\n|t:|1695471774\n|move|p1a: Heliolisk|Round|p2b: Abomasnow\n|-damage|p2b: Abomasnow|0 fnt\n|faint|p2b: Abomasnow\n|move|p1b: Sylveon|Round|p2a: Aurorus|[from]move: Round\n|-damage|p2a: Aurorus|14\/100\n|move|p2a: Aurorus|Flash Cannon|p1b: Sylveon\n|-supereffective|p1b: Sylveon\n|-damage|p1b: Sylveon|0 fnt\n|faint|p1b: Sylveon\n|\n|-weather|none\n|-heal|p2a: Aurorus|20\/100|[from] item: Leftovers\n|upkeep\n|\n|t:|1695471792\n|switch|p1b: Charjabug|Charjabug, M|100\/100\n|switch|p2b: Ampharos|Ampharos, M, shiny|100\/100\n|-activate|p1b: Charjabug|move: Sticky Web\n|-unboost|p1b: Charjabug|spe|1\n|turn|9\n|\n|t:|1695471809\n|detailschange|p2b: Ampharos|Ampharos-Mega, M, shiny\n|-mega|p2b: Ampharos|Ampharos|Ampharosite\n|-ability|p2b: Ampharos|Mold Breaker\n|move|p1a: Heliolisk|Round|p2a: Aurorus\n|-resisted|p2a: Aurorus\n|-damage|p2a: Aurorus|5\/100\n|move|p1b: Charjabug|Round|p2b: Ampharos|[from]move: Round\n|-damage|p2b: Ampharos|91\/100\n|move|p2a: Aurorus|Ancient Power|p1b: Charjabug\n|-supereffective|p1b: Charjabug\n|-damage|p1b: Charjabug|49\/100\n|move|p2b: Ampharos|Dragon Pulse|p1a: Heliolisk\n|-damage|p1a: Heliolisk|0 fnt\n|faint|p1a: Heliolisk\n|\n|-heal|p2a: Aurorus|11\/100|[from] item: Leftovers\n|upkeep\n|\n|t:|1695471827\n|switch|p1a: Ninetales|Ninetales, M|100\/100\n|-activate|p1a: Ninetales|move: Sticky Web\n|-unboost|p1a: Ninetales|spe|1\n|-weather|SunnyDay|[from] ability: Drought|[of] p1a: Ninetales\n|turn|10\n|\n|t:|1695471856\n|move|p1a: Ninetales|Round|p2a: Aurorus\n|-resisted|p2a: Aurorus\n|-damage|p2a: Aurorus|6\/100\n|move|p2a: Aurorus|Ancient Power|p1a: Ninetales\n|-supereffective|p1a: Ninetales\n|-damage|p1a: Ninetales|35\/100\n|move|p2b: Ampharos|Dragon Pulse|p1a: Ninetales\n|-crit|p1a: Ninetales\n|-damage|p1a: Ninetales|0 fnt\n|faint|p1a: Ninetales\n|move|p1b: Charjabug|Eerie Impulse|p2b: Ampharos\n|-unboost|p2b: Ampharos|spa|2\n|\n|-weather|SunnyDay|[upkeep]\n|-heal|p2a: Aurorus|12\/100|[from] item: Leftovers\n|-sideend|p2: taoe|move: Aurora Veil\n|upkeep\n|turn|11\n|\n|t:|1695471881\n|move|p2a: Aurorus|Ancient Power|p1b: Charjabug\n|-supereffective|p1b: Charjabug\n|-damage|p1b: Charjabug|0 fnt\n|faint|p1b: Charjabug\n|\n|win|taoe\n|raw|misterbobbie's rating: 1000 &rarr; <strong>1000<\/strong><br \/>(+0 for losing)\n|raw|taoe's rating: 1079 &rarr; <strong>1101<\/strong><br \/>(+22 for winning)\n","uploadtime":1695471886,"views":9,"p1id":"misterbobbie","p2id":"taoe","formatid":"gen9nationaldexdoubles","rating":1000,"private":0,"password":""}