{"id":"gen9nationaldexdoubles-1986533412","p1":"lmyyouyou","p2":"TheBosses27","format":"[Gen 9] National Dex Doubles","log":"|j|\u2606lmyyouyou\n|j|\u2606TheBosses27\n|t:|1699489036\n|gametype|doubles\n|player|p1|lmyyouyou|lady|1111\n|player|p2|TheBosses27|bruno|1214\n|teamsize|p1|6\n|teamsize|p2|6\n|gen|9\n|tier|[Gen 9] National Dex Doubles\n|rated|\n|rule|HP Percentage Mod: HP is shown in percentages\n|rule|Endless Battle Clause: Forcing endless battles is banned\n|rule|OHKO Clause: OHKO moves are banned\n|rule|Evasion Moves Clause: Evasion moves are banned\n|rule|Evasion Abilities Clause: Evasion abilities are banned\n|rule|Species Clause: Limit one of each Pok\u00e9mon\n|rule|Gravity Sleep Clause: The combination of sleep-inducing moves with imperfect accuracy and Gravity or Gigantamax Orbeetle are banned\n|clearpoke\n|poke|p1|Dragonite, F|\n|poke|p1|Amoonguss, M|\n|poke|p1|Flutter Mane|\n|poke|p1|Iron Hands|\n|poke|p1|Mimikyu, F|\n|poke|p1|Landorus-Therian, M|\n|poke|p2|Gliscor, F|\n|poke|p2|Toxapex, F|\n|poke|p2|Ting-Lu|\n|poke|p2|Dusclops, M|\n|poke|p2|Brambleghast, F|\n|poke|p2|Hatterene, F|\n|teampreview\n|inactive|Battle timer is ON: inactive players will automatically lose when time's up. (requested by TheBosses27)\n|\n|t:|1699489058\n|start\n|switch|p1a: Iron Hands|Iron Hands|100\/100\n|switch|p1b: Mimikyu|Mimikyu, F|100\/100\n|switch|p2a: Toxapex|Toxapex, F|100\/100\n|switch|p2b: Gliscor|Gliscor, F|100\/100\n|turn|1\n|\n|t:|1699489086\n|switch|p1b: Amoonguss|Amoonguss, M|100\/100\n|switch|p2a: Dusclops|Dusclops, M|100\/100\n|-ability|p2a: Dusclops|Pressure\n|move|p1a: Iron Hands|Fake Out|p2b: Gliscor\n|-damage|p2b: Gliscor|89\/100\n|cant|p2b: Gliscor|flinch\n|\n|-status|p2b: Gliscor|tox|[from] item: Toxic Orb\n|upkeep\n|turn|2\n|\n|t:|1699489108\n|move|p2b: Gliscor|Stealth Rock|p1a: Iron Hands\n|-sidestart|p1: lmyyouyou|move: Stealth Rock\n|move|p1a: Iron Hands|Volt Switch|p2a: Dusclops\n|-damage|p2a: Dusclops|92\/100\n|\n|t:|1699489118\n|-end|p1a: Iron Hands|Quark Drive|[silent]\n|switch|p1a: Landorus|Landorus-Therian, M|100\/100|[from] Volt Switch\n|-damage|p1a: Landorus|88\/100|[from] Stealth Rock\n|-ability|p1a: Landorus|Intimidate|boost\n|-unboost|p2a: Dusclops|atk|1\n|-unboost|p2b: Gliscor|atk|1\n|move|p1b: Amoonguss|Spore|p2a: Dusclops\n|-status|p2a: Dusclops|slp|[from] move: Spore\n|cant|p2a: Dusclops|slp\n|\n|-heal|p2b: Gliscor|100\/100 tox|[from] ability: Poison Heal\n|upkeep\n|turn|3\n|\n|t:|1699489143\n|move|p2b: Gliscor|Knock Off|p1a: Landorus\n|-damage|p1a: Landorus|77\/100\n|-enditem|p1a: Landorus|Assault Vest|[from] move: Knock Off|[of] p2b: Gliscor\n|move|p1a: Landorus|Knock Off|p2a: Dusclops\n|-supereffective|p2a: Dusclops\n|-damage|p2a: Dusclops|58\/100 slp\n|-enditem|p2a: Dusclops|Eviolite|[from] move: Knock Off|[of] p1a: Landorus\n|move|p1b: Amoonguss|Pollen Puff|p1a: Landorus\n|-heal|p1a: Landorus|100\/100\n|cant|p2a: Dusclops|slp\n|\n|upkeep\n|turn|4\n|\n|t:|1699489163\n|switch|p2a: Ting-Lu|Ting-Lu|100\/100\n|-ability|p2a: Ting-Lu|Vessel of Ruin\n|move|p1b: Amoonguss|Protect|p1b: Amoonguss\n|-singleturn|p1b: Amoonguss|Protect\n|move|p2b: Gliscor|Spikes|p1b: Amoonguss\n|-sidestart|p1: lmyyouyou|Spikes\n|move|p1a: Landorus|Stone Edge|p2b: Gliscor\n|-damage|p2b: Gliscor|78\/100 tox\n|\n|-heal|p2b: Gliscor|90\/100 tox|[from] ability: Poison Heal\n|upkeep\n|turn|5\n|\n|t:|1699489191\n|switch|p2a: Hatterene|Hatterene, F|100\/100\n|switch|p1b: Dragonite|Dragonite, F|100\/100\n|-damage|p1b: Dragonite|76\/100|[from] Stealth Rock\n|move|p2b: Gliscor|Spikes|p1b: Dragonite\n|-sidestart|p1: lmyyouyou|Spikes\n|move|p1a: Landorus|U-turn|p2a: Hatterene\n|-damage|p2a: Hatterene|78\/100\n|inactive|lmyyouyou has 120 seconds left.\n|\n|t:|1699489205\n|switch|p1a: Iron Hands|Iron Hands|100\/100|[from] U-turn\n|-damage|p1a: Iron Hands|94\/100|[from] Stealth Rock\n|-damage|p1a: Iron Hands|78\/100|[from] Spikes\n|\n|-heal|p2b: Gliscor|100\/100 tox|[from] ability: Poison Heal\n|upkeep\n|turn|6\n|inactive|lmyyouyou has 120 seconds left.\n|\n|t:|1699489236\n|-terastallize|p1b: Dragonite|Normal\n|move|p1a: Iron Hands|Fake Out|p2b: Gliscor\n|-damage|p2b: Gliscor|89\/100 tox\n|move|p1b: Dragonite|Extreme Speed|p2b: Gliscor\n|-damage|p2b: Gliscor|43\/100 tox\n|cant|p2b: Gliscor|flinch\n|move|p2a: Hatterene|Charm|p1b: Dragonite\n|-unboost|p1b: Dragonite|atk|2\n|\n|-heal|p2b: Gliscor|55\/100 tox|[from] ability: Poison Heal\n|upkeep\n|turn|7\n|inactive|lmyyouyou has 120 seconds left.\n|\n|t:|1699489264\n|switch|p1b: Mimikyu|Mimikyu, F|100\/100\n|-damage|p1b: Mimikyu|88\/100|[from] Stealth Rock\n|-damage|p1b: Mimikyu|72\/100|[from] Spikes\n|move|p2a: Hatterene|Protect|p2a: Hatterene\n|-singleturn|p2a: Hatterene|Protect\n|move|p2b: Gliscor|Knock Off|p1a: Iron Hands\n|-resisted|p1a: Iron Hands\n|-damage|p1a: Iron Hands|73\/100\n|-enditem|p1a: Iron Hands|Assault Vest|[from] move: Knock Off|[of] p2b: Gliscor\n|move|p1a: Iron Hands|Iron Head|p2a: Hatterene\n|-activate|p2a: Hatterene|move: Protect\n|\n|-heal|p2b: Gliscor|67\/100 tox|[from] ability: Poison Heal\n|upkeep\n|turn|8\n|inactive|lmyyouyou has 120 seconds left.\n|\n|t:|1699489294\n|-terastallize|p2a: Hatterene|Steel\n|move|p1b: Mimikyu|Play Rough|p2a: Hatterene\n|-resisted|p2a: Hatterene\n|-damage|p2a: Hatterene|60\/100\n|move|p2b: Gliscor|Knock Off|p1b: Mimikyu\n|-activate|p1b: Mimikyu|ability: Disguise\n|-damage|p1b: Mimikyu|72\/100\n|-enditem|p1b: Mimikyu|Aguav Berry|[from] move: Knock Off|[of] p2b: Gliscor\n|detailschange|p1b: Mimikyu|Mimikyu-Busted, F\n|-damage|p1b: Mimikyu|59\/100|[from] pokemon: Mimikyu-Busted\n|move|p1a: Iron Hands|Iron Head|p2a: Hatterene\n|-resisted|p2a: Hatterene\n|-damage|p2a: Hatterene|45\/100\n|move|p2a: Hatterene|Charm|p1b: Mimikyu\n|-unboost|p1b: Mimikyu|atk|2\n|\n|-heal|p2b: Gliscor|80\/100 tox|[from] ability: Poison Heal\n|upkeep\n|turn|9\n|inactive|lmyyouyou has 120 seconds left.\n|\n|t:|1699489327\n|switch|p1b: Landorus|Landorus-Therian, M|100\/100\n|-damage|p1b: Landorus|88\/100|[from] Stealth Rock\n|-ability|p1b: Landorus|Intimidate|boost\n|-unboost|p2a: Hatterene|atk|1\n|-unboost|p2b: Gliscor|atk|1\n|switch|p2a: Toxapex|Toxapex, F|100\/100\n|move|p2b: Gliscor|Spikes|p1a: Iron Hands\n|-sidestart|p1: lmyyouyou|Spikes\n|move|p1a: Iron Hands|Volt Switch|p2a: Toxapex\n|-supereffective|p2a: Toxapex\n|-damage|p2a: Toxapex|82\/100\n|\n|t:|1699489343\n|-end|p1a: Iron Hands|Quark Drive|[silent]\n|switch|p1a: Amoonguss|Amoonguss, M|100\/100|[from] Volt Switch\n|-damage|p1a: Amoonguss|88\/100|[from] Stealth Rock\n|-damage|p1a: Amoonguss|63\/100|[from] Spikes\n|\n|-heal|p2a: Toxapex|88\/100|[from] item: Black Sludge\n|-heal|p2b: Gliscor|92\/100 tox|[from] ability: Poison Heal\n|upkeep\n|turn|10\n|\n|t:|1699489358\n|switch|p2a: Brambleghast|Brambleghast, F|100\/100\n|move|p2b: Gliscor|Protect|p2b: Gliscor\n|-singleturn|p2b: Gliscor|Protect\n|move|p1a: Amoonguss|Protect|p1a: Amoonguss\n|-singleturn|p1a: Amoonguss|Protect\n|move|p1b: Landorus|Earthquake|p2a: Brambleghast|[spread] p2a\n|-activate|p1a: Amoonguss|move: Protect\n|-activate|p2b: Gliscor|move: Protect\n|-resisted|p2a: Brambleghast\n|-damage|p2a: Brambleghast|85\/100\n|\n|-heal|p2b: Gliscor|100\/100 tox|[from] ability: Poison Heal\n|upkeep\n|turn|11\n|inactive|lmyyouyou has 120 seconds left.\n|inactive|lmyyouyou has 90 seconds left.\n|\n|t:|1699489405\n|switch|p1b: Dragonite|Dragonite, F, tera:Normal|76\/100\n|-damage|p1b: Dragonite|63\/100|[from] Stealth Rock\n|-damage|p1b: Dragonite|38\/100|[from] Spikes\n|move|p2b: Gliscor|Knock Off|p1a: Amoonguss\n|-damage|p1a: Amoonguss|55\/100\n|-damage|p2b: Gliscor|84\/100 tox|[from] item: Rocky Helmet|[of] p1a: Amoonguss\n|-enditem|p1a: Amoonguss|Rocky Helmet|[from] move: Knock Off|[of] p2b: Gliscor\n|move|p2a: Brambleghast|Spite|p1a: Amoonguss\n|-activate|p1a: Amoonguss|move: Spite|Protect|4\n|move|p1a: Amoonguss|Pollen Puff|p1b: Dragonite\n|-heal|p1b: Dragonite|88\/100\n|\n|-heal|p2b: Gliscor|96\/100 tox|[from] ability: Poison Heal\n|upkeep\n|turn|12\n|inactive|lmyyouyou has 90 seconds left.\n|\n|t:|1699489436\n|move|p2b: Gliscor|Protect|p2b: Gliscor\n|-singleturn|p2b: Gliscor|Protect\n|move|p2a: Brambleghast|Protect|p2a: Brambleghast\n|-singleturn|p2a: Brambleghast|Protect\n|move|p1a: Amoonguss|Protect|p1a: Amoonguss\n|-singleturn|p1a: Amoonguss|Protect\n|move|p1b: Dragonite|Extreme Speed|p2a: Brambleghast\n|-activate|p2a: Brambleghast|move: Protect\n|\n|-heal|p2b: Gliscor|100\/100 tox|[from] ability: Poison Heal\n|upkeep\n|turn|13\n|\n|t:|1699489454\n|move|p1b: Dragonite|Extreme Speed|p2a: Brambleghast\n|-immune|p2a: Brambleghast\n|move|p2b: Gliscor|Knock Off|p1b: Dragonite\n|-damage|p1b: Dragonite|78\/100\n|-enditem|p1b: Dragonite|Choice Band|[from] move: Knock Off|[of] p2b: Gliscor\n|move|p2a: Brambleghast|Spite|p1b: Dragonite\n|-activate|p1b: Dragonite|move: Spite|Extreme Speed|4\n|move|p1a: Amoonguss|Pollen Puff|p1b: Dragonite\n|-heal|p1b: Dragonite|100\/100\n|\n|upkeep\n|turn|14\n|\n|t:|1699489479\n|switch|p2b: Toxapex|Toxapex, F|100\/100\n|switch|p1a: Landorus|Landorus-Therian, M|88\/100\n|-damage|p1a: Landorus|76\/100|[from] Stealth Rock\n|-ability|p1a: Landorus|Intimidate|boost\n|-unboost|p2a: Brambleghast|atk|1\n|-unboost|p2b: Toxapex|atk|1\n|move|p1b: Dragonite|Extreme Speed|p2b: Toxapex\n|-damage|p2b: Toxapex|61\/100\n|move|p2a: Brambleghast|Spite||[still]\n|-fail|p2a: Brambleghast\n|\n|-heal|p2b: Toxapex|67\/100|[from] item: Black Sludge\n|upkeep\n|turn|15\n|inactive|lmyyouyou has 120 seconds left.\n|\n|t:|1699489511\n|move|p1a: Landorus|Knock Off|p2b: Toxapex\n|-damage|p2b: Toxapex|41\/100\n|-enditem|p2b: Toxapex|Black Sludge|[from] move: Knock Off|[of] p1a: Landorus\n|move|p2a: Brambleghast|Strength Sap|p1a: Landorus\n|-unboost|p1a: Landorus|atk|1\n|-heal|p2a: Brambleghast|100\/100\n|move|p1b: Dragonite|Earthquake|p2b: Toxapex|[spread] p2a,p2b\n|-immune|p1a: Landorus\n|-resisted|p2a: Brambleghast\n|-supereffective|p2b: Toxapex\n|-damage|p2a: Brambleghast|86\/100\n|-damage|p2b: Toxapex|0 fnt\n|faint|p2b: Toxapex\n|\n|upkeep\n|\n|t:|1699489529\n|switch|p2b: Ting-Lu|Ting-Lu|100\/100\n|-ability|p2b: Ting-Lu|Vessel of Ruin\n|turn|16\n|inactive|lmyyouyou has 120 seconds left.\n|\n|t:|1699489547\n|move|p1a: Landorus|Knock Off|p2a: Brambleghast\n|-supereffective|p2a: Brambleghast\n|-damage|p2a: Brambleghast|46\/100\n|-enditem|p2a: Brambleghast|Heavy-Duty Boots|[from] move: Knock Off|[of] p1a: Landorus\n|move|p2a: Brambleghast|Spite|p1b: Dragonite\n|-activate|p1b: Dragonite|move: Spite|Earthquake|4\n|move|p1b: Dragonite|Earthquake|p2b: Ting-Lu|[spread] p2a,p2b\n|-immune|p1a: Landorus\n|-resisted|p2a: Brambleghast\n|-damage|p2a: Brambleghast|32\/100\n|-damage|p2b: Ting-Lu|84\/100\n|move|p2b: Ting-Lu|Whirlwind|p1a: Landorus\n|drag|p1a: Mimikyu|Mimikyu-Busted, F|59\/100\n|-damage|p1a: Mimikyu|47\/100|[from] Stealth Rock\n|-damage|p1a: Mimikyu|22\/100|[from] Spikes\n|\n|-heal|p2b: Ting-Lu|90\/100|[from] item: Leftovers\n|upkeep\n|turn|17\n|inactive|lmyyouyou has 120 seconds left.\n|inactive|TheBosses27 has 120 seconds left.\n|\n|t:|1699489580\n|move|p2a: Brambleghast|Protect|p2a: Brambleghast\n|-singleturn|p2a: Brambleghast|Protect\n|move|p1a: Mimikyu|Play Rough|p2a: Brambleghast\n|-activate|p2a: Brambleghast|move: Protect\n|move|p1b: Dragonite|Brick Break|p2b: Ting-Lu\n|-supereffective|p2b: Ting-Lu\n|-damage|p2b: Ting-Lu|61\/100\n|move|p2b: Ting-Lu|Whirlwind|p1a: Mimikyu\n|drag|p1a: Flutter Mane|Flutter Mane|100\/100\n|-damage|p1a: Flutter Mane|88\/100|[from] Stealth Rock\n|-damage|p1a: Flutter Mane|63\/100|[from] Spikes\n|-enditem|p1a: Flutter Mane|Booster Energy\n|-activate|p1a: Flutter Mane|ability: Protosynthesis|[fromitem]\n|-start|p1a: Flutter Mane|protosynthesisspa\n|\n|-heal|p2b: Ting-Lu|67\/100|[from] item: Leftovers\n|upkeep\n|turn|18\n|inactive|lmyyouyou has 120 seconds left.\n|\n|t:|1699489610\n|switch|p2a: Dusclops|Dusclops, M|58\/100 slp\n|-ability|p2a: Dusclops|Pressure\n|move|p1a: Flutter Mane|Mystical Fire|p2a: Dusclops\n|-damage|p2a: Dusclops|34\/100 slp\n|-unboost|p2a: Dusclops|spa|1\n|move|p1b: Dragonite|Brick Break|p2b: Ting-Lu\n|-supereffective|p2b: Ting-Lu\n|-damage|p2b: Ting-Lu|39\/100\n|move|p2b: Ting-Lu|Whirlwind|p1a: Flutter Mane\n|-end|p1a: Flutter Mane|Protosynthesis|[silent]\n|drag|p1a: Iron Hands|Iron Hands|73\/100\n|-damage|p1a: Iron Hands|67\/100|[from] Stealth Rock\n|-damage|p1a: Iron Hands|42\/100|[from] Spikes\n|\n|-heal|p2b: Ting-Lu|45\/100|[from] item: Leftovers\n|upkeep\n|turn|19\n|inactive|lmyyouyou has 120 seconds left.\n|\n|t:|1699489634\n|switch|p2b: Brambleghast|Brambleghast, F|32\/100\n|move|p1a: Iron Hands|Fake Out|p2b: Brambleghast\n|-immune|p2b: Brambleghast\n|move|p1b: Dragonite|Brick Break|p2b: Brambleghast\n|-immune|p2b: Brambleghast\n|cant|p2a: Dusclops|slp\n|\n|upkeep\n|turn|20\n|inactive|lmyyouyou has 120 seconds left.\n|\n|t:|1699489659\n|move|p2b: Brambleghast|Strength Sap|p1b: Dragonite\n|-unboost|p1b: Dragonite|atk|1\n|-heal|p2b: Brambleghast|100\/100\n|move|p1b: Dragonite|Dual Wingbeat|p2b: Brambleghast\n|-supereffective|p2b: Brambleghast\n|-damage|p2b: Brambleghast|69\/100\n|-supereffective|p2b: Brambleghast\n|-damage|p2b: Brambleghast|36\/100\n|-hitcount|p2b: Brambleghast|2\n|move|p1a: Iron Hands|Wild Charge|p2b: Brambleghast\n|-resisted|p2b: Brambleghast\n|-damage|p2b: Brambleghast|14\/100\n|-damage|p1a: Iron Hands|39\/100|[from] Recoil\n|-curestatus|p2a: Dusclops|slp|[msg]\n|move|p2a: Dusclops|Pain Split|p1b: Dragonite\n|-sethp|p1b: Dragonite|63\/100|[from] move: Pain Split|[silent]\n|-sethp|p2a: Dusclops|85\/100|[from] move: Pain Split\n|\n|upkeep\n|turn|21\n|inactive|lmyyouyou has 120 seconds left.\n|\n|t:|1699489684\n|move|p2b: Brambleghast|Strength Sap|p1b: Dragonite\n|-unboost|p1b: Dragonite|atk|1\n|-heal|p2b: Brambleghast|99\/100\n|move|p1b: Dragonite|Dual Wingbeat|p2b: Brambleghast\n|-supereffective|p2b: Brambleghast\n|-crit|p2b: Brambleghast\n|-damage|p2b: Brambleghast|29\/100\n|-supereffective|p2b: Brambleghast\n|-damage|p2b: Brambleghast|6\/100\n|-hitcount|p2b: Brambleghast|2\n|move|p1a: Iron Hands|Wild Charge|p2a: Dusclops\n|-damage|p2a: Dusclops|47\/100\n|-damage|p1a: Iron Hands|33\/100|[from] Recoil\n|move|p2a: Dusclops|Will-O-Wisp|p1a: Iron Hands\n|-status|p1a: Iron Hands|brn\n|\n|-damage|p1a: Iron Hands|27\/100 brn|[from] brn\n|upkeep\n|turn|22\n|\n|t:|1699489707\n|move|p2b: Brambleghast|Protect|p2b: Brambleghast\n|-singleturn|p2b: Brambleghast|Protect\n|move|p1b: Dragonite|Dual Wingbeat|p2b: Brambleghast\n|-activate|p2b: Brambleghast|move: Protect\n|move|p1a: Iron Hands|Wild Charge|p2a: Dusclops\n|-damage|p2a: Dusclops|28\/100\n|-damage|p1a: Iron Hands|24\/100 brn|[from] Recoil\n|move|p2a: Dusclops|Will-O-Wisp|p1b: Dragonite|[miss]\n|-miss|p2a: Dusclops|p1b: Dragonite\n|\n|-damage|p1a: Iron Hands|18\/100 brn|[from] brn\n|upkeep\n|turn|23\n|\n|t:|1699489723\n|switch|p2b: Gliscor|Gliscor, F|100\/100 tox\n|move|p1b: Dragonite|Dual Wingbeat|p2b: Gliscor|[miss]\n|-miss|p1b: Dragonite|p2b: Gliscor\n|move|p1a: Iron Hands|Wild Charge|p2b: Gliscor\n|-immune|p2b: Gliscor\n|move|p2a: Dusclops|Pain Split|p1b: Dragonite\n|-sethp|p1b: Dragonite|41\/100|[from] move: Pain Split|[silent]\n|-sethp|p2a: Dusclops|56\/100|[from] move: Pain Split\n|\n|-damage|p1a: Iron Hands|12\/100 brn|[from] brn\n|upkeep\n|turn|24\n|\n|t:|1699489739\n|move|p2b: Gliscor|Knock Off|p1b: Dragonite\n|-damage|p1b: Dragonite|27\/100\n|move|p1b: Dragonite|Dual Wingbeat|p2a: Dusclops\n|-damage|p2a: Dusclops|46\/100\n|-damage|p2a: Dusclops|36\/100\n|-hitcount|p2a: Dusclops|2\n|move|p1a: Iron Hands|Wild Charge|p2a: Dusclops\n|-damage|p2a: Dusclops|17\/100\n|-damage|p1a: Iron Hands|9\/100 brn|[from] Recoil\n|move|p2a: Dusclops|Will-O-Wisp|p1b: Dragonite\n|-status|p1b: Dragonite|brn\n|\n|-damage|p1b: Dragonite|21\/100 brn|[from] brn\n|-damage|p1a: Iron Hands|3\/100 brn|[from] brn\n|upkeep\n|turn|25\n|-message|lmyyouyou forfeited.\n|\n|win|TheBosses27\n|raw|lmyyouyou's rating: 1111 &rarr; <strong>1093<\/strong><br \/>(-18 for losing)\n|raw|TheBosses27's rating: 1214 &rarr; <strong>1232<\/strong><br \/>(+18 for winning)\n|l|\u2606lmyyouyou\n","uploadtime":1699489776,"views":6,"p1id":"lmyyouyou","p2id":"thebosses27","formatid":"gen9nationaldexdoubles","rating":1093,"private":0,"password":""}