{"id":"gen9nationaldexdoubles-1967577470","p1":"that guy2196843","p2":"Jaiper_Showdown","format":"[Gen 9] National Dex Doubles","log":"|j|\u2606that guy2196843\n|j|\u2606Jaiper_Showdown\n|t:|1697315427\n|gametype|doubles\n|player|p1|that guy2196843|265|1000\n|player|p2|Jaiper_Showdown|nate|1078\n|teamsize|p1|6\n|teamsize|p2|6\n|gen|9\n|tier|[Gen 9] National Dex Doubles\n|rated|\n|rule|HP Percentage Mod: HP is shown in percentages\n|rule|Endless Battle Clause: Forcing endless battles is banned\n|rule|OHKO Clause: OHKO moves are banned\n|rule|Evasion Moves Clause: Evasion moves are banned\n|rule|Evasion Abilities Clause: Evasion abilities are banned\n|rule|Species Clause: Limit one of each Pok\u00e9mon\n|rule|Gravity Sleep Clause: The combination of sleep-inducing moves with imperfect accuracy and Gravity or Gigantamax Orbeetle are banned\n|clearpoke\n|poke|p1|Cloyster, F|\n|poke|p1|Basculegion, M|\n|poke|p1|Furret, F|\n|poke|p1|Garganacl, F|\n|poke|p1|Rabsca, M|\n|poke|p1|Salamence, F|\n|poke|p2|Kyurem-Black|\n|poke|p2|Ninetales-Alola, M|\n|poke|p2|Walrein, M|\n|poke|p2|Baxcalibur, M|\n|poke|p2|Arctozolt|\n|poke|p2|Frosmoth, M|\n|teampreview\n|inactive|Battle timer is ON: inactive players will automatically lose when time's up. (requested by that guy2196843)\n|inactive|Jaiper_Showdown has 120 seconds left.\n|\n|t:|1697315606\n|start\n|switch|p1a: Rabsca|Rabsca, M|100\/100\n|switch|p1b: Garganacl|Garganacl, F|100\/100\n|switch|p2a: Ninetales|Ninetales-Alola, M|100\/100\n|switch|p2b: Kyurem|Kyurem-Black|100\/100\n|-weather|Snow|[from] ability: Snow Warning|[of] p2a: Ninetales\n|-ability|p2b: Kyurem|Teravolt\n|turn|1\n|inactive|that guy2196843 has 120 seconds left.\n|\n|t:|1697315641\n|move|p2a: Ninetales|Hypnosis|p1b: Garganacl\n|-immune|p1b: Garganacl|[from] ability: Purifying Salt\n|move|p2b: Kyurem|Dragon Dance|p2b: Kyurem\n|-boost|p2b: Kyurem|atk|1\n|-boost|p2b: Kyurem|spe|1\n|move|p1a: Rabsca|Psychic|p2a: Ninetales\n|-damage|p2a: Ninetales|68\/100\n|move|p1b: Garganacl|Explosion|p2b: Kyurem|[spread] p2a,p2b\n|-activate|p1a: Rabsca|ability: Telepathy\n|-damage|p2a: Ninetales|0 fnt\n|-damage|p2b: Kyurem|51\/100\n|faint|p1b: Garganacl\n|faint|p2a: Ninetales\n|\n|-weather|Snow|[upkeep]\n|upkeep\n|inactive|Jaiper_Showdown has 120 seconds left.\n|\n|t:|1697315684\n|switch|p2a: Baxcalibur|Baxcalibur, M|100\/100\n|switch|p1b: Furret|Furret, F|100\/100\n|-item|p2a: Baxcalibur|Loaded Dice|[from] ability: Frisk|[of] p1b: Furret|[identify]\n|-item|p2b: Kyurem|Clear Amulet|[from] ability: Frisk|[of] p1b: Furret|[identify]\n|turn|2\n|\n|t:|1697315696\n|move|p1b: Furret|Follow Me|p1b: Furret\n|-singleturn|p1b: Furret|move: Follow Me\n|move|p2b: Kyurem|Icicle Spear|p1b: Furret\n|-damage|p1b: Furret|72\/100\n|-damage|p1b: Furret|40\/100\n|-damage|p1b: Furret|10\/100\n|-damage|p1b: Furret|0 fnt\n|faint|p1b: Furret\n|-hitcount|p1: Furret|4\n|move|p2a: Baxcalibur|Icicle Spear|p1a: Rabsca\n|-damage|p1a: Rabsca|84\/100\n|-damage|p1a: Rabsca|67\/100\n|-damage|p1a: Rabsca|49\/100\n|-damage|p1a: Rabsca|32\/100\n|-damage|p1a: Rabsca|13\/100\n|-hitcount|p1a: Rabsca|5\n|move|p1a: Rabsca|Revival Blessing|p1a: Rabsca\n|-enditem|p1a: Rabsca|Leppa Berry|[eat]\n|-activate|p1a: Rabsca|item: Leppa Berry|Revival Blessing|[consumed]\n|\n|t:|1697315714\n|-heal|p1: Furret|50\/100|[from] move: Revival Blessing\n|\n|-weather|Snow|[upkeep]\n|upkeep\n|switch|p1b: Furret|Furret, F|50\/100\n|-item|p2a: Baxcalibur|Loaded Dice|[from] ability: Frisk|[of] p1b: Furret|[identify]\n|-item|p2b: Kyurem|Clear Amulet|[from] ability: Frisk|[of] p1b: Furret|[identify]\n|turn|3\n|\n|t:|1697315722\n|move|p1b: Furret|Follow Me|p1b: Furret\n|-singleturn|p1b: Furret|move: Follow Me\n|move|p2b: Kyurem|Icicle Spear|p1b: Furret\n|-damage|p1b: Furret|20\/100\n|-damage|p1b: Furret|0 fnt\n|faint|p1b: Furret\n|-hitcount|p1: Furret|2\n|move|p2a: Baxcalibur|Swords Dance|p2a: Baxcalibur\n|-boost|p2a: Baxcalibur|atk|2\n|move|p1a: Rabsca|Revival Blessing|p1a: Rabsca\n|\n|t:|1697315728\n|-heal|p1: Garganacl|50\/100|[from] move: Revival Blessing\n|\n|-weather|Snow|[upkeep]\n|upkeep\n|\n|t:|1697315731\n|switch|p1b: Garganacl|Garganacl, F|50\/100\n|turn|4\n|\n|t:|1697315743\n|move|p2b: Kyurem|Icicle Spear|p1a: Rabsca\n|-damage|p1a: Rabsca|0 fnt\n|faint|p1a: Rabsca\n|-hitcount|p1: Rabsca|1\n|move|p2a: Baxcalibur|Icicle Spear|p1b: Garganacl\n|-damage|p1b: Garganacl|30\/100\n|-damage|p1b: Garganacl|9\/100\n|-damage|p1b: Garganacl|0 fnt\n|faint|p1b: Garganacl\n|-hitcount|p1: Garganacl|3\n|\n|-weather|Snow|[upkeep]\n|upkeep\n|\n|t:|1697315753\n|switch|p1a: sally|Salamence, F|100\/100\n|switch|p1b: fleshlight|Cloyster, F|100\/100\n|turn|5\n|\n|t:|1697315771\n|move|p2b: Kyurem|Fusion Bolt|p1b: fleshlight\n|-supereffective|p1b: fleshlight\n|-damage|p1b: fleshlight|16\/100\n|move|p1a: sally|Dragon Dance|p1a: sally\n|-boost|p1a: sally|atk|1\n|-boost|p1a: sally|spe|1\n|move|p1b: fleshlight|Shell Smash|p1b: fleshlight\n|-unboost|p1b: fleshlight|def|1\n|-unboost|p1b: fleshlight|spd|1\n|-boost|p1b: fleshlight|atk|2\n|-boost|p1b: fleshlight|spa|2\n|-boost|p1b: fleshlight|spe|2\n|move|p2a: Baxcalibur|Icicle Spear|p1a: sally\n|-supereffective|p1a: sally\n|-damage|p1a: sally|0 fnt\n|faint|p1a: sally\n|-hitcount|p1: sally|1\n|\n|-weather|none\n|upkeep\n|\n|t:|1697315777\n|switch|p1a: ghastly|Basculegion, M|100\/100\n|turn|6\n|\n|t:|1697315792\n|move|p2a: Baxcalibur|Ice Shard|p1b: fleshlight\n|-resisted|p1b: fleshlight\n|-damage|p1b: fleshlight|1\/100\n|move|p1b: fleshlight|Icicle Spear|p2b: Kyurem\n|-damage|p2b: Kyurem|31\/100\n|-damage|p2b: Kyurem|11\/100\n|-damage|p2b: Kyurem|0 fnt\n|faint|p2b: Kyurem\n|-hitcount|p2: Kyurem|3\n|move|p1a: ghastly|Last Respects|p2a: Baxcalibur\n|-damage|p2a: Baxcalibur|0 fnt\n|faint|p2a: Baxcalibur\n|\n|upkeep\n|\n|t:|1697315801\n|switch|p2b: Walrein|Walrein, M|100\/100\n|switch|p2a: Frosmoth|Frosmoth, M|100\/100\n|turn|7\n|inactive|that guy2196843 has 120 seconds left.\n|\n|t:|1697315833\n|-terastallize|p1a: ghastly|Ghost\n|move|p1b: fleshlight|Waterfall|p2a: Frosmoth\n|-damage|p2a: Frosmoth|30\/100\n|move|p1a: ghastly|Last Respects|p2b: Walrein\n|-crit|p2b: Walrein\n|-damage|p2b: Walrein|0 fnt\n|faint|p2b: Walrein\n|move|p2a: Frosmoth|Snowscape|p2a: Frosmoth\n|-weather|Snow\n|\n|-weather|Snow|[upkeep]\n|upkeep\n|\n|t:|1697315841\n|switch|p2b: Arctozolt|Arctozolt|100\/100\n|turn|8\n|\n|t:|1697315852\n|move|p1b: fleshlight|Waterfall|p2a: Frosmoth\n|-damage|p2a: Frosmoth|0 fnt\n|faint|p2a: Frosmoth\n|move|p1a: ghastly|Last Respects|p2b: Arctozolt\n|-damage|p2b: Arctozolt|0 fnt\n|faint|p2b: Arctozolt\n|\n|win|that guy2196843\n|raw|that guy2196843's rating: 1000 &rarr; <strong>1049<\/strong><br \/>(+49 for winning)\n|raw|Jaiper_Showdown's rating: 1078 &rarr; <strong>1052<\/strong><br \/>(-26 for losing)\n|c|\u2606that guy2196843|gg\n","uploadtime":1697315881,"views":11,"p1id":"thatguy2196843","p2id":"jaipershowdown","formatid":"gen9nationaldexdoubles","rating":1049,"private":0,"password":""}