{"id":"gen9nationaldexdoubles-1994932326","p1":"Androiddxx","p2":"Orlando912","format":"[Gen 9] National Dex Doubles","log":"|j|\u2606Androiddxx\n|j|\u2606Orlando912\n|t:|1700505829\n|gametype|doubles\n|player|p1|Androiddxx|lucas|1038\n|player|p2|Orlando912|collector|1047\n|teamsize|p1|6\n|teamsize|p2|6\n|gen|9\n|tier|[Gen 9] National Dex Doubles\n|rated|\n|rule|HP Percentage Mod: HP is shown in percentages\n|rule|Endless Battle Clause: Forcing endless battles is banned\n|rule|OHKO Clause: OHKO moves are banned\n|rule|Evasion Moves Clause: Evasion moves are banned\n|rule|Evasion Abilities Clause: Evasion abilities are banned\n|rule|Species Clause: Limit one of each Pok\u00e9mon\n|rule|Gravity Sleep Clause: The combination of sleep-inducing moves with imperfect accuracy and Gravity or Gigantamax Orbeetle are banned\n|clearpoke\n|poke|p1|Swampert, M|\n|poke|p1|Raichu, F|\n|poke|p1|Hitmontop, M|\n|poke|p1|Sceptile, F|\n|poke|p1|Incineroar, M|\n|poke|p1|Metagross|\n|poke|p2|Skeledirge, M|\n|poke|p2|Decidueye, F|\n|poke|p2|Greninja-*, M|\n|poke|p2|Sceptile, M|\n|poke|p2|Samurott, F|\n|poke|p2|Torterra, M|\n|teampreview\n|\n|t:|1700505835\n|start\n|switch|p1a: Hitmontop|Hitmontop, M|100\/100\n|switch|p1b: Metagross|Metagross|100\/100\n|switch|p2a: Samurott|Samurott, F|100\/100\n|switch|p2b: Torterra|Torterra, M|100\/100\n|turn|1\n|\n|t:|1700505863\n|move|p1b: Metagross|Psycho Cut|p2a: Samurott\n|-damage|p2a: Samurott|66\/100\n|move|p1a: Hitmontop|Triple Axel|p2b: Torterra\n|-supereffective|p2b: Torterra\n|-damage|p2b: Torterra|62\/100\n|-supereffective|p2b: Torterra\n|-damage|p2b: Torterra|0 fnt\n|faint|p2b: Torterra\n|-hitcount|p2: Torterra|2\n|move|p2a: Samurott|Sacred Sword|p1a: Hitmontop\n|-damage|p1a: Hitmontop|72\/100\n|\n|-heal|p2a: Samurott|72\/100|[from] item: Leftovers\n|upkeep\n|\n|t:|1700505879\n|switch|p2b: Skeledirge|Skeledirge, M|100\/100\n|turn|2\n|\n|t:|1700505917\n|move|p1b: Metagross|Psycho Cut|p2b: Skeledirge\n|-damage|p2b: Skeledirge|70\/100\n|move|p1a: Hitmontop|Triple Kick|p2a: Samurott\n|-damage|p2a: Samurott|64\/100\n|-damage|p2a: Samurott|50\/100\n|-damage|p2a: Samurott|29\/100\n|-hitcount|p2a: Samurott|3\n|move|p2a: Samurott|Sacred Sword|p1a: Hitmontop\n|-damage|p1a: Hitmontop|43\/100\n|move|p2b: Skeledirge|Torch Song|p1b: Metagross\n|-supereffective|p1b: Metagross\n|-damage|p1b: Metagross|13\/100\n|-boost|p2b: Skeledirge|spa|1\n|\n|-heal|p2a: Samurott|35\/100|[from] item: Leftovers\n|upkeep\n|turn|3\n|\n|t:|1700505944\n|move|p1a: Hitmontop|Triple Kick|p2a: Samurott\n|-damage|p2a: Samurott|28\/100\n|-hitcount|p2a: Samurott|1\n|move|p1b: Metagross|Psycho Cut|p2b: Skeledirge\n|-damage|p2b: Skeledirge|36\/100\n|move|p2a: Samurott|Hydro Cannon|p1a: Hitmontop\n|-damage|p1a: Hitmontop|0 fnt\n|-mustrecharge|p2a: Samurott\n|faint|p1a: Hitmontop\n|move|p2b: Skeledirge|Torch Song|p1b: Metagross\n|-supereffective|p1b: Metagross\n|-damage|p1b: Metagross|0 fnt\n|-boost|p2b: Skeledirge|spa|1\n|faint|p1b: Metagross\n|\n|-heal|p2a: Samurott|34\/100|[from] item: Leftovers\n|upkeep\n|\n|t:|1700505963\n|switch|p1b: Swampert|Swampert, M|100\/100\n|switch|p1a: Sceptile|Sceptile, F|100\/100\n|turn|4\n|\n|t:|1700505976\n|move|p1a: Sceptile|Leaf Blade|p2a: Samurott\n|-supereffective|p2a: Samurott\n|-damage|p2a: Samurott|0 fnt\n|faint|p2a: Samurott\n|move|p1b: Swampert|Waterfall|p2b: Skeledirge\n|-supereffective|p2b: Skeledirge\n|-damage|p2b: Skeledirge|0 fnt\n|faint|p2b: Skeledirge\n|\n|upkeep\n|\n|t:|1700505988\n|switch|p2a: Sceptile|Sceptile, M|100\/100\n|switch|p2b: Decidueye|Decidueye, F|100\/100\n|turn|5\n|\n|t:|1700506003\n|switch|p1b: Incineroar|Incineroar, M|100\/100\n|-item|p1b: Incineroar|Air Balloon\n|detailschange|p2a: Sceptile|Sceptile-Mega, M\n|-mega|p2a: Sceptile|Sceptile|Sceptilite\n|move|p1a: Sceptile|Dragon Claw|p2a: Sceptile\n|-supereffective|p2a: Sceptile\n|-damage|p2a: Sceptile|45\/100\n|move|p2a: Sceptile|Leaf Blade|p1b: Incineroar\n|-resisted|p1b: Incineroar\n|-damage|p1b: Incineroar|80\/100\n|-enditem|p1b: Incineroar|Air Balloon\n|-zpower|p2b: Decidueye\n|move|p2b: Decidueye|Sinister Arrow Raid|p1a: Sceptile|[zeffect]\n|-enditem|p1a: Sceptile|Focus Sash\n|-damage|p1a: Sceptile|1\/100\n|\n|upkeep\n|turn|6\n|\n|t:|1700506039\n|move|p1a: Sceptile|Dragon Claw|p2a: Sceptile\n|-supereffective|p2a: Sceptile\n|-damage|p2a: Sceptile|0 fnt\n|faint|p2a: Sceptile\n|move|p1b: Incineroar|Darkest Lariat|p2b: Decidueye\n|-supereffective|p2b: Decidueye\n|-crit|p2b: Decidueye\n|-damage|p2b: Decidueye|0 fnt\n|faint|p2b: Decidueye\n|\n|upkeep\n|\n|t:|1700506049\n|switch|p2a: Greninja|Greninja, M|100\/100\n|turn|7\n|\n|t:|1700506059\n|move|p2a: Greninja|Water Shuriken|p1b: Incineroar\n|-supereffective|p1b: Incineroar\n|-damage|p1b: Incineroar|62\/100\n|-supereffective|p1b: Incineroar\n|-damage|p1b: Incineroar|43\/100\n|-supereffective|p1b: Incineroar\n|-damage|p1b: Incineroar|26\/100\n|-hitcount|p1b: Incineroar|3\n|move|p1a: Sceptile|Leaf Blade|p2a: Greninja\n|-supereffective|p2a: Greninja\n|-damage|p2a: Greninja|0 fnt\n|faint|p2a: Greninja\n|\n|win|Androiddxx\n|raw|Androiddxx's rating: 1038 &rarr; <strong>1073<\/strong><br \/>(+35 for winning)\n|raw|Orlando912's rating: 1047 &rarr; <strong>1030<\/strong><br \/>(-17 for losing)\n|l|\u2606Orlando912\n","uploadtime":1700506078,"views":6,"p1id":"androiddxx","p2id":"orlando912","formatid":"gen9nationaldexdoubles","rating":1030,"private":0,"password":""}