{"id":"gen9nationaldexdoubles-1974251268","p1":"DanYuStar","p2":"milesforhire","format":"[Gen 9] National Dex Doubles","log":"|j|\u2606DanYuStar\n|j|\u2606milesforhire\n|t:|1698072092\n|gametype|doubles\n|player|p1|DanYuStar|tuberf|1000\n|player|p2|milesforhire|rosa-masters2|1119\n|teamsize|p1|6\n|teamsize|p2|6\n|gen|9\n|tier|[Gen 9] National Dex Doubles\n|rated|\n|rule|HP Percentage Mod: HP is shown in percentages\n|rule|Endless Battle Clause: Forcing endless battles is banned\n|rule|OHKO Clause: OHKO moves are banned\n|rule|Evasion Moves Clause: Evasion moves are banned\n|rule|Evasion Abilities Clause: Evasion abilities are banned\n|rule|Species Clause: Limit one of each Pok\u00e9mon\n|rule|Gravity Sleep Clause: The combination of sleep-inducing moves with imperfect accuracy and Gravity or Gigantamax Orbeetle are banned\n|clearpoke\n|poke|p1|Delphox, F|\n|poke|p1|Lopunny, F|\n|poke|p1|Great Tusk|\n|poke|p1|Serperior, F|\n|poke|p1|Pachirisu, M|\n|poke|p1|Espathra, F|\n|poke|p2|Lilligant, F|\n|poke|p2|Walking Wake|\n|poke|p2|Charizard, M|\n|poke|p2|Great Tusk|\n|poke|p2|Volcarona, F|\n|poke|p2|Torkoal, M|\n|teampreview\n|\n|t:|1698072105\n|start\n|switch|p1a: Serperior|Serperior, F, shiny|100\/100\n|switch|p1b: Lopunny|Lopunny, F|100\/100\n|switch|p2a: Torkoal|Torkoal, M|100\/100\n|switch|p2b: Lilligant|Lilligant, F, shiny|100\/100\n|-weather|SunnyDay|[from] ability: Drought|[of] p2a: Torkoal\n|turn|1\n|c|\u2606milesforhire|nice serperior. love that grass snake\n|\n|t:|1698072147\n|detailschange|p1b: Lopunny|Lopunny-Mega, F\n|-mega|p1b: Lopunny|Lopunny|Lopunnite\n|move|p1b: Lopunny|Fake Out|p2a: Torkoal\n|-damage|p2a: Torkoal|87\/100\n|move|p2b: Lilligant|Sleep Powder|p1b: Lopunny\n|-status|p1b: Lopunny|slp|[from] move: Sleep Powder\n|move|p1a: Serperior|Leaf Storm|p2b: Lilligant\n|-resisted|p2b: Lilligant\n|-damage|p2b: Lilligant|72\/100\n|-boost|p1a: Serperior|spa|2\n|cant|p2a: Torkoal|flinch\n|\n|-weather|SunnyDay|[upkeep]\n|upkeep\n|turn|2\n|\n|t:|1698072175\n|-terastallize|p1a: Serperior|Fire\n|move|p2b: Lilligant|Leech Seed|p1b: Lopunny\n|-start|p1b: Lopunny|move: Leech Seed\n|cant|p1b: Lopunny|slp\n|move|p1a: Serperior|Hidden Power|p2b: Lilligant\n|-supereffective|p2b: Lilligant\n|-damage|p2b: Lilligant|0 fnt\n|faint|p2b: Lilligant\n|move|p2a: Torkoal|Toxic|p1a: Serperior\n|-status|p1a: Serperior|tox\n|\n|-weather|SunnyDay|[upkeep]\n|-damage|p1a: Serperior|94\/100 tox|[from] psn\n|upkeep\n|\n|t:|1698072189\n|switch|p2b: Walking Wake|Walking Wake|100\/100\n|-activate|p2b: Walking Wake|ability: Protosynthesis\n|-start|p2b: Walking Wake|protosynthesisspe\n|turn|3\n|\n|t:|1698072209\n|move|p2b: Walking Wake|Hydro Steam|p1a: Serperior\n|-supereffective|p1a: Serperior\n|-damage|p1a: Serperior|0 fnt\n|faint|p1a: Serperior\n|-damage|p2b: Walking Wake|91\/100|[from] item: Life Orb\n|cant|p1b: Lopunny|slp\n|move|p2a: Torkoal|Stealth Rock|p1b: Lopunny\n|-sidestart|p1: DanYuStar|move: Stealth Rock\n|\n|-weather|SunnyDay|[upkeep]\n|-damage|p1b: Lopunny|88\/100 slp|[from] Leech Seed|[of] p2b: Walking Wake\n|-heal|p2b: Walking Wake|100\/100|[silent]\n|upkeep\n|\n|t:|1698072222\n|switch|p1a: Great Tusk|Great Tusk|100\/100\n|-damage|p1a: Great Tusk|98\/100|[from] Stealth Rock\n|-activate|p1a: Great Tusk|ability: Protosynthesis\n|-start|p1a: Great Tusk|protosynthesisatk\n|turn|4\n|\n|t:|1698072239\n|move|p2b: Walking Wake|Hydro Steam|p1a: Great Tusk\n|-supereffective|p1a: Great Tusk\n|-damage|p1a: Great Tusk|0 fnt\n|faint|p1a: Great Tusk\n|-end|p1a: Great Tusk|Protosynthesis|[silent]\n|-damage|p2b: Walking Wake|91\/100|[from] item: Life Orb\n|-curestatus|p1b: Lopunny|slp|[msg]\n|move|p1b: Lopunny|High Jump Kick|p2a: Torkoal\n|-damage|p2a: Torkoal|46\/100\n|move|p2a: Torkoal|Body Press|p1b: Lopunny\n|-supereffective|p1b: Lopunny\n|-damage|p1b: Lopunny|5\/100\n|\n|-weather|SunnyDay|[upkeep]\n|-damage|p1b: Lopunny|0 fnt|[from] Leech Seed|[of] p2b: Walking Wake\n|-heal|p2b: Walking Wake|94\/100|[silent]\n|faint|p1b: Lopunny\n|upkeep\n|\n|t:|1698072251\n|switch|p1b: Espathra|Espathra, F|100\/100\n|switch|p1a: Pachirisu|Pachirisu, M|100\/100\n|-damage|p1b: Espathra|88\/100|[from] Stealth Rock\n|-damage|p1a: Pachirisu|88\/100|[from] Stealth Rock\n|turn|5\n|\n|t:|1698072270\n|move|p1a: Pachirisu|Follow Me|p1a: Pachirisu\n|-singleturn|p1a: Pachirisu|move: Follow Me\n|move|p2b: Walking Wake|Flamethrower|p1a: Pachirisu\n|-damage|p1a: Pachirisu|32\/100\n|-enditem|p1a: Pachirisu|Sitrus Berry|[eat]\n|-heal|p1a: Pachirisu|57\/100|[from] item: Sitrus Berry\n|-damage|p2b: Walking Wake|85\/100|[from] item: Life Orb\n|move|p1b: Espathra|Calm Mind|p1b: Espathra\n|-boost|p1b: Espathra|spa|1\n|-boost|p1b: Espathra|spd|1\n|move|p2a: Torkoal|Toxic|p1a: Pachirisu\n|-status|p1a: Pachirisu|tox\n|\n|-weather|SunnyDay|[upkeep]\n|-damage|p1a: Pachirisu|51\/100 tox|[from] psn\n|-ability|p1b: Espathra|Speed Boost|boost\n|-boost|p1b: Espathra|spe|1\n|upkeep\n|turn|6\n|\n|t:|1698072300\n|move|p2b: Walking Wake|Protect|p2b: Walking Wake\n|-singleturn|p2b: Walking Wake|Protect\n|move|p1a: Pachirisu|Follow Me|p1a: Pachirisu\n|-singleturn|p1a: Pachirisu|move: Follow Me\n|move|p1b: Espathra|Stored Power|p2a: Torkoal\n|-damage|p2a: Torkoal|0 fnt\n|faint|p2a: Torkoal\n|\n|-weather|SunnyDay|[upkeep]\n|-damage|p1a: Pachirisu|39\/100 tox|[from] psn\n|-ability|p1b: Espathra|Speed Boost|boost\n|-boost|p1b: Espathra|spe|1\n|upkeep\n|\n|t:|1698072313\n|switch|p2a: Great Tusk|Great Tusk, shiny|100\/100\n|-activate|p2a: Great Tusk|ability: Protosynthesis\n|-start|p2a: Great Tusk|protosynthesisatk\n|turn|7\n|\n|t:|1698072325\n|move|p1a: Pachirisu|Follow Me|p1a: Pachirisu\n|-singleturn|p1a: Pachirisu|move: Follow Me\n|move|p1b: Espathra|Stored Power|p2b: Walking Wake\n|-damage|p2b: Walking Wake|8\/100\n|move|p2b: Walking Wake|Hydro Steam|p1a: Pachirisu\n|-damage|p1a: Pachirisu|0 fnt\n|faint|p1a: Pachirisu\n|-damage|p2b: Walking Wake|0 fnt|[from] item: Life Orb\n|faint|p2b: Walking Wake\n|-end|p2b: Walking Wake|Protosynthesis|[silent]\n|move|p2a: Great Tusk|Rock Slide|p1b: Espathra\n|-damage|p1b: Espathra|48\/100\n|-enditem|p1b: Espathra|Sitrus Berry|[eat]\n|-heal|p1b: Espathra|73\/100|[from] item: Sitrus Berry\n|\n|-weather|SunnyDay|[upkeep]\n|-ability|p1b: Espathra|Speed Boost|boost\n|-boost|p1b: Espathra|spe|1\n|upkeep\n|\n|t:|1698072342\n|switch|p2b: Volcarona|Volcarona, F|100\/100\n|switch|p1a: Delphox|Delphox, F|100\/100\n|-damage|p1a: Delphox|76\/100|[from] Stealth Rock\n|turn|8\n|\n|t:|1698072364\n|move|p2b: Volcarona|Protect|p2b: Volcarona\n|-singleturn|p2b: Volcarona|Protect\n|move|p1b: Espathra|Stored Power|p2b: Volcarona\n|-activate|p2b: Volcarona|move: Protect\n|move|p1a: Delphox|Grass Knot|p2a: Great Tusk\n|-supereffective|p2a: Great Tusk\n|-crit|p2a: Great Tusk\n|-damage|p2a: Great Tusk|22\/100\n|move|p2a: Great Tusk|Headlong Rush|p1a: Delphox\n|-supereffective|p1a: Delphox\n|-damage|p1a: Delphox|0 fnt\n|-unboost|p2a: Great Tusk|def|1\n|-unboost|p2a: Great Tusk|spd|1\n|faint|p1a: Delphox\n|\n|-weather|none\n|-end|p2a: Great Tusk|Protosynthesis\n|-ability|p1b: Espathra|Speed Boost|boost\n|-boost|p1b: Espathra|spe|1\n|upkeep\n|turn|9\n|\n|t:|1698072389\n|move|p1b: Espathra|Stored Power|p2b: Volcarona\n|-damage|p2b: Volcarona|0 fnt\n|faint|p2b: Volcarona\n|move|p2a: Great Tusk|Headlong Rush|p1b: Espathra\n|-damage|p1b: Espathra|10\/100\n|-unboost|p2a: Great Tusk|def|1\n|-unboost|p2a: Great Tusk|spd|1\n|\n|-ability|p1b: Espathra|Speed Boost|boost\n|-boost|p1b: Espathra|spe|1\n|upkeep\n|\n|t:|1698072398\n|switch|p2b: Charizard|Charizard, M, shiny|100\/100\n|turn|10\n|\n|t:|1698072404\n|detailschange|p2b: Charizard|Charizard-Mega-Y, M, shiny\n|-mega|p2b: Charizard|Charizard|Charizardite Y\n|-weather|SunnyDay|[from] ability: Drought|[of] p2b: Charizard\n|-activate|p2a: Great Tusk|ability: Protosynthesis\n|-start|p2a: Great Tusk|protosynthesisatk\n|move|p1b: Espathra|Stored Power|p2b: Charizard\n|-damage|p2b: Charizard|0 fnt\n|faint|p2b: Charizard\n|move|p2a: Great Tusk|Headlong Rush|p1b: Espathra\n|-damage|p1b: Espathra|0 fnt\n|-unboost|p2a: Great Tusk|def|1\n|-unboost|p2a: Great Tusk|spd|1\n|faint|p1b: Espathra\n|\n|win|milesforhire\n|raw|DanYuStar's rating: 1000 &rarr; <strong>1000<\/strong><br \/>(+0 for losing)\n|raw|milesforhire's rating: 1119 &rarr; <strong>1136<\/strong><br \/>(+17 for winning)\n|l|\u2606DanYuStar\n|c|\u2606milesforhire|gg\n","uploadtime":1698072437,"views":14,"p1id":"danyustar","p2id":"milesforhire","formatid":"gen9nationaldexdoubles","rating":1000,"private":0,"password":""}