{"id":"gen9nationaldexdoubles-1961663232","p1":"Jpolo23","p2":"Zera & Lucy","format":"[Gen 9] National Dex Doubles","log":"|j|\u2606Jpolo23\n|j|\u2606Zera & Lucy\n|t:|1696649639\n|gametype|doubles\n|player|p1|Jpolo23|alder|1239\n|player|p2|Zera & Lucy|cynthia|1202\n|teamsize|p1|6\n|teamsize|p2|6\n|gen|9\n|tier|[Gen 9] National Dex Doubles\n|rated|\n|rule|HP Percentage Mod: HP is shown in percentages\n|rule|Endless Battle Clause: Forcing endless battles is banned\n|rule|OHKO Clause: OHKO moves are banned\n|rule|Evasion Moves Clause: Evasion moves are banned\n|rule|Evasion Abilities Clause: Evasion abilities are banned\n|rule|Species Clause: Limit one of each Pok\u00e9mon\n|rule|Gravity Sleep Clause: The combination of sleep-inducing moves with imperfect accuracy and Gravity or Gigantamax Orbeetle are banned\n|clearpoke\n|poke|p1|Slaking, M|\n|poke|p1|Weezing-Galar, M|\n|poke|p1|Grafaiai, M|\n|poke|p1|Dipplin, F|\n|poke|p1|Oranguru, M|\n|poke|p1|Espathra, F|\n|poke|p2|Goodra-Hisui, F|\n|poke|p2|Indeedee, M|\n|poke|p2|Iron Bundle|\n|poke|p2|Ogerpon-Hearthflame, F|\n|poke|p2|Tornadus-Therian, M|\n|poke|p2|Munkidori, M|\n|teampreview\n|inactive|Battle timer is ON: inactive players will automatically lose when time's up. (requested by Zera & Lucy)\n|\n|t:|1696649654\n|start\n|switch|p1a: Slaking|Slaking, M|100\/100\n|switch|p1b: Weezing|Weezing-Galar, M|100\/100\n|switch|p2a: Goodra|Goodra-Hisui, F|100\/100\n|switch|p2b: Munkidori|Munkidori, M|100\/100\n|-ability|p1b: Weezing|Neutralizing Gas\n|turn|1\n|inactive|Jpolo23 has 120 seconds left.\n|\n|t:|1696649686\n|-terastallize|p1a: Slaking|Ghost\n|move|p2b: Munkidori|Sludge Wave|p1b: Weezing|[spread] p1a,p1b\n|-immune|p2a: Goodra\n|-resisted|p1a: Slaking\n|-damage|p1a: Slaking|79\/100\n|-damage|p1b: Weezing|58\/100\n|-damage|p2b: Munkidori|91\/100|[from] item: Life Orb\n|move|p1a: Slaking|Bulk Up|p1a: Slaking\n|-boost|p1a: Slaking|atk|1\n|-boost|p1a: Slaking|def|1\n|move|p1b: Weezing|Explosion|p2a: Goodra|[spread] p2a,p2b\n|-immune|p1a: Slaking\n|-enditem|p1b: Weezing|Normal Gem|[from] gem\n|-resisted|p2a: Goodra\n|-damage|p2a: Goodra|75\/100\n|-damage|p2b: Munkidori|12\/100\n|faint|p1b: Weezing\n|-end|p1b: Weezing|ability: Neutralizing Gas\n|move|p2a: Goodra|Gyro Ball|p1a: Slaking\n|-damage|p1a: Slaking|65\/100\n|\n|-heal|p1a: Slaking|72\/100|[from] item: Leftovers\n|-heal|p2a: Goodra|81\/100|[from] item: Leftovers\n|upkeep\n|inactive|Jpolo23 has 120 seconds left.\n|\n|t:|1696649708\n|switch|p1b: Grafaiai|Grafaiai, M|100\/100\n|turn|2\n|inactive|Jpolo23 has 120 seconds left.\n|\n|t:|1696649729\n|move|p1b: Grafaiai|Doodle|p2a: Goodra\n|-endability|p1a: Slaking|Truant|[from] move: Doodle\n|-ability|p1a: Slaking|Gooey|[from] move: Doodle\n|-endability|p1b: Grafaiai|Prankster|[from] move: Doodle\n|-ability|p1b: Grafaiai|Gooey|[from] move: Doodle\n|move|p2b: Munkidori|U-turn|p1a: Slaking\n|-resisted|p1a: Slaking\n|-damage|p1a: Slaking|68\/100\n|-ability|p1a: Slaking|Gooey\n|-unboost|p2b: Munkidori|spe|1\n|-status|p1a: Slaking|tox|[from] ability: Toxic Chain|[of] p2b: Munkidori\n|-damage|p2b: Munkidori|2\/100|[from] item: Life Orb\n|\n|t:|1696649743\n|switch|p2b: Tornadus|Tornadus-Therian, M|100\/100|[from] U-turn\n|move|p1a: Slaking|Drain Punch|p2a: Goodra\n|-supereffective|p2a: Goodra\n|-damage|p2a: Goodra|7\/100\n|-heal|p1a: Slaking|95\/100 tox|[from] drain|[of] p2a: Goodra\n|-ability|p2a: Goodra|Gooey\n|-unboost|p1a: Slaking|spe|1\n|move|p2a: Goodra|Earthquake|p1a: Slaking|[spread] p1a,p1b\n|-immune|p2b: Tornadus\n|-supereffective|p1b: Grafaiai\n|-damage|p1a: Slaking|83\/100 tox\n|-damage|p1b: Grafaiai|30\/100\n|\n|-heal|p1a: Slaking|90\/100 tox|[from] item: Leftovers\n|-heal|p2a: Goodra|13\/100|[from] item: Leftovers\n|-damage|p1a: Slaking|83\/100 tox|[from] psn\n|upkeep\n|turn|3\n|inactive|Jpolo23 has 120 seconds left.\n|\n|t:|1696649785\n|move|p2b: Tornadus|Bleakwind Storm|p1a: Slaking|[spread] p1a,p1b\n|-damage|p1a: Slaking|42\/100 tox\n|-damage|p1b: Grafaiai|0 fnt\n|-unboost|p1a: Slaking|spe|1\n|faint|p1b: Grafaiai\n|-damage|p2b: Tornadus|91\/100|[from] item: Life Orb\n|move|p1a: Slaking|Return|p2b: Tornadus\n|-damage|p2b: Tornadus|0 fnt\n|faint|p2b: Tornadus\n|move|p2a: Goodra|Earthquake|p1a: Slaking\n|-damage|p1a: Slaking|27\/100 tox\n|\n|-heal|p1a: Slaking|33\/100 tox|[from] item: Leftovers\n|-heal|p2a: Goodra|19\/100|[from] item: Leftovers\n|-damage|p1a: Slaking|21\/100 tox|[from] psn\n|upkeep\n|inactive|Jpolo23 has 120 seconds left.\n|\n|t:|1696649823\n|switch|p2b: Indeedee|Indeedee, M|100\/100\n|switch|p1b: Oranguru|Oranguru, M|100\/100\n|-fieldstart|move: Psychic Terrain|[from] ability: Psychic Surge|[of] p2b: Indeedee\n|turn|4\n|\n|t:|1696649837\n|-terastallize|p2b: Indeedee|Psychic\n|move|p1b: Oranguru|Ally Switch|p1b: Oranguru\n|swap|p1b: Oranguru|0|[from] move: Ally Switch\n|move|p2b: Indeedee|Expanding Force|p1b: Slaking|[spread] p1a,p1b\n|-resisted|p1a: Oranguru\n|-damage|p1a: Oranguru|59\/100\n|-damage|p1b: Slaking|0 fnt\n|faint|p1b: Slaking\n|move|p2a: Goodra|Dragon Tail|p1a: Oranguru\n|-damage|p1a: Oranguru|38\/100\n|drag|p1a: Espathra|Espathra, F|100\/100\n|\n|-heal|p2a: Goodra|25\/100|[from] item: Leftovers\n|upkeep\n|j| Toxic Ariados\n|\n|t:|1696649848\n|switch|p1b: Oranguru|Oranguru, M|38\/100\n|turn|5\n|inactive|Jpolo23 has 120 seconds left.\n|\n|t:|1696649864\n|move|p1a: Espathra|Protect|p1a: Espathra\n|-singleturn|p1a: Espathra|Protect\n|move|p2b: Indeedee|Expanding Force|p1a: Espathra|[spread] p1b\n|-activate|p1a: Espathra|move: Protect\n|-resisted|p1b: Oranguru\n|-damage|p1b: Oranguru|0 fnt\n|faint|p1b: Oranguru\n|move|p2a: Goodra|Dragon Tail|p2b: Indeedee|[miss]\n|-miss|p2a: Goodra|p2b: Indeedee\n|\n|-heal|p2a: Goodra|31\/100|[from] item: Leftovers\n|-ability|p1a: Espathra|Speed Boost|boost\n|-boost|p1a: Espathra|spe|1\n|upkeep\n|\n|t:|1696649876\n|switch|p1b: Dipplin|Dipplin, F|100\/100\n|turn|6\n|inactive|Jpolo23 has 120 seconds left.\n|\n|t:|1696649900\n|move|p1a: Espathra|Calm Mind|p1a: Espathra\n|-boost|p1a: Espathra|spa|1\n|-boost|p1a: Espathra|spd|1\n|move|p2b: Indeedee|Expanding Force|p1b: Dipplin|[spread] p1a,p1b\n|-resisted|p1a: Espathra\n|-damage|p1a: Espathra|49\/100\n|-damage|p1b: Dipplin|40\/100\n|move|p1b: Dipplin|Infestation|p2b: Indeedee\n|-supereffective|p2b: Indeedee\n|-damage|p2b: Indeedee|88\/100\n|-activate|p2b: Indeedee|move: Infestation|[of] p1b: Dipplin\n|move|p2a: Goodra|Dragon Tail|p1b: Dipplin\n|-supereffective|p1b: Dipplin\n|-damage|p1b: Dipplin|8\/100\n|\n|-heal|p2a: Goodra|37\/100|[from] item: Leftovers\n|-damage|p2b: Indeedee|76\/100|[from] move: Infestation|[partiallytrapped]\n|-ability|p1a: Espathra|Speed Boost|boost\n|-boost|p1a: Espathra|spe|1\n|upkeep\n|turn|7\n|inactive|Jpolo23 has 120 seconds left.\n|\n|t:|1696649927\n|move|p1a: Espathra|Lumina Crash|p2b: Indeedee\n|-resisted|p2b: Indeedee\n|-damage|p2b: Indeedee|26\/100\n|-unboost|p2b: Indeedee|spd|2\n|move|p2b: Indeedee|Expanding Force|p1b: Dipplin|[spread] p1a,p1b\n|-resisted|p1a: Espathra\n|-damage|p1a: Espathra|0 fnt\n|-damage|p1b: Dipplin|0 fnt\n|faint|p1a: Espathra\n|faint|p1b: Dipplin\n|\n|win|Zera & Lucy\n|raw|Jpolo23's rating: 1239 &rarr; <strong>1211<\/strong><br \/>(-28 for losing)\n|raw|Zera &amp; Lucy's rating: 1202 &rarr; <strong>1230<\/strong><br \/>(+28 for winning)\n","uploadtime":1696649938,"views":7,"p1id":"jpolo23","p2id":"zeralucy","formatid":"gen9nationaldexdoubles","rating":1211,"private":0,"password":""}