{"id":"gen9nationaldexdoubles-1962256925","p1":"tanukikuki","p2":"Dharma No Harma","format":"[Gen 9] National Dex Doubles","log":"|j|\u2606tanukikuki\n|j|\u2606Dharma No Harma\n|t:|1696723557\n|gametype|doubles\n|player|p1|tanukikuki|pokemonbreederf-gen4|\n|player|p2|Dharma No Harma|sage|\n|teamsize|p1|6\n|teamsize|p2|6\n|gen|9\n|tier|[Gen 9] National Dex Doubles\n|rule|HP Percentage Mod: HP is shown in percentages\n|rule|Endless Battle Clause: Forcing endless battles is banned\n|rule|OHKO Clause: OHKO moves are banned\n|rule|Evasion Moves Clause: Evasion moves are banned\n|rule|Evasion Abilities Clause: Evasion abilities are banned\n|rule|Species Clause: Limit one of each Pok\u00e9mon\n|rule|Gravity Sleep Clause: The combination of sleep-inducing moves with imperfect accuracy and Gravity or Gigantamax Orbeetle are banned\n|clearpoke\n|poke|p1|Falinks|\n|poke|p1|Decidueye-Hisui, M|\n|poke|p1|Flamigo, M|\n|poke|p1|Swoobat, M|\n|poke|p1|Sinistcha|\n|poke|p1|Clefairy, M|\n|poke|p2|Lilligant, F|\n|poke|p2|Oricorio-Sensu, M|\n|poke|p2|Oranguru, M|\n|poke|p2|Dragonite, M|\n|poke|p2|Gliscor, M|\n|poke|p2|Chansey, F|\n|teampreview\n|\n|t:|1696723600\n|start\n|switch|p1a: Buncha Doods|Falinks|100\/100\n|switch|p1b: Silly Hat|Decidueye-Hisui, M|100\/100\n|switch|p2a: Sassy|Oricorio-Sensu, M, shiny|100\/100\n|switch|p2b: Genmaicha|Lilligant, F, shiny|100\/100\n|turn|1\n|\n|t:|1696723619\n|move|p2a: Sassy|Quiver Dance|p2a: Sassy\n|-boost|p2a: Sassy|spa|1\n|-boost|p2a: Sassy|spd|1\n|-boost|p2a: Sassy|spe|1\n|move|p2b: Genmaicha|Quiver Dance|p2b: Genmaicha\n|-boost|p2b: Genmaicha|spa|1\n|-boost|p2b: Genmaicha|spd|1\n|-boost|p2b: Genmaicha|spe|1\n|-activate|p2a: Sassy|ability: Dancer\n|move|p2a: Sassy|Quiver Dance|p2a: Sassy|[from]ability: Dancer\n|-boost|p2a: Sassy|spa|1\n|-boost|p2a: Sassy|spd|1\n|-boost|p2a: Sassy|spe|1\n|move|p1a: Buncha Doods|No Retreat|p1a: Buncha Doods\n|-boost|p1a: Buncha Doods|atk|1\n|-boost|p1a: Buncha Doods|def|1\n|-boost|p1a: Buncha Doods|spa|1\n|-boost|p1a: Buncha Doods|spd|1\n|-boost|p1a: Buncha Doods|spe|1\n|-start|p1a: Buncha Doods|move: No Retreat\n|move|p1b: Silly Hat|U-turn|p2b: Genmaicha\n|-supereffective|p2b: Genmaicha\n|-damage|p2b: Genmaicha|50\/100\n|\n|t:|1696723638\n|switch|p1b: Flaming Joe|Flamigo, M|100\/100|[from] U-turn\n|-copyboost|p1b: Flaming Joe|p1a: Buncha Doods|[from] ability: Costar\n|\n|-heal|p2b: Genmaicha|56\/100|[from] item: Leftovers\n|upkeep\n|turn|2\n|\n|t:|1696723755\n|move|p2b: Genmaicha|Protect|p2b: Genmaicha\n|-singleturn|p2b: Genmaicha|Protect\n|move|p2a: Sassy|Hidden Power|p1b: Flaming Joe\n|-supereffective|p1b: Flaming Joe\n|-damage|p1b: Flaming Joe|6\/100\n|move|p1b: Flaming Joe|U-turn|p2a: Sassy\n|-resisted|p2a: Sassy\n|-damage|p2a: Sassy|82\/100\n|-damage|p1b: Flaming Joe|0 fnt|[from] item: Life Orb\n|faint|p1b: Flaming Joe\n|move|p1a: Buncha Doods|Knock Off|p2a: Sassy\n|-supereffective|p2a: Sassy\n|-damage|p2a: Sassy|0 fnt\n|-enditem|p2a: Sassy|Expert Belt|[from] move: Knock Off|[of] p1a: Buncha Doods\n|faint|p2a: Sassy\n|\n|-heal|p2b: Genmaicha|62\/100|[from] item: Leftovers\n|upkeep\n|\n|t:|1696723785\n|switch|p1b: Hunka Hunka|Swoobat, M|100\/100\n|switch|p2a: Abe|Oranguru, M, shiny|100\/100\n|turn|3\n|\n|t:|1696723812\n|move|p2b: Genmaicha|Quiver Dance|p2b: Genmaicha\n|-boost|p2b: Genmaicha|spa|1\n|-boost|p2b: Genmaicha|spd|1\n|-boost|p2b: Genmaicha|spe|1\n|move|p1a: Buncha Doods|Knock Off|p2a: Abe\n|-supereffective|p2a: Abe\n|-damage|p2a: Abe|16\/100\n|-enditem|p2a: Abe|Heavy-Duty Boots|[from] move: Knock Off|[of] p1a: Buncha Doods\n|move|p1b: Hunka Hunka|Psych Up|p1a: Buncha Doods\n|-copyboost|p1b: Hunka Hunka|p1a: Buncha Doods|[from] move: Psych Up\n|move|p2a: Abe|Instruct|p2b: Genmaicha\n|-singleturn|p2b: Genmaicha|move: Instruct|[of] p2a: Abe\n|move|p2b: Genmaicha|Quiver Dance|p2b: Genmaicha\n|-boost|p2b: Genmaicha|spa|1\n|-boost|p2b: Genmaicha|spd|1\n|-boost|p2b: Genmaicha|spe|1\n|\n|-heal|p2b: Genmaicha|68\/100|[from] item: Leftovers\n|upkeep\n|turn|4\n|\n|t:|1696723942\n|move|p2b: Genmaicha|Giga Drain|p1b: Hunka Hunka\n|-resisted|p1b: Hunka Hunka\n|-damage|p1b: Hunka Hunka|39\/100\n|-heal|p2b: Genmaicha|98\/100|[from] drain|[of] p1b: Hunka Hunka\n|move|p1b: Hunka Hunka|Nasty Plot|p1b: Hunka Hunka\n|-boost|p1b: Hunka Hunka|spa|4\n|move|p1a: Buncha Doods|Lunge|p2b: Genmaicha\n|-supereffective|p2b: Genmaicha\n|-damage|p2b: Genmaicha|6\/100\n|-unboost|p2b: Genmaicha|atk|1\n|move|p2a: Abe|Psyshock|p1a: Buncha Doods\n|-supereffective|p1a: Buncha Doods\n|-damage|p1a: Buncha Doods|43\/100\n|\n|-heal|p2b: Genmaicha|12\/100|[from] item: Leftovers\n|upkeep\n|turn|5\n|\n|t:|1696724015\n|move|p2b: Genmaicha|Giga Drain|p1a: Buncha Doods\n|-damage|p1a: Buncha Doods|0 fnt\n|-heal|p2b: Genmaicha|33\/100|[from] drain|[of] p1a: Buncha Doods\n|faint|p1a: Buncha Doods\n|move|p1b: Hunka Hunka|Signal Beam|p2b: Genmaicha\n|-supereffective|p2b: Genmaicha\n|-damage|p2b: Genmaicha|0 fnt\n|faint|p2b: Genmaicha\n|move|p2a: Abe|Instruct|p2: Genmaicha|[notarget]\n|-fail|p2a: Abe\n|\n|upkeep\n|\n|t:|1696724043\n|switch|p2b: Hobgoblin|Gliscor, M, shiny|100\/100\n|switch|p1a: Piffy|Clefairy, M|100\/100\n|turn|6\n|\n|t:|1696724070\n|move|p1b: Hunka Hunka|Stored Power|p2b: Hobgoblin\n|-damage|p2b: Hobgoblin|0 fnt\n|faint|p2b: Hobgoblin\n|move|p2a: Abe|Knock Off|p1a: Piffy\n|-resisted|p1a: Piffy\n|-damage|p1a: Piffy|94\/100\n|-enditem|p1a: Piffy|Eviolite|[from] move: Knock Off|[of] p2a: Abe\n|move|p1a: Piffy|Heal Pulse|p1b: Hunka Hunka\n|-heal|p1b: Hunka Hunka|90\/100\n|\n|upkeep\n|\n|t:|1696724080\n|switch|p2b: Cholly Energy|Dragonite, M, shiny|100\/100\n|turn|7\n|\n|t:|1696724111\n|move|p1a: Piffy|Follow Me|p1a: Piffy\n|-singleturn|p1a: Piffy|move: Follow Me\n|move|p1b: Hunka Hunka|Stored Power|p2b: Cholly Energy\n|-damage|p2b: Cholly Energy|0 fnt\n|faint|p2b: Cholly Energy\n|move|p2a: Abe|Instruct|p1a: Piffy\n|-singleturn|p1a: Piffy|move: Instruct|[of] p2a: Abe\n|move|p1a: Piffy|Follow Me||[still]\n|-fail|p1a: Piffy\n|\n|upkeep\n|\n|t:|1696724123\n|switch|p2b: Bouba|Chansey, F, shiny|100\/100\n|turn|8\n|\n|t:|1696724183\n|move|p1b: Hunka Hunka|Signal Beam|p2a: Abe\n|-supereffective|p2a: Abe\n|-damage|p2a: Abe|0 fnt\n|faint|p2a: Abe\n|move|p2b: Bouba|Light Screen|p2b: Bouba\n|-sidestart|p2: Dharma No Harma|move: Light Screen\n|move|p1a: Piffy|Wish|p1a: Piffy\n|\n|upkeep\n|turn|9\n|\n|t:|1696724204\n|switch|p1a: Whiskey|Sinistcha|100\/100\n|move|p1b: Hunka Hunka|Nasty Plot|p1b: Hunka Hunka\n|-boost|p1b: Hunka Hunka|spa|1\n|move|p2b: Bouba|Seismic Toss|p1a: Whiskey\n|-immune|p1a: Whiskey\n|\n|upkeep\n|turn|10\n|\n|t:|1696724242\n|move|p1b: Hunka Hunka|Stored Power|p2b: Bouba\n|-damage|p2b: Bouba|0 fnt\n|faint|p2b: Bouba\n|\n|win|tanukikuki\n","uploadtime":1696724249,"views":11,"p1id":"tanukikuki","p2id":"dharmanoharma","formatid":"gen9nationaldexdoubles","rating":0,"private":0,"password":""}