{"id":"gen9nationaldexdoubles-1985515957","p1":"GenerallGrievous","p2":"Electro_97","format":"[Gen 9] National Dex Doubles","log":"|j|\u2606GenerallGrievous\n|j|\u2606Electro_97\n|t:|1699381047\n|gametype|doubles\n|player|p1|GenerallGrievous|fantina|1150\n|player|p2|Electro_97|scientist|1056\n|teamsize|p1|6\n|teamsize|p2|6\n|gen|9\n|tier|[Gen 9] National Dex Doubles\n|rated|\n|rule|HP Percentage Mod: HP is shown in percentages\n|rule|Endless Battle Clause: Forcing endless battles is banned\n|rule|OHKO Clause: OHKO moves are banned\n|rule|Evasion Moves Clause: Evasion moves are banned\n|rule|Evasion Abilities Clause: Evasion abilities are banned\n|rule|Species Clause: Limit one of each Pok\u00e9mon\n|rule|Gravity Sleep Clause: The combination of sleep-inducing moves with imperfect accuracy and Gravity or Gigantamax Orbeetle are banned\n|clearpoke\n|poke|p1|Fezandipiti, M|\n|poke|p1|Flutter Mane|\n|poke|p1|Rillaboom, M|\n|poke|p1|Salamence, M|\n|poke|p1|Volcarona, F|\n|poke|p1|Empoleon, M|\n|poke|p2|Toxtricity-Low-Key, M|\n|poke|p2|Cryogonal|\n|poke|p2|Sableye, M|\n|poke|p2|Walking Wake|\n|poke|p2|Stonjourner, M|\n|poke|p2|Toedscruel, F|\n|teampreview\n|\n|t:|1699381070\n|start\n|switch|p1a: Flying|Salamence, M|100\/100\n|switch|p1b: HmmMonke|Rillaboom, M, shiny|100\/100\n|switch|p2a: Stonjourner|Stonjourner, M|100\/100\n|switch|p2b: Toedscruel|Toedscruel, F|100\/100\n|-ability|p1a: Flying|Intimidate|boost\n|-unboost|p2a: Stonjourner|atk|1\n|-unboost|p2b: Toedscruel|atk|1\n|-fieldstart|move: Grassy Terrain|[from] ability: Grassy Surge|[of] p1b: HmmMonke\n|turn|1\n|\n|t:|1699381101\n|detailschange|p1a: Flying|Salamence-Mega, M\n|-mega|p1a: Flying|Salamence|Salamencite\n|move|p1b: HmmMonke|Fake Out|p2b: Toedscruel\n|-damage|p2b: Toedscruel|76\/100\n|-damage|p1b: HmmMonke|84\/100|[from] item: Rocky Helmet|[of] p2b: Toedscruel\n|move|p1a: Flying|Tailwind|p1a: Flying\n|-sidestart|p1: GenerallGrievous|move: Tailwind\n|move|p2a: Stonjourner|Heat Crash|p1b: HmmMonke\n|-supereffective|p1b: HmmMonke\n|-damage|p1b: HmmMonke|29\/100\n|cant|p2b: Toedscruel|flinch\n|\n|-heal|p1b: HmmMonke|35\/100|[from] Grassy Terrain\n|-heal|p2b: Toedscruel|82\/100|[from] Grassy Terrain\n|upkeep\n|turn|2\n|inactive|Battle timer is ON: inactive players will automatically lose when time's up. (requested by GenerallGrievous)\n|\n|t:|1699381135\n|switch|p2b: Toxtricity|Toxtricity-Low-Key, M, shiny|100\/100\n|move|p1b: HmmMonke|Grassy Glide|p2a: Stonjourner\n|-supereffective|p2a: Stonjourner\n|-damage|p2a: Stonjourner|44\/100\n|move|p1a: Flying|Hyper Voice|p2a: Stonjourner|[spread] p2a,p2b\n|-resisted|p2a: Stonjourner\n|-resisted|p2b: Toxtricity\n|-damage|p2a: Stonjourner|0 fnt\n|-damage|p2b: Toxtricity|89\/100\n|faint|p2a: Stonjourner\n|\n|-heal|p1b: HmmMonke|41\/100|[from] Grassy Terrain\n|-heal|p2b: Toxtricity|95\/100|[from] Grassy Terrain\n|upkeep\n|\n|t:|1699381152\n|switch|p2a: Cryogonal|Cryogonal, shiny|100\/100\n|turn|3\n|inactive|GenerallGrievous has 120 seconds left.\n|\n|t:|1699381185\n|switch|p1a: Solana|Volcarona, F|100\/100\n|move|p1b: HmmMonke|U-turn|p2a: Cryogonal\n|-crit|p2a: Cryogonal\n|-damage|p2a: Cryogonal|40\/100\n|inactive|GenerallGrievous has 120 seconds left.\n|\n|t:|1699381196\n|switch|p1b: LordPengu|Empoleon, M|100\/100|[from] U-turn\n|move|p2a: Cryogonal|Freeze-Dry|p1a: Solana\n|-resisted|p1a: Solana\n|-damage|p1a: Solana|89\/100\n|move|p2b: Toxtricity|Overdrive|p1b: LordPengu|[spread] p1a,p1b\n|-supereffective|p1b: LordPengu\n|-damage|p1a: Solana|33\/100\n|-damage|p1b: LordPengu|0 fnt\n|faint|p1b: LordPengu\n|\n|-heal|p1a: Solana|39\/100|[from] Grassy Terrain\n|-heal|p2a: Cryogonal|46\/100|[from] item: Leftovers\n|-heal|p2b: Toxtricity|100\/100|[from] Grassy Terrain\n|upkeep\n|\n|t:|1699381216\n|switch|p1b: HmmMonke|Rillaboom, M, shiny|41\/100\n|turn|4\n|inactive|GenerallGrievous has 120 seconds left.\n|\n|t:|1699381241\n|switch|p2a: Sableye|Sableye, M|100\/100\n|move|p1a: Solana|Heat Wave|p2b: Toxtricity|[spread] p2a,p2b\n|-damage|p2a: Sableye|48\/100\n|-damage|p2b: Toxtricity|57\/100\n|move|p1b: HmmMonke|Earthquake|p2b: Toxtricity|[spread] p1a,p2a,p2b\n|-crit|p2a: Sableye\n|-supereffective|p2b: Toxtricity\n|-damage|p1a: Solana|26\/100\n|-damage|p2a: Sableye|25\/100\n|-damage|p2b: Toxtricity|0 fnt\n|faint|p2b: Toxtricity\n|\n|-heal|p1a: Solana|32\/100|[from] Grassy Terrain\n|-heal|p1b: HmmMonke|48\/100|[from] Grassy Terrain\n|-heal|p2a: Sableye|31\/100|[from] Grassy Terrain\n|-sideend|p1: GenerallGrievous|move: Tailwind\n|upkeep\n|\n|t:|1699381256\n|switch|p2b: Walking Wake|Walking Wake|100\/100\n|turn|5\n|inactive|GenerallGrievous has 120 seconds left.\n|\n|t:|1699381288\n|move|p1a: Solana|Rage Powder|p1a: Solana\n|-singleturn|p1a: Solana|move: Rage Powder\n|move|p2a: Sableye|Light Screen|p2a: Sableye\n|-sidestart|p2: Electro_97|move: Light Screen\n|move|p2b: Walking Wake|Draco Meteor|p1a: Solana\n|-damage|p1a: Solana|0 fnt\n|-unboost|p2b: Walking Wake|spa|2\n|faint|p1a: Solana\n|move|p1b: HmmMonke|U-turn|p2a: Sableye\n|-damage|p2a: Sableye|3\/100\n|inactive|GenerallGrievous has 90 seconds left.\n|\n|t:|1699381304\n|switch|p1b: Flying|Salamence-Mega, M|100\/100|[from] U-turn\n|\n|-heal|p2a: Sableye|9\/100|[from] Grassy Terrain\n|-fieldend|move: Grassy Terrain\n|upkeep\n|inactive|GenerallGrievous has 90 seconds left.\n|\n|t:|1699381311\n|switch|p1a: LordShen|Fezandipiti, M|100\/100\n|turn|6\n|\n|t:|1699381324\n|-end|p2b: Walking Wake|Protosynthesis|[silent]\n|switch|p2b: Toedscruel|Toedscruel, F|82\/100\n|move|p1b: Flying|Protect|p1b: Flying\n|-singleturn|p1b: Flying|Protect\n|move|p2a: Sableye|Will-O-Wisp|p1b: Flying\n|-activate|p1b: Flying|move: Protect\n|move|p1a: LordShen|Dazzling Gleam|p2b: Toedscruel|[spread] p2a,p2b\n|-supereffective|p2a: Sableye\n|-crit|p2b: Toedscruel\n|-damage|p2a: Sableye|0 fnt\n|-damage|p2b: Toedscruel|59\/100\n|-status|p2b: Toedscruel|tox|[from] ability: Toxic Chain|[of] p1a: LordShen\n|faint|p2a: Sableye\n|\n|-damage|p2b: Toedscruel|53\/100 tox|[from] psn\n|upkeep\n|\n|t:|1699381339\n|switch|p2a: Walking Wake|Walking Wake|100\/100\n|turn|7\n|\n|t:|1699381366\n|switch|p1b: Spoopy|Flutter Mane|100\/100\n|-terastallize|p2a: Walking Wake|Fairy\n|move|p2a: Walking Wake|Tera Blast|p1b: Spoopy|[anim] Tera Blast Fairy\n|-damage|p1b: Spoopy|57\/100\n|move|p1a: LordShen|Venoshock|p2b: Toedscruel\n|-damage|p2b: Toedscruel|29\/100 tox\n|move|p2b: Toedscruel|Spore|p1a: LordShen\n|-status|p1a: LordShen|slp|[from] move: Spore\n|\n|-damage|p2b: Toedscruel|17\/100 tox|[from] psn\n|upkeep\n|turn|8\n|inactive|GenerallGrievous has 120 seconds left.\n|\n|t:|1699381416\n|move|p1b: Spoopy|Dazzling Gleam|p2b: Toedscruel|[spread] p2a,p2b\n|-damage|p2a: Walking Wake|77\/100\n|-damage|p2b: Toedscruel|0 fnt\n|faint|p2b: Toedscruel\n|-damage|p1b: Spoopy|48\/100|[from] item: Life Orb\n|move|p2a: Walking Wake|Hydro Steam|p1b: Spoopy\n|-damage|p1b: Spoopy|8\/100\n|cant|p1a: LordShen|slp\n|\n|upkeep\n|\n|t:|1699381426\n|switch|p2b: Cryogonal|Cryogonal, shiny|46\/100\n|turn|9\n|\n|t:|1699381439\n|move|p1b: Spoopy|Protect|p1b: Spoopy\n|-singleturn|p1b: Spoopy|Protect\n|move|p2a: Walking Wake|Tera Blast|p1b: Spoopy|[anim] Tera Blast Fairy\n|-activate|p1b: Spoopy|move: Protect\n|move|p2b: Cryogonal|Rapid Spin|p1a: LordShen\n|-damage|p1a: LordShen|94\/100 slp\n|-boost|p2b: Cryogonal|spe|1\n|cant|p1a: LordShen|slp\n|\n|-heal|p2b: Cryogonal|52\/100|[from] item: Leftovers\n|-heal|p1a: LordShen|100\/100 slp|[from] item: Leftovers\n|-sideend|p2: Electro_97|move: Light Screen\n|upkeep\n|turn|10\n|inactive|GenerallGrievous has 120 seconds left.\n|\n|t:|1699381470\n|move|p1b: Spoopy|Mystical Fire|p2b: Cryogonal\n|-supereffective|p2b: Cryogonal\n|-damage|p2b: Cryogonal|14\/100\n|-unboost|p2b: Cryogonal|spa|1\n|-damage|p1b: Spoopy|0 fnt|[from] item: Life Orb\n|faint|p1b: Spoopy\n|-end|p1b: Spoopy|Protosynthesis|[silent]\n|move|p2b: Cryogonal|Rapid Spin|p1a: LordShen\n|-damage|p1a: LordShen|94\/100 slp\n|-boost|p2b: Cryogonal|spe|1\n|move|p2a: Walking Wake|Hydro Steam|p1a: LordShen\n|-damage|p1a: LordShen|70\/100 slp\n|cant|p1a: LordShen|slp\n|\n|-heal|p2b: Cryogonal|20\/100|[from] item: Leftovers\n|-heal|p1a: LordShen|76\/100 slp|[from] item: Leftovers\n|upkeep\n|inactive|GenerallGrievous has 120 seconds left.\n|\n|t:|1699381491\n|switch|p1b: HmmMonke|Rillaboom, M, shiny|48\/100\n|-fieldstart|move: Grassy Terrain|[from] ability: Grassy Surge|[of] p1b: HmmMonke\n|turn|11\n|inactive|GenerallGrievous has 120 seconds left.\n|\n|t:|1699381517\n|-terastallize|p1b: HmmMonke|Fire\n|move|p1b: HmmMonke|Fake Out|p2a: Walking Wake\n|-damage|p2a: Walking Wake|59\/100\n|move|p2b: Cryogonal|Recover|p2b: Cryogonal\n|-heal|p2b: Cryogonal|70\/100\n|cant|p2a: Walking Wake|flinch\n|-curestatus|p1a: LordShen|slp|[msg]\n|move|p1a: LordShen|Heat Wave|p2a: Walking Wake|[spread] p2a,p2b\n|-supereffective|p2b: Cryogonal\n|-damage|p2a: Walking Wake|50\/100\n|-damage|p2b: Cryogonal|55\/100\n|-status|p2b: Cryogonal|tox|[from] ability: Toxic Chain|[of] p1a: LordShen\n|\n|-heal|p2b: Cryogonal|61\/100 tox|[from] item: Leftovers\n|-heal|p2a: Walking Wake|56\/100|[from] Grassy Terrain\n|-heal|p1a: LordShen|82\/100|[from] Grassy Terrain\n|-heal|p1a: LordShen|88\/100|[from] item: Leftovers\n|-heal|p1b: HmmMonke|54\/100|[from] Grassy Terrain\n|-damage|p2b: Cryogonal|55\/100 tox|[from] psn\n|upkeep\n|turn|12\n|inactive|GenerallGrievous has 120 seconds left.\n|inactive|GenerallGrievous has 90 seconds left.\n|\n|t:|1699381557\n|move|p1b: HmmMonke|Grassy Glide|p2a: Walking Wake\n|-damage|p2a: Walking Wake|10\/100\n|move|p2b: Cryogonal|Recover|p2b: Cryogonal\n|-heal|p2b: Cryogonal|100\/100 tox\n|move|p2a: Walking Wake|Hydro Steam|p1b: HmmMonke\n|-supereffective|p1b: HmmMonke\n|-damage|p1b: HmmMonke|0 fnt\n|faint|p1b: HmmMonke\n|move|p1a: LordShen|Heat Wave|p2a: Walking Wake|[spread] p2a,p2b\n|-supereffective|p2b: Cryogonal\n|-crit|p2b: Cryogonal\n|-damage|p2a: Walking Wake|0 fnt\n|-damage|p2b: Cryogonal|79\/100 tox\n|faint|p2a: Walking Wake\n|-end|p2a: Walking Wake|Protosynthesis|[silent]\n|\n|-heal|p2b: Cryogonal|85\/100 tox|[from] item: Leftovers\n|-heal|p1a: LordShen|94\/100|[from] Grassy Terrain\n|-heal|p1a: LordShen|99\/100|[from] item: Leftovers\n|-damage|p2b: Cryogonal|72\/100 tox|[from] psn\n|upkeep\n|inactive|GenerallGrievous has 90 seconds left.\n|\n|t:|1699381578\n|switch|p1b: Flying|Salamence-Mega, M|100\/100\n|turn|13\n|inactive|GenerallGrievous has 90 seconds left.\n|\n|t:|1699381590\n|move|p1b: Flying|Protect|p1b: Flying\n|-singleturn|p1b: Flying|Protect\n|move|p2b: Cryogonal|Freeze-Dry|p1b: Flying\n|-activate|p1b: Flying|move: Protect\n|move|p1a: LordShen|Venoshock|p2b: Cryogonal\n|-damage|p2b: Cryogonal|52\/100 tox\n|\n|-heal|p2b: Cryogonal|58\/100 tox|[from] item: Leftovers\n|-heal|p1a: LordShen|100\/100|[from] Grassy Terrain\n|-damage|p2b: Cryogonal|40\/100 tox|[from] psn\n|upkeep\n|turn|14\n|inactive|GenerallGrievous has 90 seconds left.\n|\n|t:|1699381623\n|move|p2b: Cryogonal|Freeze-Dry|p1b: Flying\n|-supereffective|p1b: Flying\n|-crit|p1b: Flying\n|-damage|p1b: Flying|0 fnt\n|faint|p1b: Flying\n|move|p1a: LordShen|Heat Wave|p2b: Cryogonal\n|-supereffective|p2b: Cryogonal\n|-crit|p2b: Cryogonal\n|-damage|p2b: Cryogonal|10\/100 tox\n|\n|-heal|p2b: Cryogonal|16\/100 tox|[from] item: Leftovers\n|-damage|p2b: Cryogonal|0 fnt|[from] psn\n|faint|p2b: Cryogonal\n|\n|win|GenerallGrievous\n|upkeep\n|raw|GenerallGrievous's rating: 1150 &rarr; <strong>1168<\/strong><br \/>(+18 for winning)\n|raw|Electro_97's rating: 1056 &rarr; <strong>1042<\/strong><br \/>(-14 for losing)\n|l|\u2606Electro_97\n","uploadtime":1699381642,"views":5,"p1id":"generallgrievous","p2id":"electro97","formatid":"gen9nationaldexdoubles","rating":1042,"private":0,"password":""}