{"id":"gen9nationaldexdoubles-1948964074","p1":"ColtDoesStuff","p2":"kyjin42","format":"[Gen 9] National Dex Doubles","log":"|j|\u2606ColtDoesStuff\n|j|\u2606kyjin42\n|t:|1695315749\n|gametype|doubles\n|player|p1|ColtDoesStuff|pokemonranger-gen4|1051\n|player|p2|kyjin42|102|1037\n|teamsize|p1|6\n|teamsize|p2|6\n|gen|9\n|tier|[Gen 9] National Dex Doubles\n|rated|\n|rule|HP Percentage Mod: HP is shown in percentages\n|rule|Endless Battle Clause: Forcing endless battles is banned\n|rule|OHKO Clause: OHKO moves are banned\n|rule|Evasion Moves Clause: Evasion moves are banned\n|rule|Evasion Abilities Clause: Evasion abilities are banned\n|rule|Species Clause: Limit one of each Pok\u00e9mon\n|rule|Gravity Sleep Clause: The combination of sleep-inducing moves with imperfect accuracy and Gravity or Gigantamax Orbeetle are banned\n|clearpoke\n|poke|p1|Drifblim, M|\n|poke|p1|Houndoom, F|\n|poke|p1|Tangrowth, M|\n|poke|p1|Manectric, F|\n|poke|p1|Porygon-Z|\n|poke|p1|Lapras, M|\n|poke|p2|Raichu, M|\n|poke|p2|Corviknight, M|\n|poke|p2|Dragonite, M|\n|poke|p2|Keldeo-Resolute|\n|poke|p2|Breloom, M|\n|poke|p2|Lycanroc-Dusk, M|\n|teampreview\n|inactive|Battle timer is ON: inactive players will automatically lose when time's up. (requested by ColtDoesStuff)\n|\n|t:|1695315757\n|start\n|switch|p1a: Drifblim|Drifblim, M|100\/100\n|switch|p1b: Houndoom|Houndoom, F|100\/100\n|switch|p2a: Corviknight|Corviknight, M, shiny|100\/100\n|switch|p2b: Dragonite|Dragonite, M, shiny|100\/100\n|turn|1\n|\n|t:|1695315787\n|switch|p1a: Lapras|Lapras, M|100\/100\n|switch|p2a: Lycanroc|Lycanroc-Dusk, M, shiny|100\/100\n|move|p1b: Houndoom|Heat Wave|p2a: Lycanroc|[spread] p2a,p2b\n|-resisted|p2a: Lycanroc\n|-resisted|p2b: Dragonite\n|-damage|p2a: Lycanroc|70\/100\n|-damage|p2b: Dragonite|92\/100\n|move|p2b: Dragonite|Draco Meteor|p1b: Houndoom\n|-damage|p1b: Houndoom|40\/100\n|-unboost|p2b: Dragonite|spa|2\n|\n|upkeep\n|turn|2\n|inactive|kyjin42 has 120 seconds left.\n|\n|t:|1695315817\n|switch|p2b: Breloom|Breloom, M, shiny|100\/100\n|-terastallize|p1b: Houndoom|Dark\n|move|p2a: Lycanroc|Earth Power|p1b: Houndoom\n|-damage|p1b: Houndoom|16\/100\n|-damage|p2a: Lycanroc|60\/100|[from] item: Life Orb\n|move|p1b: Houndoom|Dark Pulse|p2b: Breloom\n|-resisted|p2b: Breloom\n|-damage|p2b: Breloom|59\/100\n|move|p1a: Lapras|Drill Run|p2a: Lycanroc\n|-supereffective|p2a: Lycanroc\n|-damage|p2a: Lycanroc|0 fnt\n|faint|p2a: Lycanroc\n|\n|upkeep\n|inactive|kyjin42 has 120 seconds left.\n|\n|t:|1695315839\n|switch|p2a: Corviknight|Corviknight, M, shiny|100\/100\n|turn|3\n|inactive|kyjin42 has 120 seconds left.\n|\n|t:|1695315857\n|move|p2b: Breloom|Mach Punch|p1b: Houndoom\n|-supereffective|p1b: Houndoom\n|-damage|p1b: Houndoom|0 fnt\n|faint|p1b: Houndoom\n|move|p2a: Corviknight|Drill Peck|p1a: Lapras\n|-damage|p1a: Lapras|71\/100\n|move|p1a: Lapras|Ice Beam|p2b: Breloom\n|-supereffective|p2b: Breloom\n|-damage|p2b: Breloom|0 fnt\n|faint|p2b: Breloom\n|\n|upkeep\n|\n|t:|1695315872\n|switch|p1b: Manectric|Manectric, F|100\/100\n|switch|p2b: Raichu|Raichu, M, shiny|100\/100\n|turn|4\n|\n|t:|1695315887\n|move|p2b: Raichu|Fake Out|p1b: Manectric\n|-damage|p1b: Manectric|74\/100\n|-damage|p2b: Raichu|91\/100|[from] item: Life Orb\n|cant|p1b: Manectric|flinch\n|move|p2a: Corviknight|Iron Defense|p2a: Corviknight\n|-boost|p2a: Corviknight|def|2\n|move|p1a: Lapras|Drill Run|p2b: Raichu\n|-supereffective|p2b: Raichu\n|-damage|p2b: Raichu|0 fnt\n|faint|p2b: Raichu\n|\n|upkeep\n|\n|t:|1695315902\n|switch|p2b: Keldeo|Keldeo-Resolute|100\/100\n|turn|5\n|\n|t:|1695315915\n|-terastallize|p2a: Corviknight|Flying\n|move|p2b: Keldeo|Secret Sword|p1a: Lapras\n|-supereffective|p1a: Lapras\n|-damage|p1a: Lapras|0 fnt\n|faint|p1a: Lapras\n|move|p1b: Manectric|Thunderbolt|p2a: Corviknight\n|-supereffective|p2a: Corviknight\n|-damage|p2a: Corviknight|0 fnt\n|faint|p2a: Corviknight\n|\n|upkeep\n|\n|t:|1695315927\n|switch|p2a: Dragonite|Dragonite, M, shiny|92\/100\n|switch|p1a: Drifblim|Drifblim, M|100\/100\n|turn|6\n|\n|t:|1695315938\n|switch|p1b: Porygon-Z|Porygon-Z|100\/100\n|move|p2b: Keldeo|Sacred Sword|p1b: Porygon-Z\n|-supereffective|p1b: Porygon-Z\n|-damage|p1b: Porygon-Z|54\/100\n|move|p1a: Drifblim|Psychic|p2b: Keldeo\n|-supereffective|p2b: Keldeo\n|-damage|p2b: Keldeo|39\/100\n|move|p2a: Dragonite|Earthquake|p1b: Porygon-Z|[spread] p2b,p1b\n|-immune|p1a: Drifblim\n|-damage|p2b: Keldeo|1\/100\n|-damage|p1b: Porygon-Z|27\/100\n|\n|-status|p1a: Drifblim|brn|[from] item: Flame Orb\n|upkeep\n|turn|7\n|\n|t:|1695315965\n|switch|p1b: Tangrowth|Tangrowth, M|100\/100\n|move|p2a: Dragonite|Extreme Speed|p1b: Tangrowth\n|-damage|p1b: Tangrowth|77\/100\n|move|p2b: Keldeo|Hydro Pump|p1a: Drifblim\n|-damage|p1a: Drifblim|22\/100 brn\n|move|p1a: Drifblim|Hex|p2a: Dragonite\n|-damage|p2a: Dragonite|55\/100\n|\n|-damage|p1a: Drifblim|16\/100 brn|[from] brn\n|upkeep\n|turn|8\n|\n|t:|1695315987\n|move|p2a: Dragonite|Extreme Speed|p1a: Drifblim\n|-immune|p1a: Drifblim\n|move|p2b: Keldeo|Secret Sword|p1b: Tangrowth\n|-damage|p1b: Tangrowth|39\/100\n|move|p1a: Drifblim|Air Slash|p2b: Keldeo\n|-supereffective|p2b: Keldeo\n|-damage|p2b: Keldeo|0 fnt\n|faint|p2b: Keldeo\n|move|p1b: Tangrowth|Double-Edge|p2a: Dragonite\n|-damage|p2a: Dragonite|28\/100\n|-damage|p1b: Tangrowth|29\/100|[from] Recoil\n|\n|-damage|p1a: Drifblim|10\/100 brn|[from] brn\n|upkeep\n|turn|9\n|\n|t:|1695316005\n|switch|p1a: Manectric|Manectric, F|74\/100\n|switch|p1b: Porygon-Z|Porygon-Z|27\/100\n|move|p2a: Dragonite|Earthquake|p1a: Manectric|[spread] p1a,p1b\n|-supereffective|p1a: Manectric\n|-damage|p1a: Manectric|0 fnt\n|-damage|p1b: Porygon-Z|0 fnt\n|faint|p1a: Manectric\n|faint|p1b: Porygon-Z\n|\n|upkeep\n|\n|t:|1695316008\n|switch|p1a: Drifblim|Drifblim, M|10\/100 brn\n|switch|p1b: Tangrowth|Tangrowth, M|62\/100\n|turn|10\n|\n|t:|1695316026\n|move|p1a: Drifblim|Air Slash|p2a: Dragonite\n|-damage|p2a: Dragonite|0 fnt\n|faint|p2a: Dragonite\n|\n|win|ColtDoesStuff\n|raw|ColtDoesStuff's rating: 1051 &rarr; <strong>1082<\/strong><br \/>(+31 for winning)\n|raw|kyjin42's rating: 1037 &rarr; <strong>1022<\/strong><br \/>(-15 for losing)\n","uploadtime":1695316033,"views":7,"p1id":"coltdoesstuff","p2id":"kyjin42","formatid":"gen9nationaldexdoubles","rating":1022,"private":0,"password":""}