{"id":"gen9nationaldexdoubles-1984187770","p1":"Kingcheetah009","p2":"Ninjacid","format":"[Gen 9] National Dex Doubles","log":"|j|\u2606Kingcheetah009\n|j|\u2606Ninjacid\n|t:|1699228028\n|gametype|doubles\n|player|p1|Kingcheetah009|2|\n|player|p2|Ninjacid|hiker-gen4|\n|teamsize|p1|6\n|teamsize|p2|6\n|gen|9\n|tier|[Gen 9] National Dex Doubles\n|rule|HP Percentage Mod: HP is shown in percentages\n|rule|Endless Battle Clause: Forcing endless battles is banned\n|rule|OHKO Clause: OHKO moves are banned\n|rule|Evasion Moves Clause: Evasion moves are banned\n|rule|Evasion Abilities Clause: Evasion abilities are banned\n|rule|Species Clause: Limit one of each Pok\u00e9mon\n|rule|Gravity Sleep Clause: The combination of sleep-inducing moves with imperfect accuracy and Gravity or Gigantamax Orbeetle are banned\n|clearpoke\n|poke|p1|Sylveon, F|\n|poke|p1|Jolteon, M|\n|poke|p1|Umbreon, M|\n|poke|p1|Vaporeon, F|\n|poke|p1|Flareon, M|\n|poke|p1|Espeon, F|\n|poke|p2|Zygarde|\n|poke|p2|Zamazenta-*|\n|poke|p2|Jirachi|\n|poke|p2|Rillaboom, M|\n|poke|p2|Kangaskhan, F|\n|poke|p2|Glimmora, M|\n|teampreview\n|inactive|Battle timer is ON: inactive players will automatically lose when time's up. (requested by Ninjacid)\n|c|\u2606Ninjacid|glhf\n|c|\u2606Kingcheetah009|gl\n|inactive|Kingcheetah009 has 270 seconds left.\n|\n|t:|1699228066\n|start\n|switch|p1a: Lectra|Jolteon, M, shiny|100\/100\n|switch|p1b: Sidney|Sylveon, F, shiny|100\/100\n|switch|p2a: Zamazenta|Zamazenta|100\/100\n|switch|p2b: Zygarde|Zygarde|100\/100\n|-ability|p2a: Zamazenta|Dauntless Shield|boost\n|-boost|p2a: Zamazenta|def|1\n|-ability|p2b: Zygarde|Aura Break\n|turn|1\n|j| Shazamwhich\n|\n|t:|1699228090\n|-terastallize|p2b: Zygarde|Fire\n|move|p2a: Zamazenta|Coaching|p2b: Zygarde\n|-boost|p2b: Zygarde|atk|1\n|-boost|p2b: Zygarde|def|1\n|move|p1a: Lectra|Hidden Power|p2b: Zygarde\n|-resisted|p2b: Zygarde\n|-damage|p2b: Zygarde|91\/100\n|move|p2b: Zygarde|Dragon Dance|p2b: Zygarde\n|-boost|p2b: Zygarde|atk|1\n|-boost|p2b: Zygarde|spe|1\n|move|p1b: Sidney|Hyper Voice|p2a: Zamazenta|[spread] p2a,p2b\n|-supereffective|p2a: Zamazenta\n|-resisted|p2b: Zygarde\n|-damage|p2a: Zamazenta|12\/100\n|-damage|p2b: Zygarde|61\/100\n|-enditem|p2a: Zamazenta|Sitrus Berry|[eat]\n|-heal|p2a: Zamazenta|37\/100|[from] item: Sitrus Berry\n|\n|upkeep\n|turn|2\n|\n|t:|1699228119\n|-terastallize|p1b: Sidney|Fairy\n|move|p2a: Zamazenta|Wide Guard|p2a: Zamazenta\n|-singleturn|p2a: Zamazenta|Wide Guard\n|move|p2b: Zygarde|Thousand Arrows|p1a: Lectra|[spread] p1a,p1b\n|-supereffective|p1a: Lectra\n|-damage|p1a: Lectra|0 fnt\n|-damage|p1b: Sidney|26\/100\n|faint|p1a: Lectra\n|move|p1b: Sidney|Hyper Voice|p2b: Zygarde|[spread] \n|-activate|p2a: Zamazenta|move: Wide Guard\n|-activate|p2b: Zygarde|move: Wide Guard\n|\n|upkeep\n|inactive|Kingcheetah009 has 270 seconds left.\n|\n|t:|1699228143\n|switch|p1a: Calyspo|Vaporeon, F, shiny|100\/100\n|turn|3\n|\n|t:|1699228168\n|move|p2b: Zygarde|Thousand Arrows|p1b: Sidney|[spread] p1a,p1b\n|-damage|p1a: Calyspo|33\/100\n|-damage|p1b: Sidney|0 fnt\n|faint|p1b: Sidney\n|move|p2a: Zamazenta|Coaching|p2b: Zygarde\n|-boost|p2b: Zygarde|atk|1\n|-boost|p2b: Zygarde|def|1\n|move|p1a: Calyspo|Surf|p2b: Zygarde|[spread] p2a,p2b\n|-supereffective|p2b: Zygarde\n|-damage|p2a: Zamazenta|17\/100\n|-damage|p2b: Zygarde|9\/100\n|\n|-heal|p1a: Calyspo|39\/100|[from] item: Leftovers\n|upkeep\n|\n|t:|1699228183\n|switch|p1b: Ra|Flareon, M, shiny|100\/100\n|turn|4\n|\n|t:|1699228192\n|move|p1b: Ra|Quick Attack|p2b: Zygarde\n|-damage|p2b: Zygarde|3\/100\n|move|p2b: Zygarde|Thousand Arrows|p1b: Ra|[spread] p1a,p1b\n|-supereffective|p1b: Ra\n|-damage|p1a: Calyspo|0 fnt\n|-damage|p1b: Ra|0 fnt\n|faint|p1a: Calyspo\n|faint|p1b: Ra\n|move|p2a: Zamazenta|Coaching|p2b: Zygarde\n|-boost|p2b: Zygarde|atk|1\n|-boost|p2b: Zygarde|def|1\n|\n|upkeep\n|c|\u2606Kingcheetah009|man\n|\n|t:|1699228203\n|switch|p1b: Coeus|Espeon, F, shiny|100\/100\n|switch|p1a: Erebus|Umbreon, M, shiny|100\/100\n|turn|5\n|\n|t:|1699228217\n|move|p2b: Zygarde|Thousand Arrows|p1a: Erebus|[spread] p1a,p1b\n|-damage|p1a: Erebus|26\/100\n|-damage|p1b: Coeus|0 fnt\n|faint|p1b: Coeus\n|move|p2a: Zamazenta|Body Press|p1a: Erebus\n|-supereffective|p1a: Erebus\n|-damage|p1a: Erebus|0 fnt\n|faint|p1a: Erebus\n|\n|win|Ninjacid\n|c|\u2606Kingcheetah009|gg\n|c|\u2606Ninjacid|gg\n","uploadtime":1699228227,"views":5,"p1id":"kingcheetah009","p2id":"ninjacid","formatid":"gen9nationaldexdoubles","rating":0,"private":0,"password":""}