{"id":"gen9nationaldexdoubles-1972534705","p1":"Feetstreetmeatseat","p2":"Brick_Enjoyer_144","format":"[Gen 9] National Dex Doubles","log":"|j|\u2606Feetstreetmeatseat\n|j|\u2606Brick_Enjoyer_144\n|t:|1697854006\n|gametype|doubles\n|player|p1|Feetstreetmeatseat|skierf|1219\n|player|p2|Brick_Enjoyer_144|shauntal|1223\n|teamsize|p1|6\n|teamsize|p2|6\n|gen|9\n|tier|[Gen 9] National Dex Doubles\n|rated|\n|rule|HP Percentage Mod: HP is shown in percentages\n|rule|Endless Battle Clause: Forcing endless battles is banned\n|rule|OHKO Clause: OHKO moves are banned\n|rule|Evasion Moves Clause: Evasion moves are banned\n|rule|Evasion Abilities Clause: Evasion abilities are banned\n|rule|Species Clause: Limit one of each Pok\u00e9mon\n|rule|Gravity Sleep Clause: The combination of sleep-inducing moves with imperfect accuracy and Gravity or Gigantamax Orbeetle are banned\n|clearpoke\n|poke|p1|Porygon2|\n|poke|p1|Torkoal, M|\n|poke|p1|Incineroar, F|\n|poke|p1|Iron Hands|\n|poke|p1|Farigiraf, M|\n|poke|p1|Gastrodon-East, F|\n|poke|p2|Spiritomb, M|\n|poke|p2|Escavalier, F|\n|poke|p2|Pincurchin, F|\n|poke|p2|Hatterene, F|\n|poke|p2|Primarina, F|\n|poke|p2|Porygon2|\n|teampreview\n|inactive|Battle timer is ON: inactive players will automatically lose when time's up. (requested by Brick_Enjoyer_144)\n|\n|t:|1697854021\n|start\n|switch|p1a: fursona|Incineroar, F|100\/100\n|switch|p1b: kawaii cuteness|Porygon2|100\/100\n|switch|p2a: Spiritomb|Spiritomb, M|100\/100\n|switch|p2b: Escavalier|Escavalier, F|100\/100\n|-ability|p1a: fursona|Intimidate|boost\n|-unboost|p2a: Spiritomb|atk|1\n|-unboost|p2b: Escavalier|atk|1\n|-ability|p1b: kawaii cuteness|Pressure\n|-ability|p1b: kawaii cuteness|Pressure|[from] ability: Trace|[of] p2a: Spiritomb\n|-ability|p2a: Spiritomb|Pressure\n|turn|1\n|\n|t:|1697854049\n|move|p1a: fursona|Knock Off|p2a: Spiritomb\n|-damage|p2a: Spiritomb|47\/100\n|-enditem|p2a: Spiritomb|Leftovers|[from] move: Knock Off|[of] p1a: fursona\n|move|p1b: kawaii cuteness|Ice Beam|p2b: Escavalier\n|-resisted|p2b: Escavalier\n|-damage|p2b: Escavalier|87\/100\n|move|p2b: Escavalier|Swords Dance|p2b: Escavalier\n|-boost|p2b: Escavalier|atk|2\n|move|p2a: Spiritomb|Trick Room|p2a: Spiritomb\n|-fieldstart|move: Trick Room|[of] p2a: Spiritomb\n|\n|upkeep\n|turn|2\n|inactive|Feetstreetmeatseat has 120 seconds left.\n|\n|t:|1697854095\n|move|p2b: Escavalier|Close Combat|p1a: fursona\n|-supereffective|p1a: fursona\n|-damage|p1a: fursona|0 fnt\n|-unboost|p2b: Escavalier|def|1\n|-unboost|p2b: Escavalier|spd|1\n|faint|p1a: fursona\n|move|p2a: Spiritomb|Pain Split|p1b: kawaii cuteness\n|-sethp|p1b: kawaii cuteness|69\/100|[from] move: Pain Split|[silent]\n|-sethp|p2a: Spiritomb|85\/100|[from] move: Pain Split\n|move|p1b: kawaii cuteness|Ice Beam|p2a: Spiritomb\n|-damage|p2a: Spiritomb|62\/100\n|\n|upkeep\n|\n|t:|1697854109\n|switch|p1a: slugterra|Gastrodon-East, F|100\/100\n|turn|3\n|inactive|Feetstreetmeatseat has 120 seconds left.\n|\n|t:|1697854133\n|-terastallize|p1b: kawaii cuteness|Ghost\n|move|p2b: Escavalier|Knock Off|p1a: slugterra\n|-damage|p1a: slugterra|38\/100\n|-damage|p2b: Escavalier|71\/100|[from] item: Rocky Helmet|[of] p1a: slugterra\n|-enditem|p1a: slugterra|Rocky Helmet|[from] move: Knock Off|[of] p2b: Escavalier\n|move|p2a: Spiritomb|Pain Split|p1b: kawaii cuteness\n|-sethp|p1b: kawaii cuteness|60\/100|[from] move: Pain Split|[silent]\n|-sethp|p2a: Spiritomb|74\/100|[from] move: Pain Split\n|move|p1a: slugterra|Earth Power|p2b: Escavalier\n|-damage|p2b: Escavalier|16\/100\n|move|p1b: kawaii cuteness|Thunderbolt|p2a: Spiritomb\n|-damage|p2a: Spiritomb|50\/100\n|\n|upkeep\n|turn|4\n|inactive|Feetstreetmeatseat has 120 seconds left.\n|\n|t:|1697854164\n|switch|p1b: brian hands|Iron Hands|100\/100\n|move|p2b: Escavalier|Knock Off|p1b: brian hands\n|-resisted|p1b: brian hands\n|-damage|p1b: brian hands|82\/100\n|-enditem|p1b: brian hands|Assault Vest|[from] move: Knock Off|[of] p2b: Escavalier\n|move|p2a: Spiritomb|Night Shade|p1b: brian hands\n|-damage|p1b: brian hands|62\/100\n|move|p1a: slugterra|Earth Power|p2b: Escavalier\n|-damage|p2b: Escavalier|0 fnt\n|faint|p2b: Escavalier\n|\n|upkeep\n|inactive|Brick_Enjoyer_144 has 120 seconds left.\n|\n|t:|1697854178\n|switch|p2b: Hatterene|Hatterene, F|100\/100\n|turn|5\n|inactive|Feetstreetmeatseat has 120 seconds left.\n|\n|t:|1697854195\n|move|p2b: Hatterene|Draining Kiss|p1a: slugterra\n|-damage|p1a: slugterra|0 fnt\n|faint|p1a: slugterra\n|move|p2a: Spiritomb|Pain Split|p1b: brian hands\n|-sethp|p1b: brian hands|46\/100|[from] move: Pain Split|[silent]\n|-sethp|p2a: Spiritomb|77\/100|[from] move: Pain Split\n|move|p1b: brian hands|Heavy Slam|p2b: Hatterene\n|-supereffective|p2b: Hatterene\n|-damage|p2b: Hatterene|0 fnt\n|faint|p2b: Hatterene\n|\n|-fieldend|move: Trick Room\n|upkeep\n|\n|t:|1697854208\n|switch|p1a: holy smokes|Torkoal, M|100\/100\n|switch|p2b: Primarina|Primarina, F|100\/100\n|-weather|SunnyDay|[from] ability: Drought|[of] p1a: holy smokes\n|turn|6\n|\n|t:|1697854234\n|move|p2b: Primarina|Echoed Voice|p1a: holy smokes\n|-supereffective|p1a: holy smokes\n|-damage|p1a: holy smokes|69\/100\n|move|p1b: brian hands|Heavy Slam|p2b: Primarina\n|-damage|p2b: Primarina|39\/100\n|move|p1a: holy smokes|Solar Beam||[still]\n|-prepare|p1a: holy smokes|Solar Beam\n|-anim|p1a: holy smokes|Solar Beam|p2b: Primarina\n|-supereffective|p2b: Primarina\n|-damage|p2b: Primarina|0 fnt\n|faint|p2b: Primarina\n|move|p2a: Spiritomb|Trick Room|p2a: Spiritomb\n|-fieldstart|move: Trick Room|[of] p2a: Spiritomb\n|\n|-weather|SunnyDay|[upkeep]\n|upkeep\n|\n|t:|1697854242\n|switch|p2b: Pincurchin|Pincurchin, F|100\/100\n|-fieldstart|move: Electric Terrain|[from] ability: Electric Surge|[of] p2b: Pincurchin\n|-activate|p1b: brian hands|ability: Quark Drive\n|-start|p1b: brian hands|quarkdriveatk\n|turn|7\n|inactive|Brick_Enjoyer_144 has 120 seconds left.\n|\n|t:|1697854274\n|move|p2b: Pincurchin|Body Slam|p1b: brian hands\n|-damage|p1b: brian hands|28\/100\n|move|p1a: holy smokes|Solar Beam||[still]\n|-prepare|p1a: holy smokes|Solar Beam\n|-anim|p1a: holy smokes|Solar Beam|p2a: Spiritomb\n|-damage|p2a: Spiritomb|35\/100\n|move|p2a: Spiritomb|Night Shade|p1a: holy smokes\n|-damage|p1a: holy smokes|40\/100\n|move|p1b: brian hands|Drain Punch|p2b: Pincurchin\n|-damage|p2b: Pincurchin|25\/100\n|-heal|p1b: brian hands|50\/100|[from] drain|[of] p2b: Pincurchin\n|\n|-weather|SunnyDay|[upkeep]\n|upkeep\n|turn|8\n|inactive|Brick_Enjoyer_144 has 120 seconds left.\n|\n|t:|1697854306\n|move|p2b: Pincurchin|Body Slam|p1b: brian hands\n|-damage|p1b: brian hands|33\/100\n|move|p1a: holy smokes|Solar Beam||[still]\n|-prepare|p1a: holy smokes|Solar Beam\n|-anim|p1a: holy smokes|Solar Beam|p2b: Pincurchin\n|-damage|p2b: Pincurchin|0 fnt\n|faint|p2b: Pincurchin\n|move|p2a: Spiritomb|Pain Split|p1b: brian hands\n|-sethp|p1b: brian hands|27\/100|[from] move: Pain Split|[silent]\n|-sethp|p2a: Spiritomb|45\/100|[from] move: Pain Split\n|move|p1b: brian hands|Heavy Slam|p2a: Spiritomb\n|-damage|p2a: Spiritomb|5\/100\n|\n|-weather|SunnyDay|[upkeep]\n|upkeep\n|inactive|Brick_Enjoyer_144 has 120 seconds left.\n|\n|t:|1697854312\n|switch|p2b: Porygon2|Porygon2|100\/100\n|-ability|p2b: Porygon2|Drought|[from] ability: Trace|[of] p1a: holy smokes\n|turn|9\n|\n|t:|1697854333\n|move|p1a: holy smokes|Solar Beam||[still]\n|-prepare|p1a: holy smokes|Solar Beam\n|-anim|p1a: holy smokes|Solar Beam|p2a: Spiritomb\n|-damage|p2a: Spiritomb|0 fnt\n|faint|p2a: Spiritomb\n|move|p1b: brian hands|Heavy Slam|p2b: Porygon2\n|-damage|p2b: Porygon2|69\/100\n|move|p2b: Porygon2|Foul Play|p1b: brian hands\n|-resisted|p1b: brian hands\n|-damage|p1b: brian hands|16\/100\n|\n|-weather|SunnyDay|[upkeep]\n|upkeep\n|turn|10\n|\n|t:|1697854347\n|move|p1a: holy smokes|Solar Beam||[still]\n|-prepare|p1a: holy smokes|Solar Beam\n|-anim|p1a: holy smokes|Solar Beam|p2b: Porygon2\n|-damage|p2b: Porygon2|35\/100\n|move|p1b: brian hands|Drain Punch|p2b: Porygon2\n|-supereffective|p2b: Porygon2\n|-damage|p2b: Porygon2|0 fnt\n|-heal|p1b: brian hands|28\/100|[from] drain|[of] p2b: Porygon2\n|faint|p2b: Porygon2\n|\n|win|Feetstreetmeatseat\n|raw|Feetstreetmeatseat's rating: 1219 &rarr; <strong>1244<\/strong><br \/>(+25 for winning)\n|raw|Brick_Enjoyer_144's rating: 1223 &rarr; <strong>1198<\/strong><br \/>(-25 for losing)\n","uploadtime":1697854356,"views":9,"p1id":"feetstreetmeatseat","p2id":"brickenjoyer144","formatid":"gen9nationaldexdoubles","rating":1198,"private":0,"password":""}