{"id":"gen9nationaldexdoubles-1974566536","p1":"Denvah_17","p2":"Yu hung lo","format":"[Gen 9] National Dex Doubles","log":"|j|\u2606Denvah_17\n|j|\u2606Yu hung lo\n|t:|1698097978\n|gametype|doubles\n|player|p1|Denvah_17|alder|1402\n|player|p2|Yu hung lo|janitor|1657\n|teamsize|p1|6\n|teamsize|p2|6\n|gen|9\n|tier|[Gen 9] National Dex Doubles\n|rated|\n|rule|HP Percentage Mod: HP is shown in percentages\n|rule|Endless Battle Clause: Forcing endless battles is banned\n|rule|OHKO Clause: OHKO moves are banned\n|rule|Evasion Moves Clause: Evasion moves are banned\n|rule|Evasion Abilities Clause: Evasion abilities are banned\n|rule|Species Clause: Limit one of each Pok\u00e9mon\n|rule|Gravity Sleep Clause: The combination of sleep-inducing moves with imperfect accuracy and Gravity or Gigantamax Orbeetle are banned\n|clearpoke\n|poke|p1|Sinistcha-Masterpiece|\n|poke|p1|Diancie|\n|poke|p1|Okidogi, M|\n|poke|p1|Ursaluna-Bloodmoon, M|\n|poke|p1|Volcanion|\n|poke|p1|Golisopod, F|\n|poke|p2|Swampert, M|\n|poke|p2|Pelipper, M|\n|poke|p2|Rillaboom, F|\n|poke|p2|Tornadus, M|\n|poke|p2|Zapdos|\n|poke|p2|Stakataka|\n|teampreview\n|inactive|Battle timer is ON: inactive players will automatically lose when time's up. (requested by Yu hung lo)\n|inactive|Yu hung lo has 120 seconds left.\n|\n|t:|1698098017\n|start\n|switch|p1a: Rihanna|Diancie, shiny|100\/100\n|switch|p1b: Grass Latte|Sinistcha-Masterpiece|100\/100\n|switch|p2a: Pelipper|Pelipper, M|100\/100\n|switch|p2b: Zapdos|Zapdos|100\/100\n|-weather|RainDance|[from] ability: Drizzle|[of] p2a: Pelipper\n|turn|1\n|inactive|Yu hung lo has 120 seconds left.\n|\n|t:|1698098048\n|switch|p2a: Rillaboom|Rillaboom, F|100\/100\n|-fieldstart|move: Grassy Terrain|[from] ability: Grassy Surge|[of] p2a: Rillaboom\n|switch|p1b: Freddy Fazbear|Ursaluna-Bloodmoon, M|100\/100\n|move|p2b: Zapdos|Hurricane|p1b: Freddy Fazbear\n|-damage|p1b: Freddy Fazbear|33\/100\n|-start|p1b: Freddy Fazbear|confusion\n|move|p1a: Rihanna|Trick Room|p1a: Rihanna\n|-fieldstart|move: Trick Room|[of] p1a: Rihanna\n|\n|-weather|RainDance|[upkeep]\n|-heal|p1b: Freddy Fazbear|39\/100|[from] Grassy Terrain\n|-heal|p1b: Freddy Fazbear|45\/100|[from] item: Leftovers\n|upkeep\n|turn|2\n|\n|t:|1698098072\n|-terastallize|p2b: Zapdos|Steel\n|move|p2a: Rillaboom|Fake Out|p1b: Freddy Fazbear\n|-damage|p1b: Freddy Fazbear|35\/100\n|move|p1a: Rihanna|Diamond Storm|p2b: Zapdos|[spread] p2a,p2b\n|-resisted|p2b: Zapdos\n|-damage|p2a: Rillaboom|76\/100\n|-damage|p2b: Zapdos|83\/100\n|cant|p1b: Freddy Fazbear|flinch\n|move|p2b: Zapdos|Weather Ball|p1a: Rihanna\n|-supereffective|p1a: Rihanna\n|-damage|p1a: Rihanna|23\/100\n|-enditem|p1a: Rihanna|Weakness Policy\n|-boost|p1a: Rihanna|atk|2|[from] item: Weakness Policy\n|-boost|p1a: Rihanna|spa|2|[from] item: Weakness Policy\n|\n|-weather|RainDance|[upkeep]\n|-heal|p1a: Rihanna|29\/100|[from] Grassy Terrain\n|-heal|p1b: Freddy Fazbear|41\/100|[from] Grassy Terrain\n|-heal|p1b: Freddy Fazbear|47\/100|[from] item: Leftovers\n|-heal|p2a: Rillaboom|82\/100|[from] Grassy Terrain\n|-heal|p2b: Zapdos|89\/100|[from] Grassy Terrain\n|upkeep\n|turn|3\n|inactive|Denvah_17 has 120 seconds left.\n|\n|t:|1698098106\n|move|p2a: Rillaboom|Grassy Glide|p1b: Freddy Fazbear\n|-supereffective|p1b: Freddy Fazbear\n|-damage|p1b: Freddy Fazbear|0 fnt\n|faint|p1b: Freddy Fazbear\n|move|p1a: Rihanna|Earth Power|p2b: Zapdos\n|-supereffective|p2b: Zapdos\n|-damage|p2b: Zapdos|0 fnt\n|faint|p2b: Zapdos\n|\n|-weather|RainDance|[upkeep]\n|-heal|p1a: Rihanna|35\/100|[from] Grassy Terrain\n|-heal|p2a: Rillaboom|88\/100|[from] Grassy Terrain\n|upkeep\n|\n|t:|1698098118\n|switch|p1b: NowThisIsPodRacing|Golisopod, F|100\/100\n|switch|p2b: Stakataka|Stakataka|100\/100\n|turn|4\n|\n|t:|1698098137\n|switch|p2b: Pelipper|Pelipper, M|100\/100\n|move|p1b: NowThisIsPodRacing|First Impression|p2a: Rillaboom\n|-supereffective|p2a: Rillaboom\n|-damage|p2a: Rillaboom|0 fnt\n|faint|p2a: Rillaboom\n|-damage|p1b: NowThisIsPodRacing|91\/100|[from] item: Life Orb\n|move|p1a: Rihanna|Earth Power|p2b: Pelipper\n|-immune|p2b: Pelipper\n|\n|-weather|RainDance|[upkeep]\n|-heal|p1b: NowThisIsPodRacing|97\/100|[from] Grassy Terrain\n|-heal|p1a: Rihanna|41\/100|[from] Grassy Terrain\n|upkeep\n|\n|t:|1698098143\n|switch|p2a: Stakataka|Stakataka|100\/100\n|turn|5\n|\n|t:|1698098151\n|move|p1b: NowThisIsPodRacing|Aqua Jet|p2a: Stakataka\n|-supereffective|p2a: Stakataka\n|-damage|p2a: Stakataka|44\/100\n|-damage|p1b: NowThisIsPodRacing|87\/100|[from] item: Life Orb\n|move|p2a: Stakataka|Gyro Ball|p1a: Rihanna\n|-supereffective|p1a: Rihanna\n|-damage|p1a: Rihanna|0 fnt\n|faint|p1a: Rihanna\n|-ability|p2a: Stakataka|Beast Boost|boost\n|-boost|p2a: Stakataka|atk|1\n|move|p2b: Pelipper|Hurricane|p1b: NowThisIsPodRacing\n|-supereffective|p1b: NowThisIsPodRacing\n|-damage|p1b: NowThisIsPodRacing|17\/100\n|-start|p1b: NowThisIsPodRacing|confusion\n|-activate|p1b: NowThisIsPodRacing|ability: Emergency Exit\n|\n|t:|1698098169\n|switch|p1b: Grass Latte|Sinistcha-Masterpiece|100\/100\n|\n|-weather|RainDance|[upkeep]\n|-heal|p2a: Stakataka|50\/100|[from] Grassy Terrain\n|-fieldend|move: Trick Room\n|-fieldend|move: Grassy Terrain\n|upkeep\n|\n|t:|1698098171\n|switch|p1a: NowThisIsPodRacing|Golisopod, F|17\/100\n|turn|6\n|\n|t:|1698098192\n|switch|p2a: Tornadus|Tornadus, M|100\/100\n|move|p1a: NowThisIsPodRacing|Aqua Jet|p2a: Tornadus\n|-damage|p2a: Tornadus|51\/100\n|-damage|p1a: NowThisIsPodRacing|7\/100|[from] item: Life Orb\n|move|p2b: Pelipper|Hurricane|p1b: Grass Latte\n|-supereffective|p1b: Grass Latte\n|-damage|p1b: Grass Latte|15\/100\n|-start|p1b: Grass Latte|confusion\n|-enditem|p1b: Grass Latte|Weakness Policy\n|-boost|p1b: Grass Latte|atk|2|[from] item: Weakness Policy\n|-boost|p1b: Grass Latte|spa|2|[from] item: Weakness Policy\n|-activate|p1b: Grass Latte|confusion\n|-damage|p1b: Grass Latte|6\/100|[from] confusion\n|\n|-weather|RainDance|[upkeep]\n|upkeep\n|turn|7\n|\n|t:|1698098216\n|move|p1a: NowThisIsPodRacing|Wide Guard|p1a: NowThisIsPodRacing\n|-singleturn|p1a: NowThisIsPodRacing|Wide Guard\n|move|p2a: Tornadus|Bleakwind Storm|p1b: Grass Latte|[spread] \n|-activate|p1a: NowThisIsPodRacing|move: Wide Guard\n|-activate|p1b: Grass Latte|move: Wide Guard\n|move|p2b: Pelipper|Hurricane|p1b: Grass Latte\n|-supereffective|p1b: Grass Latte\n|-damage|p1b: Grass Latte|0 fnt\n|faint|p1b: Grass Latte\n|\n|-weather|RainDance|[upkeep]\n|upkeep\n|\n|t:|1698098230\n|switch|p1b: Mr. Saxobeat|Volcanion|100\/100\n|turn|8\n|inactive|Yu hung lo has 120 seconds left.\n|\n|t:|1698098277\n|switch|p2a: Stakataka|Stakataka|50\/100\n|move|p1a: NowThisIsPodRacing|Aqua Jet|p2a: Stakataka\n|-supereffective|p2a: Stakataka\n|-damage|p2a: Stakataka|0 fnt\n|faint|p2a: Stakataka\n|-damage|p1a: NowThisIsPodRacing|0 fnt|[from] item: Life Orb\n|faint|p1a: NowThisIsPodRacing\n|move|p2b: Pelipper|Hurricane|p1b: Mr. Saxobeat\n|-damage|p1b: Mr. Saxobeat|63\/100\n|move|p1b: Mr. Saxobeat|Steam Eruption|p2b: Pelipper\n|-resisted|p2b: Pelipper\n|-damage|p2b: Pelipper|55\/100\n|\n|-weather|none\n|-heal|p1b: Mr. Saxobeat|69\/100|[from] item: Leftovers\n|upkeep\n|\n|t:|1698098293\n|switch|p1a: Dogecoin|Okidogi, M|100\/100\n|switch|p2a: Swampert|Swampert, M|100\/100\n|turn|9\n|\n|t:|1698098303\n|switch|p2b: Tornadus|Tornadus, M|51\/100\n|-terastallize|p1a: Dogecoin|Dark\n|move|p2a: Swampert|Protect|p2a: Swampert\n|-singleturn|p2a: Swampert|Protect\n|move|p1a: Dogecoin|Knock Off|p2b: Tornadus\n|-damage|p2b: Tornadus|0 fnt\n|-enditem|p2b: Tornadus|Covert Cloak|[from] move: Knock Off|[of] p1a: Dogecoin\n|faint|p2b: Tornadus\n|move|p1b: Mr. Saxobeat|Steam Eruption|p2a: Swampert\n|-activate|p2a: Swampert|move: Protect\n|\n|-heal|p1b: Mr. Saxobeat|75\/100|[from] item: Leftovers\n|upkeep\n|\n|t:|1698098312\n|switch|p2b: Pelipper|Pelipper, M|55\/100\n|-weather|RainDance|[from] ability: Drizzle|[of] p2b: Pelipper\n|turn|10\n|\n|t:|1698098340\n|detailschange|p2a: Swampert|Swampert-Mega, M\n|-mega|p2a: Swampert|Swampert|Swampertite\n|move|p2b: Pelipper|Protect|p2b: Pelipper\n|-singleturn|p2b: Pelipper|Protect\n|move|p2a: Swampert|High Horsepower|p1b: Mr. Saxobeat\n|-supereffective|p1b: Mr. Saxobeat\n|-damage|p1b: Mr. Saxobeat|0 fnt\n|faint|p1b: Mr. Saxobeat\n|move|p1a: Dogecoin|Knock Off|p2b: Pelipper\n|-activate|p2b: Pelipper|move: Protect\n|\n|-weather|RainDance|[upkeep]\n|upkeep\n|turn|11\n|\n|t:|1698098349\n|move|p2b: Pelipper|Helping Hand|p2a: Swampert\n|-singleturn|p2a: Swampert|Helping Hand|[of] p2b: Pelipper\n|move|p2a: Swampert|Liquidation|p1a: Dogecoin\n|-damage|p1a: Dogecoin|0 fnt\n|faint|p1a: Dogecoin\n|\n|win|Yu hung lo\n|raw|Denvah_17's rating: 1402 &rarr; <strong>1395<\/strong><br \/>(-7 for losing)\n|raw|Yu hung lo's rating: 1657 &rarr; <strong>1664<\/strong><br \/>(+7 for winning)\n|l|\u2606Denvah_17\n","uploadtime":1698098360,"views":12,"p1id":"denvah17","p2id":"yuhunglo","formatid":"gen9nationaldexdoubles","rating":1395,"private":0,"password":""}