{"id":"gen9nationaldexdoubles-1972212297","p1":"Jolly stranger","p2":"SgtSmilies","format":"[Gen 9] National Dex Doubles","log":"|j|\u2606Jolly stranger\n|j|\u2606SgtSmilies\n|t:|1697821928\n|gametype|doubles\n|player|p1|Jolly stranger|gentleman-gen4dp|\n|player|p2|SgtSmilies|acetrainerf|\n|teamsize|p1|6\n|teamsize|p2|6\n|gen|9\n|tier|[Gen 9] National Dex Doubles\n|rule|HP Percentage Mod: HP is shown in percentages\n|rule|Endless Battle Clause: Forcing endless battles is banned\n|rule|OHKO Clause: OHKO moves are banned\n|rule|Evasion Moves Clause: Evasion moves are banned\n|rule|Evasion Abilities Clause: Evasion abilities are banned\n|rule|Species Clause: Limit one of each Pok\u00e9mon\n|rule|Gravity Sleep Clause: The combination of sleep-inducing moves with imperfect accuracy and Gravity or Gigantamax Orbeetle are banned\n|clearpoke\n|poke|p1|Arcanine, F|\n|poke|p1|Spinda, F|\n|poke|p1|Froslass, F|\n|poke|p1|Gengar, F|\n|poke|p1|Indeedee-F, F|\n|poke|p1|Hatterene, F|\n|poke|p2|Masquerain, F|\n|poke|p2|Coalossal, F|\n|poke|p2|Dracovish|\n|poke|p2|Murkrow, M|\n|poke|p2|Dragapult, F|\n|poke|p2|Chien-Pao|\n|teampreview\n|j| Camdar\n|j| Relleth\n|\n|t:|1697821948\n|start\n|switch|p1a: Fodder Cannon|Spinda, F|100\/100\n|switch|p1b: Cannon Fodder|Froslass, F|100\/100\n|switch|p2a: ANGERY|Masquerain, F|100\/100\n|switch|p2b: Global Warming|Coalossal, F|100\/100\n|-ability|p2a: ANGERY|Intimidate|boost\n|-boost|p1a: Fodder Cannon|atk|1\n|-unboost|p1b: Cannon Fodder|atk|1\n|turn|1\n|\n|t:|1697821967\n|-terastallize|p2b: Global Warming|Ground\n|move|p1a: Fodder Cannon|Spotlight|p1b: Cannon Fodder\n|-singleturn|p1b: Cannon Fodder|move: Spotlight\n|move|p2a: ANGERY|Aqua Jet|p1b: Cannon Fodder\n|-damage|p1b: Cannon Fodder|92\/100\n|move|p1b: Cannon Fodder|Destiny Bond|p1b: Cannon Fodder\n|-singlemove|p1b: Cannon Fodder|Destiny Bond\n|move|p2b: Global Warming|Heat Wave|p1b: Cannon Fodder|[spread] p1a,p1b\n|-supereffective|p1b: Cannon Fodder\n|-damage|p1a: Fodder Cannon|50\/100\n|-damage|p1b: Cannon Fodder|17\/100\n|-status|p1b: Cannon Fodder|brn\n|\n|-damage|p1b: Cannon Fodder|10\/100 brn|[from] brn\n|upkeep\n|turn|2\n|c| Camdar|i-\n|c|\u2606SgtSmilies|i\n|c|\u2606SgtSmilies|i had to look up what this move does...\n|\n|t:|1697822017\n|switch|p1a: A surprise|Gengar, F|100\/100\n|move|p2b: Global Warming|Protect|p2b: Global Warming\n|-singleturn|p2b: Global Warming|Protect\n|move|p1b: Cannon Fodder|Destiny Bond||[still]\n|-fail|p1b: Cannon Fodder\n|move|p2a: ANGERY|Sticky Web|p1a: A surprise\n|-sidestart|p1: Jolly stranger|move: Sticky Web\n|\n|-damage|p1b: Cannon Fodder|4\/100 brn|[from] brn\n|upkeep\n|turn|3\n|\n|t:|1697822039\n|move|p2a: ANGERY|Aqua Jet|p2b: Global Warming\n|-supereffective|p2b: Global Warming\n|-damage|p2b: Global Warming|91\/100\n|-ability|p2b: Global Warming|Steam Engine|boost\n|-boost|p2b: Global Warming|spe|6\n|-enditem|p2b: Global Warming|Weakness Policy\n|-boost|p2b: Global Warming|atk|2|[from] item: Weakness Policy\n|-boost|p2b: Global Warming|spa|2|[from] item: Weakness Policy\n|move|p2b: Global Warming|Earth Power|p1a: A surprise\n|-supereffective|p1a: A surprise\n|-damage|p1a: A surprise|0 fnt\n|faint|p1a: A surprise\n|move|p1b: Cannon Fodder|Destiny Bond|p1b: Cannon Fodder\n|-singlemove|p1b: Cannon Fodder|Destiny Bond\n|\n|-damage|p1b: Cannon Fodder|0 fnt|[from] brn\n|faint|p1b: Cannon Fodder\n|upkeep\n|\n|t:|1697822059\n|switch|p1a: Real in|Indeedee-F, F|100\/100\n|switch|p1b: Here for the crow|Hatterene, F|100\/100\n|-activate|p1a: Real in|move: Sticky Web\n|-unboost|p1a: Real in|spe|1\n|-fieldstart|move: Psychic Terrain|[from] ability: Psychic Surge|[of] p1a: Real in\n|-activate|p1b: Here for the crow|move: Sticky Web\n|-unboost|p1b: Here for the crow|spe|1\n|turn|4\n|\n|t:|1697822083\n|move|p2b: Global Warming|Heat Wave|p1a: Real in|[spread] p1a\n|-miss|p2b: Global Warming|p1b: Here for the crow\n|-damage|p1a: Real in|40\/100\n|move|p2a: ANGERY|Bug Buzz|p1a: Real in\n|-supereffective|p1a: Real in\n|-damage|p1a: Real in|0 fnt\n|faint|p1a: Real in\n|move|p1b: Here for the crow|Life Dew||[still]\n|-fail|p1b: Here for the crow|heal\n|\n|upkeep\n|\n|t:|1697822091\n|switch|p1a: Fodder Cannon|Spinda, F|50\/100\n|-activate|p1a: Fodder Cannon|move: Sticky Web\n|-boost|p1a: Fodder Cannon|spe|1\n|turn|5\n|\n|t:|1697822098\n|move|p1a: Fodder Cannon|Fake Out|p2b: Global Warming\n|-activate|p2b: Global Warming|move: Psychic Terrain\n|move|p2b: Global Warming|Heat Wave|p1a: Fodder Cannon|[spread] p1a\n|-miss|p2b: Global Warming|p1b: Here for the crow\n|-damage|p1a: Fodder Cannon|0 fnt\n|faint|p1a: Fodder Cannon\n|move|p2a: ANGERY|Bug Buzz|p1b: Here for the crow\n|-damage|p1b: Here for the crow|65\/100\n|-unboost|p1b: Here for the crow|spd|1\n|move|p1b: Here for the crow|Trick Room|p1b: Here for the crow\n|-fieldstart|move: Trick Room|[of] p1b: Here for the crow\n|\n|upkeep\n|c|\u2606Jolly stranger|...\n|c|\u2606Jolly stranger|.....\n|\n|t:|1697822107\n|switch|p1a: Befuddled|Arcanine, F|100\/100\n|-activate|p1a: Befuddled|move: Sticky Web\n|-unboost|p1a: Befuddled|spe|1\n|-ability|p1a: Befuddled|Intimidate|boost\n|-unboost|p2a: ANGERY|atk|1\n|-unboost|p2b: Global Warming|atk|1\n|turn|6\n|c|\u2606SgtSmilies|you really gotta remember what psychic terrain does man\n|\n|t:|1697822134\n|move|p2b: Global Warming|Protect|p2b: Global Warming\n|-singleturn|p2b: Global Warming|Protect\n|move|p1b: Here for the crow|Expanding Force|p2b: Global Warming|[spread] p2a\n|-activate|p2b: Global Warming|move: Protect\n|-damage|p2a: ANGERY|30\/100\n|move|p1a: Befuddled|Close Combat|p2b: Global Warming\n|-activate|p2b: Global Warming|move: Protect\n|move|p2a: ANGERY|Bug Buzz|p1b: Here for the crow\n|-damage|p1b: Here for the crow|19\/100\n|\n|upkeep\n|turn|7\n|\n|t:|1697822171\n|move|p2a: ANGERY|Aqua Jet|p1b: Here for the crow\n|-activate|p1b: Here for the crow|move: Psychic Terrain\n|move|p1b: Here for the crow|Expanding Force|p2a: ANGERY|[spread] p2a,p2b\n|-damage|p2a: ANGERY|0 fnt\n|-damage|p2b: Global Warming|31\/100\n|faint|p2a: ANGERY\n|move|p1a: Befuddled|Close Combat|p2b: Global Warming\n|-damage|p2b: Global Warming|10\/100\n|-unboost|p1a: Befuddled|def|1\n|-unboost|p1a: Befuddled|spd|1\n|move|p2b: Global Warming|Earth Power|p1a: Befuddled\n|-supereffective|p1a: Befuddled\n|-damage|p1a: Befuddled|0 fnt\n|faint|p1a: Befuddled\n|\n|upkeep\n|\n|t:|1697822184\n|switch|p2a: Chien-Pao|Chien-Pao|100\/100\n|-ability|p2a: Chien-Pao|Sword of Ruin\n|turn|8\n|\n|t:|1697822191\n|move|p2b: Global Warming|Protect|p2b: Global Warming\n|-singleturn|p2b: Global Warming|Protect\n|move|p1b: Here for the crow|Dazzling Gleam|p2a: Chien-Pao|[spread] p2a\n|-activate|p2b: Global Warming|move: Protect\n|-supereffective|p2a: Chien-Pao\n|-damage|p2a: Chien-Pao|4\/100\n|move|p2a: Chien-Pao|Crunch|p1b: Here for the crow\n|-damage|p1b: Here for the crow|0 fnt\n|faint|p1b: Here for the crow\n|-damage|p2a: Chien-Pao|0 fnt|[from] item: Life Orb\n|faint|p2a: Chien-Pao\n|\n|win|SgtSmilies\n|c| Camdar|i believe in hattrene\n|c| Camdar|nevermind\n|c|\u2606SgtSmilies|i forgot it wasnt sashed lmfao\n|l|\u2606SgtSmilies\n|l|\u2606Jolly stranger\n","uploadtime":1697822242,"views":11,"p1id":"jollystranger","p2id":"sgtsmilies","formatid":"gen9nationaldexdoubles","rating":0,"private":0,"password":""}