{"id":"gen9nationaldexdoubles-1972463651","p1":"Cad48","p2":"Critian Caceorte","format":"[Gen 9] National Dex Doubles","log":"|j|\u2606Cad48\n|j|\u2606Critian Caceorte\n|t:|1697845700\n|gametype|doubles\n|player|p1|Cad48|thorton|\n|player|p2|Critian Caceorte|1|\n|teamsize|p1|6\n|teamsize|p2|6\n|gen|9\n|tier|[Gen 9] National Dex Doubles\n|rule|HP Percentage Mod: HP is shown in percentages\n|rule|Endless Battle Clause: Forcing endless battles is banned\n|rule|OHKO Clause: OHKO moves are banned\n|rule|Evasion Moves Clause: Evasion moves are banned\n|rule|Evasion Abilities Clause: Evasion abilities are banned\n|rule|Species Clause: Limit one of each Pok\u00e9mon\n|rule|Gravity Sleep Clause: The combination of sleep-inducing moves with imperfect accuracy and Gravity or Gigantamax Orbeetle are banned\n|clearpoke\n|poke|p1|Indeedee-F, F|\n|poke|p1|Bronzong|\n|poke|p1|Hatterene, F|\n|poke|p1|Armarouge, M|\n|poke|p1|Rabsca, M|\n|poke|p1|Oranguru, F|\n|poke|p2|Araquanid, F|\n|poke|p2|Marowak-Alola, F|\n|poke|p2|Rabsca, F|\n|poke|p2|Mawile, M|\n|poke|p2|Bronzong|\n|poke|p2|Ursaluna-Bloodmoon, M|\n|teampreview\n|c|\u2606Cad48|glhf!\n|\n|t:|1697845710\n|start\n|switch|p1a: Indeedee|Indeedee-F, F|100\/100\n|switch|p1b: Bronzong|Bronzong|100\/100\n|switch|p2a: Bronzong|Bronzong|100\/100\n|switch|p2b: Mawile|Mawile, M|100\/100\n|-fieldstart|move: Psychic Terrain|[from] ability: Psychic Surge|[of] p1a: Indeedee\n|-ability|p2b: Mawile|Intimidate|boost\n|-unboost|p1a: Indeedee|atk|1\n|-unboost|p1b: Bronzong|atk|1\n|turn|1\n|c|\u2606Critian Caceorte|glhf\n|\n|t:|1697845735\n|detailschange|p2b: Mawile|Mawile-Mega, M\n|-mega|p2b: Mawile|Mawile|Mawilite\n|move|p1a: Indeedee|Follow Me|p1a: Indeedee\n|-singleturn|p1a: Indeedee|move: Follow Me\n|move|p2b: Mawile|Crunch|p1a: Indeedee\n|-supereffective|p1a: Indeedee\n|-damage|p1a: Indeedee|0 fnt\n|faint|p1a: Indeedee\n|move|p1b: Bronzong|Reflect|p1b: Bronzong\n|-sidestart|p1: Cad48|Reflect\n|move|p2a: Bronzong|Trick Room|p2a: Bronzong\n|-fieldstart|move: Trick Room|[of] p2a: Bronzong\n|\n|upkeep\n|\n|t:|1697845746\n|switch|p1a: Armarouge|Armarouge, M|100\/100\n|turn|2\n|\n|t:|1697845757\n|move|p1b: Bronzong|Light Screen|p1b: Bronzong\n|-sidestart|p1: Cad48|move: Light Screen\n|move|p2a: Bronzong|Power Gem|p1a: Armarouge\n|-supereffective|p1a: Armarouge\n|-damage|p1a: Armarouge|77\/100\n|move|p2b: Mawile|Crunch|p1a: Armarouge\n|-supereffective|p1a: Armarouge\n|-damage|p1a: Armarouge|9\/100\n|move|p1a: Armarouge|Armor Cannon|p2b: Mawile\n|-supereffective|p2b: Mawile\n|-damage|p2b: Mawile|0 fnt\n|-unboost|p1a: Armarouge|def|1\n|-unboost|p1a: Armarouge|spd|1\n|faint|p2b: Mawile\n|-damage|p1a: Armarouge|0 fnt|[from] item: Life Orb\n|faint|p1a: Armarouge\n|\n|upkeep\n|\n|t:|1697845773\n|switch|p2b: Araquanid|Araquanid, F|100\/100\n|switch|p1a: Hatterene|Hatterene, F|100\/100\n|turn|3\n|\n|t:|1697845791\n|move|p1b: Bronzong|Gyro Ball|p2a: Bronzong\n|-resisted|p2a: Bronzong\n|-damage|p2a: Bronzong|97\/100\n|move|p1a: Hatterene|Expanding Force|p2a: Bronzong|[spread] p2a,p2b\n|-resisted|p2a: Bronzong\n|-damage|p2a: Bronzong|83\/100\n|-damage|p2b: Araquanid|60\/100\n|move|p2a: Bronzong|Flash Cannon|p1a: Hatterene\n|-supereffective|p1a: Hatterene\n|-damage|p1a: Hatterene|67\/100\n|move|p2b: Araquanid|Crunch|p1a: Hatterene\n|-damage|p1a: Hatterene|52\/100\n|\n|upkeep\n|turn|4\n|c|\u2606Cad48|ok that did way less than i was expecting\n|\n|t:|1697845831\n|switch|p1b: Oranguru|Oranguru, F|100\/100\n|move|p1a: Hatterene|Expanding Force|p2b: Araquanid|[spread] p2a,p2b\n|-resisted|p2a: Bronzong\n|-damage|p2a: Bronzong|66\/100\n|-damage|p2b: Araquanid|26\/100\n|move|p2a: Bronzong|Flash Cannon|p1a: Hatterene\n|-supereffective|p1a: Hatterene\n|-damage|p1a: Hatterene|17\/100\n|move|p2b: Araquanid|Leech Life|p1a: Hatterene\n|-damage|p1a: Hatterene|0 fnt\n|-heal|p2b: Araquanid|36\/100|[from] drain|[of] p1a: Hatterene\n|faint|p1a: Hatterene\n|\n|upkeep\n|\n|t:|1697845844\n|switch|p1a: Rabsca|Rabsca, M|100\/100\n|turn|5\n|\n|t:|1697845858\n|move|p2a: Bronzong|Power Gem|p1a: Rabsca\n|-supereffective|p1a: Rabsca\n|-damage|p1a: Rabsca|80\/100\n|move|p2b: Araquanid|Liquidation|p1a: Rabsca\n|-crit|p1a: Rabsca\n|-damage|p1a: Rabsca|0 fnt\n|faint|p1a: Rabsca\n|move|p1b: Oranguru|Instruct|p1: Rabsca|[notarget]\n|-fail|p1b: Oranguru\n|\n|-fieldend|move: Trick Room\n|upkeep\n|c|\u2606Cad48|OH COME ON\n|\n|t:|1697845868\n|switch|p1a: Bronzong|Bronzong|100\/100\n|turn|6\n|\n|t:|1697845875\n|move|p1b: Oranguru|Expanding Force|p2b: Araquanid|[spread] p2a,p2b\n|-resisted|p2a: Bronzong\n|-damage|p2a: Bronzong|56\/100\n|-damage|p2b: Araquanid|11\/100\n|move|p2b: Araquanid|Leech Life|p1b: Oranguru\n|-supereffective|p1b: Oranguru\n|-damage|p1b: Oranguru|58\/100\n|-heal|p2b: Araquanid|40\/100|[from] drain|[of] p1b: Oranguru\n|move|p2a: Bronzong|Trick Room|p2a: Bronzong\n|-fieldstart|move: Trick Room|[of] p2a: Bronzong\n|move|p1a: Bronzong|Trick Room|p1a: Bronzong\n|-fieldend|move: Trick Room\n|\n|upkeep\n|turn|7\n|\n|t:|1697845898\n|move|p1b: Oranguru|Expanding Force|p2b: Araquanid|[spread] p2a,p2b\n|-resisted|p2a: Bronzong\n|-damage|p2a: Bronzong|44\/100\n|-damage|p2b: Araquanid|12\/100\n|move|p2b: Araquanid|Leech Life|p1b: Oranguru\n|-supereffective|p1b: Oranguru\n|-damage|p1b: Oranguru|13\/100\n|-heal|p2b: Araquanid|43\/100|[from] drain|[of] p1b: Oranguru\n|-enditem|p1b: Oranguru|Wiki Berry|[eat]\n|-heal|p1b: Oranguru|46\/100|[from] item: Wiki Berry\n|move|p2a: Bronzong|Flash Cannon|p1b: Oranguru\n|-damage|p1b: Oranguru|33\/100\n|move|p1a: Bronzong|Trick Room|p1a: Bronzong\n|-fieldstart|move: Trick Room|[of] p1a: Bronzong\n|\n|upkeep\n|turn|8\n|\n|t:|1697845921\n|move|p1a: Bronzong|Gyro Ball|p2b: Araquanid\n|-resisted|p2b: Araquanid\n|-damage|p2b: Araquanid|34\/100\n|move|p2a: Bronzong|Power Gem|p1b: Oranguru\n|-damage|p1b: Oranguru|24\/100\n|move|p2b: Araquanid|Leech Life|p1b: Oranguru\n|-supereffective|p1b: Oranguru\n|-damage|p1b: Oranguru|0 fnt\n|-heal|p2b: Araquanid|51\/100|[from] drain|[of] p1b: Oranguru\n|faint|p1b: Oranguru\n|\n|-sideend|p1: Cad48|Reflect\n|-fieldend|move: Psychic Terrain\n|upkeep\n|turn|9\n|\n|t:|1697845938\n|move|p1a: Bronzong|Reflect|p1a: Bronzong\n|-sidestart|p1: Cad48|Reflect\n|move|p2a: Bronzong|Shadow Ball|p1a: Bronzong\n|-supereffective|p1a: Bronzong\n|-damage|p1a: Bronzong|86\/100\n|move|p2b: Araquanid|Crunch|p1a: Bronzong\n|-supereffective|p1a: Bronzong\n|-damage|p1a: Bronzong|60\/100\n|-unboost|p1a: Bronzong|def|1\n|\n|-sideend|p1: Cad48|move: Light Screen\n|upkeep\n|turn|10\n|\n|t:|1697845951\n|-terastallize|p1a: Bronzong|Steel\n|move|p1a: Bronzong|Gyro Ball|p2b: Araquanid\n|-resisted|p2b: Araquanid\n|-crit|p2b: Araquanid\n|-damage|p2b: Araquanid|31\/100\n|move|p2a: Bronzong|Shadow Ball|p1a: Bronzong\n|-damage|p1a: Bronzong|48\/100\n|move|p2b: Araquanid|Crunch|p1a: Bronzong\n|-damage|p1a: Bronzong|31\/100\n|\n|upkeep\n|turn|11\n|\n|t:|1697845965\n|move|p1a: Bronzong|Gyro Ball|p2b: Araquanid\n|-resisted|p2b: Araquanid\n|-damage|p2b: Araquanid|19\/100\n|move|p2a: Bronzong|Shadow Ball|p1a: Bronzong\n|-damage|p1a: Bronzong|21\/100\n|move|p2b: Araquanid|Liquidation|p1a: Bronzong\n|-damage|p1a: Bronzong|0 fnt\n|faint|p1a: Bronzong\n|\n|win|Critian Caceorte\n|c|\u2606Critian Caceorte|gg\n|c|\u2606Cad48|gg\n","uploadtime":1697846049,"views":6,"p1id":"cad48","p2id":"critiancaceorte","formatid":"gen9nationaldexdoubles","rating":0,"private":0,"password":""}