{"id":"gen9nationaldexdoubles-1992180663","p1":"Killette2","p2":"Pancake Tuesday","format":"[Gen 9] National Dex Doubles","log":"|j|\u2606Killette2\n|j|\u2606Pancake Tuesday\n|t:|1700161681\n|gametype|doubles\n|player|p1|Killette2|bruno|1319\n|player|p2|Pancake Tuesday|pokemaniac|1484\n|teamsize|p1|6\n|teamsize|p2|6\n|gen|9\n|tier|[Gen 9] National Dex Doubles\n|rated|\n|rule|HP Percentage Mod: HP is shown in percentages\n|rule|Endless Battle Clause: Forcing endless battles is banned\n|rule|OHKO Clause: OHKO moves are banned\n|rule|Evasion Moves Clause: Evasion moves are banned\n|rule|Evasion Abilities Clause: Evasion abilities are banned\n|rule|Species Clause: Limit one of each Pok\u00e9mon\n|rule|Gravity Sleep Clause: The combination of sleep-inducing moves with imperfect accuracy and Gravity or Gigantamax Orbeetle are banned\n|clearpoke\n|poke|p1|Shuckle, L99, M|\n|poke|p1|Blissey, F|\n|poke|p1|Grimmsnarl, M|\n|poke|p1|Cofagrigus, L99, M|\n|poke|p1|Hatterene, L99, F|\n|poke|p1|Drapion, M|\n|poke|p2|Zygarde|\n|poke|p2|Blastoise, F|\n|poke|p2|Jirachi|\n|poke|p2|Rillaboom, F|\n|poke|p2|Volcanion|\n|poke|p2|Zamazenta-*|\n|teampreview\n|\n|t:|1700161732\n|start\n|switch|p1a: Krampus|Grimmsnarl, M|100\/100\n|switch|p1b: Ancient Evil|Cofagrigus, L99, M|100\/100\n|switch|p2a: Blastoise|Blastoise, F|100\/100\n|switch|p2b: Jirachi|Jirachi|100\/100\n|turn|1\n|\n|t:|1700161742\n|detailschange|p2a: Blastoise|Blastoise-Mega, F\n|-mega|p2a: Blastoise|Blastoise|Blastoisinite\n|move|p1a: Krampus|Fake Out|p2a: Blastoise\n|-damage|p2a: Blastoise|90\/100\n|move|p2b: Jirachi|Follow Me|p2b: Jirachi\n|-singleturn|p2b: Jirachi|move: Follow Me\n|cant|p2a: Blastoise|flinch\n|move|p1b: Ancient Evil|Trick Room|p1b: Ancient Evil\n|-fieldstart|move: Trick Room|[of] p1b: Ancient Evil\n|\n|upkeep\n|turn|2\n|\n|t:|1700161760\n|move|p2b: Jirachi|Follow Me|p2b: Jirachi\n|-singleturn|p2b: Jirachi|move: Follow Me\n|move|p1a: Krampus|Light Screen|p1a: Krampus\n|-sidestart|p1: Killette2|move: Light Screen\n|move|p1b: Ancient Evil|Body Press|p2b: Jirachi\n|-damage|p2b: Jirachi|74\/100\n|move|p2a: Blastoise|Shell Smash|p2a: Blastoise\n|-unboost|p2a: Blastoise|def|1\n|-unboost|p2a: Blastoise|spd|1\n|-boost|p2a: Blastoise|atk|2\n|-boost|p2a: Blastoise|spa|2\n|-boost|p2a: Blastoise|spe|2\n|\n|upkeep\n|turn|3\n|\n|t:|1700161772\n|move|p2b: Jirachi|Follow Me|p2b: Jirachi\n|-singleturn|p2b: Jirachi|move: Follow Me\n|move|p1a: Krampus|Taunt|p2b: Jirachi\n|-start|p2b: Jirachi|move: Taunt\n|move|p1b: Ancient Evil|Body Press|p2b: Jirachi\n|-damage|p2b: Jirachi|48\/100\n|-enditem|p2b: Jirachi|Sitrus Berry|[eat]\n|-heal|p2b: Jirachi|73\/100|[from] item: Sitrus Berry\n|move|p2a: Blastoise|Shell Smash|p2a: Blastoise\n|-unboost|p2a: Blastoise|def|1\n|-unboost|p2a: Blastoise|spd|1\n|-boost|p2a: Blastoise|atk|2\n|-boost|p2a: Blastoise|spa|2\n|-boost|p2a: Blastoise|spe|2\n|\n|upkeep\n|turn|4\n|\n|t:|1700161802\n|switch|p2b: Volcanion|Volcanion|100\/100\n|move|p2a: Blastoise|Protect|p2a: Blastoise\n|-singleturn|p2a: Blastoise|Protect\n|move|p1a: Krampus|Reflect|p1a: Krampus\n|-sidestart|p1: Killette2|Reflect\n|move|p1b: Ancient Evil|Body Press|p2a: Blastoise\n|-activate|p2a: Blastoise|move: Protect\n|\n|upkeep\n|turn|5\n|\n|t:|1700161821\n|switch|p2a: Rillaboom|Rillaboom, F|100\/100\n|-fieldstart|move: Grassy Terrain|[from] ability: Grassy Surge|[of] p2a: Rillaboom\n|move|p1a: Krampus|Taunt|p2b: Volcanion\n|-start|p2b: Volcanion|move: Taunt\n|move|p1b: Ancient Evil|Body Press|p2a: Rillaboom\n|-damage|p2a: Rillaboom|71\/100\n|move|p2b: Volcanion|Steam Eruption|p1b: Ancient Evil\n|-damage|p1b: Ancient Evil|59\/100\n|-status|p1b: Ancient Evil|brn\n|\n|-heal|p1b: Ancient Evil|65\/100 brn|[from] Grassy Terrain\n|-heal|p2a: Rillaboom|77\/100|[from] Grassy Terrain\n|-damage|p1b: Ancient Evil|59\/100 brn|[from] brn\n|-fieldend|move: Trick Room\n|upkeep\n|turn|6\n|\n|t:|1700161832\n|move|p1a: Krampus|Taunt|p2a: Rillaboom\n|-start|p2a: Rillaboom|move: Taunt\n|move|p2a: Rillaboom|Wood Hammer|p1b: Ancient Evil\n|-damage|p1b: Ancient Evil|12\/100 brn\n|-activate|p1b: Ancient Evil|ability: Mummy|Grassy Surge|[of] p2a: Rillaboom\n|-damage|p2a: Rillaboom|67\/100|[from] Recoil\n|move|p2b: Volcanion|Steam Eruption|p1a: Krampus\n|-damage|p1a: Krampus|61\/100\n|-status|p1a: Krampus|brn\n|move|p1b: Ancient Evil|Trick Room|p1b: Ancient Evil\n|-fieldstart|move: Trick Room|[of] p1b: Ancient Evil\n|\n|-heal|p1b: Ancient Evil|18\/100 brn|[from] Grassy Terrain\n|-heal|p1a: Krampus|67\/100 brn|[from] Grassy Terrain\n|-heal|p2a: Rillaboom|73\/100|[from] Grassy Terrain\n|-damage|p1b: Ancient Evil|12\/100 brn|[from] brn\n|-damage|p1a: Krampus|61\/100 brn|[from] brn\n|upkeep\n|turn|7\n|\n|t:|1700161851\n|switch|p1a: 1ManArmy|Blissey, F|100\/100\n|move|p2a: Rillaboom|Grassy Glide|p1b: Ancient Evil\n|-damage|p1b: Ancient Evil|0 fnt\n|faint|p1b: Ancient Evil\n|move|p2b: Volcanion|Steam Eruption|p1a: 1ManArmy\n|-damage|p1a: 1ManArmy|84\/100\n|-status|p1a: 1ManArmy|brn\n|\n|-heal|p1a: 1ManArmy|90\/100 brn|[from] Grassy Terrain\n|-heal|p1a: 1ManArmy|97\/100 brn|[from] item: Leftovers\n|-heal|p2a: Rillaboom|79\/100|[from] Grassy Terrain\n|-damage|p1a: 1ManArmy|90\/100 brn|[from] brn\n|-end|p2b: Volcanion|move: Taunt\n|upkeep\n|\n|t:|1700161861\n|switch|p1b: Sweeper|Shuckle, L99, M|100\/100\n|turn|8\n|\n|t:|1700161867\n|move|p1b: Sweeper|Guard Split|p1a: 1ManArmy\n|-activate|p1b: Sweeper|move: Guard Split|[of] p1a: 1ManArmy\n|move|p1a: 1ManArmy|Charge Beam|p2b: Volcanion\n|-supereffective|p2b: Volcanion\n|-damage|p2b: Volcanion|85\/100\n|-boost|p1a: 1ManArmy|spa|1\n|move|p2b: Volcanion|Steam Eruption|p1b: Sweeper\n|-supereffective|p1b: Sweeper\n|-damage|p1b: Sweeper|34\/100\n|-status|p1b: Sweeper|brn\n|move|p2a: Rillaboom|Wood Hammer|p1b: Sweeper\n|-damage|p1b: Sweeper|0 fnt\n|faint|p1b: Sweeper\n|-damage|p2a: Rillaboom|73\/100|[from] Recoil\n|\n|-heal|p1a: 1ManArmy|97\/100 brn|[from] Grassy Terrain\n|-heal|p1a: 1ManArmy|100\/100 brn|[from] item: Leftovers\n|-heal|p2b: Volcanion|91\/100|[from] Grassy Terrain\n|-heal|p2a: Rillaboom|79\/100|[from] Grassy Terrain\n|-damage|p1a: 1ManArmy|94\/100 brn|[from] brn\n|-end|p2a: Rillaboom|move: Taunt\n|upkeep\n|\n|t:|1700161875\n|switch|p1b: Cho'Gath|Drapion, M|100\/100\n|turn|9\n|\n|t:|1700161895\n|move|p1a: 1ManArmy|Charge Beam|p2b: Volcanion\n|-supereffective|p2b: Volcanion\n|-damage|p2b: Volcanion|67\/100\n|-boost|p1a: 1ManArmy|spa|1\n|move|p2b: Volcanion|Earth Power|p1b: Cho'Gath\n|-supereffective|p1b: Cho'Gath\n|-damage|p1b: Cho'Gath|64\/100\n|move|p1b: Cho'Gath|Acupressure|p1a: 1ManArmy\n|-boost|p1a: 1ManArmy|accuracy|2\n|move|p2a: Rillaboom|Wood Hammer|p1a: 1ManArmy\n|-damage|p1a: 1ManArmy|76\/100 brn\n|-damage|p2a: Rillaboom|69\/100|[from] Recoil\n|\n|-heal|p1a: 1ManArmy|82\/100 brn|[from] Grassy Terrain\n|-heal|p1a: 1ManArmy|88\/100 brn|[from] item: Leftovers\n|-heal|p2b: Volcanion|73\/100|[from] Grassy Terrain\n|-heal|p1b: Cho'Gath|70\/100|[from] Grassy Terrain\n|-heal|p1b: Cho'Gath|76\/100|[from] item: Leftovers\n|-heal|p2a: Rillaboom|75\/100|[from] Grassy Terrain\n|-damage|p1a: 1ManArmy|82\/100 brn|[from] brn\n|-sideend|p1: Killette2|move: Light Screen\n|-fieldend|move: Grassy Terrain\n|upkeep\n|turn|10\n|\n|t:|1700161909\n|move|p1a: 1ManArmy|Mimic|p1b: Cho'Gath\n|-start|p1a: 1ManArmy|Mimic|Acupressure\n|move|p2b: Volcanion|Steam Eruption|p1a: 1ManArmy\n|-damage|p1a: 1ManArmy|63\/100 brn\n|move|p1b: Cho'Gath|Toxic Spikes|p2a: Rillaboom\n|-sidestart|p2: Pancake Tuesday|move: Toxic Spikes\n|move|p2a: Rillaboom|Wood Hammer|p1b: Cho'Gath\n|-resisted|p1b: Cho'Gath\n|-damage|p1b: Cho'Gath|56\/100\n|-damage|p2a: Rillaboom|70\/100|[from] Recoil\n|\n|-heal|p1a: 1ManArmy|70\/100 brn|[from] item: Leftovers\n|-heal|p1b: Cho'Gath|62\/100|[from] item: Leftovers\n|-damage|p1a: 1ManArmy|63\/100 brn|[from] brn\n|-fieldend|move: Trick Room\n|upkeep\n|turn|11\n|\n|t:|1700161922\n|move|p2a: Rillaboom|Wood Hammer|p1a: 1ManArmy\n|-damage|p1a: 1ManArmy|49\/100 brn\n|-damage|p2a: Rillaboom|62\/100|[from] Recoil\n|move|p1b: Cho'Gath|Toxic Spikes|p2a: Rillaboom\n|-sidestart|p2: Pancake Tuesday|move: Toxic Spikes\n|move|p2b: Volcanion|Steam Eruption|p1b: Cho'Gath\n|-damage|p1b: Cho'Gath|16\/100\n|move|p1a: 1ManArmy|Acupressure|p1a: 1ManArmy\n|-boost|p1a: 1ManArmy|spe|2\n|\n|-heal|p1a: 1ManArmy|55\/100 brn|[from] item: Leftovers\n|-heal|p1b: Cho'Gath|22\/100|[from] item: Leftovers\n|-damage|p1a: 1ManArmy|49\/100 brn|[from] brn\n|-sideend|p1: Killette2|Reflect\n|upkeep\n|turn|12\n|inactive|Battle timer is ON: inactive players will automatically lose when time's up. (requested by Pancake Tuesday)\n|\n|t:|1700161951\n|move|p1a: 1ManArmy|Rest|p1a: 1ManArmy\n|-status|p1a: 1ManArmy|slp|[from] move: Rest\n|-heal|p1a: 1ManArmy|100\/100 slp|[silent]\n|move|p2a: Rillaboom|Wood Hammer|p1a: 1ManArmy\n|-damage|p1a: 1ManArmy|80\/100 slp\n|-damage|p2a: Rillaboom|50\/100|[from] Recoil\n|move|p1b: Cho'Gath|Acupressure|p1a: 1ManArmy\n|-boost|p1a: 1ManArmy|def|2\n|move|p2b: Volcanion|Steam Eruption|p1b: Cho'Gath\n|-damage|p1b: Cho'Gath|0 fnt\n|faint|p1b: Cho'Gath\n|\n|-heal|p1a: 1ManArmy|86\/100 slp|[from] item: Leftovers\n|upkeep\n|\n|t:|1700161958\n|switch|p1b: Krampus|Grimmsnarl, M|61\/100 brn\n|turn|13\n|\n|t:|1700161967\n|switch|p2b: Jirachi|Jirachi|73\/100\n|move|p1b: Krampus|Reflect|p1b: Krampus\n|-sidestart|p1: Killette2|Reflect\n|cant|p1a: 1ManArmy|slp\n|move|p2a: Rillaboom|U-turn|p1b: Krampus\n|-damage|p1b: Krampus|46\/100 brn\n|\n|t:|1700161971\n|switch|p2a: Blastoise|Blastoise-Mega, F|90\/100|[from] U-turn\n|-status|p2a: Blastoise|tox\n|\n|-heal|p1a: 1ManArmy|92\/100 slp|[from] item: Leftovers\n|-damage|p2a: Blastoise|84\/100 tox|[from] psn\n|-damage|p1b: Krampus|40\/100 brn|[from] brn\n|upkeep\n|turn|14\n|\n|t:|1700161981\n|move|p2b: Jirachi|Follow Me|p2b: Jirachi\n|-singleturn|p2b: Jirachi|move: Follow Me\n|move|p1b: Krampus|Taunt|p2b: Jirachi\n|-start|p2b: Jirachi|move: Taunt\n|cant|p1a: 1ManArmy|slp\n|move|p2a: Blastoise|Shell Smash|p2a: Blastoise\n|-unboost|p2a: Blastoise|def|1\n|-unboost|p2a: Blastoise|spd|1\n|-boost|p2a: Blastoise|atk|2\n|-boost|p2a: Blastoise|spa|2\n|-boost|p2a: Blastoise|spe|2\n|\n|-heal|p1a: 1ManArmy|98\/100 slp|[from] item: Leftovers\n|-damage|p2a: Blastoise|72\/100 tox|[from] psn\n|-damage|p1b: Krampus|34\/100 brn|[from] brn\n|upkeep\n|turn|15\n|\n|t:|1700161998\n|switch|p1b: Hatmemey|Hatterene, L99, F|100\/100\n|move|p2a: Blastoise|Muddy Water|p1b: Hatmemey|[spread] \n|-miss|p2a: Blastoise|p1a: 1ManArmy\n|-miss|p2a: Blastoise|p1b: Hatmemey\n|-curestatus|p1a: 1ManArmy|slp|[msg]\n|move|p1a: 1ManArmy|Charge Beam|p2a: Blastoise\n|-supereffective|p2a: Blastoise\n|-damage|p2a: Blastoise|0 fnt\n|-boost|p1a: 1ManArmy|spa|1\n|faint|p2a: Blastoise\n|move|p2b: Jirachi|Iron Head|p1a: 1ManArmy\n|-damage|p1a: 1ManArmy|95\/100\n|\n|-heal|p1a: 1ManArmy|100\/100|[from] item: Leftovers\n|upkeep\n|c|\u2606Killette2|Bruh\n|-message|Pancake Tuesday forfeited.\n|\n|win|Killette2\n|raw|Killette2's rating: 1319 &rarr; <strong>1348<\/strong><br \/>(+29 for winning)\n|raw|Pancake Tuesday's rating: 1484 &rarr; <strong>1455<\/strong><br \/>(-29 for losing)\n|c|\u2606Killette2|You got cheates\n|l|\u2606Pancake Tuesday\n|c|\u2606Killette2|Cheated\n","uploadtime":1700162021,"views":6,"p1id":"killette2","p2id":"pancaketuesday","formatid":"gen9nationaldexdoubles","rating":1348,"private":0,"password":""}