{"id":"gen9nationaldexdoubles-1958358802","p1":"Steven Stone 007","p2":"The Mago3011","format":"[Gen 9] National Dex Doubles","log":"|j|\u2606Steven Stone 007\n|j|\u2606The Mago3011\n|t:|1696317593\n|gametype|doubles\n|player|p1|Steven Stone 007|steven|\n|player|p2|The Mago3011|korrina-masters|\n|teamsize|p1|6\n|teamsize|p2|6\n|gen|9\n|tier|[Gen 9] National Dex Doubles\n|rule|HP Percentage Mod: HP is shown in percentages\n|rule|Endless Battle Clause: Forcing endless battles is banned\n|rule|OHKO Clause: OHKO moves are banned\n|rule|Evasion Moves Clause: Evasion moves are banned\n|rule|Evasion Abilities Clause: Evasion abilities are banned\n|rule|Species Clause: Limit one of each Pok\u00e9mon\n|rule|Gravity Sleep Clause: The combination of sleep-inducing moves with imperfect accuracy and Gravity or Gigantamax Orbeetle are banned\n|clearpoke\n|poke|p1|Chien-Pao|\n|poke|p1|Lucario, F|\n|poke|p1|Rillaboom, F|\n|poke|p1|Incineroar, F|\n|poke|p1|Flutter Mane|\n|poke|p1|Whimsicott, F|\n|poke|p2|Armarouge, M|\n|poke|p2|Indeedee-F, F|\n|poke|p2|Ursaluna, M|\n|poke|p2|Cresselia, F|\n|poke|p2|Grimmsnarl, M|\n|poke|p2|Mew|\n|teampreview\n|c|\u2606Steven Stone 007|GL\n|c|\u2606The Mago3011|glhf\n|c|\u2606Steven Stone 007|trick room\n|\n|t:|1696317620\n|start\n|switch|p1a: Chien-Pao|Chien-Pao|100\/100\n|switch|p1b: Incineroar|Incineroar, F|100\/100\n|switch|p2a: Stervwhen|Grimmsnarl, M|100\/100\n|switch|p2b: The Wall|Cresselia, F|100\/100\n|-ability|p1a: Chien-Pao|Sword of Ruin\n|-ability|p1b: Incineroar|Intimidate|boost\n|-unboost|p2a: Stervwhen|atk|1\n|-unboost|p2b: The Wall|atk|1\n|turn|1\n|\n|t:|1696317636\n|switch|p2a: Feedsuni|Indeedee-F, F|100\/100\n|-fieldstart|move: Psychic Terrain|[from] ability: Psychic Surge|[of] p2a: Feedsuni\n|-terastallize|p2b: The Wall|Electric\n|move|p1b: Incineroar|Fake Out|p2a: Feedsuni\n|-activate|p2a: Feedsuni|move: Psychic Terrain\n|move|p1a: Chien-Pao|Crunch|p2b: The Wall\n|-damage|p2b: The Wall|69\/100\n|move|p2b: The Wall|Trick Room|p2b: The Wall\n|-fieldstart|move: Trick Room|[of] p2b: The Wall\n|\n|-heal|p2b: The Wall|75\/100|[from] item: Leftovers\n|upkeep\n|turn|2\n|\n|t:|1696317667\n|switch|p2a: Psyvi|Mew|100\/100\n|move|p1a: Chien-Pao|Protect|p1a: Chien-Pao\n|-singleturn|p1a: Chien-Pao|Protect\n|move|p1b: Incineroar|Parting Shot|p2a: Psyvi\n|-unboost|p2a: Psyvi|atk|1\n|-unboost|p2a: Psyvi|spa|1\n|\n|t:|1696317677\n|switch|p1b: Rillaboom|Rillaboom, F|100\/100|[from] Parting Shot\n|-fieldstart|move: Grassy Terrain|[from] ability: Grassy Surge|[of] p1b: Rillaboom\n|move|p2b: The Wall|Lunar Blessing|p2b: The Wall|[spread] p2a,p2b\n|-heal|p2b: The Wall|100\/100\n|\n|upkeep\n|turn|3\n|\n|t:|1696317693\n|switch|p2b: Gaster|Armarouge, M|100\/100\n|switch|p2a: Feedsuni|Indeedee-F, F|100\/100\n|-fieldstart|move: Psychic Terrain|[from] ability: Psychic Surge|[of] p2a: Feedsuni\n|move|p1b: Rillaboom|U-turn|p2a: Feedsuni\n|-supereffective|p2a: Feedsuni\n|-damage|p2a: Feedsuni|8\/100\n|\n|t:|1696317704\n|switch|p1b: Incineroar|Incineroar, F|100\/100|[from] U-turn\n|-ability|p1b: Incineroar|Intimidate|boost\n|-unboost|p2a: Feedsuni|atk|1\n|-unboost|p2b: Gaster|atk|1\n|move|p1a: Chien-Pao|Crunch|p2a: Feedsuni\n|-supereffective|p2a: Feedsuni\n|-damage|p2a: Feedsuni|0 fnt\n|faint|p2a: Feedsuni\n|\n|upkeep\n|\n|t:|1696317711\n|switch|p2a: Psyvi|Mew|100\/100\n|turn|4\n|c|\u2606Steven Stone 007|Prediction\n|c|\u2606The Mago3011|Not really I needed a sac lmao\n|c|\u2606Steven Stone 007|let's see\n|\n|t:|1696317739\n|switch|p1a: Rillaboom|Rillaboom, F|100\/100\n|-fieldstart|move: Grassy Terrain|[from] ability: Grassy Surge|[of] p1a: Rillaboom\n|move|p1b: Incineroar|Fake Out|p2a: Psyvi\n|-damage|p2a: Psyvi|90\/100\n|move|p2b: Gaster|Heat Wave|p1a: Rillaboom|[spread] p1a\n|-miss|p2b: Gaster|p1b: Incineroar\n|-supereffective|p1a: Rillaboom\n|-damage|p1a: Rillaboom|2\/100\n|-damage|p2b: Gaster|91\/100|[from] item: Life Orb\n|cant|p2a: Psyvi|flinch\n|\n|-heal|p2b: Gaster|97\/100|[from] Grassy Terrain\n|-heal|p2a: Psyvi|97\/100|[from] Grassy Terrain\n|-heal|p2a: Psyvi|100\/100|[from] item: Leftovers\n|-heal|p1a: Rillaboom|8\/100|[from] Grassy Terrain\n|upkeep\n|turn|5\n|\n|t:|1696317764\n|move|p1a: Rillaboom|Fake Out|p2b: Gaster\n|-damage|p2b: Gaster|83\/100\n|cant|p2b: Gaster|flinch\n|move|p1b: Incineroar|Darkest Lariat|p2b: Gaster\n|-supereffective|p2b: Gaster\n|-damage|p2b: Gaster|0 fnt\n|faint|p2b: Gaster\n|move|p2a: Psyvi|Imprison|p2a: Psyvi\n|-start|p2a: Psyvi|move: Imprison\n|\n|-heal|p1a: Rillaboom|15\/100|[from] Grassy Terrain\n|-fieldend|move: Trick Room\n|upkeep\n|\n|t:|1696317770\n|switch|p2b: Pablo Eskobear|Ursaluna, M|100\/100\n|turn|6\n|c|\u2606Steven Stone 007|fake out disable\n|c|\u2606Steven Stone 007|nice\n|\n|t:|1696317786\n|move|p2b: Pablo Eskobear|Protect|p2b: Pablo Eskobear\n|-singleturn|p2b: Pablo Eskobear|Protect\n|move|p1a: Rillaboom|Grassy Glide|p2b: Pablo Eskobear\n|-activate|p2b: Pablo Eskobear|move: Protect\n|move|p1b: Incineroar|Parting Shot|p2b: Pablo Eskobear\n|-activate|p2b: Pablo Eskobear|move: Protect\n|move|p2a: Psyvi|Trick Room|p2a: Psyvi\n|-fieldstart|move: Trick Room|[of] p2a: Psyvi\n|\n|-heal|p1a: Rillaboom|21\/100|[from] Grassy Terrain\n|-status|p2b: Pablo Eskobear|brn|[from] item: Flame Orb\n|upkeep\n|turn|7\n|c|\u2606Steven Stone 007|or it is transform\n|\n|t:|1696317832\n|switch|p1b: Whimsicott|Whimsicott, F|100\/100\n|move|p2a: Psyvi|Protect|p2a: Psyvi\n|-singleturn|p2a: Psyvi|Protect\n|move|p1a: Rillaboom|Grassy Glide|p2b: Pablo Eskobear\n|-supereffective|p2b: Pablo Eskobear\n|-damage|p2b: Pablo Eskobear|46\/100 brn\n|move|p2b: Pablo Eskobear|Facade|p1a: Rillaboom\n|-damage|p1a: Rillaboom|0 fnt\n|faint|p1a: Rillaboom\n|\n|-heal|p2b: Pablo Eskobear|52\/100 brn|[from] Grassy Terrain\n|-damage|p2b: Pablo Eskobear|46\/100 brn|[from] brn\n|upkeep\n|\n|t:|1696317842\n|switch|p1a: Incineroar|Incineroar, F|100\/100\n|-ability|p1a: Incineroar|Intimidate|boost\n|-unboost|p2a: Psyvi|atk|1\n|-unboost|p2b: Pablo Eskobear|atk|1\n|turn|8\n|\n|t:|1696317864\n|switch|p2b: Stervwhen|Grimmsnarl, M|100\/100\n|switch|p2a: The Wall|Cresselia, F, tera:Electric|100\/100\n|move|p1b: Whimsicott|Encore||[still]\n|-fail|p1b: Whimsicott\n|move|p1a: Incineroar|Darkest Lariat|p2a: The Wall\n|-damage|p2a: The Wall|74\/100\n|\n|-heal|p2a: The Wall|80\/100|[from] item: Leftovers\n|-fieldend|move: Grassy Terrain\n|upkeep\n|turn|9\n|\n|t:|1696317881\n|move|p1b: Whimsicott|Helping Hand|p1a: Incineroar\n|-singleturn|p1a: Incineroar|Helping Hand|[of] p1b: Whimsicott\n|move|p2b: Stervwhen|Reflect|p2b: Stervwhen\n|-sidestart|p2: The Mago3011|Reflect\n|move|p1a: Incineroar|Flare Blitz|p2a: The Wall\n|-damage|p2a: The Wall|41\/100\n|-damage|p1a: Incineroar|86\/100|[from] Recoil\n|move|p2a: The Wall|Lunar Blessing|p2a: The Wall|[spread] p2a,p2b\n|-heal|p2a: The Wall|66\/100\n|\n|-heal|p2a: The Wall|73\/100|[from] item: Leftovers\n|upkeep\n|turn|10\n|\n|t:|1696317902\n|move|p1a: Incineroar|Parting Shot|p2a: The Wall\n|-unboost|p2a: The Wall|atk|1\n|-unboost|p2a: The Wall|spa|1\n|\n|t:|1696317905\n|switch|p1a: Lucario|Lucario, F|100\/100|[from] Parting Shot\n|move|p2b: Stervwhen|Spirit Break|p1a: Lucario\n|-damage|p1a: Lucario|47\/100\n|-unboost|p1a: Lucario|spa|1\n|move|p2a: The Wall|Lunar Blessing|p2a: The Wall|[spread] p2a,p2b\n|-heal|p2a: The Wall|98\/100\n|move|p1b: Whimsicott|Moonblast|p2b: Stervwhen\n|-supereffective|p2b: Stervwhen\n|-damage|p2b: Stervwhen|47\/100\n|\n|-heal|p2a: The Wall|100\/100|[from] item: Leftovers\n|-fieldend|move: Trick Room\n|upkeep\n|turn|11\n|\n|t:|1696317923\n|detailschange|p1a: Lucario|Lucario-Mega, F\n|-mega|p1a: Lucario|Lucario|Lucarionite\n|move|p1b: Whimsicott|Encore|p2a: The Wall\n|-start|p2a: The Wall|Encore\n|move|p1a: Lucario|Bullet Punch|p2b: Stervwhen\n|-supereffective|p2b: Stervwhen\n|-damage|p2b: Stervwhen|5\/100\n|move|p2b: Stervwhen|Parting Shot|p1a: Lucario\n|-unboost|p1a: Lucario|atk|1\n|-unboost|p1a: Lucario|spa|1\n|c|\u2606Steven Stone 007|ooo\n|\n|t:|1696317932\n|switch|p2b: Pablo Eskobear|Ursaluna, M|46\/100 brn|[from] Parting Shot\n|move|p2a: The Wall|Lunar Blessing|p2a: The Wall|[spread] p2a,p2b\n|-heal|p2b: Pablo Eskobear|71\/100 brn\n|-curestatus|p2b: Pablo Eskobear|brn|[msg]\n|\n|-status|p2b: Pablo Eskobear|brn|[from] item: Flame Orb\n|upkeep\n|turn|12\n|\n|t:|1696317962\n|switch|p1a: Flutter Mane|Flutter Mane|100\/100\n|move|p1b: Whimsicott|Moonblast|p2b: Pablo Eskobear\n|-damage|p2b: Pablo Eskobear|45\/100 brn\n|move|p2a: The Wall|Lunar Blessing|p2a: The Wall|[spread] p2a,p2b\n|-heal|p2b: Pablo Eskobear|70\/100 brn\n|-curestatus|p2b: Pablo Eskobear|brn|[msg]\n|move|p2b: Pablo Eskobear|Earthquake|p1b: Whimsicott|[spread] p1a,p1b\n|-immune|p2a: The Wall|[from] ability: Levitate\n|-resisted|p1b: Whimsicott\n|-damage|p1a: Flutter Mane|6\/100\n|-damage|p1b: Whimsicott|72\/100\n|\n|-status|p2b: Pablo Eskobear|brn|[from] item: Flame Orb\n|upkeep\n|turn|13\n|\n|t:|1696317986\n|move|p1b: Whimsicott|Helping Hand|p1a: Flutter Mane\n|-singleturn|p1a: Flutter Mane|Helping Hand|[of] p1b: Whimsicott\n|move|p2b: Pablo Eskobear|Protect|p2b: Pablo Eskobear\n|-singleturn|p2b: Pablo Eskobear|Protect\n|move|p1a: Flutter Mane|Energy Ball|p2b: Pablo Eskobear\n|-activate|p2b: Pablo Eskobear|move: Protect\n|move|p2a: The Wall|Lunar Blessing|p2a: The Wall|[spread] p2a,p2b\n|-heal|p2b: Pablo Eskobear|95\/100 brn\n|-curestatus|p2b: Pablo Eskobear|brn|[msg]\n|\n|-end|p2a: The Wall|Encore\n|-status|p2b: Pablo Eskobear|brn|[from] item: Flame Orb\n|upkeep\n|turn|14\n|\n|t:|1696318002\n|switch|p2b: Psyvi|Mew|100\/100\n|move|p1b: Whimsicott|Encore|p2a: The Wall\n|-start|p2a: The Wall|Encore\n|move|p1a: Flutter Mane|Energy Ball|p2b: Psyvi\n|-damage|p2b: Psyvi|65\/100\n|move|p2a: The Wall|Lunar Blessing|p2a: The Wall|[spread] p2a,p2b\n|-heal|p2b: Psyvi|90\/100\n|\n|-heal|p2b: Psyvi|96\/100|[from] item: Leftovers\n|upkeep\n|turn|15\n|\n|t:|1696318028\n|-end|p1a: Flutter Mane|Protosynthesis|[silent]\n|switch|p1a: Incineroar|Incineroar, F|86\/100\n|-ability|p1a: Incineroar|Intimidate|boost\n|-unboost|p2a: The Wall|atk|1\n|-unboost|p2b: Psyvi|atk|1\n|move|p1b: Whimsicott|Moonblast|p2a: The Wall\n|-damage|p2a: The Wall|84\/100\n|move|p2a: The Wall|Lunar Blessing|p2a: The Wall|[spread] p2a,p2b\n|-heal|p2a: The Wall|100\/100\n|-heal|p2b: Psyvi|100\/100\n|move|p2b: Psyvi|Trick Room|p2b: Psyvi\n|-fieldstart|move: Trick Room|[of] p2b: Psyvi\n|\n|-end|p2a: The Wall|Encore\n|upkeep\n|turn|16\n|\n|t:|1696318051\n|switch|p2a: Stervwhen|Grimmsnarl, M|5\/100\n|switch|p2b: Pablo Eskobear|Ursaluna, M|95\/100 brn\n|move|p1a: Incineroar|Fake Out|p2a: Stervwhen\n|-damage|p2a: Stervwhen|0 fnt\n|faint|p2a: Stervwhen\n|move|p1b: Whimsicott|Encore||[still]\n|-fail|p1b: Whimsicott\n|\n|-damage|p2b: Pablo Eskobear|89\/100 brn|[from] brn\n|-sideend|p2: The Mago3011|Reflect\n|upkeep\n|\n|t:|1696318064\n|switch|p2a: The Wall|Cresselia, F, tera:Electric|100\/100\n|turn|17\n|\n|t:|1696318085\n|switch|p1a: Flutter Mane|Flutter Mane|6\/100\n|move|p2b: Pablo Eskobear|Earthquake|p1b: Whimsicott|[spread] p1a,p1b\n|-immune|p2a: The Wall|[from] ability: Levitate\n|-resisted|p1b: Whimsicott\n|-damage|p1a: Flutter Mane|0 fnt\n|-damage|p1b: Whimsicott|33\/100\n|faint|p1a: Flutter Mane\n|-end|p1a: Flutter Mane|Protosynthesis|[silent]\n|move|p2a: The Wall|Expanding Force|p1b: Whimsicott\n|-damage|p1b: Whimsicott|5\/100\n|move|p1b: Whimsicott|Moonblast|p2b: Pablo Eskobear\n|-damage|p2b: Pablo Eskobear|65\/100 brn\n|-unboost|p2b: Pablo Eskobear|spa|1\n|\n|-damage|p2b: Pablo Eskobear|58\/100 brn|[from] brn\n|upkeep\n|\n|t:|1696318089\n|switch|p1a: Incineroar|Incineroar, F|86\/100\n|-ability|p1a: Incineroar|Intimidate|boost\n|-unboost|p2a: The Wall|atk|1\n|-unboost|p2b: Pablo Eskobear|atk|1\n|turn|18\n|\n|t:|1696318122\n|switch|p2b: Psyvi|Mew|100\/100\n|move|p1b: Whimsicott|Helping Hand|p1a: Incineroar\n|-singleturn|p1a: Incineroar|Helping Hand|[of] p1b: Whimsicott\n|move|p1a: Incineroar|Fake Out|p2b: Psyvi\n|-damage|p2b: Psyvi|84\/100\n|move|p2a: The Wall|Expanding Force|p1b: Whimsicott\n|-damage|p1b: Whimsicott|0 fnt\n|faint|p1b: Whimsicott\n|\n|-heal|p2b: Psyvi|90\/100|[from] item: Leftovers\n|upkeep\n|\n|t:|1696318127\n|switch|p1b: Chien-Pao|Chien-Pao|100\/100\n|-ability|p1b: Chien-Pao|Sword of Ruin\n|turn|19\n|\n|t:|1696318139\n|move|p1b: Chien-Pao|Protect|p1b: Chien-Pao\n|-singleturn|p1b: Chien-Pao|Protect\n|move|p1a: Incineroar|Flare Blitz|p2a: The Wall\n|-damage|p2a: The Wall|51\/100\n|-damage|p1a: Incineroar|68\/100|[from] Recoil\n|move|p2a: The Wall|Trick Room|p2a: The Wall\n|-fieldend|move: Trick Room\n|move|p2b: Psyvi|Trick Room|p2b: Psyvi\n|-fieldstart|move: Trick Room|[of] p2b: Psyvi\n|\n|-heal|p2a: The Wall|57\/100|[from] item: Leftovers\n|-heal|p2b: Psyvi|97\/100|[from] item: Leftovers\n|upkeep\n|turn|20\n|\n|t:|1696318163\n|switch|p2b: Pablo Eskobear|Ursaluna, M|58\/100 brn\n|-terastallize|p1b: Chien-Pao|Dark\n|move|p1a: Incineroar|Darkest Lariat|p2b: Pablo Eskobear\n|-damage|p2b: Pablo Eskobear|18\/100 brn\n|move|p2a: The Wall|Moonlight|p2a: The Wall\n|-heal|p2a: The Wall|100\/100\n|move|p1b: Chien-Pao|Crunch|p2a: The Wall\n|-damage|p2a: The Wall|59\/100\n|\n|-heal|p2a: The Wall|65\/100|[from] item: Leftovers\n|-damage|p2b: Pablo Eskobear|12\/100 brn|[from] brn\n|upkeep\n|turn|21\n|\n|t:|1696318179\n|switch|p1a: Lucario|Lucario-Mega, F|47\/100\n|move|p1b: Chien-Pao|Protect|p1b: Chien-Pao\n|-singleturn|p1b: Chien-Pao|Protect\n|move|p2b: Pablo Eskobear|Earthquake|p1a: Lucario|[spread] p1a\n|-activate|p1b: Chien-Pao|move: Protect\n|-immune|p2a: The Wall|[from] ability: Levitate\n|-supereffective|p1a: Lucario\n|-damage|p1a: Lucario|0 fnt\n|faint|p1a: Lucario\n|move|p2a: The Wall|Moonlight|p2a: The Wall\n|-heal|p2a: The Wall|100\/100\n|\n|-damage|p2b: Pablo Eskobear|5\/100 brn|[from] brn\n|upkeep\n|\n|t:|1696318182\n|switch|p1a: Incineroar|Incineroar, F|68\/100\n|-ability|p1a: Incineroar|Intimidate|boost\n|-unboost|p2a: The Wall|atk|1\n|-unboost|p2b: Pablo Eskobear|atk|1\n|turn|22\n|\n|t:|1696318199\n|switch|p2b: Psyvi|Mew|97\/100\n|move|p1a: Incineroar|Fake Out|p2b: Psyvi\n|-damage|p2b: Psyvi|82\/100\n|move|p1b: Chien-Pao|Crunch|p2a: The Wall\n|-damage|p2a: The Wall|58\/100\n|move|p2a: The Wall|Trick Room|p2a: The Wall\n|-fieldend|move: Trick Room\n|\n|-heal|p2b: Psyvi|89\/100|[from] item: Leftovers\n|-heal|p2a: The Wall|64\/100|[from] item: Leftovers\n|upkeep\n|turn|23\n|\n|t:|1696318211\n|move|p2b: Psyvi|Protect|p2b: Psyvi\n|-singleturn|p2b: Psyvi|Protect\n|move|p1b: Chien-Pao|Crunch|p2b: Psyvi\n|-activate|p2b: Psyvi|move: Protect\n|move|p1a: Incineroar|Flare Blitz|p2a: The Wall\n|-damage|p2a: The Wall|14\/100\n|-status|p2a: The Wall|brn\n|-damage|p1a: Incineroar|49\/100|[from] Recoil\n|move|p2a: The Wall|Trick Room|p2a: The Wall\n|-fieldstart|move: Trick Room|[of] p2a: The Wall\n|\n|-heal|p2a: The Wall|20\/100 brn|[from] item: Leftovers\n|-heal|p2b: Psyvi|95\/100|[from] item: Leftovers\n|-damage|p2a: The Wall|14\/100 brn|[from] brn\n|upkeep\n|turn|24\n|\n|t:|1696318227\n|move|p1a: Incineroar|Flare Blitz|p2b: Psyvi\n|-damage|p2b: Psyvi|32\/100\n|-damage|p1a: Incineroar|28\/100|[from] Recoil\n|move|p2a: The Wall|Expanding Force|p1a: Incineroar\n|-immune|p1a: Incineroar\n|move|p2b: Psyvi|Soft-Boiled|p2b: Psyvi\n|-heal|p2b: Psyvi|82\/100\n|move|p1b: Chien-Pao|Crunch|p2a: The Wall\n|-damage|p2a: The Wall|0 fnt\n|faint|p2a: The Wall\n|\n|-heal|p2b: Psyvi|88\/100|[from] item: Leftovers\n|upkeep\n|\n|t:|1696318231\n|switch|p2a: Pablo Eskobear|Ursaluna, M|5\/100 brn\n|turn|25\n|c|\u2606Steven Stone 007|GG\n|\n|t:|1696318243\n|move|p1b: Chien-Pao|Protect|p1b: Chien-Pao\n|-singleturn|p1b: Chien-Pao|Protect\n|move|p2a: Pablo Eskobear|Drain Punch|p1a: Incineroar\n|-supereffective|p1a: Incineroar\n|-damage|p1a: Incineroar|0 fnt\n|-heal|p2a: Pablo Eskobear|17\/100 brn|[from] drain|[of] p1a: Incineroar\n|faint|p1a: Incineroar\n|move|p2b: Psyvi|Imprison|p2b: Psyvi\n|-start|p2b: Psyvi|move: Imprison\n|\n|-heal|p2b: Psyvi|95\/100|[from] item: Leftovers\n|-damage|p2a: Pablo Eskobear|11\/100 brn|[from] brn\n|upkeep\n|turn|26\n|\n|t:|1696318259\n|move|p2b: Psyvi|Protect|p2b: Psyvi\n|-singleturn|p2b: Psyvi|Protect\n|move|p2a: Pablo Eskobear|Facade|p1b: Chien-Pao\n|-enditem|p1b: Chien-Pao|Focus Sash\n|-damage|p1b: Chien-Pao|1\/100\n|move|p1b: Chien-Pao|Crunch|p2a: Pablo Eskobear\n|-damage|p2a: Pablo Eskobear|0 fnt\n|faint|p2a: Pablo Eskobear\n|\n|-heal|p2b: Psyvi|100\/100|[from] item: Leftovers\n|upkeep\n|turn|27\n|c|\u2606Steven Stone 007|now i win\n|\n|t:|1696318273\n|move|p2b: Psyvi|Soft-Boiled||[still]\n|-fail|p2b: Psyvi|heal\n|move|p1b: Chien-Pao|Crunch|p2b: Psyvi\n|-supereffective|p2b: Psyvi\n|-damage|p2b: Psyvi|0 fnt\n|faint|p2b: Psyvi\n|\n|win|Steven Stone 007\n|c|\u2606The Mago3011|gg\n","uploadtime":1696318277,"views":13,"p1id":"stevenstone007","p2id":"themago3011","formatid":"gen9nationaldexdoubles","rating":0,"private":0,"password":""}