{"id":"gen9nationaldexdoubles-1950085492","p1":"Cad48","p2":"Fnafnightmare","format":"[Gen 9] National Dex Doubles","log":"|j|\u2606Cad48\n|j|\u2606Fnafnightmare\n|t:|1695424488\n|gametype|doubles\n|player|p1|Cad48|thorton|\n|player|p2|Fnafnightmare|red|\n|teamsize|p1|6\n|teamsize|p2|6\n|gen|9\n|tier|[Gen 9] National Dex Doubles\n|rule|HP Percentage Mod: HP is shown in percentages\n|rule|Endless Battle Clause: Forcing endless battles is banned\n|rule|OHKO Clause: OHKO moves are banned\n|rule|Evasion Moves Clause: Evasion moves are banned\n|rule|Evasion Abilities Clause: Evasion abilities are banned\n|rule|Species Clause: Limit one of each Pok\u00e9mon\n|rule|Gravity Sleep Clause: The combination of sleep-inducing moves with imperfect accuracy and Gravity or Gigantamax Orbeetle are banned\n|clearpoke\n|poke|p1|Indeedee-F, F|\n|poke|p1|Bronzong|\n|poke|p1|Hatterene, F|\n|poke|p1|Armarouge, F|\n|poke|p1|Rabsca, F|\n|poke|p1|Oranguru, F|\n|poke|p2|Iron Valiant|\n|poke|p2|Tinkaton, F|\n|poke|p2|Meowscarada, F|\n|poke|p2|Quaquaval, F|\n|poke|p2|Charizard, M|\n|poke|p2|Scizor, M|\n|teampreview\n|\n|t:|1695424493\n|start\n|switch|p1a: Indeedee|Indeedee-F, F|100\/100\n|switch|p1b: Bronzong|Bronzong|100\/100\n|switch|p2a: Meowscarada|Meowscarada, F, shiny|100\/100\n|switch|p2b: Quaquaval|Quaquaval, F|100\/100\n|-fieldstart|move: Psychic Terrain|[from] ability: Psychic Surge|[of] p1a: Indeedee\n|turn|1\n|\n|t:|1695424503\n|move|p1a: Indeedee|Protect|p1a: Indeedee\n|-singleturn|p1a: Indeedee|Protect\n|move|p2a: Meowscarada|Night Slash|p1b: Bronzong\n|-start|p2a: Meowscarada|typechange|Dark|[from] ability: Protean\n|-supereffective|p1b: Bronzong\n|-damage|p1b: Bronzong|38\/100\n|move|p2b: Quaquaval|Ice Spinner|p1b: Bronzong\n|-resisted|p1b: Bronzong\n|-damage|p1b: Bronzong|26\/100\n|-fieldend|move: Psychic Terrain\n|move|p1b: Bronzong|Trick Room|p1b: Bronzong\n|-fieldstart|move: Trick Room|[of] p1b: Bronzong\n|\n|upkeep\n|turn|2\n|\n|t:|1695424524\n|move|p1b: Bronzong|Reflect|p1b: Bronzong\n|-sidestart|p1: Cad48|Reflect\n|move|p1a: Indeedee|Expanding Force|p2b: Quaquaval\n|-supereffective|p2b: Quaquaval\n|-damage|p2b: Quaquaval|31\/100\n|move|p2b: Quaquaval|Aqua Step|p1b: Bronzong\n|-damage|p1b: Bronzong|4\/100\n|-boost|p2b: Quaquaval|spe|1\n|move|p2a: Meowscarada|Night Slash|p1b: Bronzong\n|-supereffective|p1b: Bronzong\n|-damage|p1b: Bronzong|0 fnt\n|faint|p1b: Bronzong\n|\n|-heal|p2b: Quaquaval|37\/100|[from] item: Leftovers\n|upkeep\n|\n|t:|1695424537\n|switch|p1b: Hatterene|Hatterene, F|100\/100\n|turn|3\n|\n|t:|1695424545\n|switch|p1a: Armarouge|Armarouge, F|100\/100\n|-terastallize|p2a: Meowscarada|Steel\n|move|p1b: Hatterene|Dazzling Gleam|p2b: Quaquaval|[spread] p2a,p2b\n|-resisted|p2a: Meowscarada\n|-supereffective|p2b: Quaquaval\n|-damage|p2a: Meowscarada|75\/100\n|-damage|p2b: Quaquaval|0 fnt\n|faint|p2b: Quaquaval\n|move|p2a: Meowscarada|Trick Room|p2a: Meowscarada\n|-fieldend|move: Trick Room\n|\n|upkeep\n|\n|t:|1695424555\n|switch|p2b: Charizard|Charizard, M, shiny|100\/100\n|turn|4\n|\n|t:|1695424567\n|-terastallize|p1b: Hatterene|Fire\n|move|p2a: Meowscarada|Night Slash|p1b: Hatterene\n|-damage|p1b: Hatterene|73\/100\n|move|p2b: Charizard|Air Slash|p1a: Armarouge\n|-damage|p1a: Armarouge|57\/100\n|move|p1a: Armarouge|Armor Cannon|p2a: Meowscarada\n|-supereffective|p2a: Meowscarada\n|-damage|p2a: Meowscarada|0 fnt\n|-unboost|p1a: Armarouge|def|1\n|-unboost|p1a: Armarouge|spd|1\n|faint|p2a: Meowscarada\n|-damage|p1a: Armarouge|47\/100|[from] item: Life Orb\n|move|p1b: Hatterene|Trick Room|p1b: Hatterene\n|-fieldstart|move: Trick Room|[of] p1b: Hatterene\n|\n|upkeep\n|\n|t:|1695424586\n|switch|p2a: Tinkaton|Tinkaton, F|100\/100\n|-ability|p2a: Tinkaton|Mold Breaker\n|turn|5\n|\n|t:|1695424610\n|switch|p1b: Indeedee|Indeedee-F, F|100\/100\n|-fieldstart|move: Psychic Terrain|[from] ability: Psychic Surge|[of] p1b: Indeedee\n|move|p1a: Armarouge|Armor Cannon|p2a: Tinkaton\n|-supereffective|p2a: Tinkaton\n|-damage|p2a: Tinkaton|0 fnt\n|-unboost|p1a: Armarouge|def|1\n|-unboost|p1a: Armarouge|spd|1\n|faint|p2a: Tinkaton\n|-damage|p1a: Armarouge|37\/100|[from] item: Life Orb\n|move|p2b: Charizard|Scorching Sands|p1a: Armarouge\n|-supereffective|p1a: Armarouge\n|-damage|p1a: Armarouge|0 fnt\n|faint|p1a: Armarouge\n|\n|upkeep\n|\n|t:|1695424624\n|switch|p1a: Hatterene|Hatterene, F, tera:Fire|73\/100\n|switch|p2a: Scizor|Scizor, M|100\/100\n|turn|6\n|\n|t:|1695424651\n|detailschange|p2a: Scizor|Scizor-Mega, M\n|-mega|p2a: Scizor|Scizor|Scizorite\n|move|p1a: Hatterene|Mystical Fire|p2a: Scizor\n|-supereffective|p2a: Scizor\n|-damage|p2a: Scizor|0 fnt\n|faint|p2a: Scizor\n|move|p1b: Indeedee|Expanding Force|p2b: Charizard\n|-damage|p2b: Charizard|32\/100\n|move|p2b: Charizard|Scorching Sands|p1a: Hatterene\n|-supereffective|p1a: Hatterene\n|-damage|p1a: Hatterene|23\/100\n|\n|upkeep\n|\n|t:|1695424658\n|switch|p2a: Iron Valiant|Iron Valiant|100\/100\n|-enditem|p2a: Iron Valiant|Booster Energy\n|-activate|p2a: Iron Valiant|ability: Quark Drive|[fromitem]\n|-start|p2a: Iron Valiant|quarkdriveatk\n|turn|7\n|\n|t:|1695424667\n|move|p1b: Indeedee|Helping Hand|p1a: Hatterene\n|-singleturn|p1a: Hatterene|Helping Hand|[of] p1b: Indeedee\n|move|p1a: Hatterene|Expanding Force|p2b: Charizard|[spread] p2a,p2b\n|-supereffective|p2a: Iron Valiant\n|-damage|p2a: Iron Valiant|0 fnt\n|-damage|p2b: Charizard|0 fnt\n|faint|p2a: Iron Valiant\n|-end|p2a: Iron Valiant|Quark Drive|[silent]\n|faint|p2b: Charizard\n|\n|win|Cad48\n|c|\u2606Fnafnightmare|Gg\n","uploadtime":1695424688,"views":7,"p1id":"cad48","p2id":"fnafnightmare","formatid":"gen9nationaldexdoubles","rating":0,"private":0,"password":""}