{"id":"gen9nationaldexdoubles-1965558232","p1":"glimmeraqua","p2":"Slash Death","format":"[Gen 9] National Dex Doubles","log":"|j|\u2606glimmeraqua\n|j|\u2606Slash Death\n|t:|1697087799\n|gametype|doubles\n|player|p1|glimmeraqua|caitlin|\n|player|p2|Slash Death|unknown|\n|teamsize|p1|6\n|teamsize|p2|6\n|gen|9\n|tier|[Gen 9] National Dex Doubles\n|rated|Tournament battle\n|rule|HP Percentage Mod: HP is shown in percentages\n|rule|Endless Battle Clause: Forcing endless battles is banned\n|rule|OHKO Clause: OHKO moves are banned\n|rule|Evasion Moves Clause: Evasion moves are banned\n|rule|Evasion Abilities Clause: Evasion abilities are banned\n|rule|Species Clause: Limit one of each Pok\u00e9mon\n|rule|Gravity Sleep Clause: The combination of sleep-inducing moves with imperfect accuracy and Gravity or Gigantamax Orbeetle are banned\n|clearpoke\n|poke|p1|Deoxys-Speed|\n|poke|p1|Chien-Pao|\n|poke|p1|Urshifu-*, F|\n|poke|p1|Rillaboom, M|\n|poke|p1|Kingambit, M|\n|poke|p1|Salamence, F|\n|poke|p2|Ting-Lu|\n|poke|p2|Zygarde|\n|poke|p2|Iron Hands|\n|poke|p2|Metagross|\n|poke|p2|Rillaboom, F|\n|poke|p2|Volcanion|\n|teampreview\n|inactive|Battle timer is ON: inactive players will automatically lose when time's up. (requested by glimmeraqua)\n|inactive|Slash Death has 120 seconds left.\n|j| noahboahog\n|\n|t:|1697087854\n|start\n|switch|p1a: Deoxys|Deoxys-Speed|100\/100\n|switch|p1b: Urshifu|Urshifu-Rapid-Strike, F|100\/100\n|switch|p2a: Monkeeee|Rillaboom, F|100\/100\n|switch|p2b: Canons of Fodder|Volcanion|100\/100\n|-ability|p1a: Deoxys|Pressure\n|-fieldstart|move: Grassy Terrain|[from] ability: Grassy Surge|[of] p2a: Monkeeee\n|turn|1\n|\n|t:|1697087866\n|switch|p1b: Salamence|Salamence, F|100\/100\n|-ability|p1b: Salamence|Intimidate|boost\n|-unboost|p2a: Monkeeee|atk|1\n|-unboost|p2b: Canons of Fodder|atk|1\n|move|p1a: Deoxys|Stealth Rock|p2a: Monkeeee\n|-sidestart|p2: Slash Death|move: Stealth Rock\n|move|p2a: Monkeeee|U-turn|p1a: Deoxys\n|-supereffective|p1a: Deoxys\n|-damage|p1a: Deoxys|54\/100\n|\n|t:|1697087874\n|switch|p2a: Catch em hands|Iron Hands|100\/100|[from] U-turn\n|-damage|p2a: Catch em hands|94\/100|[from] Stealth Rock\n|move|p2b: Canons of Fodder|Heat Wave|p1a: Deoxys|[spread] p1b\n|-miss|p2b: Canons of Fodder|p1a: Deoxys\n|-resisted|p1b: Salamence\n|-damage|p1b: Salamence|80\/100\n|\n|-heal|p1a: Deoxys|60\/100|[from] Grassy Terrain\n|-heal|p2a: Catch em hands|100\/100|[from] Grassy Terrain\n|upkeep\n|turn|2\n|\n|t:|1697087890\n|move|p1b: Salamence|Protect|p1b: Salamence\n|-singleturn|p1b: Salamence|Protect\n|move|p1a: Deoxys|Psycho Boost|p2a: Catch em hands\n|-supereffective|p2a: Catch em hands\n|-damage|p2a: Catch em hands|44\/100\n|-unboost|p1a: Deoxys|spa|2\n|move|p2b: Canons of Fodder|Steam Eruption|p1a: Deoxys\n|-damage|p1a: Deoxys|0 fnt\n|faint|p1a: Deoxys\n|move|p2a: Catch em hands|Ice Punch|p1b: Salamence\n|-activate|p1b: Salamence|move: Protect\n|\n|-heal|p2a: Catch em hands|50\/100|[from] Grassy Terrain\n|upkeep\n|\n|t:|1697087901\n|switch|p1a: Chien-Pao|Chien-Pao|100\/100\n|-ability|p1a: Chien-Pao|Sword of Ruin\n|turn|3\n|\n|t:|1697087920\n|-end|p2a: Catch em hands|Quark Drive|[silent]\n|switch|p2a: Tough meaty claws|Metagross|100\/100\n|-damage|p2a: Tough meaty claws|95\/100|[from] Stealth Rock\n|detailschange|p1b: Salamence|Salamence-Mega, F\n|-mega|p1b: Salamence|Salamence|Salamencite\n|move|p1a: Chien-Pao|Icicle Crash|p2a: Tough meaty claws\n|-resisted|p2a: Tough meaty claws\n|-damage|p2a: Tough meaty claws|70\/100\n|move|p1b: Salamence|Hyper Voice|p2a: Tough meaty claws|[spread] p2a,p2b\n|-resisted|p2a: Tough meaty claws\n|-damage|p2a: Tough meaty claws|48\/100\n|-damage|p2b: Canons of Fodder|79\/100\n|move|p2b: Canons of Fodder|Steam Eruption|p1a: Chien-Pao\n|-damage|p1a: Chien-Pao|10\/100\n|-status|p1a: Chien-Pao|brn\n|\n|-heal|p1a: Chien-Pao|16\/100 brn|[from] Grassy Terrain\n|-heal|p2a: Tough meaty claws|54\/100|[from] Grassy Terrain\n|-heal|p2b: Canons of Fodder|85\/100|[from] Grassy Terrain\n|-damage|p1a: Chien-Pao|10\/100 brn|[from] brn\n|upkeep\n|turn|4\n|\n|t:|1697087946\n|switch|p2b: Unstoppable|Ting-Lu|100\/100\n|-damage|p2b: Unstoppable|94\/100|[from] Stealth Rock\n|-ability|p2b: Unstoppable|Vessel of Ruin\n|detailschange|p2a: Tough meaty claws|Metagross-Mega\n|-mega|p2a: Tough meaty claws|Metagross|Metagrossite\n|move|p1a: Chien-Pao|Sucker Punch|p2a: Tough meaty claws\n|-supereffective|p2a: Tough meaty claws\n|-damage|p2a: Tough meaty claws|18\/100\n|move|p1b: Salamence|Double-Edge|p2b: Unstoppable\n|-damage|p2b: Unstoppable|33\/100\n|-damage|p1b: Salamence|48\/100|[from] Recoil\n|move|p2a: Tough meaty claws|Steel Roller|p1b: Salamence\n|-damage|p1b: Salamence|0 fnt\n|-fieldend|move: Grassy Terrain\n|faint|p1b: Salamence\n|\n|-damage|p1a: Chien-Pao|4\/100 brn|[from] brn\n|upkeep\n|\n|t:|1697087952\n|switch|p1b: Urshifu|Urshifu-Rapid-Strike, F|100\/100\n|turn|5\n|\n|t:|1697087966\n|move|p1a: Chien-Pao|Icicle Crash|p2b: Unstoppable\n|-supereffective|p2b: Unstoppable\n|-damage|p2b: Unstoppable|3\/100\n|move|p2a: Tough meaty claws|Meteor Mash|p1b: Urshifu\n|-resisted|p1b: Urshifu\n|-damage|p1b: Urshifu|57\/100\n|move|p1b: Urshifu|Close Combat|p2a: Tough meaty claws\n|-damage|p2a: Tough meaty claws|0 fnt\n|-unboost|p1b: Urshifu|def|1\n|-unboost|p1b: Urshifu|spd|1\n|faint|p2a: Tough meaty claws\n|move|p2b: Unstoppable|Rock Slide|p1b: Urshifu|[spread] p1a,p1b\n|-supereffective|p1a: Chien-Pao\n|-resisted|p1b: Urshifu\n|-damage|p1a: Chien-Pao|0 fnt\n|-damage|p1b: Urshifu|38\/100\n|faint|p1a: Chien-Pao\n|\n|upkeep\n|\n|t:|1697087979\n|switch|p1a: Rillaboom|Rillaboom, M|100\/100\n|switch|p2a: Canons of Fodder|Volcanion|85\/100\n|-fieldstart|move: Grassy Terrain|[from] ability: Grassy Surge|[of] p1a: Rillaboom\n|-damage|p2a: Canons of Fodder|60\/100|[from] Stealth Rock\n|turn|6\n|\n|t:|1697087996\n|switch|p1b: Kingambit|Kingambit, M|100\/100\n|-terastallize|p1a: Rillaboom|Grass\n|move|p1a: Rillaboom|Wood Hammer|p2a: Canons of Fodder\n|-damage|p2a: Canons of Fodder|0 fnt\n|faint|p2a: Canons of Fodder\n|-damage|p1a: Rillaboom|83\/100|[from] Recoil\n|move|p2b: Unstoppable|Stomping Tantrum|p1b: Kingambit\n|-supereffective|p1b: Kingambit\n|-damage|p1b: Kingambit|44\/100\n|\n|-heal|p1a: Rillaboom|89\/100|[from] Grassy Terrain\n|-heal|p1b: Kingambit|50\/100|[from] Grassy Terrain\n|-heal|p2b: Unstoppable|9\/100|[from] Grassy Terrain\n|upkeep\n|\n|t:|1697088008\n|switch|p2a: Monkeeee|Rillaboom, F|100\/100\n|-damage|p2a: Monkeeee|88\/100|[from] Stealth Rock\n|turn|7\n|\n|t:|1697088032\n|move|p1b: Kingambit|Sucker Punch|p2b: Unstoppable\n|-resisted|p2b: Unstoppable\n|-damage|p2b: Unstoppable|0 fnt\n|faint|p2b: Unstoppable\n|move|p2a: Monkeeee|U-turn|p1a: Rillaboom\n|-supereffective|p1a: Rillaboom\n|-damage|p1a: Rillaboom|39\/100\n|\n|t:|1697088036\n|switch|p2a: Catch em hands|Iron Hands|50\/100|[from] U-turn\n|-damage|p2a: Catch em hands|44\/100|[from] Stealth Rock\n|move|p1a: Rillaboom|Wood Hammer|p2a: Catch em hands\n|-damage|p2a: Catch em hands|0 fnt\n|faint|p2a: Catch em hands\n|-end|p2a: Catch em hands|Quark Drive|[silent]\n|-damage|p1a: Rillaboom|23\/100|[from] Recoil\n|\n|-heal|p1a: Rillaboom|29\/100|[from] Grassy Terrain\n|-heal|p1b: Kingambit|56\/100|[from] Grassy Terrain\n|upkeep\n|\n|t:|1697088038\n|switch|p2a: Monkeeee|Rillaboom, F|88\/100\n|switch|p2b: Gaming|Zygarde|100\/100\n|-damage|p2b: Gaming|94\/100|[from] Stealth Rock\n|-ability|p2b: Gaming|Aura Break\n|-damage|p2a: Monkeeee|76\/100|[from] Stealth Rock\n|turn|8\n|j| Denvah_17\n|\n|t:|1697088053\n|move|p2a: Monkeeee|Fake Out|p1a: Rillaboom\n|-damage|p1a: Rillaboom|15\/100\n|move|p2b: Gaming|Dragon Dance|p2b: Gaming\n|-boost|p2b: Gaming|atk|1\n|-boost|p2b: Gaming|spe|1\n|cant|p1a: Rillaboom|flinch\n|move|p1b: Kingambit|Knock Off|p2b: Gaming\n|-damage|p2b: Gaming|48\/100\n|-enditem|p2b: Gaming|Clear Amulet|[from] move: Knock Off|[of] p1b: Kingambit\n|\n|-heal|p2b: Gaming|54\/100|[from] Grassy Terrain\n|-heal|p1a: Rillaboom|21\/100|[from] Grassy Terrain\n|-heal|p2a: Monkeeee|82\/100|[from] Grassy Terrain\n|-heal|p1b: Kingambit|63\/100|[from] Grassy Terrain\n|upkeep\n|turn|9\n|j| MasterPangolin\n|\n|t:|1697088072\n|switch|p1a: Urshifu|Urshifu-Rapid-Strike, F|38\/100\n|-terastallize|p2a: Monkeeee|Grass\n|move|p2b: Gaming|Protect|p2b: Gaming\n|-singleturn|p2b: Gaming|Protect\n|move|p2a: Monkeeee|Grassy Glide|p1a: Urshifu\n|-supereffective|p1a: Urshifu\n|-damage|p1a: Urshifu|0 fnt\n|faint|p1a: Urshifu\n|move|p1b: Kingambit|Knock Off|p2a: Monkeeee\n|-damage|p2a: Monkeeee|28\/100\n|-enditem|p2a: Monkeeee|Assault Vest|[from] move: Knock Off|[of] p1b: Kingambit\n|\n|-heal|p2b: Gaming|60\/100|[from] Grassy Terrain\n|-heal|p2a: Monkeeee|34\/100|[from] Grassy Terrain\n|-heal|p1b: Kingambit|69\/100|[from] Grassy Terrain\n|upkeep\n|\n|t:|1697088075\n|switch|p1a: Rillaboom|Rillaboom, M, tera:Grass|21\/100\n|turn|10\n|l| MasterPangolin\n|\n|t:|1697088099\n|move|p1a: Rillaboom|Fake Out|p2a: Monkeeee\n|-damage|p2a: Monkeeee|21\/100\n|cant|p2a: Monkeeee|flinch\n|move|p2b: Gaming|Thousand Arrows|p1a: Rillaboom|[spread] p1a,p1b\n|-resisted|p1a: Rillaboom\n|-supereffective|p1b: Kingambit\n|-damage|p1a: Rillaboom|0 fnt\n|-damage|p1b: Kingambit|5\/100\n|faint|p1a: Rillaboom\n|move|p1b: Kingambit|Knock Off|p2b: Gaming\n|-crit|p2b: Gaming\n|-damage|p2b: Gaming|15\/100\n|\n|-heal|p2b: Gaming|21\/100|[from] Grassy Terrain\n|-heal|p2a: Monkeeee|27\/100|[from] Grassy Terrain\n|-heal|p1b: Kingambit|11\/100|[from] Grassy Terrain\n|-fieldend|move: Grassy Terrain\n|upkeep\n|turn|11\n|\n|t:|1697088111\n|move|p1b: Kingambit|Sucker Punch|p2b: Gaming\n|-damage|p2b: Gaming|0 fnt\n|faint|p2b: Gaming\n|move|p2a: Monkeeee|U-turn|p1b: Kingambit\n|-damage|p1b: Kingambit|0 fnt\n|faint|p1b: Kingambit\n|\n|win|Slash Death\n|n|\u2606glimmeraqua|glimmeraqua\n|n|\u2606Slash Death|slashdeath\n|n| noahboahog|noahboahog\n|n| Denvah_17|denvah17\n","uploadtime":1697088112,"views":20,"p1id":"glimmeraqua","p2id":"slashdeath","formatid":"gen9nationaldexdoubles","rating":0,"private":0,"password":""}