{"id":"gen9nationaldexdoubles-1994509411","p1":"Shiny_Hero64","p2":"Ryan1Baek","format":"[Gen 9] National Dex Doubles","log":"|j|\u2606Shiny_Hero64\n|j|\u2606Ryan1Baek\n|t:|1700452424\n|gametype|doubles\n|player|p1|Shiny_Hero64|n-masters3|\n|player|p2|Ryan1Baek|carmine|\n|teamsize|p1|6\n|teamsize|p2|6\n|gen|9\n|tier|[Gen 9] National Dex Doubles\n|rule|HP Percentage Mod: HP is shown in percentages\n|rule|Endless Battle Clause: Forcing endless battles is banned\n|rule|OHKO Clause: OHKO moves are banned\n|rule|Evasion Moves Clause: Evasion moves are banned\n|rule|Evasion Abilities Clause: Evasion abilities are banned\n|rule|Species Clause: Limit one of each Pok\u00e9mon\n|rule|Gravity Sleep Clause: The combination of sleep-inducing moves with imperfect accuracy and Gravity or Gigantamax Orbeetle are banned\n|clearpoke\n|poke|p1|Indeedee-F, F|\n|poke|p1|Chien-Pao|\n|poke|p1|Alakazam, M|\n|poke|p1|Sneasler, M|\n|poke|p1|Ursaluna-Bloodmoon, M|\n|poke|p1|Deoxys-Attack|\n|poke|p2|Blastoise, F|\n|poke|p2|Indeedee-F, F|\n|poke|p2|Sneasler, F|\n|poke|p2|Landorus-Therian, M|\n|poke|p2|Heatran, M|\n|poke|p2|Sinistcha-Masterpiece|\n|teampreview\n|j| Eliminathan\n|c|\u2606Shiny_Hero64|2 Psy spam teams\n|\n|t:|1700452466\n|start\n|switch|p1a: Indeedee|Indeedee-F, F|100\/100\n|switch|p1b: Deoxys|Deoxys-Attack|100\/100\n|switch|p2a: Indeedee|Indeedee-F, F, shiny|100\/100\n|switch|p2b: Sneasler|Sneasler, F|100\/100\n|-ability|p1b: Deoxys|Pressure\n|-fieldstart|move: Psychic Terrain|[from] ability: Psychic Surge|[of] p1a: Indeedee\n|-enditem|p2b: Sneasler|Psychic Seed\n|-boost|p2b: Sneasler|spd|1|[from] item: Psychic Seed\n|turn|1\n|\n|t:|1700452484\n|move|p2b: Sneasler|Protect|p2b: Sneasler\n|-singleturn|p2b: Sneasler|Protect\n|move|p1a: Indeedee|Follow Me|p1a: Indeedee\n|-singleturn|p1a: Indeedee|move: Follow Me\n|move|p1b: Deoxys|Thunderbolt|p2b: Sneasler\n|-activate|p2b: Sneasler|move: Protect\n|move|p2a: Indeedee|Expanding Force|p1b: Deoxys|[spread] p1a,p1b\n|-resisted|p1a: Indeedee\n|-resisted|p1b: Deoxys\n|-damage|p1a: Indeedee|82\/100\n|-damage|p1b: Deoxys|11\/100\n|\n|upkeep\n|turn|2\n|j| TestudoJK\n|\n|t:|1700452533\n|-terastallize|p2b: Sneasler|Flying\n|move|p1b: Deoxys|Protect|p1b: Deoxys\n|-singleturn|p1b: Deoxys|Protect\n|move|p2b: Sneasler|Dire Claw|p1b: Deoxys\n|-activate|p1b: Deoxys|move: Protect\n|move|p2a: Indeedee|Imprison|p2a: Indeedee\n|-start|p2a: Indeedee|move: Imprison\n|cant|p1a: Indeedee|move: Imprison|Expanding Force\n|\n|upkeep\n|turn|3\n|\n|t:|1700452571\n|switch|p1a: Chien-Pao|Chien-Pao|100\/100\n|-ability|p1a: Chien-Pao|Sword of Ruin\n|move|p2b: Sneasler|Dire Claw|p1b: Deoxys\n|-damage|p1b: Deoxys|0 fnt\n|faint|p1b: Deoxys\n|move|p2a: Indeedee|Expanding Force|p1a: Chien-Pao\n|-immune|p1a: Chien-Pao\n|\n|upkeep\n|\n|t:|1700452577\n|switch|p1b: Sneasler|Sneasler, M|100\/100\n|-enditem|p1b: Sneasler|Psychic Seed\n|-boost|p1b: Sneasler|spd|1|[from] item: Psychic Seed\n|turn|4\n|\n|t:|1700452593\n|switch|p2a: Landorus|Landorus-Therian, M, shiny|100\/100\n|-ability|p2a: Landorus|Intimidate|boost\n|-unboost|p1a: Chien-Pao|atk|1\n|-unboost|p1b: Sneasler|atk|1\n|-terastallize|p1b: Sneasler|Flying\n|move|p1a: Chien-Pao|Protect|p1a: Chien-Pao\n|-singleturn|p1a: Chien-Pao|Protect\n|move|p2b: Sneasler|Close Combat|p1a: Chien-Pao\n|-activate|p1a: Chien-Pao|move: Protect\n|move|p1b: Sneasler|Dire Claw|p2b: Sneasler\n|-damage|p2b: Sneasler|35\/100\n|\n|upkeep\n|turn|5\n|\n|t:|1700452644\n|switch|p1a: Indeedee|Indeedee-F, F|82\/100\n|move|p2b: Sneasler|Dire Claw|p1b: Sneasler\n|-damage|p1b: Sneasler|18\/100\n|move|p1b: Sneasler|Dire Claw|p2b: Sneasler\n|-damage|p2b: Sneasler|0 fnt\n|faint|p2b: Sneasler\n|move|p2a: Landorus|U-turn|p1a: Indeedee\n|-supereffective|p1a: Indeedee\n|-damage|p1a: Indeedee|38\/100\n|\n|t:|1700452664\n|switch|p2a: Heatran|Heatran, M|100\/100|[from] U-turn\n|\n|upkeep\n|\n|t:|1700452667\n|switch|p2b: Landorus|Landorus-Therian, M, shiny|100\/100\n|-ability|p2b: Landorus|Intimidate|boost\n|-unboost|p1a: Indeedee|atk|1\n|-unboost|p1b: Sneasler|atk|1\n|turn|6\n|\n|t:|1700452679\n|move|p1b: Sneasler|Dire Claw|p2b: Landorus\n|-resisted|p2b: Landorus\n|-damage|p2b: Landorus|89\/100\n|move|p2b: Landorus|Rock Slide|p1b: Sneasler|[spread] p1a,p1b\n|-supereffective|p1b: Sneasler\n|-damage|p1a: Indeedee|17\/100\n|-damage|p1b: Sneasler|0 fnt\n|faint|p1b: Sneasler\n|move|p2a: Heatran|Heat Wave|p1a: Indeedee|[miss]\n|-miss|p2a: Heatran|p1a: Indeedee\n|cant|p1a: Indeedee|flinch\n|\n|upkeep\n|c|\u2606Ryan1Baek|i hate this move\n|\n|t:|1700452691\n|switch|p1b: Chien-Pao|Chien-Pao|100\/100\n|-ability|p1b: Chien-Pao|Sword of Ruin\n|turn|7\n|c|\u2606Ryan1Baek|but thank god\n|\n|t:|1700452701\n|switch|p2b: Blastoise|Blastoise, F|100\/100\n|move|p1a: Indeedee|Follow Me|p1a: Indeedee\n|-singleturn|p1a: Indeedee|move: Follow Me\n|-zpower|p1b: Chien-Pao\n|move|p1b: Chien-Pao|Black Hole Eclipse|p2a: Heatran|[zeffect]\n|-damage|p2a: Heatran|0 fnt\n|faint|p2a: Heatran\n|\n|upkeep\n|\n|t:|1700452714\n|switch|p2a: Indeedee|Indeedee-F, F, shiny|100\/100\n|turn|8\n|\n|t:|1700452722\n|switch|p1a: I KNOW TO MUCH|Alakazam, M|100\/100\n|detailschange|p2b: Blastoise|Blastoise-Mega, F\n|-mega|p2b: Blastoise|Blastoise|Blastoisinite\n|move|p2a: Indeedee|Follow Me|p2a: Indeedee\n|-singleturn|p2a: Indeedee|move: Follow Me\n|move|p1b: Chien-Pao|Crunch|p2a: Indeedee\n|-supereffective|p2a: Indeedee\n|-damage|p2a: Indeedee|5\/100\n|-enditem|p2a: Indeedee|Sitrus Berry|[eat]\n|-heal|p2a: Indeedee|30\/100|[from] item: Sitrus Berry\n|move|p2b: Blastoise|Shell Smash|p2b: Blastoise\n|-unboost|p2b: Blastoise|def|1\n|-unboost|p2b: Blastoise|spd|1\n|-boost|p2b: Blastoise|atk|2\n|-boost|p2b: Blastoise|spa|2\n|-boost|p2b: Blastoise|spe|2\n|\n|-fieldend|move: Psychic Terrain\n|upkeep\n|turn|9\n|\n|t:|1700452748\n|switch|p2a: Landorus|Landorus-Therian, M, shiny|89\/100\n|-ability|p2a: Landorus|Intimidate|boost\n|-unboost|p1a: I KNOW TO MUCH|atk|1\n|-unboost|p1b: Chien-Pao|atk|1\n|detailschange|p1a: I KNOW TO MUCH|Alakazam-Mega, M\n|-mega|p1a: I KNOW TO MUCH|Alakazam|Alakazite\n|-ability|p1a: I KNOW TO MUCH|Intimidate|boost\n|-unboost|p2a: Landorus|atk|1\n|-unboost|p2b: Blastoise|atk|1\n|-ability|p1a: I KNOW TO MUCH|Intimidate|[from] ability: Trace|[of] p2a: Landorus\n|move|p2b: Blastoise|Protect|p2b: Blastoise\n|-singleturn|p2b: Blastoise|Protect\n|move|p1a: I KNOW TO MUCH|Substitute|p1a: I KNOW TO MUCH\n|-start|p1a: I KNOW TO MUCH|Substitute\n|-damage|p1a: I KNOW TO MUCH|76\/100\n|move|p1b: Chien-Pao|Crunch|p2b: Blastoise\n|-activate|p2b: Blastoise|move: Protect\n|\n|upkeep\n|turn|10\n|\n|t:|1700452767\n|switch|p1b: Indeedee|Indeedee-F, F|17\/100\n|-fieldstart|move: Psychic Terrain|[from] ability: Psychic Surge|[of] p1b: Indeedee\n|move|p2b: Blastoise|Water Spout|p1b: Indeedee|[spread] p1a,p1b\n|-end|p1a: I KNOW TO MUCH|Substitute\n|-damage|p1b: Indeedee|0 fnt\n|faint|p1b: Indeedee\n|move|p1a: I KNOW TO MUCH|Expanding Force|p2a: Landorus|[spread] p2a,p2b\n|-damage|p2a: Landorus|6\/100\n|-damage|p2b: Blastoise|0 fnt\n|faint|p2b: Blastoise\n|move|p2a: Landorus|U-turn|p1a: I KNOW TO MUCH\n|-supereffective|p1a: I KNOW TO MUCH\n|-damage|p1a: I KNOW TO MUCH|6\/100\n|\n|t:|1700452785\n|switch|p2a: Indeedee|Indeedee-F, F, shiny|30\/100|[from] U-turn\n|\n|upkeep\n|c|\u2606Shiny_Hero64|Big\n|\n|t:|1700452792\n|switch|p2b: Sinistcha|Sinistcha-Masterpiece, shiny|100\/100\n|switch|p1b: Chien-Pao|Chien-Pao|100\/100\n|-ability|p1b: Chien-Pao|Sword of Ruin\n|-heal|p2a: Indeedee|55\/100|[from] ability: Hospitality|[of] p2b: Sinistcha\n|turn|11\n|\n|t:|1700452823\n|switch|p2a: Landorus|Landorus-Therian, M, shiny|6\/100\n|-ability|p2a: Landorus|Intimidate|boost\n|-unboost|p1a: I KNOW TO MUCH|atk|1\n|-unboost|p1b: Chien-Pao|atk|1\n|move|p1a: I KNOW TO MUCH|Expanding Force|p2a: Landorus|[spread] p2a,p2b\n|-damage|p2a: Landorus|0 fnt\n|-damage|p2b: Sinistcha|33\/100\n|faint|p2a: Landorus\n|move|p1b: Chien-Pao|Crunch|p2b: Sinistcha\n|-supereffective|p2b: Sinistcha\n|-damage|p2b: Sinistcha|0 fnt\n|-damage|p1b: Chien-Pao|84\/100|[from] item: Rocky Helmet|[of] p2b: Sinistcha\n|faint|p2b: Sinistcha\n|\n|upkeep\n|c|\u2606Ryan1Baek|gg\n|\n|t:|1700452835\n|switch|p2b: Indeedee|Indeedee-F, F, shiny|55\/100\n|turn|12\n|-message|Ryan1Baek forfeited.\n|\n|win|Shiny_Hero64\n","uploadtime":1700452844,"views":3,"p1id":"shinyhero64","p2id":"ryan1baek","formatid":"gen9nationaldexdoubles","rating":0,"private":0,"password":""}