{"id":"gen9nationaldexdoubles-1962419938","p1":"AnnoyingCanuck","p2":"4 Senpai","format":"[Gen 9] National Dex Doubles","log":"|j|\u2606AnnoyingCanuck\n|j|\u26064 Senpai\n|t:|1696743771\n|gametype|doubles\n|player|p1|AnnoyingCanuck|roughneck|1082\n|player|p2|4 Senpai|caitlin|1048\n|teamsize|p1|6\n|teamsize|p2|6\n|gen|9\n|tier|[Gen 9] National Dex Doubles\n|rated|\n|rule|HP Percentage Mod: HP is shown in percentages\n|rule|Endless Battle Clause: Forcing endless battles is banned\n|rule|OHKO Clause: OHKO moves are banned\n|rule|Evasion Moves Clause: Evasion moves are banned\n|rule|Evasion Abilities Clause: Evasion abilities are banned\n|rule|Species Clause: Limit one of each Pok\u00e9mon\n|rule|Gravity Sleep Clause: The combination of sleep-inducing moves with imperfect accuracy and Gravity or Gigantamax Orbeetle are banned\n|clearpoke\n|poke|p1|Durant, M|\n|poke|p1|Polteageist|\n|poke|p1|Skarmory, F|\n|poke|p1|Swellow, M|\n|poke|p1|Breloom, F|\n|poke|p1|Clefable, F|\n|poke|p2|Lopunny, F|\n|poke|p2|Vespiquen, F|\n|poke|p2|Gengar, F|\n|poke|p2|Spiritomb, F|\n|poke|p2|Regigigas|\n|poke|p2|Koffing, F|\n|teampreview\n|inactive|Battle timer is ON: inactive players will automatically lose when time's up. (requested by AnnoyingCanuck)\n|\n|t:|1696743777\n|start\n|switch|p1a: Polteageist|Polteageist|100\/100\n|switch|p1b: Clefable|Clefable, F|100\/100\n|switch|p2a: Sensei-tional <3|Lopunny, F|100\/100\n|switch|p2b: QUEEN SLAE|Vespiquen, F, shiny|100\/100\n|-ability|p2b: QUEEN SLAE|Pressure\n|turn|1\n|c|\u2606AnnoyingCanuck|glhf!!\n|\n|t:|1696743793\n|detailschange|p2a: Sensei-tional <3|Lopunny-Mega, F\n|-mega|p2a: Sensei-tional <3|Lopunny|Lopunnite\n|move|p2a: Sensei-tional <3|Fake Out|p1a: Polteageist\n|-damage|p1a: Polteageist|60\/100\n|-ability|p1a: Polteageist|Weak Armor|boost\n|-unboost|p1a: Polteageist|def|1\n|-boost|p1a: Polteageist|spe|2\n|move|p1b: Clefable|Follow Me|p1b: Clefable\n|-singleturn|p1b: Clefable|move: Follow Me\n|cant|p1a: Polteageist|flinch\n|move|p2b: QUEEN SLAE|Defend Order|p2b: QUEEN SLAE\n|-boost|p2b: QUEEN SLAE|def|1\n|-boost|p2b: QUEEN SLAE|spd|1\n|\n|-heal|p1a: Polteageist|66\/100|[from] item: Leftovers\n|upkeep\n|turn|2\n|\n|t:|1696743809\n|move|p2a: Sensei-tional <3|Protect|p2a: Sensei-tional <3\n|-singleturn|p2a: Sensei-tional <3|Protect\n|move|p1b: Clefable|Follow Me|p1b: Clefable\n|-singleturn|p1b: Clefable|move: Follow Me\n|move|p1a: Polteageist|Shell Smash|p1a: Polteageist\n|-unboost|p1a: Polteageist|def|1\n|-unboost|p1a: Polteageist|spd|1\n|-boost|p1a: Polteageist|atk|2\n|-boost|p1a: Polteageist|spa|2\n|-boost|p1a: Polteageist|spe|2\n|move|p2b: QUEEN SLAE|Defend Order|p2b: QUEEN SLAE\n|-boost|p2b: QUEEN SLAE|def|1\n|-boost|p2b: QUEEN SLAE|spd|1\n|\n|-heal|p1a: Polteageist|72\/100|[from] item: Leftovers\n|upkeep\n|turn|3\n|\n|t:|1696743837\n|switch|p2a: Win.CON.exe|Koffing, F, shiny|100\/100\n|move|p2b: QUEEN SLAE|Protect|p2b: QUEEN SLAE\n|-singleturn|p2b: QUEEN SLAE|Protect\n|move|p1a: Polteageist|Baton Pass|p1a: Polteageist\n|\n|t:|1696743846\n|switch|p1a: Durant|Durant, M|100\/100|[from] Baton Pass\n|move|p1b: Clefable|Psych Up|p2b: QUEEN SLAE\n|-copyboost|p1b: Clefable|p2b: QUEEN SLAE|[from] move: Psych Up\n|\n|upkeep\n|turn|4\n|\n|t:|1696743873\n|switch|p2b: Ohhhh NOOOO >;3|Regigigas, shiny|100\/100\n|-start|p2b: Ohhhh NOOOO >;3|ability: Slow Start\n|move|p1a: Durant|Entrainment|p2a: Win.CON.exe\n|-endability|p2a: Win.CON.exe|Levitate|[from] move: Entrainment\n|-ability|p2a: Win.CON.exe|Truant|[from] move: Entrainment\n|move|p1b: Clefable|Psych Up|p1a: Durant\n|-copyboost|p1b: Clefable|p1a: Durant|[from] move: Psych Up\n|move|p2a: Win.CON.exe|Haze|p2a: Win.CON.exe\n|-clearallboost\n|\n|upkeep\n|turn|5\n|inactive|AnnoyingCanuck has 120 seconds left.\n|\n|t:|1696743903\n|switch|p1a: Breloom|Breloom, F|100\/100\n|switch|p2a: TomnNBoom|Spiritomb, F, shiny|100\/100\n|move|p1b: Clefable|Follow Me|p1b: Clefable\n|-singleturn|p1b: Clefable|move: Follow Me\n|move|p2b: Ohhhh NOOOO >;3|Earthquake|p1a: Breloom|[spread] p2a,p1a,p1b\n|-resisted|p1a: Breloom\n|-damage|p2a: TomnNBoom|82\/100\n|-damage|p1a: Breloom|90\/100\n|-damage|p1b: Clefable|81\/100\n|\n|-heal|p1b: Clefable|87\/100|[from] item: Leftovers\n|upkeep\n|turn|6\n|\n|t:|1696743926\n|move|p1b: Clefable|Follow Me|p1b: Clefable\n|-singleturn|p1b: Clefable|move: Follow Me\n|move|p1a: Breloom|Power-Up Punch|p2b: Ohhhh NOOOO >;3\n|-supereffective|p2b: Ohhhh NOOOO >;3\n|-damage|p2b: Ohhhh NOOOO >;3|48\/100\n|-boost|p1a: Breloom|atk|1\n|move|p2b: Ohhhh NOOOO >;3|Earthquake|p1a: Breloom|[spread] p2a,p1a,p1b\n|-resisted|p1a: Breloom\n|-crit|p1b: Clefable\n|-damage|p2a: TomnNBoom|65\/100\n|-damage|p1a: Breloom|80\/100\n|-damage|p1b: Clefable|58\/100\n|move|p2a: TomnNBoom|Trick Room|p2a: TomnNBoom\n|-fieldstart|move: Trick Room|[of] p2a: TomnNBoom\n|\n|-heal|p1b: Clefable|64\/100|[from] item: Leftovers\n|upkeep\n|turn|7\n|inactive|4 Senpai has 120 seconds left.\n|\n|t:|1696743970\n|move|p1b: Clefable|Follow Me|p1b: Clefable\n|-singleturn|p1b: Clefable|move: Follow Me\n|move|p2a: TomnNBoom|Destiny Bond|p2a: TomnNBoom\n|-singlemove|p2a: TomnNBoom|Destiny Bond\n|move|p2b: Ohhhh NOOOO >;3|Drain Punch|p1b: Clefable\n|-resisted|p1b: Clefable\n|-damage|p1b: Clefable|54\/100\n|-heal|p2b: Ohhhh NOOOO >;3|52\/100|[from] drain|[of] p1b: Clefable\n|move|p1a: Breloom|Power-Up Punch|p2b: Ohhhh NOOOO >;3\n|-supereffective|p2b: Ohhhh NOOOO >;3\n|-damage|p2b: Ohhhh NOOOO >;3|0 fnt\n|-boost|p1a: Breloom|atk|1\n|faint|p2b: Ohhhh NOOOO >;3\n|-end|p2b: Ohhhh NOOOO >;3|Slow Start|[silent]\n|\n|-heal|p1b: Clefable|60\/100|[from] item: Leftovers\n|upkeep\n|\n|t:|1696743985\n|switch|p2b: Win.CON.exe|Koffing, F, shiny|100\/100\n|turn|8\n|inactive|4 Senpai has 120 seconds left.\n|\n|t:|1696744004\n|move|p2b: Win.CON.exe|Protect|p2b: Win.CON.exe\n|-singleturn|p2b: Win.CON.exe|Protect\n|move|p2a: TomnNBoom|Will-O-Wisp|p1b: Clefable\n|-status|p1b: Clefable|brn\n|move|p1b: Clefable|Psych Up|p1a: Breloom\n|-copyboost|p1b: Clefable|p1a: Breloom|[from] move: Psych Up\n|move|p1a: Breloom|Bulldoze|p2a: TomnNBoom|[spread] p1b,p2a\n|-activate|p2b: Win.CON.exe|move: Protect\n|-damage|p1b: Clefable|34\/100 brn\n|-damage|p2a: TomnNBoom|8\/100\n|-unboost|p1b: Clefable|spe|1\n|-unboost|p2a: TomnNBoom|spe|1\n|\n|-heal|p1b: Clefable|40\/100 brn|[from] item: Leftovers\n|-damage|p1b: Clefable|34\/100 brn|[from] brn\n|upkeep\n|turn|9\n|l|\u2606AnnoyingCanuck\n|inactive|AnnoyingCanuck disconnected and has a minute to reconnect!\n|player|p1|\n|inactive|4 Senpai has 120 seconds left.\n|inactive|AnnoyingCanuck has 30 seconds to reconnect!\n|inactive|AnnoyingCanuck has 20 seconds to reconnect!\n|inactive|AnnoyingCanuck has 15 seconds to reconnect!\n|inactive|AnnoyingCanuck has 10 seconds to reconnect!\n|inactive|AnnoyingCanuck has 5 seconds to reconnect!\n|-message|AnnoyingCanuck lost due to inactivity.\n|\n|win|4 Senpai\n|raw|AnnoyingCanuck's rating: 1082 &rarr; <strong>1058<\/strong><br \/>(-24 for losing)\n|raw|4 Senpai's rating: 1048 &rarr; <strong>1084<\/strong><br \/>(+36 for winning)\n","uploadtime":1696744082,"views":11,"p1id":"annoyingcanuck","p2id":"4senpai","formatid":"gen9nationaldexdoubles","rating":1058,"private":0,"password":""}