{"id":"gen9nationaldexdoubles-1998482407","p1":"DracoAxel","p2":"Kazutoxo","format":"[Gen 9] National Dex Doubles","log":"|j|\u2606DracoAxel\n|j|\u2606Kazutoxo\n|t:|1700947319\n|gametype|doubles\n|player|p1|DracoAxel|nate|\n|player|p2|Kazutoxo|ingo|\n|teamsize|p1|6\n|teamsize|p2|6\n|gen|9\n|tier|[Gen 9] National Dex Doubles\n|rule|HP Percentage Mod: HP is shown in percentages\n|rule|Endless Battle Clause: Forcing endless battles is banned\n|rule|OHKO Clause: OHKO moves are banned\n|rule|Evasion Moves Clause: Evasion moves are banned\n|rule|Evasion Abilities Clause: Evasion abilities are banned\n|rule|Species Clause: Limit one of each Pok\u00e9mon\n|rule|Gravity Sleep Clause: The combination of sleep-inducing moves with imperfect accuracy and Gravity or Gigantamax Orbeetle are banned\n|clearpoke\n|poke|p1|Ogerpon-Hearthflame, F|\n|poke|p1|Charizard, F|\n|poke|p1|Scovillain, M|\n|poke|p1|Volcanion|\n|poke|p1|Blacephalon|\n|poke|p1|Heatran, F|\n|poke|p2|Charizard, M|\n|poke|p2|Ogerpon-Hearthflame, F|\n|poke|p2|Incineroar, M|\n|poke|p2|Arcanine-Hisui, M|\n|poke|p2|Gastrodon, M|\n|poke|p2|Torkoal, M|\n|teampreview\n|\n|t:|1700947334\n|start\n|switch|p1a: Ogerpon|Ogerpon-Hearthflame, F|100\/100\n|switch|p1b: Heatran|Heatran, F|100\/100\n|switch|p2a: Incineroar|Incineroar, M|100\/100\n|switch|p2b: Gastrodon|Gastrodon, M|100\/100\n|-ability|p1a: Ogerpon|Mold Breaker\n|-item|p1b: Heatran|Air Balloon\n|-ability|p2a: Incineroar|Intimidate|boost\n|-unboost|p1a: Ogerpon|atk|1\n|-unboost|p1b: Heatran|atk|1\n|turn|1\n|\n|t:|1700947365\n|-terastallize|p2b: Gastrodon|Fire\n|move|p1a: Ogerpon|Spiky Shield|p1a: Ogerpon\n|-singleturn|p1a: Ogerpon|move: Protect\n|move|p1b: Heatran|Protect|p1b: Heatran\n|-singleturn|p1b: Heatran|Protect\n|move|p2a: Incineroar|Fake Out|p1b: Heatran\n|-activate|p1b: Heatran|move: Protect\n|move|p2b: Gastrodon|Yawn|p1b: Heatran\n|-activate|p1b: Heatran|move: Protect\n|\n|upkeep\n|turn|2\n|\n|t:|1700947395\n|switch|p2a: Charizard|Charizard, M|100\/100\n|move|p2b: Gastrodon|Protect|p2b: Gastrodon\n|-singleturn|p2b: Gastrodon|Protect\n|move|p1a: Ogerpon|U-turn|p2a: Charizard\n|-resisted|p2a: Charizard\n|-crit|p2a: Charizard\n|-damage|p2a: Charizard|84\/100\n|\n|t:|1700947408\n|switch|p1a: Scovillain|Scovillain, M|100\/100|[from] U-turn\n|move|p1b: Heatran|Earth Power|p2a: Charizard\n|-immune|p2a: Charizard\n|\n|upkeep\n|turn|3\n|\n|t:|1700947423\n|detailschange|p2a: Charizard|Charizard-Mega-Y, M\n|-mega|p2a: Charizard|Charizard|Charizardite Y\n|-weather|SunnyDay|[from] ability: Drought|[of] p2a: Charizard\n|move|p1a: Scovillain|Helping Hand|p1b: Heatran\n|-singleturn|p1b: Heatran|Helping Hand|[of] p1a: Scovillain\n|move|p2a: Charizard|Heat Wave|p1a: Scovillain|[spread] p1a,p1b\n|-enditem|p1a: Scovillain|Focus Sash\n|-damage|p1a: Scovillain|1\/100\n|-damage|p1b: Heatran|44\/100\n|-enditem|p1b: Heatran|Air Balloon\n|move|p1b: Heatran|Earth Power|p2b: Gastrodon\n|-supereffective|p2b: Gastrodon\n|-damage|p2b: Gastrodon|35\/100\n|move|p2b: Gastrodon|Earth Power|p1b: Heatran\n|-supereffective|p1b: Heatran\n|-damage|p1b: Heatran|0 fnt\n|faint|p1b: Heatran\n|\n|-weather|SunnyDay|[upkeep]\n|-heal|p2b: Gastrodon|41\/100|[from] item: Leftovers\n|upkeep\n|\n|t:|1700947441\n|switch|p1b: Blacephalon|Blacephalon|100\/100\n|turn|4\n|\n|t:|1700947453\n|switch|p2a: Incineroar|Incineroar, M|100\/100\n|-ability|p2a: Incineroar|Intimidate|boost\n|-unboost|p1a: Scovillain|atk|1\n|-unboost|p1b: Blacephalon|atk|1\n|move|p2b: Gastrodon|Protect|p2b: Gastrodon\n|-singleturn|p2b: Gastrodon|Protect\n|move|p1b: Blacephalon|Heat Wave|p2a: Incineroar|[spread] p2a\n|-activate|p2b: Gastrodon|move: Protect\n|-resisted|p2a: Incineroar\n|-damage|p2a: Incineroar|76\/100\n|move|p1a: Scovillain|Flamethrower|p2a: Incineroar\n|-resisted|p2a: Incineroar\n|-damage|p2a: Incineroar|44\/100\n|\n|-weather|SunnyDay|[upkeep]\n|-heal|p2b: Gastrodon|47\/100|[from] item: Leftovers\n|upkeep\n|turn|5\n|\n|t:|1700947476\n|switch|p2b: Torkoal|Torkoal, M|100\/100\n|move|p1a: Scovillain|Helping Hand|p1b: Blacephalon\n|-singleturn|p1b: Blacephalon|Helping Hand|[of] p1a: Scovillain\n|move|p2a: Incineroar|Fake Out|p1a: Scovillain\n|-damage|p1a: Scovillain|0 fnt\n|faint|p1a: Scovillain\n|move|p1b: Blacephalon|Heat Wave|p2b: Torkoal|[spread] p2a,p2b\n|-resisted|p2a: Incineroar\n|-resisted|p2b: Torkoal\n|-damage|p2a: Incineroar|7\/100\n|-damage|p2b: Torkoal|58\/100\n|\n|-weather|SunnyDay|[upkeep]\n|-heal|p2b: Torkoal|64\/100|[from] item: Leftovers\n|upkeep\n|\n|t:|1700947489\n|switch|p1a: Ogerpon|Ogerpon-Hearthflame, F|100\/100\n|-ability|p1a: Ogerpon|Mold Breaker\n|turn|6\n|\n|t:|1700947510\n|switch|p2a: Gastrodon|Gastrodon, M, tera:Fire|47\/100\n|move|p1b: Blacephalon|Heat Wave|p2a: Gastrodon|[spread] p2b\n|-miss|p1b: Blacephalon|p2a: Gastrodon\n|-resisted|p2b: Torkoal\n|-damage|p2b: Torkoal|37\/100\n|move|p1a: Ogerpon|U-turn|p2a: Gastrodon\n|-resisted|p2a: Gastrodon\n|-damage|p2a: Gastrodon|35\/100\n|\n|t:|1700947517\n|switch|p1a: Volcanion|Volcanion|100\/100|[from] U-turn\n|move|p2b: Torkoal|Earth Power|p1b: Blacephalon\n|-supereffective|p1b: Blacephalon\n|-damage|p1b: Blacephalon|37\/100\n|\n|-weather|SunnyDay|[upkeep]\n|-heal|p2a: Gastrodon|41\/100|[from] item: Leftovers\n|-heal|p2b: Torkoal|43\/100|[from] item: Leftovers\n|upkeep\n|turn|7\n|\n|t:|1700947530\n|move|p2a: Gastrodon|Protect|p2a: Gastrodon\n|-singleturn|p2a: Gastrodon|Protect\n|move|p2b: Torkoal|Protect|p2b: Torkoal\n|-singleturn|p2b: Torkoal|Protect\n|move|p1b: Blacephalon|Heat Wave|p2a: Gastrodon|[spread] \n|-activate|p2a: Gastrodon|move: Protect\n|-activate|p2b: Torkoal|move: Protect\n|move|p1a: Volcanion|Earth Power|p2a: Gastrodon\n|-activate|p2a: Gastrodon|move: Protect\n|\n|-weather|none\n|-heal|p2a: Gastrodon|48\/100|[from] item: Leftovers\n|-heal|p2b: Torkoal|49\/100|[from] item: Leftovers\n|upkeep\n|turn|8\n|\n|t:|1700947551\n|switch|p2a: Charizard|Charizard-Mega-Y, M|84\/100\n|-weather|SunnyDay|[from] ability: Drought|[of] p2a: Charizard\n|move|p1b: Blacephalon|Heat Wave|p2b: Torkoal|[spread] p2a,p2b\n|-resisted|p2a: Charizard\n|-resisted|p2b: Torkoal\n|-damage|p2a: Charizard|55\/100\n|-damage|p2b: Torkoal|19\/100\n|move|p1a: Volcanion|Earth Power|p2a: Charizard\n|-immune|p2a: Charizard\n|move|p2b: Torkoal|Earth Power|p1b: Blacephalon\n|-supereffective|p1b: Blacephalon\n|-damage|p1b: Blacephalon|0 fnt\n|faint|p1b: Blacephalon\n|\n|-weather|SunnyDay|[upkeep]\n|-heal|p2b: Torkoal|25\/100|[from] item: Leftovers\n|upkeep\n|\n|t:|1700947564\n|switch|p1b: Ogerpon|Ogerpon-Hearthflame, F|100\/100\n|-ability|p1b: Ogerpon|Mold Breaker\n|turn|9\n|\n|t:|1700947576\n|switch|p2b: Gastrodon|Gastrodon, M, tera:Fire|48\/100\n|move|p2a: Charizard|Protect|p2a: Charizard\n|-singleturn|p2a: Charizard|Protect\n|move|p1b: Ogerpon|Spiky Shield|p1b: Ogerpon\n|-singleturn|p1b: Ogerpon|move: Protect\n|move|p1a: Volcanion|Heat Wave|p2b: Gastrodon|[spread] \n|-activate|p2a: Charizard|move: Protect\n|-miss|p1a: Volcanion|p2b: Gastrodon\n|\n|-weather|SunnyDay|[upkeep]\n|-heal|p2b: Gastrodon|54\/100|[from] item: Leftovers\n|upkeep\n|turn|10\n|\n|t:|1700947601\n|move|p2b: Gastrodon|Protect|p2b: Gastrodon\n|-singleturn|p2b: Gastrodon|Protect\n|move|p2a: Charizard|Heat Wave|p1b: Ogerpon|[spread] p1a,p1b\n|-resisted|p1a: Volcanion\n|-crit|p1a: Volcanion\n|-damage|p1a: Volcanion|84\/100\n|-damage|p1b: Ogerpon|24\/100\n|move|p1b: Ogerpon|U-turn|p2b: Gastrodon\n|-activate|p2b: Gastrodon|move: Protect\n|move|p1a: Volcanion|Earth Power|p2b: Gastrodon\n|-activate|p2b: Gastrodon|move: Protect\n|\n|-weather|SunnyDay|[upkeep]\n|-heal|p2b: Gastrodon|60\/100|[from] item: Leftovers\n|upkeep\n|turn|11\n|\n|t:|1700947623\n|switch|p2b: Torkoal|Torkoal, M|25\/100\n|move|p1b: Ogerpon|Spiky Shield|p1b: Ogerpon\n|-singleturn|p1b: Ogerpon|move: Protect\n|move|p2a: Charizard|Heat Wave|p1a: Volcanion|[spread] p1a\n|-activate|p1b: Ogerpon|move: Protect\n|-resisted|p1a: Volcanion\n|-damage|p1a: Volcanion|75\/100\n|move|p1a: Volcanion|Heat Wave|p2a: Charizard|[spread] p2a,p2b\n|-resisted|p2a: Charizard\n|-resisted|p2b: Torkoal\n|-damage|p2a: Charizard|29\/100\n|-damage|p2b: Torkoal|2\/100\n|\n|-weather|SunnyDay|[upkeep]\n|-heal|p2b: Torkoal|8\/100|[from] item: Leftovers\n|upkeep\n|turn|12\n|\n|t:|1700947651\n|move|p2a: Charizard|Protect|p2a: Charizard\n|-singleturn|p2a: Charizard|Protect\n|move|p1b: Ogerpon|U-turn|p2a: Charizard\n|-activate|p2a: Charizard|move: Protect\n|move|p1a: Volcanion|Heat Wave|p2a: Charizard|[spread] p2b\n|-activate|p2a: Charizard|move: Protect\n|-resisted|p2b: Torkoal\n|-damage|p2b: Torkoal|0 fnt\n|faint|p2b: Torkoal\n|\n|-weather|none\n|upkeep\n|\n|t:|1700947666\n|switch|p2b: Incineroar|Incineroar, M|7\/100\n|-ability|p2b: Incineroar|Intimidate|boost\n|-unboost|p1a: Volcanion|atk|1\n|-unboost|p1b: Ogerpon|atk|1\n|turn|13\n|\n|t:|1700947694\n|switch|p2a: Arcanine|Arcanine-Hisui, M|100\/100\n|-ability|p2a: Arcanine|Intimidate|boost\n|-unboost|p1a: Volcanion|atk|1\n|-unboost|p1b: Ogerpon|atk|1\n|move|p1b: Ogerpon|Spiky Shield|p1b: Ogerpon\n|-singleturn|p1b: Ogerpon|move: Protect\n|move|p2b: Incineroar|Fake Out|p1a: Volcanion\n|-damage|p1a: Volcanion|64\/100\n|cant|p1a: Volcanion|flinch\n|\n|upkeep\n|turn|14\n|\n|t:|1700947715\n|move|p2a: Arcanine|Extreme Speed|p1b: Ogerpon\n|-damage|p1b: Ogerpon|0 fnt\n|faint|p1b: Ogerpon\n|move|p1a: Volcanion|Heat Wave|p2a: Arcanine|[spread] p2a,p2b\n|-resisted|p2a: Arcanine\n|-resisted|p2b: Incineroar\n|-damage|p2a: Arcanine|90\/100\n|-damage|p2b: Incineroar|0 fnt\n|faint|p2b: Incineroar\n|\n|upkeep\n|\n|t:|1700947734\n|switch|p1b: Charizard|Charizard, F|100\/100\n|switch|p2b: Gastrodon|Gastrodon, M, tera:Fire|60\/100\n|turn|15\n|\n|t:|1700947751\n|switch|p2a: Charizard|Charizard-Mega-Y, M|29\/100\n|-weather|SunnyDay|[from] ability: Drought|[of] p2a: Charizard\n|detailschange|p1b: Charizard|Charizard-Mega-Y, F\n|-mega|p1b: Charizard|Charizard|Charizardite Y\n|move|p2b: Gastrodon|Protect|p2b: Gastrodon\n|-singleturn|p2b: Gastrodon|Protect\n|move|p1b: Charizard|Scorching Sands|p2b: Gastrodon\n|-activate|p2b: Gastrodon|move: Protect\n|move|p1a: Volcanion|Earth Power|p2a: Charizard\n|-immune|p2a: Charizard\n|\n|-weather|SunnyDay|[upkeep]\n|-heal|p2b: Gastrodon|66\/100|[from] item: Leftovers\n|upkeep\n|turn|16\n|\n|t:|1700947783\n|move|p2a: Charizard|Tailwind|p2a: Charizard\n|-sidestart|p2: Kazutoxo|move: Tailwind\n|move|p1b: Charizard|Heat Wave|p2a: Charizard|[spread] p2a,p2b\n|-resisted|p2a: Charizard\n|-resisted|p2b: Gastrodon\n|-damage|p2a: Charizard|0 fnt\n|-damage|p2b: Gastrodon|39\/100\n|faint|p2a: Charizard\n|move|p2b: Gastrodon|Yawn|p1a: Volcanion\n|-start|p1a: Volcanion|move: Yawn|[of] p2b: Gastrodon\n|move|p1a: Volcanion|Heat Wave|p2b: Gastrodon\n|-resisted|p2b: Gastrodon\n|-damage|p2b: Gastrodon|10\/100\n|\n|-weather|SunnyDay|[upkeep]\n|-heal|p2b: Gastrodon|16\/100|[from] item: Leftovers\n|upkeep\n|\n|t:|1700947799\n|switch|p2a: Arcanine|Arcanine-Hisui, M|90\/100\n|-ability|p2a: Arcanine|Intimidate|boost\n|-unboost|p1a: Volcanion|atk|1\n|-unboost|p1b: Charizard|atk|1\n|turn|17\n|\n|t:|1700947817\n|move|p2a: Arcanine|Rock Slide|p1a: Volcanion|[spread] p1a,p1b\n|-supereffective|p1a: Volcanion\n|-supereffective|p1b: Charizard\n|-damage|p1a: Volcanion|3\/100\n|-damage|p1b: Charizard|0 fnt\n|faint|p1b: Charizard\n|move|p2b: Gastrodon|Earth Power|p1a: Volcanion\n|-supereffective|p1a: Volcanion\n|-damage|p1a: Volcanion|0 fnt\n|faint|p1a: Volcanion\n|\n|win|Kazutoxo\n","uploadtime":1700947855,"views":5,"p1id":"dracoaxel","p2id":"kazutoxo","formatid":"gen9nationaldexdoubles","rating":0,"private":0,"password":""}