{"id":"gen9nationaldexdoubles-1977013659","p1":"goodguyky96","p2":"Nfjjr djddj","format":"[Gen 9] National Dex Doubles","log":"|j|\u2606goodguyky96\n|j|\u2606Nfjjr djddj\n|t:|1698361851\n|gametype|doubles\n|player|p1|goodguyky96|clown|1147\n|player|p2|Nfjjr djddj|lucas|1000\n|teamsize|p1|6\n|teamsize|p2|6\n|gen|9\n|tier|[Gen 9] National Dex Doubles\n|rated|\n|rule|HP Percentage Mod: HP is shown in percentages\n|rule|Endless Battle Clause: Forcing endless battles is banned\n|rule|OHKO Clause: OHKO moves are banned\n|rule|Evasion Moves Clause: Evasion moves are banned\n|rule|Evasion Abilities Clause: Evasion abilities are banned\n|rule|Species Clause: Limit one of each Pok\u00e9mon\n|rule|Gravity Sleep Clause: The combination of sleep-inducing moves with imperfect accuracy and Gravity or Gigantamax Orbeetle are banned\n|clearpoke\n|poke|p1|Grimmsnarl, M|\n|poke|p1|Clefable, M|\n|poke|p1|Clefairy, F|\n|poke|p1|Torterra, F|\n|poke|p1|Iron Hands|\n|poke|p1|Scizor, M|\n|poke|p2|Blastoise, M|\n|poke|p2|Clefable, M|\n|poke|p2|Indeedee-F, F|\n|poke|p2|Mr. Mime, F|\n|poke|p2|Glastrier|\n|poke|p2|Oranguru, M|\n|teampreview\n|\n|t:|1698361863\n|start\n|switch|p1a: Grimmsnarl|Grimmsnarl, M|100\/100\n|switch|p1b: Clefable|Clefable, M|100\/100\n|switch|p2a: Glastrier|Glastrier|100\/100\n|switch|p2b: Indeedee|Indeedee-F, F|100\/100\n|-fieldstart|move: Psychic Terrain|[from] ability: Psychic Surge|[of] p2b: Indeedee\n|turn|1\n|\n|t:|1698361883\n|move|p2b: Indeedee|Helping Hand|p2a: Glastrier\n|-singleturn|p2a: Glastrier|Helping Hand|[of] p2b: Indeedee\n|move|p1b: Clefable|Follow Me|p1b: Clefable\n|-singleturn|p1b: Clefable|move: Follow Me\n|move|p1a: Grimmsnarl|Light Screen|p1a: Grimmsnarl\n|-sidestart|p1: goodguyky96|move: Light Screen\n|move|p2a: Glastrier|Smart Strike|p1b: Clefable\n|-supereffective|p1b: Clefable\n|-damage|p1b: Clefable|0 fnt\n|faint|p1b: Clefable\n|-ability|p2a: Glastrier|Chilling Neigh|boost\n|-boost|p2a: Glastrier|atk|1\n|\n|upkeep\n|\n|t:|1698361897\n|switch|p1b: Iron Hands|Iron Hands|100\/100\n|turn|2\n|\n|t:|1698361906\n|move|p2b: Indeedee|Follow Me|p2b: Indeedee\n|-singleturn|p2b: Indeedee|move: Follow Me\n|move|p1a: Grimmsnarl|Reflect|p1a: Grimmsnarl\n|-sidestart|p1: goodguyky96|Reflect\n|move|p1b: Iron Hands|Belly Drum|p1b: Iron Hands\n|-damage|p1b: Iron Hands|50\/100\n|-setboost|p1b: Iron Hands|atk|6|[from] move: Belly Drum\n|-enditem|p1b: Iron Hands|Sitrus Berry|[eat]\n|-heal|p1b: Iron Hands|75\/100|[from] item: Sitrus Berry\n|move|p2a: Glastrier|Stomping Tantrum|p1b: Iron Hands\n|-supereffective|p1b: Iron Hands\n|-damage|p1b: Iron Hands|29\/100\n|\n|upkeep\n|turn|3\n|\n|t:|1698361933\n|move|p2a: Glastrier|Protect|p2a: Glastrier\n|-singleturn|p2a: Glastrier|Protect\n|move|p1a: Grimmsnarl|Taunt|p2b: Indeedee\n|-activate|p2b: Indeedee|move: Psychic Terrain\n|move|p1b: Iron Hands|Drain Punch|p2a: Glastrier\n|-activate|p2a: Glastrier|move: Protect\n|move|p2b: Indeedee|Trick Room|p2b: Indeedee\n|-fieldstart|move: Trick Room|[of] p2b: Indeedee\n|\n|upkeep\n|turn|4\n|\n|t:|1698361956\n|switch|p2b: Oranguru|Oranguru, M|100\/100\n|move|p1a: Grimmsnarl|Taunt|p2b: Oranguru\n|-activate|p2b: Oranguru|move: Psychic Terrain\n|move|p2a: Glastrier|Stomping Tantrum|p1b: Iron Hands\n|-supereffective|p1b: Iron Hands\n|-damage|p1b: Iron Hands|0 fnt\n|faint|p1b: Iron Hands\n|-end|p1b: Iron Hands|Quark Drive|[silent]\n|-ability|p2a: Glastrier|Chilling Neigh|boost\n|-boost|p2a: Glastrier|atk|1\n|\n|upkeep\n|\n|t:|1698361966\n|switch|p1b: Scizor|Scizor, M|100\/100\n|turn|5\n|\n|t:|1698361978\n|-terastallize|p2a: Glastrier|Ice\n|move|p1a: Grimmsnarl|Taunt|p2a: Glastrier\n|-activate|p2a: Glastrier|move: Psychic Terrain\n|move|p1b: Scizor|Bullet Punch|p2a: Glastrier\n|-activate|p2a: Glastrier|move: Psychic Terrain\n|move|p2a: Glastrier|Icicle Spear|p1a: Grimmsnarl\n|-damage|p1a: Grimmsnarl|68\/100\n|-damage|p1a: Grimmsnarl|37\/100\n|-damage|p1a: Grimmsnarl|1\/100\n|-damage|p1a: Grimmsnarl|0 fnt\n|faint|p1a: Grimmsnarl\n|-ability|p2a: Glastrier|Chilling Neigh|boost\n|-boost|p2a: Glastrier|atk|1\n|-hitcount|p1: Grimmsnarl|4\n|move|p2b: Oranguru|Instruct|p2a: Glastrier\n|-singleturn|p2a: Glastrier|move: Instruct|[of] p2b: Oranguru\n|move|p2a: Glastrier|Icicle Spear|p1b: Scizor\n|-resisted|p1b: Scizor\n|-damage|p1b: Scizor|81\/100\n|-resisted|p1b: Scizor\n|-damage|p1b: Scizor|59\/100\n|-resisted|p1b: Scizor\n|-damage|p1b: Scizor|37\/100\n|-resisted|p1b: Scizor\n|-damage|p1b: Scizor|14\/100\n|-hitcount|p1b: Scizor|4\n|\n|-fieldend|move: Psychic Terrain\n|upkeep\n|inactive|Battle timer is ON: inactive players will automatically lose when time's up. (requested by Nfjjr djddj)\n|-message|goodguyky96 forfeited.\n|\n|win|Nfjjr djddj\n|raw|goodguyky96's rating: 1147 &rarr; <strong>1112<\/strong><br \/>(-35 for losing)\n|raw|Nfjjr djddj's rating: 1000 &rarr; <strong>1056<\/strong><br \/>(+56 for winning)\n|l|\u2606goodguyky96\n","uploadtime":1698362021,"views":5,"p1id":"goodguyky96","p2id":"nfjjrdjddj","formatid":"gen9nationaldexdoubles","rating":1056,"private":0,"password":""}