{"id":"gen9nationaldexdoubles-1949372332","p1":"Mongoose556","p2":"Starefaba","format":"[Gen 9] National Dex Doubles","log":"|j|\u2606Mongoose556\n|j|\u2606Starefaba\n|t:|1695352393\n|gametype|doubles\n|player|p1|Mongoose556|may|1194\n|player|p2|Starefaba|infielder|1174\n|teamsize|p1|6\n|teamsize|p2|6\n|gen|9\n|tier|[Gen 9] National Dex Doubles\n|rated|\n|rule|HP Percentage Mod: HP is shown in percentages\n|rule|Endless Battle Clause: Forcing endless battles is banned\n|rule|OHKO Clause: OHKO moves are banned\n|rule|Evasion Moves Clause: Evasion moves are banned\n|rule|Evasion Abilities Clause: Evasion abilities are banned\n|rule|Species Clause: Limit one of each Pok\u00e9mon\n|rule|Gravity Sleep Clause: The combination of sleep-inducing moves with imperfect accuracy and Gravity or Gigantamax Orbeetle are banned\n|clearpoke\n|poke|p1|Alcremie-Mint-Cream, F|\n|poke|p1|Iron Valiant|\n|poke|p1|Tapu Fini|\n|poke|p1|Grimmsnarl, M|\n|poke|p1|Comfey, F|\n|poke|p1|Ribombee, F|\n|poke|p2|Blissey, F|\n|poke|p2|Alomomola, M|\n|poke|p2|Audino, M|\n|poke|p2|Comfey, M|\n|poke|p2|Pawmot, M|\n|poke|p2|Leavanny, M|\n|teampreview\n|\n|t:|1695352400\n|start\n|switch|p1a: Grimmsnarl|Grimmsnarl, M, shiny|100\/100\n|switch|p1b: Iron Valiant|Iron Valiant|100\/100\n|switch|p2a: Blissey|Blissey, F|100\/100\n|switch|p2b: Audino|Audino, M|100\/100\n|-enditem|p1b: Iron Valiant|Booster Energy\n|-activate|p1b: Iron Valiant|ability: Quark Drive|[fromitem]\n|-start|p1b: Iron Valiant|quarkdrivespe\n|turn|1\n|\n|t:|1695352422\n|switch|p2a: Leavanny|Leavanny, M|100\/100\n|switch|p2b: Alomomola|Alomomola, M|100\/100\n|move|p1b: Iron Valiant|Drain Punch|p2a: Leavanny\n|-resisted|p2a: Leavanny\n|-damage|p2a: Leavanny|73\/100\n|move|p1a: Grimmsnarl|Spirit Break|p2b: Alomomola\n|-damage|p2b: Alomomola|79\/100\n|-unboost|p2b: Alomomola|spa|1\n|\n|-heal|p2b: Alomomola|85\/100|[from] item: Leftovers\n|upkeep\n|turn|2\n|j| your yellow\n|\n|t:|1695352445\n|move|p1b: Iron Valiant|Fire Punch|p2a: Leavanny\n|-supereffective|p2a: Leavanny\n|-damage|p2a: Leavanny|0 fnt\n|faint|p2a: Leavanny\n|move|p1a: Grimmsnarl|False Surrender|p2b: Alomomola\n|-damage|p2b: Alomomola|60\/100\n|move|p2b: Alomomola|Toxic|p1b: Iron Valiant\n|-status|p1b: Iron Valiant|tox\n|\n|-heal|p2b: Alomomola|67\/100|[from] item: Leftovers\n|-damage|p1b: Iron Valiant|94\/100 tox|[from] psn\n|upkeep\n|\n|t:|1695352457\n|switch|p2a: Pawmot|Pawmot, M|100\/100\n|turn|3\n|\n|t:|1695352466\n|move|p1b: Iron Valiant|Spirit Break|p2a: Pawmot\n|-supereffective|p2a: Pawmot\n|-damage|p2a: Pawmot|0 fnt\n|faint|p2a: Pawmot\n|move|p1a: Grimmsnarl|Spirit Break|p2b: Alomomola\n|-damage|p2b: Alomomola|44\/100\n|-unboost|p2b: Alomomola|spa|1\n|move|p2b: Alomomola|Wish|p2b: Alomomola\n|\n|-heal|p2b: Alomomola|50\/100|[from] item: Leftovers\n|-damage|p1b: Iron Valiant|82\/100 tox|[from] psn\n|upkeep\n|\n|t:|1695352478\n|switch|p2a: Comfey|Comfey, M|100\/100\n|turn|4\n|\n|t:|1695352501\n|move|p1b: Iron Valiant|Spirit Break|p2a: Comfey\n|-damage|p2a: Comfey|56\/100\n|-unboost|p2a: Comfey|spa|1\n|move|p2a: Comfey|Dazzling Gleam|p1a: Grimmsnarl|[spread] p1a,p1b\n|-supereffective|p1a: Grimmsnarl\n|-supereffective|p1b: Iron Valiant\n|-damage|p1a: Grimmsnarl|70\/100\n|-damage|p1b: Iron Valiant|42\/100 tox\n|move|p1a: Grimmsnarl|Spirit Break|p2a: Comfey\n|-damage|p2a: Comfey|5\/100\n|-unboost|p2a: Comfey|spa|1\n|-enditem|p2a: Comfey|Wiki Berry|[eat]\n|-heal|p2a: Comfey|38\/100|[from] item: Wiki Berry\n|move|p2b: Alomomola|Toxic|p1a: Grimmsnarl|[miss]\n|-miss|p2b: Alomomola|p1a: Grimmsnarl\n|\n|-heal|p2b: Alomomola|99\/100|[from] move: Wish|[wisher] Alomomola\n|-heal|p2b: Alomomola|100\/100|[from] item: Leftovers\n|-damage|p1b: Iron Valiant|23\/100 tox|[from] psn\n|upkeep\n|turn|5\n|\n|t:|1695352524\n|move|p2a: Comfey|Ally Switch|p2a: Comfey\n|swap|p2a: Comfey|1|[from] move: Ally Switch\n|move|p1b: Iron Valiant|Spirit Break|p2a: Alomomola\n|-damage|p2a: Alomomola|80\/100\n|-unboost|p2a: Alomomola|spa|1\n|move|p1a: Grimmsnarl|Spirit Break|p2b: Comfey\n|-damage|p2b: Comfey|0 fnt\n|faint|p2b: Comfey\n|move|p2a: Alomomola|Scald|p1a: Grimmsnarl\n|-damage|p1a: Grimmsnarl|63\/100\n|\n|-heal|p2a: Alomomola|86\/100|[from] item: Leftovers\n|-damage|p1b: Iron Valiant|0 fnt|[from] psn\n|faint|p1b: Iron Valiant\n|-end|p1b: Iron Valiant|Quark Drive|[silent]\n|upkeep\n|\n|t:|1695352538\n|switch|p1b: Comfey|Comfey, F, shiny|100\/100\n|switch|p2b: Audino|Audino, M|100\/100\n|turn|6\n|\n|t:|1695352554\n|detailschange|p2b: Audino|Audino-Mega, M\n|-mega|p2b: Audino|Audino|Audinite\n|move|p1b: Comfey|Giga Drain|p2a: Alomomola\n|-supereffective|p2a: Alomomola\n|-damage|p2a: Alomomola|34\/100\n|move|p1a: Grimmsnarl|False Surrender|p2b: Audino\n|-resisted|p2b: Audino\n|-damage|p2b: Audino|85\/100\n|move|p2a: Alomomola|Toxic|p1a: Grimmsnarl\n|-status|p1a: Grimmsnarl|tox\n|move|p2b: Audino|Trick Room|p2b: Audino\n|-fieldstart|move: Trick Room|[of] p2b: Audino\n|\n|-heal|p2a: Alomomola|40\/100|[from] item: Leftovers\n|-damage|p1a: Grimmsnarl|57\/100 tox|[from] psn\n|upkeep\n|turn|7\n|\n|t:|1695352571\n|move|p1b: Comfey|Giga Drain|p2a: Alomomola\n|-supereffective|p2a: Alomomola\n|-damage|p2a: Alomomola|0 fnt\n|faint|p2a: Alomomola\n|move|p1a: Grimmsnarl|Light Screen|p1a: Grimmsnarl\n|-sidestart|p1: Mongoose556|move: Light Screen\n|move|p2b: Audino|Hyper Voice|p1a: Grimmsnarl|[spread] p1a,p1b\n|-damage|p1a: Grimmsnarl|33\/100 tox\n|-damage|p1b: Comfey|83\/100\n|\n|-damage|p1a: Grimmsnarl|21\/100 tox|[from] psn\n|upkeep\n|\n|t:|1695352579\n|switch|p2a: Blissey|Blissey, F|100\/100\n|turn|8\n|\n|t:|1695352595\n|move|p1b: Comfey|Floral Healing|p1a: Grimmsnarl\n|-heal|p1a: Grimmsnarl|71\/100 tox\n|move|p2b: Audino|Hidden Power|p2a: Blissey\n|-supereffective|p2a: Blissey\n|-damage|p2a: Blissey|87\/100\n|-enditem|p2a: Blissey|Weakness Policy\n|-boost|p2a: Blissey|atk|2|[from] item: Weakness Policy\n|-boost|p2a: Blissey|spa|2|[from] item: Weakness Policy\n|move|p2a: Blissey|Stored Power|p1b: Comfey\n|-damage|p1b: Comfey|46\/100\n|move|p1a: Grimmsnarl|False Surrender|p2a: Blissey\n|-damage|p2a: Blissey|2\/100\n|\n|-damage|p1a: Grimmsnarl|53\/100 tox|[from] psn\n|upkeep\n|turn|9\n|\n|t:|1695352615\n|move|p1b: Comfey|Draining Kiss|p2a: Blissey\n|-damage|p2a: Blissey|0 fnt\n|-heal|p1b: Comfey|49\/100|[from] drain|[of] p2a: Blissey\n|faint|p2a: Blissey\n|move|p2b: Audino|Hyper Voice|p1b: Comfey|[spread] p1a,p1b\n|-damage|p1a: Grimmsnarl|29\/100 tox\n|-damage|p1b: Comfey|29\/100\n|move|p1a: Grimmsnarl|Spirit Break|p2b: Audino\n|-damage|p2b: Audino|60\/100\n|-unboost|p2b: Audino|spa|1\n|\n|-damage|p1a: Grimmsnarl|4\/100 tox|[from] psn\n|upkeep\n|turn|10\n|\n|t:|1695352627\n|move|p1b: Comfey|Floral Healing|p1a: Grimmsnarl\n|-heal|p1a: Grimmsnarl|55\/100 tox\n|move|p2b: Audino|Hyper Voice|p1a: Grimmsnarl|[spread] p1a,p1b\n|-damage|p1a: Grimmsnarl|38\/100 tox\n|-damage|p1b: Comfey|16\/100\n|move|p1a: Grimmsnarl|Spirit Break|p2b: Audino\n|-damage|p2b: Audino|32\/100\n|-unboost|p2b: Audino|spa|1\n|\n|-damage|p1a: Grimmsnarl|7\/100 tox|[from] psn\n|-fieldend|move: Trick Room\n|upkeep\n|turn|11\n|\n|t:|1695352641\n|move|p1b: Comfey|Giga Drain|p2b: Audino\n|-crit|p2b: Audino\n|-damage|p2b: Audino|12\/100\n|-heal|p1b: Comfey|34\/100|[from] drain|[of] p2b: Audino\n|move|p1a: Grimmsnarl|Spirit Break|p2b: Audino\n|-damage|p2b: Audino|0 fnt\n|faint|p2b: Audino\n|\n|win|Mongoose556\n|raw|Mongoose556's rating: 1194 &rarr; <strong>1218<\/strong><br \/>(+24 for winning)\n|raw|Starefaba's rating: 1174 &rarr; <strong>1150<\/strong><br \/>(-24 for losing)\n","uploadtime":1695352648,"views":11,"p1id":"mongoose556","p2id":"starefaba","formatid":"gen9nationaldexdoubles","rating":1150,"private":0,"password":""}