{"id":"gen9nationaldexdoubles-1960862357","p1":"jasonpokemon123","p2":"Zera & Lucy","format":"[Gen 9] National Dex Doubles","log":"|j|\u2606jasonpokemon123\n|j|\u2606Zera & Lucy\n|t:|1696565168\n|gametype|doubles\n|player|p1|jasonpokemon123|101|1040\n|player|p2|Zera & Lucy|cynthia|1141\n|teamsize|p1|6\n|teamsize|p2|6\n|gen|9\n|tier|[Gen 9] National Dex Doubles\n|rated|\n|rule|HP Percentage Mod: HP is shown in percentages\n|rule|Endless Battle Clause: Forcing endless battles is banned\n|rule|OHKO Clause: OHKO moves are banned\n|rule|Evasion Moves Clause: Evasion moves are banned\n|rule|Evasion Abilities Clause: Evasion abilities are banned\n|rule|Species Clause: Limit one of each Pok\u00e9mon\n|rule|Gravity Sleep Clause: The combination of sleep-inducing moves with imperfect accuracy and Gravity or Gigantamax Orbeetle are banned\n|clearpoke\n|poke|p1|Charizard, M|\n|poke|p1|Typhlosion-Hisui, M|\n|poke|p1|Torkoal, M|\n|poke|p1|Lilligant, F|\n|poke|p1|Iron Valiant|\n|poke|p1|Comfey, M|\n|poke|p2|Fezandipiti, M|\n|poke|p2|Goodra-Hisui, F|\n|poke|p2|Indeedee, M|\n|poke|p2|Iron Bundle|\n|poke|p2|Ogerpon-Hearthflame, F|\n|poke|p2|Pelipper, F|\n|teampreview\n|inactive|Battle timer is ON: inactive players will automatically lose when time's up. (requested by Zera & Lucy)\n|\n|t:|1696565174\n|start\n|switch|p1a: Charizard|Charizard, M, shiny|100\/100\n|switch|p1b: Typhlosion|Typhlosion-Hisui, M|100\/100\n|switch|p2a: Fezandipiti|Fezandipiti, M|100\/100\n|switch|p2b: Goodra|Goodra-Hisui, F|100\/100\n|-item|p2a: Fezandipiti|Life Orb|[from] ability: Frisk|[of] p1b: Typhlosion|[identify]\n|-item|p2b: Goodra|Assault Vest|[from] ability: Frisk|[of] p1b: Typhlosion|[identify]\n|turn|1\n|j| Tritus ELITE 4\n|\n|t:|1696565203\n|detailschange|p1a: Charizard|Charizard-Mega-Y, M, shiny\n|-mega|p1a: Charizard|Charizard|Charizardite Y\n|-weather|SunnyDay|[from] ability: Drought|[of] p1a: Charizard\n|-terastallize|p1b: Typhlosion|Fire\n|move|p1b: Typhlosion|Eruption|p2a: Fezandipiti|[spread] p2a,p2b\n|-damage|p2a: Fezandipiti|1\/100\n|-damage|p2b: Goodra|50\/100\n|move|p1a: Charizard|Mimic|p1b: Typhlosion\n|-start|p1a: Charizard|Mimic|Eruption\n|move|p2a: Fezandipiti|U-turn|p1b: Typhlosion\n|-resisted|p1b: Typhlosion\n|-damage|p1b: Typhlosion|82\/100\n|-damage|p2a: Fezandipiti|0 fnt|[from] item: Life Orb\n|faint|p2a: Fezandipiti\n|move|p2b: Goodra|Earthquake|p1b: Typhlosion|[spread] p1b\n|-immune|p1a: Charizard\n|-supereffective|p1b: Typhlosion\n|-damage|p1b: Typhlosion|11\/100\n|\n|-weather|SunnyDay|[upkeep]\n|upkeep\n|inactive|Zera & Lucy has 120 seconds left.\n|\n|t:|1696565224\n|switch|p2a: Pelipper|Pelipper, F|100\/100\n|-weather|RainDance|[from] ability: Drizzle|[of] p2a: Pelipper\n|turn|2\n|inactive|Zera & Lucy has 120 seconds left.\n|\n|t:|1696565241\n|switch|p1b: Torkoal|Torkoal, M|100\/100\n|-weather|SunnyDay|[from] ability: Drought|[of] p1b: Torkoal\n|move|p1a: Charizard|Eruption|p2b: Goodra|[spread] p2a,p2b\n|-resisted|p2a: Pelipper\n|-crit|p2a: Pelipper\n|-damage|p2a: Pelipper|0 fnt\n|-damage|p2b: Goodra|7\/100\n|faint|p2a: Pelipper\n|move|p2b: Goodra|Dragon Tail|p1b: Torkoal\n|-damage|p1b: Torkoal|83\/100\n|drag|p1b: Comfey|Comfey, M|100\/100\n|\n|-weather|SunnyDay|[upkeep]\n|upkeep\n|inactive|Zera & Lucy has 120 seconds left.\n|\n|t:|1696565255\n|switch|p2a: Ogerpon|Ogerpon-Hearthflame, F|100\/100\n|-ability|p2a: Ogerpon|Mold Breaker\n|turn|3\n|\n|t:|1696565276\n|-terastallize|p2a: Ogerpon|Fire\n|detailschange|p2a: Ogerpon|Ogerpon-Hearthflame-Tera, F, tera:Fire\n|-ability|p2a: Ogerpon|Embody Aspect (Hearthflame)|boost\n|-boost|p2a: Ogerpon|atk|1\n|move|p1b: Comfey|Protect|p1b: Comfey\n|-singleturn|p1b: Comfey|Protect\n|move|p2a: Ogerpon|Ivy Cudgel|p1a: Charizard\n|-resisted|p1a: Charizard\n|-damage|p1a: Charizard|0 fnt\n|faint|p1a: Charizard\n|move|p2b: Goodra|Thunder Punch|p1b: Comfey\n|-activate|p1b: Comfey|move: Protect\n|\n|-weather|SunnyDay|[upkeep]\n|upkeep\n|inactive|jasonpokemon123 has 120 seconds left.\n|\n|t:|1696565292\n|switch|p1a: Typhlosion|Typhlosion-Hisui, M, tera:Fire|11\/100\n|-item|p2a: Ogerpon|Hearthflame Mask|[from] ability: Frisk|[of] p1a: Typhlosion|[identify]\n|-item|p2b: Goodra|Assault Vest|[from] ability: Frisk|[of] p1a: Typhlosion|[identify]\n|turn|4\n|\n|t:|1696565307\n|move|p1b: Comfey|Floral Healing|p1a: Typhlosion\n|-heal|p1a: Typhlosion|61\/100\n|move|p1a: Typhlosion|Heat Wave|p2b: Goodra|[spread] p2a\n|-miss|p1a: Typhlosion|p2b: Goodra\n|-resisted|p2a: Ogerpon\n|-damage|p2a: Ogerpon|58\/100\n|move|p2a: Ogerpon|Knock Off|p1a: Typhlosion\n|-damage|p1a: Typhlosion|0 fnt\n|-enditem|p1a: Typhlosion|Choice Scarf|[from] move: Knock Off|[of] p2a: Ogerpon\n|faint|p1a: Typhlosion\n|move|p2b: Goodra|Iron Head|p1b: Comfey\n|-supereffective|p1b: Comfey\n|-damage|p1b: Comfey|10\/100\n|\n|-weather|SunnyDay|[upkeep]\n|upkeep\n|inactive|jasonpokemon123 has 120 seconds left.\n|\n|t:|1696565323\n|switch|p1a: Iron Valiant|Iron Valiant|100\/100\n|turn|5\n|\n|t:|1696565347\n|move|p1b: Comfey|Protect|p1b: Comfey\n|-singleturn|p1b: Comfey|Protect\n|-zpower|p1a: Iron Valiant\n|move|p1a: Iron Valiant|Z-Destiny Bond|p1a: Iron Valiant|[anim]Destiny Bond\n|-singleturn|p1a: Iron Valiant|move: Follow Me|[zeffect]\n|-singlemove|p1a: Iron Valiant|Destiny Bond\n|move|p2a: Ogerpon|Ivy Cudgel|p1a: Iron Valiant\n|-damage|p1a: Iron Valiant|0 fnt\n|faint|p1a: Iron Valiant\n|-activate|p1a: Iron Valiant|move: Destiny Bond\n|-end|p1a: Iron Valiant|Quark Drive|[silent]\n|faint|p2a: Ogerpon\n|move|p2b: Goodra|Iron Head|p1b: Comfey\n|-activate|p1b: Comfey|move: Protect\n|\n|-weather|SunnyDay|[upkeep]\n|upkeep\n|\n|t:|1696565370\n|switch|p1a: Torkoal|Torkoal, M|83\/100\n|switch|p2a: Indeedee|Indeedee, M|100\/100\n|-fieldstart|move: Psychic Terrain|[from] ability: Psychic Surge|[of] p2a: Indeedee\n|turn|6\n|\n|t:|1696565392\n|move|p1b: Comfey|Draining Kiss|p2b: Goodra\n|-activate|p2b: Goodra|move: Psychic Terrain\n|move|p2a: Indeedee|Expanding Force|p1a: Torkoal|[spread] p1a,p1b\n|-crit|p1a: Torkoal\n|-damage|p1a: Torkoal|0 fnt\n|-damage|p1b: Comfey|0 fnt\n|faint|p1a: Torkoal\n|faint|p1b: Comfey\n|move|p2b: Goodra|Earthquake|p2a: Indeedee\n|-damage|p2a: Indeedee|31\/100\n|\n|-weather|SunnyDay|[upkeep]\n|upkeep\n|\n|t:|1696565399\n|switch|p1b: Lilligant|Lilligant, F|100\/100\n|turn|7\n|-message|jasonpokemon123 forfeited.\n|\n|win|Zera & Lucy\n|raw|jasonpokemon123's rating: 1040 &rarr; <strong>1029<\/strong><br \/>(-11 for losing)\n|raw|Zera &amp; Lucy's rating: 1141 &rarr; <strong>1159<\/strong><br \/>(+18 for winning)\n|l|\u2606jasonpokemon123\n","uploadtime":1696565410,"views":12,"p1id":"jasonpokemon123","p2id":"zeralucy","formatid":"gen9nationaldexdoubles","rating":1029,"private":0,"password":""}