{"id":"gen9nationaldexdoubles-1963062679","p1":"Skythegastrodon","p2":"Azeri8k","format":"[Gen 9] National Dex Doubles","log":"|j|\u2606Skythegastrodon\n|j|\u2606Azeri8k\n|t:|1696821127\n|gametype|doubles\n|player|p1|Skythegastrodon|youngster-gen4dp|1106\n|player|p2|Azeri8k|170|1277\n|teamsize|p1|6\n|teamsize|p2|6\n|gen|9\n|tier|[Gen 9] National Dex Doubles\n|rated|\n|rule|HP Percentage Mod: HP is shown in percentages\n|rule|Endless Battle Clause: Forcing endless battles is banned\n|rule|OHKO Clause: OHKO moves are banned\n|rule|Evasion Moves Clause: Evasion moves are banned\n|rule|Evasion Abilities Clause: Evasion abilities are banned\n|rule|Species Clause: Limit one of each Pok\u00e9mon\n|rule|Gravity Sleep Clause: The combination of sleep-inducing moves with imperfect accuracy and Gravity or Gigantamax Orbeetle are banned\n|clearpoke\n|poke|p1|Meganium, M|\n|poke|p1|Ninetales, F|\n|poke|p1|Scovillain, M|\n|poke|p1|Torkoal, M|\n|poke|p1|Roaring Moon|\n|poke|p1|Slither Wing|\n|poke|p2|Infernape, M|\n|poke|p2|Blastoise, M|\n|poke|p2|Jirachi|\n|poke|p2|Ogerpon-Hearthflame, F|\n|poke|p2|Flutter Mane|\n|poke|p2|Mew|\n|teampreview\n|inactive|Battle timer is ON: inactive players will automatically lose when time's up. (requested by Azeri8k)\n|\n|t:|1696821147\n|start\n|switch|p1a: Ninetales|Ninetales, F|100\/100\n|switch|p1b: Slither Wing|Slither Wing|100\/100\n|switch|p2a: Monke|Infernape, M, shiny|100\/100\n|switch|p2b: Hi|Blastoise, M, shiny|100\/100\n|-weather|SunnyDay|[from] ability: Drought|[of] p1a: Ninetales\n|-activate|p1b: Slither Wing|ability: Protosynthesis\n|-start|p1b: Slither Wing|protosynthesisatk\n|turn|1\n|\n|t:|1696821162\n|switch|p1a: Meganium|Meganium, M|100\/100\n|move|p2a: Monke|Fire Pledge|p1a: Meganium\n|-waiting|p2a: Monke|p2b: Hi\n|move|p2b: Hi|Water Pledge|p1a: Meganium|[from]move: Fire Pledge\n|-combine\n|-resisted|p1a: Meganium\n|-damage|p1a: Meganium|90\/100\n|-sidestart|p2: Azeri8k|Water Pledge\n|move|p1b: Slither Wing|Dual Wingbeat|p2a: Monke\n|-supereffective|p2a: Monke\n|-damage|p2a: Monke|39\/100\n|-supereffective|p2a: Monke\n|-damage|p2a: Monke|0 fnt\n|faint|p2a: Monke\n|-hitcount|p2: Monke|2\n|\n|-weather|SunnyDay|[upkeep]\n|upkeep\n|\n|t:|1696821173\n|switch|p2a: Wishy Fishy|Jirachi, shiny|100\/100\n|turn|2\n|\n|t:|1696821190\n|move|p2b: Hi|Follow Me|p2b: Hi\n|-singleturn|p2b: Hi|move: Follow Me\n|move|p2a: Wishy Fishy|Ancient Power|p1b: Slither Wing\n|-damage|p1b: Slither Wing|87\/100\n|move|p1b: Slither Wing|Leech Life|p2b: Hi\n|-damage|p2b: Hi|47\/100\n|-heal|p1b: Slither Wing|100\/100|[from] drain|[of] p2b: Hi\n|move|p1a: Meganium|Solar Beam||[still]\n|-prepare|p1a: Meganium|Solar Beam\n|-anim|p1a: Meganium|Solar Beam|p2b: Hi\n|-supereffective|p2b: Hi\n|-damage|p2b: Hi|0 fnt\n|faint|p2b: Hi\n|\n|-weather|SunnyDay|[upkeep]\n|upkeep\n|\n|t:|1696821200\n|switch|p2b: Mew|Mew, shiny|100\/100\n|turn|3\n|\n|t:|1696821210\n|move|p2b: Mew|Ancient Power|p1b: Slither Wing\n|-damage|p1b: Slither Wing|88\/100\n|move|p2a: Wishy Fishy|Ancient Power|p1b: Slither Wing\n|-damage|p1b: Slither Wing|75\/100\n|-boost|p2a: Wishy Fishy|atk|1\n|-boost|p2a: Wishy Fishy|def|1\n|-boost|p2a: Wishy Fishy|spa|1\n|-boost|p2a: Wishy Fishy|spd|1\n|-boost|p2a: Wishy Fishy|spe|1\n|move|p1b: Slither Wing|Leech Life|p2a: Wishy Fishy\n|-damage|p2a: Wishy Fishy|63\/100\n|-heal|p1b: Slither Wing|96\/100|[from] drain|[of] p2a: Wishy Fishy\n|-damage|p1b: Slither Wing|79\/100|[from] item: Rocky Helmet|[of] p2a: Wishy Fishy\n|move|p1a: Meganium|Solar Beam||[still]\n|-prepare|p1a: Meganium|Solar Beam\n|-anim|p1a: Meganium|Solar Beam|p2b: Mew\n|-damage|p2b: Mew|47\/100\n|\n|-weather|SunnyDay|[upkeep]\n|-heal|p2b: Mew|53\/100|[from] item: Leftovers\n|upkeep\n|turn|4\n|\n|t:|1696821226\n|move|p2a: Wishy Fishy|Ancient Power|p1b: Slither Wing\n|-damage|p1b: Slither Wing|61\/100\n|move|p2b: Mew|Ancient Power|p1b: Slither Wing\n|-damage|p1b: Slither Wing|48\/100\n|move|p1b: Slither Wing|Leech Life|p2a: Wishy Fishy\n|-damage|p2a: Wishy Fishy|27\/100\n|-heal|p1b: Slither Wing|68\/100|[from] drain|[of] p2a: Wishy Fishy\n|-damage|p1b: Slither Wing|52\/100|[from] item: Rocky Helmet|[of] p2a: Wishy Fishy\n|move|p1a: Meganium|Solar Beam||[still]\n|-prepare|p1a: Meganium|Solar Beam\n|-anim|p1a: Meganium|Solar Beam|p2b: Mew\n|-damage|p2b: Mew|0 fnt\n|faint|p2b: Mew\n|\n|-weather|SunnyDay|[upkeep]\n|-sideend|p2: Azeri8k|Water Pledge\n|upkeep\n|\n|t:|1696821236\n|switch|p2b: Flytrrshy|Flutter Mane, shiny|100\/100\n|-activate|p2b: Flytrrshy|ability: Protosynthesis\n|-start|p2b: Flytrrshy|protosynthesisspe\n|turn|5\n|\n|t:|1696821255\n|-end|p1b: Slither Wing|Protosynthesis|[silent]\n|switch|p1b: Scovillain|Scovillain, M|100\/100\n|move|p2b: Flytrrshy|Dazzling Gleam|p1b: Scovillain|[spread] p1a,p1b\n|-resisted|p1b: Scovillain\n|-damage|p1a: Meganium|61\/100\n|-damage|p1b: Scovillain|73\/100\n|move|p2a: Wishy Fishy|Baton Pass|p2a: Wishy Fishy\n|\n|t:|1696821262\n|switch|p2a: Girlboss|Ogerpon-Hearthflame, F|100\/100|[from] Baton Pass\n|-ability|p2a: Girlboss|Mold Breaker\n|move|p1a: Meganium|Solar Beam||[still]\n|-prepare|p1a: Meganium|Solar Beam\n|-anim|p1a: Meganium|Solar Beam|p2b: Flytrrshy\n|-damage|p2b: Flytrrshy|49\/100\n|\n|-weather|SunnyDay|[upkeep]\n|upkeep\n|turn|6\n|\n|t:|1696821280\n|-terastallize|p2a: Girlboss|Fire\n|detailschange|p2a: Girlboss|Ogerpon-Hearthflame-Tera, F, tera:Fire\n|-ability|p2a: Girlboss|Embody Aspect (Hearthflame)|boost\n|-boost|p2a: Girlboss|atk|1\n|move|p2b: Flytrrshy|Mystical Fire|p1b: Scovillain\n|-damage|p1b: Scovillain|0 fnt\n|faint|p1b: Scovillain\n|move|p2a: Girlboss|Ivy Cudgel|p1a: Meganium\n|-supereffective|p1a: Meganium\n|-damage|p1a: Meganium|0 fnt\n|faint|p1a: Meganium\n|\n|-weather|SunnyDay|[upkeep]\n|upkeep\n|\n|t:|1696821297\n|switch|p1b: Torkoal|Torkoal, M|100\/100\n|switch|p1a: Roaring Moon|Roaring Moon|100\/100\n|-activate|p1a: Roaring Moon|ability: Protosynthesis\n|-start|p1a: Roaring Moon|protosynthesisspe\n|turn|7\n|inactive|Azeri8k has 120 seconds left.\n|\n|t:|1696821328\n|-terastallize|p1a: Roaring Moon|Dragon\n|move|p2b: Flytrrshy|Dazzling Gleam|p1a: Roaring Moon|[spread] p1a,p1b\n|-supereffective|p1a: Roaring Moon\n|-resisted|p1b: Torkoal\n|-damage|p1a: Roaring Moon|62\/100\n|-damage|p1b: Torkoal|79\/100\n|move|p1a: Roaring Moon|Earthquake|p2a: Girlboss|[spread] p1b,p2a,p2b\n|-supereffective|p1b: Torkoal\n|-supereffective|p2a: Girlboss\n|-damage|p1b: Torkoal|36\/100\n|-damage|p2a: Girlboss|55\/100\n|-damage|p2b: Flytrrshy|0 fnt\n|faint|p2b: Flytrrshy\n|-end|p2b: Flytrrshy|Protosynthesis|[silent]\n|move|p2a: Girlboss|Lash Out|p1b: Torkoal\n|-damage|p1b: Torkoal|0 fnt\n|faint|p1b: Torkoal\n|\n|-weather|SunnyDay|[upkeep]\n|upkeep\n|\n|t:|1696821343\n|switch|p2b: Wishy Fishy|Jirachi, shiny|27\/100\n|switch|p1b: Slither Wing|Slither Wing|52\/100\n|-activate|p1b: Slither Wing|ability: Protosynthesis\n|-start|p1b: Slither Wing|protosynthesisatk\n|turn|8\n|\n|t:|1696821357\n|move|p1b: Slither Wing|First Impression|p2b: Wishy Fishy\n|-damage|p2b: Wishy Fishy|0 fnt\n|-damage|p1b: Slither Wing|35\/100|[from] item: Rocky Helmet|[of] p2b: Wishy Fishy\n|faint|p2b: Wishy Fishy\n|move|p1a: Roaring Moon|Dragon Claw|p2a: Girlboss\n|-damage|p2a: Girlboss|0 fnt\n|faint|p2a: Girlboss\n|\n|win|Skythegastrodon\n|raw|Skythegastrodon's rating: 1106 &rarr; <strong>1142<\/strong><br \/>(+36 for winning)\n|raw|Azeri8k's rating: 1277 &rarr; <strong>1241<\/strong><br \/>(-36 for losing)\n|c|\u2606Azeri8k|f u\n|l|\u2606Azeri8k\n|player|p1|Skythegastrodon|youngster-gen4dp\n|l|\u2606Skythegastrodon\n|player|p1|\n|j|\u2606Skythegastrodon\n|player|p1|Skythegastrodon|youngster-gen4dp\n|l|\u2606Skythegastrodon\n|player|p1|\n|j|\u2606Skythegastrodon\n|player|p1|Skythegastrodon|youngster-gen4dp\n|l|\u2606Skythegastrodon\n|player|p1|\n|j|\u2606Skythegastrodon\n|player|p1|Skythegastrodon|youngster-gen4dp\n","uploadtime":1696822068,"views":6,"p1id":"skythegastrodon","p2id":"azeri8k","formatid":"gen9nationaldexdoubles","rating":1142,"private":0,"password":""}