{"id":"gen9nationaldexdoubles-1990782279","p1":"El Ryuk456","p2":"The OG Trainer Red","format":"[Gen 9] National Dex Doubles","log":"|j|\u2606El Ryuk456\n|j|\u2606The OG Trainer Red\n|t:|1700000322\n|gametype|doubles\n|player|p1|El Ryuk456|ingo|1325\n|player|p2|The OG Trainer Red|fisherman-gen4|1249\n|teamsize|p1|6\n|teamsize|p2|6\n|gen|9\n|tier|[Gen 9] National Dex Doubles\n|rated|\n|rule|HP Percentage Mod: HP is shown in percentages\n|rule|Endless Battle Clause: Forcing endless battles is banned\n|rule|OHKO Clause: OHKO moves are banned\n|rule|Evasion Moves Clause: Evasion moves are banned\n|rule|Evasion Abilities Clause: Evasion abilities are banned\n|rule|Species Clause: Limit one of each Pok\u00e9mon\n|rule|Gravity Sleep Clause: The combination of sleep-inducing moves with imperfect accuracy and Gravity or Gigantamax Orbeetle are banned\n|clearpoke\n|poke|p1|Tsareena, F|\n|poke|p1|Talonflame, M|\n|poke|p1|Lapras, F|\n|poke|p1|Eldegoss, F|\n|poke|p1|Cinderace, F|\n|poke|p1|Goodra, M|\n|poke|p2|Ninetales, F|\n|poke|p2|Leafeon, F|\n|poke|p2|Espeon, F|\n|poke|p2|Indeedee-F, F|\n|poke|p2|Umbreon, F|\n|poke|p2|Cresselia, F|\n|teampreview\n|\n|t:|1700000338\n|start\n|switch|p1a: Lapras|Lapras, F|100\/100\n|switch|p1b: Goodra|Goodra, M|100\/100\n|switch|p2a: Umbreon|Umbreon, F|100\/100\n|switch|p2b: Cresselia|Cresselia, F|100\/100\n|turn|1\n|inactive|Battle timer is ON: inactive players will automatically lose when time's up. (requested by The OG Trainer Red)\n|\n|t:|1700000349\n|move|p1b: Goodra|Muddy Water|p2b: Cresselia|[spread] p2a,p2b\n|-damage|p2a: Umbreon|86\/100\n|-damage|p2b: Cresselia|86\/100\n|move|p1a: Lapras|Hydro Pump|p2a: Umbreon\n|-damage|p2a: Umbreon|56\/100\n|move|p2b: Cresselia|Calm Mind|p2b: Cresselia\n|-boost|p2b: Cresselia|spa|1\n|-boost|p2b: Cresselia|spd|1\n|move|p2a: Umbreon|Calm Mind|p2a: Umbreon\n|-boost|p2a: Umbreon|spa|1\n|-boost|p2a: Umbreon|spd|1\n|\n|-heal|p2b: Cresselia|92\/100|[from] item: Leftovers\n|-heal|p2a: Umbreon|62\/100|[from] item: Leftovers\n|upkeep\n|turn|2\n|\n|t:|1700000363\n|move|p1a: Lapras|Freeze-Dry|p2a: Umbreon\n|-damage|p2a: Umbreon|50\/100\n|move|p2b: Cresselia|Lunar Blessing|p2b: Cresselia|[spread] p2a,p2b\n|-heal|p2a: Umbreon|75\/100\n|-heal|p2b: Cresselia|100\/100\n|move|p2a: Umbreon|Calm Mind|p2a: Umbreon\n|-boost|p2a: Umbreon|spa|1\n|-boost|p2a: Umbreon|spd|1\n|move|p1b: Goodra|Dragon Tail|p2b: Cresselia\n|-damage|p2b: Cresselia|91\/100\n|drag|p2b: Ninetales|Ninetales, F|100\/100\n|-weather|SunnyDay|[from] ability: Drought|[of] p2b: Ninetales\n|\n|-weather|SunnyDay|[upkeep]\n|-heal|p2a: Umbreon|81\/100|[from] item: Leftovers\n|upkeep\n|turn|3\n|\n|t:|1700000385\n|-terastallize|p1a: Lapras|Fire\n|move|p2b: Ninetales|Flamethrower|p1b: Goodra\n|-resisted|p1b: Goodra\n|-damage|p1b: Goodra|81\/100\n|move|p1a: Lapras|Life Dew||[still]|[spread] p1a,p1b\n|-fail|p1a: Lapras|heal\n|-heal|p1b: Goodra|100\/100\n|move|p2a: Umbreon|Dark Pulse|p1b: Goodra\n|-damage|p1b: Goodra|85\/100\n|move|p1b: Goodra|Dragon Tail|p2a: Umbreon\n|-damage|p2a: Umbreon|70\/100\n|drag|p2a: Indeedee|Indeedee-F, F|100\/100\n|-fieldstart|move: Psychic Terrain|[from] ability: Psychic Surge|[of] p2a: Indeedee\n|\n|-weather|SunnyDay|[upkeep]\n|upkeep\n|turn|4\n|\n|t:|1700000402\n|switch|p2b: Espeon|Espeon, F|100\/100\n|move|p1b: Goodra|Muddy Water|p2a: Indeedee|[spread] p2a,p2b\n|-damage|p2a: Indeedee|90\/100\n|-damage|p2b: Espeon|87\/100\n|move|p1a: Lapras|Life Dew||[still]|[spread] p1a,p1b\n|-fail|p1a: Lapras|heal\n|-heal|p1b: Goodra|100\/100\n|move|p2a: Indeedee|Expanding Force|p1a: Lapras|[spread] p1a,p1b\n|-damage|p1a: Lapras|57\/100\n|-damage|p1b: Goodra|77\/100\n|\n|-weather|SunnyDay|[upkeep]\n|upkeep\n|turn|5\n|\n|t:|1700000416\n|move|p1a: Lapras|Protect|p1a: Lapras\n|-singleturn|p1a: Lapras|Protect\n|move|p2b: Espeon|Expanding Force|p1a: Lapras|[spread] p1b\n|-activate|p1a: Lapras|move: Protect\n|-damage|p1b: Goodra|49\/100\n|move|p2a: Indeedee|Expanding Force|p1a: Lapras|[spread] p1b\n|-activate|p1a: Lapras|move: Protect\n|-damage|p1b: Goodra|24\/100\n|move|p1b: Goodra|Dragon Tail|p2b: Espeon\n|-damage|p2b: Espeon|48\/100\n|drag|p2b: Cresselia|Cresselia, F|91\/100\n|\n|-weather|SunnyDay|[upkeep]\n|-heal|p2b: Cresselia|98\/100|[from] item: Leftovers\n|upkeep\n|turn|6\n|\n|t:|1700000432\n|switch|p2b: Espeon|Espeon, F|48\/100\n|move|p1a: Lapras|Life Dew|p1a: Lapras|[spread] p1a,p1b\n|-heal|p1a: Lapras|82\/100\n|-heal|p1b: Goodra|49\/100\n|move|p2a: Indeedee|Expanding Force|p1a: Lapras|[spread] p1a,p1b\n|-damage|p1a: Lapras|43\/100\n|-damage|p1b: Goodra|27\/100\n|move|p1b: Goodra|Dragon Tail|p2a: Indeedee\n|-damage|p2a: Indeedee|64\/100\n|drag|p2a: Ninetales|Ninetales, F|100\/100\n|\n|-weather|none\n|upkeep\n|turn|7\n|\n|t:|1700000450\n|-terastallize|p2b: Espeon|Fairy\n|move|p2b: Espeon|Draining Kiss|p1b: Goodra\n|-supereffective|p1b: Goodra\n|-damage|p1b: Goodra|0 fnt\n|-heal|p2b: Espeon|75\/100|[from] drain|[of] p1b: Goodra\n|faint|p1b: Goodra\n|move|p2a: Ninetales|Scorching Sands|p1a: Lapras\n|-supereffective|p1a: Lapras\n|-damage|p1a: Lapras|0 fnt\n|faint|p1a: Lapras\n|\n|-fieldend|move: Psychic Terrain\n|upkeep\n|\n|t:|1700000468\n|switch|p1b: Hanami|Cinderace, F|100\/100\n|switch|p1a: Gale|Talonflame, M|100\/100\n|turn|8\n|\n|t:|1700000489\n|switch|p2a: Indeedee|Indeedee-F, F|64\/100\n|-fieldstart|move: Psychic Terrain|[from] ability: Psychic Surge|[of] p2a: Indeedee\n|move|p1b: Hanami|Pyro Ball|p2b: Espeon\n|-damage|p2b: Espeon|0 fnt\n|faint|p2b: Espeon\n|move|p1a: Gale|Heat Wave|p2a: Indeedee\n|-damage|p2a: Indeedee|40\/100\n|\n|upkeep\n|inactive|The OG Trainer Red has 120 seconds left.\n|\n|t:|1700000510\n|switch|p2b: Ninetales|Ninetales, F|100\/100\n|-weather|SunnyDay|[from] ability: Drought|[of] p2b: Ninetales\n|turn|9\n|\n|t:|1700000535\n|move|p1a: Gale|Tailwind|p1a: Gale\n|-sidestart|p1: El Ryuk456|move: Tailwind\n|move|p1b: Hanami|U-turn|p2a: Indeedee\n|-start|p1b: Hanami|typechange|Bug|[from] ability: Libero\n|-supereffective|p2a: Indeedee\n|-damage|p2a: Indeedee|0 fnt\n|faint|p2a: Indeedee\n|\n|t:|1700000543\n|switch|p1b: Eldegoss|Eldegoss, F|100\/100|[from] U-turn\n|move|p2b: Ninetales|Flamethrower|p1b: Eldegoss\n|-supereffective|p1b: Eldegoss\n|-damage|p1b: Eldegoss|0 fnt\n|-ability|p1b: Eldegoss|Cotton Down\n|-unboost|p1a: Gale|spe|1\n|-unboost|p2b: Ninetales|spe|1\n|faint|p1b: Eldegoss\n|\n|-weather|SunnyDay|[upkeep]\n|upkeep\n|\n|t:|1700000555\n|switch|p2a: Leafeon|Leafeon, F|100\/100\n|switch|p1b: Hanami|Cinderace, F|100\/100\n|turn|10\n|\n|t:|1700000565\n|move|p1b: Hanami|Pyro Ball|p2a: Leafeon\n|-supereffective|p2a: Leafeon\n|-damage|p2a: Leafeon|0 fnt\n|faint|p2a: Leafeon\n|move|p1a: Gale|Heat Wave|p2b: Ninetales|[miss]\n|-miss|p1a: Gale|p2b: Ninetales\n|move|p2b: Ninetales|Flamethrower|p1a: Gale\n|-resisted|p1a: Gale\n|-damage|p1a: Gale|56\/100\n|\n|-weather|SunnyDay|[upkeep]\n|upkeep\n|\n|t:|1700000578\n|switch|p2a: Umbreon|Umbreon, F|70\/100\n|turn|11\n|\n|t:|1700000584\n|move|p1b: Hanami|Pyro Ball|p2a: Umbreon\n|-damage|p2a: Umbreon|24\/100\n|move|p1a: Gale|Heat Wave|p2b: Ninetales|[spread] p2a,p2b\n|-resisted|p2b: Ninetales\n|-damage|p2a: Umbreon|3\/100\n|-damage|p2b: Ninetales|84\/100\n|move|p2b: Ninetales|Flamethrower|p1a: Gale\n|-resisted|p1a: Gale\n|-damage|p1a: Gale|10\/100\n|move|p2a: Umbreon|Calm Mind|p2a: Umbreon\n|-boost|p2a: Umbreon|spa|1\n|-boost|p2a: Umbreon|spd|1\n|\n|-weather|SunnyDay|[upkeep]\n|-heal|p2a: Umbreon|9\/100|[from] item: Leftovers\n|upkeep\n|turn|12\n|\n|t:|1700000601\n|move|p1b: Hanami|U-turn|p2a: Umbreon\n|-start|p1b: Hanami|typechange|Bug|[from] ability: Libero\n|-supereffective|p2a: Umbreon\n|-damage|p2a: Umbreon|0 fnt\n|faint|p2a: Umbreon\n|\n|t:|1700000604\n|switch|p1b: Beyonce|Tsareena, F|100\/100|[from] U-turn\n|move|p1a: Gale|Heat Wave|p2b: Ninetales\n|-resisted|p2b: Ninetales\n|-damage|p2b: Ninetales|62\/100\n|move|p2b: Ninetales|Flamethrower|p1a: Gale\n|-resisted|p1a: Gale\n|-damage|p1a: Gale|0 fnt\n|faint|p1a: Gale\n|\n|-weather|SunnyDay|[upkeep]\n|-sideend|p1: El Ryuk456|move: Tailwind\n|-fieldend|move: Psychic Terrain\n|upkeep\n|\n|t:|1700000616\n|switch|p1a: Hanami|Cinderace, F|100\/100\n|switch|p2a: Cresselia|Cresselia, F|98\/100\n|turn|13\n|\n|t:|1700000622\n|move|p1a: Hanami|Pyro Ball|p2b: Ninetales\n|-resisted|p2b: Ninetales\n|-damage|p2b: Ninetales|0 fnt\n|faint|p2b: Ninetales\n|move|p1b: Beyonce|Taunt|p2a: Cresselia\n|-start|p2a: Cresselia|move: Taunt\n|cant|p2a: Cresselia|move: Taunt|Lunar Blessing\n|\n|-weather|none\n|-heal|p2a: Cresselia|100\/100|[from] item: Leftovers\n|upkeep\n|turn|14\n|-message|The OG Trainer Red forfeited.\n|\n|win|El Ryuk456\n|raw|El Ryuk456's rating: 1325 &rarr; <strong>1341<\/strong><br \/>(+16 for winning)\n|raw|The OG Trainer Red's rating: 1249 &rarr; <strong>1229<\/strong><br \/>(-20 for losing)\n|l|\u2606The OG Trainer Red\n","uploadtime":1700000633,"views":10,"p1id":"elryuk456","p2id":"theogtrainerred","formatid":"gen9nationaldexdoubles","rating":1229,"private":0,"password":""}