{"id":"gen9nationaldexdoubles-1982794871","p1":"Xalvadore","p2":"Icey37","format":"[Gen 9] National Dex Doubles","log":"|j|\u2606Xalvadore\n|j|\u203dIcey37\n|t:|1699045597\n|gametype|doubles\n|player|p1|Xalvadore|marnie|1258\n|player|p2|Icey37|bea|1333\n|teamsize|p1|6\n|teamsize|p2|6\n|gen|9\n|tier|[Gen 9] National Dex Doubles\n|rated|\n|rule|HP Percentage Mod: HP is shown in percentages\n|rule|Endless Battle Clause: Forcing endless battles is banned\n|rule|OHKO Clause: OHKO moves are banned\n|rule|Evasion Moves Clause: Evasion moves are banned\n|rule|Evasion Abilities Clause: Evasion abilities are banned\n|rule|Species Clause: Limit one of each Pok\u00e9mon\n|rule|Gravity Sleep Clause: The combination of sleep-inducing moves with imperfect accuracy and Gravity or Gigantamax Orbeetle are banned\n|clearpoke\n|poke|p1|Hippowdon, F|\n|poke|p1|Gastrodon, F|\n|poke|p1|Excadrill, M|\n|poke|p1|Zapdos|\n|poke|p1|Hydreigon, M|\n|poke|p1|Hitmontop, M|\n|poke|p2|Blacephalon|\n|poke|p2|Whimsicott, M|\n|poke|p2|Grimmsnarl, M|\n|poke|p2|Chi-Yu|\n|poke|p2|Iron Moth|\n|poke|p2|Heatran, M|\n|teampreview\n|inactive|Battle timer is ON: inactive players will automatically lose when time's up. (requested by Icey37)\n|\n|t:|1699045605\n|start\n|switch|p1a: Hippowdon|Hippowdon, F|100\/100\n|switch|p1b: Hitmontop|Hitmontop, M|100\/100\n|switch|p2a: Whimsicott|Whimsicott, M|100\/100\n|switch|p2b: Blacephalon|Blacephalon|100\/100\n|-ability|p1b: Hitmontop|Intimidate|boost\n|-unboost|p2a: Whimsicott|atk|1\n|-unboost|p2b: Blacephalon|atk|1\n|-weather|Sandstorm|[from] ability: Sand Stream|[of] p1a: Hippowdon\n|turn|1\n|\n|t:|1699045623\n|-terastallize|p2b: Blacephalon|Fire\n|move|p1b: Hitmontop|Fake Out|p2a: Whimsicott\n|-damage|p2a: Whimsicott|93\/100\n|cant|p2a: Whimsicott|flinch\n|move|p2b: Blacephalon|Mind Blown|p1b: Hitmontop|[spread] p2a,p1a,p1b\n|-supereffective|p2a: Whimsicott\n|-damage|p2a: Whimsicott|0 fnt\n|-damage|p1a: Hippowdon|25\/100\n|-damage|p1b: Hitmontop|24\/100\n|-damage|p2b: Blacephalon|50\/100|[from] mindblown\n|-enditem|p1b: Hitmontop|Sitrus Berry|[eat]\n|-heal|p1b: Hitmontop|49\/100|[from] item: Sitrus Berry\n|-enditem|p1a: Hippowdon|Sitrus Berry|[eat]\n|-heal|p1a: Hippowdon|50\/100|[from] item: Sitrus Berry\n|faint|p2a: Whimsicott\n|-ability|p2b: Blacephalon|Beast Boost|boost\n|-boost|p2b: Blacephalon|spa|1\n|-heal|p2b: Blacephalon|93\/100|[from] item: Shell Bell|[of] p1b: Hitmontop\n|move|p1a: Hippowdon|Earthquake|p2b: Blacephalon|[spread] p1b,p2b\n|-supereffective|p2b: Blacephalon\n|-damage|p1b: Hitmontop|17\/100\n|-damage|p2b: Blacephalon|0 fnt\n|faint|p2b: Blacephalon\n|\n|-weather|Sandstorm|[upkeep]\n|-damage|p1b: Hitmontop|11\/100|[from] Sandstorm\n|upkeep\n|\n|t:|1699045651\n|switch|p2b: Chi-Yu|Chi-Yu|100\/100\n|switch|p2a: Grimmsnarl|Grimmsnarl, M|100\/100\n|-ability|p2b: Chi-Yu|Beads of Ruin\n|turn|2\n|\n|t:|1699045665\n|move|p1b: Hitmontop|Wide Guard|p1b: Hitmontop\n|-singleturn|p1b: Hitmontop|Wide Guard\n|move|p2a: Grimmsnarl|Fake Out|p1b: Hitmontop\n|-damage|p1b: Hitmontop|0 fnt\n|faint|p1b: Hitmontop\n|move|p2b: Chi-Yu|Heat Wave|p1a: Hippowdon\n|-activate|p1a: Hippowdon|move: Wide Guard\n|move|p1a: Hippowdon|Earthquake|p2b: Chi-Yu|[spread] p2a,p2b\n|-supereffective|p2b: Chi-Yu\n|-damage|p2a: Grimmsnarl|65\/100\n|-damage|p2b: Chi-Yu|11\/100\n|\n|-weather|Sandstorm|[upkeep]\n|-damage|p2b: Chi-Yu|5\/100|[from] Sandstorm\n|-damage|p2a: Grimmsnarl|59\/100|[from] Sandstorm\n|upkeep\n|\n|t:|1699045680\n|switch|p1b: Excadrill|Excadrill, M|100\/100\n|turn|3\n|\n|t:|1699045689\n|move|p2a: Grimmsnarl|Reflect|p2a: Grimmsnarl\n|-sidestart|p2: Icey37|Reflect\n|move|p1b: Excadrill|Rock Slide|p2a: Grimmsnarl|[spread] p2a,p2b\n|-supereffective|p2b: Chi-Yu\n|-damage|p2a: Grimmsnarl|35\/100\n|-damage|p2b: Chi-Yu|0 fnt\n|faint|p2b: Chi-Yu\n|-damage|p1b: Excadrill|91\/100|[from] item: Life Orb\n|move|p1a: Hippowdon|Slack Off|p1a: Hippowdon\n|-heal|p1a: Hippowdon|99\/100\n|\n|-weather|Sandstorm|[upkeep]\n|-damage|p2a: Grimmsnarl|28\/100|[from] Sandstorm\n|upkeep\n|\n|t:|1699045696\n|switch|p2b: Heatran|Heatran, M|100\/100\n|turn|4\n|\n|t:|1699045710\n|switch|p1a: Hydreigon|Hydreigon, M|100\/100\n|move|p2a: Grimmsnarl|Light Screen|p2a: Grimmsnarl\n|-sidestart|p2: Icey37|move: Light Screen\n|move|p1b: Excadrill|Earthquake|p2a: Grimmsnarl|[spread] p2a,p2b\n|-immune|p1a: Hydreigon|[from] ability: Levitate\n|-supereffective|p2b: Heatran\n|-damage|p2a: Grimmsnarl|0 fnt\n|-damage|p2b: Heatran|0 fnt\n|faint|p2a: Grimmsnarl\n|faint|p2b: Heatran\n|-damage|p1b: Excadrill|81\/100|[from] item: Life Orb\n|\n|-weather|Sandstorm|[upkeep]\n|-damage|p1a: Hydreigon|94\/100|[from] Sandstorm\n|upkeep\n|\n|t:|1699045717\n|switch|p2b: Iron Moth|Iron Moth|100\/100\n|-enditem|p2b: Iron Moth|Booster Energy\n|-activate|p2b: Iron Moth|ability: Quark Drive|[fromitem]\n|-start|p2b: Iron Moth|quarkdrivespa\n|turn|5\n|\n|t:|1699045730\n|-terastallize|p1a: Hydreigon|Dragon\n|move|p1b: Excadrill|Earthquake|p2b: Iron Moth|[spread] p2b\n|-immune|p1a: Hydreigon|[from] ability: Levitate\n|-supereffective|p2b: Iron Moth\n|-damage|p2b: Iron Moth|0 fnt\n|faint|p2b: Iron Moth\n|-end|p2b: Iron Moth|Quark Drive|[silent]\n|-damage|p1b: Excadrill|71\/100|[from] item: Life Orb\n|\n|win|Xalvadore\n|raw|Xalvadore's rating: 1258 &rarr; <strong>1288<\/strong><br \/>(+30 for winning)\n|raw|Icey37's rating: 1333 &rarr; <strong>1309<\/strong><br \/>(-24 for losing)\n|l|\u203dIcey37\n|c|\u2606Xalvadore|gg\n","uploadtime":1699045740,"views":8,"p1id":"xalvadore","p2id":"icey37","formatid":"gen9nationaldexdoubles","rating":1288,"private":0,"password":""}