{"id":"gen9nationaldexdoubles-1972221704","p1":"SgtSmilies","p2":"Jolly stranger","format":"[Gen 9] National Dex Doubles","log":"|j|\u2606SgtSmilies\n|j|\u2606Jolly stranger\n|t:|1697822697\n|gametype|doubles\n|player|p1|SgtSmilies|acetrainerf|\n|player|p2|Jolly stranger|gentleman-gen4dp|\n|teamsize|p1|6\n|teamsize|p2|6\n|gen|9\n|tier|[Gen 9] National Dex Doubles\n|rule|HP Percentage Mod: HP is shown in percentages\n|rule|Endless Battle Clause: Forcing endless battles is banned\n|rule|OHKO Clause: OHKO moves are banned\n|rule|Evasion Moves Clause: Evasion moves are banned\n|rule|Evasion Abilities Clause: Evasion abilities are banned\n|rule|Species Clause: Limit one of each Pok\u00e9mon\n|rule|Gravity Sleep Clause: The combination of sleep-inducing moves with imperfect accuracy and Gravity or Gigantamax Orbeetle are banned\n|clearpoke\n|poke|p1|Masquerain, F|\n|poke|p1|Coalossal, F|\n|poke|p1|Dracovish|\n|poke|p1|Murkrow, M|\n|poke|p1|Dragapult, F|\n|poke|p1|Chien-Pao|\n|poke|p2|Arcanine, M|\n|poke|p2|Spinda, M|\n|poke|p2|Indeedee-F, F|\n|poke|p2|Hatterene, F|\n|poke|p2|Dudunsparce-*, F|\n|poke|p2|Maushold-Four|\n|teampreview\n|j| Camdar\n|j| Relleth\n|\n|t:|1697822713\n|start\n|switch|p1a: mr fish|Dracovish|100\/100\n|switch|p1b: Chien-Pao|Chien-Pao|100\/100\n|switch|p2a: Real in|Indeedee-F, F|100\/100\n|switch|p2b: Here for the crow|Hatterene, F|100\/100\n|-ability|p1b: Chien-Pao|Sword of Ruin\n|-fieldstart|move: Psychic Terrain|[from] ability: Psychic Surge|[of] p2a: Real in\n|turn|1\n|\n|t:|1697822730\n|switch|p2a: Befuddled|Arcanine, M|100\/100\n|-ability|p2a: Befuddled|Intimidate|boost\n|-unboost|p1a: mr fish|atk|1\n|-unboost|p1b: Chien-Pao|atk|1\n|move|p1b: Chien-Pao|Crunch|p2a: Befuddled\n|-damage|p2a: Befuddled|49\/100\n|-damage|p1b: Chien-Pao|91\/100|[from] item: Life Orb\n|move|p1a: mr fish|Fishious Rend|p2b: Here for the crow\n|-damage|p2b: Here for the crow|0 fnt\n|faint|p2b: Here for the crow\n|\n|-heal|p2a: Befuddled|56\/100|[from] item: Leftovers\n|upkeep\n|\n|t:|1697822746\n|switch|p2b: Real in|Indeedee-F, F|100\/100\n|turn|2\n|\n|t:|1697822757\n|switch|p2a: Charles II Spain|Maushold-Four|100\/100\n|move|p1b: Chien-Pao|Crunch|p2b: Real in\n|-supereffective|p2b: Real in\n|-damage|p2b: Real in|9\/100\n|-damage|p1b: Chien-Pao|81\/100|[from] item: Life Orb\n|move|p1a: mr fish|Fishious Rend|p2a: Charles II Spain\n|-damage|p2a: Charles II Spain|0 fnt\n|faint|p2a: Charles II Spain\n|move|p2b: Real in|Trick Room|p2b: Real in\n|-fieldstart|move: Trick Room|[of] p2b: Real in\n|\n|upkeep\n|\n|t:|1697822781\n|switch|p2a: Befuddled|Arcanine, M|56\/100\n|-ability|p2a: Befuddled|Intimidate|boost\n|-unboost|p1a: mr fish|atk|1\n|-unboost|p1b: Chien-Pao|atk|1\n|turn|3\n|\n|t:|1697822811\n|switch|p1a: ANGERY|Masquerain, F|100\/100\n|-ability|p1a: ANGERY|Intimidate|boost\n|-unboost|p2a: Befuddled|atk|1\n|-unboost|p2b: Real in|atk|1\n|switch|p1b: Invalidation|Murkrow, M|100\/100\n|move|p2b: Real in|Expanding Force|p1a: ANGERY|[spread] p1a\n|-immune|p1b: Invalidation\n|-damage|p1a: ANGERY|43\/100\n|move|p2a: Befuddled|Morning Sun|p2a: Befuddled\n|-heal|p2a: Befuddled|100\/100\n|\n|upkeep\n|turn|4\n|\n|t:|1697822840\n|switch|p2b: No more fear|Dudunsparce-Three-Segment, F|100\/100\n|move|p1b: Invalidation|Foul Play|p2b: No more fear\n|-damage|p2b: No more fear|76\/100\n|move|p2a: Befuddled|Burn Up|p1b: Invalidation\n|-damage|p1b: Invalidation|26\/100\n|-start|p2a: Befuddled|typechange|???|[from] move: Burn Up\n|move|p1a: ANGERY|Bug Buzz|p2b: No more fear\n|-damage|p2b: No more fear|46\/100\n|\n|upkeep\n|turn|5\n|\n|t:|1697822860\n|move|p2b: No more fear|Flamethrower|p1b: Invalidation\n|-damage|p1b: Invalidation|0 fnt\n|faint|p1b: Invalidation\n|move|p2a: Befuddled|Close Combat|p1a: ANGERY\n|-resisted|p1a: ANGERY\n|-damage|p1a: ANGERY|36\/100\n|-unboost|p2a: Befuddled|def|1\n|-unboost|p2a: Befuddled|spd|1\n|move|p1a: ANGERY|Bug Buzz|p2b: No more fear\n|-damage|p2b: No more fear|14\/100\n|-unboost|p2b: No more fear|spd|1\n|\n|upkeep\n|\n|t:|1697822886\n|switch|p1b: Global Warming|Coalossal, F|100\/100\n|turn|6\n|\n|t:|1697822904\n|switch|p2a: A classic (?)|Spinda, M|100\/100\n|move|p1b: Global Warming|Heat Wave|p2a: A classic (?)|[spread] p2a,p2b\n|-damage|p2a: A classic (?)|58\/100\n|-damage|p2b: No more fear|0 fnt\n|faint|p2b: No more fear\n|move|p1a: ANGERY|Bug Buzz|p2a: A classic (?)\n|-crit|p2a: A classic (?)\n|-damage|p2a: A classic (?)|0 fnt\n|faint|p2a: A classic (?)\n|\n|-fieldend|move: Trick Room\n|upkeep\n|\n|t:|1697822916\n|switch|p2a: Real in|Indeedee-F, F|9\/100\n|switch|p2b: Befuddled|Arcanine, M|100\/100\n|-ability|p2b: Befuddled|Intimidate|boost\n|-unboost|p1a: ANGERY|atk|1\n|-unboost|p1b: Global Warming|atk|1\n|turn|7\n|\n|t:|1697822935\n|-terastallize|p1b: Global Warming|Ground\n|move|p1a: ANGERY|Bug Buzz|p2a: Real in\n|-supereffective|p2a: Real in\n|-damage|p2a: Real in|0 fnt\n|faint|p2a: Real in\n|move|p2b: Befuddled|Close Combat|p1b: Global Warming\n|-damage|p1b: Global Warming|77\/100\n|-unboost|p2b: Befuddled|def|1\n|-unboost|p2b: Befuddled|spd|1\n|move|p1b: Global Warming|Earth Power|p2b: Befuddled\n|-supereffective|p2b: Befuddled\n|-damage|p2b: Befuddled|0 fnt\n|faint|p2b: Befuddled\n|\n|win|SgtSmilies\n|c|\u2606Jolly stranger|GG\u00a7\n|c|\u2606SgtSmilies|ggs\n|l| Relleth\n","uploadtime":1697822950,"views":10,"p1id":"sgtsmilies","p2id":"jollystranger","formatid":"gen9nationaldexdoubles","rating":0,"private":0,"password":""}