{"id":"gen9nationaldexdoubles-1977567213","p1":"CinDq","p2":"Nohbdy06","format":"[Gen 9] National Dex Doubles","log":"|j|\u2606CinDq\n|j|\u2606Nohbdy06\n|t:|1698427952\n|gametype|doubles\n|player|p1|CinDq|cynthia|\n|player|p2|Nohbdy06|hilda-wonderlauncher|\n|teamsize|p1|6\n|teamsize|p2|6\n|gen|9\n|tier|[Gen 9] National Dex Doubles\n|rule|HP Percentage Mod: HP is shown in percentages\n|rule|Endless Battle Clause: Forcing endless battles is banned\n|rule|OHKO Clause: OHKO moves are banned\n|rule|Evasion Moves Clause: Evasion moves are banned\n|rule|Evasion Abilities Clause: Evasion abilities are banned\n|rule|Species Clause: Limit one of each Pok\u00e9mon\n|rule|Gravity Sleep Clause: The combination of sleep-inducing moves with imperfect accuracy and Gravity or Gigantamax Orbeetle are banned\n|clearpoke\n|poke|p1|Oricorio, F|\n|poke|p1|Dragapult, M|\n|poke|p1|Ribombee, M|\n|poke|p1|Ogerpon, F|\n|poke|p1|Flutter Mane|\n|poke|p1|Iron Bundle|\n|poke|p2|Volcanion|\n|poke|p2|Darkrai|\n|poke|p2|Regieleki|\n|poke|p2|Diancie|\n|poke|p2|Moltres-Galar|\n|poke|p2|Articuno|\n|teampreview\n|\n|t:|1698427994\n|start\n|switch|p1a: Oricorio|Oricorio, F, shiny|100\/100\n|switch|p1b: Dragapult|Dragapult, M, shiny|100\/100\n|switch|p2a: Emo|Darkrai|100\/100\n|switch|p2b: Volcanion|Volcanion|100\/100\n|turn|1\n|\n|t:|1698428018\n|move|p2a: Emo|Hypnosis|p1b: Dragapult\n|-status|p1b: Dragapult|slp|[from] move: Hypnosis\n|cant|p1b: Dragapult|slp\n|move|p2b: Volcanion|Scald|p1a: Oricorio\n|-supereffective|p1a: Oricorio\n|-damage|p1a: Oricorio|0 fnt\n|faint|p1a: Oricorio\n|\n|-damage|p1b: Dragapult|88\/100 slp|[from] ability: Bad Dreams|[of] p2a: Emo\n|upkeep\n|\n|t:|1698428028\n|switch|p1a: Ribombee|Ribombee, M, shiny|100\/100\n|turn|2\n|\n|t:|1698428051\n|move|p1a: Ribombee|Protect|p1a: Ribombee\n|-singleturn|p1a: Ribombee|Protect\n|move|p2a: Emo|Hypnosis|p1a: Ribombee\n|-activate|p1a: Ribombee|move: Protect\n|cant|p1b: Dragapult|slp\n|move|p2b: Volcanion|Flamethrower|p1a: Ribombee\n|-activate|p1a: Ribombee|move: Protect\n|\n|-damage|p1b: Dragapult|76\/100 slp|[from] ability: Bad Dreams|[of] p2a: Emo\n|upkeep\n|turn|3\n|\n|t:|1698428077\n|cant|p1b: Dragapult|slp\n|move|p2a: Emo|Hypnosis|p1b: Dragapult|[miss]\n|-miss|p2a: Emo|p1b: Dragapult\n|move|p1a: Ribombee|Quiver Dance|p1a: Ribombee\n|-boost|p1a: Ribombee|spa|1\n|-boost|p1a: Ribombee|spd|1\n|-boost|p1a: Ribombee|spe|1\n|move|p2b: Volcanion|Flamethrower|p1a: Ribombee\n|-supereffective|p1a: Ribombee\n|-damage|p1a: Ribombee|0 fnt\n|faint|p1a: Ribombee\n|\n|-damage|p1b: Dragapult|64\/100 slp|[from] ability: Bad Dreams|[of] p2a: Emo\n|upkeep\n|\n|t:|1698428093\n|switch|p1a: Flutter Mane|Flutter Mane|100\/100\n|-enditem|p1a: Flutter Mane|Booster Energy\n|-activate|p1a: Flutter Mane|ability: Protosynthesis|[fromitem]\n|-start|p1a: Flutter Mane|protosynthesisspe\n|turn|4\n|\n|t:|1698428113\n|move|p1a: Flutter Mane|Moonblast|p2a: Emo\n|-supereffective|p2a: Emo\n|-damage|p2a: Emo|0 fnt\n|faint|p2a: Emo\n|-curestatus|p1b: Dragapult|slp|[msg]\n|move|p1b: Dragapult|Thunder Wave|p2b: Volcanion\n|-status|p2b: Volcanion|par\n|move|p2b: Volcanion|Flamethrower|p1b: Dragapult\n|-resisted|p1b: Dragapult\n|-damage|p1b: Dragapult|31\/100\n|\n|upkeep\n|\n|t:|1698428137\n|switch|p2a: Moltres|Moltres-Galar, shiny|100\/100\n|turn|5\n|\n|t:|1698428164\n|-terastallize|p2b: Volcanion|Grass\n|move|p1a: Flutter Mane|Hex|p2b: Volcanion\n|-damage|p2b: Volcanion|15\/100 par\n|move|p1b: Dragapult|Thunder Wave|p2a: Moltres\n|-status|p2a: Moltres|par\n|move|p2a: Moltres|Fiery Wrath|p1b: Dragapult|[spread] p1a,p1b\n|-supereffective|p1b: Dragapult\n|-damage|p1a: Flutter Mane|72\/100\n|-damage|p1b: Dragapult|0 fnt\n|faint|p1b: Dragapult\n|move|p2b: Volcanion|Hidden Power|p1a: Flutter Mane\n|-crit|p1a: Flutter Mane\n|-damage|p1a: Flutter Mane|22\/100\n|\n|upkeep\n|\n|t:|1698428181\n|switch|p1b: Iron Bundle|Iron Bundle|100\/100\n|-enditem|p1b: Iron Bundle|Booster Energy\n|-activate|p1b: Iron Bundle|ability: Quark Drive|[fromitem]\n|-start|p1b: Iron Bundle|quarkdrivespe\n|turn|6\n|\n|t:|1698428215\n|move|p1b: Iron Bundle|Ice Beam|p2a: Moltres\n|-supereffective|p2a: Moltres\n|-damage|p2a: Moltres|24\/100 par\n|-ability|p2a: Moltres|Berserk|boost\n|-boost|p2a: Moltres|spa|1\n|move|p1a: Flutter Mane|Hex|p2b: Volcanion\n|-damage|p2b: Volcanion|0 fnt\n|faint|p2b: Volcanion\n|move|p2a: Moltres|Fiery Wrath|p1b: Iron Bundle|[spread] p1a,p1b\n|-damage|p1a: Flutter Mane|0 fnt\n|-damage|p1b: Iron Bundle|19\/100\n|faint|p1a: Flutter Mane\n|-end|p1a: Flutter Mane|Protosynthesis|[silent]\n|\n|-heal|p2a: Moltres|30\/100 par|[from] item: Leftovers\n|upkeep\n|\n|t:|1698428231\n|switch|p1a: Ogerpon|Ogerpon, F|100\/100\n|switch|p2b: Nevergone|Regieleki, shiny|100\/100\n|turn|7\n|\n|t:|1698428270\n|-terastallize|p1a: Ogerpon|Grass\n|detailschange|p1a: Ogerpon|Ogerpon-Teal-Tera, F, tera:Grass\n|-ability|p1a: Ogerpon|Embody Aspect (Teal)|boost\n|-boost|p1a: Ogerpon|spe|1\n|move|p1b: Iron Bundle|Ice Beam|p2a: Moltres\n|-supereffective|p2a: Moltres\n|-damage|p2a: Moltres|0 fnt\n|faint|p2a: Moltres\n|-zpower|p2b: Nevergone\n|move|p2b: Nevergone|Gigavolt Havoc|p1a: Ogerpon|[zeffect]\n|-resisted|p1a: Ogerpon\n|-damage|p1a: Ogerpon|45\/100\n|move|p1a: Ogerpon|Ivy Cudgel|p2b: Nevergone\n|-damage|p2b: Nevergone|0 fnt\n|faint|p2b: Nevergone\n|\n|upkeep\n|\n|t:|1698428287\n|switch|p2b: Articuno|Articuno, shiny|100\/100\n|switch|p2a: UWU|Diancie, shiny|100\/100\n|-ability|p2b: Articuno|Pressure\n|turn|8\n|\n|t:|1698428309\n|move|p1b: Iron Bundle|Hydro Pump|p2b: Articuno|[miss]\n|-miss|p1b: Iron Bundle|p2b: Articuno\n|move|p1a: Ogerpon|Ivy Cudgel|p2a: UWU\n|-supereffective|p2a: UWU\n|-damage|p2a: UWU|0 fnt\n|faint|p2a: UWU\n|move|p2b: Articuno|Blizzard|p1b: Iron Bundle|[spread] p1b\n|-miss|p2b: Articuno|p1a: Ogerpon\n|-resisted|p1b: Iron Bundle\n|-crit|p1b: Iron Bundle\n|-damage|p1b: Iron Bundle|0 fnt\n|faint|p1b: Iron Bundle\n|-end|p1b: Iron Bundle|Quark Drive|[silent]\n|\n|upkeep\n|turn|9\n|\n|t:|1698428333\n|move|p1a: Ogerpon|Reversal|p2b: Articuno\n|-damage|p2b: Articuno|87\/100\n|move|p2b: Articuno|Ice Beam|p1a: Ogerpon\n|-supereffective|p1a: Ogerpon\n|-damage|p1a: Ogerpon|0 fnt\n|faint|p1a: Ogerpon\n|\n|win|Nohbdy06\n","uploadtime":1698428344,"views":10,"p1id":"cindq","p2id":"nohbdy06","formatid":"gen9nationaldexdoubles","rating":0,"private":0,"password":""}