{"id":"gen9nationaldexdoubles-1960499649","p1":"Numa no Kage","p2":"Grunt2222222","format":"[Gen 9] National Dex Doubles","log":"|j|\u2606Numa no Kage\n|j|\u2606Grunt2222222\n|t:|1696529987\n|gametype|doubles\n|player|p1|Numa no Kage|acetrainer|1219\n|player|p2|Grunt2222222|rocketgrunt|1193\n|teamsize|p1|6\n|teamsize|p2|6\n|gen|9\n|tier|[Gen 9] National Dex Doubles\n|rated|\n|rule|HP Percentage Mod: HP is shown in percentages\n|rule|Endless Battle Clause: Forcing endless battles is banned\n|rule|OHKO Clause: OHKO moves are banned\n|rule|Evasion Moves Clause: Evasion moves are banned\n|rule|Evasion Abilities Clause: Evasion abilities are banned\n|rule|Species Clause: Limit one of each Pok\u00e9mon\n|rule|Gravity Sleep Clause: The combination of sleep-inducing moves with imperfect accuracy and Gravity or Gigantamax Orbeetle are banned\n|clearpoke\n|poke|p1|Chansey, F|\n|poke|p1|Okidogi, M|\n|poke|p1|Grimmsnarl, M|\n|poke|p1|Landorus-Therian, M|\n|poke|p1|Walking Wake|\n|poke|p1|Flutter Mane|\n|poke|p2|Ninetales-Alola, M|\n|poke|p2|Abomasnow, M|\n|poke|p2|Glaceon, M|\n|poke|p2|Sandslash-Alola, F|\n|poke|p2|Grimmsnarl, M|\n|poke|p2|Eiscue, F|\n|teampreview\n|inactive|Battle timer is ON: inactive players will automatically lose when time's up. (requested by Numa no Kage)\n|\n|t:|1696530005\n|start\n|switch|p1a: Chansey|Chansey, F|100\/100\n|switch|p1b: Grimmsnarl|Grimmsnarl, M, shiny|100\/100\n|switch|p2a: Abomasnow|Abomasnow, M|100\/100\n|switch|p2b: Grimmsnarl|Grimmsnarl, M, shiny|100\/100\n|-weather|Snow|[from] ability: Snow Warning|[of] p2a: Abomasnow\n|turn|1\n|\n|t:|1696530016\n|move|p1b: Grimmsnarl|Light Screen|p1b: Grimmsnarl\n|-sidestart|p1: Numa no Kage|move: Light Screen\n|move|p2b: Grimmsnarl|Light Screen|p2b: Grimmsnarl\n|-sidestart|p2: Grunt2222222|move: Light Screen\n|move|p2a: Abomasnow|Aurora Veil|p2a: Abomasnow\n|-sidestart|p2: Grunt2222222|move: Aurora Veil\n|move|p1a: Chansey|Thunder Wave|p2b: Grimmsnarl\n|-status|p2b: Grimmsnarl|par\n|\n|-weather|Snow|[upkeep]\n|upkeep\n|turn|2\n|\n|t:|1696530036\n|move|p1b: Grimmsnarl|Reflect|p1b: Grimmsnarl\n|-sidestart|p1: Numa no Kage|Reflect\n|move|p2b: Grimmsnarl|Reflect|p2b: Grimmsnarl\n|-sidestart|p2: Grunt2222222|Reflect\n|move|p2a: Abomasnow|Energy Ball|p1b: Grimmsnarl\n|-damage|p1b: Grimmsnarl|84\/100\n|move|p1a: Chansey|Thunder Wave|p2a: Abomasnow\n|-status|p2a: Abomasnow|par\n|\n|-weather|Snow|[upkeep]\n|upkeep\n|turn|3\n|inactive|Numa no Kage has 120 seconds left.\n|\n|t:|1696530068\n|move|p1b: Grimmsnarl|Parting Shot|p2a: Abomasnow\n|-unboost|p2a: Abomasnow|atk|1\n|-unboost|p2a: Abomasnow|spa|1\n|\n|t:|1696530071\n|switch|p1b: Landorus|Landorus-Therian, M|100\/100|[from] Parting Shot\n|-ability|p1b: Landorus|Intimidate|boost\n|-unboost|p2a: Abomasnow|atk|1\n|-unboost|p2b: Grimmsnarl|atk|1\n|move|p2b: Grimmsnarl|Parting Shot|p1b: Landorus\n|-unboost|p1b: Landorus|atk|1\n|-unboost|p1b: Landorus|spa|1\n|\n|t:|1696530080\n|switch|p2b: Sandslash|Sandslash-Alola, F|100\/100|[from] Parting Shot\n|move|p1a: Chansey|Seismic Toss|p2b: Sandslash\n|-damage|p2b: Sandslash|72\/100\n|move|p2a: Abomasnow|Ice Spinner|p1b: Landorus\n|-supereffective|p1b: Landorus\n|-damage|p1b: Landorus|54\/100\n|\n|-weather|Snow|[upkeep]\n|-heal|p1b: Landorus|60\/100|[from] item: Leftovers\n|upkeep\n|turn|4\n|\n|t:|1696530102\n|move|p2b: Sandslash|Ice Ball|p1b: Landorus\n|-supereffective|p1b: Landorus\n|-damage|p1b: Landorus|18\/100\n|move|p1b: Landorus|Stone Edge|p2a: Abomasnow\n|-supereffective|p2a: Abomasnow\n|-crit|p2a: Abomasnow\n|-damage|p2a: Abomasnow|0 fnt\n|faint|p2a: Abomasnow\n|move|p1a: Chansey|Thunder Wave|p2b: Sandslash\n|-status|p2b: Sandslash|par\n|\n|-weather|Snow|[upkeep]\n|-heal|p1b: Landorus|24\/100|[from] item: Leftovers\n|upkeep\n|\n|t:|1696530114\n|switch|p2a: Glaceon|Glaceon, M|100\/100\n|turn|5\n|\n|t:|1696530120\n|switch|p1a: Mega Misdreavus|Flutter Mane, shiny|100\/100\n|move|p1b: Landorus|Explosion|p2a: Glaceon|[spread] p2a,p2b\n|-immune|p1a: Mega Misdreavus\n|-resisted|p2b: Sandslash\n|-damage|p2a: Glaceon|87\/100\n|-damage|p2b: Sandslash|64\/100 par\n|faint|p1b: Landorus\n|move|p2a: Glaceon|Blizzard|p1a: Mega Misdreavus\n|-crit|p1a: Mega Misdreavus\n|-damage|p1a: Mega Misdreavus|22\/100\n|-status|p1a: Mega Misdreavus|frz\n|move|p2b: Sandslash|Ice Ball|p1a: Mega Misdreavus|[from]lockedmove\n|-damage|p1a: Mega Misdreavus|0 fnt\n|faint|p1a: Mega Misdreavus\n|-end|p1a: Mega Misdreavus|Protosynthesis|[silent]\n|\n|-weather|none\n|-sideend|p2: Grunt2222222|move: Light Screen\n|-sideend|p2: Grunt2222222|move: Aurora Veil\n|upkeep\n|\n|t:|1696530150\n|switch|p1a: Okidogi|Okidogi, M|100\/100\n|switch|p1b: Chansey|Chansey, F|100\/100\n|turn|6\n|\n|t:|1696530171\n|move|p2a: Glaceon|Protect|p2a: Glaceon\n|-singleturn|p2a: Glaceon|Protect\n|move|p1a: Okidogi|Drain Punch|p2b: Sandslash\n|-supereffective|p2b: Sandslash\n|-damage|p2b: Sandslash|0 fnt\n|faint|p2b: Sandslash\n|move|p1b: Chansey|Thunder Wave|p2a: Glaceon\n|-activate|p2a: Glaceon|move: Protect\n|\n|-sideend|p2: Grunt2222222|Reflect\n|upkeep\n|\n|t:|1696530183\n|switch|p2b: Ninetales|Ninetales-Alola, M|100\/100\n|-weather|Snow|[from] ability: Snow Warning|[of] p2b: Ninetales\n|turn|7\n|\n|t:|1696530198\n|-terastallize|p2b: Ninetales|Ice\n|move|p2b: Ninetales|Blizzard|p1b: Chansey|[spread] p1a,p1b\n|-damage|p1a: Okidogi|79\/100\n|-damage|p1b: Chansey|91\/100\n|move|p2a: Glaceon|Blizzard|p1a: Okidogi|[spread] p1a,p1b\n|-damage|p1a: Okidogi|62\/100\n|-damage|p1b: Chansey|83\/100\n|move|p1a: Okidogi|Poison Fang|p2b: Ninetales\n|-damage|p2b: Ninetales|73\/100\n|move|p1b: Chansey|Thunder Wave|p2a: Glaceon\n|-status|p2a: Glaceon|par\n|\n|-weather|Snow|[upkeep]\n|-heal|p2a: Glaceon|93\/100 par|[from] ability: Ice Body\n|upkeep\n|turn|8\n|\n|t:|1696530230\n|move|p2b: Ninetales|Blizzard|p1b: Chansey|[spread] p1a,p1b\n|-damage|p1a: Okidogi|43\/100\n|-damage|p1b: Chansey|74\/100\n|-status|p1b: Chansey|frz\n|move|p1a: Okidogi|Drain Punch|p2b: Ninetales\n|-supereffective|p2b: Ninetales\n|-damage|p2b: Ninetales|0 fnt\n|-heal|p1a: Okidogi|70\/100|[from] drain|[of] p2b: Ninetales\n|faint|p2b: Ninetales\n|cant|p1b: Chansey|frz\n|-zpower|p2a: Glaceon\n|move|p2a: Glaceon|Z-Celebrate|p2a: Glaceon|[anim]Celebrate\n|-boost|p2a: Glaceon|atk|1|[zeffect]\n|-boost|p2a: Glaceon|def|1|[zeffect]\n|-boost|p2a: Glaceon|spa|1|[zeffect]\n|-boost|p2a: Glaceon|spd|1|[zeffect]\n|-boost|p2a: Glaceon|spe|1|[zeffect]\n|-activate|p2a: Glaceon|move: Celebrate\n|\n|-weather|Snow|[upkeep]\n|-heal|p2a: Glaceon|99\/100 par|[from] ability: Ice Body\n|-sideend|p1: Numa no Kage|move: Light Screen\n|upkeep\n|inactive|Grunt2222222 has 120 seconds left.\n|\n|t:|1696530251\n|switch|p2b: Grimmsnarl|Grimmsnarl, M, shiny|100\/100 par\n|turn|9\n|\n|t:|1696530266\n|-curestatus|p1b: Chansey|frz|[from] ability: Natural Cure\n|switch|p1b: Grimmsnarl|Grimmsnarl, M, shiny|84\/100\n|move|p2b: Grimmsnarl|Reflect|p2b: Grimmsnarl\n|-sidestart|p2: Grunt2222222|Reflect\n|move|p1a: Okidogi|Poison Fang|p2b: Grimmsnarl\n|-supereffective|p2b: Grimmsnarl\n|-damage|p2b: Grimmsnarl|57\/100 par\n|move|p2a: Glaceon|Blizzard|p1b: Grimmsnarl|[spread] p1a,p1b\n|-damage|p1a: Okidogi|32\/100\n|-damage|p1b: Grimmsnarl|45\/100\n|\n|-weather|Snow|[upkeep]\n|-heal|p2a: Glaceon|100\/100 par|[from] ability: Ice Body\n|-heal|p2b: Grimmsnarl|63\/100 par|[from] item: Leftovers\n|-sideend|p1: Numa no Kage|Reflect\n|upkeep\n|turn|10\n|\n|t:|1696530292\n|move|p1b: Grimmsnarl|Light Screen|p1b: Grimmsnarl\n|-sidestart|p1: Numa no Kage|move: Light Screen\n|cant|p2b: Grimmsnarl|par\n|move|p1a: Okidogi|Psychic Fangs|p2a: Glaceon\n|-sideend|p2: Grunt2222222|Reflect\n|-damage|p2a: Glaceon|91\/100 par\n|move|p2a: Glaceon|Blizzard|p1b: Grimmsnarl|[spread] p1a,p1b\n|-crit|p1b: Grimmsnarl\n|-damage|p1a: Okidogi|9\/100\n|-damage|p1b: Grimmsnarl|0 fnt\n|faint|p1b: Grimmsnarl\n|\n|-weather|Snow|[upkeep]\n|-heal|p2a: Glaceon|97\/100 par|[from] ability: Ice Body\n|-heal|p2b: Grimmsnarl|69\/100 par|[from] item: Leftovers\n|upkeep\n|inactive|Numa no Kage has 120 seconds left.\n|\n|t:|1696530313\n|switch|p1b: Chansey|Chansey, F|74\/100\n|turn|11\n|\n|t:|1696530323\n|cant|p2b: Grimmsnarl|par\n|move|p1a: Okidogi|Poison Fang|p2b: Grimmsnarl\n|-supereffective|p2b: Grimmsnarl\n|-damage|p2b: Grimmsnarl|1\/100 par\n|move|p2a: Glaceon|Blizzard|p1b: Chansey|[spread] p1a,p1b\n|-damage|p1a: Okidogi|0 fnt\n|-damage|p1b: Chansey|63\/100\n|faint|p1a: Okidogi\n|move|p1b: Chansey|Stealth Rock|p2b: Grimmsnarl\n|-sidestart|p2: Grunt2222222|move: Stealth Rock\n|\n|-weather|none\n|-heal|p2b: Grimmsnarl|7\/100 par|[from] item: Leftovers\n|upkeep\n|inactive|Numa no Kage has 120 seconds left.\n|\n|t:|1696530340\n|switch|p1a: Walking Wake|Walking Wake|100\/100\n|turn|12\n|c|\u2606Grunt2222222|So unfortunate for me\n|\n|t:|1696530360\n|cant|p2a: Glaceon|par\n|move|p2b: Grimmsnarl|Light Screen|p2b: Grimmsnarl\n|-sidestart|p2: Grunt2222222|move: Light Screen\n|move|p1a: Walking Wake|Flamethrower|p2b: Grimmsnarl\n|-damage|p2b: Grimmsnarl|0 fnt\n|faint|p2b: Grimmsnarl\n|move|p1b: Chansey|Seismic Toss|p2a: Glaceon\n|-damage|p2a: Glaceon|67\/100 par\n|\n|upkeep\n|\n|t:|1696530370\n|switch|p2b: Eiscue|Eiscue, F|100\/100\n|-damage|p2b: Eiscue|76\/100|[from] Stealth Rock\n|turn|13\n|\n|t:|1696530383\n|-terastallize|p1a: Walking Wake|Steel\n|move|p1a: Walking Wake|Chilling Water|p2b: Eiscue\n|-damage|p2b: Eiscue|55\/100\n|-unboost|p2b: Eiscue|atk|1\n|move|p2b: Eiscue|Ice Spinner|p1a: Walking Wake\n|-resisted|p1a: Walking Wake\n|-damage|p1a: Walking Wake|92\/100\n|move|p2a: Glaceon|Blizzard|p1b: Chansey|[spread] p1a,p1b\n|-resisted|p1a: Walking Wake\n|-damage|p1a: Walking Wake|79\/100\n|-damage|p1b: Chansey|52\/100\n|move|p1b: Chansey|Seismic Toss|p2a: Glaceon\n|-damage|p2a: Glaceon|37\/100 par\n|\n|upkeep\n|turn|14\n|\n|t:|1696530403\n|move|p1a: Walking Wake|Flamethrower|p2b: Eiscue\n|-supereffective|p2b: Eiscue\n|-damage|p2b: Eiscue|12\/100\n|-enditem|p2b: Eiscue|Aguav Berry|[eat]\n|-heal|p2b: Eiscue|45\/100|[from] item: Aguav Berry\n|move|p2b: Eiscue|Ice Spinner|p1a: Walking Wake\n|-resisted|p1a: Walking Wake\n|-damage|p1a: Walking Wake|70\/100\n|move|p2a: Glaceon|Wish|p2a: Glaceon\n|move|p1b: Chansey|Seismic Toss|p2b: Eiscue\n|-activate|p2b: Eiscue|ability: Ice Face\n|-damage|p2b: Eiscue|45\/100\n|detailschange|p2b: Eiscue|Eiscue-Noice, F\n|\n|upkeep\n|turn|15\n|\n|t:|1696530423\n|move|p2a: Glaceon|Protect|p2a: Glaceon\n|-singleturn|p2a: Glaceon|Protect\n|move|p1a: Walking Wake|Flamethrower|p2b: Eiscue\n|-supereffective|p2b: Eiscue\n|-damage|p2b: Eiscue|0 fnt\n|faint|p2b: Eiscue\n|move|p1b: Chansey|Thunder Wave|p2a: Glaceon\n|-activate|p2a: Glaceon|move: Protect\n|\n|-heal|p2a: Glaceon|87\/100 par|[from] move: Wish|[wisher] Glaceon\n|upkeep\n|turn|16\n|\n|t:|1696530442\n|move|p1a: Walking Wake|Flamethrower|p2a: Glaceon\n|-supereffective|p2a: Glaceon\n|-damage|p2a: Glaceon|55\/100 par\n|cant|p2a: Glaceon|par\n|move|p1b: Chansey|Soft-Boiled|p1b: Chansey\n|-heal|p1b: Chansey|100\/100\n|\n|-sideend|p2: Grunt2222222|move: Light Screen\n|upkeep\n|turn|17\n|\n|t:|1696530462\n|move|p1a: Walking Wake|Flamethrower|p2a: Glaceon\n|-supereffective|p2a: Glaceon\n|-crit|p2a: Glaceon\n|-damage|p2a: Glaceon|0 fnt\n|faint|p2a: Glaceon\n|\n|win|Numa no Kage\n|raw|Numa no Kage's rating: 1219 &rarr; <strong>1242<\/strong><br \/>(+23 for winning)\n|raw|Grunt2222222's rating: 1193 &rarr; <strong>1170<\/strong><br \/>(-23 for losing)\n|l|\u2606Grunt2222222\n|l|\u2606Numa no Kage\n|j|\u2606Numa no Kage\n|player|p1|Numa no Kage|acetrainer\n","uploadtime":1696530967,"views":10,"p1id":"numanokage","p2id":"grunt2222222","formatid":"gen9nationaldexdoubles","rating":1170,"private":0,"password":""}