{"id":"gen9nationaldexdoubles-1957768571","p1":"XiuKaiMeiLiZhi","p2":"liu641","format":"[Gen 9] National Dex Doubles","log":"|j|\u2606XiuKaiMeiLiZhi\n|j|\u2606liu641\n|t:|1696259624\n|gametype|doubles\n|player|p1|XiuKaiMeiLiZhi|emmet|\n|player|p2|liu641|cyrus|\n|teamsize|p1|6\n|teamsize|p2|6\n|gen|9\n|tier|[Gen 9] National Dex Doubles\n|rule|HP Percentage Mod: HP is shown in percentages\n|rule|Endless Battle Clause: Forcing endless battles is banned\n|rule|OHKO Clause: OHKO moves are banned\n|rule|Evasion Moves Clause: Evasion moves are banned\n|rule|Evasion Abilities Clause: Evasion abilities are banned\n|rule|Species Clause: Limit one of each Pok\u00e9mon\n|rule|Gravity Sleep Clause: The combination of sleep-inducing moves with imperfect accuracy and Gravity or Gigantamax Orbeetle are banned\n|clearpoke\n|poke|p1|Lucario, F|\n|poke|p1|Flamigo, F|\n|poke|p1|Whimsicott, M|\n|poke|p1|Tauros-Paldea-Aqua, M|\n|poke|p1|Kubfu, M|\n|poke|p1|Lilligant-Hisui, F|\n|poke|p2|Ninetales-Alola, F|\n|poke|p2|Sandslash-Alola, M|\n|poke|p2|Delibird, F|\n|poke|p2|Abomasnow, M|\n|poke|p2|Glaceon, F|\n|poke|p2|Grimmsnarl, M|\n|teampreview\n|\n|t:|1696259657\n|start\n|switch|p1a: Lucario|Lucario, F, shiny|100\/100\n|switch|p1b: Whimsicott|Whimsicott, M, shiny|100\/100\n|switch|p2a: \u6bdb\u8338\u8338\u7684\u6b66\u7814|Ninetales-Alola, F|100\/100\n|switch|p2b: \u575a\u5982\u78d0\u77f3|Grimmsnarl, M|100\/100\n|-weather|Snow|[from] ability: Snow Warning|[of] p2a: \u6bdb\u8338\u8338\u7684\u6b66\u7814\n|turn|1\n|\n|t:|1696259676\n|move|p2b: \u575a\u5982\u78d0\u77f3|Fake Out|p1b: Whimsicott\n|-damage|p1b: Whimsicott|92\/100\n|move|p2a: \u6bdb\u8338\u8338\u7684\u6b66\u7814|Aurora Veil|p2a: \u6bdb\u8338\u8338\u7684\u6b66\u7814\n|-sidestart|p2: liu641|move: Aurora Veil\n|move|p1a: Lucario|Agility|p1a: Lucario\n|-boost|p1a: Lucario|spe|2\n|cant|p1b: Whimsicott|flinch\n|\n|-weather|Snow|[upkeep]\n|upkeep\n|turn|2\n|\n|t:|1696259715\n|move|p1a: Lucario|Bullet Punch|p2b: \u575a\u5982\u78d0\u77f3\n|-supereffective|p2b: \u575a\u5982\u78d0\u77f3\n|-damage|p2b: \u575a\u5982\u78d0\u77f3|69\/100\n|move|p1b: Whimsicott|Encore|p2b: \u575a\u5982\u78d0\u77f3\n|-hint|Since gen 7, Dark is immune to Prankster moves.\n|-immune|p2b: \u575a\u5982\u78d0\u77f3\n|move|p2b: \u575a\u5982\u78d0\u77f3|Reflect|p2b: \u575a\u5982\u78d0\u77f3\n|-sidestart|p2: liu641|Reflect\n|move|p2a: \u6bdb\u8338\u8338\u7684\u6b66\u7814|Blizzard|p1b: Whimsicott|[spread] p1a,p1b\n|-resisted|p1a: Lucario\n|-supereffective|p1b: Whimsicott\n|-damage|p1a: Lucario|73\/100\n|-damage|p1b: Whimsicott|8\/100\n|\n|-weather|Snow|[upkeep]\n|upkeep\n|turn|3\n|\n|t:|1696259746\n|switch|p2b: \u901f\u51bb\u5730\u9f20|Sandslash-Alola, M|100\/100\n|move|p1a: Lucario|Bullet Punch|p2a: \u6bdb\u8338\u8338\u7684\u6b66\u7814\n|-supereffective|p2a: \u6bdb\u8338\u8338\u7684\u6b66\u7814\n|-damage|p2a: \u6bdb\u8338\u8338\u7684\u6b66\u7814|46\/100\n|move|p2a: \u6bdb\u8338\u8338\u7684\u6b66\u7814|Blizzard|p1b: Whimsicott|[spread] p1a,p1b\n|-resisted|p1a: Lucario\n|-supereffective|p1b: Whimsicott\n|-damage|p1a: Lucario|49\/100\n|-damage|p1b: Whimsicott|0 fnt\n|faint|p1b: Whimsicott\n|\n|-weather|Snow|[upkeep]\n|upkeep\n|\n|t:|1696259756\n|switch|p1b: Flamigo|Flamigo, F, shiny|100\/100\n|-copyboost|p1b: Flamigo|p1a: Lucario|[from] ability: Costar\n|turn|4\n|j| Gocks\n|\n|t:|1696259787\n|detailschange|p1a: Lucario|Lucario-Mega, F, shiny\n|-mega|p1a: Lucario|Lucario|Lucarionite\n|move|p1a: Lucario|Drain Punch|p2b: \u901f\u51bb\u5730\u9f20\n|-supereffective|p2b: \u901f\u51bb\u5730\u9f20\n|-damage|p2b: \u901f\u51bb\u5730\u9f20|0 fnt\n|-heal|p1a: Lucario|100\/100|[from] drain|[of] p2b: \u901f\u51bb\u5730\u9f20\n|faint|p2b: \u901f\u51bb\u5730\u9f20\n|move|p1b: Flamigo|Close Combat|p2a: \u6bdb\u8338\u8338\u7684\u6b66\u7814\n|-damage|p2a: \u6bdb\u8338\u8338\u7684\u6b66\u7814|10\/100\n|-unboost|p1b: Flamigo|def|1\n|-unboost|p1b: Flamigo|spd|1\n|-enditem|p1b: Flamigo|White Herb\n|-clearnegativeboost|p1b: Flamigo|[silent]\n|move|p2a: \u6bdb\u8338\u8338\u7684\u6b66\u7814|Blizzard|p1a: Lucario|[spread] p1a,p1b\n|-resisted|p1a: Lucario\n|-supereffective|p1b: Flamigo\n|-damage|p1a: Lucario|76\/100\n|-damage|p1b: Flamigo|8\/100\n|\n|-weather|Snow|[upkeep]\n|upkeep\n|\n|t:|1696259808\n|switch|p2b: \u575a\u5982\u78d0\u77f3|Grimmsnarl, M|69\/100\n|turn|5\n|\n|t:|1696259824\n|move|p2b: \u575a\u5982\u78d0\u77f3|Fake Out|p1b: Flamigo\n|-damage|p1b: Flamigo|0 fnt\n|faint|p1b: Flamigo\n|move|p1a: Lucario|Brick Break|p2b: \u575a\u5982\u78d0\u77f3\n|-sideend|p2: liu641|Reflect\n|-sideend|p2: liu641|move: Aurora Veil\n|-damage|p2b: \u575a\u5982\u78d0\u77f3|0 fnt\n|faint|p2b: \u575a\u5982\u78d0\u77f3\n|move|p2a: \u6bdb\u8338\u8338\u7684\u6b66\u7814|Blizzard|p1a: Lucario\n|-resisted|p1a: Lucario\n|-damage|p1a: Lucario|44\/100\n|-status|p1a: Lucario|frz\n|\n|-weather|Snow|[upkeep]\n|upkeep\n|\n|t:|1696259846\n|switch|p1b: Tauros|Tauros-Paldea-Aqua, M, shiny|100\/100\n|switch|p2b: \ud83d\udc35\u747e\u7462|Glaceon, F|100\/100\n|-ability|p1b: Tauros|Intimidate|boost\n|-unboost|p2a: \u6bdb\u8338\u8338\u7684\u6b66\u7814|atk|1\n|-unboost|p2b: \ud83d\udc35\u747e\u7462|atk|1\n|turn|6\n|\n|t:|1696259866\n|move|p1b: Tauros|Aqua Jet|p2a: \u6bdb\u8338\u8338\u7684\u6b66\u7814\n|-damage|p2a: \u6bdb\u8338\u8338\u7684\u6b66\u7814|0 fnt\n|faint|p2a: \u6bdb\u8338\u8338\u7684\u6b66\u7814\n|-damage|p1b: Tauros|91\/100|[from] item: Life Orb\n|-curestatus|p1a: Lucario|frz|[msg]\n|move|p1a: Lucario|Drain Punch|p2b: \ud83d\udc35\u747e\u7462\n|-supereffective|p2b: \ud83d\udc35\u747e\u7462\n|-damage|p2b: \ud83d\udc35\u747e\u7462|27\/100\n|-heal|p1a: Lucario|87\/100|[from] drain|[of] p2b: \ud83d\udc35\u747e\u7462\n|move|p2b: \ud83d\udc35\u747e\u7462|Blizzard|p1a: Lucario|[spread] p1a,p1b\n|-resisted|p1a: Lucario\n|-resisted|p1b: Tauros\n|-damage|p1a: Lucario|32\/100\n|-damage|p1b: Tauros|35\/100\n|\n|-weather|Snow|[upkeep]\n|-heal|p2b: \ud83d\udc35\u747e\u7462|33\/100|[from] ability: Ice Body\n|upkeep\n|l|\u2606liu641\n|player|p2|\n|j|\u2606liu641\n|player|p2|liu641|cyrus\n|\n|t:|1696259959\n|switch|p2a: \u54c8\u5947\u5e93|Abomasnow, M|100\/100\n|turn|7\n|\n|t:|1696259988\n|detailschange|p2a: \u54c8\u5947\u5e93|Abomasnow-Mega, M\n|-mega|p2a: \u54c8\u5947\u5e93|Abomasnow|Abomasite\n|move|p1a: Lucario|Drain Punch|p2a: \u54c8\u5947\u5e93\n|-supereffective|p2a: \u54c8\u5947\u5e93\n|-damage|p2a: \u54c8\u5947\u5e93|35\/100\n|-heal|p1a: Lucario|77\/100|[from] drain|[of] p2a: \u54c8\u5947\u5e93\n|move|p1b: Tauros|Close Combat|p2b: \ud83d\udc35\u747e\u7462\n|-supereffective|p2b: \ud83d\udc35\u747e\u7462\n|-damage|p2b: \ud83d\udc35\u747e\u7462|0 fnt\n|-unboost|p1b: Tauros|def|1\n|-unboost|p1b: Tauros|spd|1\n|faint|p2b: \ud83d\udc35\u747e\u7462\n|-damage|p1b: Tauros|25\/100|[from] item: Life Orb\n|move|p2a: \u54c8\u5947\u5e93|Blizzard|p1a: Lucario|[spread] p1a,p1b\n|-resisted|p1a: Lucario\n|-resisted|p1b: Tauros\n|-damage|p1a: Lucario|48\/100\n|-damage|p1b: Tauros|0 fnt\n|faint|p1b: Tauros\n|\n|-weather|Snow|[upkeep]\n|upkeep\n|\n|t:|1696260010\n|switch|p1b: Kubfu|Kubfu, M|100\/100\n|switch|p2b: \u5e03\u5305\u88b1|Delibird, F|100\/100\n|turn|8\n|\n|t:|1696260029\n|move|p2b: \u5e03\u5305\u88b1|Fake Out|p1a: Lucario\n|-resisted|p1a: Lucario\n|-damage|p1a: Lucario|42\/100\n|cant|p1a: Lucario|flinch\n|move|p1b: Kubfu|Attract|p2b: \u5e03\u5305\u88b1\n|-start|p2b: \u5e03\u5305\u88b1|Attract\n|move|p2a: \u54c8\u5947\u5e93|Earthquake|p1a: Lucario|[spread] p1a,p1b\n|-immune|p2b: \u5e03\u5305\u88b1\n|-supereffective|p1a: Lucario\n|-crit|p1b: Kubfu\n|-damage|p1a: Lucario|0 fnt\n|-damage|p1b: Kubfu|57\/100\n|faint|p1a: Lucario\n|\n|-weather|none\n|upkeep\n|\n|t:|1696260044\n|switch|p1a: Lilligant|Lilligant-Hisui, F, shiny|100\/100\n|turn|9\n|l| Gocks\n|\n|t:|1696260088\n|move|p2a: \u54c8\u5947\u5e93|Ice Shard|p1a: Lilligant\n|-supereffective|p1a: Lilligant\n|-damage|p1a: Lilligant|34\/100\n|move|p1a: Lilligant|Brick Break|p2a: \u54c8\u5947\u5e93\n|-supereffective|p2a: \u54c8\u5947\u5e93\n|-damage|p2a: \u54c8\u5947\u5e93|0 fnt\n|faint|p2a: \u54c8\u5947\u5e93\n|-activate|p2b: \u5e03\u5305\u88b1|move: Attract|[of] p1b: Kubfu\n|cant|p2b: \u5e03\u5305\u88b1|Attract\n|move|p1b: Kubfu|Coaching|p1a: Lilligant\n|-boost|p1a: Lilligant|atk|1\n|-boost|p1a: Lilligant|def|1\n|\n|-heal|p1a: Lilligant|40\/100|[from] item: Leftovers\n|upkeep\n|turn|10\n|\n|t:|1696260115\n|move|p1b: Kubfu|Helping Hand|p1a: Lilligant\n|-singleturn|p1a: Lilligant|Helping Hand|[of] p1b: Kubfu\n|-activate|p2b: \u5e03\u5305\u88b1|move: Attract|[of] p1b: Kubfu\n|cant|p2b: \u5e03\u5305\u88b1|Attract\n|move|p1a: Lilligant|Return|p2b: \u5e03\u5305\u88b1|[miss]\n|-miss|p1a: Lilligant|p2b: \u5e03\u5305\u88b1\n|\n|-heal|p1a: Lilligant|46\/100|[from] item: Leftovers\n|upkeep\n|turn|11\n|j| Gocks\n|\n|t:|1696260137\n|move|p1b: Kubfu|Helping Hand|p1a: Lilligant\n|-singleturn|p1a: Lilligant|Helping Hand|[of] p1b: Kubfu\n|-activate|p2b: \u5e03\u5305\u88b1|move: Attract|[of] p1b: Kubfu\n|cant|p2b: \u5e03\u5305\u88b1|Attract\n|move|p1a: Lilligant|Return|p2b: \u5e03\u5305\u88b1\n|-damage|p2b: \u5e03\u5305\u88b1|0 fnt\n|faint|p2b: \u5e03\u5305\u88b1\n|\n|win|XiuKaiMeiLiZhi\n|l|\u2606liu641\n","uploadtime":1696260151,"views":13,"p1id":"xiukaimeilizhi","p2id":"liu641","formatid":"gen9nationaldexdoubles","rating":0,"private":0,"password":""}