{"id":"gen9nationaldexdoubles-1989126729","p1":"The_Fl000rd","p2":"U LOSE KEEP QUIET","format":"[Gen 9] National Dex Doubles","log":"|j|\u2606The_Fl000rd\n|j|\u2606U LOSE KEEP QUIET\n|t:|1699815090\n|gametype|doubles\n|player|p1|The_Fl000rd|colress|1000\n|player|p2|U LOSE KEEP QUIET|blackbelt-gen4dp|1000\n|teamsize|p1|6\n|teamsize|p2|6\n|gen|9\n|tier|[Gen 9] National Dex Doubles\n|rated|\n|rule|HP Percentage Mod: HP is shown in percentages\n|rule|Endless Battle Clause: Forcing endless battles is banned\n|rule|OHKO Clause: OHKO moves are banned\n|rule|Evasion Moves Clause: Evasion moves are banned\n|rule|Evasion Abilities Clause: Evasion abilities are banned\n|rule|Species Clause: Limit one of each Pok\u00e9mon\n|rule|Gravity Sleep Clause: The combination of sleep-inducing moves with imperfect accuracy and Gravity or Gigantamax Orbeetle are banned\n|clearpoke\n|poke|p1|Espeon, M|\n|poke|p1|Sylveon, M|\n|poke|p1|Arcanine, M|\n|poke|p1|Maushold-Four|\n|poke|p1|Enamorus, F|\n|poke|p1|Mew|\n|poke|p2|Indeedee-F, F|\n|poke|p2|Oranguru, M|\n|poke|p2|Glastrier|\n|poke|p2|Hoopa-Unbound|\n|poke|p2|Ursaluna, M|\n|poke|p2|Zygarde|\n|teampreview\n|\n|t:|1699815132\n|start\n|switch|p1a: she happy|Espeon, M|100\/100\n|switch|p1b: she also happy|Sylveon, M, shiny|100\/100\n|switch|p2a: Hoopa|Hoopa-Unbound|100\/100\n|switch|p2b: Zygarde|Zygarde|100\/100\n|-ability|p2b: Zygarde|Aura Break\n|turn|1\n|\n|t:|1699815148\n|-zpower|p1a: she happy\n|move|p1a: she happy|Z-Celebrate|p1a: she happy|[anim]Celebrate\n|-boost|p1a: she happy|atk|1|[zeffect]\n|-boost|p1a: she happy|def|1|[zeffect]\n|-boost|p1a: she happy|spa|1|[zeffect]\n|-boost|p1a: she happy|spd|1|[zeffect]\n|-boost|p1a: she happy|spe|1|[zeffect]\n|-activate|p1a: she happy|move: Celebrate\n|move|p1b: she also happy|Psych Up|p1a: she happy\n|-copyboost|p1b: she also happy|p1a: she happy|[from] move: Psych Up\n|move|p2b: Zygarde|Coil|p2b: Zygarde\n|-boost|p2b: Zygarde|atk|1\n|-boost|p2b: Zygarde|def|1\n|-boost|p2b: Zygarde|accuracy|1\n|move|p2a: Hoopa|Trick Room|p2a: Hoopa\n|-fieldstart|move: Trick Room|[of] p2a: Hoopa\n|-enditem|p2b: Zygarde|Room Service\n|-unboost|p2b: Zygarde|spe|1|[from] item: Room Service\n|-enditem|p2a: Hoopa|Room Service\n|-unboost|p2a: Hoopa|spe|1|[from] item: Room Service\n|\n|upkeep\n|turn|2\n|\n|t:|1699815177\n|-terastallize|p2b: Zygarde|Steel\n|move|p1b: she also happy|Protect|p1b: she also happy\n|-singleturn|p1b: she also happy|Protect\n|move|p1a: she happy|Protect|p1a: she happy\n|-singleturn|p1a: she happy|Protect\n|move|p2a: Hoopa|Dark Pulse|p1a: she happy\n|-activate|p1a: she happy|move: Protect\n|move|p2b: Zygarde|Coil|p2b: Zygarde\n|-boost|p2b: Zygarde|atk|1\n|-boost|p2b: Zygarde|def|1\n|-boost|p2b: Zygarde|accuracy|1\n|\n|upkeep\n|turn|3\n|\n|t:|1699815196\n|move|p2a: Hoopa|Dark Pulse|p1a: she happy\n|-supereffective|p1a: she happy\n|-damage|p1a: she happy|0 fnt\n|faint|p1a: she happy\n|move|p2b: Zygarde|Thousand Arrows|p1b: she also happy\n|-damage|p1b: she also happy|36\/100\n|move|p1b: she also happy|Hyper Voice|p2b: Zygarde|[spread] p2a,p2b\n|-supereffective|p2a: Hoopa\n|-resisted|p2b: Zygarde\n|-damage|p2a: Hoopa|0 fnt\n|-damage|p2b: Zygarde|78\/100\n|faint|p2a: Hoopa\n|-damage|p1b: she also happy|26\/100|[from] item: Life Orb\n|\n|upkeep\n|\n|t:|1699815225\n|switch|p2a: Ursaluna|Ursaluna, M|100\/100\n|switch|p1a: Mew|Mew|100\/100\n|turn|4\n|\n|t:|1699815234\n|move|p2a: Ursaluna|Facade|p1a: Mew\n|-damage|p1a: Mew|64\/100\n|move|p2b: Zygarde|Thousand Arrows|p1a: Mew|[spread] p1a,p1b\n|-crit|p1b: she also happy\n|-damage|p1a: Mew|26\/100\n|-damage|p1b: she also happy|0 fnt\n|faint|p1b: she also happy\n|move|p1a: Mew|Psych Up|p1: she also happy|[notarget]\n|-fail|p1a: Mew\n|\n|-heal|p1a: Mew|32\/100|[from] item: Leftovers\n|-status|p2a: Ursaluna|brn|[from] item: Flame Orb\n|upkeep\n|\n|t:|1699815248\n|switch|p1b: emotional|Enamorus, F|100\/100\n|turn|5\n|-message|The_Fl000rd forfeited.\n|\n|win|U LOSE KEEP QUIET\n|raw|The_Fl000rd's rating: 1040 &rarr; <strong>1022<\/strong><br \/>(-18 for losing)\n|raw|U LOSE KEEP QUIET's rating: 1000 &rarr; <strong>1045<\/strong><br \/>(+45 for winning)\n|l|\u2606The_Fl000rd\n|l|\u2606U LOSE KEEP QUIET\n|j|\u2606U LOSE KEEP QUIET\n|player|p2|U LOSE KEEP QUIET|blackbelt-gen4dp\n|j| Commentator voice\n|c| Commentator voice|OUCH HAhahahah\n|c| Commentator voice|HUMILIATED\n","uploadtime":1699815307,"views":12,"p1id":"thefl000rd","p2id":"ulosekeepquiet","formatid":"gen9nationaldexdoubles","rating":1022,"private":0,"password":""}