{"id":"gen9nationaldexdoubles-1955794867","p1":"AutumnCookie","p2":"cassinidivision","format":"[Gen 9] National Dex Doubles","log":"|j|\u2606AutumnCookie\n|j|\u2606cassinidivision\n|t:|1696028827\n|gametype|doubles\n|player|p1|AutumnCookie|red|\n|player|p2|cassinidivision|giacomo|\n|teamsize|p1|6\n|teamsize|p2|6\n|gen|9\n|tier|[Gen 9] National Dex Doubles\n|rule|HP Percentage Mod: HP is shown in percentages\n|rule|Endless Battle Clause: Forcing endless battles is banned\n|rule|OHKO Clause: OHKO moves are banned\n|rule|Evasion Moves Clause: Evasion moves are banned\n|rule|Evasion Abilities Clause: Evasion abilities are banned\n|rule|Species Clause: Limit one of each Pok\u00e9mon\n|rule|Gravity Sleep Clause: The combination of sleep-inducing moves with imperfect accuracy and Gravity or Gigantamax Orbeetle are banned\n|clearpoke\n|poke|p1|Pikachu, M|\n|poke|p1|Charizard, M|\n|poke|p1|Venusaur, F|\n|poke|p1|Blastoise, M|\n|poke|p1|Lapras, F|\n|poke|p1|Snorlax, M|\n|poke|p2|Kingambit, M|\n|poke|p2|Honchkrow, M|\n|poke|p2|Weavile, M|\n|poke|p2|Krookodile, F|\n|poke|p2|Muk-Alola, F|\n|poke|p2|Umbreon, F|\n|teampreview\n|c|\u2606cassinidivision|heyyy\n|l|\u2606AutumnCookie\n|player|p1|\n|j|\u2606AutumnCookie\n|player|p1|AutumnCookie|red\n|c|\u2606cassinidivision|noooo ur avatar\n|\n|t:|1696028911\n|start\n|switch|p1a: Lapras|Lapras, F|100\/100\n|switch|p1b: Snorlax|Snorlax, M|100\/100\n|switch|p2a: MOONWITCH|Umbreon, F, shiny|100\/100\n|switch|p2b: SLASHER|Weavile, M|100\/100\n|turn|1\n|\n|t:|1696028952\n|move|p2b: SLASHER|Fake Out|p1a: Lapras\n|-damage|p1a: Lapras|89\/100\n|move|p2a: MOONWITCH|Toxic|p1a: Lapras\n|-status|p1a: Lapras|tox\n|cant|p1a: Lapras|flinch\n|move|p1b: Snorlax|Double-Edge|p2b: SLASHER\n|-damage|p2b: SLASHER|0 fnt\n|faint|p2b: SLASHER\n|-damage|p1b: Snorlax|83\/100|[from] Recoil\n|-damage|p1b: Snorlax|73\/100|[from] item: Life Orb\n|\n|-damage|p1a: Lapras|83\/100 tox|[from] psn\n|upkeep\n|c|\u2606AutumnCookie|NOT TAKING ANY CHANCES WITH THAT LAPRAS LMAO\n|c|\u2606cassinidivision|NOPE\n|\n|t:|1696028987\n|switch|p2b: SAUCE|Muk-Alola, F|100\/100\n|turn|2\n|c|\u2606cassinidivision|CAN U BLAME ME.\n|\n|t:|1696029011\n|switch|p1a: Charizard|Charizard, M|100\/100\n|move|p2a: MOONWITCH|Curse|p2a: MOONWITCH\n|-unboost|p2a: MOONWITCH|spe|1\n|-boost|p2a: MOONWITCH|atk|1\n|-boost|p2a: MOONWITCH|def|1\n|move|p2b: SAUCE|Substitute|p2b: SAUCE\n|-start|p2b: SAUCE|Substitute\n|-damage|p2b: SAUCE|76\/100\n|move|p1b: Snorlax|Earthquake|p2a: MOONWITCH|[spread] p2a,p2b\n|-immune|p1a: Charizard\n|-supereffective|p2b: SAUCE\n|-end|p2b: SAUCE|Substitute\n|-damage|p2a: MOONWITCH|84\/100\n|-damage|p1b: Snorlax|63\/100|[from] item: Life Orb\n|\n|-heal|p2b: SAUCE|82\/100|[from] item: Leftovers\n|-heal|p2a: MOONWITCH|90\/100|[from] item: Leftovers\n|upkeep\n|turn|3\n|\n|t:|1696029050\n|switch|p2b: BIG BIRD|Honchkrow, M|100\/100\n|move|p1a: Charizard|Dragon Dance|p1a: Charizard\n|-boost|p1a: Charizard|atk|1\n|-boost|p1a: Charizard|spe|1\n|move|p2a: MOONWITCH|Toxic|p1b: Snorlax\n|-status|p1b: Snorlax|tox\n|move|p1b: Snorlax|Earthquake|p2a: MOONWITCH|[spread] p2a\n|-immune|p1a: Charizard\n|-immune|p2b: BIG BIRD\n|-damage|p2a: MOONWITCH|73\/100\n|-damage|p1b: Snorlax|53\/100 tox|[from] item: Life Orb\n|\n|-heal|p2a: MOONWITCH|79\/100|[from] item: Leftovers\n|-damage|p1b: Snorlax|47\/100 tox|[from] psn\n|upkeep\n|turn|4\n|c|\u2606AutumnCookie|SHOULD'VE PREDICTED THAT\n|c|\u2606cassinidivision|teeheeeee\n|\n|t:|1696029090\n|switch|p1b: Lapras|Lapras, F|83\/100 tox\n|move|p1a: Charizard|Dragon Dance|p1a: Charizard\n|-boost|p1a: Charizard|atk|1\n|-boost|p1a: Charizard|spe|1\n|move|p2b: BIG BIRD|Dark Pulse|p1b: Lapras\n|-damage|p1b: Lapras|66\/100 tox\n|move|p2a: MOONWITCH|Toxic|p1a: Charizard\n|-status|p1a: Charizard|tox\n|\n|-heal|p2a: MOONWITCH|85\/100|[from] item: Leftovers\n|-damage|p1a: Charizard|94\/100 tox|[from] psn\n|-damage|p1b: Lapras|60\/100 tox|[from] psn\n|upkeep\n|turn|5\n|\n|t:|1696029126\n|detailschange|p1a: Charizard|Charizard-Mega-X, M\n|-mega|p1a: Charizard|Charizard|Charizardite X\n|move|p2b: BIG BIRD|Sucker Punch|p1b: Lapras\n|-crit|p1b: Lapras\n|-damage|p1b: Lapras|14\/100 tox\n|move|p1a: Charizard|Dragon Claw|p2a: MOONWITCH\n|-damage|p2a: MOONWITCH|20\/100\n|move|p1b: Lapras|Ice Beam|p2b: BIG BIRD\n|-supereffective|p2b: BIG BIRD\n|-damage|p2b: BIG BIRD|0 fnt\n|faint|p2b: BIG BIRD\n|move|p2a: MOONWITCH|Crunch|p1a: Charizard\n|-damage|p1a: Charizard|63\/100 tox\n|\n|-heal|p2a: MOONWITCH|26\/100|[from] item: Leftovers\n|-damage|p1a: Charizard|51\/100 tox|[from] psn\n|-damage|p1b: Lapras|2\/100 tox|[from] psn\n|upkeep\n|c|\u2606cassinidivision|giacomos team is just so\n|c|\u2606cassinidivision|me\n|c|\u2606cassinidivision|yknow\n|\n|t:|1696029145\n|switch|p2b: BOZZMAN|Kingambit, M|100\/100\n|-activate|p2b: BOZZMAN|ability: Supreme Overlord\n|-start|p2b: BOZZMAN|fallen2|[silent]\n|turn|6\n|c|\u2606AutumnCookie|TOXIC HURTS A LOT .\n|\n|t:|1696029173\n|move|p2b: BOZZMAN|Sucker Punch|p1a: Charizard\n|-damage|p1a: Charizard|0 fnt\n|faint|p1a: Charizard\n|move|p1b: Lapras|Ice Beam|p2a: MOONWITCH\n|-damage|p2a: MOONWITCH|7\/100\n|move|p2a: MOONWITCH|Moonlight|p2a: MOONWITCH\n|-heal|p2a: MOONWITCH|57\/100\n|\n|-heal|p2a: MOONWITCH|63\/100|[from] item: Leftovers\n|-damage|p1b: Lapras|0 fnt|[from] psn\n|faint|p1b: Lapras\n|upkeep\n|c|\u2606AutumnCookie|GOD.\n|c|\u2606AutumnCookie|I DON'T KNOW WHAT TO DO NOW .\n|c|\u2606cassinidivision|did i mention he has a troll umbreon\n|\n|t:|1696029211\n|switch|p1a: Blastoise|Blastoise, M|100\/100\n|switch|p1b: Snorlax|Snorlax, M|47\/100 tox\n|turn|7\n|c|\u2606cassinidivision|dark type lover. this was made for me\n|\n|t:|1696029240\n|move|p1a: Blastoise|Fake Out|p2b: BOZZMAN\n|-resisted|p2b: BOZZMAN\n|-damage|p2b: BOZZMAN|97\/100\n|cant|p2b: BOZZMAN|flinch\n|move|p2a: MOONWITCH|Toxic|p1a: Blastoise\n|-status|p1a: Blastoise|tox\n|move|p1b: Snorlax|Earthquake|p2b: BOZZMAN|[spread] p1a,p2a,p2b\n|-supereffective|p2b: BOZZMAN\n|-damage|p1a: Blastoise|72\/100 tox\n|-damage|p2a: MOONWITCH|45\/100\n|-damage|p2b: BOZZMAN|46\/100\n|-damage|p1b: Snorlax|37\/100 tox|[from] item: Life Orb\n|\n|-heal|p1a: Blastoise|78\/100 tox|[from] item: Leftovers\n|-heal|p2a: MOONWITCH|51\/100|[from] item: Leftovers\n|-damage|p1a: Blastoise|72\/100 tox|[from] psn\n|-damage|p1b: Snorlax|31\/100 tox|[from] psn\n|upkeep\n|turn|8\n|\n|t:|1696029270\n|move|p1b: Snorlax|Protect|p1b: Snorlax\n|-singleturn|p1b: Snorlax|Protect\n|move|p2b: BOZZMAN|Sucker Punch||[still]\n|-fail|p2b: BOZZMAN\n|move|p1a: Blastoise|Earthquake|p2b: BOZZMAN|[spread] p2a,p2b\n|-activate|p1b: Snorlax|move: Protect\n|-supereffective|p2b: BOZZMAN\n|-damage|p2a: MOONWITCH|40\/100\n|-damage|p2b: BOZZMAN|18\/100\n|move|p2a: MOONWITCH|Moonlight|p2a: MOONWITCH\n|-heal|p2a: MOONWITCH|90\/100\n|\n|-heal|p1a: Blastoise|78\/100 tox|[from] item: Leftovers\n|-heal|p2a: MOONWITCH|96\/100|[from] item: Leftovers\n|-damage|p1a: Blastoise|66\/100 tox|[from] psn\n|-damage|p1b: Snorlax|19\/100 tox|[from] psn\n|upkeep\n|turn|9\n|c|\u2606AutumnCookie|Maybe I can still win <- delusional\n|\n|t:|1696029298\n|move|p2b: BOZZMAN|Sucker Punch|p1b: Snorlax\n|-damage|p1b: Snorlax|0 fnt\n|faint|p1b: Snorlax\n|move|p1a: Blastoise|Earthquake|p2a: MOONWITCH|[spread] p2a,p2b\n|-supereffective|p2b: BOZZMAN\n|-damage|p2a: MOONWITCH|85\/100\n|-damage|p2b: BOZZMAN|0 fnt\n|faint|p2b: BOZZMAN\n|-end|p2b: BOZZMAN|fallen2|[silent]\n|move|p2a: MOONWITCH|Crunch|p1a: Blastoise\n|-damage|p1a: Blastoise|40\/100 tox\n|\n|-heal|p1a: Blastoise|46\/100 tox|[from] item: Leftovers\n|-heal|p2a: MOONWITCH|91\/100|[from] item: Leftovers\n|-damage|p1a: Blastoise|28\/100 tox|[from] psn\n|upkeep\n|l|\u2606AutumnCookie\n|player|p1|\n|j|\u2606AutumnCookie\n|player|p1|AutumnCookie|red\n|\n|t:|1696029343\n|switch|p2b: PASTRAMI|Krookodile, F|100\/100\n|switch|p1b: Venusaur|Venusaur, F|100\/100\n|turn|10\n|l|\u2606AutumnCookie\n|player|p1|\n|j|\u2606AutumnCookie\n|player|p1|AutumnCookie|red\n|c|\u2606cassinidivision|oh my god ur dawn now\n|\n|t:|1696029406\n|switch|p1a: Pikachu|Pikachu, M|100\/100\n|move|p2b: PASTRAMI|Darkest Lariat|p1a: Pikachu\n|-damage|p1a: Pikachu|0 fnt\n|-status|p2b: PASTRAMI|par|[from] ability: Static|[of] p1a: Pikachu\n|faint|p1a: Pikachu\n|-ability|p2b: PASTRAMI|Moxie|boost\n|-boost|p2b: PASTRAMI|atk|1\n|-damage|p2b: PASTRAMI|91\/100 par|[from] item: Life Orb\n|move|p1b: Venusaur|Energy Ball|p2b: PASTRAMI\n|-supereffective|p2b: PASTRAMI\n|-damage|p2b: PASTRAMI|0 fnt\n|faint|p2b: PASTRAMI\n|move|p2a: MOONWITCH|Crunch|p1b: Venusaur\n|-damage|p1b: Venusaur|61\/100\n|\n|-heal|p2a: MOONWITCH|97\/100|[from] item: Leftovers\n|upkeep\n|c|\u2606cassinidivision|OOOOOH YOU\n|c|\u2606AutumnCookie|STATIC CLUTCH\n|c|\u2606cassinidivision|YOUUUUU\n|\n|t:|1696029429\n|switch|p2b: SAUCE|Muk-Alola, F|82\/100\n|switch|p1a: Blastoise|Blastoise, M|28\/100 tox\n|turn|11\n|\n|t:|1696029465\n|move|p1b: Venusaur|Protect|p1b: Venusaur\n|-singleturn|p1b: Venusaur|Protect\n|move|p1a: Blastoise|Earthquake|p2a: MOONWITCH|[spread] p2a,p2b\n|-activate|p1b: Venusaur|move: Protect\n|-supereffective|p2b: SAUCE\n|-damage|p2a: MOONWITCH|86\/100\n|-damage|p2b: SAUCE|36\/100\n|move|p2b: SAUCE|Gunk Shot|p1a: Blastoise\n|-damage|p1a: Blastoise|0 fnt\n|faint|p1a: Blastoise\n|move|p2a: MOONWITCH|Crunch|p1b: Venusaur\n|-activate|p1b: Venusaur|move: Protect\n|\n|-heal|p2b: SAUCE|42\/100|[from] item: Leftovers\n|-heal|p2a: MOONWITCH|92\/100|[from] item: Leftovers\n|upkeep\n|turn|12\n|l|\u2606AutumnCookie\n|player|p1|\n|j|\u2606AutumnCookie\n|player|p1|AutumnCookie|red\n|n|\u2606AutumnCookie|autumncookie\n|\n|t:|1696029525\n|move|p1b: Venusaur|Energy Ball|p2b: SAUCE\n|-resisted|p2b: SAUCE\n|-damage|p2b: SAUCE|30\/100\n|move|p2b: SAUCE|Gunk Shot|p1b: Venusaur|[miss]\n|-miss|p2b: SAUCE|p1b: Venusaur\n|move|p2a: MOONWITCH|Crunch|p1b: Venusaur\n|-damage|p1b: Venusaur|25\/100\n|-enditem|p1b: Venusaur|Salac Berry|[eat]\n|-boost|p1b: Venusaur|spe|1|[from] item: Salac Berry\n|\n|-heal|p2b: SAUCE|36\/100|[from] item: Leftovers\n|-heal|p2a: MOONWITCH|98\/100|[from] item: Leftovers\n|upkeep\n|turn|13\n|c|\u2606AutumnCookie|CAN'T WIN\n|\n|t:|1696029566\n|move|p1b: Venusaur|Sludge Bomb|p2a: MOONWITCH\n|-damage|p2a: MOONWITCH|78\/100\n|move|p2b: SAUCE|Gunk Shot|p1b: Venusaur\n|-damage|p1b: Venusaur|0 fnt\n|faint|p1b: Venusaur\n|\n|win|cassinidivision\n|c|\u2606cassinidivision|my god.\n|c|\u2606AutumnCookie|THIS ONE WAS SO FUN THOUGH\n|c|\u2606AutumnCookie|THAT WAS CLOSE\n|c|\u2606AutumnCookie|THAT WAS GOOD\n|c|\u2606cassinidivision|it was SO good\n|l|\u2606AutumnCookie\n|j|\u2606AutumnCookie\n|player|p1|AutumnCookie|red\n","uploadtime":1696029604,"views":9,"p1id":"autumncookie","p2id":"cassinidivision","formatid":"gen9nationaldexdoubles","rating":0,"private":0,"password":""}