{"id":"gen9nationaldexdoubles-1956616268","p1":"GoDDanteX","p2":"Wyrmguy","format":"[Gen 9] National Dex Doubles","log":"|j|\u2606GoDDanteX\n|j|\u2606Wyrmguy\n|t:|1696126987\n|gametype|doubles\n|player|p1|GoDDanteX|red-masters|\n|player|p2|Wyrmguy|1|\n|teamsize|p1|6\n|teamsize|p2|6\n|gen|9\n|tier|[Gen 9] National Dex Doubles\n|rule|HP Percentage Mod: HP is shown in percentages\n|rule|Endless Battle Clause: Forcing endless battles is banned\n|rule|OHKO Clause: OHKO moves are banned\n|rule|Evasion Moves Clause: Evasion moves are banned\n|rule|Evasion Abilities Clause: Evasion abilities are banned\n|rule|Species Clause: Limit one of each Pok\u00e9mon\n|rule|Gravity Sleep Clause: The combination of sleep-inducing moves with imperfect accuracy and Gravity or Gigantamax Orbeetle are banned\n|clearpoke\n|poke|p1|Charizard, M|\n|poke|p1|Brute Bonnet|\n|poke|p1|Gliscor, F|\n|poke|p1|Grimmsnarl, M|\n|poke|p1|Glimmora, F|\n|poke|p1|Scizor, M|\n|poke|p2|Lilligant-Hisui, F|\n|poke|p2|Torkoal, F|\n|poke|p2|Scream Tail|\n|poke|p2|Swampert, F|\n|poke|p2|Celesteela|\n|poke|p2|Tapu Fini|\n|teampreview\n|j| StoryTayler\n|j| MosheahVOWS\n|\n|t:|1696127028\n|start\n|switch|p1a: Glimmora|Glimmora, F|100\/100\n|switch|p1b: Grimmsnarl|Grimmsnarl, M|100\/100\n|switch|p2a: Tapu Fini|Tapu Fini|100\/100\n|switch|p2b: Celesteela|Celesteela|100\/100\n|-fieldstart|move: Misty Terrain|[from] ability: Misty Surge|[of] p2a: Tapu Fini\n|turn|1\n|\n|t:|1696127065\n|move|p1b: Grimmsnarl|Parting Shot|p2b: Celesteela\n|-unboost|p2b: Celesteela|atk|1\n|-unboost|p2b: Celesteela|spa|1\n|\n|t:|1696127073\n|switch|p1b: Scizor|Scizor, M|100\/100|[from] Parting Shot\n|move|p1a: Glimmora|Stealth Rock|p2a: Tapu Fini\n|-sidestart|p2: Wyrmguy|move: Stealth Rock\n|move|p2a: Tapu Fini|Scald|p1a: Glimmora\n|-supereffective|p1a: Glimmora\n|-damage|p1a: Glimmora|35\/100\n|move|p2b: Celesteela|Autotomize|p2b: Celesteela\n|-boost|p2b: Celesteela|spe|2\n|-start|p2b: Celesteela|Autotomize\n|\n|upkeep\n|turn|2\n|\n|t:|1696127110\n|move|p2b: Celesteela|Meteor Beam||[still]\n|-prepare|p2b: Celesteela|Meteor Beam\n|-boost|p2b: Celesteela|spa|1\n|-enditem|p2b: Celesteela|Power Herb\n|-anim|p2b: Celesteela|Meteor Beam|p1a: Glimmora\n|-damage|p1a: Glimmora|0 fnt\n|faint|p1a: Glimmora\n|-ability|p2b: Celesteela|Beast Boost|boost\n|-boost|p2b: Celesteela|spa|1\n|move|p2a: Tapu Fini|Scald|p1b: Scizor\n|-damage|p1b: Scizor|71\/100\n|move|p1b: Scizor|Swords Dance|p1b: Scizor\n|-boost|p1b: Scizor|atk|2\n|\n|upkeep\n|\n|t:|1696127137\n|switch|p1a: Grimmsnarl|Grimmsnarl, M|100\/100\n|turn|3\n|\n|t:|1696127156\n|switch|p2a: Torkoal|Torkoal, F|100\/100\n|-damage|p2a: Torkoal|76\/100|[from] Stealth Rock\n|-weather|SunnyDay|[from] ability: Drought|[of] p2a: Torkoal\n|move|p1a: Grimmsnarl|Fake Out|p2b: Celesteela\n|-resisted|p2b: Celesteela\n|-damage|p2b: Celesteela|93\/100\n|move|p1b: Scizor|Bullet Punch|p2a: Torkoal\n|-resisted|p2a: Torkoal\n|-damage|p2a: Torkoal|56\/100\n|cant|p2b: Celesteela|flinch\n|\n|-weather|SunnyDay|[upkeep]\n|upkeep\n|turn|4\n|\n|t:|1696127176\n|move|p1a: Grimmsnarl|Parting Shot|p2b: Celesteela\n|-unboost|p2b: Celesteela|atk|1\n|-unboost|p2b: Celesteela|spa|1\n|\n|t:|1696127180\n|switch|p1a: Charizard|Charizard, M, shiny|100\/100|[from] Parting Shot\n|move|p2b: Celesteela|Flamethrower|p1b: Scizor\n|-supereffective|p1b: Scizor\n|-damage|p1b: Scizor|0 fnt\n|faint|p1b: Scizor\n|-ability|p2b: Celesteela|Beast Boost|boost\n|-boost|p2b: Celesteela|spa|1\n|move|p2a: Torkoal|Eruption|p1a: Charizard\n|-resisted|p1a: Charizard\n|-damage|p1a: Charizard|75\/100\n|\n|-weather|SunnyDay|[upkeep]\n|-damage|p1a: Charizard|62\/100|[from] ability: Solar Power|[of] p1a: Charizard\n|upkeep\n|\n|t:|1696127191\n|switch|p1b: Brute Bonnet|Brute Bonnet|100\/100\n|-activate|p1b: Brute Bonnet|ability: Protosynthesis\n|-start|p1b: Brute Bonnet|protosynthesisatk\n|turn|5\n|\n|t:|1696127203\n|detailschange|p1a: Charizard|Charizard-Mega-Y, M, shiny\n|-mega|p1a: Charizard|Charizard|Charizardite Y\n|-terastallize|p2b: Celesteela|Fire\n|move|p1b: Brute Bonnet|Sucker Punch||[still]\n|-fail|p1b: Brute Bonnet\n|move|p2b: Celesteela|Air Slash|p1b: Brute Bonnet\n|-supereffective|p1b: Brute Bonnet\n|-damage|p1b: Brute Bonnet|6\/100\n|move|p1a: Charizard|Flamethrower|p2b: Celesteela\n|-resisted|p2b: Celesteela\n|-damage|p2b: Celesteela|52\/100\n|move|p2a: Torkoal|Yawn|p1a: Charizard\n|-start|p1a: Charizard|move: Yawn|[of] p2a: Torkoal\n|\n|-weather|SunnyDay|[upkeep]\n|-fieldend|Misty Terrain\n|upkeep\n|turn|6\n|\n|t:|1696127249\n|move|p1b: Brute Bonnet|Sucker Punch|p2b: Celesteela\n|-damage|p2b: Celesteela|1\/100\n|move|p2b: Celesteela|Flamethrower|p1b: Brute Bonnet\n|-supereffective|p1b: Brute Bonnet\n|-damage|p1b: Brute Bonnet|0 fnt\n|faint|p1b: Brute Bonnet\n|-end|p1b: Brute Bonnet|Protosynthesis|[silent]\n|-ability|p2b: Celesteela|Beast Boost|boost\n|-boost|p2b: Celesteela|spa|1\n|move|p1a: Charizard|Ancient Power|p2a: Torkoal\n|-supereffective|p2a: Torkoal\n|-damage|p2a: Torkoal|0 fnt\n|faint|p2a: Torkoal\n|\n|-weather|SunnyDay|[upkeep]\n|-end|p1a: Charizard|move: Yawn|[silent]\n|-status|p1a: Charizard|slp\n|upkeep\n|\n|t:|1696127271\n|switch|p1b: Grimmsnarl|Grimmsnarl, M|100\/100\n|switch|p2a: Lilligant|Lilligant-Hisui, F, shiny|100\/100\n|-damage|p2a: Lilligant|94\/100|[from] Stealth Rock\n|turn|7\n|\n|t:|1696127284\n|move|p1b: Grimmsnarl|Sucker Punch|p2b: Celesteela\n|-damage|p2b: Celesteela|0 fnt\n|faint|p2b: Celesteela\n|move|p2a: Lilligant|Victory Dance|p2a: Lilligant\n|-boost|p2a: Lilligant|atk|1\n|-boost|p2a: Lilligant|def|1\n|-boost|p2a: Lilligant|spe|1\n|cant|p1a: Charizard|slp\n|\n|-weather|SunnyDay|[upkeep]\n|upkeep\n|\n|t:|1696127295\n|switch|p2b: Scream Tail|Scream Tail|100\/100\n|-damage|p2b: Scream Tail|88\/100|[from] Stealth Rock\n|-activate|p2b: Scream Tail|ability: Protosynthesis\n|-start|p2b: Scream Tail|protosynthesisspe\n|turn|8\n|\n|t:|1696127319\n|move|p1b: Grimmsnarl|Parting Shot|p2a: Lilligant\n|-unboost|p2a: Lilligant|atk|1\n|-unboost|p2a: Lilligant|spa|1\n|\n|t:|1696127322\n|switch|p1b: Gliscor|Gliscor, F|100\/100|[from] Parting Shot\n|move|p2a: Lilligant|Solar Blade||[still]\n|-prepare|p2a: Lilligant|Solar Blade\n|-anim|p2a: Lilligant|Solar Blade|p1b: Gliscor\n|-damage|p1b: Gliscor|19\/100\n|-damage|p2a: Lilligant|84\/100|[from] item: Life Orb\n|move|p2b: Scream Tail|Light Screen|p2b: Scream Tail\n|-sidestart|p2: Wyrmguy|move: Light Screen\n|-curestatus|p1a: Charizard|slp|[msg]\n|move|p1a: Charizard|Flamethrower|p2a: Lilligant\n|-supereffective|p2a: Lilligant\n|-damage|p2a: Lilligant|0 fnt\n|faint|p2a: Lilligant\n|\n|-weather|SunnyDay|[upkeep]\n|-status|p1b: Gliscor|tox|[from] item: Toxic Orb\n|upkeep\n|\n|t:|1696127339\n|switch|p2a: Tapu Fini|Tapu Fini|100\/100\n|-damage|p2a: Tapu Fini|88\/100|[from] Stealth Rock\n|-fieldstart|move: Misty Terrain|[from] ability: Misty Surge|[of] p2a: Tapu Fini\n|turn|9\n|\n|t:|1696127384\n|move|p2b: Scream Tail|Thunder Wave|p1a: Charizard\n|-status|p1a: Charizard|par\n|move|p1b: Gliscor|Earthquake|p2b: Scream Tail|[spread] p2a,p2b\n|-immune|p1a: Charizard\n|-damage|p2a: Tapu Fini|68\/100\n|-damage|p2b: Scream Tail|61\/100\n|move|p2a: Tapu Fini|Knock Off|p1b: Gliscor\n|-damage|p1b: Gliscor|2\/100 tox\n|-enditem|p1b: Gliscor|Toxic Orb|[from] move: Knock Off|[of] p2a: Tapu Fini\n|cant|p1a: Charizard|par\n|\n|-weather|SunnyDay|[upkeep]\n|-heal|p2a: Tapu Fini|74\/100|[from] item: Leftovers\n|-heal|p1b: Gliscor|14\/100 tox|[from] ability: Poison Heal\n|upkeep\n|turn|10\n|\n|t:|1696127413\n|-end|p2b: Scream Tail|Protosynthesis|[silent]\n|switch|p2b: Swampert|Swampert, F|100\/100\n|-damage|p2b: Swampert|94\/100|[from] Stealth Rock\n|move|p1b: Gliscor|Protect|p1b: Gliscor\n|-singleturn|p1b: Gliscor|Protect\n|move|p2a: Tapu Fini|Scald|p1b: Gliscor\n|-activate|p1b: Gliscor|move: Protect\n|move|p1a: Charizard|Flamethrower|p2b: Swampert\n|-resisted|p2b: Swampert\n|-damage|p2b: Swampert|77\/100\n|\n|-weather|none\n|-heal|p2a: Tapu Fini|80\/100|[from] item: Leftovers\n|-heal|p1b: Gliscor|27\/100 tox|[from] ability: Poison Heal\n|upkeep\n|turn|11\n|\n|t:|1696127442\n|move|p1b: Gliscor|Dual Wingbeat|p2b: Swampert\n|-crit|p2b: Swampert\n|-damage|p2b: Swampert|56\/100\n|-damage|p2b: Swampert|39\/100\n|-hitcount|p2b: Swampert|2\n|move|p2a: Tapu Fini|Scald|p1a: Charizard\n|-supereffective|p1a: Charizard\n|-damage|p1a: Charizard|11\/100 par\n|move|p1a: Charizard|Air Slash|p2b: Swampert\n|-damage|p2b: Swampert|20\/100\n|-enditem|p2b: Swampert|Aguav Berry|[eat]\n|-heal|p2b: Swampert|53\/100|[from] item: Aguav Berry\n|move|p2b: Swampert|Roar|p1b: Gliscor\n|drag|p1b: Grimmsnarl|Grimmsnarl, M|100\/100\n|\n|-heal|p2a: Tapu Fini|87\/100|[from] item: Leftovers\n|upkeep\n|turn|12\n|j| Redzone92\n|\n|t:|1696127466\n|move|p1b: Grimmsnarl|Fake Out|p2a: Tapu Fini\n|-damage|p2a: Tapu Fini|76\/100\n|cant|p2a: Tapu Fini|flinch\n|move|p1a: Charizard|Air Slash|p2b: Swampert\n|-damage|p2b: Swampert|32\/100\n|cant|p2b: Swampert|flinch\n|\n|-heal|p2a: Tapu Fini|82\/100|[from] item: Leftovers\n|upkeep\n|turn|13\n|\n|t:|1696127489\n|move|p1b: Grimmsnarl|Sucker Punch|p2b: Swampert\n|-damage|p2b: Swampert|0 fnt\n|faint|p2b: Swampert\n|move|p2a: Tapu Fini|Nature's Madness|p1b: Grimmsnarl\n|-damage|p1b: Grimmsnarl|50\/100\n|cant|p1a: Charizard|par\n|\n|-heal|p2a: Tapu Fini|89\/100|[from] item: Leftovers\n|-fieldend|Misty Terrain\n|upkeep\n|\n|t:|1696127498\n|switch|p2b: Scream Tail|Scream Tail|61\/100\n|-damage|p2b: Scream Tail|49\/100|[from] Stealth Rock\n|turn|14\n|\n|t:|1696127515\n|move|p1b: Grimmsnarl|Parting Shot|p2a: Tapu Fini\n|-unboost|p2a: Tapu Fini|atk|1\n|-unboost|p2a: Tapu Fini|spa|1\n|\n|t:|1696127518\n|switch|p1b: Gliscor|Gliscor, F|27\/100 tox|[from] Parting Shot\n|move|p2b: Scream Tail|Thunder Wave|p1b: Gliscor\n|-immune|p1b: Gliscor\n|move|p2a: Tapu Fini|Scald|p1a: Charizard\n|-supereffective|p1a: Charizard\n|-damage|p1a: Charizard|0 fnt\n|faint|p1a: Charizard\n|\n|-heal|p2a: Tapu Fini|95\/100|[from] item: Leftovers\n|-heal|p1b: Gliscor|39\/100 tox|[from] ability: Poison Heal\n|upkeep\n|\n|t:|1696127526\n|switch|p1a: Grimmsnarl|Grimmsnarl, M|50\/100\n|turn|15\n|\n|t:|1696127535\n|move|p1b: Gliscor|Protect|p1b: Gliscor\n|-singleturn|p1b: Gliscor|Protect\n|move|p1a: Grimmsnarl|Fake Out|p2b: Scream Tail\n|-damage|p2b: Scream Tail|38\/100\n|cant|p2b: Scream Tail|flinch\n|move|p2a: Tapu Fini|Scald|p1b: Gliscor\n|-activate|p1b: Gliscor|move: Protect\n|\n|-heal|p2a: Tapu Fini|100\/100|[from] item: Leftovers\n|-heal|p1b: Gliscor|51\/100 tox|[from] ability: Poison Heal\n|-sideend|p2: Wyrmguy|move: Light Screen\n|upkeep\n|turn|16\n|\n|t:|1696127553\n|-terastallize|p1b: Gliscor|Flying\n|move|p1a: Grimmsnarl|Sucker Punch|p2a: Tapu Fini\n|-resisted|p2a: Tapu Fini\n|-damage|p2a: Tapu Fini|88\/100\n|move|p2b: Scream Tail|Reflect|p2b: Scream Tail\n|-sidestart|p2: Wyrmguy|Reflect\n|move|p1b: Gliscor|Swords Dance|p1b: Gliscor\n|-boost|p1b: Gliscor|atk|2\n|move|p2a: Tapu Fini|Scald|p1b: Gliscor\n|-damage|p1b: Gliscor|24\/100 tox\n|\n|-heal|p2a: Tapu Fini|94\/100|[from] item: Leftovers\n|-heal|p1b: Gliscor|37\/100 tox|[from] ability: Poison Heal\n|upkeep\n|turn|17\n|\n|t:|1696127579\n|move|p1b: Gliscor|Protect|p1b: Gliscor\n|-singleturn|p1b: Gliscor|Protect\n|move|p2b: Scream Tail|Thunder Wave|p1a: Grimmsnarl\n|-status|p1a: Grimmsnarl|par\n|move|p2a: Tapu Fini|Scald|p1a: Grimmsnarl\n|-damage|p1a: Grimmsnarl|32\/100 par\n|move|p1a: Grimmsnarl|Spirit Break|p2a: Tapu Fini\n|-damage|p2a: Tapu Fini|75\/100\n|-unboost|p2a: Tapu Fini|spa|1\n|\n|-heal|p2a: Tapu Fini|81\/100|[from] item: Leftovers\n|-heal|p1b: Gliscor|49\/100 tox|[from] ability: Poison Heal\n|upkeep\n|turn|18\n|\n|t:|1696127611\n|move|p2b: Scream Tail|Encore|p1b: Gliscor\n|-start|p1b: Gliscor|Encore\n|move|p1b: Gliscor|Protect||[still]\n|-fail|p1b: Gliscor\n|move|p2a: Tapu Fini|Scald|p1a: Grimmsnarl\n|-damage|p1a: Grimmsnarl|18\/100 par\n|cant|p1a: Grimmsnarl|par\n|\n|-heal|p2a: Tapu Fini|87\/100|[from] item: Leftovers\n|-heal|p1b: Gliscor|61\/100 tox|[from] ability: Poison Heal\n|upkeep\n|turn|19\n|\n|t:|1696127631\n|move|p1b: Gliscor|Protect|p1b: Gliscor\n|-singleturn|p1b: Gliscor|Protect\n|move|p2b: Scream Tail|Light Screen|p2b: Scream Tail\n|-sidestart|p2: Wyrmguy|move: Light Screen\n|move|p2a: Tapu Fini|Scald|p1a: Grimmsnarl\n|-damage|p1a: Grimmsnarl|3\/100 par\n|move|p1a: Grimmsnarl|Spirit Break|p2a: Tapu Fini\n|-damage|p2a: Tapu Fini|66\/100\n|-unboost|p2a: Tapu Fini|spa|1\n|\n|-heal|p2a: Tapu Fini|73\/100|[from] item: Leftovers\n|-heal|p1b: Gliscor|74\/100 tox|[from] ability: Poison Heal\n|upkeep\n|turn|20\n|\n|t:|1696127655\n|move|p1b: Gliscor|Protect||[still]\n|-fail|p1b: Gliscor\n|move|p1a: Grimmsnarl|Sucker Punch|p2a: Tapu Fini\n|-resisted|p2a: Tapu Fini\n|-damage|p2a: Tapu Fini|64\/100\n|move|p2b: Scream Tail|Encore|p1a: Grimmsnarl\n|-start|p1a: Grimmsnarl|Encore\n|move|p2a: Tapu Fini|Scald|p1a: Grimmsnarl\n|-damage|p1a: Grimmsnarl|0 fnt\n|faint|p1a: Grimmsnarl\n|\n|-heal|p2a: Tapu Fini|70\/100|[from] item: Leftovers\n|-heal|p1b: Gliscor|86\/100 tox|[from] ability: Poison Heal\n|-end|p1b: Gliscor|Encore\n|upkeep\n|turn|21\n|\n|t:|1696127674\n|move|p2b: Scream Tail|Encore|p1b: Gliscor\n|-start|p1b: Gliscor|Encore\n|move|p1b: Gliscor|Protect|p1b: Gliscor\n|-singleturn|p1b: Gliscor|Protect\n|move|p2a: Tapu Fini|Nature's Madness|p1b: Gliscor\n|-activate|p1b: Gliscor|move: Protect\n|\n|-heal|p2a: Tapu Fini|76\/100|[from] item: Leftovers\n|-heal|p1b: Gliscor|98\/100 tox|[from] ability: Poison Heal\n|upkeep\n|turn|22\n|\n|t:|1696127705\n|move|p1b: Gliscor|Protect|p1b: Gliscor\n|-singleturn|p1b: Gliscor|Protect\n|move|p2b: Scream Tail|Encore|p1b: Gliscor\n|-activate|p1b: Gliscor|move: Protect\n|move|p2a: Tapu Fini|Nature's Madness|p1b: Gliscor\n|-activate|p1b: Gliscor|move: Protect\n|\n|-heal|p2a: Tapu Fini|82\/100|[from] item: Leftovers\n|-heal|p1b: Gliscor|100\/100 tox|[from] ability: Poison Heal\n|upkeep\n|turn|23\n|\n|t:|1696127730\n|move|p1b: Gliscor|Protect||[still]\n|-fail|p1b: Gliscor\n|move|p2b: Scream Tail|Thunder Wave||[still]\n|-fail|p2b: Scream Tail\n|move|p2a: Tapu Fini|Nature's Madness|p1b: Gliscor\n|-damage|p1b: Gliscor|51\/100 tox\n|\n|-heal|p2a: Tapu Fini|89\/100|[from] item: Leftovers\n|-heal|p1b: Gliscor|63\/100 tox|[from] ability: Poison Heal\n|-end|p1b: Gliscor|Encore\n|-sideend|p2: Wyrmguy|Reflect\n|upkeep\n|turn|24\n|\n|t:|1696127745\n|move|p2b: Scream Tail|Reflect|p2b: Scream Tail\n|-sidestart|p2: Wyrmguy|Reflect\n|move|p1b: Gliscor|Earthquake|p2b: Scream Tail|[spread] p2a,p2b\n|-damage|p2a: Tapu Fini|58\/100\n|-damage|p2b: Scream Tail|6\/100\n|move|p2a: Tapu Fini|Taunt|p1b: Gliscor\n|-start|p1b: Gliscor|move: Taunt\n|\n|-heal|p2a: Tapu Fini|64\/100|[from] item: Leftovers\n|-heal|p1b: Gliscor|75\/100 tox|[from] ability: Poison Heal\n|upkeep\n|turn|25\n|\n|t:|1696127761\n|move|p2b: Scream Tail|Encore|p1b: Gliscor\n|-start|p1b: Gliscor|Encore\n|move|p1b: Gliscor|Earthquake|p2a: Tapu Fini|[spread] p2a,p2b\n|-damage|p2a: Tapu Fini|33\/100\n|-damage|p2b: Scream Tail|0 fnt\n|faint|p2b: Scream Tail\n|-end|p2b: Scream Tail|Protosynthesis|[silent]\n|move|p2a: Tapu Fini|Nature's Madness|p1b: Gliscor|[miss]\n|-miss|p2a: Tapu Fini|p1b: Gliscor\n|\n|-heal|p2a: Tapu Fini|39\/100|[from] item: Leftovers\n|-heal|p1b: Gliscor|88\/100 tox|[from] ability: Poison Heal\n|upkeep\n|turn|26\n|\n|t:|1696127774\n|move|p1b: Gliscor|Earthquake|p2a: Tapu Fini\n|-damage|p2a: Tapu Fini|3\/100\n|move|p2a: Tapu Fini|Nature's Madness|p1b: Gliscor\n|-damage|p1b: Gliscor|44\/100 tox\n|\n|-heal|p2a: Tapu Fini|9\/100|[from] item: Leftovers\n|-heal|p1b: Gliscor|57\/100 tox|[from] ability: Poison Heal\n|-sideend|p2: Wyrmguy|move: Light Screen\n|upkeep\n|turn|27\n|\n|t:|1696127784\n|move|p1b: Gliscor|Earthquake|p2a: Tapu Fini\n|-damage|p2a: Tapu Fini|0 fnt\n|faint|p2a: Tapu Fini\n|\n|win|GoDDanteX\n|l|\u2606Wyrmguy\n|l| Redzone92\n","uploadtime":1696127874,"views":14,"p1id":"goddantex","p2id":"wyrmguy","formatid":"gen9nationaldexdoubles","rating":0,"private":0,"password":""}