{"id":"gen9nationaldexdoubles-1950641377","p1":"theOhgdhdhdhdhdhdh","p2":"lustforlifee","format":"[Gen 9] National Dex Doubles","log":"|j|\u2606theOhgdhdhdhdhdhdh\n|j|\u2606lustforlifee\n|t:|1695492430\n|gametype|doubles\n|player|p1|theOhgdhdhdhdhdhdh|ethan|1000\n|player|p2|lustforlifee|elesa|1104\n|teamsize|p1|6\n|teamsize|p2|6\n|gen|9\n|tier|[Gen 9] National Dex Doubles\n|rated|\n|rule|HP Percentage Mod: HP is shown in percentages\n|rule|Endless Battle Clause: Forcing endless battles is banned\n|rule|OHKO Clause: OHKO moves are banned\n|rule|Evasion Moves Clause: Evasion moves are banned\n|rule|Evasion Abilities Clause: Evasion abilities are banned\n|rule|Species Clause: Limit one of each Pok\u00e9mon\n|rule|Gravity Sleep Clause: The combination of sleep-inducing moves with imperfect accuracy and Gravity or Gigantamax Orbeetle are banned\n|clearpoke\n|poke|p1|Amoonguss, F|\n|poke|p1|Landorus-Therian, M|\n|poke|p1|Dragonite, M|\n|poke|p1|Grimmsnarl, M|\n|poke|p1|Tornadus, M|\n|poke|p1|Heatran, F|\n|poke|p2|Articuno-Galar|\n|poke|p2|Zapdos-Galar|\n|poke|p2|Moltres-Galar|\n|poke|p2|Diancie|\n|poke|p2|Cinderace, F|\n|poke|p2|Regieleki|\n|teampreview\n|\n|t:|1695492441\n|start\n|switch|p1a: AmoongussS|Amoonguss, F|100\/100\n|switch|p1b: HeatranDH|Heatran, F|100\/100\n|switch|p2a: Articuno|Articuno-Galar, shiny|100\/100\n|switch|p2b: Moltres|Moltres-Galar, shiny|100\/100\n|turn|1\n|\n|t:|1695492476\n|switch|p2b: Zapdos|Zapdos-Galar, shiny|100\/100\n|switch|p1a: Landorus-TherianPW|Landorus-Therian, M|100\/100\n|-ability|p1a: Landorus-TherianPW|Intimidate|boost\n|-unboost|p2a: Articuno|atk|1\n|-ability|p2a: Articuno|Competitive|boost\n|-boost|p2a: Articuno|spa|2\n|-unboost|p2b: Zapdos|atk|1\n|-ability|p2b: Zapdos|Defiant|boost\n|-boost|p2b: Zapdos|atk|2\n|move|p2a: Articuno|Light Screen|p2a: Articuno\n|-sidestart|p2: lustforlifee|move: Light Screen\n|move|p1b: HeatranDH|Stealth Rock|p2b: Zapdos\n|-sidestart|p2: lustforlifee|move: Stealth Rock\n|\n|upkeep\n|turn|2\n|inactive|Battle timer is ON: inactive players will automatically lose when time's up. (requested by lustforlifee)\n|\n|t:|1695492504\n|move|p1b: HeatranDH|Protect|p1b: HeatranDH\n|-singleturn|p1b: HeatranDH|Protect\n|move|p2b: Zapdos|Thunderous Kick|p1b: HeatranDH\n|-activate|p1b: HeatranDH|move: Protect\n|move|p2a: Articuno|Tailwind|p2a: Articuno\n|-sidestart|p2: lustforlifee|move: Tailwind\n|move|p1a: Landorus-TherianPW|Stealth Rock||[still]\n|-fail|p1a: Landorus-TherianPW\n|\n|upkeep\n|turn|3\n|inactive|theOhgdhdhdhdhdhdh has 120 seconds left.\n|\n|t:|1695492534\n|switch|p1a: GrimmsnarlS|Grimmsnarl, M|100\/100\n|switch|p1b: DragonitePA|Dragonite, M|100\/100\n|move|p2b: Zapdos|Thunderous Kick|p1b: DragonitePA\n|-resisted|p1b: DragonitePA\n|-damage|p1b: DragonitePA|83\/100\n|-unboost|p1b: DragonitePA|def|1\n|move|p2a: Articuno|Freezing Glare|p1a: GrimmsnarlS\n|-immune|p1a: GrimmsnarlS\n|\n|upkeep\n|turn|4\n|inactive|theOhgdhdhdhdhdhdh has 120 seconds left.\n|inactive|lustforlifee has 120 seconds left.\n|\n|t:|1695492571\n|switch|p2a: Moltres|Moltres-Galar, shiny|100\/100\n|-damage|p2a: Moltres|76\/100|[from] Stealth Rock\n|move|p1a: GrimmsnarlS|Thunder Wave|p2b: Zapdos\n|-status|p2b: Zapdos|par\n|move|p2b: Zapdos|Steel Wing|p1a: GrimmsnarlS\n|-supereffective|p1a: GrimmsnarlS\n|-damage|p1a: GrimmsnarlS|44\/100\n|move|p1b: DragonitePA|Dragon Dance|p1b: DragonitePA\n|-boost|p1b: DragonitePA|atk|1\n|-boost|p1b: DragonitePA|spe|1\n|\n|upkeep\n|turn|5\n|inactive|theOhgdhdhdhdhdhdh has 120 seconds left.\n|inactive|lustforlifee has 120 seconds left.\n|\n|t:|1695492602\n|move|p1a: GrimmsnarlS|Thunder Wave|p2a: Moltres\n|-hint|Since gen 7, Dark is immune to Prankster moves.\n|-immune|p2a: Moltres\n|move|p2a: Moltres|Fiery Wrath|p1a: GrimmsnarlS|[spread] p1a,p1b\n|-resisted|p1a: GrimmsnarlS\n|-damage|p1a: GrimmsnarlS|36\/100\n|-damage|p1b: DragonitePA|50\/100\n|move|p1b: DragonitePA|Dragon Claw|p2a: Moltres\n|-damage|p2a: Moltres|5\/100\n|-ability|p2a: Moltres|Berserk|boost\n|-boost|p2a: Moltres|spa|1\n|move|p2b: Zapdos|Steel Wing|p1a: GrimmsnarlS\n|-supereffective|p1a: GrimmsnarlS\n|-damage|p1a: GrimmsnarlS|0 fnt\n|faint|p1a: GrimmsnarlS\n|\n|-sideend|p2: lustforlifee|move: Light Screen\n|-sideend|p2: lustforlifee|move: Tailwind\n|upkeep\n|\n|t:|1695492622\n|switch|p1a: TornadusRK|Tornadus, M|100\/100\n|turn|6\n|inactive|theOhgdhdhdhdhdhdh has 120 seconds left.\n|\n|t:|1695492642\n|move|p1a: TornadusRK|Heat Wave|p2a: Moltres|[spread] p2a,p2b\n|-damage|p2a: Moltres|0 fnt\n|-damage|p2b: Zapdos|73\/100 par\n|faint|p2a: Moltres\n|move|p1b: DragonitePA|Dragon Claw|p2b: Zapdos\n|-damage|p2b: Zapdos|3\/100 par\n|move|p2b: Zapdos|Blaze Kick|p1a: TornadusRK\n|-damage|p1a: TornadusRK|40\/100\n|\n|upkeep\n|\n|t:|1695492657\n|switch|p2a: Diancie|Diancie, shiny|100\/100\n|-damage|p2a: Diancie|88\/100|[from] Stealth Rock\n|turn|7\n|inactive|theOhgdhdhdhdhdhdh has 120 seconds left.\n|\n|t:|1695492681\n|switch|p1a: AmoongussS|Amoonguss, F|100\/100\n|detailschange|p2a: Diancie|Diancie-Mega, shiny\n|-mega|p2a: Diancie|Diancie|Diancite\n|move|p1b: DragonitePA|Earthquake|p2b: Zapdos|[spread] p1a,p2a\n|-immune|p2b: Zapdos\n|-supereffective|p2a: Diancie\n|-crit|p2a: Diancie\n|-damage|p1a: AmoongussS|71\/100\n|-damage|p2a: Diancie|0 fnt\n|faint|p2a: Diancie\n|move|p2b: Zapdos|Blaze Kick|p1a: AmoongussS\n|-supereffective|p1a: AmoongussS\n|-damage|p1a: AmoongussS|14\/100\n|\n|-heal|p1a: AmoongussS|20\/100|[from] item: Black Sludge\n|upkeep\n|\n|t:|1695492697\n|switch|p2a: Cinderace|Cinderace, F, shiny|100\/100\n|-damage|p2a: Cinderace|76\/100|[from] Stealth Rock\n|turn|8\n|\n|t:|1695492710\n|switch|p1a: Landorus-TherianPW|Landorus-Therian, M|100\/100\n|-ability|p1a: Landorus-TherianPW|Intimidate|boost\n|-unboost|p2a: Cinderace|atk|1\n|-unboost|p2b: Zapdos|atk|1\n|-ability|p2b: Zapdos|Defiant|boost\n|-boost|p2b: Zapdos|atk|2\n|-terastallize|p1b: DragonitePA|Dragon\n|move|p1b: DragonitePA|Earthquake|p2a: Cinderace|[spread] p2a\n|-immune|p1a: Landorus-TherianPW\n|-immune|p2b: Zapdos\n|-supereffective|p2a: Cinderace\n|-damage|p2a: Cinderace|0 fnt\n|faint|p2a: Cinderace\n|move|p2b: Zapdos|Blaze Kick|p1a: Landorus-TherianPW\n|-damage|p1a: Landorus-TherianPW|61\/100\n|\n|-heal|p1a: Landorus-TherianPW|67\/100|[from] item: Leftovers\n|upkeep\n|\n|t:|1695492729\n|switch|p2a: Articuno|Articuno-Galar, shiny|100\/100\n|-damage|p2a: Articuno|76\/100|[from] Stealth Rock\n|turn|9\n|\n|t:|1695492747\n|move|p1a: Landorus-TherianPW|Protect|p1a: Landorus-TherianPW\n|-singleturn|p1a: Landorus-TherianPW|Protect\n|move|p1b: DragonitePA|Extreme Speed|p2b: Zapdos\n|-damage|p2b: Zapdos|0 fnt\n|faint|p2b: Zapdos\n|move|p2a: Articuno|Freezing Glare|p1b: DragonitePA\n|-damage|p1b: DragonitePA|3\/100\n|\n|-heal|p1a: Landorus-TherianPW|73\/100|[from] item: Leftovers\n|upkeep\n|\n|t:|1695492757\n|switch|p2b: Regieleki|Regieleki, shiny|100\/100\n|-damage|p2b: Regieleki|88\/100|[from] Stealth Rock\n|turn|10\n|\n|t:|1695492786\n|switch|p1b: TornadusRK|Tornadus, M|40\/100\n|move|p2b: Regieleki|Charge|p2b: Regieleki\n|-boost|p2b: Regieleki|spd|1\n|-start|p2b: Regieleki|Charge\n|move|p2a: Articuno|Freezing Glare|p1b: TornadusRK\n|-damage|p1b: TornadusRK|0 fnt\n|faint|p1b: TornadusRK\n|move|p1a: Landorus-TherianPW|Earthquake|p2b: Regieleki|[spread] p2b\n|-immune|p2a: Articuno\n|-supereffective|p2b: Regieleki\n|-damage|p2b: Regieleki|0 fnt\n|faint|p2b: Regieleki\n|\n|-heal|p1a: Landorus-TherianPW|79\/100|[from] item: Leftovers\n|upkeep\n|-message|lustforlifee forfeited.\n|\n|win|theOhgdhdhdhdhdhdh\n|raw|theOhgdhdhdhdhdhdh's rating: 1000 &rarr; <strong>1052<\/strong><br \/>(+52 for winning)\n|raw|lustforlifee's rating: 1104 &rarr; <strong>1072<\/strong><br \/>(-32 for losing)\n|l|\u2606lustforlifee\n","uploadtime":1695492807,"views":14,"p1id":"theohgdhdhdhdhdhdh","p2id":"lustforlifee","formatid":"gen9nationaldexdoubles","rating":1052,"private":0,"password":""}