{"id":"gen9nationaldexdoubles-1948190366","p1":"Mongoose556","p2":"Yu121","format":"[Gen 9] National Dex Doubles","log":"|j|\u2606Mongoose556\n|j|\u2606Yu121\n|t:|1695237423\n|gametype|doubles\n|player|p1|Mongoose556|may|1154\n|player|p2|Yu121|blue|1000\n|teamsize|p1|6\n|teamsize|p2|6\n|gen|9\n|tier|[Gen 9] National Dex Doubles\n|rated|\n|rule|HP Percentage Mod: HP is shown in percentages\n|rule|Endless Battle Clause: Forcing endless battles is banned\n|rule|OHKO Clause: OHKO moves are banned\n|rule|Evasion Moves Clause: Evasion moves are banned\n|rule|Evasion Abilities Clause: Evasion abilities are banned\n|rule|Species Clause: Limit one of each Pok\u00e9mon\n|rule|Gravity Sleep Clause: The combination of sleep-inducing moves with imperfect accuracy and Gravity or Gigantamax Orbeetle are banned\n|clearpoke\n|poke|p1|Inteleon, M|\n|poke|p1|Swampert, M|\n|poke|p1|Araquanid, F|\n|poke|p1|Tapu Fini|\n|poke|p1|Feraligatr, M|\n|poke|p1|Ogerpon-Wellspring, F|\n|poke|p2|Blaziken, F|\n|poke|p2|Garchomp, F|\n|poke|p2|Gholdengo|\n|poke|p2|Slowbro-Galar, M|\n|poke|p2|Greninja-*, M|\n|poke|p2|Serperior, M|\n|teampreview\n|\n|t:|1695237435\n|start\n|switch|p1a: Araquanid|Araquanid, F, shiny|100\/100\n|switch|p1b: Tapu Fini|Tapu Fini, shiny|100\/100\n|switch|p2a: Serperior|Serperior, M|100\/100\n|switch|p2b: War|Greninja, M|100\/100\n|-fieldstart|move: Misty Terrain|[from] ability: Misty Surge|[of] p1b: Tapu Fini\n|turn|1\n|\n|t:|1695237461\n|switch|p2b: Max|Gholdengo|100\/100\n|move|p2a: Serperior|Leaf Storm|p1b: Tapu Fini\n|-supereffective|p1b: Tapu Fini\n|-damage|p1b: Tapu Fini|37\/100\n|-boost|p2a: Serperior|spa|2\n|move|p1b: Tapu Fini|Moonblast|p2a: Serperior\n|-damage|p2a: Serperior|66\/100\n|move|p1a: Araquanid|Lunge|p2a: Serperior\n|-supereffective|p2a: Serperior\n|-damage|p2a: Serperior|6\/100\n|-boost|p2a: Serperior|atk|1\n|\n|upkeep\n|turn|2\n|\n|t:|1695237483\n|move|p2a: Serperior|Giga Drain|p1b: Tapu Fini\n|-supereffective|p1b: Tapu Fini\n|-damage|p1b: Tapu Fini|0 fnt\n|-heal|p2a: Serperior|24\/100|[from] drain|[of] p1b: Tapu Fini\n|faint|p1b: Tapu Fini\n|move|p2b: Max|Power Gem|p1a: Araquanid\n|-supereffective|p1a: Araquanid\n|-damage|p1a: Araquanid|51\/100\n|move|p1a: Araquanid|Lunge|p2a: Serperior\n|-supereffective|p2a: Serperior\n|-damage|p2a: Serperior|0 fnt\n|faint|p2a: Serperior\n|\n|upkeep\n|\n|t:|1695237500\n|switch|p2a: Cowboy|Slowbro-Galar, M|100\/100\n|switch|p1b: BeefCake|Swampert, M, shiny|100\/100\n|turn|3\n|inactive|Battle timer is ON: inactive players will automatically lose when time's up. (requested by Mongoose556)\n|\n|t:|1695237523\n|switch|p2a: X|Garchomp, F|100\/100\n|move|p2b: Max|Power Gem|p1a: Araquanid\n|-supereffective|p1a: Araquanid\n|-damage|p1a: Araquanid|0 fnt\n|faint|p1a: Araquanid\n|move|p1b: BeefCake|High Horsepower|p2b: Max\n|-supereffective|p2b: Max\n|-damage|p2b: Max|12\/100\n|\n|upkeep\n|inactive|Mongoose556 has 120 seconds left.\n|\n|t:|1695237572\n|switch|p1a: Randall|Inteleon, M, shiny|100\/100\n|turn|4\n|inactive|Mongoose556 has 120 seconds left.\n|\n|t:|1695237592\n|switch|p2b: War|Greninja, M|100\/100\n|detailschange|p2a: X|Garchomp-Mega, F\n|-mega|p2a: X|Garchomp|Garchompite\n|move|p1a: Randall|Ice Beam|p2a: X\n|-supereffective|p2a: X\n|-crit|p2a: X\n|-damage|p2a: X|0 fnt\n|faint|p2a: X\n|move|p1b: BeefCake|Darkest Lariat|p2b: War\n|-resisted|p2b: War\n|-damage|p2b: War|75\/100\n|\n|-heal|p2b: War|81\/100|[from] item: Leftovers\n|upkeep\n|\n|t:|1695237611\n|switch|p2a: Max|Gholdengo|12\/100\n|turn|5\n|\n|t:|1695237621\n|switch|p1a: Feraligatr|Feraligatr, M, shiny|100\/100\n|move|p2b: War|Mud Shot|p1a: Feraligatr\n|-damage|p1a: Feraligatr|79\/100\n|-unboost|p1a: Feraligatr|spe|1\n|move|p2a: Max|Recover|p2a: Max\n|-heal|p2a: Max|62\/100\n|move|p1b: BeefCake|High Horsepower|p2a: Max\n|-supereffective|p2a: Max\n|-damage|p2a: Max|0 fnt\n|faint|p2a: Max\n|\n|-heal|p2b: War|87\/100|[from] item: Leftovers\n|-fieldend|Misty Terrain\n|upkeep\n|\n|t:|1695237640\n|switch|p2a: Cowboy|Slowbro-Galar, M|100\/100\n|turn|6\n|inactive|Yu121 has 120 seconds left.\n|-activate|p2a: Cowboy|ability: Quick Draw\n|\n|t:|1695237673\n|-terastallize|p2a: Cowboy|Normal\n|move|p2a: Cowboy|Psychic|p1b: BeefCake\n|-damage|p1b: BeefCake|76\/100\n|move|p2b: War|Dark Pulse|p1b: BeefCake\n|-damage|p1b: BeefCake|52\/100\n|move|p1a: Feraligatr|Shadow Claw|p2a: Cowboy\n|-immune|p2a: Cowboy\n|move|p1b: BeefCake|Brick Break|p2b: War\n|-supereffective|p2b: War\n|-damage|p2b: War|8\/100\n|\n|-heal|p2b: War|13\/100|[from] item: Leftovers\n|upkeep\n|turn|7\n|inactive|Yu121 has 120 seconds left.\n|-activate|p2a: Cowboy|ability: Quick Draw\n|\n|t:|1695237704\n|move|p2a: Cowboy|Psychic|p1b: BeefCake\n|-crit|p1b: BeefCake\n|-damage|p1b: BeefCake|11\/100\n|move|p2b: War|Dark Pulse|p1b: BeefCake\n|-damage|p1b: BeefCake|0 fnt\n|faint|p1b: BeefCake\n|-ability|p2b: War|Battle Bond|boost\n|-boost|p2b: War|atk|1\n|-boost|p2b: War|spa|1\n|-boost|p2b: War|spe|1\n|-activate|p2b: War|ability: Battle Bond\n|move|p1a: Feraligatr|Waterfall|p2a: Cowboy\n|-damage|p2a: Cowboy|42\/100\n|\n|-heal|p2b: War|19\/100|[from] item: Leftovers\n|upkeep\n|\n|t:|1695237713\n|switch|p1b: Ogerpon|Ogerpon-Wellspring, F|100\/100\n|turn|8\n|inactive|Yu121 has 120 seconds left.\n|-activate|p2a: Cowboy|ability: Quick Draw\n|\n|t:|1695237738\n|move|p2a: Cowboy|Shell Side Arm|p1b: Ogerpon|[anim] Shell Side Arm Special\n|-supereffective|p1b: Ogerpon\n|-damage|p1b: Ogerpon|4\/100\n|-hint|Special Shell Side Arm\n|-status|p1b: Ogerpon|psn\n|move|p2b: War|Dark Pulse|p1b: Ogerpon\n|-damage|p1b: Ogerpon|0 fnt\n|faint|p1b: Ogerpon\n|move|p1a: Feraligatr|Waterfall|p2b: War\n|-resisted|p2b: War\n|-damage|p2b: War|0 fnt\n|faint|p2b: War\n|\n|upkeep\n|\n|t:|1695237754\n|switch|p2b: Uno|Blaziken, F|100\/100\n|switch|p1b: Randall|Inteleon, M, shiny|100\/100\n|turn|9\n|\n|t:|1695237774\n|move|p1b: Randall|Snipe Shot|p2a: Cowboy\n|-damage|p2a: Cowboy|0 fnt\n|faint|p2a: Cowboy\n|move|p2b: Uno|Poison Jab|p1a: Feraligatr\n|-damage|p1a: Feraligatr|56\/100\n|move|p1a: Feraligatr|Waterfall|p2b: Uno\n|-supereffective|p2b: Uno\n|-damage|p2b: Uno|0 fnt\n|faint|p2b: Uno\n|\n|win|Mongoose556\n|raw|Mongoose556's rating: 1154 &rarr; <strong>1169<\/strong><br \/>(+15 for winning)\n|raw|Yu121's rating: 1000 &rarr; <strong>1000<\/strong><br \/>(+0 for losing)\n","uploadtime":1695237784,"views":10,"p1id":"mongoose556","p2id":"yu121","formatid":"gen9nationaldexdoubles","rating":1000,"private":0,"password":""}