{"id":"gen9nationaldexdoubles-1947523463","p1":"Champ Bogar","p2":"S1r.sweepsaLot","format":"[Gen 9] National Dex Doubles","log":"|j|\u2606Champ Bogar\n|j|\u2606S1r.sweepsaLot\n|t:|1695169032\n|gametype|doubles\n|player|p1|Champ Bogar|cynthia-gen4|1343\n|player|p2|S1r.sweepsaLot|guzma|1538\n|teamsize|p1|6\n|teamsize|p2|6\n|gen|9\n|tier|[Gen 9] National Dex Doubles\n|rated|\n|rule|HP Percentage Mod: HP is shown in percentages\n|rule|Endless Battle Clause: Forcing endless battles is banned\n|rule|OHKO Clause: OHKO moves are banned\n|rule|Evasion Moves Clause: Evasion moves are banned\n|rule|Evasion Abilities Clause: Evasion abilities are banned\n|rule|Species Clause: Limit one of each Pok\u00e9mon\n|rule|Gravity Sleep Clause: The combination of sleep-inducing moves with imperfect accuracy and Gravity or Gigantamax Orbeetle are banned\n|clearpoke\n|poke|p1|Ninetales-Alola, F|\n|poke|p1|Articuno|\n|poke|p1|Cresselia, F|\n|poke|p1|Ursaluna, F|\n|poke|p1|Milotic, M|\n|poke|p1|Incineroar, F|\n|poke|p2|Tyranitar, F|\n|poke|p2|Excadrill, M|\n|poke|p2|Togekiss, F|\n|poke|p2|Kommo-o, M|\n|poke|p2|Gholdengo|\n|poke|p2|Incineroar, M|\n|teampreview\n|inactive|Battle timer is ON: inactive players will automatically lose when time's up. (requested by Champ Bogar)\n|c|\u2606S1r.sweepsaLot|glhf\n|\n|t:|1695169050\n|start\n|switch|p1a: Incineroar|Incineroar, F|100\/100\n|switch|p1b: Articuno|Articuno|100\/100\n|switch|p2a: Please Flinch|Togekiss, F|100\/100\n|switch|p2b: Concert Speaker|Kommo-o, M|100\/100\n|-ability|p1b: Articuno|Pressure\n|-ability|p1a: Incineroar|Intimidate|boost\n|-unboost|p2a: Please Flinch|atk|1\n|-unboost|p2b: Concert Speaker|atk|1\n|turn|1\n|\n|t:|1695169065\n|move|p2b: Concert Speaker|Protect|p2b: Concert Speaker\n|-singleturn|p2b: Concert Speaker|Protect\n|move|p1a: Incineroar|Fake Out|p2a: Please Flinch\n|-damage|p2a: Please Flinch|92\/100\n|move|p1b: Articuno|Tailwind|p1b: Articuno\n|-sidestart|p1: Champ Bogar|move: Tailwind\n|cant|p2a: Please Flinch|flinch\n|\n|upkeep\n|turn|2\n|\n|t:|1695169075\n|switch|p1a: Ninetales|Ninetales-Alola, F|100\/100\n|-weather|Snow|[from] ability: Snow Warning|[of] p1a: Ninetales\n|move|p2a: Please Flinch|Follow Me|p2a: Please Flinch\n|-singleturn|p2a: Please Flinch|move: Follow Me\n|move|p1b: Articuno|Blizzard|p2b: Concert Speaker|[spread] p2a,p2b\n|-supereffective|p2a: Please Flinch\n|-supereffective|p2b: Concert Speaker\n|-damage|p2a: Please Flinch|43\/100\n|-damage|p2b: Concert Speaker|21\/100\n|move|p2b: Concert Speaker|Clangorous Soul||[still]\n|-fail|p2b: Concert Speaker\n|\n|-weather|Snow|[upkeep]\n|upkeep\n|turn|3\n|\n|t:|1695169098\n|switch|p2b: Home Depot|Excadrill, M|100\/100\n|switch|p2a: Godzilla|Tyranitar, F|100\/100\n|-weather|Sandstorm|[from] ability: Sand Stream|[of] p2a: Godzilla\n|move|p1a: Ninetales|Aurora Veil||[still]\n|-fail|p1a: Ninetales\n|move|p1b: Articuno|Blizzard|p2b: Home Depot|[spread] p2a\n|-miss|p1b: Articuno|p2b: Home Depot\n|-damage|p2a: Godzilla|82\/100\n|\n|-weather|Sandstorm|[upkeep]\n|-damage|p1a: Ninetales|95\/100|[from] Sandstorm\n|-damage|p1b: Articuno|94\/100|[from] Sandstorm\n|upkeep\n|turn|4\n|inactive|Champ Bogar has 120 seconds left.\n|\n|t:|1695169133\n|switch|p1a: Incineroar|Incineroar, F|100\/100\n|-ability|p1a: Incineroar|Intimidate|boost\n|-unboost|p2a: Godzilla|atk|1\n|-unboost|p2b: Home Depot|atk|1\n|switch|p1b: Milotic|Milotic, M|100\/100\n|move|p2b: Home Depot|Rock Slide|p1a: Incineroar|[spread] p1a,p1b\n|-supereffective|p1a: Incineroar\n|-damage|p1a: Incineroar|63\/100\n|-damage|p1b: Milotic|79\/100\n|-damage|p2b: Home Depot|91\/100|[from] item: Life Orb\n|move|p2a: Godzilla|Stealth Rock|p1b: Milotic\n|-sidestart|p1: Champ Bogar|move: Stealth Rock\n|\n|-weather|Sandstorm|[upkeep]\n|-damage|p1b: Milotic|73\/100|[from] Sandstorm\n|-heal|p1b: Milotic|79\/100|[from] item: Leftovers\n|-sideend|p1: Champ Bogar|move: Tailwind\n|upkeep\n|turn|5\n|inactive|Champ Bogar has 120 seconds left.\n|inactive|S1r.sweepsaLot has 120 seconds left.\n|\n|t:|1695169177\n|switch|p2a: Nala|Incineroar, M|100\/100\n|-ability|p2a: Nala|Intimidate|boost\n|-unboost|p1a: Incineroar|atk|1\n|-unboost|p1b: Milotic|atk|1\n|-ability|p1b: Milotic|Competitive|boost\n|-boost|p1b: Milotic|spa|2\n|move|p2b: Home Depot|Protect|p2b: Home Depot\n|-singleturn|p2b: Home Depot|Protect\n|move|p1a: Incineroar|Fake Out|p2a: Nala\n|-damage|p2a: Nala|94\/100\n|move|p1b: Milotic|Scald|p2b: Home Depot\n|-activate|p2b: Home Depot|move: Protect\n|\n|-weather|Sandstorm|[upkeep]\n|-damage|p1b: Milotic|73\/100|[from] Sandstorm\n|-damage|p2a: Nala|88\/100|[from] Sandstorm\n|-heal|p1b: Milotic|79\/100|[from] item: Leftovers\n|upkeep\n|turn|6\n|inactive|S1r.sweepsaLot has 120 seconds left.\n|inactive|Champ Bogar has 120 seconds left.\n|\n|t:|1695169204\n|switch|p1a: Cresselia|Cresselia, F|100\/100\n|-damage|p1a: Cresselia|88\/100|[from] Stealth Rock\n|-terastallize|p2b: Home Depot|Ground\n|move|p1b: Milotic|Protect|p1b: Milotic\n|-singleturn|p1b: Milotic|Protect\n|move|p2a: Nala|Fake Out|p1b: Milotic\n|-activate|p1b: Milotic|move: Protect\n|move|p2b: Home Depot|High Horsepower|p1a: Cresselia\n|-immune|p1a: Cresselia|[from] ability: Levitate\n|\n|-weather|Sandstorm|[upkeep]\n|-damage|p1b: Milotic|73\/100|[from] Sandstorm\n|-damage|p1a: Cresselia|82\/100|[from] Sandstorm\n|-damage|p2a: Nala|82\/100|[from] Sandstorm\n|-heal|p1b: Milotic|79\/100|[from] item: Leftovers\n|upkeep\n|turn|7\n|\n|t:|1695169220\n|switch|p2b: Money Bags|Gholdengo, shiny|100\/100\n|move|p1b: Milotic|Scald|p2b: Money Bags\n|-damage|p2b: Money Bags|33\/100\n|move|p2a: Nala|Parting Shot|p1a: Cresselia\n|-unboost|p1a: Cresselia|atk|1\n|-unboost|p1a: Cresselia|spa|1\n|\n|t:|1695169229\n|switch|p2a: Please Flinch|Togekiss, F|43\/100|[from] Parting Shot\n|move|p1a: Cresselia|Trick Room|p1a: Cresselia\n|-fieldstart|move: Trick Room|[of] p1a: Cresselia\n|\n|-weather|none\n|-heal|p1b: Milotic|86\/100|[from] item: Leftovers\n|-heal|p2b: Money Bags|39\/100|[from] item: Leftovers\n|upkeep\n|turn|8\n|\n|t:|1695169239\n|move|p1a: Cresselia|Protect|p1a: Cresselia\n|-singleturn|p1a: Cresselia|Protect\n|move|p2a: Please Flinch|Follow Me|p2a: Please Flinch\n|-singleturn|p2a: Please Flinch|move: Follow Me\n|move|p1b: Milotic|Scald|p2a: Please Flinch\n|-damage|p2a: Please Flinch|0 fnt\n|faint|p2a: Please Flinch\n|move|p2b: Money Bags|Nasty Plot|p2b: Money Bags\n|-boost|p2b: Money Bags|spa|2\n|\n|-heal|p1b: Milotic|92\/100|[from] item: Leftovers\n|-heal|p2b: Money Bags|45\/100|[from] item: Leftovers\n|upkeep\n|\n|t:|1695169259\n|switch|p2a: Godzilla|Tyranitar, F|82\/100\n|-weather|Sandstorm|[from] ability: Sand Stream|[of] p2a: Godzilla\n|turn|9\n|\n|t:|1695169273\n|move|p2a: Godzilla|Knock Off|p1b: Milotic\n|-damage|p1b: Milotic|28\/100\n|-enditem|p1b: Milotic|Leftovers|[from] move: Knock Off|[of] p2a: Godzilla\n|move|p1a: Cresselia|Lunar Blessing|p1a: Cresselia|[spread] p1a,p1b\n|-heal|p1a: Cresselia|100\/100\n|-heal|p1b: Milotic|53\/100\n|move|p1b: Milotic|Scald|p2b: Money Bags\n|-damage|p2b: Money Bags|0 fnt\n|faint|p2b: Money Bags\n|\n|-weather|Sandstorm|[upkeep]\n|-damage|p1a: Cresselia|94\/100|[from] Sandstorm\n|-damage|p1b: Milotic|47\/100|[from] Sandstorm\n|upkeep\n|\n|t:|1695169287\n|switch|p2b: Home Depot|Excadrill, M, tera:Ground|91\/100\n|turn|10\n|\n|t:|1695169294\n|move|p2b: Home Depot|Protect|p2b: Home Depot\n|-singleturn|p2b: Home Depot|Protect\n|-zpower|p2a: Godzilla\n|move|p2a: Godzilla|Continental Crush|p1b: Milotic|[zeffect]\n|-damage|p1b: Milotic|0 fnt\n|faint|p1b: Milotic\n|move|p1a: Cresselia|Lunar Blessing|p1a: Cresselia\n|-heal|p1a: Cresselia|100\/100\n|\n|-weather|Sandstorm|[upkeep]\n|-damage|p1a: Cresselia|94\/100|[from] Sandstorm\n|upkeep\n|\n|t:|1695169300\n|switch|p1b: Ninetales|Ninetales-Alola, F|95\/100\n|-damage|p1b: Ninetales|70\/100|[from] Stealth Rock\n|-weather|Snow|[from] ability: Snow Warning|[of] p1b: Ninetales\n|turn|11\n|\n|t:|1695169311\n|switch|p2a: Nala|Incineroar, M|82\/100\n|-ability|p2a: Nala|Intimidate|boost\n|-unboost|p1a: Cresselia|atk|1\n|-unboost|p1b: Ninetales|atk|1\n|switch|p2b: Concert Speaker|Kommo-o, M|21\/100\n|move|p1a: Cresselia|Dazzling Gleam|p2b: Concert Speaker|[spread] p2a,p2b\n|-supereffective|p2b: Concert Speaker\n|-damage|p2a: Nala|76\/100\n|-damage|p2b: Concert Speaker|0 fnt\n|faint|p2b: Concert Speaker\n|move|p1b: Ninetales|Aurora Veil|p1b: Ninetales\n|-sidestart|p1: Champ Bogar|move: Aurora Veil\n|\n|-weather|Snow|[upkeep]\n|-fieldend|move: Trick Room\n|upkeep\n|\n|t:|1695169313\n|switch|p2b: Godzilla|Tyranitar, F|82\/100\n|-weather|Sandstorm|[from] ability: Sand Stream|[of] p2b: Godzilla\n|turn|12\n|\n|t:|1695169327\n|switch|p1b: Incineroar|Incineroar, F|63\/100\n|-damage|p1b: Incineroar|38\/100|[from] Stealth Rock\n|-ability|p1b: Incineroar|Intimidate|boost\n|-unboost|p2a: Nala|atk|1\n|-unboost|p2b: Godzilla|atk|1\n|move|p2a: Nala|Fake Out|p1a: Cresselia\n|-damage|p1a: Cresselia|91\/100\n|move|p2b: Godzilla|Rock Slide|p1b: Incineroar|[spread] p1a,p1b\n|-supereffective|p1b: Incineroar\n|-damage|p1a: Cresselia|81\/100\n|-damage|p1b: Incineroar|7\/100\n|cant|p1a: Cresselia|flinch\n|\n|-weather|Sandstorm|[upkeep]\n|-damage|p1a: Cresselia|75\/100|[from] Sandstorm\n|-damage|p2a: Nala|70\/100|[from] Sandstorm\n|upkeep\n|turn|13\n|inactive|S1r.sweepsaLot has 120 seconds left.\n|inactive|S1r.sweepsaLot has 90 seconds left.\n|\n|t:|1695169399\n|move|p2a: Nala|Snatch|p2a: Nala\n|-singleturn|p2a: Nala|Snatch\n|move|p1b: Incineroar|Fake Out|p2b: Godzilla\n|-resisted|p2b: Godzilla\n|-damage|p2b: Godzilla|78\/100\n|cant|p2b: Godzilla|flinch\n|move|p1a: Cresselia|Trick Room|p1a: Cresselia\n|-fieldstart|move: Trick Room|[of] p1a: Cresselia\n|\n|-weather|Sandstorm|[upkeep]\n|-damage|p2a: Nala|64\/100|[from] Sandstorm\n|-damage|p1a: Cresselia|69\/100|[from] Sandstorm\n|upkeep\n|turn|14\n|\n|t:|1695169414\n|switch|p1b: Ursaluna|Ursaluna, F|100\/100\n|-damage|p1b: Ursaluna|94\/100|[from] Stealth Rock\n|switch|p2b: Home Depot|Excadrill, M, tera:Ground|91\/100\n|move|p2a: Nala|Flare Blitz|p1b: Ursaluna\n|-damage|p1b: Ursaluna|80\/100\n|-damage|p2a: Nala|59\/100|[from] Recoil\n|move|p1a: Cresselia|Lunar Blessing|p1a: Cresselia|[spread] p1a,p1b\n|-heal|p1a: Cresselia|94\/100\n|-heal|p1b: Ursaluna|100\/100\n|\n|-weather|Sandstorm|[upkeep]\n|-damage|p2a: Nala|53\/100|[from] Sandstorm\n|-damage|p1a: Cresselia|87\/100|[from] Sandstorm\n|-status|p1b: Ursaluna|brn|[from] item: Flame Orb\n|upkeep\n|turn|15\n|\n|t:|1695169428\n|move|p2b: Home Depot|Protect|p2b: Home Depot\n|-singleturn|p2b: Home Depot|Protect\n|move|p1b: Ursaluna|Earthquake|p2a: Nala|[spread] p2a\n|-activate|p2b: Home Depot|move: Protect\n|-immune|p1a: Cresselia|[from] ability: Levitate\n|-supereffective|p2a: Nala\n|-damage|p2a: Nala|0 fnt\n|faint|p2a: Nala\n|move|p1a: Cresselia|Lunar Blessing|p1a: Cresselia|[spread] p1a,p1b\n|-heal|p1a: Cresselia|100\/100\n|-curestatus|p1b: Ursaluna|brn|[msg]\n|\n|-weather|Sandstorm|[upkeep]\n|-damage|p1a: Cresselia|94\/100|[from] Sandstorm\n|-status|p1b: Ursaluna|brn|[from] item: Flame Orb\n|upkeep\n|\n|t:|1695169435\n|switch|p2a: Godzilla|Tyranitar, F|78\/100\n|turn|16\n|\n|t:|1695169446\n|move|p1b: Ursaluna|Earthquake|p2b: Home Depot|[spread] p2a,p2b\n|-immune|p1a: Cresselia|[from] ability: Levitate\n|-supereffective|p2a: Godzilla\n|-damage|p2a: Godzilla|0 fnt\n|-damage|p2b: Home Depot|0 fnt\n|faint|p2a: Godzilla\n|faint|p2b: Home Depot\n|\n|win|Champ Bogar\n|raw|Champ Bogar's rating: 1343 &rarr; <strong>1373<\/strong><br \/>(+30 for winning)\n|raw|S1r.sweepsaLot's rating: 1538 &rarr; <strong>1508<\/strong><br \/>(-30 for losing)\n|c|\u2606Champ Bogar|gg\n","uploadtime":1695169460,"views":9,"p1id":"champbogar","p2id":"s1rsweepsalot","formatid":"gen9nationaldexdoubles","rating":1373,"private":0,"password":""}