{"id":"gen9nationaldexdoubles-1981173941","p1":"tired & eepy","p2":"Gewth","format":"[Gen 9] National Dex Doubles","log":"|j|\u2606tired & eepy\n|j|\u2606Gewth\n|t:|1698869629\n|gametype|doubles\n|player|p1|tired & eepy|101|1195\n|player|p2|Gewth|guitarist|1080\n|teamsize|p1|6\n|teamsize|p2|6\n|gen|9\n|tier|[Gen 9] National Dex Doubles\n|rated|\n|rule|HP Percentage Mod: HP is shown in percentages\n|rule|Endless Battle Clause: Forcing endless battles is banned\n|rule|OHKO Clause: OHKO moves are banned\n|rule|Evasion Moves Clause: Evasion moves are banned\n|rule|Evasion Abilities Clause: Evasion abilities are banned\n|rule|Species Clause: Limit one of each Pok\u00e9mon\n|rule|Gravity Sleep Clause: The combination of sleep-inducing moves with imperfect accuracy and Gravity or Gigantamax Orbeetle are banned\n|clearpoke\n|poke|p1|Gliscor, F|\n|poke|p1|Dragonite, F|\n|poke|p1|Glimmora, M|\n|poke|p1|Torkoal, M|\n|poke|p1|Sinistcha-Masterpiece|\n|poke|p1|Gholdengo|\n|poke|p2|Aegislash, F|\n|poke|p2|Falinks|\n|poke|p2|Tatsugiri, M|\n|poke|p2|Leavanny, M|\n|poke|p2|Porygon-Z|\n|poke|p2|Golurk|\n|teampreview\n|\n|t:|1698869660\n|start\n|switch|p1a: Gliscor|Gliscor, F|100\/100\n|switch|p1b: Glimmora|Glimmora, M|100\/100\n|switch|p2a: Goliath|Golurk|100\/100\n|switch|p2b: Six Lads|Falinks|100\/100\n|turn|1\n|n|\u2606tired & eepy|tiredeepy\n|c|\u2606tired & eepy|what are you cooking with that solo tatsugiri\n|c|\u2606Gewth|devious plans\n|\n|t:|1698869683\n|move|p1b: Glimmora|Stealth Rock|p2b: Six Lads\n|-sidestart|p2: Gewth|move: Stealth Rock\n|move|p1a: Gliscor|Spikes|p2b: Six Lads\n|-sidestart|p2: Gewth|Spikes\n|move|p2b: Six Lads|No Retreat|p2b: Six Lads\n|-boost|p2b: Six Lads|atk|1\n|-boost|p2b: Six Lads|def|1\n|-boost|p2b: Six Lads|spa|1\n|-boost|p2b: Six Lads|spd|1\n|-boost|p2b: Six Lads|spe|1\n|-start|p2b: Six Lads|move: No Retreat\n|move|p2a: Goliath|Earthquake|p1b: Glimmora|[spread] p2b,p1b\n|-immune|p1a: Gliscor\n|-supereffective|p1b: Glimmora\n|-damage|p2b: Six Lads|72\/100\n|-enditem|p1b: Glimmora|Focus Sash\n|-damage|p1b: Glimmora|1\/100\n|-activate|p1b: Glimmora|ability: Toxic Debris\n|-sidestart|p2: Gewth|move: Toxic Spikes\n|\n|-status|p1a: Gliscor|tox|[from] item: Toxic Orb\n|upkeep\n|turn|2\n|c|\u2606tired & eepy|monkaw\n|\n|t:|1698869707\n|move|p1b: Glimmora|Spiky Shield|p1b: Glimmora\n|-singleturn|p1b: Glimmora|move: Protect\n|move|p2b: Six Lads|Throat Chop|p1b: Glimmora\n|-activate|p1b: Glimmora|move: Protect\n|-damage|p2b: Six Lads|59\/100|[from] Spiky Shield|[of] p1b: Glimmora\n|move|p1a: Gliscor|Toxic|p2b: Six Lads\n|-status|p2b: Six Lads|tox\n|move|p2a: Goliath|Dynamic Punch|p1a: Gliscor\n|-resisted|p1a: Gliscor\n|-damage|p1a: Gliscor|89\/100 tox\n|-start|p1a: Gliscor|confusion\n|\n|-damage|p2b: Six Lads|53\/100 tox|[from] psn\n|-heal|p1a: Gliscor|100\/100 tox|[from] ability: Poison Heal\n|upkeep\n|turn|3\n|\n|t:|1698869732\n|switch|p1b: Sinistcha|Sinistcha-Masterpiece|100\/100\n|move|p2b: Six Lads|Throat Chop|p1b: Sinistcha\n|-supereffective|p1b: Sinistcha\n|-damage|p1b: Sinistcha|52\/100\n|-start|p1b: Sinistcha|Throat Chop|[silent]\n|-activate|p1a: Gliscor|confusion\n|move|p1a: Gliscor|Spikes|p2a: Goliath\n|-sidestart|p2: Gewth|Spikes\n|move|p2a: Goliath|Poltergeist|p1a: Gliscor\n|-activate|p1a: Gliscor|move: Poltergeist|Toxic Orb\n|-damage|p1a: Gliscor|65\/100 tox\n|\n|-damage|p2b: Six Lads|42\/100 tox|[from] psn\n|-heal|p1a: Gliscor|77\/100 tox|[from] ability: Poison Heal\n|upkeep\n|turn|4\n|\n|t:|1698869753\n|move|p2b: Six Lads|Throat Chop|p1a: Gliscor\n|-damage|p1a: Gliscor|52\/100 tox\n|-start|p1a: Gliscor|Throat Chop|[silent]\n|-activate|p1a: Gliscor|confusion\n|move|p1a: Gliscor|Spikes|p2b: Six Lads\n|-sidestart|p2: Gewth|Spikes\n|move|p1b: Sinistcha|Strength Sap|p2b: Six Lads\n|-unboost|p2b: Six Lads|atk|1\n|-ability|p2b: Six Lads|Defiant|boost\n|-boost|p2b: Six Lads|atk|2\n|-heal|p1b: Sinistcha|100\/100\n|move|p2a: Goliath|Poltergeist|p1b: Sinistcha\n|-activate|p1b: Sinistcha|move: Poltergeist|Mental Herb\n|-supereffective|p1b: Sinistcha\n|-damage|p1b: Sinistcha|7\/100\n|\n|-damage|p2b: Six Lads|24\/100 tox|[from] psn\n|-heal|p1a: Gliscor|64\/100 tox|[from] ability: Poison Heal\n|-end|p1b: Sinistcha|Throat Chop|[silent]\n|upkeep\n|turn|5\n|\n|t:|1698869780\n|switch|p1b: Glimmora|Glimmora, M|1\/100\n|move|p2b: Six Lads|Throat Chop|p1b: Glimmora\n|-damage|p1b: Glimmora|0 fnt\n|-activate|p1b: Glimmora|ability: Toxic Debris\n|-sidestart|p2: Gewth|move: Toxic Spikes\n|faint|p1b: Glimmora\n|-activate|p1a: Gliscor|confusion\n|move|p1a: Gliscor|Substitute|p1a: Gliscor\n|-start|p1a: Gliscor|Substitute\n|-damage|p1a: Gliscor|39\/100 tox\n|move|p2a: Goliath|Poltergeist|p1a: Gliscor\n|-activate|p1a: Gliscor|move: Poltergeist|Toxic Orb\n|-end|p1a: Gliscor|Substitute\n|\n|-damage|p2b: Six Lads|0 fnt|[from] psn\n|faint|p2b: Six Lads\n|-heal|p1a: Gliscor|52\/100 tox|[from] ability: Poison Heal\n|-end|p1a: Gliscor|Throat Chop|[silent]\n|upkeep\n|\n|t:|1698869800\n|switch|p1b: Dragonite|Dragonite, F|100\/100\n|switch|p2b: Tainted Eden|Porygon-Z|100\/100\n|-damage|p2b: Tainted Eden|88\/100|[from] Stealth Rock\n|-damage|p2b: Tainted Eden|64\/100|[from] Spikes\n|-status|p2b: Tainted Eden|tox\n|turn|6\n|\n|t:|1698869811\n|move|p2b: Tainted Eden|Hyper Beam|p1b: Dragonite\n|-enditem|p2b: Tainted Eden|Normal Gem|[from] gem\n|-damage|p1b: Dragonite|56\/100\n|-mustrecharge|p2b: Tainted Eden\n|-activate|p1a: Gliscor|confusion\n|-damage|p1a: Gliscor|46\/100 tox|[from] confusion\n|move|p2a: Goliath|Poltergeist|p1a: Gliscor\n|-activate|p1a: Gliscor|move: Poltergeist|Toxic Orb\n|-damage|p1a: Gliscor|4\/100 tox\n|move|p1b: Dragonite|Roar|p2b: Tainted Eden\n|drag|p2b: Earl|Leavanny, M|100\/100\n|-damage|p2b: Earl|76\/100|[from] Stealth Rock\n|-damage|p2b: Earl|51\/100|[from] Spikes\n|-status|p2b: Earl|tox\n|\n|-damage|p2b: Earl|45\/100 tox|[from] psn\n|-heal|p1a: Gliscor|17\/100 tox|[from] ability: Poison Heal\n|upkeep\n|turn|7\n|\n|t:|1698869837\n|switch|p1a: Sinistcha|Sinistcha-Masterpiece|7\/100\n|-heal|p1b: Dragonite|81\/100|[from] ability: Hospitality|[of] p1a: Sinistcha\n|move|p2b: Earl|Return|p1a: Sinistcha\n|-immune|p1a: Sinistcha\n|move|p2a: Goliath|Iron Defense|p2a: Goliath\n|-boost|p2a: Goliath|def|2\n|move|p1b: Dragonite|Roar|p2a: Goliath\n|drag|p2a: Apollyon|Aegislash, F, shiny|100\/100\n|-damage|p2a: Apollyon|94\/100|[from] Stealth Rock\n|-damage|p2a: Apollyon|69\/100|[from] Spikes\n|\n|-damage|p2b: Earl|32\/100 tox|[from] psn\n|upkeep\n|turn|8\n|\n|t:|1698869859\n|-formechange|p2a: Apollyon|Aegislash-Blade||[from] ability: Stance Change\n|move|p2a: Apollyon|Shadow Sneak|p1a: Sinistcha\n|-supereffective|p1a: Sinistcha\n|-damage|p1a: Sinistcha|0 fnt\n|faint|p1a: Sinistcha\n|move|p2b: Earl|Return|p1b: Dragonite\n|-crit|p1b: Dragonite\n|-damage|p1b: Dragonite|34\/100\n|move|p1b: Dragonite|Roar|p2a: Apollyon\n|drag|p2a: Goliath|Golurk|100\/100\n|-damage|p2a: Goliath|94\/100|[from] Stealth Rock\n|-damage|p2a: Goliath|70\/100|[from] Spikes\n|-status|p2a: Goliath|tox\n|\n|-damage|p2b: Earl|14\/100 tox|[from] psn\n|-damage|p2a: Goliath|64\/100 tox|[from] psn\n|upkeep\n|\n|t:|1698869873\n|switch|p1a: Gliscor|Gliscor, F|17\/100 tox\n|turn|9\n|\n|t:|1698869893\n|switch|p1a: Gholdengo|Gholdengo|100\/100\n|move|p2b: Earl|Return|p1a: Gholdengo\n|-immune|p1a: Gholdengo\n|move|p1b: Dragonite|Roost|p1b: Dragonite\n|-heal|p1b: Dragonite|84\/100\n|-singleturn|p1b: Dragonite|move: Roost\n|move|p2a: Goliath|Poltergeist|p1b: Dragonite\n|-activate|p1b: Dragonite|move: Poltergeist|Yache Berry\n|-damage|p1b: Dragonite|25\/100\n|\n|-damage|p2b: Earl|0 fnt|[from] psn\n|faint|p2b: Earl\n|-damage|p2a: Goliath|52\/100 tox|[from] psn\n|upkeep\n|\n|t:|1698869908\n|switch|p2b: Apollyon|Aegislash, F, shiny|69\/100\n|-damage|p2b: Apollyon|63\/100|[from] Stealth Rock\n|-damage|p2b: Apollyon|38\/100|[from] Spikes\n|turn|10\n|\n|t:|1698869934\n|switch|p1b: Gliscor|Gliscor, F|17\/100 tox\n|-terastallize|p2b: Apollyon|Flying\n|move|p1a: Gholdengo|Shadow Ball|p2b: Apollyon\n|-damage|p2b: Apollyon|7\/100\n|-unboost|p2b: Apollyon|spd|1\n|move|p2b: Apollyon|Swords Dance|p2b: Apollyon\n|-boost|p2b: Apollyon|atk|2\n|move|p2a: Goliath|Earthquake|p1b: Gliscor|[spread] p1a\n|-immune|p2b: Apollyon\n|-immune|p1b: Gliscor\n|-supereffective|p1a: Gholdengo\n|-damage|p1a: Gholdengo|0 fnt\n|faint|p1a: Gholdengo\n|\n|-heal|p1b: Gliscor|29\/100 tox|[from] ability: Poison Heal\n|-damage|p2a: Goliath|33\/100 tox|[from] psn\n|upkeep\n|\n|t:|1698869951\n|switch|p1a: Dragonite|Dragonite, F|25\/100\n|turn|11\n|\n|t:|1698869965\n|move|p2b: Apollyon|King's Shield|p2b: Apollyon\n|-singleturn|p2b: Apollyon|Protect\n|move|p1a: Dragonite|Extreme Speed|p2b: Apollyon\n|-activate|p2b: Apollyon|move: Protect\n|-unboost|p1a: Dragonite|atk|1\n|move|p1b: Gliscor|Substitute|p1b: Gliscor\n|-start|p1b: Gliscor|Substitute\n|-damage|p1b: Gliscor|4\/100 tox\n|move|p2a: Goliath|Poltergeist|p1b: Gliscor\n|-activate|p1b: Gliscor|move: Poltergeist|Toxic Orb\n|-end|p1b: Gliscor|Substitute\n|\n|-heal|p1b: Gliscor|17\/100 tox|[from] ability: Poison Heal\n|-damage|p2a: Goliath|9\/100 tox|[from] psn\n|upkeep\n|turn|12\n|\n|t:|1698869987\n|switch|p2b: Tainted Eden|Porygon-Z|64\/100 tox\n|-damage|p2b: Tainted Eden|51\/100 tox|[from] Stealth Rock\n|-damage|p2b: Tainted Eden|27\/100 tox|[from] Spikes\n|move|p1a: Dragonite|Extreme Speed|p2b: Tainted Eden\n|-damage|p2b: Tainted Eden|4\/100 tox\n|move|p1b: Gliscor|High Horsepower|p2a: Goliath\n|-damage|p2a: Goliath|0 fnt\n|faint|p2a: Goliath\n|\n|-damage|p2b: Tainted Eden|0 fnt|[from] psn\n|faint|p2b: Tainted Eden\n|-heal|p1b: Gliscor|29\/100 tox|[from] ability: Poison Heal\n|upkeep\n|\n|t:|1698869998\n|switch|p2b: Apollyon|Aegislash, F, shiny, tera:Flying|7\/100\n|switch|p2a: Shimp|Tatsugiri, M|100\/100\n|-damage|p2a: Shimp|88\/100|[from] Stealth Rock\n|-damage|p2a: Shimp|63\/100|[from] Spikes\n|-status|p2a: Shimp|tox\n|-damage|p2b: Apollyon|0 fnt|[from] Stealth Rock\n|faint|p2b: Apollyon\n|turn|13\n|c|\u2606Gewth|i did not cook hard enough\n|-message|Gewth forfeited.\n|\n|win|tired & eepy\n|raw|tired &amp; eepy's rating: 1195 &rarr; <strong>1212<\/strong><br \/>(+17 for winning)\n|raw|Gewth's rating: 1080 &rarr; <strong>1065<\/strong><br \/>(-15 for losing)\n|l|\u2606Gewth\n|c|\u2606tired & eepy|who let him cook\n","uploadtime":1698870021,"views":10,"p1id":"tiredeepy","p2id":"gewth","formatid":"gen9nationaldexdoubles","rating":1065,"private":0,"password":""}