{"id":"gen9nationaldexdoubles-1979120525","p1":"2015slednxs","p2":"Theadonia","format":"[Gen 9] National Dex Doubles","log":"|j|\u26062015slednxs\n|j|\u2606Theadonia\n|t:|1698634948\n|gametype|doubles\n|player|p1|2015slednxs|cynthia-gen4|1084\n|player|p2|Theadonia|roxie|1075\n|teamsize|p1|6\n|teamsize|p2|6\n|gen|9\n|tier|[Gen 9] National Dex Doubles\n|rated|\n|rule|HP Percentage Mod: HP is shown in percentages\n|rule|Endless Battle Clause: Forcing endless battles is banned\n|rule|OHKO Clause: OHKO moves are banned\n|rule|Evasion Moves Clause: Evasion moves are banned\n|rule|Evasion Abilities Clause: Evasion abilities are banned\n|rule|Species Clause: Limit one of each Pok\u00e9mon\n|rule|Gravity Sleep Clause: The combination of sleep-inducing moves with imperfect accuracy and Gravity or Gigantamax Orbeetle are banned\n|clearpoke\n|poke|p1|Noivern, M|\n|poke|p1|Houndoom, M|\n|poke|p1|Torterra, M|\n|poke|p1|Toxicroak, M|\n|poke|p1|Gardevoir, F|\n|poke|p1|Magnezone|\n|poke|p2|Delphox, F|\n|poke|p2|Oricorio-Sensu, M|\n|poke|p2|Kommo-o, M|\n|poke|p2|Wailord, F|\n|poke|p2|Cresselia, F|\n|poke|p2|Ribombee, M|\n|teampreview\n|\n|t:|1698634982\n|start\n|switch|p1a: Toxicroak|Toxicroak, M|100\/100\n|switch|p1b: Torterra|Torterra, M|100\/100\n|switch|p2a: Oricorio|Oricorio-Sensu, M, shiny|100\/100\n|switch|p2b: Ribombee|Ribombee, M|100\/100\n|turn|1\n|\n|t:|1698635002\n|move|p2b: Ribombee|Quiver Dance|p2b: Ribombee\n|-boost|p2b: Ribombee|spa|1\n|-boost|p2b: Ribombee|spd|1\n|-boost|p2b: Ribombee|spe|1\n|-activate|p2a: Oricorio|ability: Dancer\n|move|p2a: Oricorio|Quiver Dance|p2a: Oricorio|[from]ability: Dancer\n|-boost|p2a: Oricorio|spa|1\n|-boost|p2a: Oricorio|spd|1\n|-boost|p2a: Oricorio|spe|1\n|move|p2a: Oricorio|Quiver Dance|p2a: Oricorio\n|-boost|p2a: Oricorio|spa|1\n|-boost|p2a: Oricorio|spd|1\n|-boost|p2a: Oricorio|spe|1\n|move|p1a: Toxicroak|Poison Jab|p2b: Ribombee\n|-supereffective|p2b: Ribombee\n|-enditem|p2b: Ribombee|Focus Sash\n|-damage|p2b: Ribombee|1\/100\n|move|p1b: Torterra|Stone Edge|p2a: Oricorio|[miss]\n|-miss|p1b: Torterra|p2a: Oricorio\n|\n|upkeep\n|turn|2\n|\n|t:|1698635033\n|move|p2b: Ribombee|Quiver Dance|p2b: Ribombee\n|-boost|p2b: Ribombee|spa|1\n|-boost|p2b: Ribombee|spd|1\n|-boost|p2b: Ribombee|spe|1\n|-activate|p2a: Oricorio|ability: Dancer\n|move|p2a: Oricorio|Quiver Dance|p2a: Oricorio|[from]ability: Dancer\n|-boost|p2a: Oricorio|spa|1\n|-boost|p2a: Oricorio|spd|1\n|-boost|p2a: Oricorio|spe|1\n|move|p2a: Oricorio|Revelation Dance|p1b: Torterra\n|-damage|p1b: Torterra|30\/100\n|move|p1a: Toxicroak|Bulk Up|p1a: Toxicroak\n|-boost|p1a: Toxicroak|atk|1\n|-boost|p1a: Toxicroak|def|1\n|move|p1b: Torterra|Stone Edge|p2a: Oricorio\n|-supereffective|p2a: Oricorio\n|-damage|p2a: Oricorio|56\/100\n|\n|upkeep\n|turn|3\n|l|\u2606Theadonia\n|player|p2|\n|j|\u2606Theadonia\n|player|p2|Theadonia|roxie\n|\n|t:|1698635112\n|move|p2b: Ribombee|Quiver Dance|p2b: Ribombee\n|-boost|p2b: Ribombee|spa|1\n|-boost|p2b: Ribombee|spd|1\n|-boost|p2b: Ribombee|spe|1\n|-activate|p2a: Oricorio|ability: Dancer\n|move|p2a: Oricorio|Quiver Dance|p2a: Oricorio|[from]ability: Dancer\n|-boost|p2a: Oricorio|spa|1\n|-boost|p2a: Oricorio|spd|1\n|-boost|p2a: Oricorio|spe|1\n|move|p2a: Oricorio|Substitute|p2a: Oricorio\n|-start|p2a: Oricorio|Substitute\n|-damage|p2a: Oricorio|31\/100\n|move|p1a: Toxicroak|Poison Jab|p2b: Ribombee\n|-supereffective|p2b: Ribombee\n|-damage|p2b: Ribombee|0 fnt\n|faint|p2b: Ribombee\n|move|p1b: Torterra|Stone Edge|p2a: Oricorio\n|-supereffective|p2a: Oricorio\n|-end|p2a: Oricorio|Substitute\n|\n|upkeep\n|\n|t:|1698635116\n|switch|p2b: Cresselia|Cresselia, F|100\/100\n|turn|4\n|\n|t:|1698635157\n|move|p2a: Oricorio|Baton Pass|p2a: Oricorio\n|\n|t:|1698635164\n|switch|p2a: Wailord|Wailord, F, shiny|100\/100|[from] Baton Pass\n|-ability|p2a: Wailord|Pressure\n|move|p1a: Toxicroak|Poison Jab|p2b: Cresselia\n|-damage|p2b: Cresselia|58\/100\n|-status|p2b: Cresselia|psn\n|move|p2b: Cresselia|Psych Up|p2a: Wailord\n|-copyboost|p2b: Cresselia|p2a: Wailord|[from] move: Psych Up\n|move|p1b: Torterra|Stone Edge|p2a: Wailord|[miss]\n|-miss|p1b: Torterra|p2a: Wailord\n|\n|-heal|p2b: Cresselia|64\/100 psn|[from] item: Leftovers\n|-damage|p2b: Cresselia|52\/100 psn|[from] psn\n|upkeep\n|turn|5\n|inactive|Battle timer is ON: inactive players will automatically lose when time's up. (requested by Theadonia)\n|\n|t:|1698635242\n|move|p2b: Cresselia|Stored Power|p1a: Toxicroak\n|-supereffective|p1a: Toxicroak\n|-damage|p1a: Toxicroak|0 fnt\n|faint|p1a: Toxicroak\n|move|p2a: Wailord|Blizzard|p1b: Torterra\n|-supereffective|p1b: Torterra\n|-damage|p1b: Torterra|0 fnt\n|faint|p1b: Torterra\n|\n|-heal|p2b: Cresselia|58\/100 psn|[from] item: Leftovers\n|-damage|p2b: Cresselia|45\/100 psn|[from] psn\n|upkeep\n|\n|t:|1698635260\n|switch|p1a: Magnezone|Magnezone|100\/100\n|switch|p1b: Gardevoir|Gardevoir, F|100\/100\n|turn|6\n|\n|t:|1698635269\n|-terastallize|p2a: Wailord|Water\n|move|p2b: Cresselia|Lunar Blessing|p2b: Cresselia|[spread] p2a,p2b\n|-heal|p2b: Cresselia|70\/100 psn\n|-curestatus|p2b: Cresselia|psn|[msg]\n|move|p2a: Wailord|Water Spout|p1a: Magnezone|[spread] p1a,p1b\n|-damage|p1a: Magnezone|0 fnt\n|-damage|p1b: Gardevoir|0 fnt\n|faint|p1a: Magnezone\n|faint|p1b: Gardevoir\n|\n|-heal|p2b: Cresselia|76\/100|[from] item: Leftovers\n|upkeep\n|\n|t:|1698635284\n|switch|p1b: Houndoom|Houndoom, M|100\/100\n|switch|p1a: Noivern|Noivern, M|100\/100\n|turn|7\n|\n|t:|1698635292\n|move|p2b: Cresselia|Dazzling Gleam|p1b: Houndoom|[spread] p1a,p1b\n|-supereffective|p1a: Noivern\n|-damage|p1a: Noivern|2\/100\n|-damage|p1b: Houndoom|46\/100\n|move|p2a: Wailord|Water Spout|p1b: Houndoom|[spread] p1a,p1b\n|-resisted|p1a: Noivern\n|-supereffective|p1b: Houndoom\n|-damage|p1a: Noivern|0 fnt\n|-damage|p1b: Houndoom|0 fnt\n|faint|p1a: Noivern\n|faint|p1b: Houndoom\n|\n|win|Theadonia\n|raw|2015slednxs's rating: 1084 &rarr; <strong>1061<\/strong><br \/>(-23 for losing)\n|raw|Theadonia's rating: 1075 &rarr; <strong>1104<\/strong><br \/>(+29 for winning)\n","uploadtime":1698635303,"views":9,"p1id":"2015slednxs","p2id":"theadonia","formatid":"gen9nationaldexdoubles","rating":1061,"private":0,"password":""}