{"id":"gen9nationaldexdoubles-1991211002","p1":"killershark6000","p2":"sgae","format":"[Gen 9] National Dex Doubles","log":"|j|\u2606killershark6000\n|j|\u2606sgae\n|t:|1700057559\n|gametype|doubles\n|player|p1|killershark6000|sailor|1069\n|player|p2|sgae|102|1068\n|teamsize|p1|6\n|teamsize|p2|6\n|gen|9\n|tier|[Gen 9] National Dex Doubles\n|rated|\n|rule|HP Percentage Mod: HP is shown in percentages\n|rule|Endless Battle Clause: Forcing endless battles is banned\n|rule|OHKO Clause: OHKO moves are banned\n|rule|Evasion Moves Clause: Evasion moves are banned\n|rule|Evasion Abilities Clause: Evasion abilities are banned\n|rule|Species Clause: Limit one of each Pok\u00e9mon\n|rule|Gravity Sleep Clause: The combination of sleep-inducing moves with imperfect accuracy and Gravity or Gigantamax Orbeetle are banned\n|clearpoke\n|poke|p1|Basculegion, M|\n|poke|p1|Ogerpon-Wellspring, F|\n|poke|p1|Tatsugiri-Droopy, M|\n|poke|p1|Pelipper, F|\n|poke|p1|Urshifu-*, F|\n|poke|p1|Drednaw, M|\n|poke|p2|Regieleki|\n|poke|p2|Diancie|\n|poke|p2|Regigigas|\n|poke|p2|Registeel|\n|poke|p2|Regirock|\n|poke|p2|Regice|\n|teampreview\n|inactive|Battle timer is ON: inactive players will automatically lose when time's up. (requested by killershark6000)\n|\n|t:|1700057595\n|start\n|switch|p1a: Ogerpon|Ogerpon-Wellspring, F|100\/100\n|switch|p1b: Tatsugiri|Tatsugiri-Droopy, M|100\/100\n|switch|p2a: Regieleki|Regieleki, shiny|100\/100\n|switch|p2b: Regigigas|Regigigas|100\/100\n|-start|p2b: Regigigas|ability: Slow Start\n|turn|1\n|\n|t:|1700057611\n|move|p2a: Regieleki|Volt Switch|p1a: Ogerpon\n|-damage|p1a: Ogerpon|41\/100\n|\n|t:|1700057622\n|switch|p2a: Registeel|Registeel, shiny|100\/100|[from] Volt Switch\n|move|p1b: Tatsugiri|Surf|p2a: Registeel|[spread] p2a,p2b\n|-heal|p1a: Ogerpon|66\/100|[from] ability: Water Absorb|[of] p1b: Tatsugiri\n|-damage|p2a: Registeel|81\/100\n|-damage|p2b: Regigigas|76\/100\n|move|p1a: Ogerpon|Leech Seed|p2b: Regigigas\n|-start|p2b: Regigigas|move: Leech Seed\n|move|p2b: Regigigas|Substitute|p2b: Regigigas\n|-start|p2b: Regigigas|Substitute\n|-damage|p2b: Regigigas|51\/100\n|\n|-heal|p2a: Registeel|87\/100|[from] item: Leftovers\n|-heal|p2b: Regigigas|57\/100|[from] item: Leftovers\n|-damage|p2b: Regigigas|45\/100|[from] Leech Seed|[of] p1a: Ogerpon\n|-heal|p1a: Ogerpon|81\/100|[silent]\n|upkeep\n|turn|2\n|\n|t:|1700057645\n|move|p1b: Tatsugiri|Surf|p2b: Regigigas|[spread] p2a,p2b\n|-heal|p1a: Ogerpon|100\/100|[from] ability: Water Absorb|[of] p1b: Tatsugiri\n|-activate|p2b: Regigigas|move: Substitute|[damage]\n|-damage|p2a: Registeel|66\/100\n|move|p1a: Ogerpon|Ivy Cudgel|p1b: Tatsugiri|[anim] Ivy Cudgel Water\n|-activate|p1b: Tatsugiri|ability: Storm Drain\n|-ability|p1b: Tatsugiri|Storm Drain|boost\n|-boost|p1b: Tatsugiri|spa|1\n|move|p2a: Registeel|Curse|p2a: Registeel\n|-unboost|p2a: Registeel|spe|1\n|-boost|p2a: Registeel|atk|1\n|-boost|p2a: Registeel|def|1\n|move|p2b: Regigigas|Body Slam|p1a: Ogerpon\n|-damage|p1a: Ogerpon|66\/100\n|\n|-heal|p2b: Regigigas|51\/100|[from] item: Leftovers\n|-heal|p2a: Registeel|72\/100|[from] item: Leftovers\n|-damage|p2b: Regigigas|38\/100|[from] Leech Seed|[of] p1a: Ogerpon\n|-heal|p1a: Ogerpon|81\/100|[silent]\n|upkeep\n|turn|3\n|inactive|sgae has 120 seconds left.\n|\n|t:|1700057682\n|move|p1b: Tatsugiri|Surf|p2a: Registeel|[spread] p2a,p2b\n|-heal|p1a: Ogerpon|100\/100|[from] ability: Water Absorb|[of] p1b: Tatsugiri\n|-end|p2b: Regigigas|Substitute\n|-damage|p2a: Registeel|42\/100\n|move|p1a: Ogerpon|Horn Leech|p2b: Regigigas\n|-damage|p2b: Regigigas|7\/100\n|move|p2b: Regigigas|Drain Punch|p1a: Ogerpon\n|-damage|p1a: Ogerpon|79\/100\n|-heal|p2b: Regigigas|17\/100|[from] drain|[of] p1a: Ogerpon\n|move|p2a: Registeel|Body Press|p1b: Tatsugiri\n|-damage|p1b: Tatsugiri|17\/100\n|\n|-heal|p2b: Regigigas|23\/100|[from] item: Leftovers\n|-heal|p2a: Registeel|48\/100|[from] item: Leftovers\n|-damage|p2b: Regigigas|10\/100|[from] Leech Seed|[of] p1a: Ogerpon\n|-heal|p1a: Ogerpon|94\/100|[silent]\n|upkeep\n|turn|4\n|inactive|sgae has 120 seconds left.\n|\n|t:|1700057703\n|move|p1b: Tatsugiri|Surf|p2b: Regigigas|[spread] p2a,p2b\n|-heal|p1a: Ogerpon|100\/100|[from] ability: Water Absorb|[of] p1b: Tatsugiri\n|-damage|p2a: Registeel|18\/100\n|-damage|p2b: Regigigas|0 fnt\n|faint|p2b: Regigigas\n|-end|p2b: Regigigas|Slow Start|[silent]\n|move|p1a: Ogerpon|Ivy Cudgel|p1b: Tatsugiri|[anim] Ivy Cudgel Water\n|-ability|p1b: Tatsugiri|Storm Drain|boost\n|-boost|p1b: Tatsugiri|spa|1\n|move|p2a: Registeel|Body Press|p1a: Ogerpon\n|-damage|p1a: Ogerpon|41\/100\n|\n|-heal|p2a: Registeel|24\/100|[from] item: Leftovers\n|upkeep\n|inactive|sgae has 120 seconds left.\n|\n|t:|1700057715\n|switch|p2b: Regieleki|Regieleki, shiny|100\/100\n|turn|5\n|\n|t:|1700057726\n|move|p2b: Regieleki|Electroweb|p1a: Ogerpon|[spread] p1a\n|-miss|p2b: Regieleki|p1b: Tatsugiri\n|-damage|p1a: Ogerpon|7\/100\n|-unboost|p1a: Ogerpon|spe|1\n|move|p1b: Tatsugiri|Surf|p2a: Registeel|[spread] p2a,p2b\n|-heal|p1a: Ogerpon|32\/100|[from] ability: Water Absorb|[of] p1b: Tatsugiri\n|-damage|p2a: Registeel|0 fnt\n|-damage|p2b: Regieleki|0 fnt\n|faint|p2a: Registeel\n|faint|p2b: Regieleki\n|move|p1a: Ogerpon|Ivy Cudgel|p1b: Tatsugiri|[anim] Ivy Cudgel Water\n|-activate|p1b: Tatsugiri|ability: Storm Drain\n|-ability|p1b: Tatsugiri|Storm Drain|boost\n|-boost|p1b: Tatsugiri|spa|1\n|\n|upkeep\n|\n|t:|1700057737\n|switch|p2b: Diancie|Diancie, shiny|100\/100\n|switch|p2a: Regice|Regice|100\/100\n|turn|6\n|\n|t:|1700057754\n|detailschange|p2b: Diancie|Diancie-Mega, shiny\n|-mega|p2b: Diancie|Diancie|Diancite\n|move|p1b: Tatsugiri|Surf|p2a: Regice|[spread] p2a,p2b\n|-heal|p1a: Ogerpon|57\/100|[from] ability: Water Absorb|[of] p1b: Tatsugiri\n|-supereffective|p2b: Diancie\n|-damage|p2a: Regice|57\/100\n|-damage|p2b: Diancie|0 fnt\n|faint|p2b: Diancie\n|move|p1a: Ogerpon|Horn Leech|p2a: Regice\n|-damage|p2a: Regice|18\/100\n|-heal|p1a: Ogerpon|77\/100|[from] drain|[of] p2a: Regice\n|move|p2a: Regice|Curse|p2a: Regice\n|-unboost|p2a: Regice|spe|1\n|-boost|p2a: Regice|atk|1\n|-boost|p2a: Regice|def|1\n|\n|-heal|p2a: Regice|24\/100|[from] item: Leftovers\n|upkeep\n|\n|t:|1700057757\n|switch|p2b: Regirock|Regirock, shiny|100\/100\n|turn|7\n|\n|t:|1700057768\n|move|p1b: Tatsugiri|Surf|p2b: Regirock|[spread] p2a,p2b\n|-heal|p1a: Ogerpon|100\/100|[from] ability: Water Absorb|[of] p1b: Tatsugiri\n|-supereffective|p2b: Regirock\n|-damage|p2a: Regice|0 fnt\n|-damage|p2b: Regirock|0 fnt\n|faint|p2a: Regice\n|faint|p2b: Regirock\n|\n|win|killershark6000\n|raw|killershark6000's rating: 1069 &rarr; <strong>1099<\/strong><br \/>(+30 for winning)\n|raw|sgae's rating: 1068 &rarr; <strong>1048<\/strong><br \/>(-20 for losing)\n|l|\u2606sgae\n","uploadtime":1700057781,"views":5,"p1id":"killershark6000","p2id":"sgae","formatid":"gen9nationaldexdoubles","rating":1048,"private":0,"password":""}