{"id":"gen9nationaldexdoubles-1969050385","p1":"Mr. Buggy Boy","p2":"Theadonia","format":"[Gen 9] National Dex Doubles","log":"|j|\u2606Mr. Buggy Boy\n|j|\u2606Theadonia\n|t:|1697485795\n|gametype|doubles\n|player|p1|Mr. Buggy Boy|bugcatcher-gen4dp|1216\n|player|p2|Theadonia|caitlin|1121\n|teamsize|p1|6\n|teamsize|p2|6\n|gen|9\n|tier|[Gen 9] National Dex Doubles\n|rated|\n|rule|HP Percentage Mod: HP is shown in percentages\n|rule|Endless Battle Clause: Forcing endless battles is banned\n|rule|OHKO Clause: OHKO moves are banned\n|rule|Evasion Moves Clause: Evasion moves are banned\n|rule|Evasion Abilities Clause: Evasion abilities are banned\n|rule|Species Clause: Limit one of each Pok\u00e9mon\n|rule|Gravity Sleep Clause: The combination of sleep-inducing moves with imperfect accuracy and Gravity or Gigantamax Orbeetle are banned\n|clearpoke\n|poke|p1|Tyranitar, M|\n|poke|p1|Dracovish|\n|poke|p1|Houndstone, M|\n|poke|p1|Glimmora, F|\n|poke|p1|Ogerpon-Cornerstone, F|\n|poke|p1|Gholdengo|\n|poke|p2|Delphox, F|\n|poke|p2|Oricorio-Sensu, F|\n|poke|p2|Kommo-o, F|\n|poke|p2|Wailord, F|\n|poke|p2|Cresselia, F|\n|poke|p2|Ribombee, M|\n|teampreview\n|c|\u2606Mr. Buggy Boy|Howdy! I like your team\n|\n|t:|1697485809\n|start\n|switch|p1a: Godzilla|Tyranitar, M|100\/100\n|switch|p1b: Flower|Glimmora, F|100\/100\n|switch|p2a: Oricorio|Oricorio-Sensu, F, shiny|100\/100\n|switch|p2b: Ribombee|Ribombee, M|100\/100\n|-item|p1b: Flower|Air Balloon\n|-weather|Sandstorm|[from] ability: Sand Stream|[of] p1a: Godzilla\n|turn|1\n|\n|t:|1697485824\n|detailschange|p1a: Godzilla|Tyranitar-Mega, M\n|-mega|p1a: Godzilla|Tyranitar|Tyranitarite\n|move|p2b: Ribombee|Quiver Dance|p2b: Ribombee\n|-boost|p2b: Ribombee|spa|1\n|-boost|p2b: Ribombee|spd|1\n|-boost|p2b: Ribombee|spe|1\n|-activate|p2a: Oricorio|ability: Dancer\n|move|p2a: Oricorio|Quiver Dance|p2a: Oricorio|[from]ability: Dancer\n|-boost|p2a: Oricorio|spa|1\n|-boost|p2a: Oricorio|spd|1\n|-boost|p2a: Oricorio|spe|1\n|move|p2a: Oricorio|Substitute|p2a: Oricorio\n|-start|p2a: Oricorio|Substitute\n|-damage|p2a: Oricorio|75\/100\n|move|p1b: Flower|Stealth Rock|p2a: Oricorio\n|-sidestart|p2: Theadonia|move: Stealth Rock\n|move|p1a: Godzilla|Knock Off|p2a: Oricorio\n|-supereffective|p2a: Oricorio\n|-end|p2a: Oricorio|Substitute\n|\n|-weather|Sandstorm|[upkeep]\n|-damage|p2b: Ribombee|94\/100|[from] Sandstorm\n|-damage|p2a: Oricorio|69\/100|[from] Sandstorm\n|upkeep\n|turn|2\n|c|\u2606Theadonia|Ty :)\n|\n|t:|1697485856\n|move|p2b: Ribombee|Quiver Dance|p2b: Ribombee\n|-boost|p2b: Ribombee|spa|1\n|-boost|p2b: Ribombee|spd|1\n|-boost|p2b: Ribombee|spe|1\n|-activate|p2a: Oricorio|ability: Dancer\n|move|p2a: Oricorio|Quiver Dance|p2a: Oricorio|[from]ability: Dancer\n|-boost|p2a: Oricorio|spa|1\n|-boost|p2a: Oricorio|spd|1\n|-boost|p2a: Oricorio|spe|1\n|move|p2a: Oricorio|Substitute|p2a: Oricorio\n|-start|p2a: Oricorio|Substitute\n|-damage|p2a: Oricorio|44\/100\n|move|p1b: Flower|Spikes|p2a: Oricorio\n|-sidestart|p2: Theadonia|Spikes\n|move|p1a: Godzilla|Knock Off|p2a: Oricorio\n|-supereffective|p2a: Oricorio\n|-end|p2a: Oricorio|Substitute\n|\n|-weather|Sandstorm|[upkeep]\n|-damage|p2b: Ribombee|88\/100|[from] Sandstorm\n|-damage|p2a: Oricorio|38\/100|[from] Sandstorm\n|upkeep\n|turn|3\n|\n|t:|1697485878\n|move|p2b: Ribombee|Pollen Puff|p2a: Oricorio\n|-heal|p2a: Oricorio|88\/100\n|move|p2a: Oricorio|Substitute|p2a: Oricorio\n|-start|p2a: Oricorio|Substitute\n|-damage|p2a: Oricorio|63\/100\n|move|p1b: Flower|Mortal Spin|p2b: Ribombee|[spread] p2a,p2b\n|-resisted|p2a: Oricorio\n|-activate|p2a: Oricorio|move: Substitute|[damage]\n|-supereffective|p2b: Ribombee\n|-damage|p2b: Ribombee|72\/100\n|-status|p2b: Ribombee|psn\n|move|p1a: Godzilla|Knock Off|p2a: Oricorio\n|-supereffective|p2a: Oricorio\n|-end|p2a: Oricorio|Substitute\n|\n|-weather|Sandstorm|[upkeep]\n|-damage|p2b: Ribombee|66\/100 psn|[from] Sandstorm\n|-damage|p2a: Oricorio|57\/100|[from] Sandstorm\n|-damage|p2b: Ribombee|54\/100 psn|[from] psn\n|upkeep\n|turn|4\n|\n|t:|1697485900\n|move|p2b: Ribombee|Quiver Dance|p2b: Ribombee\n|-boost|p2b: Ribombee|spa|1\n|-boost|p2b: Ribombee|spd|1\n|-boost|p2b: Ribombee|spe|1\n|-activate|p2a: Oricorio|ability: Dancer\n|move|p2a: Oricorio|Quiver Dance|p2a: Oricorio|[from]ability: Dancer\n|-boost|p2a: Oricorio|spa|1\n|-boost|p2a: Oricorio|spd|1\n|-boost|p2a: Oricorio|spe|1\n|move|p2a: Oricorio|Substitute|p2a: Oricorio\n|-start|p2a: Oricorio|Substitute\n|-damage|p2a: Oricorio|32\/100\n|move|p1b: Flower|Spikes|p2b: Ribombee\n|-sidestart|p2: Theadonia|Spikes\n|move|p1a: Godzilla|Knock Off|p2a: Oricorio\n|-supereffective|p2a: Oricorio\n|-end|p2a: Oricorio|Substitute\n|\n|-weather|Sandstorm|[upkeep]\n|-damage|p2b: Ribombee|48\/100 psn|[from] Sandstorm\n|-damage|p2a: Oricorio|25\/100|[from] Sandstorm\n|-enditem|p2a: Oricorio|Aguav Berry|[eat]\n|-heal|p2a: Oricorio|59\/100|[from] item: Aguav Berry\n|-damage|p2b: Ribombee|35\/100 psn|[from] psn\n|upkeep\n|turn|5\n|\n|t:|1697485929\n|move|p2b: Ribombee|Pollen Puff|p2a: Oricorio\n|-heal|p2a: Oricorio|100\/100\n|move|p2a: Oricorio|Substitute|p2a: Oricorio\n|-start|p2a: Oricorio|Substitute\n|-damage|p2a: Oricorio|75\/100\n|move|p1b: Flower|Spikes|p2b: Ribombee\n|-sidestart|p2: Theadonia|Spikes\n|move|p1a: Godzilla|Dragon Tail|p2b: Ribombee\n|-immune|p2b: Ribombee\n|\n|-weather|none\n|-damage|p2b: Ribombee|23\/100 psn|[from] psn\n|upkeep\n|turn|6\n|c|\u2606Mr. Buggy Boy|I may have forgotten about the fairy type ngl\n|\n|t:|1697485955\n|move|p2b: Ribombee|Dazzling Gleam|p1b: Flower|[spread] p1a,p1b\n|-supereffective|p1a: Godzilla\n|-resisted|p1b: Flower\n|-damage|p1a: Godzilla|12\/100\n|-damage|p1b: Flower|66\/100\n|-enditem|p1b: Flower|Air Balloon\n|move|p2a: Oricorio|Quiver Dance|p2a: Oricorio\n|-boost|p2a: Oricorio|spa|1\n|-boost|p2a: Oricorio|spd|1\n|-boost|p2a: Oricorio|spe|1\n|move|p1b: Flower|Mortal Spin|p2a: Oricorio|[spread] p2a,p2b\n|-resisted|p2a: Oricorio\n|-activate|p2a: Oricorio|move: Substitute|[damage]\n|-supereffective|p2b: Ribombee\n|-damage|p2b: Ribombee|6\/100 psn\n|move|p1a: Godzilla|Sandstorm|p1a: Godzilla\n|-weather|Sandstorm\n|\n|-weather|Sandstorm|[upkeep]\n|-damage|p2b: Ribombee|0 fnt|[from] Sandstorm\n|-damage|p2a: Oricorio|69\/100|[from] Sandstorm\n|faint|p2b: Ribombee\n|upkeep\n|c|\u2606Theadonia|Haha I love ribombee for that reason\n|\n|t:|1697485972\n|switch|p2b: Cresselia|Cresselia, F|100\/100\n|-damage|p2b: Cresselia|88\/100|[from] Stealth Rock\n|turn|7\n|\n|t:|1697485983\n|move|p2a: Oricorio|Quiver Dance|p2a: Oricorio\n|-boost|p2a: Oricorio|spa|1\n|-boost|p2a: Oricorio|spd|1\n|-boost|p2a: Oricorio|spe|1\n|move|p1b: Flower|Mortal Spin|p2b: Cresselia|[spread] p2a,p2b\n|-resisted|p2a: Oricorio\n|-activate|p2a: Oricorio|move: Substitute|[damage]\n|-damage|p2b: Cresselia|85\/100\n|-status|p2b: Cresselia|psn\n|move|p2b: Cresselia|Psych Up|p2a: Oricorio\n|-copyboost|p2b: Cresselia|p2a: Oricorio|[from] move: Psych Up\n|move|p1a: Godzilla|Knock Off|p2b: Cresselia\n|-supereffective|p2b: Cresselia\n|-damage|p2b: Cresselia|16\/100 psn\n|-enditem|p2b: Cresselia|Leftovers|[from] move: Knock Off|[of] p1a: Godzilla\n|\n|-weather|Sandstorm|[upkeep]\n|-damage|p2a: Oricorio|63\/100|[from] Sandstorm\n|-damage|p2b: Cresselia|10\/100 psn|[from] Sandstorm\n|-damage|p2b: Cresselia|0 fnt|[from] psn\n|faint|p2b: Cresselia\n|upkeep\n|\n|t:|1697486003\n|switch|p2b: Delphox|Delphox, F, shiny|100\/100\n|-damage|p2b: Delphox|76\/100|[from] Stealth Rock\n|-damage|p2b: Delphox|51\/100|[from] Spikes\n|turn|8\n|c|\u2606Mr. Buggy Boy|No\n|\n|t:|1697486020\n|move|p2a: Oricorio|Revelation Dance|p1b: Flower\n|-damage|p1b: Flower|0 fnt\n|faint|p1b: Flower\n|move|p2b: Delphox|Copycat|p2b: Delphox\n|move|p2b: Delphox|Revelation Dance|p1a: Godzilla|[from]move: Copycat\n|-resisted|p1a: Godzilla\n|-damage|p1a: Godzilla|3\/100\n|-activate|p2a: Oricorio|ability: Dancer\n|move|p2a: Oricorio|Revelation Dance|p1a: Godzilla|[from]ability: Dancer\n|-resisted|p1a: Godzilla\n|-damage|p1a: Godzilla|0 fnt\n|faint|p1a: Godzilla\n|\n|-weather|Sandstorm|[upkeep]\n|-damage|p2a: Oricorio|57\/100|[from] Sandstorm\n|-damage|p2b: Delphox|45\/100|[from] Sandstorm\n|upkeep\n|c|\u2606Mr. Buggy Boy|Oh thats broken\n|\n|t:|1697486044\n|switch|p1b: Animal Crossing|Houndstone, M|100\/100\n|switch|p1a: Fish|Dracovish|100\/100\n|turn|9\n|c|\u2606Theadonia|I love it\n|c|\u2606Theadonia|this isn\u2019t even the main star\n|\n|t:|1697486061\n|move|p2a: Oricorio|Revelation Dance|p1b: Animal Crossing\n|-supereffective|p1b: Animal Crossing\n|-damage|p1b: Animal Crossing|0 fnt\n|faint|p1b: Animal Crossing\n|move|p1a: Fish|Fishious Rend|p2b: Delphox\n|-supereffective|p2b: Delphox\n|-damage|p2b: Delphox|0 fnt\n|faint|p2b: Delphox\n|\n|-weather|Sandstorm|[upkeep]\n|-damage|p2a: Oricorio|50\/100|[from] Sandstorm\n|upkeep\n|c|\u2606Mr. Buggy Boy|Im scared\n|\n|t:|1697486074\n|switch|p2b: Kommo-o|Kommo-o, F, shiny|100\/100\n|switch|p1b: Ogerpon|Ogerpon-Cornerstone, F|100\/100\n|-damage|p2b: Kommo-o|94\/100|[from] Stealth Rock\n|-damage|p2b: Kommo-o|70\/100|[from] Spikes\n|turn|10\n|\n|t:|1697486094\n|-terastallize|p1b: Ogerpon|Rock\n|detailschange|p1b: Ogerpon|Ogerpon-Cornerstone-Tera, F, tera:Rock\n|-ability|p1b: Ogerpon|Embody Aspect (Cornerstone)|boost\n|-boost|p1b: Ogerpon|def|1\n|move|p1b: Ogerpon|Spiky Shield|p1b: Ogerpon\n|-singleturn|p1b: Ogerpon|move: Protect\n|move|p2a: Oricorio|Baton Pass|p2a: Oricorio\n|\n|t:|1697486101\n|switch|p2a: Wailord|Wailord, F, shiny|100\/100|[from] Baton Pass\n|-damage|p2a: Wailord|88\/100|[from] Stealth Rock\n|-damage|p2a: Wailord|63\/100|[from] Spikes\n|-ability|p2a: Wailord|Pressure\n|move|p1a: Fish|Outrage|p2a: Wailord\n|-end|p2a: Wailord|Substitute\n|-zpower|p2b: Kommo-o\n|move|p2b: Kommo-o|Clangorous Soulblaze|p1b: Ogerpon|[zeffect]|[spread] p1a,p1b\n|-supereffective|p1a: Fish\n|-zbroken|p1b: Ogerpon\n|-damage|p1a: Fish|3\/100\n|-damage|p1b: Ogerpon|92\/100\n|-boost|p2b: Kommo-o|atk|1\n|-boost|p2b: Kommo-o|def|1\n|-boost|p2b: Kommo-o|spa|1\n|-boost|p2b: Kommo-o|spd|1\n|-boost|p2b: Kommo-o|spe|1\n|\n|-weather|none\n|-heal|p2a: Wailord|69\/100|[from] item: Leftovers\n|-heal|p1a: Fish|9\/100|[from] item: Leftovers\n|upkeep\n|turn|11\n|\n|t:|1697486136\n|-terastallize|p2a: Wailord|Water\n|move|p2a: Wailord|Water Spout|p1b: Ogerpon|[spread] p1a,p1b\n|-resisted|p1a: Fish\n|-supereffective|p1b: Ogerpon\n|-damage|p1a: Fish|0 fnt\n|-damage|p1b: Ogerpon|0 fnt\n|faint|p1a: Fish\n|faint|p1b: Ogerpon\n|move|p2b: Kommo-o|Drain Punch|p1: Fish|[notarget]\n|-fail|p2b: Kommo-o\n|\n|-heal|p2a: Wailord|75\/100|[from] item: Leftovers\n|upkeep\n|\n|t:|1697486151\n|switch|p1b: Coins|Gholdengo|100\/100\n|turn|12\n|\n|t:|1697486157\n|move|p2a: Wailord|Water Spout|p1b: Coins\n|-damage|p1b: Coins|0 fnt\n|faint|p1b: Coins\n|\n|win|Theadonia\n|raw|Mr. Buggy Boy's rating: 1216 &rarr; <strong>1184<\/strong><br \/>(-32 for losing)\n|raw|Theadonia's rating: 1121 &rarr; <strong>1153<\/strong><br \/>(+32 for winning)\n|c|\u2606Mr. Buggy Boy|Gg\n|c|\u2606Theadonia|Ggwp :)\n|l|\u2606Mr. Buggy Boy\n","uploadtime":1697486166,"views":26,"p1id":"mrbuggyboy","p2id":"theadonia","formatid":"gen9nationaldexdoubles","rating":1153,"private":0,"password":""}