{"id":"gen9nationaldexdoubles-1971735849","p1":"josesuperx","p2":"Shnipe_Cizy","format":"[Gen 9] National Dex Doubles","log":"|j|\u2606josesuperx\n|j|\u2606Shnipe_Cizy\n|t:|1697766359\n|gametype|doubles\n|player|p1|josesuperx|hilbert|1334\n|player|p2|Shnipe_Cizy|turo-ai|1326\n|teamsize|p1|6\n|teamsize|p2|6\n|gen|9\n|tier|[Gen 9] National Dex Doubles\n|rated|\n|rule|HP Percentage Mod: HP is shown in percentages\n|rule|Endless Battle Clause: Forcing endless battles is banned\n|rule|OHKO Clause: OHKO moves are banned\n|rule|Evasion Moves Clause: Evasion moves are banned\n|rule|Evasion Abilities Clause: Evasion abilities are banned\n|rule|Species Clause: Limit one of each Pok\u00e9mon\n|rule|Gravity Sleep Clause: The combination of sleep-inducing moves with imperfect accuracy and Gravity or Gigantamax Orbeetle are banned\n|clearpoke\n|poke|p1|Urshifu-*, M|\n|poke|p1|Flutter Mane|\n|poke|p1|Thundurus, M|\n|poke|p1|Incineroar, M|\n|poke|p1|Ogerpon, F|\n|poke|p1|Great Tusk|\n|poke|p2|Palafin, M|\n|poke|p2|Incineroar, F|\n|poke|p2|Amoonguss, M|\n|poke|p2|Flutter Mane|\n|poke|p2|Ninetales-Alola, F|\n|poke|p2|Chien-Pao|\n|teampreview\n|\n|t:|1697766399\n|start\n|switch|p1a: Incineroar|Incineroar, M, shiny|100\/100\n|switch|p1b: Urshifu|Urshifu-Rapid-Strike, M|100\/100\n|switch|p2a: Palafin|Palafin, M|100\/100\n|switch|p2b: Ninetales|Ninetales-Alola, F, shiny|100\/100\n|-weather|Snow|[from] ability: Snow Warning|[of] p2b: Ninetales\n|-ability|p1a: Incineroar|Intimidate|boost\n|-unboost|p2a: Palafin|atk|1\n|-unboost|p2b: Ninetales|atk|1\n|turn|1\n|\n|t:|1697766422\n|detailschange|p2a: Palafin|Palafin-Hero, M\n|switch|p2a: Amoonguss|Amoonguss, M|100\/100\n|move|p1a: Incineroar|Fake Out|p2b: Ninetales\n|-damage|p2b: Ninetales|90\/100\n|cant|p2b: Ninetales|flinch\n|move|p1b: Urshifu|Surging Strikes|p2b: Ninetales\n|-crit|p2b: Ninetales\n|-damage|p2b: Ninetales|71\/100\n|-crit|p2b: Ninetales\n|-damage|p2b: Ninetales|53\/100\n|-crit|p2b: Ninetales\n|-damage|p2b: Ninetales|33\/100\n|-hitcount|p2b: Ninetales|3\n|\n|-weather|Snow|[upkeep]\n|upkeep\n|turn|2\n|\n|t:|1697766453\n|move|p1b: Urshifu|Detect|p1b: Urshifu\n|-singleturn|p1b: Urshifu|Protect\n|move|p2b: Ninetales|Aurora Veil|p2b: Ninetales\n|-sidestart|p2: Shnipe_Cizy|move: Aurora Veil\n|move|p1a: Incineroar|Parting Shot|p2a: Amoonguss\n|-unboost|p2a: Amoonguss|atk|1\n|-unboost|p2a: Amoonguss|spa|1\n|\n|t:|1697766479\n|switch|p1a: Thundurus|Thundurus, M, shiny|100\/100|[from] Parting Shot\n|move|p2a: Amoonguss|Spore|p1b: Urshifu\n|-activate|p1b: Urshifu|move: Protect\n|\n|-weather|Snow|[upkeep]\n|upkeep\n|turn|3\n|\n|t:|1697766497\n|switch|p1b: Ogerpon|Ogerpon, F|100\/100\n|move|p2a: Amoonguss|Rage Powder|p2a: Amoonguss\n|-singleturn|p2a: Amoonguss|move: Rage Powder\n|move|p2b: Ninetales|Moonblast|p1b: Ogerpon\n|-damage|p1b: Ogerpon|65\/100\n|-unboost|p1b: Ogerpon|spa|1\n|-ability|p1b: Ogerpon|Defiant|boost\n|-boost|p1b: Ogerpon|atk|2\n|move|p1a: Thundurus|Brick Break|p2a: Amoonguss\n|-sideend|p2: Shnipe_Cizy|move: Aurora Veil\n|-resisted|p2a: Amoonguss\n|-damage|p2a: Amoonguss|92\/100\n|\n|-weather|Snow|[upkeep]\n|upkeep\n|turn|4\n|\n|t:|1697766531\n|move|p1a: Thundurus|Taunt|p2a: Amoonguss\n|-start|p2a: Amoonguss|move: Taunt\n|move|p2b: Ninetales|Blizzard|p1a: Thundurus|[spread] p1a,p1b\n|-supereffective|p1a: Thundurus\n|-supereffective|p1b: Ogerpon\n|-crit|p1b: Ogerpon\n|-damage|p1a: Thundurus|45\/100\n|-damage|p1b: Ogerpon|0 fnt\n|-enditem|p1a: Thundurus|Sitrus Berry|[eat]\n|-heal|p1a: Thundurus|70\/100|[from] item: Sitrus Berry\n|faint|p1b: Ogerpon\n|cant|p2a: Amoonguss|move: Taunt|Spore\n|\n|-weather|Snow|[upkeep]\n|upkeep\n|\n|t:|1697766560\n|switch|p1b: Incineroar|Incineroar, M, shiny|100\/100\n|-ability|p1b: Incineroar|Intimidate|boost\n|-unboost|p2a: Amoonguss|atk|1\n|-unboost|p2b: Ninetales|atk|1\n|turn|5\n|\n|t:|1697766575\n|switch|p2a: Incineroar|Incineroar, F|100\/100\n|-ability|p2a: Incineroar|Intimidate|boost\n|-unboost|p1a: Thundurus|atk|1\n|-unboost|p1b: Incineroar|atk|1\n|move|p1b: Incineroar|Fake Out|p2a: Incineroar\n|-damage|p2a: Incineroar|94\/100\n|move|p2b: Ninetales|Blizzard|p1a: Thundurus|[spread] p1a,p1b\n|-supereffective|p1a: Thundurus\n|-resisted|p1b: Incineroar\n|-damage|p1a: Thundurus|9\/100\n|-damage|p1b: Incineroar|89\/100\n|move|p1a: Thundurus|Wildbolt Storm|p2a: Incineroar|[spread] p2a\n|-miss|p1a: Thundurus|p2b: Ninetales\n|-damage|p2a: Incineroar|67\/100\n|\n|-weather|none\n|upkeep\n|turn|6\n|\n|t:|1697766609\n|switch|p2b: Palafin|Palafin-Hero, M|100\/100\n|-activate|p2b: Palafin|ability: Zero to Hero\n|move|p2a: Incineroar|Fake Out|p1a: Thundurus\n|-damage|p1a: Thundurus|0 fnt\n|faint|p1a: Thundurus\n|move|p1b: Incineroar|Parting Shot|p2a: Incineroar\n|-unboost|p2a: Incineroar|atk|1\n|-unboost|p2a: Incineroar|spa|1\n|\n|t:|1697766623\n|switch|p1b: Flutter Mane|Flutter Mane, shiny|100\/100|[from] Parting Shot\n|\n|upkeep\n|\n|t:|1697766635\n|switch|p1a: Great Tusk|Great Tusk|100\/100\n|turn|7\n|\n|t:|1697766703\n|switch|p2a: Chien-Pao|Chien-Pao|100\/100\n|-ability|p2a: Chien-Pao|Sword of Ruin\n|-terastallize|p1b: Flutter Mane|Fairy\n|-terastallize|p2b: Palafin|Water\n|move|p2b: Palafin|Jet Punch|p1b: Flutter Mane\n|-damage|p1b: Flutter Mane|0 fnt\n|faint|p1b: Flutter Mane\n|-end|p1b: Flutter Mane|Protosynthesis|[silent]\n|move|p1a: Great Tusk|Headlong Rush|p2a: Chien-Pao\n|-damage|p2a: Chien-Pao|17\/100\n|-unboost|p1a: Great Tusk|def|1\n|-unboost|p1a: Great Tusk|spd|1\n|\n|upkeep\n|\n|t:|1697766729\n|switch|p1b: Incineroar|Incineroar, M, shiny|89\/100\n|-ability|p1b: Incineroar|Intimidate|boost\n|-unboost|p2a: Chien-Pao|atk|1\n|-unboost|p2b: Palafin|atk|1\n|turn|8\n|\n|t:|1697766766\n|move|p2a: Chien-Pao|Protect|p2a: Chien-Pao\n|-singleturn|p2a: Chien-Pao|Protect\n|move|p1b: Incineroar|Fake Out|p2a: Chien-Pao\n|-activate|p2a: Chien-Pao|move: Protect\n|move|p2b: Palafin|Wave Crash|p1b: Incineroar\n|-supereffective|p1b: Incineroar\n|-damage|p1b: Incineroar|0 fnt\n|faint|p1b: Incineroar\n|-damage|p2b: Palafin|75\/100|[from] Recoil\n|move|p1a: Great Tusk|Close Combat|p2b: Palafin\n|-damage|p2b: Palafin|9\/100\n|-unboost|p1a: Great Tusk|def|1\n|-unboost|p1a: Great Tusk|spd|1\n|\n|upkeep\n|\n|t:|1697766784\n|switch|p1b: Urshifu|Urshifu-Rapid-Strike, M|100\/100\n|turn|9\n|\n|t:|1697766820\n|switch|p2a: Amoonguss|Amoonguss, M|100\/100\n|move|p2b: Palafin|Jet Punch|p1a: Great Tusk\n|-supereffective|p1a: Great Tusk\n|-damage|p1a: Great Tusk|0 fnt\n|faint|p1a: Great Tusk\n|-end|p1a: Great Tusk|Protosynthesis|[silent]\n|move|p1b: Urshifu|Surging Strikes|p2a: Amoonguss\n|-resisted|p2a: Amoonguss\n|-crit|p2a: Amoonguss\n|-damage|p2a: Amoonguss|94\/100\n|-resisted|p2a: Amoonguss\n|-crit|p2a: Amoonguss\n|-damage|p2a: Amoonguss|86\/100\n|-resisted|p2a: Amoonguss\n|-crit|p2a: Amoonguss\n|-damage|p2a: Amoonguss|79\/100\n|-hitcount|p2a: Amoonguss|3\n|\n|upkeep\n|turn|10\n|\n|t:|1697766832\n|move|p2a: Amoonguss|Rage Powder|p2a: Amoonguss\n|-singleturn|p2a: Amoonguss|move: Rage Powder\n|move|p2b: Palafin|Jet Punch|p1b: Urshifu\n|-resisted|p1b: Urshifu\n|-damage|p1b: Urshifu|78\/100\n|move|p1b: Urshifu|Surging Strikes|p2a: Amoonguss\n|-resisted|p2a: Amoonguss\n|-crit|p2a: Amoonguss\n|-damage|p2a: Amoonguss|72\/100\n|-resisted|p2a: Amoonguss\n|-crit|p2a: Amoonguss\n|-damage|p2a: Amoonguss|64\/100\n|-resisted|p2a: Amoonguss\n|-crit|p2a: Amoonguss\n|-damage|p2a: Amoonguss|57\/100\n|-hitcount|p2a: Amoonguss|3\n|\n|upkeep\n|turn|11\n|\n|t:|1697766847\n|switch|p2b: Incineroar|Incineroar, F|67\/100\n|-ability|p2b: Incineroar|Intimidate|boost\n|-unboost|p1b: Urshifu|atk|1\n|move|p1b: Urshifu|Ice Spinner|p2a: Amoonguss\n|-supereffective|p2a: Amoonguss\n|-damage|p2a: Amoonguss|29\/100\n|move|p2a: Amoonguss|Spore|p1b: Urshifu\n|-status|p1b: Urshifu|slp|[from] move: Spore\n|\n|upkeep\n|turn|12\n|inactive|Battle timer is ON: inactive players will automatically lose when time's up. (requested by Shnipe_Cizy)\n|inactive|josesuperx has 120 seconds left.\n|inactive|josesuperx has 90 seconds left.\n|inactive|josesuperx has 60 seconds left.\n|inactive|josesuperx has 30 seconds left.\n|inactive|josesuperx has 20 seconds left.\n|inactive|josesuperx has 15 seconds left.\n|inactive|josesuperx has 10 seconds left.\n|inactive|josesuperx has 5 seconds left.\n|-message|josesuperx lost due to inactivity.\n|\n|win|Shnipe_Cizy\n|raw|josesuperx's rating: 1307 &rarr; <strong>1288<\/strong><br \/>(-19 for losing)\n|raw|Shnipe_Cizy's rating: 1326 &rarr; <strong>1345<\/strong><br \/>(+19 for winning)\n","uploadtime":1697767060,"views":7,"p1id":"josesuperx","p2id":"shnipecizy","formatid":"gen9nationaldexdoubles","rating":1288,"private":0,"password":""}