{"id":"gen9nationaldexdoubles-1950406813","p1":"Kaxxxx","p2":"Luigi3641","format":"[Gen 9] National Dex Doubles","log":"|j|\u2606Kaxxxx\n|j|\u2606Luigi3641\n|t:|1695468722\n|gametype|doubles\n|player|p1|Kaxxxx|steven|\n|player|p2|Luigi3641|juggler|\n|teamsize|p1|6\n|teamsize|p2|6\n|gen|9\n|tier|[Gen 9] National Dex Doubles\n|rule|HP Percentage Mod: HP is shown in percentages\n|rule|Endless Battle Clause: Forcing endless battles is banned\n|rule|OHKO Clause: OHKO moves are banned\n|rule|Evasion Moves Clause: Evasion moves are banned\n|rule|Evasion Abilities Clause: Evasion abilities are banned\n|rule|Species Clause: Limit one of each Pok\u00e9mon\n|rule|Gravity Sleep Clause: The combination of sleep-inducing moves with imperfect accuracy and Gravity or Gigantamax Orbeetle are banned\n|clearpoke\n|poke|p1|Tyranitar, F|\n|poke|p1|Ogerpon-Cornerstone, F|\n|poke|p1|Diancie|\n|poke|p1|Shuckle, M|\n|poke|p1|Aerodactyl, M|\n|poke|p1|Nihilego|\n|poke|p2|Chandelure, M|\n|poke|p2|Dusknoir, M|\n|poke|p2|Torkoal, M|\n|poke|p2|Lilligant-Hisui, F|\n|poke|p2|Greninja-*, M|\n|poke|p2|Sylveon, M|\n|teampreview\n|c|\u2606Luigi3641|Glhf\n|\n|t:|1695468742\n|start\n|switch|p1a: Tyranitar|Tyranitar, F|100\/100\n|switch|p1b: Shuckle|Shuckle, M|100\/100\n|switch|p2a: Dusknoir|Dusknoir, M|100\/100\n|switch|p2b: Sylveon|Sylveon, M|100\/100\n|-weather|Sandstorm|[from] ability: Sand Stream|[of] p1a: Tyranitar\n|-item|p1a: Tyranitar|Smooth Rock|[from] ability: Frisk|[of] p2a: Dusknoir|[identify]\n|-item|p1b: Shuckle|Leftovers|[from] ability: Frisk|[of] p2a: Dusknoir|[identify]\n|turn|1\n|\n|t:|1695468758\n|switch|p1a: Nihilego|Nihilego|100\/100\n|switch|p2a: Torkoal|Torkoal, M|100\/100\n|-weather|SunnyDay|[from] ability: Drought|[of] p2a: Torkoal\n|move|p2b: Sylveon|Hyper Voice|p1b: Shuckle|[spread] p1a,p1b\n|-resisted|p1a: Nihilego\n|-damage|p1a: Nihilego|82\/100\n|-damage|p1b: Shuckle|69\/100\n|move|p1b: Shuckle|Toxic|p2a: Torkoal\n|-status|p2a: Torkoal|tox\n|\n|-weather|SunnyDay|[upkeep]\n|-heal|p1b: Shuckle|75\/100|[from] item: Leftovers\n|-damage|p2a: Torkoal|94\/100 tox|[from] psn\n|upkeep\n|turn|2\n|\n|t:|1695468778\n|switch|p2b: Dusknoir|Dusknoir, M|100\/100\n|-item|p1a: Nihilego|Choice Specs|[from] ability: Frisk|[of] p2b: Dusknoir|[identify]\n|-item|p1b: Shuckle|Leftovers|[from] ability: Frisk|[of] p2b: Dusknoir|[identify]\n|move|p1a: Nihilego|Power Gem|p2a: Torkoal\n|-supereffective|p2a: Torkoal\n|-damage|p2a: Torkoal|0 fnt\n|faint|p2a: Torkoal\n|-ability|p1a: Nihilego|Beast Boost|boost\n|-boost|p1a: Nihilego|spa|1\n|move|p1b: Shuckle|Rock Slide|p2b: Dusknoir\n|-damage|p2b: Dusknoir|96\/100\n|\n|-weather|SunnyDay|[upkeep]\n|-heal|p2b: Dusknoir|100\/100|[from] item: Leftovers\n|-heal|p1b: Shuckle|81\/100|[from] item: Leftovers\n|upkeep\n|\n|t:|1695468797\n|switch|p2a: Lilligant|Lilligant-Hisui, F|100\/100\n|turn|3\n|\n|t:|1695468825\n|switch|p1a: Ogerpon|Ogerpon-Cornerstone, F|100\/100\n|move|p2a: Lilligant|Victory Dance|p2a: Lilligant\n|-boost|p2a: Lilligant|atk|1\n|-boost|p2a: Lilligant|def|1\n|-boost|p2a: Lilligant|spe|1\n|move|p2b: Dusknoir|Poltergeist|p1a: Ogerpon\n|-activate|p1a: Ogerpon|move: Poltergeist|Cornerstone Mask\n|-damage|p1a: Ogerpon|62\/100\n|move|p1b: Shuckle|Toxic|p2b: Dusknoir\n|-status|p2b: Dusknoir|tox\n|\n|-weather|SunnyDay|[upkeep]\n|-heal|p1b: Shuckle|87\/100|[from] item: Leftovers\n|-damage|p2b: Dusknoir|94\/100 tox|[from] psn\n|upkeep\n|turn|4\n|\n|t:|1695468848\n|switch|p2b: Chandelure|Chandelure, M|100\/100\n|move|p2a: Lilligant|Bullet Seed|p1a: Ogerpon\n|-damage|p1a: Ogerpon|45\/100\n|-damage|p1a: Ogerpon|30\/100\n|-damage|p1a: Ogerpon|16\/100\n|-damage|p1a: Ogerpon|0 fnt\n|faint|p1a: Ogerpon\n|-hitcount|p1: Ogerpon|4\n|move|p1b: Shuckle|Toxic|p2a: Lilligant\n|-status|p2a: Lilligant|tox\n|\n|-weather|SunnyDay|[upkeep]\n|-heal|p1b: Shuckle|93\/100|[from] item: Leftovers\n|-damage|p2a: Lilligant|94\/100 tox|[from] psn\n|upkeep\n|\n|t:|1695468857\n|switch|p1a: Aerodactyl|Aerodactyl, M|100\/100\n|turn|5\n|\n|t:|1695468870\n|detailschange|p1a: Aerodactyl|Aerodactyl-Mega, M\n|-mega|p1a: Aerodactyl|Aerodactyl|Aerodactylite\n|move|p2a: Lilligant|Bullet Seed|p1a: Aerodactyl\n|-damage|p1a: Aerodactyl|77\/100\n|-damage|p1a: Aerodactyl|54\/100\n|-damage|p1a: Aerodactyl|31\/100\n|-damage|p1a: Aerodactyl|7\/100\n|-hitcount|p1a: Aerodactyl|4\n|move|p1a: Aerodactyl|Rock Slide|p2b: Chandelure|[spread] p2a,p2b\n|-resisted|p2a: Lilligant\n|-supereffective|p2b: Chandelure\n|-damage|p2a: Lilligant|78\/100 tox\n|-damage|p2b: Chandelure|28\/100\n|move|p2b: Chandelure|Heat Wave|p1a: Aerodactyl|[spread] p1a,p1b\n|-resisted|p1a: Aerodactyl\n|-damage|p1a: Aerodactyl|0 fnt\n|-damage|p1b: Shuckle|26\/100\n|faint|p1a: Aerodactyl\n|move|p1b: Shuckle|Rock Slide|p2a: Lilligant|[spread] p2b\n|-miss|p1b: Shuckle|p2a: Lilligant\n|-supereffective|p2b: Chandelure\n|-crit|p2b: Chandelure\n|-damage|p2b: Chandelure|13\/100\n|\n|-weather|none\n|-heal|p1b: Shuckle|32\/100|[from] item: Leftovers\n|-damage|p2a: Lilligant|66\/100 tox|[from] psn\n|upkeep\n|\n|t:|1695468885\n|switch|p1a: Nihilego|Nihilego|82\/100\n|turn|6\n|\n|t:|1695468899\n|move|p2a: Lilligant|Bullet Seed|p1a: Nihilego\n|-damage|p1a: Nihilego|49\/100\n|-damage|p1a: Nihilego|17\/100\n|-damage|p1a: Nihilego|0 fnt\n|faint|p1a: Nihilego\n|-hitcount|p1: Nihilego|3\n|move|p2b: Chandelure|Heat Wave|p1b: Shuckle\n|-damage|p1b: Shuckle|0 fnt\n|faint|p1b: Shuckle\n|\n|-damage|p2a: Lilligant|48\/100 tox|[from] psn\n|upkeep\n|c|\u2606Kaxxxx|Liligant it's really strong\n|\n|t:|1695468913\n|switch|p1a: Tyranitar|Tyranitar, F|100\/100\n|switch|p1b: Diancie|Diancie|100\/100\n|-weather|Sandstorm|[from] ability: Sand Stream|[of] p1a: Tyranitar\n|turn|7\n|\n|t:|1695468922\n|move|p2a: Lilligant|Bullet Seed|p1a: Tyranitar\n|-supereffective|p1a: Tyranitar\n|-damage|p1a: Tyranitar|73\/100\n|-supereffective|p1a: Tyranitar\n|-damage|p1a: Tyranitar|44\/100\n|-supereffective|p1a: Tyranitar\n|-damage|p1a: Tyranitar|14\/100\n|-supereffective|p1a: Tyranitar\n|-damage|p1a: Tyranitar|0 fnt\n|faint|p1a: Tyranitar\n|-hitcount|p1: Tyranitar|4\n|move|p2b: Chandelure|Heat Wave|p1b: Diancie\n|-resisted|p1b: Diancie\n|-damage|p1b: Diancie|77\/100\n|move|p1b: Diancie|Draining Kiss|p2a: Lilligant\n|-supereffective|p2a: Lilligant\n|-damage|p2a: Lilligant|0 fnt\n|-heal|p1b: Diancie|100\/100|[from] drain|[of] p2a: Lilligant\n|faint|p2a: Lilligant\n|\n|-weather|Sandstorm|[upkeep]\n|-damage|p2b: Chandelure|7\/100|[from] Sandstorm\n|upkeep\n|c|\u2606Kaxxxx|Gg\n|\n|t:|1695468945\n|switch|p2a: Dusknoir|Dusknoir, M|94\/100 tox\n|-item|p1b: Diancie|Light Clay|[from] ability: Frisk|[of] p2a: Dusknoir|[identify]\n|turn|8\n|c|\u2606Luigi3641|gg\n|\n|t:|1695468966\n|move|p2b: Chandelure|Heat Wave|p1b: Diancie|[miss]\n|-miss|p2b: Chandelure|p1b: Diancie\n|move|p1b: Diancie|Light Screen|p1b: Diancie\n|-sidestart|p1: Kaxxxx|move: Light Screen\n|move|p2a: Dusknoir|Poltergeist|p1b: Diancie\n|-activate|p1b: Diancie|move: Poltergeist|Light Clay\n|-damage|p1b: Diancie|72\/100\n|\n|-weather|Sandstorm|[upkeep]\n|-damage|p2b: Chandelure|1\/100|[from] Sandstorm\n|-damage|p2a: Dusknoir|88\/100 tox|[from] Sandstorm\n|-heal|p2a: Dusknoir|94\/100 tox|[from] item: Leftovers\n|-damage|p2a: Dusknoir|88\/100 tox|[from] psn\n|upkeep\n|turn|9\n|\n|t:|1695468989\n|move|p2b: Chandelure|Heat Wave|p1b: Diancie\n|-resisted|p1b: Diancie\n|-damage|p1b: Diancie|56\/100\n|move|p1b: Diancie|Reflect|p1b: Diancie\n|-sidestart|p1: Kaxxxx|Reflect\n|move|p2a: Dusknoir|Trick Room|p2a: Dusknoir\n|-fieldstart|move: Trick Room|[of] p2a: Dusknoir\n|\n|-weather|Sandstorm|[upkeep]\n|-damage|p2a: Dusknoir|82\/100 tox|[from] Sandstorm\n|-damage|p2b: Chandelure|0 fnt|[from] Sandstorm\n|faint|p2b: Chandelure\n|-heal|p2a: Dusknoir|88\/100 tox|[from] item: Leftovers\n|-damage|p2a: Dusknoir|76\/100 tox|[from] psn\n|upkeep\n|\n|t:|1695468999\n|switch|p2b: Sylveon|Sylveon, M|100\/100\n|turn|10\n|\n|t:|1695469010\n|-terastallize|p2b: Sylveon|Fairy\n|move|p2a: Dusknoir|Rock Slide|p1b: Diancie\n|-damage|p1b: Diancie|46\/100\n|cant|p1b: Diancie|flinch\n|move|p2b: Sylveon|Hyper Voice|p1b: Diancie\n|-damage|p1b: Diancie|16\/100\n|\n|-weather|Sandstorm|[upkeep]\n|-damage|p2a: Dusknoir|70\/100 tox|[from] Sandstorm\n|-damage|p2b: Sylveon|94\/100|[from] Sandstorm\n|-heal|p2a: Dusknoir|76\/100 tox|[from] item: Leftovers\n|-damage|p2a: Dusknoir|58\/100 tox|[from] psn\n|upkeep\n|turn|11\n|\n|t:|1695469045\n|move|p2a: Dusknoir|Poltergeist|p1b: Diancie\n|-activate|p1b: Diancie|move: Poltergeist|Light Clay\n|-damage|p1b: Diancie|0 fnt\n|faint|p1b: Diancie\n|\n|win|Luigi3641\n|l|\u2606Kaxxxx\n","uploadtime":1695469068,"views":9,"p1id":"kaxxxx","p2id":"luigi3641","formatid":"gen9nationaldexdoubles","rating":0,"private":0,"password":""}