{"id":"gen9nationaldexdoubles-1998495624","p1":"EstemanACG1","p2":"Genosse_Pflanze","format":"[Gen 9] National Dex Doubles","log":"|j|\u2606EstemanACG1\n|j|\u2606Genosse_Pflanze\n|t:|1700948831\n|gametype|doubles\n|player|p1|EstemanACG1|riley|1290\n|player|p2|Genosse_Pflanze|n|1318\n|teamsize|p1|6\n|teamsize|p2|6\n|gen|9\n|tier|[Gen 9] National Dex Doubles\n|rated|\n|rule|HP Percentage Mod: HP is shown in percentages\n|rule|Endless Battle Clause: Forcing endless battles is banned\n|rule|OHKO Clause: OHKO moves are banned\n|rule|Evasion Moves Clause: Evasion moves are banned\n|rule|Evasion Abilities Clause: Evasion abilities are banned\n|rule|Species Clause: Limit one of each Pok\u00e9mon\n|rule|Gravity Sleep Clause: The combination of sleep-inducing moves with imperfect accuracy and Gravity or Gigantamax Orbeetle are banned\n|clearpoke\n|poke|p1|Iron Hands|\n|poke|p1|Bronzong|\n|poke|p1|Klefki, F|\n|poke|p1|Guzzlord|\n|poke|p1|Camerupt, M|\n|poke|p1|Farigiraf, M|\n|poke|p2|Basculegion, M|\n|poke|p2|Pelipper, F|\n|poke|p2|Swampert, F|\n|poke|p2|Thundurus, M|\n|poke|p2|Rillaboom, F|\n|poke|p2|Tapu Lele|\n|teampreview\n|inactive|Battle timer is ON: inactive players will automatically lose when time's up. (requested by EstemanACG1)\n|inactive|Genosse_Pflanze has 120 seconds left.\n|\n|t:|1700948874\n|start\n|switch|p1a: Klefki|Klefki, F|100\/100\n|switch|p1b: Guzzlord|Guzzlord|100\/100\n|switch|p2a: Rillaboom|Rillaboom, F|100\/100\n|switch|p2b: Pelipper|Pelipper, F|100\/100\n|-fieldstart|move: Grassy Terrain|[from] ability: Grassy Surge|[of] p2a: Rillaboom\n|-weather|RainDance|[from] ability: Drizzle|[of] p2b: Pelipper\n|turn|1\n|\n|t:|1700948891\n|move|p2a: Rillaboom|Fake Out|p1b: Guzzlord\n|-damage|p1b: Guzzlord|89\/100\n|move|p2b: Pelipper|Weather Ball|p1a: Klefki\n|-damage|p1a: Klefki|18\/100\n|cant|p1b: Guzzlord|flinch\n|move|p1a: Klefki|Trick Room|p1a: Klefki\n|-fieldstart|move: Trick Room|[of] p1a: Klefki\n|\n|-weather|RainDance|[upkeep]\n|-heal|p1b: Guzzlord|96\/100|[from] Grassy Terrain\n|-heal|p1a: Klefki|24\/100|[from] Grassy Terrain\n|upkeep\n|turn|2\n|\n|t:|1700948906\n|move|p1a: Klefki|Reflect|p1a: Klefki\n|-sidestart|p1: EstemanACG1|Reflect\n|move|p1b: Guzzlord|Heat Crash|p2a: Rillaboom\n|-supereffective|p2a: Rillaboom\n|-damage|p2a: Rillaboom|57\/100\n|move|p2b: Pelipper|Weather Ball|p1a: Klefki\n|-damage|p1a: Klefki|0 fnt\n|faint|p1a: Klefki\n|move|p2a: Rillaboom|U-turn|p1b: Guzzlord\n|-supereffective|p1b: Guzzlord\n|-damage|p1b: Guzzlord|66\/100\n|\n|t:|1700948930\n|switch|p2a: Tapu Lele|Tapu Lele|100\/100|[from] U-turn\n|-fieldstart|move: Psychic Terrain|[from] ability: Psychic Surge|[of] p2a: Tapu Lele\n|\n|-weather|RainDance|[upkeep]\n|upkeep\n|\n|t:|1700948945\n|switch|p1a: Bronzong|Bronzong|100\/100\n|turn|3\n|\n|t:|1700948962\n|move|p1a: Bronzong|Gyro Ball|p2a: Tapu Lele\n|-supereffective|p2a: Tapu Lele\n|-damage|p2a: Tapu Lele|0 fnt\n|faint|p2a: Tapu Lele\n|move|p1b: Guzzlord|Gyro Ball|p2b: Pelipper\n|-resisted|p2b: Pelipper\n|-damage|p2b: Pelipper|93\/100\n|move|p2b: Pelipper|Weather Ball|p1a: Bronzong\n|-damage|p1a: Bronzong|34\/100\n|\n|-weather|RainDance|[upkeep]\n|-heal|p1a: Bronzong|40\/100|[from] item: Leftovers\n|upkeep\n|\n|t:|1700948974\n|switch|p2a: Rillaboom|Rillaboom, F|57\/100\n|-fieldstart|move: Grassy Terrain|[from] ability: Grassy Surge|[of] p2a: Rillaboom\n|turn|4\n|\n|t:|1700948983\n|move|p2a: Rillaboom|Fake Out|p1b: Guzzlord\n|-damage|p1b: Guzzlord|58\/100\n|move|p1a: Bronzong|Rock Slide|p2a: Rillaboom|[spread] p2a,p2b\n|-crit|p2a: Rillaboom\n|-supereffective|p2b: Pelipper\n|-damage|p2a: Rillaboom|32\/100\n|-damage|p2b: Pelipper|56\/100\n|cant|p1b: Guzzlord|flinch\n|cant|p2b: Pelipper|flinch\n|\n|-weather|RainDance|[upkeep]\n|-heal|p1a: Bronzong|46\/100|[from] item: Leftovers\n|-heal|p1b: Guzzlord|64\/100|[from] Grassy Terrain\n|-heal|p2a: Rillaboom|38\/100|[from] Grassy Terrain\n|upkeep\n|turn|5\n|\n|t:|1700949005\n|move|p2b: Pelipper|Protect|p2b: Pelipper\n|-singleturn|p2b: Pelipper|Protect\n|move|p1a: Bronzong|Rock Slide|p2b: Pelipper|[spread] p2a\n|-activate|p2b: Pelipper|move: Protect\n|-damage|p2a: Rillaboom|18\/100\n|move|p1b: Guzzlord|Drain Punch|p2a: Rillaboom\n|-damage|p2a: Rillaboom|0 fnt\n|-heal|p1b: Guzzlord|68\/100|[from] drain|[of] p2a: Rillaboom\n|faint|p2a: Rillaboom\n|-ability|p1b: Guzzlord|Beast Boost|boost\n|-boost|p1b: Guzzlord|atk|1\n|\n|-weather|RainDance|[upkeep]\n|-heal|p1a: Bronzong|53\/100|[from] item: Leftovers\n|-heal|p1b: Guzzlord|74\/100|[from] Grassy Terrain\n|-fieldend|move: Trick Room\n|upkeep\n|inactive|Genosse_Pflanze has 120 seconds left.\n|\n|t:|1700949028\n|switch|p2a: Basculegion|Basculegion, M|100\/100\n|turn|6\n|inactive|Genosse_Pflanze has 120 seconds left.\n|\n|t:|1700949052\n|move|p2a: Basculegion|Flip Turn|p1a: Bronzong\n|-damage|p1a: Bronzong|25\/100\n|inactive|Genosse_Pflanze has 120 seconds left.\n|\n|t:|1700949057\n|switch|p2a: Swampert|Swampert, F|100\/100|[from] Flip Turn\n|move|p2b: Pelipper|Hurricane|p1b: Guzzlord\n|-crit|p1b: Guzzlord\n|-damage|p1b: Guzzlord|14\/100\n|-start|p1b: Guzzlord|confusion\n|-activate|p1b: Guzzlord|confusion\n|move|p1b: Guzzlord|Outrage|p2a: Swampert\n|-damage|p2a: Swampert|18\/100\n|move|p1a: Bronzong|Trick Room|p1a: Bronzong\n|-fieldstart|move: Trick Room|[of] p1a: Bronzong\n|\n|-weather|RainDance|[upkeep]\n|-heal|p1a: Bronzong|32\/100|[from] item: Leftovers\n|-heal|p1b: Guzzlord|20\/100|[from] Grassy Terrain\n|-heal|p2a: Swampert|24\/100|[from] Grassy Terrain\n|upkeep\n|turn|7\n|\n|t:|1700949077\n|detailschange|p2a: Swampert|Swampert-Mega, F\n|-mega|p2a: Swampert|Swampert|Swampertite\n|move|p1a: Bronzong|Rock Slide|p2b: Pelipper|[spread] p2a,p2b\n|-resisted|p2a: Swampert\n|-supereffective|p2b: Pelipper\n|-damage|p2a: Swampert|18\/100\n|-damage|p2b: Pelipper|19\/100\n|-activate|p1b: Guzzlord|confusion\n|move|p1b: Guzzlord|Outrage|p2b: Pelipper|[from]lockedmove\n|-damage|p2b: Pelipper|0 fnt\n|faint|p2b: Pelipper\n|-ability|p1b: Guzzlord|Beast Boost|boost\n|-boost|p1b: Guzzlord|atk|1\n|move|p2a: Swampert|High Horsepower|p1a: Bronzong\n|-immune|p1a: Bronzong|[from] ability: Levitate\n|\n|-weather|RainDance|[upkeep]\n|-heal|p1a: Bronzong|38\/100|[from] item: Leftovers\n|-heal|p1b: Guzzlord|26\/100|[from] Grassy Terrain\n|-heal|p2a: Swampert|24\/100|[from] Grassy Terrain\n|upkeep\n|-message|Genosse_Pflanze forfeited.\n|\n|win|EstemanACG1\n|raw|EstemanACG1's rating: 1290 &rarr; <strong>1317<\/strong><br \/>(+27 for winning)\n|raw|Genosse_Pflanze's rating: 1318 &rarr; <strong>1296<\/strong><br \/>(-22 for losing)\n|l|\u2606Genosse_Pflanze\n","uploadtime":1700949093,"views":2,"p1id":"estemanacg1","p2id":"genossepflanze","formatid":"gen9nationaldexdoubles","rating":1296,"private":0,"password":""}