{"id":"gen9nationaldexdoubles-1987272859","p1":"xhellholex","p2":"Theadonia","format":"[Gen 9] National Dex Doubles","log":"|j|\u2606xhellholex\n|j|\u2606Theadonia\n|t:|1699571826\n|gametype|doubles\n|player|p1|xhellholex|caitlin|1181\n|player|p2|Theadonia|roxie|1239\n|teamsize|p1|6\n|teamsize|p2|6\n|gen|9\n|tier|[Gen 9] National Dex Doubles\n|rated|\n|rule|HP Percentage Mod: HP is shown in percentages\n|rule|Endless Battle Clause: Forcing endless battles is banned\n|rule|OHKO Clause: OHKO moves are banned\n|rule|Evasion Moves Clause: Evasion moves are banned\n|rule|Evasion Abilities Clause: Evasion abilities are banned\n|rule|Species Clause: Limit one of each Pok\u00e9mon\n|rule|Gravity Sleep Clause: The combination of sleep-inducing moves with imperfect accuracy and Gravity or Gigantamax Orbeetle are banned\n|clearpoke\n|poke|p1|Gardevoir, M|\n|poke|p1|Amoonguss, M|\n|poke|p1|Diancie|\n|poke|p1|Iron Moth|\n|poke|p1|Flutter Mane|\n|poke|p1|Palafin, M|\n|poke|p2|Delphox, F|\n|poke|p2|Oricorio-Sensu, M|\n|poke|p2|Kommo-o, F|\n|poke|p2|Wailord, M|\n|poke|p2|Cresselia, F|\n|poke|p2|Ribombee, M|\n|teampreview\n|\n|t:|1699571850\n|start\n|switch|p1a: Amoonguss|Amoonguss, M, shiny|100\/100\n|switch|p1b: Diancie|Diancie, shiny|100\/100\n|switch|p2a: Oricorio|Oricorio-Sensu, M, shiny|100\/100\n|switch|p2b: Ribombee|Ribombee, M|100\/100\n|turn|1\n|\n|t:|1699571869\n|detailschange|p1b: Diancie|Diancie-Mega, shiny\n|-mega|p1b: Diancie|Diancie|Diancite\n|move|p1a: Amoonguss|Rage Powder|p1a: Amoonguss\n|-singleturn|p1a: Amoonguss|move: Rage Powder\n|move|p1b: Diancie|Diamond Storm|p2b: Ribombee|[spread] p2a,p2b\n|-supereffective|p2a: Oricorio\n|-supereffective|p2b: Ribombee\n|-damage|p2a: Oricorio|39\/100\n|-enditem|p2b: Ribombee|Focus Sash\n|-damage|p2b: Ribombee|1\/100\n|move|p2b: Ribombee|Quiver Dance|p2b: Ribombee\n|-boost|p2b: Ribombee|spa|1\n|-boost|p2b: Ribombee|spd|1\n|-boost|p2b: Ribombee|spe|1\n|-activate|p2a: Oricorio|ability: Dancer\n|move|p2a: Oricorio|Quiver Dance|p2a: Oricorio|[from]ability: Dancer\n|-boost|p2a: Oricorio|spa|1\n|-boost|p2a: Oricorio|spd|1\n|-boost|p2a: Oricorio|spe|1\n|move|p2a: Oricorio|Substitute|p2a: Oricorio\n|-start|p2a: Oricorio|Substitute\n|-damage|p2a: Oricorio|14\/100\n|-enditem|p2a: Oricorio|Aguav Berry|[eat]\n|-heal|p2a: Oricorio|47\/100|[from] item: Aguav Berry\n|\n|upkeep\n|turn|2\n|l|\u2606xhellholex\n|player|p1|\n|j|\u2606xhellholex\n|player|p1|xhellholex|caitlin\n|\n|t:|1699571929\n|move|p2b: Ribombee|Quiver Dance|p2b: Ribombee\n|-boost|p2b: Ribombee|spa|1\n|-boost|p2b: Ribombee|spd|1\n|-boost|p2b: Ribombee|spe|1\n|-activate|p2a: Oricorio|ability: Dancer\n|move|p2a: Oricorio|Quiver Dance|p2a: Oricorio|[from]ability: Dancer\n|-boost|p2a: Oricorio|spa|1\n|-boost|p2a: Oricorio|spd|1\n|-boost|p2a: Oricorio|spe|1\n|move|p2a: Oricorio|Quiver Dance|p2a: Oricorio\n|-boost|p2a: Oricorio|spa|1\n|-boost|p2a: Oricorio|spd|1\n|-boost|p2a: Oricorio|spe|1\n|move|p1b: Diancie|Diamond Storm|p2b: Ribombee|[spread] p2a,p2b\n|-supereffective|p2a: Oricorio\n|-end|p2a: Oricorio|Substitute\n|-supereffective|p2b: Ribombee\n|-damage|p2b: Ribombee|0 fnt\n|-boost|p1b: Diancie|def|2\n|faint|p2b: Ribombee\n|move|p1a: Amoonguss|Pollen Puff|p2a: Oricorio\n|-resisted|p2a: Oricorio\n|-damage|p2a: Oricorio|45\/100\n|\n|upkeep\n|\n|t:|1699571968\n|switch|p2b: Cresselia|Cresselia, F|100\/100\n|turn|3\n|\n|t:|1699571983\n|move|p1a: Amoonguss|Rage Powder|p1a: Amoonguss\n|-singleturn|p1a: Amoonguss|move: Rage Powder\n|move|p2a: Oricorio|Baton Pass|p2a: Oricorio\n|\n|t:|1699571986\n|switch|p2a: Wailord|Wailord, M, shiny|100\/100|[from] Baton Pass\n|-ability|p2a: Wailord|Pressure\n|move|p1b: Diancie|Moonblast|p2a: Wailord\n|-damage|p2a: Wailord|73\/100\n|move|p2b: Cresselia|Lunar Blessing|p2b: Cresselia|[spread] p2a,p2b\n|-heal|p2a: Wailord|98\/100\n|\n|-heal|p2a: Wailord|100\/100|[from] item: Leftovers\n|upkeep\n|turn|4\n|\n|t:|1699572004\n|-terastallize|p2a: Wailord|Water\n|move|p2a: Wailord|Water Spout|p1a: Amoonguss|[spread] p1a,p1b\n|-resisted|p1a: Amoonguss\n|-supereffective|p1b: Diancie\n|-damage|p1a: Amoonguss|31\/100\n|-damage|p1b: Diancie|0 fnt\n|-enditem|p1a: Amoonguss|Sitrus Berry|[eat]\n|-heal|p1a: Amoonguss|56\/100|[from] item: Sitrus Berry\n|faint|p1b: Diancie\n|move|p2b: Cresselia|Psych Up|p2a: Wailord\n|-copyboost|p2b: Cresselia|p2a: Wailord|[from] move: Psych Up\n|move|p1a: Amoonguss|Leaf Storm|p2a: Wailord|[miss]\n|-miss|p1a: Amoonguss|p2a: Wailord\n|\n|upkeep\n|\n|t:|1699572021\n|switch|p1b: Flutter Mane|Flutter Mane|100\/100\n|turn|5\n|\n|t:|1699572048\n|move|p2b: Cresselia|Stored Power|p1a: Amoonguss\n|-supereffective|p1a: Amoonguss\n|-damage|p1a: Amoonguss|0 fnt\n|faint|p1a: Amoonguss\n|move|p2a: Wailord|Water Spout|p1b: Flutter Mane\n|-damage|p1b: Flutter Mane|0 fnt\n|faint|p1b: Flutter Mane\n|-end|p1b: Flutter Mane|Protosynthesis|[silent]\n|\n|upkeep\n|-message|xhellholex forfeited.\n|\n|win|Theadonia\n|raw|xhellholex's rating: 1181 &rarr; <strong>1160<\/strong><br \/>(-21 for losing)\n|raw|Theadonia's rating: 1239 &rarr; <strong>1260<\/strong><br \/>(+21 for winning)\n|l|\u2606xhellholex\n","uploadtime":1699572061,"views":5,"p1id":"xhellholex","p2id":"theadonia","formatid":"gen9nationaldexdoubles","rating":1160,"private":0,"password":""}