{"id":"gen9nationaldexdoubles-1983301951","p1":"GuacamoleDoritos","p2":"NPC At Home","format":"[Gen 9] National Dex Doubles","log":"|j|\u2606GuacamoleDoritos\n|j|\u2606NPC At Home\n|t:|1699115943\n|gametype|doubles\n|player|p1|GuacamoleDoritos|170|1201\n|player|p2|NPC At Home|piers|1293\n|teamsize|p1|6\n|teamsize|p2|6\n|gen|9\n|tier|[Gen 9] National Dex Doubles\n|rated|\n|rule|HP Percentage Mod: HP is shown in percentages\n|rule|Endless Battle Clause: Forcing endless battles is banned\n|rule|OHKO Clause: OHKO moves are banned\n|rule|Evasion Moves Clause: Evasion moves are banned\n|rule|Evasion Abilities Clause: Evasion abilities are banned\n|rule|Species Clause: Limit one of each Pok\u00e9mon\n|rule|Gravity Sleep Clause: The combination of sleep-inducing moves with imperfect accuracy and Gravity or Gigantamax Orbeetle are banned\n|clearpoke\n|poke|p1|Ninetales-Alola, M|\n|poke|p1|Abomasnow, M|\n|poke|p1|Baxcalibur, F|\n|poke|p1|Froslass, F|\n|poke|p1|Iron Bundle|\n|poke|p1|Chien-Pao|\n|poke|p2|Metagross|\n|poke|p2|Kommo-o, M|\n|poke|p2|Volcanion|\n|poke|p2|Kingambit, M|\n|poke|p2|Rillaboom, F|\n|poke|p2|Tornadus, M|\n|teampreview\n|inactive|Battle timer is ON: inactive players will automatically lose when time's up. (requested by NPC At Home)\n|c|\u2606GuacamoleDoritos|merry christmas!!!\n|\n|t:|1699115960\n|start\n|switch|p1a: Nine Carey|Ninetales-Alola, M|100\/100\n|switch|p1b: Careylass|Froslass, F|100\/100\n|switch|p2a: Metagross|Metagross, shiny|100\/100\n|switch|p2b: Tornadus|Tornadus, M, shiny|100\/100\n|-weather|Snow|[from] ability: Snow Warning|[of] p1a: Nine Carey\n|turn|1\n|inactive|GuacamoleDoritos has 120 seconds left.\n|\n|t:|1699115994\n|detailschange|p2a: Metagross|Metagross-Mega, shiny\n|-mega|p2a: Metagross|Metagross|Metagrossite\n|move|p2b: Tornadus|Taunt|p1a: Nine Carey\n|-start|p1a: Nine Carey|move: Taunt\n|move|p1b: Careylass|Shadow Ball|p2a: Metagross\n|-supereffective|p2a: Metagross\n|-damage|p2a: Metagross|37\/100\n|-unboost|p2a: Metagross|spd|1\n|move|p2a: Metagross|Meteor Mash|p1b: Careylass\n|-supereffective|p1b: Careylass\n|-damage|p1b: Careylass|0 fnt\n|faint|p1b: Careylass\n|cant|p1a: Nine Carey|move: Taunt|Aurora Veil\n|\n|-weather|Snow|[upkeep]\n|upkeep\n|inactive|GuacamoleDoritos has 120 seconds left.\n|\n|t:|1699116017\n|switch|p1b: Mariah Bundle|Iron Bundle|100\/100\n|-enditem|p1b: Mariah Bundle|Booster Energy\n|-activate|p1b: Mariah Bundle|ability: Quark Drive|[fromitem]\n|-start|p1b: Mariah Bundle|quarkdrivespe\n|turn|2\n|inactive|GuacamoleDoritos has 120 seconds left.\n|\n|t:|1699116029\n|switch|p2a: Volcanion|Volcanion|100\/100\n|switch|p2b: Kingambit|Kingambit, M, shiny|100\/100\n|move|p1b: Mariah Bundle|Flip Turn|p2a: Volcanion\n|-immune|p2a: Volcanion|[from] ability: Water Absorb\n|move|p1a: Nine Carey|Blizzard|p2b: Kingambit|[spread] p2a,p2b\n|-resisted|p2a: Volcanion\n|-resisted|p2b: Kingambit\n|-damage|p2a: Volcanion|97\/100\n|-damage|p2b: Kingambit|90\/100\n|\n|-weather|Snow|[upkeep]\n|upkeep\n|turn|3\n|inactive|GuacamoleDoritos has 120 seconds left.\n|\n|t:|1699116058\n|switch|p1a: Abomacarey|Abomasnow, M|100\/100\n|move|p1b: Mariah Bundle|Flip Turn|p2b: Kingambit\n|-damage|p2b: Kingambit|80\/100\n|inactive|GuacamoleDoritos has 120 seconds left.\n|\n|t:|1699116080\n|-end|p1b: Mariah Bundle|Quark Drive|[silent]\n|switch|p1b: Mari-Paey|Chien-Pao|100\/100|[from] Flip Turn\n|-ability|p1b: Mari-Paey|Sword of Ruin\n|move|p2a: Volcanion|Heat Wave|p1b: Mari-Paey|[spread] p1a,p1b\n|-supereffective|p1a: Abomacarey\n|-supereffective|p1b: Mari-Paey\n|-damage|p1a: Abomacarey|0 fnt\n|-damage|p1b: Mari-Paey|0 fnt\n|faint|p1a: Abomacarey\n|faint|p1b: Mari-Paey\n|move|p2b: Kingambit|Swords Dance|p2b: Kingambit\n|-boost|p2b: Kingambit|atk|2\n|\n|-weather|Snow|[upkeep]\n|upkeep\n|\n|t:|1699116094\n|switch|p1b: Nine Carey|Ninetales-Alola, M|100\/100\n|switch|p1a: Mariahlibur|Baxcalibur, F|100\/100\n|turn|4\n|inactive|GuacamoleDoritos has 120 seconds left.\n|\n|t:|1699116109\n|-terastallize|p1a: Mariahlibur|Ground\n|move|p1b: Nine Carey|Aurora Veil|p1b: Nine Carey\n|-sidestart|p1: GuacamoleDoritos|move: Aurora Veil\n|move|p1a: Mariahlibur|Earthquake|p2a: Volcanion|[spread] p1b,p2a,p2b\n|-supereffective|p2a: Volcanion\n|-supereffective|p2b: Kingambit\n|-damage|p1b: Nine Carey|77\/100\n|-damage|p2a: Volcanion|26\/100\n|-damage|p2b: Kingambit|11\/100\n|move|p2a: Volcanion|Steam Eruption|p1b: Nine Carey\n|-damage|p1b: Nine Carey|42\/100\n|move|p2b: Kingambit|Knock Off|p1a: Mariahlibur\n|-damage|p1a: Mariahlibur|17\/100\n|-enditem|p1a: Mariahlibur|Loaded Dice|[from] move: Knock Off|[of] p2b: Kingambit\n|\n|-weather|Snow|[upkeep]\n|-heal|p1a: Mariahlibur|24\/100|[from] ability: Ice Body\n|upkeep\n|turn|5\n|\n|t:|1699116129\n|move|p2b: Kingambit|Sucker Punch|p1a: Mariahlibur\n|-damage|p1a: Mariahlibur|0 fnt\n|faint|p1a: Mariahlibur\n|move|p1b: Nine Carey|Blizzard|p2b: Kingambit|[spread] p2a,p2b\n|-resisted|p2a: Volcanion\n|-resisted|p2b: Kingambit\n|-damage|p2a: Volcanion|23\/100\n|-damage|p2b: Kingambit|0 fnt\n|faint|p2b: Kingambit\n|move|p2a: Volcanion|Heat Wave|p1b: Nine Carey\n|-supereffective|p1b: Nine Carey\n|-damage|p1b: Nine Carey|0 fnt\n|faint|p1b: Nine Carey\n|\n|-weather|none\n|upkeep\n|c|\u2606NPC At Home|Ggs\n|c|\u2606GuacamoleDoritos|comeback???\n|c|\u2606GuacamoleDoritos|im kidding\n|inactive|GuacamoleDoritos has 120 seconds left.\n|\n|t:|1699116161\n|switch|p1a: Mariah Bundle|Iron Bundle|100\/100\n|switch|p2b: Rillaboom|Rillaboom, F|100\/100\n|-fieldstart|move: Grassy Terrain|[from] ability: Grassy Surge|[of] p2b: Rillaboom\n|turn|6\n|c|\u2606NPC At Home|That would be a huge christmas gift\n|c|\u2606GuacamoleDoritos|u got me there\n|\n|t:|1699116180\n|move|p2b: Rillaboom|Grassy Glide|p1a: Mariah Bundle\n|-supereffective|p1a: Mariah Bundle\n|-damage|p1a: Mariah Bundle|34\/100\n|move|p1a: Mariah Bundle|Blizzard|p2a: Volcanion|[spread] p2a,p2b\n|-resisted|p2a: Volcanion\n|-supereffective|p2b: Rillaboom\n|-damage|p2a: Volcanion|17\/100\n|-damage|p2b: Rillaboom|29\/100\n|move|p2a: Volcanion|Heat Wave|p1a: Mariah Bundle|[miss]\n|-miss|p2a: Volcanion|p1a: Mariah Bundle\n|\n|-heal|p1a: Mariah Bundle|40\/100|[from] Grassy Terrain\n|-heal|p2b: Rillaboom|35\/100|[from] Grassy Terrain\n|-heal|p2a: Volcanion|23\/100|[from] Grassy Terrain\n|upkeep\n|turn|7\n|\n|t:|1699116197\n|move|p2b: Rillaboom|Grassy Glide|p1a: Mariah Bundle\n|-supereffective|p1a: Mariah Bundle\n|-damage|p1a: Mariah Bundle|0 fnt\n|faint|p1a: Mariah Bundle\n|-end|p1a: Mariah Bundle|Quark Drive|[silent]\n|\n|win|NPC At Home\n|raw|GuacamoleDoritos's rating: 1201 &rarr; <strong>1182<\/strong><br \/>(-19 for losing)\n|raw|NPC At Home's rating: 1293 &rarr; <strong>1312<\/strong><br \/>(+19 for winning)\n|c|\u2606NPC At Home|Ggs\n|l|\u2606GuacamoleDoritos\n","uploadtime":1699116224,"views":11,"p1id":"guacamoledoritos","p2id":"npcathome","formatid":"gen9nationaldexdoubles","rating":1182,"private":0,"password":""}