{"id":"gen9nationaldexdoubles-1975312441","p1":"Bug Panda","p2":"dfgfxg xf","format":"[Gen 9] National Dex Doubles","log":"|j|\u2606Bug Panda\n|j|\u2606dfgfxg xf\n|t:|1698178826\n|gametype|doubles\n|player|p1|Bug Panda|2|1096\n|player|p2|dfgfxg xf|lucas|1177\n|teamsize|p1|6\n|teamsize|p2|6\n|gen|9\n|tier|[Gen 9] National Dex Doubles\n|rated|\n|rule|HP Percentage Mod: HP is shown in percentages\n|rule|Endless Battle Clause: Forcing endless battles is banned\n|rule|OHKO Clause: OHKO moves are banned\n|rule|Evasion Moves Clause: Evasion moves are banned\n|rule|Evasion Abilities Clause: Evasion abilities are banned\n|rule|Species Clause: Limit one of each Pok\u00e9mon\n|rule|Gravity Sleep Clause: The combination of sleep-inducing moves with imperfect accuracy and Gravity or Gigantamax Orbeetle are banned\n|clearpoke\n|poke|p1|Cinderace, M|\n|poke|p1|Urshifu-*, F|\n|poke|p1|Pawmot, M|\n|poke|p1|Sneasler, M|\n|poke|p1|Decidueye, M|\n|poke|p1|Salamence, M|\n|poke|p2|Indeedee-F, F|\n|poke|p2|Oranguru, M|\n|poke|p2|Glastrier|\n|poke|p2|Hoopa-Unbound|\n|poke|p2|Ursaluna, F|\n|poke|p2|Zygarde|\n|teampreview\n|inactive|Battle timer is ON: inactive players will automatically lose when time's up. (requested by dfgfxg xf)\n|\n|t:|1698178843\n|start\n|switch|p1a: Sneasler|Sneasler, M, shiny|100\/100\n|switch|p1b: Urshifu|Urshifu-Rapid-Strike, F|100\/100\n|switch|p2a: Hoopa|Hoopa-Unbound|100\/100\n|switch|p2b: Zygarde|Zygarde|100\/100\n|-ability|p2b: Zygarde|Aura Break\n|turn|1\n|\n|t:|1698178859\n|move|p1a: Sneasler|Fake Out|p2b: Zygarde\n|-damage|p2b: Zygarde|88\/100\n|-status|p2b: Zygarde|psn|[from] ability: Poison Touch|[of] p1a: Sneasler\n|-damage|p1a: Sneasler|91\/100|[from] item: Life Orb\n|move|p1b: Urshifu|U-turn|p2a: Hoopa\n|-supereffective|p2a: Hoopa\n|-damage|p2a: Hoopa|0 fnt\n|faint|p2a: Hoopa\n|\n|t:|1698178874\n|switch|p1b: Salamence|Salamence, M, shiny|100\/100|[from] U-turn\n|-ability|p1b: Salamence|Intimidate|boost\n|-unboost|p2b: Zygarde|atk|1\n|cant|p2b: Zygarde|flinch\n|\n|-damage|p2b: Zygarde|75\/100 psn|[from] psn\n|upkeep\n|\n|t:|1698178890\n|switch|p2a: Indeedee|Indeedee-F, F|100\/100\n|-fieldstart|move: Psychic Terrain|[from] ability: Psychic Surge|[of] p2a: Indeedee\n|turn|2\n|\n|t:|1698178904\n|detailschange|p1b: Salamence|Salamence-Mega, M, shiny\n|-mega|p1b: Salamence|Salamence|Salamencite\n|move|p1a: Sneasler|Dire Claw|p2a: Indeedee\n|-damage|p2a: Indeedee|45\/100\n|-damage|p1a: Sneasler|81\/100|[from] item: Life Orb\n|move|p1b: Salamence|Dragon Claw|p2b: Zygarde\n|-supereffective|p2b: Zygarde\n|-damage|p2b: Zygarde|12\/100 psn\n|move|p2b: Zygarde|Coil|p2b: Zygarde\n|-boost|p2b: Zygarde|atk|1\n|-boost|p2b: Zygarde|def|1\n|-boost|p2b: Zygarde|accuracy|1\n|move|p2a: Indeedee|Trick Room|p2a: Indeedee\n|-fieldstart|move: Trick Room|[of] p2a: Indeedee\n|-enditem|p2b: Zygarde|Room Service\n|-unboost|p2b: Zygarde|spe|1|[from] item: Room Service\n|\n|-damage|p2b: Zygarde|0 fnt|[from] psn\n|faint|p2b: Zygarde\n|upkeep\n|\n|t:|1698178917\n|switch|p2b: Glastrier|Glastrier|100\/100\n|turn|3\n|\n|t:|1698178940\n|switch|p1b: Urshifu|Urshifu-Rapid-Strike, F|100\/100\n|move|p2a: Indeedee|Follow Me|p2a: Indeedee\n|-singleturn|p2a: Indeedee|move: Follow Me\n|move|p2b: Glastrier|Icicle Spear|p1a: Sneasler\n|-damage|p1a: Sneasler|54\/100\n|-damage|p1a: Sneasler|26\/100\n|-damage|p1a: Sneasler|1\/100\n|-damage|p1a: Sneasler|0 fnt\n|faint|p1a: Sneasler\n|-ability|p2b: Glastrier|Chilling Neigh|boost\n|-boost|p2b: Glastrier|atk|1\n|-hitcount|p1: Sneasler|4\n|\n|upkeep\n|inactive|Bug Panda has 120 seconds left.\n|\n|t:|1698178963\n|switch|p1a: Cinderace|Cinderace, M, shiny|100\/100\n|turn|4\n|inactive|dfgfxg xf has 120 seconds left.\n|\n|t:|1698179001\n|-terastallize|p2b: Glastrier|Ice\n|move|p1b: Urshifu|Protect|p1b: Urshifu\n|-singleturn|p1b: Urshifu|Protect\n|move|p2a: Indeedee|Follow Me|p2a: Indeedee\n|-singleturn|p2a: Indeedee|move: Follow Me\n|move|p2b: Glastrier|Icicle Spear|p1a: Cinderace\n|-resisted|p1a: Cinderace\n|-damage|p1a: Cinderace|83\/100\n|-resisted|p1a: Cinderace\n|-damage|p1a: Cinderace|64\/100\n|-resisted|p1a: Cinderace\n|-damage|p1a: Cinderace|44\/100\n|-resisted|p1a: Cinderace\n|-damage|p1a: Cinderace|26\/100\n|-hitcount|p1a: Cinderace|4\n|-enditem|p1a: Cinderace|Red Card|[of] p2b: Glastrier\n|drag|p2b: Oranguru|Oranguru, M|100\/100\n|move|p1a: Cinderace|Will-O-Wisp|p2a: Indeedee\n|-status|p2a: Indeedee|brn\n|\n|-damage|p2a: Indeedee|39\/100 brn|[from] brn\n|upkeep\n|turn|5\n|inactive|dfgfxg xf has 120 seconds left.\n|inactive|Bug Panda has 120 seconds left.\n|\n|t:|1698179039\n|switch|p2b: Ursaluna|Ursaluna, F|100\/100\n|move|p2a: Indeedee|Follow Me|p2a: Indeedee\n|-singleturn|p2a: Indeedee|move: Follow Me\n|move|p1b: Urshifu|U-turn|p2a: Indeedee\n|-supereffective|p2a: Indeedee\n|-damage|p2a: Indeedee|0 fnt\n|faint|p2a: Indeedee\n|\n|t:|1698179052\n|switch|p1b: Decidueye|Decidueye, M, shiny|100\/100|[from] U-turn\n|move|p1a: Cinderace|Fire Punch|p2b: Ursaluna\n|-damage|p2b: Ursaluna|80\/100\n|\n|-status|p2b: Ursaluna|brn|[from] item: Flame Orb\n|upkeep\n|\n|t:|1698179058\n|switch|p2a: Oranguru|Oranguru, M|100\/100\n|turn|6\n|inactive|Bug Panda has 120 seconds left.\n|inactive|dfgfxg xf has 120 seconds left.\n|\n|t:|1698179098\n|move|p2a: Oranguru|Ally Switch|p2a: Oranguru\n|swap|p2a: Oranguru|1|[from] move: Ally Switch\n|move|p2a: Ursaluna|Facade|p1a: Cinderace\n|-damage|p1a: Cinderace|0 fnt\n|faint|p1a: Cinderace\n|move|p1b: Decidueye|Tailwind|p1b: Decidueye\n|-sidestart|p1: Bug Panda|move: Tailwind\n|\n|-damage|p2a: Ursaluna|74\/100 brn|[from] brn\n|-fieldend|move: Trick Room\n|-fieldend|move: Psychic Terrain\n|upkeep\n|\n|t:|1698179109\n|switch|p1a: Urshifu|Urshifu-Rapid-Strike, F|100\/100\n|turn|7\n|\n|t:|1698179127\n|move|p1b: Decidueye|Protect|p1b: Decidueye\n|-singleturn|p1b: Decidueye|Protect\n|move|p2a: Ursaluna|Protect|p2a: Ursaluna\n|-singleturn|p2a: Ursaluna|Protect\n|move|p1a: Urshifu|Surging Strikes|p2a: Ursaluna\n|-supereffective|p2a: Ursaluna\n|-crit|p2a: Ursaluna\n|-damage|p2a: Ursaluna|47\/100 brn\n|-supereffective|p2a: Ursaluna\n|-crit|p2a: Ursaluna\n|-damage|p2a: Ursaluna|17\/100 brn\n|-supereffective|p2a: Ursaluna\n|-crit|p2a: Ursaluna\n|-damage|p2a: Ursaluna|0 fnt\n|faint|p2a: Ursaluna\n|-hitcount|p2: Ursaluna|3\n|move|p2b: Oranguru|Trick Room|p2b: Oranguru\n|-fieldstart|move: Trick Room|[of] p2b: Oranguru\n|\n|upkeep\n|\n|t:|1698179133\n|switch|p2a: Glastrier|Glastrier, tera:Ice|100\/100\n|turn|8\n|inactive|Bug Panda has 120 seconds left.\n|\n|t:|1698179173\n|move|p1b: Decidueye|Shadow Sneak|p2a: Glastrier\n|-damage|p2a: Glastrier|91\/100\n|move|p2a: Glastrier|Icicle Spear|p1b: Decidueye\n|-supereffective|p1b: Decidueye\n|-damage|p1b: Decidueye|47\/100\n|-supereffective|p1b: Decidueye\n|-damage|p1b: Decidueye|0 fnt\n|faint|p1b: Decidueye\n|-ability|p2a: Glastrier|Chilling Neigh|boost\n|-boost|p2a: Glastrier|atk|1\n|-hitcount|p1: Decidueye|2\n|move|p2b: Oranguru|Instruct|p2a: Glastrier\n|-singleturn|p2a: Glastrier|move: Instruct|[of] p2b: Oranguru\n|move|p2a: Glastrier|Icicle Spear|p1a: Urshifu\n|-resisted|p1a: Urshifu\n|-damage|p1a: Urshifu|84\/100\n|-resisted|p1a: Urshifu\n|-damage|p1a: Urshifu|68\/100\n|-resisted|p1a: Urshifu\n|-damage|p1a: Urshifu|53\/100\n|-resisted|p1a: Urshifu\n|-damage|p1a: Urshifu|39\/100\n|-resisted|p1a: Urshifu\n|-damage|p1a: Urshifu|24\/100\n|-hitcount|p1a: Urshifu|5\n|move|p1a: Urshifu|Drain Punch|p2a: Glastrier\n|-supereffective|p2a: Glastrier\n|-damage|p2a: Glastrier|36\/100\n|-heal|p1a: Urshifu|66\/100|[from] drain|[of] p2a: Glastrier\n|\n|upkeep\n|inactive|Bug Panda has 90 seconds left.\n|\n|t:|1698179198\n|switch|p1b: Pawmot|Pawmot, M, shiny|100\/100\n|turn|9\n|\n|t:|1698179203\n|move|p1a: Urshifu|Protect|p1a: Urshifu\n|-singleturn|p1a: Urshifu|Protect\n|move|p2a: Glastrier|Icicle Spear|p1b: Pawmot\n|-damage|p1b: Pawmot|56\/100\n|-damage|p1b: Pawmot|12\/100\n|-damage|p1b: Pawmot|0 fnt\n|faint|p1b: Pawmot\n|-ability|p2a: Glastrier|Chilling Neigh|boost\n|-boost|p2a: Glastrier|atk|1\n|-hitcount|p1: Pawmot|3\n|move|p2b: Oranguru|Instruct|p2a: Glastrier\n|-singleturn|p2a: Glastrier|move: Instruct|[of] p2b: Oranguru\n|move|p2a: Glastrier|Icicle Spear|p1a: Urshifu\n|-activate|p1a: Urshifu|move: Protect\n|\n|-sideend|p1: Bug Panda|move: Tailwind\n|upkeep\n|\n|t:|1698179220\n|switch|p1b: Salamence|Salamence-Mega, M, shiny|100\/100\n|turn|10\n|\n|t:|1698179245\n|move|p2a: Glastrier|Icicle Spear|p1a: Urshifu\n|-resisted|p1a: Urshifu\n|-damage|p1a: Urshifu|44\/100\n|-resisted|p1a: Urshifu\n|-crit|p1a: Urshifu\n|-damage|p1a: Urshifu|14\/100\n|-resisted|p1a: Urshifu\n|-damage|p1a: Urshifu|0 fnt\n|faint|p1a: Urshifu\n|-ability|p2a: Glastrier|Chilling Neigh|boost\n|-boost|p2a: Glastrier|atk|1\n|-hitcount|p1: Urshifu|3\n|move|p2b: Oranguru|Instruct|p2a: Glastrier\n|-singleturn|p2a: Glastrier|move: Instruct|[of] p2b: Oranguru\n|move|p2a: Glastrier|Icicle Spear|p1b: Salamence\n|-supereffective|p1b: Salamence\n|-damage|p1b: Salamence|0 fnt\n|faint|p1b: Salamence\n|-hitcount|p1: Salamence|1\n|\n|win|dfgfxg xf\n|raw|Bug Panda's rating: 1096 &rarr; <strong>1077<\/strong><br \/>(-19 for losing)\n|raw|dfgfxg xf's rating: 1177 &rarr; <strong>1196<\/strong><br \/>(+19 for winning)\n|l|\u2606Bug Panda\n","uploadtime":1698179264,"views":8,"p1id":"bugpanda","p2id":"dfgfxgxf","formatid":"gen9nationaldexdoubles","rating":1077,"private":0,"password":""}