{"id":"gen9nationaldexdoubles-1974285352","p1":"AdvancedDigit","p2":"imcracarlos","format":"[Gen 9] National Dex Doubles","log":"|j|\u2606AdvancedDigit\n|j|\u2606imcracarlos\n|t:|1698074813\n|gametype|doubles\n|player|p1|AdvancedDigit|hilbert|1285\n|player|p2|imcracarlos|265|1220\n|teamsize|p1|6\n|teamsize|p2|6\n|gen|9\n|tier|[Gen 9] National Dex Doubles\n|rated|\n|rule|HP Percentage Mod: HP is shown in percentages\n|rule|Endless Battle Clause: Forcing endless battles is banned\n|rule|OHKO Clause: OHKO moves are banned\n|rule|Evasion Moves Clause: Evasion moves are banned\n|rule|Evasion Abilities Clause: Evasion abilities are banned\n|rule|Species Clause: Limit one of each Pok\u00e9mon\n|rule|Gravity Sleep Clause: The combination of sleep-inducing moves with imperfect accuracy and Gravity or Gigantamax Orbeetle are banned\n|clearpoke\n|poke|p1|Scizor, F|\n|poke|p1|Mr. Mime, M|\n|poke|p1|Clefairy, M|\n|poke|p1|Amoonguss, F|\n|poke|p1|Chi-Yu|\n|poke|p1|Murkrow, F|\n|poke|p2|Ambipom, F|\n|poke|p2|Scizor, M|\n|poke|p2|Kingdra, F|\n|poke|p2|Ursaluna-Bloodmoon, M|\n|poke|p2|Entei|\n|poke|p2|Mismagius, M|\n|teampreview\n|inactive|Battle timer is ON: inactive players will automatically lose when time's up. (requested by imcracarlos)\n|\n|t:|1698074862\n|start\n|switch|p1a: Scizor|Scizor, F|100\/100\n|switch|p1b: Mr. Mime|Mr. Mime, M|100\/100\n|switch|p2a: Ambipom|Ambipom, F|100\/100\n|switch|p2b: Kingdra|Kingdra, F|100\/100\n|turn|1\n|\n|t:|1698074876\n|move|p2a: Ambipom|Fake Out|p1b: Mr. Mime\n|-damage|p1b: Mr. Mime|56\/100\n|cant|p1b: Mr. Mime|flinch\n|move|p2b: Kingdra|Hydro Pump|p1b: Mr. Mime|[miss]\n|-miss|p2b: Kingdra|p1b: Mr. Mime\n|move|p1a: Scizor|Swords Dance|p1a: Scizor\n|-boost|p1a: Scizor|atk|2\n|\n|-heal|p1b: Mr. Mime|62\/100|[from] item: Leftovers\n|upkeep\n|turn|2\n|\n|t:|1698074894\n|move|p2a: Ambipom|U-turn|p1b: Mr. Mime\n|-damage|p1b: Mr. Mime|26\/100\n|\n|t:|1698074906\n|switch|p2a: Entei|Entei|100\/100|[from] U-turn\n|move|p1b: Mr. Mime|Thunder Wave|p2b: Kingdra\n|-status|p2b: Kingdra|par\n|move|p1a: Scizor|Trailblaze|p2b: Kingdra\n|-damage|p2b: Kingdra|30\/100 par\n|-boost|p1a: Scizor|spe|1\n|move|p2b: Kingdra|Hydro Pump|p1a: Scizor\n|-damage|p1a: Scizor|44\/100\n|\n|-heal|p1b: Mr. Mime|32\/100|[from] item: Leftovers\n|upkeep\n|turn|3\n|\n|t:|1698074924\n|move|p2b: Kingdra|Protect|p2b: Kingdra\n|-singleturn|p2b: Kingdra|Protect\n|move|p1b: Mr. Mime|Wide Guard|p1b: Mr. Mime\n|-singleturn|p1b: Mr. Mime|Wide Guard\n|move|p1a: Scizor|Bullet Punch|p2b: Kingdra\n|-activate|p2b: Kingdra|move: Protect\n|move|p2a: Entei|Sacred Fire|p1a: Scizor\n|-supereffective|p1a: Scizor\n|-damage|p1a: Scizor|0 fnt\n|faint|p1a: Scizor\n|-damage|p2a: Entei|91\/100|[from] item: Life Orb\n|\n|-heal|p1b: Mr. Mime|38\/100|[from] item: Leftovers\n|upkeep\n|c|\u2606AdvancedDigit|im so dumb\n|c|\u2606AdvancedDigit|i thought entei was special for a second LMAO\n|\n|t:|1698074946\n|switch|p1a: Chi-Yu|Chi-Yu|100\/100\n|-ability|p1a: Chi-Yu|Beads of Ruin\n|turn|4\n|c|\u2606imcracarlos|lol\n|c|\u2606imcracarlos|although... you might be surprised\n|c|\u2606AdvancedDigit|i expected an eruption or something\n|inactive|imcracarlos has 120 seconds left.\n|\n|t:|1698074977\n|move|p1b: Mr. Mime|Follow Me|p1b: Mr. Mime\n|-singleturn|p1b: Mr. Mime|move: Follow Me\n|move|p1a: Chi-Yu|Dark Pulse|p2a: Entei\n|-damage|p2a: Entei|0 fnt\n|faint|p2a: Entei\n|move|p2b: Kingdra|Hydro Pump|p1b: Mr. Mime\n|-crit|p1b: Mr. Mime\n|-damage|p1b: Mr. Mime|0 fnt\n|faint|p1b: Mr. Mime\n|\n|upkeep\n|\n|t:|1698074988\n|switch|p2a: Ambipom|Ambipom, F|100\/100\n|switch|p1b: Clefairy|Clefairy, M|100\/100\n|turn|5\n|c|\u2606imcracarlos|well... I did say might\n|c|\u2606AdvancedDigit|did it have eruption?\n|\n|t:|1698075012\n|switch|p1a: Amoonguss|Amoonguss, F|100\/100\n|move|p2a: Ambipom|Fake Out|p1b: Clefairy\n|-damage|p1b: Clefairy|69\/100\n|move|p2b: Kingdra|Hydro Pump|p1a: Amoonguss|[miss]\n|-miss|p2b: Kingdra|p1a: Amoonguss\n|cant|p1b: Clefairy|flinch\n|\n|upkeep\n|turn|6\n|c|\u2606imcracarlos|hidden power grass\n|c|\u2606AdvancedDigit|ahh\n|\n|t:|1698075034\n|move|p2a: Ambipom|Power-Up Punch|p1a: Amoonguss\n|-resisted|p1a: Amoonguss\n|-damage|p1a: Amoonguss|93\/100\n|-boost|p2a: Ambipom|atk|1\n|move|p2b: Kingdra|Ice Beam|p1a: Amoonguss\n|-supereffective|p1a: Amoonguss\n|-damage|p1a: Amoonguss|46\/100\n|move|p1b: Clefairy|Knock Off|p2b: Kingdra\n|-damage|p2b: Kingdra|14\/100 par\n|-enditem|p2b: Kingdra|Expert Belt|[from] move: Knock Off|[of] p1b: Clefairy\n|move|p1a: Amoonguss|Spore|p2a: Ambipom\n|-status|p2a: Ambipom|slp|[from] move: Spore\n|\n|-heal|p1a: Amoonguss|52\/100|[from] item: Leftovers\n|upkeep\n|turn|7\n|c|\u2606AdvancedDigit|i pray\n|\n|t:|1698075053\n|switch|p1b: Murkrow|Murkrow, F|100\/100\n|switch|p1a: Chi-Yu|Chi-Yu|100\/100\n|-ability|p1a: Chi-Yu|Beads of Ruin\n|cant|p2a: Ambipom|slp\n|cant|p2b: Kingdra|par\n|\n|upkeep\n|turn|8\n|c|\u2606AdvancedDigit|oh thank arceus\n|c|\u2606AdvancedDigit|wait i dont have tailwind on this\n|c|\u2606AdvancedDigit|LMAO\n|\n|t:|1698075081\n|switch|p1b: Amoonguss|Amoonguss, F|85\/100\n|cant|p2a: Ambipom|slp\n|move|p1a: Chi-Yu|Heat Wave|p2b: Kingdra|[spread] p2a,p2b\n|-resisted|p2b: Kingdra\n|-enditem|p2a: Ambipom|Focus Sash\n|-damage|p2a: Ambipom|1\/100 slp\n|-damage|p2b: Kingdra|0 fnt\n|faint|p2b: Kingdra\n|\n|-heal|p1b: Amoonguss|91\/100|[from] item: Leftovers\n|upkeep\n|\n|t:|1698075094\n|switch|p2b: Ursaluna|Ursaluna-Bloodmoon, M|100\/100\n|turn|9\n|\n|t:|1698075106\n|move|p1b: Amoonguss|Rage Powder|p1b: Amoonguss\n|-singleturn|p1b: Amoonguss|move: Rage Powder\n|-curestatus|p2a: Ambipom|slp|[msg]\n|move|p2a: Ambipom|Baton Pass|p2a: Ambipom\n|\n|t:|1698075111\n|switch|p2a: Scizor|Scizor, M|100\/100|[from] Baton Pass\n|move|p1a: Chi-Yu|Heat Wave|p2b: Ursaluna|[spread] p2a,p2b\n|-supereffective|p2a: Scizor\n|-damage|p2a: Scizor|0 fnt\n|-damage|p2b: Ursaluna|9\/100\n|faint|p2a: Scizor\n|move|p2b: Ursaluna|Earth Power|p1b: Amoonguss\n|-crit|p1b: Amoonguss\n|-damage|p1b: Amoonguss|0 fnt\n|faint|p1b: Amoonguss\n|\n|-heal|p2b: Ursaluna|15\/100|[from] item: Leftovers\n|upkeep\n|\n|t:|1698075124\n|switch|p2a: Ambipom|Ambipom, F|1\/100\n|switch|p1b: Clefairy|Clefairy, M|69\/100\n|turn|10\n|\n|t:|1698075131\n|move|p2a: Ambipom|Fake Out|p1a: Chi-Yu\n|-damage|p1a: Chi-Yu|65\/100\n|move|p1b: Clefairy|Follow Me|p1b: Clefairy\n|-singleturn|p1b: Clefairy|move: Follow Me\n|cant|p1a: Chi-Yu|flinch\n|move|p2b: Ursaluna|Earth Power|p1b: Clefairy\n|-damage|p1b: Clefairy|23\/100\n|\n|-heal|p2b: Ursaluna|21\/100|[from] item: Leftovers\n|upkeep\n|turn|11\n|\n|t:|1698075150\n|move|p1b: Clefairy|Follow Me|p1b: Clefairy\n|-singleturn|p1b: Clefairy|move: Follow Me\n|move|p2a: Ambipom|U-turn|p1b: Clefairy\n|-resisted|p1b: Clefairy\n|-damage|p1b: Clefairy|10\/100\n|\n|t:|1698075155\n|switch|p2a: Mismagius|Mismagius, M|100\/100|[from] U-turn\n|move|p1a: Chi-Yu|Heat Wave|p2a: Mismagius|[spread] p2a,p2b\n|-damage|p2a: Mismagius|0 fnt\n|-damage|p2b: Ursaluna|0 fnt\n|faint|p2a: Mismagius\n|faint|p2b: Ursaluna\n|\n|upkeep\n|c|\u2606AdvancedDigit|gg\n|\n|t:|1698075167\n|switch|p2a: Ambipom|Ambipom, F|1\/100\n|turn|12\n|c|\u2606imcracarlos|gg\n|\n|t:|1698075175\n|move|p2a: Ambipom|Fake Out|p1a: Chi-Yu\n|-damage|p1a: Chi-Yu|33\/100\n|cant|p1a: Chi-Yu|flinch\n|move|p1b: Clefairy|Knock Off|p2a: Ambipom\n|-damage|p2a: Ambipom|0 fnt\n|faint|p2a: Ambipom\n|\n|win|AdvancedDigit\n|raw|AdvancedDigit's rating: 1285 &rarr; <strong>1305<\/strong><br \/>(+20 for winning)\n|raw|imcracarlos's rating: 1220 &rarr; <strong>1200<\/strong><br \/>(-20 for losing)\n|c|\u2606AdvancedDigit|lets go clefairy\n","uploadtime":1698075183,"views":9,"p1id":"advanceddigit","p2id":"imcracarlos","formatid":"gen9nationaldexdoubles","rating":1200,"private":0,"password":""}