{"id":"gen9nationaldexdoubles-1967586268","p1":"that guy2196843","p2":"Winder riva","format":"[Gen 9] National Dex Doubles","log":"|j|\u2606that guy2196843\n|j|\u2606Winder riva\n|t:|1697316321\n|gametype|doubles\n|player|p1|that guy2196843|265|1049\n|player|p2|Winder riva|hugh|1000\n|teamsize|p1|6\n|teamsize|p2|6\n|gen|9\n|tier|[Gen 9] National Dex Doubles\n|rated|\n|rule|HP Percentage Mod: HP is shown in percentages\n|rule|Endless Battle Clause: Forcing endless battles is banned\n|rule|OHKO Clause: OHKO moves are banned\n|rule|Evasion Moves Clause: Evasion moves are banned\n|rule|Evasion Abilities Clause: Evasion abilities are banned\n|rule|Species Clause: Limit one of each Pok\u00e9mon\n|rule|Gravity Sleep Clause: The combination of sleep-inducing moves with imperfect accuracy and Gravity or Gigantamax Orbeetle are banned\n|clearpoke\n|poke|p1|Cloyster, F|\n|poke|p1|Basculegion, M|\n|poke|p1|Furret, F|\n|poke|p1|Garganacl, F|\n|poke|p1|Rabsca, F|\n|poke|p1|Salamence, F|\n|poke|p2|Metagross|\n|poke|p2|Dragonite, F|\n|poke|p2|Golisopod, M|\n|poke|p2|Golurk|\n|poke|p2|Bronzong|\n|poke|p2|Scizor, F|\n|teampreview\n|c|\u2606that guy2196843|money\n|c|\u2606that guy2196843|money\n|inactive|Battle timer is ON: inactive players will automatically lose when time's up. (requested by that guy2196843)\n|c|\u2606that guy2196843|money\n|inactive|Winder riva has 120 seconds left.\n|\n|t:|1697316393\n|start\n|switch|p1a: Rabsca|Rabsca, F|100\/100\n|switch|p1b: Garganacl|Garganacl, F|100\/100\n|switch|p2a: Bronzong|Bronzong|100\/100\n|switch|p2b: Golisopod|Golisopod, M|100\/100\n|turn|1\n|\n|t:|1697316422\n|move|p2b: Golisopod|Waterfall|p1b: Garganacl\n|-supereffective|p1b: Garganacl\n|-damage|p1b: Garganacl|41\/100\n|move|p1a: Rabsca|Psychic|p2b: Golisopod\n|-damage|p2b: Golisopod|62\/100\n|move|p1b: Garganacl|Explosion|p2a: Bronzong|[spread] p2a,p2b\n|-activate|p1a: Rabsca|ability: Telepathy\n|-resisted|p2a: Bronzong\n|-damage|p2a: Bronzong|57\/100\n|-damage|p2b: Golisopod|0 fnt\n|faint|p1b: Garganacl\n|faint|p2b: Golisopod\n|move|p2a: Bronzong|Light Screen|p2a: Bronzong\n|-sidestart|p2: Winder riva|move: Light Screen\n|\n|-heal|p2a: Bronzong|63\/100|[from] item: Leftovers\n|upkeep\n|\n|t:|1697316452\n|switch|p2b: Scizor|Scizor, F|100\/100\n|switch|p1b: Furret|Furret, F|100\/100\n|-item|p2a: Bronzong|Leftovers|[from] ability: Frisk|[of] p1b: Furret|[identify]\n|-item|p2b: Scizor|Scizorite|[from] ability: Frisk|[of] p1b: Furret|[identify]\n|turn|2\n|\n|t:|1697316481\n|detailschange|p2b: Scizor|Scizor-Mega, F\n|-mega|p2b: Scizor|Scizor|Scizorite\n|move|p1b: Furret|Follow Me|p1b: Furret\n|-singleturn|p1b: Furret|move: Follow Me\n|move|p2b: Scizor|Swords Dance|p2b: Scizor\n|-boost|p2b: Scizor|atk|2\n|move|p1a: Rabsca|Revival Blessing|p1a: Rabsca\n|-enditem|p1a: Rabsca|Leppa Berry|[eat]\n|-activate|p1a: Rabsca|item: Leppa Berry|Revival Blessing|[consumed]\n|\n|t:|1697316489\n|-heal|p1: Garganacl|50\/100|[from] move: Revival Blessing\n|move|p2a: Bronzong|Iron Head|p1b: Furret\n|-damage|p1b: Furret|62\/100\n|\n|-heal|p2a: Bronzong|69\/100|[from] item: Leftovers\n|upkeep\n|turn|3\n|\n|t:|1697316506\n|move|p1b: Furret|Follow Me|p1b: Furret\n|-singleturn|p1b: Furret|move: Follow Me\n|move|p2b: Scizor|Dual Wingbeat|p1b: Furret\n|-damage|p1b: Furret|1\/100\n|-damage|p1b: Furret|0 fnt\n|faint|p1b: Furret\n|-hitcount|p1: Furret|2\n|move|p1a: Rabsca|Revival Blessing|p1a: Rabsca\n|\n|t:|1697316515\n|-heal|p1: Furret|50\/100|[from] move: Revival Blessing\n|switch|p1b: Furret|Furret, F|50\/100\n|-item|p2a: Bronzong|Leftovers|[from] ability: Frisk|[of] p1b: Furret|[identify]\n|-item|p2b: Scizor|Scizorite|[from] ability: Frisk|[of] p1b: Furret|[identify]\n|move|p2a: Bronzong|Reflect|p2a: Bronzong\n|-sidestart|p2: Winder riva|Reflect\n|\n|-heal|p2a: Bronzong|75\/100|[from] item: Leftovers\n|upkeep\n|turn|4\n|\n|t:|1697316542\n|move|p1b: Furret|Follow Me|p1b: Furret\n|-singleturn|p1b: Furret|move: Follow Me\n|move|p2b: Scizor|Dual Wingbeat|p1b: Furret\n|-damage|p1b: Furret|0 fnt\n|faint|p1b: Furret\n|-hitcount|p1: Furret|1\n|move|p1a: Rabsca|Psychic|p2b: Scizor\n|-resisted|p2b: Scizor\n|-damage|p2b: Scizor|89\/100\n|move|p2a: Bronzong|Iron Head|p1a: Rabsca\n|-damage|p1a: Rabsca|61\/100\n|\n|-heal|p2a: Bronzong|82\/100|[from] item: Leftovers\n|upkeep\n|\n|t:|1697316551\n|switch|p1b: Garganacl|Garganacl, F|50\/100\n|turn|5\n|\n|t:|1697316571\n|move|p2b: Scizor|Dual Wingbeat|p1b: Garganacl\n|-resisted|p1b: Garganacl\n|-damage|p1b: Garganacl|34\/100\n|-resisted|p1b: Garganacl\n|-damage|p1b: Garganacl|16\/100\n|-hitcount|p1b: Garganacl|2\n|move|p1a: Rabsca|Bug Buzz|p2b: Scizor\n|-resisted|p2b: Scizor\n|-damage|p2b: Scizor|77\/100\n|move|p1b: Garganacl|Explosion|p2b: Scizor|[spread] p2a,p2b\n|-activate|p1a: Rabsca|ability: Telepathy\n|-resisted|p2a: Bronzong\n|-resisted|p2b: Scizor\n|-damage|p2a: Bronzong|51\/100\n|-damage|p2b: Scizor|54\/100\n|faint|p1b: Garganacl\n|move|p2a: Bronzong|Iron Head|p1a: Rabsca\n|-damage|p1a: Rabsca|21\/100\n|\n|-heal|p2a: Bronzong|58\/100|[from] item: Leftovers\n|-sideend|p2: Winder riva|move: Light Screen\n|upkeep\n|\n|t:|1697316589\n|switch|p1b: sally|Salamence, F|100\/100\n|turn|6\n|\n|t:|1697316604\n|move|p1b: sally|Dragon Dance|p1b: sally\n|-boost|p1b: sally|atk|1\n|-boost|p1b: sally|spe|1\n|move|p2b: Scizor|Dual Wingbeat|p1b: sally\n|-damage|p1b: sally|40\/100\n|-damage|p1b: sally|0 fnt\n|faint|p1b: sally\n|-hitcount|p1: sally|2\n|move|p1a: Rabsca|Psychic|p2b: Scizor\n|-resisted|p2b: Scizor\n|-damage|p2b: Scizor|38\/100\n|move|p2a: Bronzong|Light Screen|p2a: Bronzong\n|-sidestart|p2: Winder riva|move: Light Screen\n|\n|-heal|p2a: Bronzong|64\/100|[from] item: Leftovers\n|upkeep\n|\n|t:|1697316611\n|switch|p1b: fleshlight|Cloyster, F|100\/100\n|turn|7\n|\n|t:|1697316634\n|move|p1b: fleshlight|Shell Smash|p1b: fleshlight\n|-unboost|p1b: fleshlight|def|1\n|-unboost|p1b: fleshlight|spd|1\n|-boost|p1b: fleshlight|atk|2\n|-boost|p1b: fleshlight|spa|2\n|-boost|p1b: fleshlight|spe|2\n|move|p2b: Scizor|Dual Wingbeat|p1b: fleshlight\n|-damage|p1b: fleshlight|36\/100\n|-damage|p1b: fleshlight|0 fnt\n|faint|p1b: fleshlight\n|-hitcount|p1: fleshlight|2\n|move|p1a: Rabsca|Psychic|p2a: Bronzong\n|-resisted|p2a: Bronzong\n|-damage|p2a: Bronzong|58\/100\n|move|p2a: Bronzong|Iron Head|p1a: Rabsca\n|-damage|p1a: Rabsca|0 fnt\n|faint|p1a: Rabsca\n|\n|-heal|p2a: Bronzong|64\/100|[from] item: Leftovers\n|-sideend|p2: Winder riva|Reflect\n|upkeep\n|\n|t:|1697316648\n|switch|p1b: ghastly|Basculegion, M|100\/100\n|turn|8\n|\n|t:|1697316667\n|-terastallize|p1b: ghastly|Ghost\n|move|p1b: ghastly|Last Respects|p2a: Bronzong\n|-supereffective|p2a: Bronzong\n|-damage|p2a: Bronzong|0 fnt\n|faint|p2a: Bronzong\n|move|p2b: Scizor|Dual Wingbeat|p1b: ghastly\n|-damage|p1b: ghastly|36\/100\n|-damage|p1b: ghastly|0 fnt\n|faint|p1b: ghastly\n|-hitcount|p1: ghastly|2\n|\n|win|Winder riva\n|raw|that guy2196843's rating: 1049 &rarr; <strong>1029<\/strong><br \/>(-20 for losing)\n|raw|Winder riva's rating: 1000 &rarr; <strong>1046<\/strong><br \/>(+46 for winning)\n|c|\u2606that guy2196843|gg\n|l|\u2606that guy2196843\n","uploadtime":1697316694,"views":4,"p1id":"thatguy2196843","p2id":"winderriva","formatid":"gen9nationaldexdoubles","rating":1029,"private":0,"password":""}