{"id":"gen9nationaldexdoubles-1971962426","p1":"fumbari 24","p2":"Chiropt","format":"[Gen 9] National Dex Doubles","log":"|j|\u2606fumbari 24\n|j|\u2606Chiropt\n|t:|1697798355\n|gametype|doubles\n|player|p1|fumbari 24|hilbert|1409\n|player|p2|Chiropt|norman|1142\n|teamsize|p1|6\n|teamsize|p2|6\n|gen|9\n|tier|[Gen 9] National Dex Doubles\n|rated|\n|rule|HP Percentage Mod: HP is shown in percentages\n|rule|Endless Battle Clause: Forcing endless battles is banned\n|rule|OHKO Clause: OHKO moves are banned\n|rule|Evasion Moves Clause: Evasion moves are banned\n|rule|Evasion Abilities Clause: Evasion abilities are banned\n|rule|Species Clause: Limit one of each Pok\u00e9mon\n|rule|Gravity Sleep Clause: The combination of sleep-inducing moves with imperfect accuracy and Gravity or Gigantamax Orbeetle are banned\n|clearpoke\n|poke|p1|Krookodile, M|\n|poke|p1|Salamence, M|\n|poke|p1|Chi-Yu|\n|poke|p1|Tornadus, M|\n|poke|p1|Arcanine-Hisui, M|\n|poke|p1|Amoonguss, F|\n|poke|p2|Gliscor, M|\n|poke|p2|Glimmora, F|\n|poke|p2|Orthworm, M|\n|poke|p2|Politoed, F|\n|poke|p2|Garganacl, M|\n|poke|p2|Sinistcha|\n|teampreview\n|inactive|Battle timer is ON: inactive players will automatically lose when time's up. (requested by Chiropt)\n|\n|t:|1697798375\n|start\n|switch|p1a: Arcanine|Arcanine-Hisui, M|100\/100\n|switch|p1b: Chi-Yu|Chi-Yu|100\/100\n|switch|p2a: Belladonna|Glimmora, F|100\/100\n|switch|p2b: Colossus|Garganacl, M|100\/100\n|-ability|p1b: Chi-Yu|Beads of Ruin\n|turn|1\n|\n|t:|1697798393\n|move|p1a: Arcanine|Protect|p1a: Arcanine\n|-singleturn|p1a: Arcanine|Protect\n|move|p2a: Belladonna|Mortal Spin|p1a: Arcanine|[spread] p1b\n|-activate|p1a: Arcanine|move: Protect\n|-damage|p1b: Chi-Yu|95\/100\n|-status|p1b: Chi-Yu|psn\n|move|p1b: Chi-Yu|Snarl|p2b: Colossus|[spread] p2a,p2b\n|-damage|p2a: Belladonna|70\/100\n|-damage|p2b: Colossus|73\/100\n|-unboost|p2a: Belladonna|spa|1\n|-unboost|p2b: Colossus|spa|1\n|move|p2b: Colossus|Salt Cure|p1b: Chi-Yu\n|-supereffective|p1b: Chi-Yu\n|-damage|p1b: Chi-Yu|67\/100 psn\n|-start|p1b: Chi-Yu|Salt Cure\n|\n|-heal|p2b: Colossus|79\/100|[from] item: Leftovers\n|-damage|p1b: Chi-Yu|55\/100 psn|[from] psn\n|-damage|p1b: Chi-Yu|43\/100 psn|[from] Salt Cure\n|upkeep\n|turn|2\n|\n|t:|1697798416\n|switch|p1b: Tornadus|Tornadus, M|100\/100\n|-terastallize|p1a: Arcanine|Fire\n|move|p2a: Belladonna|Spiky Shield|p2a: Belladonna\n|-singleturn|p2a: Belladonna|move: Protect\n|move|p1a: Arcanine|Flare Blitz|p2b: Colossus\n|-resisted|p2b: Colossus\n|-damage|p2b: Colossus|58\/100\n|move|p2b: Colossus|Salt Cure|p1a: Arcanine\n|-supereffective|p1a: Arcanine\n|-damage|p1a: Arcanine|67\/100\n|-start|p1a: Arcanine|Salt Cure\n|\n|-heal|p2b: Colossus|64\/100|[from] item: Leftovers\n|-damage|p1a: Arcanine|55\/100|[from] Salt Cure\n|upkeep\n|turn|3\n|\n|t:|1697798445\n|switch|p2a: Siren|Politoed, F|100\/100\n|-weather|RainDance|[from] ability: Drizzle|[of] p2a: Siren\n|move|p1b: Tornadus|Sunny Day|p1b: Tornadus\n|-weather|SunnyDay\n|move|p1a: Arcanine|Flare Blitz|p2b: Colossus\n|-resisted|p2b: Colossus\n|-damage|p2b: Colossus|32\/100\n|move|p2b: Colossus|Salt Cure|p1b: Tornadus\n|-supereffective|p1b: Tornadus\n|-damage|p1b: Tornadus|74\/100\n|\n|-weather|SunnyDay|[upkeep]\n|-heal|p2b: Colossus|38\/100|[from] item: Leftovers\n|-damage|p1a: Arcanine|42\/100|[from] Salt Cure\n|upkeep\n|turn|4\n|\n|t:|1697798465\n|move|p2b: Colossus|Protect|p2b: Colossus\n|-singleturn|p2b: Colossus|Protect\n|move|p1a: Arcanine|Flare Blitz|p2b: Colossus\n|-activate|p2b: Colossus|move: Protect\n|move|p1b: Tornadus|Bleakwind Storm|p2b: Colossus|[spread] p2a\n|-activate|p2b: Colossus|move: Protect\n|-damage|p2a: Siren|79\/100\n|-unboost|p2a: Siren|spe|1\n|move|p2a: Siren|Perish Song|p2a: Siren\n|-start|p1a: Arcanine|perish3|[silent]\n|-start|p1b: Tornadus|perish3|[silent]\n|-start|p2a: Siren|perish3|[silent]\n|-start|p2b: Colossus|perish3|[silent]\n|-fieldactivate|move: Perish Song\n|\n|-weather|SunnyDay|[upkeep]\n|-heal|p2b: Colossus|45\/100|[from] item: Leftovers\n|-damage|p1a: Arcanine|30\/100|[from] Salt Cure\n|-start|p1a: Arcanine|perish3\n|-start|p1b: Tornadus|perish3\n|-start|p2a: Siren|perish3\n|-start|p2b: Colossus|perish3\n|upkeep\n|turn|5\n|\n|t:|1697798487\n|move|p2a: Siren|Protect|p2a: Siren\n|-singleturn|p2a: Siren|Protect\n|move|p1b: Tornadus|Taunt|p2b: Colossus\n|-start|p2b: Colossus|move: Taunt\n|move|p1a: Arcanine|Flare Blitz|p2b: Colossus\n|-resisted|p2b: Colossus\n|-damage|p2b: Colossus|12\/100\n|cant|p2b: Colossus|move: Taunt|Recover\n|\n|-weather|SunnyDay|[upkeep]\n|-heal|p2b: Colossus|18\/100|[from] item: Leftovers\n|-damage|p1a: Arcanine|18\/100|[from] Salt Cure\n|-start|p1a: Arcanine|perish2\n|-start|p1b: Tornadus|perish2\n|-start|p2a: Siren|perish2\n|-start|p2b: Colossus|perish2\n|upkeep\n|turn|6\n|\n|t:|1697798514\n|switch|p1a: Blue Flame|Salamence, M|100\/100\n|-ability|p1a: Blue Flame|Intimidate|boost\n|-unboost|p2a: Siren|atk|1\n|-unboost|p2b: Colossus|atk|1\n|switch|p2a: Goober|Sinistcha|100\/100\n|-heal|p2b: Colossus|43\/100|[from] ability: Hospitality|[of] p2a: Goober\n|switch|p2b: Lestat|Gliscor, M|100\/100\n|move|p1b: Tornadus|Bleakwind Storm|p2a: Goober|[spread] p2a,p2b\n|-supereffective|p2a: Goober\n|-damage|p2a: Goober|32\/100\n|-damage|p2b: Lestat|65\/100\n|-unboost|p2a: Goober|spe|1\n|\n|-weather|SunnyDay|[upkeep]\n|-heal|p2a: Goober|38\/100|[from] item: Leftovers\n|-start|p1b: Tornadus|perish1\n|-status|p2b: Lestat|tox|[from] item: Toxic Orb\n|upkeep\n|turn|7\n|\n|t:|1697798539\n|switch|p2a: Siren|Politoed, F|79\/100\n|-weather|RainDance|[from] ability: Drizzle|[of] p2a: Siren\n|detailschange|p1a: Blue Flame|Salamence-Mega, M\n|-mega|p1a: Blue Flame|Salamence|Salamencite\n|move|p1a: Blue Flame|Hyper Voice|p2a: Siren|[spread] p2a,p2b\n|-damage|p2a: Siren|52\/100\n|-damage|p2b: Lestat|19\/100 tox\n|move|p1b: Tornadus|Bleakwind Storm|p2a: Siren|[spread] p2a,p2b\n|-damage|p2a: Siren|31\/100\n|-damage|p2b: Lestat|0 fnt\n|faint|p2b: Lestat\n|\n|-weather|RainDance|[upkeep]\n|-start|p1b: Tornadus|perish0\n|upkeep\n|faint|p1b: Tornadus\n|\n|t:|1697798556\n|switch|p1b: Chi-Yu|Chi-Yu|43\/100 psn\n|switch|p2b: Beetlejuice|Orthworm, M|100\/100\n|-ability|p1b: Chi-Yu|Beads of Ruin\n|turn|8\n|\n|t:|1697798565\n|move|p1a: Blue Flame|Hyper Voice|p2a: Siren|[spread] p2a,p2b\n|-resisted|p2b: Beetlejuice\n|-damage|p2a: Siren|0 fnt\n|-damage|p2b: Beetlejuice|62\/100\n|faint|p2a: Siren\n|move|p1b: Chi-Yu|Heat Wave|p2b: Beetlejuice\n|-supereffective|p2b: Beetlejuice\n|-damage|p2b: Beetlejuice|0 fnt\n|faint|p2b: Beetlejuice\n|\n|-weather|RainDance|[upkeep]\n|-damage|p1b: Chi-Yu|30\/100 psn|[from] psn\n|upkeep\n|-message|Chiropt forfeited.\n|\n|win|fumbari 24\n|raw|fumbari 24's rating: 1409 &rarr; <strong>1416<\/strong><br \/>(+7 for winning)\n|raw|Chiropt's rating: 1142 &rarr; <strong>1133<\/strong><br \/>(-9 for losing)\n|l|\u2606Chiropt\n","uploadtime":1697798579,"views":13,"p1id":"fumbari24","p2id":"chiropt","formatid":"gen9nationaldexdoubles","rating":1133,"private":0,"password":""}