{"id":"gen9nationaldexdoubles-1985856650","p1":"Foloxcer","p2":"toobionest","format":"[Gen 9] National Dex Doubles","log":"|j|\u2606Foloxcer\n|j|\u2606toobionest\n|t:|1699413839\n|gametype|doubles\n|player|p1|Foloxcer|colress|1041\n|player|p2|toobionest|ghetsis|1034\n|teamsize|p1|6\n|teamsize|p2|6\n|gen|9\n|tier|[Gen 9] National Dex Doubles\n|rated|\n|rule|HP Percentage Mod: HP is shown in percentages\n|rule|Endless Battle Clause: Forcing endless battles is banned\n|rule|OHKO Clause: OHKO moves are banned\n|rule|Evasion Moves Clause: Evasion moves are banned\n|rule|Evasion Abilities Clause: Evasion abilities are banned\n|rule|Species Clause: Limit one of each Pok\u00e9mon\n|rule|Gravity Sleep Clause: The combination of sleep-inducing moves with imperfect accuracy and Gravity or Gigantamax Orbeetle are banned\n|clearpoke\n|poke|p1|Kommo-o, F|\n|poke|p1|Glaceon, F|\n|poke|p1|Dragonite, M|\n|poke|p1|Clefairy, M|\n|poke|p1|Abomasnow, M|\n|poke|p1|Empoleon, M|\n|poke|p2|Hariyama, M|\n|poke|p2|Riolu, M|\n|poke|p2|Volcanion|\n|poke|p2|Tauros, M|\n|poke|p2|Ninetales-Alola, M|\n|poke|p2|Primeape, F|\n|teampreview\n|inactive|Battle timer is ON: inactive players will automatically lose when time's up. (requested by toobionest)\n|inactive|Foloxcer also wants the timer to be on.\n|c|\u2606Foloxcer|glhf\n|c|\u2606toobionest|glhf\n|\n|t:|1699413856\n|start\n|switch|p1a: Yoshi|Dragonite, M|100\/100\n|switch|p1b: Winter|Glaceon, F|100\/100\n|switch|p2a: Ninetales|Ninetales-Alola, M|100\/100\n|switch|p2b: Tauros|Tauros, M|100\/100\n|-weather|Snow|[from] ability: Snow Warning|[of] p2a: Ninetales\n|turn|1\n|c|\u2606Foloxcer|interesting team\n|\n|t:|1699413882\n|move|p1b: Winter|Ice Shard|p1a: Yoshi\n|-supereffective|p1a: Yoshi\n|-damage|p1a: Yoshi|80\/100\n|-enditem|p1a: Yoshi|Weakness Policy\n|-boost|p1a: Yoshi|atk|2|[from] item: Weakness Policy\n|-boost|p1a: Yoshi|spa|2|[from] item: Weakness Policy\n|move|p2b: Tauros|Rock Slide|p1a: Yoshi|[spread] p1a,p1b\n|-supereffective|p1a: Yoshi\n|-supereffective|p1b: Winter\n|-damage|p1a: Yoshi|42\/100\n|-damage|p1b: Winter|84\/100\n|move|p2a: Ninetales|Frost Breath|p2b: Tauros\n|-crit|p2b: Tauros\n|-damage|p2b: Tauros|68\/100\n|-setboost|p2b: Tauros|atk|6|[from] ability: Anger Point\n|cant|p1a: Yoshi|flinch\n|\n|-weather|Snow|[upkeep]\n|-heal|p1b: Winter|90\/100|[from] ability: Ice Body\n|-heal|p1b: Winter|96\/100|[from] item: Leftovers\n|upkeep\n|turn|2\n|c|\u2606toobionest|we the same fr\n|\n|t:|1699413903\n|switch|p1b: Pixie|Clefairy, M|100\/100\n|move|p1a: Yoshi|Protect|p1a: Yoshi\n|-singleturn|p1a: Yoshi|Protect\n|move|p2b: Tauros|Rock Slide|p1a: Yoshi|[spread] p1b\n|-activate|p1a: Yoshi|move: Protect\n|-damage|p1b: Pixie|28\/100\n|move|p2a: Ninetales|Aurora Veil|p2a: Ninetales\n|-sidestart|p2: toobionest|move: Aurora Veil\n|\n|-weather|Snow|[upkeep]\n|upkeep\n|turn|3\n|\n|t:|1699413923\n|-terastallize|p1a: Yoshi|Normal\n|move|p1a: Yoshi|Extreme Speed|p2b: Tauros\n|-damage|p2b: Tauros|8\/100\n|move|p2b: Tauros|Rock Slide|p1a: Yoshi|[spread] p1a,p1b\n|-damage|p1a: Yoshi|0 fnt\n|-damage|p1b: Pixie|0 fnt\n|faint|p1a: Yoshi\n|faint|p1b: Pixie\n|move|p2a: Ninetales|Dazzling Gleam|p1: Yoshi|[notarget]\n|-fail|p2a: Ninetales\n|\n|-weather|Snow|[upkeep]\n|upkeep\n|c|\u2606toobionest|it is what it is\n|inactive|Foloxcer has 120 seconds left.\n|\n|t:|1699413941\n|switch|p1a: Tundra|Abomasnow, M|100\/100\n|switch|p1b: Winter|Glaceon, F|96\/100\n|turn|4\n|\n|t:|1699413952\n|detailschange|p1a: Tundra|Abomasnow-Mega, M\n|-mega|p1a: Tundra|Abomasnow|Abomasite\n|move|p1b: Winter|Ice Shard|p2b: Tauros\n|-damage|p2b: Tauros|1\/100\n|move|p2b: Tauros|Rock Slide|p1b: Winter|[spread] p1a,p1b\n|-supereffective|p1a: Tundra\n|-supereffective|p1b: Winter\n|-damage|p1a: Tundra|32\/100\n|-damage|p1b: Winter|39\/100\n|move|p2a: Ninetales|Dazzling Gleam|p1b: Winter|[spread] p1a,p1b\n|-damage|p1a: Tundra|17\/100\n|-damage|p1b: Winter|22\/100\n|cant|p1a: Tundra|flinch\n|\n|-weather|Snow|[upkeep]\n|-heal|p1b: Winter|28\/100|[from] ability: Ice Body\n|-heal|p1b: Winter|34\/100|[from] item: Leftovers\n|upkeep\n|turn|5\n|c|\u2606toobionest|breh\n|\n|t:|1699413968\n|move|p1a: Tundra|Protect|p1a: Tundra\n|-singleturn|p1a: Tundra|Protect\n|move|p1b: Winter|Ice Shard|p2b: Tauros\n|-damage|p2b: Tauros|0 fnt\n|faint|p2b: Tauros\n|move|p2a: Ninetales|Dazzling Gleam|p1a: Tundra|[spread] p1b\n|-activate|p1a: Tundra|move: Protect\n|-damage|p1b: Winter|15\/100\n|\n|-weather|none\n|-heal|p1b: Winter|21\/100|[from] item: Leftovers\n|upkeep\n|\n|t:|1699413976\n|switch|p2b: Primeape|Primeape, F|100\/100\n|turn|6\n|\n|t:|1699413987\n|move|p2b: Primeape|Drain Punch|p1a: Tundra\n|-supereffective|p1a: Tundra\n|-damage|p1a: Tundra|0 fnt\n|faint|p1a: Tundra\n|move|p2a: Ninetales|Frost Breath|p2b: Primeape\n|-crit|p2b: Primeape\n|-damage|p2b: Primeape|64\/100\n|-setboost|p2b: Primeape|atk|6|[from] ability: Anger Point\n|move|p1b: Winter|Yawn|p2b: Primeape\n|-start|p2b: Primeape|move: Yawn|[of] p1b: Winter\n|\n|-heal|p1b: Winter|27\/100|[from] item: Leftovers\n|upkeep\n|\n|t:|1699414001\n|switch|p1a: Pengu|Empoleon, M|100\/100\n|turn|7\n|\n|t:|1699414017\n|move|p1b: Winter|Protect|p1b: Winter\n|-singleturn|p1b: Winter|Protect\n|move|p2b: Primeape|Drain Punch|p1a: Pengu\n|-supereffective|p1a: Pengu\n|-damage|p1a: Pengu|0 fnt\n|-heal|p2b: Primeape|100\/100|[from] drain|[of] p1a: Pengu\n|faint|p1a: Pengu\n|move|p2a: Ninetales|Freeze-Dry|p1b: Winter\n|-activate|p1b: Winter|move: Protect\n|\n|-heal|p1b: Winter|33\/100|[from] item: Leftovers\n|-end|p2b: Primeape|move: Yawn|[silent]\n|-status|p2b: Primeape|slp\n|upkeep\n|\n|t:|1699414029\n|switch|p1a: Chime|Kommo-o, F|100\/100\n|turn|8\n|\n|t:|1699414045\n|cant|p2b: Primeape|slp\n|move|p2a: Ninetales|Dazzling Gleam|p1b: Winter|[spread] p1a,p1b\n|-supereffective|p1a: Chime\n|-damage|p1a: Chime|18\/100\n|-damage|p1b: Winter|14\/100\n|-zpower|p1a: Chime\n|move|p1a: Chime|Clangorous Soulblaze|p2a: Ninetales|[zeffect]|[spread] p2b\n|-immune|p2a: Ninetales\n|-damage|p2b: Primeape|45\/100 slp\n|-boost|p1a: Chime|atk|1\n|-boost|p1a: Chime|def|1\n|-boost|p1a: Chime|spa|1\n|-boost|p1a: Chime|spd|1\n|-boost|p1a: Chime|spe|1\n|move|p1b: Winter|Yawn|p2a: Ninetales\n|-start|p2a: Ninetales|move: Yawn|[of] p1b: Winter\n|\n|-heal|p1b: Winter|20\/100|[from] item: Leftovers\n|upkeep\n|turn|9\n|\n|t:|1699414068\n|move|p1a: Chime|Flash Cannon|p2a: Ninetales\n|-supereffective|p2a: Ninetales\n|-damage|p2a: Ninetales|8\/100\n|-curestatus|p2b: Primeape|slp|[msg]\n|move|p2b: Primeape|Drain Punch|p1a: Chime\n|-damage|p1a: Chime|0 fnt\n|-heal|p2b: Primeape|53\/100|[from] drain|[of] p1a: Chime\n|faint|p1a: Chime\n|move|p2a: Ninetales|Dazzling Gleam|p1b: Winter\n|-damage|p1b: Winter|0 fnt\n|faint|p1b: Winter\n|\n|win|toobionest\n|raw|Foloxcer's rating: 1041 &rarr; <strong>1025<\/strong><br \/>(-16 for losing)\n|raw|toobionest's rating: 1034 &rarr; <strong>1070<\/strong><br \/>(+36 for winning)\n|c|\u2606Foloxcer|gg\n|c|\u2606toobionest|ggs my man\n","uploadtime":1699414078,"views":8,"p1id":"foloxcer","p2id":"toobionest","formatid":"gen9nationaldexdoubles","rating":1025,"private":0,"password":""}