{"id":"gen9nationaldexdoubles-1959119966","p1":"liu641","p2":"fengkuangqishu","format":"[Gen 9] National Dex Doubles","log":"|j|\u2606liu641\n|j|\u2606fengkuangqishu\n|t:|1696388813\n|gametype|doubles\n|player|p1|liu641|cyrus|\n|player|p2|fengkuangqishu|dawn|\n|teamsize|p1|6\n|teamsize|p2|6\n|gen|9\n|tier|[Gen 9] National Dex Doubles\n|rule|HP Percentage Mod: HP is shown in percentages\n|rule|Endless Battle Clause: Forcing endless battles is banned\n|rule|OHKO Clause: OHKO moves are banned\n|rule|Evasion Moves Clause: Evasion moves are banned\n|rule|Evasion Abilities Clause: Evasion abilities are banned\n|rule|Species Clause: Limit one of each Pok\u00e9mon\n|rule|Gravity Sleep Clause: The combination of sleep-inducing moves with imperfect accuracy and Gravity or Gigantamax Orbeetle are banned\n|clearpoke\n|poke|p1|Ninetales-Alola, F|\n|poke|p1|Sandslash-Alola, M|\n|poke|p1|Delibird, F|\n|poke|p1|Abomasnow, M|\n|poke|p1|Glaceon, F|\n|poke|p1|Grimmsnarl, M|\n|poke|p2|Kommo-o, F|\n|poke|p2|Pangoro, M|\n|poke|p2|Flamigo, F|\n|poke|p2|Medicham, F|\n|poke|p2|Gholdengo|\n|poke|p2|Riolu, F|\n|teampreview\n|\n|t:|1696388836\n|start\n|switch|p1a: \u6bdb\u8338\u8338\u7684\u6b66\u7814|Ninetales-Alola, F|100\/100\n|switch|p1b: \u575a\u5982\u78d0\u77f3|Grimmsnarl, M|100\/100\n|switch|p2a: Gholdengo|Gholdengo|100\/100\n|switch|p2b: Medicham|Medicham, F|100\/100\n|-weather|Snow|[from] ability: Snow Warning|[of] p1a: \u6bdb\u8338\u8338\u7684\u6b66\u7814\n|turn|1\n|inactive|Battle timer is ON: inactive players will automatically lose when time's up. (requested by fengkuangqishu)\n|\n|t:|1696388889\n|detailschange|p2b: Medicham|Medicham-Mega, F\n|-mega|p2b: Medicham|Medicham|Medichamite\n|move|p2b: Medicham|Fake Out|p1b: \u575a\u5982\u78d0\u77f3\n|-damage|p1b: \u575a\u5982\u78d0\u77f3|74\/100\n|cant|p1b: \u575a\u5982\u78d0\u77f3|flinch\n|move|p1a: \u6bdb\u8338\u8338\u7684\u6b66\u7814|Aurora Veil|p1a: \u6bdb\u8338\u8338\u7684\u6b66\u7814\n|-sidestart|p1: liu641|move: Aurora Veil\n|move|p2a: Gholdengo|Make It Rain|p1b: \u575a\u5982\u78d0\u77f3|[spread] p1a,p1b\n|-supereffective|p1a: \u6bdb\u8338\u8338\u7684\u6b66\u7814\n|-supereffective|p1b: \u575a\u5982\u78d0\u77f3\n|-damage|p1a: \u6bdb\u8338\u8338\u7684\u6b66\u7814|0 fnt\n|-damage|p1b: \u575a\u5982\u78d0\u77f3|0 fnt\n|-unboost|p2a: Gholdengo|spa|1\n|faint|p1a: \u6bdb\u8338\u8338\u7684\u6b66\u7814\n|faint|p1b: \u575a\u5982\u78d0\u77f3\n|\n|-weather|Snow|[upkeep]\n|upkeep\n|inactive|liu641 has 270 seconds left.\n|\n|t:|1696388922\n|switch|p1a: \u901f\u51bb\u5730\u9f20|Sandslash-Alola, M|100\/100\n|switch|p1b: \ud83d\udc35\u747e\u7462|Glaceon, F|100\/100\n|turn|2\n|\n|t:|1696388942\n|-zpower|p1a: \u901f\u51bb\u5730\u9f20\n|move|p1a: \u901f\u51bb\u5730\u9f20|Subzero Slammer|p2b: Medicham|[zeffect]\n|-damage|p2b: Medicham|0 fnt\n|faint|p2b: Medicham\n|move|p2a: Gholdengo|Make It Rain|p1a: \u901f\u51bb\u5730\u9f20|[spread] p1a,p1b\n|-supereffective|p1b: \ud83d\udc35\u747e\u7462\n|-crit|p1b: \ud83d\udc35\u747e\u7462\n|-damage|p1a: \u901f\u51bb\u5730\u9f20|49\/100\n|-damage|p1b: \ud83d\udc35\u747e\u7462|0 fnt\n|-unboost|p2a: Gholdengo|spa|1\n|faint|p1b: \ud83d\udc35\u747e\u7462\n|\n|-weather|Snow|[upkeep]\n|upkeep\n|\n|t:|1696388964\n|switch|p2b: Kommo-o|Kommo-o, F|100\/100\n|switch|p1b: \u5e03\u5305\u88b1|Delibird, F|100\/100\n|turn|3\n|\n|t:|1696388978\n|switch|p2b: Pangoro|Pangoro, M|100\/100\n|move|p1b: \u5e03\u5305\u88b1|Endure|p1b: \u5e03\u5305\u88b1\n|-singleturn|p1b: \u5e03\u5305\u88b1|move: Endure\n|move|p1a: \u901f\u51bb\u5730\u9f20|Ice Spinner|p2b: Pangoro\n|-damage|p2b: Pangoro|65\/100\n|move|p2a: Gholdengo|Make It Rain|p1a: \u901f\u51bb\u5730\u9f20|[spread] p1a,p1b\n|-supereffective|p1b: \u5e03\u5305\u88b1\n|-damage|p1a: \u901f\u51bb\u5730\u9f20|12\/100\n|-activate|p1b: \u5e03\u5305\u88b1|move: Endure\n|-damage|p1b: \u5e03\u5305\u88b1|1\/100\n|-unboost|p2a: Gholdengo|spa|1\n|\n|-weather|Snow|[upkeep]\n|upkeep\n|turn|4\n|inactive|liu641 has 270 seconds left.\n|-enditem|p1b: \u5e03\u5305\u88b1|Custap Berry|[eat]\n|-activate|p1b: \u5e03\u5305\u88b1|item: Custap Berry|[consumed]\n|\n|t:|1696389019\n|switch|p2a: Kommo-o|Kommo-o, F|100\/100\n|move|p2b: Pangoro|Bullet Punch|p1a: \u901f\u51bb\u5730\u9f20\n|-damage|p1a: \u901f\u51bb\u5730\u9f20|4\/100\n|move|p1b: \u5e03\u5305\u88b1|Destiny Bond|p1b: \u5e03\u5305\u88b1\n|-singlemove|p1b: \u5e03\u5305\u88b1|Destiny Bond\n|move|p1a: \u901f\u51bb\u5730\u9f20|Iron Head|p2b: Pangoro\n|-damage|p2b: Pangoro|24\/100\n|\n|-weather|Snow|[upkeep]\n|upkeep\n|turn|5\n|inactive|liu641 has 270 seconds left.\n|inactive|liu641 has 240 seconds left.\n|\n|t:|1696389078\n|move|p1a: \u901f\u51bb\u5730\u9f20|Protect|p1a: \u901f\u51bb\u5730\u9f20\n|-singleturn|p1a: \u901f\u51bb\u5730\u9f20|Protect\n|move|p2b: Pangoro|Bullet Punch|p1b: \u5e03\u5305\u88b1\n|-supereffective|p1b: \u5e03\u5305\u88b1\n|-damage|p1b: \u5e03\u5305\u88b1|0 fnt\n|faint|p1b: \u5e03\u5305\u88b1\n|-activate|p1b: \u5e03\u5305\u88b1|move: Destiny Bond\n|faint|p2b: Pangoro\n|-zpower|p2a: Kommo-o\n|move|p2a: Kommo-o|Clangorous Soulblaze|p1a: \u901f\u51bb\u5730\u9f20|[zeffect]\n|-resisted|p1a: \u901f\u51bb\u5730\u9f20\n|-zbroken|p1a: \u901f\u51bb\u5730\u9f20\n|-damage|p1a: \u901f\u51bb\u5730\u9f20|0 fnt\n|faint|p1a: \u901f\u51bb\u5730\u9f20\n|-boost|p2a: Kommo-o|atk|1\n|-boost|p2a: Kommo-o|def|1\n|-boost|p2a: Kommo-o|spa|1\n|-boost|p2a: Kommo-o|spd|1\n|-boost|p2a: Kommo-o|spe|1\n|\n|-weather|Snow|[upkeep]\n|-sideend|p1: liu641|move: Aurora Veil\n|upkeep\n|inactive|liu641 has 240 seconds left.\n|\n|t:|1696389106\n|switch|p1a: \u54c8\u5947\u5e93|Abomasnow, M|100\/100\n|switch|p2b: Flamigo|Flamigo, F|100\/100\n|-copyboost|p2b: Flamigo|p2a: Kommo-o|[from] ability: Costar\n|turn|6\n|\n|t:|1696389114\n|detailschange|p1a: \u54c8\u5947\u5e93|Abomasnow-Mega, M\n|-mega|p1a: \u54c8\u5947\u5e93|Abomasnow|Abomasite\n|move|p2b: Flamigo|Close Combat|p1a: \u54c8\u5947\u5e93\n|-supereffective|p1a: \u54c8\u5947\u5e93\n|-damage|p1a: \u54c8\u5947\u5e93|0 fnt\n|-unboost|p2b: Flamigo|def|1\n|-unboost|p2b: Flamigo|spd|1\n|faint|p1a: \u54c8\u5947\u5e93\n|\n|win|fengkuangqishu\n","uploadtime":1696389123,"views":10,"p1id":"liu641","p2id":"fengkuangqishu","formatid":"gen9nationaldexdoubles","rating":0,"private":0,"password":""}