{"id":"gen9nationaldexdoubles-1991929463","p1":"AydenMecha","p2":"fumbari 24","format":"[Gen 9] National Dex Doubles","log":"|j|\u2606AydenMecha\n|j|\u2606fumbari 24\n|t:|1700139386\n|gametype|doubles\n|player|p1|AydenMecha|clair|1121\n|player|p2|fumbari 24|hilbert|1301\n|teamsize|p1|6\n|teamsize|p2|6\n|gen|9\n|tier|[Gen 9] National Dex Doubles\n|rated|\n|rule|HP Percentage Mod: HP is shown in percentages\n|rule|Endless Battle Clause: Forcing endless battles is banned\n|rule|OHKO Clause: OHKO moves are banned\n|rule|Evasion Moves Clause: Evasion moves are banned\n|rule|Evasion Abilities Clause: Evasion abilities are banned\n|rule|Species Clause: Limit one of each Pok\u00e9mon\n|rule|Gravity Sleep Clause: The combination of sleep-inducing moves with imperfect accuracy and Gravity or Gigantamax Orbeetle are banned\n|clearpoke\n|poke|p1|Mew|\n|poke|p1|Ogerpon-Wellspring, F|\n|poke|p1|Zamazenta-*|\n|poke|p1|Gallade, M|\n|poke|p1|Glastrier|\n|poke|p1|Palafin, M|\n|poke|p2|Celesteela|\n|poke|p2|Indeedee-F, F|\n|poke|p2|Manectric, M|\n|poke|p2|Gardevoir, F|\n|poke|p2|Mamoswine, F|\n|poke|p2|Blastoise, M|\n|teampreview\n|\n|t:|1700139413\n|start\n|switch|p1a: Palafin|Palafin, M|100\/100\n|switch|p1b: Mew|Mew|100\/100\n|switch|p2a: Neo|Manectric, M, shiny|100\/100\n|switch|p2b: Harbor|Blastoise, M|100\/100\n|turn|1\n|inactive|Battle timer is ON: inactive players will automatically lose when time's up. (requested by fumbari 24)\n|\n|t:|1700139438\n|detailschange|p2a: Neo|Manectric-Mega, M, shiny\n|-mega|p2a: Neo|Manectric|Manectite\n|-ability|p2a: Neo|Intimidate|boost\n|-unboost|p1a: Palafin|atk|1\n|-unboost|p1b: Mew|atk|1\n|move|p1b: Mew|Fake Out|p2b: Harbor\n|-damage|p2b: Harbor|96\/100\n|cant|p2b: Harbor|flinch\n|move|p2a: Neo|Volt Switch|p1a: Palafin\n|-supereffective|p1a: Palafin\n|-damage|p1a: Palafin|2\/100\n|\n|t:|1700139454\n|switch|p2a: Celesteela|Celesteela|100\/100|[from] Volt Switch\n|move|p1a: Palafin|Flip Turn|p2b: Harbor\n|-resisted|p2b: Harbor\n|-damage|p2b: Harbor|91\/100\n|\n|t:|1700139475\n|detailschange|p1a: Palafin|Palafin-Hero, M\n|switch|p1a: Glastrier|Glastrier|100\/100|[from] Flip Turn\n|\n|-heal|p2b: Harbor|97\/100|[from] item: Leftovers\n|upkeep\n|turn|2\n|\n|t:|1700139488\n|switch|p2b: Neo|Manectric-Mega, M, shiny|100\/100\n|-ability|p2b: Neo|Intimidate|boost\n|-unboost|p1a: Glastrier|atk|1\n|-unboost|p1b: Mew|atk|1\n|move|p1b: Mew|Coaching|p1a: Glastrier\n|-boost|p1a: Glastrier|atk|1\n|-boost|p1a: Glastrier|def|1\n|move|p2a: Celesteela|Leech Seed|p1a: Glastrier\n|-start|p1a: Glastrier|move: Leech Seed\n|move|p1a: Glastrier|Icicle Spear|p2a: Celesteela\n|-damage|p2a: Celesteela|88\/100\n|-damage|p2a: Celesteela|76\/100\n|-damage|p2a: Celesteela|64\/100\n|-damage|p2a: Celesteela|53\/100\n|-damage|p2a: Celesteela|41\/100\n|-hitcount|p2a: Celesteela|5\n|\n|-damage|p1a: Glastrier|88\/100|[from] Leech Seed|[of] p2a: Celesteela\n|-heal|p2a: Celesteela|54\/100|[silent]\n|upkeep\n|turn|3\n|\n|t:|1700139514\n|move|p2a: Celesteela|Protect|p2a: Celesteela\n|-singleturn|p2a: Celesteela|Protect\n|move|p2b: Neo|Volt Switch|p1a: Glastrier\n|-damage|p1a: Glastrier|66\/100\n|\n|t:|1700139520\n|switch|p2b: Harbor|Blastoise, M|97\/100|[from] Volt Switch\n|move|p1b: Mew|Coaching|p1a: Glastrier\n|-boost|p1a: Glastrier|atk|1\n|-boost|p1a: Glastrier|def|1\n|move|p1a: Glastrier|High Horsepower|p2b: Harbor\n|-damage|p2b: Harbor|55\/100\n|\n|-heal|p2b: Harbor|62\/100|[from] item: Leftovers\n|-damage|p1a: Glastrier|53\/100|[from] Leech Seed|[of] p2a: Celesteela\n|-heal|p2a: Celesteela|66\/100|[silent]\n|upkeep\n|turn|4\n|\n|t:|1700139539\n|-terastallize|p1a: Glastrier|Dragon\n|move|p2b: Harbor|Fake Out|p1a: Glastrier\n|-damage|p1a: Glastrier|50\/100\n|move|p1b: Mew|Pollen Puff|p1a: Glastrier\n|-heal|p1a: Glastrier|99\/100\n|move|p2a: Celesteela|Heavy Slam|p1a: Glastrier\n|-damage|p1a: Glastrier|94\/100\n|cant|p1a: Glastrier|flinch\n|\n|-heal|p2b: Harbor|68\/100|[from] item: Leftovers\n|-damage|p1a: Glastrier|82\/100|[from] Leech Seed|[of] p2a: Celesteela\n|-heal|p2a: Celesteela|79\/100|[silent]\n|upkeep\n|turn|5\n|\n|t:|1700139567\n|move|p2b: Harbor|Follow Me|p2b: Harbor\n|-singleturn|p2b: Harbor|move: Follow Me\n|move|p1b: Mew|Coaching|p1a: Glastrier\n|-boost|p1a: Glastrier|atk|1\n|-boost|p1a: Glastrier|def|1\n|move|p2a: Celesteela|Leech Seed|p1b: Mew|[miss]\n|-miss|p2a: Celesteela|p1b: Mew\n|move|p1a: Glastrier|Outrage|p2b: Harbor\n|-damage|p2b: Harbor|0 fnt\n|faint|p2b: Harbor\n|-ability|p1a: Glastrier|Chilling Neigh|boost\n|-boost|p1a: Glastrier|atk|1\n|\n|-damage|p1a: Glastrier|69\/100|[from] Leech Seed|[of] p2a: Celesteela\n|-heal|p2a: Celesteela|92\/100|[silent]\n|upkeep\n|\n|t:|1700139578\n|switch|p2b: Belle|Gardevoir, F, shiny|100\/100\n|turn|6\n|inactive|AydenMecha has 120 seconds left.\n|\n|t:|1700139617\n|switch|p2a: Indeedee|Indeedee-F, F|100\/100\n|-fieldstart|move: Psychic Terrain|[from] ability: Psychic Surge|[of] p2a: Indeedee\n|move|p1b: Mew|Coaching|p1a: Glastrier\n|-boost|p1a: Glastrier|atk|1\n|-boost|p1a: Glastrier|def|1\n|-zpower|p2b: Belle\n|move|p2b: Belle|Shattered Psyche|p1a: Glastrier|[zeffect]\n|-damage|p1a: Glastrier|0 fnt\n|faint|p1a: Glastrier\n|\n|upkeep\n|\n|t:|1700139644\n|switch|p1a: Palafin|Palafin-Hero, M|2\/100\n|-activate|p1a: Palafin|ability: Zero to Hero\n|turn|7\n|\n|t:|1700139673\n|move|p1a: Palafin|Jet Punch|p2b: Belle\n|-activate|p2b: Belle|move: Psychic Terrain\n|move|p1b: Mew|Pollen Puff|p1a: Palafin\n|-heal|p1a: Palafin|52\/100\n|move|p2b: Belle|Expanding Force|p1b: Mew|[spread] p1a,p1b\n|-resisted|p1b: Mew\n|-damage|p1a: Palafin|0 fnt\n|-damage|p1b: Mew|80\/100\n|faint|p1a: Palafin\n|move|p2a: Indeedee|Expanding Force|p1b: Mew\n|-resisted|p1b: Mew\n|-damage|p1b: Mew|65\/100\n|\n|upkeep\n|\n|t:|1700139692\n|switch|p1a: Ogerpon|Ogerpon-Wellspring, F|100\/100\n|turn|8\n|inactive|AydenMecha has 120 seconds left.\n|\n|t:|1700139713\n|move|p1a: Ogerpon|Leech Seed|p2a: Indeedee\n|-start|p2a: Indeedee|move: Leech Seed\n|-zpower|p1b: Mew\n|move|p1b: Mew|Genesis Supernova|p2b: Belle|[zeffect]\n|-resisted|p2b: Belle\n|-damage|p2b: Belle|63\/100\n|move|p2b: Belle|Expanding Force|p1a: Ogerpon|[spread] p1a,p1b\n|-resisted|p1b: Mew\n|-damage|p1a: Ogerpon|33\/100\n|-damage|p1b: Mew|48\/100\n|move|p2a: Indeedee|Trick Room|p2a: Indeedee\n|-fieldstart|move: Trick Room|[of] p2a: Indeedee\n|\n|-damage|p2a: Indeedee|88\/100|[from] Leech Seed|[of] p1a: Ogerpon\n|-heal|p1a: Ogerpon|47\/100|[silent]\n|upkeep\n|turn|9\n|inactive|AydenMecha has 120 seconds left.\n|\n|t:|1700139736\n|switch|p2a: Celesteela|Celesteela|92\/100\n|-enditem|p2a: Celesteela|Psychic Seed\n|-boost|p2a: Celesteela|spd|1|[from] item: Psychic Seed\n|move|p2b: Belle|Expanding Force|p1b: Mew|[spread] p1a,p1b\n|-resisted|p1b: Mew\n|-damage|p1a: Ogerpon|0 fnt\n|-damage|p1b: Mew|30\/100\n|faint|p1a: Ogerpon\n|move|p1b: Mew|Pollen Puff|p1: Ogerpon|[notarget]\n|-fail|p1b: Mew\n|\n|upkeep\n|-message|AydenMecha forfeited.\n|\n|win|fumbari 24\n|raw|AydenMecha's rating: 1121 &rarr; <strong>1108<\/strong><br \/>(-13 for losing)\n|raw|fumbari 24's rating: 1301 &rarr; <strong>1311<\/strong><br \/>(+10 for winning)\n|l|\u2606AydenMecha\n|l|\u2606fumbari 24\n|j|\u2606fumbari 24\n|player|p2|fumbari 24|hilbert\n","uploadtime":1700139748,"views":15,"p1id":"aydenmecha","p2id":"fumbari24","formatid":"gen9nationaldexdoubles","rating":1108,"private":0,"password":""}