{"id":"gen9nationaldexdoubles-1970113905","p1":"Xeroez","p2":"lxvliiz","format":"[Gen 9] National Dex Doubles","log":"|j|\u2606Xeroez\n|j|\u2606lxvliiz\n|t:|1697595674\n|gametype|doubles\n|player|p1|Xeroez|steven|1056\n|player|p2|lxvliiz|gambler|1053\n|teamsize|p1|6\n|teamsize|p2|6\n|gen|9\n|tier|[Gen 9] National Dex Doubles\n|rated|\n|rule|HP Percentage Mod: HP is shown in percentages\n|rule|Endless Battle Clause: Forcing endless battles is banned\n|rule|OHKO Clause: OHKO moves are banned\n|rule|Evasion Moves Clause: Evasion moves are banned\n|rule|Evasion Abilities Clause: Evasion abilities are banned\n|rule|Species Clause: Limit one of each Pok\u00e9mon\n|rule|Gravity Sleep Clause: The combination of sleep-inducing moves with imperfect accuracy and Gravity or Gigantamax Orbeetle are banned\n|clearpoke\n|poke|p1|Flamigo, M|\n|poke|p1|Espathra, F|\n|poke|p1|Oricorio-Sensu, M|\n|poke|p1|Kommo-o, M|\n|poke|p1|Sinistcha|\n|poke|p1|Oranguru, M|\n|poke|p2|Nidoking, M|\n|poke|p2|Ogerpon-Cornerstone, F|\n|poke|p2|Eevee, F|\n|poke|p2|Volcarona, M|\n|poke|p2|Mr. Mime, M|\n|poke|p2|Salamence, M|\n|teampreview\n|\n|t:|1697595683\n|start\n|switch|p1a: shmoovin|Oricorio-Sensu, M|100\/100\n|switch|p1b: AHHHH|Kommo-o, M|100\/100\n|switch|p2a: testing1|Eevee, F, shiny|100\/100\n|switch|p2b: testing2|Ogerpon-Cornerstone, F|100\/100\n|turn|1\n|\n|t:|1697595693\n|-terastallize|p2b: testing2|Rock\n|detailschange|p2b: testing2|Ogerpon-Cornerstone-Tera, F, tera:Rock\n|-ability|p2b: testing2|Embody Aspect (Cornerstone)|boost\n|-boost|p2b: testing2|def|1\n|-terastallize|p1a: shmoovin|Ghost\n|move|p2b: testing2|Follow Me|p2b: testing2\n|-singleturn|p2b: testing2|move: Follow Me\n|move|p1a: shmoovin|Quiver Dance|p1a: shmoovin\n|-boost|p1a: shmoovin|spa|1\n|-boost|p1a: shmoovin|spd|1\n|-boost|p1a: shmoovin|spe|1\n|move|p1b: AHHHH|Clangorous Soul|p1b: AHHHH\n|-boost|p1b: AHHHH|atk|1\n|-boost|p1b: AHHHH|def|1\n|-boost|p1b: AHHHH|spa|1\n|-boost|p1b: AHHHH|spd|1\n|-boost|p1b: AHHHH|spe|1\n|-damage|p1b: AHHHH|68\/100\n|-activate|p1a: shmoovin|ability: Dancer\n|move|p1a: shmoovin|Clangorous Soul|p1a: shmoovin|[from]ability: Dancer\n|-boost|p1a: shmoovin|atk|1\n|-boost|p1a: shmoovin|def|1\n|-boost|p1a: shmoovin|spa|1\n|-boost|p1a: shmoovin|spd|1\n|-boost|p1a: shmoovin|spe|1\n|-damage|p1a: shmoovin|68\/100\n|-zpower|p2a: testing1\n|move|p2a: testing1|Extreme Evoboost|p2a: testing1\n|-boost|p2a: testing1|atk|2\n|-boost|p2a: testing1|def|2\n|-boost|p2a: testing1|spa|2\n|-boost|p2a: testing1|spd|2\n|-boost|p2a: testing1|spe|2\n|\n|upkeep\n|turn|2\n|c|\u2606lxvliiz|yo why everyone boosting their stats \ud83d\ude2d\ud83d\ude2d\n|c|\u2606Xeroez|its a party\n|c|\u2606lxvliiz|lmaoo\n|\n|t:|1697595734\n|move|p2b: testing2|Follow Me|p2b: testing2\n|-singleturn|p2b: testing2|move: Follow Me\n|move|p1a: shmoovin|Baton Pass|p1a: shmoovin\n|\n|t:|1697595737\n|switch|p1a: poke her face|Espathra, F|100\/100|[from] Baton Pass\n|move|p1b: AHHHH|Clanging Scales|p2a: testing1|[spread] p2a,p2b\n|-crit|p2b: testing2\n|-damage|p2a: testing1|57\/100\n|-damage|p2b: testing2|12\/100\n|-unboost|p1b: AHHHH|def|1\n|move|p2a: testing1|Baton Pass|p2a: testing1\n|\n|t:|1697595741\n|switch|p2a: Salamence|Salamence, M|100\/100|[from] Baton Pass\n|\n|upkeep\n|turn|3\n|\n|t:|1697595759\n|detailschange|p2a: Salamence|Salamence-Mega, M\n|-mega|p2a: Salamence|Salamence|Salamencite\n|move|p2b: testing2|Follow Me|p2b: testing2\n|-singleturn|p2b: testing2|move: Follow Me\n|move|p2a: Salamence|Dragon Claw|p1b: AHHHH\n|-supereffective|p1b: AHHHH\n|-damage|p1b: AHHHH|0 fnt\n|faint|p1b: AHHHH\n|move|p1a: poke her face|Stored Power|p2b: testing2\n|-damage|p2b: testing2|0 fnt\n|faint|p2b: testing2\n|\n|-ability|p1a: poke her face|Speed Boost|boost\n|-boost|p1a: poke her face|spe|1\n|upkeep\n|\n|t:|1697595775\n|switch|p2b: testing4|Volcarona, M, shiny|100\/100\n|switch|p1b: flaringo starr|Flamigo, M|100\/100\n|-copyboost|p1b: flaringo starr|p1a: poke her face|[from] ability: Costar\n|turn|4\n|c|\u2606lxvliiz|my annoying ass team with 3 pokes that know follow me\n|\n|t:|1697595800\n|move|p2b: testing4|Rage Powder|p2b: testing4\n|-singleturn|p2b: testing4|move: Rage Powder\n|move|p1a: poke her face|Stored Power|p2b: testing4\n|-damage|p2b: testing4|0 fnt\n|faint|p2b: testing4\n|move|p1b: flaringo starr|Brave Bird|p2a: Salamence\n|-damage|p2a: Salamence|49\/100\n|-damage|p1b: flaringo starr|82\/100|[from] Recoil\n|move|p2a: Salamence|Fly||[still]\n|-prepare|p2a: Salamence|Fly\n|\n|-ability|p1a: poke her face|Speed Boost|boost\n|-boost|p1a: poke her face|spe|1\n|upkeep\n|\n|t:|1697595813\n|switch|p2b: Mr. Mime|Mr. Mime, M|100\/100\n|turn|5\n|\n|t:|1697595820\n|move|p2b: Mr. Mime|Follow Me|p2b: Mr. Mime\n|-singleturn|p2b: Mr. Mime|move: Follow Me\n|move|p1a: poke her face|Shadow Ball|p2b: Mr. Mime\n|-supereffective|p2b: Mr. Mime\n|-damage|p2b: Mr. Mime|0 fnt\n|faint|p2b: Mr. Mime\n|move|p1b: flaringo starr|Brave Bird|p2a: Salamence|[miss]\n|-miss|p1b: flaringo starr|p2a: Salamence\n|move|p2a: Salamence|Fly|p1b: flaringo starr|[from]lockedmove\n|-supereffective|p1b: flaringo starr\n|-damage|p1b: flaringo starr|0 fnt\n|faint|p1b: flaringo starr\n|\n|-ability|p1a: poke her face|Speed Boost|boost\n|-boost|p1a: poke her face|spe|1\n|upkeep\n|\n|t:|1697595834\n|switch|p2b: testing6|Nidoking, M, shiny|100\/100\n|switch|p1b: do it again|Oranguru, M|100\/100\n|turn|6\n|\n|t:|1697595859\n|move|p1a: poke her face|Stored Power|p2a: Salamence\n|-damage|p2a: Salamence|0 fnt\n|faint|p2a: Salamence\n|move|p2b: testing6|Earth Power|p1a: poke her face\n|-damage|p1a: poke her face|58\/100\n|move|p1b: do it again|Instruct|p1a: poke her face\n|-singleturn|p1a: poke her face|move: Instruct|[of] p1b: do it again\n|move|p1a: poke her face|Stored Power|p2b: testing6\n|-supereffective|p2b: testing6\n|-damage|p2b: testing6|0 fnt\n|faint|p2b: testing6\n|\n|-ability|p1a: poke her face|Speed Boost|boost\n|-boost|p1a: poke her face|spe|1\n|upkeep\n|c|\u2606lxvliiz|damn gg\n|c|\u2606Xeroez|gg\n|\n|t:|1697595873\n|switch|p2b: testing1|Eevee, F, shiny|57\/100\n|turn|7\n|c|\u2606Xeroez|whats the gimmick of your team\n|c|\u2606lxvliiz|baton pass onto some mega\n|c|\u2606lxvliiz|with the eeveeum\n|c|\u2606Xeroez|or is it just protect the president for salamence\n|c|\u2606lxvliiz|yeah \ud83d\ude2d\ud83d\ude2d\n|c|\u2606Xeroez|lmaoo i mean its kinda smart\n|c|\u2606lxvliiz|i usually use mega medicham tho\n|c|\u2606Xeroez|thats terrifying\n|c|\u2606lxvliiz|fr with power up punch i can get 2k attack\n|c|\u2606Xeroez|yeah and pure power\n|c|\u2606lxvliiz|yes\n|c|\u2606Xeroez|my gimmick is just dancing\n|c|\u2606lxvliiz|would dancer work on eeveum\n|c|\u2606Xeroez|no dancer is for dance moves only unfortunately\n|c|\u2606lxvliiz|ripp\n|c|\u2606lxvliiz|okay\n|c|\u2606Xeroez|but flamigo's ability copies stat boosts on switch in\n|c|\u2606Xeroez|you could use that\n|c|\u2606lxvliiz|hmm yeah\n|c|\u2606Xeroez|when i sent in my flamigo it had 750+ in both attack and speed\n|c|\u2606Xeroez|from the boosts\n|c|\u2606lxvliiz|\ud83d\ude30 damn 750\n|c|\u2606Xeroez|i just checked my espathra is at 1200 speed rn wtf\n|c|\u2606Xeroez|aight well u chill\n|c|\u2606Xeroez|gl with your future battles\n|c|\u2606lxvliiz|u too fr\n|c|\u2606Xeroez|i think i sent a friend request but iono how that works\n|c|\u2606lxvliiz|wait you can send friend requests??\n|c|\u2606Xeroez|apparently?\n|c|\u2606Xeroez|i sent a message to you i think\n|\n|t:|1697596332\n|move|p2b: testing1|Quick Attack|p1a: poke her face\n|-damage|p1a: poke her face|41\/100\n|move|p1a: poke her face|Baton Pass|p1a: poke her face\n|\n|t:|1697596336\n|switch|p1a: Teatime bitch|Sinistcha|100\/100|[from] Baton Pass\n|move|p1b: do it again|Encore|p2b: testing1\n|-start|p2b: testing1|Encore\n|\n|upkeep\n|turn|8\n|c|\u2606lxvliiz|bro \ud83d\udc80\ud83d\udc80\n|\n|t:|1697596360\n|move|p2b: testing1|Quick Attack|p1b: do it again\n|-damage|p1b: do it again|83\/100\n|move|p1a: Teatime bitch|Reflect|p1a: Teatime bitch\n|-sidestart|p1: Xeroez|Reflect\n|move|p1b: do it again|Encore|p1a: Teatime bitch\n|-start|p1a: Teatime bitch|Encore\n|\n|upkeep\n|turn|9\n|\n|t:|1697596374\n|move|p2b: testing1|Quick Attack|p1b: do it again\n|-damage|p1b: do it again|70\/100\n|move|p1a: Teatime bitch|Reflect||[still]\n|-fail|p1a: Teatime bitch\n|move|p1b: do it again|Instruct|p1a: Teatime bitch\n|-singleturn|p1a: Teatime bitch|move: Instruct|[of] p1b: do it again\n|move|p1a: Teatime bitch|Reflect||[still]\n|-fail|p1a: Teatime bitch\n|\n|upkeep\n|turn|10\n|c|\u2606Xeroez|we out here\n|c|\u2606lxvliiz|sobbing\n|\n|t:|1697596395\n|move|p2b: testing1|Quick Attack|p1b: do it again\n|-damage|p1b: do it again|57\/100\n|move|p1a: Teatime bitch|Reflect||[still]\n|-fail|p1a: Teatime bitch\n|move|p1b: do it again|Instruct|p1a: Teatime bitch\n|-singleturn|p1a: Teatime bitch|move: Instruct|[of] p1b: do it again\n|move|p1a: Teatime bitch|Reflect||[still]\n|-fail|p1a: Teatime bitch\n|\n|-end|p2b: testing1|Encore\n|upkeep\n|turn|11\n|\n|t:|1697596408\n|move|p1a: Teatime bitch|Reflect||[still]\n|-fail|p1a: Teatime bitch\n|move|p1b: do it again|Instruct|p2b: testing1\n|-singleturn|p2b: testing1|move: Instruct|[of] p1b: do it again\n|move|p2b: testing1|Quick Attack|p1b: do it again\n|-damage|p1b: do it again|44\/100\n|move|p2b: testing1|Body Slam|p1b: do it again\n|-damage|p1b: do it again|18\/100\n|-status|p1b: do it again|par\n|\n|-end|p1a: Teatime bitch|Encore\n|upkeep\n|turn|12\n|\n|t:|1697596425\n|move|p2b: testing1|Quick Attack|p1b: do it again\n|-damage|p1b: do it again|5\/100 par\n|move|p1a: Teatime bitch|Reflect||[still]\n|-fail|p1a: Teatime bitch\n|move|p1b: do it again|Instruct|p2b: testing1\n|-singleturn|p2b: testing1|move: Instruct|[of] p1b: do it again\n|move|p2b: testing1|Quick Attack|p1b: do it again\n|-damage|p1b: do it again|0 fnt\n|faint|p1b: do it again\n|\n|upkeep\n|c|\u2606lxvliiz|ayo two moves\n|\n|t:|1697596435\n|switch|p1b: poke her face|Espathra, F|41\/100\n|turn|13\n|\n|t:|1697596443\n|move|p2b: testing1|Quick Attack|p1b: poke her face\n|-damage|p1b: poke her face|21\/100\n|move|p1a: Teatime bitch|Reflect||[still]\n|-fail|p1a: Teatime bitch\n|move|p1b: poke her face|Calm Mind|p1b: poke her face\n|-boost|p1b: poke her face|spa|1\n|-boost|p1b: poke her face|spd|1\n|\n|-ability|p1b: poke her face|Speed Boost|boost\n|-boost|p1b: poke her face|spe|1\n|upkeep\n|turn|14\n|\n|t:|1697596456\n|move|p2b: testing1|Quick Attack|p1b: poke her face\n|-damage|p1b: poke her face|4\/100\n|move|p1a: Teatime bitch|Reflect||[still]\n|-fail|p1a: Teatime bitch\n|move|p1b: poke her face|Baton Pass|p1b: poke her face\n|\n|t:|1697596461\n|switch|p1b: shmoovin|Oricorio-Sensu, M, tera:Ghost|68\/100|[from] Baton Pass\n|\n|upkeep\n|turn|15\n|c|\u2606lxvliiz|what is bro doing help\n|c|\u2606Xeroez|idk at this point\n|\n|t:|1697596480\n|move|p1a: Teatime bitch|Reflect||[still]\n|-fail|p1a: Teatime bitch\n|move|p1b: shmoovin|Baton Pass|p1b: shmoovin\n|\n|t:|1697596483\n|switch|p1b: poke her face|Espathra, F|4\/100|[from] Baton Pass\n|move|p2b: testing1|Last Resort||[still]\n|-fail|p2b: testing1\n|\n|-sideend|p1: Xeroez|Reflect\n|upkeep\n|turn|16\n|c|\u2606lxvliiz|i cant hit you \ud83d\ude2d\ud83d\ude2d\n|c|\u2606Xeroez|wait fr\n|c|\u2606lxvliiz|yeah ghost types\n|c|\u2606Xeroez|sobbing\n|c|\u2606Xeroez|idk why i run tera ghost now that i think about it\n|\n|t:|1697596536\n|move|p2b: testing1|Quick Attack|p1b: poke her face\n|-damage|p1b: poke her face|0 fnt\n|faint|p1b: poke her face\n|move|p1a: Teatime bitch|Reflect|p1a: Teatime bitch\n|-sidestart|p1: Xeroez|Reflect\n|\n|upkeep\n|\n|t:|1697596540\n|switch|p1b: shmoovin|Oricorio-Sensu, M, tera:Ghost|68\/100\n|turn|17\n|c|\u2606Xeroez|i dont think my oricorio can hit you either\n|c|\u2606lxvliiz|LMAO\n|\n|t:|1697596571\n|move|p2b: testing1|Quick Attack|p1b: shmoovin\n|-immune|p1b: shmoovin\n|move|p1a: Teatime bitch|Reflect||[still]\n|-fail|p1a: Teatime bitch\n|move|p1b: shmoovin|Revelation Dance|p2b: testing1\n|-immune|p2b: testing1\n|\n|upkeep\n|turn|18\n|c|\u2606lxvliiz|what about sinistea\n|c|\u2606lxvliiz|or is it just support\n|c|\u2606Xeroez|its support lmao\n|c|\u2606Xeroez|we're trapped in a stalemate\n|c|\u2606Xeroez|oh wait\n|c|\u2606lxvliiz|ill forfeit\n|c|\u2606Xeroez|no hold on\n|c|\u2606lxvliiz|hm?\n|\n|t:|1697596622\n|move|p1a: Teatime bitch|Matcha Gotcha|p2b: testing1|[miss]\n|-miss|p1a: Teatime bitch|p2b: testing1\n|move|p1b: shmoovin|Revelation Dance|p2b: testing1\n|-immune|p2b: testing1\n|move|p2b: testing1|Last Resort||[still]\n|-fail|p2b: testing1\n|\n|upkeep\n|turn|19\n|c|\u2606Xeroez|WHAT\n|c|\u2606Xeroez|ACTUALLY\n|c|\u2606lxvliiz|BRO HWAT\n|c|\u2606Xeroez|LMAOOOO\n|c|\u2606Xeroez|YOU DESERVE IT\n|-message|Xeroez forfeited.\n|\n|win|lxvliiz\n|raw|Xeroez's rating: 1056 &rarr; <strong>1037<\/strong><br \/>(-19 for losing)\n|raw|lxvliiz's rating: 1053 &rarr; <strong>1085<\/strong><br \/>(+32 for winning)\n|c|\u2606Xeroez|LMAOOO\n|c|\u2606lxvliiz|LMAOO\n","uploadtime":1697596650,"views":12,"p1id":"xeroez","p2id":"lxvliiz","formatid":"gen9nationaldexdoubles","rating":1037,"private":0,"password":""}