{"id":"gen9nationaldexdoubles-1950313829","p1":"Jerin333","p2":"Theadonia","format":"[Gen 9] National Dex Doubles","log":"|j|\u2606Jerin333\n|j|\u2606Theadonia\n|t:|1695454172\n|gametype|doubles\n|player|p1|Jerin333|swimmer-gen4dp|1138\n|player|p2|Theadonia|caitlin|1252\n|teamsize|p1|6\n|teamsize|p2|6\n|gen|9\n|tier|[Gen 9] National Dex Doubles\n|rated|\n|rule|HP Percentage Mod: HP is shown in percentages\n|rule|Endless Battle Clause: Forcing endless battles is banned\n|rule|OHKO Clause: OHKO moves are banned\n|rule|Evasion Moves Clause: Evasion moves are banned\n|rule|Evasion Abilities Clause: Evasion abilities are banned\n|rule|Species Clause: Limit one of each Pok\u00e9mon\n|rule|Gravity Sleep Clause: The combination of sleep-inducing moves with imperfect accuracy and Gravity or Gigantamax Orbeetle are banned\n|clearpoke\n|poke|p1|Hydreigon, M|\n|poke|p1|Rotom-Wash|\n|poke|p1|Metagross|\n|poke|p1|Tyranitar, M|\n|poke|p1|Crobat, F|\n|poke|p1|Hitmontop, M|\n|poke|p2|Delphox, M|\n|poke|p2|Oricorio-Sensu, M|\n|poke|p2|Kommo-o, M|\n|poke|p2|Smeargle, F|\n|poke|p2|Comfey, M|\n|poke|p2|Manaphy|\n|teampreview\n|inactive|Battle timer is ON: inactive players will automatically lose when time's up. (requested by Theadonia)\n|\n|t:|1695454296\n|start\n|switch|p1a: Hitmontop|Hitmontop, M|100\/100\n|switch|p1b: Rotom|Rotom-Wash|100\/100\n|switch|p2a: Delphox|Delphox, M|100\/100\n|switch|p2b: Smeargle|Smeargle, F|100\/100\n|-ability|p1a: Hitmontop|Intimidate|boost\n|-unboost|p2a: Delphox|atk|1\n|-fail|p2b: Smeargle|unboost|Attack|[from] ability: Own Tempo|[of] p2b: Smeargle\n|-enditem|p2a: Delphox|White Herb\n|-clearnegativeboost|p2a: Delphox|[silent]\n|turn|1\n|\n|t:|1695454321\n|move|p1a: Hitmontop|Fake Out|p2b: Smeargle\n|-damage|p2b: Smeargle|75\/100\n|move|p2a: Delphox|Heat Wave|p1a: Hitmontop|[spread] p1a,p1b\n|-resisted|p1b: Rotom\n|-damage|p1a: Hitmontop|70\/100\n|-damage|p1b: Rotom|84\/100\n|-item|p2a: Delphox|Sitrus Berry|[from] ability: Magician|[of] p1b: Rotom\n|cant|p2b: Smeargle|flinch\n|move|p1b: Rotom|Nasty Plot|p1b: Rotom\n|-boost|p1b: Rotom|spa|2\n|\n|-heal|p1a: Hitmontop|76\/100|[from] item: Leftovers\n|upkeep\n|turn|2\n|\n|t:|1695454344\n|move|p2a: Delphox|Heat Wave|p1b: Rotom|[spread] p1a,p1b\n|-resisted|p1b: Rotom\n|-damage|p1a: Hitmontop|44\/100\n|-damage|p1b: Rotom|67\/100\n|-status|p1a: Hitmontop|brn\n|move|p2b: Smeargle|Spore|p1b: Rotom\n|-status|p1b: Rotom|slp|[from] move: Spore\n|cant|p1b: Rotom|slp\n|move|p1a: Hitmontop|Close Combat|p2b: Smeargle\n|-supereffective|p2b: Smeargle\n|-damage|p2b: Smeargle|0 fnt\n|-unboost|p1a: Hitmontop|def|1\n|-unboost|p1a: Hitmontop|spd|1\n|faint|p2b: Smeargle\n|\n|-heal|p1a: Hitmontop|50\/100 brn|[from] item: Leftovers\n|-damage|p1a: Hitmontop|44\/100 brn|[from] brn\n|upkeep\n|\n|t:|1695454357\n|switch|p2b: Kommo-o|Kommo-o, M|100\/100\n|turn|3\n|\n|t:|1695454377\n|switch|p1a: Metagross|Metagross|100\/100\n|move|p2a: Delphox|Snatch|p2a: Delphox\n|-singleturn|p2a: Delphox|Snatch\n|cant|p1b: Rotom|slp\n|move|p2b: Kommo-o|Clangorous Soul|p2b: Kommo-o\n|-activate|p2a: Delphox|move: Snatch|[of] p2b: Kommo-o\n|move|p2a: Delphox|Clangorous Soul|p2a: Delphox|[from]Snatch\n|-boost|p2a: Delphox|atk|1\n|-boost|p2a: Delphox|def|1\n|-boost|p2a: Delphox|spa|1\n|-boost|p2a: Delphox|spd|1\n|-boost|p2a: Delphox|spe|1\n|-damage|p2a: Delphox|68\/100\n|\n|upkeep\n|turn|4\n|inactive|Jerin333 has 120 seconds left.\n|\n|t:|1695454423\n|switch|p1a: Tyranitar|Tyranitar, M|100\/100\n|-weather|Sandstorm|[from] ability: Sand Stream|[of] p1a: Tyranitar\n|move|p2a: Delphox|Dream Eater|p1b: Rotom\n|-damage|p1b: Rotom|0 fnt\n|-heal|p2a: Delphox|100\/100|[from] drain|[of] p1b: Rotom\n|faint|p1b: Rotom\n|-zpower|p2b: Kommo-o\n|move|p2b: Kommo-o|Clangorous Soulblaze|p1a: Tyranitar|[zeffect]\n|-damage|p1a: Tyranitar|65\/100\n|-boost|p2b: Kommo-o|atk|1\n|-boost|p2b: Kommo-o|def|1\n|-boost|p2b: Kommo-o|spa|1\n|-boost|p2b: Kommo-o|spd|1\n|-boost|p2b: Kommo-o|spe|1\n|\n|-weather|Sandstorm|[upkeep]\n|-damage|p2a: Delphox|94\/100|[from] Sandstorm\n|-damage|p2b: Kommo-o|94\/100|[from] Sandstorm\n|upkeep\n|inactive|Jerin333 has 90 seconds left.\n|\n|t:|1695454446\n|switch|p1b: Hitmontop|Hitmontop, M|44\/100 brn\n|-ability|p1b: Hitmontop|Intimidate|boost\n|-unboost|p2a: Delphox|atk|1\n|-unboost|p2b: Kommo-o|atk|1\n|turn|5\n|\n|t:|1695454459\n|move|p1b: Hitmontop|Fake Out|p2b: Kommo-o\n|-damage|p2b: Kommo-o|91\/100\n|move|p2a: Delphox|Stored Power|p1b: Hitmontop\n|-supereffective|p1b: Hitmontop\n|-damage|p1b: Hitmontop|0 fnt\n|faint|p1b: Hitmontop\n|cant|p2b: Kommo-o|flinch\n|move|p1a: Tyranitar|Rock Slide|p2b: Kommo-o|[spread] p2a,p2b\n|-supereffective|p2a: Delphox\n|-resisted|p2b: Kommo-o\n|-damage|p2a: Delphox|30\/100\n|-damage|p2b: Kommo-o|81\/100\n|-enditem|p2a: Delphox|Sitrus Berry|[eat]\n|-heal|p2a: Delphox|54\/100|[from] item: Sitrus Berry\n|\n|-weather|Sandstorm|[upkeep]\n|-damage|p2a: Delphox|48\/100|[from] Sandstorm\n|-damage|p2b: Kommo-o|75\/100|[from] Sandstorm\n|upkeep\n|\n|t:|1695454476\n|switch|p1b: Crobat|Crobat, F|100\/100\n|turn|6\n|\n|t:|1695454484\n|move|p2a: Delphox|Stored Power|p1b: Crobat\n|-supereffective|p1b: Crobat\n|-damage|p1b: Crobat|0 fnt\n|faint|p1b: Crobat\n|move|p2b: Kommo-o|Drain Punch|p1a: Tyranitar\n|-supereffective|p1a: Tyranitar\n|-enditem|p1a: Tyranitar|Chople Berry|[eat]\n|-enditem|p1a: Tyranitar|Chople Berry|[weaken]\n|-damage|p1a: Tyranitar|12\/100\n|-heal|p2b: Kommo-o|100\/100|[from] drain|[of] p1a: Tyranitar\n|move|p1a: Tyranitar|Rock Slide|p2a: Delphox|[spread] p2a,p2b\n|-supereffective|p2a: Delphox\n|-resisted|p2b: Kommo-o\n|-damage|p2a: Delphox|0 fnt\n|-damage|p2b: Kommo-o|91\/100\n|faint|p2a: Delphox\n|\n|-weather|Sandstorm|[upkeep]\n|-damage|p2b: Kommo-o|85\/100|[from] Sandstorm\n|upkeep\n|inactive|Jerin333 has 120 seconds left.\n|\n|t:|1695454511\n|switch|p1b: Hydreigon|Hydreigon, M|100\/100\n|switch|p2a: Manaphy|Manaphy|100\/100\n|turn|7\n|inactive|Jerin333 has 120 seconds left.\n|\n|t:|1695454535\n|move|p2b: Kommo-o|Clanging Scales|p1a: Tyranitar|[spread] p1a,p1b\n|-supereffective|p1b: Hydreigon\n|-enditem|p1b: Hydreigon|Haban Berry|[eat]\n|-enditem|p1b: Hydreigon|Haban Berry|[weaken]\n|-damage|p1a: Tyranitar|0 fnt\n|-damage|p1b: Hydreigon|63\/100\n|faint|p1a: Tyranitar\n|-unboost|p2b: Kommo-o|def|1\n|move|p1b: Hydreigon|Dragon Pulse|p2b: Kommo-o\n|-supereffective|p2b: Kommo-o\n|-damage|p2b: Kommo-o|21\/100\n|move|p2a: Manaphy|Take Heart|p2a: Manaphy\n|-boost|p2a: Manaphy|spa|1\n|-boost|p2a: Manaphy|spd|1\n|\n|-weather|Sandstorm|[upkeep]\n|-damage|p2b: Kommo-o|15\/100|[from] Sandstorm\n|-damage|p1b: Hydreigon|56\/100|[from] Sandstorm\n|-damage|p2a: Manaphy|94\/100|[from] Sandstorm\n|-heal|p2a: Manaphy|100\/100|[from] item: Leftovers\n|upkeep\n|inactive|Jerin333 has 120 seconds left.\n|\n|t:|1695454554\n|switch|p1a: Metagross|Metagross|100\/100\n|turn|8\n|inactive|Jerin333 has 120 seconds left.\n|\n|t:|1695454576\n|-terastallize|p2a: Manaphy|Water\n|move|p1b: Hydreigon|Protect|p1b: Hydreigon\n|-singleturn|p1b: Hydreigon|Protect\n|move|p1a: Metagross|Bullet Punch|p2b: Kommo-o\n|-damage|p2b: Kommo-o|0 fnt\n|faint|p2b: Kommo-o\n|move|p2a: Manaphy|Scald|p1a: Metagross\n|-damage|p1a: Metagross|46\/100\n|\n|-weather|none\n|upkeep\n|\n|t:|1695454587\n|switch|p2b: Oricorio|Oricorio-Sensu, M|100\/100\n|turn|9\n|\n|t:|1695454604\n|move|p1b: Hydreigon|Snarl|p2b: Oricorio|[spread] p2a,p2b\n|-supereffective|p2b: Oricorio\n|-damage|p2a: Manaphy|89\/100\n|-damage|p2b: Oricorio|52\/100\n|-unboost|p2a: Manaphy|spa|1\n|-unboost|p2b: Oricorio|spa|1\n|move|p2a: Manaphy|Blizzard|p1a: Metagross|[spread] p1a\n|-miss|p2a: Manaphy|p1b: Hydreigon\n|-resisted|p1a: Metagross\n|-damage|p1a: Metagross|37\/100\n|move|p2b: Oricorio|Revelation Dance|p1a: Metagross\n|-supereffective|p1a: Metagross\n|-damage|p1a: Metagross|10\/100\n|move|p1a: Metagross|Zen Headbutt|p2b: Oricorio\n|-damage|p2b: Oricorio|8\/100\n|-enditem|p2b: Oricorio|Aguav Berry|[eat]\n|-heal|p2b: Oricorio|42\/100|[from] item: Aguav Berry\n|\n|-heal|p2a: Manaphy|95\/100|[from] item: Leftovers\n|upkeep\n|turn|10\n|j| LAIDEN22\n|\n|t:|1695454632\n|move|p1a: Metagross|Bullet Punch|p2b: Oricorio\n|-damage|p2b: Oricorio|22\/100\n|move|p1b: Hydreigon|Snarl|p2a: Manaphy|[spread] p2b\n|-miss|p1b: Hydreigon|p2a: Manaphy\n|-supereffective|p2b: Oricorio\n|-damage|p2b: Oricorio|0 fnt\n|faint|p2b: Oricorio\n|move|p2a: Manaphy|Take Heart|p2a: Manaphy\n|-boost|p2a: Manaphy|spa|1\n|-boost|p2a: Manaphy|spd|1\n|\n|-heal|p2a: Manaphy|100\/100|[from] item: Leftovers\n|upkeep\n|\n|t:|1695454635\n|switch|p2b: Comfey|Comfey, M|100\/100\n|turn|11\n|inactive|Jerin333 has 120 seconds left.\n|\n|t:|1695454666\n|move|p2b: Comfey|Draining Kiss|p1b: Hydreigon\n|-supereffective|p1b: Hydreigon\n|-damage|p1b: Hydreigon|0 fnt\n|faint|p1b: Hydreigon\n|move|p1a: Metagross|Bullet Punch|p2b: Comfey\n|-supereffective|p2b: Comfey\n|-damage|p2b: Comfey|31\/100\n|move|p2a: Manaphy|Scald|p1a: Metagross\n|-damage|p1a: Metagross|0 fnt\n|faint|p1a: Metagross\n|\n|win|Theadonia\n|raw|Jerin333's rating: 1138 &rarr; <strong>1121<\/strong><br \/>(-17 for losing)\n|raw|Theadonia's rating: 1252 &rarr; <strong>1269<\/strong><br \/>(+17 for winning)\n|l|\u2606Jerin333\n","uploadtime":1695454678,"views":10,"p1id":"jerin333","p2id":"theadonia","formatid":"gen9nationaldexdoubles","rating":1121,"private":0,"password":""}