{"id":"gen9nationaldexdoubles-1969941712","p1":"The OG Trainer Red","p2":"archonics","format":"[Gen 9] National Dex Doubles","log":"|j|\u2606The OG Trainer Red\n|j|\u2606archonics\n|t:|1697577983\n|gametype|doubles\n|player|p1|The OG Trainer Red|fisherman-gen4|1146\n|player|p2|archonics|1|1133\n|teamsize|p1|6\n|teamsize|p2|6\n|gen|9\n|tier|[Gen 9] National Dex Doubles\n|rated|\n|rule|HP Percentage Mod: HP is shown in percentages\n|rule|Endless Battle Clause: Forcing endless battles is banned\n|rule|OHKO Clause: OHKO moves are banned\n|rule|Evasion Moves Clause: Evasion moves are banned\n|rule|Evasion Abilities Clause: Evasion abilities are banned\n|rule|Species Clause: Limit one of each Pok\u00e9mon\n|rule|Gravity Sleep Clause: The combination of sleep-inducing moves with imperfect accuracy and Gravity or Gigantamax Orbeetle are banned\n|clearpoke\n|poke|p1|Ninetales-Alola, F|\n|poke|p1|Lapras, M|\n|poke|p1|Mimikyu, F|\n|poke|p1|Dragapult, M|\n|poke|p1|Ludicolo, F|\n|poke|p1|Pelipper, F|\n|poke|p2|Clefable, F|\n|poke|p2|Ceruledge, M|\n|poke|p2|Kartana|\n|poke|p2|Slowbro, F|\n|poke|p2|Hydreigon, F|\n|poke|p2|Glimmora, M|\n|teampreview\n|\n|t:|1697578002\n|start\n|switch|p1a: Ninetales|Ninetales-Alola, F|100\/100\n|switch|p1b: Lapras|Lapras, M|100\/100\n|switch|p2a: Ceruledge|Ceruledge, M|100\/100\n|switch|p2b: Kartana|Kartana|100\/100\n|-weather|Snow|[from] ability: Snow Warning|[of] p1a: Ninetales\n|turn|1\n|inactive|Battle timer is ON: inactive players will automatically lose when time's up. (requested by The OG Trainer Red)\n|\n|t:|1697578028\n|move|p2b: Kartana|Leaf Blade|p1b: Lapras\n|-supereffective|p1b: Lapras\n|-damage|p1b: Lapras|36\/100\n|move|p1a: Ninetales|Dark Pulse|p2a: Ceruledge\n|-supereffective|p2a: Ceruledge\n|-damage|p2a: Ceruledge|48\/100\n|-enditem|p2a: Ceruledge|Weakness Policy\n|-boost|p2a: Ceruledge|atk|2|[from] item: Weakness Policy\n|-boost|p2a: Ceruledge|spa|2|[from] item: Weakness Policy\n|move|p2a: Ceruledge|Bitter Blade|p1a: Ninetales\n|-supereffective|p1a: Ninetales\n|-enditem|p1a: Ninetales|Focus Sash\n|-damage|p1a: Ninetales|1\/100\n|-heal|p2a: Ceruledge|98\/100|[from] drain|[of] p1a: Ninetales\n|move|p1b: Lapras|Blizzard|p2b: Kartana|[spread] p2a,p2b\n|-resisted|p2a: Ceruledge\n|-damage|p2a: Ceruledge|78\/100\n|-damage|p2b: Kartana|1\/100\n|\n|-weather|Snow|[upkeep]\n|-heal|p2b: Kartana|7\/100|[from] item: Leftovers\n|-heal|p1b: Lapras|42\/100|[from] item: Leftovers\n|upkeep\n|turn|2\n|inactive|archonics has 120 seconds left.\n|\n|t:|1697578064\n|move|p2b: Kartana|Leaf Blade|p1b: Lapras\n|-supereffective|p1b: Lapras\n|-damage|p1b: Lapras|0 fnt\n|faint|p1b: Lapras\n|-ability|p2b: Kartana|Beast Boost|boost\n|-boost|p2b: Kartana|atk|1\n|move|p1a: Ninetales|Dark Pulse|p2a: Ceruledge\n|-supereffective|p2a: Ceruledge\n|-damage|p2a: Ceruledge|25\/100\n|move|p2a: Ceruledge|Bitter Blade|p1a: Ninetales\n|-supereffective|p1a: Ninetales\n|-damage|p1a: Ninetales|0 fnt\n|-heal|p2a: Ceruledge|26\/100|[from] drain|[of] p1a: Ninetales\n|faint|p1a: Ninetales\n|\n|-weather|Snow|[upkeep]\n|-heal|p2b: Kartana|13\/100|[from] item: Leftovers\n|upkeep\n|inactive|The OG Trainer Red has 120 seconds left.\n|\n|t:|1697578083\n|switch|p1a: Ludicolo|Ludicolo, F|100\/100\n|switch|p1b: Pelipper|Pelipper, F|100\/100\n|-weather|RainDance|[from] ability: Drizzle|[of] p1b: Pelipper\n|turn|3\n|\n|t:|1697578101\n|move|p1b: Pelipper|Protect|p1b: Pelipper\n|-singleturn|p1b: Pelipper|Protect\n|move|p1a: Ludicolo|Surf|p2a: Ceruledge|[spread] p2a,p2b\n|-activate|p1b: Pelipper|move: Protect\n|-supereffective|p2a: Ceruledge\n|-resisted|p2b: Kartana\n|-damage|p2a: Ceruledge|0 fnt\n|-damage|p2b: Kartana|0 fnt\n|faint|p2a: Ceruledge\n|faint|p2b: Kartana\n|\n|-weather|RainDance|[upkeep]\n|upkeep\n|inactive|archonics has 120 seconds left.\n|\n|t:|1697578149\n|switch|p2b: Glimmora|Glimmora, M|100\/100\n|switch|p2a: Slowbro|Slowbro, F, shiny|100\/100\n|turn|4\n|\n|t:|1697578182\n|move|p1a: Ludicolo|Giga Drain|p2a: Slowbro\n|-supereffective|p2a: Slowbro\n|-damage|p2a: Slowbro|37\/100\n|move|p1b: Pelipper|Surf|p2b: Glimmora|[spread] p1a,p2a,p2b\n|-resisted|p1a: Ludicolo\n|-resisted|p2a: Slowbro\n|-supereffective|p2b: Glimmora\n|-damage|p1a: Ludicolo|94\/100\n|-damage|p2a: Slowbro|14\/100\n|-enditem|p2b: Glimmora|Focus Sash\n|-damage|p2b: Glimmora|1\/100\n|move|p2b: Glimmora|Sludge Bomb|p1a: Ludicolo\n|-supereffective|p1a: Ludicolo\n|-damage|p1a: Ludicolo|38\/100\n|-status|p1a: Ludicolo|psn\n|move|p2a: Slowbro|Trick Room|p2a: Slowbro\n|-fieldstart|move: Trick Room|[of] p2a: Slowbro\n|\n|-weather|RainDance|[upkeep]\n|-damage|p1a: Ludicolo|25\/100 psn|[from] psn\n|upkeep\n|turn|5\n|inactive|The OG Trainer Red has 120 seconds left.\n|inactive|archonics has 90 seconds left.\n|\n|t:|1697578214\n|switch|p1a: Mimikyu|Mimikyu, F|100\/100\n|-terastallize|p2b: Glimmora|Flying\n|move|p2a: Slowbro|Heal Pulse|p2b: Glimmora\n|-heal|p2b: Glimmora|51\/100\n|move|p2b: Glimmora|Power Gem|p1b: Pelipper\n|-supereffective|p1b: Pelipper\n|-enditem|p1b: Pelipper|Focus Sash\n|-damage|p1b: Pelipper|1\/100\n|move|p1b: Pelipper|Surf|p2b: Glimmora|[spread] p1a,p2a,p2b\n|-resisted|p2a: Slowbro\n|-activate|p1a: Mimikyu|ability: Disguise\n|-damage|p1a: Mimikyu|100\/100\n|-damage|p2a: Slowbro|0 fnt\n|-damage|p2b: Glimmora|0 fnt\n|detailschange|p1a: Mimikyu|Mimikyu-Busted, F\n|-damage|p1a: Mimikyu|88\/100|[from] pokemon: Mimikyu-Busted\n|faint|p2a: Slowbro\n|faint|p2b: Glimmora\n|\n|-weather|RainDance|[upkeep]\n|upkeep\n|inactive|archonics has 90 seconds left.\n|\n|t:|1697578235\n|switch|p2a: Hydreigon|Hydreigon, F|100\/100\n|switch|p2b: Clefable|Clefable, F, shiny|100\/100\n|turn|6\n|inactive|archonics has 90 seconds left.\n|\n|t:|1697578263\n|move|p2b: Clefable|Dazzling Gleam|p1a: Mimikyu|[spread] p1a,p1b\n|-damage|p1a: Mimikyu|72\/100\n|-damage|p1b: Pelipper|0 fnt\n|faint|p1b: Pelipper\n|move|p1a: Mimikyu|Play Rough|p2a: Hydreigon\n|-supereffective|p2a: Hydreigon\n|-damage|p2a: Hydreigon|0 fnt\n|faint|p2a: Hydreigon\n|\n|-weather|RainDance|[upkeep]\n|upkeep\n|inactive|The OG Trainer Red has 120 seconds left.\n|\n|t:|1697578274\n|switch|p1b: Dragapult|Dragapult, M|100\/100\n|turn|7\n|\n|t:|1697578290\n|-terastallize|p1a: Mimikyu|Ghost\n|move|p2b: Clefable|Calm Mind|p2b: Clefable\n|-boost|p2b: Clefable|spa|1\n|-boost|p2b: Clefable|spd|1\n|move|p1a: Mimikyu|Shadow Claw|p2b: Clefable\n|-damage|p2b: Clefable|68\/100\n|move|p1b: Dragapult|Phantom Force||[still]\n|-prepare|p1b: Dragapult|Phantom Force\n|\n|-weather|none\n|upkeep\n|turn|8\n|\n|t:|1697578305\n|move|p2b: Clefable|Dazzling Gleam|p1a: Mimikyu|[spread] p1a\n|-miss|p2b: Clefable|p1b: Dragapult\n|-damage|p1a: Mimikyu|46\/100\n|move|p1a: Mimikyu|Play Rough|p2b: Clefable|[miss]\n|-miss|p1a: Mimikyu|p2b: Clefable\n|move|p1b: Dragapult|Phantom Force|p2b: Clefable|[from]lockedmove\n|-damage|p2b: Clefable|39\/100\n|\n|-fieldend|move: Trick Room\n|upkeep\n|turn|9\n|\n|t:|1697578319\n|move|p1b: Dragapult|Phantom Force||[still]\n|-prepare|p1b: Dragapult|Phantom Force\n|move|p1a: Mimikyu|Play Rough|p2b: Clefable\n|-damage|p2b: Clefable|10\/100\n|-unboost|p2b: Clefable|atk|1\n|move|p2b: Clefable|Dazzling Gleam|p1a: Mimikyu|[spread] p1a\n|-miss|p2b: Clefable|p1b: Dragapult\n|-damage|p1a: Mimikyu|18\/100\n|\n|upkeep\n|turn|10\n|\n|t:|1697578331\n|move|p1b: Dragapult|Phantom Force|p2b: Clefable|[from]lockedmove\n|-damage|p2b: Clefable|0 fnt\n|faint|p2b: Clefable\n|\n|win|The OG Trainer Red\n|raw|The OG Trainer Red's rating: 1146 &rarr; <strong>1170<\/strong><br \/>(+24 for winning)\n|raw|archonics's rating: 1133 &rarr; <strong>1109<\/strong><br \/>(-24 for losing)\n|l|\u2606archonics\n","uploadtime":1697578475,"views":3,"p1id":"theogtrainerred","p2id":"archonics","formatid":"gen9nationaldexdoubles","rating":1109,"private":0,"password":""}