{"id":"gen9nationaldexdoubles-1981336430","p1":"saturnc","p2":"TPD DreadNaw","format":"[Gen 9] National Dex Doubles","log":"|j|\u2606saturnc\n|j|\u2606TPD DreadNaw\n|t:|1698884948\n|gametype|doubles\n|player|p1|saturnc|n|1260\n|player|p2|TPD DreadNaw|clay|1161\n|teamsize|p1|6\n|teamsize|p2|6\n|gen|9\n|tier|[Gen 9] National Dex Doubles\n|rated|\n|rule|HP Percentage Mod: HP is shown in percentages\n|rule|Endless Battle Clause: Forcing endless battles is banned\n|rule|OHKO Clause: OHKO moves are banned\n|rule|Evasion Moves Clause: Evasion moves are banned\n|rule|Evasion Abilities Clause: Evasion abilities are banned\n|rule|Species Clause: Limit one of each Pok\u00e9mon\n|rule|Gravity Sleep Clause: The combination of sleep-inducing moves with imperfect accuracy and Gravity or Gigantamax Orbeetle are banned\n|clearpoke\n|poke|p1|Mew|\n|poke|p1|Landorus-Therian, M|\n|poke|p1|Salamence, F|\n|poke|p1|Aggron, F|\n|poke|p1|Regice|\n|poke|p1|Tapu Lele|\n|poke|p2|Claydol|\n|poke|p2|Garchomp, F|\n|poke|p2|Camerupt, M|\n|poke|p2|Clodsire, M|\n|poke|p2|Ursaluna-Bloodmoon, M|\n|poke|p2|Great Tusk|\n|teampreview\n|\n|t:|1698884955\n|start\n|switch|p1a: Skamory|Mew, shiny|100\/100\n|switch|p1b: Salamance|Landorus-Therian, M|100\/100\n|switch|p2a: Claydol|Claydol|100\/100\n|switch|p2b: Camerupt|Camerupt, M|100\/100\n|-ability|p1b: Salamance|Intimidate|boost\n|-unboost|p2a: Claydol|atk|1\n|-unboost|p2b: Camerupt|atk|1\n|turn|1\n|-activate|p1a: Skamory|item: Quick Claw\n|\n|t:|1698884986\n|detailschange|p2b: Camerupt|Camerupt-Mega, M\n|-mega|p2b: Camerupt|Camerupt|Cameruptite\n|-terastallize|p2a: Claydol|Ground\n|move|p1a: Skamory|Skill Swap|p2a: Claydol\n|-activate|p1a: Skamory|move: Skill Swap|Levitate|Synchronize|[of] p2a: Claydol\n|move|p1b: Salamance|Earthquake|p2b: Camerupt|[spread] p2a,p2b\n|-immune|p1a: Skamory|[from] ability: Levitate\n|-supereffective|p2b: Camerupt\n|-damage|p2a: Claydol|31\/100\n|-damage|p2b: Camerupt|0 fnt\n|faint|p2b: Camerupt\n|move|p2a: Claydol|Cosmic Power|p2a: Claydol\n|-boost|p2a: Claydol|def|1\n|-boost|p2a: Claydol|spd|1\n|\n|-heal|p2a: Claydol|37\/100|[from] item: Leftovers\n|upkeep\n|\n|t:|1698885010\n|switch|p2b: Ursaluna|Ursaluna-Bloodmoon, M|100\/100\n|turn|2\n|-activate|p1a: Skamory|item: Quick Claw\n|\n|t:|1698885036\n|switch|p1b: Ragice|Aggron, F|100\/100\n|move|p1a: Skamory|Skill Swap|p1b: Ragice\n|-activate|p1a: Skamory|move: Skill Swap|||[of] p1b: Ragice\n|move|p2a: Claydol|Rest|p2a: Claydol\n|-status|p2a: Claydol|slp|[from] move: Rest\n|-heal|p2a: Claydol|100\/100 slp|[silent]\n|move|p2b: Ursaluna|Blood Moon|p1a: Skamory\n|-damage|p1a: Skamory|13\/100\n|\n|upkeep\n|turn|3\n|\n|t:|1698885058\n|detailschange|p1b: Ragice|Aggron-Mega, F\n|-mega|p1b: Ragice|Aggron|Aggronite\n|move|p1a: Skamory|Expanding Force|p2b: Ursaluna\n|-damage|p2b: Ursaluna|72\/100\n|cant|p2a: Claydol|slp\n|move|p2b: Ursaluna|Focus Blast|p1b: Ragice\n|-supereffective|p1b: Ragice\n|-damage|p1b: Ragice|19\/100\n|move|p1b: Ragice|Iron Defense|p1b: Ragice\n|-boost|p1b: Ragice|def|2\n|\n|upkeep\n|turn|4\n|\n|t:|1698885072\n|move|p1a: Skamory|Expanding Force|p2b: Ursaluna\n|-damage|p2b: Ursaluna|43\/100\n|cant|p2a: Claydol|slp\n|move|p2b: Ursaluna|Earth Power|p1b: Ragice\n|-supereffective|p1b: Ragice\n|-damage|p1b: Ragice|0 fnt\n|faint|p1b: Ragice\n|\n|upkeep\n|\n|t:|1698885078\n|switch|p1b: Salamance|Landorus-Therian, M|100\/100\n|-ability|p1b: Salamance|Intimidate|boost\n|-unboost|p2a: Claydol|atk|1\n|-unboost|p2b: Ursaluna|atk|1\n|turn|5\n|-activate|p1a: Skamory|item: Quick Claw\n|\n|t:|1698885088\n|move|p1a: Skamory|Skill Swap|p2a: Claydol\n|-activate|p1a: Skamory|move: Skill Swap|Synchronize|Sturdy|[of] p2a: Claydol\n|move|p1b: Salamance|Earthquake|p2b: Ursaluna|[spread] p1a,p2a,p2b\n|-damage|p1a: Skamory|0 fnt\n|-damage|p2a: Claydol|51\/100 slp\n|-damage|p2b: Ursaluna|0 fnt\n|faint|p1a: Skamory\n|faint|p2b: Ursaluna\n|-curestatus|p2a: Claydol|slp|[msg]\n|move|p2a: Claydol|Cosmic Power|p2a: Claydol\n|-boost|p2a: Claydol|def|1\n|-boost|p2a: Claydol|spd|1\n|\n|-heal|p2a: Claydol|58\/100|[from] item: Leftovers\n|upkeep\n|\n|t:|1698885106\n|switch|p1a: Agron|Regice, shiny|100\/100\n|switch|p2b: Clodsire|Clodsire, M|100\/100\n|turn|6\n|\n|t:|1698885117\n|switch|p1a: Tape Lulu|Salamence, F, shiny|100\/100\n|-ability|p1a: Tape Lulu|Intimidate|boost\n|-unboost|p2a: Claydol|atk|1\n|-unboost|p2b: Clodsire|atk|1\n|move|p1b: Salamance|Earthquake|p2b: Clodsire|[spread] p2a,p2b\n|-immune|p1a: Tape Lulu\n|-supereffective|p2b: Clodsire\n|-damage|p2a: Claydol|24\/100\n|-damage|p2b: Clodsire|0 fnt\n|faint|p2b: Clodsire\n|move|p2a: Claydol|Cosmic Power|p2a: Claydol\n|-boost|p2a: Claydol|def|1\n|-boost|p2a: Claydol|spd|1\n|\n|-heal|p2a: Claydol|30\/100|[from] item: Leftovers\n|upkeep\n|\n|t:|1698885132\n|switch|p2b: Garchomp|Garchomp, F|100\/100\n|turn|7\n|\n|t:|1698885146\n|move|p2b: Garchomp|Scale Shot|p1a: Tape Lulu\n|-supereffective|p1a: Tape Lulu\n|-damage|p1a: Tape Lulu|67\/100\n|-supereffective|p1a: Tape Lulu\n|-damage|p1a: Tape Lulu|36\/100\n|-supereffective|p1a: Tape Lulu\n|-damage|p1a: Tape Lulu|2\/100\n|-supereffective|p1a: Tape Lulu\n|-damage|p1a: Tape Lulu|0 fnt\n|faint|p1a: Tape Lulu\n|-hitcount|p1: Tape Lulu|4\n|-unboost|p2b: Garchomp|def|1\n|-boost|p2b: Garchomp|spe|1\n|move|p1b: Salamance|Earthquake|p2a: Claydol|[spread] p2a,p2b\n|-damage|p2a: Claydol|3\/100\n|-damage|p2b: Garchomp|3\/100\n|move|p2a: Claydol|Rest|p2a: Claydol\n|-status|p2a: Claydol|slp|[from] move: Rest\n|-heal|p2a: Claydol|100\/100 slp|[silent]\n|\n|upkeep\n|\n|t:|1698885172\n|switch|p1a: Landorus-Therean|Tapu Lele|100\/100\n|-fieldstart|move: Psychic Terrain|[from] ability: Psychic Surge|[of] p1a: Landorus-Therean\n|turn|8\n|\n|t:|1698885212\n|move|p2b: Garchomp|Earthquake|p1b: Salamance|[spread] p2a,p1a\n|-immune|p1b: Salamance\n|-damage|p2a: Claydol|84\/100 slp\n|-damage|p1a: Landorus-Therean|42\/100\n|move|p1a: Landorus-Therean|Psychic|p2b: Garchomp\n|-damage|p2b: Garchomp|0 fnt\n|faint|p2b: Garchomp\n|move|p1b: Salamance|Earthquake|p2a: Claydol|[spread] p1a,p2a\n|-damage|p1a: Landorus-Therean|0 fnt\n|-damage|p2a: Claydol|56\/100 slp\n|faint|p1a: Landorus-Therean\n|cant|p2a: Claydol|slp\n|\n|-heal|p2a: Claydol|62\/100 slp|[from] item: Leftovers\n|upkeep\n|\n|t:|1698885223\n|switch|p2b: Great Tusk|Great Tusk|100\/100\n|switch|p1a: Agron|Regice, shiny|100\/100\n|turn|9\n|\n|t:|1698885235\n|move|p2b: Great Tusk|Ice Spinner|p1b: Salamance\n|-supereffective|p1b: Salamance\n|-damage|p1b: Salamance|0 fnt\n|-fieldend|move: Psychic Terrain\n|faint|p1b: Salamance\n|cant|p2a: Claydol|slp\n|move|p1a: Agron|Frost Breath|p2a: Claydol|[miss]\n|-miss|p1a: Agron|p2a: Claydol\n|\n|-heal|p2a: Claydol|68\/100 slp|[from] item: Leftovers\n|upkeep\n|turn|10\n|\n|t:|1698885250\n|move|p2b: Great Tusk|Ice Spinner|p1a: Agron\n|-resisted|p1a: Agron\n|-damage|p1a: Agron|76\/100\n|-curestatus|p2a: Claydol|slp|[msg]\n|move|p2a: Claydol|Body Press|p1a: Agron\n|-supereffective|p1a: Agron\n|-damage|p1a: Agron|0 fnt\n|faint|p1a: Agron\n|\n|win|TPD DreadNaw\n|raw|saturnc's rating: 1260 &rarr; <strong>1228<\/strong><br \/>(-32 for losing)\n|raw|TPD DreadNaw's rating: 1161 &rarr; <strong>1193<\/strong><br \/>(+32 for winning)\n|l|\u2606saturnc\n","uploadtime":1698885283,"views":12,"p1id":"saturnc","p2id":"tpddreadnaw","formatid":"gen9nationaldexdoubles","rating":1193,"private":0,"password":""}