{"id":"gen9nationaldexdoubles-1958967648","p1":"UltraVapor","p2":"vincent1704","format":"[Gen 9] National Dex Doubles","log":"|j|\u2606UltraVapor\n|j|\u2606vincent1704\n|t:|1696373164\n|gametype|doubles\n|player|p1|UltraVapor|shelly|1000\n|player|p2|vincent1704|hiker|1068\n|teamsize|p1|6\n|teamsize|p2|6\n|gen|9\n|tier|[Gen 9] National Dex Doubles\n|rated|\n|rule|HP Percentage Mod: HP is shown in percentages\n|rule|Endless Battle Clause: Forcing endless battles is banned\n|rule|OHKO Clause: OHKO moves are banned\n|rule|Evasion Moves Clause: Evasion moves are banned\n|rule|Evasion Abilities Clause: Evasion abilities are banned\n|rule|Species Clause: Limit one of each Pok\u00e9mon\n|rule|Gravity Sleep Clause: The combination of sleep-inducing moves with imperfect accuracy and Gravity or Gigantamax Orbeetle are banned\n|clearpoke\n|poke|p1|Ninetales-Alola, F|\n|poke|p1|Baxcalibur, M|\n|poke|p1|Chien-Pao|\n|poke|p1|Iron Bundle|\n|poke|p1|Avalugg-Hisui, M|\n|poke|p1|Glaceon, F|\n|poke|p2|Torterra, M|\n|poke|p2|Aerodactyl, M|\n|poke|p2|Blaziken, M|\n|poke|p2|Swampert, M|\n|poke|p2|Salamence, M|\n|poke|p2|Beedrill, M|\n|teampreview\n|\n|t:|1696373171\n|start\n|switch|p1a: Ninetales|Ninetales-Alola, F|100\/100\n|switch|p1b: Avalugg|Avalugg-Hisui, M, shiny|100\/100\n|switch|p2a: Blaziken|Blaziken, M, shiny|100\/100\n|switch|p2b: Beedrill|Beedrill, M, shiny|100\/100\n|-weather|Snow|[from] ability: Snow Warning|[of] p1a: Ninetales\n|turn|1\n|\n|t:|1696373202\n|detailschange|p2a: Blaziken|Blaziken-Mega, M, shiny\n|-mega|p2a: Blaziken|Blaziken|Blazikenite\n|move|p2b: Beedrill|Protect|p2b: Beedrill\n|-singleturn|p2b: Beedrill|Protect\n|move|p2a: Blaziken|High Jump Kick|p1b: Avalugg\n|-supereffective|p1b: Avalugg\n|-ability|p1b: Avalugg|Sturdy\n|-damage|p1b: Avalugg|1\/100\n|-enditem|p1b: Avalugg|Sitrus Berry|[eat]\n|-heal|p1b: Avalugg|26\/100|[from] item: Sitrus Berry\n|move|p1a: Ninetales|Dazzling Gleam|p2b: Beedrill|[spread] p2a\n|-activate|p2b: Beedrill|move: Protect\n|-damage|p2a: Blaziken|69\/100\n|move|p1b: Avalugg|Aurora Veil|p1b: Avalugg\n|-sidestart|p1: UltraVapor|move: Aurora Veil\n|\n|-weather|Snow|[upkeep]\n|-ability|p2a: Blaziken|Speed Boost|boost\n|-boost|p2a: Blaziken|spe|1\n|upkeep\n|turn|2\n|\n|t:|1696373241\n|switch|p1a: Baxcalibur|Baxcalibur, M|100\/100\n|move|p2a: Blaziken|Flare Blitz|p1b: Avalugg\n|-damage|p1b: Avalugg|11\/100\n|-damage|p2a: Blaziken|63\/100|[from] Recoil\n|move|p2b: Beedrill|Poison Jab|p1a: Baxcalibur\n|-damage|p1a: Baxcalibur|90\/100\n|move|p1b: Avalugg|Rock Slide|p2b: Beedrill|[spread] p2a,p2b\n|-supereffective|p2b: Beedrill\n|-damage|p2a: Blaziken|24\/100\n|-damage|p2b: Beedrill|0 fnt\n|faint|p2b: Beedrill\n|\n|-weather|Snow|[upkeep]\n|-ability|p2a: Blaziken|Speed Boost|boost\n|-boost|p2a: Blaziken|spe|1\n|upkeep\n|\n|t:|1696373257\n|switch|p2b: Swampert|Swampert, M, shiny|100\/100\n|turn|3\n|\n|t:|1696373272\n|move|p2a: Blaziken|Role Play|p2b: Swampert\n|-endability|p2a: Blaziken|Speed Boost|[from] move: Role Play\n|-ability|p2a: Blaziken|Damp|[from] move: Role Play|[of] p2b: Swampert\n|move|p1a: Baxcalibur|Dragon Dance|p1a: Baxcalibur\n|-boost|p1a: Baxcalibur|atk|1\n|-boost|p1a: Baxcalibur|spe|1\n|move|p2b: Swampert|Ice Beam|p1a: Baxcalibur\n|-damage|p1a: Baxcalibur|73\/100\n|move|p1b: Avalugg|Rock Slide|p2b: Swampert|[spread] p2a,p2b\n|-resisted|p2b: Swampert\n|-damage|p2a: Blaziken|0 fnt\n|-damage|p2b: Swampert|88\/100\n|faint|p2a: Blaziken\n|\n|-weather|Snow|[upkeep]\n|upkeep\n|\n|t:|1696373287\n|switch|p2a: Torterra|Torterra, M, shiny|100\/100\n|turn|4\n|\n|t:|1696373302\n|move|p1a: Baxcalibur|Glaive Rush|p2b: Swampert\n|-damage|p2b: Swampert|1\/100\n|-singlemove|p1a: Baxcalibur|Glaive Rush|[silent]\n|move|p2a: Torterra|Headlong Rush|p1b: Avalugg\n|-supereffective|p1b: Avalugg\n|-damage|p1b: Avalugg|0 fnt\n|-unboost|p2a: Torterra|def|1\n|-unboost|p2a: Torterra|spd|1\n|faint|p1b: Avalugg\n|move|p2b: Swampert|Ancient Power|p1a: Baxcalibur\n|-supereffective|p1a: Baxcalibur\n|-damage|p1a: Baxcalibur|25\/100\n|\n|-weather|Snow|[upkeep]\n|upkeep\n|\n|t:|1696373321\n|switch|p1b: Ninetales|Ninetales-Alola, F|100\/100\n|turn|5\n|\n|t:|1696373332\n|move|p1a: Baxcalibur|Ice Shard|p2b: Swampert\n|-damage|p2b: Swampert|0 fnt\n|faint|p2b: Swampert\n|move|p1b: Ninetales|Freeze-Dry|p2a: Torterra\n|-supereffective|p2a: Torterra\n|-damage|p2a: Torterra|0 fnt\n|faint|p2a: Torterra\n|\n|-weather|Snow|[upkeep]\n|-sideend|p1: UltraVapor|move: Aurora Veil\n|upkeep\n|\n|t:|1696373340\n|switch|p2a: Salamence|Salamence, M, shiny|100\/100\n|switch|p2b: Aerodactyl|Aerodactyl, M|100\/100\n|-ability|p2b: Aerodactyl|Pressure\n|turn|6\n|\n|t:|1696373357\n|move|p2b: Aerodactyl|Heat Wave|p1b: Ninetales|[spread] p1a,p1b\n|-supereffective|p1b: Ninetales\n|-damage|p1a: Baxcalibur|10\/100\n|-damage|p1b: Ninetales|66\/100\n|-ability|p1a: Baxcalibur|Thermal Exchange|boost\n|-boost|p1a: Baxcalibur|atk|1\n|move|p1b: Ninetales|Dazzling Gleam|p2b: Aerodactyl|[spread] p2a,p2b\n|-supereffective|p2a: Salamence\n|-damage|p2a: Salamence|35\/100\n|-damage|p2b: Aerodactyl|76\/100\n|-enditem|p2a: Salamence|Weakness Policy\n|-boost|p2a: Salamence|atk|2|[from] item: Weakness Policy\n|-boost|p2a: Salamence|spa|2|[from] item: Weakness Policy\n|move|p1a: Baxcalibur|Icicle Spear|p2b: Aerodactyl\n|-supereffective|p2b: Aerodactyl\n|-damage|p2b: Aerodactyl|0 fnt\n|faint|p2b: Aerodactyl\n|-hitcount|p2: Aerodactyl|1\n|move|p2a: Salamence|Fire Blast|p1b: Ninetales\n|-supereffective|p1b: Ninetales\n|-damage|p1b: Ninetales|0 fnt\n|faint|p1b: Ninetales\n|-ability|p2a: Salamence|Moxie|boost\n|-boost|p2a: Salamence|atk|1\n|\n|-weather|Snow|[upkeep]\n|upkeep\n|\n|t:|1696373381\n|switch|p1b: Iron Bundle|Iron Bundle, shiny|100\/100\n|-enditem|p1b: Iron Bundle|Booster Energy\n|-activate|p1b: Iron Bundle|ability: Quark Drive|[fromitem]\n|-start|p1b: Iron Bundle|quarkdrivespa\n|turn|7\n|\n|t:|1696373392\n|-terastallize|p1b: Iron Bundle|Water\n|move|p1b: Iron Bundle|Helping Hand|p1a: Baxcalibur\n|-singleturn|p1a: Baxcalibur|Helping Hand|[of] p1b: Iron Bundle\n|move|p1a: Baxcalibur|Ice Shard|p2a: Salamence\n|-supereffective|p2a: Salamence\n|-damage|p2a: Salamence|0 fnt\n|faint|p2a: Salamence\n|\n|win|UltraVapor\n|raw|UltraVapor's rating: 1000 &rarr; <strong>1048<\/strong><br \/>(+48 for winning)\n|raw|vincent1704's rating: 1068 &rarr; <strong>1044<\/strong><br \/>(-24 for losing)\n|l|\u2606vincent1704\n","uploadtime":1696373404,"views":8,"p1id":"ultravapor","p2id":"vincent1704","formatid":"gen9nationaldexdoubles","rating":1044,"private":0,"password":""}