{"id":"gen9nationaldexdoubles-1953184141","p1":"CheddarBob011","p2":"ShadowTex37","format":"[Gen 9] National Dex Doubles","log":"|j|\u2606CheddarBob011\n|j|\u2606ShadowTex37\n|t:|1695760940\n|gametype|doubles\n|player|p1|CheddarBob011|2|\n|player|p2|ShadowTex37|shadowtriad|\n|teamsize|p1|6\n|teamsize|p2|6\n|gen|9\n|tier|[Gen 9] National Dex Doubles\n|rule|HP Percentage Mod: HP is shown in percentages\n|rule|Endless Battle Clause: Forcing endless battles is banned\n|rule|OHKO Clause: OHKO moves are banned\n|rule|Evasion Moves Clause: Evasion moves are banned\n|rule|Evasion Abilities Clause: Evasion abilities are banned\n|rule|Species Clause: Limit one of each Pok\u00e9mon\n|rule|Gravity Sleep Clause: The combination of sleep-inducing moves with imperfect accuracy and Gravity or Gigantamax Orbeetle are banned\n|clearpoke\n|poke|p1|Dracozolt|\n|poke|p1|Tapu Koko|\n|poke|p1|Ampharos, M|\n|poke|p1|Iron Thorns|\n|poke|p1|Electivire, M|\n|poke|p1|Galvantula, F|\n|poke|p2|Goodra-Hisui, M|\n|poke|p2|Regidrago|\n|poke|p2|Salamence, M|\n|poke|p2|Hydreigon, M|\n|poke|p2|Kommo-o, M|\n|poke|p2|Noivern, F|\n|teampreview\n|\n|t:|1695760956\n|start\n|switch|p1a: Galvantula|Galvantula, F|100\/100\n|switch|p1b: Electivire|Electivire, M|100\/100\n|switch|p2a: Noivern|Noivern, F, shiny|100\/100\n|switch|p2b: Regidrago|Regidrago|100\/100\n|turn|1\n|\n|t:|1695760972\n|move|p2a: Noivern|Boomburst|p1a: Galvantula|[spread] p2b,p1a,p1b\n|-damage|p2b: Regidrago|70\/100\n|-damage|p1a: Galvantula|56\/100\n|-damage|p1b: Electivire|63\/100\n|move|p1a: Galvantula|Sticky Web|p2a: Noivern\n|-sidestart|p2: ShadowTex37|move: Sticky Web\n|move|p2b: Regidrago|Dragon Energy|p1b: Electivire|[spread] p1a,p1b\n|-crit|p1b: Electivire\n|-damage|p1a: Galvantula|0 fnt\n|-damage|p1b: Electivire|0 fnt\n|faint|p1a: Galvantula\n|faint|p1b: Electivire\n|-damage|p2b: Regidrago|60\/100|[from] item: Life Orb\n|\n|upkeep\n|\n|t:|1695760986\n|switch|p1a: Ampharos|Ampharos, M|100\/100\n|switch|p1b: Tapu Koko|Tapu Koko|100\/100\n|-fieldstart|move: Electric Terrain|[from] ability: Electric Surge|[of] p1b: Tapu Koko\n|turn|2\n|\n|t:|1695760997\n|detailschange|p1a: Ampharos|Ampharos-Mega, M\n|-mega|p1a: Ampharos|Ampharos|Ampharosite\n|-ability|p1a: Ampharos|Mold Breaker\n|-terastallize|p2a: Noivern|Normal\n|move|p2a: Noivern|Boomburst|p1a: Ampharos|[spread] p2b,p1a,p1b\n|-damage|p2b: Regidrago|8\/100\n|-damage|p1a: Ampharos|61\/100\n|-damage|p1b: Tapu Koko|36\/100\n|move|p1b: Tapu Koko|Nature's Madness|p2a: Noivern\n|-damage|p2a: Noivern|51\/100\n|move|p2b: Regidrago|Explosion|p1b: Tapu Koko|[spread] p1a,p1b\n|-activate|p2a: Noivern|ability: Telepathy\n|-damage|p1a: Ampharos|12\/100\n|-damage|p1b: Tapu Koko|0 fnt\n|faint|p2b: Regidrago\n|faint|p1b: Tapu Koko\n|move|p1a: Ampharos|Dazzling Gleam|p2a: Noivern\n|-damage|p2a: Noivern|2\/100\n|\n|upkeep\n|\n|t:|1695761020\n|switch|p1b: Dracozolt|Dracozolt|100\/100\n|switch|p2b: Kommo-o|Kommo-o, M, shiny|100\/100\n|-activate|p2b: Kommo-o|move: Sticky Web\n|-unboost|p2b: Kommo-o|spe|1\n|turn|3\n|j| WBKRAD12022\n|\n|t:|1695761037\n|-terastallize|p1b: Dracozolt|Ground\n|move|p2a: Noivern|Boomburst|p1b: Dracozolt|[spread] p1a,p1b\n|-immune|p2b: Kommo-o|[from] ability: Soundproof\n|-damage|p1a: Ampharos|0 fnt\n|-damage|p1b: Dracozolt|51\/100\n|faint|p1a: Ampharos\n|-zpower|p2b: Kommo-o\n|move|p2b: Kommo-o|Clangorous Soulblaze|p1b: Dracozolt|[zeffect]\n|-damage|p1b: Dracozolt|0 fnt\n|faint|p1b: Dracozolt\n|-boost|p2b: Kommo-o|atk|1\n|-boost|p2b: Kommo-o|def|1\n|-boost|p2b: Kommo-o|spa|1\n|-boost|p2b: Kommo-o|spd|1\n|-boost|p2b: Kommo-o|spe|1\n|\n|upkeep\n|\n|t:|1695761082\n|switch|p1b: Iron Thorns|Iron Thorns|100\/100\n|-activate|p1b: Iron Thorns|ability: Quark Drive\n|-start|p1b: Iron Thorns|quarkdriveatk\n|turn|4\n|l| WBKRAD12022\n|\n|t:|1695761091\n|move|p2a: Noivern|Boomburst|p1b: Iron Thorns|[spread] p1b\n|-immune|p2b: Kommo-o|[from] ability: Soundproof\n|-resisted|p1b: Iron Thorns\n|-damage|p1b: Iron Thorns|86\/100\n|move|p2b: Kommo-o|Boomburst|p1b: Iron Thorns|[spread] p1b\n|-activate|p2a: Noivern|ability: Telepathy\n|-resisted|p1b: Iron Thorns\n|-damage|p1b: Iron Thorns|72\/100\n|move|p1b: Iron Thorns|Dragon Claw|p2b: Kommo-o\n|-supereffective|p2b: Kommo-o\n|-damage|p2b: Kommo-o|51\/100\n|\n|upkeep\n|turn|5\n|\n|t:|1695761107\n|move|p2a: Noivern|Boomburst|p1b: Iron Thorns|[spread] p1b\n|-immune|p2b: Kommo-o|[from] ability: Soundproof\n|-resisted|p1b: Iron Thorns\n|-damage|p1b: Iron Thorns|57\/100\n|move|p2b: Kommo-o|Aura Sphere|p1b: Iron Thorns\n|-supereffective|p1b: Iron Thorns\n|-damage|p1b: Iron Thorns|0 fnt\n|faint|p1b: Iron Thorns\n|-end|p1b: Iron Thorns|Quark Drive|[silent]\n|\n|win|ShadowTex37\n","uploadtime":1695761119,"views":15,"p1id":"cheddarbob011","p2id":"shadowtex37","formatid":"gen9nationaldexdoubles","rating":0,"private":0,"password":""}