{"id":"gen9nationaldexdoubles-1956455022","p1":"the mudkip warrior","p2":"Mudkiped","format":"[Gen 9] National Dex Doubles","log":"|j|\u2606the mudkip warrior\n|j|\u2606Mudkiped\n|t:|1696109482\n|gametype|doubles\n|player|p1|the mudkip warrior|acetrainer-gen4dp|1613\n|player|p2|Mudkiped|crasherwake|1449\n|teamsize|p1|6\n|teamsize|p2|6\n|gen|9\n|tier|[Gen 9] National Dex Doubles\n|rated|\n|rule|HP Percentage Mod: HP is shown in percentages\n|rule|Endless Battle Clause: Forcing endless battles is banned\n|rule|OHKO Clause: OHKO moves are banned\n|rule|Evasion Moves Clause: Evasion moves are banned\n|rule|Evasion Abilities Clause: Evasion abilities are banned\n|rule|Species Clause: Limit one of each Pok\u00e9mon\n|rule|Gravity Sleep Clause: The combination of sleep-inducing moves with imperfect accuracy and Gravity or Gigantamax Orbeetle are banned\n|clearpoke\n|poke|p1|Chien-Pao|\n|poke|p1|Dragonite, F|\n|poke|p1|Tornadus, M|\n|poke|p1|Charizard, M|\n|poke|p1|Farigiraf, F|\n|poke|p1|Kingambit, M|\n|poke|p2|Wo-Chien|\n|poke|p2|Sinistcha-Masterpiece|\n|poke|p2|Incineroar, F|\n|poke|p2|Kommo-o, M|\n|poke|p2|Ninetales-Alola, F|\n|poke|p2|Landorus, M|\n|teampreview\n|c|\u2606the mudkip warrior|ITS YOU\n|c|\u2606the mudkip warrior|EYYYY\n|c|\u2606Mudkiped|I HAVE EVOLVED\n|c|\u2606the mudkip warrior|AS HAVE I\n|c|\u2606Mudkiped|whats good\n|c|\u2606the mudkip warrior|I HAVE A GIRAFFE NOW\n|c|\u2606Mudkiped|true true\n|c|\u2606Mudkiped|glhf\n|c|\u2606the mudkip warrior|u2 mate\n|\n|t:|1696109525\n|start\n|switch|p1a: Al'akir|Tornadus, M|100\/100\n|switch|p1b: Schimitar|Kingambit, M|100\/100\n|switch|p2a: Whats New?|Incineroar, F, shiny|100\/100\n|switch|p2b: Wheres My Tea?|Landorus, M|100\/100\n|-ability|p2a: Whats New?|Intimidate|boost\n|-unboost|p1a: Al'akir|atk|1\n|-unboost|p1b: Schimitar|atk|1\n|-ability|p1b: Schimitar|Defiant|boost\n|-boost|p1b: Schimitar|atk|2\n|-enditem|p2b: Wheres My Tea?|Mirror Herb\n|-boost|p2b: Wheres My Tea?|atk|2|[from] item: Mirror Herb\n|turn|1\n|\n|t:|1696109547\n|-terastallize|p1b: Schimitar|Ghost\n|move|p2a: Whats New?|Fake Out|p1a: Al'akir\n|-damage|p1a: Al'akir|88\/100\n|move|p1a: Al'akir|Tailwind|p1a: Al'akir\n|-sidestart|p1: the mudkip warrior|move: Tailwind\n|move|p1b: Schimitar|Brick Break|p2a: Whats New?\n|-supereffective|p2a: Whats New?\n|-damage|p2a: Whats New?|14\/100\n|-enditem|p2a: Whats New?|Sitrus Berry|[eat]\n|-heal|p2a: Whats New?|39\/100|[from] item: Sitrus Berry\n|move|p2b: Wheres My Tea?|Stealth Rock|p1a: Al'akir\n|-sidestart|p1: the mudkip warrior|move: Stealth Rock\n|\n|upkeep\n|turn|2\n|c|\u2606Mudkiped|COVERT\n|c|\u2606the mudkip warrior|YEP\n|c|\u2606the mudkip warrior|THEY NEVER EXPECT THE CLOAK\n|c|\u2606Mudkiped|smart wp\n|\n|t:|1696109584\n|switch|p2a: Lich's Big W|Wo-Chien|100\/100\n|-ability|p2a: Lich's Big W|Tablets of Ruin\n|move|p1a: Al'akir|Defog|p2b: Wheres My Tea?\n|-unboost|p2b: Wheres My Tea?|evasion|1\n|-sideend|p1: the mudkip warrior|Stealth Rock|[from] move: Defog|[of] p1a: Al'akir\n|move|p1b: Schimitar|Brick Break|p2a: Lich's Big W\n|-supereffective|p2a: Lich's Big W\n|-damage|p2a: Lich's Big W|53\/100\n|move|p2b: Wheres My Tea?|Sandsear Storm|p1b: Schimitar|[spread] \n|-immune|p1a: Al'akir\n|-miss|p2b: Wheres My Tea?|p1b: Schimitar\n|\n|-heal|p2a: Lich's Big W|60\/100|[from] item: Leftovers\n|upkeep\n|turn|3\n|\n|t:|1696109606\n|switch|p2b: In A Hot Tub|Sinistcha-Masterpiece, shiny|100\/100\n|-heal|p2a: Lich's Big W|84\/100|[from] ability: Hospitality|[of] p2b: In A Hot Tub\n|move|p1a: Al'akir|Bleakwind Storm|p2b: In A Hot Tub|[spread] p2b\n|-miss|p1a: Al'akir|p2a: Lich's Big W\n|-supereffective|p2b: In A Hot Tub\n|-damage|p2b: In A Hot Tub|35\/100\n|move|p1b: Schimitar|Kowtow Cleave|p2b: In A Hot Tub\n|-supereffective|p2b: In A Hot Tub\n|-damage|p2b: In A Hot Tub|0 fnt\n|faint|p2b: In A Hot Tub\n|move|p2a: Lich's Big W|Foul Play|p1b: Schimitar\n|-supereffective|p1b: Schimitar\n|-damage|p1b: Schimitar|0 fnt\n|faint|p1b: Schimitar\n|\n|-heal|p2a: Lich's Big W|91\/100|[from] item: Leftovers\n|upkeep\n|c|\u2606Mudkiped|D:\n|\n|t:|1696109628\n|switch|p1b: Galakrond|Charizard, M, shiny|100\/100\n|switch|p2b: Mc Cloud|Ninetales-Alola, F|100\/100\n|-weather|Snow|[from] ability: Snow Warning|[of] p2b: Mc Cloud\n|turn|4\n|c|\u2606Mudkiped|damn it\n|\n|t:|1696109646\n|switch|p2b: Big Kahuna|Kommo-o, M, shiny|100\/100\n|detailschange|p1b: Galakrond|Charizard-Mega-Y, M, shiny\n|-mega|p1b: Galakrond|Charizard|Charizardite Y\n|-weather|SunnyDay|[from] ability: Drought|[of] p1b: Galakrond\n|move|p1b: Galakrond|Heat Wave|p2a: Lich's Big W|[spread] p2a,p2b\n|-supereffective|p2a: Lich's Big W\n|-resisted|p2b: Big Kahuna\n|-damage|p2a: Lich's Big W|0 fnt\n|-damage|p2b: Big Kahuna|70\/100\n|faint|p2a: Lich's Big W\n|move|p1a: Al'akir|Bleakwind Storm|p2b: Big Kahuna\n|-supereffective|p2b: Big Kahuna\n|-damage|p2b: Big Kahuna|0 fnt\n|faint|p2b: Big Kahuna\n|\n|-weather|SunnyDay|[upkeep]\n|-sideend|p1: the mudkip warrior|move: Tailwind\n|upkeep\n|c|\u2606Mudkiped|muh momentum\n|\n|t:|1696109669\n|switch|p2b: Whats New?|Incineroar, F, shiny|39\/100\n|switch|p2a: Mc Cloud|Ninetales-Alola, F|100\/100\n|-weather|Snow|[from] ability: Snow Warning|[of] p2a: Mc Cloud\n|-ability|p2b: Whats New?|Intimidate|boost\n|-unboost|p1a: Al'akir|atk|1\n|-unboost|p1b: Galakrond|atk|1\n|turn|5\n|\n|t:|1696109680\n|switch|p1b: Ditalini|Farigiraf, F|100\/100\n|move|p2b: Whats New?|Fake Out||[still]\n|cant|p1b: Ditalini|ability: Armor Tail|Fake Out|[of] p2b: Whats New?\n|move|p1a: Al'akir|Tailwind|p1a: Al'akir\n|-sidestart|p1: the mudkip warrior|move: Tailwind\n|move|p2a: Mc Cloud|Aurora Veil|p2a: Mc Cloud\n|-sidestart|p2: Mudkiped|move: Aurora Veil\n|\n|-weather|Snow|[upkeep]\n|upkeep\n|turn|6\n|c|\u2606Mudkiped|ok maybe im playin to obvi\n|\n|t:|1696109706\n|switch|p2a: Wheres My Tea?|Landorus, M|100\/100\n|move|p1a: Al'akir|Defog|p2a: Wheres My Tea?\n|-unboost|p2a: Wheres My Tea?|evasion|1\n|-sideend|p2: Mudkiped|move: Aurora Veil\n|move|p1b: Ditalini|Hyper Voice|p2a: Wheres My Tea?|[spread] p2a,p2b\n|-damage|p2a: Wheres My Tea?|59\/100\n|-damage|p2b: Whats New?|13\/100\n|move|p2b: Whats New?|Knock Off|p1b: Ditalini\n|-supereffective|p1b: Ditalini\n|-damage|p1b: Ditalini|23\/100\n|-enditem|p1b: Ditalini|Sitrus Berry|[from] move: Knock Off|[of] p2b: Whats New?\n|\n|-weather|Snow|[upkeep]\n|upkeep\n|turn|7\n|c|\u2606the mudkip warrior|nah ive fought a lot of people\n|c|\u2606the mudkip warrior|a lot of them think im cheating as a result\n|\n|t:|1696109732\n|switch|p2b: Mc Cloud|Ninetales-Alola, F|100\/100\n|move|p1a: Al'akir|Bleakwind Storm|p2a: Wheres My Tea?|[spread] p2a,p2b\n|-damage|p2a: Wheres My Tea?|13\/100\n|-damage|p2b: Mc Cloud|57\/100\n|-unboost|p2b: Mc Cloud|spe|1\n|move|p1b: Ditalini|Psyshock|p2a: Wheres My Tea?\n|-damage|p2a: Wheres My Tea?|0 fnt\n|faint|p2a: Wheres My Tea?\n|\n|-weather|Snow|[upkeep]\n|upkeep\n|c|\u2606Mudkiped|yeah im learning from every loss and its helped a ton\n|c|\u2606Mudkiped|aparenttly you can multiple of items in this format\n|c|\u2606Mudkiped|ran across double sash once >:(\n|\n|t:|1696109769\n|switch|p2a: Whats New?|Incineroar, F, shiny|13\/100\n|-ability|p2a: Whats New?|Intimidate|boost\n|-unboost|p1a: Al'akir|atk|1\n|-unboost|p1b: Ditalini|atk|1\n|turn|8\n|c|\u2606the mudkip warrior|I was surpirsed you could do that as well\n|c|\u2606the mudkip warrior|i dont have any duplicate items myself, but still\n|\n|t:|1696109787\n|move|p1a: Al'akir|Bleakwind Storm|p2b: Mc Cloud|[spread] p2a,p2b\n|-damage|p2a: Whats New?|0 fnt\n|-damage|p2b: Mc Cloud|13\/100\n|faint|p2a: Whats New?\n|move|p1b: Ditalini|Hyper Voice|p2b: Mc Cloud\n|-damage|p2b: Mc Cloud|0 fnt\n|faint|p2b: Mc Cloud\n|\n|win|the mudkip warrior\n|raw|the mudkip warrior's rating: 1613 &rarr; <strong>1624<\/strong><br \/>(+11 for winning)\n|raw|Mudkiped's rating: 1449 &rarr; <strong>1438<\/strong><br \/>(-11 for losing)\n|c|\u2606Mudkiped|yeah same it feels dirty\n|c|\u2606Mudkiped|ggs bruc\n|c|\u2606the mudkip warrior|gg dude\n","uploadtime":1696109806,"views":11,"p1id":"themudkipwarrior","p2id":"mudkiped","formatid":"gen9nationaldexdoubles","rating":1438,"private":0,"password":""}