{"id":"gen9nationaldexdoubles-1967510187","p1":"dupoludek","p2":"Angelos1234","format":"[Gen 9] National Dex Doubles","log":"|j|\u2606dupoludek\n|j|\u2606Angelos1234\n|t:|1697308734\n|gametype|doubles\n|player|p1|dupoludek|pokefan-gen4|\n|player|p2|Angelos1234|infielder|\n|teamsize|p1|6\n|teamsize|p2|6\n|gen|9\n|tier|[Gen 9] National Dex Doubles\n|rule|HP Percentage Mod: HP is shown in percentages\n|rule|Endless Battle Clause: Forcing endless battles is banned\n|rule|OHKO Clause: OHKO moves are banned\n|rule|Evasion Moves Clause: Evasion moves are banned\n|rule|Evasion Abilities Clause: Evasion abilities are banned\n|rule|Species Clause: Limit one of each Pok\u00e9mon\n|rule|Gravity Sleep Clause: The combination of sleep-inducing moves with imperfect accuracy and Gravity or Gigantamax Orbeetle are banned\n|clearpoke\n|poke|p1|Victini|\n|poke|p1|Spinda, F|\n|poke|p1|Metagross|\n|poke|p1|Clefable, F|\n|poke|p1|Grafaiai, M|\n|poke|p1|Munkidori, M|\n|poke|p2|Fezandipiti, M|\n|poke|p2|Maushold-Four|\n|poke|p2|Rotom-Mow|\n|poke|p2|Tyranitar, F|\n|poke|p2|Delphox, F|\n|poke|p2|Skeledirge, F|\n|teampreview\n|\n|t:|1697308740\n|start\n|switch|p1a: VeteranWojenny|Victini|100\/100\n|switch|p1b: Spindol|Spinda, F|100\/100\n|switch|p2a: Skeledirge|Skeledirge, F|100\/100\n|switch|p2b: Fezandipiti|Fezandipiti, M|100\/100\n|turn|1\n|\n|t:|1697308755\n|move|p1a: VeteranWojenny|Substitute|p1a: VeteranWojenny\n|-start|p1a: VeteranWojenny|Substitute\n|-damage|p1a: VeteranWojenny|76\/100\n|move|p2b: Fezandipiti|Dazzling Gleam|p1a: VeteranWojenny|[spread] p1a,p1b\n|-resisted|p1a: VeteranWojenny\n|-activate|p1a: VeteranWojenny|move: Substitute|[damage]\n|-damage|p1b: Spindol|75\/100\n|move|p1b: Spindol|Skill Swap|p1a: VeteranWojenny\n|-activate|p1b: Spindol|move: Skill Swap|||[of] p1a: VeteranWojenny\n|move|p2a: Skeledirge|Poltergeist|p1a: VeteranWojenny\n|-activate|p1a: VeteranWojenny|move: Poltergeist|Expert Belt\n|-supereffective|p1a: VeteranWojenny\n|-end|p1a: VeteranWojenny|Substitute\n|\n|upkeep\n|turn|2\n|\n|t:|1697308779\n|switch|p1b: Predator|Clefable, F|100\/100\n|move|p1a: VeteranWojenny|Substitute|p1a: VeteranWojenny\n|-start|p1a: VeteranWojenny|Substitute\n|-damage|p1a: VeteranWojenny|51\/100\n|move|p2b: Fezandipiti|Dazzling Gleam|p1b: Predator|[spread] p1a,p1b\n|-resisted|p1a: VeteranWojenny\n|-activate|p1a: VeteranWojenny|move: Substitute|[damage]\n|-damage|p1b: Predator|87\/100\n|move|p2a: Skeledirge|Fire Blast|p1b: Predator\n|-damage|p1b: Predator|40\/100\n|\n|upkeep\n|turn|3\n|\n|t:|1697308802\n|move|p1a: VeteranWojenny|V-create|p2b: Fezandipiti\n|-enditem|p2b: Fezandipiti|Focus Sash\n|-damage|p2b: Fezandipiti|1\/100\n|-boost|p1a: VeteranWojenny|spe|1\n|-boost|p1a: VeteranWojenny|def|1\n|-boost|p1a: VeteranWojenny|spd|1\n|move|p2b: Fezandipiti|Dazzling Gleam|p1b: Predator|[spread] p1a,p1b\n|-resisted|p1a: VeteranWojenny\n|-activate|p1a: VeteranWojenny|move: Substitute|[damage]\n|-damage|p1b: Predator|26\/100\n|move|p1b: Predator|Heal Pulse||[still]\n|-fail|p1b: Predator\n|move|p2a: Skeledirge|Fire Pledge|p1b: Predator\n|-damage|p1b: Predator|0 fnt\n|faint|p1b: Predator\n|\n|upkeep\n|\n|t:|1697308822\n|switch|p1b: Nygus|Grafaiai, M|100\/100\n|turn|4\n|\n|t:|1697308844\n|move|p1b: Nygus|Parting Shot|p1a: VeteranWojenny\n|-boost|p1a: VeteranWojenny|atk|1\n|-boost|p1a: VeteranWojenny|spa|1\n|\n|t:|1697308849\n|switch|p1b: Wodog\u0142owieLore|Munkidori, M|100\/100|[from] Parting Shot\n|-item|p2a: Skeledirge|Focus Sash|[from] ability: Frisk|[of] p1b: Wodog\u0142owieLore|[identify]\n|move|p1a: VeteranWojenny|Overheat|p2b: Fezandipiti\n|-damage|p2b: Fezandipiti|0 fnt\n|-boost|p1a: VeteranWojenny|spa|2\n|faint|p2b: Fezandipiti\n|move|p2a: Skeledirge|Poltergeist|p1a: VeteranWojenny\n|-activate|p1a: VeteranWojenny|move: Poltergeist|Expert Belt\n|-supereffective|p1a: VeteranWojenny\n|-end|p1a: VeteranWojenny|Substitute\n|\n|upkeep\n|\n|t:|1697308862\n|switch|p2b: Maushold|Maushold-Four|100\/100\n|turn|5\n|\n|t:|1697308885\n|move|p1a: VeteranWojenny|Substitute|p1a: VeteranWojenny\n|-start|p1a: VeteranWojenny|Substitute\n|-damage|p1a: VeteranWojenny|26\/100\n|move|p1b: Wodog\u0142owieLore|Parting Shot|p1a: VeteranWojenny\n|-boost|p1a: VeteranWojenny|atk|1\n|-boost|p1a: VeteranWojenny|spa|1\n|\n|t:|1697308890\n|switch|p1b: MetaSiur|Metagross|100\/100|[from] Parting Shot\n|move|p2b: Maushold|Population Bomb|p1b: MetaSiur\n|-resisted|p1b: MetaSiur\n|-damage|p1b: MetaSiur|96\/100\n|-resisted|p1b: MetaSiur\n|-damage|p1b: MetaSiur|91\/100\n|-resisted|p1b: MetaSiur\n|-damage|p1b: MetaSiur|86\/100\n|-resisted|p1b: MetaSiur\n|-damage|p1b: MetaSiur|82\/100\n|-resisted|p1b: MetaSiur\n|-damage|p1b: MetaSiur|77\/100\n|-resisted|p1b: MetaSiur\n|-damage|p1b: MetaSiur|72\/100\n|-resisted|p1b: MetaSiur\n|-damage|p1b: MetaSiur|68\/100\n|-resisted|p1b: MetaSiur\n|-damage|p1b: MetaSiur|63\/100\n|-resisted|p1b: MetaSiur\n|-damage|p1b: MetaSiur|59\/100\n|-resisted|p1b: MetaSiur\n|-damage|p1b: MetaSiur|54\/100\n|-hitcount|p1b: MetaSiur|10\n|move|p2a: Skeledirge|Poltergeist|p1a: VeteranWojenny\n|-activate|p1a: VeteranWojenny|move: Poltergeist|Expert Belt\n|-supereffective|p1a: VeteranWojenny\n|-end|p1a: VeteranWojenny|Substitute\n|\n|upkeep\n|turn|6\n|\n|t:|1697308931\n|detailschange|p1b: MetaSiur|Metagross-Mega\n|-mega|p1b: MetaSiur|Metagross|Metagrossite\n|move|p1a: VeteranWojenny|Substitute|p1a: VeteranWojenny\n|-start|p1a: VeteranWojenny|Substitute\n|-damage|p1a: VeteranWojenny|1\/100\n|move|p2b: Maushold|Population Bomb|p1a: VeteranWojenny\n|-activate|p1a: VeteranWojenny|move: Substitute|[damage]\n|-activate|p1a: VeteranWojenny|move: Substitute|[damage]\n|-activate|p1a: VeteranWojenny|move: Substitute|[damage]\n|-end|p1a: VeteranWojenny|Substitute\n|-damage|p1a: VeteranWojenny|0 fnt\n|faint|p1a: VeteranWojenny\n|-hitcount|p1: VeteranWojenny|5\n|move|p1b: MetaSiur|Psych Up|p1: VeteranWojenny|[notarget]\n|-fail|p1b: MetaSiur\n|move|p2a: Skeledirge|Fire Blast|p1b: MetaSiur\n|-supereffective|p1b: MetaSiur\n|-damage|p1b: MetaSiur|0 fnt\n|faint|p1b: MetaSiur\n|\n|upkeep\n|-message|dupoludek forfeited.\n|\n|win|Angelos1234\n|l|\u2606dupoludek\n","uploadtime":1697308957,"views":6,"p1id":"dupoludek","p2id":"angelos1234","formatid":"gen9nationaldexdoubles","rating":0,"private":0,"password":""}