{"id":"gen9nationaldexdoubles-1948355962","p1":"Dalender","p2":"kyjin42","format":"[Gen 9] National Dex Doubles","log":"|j|\u2606Dalender\n|j|\u2606kyjin42\n|t:|1695251792\n|gametype|doubles\n|player|p1|Dalender|guitarist|1000\n|player|p2|kyjin42|1|1042\n|teamsize|p1|6\n|teamsize|p2|6\n|gen|9\n|tier|[Gen 9] National Dex Doubles\n|rated|\n|rule|HP Percentage Mod: HP is shown in percentages\n|rule|Endless Battle Clause: Forcing endless battles is banned\n|rule|OHKO Clause: OHKO moves are banned\n|rule|Evasion Moves Clause: Evasion moves are banned\n|rule|Evasion Abilities Clause: Evasion abilities are banned\n|rule|Species Clause: Limit one of each Pok\u00e9mon\n|rule|Gravity Sleep Clause: The combination of sleep-inducing moves with imperfect accuracy and Gravity or Gigantamax Orbeetle are banned\n|clearpoke\n|poke|p1|Muk-Alola, M|\n|poke|p1|Clefairy, F|\n|poke|p1|Klefki, M|\n|poke|p1|Espeon, F|\n|poke|p1|Incineroar, F|\n|poke|p1|Lucario, F|\n|poke|p2|Raichu, M|\n|poke|p2|Corviknight, M|\n|poke|p2|Dragonite, M|\n|poke|p2|Keldeo-Resolute|\n|poke|p2|Breloom, M|\n|poke|p2|Lycanroc-Dusk, M|\n|teampreview\n|j| WBKRAD12022\n|\n|t:|1695251817\n|start\n|switch|p1a: Princesa|Incineroar, F|100\/100\n|switch|p1b: Keysay|Klefki, M|100\/100\n|switch|p2a: Raichu|Raichu, M, shiny|100\/100\n|switch|p2b: Keldeo|Keldeo-Resolute|100\/100\n|-ability|p1a: Princesa|Intimidate|boost\n|-unboost|p2a: Raichu|atk|1\n|-unboost|p2b: Keldeo|atk|1\n|turn|1\n|\n|t:|1695251838\n|move|p2a: Raichu|Fake Out|p1a: Princesa\n|-damage|p1a: Princesa|92\/100\n|-damage|p2a: Raichu|91\/100|[from] item: Life Orb\n|cant|p1a: Princesa|flinch\n|move|p1b: Keysay|Light Screen|p1b: Keysay\n|-sidestart|p1: Dalender|move: Light Screen\n|move|p2b: Keldeo|Secret Sword|p1b: Keysay\n|-damage|p1b: Keysay|70\/100\n|\n|-heal|p1b: Keysay|76\/100|[from] item: Leftovers\n|upkeep\n|turn|2\n|\n|t:|1695251866\n|switch|p2a: Dragonite|Dragonite, M, shiny|100\/100\n|move|p1b: Keysay|Reflect|p1b: Keysay\n|-sidestart|p1: Dalender|Reflect\n|move|p2b: Keldeo|Hydro Pump|p1a: Princesa\n|-supereffective|p1a: Princesa\n|-damage|p1a: Princesa|31\/100\n|move|p1a: Princesa|Snarl|p2b: Keldeo|[spread] p2a,p2b\n|-resisted|p2b: Keldeo\n|-damage|p2a: Dragonite|95\/100\n|-damage|p2b: Keldeo|94\/100\n|-unboost|p2a: Dragonite|spa|1\n|-unboost|p2b: Keldeo|spa|1\n|-ability|p2b: Keldeo|Justified|boost\n|-boost|p2b: Keldeo|atk|1\n|\n|-heal|p1b: Keysay|82\/100|[from] item: Leftovers\n|upkeep\n|turn|3\n|\n|t:|1695251892\n|move|p1b: Keysay|Thunder Wave|p2b: Keldeo\n|-status|p2b: Keldeo|par\n|move|p2a: Dragonite|Earthquake|p1b: Keysay|[spread] p2b,p1a,p1b\n|-supereffective|p1a: Princesa\n|-supereffective|p1b: Keysay\n|-damage|p2b: Keldeo|53\/100 par\n|-damage|p1a: Princesa|0 fnt\n|-damage|p1b: Keysay|37\/100\n|faint|p1a: Princesa\n|cant|p2b: Keldeo|par\n|\n|-heal|p1b: Keysay|43\/100|[from] item: Leftovers\n|upkeep\n|\n|t:|1695251905\n|switch|p1a: Cleo|Clefairy, F|100\/100\n|turn|4\n|\n|t:|1695251926\n|move|p1b: Keysay|Thunder Wave|p2a: Dragonite\n|-status|p2a: Dragonite|par\n|move|p2b: Keldeo|Hydro Pump|p1a: Cleo\n|-damage|p1a: Cleo|81\/100\n|move|p1a: Cleo|Cosmic Power|p1a: Cleo\n|-boost|p1a: Cleo|def|1\n|-boost|p1a: Cleo|spd|1\n|move|p2a: Dragonite|Earthquake|p1a: Cleo|[spread] p2b,p1a,p1b\n|-supereffective|p1b: Keysay\n|-damage|p2b: Keldeo|16\/100 par\n|-damage|p1a: Cleo|70\/100\n|-damage|p1b: Keysay|4\/100\n|\n|-heal|p1b: Keysay|11\/100|[from] item: Leftovers\n|upkeep\n|turn|5\n|\n|t:|1695251950\n|switch|p2b: Raichu|Raichu, M, shiny|91\/100\n|move|p2a: Dragonite|Extreme Speed|p1b: Keysay\n|-resisted|p1b: Keysay\n|-damage|p1b: Keysay|0 fnt\n|faint|p1b: Keysay\n|move|p1a: Cleo|Cosmic Power|p1a: Cleo\n|-boost|p1a: Cleo|def|1\n|-boost|p1a: Cleo|spd|1\n|\n|-sideend|p1: Dalender|move: Light Screen\n|upkeep\n|\n|t:|1695251965\n|switch|p1b: Venus|Espeon, F|100\/100\n|turn|6\n|\n|t:|1695251980\n|switch|p2a: Corviknight|Corviknight, M, shiny|100\/100\n|move|p2b: Raichu|Fake Out|p1a: Cleo\n|-damage|p1a: Cleo|65\/100\n|-damage|p2b: Raichu|81\/100|[from] item: Life Orb\n|move|p1b: Venus|Dazzling Gleam|p2b: Raichu|[spread] p2a,p2b\n|-resisted|p2a: Corviknight\n|-damage|p2a: Corviknight|90\/100\n|-damage|p2b: Raichu|43\/100\n|cant|p1a: Cleo|flinch\n|\n|-sideend|p1: Dalender|Reflect\n|upkeep\n|turn|7\n|\n|t:|1695252014\n|-terastallize|p1a: Cleo|Steel\n|move|p2b: Raichu|Volt Tackle|p1b: Venus\n|-damage|p1b: Venus|0 fnt\n|faint|p1b: Venus\n|-damage|p2b: Raichu|5\/100|[from] Recoil\n|-damage|p2b: Raichu|0 fnt|[from] item: Life Orb\n|faint|p2b: Raichu\n|move|p2a: Corviknight|Iron Defense|p2a: Corviknight\n|-boost|p2a: Corviknight|def|2\n|move|p1a: Cleo|Moonlight|p1a: Cleo\n|-heal|p1a: Cleo|100\/100\n|\n|upkeep\n|\n|t:|1695252037\n|switch|p2b: Keldeo|Keldeo-Resolute|16\/100 par\n|switch|p1b: Noelle|Lucario, F|100\/100\n|turn|8\n|\n|t:|1695252050\n|move|p1a: Cleo|Follow Me|p1a: Cleo\n|-singleturn|p1a: Cleo|move: Follow Me\n|move|p1b: Noelle|Thunder Punch|p2b: Keldeo\n|-supereffective|p2b: Keldeo\n|-damage|p2b: Keldeo|0 fnt\n|faint|p2b: Keldeo\n|-damage|p1b: Noelle|91\/100|[from] item: Life Orb\n|move|p2a: Corviknight|Drill Peck|p1a: Cleo\n|-resisted|p1a: Cleo\n|-damage|p1a: Cleo|91\/100\n|\n|upkeep\n|\n|t:|1695252089\n|switch|p2b: Breloom|Breloom, M, shiny|100\/100\n|turn|9\n|\n|t:|1695252104\n|move|p1b: Noelle|Ice Punch|p2b: Breloom\n|-supereffective|p2b: Breloom\n|-damage|p2b: Breloom|12\/100\n|-damage|p1b: Noelle|81\/100|[from] item: Life Orb\n|move|p2b: Breloom|Spore|p1b: Noelle\n|-status|p1b: Noelle|slp|[from] move: Spore\n|move|p2a: Corviknight|Iron Defense|p2a: Corviknight\n|-boost|p2a: Corviknight|def|2\n|move|p1a: Cleo|Stored Power|p2b: Breloom\n|-supereffective|p2b: Breloom\n|-damage|p2b: Breloom|0 fnt\n|faint|p2b: Breloom\n|\n|upkeep\n|\n|t:|1695252126\n|switch|p2b: Dragonite|Dragonite, M, shiny|95\/100 par\n|turn|10\n|\n|t:|1695252137\n|move|p1a: Cleo|Follow Me|p1a: Cleo\n|-singleturn|p1a: Cleo|move: Follow Me\n|cant|p1b: Noelle|slp\n|move|p2a: Corviknight|Bulk Up|p2a: Corviknight\n|-boost|p2a: Corviknight|atk|1\n|-boost|p2a: Corviknight|def|1\n|move|p2b: Dragonite|Earthquake|p1b: Noelle|[spread] p1a,p1b\n|-immune|p2a: Corviknight\n|-supereffective|p1a: Cleo\n|-supereffective|p1b: Noelle\n|-damage|p1a: Cleo|66\/100\n|-damage|p1b: Noelle|0 fnt\n|faint|p1b: Noelle\n|\n|upkeep\n|\n|t:|1695252151\n|switch|p1b: Greg|Muk-Alola, M|100\/100\n|turn|11\n|\n|t:|1695252163\n|move|p2a: Corviknight|Bulk Up|p2a: Corviknight\n|-boost|p2a: Corviknight|atk|1\n|-boost|p2a: Corviknight|def|1\n|move|p1b: Greg|Acid Spray|p2b: Dragonite\n|-damage|p2b: Dragonite|86\/100 par\n|-unboost|p2b: Dragonite|spd|2\n|move|p1a: Cleo|Cosmic Power|p1a: Cleo\n|-boost|p1a: Cleo|def|1\n|-boost|p1a: Cleo|spd|1\n|move|p2b: Dragonite|Earthquake|p1b: Greg|[spread] p1a,p1b\n|-immune|p2a: Corviknight\n|-supereffective|p1a: Cleo\n|-supereffective|p1b: Greg\n|-crit|p1b: Greg\n|-damage|p1a: Cleo|47\/100\n|-damage|p1b: Greg|26\/100\n|-enditem|p1b: Greg|Wiki Berry|[eat]\n|-heal|p1b: Greg|59\/100|[from] item: Wiki Berry\n|\n|upkeep\n|turn|12\n|l| WBKRAD12022\n|\n|t:|1695252184\n|move|p2a: Corviknight|Bulk Up|p2a: Corviknight\n|-boost|p2a: Corviknight|atk|1\n|-boost|p2a: Corviknight|def|0\n|move|p1b: Greg|Recycle|p1b: Greg\n|-item|p1b: Greg|Wiki Berry|[from] move: Recycle\n|move|p1a: Cleo|Moonlight|p1a: Cleo\n|-heal|p1a: Cleo|97\/100\n|move|p2b: Dragonite|Earthquake|p1a: Cleo|[spread] p1a,p1b\n|-immune|p2a: Corviknight\n|-supereffective|p1a: Cleo\n|-supereffective|p1b: Greg\n|-damage|p1a: Cleo|78\/100\n|-damage|p1b: Greg|8\/100\n|-enditem|p1b: Greg|Wiki Berry|[eat]\n|-heal|p1b: Greg|41\/100|[from] item: Wiki Berry\n|\n|upkeep\n|turn|13\n|\n|t:|1695252206\n|move|p2a: Corviknight|Bulk Up|p2a: Corviknight\n|-boost|p2a: Corviknight|atk|1\n|-boost|p2a: Corviknight|def|0\n|move|p1b: Greg|Acid Spray|p2b: Dragonite\n|-damage|p2b: Dragonite|70\/100 par\n|-unboost|p2b: Dragonite|spd|2\n|move|p1a: Cleo|Cosmic Power|p1a: Cleo\n|-boost|p1a: Cleo|def|1\n|-boost|p1a: Cleo|spd|1\n|move|p2b: Dragonite|Earthquake|p1b: Greg|[spread] p1a,p1b\n|-immune|p2a: Corviknight\n|-supereffective|p1a: Cleo\n|-supereffective|p1b: Greg\n|-damage|p1a: Cleo|62\/100\n|-damage|p1b: Greg|0 fnt\n|faint|p1b: Greg\n|\n|upkeep\n|turn|14\n|\n|t:|1695252229\n|move|p2a: Corviknight|Brave Bird|p1a: Cleo\n|-resisted|p1a: Cleo\n|-damage|p1a: Cleo|33\/100\n|-damage|p2a: Corviknight|82\/100|[from] Recoil\n|move|p1a: Cleo|Moonlight|p1a: Cleo\n|-heal|p1a: Cleo|83\/100\n|move|p2b: Dragonite|Earthquake|p1a: Cleo|[spread] p1a\n|-immune|p2a: Corviknight\n|-supereffective|p1a: Cleo\n|-damage|p1a: Cleo|67\/100\n|\n|upkeep\n|turn|15\n|\n|t:|1695252252\n|-terastallize|p2a: Corviknight|Flying\n|move|p2b: Dragonite|Extreme Speed|p1a: Cleo\n|-resisted|p1a: Cleo\n|-damage|p1a: Cleo|62\/100\n|move|p2a: Corviknight|Brave Bird|p1a: Cleo\n|-resisted|p1a: Cleo\n|-damage|p1a: Cleo|24\/100\n|-damage|p2a: Corviknight|72\/100|[from] Recoil\n|move|p1a: Cleo|Stored Power|p2b: Dragonite\n|-damage|p2b: Dragonite|0 fnt\n|faint|p2b: Dragonite\n|\n|upkeep\n|\n|t:|1695252266\n|switch|p2b: Lycanroc|Lycanroc-Dusk, M, shiny|100\/100\n|turn|16\n|\n|t:|1695252274\n|move|p2b: Lycanroc|Accelerock|p1a: Cleo\n|-resisted|p1a: Cleo\n|-damage|p1a: Cleo|20\/100\n|-damage|p2b: Lycanroc|91\/100|[from] item: Life Orb\n|move|p2a: Corviknight|Brave Bird|p1a: Cleo\n|-resisted|p1a: Cleo\n|-damage|p1a: Cleo|0 fnt\n|faint|p1a: Cleo\n|-damage|p2a: Corviknight|66\/100|[from] Recoil\n|\n|win|kyjin42\n|raw|Dalender's rating: 1000 &rarr; <strong>1000<\/strong><br \/>(+0 for losing)\n|raw|kyjin42's rating: 1042 &rarr; <strong>1072<\/strong><br \/>(+30 for winning)\n|l|\u2606Dalender\n","uploadtime":1695252291,"views":4,"p1id":"dalender","p2id":"kyjin42","formatid":"gen9nationaldexdoubles","rating":1000,"private":0,"password":""}