{"id":"gen9nationaldexdoubles-1954206954","p1":"HollowLime","p2":"CynthiasDom","format":"[Gen 9] National Dex Doubles","log":"|j|\u2606HollowLime\n|j|\u2606CynthiasDom\n|t:|1695864982\n|gametype|doubles\n|player|p1|HollowLime|169|1077\n|player|p2|CynthiasDom|cynthia-gen4|1056\n|teamsize|p1|6\n|teamsize|p2|6\n|gen|9\n|tier|[Gen 9] National Dex Doubles\n|rated|\n|rule|HP Percentage Mod: HP is shown in percentages\n|rule|Endless Battle Clause: Forcing endless battles is banned\n|rule|OHKO Clause: OHKO moves are banned\n|rule|Evasion Moves Clause: Evasion moves are banned\n|rule|Evasion Abilities Clause: Evasion abilities are banned\n|rule|Species Clause: Limit one of each Pok\u00e9mon\n|rule|Gravity Sleep Clause: The combination of sleep-inducing moves with imperfect accuracy and Gravity or Gigantamax Orbeetle are banned\n|clearpoke\n|poke|p1|Malamar, M|\n|poke|p1|Clefable, M|\n|poke|p1|Hydreigon, M|\n|poke|p1|Banette, F|\n|poke|p1|Decidueye-Hisui, F|\n|poke|p1|Clefairy, M|\n|poke|p2|Brambleghast, M|\n|poke|p2|Incineroar, F|\n|poke|p2|Noivern, F|\n|poke|p2|Urshifu-*, M|\n|poke|p2|Ogerpon-Cornerstone, F|\n|poke|p2|Alcremie-Rainbow-Swirl, F|\n|teampreview\n|inactive|Battle timer is ON: inactive players will automatically lose when time's up. (requested by CynthiasDom)\n|\n|t:|1695865010\n|start\n|switch|p1a: Decidueye|Decidueye-Hisui, F|100\/100\n|switch|p1b: Clefable|Clefable, M|100\/100\n|switch|p2a: Noivern|Noivern, F, shiny|100\/100\n|switch|p2b: Incineroar|Incineroar, F, shiny|100\/100\n|-ability|p2b: Incineroar|Intimidate|boost\n|-fail|p1a: Decidueye|unboost|Attack|[from] ability: Scrappy|[of] p1a: Decidueye\n|-unboost|p1b: Clefable|atk|1\n|turn|1\n|\n|t:|1695865027\n|move|p2b: Incineroar|Fake Out|p1a: Decidueye\n|-damage|p1a: Decidueye|87\/100\n|move|p1b: Clefable|Follow Me|p1b: Clefable\n|-singleturn|p1b: Clefable|move: Follow Me\n|move|p2a: Noivern|Tailwind|p2a: Noivern\n|-sidestart|p2: CynthiasDom|move: Tailwind\n|cant|p1a: Decidueye|flinch\n|\n|upkeep\n|turn|2\n|\n|t:|1695865048\n|switch|p2b: Brambleghast|Brambleghast, M, shiny|100\/100\n|-ability|p2b: Brambleghast|Wind Rider|boost\n|-boost|p2b: Brambleghast|atk|1\n|move|p1b: Clefable|Follow Me|p1b: Clefable\n|-singleturn|p1b: Clefable|move: Follow Me\n|move|p2a: Noivern|Boomburst|p1b: Clefable|[spread] p1a,p1b\n|-immune|p2b: Brambleghast\n|-enditem|p2a: Noivern|Normal Gem|[from] gem\n|-crit|p1b: Clefable\n|-damage|p1a: Decidueye|62\/100\n|-damage|p1b: Clefable|53\/100\n|move|p1a: Decidueye|Close Combat|p2b: Brambleghast\n|-damage|p2b: Brambleghast|0 fnt\n|-unboost|p1a: Decidueye|def|1\n|-unboost|p1a: Decidueye|spd|1\n|faint|p2b: Brambleghast\n|\n|-heal|p1b: Clefable|59\/100|[from] item: Leftovers\n|upkeep\n|inactive|CynthiasDom has 120 seconds left.\n|\n|t:|1695865064\n|switch|p2b: Incineroar|Incineroar, F, shiny|100\/100\n|-ability|p2b: Incineroar|Intimidate|boost\n|-fail|p1a: Decidueye|unboost|Attack|[from] ability: Scrappy|[of] p1a: Decidueye\n|-unboost|p1b: Clefable|atk|1\n|turn|3\n|inactive|CynthiasDom has 120 seconds left.\n|\n|t:|1695865091\n|-terastallize|p2a: Noivern|Normal\n|move|p2b: Incineroar|Fake Out|p1a: Decidueye\n|-damage|p1a: Decidueye|42\/100\n|move|p2a: Noivern|Boomburst|p1b: Clefable|[spread] p2b,p1a,p1b\n|-damage|p2b: Incineroar|68\/100\n|-damage|p1a: Decidueye|1\/100\n|-damage|p1b: Clefable|21\/100\n|move|p1b: Clefable|Heal Pulse|p1a: Decidueye\n|-heal|p1a: Decidueye|52\/100\n|cant|p1a: Decidueye|flinch\n|\n|-heal|p1b: Clefable|27\/100|[from] item: Leftovers\n|upkeep\n|turn|4\n|\n|t:|1695865109\n|move|p1b: Clefable|Follow Me|p1b: Clefable\n|-singleturn|p1b: Clefable|move: Follow Me\n|move|p2a: Noivern|Boomburst|p1a: Decidueye|[spread] p2b,p1a,p1b\n|-damage|p2b: Incineroar|34\/100\n|-damage|p1a: Decidueye|10\/100\n|-damage|p1b: Clefable|0 fnt\n|faint|p1b: Clefable\n|move|p2b: Incineroar|Flare Blitz|p1a: Decidueye\n|-supereffective|p1a: Decidueye\n|-damage|p1a: Decidueye|0 fnt\n|faint|p1a: Decidueye\n|-damage|p2b: Incineroar|31\/100|[from] Recoil\n|\n|-sideend|p2: CynthiasDom|move: Tailwind\n|upkeep\n|\n|t:|1695865125\n|switch|p1a: Banette|Banette, F|100\/100\n|switch|p1b: Hydreigon|Hydreigon, M|100\/100\n|-item|p2b: Incineroar|Safety Goggles|[from] ability: Frisk|[of] p1a: Banette|[identify]\n|turn|5\n|\n|t:|1695865140\n|switch|p2b: Ogerpon|Ogerpon-Cornerstone, F|100\/100\n|detailschange|p1a: Banette|Banette-Mega, F\n|-mega|p1a: Banette|Banette|Banettite\n|move|p2a: Noivern|Protect|p2a: Noivern\n|-singleturn|p2a: Noivern|Protect\n|move|p1a: Banette|Disable|p2a: Noivern\n|-activate|p2a: Noivern|move: Protect\n|move|p1b: Hydreigon|Draco Meteor|p2b: Ogerpon\n|-crit|p2b: Ogerpon\n|-ability|p2b: Ogerpon|Sturdy\n|-damage|p2b: Ogerpon|1\/100\n|-unboost|p1b: Hydreigon|spa|2\n|\n|upkeep\n|turn|6\n|\n|t:|1695865162\n|move|p2b: Ogerpon|Follow Me|p2b: Ogerpon\n|-singleturn|p2b: Ogerpon|move: Follow Me\n|move|p1a: Banette|Sucker Punch||[still]\n|-fail|p1a: Banette\n|move|p2a: Noivern|Tailwind|p2a: Noivern\n|-sidestart|p2: CynthiasDom|move: Tailwind\n|move|p1b: Hydreigon|Draco Meteor|p2b: Ogerpon\n|-damage|p2b: Ogerpon|0 fnt\n|-unboost|p1b: Hydreigon|spa|2\n|faint|p2b: Ogerpon\n|\n|upkeep\n|\n|t:|1695865177\n|switch|p2b: Urshifu|Urshifu-Rapid-Strike, M|100\/100\n|turn|7\n|\n|t:|1695865192\n|move|p1a: Banette|Will-O-Wisp|p2b: Urshifu\n|-status|p2b: Urshifu|brn\n|move|p2a: Noivern|Boomburst|p1b: Hydreigon|[spread] p2b,p1b\n|-immune|p1a: Banette\n|-damage|p2b: Urshifu|39\/100 brn\n|-damage|p1b: Hydreigon|72\/100\n|move|p2b: Urshifu|Surging Strikes|p1a: Banette\n|-crit|p1a: Banette\n|-damage|p1a: Banette|81\/100\n|-crit|p1a: Banette\n|-damage|p1a: Banette|62\/100\n|-crit|p1a: Banette\n|-damage|p1a: Banette|44\/100\n|-hitcount|p1a: Banette|3\n|move|p1b: Hydreigon|Dark Pulse|p2a: Noivern\n|-damage|p2a: Noivern|80\/100\n|\n|-damage|p2b: Urshifu|32\/100 brn|[from] brn\n|upkeep\n|turn|8\n|inactive|HollowLime has 120 seconds left.\n|\n|t:|1695865222\n|move|p2b: Urshifu|Detect|p2b: Urshifu\n|-singleturn|p2b: Urshifu|Protect\n|move|p1a: Banette|Disable|p2a: Noivern\n|-start|p2a: Noivern|Disable|Boomburst\n|move|p2a: Noivern|Hurricane|p1a: Banette\n|-damage|p1a: Banette|0 fnt\n|faint|p1a: Banette\n|move|p1b: Hydreigon|Draco Meteor|p2a: Noivern\n|-damage|p2a: Noivern|49\/100\n|-unboost|p1b: Hydreigon|spa|2\n|\n|-damage|p2b: Urshifu|26\/100 brn|[from] brn\n|upkeep\n|inactive|HollowLime has 120 seconds left.\n|\n|t:|1695865237\n|switch|p1a: Malamar|Malamar, M|100\/100\n|turn|9\n|inactive|HollowLime has 120 seconds left.\n|\n|t:|1695865261\n|move|p2a: Noivern|Protect|p2a: Noivern\n|-singleturn|p2a: Noivern|Protect\n|move|p2b: Urshifu|Surging Strikes|p1a: Malamar\n|-crit|p1a: Malamar\n|-damage|p1a: Malamar|91\/100\n|-crit|p1a: Malamar\n|-damage|p1a: Malamar|81\/100\n|-crit|p1a: Malamar\n|-damage|p1a: Malamar|72\/100\n|-hitcount|p1a: Malamar|3\n|move|p1b: Hydreigon|Dark Pulse|p2a: Noivern\n|-activate|p2a: Noivern|move: Protect\n|move|p1a: Malamar|Topsy-Turvy|p1b: Hydreigon\n|-invertboost|p1b: Hydreigon|[from] move: Topsy-Turvy\n|\n|-heal|p1a: Malamar|78\/100|[from] item: Leftovers\n|-damage|p2b: Urshifu|20\/100 brn|[from] brn\n|-sideend|p2: CynthiasDom|move: Tailwind\n|upkeep\n|turn|10\n|inactive|HollowLime has 120 seconds left.\n|\n|t:|1695865290\n|move|p2a: Noivern|Hurricane|p1b: Hydreigon\n|-damage|p1b: Hydreigon|41\/100\n|move|p2b: Urshifu|Close Combat|p1b: Hydreigon\n|-supereffective|p1b: Hydreigon\n|-damage|p1b: Hydreigon|0 fnt\n|-unboost|p2b: Urshifu|def|1\n|-unboost|p2b: Urshifu|spd|1\n|faint|p1b: Hydreigon\n|move|p1a: Malamar|Light Screen|p1a: Malamar\n|-sidestart|p1: HollowLime|move: Light Screen\n|\n|-heal|p1a: Malamar|84\/100|[from] item: Leftovers\n|-damage|p2b: Urshifu|14\/100 brn|[from] brn\n|upkeep\n|inactive|HollowLime has 120 seconds left.\n|\n|t:|1695865302\n|switch|p1b: Clefairy|Clefairy, M|100\/100\n|turn|11\n|\n|t:|1695865319\n|switch|p2a: Incineroar|Incineroar, F, shiny|31\/100\n|-ability|p2a: Incineroar|Intimidate|boost\n|-boost|p1a: Malamar|atk|1\n|-unboost|p1b: Clefairy|atk|1\n|switch|p2b: Alcremie|Alcremie-Rainbow-Swirl, F, shiny|100\/100\n|move|p1a: Malamar|Dark Pulse|p2b: Alcremie\n|-resisted|p2b: Alcremie\n|-damage|p2b: Alcremie|91\/100\n|move|p1b: Clefairy|Copycat|p1b: Clefairy\n|move|p1b: Clefairy|Dark Pulse|p2a: Incineroar|[from]move: Copycat\n|-resisted|p2a: Incineroar\n|-damage|p2a: Incineroar|27\/100\n|\n|-heal|p1a: Malamar|90\/100|[from] item: Leftovers\n|-heal|p2b: Alcremie|97\/100|[from] item: Leftovers\n|upkeep\n|turn|12\n|\n|t:|1695865347\n|move|p2a: Incineroar|Fake Out|p1a: Malamar\n|-damage|p1a: Malamar|79\/100\n|cant|p1a: Malamar|flinch\n|move|p2b: Alcremie|Encore||[still]\n|-fail|p2b: Alcremie\n|move|p1b: Clefairy|Metronome|p1b: Clefairy\n|move|p1b: Clefairy|Bitter Malice|p2a: Incineroar|[from]move: Metronome\n|-resisted|p2a: Incineroar\n|-damage|p2a: Incineroar|23\/100\n|-unboost|p2a: Incineroar|atk|1\n|\n|-heal|p1a: Malamar|85\/100|[from] item: Leftovers\n|-heal|p2b: Alcremie|100\/100|[from] item: Leftovers\n|upkeep\n|turn|13\n|\n|t:|1695865370\n|move|p2b: Alcremie|Protect|p2b: Alcremie\n|-singleturn|p2b: Alcremie|Protect\n|move|p1a: Malamar|Dark Pulse|p2a: Incineroar\n|-resisted|p2a: Incineroar\n|-damage|p2a: Incineroar|15\/100\n|move|p2a: Incineroar|Flare Blitz|p1a: Malamar\n|-damage|p1a: Malamar|55\/100\n|-damage|p2a: Incineroar|6\/100|[from] Recoil\n|move|p1b: Clefairy|Metronome|p1b: Clefairy\n|move|p1b: Clefairy|Tail Glow|p1b: Clefairy|[from]move: Metronome\n|-boost|p1b: Clefairy|spa|3\n|\n|-heal|p1a: Malamar|61\/100|[from] item: Leftovers\n|upkeep\n|turn|14\n|\n|t:|1695865389\n|switch|p2b: Urshifu|Urshifu-Rapid-Strike, M|14\/100 brn\n|move|p1a: Malamar|Dark Pulse|p2a: Incineroar\n|-resisted|p2a: Incineroar\n|-crit|p2a: Incineroar\n|-damage|p2a: Incineroar|0 fnt\n|faint|p2a: Incineroar\n|move|p1b: Clefairy|Metronome|p1b: Clefairy\n|move|p1b: Clefairy|Earth Power|p2b: Urshifu|[from]move: Metronome\n|-damage|p2b: Urshifu|0 fnt\n|faint|p2b: Urshifu\n|\n|-heal|p1a: Malamar|67\/100|[from] item: Leftovers\n|-sideend|p1: HollowLime|move: Light Screen\n|upkeep\n|\n|t:|1695865396\n|switch|p2b: Alcremie|Alcremie-Rainbow-Swirl, F, shiny|100\/100\n|switch|p2a: Noivern|Noivern, F, shiny, tera:Normal|49\/100\n|turn|15\n|\n|t:|1695865413\n|move|p2a: Noivern|Protect|p2a: Noivern\n|-singleturn|p2a: Noivern|Protect\n|move|p1a: Malamar|Light Screen|p1a: Malamar\n|-sidestart|p1: HollowLime|move: Light Screen\n|move|p2b: Alcremie|Decorate|p2a: Noivern\n|-boost|p2a: Noivern|atk|2\n|-boost|p2a: Noivern|spa|2\n|move|p1b: Clefairy|Metronome|p1b: Clefairy\n|move|p1b: Clefairy|Minimize|p1b: Clefairy|[from]move: Metronome\n|-boost|p1b: Clefairy|evasion|2\n|\n|-heal|p1a: Malamar|73\/100|[from] item: Leftovers\n|upkeep\n|turn|16\n|\n|t:|1695865434\n|move|p2a: Noivern|Boomburst|p1b: Clefairy|[spread] p2b,p1a\n|-miss|p2a: Noivern|p1b: Clefairy\n|-damage|p2b: Alcremie|25\/100\n|-damage|p1a: Malamar|0 fnt\n|faint|p1a: Malamar\n|move|p2b: Alcremie|Encore||[still]\n|-fail|p2b: Alcremie\n|move|p1b: Clefairy|Metronome|p1b: Clefairy\n|move|p1b: Clefairy|Iron Head|p2a: Noivern|[from]move: Metronome\n|-damage|p2a: Noivern|41\/100\n|\n|-heal|p2b: Alcremie|31\/100|[from] item: Leftovers\n|upkeep\n|turn|17\n|\n|t:|1695865449\n|move|p2a: Noivern|Protect|p2a: Noivern\n|-singleturn|p2a: Noivern|Protect\n|move|p2b: Alcremie|Decorate|p2a: Noivern\n|-boost|p2a: Noivern|atk|2\n|-boost|p2a: Noivern|spa|2\n|move|p1b: Clefairy|Metronome|p1b: Clefairy\n|move|p1b: Clefairy|Endeavor|p2b: Alcremie|[from]move: Metronome\n|-immune|p2b: Alcremie\n|\n|-heal|p2b: Alcremie|37\/100|[from] item: Leftovers\n|upkeep\n|turn|18\n|\n|t:|1695865464\n|move|p2a: Noivern|Hurricane|p1b: Clefairy|[miss]\n|-miss|p2a: Noivern|p1b: Clefairy\n|move|p2b: Alcremie|Decorate|p2a: Noivern\n|-boost|p2a: Noivern|atk|2\n|-boost|p2a: Noivern|spa|2\n|move|p1b: Clefairy|Metronome|p1b: Clefairy\n|move|p1b: Clefairy|Wrap|p2a: Noivern|[from]move: Metronome\n|-damage|p2a: Noivern|40\/100\n|-activate|p2a: Noivern|move: Wrap|[of] p1b: Clefairy\n|\n|-heal|p2b: Alcremie|43\/100|[from] item: Leftovers\n|-damage|p2a: Noivern|27\/100|[from] move: Wrap|[partiallytrapped]\n|upkeep\n|turn|19\n|\n|t:|1695865477\n|move|p2b: Alcremie|Protect|p2b: Alcremie\n|-singleturn|p2b: Alcremie|Protect\n|move|p2a: Noivern|Boomburst|p1b: Clefairy|[spread] \n|-activate|p2b: Alcremie|move: Protect\n|-miss|p2a: Noivern|p1b: Clefairy\n|move|p1b: Clefairy|Copycat|p1b: Clefairy\n|move|p1b: Clefairy|Boomburst|p2a: Noivern|[from]move: Copycat|[spread] p2a\n|-activate|p2b: Alcremie|move: Protect\n|-damage|p2a: Noivern|0 fnt\n|faint|p2a: Noivern\n|\n|-heal|p2b: Alcremie|49\/100|[from] item: Leftovers\n|-sideend|p1: HollowLime|move: Light Screen\n|upkeep\n|turn|20\n|\n|t:|1695865492\n|move|p2b: Alcremie|Dazzling Gleam|p1b: Clefairy\n|-crit|p1b: Clefairy\n|-damage|p1b: Clefairy|62\/100\n|move|p1b: Clefairy|Metronome|p1b: Clefairy\n|move|p1b: Clefairy|Slam|p2b: Alcremie|[from]move: Metronome\n|-crit|p2b: Alcremie\n|-damage|p2b: Alcremie|37\/100\n|\n|-heal|p2b: Alcremie|43\/100|[from] item: Leftovers\n|upkeep\n|turn|21\n|\n|t:|1695865504\n|-terastallize|p1b: Clefairy|Fairy\n|move|p2b: Alcremie|Dazzling Gleam|p1b: Clefairy\n|-crit|p1b: Clefairy\n|-damage|p1b: Clefairy|25\/100\n|move|p1b: Clefairy|Metronome|p1b: Clefairy\n|move|p1b: Clefairy|Circle Throw|p2b: Alcremie|[from]move: Metronome|[miss]\n|-miss|p1b: Clefairy|p2b: Alcremie\n|\n|-heal|p2b: Alcremie|49\/100|[from] item: Leftovers\n|upkeep\n|turn|22\n|\n|t:|1695865516\n|move|p1b: Clefairy|Endure|p1b: Clefairy\n|-singleturn|p1b: Clefairy|move: Endure\n|move|p2b: Alcremie|Dazzling Gleam|p1b: Clefairy|[miss]\n|-miss|p2b: Alcremie|p1b: Clefairy\n|\n|-heal|p2b: Alcremie|55\/100|[from] item: Leftovers\n|upkeep\n|turn|23\n|\n|t:|1695865523\n|move|p2b: Alcremie|Dazzling Gleam|p1b: Clefairy|[miss]\n|-miss|p2b: Alcremie|p1b: Clefairy\n|move|p1b: Clefairy|Metronome|p1b: Clefairy\n|move|p1b: Clefairy|Lunar Blessing|p1b: Clefairy|[from]move: Metronome\n|-heal|p1b: Clefairy|49\/100\n|\n|-heal|p2b: Alcremie|61\/100|[from] item: Leftovers\n|upkeep\n|turn|24\n|\n|t:|1695865532\n|move|p2b: Alcremie|Dazzling Gleam|p1b: Clefairy|[miss]\n|-miss|p2b: Alcremie|p1b: Clefairy\n|move|p1b: Clefairy|Metronome|p1b: Clefairy\n|move|p1b: Clefairy|Metal Burst||[from]move: Metronome|[still]\n|-fail|p1b: Clefairy\n|\n|-heal|p2b: Alcremie|67\/100|[from] item: Leftovers\n|upkeep\n|turn|25\n|\n|t:|1695865541\n|move|p2b: Alcremie|Protect|p2b: Alcremie\n|-singleturn|p2b: Alcremie|Protect\n|move|p1b: Clefairy|Metronome|p1b: Clefairy\n|move|p1b: Clefairy|Facade|p2b: Alcremie|[from]move: Metronome\n|-activate|p2b: Alcremie|move: Protect\n|\n|-heal|p2b: Alcremie|73\/100|[from] item: Leftovers\n|upkeep\n|turn|26\n|\n|t:|1695865550\n|move|p2b: Alcremie|Dazzling Gleam|p1b: Clefairy|[miss]\n|-miss|p2b: Alcremie|p1b: Clefairy\n|move|p1b: Clefairy|Metronome|p1b: Clefairy\n|move|p1b: Clefairy|Moonlight|p1b: Clefairy|[from]move: Metronome\n|-heal|p1b: Clefairy|99\/100\n|\n|-heal|p2b: Alcremie|79\/100|[from] item: Leftovers\n|upkeep\n|turn|27\n|\n|t:|1695865558\n|move|p2b: Alcremie|Decorate|p2: Noivern|[notarget]\n|-fail|p2b: Alcremie\n|move|p1b: Clefairy|Metronome|p1b: Clefairy\n|move|p1b: Clefairy|Leafage|p2b: Alcremie|[from]move: Metronome\n|-damage|p2b: Alcremie|76\/100\n|\n|-heal|p2b: Alcremie|82\/100|[from] item: Leftovers\n|upkeep\n|turn|28\n|\n|t:|1695865566\n|move|p2b: Alcremie|Protect|p2b: Alcremie\n|-singleturn|p2b: Alcremie|Protect\n|move|p1b: Clefairy|Metronome|p1b: Clefairy\n|move|p1b: Clefairy|Stockpile|p1b: Clefairy|[from]move: Metronome\n|-start|p1b: Clefairy|stockpile1\n|-boost|p1b: Clefairy|def|1\n|-boost|p1b: Clefairy|spd|1\n|\n|-heal|p2b: Alcremie|88\/100|[from] item: Leftovers\n|upkeep\n|turn|29\n|\n|t:|1695865575\n|move|p2b: Alcremie|Dazzling Gleam|p1b: Clefairy|[miss]\n|-miss|p2b: Alcremie|p1b: Clefairy\n|move|p1b: Clefairy|Metronome|p1b: Clefairy\n|move|p1b: Clefairy|Heal Pulse|p2b: Alcremie|[from]move: Metronome\n|-heal|p2b: Alcremie|100\/100\n|\n|upkeep\n|turn|30\n|\n|t:|1695865586\n|move|p2b: Alcremie|Dazzling Gleam|p1b: Clefairy|[miss]\n|-miss|p2b: Alcremie|p1b: Clefairy\n|move|p1b: Clefairy|Copycat|p1b: Clefairy\n|move|p1b: Clefairy|Dazzling Gleam|p2b: Alcremie|[from]move: Copycat\n|-damage|p2b: Alcremie|46\/100\n|\n|-heal|p2b: Alcremie|52\/100|[from] item: Leftovers\n|upkeep\n|turn|31\n|\n|t:|1695865594\n|move|p2b: Alcremie|Decorate|p1b: Clefairy\n|-boost|p1b: Clefairy|atk|2\n|-boost|p1b: Clefairy|spa|2\n|move|p1b: Clefairy|Copycat|p1b: Clefairy\n|move|p1b: Clefairy|Decorate|p2b: Alcremie|[from]move: Copycat\n|-boost|p2b: Alcremie|atk|2\n|-boost|p2b: Alcremie|spa|2\n|\n|-heal|p2b: Alcremie|58\/100|[from] item: Leftovers\n|upkeep\n|turn|32\n|\n|t:|1695865603\n|move|p2b: Alcremie|Protect|p2b: Alcremie\n|-singleturn|p2b: Alcremie|Protect\n|move|p1b: Clefairy|Copycat||[still]\n|-fail|p1b: Clefairy\n|\n|-heal|p2b: Alcremie|64\/100|[from] item: Leftovers\n|upkeep\n|turn|33\n|\n|t:|1695865609\n|move|p2b: Alcremie|Decorate|p1b: Clefairy\n|-boost|p1b: Clefairy|atk|2\n|-boost|p1b: Clefairy|spa|1\n|move|p1b: Clefairy|Copycat|p1b: Clefairy\n|move|p1b: Clefairy|Decorate|p2b: Alcremie|[from]move: Copycat\n|-boost|p2b: Alcremie|atk|2\n|-boost|p2b: Alcremie|spa|2\n|\n|-heal|p2b: Alcremie|70\/100|[from] item: Leftovers\n|upkeep\n|turn|34\n|\n|t:|1695865618\n|move|p2b: Alcremie|Decorate|p1b: Clefairy\n|-boost|p1b: Clefairy|atk|2\n|-boost|p1b: Clefairy|spa|0\n|move|p1b: Clefairy|Copycat|p1b: Clefairy\n|move|p1b: Clefairy|Decorate|p2b: Alcremie|[from]move: Copycat\n|-boost|p2b: Alcremie|atk|2\n|-boost|p2b: Alcremie|spa|2\n|\n|-heal|p2b: Alcremie|76\/100|[from] item: Leftovers\n|upkeep\n|turn|35\n|\n|t:|1695865627\n|move|p2b: Alcremie|Encore|p1b: Clefairy|[miss]\n|-miss|p2b: Alcremie|p1b: Clefairy\n|move|p1b: Clefairy|Copycat|p1b: Clefairy\n|move|p1b: Clefairy|Encore|p2b: Alcremie|[from]move: Copycat\n|-block|p2b: Alcremie|ability: Aroma Veil|[of] p2b: Alcremie\n|\n|-heal|p2b: Alcremie|82\/100|[from] item: Leftovers\n|upkeep\n|turn|36\n|\n|t:|1695865634\n|move|p2b: Alcremie|Encore|p1b: Clefairy|[miss]\n|-miss|p2b: Alcremie|p1b: Clefairy\n|move|p1b: Clefairy|Copycat|p1b: Clefairy\n|move|p1b: Clefairy|Encore|p2b: Alcremie|[from]move: Copycat\n|-block|p2b: Alcremie|ability: Aroma Veil|[of] p2b: Alcremie\n|\n|-heal|p2b: Alcremie|88\/100|[from] item: Leftovers\n|upkeep\n|turn|37\n|\n|t:|1695865641\n|move|p1b: Clefairy|Follow Me|p1b: Clefairy\n|-singleturn|p1b: Clefairy|move: Follow Me\n|move|p2b: Alcremie|Encore|p1b: Clefairy\n|-start|p1b: Clefairy|Encore\n|\n|-heal|p2b: Alcremie|94\/100|[from] item: Leftovers\n|upkeep\n|turn|38\n|\n|t:|1695865646\n|move|p1b: Clefairy|Follow Me|p1b: Clefairy\n|-singleturn|p1b: Clefairy|move: Follow Me\n|move|p2b: Alcremie|Dazzling Gleam|p1b: Clefairy|[miss]\n|-miss|p2b: Alcremie|p1b: Clefairy\n|\n|-heal|p2b: Alcremie|99\/100|[from] item: Leftovers\n|upkeep\n|turn|39\n|\n|t:|1695865652\n|move|p1b: Clefairy|Follow Me|p1b: Clefairy\n|-singleturn|p1b: Clefairy|move: Follow Me\n|move|p2b: Alcremie|Dazzling Gleam|p1b: Clefairy\n|-damage|p1b: Clefairy|32\/100\n|\n|-heal|p2b: Alcremie|100\/100|[from] item: Leftovers\n|upkeep\n|turn|40\n|\n|t:|1695865658\n|move|p1b: Clefairy|Follow Me|p1b: Clefairy\n|-singleturn|p1b: Clefairy|move: Follow Me\n|move|p2b: Alcremie|Dazzling Gleam|p1b: Clefairy\n|-damage|p1b: Clefairy|0 fnt\n|faint|p1b: Clefairy\n|\n|win|CynthiasDom\n|raw|HollowLime's rating: 1077 &rarr; <strong>1054<\/strong><br \/>(-23 for losing)\n|raw|CynthiasDom's rating: 1056 &rarr; <strong>1090<\/strong><br \/>(+34 for winning)\n","uploadtime":1695865666,"views":7,"p1id":"hollowlime","p2id":"cynthiasdom","formatid":"gen9nationaldexdoubles","rating":1054,"private":0,"password":""}