{"id":"gen9nationaldexdoubles-1963343002","p1":"121coo","p2":"Beyond Subzero","format":"[Gen 9] National Dex Doubles","log":"|j|\u2606121coo\n|j|\u2606Beyond Subzero\n|t:|1696859591\n|gametype|doubles\n|player|p1|121coo|cynthia-gen4|1179\n|player|p2|Beyond Subzero|bruno|1315\n|teamsize|p1|6\n|teamsize|p2|6\n|gen|9\n|tier|[Gen 9] National Dex Doubles\n|rated|\n|rule|HP Percentage Mod: HP is shown in percentages\n|rule|Endless Battle Clause: Forcing endless battles is banned\n|rule|OHKO Clause: OHKO moves are banned\n|rule|Evasion Moves Clause: Evasion moves are banned\n|rule|Evasion Abilities Clause: Evasion abilities are banned\n|rule|Species Clause: Limit one of each Pok\u00e9mon\n|rule|Gravity Sleep Clause: The combination of sleep-inducing moves with imperfect accuracy and Gravity or Gigantamax Orbeetle are banned\n|clearpoke\n|poke|p1|Garchomp, F|\n|poke|p1|Pachirisu, M|\n|poke|p1|Indeedee-F, F|\n|poke|p1|Amoonguss, M|\n|poke|p1|Blastoise, F|\n|poke|p1|Clefable, M|\n|poke|p2|Steelix, F|\n|poke|p2|Cresselia, F|\n|poke|p2|Volcanion|\n|poke|p2|Zamazenta-*|\n|poke|p2|Zygarde|\n|poke|p2|Rillaboom, F|\n|teampreview\n|\n|t:|1696859606\n|start\n|switch|p1a: Garchomp|Garchomp, F|100\/100\n|switch|p1b: Pachirisu|Pachirisu, M|100\/100\n|switch|p2a: Steelix|Steelix, F|100\/100\n|switch|p2b: Cresselia|Cresselia, F|100\/100\n|turn|1\n|\n|t:|1696859631\n|switch|p2a: Rillaboom|Rillaboom, F|100\/100\n|-fieldstart|move: Grassy Terrain|[from] ability: Grassy Surge|[of] p2a: Rillaboom\n|move|p1b: Pachirisu|Follow Me|p1b: Pachirisu\n|-singleturn|p1b: Pachirisu|move: Follow Me\n|move|p1a: Garchomp|Swords Dance|p1a: Garchomp\n|-boost|p1a: Garchomp|atk|2\n|move|p2b: Cresselia|Lunar Blessing||[still]|[spread] \n|-fail|p2b: Cresselia\n|\n|upkeep\n|turn|2\n|\n|t:|1696859653\n|move|p1b: Pachirisu|Follow Me|p1b: Pachirisu\n|-singleturn|p1b: Pachirisu|move: Follow Me\n|move|p1a: Garchomp|Swords Dance|p1a: Garchomp\n|-boost|p1a: Garchomp|atk|2\n|move|p2a: Rillaboom|Wood Hammer|p1b: Pachirisu\n|-enditem|p1b: Pachirisu|Focus Sash\n|-damage|p1b: Pachirisu|1\/100\n|-damage|p2a: Rillaboom|74\/100|[from] Recoil\n|move|p2b: Cresselia|Psychic|p1b: Pachirisu\n|-damage|p1b: Pachirisu|0 fnt\n|faint|p1b: Pachirisu\n|\n|-heal|p2a: Rillaboom|80\/100|[from] Grassy Terrain\n|upkeep\n|\n|t:|1696859670\n|switch|p1b: Indeedee|Indeedee-F, F|100\/100\n|-fieldstart|move: Psychic Terrain|[from] ability: Psychic Surge|[of] p1b: Indeedee\n|turn|3\n|\n|t:|1696859681\n|move|p1b: Indeedee|Follow Me|p1b: Indeedee\n|-singleturn|p1b: Indeedee|move: Follow Me\n|move|p1a: Garchomp|Swords Dance|p1a: Garchomp\n|-boost|p1a: Garchomp|atk|2\n|move|p2a: Rillaboom|Grassy Glide|p1b: Indeedee\n|-damage|p1b: Indeedee|46\/100\n|move|p2b: Cresselia|Trick Room|p2b: Cresselia\n|-fieldstart|move: Trick Room|[of] p2b: Cresselia\n|\n|-heal|p1b: Indeedee|52\/100|[from] item: Leftovers\n|upkeep\n|turn|4\n|\n|t:|1696859700\n|move|p1b: Indeedee|Follow Me|p1b: Indeedee\n|-singleturn|p1b: Indeedee|move: Follow Me\n|move|p2b: Cresselia|Psychic|p1b: Indeedee\n|-resisted|p1b: Indeedee\n|-damage|p1b: Indeedee|37\/100\n|move|p2a: Rillaboom|U-turn|p1b: Indeedee\n|-supereffective|p1b: Indeedee\n|-damage|p1b: Indeedee|0 fnt\n|faint|p1b: Indeedee\n|\n|t:|1696859713\n|switch|p2a: Zygarde|Zygarde|100\/100|[from] U-turn\n|-ability|p2a: Zygarde|Aura Break\n|move|p1a: Garchomp|Aqua Tail|p2b: Cresselia\n|-damage|p2b: Cresselia|13\/100\n|\n|upkeep\n|\n|t:|1696859723\n|switch|p1b: Clefable|Clefable, M|100\/100\n|turn|5\n|\n|t:|1696859730\n|move|p1b: Clefable|Follow Me|p1b: Clefable\n|-singleturn|p1b: Clefable|move: Follow Me\n|move|p2b: Cresselia|Lunar Blessing|p2b: Cresselia|[spread] p2a,p2b\n|-heal|p2b: Cresselia|38\/100\n|move|p2a: Zygarde|Thousand Arrows|p1a: Garchomp|[spread] p1a,p1b\n|-damage|p1a: Garchomp|73\/100\n|-damage|p1b: Clefable|69\/100\n|move|p1a: Garchomp|Aqua Tail|p2b: Cresselia\n|-damage|p2b: Cresselia|0 fnt\n|faint|p2b: Cresselia\n|\n|-heal|p1b: Clefable|75\/100|[from] item: Leftovers\n|-heal|p1a: Garchomp|80\/100|[from] item: Leftovers\n|upkeep\n|\n|t:|1696859744\n|switch|p2b: Rillaboom|Rillaboom, F|80\/100\n|-fieldstart|move: Grassy Terrain|[from] ability: Grassy Surge|[of] p2b: Rillaboom\n|turn|6\n|\n|t:|1696859756\n|-terastallize|p1a: Garchomp|Water\n|move|p2b: Rillaboom|Fake Out|p1a: Garchomp\n|-damage|p1a: Garchomp|64\/100\n|-damage|p2b: Rillaboom|68\/100|[from] ability: Rough Skin|[of] p1a: Garchomp\n|move|p1b: Clefable|Follow Me|p1b: Clefable\n|-singleturn|p1b: Clefable|move: Follow Me\n|move|p2a: Zygarde|Dragon Dance|p2a: Zygarde\n|-boost|p2a: Zygarde|atk|1\n|-boost|p2a: Zygarde|spe|1\n|cant|p1a: Garchomp|flinch\n|\n|-heal|p1b: Clefable|81\/100|[from] Grassy Terrain\n|-heal|p1b: Clefable|88\/100|[from] item: Leftovers\n|-heal|p2b: Rillaboom|74\/100|[from] Grassy Terrain\n|-heal|p1a: Garchomp|70\/100|[from] Grassy Terrain\n|-heal|p1a: Garchomp|76\/100|[from] item: Leftovers\n|upkeep\n|turn|7\n|\n|t:|1696859786\n|switch|p2b: Zamazenta|Zamazenta|100\/100\n|-ability|p2b: Zamazenta|Dauntless Shield|boost\n|-boost|p2b: Zamazenta|def|1\n|move|p1b: Clefable|Follow Me|p1b: Clefable\n|-singleturn|p1b: Clefable|move: Follow Me\n|move|p1a: Garchomp|Aqua Tail|p2b: Zamazenta\n|-damage|p2b: Zamazenta|0 fnt\n|faint|p2b: Zamazenta\n|move|p2a: Zygarde|Thousand Arrows|p1a: Garchomp|[spread] p1a,p1b\n|-damage|p1a: Garchomp|35\/100\n|-damage|p1b: Clefable|41\/100\n|\n|-heal|p1b: Clefable|47\/100|[from] Grassy Terrain\n|-heal|p1b: Clefable|53\/100|[from] item: Leftovers\n|-heal|p1a: Garchomp|41\/100|[from] Grassy Terrain\n|-heal|p1a: Garchomp|47\/100|[from] item: Leftovers\n|-fieldend|move: Trick Room\n|upkeep\n|\n|t:|1696859802\n|switch|p2b: Rillaboom|Rillaboom, F|74\/100\n|turn|8\n|\n|t:|1696859814\n|move|p1a: Garchomp|Protect|p1a: Garchomp\n|-singleturn|p1a: Garchomp|Protect\n|move|p2b: Rillaboom|Fake Out|p1a: Garchomp\n|-activate|p1a: Garchomp|move: Protect\n|move|p2a: Zygarde|Thousand Arrows|p1b: Clefable|[spread] p1b\n|-activate|p1a: Garchomp|move: Protect\n|-damage|p1b: Clefable|9\/100\n|move|p1b: Clefable|Dazzling Gleam|p2b: Rillaboom|[spread] p2a,p2b\n|-supereffective|p2a: Zygarde\n|-damage|p2a: Zygarde|56\/100\n|-damage|p2b: Rillaboom|54\/100\n|\n|-heal|p2a: Zygarde|62\/100|[from] Grassy Terrain\n|-heal|p1a: Garchomp|54\/100|[from] Grassy Terrain\n|-heal|p1a: Garchomp|60\/100|[from] item: Leftovers\n|-heal|p2b: Rillaboom|61\/100|[from] Grassy Terrain\n|-heal|p1b: Clefable|15\/100|[from] Grassy Terrain\n|-heal|p1b: Clefable|21\/100|[from] item: Leftovers\n|upkeep\n|turn|9\n|\n|t:|1696859838\n|move|p1b: Clefable|Follow Me|p1b: Clefable\n|-singleturn|p1b: Clefable|move: Follow Me\n|move|p2a: Zygarde|Thousand Arrows|p1b: Clefable|[spread] p1a,p1b\n|-damage|p1a: Garchomp|20\/100\n|-damage|p1b: Clefable|0 fnt\n|faint|p1b: Clefable\n|move|p1a: Garchomp|Aqua Tail|p2b: Rillaboom\n|-resisted|p2b: Rillaboom\n|-damage|p2b: Rillaboom|0 fnt\n|faint|p2b: Rillaboom\n|\n|-heal|p2a: Zygarde|68\/100|[from] Grassy Terrain\n|-heal|p1a: Garchomp|26\/100|[from] Grassy Terrain\n|-heal|p1a: Garchomp|32\/100|[from] item: Leftovers\n|upkeep\n|\n|t:|1696859854\n|switch|p2b: Volcanion|Volcanion|100\/100\n|switch|p1b: Amoonguss|Amoonguss, M|100\/100\n|turn|10\n|\n|t:|1696859869\n|move|p1a: Garchomp|Protect|p1a: Garchomp\n|-singleturn|p1a: Garchomp|Protect\n|move|p2a: Zygarde|Thousand Arrows|p1a: Garchomp|[spread] p1b\n|-activate|p1a: Garchomp|move: Protect\n|-damage|p1b: Amoonguss|53\/100\n|move|p2b: Volcanion|Flamethrower|p1b: Amoonguss\n|-supereffective|p1b: Amoonguss\n|-damage|p1b: Amoonguss|0 fnt\n|faint|p1b: Amoonguss\n|\n|-heal|p2a: Zygarde|74\/100|[from] Grassy Terrain\n|-heal|p1a: Garchomp|38\/100|[from] Grassy Terrain\n|-heal|p1a: Garchomp|45\/100|[from] item: Leftovers\n|-fieldend|move: Grassy Terrain\n|upkeep\n|\n|t:|1696859885\n|switch|p1b: Blastoise|Blastoise, F|100\/100\n|turn|11\n|\n|t:|1696859901\n|-terastallize|p2b: Volcanion|Grass\n|move|p1b: Blastoise|Follow Me|p1b: Blastoise\n|-singleturn|p1b: Blastoise|move: Follow Me\n|move|p2a: Zygarde|Thousand Arrows|p1a: Garchomp|[spread] p1a,p1b\n|-damage|p1a: Garchomp|5\/100\n|-damage|p1b: Blastoise|57\/100\n|move|p1a: Garchomp|Aqua Tail|p2a: Zygarde\n|-damage|p2a: Zygarde|0 fnt\n|faint|p2a: Zygarde\n|move|p2b: Volcanion|Steam Eruption|p1b: Blastoise\n|-resisted|p1b: Blastoise\n|-damage|p1b: Blastoise|38\/100\n|\n|-heal|p1a: Garchomp|11\/100|[from] item: Leftovers\n|-heal|p1b: Blastoise|44\/100|[from] item: Leftovers\n|upkeep\n|\n|t:|1696859915\n|switch|p2a: Steelix|Steelix, F|100\/100\n|turn|12\n|\n|t:|1696859923\n|detailschange|p2a: Steelix|Steelix-Mega, F\n|-mega|p2a: Steelix|Steelix|Steelixite\n|move|p2a: Steelix|Protect|p2a: Steelix\n|-singleturn|p2a: Steelix|Protect\n|move|p1b: Blastoise|Follow Me|p1b: Blastoise\n|-singleturn|p1b: Blastoise|move: Follow Me\n|move|p1a: Garchomp|Aqua Tail|p2a: Steelix\n|-activate|p2a: Steelix|move: Protect\n|move|p2b: Volcanion|Heat Wave|p1a: Garchomp|[spread] p1b\n|-miss|p2b: Volcanion|p1a: Garchomp\n|-resisted|p1b: Blastoise\n|-damage|p1b: Blastoise|31\/100\n|\n|-heal|p1a: Garchomp|18\/100|[from] item: Leftovers\n|-heal|p1b: Blastoise|38\/100|[from] item: Leftovers\n|upkeep\n|turn|13\n|\n|t:|1696859949\n|move|p1b: Blastoise|Follow Me|p1b: Blastoise\n|-singleturn|p1b: Blastoise|move: Follow Me\n|move|p1a: Garchomp|Aqua Tail|p2b: Volcanion\n|-immune|p2b: Volcanion|[from] ability: Water Absorb\n|move|p2b: Volcanion|Steam Eruption|p1b: Blastoise\n|-resisted|p1b: Blastoise\n|-damage|p1b: Blastoise|18\/100\n|move|p2a: Steelix|Gyro Ball|p1b: Blastoise\n|-resisted|p1b: Blastoise\n|-damage|p1b: Blastoise|0 fnt\n|faint|p1b: Blastoise\n|\n|-heal|p1a: Garchomp|24\/100|[from] item: Leftovers\n|upkeep\n|turn|14\n|-message|121coo forfeited.\n|\n|win|Beyond Subzero\n|raw|121coo's rating: 1179 &rarr; <strong>1163<\/strong><br \/>(-16 for losing)\n|raw|Beyond Subzero's rating: 1315 &rarr; <strong>1328<\/strong><br \/>(+13 for winning)\n|l|\u2606121coo\n","uploadtime":1696859984,"views":9,"p1id":"121coo","p2id":"beyondsubzero","formatid":"gen9nationaldexdoubles","rating":1163,"private":0,"password":""}