{"id":"gen9nationaldexdoubles-1975302118","p1":"LightOfTheRuin","p2":"brotheater","format":"[Gen 9] National Dex Doubles","log":"|j|\u2606LightOfTheRuin\n|j|\u2606brotheater\n|t:|1698177948\n|gametype|doubles\n|player|p1|LightOfTheRuin|wallace|1122\n|player|p2|brotheater|101|1131\n|teamsize|p1|6\n|teamsize|p2|6\n|gen|9\n|tier|[Gen 9] National Dex Doubles\n|rated|\n|rule|HP Percentage Mod: HP is shown in percentages\n|rule|Endless Battle Clause: Forcing endless battles is banned\n|rule|OHKO Clause: OHKO moves are banned\n|rule|Evasion Moves Clause: Evasion moves are banned\n|rule|Evasion Abilities Clause: Evasion abilities are banned\n|rule|Species Clause: Limit one of each Pok\u00e9mon\n|rule|Gravity Sleep Clause: The combination of sleep-inducing moves with imperfect accuracy and Gravity or Gigantamax Orbeetle are banned\n|clearpoke\n|poke|p1|Cherrim, M|\n|poke|p1|Lurantis, F|\n|poke|p1|Heliolisk, M|\n|poke|p1|Charizard, F|\n|poke|p1|Malamar, F|\n|poke|p1|Revavroom, F|\n|poke|p2|Dhelmise|\n|poke|p2|Perrserker, F|\n|poke|p2|Sinistcha|\n|poke|p2|Tyranitar, F|\n|poke|p2|Glimmora, F|\n|poke|p2|Amoonguss, M|\n|teampreview\n|\n|t:|1698177955\n|start\n|switch|p1a: Lurantis|Lurantis, F|100\/100\n|switch|p1b: Cherrim|Cherrim, M|100\/100\n|switch|p2a: Glimmora|Glimmora, F, shiny|100\/100\n|switch|p2b: Sinistcha|Sinistcha|100\/100\n|turn|1\n|\n|t:|1698177983\n|switch|p1a: Revavroom|Revavroom, F|100\/100\n|-item|p1a: Revavroom|Air Balloon\n|move|p1b: Cherrim|Protect|p1b: Cherrim\n|-singleturn|p1b: Cherrim|Protect\n|move|p2a: Glimmora|Mortal Spin|p1b: Cherrim|[spread] \n|-activate|p1b: Cherrim|move: Protect\n|-immune|p1a: Revavroom\n|move|p2b: Sinistcha|Trick Room|p2b: Sinistcha\n|-fieldstart|move: Trick Room|[of] p2b: Sinistcha\n|\n|upkeep\n|turn|2\n|\n|t:|1698178017\n|move|p2b: Sinistcha|Strength Sap|p1a: Revavroom\n|-unboost|p1a: Revavroom|atk|1\n|move|p2a: Glimmora|Stealth Rock|p1a: Revavroom\n|-sidestart|p1: LightOfTheRuin|move: Stealth Rock\n|move|p1a: Revavroom|High Horsepower|p2a: Glimmora\n|-supereffective|p2a: Glimmora\n|-damage|p2a: Glimmora|32\/100\n|-activate|p2a: Glimmora|ability: Toxic Debris\n|-sidestart|p1: LightOfTheRuin|move: Toxic Spikes\n|move|p1b: Cherrim|Tickle|p2a: Glimmora\n|-unboost|p2a: Glimmora|atk|1\n|-unboost|p2a: Glimmora|def|1\n|\n|upkeep\n|turn|3\n|\n|t:|1698178038\n|switch|p2b: Perrserker|Perrserker, F|100\/100\n|switch|p2a: Dhelmise|Dhelmise, shiny|100\/100\n|move|p1b: Cherrim|Protect|p1b: Cherrim\n|-singleturn|p1b: Cherrim|Protect\n|move|p1a: Revavroom|High Horsepower|p2a: Dhelmise\n|-resisted|p2a: Dhelmise\n|-damage|p2a: Dhelmise|90\/100\n|\n|upkeep\n|turn|4\n|\n|t:|1698178060\n|-terastallize|p2a: Dhelmise|Steel\n|move|p2a: Dhelmise|Poltergeist|p1a: Revavroom\n|-activate|p1a: Revavroom|move: Poltergeist|Air Balloon\n|-damage|p1a: Revavroom|22\/100\n|-enditem|p1a: Revavroom|Air Balloon\n|move|p2b: Perrserker|Curse|p2b: Perrserker\n|-unboost|p2b: Perrserker|spe|1\n|-boost|p2b: Perrserker|atk|1\n|-boost|p2b: Perrserker|def|1\n|move|p1a: Revavroom|Parting Shot|p2a: Dhelmise\n|-unboost|p2a: Dhelmise|atk|1\n|-unboost|p2a: Dhelmise|spa|1\n|\n|t:|1698178074\n|switch|p1a: Charizard|Charizard, F|100\/100|[from] Parting Shot\n|-damage|p1a: Charizard|51\/100|[from] Stealth Rock\n|move|p1b: Cherrim|Tickle|p2b: Perrserker\n|-unboost|p2b: Perrserker|atk|1\n|-unboost|p2b: Perrserker|def|1\n|\n|upkeep\n|turn|5\n|\n|t:|1698178092\n|switch|p2b: Sinistcha|Sinistcha|100\/100\n|-heal|p2a: Dhelmise|100\/100|[from] ability: Hospitality|[of] p2b: Sinistcha\n|switch|p2a: Tyranitar|Tyranitar, F|100\/100\n|-weather|Sandstorm|[from] ability: Sand Stream|[of] p2a: Tyranitar\n|detailschange|p1a: Charizard|Charizard-Mega-Y, F\n|-mega|p1a: Charizard|Charizard|Charizardite Y\n|-weather|SunnyDay|[from] ability: Drought|[of] p1a: Charizard\n|-formechange|p1b: Cherrim|Cherrim-Sunshine|[msg]|[from] ability: Flower Gift\n|move|p1a: Charizard|Heat Wave|p2b: Sinistcha|[spread] p2a,p2b\n|-resisted|p2a: Tyranitar\n|-supereffective|p2b: Sinistcha\n|-damage|p2a: Tyranitar|68\/100\n|-damage|p2b: Sinistcha|0 fnt\n|faint|p2b: Sinistcha\n|move|p1b: Cherrim|Pollen Puff|p1a: Charizard\n|-heal|p1a: Charizard|100\/100\n|\n|-weather|SunnyDay|[upkeep]\n|-fieldend|move: Trick Room\n|upkeep\n|\n|t:|1698178117\n|switch|p2b: Glimmora|Glimmora, F, shiny|32\/100\n|turn|6\n|\n|t:|1698178132\n|detailschange|p2a: Tyranitar|Tyranitar-Mega, F\n|-mega|p2a: Tyranitar|Tyranitar|Tyranitarite\n|-weather|Sandstorm|[from] ability: Sand Stream|[of] p2a: Tyranitar\n|-formechange|p1b: Cherrim|Cherrim|[msg]|[from] ability: Flower Gift\n|move|p1b: Cherrim|Pollen Puff|p2a: Tyranitar\n|-supereffective|p2a: Tyranitar\n|-damage|p2a: Tyranitar|50\/100\n|move|p1a: Charizard|Heat Wave|p2b: Glimmora|[spread] p2a,p2b\n|-resisted|p2a: Tyranitar\n|-resisted|p2b: Glimmora\n|-crit|p2b: Glimmora\n|-damage|p2a: Tyranitar|37\/100\n|-damage|p2b: Glimmora|11\/100\n|-status|p2a: Tyranitar|brn\n|move|p2b: Glimmora|Spikes|p1a: Charizard\n|-sidestart|p1: LightOfTheRuin|Spikes\n|move|p2a: Tyranitar|Rock Slide|p1b: Cherrim|[spread] p1a,p1b\n|-supereffective|p1a: Charizard\n|-damage|p1a: Charizard|10\/100\n|-damage|p1b: Cherrim|75\/100\n|\n|-weather|Sandstorm|[upkeep]\n|-damage|p1b: Cherrim|69\/100|[from] Sandstorm\n|-damage|p1a: Charizard|4\/100|[from] Sandstorm\n|-heal|p1b: Cherrim|75\/100|[from] item: Leftovers\n|-damage|p2a: Tyranitar|31\/100 brn|[from] brn\n|upkeep\n|turn|7\n|\n|t:|1698178182\n|move|p1b: Cherrim|Sunny Day|p1b: Cherrim\n|-weather|SunnyDay\n|-formechange|p1b: Cherrim|Cherrim-Sunshine|[msg]|[from] ability: Flower Gift\n|move|p1a: Charizard|Defog|p2a: Tyranitar\n|-unboost|p2a: Tyranitar|evasion|1\n|-sideend|p1: LightOfTheRuin|Spikes|[from] move: Defog|[of] p1a: Charizard\n|-sideend|p1: LightOfTheRuin|Toxic Spikes|[from] move: Defog|[of] p1a: Charizard\n|-sideend|p1: LightOfTheRuin|Stealth Rock|[from] move: Defog|[of] p1a: Charizard\n|move|p2b: Glimmora|Spikes|p1b: Cherrim\n|-sidestart|p1: LightOfTheRuin|Spikes\n|move|p2a: Tyranitar|Rock Slide|p1b: Cherrim|[spread] p1a,p1b\n|-supereffective|p1a: Charizard\n|-damage|p1a: Charizard|0 fnt\n|-damage|p1b: Cherrim|52\/100\n|faint|p1a: Charizard\n|\n|-weather|SunnyDay|[upkeep]\n|-heal|p1b: Cherrim|58\/100|[from] item: Leftovers\n|-damage|p2a: Tyranitar|25\/100 brn|[from] brn\n|upkeep\n|\n|t:|1698178194\n|switch|p1a: Lurantis|Lurantis, F|100\/100\n|-damage|p1a: Lurantis|88\/100|[from] Spikes\n|turn|8\n|\n|t:|1698178208\n|switch|p2a: Amoonguss|Amoonguss, M, shiny|100\/100\n|move|p1b: Cherrim|Pollen Puff|p2a: Amoonguss\n|-damage|p2a: Amoonguss|88\/100\n|-enditem|p2a: Amoonguss|Eject Button\n|\n|t:|1698178214\n|switch|p2a: Tyranitar|Tyranitar-Mega, F|25\/100 brn\n|-weather|Sandstorm|[from] ability: Sand Stream|[of] p2a: Tyranitar\n|-formechange|p1b: Cherrim|Cherrim|[msg]|[from] ability: Flower Gift\n|move|p2b: Glimmora|Stealth Rock|p1a: Lurantis\n|-sidestart|p1: LightOfTheRuin|move: Stealth Rock\n|move|p1a: Lurantis|Superpower|p2b: Glimmora\n|-damage|p2b: Glimmora|0 fnt\n|-boost|p1a: Lurantis|atk|1\n|-boost|p1a: Lurantis|def|1\n|-activate|p2b: Glimmora|ability: Toxic Debris\n|-sidestart|p1: LightOfTheRuin|move: Toxic Spikes\n|faint|p2b: Glimmora\n|\n|-weather|Sandstorm|[upkeep]\n|-damage|p1b: Cherrim|52\/100|[from] Sandstorm\n|-damage|p1a: Lurantis|82\/100|[from] Sandstorm\n|-heal|p1b: Cherrim|58\/100|[from] item: Leftovers\n|-damage|p2a: Tyranitar|19\/100 brn|[from] brn\n|upkeep\n|\n|t:|1698178236\n|switch|p2b: Perrserker|Perrserker, F|100\/100\n|turn|9\n|\n|t:|1698178258\n|move|p1b: Cherrim|Pollen Puff|p2a: Tyranitar\n|-supereffective|p2a: Tyranitar\n|-damage|p2a: Tyranitar|0 fnt\n|faint|p2a: Tyranitar\n|move|p1a: Lurantis|Superpower|p2b: Perrserker\n|-supereffective|p2b: Perrserker\n|-damage|p2b: Perrserker|3\/100\n|-boost|p1a: Lurantis|atk|1\n|-boost|p1a: Lurantis|def|1\n|-damage|p1a: Lurantis|66\/100|[from] item: Rocky Helmet|[of] p2b: Perrserker\n|move|p2b: Perrserker|Curse|p2b: Perrserker\n|-unboost|p2b: Perrserker|spe|1\n|-boost|p2b: Perrserker|atk|1\n|-boost|p2b: Perrserker|def|1\n|\n|-weather|Sandstorm|[upkeep]\n|-damage|p1b: Cherrim|52\/100|[from] Sandstorm\n|-damage|p1a: Lurantis|59\/100|[from] Sandstorm\n|-heal|p1b: Cherrim|58\/100|[from] item: Leftovers\n|upkeep\n|inactive|Battle timer is ON: inactive players will automatically lose when time's up. (requested by LightOfTheRuin)\n|\n|t:|1698178278\n|switch|p2a: Amoonguss|Amoonguss, M, shiny|100\/100\n|turn|10\n|\n|t:|1698178301\n|move|p1b: Cherrim|Sunny Day|p1b: Cherrim\n|-weather|SunnyDay\n|-formechange|p1b: Cherrim|Cherrim-Sunshine|[msg]|[from] ability: Flower Gift\n|move|p1a: Lurantis|Superpower|p2b: Perrserker\n|-supereffective|p2b: Perrserker\n|-damage|p2b: Perrserker|0 fnt\n|-boost|p1a: Lurantis|atk|1\n|-boost|p1a: Lurantis|def|1\n|-damage|p1a: Lurantis|43\/100|[from] item: Rocky Helmet|[of] p2b: Perrserker\n|faint|p2b: Perrserker\n|move|p2a: Amoonguss|Clear Smog|p1a: Lurantis\n|-supereffective|p1a: Lurantis\n|-crit|p1a: Lurantis\n|-damage|p1a: Lurantis|23\/100\n|-clearboost|p1a: Lurantis\n|\n|-weather|SunnyDay|[upkeep]\n|-heal|p1b: Cherrim|64\/100|[from] item: Leftovers\n|upkeep\n|inactive|brotheater has 120 seconds left.\n|\n|t:|1698178316\n|switch|p2b: Dhelmise|Dhelmise, shiny, tera:Steel|100\/100\n|turn|11\n|\n|t:|1698178328\n|move|p1b: Cherrim|Pollen Puff|p1a: Lurantis\n|-heal|p1a: Lurantis|73\/100\n|move|p1a: Lurantis|Superpower|p2b: Dhelmise\n|-supereffective|p2b: Dhelmise\n|-damage|p2b: Dhelmise|4\/100\n|-boost|p1a: Lurantis|atk|1\n|-boost|p1a: Lurantis|def|1\n|move|p2a: Amoonguss|Pollen Puff|p2b: Dhelmise\n|-heal|p2b: Dhelmise|54\/100\n|move|p2b: Dhelmise|Anchor Shot|p1a: Lurantis\n|-damage|p1a: Lurantis|24\/100\n|-activate|p1a: Lurantis|trapped\n|\n|-weather|SunnyDay|[upkeep]\n|-heal|p1b: Cherrim|70\/100|[from] item: Leftovers\n|upkeep\n|turn|12\n|\n|t:|1698178353\n|move|p1b: Cherrim|Pollen Puff|p1a: Lurantis\n|-heal|p1a: Lurantis|74\/100\n|move|p1a: Lurantis|Superpower|p2b: Dhelmise\n|-supereffective|p2b: Dhelmise\n|-damage|p2b: Dhelmise|0 fnt\n|-boost|p1a: Lurantis|atk|1\n|-boost|p1a: Lurantis|def|1\n|faint|p2b: Dhelmise\n|move|p2a: Amoonguss|Spore|p1a: Lurantis\n|-immune|p1a: Lurantis\n|\n|-weather|SunnyDay|[upkeep]\n|-heal|p1b: Cherrim|76\/100|[from] item: Leftovers\n|upkeep\n|turn|13\n|-message|brotheater forfeited.\n|\n|win|LightOfTheRuin\n|raw|LightOfTheRuin's rating: 1122 &rarr; <strong>1148<\/strong><br \/>(+26 for winning)\n|raw|brotheater's rating: 1131 &rarr; <strong>1105<\/strong><br \/>(-26 for losing)\n|l|\u2606brotheater\n","uploadtime":1698178385,"views":11,"p1id":"lightoftheruin","p2id":"brotheater","formatid":"gen9nationaldexdoubles","rating":1105,"private":0,"password":""}