{"id":"gen9nationaldexdoubles-1948451131","p1":"oLordyyo","p2":"JZDoesStuff","format":"[Gen 9] National Dex Doubles","log":"|j|\u2606oLordyyo\n|j|\u2606JZDoesStuff\n|t:|1695261219\n|gametype|doubles\n|player|p1|oLordyyo|lucas|\n|player|p2|JZDoesStuff|hilbert|\n|teamsize|p1|6\n|teamsize|p2|6\n|gen|9\n|tier|[Gen 9] National Dex Doubles\n|rule|HP Percentage Mod: HP is shown in percentages\n|rule|Endless Battle Clause: Forcing endless battles is banned\n|rule|OHKO Clause: OHKO moves are banned\n|rule|Evasion Moves Clause: Evasion moves are banned\n|rule|Evasion Abilities Clause: Evasion abilities are banned\n|rule|Species Clause: Limit one of each Pok\u00e9mon\n|rule|Gravity Sleep Clause: The combination of sleep-inducing moves with imperfect accuracy and Gravity or Gigantamax Orbeetle are banned\n|clearpoke\n|poke|p1|Smeargle, M|\n|poke|p1|Meganium, M|\n|poke|p1|Torkoal, F|\n|poke|p1|Ampharos, F|\n|poke|p1|Arcanine, F|\n|poke|p1|Amoonguss, F|\n|poke|p2|Scizor, F|\n|poke|p2|Maushold-Four|\n|poke|p2|Drifblim, M|\n|poke|p2|Gholdengo|\n|poke|p2|Decidueye-Hisui, F|\n|poke|p2|Empoleon, F|\n|teampreview\n|\n|t:|1695261237\n|start\n|switch|p1a: Amoonguss|Amoonguss, F, shiny|100\/100\n|switch|p1b: Torkoal|Torkoal, F|100\/100\n|switch|p2a: Children Beware|Drifblim, M, shiny|100\/100\n|switch|p2b: Everstone=SafeSex|Maushold-Four, shiny|100\/100\n|-weather|SunnyDay|[from] ability: Drought|[of] p1b: Torkoal\n|turn|1\n|\n|t:|1695261257\n|move|p2b: Everstone=SafeSex|Bite|p1b: Torkoal\n|-damage|p1b: Torkoal|86\/100\n|move|p2a: Children Beware|Strength Sap|p1a: Amoonguss\n|-unboost|p1a: Amoonguss|atk|1\n|move|p1a: Amoonguss|Spore|p2a: Children Beware\n|-status|p2a: Children Beware|slp|[from] move: Spore\n|move|p1b: Torkoal|Yawn|p2b: Everstone=SafeSex\n|-start|p2b: Everstone=SafeSex|move: Yawn|[of] p1b: Torkoal\n|\n|-weather|SunnyDay|[upkeep]\n|upkeep\n|turn|2\n|\n|t:|1695261284\n|move|p2b: Everstone=SafeSex|Population Bomb|p1b: Torkoal\n|-damage|p1b: Torkoal|78\/100\n|-damage|p1b: Torkoal|71\/100\n|-crit|p1b: Torkoal\n|-damage|p1b: Torkoal|60\/100\n|-damage|p1b: Torkoal|52\/100\n|-damage|p1b: Torkoal|44\/100\n|-damage|p1b: Torkoal|36\/100\n|-hitcount|p1b: Torkoal|6\n|cant|p2a: Children Beware|slp\n|move|p1a: Amoonguss|Foul Play|p2b: Everstone=SafeSex\n|-damage|p2b: Everstone=SafeSex|65\/100\n|move|p1b: Torkoal|Heat Wave|p2a: Children Beware|[spread] p2a,p2b\n|-damage|p2a: Children Beware|62\/100 slp\n|-damage|p2b: Everstone=SafeSex|21\/100\n|\n|-weather|SunnyDay|[upkeep]\n|-end|p2b: Everstone=SafeSex|move: Yawn|[silent]\n|-status|p2b: Everstone=SafeSex|slp\n|upkeep\n|turn|3\n|\n|t:|1695261310\n|cant|p2b: Everstone=SafeSex|slp\n|-curestatus|p2a: Children Beware|slp|[msg]\n|move|p2a: Children Beware|Strength Sap|p1b: Torkoal\n|-unboost|p1b: Torkoal|atk|1\n|-heal|p2a: Children Beware|100\/100\n|move|p1a: Amoonguss|Foul Play|p2a: Children Beware\n|-supereffective|p2a: Children Beware\n|-damage|p2a: Children Beware|78\/100\n|move|p1b: Torkoal|Heat Wave|p2b: Everstone=SafeSex|[spread] p2a,p2b\n|-damage|p2a: Children Beware|40\/100\n|-damage|p2b: Everstone=SafeSex|0 fnt\n|faint|p2b: Everstone=SafeSex\n|\n|-weather|SunnyDay|[upkeep]\n|upkeep\n|\n|t:|1695261325\n|switch|p2b: String Cheese|Gholdengo, shiny|100\/100\n|turn|4\n|\n|t:|1695261338\n|move|p1a: Amoonguss|Protect|p1a: Amoonguss\n|-singleturn|p1a: Amoonguss|Protect\n|move|p2b: String Cheese|Nasty Plot|p2b: String Cheese\n|-boost|p2b: String Cheese|spa|2\n|move|p2a: Children Beware|Hex|p1b: Torkoal\n|-damage|p1b: Torkoal|4\/100\n|move|p1b: Torkoal|Heat Wave|p2a: Children Beware|[spread] p2a,p2b\n|-supereffective|p2b: String Cheese\n|-damage|p2a: Children Beware|6\/100\n|-damage|p2b: String Cheese|24\/100\n|\n|-weather|SunnyDay|[upkeep]\n|upkeep\n|turn|5\n|-enditem|p1b: Torkoal|Custap Berry|[eat]\n|-activate|p1b: Torkoal|item: Custap Berry|[consumed]\n|\n|t:|1695261354\n|switch|p1a: Smeargle|Smeargle, M, shiny|100\/100\n|move|p1b: Torkoal|Heat Wave|p2b: String Cheese|[spread] p2a,p2b\n|-supereffective|p2b: String Cheese\n|-damage|p2a: Children Beware|0 fnt\n|-damage|p2b: String Cheese|0 fnt\n|faint|p2a: Children Beware\n|faint|p2b: String Cheese\n|\n|-weather|none\n|-ability|p1a: Smeargle|Moody|boost\n|-boost|p1a: Smeargle|atk|2\n|-unboost|p1a: Smeargle|spd|1\n|upkeep\n|\n|t:|1695261370\n|switch|p2b: 4 the leg fetish|Decidueye-Hisui, F, shiny|100\/100\n|switch|p2a: Mario's fav PWRup|Empoleon, F, shiny|100\/100\n|turn|6\n|\n|t:|1695261378\n|move|p1b: Torkoal|Protect|p1b: Torkoal\n|-singleturn|p1b: Torkoal|Protect\n|move|p2b: 4 the leg fetish|Knock Off|p1a: Smeargle\n|-damage|p1a: Smeargle|55\/100\n|-enditem|p1a: Smeargle|Focus Sash|[from] move: Knock Off|[of] p2b: 4 the leg fetish\n|move|p1a: Smeargle|Tailwind|p1a: Smeargle\n|-sidestart|p1: oLordyyo|move: Tailwind\n|move|p2a: Mario's fav PWRup|Surf|p1b: Torkoal|[spread] p2b,p1a\n|-activate|p1b: Torkoal|move: Protect\n|-resisted|p2b: 4 the leg fetish\n|-damage|p2b: 4 the leg fetish|84\/100\n|-damage|p1a: Smeargle|0 fnt\n|faint|p1a: Smeargle\n|\n|upkeep\n|\n|t:|1695261390\n|switch|p1a: Amoonguss|Amoonguss, F, shiny|100\/100\n|turn|7\n|\n|t:|1695261406\n|move|p2b: 4 the leg fetish|Triple Arrows|p1a: Amoonguss\n|-resisted|p1a: Amoonguss\n|-damage|p1a: Amoonguss|85\/100\n|move|p1a: Amoonguss|Spore|p2a: Mario's fav PWRup\n|-status|p2a: Mario's fav PWRup|slp|[from] move: Spore\n|cant|p2a: Mario's fav PWRup|slp\n|move|p1b: Torkoal|Heat Wave|p2b: 4 the leg fetish|[spread] p2a,p2b\n|-supereffective|p2b: 4 the leg fetish\n|-damage|p2a: Mario's fav PWRup|76\/100 slp\n|-damage|p2b: 4 the leg fetish|47\/100\n|\n|-heal|p1a: Amoonguss|91\/100|[from] item: Black Sludge\n|-heal|p2a: Mario's fav PWRup|82\/100 slp|[from] item: Leftovers\n|upkeep\n|turn|8\n|\n|t:|1695261426\n|move|p1a: Amoonguss|Rage Powder|p1a: Amoonguss\n|-singleturn|p1a: Amoonguss|move: Rage Powder\n|move|p2b: 4 the leg fetish|Triple Arrows|p1a: Amoonguss\n|-resisted|p1a: Amoonguss\n|-crit|p1a: Amoonguss\n|-damage|p1a: Amoonguss|70\/100\n|cant|p2a: Mario's fav PWRup|slp\n|move|p1b: Torkoal|Heat Wave|p2b: 4 the leg fetish|[spread] p2a,p2b\n|-supereffective|p2b: 4 the leg fetish\n|-damage|p2a: Mario's fav PWRup|58\/100 slp\n|-damage|p2b: 4 the leg fetish|5\/100\n|\n|-heal|p1a: Amoonguss|76\/100|[from] item: Black Sludge\n|-heal|p2a: Mario's fav PWRup|64\/100 slp|[from] item: Leftovers\n|upkeep\n|turn|9\n|\n|t:|1695261442\n|move|p1a: Amoonguss|Rage Powder|p1a: Amoonguss\n|-singleturn|p1a: Amoonguss|move: Rage Powder\n|move|p2b: 4 the leg fetish|Roost|p2b: 4 the leg fetish\n|-heal|p2b: 4 the leg fetish|55\/100\n|-singleturn|p2b: 4 the leg fetish|move: Roost\n|cant|p2a: Mario's fav PWRup|slp\n|move|p1b: Torkoal|Heat Wave|p2b: 4 the leg fetish|[spread] p2b\n|-miss|p1b: Torkoal|p2a: Mario's fav PWRup\n|-supereffective|p2b: 4 the leg fetish\n|-damage|p2b: 4 the leg fetish|18\/100\n|\n|-heal|p1a: Amoonguss|82\/100|[from] item: Black Sludge\n|-heal|p2a: Mario's fav PWRup|70\/100 slp|[from] item: Leftovers\n|-sideend|p1: oLordyyo|move: Tailwind\n|upkeep\n|turn|10\n|\n|t:|1695261461\n|move|p1b: Torkoal|Protect|p1b: Torkoal\n|-singleturn|p1b: Torkoal|Protect\n|move|p2b: 4 the leg fetish|Roost|p2b: 4 the leg fetish\n|-heal|p2b: 4 the leg fetish|68\/100\n|-singleturn|p2b: 4 the leg fetish|move: Roost\n|-curestatus|p2a: Mario's fav PWRup|slp|[msg]\n|move|p2a: Mario's fav PWRup|Surf|p1b: Torkoal|[spread] p2b,p1a\n|-activate|p1b: Torkoal|move: Protect\n|-resisted|p2b: 4 the leg fetish\n|-resisted|p1a: Amoonguss\n|-damage|p2b: 4 the leg fetish|52\/100\n|-damage|p1a: Amoonguss|68\/100\n|move|p1a: Amoonguss|Foul Play|p2b: 4 the leg fetish\n|-resisted|p2b: 4 the leg fetish\n|-damage|p2b: 4 the leg fetish|42\/100\n|\n|-heal|p2a: Mario's fav PWRup|76\/100|[from] item: Leftovers\n|-heal|p1a: Amoonguss|74\/100|[from] item: Black Sludge\n|upkeep\n|turn|11\n|\n|t:|1695261478\n|move|p2b: 4 the leg fetish|Roost|p2b: 4 the leg fetish\n|-heal|p2b: 4 the leg fetish|92\/100\n|-singleturn|p2b: 4 the leg fetish|move: Roost\n|move|p2a: Mario's fav PWRup|Surf|p1b: Torkoal|[spread] p2b,p1a,p1b\n|-resisted|p2b: 4 the leg fetish\n|-resisted|p1a: Amoonguss\n|-supereffective|p1b: Torkoal\n|-damage|p2b: 4 the leg fetish|74\/100\n|-damage|p1a: Amoonguss|60\/100\n|-damage|p1b: Torkoal|0 fnt\n|faint|p1b: Torkoal\n|move|p1a: Amoonguss|Spore|p2a: Mario's fav PWRup\n|-status|p2a: Mario's fav PWRup|slp|[from] move: Spore\n|\n|-heal|p2a: Mario's fav PWRup|82\/100 slp|[from] item: Leftovers\n|-heal|p1a: Amoonguss|66\/100|[from] item: Black Sludge\n|upkeep\n|\n|t:|1695261491\n|switch|p1b: Meganium|Meganium, M|100\/100\n|turn|12\n|\n|t:|1695261499\n|move|p1b: Meganium|Curse|p1b: Meganium\n|-unboost|p1b: Meganium|spe|1\n|-boost|p1b: Meganium|atk|1\n|-boost|p1b: Meganium|def|1\n|move|p2b: 4 the leg fetish|Knock Off|p1a: Amoonguss\n|-damage|p1a: Amoonguss|47\/100\n|-enditem|p1a: Amoonguss|Black Sludge|[from] move: Knock Off|[of] p2b: 4 the leg fetish\n|cant|p2a: Mario's fav PWRup|slp\n|move|p1a: Amoonguss|Foul Play|p2b: 4 the leg fetish\n|-resisted|p2b: 4 the leg fetish\n|-damage|p2b: 4 the leg fetish|64\/100\n|\n|-heal|p2a: Mario's fav PWRup|89\/100 slp|[from] item: Leftovers\n|upkeep\n|turn|13\n|\n|t:|1695261521\n|switch|p1a: Arcanine|Arcanine, F, shiny|100\/100\n|move|p2b: 4 the leg fetish|Triple Arrows|p1a: Arcanine\n|-damage|p1a: Arcanine|58\/100\n|cant|p2a: Mario's fav PWRup|slp\n|move|p1b: Meganium|Curse|p1b: Meganium\n|-unboost|p1b: Meganium|spe|1\n|-boost|p1b: Meganium|atk|1\n|-boost|p1b: Meganium|def|1\n|\n|-heal|p2a: Mario's fav PWRup|95\/100 slp|[from] item: Leftovers\n|upkeep\n|turn|14\n|\n|t:|1695261539\n|move|p1a: Arcanine|Flare Blitz|p2b: 4 the leg fetish\n|-supereffective|p2b: 4 the leg fetish\n|-damage|p2b: 4 the leg fetish|0 fnt\n|faint|p2b: 4 the leg fetish\n|-damage|p1a: Arcanine|35\/100|[from] Recoil\n|-enditem|p1a: Arcanine|Sitrus Berry|[eat]\n|-heal|p1a: Arcanine|60\/100|[from] item: Sitrus Berry\n|cant|p2a: Mario's fav PWRup|slp\n|move|p1b: Meganium|Seed Bomb|p2a: Mario's fav PWRup\n|-damage|p2a: Mario's fav PWRup|24\/100 slp\n|\n|-heal|p2a: Mario's fav PWRup|30\/100 slp|[from] item: Leftovers\n|upkeep\n|\n|t:|1695261551\n|switch|p2b: punchy punchy|Scizor, F, shiny|100\/100\n|turn|15\n|\n|t:|1695261559\n|detailschange|p2b: punchy punchy|Scizor-Mega, F, shiny\n|-mega|p2b: punchy punchy|Scizor|Scizorite\n|move|p2b: punchy punchy|Bullet Punch|p1a: Arcanine\n|-resisted|p1a: Arcanine\n|-damage|p1a: Arcanine|35\/100\n|move|p1a: Arcanine|Flare Blitz|p2b: punchy punchy\n|-supereffective|p2b: punchy punchy\n|-damage|p2b: punchy punchy|0 fnt\n|faint|p2b: punchy punchy\n|-damage|p1a: Arcanine|8\/100|[from] Recoil\n|-curestatus|p2a: Mario's fav PWRup|slp|[msg]\n|move|p2a: Mario's fav PWRup|Surf|p1b: Meganium|[spread] p1a,p1b\n|-supereffective|p1a: Arcanine\n|-resisted|p1b: Meganium\n|-damage|p1a: Arcanine|0 fnt\n|-damage|p1b: Meganium|85\/100\n|faint|p1a: Arcanine\n|move|p1b: Meganium|Seed Bomb|p2a: Mario's fav PWRup\n|-damage|p2a: Mario's fav PWRup|0 fnt\n|faint|p2a: Mario's fav PWRup\n|\n|win|oLordyyo\n","uploadtime":1695261579,"views":11,"p1id":"olordyyo","p2id":"jzdoesstuff","formatid":"gen9nationaldexdoubles","rating":0,"private":0,"password":""}