{"id":"gen9nationaldexdoubles-1952256547","p1":"Jeremy_23_2510","p2":"goshia25","format":"[Gen 9] National Dex Doubles","log":"|j|\u2606Jeremy_23_2510\n|j|\u2606goshia25\n|t:|1695668750\n|gametype|doubles\n|player|p1|Jeremy_23_2510|101|1000\n|player|p2|goshia25|266|1111\n|teamsize|p1|6\n|teamsize|p2|6\n|gen|9\n|tier|[Gen 9] National Dex Doubles\n|rated|\n|rule|HP Percentage Mod: HP is shown in percentages\n|rule|Endless Battle Clause: Forcing endless battles is banned\n|rule|OHKO Clause: OHKO moves are banned\n|rule|Evasion Moves Clause: Evasion moves are banned\n|rule|Evasion Abilities Clause: Evasion abilities are banned\n|rule|Species Clause: Limit one of each Pok\u00e9mon\n|rule|Gravity Sleep Clause: The combination of sleep-inducing moves with imperfect accuracy and Gravity or Gigantamax Orbeetle are banned\n|clearpoke\n|poke|p1|Iron Moth|\n|poke|p1|Metagross|\n|poke|p1|Sneasler, M|\n|poke|p1|Palafin, F|\n|poke|p1|Hydreigon, M|\n|poke|p1|Tapu Koko|\n|poke|p2|Mandibuzz, F|\n|poke|p2|Blacephalon|\n|poke|p2|Aegislash, F|\n|poke|p2|Scrafty, M|\n|poke|p2|Flutter Mane|\n|poke|p2|Gliscor, F|\n|teampreview\n|inactive|Battle timer is ON: inactive players will automatically lose when time's up. (requested by goshia25)\n|\n|t:|1695668778\n|start\n|switch|p1a: Jasmin|Palafin, F, shiny|100\/100\n|switch|p1b: Blitz|Tapu Koko|100\/100\n|switch|p2a: Mandibuzz|Mandibuzz, F|100\/100\n|switch|p2b: Gliscor|Gliscor, F|100\/100\n|-fieldstart|move: Electric Terrain|[from] ability: Electric Surge|[of] p1b: Blitz\n|turn|1\n|inactive|Jeremy_23_2510 has 120 seconds left.\n|\n|t:|1695668818\n|move|p2b: Gliscor|Protect|p2b: Gliscor\n|-singleturn|p2b: Gliscor|Protect\n|move|p1b: Blitz|Wild Charge|p2a: Mandibuzz\n|-supereffective|p2a: Mandibuzz\n|-crit|p2a: Mandibuzz\n|-damage|p2a: Mandibuzz|8\/100\n|-damage|p1b: Blitz|84\/100|[from] item: Rocky Helmet|[of] p2a: Mandibuzz\n|-damage|p1b: Blitz|49\/100|[from] Recoil\n|move|p1a: Jasmin|Flip Turn|p2b: Gliscor\n|-activate|p2b: Gliscor|move: Protect\n|move|p2a: Mandibuzz|Tailwind|p2a: Mandibuzz\n|-sidestart|p2: goshia25|move: Tailwind\n|\n|-status|p2b: Gliscor|tox|[from] item: Toxic Orb\n|upkeep\n|turn|2\n|inactive|Jeremy_23_2510 has 120 seconds left.\n|\n|t:|1695668864\n|-terastallize|p2b: Gliscor|Ground\n|move|p2b: Gliscor|Earthquake|p1b: Blitz|[spread] p1a,p1b\n|-immune|p2a: Mandibuzz\n|-supereffective|p1b: Blitz\n|-damage|p1a: Jasmin|45\/100\n|-damage|p1b: Blitz|0 fnt\n|faint|p1b: Blitz\n|move|p2a: Mandibuzz|Foul Play|p1a: Jasmin\n|-damage|p1a: Jasmin|0 fnt\n|faint|p1a: Jasmin\n|\n|upkeep\n|inactive|Jeremy_23_2510 has 90 seconds left.\n|inactive|Jeremy_23_2510 has 60 seconds left.\n|\n|t:|1695668910\n|switch|p1b: Night-Moth|Iron Moth|100\/100\n|switch|p1a: Jeremy|Sneasler, M, shiny|100\/100\n|-enditem|p1a: Jeremy|Electric Seed\n|-boost|p1a: Jeremy|def|1|[from] item: Electric Seed\n|-activate|p1b: Night-Moth|ability: Quark Drive\n|-start|p1b: Night-Moth|quarkdrivespa\n|turn|3\n|inactive|Jeremy_23_2510 has 60 seconds left.\n|\n|t:|1695668944\n|-terastallize|p1a: Jeremy|Flying\n|move|p1a: Jeremy|Acrobatics|p2b: Gliscor\n|-damage|p2b: Gliscor|43\/100 tox\n|move|p2b: Gliscor|Earthquake|p1a: Jeremy|[spread] p1b\n|-immune|p2a: Mandibuzz\n|-immune|p1a: Jeremy\n|-supereffective|p1b: Night-Moth\n|-damage|p1b: Night-Moth|0 fnt\n|faint|p1b: Night-Moth\n|-end|p1b: Night-Moth|Quark Drive|[silent]\n|move|p2a: Mandibuzz|Foul Play|p1a: Jeremy\n|-damage|p1a: Jeremy|43\/100\n|\n|-heal|p2b: Gliscor|55\/100 tox|[from] ability: Poison Heal\n|upkeep\n|\n|t:|1695668963\n|switch|p1b: Mac-PC|Metagross, shiny|100\/100\n|turn|4\n|inactive|Jeremy_23_2510 has 60 seconds left.\n|\n|t:|1695668982\n|detailschange|p1b: Mac-PC|Metagross-Mega, shiny\n|-mega|p1b: Mac-PC|Metagross|Metagrossite\n|move|p2b: Gliscor|Protect|p2b: Gliscor\n|-singleturn|p2b: Gliscor|Protect\n|move|p1b: Mac-PC|Bullet Punch|p2b: Gliscor\n|-activate|p2b: Gliscor|move: Protect\n|move|p1a: Jeremy|Acrobatics|p2a: Mandibuzz\n|-damage|p2a: Mandibuzz|0 fnt\n|-damage|p1a: Jeremy|26\/100|[from] item: Rocky Helmet|[of] p2a: Mandibuzz\n|faint|p2a: Mandibuzz\n|\n|-heal|p2b: Gliscor|68\/100 tox|[from] ability: Poison Heal\n|-sideend|p2: goshia25|move: Tailwind\n|upkeep\n|\n|t:|1695668999\n|switch|p2a: Blacephalon|Blacephalon|100\/100\n|turn|5\n|\n|t:|1695669019\n|move|p1b: Mac-PC|Bullet Punch|p2b: Gliscor\n|-damage|p2b: Gliscor|39\/100 tox\n|move|p1a: Jeremy|Acrobatics|p2a: Blacephalon\n|-enditem|p2a: Blacephalon|Focus Sash\n|-damage|p2a: Blacephalon|1\/100\n|move|p2a: Blacephalon|Flamethrower|p1b: Mac-PC\n|-supereffective|p1b: Mac-PC\n|-damage|p1b: Mac-PC|13\/100\n|move|p2b: Gliscor|Facade|p1a: Jeremy\n|-damage|p1a: Jeremy|0 fnt\n|faint|p1a: Jeremy\n|\n|-heal|p2b: Gliscor|51\/100 tox|[from] ability: Poison Heal\n|-fieldend|move: Electric Terrain\n|upkeep\n|inactive|Jeremy_23_2510 has 60 seconds left.\n|\n|t:|1695669039\n|switch|p1a: Zerberus|Hydreigon, M, shiny|100\/100\n|turn|6\n|\n|t:|1695669052\n|move|p2b: Gliscor|Protect|p2b: Gliscor\n|-singleturn|p2b: Gliscor|Protect\n|move|p1b: Mac-PC|Bullet Punch|p2a: Blacephalon\n|-resisted|p2a: Blacephalon\n|-damage|p2a: Blacephalon|0 fnt\n|faint|p2a: Blacephalon\n|move|p1a: Zerberus|Heat Wave|p2b: Gliscor\n|-activate|p2b: Gliscor|move: Protect\n|\n|-heal|p2b: Gliscor|63\/100 tox|[from] ability: Poison Heal\n|upkeep\n|\n|t:|1695669068\n|switch|p2a: Scrafty|Scrafty, M|100\/100\n|-ability|p2a: Scrafty|Intimidate|boost\n|-unboost|p1a: Zerberus|atk|1\n|-unboost|p1b: Mac-PC|atk|1\n|turn|7\n|inactive|Jeremy_23_2510 has 90 seconds left.\n|\n|t:|1695669087\n|move|p2a: Scrafty|Fake Out|p1b: Mac-PC\n|-resisted|p1b: Mac-PC\n|-damage|p1b: Mac-PC|8\/100\n|-damage|p2a: Scrafty|91\/100|[from] item: Life Orb\n|cant|p1b: Mac-PC|flinch\n|move|p2b: Gliscor|Knock Off|p1a: Zerberus\n|-resisted|p1a: Zerberus\n|-damage|p1a: Zerberus|88\/100\n|-enditem|p1a: Zerberus|Leftovers|[from] move: Knock Off|[of] p2b: Gliscor\n|move|p1a: Zerberus|Heat Wave|p2b: Gliscor|[spread] p2a,p2b\n|-crit|p2b: Gliscor\n|-damage|p2a: Scrafty|61\/100\n|-damage|p2b: Gliscor|8\/100 tox\n|-status|p2a: Scrafty|brn\n|\n|-heal|p2b: Gliscor|20\/100 tox|[from] ability: Poison Heal\n|-damage|p2a: Scrafty|55\/100 brn|[from] brn\n|upkeep\n|turn|8\n|inactive|Jeremy_23_2510 has 90 seconds left.\n|\n|t:|1695669123\n|move|p2a: Scrafty|Protect|p2a: Scrafty\n|-singleturn|p2a: Scrafty|Protect\n|move|p1b: Mac-PC|Bullet Punch|p2a: Scrafty\n|-activate|p2a: Scrafty|move: Protect\n|move|p2b: Gliscor|Facade|p1b: Mac-PC\n|-resisted|p1b: Mac-PC\n|-damage|p1b: Mac-PC|0 fnt\n|faint|p1b: Mac-PC\n|move|p1a: Zerberus|Heat Wave|p2b: Gliscor|[spread] p2b\n|-activate|p2a: Scrafty|move: Protect\n|-damage|p2b: Gliscor|0 fnt\n|faint|p2b: Gliscor\n|\n|-damage|p2a: Scrafty|49\/100 brn|[from] brn\n|upkeep\n|inactive|goshia25 has 120 seconds left.\n|\n|t:|1695669137\n|switch|p2b: Flutter Mane|Flutter Mane|100\/100\n|-enditem|p2b: Flutter Mane|Booster Energy\n|-activate|p2b: Flutter Mane|ability: Protosynthesis|[fromitem]\n|-start|p2b: Flutter Mane|protosynthesisspe\n|turn|9\n|-message|Jeremy_23_2510 forfeited.\n|\n|win|goshia25\n|raw|Jeremy_23_2510's rating: 1000 &rarr; <strong>1000<\/strong><br \/>(+0 for losing)\n|raw|goshia25's rating: 1111 &rarr; <strong>1128<\/strong><br \/>(+17 for winning)\n|l|\u2606Jeremy_23_2510\n","uploadtime":1695669149,"views":7,"p1id":"jeremy232510","p2id":"goshia25","formatid":"gen9nationaldexdoubles","rating":1000,"private":0,"password":""}