{"id":"gen9nationaldexdoubles-1954207911","p1":"Theadonia","p2":"Tritus ELITE 4","format":"[Gen 9] National Dex Doubles","log":"|j|\u2606Theadonia\n|j|\u2606Tritus ELITE 4\n|t:|1695865081\n|gametype|doubles\n|player|p1|Theadonia|caitlin|1163\n|player|p2|Tritus ELITE 4|wulfric|1055\n|teamsize|p1|6\n|teamsize|p2|6\n|gen|9\n|tier|[Gen 9] National Dex Doubles\n|rated|\n|rule|HP Percentage Mod: HP is shown in percentages\n|rule|Endless Battle Clause: Forcing endless battles is banned\n|rule|OHKO Clause: OHKO moves are banned\n|rule|Evasion Moves Clause: Evasion moves are banned\n|rule|Evasion Abilities Clause: Evasion abilities are banned\n|rule|Species Clause: Limit one of each Pok\u00e9mon\n|rule|Gravity Sleep Clause: The combination of sleep-inducing moves with imperfect accuracy and Gravity or Gigantamax Orbeetle are banned\n|clearpoke\n|poke|p1|Delphox, F|\n|poke|p1|Oricorio-Sensu, M|\n|poke|p1|Kommo-o, F|\n|poke|p1|Smeargle, M|\n|poke|p1|Comfey, M|\n|poke|p1|Manaphy|\n|poke|p2|Basculegion-F, F|\n|poke|p2|Swampert, M|\n|poke|p2|Pelipper, F|\n|poke|p2|Volcanion|\n|poke|p2|Drednaw, F|\n|poke|p2|Carracosta, M|\n|teampreview\n|\n|t:|1695865094\n|start\n|switch|p1a: Manaphy|Manaphy|100\/100\n|switch|p1b: Smeargle|Smeargle, M|100\/100\n|switch|p2a: Pelipper|Pelipper, F|100\/100\n|switch|p2b: Swampert|Swampert, M|100\/100\n|-weather|RainDance|[from] ability: Drizzle|[of] p2a: Pelipper\n|turn|1\n|\n|t:|1695865107\n|detailschange|p2b: Swampert|Swampert-Mega, M\n|-mega|p2b: Swampert|Swampert|Swampertite\n|move|p1b: Smeargle|Acupressure|p1a: Manaphy\n|-boost|p1a: Manaphy|evasion|2\n|move|p2b: Swampert|Waterfall|p1b: Smeargle\n|-damage|p1b: Smeargle|0 fnt\n|faint|p1b: Smeargle\n|move|p1a: Manaphy|Take Heart|p1a: Manaphy\n|-boost|p1a: Manaphy|spa|1\n|-boost|p1a: Manaphy|spd|1\n|move|p2a: Pelipper|U-turn|p1a: Manaphy\n|-damage|p1a: Manaphy|90\/100\n|\n|t:|1695865123\n|switch|p2a: Carracosta|Carracosta, M|100\/100|[from] U-turn\n|\n|-weather|RainDance|[upkeep]\n|-heal|p1a: Manaphy|96\/100|[from] item: Leftovers\n|upkeep\n|\n|t:|1695865131\n|switch|p1b: Comfey|Comfey, M|100\/100\n|turn|2\n|\n|t:|1695865152\n|-terastallize|p2a: Carracosta|Steel\n|move|p1b: Comfey|Giga Drain|p2b: Swampert\n|-supereffective|p2b: Swampert\n|-damage|p2b: Swampert|30\/100\n|move|p2b: Swampert|Waterfall|p1b: Comfey\n|-damage|p1b: Comfey|0 fnt\n|faint|p1b: Comfey\n|move|p2a: Carracosta|Shell Smash|p2a: Carracosta\n|-unboost|p2a: Carracosta|def|1\n|-unboost|p2a: Carracosta|spd|1\n|-boost|p2a: Carracosta|atk|2\n|-boost|p2a: Carracosta|spa|2\n|-boost|p2a: Carracosta|spe|2\n|-enditem|p2a: Carracosta|White Herb\n|-clearnegativeboost|p2a: Carracosta|[silent]\n|move|p1a: Manaphy|Scald|p2a: Carracosta\n|-damage|p2a: Carracosta|0 fnt\n|faint|p2a: Carracosta\n|\n|-weather|RainDance|[upkeep]\n|-heal|p1a: Manaphy|100\/100|[from] item: Leftovers\n|upkeep\n|\n|t:|1695865175\n|switch|p1b: Kommo-o|Kommo-o, F|100\/100\n|switch|p2a: Drednaw|Drednaw, F|100\/100\n|turn|3\n|\n|t:|1695865190\n|move|p2b: Swampert|Waterfall|p1b: Kommo-o\n|-resisted|p1b: Kommo-o\n|-damage|p1b: Kommo-o|62\/100\n|move|p2a: Drednaw|Shell Smash|p2a: Drednaw\n|-unboost|p2a: Drednaw|def|1\n|-unboost|p2a: Drednaw|spd|1\n|-boost|p2a: Drednaw|atk|2\n|-boost|p2a: Drednaw|spa|2\n|-boost|p2a: Drednaw|spe|2\n|-enditem|p2a: Drednaw|White Herb\n|-clearnegativeboost|p2a: Drednaw|[silent]\n|-zpower|p1b: Kommo-o\n|move|p1b: Kommo-o|Clangorous Soulblaze|p2a: Drednaw|[zeffect]|[spread] p2a,p2b\n|-damage|p2a: Drednaw|39\/100\n|-damage|p2b: Swampert|0 fnt\n|faint|p2b: Swampert\n|-boost|p1b: Kommo-o|atk|1\n|-boost|p1b: Kommo-o|def|1\n|-boost|p1b: Kommo-o|spa|1\n|-boost|p1b: Kommo-o|spd|1\n|-boost|p1b: Kommo-o|spe|1\n|move|p1a: Manaphy|Scald|p2a: Drednaw\n|-damage|p2a: Drednaw|0 fnt\n|faint|p2a: Drednaw\n|\n|-weather|RainDance|[upkeep]\n|upkeep\n|\n|t:|1695865204\n|switch|p2b: Volcanion|Volcanion|100\/100\n|switch|p2a: Basculegion|Basculegion-F, F|100\/100\n|turn|4\n|\n|t:|1695865221\n|move|p1b: Kommo-o|Clanging Scales|p2b: Volcanion|[spread] p2a,p2b\n|-crit|p2b: Volcanion\n|-damage|p2a: Basculegion|54\/100\n|-damage|p2b: Volcanion|28\/100\n|-unboost|p1b: Kommo-o|def|1\n|move|p2a: Basculegion|Last Respects|p1a: Manaphy\n|-damage|p1a: Manaphy|7\/100\n|-damage|p2a: Basculegion|44\/100|[from] item: Life Orb\n|move|p1a: Manaphy|Take Heart|p1a: Manaphy\n|-boost|p1a: Manaphy|spa|1\n|-boost|p1a: Manaphy|spd|1\n|move|p2b: Volcanion|Steam Eruption|p1b: Kommo-o\n|-resisted|p1b: Kommo-o\n|-damage|p1b: Kommo-o|21\/100\n|\n|-weather|RainDance|[upkeep]\n|-heal|p1a: Manaphy|13\/100|[from] item: Leftovers\n|upkeep\n|turn|5\n|\n|t:|1695865250\n|move|p1b: Kommo-o|Clanging Scales|p2b: Volcanion|[spread] p2a,p2b\n|-damage|p2a: Basculegion|0 fnt\n|-damage|p2b: Volcanion|0 fnt\n|faint|p2a: Basculegion\n|faint|p2b: Volcanion\n|-unboost|p1b: Kommo-o|def|1\n|move|p1a: Manaphy|Rest|p1a: Manaphy\n|-status|p1a: Manaphy|slp|[from] move: Rest\n|-heal|p1a: Manaphy|100\/100 slp|[silent]\n|\n|-weather|none\n|upkeep\n|-message|Tritus ELITE 4 forfeited.\n|\n|win|Theadonia\n|raw|Theadonia's rating: 1163 &rarr; <strong>1180<\/strong><br \/>(+17 for winning)\n|raw|Tritus ELITE 4's rating: 1055 &rarr; <strong>1042<\/strong><br \/>(-13 for losing)\n|l|\u2606Tritus ELITE 4\n","uploadtime":1695865266,"views":11,"p1id":"theadonia","p2id":"trituselite4","formatid":"gen9nationaldexdoubles","rating":1042,"private":0,"password":""}