{"id":"gen9nationaldexdoubles-1956183713","p1":"Theadonia","p2":"Stonny","format":"[Gen 9] National Dex Doubles","log":"|j|\u2606Theadonia\n|j|\u2606Stonny\n|t:|1696082903\n|gametype|doubles\n|player|p1|Theadonia|caitlin|1065\n|player|p2|Stonny|acetrainer-gen4dp|1154\n|teamsize|p1|6\n|teamsize|p2|6\n|gen|9\n|tier|[Gen 9] National Dex Doubles\n|rated|\n|rule|HP Percentage Mod: HP is shown in percentages\n|rule|Endless Battle Clause: Forcing endless battles is banned\n|rule|OHKO Clause: OHKO moves are banned\n|rule|Evasion Moves Clause: Evasion moves are banned\n|rule|Evasion Abilities Clause: Evasion abilities are banned\n|rule|Species Clause: Limit one of each Pok\u00e9mon\n|rule|Gravity Sleep Clause: The combination of sleep-inducing moves with imperfect accuracy and Gravity or Gigantamax Orbeetle are banned\n|clearpoke\n|poke|p1|Delphox, M|\n|poke|p1|Oricorio-Sensu, M|\n|poke|p1|Kommo-o, M|\n|poke|p1|Smeargle, M|\n|poke|p1|Comfey, M|\n|poke|p1|Jirachi|\n|poke|p2|Swampert, F|\n|poke|p2|Kommo-o, F|\n|poke|p2|Scream Tail|\n|poke|p2|Politoed, F|\n|poke|p2|Gothitelle, F|\n|poke|p2|Amoonguss, F|\n|teampreview\n|inactive|Battle timer is ON: inactive players will automatically lose when time's up. (requested by Stonny)\n|\n|t:|1696082915\n|start\n|switch|p1a: Delphox|Delphox, M|100\/100\n|switch|p1b: Jirachi|Jirachi|100\/100\n|switch|p2a: Swampert|Swampert, F|100\/100\n|switch|p2b: Politoed|Politoed, F|100\/100\n|-weather|RainDance|[from] ability: Drizzle|[of] p2b: Politoed\n|turn|1\n|\n|t:|1696082927\n|switch|p1a: Kommo-o|Kommo-o, M|100\/100\n|switch|p2b: Amoonguss|Amoonguss, F|100\/100\n|detailschange|p2a: Swampert|Swampert-Mega, F\n|-mega|p2a: Swampert|Swampert|Swampertite\n|move|p2a: Swampert|Waterfall|p1a: Kommo-o\n|-resisted|p1a: Kommo-o\n|-damage|p1a: Kommo-o|65\/100\n|move|p1b: Jirachi|Skill Swap|p2a: Swampert\n|-activate|p1b: Jirachi|move: Skill Swap|Swift Swim|Serene Grace|[of] p2a: Swampert\n|\n|-weather|RainDance|[upkeep]\n|upkeep\n|turn|2\n|\n|t:|1696082949\n|move|p1b: Jirachi|Psychic|p2b: Amoonguss\n|-supereffective|p2b: Amoonguss\n|-damage|p2b: Amoonguss|41\/100\n|-zpower|p1a: Kommo-o\n|move|p1a: Kommo-o|Clangorous Soulblaze|p2b: Amoonguss|[zeffect]|[spread] p2a,p2b\n|-damage|p2a: Swampert|57\/100\n|-damage|p2b: Amoonguss|3\/100\n|-boost|p1a: Kommo-o|atk|1\n|-boost|p1a: Kommo-o|def|1\n|-boost|p1a: Kommo-o|spa|1\n|-boost|p1a: Kommo-o|spd|1\n|-boost|p1a: Kommo-o|spe|1\n|move|p2a: Swampert|Ice Punch|p1a: Kommo-o\n|-supereffective|p1a: Kommo-o\n|-damage|p1a: Kommo-o|28\/100\n|-status|p1a: Kommo-o|frz\n|move|p2b: Amoonguss|Spore|p1b: Jirachi\n|-status|p1b: Jirachi|slp|[from] move: Spore\n|\n|-weather|RainDance|[upkeep]\n|-heal|p2b: Amoonguss|9\/100|[from] item: Black Sludge\n|upkeep\n|turn|3\n|\n|t:|1696082979\n|cant|p1b: Jirachi|slp\n|cant|p1a: Kommo-o|frz\n|move|p2a: Swampert|Waterfall|p1b: Jirachi\n|-damage|p1b: Jirachi|34\/100 slp\n|move|p2b: Amoonguss|Pollen Puff|p2a: Swampert\n|-heal|p2a: Swampert|100\/100\n|\n|-weather|RainDance|[upkeep]\n|-heal|p1b: Jirachi|40\/100 slp|[from] item: Leftovers\n|-heal|p2b: Amoonguss|15\/100|[from] item: Black Sludge\n|upkeep\n|turn|4\n|\n|t:|1696082997\n|switch|p2b: Scream Tail|Scream Tail|100\/100\n|-enditem|p2b: Scream Tail|Booster Energy\n|-activate|p2b: Scream Tail|ability: Protosynthesis|[fromitem]\n|-start|p2b: Scream Tail|protosynthesisspe\n|cant|p1b: Jirachi|slp\n|cant|p1a: Kommo-o|frz\n|move|p2a: Swampert|Waterfall|p1b: Jirachi\n|-damage|p1b: Jirachi|0 fnt\n|faint|p1b: Jirachi\n|\n|-weather|RainDance|[upkeep]\n|upkeep\n|\n|t:|1696083004\n|switch|p1b: Smeargle|Smeargle, M|100\/100\n|turn|5\n|\n|t:|1696083021\n|move|p2b: Scream Tail|Perish Song|p2b: Scream Tail\n|-immune|p1a: Kommo-o|[from] ability: Soundproof\n|-start|p1b: Smeargle|perish3|[silent]\n|-start|p2a: Swampert|perish3|[silent]\n|-start|p2b: Scream Tail|perish3|[silent]\n|-fieldactivate|move: Perish Song\n|cant|p1a: Kommo-o|frz\n|move|p1b: Smeargle|Jungle Healing|p1b: Smeargle|[spread] p1a,p1b\n|-heal|p1a: Kommo-o|53\/100 frz\n|-curestatus|p1a: Kommo-o|frz|[msg]\n|move|p2a: Swampert|Ice Punch|p1a: Kommo-o\n|-supereffective|p1a: Kommo-o\n|-damage|p1a: Kommo-o|18\/100\n|\n|-weather|none\n|-start|p2b: Scream Tail|perish3\n|-start|p1b: Smeargle|perish3\n|-start|p2a: Swampert|perish3\n|upkeep\n|turn|6\n|inactive|Stonny has 120 seconds left.\n|\n|t:|1696083052\n|move|p2b: Scream Tail|Encore|p1b: Smeargle\n|-start|p1b: Smeargle|Encore\n|move|p1a: Kommo-o|Poison Jab|p2b: Scream Tail\n|-supereffective|p2b: Scream Tail\n|-crit|p2b: Scream Tail\n|-damage|p2b: Scream Tail|9\/100\n|-status|p2b: Scream Tail|psn\n|move|p1b: Smeargle|Jungle Healing|p1b: Smeargle|[spread] p1a,p1b\n|-heal|p1a: Kommo-o|43\/100\n|move|p2a: Swampert|Ice Punch|p1a: Kommo-o\n|-supereffective|p1a: Kommo-o\n|-damage|p1a: Kommo-o|3\/100\n|\n|-damage|p2b: Scream Tail|0 fnt|[from] psn\n|faint|p2b: Scream Tail\n|-end|p2b: Scream Tail|Protosynthesis|[silent]\n|-start|p1b: Smeargle|perish2\n|-start|p2a: Swampert|perish2\n|upkeep\n|inactive|Stonny has 120 seconds left.\n|\n|t:|1696083066\n|switch|p2b: Gothitelle|Gothitelle, F|100\/100\n|turn|7\n|\n|t:|1696083078\n|switch|p2a: Kommo-o|Kommo-o, F|100\/100\n|move|p2b: Gothitelle|Fake Out|p1a: Kommo-o\n|-damage|p1a: Kommo-o|0 fnt\n|faint|p1a: Kommo-o\n|move|p1b: Smeargle|Jungle Healing||[still]\n|-fail|p1b: Smeargle\n|\n|-start|p1b: Smeargle|perish1\n|upkeep\n|\n|t:|1696083086\n|switch|p1a: Oricorio|Oricorio-Sensu, M|100\/100\n|turn|8\n|\n|t:|1696083098\n|move|p2a: Kommo-o|Protect|p2a: Kommo-o\n|-singleturn|p2a: Kommo-o|Protect\n|move|p2b: Gothitelle|Protect|p2b: Gothitelle\n|-singleturn|p2b: Gothitelle|Protect\n|move|p1b: Smeargle|Jungle Healing||[still]|[spread] \n|-fail|p1b: Smeargle\n|move|p1a: Oricorio|Revelation Dance|p2b: Gothitelle\n|-activate|p2b: Gothitelle|move: Protect\n|\n|-end|p1b: Smeargle|Encore\n|-start|p1b: Smeargle|perish0\n|faint|p1b: Smeargle\n|upkeep\n|\n|t:|1696083105\n|switch|p1b: Delphox|Delphox, M|100\/100\n|turn|9\n|\n|t:|1696083115\n|switch|p2b: Politoed|Politoed, F|100\/100\n|-weather|RainDance|[from] ability: Drizzle|[of] p2b: Politoed\n|move|p1b: Delphox|Role Play|p1a: Oricorio\n|-endability|p1b: Delphox|Magician|[from] move: Role Play\n|-ability|p1b: Delphox|Dancer|[from] move: Role Play|[of] p1a: Oricorio\n|-zpower|p2a: Kommo-o\n|move|p2a: Kommo-o|Clangorous Soulblaze|p1a: Oricorio|[zeffect]|[spread] p1a,p1b\n|-damage|p1a: Oricorio|32\/100\n|-damage|p1b: Delphox|39\/100\n|-boost|p2a: Kommo-o|atk|1\n|-boost|p2a: Kommo-o|def|1\n|-boost|p2a: Kommo-o|spa|1\n|-boost|p2a: Kommo-o|spd|1\n|-boost|p2a: Kommo-o|spe|1\n|move|p1a: Oricorio|Revelation Dance|p2b: Politoed\n|-damage|p2b: Politoed|77\/100\n|-activate|p1b: Delphox|ability: Dancer\n|move|p1b: Delphox|Revelation Dance|p2b: Politoed|[from]ability: Dancer\n|-resisted|p2b: Politoed\n|-damage|p2b: Politoed|69\/100\n|\n|-weather|RainDance|[upkeep]\n|-heal|p2b: Politoed|75\/100|[from] item: Leftovers\n|upkeep\n|turn|10\n|inactive|Stonny has 120 seconds left.\n|\n|t:|1696083149\n|-terastallize|p1a: Oricorio|Fairy\n|move|p2a: Kommo-o|Clanging Scales|p1a: Oricorio|[spread] p1b\n|-immune|p1a: Oricorio\n|-damage|p1b: Delphox|0 fnt\n|faint|p1b: Delphox\n|-unboost|p2a: Kommo-o|def|1\n|move|p1a: Oricorio|Revelation Dance|p2a: Kommo-o\n|-supereffective|p2a: Kommo-o\n|-damage|p2a: Kommo-o|11\/100\n|move|p2b: Politoed|Scald|p1a: Oricorio\n|-damage|p1a: Oricorio|0 fnt\n|faint|p1a: Oricorio\n|\n|-weather|RainDance|[upkeep]\n|-heal|p2b: Politoed|81\/100|[from] item: Leftovers\n|upkeep\n|\n|t:|1696083161\n|switch|p1b: Comfey|Comfey, M|100\/100\n|turn|11\n|\n|t:|1696083171\n|move|p2a: Kommo-o|Protect|p2a: Kommo-o\n|-singleturn|p2a: Kommo-o|Protect\n|move|p1b: Comfey|Draining Kiss|p2a: Kommo-o\n|-activate|p2a: Kommo-o|move: Protect\n|move|p2b: Politoed|Perish Song|p2b: Politoed\n|-start|p1b: Comfey|perish3|[silent]\n|-start|p2a: Kommo-o|perish3|[silent]\n|-start|p2b: Politoed|perish3|[silent]\n|-fieldactivate|move: Perish Song\n|\n|-weather|RainDance|[upkeep]\n|-heal|p2b: Politoed|88\/100|[from] item: Leftovers\n|-start|p2a: Kommo-o|perish3\n|-start|p1b: Comfey|perish3\n|-start|p2b: Politoed|perish3\n|upkeep\n|turn|12\n|-message|Theadonia forfeited.\n|\n|win|Stonny\n|raw|Theadonia's rating: 1065 &rarr; <strong>1050<\/strong><br \/>(-15 for losing)\n|raw|Stonny's rating: 1154 &rarr; <strong>1173<\/strong><br \/>(+19 for winning)\n|l|\u2606Theadonia\n","uploadtime":1696083191,"views":6,"p1id":"theadonia","p2id":"stonny","formatid":"gen9nationaldexdoubles","rating":1050,"private":0,"password":""}