{"id":"gen9nationaldexdoubles-1995692265","p1":"ELFRAN132","p2":"LightOfTheRuin","format":"[Gen 9] National Dex Doubles","log":"|j|\u2606ELFRAN132\n|j|\u2606LightOfTheRuin\n|t:|1700594422\n|gametype|doubles\n|player|p1|ELFRAN132|2|1352\n|player|p2|LightOfTheRuin|mallow-masters|1293\n|teamsize|p1|6\n|teamsize|p2|6\n|gen|9\n|tier|[Gen 9] National Dex Doubles\n|rated|\n|rule|HP Percentage Mod: HP is shown in percentages\n|rule|Endless Battle Clause: Forcing endless battles is banned\n|rule|OHKO Clause: OHKO moves are banned\n|rule|Evasion Moves Clause: Evasion moves are banned\n|rule|Evasion Abilities Clause: Evasion abilities are banned\n|rule|Species Clause: Limit one of each Pok\u00e9mon\n|rule|Gravity Sleep Clause: The combination of sleep-inducing moves with imperfect accuracy and Gravity or Gigantamax Orbeetle are banned\n|clearpoke\n|poke|p1|Rillaboom, F|\n|poke|p1|Metagross|\n|poke|p1|Incineroar, M|\n|poke|p1|Tornadus, M|\n|poke|p1|Regidrago|\n|poke|p1|Gholdengo|\n|poke|p2|Cherrim, F|\n|poke|p2|Lurantis, F|\n|poke|p2|Charizard, M|\n|poke|p2|Malamar, F|\n|poke|p2|Walking Wake|\n|poke|p2|Golurk|\n|teampreview\n|\n|t:|1700594433\n|start\n|switch|p1a: Regidrago|Regidrago|100\/100\n|switch|p1b: Tornadus|Tornadus, M|100\/100\n|switch|p2a: Poseidon|Walking Wake|100\/100\n|switch|p2b: Hades|Malamar, F|100\/100\n|turn|1\n|c|\u2606ELFRAN132|verga\n|c|\u2606ELFRAN132|poseidon\n|c|\u2606ELFRAN132|XD\n|\n|t:|1700594463\n|move|p1b: Tornadus|Tailwind|p1b: Tornadus\n|-sidestart|p1: ELFRAN132|move: Tailwind\n|move|p1a: Regidrago|Dragon Energy|p2a: Poseidon|[spread] p2a,p2b\n|-supereffective|p2a: Poseidon\n|-damage|p2a: Poseidon|0 fnt\n|-damage|p2b: Hades|14\/100\n|faint|p2a: Poseidon\n|-end|p2a: Poseidon|Protosynthesis|[silent]\n|move|p2b: Hades|Trick Room|p2b: Hades\n|-fieldstart|move: Trick Room|[of] p2b: Hades\n|\n|upkeep\n|\n|t:|1700594475\n|switch|p2a: Demeter|Lurantis, F|100\/100\n|turn|2\n|\n|t:|1700594493\n|switch|p1a: Metagross|Metagross|100\/100\n|move|p2a: Demeter|Superpower|p1a: Metagross\n|-damage|p1a: Metagross|68\/100\n|-boost|p2a: Demeter|atk|1\n|-boost|p2a: Demeter|def|1\n|move|p2b: Hades|Knock Off|p1b: Tornadus\n|-damage|p1b: Tornadus|66\/100\n|-enditem|p1b: Tornadus|Covert Cloak|[from] move: Knock Off|[of] p2b: Hades\n|move|p1b: Tornadus|Air Slash|p2a: Demeter\n|-supereffective|p2a: Demeter\n|-damage|p2a: Demeter|49\/100\n|\n|upkeep\n|turn|3\n|inactive|Battle timer is ON: inactive players will automatically lose when time's up. (requested by ELFRAN132)\n|\n|t:|1700594555\n|detailschange|p1a: Metagross|Metagross-Mega\n|-mega|p1a: Metagross|Metagross|Metagrossite\n|move|p1a: Metagross|Bullet Punch|p2b: Hades\n|-damage|p2b: Hades|0 fnt\n|faint|p2b: Hades\n|move|p2a: Demeter|Superpower|p1a: Metagross\n|-damage|p1a: Metagross|25\/100\n|-boost|p2a: Demeter|atk|1\n|-boost|p2a: Demeter|def|1\n|move|p1b: Tornadus|Air Slash|p2a: Demeter\n|-supereffective|p2a: Demeter\n|-damage|p2a: Demeter|4\/100\n|\n|upkeep\n|\n|t:|1700594568\n|switch|p2b: Thanatos|Golurk, shiny|100\/100\n|turn|4\n|\n|t:|1700594578\n|switch|p1b: Rillaboom|Rillaboom, F|100\/100\n|-fieldstart|move: Grassy Terrain|[from] ability: Grassy Surge|[of] p1b: Rillaboom\n|move|p1a: Metagross|Bullet Punch|p2a: Demeter\n|-damage|p2a: Demeter|0 fnt\n|faint|p2a: Demeter\n|move|p2b: Thanatos|Thunder Punch|p1b: Rillaboom\n|-resisted|p1b: Rillaboom\n|-damage|p1b: Rillaboom|84\/100\n|\n|-heal|p1b: Rillaboom|90\/100|[from] Grassy Terrain\n|-heal|p1a: Metagross|31\/100|[from] Grassy Terrain\n|-sideend|p1: ELFRAN132|move: Tailwind\n|upkeep\n|\n|t:|1700594593\n|switch|p2a: Apollo|Charizard, M|100\/100\n|turn|5\n|c|\u2606ELFRAN132|xd el name\n|\n|t:|1700594612\n|switch|p2b: Eos|Cherrim, F, shiny|100\/100\n|switch|p1a: Incineroar|Incineroar, M|100\/100\n|-ability|p1a: Incineroar|Intimidate|boost\n|-unboost|p2a: Apollo|atk|1\n|-unboost|p2b: Eos|atk|1\n|detailschange|p2a: Apollo|Charizard-Mega-Y, M\n|-mega|p2a: Apollo|Charizard|Charizardite Y\n|-weather|SunnyDay|[from] ability: Drought|[of] p2a: Apollo\n|-formechange|p2b: Eos|Cherrim-Sunshine|[msg]|[from] ability: Flower Gift\n|move|p1b: Rillaboom|Fake Out|p2a: Apollo\n|-damage|p2a: Apollo|87\/100\n|cant|p2a: Apollo|flinch\n|\n|-weather|SunnyDay|[upkeep]\n|-heal|p1b: Rillaboom|96\/100|[from] Grassy Terrain\n|-fieldend|move: Trick Room\n|upkeep\n|turn|6\n|\n|t:|1700594638\n|move|p2b: Eos|Protect|p2b: Eos\n|-singleturn|p2b: Eos|Protect\n|move|p2a: Apollo|Heat Wave|p1a: Incineroar|[spread] p1b\n|-miss|p2a: Apollo|p1a: Incineroar\n|-supereffective|p1b: Rillaboom\n|-damage|p1b: Rillaboom|0 fnt\n|faint|p1b: Rillaboom\n|move|p1a: Incineroar|Parting Shot|p2a: Apollo\n|-unboost|p2a: Apollo|atk|1\n|-unboost|p2a: Apollo|spa|1\n|inactive|ELFRAN132 has 120 seconds left.\n|\n|t:|1700594649\n|switch|p1a: Regidrago|Regidrago|100\/100|[from] Parting Shot\n|\n|-weather|SunnyDay|[upkeep]\n|upkeep\n|\n|t:|1700594653\n|switch|p1b: Tornadus|Tornadus, M|66\/100\n|turn|7\n|\n|t:|1700594677\n|move|p1b: Tornadus|Tailwind|p1b: Tornadus\n|-sidestart|p1: ELFRAN132|move: Tailwind\n|move|p1a: Regidrago|Dragon Energy|p2b: Eos|[spread] p2a,p2b\n|-damage|p2a: Apollo|25\/100\n|-damage|p2b: Eos|3\/100\n|move|p2a: Apollo|Heat Wave|p1a: Regidrago|[spread] p1b\n|-miss|p2a: Apollo|p1a: Regidrago\n|-damage|p1b: Tornadus|25\/100\n|move|p2b: Eos|Pollen Puff|p2a: Apollo\n|-heal|p2a: Apollo|75\/100\n|\n|-weather|SunnyDay|[upkeep]\n|-heal|p2b: Eos|10\/100|[from] Grassy Terrain\n|-heal|p2b: Eos|16\/100|[from] item: Leftovers\n|upkeep\n|turn|8\n|\n|t:|1700594697\n|move|p2b: Eos|Protect|p2b: Eos\n|-singleturn|p2b: Eos|Protect\n|move|p1a: Regidrago|Dragon Energy|p2b: Eos|[spread] p2a\n|-activate|p2b: Eos|move: Protect\n|-damage|p2a: Apollo|11\/100\n|move|p1b: Tornadus|Air Slash|p2a: Apollo\n|-damage|p2a: Apollo|0 fnt\n|faint|p2a: Apollo\n|\n|-weather|SunnyDay|[upkeep]\n|-heal|p2b: Eos|22\/100|[from] Grassy Terrain\n|-heal|p2b: Eos|28\/100|[from] item: Leftovers\n|-fieldend|move: Grassy Terrain\n|upkeep\n|-message|LightOfTheRuin forfeited.\n|\n|win|ELFRAN132\n|raw|ELFRAN132's rating: 1352 &rarr; <strong>1369<\/strong><br \/>(+17 for winning)\n|raw|LightOfTheRuin's rating: 1293 &rarr; <strong>1272<\/strong><br \/>(-21 for losing)\n|l|\u2606LightOfTheRuin\n|l|\u2606ELFRAN132\n|j|\u2606ELFRAN132\n|player|p1|ELFRAN132|2\n","uploadtime":1700594719,"views":0,"p1id":"elfran132","p2id":"lightoftheruin","formatid":"gen9nationaldexdoubles","rating":1272,"private":0,"password":""}