{"id":"gen9nationaldexdoubles-1999161797","p1":"Lux2821","p2":"austinerzs","format":"[Gen 9] National Dex Doubles","log":"|j|\u2606Lux2821\n|j|\u2606austinerzs\n|t:|1701039977\n|gametype|doubles\n|player|p1|Lux2821|lusamine-nihilego|\n|player|p2|austinerzs|bellelba|\n|teamsize|p1|6\n|teamsize|p2|6\n|gen|9\n|tier|[Gen 9] National Dex Doubles\n|rule|HP Percentage Mod: HP is shown in percentages\n|rule|Endless Battle Clause: Forcing endless battles is banned\n|rule|OHKO Clause: OHKO moves are banned\n|rule|Evasion Moves Clause: Evasion moves are banned\n|rule|Evasion Abilities Clause: Evasion abilities are banned\n|rule|Species Clause: Limit one of each Pok\u00e9mon\n|rule|Gravity Sleep Clause: The combination of sleep-inducing moves with imperfect accuracy and Gravity or Gigantamax Orbeetle are banned\n|clearpoke\n|poke|p1|Tapu Lele|\n|poke|p1|Alakazam, M|\n|poke|p1|Articuno-Galar|\n|poke|p1|Indeedee-F, F|\n|poke|p1|Lunatone|\n|poke|p1|Solrock|\n|poke|p2|Samurott-Hisui, F|\n|poke|p2|Empoleon, F|\n|poke|p2|Gyarados, F|\n|poke|p2|Tapu Fini|\n|poke|p2|Volcanion|\n|poke|p2|Urshifu-*, F|\n|teampreview\n|inactive|Battle timer is ON: inactive players will automatically lose when time's up. (requested by Lux2821)\n|c|\u2606austinerzs|glhf\n|c|\u2606Lux2821|glhf!\n|\n|t:|1701039995\n|start\n|switch|p1a: Mind > Ice|Articuno-Galar, shiny|100\/100\n|switch|p1b: egg no shell|Indeedee-F, F, shiny|100\/100\n|switch|p2a: Empoleon|Empoleon, F|100\/100\n|switch|p2b: Samurott|Samurott-Hisui, F|100\/100\n|-fieldstart|move: Psychic Terrain|[from] ability: Psychic Surge|[of] p1b: egg no shell\n|turn|1\n|\n|t:|1701040007\n|move|p2b: Samurott|Ceaseless Edge|p1a: Mind > Ice\n|-supereffective|p1a: Mind > Ice\n|-damage|p1a: Mind > Ice|0 fnt\n|-sidestart|p1: Lux2821|Spikes\n|faint|p1a: Mind > Ice\n|move|p1b: egg no shell|Dazzling Gleam|p2b: Samurott|[spread] p2a,p2b\n|-resisted|p2a: Empoleon\n|-supereffective|p2b: Samurott\n|-damage|p2a: Empoleon|97\/100\n|-damage|p2b: Samurott|54\/100\n|move|p2a: Empoleon|Knock Off|p1b: egg no shell\n|-supereffective|p1b: egg no shell\n|-damage|p1b: egg no shell|26\/100\n|-damage|p2a: Empoleon|80\/100|[from] item: Rocky Helmet|[of] p1b: egg no shell\n|-enditem|p1b: egg no shell|Rocky Helmet|[from] move: Knock Off|[of] p2a: Empoleon\n|\n|upkeep\n|\n|t:|1701040016\n|switch|p1a: egg|Tapu Lele, shiny|100\/100\n|-damage|p1a: egg|88\/100|[from] Spikes\n|turn|2\n|\n|t:|1701040027\n|switch|p2b: Volcanion|Volcanion|100\/100\n|move|p1a: egg|Dazzling Gleam|p2b: Volcanion|[spread] p2a,p2b\n|-resisted|p2a: Empoleon\n|-resisted|p2b: Volcanion\n|-damage|p2a: Empoleon|69\/100\n|-damage|p2b: Volcanion|87\/100\n|move|p1b: egg no shell|Expanding Force|p2a: Empoleon|[spread] p2a,p2b\n|-resisted|p2a: Empoleon\n|-crit|p2b: Volcanion\n|-damage|p2a: Empoleon|57\/100\n|-damage|p2b: Volcanion|49\/100\n|move|p2a: Empoleon|Scald|p1b: egg no shell\n|-damage|p1b: egg no shell|0 fnt\n|faint|p1b: egg no shell\n|\n|upkeep\n|\n|t:|1701040037\n|switch|p1b: Spooky Spoon|Alakazam, M, shiny|100\/100\n|-damage|p1b: Spooky Spoon|88\/100|[from] Spikes\n|turn|3\n|c|\u2606austinerzs|bro crit me\n|c|\u2606austinerzs|remember u can\u2019t mega that\n|c|\u2606Lux2821|I can\n|c|\u2606Lux2821|it's legal in mono\n|c|\u2606austinerzs|go fuck urself honestly\n|inactive|Lux2821 has 270 seconds left.\n|\n|t:|1701040075\n|detailschange|p1b: Spooky Spoon|Alakazam-Mega, M, shiny\n|-mega|p1b: Spooky Spoon|Alakazam|Alakazite\n|-ability|p1b: Spooky Spoon|Water Absorb|[from] ability: Trace|[of] p2b: Volcanion\n|move|p1b: Spooky Spoon|Expanding Force|p2b: Volcanion|[spread] p2a,p2b\n|-resisted|p2a: Empoleon\n|-damage|p2a: Empoleon|40\/100\n|-damage|p2b: Volcanion|10\/100\n|move|p1a: egg|Dazzling Gleam|p2b: Volcanion|[spread] p2a,p2b\n|-resisted|p2a: Empoleon\n|-resisted|p2b: Volcanion\n|-damage|p2a: Empoleon|29\/100\n|-damage|p2b: Volcanion|0 fnt\n|faint|p2b: Volcanion\n|move|p2a: Empoleon|Flash Cannon|p1a: egg\n|-supereffective|p1a: egg\n|-damage|p1a: egg|25\/100\n|\n|upkeep\n|inactive|austinerzs has 270 seconds left.\n|\n|t:|1701040092\n|switch|p2b: Tapu Fini|Tapu Fini|100\/100\n|-fieldstart|move: Misty Terrain|[from] ability: Misty Surge|[of] p2b: Tapu Fini\n|turn|4\n|\n|t:|1701040102\n|move|p1b: Spooky Spoon|Zap Cannon|p2a: Empoleon|[miss]\n|-miss|p1b: Spooky Spoon|p2a: Empoleon\n|move|p1a: egg|Dazzling Gleam|p2a: Empoleon|[spread] p2a,p2b\n|-resisted|p2a: Empoleon\n|-damage|p2a: Empoleon|19\/100\n|-damage|p2b: Tapu Fini|67\/100\n|-zpower|p2b: Tapu Fini\n|move|p2b: Tapu Fini|Twinkle Tackle|p1b: Spooky Spoon|[zeffect]\n|-damage|p1b: Spooky Spoon|0 fnt\n|faint|p1b: Spooky Spoon\n|move|p2a: Empoleon|Flash Cannon|p1a: egg\n|-supereffective|p1a: egg\n|-damage|p1a: egg|0 fnt\n|faint|p1a: egg\n|\n|upkeep\n|c|\u2606austinerzs|bro said zap cannon\n|c|\u2606Lux2821|bro pulling out zmoves\n|\n|t:|1701040120\n|switch|p1b: onion sack|Solrock|100\/100\n|switch|p1a: potato sack|Lunatone, shiny|100\/100\n|turn|5\n|c|\u2606austinerzs|tapu fini has 95 spa what did u want me to do\n|\n|t:|1701040140\n|move|p1b: onion sack|Light Screen|p1b: onion sack\n|-sidestart|p1: Lux2821|move: Light Screen\n|move|p2b: Tapu Fini|Scald|p1a: potato sack\n|-supereffective|p1a: potato sack\n|-damage|p1a: potato sack|72\/100\n|move|p1a: potato sack|Grass Knot|p2a: Empoleon\n|-damage|p2a: Empoleon|7\/100\n|move|p2a: Empoleon|Scald|p1b: onion sack\n|-supereffective|p1b: onion sack\n|-damage|p1b: onion sack|32\/100\n|\n|upkeep\n|turn|6\n|\n|t:|1701040151\n|move|p1b: onion sack|Reflect|p1b: onion sack\n|-sidestart|p1: Lux2821|Reflect\n|move|p2b: Tapu Fini|Scald|p1b: onion sack\n|-supereffective|p1b: onion sack\n|-damage|p1b: onion sack|0 fnt\n|faint|p1b: onion sack\n|move|p1a: potato sack|Grass Knot|p2a: Empoleon\n|-damage|p2a: Empoleon|0 fnt\n|faint|p2a: Empoleon\n|\n|upkeep\n|\n|t:|1701040158\n|switch|p2a: Urshifu|Urshifu-Rapid-Strike, F|100\/100\n|turn|7\n|\n|t:|1701040162\n|move|p2a: Urshifu|Surging Strikes|p1a: potato sack\n|-supereffective|p1a: potato sack\n|-crit|p1a: potato sack\n|-damage|p1a: potato sack|17\/100\n|-supereffective|p1a: potato sack\n|-crit|p1a: potato sack\n|-damage|p1a: potato sack|0 fnt\n|faint|p1a: potato sack\n|-hitcount|p1: potato sack|2\n|\n|win|austinerzs\n|c|\u2606Lux2821|gg\n|c|\u2606austinerzs|gg\n","uploadtime":1701040170,"views":29,"p1id":"lux2821","p2id":"austinerzs","formatid":"gen9nationaldexdoubles","rating":0,"private":0,"password":""}