{"id":"gen9nationaldexdoubles-1998160114","p1":"Material Pain","p2":"Redjoejo","format":"[Gen 9] National Dex Doubles","log":"|j|\u2606Material Pain\n|j|\u2606Redjoejo\n|t:|1700903260\n|gametype|doubles\n|player|p1|Material Pain|hugh|1437\n|player|p2|Redjoejo|n|1304\n|teamsize|p1|6\n|teamsize|p2|6\n|gen|9\n|tier|[Gen 9] National Dex Doubles\n|rated|\n|rule|HP Percentage Mod: HP is shown in percentages\n|rule|Endless Battle Clause: Forcing endless battles is banned\n|rule|OHKO Clause: OHKO moves are banned\n|rule|Evasion Moves Clause: Evasion moves are banned\n|rule|Evasion Abilities Clause: Evasion abilities are banned\n|rule|Species Clause: Limit one of each Pok\u00e9mon\n|rule|Gravity Sleep Clause: The combination of sleep-inducing moves with imperfect accuracy and Gravity or Gigantamax Orbeetle are banned\n|clearpoke\n|poke|p1|Metagross|\n|poke|p1|Milotic, F|\n|poke|p1|Tapu Lele|\n|poke|p1|Armarouge, F|\n|poke|p1|Hydreigon, F|\n|poke|p1|Regieleki|\n|poke|p2|Serperior, M|\n|poke|p2|Pelipper, F|\n|poke|p2|Rillaboom, F|\n|poke|p2|Swampert, F|\n|poke|p2|Oranguru, M|\n|poke|p2|Barraskewda, F|\n|teampreview\n|inactive|Battle timer is ON: inactive players will automatically lose when time's up. (requested by Redjoejo)\n|\n|t:|1700903276\n|start\n|switch|p1a: Hydreigon|Hydreigon, F|100\/100\n|switch|p1b: Metagross|Metagross|100\/100\n|switch|p2a: \u8f70\u96f7\u91d1\u521a\u7329|Rillaboom, F, shiny|100\/100\n|switch|p2b: \u8bf8\u845b\u6751\u592b|Oranguru, M, shiny|100\/100\n|-fieldstart|move: Grassy Terrain|[from] ability: Grassy Surge|[of] p2a: \u8f70\u96f7\u91d1\u521a\u7329\n|turn|1\n|\n|t:|1700903291\n|detailschange|p1b: Metagross|Metagross-Mega\n|-mega|p1b: Metagross|Metagross|Metagrossite\n|-terastallize|p1a: Hydreigon|Dark\n|move|p2a: \u8f70\u96f7\u91d1\u521a\u7329|Fake Out|p1a: Hydreigon\n|-damage|p1a: Hydreigon|84\/100\n|move|p1b: Metagross|Iron Head|p2b: \u8bf8\u845b\u6751\u592b\n|-damage|p2b: \u8bf8\u845b\u6751\u592b|55\/100\n|cant|p1a: Hydreigon|flinch\n|move|p2b: \u8bf8\u845b\u6751\u592b|Gravity|p2b: \u8bf8\u845b\u6751\u592b\n|-fieldstart|move: Gravity\n|\n|-heal|p1a: Hydreigon|90\/100|[from] Grassy Terrain\n|-heal|p2b: \u8bf8\u845b\u6751\u592b|61\/100|[from] Grassy Terrain\n|upkeep\n|turn|2\n|\n|t:|1700903318\n|move|p2b: \u8bf8\u845b\u6751\u592b|Ally Switch|p2b: \u8bf8\u845b\u6751\u592b\n|swap|p2b: \u8bf8\u845b\u6751\u592b|0|[from] move: Ally Switch\n|move|p1b: Metagross|Iron Head|p2b: \u8f70\u96f7\u91d1\u521a\u7329\n|-damage|p2b: \u8f70\u96f7\u91d1\u521a\u7329|44\/100\n|move|p1a: Hydreigon|Tailwind|p1a: Hydreigon\n|-sidestart|p1: Material Pain|move: Tailwind\n|cant|p2b: \u8f70\u96f7\u91d1\u521a\u7329|flinch\n|\n|-heal|p1a: Hydreigon|96\/100|[from] Grassy Terrain\n|-heal|p2b: \u8f70\u96f7\u91d1\u521a\u7329|50\/100|[from] Grassy Terrain\n|-heal|p2a: \u8bf8\u845b\u6751\u592b|68\/100|[from] Grassy Terrain\n|upkeep\n|turn|3\n|\n|t:|1700903343\n|move|p1b: Metagross|Iron Head|p2b: \u8f70\u96f7\u91d1\u521a\u7329\n|-damage|p2b: \u8f70\u96f7\u91d1\u521a\u7329|0 fnt\n|faint|p2b: \u8f70\u96f7\u91d1\u521a\u7329\n|move|p1a: Hydreigon|Dark Pulse|p2a: \u8bf8\u845b\u6751\u592b\n|-supereffective|p2a: \u8bf8\u845b\u6751\u592b\n|-damage|p2a: \u8bf8\u845b\u6751\u592b|0 fnt\n|faint|p2a: \u8bf8\u845b\u6751\u592b\n|\n|-heal|p1a: Hydreigon|100\/100|[from] Grassy Terrain\n|upkeep\n|inactive|Redjoejo has 120 seconds left.\n|\n|t:|1700903356\n|switch|p2b: \u623d\u6597\u5c16\u68ad|Barraskewda, F|100\/100\n|switch|p2a: \u76d6\u9e25\u5361|Pelipper, F|100\/100\n|-weather|RainDance|[from] ability: Drizzle|[of] p2a: \u76d6\u9e25\u5361\n|turn|4\n|\n|t:|1700903370\n|switch|p1a: Tapu Lele|Tapu Lele|100\/100\n|-fieldstart|move: Psychic Terrain|[from] ability: Psychic Surge|[of] p1a: Tapu Lele\n|-terastallize|p2b: \u623d\u6597\u5c16\u68ad|Water\n|move|p2b: \u623d\u6597\u5c16\u68ad|Flip Turn|p1a: Tapu Lele\n|-damage|p1a: Tapu Lele|0 fnt\n|faint|p1a: Tapu Lele\n|\n|t:|1700903383\n|switch|p2b: \u9e22\u9752|Serperior, M|100\/100|[from] Flip Turn\n|move|p1b: Metagross|Zen Headbutt|p2b: \u9e22\u9752\n|-crit|p2b: \u9e22\u9752\n|-damage|p2b: \u9e22\u9752|0 fnt\n|faint|p2b: \u9e22\u9752\n|move|p2a: \u76d6\u9e25\u5361|Tailwind|p2a: \u76d6\u9e25\u5361\n|-sidestart|p2: Redjoejo|move: Tailwind\n|\n|-weather|RainDance|[upkeep]\n|upkeep\n|\n|t:|1700903405\n|switch|p2b: \u623d\u6597\u5c16\u68ad|Barraskewda, F, tera:Water|100\/100\n|switch|p1a: Milotic|Milotic, F|100\/100\n|turn|5\n|\n|t:|1700903416\n|move|p1b: Metagross|Protect|p1b: Metagross\n|-singleturn|p1b: Metagross|Protect\n|move|p2b: \u623d\u6597\u5c16\u68ad|Liquidation|p1b: Metagross\n|-activate|p1b: Metagross|move: Protect\n|move|p1a: Milotic|Icy Wind|p2b: \u623d\u6597\u5c16\u68ad|[spread] p2a,p2b\n|-resisted|p2b: \u623d\u6597\u5c16\u68ad\n|-damage|p2a: \u76d6\u9e25\u5361|78\/100\n|-damage|p2b: \u623d\u6597\u5c16\u68ad|86\/100\n|-unboost|p2a: \u76d6\u9e25\u5361|spe|1\n|-unboost|p2b: \u623d\u6597\u5c16\u68ad|spe|1\n|move|p2a: \u76d6\u9e25\u5361|Hurricane|p1a: Milotic\n|-damage|p1a: Milotic|58\/100\n|\n|-weather|RainDance|[upkeep]\n|-sideend|p1: Material Pain|move: Tailwind\n|-fieldend|move: Gravity\n|upkeep\n|turn|6\n|\n|t:|1700903446\n|switch|p1b: Armarouge|Armarouge, F|100\/100\n|move|p2b: \u623d\u6597\u5c16\u68ad|Liquidation|p1a: Milotic\n|-resisted|p1a: Milotic\n|-damage|p1a: Milotic|0 fnt\n|faint|p1a: Milotic\n|move|p2a: \u76d6\u9e25\u5361|Hurricane|p1b: Armarouge\n|-damage|p1b: Armarouge|39\/100\n|\n|-weather|RainDance|[upkeep]\n|upkeep\n|inactive|Material Pain has 120 seconds left.\n|\n|t:|1700903457\n|switch|p1a: Regieleki|Regieleki|100\/100\n|turn|7\n|\n|t:|1700903465\n|move|p2b: \u623d\u6597\u5c16\u68ad|Liquidation|p1a: Regieleki\n|-damage|p1a: Regieleki|0 fnt\n|faint|p1a: Regieleki\n|move|p2a: \u76d6\u9e25\u5361|Hurricane|p1b: Armarouge\n|-damage|p1b: Armarouge|0 fnt\n|faint|p1b: Armarouge\n|\n|-weather|RainDance|[upkeep]\n|-sideend|p2: Redjoejo|move: Tailwind\n|upkeep\n|\n|t:|1700903471\n|switch|p1a: Hydreigon|Hydreigon, F, tera:Dark|100\/100\n|switch|p1b: Metagross|Metagross-Mega|100\/100\n|turn|8\n|\n|t:|1700903483\n|move|p2b: \u623d\u6597\u5c16\u68ad|Liquidation|p1b: Metagross\n|-damage|p1b: Metagross|0 fnt\n|faint|p1b: Metagross\n|move|p1a: Hydreigon|Dark Pulse|p2a: \u76d6\u9e25\u5361\n|-damage|p2a: \u76d6\u9e25\u5361|0 fnt\n|faint|p2a: \u76d6\u9e25\u5361\n|\n|-weather|none\n|-fieldend|move: Psychic Terrain\n|upkeep\n|-message|Material Pain forfeited.\n|\n|win|Redjoejo\n|raw|Material Pain's rating: 1437 &rarr; <strong>1410<\/strong><br \/>(-27 for losing)\n|raw|Redjoejo's rating: 1304 &rarr; <strong>1331<\/strong><br \/>(+27 for winning)\n|l|\u2606Material Pain\n","uploadtime":1700903492,"views":0,"p1id":"materialpain","p2id":"redjoejo","formatid":"gen9nationaldexdoubles","rating":1331,"private":0,"password":""}