{"id":"gen9nationaldexdoubles-1959767757","p1":"Tournesun","p2":"impastabot4000","format":"[Gen 9] National Dex Doubles","log":"|j|\u2606Tournesun\n|j|\u2606impastabot4000\n|t:|1696453628\n|gametype|doubles\n|player|p1|Tournesun|workerice|1072\n|player|p2|impastabot4000|nate|1310\n|teamsize|p1|6\n|teamsize|p2|6\n|gen|9\n|tier|[Gen 9] National Dex Doubles\n|rated|\n|rule|HP Percentage Mod: HP is shown in percentages\n|rule|Endless Battle Clause: Forcing endless battles is banned\n|rule|OHKO Clause: OHKO moves are banned\n|rule|Evasion Moves Clause: Evasion moves are banned\n|rule|Evasion Abilities Clause: Evasion abilities are banned\n|rule|Species Clause: Limit one of each Pok\u00e9mon\n|rule|Gravity Sleep Clause: The combination of sleep-inducing moves with imperfect accuracy and Gravity or Gigantamax Orbeetle are banned\n|clearpoke\n|poke|p1|Oricorio-Pom-Pom, M|\n|poke|p1|Quaquaval, F|\n|poke|p1|Farigiraf, F|\n|poke|p1|Kingambit, M|\n|poke|p1|Meloetta|\n|poke|p1|Dusclops, M|\n|poke|p2|Rillaboom, M|\n|poke|p2|Salamence, M|\n|poke|p2|Volcanion|\n|poke|p2|Chien-Pao|\n|poke|p2|Flutter Mane|\n|poke|p2|Ogerpon-Cornerstone, F|\n|teampreview\n|inactive|Battle timer is ON: inactive players will automatically lose when time's up. (requested by impastabot4000)\n|inactive|impastabot4000 has 120 seconds left.\n|\n|t:|1696453667\n|start\n|switch|p1a: Farigiraf|Farigiraf, F|100\/100\n|switch|p1b: Dusclops|Dusclops, M|100\/100\n|switch|p2a: Chien-Pao|Chien-Pao|100\/100\n|switch|p2b: Ogerpon|Ogerpon-Cornerstone, F|100\/100\n|-ability|p2a: Chien-Pao|Sword of Ruin\n|-ability|p1b: Dusclops|Pressure\n|turn|1\n|inactive|Tournesun has 120 seconds left.\n|\n|t:|1696453698\n|move|p2a: Chien-Pao|Ice Spinner|p1a: Farigiraf\n|-damage|p1a: Farigiraf|44\/100\n|-damage|p2a: Chien-Pao|84\/100|[from] item: Rocky Helmet|[of] p1a: Farigiraf\n|move|p2b: Ogerpon|Ivy Cudgel|p1a: Farigiraf\n|-damage|p1a: Farigiraf|0 fnt\n|faint|p1a: Farigiraf\n|move|p1b: Dusclops|Toxic|p2b: Ogerpon\n|-status|p2b: Ogerpon|tox\n|\n|-damage|p2b: Ogerpon|95\/100 tox|[from] psn\n|upkeep\n|inactive|Tournesun has 120 seconds left.\n|\n|t:|1696453719\n|switch|p1a: Meloetta|Meloetta|100\/100\n|turn|2\n|inactive|Tournesun has 120 seconds left.\n|\n|t:|1696453743\n|-terastallize|p2b: Ogerpon|Rock\n|detailschange|p2b: Ogerpon|Ogerpon-Cornerstone-Tera, F, tera:Rock\n|-ability|p2b: Ogerpon|Embody Aspect (Cornerstone)|boost\n|-boost|p2b: Ogerpon|def|1\n|move|p2a: Chien-Pao|Sucker Punch|p1a: Meloetta\n|-supereffective|p1a: Meloetta\n|-damage|p1a: Meloetta|0 fnt\n|faint|p1a: Meloetta\n|move|p2b: Ogerpon|Ivy Cudgel|p1b: Dusclops\n|-damage|p1b: Dusclops|47\/100\n|move|p1b: Dusclops|Skill Swap|p2a: Chien-Pao\n|-activate|p1b: Dusclops|move: Skill Swap|Sword of Ruin|Pressure|[of] p2a: Chien-Pao\n|-ability|p1b: Dusclops|Sword of Ruin\n|-ability|p2a: Chien-Pao|Pressure\n|\n|-damage|p2b: Ogerpon|83\/100 tox|[from] psn\n|upkeep\n|\n|t:|1696453759\n|switch|p1a: Quaquaval|Quaquaval, F|100\/100\n|turn|3\n|\n|t:|1696453769\n|switch|p2a: Salamence|Salamence, M|100\/100\n|-ability|p2a: Salamence|Intimidate|boost\n|-unboost|p1a: Quaquaval|atk|1\n|-unboost|p1b: Dusclops|atk|1\n|switch|p2b: Rillaboom|Rillaboom, M|100\/100\n|-fieldstart|move: Grassy Terrain|[from] ability: Grassy Surge|[of] p2b: Rillaboom\n|move|p1a: Quaquaval|Aqua Step|p2b: Rillaboom\n|-resisted|p2b: Rillaboom\n|-damage|p2b: Rillaboom|81\/100\n|-boost|p1a: Quaquaval|spe|1\n|-damage|p1a: Quaquaval|91\/100|[from] item: Life Orb\n|move|p1b: Dusclops|Toxic|p2a: Salamence\n|-status|p2a: Salamence|tox\n|\n|-heal|p1a: Quaquaval|97\/100|[from] Grassy Terrain\n|-heal|p2b: Rillaboom|87\/100|[from] Grassy Terrain\n|-heal|p1b: Dusclops|53\/100|[from] Grassy Terrain\n|-damage|p2a: Salamence|94\/100 tox|[from] psn\n|upkeep\n|turn|4\n|\n|t:|1696453795\n|switch|p1a: Oricorio|Oricorio-Pom-Pom, M|100\/100\n|detailschange|p2a: Salamence|Salamence-Mega, M\n|-mega|p2a: Salamence|Salamence|Salamencite\n|move|p2b: Rillaboom|Fake Out|p1a: Oricorio\n|-damage|p1a: Oricorio|73\/100\n|move|p2a: Salamence|Tailwind|p2a: Salamence\n|-sidestart|p2: impastabot4000|move: Tailwind\n|move|p1b: Dusclops|Toxic|p2b: Rillaboom\n|-status|p2b: Rillaboom|tox\n|\n|-heal|p2b: Rillaboom|93\/100 tox|[from] Grassy Terrain\n|-heal|p1b: Dusclops|59\/100|[from] Grassy Terrain\n|-damage|p2a: Salamence|82\/100 tox|[from] psn\n|-damage|p2b: Rillaboom|87\/100 tox|[from] psn\n|upkeep\n|turn|5\n|inactive|Tournesun has 120 seconds left.\n|\n|t:|1696453827\n|move|p1a: Oricorio|Protect|p1a: Oricorio\n|-singleturn|p1a: Oricorio|Protect\n|move|p2a: Salamence|Frustration|p1a: Oricorio\n|-activate|p1a: Oricorio|move: Protect\n|move|p2b: Rillaboom|Wood Hammer|p1a: Oricorio\n|-activate|p1a: Oricorio|move: Protect\n|move|p1b: Dusclops|Night Shade|p2b: Rillaboom\n|-damage|p2b: Rillaboom|62\/100 tox\n|\n|-heal|p2b: Rillaboom|68\/100 tox|[from] Grassy Terrain\n|-heal|p1b: Dusclops|65\/100|[from] Grassy Terrain\n|-damage|p2a: Salamence|64\/100 tox|[from] psn\n|-damage|p2b: Rillaboom|56\/100 tox|[from] psn\n|upkeep\n|turn|6\n|inactive|Tournesun has 120 seconds left.\n|\n|t:|1696453859\n|move|p2a: Salamence|Frustration|p1a: Oricorio\n|-resisted|p1a: Oricorio\n|-damage|p1a: Oricorio|11\/100\n|move|p2b: Rillaboom|Wood Hammer|p1a: Oricorio\n|-resisted|p1a: Oricorio\n|-damage|p1a: Oricorio|0 fnt\n|faint|p1a: Oricorio\n|-damage|p2b: Rillaboom|53\/100 tox|[from] Recoil\n|move|p1b: Dusclops|Night Shade|p2b: Rillaboom\n|-damage|p2b: Rillaboom|28\/100 tox\n|\n|-heal|p2b: Rillaboom|34\/100 tox|[from] Grassy Terrain\n|-heal|p1b: Dusclops|71\/100|[from] Grassy Terrain\n|-damage|p2a: Salamence|40\/100 tox|[from] psn\n|-damage|p2b: Rillaboom|16\/100 tox|[from] psn\n|upkeep\n|inactive|Tournesun has 120 seconds left.\n|\n|t:|1696453875\n|switch|p1a: Kingambit|Kingambit, M|100\/100\n|-activate|p1a: Kingambit|ability: Supreme Overlord\n|-start|p1a: Kingambit|fallen3|[silent]\n|turn|7\n|\n|t:|1696453900\n|move|p1a: Kingambit|Protect|p1a: Kingambit\n|-singleturn|p1a: Kingambit|Protect\n|move|p2a: Salamence|Frustration|p1b: Dusclops\n|-damage|p1b: Dusclops|40\/100\n|move|p2b: Rillaboom|Wood Hammer|p1b: Dusclops\n|-damage|p1b: Dusclops|0 fnt\n|faint|p1b: Dusclops\n|-damage|p2b: Rillaboom|7\/100 tox|[from] Recoil\n|\n|-heal|p2b: Rillaboom|13\/100 tox|[from] Grassy Terrain\n|-damage|p2a: Salamence|10\/100 tox|[from] psn\n|-damage|p2b: Rillaboom|0 fnt|[from] psn\n|faint|p2b: Rillaboom\n|-sideend|p2: impastabot4000|move: Tailwind\n|-fieldend|move: Grassy Terrain\n|upkeep\n|\n|t:|1696453919\n|switch|p2b: Ogerpon|Ogerpon-Cornerstone-Tera, F, tera:Rock|83\/100 tox\n|switch|p1b: Quaquaval|Quaquaval, F|97\/100\n|-ability|p2b: Ogerpon|Embody Aspect (Cornerstone)|boost\n|-boost|p2b: Ogerpon|def|1\n|turn|8\n|\n|t:|1696453932\n|-terastallize|p1a: Kingambit|Ghost\n|move|p1a: Kingambit|Sucker Punch||[still]\n|-fail|p1a: Kingambit\n|move|p2a: Salamence|Tailwind|p2a: Salamence\n|-sidestart|p2: impastabot4000|move: Tailwind\n|move|p2b: Ogerpon|Wood Hammer|p1b: Quaquaval\n|-supereffective|p1b: Quaquaval\n|-damage|p1b: Quaquaval|0 fnt\n|faint|p1b: Quaquaval\n|-damage|p2b: Ogerpon|50\/100 tox|[from] Recoil\n|\n|-damage|p2a: Salamence|0 fnt|[from] psn\n|faint|p2a: Salamence\n|-damage|p2b: Ogerpon|44\/100 tox|[from] psn\n|upkeep\n|c|\u2606impastabot4000|gg\n|\n|t:|1696453946\n|switch|p2a: Chien-Pao|Chien-Pao|84\/100\n|-ability|p2a: Chien-Pao|Sword of Ruin\n|turn|9\n|-message|Tournesun forfeited.\n|\n|win|impastabot4000\n|raw|Tournesun's rating: 1072 &rarr; <strong>1064<\/strong><br \/>(-8 for losing)\n|raw|impastabot4000's rating: 1310 &rarr; <strong>1318<\/strong><br \/>(+8 for winning)\n|l|\u2606Tournesun\n","uploadtime":1696453957,"views":15,"p1id":"tournesun","p2id":"impastabot4000","formatid":"gen9nationaldexdoubles","rating":1064,"private":0,"password":""}