{"id":"gen9nationaldexdoubles-1968690984","p1":"Voadera","p2":"Miiirza","format":"[Gen 9] National Dex Doubles","log":"|j|\u2606Voadera\n|j|\u2606Miiirza\n|t:|1697454115\n|gametype|doubles\n|player|p1|Voadera|dancer|1318\n|player|p2|Miiirza|102|1548\n|teamsize|p1|6\n|teamsize|p2|6\n|gen|9\n|tier|[Gen 9] National Dex Doubles\n|rated|\n|rule|HP Percentage Mod: HP is shown in percentages\n|rule|Endless Battle Clause: Forcing endless battles is banned\n|rule|OHKO Clause: OHKO moves are banned\n|rule|Evasion Moves Clause: Evasion moves are banned\n|rule|Evasion Abilities Clause: Evasion abilities are banned\n|rule|Species Clause: Limit one of each Pok\u00e9mon\n|rule|Gravity Sleep Clause: The combination of sleep-inducing moves with imperfect accuracy and Gravity or Gigantamax Orbeetle are banned\n|clearpoke\n|poke|p1|Charizard, M|\n|poke|p1|Lilligant-Hisui, F|\n|poke|p1|Galvantula, M|\n|poke|p1|Flutter Mane|\n|poke|p1|Garchomp, M|\n|poke|p1|Lycanroc-Dusk, M|\n|poke|p2|Incineroar, M|\n|poke|p2|Gastrodon-East, M|\n|poke|p2|Rillaboom, M|\n|poke|p2|Zygarde|\n|poke|p2|Amoonguss, M|\n|poke|p2|Chien-Pao|\n|teampreview\n|inactive|Battle timer is ON: inactive players will automatically lose when time's up. (requested by Miiirza)\n|inactive|Miiirza has 120 seconds left.\n|inactive|Miiirza has 90 seconds left.\n|inactive|Miiirza has 60 seconds left.\n|\n|t:|1697454216\n|start\n|switch|p1a: Charizard|Charizard, M, shiny|100\/100\n|switch|p1b: Flutter Mane|Flutter Mane|100\/100\n|switch|p2a: Chien-Pao|Chien-Pao|100\/100\n|switch|p2b: Incineroar|Incineroar, M, shiny|100\/100\n|-ability|p2a: Chien-Pao|Sword of Ruin\n|-ability|p2b: Incineroar|Intimidate|boost\n|-unboost|p1a: Charizard|atk|1\n|-unboost|p1b: Flutter Mane|atk|1\n|turn|1\n|\n|t:|1697454228\n|detailschange|p1a: Charizard|Charizard-Mega-Y, M, shiny\n|-mega|p1a: Charizard|Charizard|Charizardite Y\n|-weather|SunnyDay|[from] ability: Drought|[of] p1a: Charizard\n|-activate|p1b: Flutter Mane|ability: Protosynthesis\n|-start|p1b: Flutter Mane|protosynthesisspe\n|move|p2a: Chien-Pao|Protect|p2a: Chien-Pao\n|-singleturn|p2a: Chien-Pao|Protect\n|move|p1b: Flutter Mane|Dazzling Gleam|p2a: Chien-Pao|[spread] p2b\n|-activate|p2a: Chien-Pao|move: Protect\n|-damage|p2b: Incineroar|52\/100\n|move|p1a: Charizard|Heat Wave|p2b: Incineroar|[spread] p2b\n|-activate|p2a: Chien-Pao|move: Protect\n|-resisted|p2b: Incineroar\n|-damage|p2b: Incineroar|23\/100\n|-enditem|p2b: Incineroar|Mago Berry|[eat]\n|-heal|p2b: Incineroar|56\/100|[from] item: Mago Berry\n|move|p2b: Incineroar|Flare Blitz|p1b: Flutter Mane\n|-damage|p1b: Flutter Mane|0 fnt\n|faint|p1b: Flutter Mane\n|-end|p1b: Flutter Mane|Protosynthesis|[silent]\n|-damage|p2b: Incineroar|34\/100|[from] Recoil\n|\n|-weather|SunnyDay|[upkeep]\n|upkeep\n|\n|t:|1697454241\n|switch|p1b: Lilligant|Lilligant-Hisui, F, shiny|100\/100\n|turn|2\n|\n|t:|1697454252\n|switch|p2b: Gastrodon|Gastrodon-East, M, shiny|100\/100\n|move|p1b: Lilligant|Axe Kick|p2a: Chien-Pao\n|-supereffective|p2a: Chien-Pao\n|-enditem|p2a: Chien-Pao|Focus Sash\n|-damage|p2a: Chien-Pao|1\/100\n|move|p2a: Chien-Pao|Ice Spinner|p1b: Lilligant\n|-supereffective|p1b: Lilligant\n|-enditem|p1b: Lilligant|Focus Sash\n|-damage|p1b: Lilligant|1\/100\n|move|p1a: Charizard|Ancient Power|p2b: Gastrodon\n|-resisted|p2b: Gastrodon\n|-damage|p2b: Gastrodon|89\/100\n|-boost|p1a: Charizard|atk|1\n|-boost|p1a: Charizard|def|1\n|-boost|p1a: Charizard|spa|1\n|-boost|p1a: Charizard|spd|1\n|-boost|p1a: Charizard|spe|1\n|\n|-weather|SunnyDay|[upkeep]\n|-heal|p2b: Gastrodon|96\/100|[from] item: Leftovers\n|upkeep\n|turn|3\n|\n|t:|1697454281\n|switch|p2b: Incineroar|Incineroar, M, shiny|34\/100\n|-ability|p2b: Incineroar|Intimidate|boost\n|-unboost|p1a: Charizard|atk|1\n|-unboost|p1b: Lilligant|atk|1\n|move|p2a: Chien-Pao|Protect|p2a: Chien-Pao\n|-singleturn|p2a: Chien-Pao|Protect\n|move|p1b: Lilligant|Petal Blizzard|p2b: Incineroar|[spread] p1a,p2b\n|-activate|p2a: Chien-Pao|move: Protect\n|-resisted|p1a: Charizard\n|-resisted|p2b: Incineroar\n|-damage|p1a: Charizard|94\/100\n|-damage|p2b: Incineroar|22\/100\n|move|p1a: Charizard|Air Slash|p2b: Incineroar\n|-damage|p2b: Incineroar|0 fnt\n|faint|p2b: Incineroar\n|\n|-weather|SunnyDay|[upkeep]\n|upkeep\n|inactive|Miiirza has 120 seconds left.\n|\n|t:|1697454300\n|switch|p2b: Zygarde|Zygarde, shiny|100\/100\n|-ability|p2b: Zygarde|Aura Break\n|turn|4\n|\n|t:|1697454310\n|move|p1b: Lilligant|Ice Spinner|p2b: Zygarde\n|-supereffective|p2b: Zygarde\n|-damage|p2b: Zygarde|42\/100\n|move|p1a: Charizard|Heat Wave|p2b: Zygarde|[spread] p2a,p2b\n|-supereffective|p2a: Chien-Pao\n|-resisted|p2b: Zygarde\n|-damage|p2a: Chien-Pao|0 fnt\n|-damage|p2b: Zygarde|10\/100\n|faint|p2a: Chien-Pao\n|move|p2b: Zygarde|Dragon Dance|p2b: Zygarde\n|-boost|p2b: Zygarde|atk|1\n|-boost|p2b: Zygarde|spe|1\n|\n|-weather|SunnyDay|[upkeep]\n|-heal|p2b: Zygarde|17\/100|[from] item: Leftovers\n|upkeep\n|\n|t:|1697454322\n|switch|p2a: Rillaboom|Rillaboom, M|100\/100\n|-fieldstart|move: Grassy Terrain|[from] ability: Grassy Surge|[of] p2a: Rillaboom\n|turn|5\n|\n|t:|1697454333\n|move|p2b: Zygarde|Protect|p2b: Zygarde\n|-singleturn|p2b: Zygarde|Protect\n|move|p2a: Rillaboom|Fake Out|p1a: Charizard\n|-damage|p1a: Charizard|81\/100\n|move|p1b: Lilligant|Petal Blizzard|p2b: Zygarde|[spread] p1a,p2a\n|-activate|p2b: Zygarde|move: Protect\n|-resisted|p1a: Charizard\n|-resisted|p2a: Rillaboom\n|-damage|p1a: Charizard|76\/100\n|-damage|p2a: Rillaboom|87\/100\n|cant|p1a: Charizard|flinch\n|\n|-weather|none\n|-heal|p1b: Lilligant|7\/100|[from] Grassy Terrain\n|-heal|p2b: Zygarde|23\/100|[from] Grassy Terrain\n|-heal|p2b: Zygarde|29\/100|[from] item: Leftovers\n|-heal|p2a: Rillaboom|93\/100|[from] Grassy Terrain\n|upkeep\n|turn|6\n|\n|t:|1697454353\n|move|p2a: Rillaboom|Grassy Glide|p1b: Lilligant\n|-resisted|p1b: Lilligant\n|-damage|p1b: Lilligant|0 fnt\n|faint|p1b: Lilligant\n|move|p1a: Charizard|Heat Wave|p2a: Rillaboom|[spread] p2a,p2b\n|-supereffective|p2a: Rillaboom\n|-resisted|p2b: Zygarde\n|-damage|p2a: Rillaboom|0 fnt\n|-damage|p2b: Zygarde|5\/100\n|faint|p2a: Rillaboom\n|move|p2b: Zygarde|Dragon Dance|p2b: Zygarde\n|-boost|p2b: Zygarde|atk|1\n|-boost|p2b: Zygarde|spe|1\n|\n|-heal|p2b: Zygarde|11\/100|[from] Grassy Terrain\n|-heal|p2b: Zygarde|17\/100|[from] item: Leftovers\n|upkeep\n|\n|t:|1697454366\n|switch|p1b: Lycanroc|Lycanroc-Dusk, M, shiny|100\/100\n|switch|p2a: Gastrodon|Gastrodon-East, M, shiny|96\/100\n|turn|7\n|\n|t:|1697454374\n|move|p2b: Zygarde|Protect|p2b: Zygarde\n|-singleturn|p2b: Zygarde|Protect\n|move|p1b: Lycanroc|Accelerock|p2b: Zygarde\n|-activate|p2b: Zygarde|move: Protect\n|move|p1a: Charizard|Air Slash|p2b: Zygarde\n|-activate|p2b: Zygarde|move: Protect\n|move|p2a: Gastrodon|Muddy Water|p1a: Charizard|[spread] p1b\n|-miss|p2a: Gastrodon|p1a: Charizard\n|-supereffective|p1b: Lycanroc\n|-damage|p1b: Lycanroc|10\/100\n|\n|-heal|p2b: Zygarde|23\/100|[from] Grassy Terrain\n|-heal|p2b: Zygarde|30\/100|[from] item: Leftovers\n|-heal|p1b: Lycanroc|16\/100|[from] Grassy Terrain\n|-heal|p2a: Gastrodon|100\/100|[from] Grassy Terrain\n|upkeep\n|turn|8\n|c|\u2606Miiirza|always miss\n|c|\u2606Miiirza|forever\n|\n|t:|1697454393\n|move|p2b: Zygarde|Extreme Speed|p1b: Lycanroc\n|-resisted|p1b: Lycanroc\n|-damage|p1b: Lycanroc|0 fnt\n|faint|p1b: Lycanroc\n|move|p1a: Charizard|Air Slash|p2b: Zygarde\n|-damage|p2b: Zygarde|0 fnt\n|faint|p2b: Zygarde\n|move|p2a: Gastrodon|Muddy Water|p1a: Charizard\n|-supereffective|p1a: Charizard\n|-crit|p1a: Charizard\n|-damage|p1a: Charizard|0 fnt\n|faint|p1a: Charizard\n|\n|upkeep\n|\n|t:|1697454404\n|switch|p1b: Garchomp|Garchomp, M|100\/100\n|switch|p1a: Galvantula|Galvantula, M, shiny|100\/100\n|switch|p2b: Amoonguss|Amoonguss, M|100\/100\n|turn|9\n|\n|t:|1697454420\n|-terastallize|p1b: Garchomp|Steel\n|move|p2a: Gastrodon|Protect|p2a: Gastrodon\n|-singleturn|p2a: Gastrodon|Protect\n|move|p1a: Galvantula|Energy Ball|p2a: Gastrodon\n|-activate|p2a: Gastrodon|move: Protect\n|move|p1b: Garchomp|Iron Head|p2b: Amoonguss\n|-damage|p2b: Amoonguss|69\/100\n|cant|p2b: Amoonguss|flinch\n|\n|-heal|p2b: Amoonguss|75\/100|[from] Grassy Terrain\n|-heal|p2b: Amoonguss|82\/100|[from] item: Leftovers\n|-fieldend|move: Grassy Terrain\n|upkeep\n|turn|10\n|\n|t:|1697454438\n|-terastallize|p2a: Gastrodon|Fire\n|move|p1a: Galvantula|Energy Ball|p2a: Gastrodon\n|-resisted|p2a: Gastrodon\n|-damage|p2a: Gastrodon|89\/100\n|-unboost|p2a: Gastrodon|spd|1\n|move|p1b: Garchomp|Iron Head|p2b: Amoonguss\n|-damage|p2b: Amoonguss|48\/100\n|move|p2a: Gastrodon|Earth Power|p1b: Garchomp\n|-supereffective|p1b: Garchomp\n|-damage|p1b: Garchomp|26\/100\n|move|p2b: Amoonguss|Spore|p1b: Garchomp\n|-status|p1b: Garchomp|slp|[from] move: Spore\n|\n|-heal|p2a: Gastrodon|95\/100|[from] item: Leftovers\n|-heal|p2b: Amoonguss|54\/100|[from] item: Leftovers\n|upkeep\n|turn|11\n|\n|t:|1697454456\n|move|p1a: Galvantula|Bug Buzz|p2b: Amoonguss\n|-damage|p2b: Amoonguss|24\/100\n|cant|p1b: Garchomp|slp\n|move|p2a: Gastrodon|Earth Power|p1b: Garchomp\n|-supereffective|p1b: Garchomp\n|-damage|p1b: Garchomp|0 fnt\n|faint|p1b: Garchomp\n|move|p2b: Amoonguss|Spore|p1a: Galvantula\n|-status|p1a: Galvantula|slp|[from] move: Spore\n|\n|-heal|p2a: Gastrodon|100\/100|[from] item: Leftovers\n|-heal|p2b: Amoonguss|31\/100|[from] item: Leftovers\n|upkeep\n|turn|12\n|-message|Voadera forfeited.\n|\n|win|Miiirza\n|raw|Voadera's rating: 1325 &rarr; <strong>1316<\/strong><br \/>(-9 for losing)\n|raw|Miiirza's rating: 1548 &rarr; <strong>1557<\/strong><br \/>(+9 for winning)\n|l|\u2606Voadera\n","uploadtime":1697454478,"views":11,"p1id":"voadera","p2id":"miiirza","formatid":"gen9nationaldexdoubles","rating":1316,"private":0,"password":""}