{"id":"gen9nationaldexdoubles-1952347582","p1":"GenerallGrievous","p2":"Ibj999vjc","format":"[Gen 9] National Dex Doubles","log":"|j|\u2606GenerallGrievous\n|j|\u2606Ibj999vjc\n|t:|1695676043\n|gametype|doubles\n|player|p1|GenerallGrievous|gentleman|1127\n|player|p2|Ibj999vjc|cynthia|1128\n|teamsize|p1|6\n|teamsize|p2|6\n|gen|9\n|tier|[Gen 9] National Dex Doubles\n|rated|\n|rule|HP Percentage Mod: HP is shown in percentages\n|rule|Endless Battle Clause: Forcing endless battles is banned\n|rule|OHKO Clause: OHKO moves are banned\n|rule|Evasion Moves Clause: Evasion moves are banned\n|rule|Evasion Abilities Clause: Evasion abilities are banned\n|rule|Species Clause: Limit one of each Pok\u00e9mon\n|rule|Gravity Sleep Clause: The combination of sleep-inducing moves with imperfect accuracy and Gravity or Gigantamax Orbeetle are banned\n|clearpoke\n|poke|p1|Fezandipiti, M|\n|poke|p1|Amoonguss, M|\n|poke|p1|Volcarona, M|\n|poke|p1|Flutter Mane|\n|poke|p1|Torterra, M|\n|poke|p1|Empoleon, M|\n|poke|p2|Greninja-*, M|\n|poke|p2|Scizor, F|\n|poke|p2|Baxcalibur, M|\n|poke|p2|Gardevoir, M|\n|poke|p2|Palafin, M|\n|poke|p2|Basculegion, M|\n|teampreview\n|\n|t:|1695676053\n|start\n|switch|p1a: LordShen|Fezandipiti, M|100\/100\n|switch|p1b: sus|Amoonguss, M|100\/100\n|switch|p2a: Gardevoir|Gardevoir, M, shiny|100\/100\n|switch|p2b: Scizor|Scizor, F, shiny|100\/100\n|turn|1\n|\n|t:|1695676083\n|switch|p2a: Baxcalibur|Baxcalibur, M, shiny|100\/100\n|detailschange|p2b: Scizor|Scizor-Mega, F, shiny\n|-mega|p2b: Scizor|Scizor|Scizorite\n|move|p1b: sus|Rage Powder|p1b: sus\n|-singleturn|p1b: sus|move: Rage Powder\n|move|p2b: Scizor|Bullet Punch|p1b: sus\n|-damage|p1b: sus|59\/100\n|move|p1a: LordShen|Heat Wave|p2b: Scizor|[spread] p2a,p2b\n|-supereffective|p2b: Scizor\n|-damage|p2a: Baxcalibur|83\/100\n|-damage|p2b: Scizor|29\/100\n|-status|p2a: Baxcalibur|tox|[from] ability: Toxic Chain|[of] p1a: LordShen\n|\n|-heal|p1b: sus|66\/100|[from] item: Leftovers\n|-damage|p2a: Baxcalibur|77\/100 tox|[from] psn\n|upkeep\n|turn|2\n|\n|t:|1695676105\n|move|p1b: sus|Rage Powder|p1b: sus\n|-singleturn|p1b: sus|move: Rage Powder\n|move|p2b: Scizor|Bullet Punch|p1b: sus\n|-damage|p1b: sus|23\/100\n|move|p1a: LordShen|Heat Wave|p2a: Baxcalibur|[spread] p2b\n|-miss|p1a: LordShen|p2a: Baxcalibur\n|-supereffective|p2b: Scizor\n|-damage|p2b: Scizor|0 fnt\n|faint|p2b: Scizor\n|move|p2a: Baxcalibur|Icicle Spear|p1b: sus\n|-supereffective|p1b: sus\n|-damage|p1b: sus|0 fnt\n|faint|p1b: sus\n|-hitcount|p1: sus|1\n|\n|-damage|p2a: Baxcalibur|64\/100 tox|[from] psn\n|upkeep\n|\n|t:|1695676125\n|switch|p2b: Greninja|Greninja, M, shiny|100\/100\n|switch|p1b: Flutter Mane|Flutter Mane|100\/100\n|turn|3\n|\n|t:|1695676145\n|move|p2b: Greninja|Water Shuriken|p1a: LordShen\n|-start|p2b: Greninja|typechange|Water|[from] ability: Protean\n|-crit|p1a: LordShen\n|-damage|p1a: LordShen|91\/100\n|-damage|p1a: LordShen|85\/100\n|-damage|p1a: LordShen|79\/100\n|-damage|p1a: LordShen|72\/100\n|-damage|p1a: LordShen|65\/100\n|-hitcount|p1a: LordShen|5\n|move|p1b: Flutter Mane|Dazzling Gleam|p2a: Baxcalibur|[spread] p2a,p2b\n|-supereffective|p2a: Baxcalibur\n|-crit|p2a: Baxcalibur\n|-damage|p2a: Baxcalibur|0 fnt\n|-damage|p2b: Greninja|51\/100\n|faint|p2a: Baxcalibur\n|move|p1a: LordShen|Icy Wind|p2b: Greninja\n|-resisted|p2b: Greninja\n|-damage|p2b: Greninja|41\/100\n|-unboost|p2b: Greninja|spe|1\n|\n|upkeep\n|\n|t:|1695676160\n|switch|p2a: Gardevoir|Gardevoir, M, shiny|100\/100\n|turn|4\n|\n|t:|1695676176\n|move|p2b: Greninja|Water Shuriken|p1a: LordShen\n|-damage|p1a: LordShen|59\/100\n|-damage|p1a: LordShen|53\/100\n|-hitcount|p1a: LordShen|2\n|move|p1b: Flutter Mane|Shadow Ball|p2a: Gardevoir\n|-supereffective|p2a: Gardevoir\n|-damage|p2a: Gardevoir|3\/100\n|move|p1a: LordShen|Icy Wind|p2a: Gardevoir|[spread] p2a,p2b\n|-resisted|p2b: Greninja\n|-damage|p2a: Gardevoir|0 fnt\n|-damage|p2b: Greninja|33\/100\n|-unboost|p2b: Greninja|spe|1\n|faint|p2a: Gardevoir\n|\n|upkeep\n|\n|t:|1695676190\n|switch|p2a: Palafin|Palafin, M|100\/100\n|turn|5\n|\n|t:|1695676202\n|detailschange|p2a: Palafin|Palafin-Hero, M\n|switch|p2a: Basculegion|Basculegion, M, shiny|100\/100\n|-terastallize|p2b: Greninja|Water\n|move|p2b: Greninja|Water Shuriken|p1a: LordShen\n|-damage|p1a: LordShen|43\/100\n|-crit|p1a: LordShen\n|-damage|p1a: LordShen|32\/100\n|-damage|p1a: LordShen|24\/100\n|-damage|p1a: LordShen|16\/100\n|-hitcount|p1a: LordShen|4\n|move|p1b: Flutter Mane|Energy Ball|p2a: Basculegion\n|-supereffective|p2a: Basculegion\n|-damage|p2a: Basculegion|27\/100\n|-unboost|p2a: Basculegion|spd|1\n|move|p1a: LordShen|Icy Wind|p2b: Greninja|[spread] p2a,p2b\n|-resisted|p2a: Basculegion\n|-resisted|p2b: Greninja\n|-damage|p2a: Basculegion|19\/100\n|-damage|p2b: Greninja|26\/100\n|-unboost|p2a: Basculegion|spe|1\n|-unboost|p2b: Greninja|spe|1\n|-status|p2b: Greninja|tox|[from] ability: Toxic Chain|[of] p1a: LordShen\n|\n|-damage|p2b: Greninja|20\/100 tox|[from] psn\n|upkeep\n|turn|6\n|\n|t:|1695676258\n|move|p2b: Greninja|Water Shuriken|p1a: LordShen\n|-damage|p1a: LordShen|8\/100\n|-damage|p1a: LordShen|0 fnt\n|faint|p1a: LordShen\n|-hitcount|p1: LordShen|2\n|move|p1b: Flutter Mane|Shadow Ball|p2a: Basculegion\n|-supereffective|p2a: Basculegion\n|-damage|p2a: Basculegion|0 fnt\n|faint|p2a: Basculegion\n|\n|-damage|p2b: Greninja|9\/100 tox|[from] psn\n|upkeep\n|\n|t:|1695676277\n|switch|p1a: LordPengu|Empoleon, M|100\/100\n|switch|p2a: Palafin|Palafin-Hero, M|100\/100\n|-activate|p2a: Palafin|ability: Zero to Hero\n|turn|7\n|\n|t:|1695676304\n|move|p2b: Greninja|Water Shuriken|p1b: Flutter Mane\n|-damage|p1b: Flutter Mane|90\/100\n|-damage|p1b: Flutter Mane|80\/100\n|-hitcount|p1b: Flutter Mane|2\n|move|p1b: Flutter Mane|Energy Ball|p2a: Palafin\n|-supereffective|p2a: Palafin\n|-damage|p2a: Palafin|14\/100\n|move|p2a: Palafin|Boomburst|p1b: Flutter Mane|[spread] p2b,p1a\n|-immune|p1b: Flutter Mane\n|-resisted|p1a: LordPengu\n|-damage|p2b: Greninja|0 fnt\n|-damage|p1a: LordPengu|89\/100\n|faint|p2b: Greninja\n|move|p1a: LordPengu|Ice Beam|p2a: Palafin\n|-resisted|p2a: Palafin\n|-damage|p2a: Palafin|0 fnt\n|faint|p2a: Palafin\n|-damage|p1a: LordPengu|79\/100|[from] item: Life Orb\n|\n|win|GenerallGrievous\n|raw|GenerallGrievous's rating: 1127 &rarr; <strong>1152<\/strong><br \/>(+25 for winning)\n|raw|Ibj999vjc's rating: 1128 &rarr; <strong>1103<\/strong><br \/>(-25 for losing)\n","uploadtime":1695676326,"views":5,"p1id":"generallgrievous","p2id":"ibj999vjc","formatid":"gen9nationaldexdoubles","rating":1103,"private":0,"password":""}