{"id":"gen9nationaldexdoubles-1982792319","p1":"JammyL2010","p2":"Or try i yes r","format":"[Gen 9] National Dex Doubles","log":"|j|\u2606JammyL2010\n|j|\u2606Or try i yes r\n|t:|1699045341\n|gametype|doubles\n|player|p1|JammyL2010|dawn|1083\n|player|p2|Or try i yes r|bugcatcher-gen4dp|1000\n|teamsize|p1|6\n|teamsize|p2|6\n|gen|9\n|tier|[Gen 9] National Dex Doubles\n|rated|\n|rule|HP Percentage Mod: HP is shown in percentages\n|rule|Endless Battle Clause: Forcing endless battles is banned\n|rule|OHKO Clause: OHKO moves are banned\n|rule|Evasion Moves Clause: Evasion moves are banned\n|rule|Evasion Abilities Clause: Evasion abilities are banned\n|rule|Species Clause: Limit one of each Pok\u00e9mon\n|rule|Gravity Sleep Clause: The combination of sleep-inducing moves with imperfect accuracy and Gravity or Gigantamax Orbeetle are banned\n|clearpoke\n|poke|p1|Roserade, F|\n|poke|p1|Shiinotic, M|\n|poke|p1|Cursola, F|\n|poke|p1|Florges, F|\n|poke|p1|Gossifleur, F|\n|poke|p1|Sinistcha|\n|poke|p2|Indeedee, M|\n|poke|p2|Deoxys-Attack|\n|poke|p2|Typhlosion, M|\n|poke|p2|Kartana|\n|poke|p2|Murkrow, M|\n|poke|p2|Shuckle, M|\n|teampreview\n|inactive|Battle timer is ON: inactive players will automatically lose when time's up. (requested by JammyL2010)\n|\n|t:|1699045354\n|start\n|switch|p1a: Roserade|Roserade, F|100\/100\n|switch|p1b: Gossifleur|Gossifleur, F|100\/100\n|switch|p2a: Murkrow|Murkrow, M|100\/100\n|switch|p2b: Shuckle|Shuckle, M|100\/100\n|turn|1\n|inactive|JammyL2010 has 120 seconds left.\n|\n|t:|1699045385\n|move|p2a: Murkrow|Taunt|p1a: Roserade\n|-start|p1a: Roserade|move: Taunt\n|move|p1a: Roserade|Magical Leaf|p2b: Shuckle\n|-damage|p2b: Shuckle|71\/100\n|move|p1b: Gossifleur|Attract|p2a: Murkrow\n|-start|p2a: Murkrow|Attract\n|move|p2b: Shuckle|Stealth Rock|p1a: Roserade\n|-sidestart|p1: JammyL2010|move: Stealth Rock\n|\n|upkeep\n|turn|2\n|inactive|JammyL2010 has 120 seconds left.\n|\n|t:|1699045411\n|-activate|p2a: Murkrow|move: Attract|[of] p1b: Gossifleur\n|cant|p2a: Murkrow|Attract\n|move|p1a: Roserade|Magical Leaf|p2b: Shuckle\n|-damage|p2b: Shuckle|38\/100\n|move|p1b: Gossifleur|Rapid Spin|p2a: Murkrow\n|-damage|p2a: Murkrow|92\/100\n|-boost|p1b: Gossifleur|spe|1\n|-sideend|p1: JammyL2010|Stealth Rock|[from] move: Rapid Spin|[of] p1b: Gossifleur\n|move|p2b: Shuckle|Toxic|p1b: Gossifleur\n|-status|p1b: Gossifleur|tox\n|\n|-damage|p1b: Gossifleur|94\/100 tox|[from] psn\n|upkeep\n|turn|3\n|inactive|JammyL2010 has 120 seconds left.\n|\n|t:|1699045437\n|-activate|p2a: Murkrow|move: Attract|[of] p1b: Gossifleur\n|move|p2a: Murkrow|Perish Song|p2a: Murkrow\n|-start|p1a: Roserade|perish3|[silent]\n|-start|p1b: Gossifleur|perish3|[silent]\n|-start|p2a: Murkrow|perish3|[silent]\n|-start|p2b: Shuckle|perish3|[silent]\n|-fieldactivate|move: Perish Song\n|move|p1a: Roserade|Magical Leaf|p2a: Murkrow\n|-resisted|p2a: Murkrow\n|-damage|p2a: Murkrow|37\/100\n|move|p1b: Gossifleur|Leech Seed|p2b: Shuckle|[miss]\n|-miss|p1b: Gossifleur|p2b: Shuckle\n|move|p2b: Shuckle|Stealth Rock|p1b: Gossifleur\n|-sidestart|p1: JammyL2010|move: Stealth Rock\n|\n|-damage|p1b: Gossifleur|82\/100 tox|[from] psn\n|-end|p1a: Roserade|move: Taunt\n|-start|p2a: Murkrow|perish3\n|-start|p1a: Roserade|perish3\n|-start|p1b: Gossifleur|perish3\n|-start|p2b: Shuckle|perish3\n|upkeep\n|turn|4\n|inactive|Or try i yes r has 120 seconds left.\n|\n|t:|1699045468\n|switch|p1a: Cursola|Cursola, F|100\/100\n|-activate|p2a: Murkrow|move: Attract|[of] p1b: Gossifleur\n|move|p2a: Murkrow|Taunt|p1a: Cursola\n|-start|p1a: Cursola|move: Taunt\n|move|p1b: Gossifleur|Rapid Spin|p2a: Murkrow\n|-damage|p2a: Murkrow|29\/100\n|-boost|p1b: Gossifleur|spe|1\n|-sideend|p1: JammyL2010|Stealth Rock|[from] move: Rapid Spin|[of] p1b: Gossifleur\n|move|p2b: Shuckle|Stealth Rock|p1a: Cursola\n|-sidestart|p1: JammyL2010|move: Stealth Rock\n|\n|-damage|p1b: Gossifleur|63\/100 tox|[from] psn\n|-start|p2a: Murkrow|perish2\n|-start|p1b: Gossifleur|perish2\n|-start|p2b: Shuckle|perish2\n|upkeep\n|turn|5\n|\n|t:|1699045490\n|-activate|p2a: Murkrow|move: Attract|[of] p1b: Gossifleur\n|move|p2a: Murkrow|Perish Song|p2a: Murkrow\n|-start|p1a: Cursola|perish3|[silent]\n|-fieldactivate|move: Perish Song\n|move|p1b: Gossifleur|Rapid Spin|p2b: Shuckle\n|-resisted|p2b: Shuckle\n|-damage|p2b: Shuckle|37\/100\n|-boost|p1b: Gossifleur|spe|1\n|-sideend|p1: JammyL2010|Stealth Rock|[from] move: Rapid Spin|[of] p1b: Gossifleur\n|move|p1a: Cursola|Shadow Ball|p2a: Murkrow\n|-resisted|p2a: Murkrow\n|-damage|p2a: Murkrow|0 fnt\n|faint|p2a: Murkrow\n|move|p2b: Shuckle|Stealth Rock|p1a: Cursola\n|-sidestart|p1: JammyL2010|move: Stealth Rock\n|\n|-damage|p1b: Gossifleur|38\/100 tox|[from] psn\n|-start|p1b: Gossifleur|perish1\n|-start|p1a: Cursola|perish3\n|-start|p2b: Shuckle|perish1\n|upkeep\n|inactive|Or try i yes r has 120 seconds left.\n|\n|t:|1699045526\n|switch|p2a: Deoxys|Deoxys-Attack|100\/100\n|-ability|p2a: Deoxys|Pressure\n|turn|6\n|\n|t:|1699045542\n|move|p2a: Deoxys|Shadow Ball|p1a: Cursola\n|-supereffective|p1a: Cursola\n|-damage|p1a: Cursola|25\/100\n|move|p1b: Gossifleur|Rapid Spin|p2b: Shuckle\n|-resisted|p2b: Shuckle\n|-damage|p2b: Shuckle|35\/100\n|-boost|p1b: Gossifleur|spe|1\n|-sideend|p1: JammyL2010|Stealth Rock|[from] move: Rapid Spin|[of] p1b: Gossifleur\n|move|p1a: Cursola|Shadow Ball|p2a: Deoxys\n|-supereffective|p2a: Deoxys\n|-enditem|p2a: Deoxys|Focus Sash\n|-damage|p2a: Deoxys|1\/100\n|-unboost|p2a: Deoxys|spd|1\n|move|p2b: Shuckle|Stealth Rock|p1b: Gossifleur\n|-sidestart|p1: JammyL2010|move: Stealth Rock\n|\n|-damage|p1b: Gossifleur|7\/100 tox|[from] psn\n|-end|p1a: Cursola|move: Taunt\n|-start|p1b: Gossifleur|perish0\n|-start|p1a: Cursola|perish2\n|faint|p1b: Gossifleur\n|-start|p2b: Shuckle|perish0\n|upkeep\n|faint|p2b: Shuckle\n|\n|t:|1699045566\n|switch|p1b: Sinistcha|Sinistcha|100\/100\n|switch|p2b: Indeedee|Indeedee, M|100\/100\n|-fieldstart|move: Psychic Terrain|[from] ability: Psychic Surge|[of] p2b: Indeedee\n|-damage|p1b: Sinistcha|88\/100|[from] Stealth Rock\n|-heal|p1a: Cursola|50\/100|[from] ability: Hospitality|[of] p1b: Sinistcha\n|turn|7\n|inactive|JammyL2010 has 120 seconds left.\n|\n|t:|1699045607\n|switch|p1a: Roserade|Roserade, F|100\/100\n|-damage|p1a: Roserade|88\/100|[from] Stealth Rock\n|-terastallize|p2b: Indeedee|Psychic\n|move|p2a: Deoxys|Shadow Ball|p1b: Sinistcha\n|-supereffective|p1b: Sinistcha\n|-damage|p1b: Sinistcha|34\/100\n|-unboost|p1b: Sinistcha|spd|1\n|move|p2b: Indeedee|Expanding Force|p1a: Roserade|[spread] p1a,p1b\n|-supereffective|p1a: Roserade\n|-damage|p1a: Roserade|0 fnt\n|-damage|p1b: Sinistcha|0 fnt\n|faint|p1a: Roserade\n|faint|p1b: Sinistcha\n|\n|upkeep\n|\n|t:|1699045623\n|switch|p1a: Florges|Florges, F|100\/100\n|switch|p1b: Shiinotic|Shiinotic, M|100\/100\n|-damage|p1a: Florges|88\/100|[from] Stealth Rock\n|-damage|p1b: Shiinotic|88\/100|[from] Stealth Rock\n|turn|8\n|inactive|JammyL2010 has 120 seconds left.\n|inactive|Or try i yes r has 120 seconds left.\n|\n|t:|1699045659\n|move|p2a: Deoxys|Psyshock|p1a: Florges\n|-damage|p1a: Florges|10\/100\n|move|p2b: Indeedee|Expanding Force|p1a: Florges|[spread] p1a,p1b\n|-damage|p1a: Florges|0 fnt\n|-damage|p1b: Shiinotic|4\/100\n|faint|p1a: Florges\n|move|p1b: Shiinotic|Toxic|p2b: Indeedee\n|-status|p2b: Indeedee|tox\n|\n|-damage|p2b: Indeedee|94\/100 tox|[from] psn\n|upkeep\n|\n|t:|1699045667\n|switch|p1a: Cursola|Cursola, F|50\/100\n|turn|9\n|\n|t:|1699045682\n|move|p2a: Deoxys|Shadow Ball|p1a: Cursola\n|-supereffective|p1a: Cursola\n|-damage|p1a: Cursola|0 fnt\n|faint|p1a: Cursola\n|move|p2b: Indeedee|Expanding Force|p1b: Shiinotic\n|-damage|p1b: Shiinotic|0 fnt\n|faint|p1b: Shiinotic\n|\n|win|Or try i yes r\n|raw|JammyL2010's rating: 1083 &rarr; <strong>1055<\/strong><br \/>(-28 for losing)\n|raw|Or try i yes r's rating: 1000 &rarr; <strong>1049<\/strong><br \/>(+49 for winning)\n|l|\u2606JammyL2010\n","uploadtime":1699045692,"views":12,"p1id":"jammyl2010","p2id":"ortryiyesr","formatid":"gen9nationaldexdoubles","rating":1049,"private":0,"password":""}