{"id":"gen9nationaldexdoubles-1997092125","p1":"all beef no filler","p2":"astro nation shoe","format":"[Gen 9] National Dex Doubles","log":"|j|\u2606all beef no filler\n|j|\u2606astro nation shoe\n|t:|1700763690\n|gametype|doubles\n|player|p1|all beef no filler|clown|1504\n|player|p2|astro nation shoe|allister|1729\n|teamsize|p1|6\n|teamsize|p2|6\n|gen|9\n|tier|[Gen 9] National Dex Doubles\n|rated|\n|rule|HP Percentage Mod: HP is shown in percentages\n|rule|Endless Battle Clause: Forcing endless battles is banned\n|rule|OHKO Clause: OHKO moves are banned\n|rule|Evasion Moves Clause: Evasion moves are banned\n|rule|Evasion Abilities Clause: Evasion abilities are banned\n|rule|Species Clause: Limit one of each Pok\u00e9mon\n|rule|Gravity Sleep Clause: The combination of sleep-inducing moves with imperfect accuracy and Gravity or Gigantamax Orbeetle are banned\n|clearpoke\n|poke|p1|Zygarde|\n|poke|p1|Zamazenta-*|\n|poke|p1|Jirachi|\n|poke|p1|Rillaboom, F|\n|poke|p1|Kangaskhan, F|\n|poke|p1|Glimmora, F|\n|poke|p2|Lucario, F|\n|poke|p2|Roaring Moon|\n|poke|p2|Chien-Pao|\n|poke|p2|Rillaboom, M|\n|poke|p2|Flutter Mane|\n|poke|p2|Entei|\n|teampreview\n|\n|t:|1700763718\n|start\n|switch|p1a: Kangaskhan|Kangaskhan, F|100\/100\n|switch|p1b: Glimmora|Glimmora, F|100\/100\n|switch|p2a: Flutter Mane|Flutter Mane|100\/100\n|switch|p2b: Roaring Moon|Roaring Moon|100\/100\n|-enditem|p2b: Roaring Moon|Booster Energy\n|-activate|p2b: Roaring Moon|ability: Protosynthesis|[fromitem]\n|-start|p2b: Roaring Moon|protosynthesisspe\n|turn|1\n|\n|t:|1700763759\n|move|p1a: Kangaskhan|Fake Out|p2a: Flutter Mane\n|-damage|p2a: Flutter Mane|77\/100\n|move|p2b: Roaring Moon|Breaking Swipe|p1a: Kangaskhan|[spread] p1a,p1b\n|-damage|p1a: Kangaskhan|81\/100\n|-damage|p1b: Glimmora|76\/100\n|-unboost|p1a: Kangaskhan|atk|1\n|-unboost|p1b: Glimmora|atk|1\n|-activate|p1b: Glimmora|ability: Toxic Debris\n|-sidestart|p2: astro nation shoe|move: Toxic Spikes\n|cant|p2a: Flutter Mane|flinch\n|move|p1b: Glimmora|Mortal Spin|p2b: Roaring Moon|[spread] p2a,p2b\n|-damage|p2a: Flutter Mane|71\/100\n|-damage|p2b: Roaring Moon|97\/100\n|-status|p2a: Flutter Mane|psn\n|-status|p2b: Roaring Moon|psn\n|\n|-damage|p2b: Roaring Moon|85\/100 psn|[from] psn\n|-damage|p2a: Flutter Mane|59\/100 psn|[from] psn\n|upkeep\n|turn|2\n|\n|t:|1700763800\n|detailschange|p1a: Kangaskhan|Kangaskhan-Mega, F\n|-mega|p1a: Kangaskhan|Kangaskhan|Kangaskhanite\n|move|p2b: Roaring Moon|Tailwind|p2b: Roaring Moon\n|-sidestart|p2: astro nation shoe|move: Tailwind\n|move|p2a: Flutter Mane|Psyshock|p1b: Glimmora\n|-supereffective|p1b: Glimmora\n|-damage|p1b: Glimmora|0 fnt\n|faint|p1b: Glimmora\n|move|p1a: Kangaskhan|Seismic Toss|p2b: Roaring Moon\n|-damage|p2b: Roaring Moon|59\/100 psn\n|-damage|p2b: Roaring Moon|34\/100 psn\n|-hitcount|p2b: Roaring Moon|2\n|\n|-damage|p2b: Roaring Moon|21\/100 psn|[from] psn\n|-damage|p2a: Flutter Mane|46\/100 psn|[from] psn\n|upkeep\n|\n|t:|1700763810\n|switch|p1b: Rillaboom|Rillaboom, F|100\/100\n|-fieldstart|move: Grassy Terrain|[from] ability: Grassy Surge|[of] p1b: Rillaboom\n|turn|3\n|\n|t:|1700763821\n|-end|p2a: Flutter Mane|Protosynthesis|[silent]\n|switch|p2a: Entei|Entei|100\/100\n|-status|p2a: Entei|psn\n|move|p1b: Rillaboom|Fake Out|p2b: Roaring Moon\n|-damage|p2b: Roaring Moon|9\/100 psn\n|move|p1a: Kangaskhan|Sucker Punch||[still]\n|-fail|p1a: Kangaskhan\n|cant|p2b: Roaring Moon|flinch\n|\n|-heal|p2b: Roaring Moon|15\/100 psn|[from] Grassy Terrain\n|-heal|p1a: Kangaskhan|87\/100|[from] Grassy Terrain\n|-damage|p2b: Roaring Moon|3\/100 psn|[from] psn\n|-damage|p2a: Entei|88\/100 psn|[from] psn\n|upkeep\n|turn|4\n|\n|t:|1700763842\n|move|p1b: Rillaboom|Grassy Glide|p2b: Roaring Moon\n|-resisted|p2b: Roaring Moon\n|-damage|p2b: Roaring Moon|0 fnt\n|faint|p2b: Roaring Moon\n|-end|p2b: Roaring Moon|Protosynthesis|[silent]\n|move|p2a: Entei|Sacred Fire|p1b: Rillaboom\n|-supereffective|p1b: Rillaboom\n|-damage|p1b: Rillaboom|0 fnt\n|faint|p1b: Rillaboom\n|move|p1a: Kangaskhan|Seismic Toss|p2a: Entei\n|-damage|p2a: Entei|61\/100 psn\n|-damage|p2a: Entei|34\/100 psn\n|-hitcount|p2a: Entei|2\n|\n|-heal|p2a: Entei|40\/100 psn|[from] Grassy Terrain\n|-heal|p1a: Kangaskhan|93\/100|[from] Grassy Terrain\n|-damage|p2a: Entei|28\/100 psn|[from] psn\n|upkeep\n|\n|t:|1700763867\n|switch|p2b: Lucario|Lucario, F|100\/100\n|switch|p1b: Zamazenta|Zamazenta|100\/100\n|-ability|p1b: Zamazenta|Dauntless Shield|boost\n|-boost|p1b: Zamazenta|def|1\n|turn|5\n|\n|t:|1700763899\n|detailschange|p2b: Lucario|Lucario-Mega, F\n|-mega|p2b: Lucario|Lucario|Lucarionite\n|move|p1a: Kangaskhan|Protect|p1a: Kangaskhan\n|-singleturn|p1a: Kangaskhan|Protect\n|move|p2b: Lucario|Close Combat|p1b: Zamazenta\n|-damage|p1b: Zamazenta|54\/100\n|-unboost|p2b: Lucario|def|1\n|-unboost|p2b: Lucario|spd|1\n|move|p2a: Entei|Sacred Fire|p1b: Zamazenta\n|-damage|p1b: Zamazenta|16\/100\n|-enditem|p1b: Zamazenta|Sitrus Berry|[eat]\n|-heal|p1b: Zamazenta|41\/100|[from] item: Sitrus Berry\n|move|p1b: Zamazenta|Body Press|p2b: Lucario\n|-supereffective|p2b: Lucario\n|-damage|p2b: Lucario|0 fnt\n|faint|p2b: Lucario\n|\n|-heal|p2a: Entei|34\/100 psn|[from] Grassy Terrain\n|-heal|p1b: Zamazenta|47\/100|[from] Grassy Terrain\n|-heal|p1a: Kangaskhan|99\/100|[from] Grassy Terrain\n|-damage|p2a: Entei|22\/100 psn|[from] psn\n|-sideend|p2: astro nation shoe|move: Tailwind\n|upkeep\n|\n|t:|1700763910\n|switch|p2b: Rillaboom|Rillaboom, M|100\/100\n|-status|p2b: Rillaboom|psn\n|turn|6\n|\n|t:|1700763926\n|switch|p1a: Zygarde|Zygarde|100\/100\n|-ability|p1a: Zygarde|Aura Break\n|move|p2b: Rillaboom|Fake Out|p1b: Zamazenta\n|-damage|p1b: Zamazenta|39\/100\n|cant|p1b: Zamazenta|flinch\n|move|p2a: Entei|Sacred Fire|p1b: Zamazenta\n|-damage|p1b: Zamazenta|4\/100\n|\n|-heal|p1b: Zamazenta|10\/100|[from] Grassy Terrain\n|-heal|p2a: Entei|28\/100 psn|[from] Grassy Terrain\n|-damage|p2a: Entei|16\/100 psn|[from] psn\n|-damage|p2b: Rillaboom|88\/100 psn|[from] psn\n|upkeep\n|turn|7\n|\n|t:|1700763940\n|-terastallize|p1a: Zygarde|Fire\n|move|p2b: Rillaboom|Grassy Glide|p1b: Zamazenta\n|-damage|p1b: Zamazenta|0 fnt\n|faint|p1b: Zamazenta\n|move|p2a: Entei|Sacred Fire|p1a: Zygarde\n|-resisted|p1a: Zygarde\n|-damage|p1a: Zygarde|74\/100\n|move|p1a: Zygarde|Dragon Dance|p1a: Zygarde\n|-boost|p1a: Zygarde|atk|1\n|-boost|p1a: Zygarde|spe|1\n|\n|-heal|p1a: Zygarde|81\/100|[from] Grassy Terrain\n|-heal|p2a: Entei|22\/100 psn|[from] Grassy Terrain\n|-heal|p2b: Rillaboom|94\/100 psn|[from] Grassy Terrain\n|-damage|p2a: Entei|9\/100 psn|[from] psn\n|-damage|p2b: Rillaboom|82\/100 psn|[from] psn\n|-fieldend|move: Grassy Terrain\n|upkeep\n|\n|t:|1700763949\n|switch|p1b: Kangaskhan|Kangaskhan-Mega, F|99\/100\n|turn|8\n|\n|t:|1700763956\n|move|p1b: Kangaskhan|Fake Out|p2b: Rillaboom\n|-damage|p2b: Rillaboom|65\/100 psn\n|-damage|p2b: Rillaboom|62\/100 psn\n|-hitcount|p2b: Rillaboom|2\n|move|p1a: Zygarde|Dragon Dance|p1a: Zygarde\n|-boost|p1a: Zygarde|atk|1\n|-boost|p1a: Zygarde|spe|1\n|move|p2a: Entei|Sacred Fire|p1b: Kangaskhan\n|-damage|p1b: Kangaskhan|50\/100\n|-status|p1b: Kangaskhan|brn\n|cant|p2b: Rillaboom|flinch\n|\n|-damage|p2a: Entei|0 fnt|[from] psn\n|faint|p2a: Entei\n|-damage|p2b: Rillaboom|50\/100 psn|[from] psn\n|-damage|p1b: Kangaskhan|44\/100 brn|[from] brn\n|upkeep\n|-message|astro nation shoe forfeited.\n|\n|win|all beef no filler\n|raw|all beef no filler's rating: 1504 &rarr; <strong>1535<\/strong><br \/>(+31 for winning)\n|raw|astro nation shoe's rating: 1729 &rarr; <strong>1698<\/strong><br \/>(-31 for losing)\n|l|\u2606astro nation shoe\n","uploadtime":1700763982,"views":12,"p1id":"allbeefnofiller","p2id":"astronationshoe","formatid":"gen9nationaldexdoubles","rating":1535,"private":0,"password":""}