{"id":"gen9nationaldexdoubles-1978805323","p1":"hadn","p2":"AdvancedDigit","format":"[Gen 9] National Dex Doubles","log":"|j|\u2606hadn\n|j|\u2606AdvancedDigit\n|t:|1698597369\n|gametype|doubles\n|player|p1|hadn|byron|1081\n|player|p2|AdvancedDigit|169|1222\n|teamsize|p1|6\n|teamsize|p2|6\n|gen|9\n|tier|[Gen 9] National Dex Doubles\n|rated|\n|rule|HP Percentage Mod: HP is shown in percentages\n|rule|Endless Battle Clause: Forcing endless battles is banned\n|rule|OHKO Clause: OHKO moves are banned\n|rule|Evasion Moves Clause: Evasion moves are banned\n|rule|Evasion Abilities Clause: Evasion abilities are banned\n|rule|Species Clause: Limit one of each Pok\u00e9mon\n|rule|Gravity Sleep Clause: The combination of sleep-inducing moves with imperfect accuracy and Gravity or Gigantamax Orbeetle are banned\n|clearpoke\n|poke|p1|Clawitzer, M|\n|poke|p1|Typhlosion-Hisui, M|\n|poke|p1|Kommo-o, M|\n|poke|p1|Clefable, F|\n|poke|p1|Golem-Alola, M|\n|poke|p1|Brute Bonnet|\n|poke|p2|Lilligant-Hisui, F|\n|poke|p2|Tornadus, M|\n|poke|p2|Malamar, F|\n|poke|p2|Gothitelle, F|\n|poke|p2|Charizard, F|\n|poke|p2|Garchomp, M|\n|teampreview\n|inactive|Battle timer is ON: inactive players will automatically lose when time's up. (requested by hadn)\n|\n|t:|1698597383\n|start\n|switch|p1a: Kommo-o|Kommo-o, M|100\/100\n|switch|p1b: Clefable|Clefable, F, shiny|100\/100\n|switch|p2a: Lilligant|Lilligant-Hisui, F|100\/100\n|switch|p2b: Charizard|Charizard, F|100\/100\n|turn|1\n|\n|t:|1698597397\n|detailschange|p2b: Charizard|Charizard-Mega-Y, F\n|-mega|p2b: Charizard|Charizard|Charizardite Y\n|-weather|SunnyDay|[from] ability: Drought|[of] p2b: Charizard\n|move|p1b: Clefable|Follow Me|p1b: Clefable\n|-singleturn|p1b: Clefable|move: Follow Me\n|move|p2a: Lilligant|Leaf Blade|p1b: Clefable\n|-damage|p1b: Clefable|71\/100\n|move|p2b: Charizard|Heat Wave|p1a: Kommo-o|[spread] p1a,p1b\n|-resisted|p1a: Kommo-o\n|-damage|p1a: Kommo-o|59\/100\n|-damage|p1b: Clefable|5\/100\n|move|p1a: Kommo-o|Clangorous Soul|p1a: Kommo-o\n|-boost|p1a: Kommo-o|atk|1\n|-boost|p1a: Kommo-o|def|1\n|-boost|p1a: Kommo-o|spa|1\n|-boost|p1a: Kommo-o|spd|1\n|-boost|p1a: Kommo-o|spe|1\n|-damage|p1a: Kommo-o|26\/100\n|-enditem|p1a: Kommo-o|Throat Spray\n|-boost|p1a: Kommo-o|spa|1|[from] item: Throat Spray\n|\n|-weather|SunnyDay|[upkeep]\n|-heal|p1b: Clefable|11\/100|[from] item: Leftovers\n|upkeep\n|turn|2\n|\n|t:|1698597417\n|-terastallize|p1a: Kommo-o|Normal\n|move|p2b: Charizard|Protect|p2b: Charizard\n|-singleturn|p2b: Charizard|Protect\n|move|p2a: Lilligant|Leaf Blade|p1b: Clefable\n|-damage|p1b: Clefable|0 fnt\n|faint|p1b: Clefable\n|move|p1a: Kommo-o|Boomburst|p2b: Charizard|[spread] p2a\n|-activate|p2b: Charizard|move: Protect\n|-damage|p2a: Lilligant|0 fnt\n|faint|p2a: Lilligant\n|\n|-weather|SunnyDay|[upkeep]\n|upkeep\n|\n|t:|1698597433\n|switch|p2a: Tornadus|Tornadus, M|100\/100\n|switch|p1b: Typhlosion|Typhlosion-Hisui, M, shiny|100\/100\n|-item|p2a: Tornadus|Leftovers|[from] ability: Frisk|[of] p1b: Typhlosion|[identify]\n|-item|p2b: Charizard|Charizardite Y|[from] ability: Frisk|[of] p1b: Typhlosion|[identify]\n|turn|3\n|\n|t:|1698597447\n|move|p2a: Tornadus|Tailwind|p2a: Tornadus\n|-sidestart|p2: AdvancedDigit|move: Tailwind\n|move|p2b: Charizard|Heat Wave|p1a: Kommo-o|[spread] p1a,p1b\n|-resisted|p1b: Typhlosion\n|-damage|p1a: Kommo-o|0 fnt\n|-damage|p1b: Typhlosion|56\/100\n|faint|p1a: Kommo-o\n|move|p1b: Typhlosion|Flamethrower|p2a: Tornadus\n|-damage|p2a: Tornadus|16\/100\n|\n|-weather|SunnyDay|[upkeep]\n|-heal|p2a: Tornadus|22\/100|[from] item: Leftovers\n|upkeep\n|\n|t:|1698597459\n|switch|p1a: Golem|Golem-Alola, M|100\/100\n|turn|4\n|\n|t:|1698597475\n|move|p2b: Charizard|Protect|p2b: Charizard\n|-singleturn|p2b: Charizard|Protect\n|move|p1b: Typhlosion|Protect|p1b: Typhlosion\n|-singleturn|p1b: Typhlosion|Protect\n|move|p2a: Tornadus|Bleakwind Storm|p1b: Typhlosion|[spread] p1a\n|-activate|p1b: Typhlosion|move: Protect\n|-resisted|p1a: Golem\n|-damage|p1a: Golem|88\/100\n|-unboost|p1a: Golem|spe|1\n|move|p1a: Golem|Rock Slide|p2b: Charizard|[spread] p2a\n|-activate|p2b: Charizard|move: Protect\n|-supereffective|p2a: Tornadus\n|-damage|p2a: Tornadus|0 fnt\n|faint|p2a: Tornadus\n|\n|-weather|SunnyDay|[upkeep]\n|upkeep\n|\n|t:|1698597484\n|switch|p2a: Malamar|Malamar, F|100\/100\n|turn|5\n|\n|t:|1698597496\n|move|p2b: Charizard|Heat Wave|p1a: Golem|[spread] p1a,p1b\n|-resisted|p1a: Golem\n|-resisted|p1b: Typhlosion\n|-damage|p1a: Golem|42\/100\n|-damage|p1b: Typhlosion|8\/100\n|move|p2a: Malamar|Superpower|p1a: Golem\n|-supereffective|p1a: Golem\n|-damage|p1a: Golem|0 fnt\n|-boost|p2a: Malamar|atk|1\n|-boost|p2a: Malamar|def|1\n|faint|p1a: Golem\n|move|p1b: Typhlosion|Flamethrower|p2a: Malamar\n|-damage|p2a: Malamar|23\/100\n|\n|-weather|none\n|-heal|p2a: Malamar|29\/100|[from] item: Leftovers\n|upkeep\n|\n|t:|1698597511\n|switch|p1a: Clawitzer|Clawitzer, M|100\/100\n|turn|6\n|\n|t:|1698597527\n|move|p2b: Charizard|Hidden Power|p1a: Clawitzer\n|-supereffective|p1a: Clawitzer\n|-damage|p1a: Clawitzer|33\/100\n|move|p2a: Malamar|Superpower|p1a: Clawitzer\n|-damage|p1a: Clawitzer|0 fnt\n|-boost|p2a: Malamar|atk|1\n|-boost|p2a: Malamar|def|1\n|faint|p1a: Clawitzer\n|move|p1b: Typhlosion|Infernal Parade|p2b: Charizard\n|-damage|p2b: Charizard|65\/100\n|\n|-heal|p2a: Malamar|35\/100|[from] item: Leftovers\n|-sideend|p2: AdvancedDigit|move: Tailwind\n|upkeep\n|\n|t:|1698597539\n|switch|p1a: Brute Bonnet|Brute Bonnet|100\/100\n|turn|7\n|\n|t:|1698597549\n|move|p1a: Brute Bonnet|Sucker Punch|p2a: Malamar\n|-damage|p2a: Malamar|15\/100\n|move|p1b: Typhlosion|Infernal Parade|p2b: Charizard\n|-damage|p2b: Charizard|25\/100\n|move|p2b: Charizard|Heat Wave|p1b: Typhlosion|[spread] p1a,p1b\n|-supereffective|p1a: Brute Bonnet\n|-resisted|p1b: Typhlosion\n|-damage|p1a: Brute Bonnet|15\/100\n|-damage|p1b: Typhlosion|0 fnt\n|faint|p1b: Typhlosion\n|move|p2a: Malamar|Superpower|p1a: Brute Bonnet\n|-supereffective|p1a: Brute Bonnet\n|-damage|p1a: Brute Bonnet|0 fnt\n|-boost|p2a: Malamar|atk|1\n|-boost|p2a: Malamar|def|1\n|faint|p1a: Brute Bonnet\n|-end|p1a: Brute Bonnet|Protosynthesis|[silent]\n|\n|win|AdvancedDigit\n|raw|hadn's rating: 1081 &rarr; <strong>1067<\/strong><br \/>(-14 for losing)\n|raw|AdvancedDigit's rating: 1222 &rarr; <strong>1237<\/strong><br \/>(+15 for winning)\n|c|\u2606AdvancedDigit|gg\n|l|\u2606hadn\n","uploadtime":1698597561,"views":9,"p1id":"hadn","p2id":"advanceddigit","formatid":"gen9nationaldexdoubles","rating":1067,"private":0,"password":""}