{"id":"gen9nationaldexdoubles-1964983382","p1":"Clabeh","p2":"haakloong","format":"[Gen 9] National Dex Doubles","log":"|j|\u2606Clabeh\n|j|\u2606haakloong\n|t:|1697033132\n|gametype|doubles\n|player|p1|Clabeh|2|\n|player|p2|haakloong|265|\n|teamsize|p1|6\n|teamsize|p2|6\n|gen|9\n|tier|[Gen 9] National Dex Doubles\n|rule|HP Percentage Mod: HP is shown in percentages\n|rule|Endless Battle Clause: Forcing endless battles is banned\n|rule|OHKO Clause: OHKO moves are banned\n|rule|Evasion Moves Clause: Evasion moves are banned\n|rule|Evasion Abilities Clause: Evasion abilities are banned\n|rule|Species Clause: Limit one of each Pok\u00e9mon\n|rule|Gravity Sleep Clause: The combination of sleep-inducing moves with imperfect accuracy and Gravity or Gigantamax Orbeetle are banned\n|clearpoke\n|poke|p1|Claydol|\n|poke|p1|Seismitoad, F|\n|poke|p1|Ninetales, M|\n|poke|p1|Tyranitar, M|\n|poke|p1|Venusaur, M|\n|poke|p1|Cinderace, F|\n|poke|p2|Goodra-Hisui, F|\n|poke|p2|Lucario, F|\n|poke|p2|Skarmory, F|\n|poke|p2|Ninetales-Alola, F|\n|poke|p2|Cloyster, F|\n|poke|p2|Aggron, M|\n|teampreview\n|\n|t:|1697033178\n|start\n|switch|p1a: Ninetales|Ninetales, M|100\/100\n|switch|p1b: Venusaur|Venusaur, M|100\/100\n|switch|p2a: Ninetales|Ninetales-Alola, F|100\/100\n|switch|p2b: Aggron|Aggron, M|100\/100\n|-weather|Snow|[from] ability: Snow Warning|[of] p2a: Ninetales\n|-weather|SunnyDay|[from] ability: Drought|[of] p1a: Ninetales\n|turn|1\n|j| massarojpr\n|\n|t:|1697033210\n|move|p1b: Venusaur|Earthquake|p2a: Ninetales|[spread] p1a,p2a,p2b\n|-supereffective|p1a: Ninetales\n|-supereffective|p2b: Aggron\n|-damage|p1a: Ninetales|42\/100\n|-damage|p2a: Ninetales|68\/100\n|-damage|p2b: Aggron|60\/100\n|-enditem|p1a: Ninetales|Eject Button\n|j| Chumpette\n|\n|t:|1697033216\n|switch|p1a: Cinderace|Cinderace, F|100\/100\n|move|p2a: Ninetales|Weather Ball|p1b: Venusaur\n|-supereffective|p1b: Venusaur\n|-damage|p1b: Venusaur|11\/100\n|move|p2b: Aggron|Rock Blast|p1a: Cinderace\n|-supereffective|p1a: Cinderace\n|-damage|p1a: Cinderace|69\/100\n|-supereffective|p1a: Cinderace\n|-damage|p1a: Cinderace|38\/100\n|-hitcount|p1a: Cinderace|2\n|\n|-weather|SunnyDay|[upkeep]\n|-heal|p1b: Venusaur|17\/100|[from] item: Black Sludge\n|upkeep\n|turn|2\n|l| massarojpr\n|\n|t:|1697033287\n|switch|p2a: Goodra|Goodra-Hisui, F|100\/100\n|move|p1b: Venusaur|Grass Pledge|p2a: Goodra\n|-waiting|p1b: Venusaur|p1a: Cinderace\n|move|p1a: Cinderace|Fire Pledge|p2a: Goodra|[from]move: Grass Pledge\n|-combine\n|-damage|p2a: Goodra|24\/100\n|-sidestart|p2: haakloong|Fire Pledge\n|move|p2b: Aggron|Rock Blast|p1a: Cinderace\n|-supereffective|p1a: Cinderace\n|-damage|p1a: Cinderace|10\/100\n|-supereffective|p1a: Cinderace\n|-damage|p1a: Cinderace|0 fnt\n|faint|p1a: Cinderace\n|-hitcount|p1: Cinderace|2\n|\n|-weather|SunnyDay|[upkeep]\n|-heal|p1b: Venusaur|23\/100|[from] item: Black Sludge\n|-damage|p2a: Goodra|12\/100|[from] Fire Pledge\n|-heal|p2a: Goodra|18\/100|[from] item: Leftovers\n|-damage|p2b: Aggron|47\/100|[from] Fire Pledge\n|upkeep\n|\n|t:|1697033305\n|switch|p1a: Claydol|Claydol|100\/100\n|turn|3\n|\n|t:|1697033317\n|switch|p2b: Ninetales|Ninetales-Alola, F|68\/100\n|-weather|Snow|[from] ability: Snow Warning|[of] p2b: Ninetales\n|move|p1b: Venusaur|Earthquake|p2a: Goodra|[spread] p2a,p2b\n|-immune|p1a: Claydol|[from] ability: Levitate\n|-supereffective|p2a: Goodra\n|-damage|p2a: Goodra|0 fnt\n|-damage|p2b: Ninetales|45\/100\n|faint|p2a: Goodra\n|move|p1a: Claydol|Iron Defense|p1a: Claydol\n|-boost|p1a: Claydol|def|2\n|\n|-weather|Snow|[upkeep]\n|-damage|p2b: Ninetales|33\/100|[from] Fire Pledge\n|-heal|p1b: Venusaur|29\/100|[from] item: Black Sludge\n|upkeep\n|\n|t:|1697033330\n|switch|p2a: Cloyster|Cloyster, F, shiny|100\/100\n|turn|4\n|\n|t:|1697033347\n|move|p1b: Venusaur|Protect|p1b: Venusaur\n|-singleturn|p1b: Venusaur|Protect\n|move|p2b: Ninetales|Weather Ball|p1b: Venusaur\n|-activate|p1b: Venusaur|move: Protect\n|move|p1a: Claydol|Iron Defense|p1a: Claydol\n|-boost|p1a: Claydol|def|2\n|move|p2a: Cloyster|Icicle Spear|p1b: Venusaur\n|-activate|p1b: Venusaur|move: Protect\n|\n|-weather|Snow|[upkeep]\n|-damage|p2b: Ninetales|20\/100|[from] Fire Pledge\n|-heal|p1b: Venusaur|35\/100|[from] item: Black Sludge\n|-damage|p2a: Cloyster|88\/100|[from] Fire Pledge\n|upkeep\n|turn|5\n|\n|t:|1697033369\n|move|p2b: Ninetales|Weather Ball|p1a: Claydol\n|-supereffective|p1a: Claydol\n|-crit|p1a: Claydol\n|-damage|p1a: Claydol|0 fnt\n|faint|p1a: Claydol\n|move|p1b: Venusaur|Earthquake|p2a: Cloyster|[spread] p2a,p2b\n|-damage|p2a: Cloyster|80\/100\n|-damage|p2b: Ninetales|0 fnt\n|faint|p2b: Ninetales\n|move|p2a: Cloyster|Icicle Spear|p1b: Venusaur\n|-supereffective|p1b: Venusaur\n|-damage|p1b: Venusaur|0 fnt\n|faint|p1b: Venusaur\n|-hitcount|p1: Venusaur|1\n|\n|-weather|Snow|[upkeep]\n|-damage|p2a: Cloyster|67\/100|[from] Fire Pledge\n|-sideend|p2: haakloong|Fire Pledge\n|upkeep\n|\n|t:|1697033389\n|switch|p2b: Aggron|Aggron, M|47\/100\n|switch|p1b: Seismitoad|Seismitoad, F|100\/100\n|switch|p1a: Tyranitar|Tyranitar, M|100\/100\n|-weather|Sandstorm|[from] ability: Sand Stream|[of] p1a: Tyranitar\n|turn|6\n|\n|t:|1697033413\n|move|p1b: Seismitoad|Brick Break|p2b: Aggron\n|-supereffective|p2b: Aggron\n|-damage|p2b: Aggron|1\/100\n|move|p2a: Cloyster|Icicle Spear|p1a: Tyranitar\n|-crit|p1a: Tyranitar\n|-damage|p1a: Tyranitar|83\/100\n|-damage|p1a: Tyranitar|72\/100\n|-damage|p1a: Tyranitar|61\/100\n|-damage|p1a: Tyranitar|49\/100\n|-damage|p1a: Tyranitar|37\/100\n|-hitcount|p1a: Tyranitar|5\n|move|p1a: Tyranitar|Thunder Punch|p2a: Cloyster\n|-supereffective|p2a: Cloyster\n|-damage|p2a: Cloyster|37\/100\n|move|p2b: Aggron|Body Press|p1a: Tyranitar\n|-supereffective|p1a: Tyranitar\n|-damage|p1a: Tyranitar|0 fnt\n|faint|p1a: Tyranitar\n|\n|-weather|Sandstorm|[upkeep]\n|-damage|p2a: Cloyster|31\/100|[from] Sandstorm\n|upkeep\n|\n|t:|1697033432\n|switch|p1a: Ninetales|Ninetales, M|42\/100\n|-weather|SunnyDay|[from] ability: Drought|[of] p1a: Ninetales\n|turn|7\n|\n|t:|1697033445\n|move|p1a: Ninetales|Heat Wave|p2a: Cloyster|[spread] p2a\n|-miss|p1a: Ninetales|p2b: Aggron\n|-damage|p2a: Cloyster|0 fnt\n|faint|p2a: Cloyster\n|move|p1b: Seismitoad|Brick Break|p2b: Aggron\n|-supereffective|p2b: Aggron\n|-damage|p2b: Aggron|0 fnt\n|faint|p2b: Aggron\n|\n|-weather|SunnyDay|[upkeep]\n|upkeep\n|\n|t:|1697033455\n|switch|p2a: Skarmory|Skarmory, F, shiny|100\/100\n|switch|p2b: Lucario|Lucario, F|100\/100\n|turn|8\n|\n|t:|1697033475\n|move|p1a: Ninetales|Heat Wave|p2a: Skarmory|[spread] p2a,p2b\n|-supereffective|p2a: Skarmory\n|-supereffective|p2b: Lucario\n|-ability|p2a: Skarmory|Sturdy\n|-damage|p2a: Skarmory|1\/100\n|-damage|p2b: Lucario|0 fnt\n|faint|p2b: Lucario\n|move|p1b: Seismitoad|Ice Punch|p2a: Skarmory\n|-damage|p2a: Skarmory|0 fnt\n|-damage|p1b: Seismitoad|84\/100|[from] item: Rocky Helmet|[of] p2a: Skarmory\n|faint|p2a: Skarmory\n|\n|win|Clabeh\n","uploadtime":1697033489,"views":13,"p1id":"clabeh","p2id":"haakloong","formatid":"gen9nationaldexdoubles","rating":0,"private":0,"password":""}