{"id":"gen9nationaldexdoubles-1993557419","p1":"Prankbox454","p2":"carteredwinwoods","format":"[Gen 9] National Dex Doubles","log":"|j|\u2606Prankbox454\n|j|\u2606carteredwinwoods\n|t:|1700331497\n|gametype|doubles\n|player|p1|Prankbox454|burgh|1102\n|player|p2|carteredwinwoods|olympia|1073\n|teamsize|p1|6\n|teamsize|p2|6\n|gen|9\n|tier|[Gen 9] National Dex Doubles\n|rated|\n|rule|HP Percentage Mod: HP is shown in percentages\n|rule|Endless Battle Clause: Forcing endless battles is banned\n|rule|OHKO Clause: OHKO moves are banned\n|rule|Evasion Moves Clause: Evasion moves are banned\n|rule|Evasion Abilities Clause: Evasion abilities are banned\n|rule|Species Clause: Limit one of each Pok\u00e9mon\n|rule|Gravity Sleep Clause: The combination of sleep-inducing moves with imperfect accuracy and Gravity or Gigantamax Orbeetle are banned\n|clearpoke\n|poke|p1|Venusaur, M|\n|poke|p1|Toxapex, F|\n|poke|p1|Overqwil, M|\n|poke|p1|Sneasler, M|\n|poke|p1|Gengar, M|\n|poke|p1|Nihilego|\n|poke|p2|Goodra-Hisui, M|\n|poke|p2|Gardevoir, M|\n|poke|p2|Gliscor, F|\n|poke|p2|Ribombee, F|\n|poke|p2|Kleavor, F|\n|poke|p2|Tyranitar, M|\n|teampreview\n|inactive|Battle timer is ON: inactive players will automatically lose when time's up. (requested by carteredwinwoods)\n|\n|t:|1700331518\n|start\n|switch|p1a: Venusaur|Venusaur, M|100\/100\n|switch|p1b: Toxapex|Toxapex, F|100\/100\n|switch|p2a: Gliscor|Gliscor, F, shiny|100\/100\n|switch|p2b: Goodra|Goodra-Hisui, M, shiny|100\/100\n|turn|1\n|inactive|Prankbox454 has 120 seconds left.\n|\n|t:|1700331561\n|detailschange|p1a: Venusaur|Venusaur-Mega, M\n|-mega|p1a: Venusaur|Venusaur|Venusaurite\n|move|p2a: Gliscor|Protect|p2a: Gliscor\n|-singleturn|p2a: Gliscor|Protect\n|move|p1a: Venusaur|Substitute|p1a: Venusaur\n|-start|p1a: Venusaur|Substitute\n|-damage|p1a: Venusaur|75\/100\n|move|p2b: Goodra|Shelter|p2b: Goodra\n|-boost|p2b: Goodra|def|2\n|move|p1b: Toxapex|Toxic Spikes|p2b: Goodra\n|-sidestart|p2: carteredwinwoods|move: Toxic Spikes\n|\n|-status|p2a: Gliscor|tox|[from] item: Toxic Orb\n|upkeep\n|turn|2\n|inactive|Prankbox454 has 120 seconds left.\n|\n|t:|1700331583\n|move|p2a: Gliscor|Facade|p1a: Venusaur\n|-crit|p1a: Venusaur\n|-end|p1a: Venusaur|Substitute\n|move|p1a: Venusaur|Leech Seed|p2b: Goodra\n|-start|p2b: Goodra|move: Leech Seed\n|move|p2b: Goodra|Heavy Slam|p1b: Toxapex\n|-resisted|p1b: Toxapex\n|-damage|p1b: Toxapex|87\/100\n|move|p1b: Toxapex|Infestation|p2b: Goodra\n|-resisted|p2b: Goodra\n|-damage|p2b: Goodra|99\/100\n|-activate|p2b: Goodra|move: Infestation|[of] p1b: Toxapex\n|-ability|p2b: Goodra|Gooey\n|-unboost|p1b: Toxapex|spe|1\n|\n|-heal|p2b: Goodra|100\/100|[from] item: Leftovers\n|-heal|p1b: Toxapex|94\/100|[from] item: Leftovers\n|-damage|p2b: Goodra|88\/100|[from] Leech Seed|[of] p1a: Venusaur\n|-heal|p1a: Venusaur|88\/100|[silent]\n|-damage|p2b: Goodra|76\/100|[from] move: Infestation|[partiallytrapped]\n|upkeep\n|turn|3\n|inactive|Prankbox454 has 120 seconds left.\n|inactive|Prankbox454 has 90 seconds left.\n|\n|t:|1700331640\n|move|p1a: Venusaur|Protect|p1a: Venusaur\n|-singleturn|p1a: Venusaur|Protect\n|move|p2a: Gliscor|Facade|p1a: Venusaur\n|-activate|p1a: Venusaur|move: Protect\n|move|p2b: Goodra|Heavy Slam|p1a: Venusaur\n|-activate|p1a: Venusaur|move: Protect\n|move|p1b: Toxapex|Toxic Spikes|p2a: Gliscor\n|-sidestart|p2: carteredwinwoods|move: Toxic Spikes\n|\n|-heal|p2b: Goodra|82\/100|[from] item: Leftovers\n|-heal|p1b: Toxapex|99\/100|[from] item: Leftovers\n|-damage|p2b: Goodra|69\/100|[from] Leech Seed|[of] p1a: Venusaur\n|-heal|p1a: Venusaur|99\/100|[silent]\n|-damage|p2b: Goodra|57\/100|[from] move: Infestation|[partiallytrapped]\n|upkeep\n|turn|4\n|inactive|Prankbox454 has 90 seconds left.\n|\n|t:|1700331684\n|move|p2a: Gliscor|Facade|p1a: Venusaur\n|-damage|p1a: Venusaur|77\/100\n|move|p1a: Venusaur|Giga Drain|p2a: Gliscor\n|-damage|p2a: Gliscor|65\/100 tox\n|-heal|p1a: Venusaur|94\/100|[from] drain|[of] p2a: Gliscor\n|move|p2b: Goodra|Rest|p2b: Goodra\n|-status|p2b: Goodra|slp|[from] move: Rest\n|-heal|p2b: Goodra|100\/100 slp|[silent]\n|move|p1b: Toxapex|Infestation|p2a: Gliscor\n|-resisted|p2a: Gliscor\n|-damage|p2a: Gliscor|64\/100 tox\n|-activate|p2a: Gliscor|move: Infestation|[of] p1b: Toxapex\n|\n|-heal|p1b: Toxapex|100\/100|[from] item: Leftovers\n|-damage|p2b: Goodra|88\/100 slp|[from] Leech Seed|[of] p1a: Venusaur\n|-heal|p1a: Venusaur|100\/100|[silent]\n|-heal|p2a: Gliscor|76\/100 tox|[from] ability: Poison Heal\n|-damage|p2a: Gliscor|64\/100 tox|[from] move: Infestation|[partiallytrapped]\n|-damage|p2b: Goodra|76\/100 slp|[from] move: Infestation|[partiallytrapped]\n|upkeep\n|turn|5\n|inactive|Prankbox454 has 90 seconds left.\n|-message|carteredwinwoods forfeited.\n|\n|win|Prankbox454\n|raw|Prankbox454's rating: 1102 &rarr; <strong>1125<\/strong><br \/>(+23 for winning)\n|raw|carteredwinwoods's rating: 1073 &rarr; <strong>1054<\/strong><br \/>(-19 for losing)\n|l|\u2606carteredwinwoods\n","uploadtime":1700331715,"views":5,"p1id":"prankbox454","p2id":"carteredwinwoods","formatid":"gen9nationaldexdoubles","rating":1054,"private":0,"password":""}