{"id":"gen9nationaldexdoubles-1995174731","p1":"Strykerpoopoo10","p2":"Brick_Enjoyer_144","format":"[Gen 9] National Dex Doubles","log":"|j|\u2606Strykerpoopoo10\n|j|\u2606Brick_Enjoyer_144\n|t:|1700530955\n|gametype|doubles\n|player|p1|Strykerpoopoo10|unknown|1100\n|player|p2|Brick_Enjoyer_144|shauntal|1183\n|teamsize|p1|6\n|teamsize|p2|6\n|gen|9\n|tier|[Gen 9] National Dex Doubles\n|rated|\n|rule|HP Percentage Mod: HP is shown in percentages\n|rule|Endless Battle Clause: Forcing endless battles is banned\n|rule|OHKO Clause: OHKO moves are banned\n|rule|Evasion Moves Clause: Evasion moves are banned\n|rule|Evasion Abilities Clause: Evasion abilities are banned\n|rule|Species Clause: Limit one of each Pok\u00e9mon\n|rule|Gravity Sleep Clause: The combination of sleep-inducing moves with imperfect accuracy and Gravity or Gigantamax Orbeetle are banned\n|clearpoke\n|poke|p1|Ledian, F|\n|poke|p1|Pyroar, F|\n|poke|p1|Steelix, F|\n|poke|p1|Audino, F|\n|poke|p1|Aggron, F|\n|poke|p1|Donphan, F|\n|poke|p2|Smeargle, F|\n|poke|p2|Kartana|\n|poke|p2|Roaring Moon|\n|poke|p2|Minior-Violet|\n|poke|p2|Mawile, M|\n|poke|p2|Zapdos|\n|teampreview\n|inactive|Battle timer is ON: inactive players will automatically lose when time's up. (requested by Brick_Enjoyer_144)\n|\n|t:|1700530964\n|start\n|switch|p1a: Aggron|Aggron, F|100\/100\n|switch|p1b: Donphan|Donphan, F|100\/100\n|switch|p2a: Smeargle|Smeargle, F, shiny|100\/100\n|switch|p2b: Minior|Minior-Violet, shiny|100\/100\n|-formechange|p2b: Minior|Minior-Meteor||[from] ability: Shields Down\n|turn|1\n|\n|t:|1700530987\n|move|p2a: Smeargle|Fake Out|p1a: Aggron\n|-resisted|p1a: Aggron\n|-crit|p1a: Aggron\n|-damage|p1a: Aggron|99\/100\n|-damage|p2a: Smeargle|84\/100|[from] item: Rocky Helmet|[of] p1a: Aggron\n|move|p2b: Minior|Shell Smash|p2b: Minior\n|-unboost|p2b: Minior|def|1\n|-unboost|p2b: Minior|spd|1\n|-boost|p2b: Minior|atk|2\n|-boost|p2b: Minior|spa|2\n|-boost|p2b: Minior|spe|2\n|cant|p1a: Aggron|flinch\n|move|p1b: Donphan|Stealth Rock|p2b: Minior\n|-sidestart|p2: Brick_Enjoyer_144|move: Stealth Rock\n|\n|-heal|p2a: Smeargle|90\/100|[from] item: Leftovers\n|upkeep\n|turn|2\n|\n|t:|1700531014\n|move|p2b: Minior|Iron Head|p1a: Aggron\n|-damage|p1a: Aggron|71\/100\n|-damage|p2b: Minior|84\/100|[from] item: Rocky Helmet|[of] p1a: Aggron\n|move|p2a: Smeargle|Spore|p1b: Donphan\n|-status|p1b: Donphan|slp|[from] move: Spore\n|cant|p1a: Aggron|flinch\n|cant|p1b: Donphan|slp\n|\n|-heal|p2a: Smeargle|96\/100|[from] item: Leftovers\n|upkeep\n|turn|3\n|\n|t:|1700531035\n|move|p2b: Minior|Shell Smash|p2b: Minior\n|-unboost|p2b: Minior|def|1\n|-unboost|p2b: Minior|spd|1\n|-boost|p2b: Minior|atk|2\n|-boost|p2b: Minior|spa|2\n|-boost|p2b: Minior|spe|2\n|move|p2a: Smeargle|Spore|p1a: Aggron\n|-status|p1a: Aggron|slp|[from] move: Spore\n|cant|p1a: Aggron|slp\n|cant|p1b: Donphan|slp\n|\n|-heal|p2a: Smeargle|100\/100|[from] item: Leftovers\n|upkeep\n|turn|4\n|\n|t:|1700531059\n|move|p2b: Minior|Stone Edge|p1a: Aggron\n|-resisted|p1a: Aggron\n|-damage|p1a: Aggron|30\/100 slp\n|move|p2a: Smeargle|Stealth Rock|p1b: Donphan\n|-sidestart|p1: Strykerpoopoo10|move: Stealth Rock\n|cant|p1a: Aggron|slp\n|cant|p1b: Donphan|slp\n|\n|upkeep\n|turn|5\n|\n|t:|1700531072\n|-curestatus|p1a: Aggron|slp|[msg]\n|move|p1a: Aggron|Protect|p1a: Aggron\n|-singleturn|p1a: Aggron|Protect\n|move|p2b: Minior|Stone Edge|p1a: Aggron\n|-activate|p1a: Aggron|move: Protect\n|move|p2a: Smeargle|Parting Shot|p1a: Aggron\n|-activate|p1a: Aggron|move: Protect\n|-curestatus|p1b: Donphan|slp|[msg]\n|move|p1b: Donphan|Knock Off|p2b: Minior\n|-damage|p2b: Minior|5\/100\n|-enditem|p2b: Minior|Focus Sash|[from] move: Knock Off|[of] p1b: Donphan\n|\n|-formechange|p2b: Minior|Minior-Violet||[from] ability: Shields Down\n|upkeep\n|turn|6\n|inactive|Strykerpoopoo10 has 120 seconds left.\n|\n|t:|1700531107\n|move|p2b: Minior|Stone Edge|p1a: Aggron\n|-resisted|p1a: Aggron\n|-damage|p1a: Aggron|0 fnt\n|faint|p1a: Aggron\n|move|p2a: Smeargle|Spore|p1b: Donphan\n|-status|p1b: Donphan|slp|[from] move: Spore\n|cant|p1b: Donphan|slp\n|\n|upkeep\n|inactive|Strykerpoopoo10 has 120 seconds left.\n|\n|t:|1700531124\n|switch|p1a: Steelix|Steelix, F|100\/100\n|-damage|p1a: Steelix|97\/100|[from] Stealth Rock\n|turn|7\n|inactive|Strykerpoopoo10 has 120 seconds left.\n|l|\u2606Strykerpoopoo10\n|inactive|Strykerpoopoo10 disconnected and has a minute to reconnect!\n|player|p1|\n|inactive|Strykerpoopoo10 has 30 seconds to reconnect!\n|inactive|Strykerpoopoo10 has 20 seconds to reconnect!\n|inactive|Strykerpoopoo10 has 15 seconds to reconnect!\n|inactive|Strykerpoopoo10 has 10 seconds to reconnect!\n|inactive|Strykerpoopoo10 has 5 seconds to reconnect!\n|-message|Strykerpoopoo10 lost due to inactivity.\n|\n|win|Brick_Enjoyer_144\n|raw|Strykerpoopoo10's rating: 1100 &rarr; <strong>1081<\/strong><br \/>(-19 for losing)\n|raw|Brick_Enjoyer_144's rating: 1183 &rarr; <strong>1202<\/strong><br \/>(+19 for winning)\n","uploadtime":1700531205,"views":1,"p1id":"strykerpoopoo10","p2id":"brickenjoyer144","formatid":"gen9nationaldexdoubles","rating":1081,"private":0,"password":""}