{"id":"gen9nationaldexdoubles-1968445730","p1":"cyndaquilrockz","p2":"JackieNut","format":"[Gen 9] National Dex Doubles","log":"|j|\u2606cyndaquilrockz\n|j|\u2606JackieNut\n|t:|1697419374\n|gametype|doubles\n|player|p1|cyndaquilrockz|pokemonranger-gen4|\n|player|p2|JackieNut|flannery|\n|teamsize|p1|6\n|teamsize|p2|6\n|gen|9\n|tier|[Gen 9] National Dex Doubles\n|rule|HP Percentage Mod: HP is shown in percentages\n|rule|Endless Battle Clause: Forcing endless battles is banned\n|rule|OHKO Clause: OHKO moves are banned\n|rule|Evasion Moves Clause: Evasion moves are banned\n|rule|Evasion Abilities Clause: Evasion abilities are banned\n|rule|Species Clause: Limit one of each Pok\u00e9mon\n|rule|Gravity Sleep Clause: The combination of sleep-inducing moves with imperfect accuracy and Gravity or Gigantamax Orbeetle are banned\n|clearpoke\n|poke|p1|Pincurchin, F|\n|poke|p1|Iron Leaves|\n|poke|p1|Iron Bundle|\n|poke|p1|Ribombee, F|\n|poke|p1|Slowking-Galar, F|\n|poke|p1|Braviary-Hisui, M|\n|poke|p2|Zamazenta-*|\n|poke|p2|Lycanroc-Midnight, M|\n|poke|p2|Shaymin-Sky|\n|poke|p2|Sylveon, M|\n|poke|p2|Arcanine, M|\n|poke|p2|Houndoom, M|\n|teampreview\n|\n|t:|1697419398\n|start\n|switch|p1a: Ribombee|Ribombee, F|100\/100\n|switch|p1b: Braviary|Braviary-Hisui, M, shiny|100\/100\n|switch|p2a: mutt|Arcanine, M|100\/100\n|switch|p2b: gay dog|Sylveon, M|100\/100\n|-ability|p2a: mutt|Intimidate|boost\n|-unboost|p1a: Ribombee|atk|1\n|-unboost|p1b: Braviary|atk|1\n|turn|1\n|\n|t:|1697419426\n|switch|p1b: La Creatura|Pincurchin, F|100\/100\n|-fieldstart|move: Electric Terrain|[from] ability: Electric Surge|[of] p1b: La Creatura\n|move|p1a: Ribombee|Sticky Web|p2b: gay dog\n|-sidestart|p2: JackieNut|move: Sticky Web\n|move|p2a: mutt|Flare Blitz|p1a: Ribombee\n|-supereffective|p1a: Ribombee\n|-damage|p1a: Ribombee|0 fnt\n|faint|p1a: Ribombee\n|-damage|p2a: mutt|67\/100|[from] Recoil\n|move|p2b: gay dog|Substitute|p2b: gay dog\n|-start|p2b: gay dog|Substitute\n|-damage|p2b: gay dog|76\/100\n|\n|-heal|p2b: gay dog|82\/100|[from] item: Leftovers\n|upkeep\n|\n|t:|1697419444\n|switch|p1a: Slowking|Slowking-Galar, F|100\/100\n|turn|2\n|\n|t:|1697419461\n|move|p2a: mutt|Will-O-Wisp|p1a: Slowking\n|-status|p1a: Slowking|brn\n|move|p2b: gay dog|Hyper Voice|p1b: La Creatura|[spread] p1a,p1b\n|-resisted|p1a: Slowking\n|-damage|p1a: Slowking|88\/100 brn\n|-damage|p1b: La Creatura|51\/100\n|move|p1a: Slowking|Sludge Bomb|p2b: gay dog\n|-supereffective|p2b: gay dog\n|-end|p2b: gay dog|Substitute\n|move|p1b: La Creatura|Liquidation|p2a: mutt\n|-supereffective|p2a: mutt\n|-damage|p2a: mutt|0 fnt\n|faint|p2a: mutt\n|\n|-heal|p2b: gay dog|88\/100|[from] item: Leftovers\n|-heal|p1a: Slowking|94\/100 brn|[from] item: Leftovers\n|-damage|p1a: Slowking|88\/100 brn|[from] brn\n|upkeep\n|\n|t:|1697419520\n|switch|p2a: wolfie|Lycanroc-Midnight, M|100\/100\n|-activate|p2a: wolfie|move: Sticky Web\n|-unboost|p2a: wolfie|spe|1\n|turn|3\n|\n|t:|1697419543\n|move|p2a: wolfie|Sucker Punch|p1a: Slowking\n|-supereffective|p1a: Slowking\n|-damage|p1a: Slowking|41\/100 brn\n|move|p1b: La Creatura|Sucker Punch||[still]\n|-fail|p1b: La Creatura\n|move|p2b: gay dog|Substitute|p2b: gay dog\n|-start|p2b: gay dog|Substitute\n|-damage|p2b: gay dog|63\/100\n|move|p1a: Slowking|Sludge Bomb|p2b: gay dog\n|-supereffective|p2b: gay dog\n|-end|p2b: gay dog|Substitute\n|\n|-heal|p2b: gay dog|69\/100|[from] item: Leftovers\n|-heal|p1a: Slowking|47\/100 brn|[from] item: Leftovers\n|-damage|p1a: Slowking|41\/100 brn|[from] brn\n|upkeep\n|turn|4\n|\n|t:|1697419572\n|switch|p1a: Iron Leaves|Iron Leaves|100\/100\n|-activate|p1a: Iron Leaves|ability: Quark Drive\n|-start|p1a: Iron Leaves|quarkdriveatk\n|move|p2a: wolfie|Stone Edge|p1a: Iron Leaves\n|-damage|p1a: Iron Leaves|42\/100\n|move|p2b: gay dog|Hyper Voice|p1b: La Creatura|[spread] p1a,p1b\n|-damage|p1a: Iron Leaves|4\/100\n|-damage|p1b: La Creatura|0 fnt\n|faint|p1b: La Creatura\n|\n|-heal|p2b: gay dog|75\/100|[from] item: Leftovers\n|upkeep\n|\n|t:|1697419582\n|switch|p1b: Iron Bundle|Iron Bundle|100\/100\n|-activate|p1b: Iron Bundle|ability: Quark Drive\n|-start|p1b: Iron Bundle|quarkdrivespe\n|turn|5\n|\n|t:|1697419616\n|switch|p2a: pupie|Zamazenta|100\/100\n|-ability|p2a: pupie|Dauntless Shield|boost\n|-boost|p2a: pupie|def|1\n|move|p1b: Iron Bundle|Ice Beam|p2a: pupie\n|-damage|p2a: pupie|56\/100\n|move|p1a: Iron Leaves|Leaf Blade|p2b: gay dog\n|-damage|p2b: gay dog|0 fnt\n|faint|p2b: gay dog\n|-damage|p1a: Iron Leaves|0 fnt|[from] item: Life Orb\n|faint|p1a: Iron Leaves\n|-end|p1a: Iron Leaves|Quark Drive|[silent]\n|\n|upkeep\n|j| Burstdragon1\n|c| Burstdragon1|thats not a typhlosion\n|c|\u2606JackieNut|oh hi burst\n|c|\u2606cyndaquilrockz|man.\n|c| Burstdragon1|yo\n|c|\u2606JackieNut|whats up?\n|c| Burstdragon1|im just spectating\n|c|\u2606JackieNut|dude anything i take out now is weak to iron bundle\n|c|\u2606JackieNut|this strong mfer\n|c| Burstdragon1|40 points fr fr\n|c|\u2606cyndaquilrockz|*30\n|c| Burstdragon1|yeah\n|c| Burstdragon1|typo\n|c|\u2606cyndaquilrockz|should've been 40\n|c| Burstdragon1|maaayybbee\n|c| Burstdragon1|i did put valiant at 40\n|\n|t:|1697419771\n|switch|p1a: Braviary|Braviary-Hisui, M, shiny|100\/100\n|switch|p2b: big pupie|Houndoom, M|100\/100\n|-activate|p2b: big pupie|move: Sticky Web\n|-unboost|p2b: big pupie|spe|1\n|turn|6\n|\n|t:|1697419811\n|detailschange|p2b: big pupie|Houndoom-Mega, M\n|-mega|p2b: big pupie|Houndoom|Houndoominite\n|move|p1b: Iron Bundle|Hydro Pump|p2b: big pupie|[miss]\n|-miss|p1b: Iron Bundle|p2b: big pupie\n|move|p2a: pupie|Stone Edge|p1b: Iron Bundle\n|-supereffective|p1b: Iron Bundle\n|-damage|p1b: Iron Bundle|28\/100\n|move|p2b: big pupie|Dark Pulse|p1a: Braviary\n|-supereffective|p1a: Braviary\n|-damage|p1a: Braviary|14\/100\n|move|p1a: Braviary|Calm Mind|p1a: Braviary\n|-boost|p1a: Braviary|spa|1\n|-boost|p1a: Braviary|spd|1\n|\n|upkeep\n|turn|7\n|c|\u2606cyndaquilrockz|Man.\n|c|\u2606JackieNut|wow\n|c|\u2606JackieNut|im lucky af\n|c|\u2606cyndaquilrockz|i can't complain i won the last one off a lucky miss\n|c|\u2606cyndaquilrockz|i think\n|c|\u2606JackieNut|it be like that sometimes\n|c|\u2606JackieNut|ssorry i take forever with turns\n|c|\u2606cyndaquilrockz|it's okay\n|c|\u2606cyndaquilrockz|i have time\n|c|\u2606JackieNut|i gotta look at the type advantage chart every turn or i forget LMAO\n|c| Burstdragon1|if it helps, you can also type \/weak [pokemon] into this chat!\n|c|\u2606cyndaquilrockz|burst i gotta send you something rq\n|\n|t:|1697419956\n|move|p1b: Iron Bundle|Hydro Pump|p2b: big pupie|[miss]\n|-miss|p1b: Iron Bundle|p2b: big pupie\n|move|p2a: pupie|Crunch|p1a: Braviary\n|-supereffective|p1a: Braviary\n|-crit|p1a: Braviary\n|-damage|p1a: Braviary|0 fnt\n|faint|p1a: Braviary\n|move|p2b: big pupie|Dark Pulse|p1b: Iron Bundle\n|-damage|p1b: Iron Bundle|0 fnt\n|faint|p1b: Iron Bundle\n|-end|p1b: Iron Bundle|Quark Drive|[silent]\n|\n|upkeep\n|c|\u2606cyndaquilrockz|NO FUCKING WAY\n|c| Burstdragon1|lololololololol\n|c|\u2606cyndaquilrockz|JACKIE HOLD ON\n|c|\u2606JackieNut|THATS CRAZY WTF\n|c|\u2606JackieNut|LMFAO\n|c| Burstdragon1|this is why we hedge...\n|c|\u2606JackieNut|I THOUGHT BIG PUPIE  WAS DEAD LMAO\n|\n|t:|1697419997\n|switch|p1b: Slowking|Slowking-Galar, F|74\/100 brn\n|turn|8\n|\n|t:|1697420029\n|move|p2a: pupie|Crunch|p1b: Slowking\n|-supereffective|p1b: Slowking\n|-damage|p1b: Slowking|20\/100 brn\n|move|p2b: big pupie|Dark Pulse|p1b: Slowking\n|-supereffective|p1b: Slowking\n|-damage|p1b: Slowking|0 fnt\n|faint|p1b: Slowking\n|\n|win|JackieNut\n","uploadtime":1697420034,"views":12,"p1id":"cyndaquilrockz","p2id":"jackienut","formatid":"gen9nationaldexdoubles","rating":0,"private":0,"password":""}