{"id":"gen9nationaldexdoubles-1971746772","p1":"Shnipe_Cizy","p2":"Zetious","format":"[Gen 9] National Dex Doubles","log":"|j|\u2606Shnipe_Cizy\n|j|\u2606Zetious\n|t:|1697767537\n|gametype|doubles\n|player|p1|Shnipe_Cizy|turo-ai|1360\n|player|p2|Zetious|101|1471\n|teamsize|p1|6\n|teamsize|p2|6\n|gen|9\n|tier|[Gen 9] National Dex Doubles\n|rated|\n|rule|HP Percentage Mod: HP is shown in percentages\n|rule|Endless Battle Clause: Forcing endless battles is banned\n|rule|OHKO Clause: OHKO moves are banned\n|rule|Evasion Moves Clause: Evasion moves are banned\n|rule|Evasion Abilities Clause: Evasion abilities are banned\n|rule|Species Clause: Limit one of each Pok\u00e9mon\n|rule|Gravity Sleep Clause: The combination of sleep-inducing moves with imperfect accuracy and Gravity or Gigantamax Orbeetle are banned\n|clearpoke\n|poke|p1|Palafin, M|\n|poke|p1|Incineroar, M|\n|poke|p1|Amoonguss, M|\n|poke|p1|Flutter Mane|\n|poke|p1|Ninetales-Alola, M|\n|poke|p1|Chien-Pao|\n|poke|p2|Gardevoir, F|\n|poke|p2|Indeedee-F, F|\n|poke|p2|Alakazam, F|\n|poke|p2|Urshifu-*, F|\n|poke|p2|Whimsicott, F|\n|poke|p2|Tapu Lele|\n|teampreview\n|inactive|Battle timer is ON: inactive players will automatically lose when time's up. (requested by Zetious)\n|\n|t:|1697767574\n|start\n|switch|p1a: Palafin|Palafin, M|100\/100\n|switch|p1b: Chien-Pao|Chien-Pao|100\/100\n|switch|p2a: Gardevoir|Gardevoir, F|100\/100\n|switch|p2b: Indeedee|Indeedee-F, F|100\/100\n|-ability|p1b: Chien-Pao|Sword of Ruin\n|-fieldstart|move: Psychic Terrain|[from] ability: Psychic Surge|[of] p2b: Indeedee\n|-enditem|p2a: Gardevoir|Psychic Seed\n|-boost|p2a: Gardevoir|spd|1|[from] item: Psychic Seed\n|-ability|p2a: Gardevoir|Sword of Ruin\n|-ability|p2a: Gardevoir|Sword of Ruin|[from] ability: Trace|[of] p1b: Chien-Pao\n|turn|1\n|\n|t:|1697767591\n|-terastallize|p1a: Palafin|Water\n|move|p2b: Indeedee|Follow Me|p2b: Indeedee\n|-singleturn|p2b: Indeedee|move: Follow Me\n|move|p1b: Chien-Pao|Ice Spinner|p2b: Indeedee\n|-damage|p2b: Indeedee|16\/100\n|-fieldend|move: Psychic Terrain\n|move|p2a: Gardevoir|Moonblast|p1b: Chien-Pao\n|-supereffective|p1b: Chien-Pao\n|-enditem|p1b: Chien-Pao|Focus Sash\n|-damage|p1b: Chien-Pao|1\/100\n|move|p1a: Palafin|Wave Crash|p2b: Indeedee\n|-damage|p2b: Indeedee|0 fnt\n|faint|p2b: Indeedee\n|-damage|p1a: Palafin|96\/100|[from] Recoil\n|\n|upkeep\n|\n|t:|1697767612\n|switch|p2b: Whimsicott|Whimsicott, F|100\/100\n|turn|2\n|\n|t:|1697767617\n|move|p1b: Chien-Pao|Sucker Punch|p2a: Gardevoir\n|-damage|p2a: Gardevoir|38\/100\n|move|p2b: Whimsicott|Tailwind|p2b: Whimsicott\n|-sidestart|p2: Zetious|move: Tailwind\n|move|p1a: Palafin|Jet Punch|p2a: Gardevoir\n|-damage|p2a: Gardevoir|0 fnt\n|faint|p2a: Gardevoir\n|\n|upkeep\n|\n|t:|1697767630\n|switch|p2a: Tapu Lele|Tapu Lele|100\/100\n|-fieldstart|move: Psychic Terrain|[from] ability: Psychic Surge|[of] p2a: Tapu Lele\n|turn|3\n|\n|t:|1697767638\n|detailschange|p1a: Palafin|Palafin-Hero, M, tera:Water\n|switch|p1a: Incineroar|Incineroar, M|100\/100\n|-ability|p1a: Incineroar|Intimidate|boost\n|-unboost|p2a: Tapu Lele|atk|1\n|-unboost|p2b: Whimsicott|atk|1\n|move|p1b: Chien-Pao|Protect|p1b: Chien-Pao\n|-singleturn|p1b: Chien-Pao|Protect\n|move|p2b: Whimsicott|U-turn|p1b: Chien-Pao\n|-activate|p1b: Chien-Pao|move: Protect\n|move|p2a: Tapu Lele|Psyshock|p1a: Incineroar\n|-immune|p1a: Incineroar\n|\n|upkeep\n|turn|4\n|\n|t:|1697767652\n|switch|p1b: Ninetales|Ninetales-Alola, M, shiny|100\/100\n|-weather|Snow|[from] ability: Snow Warning|[of] p1b: Ninetales\n|move|p2b: Whimsicott|U-turn|p1b: Ninetales\n|-resisted|p1b: Ninetales\n|-damage|p1b: Ninetales|97\/100\n|\n|t:|1697767660\n|switch|p2b: Urshifu|Urshifu-Rapid-Strike, F|100\/100|[from] U-turn\n|move|p2a: Tapu Lele|Focus Blast|p1a: Incineroar\n|-supereffective|p1a: Incineroar\n|-crit|p1a: Incineroar\n|-damage|p1a: Incineroar|0 fnt\n|faint|p1a: Incineroar\n|\n|-weather|Snow|[upkeep]\n|upkeep\n|\n|t:|1697767671\n|switch|p1a: Amoonguss|Amoonguss, M|100\/100\n|turn|5\n|\n|t:|1697767678\n|move|p2b: Urshifu|Surging Strikes|p1b: Ninetales\n|-crit|p1b: Ninetales\n|-damage|p1b: Ninetales|71\/100\n|-crit|p1b: Ninetales\n|-damage|p1b: Ninetales|46\/100\n|-crit|p1b: Ninetales\n|-damage|p1b: Ninetales|20\/100\n|-hitcount|p1b: Ninetales|3\n|move|p2a: Tapu Lele|Psyshock|p1a: Amoonguss\n|-supereffective|p1a: Amoonguss\n|-damage|p1a: Amoonguss|25\/100\n|-enditem|p1a: Amoonguss|Aguav Berry|[eat]\n|-heal|p1a: Amoonguss|58\/100|[from] item: Aguav Berry\n|move|p1b: Ninetales|Aurora Veil|p1b: Ninetales\n|-sidestart|p1: Shnipe_Cizy|move: Aurora Veil\n|move|p1a: Amoonguss|Spore|p2b: Urshifu\n|-status|p2b: Urshifu|slp|[from] move: Spore\n|\n|-weather|Snow|[upkeep]\n|-sideend|p2: Zetious|move: Tailwind\n|upkeep\n|turn|6\n|\n|t:|1697767695\n|move|p1a: Amoonguss|Protect|p1a: Amoonguss\n|-singleturn|p1a: Amoonguss|Protect\n|move|p1b: Ninetales|Blizzard|p2a: Tapu Lele|[spread] p2a,p2b\n|-resisted|p2b: Urshifu\n|-damage|p2a: Tapu Lele|73\/100\n|-damage|p2b: Urshifu|82\/100 slp\n|cant|p2b: Urshifu|slp\n|move|p2a: Tapu Lele|Psyshock|p1a: Amoonguss\n|-activate|p1a: Amoonguss|move: Protect\n|\n|-weather|Snow|[upkeep]\n|upkeep\n|turn|7\n|\n|t:|1697767707\n|switch|p1a: Chien-Pao|Chien-Pao|1\/100\n|-ability|p1a: Chien-Pao|Sword of Ruin\n|move|p1b: Ninetales|Moonblast|p2b: Urshifu\n|-supereffective|p2b: Urshifu\n|-damage|p2b: Urshifu|0 fnt\n|faint|p2b: Urshifu\n|move|p2a: Tapu Lele|Psyshock|p1b: Ninetales\n|-damage|p1b: Ninetales|0 fnt\n|faint|p1b: Ninetales\n|\n|-weather|Snow|[upkeep]\n|upkeep\n|\n|t:|1697767721\n|switch|p1b: Flutter Mane|Flutter Mane|100\/100\n|switch|p2b: Alakazam|Alakazam, F|100\/100\n|turn|8\n|\n|t:|1697767731\n|detailschange|p2b: Alakazam|Alakazam-Mega, F\n|-mega|p2b: Alakazam|Alakazam|Alakazite\n|-ability|p2b: Alakazam|Sword of Ruin\n|-ability|p2b: Alakazam|Sword of Ruin|[from] ability: Trace|[of] p1a: Chien-Pao\n|move|p2b: Alakazam|Shadow Ball|p1a: Chien-Pao\n|-resisted|p1a: Chien-Pao\n|-damage|p1a: Chien-Pao|0 fnt\n|faint|p1a: Chien-Pao\n|move|p1b: Flutter Mane|Shadow Ball|p2b: Alakazam\n|-supereffective|p2b: Alakazam\n|-damage|p2b: Alakazam|0 fnt\n|faint|p2b: Alakazam\n|move|p2a: Tapu Lele|Psyshock|p1b: Flutter Mane\n|-damage|p1b: Flutter Mane|50\/100\n|\n|-weather|none\n|upkeep\n|\n|t:|1697767745\n|switch|p2b: Whimsicott|Whimsicott, F|100\/100\n|switch|p1a: Palafin|Palafin-Hero, M, tera:Water|96\/100\n|-activate|p1a: Palafin|ability: Zero to Hero\n|turn|9\n|\n|t:|1697767753\n|-terastallize|p2a: Tapu Lele|Water\n|move|p2b: Whimsicott|Tailwind|p2b: Whimsicott\n|-sidestart|p2: Zetious|move: Tailwind\n|move|p2a: Tapu Lele|Psyshock|p1a: Palafin\n|-damage|p1a: Palafin|63\/100\n|move|p1b: Flutter Mane|Shadow Ball|p2a: Tapu Lele\n|-damage|p2a: Tapu Lele|15\/100\n|move|p1a: Palafin|Wave Crash|p2a: Tapu Lele\n|-resisted|p2a: Tapu Lele\n|-damage|p2a: Tapu Lele|0 fnt\n|faint|p2a: Tapu Lele\n|-damage|p1a: Palafin|59\/100|[from] Recoil\n|\n|upkeep\n|turn|10\n|-message|Zetious forfeited.\n|\n|win|Shnipe_Cizy\n|raw|Shnipe_Cizy's rating: 1360 &rarr; <strong>1386<\/strong><br \/>(+26 for winning)\n|raw|Zetious's rating: 1471 &rarr; <strong>1445<\/strong><br \/>(-26 for losing)\n|l|\u2606Zetious\n","uploadtime":1697767787,"views":13,"p1id":"shnipecizy","p2id":"zetious","formatid":"gen9nationaldexdoubles","rating":1386,"private":0,"password":""}