{"id":"gen9nationaldexdoubles-1996548766","p1":"Ralsei Hatty","p2":"Pancake Tuesday","format":"[Gen 9] National Dex Doubles","log":"|j|\u2606Ralsei Hatty\n|j|\u2606Pancake Tuesday\n|t:|1700693090\n|gametype|doubles\n|player|p1|Ralsei Hatty|kieran|1304\n|player|p2|Pancake Tuesday|cynthia|1439\n|teamsize|p1|6\n|teamsize|p2|6\n|gen|9\n|tier|[Gen 9] National Dex Doubles\n|rated|\n|rule|HP Percentage Mod: HP is shown in percentages\n|rule|Endless Battle Clause: Forcing endless battles is banned\n|rule|OHKO Clause: OHKO moves are banned\n|rule|Evasion Moves Clause: Evasion moves are banned\n|rule|Evasion Abilities Clause: Evasion abilities are banned\n|rule|Species Clause: Limit one of each Pok\u00e9mon\n|rule|Gravity Sleep Clause: The combination of sleep-inducing moves with imperfect accuracy and Gravity or Gigantamax Orbeetle are banned\n|clearpoke\n|poke|p1|Flutter Mane|\n|poke|p1|Murkrow, F|\n|poke|p1|Gholdengo|\n|poke|p1|Chi-Yu|\n|poke|p1|Salamence, F|\n|poke|p1|Regieleki|\n|poke|p2|Deoxys-Attack|\n|poke|p2|Tapu Lele|\n|poke|p2|Landorus, M|\n|poke|p2|Zapdos|\n|poke|p2|Dragapult, M|\n|poke|p2|Metagross|\n|teampreview\n|inactive|Battle timer is ON: inactive players will automatically lose when time's up. (requested by Pancake Tuesday)\n|\n|t:|1700693104\n|start\n|switch|p1a: Jumpin|Regieleki|100\/100\n|switch|p1b: Fishy|Chi-Yu|100\/100\n|switch|p2a: Metagross|Metagross|100\/100\n|switch|p2b: Zapdos|Zapdos|100\/100\n|-ability|p1b: Fishy|Beads of Ruin\n|turn|1\n|\n|t:|1700693120\n|switch|p2b: Landorus|Landorus, M|100\/100\n|move|p2a: Metagross|Protect|p2a: Metagross\n|-singleturn|p2a: Metagross|Protect\n|move|p1a: Jumpin|Electroweb|p2b: Landorus|[spread] \n|-activate|p2a: Metagross|move: Protect\n|-immune|p2b: Landorus\n|move|p1b: Fishy|Heat Wave|p2b: Landorus|[spread] p2b\n|-activate|p2a: Metagross|move: Protect\n|-damage|p2b: Landorus|20\/100\n|\n|upkeep\n|turn|2\n|j| The Kitten Boy\n|inactive|Pancake Tuesday has 120 seconds left.\n|\n|t:|1700693156\n|switch|p2a: Zapdos|Zapdos|100\/100\n|move|p1a: Jumpin|Thunderbolt|p2a: Zapdos\n|-damage|p2a: Zapdos|42\/100\n|move|p2b: Landorus|Sandsear Storm|p1a: Jumpin|[spread] p1b\n|-miss|p2b: Landorus|p1a: Jumpin\n|-supereffective|p1b: Fishy\n|-damage|p1b: Fishy|0 fnt\n|faint|p1b: Fishy\n|\n|upkeep\n|inactive|Ralsei Hatty has 120 seconds left.\n|\n|t:|1700693181\n|switch|p1b: Croissant|Salamence, F|100\/100\n|-ability|p1b: Croissant|Intimidate|boost\n|-unboost|p2a: Zapdos|atk|1\n|-unboost|p2b: Landorus|atk|1\n|turn|3\n|inactive|Ralsei Hatty has 120 seconds left.\n|\n|t:|1700693203\n|detailschange|p1b: Croissant|Salamence-Mega, F\n|-mega|p1b: Croissant|Salamence|Salamencite\n|move|p2b: Landorus|Protect|p2b: Landorus\n|-singleturn|p2b: Landorus|Protect\n|move|p1a: Jumpin|Thunderbolt|p2a: Zapdos\n|-damage|p2a: Zapdos|0 fnt\n|faint|p2a: Zapdos\n|move|p1b: Croissant|Hyper Voice|p2b: Landorus\n|-activate|p2b: Landorus|move: Protect\n|\n|upkeep\n|l| The Kitten Boy\n|\n|t:|1700693214\n|switch|p2a: Deoxys|Deoxys-Attack|100\/100\n|-ability|p2a: Deoxys|Pressure\n|turn|4\n|\n|t:|1700693228\n|move|p1a: Jumpin|Thunderbolt|p2a: Deoxys\n|-enditem|p2a: Deoxys|Focus Sash\n|-damage|p2a: Deoxys|1\/100\n|move|p2a: Deoxys|Psycho Boost|p1b: Croissant\n|-damage|p1b: Croissant|0 fnt\n|-unboost|p2a: Deoxys|spa|2\n|faint|p1b: Croissant\n|move|p2b: Landorus|Sandsear Storm|p1a: Jumpin\n|-supereffective|p1a: Jumpin\n|-damage|p1a: Jumpin|0 fnt\n|faint|p1a: Jumpin\n|\n|upkeep\n|\n|t:|1700693244\n|switch|p1a: Flutter Mane|Flutter Mane|100\/100\n|switch|p1b: Kakaw|Murkrow, F|100\/100\n|turn|5\n|\n|t:|1700693263\n|-terastallize|p1a: Flutter Mane|Fairy\n|move|p1b: Kakaw|Tailwind|p1b: Kakaw\n|-sidestart|p1: Ralsei Hatty|move: Tailwind\n|move|p1a: Flutter Mane|Dazzling Gleam|p2a: Deoxys|[spread] p2a,p2b\n|-damage|p2a: Deoxys|0 fnt\n|-damage|p2b: Landorus|0 fnt\n|faint|p2a: Deoxys\n|faint|p2b: Landorus\n|\n|upkeep\n|\n|t:|1700693270\n|switch|p2a: Metagross|Metagross|100\/100\n|switch|p2b: Dragapult|Dragapult, M|100\/100\n|turn|6\n|inactive|Pancake Tuesday has 120 seconds left.\n|\n|t:|1700693317\n|detailschange|p2a: Metagross|Metagross-Mega\n|-mega|p2a: Metagross|Metagross|Metagrossite\n|move|p1a: Flutter Mane|Protect|p1a: Flutter Mane\n|-singleturn|p1a: Flutter Mane|Protect\n|move|p1b: Kakaw|Thunder Wave|p2a: Metagross\n|-status|p2a: Metagross|par\n|move|p2a: Metagross|Bullet Punch|p1a: Flutter Mane\n|-activate|p1a: Flutter Mane|move: Protect\n|move|p2b: Dragapult|Dragon Darts|p1b: Kakaw\n|-crit|p1b: Kakaw\n|-damage|p1b: Kakaw|34\/100\n|-anim|p2b: Dragapult|Dragon Darts|p1b: Kakaw\n|-damage|p1b: Kakaw|0 fnt\n|faint|p1b: Kakaw\n|\n|upkeep\n|\n|t:|1700693336\n|switch|p1b: Steel|Gholdengo|100\/100\n|turn|7\n|\n|t:|1700693346\n|switch|p2b: Tapu Lele|Tapu Lele|100\/100\n|-fieldstart|move: Psychic Terrain|[from] ability: Psychic Surge|[of] p2b: Tapu Lele\n|move|p1a: Flutter Mane|Dazzling Gleam|p2a: Metagross|[spread] p2a,p2b\n|-resisted|p2a: Metagross\n|-damage|p2a: Metagross|72\/100 par\n|-damage|p2b: Tapu Lele|41\/100\n|move|p1b: Steel|Shadow Ball|p2a: Metagross\n|-supereffective|p2a: Metagross\n|-damage|p2a: Metagross|0 fnt\n|faint|p2a: Metagross\n|\n|upkeep\n|inactive|Pancake Tuesday has 120 seconds left.\n|\n|t:|1700693357\n|switch|p2a: Dragapult|Dragapult, M|100\/100\n|turn|8\n|\n|t:|1700693387\n|move|p1a: Flutter Mane|Moonblast|p2a: Dragapult\n|-supereffective|p2a: Dragapult\n|-damage|p2a: Dragapult|0 fnt\n|faint|p2a: Dragapult\n|move|p1b: Steel|Make It Rain|p2b: Tapu Lele\n|-supereffective|p2b: Tapu Lele\n|-damage|p2b: Tapu Lele|0 fnt\n|-unboost|p1b: Steel|spa|1\n|faint|p2b: Tapu Lele\n|\n|win|Ralsei Hatty\n|raw|Ralsei Hatty's rating: 1304 &rarr; <strong>1331<\/strong><br \/>(+27 for winning)\n|raw|Pancake Tuesday's rating: 1439 &rarr; <strong>1412<\/strong><br \/>(-27 for losing)\n|l|\u2606Ralsei Hatty\n","uploadtime":1700694525,"views":17,"p1id":"ralseihatty","p2id":"pancaketuesday","formatid":"gen9nationaldexdoubles","rating":1331,"private":0,"password":""}