{"id":"gen9nationaldexdoubles-1966383406","p1":"spagooooooot","p2":"lemonjohn","format":"[Gen 9] National Dex Doubles","log":"|j|\u2606spagooooooot\n|j|\u2606lemonjohn\n|t:|1697178046\n|gametype|doubles\n|player|p1|spagooooooot|alder|1046\n|player|p2|lemonjohn|caitlin|1345\n|teamsize|p1|6\n|teamsize|p2|6\n|gen|9\n|tier|[Gen 9] National Dex Doubles\n|rated|\n|rule|HP Percentage Mod: HP is shown in percentages\n|rule|Endless Battle Clause: Forcing endless battles is banned\n|rule|OHKO Clause: OHKO moves are banned\n|rule|Evasion Moves Clause: Evasion moves are banned\n|rule|Evasion Abilities Clause: Evasion abilities are banned\n|rule|Species Clause: Limit one of each Pok\u00e9mon\n|rule|Gravity Sleep Clause: The combination of sleep-inducing moves with imperfect accuracy and Gravity or Gigantamax Orbeetle are banned\n|clearpoke\n|poke|p1|Amoonguss, M|\n|poke|p1|Toxapex, M|\n|poke|p1|Clodsire, F|\n|poke|p1|Drapion, M|\n|poke|p1|Beedrill, M|\n|poke|p1|Sneasler, F|\n|poke|p2|Venusaur, F|\n|poke|p2|Torkoal, M|\n|poke|p2|Walking Wake|\n|poke|p2|Whimsicott, F|\n|poke|p2|Hitmontop, M|\n|poke|p2|Flygon, M|\n|teampreview\n|inactive|Battle timer is ON: inactive players will automatically lose when time's up. (requested by lemonjohn)\n|\n|t:|1697178065\n|start\n|switch|p1a: Clodsire|Clodsire, F|100\/100\n|switch|p1b: Drapion|Drapion, M|100\/100\n|switch|p2a: Hitmontop|Hitmontop, M, shiny|100\/100\n|switch|p2b: Flygon|Flygon, M|100\/100\n|-ability|p2a: Hitmontop|Intimidate|boost\n|-unboost|p1a: Clodsire|atk|1\n|-unboost|p1b: Drapion|atk|1\n|turn|1\n|\n|t:|1697178084\n|move|p2a: Hitmontop|Fake Out|p1b: Drapion\n|-damage|p1b: Drapion|90\/100\n|move|p2b: Flygon|Earthquake|p1b: Drapion|[spread] p2a,p1a,p1b\n|-supereffective|p1a: Clodsire\n|-crit|p1a: Clodsire\n|-supereffective|p1b: Drapion\n|-damage|p2a: Hitmontop|66\/100\n|-damage|p1a: Clodsire|2\/100\n|-damage|p1b: Drapion|10\/100\n|cant|p1b: Drapion|flinch\n|move|p1a: Clodsire|Toxic|p2b: Flygon\n|-status|p2b: Flygon|tox\n|\n|-heal|p1a: Clodsire|8\/100|[from] item: Leftovers\n|-damage|p2b: Flygon|95\/100 tox|[from] psn\n|upkeep\n|turn|2\n|\n|t:|1697178108\n|switch|p1b: Beedrill|Beedrill, M|100\/100\n|switch|p1a: MUSHROOM MAN|Amoonguss, M, shiny|100\/100\n|move|p2a: Hitmontop|Wide Guard|p2a: Hitmontop\n|-singleturn|p2a: Hitmontop|Wide Guard\n|move|p2b: Flygon|Earthquake|p1b: Beedrill|[spread] p1a,p1b\n|-activate|p2a: Hitmontop|move: Wide Guard\n|-crit|p1b: Beedrill\n|-damage|p1a: MUSHROOM MAN|73\/100\n|-damage|p1b: Beedrill|0 fnt\n|faint|p1b: Beedrill\n|\n|-heal|p1a: MUSHROOM MAN|79\/100|[from] item: Black Sludge\n|-damage|p2b: Flygon|83\/100 tox|[from] psn\n|upkeep\n|\n|t:|1697178122\n|switch|p1b: Toxapex|Toxapex, M, shiny|100\/100\n|turn|3\n|\n|t:|1697178133\n|move|p2a: Hitmontop|Wide Guard|p2a: Hitmontop\n|-singleturn|p2a: Hitmontop|Wide Guard\n|move|p2b: Flygon|Earthquake|p1a: MUSHROOM MAN|[spread] p1a,p1b\n|-activate|p2a: Hitmontop|move: Wide Guard\n|-supereffective|p1b: Toxapex\n|-damage|p1a: MUSHROOM MAN|52\/100\n|-damage|p1b: Toxapex|61\/100\n|move|p1b: Toxapex|Toxic|p2a: Hitmontop\n|-status|p2a: Hitmontop|tox\n|move|p1a: MUSHROOM MAN|Giga Drain|p2b: Flygon\n|-damage|p2b: Flygon|52\/100 tox\n|-heal|p1a: MUSHROOM MAN|63\/100|[from] drain|[of] p2b: Flygon\n|\n|-heal|p1b: Toxapex|67\/100|[from] item: Leftovers\n|-heal|p1a: MUSHROOM MAN|69\/100|[from] item: Black Sludge\n|-damage|p2b: Flygon|34\/100 tox|[from] psn\n|-damage|p2a: Hitmontop|60\/100 tox|[from] psn\n|upkeep\n|turn|4\n|\n|t:|1697178153\n|move|p2b: Flygon|Earthquake|p1b: Toxapex|[spread] p2a,p1a,p1b\n|-supereffective|p1b: Toxapex\n|-damage|p2a: Hitmontop|24\/100 tox\n|-damage|p1a: MUSHROOM MAN|43\/100\n|-damage|p1b: Toxapex|27\/100\n|-enditem|p2a: Hitmontop|Sitrus Berry|[eat]\n|-heal|p2a: Hitmontop|49\/100 tox|[from] item: Sitrus Berry\n|move|p2a: Hitmontop|Close Combat|p1a: MUSHROOM MAN\n|-resisted|p1a: MUSHROOM MAN\n|-damage|p1a: MUSHROOM MAN|25\/100\n|-unboost|p2a: Hitmontop|def|1\n|-unboost|p2a: Hitmontop|spd|1\n|move|p1b: Toxapex|Recover|p1b: Toxapex\n|-heal|p1b: Toxapex|77\/100\n|move|p1a: MUSHROOM MAN|Giga Drain|p2b: Flygon\n|-damage|p2b: Flygon|5\/100 tox\n|-heal|p1a: MUSHROOM MAN|36\/100|[from] drain|[of] p2b: Flygon\n|\n|-heal|p1b: Toxapex|83\/100|[from] item: Leftovers\n|-heal|p1a: MUSHROOM MAN|42\/100|[from] item: Black Sludge\n|-damage|p2b: Flygon|0 fnt|[from] psn\n|faint|p2b: Flygon\n|-damage|p2a: Hitmontop|37\/100 tox|[from] psn\n|upkeep\n|\n|t:|1697178162\n|switch|p2b: Walking Wake|Walking Wake|100\/100\n|turn|5\n|\n|t:|1697178183\n|switch|p2a: Venusaur|Venusaur, F, shiny|100\/100\n|move|p2b: Walking Wake|Draco Meteor|p1b: Toxapex\n|-damage|p1b: Toxapex|26\/100\n|-unboost|p2b: Walking Wake|spa|2\n|-enditem|p2b: Walking Wake|White Herb\n|-clearnegativeboost|p2b: Walking Wake|[silent]\n|move|p1b: Toxapex|Toxic|p2b: Walking Wake\n|-status|p2b: Walking Wake|tox\n|move|p1a: MUSHROOM MAN|Giga Drain|p2b: Walking Wake\n|-damage|p2b: Walking Wake|73\/100 tox\n|-heal|p1a: MUSHROOM MAN|53\/100|[from] drain|[of] p2b: Walking Wake\n|\n|-heal|p1b: Toxapex|32\/100|[from] item: Leftovers\n|-heal|p1a: MUSHROOM MAN|59\/100|[from] item: Black Sludge\n|-damage|p2b: Walking Wake|67\/100 tox|[from] psn\n|upkeep\n|turn|6\n|\n|t:|1697178202\n|move|p1a: MUSHROOM MAN|Rage Powder|p1a: MUSHROOM MAN\n|-singleturn|p1a: MUSHROOM MAN|move: Rage Powder\n|move|p2b: Walking Wake|Draco Meteor|p1a: MUSHROOM MAN\n|-crit|p1a: MUSHROOM MAN\n|-damage|p1a: MUSHROOM MAN|0 fnt\n|-unboost|p2b: Walking Wake|spa|2\n|faint|p1a: MUSHROOM MAN\n|move|p2a: Venusaur|Sludge Bomb|p1b: Toxapex\n|-resisted|p1b: Toxapex\n|-damage|p1b: Toxapex|7\/100\n|-damage|p2a: Venusaur|91\/100|[from] item: Life Orb\n|move|p1b: Toxapex|Toxic|p2a: Venusaur\n|-immune|p2a: Venusaur\n|\n|-heal|p1b: Toxapex|13\/100|[from] item: Leftovers\n|-damage|p2b: Walking Wake|54\/100 tox|[from] psn\n|upkeep\n|\n|t:|1697178221\n|switch|p1a: Sneasler|Sneasler, F|100\/100\n|-item|p1a: Sneasler|Air Balloon\n|turn|7\n|\n|t:|1697178244\n|switch|p1b: Clodsire|Clodsire, F|8\/100\n|move|p2b: Walking Wake|Draco Meteor|p1a: Sneasler\n|-damage|p1a: Sneasler|54\/100\n|-unboost|p2b: Walking Wake|spa|2\n|-enditem|p1a: Sneasler|Air Balloon\n|move|p1a: Sneasler|Dire Claw|p2a: Venusaur\n|-damage|p2a: Venusaur|34\/100\n|-status|p2a: Venusaur|par\n|move|p2a: Venusaur|Giga Drain|p1b: Clodsire\n|-damage|p1b: Clodsire|0 fnt\n|-heal|p2a: Venusaur|40\/100 par|[from] drain|[of] p1b: Clodsire\n|faint|p1b: Clodsire\n|-damage|p2a: Venusaur|30\/100 par|[from] item: Life Orb\n|\n|-damage|p2b: Walking Wake|36\/100 tox|[from] psn\n|upkeep\n|\n|t:|1697178263\n|switch|p1b: Toxapex|Toxapex, M, shiny|47\/100\n|turn|8\n|\n|t:|1697178272\n|-end|p2b: Walking Wake|Protosynthesis|[silent]\n|switch|p2b: Torkoal|Torkoal, M, shiny|100\/100\n|-weather|SunnyDay|[from] ability: Drought|[of] p2b: Torkoal\n|move|p1a: Sneasler|Acrobatics|p2b: Torkoal\n|-damage|p2b: Torkoal|68\/100\n|move|p2a: Venusaur|Giga Drain|p1b: Toxapex\n|-damage|p1b: Toxapex|12\/100\n|-heal|p2a: Venusaur|48\/100 par|[from] drain|[of] p1b: Toxapex\n|-damage|p2a: Venusaur|38\/100 par|[from] item: Life Orb\n|move|p1b: Toxapex|Recover|p1b: Toxapex\n|-heal|p1b: Toxapex|62\/100\n|\n|-weather|SunnyDay|[upkeep]\n|-heal|p1b: Toxapex|68\/100|[from] item: Leftovers\n|upkeep\n|turn|9\n|\n|t:|1697178296\n|move|p1a: Sneasler|Dire Claw|p2b: Torkoal\n|-damage|p2b: Torkoal|37\/100\n|move|p2a: Venusaur|Weather Ball|p1a: Sneasler\n|-damage|p1a: Sneasler|0 fnt\n|faint|p1a: Sneasler\n|-damage|p2a: Venusaur|28\/100 par|[from] item: Life Orb\n|move|p1b: Toxapex|Toxic|p2b: Torkoal\n|-status|p2b: Torkoal|tox\n|move|p2b: Torkoal|Earth Power|p1b: Toxapex\n|-supereffective|p1b: Toxapex\n|-crit|p1b: Toxapex\n|-damage|p1b: Toxapex|11\/100\n|-unboost|p1b: Toxapex|spd|1\n|\n|-weather|SunnyDay|[upkeep]\n|-heal|p1b: Toxapex|17\/100|[from] item: Leftovers\n|-damage|p2b: Torkoal|31\/100 tox|[from] psn\n|upkeep\n|inactive|spagooooooot has 120 seconds left.\n|\n|t:|1697178314\n|switch|p1a: Drapion|Drapion, M|10\/100\n|turn|10\n|\n|t:|1697178325\n|move|p1a: Drapion|Knock Off|p2a: Venusaur\n|-damage|p2a: Venusaur|0 fnt\n|-enditem|p2a: Venusaur|Life Orb|[from] move: Knock Off|[of] p1a: Drapion\n|faint|p2a: Venusaur\n|move|p1b: Toxapex|Recover|p1b: Toxapex\n|-heal|p1b: Toxapex|67\/100\n|move|p2b: Torkoal|Earth Power|p1b: Toxapex\n|-supereffective|p1b: Toxapex\n|-damage|p1b: Toxapex|8\/100\n|\n|-weather|SunnyDay|[upkeep]\n|-heal|p1b: Toxapex|14\/100|[from] item: Leftovers\n|-damage|p2b: Torkoal|18\/100 tox|[from] psn\n|upkeep\n|\n|t:|1697178332\n|switch|p2a: Hitmontop|Hitmontop, M, shiny|37\/100 tox\n|-ability|p2a: Hitmontop|Intimidate|boost\n|-unboost|p1a: Drapion|atk|1\n|-unboost|p1b: Toxapex|atk|1\n|turn|11\n|\n|t:|1697178355\n|move|p2a: Hitmontop|Fake Out|p1a: Drapion\n|-damage|p1a: Drapion|1\/100\n|cant|p1a: Drapion|flinch\n|move|p1b: Toxapex|Recover|p1b: Toxapex\n|-heal|p1b: Toxapex|64\/100\n|move|p2b: Torkoal|Earth Power|p1b: Toxapex\n|-supereffective|p1b: Toxapex\n|-crit|p1b: Toxapex\n|-damage|p1b: Toxapex|0 fnt\n|faint|p1b: Toxapex\n|\n|-weather|SunnyDay|[upkeep]\n|-damage|p2a: Hitmontop|30\/100 tox|[from] psn\n|-damage|p2b: Torkoal|0 fnt|[from] psn\n|faint|p2b: Torkoal\n|upkeep\n|\n|t:|1697178361\n|switch|p2b: Walking Wake|Walking Wake|36\/100 tox\n|-activate|p2b: Walking Wake|ability: Protosynthesis\n|-start|p2b: Walking Wake|protosynthesisspa\n|turn|12\n|\n|t:|1697178377\n|move|p2b: Walking Wake|Hydro Steam|p1a: Drapion\n|-damage|p1a: Drapion|0 fnt\n|faint|p1a: Drapion\n|\n|win|lemonjohn\n|raw|spagooooooot's rating: 1046 &rarr; <strong>1041<\/strong><br \/>(-5 for losing)\n|raw|lemonjohn's rating: 1345 &rarr; <strong>1351<\/strong><br \/>(+6 for winning)\n","uploadtime":1697178384,"views":9,"p1id":"spagooooooot","p2id":"lemonjohn","formatid":"gen9nationaldexdoubles","rating":1041,"private":0,"password":""}