{"id":"gen9nationaldexdoubles-1997324218","p1":"Hrvzbrgent","p2":"fumbari 24","format":"[Gen 9] National Dex Doubles","log":"|j|\u2606Hrvzbrgent\n|j|\u2606fumbari 24\n|t:|1700789494\n|gametype|doubles\n|player|p1|Hrvzbrgent|102|1134\n|player|p2|fumbari 24|hilbert|1188\n|teamsize|p1|6\n|teamsize|p2|6\n|gen|9\n|tier|[Gen 9] National Dex Doubles\n|rated|\n|rule|HP Percentage Mod: HP is shown in percentages\n|rule|Endless Battle Clause: Forcing endless battles is banned\n|rule|OHKO Clause: OHKO moves are banned\n|rule|Evasion Moves Clause: Evasion moves are banned\n|rule|Evasion Abilities Clause: Evasion abilities are banned\n|rule|Species Clause: Limit one of each Pok\u00e9mon\n|rule|Gravity Sleep Clause: The combination of sleep-inducing moves with imperfect accuracy and Gravity or Gigantamax Orbeetle are banned\n|clearpoke\n|poke|p1|Amoonguss, F|\n|poke|p1|Landorus-Therian, M|\n|poke|p1|Kommo-o, F|\n|poke|p1|Sylveon, M|\n|poke|p1|Roaring Moon|\n|poke|p1|Dragapult, M|\n|poke|p2|Darmanitan-Galar, M|\n|poke|p2|Ninetales-Alola, F|\n|poke|p2|Beartic, F|\n|poke|p2|Articuno-Galar|\n|poke|p2|Wyrdeer, M|\n|poke|p2|Mamoswine, F|\n|teampreview\n|inactive|Battle timer is ON: inactive players will automatically lose when time's up. (requested by Hrvzbrgent)\n|\n|t:|1700789510\n|start\n|switch|p1a: Sylveon|Sylveon, M|100\/100\n|switch|p1b: Kommo-o|Kommo-o, F|100\/100\n|switch|p2a: Articuno|Articuno-Galar|100\/100\n|switch|p2b: Wyrdeer|Wyrdeer, M|100\/100\n|-ability|p2b: Wyrdeer|Intimidate|boost\n|-unboost|p1a: Sylveon|atk|1\n|-unboost|p1b: Kommo-o|atk|1\n|turn|1\n|\n|t:|1700789525\n|-terastallize|p2b: Wyrdeer|Fairy\n|move|p2a: Articuno|Protect|p2a: Articuno\n|-singleturn|p2a: Articuno|Protect\n|-zpower|p1b: Kommo-o\n|move|p1b: Kommo-o|Clangorous Soulblaze|p2a: Articuno|[zeffect]|[spread] p2a\n|-immune|p2b: Wyrdeer\n|-zbroken|p2a: Articuno\n|-damage|p2a: Articuno|91\/100\n|-boost|p1b: Kommo-o|atk|1\n|-boost|p1b: Kommo-o|def|1\n|-boost|p1b: Kommo-o|spa|1\n|-boost|p1b: Kommo-o|spd|1\n|-boost|p1b: Kommo-o|spe|1\n|move|p1a: Sylveon|Psych Up|p1b: Kommo-o\n|-copyboost|p1a: Sylveon|p1b: Kommo-o|[from] move: Psych Up\n|move|p2b: Wyrdeer|Trick Room|p2b: Wyrdeer\n|-fieldstart|move: Trick Room|[of] p2b: Wyrdeer\n|\n|upkeep\n|turn|2\n|\n|t:|1700789554\n|move|p2b: Wyrdeer|Skill Swap|p1a: Sylveon\n|-activate|p2b: Wyrdeer|move: Skill Swap|Pixilate|Intimidate|[of] p1a: Sylveon\n|-ability|p1a: Sylveon|Intimidate|boost\n|-unboost|p2a: Articuno|atk|1\n|-ability|p2a: Articuno|Competitive|boost\n|-boost|p2a: Articuno|spa|2\n|-unboost|p2b: Wyrdeer|atk|1\n|move|p2a: Articuno|Freezing Glare|p1b: Kommo-o\n|-supereffective|p1b: Kommo-o\n|-damage|p1b: Kommo-o|0 fnt\n|faint|p1b: Kommo-o\n|move|p1a: Sylveon|Mystical Fire|p2a: Articuno\n|-damage|p2a: Articuno|59\/100\n|-unboost|p2a: Articuno|spa|1\n|-ability|p2a: Articuno|Competitive|boost\n|-boost|p2a: Articuno|spa|2\n|\n|upkeep\n|\n|t:|1700789566\n|switch|p1b: Amoonguss|Amoonguss, F, shiny|100\/100\n|turn|3\n|\n|t:|1700789580\n|move|p2a: Articuno|Protect|p2a: Articuno\n|-singleturn|p2a: Articuno|Protect\n|move|p1b: Amoonguss|Spore|p2b: Wyrdeer\n|-status|p2b: Wyrdeer|slp|[from] move: Spore\n|move|p1a: Sylveon|Mystical Fire|p2a: Articuno\n|-activate|p2a: Articuno|move: Protect\n|cant|p2b: Wyrdeer|slp\n|\n|upkeep\n|turn|4\n|\n|t:|1700789594\n|move|p1b: Amoonguss|Protect|p1b: Amoonguss\n|-singleturn|p1b: Amoonguss|Protect\n|move|p2a: Articuno|Freezing Glare|p1b: Amoonguss\n|-activate|p1b: Amoonguss|move: Protect\n|move|p1a: Sylveon|Mystical Fire|p2a: Articuno\n|-damage|p2a: Articuno|27\/100\n|-unboost|p2a: Articuno|spa|1\n|-ability|p2a: Articuno|Competitive|boost\n|-boost|p2a: Articuno|spa|2\n|-enditem|p2a: Articuno|Sitrus Berry|[eat]\n|-heal|p2a: Articuno|52\/100|[from] item: Sitrus Berry\n|cant|p2b: Wyrdeer|slp\n|\n|upkeep\n|turn|5\n|\n|t:|1700789616\n|-terastallize|p1b: Amoonguss|Steel\n|move|p2a: Articuno|Protect|p2a: Articuno\n|-singleturn|p2a: Articuno|Protect\n|move|p1b: Amoonguss|Rage Powder|p1b: Amoonguss\n|-singleturn|p1b: Amoonguss|move: Rage Powder\n|-curestatus|p2b: Wyrdeer|slp|[msg]\n|move|p2b: Wyrdeer|Tera Blast|p1b: Amoonguss|[anim] Tera Blast Fairy\n|-resisted|p1b: Amoonguss\n|-damage|p1b: Amoonguss|89\/100\n|move|p1a: Sylveon|Hyper Voice|p2b: Wyrdeer|[spread] p2b\n|-activate|p2a: Articuno|move: Protect\n|-damage|p2b: Wyrdeer|70\/100\n|-enditem|p1a: Sylveon|Throat Spray\n|-boost|p1a: Sylveon|spa|1|[from] item: Throat Spray\n|\n|-fieldend|move: Trick Room\n|upkeep\n|turn|6\n|\n|t:|1700789631\n|move|p2b: Wyrdeer|Helping Hand|p2a: Articuno\n|-singleturn|p2a: Articuno|Helping Hand|[of] p2b: Wyrdeer\n|move|p1a: Sylveon|Hyper Voice|p2a: Articuno|[spread] p2a,p2b\n|-damage|p2a: Articuno|14\/100\n|-damage|p2b: Wyrdeer|26\/100\n|move|p2a: Articuno|Freezing Glare|p1b: Amoonguss\n|-resisted|p1b: Amoonguss\n|-damage|p1b: Amoonguss|19\/100\n|move|p1b: Amoonguss|Spore|p2b: Wyrdeer\n|-status|p2b: Wyrdeer|slp|[from] move: Spore\n|\n|upkeep\n|turn|7\n|\n|t:|1700789651\n|move|p2a: Articuno|Protect|p2a: Articuno\n|-singleturn|p2a: Articuno|Protect\n|move|p1b: Amoonguss|Protect|p1b: Amoonguss\n|-singleturn|p1b: Amoonguss|Protect\n|move|p1a: Sylveon|Mystical Fire|p2a: Articuno\n|-activate|p2a: Articuno|move: Protect\n|cant|p2b: Wyrdeer|slp\n|\n|upkeep\n|turn|8\n|\n|t:|1700789662\n|move|p1b: Amoonguss|Rage Powder|p1b: Amoonguss\n|-singleturn|p1b: Amoonguss|move: Rage Powder\n|move|p1a: Sylveon|Mystical Fire|p2a: Articuno\n|-damage|p2a: Articuno|0 fnt\n|faint|p2a: Articuno\n|cant|p2b: Wyrdeer|slp\n|\n|upkeep\n|\n|t:|1700789674\n|switch|p2a: Mamoswine|Mamoswine, F|100\/100\n|turn|9\n|\n|t:|1700789681\n|-curestatus|p2b: Wyrdeer|slp|[msg]\n|move|p2b: Wyrdeer|Helping Hand|p2a: Mamoswine\n|-singleturn|p2a: Mamoswine|Helping Hand|[of] p2b: Wyrdeer\n|move|p1b: Amoonguss|Rage Powder|p1b: Amoonguss\n|-singleturn|p1b: Amoonguss|move: Rage Powder\n|move|p1a: Sylveon|Mystical Fire|p2a: Mamoswine\n|-supereffective|p2a: Mamoswine\n|-damage|p2a: Mamoswine|57\/100\n|-unboost|p2a: Mamoswine|spa|1\n|move|p2a: Mamoswine|Earthquake|p1a: Sylveon|[spread] p2b,p1a,p1b\n|-supereffective|p1b: Amoonguss\n|-damage|p2b: Wyrdeer|0 fnt\n|-damage|p1a: Sylveon|51\/100\n|-damage|p1b: Amoonguss|0 fnt\n|faint|p2b: Wyrdeer\n|faint|p1b: Amoonguss\n|\n|upkeep\n|\n|t:|1700789697\n|switch|p2b: Ninetales|Ninetales-Alola, F|100\/100\n|switch|p1b: Landorus|Landorus-Therian, M|100\/100\n|-ability|p1b: Landorus|Intimidate|boost\n|-unboost|p2a: Mamoswine|atk|1\n|-unboost|p2b: Ninetales|atk|1\n|-weather|Snow|[from] ability: Snow Warning|[of] p2b: Ninetales\n|turn|10\n|\n|t:|1700789713\n|move|p2a: Mamoswine|Ice Shard|p1b: Landorus\n|-supereffective|p1b: Landorus\n|-damage|p1b: Landorus|32\/100\n|move|p1b: Landorus|Stealth Rock|p2b: Ninetales\n|-sidestart|p2: fumbari 24|move: Stealth Rock\n|move|p2b: Ninetales|Aurora Veil|p2b: Ninetales\n|-sidestart|p2: fumbari 24|move: Aurora Veil\n|move|p1a: Sylveon|Mystical Fire|p2b: Ninetales\n|-supereffective|p2b: Ninetales\n|-damage|p2b: Ninetales|35\/100\n|-unboost|p2b: Ninetales|spa|1\n|\n|-weather|Snow|[upkeep]\n|upkeep\n|turn|11\n|\n|t:|1700789730\n|move|p1b: Landorus|Earthquake|p2a: Mamoswine|[spread] p1a,p2a,p2b\n|-damage|p1a: Sylveon|13\/100\n|-damage|p2a: Mamoswine|38\/100\n|-damage|p2b: Ninetales|14\/100\n|move|p2b: Ninetales|Blizzard|p1b: Landorus|[spread] p1a,p1b\n|-supereffective|p1b: Landorus\n|-damage|p1a: Sylveon|6\/100\n|-damage|p1b: Landorus|0 fnt\n|faint|p1b: Landorus\n|move|p1a: Sylveon|Mystical Fire|p2b: Ninetales\n|-supereffective|p2b: Ninetales\n|-damage|p2b: Ninetales|0 fnt\n|faint|p2b: Ninetales\n|move|p2a: Mamoswine|Rock Slide|p1a: Sylveon\n|-damage|p1a: Sylveon|0 fnt\n|faint|p1a: Sylveon\n|\n|-weather|Snow|[upkeep]\n|upkeep\n|\n|t:|1700789735\n|switch|p1b: Dragapult|Dragapult, M, shiny|100\/100\n|switch|p2b: Beartic|Beartic, F, shiny|100\/100\n|switch|p1a: Roaring Moon|Roaring Moon|100\/100\n|-damage|p2b: Beartic|75\/100|[from] Stealth Rock\n|-enditem|p1a: Roaring Moon|Booster Energy\n|-activate|p1a: Roaring Moon|ability: Protosynthesis|[fromitem]\n|-start|p1a: Roaring Moon|protosynthesisatk\n|turn|12\n|\n|t:|1700789756\n|move|p1b: Dragapult|Sucker Punch|p2b: Beartic\n|-damage|p2b: Beartic|50\/100\n|move|p2a: Mamoswine|Ice Shard|p1a: Roaring Moon\n|-supereffective|p1a: Roaring Moon\n|-damage|p1a: Roaring Moon|54\/100\n|move|p2b: Beartic|Icicle Crash|p1a: Roaring Moon\n|-supereffective|p1a: Roaring Moon\n|-damage|p1a: Roaring Moon|0 fnt\n|faint|p1a: Roaring Moon\n|-end|p1a: Roaring Moon|Protosynthesis|[silent]\n|\n|-weather|Snow|[upkeep]\n|upkeep\n|turn|13\n|\n|t:|1700789766\n|move|p1b: Dragapult|Sucker Punch|p2b: Beartic\n|-damage|p2b: Beartic|24\/100\n|move|p2a: Mamoswine|Ice Shard|p1b: Dragapult\n|-supereffective|p1b: Dragapult\n|-damage|p1b: Dragapult|58\/100\n|move|p2b: Beartic|Icicle Crash|p1b: Dragapult\n|-supereffective|p1b: Dragapult\n|-damage|p1b: Dragapult|0 fnt\n|faint|p1b: Dragapult\n|\n|win|fumbari 24\n|raw|Hrvzbrgent's rating: 1134 &rarr; <strong>1113<\/strong><br \/>(-21 for losing)\n|raw|fumbari 24's rating: 1188 &rarr; <strong>1209<\/strong><br \/>(+21 for winning)\n|l|\u2606Hrvzbrgent\n","uploadtime":1700789776,"views":6,"p1id":"hrvzbrgent","p2id":"fumbari24","formatid":"gen9nationaldexdoubles","rating":1113,"private":0,"password":""}