{"id":"gen9nationaldexdoubles-1983265738","p1":"AdvilPills","p2":"Jack the Ripper21","format":"[Gen 9] National Dex Doubles","log":"|j|\u2606AdvilPills\n|j|\u2606Jack the Ripper21\n|t:|1699112118\n|gametype|doubles\n|player|p1|AdvilPills|266|\n|player|p2|Jack the Ripper21|gentleman-gen4dp|\n|teamsize|p1|6\n|teamsize|p2|6\n|gen|9\n|tier|[Gen 9] National Dex Doubles\n|rule|HP Percentage Mod: HP is shown in percentages\n|rule|Endless Battle Clause: Forcing endless battles is banned\n|rule|OHKO Clause: OHKO moves are banned\n|rule|Evasion Moves Clause: Evasion moves are banned\n|rule|Evasion Abilities Clause: Evasion abilities are banned\n|rule|Species Clause: Limit one of each Pok\u00e9mon\n|rule|Gravity Sleep Clause: The combination of sleep-inducing moves with imperfect accuracy and Gravity or Gigantamax Orbeetle are banned\n|clearpoke\n|poke|p1|Murkrow, M|\n|poke|p1|Heatran, F|\n|poke|p1|Goodra-Hisui, F|\n|poke|p1|Landorus-Therian, M|\n|poke|p1|Clefable, F|\n|poke|p1|Rillaboom, F|\n|poke|p2|Venusaur, M|\n|poke|p2|Toxapex, M|\n|poke|p2|Iron Moth|\n|poke|p2|Sneasler, F|\n|poke|p2|Glimmora, F|\n|poke|p2|Slowking-Galar, F|\n|teampreview\n|\n|t:|1699112127\n|start\n|switch|p1a: Landorus|Landorus-Therian, M|100\/100\n|switch|p1b: Goodra|Goodra-Hisui, F|100\/100\n|switch|p2a: Sazae|Slowking-Galar, F|100\/100\n|switch|p2b: hello|Venusaur, M|100\/100\n|-ability|p1a: Landorus|Intimidate|boost\n|-unboost|p2a: Sazae|atk|1\n|-unboost|p2b: hello|atk|1\n|turn|1\n|c|\u2606AdvilPills|glhf\n|\n|t:|1699112147\n|switch|p2a: Ripper|Sneasler, F|100\/100\n|-item|p2a: Ripper|Air Balloon\n|detailschange|p2b: hello|Venusaur-Mega, M\n|-mega|p2b: hello|Venusaur|Venusaurite\n|move|p1a: Landorus|Stomping Tantrum|p2a: Ripper\n|-immune|p2a: Ripper\n|move|p2b: hello|Leech Seed|p1a: Landorus\n|-start|p1a: Landorus|move: Leech Seed\n|move|p1b: Goodra|Acid Spray|p2b: hello\n|-damage|p2b: hello|89\/100\n|-unboost|p2b: hello|spd|2\n|\n|-damage|p1a: Landorus|88\/100|[from] Leech Seed|[of] p2b: hello\n|-heal|p2b: hello|99\/100|[silent]\n|upkeep\n|turn|2\n|\n|t:|1699112168\n|-terastallize|p1a: Landorus|Flying\n|move|p2a: Ripper|Swords Dance|p2a: Ripper\n|-boost|p2a: Ripper|atk|2\n|move|p1a: Landorus|Tera Blast|p2a: Ripper|[anim] Tera Blast Flying\n|-supereffective|p2a: Ripper\n|-damage|p2a: Ripper|0 fnt\n|-enditem|p2a: Ripper|Air Balloon\n|faint|p2a: Ripper\n|move|p2b: hello|Leech Seed|p1b: Goodra\n|-start|p1b: Goodra|move: Leech Seed\n|move|p1b: Goodra|Draco Meteor|p2b: hello\n|-damage|p2b: hello|0 fnt\n|-unboost|p1b: Goodra|spa|2\n|faint|p2b: hello\n|\n|-heal|p1a: Landorus|94\/100|[from] item: Leftovers\n|upkeep\n|\n|t:|1699112213\n|switch|p2a: Sazae|Slowking-Galar, F|100\/100\n|switch|p2b: Mutated Ballsack|Glimmora, F|100\/100\n|turn|3\n|\n|t:|1699112241\n|move|p1a: Landorus|Stomping Tantrum|p2a: Sazae\n|-supereffective|p2a: Sazae\n|-damage|p2a: Sazae|37\/100\n|move|p2b: Mutated Ballsack|Sludge Bomb|p1a: Landorus\n|-damage|p1a: Landorus|21\/100\n|move|p1b: Goodra|Flash Cannon|p2b: Mutated Ballsack\n|-supereffective|p2b: Mutated Ballsack\n|-damage|p2b: Mutated Ballsack|43\/100\n|move|p2a: Sazae|Thunder Wave|p1b: Goodra\n|-status|p1b: Goodra|par\n|\n|-heal|p1a: Landorus|27\/100|[from] item: Leftovers\n|-damage|p1a: Landorus|15\/100|[from] Leech Seed|[of] p2b: Mutated Ballsack\n|-heal|p2b: Mutated Ballsack|56\/100|[silent]\n|-damage|p1b: Goodra|88\/100 par|[from] Leech Seed|[of] p2b: Mutated Ballsack\n|-heal|p2b: Mutated Ballsack|71\/100|[silent]\n|upkeep\n|turn|4\n|c|\u2606Jack the Ripper21|im just playing bad now\n|\n|t:|1699112283\n|-terastallize|p2a: Sazae|Grass\n|move|p1a: Landorus|U-turn|p2a: Sazae\n|-supereffective|p2a: Sazae\n|-damage|p2a: Sazae|0 fnt\n|faint|p2a: Sazae\n|\n|t:|1699112299\n|switch|p1a: Heatran|Heatran, F|100\/100|[from] U-turn\n|move|p2b: Mutated Ballsack|Sludge Bomb|p1a: Heatran\n|-immune|p1a: Heatran\n|cant|p1b: Goodra|par\n|\n|-heal|p1b: Goodra|94\/100 par|[from] item: Leftovers\n|-damage|p1b: Goodra|82\/100 par|[from] Leech Seed|[of] p2b: Mutated Ballsack\n|-heal|p2b: Mutated Ballsack|85\/100|[silent]\n|upkeep\n|c|\u2606Jack the Ripper21|shit\n|c|\u2606Jack the Ripper21|yeah i lost gg\n|\n|t:|1699112312\n|switch|p2a: tanky|Toxapex, M|100\/100\n|turn|5\n|c|\u2606AdvilPills|oh I'm so sorry, I just did that for the pivot\n|\n|t:|1699112329\n|move|p2b: Mutated Ballsack|Spiky Shield|p2b: Mutated Ballsack\n|-singleturn|p2b: Mutated Ballsack|move: Protect\n|move|p1a: Heatran|Flash Cannon|p2b: Mutated Ballsack\n|-activate|p2b: Mutated Ballsack|move: Protect\n|move|p2a: tanky|Scald|p1a: Heatran\n|-supereffective|p1a: Heatran\n|-damage|p1a: Heatran|80\/100\n|move|p1b: Goodra|Flash Cannon|p2b: Mutated Ballsack\n|-activate|p2b: Mutated Ballsack|move: Protect\n|\n|-heal|p1b: Goodra|88\/100 par|[from] item: Leftovers\n|-damage|p1b: Goodra|75\/100 par|[from] Leech Seed|[of] p2b: Mutated Ballsack\n|-heal|p2b: Mutated Ballsack|99\/100|[silent]\n|upkeep\n|turn|6\n|\n|t:|1699112362\n|move|p2b: Mutated Ballsack|Stealth Rock|p1a: Heatran\n|-sidestart|p1: AdvilPills|move: Stealth Rock\n|move|p1a: Heatran|Stealth Rock|p2b: Mutated Ballsack\n|-sidestart|p2: Jack the Ripper21|move: Stealth Rock\n|move|p2a: tanky|Scald|p1a: Heatran\n|-supereffective|p1a: Heatran\n|-damage|p1a: Heatran|61\/100\n|move|p1b: Goodra|Flash Cannon|p2b: Mutated Ballsack\n|-supereffective|p2b: Mutated Ballsack\n|-damage|p2b: Mutated Ballsack|50\/100\n|\n|-heal|p1b: Goodra|82\/100 par|[from] item: Leftovers\n|-damage|p1b: Goodra|69\/100 par|[from] Leech Seed|[of] p2b: Mutated Ballsack\n|-heal|p2b: Mutated Ballsack|65\/100|[silent]\n|upkeep\n|turn|7\n|\n|t:|1699112384\n|switch|p1b: Murkrow|Murkrow, M|100\/100\n|-damage|p1b: Murkrow|76\/100|[from] Stealth Rock\n|move|p2b: Mutated Ballsack|Spiky Shield|p2b: Mutated Ballsack\n|-singleturn|p2b: Mutated Ballsack|move: Protect\n|move|p1a: Heatran|Flash Cannon|p2b: Mutated Ballsack\n|-activate|p2b: Mutated Ballsack|move: Protect\n|move|p2a: tanky|Scald|p1a: Heatran\n|-supereffective|p1a: Heatran\n|-damage|p1a: Heatran|41\/100\n|\n|upkeep\n|turn|8\n|c|\u2606Jack the Ripper21|two steel types just screw me\n|\n|t:|1699112417\n|switch|p1a: Goodra|Goodra-Hisui, F|69\/100 par\n|-damage|p1a: Goodra|63\/100 par|[from] Stealth Rock\n|move|p1b: Murkrow|Taunt|p2b: Mutated Ballsack\n|-start|p2b: Mutated Ballsack|move: Taunt\n|move|p2b: Mutated Ballsack|Sludge Bomb|p1b: Murkrow\n|-damage|p1b: Murkrow|40\/100\n|move|p2a: tanky|Scald|p1a: Goodra\n|-resisted|p1a: Goodra\n|-damage|p1a: Goodra|57\/100 par\n|\n|-heal|p1a: Goodra|63\/100 par|[from] item: Leftovers\n|upkeep\n|turn|9\n|c|\u2606Jack the Ripper21|specifically when there resistent to fire\n|\n|t:|1699112441\n|move|p1b: Murkrow|Defog|p2a: tanky\n|-unboost|p2a: tanky|evasion|1\n|-sideend|p2: Jack the Ripper21|Stealth Rock|[from] move: Defog|[of] p1b: Murkrow\n|-sideend|p1: AdvilPills|Stealth Rock|[from] move: Defog|[of] p1b: Murkrow\n|move|p2b: Mutated Ballsack|Sludge Bomb|p1b: Murkrow\n|-damage|p1b: Murkrow|0 fnt\n|faint|p1b: Murkrow\n|move|p2a: tanky|Scald|p1a: Goodra\n|-resisted|p1a: Goodra\n|-damage|p1a: Goodra|58\/100 par\n|cant|p1a: Goodra|par\n|\n|-heal|p1a: Goodra|64\/100 par|[from] item: Leftovers\n|upkeep\n|\n|t:|1699112454\n|switch|p1b: Heatran|Heatran, F|41\/100\n|turn|10\n|\n|t:|1699112479\n|move|p2b: Mutated Ballsack|Sludge Bomb|p1b: Heatran\n|-immune|p1b: Heatran\n|move|p1b: Heatran|Flash Cannon|p2b: Mutated Ballsack\n|-supereffective|p2b: Mutated Ballsack\n|-damage|p2b: Mutated Ballsack|0 fnt\n|faint|p2b: Mutated Ballsack\n|move|p2a: tanky|Scald|p1b: Heatran\n|-supereffective|p1b: Heatran\n|-damage|p1b: Heatran|19\/100\n|move|p1a: Goodra|Draco Meteor|p2a: tanky\n|-damage|p2a: tanky|43\/100\n|-unboost|p1a: Goodra|spa|2\n|\n|-heal|p2a: tanky|49\/100|[from] item: Black Sludge\n|-heal|p1a: Goodra|70\/100 par|[from] item: Leftovers\n|upkeep\n|\n|t:|1699112504\n|switch|p2b: Its a moth|Iron Moth|100\/100\n|-enditem|p2b: Its a moth|Booster Energy\n|-activate|p2b: Its a moth|ability: Quark Drive|[fromitem]\n|-start|p2b: Its a moth|quarkdrivespa\n|turn|11\n|\n|t:|1699112539\n|switch|p1a: Rillaboom|Rillaboom, F|100\/100\n|-fieldstart|move: Grassy Terrain|[from] ability: Grassy Surge|[of] p1a: Rillaboom\n|-enditem|p1a: Rillaboom|Grassy Seed\n|-boost|p1a: Rillaboom|def|1|[from] item: Grassy Seed\n|move|p2b: Its a moth|Dazzling Gleam|p1a: Rillaboom|[spread] p1a,p1b\n|-resisted|p1b: Heatran\n|-damage|p1a: Rillaboom|61\/100\n|-damage|p1b: Heatran|14\/100\n|move|p1b: Heatran|Lava Plume|p2b: Its a moth|[spread] p1a,p2a,p2b\n|-supereffective|p1a: Rillaboom\n|-resisted|p2a: tanky\n|-resisted|p2b: Its a moth\n|-damage|p1a: Rillaboom|0 fnt\n|-damage|p2a: tanky|39\/100\n|-damage|p2b: Its a moth|88\/100\n|faint|p1a: Rillaboom\n|move|p2a: tanky|Recover|p2a: tanky\n|-heal|p2a: tanky|89\/100\n|\n|-heal|p2b: Its a moth|94\/100|[from] Grassy Terrain\n|-heal|p1b: Heatran|21\/100|[from] Grassy Terrain\n|-heal|p2a: tanky|95\/100|[from] Grassy Terrain\n|-heal|p2a: tanky|100\/100|[from] item: Black Sludge\n|upkeep\n|\n|t:|1699112552\n|switch|p1a: Goodra|Goodra-Hisui, F|70\/100 par\n|turn|12\n|\n|t:|1699112578\n|move|p2b: Its a moth|Fiery Dance|p1a: Goodra\n|-damage|p1a: Goodra|31\/100 par\n|-boost|p2b: Its a moth|spa|1\n|move|p1b: Heatran|Will-O-Wisp|p2a: tanky\n|-status|p2a: tanky|brn\n|move|p2a: tanky|Scald|p1b: Heatran\n|-supereffective|p1b: Heatran\n|-damage|p1b: Heatran|0 fnt\n|faint|p1b: Heatran\n|move|p1a: Goodra|Draco Meteor|p2b: Its a moth\n|-damage|p2b: Its a moth|19\/100\n|-unboost|p1a: Goodra|spa|2\n|\n|-heal|p2b: Its a moth|25\/100|[from] Grassy Terrain\n|-heal|p1a: Goodra|37\/100 par|[from] Grassy Terrain\n|-heal|p1a: Goodra|43\/100 par|[from] item: Leftovers\n|-damage|p2a: tanky|95\/100 brn|[from] brn\n|upkeep\n|c|\u2606Jack the Ripper21|watch this you get para\n|\n|t:|1699112595\n|switch|p1b: Clefable|Clefable, F|100\/100\n|turn|13\n|c|\u2606Jack the Ripper21|nah you didn't oof\n|\n|t:|1699112612\n|move|p1b: Clefable|Follow Me|p1b: Clefable\n|-singleturn|p1b: Clefable|move: Follow Me\n|move|p2b: Its a moth|Fiery Dance|p1b: Clefable\n|-damage|p1b: Clefable|18\/100\n|move|p2a: tanky|Scald|p1b: Clefable\n|-damage|p1b: Clefable|1\/100\n|move|p1a: Goodra|Draco Meteor|p2b: Its a moth\n|-damage|p2b: Its a moth|0 fnt\n|-unboost|p1a: Goodra|spa|2\n|faint|p2b: Its a moth\n|-end|p2b: Its a moth|Quark Drive|[silent]\n|\n|-heal|p1b: Clefable|7\/100|[from] Grassy Terrain\n|-heal|p1b: Clefable|13\/100|[from] item: Leftovers\n|-heal|p2a: tanky|100\/100 brn|[from] Grassy Terrain\n|-heal|p1a: Goodra|49\/100 par|[from] Grassy Terrain\n|-heal|p1a: Goodra|55\/100 par|[from] item: Leftovers\n|-damage|p2a: tanky|95\/100 brn|[from] brn\n|upkeep\n|turn|14\n|\n|t:|1699112637\n|move|p1b: Clefable|Thunderbolt|p2a: tanky\n|-supereffective|p2a: tanky\n|-damage|p2a: tanky|50\/100 brn\n|move|p2a: tanky|Scald|p1b: Clefable\n|-damage|p1b: Clefable|0 fnt\n|faint|p1b: Clefable\n|cant|p1a: Goodra|par\n|\n|-heal|p2a: tanky|56\/100 brn|[from] Grassy Terrain\n|-heal|p2a: tanky|62\/100 brn|[from] item: Black Sludge\n|-heal|p1a: Goodra|61\/100 par|[from] Grassy Terrain\n|-heal|p1a: Goodra|67\/100 par|[from] item: Leftovers\n|-damage|p2a: tanky|56\/100 brn|[from] brn\n|upkeep\n|\n|t:|1699112640\n|switch|p1b: Landorus|Landorus-Therian, M, tera:Flying|15\/100\n|-ability|p1b: Landorus|Intimidate|boost\n|-unboost|p2a: tanky|atk|1\n|turn|15\n|c|\u2606Jack the Ripper21|gg your winning but its really close\n|\n|t:|1699112660\n|move|p1b: Landorus|Stomping Tantrum|p2a: tanky\n|-supereffective|p2a: tanky\n|-damage|p2a: tanky|3\/100 brn\n|move|p2a: tanky|Recover|p2a: tanky\n|-heal|p2a: tanky|54\/100 brn\n|move|p1a: Goodra|Acid Spray|p2a: tanky\n|-resisted|p2a: tanky\n|-damage|p2a: tanky|51\/100 brn\n|-unboost|p2a: tanky|spd|2\n|\n|-heal|p1b: Landorus|21\/100|[from] item: Leftovers\n|-heal|p2a: tanky|57\/100 brn|[from] Grassy Terrain\n|-heal|p2a: tanky|63\/100 brn|[from] item: Black Sludge\n|-heal|p1a: Goodra|73\/100 par|[from] Grassy Terrain\n|-heal|p1a: Goodra|79\/100 par|[from] item: Leftovers\n|-damage|p2a: tanky|57\/100 brn|[from] brn\n|-fieldend|move: Grassy Terrain\n|upkeep\n|turn|16\n|\n|t:|1699112684\n|move|p1b: Landorus|Stomping Tantrum|p2a: tanky\n|-supereffective|p2a: tanky\n|-damage|p2a: tanky|10\/100 brn\n|move|p2a: tanky|Scald|p1b: Landorus\n|-damage|p1b: Landorus|0 fnt\n|faint|p1b: Landorus\n|cant|p1a: Goodra|par\n|\n|-heal|p2a: tanky|16\/100 brn|[from] item: Black Sludge\n|-heal|p1a: Goodra|85\/100 par|[from] item: Leftovers\n|-damage|p2a: tanky|10\/100 brn|[from] brn\n|upkeep\n|turn|17\n|c|\u2606Jack the Ripper21|OMG\n|\n|t:|1699112696\n|move|p2a: tanky|Recover|p2a: tanky\n|-heal|p2a: tanky|60\/100 brn\n|cant|p1a: Goodra|par\n|\n|-heal|p2a: tanky|66\/100 brn|[from] item: Black Sludge\n|-heal|p1a: Goodra|91\/100 par|[from] item: Leftovers\n|-damage|p2a: tanky|60\/100 brn|[from] brn\n|upkeep\n|turn|18\n|c|\u2606AdvilPills|bro you just won,\n|\n|t:|1699112715\n|move|p2a: tanky|Haze|p2a: tanky\n|-clearallboost\n|move|p1a: Goodra|Acid Spray|p2a: tanky\n|-resisted|p2a: tanky\n|-damage|p2a: tanky|55\/100 brn\n|-unboost|p2a: tanky|spd|2\n|\n|-heal|p2a: tanky|61\/100 brn|[from] item: Black Sludge\n|-heal|p1a: Goodra|97\/100 par|[from] item: Leftovers\n|-damage|p2a: tanky|55\/100 brn|[from] brn\n|upkeep\n|turn|19\n|\n|t:|1699112726\n|move|p2a: tanky|Haze|p2a: tanky\n|-clearallboost\n|move|p1a: Goodra|Draco Meteor|p2a: tanky\n|-damage|p2a: tanky|3\/100 brn\n|-unboost|p1a: Goodra|spa|2\n|\n|-heal|p2a: tanky|9\/100 brn|[from] item: Black Sludge\n|-heal|p1a: Goodra|100\/100 par|[from] item: Leftovers\n|-damage|p2a: tanky|3\/100 brn|[from] brn\n|upkeep\n|turn|20\n|c|\u2606Jack the Ripper21|i just have to stall\n|\n|t:|1699112753\n|move|p2a: tanky|Recover|p2a: tanky\n|-heal|p2a: tanky|53\/100 brn\n|cant|p1a: Goodra|par\n|\n|-heal|p2a: tanky|59\/100 brn|[from] item: Black Sludge\n|-damage|p2a: tanky|53\/100 brn|[from] brn\n|upkeep\n|turn|21\n|\n|t:|1699112761\n|move|p2a: tanky|Recover|p2a: tanky\n|-heal|p2a: tanky|100\/100 brn\n|move|p1a: Goodra|Acid Spray|p2a: tanky\n|-resisted|p2a: tanky\n|-damage|p2a: tanky|98\/100 brn\n|-unboost|p2a: tanky|spd|2\n|\n|-heal|p2a: tanky|100\/100 brn|[from] item: Black Sludge\n|-damage|p2a: tanky|95\/100 brn|[from] brn\n|upkeep\n|turn|22\n|c|\u2606Jack the Ripper21|my poison works in many ways can make you a cripple or just poison\n|\n|t:|1699112791\n|move|p2a: tanky|Haze|p2a: tanky\n|-clearallboost\n|move|p1a: Goodra|Draco Meteor|p2a: tanky\n|-damage|p2a: tanky|43\/100 brn\n|-unboost|p1a: Goodra|spa|2\n|\n|-heal|p2a: tanky|49\/100 brn|[from] item: Black Sludge\n|-damage|p2a: tanky|43\/100 brn|[from] brn\n|upkeep\n|turn|23\n|\n|t:|1699112806\n|move|p2a: tanky|Recover|p2a: tanky\n|-heal|p2a: tanky|93\/100 brn\n|move|p1a: Goodra|Acid Spray|p2a: tanky\n|-resisted|p2a: tanky\n|-damage|p2a: tanky|90\/100 brn\n|-unboost|p2a: tanky|spd|2\n|\n|-heal|p2a: tanky|96\/100 brn|[from] item: Black Sludge\n|-damage|p2a: tanky|90\/100 brn|[from] brn\n|upkeep\n|turn|24\n|\n|t:|1699112815\n|move|p2a: tanky|Haze|p2a: tanky\n|-clearallboost\n|move|p1a: Goodra|Acid Spray|p2a: tanky\n|-resisted|p2a: tanky\n|-damage|p2a: tanky|85\/100 brn\n|-unboost|p2a: tanky|spd|2\n|\n|-heal|p2a: tanky|91\/100 brn|[from] item: Black Sludge\n|-damage|p2a: tanky|85\/100 brn|[from] brn\n|upkeep\n|turn|25\n|c|\u2606Jack the Ripper21|are you out of draco meator\n|\n|t:|1699112834\n|move|p2a: tanky|Haze|p2a: tanky\n|-clearallboost\n|cant|p1a: Goodra|par\n|\n|-heal|p2a: tanky|91\/100 brn|[from] item: Black Sludge\n|-damage|p2a: tanky|85\/100 brn|[from] brn\n|upkeep\n|turn|26\n|c|\u2606AdvilPills|no\n|\n|t:|1699112845\n|move|p2a: tanky|Scald|p1a: Goodra\n|-resisted|p1a: Goodra\n|-damage|p1a: Goodra|94\/100 par\n|move|p1a: Goodra|Acid Spray|p2a: tanky\n|-resisted|p2a: tanky\n|-damage|p2a: tanky|79\/100 brn\n|-unboost|p2a: tanky|spd|2\n|\n|-heal|p2a: tanky|85\/100 brn|[from] item: Black Sludge\n|-heal|p1a: Goodra|100\/100 par|[from] item: Leftovers\n|-damage|p2a: tanky|79\/100 brn|[from] brn\n|upkeep\n|turn|27\n|\n|t:|1699112859\n|move|p2a: tanky|Toxic Spikes|p1a: Goodra\n|-sidestart|p1: AdvilPills|move: Toxic Spikes\n|move|p1a: Goodra|Acid Spray|p2a: tanky\n|-resisted|p2a: tanky\n|-damage|p2a: tanky|69\/100 brn\n|-unboost|p2a: tanky|spd|2\n|\n|-heal|p2a: tanky|75\/100 brn|[from] item: Black Sludge\n|-damage|p2a: tanky|69\/100 brn|[from] brn\n|upkeep\n|turn|28\n|\n|t:|1699112870\n|move|p2a: tanky|Haze|p2a: tanky\n|-clearallboost\n|move|p1a: Goodra|Acid Spray|p2a: tanky\n|-resisted|p2a: tanky\n|-damage|p2a: tanky|63\/100 brn\n|-unboost|p2a: tanky|spd|2\n|\n|-heal|p2a: tanky|69\/100 brn|[from] item: Black Sludge\n|-damage|p2a: tanky|63\/100 brn|[from] brn\n|upkeep\n|turn|29\n|c|\u2606Jack the Ripper21|im gonna stall this battle\n|\n|t:|1699112898\n|move|p2a: tanky|Haze|p2a: tanky\n|-clearallboost\n|move|p1a: Goodra|Draco Meteor|p2a: tanky\n|-damage|p2a: tanky|5\/100 brn\n|-unboost|p1a: Goodra|spa|2\n|\n|-heal|p2a: tanky|11\/100 brn|[from] item: Black Sludge\n|-damage|p2a: tanky|5\/100 brn|[from] brn\n|upkeep\n|turn|30\n|\n|t:|1699112907\n|move|p2a: tanky|Recover|p2a: tanky\n|-heal|p2a: tanky|56\/100 brn\n|cant|p1a: Goodra|par\n|\n|-heal|p2a: tanky|62\/100 brn|[from] item: Black Sludge\n|-damage|p2a: tanky|56\/100 brn|[from] brn\n|upkeep\n|turn|31\n|\n|t:|1699112917\n|move|p2a: tanky|Scald|p1a: Goodra\n|-resisted|p1a: Goodra\n|-damage|p1a: Goodra|95\/100 par\n|cant|p1a: Goodra|par\n|\n|-heal|p2a: tanky|62\/100 brn|[from] item: Black Sludge\n|-heal|p1a: Goodra|100\/100 par|[from] item: Leftovers\n|-damage|p2a: tanky|56\/100 brn|[from] brn\n|upkeep\n|turn|32\n|\n|t:|1699112929\n|move|p2a: tanky|Scald|p1a: Goodra\n|-resisted|p1a: Goodra\n|-damage|p1a: Goodra|96\/100 par\n|cant|p1a: Goodra|par\n|\n|-heal|p2a: tanky|62\/100 brn|[from] item: Black Sludge\n|-heal|p1a: Goodra|100\/100 par|[from] item: Leftovers\n|-damage|p2a: tanky|56\/100 brn|[from] brn\n|upkeep\n|turn|33\n|c|\u2606AdvilPills|And you said you were getting screwed\n|c|\u2606Jack the Ripper21|we gonna be here for a while\n|\n|t:|1699112952\n|move|p2a: tanky|Scald|p1a: Goodra\n|-resisted|p1a: Goodra\n|-damage|p1a: Goodra|95\/100 par\n|cant|p1a: Goodra|par\n|\n|-heal|p2a: tanky|62\/100 brn|[from] item: Black Sludge\n|-heal|p1a: Goodra|100\/100 par|[from] item: Leftovers\n|-damage|p2a: tanky|56\/100 brn|[from] brn\n|upkeep\n|turn|34\n|\n|t:|1699112965\n|move|p2a: tanky|Scald|p1a: Goodra\n|-resisted|p1a: Goodra\n|-damage|p1a: Goodra|95\/100 par\n|cant|p1a: Goodra|par\n|\n|-heal|p2a: tanky|62\/100 brn|[from] item: Black Sludge\n|-heal|p1a: Goodra|100\/100 par|[from] item: Leftovers\n|-damage|p2a: tanky|56\/100 brn|[from] brn\n|upkeep\n|turn|35\n|c|\u2606AdvilPills|honestly, fully para here isn't horrible\n|\n|t:|1699112978\n|move|p2a: tanky|Scald|p1a: Goodra\n|-resisted|p1a: Goodra\n|-damage|p1a: Goodra|95\/100 par\n|move|p1a: Goodra|Chilling Water|p2a: tanky\n|-resisted|p2a: tanky\n|-damage|p2a: tanky|52\/100 brn\n|-unboost|p2a: tanky|atk|1\n|\n|-heal|p2a: tanky|58\/100 brn|[from] item: Black Sludge\n|-heal|p1a: Goodra|100\/100 par|[from] item: Leftovers\n|-damage|p2a: tanky|52\/100 brn|[from] brn\n|upkeep\n|turn|36\n|c|\u2606Jack the Ripper21|yeah\n|\n|t:|1699112989\n|move|p2a: tanky|Toxic Spikes|p1a: Goodra\n|-sidestart|p1: AdvilPills|move: Toxic Spikes\n|move|p1a: Goodra|Acid Spray|p2a: tanky\n|-resisted|p2a: tanky\n|-crit|p2a: tanky\n|-damage|p2a: tanky|43\/100 brn\n|-unboost|p2a: tanky|spd|2\n|\n|-heal|p2a: tanky|49\/100 brn|[from] item: Black Sludge\n|-damage|p2a: tanky|43\/100 brn|[from] brn\n|upkeep\n|turn|37\n|\n|t:|1699112999\n|move|p2a: tanky|Haze|p2a: tanky\n|-clearallboost\n|move|p1a: Goodra|Draco Meteor|p2a: tanky\n|-damage|p2a: tanky|0 fnt\n|-unboost|p1a: Goodra|spa|2\n|faint|p2a: tanky\n|\n|win|AdvilPills\n|c|\u2606Jack the Ripper21|gg\n|c|\u2606AdvilPills|gg\n|c|\u2606Jack the Ripper21|i coulden't do much\n|c|\u2606AdvilPills|ik, thans why I wasn't worried\n|c|\u2606Jack the Ripper21|i knew you were not worried\n|c|\u2606Jack the Ripper21|i knew i was going to lose\n|c|\u2606Jack the Ripper21|you brought two steel types that just straight up screw fire types\n|c|\u2606AdvilPills|ye\n|c|\u2606AdvilPills|I like like my team also hade some pretty bad poison weakness\n|c|\u2606Jack the Ripper21|plus assult vest goodra im assuming\n|c|\u2606AdvilPills|no, you can see lefties\n","uploadtime":1699113060,"views":18,"p1id":"advilpills","p2id":"jacktheripper21","formatid":"gen9nationaldexdoubles","rating":0,"private":0,"password":""}