{"id":"gen9nationaldexdoubles-1961573978","p1":"cornpopbad","p2":"Asakurahiko","format":"[Gen 9] National Dex Doubles","log":"|j|\u2606cornpopbad\n|j|\u2606Asakurahiko\n|t:|1696639374\n|gametype|doubles\n|player|p1|cornpopbad|nate|1040\n|player|p2|Asakurahiko|170|1168\n|teamsize|p1|6\n|teamsize|p2|6\n|gen|9\n|tier|[Gen 9] National Dex Doubles\n|rated|\n|rule|HP Percentage Mod: HP is shown in percentages\n|rule|Endless Battle Clause: Forcing endless battles is banned\n|rule|OHKO Clause: OHKO moves are banned\n|rule|Evasion Moves Clause: Evasion moves are banned\n|rule|Evasion Abilities Clause: Evasion abilities are banned\n|rule|Species Clause: Limit one of each Pok\u00e9mon\n|rule|Gravity Sleep Clause: The combination of sleep-inducing moves with imperfect accuracy and Gravity or Gigantamax Orbeetle are banned\n|clearpoke\n|poke|p1|Charizard, M|\n|poke|p1|Ogerpon-Hearthflame, F|\n|poke|p1|Flutter Mane|\n|poke|p1|Chien-Pao|\n|poke|p1|Dragonite, F|\n|poke|p1|Rillaboom, M|\n|poke|p2|Charizard, F|\n|poke|p2|Typhlosion-Hisui, M|\n|poke|p2|Talonflame, F|\n|poke|p2|Salazzle, F|\n|poke|p2|Armarouge, M|\n|poke|p2|Volcarona, M|\n|teampreview\n|inactive|Battle timer is ON: inactive players will automatically lose when time's up. (requested by Asakurahiko)\n|inactive|cornpopbad also wants the timer to be on.\n|\n|t:|1696639399\n|start\n|switch|p1a: Flutter Mane|Flutter Mane|100\/100\n|switch|p1b: Rillaboom|Rillaboom, M|100\/100\n|switch|p2a: Charizard|Charizard, F|100\/100\n|switch|p2b: Talonflame|Talonflame, F|100\/100\n|-fieldstart|move: Grassy Terrain|[from] ability: Grassy Surge|[of] p1b: Rillaboom\n|turn|1\n|\n|t:|1696639413\n|detailschange|p2a: Charizard|Charizard-Mega-Y, F\n|-mega|p2a: Charizard|Charizard|Charizardite Y\n|-weather|SunnyDay|[from] ability: Drought|[of] p2a: Charizard\n|-activate|p1a: Flutter Mane|ability: Protosynthesis\n|-start|p1a: Flutter Mane|protosynthesisspe\n|move|p1b: Rillaboom|Fake Out|p2b: Talonflame\n|-damage|p2b: Talonflame|79\/100\n|move|p1a: Flutter Mane|Icy Wind|p2b: Talonflame|[spread] p2a,p2b\n|-damage|p2a: Charizard|77\/100\n|-damage|p2b: Talonflame|43\/100\n|-unboost|p2a: Charizard|spe|1\n|-unboost|p2b: Talonflame|spe|1\n|cant|p2b: Talonflame|flinch\n|move|p2a: Charizard|Heat Wave|p1b: Rillaboom|[spread] p1a,p1b\n|-supereffective|p1b: Rillaboom\n|-damage|p1a: Flutter Mane|38\/100\n|-damage|p1b: Rillaboom|15\/100\n|-status|p1a: Flutter Mane|brn\n|-status|p1b: Rillaboom|brn\n|\n|-weather|SunnyDay|[upkeep]\n|-heal|p1a: Flutter Mane|44\/100 brn|[from] Grassy Terrain\n|-heal|p1b: Rillaboom|21\/100 brn|[from] Grassy Terrain\n|-damage|p1a: Flutter Mane|38\/100 brn|[from] brn\n|-damage|p1b: Rillaboom|15\/100 brn|[from] brn\n|upkeep\n|turn|2\n|\n|t:|1696639438\n|move|p1a: Flutter Mane|Icy Wind|p2a: Charizard|[spread] p2a,p2b\n|-damage|p2a: Charizard|54\/100\n|-damage|p2b: Talonflame|6\/100\n|-unboost|p2a: Charizard|spe|1\n|-unboost|p2b: Talonflame|spe|1\n|move|p1b: Rillaboom|Knock Off|p2b: Talonflame\n|-damage|p2b: Talonflame|0 fnt\n|-enditem|p2b: Talonflame|Focus Sash|[from] move: Knock Off|[of] p1b: Rillaboom\n|faint|p2b: Talonflame\n|move|p2a: Charizard|Heat Wave|p1b: Rillaboom|[spread] p1a,p1b\n|-supereffective|p1b: Rillaboom\n|-damage|p1a: Flutter Mane|0 fnt\n|-damage|p1b: Rillaboom|0 fnt\n|faint|p1a: Flutter Mane\n|-end|p1a: Flutter Mane|Protosynthesis|[silent]\n|faint|p1b: Rillaboom\n|\n|-weather|SunnyDay|[upkeep]\n|upkeep\n|\n|t:|1696639464\n|switch|p1a: Chien-Pao|Chien-Pao|100\/100\n|switch|p2b: Volcarona|Volcarona, M|100\/100\n|switch|p1b: Ogerpon|Ogerpon-Hearthflame, F|100\/100\n|-ability|p1a: Chien-Pao|Sword of Ruin\n|-ability|p1b: Ogerpon|Mold Breaker\n|turn|3\n|\n|t:|1696639477\n|-terastallize|p1b: Ogerpon|Fire\n|detailschange|p1b: Ogerpon|Ogerpon-Hearthflame-Tera, F, tera:Fire\n|-ability|p1b: Ogerpon|Embody Aspect (Hearthflame)|boost\n|-boost|p1b: Ogerpon|atk|1\n|-terastallize|p2b: Volcarona|Water\n|move|p1a: Chien-Pao|Sucker Punch|p2a: Charizard\n|-damage|p2a: Charizard|0 fnt\n|faint|p2a: Charizard\n|move|p1b: Ogerpon|Ivy Cudgel|p2b: Volcarona\n|-resisted|p2b: Volcarona\n|-damage|p2b: Volcarona|0 fnt\n|faint|p2b: Volcarona\n|\n|-weather|SunnyDay|[upkeep]\n|upkeep\n|\n|t:|1696639498\n|switch|p2a: Armarouge|Armarouge, M|100\/100\n|switch|p2b: Salazzle|Salazzle, F|100\/100\n|turn|4\n|\n|t:|1696639527\n|move|p2b: Salazzle|Fake Out|p1a: Chien-Pao\n|-damage|p1a: Chien-Pao|92\/100\n|cant|p1a: Chien-Pao|flinch\n|move|p1b: Ogerpon|Ivy Cudgel|p2b: Salazzle\n|-resisted|p2b: Salazzle\n|-damage|p2b: Salazzle|0 fnt\n|faint|p2b: Salazzle\n|move|p2a: Armarouge|Armor Cannon|p1b: Ogerpon\n|-resisted|p1b: Ogerpon\n|-damage|p1b: Ogerpon|38\/100\n|-unboost|p2a: Armarouge|def|1\n|-unboost|p2a: Armarouge|spd|1\n|\n|-weather|SunnyDay|[upkeep]\n|-heal|p1a: Chien-Pao|98\/100|[from] Grassy Terrain\n|-heal|p1b: Ogerpon|44\/100|[from] Grassy Terrain\n|upkeep\n|\n|t:|1696639534\n|switch|p2b: Typhlosion|Typhlosion-Hisui, M|100\/100\n|-item|p1a: Chien-Pao|Focus Sash|[from] ability: Frisk|[of] p2b: Typhlosion|[identify]\n|-item|p1b: Ogerpon|Hearthflame Mask|[from] ability: Frisk|[of] p2b: Typhlosion|[identify]\n|turn|5\n|\n|t:|1696639548\n|move|p1a: Chien-Pao|Sucker Punch|p2b: Typhlosion\n|-supereffective|p2b: Typhlosion\n|-damage|p2b: Typhlosion|0 fnt\n|faint|p2b: Typhlosion\n|move|p1b: Ogerpon|Ivy Cudgel|p2a: Armarouge\n|-resisted|p2a: Armarouge\n|-damage|p2a: Armarouge|0 fnt\n|faint|p2a: Armarouge\n|\n|win|cornpopbad\n|raw|cornpopbad's rating: 1040 &rarr; <strong>1086<\/strong><br \/>(+46 for winning)\n|raw|Asakurahiko's rating: 1168 &rarr; <strong>1134<\/strong><br \/>(-34 for losing)\n|l|\u2606Asakurahiko\n","uploadtime":1696639567,"views":8,"p1id":"cornpopbad","p2id":"asakurahiko","formatid":"gen9nationaldexdoubles","rating":1086,"private":0,"password":""}