{"id":"gen9nationaldexdoubles-1975461184","p1":"Angry Adipose","p2":"Lucyispower","format":"[Gen 9] National Dex Doubles","log":"|j|\u2606Angry Adipose\n|j|\u2606Lucyispower\n|t:|1698193826\n|gametype|doubles\n|player|p1|Angry Adipose|101|\n|player|p2|Lucyispower|dawn|\n|teamsize|p1|6\n|teamsize|p2|6\n|gen|9\n|tier|[Gen 9] National Dex Doubles\n|rule|HP Percentage Mod: HP is shown in percentages\n|rule|Endless Battle Clause: Forcing endless battles is banned\n|rule|OHKO Clause: OHKO moves are banned\n|rule|Evasion Moves Clause: Evasion moves are banned\n|rule|Evasion Abilities Clause: Evasion abilities are banned\n|rule|Species Clause: Limit one of each Pok\u00e9mon\n|rule|Gravity Sleep Clause: The combination of sleep-inducing moves with imperfect accuracy and Gravity or Gigantamax Orbeetle are banned\n|clearpoke\n|poke|p1|Zoroark-Hisui, M|\n|poke|p1|Spiritomb, M|\n|poke|p1|Cinderace, F|\n|poke|p1|Sinistcha-Masterpiece|\n|poke|p1|Ditto|\n|poke|p1|Ceruledge, F|\n|poke|p2|Golurk|\n|poke|p2|Zoroark-Hisui, M|\n|poke|p2|Jellicent, F|\n|poke|p2|Gholdengo|\n|poke|p2|Chandelure, M|\n|poke|p2|Sinistcha-Masterpiece|\n|teampreview\n|\n|t:|1698193849\n|start\n|switch|p1a: Ghosterace|Cinderace, F, shiny|100\/100\n|switch|p1b: Ghost type|Ditto, shiny|100\/100\n|switch|p2a: Soup|Sinistcha-Masterpiece|100\/100\n|switch|p2b: Basalt|Golurk, shiny|100\/100\n|turn|1\n|\n|t:|1698193880\n|-terastallize|p2b: Basalt|Fairy\n|move|p1a: Ghosterace|Shadow Ball|p2a: Soup\n|-start|p1a: Ghosterace|typechange|Ghost|[from] ability: Libero\n|-immune|p2a: Soup\n|move|p2a: Soup|Shadow Ball|p1a: Ghosterace\n|-supereffective|p1a: Ghosterace\n|-damage|p1a: Ghosterace|0 fnt\n|faint|p1a: Ghosterace\n|-damage|p2a: Soup|91\/100|[from] item: Life Orb\n|move|p1b: Ghost type|Transform||[still]\n|-fail|p1b: Ghost type\n|move|p2b: Basalt|Shadow Punch|p1b: Ghost type\n|-immune|p1b: Ghost type\n|\n|upkeep\n|\n|t:|1698193910\n|switch|p1a: Kirito-Kun|Ceruledge, F, shiny|100\/100\n|turn|2\n|\n|t:|1698193928\n|-singleturn|p2b: Basalt|move: Focus Punch\n|move|p1a: Kirito-Kun|Knock Off|p2a: Soup\n|-supereffective|p2a: Soup\n|-damage|p2a: Soup|0 fnt\n|replace|p2a: Soros|Zoroark-Hisui, M, shiny\n|-end|p2a: Soros|Illusion\n|-enditem|p2a: Soros|Life Orb|[from] move: Knock Off|[of] p1a: Kirito-Kun\n|faint|p2a: Soros\n|move|p1b: Ghost type|Transform|p2b: Basalt\n|-transform|p1b: Ghost type|p2b: Basalt\n|move|p2b: Basalt|Focus Punch|p1b: Ghost type\n|-immune|p1b: Ghost type\n|\n|upkeep\n|\n|t:|1698193942\n|switch|p2a: Jam|Jellicent, F|100\/100\n|-start|p1b: Ghost type|typechange|Ground\/Ghost|[silent]\n|turn|3\n|\n|t:|1698193960\n|move|p1a: Kirito-Kun|Knock Off|p2b: Basalt\n|-resisted|p2b: Basalt\n|-damage|p2b: Basalt|90\/100\n|-enditem|p2b: Basalt|Chesto Berry|[from] move: Knock Off|[of] p1a: Kirito-Kun\n|move|p2a: Jam|Taunt|p1b: Ghost type\n|-start|p1b: Ghost type|move: Taunt\n|move|p2b: Basalt|Shadow Punch|p1a: Kirito-Kun\n|-immune|p1a: Kirito-Kun\n|move|p1b: Ghost type|Shadow Punch|p2a: Jam\n|-supereffective|p2a: Jam\n|-damage|p2a: Jam|7\/100\n|\n|-heal|p2a: Jam|13\/100|[from] item: Leftovers\n|upkeep\n|turn|4\n|\n|t:|1698193981\n|move|p1a: Kirito-Kun|Burning Jealousy|p2b: Basalt|[spread] p2a,p2b\n|-resisted|p2a: Jam\n|-damage|p2a: Jam|8\/100\n|-damage|p2b: Basalt|69\/100\n|move|p2a: Jam|Recover|p2a: Jam\n|-heal|p2a: Jam|58\/100\n|move|p2b: Basalt|Substitute|p2b: Basalt\n|-start|p2b: Basalt|Substitute\n|-damage|p2b: Basalt|44\/100\n|move|p1b: Ghost type|Shadow Punch|p2b: Basalt\n|-end|p2b: Basalt|Substitute\n|\n|-heal|p2a: Jam|64\/100|[from] item: Leftovers\n|upkeep\n|turn|5\n|\n|t:|1698194008\n|-singleturn|p2b: Basalt|move: Focus Punch\n|move|p1a: Kirito-Kun|Bitter Malice|p2a: Jam\n|-supereffective|p2a: Jam\n|-damage|p2a: Jam|21\/100\n|-unboost|p2a: Jam|atk|1\n|move|p2a: Jam|Brine|p1b: Ghost type\n|-supereffective|p1b: Ghost type\n|-damage|p1b: Ghost type|44\/100\n|move|p1b: Ghost type|Shadow Punch|p2b: Basalt\n|-damage|p2b: Basalt|0 fnt\n|faint|p2b: Basalt\n|\n|-heal|p2a: Jam|27\/100|[from] item: Leftovers\n|-end|p1b: Ghost type|move: Taunt\n|upkeep\n|\n|t:|1698194026\n|switch|p2b: Elon Musk|Gholdengo|100\/100\n|turn|6\n|\n|t:|1698194041\n|move|p2b: Elon Musk|Make It Rain|p1a: Kirito-Kun|[spread] p1a,p1b\n|-damage|p1a: Kirito-Kun|1\/100\n|-damage|p1b: Ghost type|0 fnt\n|-unboost|p2b: Elon Musk|spa|1\n|replace|p1a: Yo mama|Zoroark-Hisui, M, shiny\n|-end|p1a: Yo mama|Illusion\n|faint|p1b: Ghost type\n|move|p2a: Jam|Brine|p1a: Yo mama\n|-damage|p1a: Yo mama|0 fnt\n|faint|p1a: Yo mama\n|\n|-heal|p2a: Jam|34\/100|[from] item: Leftovers\n|upkeep\n|\n|t:|1698194056\n|switch|p1a: Dead Child|Spiritomb, M, shiny|100\/100\n|switch|p1b: Kirito-Kun|Ceruledge, F, shiny|100\/100\n|turn|7\n|\n|t:|1698194067\n|move|p1b: Kirito-Kun|Bitter Blade|p2b: Elon Musk\n|-supereffective|p2b: Elon Musk\n|-damage|p2b: Elon Musk|0 fnt\n|faint|p2b: Elon Musk\n|-damage|p1b: Kirito-Kun|91\/100|[from] item: Life Orb\n|move|p2a: Jam|Shadow Ball|p1a: Dead Child\n|-damage|p1a: Dead Child|82\/100\n|move|p1a: Dead Child|Foul Play|p2a: Jam\n|-supereffective|p2a: Jam\n|-damage|p2a: Jam|5\/100\n|\n|-heal|p2a: Jam|11\/100|[from] item: Leftovers\n|-heal|p1a: Dead Child|89\/100|[from] item: Leftovers\n|upkeep\n|\n|t:|1698194082\n|switch|p2b: Tim Burton|Chandelure, M|100\/100\n|turn|8\n|\n|t:|1698194099\n|move|p1b: Kirito-Kun|Poltergeist|p2b: Tim Burton\n|-activate|p2b: Tim Burton|move: Poltergeist|Choice Scarf\n|-supereffective|p2b: Tim Burton\n|-damage|p2b: Tim Burton|0 fnt\n|faint|p2b: Tim Burton\n|-damage|p1b: Kirito-Kun|81\/100|[from] item: Life Orb\n|move|p2a: Jam|Recover|p2a: Jam\n|-heal|p2a: Jam|61\/100\n|move|p1a: Dead Child|Foul Play|p2a: Jam\n|-supereffective|p2a: Jam\n|-damage|p2a: Jam|33\/100\n|\n|-heal|p2a: Jam|39\/100|[from] item: Leftovers\n|-heal|p1a: Dead Child|95\/100|[from] item: Leftovers\n|upkeep\n|\n|t:|1698194122\n|switch|p2b: Soup|Sinistcha-Masterpiece|100\/100\n|-heal|p2a: Jam|64\/100|[from] ability: Hospitality|[of] p2b: Soup\n|turn|9\n|\n|t:|1698194132\n|move|p1b: Kirito-Kun|Bitter Blade|p2b: Soup\n|-supereffective|p2b: Soup\n|-damage|p2b: Soup|0 fnt\n|-heal|p1b: Kirito-Kun|100\/100|[from] drain|[of] p2b: Soup\n|faint|p2b: Soup\n|-damage|p1b: Kirito-Kun|91\/100|[from] item: Life Orb\n|move|p2a: Jam|Brine|p1a: Dead Child\n|-damage|p1a: Dead Child|79\/100\n|move|p1a: Dead Child|Toxic|p2a: Jam\n|-status|p2a: Jam|tox\n|\n|-heal|p2a: Jam|70\/100 tox|[from] item: Leftovers\n|-heal|p1a: Dead Child|85\/100|[from] item: Leftovers\n|-damage|p2a: Jam|64\/100 tox|[from] psn\n|upkeep\n|turn|10\n|\n|t:|1698194152\n|move|p1b: Kirito-Kun|Swords Dance|p1b: Kirito-Kun\n|-boost|p1b: Kirito-Kun|atk|2\n|move|p2a: Jam|Shadow Ball|p1a: Dead Child\n|-damage|p1a: Dead Child|66\/100\n|move|p1a: Dead Child|Foul Play|p2a: Jam\n|-supereffective|p2a: Jam\n|-damage|p2a: Jam|39\/100 tox\n|\n|-heal|p2a: Jam|45\/100 tox|[from] item: Leftovers\n|-heal|p1a: Dead Child|72\/100|[from] item: Leftovers\n|-damage|p2a: Jam|33\/100 tox|[from] psn\n|upkeep\n|turn|11\n|\n|t:|1698194173\n|move|p1b: Kirito-Kun|Swords Dance|p1b: Kirito-Kun\n|-boost|p1b: Kirito-Kun|atk|2\n|move|p2a: Jam|Shadow Ball|p1a: Dead Child\n|-damage|p1a: Dead Child|52\/100\n|-unboost|p1a: Dead Child|spd|1\n|move|p1a: Dead Child|Foul Play|p2a: Jam\n|-supereffective|p2a: Jam\n|-damage|p2a: Jam|7\/100 tox\n|\n|-heal|p2a: Jam|13\/100 tox|[from] item: Leftovers\n|-heal|p1a: Dead Child|58\/100|[from] item: Leftovers\n|-damage|p2a: Jam|0 fnt|[from] psn\n|faint|p2a: Jam\n|\n|win|Angry Adipose\n|upkeep\n","uploadtime":1698194196,"views":12,"p1id":"angryadipose","p2id":"lucyispower","formatid":"gen9nationaldexdoubles","rating":0,"private":0,"password":""}