{"id":"gen9nationaldexdoubles-1955094520","p1":"the mudkip warrior","p2":"Nyata","format":"[Gen 9] National Dex Doubles","log":"|j|\u2606the mudkip warrior\n|j|\u2606Nyata\n|t:|1695955687\n|gametype|doubles\n|player|p1|the mudkip warrior|acetrainer-gen4dp|1479\n|player|p2|Nyata|266|1415\n|teamsize|p1|6\n|teamsize|p2|6\n|gen|9\n|tier|[Gen 9] National Dex Doubles\n|rated|\n|rule|HP Percentage Mod: HP is shown in percentages\n|rule|Endless Battle Clause: Forcing endless battles is banned\n|rule|OHKO Clause: OHKO moves are banned\n|rule|Evasion Moves Clause: Evasion moves are banned\n|rule|Evasion Abilities Clause: Evasion abilities are banned\n|rule|Species Clause: Limit one of each Pok\u00e9mon\n|rule|Gravity Sleep Clause: The combination of sleep-inducing moves with imperfect accuracy and Gravity or Gigantamax Orbeetle are banned\n|clearpoke\n|poke|p1|Incineroar, M|\n|poke|p1|Chien-Pao|\n|poke|p1|Dragonite, F|\n|poke|p1|Tornadus, M|\n|poke|p1|Gholdengo|\n|poke|p1|Blaziken, M|\n|poke|p2|Cradily, F|\n|poke|p2|Aerodactyl, F|\n|poke|p2|Arcanine-Hisui, M|\n|poke|p2|Nihilego|\n|poke|p2|Tyranitar, F|\n|poke|p2|Aggron, M|\n|teampreview\n|c|\u2606the mudkip warrior|we meet again\n|c|\u2606Nyata|oh no\n|\n|t:|1695955705\n|start\n|switch|p1a: Rigatoni|Blaziken, M|100\/100\n|switch|p1b: Al'akir|Tornadus, M|100\/100\n|switch|p2a: Aerodactyl|Aerodactyl, F|100\/100\n|switch|p2b: Arcanine|Arcanine-Hisui, M|100\/100\n|-ability|p2a: Aerodactyl|Unnerve\n|turn|1\n|c|\u2606the mudkip warrior|relax im not angry\n|c|\u2606Nyata|im scared of goldhnego\n|c|\u2606the mudkip warrior|what?\n|c|\u2606the mudkip warrior|im not planning anything with him\n|\n|t:|1695955734\n|detailschange|p1a: Rigatoni|Blaziken-Mega, M\n|-mega|p1a: Rigatoni|Blaziken|Blazikenite\n|move|p1b: Al'akir|Tailwind|p1b: Al'akir\n|-sidestart|p1: the mudkip warrior|move: Tailwind\n|move|p1a: Rigatoni|Substitute|p1a: Rigatoni\n|-start|p1a: Rigatoni|Substitute\n|-damage|p1a: Rigatoni|76\/100\n|move|p2a: Aerodactyl|Tailwind|p2a: Aerodactyl\n|-sidestart|p2: Nyata|move: Tailwind\n|move|p2b: Arcanine|Wild Charge|p1b: Al'akir\n|-supereffective|p1b: Al'akir\n|-damage|p1b: Al'akir|0 fnt\n|faint|p1b: Al'akir\n|\n|-ability|p1a: Rigatoni|Speed Boost|boost\n|-boost|p1a: Rigatoni|spe|1\n|upkeep\n|c|\u2606the mudkip warrior|id neverrrr do such a thing\n|\n|t:|1695955759\n|switch|p1b: Eddie|Incineroar, M|100\/100\n|-ability|p1b: Eddie|Intimidate|boost\n|-unboost|p2a: Aerodactyl|atk|1\n|-unboost|p2b: Arcanine|atk|1\n|turn|2\n|\n|t:|1695955769\n|switch|p2b: Cradily|Cradily, F|100\/100\n|move|p1b: Eddie|Fake Out|p2a: Aerodactyl\n|-resisted|p2a: Aerodactyl\n|-damage|p2a: Aerodactyl|94\/100\n|move|p1a: Rigatoni|Low Kick|p2b: Cradily\n|-supereffective|p2b: Cradily\n|-damage|p2b: Cradily|8\/100\n|cant|p2a: Aerodactyl|flinch\n|\n|-ability|p1a: Rigatoni|Speed Boost|boost\n|-boost|p1a: Rigatoni|spe|1\n|upkeep\n|turn|3\n|\n|t:|1695955789\n|move|p1a: Rigatoni|Rock Slide|p2b: Cradily|[spread] p2a,p2b\n|-supereffective|p2a: Aerodactyl\n|-damage|p2a: Aerodactyl|30\/100\n|-damage|p2b: Cradily|0 fnt\n|faint|p2b: Cradily\n|move|p2a: Aerodactyl|Sky Drop||[still]\n|-prepare|p2a: Aerodactyl|Sky Drop|p1b: Eddie\n|\n|-ability|p1a: Rigatoni|Speed Boost|boost\n|-boost|p1a: Rigatoni|spe|1\n|upkeep\n|\n|t:|1695955801\n|switch|p2b: Nihilego|Nihilego|100\/100\n|turn|4\n|\n|t:|1695955813\n|move|p1a: Rigatoni|Low Kick|p2b: Nihilego\n|-damage|p2b: Nihilego|15\/100\n|move|p2a: Aerodactyl|Sky Drop|p1b: Eddie|[from]lockedmove\n|-damage|p1b: Eddie|87\/100\n|-end|p1b: Eddie|Sky Drop\n|move|p2b: Nihilego|Meteor Beam||[still]\n|-prepare|p2b: Nihilego|Meteor Beam\n|-boost|p2b: Nihilego|spa|1\n|-enditem|p2b: Nihilego|Power Herb\n|-anim|p2b: Nihilego|Meteor Beam|p1b: Eddie\n|-supereffective|p1b: Eddie\n|-damage|p1b: Eddie|0 fnt\n|faint|p1b: Eddie\n|-ability|p2b: Nihilego|Beast Boost|boost\n|-boost|p2b: Nihilego|spa|1\n|\n|-sideend|p1: the mudkip warrior|move: Tailwind\n|-sideend|p2: Nyata|move: Tailwind\n|-ability|p1a: Rigatoni|Speed Boost|boost\n|-boost|p1a: Rigatoni|spe|1\n|upkeep\n|\n|t:|1695955834\n|switch|p1b: Yusuke|Chien-Pao|100\/100\n|-ability|p1b: Yusuke|Sword of Ruin\n|turn|5\n|\n|t:|1695955846\n|move|p2b: Nihilego|Protect|p2b: Nihilego\n|-singleturn|p2b: Nihilego|Protect\n|move|p1b: Yusuke|Sucker Punch||[still]\n|-fail|p1b: Yusuke\n|move|p1a: Rigatoni|Rock Slide|p2b: Nihilego|[spread] \n|-activate|p2b: Nihilego|move: Protect\n|-miss|p1a: Rigatoni|p2a: Aerodactyl\n|move|p2a: Aerodactyl|Tailwind|p2a: Aerodactyl\n|-sidestart|p2: Nyata|move: Tailwind\n|\n|-ability|p1a: Rigatoni|Speed Boost|boost\n|-boost|p1a: Rigatoni|spe|1\n|upkeep\n|turn|6\n|c|\u2606the mudkip warrior|Rigatoni that is crigne\n|c|\u2606the mudkip warrior|*cringe\n|c|\u2606Nyata|ya that was unluckhy\n|\n|t:|1695955871\n|move|p1a: Rigatoni|Rock Slide|p2b: Nihilego|[spread] p2a,p2b\n|-supereffective|p2a: Aerodactyl\n|-damage|p2a: Aerodactyl|0 fnt\n|-damage|p2b: Nihilego|0 fnt\n|faint|p2a: Aerodactyl\n|faint|p2b: Nihilego\n|move|p1b: Yusuke|Ice Spinner|p2: Aerodactyl|[notarget]\n|-fail|p1b: Yusuke\n|\n|-ability|p1a: Rigatoni|Speed Boost|boost\n|-boost|p1a: Rigatoni|spe|1\n|upkeep\n|\n|t:|1695955884\n|switch|p2a: Arcanine|Arcanine-Hisui, M|100\/100\n|switch|p2b: Aggron|Aggron, M|100\/100\n|turn|7\n|\n|t:|1695955908\n|detailschange|p2b: Aggron|Aggron-Mega, M\n|-mega|p2b: Aggron|Aggron|Aggronite\n|-terastallize|p2a: Arcanine|Fire\n|move|p1a: Rigatoni|Rock Slide|p2b: Aggron|[spread] p2a,p2b\n|-supereffective|p2a: Arcanine\n|-resisted|p2b: Aggron\n|-damage|p2a: Arcanine|23\/100\n|-damage|p2b: Aggron|94\/100\n|move|p2a: Arcanine|Flare Blitz|p1b: Yusuke\n|-supereffective|p1b: Yusuke\n|-enditem|p1b: Yusuke|Focus Sash\n|-damage|p1b: Yusuke|1\/100\n|move|p1b: Yusuke|Sacred Sword|p2b: Aggron\n|-supereffective|p2b: Aggron\n|-damage|p2b: Aggron|72\/100\n|move|p2b: Aggron|Iron Defense|p2b: Aggron\n|-boost|p2b: Aggron|def|2\n|\n|upkeep\n|turn|8\n|c|\u2606the mudkip warrior|ahhhh shit\n|\n|t:|1695955927\n|move|p1b: Yusuke|Protect|p1b: Yusuke\n|-singleturn|p1b: Yusuke|Protect\n|move|p1a: Rigatoni|Rock Slide|p2a: Arcanine|[spread] p2b\n|-miss|p1a: Rigatoni|p2a: Arcanine\n|-resisted|p2b: Aggron\n|-damage|p2b: Aggron|69\/100\n|move|p2a: Arcanine|Flare Blitz|p1a: Rigatoni\n|-resisted|p1a: Rigatoni\n|-crit|p1a: Rigatoni\n|-end|p1a: Rigatoni|Substitute\n|move|p2b: Aggron|Body Press|p1a: Rigatoni\n|-damage|p1a: Rigatoni|0 fnt\n|faint|p1a: Rigatoni\n|\n|-sideend|p2: Nyata|move: Tailwind\n|upkeep\n|c|\u2606Nyata|damn you are so unlucky\n|\n|t:|1695955945\n|switch|p1a: Dolce|Dragonite, F|100\/100\n|turn|9\n|\n|t:|1695955956\n|switch|p1b: Kaneshiro|Gholdengo|100\/100\n|switch|p2a: Tyranitar|Tyranitar, F|100\/100\n|-weather|Sandstorm|[from] ability: Sand Stream|[of] p2a: Tyranitar\n|move|p1a: Dolce|Extreme Speed|p2a: Tyranitar\n|-resisted|p2a: Tyranitar\n|-damage|p2a: Tyranitar|86\/100\n|move|p2b: Aggron|Iron Defense|p2b: Aggron\n|-boost|p2b: Aggron|def|2\n|\n|-weather|Sandstorm|[upkeep]\n|-damage|p1a: Dolce|94\/100|[from] Sandstorm\n|upkeep\n|turn|10\n|c|\u2606the mudkip warrior|BEGIN THE TORTURE\n|\n|t:|1695955978\n|-terastallize|p1b: Kaneshiro|Steel\n|move|p1a: Dolce|Protect|p1a: Dolce\n|-singleturn|p1a: Dolce|Protect\n|-zpower|p2a: Tyranitar\n|move|p2a: Tyranitar|Black Hole Eclipse|p1b: Kaneshiro|[zeffect]\n|-damage|p1b: Kaneshiro|21\/100\n|move|p1b: Kaneshiro|Make It Rain|p2b: Aggron|[spread] p2a,p2b\n|-supereffective|p2a: Tyranitar\n|-resisted|p2b: Aggron\n|-damage|p2a: Tyranitar|11\/100\n|-damage|p2b: Aggron|39\/100\n|-unboost|p1b: Kaneshiro|spa|1\n|move|p2b: Aggron|Body Press|p1a: Dolce\n|-activate|p1a: Dolce|move: Protect\n|\n|-weather|Sandstorm|[upkeep]\n|-damage|p1a: Dolce|88\/100|[from] Sandstorm\n|-heal|p1b: Kaneshiro|27\/100|[from] item: Leftovers\n|upkeep\n|turn|11\n|\n|t:|1695956009\n|move|p2a: Tyranitar|Ice Punch|p1a: Dolce\n|-supereffective|p1a: Dolce\n|-damage|p1a: Dolce|0 fnt\n|faint|p1a: Dolce\n|move|p1b: Kaneshiro|Recover|p1b: Kaneshiro\n|-heal|p1b: Kaneshiro|77\/100\n|move|p2b: Aggron|Body Press|p1b: Kaneshiro\n|-supereffective|p1b: Kaneshiro\n|-damage|p1b: Kaneshiro|0 fnt\n|faint|p1b: Kaneshiro\n|\n|-weather|Sandstorm|[upkeep]\n|upkeep\n|c|\u2606the mudkip warrior|ow not my own\n|\n|t:|1695956018\n|switch|p1a: Yusuke|Chien-Pao|1\/100\n|-ability|p1a: Yusuke|Sword of Ruin\n|turn|12\n|c|\u2606Nyata|gg c:\n|c|\u2606the mudkip warrior|ive climbed to #6 on the ladder and for the life of me i cant beat 5 rock types and an aggron\n|c|\u2606the mudkip warrior|you impress me\n|\n|t:|1695956050\n|move|p1a: Yusuke|Sacred Sword|p2b: Aggron\n|-supereffective|p2b: Aggron\n|-damage|p2b: Aggron|17\/100\n|move|p2a: Tyranitar|Rock Slide|p1a: Yusuke\n|-supereffective|p1a: Yusuke\n|-damage|p1a: Yusuke|0 fnt\n|faint|p1a: Yusuke\n|\n|win|Nyata\n|raw|the mudkip warrior's rating: 1479 &rarr; <strong>1455<\/strong><br \/>(-24 for losing)\n|raw|Nyata's rating: 1415 &rarr; <strong>1439<\/strong><br \/>(+24 for winning)\n|c|\u2606Nyata|HAHAHA ty i appreciate the compliment C:\n|c|\u2606Nyata|gg :3\n|c|\u2606the mudkip warrior|gg\n|l|\u2606the mudkip warrior\n","uploadtime":1695956109,"views":12,"p1id":"themudkipwarrior","p2id":"nyata","formatid":"gen9nationaldexdoubles","rating":1439,"private":0,"password":""}