{"id":"gen9nationaldexdoubles-1990109325","p1":"SuperKamiMewtwo","p2":"DrippinSauce","format":"[Gen 9] National Dex Doubles","log":"|j|\u2606SuperKamiMewtwo\n|j|\u2606DrippinSauce\n|t:|1699925519\n|gametype|doubles\n|player|p1|SuperKamiMewtwo|brawly|\n|player|p2|DrippinSauce|cynthia-masters|\n|teamsize|p1|6\n|teamsize|p2|6\n|gen|9\n|tier|[Gen 9] National Dex Doubles\n|rule|HP Percentage Mod: HP is shown in percentages\n|rule|Endless Battle Clause: Forcing endless battles is banned\n|rule|OHKO Clause: OHKO moves are banned\n|rule|Evasion Moves Clause: Evasion moves are banned\n|rule|Evasion Abilities Clause: Evasion abilities are banned\n|rule|Species Clause: Limit one of each Pok\u00e9mon\n|rule|Gravity Sleep Clause: The combination of sleep-inducing moves with imperfect accuracy and Gravity or Gigantamax Orbeetle are banned\n|clearpoke\n|poke|p1|Volcarona, M|\n|poke|p1|Charizard, M|\n|poke|p1|Gholdengo|\n|poke|p1|Galvantula, M|\n|poke|p1|Whimsicott, M|\n|poke|p1|Heatran, F|\n|poke|p2|Baxcalibur, F|\n|poke|p2|Ninetales-Alola, M|\n|poke|p2|Abomasnow, M|\n|poke|p2|Weavile, F|\n|poke|p2|Articuno-Galar|\n|poke|p2|Darmanitan-Galar, F|\n|teampreview\n|inactive|Battle timer is ON: inactive players will automatically lose when time's up. (requested by SuperKamiMewtwo)\n|\n|t:|1699925549\n|start\n|switch|p1a: Warcrimes|Heatran, F|100\/100\n|switch|p1b: SURFS UP BRO|Gholdengo|100\/100\n|switch|p2a: Sneaky Icehole|Weavile, F|100\/100\n|switch|p2b: 300* Honey Bun|Darmanitan-Galar, F|100\/100\n|-item|p1b: SURFS UP BRO|Air Balloon\n|turn|1\n|inactive|DrippinSauce has 270 seconds left.\n|inactiveoff|Battle timer is now OFF.\n|\n|t:|1699925620\n|-terastallize|p2b: 300* Honey Bun|Fire\n|move|p2a: Sneaky Icehole|Low Kick|p1a: Warcrimes\n|-supereffective|p1a: Warcrimes\n|-damage|p1a: Warcrimes|11\/100\n|-enditem|p1a: Warcrimes|Salac Berry|[eat]\n|-boost|p1a: Warcrimes|spe|1|[from] item: Salac Berry\n|move|p1a: Warcrimes|Eruption|p2a: Sneaky Icehole|[spread] p2a,p2b\n|-supereffective|p2a: Sneaky Icehole\n|-resisted|p2b: 300* Honey Bun\n|-damage|p2a: Sneaky Icehole|81\/100\n|-damage|p2b: 300* Honey Bun|96\/100\n|move|p2b: 300* Honey Bun|Fire Punch|p1b: SURFS UP BRO\n|-supereffective|p1b: SURFS UP BRO\n|-damage|p1b: SURFS UP BRO|9\/100\n|-enditem|p1b: SURFS UP BRO|Air Balloon\n|move|p1b: SURFS UP BRO|Make It Rain|p2b: 300* Honey Bun|[spread] p2a,p2b\n|-supereffective|p2a: Sneaky Icehole\n|-resisted|p2b: 300* Honey Bun\n|-crit|p2b: 300* Honey Bun\n|-damage|p2a: Sneaky Icehole|0 fnt\n|-damage|p2b: 300* Honey Bun|43\/100\n|-unboost|p1b: SURFS UP BRO|spa|1\n|faint|p2a: Sneaky Icehole\n|\n|-formechange|p2b: 300* Honey Bun|Darmanitan-Galar-Zen|\n|upkeep\n|\n|t:|1699925627\n|switch|p2a: Ice Ice Baby|Ninetales-Alola, M, shiny|100\/100\n|-weather|Snow|[from] ability: Snow Warning|[of] p2a: Ice Ice Baby\n|turn|2\n|\n|t:|1699925654\n|move|p1a: Warcrimes|Rock Slide|p2a: Ice Ice Baby|[spread] p2a,p2b\n|-supereffective|p2a: Ice Ice Baby\n|-supereffective|p2b: 300* Honey Bun\n|-damage|p2a: Ice Ice Baby|75\/100\n|-damage|p2b: 300* Honey Bun|9\/100\n|-enditem|p2b: 300* Honey Bun|Salac Berry|[eat]\n|-boost|p2b: 300* Honey Bun|spe|1|[from] item: Salac Berry\n|move|p2b: 300* Honey Bun|Substitute|p2b: 300* Honey Bun\n|-fail|p2b: 300* Honey Bun|move: Substitute|[weak]\n|move|p2a: Ice Ice Baby|Blizzard|p1a: Warcrimes|[spread] p1a,p1b\n|-resisted|p1a: Warcrimes\n|-resisted|p1b: SURFS UP BRO\n|-damage|p1a: Warcrimes|4\/100\n|-damage|p1b: SURFS UP BRO|0 fnt\n|faint|p1b: SURFS UP BRO\n|\n|-weather|Snow|[upkeep]\n|upkeep\n|\n|t:|1699925668\n|switch|p1b: I'm very innocent|Whimsicott, M|100\/100\n|turn|3\n|\n|t:|1699925684\n|move|p1b: I'm very innocent|Tailwind|p1b: I'm very innocent\n|-sidestart|p1: SuperKamiMewtwo|move: Tailwind\n|move|p1a: Warcrimes|Rock Slide|p2a: Ice Ice Baby|[spread] p2a,p2b\n|-supereffective|p2a: Ice Ice Baby\n|-supereffective|p2b: 300* Honey Bun\n|-damage|p2a: Ice Ice Baby|52\/100\n|-damage|p2b: 300* Honey Bun|0 fnt\n|faint|p2b: 300* Honey Bun\n|cant|p2a: Ice Ice Baby|flinch\n|\n|-weather|Snow|[upkeep]\n|upkeep\n|\n|t:|1699925689\n|switch|p2b: Burn In Hail|Abomasnow, M, shiny|100\/100\n|turn|4\n|\n|t:|1699925695\n|detailschange|p2b: Burn In Hail|Abomasnow-Mega, M, shiny\n|-mega|p2b: Burn In Hail|Abomasnow|Abomasite\n|move|p1b: I'm very innocent|Light Screen|p1b: I'm very innocent\n|-sidestart|p1: SuperKamiMewtwo|move: Light Screen\n|move|p1a: Warcrimes|Heat Wave|p2a: Ice Ice Baby|[spread] p2a,p2b\n|-supereffective|p2a: Ice Ice Baby\n|-supereffective|p2b: Burn In Hail\n|-damage|p2a: Ice Ice Baby|0 fnt\n|-damage|p2b: Burn In Hail|0 fnt\n|faint|p2a: Ice Ice Baby\n|faint|p2b: Burn In Hail\n|\n|-weather|Snow|[upkeep]\n|upkeep\n|\n|t:|1699925701\n|switch|p2a: Ice to Sweep you|Baxcalibur, F|100\/100\n|switch|p2b: Articuno?|Articuno-Galar, shiny|100\/100\n|turn|5\n|\n|t:|1699925716\n|move|p1a: Warcrimes|Heat Wave|p2b: Articuno?|[spread] p2a,p2b\n|-damage|p2a: Ice to Sweep you|62\/100\n|-damage|p2b: Articuno?|67\/100\n|-ability|p2a: Ice to Sweep you|Thermal Exchange|boost\n|-boost|p2a: Ice to Sweep you|atk|1\n|move|p1b: I'm very innocent|Moonblast|p2a: Ice to Sweep you\n|-supereffective|p2a: Ice to Sweep you\n|-damage|p2a: Ice to Sweep you|12\/100\n|move|p2a: Ice to Sweep you|Scale Shot|p1a: Warcrimes|[miss]\n|-miss|p2a: Ice to Sweep you|p1a: Warcrimes\n|move|p2b: Articuno?|Freezing Glare|p1b: I'm very innocent\n|-damage|p1b: I'm very innocent|58\/100\n|\n|-weather|Snow|[upkeep]\n|upkeep\n|turn|6\n|\n|t:|1699925742\n|move|p1a: Warcrimes|Rock Slide|p2a: Ice to Sweep you|[spread] p2a,p2b\n|-supereffective|p2a: Ice to Sweep you\n|-supereffective|p2b: Articuno?\n|-damage|p2a: Ice to Sweep you|0 fnt\n|-damage|p2b: Articuno?|43\/100\n|-enditem|p2b: Articuno?|Sitrus Berry|[eat]\n|-heal|p2b: Articuno?|68\/100|[from] item: Sitrus Berry\n|faint|p2a: Ice to Sweep you\n|move|p1b: I'm very innocent|Moonblast|p2b: Articuno?\n|-damage|p2b: Articuno?|45\/100\n|move|p2b: Articuno?|Freezing Glare|p1b: I'm very innocent\n|-damage|p1b: I'm very innocent|14\/100\n|\n|-weather|Snow|[upkeep]\n|-sideend|p1: SuperKamiMewtwo|move: Tailwind\n|upkeep\n|turn|7\n|\n|t:|1699925753\n|move|p1a: Warcrimes|Flash Cannon|p2b: Articuno?\n|-damage|p2b: Articuno?|11\/100\n|move|p1b: I'm very innocent|Moonblast|p2b: Articuno?\n|-damage|p2b: Articuno?|0 fnt\n|faint|p2b: Articuno?\n|\n|win|SuperKamiMewtwo\n","uploadtime":1699925775,"views":27,"p1id":"superkamimewtwo","p2id":"drippinsauce","formatid":"gen9nationaldexdoubles","rating":0,"private":0,"password":""}