{"id":"gen9nationaldexdoubles-1972253782","p1":"bignutta","p2":"Mongoose556","format":"[Gen 9] National Dex Doubles","log":"|j|\u2606bignutta\n|j|\u2606Mongoose556\n|t:|1697825345\n|gametype|doubles\n|player|p1|bignutta|brycenman|1085\n|player|p2|Mongoose556|may|1124\n|teamsize|p1|6\n|teamsize|p2|6\n|gen|9\n|tier|[Gen 9] National Dex Doubles\n|rated|\n|rule|HP Percentage Mod: HP is shown in percentages\n|rule|Endless Battle Clause: Forcing endless battles is banned\n|rule|OHKO Clause: OHKO moves are banned\n|rule|Evasion Moves Clause: Evasion moves are banned\n|rule|Evasion Abilities Clause: Evasion abilities are banned\n|rule|Species Clause: Limit one of each Pok\u00e9mon\n|rule|Gravity Sleep Clause: The combination of sleep-inducing moves with imperfect accuracy and Gravity or Gigantamax Orbeetle are banned\n|clearpoke\n|poke|p1|Espathra, F|\n|poke|p1|Slaking, F|\n|poke|p1|Amoonguss, F|\n|poke|p1|Hawlucha, F|\n|poke|p1|Shiftry, F|\n|poke|p1|Urshifu-*, M|\n|poke|p2|Hitmontop, M|\n|poke|p2|Skarmory, F|\n|poke|p2|Typhlosion-Hisui, M|\n|poke|p2|Ariados, F|\n|poke|p2|Heracross, F|\n|poke|p2|Misdreavus, F|\n|teampreview\n|inactive|Battle timer is ON: inactive players will automatically lose when time's up. (requested by bignutta)\n|\n|t:|1697825374\n|start\n|switch|p1a: Espathra|Espathra, F|100\/100\n|switch|p1b: Slaking|Slaking, F|100\/100\n|switch|p2a: Ariados|Ariados, F, shiny|100\/100\n|switch|p2b: Love Bug|Heracross, F, shiny|100\/100\n|turn|1\n|inactive|bignutta has 120 seconds left.\n|\n|t:|1697825404\n|move|p1a: Espathra|Skill Swap|p1b: Slaking\n|-activate|p1a: Espathra|move: Skill Swap|||[of] p1b: Slaking\n|move|p2b: Love Bug|Trailblaze|p1b: Slaking\n|-damage|p1b: Slaking|89\/100\n|-boost|p2b: Love Bug|spe|1\n|move|p1b: Slaking|Play Rough|p2b: Love Bug|[miss]\n|-miss|p1b: Slaking|p2b: Love Bug\n|move|p2a: Ariados|Lunge|p1a: Espathra\n|-supereffective|p1a: Espathra\n|-enditem|p1a: Espathra|Focus Sash\n|-damage|p1a: Espathra|1\/100\n|-unboost|p1a: Espathra|atk|1\n|\n|-status|p2b: Love Bug|brn|[from] item: Flame Orb\n|-ability|p1b: Slaking|Speed Boost|boost\n|-boost|p1b: Slaking|spe|1\n|upkeep\n|turn|2\n|inactive|Mongoose556 has 120 seconds left.\n|\n|t:|1697825439\n|switch|p1a: Urshifu|Urshifu-Rapid-Strike, M|100\/100\n|-terastallize|p2b: Love Bug|Normal\n|move|p2a: Ariados|Shadow Sneak|p1a: Urshifu\n|-damage|p1a: Urshifu|89\/100\n|move|p2b: Love Bug|Facade|p1b: Slaking\n|-damage|p1b: Slaking|24\/100\n|move|p1b: Slaking|Play Rough|p2b: Love Bug|[miss]\n|-miss|p1b: Slaking|p2b: Love Bug\n|\n|-damage|p2b: Love Bug|95\/100 brn|[from] brn\n|-ability|p1b: Slaking|Speed Boost|boost\n|-boost|p1b: Slaking|spe|1\n|upkeep\n|turn|3\n|c|\u2606bignutta|bruh moment\n|inactive|Mongoose556 has 120 seconds left.\n|inactive|bignutta has 120 seconds left.\n|-activate|p2a: Ariados|item: Quick Claw\n|\n|t:|1697825481\n|switch|p2b: Mango|Misdreavus, F, shiny|100\/100\n|move|p2a: Ariados|Lunge|p1b: Slaking\n|-damage|p1b: Slaking|0 fnt\n|faint|p1b: Slaking\n|move|p1a: Urshifu|Drain Punch|p2b: Mango\n|-immune|p2b: Mango\n|\n|upkeep\n|c|\u2606Mongoose556|1\/100 chance lmao\n|inactive|bignutta has 90 seconds left.\n|\n|t:|1697825511\n|switch|p1b: Espathra|Espathra, F|1\/100\n|turn|4\n|\n|t:|1697825532\n|move|p2b: Mango|Endure|p2b: Mango\n|-singleturn|p2b: Mango|move: Endure\n|move|p2a: Ariados|Shadow Sneak|p1b: Espathra\n|-supereffective|p1b: Espathra\n|-damage|p1b: Espathra|0 fnt\n|faint|p1b: Espathra\n|move|p1a: Urshifu|Fling|p2b: Mango\n|-supereffective|p2b: Mango\n|-activate|p2b: Mango|move: Endure\n|-damage|p2b: Mango|1\/100\n|-enditem|p1a: Urshifu|Big Nugget|[from] move: Fling\n|\n|upkeep\n|inactive|bignutta has 90 seconds left.\n|l|\u2606bignutta\n|inactive|bignutta disconnected and has a minute to reconnect!\n|player|p1|\n|j|\u2606bignutta\n|inactive|bignutta reconnected and has 40 seconds left.\n|player|p1|bignutta|brycenman\n|\n|t:|1697825599\n|switch|p1b: Amoonguss|Amoonguss, F|100\/100\n|turn|5\n|-activate|p2a: Ariados|item: Quick Claw\n|-enditem|p2b: Mango|Custap Berry|[eat]\n|-activate|p2b: Mango|item: Custap Berry|[consumed]\n|\n|t:|1697825618\n|move|p1a: Urshifu|Aqua Jet|p2b: Mango\n|-crit|p2b: Mango\n|-damage|p2b: Mango|0 fnt\n|faint|p2b: Mango\n|move|p2a: Ariados|Poison Jab|p1a: Urshifu\n|-damage|p1a: Urshifu|50\/100\n|move|p1b: Amoonguss|Spore|p2a: Ariados\n|-status|p2a: Ariados|slp|[from] move: Spore\n|\n|upkeep\n|\n|t:|1697825636\n|switch|p2b: Krakatoa|Typhlosion-Hisui, M|100\/100\n|turn|6\n|inactive|bignutta has 60 seconds left.\n|\n|t:|1697825653\n|move|p2b: Krakatoa|Eruption|p1a: Urshifu|[spread] p1a,p1b\n|-resisted|p1a: Urshifu\n|-supereffective|p1b: Amoonguss\n|-damage|p1a: Urshifu|7\/100\n|-damage|p1b: Amoonguss|0 fnt\n|faint|p1b: Amoonguss\n|move|p1a: Urshifu|Surging Strikes|p2b: Krakatoa\n|-supereffective|p2b: Krakatoa\n|-crit|p2b: Krakatoa\n|-damage|p2b: Krakatoa|43\/100\n|-supereffective|p2b: Krakatoa\n|-crit|p2b: Krakatoa\n|-damage|p2b: Krakatoa|0 fnt\n|faint|p2b: Krakatoa\n|-hitcount|p2: Krakatoa|2\n|cant|p2a: Ariados|slp\n|\n|upkeep\n|\n|t:|1697825669\n|switch|p2b: Hitmontop|Hitmontop, M|100\/100\n|switch|p1b: Hawlucha|Hawlucha, F|100\/100\n|turn|7\n|inactive|bignutta has 90 seconds left.\n|\n|t:|1697825684\n|move|p2b: Hitmontop|Mach Punch|p1a: Urshifu\n|-damage|p1a: Urshifu|0 fnt\n|faint|p1a: Urshifu\n|move|p1b: Hawlucha|Fly||[still]\n|-prepare|p1b: Hawlucha|Fly\n|-enditem|p1b: Hawlucha|Power Herb\n|-anim|p1b: Hawlucha|Fly|p2b: Hitmontop\n|-supereffective|p2b: Hitmontop\n|-damage|p2b: Hitmontop|11\/100\n|cant|p2a: Ariados|slp\n|\n|upkeep\n|\n|t:|1697825694\n|switch|p1a: Shiftry|Shiftry, F|100\/100\n|turn|8\n|\n|t:|1697825703\n|-terastallize|p1a: Shiftry|Ghost\n|move|p2b: Hitmontop|Mach Punch|p1a: Shiftry\n|-immune|p1a: Shiftry\n|move|p1b: Hawlucha|Acrobatics|p2b: Hitmontop\n|-supereffective|p2b: Hitmontop\n|-damage|p2b: Hitmontop|0 fnt\n|faint|p2b: Hitmontop\n|move|p1a: Shiftry|Tailwind|p1a: Shiftry\n|-sidestart|p1: bignutta|move: Tailwind\n|-ability|p1a: Shiftry|Wind Rider|boost\n|-boost|p1a: Shiftry|atk|1\n|-curestatus|p2a: Ariados|slp|[msg]\n|move|p2a: Ariados|Lunge|p1a: Shiftry\n|-resisted|p1a: Shiftry\n|-damage|p1a: Shiftry|74\/100\n|-unboost|p1a: Shiftry|atk|1\n|\n|upkeep\n|\n|t:|1697825710\n|switch|p2b: Skarmory|Skarmory, F|100\/100\n|turn|9\n|inactive|bignutta has 120 seconds left.\n|\n|t:|1697825732\n|move|p2a: Ariados|Shadow Sneak|p1a: Shiftry\n|-supereffective|p1a: Shiftry\n|-damage|p1a: Shiftry|34\/100\n|move|p1b: Hawlucha|Acrobatics|p2a: Ariados\n|-supereffective|p2a: Ariados\n|-crit|p2a: Ariados\n|-damage|p2a: Ariados|0 fnt\n|faint|p2a: Ariados\n|move|p1a: Shiftry|Knock Off|p2b: Skarmory\n|-damage|p2b: Skarmory|66\/100\n|-damage|p1a: Shiftry|18\/100|[from] item: Rocky Helmet|[of] p2b: Skarmory\n|-enditem|p2b: Skarmory|Rocky Helmet|[from] move: Knock Off|[of] p1a: Shiftry\n|move|p2b: Skarmory|Brave Bird|p1b: Hawlucha\n|-supereffective|p1b: Hawlucha\n|-damage|p1b: Hawlucha|0 fnt\n|faint|p1b: Hawlucha\n|-damage|p2b: Skarmory|36\/100|[from] Recoil\n|\n|upkeep\n|\n|t:|1697825739\n|switch|p2a: Love Bug|Heracross, F, shiny, tera:Normal|95\/100 brn\n|turn|10\n|\n|t:|1697825758\n|move|p1a: Shiftry|Leaf Blade|p2b: Skarmory\n|-resisted|p2b: Skarmory\n|-damage|p2b: Skarmory|28\/100\n|move|p2a: Love Bug|Lunge|p1a: Shiftry\n|-resisted|p1a: Shiftry\n|-damage|p1a: Shiftry|0 fnt\n|faint|p1a: Shiftry\n|\n|win|Mongoose556\n|raw|bignutta's rating: 1085 &rarr; <strong>1065<\/strong><br \/>(-20 for losing)\n|raw|Mongoose556's rating: 1124 &rarr; <strong>1146<\/strong><br \/>(+22 for winning)\n|c|\u2606Mongoose556|Gg\n|l|\u2606bignutta\n","uploadtime":1697825774,"views":9,"p1id":"bignutta","p2id":"mongoose556","formatid":"gen9nationaldexdoubles","rating":1065,"private":0,"password":""}