{"id":"gen9nationaldexdoubles-1998949212","p1":"Conwynaut","p2":"OPieceOfHeroGhost","format":"[Gen 9] National Dex Doubles","log":"|j|\u2606Conwynaut\n|j|\u2606OPieceOfHeroGhost\n|t:|1701016704\n|gametype|doubles\n|player|p1|Conwynaut|170|1161\n|player|p2|OPieceOfHeroGhost|morty|1175\n|teamsize|p1|6\n|teamsize|p2|6\n|gen|9\n|tier|[Gen 9] National Dex Doubles\n|rated|\n|rule|HP Percentage Mod: HP is shown in percentages\n|rule|Endless Battle Clause: Forcing endless battles is banned\n|rule|OHKO Clause: OHKO moves are banned\n|rule|Evasion Moves Clause: Evasion moves are banned\n|rule|Evasion Abilities Clause: Evasion abilities are banned\n|rule|Species Clause: Limit one of each Pok\u00e9mon\n|rule|Gravity Sleep Clause: The combination of sleep-inducing moves with imperfect accuracy and Gravity or Gigantamax Orbeetle are banned\n|clearpoke\n|poke|p1|Hatterene, F|\n|poke|p1|Indeedee-F, F|\n|poke|p1|Flutter Mane|\n|poke|p1|Mimikyu, M|\n|poke|p1|Gallade, M|\n|poke|p1|Amoonguss, F|\n|poke|p2|Landorus-Therian, M|\n|poke|p2|Cresselia, F|\n|poke|p2|Kangaskhan, F|\n|poke|p2|Heatran, M|\n|poke|p2|Amoonguss, F|\n|poke|p2|Thundurus, M|\n|teampreview\n|inactive|Battle timer is ON: inactive players will automatically lose when time's up. (requested by Conwynaut)\n|\n|t:|1701016712\n|start\n|switch|p1a: Indeedee|Indeedee-F, F|100\/100\n|switch|p1b: Hatterene|Hatterene, F|100\/100\n|switch|p2a: \u7262\u5927\u9a7e\u5230\uff01\uff01\uff01\uff01\uff01|Kangaskhan, F|100\/100\n|switch|p2b: \u6211\u7237\u7237\u5411\u7262\u5927\u656c\u793c\uff01|Amoonguss, F|100\/100\n|-fieldstart|move: Psychic Terrain|[from] ability: Psychic Surge|[of] p1a: Indeedee\n|turn|1\n|\n|t:|1701016734\n|detailschange|p2a: \u7262\u5927\u9a7e\u5230\uff01\uff01\uff01\uff01\uff01|Kangaskhan-Mega, F\n|-mega|p2a: \u7262\u5927\u9a7e\u5230\uff01\uff01\uff01\uff01\uff01|Kangaskhan|Kangaskhanite\n|move|p2a: \u7262\u5927\u9a7e\u5230\uff01\uff01\uff01\uff01\uff01|Power-Up Punch|p1b: Hatterene\n|-resisted|p1b: Hatterene\n|-damage|p1b: Hatterene|97\/100\n|-boost|p2a: \u7262\u5927\u9a7e\u5230\uff01\uff01\uff01\uff01\uff01|atk|1\n|-resisted|p1b: Hatterene\n|-damage|p1b: Hatterene|96\/100\n|-boost|p2a: \u7262\u5927\u9a7e\u5230\uff01\uff01\uff01\uff01\uff01|atk|1\n|-hitcount|p1b: Hatterene|2\n|move|p1b: Hatterene|Expanding Force|p2b: \u6211\u7237\u7237\u5411\u7262\u5927\u656c\u793c\uff01|[spread] p2a,p2b\n|-supereffective|p2b: \u6211\u7237\u7237\u5411\u7262\u5927\u656c\u793c\uff01\n|-damage|p2a: \u7262\u5927\u9a7e\u5230\uff01\uff01\uff01\uff01\uff01|52\/100\n|-damage|p2b: \u6211\u7237\u7237\u5411\u7262\u5927\u656c\u793c\uff01|7\/100\n|-enditem|p2b: \u6211\u7237\u7237\u5411\u7262\u5927\u656c\u793c\uff01|Sitrus Berry|[eat]\n|-heal|p2b: \u6211\u7237\u7237\u5411\u7262\u5927\u656c\u793c\uff01|32\/100|[from] item: Sitrus Berry\n|move|p2b: \u6211\u7237\u7237\u5411\u7262\u5927\u656c\u793c\uff01|Sludge Bomb|p1b: Hatterene\n|-supereffective|p1b: Hatterene\n|-damage|p1b: Hatterene|52\/100\n|-status|p1b: Hatterene|psn\n|move|p1a: Indeedee|Trick Room|p1a: Indeedee\n|-fieldstart|move: Trick Room|[of] p1a: Indeedee\n|\n|-heal|p1b: Hatterene|58\/100 psn|[from] item: Leftovers\n|-damage|p1b: Hatterene|45\/100 psn|[from] psn\n|upkeep\n|turn|2\n|inactive|OPieceOfHeroGhost has 120 seconds left.\n|\n|t:|1701016773\n|switch|p2b: \u7262\u5927\u6765\u4e86\uff01\uff01\uff01\uff01|Cresselia, F|100\/100\n|move|p1a: Indeedee|Helping Hand|p1b: Hatterene\n|-singleturn|p1b: Hatterene|Helping Hand|[of] p1a: Indeedee\n|move|p2a: \u7262\u5927\u9a7e\u5230\uff01\uff01\uff01\uff01\uff01|Protect|p2a: \u7262\u5927\u9a7e\u5230\uff01\uff01\uff01\uff01\uff01\n|-singleturn|p2a: \u7262\u5927\u9a7e\u5230\uff01\uff01\uff01\uff01\uff01|Protect\n|move|p1b: Hatterene|Expanding Force|p2a: \u7262\u5927\u9a7e\u5230\uff01\uff01\uff01\uff01\uff01|[spread] p2b\n|-activate|p2a: \u7262\u5927\u9a7e\u5230\uff01\uff01\uff01\uff01\uff01|move: Protect\n|-resisted|p2b: \u7262\u5927\u6765\u4e86\uff01\uff01\uff01\uff01\n|-damage|p2b: \u7262\u5927\u6765\u4e86\uff01\uff01\uff01\uff01|75\/100\n|\n|-heal|p1b: Hatterene|51\/100 psn|[from] item: Leftovers\n|-damage|p1b: Hatterene|39\/100 psn|[from] psn\n|upkeep\n|turn|3\n|inactive|OPieceOfHeroGhost has 120 seconds left.\n|\n|t:|1701016802\n|switch|p2a: \u7262\u5927\u8d5b\u9ad8\uff01\uff01\uff01|Heatran, M|100\/100\n|move|p1a: Indeedee|Helping Hand|p1b: Hatterene\n|-singleturn|p1b: Hatterene|Helping Hand|[of] p1a: Indeedee\n|move|p1b: Hatterene|Expanding Force|p2b: \u7262\u5927\u6765\u4e86\uff01\uff01\uff01\uff01|[spread] p2a,p2b\n|-resisted|p2a: \u7262\u5927\u8d5b\u9ad8\uff01\uff01\uff01\n|-resisted|p2b: \u7262\u5927\u6765\u4e86\uff01\uff01\uff01\uff01\n|-damage|p2a: \u7262\u5927\u8d5b\u9ad8\uff01\uff01\uff01|68\/100\n|-damage|p2b: \u7262\u5927\u6765\u4e86\uff01\uff01\uff01\uff01|54\/100\n|move|p2b: \u7262\u5927\u6765\u4e86\uff01\uff01\uff01\uff01|Lunar Blessing|p2b: \u7262\u5927\u6765\u4e86\uff01\uff01\uff01\uff01|[spread] p2a,p2b\n|-heal|p2a: \u7262\u5927\u8d5b\u9ad8\uff01\uff01\uff01|93\/100\n|-heal|p2b: \u7262\u5927\u6765\u4e86\uff01\uff01\uff01\uff01|79\/100\n|\n|-heal|p1b: Hatterene|45\/100 psn|[from] item: Leftovers\n|-heal|p2a: \u7262\u5927\u8d5b\u9ad8\uff01\uff01\uff01|99\/100|[from] item: Leftovers\n|-damage|p1b: Hatterene|33\/100 psn|[from] psn\n|upkeep\n|turn|4\n|\n|t:|1701016820\n|switch|p1b: Gallade|Gallade, M|100\/100\n|switch|p1a: Amoonguss|Amoonguss, F|100\/100\n|move|p2a: \u7262\u5927\u8d5b\u9ad8\uff01\uff01\uff01|Eruption|p1b: Gallade|[spread] p1a,p1b\n|-supereffective|p1a: Amoonguss\n|-damage|p1a: Amoonguss|20\/100\n|-damage|p1b: Gallade|48\/100\n|move|p2b: \u7262\u5927\u6765\u4e86\uff01\uff01\uff01\uff01|Lunar Blessing|p2b: \u7262\u5927\u6765\u4e86\uff01\uff01\uff01\uff01|[spread] p2a,p2b\n|-heal|p2a: \u7262\u5927\u8d5b\u9ad8\uff01\uff01\uff01|100\/100\n|-heal|p2b: \u7262\u5927\u6765\u4e86\uff01\uff01\uff01\uff01|100\/100\n|\n|-heal|p1a: Amoonguss|26\/100|[from] item: Leftovers\n|upkeep\n|turn|5\n|\n|t:|1701016846\n|switch|p2b: \u7262\u5927\u9a7e\u5230\uff01\uff01\uff01\uff01\uff01|Kangaskhan-Mega, F|52\/100\n|-terastallize|p2a: \u7262\u5927\u8d5b\u9ad8\uff01\uff01\uff01|Grass\n|move|p1a: Amoonguss|Spore|p2a: \u7262\u5927\u8d5b\u9ad8\uff01\uff01\uff01\n|-immune|p2a: \u7262\u5927\u8d5b\u9ad8\uff01\uff01\uff01\n|move|p1b: Gallade|Sacred Sword|p2a: \u7262\u5927\u8d5b\u9ad8\uff01\uff01\uff01\n|-damage|p2a: \u7262\u5927\u8d5b\u9ad8\uff01\uff01\uff01|22\/100\n|-damage|p1b: Gallade|38\/100|[from] item: Life Orb\n|move|p2a: \u7262\u5927\u8d5b\u9ad8\uff01\uff01\uff01|Eruption|p1a: Amoonguss|[spread] p1a,p1b\n|-supereffective|p1a: Amoonguss\n|-damage|p1a: Amoonguss|7\/100\n|-damage|p1b: Gallade|25\/100\n|\n|-heal|p1a: Amoonguss|13\/100|[from] item: Leftovers\n|-heal|p2a: \u7262\u5927\u8d5b\u9ad8\uff01\uff01\uff01|28\/100|[from] item: Leftovers\n|-fieldend|move: Trick Room\n|-fieldend|move: Psychic Terrain\n|upkeep\n|turn|6\n|inactive|OPieceOfHeroGhost has 120 seconds left.\n|\n|t:|1701016881\n|move|p2a: \u7262\u5927\u8d5b\u9ad8\uff01\uff01\uff01|Protect|p2a: \u7262\u5927\u8d5b\u9ad8\uff01\uff01\uff01\n|-singleturn|p2a: \u7262\u5927\u8d5b\u9ad8\uff01\uff01\uff01|Protect\n|move|p2b: \u7262\u5927\u9a7e\u5230\uff01\uff01\uff01\uff01\uff01|Rock Slide|p1a: Amoonguss|[spread] p1a,p1b\n|-resisted|p1b: Gallade\n|-damage|p1a: Amoonguss|0 fnt\n|-damage|p1b: Gallade|11\/100\n|faint|p1a: Amoonguss\n|move|p1b: Gallade|Psycho Cut|p2a: \u7262\u5927\u8d5b\u9ad8\uff01\uff01\uff01\n|-activate|p2a: \u7262\u5927\u8d5b\u9ad8\uff01\uff01\uff01|move: Protect\n|\n|-heal|p2a: \u7262\u5927\u8d5b\u9ad8\uff01\uff01\uff01|34\/100|[from] item: Leftovers\n|upkeep\n|inactive|Conwynaut has 120 seconds left.\n|\n|t:|1701016898\n|switch|p1a: Indeedee|Indeedee-F, F|100\/100\n|-fieldstart|move: Psychic Terrain|[from] ability: Psychic Surge|[of] p1a: Indeedee\n|turn|7\n|\n|t:|1701016909\n|switch|p2a: \u7262\u5927\uff01\u6211\u7231\u4f60\uff01|Landorus-Therian, M|100\/100\n|-ability|p2a: \u7262\u5927\uff01\u6211\u7231\u4f60\uff01|Intimidate|boost\n|-unboost|p1a: Indeedee|atk|1\n|-unboost|p1b: Gallade|atk|1\n|switch|p1b: Mimikyu|Mimikyu, M|100\/100\n|move|p2b: \u7262\u5927\u9a7e\u5230\uff01\uff01\uff01\uff01\uff01|Power-Up Punch|p1b: Mimikyu\n|-immune|p1b: Mimikyu\n|move|p1a: Indeedee|Trick Room|p1a: Indeedee\n|-fieldstart|move: Trick Room|[of] p1a: Indeedee\n|\n|upkeep\n|turn|8\n|\n|t:|1701016928\n|switch|p2b: \u7262\u5927\u6765\u4e86\uff01\uff01\uff01\uff01|Cresselia, F|100\/100\n|move|p1a: Indeedee|Psychic|p2b: \u7262\u5927\u6765\u4e86\uff01\uff01\uff01\uff01\n|-resisted|p2b: \u7262\u5927\u6765\u4e86\uff01\uff01\uff01\uff01\n|-damage|p2b: \u7262\u5927\u6765\u4e86\uff01\uff01\uff01\uff01|88\/100\n|-zpower|p1b: Mimikyu\n|move|p1b: Mimikyu|Let's Snuggle Forever|p2a: \u7262\u5927\uff01\u6211\u7231\u4f60\uff01|[zeffect]\n|-damage|p2a: \u7262\u5927\uff01\u6211\u7231\u4f60\uff01|13\/100\n|move|p2a: \u7262\u5927\uff01\u6211\u7231\u4f60\uff01|U-turn|p1b: Mimikyu\n|-activate|p1b: Mimikyu|ability: Disguise\n|-damage|p1b: Mimikyu|100\/100\n|detailschange|p1b: Mimikyu|Mimikyu-Busted, M\n|-damage|p1b: Mimikyu|88\/100|[from] pokemon: Mimikyu-Busted\n|\n|t:|1701016943\n|switch|p2a: \u7262\u5927\u9a7e\u5230\uff01\uff01\uff01\uff01\uff01|Kangaskhan-Mega, F|52\/100|[from] U-turn\n|\n|upkeep\n|turn|9\n|\n|t:|1701016956\n|switch|p1a: Hatterene|Hatterene, F|33\/100 psn\n|move|p2a: \u7262\u5927\u9a7e\u5230\uff01\uff01\uff01\uff01\uff01|Protect|p2a: \u7262\u5927\u9a7e\u5230\uff01\uff01\uff01\uff01\uff01\n|-singleturn|p2a: \u7262\u5927\u9a7e\u5230\uff01\uff01\uff01\uff01\uff01|Protect\n|move|p1b: Mimikyu|Shadow Sneak|p2b: \u7262\u5927\u6765\u4e86\uff01\uff01\uff01\uff01\n|-hint|Psychic Terrain doesn't affect Pok\u00e9mon immune to Ground.\n|-supereffective|p2b: \u7262\u5927\u6765\u4e86\uff01\uff01\uff01\uff01\n|-damage|p2b: \u7262\u5927\u6765\u4e86\uff01\uff01\uff01\uff01|68\/100\n|-damage|p1b: Mimikyu|72\/100|[from] item: Rocky Helmet|[of] p2b: \u7262\u5927\u6765\u4e86\uff01\uff01\uff01\uff01\n|move|p2b: \u7262\u5927\u6765\u4e86\uff01\uff01\uff01\uff01|Lunar Blessing|p2b: \u7262\u5927\u6765\u4e86\uff01\uff01\uff01\uff01|[spread] p2a,p2b\n|-heal|p2a: \u7262\u5927\u9a7e\u5230\uff01\uff01\uff01\uff01\uff01|77\/100\n|-heal|p2b: \u7262\u5927\u6765\u4e86\uff01\uff01\uff01\uff01|93\/100\n|\n|-heal|p1a: Hatterene|39\/100 psn|[from] item: Leftovers\n|-damage|p1a: Hatterene|27\/100 psn|[from] psn\n|upkeep\n|turn|10\n|\n|t:|1701016980\n|move|p1a: Hatterene|Expanding Force|p2a: \u7262\u5927\u9a7e\u5230\uff01\uff01\uff01\uff01\uff01|[spread] p2a,p2b\n|-resisted|p2b: \u7262\u5927\u6765\u4e86\uff01\uff01\uff01\uff01\n|-damage|p2a: \u7262\u5927\u9a7e\u5230\uff01\uff01\uff01\uff01\uff01|35\/100\n|-damage|p2b: \u7262\u5927\u6765\u4e86\uff01\uff01\uff01\uff01|76\/100\n|move|p2b: \u7262\u5927\u6765\u4e86\uff01\uff01\uff01\uff01|Lunar Blessing|p2b: \u7262\u5927\u6765\u4e86\uff01\uff01\uff01\uff01|[spread] p2a,p2b\n|-heal|p2a: \u7262\u5927\u9a7e\u5230\uff01\uff01\uff01\uff01\uff01|60\/100\n|-heal|p2b: \u7262\u5927\u6765\u4e86\uff01\uff01\uff01\uff01|100\/100\n|move|p2a: \u7262\u5927\u9a7e\u5230\uff01\uff01\uff01\uff01\uff01|Return|p1a: Hatterene\n|-damage|p1a: Hatterene|0 fnt\n|faint|p1a: Hatterene\n|-hitcount|p1: Hatterene|1\n|move|p1b: Mimikyu|Swords Dance|p1b: Mimikyu\n|-boost|p1b: Mimikyu|atk|2\n|\n|upkeep\n|\n|t:|1701016995\n|switch|p1a: Gallade|Gallade, M|11\/100\n|turn|11\n|\n|t:|1701017006\n|switch|p2b: \u7262\u5927\uff01\u6211\u7231\u4f60\uff01|Landorus-Therian, M|13\/100\n|-ability|p2b: \u7262\u5927\uff01\u6211\u7231\u4f60\uff01|Intimidate|boost\n|-unboost|p1a: Gallade|atk|1\n|-unboost|p1b: Mimikyu|atk|1\n|move|p1a: Gallade|Sacred Sword|p2a: \u7262\u5927\u9a7e\u5230\uff01\uff01\uff01\uff01\uff01\n|-supereffective|p2a: \u7262\u5927\u9a7e\u5230\uff01\uff01\uff01\uff01\uff01\n|-damage|p2a: \u7262\u5927\u9a7e\u5230\uff01\uff01\uff01\uff01\uff01|0 fnt\n|faint|p2a: \u7262\u5927\u9a7e\u5230\uff01\uff01\uff01\uff01\uff01\n|-damage|p1a: Gallade|1\/100|[from] item: Life Orb\n|move|p1b: Mimikyu|Play Rough|p2b: \u7262\u5927\uff01\u6211\u7231\u4f60\uff01\n|-crit|p2b: \u7262\u5927\uff01\u6211\u7231\u4f60\uff01\n|-damage|p2b: \u7262\u5927\uff01\u6211\u7231\u4f60\uff01|0 fnt\n|faint|p2b: \u7262\u5927\uff01\u6211\u7231\u4f60\uff01\n|\n|-fieldend|move: Trick Room\n|-fieldend|move: Psychic Terrain\n|upkeep\n|\n|t:|1701017021\n|switch|p2a: \u7262\u5927\u8d5b\u9ad8\uff01\uff01\uff01|Heatran, M, tera:Grass|34\/100\n|switch|p2b: \u6211\u7237\u7237\u5411\u7262\u5927\u656c\u793c\uff01|Amoonguss, F|65\/100\n|turn|12\n|\n|t:|1701017033\n|move|p2b: \u6211\u7237\u7237\u5411\u7262\u5927\u656c\u793c\uff01|Rage Powder|p2b: \u6211\u7237\u7237\u5411\u7262\u5927\u656c\u793c\uff01\n|-singleturn|p2b: \u6211\u7237\u7237\u5411\u7262\u5927\u656c\u793c\uff01|move: Rage Powder\n|move|p1b: Mimikyu|Play Rough|p2b: \u6211\u7237\u7237\u5411\u7262\u5927\u656c\u793c\uff01\n|-resisted|p2b: \u6211\u7237\u7237\u5411\u7262\u5927\u656c\u793c\uff01\n|-damage|p2b: \u6211\u7237\u7237\u5411\u7262\u5927\u656c\u793c\uff01|45\/100\n|move|p2a: \u7262\u5927\u8d5b\u9ad8\uff01\uff01\uff01|Heat Wave|p1b: Mimikyu|[spread] p1a,p1b\n|-damage|p1a: Gallade|0 fnt\n|-damage|p1b: Mimikyu|21\/100\n|faint|p1a: Gallade\n|\n|-heal|p2a: \u7262\u5927\u8d5b\u9ad8\uff01\uff01\uff01|41\/100|[from] item: Leftovers\n|upkeep\n|\n|t:|1701017044\n|switch|p1a: Indeedee|Indeedee-F, F|100\/100\n|-fieldstart|move: Psychic Terrain|[from] ability: Psychic Surge|[of] p1a: Indeedee\n|turn|13\n|\n|t:|1701017057\n|move|p2b: \u6211\u7237\u7237\u5411\u7262\u5927\u656c\u793c\uff01|Rage Powder|p2b: \u6211\u7237\u7237\u5411\u7262\u5927\u656c\u793c\uff01\n|-singleturn|p2b: \u6211\u7237\u7237\u5411\u7262\u5927\u656c\u793c\uff01|move: Rage Powder\n|move|p1b: Mimikyu|Shadow Sneak|p2b: \u6211\u7237\u7237\u5411\u7262\u5927\u656c\u793c\uff01\n|-activate|p2b: \u6211\u7237\u7237\u5411\u7262\u5927\u656c\u793c\uff01|move: Psychic Terrain\n|move|p2a: \u7262\u5927\u8d5b\u9ad8\uff01\uff01\uff01|Heat Wave|p1b: Mimikyu|[spread] p1a,p1b\n|-damage|p1a: Indeedee|73\/100\n|-damage|p1b: Mimikyu|0 fnt\n|faint|p1b: Mimikyu\n|move|p1a: Indeedee|Trick Room|p1a: Indeedee\n|-fieldstart|move: Trick Room|[of] p1a: Indeedee\n|\n|-heal|p2a: \u7262\u5927\u8d5b\u9ad8\uff01\uff01\uff01|47\/100|[from] item: Leftovers\n|upkeep\n|\n|t:|1701017066\n|switch|p1b: Flutter Mane|Flutter Mane|100\/100\n|-enditem|p1b: Flutter Mane|Booster Energy\n|-activate|p1b: Flutter Mane|ability: Protosynthesis|[fromitem]\n|-start|p1b: Flutter Mane|protosynthesisspe\n|turn|14\n|\n|t:|1701017077\n|-terastallize|p1b: Flutter Mane|Fairy\n|move|p2b: \u6211\u7237\u7237\u5411\u7262\u5927\u656c\u793c\uff01|Spore|p1b: Flutter Mane\n|-status|p1b: Flutter Mane|slp|[from] move: Spore\n|move|p2a: \u7262\u5927\u8d5b\u9ad8\uff01\uff01\uff01|Heat Wave|p1a: Indeedee|[spread] p1b\n|-miss|p2a: \u7262\u5927\u8d5b\u9ad8\uff01\uff01\uff01|p1a: Indeedee\n|-damage|p1b: Flutter Mane|55\/100 slp\n|cant|p1b: Flutter Mane|slp\n|move|p1a: Indeedee|Trick Room|p1a: Indeedee\n|-fieldend|move: Trick Room\n|\n|-heal|p2a: \u7262\u5927\u8d5b\u9ad8\uff01\uff01\uff01|53\/100|[from] item: Leftovers\n|upkeep\n|turn|15\n|\n|t:|1701017096\n|-curestatus|p1b: Flutter Mane|slp|[msg]\n|move|p1b: Flutter Mane|Dazzling Gleam|p2b: \u6211\u7237\u7237\u5411\u7262\u5927\u656c\u793c\uff01|[spread] p2a,p2b\n|-resisted|p2b: \u6211\u7237\u7237\u5411\u7262\u5927\u656c\u793c\uff01\n|-damage|p2a: \u7262\u5927\u8d5b\u9ad8\uff01\uff01\uff01|20\/100\n|-damage|p2b: \u6211\u7237\u7237\u5411\u7262\u5927\u656c\u793c\uff01|24\/100\n|move|p2a: \u7262\u5927\u8d5b\u9ad8\uff01\uff01\uff01|Heat Wave|p1a: Indeedee|[spread] p1a\n|-miss|p2a: \u7262\u5927\u8d5b\u9ad8\uff01\uff01\uff01|p1b: Flutter Mane\n|-damage|p1a: Indeedee|46\/100\n|-status|p1a: Indeedee|brn\n|move|p1a: Indeedee|Psychic|p2b: \u6211\u7237\u7237\u5411\u7262\u5927\u656c\u793c\uff01\n|-supereffective|p2b: \u6211\u7237\u7237\u5411\u7262\u5927\u656c\u793c\uff01\n|-damage|p2b: \u6211\u7237\u7237\u5411\u7262\u5927\u656c\u793c\uff01|0 fnt\n|faint|p2b: \u6211\u7237\u7237\u5411\u7262\u5927\u656c\u793c\uff01\n|\n|-heal|p2a: \u7262\u5927\u8d5b\u9ad8\uff01\uff01\uff01|26\/100|[from] item: Leftovers\n|-damage|p1a: Indeedee|39\/100 brn|[from] brn\n|upkeep\n|\n|t:|1701017107\n|switch|p2b: \u7262\u5927\u6765\u4e86\uff01\uff01\uff01\uff01|Cresselia, F|100\/100\n|turn|16\n|\n|t:|1701017121\n|move|p2a: \u7262\u5927\u8d5b\u9ad8\uff01\uff01\uff01|Protect|p2a: \u7262\u5927\u8d5b\u9ad8\uff01\uff01\uff01\n|-singleturn|p2a: \u7262\u5927\u8d5b\u9ad8\uff01\uff01\uff01|Protect\n|move|p1a: Indeedee|Protect|p1a: Indeedee\n|-singleturn|p1a: Indeedee|Protect\n|move|p1b: Flutter Mane|Shadow Ball|p2b: \u7262\u5927\u6765\u4e86\uff01\uff01\uff01\uff01\n|-supereffective|p2b: \u7262\u5927\u6765\u4e86\uff01\uff01\uff01\uff01\n|-damage|p2b: \u7262\u5927\u6765\u4e86\uff01\uff01\uff01\uff01|52\/100\n|move|p2b: \u7262\u5927\u6765\u4e86\uff01\uff01\uff01\uff01|Lunar Blessing|p2b: \u7262\u5927\u6765\u4e86\uff01\uff01\uff01\uff01|[spread] p2a,p2b\n|-heal|p2a: \u7262\u5927\u8d5b\u9ad8\uff01\uff01\uff01|51\/100\n|-heal|p2b: \u7262\u5927\u6765\u4e86\uff01\uff01\uff01\uff01|77\/100\n|\n|-heal|p2a: \u7262\u5927\u8d5b\u9ad8\uff01\uff01\uff01|57\/100|[from] item: Leftovers\n|-damage|p1a: Indeedee|33\/100 brn|[from] brn\n|upkeep\n|turn|17\n|\n|t:|1701017142\n|move|p1a: Indeedee|Helping Hand|p1b: Flutter Mane\n|-singleturn|p1b: Flutter Mane|Helping Hand|[of] p1a: Indeedee\n|move|p1b: Flutter Mane|Shadow Ball|p2b: \u7262\u5927\u6765\u4e86\uff01\uff01\uff01\uff01\n|-supereffective|p2b: \u7262\u5927\u6765\u4e86\uff01\uff01\uff01\uff01\n|-damage|p2b: \u7262\u5927\u6765\u4e86\uff01\uff01\uff01\uff01|7\/100\n|-unboost|p2b: \u7262\u5927\u6765\u4e86\uff01\uff01\uff01\uff01|spd|1\n|move|p2b: \u7262\u5927\u6765\u4e86\uff01\uff01\uff01\uff01|Lunar Blessing|p2b: \u7262\u5927\u6765\u4e86\uff01\uff01\uff01\uff01|[spread] p2a,p2b\n|-heal|p2a: \u7262\u5927\u8d5b\u9ad8\uff01\uff01\uff01|82\/100\n|-heal|p2b: \u7262\u5927\u6765\u4e86\uff01\uff01\uff01\uff01|32\/100\n|move|p2a: \u7262\u5927\u8d5b\u9ad8\uff01\uff01\uff01|Heat Wave|p1a: Indeedee|[spread] p1a,p1b\n|-damage|p1a: Indeedee|5\/100 brn\n|-damage|p1b: Flutter Mane|12\/100\n|\n|-heal|p2a: \u7262\u5927\u8d5b\u9ad8\uff01\uff01\uff01|89\/100|[from] item: Leftovers\n|-damage|p1a: Indeedee|0 fnt|[from] brn\n|faint|p1a: Indeedee\n|-fieldend|move: Psychic Terrain\n|upkeep\n|turn|18\n|-message|Conwynaut forfeited.\n|\n|win|OPieceOfHeroGhost\n|raw|Conwynaut's rating: 1161 &rarr; <strong>1137<\/strong><br \/>(-24 for losing)\n|raw|OPieceOfHeroGhost's rating: 1175 &rarr; <strong>1199<\/strong><br \/>(+24 for winning)\n|l|\u2606Conwynaut\n","uploadtime":1701017165,"views":0,"p1id":"conwynaut","p2id":"opieceofheroghost","formatid":"gen9nationaldexdoubles","rating":1137,"private":0,"password":""}