{"id":"gen9nationaldexdoubles-1962582456","p1":"Gumbus wumbus","p2":"cediedesu","format":"[Gen 9] National Dex Doubles","log":"|j|\u2606Gumbus wumbus\n|j|\u2606cediedesu\n|t:|1696770959\n|gametype|doubles\n|player|p1|Gumbus wumbus|clown|\n|player|p2|cediedesu|acetrainer-gen4dp|\n|teamsize|p1|6\n|teamsize|p2|6\n|gen|9\n|tier|[Gen 9] National Dex Doubles\n|rule|HP Percentage Mod: HP is shown in percentages\n|rule|Endless Battle Clause: Forcing endless battles is banned\n|rule|OHKO Clause: OHKO moves are banned\n|rule|Evasion Moves Clause: Evasion moves are banned\n|rule|Evasion Abilities Clause: Evasion abilities are banned\n|rule|Species Clause: Limit one of each Pok\u00e9mon\n|rule|Gravity Sleep Clause: The combination of sleep-inducing moves with imperfect accuracy and Gravity or Gigantamax Orbeetle are banned\n|clearpoke\n|poke|p1|Obstagoon, F|\n|poke|p1|Grafaiai, F|\n|poke|p1|Farigiraf, M|\n|poke|p1|Exploud, F|\n|poke|p1|Furfrou-Kabuki, F|\n|poke|p1|Ursaluna, M|\n|poke|p2|Garchomp, F|\n|poke|p2|Haxorus, M|\n|poke|p2|Dragalge, F|\n|poke|p2|Tyrantrum, M|\n|poke|p2|Kingdra, M|\n|poke|p2|Duraludon, F|\n|teampreview\n|inactive|Battle timer is ON: inactive players will automatically lose when time's up. (requested by cediedesu)\n|\n|t:|1696770983\n|start\n|switch|p1a: Vogue|Furfrou-Kabuki, F, shiny|100\/100\n|switch|p1b: Metalhead|Exploud, F, shiny|100\/100\n|switch|p2a: Dragalge|Dragalge, F|100\/100\n|switch|p2b: Kingdra|Kingdra, M|100\/100\n|turn|1\n|inactive|Gumbus wumbus has 270 seconds left.\n|\n|t:|1696771015\n|move|p2b: Kingdra|Scald|p1a: Vogue\n|-damage|p1a: Vogue|78\/100\n|move|p1a: Vogue|Return|p2b: Kingdra\n|-crit|p2b: Kingdra\n|-damage|p2b: Kingdra|49\/100\n|move|p1b: Metalhead|Body Slam|p2b: Kingdra\n|-damage|p2b: Kingdra|7\/100\n|move|p2a: Dragalge|Toxic Spikes|p1b: Metalhead\n|-sidestart|p1: Gumbus wumbus|move: Toxic Spikes\n|\n|upkeep\n|turn|2\n|\n|t:|1696771034\n|move|p2b: Kingdra|Flip Turn|p1a: Vogue\n|-damage|p1a: Vogue|67\/100\n|\n|t:|1696771048\n|switch|p2b: Tyrantrum|Tyrantrum, M|100\/100|[from] Flip Turn\n|move|p1a: Vogue|Return|p2a: Dragalge\n|-damage|p2a: Dragalge|66\/100\n|move|p1b: Metalhead|Power-Up Punch|p2b: Tyrantrum\n|-supereffective|p2b: Tyrantrum\n|-damage|p2b: Tyrantrum|82\/100\n|-boost|p1b: Metalhead|atk|1\n|move|p2a: Dragalge|Chilling Water|p1b: Metalhead\n|-damage|p1b: Metalhead|88\/100\n|-unboost|p1b: Metalhead|atk|1\n|\n|-heal|p2a: Dragalge|72\/100|[from] item: Black Sludge\n|upkeep\n|turn|3\n|\n|t:|1696771077\n|move|p1a: Vogue|Endeavor|p2b: Tyrantrum\n|-damage|p2b: Tyrantrum|70\/100\n|move|p2b: Tyrantrum|Dragon Dance|p2b: Tyrantrum\n|-boost|p2b: Tyrantrum|atk|1\n|-boost|p2b: Tyrantrum|spe|1\n|move|p1b: Metalhead|Brick Break|p2b: Tyrantrum\n|-supereffective|p2b: Tyrantrum\n|-damage|p2b: Tyrantrum|32\/100\n|-enditem|p2b: Tyrantrum|Sitrus Berry|[eat]\n|-heal|p2b: Tyrantrum|57\/100|[from] item: Sitrus Berry\n|move|p2a: Dragalge|Chilling Water|p1b: Metalhead\n|-damage|p1b: Metalhead|76\/100\n|-unboost|p1b: Metalhead|atk|1\n|\n|-heal|p2a: Dragalge|78\/100|[from] item: Black Sludge\n|upkeep\n|turn|4\n|inactive|Gumbus wumbus has 270 seconds left.\n|\n|t:|1696771116\n|move|p2b: Tyrantrum|Outrage|p1a: Vogue\n|-damage|p1a: Vogue|17\/100\n|move|p1a: Vogue|Return|p2b: Tyrantrum\n|-resisted|p2b: Tyrantrum\n|-damage|p2b: Tyrantrum|44\/100\n|move|p1b: Metalhead|Brick Break|p2b: Tyrantrum\n|-supereffective|p2b: Tyrantrum\n|-damage|p2b: Tyrantrum|18\/100\n|move|p2a: Dragalge|Sludge Bomb|p1a: Vogue\n|-damage|p1a: Vogue|0 fnt\n|faint|p1a: Vogue\n|\n|-heal|p2a: Dragalge|84\/100|[from] item: Black Sludge\n|upkeep\n|\n|t:|1696771133\n|switch|p1a: Street Punk|Grafaiai, F, shiny|100\/100\n|-sideend|p1: Gumbus wumbus|move: Toxic Spikes|[of] p1a: Street Punk\n|turn|5\n|\n|t:|1696771141\n|move|p1a: Street Punk|Facade|p2a: Dragalge\n|-damage|p2a: Dragalge|60\/100\n|move|p2b: Tyrantrum|Outrage|p1a: Street Punk|[from]lockedmove\n|-damage|p1a: Street Punk|0 fnt\n|faint|p1a: Street Punk\n|move|p1b: Metalhead|Brick Break|p2b: Tyrantrum\n|-supereffective|p2b: Tyrantrum\n|-damage|p2b: Tyrantrum|0 fnt\n|faint|p2b: Tyrantrum\n|move|p2a: Dragalge|Chilling Water|p1b: Metalhead\n|-damage|p1b: Metalhead|63\/100\n|-unboost|p1b: Metalhead|atk|1\n|\n|-heal|p2a: Dragalge|66\/100|[from] item: Black Sludge\n|upkeep\n|\n|t:|1696771158\n|switch|p1a: Scene|Farigiraf, M, shiny|100\/100\n|switch|p2b: Kingdra|Kingdra, M|7\/100\n|turn|6\n|\n|t:|1696771173\n|move|p2b: Kingdra|Signal Beam|p1a: Scene\n|-supereffective|p1a: Scene\n|-damage|p1a: Scene|67\/100\n|move|p1b: Metalhead|Power-Up Punch|p2b: Kingdra\n|-damage|p2b: Kingdra|1\/100\n|-boost|p1b: Metalhead|atk|1\n|move|p1a: Scene|Psychic|p2a: Dragalge\n|-supereffective|p2a: Dragalge\n|-damage|p2a: Dragalge|17\/100\n|move|p2a: Dragalge|Chilling Water|p1b: Metalhead\n|-damage|p1b: Metalhead|50\/100\n|-unboost|p1b: Metalhead|atk|1\n|\n|-heal|p2a: Dragalge|23\/100|[from] item: Black Sludge\n|upkeep\n|turn|7\n|\n|t:|1696771200\n|move|p2b: Kingdra|Signal Beam|p1a: Scene\n|-supereffective|p1a: Scene\n|-damage|p1a: Scene|35\/100\n|move|p1b: Metalhead|Power-Up Punch|p2a: Dragalge\n|-resisted|p2a: Dragalge\n|-damage|p2a: Dragalge|20\/100\n|-boost|p1b: Metalhead|atk|1\n|move|p1a: Scene|Hyper Voice|p2a: Dragalge|[spread] p2a,p2b\n|-damage|p2a: Dragalge|1\/100\n|-damage|p2b: Kingdra|0 fnt\n|faint|p2b: Kingdra\n|move|p2a: Dragalge|Sludge Bomb|p1a: Scene\n|-damage|p1a: Scene|7\/100\n|\n|-heal|p2a: Dragalge|7\/100|[from] item: Black Sludge\n|upkeep\n|inactive|cediedesu has 270 seconds left.\n|\n|t:|1696771219\n|switch|p2b: Duraludon|Duraludon, F|100\/100\n|turn|8\n|\n|t:|1696771235\n|move|p2a: Dragalge|Protect|p2a: Dragalge\n|-singleturn|p2a: Dragalge|Protect\n|move|p2b: Duraludon|Body Press|p1b: Metalhead\n|-supereffective|p1b: Metalhead\n|-damage|p1b: Metalhead|0 fnt\n|-damage|p2b: Duraludon|84\/100|[from] item: Rocky Helmet|[of] p1b: Metalhead\n|faint|p1b: Metalhead\n|-damage|p2b: Duraludon|74\/100|[from] item: Life Orb\n|move|p1a: Scene|Psychic|p2a: Dragalge\n|-activate|p2a: Dragalge|move: Protect\n|\n|-heal|p2a: Dragalge|13\/100|[from] item: Black Sludge\n|upkeep\n|\n|t:|1696771252\n|switch|p1b: Glamrock|Obstagoon, F, shiny|100\/100\n|turn|9\n|inactive|cediedesu has 270 seconds left.\n|\n|t:|1696771289\n|move|p1b: Glamrock|Body Press|p2b: Duraludon\n|-supereffective|p2b: Duraludon\n|-damage|p2b: Duraludon|41\/100\n|move|p2b: Duraludon|Body Press|p1b: Glamrock\n|-supereffective|p1b: Glamrock\n|-damage|p1b: Glamrock|13\/100\n|-damage|p2b: Duraludon|31\/100|[from] item: Life Orb\n|move|p1a: Scene|Psychic|p2a: Dragalge\n|-supereffective|p2a: Dragalge\n|-damage|p2a: Dragalge|0 fnt\n|faint|p2a: Dragalge\n|\n|-status|p1b: Glamrock|brn|[from] item: Flame Orb\n|upkeep\n|inactive|cediedesu has 270 seconds left.\n|\n|t:|1696771308\n|switch|p2a: Garchomp|Garchomp, F|100\/100\n|turn|10\n|\n|t:|1696771313\n|move|p1b: Glamrock|Obstruct|p1b: Glamrock\n|-singleturn|p1b: Glamrock|Protect\n|move|p2b: Duraludon|Protect|p2b: Duraludon\n|-singleturn|p2b: Duraludon|Protect\n|move|p1a: Scene|Protect|p1a: Scene\n|-singleturn|p1a: Scene|Protect\n|move|p2a: Garchomp|Earthquake|p1b: Glamrock|[spread] \n|-activate|p2b: Duraludon|move: Protect\n|-activate|p1a: Scene|move: Protect\n|-activate|p1b: Glamrock|move: Protect\n|\n|-damage|p1b: Glamrock|6\/100 brn|[from] brn\n|upkeep\n|turn|11\n|\n|t:|1696771342\n|move|p2a: Garchomp|Protect|p2a: Garchomp\n|-singleturn|p2a: Garchomp|Protect\n|move|p1b: Glamrock|Parting Shot|p2a: Garchomp\n|-activate|p2a: Garchomp|move: Protect\n|move|p2b: Duraludon|Body Press|p1a: Scene\n|-damage|p1a: Scene|0 fnt\n|faint|p1a: Scene\n|-damage|p2b: Duraludon|21\/100|[from] item: Life Orb\n|\n|-damage|p1b: Glamrock|0 fnt|[from] brn\n|faint|p1b: Glamrock\n|upkeep\n|inactive|Gumbus wumbus has 270 seconds left.\n|\n|t:|1696771357\n|switch|p1b: Y2k|Ursaluna, M, shiny|100\/100\n|-ability|p1b: Y2k|Unnerve\n|turn|12\n|\n|t:|1696771376\n|move|p2b: Duraludon|Protect|p2b: Duraludon\n|-singleturn|p2b: Duraludon|Protect\n|move|p2a: Garchomp|Earthquake|p1b: Y2k|[spread] p1b\n|-activate|p2b: Duraludon|move: Protect\n|-damage|p1b: Y2k|72\/100\n|move|p1b: Y2k|Body Slam|p2a: Garchomp\n|-damage|p2a: Garchomp|51\/100\n|-status|p2a: Garchomp|par\n|-damage|p1b: Y2k|60\/100|[from] ability: Rough Skin|[of] p2a: Garchomp\n|\n|-heal|p1b: Y2k|66\/100|[from] item: Leftovers\n|upkeep\n|turn|13\n|inactive|Gumbus wumbus has 270 seconds left.\n|\n|t:|1696771407\n|move|p2b: Duraludon|Body Press|p1b: Y2k\n|-supereffective|p1b: Y2k\n|-damage|p1b: Y2k|26\/100\n|-damage|p2b: Duraludon|12\/100|[from] item: Life Orb\n|move|p2a: Garchomp|Dragon Claw|p1b: Y2k\n|-damage|p1b: Y2k|0 fnt\n|faint|p1b: Y2k\n|\n|win|cediedesu\n|l|\u2606cediedesu\n","uploadtime":1696771439,"views":6,"p1id":"gumbuswumbus","p2id":"cediedesu","formatid":"gen9nationaldexdoubles","rating":0,"private":0,"password":""}