{"id":"gen9nationaldexdoubles-1986530763","p1":"mvjr1113","p2":"LunaVicta","format":"[Gen 9] National Dex Doubles","log":"|j|\u2606mvjr1113\n|j|\u2606LunaVicta\n|t:|1699488743\n|gametype|doubles\n|player|p1|mvjr1113|riley|1196\n|player|p2|LunaVicta|170|1470\n|teamsize|p1|6\n|teamsize|p2|6\n|gen|9\n|tier|[Gen 9] National Dex Doubles\n|rated|\n|rule|HP Percentage Mod: HP is shown in percentages\n|rule|Endless Battle Clause: Forcing endless battles is banned\n|rule|OHKO Clause: OHKO moves are banned\n|rule|Evasion Moves Clause: Evasion moves are banned\n|rule|Evasion Abilities Clause: Evasion abilities are banned\n|rule|Species Clause: Limit one of each Pok\u00e9mon\n|rule|Gravity Sleep Clause: The combination of sleep-inducing moves with imperfect accuracy and Gravity or Gigantamax Orbeetle are banned\n|clearpoke\n|poke|p1|Landorus, M|\n|poke|p1|Thundurus, M|\n|poke|p1|Overqwil, M|\n|poke|p1|Basculegion, M|\n|poke|p1|Grimmsnarl, M|\n|poke|p1|Pelipper, M|\n|poke|p2|Ursaluna, F|\n|poke|p2|Gothitelle, F|\n|poke|p2|Salamence, F|\n|poke|p2|Amoonguss, F|\n|poke|p2|Diancie|\n|poke|p2|Incineroar, F|\n|teampreview\n|inactive|Battle timer is ON: inactive players will automatically lose when time's up. (requested by LunaVicta)\n|\n|t:|1699488778\n|start\n|switch|p1a: Pelipper|Pelipper, M|100\/100\n|switch|p1b: Landorus|Landorus, M|100\/100\n|switch|p2a: Diancie|Diancie, shiny|100\/100\n|switch|p2b: Ursaluna|Ursaluna, F|100\/100\n|-weather|RainDance|[from] ability: Drizzle|[of] p1a: Pelipper\n|turn|1\n|\n|t:|1699488794\n|-terastallize|p2a: Diancie|Water\n|move|p2b: Ursaluna|Protect|p2b: Ursaluna\n|-singleturn|p2b: Ursaluna|Protect\n|move|p1b: Landorus|Sandsear Storm|p2b: Ursaluna|[spread] p2a\n|-activate|p2b: Ursaluna|move: Protect\n|-crit|p2a: Diancie\n|-damage|p2a: Diancie|33\/100\n|move|p1a: Pelipper|Weather Ball|p2a: Diancie\n|-resisted|p2a: Diancie\n|-damage|p2a: Diancie|14\/100\n|move|p2a: Diancie|Trick Room|p2a: Diancie\n|-fieldstart|move: Trick Room|[of] p2a: Diancie\n|\n|-weather|RainDance|[upkeep]\n|-status|p2b: Ursaluna|brn|[from] item: Flame Orb\n|upkeep\n|turn|2\n|\n|t:|1699488824\n|move|p2b: Ursaluna|Facade|p1a: Pelipper\n|-damage|p1a: Pelipper|4\/100\n|move|p2a: Diancie|Diamond Storm|p1a: Pelipper|[spread] p1a,p1b\n|-supereffective|p1a: Pelipper\n|-crit|p1a: Pelipper\n|-damage|p1a: Pelipper|0 fnt\n|-damage|p1b: Landorus|56\/100\n|-boost|p2a: Diancie|def|2\n|faint|p1a: Pelipper\n|move|p1b: Landorus|Sandsear Storm|p2a: Diancie|[spread] p2a,p2b\n|-crit|p2b: Ursaluna\n|-damage|p2a: Diancie|0 fnt\n|-damage|p2b: Ursaluna|23\/100 brn\n|faint|p2a: Diancie\n|\n|-weather|RainDance|[upkeep]\n|-damage|p2b: Ursaluna|17\/100 brn|[from] brn\n|upkeep\n|\n|t:|1699488849\n|switch|p2a: Incineroar|Incineroar, F|100\/100\n|switch|p1a: Thundurus|Thundurus, M|100\/100\n|-ability|p2a: Incineroar|Intimidate|boost\n|-unboost|p1a: Thundurus|atk|1\n|-unboost|p1b: Landorus|atk|1\n|turn|3\n|inactive|LunaVicta has 120 seconds left.\n|inactive|mvjr1113 has 120 seconds left.\n|\n|t:|1699488891\n|move|p1a: Thundurus|Taunt|p2b: Ursaluna\n|-start|p2b: Ursaluna|move: Taunt\n|move|p2b: Ursaluna|Facade|p1a: Thundurus\n|-damage|p1a: Thundurus|0 fnt\n|faint|p1a: Thundurus\n|move|p2a: Incineroar|Knock Off|p1b: Landorus\n|-damage|p1b: Landorus|11\/100\n|-enditem|p1b: Landorus|Life Orb|[from] move: Knock Off|[of] p2a: Incineroar\n|move|p1b: Landorus|Sandsear Storm|p2b: Ursaluna|[spread] p2a,p2b\n|-supereffective|p2a: Incineroar\n|-damage|p2a: Incineroar|35\/100\n|-damage|p2b: Ursaluna|0 fnt\n|faint|p2b: Ursaluna\n|\n|-weather|RainDance|[upkeep]\n|upkeep\n|inactive|LunaVicta has 120 seconds left.\n|inactive|mvjr1113 has 120 seconds left.\n|\n|t:|1699488917\n|switch|p2b: Gothitelle|Gothitelle, F|100\/100\n|switch|p1a: Basculegion|Basculegion, M|100\/100\n|turn|4\n|inactive|LunaVicta has 120 seconds left.\n|inactive|mvjr1113 has 120 seconds left.\n|\n|t:|1699488955\n|move|p1a: Basculegion|Aqua Jet|p2a: Incineroar\n|-supereffective|p2a: Incineroar\n|-damage|p2a: Incineroar|0 fnt\n|faint|p2a: Incineroar\n|move|p2b: Gothitelle|Psychic|p1b: Landorus\n|-damage|p1b: Landorus|0 fnt\n|faint|p1b: Landorus\n|\n|-weather|RainDance|[upkeep]\n|upkeep\n|\n|t:|1699488966\n|switch|p2a: Amoonguss|Amoonguss, F|100\/100\n|switch|p1b: Grimmsnarl|Grimmsnarl, M|100\/100\n|turn|5\n|\n|t:|1699488995\n|switch|p2b: Salamence|Salamence, F|100\/100\n|-ability|p2b: Salamence|Intimidate|boost\n|-unboost|p1a: Basculegion|atk|1\n|-unboost|p1b: Grimmsnarl|atk|1\n|move|p1b: Grimmsnarl|Light Screen|p1b: Grimmsnarl\n|-sidestart|p1: mvjr1113|move: Light Screen\n|move|p2a: Amoonguss|Spore|p1a: Basculegion\n|-status|p1a: Basculegion|slp|[from] move: Spore\n|cant|p1a: Basculegion|slp\n|\n|-weather|RainDance|[upkeep]\n|-fieldend|move: Trick Room\n|upkeep\n|turn|6\n|inactive|LunaVicta has 120 seconds left.\n|\n|t:|1699489037\n|switch|p1a: Overqwil|Overqwil, M|100\/100\n|detailschange|p2b: Salamence|Salamence-Mega, F\n|-mega|p2b: Salamence|Salamence|Salamencite\n|move|p1b: Grimmsnarl|Reflect|p1b: Grimmsnarl\n|-sidestart|p1: mvjr1113|Reflect\n|move|p2b: Salamence|Tailwind|p2b: Salamence\n|-sidestart|p2: LunaVicta|move: Tailwind\n|move|p2a: Amoonguss|Spore|p1b: Grimmsnarl\n|-status|p1b: Grimmsnarl|slp|[from] move: Spore\n|\n|-weather|RainDance|[upkeep]\n|upkeep\n|turn|7\n|inactive|LunaVicta has 120 seconds left.\n|\n|t:|1699489061\n|move|p2b: Salamence|Hyper Voice|p1a: Overqwil|[spread] p1a,p1b\n|-damage|p1a: Overqwil|57\/100\n|-damage|p1b: Grimmsnarl|81\/100 slp\n|move|p1a: Overqwil|Crunch|p2a: Amoonguss\n|-damage|p2a: Amoonguss|73\/100\n|-damage|p1a: Overqwil|40\/100|[from] item: Rocky Helmet|[of] p2a: Amoonguss\n|cant|p1b: Grimmsnarl|slp\n|move|p2a: Amoonguss|Pollen Puff|p2b: Salamence\n|-immune|p2b: Salamence\n|\n|-weather|RainDance|[upkeep]\n|-heal|p1a: Overqwil|46\/100|[from] item: Leftovers\n|-heal|p1b: Grimmsnarl|88\/100 slp|[from] item: Leftovers\n|upkeep\n|turn|8\n|inactive|LunaVicta has 120 seconds left.\n|inactive|mvjr1113 has 120 seconds left.\n|\n|t:|1699489094\n|switch|p2a: Gothitelle|Gothitelle, F|100\/100\n|move|p2b: Salamence|Breaking Swipe|p1a: Overqwil|[spread] p1a\n|-immune|p1b: Grimmsnarl\n|-damage|p1a: Overqwil|31\/100\n|-unboost|p1a: Overqwil|atk|1\n|move|p1a: Overqwil|Crunch|p2a: Gothitelle\n|-supereffective|p2a: Gothitelle\n|-damage|p2a: Gothitelle|51\/100\n|-curestatus|p1b: Grimmsnarl|slp|[msg]\n|move|p1b: Grimmsnarl|Spirit Break|p2b: Salamence\n|-supereffective|p2b: Salamence\n|-damage|p2b: Salamence|64\/100\n|-unboost|p2b: Salamence|spa|1\n|\n|-weather|none\n|-heal|p1a: Overqwil|37\/100|[from] item: Leftovers\n|-heal|p1b: Grimmsnarl|94\/100|[from] item: Leftovers\n|upkeep\n|turn|9\n|inactive|mvjr1113 has 120 seconds left.\n|\n|t:|1699489129\n|move|p2a: Gothitelle|Fake Out|p1b: Grimmsnarl\n|-damage|p1b: Grimmsnarl|90\/100\n|move|p2b: Salamence|Hyper Voice|p1b: Grimmsnarl|[spread] p1a,p1b\n|-damage|p1a: Overqwil|8\/100\n|-damage|p1b: Grimmsnarl|75\/100\n|move|p1a: Overqwil|Crunch|p2b: Salamence\n|-damage|p2b: Salamence|39\/100\n|cant|p1b: Grimmsnarl|flinch\n|\n|-heal|p1a: Overqwil|14\/100|[from] item: Leftovers\n|-heal|p1b: Grimmsnarl|81\/100|[from] item: Leftovers\n|-sideend|p1: mvjr1113|move: Light Screen\n|-sideend|p2: LunaVicta|move: Tailwind\n|upkeep\n|turn|10\n|inactive|mvjr1113 has 120 seconds left.\n|\n|t:|1699489162\n|switch|p2a: Amoonguss|Amoonguss, F|100\/100\n|move|p2b: Salamence|Protect|p2b: Salamence\n|-singleturn|p2b: Salamence|Protect\n|move|p1a: Overqwil|Crunch|p2b: Salamence\n|-activate|p2b: Salamence|move: Protect\n|move|p1b: Grimmsnarl|Spirit Break|p2b: Salamence\n|-activate|p2b: Salamence|move: Protect\n|\n|-heal|p1a: Overqwil|20\/100|[from] item: Leftovers\n|-heal|p1b: Grimmsnarl|88\/100|[from] item: Leftovers\n|-sideend|p1: mvjr1113|Reflect\n|upkeep\n|turn|11\n|\n|t:|1699489185\n|move|p2a: Amoonguss|Rage Powder|p2a: Amoonguss\n|-singleturn|p2a: Amoonguss|move: Rage Powder\n|move|p2b: Salamence|Hyper Voice|p1a: Overqwil|[spread] p1a,p1b\n|-damage|p1a: Overqwil|0 fnt\n|-damage|p1b: Grimmsnarl|69\/100\n|faint|p1a: Overqwil\n|move|p1b: Grimmsnarl|Spirit Break|p2a: Amoonguss\n|-resisted|p2a: Amoonguss\n|-damage|p2a: Amoonguss|94\/100\n|-unboost|p2a: Amoonguss|spa|1\n|-damage|p1b: Grimmsnarl|53\/100|[from] item: Rocky Helmet|[of] p2a: Amoonguss\n|\n|-heal|p1b: Grimmsnarl|59\/100|[from] item: Leftovers\n|upkeep\n|inactive|mvjr1113 has 120 seconds left.\n|\n|t:|1699489195\n|switch|p1a: Basculegion|Basculegion, M|100\/100 slp\n|turn|12\n|\n|t:|1699489211\n|move|p2a: Amoonguss|Rage Powder|p2a: Amoonguss\n|-singleturn|p2a: Amoonguss|move: Rage Powder\n|move|p1b: Grimmsnarl|Light Screen|p1b: Grimmsnarl\n|-sidestart|p1: mvjr1113|move: Light Screen\n|move|p2b: Salamence|Hyper Voice|p1a: Basculegion|[spread] p1a,p1b\n|-damage|p1a: Basculegion|81\/100 slp\n|-damage|p1b: Grimmsnarl|46\/100\n|cant|p1a: Basculegion|slp\n|\n|-heal|p1a: Basculegion|87\/100 slp|[from] item: Leftovers\n|-heal|p1b: Grimmsnarl|52\/100|[from] item: Leftovers\n|upkeep\n|turn|13\n|inactive|LunaVicta has 120 seconds left.\n|\n|t:|1699489243\n|move|p2a: Amoonguss|Rage Powder|p2a: Amoonguss\n|-singleturn|p2a: Amoonguss|move: Rage Powder\n|move|p1b: Grimmsnarl|Parting Shot|p2a: Amoonguss\n|-unboost|p2a: Amoonguss|atk|1\n|-unboost|p2a: Amoonguss|spa|1\n|move|p2b: Salamence|Breaking Swipe|p1a: Basculegion|[spread] p1a\n|-immune|p1b: Grimmsnarl\n|-damage|p1a: Basculegion|62\/100 slp\n|-unboost|p1a: Basculegion|atk|1\n|-curestatus|p1a: Basculegion|slp|[msg]\n|move|p1a: Basculegion|Last Respects|p2a: Amoonguss\n|-damage|p2a: Amoonguss|28\/100\n|\n|-heal|p1a: Basculegion|68\/100|[from] item: Leftovers\n|-heal|p1b: Grimmsnarl|58\/100|[from] item: Leftovers\n|upkeep\n|turn|14\n|inactive|LunaVicta has 120 seconds left.\n|\n|t:|1699489283\n|move|p2a: Amoonguss|Rage Powder|p2a: Amoonguss\n|-singleturn|p2a: Amoonguss|move: Rage Powder\n|move|p2b: Salamence|Breaking Swipe|p1a: Basculegion|[spread] p1a\n|-immune|p1b: Grimmsnarl\n|-damage|p1a: Basculegion|43\/100\n|-unboost|p1a: Basculegion|atk|1\n|move|p1a: Basculegion|Last Respects|p2a: Amoonguss\n|-damage|p2a: Amoonguss|0 fnt\n|faint|p2a: Amoonguss\n|move|p1b: Grimmsnarl|Spirit Break|p2b: Salamence\n|-supereffective|p2b: Salamence\n|-damage|p2b: Salamence|4\/100\n|-unboost|p2b: Salamence|spa|1\n|\n|-heal|p1a: Basculegion|49\/100|[from] item: Leftovers\n|-heal|p1b: Grimmsnarl|64\/100|[from] item: Leftovers\n|upkeep\n|\n|t:|1699489300\n|switch|p2a: Gothitelle|Gothitelle, F|51\/100\n|turn|15\n|\n|t:|1699489310\n|move|p2a: Gothitelle|Fake Out|p1b: Grimmsnarl\n|-damage|p1b: Grimmsnarl|58\/100\n|move|p1a: Basculegion|Aqua Jet|p2b: Salamence\n|-resisted|p2b: Salamence\n|-damage|p2b: Salamence|0 fnt\n|faint|p2b: Salamence\n|cant|p1b: Grimmsnarl|flinch\n|\n|-heal|p1a: Basculegion|55\/100|[from] item: Leftovers\n|-heal|p1b: Grimmsnarl|64\/100|[from] item: Leftovers\n|upkeep\n|turn|16\n|-message|LunaVicta forfeited.\n|\n|win|mvjr1113\n|raw|mvjr1113's rating: 1196 &rarr; <strong>1237<\/strong><br \/>(+41 for winning)\n|raw|LunaVicta's rating: 1470 &rarr; <strong>1437<\/strong><br \/>(-33 for losing)\n|l|\u2606LunaVicta\n","uploadtime":1699489324,"views":11,"p1id":"mvjr1113","p2id":"lunavicta","formatid":"gen9nationaldexdoubles","rating":1237,"private":0,"password":""}