{"id":"gen9nationaldexdoubles-1979621346","p1":"MattBud","p2":"Coach Matt","format":"[Gen 9] National Dex Doubles","log":"|j|\u2606MattBud\n|j|\u2606Coach Matt\n|t:|1698697406\n|gametype|doubles\n|player|p1|MattBud|swimmer|\n|player|p2|Coach Matt|102|\n|teamsize|p1|3\n|teamsize|p2|2\n|gen|9\n|tier|[Gen 9] National Dex Doubles\n|rule|HP Percentage Mod: HP is shown in percentages\n|rule|Endless Battle Clause: Forcing endless battles is banned\n|rule|OHKO Clause: OHKO moves are banned\n|rule|Evasion Moves Clause: Evasion moves are banned\n|rule|Evasion Abilities Clause: Evasion abilities are banned\n|rule|Species Clause: Limit one of each Pok\u00e9mon\n|rule|Gravity Sleep Clause: The combination of sleep-inducing moves with imperfect accuracy and Gravity or Gigantamax Orbeetle are banned\n|clearpoke\n|poke|p1|Avalugg-Hisui, F|\n|poke|p1|Indeedee-F, F|\n|poke|p1|Scizor, F|\n|poke|p2|Copperajah, F|\n|poke|p2|Amoonguss, M|\n|teampreview\n|\n|t:|1698697413\n|start\n|switch|p1a: Indeedee|Indeedee-F, F|100\/100\n|switch|p1b: Scizor|Scizor, F|100\/100\n|switch|p2a: Amoonguss|Amoonguss, M|100\/100\n|switch|p2b: Copperajah|Copperajah, F|100\/100\n|-fieldstart|move: Psychic Terrain|[from] ability: Psychic Surge|[of] p1a: Indeedee\n|turn|1\n|\n|t:|1698697438\n|move|p1b: Scizor|U-turn|p2a: Amoonguss\n|-damage|p2a: Amoonguss|77\/100\n|\n|t:|1698697442\n|switch|p1b: Avalugg|Avalugg-Hisui, F|100\/100|[from] U-turn\n|move|p2b: Copperajah|Knock Off|p1a: Indeedee\n|-supereffective|p1a: Indeedee\n|-damage|p1a: Indeedee|9\/100\n|-damage|p2b: Copperajah|91\/100|[from] item: Life Orb\n|move|p2a: Amoonguss|Sludge Bomb|p1b: Avalugg\n|-resisted|p1b: Avalugg\n|-damage|p1b: Avalugg|76\/100\n|move|p1a: Indeedee|Trick Room|p1a: Indeedee\n|-fieldstart|move: Trick Room|[of] p1a: Indeedee\n|\n|-heal|p1b: Avalugg|82\/100|[from] item: Leftovers\n|upkeep\n|turn|2\n|\n|t:|1698697462\n|move|p2b: Copperajah|Iron Head|p1b: Avalugg\n|-supereffective|p1b: Avalugg\n|-damage|p1b: Avalugg|0 fnt\n|faint|p1b: Avalugg\n|move|p2a: Amoonguss|Sludge Bomb|p1a: Indeedee\n|-damage|p1a: Indeedee|0 fnt\n|faint|p1a: Indeedee\n|\n|upkeep\n|\n|t:|1698697470\n|switch|p1b: Scizor|Scizor, F|100\/100\n|turn|3\n|\n|t:|1698697479\n|move|p2a: Amoonguss|Giga Drain|p1b: Scizor\n|-resisted|p1b: Scizor\n|-damage|p1b: Scizor|93\/100\n|-heal|p2a: Amoonguss|79\/100|[from] drain|[of] p1b: Scizor\n|move|p2b: Copperajah|Heavy Slam|p1b: Scizor\n|-resisted|p1b: Scizor\n|-damage|p1b: Scizor|39\/100\n|-damage|p2b: Copperajah|81\/100|[from] item: Life Orb\n|move|p1b: Scizor|U-turn|p2a: Amoonguss\n|-damage|p2a: Amoonguss|55\/100\n|\n|upkeep\n|turn|4\n|\n|t:|1698697496\n|move|p2b: Copperajah|Power Whip|p1b: Scizor\n|-resisted|p1b: Scizor\n|-damage|p1b: Scizor|22\/100\n|-damage|p2b: Copperajah|71\/100|[from] item: Life Orb\n|move|p2a: Amoonguss|Giga Drain|p1b: Scizor\n|-resisted|p1b: Scizor\n|-damage|p1b: Scizor|14\/100\n|-heal|p2a: Amoonguss|58\/100|[from] drain|[of] p1b: Scizor\n|move|p1b: Scizor|U-turn|p2a: Amoonguss\n|-damage|p2a: Amoonguss|21\/100\n|-status|p1b: Scizor|slp|[from] ability: Effect Spore|[of] p2a: Amoonguss\n|\n|upkeep\n|turn|5\n|\n|t:|1698697510\n|move|p2b: Copperajah|Knock Off|p1b: Scizor\n|-damage|p1b: Scizor|0 fnt\n|faint|p1b: Scizor\n|-damage|p2b: Copperajah|61\/100|[from] item: Life Orb\n|\n|win|Coach Matt\n","uploadtime":1698697515,"views":7,"p1id":"mattbud","p2id":"coachmatt","formatid":"gen9nationaldexdoubles","rating":0,"private":0,"password":""}