{"id":"gen9nationaldexdoubles-1993411595","p1":"Sakura the blossom","p2":"MosheahVOWS","format":"[Gen 9] National Dex Doubles","log":"|j|\u2606Sakura the blossom\n|j|\u2606MosheahVOWS\n|t:|1700314306\n|gametype|doubles\n|player|p1|Sakura the blossom|caitlin|\n|player|p2|MosheahVOWS|burglar|\n|teamsize|p1|6\n|teamsize|p2|6\n|gen|9\n|tier|[Gen 9] National Dex Doubles\n|rule|HP Percentage Mod: HP is shown in percentages\n|rule|Endless Battle Clause: Forcing endless battles is banned\n|rule|OHKO Clause: OHKO moves are banned\n|rule|Evasion Moves Clause: Evasion moves are banned\n|rule|Evasion Abilities Clause: Evasion abilities are banned\n|rule|Species Clause: Limit one of each Pok\u00e9mon\n|rule|Gravity Sleep Clause: The combination of sleep-inducing moves with imperfect accuracy and Gravity or Gigantamax Orbeetle are banned\n|clearpoke\n|poke|p1|Oricorio-Pa'u, F|\n|poke|p1|Volcarona, M|\n|poke|p1|Metagross|\n|poke|p1|Mr. Mime, M|\n|poke|p1|Ursaluna-Bloodmoon, M|\n|poke|p1|Medicham, M|\n|poke|p2|Rotom-Wash|\n|poke|p2|Primeape, F|\n|poke|p2|Alomomola, M|\n|poke|p2|Farigiraf, F|\n|poke|p2|Tyranitar, F|\n|poke|p2|Umbreon, F|\n|teampreview\n|inactive|Battle timer is ON: inactive players will automatically lose when time's up. (requested by Sakura the blossom)\n|c|\u2606MosheahVOWS|..... whoa\n|c|\u2606Sakura the blossom|Gl hf\n|\n|t:|1700314334\n|start\n|switch|p1a: Mr. Mime|Mr. Mime, M|100\/100\n|switch|p1b: Medicham|Medicham, M|100\/100\n|switch|p2a: Tyranitar|Tyranitar, F|100\/100\n|switch|p2b: Rotom|Rotom-Wash|100\/100\n|-ability|p2a: Tyranitar|Unnerve\n|turn|1\n|inactive|Sakura the blossom has 270 seconds left.\n|inactive|MosheahVOWS has 270 seconds left.\n|\n|t:|1700314392\n|switch|p2a: Farigiraf|Farigiraf, F|100\/100\n|detailschange|p1b: Medicham|Medicham-Mega, M\n|-mega|p1b: Medicham|Medicham|Medichamite\n|move|p1b: Medicham|Close Combat|p2a: Farigiraf\n|-damage|p2a: Farigiraf|2\/100\n|-unboost|p1b: Medicham|def|1\n|-unboost|p1b: Medicham|spd|1\n|-enditem|p2a: Farigiraf|Sitrus Berry|[eat]\n|-heal|p2a: Farigiraf|27\/100|[from] item: Sitrus Berry\n|move|p1a: Mr. Mime|Reflect|p1a: Mr. Mime\n|-sidestart|p1: Sakura the blossom|Reflect\n|move|p2b: Rotom|Volt Switch|p1b: Medicham\n|-damage|p1b: Medicham|0 fnt\n|faint|p1b: Medicham\n|inactive|MosheahVOWS has 240 seconds left.\n|c|\u2606MosheahVOWS|lol\n|c|\u2606MosheahVOWS|one person bitches about megas, the next uses them\n|\n|t:|1700314426\n|switch|p2b: Alomomola|Alomomola, M|100\/100|[from] Volt Switch\n|\n|upkeep\n|inactive|Sakura the blossom has 270 seconds left.\n|\n|t:|1700314439\n|switch|p1b: Metagross|Metagross, shiny|100\/100\n|turn|2\n|inactive|MosheahVOWS has 240 seconds left.\n|c|\u2606MosheahVOWS|..... you can't have two\n|c|\u2606MosheahVOWS|Right?!\n|\n|t:|1700314463\n|move|p2a: Farigiraf|Protect|p2a: Farigiraf\n|-singleturn|p2a: Farigiraf|Protect\n|move|p1a: Mr. Mime|Light Screen|p1a: Mr. Mime\n|-sidestart|p1: Sakura the blossom|move: Light Screen\n|move|p1b: Metagross|Agility|p1b: Metagross\n|-boost|p1b: Metagross|spe|2\n|move|p2b: Alomomola|Scald|p1b: Metagross\n|-damage|p1b: Metagross|90\/100\n|\n|upkeep\n|turn|3\n|c|\u2606Sakura the blossom|Thats the whole mechanism you couldn't\n|inactive|MosheahVOWS has 240 seconds left.\n|c|\u2606MosheahVOWS|it won't matter\n|inactive|Sakura the blossom has 270 seconds left.\n|\n|t:|1700314495\n|switch|p1a: Ursaluna|Ursaluna-Bloodmoon, M|100\/100\n|move|p1b: Metagross|Iron Head|p2a: Farigiraf\n|-damage|p2a: Farigiraf|0 fnt\n|faint|p2a: Farigiraf\n|move|p2b: Alomomola|Scald|p1b: Metagross\n|-damage|p1b: Metagross|78\/100\n|\n|upkeep\n|inactive|MosheahVOWS has 240 seconds left.\n|c|\u2606MosheahVOWS|Ugh my god the stupidly overpowered ursaluna\n|c|\u2606MosheahVOWS|..... let me guess\n|inactive|MosheahVOWS has 210 seconds left.\n|c|\u2606MosheahVOWS|calm mind\n|c|\u2606Sakura the blossom|Guess all you want will i say. No\n|\n|t:|1700314553\n|switch|p2a: Primeape|Primeape, F|100\/100\n|turn|4\n|c|\u2606MosheahVOWS|uh huh\n|inactive|MosheahVOWS has 210 seconds left.\n|inactive|MosheahVOWS has 180 seconds left.\n|\n|t:|1700314599\n|move|p1b: Metagross|Psycho Cut|p2b: Alomomola\n|-damage|p2b: Alomomola|71\/100\n|move|p2a: Primeape|Close Combat|p1a: Ursaluna\n|-supereffective|p1a: Ursaluna\n|-damage|p1a: Ursaluna|44\/100\n|-unboost|p2a: Primeape|def|1\n|-unboost|p2a: Primeape|spd|1\n|-enditem|p1a: Ursaluna|Sitrus Berry|[eat]\n|-heal|p1a: Ursaluna|69\/100|[from] item: Sitrus Berry\n|move|p2b: Alomomola|Scald|p1b: Metagross\n|-damage|p1b: Metagross|68\/100\n|move|p1a: Ursaluna|Blood Moon|p2b: Alomomola\n|-damage|p2b: Alomomola|0 fnt\n|faint|p2b: Alomomola\n|\n|upkeep\n|\n|t:|1700314619\n|switch|p2b: Rotom|Rotom-Wash|100\/100\n|turn|5\n|\n|t:|1700314637\n|move|p1b: Metagross|Psycho Cut|p2a: Primeape\n|-supereffective|p2a: Primeape\n|-damage|p2a: Primeape|0 fnt\n|faint|p2a: Primeape\n|move|p2b: Rotom|Volt Switch|p1a: Ursaluna\n|-immune|p1a: Ursaluna\n|move|p1a: Ursaluna|Hyper Voice|p2b: Rotom\n|-damage|p2b: Rotom|32\/100\n|\n|-sideend|p1: Sakura the blossom|Reflect\n|upkeep\n|c|\u2606Sakura the blossom|PFFFFT\n|c|\u2606MosheahVOWS|AHHH FUCK NO\n|inactive|MosheahVOWS has 150 seconds left.\n|c|\u2606MosheahVOWS|No....\n|\n|t:|1700314680\n|switch|p2a: Umbreon|Umbreon, F|100\/100\n|turn|6\n|inactive|MosheahVOWS has 150 seconds left.\n|\n|t:|1700314699\n|switch|p2b: Tyranitar|Tyranitar, F|100\/100\n|-ability|p2b: Tyranitar|Unnerve\n|move|p1b: Metagross|Brick Break|p2a: Umbreon\n|-supereffective|p2a: Umbreon\n|-damage|p2a: Umbreon|63\/100\n|move|p2a: Umbreon|Foul Play|p1b: Metagross\n|-supereffective|p1b: Metagross\n|-damage|p1b: Metagross|0 fnt\n|faint|p1b: Metagross\n|move|p1a: Ursaluna|Blood Moon|p2a: Umbreon\n|-damage|p2a: Umbreon|11\/100\n|-enditem|p2a: Umbreon|Figy Berry|[eat]\n|-heal|p2a: Umbreon|44\/100|[from] item: Figy Berry\n|\n|-sideend|p1: Sakura the blossom|move: Light Screen\n|upkeep\n|\n|t:|1700314718\n|switch|p1b: Mr. Mime|Mr. Mime, M|100\/100\n|turn|7\n|inactive|MosheahVOWS has 150 seconds left.\n|\n|t:|1700314742\n|move|p1b: Mr. Mime|Taunt|p2a: Umbreon\n|-start|p2a: Umbreon|move: Taunt\n|move|p2b: Tyranitar|Dragon Dance|p2b: Tyranitar\n|-boost|p2b: Tyranitar|atk|1\n|-boost|p2b: Tyranitar|spe|1\n|cant|p2a: Umbreon|move: Taunt|Moonlight\n|move|p1a: Ursaluna|Earth Power|p2b: Tyranitar\n|-supereffective|p2b: Tyranitar\n|-damage|p2b: Tyranitar|0 fnt\n|faint|p2b: Tyranitar\n|\n|upkeep\n|inactive|MosheahVOWS has 150 seconds left.\n|c|\u2606MosheahVOWS|its over....\n|\n|t:|1700314755\n|switch|p2b: Rotom|Rotom-Wash|32\/100\n|turn|8\n|inactive|MosheahVOWS has 150 seconds left.\n|c|\u2606Sakura the blossom|And im not strong. Heh\n|c|\u2606MosheahVOWS|YOU ARENT\n|c|\u2606MosheahVOWS|you fucking arent and I KNOW IT\n|inactive|MosheahVOWS has 120 seconds left.\n|c|\u2606Sakura the blossom|So then explain this?\n|c|\u2606MosheahVOWS|.... you using a mega pokemon and and the stupidly overpowered ursaluna?\n|inactive|MosheahVOWS has 90 seconds left.\n|c|\u2606MosheahVOWS|me using a remnant of a draft team?\n|\n|t:|1700314861\n|move|p1b: Mr. Mime|Light Screen|p1b: Mr. Mime\n|-sidestart|p1: Sakura the blossom|move: Light Screen\n|move|p2b: Rotom|Hydro Pump|p1b: Mr. Mime|[miss]\n|-miss|p2b: Rotom|p1b: Mr. Mime\n|move|p2a: Umbreon|Foul Play|p1a: Ursaluna\n|-damage|p1a: Ursaluna|55\/100\n|move|p1a: Ursaluna|Hyper Voice|p2b: Rotom|[spread] p2a,p2b\n|-crit|p2b: Rotom\n|-damage|p2a: Umbreon|17\/100\n|-damage|p2b: Rotom|0 fnt\n|faint|p2b: Rotom\n|\n|upkeep\n|turn|9\n|c|\u2606Sakura the blossom|Thats on you not using the maximum power your allowed to use\n|\n|t:|1700314879\n|move|p1b: Mr. Mime|Dazzling Gleam|p2a: Umbreon\n|-supereffective|p2a: Umbreon\n|-damage|p2a: Umbreon|0 fnt\n|faint|p2a: Umbreon\n|\n|win|Sakura the blossom\n|l|\u2606MosheahVOWS\n|c|\u2606Sakura the blossom|Ggs wp\n","uploadtime":1700314890,"views":17,"p1id":"sakuratheblossom","p2id":"mosheahvows","formatid":"gen9nationaldexdoubles","rating":0,"private":0,"password":""}