{"id":"gen9nationaldexdoubles-1980762047","p1":"Sakura the blossom","p2":"KraNyan","format":"[Gen 9] National Dex Doubles","log":"|j|\u2606Sakura the blossom\n|j|\u2606KraNyan\n|t:|1698828107\n|gametype|doubles\n|player|p1|Sakura the blossom|caitlin|\n|player|p2|KraNyan|170|\n|teamsize|p1|6\n|teamsize|p2|6\n|gen|9\n|tier|[Gen 9] National Dex Doubles\n|rule|HP Percentage Mod: HP is shown in percentages\n|rule|Endless Battle Clause: Forcing endless battles is banned\n|rule|OHKO Clause: OHKO moves are banned\n|rule|Evasion Moves Clause: Evasion moves are banned\n|rule|Evasion Abilities Clause: Evasion abilities are banned\n|rule|Species Clause: Limit one of each Pok\u00e9mon\n|rule|Gravity Sleep Clause: The combination of sleep-inducing moves with imperfect accuracy and Gravity or Gigantamax Orbeetle are banned\n|clearpoke\n|poke|p1|Armarouge, F|\n|poke|p1|Indeedee-F, F|\n|poke|p1|Maushold|\n|poke|p1|Gardevoir, F|\n|poke|p1|Farigiraf, F|\n|poke|p1|Kommo-o, M|\n|poke|p2|Meowscarada, M|\n|poke|p2|Krookodile, M|\n|poke|p2|Sinistcha-Masterpiece|\n|poke|p2|Oranguru, M|\n|poke|p2|Riolu, M|\n|poke|p2|Ferrothorn, F|\n|teampreview\n|inactive|Battle timer is ON: inactive players will automatically lose when time's up. (requested by Sakura the blossom)\n|\n|t:|1698828114\n|start\n|switch|p1a: Farigiraf|Farigiraf, F|100\/100\n|switch|p1b: Armarouge|Armarouge, F|100\/100\n|switch|p2a: Meowscarada|Meowscarada, M|100\/100\n|switch|p2b: Krookodile|Krookodile, M|100\/100\n|turn|1\n|\n|t:|1698828127\n|move|p1b: Armarouge|Endure|p1b: Armarouge\n|-singleturn|p1b: Armarouge|move: Endure\n|move|p2a: Meowscarada|Flower Trick|p2b: Krookodile\n|-supereffective|p2b: Krookodile\n|-crit|p2b: Krookodile\n|-damage|p2b: Krookodile|8\/100\n|-setboost|p2b: Krookodile|atk|6|[from] ability: Anger Point\n|-enditem|p2b: Krookodile|Salac Berry|[eat]\n|-boost|p2b: Krookodile|spe|1|[from] item: Salac Berry\n|move|p2b: Krookodile|Brutal Swing|p1b: Armarouge|[spread] p2a,p1a,p1b\n|-resisted|p2a: Meowscarada\n|-supereffective|p1a: Farigiraf\n|-supereffective|p1b: Armarouge\n|-damage|p2a: Meowscarada|44\/100\n|-damage|p1a: Farigiraf|0 fnt\n|-activate|p1b: Armarouge|move: Endure\n|-damage|p1b: Armarouge|1\/100\n|-ability|p1b: Armarouge|Weak Armor|boost\n|-unboost|p1b: Armarouge|def|1\n|-boost|p1b: Armarouge|spe|2\n|-enditem|p1b: Armarouge|Weakness Policy\n|-boost|p1b: Armarouge|atk|2|[from] item: Weakness Policy\n|-boost|p1b: Armarouge|spa|2|[from] item: Weakness Policy\n|faint|p1a: Farigiraf\n|\n|upkeep\n|inactive|Sakura the blossom has 270 seconds left.\n|\n|t:|1698828159\n|switch|p1a: Kommo-o|Kommo-o, M|100\/100\n|turn|2\n|\n|t:|1698828172\n|switch|p1a: Maushold|Maushold|100\/100\n|move|p2a: Meowscarada|Ally Switch|p2a: Meowscarada\n|swap|p2a: Meowscarada|1|[from] move: Ally Switch\n|move|p1b: Armarouge|Destiny Bond|p1b: Armarouge\n|-singlemove|p1b: Armarouge|Destiny Bond\n|move|p2a: Krookodile|Earthquake|p1a: Maushold|[spread] p2b,p1a,p1b\n|-resisted|p2b: Meowscarada\n|-supereffective|p1b: Armarouge\n|-damage|p2b: Meowscarada|0 fnt\n|-damage|p1a: Maushold|0 fnt\n|-damage|p1b: Armarouge|0 fnt\n|faint|p2b: Meowscarada\n|faint|p1a: Maushold\n|faint|p1b: Armarouge\n|-activate|p1b: Armarouge|move: Destiny Bond\n|faint|p2a: Krookodile\n|\n|upkeep\n|c|\u2606Sakura the blossom|Bai\n|c|\u2606KraNyan|Ono i lost xD\n|c|\u2606KraNyan|Others are supports\n|\n|t:|1698828195\n|switch|p2b: Ferrothorn|Ferrothorn, F|100\/100\n|switch|p1a: Kommo-o|Kommo-o, M|100\/100\n|switch|p2a: Oranguru|Oranguru, M|100\/100\n|switch|p1b: Gardevoir|Gardevoir, F|100\/100\n|-ability|p1b: Gardevoir|Inner Focus|[from] ability: Trace|[of] p2a: Oranguru\n|turn|3\n|inactive|Sakura the blossom has 270 seconds left.\n|\n|t:|1698828234\n|detailschange|p1b: Gardevoir|Gardevoir-Mega, F\n|-mega|p1b: Gardevoir|Gardevoir|Gardevoirite\n|move|p2a: Oranguru|Protect|p2a: Oranguru\n|-singleturn|p2a: Oranguru|Protect\n|move|p1b: Gardevoir|Aura Sphere|p2b: Ferrothorn\n|-supereffective|p2b: Ferrothorn\n|-damage|p2b: Ferrothorn|44\/100\n|move|p1a: Kommo-o|Clangorous Soul|p1a: Kommo-o\n|-boost|p1a: Kommo-o|atk|1\n|-boost|p1a: Kommo-o|def|1\n|-boost|p1a: Kommo-o|spa|1\n|-boost|p1a: Kommo-o|spd|1\n|-boost|p1a: Kommo-o|spe|1\n|-damage|p1a: Kommo-o|68\/100\n|move|p2b: Ferrothorn|Explosion|p1b: Gardevoir|[spread] p1a,p1b\n|-activate|p2a: Oranguru|move: Protect\n|-damage|p1a: Kommo-o|8\/100\n|-damage|p1b: Gardevoir|0 fnt\n|faint|p2b: Ferrothorn\n|faint|p1b: Gardevoir\n|\n|upkeep\n|c|\u2606KraNyan|Waitt something sus even i forgot:0\n|inactive|Sakura the blossom has 270 seconds left.\n|\n|t:|1698828255\n|switch|p1b: Indeedee|Indeedee-F, F|100\/100\n|switch|p2b: Sinistcha|Sinistcha-Masterpiece|100\/100\n|-fieldstart|move: Psychic Terrain|[from] ability: Psychic Surge|[of] p1b: Indeedee\n|-enditem|p1b: Indeedee|Psychic Seed\n|-boost|p1b: Indeedee|spd|1|[from] item: Psychic Seed\n|-enditem|p2a: Oranguru|Psychic Seed\n|-boost|p2a: Oranguru|spd|1|[from] item: Psychic Seed\n|turn|4\n|c|\u2606Sakura the blossom|Wait!\n|c|\u2606Sakura the blossom|Double seed\n|c|\u2606KraNyan|Indeed\n|inactive|Sakura the blossom has 270 seconds left.\n|c|\u2606Sakura the blossom|Thats dupe items and a forfiet of your win\n|inactive|KraNyan has 270 seconds left.\n|c|\u2606Sakura the blossom|Anyway we can finish this fun one\n|c|\u2606KraNyan|Its oki yeaa\n|inactive|KraNyan has 240 seconds left.\n|\n|t:|1698828325\n|move|p1b: Indeedee|Follow Me|p1b: Indeedee\n|-singleturn|p1b: Indeedee|move: Follow Me\n|move|p1a: Kommo-o|Drain Punch|p2a: Oranguru\n|-damage|p2a: Oranguru|62\/100\n|-heal|p1a: Kommo-o|33\/100|[from] drain|[of] p2a: Oranguru\n|move|p2b: Sinistcha|Night Shade|p1b: Indeedee\n|-immune|p1b: Indeedee\n|move|p2a: Oranguru|Trick Room|p2a: Oranguru\n|-fieldstart|move: Trick Room|[of] p2a: Oranguru\n|\n|upkeep\n|turn|5\n|inactive|Sakura the blossom has 270 seconds left.\n|inactive|KraNyan has 240 seconds left.\n|\n|t:|1698828345\n|move|p1b: Indeedee|Follow Me|p1b: Indeedee\n|-singleturn|p1b: Indeedee|move: Follow Me\n|move|p2a: Oranguru|Instruct|p1b: Indeedee\n|-singleturn|p1b: Indeedee|move: Instruct|[of] p2a: Oranguru\n|move|p1b: Indeedee|Follow Me||[still]\n|-fail|p1b: Indeedee\n|move|p2b: Sinistcha|Scald|p1b: Indeedee\n|-damage|p1b: Indeedee|83\/100\n|move|p1a: Kommo-o|Drain Punch|p2a: Oranguru\n|-damage|p2a: Oranguru|21\/100\n|-heal|p1a: Kommo-o|60\/100|[from] drain|[of] p2a: Oranguru\n|\n|upkeep\n|turn|6\n|\n|t:|1698828368\n|move|p1b: Indeedee|Follow Me|p1b: Indeedee\n|-singleturn|p1b: Indeedee|move: Follow Me\n|move|p2a: Oranguru|Instruct|p1b: Indeedee\n|-singleturn|p1b: Indeedee|move: Instruct|[of] p2a: Oranguru\n|move|p1b: Indeedee|Follow Me||[still]\n|-fail|p1b: Indeedee\n|move|p2b: Sinistcha|Scald|p1b: Indeedee\n|-damage|p1b: Indeedee|65\/100\n|move|p1a: Kommo-o|Iron Head|p2b: Sinistcha\n|-damage|p2b: Sinistcha|67\/100\n|\n|upkeep\n|turn|7\n|inactive|KraNyan has 270 seconds left.\n|\n|t:|1698828388\n|move|p1b: Indeedee|Follow Me|p1b: Indeedee\n|-singleturn|p1b: Indeedee|move: Follow Me\n|move|p2a: Oranguru|Instruct|p1b: Indeedee\n|-singleturn|p1b: Indeedee|move: Instruct|[of] p2a: Oranguru\n|move|p1b: Indeedee|Follow Me||[still]\n|-fail|p1b: Indeedee\n|move|p2b: Sinistcha|Scald|p1b: Indeedee\n|-damage|p1b: Indeedee|47\/100\n|move|p1a: Kommo-o|Drain Punch|p2a: Oranguru\n|-damage|p2a: Oranguru|0 fnt\n|-heal|p1a: Kommo-o|74\/100|[from] drain|[of] p2a: Oranguru\n|faint|p2a: Oranguru\n|\n|upkeep\n|\n|t:|1698828391\n|switch|p2a: Riolu|Riolu, M|100\/100\n|turn|8\n|c|\u2606Sakura the blossom|Hmm nice instructions\n|c|\u2606KraNyan|BAHAHAH\n|\n|t:|1698828414\n|move|p2a: Riolu|Follow Me|p2a: Riolu\n|-singleturn|p2a: Riolu|move: Follow Me\n|move|p2b: Sinistcha|Matcha Gotcha|p1b: Indeedee|[spread] p1a,p1b\n|-resisted|p1a: Kommo-o\n|-damage|p1a: Kommo-o|63\/100\n|-heal|p2b: Sinistcha|72\/100|[from] drain|[of] p1a: Kommo-o\n|-damage|p1b: Indeedee|26\/100\n|-heal|p2b: Sinistcha|82\/100|[from] drain|[of] p1b: Indeedee\n|-status|p1a: Kommo-o|brn\n|move|p1b: Indeedee|Dazzling Gleam|p2b: Sinistcha|[spread] p2a,p2b\n|-supereffective|p2a: Riolu\n|-damage|p2a: Riolu|38\/100\n|-damage|p2b: Sinistcha|67\/100\n|move|p1a: Kommo-o|Drain Punch|p2a: Riolu\n|-damage|p2a: Riolu|0 fnt\n|-heal|p1a: Kommo-o|81\/100 brn|[from] drain|[of] p2a: Riolu\n|faint|p2a: Riolu\n|\n|-damage|p1a: Kommo-o|75\/100 brn|[from] brn\n|-fieldend|move: Trick Room\n|-fieldend|move: Psychic Terrain\n|upkeep\n|turn|9\n|\n|t:|1698828442\n|move|p1a: Kommo-o|Clangorous Soul|p1a: Kommo-o\n|-boost|p1a: Kommo-o|atk|1\n|-boost|p1a: Kommo-o|def|1\n|-boost|p1a: Kommo-o|spa|1\n|-boost|p1a: Kommo-o|spd|1\n|-boost|p1a: Kommo-o|spe|1\n|-damage|p1a: Kommo-o|42\/100 brn\n|move|p1b: Indeedee|Dazzling Gleam|p2b: Sinistcha\n|-damage|p2b: Sinistcha|45\/100\n|move|p2b: Sinistcha|Matcha Gotcha|p1a: Kommo-o|[spread] p1a,p1b\n|-resisted|p1a: Kommo-o\n|-damage|p1a: Kommo-o|33\/100 brn\n|-heal|p2b: Sinistcha|49\/100|[from] drain|[of] p1a: Kommo-o\n|-damage|p1b: Indeedee|3\/100\n|-heal|p2b: Sinistcha|60\/100|[from] drain|[of] p1b: Indeedee\n|\n|-damage|p1a: Kommo-o|27\/100 brn|[from] brn\n|upkeep\n|turn|10\n|\n|t:|1698828464\n|move|p1a: Kommo-o|Dragon Claw|p2b: Sinistcha\n|-damage|p2b: Sinistcha|25\/100\n|move|p1b: Indeedee|Dazzling Gleam|p2b: Sinistcha\n|-damage|p2b: Sinistcha|4\/100\n|move|p2b: Sinistcha|Matcha Gotcha|p1b: Indeedee|[spread] p1a,p1b\n|-resisted|p1a: Kommo-o\n|-damage|p1a: Kommo-o|17\/100 brn\n|-heal|p2b: Sinistcha|8\/100|[from] drain|[of] p1a: Kommo-o\n|-damage|p1b: Indeedee|0 fnt\n|-heal|p2b: Sinistcha|9\/100|[from] drain|[of] p1b: Indeedee\n|faint|p1b: Indeedee\n|\n|-damage|p1a: Kommo-o|11\/100 brn|[from] brn\n|upkeep\n|turn|11\n|c|\u2606KraNyan|Ono gg\n|c|\u2606Sakura the blossom|Gg\n|\n|t:|1698828481\n|move|p1a: Kommo-o|Dragon Claw|p2b: Sinistcha\n|-damage|p2b: Sinistcha|0 fnt\n|faint|p2b: Sinistcha\n|\n|win|Sakura the blossom\n|c|\u2606Sakura the blossom|Wp\n|l|\u2606Sakura the blossom\n|l|\u2606KraNyan\n|j|\u2606Sakura the blossom\n|player|p1|Sakura the blossom|caitlin\n","uploadtime":1698828730,"views":14,"p1id":"sakuratheblossom","p2id":"kranyan","formatid":"gen9nationaldexdoubles","rating":0,"private":0,"password":""}