{"id":"gen9nationaldexdoubles-1988135566","p1":"DarkraiShadowXZ","p2":"ArcaneKnight7","format":"[Gen 9] National Dex Doubles","log":"|j|\u2606DarkraiShadowXZ\n|j|\u2606ArcaneKnight7\n|t:|1699674029\n|gametype|doubles\n|player|p1|DarkraiShadowXZ|lucas|\n|player|p2|ArcaneKnight7|richboy-gen4|\n|teamsize|p1|6\n|teamsize|p2|6\n|gen|9\n|tier|[Gen 9] National Dex Doubles\n|rule|HP Percentage Mod: HP is shown in percentages\n|rule|Endless Battle Clause: Forcing endless battles is banned\n|rule|OHKO Clause: OHKO moves are banned\n|rule|Evasion Moves Clause: Evasion moves are banned\n|rule|Evasion Abilities Clause: Evasion abilities are banned\n|rule|Species Clause: Limit one of each Pok\u00e9mon\n|rule|Gravity Sleep Clause: The combination of sleep-inducing moves with imperfect accuracy and Gravity or Gigantamax Orbeetle are banned\n|clearpoke\n|poke|p1|Sceptile, M|\n|poke|p1|Blaziken, M|\n|poke|p1|Swampert, M|\n|poke|p1|Eevee, F|\n|poke|p1|Espeon, F|\n|poke|p1|Umbreon, F|\n|poke|p2|Corviknight, M|\n|poke|p2|Kommo-o, M|\n|poke|p2|Noivern, M|\n|poke|p2|Archeops, M|\n|poke|p2|Samurott-Hisui, M|\n|poke|p2|Decidueye, M|\n|teampreview\n|c|\u2606DarkraiShadowXZ|Good lucks!\n|\n|t:|1699674072\n|start\n|switch|p1a: Substream|Swampert, M|100\/100\n|switch|p1b: Ninjrago|Sceptile, M|100\/100\n|switch|p2a: \ud835\udc04\ud835\udc2b\ud835\udc1e\ud835\udc1b\ud835\udc2e\ud835\udc2c|Corviknight, M, shiny|100\/100\n|switch|p2b: \ud835\udc00\ud835\udc2b\ud835\udc1e\ud835\udc2c|Noivern, M|100\/100\n|turn|1\n|\n|t:|1699674109\n|move|p1b: Ninjrago|Detect|p1b: Ninjrago\n|-singleturn|p1b: Ninjrago|Protect\n|move|p2b: \ud835\udc00\ud835\udc2b\ud835\udc1e\ud835\udc2c|Boomburst|p1a: Substream|[spread] p2a,p1a\n|-activate|p1b: Ninjrago|move: Protect\n|-resisted|p2a: \ud835\udc04\ud835\udc2b\ud835\udc1e\ud835\udc1b\ud835\udc2e\ud835\udc2c\n|-damage|p2a: \ud835\udc04\ud835\udc2b\ud835\udc1e\ud835\udc1b\ud835\udc2e\ud835\udc2c|86\/100\n|-damage|p1a: Substream|82\/100\n|move|p2a: \ud835\udc04\ud835\udc2b\ud835\udc1e\ud835\udc1b\ud835\udc2e\ud835\udc2c|Brave Bird|p1a: Substream\n|-damage|p1a: Substream|44\/100\n|-damage|p2a: \ud835\udc04\ud835\udc2b\ud835\udc1e\ud835\udc1b\ud835\udc2e\ud835\udc2c|72\/100|[from] Recoil\n|move|p1a: Substream|Muddy Water|p2b: \ud835\udc00\ud835\udc2b\ud835\udc1e\ud835\udc2c|[spread] p2a,p2b\n|-resisted|p2b: \ud835\udc00\ud835\udc2b\ud835\udc1e\ud835\udc2c\n|-crit|p2b: \ud835\udc00\ud835\udc2b\ud835\udc1e\ud835\udc2c\n|-damage|p2a: \ud835\udc04\ud835\udc2b\ud835\udc1e\ud835\udc1b\ud835\udc2e\ud835\udc2c|48\/100\n|-damage|p2b: \ud835\udc00\ud835\udc2b\ud835\udc1e\ud835\udc2c|83\/100\n|\n|upkeep\n|turn|2\n|\n|t:|1699674142\n|move|p1b: Ninjrago|Thunder Punch|p2a: \ud835\udc04\ud835\udc2b\ud835\udc1e\ud835\udc1b\ud835\udc2e\ud835\udc2c\n|-supereffective|p2a: \ud835\udc04\ud835\udc2b\ud835\udc1e\ud835\udc1b\ud835\udc2e\ud835\udc2c\n|-damage|p2a: \ud835\udc04\ud835\udc2b\ud835\udc1e\ud835\udc1b\ud835\udc2e\ud835\udc2c|15\/100\n|move|p2b: \ud835\udc00\ud835\udc2b\ud835\udc1e\ud835\udc2c|Dragon Pulse|p1a: Substream\n|-damage|p1a: Substream|16\/100\n|move|p2a: \ud835\udc04\ud835\udc2b\ud835\udc1e\ud835\udc1b\ud835\udc2e\ud835\udc2c|Body Press|p1b: Ninjrago\n|-damage|p1b: Ninjrago|65\/100\n|move|p1a: Substream|Ice Beam|p2b: \ud835\udc00\ud835\udc2b\ud835\udc1e\ud835\udc2c\n|-supereffective|p2b: \ud835\udc00\ud835\udc2b\ud835\udc1e\ud835\udc2c\n|-crit|p2b: \ud835\udc00\ud835\udc2b\ud835\udc1e\ud835\udc2c\n|-damage|p2b: \ud835\udc00\ud835\udc2b\ud835\udc1e\ud835\udc2c|0 fnt\n|faint|p2b: \ud835\udc00\ud835\udc2b\ud835\udc1e\ud835\udc2c\n|\n|upkeep\n|c|\u2606DarkraiShadowXZ|Whoa. Lucky shot\n|\n|t:|1699674158\n|switch|p2b: \ud835\udc12\ud835\udc30\ud835\udc22\ud835\udc1f\ud835\udc2d\ud835\udc1c\ud835\udc25\ud835\udc1a\ud835\udc30|Archeops, M, shiny|100\/100\n|turn|3\n|\n|t:|1699674197\n|move|p1b: Ninjrago|Thunder Punch|p2a: \ud835\udc04\ud835\udc2b\ud835\udc1e\ud835\udc1b\ud835\udc2e\ud835\udc2c\n|-supereffective|p2a: \ud835\udc04\ud835\udc2b\ud835\udc1e\ud835\udc1b\ud835\udc2e\ud835\udc2c\n|-damage|p2a: \ud835\udc04\ud835\udc2b\ud835\udc1e\ud835\udc1b\ud835\udc2e\ud835\udc2c|0 fnt\n|faint|p2a: \ud835\udc04\ud835\udc2b\ud835\udc1e\ud835\udc1b\ud835\udc2e\ud835\udc2c\n|move|p2b: \ud835\udc12\ud835\udc30\ud835\udc22\ud835\udc1f\ud835\udc2d\ud835\udc1c\ud835\udc25\ud835\udc1a\ud835\udc30|Thrash|p1b: Ninjrago\n|-damage|p1b: Ninjrago|0 fnt\n|faint|p1b: Ninjrago\n|move|p1a: Substream|Muddy Water|p2b: \ud835\udc12\ud835\udc30\ud835\udc22\ud835\udc1f\ud835\udc2d\ud835\udc1c\ud835\udc25\ud835\udc1a\ud835\udc30\n|-supereffective|p2b: \ud835\udc12\ud835\udc30\ud835\udc22\ud835\udc1f\ud835\udc2d\ud835\udc1c\ud835\udc25\ud835\udc1a\ud835\udc30\n|-damage|p2b: \ud835\udc12\ud835\udc30\ud835\udc22\ud835\udc1f\ud835\udc2d\ud835\udc1c\ud835\udc25\ud835\udc1a\ud835\udc30|10\/100\n|-unboost|p2b: \ud835\udc12\ud835\udc30\ud835\udc22\ud835\udc1f\ud835\udc2d\ud835\udc1c\ud835\udc25\ud835\udc1a\ud835\udc30|accuracy|1\n|\n|upkeep\n|\n|t:|1699674215\n|switch|p1b: Eon|Eevee, F|100\/100\n|switch|p2a: \ud835\udc00\ud835\udc2b\ud835\udc1c\ud835\udc21\ud835\udc1e\ud835\udc2b|Decidueye, M, shiny|100\/100\n|turn|4\n|\n|t:|1699674232\n|move|p2b: \ud835\udc12\ud835\udc30\ud835\udc22\ud835\udc1f\ud835\udc2d\ud835\udc1c\ud835\udc25\ud835\udc1a\ud835\udc30|Thrash|p1b: Eon|[from]lockedmove|[miss]\n|-miss|p2b: \ud835\udc12\ud835\udc30\ud835\udc22\ud835\udc1f\ud835\udc2d\ud835\udc1c\ud835\udc25\ud835\udc1a\ud835\udc30|p1b: Eon\n|-start|p2b: \ud835\udc12\ud835\udc30\ud835\udc22\ud835\udc1f\ud835\udc2d\ud835\udc1c\ud835\udc25\ud835\udc1a\ud835\udc30|confusion|[fatigue]\n|move|p2a: \ud835\udc00\ud835\udc2b\ud835\udc1c\ud835\udc21\ud835\udc1e\ud835\udc2b|Brave Bird|p1a: Substream\n|-damage|p1a: Substream|0 fnt\n|faint|p1a: Substream\n|-damage|p2a: \ud835\udc00\ud835\udc2b\ud835\udc1c\ud835\udc21\ud835\udc1e\ud835\udc2b|95\/100|[from] Recoil\n|move|p1b: Eon|Curse|p1b: Eon\n|-unboost|p1b: Eon|spe|1\n|-boost|p1b: Eon|atk|1\n|-boost|p1b: Eon|def|1\n|\n|upkeep\n|\n|t:|1699674258\n|switch|p1a: Shade|Umbreon, F|100\/100\n|turn|5\n|\n|t:|1699674282\n|-activate|p2b: \ud835\udc12\ud835\udc30\ud835\udc22\ud835\udc1f\ud835\udc2d\ud835\udc1c\ud835\udc25\ud835\udc1a\ud835\udc30|confusion\n|-damage|p2b: \ud835\udc12\ud835\udc30\ud835\udc22\ud835\udc1f\ud835\udc2d\ud835\udc1c\ud835\udc25\ud835\udc1a\ud835\udc30|0 fnt|[from] confusion\n|faint|p2b: \ud835\udc12\ud835\udc30\ud835\udc22\ud835\udc1f\ud835\udc2d\ud835\udc1c\ud835\udc25\ud835\udc1a\ud835\udc30\n|move|p2a: \ud835\udc00\ud835\udc2b\ud835\udc1c\ud835\udc21\ud835\udc1e\ud835\udc2b|Leaf Storm|p1a: Shade\n|-damage|p1a: Shade|72\/100\n|-unboost|p2a: \ud835\udc00\ud835\udc2b\ud835\udc1c\ud835\udc21\ud835\udc1e\ud835\udc2b|spa|2\n|move|p1a: Shade|Snarl|p2a: \ud835\udc00\ud835\udc2b\ud835\udc1c\ud835\udc21\ud835\udc1e\ud835\udc2b\n|-supereffective|p2a: \ud835\udc00\ud835\udc2b\ud835\udc1c\ud835\udc21\ud835\udc1e\ud835\udc2b\n|-damage|p2a: \ud835\udc00\ud835\udc2b\ud835\udc1c\ud835\udc21\ud835\udc1e\ud835\udc2b|68\/100\n|-unboost|p2a: \ud835\udc00\ud835\udc2b\ud835\udc1c\ud835\udc21\ud835\udc1e\ud835\udc2b|spa|1\n|move|p1b: Eon|Curse|p1b: Eon\n|-unboost|p1b: Eon|spe|1\n|-boost|p1b: Eon|atk|1\n|-boost|p1b: Eon|def|1\n|\n|upkeep\n|\n|t:|1699674300\n|switch|p2b: \ud835\udc0a\ud835\udc32\ud835\udc1a\ud835\udc27\ud835\udc22\ud835\udc2d\ud835\udc1e|Samurott-Hisui, M|100\/100\n|turn|6\n|\n|t:|1699674323\n|move|p2b: \ud835\udc0a\ud835\udc32\ud835\udc1a\ud835\udc27\ud835\udc22\ud835\udc2d\ud835\udc1e|Hydro Pump|p1a: Shade\n|-damage|p1a: Shade|47\/100\n|move|p2a: \ud835\udc00\ud835\udc2b\ud835\udc1c\ud835\udc21\ud835\udc1e\ud835\udc2b|Leaf Storm|p1b: Eon|[miss]\n|-miss|p2a: \ud835\udc00\ud835\udc2b\ud835\udc1c\ud835\udc21\ud835\udc1e\ud835\udc2b|p1b: Eon\n|move|p1a: Shade|Snarl|p2a: \ud835\udc00\ud835\udc2b\ud835\udc1c\ud835\udc21\ud835\udc1e\ud835\udc2b|[spread] p2a,p2b\n|-supereffective|p2a: \ud835\udc00\ud835\udc2b\ud835\udc1c\ud835\udc21\ud835\udc1e\ud835\udc2b\n|-resisted|p2b: \ud835\udc0a\ud835\udc32\ud835\udc1a\ud835\udc27\ud835\udc22\ud835\udc2d\ud835\udc1e\n|-damage|p2a: \ud835\udc00\ud835\udc2b\ud835\udc1c\ud835\udc21\ud835\udc1e\ud835\udc2b|50\/100\n|-damage|p2b: \ud835\udc0a\ud835\udc32\ud835\udc1a\ud835\udc27\ud835\udc22\ud835\udc2d\ud835\udc1e|95\/100\n|-unboost|p2a: \ud835\udc00\ud835\udc2b\ud835\udc1c\ud835\udc21\ud835\udc1e\ud835\udc2b|spa|1\n|-unboost|p2b: \ud835\udc0a\ud835\udc32\ud835\udc1a\ud835\udc27\ud835\udc22\ud835\udc2d\ud835\udc1e|spa|1\n|move|p1b: Eon|Curse|p1b: Eon\n|-unboost|p1b: Eon|spe|1\n|-boost|p1b: Eon|atk|1\n|-boost|p1b: Eon|def|1\n|\n|upkeep\n|turn|7\n|\n|t:|1699674379\n|move|p1b: Eon|Quick Attack|p2a: \ud835\udc00\ud835\udc2b\ud835\udc1c\ud835\udc21\ud835\udc1e\ud835\udc2b\n|-immune|p2a: \ud835\udc00\ud835\udc2b\ud835\udc1c\ud835\udc21\ud835\udc1e\ud835\udc2b\n|move|p2b: \ud835\udc0a\ud835\udc32\ud835\udc1a\ud835\udc27\ud835\udc22\ud835\udc2d\ud835\udc1e|Body Slam|p1b: Eon\n|-damage|p1b: Eon|88\/100\n|move|p2a: \ud835\udc00\ud835\udc2b\ud835\udc1c\ud835\udc21\ud835\udc1e\ud835\udc2b|Brave Bird|p1b: Eon\n|-crit|p1b: Eon\n|-damage|p1b: Eon|30\/100\n|-damage|p2a: \ud835\udc00\ud835\udc2b\ud835\udc1c\ud835\udc21\ud835\udc1e\ud835\udc2b|35\/100|[from] Recoil\n|move|p1a: Shade|Snarl|p2a: \ud835\udc00\ud835\udc2b\ud835\udc1c\ud835\udc21\ud835\udc1e\ud835\udc2b|[spread] p2a,p2b\n|-supereffective|p2a: \ud835\udc00\ud835\udc2b\ud835\udc1c\ud835\udc21\ud835\udc1e\ud835\udc2b\n|-resisted|p2b: \ud835\udc0a\ud835\udc32\ud835\udc1a\ud835\udc27\ud835\udc22\ud835\udc2d\ud835\udc1e\n|-damage|p2a: \ud835\udc00\ud835\udc2b\ud835\udc1c\ud835\udc21\ud835\udc1e\ud835\udc2b|17\/100\n|-damage|p2b: \ud835\udc0a\ud835\udc32\ud835\udc1a\ud835\udc27\ud835\udc22\ud835\udc2d\ud835\udc1e|89\/100\n|-unboost|p2a: \ud835\udc00\ud835\udc2b\ud835\udc1c\ud835\udc21\ud835\udc1e\ud835\udc2b|spa|1\n|-unboost|p2b: \ud835\udc0a\ud835\udc32\ud835\udc1a\ud835\udc27\ud835\udc22\ud835\udc2d\ud835\udc1e|spa|1\n|\n|upkeep\n|turn|8\n|c|\u2606DarkraiShadowXZ|GHOST??? Shoot...\n|\n|t:|1699674402\n|move|p1b: Eon|Quick Attack|p2b: \ud835\udc0a\ud835\udc32\ud835\udc1a\ud835\udc27\ud835\udc22\ud835\udc2d\ud835\udc1e\n|-damage|p2b: \ud835\udc0a\ud835\udc32\ud835\udc1a\ud835\udc27\ud835\udc22\ud835\udc2d\ud835\udc1e|43\/100\n|move|p2b: \ud835\udc0a\ud835\udc32\ud835\udc1a\ud835\udc27\ud835\udc22\ud835\udc2d\ud835\udc1e|Hydro Pump|p1a: Shade\n|-damage|p1a: Shade|34\/100\n|move|p2a: \ud835\udc00\ud835\udc2b\ud835\udc1c\ud835\udc21\ud835\udc1e\ud835\udc2b|Brave Bird|p1b: Eon\n|-damage|p1b: Eon|12\/100\n|-damage|p2a: \ud835\udc00\ud835\udc2b\ud835\udc1c\ud835\udc21\ud835\udc1e\ud835\udc2b|13\/100|[from] Recoil\n|move|p1a: Shade|Moonlight|p1a: Shade\n|-heal|p1a: Shade|84\/100\n|\n|upkeep\n|turn|9\n|\n|t:|1699674425\n|move|p1b: Eon|Quick Attack|p2b: \ud835\udc0a\ud835\udc32\ud835\udc1a\ud835\udc27\ud835\udc22\ud835\udc2d\ud835\udc1e\n|-damage|p2b: \ud835\udc0a\ud835\udc32\ud835\udc1a\ud835\udc27\ud835\udc22\ud835\udc2d\ud835\udc1e|0 fnt\n|faint|p2b: \ud835\udc0a\ud835\udc32\ud835\udc1a\ud835\udc27\ud835\udc22\ud835\udc2d\ud835\udc1e\n|move|p2a: \ud835\udc00\ud835\udc2b\ud835\udc1c\ud835\udc21\ud835\udc1e\ud835\udc2b|Leaf Blade|p1b: Eon\n|-damage|p1b: Eon|0 fnt\n|faint|p1b: Eon\n|move|p1a: Shade|Foul Play|p2a: \ud835\udc00\ud835\udc2b\ud835\udc1c\ud835\udc21\ud835\udc1e\ud835\udc2b\n|-supereffective|p2a: \ud835\udc00\ud835\udc2b\ud835\udc1c\ud835\udc21\ud835\udc1e\ud835\udc2b\n|-damage|p2a: \ud835\udc00\ud835\udc2b\ud835\udc1c\ud835\udc21\ud835\udc1e\ud835\udc2b|0 fnt\n|faint|p2a: \ud835\udc00\ud835\udc2b\ud835\udc1c\ud835\udc21\ud835\udc1e\ud835\udc2b\n|\n|upkeep\n|\n|t:|1699674579\n|switch|p2b: \ud835\udc0a\ud835\udc2b\ud835\udc28\ud835\udc27\ud835\udc28\ud835\udc2c|Kommo-o, M|100\/100\n|switch|p1b: Blaze|Espeon, F|100\/100\n|turn|10\n|\n|t:|1699674610\n|move|p1a: Shade|Snatch|p1a: Shade\n|-singleturn|p1a: Shade|Snatch\n|move|p1b: Blaze|Calm Mind|p1b: Blaze\n|-activate|p1a: Shade|move: Snatch|[of] p1b: Blaze\n|move|p1a: Shade|Calm Mind|p1a: Shade|[from]Snatch\n|-boost|p1a: Shade|spa|1\n|-boost|p1a: Shade|spd|1\n|move|p2b: \ud835\udc0a\ud835\udc2b\ud835\udc28\ud835\udc27\ud835\udc28\ud835\udc2c|Outrage|p1b: Blaze\n|-damage|p1b: Blaze|0 fnt\n|faint|p1b: Blaze\n|\n|upkeep\n|\n|t:|1699674620\n|switch|p1b: Kudoku Ken|Blaziken, M|100\/100\n|turn|11\n|\n|t:|1699674633\n|move|p1b: Kudoku Ken|Sky Uppercut|p2b: \ud835\udc0a\ud835\udc2b\ud835\udc28\ud835\udc27\ud835\udc28\ud835\udc2c\n|-damage|p2b: \ud835\udc0a\ud835\udc2b\ud835\udc28\ud835\udc27\ud835\udc28\ud835\udc2c|64\/100\n|move|p2b: \ud835\udc0a\ud835\udc2b\ud835\udc28\ud835\udc27\ud835\udc28\ud835\udc2c|Outrage|p1a: Shade|[from]lockedmove\n|-damage|p1a: Shade|52\/100\n|move|p1a: Shade|Foul Play|p2b: \ud835\udc0a\ud835\udc2b\ud835\udc28\ud835\udc27\ud835\udc28\ud835\udc2c\n|-resisted|p2b: \ud835\udc0a\ud835\udc2b\ud835\udc28\ud835\udc27\ud835\udc28\ud835\udc2c\n|-damage|p2b: \ud835\udc0a\ud835\udc2b\ud835\udc28\ud835\udc27\ud835\udc28\ud835\udc2c|47\/100\n|\n|upkeep\n|turn|12\n|\n|t:|1699674643\n|move|p1b: Kudoku Ken|Swords Dance|p1b: Kudoku Ken\n|-boost|p1b: Kudoku Ken|atk|2\n|move|p2b: \ud835\udc0a\ud835\udc2b\ud835\udc28\ud835\udc27\ud835\udc28\ud835\udc2c|Outrage|p1a: Shade|[from]lockedmove\n|-damage|p1a: Shade|18\/100\n|-enditem|p1a: Shade|Starf Berry|[eat]\n|-boost|p1a: Shade|def|2|[from] item: Starf Berry\n|-start|p2b: \ud835\udc0a\ud835\udc2b\ud835\udc28\ud835\udc27\ud835\udc28\ud835\udc2c|confusion|[fatigue]\n|move|p1a: Shade|Moonlight|p1a: Shade\n|-heal|p1a: Shade|68\/100\n|\n|upkeep\n|turn|13\n|\n|t:|1699674684\n|move|p1b: Kudoku Ken|Sky Uppercut|p2b: \ud835\udc0a\ud835\udc2b\ud835\udc28\ud835\udc27\ud835\udc28\ud835\udc2c\n|-damage|p2b: \ud835\udc0a\ud835\udc2b\ud835\udc28\ud835\udc27\ud835\udc28\ud835\udc2c|0 fnt\n|faint|p2b: \ud835\udc0a\ud835\udc2b\ud835\udc28\ud835\udc27\ud835\udc28\ud835\udc2c\n|\n|win|DarkraiShadowXZ\n|c|\u2606DarkraiShadowXZ|SHOYUKEN!\n|l|\u2606ArcaneKnight7\n","uploadtime":1699674753,"views":5,"p1id":"darkraishadowxz","p2id":"arcaneknight7","formatid":"gen9nationaldexdoubles","rating":0,"private":0,"password":""}