{"id":"gen9nationaldexdoubles-1998572809","p1":"S1r.sweepsaLot","p2":"Kazutoxo","format":"[Gen 9] National Dex Doubles","log":"|j|\u2606S1r.sweepsaLot\n|j|\u2606Kazutoxo\n|t:|1700957965\n|gametype|doubles\n|player|p1|S1r.sweepsaLot|marshal|1420\n|player|p2|Kazutoxo|ingo|1400\n|teamsize|p1|6\n|teamsize|p2|6\n|gen|9\n|tier|[Gen 9] National Dex Doubles\n|rated|\n|rule|HP Percentage Mod: HP is shown in percentages\n|rule|Endless Battle Clause: Forcing endless battles is banned\n|rule|OHKO Clause: OHKO moves are banned\n|rule|Evasion Moves Clause: Evasion moves are banned\n|rule|Evasion Abilities Clause: Evasion abilities are banned\n|rule|Species Clause: Limit one of each Pok\u00e9mon\n|rule|Gravity Sleep Clause: The combination of sleep-inducing moves with imperfect accuracy and Gravity or Gigantamax Orbeetle are banned\n|clearpoke\n|poke|p1|Tyranitar, F|\n|poke|p1|Excadrill, M|\n|poke|p1|Farigiraf, M|\n|poke|p1|Rillaboom, F|\n|poke|p1|Gholdengo|\n|poke|p1|Incineroar, F|\n|poke|p2|Charizard, M|\n|poke|p2|Ogerpon-Hearthflame, F|\n|poke|p2|Incineroar, M|\n|poke|p2|Arcanine-Hisui, F|\n|poke|p2|Gastrodon, M|\n|poke|p2|Torkoal, M|\n|teampreview\n|c|\u2606S1r.sweepsaLot|glhf\n|\n|t:|1700957980\n|start\n|switch|p1a: Chain Chomp|Farigiraf, M|100\/100\n|switch|p1b: Godzilla|Tyranitar, F|100\/100\n|switch|p2a: Incineroar|Incineroar, M|100\/100\n|switch|p2b: Ogerpon|Ogerpon-Hearthflame, F|100\/100\n|-ability|p2b: Ogerpon|Mold Breaker\n|-weather|Sandstorm|[from] ability: Sand Stream|[of] p1b: Godzilla\n|-ability|p2a: Incineroar|Intimidate|boost\n|-unboost|p1a: Chain Chomp|atk|1\n|-unboost|p1b: Godzilla|atk|1\n|turn|1\n|\n|t:|1700957999\n|switch|p2b: Charizard|Charizard, M|100\/100\n|move|p1b: Godzilla|Rock Slide|p2b: Charizard|[spread] p2a\n|-miss|p1b: Godzilla|p2b: Charizard\n|-supereffective|p2a: Incineroar\n|-damage|p2a: Incineroar|61\/100\n|move|p2a: Incineroar|Knock Off|p1a: Chain Chomp\n|-supereffective|p1a: Chain Chomp\n|-damage|p1a: Chain Chomp|23\/100\n|-enditem|p1a: Chain Chomp|Safety Goggles|[from] move: Knock Off|[of] p2a: Incineroar\n|move|p1a: Chain Chomp|Trick Room|p1a: Chain Chomp\n|-fieldstart|move: Trick Room|[of] p1a: Chain Chomp\n|\n|-weather|Sandstorm|[upkeep]\n|-damage|p1a: Chain Chomp|17\/100|[from] Sandstorm\n|-damage|p2b: Charizard|94\/100|[from] Sandstorm\n|upkeep\n|turn|2\n|c|\u2606S1r.sweepsaLot|omg the miss\n|\n|t:|1700958041\n|detailschange|p2b: Charizard|Charizard-Mega-Y, M\n|-mega|p2b: Charizard|Charizard|Charizardite Y\n|-weather|SunnyDay|[from] ability: Drought|[of] p2b: Charizard\n|move|p1a: Chain Chomp|Helping Hand|p1b: Godzilla\n|-singleturn|p1b: Godzilla|Helping Hand|[of] p1a: Chain Chomp\n|move|p2b: Charizard|Protect|p2b: Charizard\n|-singleturn|p2b: Charizard|Protect\n|move|p2a: Incineroar|Taunt|p1a: Chain Chomp\n|-start|p1a: Chain Chomp|move: Taunt\n|move|p1b: Godzilla|Rock Slide|p2b: Charizard|[spread] p2a\n|-activate|p2b: Charizard|move: Protect\n|-supereffective|p2a: Incineroar\n|-damage|p2a: Incineroar|0 fnt\n|faint|p2a: Incineroar\n|\n|-weather|SunnyDay|[upkeep]\n|upkeep\n|\n|t:|1700958068\n|switch|p2a: Gastrodon|Gastrodon, M|100\/100\n|turn|3\n|\n|t:|1700958083\n|switch|p1a: Harambe|Rillaboom, F|100\/100\n|-fieldstart|move: Grassy Terrain|[from] ability: Grassy Surge|[of] p1a: Harambe\n|switch|p2b: Arcanine|Arcanine-Hisui, F|100\/100\n|-ability|p2b: Arcanine|Intimidate|boost\n|-unboost|p1a: Harambe|atk|1\n|-unboost|p1b: Godzilla|atk|1\n|move|p2a: Gastrodon|Muddy Water|p1b: Godzilla|[spread] p1a,p1b\n|-resisted|p1a: Harambe\n|-supereffective|p1b: Godzilla\n|-damage|p1a: Harambe|94\/100\n|-damage|p1b: Godzilla|90\/100\n|-unboost|p1b: Godzilla|accuracy|1\n|move|p1b: Godzilla|Rock Slide|p2b: Arcanine|[spread] p2a\n|-miss|p1b: Godzilla|p2b: Arcanine\n|-resisted|p2a: Gastrodon\n|-damage|p2a: Gastrodon|94\/100\n|\n|-weather|SunnyDay|[upkeep]\n|-heal|p2a: Gastrodon|99\/100|[from] Grassy Terrain\n|-heal|p2a: Gastrodon|100\/100|[from] item: Leftovers\n|-heal|p1b: Godzilla|96\/100|[from] Grassy Terrain\n|-heal|p1a: Harambe|99\/100|[from] Grassy Terrain\n|upkeep\n|turn|4\n|c|\u2606S1r.sweepsaLot|omg the miss\n|\n|t:|1700958119\n|switch|p1b: Nala|Incineroar, F|100\/100\n|-ability|p1b: Nala|Intimidate|boost\n|-unboost|p2a: Gastrodon|atk|1\n|-unboost|p2b: Arcanine|atk|1\n|move|p2a: Gastrodon|Protect|p2a: Gastrodon\n|-singleturn|p2a: Gastrodon|Protect\n|move|p1a: Harambe|Wood Hammer|p2b: Arcanine\n|-damage|p2b: Arcanine|20\/100\n|-damage|p1a: Harambe|79\/100|[from] Recoil\n|move|p2b: Arcanine|Flare Blitz|p1a: Harambe\n|-supereffective|p1a: Harambe\n|-damage|p1a: Harambe|0 fnt\n|faint|p1a: Harambe\n|-damage|p2b: Arcanine|0 fnt|[from] Recoil\n|faint|p2b: Arcanine\n|\n|-weather|SunnyDay|[upkeep]\n|upkeep\n|\n|t:|1700958142\n|switch|p1a: Godzilla|Tyranitar, F|96\/100\n|switch|p2b: Ogerpon|Ogerpon-Hearthflame, F|100\/100\n|-weather|Sandstorm|[from] ability: Sand Stream|[of] p1a: Godzilla\n|-ability|p2b: Ogerpon|Mold Breaker\n|turn|5\n|\n|t:|1700958178\n|switch|p2a: Torkoal|Torkoal, M|100\/100\n|-weather|SunnyDay|[from] ability: Drought|[of] p2a: Torkoal\n|move|p2b: Ogerpon|Spiky Shield|p2b: Ogerpon\n|-singleturn|p2b: Ogerpon|move: Protect\n|move|p1b: Nala|Parting Shot|p2a: Torkoal\n|-unboost|p2a: Torkoal|atk|1\n|-unboost|p2a: Torkoal|spa|1\n|\n|t:|1700958190\n|switch|p1b: Chain Chomp|Farigiraf, M|17\/100|[from] Parting Shot\n|move|p1a: Godzilla|Knock Off|p2a: Torkoal\n|-crit|p2a: Torkoal\n|-damage|p2a: Torkoal|32\/100\n|-enditem|p2a: Torkoal|Leftovers|[from] move: Knock Off|[of] p1a: Godzilla\n|\n|-weather|SunnyDay|[upkeep]\n|-heal|p2a: Torkoal|38\/100|[from] Grassy Terrain\n|-heal|p1b: Chain Chomp|23\/100|[from] Grassy Terrain\n|-heal|p1a: Godzilla|100\/100|[from] Grassy Terrain\n|-fieldend|move: Trick Room\n|upkeep\n|turn|6\n|\n|t:|1700958220\n|switch|p1a: Nala|Incineroar, F|100\/100\n|-ability|p1a: Nala|Intimidate|boost\n|-unboost|p2a: Torkoal|atk|1\n|-unboost|p2b: Ogerpon|atk|1\n|move|p2b: Ogerpon|Ivy Cudgel|p1b: Chain Chomp|[anim] Ivy Cudgel Fire\n|-crit|p1b: Chain Chomp\n|-damage|p1b: Chain Chomp|0 fnt\n|faint|p1b: Chain Chomp\n|move|p2a: Torkoal|Earth Power|p1a: Nala\n|-supereffective|p1a: Nala\n|-damage|p1a: Nala|82\/100\n|\n|-weather|SunnyDay|[upkeep]\n|-heal|p1a: Nala|88\/100|[from] Grassy Terrain\n|-heal|p2a: Torkoal|44\/100|[from] Grassy Terrain\n|upkeep\n|\n|t:|1700958230\n|switch|p1b: Godzilla|Tyranitar, F|100\/100\n|-weather|Sandstorm|[from] ability: Sand Stream|[of] p1b: Godzilla\n|turn|7\n|\n|t:|1700958244\n|switch|p2a: Charizard|Charizard-Mega-Y, M|94\/100\n|-weather|SunnyDay|[from] ability: Drought|[of] p2a: Charizard\n|move|p2b: Ogerpon|Spiky Shield|p2b: Ogerpon\n|-singleturn|p2b: Ogerpon|move: Protect\n|move|p1a: Nala|Fake Out|p2b: Ogerpon\n|-activate|p2b: Ogerpon|move: Protect\n|-damage|p1a: Nala|76\/100|[from] Spiky Shield|[of] p2b: Ogerpon\n|move|p1b: Godzilla|Rock Slide|p2a: Charizard|[spread] p2a\n|-activate|p2b: Ogerpon|move: Protect\n|-supereffective|p2a: Charizard\n|-damage|p2a: Charizard|0 fnt\n|faint|p2a: Charizard\n|\n|-weather|SunnyDay|[upkeep]\n|-heal|p1a: Nala|82\/100|[from] Grassy Terrain\n|-fieldend|move: Grassy Terrain\n|upkeep\n|\n|t:|1700958264\n|switch|p2a: Gastrodon|Gastrodon, M|100\/100\n|turn|8\n|\n|t:|1700958300\n|switch|p1b: Money Bags|Gholdengo, shiny|100\/100\n|-terastallize|p2b: Ogerpon|Fire\n|detailschange|p2b: Ogerpon|Ogerpon-Hearthflame-Tera, F, tera:Fire\n|-ability|p2b: Ogerpon|Embody Aspect (Hearthflame)|boost\n|-boost|p2b: Ogerpon|atk|1\n|move|p2b: Ogerpon|Stomping Tantrum|p1a: Nala\n|-supereffective|p1a: Nala\n|-damage|p1a: Nala|32\/100\n|move|p1a: Nala|Flare Blitz|p2b: Ogerpon\n|-resisted|p2b: Ogerpon\n|-damage|p2b: Ogerpon|52\/100\n|-damage|p1a: Nala|20\/100|[from] Recoil\n|-enditem|p1a: Nala|Figy Berry|[eat]\n|-heal|p1a: Nala|53\/100|[from] item: Figy Berry\n|move|p2a: Gastrodon|Earth Power|p1a: Nala\n|-supereffective|p1a: Nala\n|-damage|p1a: Nala|13\/100\n|\n|-weather|SunnyDay|[upkeep]\n|upkeep\n|turn|9\n|\n|t:|1700958350\n|move|p2b: Ogerpon|Spiky Shield|p2b: Ogerpon\n|-singleturn|p2b: Ogerpon|move: Protect\n|move|p1b: Money Bags|Shadow Ball|p2b: Ogerpon\n|-activate|p2b: Ogerpon|move: Protect\n|move|p1a: Nala|Parting Shot|p2b: Ogerpon\n|-activate|p2b: Ogerpon|move: Protect\n|move|p2a: Gastrodon|Earth Power|p1a: Nala\n|-supereffective|p1a: Nala\n|-damage|p1a: Nala|0 fnt\n|faint|p1a: Nala\n|\n|-weather|SunnyDay|[upkeep]\n|upkeep\n|\n|t:|1700958357\n|switch|p1a: Godzilla|Tyranitar, F|100\/100\n|-weather|Sandstorm|[from] ability: Sand Stream|[of] p1a: Godzilla\n|turn|10\n|\n|t:|1700958373\n|switch|p2a: Torkoal|Torkoal, M|44\/100\n|-weather|SunnyDay|[from] ability: Drought|[of] p2a: Torkoal\n|move|p1b: Money Bags|Protect|p1b: Money Bags\n|-singleturn|p1b: Money Bags|Protect\n|move|p2b: Ogerpon|Horn Leech|p1a: Godzilla\n|-supereffective|p1a: Godzilla\n|-damage|p1a: Godzilla|37\/100\n|-heal|p2b: Ogerpon|95\/100|[from] drain|[of] p1a: Godzilla\n|move|p1a: Godzilla|Rock Slide|p2a: Torkoal|[spread] p2a,p2b\n|-supereffective|p2a: Torkoal\n|-supereffective|p2b: Ogerpon\n|-damage|p2a: Torkoal|0 fnt\n|-damage|p2b: Ogerpon|5\/100\n|faint|p2a: Torkoal\n|\n|-weather|SunnyDay|[upkeep]\n|upkeep\n|\n|t:|1700958392\n|switch|p2a: Gastrodon|Gastrodon, M|100\/100\n|turn|11\n|\n|t:|1700958423\n|move|p2b: Ogerpon|Spiky Shield|p2b: Ogerpon\n|-singleturn|p2b: Ogerpon|move: Protect\n|move|p1b: Money Bags|Shadow Ball|p2a: Gastrodon\n|-damage|p2a: Gastrodon|64\/100\n|move|p1a: Godzilla|Rock Slide|p2a: Gastrodon|[spread] p2a\n|-activate|p2b: Ogerpon|move: Protect\n|-resisted|p2a: Gastrodon\n|-damage|p2a: Gastrodon|51\/100\n|move|p2a: Gastrodon|Earth Power|p1a: Godzilla\n|-supereffective|p1a: Godzilla\n|-damage|p1a: Godzilla|4\/100\n|\n|-weather|SunnyDay|[upkeep]\n|-heal|p2a: Gastrodon|57\/100|[from] item: Leftovers\n|upkeep\n|turn|12\n|\n|t:|1700958454\n|move|p2b: Ogerpon|Ivy Cudgel|p2a: Gastrodon|[anim] Ivy Cudgel Fire\n|-resisted|p2a: Gastrodon\n|-damage|p2a: Gastrodon|4\/100\n|move|p1b: Money Bags|Shadow Ball|p2b: Ogerpon\n|-damage|p2b: Ogerpon|0 fnt\n|faint|p2b: Ogerpon\n|move|p1a: Godzilla|Knock Off|p2a: Gastrodon\n|-damage|p2a: Gastrodon|0 fnt\n|-enditem|p2a: Gastrodon|Leftovers|[from] move: Knock Off|[of] p1a: Godzilla\n|faint|p2a: Gastrodon\n|\n|win|S1r.sweepsaLot\n|raw|S1r.sweepsaLot's rating: 1420 &rarr; <strong>1439<\/strong><br \/>(+19 for winning)\n|raw|Kazutoxo's rating: 1400 &rarr; <strong>1381<\/strong><br \/>(-19 for losing)\n|c|\u2606S1r.sweepsaLot|gg\n|c|\u2606Kazutoxo|Nmms\n|c|\u2606S1r.sweepsaLot|nice mono type team btw\n|c|\u2606Kazutoxo|Thanks bro\n|c|\u2606Kazutoxo|5 hours of teambuilding\n|c|\u2606S1r.sweepsaLot|its a nice team\n|c|\u2606S1r.sweepsaLot|tryna fight my mono ghost team\n|c|\u2606S1r.sweepsaLot|i have a bunch of mono type teams\n|c|\u2606Kazutoxo|The ivy cugdel I was going to gholdengo\n|c|\u2606Kazutoxo|It stung him badly hahaha\n|l|\u2606Kazutoxo\n|c|\u2606S1r.sweepsaLot|yeah i think excadrill would have cleaned up tho\n","uploadtime":1700958637,"views":0,"p1id":"s1rsweepsalot","p2id":"kazutoxo","formatid":"gen9nationaldexdoubles","rating":1381,"private":0,"password":""}