{"id":"gen9nationaldexdoubles-1976282136","p1":"Tarifa Zero","p2":"fumbari 24","format":"[Gen 9] National Dex Doubles","log":"|j|\u2606Tarifa Zero\n|j|\u2606fumbari 24\n|t:|1698281957\n|gametype|doubles\n|player|p1|Tarifa Zero|giovanni|1420\n|player|p2|fumbari 24|hilbert|1433\n|teamsize|p1|6\n|teamsize|p2|6\n|gen|9\n|tier|[Gen 9] National Dex Doubles\n|rated|\n|rule|HP Percentage Mod: HP is shown in percentages\n|rule|Endless Battle Clause: Forcing endless battles is banned\n|rule|OHKO Clause: OHKO moves are banned\n|rule|Evasion Moves Clause: Evasion moves are banned\n|rule|Evasion Abilities Clause: Evasion abilities are banned\n|rule|Species Clause: Limit one of each Pok\u00e9mon\n|rule|Gravity Sleep Clause: The combination of sleep-inducing moves with imperfect accuracy and Gravity or Gigantamax Orbeetle are banned\n|clearpoke\n|poke|p1|Tyranitar, M|\n|poke|p1|Ogerpon-Cornerstone, F|\n|poke|p1|Iron Jugulis|\n|poke|p1|Sinistcha|\n|poke|p1|Ninetales-Alola, F|\n|poke|p1|Iron Hands|\n|poke|p2|Landorus-Therian, M|\n|poke|p2|Chien-Pao|\n|poke|p2|Armarouge, M|\n|poke|p2|Blastoise, M|\n|poke|p2|Braviary, M|\n|poke|p2|Arboliva, F|\n|teampreview\n|\n|t:|1698281974\n|start\n|switch|p1a: Ninetales|Ninetales-Alola, F|100\/100\n|switch|p1b: Iron Hands|Iron Hands|100\/100\n|switch|p2a: Wildfire|Armarouge, M|100\/100\n|switch|p2b: Huayco|Landorus-Therian, M|100\/100\n|-ability|p2b: Huayco|Intimidate|boost\n|-unboost|p1a: Ninetales|atk|1\n|-unboost|p1b: Iron Hands|atk|1\n|-weather|Snow|[from] ability: Snow Warning|[of] p1a: Ninetales\n|turn|1\n|\n|t:|1698281986\n|move|p1b: Iron Hands|Fake Out|p2a: Wildfire\n|-damage|p2a: Wildfire|92\/100\n|move|p2b: Huayco|U-turn|p1a: Ninetales\n|-resisted|p1a: Ninetales\n|-damage|p1a: Ninetales|87\/100\n|inactive|Battle timer is ON: inactive players will automatically lose when time's up. (requested by fumbari 24)\n|\n|t:|1698282002\n|switch|p2b: Frossbit|Chien-Pao|100\/100|[from] U-turn\n|-ability|p2b: Frossbit|Sword of Ruin\n|move|p1a: Ninetales|Aurora Veil|p1a: Ninetales\n|-sidestart|p1: Tarifa Zero|move: Aurora Veil\n|move|p2a: Wildfire|Heat Wave|p1b: Iron Hands|[spread] p1a,p1b\n|-supereffective|p1a: Ninetales\n|-damage|p1a: Ninetales|33\/100\n|-damage|p1b: Iron Hands|88\/100\n|\n|-weather|Snow|[upkeep]\n|upkeep\n|turn|2\n|\n|t:|1698282024\n|switch|p1a: Tyranitar|Tyranitar, M|100\/100\n|-weather|Sandstorm|[from] ability: Sand Stream|[of] p1a: Tyranitar\n|move|p2b: Frossbit|Protect|p2b: Frossbit\n|-singleturn|p2b: Frossbit|Protect\n|move|p1b: Iron Hands|Drain Punch|p2b: Frossbit\n|-activate|p2b: Frossbit|move: Protect\n|move|p2a: Wildfire|Trick Room|p2a: Wildfire\n|-fieldstart|move: Trick Room|[of] p2a: Wildfire\n|\n|-weather|Sandstorm|[upkeep]\n|-damage|p1b: Iron Hands|82\/100|[from] Sandstorm\n|-damage|p2a: Wildfire|86\/100|[from] Sandstorm\n|-damage|p2b: Frossbit|95\/100|[from] Sandstorm\n|upkeep\n|turn|3\n|inactive|Tarifa Zero has 120 seconds left.\n|\n|t:|1698282056\n|-end|p1b: Iron Hands|Quark Drive|[silent]\n|switch|p1b: Iron Jugulis|Iron Jugulis|100\/100\n|-enditem|p1b: Iron Jugulis|Booster Energy\n|-activate|p1b: Iron Jugulis|ability: Quark Drive|[fromitem]\n|-start|p1b: Iron Jugulis|quarkdrivespe\n|switch|p2a: Olivia|Arboliva, F|100\/100\n|switch|p1a: Sinistcha|Sinistcha|100\/100\n|switch|p2b: Huayco|Landorus-Therian, M|100\/100\n|-ability|p2b: Huayco|Intimidate|boost\n|-unboost|p1a: Sinistcha|atk|1\n|-unboost|p1b: Iron Jugulis|atk|1\n|\n|-weather|Sandstorm|[upkeep]\n|-damage|p2a: Olivia|94\/100|[from] Sandstorm\n|-damage|p1a: Sinistcha|94\/100|[from] Sandstorm\n|-damage|p1b: Iron Jugulis|94\/100|[from] Sandstorm\n|-heal|p2a: Olivia|100\/100|[from] item: Leftovers\n|-heal|p1a: Sinistcha|100\/100|[from] item: Leftovers\n|upkeep\n|turn|4\n|\n|t:|1698282084\n|move|p2a: Olivia|Hyper Voice|p1a: Sinistcha|[spread] p1b\n|-immune|p1a: Sinistcha\n|-damage|p1b: Iron Jugulis|67\/100\n|move|p1a: Sinistcha|Calm Mind|p1a: Sinistcha\n|-boost|p1a: Sinistcha|spa|1\n|-boost|p1a: Sinistcha|spd|1\n|move|p2b: Huayco|Brick Break|p1b: Iron Jugulis\n|-sideend|p1: Tarifa Zero|move: Aurora Veil\n|-damage|p1b: Iron Jugulis|29\/100\n|move|p1b: Iron Jugulis|Dark Pulse|p2b: Huayco\n|-damage|p2b: Huayco|50\/100\n|\n|-weather|Sandstorm|[upkeep]\n|-damage|p2a: Olivia|94\/100|[from] Sandstorm\n|-damage|p1a: Sinistcha|94\/100|[from] Sandstorm\n|-damage|p1b: Iron Jugulis|23\/100|[from] Sandstorm\n|-heal|p2a: Olivia|100\/100|[from] item: Leftovers\n|-heal|p1a: Sinistcha|100\/100|[from] item: Leftovers\n|upkeep\n|turn|5\n|\n|t:|1698282110\n|switch|p2b: D.K|Braviary, M|100\/100\n|-end|p1b: Iron Jugulis|Quark Drive|[silent]\n|switch|p1b: Iron Hands|Iron Hands|82\/100\n|move|p2a: Olivia|Hyper Voice|p1b: Iron Hands|[spread] p1b\n|-immune|p1a: Sinistcha\n|-damage|p1b: Iron Hands|64\/100\n|move|p1a: Sinistcha|Matcha Gotcha|p2b: D.K|[spread] p2a,p2b\n|-resisted|p2a: Olivia\n|-resisted|p2b: D.K\n|-damage|p2a: Olivia|83\/100\n|-damage|p2b: D.K|82\/100\n|-status|p2b: D.K|brn\n|-fieldstart|move: Grassy Terrain|[from] ability: Seed Sower|[of] p2a: Olivia\n|\n|-weather|Sandstorm|[upkeep]\n|-damage|p2a: Olivia|77\/100|[from] Sandstorm\n|-damage|p1b: Iron Hands|57\/100|[from] Sandstorm\n|-damage|p1a: Sinistcha|94\/100|[from] Sandstorm\n|-damage|p2b: D.K|76\/100 brn|[from] Sandstorm\n|-heal|p2a: Olivia|83\/100|[from] Grassy Terrain\n|-heal|p2a: Olivia|89\/100|[from] item: Leftovers\n|-heal|p1b: Iron Hands|64\/100|[from] Grassy Terrain\n|-heal|p1a: Sinistcha|100\/100|[from] Grassy Terrain\n|-damage|p2b: D.K|70\/100 brn|[from] brn\n|upkeep\n|turn|6\n|\n|t:|1698282135\n|move|p2a: Olivia|Strength Sap|p1b: Iron Hands\n|-unboost|p1b: Iron Hands|atk|1\n|-heal|p2a: Olivia|100\/100\n|move|p1b: Iron Hands|Ice Punch|p2b: D.K\n|-supereffective|p2b: D.K\n|-damage|p2b: D.K|31\/100 brn\n|move|p1a: Sinistcha|Calm Mind|p1a: Sinistcha\n|-boost|p1a: Sinistcha|spa|1\n|-boost|p1a: Sinistcha|spd|1\n|-zpower|p2b: D.K\n|move|p2b: D.K|Supersonic Skystrike|p1a: Sinistcha|[zeffect]\n|-supereffective|p1a: Sinistcha\n|-damage|p1a: Sinistcha|18\/100\n|\n|-weather|none\n|-heal|p1b: Iron Hands|70\/100|[from] Grassy Terrain\n|-heal|p1a: Sinistcha|24\/100|[from] Grassy Terrain\n|-heal|p1a: Sinistcha|30\/100|[from] item: Leftovers\n|-damage|p2b: D.K|25\/100 brn|[from] brn\n|-fieldend|move: Trick Room\n|upkeep\n|turn|7\n|inactive|Tarifa Zero has 120 seconds left.\n|\n|t:|1698282165\n|move|p2b: D.K|Brave Bird|p1a: Sinistcha\n|-supereffective|p1a: Sinistcha\n|-damage|p1a: Sinistcha|0 fnt\n|faint|p1a: Sinistcha\n|-damage|p2b: D.K|18\/100 brn|[from] Recoil\n|move|p1b: Iron Hands|Ice Punch|p2a: Olivia\n|-supereffective|p2a: Olivia\n|-damage|p2a: Olivia|71\/100\n|move|p2a: Olivia|Giga Drain|p1b: Iron Hands\n|-damage|p1b: Iron Hands|44\/100\n|-heal|p2a: Olivia|89\/100|[from] drain|[of] p1b: Iron Hands\n|\n|-heal|p1b: Iron Hands|50\/100|[from] Grassy Terrain\n|-heal|p2a: Olivia|95\/100|[from] Grassy Terrain\n|-heal|p2a: Olivia|100\/100|[from] item: Leftovers\n|-damage|p2b: D.K|12\/100 brn|[from] brn\n|upkeep\n|inactive|Tarifa Zero has 120 seconds left.\n|\n|t:|1698282180\n|switch|p1a: Ninetales|Ninetales-Alola, F|33\/100\n|-weather|Snow|[from] ability: Snow Warning|[of] p1a: Ninetales\n|turn|8\n|\n|t:|1698282199\n|-terastallize|p2a: Olivia|Normal\n|move|p1a: Ninetales|Aurora Veil|p1a: Ninetales\n|-sidestart|p1: Tarifa Zero|move: Aurora Veil\n|move|p2b: D.K|Tailwind|p2b: D.K\n|-sidestart|p2: fumbari 24|move: Tailwind\n|move|p2a: Olivia|Hyper Voice|p1a: Ninetales|[spread] p1a,p1b\n|-damage|p1a: Ninetales|0 fnt\n|-damage|p1b: Iron Hands|32\/100\n|faint|p1a: Ninetales\n|move|p1b: Iron Hands|Ice Punch|p2b: D.K\n|-supereffective|p2b: D.K\n|-damage|p2b: D.K|0 fnt\n|faint|p2b: D.K\n|\n|-weather|Snow|[upkeep]\n|-heal|p1b: Iron Hands|38\/100|[from] Grassy Terrain\n|upkeep\n|\n|t:|1698282216\n|switch|p1a: Iron Jugulis|Iron Jugulis|23\/100\n|switch|p2b: Huayco|Landorus-Therian, M|50\/100\n|-ability|p2b: Huayco|Intimidate|boost\n|-unboost|p1a: Iron Jugulis|atk|1\n|-unboost|p1b: Iron Hands|atk|1\n|turn|9\n|\n|t:|1698282227\n|move|p2b: Huayco|Brick Break|p1a: Iron Jugulis\n|-sideend|p1: Tarifa Zero|move: Aurora Veil\n|-damage|p1a: Iron Jugulis|0 fnt\n|faint|p1a: Iron Jugulis\n|-end|p1a: Iron Jugulis|Quark Drive|[silent]\n|move|p2a: Olivia|Hyper Voice|p1b: Iron Hands\n|-damage|p1b: Iron Hands|7\/100\n|move|p1b: Iron Hands|Ice Punch|p2b: Huayco\n|-supereffective|p2b: Huayco\n|-damage|p2b: Huayco|0 fnt\n|faint|p2b: Huayco\n|\n|-weather|Snow|[upkeep]\n|-heal|p1b: Iron Hands|13\/100|[from] Grassy Terrain\n|-fieldend|move: Grassy Terrain\n|upkeep\n|\n|t:|1698282240\n|switch|p1a: Tyranitar|Tyranitar, M|100\/100\n|switch|p2b: Bastion|Blastoise, M|100\/100\n|-weather|Sandstorm|[from] ability: Sand Stream|[of] p1a: Tyranitar\n|turn|10\n|\n|t:|1698282261\n|detailschange|p2b: Bastion|Blastoise-Mega, M\n|-mega|p2b: Bastion|Blastoise|Blastoisinite\n|detailschange|p1a: Tyranitar|Tyranitar-Mega, M\n|-mega|p1a: Tyranitar|Tyranitar|Tyranitarite\n|move|p2b: Bastion|Water Spout|p1b: Iron Hands|[spread] p1a,p1b\n|-supereffective|p1a: Tyranitar\n|-damage|p1a: Tyranitar|30\/100\n|-damage|p1b: Iron Hands|0 fnt\n|faint|p1b: Iron Hands\n|-end|p1b: Iron Hands|Quark Drive|[silent]\n|move|p1a: Tyranitar|Dragon Dance|p1a: Tyranitar\n|-boost|p1a: Tyranitar|atk|1\n|-boost|p1a: Tyranitar|spe|1\n|move|p2a: Olivia|Giga Drain|p1a: Tyranitar\n|-supereffective|p1a: Tyranitar\n|-damage|p1a: Tyranitar|0 fnt\n|faint|p1a: Tyranitar\n|\n|-weather|Sandstorm|[upkeep]\n|-damage|p2b: Bastion|94\/100|[from] Sandstorm\n|-damage|p2a: Olivia|94\/100|[from] Sandstorm\n|-heal|p2a: Olivia|100\/100|[from] item: Leftovers\n|upkeep\n|-message|Tarifa Zero forfeited.\n|\n|win|fumbari 24\n|raw|Tarifa Zero's rating: 1420 &rarr; <strong>1401<\/strong><br \/>(-19 for losing)\n|raw|fumbari 24's rating: 1433 &rarr; <strong>1452<\/strong><br \/>(+19 for winning)\n|l|\u2606Tarifa Zero\n","uploadtime":1698282278,"views":9,"p1id":"tarifazero","p2id":"fumbari24","formatid":"gen9nationaldexdoubles","rating":1401,"private":0,"password":""}