{"id":"gen9nationaldexdoubles-1997625046","p1":"13KStephen","p2":"fumbari 24","format":"[Gen 9] National Dex Doubles","log":"|j|\u260613KStephen\n|j|\u2606fumbari 24\n|t:|1700834516\n|gametype|doubles\n|player|p1|13KStephen|lucas|1173\n|player|p2|fumbari 24|hilbert|1159\n|teamsize|p1|6\n|teamsize|p2|6\n|gen|9\n|tier|[Gen 9] National Dex Doubles\n|rated|\n|rule|HP Percentage Mod: HP is shown in percentages\n|rule|Endless Battle Clause: Forcing endless battles is banned\n|rule|OHKO Clause: OHKO moves are banned\n|rule|Evasion Moves Clause: Evasion moves are banned\n|rule|Evasion Abilities Clause: Evasion abilities are banned\n|rule|Species Clause: Limit one of each Pok\u00e9mon\n|rule|Gravity Sleep Clause: The combination of sleep-inducing moves with imperfect accuracy and Gravity or Gigantamax Orbeetle are banned\n|clearpoke\n|poke|p1|Absol, F|\n|poke|p1|Flutter Mane|\n|poke|p1|Conkeldurr, F|\n|poke|p1|Torkoal, M|\n|poke|p1|Leafeon, M|\n|poke|p1|Gastrodon, M|\n|poke|p2|Persian-Alola, M|\n|poke|p2|Ceruledge, M|\n|poke|p2|Kecleon, M|\n|poke|p2|Amoonguss, M|\n|poke|p2|Skarmory, M|\n|poke|p2|Kingambit, M|\n|teampreview\n|\n|t:|1700834532\n|start\n|switch|p1a: Mr. Brightside|Torkoal, M|100\/100\n|switch|p1b: Flutter Mane|Flutter Mane|100\/100\n|switch|p2a: Kecleon|Kecleon, M|100\/100\n|switch|p2b: Skarmory|Skarmory, M|100\/100\n|-weather|SunnyDay|[from] ability: Drought|[of] p1a: Mr. Brightside\n|-activate|p1b: Flutter Mane|ability: Protosynthesis\n|-start|p1b: Flutter Mane|protosynthesisspe\n|turn|1\n|inactive|Battle timer is ON: inactive players will automatically lose when time's up. (requested by fumbari 24)\n|\n|t:|1700834564\n|-end|p1b: Flutter Mane|Protosynthesis|[silent]\n|switch|p1b: Chloe|Absol, F|100\/100\n|move|p2a: Kecleon|Fake Out|p1a: Mr. Brightside\n|-damage|p1a: Mr. Brightside|83\/100\n|move|p2b: Skarmory|Iron Head|p1b: Chloe\n|-damage|p1b: Chloe|50\/100\n|cant|p1a: Mr. Brightside|flinch\n|\n|-weather|SunnyDay|[upkeep]\n|upkeep\n|turn|2\n|\n|t:|1700834579\n|switch|p2b: Ceruledge|Ceruledge, M|100\/100\n|detailschange|p1b: Chloe|Absol-Mega, F\n|-mega|p1b: Chloe|Absol|Absolite\n|move|p1b: Chloe|Protect|p1b: Chloe\n|-singleturn|p1b: Chloe|Protect\n|move|p2a: Kecleon|Drain Punch|p1b: Chloe\n|-start|p2a: Kecleon|typechange|Fighting|[from] ability: Protean\n|-activate|p1b: Chloe|move: Protect\n|move|p1a: Mr. Brightside|Flamethrower|p2b: Ceruledge\n|-start|p2b: Ceruledge|ability: Flash Fire\n|\n|-weather|SunnyDay|[upkeep]\n|upkeep\n|turn|3\n|\n|t:|1700834603\n|switch|p1b: Nessie|Gastrodon, M|100\/100\n|move|p2b: Ceruledge|Protect|p2b: Ceruledge\n|-singleturn|p2b: Ceruledge|Protect\n|move|p2a: Kecleon|Drain Punch|p1b: Nessie\n|-damage|p1b: Nessie|75\/100\n|move|p1a: Mr. Brightside|Solar Beam||[still]\n|-prepare|p1a: Mr. Brightside|Solar Beam\n|-anim|p1a: Mr. Brightside|Solar Beam|p2b: Ceruledge\n|-activate|p2b: Ceruledge|move: Protect\n|\n|-weather|SunnyDay|[upkeep]\n|-heal|p1b: Nessie|81\/100|[from] item: Leftovers\n|upkeep\n|turn|4\n|\n|t:|1700834630\n|move|p2b: Ceruledge|Bitter Blade|p1a: Mr. Brightside\n|-resisted|p1a: Mr. Brightside\n|-damage|p1a: Mr. Brightside|38\/100\n|-enditem|p1a: Mr. Brightside|Sitrus Berry|[eat]\n|-heal|p1a: Mr. Brightside|63\/100|[from] item: Sitrus Berry\n|move|p1b: Nessie|Earth Power|p2b: Ceruledge\n|-supereffective|p2b: Ceruledge\n|-damage|p2b: Ceruledge|48\/100\n|move|p2a: Kecleon|Drain Punch|p1a: Mr. Brightside\n|-damage|p1a: Mr. Brightside|33\/100\n|move|p1a: Mr. Brightside|Solar Beam||[still]\n|-prepare|p1a: Mr. Brightside|Solar Beam\n|-anim|p1a: Mr. Brightside|Solar Beam|p2a: Kecleon\n|-damage|p2a: Kecleon|65\/100\n|\n|-weather|SunnyDay|[upkeep]\n|-heal|p1b: Nessie|87\/100|[from] item: Leftovers\n|upkeep\n|turn|5\n|inactive|13KStephen has 120 seconds left.\n|\n|t:|1700834660\n|switch|p1a: The Violence|Conkeldurr, F|100\/100\n|move|p2b: Ceruledge|Protect|p2b: Ceruledge\n|-singleturn|p2b: Ceruledge|Protect\n|move|p1b: Nessie|Earth Power|p2b: Ceruledge\n|-activate|p2b: Ceruledge|move: Protect\n|move|p2a: Kecleon|Drain Punch|p1b: Nessie\n|-damage|p1b: Nessie|64\/100\n|-heal|p2a: Kecleon|82\/100|[from] drain|[of] p1b: Nessie\n|\n|-weather|none\n|-heal|p1b: Nessie|70\/100|[from] item: Leftovers\n|-status|p1a: The Violence|brn|[from] item: Flame Orb\n|upkeep\n|turn|6\n|\n|t:|1700834677\n|switch|p2a: Skarmory|Skarmory, M|100\/100\n|move|p2b: Ceruledge|Bitter Blade|p1a: The Violence\n|-damage|p1a: The Violence|47\/100 brn\n|-heal|p2b: Ceruledge|79\/100|[from] drain|[of] p1a: The Violence\n|move|p1a: The Violence|Drain Punch|p2a: Skarmory\n|-damage|p2a: Skarmory|50\/100\n|-heal|p1a: The Violence|67\/100 brn|[from] drain|[of] p2a: Skarmory\n|move|p1b: Nessie|Earth Power|p2b: Ceruledge\n|-supereffective|p2b: Ceruledge\n|-damage|p2b: Ceruledge|31\/100\n|\n|-heal|p1b: Nessie|76\/100|[from] item: Leftovers\n|-damage|p1a: The Violence|61\/100 brn|[from] brn\n|upkeep\n|turn|7\n|\n|t:|1700834699\n|switch|p1a: Mr. Brightside|Torkoal, M|33\/100\n|-weather|SunnyDay|[from] ability: Drought|[of] p1a: Mr. Brightside\n|move|p2b: Ceruledge|Bitter Blade|p1a: Mr. Brightside\n|-resisted|p1a: Mr. Brightside\n|-crit|p1a: Mr. Brightside\n|-damage|p1a: Mr. Brightside|0 fnt\n|-heal|p2b: Ceruledge|45\/100|[from] drain|[of] p1a: Mr. Brightside\n|faint|p1a: Mr. Brightside\n|move|p2a: Skarmory|Tailwind|p2a: Skarmory\n|-sidestart|p2: fumbari 24|move: Tailwind\n|move|p1b: Nessie|Earth Power|p2b: Ceruledge\n|-supereffective|p2b: Ceruledge\n|-damage|p2b: Ceruledge|0 fnt\n|faint|p2b: Ceruledge\n|\n|-weather|SunnyDay|[upkeep]\n|-heal|p1b: Nessie|82\/100|[from] item: Leftovers\n|upkeep\n|\n|t:|1700834722\n|switch|p2b: Amoonguss|Amoonguss, M|100\/100\n|switch|p1a: Flutter Mane|Flutter Mane|100\/100\n|-activate|p1a: Flutter Mane|ability: Protosynthesis\n|-start|p1a: Flutter Mane|protosynthesisspe\n|turn|8\n|\n|t:|1700834735\n|-end|p1a: Flutter Mane|Protosynthesis|[silent]\n|switch|p1a: Chloe|Absol-Mega, F|50\/100\n|move|p1b: Nessie|Protect|p1b: Nessie\n|-singleturn|p1b: Nessie|Protect\n|move|p2b: Amoonguss|Rage Powder|p2b: Amoonguss\n|-singleturn|p2b: Amoonguss|move: Rage Powder\n|move|p2a: Skarmory|Iron Head|p1a: Chloe\n|-damage|p1a: Chloe|0 fnt\n|faint|p1a: Chloe\n|\n|-weather|SunnyDay|[upkeep]\n|-heal|p1b: Nessie|88\/100|[from] item: Leftovers\n|upkeep\n|\n|t:|1700834747\n|switch|p1a: The Violence|Conkeldurr, F|61\/100 brn\n|turn|9\n|\n|t:|1700834775\n|-terastallize|p1a: The Violence|Steel\n|move|p2b: Amoonguss|Rage Powder|p2b: Amoonguss\n|-singleturn|p2b: Amoonguss|move: Rage Powder\n|move|p2a: Skarmory|Iron Head|p1a: The Violence\n|-resisted|p1a: The Violence\n|-damage|p1a: The Violence|49\/100 brn\n|move|p1a: The Violence|Ice Punch|p2b: Amoonguss\n|-supereffective|p2b: Amoonguss\n|-damage|p2b: Amoonguss|28\/100\n|-damage|p1a: The Violence|32\/100 brn|[from] item: Rocky Helmet|[of] p2b: Amoonguss\n|move|p1b: Nessie|Scald|p2b: Amoonguss\n|-resisted|p2b: Amoonguss\n|-damage|p2b: Amoonguss|23\/100\n|\n|-weather|SunnyDay|[upkeep]\n|-heal|p1b: Nessie|94\/100|[from] item: Leftovers\n|-damage|p1a: The Violence|26\/100 brn|[from] brn\n|upkeep\n|turn|10\n|\n|t:|1700834799\n|move|p2a: Skarmory|Iron Head|p1a: The Violence\n|-resisted|p1a: The Violence\n|-damage|p1a: The Violence|15\/100 brn\n|move|p2b: Amoonguss|Pollen Puff|p1a: The Violence\n|-resisted|p1a: The Violence\n|-damage|p1a: The Violence|4\/100 brn\n|cant|p1a: The Violence|flinch\n|move|p1b: Nessie|Scald|p2a: Skarmory\n|-crit|p2a: Skarmory\n|-damage|p2a: Skarmory|26\/100\n|-status|p2a: Skarmory|brn\n|-enditem|p2a: Skarmory|Lum Berry|[eat]\n|-curestatus|p2a: Skarmory|brn|[msg]\n|\n|-weather|SunnyDay|[upkeep]\n|-heal|p1b: Nessie|100\/100|[from] item: Leftovers\n|-damage|p1a: The Violence|0 fnt|[from] brn\n|faint|p1a: The Violence\n|-sideend|p2: fumbari 24|move: Tailwind\n|upkeep\n|inactive|13KStephen has 120 seconds left.\n|\n|t:|1700834816\n|switch|p1a: Dorian|Leafeon, M|100\/100\n|turn|11\n|\n|t:|1700834830\n|move|p2b: Amoonguss|Rage Powder|p2b: Amoonguss\n|-singleturn|p2b: Amoonguss|move: Rage Powder\n|move|p1a: Dorian|Knock Off|p2a: Skarmory\n|-damage|p2a: Skarmory|8\/100\n|move|p2a: Skarmory|Tailwind|p2a: Skarmory\n|-sidestart|p2: fumbari 24|move: Tailwind\n|move|p1b: Nessie|Scald|p2b: Amoonguss\n|-resisted|p2b: Amoonguss\n|-damage|p2b: Amoonguss|17\/100\n|-status|p2b: Amoonguss|brn\n|\n|-weather|none\n|-damage|p2b: Amoonguss|11\/100 brn|[from] brn\n|upkeep\n|turn|12\n|\n|t:|1700834852\n|switch|p2a: Persian|Persian-Alola, M|100\/100\n|switch|p2b: Kecleon|Kecleon, M|82\/100\n|move|p1a: Dorian|Sunny Day|p1a: Dorian\n|-weather|SunnyDay\n|move|p1b: Nessie|Scald|p2a: Persian\n|-damage|p2a: Persian|84\/100\n|-status|p2a: Persian|brn\n|\n|-weather|SunnyDay|[upkeep]\n|-damage|p2a: Persian|77\/100 brn|[from] brn\n|upkeep\n|turn|13\n|\n|t:|1700834888\n|move|p2b: Kecleon|Fake Out|p1a: Dorian\n|-damage|p1a: Dorian|86\/100\n|-zpower|p2a: Persian\n|move|p2a: Persian|Z-Parting Shot|p1a: Dorian|[anim]Parting Shot\n|-activate|p2a: Persian|healreplacement\n|-unboost|p1a: Dorian|atk|1\n|-unboost|p1a: Dorian|spa|1\n|\n|t:|1700834896\n|switch|p2a: Skarmory|Skarmory, M|8\/100|[from] Parting Shot\n|-heal|p2a: Skarmory|100\/100|[from] move: Parting Shot|[zeffect]\n|cant|p1a: Dorian|flinch\n|move|p1b: Nessie|Earth Power|p2a: Skarmory\n|-immune|p2a: Skarmory\n|\n|-weather|SunnyDay|[upkeep]\n|upkeep\n|turn|14\n|\n|t:|1700834911\n|switch|p2a: Amoonguss|Amoonguss, M|44\/100 brn\n|switch|p1b: Flutter Mane|Flutter Mane|100\/100\n|-activate|p1b: Flutter Mane|ability: Protosynthesis\n|-start|p1b: Flutter Mane|protosynthesisspe\n|move|p1a: Dorian|Double Kick|p2a: Amoonguss\n|-resisted|p2a: Amoonguss\n|-crit|p2a: Amoonguss\n|-damage|p2a: Amoonguss|38\/100 brn\n|-damage|p1a: Dorian|70\/100|[from] item: Rocky Helmet|[of] p2a: Amoonguss\n|-resisted|p2a: Amoonguss\n|-damage|p2a: Amoonguss|36\/100 brn\n|-damage|p1a: Dorian|53\/100|[from] item: Rocky Helmet|[of] p2a: Amoonguss\n|-hitcount|p2a: Amoonguss|2\n|move|p2b: Kecleon|Drain Punch|p1b: Flutter Mane\n|-start|p2b: Kecleon|typechange|Fighting|[from] ability: Protean\n|-immune|p1b: Flutter Mane\n|\n|-weather|SunnyDay|[upkeep]\n|-damage|p2a: Amoonguss|30\/100 brn|[from] brn\n|-sideend|p2: fumbari 24|move: Tailwind\n|upkeep\n|turn|15\n|\n|t:|1700834936\n|switch|p1a: Nessie|Gastrodon, M|100\/100\n|move|p1b: Flutter Mane|Mystical Fire|p2a: Amoonguss\n|-supereffective|p2a: Amoonguss\n|-damage|p2a: Amoonguss|0 fnt\n|faint|p2a: Amoonguss\n|move|p2b: Kecleon|Trick Room|p2b: Kecleon\n|-fieldstart|move: Trick Room|[of] p2b: Kecleon\n|\n|-weather|SunnyDay|[upkeep]\n|upkeep\n|\n|t:|1700834943\n|switch|p2a: Kingambit|Kingambit, M|100\/100\n|turn|16\n|\n|t:|1700834954\n|-end|p1b: Flutter Mane|Protosynthesis|[silent]\n|switch|p1b: Dorian|Leafeon, M|53\/100\n|-terastallize|p2a: Kingambit|Dark\n|move|p2b: Kecleon|Drain Punch|p1a: Nessie\n|-damage|p1a: Nessie|76\/100\n|-heal|p2b: Kecleon|99\/100|[from] drain|[of] p1a: Nessie\n|move|p1a: Nessie|Earth Power|p2a: Kingambit\n|-damage|p2a: Kingambit|85\/100\n|move|p2a: Kingambit|Iron Head|p1b: Dorian\n|-damage|p1b: Dorian|17\/100\n|\n|-weather|none\n|-heal|p1a: Nessie|82\/100|[from] item: Leftovers\n|upkeep\n|turn|17\n|\n|t:|1700834980\n|switch|p2a: Persian|Persian-Alola, M|77\/100 brn\n|move|p2b: Kecleon|Drain Punch|p1b: Dorian\n|-damage|p1b: Dorian|0 fnt\n|-heal|p2b: Kecleon|100\/100|[from] drain|[of] p1b: Dorian\n|faint|p1b: Dorian\n|move|p1a: Nessie|Scald|p2a: Persian\n|-damage|p2a: Persian|42\/100 brn\n|\n|-heal|p1a: Nessie|88\/100|[from] item: Leftovers\n|-damage|p2a: Persian|35\/100 brn|[from] brn\n|upkeep\n|inactive|13KStephen has 120 seconds left.\n|\n|t:|1700834990\n|switch|p1b: Flutter Mane|Flutter Mane|100\/100\n|turn|18\n|\n|t:|1700835005\n|move|p2b: Kecleon|Drain Punch|p1a: Nessie\n|-damage|p1a: Nessie|65\/100\n|move|p1a: Nessie|Earth Power|p2a: Persian\n|-damage|p2a: Persian|0 fnt\n|faint|p2a: Persian\n|move|p1b: Flutter Mane|Moonblast|p2b: Kecleon\n|-supereffective|p2b: Kecleon\n|-damage|p2b: Kecleon|0 fnt\n|faint|p2b: Kecleon\n|\n|-heal|p1a: Nessie|71\/100|[from] item: Leftovers\n|upkeep\n|\n|t:|1700835011\n|switch|p2b: Skarmory|Skarmory, M|100\/100\n|switch|p2a: Kingambit|Kingambit, M, tera:Dark|85\/100\n|turn|19\n|\n|t:|1700835021\n|move|p1a: Nessie|Scald|p2a: Kingambit\n|-damage|p2a: Kingambit|72\/100\n|move|p2a: Kingambit|Iron Head|p1b: Flutter Mane\n|-supereffective|p1b: Flutter Mane\n|-damage|p1b: Flutter Mane|0 fnt\n|faint|p1b: Flutter Mane\n|-end|p1b: Flutter Mane|Protosynthesis|[silent]\n|move|p2b: Skarmory|Tailwind|p2b: Skarmory\n|-sidestart|p2: fumbari 24|move: Tailwind\n|\n|-heal|p1a: Nessie|77\/100|[from] item: Leftovers\n|-fieldend|move: Trick Room\n|upkeep\n|turn|20\n|\n|t:|1700835030\n|move|p2b: Skarmory|Iron Head|p1a: Nessie\n|-resisted|p1a: Nessie\n|-damage|p1a: Nessie|66\/100\n|move|p2a: Kingambit|Kowtow Cleave|p1a: Nessie\n|-damage|p1a: Nessie|26\/100\n|cant|p1a: Nessie|flinch\n|\n|-heal|p1a: Nessie|32\/100|[from] item: Leftovers\n|upkeep\n|turn|21\n|\n|t:|1700835042\n|move|p1a: Nessie|Protect|p1a: Nessie\n|-singleturn|p1a: Nessie|Protect\n|move|p2b: Skarmory|Iron Head|p1a: Nessie\n|-activate|p1a: Nessie|move: Protect\n|move|p2a: Kingambit|Kowtow Cleave|p1a: Nessie\n|-activate|p1a: Nessie|move: Protect\n|\n|-heal|p1a: Nessie|39\/100|[from] item: Leftovers\n|upkeep\n|turn|22\n|\n|t:|1700835050\n|move|p2b: Skarmory|Iron Head|p1a: Nessie\n|-resisted|p1a: Nessie\n|-damage|p1a: Nessie|29\/100\n|move|p2a: Kingambit|Kowtow Cleave|p1a: Nessie\n|-damage|p1a: Nessie|0 fnt\n|faint|p1a: Nessie\n|\n|win|fumbari 24\n|raw|13KStephen's rating: 1173 &rarr; <strong>1147<\/strong><br \/>(-26 for losing)\n|raw|fumbari 24's rating: 1159 &rarr; <strong>1185<\/strong><br \/>(+26 for winning)\n","uploadtime":1700835061,"views":9,"p1id":"13kstephen","p2id":"fumbari24","formatid":"gen9nationaldexdoubles","rating":1147,"private":0,"password":""}