{"id":"gen9nationaldexdoubles-1973749080","p1":"TheOfficialSlade","p2":"imjustthatawsom","format":"[Gen 9] National Dex Doubles","log":"|j|\u2606TheOfficialSlade\n|j|\u2606imjustthatawsom\n|t:|1698009515\n|gametype|doubles\n|player|p1|TheOfficialSlade|shadowtriad|\n|player|p2|imjustthatawsom|2|\n|teamsize|p1|6\n|teamsize|p2|6\n|gen|9\n|tier|[Gen 9] National Dex Doubles\n|rule|HP Percentage Mod: HP is shown in percentages\n|rule|Endless Battle Clause: Forcing endless battles is banned\n|rule|OHKO Clause: OHKO moves are banned\n|rule|Evasion Moves Clause: Evasion moves are banned\n|rule|Evasion Abilities Clause: Evasion abilities are banned\n|rule|Species Clause: Limit one of each Pok\u00e9mon\n|rule|Gravity Sleep Clause: The combination of sleep-inducing moves with imperfect accuracy and Gravity or Gigantamax Orbeetle are banned\n|clearpoke\n|poke|p1|Espeon, F|\n|poke|p1|Rhyperior, M|\n|poke|p1|Dusclops, M|\n|poke|p1|Ferrothorn, F|\n|poke|p1|Ampharos, F|\n|poke|p1|Togekiss, M|\n|poke|p2|Grafaiai, M|\n|poke|p2|Iron Valiant|\n|poke|p2|Dragonite, M|\n|poke|p2|Regigigas|\n|poke|p2|Vaporeon, F|\n|poke|p2|Volcarona, F|\n|teampreview\n|\n|t:|1698009549\n|start\n|switch|p1a: Dusclops|Dusclops, M|100\/100\n|switch|p1b: Togekiss|Togekiss, M|100\/100\n|switch|p2a: Bob|Grafaiai, M|100\/100\n|switch|p2b: OU|Iron Valiant|100\/100\n|-item|p2a: Bob|Focus Sash|[from] ability: Frisk|[of] p1a: Dusclops|[identify]\n|-item|p2b: OU|Life Orb|[from] ability: Frisk|[of] p1a: Dusclops|[identify]\n|turn|1\n|c|\u2606imjustthatawsom|can you share the game live?\n|c|\u2606imjustthatawsom|I dont know how lol\n|c|\u2606TheOfficialSlade|There you go\n|\n|t:|1698009619\n|-end|p2b: OU|Quark Drive|[silent]\n|switch|p2b: Copypasta|Vaporeon, F|100\/100\n|move|p2a: Bob|Taunt|p1a: Dusclops\n|-start|p1a: Dusclops|move: Taunt\n|move|p1b: Togekiss|Dazzling Gleam|p2a: Bob|[spread] p2a,p2b\n|-resisted|p2a: Bob\n|-damage|p2a: Bob|89\/100\n|-damage|p2b: Copypasta|89\/100\n|cant|p1a: Dusclops|move: Taunt|Trick Room\n|\n|upkeep\n|turn|2\n|c|\u2606imjustthatawsom|thanks\n|\n|t:|1698009672\n|switch|p1a: Ampharos|Ampharos, F|100\/100\n|move|p2a: Bob|Toxic|p1b: Togekiss\n|-status|p1b: Togekiss|tox\n|move|p2b: Copypasta|Shadow Ball|p1a: Ampharos\n|-damage|p1a: Ampharos|69\/100\n|move|p1b: Togekiss|Air Slash|p2a: Bob\n|-damage|p2a: Bob|62\/100\n|\n|-damage|p1b: Togekiss|94\/100 tox|[from] psn\n|upkeep\n|turn|3\n|\n|t:|1698009703\n|move|p2a: Bob|Parting Shot|p1a: Ampharos\n|-unboost|p1a: Ampharos|atk|1\n|-unboost|p1a: Ampharos|spa|1\n|\n|t:|1698009711\n|switch|p2a: The BOI|Regigigas|100\/100|[from] Parting Shot\n|-start|p2a: The BOI|ability: Slow Start\n|move|p1a: Ampharos|Focus Blast|p2a: The BOI\n|-supereffective|p2a: The BOI\n|-damage|p2a: The BOI|57\/100\n|move|p2b: Copypasta|Ice Beam|p1a: Ampharos\n|-damage|p1a: Ampharos|36\/100\n|move|p1b: Togekiss|Air Slash|p2b: Copypasta\n|-damage|p2b: Copypasta|73\/100\n|\n|-heal|p2a: The BOI|64\/100|[from] item: Leftovers\n|-damage|p1b: Togekiss|82\/100 tox|[from] psn\n|upkeep\n|turn|4\n|\n|t:|1698009755\n|move|p1a: Ampharos|Volt Switch|p2b: Copypasta\n|-supereffective|p2b: Copypasta\n|-damage|p2b: Copypasta|47\/100\n|\n|t:|1698009766\n|switch|p1a: Ferrothorn|Ferrothorn, F|100\/100|[from] Volt Switch\n|move|p2b: Copypasta|Ice Beam|p1b: Togekiss\n|-supereffective|p1b: Togekiss\n|-damage|p1b: Togekiss|44\/100 tox\n|move|p2a: The BOI|Drain Punch|p1a: Ferrothorn\n|-supereffective|p1a: Ferrothorn\n|-damage|p1a: Ferrothorn|81\/100\n|-heal|p2a: The BOI|72\/100|[from] drain|[of] p1a: Ferrothorn\n|-damage|p2a: The BOI|60\/100|[from] ability: Iron Barbs|[of] p1a: Ferrothorn\n|move|p1b: Togekiss|Dazzling Gleam|p2b: Copypasta|[spread] p2a,p2b\n|-damage|p2a: The BOI|43\/100\n|-damage|p2b: Copypasta|34\/100\n|\n|-heal|p2a: The BOI|49\/100|[from] item: Leftovers\n|-heal|p1a: Ferrothorn|87\/100|[from] item: Leftovers\n|-damage|p1b: Togekiss|26\/100 tox|[from] psn\n|upkeep\n|turn|5\n|\n|t:|1698009830\n|switch|p1b: Dusclops|Dusclops, M|100\/100\n|-item|p2a: The BOI|Leftovers|[from] ability: Frisk|[of] p1b: Dusclops|[identify]\n|-item|p2b: Copypasta|Assault Vest|[from] ability: Frisk|[of] p1b: Dusclops|[identify]\n|move|p2b: Copypasta|Flip Turn|p1b: Dusclops\n|-damage|p1b: Dusclops|94\/100\n|\n|t:|1698009838\n|switch|p2b: Bob|Grafaiai, M|62\/100|[from] Flip Turn\n|move|p2a: The BOI|Substitute|p2a: The BOI\n|-start|p2a: The BOI|Substitute\n|-damage|p2a: The BOI|24\/100\n|move|p1a: Ferrothorn|Iron Defense|p1a: Ferrothorn\n|-boost|p1a: Ferrothorn|def|2\n|\n|-heal|p2a: The BOI|30\/100|[from] item: Leftovers\n|-heal|p1a: Ferrothorn|93\/100|[from] item: Leftovers\n|upkeep\n|turn|6\n|\n|t:|1698009857\n|move|p2b: Bob|Taunt|p1b: Dusclops\n|-start|p1b: Dusclops|move: Taunt\n|move|p2a: The BOI|Thunder Wave|p1a: Ferrothorn\n|-status|p1a: Ferrothorn|par\n|cant|p1a: Ferrothorn|par\n|cant|p1b: Dusclops|move: Taunt|Trick Room\n|\n|-heal|p2a: The BOI|36\/100|[from] item: Leftovers\n|-heal|p1a: Ferrothorn|99\/100 par|[from] item: Leftovers\n|upkeep\n|turn|7\n|\n|t:|1698009905\n|switch|p1b: Ampharos|Ampharos, F|36\/100\n|move|p2b: Bob|Doodle|p1a: Ferrothorn\n|-end|p2a: The BOI|Slow Start|[silent]\n|-endability|p2a: The BOI|Slow Start|[from] move: Doodle\n|-ability|p2a: The BOI|Iron Barbs|[from] move: Doodle\n|-endability|p2b: Bob|Prankster|[from] move: Doodle\n|-ability|p2b: Bob|Iron Barbs|[from] move: Doodle\n|move|p2a: The BOI|Fire Punch|p1a: Ferrothorn\n|-supereffective|p1a: Ferrothorn\n|-damage|p1a: Ferrothorn|55\/100 par\n|-damage|p2a: The BOI|24\/100|[from] ability: Iron Barbs|[of] p1a: Ferrothorn\n|move|p1a: Ferrothorn|Body Press|p2b: Bob\n|-damage|p2b: Bob|0 fnt\n|-damage|p1a: Ferrothorn|43\/100 par|[from] ability: Iron Barbs|[of] p2b: Bob\n|faint|p2b: Bob\n|\n|-heal|p2a: The BOI|30\/100|[from] item: Leftovers\n|-heal|p1a: Ferrothorn|49\/100 par|[from] item: Leftovers\n|upkeep\n|\n|t:|1698009925\n|switch|p2b: OU|Iron Valiant|100\/100\n|turn|8\n|\n|t:|1698009942\n|move|p2b: OU|Spirit Break|p1b: Ampharos\n|-damage|p1b: Ampharos|0 fnt\n|faint|p1b: Ampharos\n|-damage|p2b: OU|91\/100|[from] item: Life Orb\n|move|p2a: The BOI|Fire Punch|p1a: Ferrothorn\n|-supereffective|p1a: Ferrothorn\n|-damage|p1a: Ferrothorn|7\/100 par\n|-damage|p2a: The BOI|18\/100|[from] ability: Iron Barbs|[of] p1a: Ferrothorn\n|cant|p1a: Ferrothorn|par\n|\n|-heal|p2a: The BOI|24\/100|[from] item: Leftovers\n|-heal|p1a: Ferrothorn|13\/100 par|[from] item: Leftovers\n|upkeep\n|\n|t:|1698009960\n|switch|p1b: Dusclops|Dusclops, M|94\/100\n|-item|p2a: The BOI|Leftovers|[from] ability: Frisk|[of] p1b: Dusclops|[identify]\n|-item|p2b: OU|Life Orb|[from] ability: Frisk|[of] p1b: Dusclops|[identify]\n|turn|9\n|\n|t:|1698009979\n|move|p2b: OU|Taunt|p1b: Dusclops\n|-start|p1b: Dusclops|move: Taunt\n|move|p2a: The BOI|Fire Punch|p1a: Ferrothorn\n|-supereffective|p1a: Ferrothorn\n|-damage|p1a: Ferrothorn|0 fnt\n|-damage|p2a: The BOI|12\/100|[from] ability: Iron Barbs|[of] p1a: Ferrothorn\n|faint|p1a: Ferrothorn\n|cant|p1b: Dusclops|move: Taunt|Trick Room\n|\n|-heal|p2a: The BOI|18\/100|[from] item: Leftovers\n|upkeep\n|\n|t:|1698009985\n|switch|p1a: Rhyperior|Rhyperior, M|100\/100\n|turn|10\n|\n|t:|1698010000\n|switch|p1b: Togekiss|Togekiss, M|26\/100 tox\n|move|p2b: OU|Spirit Break|p1b: Togekiss\n|-damage|p1b: Togekiss|0 fnt\n|faint|p1b: Togekiss\n|-damage|p2b: OU|81\/100|[from] item: Life Orb\n|move|p2a: The BOI|Drain Punch|p1a: Rhyperior\n|-supereffective|p1a: Rhyperior\n|-damage|p1a: Rhyperior|65\/100\n|-heal|p2a: The BOI|35\/100|[from] drain|[of] p1a: Rhyperior\n|move|p1a: Rhyperior|Earthquake|p2b: OU|[spread] p2a,p2b\n|-end|p2a: The BOI|Substitute\n|-damage|p2b: OU|27\/100\n|\n|-heal|p2a: The BOI|41\/100|[from] item: Leftovers\n|-heal|p1a: Rhyperior|71\/100|[from] item: Leftovers\n|upkeep\n|\n|t:|1698010020\n|switch|p1b: Dusclops|Dusclops, M|94\/100\n|-item|p2a: The BOI|Leftovers|[from] ability: Frisk|[of] p1b: Dusclops|[identify]\n|-item|p2b: OU|Life Orb|[from] ability: Frisk|[of] p1b: Dusclops|[identify]\n|turn|11\n|\n|t:|1698010042\n|move|p2b: OU|Taunt|p1b: Dusclops\n|-start|p1b: Dusclops|move: Taunt\n|move|p2a: The BOI|Drain Punch|p1a: Rhyperior\n|-supereffective|p1a: Rhyperior\n|-damage|p1a: Rhyperior|38\/100\n|-heal|p2a: The BOI|57\/100|[from] drain|[of] p1a: Rhyperior\n|move|p1a: Rhyperior|Earthquake|p2b: OU|[spread] p1b,p2a,p2b\n|-damage|p1b: Dusclops|75\/100\n|-damage|p2a: The BOI|28\/100\n|-damage|p2b: OU|0 fnt\n|faint|p2b: OU\n|-end|p2b: OU|Quark Drive|[silent]\n|move|p1b: Dusclops|Night Shade|p2a: The BOI\n|-immune|p2a: The BOI\n|\n|-heal|p2a: The BOI|34\/100|[from] item: Leftovers\n|-heal|p1a: Rhyperior|44\/100|[from] item: Leftovers\n|upkeep\n|\n|t:|1698010065\n|switch|p2b: Copypasta|Vaporeon, F|34\/100\n|turn|12\n|\n|t:|1698010086\n|move|p2a: The BOI|Fire Punch|p1b: Dusclops\n|-damage|p1b: Dusclops|59\/100\n|move|p2b: Copypasta|Scald|p1a: Rhyperior\n|-supereffective|p1a: Rhyperior\n|-damage|p1a: Rhyperior|0 fnt\n|faint|p1a: Rhyperior\n|move|p1b: Dusclops|Night Shade|p2b: Copypasta\n|-damage|p2b: Copypasta|13\/100\n|\n|-heal|p2a: The BOI|40\/100|[from] item: Leftovers\n|upkeep\n|\n|t:|1698010096\n|switch|p1a: Espeon|Espeon, F|100\/100\n|turn|13\n|\n|t:|1698010105\n|move|p1a: Espeon|Psyshock|p2a: The BOI\n|-damage|p2a: The BOI|10\/100\n|move|p2a: The BOI|Thunder Wave|p1b: Dusclops\n|-status|p1b: Dusclops|par\n|move|p2b: Copypasta|Shadow Ball|p1b: Dusclops\n|-supereffective|p1b: Dusclops\n|-damage|p1b: Dusclops|23\/100 par\n|move|p1b: Dusclops|Night Shade|p2b: Copypasta\n|-damage|p2b: Copypasta|0 fnt\n|faint|p2b: Copypasta\n|\n|-heal|p2a: The BOI|16\/100|[from] item: Leftovers\n|-end|p1b: Dusclops|move: Taunt\n|upkeep\n|\n|t:|1698010121\n|switch|p2b: Has Assault Vest|Dragonite, M|100\/100\n|turn|14\n|\n|t:|1698010135\n|-terastallize|p1a: Espeon|Fire\n|move|p1a: Espeon|Tera Blast|p2a: The BOI|[anim] Tera Blast Fire\n|-damage|p2a: The BOI|0 fnt\n|faint|p2a: The BOI\n|move|p2b: Has Assault Vest|Rock Slide|p1b: Dusclops|[spread] p1a,p1b\n|-supereffective|p1a: Espeon\n|-crit|p1a: Espeon\n|-damage|p1a: Espeon|0 fnt\n|-damage|p1b: Dusclops|13\/100 par\n|faint|p1a: Espeon\n|move|p1b: Dusclops|Night Shade|p2b: Has Assault Vest\n|-damage|p2b: Has Assault Vest|75\/100\n|\n|upkeep\n|\n|t:|1698010146\n|switch|p2a: Bug|Volcarona, F|100\/100\n|turn|15\n|\n|t:|1698010166\n|move|p2a: Bug|Fiery Dance|p1b: Dusclops\n|-damage|p1b: Dusclops|0 fnt\n|faint|p1b: Dusclops\n|\n|win|imjustthatawsom\n|c|\u2606TheOfficialSlade|gg\n|c|\u2606imjustthatawsom|gg\n|l|\u2606imjustthatawsom\n|j|\u2606imjustthatawsom\n|player|p2|imjustthatawsom|2\n|l|\u2606imjustthatawsom\n|player|p2|\n","uploadtime":1698010208,"views":22,"p1id":"theofficialslade","p2id":"imjustthatawsom","formatid":"gen9nationaldexdoubles","rating":0,"private":0,"password":""}