{"id":"gen9nationaldexdoubles-1955108964","p1":"Lux2821","p2":"MunchVGC","format":"[Gen 9] National Dex Doubles","log":"|j|\u2606Lux2821\n|j|\u2606MunchVGC\n|t:|1695957369\n|gametype|doubles\n|player|p1|Lux2821|lusamine-nihilego|\n|player|p2|MunchVGC|ingo|\n|teamsize|p1|6\n|teamsize|p2|6\n|gen|9\n|tier|[Gen 9] National Dex Doubles\n|rule|HP Percentage Mod: HP is shown in percentages\n|rule|Endless Battle Clause: Forcing endless battles is banned\n|rule|OHKO Clause: OHKO moves are banned\n|rule|Evasion Moves Clause: Evasion moves are banned\n|rule|Evasion Abilities Clause: Evasion abilities are banned\n|rule|Species Clause: Limit one of each Pok\u00e9mon\n|rule|Gravity Sleep Clause: The combination of sleep-inducing moves with imperfect accuracy and Gravity or Gigantamax Orbeetle are banned\n|clearpoke\n|poke|p1|Politoed, M|\n|poke|p1|Tornadus, M|\n|poke|p1|Ludicolo, M|\n|poke|p1|Sinistcha-Masterpiece|\n|poke|p1|Rillaboom, M|\n|poke|p1|Sudowoodo, M|\n|poke|p2|Cresselia, F|\n|poke|p2|Farigiraf, M|\n|poke|p2|Snorlax, M|\n|poke|p2|Goodra-Hisui, M|\n|poke|p2|Iron Hands|\n|poke|p2|Amoonguss, M|\n|teampreview\n|inactive|Battle timer is ON: inactive players will automatically lose when time's up. (requested by Lux2821)\n|inactive|MunchVGC also wants the timer to be on.\n|c|\u2606Lux2821|glhf!\n|c|\u2606Lux2821|g2\n|inactive|Lux2821 has 270 seconds left.\n|inactive|MunchVGC has 270 seconds left.\n|c|\u2606MunchVGC|glhf\n|inactive|MunchVGC has 240 seconds left.\n|\n|t:|1695957437\n|start\n|switch|p1a: Rillaboom|Rillaboom, M|100\/100\n|switch|p1b: Sudowoodo|Sudowoodo, M|100\/100\n|switch|p2a: Lunalight|Cresselia, F, shiny|100\/100\n|switch|p2b: Ganryu|Iron Hands|100\/100\n|-fieldstart|move: Grassy Terrain|[from] ability: Grassy Surge|[of] p1a: Rillaboom\n|-enditem|p1a: Rillaboom|Grassy Seed\n|-boost|p1a: Rillaboom|def|1|[from] item: Grassy Seed\n|turn|1\n|inactive|Lux2821 has 270 seconds left.\n|\n|t:|1695957492\n|move|p1a: Rillaboom|Fake Out|p2a: Lunalight\n|-damage|p2a: Lunalight|93\/100\n|move|p2b: Ganryu|Fake Out|p1a: Rillaboom\n|-damage|p1a: Rillaboom|88\/100\n|move|p1b: Sudowoodo|Drain Punch|p2b: Ganryu\n|-damage|p2b: Ganryu|87\/100\n|cant|p2a: Lunalight|flinch\n|\n|-heal|p1a: Rillaboom|94\/100|[from] Grassy Terrain\n|-heal|p2b: Ganryu|93\/100|[from] Grassy Terrain\n|upkeep\n|turn|2\n|inactive|Lux2821 has 270 seconds left.\n|inactive|MunchVGC has 270 seconds left.\n|\n|t:|1695957539\n|move|p1a: Rillaboom|Knock Off|p2a: Lunalight\n|-supereffective|p2a: Lunalight\n|-damage|p2a: Lunalight|53\/100\n|-enditem|p2a: Lunalight|Safety Goggles|[from] move: Knock Off|[of] p1a: Rillaboom\n|move|p1b: Sudowoodo|Drain Punch|p2b: Ganryu\n|-damage|p2b: Ganryu|79\/100\n|move|p2b: Ganryu|Drain Punch|p1b: Sudowoodo\n|-supereffective|p1b: Sudowoodo\n|-crit|p1b: Sudowoodo\n|-ability|p1b: Sudowoodo|Sturdy\n|-damage|p1b: Sudowoodo|1\/100\n|-heal|p2b: Ganryu|100\/100|[from] drain|[of] p1b: Sudowoodo\n|move|p2a: Lunalight|Trick Room|p2a: Lunalight\n|-fieldstart|move: Trick Room|[of] p2a: Lunalight\n|\n|-heal|p1b: Sudowoodo|7\/100|[from] Grassy Terrain\n|-heal|p1a: Rillaboom|100\/100|[from] Grassy Terrain\n|upkeep\n|turn|3\n|inactive|MunchVGC has 270 seconds left.\n|inactive|Lux2821 has 270 seconds left.\n|\n|t:|1695957562\n|move|p1a: Rillaboom|Grassy Glide|p2a: Lunalight\n|-damage|p2a: Lunalight|33\/100\n|move|p2b: Ganryu|Ice Punch|p1a: Rillaboom\n|-supereffective|p1a: Rillaboom\n|-damage|p1a: Rillaboom|58\/100\n|move|p2a: Lunalight|Ice Beam|p1a: Rillaboom\n|-supereffective|p1a: Rillaboom\n|-damage|p1a: Rillaboom|14\/100\n|move|p1b: Sudowoodo|Drain Punch|p2b: Ganryu\n|-damage|p2b: Ganryu|87\/100\n|-heal|p1b: Sudowoodo|19\/100|[from] drain|[of] p2b: Ganryu\n|\n|-heal|p2b: Ganryu|93\/100|[from] Grassy Terrain\n|-heal|p1b: Sudowoodo|25\/100|[from] Grassy Terrain\n|-heal|p1a: Rillaboom|20\/100|[from] Grassy Terrain\n|upkeep\n|turn|4\n|\n|t:|1695957580\n|switch|p2a: 1st December|Goodra-Hisui, M|100\/100\n|move|p1a: Rillaboom|Grassy Glide|p2a: 1st December\n|-ability|p2a: 1st December|Sap Sipper|boost\n|-boost|p2a: 1st December|atk|1\n|move|p2b: Ganryu|Ice Punch|p1a: Rillaboom\n|-supereffective|p1a: Rillaboom\n|-damage|p1a: Rillaboom|0 fnt\n|faint|p1a: Rillaboom\n|move|p1b: Sudowoodo|Drain Punch|p2a: 1st December\n|-supereffective|p2a: 1st December\n|-damage|p2a: 1st December|61\/100\n|-heal|p1b: Sudowoodo|51\/100|[from] drain|[of] p2a: 1st December\n|\n|-heal|p2b: Ganryu|99\/100|[from] Grassy Terrain\n|-heal|p2a: 1st December|67\/100|[from] Grassy Terrain\n|-heal|p1b: Sudowoodo|57\/100|[from] Grassy Terrain\n|upkeep\n|inactive|Lux2821 has 270 seconds left.\n|\n|t:|1695957599\n|switch|p1a: Sinistcha|Sinistcha-Masterpiece|100\/100\n|-heal|p1b: Sudowoodo|82\/100|[from] ability: Hospitality|[of] p1a: Sinistcha\n|turn|5\n|\n|t:|1695957610\n|move|p1a: Sinistcha|Protect|p1a: Sinistcha\n|-singleturn|p1a: Sinistcha|Protect\n|move|p2b: Ganryu|Ice Punch|p1a: Sinistcha\n|-activate|p1a: Sinistcha|move: Protect\n|move|p2a: 1st December|Heavy Slam|p1b: Sudowoodo\n|-supereffective|p1b: Sudowoodo\n|-damage|p1b: Sudowoodo|0 fnt\n|faint|p1b: Sudowoodo\n|\n|-heal|p2b: Ganryu|100\/100|[from] Grassy Terrain\n|-heal|p2a: 1st December|73\/100|[from] Grassy Terrain\n|-fieldend|move: Grassy Terrain\n|upkeep\n|\n|t:|1695957622\n|switch|p1b: Politoed|Politoed, M|100\/100\n|-weather|RainDance|[from] ability: Drizzle|[of] p1b: Politoed\n|turn|6\n|\n|t:|1695957645\n|move|p1a: Sinistcha|Rage Powder|p1a: Sinistcha\n|-singleturn|p1a: Sinistcha|move: Rage Powder\n|move|p2b: Ganryu|Thunder Punch|p1a: Sinistcha\n|-resisted|p1a: Sinistcha\n|-damage|p1a: Sinistcha|77\/100\n|move|p2a: 1st December|Ice Beam|p1a: Sinistcha\n|-supereffective|p1a: Sinistcha\n|-damage|p1a: Sinistcha|5\/100\n|move|p1b: Politoed|Ice Beam|p2a: 1st December\n|-damage|p2a: 1st December|64\/100\n|\n|-weather|RainDance|[upkeep]\n|-fieldend|move: Trick Room\n|upkeep\n|turn|7\n|\n|t:|1695957664\n|move|p1b: Politoed|Helping Hand|p1a: Sinistcha\n|-singleturn|p1a: Sinistcha|Helping Hand|[of] p1b: Politoed\n|move|p1a: Sinistcha|Shadow Ball|p2b: Ganryu\n|-crit|p2b: Ganryu\n|-damage|p2b: Ganryu|42\/100\n|move|p2a: 1st December|Ice Beam|p1a: Sinistcha\n|-supereffective|p1a: Sinistcha\n|-damage|p1a: Sinistcha|0 fnt\n|faint|p1a: Sinistcha\n|move|p2b: Ganryu|Thunder Punch|p1b: Politoed\n|-supereffective|p1b: Politoed\n|-damage|p1b: Politoed|0 fnt\n|faint|p1b: Politoed\n|\n|-weather|RainDance|[upkeep]\n|upkeep\n|\n|t:|1695957673\n|switch|p1a: Ludicolo|Ludicolo, M|100\/100\n|switch|p1b: Tornadus|Tornadus, M|100\/100\n|turn|8\n|\n|t:|1695957694\n|move|p1a: Ludicolo|Substitute|p1a: Ludicolo\n|-start|p1a: Ludicolo|Substitute\n|-damage|p1a: Ludicolo|76\/100\n|move|p1b: Tornadus|Focus Blast|p2a: 1st December|[miss]\n|-miss|p1b: Tornadus|p2a: 1st December\n|move|p2a: 1st December|Heavy Slam|p1b: Tornadus\n|-damage|p1b: Tornadus|14\/100\n|move|p2b: Ganryu|Drain Punch|p1a: Ludicolo\n|-end|p1a: Ludicolo|Substitute\n|-heal|p2b: Ganryu|50\/100|[from] drain|[of] p1a: Ludicolo\n|\n|-weather|RainDance|[upkeep]\n|-heal|p1a: Ludicolo|82\/100|[from] item: Leftovers\n|upkeep\n|turn|9\n|inactive|MunchVGC has 270 seconds left.\n|\n|t:|1695957727\n|move|p1a: Ludicolo|Leech Seed|p2b: Ganryu\n|-start|p2b: Ganryu|move: Leech Seed\n|move|p1b: Tornadus|Focus Blast|p2a: 1st December|[miss]\n|-miss|p1b: Tornadus|p2a: 1st December\n|move|p2a: 1st December|Ice Beam|p1b: Tornadus\n|-supereffective|p1b: Tornadus\n|-damage|p1b: Tornadus|0 fnt\n|faint|p1b: Tornadus\n|move|p2b: Ganryu|Ice Punch|p1a: Ludicolo\n|-damage|p1a: Ludicolo|41\/100\n|\n|-weather|RainDance|[upkeep]\n|-heal|p1a: Ludicolo|47\/100|[from] item: Leftovers\n|-damage|p2b: Ganryu|38\/100|[from] Leech Seed|[of] p1a: Ludicolo\n|-heal|p1a: Ludicolo|65\/100|[silent]\n|upkeep\n|turn|10\n|\n|t:|1695957744\n|-end|p2b: Ganryu|Quark Drive|[silent]\n|switch|p2b: Raging Bolt|Farigiraf, M|100\/100\n|move|p1a: Ludicolo|Weather Ball|p2a: 1st December\n|-resisted|p2a: 1st December\n|-damage|p2a: 1st December|53\/100\n|move|p2a: 1st December|Body Press|p1a: Ludicolo\n|-crit|p1a: Ludicolo\n|-damage|p1a: Ludicolo|26\/100\n|\n|-weather|none\n|-heal|p1a: Ludicolo|32\/100|[from] item: Leftovers\n|upkeep\n|turn|11\n|c|\u2606MunchVGC|gg\n|inactive|Lux2821 has 270 seconds left.\n|inactive|Lux2821 has 240 seconds left.\n|inactive|Lux2821 has 210 seconds left.\n|c|\u2606MunchVGC|You there?\n|\n|t:|1695957861\n|move|p1a: Ludicolo|Substitute|p1a: Ludicolo\n|-start|p1a: Ludicolo|Substitute\n|-damage|p1a: Ludicolo|7\/100\n|move|p2b: Raging Bolt|Hyper Voice|p1a: Ludicolo\n|-damage|p1a: Ludicolo|0 fnt\n|faint|p1a: Ludicolo\n|\n|win|MunchVGC\n|c|\u2606Lux2821|mouse died\n|c|\u2606Lux2821|gg\n|c|\u2606MunchVGC|ah\n|c|\u2606MunchVGC|gg\n|l|\u2606Lux2821\n","uploadtime":1695957911,"views":14,"p1id":"lux2821","p2id":"munchvgc","formatid":"gen9nationaldexdoubles","rating":0,"private":0,"password":""}