{"id":"gen9nationaldexdoubles-1968509600","p1":"Rikard & Frida","p2":"Toxic Ariados","format":"[Gen 9] National Dex Doubles","log":"|j|\u2606Rikard & Frida\n|j|\u2606Toxic Ariados\n|t:|1697426485\n|gametype|doubles\n|player|p1|Rikard & Frida|youngcouple-gen4dp|1201\n|player|p2|Toxic Ariados|lucas|1499\n|teamsize|p1|6\n|teamsize|p2|6\n|gen|9\n|tier|[Gen 9] National Dex Doubles\n|rated|\n|rule|HP Percentage Mod: HP is shown in percentages\n|rule|Endless Battle Clause: Forcing endless battles is banned\n|rule|OHKO Clause: OHKO moves are banned\n|rule|Evasion Moves Clause: Evasion moves are banned\n|rule|Evasion Abilities Clause: Evasion abilities are banned\n|rule|Species Clause: Limit one of each Pok\u00e9mon\n|rule|Gravity Sleep Clause: The combination of sleep-inducing moves with imperfect accuracy and Gravity or Gigantamax Orbeetle are banned\n|clearpoke\n|poke|p1|Electivire, M|\n|poke|p1|Porygon-Z|\n|poke|p1|Sceptile, M|\n|poke|p1|Infernape, M|\n|poke|p1|Greninja-*, M|\n|poke|p1|Salamence, M|\n|poke|p2|Pelipper, M|\n|poke|p2|Swampert, M|\n|poke|p2|Iron Bundle|\n|poke|p2|Iron Leaves|\n|poke|p2|Bellibolt, F|\n|poke|p2|Kingambit, M|\n|teampreview\n|inactive|Battle timer is ON: inactive players will automatically lose when time's up. (requested by Rikard & Frida)\n|\n|t:|1697426499\n|start\n|switch|p1a: Infernape|Infernape, M|100\/100\n|switch|p1b: Salamence|Salamence, M|100\/100\n|switch|p2a: Klaus|Iron Bundle|100\/100\n|switch|p2b: Jade|Iron Leaves|100\/100\n|-ability|p1b: Salamence|Intimidate|boost\n|-unboost|p2a: Klaus|atk|1\n|-unboost|p2b: Jade|atk|1\n|-enditem|p2b: Jade|Booster Energy\n|-activate|p2b: Jade|ability: Quark Drive|[fromitem]\n|-start|p2b: Jade|quarkdrivespe\n|turn|1\n|inactive|Toxic Ariados has 120 seconds left.\n|\n|t:|1697426533\n|detailschange|p1b: Salamence|Salamence-Mega, M\n|-mega|p1b: Salamence|Salamence|Salamencite\n|move|p2b: Jade|Protect|p2b: Jade\n|-singleturn|p2b: Jade|Protect\n|move|p1a: Infernape|Fake Out|p2a: Klaus\n|-damage|p2a: Klaus|78\/100\n|-damage|p1a: Infernape|91\/100|[from] item: Life Orb\n|cant|p2a: Klaus|flinch\n|move|p1b: Salamence|Dragon Dance|p1b: Salamence\n|-boost|p1b: Salamence|atk|1\n|-boost|p1b: Salamence|spe|1\n|\n|upkeep\n|turn|2\n|\n|t:|1697426552\n|move|p2a: Klaus|Protect|p2a: Klaus\n|-singleturn|p2a: Klaus|Protect\n|move|p1b: Salamence|Double-Edge|p2a: Klaus\n|-activate|p2a: Klaus|move: Protect\n|move|p2b: Jade|Psyblade|p1a: Infernape\n|-supereffective|p1a: Infernape\n|-damage|p1a: Infernape|2\/100\n|move|p1a: Infernape|Flare Blitz|p2b: Jade\n|-supereffective|p2b: Jade\n|-damage|p2b: Jade|0 fnt\n|faint|p2b: Jade\n|-end|p2b: Jade|Quark Drive|[silent]\n|-damage|p1a: Infernape|0 fnt|[from] Recoil\n|faint|p1a: Infernape\n|\n|upkeep\n|\n|t:|1697426565\n|switch|p2b: Maelstrom|Pelipper, M|100\/100\n|switch|p1a: Porygon-Z|Porygon-Z|100\/100\n|-weather|RainDance|[from] ability: Drizzle|[of] p2b: Maelstrom\n|turn|3\n|\n|t:|1697426572\n|move|p1b: Salamence|Double-Edge|p2a: Klaus\n|-damage|p2a: Klaus|0 fnt\n|faint|p2a: Klaus\n|-end|p2a: Klaus|Quark Drive|[silent]\n|-damage|p1b: Salamence|81\/100|[from] Recoil\n|-zpower|p1a: Porygon-Z\n|move|p1a: Porygon-Z|Z-Conversion||[anim]Conversion|[still]\n|-boost|p1a: Porygon-Z|atk|1|[zeffect]\n|-boost|p1a: Porygon-Z|def|1|[zeffect]\n|-boost|p1a: Porygon-Z|spa|1|[zeffect]\n|-boost|p1a: Porygon-Z|spd|1|[zeffect]\n|-boost|p1a: Porygon-Z|spe|1|[zeffect]\n|-fail|p1a: Porygon-Z\n|move|p2b: Maelstrom|Scald|p1b: Salamence\n|-resisted|p1b: Salamence\n|-damage|p1b: Salamence|58\/100\n|-status|p1b: Salamence|brn\n|\n|-weather|RainDance|[upkeep]\n|-damage|p1b: Salamence|52\/100 brn|[from] brn\n|upkeep\n|\n|t:|1697426581\n|switch|p2a: Mudraiser|Swampert, M|100\/100\n|turn|4\n|\n|t:|1697426594\n|detailschange|p2a: Mudraiser|Swampert-Mega, M\n|-mega|p2a: Mudraiser|Swampert|Swampertite\n|move|p1b: Salamence|Double-Edge|p2a: Mudraiser\n|-damage|p2a: Mudraiser|41\/100\n|-damage|p1b: Salamence|32\/100 brn|[from] Recoil\n|move|p2a: Mudraiser|Flip Turn|p1a: Porygon-Z\n|-damage|p1a: Porygon-Z|41\/100\n|\n|t:|1697426601\n|switch|p2a: Plasma|Bellibolt, F|100\/100|[from] Flip Turn\n|move|p1a: Porygon-Z|Tri Attack|p2a: Plasma\n|-damage|p2a: Plasma|16\/100\n|-start|p2a: Plasma|Charge|Tri Attack|[from] ability: Electromorphosis\n|move|p2b: Maelstrom|Hurricane|p1a: Porygon-Z\n|-damage|p1a: Porygon-Z|7\/100\n|-start|p1a: Porygon-Z|confusion\n|\n|-weather|RainDance|[upkeep]\n|-damage|p1b: Salamence|25\/100 brn|[from] brn\n|upkeep\n|turn|5\n|\n|t:|1697426613\n|move|p1b: Salamence|Double-Edge|p2a: Plasma\n|-resisted|p2a: Plasma\n|-damage|p2a: Plasma|0 fnt\n|faint|p2a: Plasma\n|-damage|p1b: Salamence|19\/100 brn|[from] Recoil\n|-activate|p1a: Porygon-Z|confusion\n|move|p1a: Porygon-Z|Tri Attack|p2b: Maelstrom\n|-damage|p2b: Maelstrom|10\/100\n|move|p2b: Maelstrom|Hurricane|p1b: Salamence\n|-damage|p1b: Salamence|0 fnt\n|faint|p1b: Salamence\n|\n|-weather|RainDance|[upkeep]\n|upkeep\n|\n|t:|1697426624\n|switch|p1b: Greninja|Greninja, M|100\/100\n|switch|p2a: Mudraiser|Swampert-Mega, M|41\/100\n|turn|6\n|\n|t:|1697426628\n|switch|p2b: Shogun|Kingambit, M|100\/100\n|-activate|p2b: Shogun|ability: Supreme Overlord\n|-start|p2b: Shogun|fallen3|[silent]\n|-terastallize|p1b: Greninja|Water\n|move|p1b: Greninja|Water Shuriken|p2a: Mudraiser\n|-damage|p2a: Mudraiser|27\/100\n|-damage|p2a: Mudraiser|13\/100\n|-damage|p2a: Mudraiser|0 fnt\n|faint|p2a: Mudraiser\n|-ability|p1b: Greninja|Battle Bond|boost\n|-boost|p1b: Greninja|atk|1\n|-boost|p1b: Greninja|spa|1\n|-boost|p1b: Greninja|spe|1\n|-activate|p1b: Greninja|ability: Battle Bond\n|-hitcount|p2: Mudraiser|3\n|-end|p1a: Porygon-Z|confusion\n|move|p1a: Porygon-Z|Tri Attack|p2b: Shogun\n|-resisted|p2b: Shogun\n|-damage|p2b: Shogun|61\/100\n|\n|-weather|RainDance|[upkeep]\n|upkeep\n|\n|t:|1697426637\n|switch|p2a: Maelstrom|Pelipper, M|10\/100\n|turn|7\n|\n|t:|1697426660\n|move|p1b: Greninja|Water Shuriken|p2b: Shogun\n|-damage|p2b: Shogun|38\/100\n|-damage|p2b: Shogun|17\/100\n|-damage|p2b: Shogun|0 fnt\n|faint|p2b: Shogun\n|-end|p2b: Shogun|fallen3|[silent]\n|-hitcount|p2: Shogun|3\n|move|p1a: Porygon-Z|Tri Attack|p2a: Maelstrom\n|-damage|p2a: Maelstrom|0 fnt\n|faint|p2a: Maelstrom\n|\n|win|Rikard & Frida\n|raw|Rikard &amp; Frida's rating: 1201 &rarr; <strong>1243<\/strong><br \/>(+42 for winning)\n|raw|Toxic Ariados's rating: 1499 &rarr; <strong>1465<\/strong><br \/>(-34 for losing)\n|c|\u2606Toxic Ariados|gg\n|c|\u2606Rikard & Frida|gg\n|l|\u2606Toxic Ariados\n","uploadtime":1697426670,"views":5,"p1id":"rikardfrida","p2id":"toxicariados","formatid":"gen9nationaldexdoubles","rating":1243,"private":0,"password":""}