{"id":"gen9nationaldexdoubles-1964843977","p1":"lemonjohn","p2":"sufubi","format":"[Gen 9] National Dex Doubles","log":"|j|\u2606lemonjohn\n|j|\u2606sufubi\n|t:|1697017330\n|gametype|doubles\n|player|p1|lemonjohn|tuberf|1342\n|player|p2|sufubi|iris-gen5bw2|1327\n|teamsize|p1|6\n|teamsize|p2|6\n|gen|9\n|tier|[Gen 9] National Dex Doubles\n|rated|\n|rule|HP Percentage Mod: HP is shown in percentages\n|rule|Endless Battle Clause: Forcing endless battles is banned\n|rule|OHKO Clause: OHKO moves are banned\n|rule|Evasion Moves Clause: Evasion moves are banned\n|rule|Evasion Abilities Clause: Evasion abilities are banned\n|rule|Species Clause: Limit one of each Pok\u00e9mon\n|rule|Gravity Sleep Clause: The combination of sleep-inducing moves with imperfect accuracy and Gravity or Gigantamax Orbeetle are banned\n|clearpoke\n|poke|p1|Venusaur, M|\n|poke|p1|Charizard, F|\n|poke|p1|Hitmontop, M|\n|poke|p1|Torkoal, M|\n|poke|p1|Whimsicott, M|\n|poke|p1|Walking Wake|\n|poke|p2|Oranguru, F|\n|poke|p2|Cresselia, F|\n|poke|p2|Torkoal, M|\n|poke|p2|Heatran, M|\n|poke|p2|Iron Hands|\n|poke|p2|Amoonguss, F|\n|teampreview\n|inactive|Battle timer is ON: inactive players will automatically lose when time's up. (requested by lemonjohn)\n|\n|t:|1697017359\n|start\n|switch|p1a: Walking Wake|Walking Wake|100\/100\n|switch|p1b: Whimsicott|Whimsicott, M|100\/100\n|switch|p2a: Iron Hands|Iron Hands|100\/100\n|switch|p2b: Heatran|Heatran, M|100\/100\n|-enditem|p2a: Iron Hands|Booster Energy\n|-activate|p2a: Iron Hands|ability: Quark Drive|[fromitem]\n|-start|p2a: Iron Hands|quarkdriveatk\n|turn|1\n|\n|t:|1697017380\n|-terastallize|p2b: Heatran|Grass\n|move|p1a: Walking Wake|Protect|p1a: Walking Wake\n|-singleturn|p1a: Walking Wake|Protect\n|move|p2a: Iron Hands|Fake Out|p1a: Walking Wake\n|-activate|p1a: Walking Wake|move: Protect\n|move|p1b: Whimsicott|Fake Tears|p2b: Heatran\n|-unboost|p2b: Heatran|spd|2\n|move|p2b: Heatran|Tera Blast|p1a: Walking Wake|[anim] Tera Blast Grass\n|-activate|p1a: Walking Wake|move: Protect\n|\n|upkeep\n|turn|2\n|\n|t:|1697017392\n|switch|p2b: Amoonguss|Amoonguss, F|100\/100\n|move|p1b: Whimsicott|Encore|p2a: Iron Hands\n|-start|p2a: Iron Hands|Encore\n|move|p1a: Walking Wake|Draco Meteor|p2b: Amoonguss\n|-damage|p2b: Amoonguss|61\/100\n|-unboost|p1a: Walking Wake|spa|2\n|-enditem|p1a: Walking Wake|White Herb\n|-clearnegativeboost|p1a: Walking Wake|[silent]\n|move|p2a: Iron Hands|Fake Out||[still]\n|-hint|Fake Out only works on your first turn out.\n|-fail|p2a: Iron Hands\n|\n|upkeep\n|turn|3\n|\n|t:|1697017407\n|-end|p2a: Iron Hands|Quark Drive|[silent]\n|switch|p2a: Heatran|Heatran, M, tera:Grass|100\/100\n|move|p2b: Amoonguss|Rage Powder|p2b: Amoonguss\n|-singleturn|p2b: Amoonguss|move: Rage Powder\n|move|p1b: Whimsicott|Sunny Day|p1b: Whimsicott\n|-weather|SunnyDay\n|-activate|p1a: Walking Wake|ability: Protosynthesis\n|-start|p1a: Walking Wake|protosynthesisspa\n|move|p1a: Walking Wake|Weather Ball|p2b: Amoonguss\n|-supereffective|p2b: Amoonguss\n|-damage|p2b: Amoonguss|0 fnt\n|faint|p2b: Amoonguss\n|\n|-weather|SunnyDay|[upkeep]\n|upkeep\n|\n|t:|1697017415\n|switch|p2b: Iron Hands|Iron Hands|100\/100\n|turn|4\n|\n|t:|1697017419\n|move|p1a: Walking Wake|Protect|p1a: Walking Wake\n|-singleturn|p1a: Walking Wake|Protect\n|move|p2b: Iron Hands|Fake Out|p1b: Whimsicott\n|-damage|p1b: Whimsicott|88\/100\n|cant|p1b: Whimsicott|flinch\n|move|p2a: Heatran|Eruption|p1a: Walking Wake|[spread] p1b\n|-activate|p1a: Walking Wake|move: Protect\n|-supereffective|p1b: Whimsicott\n|-damage|p1b: Whimsicott|0 fnt\n|faint|p1b: Whimsicott\n|\n|-weather|SunnyDay|[upkeep]\n|upkeep\n|\n|t:|1697017425\n|switch|p1b: Hitmontop|Hitmontop, M|100\/100\n|-ability|p1b: Hitmontop|Intimidate|boost\n|-unboost|p2a: Heatran|atk|1\n|-unboost|p2b: Iron Hands|atk|1\n|turn|5\n|\n|t:|1697017442\n|move|p1b: Hitmontop|Wide Guard|p1b: Hitmontop\n|-singleturn|p1b: Hitmontop|Wide Guard\n|move|p1a: Walking Wake|Hydro Steam|p2b: Iron Hands\n|-damage|p2b: Iron Hands|40\/100\n|move|p2a: Heatran|Eruption|p1b: Hitmontop|[spread] \n|-activate|p1a: Walking Wake|move: Wide Guard\n|-activate|p1b: Hitmontop|move: Wide Guard\n|move|p2b: Iron Hands|Volt Switch|p1a: Walking Wake\n|-damage|p1a: Walking Wake|84\/100\n|\n|t:|1697017449\n|-end|p2b: Iron Hands|Quark Drive|[silent]\n|switch|p2b: Oranguru|Oranguru, F|100\/100|[from] Volt Switch\n|\n|-weather|SunnyDay|[upkeep]\n|upkeep\n|turn|6\n|\n|t:|1697017459\n|move|p1a: Walking Wake|Draco Meteor|p2b: Oranguru\n|-damage|p2b: Oranguru|45\/100\n|-unboost|p1a: Walking Wake|spa|2\n|move|p1b: Hitmontop|Close Combat|p2b: Oranguru\n|-damage|p2b: Oranguru|6\/100\n|-unboost|p1b: Hitmontop|def|1\n|-unboost|p1b: Hitmontop|spd|1\n|move|p2a: Heatran|Fire Blast|p1b: Hitmontop\n|-damage|p1b: Hitmontop|0 fnt\n|faint|p1b: Hitmontop\n|move|p2b: Oranguru|Trick Room|p2b: Oranguru\n|-fieldstart|move: Trick Room|[of] p2b: Oranguru\n|\n|-weather|SunnyDay|[upkeep]\n|upkeep\n|\n|t:|1697017474\n|switch|p1b: Torkoal|Torkoal, M|100\/100\n|turn|7\n|\n|t:|1697017490\n|move|p1b: Torkoal|Protect|p1b: Torkoal\n|-singleturn|p1b: Torkoal|Protect\n|move|p1a: Walking Wake|Protect|p1a: Walking Wake\n|-singleturn|p1a: Walking Wake|Protect\n|move|p2b: Oranguru|Psychic|p1b: Torkoal\n|-activate|p1b: Torkoal|move: Protect\n|move|p2a: Heatran|Earth Power|p1b: Torkoal\n|-activate|p1b: Torkoal|move: Protect\n|\n|-weather|none\n|-end|p1a: Walking Wake|Protosynthesis\n|upkeep\n|turn|8\n|\n|t:|1697017500\n|switch|p1b: Venusaur|Venusaur, M|100\/100\n|move|p2b: Oranguru|Encore||[still]\n|-fail|p2b: Oranguru\n|move|p2a: Heatran|Earth Power|p1b: Venusaur\n|-damage|p1b: Venusaur|64\/100\n|move|p1a: Walking Wake|Draco Meteor|p2a: Heatran\n|-damage|p2a: Heatran|73\/100\n|-unboost|p1a: Walking Wake|spa|2\n|\n|-heal|p2a: Heatran|80\/100|[from] item: Leftovers\n|upkeep\n|turn|9\n|\n|t:|1697017508\n|switch|p2b: Torkoal|Torkoal, M|100\/100\n|-weather|SunnyDay|[from] ability: Drought|[of] p2b: Torkoal\n|-activate|p1a: Walking Wake|ability: Protosynthesis\n|-start|p1a: Walking Wake|protosynthesisspe\n|move|p1b: Venusaur|Protect|p1b: Venusaur\n|-singleturn|p1b: Venusaur|Protect\n|move|p1a: Walking Wake|Protect|p1a: Walking Wake\n|-singleturn|p1a: Walking Wake|Protect\n|move|p2a: Heatran|Eruption|p1a: Walking Wake|[spread] \n|-activate|p1a: Walking Wake|move: Protect\n|-activate|p1b: Venusaur|move: Protect\n|\n|-weather|SunnyDay|[upkeep]\n|-heal|p2a: Heatran|86\/100|[from] item: Leftovers\n|upkeep\n|turn|10\n|\n|t:|1697017532\n|-end|p1a: Walking Wake|Protosynthesis|[silent]\n|switch|p1a: Torkoal|Torkoal, M|100\/100\n|move|p1b: Venusaur|Protect||[still]\n|-fail|p1b: Venusaur\n|move|p2b: Torkoal|Eruption|p1a: Torkoal|[spread] p1a,p1b\n|-resisted|p1a: Torkoal\n|-supereffective|p1b: Venusaur\n|-damage|p1a: Torkoal|39\/100\n|-damage|p1b: Venusaur|0 fnt\n|faint|p1b: Venusaur\n|move|p2a: Heatran|Eruption|p1a: Torkoal\n|-resisted|p1a: Torkoal\n|-damage|p1a: Torkoal|0 fnt\n|faint|p1a: Torkoal\n|\n|-weather|SunnyDay|[upkeep]\n|-heal|p2a: Heatran|92\/100|[from] item: Leftovers\n|-fieldend|move: Trick Room\n|upkeep\n|\n|t:|1697017534\n|switch|p1b: Walking Wake|Walking Wake|84\/100\n|switch|p1a: Charizard|Charizard, F|100\/100\n|-activate|p1b: Walking Wake|ability: Protosynthesis\n|-start|p1b: Walking Wake|protosynthesisspa\n|turn|11\n|\n|t:|1697017547\n|move|p1b: Walking Wake|Hydro Steam|p2b: Torkoal\n|-supereffective|p2b: Torkoal\n|-damage|p2b: Torkoal|0 fnt\n|faint|p2b: Torkoal\n|move|p1a: Charizard|Air Slash|p2a: Heatran\n|-supereffective|p2a: Heatran\n|-damage|p2a: Heatran|7\/100\n|move|p2a: Heatran|Tera Blast|p1b: Walking Wake|[anim] Tera Blast Grass\n|-damage|p1b: Walking Wake|26\/100\n|\n|-weather|SunnyDay|[upkeep]\n|-damage|p1a: Charizard|88\/100|[from] ability: Solar Power|[of] p1a: Charizard\n|-heal|p2a: Heatran|14\/100|[from] item: Leftovers\n|upkeep\n|\n|t:|1697017554\n|switch|p2b: Iron Hands|Iron Hands|40\/100\n|turn|12\n|\n|t:|1697017571\n|move|p1b: Walking Wake|Protect|p1b: Walking Wake\n|-singleturn|p1b: Walking Wake|Protect\n|move|p1a: Charizard|Protect|p1a: Charizard\n|-singleturn|p1a: Charizard|Protect\n|move|p2b: Iron Hands|Fake Out|p1a: Charizard\n|-activate|p1a: Charizard|move: Protect\n|move|p2a: Heatran|Fire Blast|p1a: Charizard\n|-activate|p1a: Charizard|move: Protect\n|\n|-weather|SunnyDay|[upkeep]\n|-damage|p1a: Charizard|76\/100|[from] ability: Solar Power|[of] p1a: Charizard\n|-heal|p2a: Heatran|20\/100|[from] item: Leftovers\n|upkeep\n|turn|13\n|\n|t:|1697017584\n|switch|p2a: Oranguru|Oranguru, F|6\/100\n|move|p1b: Walking Wake|Hydro Steam|p2a: Oranguru\n|-damage|p2a: Oranguru|0 fnt\n|faint|p2a: Oranguru\n|move|p1a: Charizard|Scorching Sands|p2b: Iron Hands\n|-supereffective|p2b: Iron Hands\n|-damage|p2b: Iron Hands|0 fnt\n|faint|p2b: Iron Hands\n|-end|p2b: Iron Hands|Quark Drive|[silent]\n|\n|-weather|none\n|-end|p1b: Walking Wake|Protosynthesis\n|upkeep\n|\n|t:|1697017589\n|switch|p2a: Cresselia|Cresselia, F|100\/100\n|switch|p2b: Heatran|Heatran, M, tera:Grass|20\/100\n|turn|14\n|\n|t:|1697017602\n|-terastallize|p1b: Walking Wake|Fire\n|move|p1b: Walking Wake|Hydro Steam|p2a: Cresselia\n|-damage|p2a: Cresselia|76\/100\n|move|p1a: Charizard|Air Slash|p2b: Heatran\n|-supereffective|p2b: Heatran\n|-damage|p2b: Heatran|0 fnt\n|faint|p2b: Heatran\n|move|p2a: Cresselia|Calm Mind|p2a: Cresselia\n|-boost|p2a: Cresselia|spa|1\n|-boost|p2a: Cresselia|spd|1\n|\n|-heal|p2a: Cresselia|82\/100|[from] item: Leftovers\n|upkeep\n|turn|15\n|\n|t:|1697017614\n|move|p1b: Walking Wake|Hydro Steam|p2a: Cresselia\n|-damage|p2a: Cresselia|66\/100\n|move|p1a: Charizard|Air Slash|p2a: Cresselia\n|-damage|p2a: Cresselia|53\/100\n|move|p2a: Cresselia|Calm Mind|p2a: Cresselia\n|-boost|p2a: Cresselia|spa|1\n|-boost|p2a: Cresselia|spd|1\n|\n|-heal|p2a: Cresselia|60\/100|[from] item: Leftovers\n|upkeep\n|turn|16\n|\n|t:|1697017620\n|move|p1b: Walking Wake|Hydro Steam|p2a: Cresselia\n|-damage|p2a: Cresselia|47\/100\n|move|p1a: Charizard|Air Slash|p2a: Cresselia\n|-crit|p2a: Cresselia\n|-damage|p2a: Cresselia|17\/100\n|cant|p2a: Cresselia|flinch\n|\n|-heal|p2a: Cresselia|23\/100|[from] item: Leftovers\n|upkeep\n|turn|17\n|c|\u2606sufubi|so luck\n|\n|t:|1697017634\n|move|p1b: Walking Wake|Hydro Steam|p2a: Cresselia\n|-damage|p2a: Cresselia|12\/100\n|move|p1a: Charizard|Air Slash|p2a: Cresselia\n|-damage|p2a: Cresselia|2\/100\n|move|p2a: Cresselia|Lunar Blessing|p2a: Cresselia\n|-heal|p2a: Cresselia|27\/100\n|\n|-heal|p2a: Cresselia|33\/100|[from] item: Leftovers\n|upkeep\n|turn|18\n|\n|t:|1697017642\n|move|p1b: Walking Wake|Hydro Steam|p2a: Cresselia\n|-damage|p2a: Cresselia|21\/100\n|move|p1a: Charizard|Air Slash|p2a: Cresselia\n|-damage|p2a: Cresselia|11\/100\n|move|p2a: Cresselia|Lunar Blessing|p2a: Cresselia\n|-heal|p2a: Cresselia|36\/100\n|\n|-heal|p2a: Cresselia|42\/100|[from] item: Leftovers\n|upkeep\n|turn|19\n|\n|t:|1697017648\n|move|p1b: Walking Wake|Hydro Steam|p2a: Cresselia\n|-damage|p2a: Cresselia|30\/100\n|move|p1a: Charizard|Air Slash|p2a: Cresselia\n|-damage|p2a: Cresselia|19\/100\n|move|p2a: Cresselia|Lunar Blessing|p2a: Cresselia\n|-heal|p2a: Cresselia|44\/100\n|\n|-heal|p2a: Cresselia|50\/100|[from] item: Leftovers\n|upkeep\n|turn|20\n|\n|t:|1697017652\n|move|p1b: Walking Wake|Hydro Steam|p2a: Cresselia\n|-damage|p2a: Cresselia|38\/100\n|move|p1a: Charizard|Air Slash|p2a: Cresselia\n|-damage|p2a: Cresselia|28\/100\n|move|p2a: Cresselia|Calm Mind|p2a: Cresselia\n|-boost|p2a: Cresselia|spa|1\n|-boost|p2a: Cresselia|spd|1\n|\n|-heal|p2a: Cresselia|35\/100|[from] item: Leftovers\n|upkeep\n|turn|21\n|\n|t:|1697017656\n|move|p1b: Walking Wake|Hydro Steam|p2a: Cresselia\n|-damage|p2a: Cresselia|25\/100\n|move|p1a: Charizard|Air Slash|p2a: Cresselia\n|-damage|p2a: Cresselia|16\/100\n|move|p2a: Cresselia|Lunar Blessing|p2a: Cresselia\n|-heal|p2a: Cresselia|41\/100\n|\n|-heal|p2a: Cresselia|47\/100|[from] item: Leftovers\n|upkeep\n|turn|22\n|\n|t:|1697017660\n|move|p1b: Walking Wake|Hydro Steam|p2a: Cresselia\n|-damage|p2a: Cresselia|37\/100\n|move|p1a: Charizard|Air Slash|p2a: Cresselia\n|-crit|p2a: Cresselia\n|-damage|p2a: Cresselia|9\/100\n|move|p2a: Cresselia|Calm Mind|p2a: Cresselia\n|-boost|p2a: Cresselia|spa|1\n|-boost|p2a: Cresselia|spd|1\n|\n|-heal|p2a: Cresselia|15\/100|[from] item: Leftovers\n|upkeep\n|turn|23\n|\n|t:|1697017663\n|move|p1b: Walking Wake|Hydro Steam|p2a: Cresselia\n|-damage|p2a: Cresselia|7\/100\n|move|p1a: Charizard|Air Slash|p2a: Cresselia\n|-damage|p2a: Cresselia|0 fnt\n|faint|p2a: Cresselia\n|\n|win|lemonjohn\n|raw|lemonjohn's rating: 1342 &rarr; <strong>1361<\/strong><br \/>(+19 for winning)\n|raw|sufubi's rating: 1327 &rarr; <strong>1308<\/strong><br \/>(-19 for losing)\n|l|\u2606sufubi\n","uploadtime":1697017672,"views":14,"p1id":"lemonjohn","p2id":"sufubi","formatid":"gen9nationaldexdoubles","rating":1308,"private":0,"password":""}