{"id":"gen9nationaldexdoubles-1950744468","p1":"Rey_The_Savage","p2":"Aquiley","format":"[Gen 9] National Dex Doubles","log":"|j|\u2606Rey_The_Savage\n|j|\u2606Aquiley\n|t:|1695501837\n|gametype|doubles\n|player|p1|Rey_The_Savage|ethan|1133\n|player|p2|Aquiley|hilbert|1122\n|teamsize|p1|6\n|teamsize|p2|6\n|gen|9\n|tier|[Gen 9] National Dex Doubles\n|rated|\n|rule|HP Percentage Mod: HP is shown in percentages\n|rule|Endless Battle Clause: Forcing endless battles is banned\n|rule|OHKO Clause: OHKO moves are banned\n|rule|Evasion Moves Clause: Evasion moves are banned\n|rule|Evasion Abilities Clause: Evasion abilities are banned\n|rule|Species Clause: Limit one of each Pok\u00e9mon\n|rule|Gravity Sleep Clause: The combination of sleep-inducing moves with imperfect accuracy and Gravity or Gigantamax Orbeetle are banned\n|clearpoke\n|poke|p1|Ogerpon-Cornerstone, F|\n|poke|p1|Tyranitar, M|\n|poke|p1|Alcremie, F|\n|poke|p1|Arcanine-Hisui, F|\n|poke|p1|Archeops, M|\n|poke|p1|Ursaluna-Bloodmoon, M|\n|poke|p2|Cinderace, F|\n|poke|p2|Swampert, M|\n|poke|p2|Amoonguss, F|\n|poke|p2|Beedrill, M|\n|poke|p2|Tapu Koko|\n|poke|p2|Aegislash, M|\n|teampreview\n|inactive|Battle timer is ON: inactive players will automatically lose when time's up. (requested by Rey_The_Savage)\n|\n|t:|1695501859\n|start\n|switch|p1a: Alcremie|Alcremie, F, shiny|100\/100\n|switch|p1b: Tyranitar|Tyranitar, M|100\/100\n|switch|p2a: Amoonguss|Amoonguss, F|100\/100\n|switch|p2b: Tapu Koko|Tapu Koko|100\/100\n|-fieldstart|move: Electric Terrain|[from] ability: Electric Surge|[of] p2b: Tapu Koko\n|-weather|Sandstorm|[from] ability: Sand Stream|[of] p1b: Tyranitar\n|turn|1\n|\n|t:|1695501871\n|-terastallize|p1b: Tyranitar|Rock\n|move|p2a: Amoonguss|Rage Powder|p2a: Amoonguss\n|-singleturn|p2a: Amoonguss|move: Rage Powder\n|move|p2b: Tapu Koko|Iron Head|p1a: Alcremie\n|-supereffective|p1a: Alcremie\n|-damage|p1a: Alcremie|68\/100\n|move|p1b: Tyranitar|Tera Blast|p2a: Amoonguss|[anim] Tera Blast Rock\n|-damage|p2a: Amoonguss|30\/100\n|move|p1a: Alcremie|Substitute|p1a: Alcremie\n|-start|p1a: Alcremie|Substitute\n|-damage|p1a: Alcremie|43\/100\n|\n|-weather|Sandstorm|[upkeep]\n|-damage|p2b: Tapu Koko|94\/100|[from] Sandstorm\n|-damage|p2a: Amoonguss|23\/100|[from] Sandstorm\n|-enditem|p2a: Amoonguss|Aguav Berry|[eat]\n|-heal|p2a: Amoonguss|57\/100|[from] item: Aguav Berry\n|-heal|p2b: Tapu Koko|100\/100|[from] item: Leftovers\n|upkeep\n|turn|2\n|\n|t:|1695501897\n|-terastallize|p2b: Tapu Koko|Flying\n|move|p2b: Tapu Koko|Iron Head|p1a: Alcremie\n|-supereffective|p1a: Alcremie\n|-end|p1a: Alcremie|Substitute\n|move|p1b: Tyranitar|Ice Punch|p2a: Amoonguss\n|-supereffective|p2a: Amoonguss\n|-damage|p2a: Amoonguss|0 fnt\n|faint|p2a: Amoonguss\n|move|p1a: Alcremie|Decorate|p1b: Tyranitar\n|-boost|p1b: Tyranitar|atk|2\n|-boost|p1b: Tyranitar|spa|2\n|\n|-weather|Sandstorm|[upkeep]\n|-damage|p2b: Tapu Koko|94\/100|[from] Sandstorm\n|-heal|p2b: Tapu Koko|100\/100|[from] item: Leftovers\n|upkeep\n|inactive|Aquiley has 120 seconds left.\n|\n|t:|1695501908\n|switch|p2a: Swampert|Swampert, M|100\/100\n|turn|3\n|\n|t:|1695501921\n|move|p1a: Alcremie|Protect|p1a: Alcremie\n|-singleturn|p1a: Alcremie|Protect\n|move|p2b: Tapu Koko|Volt Switch|p1a: Alcremie\n|-activate|p1a: Alcremie|move: Protect\n|move|p1b: Tyranitar|Tera Blast|p2b: Tapu Koko|[anim] Tera Blast Rock\n|-supereffective|p2b: Tapu Koko\n|-damage|p2b: Tapu Koko|0 fnt\n|faint|p2b: Tapu Koko\n|move|p2a: Swampert|Earthquake|p1b: Tyranitar|[spread] p1b\n|-activate|p1a: Alcremie|move: Protect\n|-supereffective|p1b: Tyranitar\n|-damage|p1b: Tyranitar|56\/100\n|\n|-weather|Sandstorm|[upkeep]\n|upkeep\n|\n|t:|1695501929\n|switch|p2b: Aegislash|Aegislash, M, shiny|100\/100\n|turn|4\n|\n|t:|1695501951\n|move|p1b: Tyranitar|Crunch|p2b: Aegislash\n|-supereffective|p2b: Aegislash\n|-damage|p2b: Aegislash|0 fnt\n|faint|p2b: Aegislash\n|move|p1a: Alcremie|Substitute|p1a: Alcremie\n|-start|p1a: Alcremie|Substitute\n|-damage|p1a: Alcremie|18\/100\n|move|p2a: Swampert|Earthquake|p1a: Alcremie|[spread] p1a,p1b\n|-end|p1a: Alcremie|Substitute\n|-supereffective|p1b: Tyranitar\n|-damage|p1b: Tyranitar|11\/100\n|\n|-weather|Sandstorm|[upkeep]\n|upkeep\n|\n|t:|1695501964\n|switch|p2b: Beedrill|Beedrill, M|100\/100\n|turn|5\n|\n|t:|1695501981\n|detailschange|p2b: Beedrill|Beedrill-Mega, M\n|-mega|p2b: Beedrill|Beedrill|Beedrillite\n|move|p1a: Alcremie|Protect|p1a: Alcremie\n|-singleturn|p1a: Alcremie|Protect\n|move|p2b: Beedrill|U-turn|p1a: Alcremie\n|-activate|p1a: Alcremie|move: Protect\n|move|p1b: Tyranitar|Tera Blast|p2b: Beedrill|[anim] Tera Blast Rock\n|-supereffective|p2b: Beedrill\n|-damage|p2b: Beedrill|0 fnt\n|faint|p2b: Beedrill\n|move|p2a: Swampert|Earthquake|p1b: Tyranitar|[spread] p1b\n|-activate|p1a: Alcremie|move: Protect\n|-supereffective|p1b: Tyranitar\n|-damage|p1b: Tyranitar|0 fnt\n|faint|p1b: Tyranitar\n|\n|-weather|none\n|-fieldend|move: Electric Terrain\n|upkeep\n|\n|t:|1695502006\n|switch|p2b: Cinderace|Cinderace, F, shiny|100\/100\n|switch|p1b: Ogerpon|Ogerpon-Cornerstone, F|100\/100\n|turn|6\n|\n|t:|1695502020\n|move|p1b: Ogerpon|Spiky Shield|p1b: Ogerpon\n|-singleturn|p1b: Ogerpon|move: Protect\n|move|p2b: Cinderace|Acrobatics|p1b: Ogerpon\n|-start|p2b: Cinderace|typechange|Flying|[from] ability: Libero\n|-activate|p1b: Ogerpon|move: Protect\n|-damage|p2b: Cinderace|88\/100|[from] Spiky Shield|[of] p1b: Ogerpon\n|move|p1a: Alcremie|Decorate|p1b: Ogerpon\n|-boost|p1b: Ogerpon|atk|2\n|-boost|p1b: Ogerpon|spa|2\n|move|p2a: Swampert|Earthquake|p1b: Ogerpon|[spread] p1a\n|-activate|p1b: Ogerpon|move: Protect\n|-immune|p2b: Cinderace\n|-damage|p1a: Alcremie|0 fnt\n|faint|p1a: Alcremie\n|\n|upkeep\n|\n|t:|1695502036\n|switch|p1a: Arcanine|Arcanine-Hisui, F|100\/100\n|-ability|p1a: Arcanine|Intimidate|boost\n|-unboost|p2a: Swampert|atk|1\n|-unboost|p2b: Cinderace|atk|1\n|turn|7\n|\n|t:|1695502048\n|move|p2b: Cinderace|Acrobatics|p1b: Ogerpon\n|-damage|p1b: Ogerpon|68\/100\n|move|p1b: Ogerpon|Ivy Cudgel|p2b: Cinderace\n|-supereffective|p2b: Cinderace\n|-damage|p2b: Cinderace|0 fnt\n|faint|p2b: Cinderace\n|move|p1a: Arcanine|Sandstorm|p1a: Arcanine\n|-weather|Sandstorm\n|move|p2a: Swampert|Earthquake|p1a: Arcanine|[spread] p1a,p1b\n|-supereffective|p1a: Arcanine\n|-damage|p1a: Arcanine|27\/100\n|-damage|p1b: Ogerpon|48\/100\n|\n|-weather|Sandstorm|[upkeep]\n|-heal|p1a: Arcanine|33\/100|[from] item: Leftovers\n|upkeep\n|turn|8\n|\n|t:|1695502066\n|move|p1b: Ogerpon|Trailblaze|p2a: Swampert\n|-supereffective|p2a: Swampert\n|-damage|p2a: Swampert|0 fnt\n|-boost|p1b: Ogerpon|spe|1\n|faint|p2a: Swampert\n|\n|win|Rey_The_Savage\n|raw|Rey_The_Savage's rating: 1133 &rarr; <strong>1157<\/strong><br \/>(+24 for winning)\n|raw|Aquiley's rating: 1122 &rarr; <strong>1098<\/strong><br \/>(-24 for losing)\n|l|\u2606Aquiley\n","uploadtime":1695502081,"views":8,"p1id":"reythesavage","p2id":"aquiley","formatid":"gen9nationaldexdoubles","rating":1098,"private":0,"password":""}