{"id":"gen9nationaldexdoubles-1980600054","p1":"Retsuna","p2":"Ultr4X","format":"[Gen 9] National Dex Doubles","log":"|j|\u2606Retsuna\n|j|\u2606Ultr4X\n|t:|1698801822\n|gametype|doubles\n|player|p1|Retsuna|adaman|1138\n|player|p2|Ultr4X|swimmerf-gen4|1025\n|teamsize|p1|6\n|teamsize|p2|6\n|gen|9\n|tier|[Gen 9] National Dex Doubles\n|rated|\n|rule|HP Percentage Mod: HP is shown in percentages\n|rule|Endless Battle Clause: Forcing endless battles is banned\n|rule|OHKO Clause: OHKO moves are banned\n|rule|Evasion Moves Clause: Evasion moves are banned\n|rule|Evasion Abilities Clause: Evasion abilities are banned\n|rule|Species Clause: Limit one of each Pok\u00e9mon\n|rule|Gravity Sleep Clause: The combination of sleep-inducing moves with imperfect accuracy and Gravity or Gigantamax Orbeetle are banned\n|clearpoke\n|poke|p1|Decidueye, M|\n|poke|p1|Pidgeot, F|\n|poke|p1|Volcarona, M|\n|poke|p1|Lycanroc-Dusk, F|\n|poke|p1|Kommo-o, M|\n|poke|p1|Goodra, F|\n|poke|p2|Venusaur, F|\n|poke|p2|Vikavolt, M|\n|poke|p2|Duraludon, F|\n|poke|p2|Gliscor, M|\n|poke|p2|Samurott-Hisui, F|\n|poke|p2|Gallade, M|\n|teampreview\n|c|\u2606Ultr4X|you ready?\n|\n|t:|1698801912\n|start\n|switch|p1a: Decidueye|Decidueye, M, shiny|100\/100\n|switch|p1b: Goodra|Goodra, F|100\/100\n|switch|p2a: Ion|Vikavolt, M, shiny|100\/100\n|switch|p2b: Sam|Samurott-Hisui, F, shiny|100\/100\n|turn|1\n|\n|t:|1698801925\n|-terastallize|p1a: Decidueye|Dark\n|move|p2b: Sam|Ceaseless Edge|p1a: Decidueye\n|-resisted|p1a: Decidueye\n|-damage|p1a: Decidueye|74\/100\n|-sidestart|p1: Retsuna|Spikes\n|move|p1b: Goodra|Toxic|p2a: Ion\n|-status|p2a: Ion|tox\n|move|p1a: Decidueye|Leaf Blade|p2b: Sam\n|-supereffective|p2b: Sam\n|-crit|p2b: Sam\n|-damage|p2b: Sam|0 fnt\n|faint|p2b: Sam\n|move|p2a: Ion|Sticky Web|p1b: Goodra\n|-sidestart|p1: Retsuna|move: Sticky Web\n|\n|-damage|p2a: Ion|94\/100 tox|[from] psn\n|upkeep\n|\n|t:|1698801939\n|switch|p2b: Sub to MandJTV|Gliscor, M, shiny|100\/100\n|turn|2\n|inactive|Battle timer is ON: inactive players will automatically lose when time's up. (requested by Ultr4X)\n|c|\u2606Ultr4X|do you plan on giving up?\n|inactive|Retsuna has 120 seconds left.\n|inactive|Retsuna has 90 seconds left.\n|c|\u2606Retsuna|no\n|\n|t:|1698802098\n|-terastallize|p2b: Sub to MandJTV|Dragon\n|move|p2b: Sub to MandJTV|Tera Blast|p1b: Goodra|[anim] Tera Blast Dragon\n|-supereffective|p1b: Goodra\n|-damage|p1b: Goodra|7\/100\n|move|p1b: Goodra|Rain Dance|p1b: Goodra\n|-weather|RainDance\n|move|p1a: Decidueye|Leaf Blade|p2b: Sub to MandJTV\n|-resisted|p2b: Sub to MandJTV\n|-damage|p2b: Sub to MandJTV|68\/100\n|move|p2a: Ion|Bug Buzz|p1a: Decidueye\n|-supereffective|p1a: Decidueye\n|-damage|p1a: Decidueye|0 fnt\n|faint|p1a: Decidueye\n|\n|-weather|RainDance|[upkeep]\n|-damage|p2a: Ion|82\/100 tox|[from] psn\n|-status|p2b: Sub to MandJTV|tox|[from] item: Toxic Orb\n|upkeep\n|inactive|Retsuna has 120 seconds left.\n|c|\u2606Ultr4X|Benn here a while, THIS is more my style\n|\n|t:|1698802114\n|switch|p1a: Kommo-o|Kommo-o, M|100\/100\n|-damage|p1a: Kommo-o|88\/100|[from] Spikes\n|-activate|p1a: Kommo-o|move: Sticky Web\n|-unboost|p1a: Kommo-o|spe|1\n|turn|3\n|\n|t:|1698802128\n|move|p2b: Sub to MandJTV|Earthquake|p1b: Goodra|[spread] p1a,p1b\n|-immune|p2a: Ion|[from] ability: Levitate\n|-damage|p1a: Kommo-o|58\/100\n|-damage|p1b: Goodra|0 fnt\n|faint|p1b: Goodra\n|-zpower|p1a: Kommo-o\n|move|p1a: Kommo-o|Clangorous Soulblaze|p2a: Ion|[zeffect]|[spread] p2a,p2b\n|-supereffective|p2b: Sub to MandJTV\n|-damage|p2a: Ion|28\/100 tox\n|-damage|p2b: Sub to MandJTV|0 fnt\n|faint|p2b: Sub to MandJTV\n|-boost|p1a: Kommo-o|atk|1\n|-boost|p1a: Kommo-o|def|1\n|-boost|p1a: Kommo-o|spa|1\n|-boost|p1a: Kommo-o|spd|1\n|-boost|p1a: Kommo-o|spe|1\n|move|p2a: Ion|Bug Buzz|p1a: Kommo-o\n|-resisted|p1a: Kommo-o\n|-damage|p1a: Kommo-o|33\/100\n|-unboost|p1a: Kommo-o|spd|1\n|\n|-weather|RainDance|[upkeep]\n|-damage|p2a: Ion|10\/100 tox|[from] psn\n|upkeep\n|\n|t:|1698802150\n|switch|p2b: Fe-male|Duraludon, F, shiny|100\/100\n|switch|p1b: Lycanroc|Lycanroc-Dusk, F|100\/100\n|-damage|p1b: Lycanroc|88\/100|[from] Spikes\n|-activate|p1b: Lycanroc|move: Sticky Web\n|-unboost|p1b: Lycanroc|spe|1\n|turn|4\n|\n|t:|1698802170\n|move|p1b: Lycanroc|Accelerock|p2a: Ion\n|-supereffective|p2a: Ion\n|-damage|p2a: Ion|0 fnt\n|faint|p2a: Ion\n|move|p1a: Kommo-o|Drain Punch|p2b: Fe-male\n|-supereffective|p2b: Fe-male\n|-damage|p2b: Fe-male|0 fnt\n|-heal|p1a: Kommo-o|82\/100|[from] drain|[of] p2b: Fe-male\n|faint|p2b: Fe-male\n|\n|-weather|RainDance|[upkeep]\n|upkeep\n|\n|t:|1698802177\n|switch|p2b: PragMagik|Gallade, M, shiny|100\/100\n|switch|p2a: Bulby|Venusaur, F, shiny|100\/100\n|turn|5\n|\n|t:|1698802203\n|detailschange|p2a: Bulby|Venusaur-Mega, F, shiny\n|-mega|p2a: Bulby|Venusaur|Venusaurite\n|move|p1a: Kommo-o|Aqua Tail|p2b: PragMagik\n|-damage|p2b: PragMagik|0 fnt\n|faint|p2b: PragMagik\n|move|p2a: Bulby|Energy Ball|p1b: Lycanroc\n|-supereffective|p1b: Lycanroc\n|-damage|p1b: Lycanroc|0 fnt\n|faint|p1b: Lycanroc\n|\n|-weather|RainDance|[upkeep]\n|upkeep\n|\n|t:|1698802209\n|switch|p1b: Pidgeot|Pidgeot, F|100\/100\n|turn|6\n|\n|t:|1698802216\n|detailschange|p1b: Pidgeot|Pidgeot-Mega, F\n|-mega|p1b: Pidgeot|Pidgeot|Pidgeotite\n|move|p1b: Pidgeot|Hurricane|p2a: Bulby\n|-supereffective|p2a: Bulby\n|-crit|p2a: Bulby\n|-damage|p2a: Bulby|0 fnt\n|faint|p2a: Bulby\n|\n|win|Retsuna\n|raw|Retsuna's rating: 1138 &rarr; <strong>1155<\/strong><br \/>(+17 for winning)\n|raw|Ultr4X's rating: 1025 &rarr; <strong>1016<\/strong><br \/>(-9 for losing)\n|c|\u2606Ultr4X|gg\n|l|\u2606Ultr4X\n","uploadtime":1698802229,"views":12,"p1id":"retsuna","p2id":"ultr4x","formatid":"gen9nationaldexdoubles","rating":1016,"private":0,"password":""}