{"id":"gen9nationaldexdoubles-1972349883","p1":"OnlyPyper","p2":"Corazonmorado27","format":"[Gen 9] National Dex Doubles","log":"|j|\u2606OnlyPyper\n|j|\u2606Corazonmorado27\n|t:|1697833790\n|gametype|doubles\n|player|p1|OnlyPyper|candice|\n|player|p2|Corazonmorado27|parasollady|\n|teamsize|p1|6\n|teamsize|p2|6\n|gen|9\n|tier|[Gen 9] National Dex Doubles\n|rule|HP Percentage Mod: HP is shown in percentages\n|rule|Endless Battle Clause: Forcing endless battles is banned\n|rule|OHKO Clause: OHKO moves are banned\n|rule|Evasion Moves Clause: Evasion moves are banned\n|rule|Evasion Abilities Clause: Evasion abilities are banned\n|rule|Species Clause: Limit one of each Pok\u00e9mon\n|rule|Gravity Sleep Clause: The combination of sleep-inducing moves with imperfect accuracy and Gravity or Gigantamax Orbeetle are banned\n|clearpoke\n|poke|p1|Roserade, F|\n|poke|p1|Vespiquen, F|\n|poke|p1|Mismagius, F|\n|poke|p1|Milotic, F|\n|poke|p1|Rhyperior, F|\n|poke|p1|Meloetta|\n|poke|p2|Delphox, M|\n|poke|p2|Blastoise, M|\n|poke|p2|Gardevoir, F|\n|poke|p2|Gogoat, F|\n|poke|p2|Lucario, M|\n|poke|p2|Zapdos|\n|teampreview\n|c|\u2606Corazonmorado27|suerte miada uwu\n|c|\u2606OnlyPyper|Suerte uwu\n|c|\u2606Corazonmorado27|a ver que tanta cola valdr\u00e1 mi strat XD\n|\n|t:|1697833837\n|start\n|switch|p1a: Honey|Vespiquen, F|100\/100\n|switch|p1b: Meloetta|Meloetta|100\/100\n|switch|p2a: Miss. Gardevoir|Gardevoir, F|100\/100\n|switch|p2b: M. Zapdos|Zapdos|100\/100\n|-ability|p1a: Honey|Unnerve\n|turn|1\n|j| mixco\n|\n|t:|1697833856\n|-zpower|p1b: Meloetta\n|move|p1b: Meloetta|Z-Celebrate|p1b: Meloetta|[anim]Celebrate\n|-boost|p1b: Meloetta|atk|1|[zeffect]\n|-boost|p1b: Meloetta|def|1|[zeffect]\n|-boost|p1b: Meloetta|spa|1|[zeffect]\n|-boost|p1b: Meloetta|spd|1|[zeffect]\n|-boost|p1b: Meloetta|spe|1|[zeffect]\n|-activate|p1b: Meloetta|move: Celebrate\n|move|p2a: Miss. Gardevoir|Light Screen|p2a: Miss. Gardevoir\n|-sidestart|p2: Corazonmorado27|move: Light Screen\n|move|p2b: M. Zapdos|Volt Switch|p1a: Honey\n|-supereffective|p1a: Honey\n|-damage|p1a: Honey|59\/100\n|\n|t:|1697833884\n|switch|p2b: Mr. Blastoise|Blastoise, M|100\/100|[from] Volt Switch\n|move|p1a: Honey|Tailwind|p1a: Honey\n|-sidestart|p1: OnlyPyper|move: Tailwind\n|\n|upkeep\n|turn|2\n|c| mixco|Si me hago un tim con todos mis pokes solo de vgc\n|c| mixco|Tipo agarrar al mejor de cada tim para el formato xdd\n|\n|t:|1697833913\n|move|p1a: Honey|Helping Hand|p1b: Meloetta\n|-singleturn|p1b: Meloetta|Helping Hand|[of] p1a: Honey\n|move|p1b: Meloetta|Hyper Voice|p2a: Miss. Gardevoir|[spread] p2a,p2b\n|-damage|p2a: Miss. Gardevoir|42\/100\n|-damage|p2b: Mr. Blastoise|50\/100\n|move|p2a: Miss. Gardevoir|Reflect|p2a: Miss. Gardevoir\n|-sidestart|p2: Corazonmorado27|Reflect\n|move|p2b: Mr. Blastoise|Shell Smash|p2b: Mr. Blastoise\n|-unboost|p2b: Mr. Blastoise|def|1\n|-unboost|p2b: Mr. Blastoise|spd|1\n|-boost|p2b: Mr. Blastoise|atk|2\n|-boost|p2b: Mr. Blastoise|spa|2\n|-boost|p2b: Mr. Blastoise|spe|2\n|-enditem|p2b: Mr. Blastoise|White Herb\n|-clearnegativeboost|p2b: Mr. Blastoise|[silent]\n|\n|upkeep\n|turn|3\n|c|\u2606Corazonmorado27|lels\n|c|\u2606Corazonmorado27|que ekisde\n|\n|t:|1697833944\n|-terastallize|p2b: Mr. Blastoise|Steel\n|move|p2a: Miss. Gardevoir|Helping Hand|p2b: Mr. Blastoise\n|-singleturn|p2b: Mr. Blastoise|Helping Hand|[of] p2a: Miss. Gardevoir\n|move|p1a: Honey|Helping Hand|p1b: Meloetta\n|-singleturn|p1b: Meloetta|Helping Hand|[of] p1a: Honey\n|move|p1b: Meloetta|Hyper Voice|p2b: Mr. Blastoise|[spread] p2a,p2b\n|-resisted|p2b: Mr. Blastoise\n|-damage|p2a: Miss. Gardevoir|0 fnt\n|-damage|p2b: Mr. Blastoise|26\/100\n|faint|p2a: Miss. Gardevoir\n|move|p2b: Mr. Blastoise|Liquidation|p1b: Meloetta\n|-damage|p1b: Meloetta|9\/100\n|\n|upkeep\n|\n|t:|1697833957\n|switch|p2a: Mr. Delphox|Delphox, M|100\/100\n|turn|4\n|c|\u2606OnlyPyper|Meloetta: Sigo vivo kbrones\n|c|\u2606Corazonmorado27|XDXD\n|\n|t:|1697833988\n|move|p2b: Mr. Blastoise|Aqua Jet|p1b: Meloetta\n|-damage|p1b: Meloetta|0 fnt\n|faint|p1b: Meloetta\n|move|p2a: Mr. Delphox|Psych Up|p2b: Mr. Blastoise\n|-copyboost|p2a: Mr. Delphox|p2b: Mr. Blastoise|[from] move: Psych Up\n|move|p1a: Honey|Roost|p1a: Honey\n|-heal|p1a: Honey|100\/100\n|-singleturn|p1a: Honey|move: Roost\n|\n|-sideend|p1: OnlyPyper|move: Tailwind\n|upkeep\n|c|\u2606Corazonmorado27|no por mucho XD\n|c|\u2606OnlyPyper|Pos estaba ekisde\n|c|\u2606OnlyPyper|Dios que nazi\n|c|\u2606Corazonmorado27|uwu\n|c|\u2606Corazonmorado27|lo s\u00e9 jsjs\n|\n|t:|1697834026\n|switch|p1b: Hex|Mismagius, F|100\/100\n|turn|5\n|\n|t:|1697834054\n|-terastallize|p1a: Honey|Fairy\n|move|p2a: Mr. Delphox|Stored Power|p1b: Hex\n|-damage|p1b: Hex|0 fnt\n|faint|p1b: Hex\n|move|p2b: Mr. Blastoise|Rock Slide|p1a: Honey|[miss]\n|-miss|p2b: Mr. Blastoise|p1a: Honey\n|move|p1a: Honey|Tailwind|p1a: Honey\n|-sidestart|p1: OnlyPyper|move: Tailwind\n|\n|upkeep\n|c|\u2606Corazonmorado27|no pos\n|c|\u2606Corazonmorado27|XD\n|\n|t:|1697834087\n|switch|p1b: Ariel|Milotic, F|100\/100\n|turn|6\n|c| mixco|Pendeja no dura nada\n|c|\u2606Corazonmorado27|XD\n|\n|t:|1697834128\n|move|p2a: Mr. Delphox|Stored Power|p1b: Ariel\n|-damage|p1b: Ariel|42\/100\n|-enditem|p1b: Ariel|Sitrus Berry|[eat]\n|-heal|p1b: Ariel|66\/100|[from] item: Sitrus Berry\n|move|p1b: Ariel|Hypnosis|p2a: Mr. Delphox\n|-status|p2a: Mr. Delphox|slp|[from] move: Hypnosis\n|move|p2b: Mr. Blastoise|Liquidation|p1a: Honey\n|-damage|p1a: Honey|23\/100\n|move|p1a: Honey|Pollen Puff|p2b: Mr. Blastoise\n|-resisted|p2b: Mr. Blastoise\n|-damage|p2b: Mr. Blastoise|18\/100\n|\n|upkeep\n|turn|7\n|c|\u2606OnlyPyper|Awevo\n|\n|t:|1697834153\n|move|p1a: Honey|Helping Hand|p1b: Ariel\n|-singleturn|p1b: Ariel|Helping Hand|[of] p1a: Honey\n|cant|p2a: Mr. Delphox|slp\n|move|p1b: Ariel|Scald|p2b: Mr. Blastoise\n|-damage|p2b: Mr. Blastoise|0 fnt\n|faint|p2b: Mr. Blastoise\n|\n|upkeep\n|\n|t:|1697834164\n|switch|p2b: Mr. Lucario|Lucario, M|100\/100\n|turn|8\n|\n|t:|1697834173\n|move|p2b: Mr. Lucario|Bullet Punch|p1a: Honey\n|-supereffective|p1a: Honey\n|-damage|p1a: Honey|0 fnt\n|faint|p1a: Honey\n|-damage|p2b: Mr. Lucario|91\/100|[from] item: Life Orb\n|-curestatus|p2a: Mr. Delphox|slp|[msg]\n|move|p2a: Mr. Delphox|Stored Power|p1b: Ariel\n|-damage|p1b: Ariel|11\/100\n|move|p1b: Ariel|Scald|p2a: Mr. Delphox\n|-supereffective|p2a: Mr. Delphox\n|-damage|p2a: Mr. Delphox|67\/100\n|\n|-heal|p2a: Mr. Delphox|74\/100|[from] item: Leftovers\n|-sideend|p2: Corazonmorado27|move: Light Screen\n|-sideend|p1: OnlyPyper|move: Tailwind\n|upkeep\n|\n|t:|1697834181\n|switch|p1a: Kiret|Rhyperior, F, shiny|100\/100\n|turn|9\n|c|\u2606OnlyPyper|Deb\u00ed matar al gordo antes ekisde\n|c|\u2606Corazonmorado27|yep\n|c| mixco|XD\n|\n|t:|1697834226\n|move|p1a: Kiret|Protect|p1a: Kiret\n|-singleturn|p1a: Kiret|Protect\n|move|p2a: Mr. Delphox|Dazzling Gleam|p1b: Ariel|[spread] p1b\n|-activate|p1a: Kiret|move: Protect\n|-damage|p1b: Ariel|0 fnt\n|faint|p1b: Ariel\n|move|p2b: Mr. Lucario|Aura Sphere|p1a: Kiret\n|-activate|p1a: Kiret|move: Protect\n|\n|-heal|p2a: Mr. Delphox|80\/100|[from] item: Leftovers\n|-sideend|p2: Corazonmorado27|Reflect\n|upkeep\n|\n|t:|1697834240\n|switch|p1b: Rosita|Roserade, F|100\/100\n|turn|10\n|\n|t:|1697834261\n|move|p2a: Mr. Delphox|Flamethrower|p1b: Rosita\n|-supereffective|p1b: Rosita\n|-damage|p1b: Rosita|0 fnt\n|faint|p1b: Rosita\n|move|p2b: Mr. Lucario|Aura Sphere|p1a: Kiret\n|-supereffective|p1a: Kiret\n|-damage|p1a: Kiret|8\/100\n|-enditem|p1a: Kiret|Weakness Policy\n|-boost|p1a: Kiret|atk|2|[from] item: Weakness Policy\n|-boost|p1a: Kiret|spa|2|[from] item: Weakness Policy\n|-damage|p2b: Mr. Lucario|81\/100|[from] item: Life Orb\n|move|p1a: Kiret|High Horsepower|p2a: Mr. Delphox\n|-supereffective|p2a: Mr. Delphox\n|-damage|p2a: Mr. Delphox|0 fnt\n|faint|p2a: Mr. Delphox\n|\n|upkeep\n|\n|t:|1697834276\n|switch|p2a: Miss. Gogoat|Gogoat, F|100\/100\n|turn|11\n|\n|t:|1697834283\n|move|p1a: Kiret|Protect|p1a: Kiret\n|-singleturn|p1a: Kiret|Protect\n|move|p2b: Mr. Lucario|Bullet Punch|p1a: Kiret\n|-activate|p1a: Kiret|move: Protect\n|move|p2a: Miss. Gogoat|Horn Leech|p1a: Kiret\n|-activate|p1a: Kiret|move: Protect\n|\n|upkeep\n|turn|12\n|\n|t:|1697834294\n|move|p2b: Mr. Lucario|Bullet Punch|p1a: Kiret\n|-supereffective|p1a: Kiret\n|-damage|p1a: Kiret|0 fnt\n|faint|p1a: Kiret\n|-damage|p2b: Mr. Lucario|71\/100|[from] item: Life Orb\n|\n|win|Corazonmorado27\n|c|\u2606Corazonmorado27|gg\n|c|\u2606OnlyPyper|Gg\n|c| mixco|gg\n|l| mixco\n|c|\u2606OnlyPyper|Nota mental\n|c|\u2606OnlyPyper|Ponle sash a Hex\n|c|\u2606Corazonmorado27|XD\n","uploadtime":1697834303,"views":12,"p1id":"onlypyper","p2id":"corazonmorado27","formatid":"gen9nationaldexdoubles","rating":0,"private":0,"password":""}