{"id":"gen9nationaldexdoubles-1970229192","p1":"CoffeeDrummer","p2":"Chuuugs","format":"[Gen 9] National Dex Doubles","log":"|j|\u2606CoffeeDrummer\n|j|\u2606Chuuugs\n|t:|1697614001\n|gametype|doubles\n|player|p1|CoffeeDrummer|bugcatcher-gen4dp|1064\n|player|p2|Chuuugs|hilda|1106\n|teamsize|p1|6\n|teamsize|p2|6\n|gen|9\n|tier|[Gen 9] National Dex Doubles\n|rated|\n|rule|HP Percentage Mod: HP is shown in percentages\n|rule|Endless Battle Clause: Forcing endless battles is banned\n|rule|OHKO Clause: OHKO moves are banned\n|rule|Evasion Moves Clause: Evasion moves are banned\n|rule|Evasion Abilities Clause: Evasion abilities are banned\n|rule|Species Clause: Limit one of each Pok\u00e9mon\n|rule|Gravity Sleep Clause: The combination of sleep-inducing moves with imperfect accuracy and Gravity or Gigantamax Orbeetle are banned\n|clearpoke\n|poke|p1|Golisopod, M|\n|poke|p1|Araquanid, M|\n|poke|p1|Ribombee, M|\n|poke|p1|Volcarona, M|\n|poke|p1|Illumise, F|\n|poke|p1|Masquerain, M|\n|poke|p2|Pincurchin, M|\n|poke|p2|Iron Hands|\n|poke|p2|Sinistcha-Masterpiece|\n|poke|p2|Gliscor, M|\n|poke|p2|Gholdengo|\n|poke|p2|Arboliva, M|\n|teampreview\n|\n|t:|1697614015\n|start\n|switch|p1a: Tectass|Golisopod, M|100\/100\n|switch|p1b: Illumise|Illumise, F|100\/100\n|switch|p2a: Pointy|Pincurchin, M, shiny|100\/100\n|switch|p2b: Oven Mits|Iron Hands|100\/100\n|-fieldstart|move: Electric Terrain|[from] ability: Electric Surge|[of] p2a: Pointy\n|-activate|p2b: Oven Mits|ability: Quark Drive\n|-start|p2b: Oven Mits|quarkdriveatk\n|turn|1\n|c|\u2606Chuuugs|ok bug boy\n|c|\u2606CoffeeDrummer|Thats me\n|\n|t:|1697614059\n|-terastallize|p1b: Illumise|Ghost\n|move|p1a: Tectass|Protect|p1a: Tectass\n|-singleturn|p1a: Tectass|Protect\n|move|p2b: Oven Mits|Fake Out|p1a: Tectass\n|-activate|p1a: Tectass|move: Protect\n|move|p1b: Illumise|Tailwind|p1b: Illumise\n|-sidestart|p1: CoffeeDrummer|move: Tailwind\n|move|p2a: Pointy|Toxic Spikes|p1b: Illumise\n|-sidestart|p1: CoffeeDrummer|move: Toxic Spikes\n|\n|upkeep\n|turn|2\n|\n|t:|1697614098\n|move|p1b: Illumise|Encore|p2b: Oven Mits\n|-start|p2b: Oven Mits|Encore\n|move|p1a: Tectass|Aqua Jet|p2a: Pointy\n|-damage|p2a: Pointy|84\/100\n|move|p2b: Oven Mits|Fake Out||[still]\n|-hint|Fake Out only works on your first turn out.\n|-fail|p2b: Oven Mits\n|move|p2a: Pointy|Zing Zap|p1a: Tectass\n|-supereffective|p1a: Tectass\n|-damage|p1a: Tectass|52\/100\n|\n|upkeep\n|turn|3\n|\n|t:|1697614133\n|switch|p1b: Masquerain|Masquerain, M|100\/100\n|-ability|p1b: Masquerain|Intimidate|boost\n|-unboost|p2a: Pointy|atk|1\n|-unboost|p2b: Oven Mits|atk|1\n|-end|p2b: Oven Mits|Quark Drive|[silent]\n|switch|p2b: Starbucks|Sinistcha-Masterpiece, shiny|100\/100\n|move|p1a: Tectass|Close Combat|p2a: Pointy\n|-damage|p2a: Pointy|53\/100\n|-unboost|p1a: Tectass|def|1\n|-unboost|p1a: Tectass|spd|1\n|move|p2a: Pointy|Thunder Wave|p1b: Masquerain\n|-status|p1b: Masquerain|par\n|\n|upkeep\n|turn|4\n|\n|t:|1697614157\n|switch|p1a: Aranestro|Araquanid, M|100\/100\n|-status|p1a: Aranestro|psn\n|move|p1b: Masquerain|U-turn|p2b: Starbucks\n|-damage|p2b: Starbucks|89\/100\n|\n|t:|1697614166\n|switch|p1b: Bandelby|Ribombee, M|100\/100|[from] U-turn\n|-status|p1b: Bandelby|psn\n|move|p2b: Starbucks|Calm Mind|p2b: Starbucks\n|-boost|p2b: Starbucks|spa|1\n|-boost|p2b: Starbucks|spd|1\n|move|p2a: Pointy|Recover|p2a: Pointy\n|-heal|p2a: Pointy|100\/100\n|\n|-damage|p1b: Bandelby|88\/100 psn|[from] psn\n|-damage|p1a: Aranestro|88\/100 psn|[from] psn\n|-sideend|p1: CoffeeDrummer|move: Tailwind\n|upkeep\n|turn|5\n|\n|t:|1697614207\n|move|p1b: Bandelby|Sticky Web|p2a: Pointy\n|-sidestart|p2: Chuuugs|move: Sticky Web\n|move|p2b: Starbucks|Matcha Gotcha|p1a: Aranestro|[spread] p1b\n|-miss|p2b: Starbucks|p1a: Aranestro\n|-resisted|p1b: Bandelby\n|-damage|p1b: Bandelby|62\/100 psn\n|-heal|p2b: Starbucks|100\/100|[from] drain|[of] p1b: Bandelby\n|move|p1a: Aranestro|Scald|p2a: Pointy\n|-damage|p2a: Pointy|37\/100\n|move|p2a: Pointy|Zing Zap|p1a: Aranestro\n|-supereffective|p1a: Aranestro\n|-damage|p1a: Aranestro|28\/100 psn\n|\n|-damage|p1b: Bandelby|50\/100 psn|[from] psn\n|-damage|p1a: Aranestro|16\/100 psn|[from] psn\n|upkeep\n|turn|6\n|\n|t:|1697614234\n|move|p2b: Starbucks|Rage Powder|p2b: Starbucks\n|-singleturn|p2b: Starbucks|move: Rage Powder\n|move|p1b: Bandelby|Pollen Puff|p2b: Starbucks\n|-damage|p2b: Starbucks|79\/100\n|move|p1a: Aranestro|Infestation|p2b: Starbucks\n|-damage|p2b: Starbucks|73\/100\n|-activate|p2b: Starbucks|move: Infestation|[of] p1a: Aranestro\n|move|p2a: Pointy|Recover|p2a: Pointy\n|-heal|p2a: Pointy|87\/100\n|\n|-damage|p1b: Bandelby|38\/100 psn|[from] psn\n|-damage|p1a: Aranestro|3\/100 psn|[from] psn\n|-damage|p2b: Starbucks|61\/100|[from] move: Infestation|[partiallytrapped]\n|upkeep\n|turn|7\n|\n|t:|1697614260\n|move|p1b: Bandelby|Pollen Puff|p1a: Aranestro\n|-heal|p1a: Aranestro|53\/100 psn\n|move|p2b: Starbucks|Matcha Gotcha|p1a: Aranestro|[spread] p1a\n|-miss|p2b: Starbucks|p1b: Bandelby\n|-damage|p1a: Aranestro|35\/100 psn\n|-heal|p2b: Starbucks|68\/100|[from] drain|[of] p1a: Aranestro\n|move|p1a: Aranestro|Scald|p2a: Pointy\n|-damage|p2a: Pointy|19\/100\n|move|p2a: Pointy|Zing Zap|p1b: Bandelby\n|-damage|p1b: Bandelby|0 fnt\n|faint|p1b: Bandelby\n|\n|-damage|p1a: Aranestro|23\/100 psn|[from] psn\n|-damage|p2b: Starbucks|56\/100|[from] move: Infestation|[partiallytrapped]\n|upkeep\n|\n|t:|1697614273\n|switch|p1b: Masquerain|Masquerain, M|100\/100 par\n|-ability|p1b: Masquerain|Intimidate|boost\n|-unboost|p2a: Pointy|atk|1\n|-unboost|p2b: Starbucks|atk|1\n|turn|8\n|\n|t:|1697614295\n|move|p2b: Starbucks|Matcha Gotcha|p1a: Aranestro|[spread] p1a,p1b\n|-resisted|p1b: Masquerain\n|-damage|p1a: Aranestro|3\/100 psn\n|-heal|p2b: Starbucks|64\/100|[from] drain|[of] p1a: Aranestro\n|-damage|p1b: Masquerain|90\/100 par\n|-heal|p2b: Starbucks|69\/100|[from] drain|[of] p1b: Masquerain\n|cant|p1b: Masquerain|par\n|move|p1a: Aranestro|Giga Drain|p2a: Pointy\n|-damage|p2a: Pointy|0 fnt\n|-heal|p1a: Aranestro|13\/100 psn|[from] drain|[of] p2a: Pointy\n|faint|p2a: Pointy\n|\n|-damage|p1a: Aranestro|1\/100 psn|[from] psn\n|-damage|p2b: Starbucks|57\/100|[from] move: Infestation|[partiallytrapped]\n|-fieldend|move: Electric Terrain\n|upkeep\n|\n|t:|1697614325\n|switch|p2a: Oven Mits|Iron Hands|100\/100\n|-activate|p2a: Oven Mits|move: Sticky Web\n|-unboost|p2a: Oven Mits|spe|1\n|turn|9\n|\n|t:|1697614341\n|move|p2a: Oven Mits|Fake Out|p1b: Masquerain\n|-damage|p1b: Masquerain|66\/100 par\n|move|p2b: Starbucks|Matcha Gotcha|p1a: Aranestro|[spread] p1a,p1b\n|-resisted|p1b: Masquerain\n|-damage|p1a: Aranestro|0 fnt\n|-heal|p2b: Starbucks|57\/100|[from] drain|[of] p1a: Aranestro\n|-damage|p1b: Masquerain|56\/100 par\n|-heal|p2b: Starbucks|62\/100|[from] drain|[of] p1b: Masquerain\n|faint|p1a: Aranestro\n|cant|p1b: Masquerain|flinch\n|\n|-end|p2b: Starbucks|Infestation|[partiallytrapped]|[silent]\n|upkeep\n|\n|t:|1697614346\n|switch|p1a: Ramoth|Volcarona, M|100\/100\n|turn|10\n|\n|t:|1697614377\n|move|p2b: Starbucks|Rage Powder|p2b: Starbucks\n|-singleturn|p2b: Starbucks|move: Rage Powder\n|move|p1a: Ramoth|Flamethrower|p2b: Starbucks\n|-supereffective|p2b: Starbucks\n|-damage|p2b: Starbucks|29\/100\n|move|p1b: Masquerain|Haze|p1b: Masquerain\n|-clearallboost\n|move|p2a: Oven Mits|Thunder Punch|p1b: Masquerain\n|-supereffective|p1b: Masquerain\n|-damage|p1b: Masquerain|0 fnt\n|faint|p1b: Masquerain\n|\n|upkeep\n|\n|t:|1697614389\n|switch|p1b: Illumise|Illumise, F, tera:Ghost|100\/100\n|-status|p1b: Illumise|psn\n|turn|11\n|\n|t:|1697614419\n|move|p1b: Illumise|Tailwind|p1b: Illumise\n|-sidestart|p1: CoffeeDrummer|move: Tailwind\n|move|p1a: Ramoth|Quiver Dance|p1a: Ramoth\n|-boost|p1a: Ramoth|spa|1\n|-boost|p1a: Ramoth|spd|1\n|-boost|p1a: Ramoth|spe|1\n|move|p2b: Starbucks|Matcha Gotcha|p1b: Illumise|[spread] p1a,p1b\n|-resisted|p1a: Ramoth\n|-damage|p1a: Ramoth|97\/100\n|-heal|p2b: Starbucks|31\/100|[from] drain|[of] p1a: Ramoth\n|-damage|p1b: Illumise|76\/100 psn\n|-heal|p2b: Starbucks|40\/100|[from] drain|[of] p1b: Illumise\n|move|p2a: Oven Mits|Thunder Punch|p1a: Ramoth\n|-crit|p1a: Ramoth\n|-damage|p1a: Ramoth|14\/100\n|\n|-damage|p1b: Illumise|64\/100 psn|[from] psn\n|upkeep\n|turn|12\n|\n|t:|1697614449\n|move|p2a: Oven Mits|Protect|p2a: Oven Mits\n|-singleturn|p2a: Oven Mits|Protect\n|move|p1b: Illumise|Fake Tears|p2a: Oven Mits\n|-activate|p2a: Oven Mits|move: Protect\n|move|p1a: Ramoth|Giga Drain|p2a: Oven Mits\n|-activate|p2a: Oven Mits|move: Protect\n|move|p2b: Starbucks|Matcha Gotcha|p1b: Illumise|[spread] p1a,p1b\n|-resisted|p1a: Ramoth\n|-damage|p1a: Ramoth|10\/100\n|-heal|p2b: Starbucks|42\/100|[from] drain|[of] p1a: Ramoth\n|-damage|p1b: Illumise|38\/100 psn\n|-heal|p2b: Starbucks|52\/100|[from] drain|[of] p1b: Illumise\n|\n|-damage|p1b: Illumise|26\/100 psn|[from] psn\n|upkeep\n|turn|13\n|\n|t:|1697614483\n|move|p1b: Illumise|Encore|p2a: Oven Mits\n|-start|p2a: Oven Mits|Encore\n|move|p1a: Ramoth|Flamethrower|p2b: Starbucks\n|-supereffective|p2b: Starbucks\n|-damage|p2b: Starbucks|0 fnt\n|faint|p2b: Starbucks\n|move|p2a: Oven Mits|Protect||[still]\n|-fail|p2a: Oven Mits\n|\n|-damage|p1b: Illumise|14\/100 psn|[from] psn\n|upkeep\n|\n|t:|1697614494\n|switch|p2b: Edwardo|Gliscor, M, shiny|100\/100\n|turn|14\n|\n|t:|1697614524\n|move|p2a: Oven Mits|Protect|p2a: Oven Mits\n|-singleturn|p2a: Oven Mits|Protect\n|move|p1b: Illumise|Fake Tears|p2b: Edwardo\n|-unboost|p2b: Edwardo|spd|2\n|move|p1a: Ramoth|Flamethrower|p2b: Edwardo\n|-damage|p2b: Edwardo|0 fnt\n|faint|p2b: Edwardo\n|\n|-damage|p1b: Illumise|2\/100 psn|[from] psn\n|-sideend|p1: CoffeeDrummer|move: Tailwind\n|upkeep\n|\n|t:|1697614534\n|switch|p2b: Bongwater|Arboliva, M|100\/100\n|-activate|p2b: Bongwater|move: Sticky Web\n|-unboost|p2b: Bongwater|spe|1\n|turn|15\n|\n|t:|1697614548\n|-terastallize|p2b: Bongwater|Water\n|move|p2a: Oven Mits|Protect|p2a: Oven Mits\n|-singleturn|p2a: Oven Mits|Protect\n|move|p2b: Bongwater|Protect|p2b: Bongwater\n|-singleturn|p2b: Bongwater|Protect\n|move|p1b: Illumise|Tailwind|p1b: Illumise\n|-sidestart|p1: CoffeeDrummer|move: Tailwind\n|move|p1a: Ramoth|Flamethrower|p2b: Bongwater\n|-activate|p2b: Bongwater|move: Protect\n|\n|-damage|p1b: Illumise|0 fnt|[from] psn\n|faint|p1b: Illumise\n|-end|p2a: Oven Mits|Encore\n|upkeep\n|\n|t:|1697614553\n|switch|p1b: Tectass|Golisopod, M|52\/100\n|turn|16\n|\n|t:|1697614592\n|move|p1b: Tectass|First Impression|p2b: Bongwater\n|-damage|p2b: Bongwater|57\/100\n|-damage|p1b: Tectass|35\/100|[from] item: Rocky Helmet|[of] p2b: Bongwater\n|-fieldstart|move: Grassy Terrain|[from] ability: Seed Sower|[of] p2b: Bongwater\n|move|p1a: Ramoth|Flamethrower|p2a: Oven Mits\n|-damage|p2a: Oven Mits|41\/100\n|-status|p2a: Oven Mits|brn\n|-enditem|p2a: Oven Mits|Sitrus Berry|[eat]\n|-heal|p2a: Oven Mits|66\/100 brn|[from] item: Sitrus Berry\n|move|p2a: Oven Mits|Thunder Punch|p1a: Ramoth\n|-damage|p1a: Ramoth|0 fnt\n|faint|p1a: Ramoth\n|move|p2b: Bongwater|Earth Power|p1b: Tectass\n|-resisted|p1b: Tectass\n|-damage|p1b: Tectass|20\/100\n|\n|-heal|p1b: Tectass|26\/100|[from] Grassy Terrain\n|-heal|p2a: Oven Mits|72\/100 brn|[from] Grassy Terrain\n|-heal|p2b: Bongwater|63\/100|[from] Grassy Terrain\n|-damage|p2a: Oven Mits|66\/100 brn|[from] brn\n|upkeep\n|turn|17\n|c|\u2606CoffeeDrummer|Gg\n|-message|CoffeeDrummer forfeited.\n|\n|win|Chuuugs\n|raw|CoffeeDrummer's rating: 1064 &rarr; <strong>1047<\/strong><br \/>(-17 for losing)\n|raw|Chuuugs's rating: 1106 &rarr; <strong>1128<\/strong><br \/>(+22 for winning)\n|l|\u2606CoffeeDrummer\n|c|\u2606Chuuugs|gg\n","uploadtime":1697614634,"views":16,"p1id":"coffeedrummer","p2id":"chuuugs","formatid":"gen9nationaldexdoubles","rating":1047,"private":0,"password":""}