{"id":"gen9nationaldexdoubles-1973610607","p1":"milesforhire","p2":"decidoustree","format":"[Gen 9] National Dex Doubles","log":"|j|\u2606milesforhire\n|j|\u2606decidoustree\n|t:|1697995931\n|gametype|doubles\n|player|p1|milesforhire|rosa-masters2|1074\n|player|p2|decidoustree|cheren-gen5bw2|1042\n|teamsize|p1|6\n|teamsize|p2|6\n|gen|9\n|tier|[Gen 9] National Dex Doubles\n|rated|\n|rule|HP Percentage Mod: HP is shown in percentages\n|rule|Endless Battle Clause: Forcing endless battles is banned\n|rule|OHKO Clause: OHKO moves are banned\n|rule|Evasion Moves Clause: Evasion moves are banned\n|rule|Evasion Abilities Clause: Evasion abilities are banned\n|rule|Species Clause: Limit one of each Pok\u00e9mon\n|rule|Gravity Sleep Clause: The combination of sleep-inducing moves with imperfect accuracy and Gravity or Gigantamax Orbeetle are banned\n|clearpoke\n|poke|p1|Lilligant, F|\n|poke|p1|Walking Wake|\n|poke|p1|Charizard, M|\n|poke|p1|Great Tusk|\n|poke|p1|Volcarona, F|\n|poke|p1|Torkoal, M|\n|poke|p2|Jirachi|\n|poke|p2|Mismagius, F|\n|poke|p2|Audino, F|\n|poke|p2|Delphox, F|\n|poke|p2|Mienshao, M|\n|poke|p2|Altaria, F|\n|teampreview\n|\n|t:|1697995937\n|start\n|switch|p1a: Torkoal|Torkoal, M|100\/100\n|switch|p1b: Lilligant|Lilligant, F, shiny|100\/100\n|switch|p2a: Machiavellian Bach|Jirachi|100\/100\n|switch|p2b: Dont make lemonade|Mienshao, M|100\/100\n|-weather|SunnyDay|[from] ability: Drought|[of] p1a: Torkoal\n|turn|1\n|\n|t:|1697995961\n|move|p2b: Dont make lemonade|Fake Out|p1a: Torkoal\n|-damage|p1a: Torkoal|91\/100\n|-damage|p2b: Dont make lemonade|91\/100|[from] item: Life Orb\n|move|p1b: Lilligant|Sleep Powder|p2a: Machiavellian Bach\n|-status|p2a: Machiavellian Bach|slp|[from] move: Sleep Powder\n|cant|p2a: Machiavellian Bach|slp\n|cant|p1a: Torkoal|flinch\n|\n|-weather|SunnyDay|[upkeep]\n|upkeep\n|turn|2\n|\n|t:|1697995983\n|move|p1b: Lilligant|Leech Seed|p2a: Machiavellian Bach\n|-start|p2a: Machiavellian Bach|move: Leech Seed\n|move|p2b: Dont make lemonade|Stone Edge|p1a: Torkoal\n|-supereffective|p1a: Torkoal\n|-damage|p1a: Torkoal|39\/100\n|-damage|p2b: Dont make lemonade|81\/100|[from] item: Life Orb\n|-curestatus|p2a: Machiavellian Bach|slp|[msg]\n|move|p2a: Machiavellian Bach|Cosmic Power|p2a: Machiavellian Bach\n|-boost|p2a: Machiavellian Bach|def|1\n|-boost|p2a: Machiavellian Bach|spd|1\n|move|p1a: Torkoal|Stealth Rock|p2b: Dont make lemonade\n|-sidestart|p2: decidoustree|move: Stealth Rock\n|\n|-weather|SunnyDay|[upkeep]\n|-damage|p2a: Machiavellian Bach|88\/100|[from] Leech Seed|[of] p1b: Lilligant\n|upkeep\n|turn|3\n|\n|t:|1697996006\n|move|p1b: Lilligant|Giga Drain|p2b: Dont make lemonade\n|-damage|p2b: Dont make lemonade|30\/100\n|move|p2b: Dont make lemonade|Stone Edge|p1a: Torkoal\n|-supereffective|p1a: Torkoal\n|-damage|p1a: Torkoal|0 fnt\n|faint|p1a: Torkoal\n|-damage|p2b: Dont make lemonade|20\/100|[from] item: Life Orb\n|move|p2a: Machiavellian Bach|Baton Pass|p2a: Machiavellian Bach\n|\n|t:|1697996018\n|switch|p2a: Yes|Audino, F|100\/100|[from] Baton Pass\n|-damage|p2a: Yes|88\/100|[from] Stealth Rock\n|\n|-weather|SunnyDay|[upkeep]\n|-damage|p2a: Yes|76\/100|[from] Leech Seed|[of] p1b: Lilligant\n|upkeep\n|\n|t:|1697996027\n|switch|p1a: Charizard|Charizard, M, shiny|100\/100\n|turn|4\n|\n|t:|1697996073\n|move|p1b: Lilligant|Giga Drain|p2b: Dont make lemonade\n|-damage|p2b: Dont make lemonade|0 fnt\n|faint|p2b: Dont make lemonade\n|move|p1a: Charizard|Solar Beam||[still]\n|-prepare|p1a: Charizard|Solar Beam\n|-anim|p1a: Charizard|Solar Beam|p2a: Yes\n|-damage|p2a: Yes|53\/100\n|move|p2a: Yes|Blizzard|p1a: Charizard|[spread] \n|-miss|p2a: Yes|p1a: Charizard\n|-miss|p2a: Yes|p1b: Lilligant\n|\n|-weather|SunnyDay|[upkeep]\n|-damage|p2a: Yes|41\/100|[from] Leech Seed|[of] p1b: Lilligant\n|upkeep\n|\n|t:|1697996090\n|switch|p2b: Lemonade|Delphox, F|100\/100\n|-damage|p2b: Lemonade|76\/100|[from] Stealth Rock\n|turn|5\n|\n|t:|1697996100\n|move|p2a: Yes|Helping Hand|p2b: Lemonade\n|-singleturn|p2b: Lemonade|Helping Hand|[of] p2a: Yes\n|move|p1b: Lilligant|Giga Drain|p2a: Yes\n|-damage|p2a: Yes|25\/100\n|move|p2b: Lemonade|Heat Wave|p1a: Charizard|[spread] p1a,p1b\n|-resisted|p1a: Charizard\n|-supereffective|p1b: Lilligant\n|-damage|p1a: Charizard|31\/100\n|-damage|p1b: Lilligant|0 fnt\n|faint|p1b: Lilligant\n|-damage|p2b: Lemonade|66\/100|[from] item: Life Orb\n|move|p1a: Charizard|Scorching Sands|p2b: Lemonade\n|-supereffective|p2b: Lemonade\n|-damage|p2b: Lemonade|14\/100\n|\n|-weather|SunnyDay|[upkeep]\n|upkeep\n|\n|t:|1697996115\n|switch|p1b: Walking Wake|Walking Wake|100\/100\n|-activate|p1b: Walking Wake|ability: Protosynthesis\n|-start|p1b: Walking Wake|protosynthesisspe\n|turn|6\n|\n|t:|1697996168\n|move|p2a: Yes|Helping Hand|p2b: Lemonade\n|-singleturn|p2b: Lemonade|Helping Hand|[of] p2a: Yes\n|move|p1b: Walking Wake|Hydro Steam|p2b: Lemonade\n|-supereffective|p2b: Lemonade\n|-damage|p2b: Lemonade|0 fnt\n|faint|p2b: Lemonade\n|-damage|p1b: Walking Wake|91\/100|[from] item: Life Orb\n|move|p1a: Charizard|Fire Blast|p2a: Yes\n|-damage|p2a: Yes|0 fnt\n|faint|p2a: Yes\n|\n|-weather|SunnyDay|[upkeep]\n|upkeep\n|\n|t:|1697996181\n|switch|p2b: 9999999|Mismagius, F|100\/100\n|switch|p2a: Machiavellian Bach|Jirachi|88\/100\n|-damage|p2b: 9999999|88\/100|[from] Stealth Rock\n|-damage|p2a: Machiavellian Bach|82\/100|[from] Stealth Rock\n|turn|7\n|\n|t:|1697996203\n|move|p1b: Walking Wake|Hydro Steam|p2b: 9999999\n|-damage|p2b: 9999999|16\/100\n|-damage|p1b: Walking Wake|81\/100|[from] item: Life Orb\n|move|p2b: 9999999|Icy Wind|p1a: Charizard|[spread] p1a,p1b\n|-damage|p1a: Charizard|14\/100\n|-damage|p1b: Walking Wake|67\/100\n|-unboost|p1a: Charizard|spe|1\n|-unboost|p1b: Walking Wake|spe|1\n|move|p2a: Machiavellian Bach|Charge Beam|p1a: Charizard\n|-supereffective|p1a: Charizard\n|-damage|p1a: Charizard|0 fnt\n|-boost|p2a: Machiavellian Bach|spa|1\n|faint|p1a: Charizard\n|\n|-weather|SunnyDay|[upkeep]\n|-heal|p2a: Machiavellian Bach|88\/100|[from] item: Leftovers\n|upkeep\n|\n|t:|1697996222\n|switch|p1a: Volcarona|Volcarona, F|100\/100\n|turn|8\n|\n|t:|1697996233\n|-terastallize|p2a: Machiavellian Bach|Psychic\n|move|p1a: Volcarona|Protect|p1a: Volcarona\n|-singleturn|p1a: Volcarona|Protect\n|move|p1b: Walking Wake|Flamethrower|p2b: 9999999\n|-damage|p2b: 9999999|0 fnt\n|faint|p2b: 9999999\n|-damage|p1b: Walking Wake|58\/100|[from] item: Life Orb\n|move|p2a: Machiavellian Bach|Cosmic Power|p2a: Machiavellian Bach\n|-boost|p2a: Machiavellian Bach|def|1\n|-boost|p2a: Machiavellian Bach|spd|1\n|\n|-weather|none\n|-end|p1b: Walking Wake|Protosynthesis\n|-heal|p2a: Machiavellian Bach|94\/100|[from] item: Leftovers\n|upkeep\n|\n|t:|1697996247\n|switch|p2b: Fluffy|Altaria, F|100\/100\n|-damage|p2b: Fluffy|75\/100|[from] Stealth Rock\n|turn|9\n|\n|t:|1697996273\n|detailschange|p2b: Fluffy|Altaria-Mega, F\n|-mega|p2b: Fluffy|Altaria|Altarianite\n|-terastallize|p1b: Walking Wake|Water\n|move|p1a: Volcarona|Quiver Dance|p1a: Volcarona\n|-boost|p1a: Volcarona|spa|1\n|-boost|p1a: Volcarona|spd|1\n|-boost|p1a: Volcarona|spe|1\n|move|p2a: Machiavellian Bach|Cosmic Power|p2a: Machiavellian Bach\n|-boost|p2a: Machiavellian Bach|def|1\n|-boost|p2a: Machiavellian Bach|spd|1\n|move|p1b: Walking Wake|Hydro Steam|p2a: Machiavellian Bach\n|-damage|p2a: Machiavellian Bach|70\/100\n|-damage|p1b: Walking Wake|48\/100|[from] item: Life Orb\n|move|p2b: Fluffy|Hyper Voice|p1a: Volcarona|[spread] p1a,p1b\n|-resisted|p1a: Volcarona\n|-damage|p1a: Volcarona|90\/100\n|-damage|p1b: Walking Wake|11\/100\n|\n|-heal|p2a: Machiavellian Bach|76\/100|[from] item: Leftovers\n|upkeep\n|turn|10\n|\n|t:|1697996302\n|move|p1a: Volcarona|Fiery Dance|p2a: Machiavellian Bach\n|-damage|p2a: Machiavellian Bach|52\/100\n|move|p2a: Machiavellian Bach|Charge Beam|p1a: Volcarona\n|-damage|p1a: Volcarona|77\/100\n|-boost|p2a: Machiavellian Bach|spa|1\n|move|p1b: Walking Wake|Hydro Steam|p2b: Fluffy\n|-resisted|p2b: Fluffy\n|-damage|p2b: Fluffy|43\/100\n|-damage|p1b: Walking Wake|1\/100|[from] item: Life Orb\n|move|p2b: Fluffy|Hyper Voice|p1b: Walking Wake|[spread] p1a,p1b\n|-resisted|p1a: Volcarona\n|-crit|p1a: Volcarona\n|-damage|p1a: Volcarona|48\/100\n|-damage|p1b: Walking Wake|0 fnt\n|faint|p1b: Walking Wake\n|-end|p1b: Walking Wake|Protosynthesis|[silent]\n|\n|-heal|p2a: Machiavellian Bach|58\/100|[from] item: Leftovers\n|upkeep\n|\n|t:|1697996318\n|switch|p1b: Great Tusk|Great Tusk, shiny|100\/100\n|turn|11\n|\n|t:|1697996335\n|move|p1a: Volcarona|Giga Drain|p2a: Machiavellian Bach\n|-damage|p2a: Machiavellian Bach|42\/100\n|-heal|p1a: Volcarona|57\/100|[from] drain|[of] p2a: Machiavellian Bach\n|move|p1b: Great Tusk|Rock Slide|p2a: Machiavellian Bach|[spread] p2a\n|-miss|p1b: Great Tusk|p2b: Fluffy\n|-damage|p2a: Machiavellian Bach|36\/100\n|cant|p2a: Machiavellian Bach|flinch\n|move|p2b: Fluffy|Hyper Voice|p1a: Volcarona|[spread] p1a,p1b\n|-resisted|p1a: Volcarona\n|-supereffective|p1b: Great Tusk\n|-damage|p1a: Volcarona|46\/100\n|-damage|p1b: Great Tusk|57\/100\n|\n|-heal|p2a: Machiavellian Bach|42\/100|[from] item: Leftovers\n|upkeep\n|turn|12\n|\n|t:|1697996371\n|move|p1a: Volcarona|Fiery Dance|p2b: Fluffy\n|-resisted|p2b: Fluffy\n|-damage|p2b: Fluffy|14\/100\n|-boost|p1a: Volcarona|spa|1\n|move|p1b: Great Tusk|Rapid Spin|p2a: Machiavellian Bach\n|-damage|p2a: Machiavellian Bach|35\/100\n|-boost|p1b: Great Tusk|spe|1\n|move|p2a: Machiavellian Bach|Stored Power|p1b: Great Tusk\n|-supereffective|p1b: Great Tusk\n|-damage|p1b: Great Tusk|0 fnt\n|faint|p1b: Great Tusk\n|-end|p1b: Great Tusk|Protosynthesis|[silent]\n|move|p2b: Fluffy|Hyper Voice|p1a: Volcarona\n|-resisted|p1a: Volcarona\n|-damage|p1a: Volcarona|30\/100\n|\n|-heal|p2a: Machiavellian Bach|41\/100|[from] item: Leftovers\n|upkeep\n|turn|13\n|\n|t:|1697996410\n|move|p1a: Volcarona|Fiery Dance|p2a: Machiavellian Bach\n|-damage|p2a: Machiavellian Bach|8\/100\n|move|p2a: Machiavellian Bach|Stored Power|p1a: Volcarona\n|-damage|p1a: Volcarona|0 fnt\n|faint|p1a: Volcarona\n|\n|win|decidoustree\n|raw|milesforhire's rating: 1074 &rarr; <strong>1051<\/strong><br \/>(-23 for losing)\n|raw|decidoustree's rating: 1042 &rarr; <strong>1079<\/strong><br \/>(+37 for winning)\n|l|\u2606milesforhire\n","uploadtime":1697996421,"views":21,"p1id":"milesforhire","p2id":"decidoustree","formatid":"gen9nationaldexdoubles","rating":1051,"private":0,"password":""}