{"id":"gen9nationaldexdoubles-1988589648","p1":"aceman2798","p2":"drew0723","format":"[Gen 9] National Dex Doubles","log":"|j|\u2606aceman2798\n|j|\u2606drew0723\n|t:|1699739392\n|gametype|doubles\n|player|p1|aceman2798|byron|\n|player|p2|drew0723|pokemonbreeder-gen4|\n|teamsize|p1|6\n|teamsize|p2|6\n|gen|9\n|tier|[Gen 9] National Dex Doubles\n|rule|HP Percentage Mod: HP is shown in percentages\n|rule|Endless Battle Clause: Forcing endless battles is banned\n|rule|OHKO Clause: OHKO moves are banned\n|rule|Evasion Moves Clause: Evasion moves are banned\n|rule|Evasion Abilities Clause: Evasion abilities are banned\n|rule|Species Clause: Limit one of each Pok\u00e9mon\n|rule|Gravity Sleep Clause: The combination of sleep-inducing moves with imperfect accuracy and Gravity or Gigantamax Orbeetle are banned\n|clearpoke\n|poke|p1|Charizard, M|\n|poke|p1|Heatran, M|\n|poke|p1|Dachsbun, M|\n|poke|p1|Venusaur, M|\n|poke|p1|Walking Wake|\n|poke|p1|Shiftry, F|\n|poke|p2|Ogerpon-Wellspring, F|\n|poke|p2|Salamence, F|\n|poke|p2|Jirachi|\n|poke|p2|Sinistcha|\n|poke|p2|Incineroar, F|\n|poke|p2|Sylveon, M|\n|teampreview\n|c|\u2606drew0723|Good Luck, Have Fun!\n|\n|t:|1699739465\n|start\n|switch|p1a: Charizard|Charizard, M|100\/100\n|switch|p1b: Shiftry|Shiftry, F|100\/100\n|switch|p2a: Salamence|Salamence, F|100\/100\n|switch|p2b: Jirachi|Jirachi|100\/100\n|-ability|p2a: Salamence|Intimidate|boost\n|-unboost|p1a: Charizard|atk|1\n|-unboost|p1b: Shiftry|atk|1\n|turn|1\n|\n|t:|1699739486\n|move|p1a: Charizard|Protect|p1a: Charizard\n|-singleturn|p1a: Charizard|Protect\n|move|p2a: Salamence|Dragon Dance|p2a: Salamence\n|-boost|p2a: Salamence|atk|1\n|-boost|p2a: Salamence|spe|1\n|move|p1b: Shiftry|Toxic Spikes|p2b: Jirachi\n|-sidestart|p2: drew0723|move: Toxic Spikes\n|move|p2b: Jirachi|Rain Dance|p2b: Jirachi\n|-weather|RainDance\n|\n|-weather|RainDance|[upkeep]\n|upkeep\n|turn|2\n|\n|t:|1699739546\n|detailschange|p2a: Salamence|Salamence-Mega, F\n|-mega|p2a: Salamence|Salamence|Salamencite\n|detailschange|p1a: Charizard|Charizard-Mega-Y, M\n|-mega|p1a: Charizard|Charizard|Charizardite Y\n|-weather|SunnyDay|[from] ability: Drought|[of] p1a: Charizard\n|move|p2b: Jirachi|Follow Me|p2b: Jirachi\n|-singleturn|p2b: Jirachi|move: Follow Me\n|move|p1b: Shiftry|Toxic Spikes|p2b: Jirachi\n|-sidestart|p2: drew0723|move: Toxic Spikes\n|move|p2a: Salamence|Dragon Claw|p1a: Charizard\n|-damage|p1a: Charizard|16\/100\n|move|p1a: Charizard|Heat Wave|p2b: Jirachi|[spread] p2a,p2b\n|-resisted|p2a: Salamence\n|-supereffective|p2b: Jirachi\n|-enditem|p2b: Jirachi|Occa Berry|[eat]\n|-enditem|p2b: Jirachi|Occa Berry|[weaken]\n|-damage|p2a: Salamence|70\/100\n|-damage|p2b: Jirachi|65\/100\n|\n|-weather|SunnyDay|[upkeep]\n|upkeep\n|turn|3\n|\n|t:|1699739603\n|switch|p1a: Dachsbun|Dachsbun, M|100\/100\n|move|p1b: Shiftry|Tailwind|p1b: Shiftry\n|-sidestart|p1: aceman2798|move: Tailwind\n|move|p2a: Salamence|Facade|p1a: Dachsbun\n|-damage|p1a: Dachsbun|28\/100\n|move|p2b: Jirachi|Rain Dance|p2b: Jirachi\n|-weather|RainDance\n|\n|-weather|RainDance|[upkeep]\n|-heal|p1a: Dachsbun|34\/100|[from] item: Leftovers\n|upkeep\n|turn|4\n|\n|t:|1699739620\n|move|p2b: Jirachi|Follow Me|p2b: Jirachi\n|-singleturn|p2b: Jirachi|move: Follow Me\n|move|p1b: Shiftry|Knock Off|p2b: Jirachi\n|-supereffective|p2b: Jirachi\n|-damage|p2b: Jirachi|32\/100\n|move|p2a: Salamence|Dragon Dance|p2a: Salamence\n|-boost|p2a: Salamence|atk|1\n|-boost|p2a: Salamence|spe|1\n|move|p1a: Dachsbun|Lick|p2b: Jirachi\n|-supereffective|p2b: Jirachi\n|-damage|p2b: Jirachi|22\/100\n|\n|-weather|RainDance|[upkeep]\n|-heal|p1a: Dachsbun|40\/100|[from] item: Leftovers\n|upkeep\n|turn|5\n|\n|t:|1699739645\n|switch|p2b: Sinistcha|Sinistcha|100\/100\n|-status|p2b: Sinistcha|tox\n|-heal|p2a: Salamence|95\/100|[from] ability: Hospitality|[of] p2b: Sinistcha\n|move|p1a: Dachsbun|Protect|p1a: Dachsbun\n|-singleturn|p1a: Dachsbun|Protect\n|move|p2a: Salamence|Facade|p1a: Dachsbun\n|-activate|p1a: Dachsbun|move: Protect\n|move|p1b: Shiftry|Knock Off|p2b: Sinistcha\n|-supereffective|p2b: Sinistcha\n|-damage|p2b: Sinistcha|41\/100 tox\n|-enditem|p2b: Sinistcha|Sitrus Berry|[from] move: Knock Off|[of] p1b: Shiftry\n|\n|-weather|RainDance|[upkeep]\n|-heal|p1a: Dachsbun|46\/100|[from] item: Leftovers\n|-damage|p2b: Sinistcha|35\/100 tox|[from] psn\n|upkeep\n|turn|6\n|\n|t:|1699739669\n|move|p2a: Salamence|Facade|p1a: Dachsbun\n|-crit|p1a: Dachsbun\n|-damage|p1a: Dachsbun|0 fnt\n|faint|p1a: Dachsbun\n|move|p1b: Shiftry|Knock Off|p2b: Sinistcha\n|-supereffective|p2b: Sinistcha\n|-damage|p2b: Sinistcha|0 fnt\n|faint|p2b: Sinistcha\n|\n|-weather|RainDance|[upkeep]\n|-sideend|p1: aceman2798|move: Tailwind\n|upkeep\n|\n|t:|1699739691\n|switch|p1a: Charizard|Charizard-Mega-Y, M|16\/100\n|switch|p2b: Jirachi|Jirachi|22\/100\n|-weather|SunnyDay|[from] ability: Drought|[of] p1a: Charizard\n|turn|7\n|\n|t:|1699739723\n|switch|p1a: Heatran|Heatran, M|100\/100\n|move|p2a: Salamence|Facade|p1a: Heatran\n|-resisted|p1a: Heatran\n|-damage|p1a: Heatran|48\/100\n|move|p1b: Shiftry|Knock Off|p2b: Jirachi\n|-supereffective|p2b: Jirachi\n|-damage|p2b: Jirachi|0 fnt\n|faint|p2b: Jirachi\n|\n|-weather|SunnyDay|[upkeep]\n|upkeep\n|\n|t:|1699739740\n|switch|p2b: Incineroar|Incineroar, F|100\/100\n|-status|p2b: Incineroar|tox\n|-ability|p2b: Incineroar|Intimidate|boost\n|-unboost|p1a: Heatran|atk|1\n|-unboost|p1b: Shiftry|atk|1\n|turn|8\n|\n|t:|1699739780\n|switch|p1a: Charizard|Charizard-Mega-Y, M|16\/100\n|move|p2b: Incineroar|Fake Out|p1b: Shiftry\n|-damage|p1b: Shiftry|84\/100\n|move|p2a: Salamence|Facade|p1a: Charizard\n|-damage|p1a: Charizard|0 fnt\n|faint|p1a: Charizard\n|cant|p1b: Shiftry|flinch\n|\n|-weather|SunnyDay|[upkeep]\n|-damage|p2b: Incineroar|94\/100 tox|[from] psn\n|upkeep\n|\n|t:|1699739797\n|switch|p1a: Walking Wake|Walking Wake|100\/100\n|-activate|p1a: Walking Wake|ability: Protosynthesis\n|-start|p1a: Walking Wake|protosynthesisspa\n|turn|9\n|\n|t:|1699739817\n|-terastallize|p1a: Walking Wake|Water\n|move|p2a: Salamence|Facade|p1a: Walking Wake\n|-damage|p1a: Walking Wake|0 fnt\n|faint|p1a: Walking Wake\n|-end|p1a: Walking Wake|Protosynthesis|[silent]\n|move|p1b: Shiftry|Tailwind|p1b: Shiftry\n|-sidestart|p1: aceman2798|move: Tailwind\n|move|p2b: Incineroar|Parting Shot|p1b: Shiftry\n|-unboost|p1b: Shiftry|atk|1\n|-unboost|p1b: Shiftry|spa|1\n|\n|t:|1699739828\n|switch|p2b: Ogerpon|Ogerpon-Wellspring, F|100\/100|[from] Parting Shot\n|-status|p2b: Ogerpon|tox\n|\n|-weather|SunnyDay|[upkeep]\n|-damage|p2b: Ogerpon|95\/100 tox|[from] psn\n|upkeep\n|\n|t:|1699739831\n|switch|p1a: Venusaur|Venusaur, M|100\/100\n|turn|10\n|\n|t:|1699739861\n|switch|p1b: Heatran|Heatran, M|48\/100\n|move|p2b: Ogerpon|Follow Me|p2b: Ogerpon\n|-singleturn|p2b: Ogerpon|move: Follow Me\n|move|p1a: Venusaur|Sleep Powder|p2b: Ogerpon\n|-immune|p2b: Ogerpon\n|move|p2a: Salamence|Facade|p1a: Venusaur\n|-supereffective|p1a: Venusaur\n|-damage|p1a: Venusaur|0 fnt\n|faint|p1a: Venusaur\n|\n|-weather|SunnyDay|[upkeep]\n|-damage|p2b: Ogerpon|83\/100 tox|[from] psn\n|upkeep\n|\n|t:|1699739874\n|switch|p1a: Shiftry|Shiftry, F|84\/100\n|turn|11\n|\n|t:|1699739880\n|move|p2b: Ogerpon|Spiky Shield|p2b: Ogerpon\n|-singleturn|p2b: Ogerpon|move: Protect\n|move|p1a: Shiftry|Knock Off|p2a: Salamence\n|-damage|p2a: Salamence|69\/100\n|move|p1b: Heatran|Eruption|p2b: Ogerpon|[spread] p2a\n|-activate|p2b: Ogerpon|move: Protect\n|-resisted|p2a: Salamence\n|-damage|p2a: Salamence|47\/100\n|move|p2a: Salamence|Earthquake|p1a: Shiftry|[spread] p1a,p1b\n|-activate|p2b: Ogerpon|move: Protect\n|-resisted|p1a: Shiftry\n|-supereffective|p1b: Heatran\n|-damage|p1a: Shiftry|32\/100\n|-damage|p1b: Heatran|0 fnt\n|faint|p1b: Heatran\n|\n|-weather|none\n|-damage|p2b: Ogerpon|65\/100 tox|[from] psn\n|upkeep\n|turn|12\n|c|\u2606aceman2798|gg\n|\n|t:|1699739897\n|move|p2a: Salamence|Facade|p1a: Shiftry\n|-supereffective|p1a: Shiftry\n|-damage|p1a: Shiftry|0 fnt\n|faint|p1a: Shiftry\n|\n|win|drew0723\n|c|\u2606drew0723|GG\n","uploadtime":1699739908,"views":54,"p1id":"aceman2798","p2id":"drew0723","formatid":"gen9nationaldexdoubles","rating":0,"private":0,"password":""}