{"id":"gen9nationaldexdoubles-1969067576","p1":"OnlyPyper","p2":"mixco","format":"[Gen 9] National Dex Doubles","log":"|j|\u2606OnlyPyper\n|j|\u2606mixco\n|t:|1697487215\n|gametype|doubles\n|player|p1|OnlyPyper|candice|\n|player|p2|mixco|penny|\n|teamsize|p1|6\n|teamsize|p2|6\n|gen|9\n|tier|[Gen 9] National Dex Doubles\n|rule|HP Percentage Mod: HP is shown in percentages\n|rule|Endless Battle Clause: Forcing endless battles is banned\n|rule|OHKO Clause: OHKO moves are banned\n|rule|Evasion Moves Clause: Evasion moves are banned\n|rule|Evasion Abilities Clause: Evasion abilities are banned\n|rule|Species Clause: Limit one of each Pok\u00e9mon\n|rule|Gravity Sleep Clause: The combination of sleep-inducing moves with imperfect accuracy and Gravity or Gigantamax Orbeetle are banned\n|clearpoke\n|poke|p1|Roserade, F|\n|poke|p1|Vespiquen, F|\n|poke|p1|Mismagius, F|\n|poke|p1|Milotic, F|\n|poke|p1|Rhyperior, F|\n|poke|p1|Meloetta|\n|poke|p2|Venusaur, F|\n|poke|p2|Butterfree, F|\n|poke|p2|Raticate, M|\n|poke|p2|Arcanine, M|\n|poke|p2|Jolteon, M|\n|poke|p2|Lapras, F|\n|teampreview\n|c|\u2606OnlyPyper|Suerte uwu\n|c|\u2606OnlyPyper|Si pierdes tu cola me pertenece\n|c|\u2606mixco|Okey uwu\n|c|\u2606OnlyPyper|UwU\n|\n|t:|1697487271\n|start\n|switch|p1a: Honey|Vespiquen, F|100\/100\n|switch|p1b: Rosita|Roserade, F|100\/100\n|switch|p2a: Fri fayer|Raticate, M|100\/100\n|switch|p2b: Silky|Butterfree, F|100\/100\n|-ability|p1a: Honey|Unnerve\n|turn|1\n|\n|t:|1697487289\n|move|p2a: Fri fayer|Protect|p2a: Fri fayer\n|-singleturn|p2a: Fri fayer|Protect\n|move|p1b: Rosita|Leaf Storm|p2a: Fri fayer\n|-activate|p2a: Fri fayer|move: Protect\n|move|p2b: Silky|Sleep Powder|p1a: Honey\n|-status|p1a: Honey|slp|[from] move: Sleep Powder\n|cant|p1a: Honey|slp\n|\n|-status|p2a: Fri fayer|brn|[from] item: Flame Orb\n|upkeep\n|turn|2\n|\n|t:|1697487324\n|switch|p2a: Hana|Venusaur, F|100\/100\n|move|p1b: Rosita|Leaf Storm|p2a: Hana\n|-resisted|p2a: Hana\n|-damage|p2a: Hana|76\/100\n|-unboost|p1b: Rosita|spa|2\n|move|p2b: Silky|Electroweb|p1b: Rosita|[spread] p1a,p1b\n|-supereffective|p1a: Honey\n|-resisted|p1b: Rosita\n|-damage|p1a: Honey|89\/100 slp\n|-damage|p1b: Rosita|96\/100\n|-unboost|p1a: Honey|spe|1\n|-unboost|p1b: Rosita|spe|1\n|cant|p1a: Honey|slp\n|\n|upkeep\n|turn|3\n|\n|t:|1697487350\n|switch|p1b: Kiret|Rhyperior, F, shiny|100\/100\n|detailschange|p2a: Hana|Venusaur-Mega, F\n|-mega|p2a: Hana|Venusaur|Venusaurite\n|move|p2b: Silky|Pollen Puff|p2a: Hana\n|-heal|p2a: Hana|100\/100\n|move|p2a: Hana|Sludge Bomb|p1b: Kiret\n|-resisted|p1b: Kiret\n|-damage|p1b: Kiret|84\/100\n|-curestatus|p1a: Honey|slp|[msg]\n|move|p1a: Honey|Tailwind|p1a: Honey\n|-sidestart|p1: OnlyPyper|move: Tailwind\n|\n|upkeep\n|turn|4\n|\n|t:|1697487421\n|-terastallize|p1b: Kiret|Fire\n|-terastallize|p2b: Silky|Steel\n|move|p1a: Honey|Helping Hand|p1b: Kiret\n|-singleturn|p1b: Kiret|Helping Hand|[of] p1a: Honey\n|move|p1b: Kiret|Rock Slide|p2a: Hana|[spread] p2a,p2b\n|-resisted|p2b: Silky\n|-damage|p2a: Hana|65\/100\n|-damage|p2b: Silky|57\/100\n|cant|p2b: Silky|flinch\n|move|p2a: Hana|Giga Drain|p1b: Kiret\n|-resisted|p1b: Kiret\n|-damage|p1b: Kiret|54\/100\n|-heal|p2a: Hana|80\/100|[from] drain|[of] p1b: Kiret\n|\n|upkeep\n|turn|5\n|\n|t:|1697487458\n|move|p1b: Kiret|Heat Crash|p2b: Silky\n|-supereffective|p2b: Silky\n|-damage|p2b: Silky|0 fnt\n|faint|p2b: Silky\n|move|p2a: Hana|Earth Power|p1b: Kiret\n|-supereffective|p1b: Kiret\n|-damage|p1b: Kiret|0 fnt\n|faint|p1b: Kiret\n|move|p1a: Honey|Pollen Puff|p1: Kiret|[notarget]\n|-fail|p1a: Honey\n|\n|upkeep\n|\n|t:|1697487475\n|switch|p2b: Sparky|Jolteon, M|100\/100\n|switch|p1b: Meloetta|Meloetta|100\/100\n|turn|6\n|\n|t:|1697487500\n|switch|p2a: Shiza|Arcanine, M|100\/100\n|-ability|p2a: Shiza|Intimidate|boost\n|-unboost|p1a: Honey|atk|1\n|-unboost|p1b: Meloetta|atk|1\n|-zpower|p1b: Meloetta\n|move|p1b: Meloetta|Z-Celebrate|p1b: Meloetta|[anim]Celebrate\n|-boost|p1b: Meloetta|atk|1|[zeffect]\n|-boost|p1b: Meloetta|def|1|[zeffect]\n|-boost|p1b: Meloetta|spa|1|[zeffect]\n|-boost|p1b: Meloetta|spd|1|[zeffect]\n|-boost|p1b: Meloetta|spe|1|[zeffect]\n|-activate|p1b: Meloetta|move: Celebrate\n|move|p2b: Sparky|Volt Switch|p1b: Meloetta\n|-damage|p1b: Meloetta|75\/100\n|\n|t:|1697487536\n|switch|p2b: Hana|Venusaur-Mega, F|80\/100|[from] Volt Switch\n|move|p1a: Honey|Pollen Puff|p2a: Shiza\n|-resisted|p2a: Shiza\n|-damage|p2a: Shiza|89\/100\n|\n|-sideend|p1: OnlyPyper|move: Tailwind\n|upkeep\n|turn|7\n|\n|t:|1697487555\n|move|p2b: Hana|Protect|p2b: Hana\n|-singleturn|p2b: Hana|Protect\n|move|p1b: Meloetta|Baton Pass|p1b: Meloetta\n|\n|t:|1697487564\n|switch|p1b: Ariel|Milotic, F|100\/100|[from] Baton Pass\n|move|p2a: Shiza|Snarl|p1b: Ariel|[spread] p1a,p1b\n|-crit|p1a: Honey\n|-damage|p1a: Honey|78\/100\n|-damage|p1b: Ariel|97\/100\n|-unboost|p1a: Honey|spa|1\n|-unboost|p1b: Ariel|spa|1\n|-ability|p1b: Ariel|Competitive|boost\n|-boost|p1b: Ariel|spa|2\n|move|p1a: Honey|Tailwind|p1a: Honey\n|-sidestart|p1: OnlyPyper|move: Tailwind\n|\n|upkeep\n|turn|8\n|\n|t:|1697487588\n|switch|p2a: Melody|Lapras, F|100\/100\n|switch|p1a: Hex|Mismagius, F|100\/100\n|move|p1b: Ariel|Coil|p1b: Ariel\n|-boost|p1b: Ariel|atk|1\n|-boost|p1b: Ariel|def|1\n|-boost|p1b: Ariel|accuracy|1\n|move|p2b: Hana|Giga Drain|p1b: Ariel\n|-supereffective|p1b: Ariel\n|-damage|p1b: Ariel|67\/100\n|-heal|p2b: Hana|96\/100|[from] drain|[of] p1b: Ariel\n|\n|upkeep\n|turn|9\n|\n|t:|1697487613\n|move|p2a: Melody|Helping Hand|p2b: Hana\n|-singleturn|p2b: Hana|Helping Hand|[of] p2a: Melody\n|move|p1a: Hex|Will-O-Wisp|p2a: Melody\n|-status|p2a: Melody|brn\n|move|p1b: Ariel|Hypnosis|p2b: Hana|[miss]\n|-miss|p1b: Ariel|p2b: Hana\n|move|p2b: Hana|Giga Drain|p1b: Ariel\n|-supereffective|p1b: Ariel\n|-damage|p1b: Ariel|20\/100\n|-heal|p2b: Hana|100\/100|[from] drain|[of] p1b: Ariel\n|-enditem|p1b: Ariel|Sitrus Berry|[eat]\n|-heal|p1b: Ariel|44\/100|[from] item: Sitrus Berry\n|\n|-damage|p2a: Melody|94\/100 brn|[from] brn\n|upkeep\n|turn|10\n|\n|t:|1697487634\n|move|p2b: Hana|Protect|p2b: Hana\n|-singleturn|p2b: Hana|Protect\n|move|p1a: Hex|Shadow Ball|p2a: Melody\n|-damage|p2a: Melody|74\/100 brn\n|-unboost|p2a: Melody|spd|1\n|move|p1b: Ariel|Recover|p1b: Ariel\n|-heal|p1b: Ariel|94\/100\n|move|p2a: Melody|Freeze-Dry|p1b: Ariel\n|-supereffective|p1b: Ariel\n|-damage|p1b: Ariel|78\/100\n|\n|-heal|p2a: Melody|80\/100 brn|[from] item: Leftovers\n|-damage|p2a: Melody|74\/100 brn|[from] brn\n|-sideend|p1: OnlyPyper|move: Tailwind\n|upkeep\n|turn|11\n|\n|t:|1697487660\n|switch|p2b: Fri fayer|Raticate, M|100\/100 brn\n|move|p2a: Melody|Protect|p2a: Melody\n|-singleturn|p2a: Melody|Protect\n|move|p1a: Hex|Shadow Ball|p2a: Melody\n|-activate|p2a: Melody|move: Protect\n|move|p1b: Ariel|Scald|p2b: Fri fayer\n|-damage|p2b: Fri fayer|0 fnt\n|faint|p2b: Fri fayer\n|\n|-heal|p2a: Melody|80\/100 brn|[from] item: Leftovers\n|-damage|p2a: Melody|74\/100 brn|[from] brn\n|upkeep\n|\n|t:|1697487672\n|switch|p2b: Hana|Venusaur-Mega, F|100\/100\n|turn|12\n|c|\u2606OnlyPyper|Awevo\n|c|\u2606OnlyPyper|Si sali\u00f3 xd\n|c|\u2606mixco|Top 10 jugadas:\n|c|\u2606OnlyPyper|No s\u00e9 si lo dices sarc\u00e1sticamente o en qu\u00e9 sentido xd\n|c|\u2606mixco|Lo digo por mi\n|c|\u2606OnlyPyper|*pat pat *\n|\n|t:|1697487724\n|move|p2a: Melody|Helping Hand|p2b: Hana\n|-singleturn|p2b: Hana|Helping Hand|[of] p2a: Melody\n|move|p1a: Hex|Shadow Ball|p2a: Melody\n|-damage|p2a: Melody|44\/100 brn\n|move|p1b: Ariel|Coil|p1b: Ariel\n|-boost|p1b: Ariel|atk|1\n|-boost|p1b: Ariel|def|1\n|-boost|p1b: Ariel|accuracy|1\n|move|p2b: Hana|Giga Drain|p1b: Ariel\n|-supereffective|p1b: Ariel\n|-damage|p1b: Ariel|31\/100\n|\n|-heal|p2a: Melody|50\/100 brn|[from] item: Leftovers\n|-damage|p2a: Melody|44\/100 brn|[from] brn\n|upkeep\n|turn|13\n|\n|t:|1697487747\n|move|p2a: Melody|Helping Hand|p2b: Hana\n|-singleturn|p2b: Hana|Helping Hand|[of] p2a: Melody\n|move|p1a: Hex|Shadow Ball|p2a: Melody\n|-damage|p2a: Melody|14\/100 brn\n|-unboost|p2a: Melody|spd|1\n|move|p1b: Ariel|Hypnosis|p2b: Hana\n|-status|p2b: Hana|slp|[from] move: Hypnosis\n|cant|p2b: Hana|slp\n|\n|-heal|p2a: Melody|20\/100 brn|[from] item: Leftovers\n|-damage|p2a: Melody|14\/100 brn|[from] brn\n|upkeep\n|turn|14\n|\n|t:|1697487767\n|switch|p2a: Sparky|Jolteon, M|100\/100\n|move|p1a: Hex|Shadow Ball|p2a: Sparky\n|-damage|p2a: Sparky|51\/100\n|-unboost|p2a: Sparky|spd|1\n|move|p1b: Ariel|Recover|p1b: Ariel\n|-heal|p1b: Ariel|81\/100\n|-curestatus|p2b: Hana|slp|[msg]\n|move|p2b: Hana|Giga Drain|p1b: Ariel\n|-supereffective|p1b: Ariel\n|-damage|p1b: Ariel|50\/100\n|\n|upkeep\n|turn|15\n|\n|t:|1697487780\n|move|p2a: Sparky|Volt Switch|p1b: Ariel\n|-supereffective|p1b: Ariel\n|-damage|p1b: Ariel|18\/100\n|\n|t:|1697487787\n|switch|p2a: Shiza|Arcanine, M|89\/100|[from] Volt Switch\n|-ability|p2a: Shiza|Intimidate|boost\n|-unboost|p1a: Hex|atk|1\n|-unboost|p1b: Ariel|atk|1\n|-ability|p1b: Ariel|Competitive|boost\n|-boost|p1b: Ariel|spa|2\n|move|p1a: Hex|Icy Wind|p2b: Hana|[spread] p2a,p2b\n|-resisted|p2a: Shiza\n|-supereffective|p2b: Hana\n|-damage|p2a: Shiza|84\/100\n|-damage|p2b: Hana|91\/100\n|-unboost|p2a: Shiza|spe|1\n|-unboost|p2b: Hana|spe|1\n|move|p1b: Ariel|Recover|p1b: Ariel\n|-heal|p1b: Ariel|68\/100\n|move|p2b: Hana|Giga Drain|p1b: Ariel\n|-supereffective|p1b: Ariel\n|-damage|p1b: Ariel|40\/100\n|-heal|p2b: Hana|100\/100|[from] drain|[of] p1b: Ariel\n|\n|upkeep\n|turn|16\n|\n|t:|1697487811\n|switch|p1a: Meloetta|Meloetta|75\/100\n|switch|p2a: Melody|Lapras, F|14\/100 brn\n|move|p1b: Ariel|Recover|p1b: Ariel\n|-heal|p1b: Ariel|90\/100\n|move|p2b: Hana|Giga Drain|p1b: Ariel\n|-supereffective|p1b: Ariel\n|-damage|p1b: Ariel|61\/100\n|\n|-heal|p2a: Melody|20\/100 brn|[from] item: Leftovers\n|-damage|p2a: Melody|14\/100 brn|[from] brn\n|upkeep\n|turn|17\n|\n|t:|1697487825\n|move|p2a: Melody|Helping Hand|p2b: Hana\n|-singleturn|p2b: Hana|Helping Hand|[of] p2a: Melody\n|move|p1a: Meloetta|Hyper Voice|p2a: Melody|[spread] p2a,p2b\n|-damage|p2a: Melody|0 fnt\n|-damage|p2b: Hana|71\/100\n|faint|p2a: Melody\n|move|p1b: Ariel|Hypnosis|p2b: Hana\n|-status|p2b: Hana|slp|[from] move: Hypnosis\n|cant|p2b: Hana|slp\n|\n|upkeep\n|\n|t:|1697487839\n|switch|p2a: Sparky|Jolteon, M|51\/100\n|turn|18\n|\n|t:|1697487845\n|move|p2a: Sparky|Thunderbolt|p1b: Ariel\n|-supereffective|p1b: Ariel\n|-damage|p1b: Ariel|20\/100\n|move|p1a: Meloetta|Hyper Voice|p2b: Hana|[spread] p2a,p2b\n|-damage|p2a: Sparky|8\/100\n|-damage|p2b: Hana|41\/100 slp\n|move|p1b: Ariel|Recover|p1b: Ariel\n|-heal|p1b: Ariel|70\/100\n|-curestatus|p2b: Hana|slp|[msg]\n|move|p2b: Hana|Giga Drain|p1b: Ariel\n|-supereffective|p1b: Ariel\n|-damage|p1b: Ariel|42\/100\n|-heal|p2b: Hana|56\/100|[from] drain|[of] p1b: Ariel\n|\n|upkeep\n|turn|19\n|\n|t:|1697487857\n|move|p2a: Sparky|Thunderbolt|p1b: Ariel\n|-supereffective|p1b: Ariel\n|-damage|p1b: Ariel|0 fnt\n|faint|p1b: Ariel\n|move|p1a: Meloetta|Hyper Voice|p2b: Hana|[spread] p2a,p2b\n|-damage|p2a: Sparky|0 fnt\n|-damage|p2b: Hana|29\/100\n|faint|p2a: Sparky\n|move|p2b: Hana|Giga Drain|p1a: Meloetta\n|-damage|p1a: Meloetta|41\/100\n|-heal|p2b: Hana|45\/100|[from] drain|[of] p1a: Meloetta\n|\n|upkeep\n|\n|t:|1697487873\n|switch|p2a: Shiza|Arcanine, M|84\/100\n|switch|p1b: Hex|Mismagius, F|100\/100\n|-ability|p2a: Shiza|Intimidate|boost\n|-unboost|p1a: Meloetta|atk|1\n|-unboost|p1b: Hex|atk|1\n|turn|20\n|c|\u2606mixco|Hubiera hecho eso desde el principio\n|\n|t:|1697487889\n|move|p1b: Hex|Icy Wind|p2b: Hana|[spread] p2a,p2b\n|-resisted|p2a: Shiza\n|-supereffective|p2b: Hana\n|-damage|p2a: Shiza|79\/100\n|-damage|p2b: Hana|34\/100\n|-unboost|p2a: Shiza|spe|1\n|-unboost|p2b: Hana|spe|1\n|move|p1a: Meloetta|Psyshock|p2b: Hana\n|-supereffective|p2b: Hana\n|-damage|p2b: Hana|0 fnt\n|faint|p2b: Hana\n|move|p2a: Shiza|Snarl|p1b: Hex|[spread] p1a,p1b\n|-supereffective|p1a: Meloetta\n|-supereffective|p1b: Hex\n|-enditem|p1b: Hex|Colbur Berry|[eat]\n|-enditem|p1b: Hex|Colbur Berry|[weaken]\n|-damage|p1a: Meloetta|25\/100\n|-damage|p1b: Hex|89\/100\n|-unboost|p1a: Meloetta|spa|1\n|-unboost|p1b: Hex|spa|1\n|\n|upkeep\n|turn|21\n|-message|mixco forfeited.\n|\n|win|OnlyPyper\n|c|\u2606OnlyPyper|Gg\n","uploadtime":1697487910,"views":5,"p1id":"onlypyper","p2id":"mixco","formatid":"gen9nationaldexdoubles","rating":0,"private":0,"password":""}