{"id":"gen9nationaldexdoubles-1978450270","p1":"dethshed","p2":"Killette2","format":"[Gen 9] National Dex Doubles","log":"|j|\u2606dethshed\n|j|\u2606Killette2\n|t:|1698540554\n|gametype|doubles\n|player|p1|dethshed|fantina|1157\n|player|p2|Killette2|bruno|1329\n|teamsize|p1|6\n|teamsize|p2|6\n|gen|9\n|tier|[Gen 9] National Dex Doubles\n|rated|\n|rule|HP Percentage Mod: HP is shown in percentages\n|rule|Endless Battle Clause: Forcing endless battles is banned\n|rule|OHKO Clause: OHKO moves are banned\n|rule|Evasion Moves Clause: Evasion moves are banned\n|rule|Evasion Abilities Clause: Evasion abilities are banned\n|rule|Species Clause: Limit one of each Pok\u00e9mon\n|rule|Gravity Sleep Clause: The combination of sleep-inducing moves with imperfect accuracy and Gravity or Gigantamax Orbeetle are banned\n|clearpoke\n|poke|p1|Darkrai|\n|poke|p1|Clefable, M|\n|poke|p1|Lurantis, F|\n|poke|p1|Goodra-Hisui, M|\n|poke|p1|Ninetales-Alola, M|\n|poke|p1|Skeledirge, M|\n|poke|p2|Shuckle, L99, F|\n|poke|p2|Blissey, F|\n|poke|p2|Grimmsnarl, M|\n|poke|p2|Cofagrigus, L99, M|\n|poke|p2|Hatterene, L99, F|\n|poke|p2|Rillaboom, M|\n|teampreview\n|\n|t:|1698540574\n|start\n|switch|p1a: Clefable|Clefable, M|100\/100\n|switch|p1b: Ninetales|Ninetales-Alola, M|100\/100\n|switch|p2a: Rillaboom|Rillaboom, M|100\/100\n|switch|p2b: Krampus|Grimmsnarl, M|100\/100\n|-weather|Snow|[from] ability: Snow Warning|[of] p1b: Ninetales\n|-fieldstart|move: Grassy Terrain|[from] ability: Grassy Surge|[of] p2a: Rillaboom\n|turn|1\n|\n|t:|1698540590\n|move|p2b: Krampus|Taunt|p1a: Clefable\n|-start|p1a: Clefable|move: Taunt\n|move|p1b: Ninetales|Aurora Veil|p1b: Ninetales\n|-sidestart|p1: dethshed|move: Aurora Veil\n|move|p2a: Rillaboom|Knock Off|p1b: Ninetales\n|-resisted|p1b: Ninetales\n|-damage|p1b: Ninetales|96\/100\n|move|p1a: Clefable|Blizzard|p2b: Krampus|[spread] p2a,p2b\n|-supereffective|p2a: Rillaboom\n|-damage|p2a: Rillaboom|75\/100\n|-damage|p2b: Krampus|80\/100\n|-enditem|p2a: Rillaboom|Maranga Berry|[eat]\n|-boost|p2a: Rillaboom|spd|1|[from] item: Maranga Berry\n|\n|-weather|Snow|[upkeep]\n|-heal|p1b: Ninetales|100\/100|[from] Grassy Terrain\n|-heal|p2a: Rillaboom|81\/100|[from] Grassy Terrain\n|-heal|p2b: Krampus|86\/100|[from] Grassy Terrain\n|upkeep\n|turn|2\n|\n|t:|1698540614\n|move|p2b: Krampus|Light Screen|p2b: Krampus\n|-sidestart|p2: Killette2|move: Light Screen\n|move|p1b: Ninetales|Blizzard|p2b: Krampus|[spread] p2a,p2b\n|-supereffective|p2a: Rillaboom\n|-damage|p2a: Rillaboom|63\/100\n|-damage|p2b: Krampus|68\/100\n|move|p2a: Rillaboom|Knock Off|p1a: Clefable\n|-resisted|p1a: Clefable\n|-damage|p1a: Clefable|93\/100\n|-enditem|p1a: Clefable|Leftovers|[from] move: Knock Off|[of] p2a: Rillaboom\n|move|p1a: Clefable|Blizzard|p2b: Krampus|[spread] p2a,p2b\n|-supereffective|p2a: Rillaboom\n|-damage|p2a: Rillaboom|44\/100\n|-damage|p2b: Krampus|55\/100\n|\n|-weather|Snow|[upkeep]\n|-heal|p2a: Rillaboom|50\/100|[from] Grassy Terrain\n|-heal|p2b: Krampus|61\/100|[from] Grassy Terrain\n|-heal|p1a: Clefable|99\/100|[from] Grassy Terrain\n|upkeep\n|turn|3\n|\n|t:|1698540647\n|move|p2b: Krampus|Reflect|p2b: Krampus\n|-sidestart|p2: Killette2|Reflect\n|move|p1b: Ninetales|Blizzard|p2a: Rillaboom|[spread] p2a,p2b\n|-supereffective|p2a: Rillaboom\n|-damage|p2a: Rillaboom|33\/100\n|-damage|p2b: Krampus|43\/100\n|-status|p2a: Rillaboom|frz\n|cant|p2a: Rillaboom|frz\n|move|p1a: Clefable|Blizzard|p2a: Rillaboom|[spread] p2a,p2b\n|-supereffective|p2a: Rillaboom\n|-crit|p2a: Rillaboom\n|-damage|p2a: Rillaboom|0 fnt\n|-damage|p2b: Krampus|30\/100\n|faint|p2a: Rillaboom\n|\n|-weather|Snow|[upkeep]\n|-heal|p2b: Krampus|36\/100|[from] Grassy Terrain\n|-heal|p1a: Clefable|100\/100|[from] Grassy Terrain\n|-end|p1a: Clefable|move: Taunt\n|upkeep\n|\n|t:|1698540651\n|switch|p2a: Ancient Evil|Cofagrigus, L99, M|100\/100\n|turn|4\n|l|\u2606dethshed\n|player|p1|\n|j|\u2606dethshed\n|player|p1|dethshed|fantina\n|\n|t:|1698540686\n|move|p2b: Krampus|Taunt|p1a: Clefable\n|-start|p1a: Clefable|move: Taunt\n|move|p1b: Ninetales|Dark Pulse|p2a: Ancient Evil\n|-supereffective|p2a: Ancient Evil\n|-damage|p2a: Ancient Evil|80\/100\n|cant|p1a: Clefable|move: Taunt|Calm Mind\n|cant|p2a: Ancient Evil|flinch\n|\n|-weather|Snow|[upkeep]\n|-heal|p2b: Krampus|42\/100|[from] Grassy Terrain\n|-heal|p2a: Ancient Evil|86\/100|[from] Grassy Terrain\n|upkeep\n|turn|5\n|l|\u2606Killette2\n|player|p2|\n|j|\u2606Killette2\n|player|p2|Killette2|bruno\n|\n|t:|1698540728\n|switch|p2b: 1ManArmy|Blissey, F|100\/100\n|move|p1b: Ninetales|Dazzling Gleam|p2a: Ancient Evil|[spread] p2a,p2b\n|-damage|p2a: Ancient Evil|73\/100\n|-damage|p2b: 1ManArmy|95\/100\n|move|p1a: Clefable|Dazzling Gleam|p2a: Ancient Evil|[spread] p2a,p2b\n|-damage|p2a: Ancient Evil|60\/100\n|-damage|p2b: 1ManArmy|90\/100\n|move|p2a: Ancient Evil|Trick Room|p2a: Ancient Evil\n|-fieldstart|move: Trick Room|[of] p2a: Ancient Evil\n|\n|-weather|none\n|-heal|p2a: Ancient Evil|66\/100|[from] Grassy Terrain\n|-heal|p2b: 1ManArmy|96\/100|[from] Grassy Terrain\n|-heal|p2b: 1ManArmy|100\/100|[from] item: Leftovers\n|-sideend|p1: dethshed|move: Aurora Veil\n|-fieldend|move: Grassy Terrain\n|upkeep\n|turn|6\n|\n|t:|1698540748\n|move|p2a: Ancient Evil|Guard Split|p2b: 1ManArmy\n|-activate|p2a: Ancient Evil|move: Guard Split|[of] p2b: 1ManArmy\n|move|p2b: 1ManArmy|Charge Beam|p1b: Ninetales\n|-damage|p1b: Ninetales|88\/100\n|-boost|p2b: 1ManArmy|spa|1\n|move|p1a: Clefable|Blizzard|p2b: 1ManArmy|[spread] p2a,p2b\n|-damage|p2a: Ancient Evil|54\/100\n|-damage|p2b: 1ManArmy|96\/100\n|move|p1b: Ninetales|Blizzard|p2a: Ancient Evil|[spread] p2b\n|-miss|p1b: Ninetales|p2a: Ancient Evil\n|-damage|p2b: 1ManArmy|89\/100\n|\n|-heal|p2b: 1ManArmy|95\/100|[from] item: Leftovers\n|-end|p1a: Clefable|move: Taunt\n|upkeep\n|turn|7\n|\n|t:|1698540771\n|switch|p2a: Sweeper|Shuckle, L99, F|100\/100\n|move|p2b: 1ManArmy|Charge Beam|p1b: Ninetales\n|-damage|p1b: Ninetales|67\/100\n|-boost|p2b: 1ManArmy|spa|1\n|move|p1a: Clefable|Calm Mind|p1a: Clefable\n|-boost|p1a: Clefable|spa|1\n|-boost|p1a: Clefable|spd|1\n|move|p1b: Ninetales|Blizzard|p2a: Sweeper|[spread] p2a,p2b\n|-damage|p2a: Sweeper|88\/100\n|-damage|p2b: 1ManArmy|89\/100\n|\n|-heal|p2b: 1ManArmy|95\/100|[from] item: Leftovers\n|upkeep\n|turn|8\n|\n|t:|1698540792\n|move|p2a: Sweeper|Acupressure|p2b: 1ManArmy\n|-boost|p2b: 1ManArmy|accuracy|2\n|move|p2b: 1ManArmy|Mimic|p2a: Sweeper\n|-start|p2b: 1ManArmy|Mimic|Acupressure\n|move|p1a: Clefable|Calm Mind|p1a: Clefable\n|-boost|p1a: Clefable|spa|1\n|-boost|p1a: Clefable|spd|1\n|move|p1b: Ninetales|Blizzard|p2b: 1ManArmy|[spread] p2a,p2b\n|-damage|p2a: Sweeper|76\/100\n|-damage|p2b: 1ManArmy|88\/100\n|\n|-heal|p2b: 1ManArmy|94\/100|[from] item: Leftovers\n|upkeep\n|turn|9\n|\n|t:|1698540819\n|move|p2a: Sweeper|Power Split|p1a: Clefable\n|-activate|p2a: Sweeper|move: Power Split|[of] p1a: Clefable\n|move|p2b: 1ManArmy|Acupressure|p2b: 1ManArmy\n|-boost|p2b: 1ManArmy|accuracy|2\n|move|p1a: Clefable|Calm Mind|p1a: Clefable\n|-boost|p1a: Clefable|spa|1\n|-boost|p1a: Clefable|spd|1\n|move|p1b: Ninetales|Blizzard|p2b: 1ManArmy|[spread] p2a,p2b\n|-damage|p2a: Sweeper|65\/100\n|-damage|p2b: 1ManArmy|87\/100\n|\n|-heal|p2b: 1ManArmy|93\/100|[from] item: Leftovers\n|-sideend|p2: Killette2|move: Light Screen\n|-fieldend|move: Trick Room\n|upkeep\n|turn|10\n|\n|t:|1698540840\n|move|p1b: Ninetales|Blizzard|p2b: 1ManArmy|[spread] p2b\n|-miss|p1b: Ninetales|p2a: Sweeper\n|-damage|p2b: 1ManArmy|84\/100\n|move|p1a: Clefable|Dazzling Gleam|p2a: Sweeper|[spread] p2a,p2b\n|-damage|p2a: Sweeper|47\/100\n|-damage|p2b: 1ManArmy|72\/100\n|move|p2b: 1ManArmy|Acupressure|p2b: 1ManArmy\n|-boost|p2b: 1ManArmy|spe|2\n|move|p2a: Sweeper|Stealth Rock|p1b: Ninetales\n|-sidestart|p1: dethshed|move: Stealth Rock\n|\n|-heal|p2b: 1ManArmy|78\/100|[from] item: Leftovers\n|-sideend|p2: Killette2|Reflect\n|upkeep\n|turn|11\n|\n|t:|1698540858\n|switch|p2a: Ancient Evil|Cofagrigus, L99, M|54\/100\n|move|p1b: Ninetales|Blizzard|p2b: 1ManArmy|[spread] p2a,p2b\n|-damage|p2a: Ancient Evil|29\/100\n|-damage|p2b: 1ManArmy|69\/100\n|move|p2b: 1ManArmy|Acupressure|p2b: 1ManArmy\n|-boost|p2b: 1ManArmy|evasion|2\n|move|p1a: Clefable|Flamethrower|p2a: Ancient Evil\n|-damage|p2a: Ancient Evil|0 fnt\n|faint|p2a: Ancient Evil\n|\n|-heal|p2b: 1ManArmy|75\/100|[from] item: Leftovers\n|upkeep\n|\n|t:|1698540866\n|switch|p2a: Krampus|Grimmsnarl, M|42\/100\n|turn|12\n|\n|t:|1698540885\n|move|p2a: Krampus|Light Screen|p2a: Krampus\n|-sidestart|p2: Killette2|move: Light Screen\n|move|p1b: Ninetales|Dazzling Gleam|p2a: Krampus|[spread] p2a,p2b\n|-supereffective|p2a: Krampus\n|-damage|p2a: Krampus|15\/100\n|-damage|p2b: 1ManArmy|71\/100\n|move|p2b: 1ManArmy|Acupressure|p2b: 1ManArmy\n|-boost|p2b: 1ManArmy|evasion|2\n|move|p1a: Clefable|Flamethrower|p2b: 1ManArmy\n|-damage|p2b: 1ManArmy|64\/100\n|\n|-heal|p2b: 1ManArmy|70\/100|[from] item: Leftovers\n|upkeep\n|turn|13\n|\n|t:|1698540907\n|move|p2a: Krampus|Taunt|p1a: Clefable\n|-start|p1a: Clefable|move: Taunt\n|move|p1b: Ninetales|Dark Pulse|p2b: 1ManArmy\n|-damage|p2b: 1ManArmy|65\/100\n|move|p2b: 1ManArmy|Acupressure|p2b: 1ManArmy\n|-boost|p2b: 1ManArmy|def|2\n|move|p1a: Clefable|Dazzling Gleam|p2b: 1ManArmy|[spread] p2a,p2b\n|-supereffective|p2a: Krampus\n|-damage|p2a: Krampus|0 fnt\n|-damage|p2b: 1ManArmy|58\/100\n|faint|p2a: Krampus\n|\n|-heal|p2b: 1ManArmy|64\/100|[from] item: Leftovers\n|upkeep\n|\n|t:|1698540925\n|switch|p2a: Hatmemey|Hatterene, L99, F|100\/100\n|turn|14\n|\n|t:|1698540937\n|move|p1b: Ninetales|Dark Pulse|p2a: Hatmemey\n|-damage|p2a: Hatmemey|93\/100\n|move|p2b: 1ManArmy|Acupressure|p2a: Hatmemey\n|-boost|p2a: Hatmemey|spe|2\n|move|p1a: Clefable|Blizzard|p2b: 1ManArmy|[spread] p2a,p2b\n|-damage|p2a: Hatmemey|79\/100\n|-damage|p2b: 1ManArmy|57\/100\n|cant|p2a: Hatmemey|flinch\n|\n|-heal|p2b: 1ManArmy|63\/100|[from] item: Leftovers\n|upkeep\n|turn|15\n|l|\u2606Killette2\n|player|p2|\n|j|\u2606Killette2\n|player|p2|Killette2|bruno\n|\n|t:|1698540984\n|move|p1b: Ninetales|Dark Pulse|p2a: Hatmemey\n|-damage|p2a: Hatmemey|70\/100\n|move|p2b: 1ManArmy|Acupressure|p2a: Hatmemey\n|-boost|p2a: Hatmemey|spe|2\n|move|p1a: Clefable|Blizzard|p2a: Hatmemey|[spread] p2a\n|-miss|p1a: Clefable|p2b: 1ManArmy\n|-damage|p2a: Hatmemey|57\/100\n|cant|p2a: Hatmemey|flinch\n|\n|-heal|p2b: 1ManArmy|69\/100|[from] item: Leftovers\n|-end|p1a: Clefable|move: Taunt\n|upkeep\n|turn|16\n|\n|t:|1698541011\n|switch|p1b: Darkrai|Darkrai|100\/100\n|-damage|p1b: Darkrai|88\/100|[from] Stealth Rock\n|move|p2b: 1ManArmy|Acupressure|p2a: Hatmemey\n|-boost|p2a: Hatmemey|spd|2\n|move|p1a: Clefable|Dazzling Gleam|p2b: 1ManArmy|[spread] p2a,p2b\n|-damage|p2a: Hatmemey|43\/100\n|-damage|p2b: 1ManArmy|62\/100\n|move|p2a: Hatmemey|Trick Room|p2a: Hatmemey\n|-fieldstart|move: Trick Room|[of] p2a: Hatmemey\n|\n|-heal|p2b: 1ManArmy|68\/100|[from] item: Leftovers\n|-heal|p1b: Darkrai|94\/100|[from] item: Leftovers\n|upkeep\n|turn|17\n|\n|t:|1698541032\n|move|p1a: Clefable|Dazzling Gleam|p2b: 1ManArmy|[spread] p2a,p2b\n|-damage|p2a: Hatmemey|30\/100\n|-damage|p2b: 1ManArmy|60\/100\n|move|p2a: Hatmemey|Skill Swap|p1a: Clefable\n|-activate|p2a: Hatmemey|move: Skill Swap|Unaware|Magic Bounce|[of] p1a: Clefable\n|move|p2b: 1ManArmy|Charge Beam|p1a: Clefable\n|-damage|p1a: Clefable|91\/100\n|-boost|p2b: 1ManArmy|spa|1\n|move|p1b: Darkrai|Hypnosis|p2b: 1ManArmy|[miss]\n|-miss|p1b: Darkrai|p2b: 1ManArmy\n|\n|-heal|p2b: 1ManArmy|66\/100|[from] item: Leftovers\n|-heal|p1b: Darkrai|99\/100|[from] item: Leftovers\n|upkeep\n|turn|18\n|\n|t:|1698541055\n|move|p1a: Clefable|Blizzard|p2b: 1ManArmy|[spread] p2a\n|-miss|p1a: Clefable|p2b: 1ManArmy\n|-damage|p2a: Hatmemey|27\/100\n|-status|p2a: Hatmemey|frz\n|cant|p2a: Hatmemey|frz\n|move|p2b: 1ManArmy|Charge Beam|p1b: Darkrai\n|-damage|p1b: Darkrai|69\/100\n|-boost|p2b: 1ManArmy|spa|1\n|move|p1b: Darkrai|Hypnosis|p2b: 1ManArmy\n|-status|p2b: 1ManArmy|slp|[from] move: Hypnosis\n|\n|-heal|p2b: 1ManArmy|72\/100 slp|[from] item: Leftovers\n|-heal|p1b: Darkrai|75\/100|[from] item: Leftovers\n|-damage|p2b: 1ManArmy|60\/100 slp|[from] ability: Bad Dreams|[of] p1b: Darkrai\n|upkeep\n|turn|19\n|c|\u2606Killette2|This game is stupid, i play wisely and still get flinched and frozen\n|\n|t:|1698541094\n|move|p1a: Clefable|Calm Mind|p1a: Clefable\n|-boost|p1a: Clefable|spa|1\n|-boost|p1a: Clefable|spd|1\n|cant|p2a: Hatmemey|frz\n|cant|p2b: 1ManArmy|slp\n|move|p1b: Darkrai|Rock Slide|p2a: Hatmemey|[spread] p2a,p2b\n|-damage|p2a: Hatmemey|15\/100 frz\n|-damage|p2b: 1ManArmy|57\/100 slp\n|\n|-heal|p2b: 1ManArmy|63\/100 slp|[from] item: Leftovers\n|-heal|p1b: Darkrai|81\/100|[from] item: Leftovers\n|-sideend|p2: Killette2|move: Light Screen\n|-damage|p2b: 1ManArmy|51\/100 slp|[from] ability: Bad Dreams|[of] p1b: Darkrai\n|upkeep\n|turn|20\n|\n|t:|1698541117\n|move|p1a: Clefable|Flamethrower|p2b: 1ManArmy|[miss]\n|-miss|p1a: Clefable|p2b: 1ManArmy\n|cant|p2a: Hatmemey|frz\n|-curestatus|p2b: 1ManArmy|slp|[msg]\n|move|p2b: 1ManArmy|Acupressure|p2a: Hatmemey\n|-boost|p2a: Hatmemey|evasion|2\n|move|p1b: Darkrai|Drain Punch|p2b: 1ManArmy|[miss]\n|-miss|p1b: Darkrai|p2b: 1ManArmy\n|\n|-heal|p2b: 1ManArmy|57\/100|[from] item: Leftovers\n|-heal|p1b: Darkrai|87\/100|[from] item: Leftovers\n|-fieldend|move: Trick Room\n|upkeep\n|turn|21\n|\n|t:|1698541137\n|move|p1b: Darkrai|Hypnosis|p2b: 1ManArmy\n|-status|p2b: 1ManArmy|slp|[from] move: Hypnosis\n|cant|p2b: 1ManArmy|slp\n|cant|p2a: Hatmemey|frz\n|move|p1a: Clefable|Dazzling Gleam|p2a: Hatmemey|[spread] p2a,p2b\n|-damage|p2a: Hatmemey|10\/100 frz\n|-damage|p2b: 1ManArmy|45\/100 slp\n|\n|-heal|p1b: Darkrai|93\/100|[from] item: Leftovers\n|-heal|p2b: 1ManArmy|51\/100 slp|[from] item: Leftovers\n|-damage|p2b: 1ManArmy|38\/100 slp|[from] ability: Bad Dreams|[of] p1b: Darkrai\n|upkeep\n|turn|22\n|\n|t:|1698541160\n|move|p1b: Darkrai|Drain Punch|p2b: 1ManArmy\n|-supereffective|p2b: 1ManArmy\n|-damage|p2b: 1ManArmy|31\/100 slp\n|-heal|p1b: Darkrai|100\/100|[from] drain|[of] p2b: 1ManArmy\n|-curestatus|p2b: 1ManArmy|slp|[msg]\n|move|p2b: 1ManArmy|Rest|p2b: 1ManArmy\n|-status|p2b: 1ManArmy|slp|[from] move: Rest\n|-heal|p2b: 1ManArmy|100\/100 slp|[silent]\n|cant|p2a: Hatmemey|frz\n|move|p1a: Clefable|Flamethrower|p2b: 1ManArmy\n|-damage|p2b: 1ManArmy|86\/100 slp\n|\n|-heal|p2b: 1ManArmy|93\/100 slp|[from] item: Leftovers\n|-damage|p2b: 1ManArmy|80\/100 slp|[from] ability: Bad Dreams|[of] p1b: Darkrai\n|upkeep\n|turn|23\n|\n|t:|1698541188\n|move|p1b: Darkrai|Rock Slide|p2a: Hatmemey|[spread] p2a\n|-miss|p1b: Darkrai|p2b: 1ManArmy\n|-damage|p2a: Hatmemey|0 fnt\n|faint|p2a: Hatmemey\n|cant|p2b: 1ManArmy|slp\n|move|p1a: Clefable|Dazzling Gleam|p2b: 1ManArmy|[miss]\n|-miss|p1a: Clefable|p2b: 1ManArmy\n|\n|-heal|p2b: 1ManArmy|86\/100 slp|[from] item: Leftovers\n|-damage|p2b: 1ManArmy|74\/100 slp|[from] ability: Bad Dreams|[of] p1b: Darkrai\n|upkeep\n|\n|t:|1698541191\n|switch|p2a: Sweeper|Shuckle, L99, F|47\/100\n|turn|24\n|\n|t:|1698541211\n|move|p1b: Darkrai|Rock Slide|p2a: Sweeper|[spread] p2b\n|-miss|p1b: Darkrai|p2a: Sweeper\n|-damage|p2b: 1ManArmy|71\/100 slp\n|cant|p2b: 1ManArmy|slp\n|move|p1a: Clefable|Flamethrower|p2a: Sweeper\n|-damage|p2a: Sweeper|25\/100\n|move|p2a: Sweeper|Guard Split|p2b: 1ManArmy\n|-activate|p2a: Sweeper|move: Guard Split|[of] p2b: 1ManArmy\n|\n|-heal|p2b: 1ManArmy|77\/100 slp|[from] item: Leftovers\n|-damage|p2b: 1ManArmy|65\/100 slp|[from] ability: Bad Dreams|[of] p1b: Darkrai\n|upkeep\n|turn|25\n|\n|t:|1698541246\n|move|p1b: Darkrai|Rock Slide|p2a: Sweeper|[spread] p2a\n|-miss|p1b: Darkrai|p2b: 1ManArmy\n|-supereffective|p2a: Sweeper\n|-damage|p2a: Sweeper|8\/100\n|-curestatus|p2b: 1ManArmy|slp|[msg]\n|move|p2b: 1ManArmy|Charge Beam|p1b: Darkrai\n|-damage|p1b: Darkrai|58\/100\n|-boost|p2b: 1ManArmy|spa|1\n|move|p1a: Clefable|Calm Mind|p1a: Clefable\n|-boost|p1a: Clefable|spa|1\n|-boost|p1a: Clefable|spd|1\n|cant|p2a: Sweeper|flinch\n|\n|-heal|p1b: Darkrai|64\/100|[from] item: Leftovers\n|-heal|p2b: 1ManArmy|71\/100|[from] item: Leftovers\n|upkeep\n|turn|26\n|\n|t:|1698541271\n|move|p1b: Darkrai|Hypnosis|p2b: 1ManArmy|[miss]\n|-miss|p1b: Darkrai|p2b: 1ManArmy\n|move|p2b: 1ManArmy|Echoed Voice|p1b: Darkrai\n|-damage|p1b: Darkrai|4\/100\n|move|p1a: Clefable|Dazzling Gleam|p2b: 1ManArmy|[spread] p2a,p2b\n|-damage|p2a: Sweeper|0 fnt\n|-damage|p2b: 1ManArmy|60\/100\n|faint|p2a: Sweeper\n|\n|-heal|p1b: Darkrai|10\/100|[from] item: Leftovers\n|-heal|p2b: 1ManArmy|66\/100|[from] item: Leftovers\n|upkeep\n|turn|27\n|\n|t:|1698541294\n|move|p1b: Darkrai|Hypnosis|p2b: 1ManArmy|[miss]\n|-miss|p1b: Darkrai|p2b: 1ManArmy\n|move|p2b: 1ManArmy|Echoed Voice|p1b: Darkrai\n|-damage|p1b: Darkrai|0 fnt\n|faint|p1b: Darkrai\n|move|p1a: Clefable|Flamethrower|p2b: 1ManArmy|[miss]\n|-miss|p1a: Clefable|p2b: 1ManArmy\n|\n|-heal|p2b: 1ManArmy|72\/100|[from] item: Leftovers\n|upkeep\n|\n|t:|1698541307\n|switch|p1b: Lurantis|Lurantis, F|100\/100\n|-damage|p1b: Lurantis|88\/100|[from] Stealth Rock\n|turn|28\n|\n|t:|1698541330\n|move|p2b: 1ManArmy|Echoed Voice|p1b: Lurantis\n|-damage|p1b: Lurantis|0 fnt\n|faint|p1b: Lurantis\n|move|p1a: Clefable|Flamethrower|p2b: 1ManArmy|[miss]\n|-miss|p1a: Clefable|p2b: 1ManArmy\n|\n|-heal|p2b: 1ManArmy|79\/100|[from] item: Leftovers\n|upkeep\n|\n|t:|1698541339\n|switch|p1b: Goodra|Goodra-Hisui, M|100\/100\n|-damage|p1b: Goodra|94\/100|[from] Stealth Rock\n|turn|29\n|\n|t:|1698541352\n|move|p2b: 1ManArmy|Echoed Voice|p1a: Clefable\n|-damage|p1a: Clefable|41\/100\n|move|p1a: Clefable|Blizzard|p2b: 1ManArmy|[miss]\n|-miss|p1a: Clefable|p2b: 1ManArmy\n|move|p1b: Goodra|Dragon Pulse|p2b: 1ManArmy|[miss]\n|-miss|p1b: Goodra|p2b: 1ManArmy\n|\n|-heal|p2b: 1ManArmy|85\/100|[from] item: Leftovers\n|-heal|p1b: Goodra|100\/100|[from] item: Leftovers\n|upkeep\n|turn|30\n|\n|t:|1698541377\n|move|p2b: 1ManArmy|Acupressure|p2b: 1ManArmy\n|-boost|p2b: 1ManArmy|spe|2\n|move|p1a: Clefable|Flamethrower|p2b: 1ManArmy|[miss]\n|-miss|p1a: Clefable|p2b: 1ManArmy\n|move|p1b: Goodra|Flash Cannon|p2b: 1ManArmy|[miss]\n|-miss|p1b: Goodra|p2b: 1ManArmy\n|\n|-heal|p2b: 1ManArmy|91\/100|[from] item: Leftovers\n|upkeep\n|turn|31\n|\n|t:|1698541394\n|move|p2b: 1ManArmy|Echoed Voice|p1b: Goodra\n|-resisted|p1b: Goodra\n|-damage|p1b: Goodra|84\/100\n|move|p1a: Clefable|Flamethrower|p2b: 1ManArmy|[miss]\n|-miss|p1a: Clefable|p2b: 1ManArmy\n|move|p1b: Goodra|Flash Cannon|p2b: 1ManArmy|[miss]\n|-miss|p1b: Goodra|p2b: 1ManArmy\n|\n|-heal|p2b: 1ManArmy|97\/100|[from] item: Leftovers\n|-heal|p1b: Goodra|90\/100|[from] item: Leftovers\n|upkeep\n|turn|32\n|\n|t:|1698541409\n|move|p2b: 1ManArmy|Echoed Voice|p1b: Goodra\n|-resisted|p1b: Goodra\n|-damage|p1b: Goodra|58\/100\n|move|p1a: Clefable|Flamethrower|p2b: 1ManArmy|[miss]\n|-miss|p1a: Clefable|p2b: 1ManArmy\n|move|p1b: Goodra|Flash Cannon|p2b: 1ManArmy\n|-damage|p2b: 1ManArmy|87\/100\n|\n|-heal|p2b: 1ManArmy|93\/100|[from] item: Leftovers\n|-heal|p1b: Goodra|64\/100|[from] item: Leftovers\n|upkeep\n|turn|33\n|\n|t:|1698541431\n|switch|p1b: Skeledirge|Skeledirge, M|100\/100\n|-damage|p1b: Skeledirge|76\/100|[from] Stealth Rock\n|move|p2b: 1ManArmy|Echoed Voice|p1b: Skeledirge\n|-immune|p1b: Skeledirge\n|move|p1a: Clefable|Dazzling Gleam|p2b: 1ManArmy|[miss]\n|-miss|p1a: Clefable|p2b: 1ManArmy\n|\n|-heal|p2b: 1ManArmy|99\/100|[from] item: Leftovers\n|upkeep\n|turn|34\n|\n|t:|1698541452\n|move|p2b: 1ManArmy|Charge Beam|p1b: Skeledirge\n|-crit|p1b: Skeledirge\n|-damage|p1b: Skeledirge|64\/100\n|-boost|p2b: 1ManArmy|spa|1\n|move|p1b: Skeledirge|Torch Song|p2b: 1ManArmy\n|-damage|p2b: 1ManArmy|90\/100\n|-boost|p1b: Skeledirge|spa|1\n|move|p1a: Clefable|Dazzling Gleam|p2b: 1ManArmy|[miss]\n|-miss|p1a: Clefable|p2b: 1ManArmy\n|\n|-heal|p2b: 1ManArmy|96\/100|[from] item: Leftovers\n|upkeep\n|turn|35\n|\n|t:|1698541472\n|move|p2b: 1ManArmy|Charge Beam|p1b: Skeledirge\n|-damage|p1b: Skeledirge|56\/100\n|move|p1b: Skeledirge|Torch Song|p2b: 1ManArmy\n|-damage|p2b: 1ManArmy|83\/100\n|-boost|p1b: Skeledirge|spa|1\n|move|p1a: Clefable|Dazzling Gleam|p2b: 1ManArmy|[miss]\n|-miss|p1a: Clefable|p2b: 1ManArmy\n|\n|-heal|p2b: 1ManArmy|89\/100|[from] item: Leftovers\n|upkeep\n|turn|36\n|c|\u2606Killette2|Oops i flinched and froze, gg aside from that\n|c|\u2606dethshed|Ok\n|inactive|Battle timer is ON: inactive players will automatically lose when time's up. (requested by dethshed)\n|inactive|Killette2 has 120 seconds left.\n|inactive|Killette2 has 90 seconds left.\n|\n|t:|1698541645\n|move|p2b: 1ManArmy|Charge Beam|p1b: Skeledirge\n|-damage|p1b: Skeledirge|49\/100\n|move|p1b: Skeledirge|Torch Song|p2b: 1ManArmy\n|-damage|p2b: 1ManArmy|70\/100\n|-boost|p1b: Skeledirge|spa|1\n|move|p1a: Clefable|Dazzling Gleam|p2b: 1ManArmy|[miss]\n|-miss|p1a: Clefable|p2b: 1ManArmy\n|\n|-heal|p2b: 1ManArmy|76\/100|[from] item: Leftovers\n|upkeep\n|turn|37\n|inactive|dethshed has 120 seconds left.\n|\n|t:|1698541677\n|move|p2b: 1ManArmy|Charge Beam|p1b: Skeledirge\n|-damage|p1b: Skeledirge|41\/100\n|move|p1b: Skeledirge|Torch Song|p2b: 1ManArmy\n|-damage|p2b: 1ManArmy|53\/100\n|-boost|p1b: Skeledirge|spa|1\n|move|p1a: Clefable|Flamethrower|p2b: 1ManArmy|[miss]\n|-miss|p1a: Clefable|p2b: 1ManArmy\n|\n|-heal|p2b: 1ManArmy|59\/100|[from] item: Leftovers\n|upkeep\n|turn|38\n|inactive|dethshed has 120 seconds left.\n|inactive|Killette2 has 120 seconds left.\n|inactive|Killette2 has 90 seconds left.\n|\n|t:|1698541761\n|move|p2b: 1ManArmy|Charge Beam|p1b: Skeledirge\n|-damage|p1b: Skeledirge|33\/100\n|move|p1b: Skeledirge|Torch Song|p2b: 1ManArmy\n|-damage|p2b: 1ManArmy|30\/100\n|-boost|p1b: Skeledirge|spa|1\n|move|p1a: Clefable|Flamethrower|p2b: 1ManArmy\n|-damage|p2b: 1ManArmy|18\/100\n|\n|-heal|p2b: 1ManArmy|24\/100|[from] item: Leftovers\n|upkeep\n|turn|39\n|\n|t:|1698541776\n|move|p2b: 1ManArmy|Charge Beam|p1b: Skeledirge\n|-damage|p1b: Skeledirge|25\/100\n|move|p1b: Skeledirge|Torch Song|p2b: 1ManArmy\n|-damage|p2b: 1ManArmy|0 fnt\n|-boost|p1b: Skeledirge|spa|1\n|faint|p2b: 1ManArmy\n|\n|win|dethshed\n|raw|dethshed's rating: 1157 &rarr; <strong>1193<\/strong><br \/>(+36 for winning)\n|raw|Killette2's rating: 1329 &rarr; <strong>1300<\/strong><br \/>(-29 for losing)\n|l|\u2606Killette2\n|l|\u2606dethshed\n|j|\u2606dethshed\n|player|p1|dethshed|fantina\n","uploadtime":1698542254,"views":13,"p1id":"dethshed","p2id":"killette2","formatid":"gen9nationaldexdoubles","rating":1193,"private":0,"password":""}