{"id":"gen9nationaldexdoubles-1967968787","p1":"bibleisreal20994","p2":"luig pigyviu","format":"[Gen 9] National Dex Doubles","log":"|j|\u2606bibleisreal20994\n|j|\u2606luig pigyviu\n|t:|1697367166\n|gametype|doubles\n|player|p1|bibleisreal20994|cheren-gen5bw2|1122\n|player|p2|luig pigyviu|youngster-gen4dp|1058\n|teamsize|p1|6\n|teamsize|p2|6\n|gen|9\n|tier|[Gen 9] National Dex Doubles\n|rated|\n|rule|HP Percentage Mod: HP is shown in percentages\n|rule|Endless Battle Clause: Forcing endless battles is banned\n|rule|OHKO Clause: OHKO moves are banned\n|rule|Evasion Moves Clause: Evasion moves are banned\n|rule|Evasion Abilities Clause: Evasion abilities are banned\n|rule|Species Clause: Limit one of each Pok\u00e9mon\n|rule|Gravity Sleep Clause: The combination of sleep-inducing moves with imperfect accuracy and Gravity or Gigantamax Orbeetle are banned\n|clearpoke\n|poke|p1|Zeraora|\n|poke|p1|Delcatty, M|\n|poke|p1|Gothitelle, M|\n|poke|p1|Audino, M|\n|poke|p1|Tsareena, F|\n|poke|p1|Chandelure, M|\n|poke|p2|Indeedee, M|\n|poke|p2|Regieleki|\n|poke|p2|Meowscarada, M|\n|poke|p2|Spectrier|\n|poke|p2|Murkrow, M|\n|poke|p2|Shuckle, F|\n|teampreview\n|inactive|Battle timer is ON: inactive players will automatically lose when time's up. (requested by bibleisreal20994)\n|inactive|luig pigyviu has 120 seconds left.\n|\n|t:|1697367224\n|start\n|switch|p1a: It has Mega?|Audino, M|100\/100\n|switch|p1b: Tsareena|Tsareena, F|100\/100\n|switch|p2a: Indeedee|Indeedee, M|100\/100\n|switch|p2b: Meowscarada|Meowscarada, M|100\/100\n|-fieldstart|move: Psychic Terrain|[from] ability: Psychic Surge|[of] p2a: Indeedee\n|turn|1\n|\n|t:|1697367236\n|detailschange|p1a: It has Mega?|Audino-Mega, M\n|-mega|p1a: It has Mega?|Audino|Audinite\n|move|p2b: Meowscarada|U-turn|p1b: Tsareena\n|-start|p2b: Meowscarada|typechange|Bug|[from] ability: Protean\n|-supereffective|p1b: Tsareena\n|-crit|p1b: Tsareena\n|-damage|p1b: Tsareena|12\/100\n|-enditem|p1b: Tsareena|Sitrus Berry|[eat]\n|-heal|p1b: Tsareena|37\/100|[from] item: Sitrus Berry\n|\n|t:|1697367259\n|switch|p2b: Shuckle|Shuckle, F|100\/100|[from] U-turn\n|move|p2a: Indeedee|Expanding Force|p1a: It has Mega?|[spread] p1a,p1b\n|-damage|p1a: It has Mega?|62\/100\n|-damage|p1b: Tsareena|0 fnt\n|faint|p1b: Tsareena\n|move|p1a: It has Mega?|Trick Room|p1a: It has Mega?\n|-fieldstart|move: Trick Room|[of] p1a: It has Mega?\n|\n|upkeep\n|\n|t:|1697367270\n|switch|p1b: Shitty kitty|Delcatty, M|100\/100\n|turn|2\n|\n|t:|1697367298\n|-terastallize|p2a: Indeedee|Psychic\n|move|p2b: Shuckle|Stealth Rock|p1a: It has Mega?\n|-sidestart|p1: bibleisreal20994|move: Stealth Rock\n|move|p1a: It has Mega?|Entrainment|p2b: Shuckle\n|-endability|p2b: Shuckle|Sturdy|[from] move: Entrainment\n|-ability|p2b: Shuckle|Healer|[from] move: Entrainment\n|move|p1b: Shitty kitty|Mimic|p1a: It has Mega?\n|-start|p1b: Shitty kitty|Mimic|Entrainment\n|move|p2a: Indeedee|Expanding Force|p1a: It has Mega?|[spread] p1a,p1b\n|-damage|p1a: It has Mega?|18\/100\n|-enditem|p1b: Shitty kitty|Focus Sash\n|-damage|p1b: Shitty kitty|1\/100\n|\n|upkeep\n|turn|3\n|inactive|luig pigyviu has 120 seconds left.\n|inactive|bibleisreal20994 has 120 seconds left.\n|inactive|luig pigyviu has 90 seconds left.\n|inactive|luig pigyviu has 60 seconds left.\n|inactive|luig pigyviu has 30 seconds left.\n|inactive|luig pigyviu has 20 seconds left.\n|\n|t:|1697367432\n|switch|p1a: Chandelure|Chandelure, M|100\/100\n|switch|p2a: Meowscarada|Meowscarada, M|100\/100\n|-terastallize|p1b: Shitty kitty|Ghost\n|move|p2b: Shuckle|Toxic|p1a: Chandelure\n|-status|p1a: Chandelure|tox\n|move|p1b: Shitty kitty|Entrainment|p2a: Meowscarada\n|-endability|p2a: Meowscarada|Protean|[from] move: Entrainment\n|-ability|p2a: Meowscarada|Normalize|[from] move: Entrainment\n|\n|-damage|p1a: Chandelure|94\/100 tox|[from] psn\n|upkeep\n|turn|4\n|inactive|bibleisreal20994 has 120 seconds left.\n|inactive|luig pigyviu has 30 seconds left.\n|\n|t:|1697367457\n|switch|p1a: Gothitelle|Gothitelle, M|100\/100\n|-damage|p1a: Gothitelle|88\/100|[from] Stealth Rock\n|switch|p2a: Regieleki|Regieleki|100\/100\n|move|p2b: Shuckle|Toxic|p1b: Shitty kitty\n|-status|p1b: Shitty kitty|tox\n|move|p1b: Shitty kitty|Entrainment|p2b: Shuckle\n|-endability|p2b: Shuckle|Healer|[from] move: Entrainment\n|-ability|p2b: Shuckle|Normalize|[from] move: Entrainment\n|\n|-heal|p1a: Gothitelle|94\/100|[from] item: Leftovers\n|-damage|p1b: Shitty kitty|0 fnt|[from] psn\n|faint|p1b: Shitty kitty\n|upkeep\n|inactive|luig pigyviu has 30 seconds left this turn.\n|\n|t:|1697367471\n|switch|p1b: Killua|Zeraora|100\/100\n|-damage|p1b: Killua|88\/100|[from] Stealth Rock\n|turn|5\n|-message|bibleisreal20994 forfeited.\n|\n|win|luig pigyviu\n|raw|bibleisreal20994's rating: 1122 &rarr; <strong>1092<\/strong><br \/>(-30 for losing)\n|raw|luig pigyviu's rating: 1058 &rarr; <strong>1095<\/strong><br \/>(+37 for winning)\n|l|\u2606bibleisreal20994\n|j| Commentator voice\n|c| Commentator voice|OUch....  AGAIN PUAHAHAHAH\n","uploadtime":1697367515,"views":11,"p1id":"bibleisreal20994","p2id":"luigpigyviu","formatid":"gen9nationaldexdoubles","rating":1092,"private":0,"password":""}