{"id":"gen9nationaldexdoubles-1999324981","p1":"Smudge","p2":"glimmeraqua","format":"[Gen 9] National Dex Doubles","log":"|j|\u2606Smudge\n|j|\u2606glimmeraqua\n|t:|1701060551\n|gametype|doubles\n|player|p1|Smudge|#dwcopiii|\n|player|p2|glimmeraqua|elesa-masters|\n|teamsize|p1|6\n|teamsize|p2|6\n|gen|9\n|tier|[Gen 9] National Dex Doubles\n|rule|HP Percentage Mod: HP is shown in percentages\n|rule|Endless Battle Clause: Forcing endless battles is banned\n|rule|OHKO Clause: OHKO moves are banned\n|rule|Evasion Moves Clause: Evasion moves are banned\n|rule|Evasion Abilities Clause: Evasion abilities are banned\n|rule|Species Clause: Limit one of each Pok\u00e9mon\n|rule|Gravity Sleep Clause: The combination of sleep-inducing moves with imperfect accuracy and Gravity or Gigantamax Orbeetle are banned\n|clearpoke\n|poke|p1|Salamence, M|\n|poke|p1|Marshadow|\n|poke|p1|Kommo-o, M|\n|poke|p1|Rillaboom, F|\n|poke|p1|Chien-Pao|\n|poke|p1|Flutter Mane|\n|poke|p2|Metagross|\n|poke|p2|Zamazenta-*|\n|poke|p2|Tornadus, M|\n|poke|p2|Indeedee-F, F|\n|poke|p2|Urshifu-*, M|\n|poke|p2|Flutter Mane|\n|teampreview\n|inactive|Battle timer is ON: inactive players will automatically lose when time's up. (requested by Smudge)\n|inactive|glimmeraqua also wants the timer to be on.\n|inactive|Smudge has 270 seconds left.\n|\n|t:|1701060583\n|start\n|switch|p1a: Rillaboom|Rillaboom, F|100\/100\n|switch|p1b: Flutter Mane|Flutter Mane|100\/100\n|switch|p2a: Staring At the Sky|Tornadus, M|100\/100\n|switch|p2b: My War Machine|Metagross, shiny|100\/100\n|turn|1\n|c|\u2606glimmeraqua|Oh\n|c|\u2606Smudge|oh no\n|c|\u2606Smudge|ughhh\n|inactive|Smudge has 270 seconds left.\n|c|\u2606Smudge|oh well\n|c|\u2606Smudge|ig\n|inactive|glimmeraqua has 270 seconds left.\n|inactive|Smudge has 240 seconds left.\n|\n|t:|1701060666\n|move|p2b: My War Machine|Protect|p2b: My War Machine\n|-singleturn|p2b: My War Machine|Protect\n|move|p1a: Rillaboom|Fake Out|p2b: My War Machine\n|-activate|p2b: My War Machine|move: Protect\n|move|p2a: Staring At the Sky|Tailwind|p2a: Staring At the Sky\n|-sidestart|p2: glimmeraqua|move: Tailwind\n|move|p1b: Flutter Mane|Shadow Ball|p2b: My War Machine\n|-activate|p2b: My War Machine|move: Protect\n|\n|upkeep\n|turn|2\n|inactive|Smudge has 240 seconds left.\n|\n|t:|1701060680\n|-end|p1b: Flutter Mane|Protosynthesis|[silent]\n|switch|p1b: Marshadow|Marshadow|100\/100\n|switch|p1a: Salamence|Salamence, M|100\/100\n|-ability|p1a: Salamence|Intimidate|boost\n|-unboost|p2a: Staring At the Sky|atk|1\n|-fail|p2b: My War Machine|unboost|[from] ability: Clear Body|[of] p2b: My War Machine\n|detailschange|p2b: My War Machine|Metagross-Mega, shiny\n|-mega|p2b: My War Machine|Metagross|Metagrossite\n|move|p2b: My War Machine|Iron Head|p1b: Marshadow\n|-damage|p1b: Marshadow|36\/100\n|-zpower|p2a: Staring At the Sky\n|move|p2a: Staring At the Sky|Supersonic Skystrike|p1a: Salamence|[zeffect]\n|-damage|p1a: Salamence|0 fnt\n|faint|p1a: Salamence\n|\n|upkeep\n|\n|t:|1701060697\n|switch|p1a: Kommo-o|Kommo-o, M|100\/100\n|turn|3\n|inactive|Smudge has 240 seconds left.\n|\n|t:|1701060711\n|-terastallize|p1a: Kommo-o|Fire\n|move|p1b: Marshadow|Shadow Sneak|p2b: My War Machine\n|-supereffective|p2b: My War Machine\n|-crit|p2b: My War Machine\n|-damage|p2b: My War Machine|38\/100\n|move|p2b: My War Machine|Zen Headbutt|p1a: Kommo-o\n|-damage|p1a: Kommo-o|67\/100\n|move|p2a: Staring At the Sky|Bleakwind Storm|p1b: Marshadow|[spread] p1a,p1b\n|-supereffective|p1b: Marshadow\n|-damage|p1a: Kommo-o|37\/100\n|-damage|p1b: Marshadow|0 fnt\n|faint|p1b: Marshadow\n|cant|p1a: Kommo-o|flinch\n|\n|-heal|p1a: Kommo-o|43\/100|[from] item: Leftovers\n|upkeep\n|inactive|Smudge has 240 seconds left.\n|\n|t:|1701060730\n|switch|p1b: Chien-Pao|Chien-Pao|100\/100\n|-ability|p1b: Chien-Pao|Sword of Ruin\n|turn|4\n|\n|t:|1701060749\n|switch|p2b: Dance Of Your Eyes|Urshifu-Rapid-Strike, M|100\/100\n|move|p2a: Staring At the Sky|Protect|p2a: Staring At the Sky\n|-singleturn|p2a: Staring At the Sky|Protect\n|move|p1a: Kommo-o|Protect|p1a: Kommo-o\n|-singleturn|p1a: Kommo-o|Protect\n|move|p1b: Chien-Pao|Icicle Crash|p2a: Staring At the Sky\n|-activate|p2a: Staring At the Sky|move: Protect\n|\n|-heal|p1a: Kommo-o|49\/100|[from] item: Leftovers\n|-sideend|p2: glimmeraqua|move: Tailwind\n|upkeep\n|turn|5\n|inactive|Smudge has 270 seconds left.\n|inactive|glimmeraqua has 270 seconds left.\n|\n|t:|1701060786\n|switch|p1a: Rillaboom|Rillaboom, F|100\/100\n|move|p2a: Staring At the Sky|Tailwind|p2a: Staring At the Sky\n|-sidestart|p2: glimmeraqua|move: Tailwind\n|move|p2b: Dance Of Your Eyes|Swords Dance|p2b: Dance Of Your Eyes\n|-boost|p2b: Dance Of Your Eyes|atk|2\n|move|p1b: Chien-Pao|Icicle Crash|p2a: Staring At the Sky\n|-supereffective|p2a: Staring At the Sky\n|-damage|p2a: Staring At the Sky|0 fnt\n|faint|p2a: Staring At the Sky\n|\n|upkeep\n|inactive|glimmeraqua has 270 seconds left.\n|\n|t:|1701060793\n|switch|p2a: You're Over Me|Indeedee-F, F|100\/100\n|-fieldstart|move: Psychic Terrain|[from] ability: Psychic Surge|[of] p2a: You're Over Me\n|-enditem|p2b: Dance Of Your Eyes|Psychic Seed\n|-boost|p2b: Dance Of Your Eyes|spd|1|[from] item: Psychic Seed\n|turn|6\n|\n|t:|1701060810\n|-terastallize|p2b: Dance Of Your Eyes|Steel\n|move|p2b: Dance Of Your Eyes|Surging Strikes|p1b: Chien-Pao\n|-crit|p1b: Chien-Pao\n|-damage|p1b: Chien-Pao|45\/100\n|-crit|p1b: Chien-Pao\n|-damage|p1b: Chien-Pao|0 fnt\n|faint|p1b: Chien-Pao\n|-hitcount|p1: Chien-Pao|2\n|move|p2a: You're Over Me|Expanding Force|p1a: Rillaboom\n|-damage|p1a: Rillaboom|62\/100\n|move|p1a: Rillaboom|Wood Hammer|p2b: Dance Of Your Eyes\n|-resisted|p2b: Dance Of Your Eyes\n|-damage|p2b: Dance Of Your Eyes|70\/100\n|-damage|p1a: Rillaboom|53\/100|[from] Recoil\n|\n|upkeep\n|j| seta0052\n|j| Jello1231\n|\n|t:|1701060823\n|switch|p1b: Flutter Mane|Flutter Mane|100\/100\n|turn|7\n|\n|t:|1701060847\n|move|p2b: Dance Of Your Eyes|Surging Strikes|p1b: Flutter Mane\n|-crit|p1b: Flutter Mane\n|-damage|p1b: Flutter Mane|25\/100\n|-crit|p1b: Flutter Mane\n|-damage|p1b: Flutter Mane|0 fnt\n|faint|p1b: Flutter Mane\n|-end|p1b: Flutter Mane|Protosynthesis|[silent]\n|-hitcount|p1: Flutter Mane|2\n|move|p2a: You're Over Me|Expanding Force|p1a: Rillaboom\n|-damage|p1a: Rillaboom|13\/100\n|move|p1a: Rillaboom|Wood Hammer|p2a: You're Over Me\n|-damage|p2a: You're Over Me|0 fnt\n|faint|p2a: You're Over Me\n|-damage|p1a: Rillaboom|0 fnt|[from] Recoil\n|faint|p1a: Rillaboom\n|\n|upkeep\n|c|\u2606Smudge|gg\n|-message|Smudge forfeited.\n|\n|win|glimmeraqua\n|c|\u2606glimmeraqua|Gg\n|l|\u2606Smudge\n|l| Jello1231\n","uploadtime":1701060855,"views":25,"p1id":"smudge","p2id":"glimmeraqua","formatid":"gen9nationaldexdoubles","rating":0,"private":0,"password":""}