{"id":"gen9nationaldexdoubles-1978972280","p1":"hanagakiUBD","p2":"Dan07B","format":"[Gen 9] National Dex Doubles","log":"|j|\u2606hanagakiUBD\n|j|\u2606Dan07B\n|t:|1698616232\n|gametype|doubles\n|player|p1|hanagakiUBD|iris-gen5bw2|\n|player|p2|Dan07B|pokemonranger-gen4|\n|teamsize|p1|6\n|teamsize|p2|6\n|gen|9\n|tier|[Gen 9] National Dex Doubles\n|rule|HP Percentage Mod: HP is shown in percentages\n|rule|Endless Battle Clause: Forcing endless battles is banned\n|rule|OHKO Clause: OHKO moves are banned\n|rule|Evasion Moves Clause: Evasion moves are banned\n|rule|Evasion Abilities Clause: Evasion abilities are banned\n|rule|Species Clause: Limit one of each Pok\u00e9mon\n|rule|Gravity Sleep Clause: The combination of sleep-inducing moves with imperfect accuracy and Gravity or Gigantamax Orbeetle are banned\n|clearpoke\n|poke|p1|Marshadow|\n|poke|p1|Zamazenta-*|\n|poke|p1|Kommo-o, F|\n|poke|p1|Sneasler, F|\n|poke|p1|Iron Valiant|\n|poke|p1|Urshifu-*, F|\n|poke|p2|Metagross|\n|poke|p2|Greninja-*, M|\n|poke|p2|Infernape, F|\n|poke|p2|Iron Valiant|\n|poke|p2|Lycanroc-Dusk, F|\n|poke|p2|Latias, F|\n|teampreview\n|inactive|Battle timer is ON: inactive players will automatically lose when time's up. (requested by hanagakiUBD)\n|\n|t:|1698616251\n|start\n|switch|p1a: Marshadow|Marshadow|100\/100\n|switch|p1b: Urshifu|Urshifu-Rapid-Strike, F|100\/100\n|switch|p2a: Infernape|Infernape, F|100\/100\n|switch|p2b: Muichiro|Greninja, M|100\/100\n|turn|1\n|c|\u2606Dan07B|Sent\u00ed un escalofr\u00edo\n|\n|t:|1698616268\n|move|p2b: Muichiro|Extrasensory|p1b: Urshifu\n|-supereffective|p1b: Urshifu\n|-damage|p1b: Urshifu|27\/100\n|move|p1a: Marshadow|Close Combat|p2b: Muichiro\n|-supereffective|p2b: Muichiro\n|-damage|p2b: Muichiro|0 fnt\n|-unboost|p1a: Marshadow|def|1\n|-unboost|p1a: Marshadow|spd|1\n|faint|p2b: Muichiro\n|move|p2a: Infernape|Acrobatics|p1a: Marshadow\n|-supereffective|p1a: Marshadow\n|-damage|p1a: Marshadow|0 fnt\n|faint|p1a: Marshadow\n|move|p1b: Urshifu|Surging Strikes|p2a: Infernape\n|-supereffective|p2a: Infernape\n|-crit|p2a: Infernape\n|-damage|p2a: Infernape|38\/100\n|-supereffective|p2a: Infernape\n|-crit|p2a: Infernape\n|-damage|p2a: Infernape|0 fnt\n|faint|p2a: Infernape\n|-hitcount|p2: Infernape|2\n|\n|upkeep\n|inactive|Dan07B has 270 seconds left.\n|\n|t:|1698616306\n|switch|p1a: Kommo-o|Kommo-o, F|100\/100\n|switch|p2a: Silent sister|Latias, F|100\/100\n|switch|p2b: Perturabo|Metagross|100\/100\n|turn|2\n|\n|t:|1698616323\n|detailschange|p2b: Perturabo|Metagross-Mega\n|-mega|p2b: Perturabo|Metagross|Metagrossite\n|move|p2a: Silent sister|Psychic|p1a: Kommo-o\n|-supereffective|p1a: Kommo-o\n|-damage|p1a: Kommo-o|24\/100\n|move|p1b: Urshifu|Surging Strikes|p2b: Perturabo\n|-crit|p2b: Perturabo\n|-damage|p2b: Perturabo|88\/100\n|-crit|p2b: Perturabo\n|-damage|p2b: Perturabo|77\/100\n|-crit|p2b: Perturabo\n|-damage|p2b: Perturabo|65\/100\n|-hitcount|p2b: Perturabo|3\n|move|p1a: Kommo-o|Clanging Scales|p2b: Perturabo|[spread] p2a,p2b\n|-supereffective|p2a: Silent sister\n|-resisted|p2b: Perturabo\n|-damage|p2a: Silent sister|49\/100\n|-damage|p2b: Perturabo|49\/100\n|-unboost|p1a: Kommo-o|def|1\n|move|p2b: Perturabo|Psycho Cut|p1b: Urshifu\n|-supereffective|p1b: Urshifu\n|-damage|p1b: Urshifu|0 fnt\n|faint|p1b: Urshifu\n|\n|upkeep\n|\n|t:|1698616347\n|switch|p1b: Iron Valiant|Iron Valiant|100\/100\n|-enditem|p1b: Iron Valiant|Booster Energy\n|-activate|p1b: Iron Valiant|ability: Quark Drive|[fromitem]\n|-start|p1b: Iron Valiant|quarkdrivespe\n|turn|3\n|\n|t:|1698616363\n|move|p1b: Iron Valiant|Moonblast|p2a: Silent sister\n|-supereffective|p2a: Silent sister\n|-damage|p2a: Silent sister|0 fnt\n|faint|p2a: Silent sister\n|move|p1a: Kommo-o|Clanging Scales|p2b: Perturabo\n|-resisted|p2b: Perturabo\n|-damage|p2b: Perturabo|27\/100\n|-unboost|p1a: Kommo-o|def|1\n|move|p2b: Perturabo|Earthquake|p1b: Iron Valiant|[spread] p1a,p1b\n|-damage|p1a: Kommo-o|0 fnt\n|-damage|p1b: Iron Valiant|67\/100\n|faint|p1a: Kommo-o\n|\n|upkeep\n|\n|t:|1698616376\n|switch|p2a: Lion'el|Iron Valiant|100\/100\n|switch|p1a: Zamazenta|Zamazenta|100\/100\n|-ability|p1a: Zamazenta|Dauntless Shield|boost\n|-boost|p1a: Zamazenta|def|1\n|-enditem|p2a: Lion'el|Booster Energy\n|-activate|p2a: Lion'el|ability: Quark Drive|[fromitem]\n|-start|p2a: Lion'el|quarkdrivespe\n|turn|4\n|\n|t:|1698616394\n|move|p1b: Iron Valiant|Thunderbolt|p2b: Perturabo\n|-damage|p2b: Perturabo|0 fnt\n|faint|p2b: Perturabo\n|move|p2a: Lion'el|Moonblast|p1a: Zamazenta\n|-supereffective|p1a: Zamazenta\n|-damage|p1a: Zamazenta|17\/100\n|move|p1a: Zamazenta|Play Rough|p2a: Lion'el\n|-supereffective|p2a: Lion'el\n|-damage|p2a: Lion'el|24\/100\n|-unboost|p2a: Lion'el|atk|1\n|\n|-heal|p1a: Zamazenta|23\/100|[from] item: Leftovers\n|upkeep\n|\n|t:|1698616397\n|switch|p2b: Leman Russ|Lycanroc-Dusk, F, shiny|100\/100\n|turn|5\n|inactive|Dan07B has 270 seconds left.\n|\n|t:|1698616447\n|move|p2a: Lion'el|Psychic|p1a: Zamazenta\n|-supereffective|p1a: Zamazenta\n|-damage|p1a: Zamazenta|0 fnt\n|faint|p1a: Zamazenta\n|move|p1b: Iron Valiant|Moonblast|p2a: Lion'el\n|-supereffective|p2a: Lion'el\n|-crit|p2a: Lion'el\n|-damage|p2a: Lion'el|0 fnt\n|faint|p2a: Lion'el\n|-end|p2a: Lion'el|Quark Drive|[silent]\n|-zpower|p2b: Leman Russ\n|move|p2b: Leman Russ|Twinkle Tackle|p1b: Iron Valiant|[zeffect]\n|-supereffective|p1b: Iron Valiant\n|-damage|p1b: Iron Valiant|0 fnt\n|faint|p1b: Iron Valiant\n|-end|p1b: Iron Valiant|Quark Drive|[silent]\n|\n|upkeep\n|\n|t:|1698616452\n|switch|p1a: Sneasler|Sneasler, F|100\/100\n|-item|p1a: Sneasler|Air Balloon\n|turn|6\n|\n|t:|1698616465\n|move|p1a: Sneasler|Fake Out|p2b: Leman Russ\n|-resisted|p2b: Leman Russ\n|-damage|p2b: Leman Russ|88\/100\n|cant|p2b: Leman Russ|flinch\n|\n|upkeep\n|turn|7\n|\n|t:|1698616468\n|move|p2b: Leman Russ|Drill Run|p1a: Sneasler\n|-immune|p1a: Sneasler\n|move|p1a: Sneasler|Dire Claw|p2b: Leman Russ\n|-resisted|p2b: Leman Russ\n|-damage|p2b: Leman Russ|47\/100\n|\n|upkeep\n|turn|8\n|\n|t:|1698616473\n|move|p2b: Leman Russ|Play Rough|p1a: Sneasler\n|-damage|p1a: Sneasler|34\/100\n|-enditem|p1a: Sneasler|Air Balloon\n|move|p1a: Sneasler|Dire Claw|p2b: Leman Russ\n|-resisted|p2b: Leman Russ\n|-damage|p2b: Leman Russ|10\/100\n|\n|upkeep\n|turn|9\n|\n|t:|1698616477\n|move|p2b: Leman Russ|Quick Attack|p1a: Sneasler\n|-damage|p1a: Sneasler|4\/100\n|move|p1a: Sneasler|Dire Claw|p2b: Leman Russ\n|-resisted|p2b: Leman Russ\n|-damage|p2b: Leman Russ|0 fnt\n|faint|p2b: Leman Russ\n|\n|win|hanagakiUBD\n|c|\u2606Dan07B|:(\n","uploadtime":1698616484,"views":10,"p1id":"hanagakiubd","p2id":"dan07b","formatid":"gen9nationaldexdoubles","rating":0,"private":0,"password":""}