{"id":"gen9nationaldexdoubles-2000345473","p1":"Andrey D'Marques","p2":"FemboyThighs22","format":"[Gen 9] National Dex Doubles","log":"|j|\u2606Andrey D'Marques\n|j|\u2606FemboyThighs22\n|t:|1701186902\n|gametype|doubles\n|player|p1|Andrey D'Marques|caitlin|1218\n|player|p2|FemboyThighs22|iono|1286\n|teamsize|p1|6\n|teamsize|p2|6\n|gen|9\n|tier|[Gen 9] National Dex Doubles\n|rated|\n|rule|HP Percentage Mod: HP is shown in percentages\n|rule|Endless Battle Clause: Forcing endless battles is banned\n|rule|OHKO Clause: OHKO moves are banned\n|rule|Evasion Moves Clause: Evasion moves are banned\n|rule|Evasion Abilities Clause: Evasion abilities are banned\n|rule|Species Clause: Limit one of each Pok\u00e9mon\n|rule|Gravity Sleep Clause: The combination of sleep-inducing moves with imperfect accuracy and Gravity or Gigantamax Orbeetle are banned\n|clearpoke\n|poke|p1|Greninja-*, F|\n|poke|p1|Toxicroak, F|\n|poke|p1|Seismitoad, M|\n|poke|p1|Venusaur, M|\n|poke|p1|Politoed, M|\n|poke|p1|Poliwrath, F|\n|poke|p2|Wishiwashi, M|\n|poke|p2|Indeedee-F, F|\n|poke|p2|Cresselia, F|\n|poke|p2|Ursaluna, F|\n|poke|p2|Amoonguss, M|\n|poke|p2|Goodra-Hisui, M|\n|teampreview\n|inactive|Battle timer is ON: inactive players will automatically lose when time's up. (requested by FemboyThighs22)\n|c|\u2606FemboyThighs22|glhf\n|\n|t:|1701186926\n|start\n|switch|p1a: Caipirowska|Politoed, M|100\/100\n|switch|p1b: Caipirinha|Poliwrath, F|100\/100\n|switch|p2a: Wishiwashi|Wishiwashi, M|100\/100\n|switch|p2b: Cresselia|Cresselia, F|100\/100\n|-weather|RainDance|[from] ability: Drizzle|[of] p1a: Caipirowska\n|-formechange|p2a: Wishiwashi|Wishiwashi-School||[from] ability: Schooling\n|turn|1\n|\n|t:|1701186952\n|move|p1b: Caipirinha|Darkest Lariat|p2b: Cresselia\n|-supereffective|p2b: Cresselia\n|-damage|p2b: Cresselia|68\/100\n|move|p1a: Caipirowska|Hydro Pump|p2b: Cresselia\n|-damage|p2b: Cresselia|33\/100\n|move|p2a: Wishiwashi|Hidden Power|p1b: Caipirinha\n|-supereffective|p1b: Caipirinha\n|-damage|p1b: Caipirinha|42\/100\n|move|p2b: Cresselia|Trick Room|p2b: Cresselia\n|-fieldstart|move: Trick Room|[of] p2b: Cresselia\n|\n|-weather|RainDance|[upkeep]\n|upkeep\n|turn|2\n|\n|t:|1701186976\n|move|p2a: Wishiwashi|Hidden Power|p1b: Caipirinha\n|-supereffective|p1b: Caipirinha\n|-damage|p1b: Caipirinha|0 fnt\n|faint|p1b: Caipirinha\n|move|p2b: Cresselia|Lunar Blessing|p2b: Cresselia|[spread] p2a,p2b\n|-heal|p2b: Cresselia|58\/100\n|move|p1a: Caipirowska|Hydro Pump|p2b: Cresselia\n|-damage|p2b: Cresselia|20\/100\n|\n|-weather|RainDance|[upkeep]\n|upkeep\n|inactive|Andrey D'Marques has 120 seconds left.\n|\n|t:|1701187003\n|switch|p1b: L. Azul|Seismitoad, M|100\/100\n|turn|3\n|inactive|Andrey D'Marques has 120 seconds left.\n|\n|t:|1701187020\n|switch|p2a: Amoonguss|Amoonguss, M|100\/100\n|move|p2b: Cresselia|Lunar Blessing|p2b: Cresselia|[spread] p2a,p2b\n|-heal|p2b: Cresselia|45\/100\n|move|p1a: Caipirowska|Hydro Pump|p2b: Cresselia\n|-damage|p2b: Cresselia|9\/100\n|move|p1b: L. Azul|Liquidation|p2b: Cresselia\n|-damage|p2b: Cresselia|0 fnt\n|faint|p2b: Cresselia\n|\n|-weather|RainDance|[upkeep]\n|upkeep\n|\n|t:|1701187031\n|switch|p2b: Ursaluna|Ursaluna, F|100\/100\n|turn|4\n|\n|t:|1701187049\n|move|p2b: Ursaluna|Protect|p2b: Ursaluna\n|-singleturn|p2b: Ursaluna|Protect\n|move|p2a: Amoonguss|Spore|p1a: Caipirowska\n|-status|p1a: Caipirowska|slp|[from] move: Spore\n|cant|p1a: Caipirowska|slp\n|move|p1b: L. Azul|Liquidation|p2b: Ursaluna\n|-activate|p2b: Ursaluna|move: Protect\n|\n|-weather|RainDance|[upkeep]\n|-status|p2b: Ursaluna|brn|[from] item: Flame Orb\n|upkeep\n|turn|5\n|inactive|Andrey D'Marques has 120 seconds left.\n|\n|t:|1701187088\n|switch|p2a: Indeedee|Indeedee-F, F|100\/100\n|-fieldstart|move: Psychic Terrain|[from] ability: Psychic Surge|[of] p2a: Indeedee\n|-enditem|p2a: Indeedee|Psychic Seed\n|-boost|p2a: Indeedee|spd|1|[from] item: Psychic Seed\n|move|p2b: Ursaluna|Facade|p1b: L. Azul\n|-damage|p1b: L. Azul|0 fnt\n|faint|p1b: L. Azul\n|-curestatus|p1a: Caipirowska|slp|[msg]\n|move|p1a: Caipirowska|Psychic|p2a: Indeedee\n|-resisted|p2a: Indeedee\n|-damage|p2a: Indeedee|90\/100\n|\n|-weather|none\n|-damage|p2b: Ursaluna|94\/100 brn|[from] brn\n|-fieldend|move: Trick Room\n|upkeep\n|\n|t:|1701187109\n|switch|p1b: S.O.T.B.|Greninja, F|100\/100\n|turn|6\n|inactive|Andrey D'Marques has 120 seconds left.\n|\n|t:|1701187140\n|move|p2b: Ursaluna|Protect|p2b: Ursaluna\n|-singleturn|p2b: Ursaluna|Protect\n|move|p1b: S.O.T.B.|Dark Pulse|p2a: Indeedee\n|-start|p1b: S.O.T.B.|typechange|Dark|[from] ability: Protean\n|-supereffective|p2a: Indeedee\n|-damage|p2a: Indeedee|29\/100\n|move|p1a: Caipirowska|Hydro Pump|p2a: Indeedee\n|-damage|p2a: Indeedee|0 fnt\n|faint|p2a: Indeedee\n|\n|-damage|p2b: Ursaluna|88\/100 brn|[from] brn\n|upkeep\n|\n|t:|1701187156\n|switch|p2a: Goodra|Goodra-Hisui, M|100\/100\n|turn|7\n|inactive|Andrey D'Marques has 120 seconds left.\n|\n|t:|1701187169\n|move|p1b: S.O.T.B.|Grass Knot|p2b: Ursaluna\n|-supereffective|p2b: Ursaluna\n|-damage|p2b: Ursaluna|9\/100 brn\n|move|p1a: Caipirowska|Ice Beam|p2b: Ursaluna\n|-supereffective|p2b: Ursaluna\n|-damage|p2b: Ursaluna|0 fnt\n|faint|p2b: Ursaluna\n|move|p2a: Goodra|Shelter|p2a: Goodra\n|-boost|p2a: Goodra|def|2\n|\n|upkeep\n|\n|t:|1701187177\n|switch|p2b: Amoonguss|Amoonguss, M|100\/100\n|turn|8\n|\n|t:|1701187197\n|move|p1b: S.O.T.B.|Extrasensory|p2b: Amoonguss\n|-supereffective|p2b: Amoonguss\n|-damage|p2b: Amoonguss|39\/100\n|-enditem|p2b: Amoonguss|Sitrus Berry|[eat]\n|-heal|p2b: Amoonguss|64\/100|[from] item: Sitrus Berry\n|move|p1a: Caipirowska|Earth Power|p2a: Goodra\n|-supereffective|p2a: Goodra\n|-damage|p2a: Goodra|55\/100\n|move|p2a: Goodra|Shelter|p2a: Goodra\n|-boost|p2a: Goodra|def|2\n|move|p2b: Amoonguss|Spore|p1a: Caipirowska\n|-status|p1a: Caipirowska|slp|[from] move: Spore\n|\n|-heal|p2a: Goodra|61\/100|[from] item: Leftovers\n|upkeep\n|turn|9\n|\n|t:|1701187221\n|move|p1b: S.O.T.B.|Extrasensory|p2b: Amoonguss\n|-supereffective|p2b: Amoonguss\n|-damage|p2b: Amoonguss|0 fnt\n|faint|p2b: Amoonguss\n|cant|p1a: Caipirowska|slp\n|move|p2a: Goodra|Body Press|p1a: Caipirowska\n|-damage|p1a: Caipirowska|3\/100 slp\n|\n|-heal|p2a: Goodra|67\/100|[from] item: Leftovers\n|-fieldend|move: Psychic Terrain\n|upkeep\n|\n|t:|1701187225\n|switch|p2b: Wishiwashi|Wishiwashi, M|100\/100\n|-formechange|p2b: Wishiwashi|Wishiwashi-School||[from] ability: Schooling\n|turn|10\n|l|\u2606Andrey D'Marques\n|inactive|Andrey D'Marques disconnected and has a minute to reconnect!\n|player|p1|\n|inactive|Andrey D'Marques has 30 seconds to reconnect!\n|j|\u2606Andrey D'Marques\n|inactive|Andrey D'Marques reconnected and has 105 seconds left.\n|player|p1|Andrey D'Marques|caitlin\n|\n|t:|1701187279\n|-terastallize|p2a: Goodra|Water\n|move|p1b: S.O.T.B.|Grass Knot|p2b: Wishiwashi\n|-supereffective|p2b: Wishiwashi\n|-damage|p2b: Wishiwashi|47\/100\n|cant|p1a: Caipirowska|slp\n|move|p2a: Goodra|Body Press|p1b: S.O.T.B.\n|-supereffective|p1b: S.O.T.B.\n|-damage|p1b: S.O.T.B.|0 fnt\n|faint|p1b: S.O.T.B.\n|move|p2b: Wishiwashi|Ice Beam|p1a: Caipirowska\n|-resisted|p1a: Caipirowska\n|-damage|p1a: Caipirowska|0 fnt\n|faint|p1a: Caipirowska\n|\n|-heal|p2a: Goodra|74\/100|[from] item: Leftovers\n|-heal|p2b: Wishiwashi|53\/100|[from] item: Leftovers\n|upkeep\n|inactive|Andrey D'Marques has 90 seconds left.\n|\n|t:|1701187301\n|switch|p1b: B. Mary|Toxicroak, F|100\/100\n|switch|p1a: Mojito|Venusaur, M|100\/100\n|turn|11\n|\n|t:|1701187320\n|detailschange|p1a: Mojito|Venusaur-Mega, M\n|-mega|p1a: Mojito|Venusaur|Venusaurite\n|move|p1b: B. Mary|Bulk Up|p1b: B. Mary\n|-boost|p1b: B. Mary|atk|1\n|-boost|p1b: B. Mary|def|1\n|move|p1a: Mojito|Sunny Day|p1a: Mojito\n|-weather|SunnyDay\n|move|p2a: Goodra|Heavy Slam|p1a: Mojito\n|-damage|p1a: Mojito|80\/100\n|move|p2b: Wishiwashi|Ice Beam|p1a: Mojito\n|-supereffective|p1a: Mojito\n|-damage|p1a: Mojito|44\/100\n|\n|-weather|SunnyDay|[upkeep]\n|-heal|p2a: Goodra|80\/100|[from] item: Leftovers\n|-heal|p2b: Wishiwashi|59\/100|[from] item: Leftovers\n|upkeep\n|turn|12\n|\n|t:|1701187350\n|move|p2a: Goodra|Protect|p2a: Goodra\n|-singleturn|p2a: Goodra|Protect\n|move|p1b: B. Mary|Gunk Shot|p2b: Wishiwashi\n|-damage|p2b: Wishiwashi|0 fnt\n|faint|p2b: Wishiwashi\n|move|p1a: Mojito|Solar Beam||[still]\n|-prepare|p1a: Mojito|Solar Beam\n|-anim|p1a: Mojito|Solar Beam|p2a: Goodra\n|-activate|p2a: Goodra|move: Protect\n|\n|-weather|SunnyDay|[upkeep]\n|-heal|p2a: Goodra|86\/100|[from] item: Leftovers\n|upkeep\n|turn|13\n|\n|t:|1701187370\n|move|p1b: B. Mary|Drain Punch|p2a: Goodra\n|-damage|p2a: Goodra|72\/100\n|-status|p2a: Goodra|psn|[from] ability: Poison Touch|[of] p1b: B. Mary\n|move|p1a: Mojito|Solar Beam||[still]\n|-prepare|p1a: Mojito|Solar Beam\n|-anim|p1a: Mojito|Solar Beam|p2a: Goodra\n|-ability|p2a: Goodra|Sap Sipper|boost\n|-boost|p2a: Goodra|atk|1\n|move|p2a: Goodra|Heavy Slam|p1a: Mojito\n|-damage|p1a: Mojito|15\/100\n|\n|-weather|SunnyDay|[upkeep]\n|-heal|p2a: Goodra|78\/100 psn|[from] item: Leftovers\n|-damage|p2a: Goodra|66\/100 psn|[from] psn\n|upkeep\n|turn|14\n|inactive|Andrey D'Marques has 120 seconds left.\n|\n|t:|1701187392\n|move|p1b: B. Mary|Gunk Shot|p2a: Goodra\n|-damage|p2a: Goodra|45\/100 psn\n|move|p1a: Mojito|Sludge Bomb|p2a: Goodra\n|-damage|p2a: Goodra|14\/100 psn\n|move|p2a: Goodra|Heavy Slam|p1a: Mojito\n|-damage|p1a: Mojito|0 fnt\n|faint|p1a: Mojito\n|\n|-weather|SunnyDay|[upkeep]\n|-heal|p2a: Goodra|20\/100 psn|[from] item: Leftovers\n|-damage|p2a: Goodra|7\/100 psn|[from] psn\n|upkeep\n|turn|15\n|inactive|Andrey D'Marques has 120 seconds left.\n|c|\u2606FemboyThighs22|gg\n|\n|t:|1701187408\n|move|p1b: B. Mary|Bulk Up|p1b: B. Mary\n|-boost|p1b: B. Mary|atk|1\n|-boost|p1b: B. Mary|def|1\n|move|p2a: Goodra|Heavy Slam|p1b: B. Mary\n|-crit|p1b: B. Mary\n|-damage|p1b: B. Mary|0 fnt\n|faint|p1b: B. Mary\n|\n|win|FemboyThighs22\n|raw|Andrey D&apos;Marques's rating: 1201 &rarr; <strong>1182<\/strong><br \/>(-19 for losing)\n|raw|FemboyThighs22's rating: 1286 &rarr; <strong>1305<\/strong><br \/>(+19 for winning)\n|c|\u2606FemboyThighs22|LMAO\n|l|\u2606Andrey D'Marques\n","uploadtime":1701187430,"views":10,"p1id":"andreydmarques","p2id":"femboythighs22","formatid":"gen9nationaldexdoubles","rating":1182,"private":0,"password":""}