{"id":"gen9nationaldexdoubles-1993646927","p1":"Edu6cr","p2":"Careytheicon","format":"[Gen 9] National Dex Doubles","log":"|j|\u2606Edu6cr\n|j|\u2606Careytheicon\n|t:|1700341193\n|gametype|doubles\n|player|p1|Edu6cr|drayden|1175\n|player|p2|Careytheicon|lucy|1028\n|teamsize|p1|6\n|teamsize|p2|6\n|gen|9\n|tier|[Gen 9] National Dex Doubles\n|rated|\n|rule|HP Percentage Mod: HP is shown in percentages\n|rule|Endless Battle Clause: Forcing endless battles is banned\n|rule|OHKO Clause: OHKO moves are banned\n|rule|Evasion Moves Clause: Evasion moves are banned\n|rule|Evasion Abilities Clause: Evasion abilities are banned\n|rule|Species Clause: Limit one of each Pok\u00e9mon\n|rule|Gravity Sleep Clause: The combination of sleep-inducing moves with imperfect accuracy and Gravity or Gigantamax Orbeetle are banned\n|clearpoke\n|poke|p1|Charizard, M|\n|poke|p1|Jolteon, M|\n|poke|p1|Urshifu-*, F|\n|poke|p1|Grafaiai, F|\n|poke|p1|Munchlax, F|\n|poke|p1|Samurott-Hisui, M|\n|poke|p2|Shuckle, F|\n|poke|p2|Runerigus, M|\n|poke|p2|Malamar, F|\n|poke|p2|Victini|\n|poke|p2|Comfey, M|\n|poke|p2|Jirachi|\n|teampreview\n|inactive|Battle timer is ON: inactive players will automatically lose when time's up. (requested by Careytheicon)\n|inactive|Edu6cr has 120 seconds left.\n|\n|t:|1700341230\n|start\n|switch|p1a: Urshifurro|Urshifu-Rapid-Strike, F|100\/100\n|switch|p1b: Lizardo|Charizard, M, shiny|100\/100\n|switch|p2a: Roxxx|Runerigus, M, shiny|100\/100\n|switch|p2b: Shuckle|Shuckle, F|100\/100\n|turn|1\n|\n|t:|1700341254\n|move|p1b: Lizardo|Flamethrower|p2b: Shuckle\n|-damage|p2b: Shuckle|48\/100\n|-enditem|p2b: Shuckle|Sitrus Berry|[eat]\n|-heal|p2b: Shuckle|73\/100|[from] item: Sitrus Berry\n|-damage|p1b: Lizardo|91\/100|[from] item: Life Orb\n|move|p1a: Urshifurro|Surging Strikes|p2a: Roxxx\n|-supereffective|p2a: Roxxx\n|-crit|p2a: Roxxx\n|-damage|p2a: Roxxx|70\/100\n|-activate|p2a: Roxxx|ability: Wandering Spirit|Unseen Fist|Wandering Spirit|[of] p1a: Urshifurro\n|-supereffective|p2a: Roxxx\n|-crit|p2a: Roxxx\n|-damage|p2a: Roxxx|38\/100\n|-enditem|p2a: Roxxx|Sitrus Berry|[eat]\n|-heal|p2a: Roxxx|63\/100|[from] item: Sitrus Berry\n|-supereffective|p2a: Roxxx\n|-crit|p2a: Roxxx\n|-damage|p2a: Roxxx|26\/100\n|-hitcount|p2a: Roxxx|3\n|move|p2a: Roxxx|Stealth Rock|p1b: Lizardo\n|-sidestart|p1: Edu6cr|move: Stealth Rock\n|move|p2b: Shuckle|Sticky Web|p1a: Urshifurro\n|-sidestart|p1: Edu6cr|move: Sticky Web\n|\n|upkeep\n|turn|2\n|\n|t:|1700341283\n|move|p1b: Lizardo|Flamethrower|p2b: Shuckle\n|-damage|p2b: Shuckle|21\/100\n|-damage|p1b: Lizardo|81\/100|[from] item: Life Orb\n|move|p1a: Urshifurro|Surging Strikes|p2a: Roxxx\n|-supereffective|p2a: Roxxx\n|-crit|p2a: Roxxx\n|-damage|p2a: Roxxx|0 fnt\n|faint|p2a: Roxxx\n|-hitcount|p2: Roxxx|1\n|move|p2b: Shuckle|Toxic|p1a: Urshifurro\n|-status|p1a: Urshifurro|tox\n|\n|-damage|p1a: Urshifurro|94\/100 tox|[from] psn\n|upkeep\n|inactive|Careytheicon has 120 seconds left.\n|\n|t:|1700341305\n|switch|p2a: Jirachi|Jirachi|100\/100\n|turn|3\n|\n|t:|1700341316\n|-terastallize|p2a: Jirachi|Dragon\n|move|p1b: Lizardo|Flamethrower|p2a: Jirachi\n|-resisted|p2a: Jirachi\n|-damage|p2a: Jirachi|74\/100\n|-damage|p1b: Lizardo|71\/100|[from] item: Life Orb\n|move|p1a: Urshifurro|Brick Break|p2b: Shuckle\n|-damage|p2b: Shuckle|0 fnt\n|faint|p2b: Shuckle\n|move|p2a: Jirachi|Ancient Power|p1b: Lizardo\n|-supereffective|p1b: Lizardo\n|-damage|p1b: Lizardo|0 fnt\n|faint|p1b: Lizardo\n|\n|-damage|p1a: Urshifurro|82\/100 tox|[from] psn\n|upkeep\n|\n|t:|1700341341\n|switch|p1b: Shnaider|Jolteon, M|100\/100\n|switch|p2b: Comfey|Comfey, M|100\/100\n|-damage|p1b: Shnaider|88\/100|[from] Stealth Rock\n|-item|p1b: Shnaider|Air Balloon\n|turn|4\n|\n|t:|1700341355\n|move|p2b: Comfey|Draining Kiss|p1a: Urshifurro\n|-supereffective|p1a: Urshifurro\n|-damage|p1a: Urshifurro|29\/100 tox\n|-activate|p1a: Urshifurro|ability: Wandering Spirit|Triage|Wandering Spirit|[of] p2b: Comfey\n|move|p1b: Shnaider|Thunder Wave|p2b: Comfey\n|-status|p2b: Comfey|par\n|move|p1a: Urshifurro|Ice Spinner|p2a: Jirachi\n|-supereffective|p2a: Jirachi\n|-damage|p2a: Jirachi|18\/100\n|-enditem|p2a: Jirachi|Sitrus Berry|[eat]\n|-heal|p2a: Jirachi|43\/100|[from] item: Sitrus Berry\n|move|p2a: Jirachi|Ancient Power|p1a: Urshifurro\n|-resisted|p1a: Urshifurro\n|-damage|p1a: Urshifurro|19\/100 tox\n|\n|-damage|p1a: Urshifurro|0 fnt|[from] psn\n|faint|p1a: Urshifurro\n|upkeep\n|inactive|Edu6cr has 120 seconds left.\n|\n|t:|1700341383\n|switch|p1a: Ronin|Samurott-Hisui, M|100\/100\n|-damage|p1a: Ronin|88\/100|[from] Stealth Rock\n|-activate|p1a: Ronin|move: Sticky Web\n|-unboost|p1a: Ronin|spe|1\n|turn|5\n|\n|t:|1700341402\n|-terastallize|p1a: Ronin|Steel\n|move|p1b: Shnaider|Thunderbolt|p2a: Jirachi\n|-resisted|p2a: Jirachi\n|-damage|p2a: Jirachi|22\/100\n|move|p2a: Jirachi|Drain Punch|p1a: Ronin\n|-supereffective|p1a: Ronin\n|-damage|p1a: Ronin|45\/100\n|-heal|p2a: Jirachi|46\/100|[from] drain|[of] p1a: Ronin\n|move|p1a: Ronin|Smart Strike|p2b: Comfey\n|-supereffective|p2b: Comfey\n|-damage|p2b: Comfey|23\/100 par\n|-activate|p2b: Comfey|ability: Wandering Spirit|Sharpness|Wandering Spirit|[of] p1a: Ronin\n|cant|p2b: Comfey|par\n|\n|upkeep\n|turn|6\n|\n|t:|1700341427\n|move|p2b: Comfey|Protect|p2b: Comfey\n|-singleturn|p2b: Comfey|Protect\n|move|p1b: Shnaider|Thunder Wave|p2a: Jirachi\n|-status|p2a: Jirachi|par\n|move|p1a: Ronin|Smart Strike|p2b: Comfey\n|-activate|p2b: Comfey|move: Protect\n|move|p2a: Jirachi|Drain Punch|p1a: Ronin\n|-supereffective|p1a: Ronin\n|-damage|p1a: Ronin|4\/100\n|-heal|p2a: Jirachi|68\/100 par|[from] drain|[of] p1a: Ronin\n|-activate|p1a: Ronin|ability: Wandering Spirit|Serene Grace|Wandering Spirit|[of] p2a: Jirachi\n|\n|upkeep\n|turn|7\n|\n|t:|1700341452\n|move|p1b: Shnaider|Thunderbolt|p2a: Jirachi\n|-resisted|p2a: Jirachi\n|-damage|p2a: Jirachi|48\/100 par\n|move|p1a: Ronin|Smart Strike|p2b: Comfey\n|-supereffective|p2b: Comfey\n|-damage|p2b: Comfey|0 fnt\n|faint|p2b: Comfey\n|move|p2a: Jirachi|Ancient Power|p1a: Ronin\n|-resisted|p1a: Ronin\n|-crit|p1a: Ronin\n|-damage|p1a: Ronin|0 fnt\n|faint|p1a: Ronin\n|\n|upkeep\n|\n|t:|1700341468\n|switch|p1a: Isabell|Grafaiai, F|100\/100\n|switch|p2b: Malamar|Malamar, F|100\/100\n|-damage|p1a: Isabell|88\/100|[from] Stealth Rock\n|-activate|p1a: Isabell|move: Sticky Web\n|-unboost|p1a: Isabell|spe|1\n|turn|8\n|\n|t:|1700341488\n|move|p1a: Isabell|Switcheroo|p2b: Malamar\n|-hint|Since gen 7, Dark is immune to Prankster moves.\n|-immune|p2b: Malamar\n|move|p1b: Shnaider|Thunderbolt|p2b: Malamar\n|-damage|p2b: Malamar|44\/100\n|-status|p2b: Malamar|par\n|cant|p2a: Jirachi|par\n|move|p2b: Malamar|Superpower|p1b: Shnaider\n|-damage|p1b: Shnaider|39\/100\n|-boost|p2b: Malamar|atk|1\n|-boost|p2b: Malamar|def|1\n|-enditem|p1b: Shnaider|Air Balloon\n|\n|upkeep\n|turn|9\n|\n|t:|1700341512\n|move|p1a: Isabell|Switcheroo|p2a: Jirachi\n|-activate|p1a: Isabell|move: Trick|[of] p2a: Jirachi\n|-item|p2a: Jirachi|Lagging Tail|[from] move: Switcheroo\n|-enditem|p1a: Isabell|Lagging Tail|[silent]|[from] move: Switcheroo\n|move|p1b: Shnaider|Thunderbolt|p2b: Malamar\n|-damage|p2b: Malamar|0 fnt\n|faint|p2b: Malamar\n|move|p2a: Jirachi|Ancient Power|p1b: Shnaider\n|-damage|p1b: Shnaider|18\/100\n|\n|upkeep\n|\n|t:|1700341521\n|switch|p2b: Victini|Victini|100\/100\n|turn|10\n|\n|t:|1700341542\n|move|p1a: Isabell|Switcheroo|p2b: Victini\n|-activate|p1a: Isabell|move: Trick|[of] p2b: Victini\n|-enditem|p2b: Victini|Red Card|[silent]|[from] move: Switcheroo\n|-item|p1a: Isabell|Red Card|[from] move: Switcheroo\n|move|p1b: Shnaider|Light Screen|p1b: Shnaider\n|-sidestart|p1: Edu6cr|move: Light Screen\n|move|p2b: Victini|Energy Ball|p1b: Shnaider\n|-damage|p1b: Shnaider|0 fnt\n|faint|p1b: Shnaider\n|cant|p2a: Jirachi|par\n|\n|upkeep\n|\n|t:|1700341553\n|switch|p1b: Samantha|Munchlax, F|100\/100\n|-damage|p1b: Samantha|88\/100|[from] Stealth Rock\n|-activate|p1b: Samantha|move: Sticky Web\n|-unboost|p1b: Samantha|spe|1\n|turn|11\n|\n|t:|1700341574\n|move|p1a: Isabell|Toxic|p2b: Victini\n|-status|p2b: Victini|tox\n|move|p2b: Victini|Bolt Strike|p1a: Isabell\n|-damage|p1a: Isabell|52\/100\n|-status|p1a: Isabell|par\n|move|p1b: Samantha|Curse|p1b: Samantha\n|-unboost|p1b: Samantha|spe|1\n|-boost|p1b: Samantha|atk|1\n|-boost|p1b: Samantha|def|1\n|move|p2a: Jirachi|Drain Punch|p1b: Samantha\n|-supereffective|p1b: Samantha\n|-damage|p1b: Samantha|68\/100\n|-heal|p2a: Jirachi|62\/100 par|[from] drain|[of] p1b: Samantha\n|\n|-damage|p2b: Victini|94\/100 tox|[from] psn\n|upkeep\n|turn|12\n|\n|t:|1700341595\n|cant|p1a: Isabell|par\n|move|p2b: Victini|Bolt Strike|p1b: Samantha\n|-damage|p1b: Samantha|50\/100\n|-status|p1b: Samantha|par\n|cant|p1b: Samantha|par\n|move|p2a: Jirachi|Drain Punch|p1b: Samantha\n|-supereffective|p1b: Samantha\n|-damage|p1b: Samantha|30\/100 par\n|-heal|p2a: Jirachi|76\/100 par|[from] drain|[of] p1b: Samantha\n|\n|-damage|p2b: Victini|82\/100 tox|[from] psn\n|upkeep\n|turn|13\n|\n|t:|1700341621\n|move|p1a: Isabell|Parting Shot|p2b: Victini\n|-unboost|p2b: Victini|atk|1\n|-unboost|p2b: Victini|spa|1\n|move|p2b: Victini|Bolt Strike|p1b: Samantha\n|-damage|p1b: Samantha|19\/100 par\n|move|p1b: Samantha|Stomping Tantrum|p2b: Victini\n|-supereffective|p2b: Victini\n|-damage|p2b: Victini|0 fnt\n|faint|p2b: Victini\n|move|p2a: Jirachi|Drain Punch|p1b: Samantha\n|-supereffective|p1b: Samantha\n|-damage|p1b: Samantha|0 fnt\n|-heal|p2a: Jirachi|88\/100 par|[from] drain|[of] p1b: Samantha\n|faint|p1b: Samantha\n|\n|upkeep\n|turn|14\n|c|\u2606Careytheicon|lol\n|\n|t:|1700341639\n|cant|p1a: Isabell|par\n|move|p2a: Jirachi|Ancient Power|p1a: Isabell\n|-damage|p1a: Isabell|40\/100 par\n|\n|-sideend|p1: Edu6cr|move: Light Screen\n|upkeep\n|turn|15\n|\n|t:|1700341648\n|move|p1a: Isabell|Parting Shot|p2a: Jirachi\n|-unboost|p2a: Jirachi|atk|1\n|-unboost|p2a: Jirachi|spa|1\n|move|p2a: Jirachi|Ancient Power|p1a: Isabell\n|-damage|p1a: Isabell|29\/100 par\n|\n|upkeep\n|turn|16\n|\n|t:|1700341660\n|move|p1a: Isabell|Parting Shot|p2a: Jirachi\n|-unboost|p2a: Jirachi|atk|1\n|-unboost|p2a: Jirachi|spa|1\n|cant|p2a: Jirachi|par\n|\n|upkeep\n|turn|17\n|\n|t:|1700341677\n|cant|p1a: Isabell|par\n|move|p2a: Jirachi|Drain Punch|p1a: Isabell\n|-damage|p1a: Isabell|17\/100 par\n|-heal|p2a: Jirachi|94\/100 par|[from] drain|[of] p1a: Isabell\n|\n|upkeep\n|turn|18\n|\n|t:|1700341686\n|cant|p1a: Isabell|par\n|move|p2a: Jirachi|Drain Punch|p1a: Isabell\n|-damage|p1a: Isabell|6\/100 par\n|-heal|p2a: Jirachi|99\/100 par|[from] drain|[of] p1a: Isabell\n|\n|upkeep\n|turn|19\n|\n|t:|1700341694\n|move|p1a: Isabell|Poison Jab|p2a: Jirachi\n|-damage|p2a: Jirachi|75\/100 par\n|-activate|p2a: Jirachi|ability: Wandering Spirit|Prankster|Wandering Spirit|[of] p1a: Isabell\n|move|p2a: Jirachi|Ancient Power|p1a: Isabell\n|-damage|p1a: Isabell|0 fnt\n|faint|p1a: Isabell\n|\n|win|Careytheicon\n|raw|Edu6cr's rating: 1175 &rarr; <strong>1140<\/strong><br \/>(-35 for losing)\n|raw|Careytheicon's rating: 1028 &rarr; <strong>1078<\/strong><br \/>(+50 for winning)\n","uploadtime":1700341705,"views":4,"p1id":"edu6cr","p2id":"careytheicon","formatid":"gen9nationaldexdoubles","rating":1078,"private":0,"password":""}