{"id":"gen9nationaldexdoubles-1973837140","p1":"the maraculous","p2":"RaWingedDragon","format":"[Gen 9] National Dex Doubles","log":"|j|\u2606the maraculous\n|j|\u2606RaWingedDragon\n|t:|1698018946\n|gametype|doubles\n|player|p1|the maraculous|dragontamer|1414\n|player|p2|RaWingedDragon|cameraman-gen6|1473\n|teamsize|p1|6\n|teamsize|p2|6\n|gen|9\n|tier|[Gen 9] National Dex Doubles\n|rated|\n|rule|HP Percentage Mod: HP is shown in percentages\n|rule|Endless Battle Clause: Forcing endless battles is banned\n|rule|OHKO Clause: OHKO moves are banned\n|rule|Evasion Moves Clause: Evasion moves are banned\n|rule|Evasion Abilities Clause: Evasion abilities are banned\n|rule|Species Clause: Limit one of each Pok\u00e9mon\n|rule|Gravity Sleep Clause: The combination of sleep-inducing moves with imperfect accuracy and Gravity or Gigantamax Orbeetle are banned\n|clearpoke\n|poke|p1|Xurkitree|\n|poke|p1|Iron Valiant|\n|poke|p1|Chandelure, F|\n|poke|p1|Landorus-Therian, M|\n|poke|p1|Kartana|\n|poke|p1|Farigiraf, M|\n|poke|p2|Tyranitar, F|\n|poke|p2|Lycanroc, M|\n|poke|p2|Tornadus, M|\n|poke|p2|Houndstone, F|\n|poke|p2|Hippowdon, F|\n|poke|p2|Dracozolt|\n|teampreview\n|\n|t:|1698018967\n|start\n|switch|p1a: Iron Valiant|Iron Valiant|100\/100\n|switch|p1b: Xurkitree|Xurkitree|100\/100\n|switch|p2a: Lycanroc|Lycanroc, M|100\/100\n|switch|p2b: Tornadus|Tornadus, M|100\/100\n|turn|1\n|\n|t:|1698018979\n|move|p2b: Tornadus|Tailwind|p2b: Tornadus\n|-sidestart|p2: RaWingedDragon|move: Tailwind\n|move|p2a: Lycanroc|Rock Slide|p1a: Iron Valiant|[spread] p1a,p1b\n|-resisted|p1a: Iron Valiant\n|-damage|p1a: Iron Valiant|80\/100\n|-damage|p1b: Xurkitree|59\/100\n|move|p1a: Iron Valiant|Moonblast|p2a: Lycanroc\n|-damage|p2a: Lycanroc|9\/100\n|-damage|p1a: Iron Valiant|70\/100|[from] item: Life Orb\n|cant|p1b: Xurkitree|flinch\n|\n|upkeep\n|turn|2\n|\n|t:|1698018991\n|move|p1a: Iron Valiant|Wide Guard|p1a: Iron Valiant\n|-singleturn|p1a: Iron Valiant|Wide Guard\n|move|p2a: Lycanroc|Endeavor|p1b: Xurkitree\n|-damage|p1b: Xurkitree|9\/100\n|move|p2b: Tornadus|Bleakwind Storm|p1b: Xurkitree|[spread] \n|-activate|p1a: Iron Valiant|move: Wide Guard\n|-activate|p1b: Xurkitree|move: Wide Guard\n|move|p1b: Xurkitree|Dazzling Gleam|p2a: Lycanroc|[spread] p2a,p2b\n|-damage|p2a: Lycanroc|0 fnt\n|-damage|p2b: Tornadus|78\/100\n|faint|p2a: Lycanroc\n|-ability|p1b: Xurkitree|Beast Boost|boost\n|-boost|p1b: Xurkitree|spa|1\n|\n|upkeep\n|\n|t:|1698019018\n|switch|p2a: Tyranitar|Tyranitar, F|100\/100\n|-weather|Sandstorm|[from] ability: Sand Stream|[of] p2a: Tyranitar\n|turn|3\n|\n|t:|1698019027\n|move|p1a: Iron Valiant|Wide Guard|p1a: Iron Valiant\n|-singleturn|p1a: Iron Valiant|Wide Guard\n|move|p2b: Tornadus|Bleakwind Storm|p1b: Xurkitree|[spread] \n|-activate|p1a: Iron Valiant|move: Wide Guard\n|-activate|p1b: Xurkitree|move: Wide Guard\n|move|p2a: Tyranitar|Crunch|p1b: Xurkitree\n|-damage|p1b: Xurkitree|0 fnt\n|faint|p1b: Xurkitree\n|\n|-weather|Sandstorm|[upkeep]\n|-damage|p1a: Iron Valiant|64\/100|[from] Sandstorm\n|upkeep\n|\n|t:|1698019037\n|switch|p1b: Landorus|Landorus-Therian, M|100\/100\n|-ability|p1b: Landorus|Intimidate|boost\n|-unboost|p2a: Tyranitar|atk|1\n|-unboost|p2b: Tornadus|atk|1\n|turn|4\n|\n|t:|1698019043\n|move|p2b: Tornadus|Bleakwind Storm|p1a: Iron Valiant|[spread] p1a\n|-miss|p2b: Tornadus|p1b: Landorus\n|-supereffective|p1a: Iron Valiant\n|-crit|p1a: Iron Valiant\n|-damage|p1a: Iron Valiant|0 fnt\n|faint|p1a: Iron Valiant\n|-end|p1a: Iron Valiant|Quark Drive|[silent]\n|move|p2a: Tyranitar|Heavy Slam|p1b: Landorus\n|-damage|p1b: Landorus|81\/100\n|move|p1b: Landorus|Rock Slide|p2a: Tyranitar|[spread] p2a,p2b\n|-supereffective|p2b: Tornadus\n|-crit|p2b: Tornadus\n|-damage|p2a: Tyranitar|83\/100\n|-damage|p2b: Tornadus|0 fnt\n|faint|p2b: Tornadus\n|\n|-weather|Sandstorm|[upkeep]\n|-sideend|p2: RaWingedDragon|move: Tailwind\n|upkeep\n|\n|t:|1698019058\n|switch|p1a: Kartana|Kartana|100\/100\n|switch|p2b: Houndstone|Houndstone, F|100\/100\n|turn|5\n|\n|t:|1698019074\n|-terastallize|p2b: Houndstone|Grass\n|move|p2b: Houndstone|Last Respects|p1a: Kartana\n|-damage|p1a: Kartana|53\/100\n|move|p1a: Kartana|Tailwind|p1a: Kartana\n|-sidestart|p1: the maraculous|move: Tailwind\n|move|p1b: Landorus|Knock Off|p2b: Houndstone\n|-damage|p2b: Houndstone|66\/100\n|-enditem|p2b: Houndstone|Sitrus Berry|[from] move: Knock Off|[of] p1b: Landorus\n|move|p2a: Tyranitar|Crunch|p1b: Landorus\n|-damage|p1b: Landorus|50\/100\n|-unboost|p1b: Landorus|def|1\n|\n|-weather|Sandstorm|[upkeep]\n|upkeep\n|turn|6\n|\n|t:|1698019089\n|move|p1a: Kartana|Smart Strike|p2b: Houndstone\n|-damage|p2b: Houndstone|22\/100\n|move|p2b: Houndstone|Scary Face|p1a: Kartana\n|-unboost|p1a: Kartana|spe|2\n|move|p1b: Landorus|U-turn|p2b: Houndstone\n|-supereffective|p2b: Houndstone\n|-damage|p2b: Houndstone|0 fnt\n|faint|p2b: Houndstone\n|\n|t:|1698019102\n|switch|p1b: Farigiraf|Farigiraf, M|100\/100|[from] U-turn\n|move|p2a: Tyranitar|Rock Slide|p1a: Kartana|[spread] p1a,p1b\n|-resisted|p1a: Kartana\n|-damage|p1a: Kartana|43\/100\n|-damage|p1b: Farigiraf|80\/100\n|\n|-weather|Sandstorm|[upkeep]\n|-damage|p1b: Farigiraf|73\/100|[from] Sandstorm\n|-heal|p1b: Farigiraf|80\/100|[from] item: Leftovers\n|upkeep\n|\n|t:|1698019108\n|switch|p2b: Dracozolt|Dracozolt|100\/100\n|turn|7\n|\n|t:|1698019116\n|switch|p1a: Landorus|Landorus-Therian, M|50\/100\n|-ability|p1a: Landorus|Intimidate|boost\n|-unboost|p2a: Tyranitar|atk|1\n|-unboost|p2b: Dracozolt|atk|1\n|move|p2b: Dracozolt|Bolt Beak|p1a: Landorus\n|-immune|p1a: Landorus\n|move|p1b: Farigiraf|Dazzling Gleam|p2b: Dracozolt|[spread] p2a,p2b\n|-supereffective|p2a: Tyranitar\n|-supereffective|p2b: Dracozolt\n|-damage|p2a: Tyranitar|69\/100\n|-damage|p2b: Dracozolt|38\/100\n|move|p2a: Tyranitar|Crunch|p1b: Farigiraf\n|-supereffective|p1b: Farigiraf\n|-damage|p1b: Farigiraf|30\/100\n|-unboost|p1b: Farigiraf|def|1\n|\n|-weather|none\n|-heal|p1b: Farigiraf|36\/100|[from] item: Leftovers\n|upkeep\n|turn|8\n|inactive|Battle timer is ON: inactive players will automatically lose when time's up. (requested by the maraculous)\n|inactive|RaWingedDragon has 120 seconds left.\n|\n|t:|1698019246\n|switch|p2a: Hippowdon|Hippowdon, F|100\/100\n|-weather|Sandstorm|[from] ability: Sand Stream|[of] p2a: Hippowdon\n|move|p2b: Dracozolt|Bolt Beak|p1b: Farigiraf\n|-damage|p1b: Farigiraf|0 fnt\n|faint|p1b: Farigiraf\n|move|p1a: Landorus|Stomping Tantrum|p2b: Dracozolt\n|-supereffective|p2b: Dracozolt\n|-damage|p2b: Dracozolt|0 fnt\n|faint|p2b: Dracozolt\n|\n|-weather|Sandstorm|[upkeep]\n|-sideend|p1: the maraculous|move: Tailwind\n|upkeep\n|\n|t:|1698019257\n|switch|p2b: Tyranitar|Tyranitar, F|69\/100\n|switch|p1b: Kartana|Kartana|43\/100\n|turn|9\n|\n|t:|1698019275\n|move|p1b: Kartana|Sacred Sword|p2b: Tyranitar\n|-supereffective|p2b: Tyranitar\n|-damage|p2b: Tyranitar|0 fnt\n|faint|p2b: Tyranitar\n|-ability|p1b: Kartana|Beast Boost|boost\n|-boost|p1b: Kartana|atk|1\n|move|p1a: Landorus|U-turn|p2a: Hippowdon\n|-damage|p2a: Hippowdon|85\/100\n|\n|t:|1698019278\n|switch|p1a: Chandelure|Chandelure, F|100\/100|[from] U-turn\n|-item|p1a: Chandelure|Air Balloon\n|move|p2a: Hippowdon|Toxic|p1a: Chandelure\n|-status|p1a: Chandelure|tox\n|\n|-weather|Sandstorm|[upkeep]\n|-damage|p1a: Chandelure|94\/100 tox|[from] Sandstorm\n|-damage|p1a: Chandelure|88\/100 tox|[from] psn\n|upkeep\n|turn|10\n|-message|RaWingedDragon forfeited.\n|\n|win|the maraculous\n|raw|the maraculous's rating: 1414 &rarr; <strong>1437<\/strong><br \/>(+23 for winning)\n|raw|RaWingedDragon's rating: 1473 &rarr; <strong>1450<\/strong><br \/>(-23 for losing)\n|l|\u2606RaWingedDragon\n","uploadtime":1698019295,"views":8,"p1id":"themaraculous","p2id":"rawingeddragon","formatid":"gen9nationaldexdoubles","rating":1437,"private":0,"password":""}