{"id":"gen9nationaldexdoubles-1975545598","p1":"Dino32400","p2":"Roy Kasoy","format":"[Gen 9] National Dex Doubles","log":"|j|\u2606Dino32400\n|j|\u2606Roy Kasoy\n|t:|1698203151\n|gametype|doubles\n|player|p1|Dino32400|hilbert|\n|player|p2|Roy Kasoy|hilbert|\n|teamsize|p1|6\n|teamsize|p2|6\n|gen|9\n|tier|[Gen 9] National Dex Doubles\n|rule|HP Percentage Mod: HP is shown in percentages\n|rule|Endless Battle Clause: Forcing endless battles is banned\n|rule|OHKO Clause: OHKO moves are banned\n|rule|Evasion Moves Clause: Evasion moves are banned\n|rule|Evasion Abilities Clause: Evasion abilities are banned\n|rule|Species Clause: Limit one of each Pok\u00e9mon\n|rule|Gravity Sleep Clause: The combination of sleep-inducing moves with imperfect accuracy and Gravity or Gigantamax Orbeetle are banned\n|clearpoke\n|poke|p1|Scorbunny, F|\n|poke|p1|Riolu, F|\n|poke|p1|Mudkip, F|\n|poke|p1|Treecko, F|\n|poke|p1|Charmander, F|\n|poke|p1|Bulbasaur, M|\n|poke|p2|Bulbasaur, F|\n|poke|p2|Litten, M|\n|poke|p2|Squirtle, M|\n|poke|p2|Larvitar, M|\n|poke|p2|Pikachu, F|\n|poke|p2|Riolu, F|\n|teampreview\n|\n|t:|1698203166\n|start\n|switch|p1a: Mudkip|Mudkip, F|100\/100\n|switch|p1b: Charmander|Charmander, F|100\/100\n|switch|p2a: Pikachu|Pikachu, F|100\/100\n|switch|p2b: Larvitar|Larvitar, M|100\/100\n|turn|1\n|\n|t:|1698203183\n|move|p2a: Pikachu|Fake Out|p1a: Mudkip\n|-crit|p1a: Mudkip\n|-damage|p1a: Mudkip|70\/100\n|move|p2b: Larvitar|Dragon Dance|p2b: Larvitar\n|-boost|p2b: Larvitar|atk|1\n|-boost|p2b: Larvitar|spe|1\n|move|p1b: Charmander|Heat Wave|p2b: Larvitar|[spread] p2a,p2b\n|-resisted|p2b: Larvitar\n|-damage|p2a: Pikachu|18\/100\n|-damage|p2b: Larvitar|66\/100\n|cant|p1a: Mudkip|flinch\n|\n|-status|p2b: Larvitar|brn|[from] item: Flame Orb\n|upkeep\n|turn|2\n|\n|t:|1698203204\n|move|p2a: Pikachu|Discharge|p1b: Charmander|[spread] p1a,p1b\n|-immune|p2b: Larvitar\n|-supereffective|p1a: Mudkip\n|-damage|p1a: Mudkip|5\/100\n|-damage|p1b: Charmander|51\/100\n|-status|p1b: Charmander|par\n|move|p2b: Larvitar|Rock Slide|p1a: Mudkip|[spread] p1a,p1b\n|-supereffective|p1b: Charmander\n|-damage|p1a: Mudkip|0 fnt\n|-damage|p1b: Charmander|0 fnt\n|faint|p1a: Mudkip\n|faint|p1b: Charmander\n|\n|-damage|p2b: Larvitar|60\/100 brn|[from] brn\n|upkeep\n|\n|t:|1698203222\n|switch|p1b: Riolu|Riolu, F|100\/100\n|switch|p1a: Treecko|Treecko, F|100\/100\n|turn|3\n|\n|t:|1698203247\n|move|p1b: Riolu|Bullet Punch|p2a: Pikachu\n|-resisted|p2a: Pikachu\n|-damage|p2a: Pikachu|6\/100\n|move|p2a: Pikachu|Discharge|p1a: Treecko|[spread] p1a,p1b\n|-immune|p2b: Larvitar\n|-resisted|p1a: Treecko\n|-damage|p1a: Treecko|71\/100\n|-damage|p1b: Riolu|40\/100\n|-status|p1b: Riolu|par\n|move|p2b: Larvitar|Rock Slide|p1b: Riolu|[spread] p1a,p1b\n|-resisted|p1b: Riolu\n|-damage|p1a: Treecko|0 fnt\n|-damage|p1b: Riolu|0 fnt\n|faint|p1a: Treecko\n|faint|p1b: Riolu\n|\n|-damage|p2b: Larvitar|54\/100 brn|[from] brn\n|upkeep\n|\n|t:|1698203266\n|switch|p1a: Bulbasaur|Bulbasaur, M|100\/100\n|switch|p1b: Scorbunny|Scorbunny, F|100\/100\n|turn|4\n|\n|t:|1698203288\n|-terastallize|p1b: Scorbunny|Dark\n|move|p2a: Pikachu|Discharge|p1b: Scorbunny|[spread] p1a,p1b\n|-immune|p2b: Larvitar\n|-resisted|p1a: Bulbasaur\n|-crit|p1b: Scorbunny\n|-damage|p1a: Bulbasaur|88\/100\n|-damage|p1b: Scorbunny|5\/100\n|-status|p1a: Bulbasaur|par\n|move|p2b: Larvitar|Rock Slide|p1b: Scorbunny|[spread] p1a,p1b\n|-damage|p1a: Bulbasaur|44\/100 par\n|-damage|p1b: Scorbunny|0 fnt\n|faint|p1b: Scorbunny\n|cant|p1a: Bulbasaur|flinch\n|\n|-damage|p2b: Larvitar|48\/100 brn|[from] brn\n|upkeep\n|turn|5\n|\n|t:|1698203311\n|switch|p2a: Bulbasaur|Bulbasaur, F|100\/100\n|-terastallize|p2b: Larvitar|Dark\n|move|p2b: Larvitar|Crunch|p1a: Bulbasaur\n|-damage|p1a: Bulbasaur|0 fnt\n|faint|p1a: Bulbasaur\n|\n|win|Roy Kasoy\n","uploadtime":1698203325,"views":11,"p1id":"dino32400","p2id":"roykasoy","formatid":"gen9nationaldexdoubles","rating":0,"private":0,"password":""}