{"id":"gen9nationaldexdoubles-1988109539","p1":"Muslceman2033","p2":"decidoustree","format":"[Gen 9] National Dex Doubles","log":"|j|\u2606Muslceman2033\n|j|\u2606decidoustree\n|t:|1699670684\n|gametype|doubles\n|player|p1|Muslceman2033|benga|\n|player|p2|decidoustree|caitlin|\n|teamsize|p1|6\n|teamsize|p2|6\n|gen|9\n|tier|[Gen 9] National Dex Doubles\n|rule|HP Percentage Mod: HP is shown in percentages\n|rule|Endless Battle Clause: Forcing endless battles is banned\n|rule|OHKO Clause: OHKO moves are banned\n|rule|Evasion Moves Clause: Evasion moves are banned\n|rule|Evasion Abilities Clause: Evasion abilities are banned\n|rule|Species Clause: Limit one of each Pok\u00e9mon\n|rule|Gravity Sleep Clause: The combination of sleep-inducing moves with imperfect accuracy and Gravity or Gigantamax Orbeetle are banned\n|clearpoke\n|poke|p1|Rillaboom, F|\n|poke|p1|Ursaluna-Bloodmoon, M|\n|poke|p1|Meowscarada, M|\n|poke|p1|Kleavor, M|\n|poke|p1|Roaring Moon|\n|poke|p1|Basculegion, M|\n|poke|p2|Garbodor, M|\n|poke|p2|Audino, F|\n|poke|p2|Krookodile, M|\n|poke|p2|Indeedee-F, F|\n|poke|p2|Aegislash, M|\n|poke|p2|Scolipede, M|\n|teampreview\n|\n|t:|1699670701\n|start\n|switch|p1a: Meowscarada|Meowscarada, M|100\/100\n|switch|p1b: Roaring Moon|Roaring Moon|100\/100\n|switch|p2a: Amide|Indeedee-F, F|100\/100\n|switch|p2b: Acid Chloride|Scolipede, M|100\/100\n|-fieldstart|move: Psychic Terrain|[from] ability: Psychic Surge|[of] p2a: Amide\n|-enditem|p1b: Roaring Moon|Booster Energy\n|-activate|p1b: Roaring Moon|ability: Protosynthesis|[fromitem]\n|-start|p1b: Roaring Moon|protosynthesisatk\n|turn|1\n|\n|t:|1699670719\n|move|p2a: Amide|Follow Me|p2a: Amide\n|-singleturn|p2a: Amide|move: Follow Me\n|move|p1a: Meowscarada|Foul Play|p2a: Amide\n|-start|p1a: Meowscarada|typechange|Dark|[from] ability: Protean\n|-supereffective|p2a: Amide\n|-damage|p2a: Amide|58\/100\n|move|p1b: Roaring Moon|Dragon Dance|p1b: Roaring Moon\n|-boost|p1b: Roaring Moon|atk|1\n|-boost|p1b: Roaring Moon|spe|1\n|move|p2b: Acid Chloride|Swords Dance|p2b: Acid Chloride\n|-boost|p2b: Acid Chloride|atk|2\n|\n|-heal|p2a: Amide|64\/100|[from] item: Leftovers\n|-ability|p2b: Acid Chloride|Speed Boost|boost\n|-boost|p2b: Acid Chloride|spe|1\n|upkeep\n|turn|2\n|\n|t:|1699670767\n|move|p2a: Amide|Follow Me|p2a: Amide\n|-singleturn|p2a: Amide|move: Follow Me\n|move|p1b: Roaring Moon|Dragon Claw|p2a: Amide\n|-damage|p2a: Amide|0 fnt\n|faint|p2a: Amide\n|move|p2b: Acid Chloride|Baton Pass|p2b: Acid Chloride\n|\n|t:|1699670775\n|switch|p2b: Kroko|Krookodile, M|100\/100|[from] Baton Pass\n|-ability|p2b: Kroko|Intimidate|boost\n|-unboost|p1a: Meowscarada|atk|1\n|-unboost|p1b: Roaring Moon|atk|1\n|move|p1a: Meowscarada|Foul Play|p2b: Kroko\n|-resisted|p2b: Kroko\n|-damage|p2b: Kroko|54\/100\n|\n|-heal|p2b: Kroko|60\/100|[from] item: Leftovers\n|upkeep\n|\n|t:|1699670787\n|switch|p2a: Starbucks\ud83e\udd2e\ud83e\udd2e|Garbodor, M|100\/100\n|-item|p2a: Starbucks\ud83e\udd2e\ud83e\udd2e|Air Balloon\n|turn|3\n|\n|t:|1699670813\n|-terastallize|p2b: Kroko|Steel\n|move|p2a: Starbucks\ud83e\udd2e\ud83e\udd2e|Protect|p2a: Starbucks\ud83e\udd2e\ud83e\udd2e\n|-singleturn|p2a: Starbucks\ud83e\udd2e\ud83e\udd2e|Protect\n|move|p1b: Roaring Moon|Dragon Claw|p2a: Starbucks\ud83e\udd2e\ud83e\udd2e\n|-activate|p2a: Starbucks\ud83e\udd2e\ud83e\udd2e|move: Protect\n|move|p1a: Meowscarada|Flower Trick|p2b: Kroko\n|-resisted|p2b: Kroko\n|-crit|p2b: Kroko\n|-damage|p2b: Kroko|44\/100\n|move|p2b: Kroko|Tera Blast|p1b: Roaring Moon|[anim] Tera Blast Steel\n|-damage|p1b: Roaring Moon|0 fnt\n|faint|p1b: Roaring Moon\n|-end|p1b: Roaring Moon|Protosynthesis|[silent]\n|\n|-heal|p2b: Kroko|50\/100|[from] item: Leftovers\n|upkeep\n|\n|t:|1699670839\n|switch|p1b: Rillaboom|Rillaboom, F|100\/100\n|-fieldstart|move: Grassy Terrain|[from] ability: Grassy Surge|[of] p1b: Rillaboom\n|-enditem|p1b: Rillaboom|Grassy Seed\n|-boost|p1b: Rillaboom|def|1|[from] item: Grassy Seed\n|turn|4\n|\n|t:|1699670855\n|move|p1b: Rillaboom|Grassy Glide|p2a: Starbucks\ud83e\udd2e\ud83e\udd2e\n|-resisted|p2a: Starbucks\ud83e\udd2e\ud83e\udd2e\n|-damage|p2a: Starbucks\ud83e\udd2e\ud83e\udd2e|85\/100\n|-ability|p2a: Starbucks\ud83e\udd2e\ud83e\udd2e|Weak Armor|boost\n|-unboost|p2a: Starbucks\ud83e\udd2e\ud83e\udd2e|def|1\n|-boost|p2a: Starbucks\ud83e\udd2e\ud83e\udd2e|spe|2\n|-enditem|p2a: Starbucks\ud83e\udd2e\ud83e\udd2e|Air Balloon\n|move|p2a: Starbucks\ud83e\udd2e\ud83e\udd2e|Infestation|p1b: Rillaboom\n|-supereffective|p1b: Rillaboom\n|-damage|p1b: Rillaboom|92\/100\n|-activate|p1b: Rillaboom|move: Infestation|[of] p2a: Starbucks\ud83e\udd2e\ud83e\udd2e\n|move|p1a: Meowscarada|Low Kick|p2b: Kroko\n|-supereffective|p2b: Kroko\n|-damage|p2b: Kroko|12\/100\n|move|p2b: Kroko|Earthquake|p1b: Rillaboom|[spread] p2a,p1a,p1b\n|-supereffective|p2a: Starbucks\ud83e\udd2e\ud83e\udd2e\n|-crit|p2a: Starbucks\ud83e\udd2e\ud83e\udd2e\n|-resisted|p1b: Rillaboom\n|-damage|p2a: Starbucks\ud83e\udd2e\ud83e\udd2e|0 fnt\n|-damage|p1a: Meowscarada|43\/100\n|-damage|p1b: Rillaboom|77\/100\n|faint|p2a: Starbucks\ud83e\udd2e\ud83e\udd2e\n|\n|-heal|p1a: Meowscarada|49\/100|[from] Grassy Terrain\n|-heal|p2b: Kroko|18\/100|[from] Grassy Terrain\n|-heal|p2b: Kroko|24\/100|[from] item: Leftovers\n|-heal|p1b: Rillaboom|83\/100|[from] Grassy Terrain\n|-end|p1b: Rillaboom|Infestation|[partiallytrapped]|[silent]\n|upkeep\n|j| MikazukiRex_\n|\n|t:|1699670896\n|switch|p2a: Amine|Audino, F|100\/100\n|turn|5\n|\n|t:|1699670916\n|detailschange|p2a: Amine|Audino-Mega, F\n|-mega|p2a: Amine|Audino|Audinite\n|-terastallize|p1a: Meowscarada|Grass\n|move|p2b: Kroko|Protect|p2b: Kroko\n|-singleturn|p2b: Kroko|Protect\n|move|p1b: Rillaboom|Grassy Glide|p2a: Amine\n|-damage|p2a: Amine|83\/100\n|move|p1a: Meowscarada|Low Kick|p2b: Kroko\n|-activate|p2b: Kroko|move: Protect\n|move|p2a: Amine|Life Dew|p2a: Amine|[spread] p2a,p2b\n|-heal|p2a: Amine|100\/100\n|-heal|p2b: Kroko|49\/100\n|\n|-heal|p1a: Meowscarada|55\/100|[from] Grassy Terrain\n|-heal|p2b: Kroko|55\/100|[from] Grassy Terrain\n|-heal|p2b: Kroko|61\/100|[from] item: Leftovers\n|-heal|p1b: Rillaboom|89\/100|[from] Grassy Terrain\n|upkeep\n|turn|6\n|\n|t:|1699670949\n|switch|p2b: Eye Sword|Aegislash, M|100\/100\n|move|p1b: Rillaboom|Grassy Glide|p2a: Amine\n|-damage|p2a: Amine|81\/100\n|move|p1a: Meowscarada|Low Kick|p2b: Eye Sword\n|-immune|p2b: Eye Sword\n|move|p2a: Amine|Yawn|p1b: Rillaboom\n|-start|p1b: Rillaboom|move: Yawn|[of] p2a: Amine\n|\n|-heal|p1a: Meowscarada|61\/100|[from] Grassy Terrain\n|-heal|p1b: Rillaboom|95\/100|[from] Grassy Terrain\n|-heal|p2a: Amine|88\/100|[from] Grassy Terrain\n|upkeep\n|turn|7\n|\n|t:|1699670979\n|switch|p2b: Kroko|Krookodile, M, tera:Steel|61\/100\n|-ability|p2b: Kroko|Intimidate|boost\n|-unboost|p1a: Meowscarada|atk|1\n|-unboost|p1b: Rillaboom|atk|1\n|switch|p2a: Acid Chloride|Scolipede, M|100\/100\n|move|p1b: Rillaboom|Grassy Glide|p2a: Acid Chloride\n|-resisted|p2a: Acid Chloride\n|-damage|p2a: Acid Chloride|92\/100\n|move|p1a: Meowscarada|Foul Play|p2b: Kroko\n|-damage|p2b: Kroko|15\/100\n|\n|-heal|p1a: Meowscarada|67\/100|[from] Grassy Terrain\n|-heal|p2a: Acid Chloride|99\/100|[from] Grassy Terrain\n|-heal|p1b: Rillaboom|100\/100|[from] Grassy Terrain\n|-heal|p2b: Kroko|21\/100|[from] Grassy Terrain\n|-heal|p2b: Kroko|27\/100|[from] item: Leftovers\n|-end|p1b: Rillaboom|move: Yawn|[silent]\n|-status|p1b: Rillaboom|slp\n|upkeep\n|turn|8\n|\n|t:|1699671025\n|move|p1a: Meowscarada|Low Kick|p2b: Kroko\n|-supereffective|p2b: Kroko\n|-damage|p2b: Kroko|0 fnt\n|faint|p2b: Kroko\n|move|p2a: Acid Chloride|Swords Dance|p2a: Acid Chloride\n|-boost|p2a: Acid Chloride|atk|2\n|cant|p1b: Rillaboom|slp\n|\n|-heal|p1a: Meowscarada|74\/100|[from] Grassy Terrain\n|-heal|p2a: Acid Chloride|100\/100|[from] Grassy Terrain\n|-fieldend|move: Grassy Terrain\n|-ability|p2a: Acid Chloride|Speed Boost|boost\n|-boost|p2a: Acid Chloride|spe|1\n|upkeep\n|\n|t:|1699671040\n|switch|p2b: Eye Sword|Aegislash, M|100\/100\n|turn|9\n|\n|t:|1699671065\n|move|p2a: Acid Chloride|Poison Jab|p1b: Rillaboom\n|-supereffective|p1b: Rillaboom\n|-damage|p1b: Rillaboom|0 fnt\n|faint|p1b: Rillaboom\n|move|p1a: Meowscarada|Foul Play|p2b: Eye Sword\n|-supereffective|p2b: Eye Sword\n|-damage|p2b: Eye Sword|67\/100\n|move|p2b: Eye Sword|Autotomize|p2b: Eye Sword\n|-boost|p2b: Eye Sword|spe|2\n|-start|p2b: Eye Sword|Autotomize\n|\n|-ability|p2a: Acid Chloride|Speed Boost|boost\n|-boost|p2a: Acid Chloride|spe|1\n|upkeep\n|\n|t:|1699671078\n|switch|p1b: Basculegion|Basculegion, M, shiny|100\/100\n|turn|10\n|\n|t:|1699671103\n|move|p2b: Eye Sword|King's Shield|p2b: Eye Sword\n|-singleturn|p2b: Eye Sword|Protect\n|move|p2a: Acid Chloride|Poison Jab|p1a: Meowscarada\n|-supereffective|p1a: Meowscarada\n|-damage|p1a: Meowscarada|0 fnt\n|faint|p1a: Meowscarada\n|move|p1b: Basculegion|Last Respects|p2a: Acid Chloride\n|-enditem|p2a: Acid Chloride|Focus Sash\n|-damage|p2a: Acid Chloride|1\/100\n|-damage|p1b: Basculegion|91\/100|[from] item: Life Orb\n|\n|-ability|p2a: Acid Chloride|Speed Boost|boost\n|-boost|p2a: Acid Chloride|spe|1\n|upkeep\n|\n|t:|1699671116\n|switch|p1a: Kleavor|Kleavor, M|100\/100\n|turn|11\n|\n|t:|1699671140\n|move|p2a: Acid Chloride|Poison Jab|p1b: Basculegion\n|-resisted|p1b: Basculegion\n|-damage|p1b: Basculegion|41\/100\n|-formechange|p2b: Eye Sword|Aegislash-Blade||[from] ability: Stance Change\n|move|p2b: Eye Sword|Shadow Ball|p1b: Basculegion\n|-supereffective|p1b: Basculegion\n|-damage|p1b: Basculegion|0 fnt\n|faint|p1b: Basculegion\n|-damage|p2b: Eye Sword|57\/100|[from] item: Life Orb\n|move|p1a: Kleavor|Stone Axe|p2a: Acid Chloride|[miss]\n|-miss|p1a: Kleavor|p2a: Acid Chloride\n|\n|-ability|p2a: Acid Chloride|Speed Boost|boost\n|-boost|p2a: Acid Chloride|spe|1\n|upkeep\n|\n|t:|1699671155\n|switch|p1b: Ursaluna|Ursaluna-Bloodmoon, M|100\/100\n|turn|12\n|\n|t:|1699671178\n|move|p2a: Acid Chloride|Protect|p2a: Acid Chloride\n|-singleturn|p2a: Acid Chloride|Protect\n|-formechange|p2b: Eye Sword|Aegislash||[from] ability: Stance Change\n|move|p2b: Eye Sword|King's Shield|p2b: Eye Sword\n|-singleturn|p2b: Eye Sword|Protect\n|move|p1a: Kleavor|Stone Edge|p2a: Acid Chloride\n|-activate|p2a: Acid Chloride|move: Protect\n|move|p1b: Ursaluna|Blood Moon|p2b: Eye Sword\n|-activate|p2b: Eye Sword|move: Protect\n|\n|-ability|p2a: Acid Chloride|Speed Boost|boost\n|-boost|p2a: Acid Chloride|spe|1\n|upkeep\n|turn|13\n|\n|t:|1699671210\n|move|p2a: Acid Chloride|Poison Jab|p1a: Kleavor\n|-resisted|p1a: Kleavor\n|-damage|p1a: Kleavor|52\/100\n|-formechange|p2b: Eye Sword|Aegislash-Blade||[from] ability: Stance Change\n|move|p2b: Eye Sword|Flash Cannon|p1a: Kleavor\n|-supereffective|p1a: Kleavor\n|-crit|p1a: Kleavor\n|-damage|p1a: Kleavor|0 fnt\n|faint|p1a: Kleavor\n|-damage|p2b: Eye Sword|47\/100|[from] item: Life Orb\n|move|p1b: Ursaluna|Focus Blast|p2b: Eye Sword|[miss]\n|-miss|p1b: Ursaluna|p2b: Eye Sword\n|\n|-ability|p2a: Acid Chloride|Speed Boost|boost\n|-boost|p2a: Acid Chloride|spe|1\n|upkeep\n|turn|14\n|\n|t:|1699671238\n|move|p2a: Acid Chloride|Poison Jab|p1b: Ursaluna\n|-resisted|p1b: Ursaluna\n|-damage|p1b: Ursaluna|74\/100\n|move|p2b: Eye Sword|Flash Cannon|p1b: Ursaluna\n|-damage|p1b: Ursaluna|26\/100\n|-damage|p2b: Eye Sword|37\/100|[from] item: Life Orb\n|move|p1b: Ursaluna|Blood Moon|p2b: Eye Sword\n|-resisted|p2b: Eye Sword\n|-damage|p2b: Eye Sword|0 fnt\n|faint|p2b: Eye Sword\n|\n|upkeep\n|\n|t:|1699671251\n|switch|p2b: Amine|Audino-Mega, F|88\/100\n|turn|15\n|\n|t:|1699671269\n|move|p2a: Acid Chloride|Poison Jab|p1b: Ursaluna\n|-resisted|p1b: Ursaluna\n|-damage|p1b: Ursaluna|0 fnt\n|faint|p1b: Ursaluna\n|\n|win|decidoustree\n|c|\u2606Muslceman2033|gg\n|l|\u2606Muslceman2033\n|l| MikazukiRex_\n|c|\u2606decidoustree|gg\n","uploadtime":1699671277,"views":65,"p1id":"muslceman2033","p2id":"decidoustree","formatid":"gen9nationaldexdoubles","rating":0,"private":0,"password":""}