{"id":"gen9nationaldexdoubles-1970146050","p1":"MathHacker","p2":"James is suipid","format":"[Gen 9] National Dex Doubles","log":"|j|\u2606MathHacker\n|j|\u2606James is suipid\n|t:|1697601202\n|gametype|doubles\n|player|p1|MathHacker|richboy-gen4|1419\n|player|p2|James is suipid|unknown|1442\n|teamsize|p1|6\n|teamsize|p2|6\n|gen|9\n|tier|[Gen 9] National Dex Doubles\n|rated|\n|rule|HP Percentage Mod: HP is shown in percentages\n|rule|Endless Battle Clause: Forcing endless battles is banned\n|rule|OHKO Clause: OHKO moves are banned\n|rule|Evasion Moves Clause: Evasion moves are banned\n|rule|Evasion Abilities Clause: Evasion abilities are banned\n|rule|Species Clause: Limit one of each Pok\u00e9mon\n|rule|Gravity Sleep Clause: The combination of sleep-inducing moves with imperfect accuracy and Gravity or Gigantamax Orbeetle are banned\n|clearpoke\n|poke|p1|Shuckle, F|\n|poke|p1|Pelipper, M|\n|poke|p1|Cresselia, F|\n|poke|p1|Torkoal, F|\n|poke|p1|Oranguru, M|\n|poke|p1|Ursaluna, M|\n|poke|p2|Zygarde|\n|poke|p2|Zamazenta-*|\n|poke|p2|Kangaskhan, F|\n|poke|p2|Glimmora, F|\n|poke|p2|Flutter Mane|\n|poke|p2|Ogerpon-Wellspring, F|\n|teampreview\n|inactive|Battle timer is ON: inactive players will automatically lose when time's up. (requested by James is suipid)\n|\n|t:|1697601212\n|start\n|switch|p1a: Shucky|Shuckle, F, shiny|100\/100\n|switch|p1b: munke|Oranguru, M|100\/100\n|switch|p2a: Glimmora|Glimmora, F|100\/100\n|switch|p2b: Kangaskhan|Kangaskhan, F|100\/100\n|turn|1\n|\n|t:|1697601237\n|detailschange|p2b: Kangaskhan|Kangaskhan-Mega, F\n|-mega|p2b: Kangaskhan|Kangaskhan|Kangaskhanite\n|move|p2b: Kangaskhan|Fake Out|p1b: munke\n|-damage|p1b: munke|84\/100\n|-damage|p1b: munke|80\/100\n|-hitcount|p1b: munke|2\n|move|p2a: Glimmora|Stealth Rock|p1b: munke\n|-sidestart|p1: MathHacker|move: Stealth Rock\n|move|p1a: Shucky|Power Trick|p1a: Shucky\n|-start|p1a: Shucky|Power Trick\n|cant|p1b: munke|flinch\n|\n|upkeep\n|turn|2\n|c|\u2606James is suipid|!weakness rock\n|c| James is suipid|\/raw <div class=\"infobox\">Rock:<br \/><span class=\"message-effect-weak\">Weaknesses<\/span>: Fighting, Grass, Ground, Steel, Water<br \/><span class=\"message-effect-resist\">Resistances<\/span>: Fire, Flying, Normal, Poison<br \/><span class=\"message-effect-immune\">Immunities<\/span>: Sandstorm damage<\/div>\n|inactive|James is suipid has 120 seconds left.\n|\n|t:|1697601271\n|move|p2b: Kangaskhan|Power-Up Punch|p1b: munke\n|-damage|p1b: munke|70\/100\n|-boost|p2b: Kangaskhan|atk|1\n|-damage|p1b: munke|66\/100\n|-boost|p2b: Kangaskhan|atk|1\n|-hitcount|p1b: munke|2\n|move|p2a: Glimmora|Power Gem|p1a: Shucky\n|-supereffective|p1a: Shucky\n|-damage|p1a: Shucky|49\/100\n|move|p1a: Shucky|Gyro Ball|p2a: Glimmora\n|-supereffective|p2a: Glimmora\n|-enditem|p2a: Glimmora|Focus Sash\n|-damage|p2a: Glimmora|1\/100\n|-activate|p2a: Glimmora|ability: Toxic Debris\n|-sidestart|p1: MathHacker|move: Toxic Spikes\n|move|p1b: munke|Trick Room|p1b: munke\n|-fieldstart|move: Trick Room|[of] p1b: munke\n|\n|upkeep\n|turn|3\n|\n|t:|1697601297\n|move|p1a: Shucky|Rock Slide|p2b: Kangaskhan|[spread] p2a,p2b\n|-damage|p2a: Glimmora|0 fnt\n|-damage|p2b: Kangaskhan|40\/100\n|-activate|p2a: Glimmora|ability: Toxic Debris\n|-sidestart|p1: MathHacker|move: Toxic Spikes\n|faint|p2a: Glimmora\n|move|p1b: munke|Instruct|p1a: Shucky\n|-singleturn|p1a: Shucky|move: Instruct|[of] p1b: munke\n|move|p1a: Shucky|Rock Slide|p2b: Kangaskhan\n|-damage|p2b: Kangaskhan|0 fnt\n|faint|p2b: Kangaskhan\n|\n|upkeep\n|\n|t:|1697601315\n|switch|p2a: Zamazenta|Zamazenta|100\/100\n|switch|p2b: Zygarde|Zygarde|100\/100\n|-ability|p2b: Zygarde|Aura Break\n|-ability|p2a: Zamazenta|Dauntless Shield|boost\n|-boost|p2a: Zamazenta|def|1\n|turn|4\n|inactive|MathHacker has 120 seconds left.\n|inactive|MathHacker has 90 seconds left.\n|c|\u2606James is suipid|hii\n|c|\u2606James is suipid|n  n\n|\n|t:|1697601387\n|-terastallize|p1a: Shucky|Ghost\n|move|p2a: Zamazenta|Wide Guard|p2a: Zamazenta\n|-singleturn|p2a: Zamazenta|Wide Guard\n|move|p1a: Shucky|Gyro Ball|p2b: Zygarde\n|-damage|p2b: Zygarde|25\/100\n|move|p1b: munke|Instruct|p1a: Shucky\n|-singleturn|p1a: Shucky|move: Instruct|[of] p1b: munke\n|move|p1a: Shucky|Gyro Ball|p2b: Zygarde\n|-damage|p2b: Zygarde|0 fnt\n|faint|p2b: Zygarde\n|\n|upkeep\n|c|\u2606James is suipid|mjl;m\n|\n|t:|1697601394\n|switch|p2b: Flutter Mane|Flutter Mane|100\/100\n|-enditem|p2b: Flutter Mane|Booster Energy\n|-activate|p2b: Flutter Mane|ability: Protosynthesis|[fromitem]\n|-start|p2b: Flutter Mane|protosynthesisspe\n|turn|5\n|inactive|MathHacker has 90 seconds left.\n|\n|t:|1697601441\n|-terastallize|p2b: Flutter Mane|Fairy\n|move|p1a: Shucky|Gyro Ball|p2b: Flutter Mane\n|-supereffective|p2b: Flutter Mane\n|-damage|p2b: Flutter Mane|0 fnt\n|faint|p2b: Flutter Mane\n|-end|p2b: Flutter Mane|Protosynthesis|[silent]\n|move|p1b: munke|Instruct|p1a: Shucky\n|-singleturn|p1a: Shucky|move: Instruct|[of] p1b: munke\n|move|p1a: Shucky|Gyro Ball|p2a: Zamazenta\n|-crit|p2a: Zamazenta\n|-damage|p2a: Zamazenta|0 fnt\n|faint|p2a: Zamazenta\n|\n|upkeep\n|\n|t:|1697601451\n|switch|p2b: Ogerpon|Ogerpon-Wellspring, F|100\/100\n|turn|6\n|inactive|MathHacker has 90 seconds left.\n|-message|James is suipid forfeited.\n|\n|win|MathHacker\n|raw|MathHacker's rating: 1419 &rarr; <strong>1440<\/strong><br \/>(+21 for winning)\n|raw|James is suipid's rating: 1442 &rarr; <strong>1421<\/strong><br \/>(-21 for losing)\n|l|\u2606James is suipid\n","uploadtime":1697601493,"views":5,"p1id":"mathhacker","p2id":"jamesissuipid","formatid":"gen9nationaldexdoubles","rating":1421,"private":0,"password":""}