{"id":"gen9nationaldexdoubles-1978168201","p1":"ThunderHqwk","p2":"UltraVapor","format":"[Gen 9] National Dex Doubles","log":"|j|\u2606ThunderHqwk\n|j|\u2606UltraVapor\n|t:|1698507457\n|gametype|doubles\n|player|p1|ThunderHqwk|giovanni|1045\n|player|p2|UltraVapor|shelly|1011\n|teamsize|p1|6\n|teamsize|p2|6\n|gen|9\n|tier|[Gen 9] National Dex Doubles\n|rated|\n|rule|HP Percentage Mod: HP is shown in percentages\n|rule|Endless Battle Clause: Forcing endless battles is banned\n|rule|OHKO Clause: OHKO moves are banned\n|rule|Evasion Moves Clause: Evasion moves are banned\n|rule|Evasion Abilities Clause: Evasion abilities are banned\n|rule|Species Clause: Limit one of each Pok\u00e9mon\n|rule|Gravity Sleep Clause: The combination of sleep-inducing moves with imperfect accuracy and Gravity or Gigantamax Orbeetle are banned\n|clearpoke\n|poke|p1|Regigigas|\n|poke|p1|Weezing-Galar, F|\n|poke|p1|Great Tusk|\n|poke|p1|Charizard, M|\n|poke|p1|Ferrothorn, F|\n|poke|p1|Samurott-Hisui, F|\n|poke|p2|Pelipper, M|\n|poke|p2|Vaporeon, F|\n|poke|p2|Walking Wake|\n|poke|p2|Basculegion, M|\n|poke|p2|Ogerpon-Wellspring, F|\n|poke|p2|Urshifu-*, M|\n|teampreview\n|\n|t:|1698507470\n|start\n|switch|p1a: Regigigas|Regigigas, shiny|100\/100\n|switch|p1b: Weezing|Weezing-Galar, F|100\/100\n|switch|p2a: Rocket PrizeMaster|Pelipper, M|100\/100\n|switch|p2b: Urshifu|Urshifu-Rapid-Strike, M|100\/100\n|-ability|p1b: Weezing|Neutralizing Gas\n|-item|p1b: Weezing|Air Balloon\n|turn|1\n|\n|t:|1698507502\n|-terastallize|p1a: Regigigas|Ghost\n|move|p2b: Urshifu|Drain Punch|p1a: Regigigas\n|-immune|p1a: Regigigas\n|move|p1a: Regigigas|Thunder Wave|p2b: Urshifu\n|-status|p2b: Urshifu|par\n|move|p2a: Rocket PrizeMaster|Tailwind|p2a: Rocket PrizeMaster\n|-sidestart|p2: UltraVapor|move: Tailwind\n|move|p1b: Weezing|Toxic Spikes|p2a: Rocket PrizeMaster\n|-sidestart|p2: UltraVapor|move: Toxic Spikes\n|\n|upkeep\n|turn|2\n|\n|t:|1698507523\n|move|p2b: Urshifu|Aqua Jet|p1b: Weezing\n|-damage|p1b: Weezing|78\/100\n|-enditem|p1b: Weezing|Air Balloon\n|move|p2a: Rocket PrizeMaster|U-turn|p1b: Weezing\n|-resisted|p1b: Weezing\n|-damage|p1b: Weezing|76\/100\n|\n|t:|1698507532\n|switch|p2a: Fimshe Red|Basculegion, M|100\/100|[from] U-turn\n|-status|p2a: Fimshe Red|psn\n|move|p1a: Regigigas|Thunder Wave||[still]\n|-fail|p1a: Regigigas\n|move|p1b: Weezing|Toxic Spikes|p2b: Urshifu\n|-sidestart|p2: UltraVapor|move: Toxic Spikes\n|\n|-damage|p2a: Fimshe Red|88\/100 psn|[from] psn\n|upkeep\n|turn|3\n|\n|t:|1698507561\n|move|p2a: Fimshe Red|Crunch|p1a: Regigigas\n|-supereffective|p1a: Regigigas\n|-damage|p1a: Regigigas|43\/100\n|-damage|p2a: Fimshe Red|78\/100 psn|[from] item: Life Orb\n|move|p2b: Urshifu|Surging Strikes|p1b: Weezing\n|-crit|p1b: Weezing\n|-damage|p1b: Weezing|54\/100\n|-crit|p1b: Weezing\n|-damage|p1b: Weezing|32\/100\n|-crit|p1b: Weezing\n|-damage|p1b: Weezing|10\/100\n|-hitcount|p1b: Weezing|3\n|move|p1a: Regigigas|Darkest Lariat|p2a: Fimshe Red\n|-supereffective|p2a: Fimshe Red\n|-damage|p2a: Fimshe Red|0 fnt\n|faint|p2a: Fimshe Red\n|move|p1b: Weezing|Dazzling Gleam|p2b: Urshifu\n|-supereffective|p2b: Urshifu\n|-damage|p2b: Urshifu|2\/100 par\n|\n|-heal|p1a: Regigigas|49\/100|[from] item: Leftovers\n|upkeep\n|\n|t:|1698507590\n|switch|p2a: Ogerpon|Ogerpon-Wellspring, F|100\/100\n|-status|p2a: Ogerpon|tox\n|turn|4\n|\n|t:|1698507602\n|cant|p2b: Urshifu|par\n|move|p2a: Ogerpon|Ivy Cudgel|p1a: Regigigas\n|-damage|p1a: Regigigas|3\/100\n|move|p1a: Regigigas|Return|p2a: Ogerpon\n|-damage|p2a: Ogerpon|16\/100 tox\n|move|p1b: Weezing|Clear Smog|p2a: Ogerpon\n|-supereffective|p2a: Ogerpon\n|-damage|p2a: Ogerpon|0 fnt\n|-clearboost|p2a: Ogerpon\n|faint|p2a: Ogerpon\n|\n|-heal|p1a: Regigigas|9\/100|[from] item: Leftovers\n|-sideend|p2: UltraVapor|move: Tailwind\n|upkeep\n|\n|t:|1698507621\n|switch|p2a: Walking Wake|Walking Wake|100\/100\n|-status|p2a: Walking Wake|tox\n|-enditem|p2a: Walking Wake|Booster Energy\n|-activate|p2a: Walking Wake|ability: Protosynthesis|[fromitem]\n|-start|p2a: Walking Wake|protosynthesisspa\n|turn|5\n|\n|t:|1698507636\n|move|p2b: Urshifu|Aqua Jet|p1b: Weezing\n|-damage|p1b: Weezing|0 fnt\n|faint|p1b: Weezing\n|-end|p1b: Weezing|ability: Neutralizing Gas\n|-start|p1a: Regigigas|ability: Slow Start\n|move|p2a: Walking Wake|Rain Dance|p2a: Walking Wake\n|-weather|RainDance\n|move|p1a: Regigigas|Drain Punch|p2a: Walking Wake\n|-damage|p2a: Walking Wake|82\/100 tox\n|-heal|p1a: Regigigas|17\/100|[from] drain|[of] p2a: Walking Wake\n|\n|-weather|RainDance|[upkeep]\n|-heal|p1a: Regigigas|23\/100|[from] item: Leftovers\n|-damage|p2a: Walking Wake|76\/100 tox|[from] psn\n|upkeep\n|\n|t:|1698507654\n|switch|p1b: Samurott|Samurott-Hisui, F|100\/100\n|turn|6\n|\n|t:|1698507677\n|move|p2b: Urshifu|Aqua Jet|p1a: Regigigas\n|-damage|p1a: Regigigas|0 fnt\n|faint|p1a: Regigigas\n|-end|p1a: Regigigas|Slow Start|[silent]\n|move|p2a: Walking Wake|Draco Meteor|p1b: Samurott\n|-damage|p1b: Samurott|0 fnt\n|-unboost|p2a: Walking Wake|spa|2\n|faint|p1b: Samurott\n|\n|-weather|RainDance|[upkeep]\n|-damage|p2a: Walking Wake|63\/100 tox|[from] psn\n|upkeep\n|\n|t:|1698507695\n|switch|p1b: Charizard|Charizard, M|100\/100\n|switch|p1a: Great Tusk|Great Tusk|100\/100\n|turn|7\n|\n|t:|1698507711\n|detailschange|p1b: Charizard|Charizard-Mega-Y, M\n|-mega|p1b: Charizard|Charizard|Charizardite Y\n|-weather|SunnyDay|[from] ability: Drought|[of] p1b: Charizard\n|-activate|p1a: Great Tusk|ability: Protosynthesis\n|-start|p1a: Great Tusk|protosynthesisatk\n|move|p2a: Walking Wake|Hydro Steam|p1b: Charizard\n|-supereffective|p1b: Charizard\n|-damage|p1b: Charizard|18\/100\n|move|p1a: Great Tusk|Earthquake|p2b: Urshifu|[spread] p2a,p2b\n|-immune|p1b: Charizard\n|-damage|p2a: Walking Wake|12\/100 tox\n|-damage|p2b: Urshifu|0 fnt\n|faint|p2b: Urshifu\n|move|p1b: Charizard|Solar Beam||[still]\n|-prepare|p1b: Charizard|Solar Beam\n|-anim|p1b: Charizard|Solar Beam|p2a: Walking Wake\n|-damage|p2a: Walking Wake|0 fnt\n|faint|p2a: Walking Wake\n|-end|p2a: Walking Wake|Protosynthesis|[silent]\n|\n|-weather|SunnyDay|[upkeep]\n|upkeep\n|\n|t:|1698507732\n|switch|p2a: Rocket PrizeMaster|Pelipper, M|100\/100\n|switch|p2b: Vaporeon|Vaporeon, F, shiny|100\/100\n|-status|p2b: Vaporeon|tox\n|-weather|RainDance|[from] ability: Drizzle|[of] p2a: Rocket PrizeMaster\n|-end|p1a: Great Tusk|Protosynthesis\n|turn|8\n|\n|t:|1698507749\n|-terastallize|p2b: Vaporeon|Poison\n|move|p1a: Great Tusk|Ice Spinner|p2a: Rocket PrizeMaster\n|-damage|p2a: Rocket PrizeMaster|73\/100\n|move|p1b: Charizard|Solar Beam||[still]\n|-prepare|p1b: Charizard|Solar Beam\n|move|p2a: Rocket PrizeMaster|Tailwind|p2a: Rocket PrizeMaster\n|-sidestart|p2: UltraVapor|move: Tailwind\n|move|p2b: Vaporeon|Aqua Ring|p2b: Vaporeon\n|-start|p2b: Vaporeon|Aqua Ring\n|\n|-weather|RainDance|[upkeep]\n|-damage|p2b: Vaporeon|94\/100 tox|[from] psn\n|upkeep\n|turn|9\n|\n|t:|1698507780\n|move|p2b: Vaporeon|Scald|p1b: Charizard\n|-supereffective|p1b: Charizard\n|-damage|p1b: Charizard|0 fnt\n|faint|p1b: Charizard\n|move|p2a: Rocket PrizeMaster|Hydro Pump|p1a: Great Tusk\n|-supereffective|p1a: Great Tusk\n|-damage|p1a: Great Tusk|0 fnt\n|faint|p1a: Great Tusk\n|-end|p1a: Great Tusk|Protosynthesis|[silent]\n|\n|-weather|RainDance|[upkeep]\n|-heal|p2b: Vaporeon|100\/100 tox|[from] item: Leftovers\n|-damage|p2b: Vaporeon|88\/100 tox|[from] psn\n|upkeep\n|\n|t:|1698507792\n|switch|p1b: Ferrothorn|Ferrothorn, F|100\/100\n|turn|10\n|inactive|Battle timer is ON: inactive players will automatically lose when time's up. (requested by ThunderHqwk)\n|\n|t:|1698507806\n|move|p2b: Vaporeon|Calm Mind|p2b: Vaporeon\n|-boost|p2b: Vaporeon|spa|1\n|-boost|p2b: Vaporeon|spd|1\n|move|p2a: Rocket PrizeMaster|Hydro Pump|p1b: Ferrothorn\n|-resisted|p1b: Ferrothorn\n|-damage|p1b: Ferrothorn|69\/100\n|move|p1b: Ferrothorn|Leech Seed|p2a: Rocket PrizeMaster\n|-start|p2a: Rocket PrizeMaster|move: Leech Seed\n|\n|-weather|RainDance|[upkeep]\n|-heal|p2b: Vaporeon|94\/100 tox|[from] item: Leftovers\n|-heal|p1b: Ferrothorn|75\/100|[from] item: Leftovers\n|-heal|p2b: Vaporeon|100\/100 tox|[from] Aqua Ring\n|-damage|p2a: Rocket PrizeMaster|60\/100|[from] Leech Seed|[of] p1b: Ferrothorn\n|-heal|p1b: Ferrothorn|85\/100|[silent]\n|-damage|p2b: Vaporeon|82\/100 tox|[from] psn\n|upkeep\n|turn|11\n|\n|t:|1698507830\n|move|p2a: Rocket PrizeMaster|Hydro Pump|p1b: Ferrothorn\n|-resisted|p1b: Ferrothorn\n|-damage|p1b: Ferrothorn|52\/100\n|move|p2b: Vaporeon|Scald|p1b: Ferrothorn\n|-resisted|p1b: Ferrothorn\n|-damage|p1b: Ferrothorn|10\/100\n|move|p1b: Ferrothorn|Leech Seed|p2b: Vaporeon\n|-start|p2b: Vaporeon|move: Leech Seed\n|\n|-weather|RainDance|[upkeep]\n|-heal|p2b: Vaporeon|88\/100 tox|[from] item: Leftovers\n|-heal|p1b: Ferrothorn|16\/100|[from] item: Leftovers\n|-heal|p2b: Vaporeon|94\/100 tox|[from] Aqua Ring\n|-damage|p2a: Rocket PrizeMaster|48\/100|[from] Leech Seed|[of] p1b: Ferrothorn\n|-heal|p1b: Ferrothorn|25\/100|[silent]\n|-damage|p2b: Vaporeon|82\/100 tox|[from] Leech Seed|[of] p1b: Ferrothorn\n|-heal|p1b: Ferrothorn|42\/100|[silent]\n|-damage|p2b: Vaporeon|57\/100 tox|[from] psn\n|-sideend|p2: UltraVapor|move: Tailwind\n|upkeep\n|turn|12\n|-message|ThunderHqwk forfeited.\n|\n|win|UltraVapor\n|raw|ThunderHqwk's rating: 1045 &rarr; <strong>1027<\/strong><br \/>(-18 for losing)\n|raw|UltraVapor's rating: 1011 &rarr; <strong>1053<\/strong><br \/>(+42 for winning)\n|l|\u2606ThunderHqwk\n","uploadtime":1698507865,"views":5,"p1id":"thunderhqwk","p2id":"ultravapor","formatid":"gen9nationaldexdoubles","rating":1027,"private":0,"password":""}