{"id":"gen9nationaldexdoubles-1983257957","p1":"sosussysofunny","p2":"kg oiyvou","format":"[Gen 9] National Dex Doubles","log":"|j|\u2606sosussysofunny\n|j|\u2606kg oiyvou\n|t:|1699111277\n|gametype|doubles\n|player|p1|sosussysofunny|scientistf|1020\n|player|p2|kg oiyvou|pokekid|1090\n|teamsize|p1|6\n|teamsize|p2|6\n|gen|9\n|tier|[Gen 9] National Dex Doubles\n|rated|\n|rule|HP Percentage Mod: HP is shown in percentages\n|rule|Endless Battle Clause: Forcing endless battles is banned\n|rule|OHKO Clause: OHKO moves are banned\n|rule|Evasion Moves Clause: Evasion moves are banned\n|rule|Evasion Abilities Clause: Evasion abilities are banned\n|rule|Species Clause: Limit one of each Pok\u00e9mon\n|rule|Gravity Sleep Clause: The combination of sleep-inducing moves with imperfect accuracy and Gravity or Gigantamax Orbeetle are banned\n|clearpoke\n|poke|p1|Mew|\n|poke|p1|Silvally-*|\n|poke|p1|Slowking-Galar, M|\n|poke|p1|Hatterene, F|\n|poke|p1|Empoleon, F|\n|poke|p1|Tapu Bulu|\n|poke|p2|Indeedee-F, F|\n|poke|p2|Oranguru, F|\n|poke|p2|Glastrier|\n|poke|p2|Hoopa-Unbound|\n|poke|p2|Ursaluna, F|\n|poke|p2|Zygarde|\n|teampreview\n|inactive|Battle timer is ON: inactive players will automatically lose when time's up. (requested by sosussysofunny)\n|\n|t:|1699111290\n|start\n|switch|p1a: Empoleon|Empoleon, F|100\/100\n|switch|p1b: fetus rat|Mew|100\/100\n|switch|p2a: Hoopa|Hoopa-Unbound|100\/100\n|switch|p2b: Zygarde|Zygarde|100\/100\n|-ability|p2b: Zygarde|Aura Break\n|turn|1\n|\n|t:|1699111305\n|move|p1b: fetus rat|Fire Pledge|p2a: Hoopa\n|-waiting|p1b: fetus rat|p1a: Empoleon\n|move|p1a: Empoleon|Water Pledge|p2b: Zygarde|[from]move: Fire Pledge\n|-combine\n|-damage|p2b: Zygarde|50\/100\n|-sidestart|p1: sosussysofunny|Water Pledge\n|move|p2b: Zygarde|Thousand Arrows|p1b: fetus rat|[spread] p1a,p1b\n|-supereffective|p1a: Empoleon\n|-damage|p1a: Empoleon|54\/100\n|-damage|p1b: fetus rat|80\/100\n|move|p2a: Hoopa|Dark Pulse|p1a: Empoleon\n|-damage|p1a: Empoleon|5\/100\n|\n|-heal|p1b: fetus rat|87\/100|[from] item: Leftovers\n|-heal|p1a: Empoleon|12\/100|[from] item: Leftovers\n|upkeep\n|turn|2\n|inactive|kg oiyvou has 120 seconds left.\n|\n|t:|1699111356\n|move|p2b: Zygarde|Protect|p2b: Zygarde\n|-singleturn|p2b: Zygarde|Protect\n|move|p1b: fetus rat|Grassy Terrain|p1b: fetus rat\n|-fieldstart|move: Grassy Terrain\n|move|p1a: Empoleon|Blizzard|p2a: Hoopa|[spread] p2a\n|-activate|p2b: Zygarde|move: Protect\n|-damage|p2a: Hoopa|79\/100\n|move|p2a: Hoopa|Dark Pulse|p1b: fetus rat\n|-supereffective|p1b: fetus rat\n|-damage|p1b: fetus rat|0 fnt\n|faint|p1b: fetus rat\n|\n|-heal|p2b: Zygarde|57\/100|[from] Grassy Terrain\n|-heal|p1a: Empoleon|18\/100|[from] Grassy Terrain\n|-heal|p1a: Empoleon|24\/100|[from] item: Leftovers\n|-heal|p2a: Hoopa|85\/100|[from] Grassy Terrain\n|upkeep\n|inactive|sosussysofunny has 120 seconds left.\n|\n|t:|1699111380\n|switch|p1b: Silvally|Silvally|100\/100\n|turn|3\n|inactive|kg oiyvou has 120 seconds left.\n|\n|t:|1699111410\n|move|p1b: Silvally|Grass Pledge|p2a: Hoopa\n|-waiting|p1b: Silvally|p1a: Empoleon\n|move|p1a: Empoleon|Water Pledge|p2b: Zygarde|[from]move: Grass Pledge\n|-combine\n|-damage|p2b: Zygarde|0 fnt\n|-sidestart|p2: kg oiyvou|Grass Pledge\n|faint|p2b: Zygarde\n|move|p2a: Hoopa|Trick Room|p2a: Hoopa\n|-fieldstart|move: Trick Room|[of] p2a: Hoopa\n|-enditem|p2a: Hoopa|Room Service\n|-unboost|p2a: Hoopa|spe|1|[from] item: Room Service\n|\n|-heal|p2a: Hoopa|91\/100|[from] Grassy Terrain\n|-heal|p1a: Empoleon|30\/100|[from] Grassy Terrain\n|-heal|p1a: Empoleon|36\/100|[from] item: Leftovers\n|upkeep\n|\n|t:|1699111422\n|switch|p2b: Ursaluna|Ursaluna, F|100\/100\n|turn|4\n|\n|t:|1699111431\n|switch|p1b: bruh|Slowking-Galar, M|100\/100\n|move|p2b: Ursaluna|Close Combat|p1b: bruh\n|-resisted|p1b: bruh\n|-damage|p1b: bruh|89\/100\n|-unboost|p2b: Ursaluna|def|1\n|-unboost|p2b: Ursaluna|spd|1\n|move|p2a: Hoopa|Dark Pulse|p1a: Empoleon\n|-damage|p1a: Empoleon|0 fnt\n|faint|p1a: Empoleon\n|\n|-heal|p2a: Hoopa|97\/100|[from] Grassy Terrain\n|-heal|p1b: bruh|95\/100|[from] Grassy Terrain\n|-heal|p1b: bruh|100\/100|[from] item: Leftovers\n|-sideend|p1: sosussysofunny|Water Pledge\n|-status|p2b: Ursaluna|brn|[from] item: Flame Orb\n|upkeep\n|\n|t:|1699111450\n|switch|p1a: gagagagag|Hatterene, F|100\/100\n|turn|5\n|\n|t:|1699111461\n|move|p2b: Ursaluna|Facade|p1a: gagagagag\n|-damage|p1a: gagagagag|0 fnt\n|-damage|p2b: Ursaluna|84\/100 brn|[from] item: Rocky Helmet|[of] p1a: gagagagag\n|faint|p1a: gagagagag\n|move|p2a: Hoopa|Shadow Ball|p1b: bruh\n|-supereffective|p1b: bruh\n|-damage|p1b: bruh|58\/100\n|-item|p2a: Hoopa|Leftovers|[from] ability: Magician|[of] p1b: bruh\n|move|p1b: bruh|Chilly Reception|p1b: bruh\n|-weather|Snow\n|\n|t:|1699111473\n|switch|p1b: goofy ahh helmet|Tapu Bulu|100\/100|[from] Chilly Reception\n|\n|-weather|Snow|[upkeep]\n|-heal|p2b: Ursaluna|90\/100 brn|[from] Grassy Terrain\n|-heal|p2a: Hoopa|100\/100|[from] Grassy Terrain\n|-damage|p2b: Ursaluna|84\/100 brn|[from] brn\n|upkeep\n|\n|t:|1699111481\n|switch|p1a: bruh|Slowking-Galar, M|91\/100\n|turn|6\n|inactive|kg oiyvou has 120 seconds left.\n|\n|t:|1699111532\n|move|p2b: Ursaluna|Facade|p1b: goofy ahh helmet\n|-damage|p1b: goofy ahh helmet|20\/100\n|move|p2a: Hoopa|Psyshock|p1b: goofy ahh helmet\n|-damage|p1b: goofy ahh helmet|0 fnt\n|faint|p1b: goofy ahh helmet\n|move|p1a: bruh|Wonder Room|p1a: bruh\n|-fieldstart|move: Wonder Room|[of] p1a: bruh\n|\n|-weather|Snow|[upkeep]\n|-heal|p2b: Ursaluna|90\/100 brn|[from] Grassy Terrain\n|-heal|p1a: bruh|97\/100|[from] Grassy Terrain\n|-damage|p2b: Ursaluna|84\/100 brn|[from] brn\n|-sideend|p2: kg oiyvou|Grass Pledge\n|-fieldend|move: Grassy Terrain\n|upkeep\n|\n|t:|1699111545\n|switch|p1b: Silvally|Silvally|100\/100\n|turn|7\n|\n|t:|1699111563\n|move|p2b: Ursaluna|Close Combat|p1b: Silvally\n|-supereffective|p1b: Silvally\n|-damage|p1b: Silvally|0 fnt\n|-unboost|p2b: Ursaluna|def|1\n|-unboost|p2b: Ursaluna|spd|1\n|faint|p1b: Silvally\n|move|p1a: bruh|Weather Ball|p2a: Hoopa\n|-damage|p2a: Hoopa|64\/100\n|move|p2a: Hoopa|Dark Pulse|p1a: bruh\n|-supereffective|p1a: bruh\n|-damage|p1a: bruh|0 fnt\n|faint|p1a: bruh\n|\n|win|kg oiyvou\n|raw|sosussysofunny's rating: 1020 &rarr; <strong>1010<\/strong><br \/>(-10 for losing)\n|raw|kg oiyvou's rating: 1110 &rarr; <strong>1129<\/strong><br \/>(+19 for winning)\n|l|\u2606sosussysofunny\n","uploadtime":1699111577,"views":5,"p1id":"sosussysofunny","p2id":"kgoiyvou","formatid":"gen9nationaldexdoubles","rating":1010,"private":0,"password":""}