{"id":"gen9nationaldexdoubles-1971244647","p1":"MonkeK1ng","p2":"AdvancedDigit","format":"[Gen 9] National Dex Doubles","log":"|j|\u2606MonkeK1ng\n|j|\u2606AdvancedDigit\n|t:|1697723207\n|gametype|doubles\n|player|p1|MonkeK1ng|riley|1039\n|player|p2|AdvancedDigit|2|1214\n|teamsize|p1|6\n|teamsize|p2|6\n|gen|9\n|tier|[Gen 9] National Dex Doubles\n|rated|\n|rule|HP Percentage Mod: HP is shown in percentages\n|rule|Endless Battle Clause: Forcing endless battles is banned\n|rule|OHKO Clause: OHKO moves are banned\n|rule|Evasion Moves Clause: Evasion moves are banned\n|rule|Evasion Abilities Clause: Evasion abilities are banned\n|rule|Species Clause: Limit one of each Pok\u00e9mon\n|rule|Gravity Sleep Clause: The combination of sleep-inducing moves with imperfect accuracy and Gravity or Gigantamax Orbeetle are banned\n|clearpoke\n|poke|p1|Shuckle, M|\n|poke|p1|Murkrow, F|\n|poke|p1|Porygon-Z|\n|poke|p1|Torkoal, F|\n|poke|p1|Clefairy, M|\n|poke|p1|Ludicolo, M|\n|poke|p2|Scyther, F|\n|poke|p2|Togetic, F|\n|poke|p2|Bisharp, F|\n|poke|p2|Gligar, F|\n|poke|p2|Haunter, F|\n|poke|p2|Kadabra, M|\n|teampreview\n|\n|t:|1697723231\n|start\n|switch|p1a: Burb|Murkrow, F|100\/100\n|switch|p1b: Punt this MF|Clefairy, M|100\/100\n|switch|p2a: Kadabra|Kadabra, M|100\/100\n|switch|p2b: Togetic|Togetic, F|100\/100\n|turn|1\n|\n|t:|1697723246\n|move|p1b: Punt this MF|Follow Me|p1b: Punt this MF\n|-singleturn|p1b: Punt this MF|move: Follow Me\n|-zpower|p1a: Burb\n|move|p1a: Burb|Z-Tailwind|p1a: Burb|[anim]Tailwind\n|-start|p1a: Burb|move: Focus Energy|[zeffect]\n|-sidestart|p1: MonkeK1ng|move: Tailwind\n|move|p2a: Kadabra|Dazzling Gleam|p1b: Punt this MF|[spread] p1a,p1b\n|-supereffective|p1a: Burb\n|-damage|p1a: Burb|23\/100\n|-damage|p1b: Punt this MF|75\/100\n|move|p2b: Togetic|Thunder Wave|p1b: Punt this MF\n|-status|p1b: Punt this MF|par\n|\n|upkeep\n|turn|2\n|\n|t:|1697723275\n|move|p2b: Togetic|Follow Me|p2b: Togetic\n|-singleturn|p2b: Togetic|move: Follow Me\n|move|p1a: Burb|Thunder Wave|p2b: Togetic|[miss]\n|-miss|p1a: Burb|p2b: Togetic\n|move|p2a: Kadabra|Dazzling Gleam|p1b: Punt this MF|[spread] p1a,p1b\n|-supereffective|p1a: Burb\n|-damage|p1a: Burb|0 fnt\n|-damage|p1b: Punt this MF|52\/100 par\n|faint|p1a: Burb\n|move|p1b: Punt this MF|Encore|p2b: Togetic\n|-start|p2b: Togetic|Encore\n|\n|upkeep\n|\n|t:|1697723288\n|switch|p1a: Smoker|Torkoal, F, shiny|100\/100\n|turn|3\n|\n|t:|1697723304\n|switch|p2a: Gligar|Gligar, F, shiny|100\/100\n|move|p2b: Togetic|Follow Me|p2b: Togetic\n|-singleturn|p2b: Togetic|move: Follow Me\n|move|p1b: Punt this MF|Follow Me|p1b: Punt this MF\n|-singleturn|p1b: Punt this MF|move: Follow Me\n|move|p1a: Smoker|Eruption|p2a: Gligar|[spread] p2a,p2b\n|-crit|p2b: Togetic\n|-damage|p2a: Gligar|33\/100\n|-damage|p2b: Togetic|42\/100\n|\n|upkeep\n|turn|4\n|\n|t:|1697723320\n|move|p1b: Punt this MF|Helping Hand|p1a: Smoker\n|-singleturn|p1a: Smoker|Helping Hand|[of] p1b: Punt this MF\n|move|p2b: Togetic|Follow Me|p2b: Togetic\n|-singleturn|p2b: Togetic|move: Follow Me\n|move|p2a: Gligar|Earthquake|p1a: Smoker|[spread] p1a,p1b\n|-immune|p2b: Togetic\n|-supereffective|p1a: Smoker\n|-damage|p1a: Smoker|69\/100\n|-damage|p1b: Punt this MF|31\/100 par\n|move|p1a: Smoker|Eruption|p2a: Gligar|[spread] p2a,p2b\n|-damage|p2a: Gligar|0 fnt\n|-damage|p2b: Togetic|4\/100\n|faint|p2a: Gligar\n|\n|-sideend|p1: MonkeK1ng|move: Tailwind\n|upkeep\n|\n|t:|1697723349\n|switch|p2a: Kadabra|Kadabra, M|100\/100\n|turn|5\n|\n|t:|1697723358\n|move|p1b: Punt this MF|Helping Hand|p1a: Smoker\n|-singleturn|p1a: Smoker|Helping Hand|[of] p1b: Punt this MF\n|move|p2b: Togetic|Follow Me|p2b: Togetic\n|-singleturn|p2b: Togetic|move: Follow Me\n|move|p2a: Kadabra|Psychic|p1a: Smoker\n|-damage|p1a: Smoker|0 fnt\n|faint|p1a: Smoker\n|\n|-end|p2b: Togetic|Encore\n|upkeep\n|\n|t:|1697723369\n|switch|p1a: He GOT THE MOVES|Ludicolo, M, shiny|100\/100\n|turn|6\n|\n|t:|1697723378\n|move|p2b: Togetic|Follow Me|p2b: Togetic\n|-singleturn|p2b: Togetic|move: Follow Me\n|move|p1b: Punt this MF|Follow Me|p1b: Punt this MF\n|-singleturn|p1b: Punt this MF|move: Follow Me\n|move|p2a: Kadabra|Psychic|p1b: Punt this MF\n|-damage|p1b: Punt this MF|0 fnt\n|faint|p1b: Punt this MF\n|move|p1a: He GOT THE MOVES|Scald|p2b: Togetic\n|-damage|p2b: Togetic|0 fnt\n|faint|p2b: Togetic\n|\n|upkeep\n|\n|t:|1697723388\n|switch|p2b: Scyther|Scyther, F|100\/100\n|switch|p1b: I exist|Shuckle, M, shiny|100\/100\n|turn|7\n|\n|t:|1697723399\n|move|p2b: Scyther|Swords Dance|p2b: Scyther\n|-boost|p2b: Scyther|atk|2\n|move|p2a: Kadabra|Psychic|p1a: He GOT THE MOVES\n|-damage|p1a: He GOT THE MOVES|42\/100\n|move|p1a: He GOT THE MOVES|Scald|p2a: Kadabra\n|-damage|p2a: Kadabra|31\/100\n|-status|p2a: Kadabra|brn\n|move|p1b: I exist|Sticky Web|p2b: Scyther\n|-sidestart|p2: AdvancedDigit|move: Sticky Web\n|\n|upkeep\n|turn|8\n|\n|t:|1697723440\n|move|p2a: Kadabra|Psychic|p1a: He GOT THE MOVES\n|-damage|p1a: He GOT THE MOVES|0 fnt\n|faint|p1a: He GOT THE MOVES\n|move|p2b: Scyther|Dual Wingbeat|p1b: I exist\n|-damage|p1b: I exist|70\/100\n|-damage|p1b: I exist|42\/100\n|-hitcount|p1b: I exist|2\n|move|p1b: I exist|Stealth Rock|p2a: Kadabra\n|-sidestart|p2: AdvancedDigit|move: Stealth Rock\n|\n|upkeep\n|\n|t:|1697723448\n|switch|p1a: Indian scammer|Porygon-Z|100\/100\n|-ability|p1a: Indian scammer|Download|boost\n|-boost|p1a: Indian scammer|atk|1\n|turn|9\n|\n|t:|1697723460\n|move|p2a: Kadabra|Psychic|p1a: Indian scammer\n|-damage|p1a: Indian scammer|18\/100\n|move|p2b: Scyther|Bug Bite|p1a: Indian scammer\n|-damage|p1a: Indian scammer|0 fnt\n|faint|p1a: Indian scammer\n|move|p1b: I exist|Gyro Ball|p2a: Kadabra\n|-damage|p2a: Kadabra|0 fnt\n|faint|p2a: Kadabra\n|\n|upkeep\n|\n|t:|1697723476\n|switch|p2a: Bisharp|Bisharp, F|100\/100\n|-activate|p2a: Bisharp|move: Sticky Web\n|-unboost|p2a: Bisharp|spe|1\n|-ability|p2a: Bisharp|Defiant|boost\n|-boost|p2a: Bisharp|atk|2\n|-damage|p2a: Bisharp|95\/100|[from] Stealth Rock\n|turn|10\n|c|\u2606AdvancedDigit|gg\n|\n|t:|1697723490\n|move|p2b: Scyther|Dual Wingbeat|p1b: I exist\n|-damage|p1b: I exist|10\/100\n|-damage|p1b: I exist|0 fnt\n|faint|p1b: I exist\n|-hitcount|p1: I exist|2\n|\n|win|AdvancedDigit\n|raw|MonkeK1ng's rating: 1039 &rarr; <strong>1031<\/strong><br \/>(-8 for losing)\n|raw|AdvancedDigit's rating: 1214 &rarr; <strong>1227<\/strong><br \/>(+13 for winning)\n","uploadtime":1697723493,"views":6,"p1id":"monkek1ng","p2id":"advanceddigit","formatid":"gen9nationaldexdoubles","rating":1031,"private":0,"password":""}