{"id":"gen9nationaldexdoubles-1956187033","p1":"Nickalip","p2":"icybro12","format":"[Gen 9] National Dex Doubles","log":"|j|\u2606Nickalip\n|j|\u2606icybro12\n|t:|1696083274\n|gametype|doubles\n|player|p1|Nickalip|266|1087\n|player|p2|icybro12|psychic|1161\n|teamsize|p1|6\n|teamsize|p2|6\n|gen|9\n|tier|[Gen 9] National Dex Doubles\n|rated|\n|rule|HP Percentage Mod: HP is shown in percentages\n|rule|Endless Battle Clause: Forcing endless battles is banned\n|rule|OHKO Clause: OHKO moves are banned\n|rule|Evasion Moves Clause: Evasion moves are banned\n|rule|Evasion Abilities Clause: Evasion abilities are banned\n|rule|Species Clause: Limit one of each Pok\u00e9mon\n|rule|Gravity Sleep Clause: The combination of sleep-inducing moves with imperfect accuracy and Gravity or Gigantamax Orbeetle are banned\n|clearpoke\n|poke|p1|Iron Valiant|\n|poke|p1|Scizor, M|\n|poke|p1|Serperior, F|\n|poke|p1|Ceruledge, M|\n|poke|p1|Swampert, M|\n|poke|p1|Gardevoir, F|\n|poke|p2|Vanilluxe, M|\n|poke|p2|Sandslash-Alola, F|\n|poke|p2|Abomasnow, F|\n|poke|p2|Beartic, F|\n|poke|p2|Cetitan, M|\n|poke|p2|Smeargle, M|\n|teampreview\n|\n|t:|1696083305\n|start\n|switch|p1a: Mecha-Nick|Iron Valiant|100\/100\n|switch|p1b: Rana Qliaa|Swampert, M|100\/100\n|switch|p2a: Smeargle|Smeargle, M|100\/100\n|switch|p2b: Abomasnow|Abomasnow, F|100\/100\n|-weather|Snow|[from] ability: Snow Warning|[of] p2b: Abomasnow\n|-enditem|p1a: Mecha-Nick|Booster Energy\n|-activate|p1a: Mecha-Nick|ability: Quark Drive|[fromitem]\n|-start|p1a: Mecha-Nick|quarkdrivespe\n|turn|1\n|\n|t:|1696083334\n|move|p2b: Abomasnow|Protect|p2b: Abomasnow\n|-singleturn|p2b: Abomasnow|Protect\n|move|p1a: Mecha-Nick|Leaf Blade|p2a: Smeargle\n|-damage|p2a: Smeargle|28\/100\n|move|p2a: Smeargle|Spore|p1a: Mecha-Nick\n|-status|p1a: Mecha-Nick|slp|[from] move: Spore\n|move|p1b: Rana Qliaa|Stone Edge|p2b: Abomasnow\n|-activate|p2b: Abomasnow|move: Protect\n|\n|-weather|Snow|[upkeep]\n|upkeep\n|turn|2\n|\n|t:|1696083359\n|switch|p2b: Vanilluxe|Vanilluxe, M|100\/100\n|move|p2a: Smeargle|Bullet Punch|p2b: Vanilluxe\n|-supereffective|p2b: Vanilluxe\n|-damage|p2b: Vanilluxe|96\/100\n|-ability|p2b: Vanilluxe|Weak Armor|boost\n|-unboost|p2b: Vanilluxe|def|1\n|-boost|p2b: Vanilluxe|spe|2\n|-enditem|p2b: Vanilluxe|Weakness Policy\n|-boost|p2b: Vanilluxe|atk|2|[from] item: Weakness Policy\n|-boost|p2b: Vanilluxe|spa|2|[from] item: Weakness Policy\n|cant|p1a: Mecha-Nick|slp\n|move|p1b: Rana Qliaa|Earthquake|p2b: Vanilluxe|[spread] p1a,p2a,p2b\n|-damage|p1a: Mecha-Nick|62\/100 slp\n|-damage|p2a: Smeargle|0 fnt\n|-damage|p2b: Vanilluxe|64\/100\n|-ability|p2b: Vanilluxe|Weak Armor|boost\n|-unboost|p2b: Vanilluxe|def|1\n|-boost|p2b: Vanilluxe|spe|2\n|faint|p2a: Smeargle\n|\n|-weather|Snow|[upkeep]\n|upkeep\n|\n|t:|1696083380\n|switch|p2a: Cetitan|Cetitan, M|100\/100\n|turn|3\n|\n|t:|1696083393\n|move|p2b: Vanilluxe|Blizzard|p1b: Rana Qliaa|[spread] p1a,p1b\n|-damage|p1a: Mecha-Nick|0 fnt\n|-damage|p1b: Rana Qliaa|47\/100\n|faint|p1a: Mecha-Nick\n|-end|p1a: Mecha-Nick|Quark Drive|[silent]\n|-zpower|p2a: Cetitan\n|move|p2a: Cetitan|Z-Belly Drum|p2a: Cetitan|[anim]Belly Drum\n|-damage|p2a: Cetitan|50\/100\n|-setboost|p2a: Cetitan|atk|6|[from] move: Belly Drum\n|move|p1b: Rana Qliaa|Stone Edge|p2a: Cetitan\n|-supereffective|p2a: Cetitan\n|-crit|p2a: Cetitan\n|-damage|p2a: Cetitan|3\/100\n|\n|-weather|Snow|[upkeep]\n|upkeep\n|\n|t:|1696083407\n|switch|p1a: Choro-Y|Scizor, M, shiny|100\/100\n|turn|4\n|\n|t:|1696083417\n|move|p1a: Choro-Y|Bullet Punch|p2a: Cetitan\n|-supereffective|p2a: Cetitan\n|-damage|p2a: Cetitan|0 fnt\n|faint|p2a: Cetitan\n|move|p2b: Vanilluxe|Blizzard|p1a: Choro-Y|[spread] p1a,p1b\n|-resisted|p1a: Choro-Y\n|-damage|p1a: Choro-Y|58\/100\n|-damage|p1b: Rana Qliaa|0 fnt\n|faint|p1b: Rana Qliaa\n|\n|-weather|Snow|[upkeep]\n|upkeep\n|\n|t:|1696083430\n|switch|p2a: Sandslash|Sandslash-Alola, F|100\/100\n|switch|p1b: Snake|Serperior, F, shiny|100\/100\n|turn|5\n|\n|t:|1696083443\n|move|p1a: Choro-Y|Bullet Punch|p2b: Vanilluxe\n|-supereffective|p2b: Vanilluxe\n|-damage|p2b: Vanilluxe|0 fnt\n|faint|p2b: Vanilluxe\n|move|p2a: Sandslash|Ice Spinner|p1b: Snake\n|-supereffective|p1b: Snake\n|-damage|p1b: Snake|0 fnt\n|faint|p1b: Snake\n|\n|-weather|Snow|[upkeep]\n|upkeep\n|\n|t:|1696083453\n|switch|p1b: K\u0101v|Ceruledge, M|100\/100\n|switch|p2b: Beartic|Beartic, F|100\/100\n|turn|6\n|\n|t:|1696083477\n|detailschange|p1a: Choro-Y|Scizor-Mega, M, shiny\n|-mega|p1a: Choro-Y|Scizor|Scizorite\n|move|p1a: Choro-Y|Bullet Punch|p2b: Beartic\n|-supereffective|p2b: Beartic\n|-damage|p2b: Beartic|52\/100\n|move|p2a: Sandslash|Ice Spinner|p1a: Choro-Y\n|-resisted|p1a: Choro-Y\n|-damage|p1a: Choro-Y|37\/100\n|move|p2b: Beartic|Icicle Crash|p1b: K\u0101v|[miss]\n|-miss|p2b: Beartic|p1b: K\u0101v\n|move|p1b: K\u0101v|Bitter Blade|p2a: Sandslash\n|-supereffective|p2a: Sandslash\n|-damage|p2a: Sandslash|0 fnt\n|faint|p2a: Sandslash\n|\n|-weather|Snow|[upkeep]\n|upkeep\n|\n|t:|1696083488\n|switch|p2a: Abomasnow|Abomasnow, F|100\/100\n|turn|7\n|\n|t:|1696083500\n|-terastallize|p2a: Abomasnow|Grass\n|move|p2b: Beartic|Aqua Jet|p1b: K\u0101v\n|-supereffective|p1b: K\u0101v\n|-damage|p1b: K\u0101v|43\/100\n|-ability|p1b: K\u0101v|Weak Armor|boost\n|-unboost|p1b: K\u0101v|def|1\n|-boost|p1b: K\u0101v|spe|2\n|-damage|p2b: Beartic|42\/100|[from] item: Life Orb\n|move|p1a: Choro-Y|Bullet Punch|p2b: Beartic\n|-supereffective|p2b: Beartic\n|-damage|p2b: Beartic|0 fnt\n|faint|p2b: Beartic\n|move|p1b: K\u0101v|Bitter Blade|p2a: Abomasnow\n|-supereffective|p2a: Abomasnow\n|-damage|p2a: Abomasnow|0 fnt\n|-heal|p1b: K\u0101v|100\/100|[from] drain|[of] p2a: Abomasnow\n|faint|p2a: Abomasnow\n|\n|win|Nickalip\n|raw|Nickalip's rating: 1087 &rarr; <strong>1120<\/strong><br \/>(+33 for winning)\n|raw|icybro12's rating: 1161 &rarr; <strong>1131<\/strong><br \/>(-30 for losing)\n|l|\u2606icybro12\n|c|\u2606Nickalip|gg\n","uploadtime":1696083519,"views":9,"p1id":"nickalip","p2id":"icybro12","formatid":"gen9nationaldexdoubles","rating":1120,"private":0,"password":""}