{"id":"gen9nationaldexdoubles-1959743370","p1":"massarojpr","p2":"NotBugSme","format":"[Gen 9] National Dex Doubles","log":"|j|\u2606massarojpr\n|j|\u2606NotBugSme\n|t:|1696451534\n|gametype|doubles\n|player|p1|massarojpr|169|\n|player|p2|NotBugSme|koga|\n|teamsize|p1|6\n|teamsize|p2|6\n|gen|9\n|tier|[Gen 9] National Dex Doubles\n|rule|HP Percentage Mod: HP is shown in percentages\n|rule|Endless Battle Clause: Forcing endless battles is banned\n|rule|OHKO Clause: OHKO moves are banned\n|rule|Evasion Moves Clause: Evasion moves are banned\n|rule|Evasion Abilities Clause: Evasion abilities are banned\n|rule|Species Clause: Limit one of each Pok\u00e9mon\n|rule|Gravity Sleep Clause: The combination of sleep-inducing moves with imperfect accuracy and Gravity or Gigantamax Orbeetle are banned\n|clearpoke\n|poke|p1|Gastrodon, M|\n|poke|p1|Tyranitar, F|\n|poke|p1|Togekiss, M|\n|poke|p1|Cinderace, M|\n|poke|p1|Volcarona, M|\n|poke|p1|Ninetales, M|\n|poke|p2|Kingambit, F|\n|poke|p2|Avalugg-Hisui, F|\n|poke|p2|Tyranitar, M|\n|poke|p2|Carbink|\n|poke|p2|Aggron, M|\n|poke|p2|Archeops, M|\n|teampreview\n|inactive|Battle timer is ON: inactive players will automatically lose when time's up. (requested by massarojpr)\n|\n|t:|1696451550\n|start\n|switch|p1a: Volcarona|Volcarona, M|100\/100\n|switch|p1b: Togekiss|Togekiss, M|100\/100\n|switch|p2a: Big Boi|Tyranitar, M, shiny|100\/100\n|switch|p2b: Thicccc|Avalugg-Hisui, F, shiny|100\/100\n|-weather|Sandstorm|[from] ability: Sand Stream|[of] p2a: Big Boi\n|turn|1\n|inactive|NotBugSme has 270 seconds left.\n|\n|t:|1696451580\n|move|p1b: Togekiss|Follow Me|p1b: Togekiss\n|-singleturn|p1b: Togekiss|move: Follow Me\n|move|p1a: Volcarona|Quiver Dance|p1a: Volcarona\n|-boost|p1a: Volcarona|spa|1\n|-boost|p1a: Volcarona|spd|1\n|-boost|p1a: Volcarona|spe|1\n|move|p2a: Big Boi|Thunder Punch|p1b: Togekiss\n|-supereffective|p1b: Togekiss\n|-damage|p1b: Togekiss|30\/100\n|-enditem|p1b: Togekiss|Sitrus Berry|[eat]\n|-heal|p1b: Togekiss|55\/100|[from] item: Sitrus Berry\n|-damage|p2a: Big Boi|91\/100|[from] item: Life Orb\n|move|p2b: Thicccc|Ice Spinner|p1b: Togekiss\n|-supereffective|p1b: Togekiss\n|-damage|p1b: Togekiss|0 fnt\n|faint|p1b: Togekiss\n|\n|-weather|Sandstorm|[upkeep]\n|-damage|p1a: Volcarona|94\/100|[from] Sandstorm\n|upkeep\n|\n|t:|1696451596\n|switch|p1b: Ninetales|Ninetales, M|100\/100\n|-weather|SunnyDay|[from] ability: Drought|[of] p1b: Ninetales\n|turn|2\n|j| Chumpette\n|\n|t:|1696451625\n|switch|p2a: Birb|Archeops, M, shiny|100\/100\n|move|p1a: Volcarona|Bug Buzz|p2a: Birb\n|-resisted|p2a: Birb\n|-damage|p2a: Birb|40\/100\n|move|p1b: Ninetales|Energy Ball|p2a: Birb\n|-damage|p2a: Birb|12\/100\n|move|p2b: Thicccc|Rock Slide|p1a: Volcarona|[spread] p1a,p1b\n|-supereffective|p1a: Volcarona\n|-supereffective|p1b: Ninetales\n|-damage|p1a: Volcarona|0 fnt\n|-damage|p1b: Ninetales|36\/100\n|faint|p1a: Volcarona\n|\n|-weather|SunnyDay|[upkeep]\n|upkeep\n|inactive|massarojpr has 270 seconds left.\n|\n|t:|1696451639\n|switch|p1a: Cinderace|Cinderace, M|100\/100\n|turn|3\n|\n|t:|1696451656\n|move|p1a: Cinderace|Iron Head|p2b: Thicccc\n|-start|p1a: Cinderace|typechange|Steel|[from] ability: Libero\n|-supereffective|p2b: Thicccc\n|-damage|p2b: Thicccc|32\/100\n|move|p2a: Birb|Meteor Beam||[still]\n|-prepare|p2a: Birb|Meteor Beam\n|-boost|p2a: Birb|spa|1\n|-enditem|p2a: Birb|Power Herb\n|-anim|p2a: Birb|Meteor Beam|p1a: Cinderace\n|-resisted|p1a: Cinderace\n|-damage|p1a: Cinderace|73\/100\n|move|p1b: Ninetales|Flamethrower|p2a: Birb\n|-resisted|p2a: Birb\n|-damage|p2a: Birb|0 fnt\n|faint|p2a: Birb\n|cant|p2b: Thicccc|flinch\n|\n|-weather|SunnyDay|[upkeep]\n|upkeep\n|\n|t:|1696451673\n|switch|p2a: Big Boi|Tyranitar, M, shiny|91\/100\n|-weather|Sandstorm|[from] ability: Sand Stream|[of] p2a: Big Boi\n|turn|4\n|\n|t:|1696451689\n|move|p1a: Cinderace|High Jump Kick|p2a: Big Boi\n|-supereffective|p2a: Big Boi\n|-damage|p2a: Big Boi|0 fnt\n|faint|p2a: Big Boi\n|move|p1b: Ninetales|Flamethrower|p2b: Thicccc\n|-damage|p2b: Thicccc|2\/100\n|-status|p2b: Thicccc|brn\n|move|p2b: Thicccc|Rock Slide|p1a: Cinderace|[spread] p1a,p1b\n|-resisted|p1a: Cinderace\n|-supereffective|p1b: Ninetales\n|-damage|p1a: Cinderace|65\/100\n|-damage|p1b: Ninetales|9\/100\n|\n|-weather|Sandstorm|[upkeep]\n|-damage|p1b: Ninetales|3\/100|[from] Sandstorm\n|-damage|p2b: Thicccc|0 fnt|[from] brn\n|faint|p2b: Thicccc\n|upkeep\n|\n|t:|1696451704\n|switch|p2a: Smol Boi|Aggron, M, shiny|100\/100\n|switch|p2b: Pacifier|Carbink, shiny|100\/100\n|turn|5\n|\n|t:|1696451718\n|move|p1a: Cinderace|Protect|p1a: Cinderace\n|-singleturn|p1a: Cinderace|Protect\n|move|p1b: Ninetales|Toxic|p2b: Pacifier\n|-status|p2b: Pacifier|tox\n|move|p2a: Smol Boi|Body Press|p1a: Cinderace\n|-activate|p1a: Cinderace|move: Protect\n|move|p2b: Pacifier|Body Press|p1a: Cinderace\n|-activate|p1a: Cinderace|move: Protect\n|\n|-weather|Sandstorm|[upkeep]\n|-damage|p1b: Ninetales|0 fnt|[from] Sandstorm\n|faint|p1b: Ninetales\n|-damage|p2b: Pacifier|95\/100 tox|[from] psn\n|upkeep\n|\n|t:|1696451737\n|switch|p1b: Tyranitar|Tyranitar, F|100\/100\n|turn|6\n|\n|t:|1696451744\n|move|p1a: Cinderace|High Jump Kick|p2a: Smol Boi\n|-supereffective|p2a: Smol Boi\n|-damage|p2a: Smol Boi|18\/100\n|move|p1b: Tyranitar|Rock Slide|p2a: Smol Boi|[spread] p2a\n|-miss|p1b: Tyranitar|p2b: Pacifier\n|-resisted|p2a: Smol Boi\n|-damage|p2a: Smol Boi|9\/100\n|move|p2a: Smol Boi|Body Press|p1b: Tyranitar\n|-supereffective|p1b: Tyranitar\n|-damage|p1b: Tyranitar|3\/100\n|move|p2b: Pacifier|Rest|p2b: Pacifier\n|-status|p2b: Pacifier|slp|[from] move: Rest\n|-heal|p2b: Pacifier|100\/100 slp|[silent]\n|\n|-weather|Sandstorm|[upkeep]\n|upkeep\n|turn|7\n|\n|t:|1696451768\n|move|p1a: Cinderace|Iron Head|p2a: Smol Boi\n|-damage|p2a: Smol Boi|0 fnt\n|faint|p2a: Smol Boi\n|move|p1b: Tyranitar|Earthquake|p2b: Pacifier|[spread] p1a,p2b\n|-supereffective|p1a: Cinderace\n|-supereffective|p2b: Pacifier\n|-damage|p1a: Cinderace|0 fnt\n|-damage|p2b: Pacifier|62\/100 slp\n|faint|p1a: Cinderace\n|cant|p2b: Pacifier|slp\n|move|p2b: Pacifier|Sleep Talk|p2b: Pacifier\n|move|p2b: Pacifier|Body Press|p1b: Tyranitar|[from]move: Sleep Talk\n|-supereffective|p1b: Tyranitar\n|-crit|p1b: Tyranitar\n|-damage|p1b: Tyranitar|0 fnt\n|faint|p1b: Tyranitar\n|\n|-weather|Sandstorm|[upkeep]\n|-heal|p2b: Pacifier|67\/100 slp|[from] item: Leftovers\n|upkeep\n|\n|t:|1696451791\n|switch|p1a: Gastrodon|Gastrodon, M|100\/100\n|switch|p2a: Big Daddy|Kingambit, F, shiny|100\/100\n|-activate|p2a: Big Daddy|ability: Supreme Overlord\n|-start|p2a: Big Daddy|fallen4|[silent]\n|turn|8\n|\n|t:|1696451804\n|move|p2a: Big Daddy|Kowtow Cleave|p1a: Gastrodon\n|-damage|p1a: Gastrodon|38\/100\n|cant|p2b: Pacifier|slp\n|move|p2b: Pacifier|Sleep Talk|p2b: Pacifier\n|move|p2b: Pacifier|Rest||[from]move: Sleep Talk|[still]\n|-fail|p2b: Pacifier\n|move|p1a: Gastrodon|Hydro Pump|p2b: Pacifier\n|-supereffective|p2b: Pacifier\n|-damage|p2b: Pacifier|27\/100 slp\n|\n|-weather|none\n|-heal|p2b: Pacifier|33\/100 slp|[from] item: Leftovers\n|-heal|p1a: Gastrodon|44\/100|[from] item: Leftovers\n|upkeep\n|turn|9\n|\n|t:|1696451819\n|move|p1a: Gastrodon|Protect|p1a: Gastrodon\n|-singleturn|p1a: Gastrodon|Protect\n|move|p2a: Big Daddy|Kowtow Cleave|p1a: Gastrodon\n|-activate|p1a: Gastrodon|move: Protect\n|-curestatus|p2b: Pacifier|slp|[msg]\n|move|p2b: Pacifier|Rest|p2b: Pacifier\n|-status|p2b: Pacifier|slp|[from] move: Rest\n|-heal|p2b: Pacifier|100\/100 slp|[silent]\n|\n|-heal|p1a: Gastrodon|50\/100|[from] item: Leftovers\n|upkeep\n|turn|10\n|\n|t:|1696451836\n|move|p2a: Big Daddy|Kowtow Cleave|p1a: Gastrodon\n|-damage|p1a: Gastrodon|0 fnt\n|faint|p1a: Gastrodon\n|\n|win|NotBugSme\n|l|\u2606massarojpr\n","uploadtime":1696451849,"views":14,"p1id":"massarojpr","p2id":"notbugsme","formatid":"gen9nationaldexdoubles","rating":0,"private":0,"password":""}