{"id":"gen9nationaldexdoubles-1983501152","p1":"IDKwhatnameIwhat","p2":"Kurususilver11","format":"[Gen 9] National Dex Doubles","log":"|j|\u2606IDKwhatnameIwhat\n|j|\u2606Kurususilver11\n|t:|1699136930\n|gametype|doubles\n|player|p1|IDKwhatnameIwhat|plasmagrunt|1216\n|player|p2|Kurususilver11|2|1066\n|teamsize|p1|6\n|teamsize|p2|6\n|gen|9\n|tier|[Gen 9] National Dex Doubles\n|rated|\n|rule|HP Percentage Mod: HP is shown in percentages\n|rule|Endless Battle Clause: Forcing endless battles is banned\n|rule|OHKO Clause: OHKO moves are banned\n|rule|Evasion Moves Clause: Evasion moves are banned\n|rule|Evasion Abilities Clause: Evasion abilities are banned\n|rule|Species Clause: Limit one of each Pok\u00e9mon\n|rule|Gravity Sleep Clause: The combination of sleep-inducing moves with imperfect accuracy and Gravity or Gigantamax Orbeetle are banned\n|clearpoke\n|poke|p1|Torkoal, M|\n|poke|p1|Ursaluna, F|\n|poke|p1|Kommo-o, M|\n|poke|p1|Mimikyu, F|\n|poke|p1|Oranguru, F|\n|poke|p1|Indeedee-F, F|\n|poke|p2|Diancie|\n|poke|p2|Eevee, F|\n|poke|p2|Flutter Mane|\n|poke|p2|Cresselia, F|\n|poke|p2|Indeedee-F, F|\n|poke|p2|Iron Bundle|\n|teampreview\n|\n|t:|1699136946\n|start\n|switch|p1a: Ursaluna|Ursaluna, F|100\/100\n|switch|p1b: Mimikyu|Mimikyu, F|100\/100\n|switch|p2a: Eevee|Eevee, F, shiny|100\/100\n|switch|p2b: Indeedee|Indeedee-F, F, shiny|100\/100\n|-fieldstart|move: Psychic Terrain|[from] ability: Psychic Surge|[of] p2b: Indeedee\n|turn|1\n|inactive|Battle timer is ON: inactive players will automatically lose when time's up. (requested by IDKwhatnameIwhat)\n|\n|t:|1699136959\n|move|p1a: Ursaluna|Protect|p1a: Ursaluna\n|-singleturn|p1a: Ursaluna|Protect\n|move|p2b: Indeedee|Follow Me|p2b: Indeedee\n|-singleturn|p2b: Indeedee|move: Follow Me\n|-zpower|p2a: Eevee\n|move|p2a: Eevee|Extreme Evoboost|p2a: Eevee\n|-boost|p2a: Eevee|atk|2\n|-boost|p2a: Eevee|def|2\n|-boost|p2a: Eevee|spa|2\n|-boost|p2a: Eevee|spd|2\n|-boost|p2a: Eevee|spe|2\n|move|p1b: Mimikyu|Trick Room|p1b: Mimikyu\n|-fieldstart|move: Trick Room|[of] p1b: Mimikyu\n|\n|-status|p1a: Ursaluna|brn|[from] item: Flame Orb\n|upkeep\n|turn|2\n|inactive|IDKwhatnameIwhat has 120 seconds left.\n|\n|t:|1699136991\n|move|p2b: Indeedee|Follow Me|p2b: Indeedee\n|-singleturn|p2b: Indeedee|move: Follow Me\n|move|p1a: Ursaluna|Facade|p2b: Indeedee\n|-damage|p2b: Indeedee|0 fnt\n|faint|p2b: Indeedee\n|-zpower|p1b: Mimikyu\n|move|p1b: Mimikyu|Let's Snuggle Forever|p2a: Eevee|[zeffect]\n|-damage|p2a: Eevee|58\/100\n|move|p2a: Eevee|Baton Pass|p2a: Eevee\n|inactive|Kurususilver11 has 120 seconds left.\n|\n|t:|1699137007\n|switch|p2a: Diancie|Diancie|100\/100|[from] Baton Pass\n|\n|-damage|p1a: Ursaluna|94\/100 brn|[from] brn\n|upkeep\n|inactive|Kurususilver11 has 120 seconds left.\n|inactive|Kurususilver11 has 90 seconds left.\n|\n|t:|1699137043\n|switch|p2b: Cresselia|Cresselia, F|100\/100\n|turn|3\n|\n|t:|1699137067\n|detailschange|p2a: Diancie|Diancie-Mega\n|-mega|p2a: Diancie|Diancie|Diancite\n|move|p1a: Ursaluna|Facade|p2a: Diancie\n|-resisted|p2a: Diancie\n|-damage|p2a: Diancie|60\/100\n|move|p1b: Mimikyu|Taunt|p2b: Cresselia\n|-start|p2b: Cresselia|move: Taunt\n|move|p2b: Cresselia|Stored Power|p1b: Mimikyu\n|-activate|p1b: Mimikyu|ability: Disguise\n|-damage|p1b: Mimikyu|100\/100\n|detailschange|p1b: Mimikyu|Mimikyu-Busted, F\n|-damage|p1b: Mimikyu|88\/100|[from] pokemon: Mimikyu-Busted\n|move|p2a: Diancie|Diamond Storm|p1b: Mimikyu|[spread] p1a,p1b\n|-resisted|p1a: Ursaluna\n|-damage|p1a: Ursaluna|66\/100 brn\n|-damage|p1b: Mimikyu|0 fnt\n|-boost|p2a: Diancie|def|2\n|faint|p1b: Mimikyu\n|\n|-damage|p1a: Ursaluna|60\/100 brn|[from] brn\n|upkeep\n|inactive|IDKwhatnameIwhat has 120 seconds left.\n|\n|t:|1699137088\n|switch|p1b: Oranguru|Oranguru, F, shiny|100\/100\n|turn|4\n|inactive|Kurususilver11 has 120 seconds left.\n|\n|t:|1699137119\n|switch|p2b: Iron Bundle|Iron Bundle|100\/100\n|move|p1a: Ursaluna|Facade|p2a: Diancie\n|-resisted|p2a: Diancie\n|-damage|p2a: Diancie|31\/100\n|move|p1b: Oranguru|Instruct|p1a: Ursaluna\n|-singleturn|p1a: Ursaluna|move: Instruct|[of] p1b: Oranguru\n|move|p1a: Ursaluna|Facade|p2a: Diancie\n|-resisted|p2a: Diancie\n|-damage|p2a: Diancie|5\/100\n|move|p2a: Diancie|Diamond Storm|p1a: Ursaluna|[spread] p1a,p1b\n|-resisted|p1a: Ursaluna\n|-damage|p1a: Ursaluna|31\/100 brn\n|-damage|p1b: Oranguru|20\/100\n|\n|-damage|p1a: Ursaluna|24\/100 brn|[from] brn\n|upkeep\n|turn|5\n|inactive|Kurususilver11 has 90 seconds left.\n|\n|t:|1699137149\n|move|p1a: Ursaluna|Facade|p2a: Diancie\n|-resisted|p2a: Diancie\n|-damage|p2a: Diancie|0 fnt\n|faint|p2a: Diancie\n|move|p1b: Oranguru|Light Screen|p1b: Oranguru\n|-sidestart|p1: IDKwhatnameIwhat|move: Light Screen\n|move|p2b: Iron Bundle|Freeze-Dry|p1b: Oranguru\n|-damage|p1b: Oranguru|5\/100\n|\n|-damage|p1a: Ursaluna|18\/100 brn|[from] brn\n|-fieldend|move: Trick Room\n|-fieldend|move: Psychic Terrain\n|upkeep\n|inactive|Kurususilver11 has 90 seconds left.\n|\n|t:|1699137159\n|switch|p2a: Flutter Mane|Flutter Mane|100\/100\n|-enditem|p2a: Flutter Mane|Booster Energy\n|-activate|p2a: Flutter Mane|ability: Protosynthesis|[fromitem]\n|-start|p2a: Flutter Mane|protosynthesisspe\n|turn|6\n|\n|t:|1699137188\n|-terastallize|p2a: Flutter Mane|Fairy\n|move|p2a: Flutter Mane|Dazzling Gleam|p1a: Ursaluna|[spread] p1a,p1b\n|-damage|p1a: Ursaluna|0 fnt\n|-damage|p1b: Oranguru|0 fnt\n|faint|p1a: Ursaluna\n|faint|p1b: Oranguru\n|move|p2b: Iron Bundle|Freeze-Dry|p1: Ursaluna|[notarget]\n|-fail|p2b: Iron Bundle\n|\n|upkeep\n|\n|t:|1699137197\n|switch|p1b: Indeedee|Indeedee-F, F, shiny|100\/100\n|switch|p1a: Kommo-o|Kommo-o, M, shiny|100\/100\n|-fieldstart|move: Psychic Terrain|[from] ability: Psychic Surge|[of] p1b: Indeedee\n|-enditem|p1b: Indeedee|Psychic Seed\n|-boost|p1b: Indeedee|spd|1|[from] item: Psychic Seed\n|turn|7\n|inactive|Kurususilver11 has 120 seconds left.\n|\n|t:|1699137212\n|move|p1b: Indeedee|Follow Me|p1b: Indeedee\n|-singleturn|p1b: Indeedee|move: Follow Me\n|move|p2a: Flutter Mane|Dazzling Gleam|p1a: Kommo-o|[spread] p1a,p1b\n|-supereffective|p1a: Kommo-o\n|-damage|p1a: Kommo-o|0 fnt\n|-damage|p1b: Indeedee|87\/100\n|faint|p1a: Kommo-o\n|move|p2b: Iron Bundle|Blizzard|p1b: Indeedee\n|-damage|p1b: Indeedee|71\/100\n|\n|upkeep\n|\n|t:|1699137221\n|switch|p1a: Torkoal|Torkoal, M, shiny|100\/100\n|-weather|SunnyDay|[from] ability: Drought|[of] p1a: Torkoal\n|turn|8\n|\n|t:|1699137236\n|move|p2a: Flutter Mane|Dazzling Gleam|p1a: Torkoal|[spread] p1a,p1b\n|-resisted|p1a: Torkoal\n|-damage|p1a: Torkoal|82\/100\n|-damage|p1b: Indeedee|57\/100\n|move|p2b: Iron Bundle|Hydro Pump|p1a: Torkoal\n|-supereffective|p1a: Torkoal\n|-damage|p1a: Torkoal|35\/100\n|move|p1a: Torkoal|Eruption|p2b: Iron Bundle|[spread] p2a,p2b\n|-damage|p2a: Flutter Mane|71\/100\n|-damage|p2b: Iron Bundle|61\/100\n|move|p1b: Indeedee|Trick Room|p1b: Indeedee\n|-fieldstart|move: Trick Room|[of] p1b: Indeedee\n|\n|-weather|SunnyDay|[upkeep]\n|upkeep\n|turn|9\n|inactive|IDKwhatnameIwhat has 120 seconds left.\n|\n|t:|1699137273\n|-terastallize|p1a: Torkoal|Grass\n|move|p2a: Flutter Mane|Protect|p2a: Flutter Mane\n|-singleturn|p2a: Flutter Mane|Protect\n|move|p1a: Torkoal|Solar Beam||[still]\n|-prepare|p1a: Torkoal|Solar Beam\n|-anim|p1a: Torkoal|Solar Beam|p2a: Flutter Mane\n|-activate|p2a: Flutter Mane|move: Protect\n|move|p1b: Indeedee|Heal Pulse|p1a: Torkoal\n|-heal|p1a: Torkoal|86\/100\n|move|p2b: Iron Bundle|Hydro Pump|p1a: Torkoal|[miss]\n|-miss|p2b: Iron Bundle|p1a: Torkoal\n|\n|-weather|SunnyDay|[upkeep]\n|-sideend|p1: IDKwhatnameIwhat|move: Light Screen\n|upkeep\n|turn|10\n|inactive|IDKwhatnameIwhat has 120 seconds left.\n|\n|t:|1699137296\n|move|p1a: Torkoal|Solar Beam||[still]\n|-prepare|p1a: Torkoal|Solar Beam\n|-anim|p1a: Torkoal|Solar Beam|p2a: Flutter Mane\n|-damage|p2a: Flutter Mane|19\/100\n|move|p1b: Indeedee|Expanding Force|p2b: Iron Bundle|[spread] p2a,p2b\n|-damage|p2a: Flutter Mane|0 fnt\n|-damage|p2b: Iron Bundle|9\/100\n|faint|p2a: Flutter Mane\n|-end|p2a: Flutter Mane|Protosynthesis|[silent]\n|move|p2b: Iron Bundle|Freeze-Dry|p1a: Torkoal\n|-supereffective|p1a: Torkoal\n|-damage|p1a: Torkoal|0 fnt\n|faint|p1a: Torkoal\n|\n|-weather|SunnyDay|[upkeep]\n|upkeep\n|\n|t:|1699137308\n|switch|p2a: Cresselia|Cresselia, F|100\/100\n|turn|11\n|\n|t:|1699137333\n|move|p1b: Indeedee|Expanding Force|p2a: Cresselia|[spread] p2a,p2b\n|-resisted|p2a: Cresselia\n|-damage|p2a: Cresselia|88\/100\n|-damage|p2b: Iron Bundle|0 fnt\n|faint|p2b: Iron Bundle\n|-end|p2b: Iron Bundle|Quark Drive|[silent]\n|move|p2a: Cresselia|Lunar Blessing|p2a: Cresselia\n|-heal|p2a: Cresselia|100\/100\n|\n|-weather|SunnyDay|[upkeep]\n|-fieldend|move: Psychic Terrain\n|upkeep\n|\n|t:|1699137340\n|switch|p2b: Eevee|Eevee, F, shiny|58\/100\n|turn|12\n|\n|t:|1699137371\n|move|p2b: Eevee|Return|p1b: Indeedee\n|-damage|p1b: Indeedee|16\/100\n|move|p1b: Indeedee|Expanding Force|p2b: Eevee\n|-damage|p2b: Eevee|21\/100\n|move|p2a: Cresselia|Calm Mind|p2a: Cresselia\n|-boost|p2a: Cresselia|spa|1\n|-boost|p2a: Cresselia|spd|1\n|\n|-weather|none\n|-fieldend|move: Trick Room\n|upkeep\n|turn|13\n|c|\u2606IDKwhatnameIwhat|ggs\n|c|\u2606Kurususilver11|gg bro\n|inactive|Kurususilver11 has 120 seconds left.\n|c|\u2606Kurususilver11|im honestly surprised my dumb strat works\n|\n|t:|1699137413\n|move|p2a: Cresselia|Stored Power|p1b: Indeedee\n|-resisted|p1b: Indeedee\n|-damage|p1b: Indeedee|10\/100\n|move|p1b: Indeedee|Expanding Force|p2b: Eevee\n|-damage|p2b: Eevee|0 fnt\n|faint|p2b: Eevee\n|\n|upkeep\n|turn|14\n|\n|t:|1699137425\n|move|p2a: Cresselia|Calm Mind|p2a: Cresselia\n|-boost|p2a: Cresselia|spa|1\n|-boost|p2a: Cresselia|spd|1\n|move|p1b: Indeedee|Expanding Force|p2a: Cresselia\n|-resisted|p2a: Cresselia\n|-damage|p2a: Cresselia|96\/100\n|\n|-heal|p2a: Cresselia|100\/100|[from] item: Leftovers\n|upkeep\n|turn|15\n|\n|t:|1699137432\n|move|p2a: Cresselia|Calm Mind|p2a: Cresselia\n|-boost|p2a: Cresselia|spa|1\n|-boost|p2a: Cresselia|spd|1\n|move|p1b: Indeedee|Expanding Force|p2a: Cresselia\n|-resisted|p2a: Cresselia\n|-damage|p2a: Cresselia|97\/100\n|\n|-heal|p2a: Cresselia|100\/100|[from] item: Leftovers\n|upkeep\n|turn|16\n|\n|t:|1699137450\n|move|p2a: Cresselia|Calm Mind|p2a: Cresselia\n|-boost|p2a: Cresselia|spa|1\n|-boost|p2a: Cresselia|spd|1\n|move|p1b: Indeedee|Expanding Force|p2a: Cresselia\n|-resisted|p2a: Cresselia\n|-damage|p2a: Cresselia|97\/100\n|\n|-heal|p2a: Cresselia|100\/100|[from] item: Leftovers\n|upkeep\n|turn|17\n|\n|t:|1699137457\n|move|p2a: Cresselia|Calm Mind|p2a: Cresselia\n|-boost|p2a: Cresselia|spa|1\n|-boost|p2a: Cresselia|spd|1\n|move|p1b: Indeedee|Expanding Force|p2a: Cresselia\n|-resisted|p2a: Cresselia\n|-damage|p2a: Cresselia|97\/100\n|\n|-heal|p2a: Cresselia|100\/100|[from] item: Leftovers\n|upkeep\n|turn|18\n|\n|t:|1699137464\n|move|p2a: Cresselia|Calm Mind|p2a: Cresselia\n|-boost|p2a: Cresselia|spa|1\n|-boost|p2a: Cresselia|spd|1\n|move|p1b: Indeedee|Heal Pulse|p2a: Cresselia\n|-fail|p2a: Cresselia|heal\n|\n|upkeep\n|turn|19\n|\n|t:|1699137471\n|move|p2a: Cresselia|Calm Mind|p2a: Cresselia\n|-boost|p2a: Cresselia|spa|0\n|-boost|p2a: Cresselia|spd|0\n|move|p1b: Indeedee|Expanding Force|p2a: Cresselia\n|-resisted|p2a: Cresselia\n|-damage|p2a: Cresselia|98\/100\n|\n|-heal|p2a: Cresselia|100\/100|[from] item: Leftovers\n|upkeep\n|turn|20\n|\n|t:|1699137480\n|move|p2a: Cresselia|Calm Mind|p2a: Cresselia\n|-boost|p2a: Cresselia|spa|0\n|-boost|p2a: Cresselia|spd|0\n|move|p1b: Indeedee|Expanding Force|p2a: Cresselia\n|-resisted|p2a: Cresselia\n|-damage|p2a: Cresselia|98\/100\n|\n|-heal|p2a: Cresselia|100\/100|[from] item: Leftovers\n|upkeep\n|turn|21\n|c|\u2606Kurususilver11|260 power stored power\n|\n|t:|1699137498\n|move|p2a: Cresselia|Reflect|p2a: Cresselia\n|-sidestart|p2: Kurususilver11|Reflect\n|move|p1b: Indeedee|Expanding Force|p2a: Cresselia\n|-resisted|p2a: Cresselia\n|-damage|p2a: Cresselia|98\/100\n|\n|-heal|p2a: Cresselia|100\/100|[from] item: Leftovers\n|upkeep\n|turn|22\n|c|\u2606IDKwhatnameIwhat|kill me\n|c|\u2606IDKwhatnameIwhat|plz\n|c|\u2606Kurususilver11|ok\n|\n|t:|1699137510\n|move|p2a: Cresselia|Stored Power|p1b: Indeedee\n|-resisted|p1b: Indeedee\n|-damage|p1b: Indeedee|0 fnt\n|faint|p1b: Indeedee\n|\n|win|Kurususilver11\n|raw|IDKwhatnameIwhat's rating: 1216 &rarr; <strong>1181<\/strong><br \/>(-35 for losing)\n|raw|Kurususilver11's rating: 1066 &rarr; <strong>1108<\/strong><br \/>(+42 for winning)\n|l|\u2606IDKwhatnameIwhat\n","uploadtime":1699137521,"views":14,"p1id":"idkwhatnameiwhat","p2id":"kurususilver11","formatid":"gen9nationaldexdoubles","rating":1108,"private":0,"password":""}