{"id":"gen9nationaldexdoubles-1988703028","p1":"Denvah_17","p2":"bibleisreal20994","format":"[Gen 9] National Dex Doubles","log":"|j|\u2606Denvah_17\n|j|\u2606bibleisreal20994\n|t:|1699752607\n|gametype|doubles\n|player|p1|Denvah_17|alder|1341\n|player|p2|bibleisreal20994|ingo|1403\n|teamsize|p1|6\n|teamsize|p2|6\n|gen|9\n|tier|[Gen 9] National Dex Doubles\n|rated|\n|rule|HP Percentage Mod: HP is shown in percentages\n|rule|Endless Battle Clause: Forcing endless battles is banned\n|rule|OHKO Clause: OHKO moves are banned\n|rule|Evasion Moves Clause: Evasion moves are banned\n|rule|Evasion Abilities Clause: Evasion abilities are banned\n|rule|Species Clause: Limit one of each Pok\u00e9mon\n|rule|Gravity Sleep Clause: The combination of sleep-inducing moves with imperfect accuracy and Gravity or Gigantamax Orbeetle are banned\n|clearpoke\n|poke|p1|Porygon2|\n|poke|p1|Marowak-Alola, F|\n|poke|p1|Snorlax, F|\n|poke|p1|Rhyperior, M|\n|poke|p1|Zapdos|\n|poke|p1|Slowbro-Galar, M|\n|poke|p2|Articuno-Galar|\n|poke|p2|Inteleon, F|\n|poke|p2|Mr. Mime, M|\n|poke|p2|Lucario, F|\n|poke|p2|Incineroar, M|\n|poke|p2|Vespiquen, F|\n|teampreview\n|inactive|Battle timer is ON: inactive players will automatically lose when time's up. (requested by bibleisreal20994)\n|\n|t:|1699752618\n|start\n|switch|p1a: silph_sys.exe|Porygon2|100\/100\n|switch|p1b: Amnesiac|Slowbro-Galar, M, shiny|100\/100\n|switch|p2a: \u2205 is silent|Inteleon, F, shiny|100\/100\n|switch|p2b: Limbs?|Mr. Mime, M|100\/100\n|turn|1\n|\n|t:|1699752637\n|move|p2b: Limbs?|Fake Out|p1b: Amnesiac\n|-damage|p1b: Amnesiac|95\/100\n|move|p2a: \u2205 is silent|Hydro Pump|p1a: silph_sys.exe\n|-damage|p1a: silph_sys.exe|52\/100\n|cant|p1b: Amnesiac|flinch\n|move|p1a: silph_sys.exe|Trick Room|p1a: silph_sys.exe\n|-fieldstart|move: Trick Room|[of] p1a: silph_sys.exe\n|\n|upkeep\n|turn|2\n|\n|t:|1699752651\n|move|p1b: Amnesiac|Shell Side Arm|p2b: Limbs?|[anim] Shell Side Arm Physical\n|-supereffective|p2b: Limbs?\n|-damage|p2b: Limbs?|25\/100\n|-hint|Physical Shell Side Arm\n|-enditem|p2b: Limbs?|Sitrus Berry|[eat]\n|-heal|p2b: Limbs?|50\/100|[from] item: Sitrus Berry\n|move|p1a: silph_sys.exe|Tri Attack|p2a: \u2205 is silent\n|-crit|p2a: \u2205 is silent\n|-damage|p2a: \u2205 is silent|11\/100\n|move|p2a: \u2205 is silent|Hydro Pump|p1a: silph_sys.exe|[miss]\n|-miss|p2a: \u2205 is silent|p1a: silph_sys.exe\n|move|p2b: Limbs?|Trick Room|p2b: Limbs?\n|-fieldend|move: Trick Room\n|\n|upkeep\n|turn|3\n|\n|t:|1699752672\n|detailschange|p1b: Amnesiac|Slowbro-Mega, M, shiny\n|-mega|p1b: Amnesiac|Slowbro|Slowbronite\n|move|p2b: Limbs?|Follow Me|p2b: Limbs?\n|-singleturn|p2b: Limbs?|move: Follow Me\n|move|p2a: \u2205 is silent|Hydro Pump|p1b: Amnesiac\n|-resisted|p1b: Amnesiac\n|-damage|p1b: Amnesiac|56\/100\n|move|p1a: silph_sys.exe|Recover|p1a: silph_sys.exe\n|-heal|p1a: silph_sys.exe|100\/100\n|move|p1b: Amnesiac|Shell Side Arm|p2b: Limbs?|[anim] Shell Side Arm Special\n|-supereffective|p2b: Limbs?\n|-damage|p2b: Limbs?|0 fnt\n|-hint|Special Shell Side Arm\n|faint|p2b: Limbs?\n|\n|upkeep\n|\n|t:|1699752685\n|switch|p2b: Doggo|Vespiquen, F|100\/100\n|-ability|p2b: Doggo|Pressure\n|turn|4\n|\n|t:|1699752695\n|move|p2a: \u2205 is silent|Hydro Pump|p1a: silph_sys.exe\n|-damage|p1a: silph_sys.exe|53\/100\n|move|p2b: Doggo|Toxic|p1b: Amnesiac\n|-status|p1b: Amnesiac|tox\n|move|p1b: Amnesiac|Expanding Force|p2a: \u2205 is silent\n|-damage|p2a: \u2205 is silent|0 fnt\n|faint|p2a: \u2205 is silent\n|move|p1a: silph_sys.exe|Trick Room|p1a: silph_sys.exe\n|-fieldstart|move: Trick Room|[of] p1a: silph_sys.exe\n|\n|-damage|p1b: Amnesiac|50\/100 tox|[from] psn\n|upkeep\n|\n|t:|1699752707\n|switch|p2a: Tornado|Incineroar, M|100\/100\n|-ability|p2a: Tornado|Intimidate|boost\n|-unboost|p1a: silph_sys.exe|atk|1\n|-unboost|p1b: Amnesiac|atk|1\n|turn|5\n|\n|t:|1699752722\n|move|p2a: Tornado|Fake Out|p1b: Amnesiac\n|-damage|p1b: Amnesiac|44\/100 tox\n|cant|p1b: Amnesiac|flinch\n|move|p2b: Doggo|Defend Order|p2b: Doggo\n|-boost|p2b: Doggo|def|1\n|-boost|p2b: Doggo|spd|1\n|move|p1a: silph_sys.exe|Ice Beam|p2b: Doggo\n|-supereffective|p2b: Doggo\n|-damage|p2b: Doggo|63\/100\n|\n|-damage|p1b: Amnesiac|32\/100 tox|[from] psn\n|upkeep\n|turn|6\n|\n|t:|1699752745\n|switch|p2a: Moon|Lucario, F|100\/100\n|move|p1b: Amnesiac|Scald|p2a: Moon\n|-damage|p2a: Moon|25\/100\n|move|p2b: Doggo|Toxic|p1a: silph_sys.exe\n|-status|p1a: silph_sys.exe|tox\n|move|p1a: silph_sys.exe|Recover|p1a: silph_sys.exe\n|-heal|p1a: silph_sys.exe|100\/100 tox\n|\n|-damage|p1b: Amnesiac|14\/100 tox|[from] psn\n|-damage|p1a: silph_sys.exe|94\/100 tox|[from] psn\n|upkeep\n|turn|7\n|\n|t:|1699752764\n|move|p2a: Moon|Protect|p2a: Moon\n|-singleturn|p2a: Moon|Protect\n|move|p1b: Amnesiac|Expanding Force|p2a: Moon\n|-activate|p2a: Moon|move: Protect\n|move|p2b: Doggo|Defend Order|p2b: Doggo\n|-boost|p2b: Doggo|def|1\n|-boost|p2b: Doggo|spd|1\n|move|p1a: silph_sys.exe|Ice Beam|p2b: Doggo\n|-supereffective|p2b: Doggo\n|-damage|p2b: Doggo|38\/100\n|\n|-damage|p1b: Amnesiac|0 fnt|[from] psn\n|faint|p1b: Amnesiac\n|-damage|p1a: silph_sys.exe|82\/100 tox|[from] psn\n|upkeep\n|\n|t:|1699752770\n|switch|p1b: Lavender Townie|Marowak-Alola, F, shiny|100\/100\n|turn|8\n|\n|t:|1699752790\n|switch|p2a: Tornado|Incineroar, M|100\/100\n|-ability|p2a: Tornado|Intimidate|boost\n|-unboost|p1a: silph_sys.exe|atk|1\n|-unboost|p1b: Lavender Townie|atk|1\n|move|p1b: Lavender Townie|Flare Blitz|p2a: Tornado\n|-resisted|p2a: Tornado\n|-damage|p2a: Tornado|70\/100\n|move|p2b: Doggo|Heal Order|p2b: Doggo\n|-heal|p2b: Doggo|88\/100\n|move|p1a: silph_sys.exe|Ice Beam|p2b: Doggo\n|-supereffective|p2b: Doggo\n|-damage|p2b: Doggo|61\/100\n|\n|-damage|p1a: silph_sys.exe|64\/100 tox|[from] psn\n|-fieldend|move: Trick Room\n|upkeep\n|turn|9\n|\n|t:|1699752815\n|-terastallize|p2b: Doggo|Fairy\n|move|p2a: Tornado|Parting Shot|p1b: Lavender Townie\n|-unboost|p1b: Lavender Townie|atk|1\n|-unboost|p1b: Lavender Townie|spa|1\n|\n|t:|1699752820\n|switch|p2a: Moon|Lucario, F|25\/100|[from] Parting Shot\n|move|p2b: Doggo|Defend Order|p2b: Doggo\n|-boost|p2b: Doggo|def|1\n|-boost|p2b: Doggo|spd|1\n|move|p1b: Lavender Townie|Flare Blitz|p2b: Doggo\n|-damage|p2b: Doggo|44\/100\n|move|p1a: silph_sys.exe|Trick Room|p1a: silph_sys.exe\n|-fieldstart|move: Trick Room|[of] p1a: silph_sys.exe\n|\n|-damage|p1a: silph_sys.exe|39\/100 tox|[from] psn\n|upkeep\n|turn|10\n|\n|t:|1699752843\n|switch|p1b: Giovanni|Rhyperior, M, shiny|100\/100\n|move|p2a: Moon|Protect|p2a: Moon\n|-singleturn|p2a: Moon|Protect\n|move|p2b: Doggo|Heal Order|p2b: Doggo\n|-heal|p2b: Doggo|94\/100\n|move|p1a: silph_sys.exe|Tri Attack|p2a: Moon\n|-activate|p2a: Moon|move: Protect\n|\n|-damage|p1a: silph_sys.exe|8\/100 tox|[from] psn\n|upkeep\n|turn|11\n|\n|t:|1699752863\n|switch|p2a: Tornado|Incineroar, M|70\/100\n|-ability|p2a: Tornado|Intimidate|boost\n|-unboost|p1a: silph_sys.exe|atk|1\n|-unboost|p1b: Giovanni|atk|1\n|move|p1b: Giovanni|Rock Slide|p2b: Doggo|[spread] p2a,p2b\n|-supereffective|p2a: Tornado\n|-crit|p2a: Tornado\n|-damage|p2a: Tornado|0 fnt\n|-damage|p2b: Doggo|85\/100\n|faint|p2a: Tornado\n|move|p2b: Doggo|Toxic|p1b: Giovanni\n|-status|p1b: Giovanni|tox\n|move|p1a: silph_sys.exe|Tri Attack|p2b: Doggo\n|-damage|p2b: Doggo|71\/100\n|\n|-damage|p1b: Giovanni|94\/100 tox|[from] psn\n|-damage|p1a: silph_sys.exe|0 fnt|[from] psn\n|faint|p1a: silph_sys.exe\n|upkeep\n|\n|t:|1699752881\n|switch|p1a: Road Block|Snorlax, F, shiny|100\/100\n|switch|p2a: Moon|Lucario, F|25\/100\n|turn|12\n|\n|t:|1699752895\n|move|p2a: Moon|Protect|p2a: Moon\n|-singleturn|p2a: Moon|Protect\n|move|p1a: Road Block|Belly Drum|p1a: Road Block\n|-damage|p1a: Road Block|50\/100\n|-setboost|p1a: Road Block|atk|6|[from] move: Belly Drum\n|-enditem|p1a: Road Block|Figy Berry|[eat]\n|-heal|p1a: Road Block|84\/100|[from] item: Figy Berry\n|move|p1b: Giovanni|Hammer Arm|p2a: Moon\n|-activate|p2a: Moon|move: Protect\n|move|p2b: Doggo|Toxic|p1a: Road Block\n|-status|p1a: Road Block|tox\n|\n|-damage|p1a: Road Block|78\/100 tox|[from] psn\n|-damage|p1b: Giovanni|82\/100 tox|[from] psn\n|upkeep\n|turn|13\n|\n|t:|1699752915\n|detailschange|p2a: Moon|Lucario-Mega, F\n|-mega|p2a: Moon|Lucario|Lucarionite\n|move|p2a: Moon|Bullet Punch|p1a: Road Block\n|-damage|p1a: Road Block|56\/100 tox\n|move|p1a: Road Block|Double-Edge|p2b: Doggo\n|-damage|p2b: Doggo|0 fnt\n|faint|p2b: Doggo\n|-damage|p1a: Road Block|42\/100 tox|[from] Recoil\n|move|p1b: Giovanni|Hammer Arm|p2a: Moon|[miss]\n|-miss|p1b: Giovanni|p2a: Moon\n|\n|-damage|p1a: Road Block|30\/100 tox|[from] psn\n|-damage|p1b: Giovanni|63\/100 tox|[from] psn\n|-fieldend|move: Trick Room\n|upkeep\n|\n|t:|1699752923\n|switch|p2b: Lanky Bird|Articuno-Galar, shiny|100\/100\n|turn|14\n|\n|t:|1699752946\n|-terastallize|p1b: Giovanni|Grass\n|move|p2a: Moon|Meteor Mash|p1a: Road Block\n|-damage|p1a: Road Block|0 fnt\n|faint|p1a: Road Block\n|move|p2b: Lanky Bird|Freezing Glare|p1b: Giovanni\n|-damage|p1b: Giovanni|33\/100 tox\n|move|p1b: Giovanni|Earthquake|p2b: Lanky Bird|[spread] p2a\n|-immune|p2b: Lanky Bird\n|-supereffective|p2a: Moon\n|-damage|p2a: Moon|0 fnt\n|faint|p2a: Moon\n|\n|-damage|p1b: Giovanni|9\/100 tox|[from] psn\n|upkeep\n|\n|t:|1699752958\n|switch|p1a: Power Plant Prince|Zapdos, shiny|100\/100\n|turn|15\n|\n|t:|1699752963\n|move|p2b: Lanky Bird|Calm Mind|p2b: Lanky Bird\n|-boost|p2b: Lanky Bird|spa|1\n|-boost|p2b: Lanky Bird|spd|1\n|move|p1a: Power Plant Prince|Discharge|p2b: Lanky Bird|[spread] p1b,p2b\n|-resisted|p1b: Giovanni\n|-supereffective|p2b: Lanky Bird\n|-damage|p1b: Giovanni|0 fnt\n|-damage|p2b: Lanky Bird|53\/100\n|faint|p1b: Giovanni\n|\n|upkeep\n|\n|t:|1699752970\n|switch|p1b: Lavender Townie|Marowak-Alola, F, shiny|100\/100\n|turn|16\n|\n|t:|1699752975\n|move|p2b: Lanky Bird|Freezing Glare|p1b: Lavender Townie\n|-crit|p1b: Lavender Townie\n|-damage|p1b: Lavender Townie|0 fnt\n|faint|p1b: Lavender Townie\n|move|p1a: Power Plant Prince|Discharge|p2b: Lanky Bird\n|-supereffective|p2b: Lanky Bird\n|-damage|p2b: Lanky Bird|0 fnt\n|faint|p2b: Lanky Bird\n|\n|win|Denvah_17\n|raw|Denvah_17's rating: 1341 &rarr; <strong>1365<\/strong><br \/>(+24 for winning)\n|raw|bibleisreal20994's rating: 1403 &rarr; <strong>1379<\/strong><br \/>(-24 for losing)\n|l|\u2606bibleisreal20994\n","uploadtime":1699752986,"views":5,"p1id":"denvah17","p2id":"bibleisreal20994","formatid":"gen9nationaldexdoubles","rating":1365,"private":0,"password":""}