{"id":"gen9nationaldexdoubles-1988857867","p1":"imp9024","p2":"encqaq","format":"[Gen 9] National Dex Doubles","log":"|j|\u2606imp9024\n|j|\u2606encqaq\n|t:|1699775154\n|gametype|doubles\n|player|p1|imp9024|lass-gen4dp|1123\n|player|p2|encqaq|170|1000\n|teamsize|p1|6\n|teamsize|p2|6\n|gen|9\n|tier|[Gen 9] National Dex Doubles\n|rated|\n|rule|HP Percentage Mod: HP is shown in percentages\n|rule|Endless Battle Clause: Forcing endless battles is banned\n|rule|OHKO Clause: OHKO moves are banned\n|rule|Evasion Moves Clause: Evasion moves are banned\n|rule|Evasion Abilities Clause: Evasion abilities are banned\n|rule|Species Clause: Limit one of each Pok\u00e9mon\n|rule|Gravity Sleep Clause: The combination of sleep-inducing moves with imperfect accuracy and Gravity or Gigantamax Orbeetle are banned\n|clearpoke\n|poke|p1|Wishiwashi, M|\n|poke|p1|Ribombee, F|\n|poke|p1|Clefairy, M|\n|poke|p1|Farigiraf, M|\n|poke|p1|Flutter Mane|\n|poke|p1|Tornadus, M|\n|poke|p2|Ogerpon-Hearthflame, F|\n|poke|p2|Archeops, M|\n|poke|p2|Ariados, F|\n|poke|p2|Garchomp, F|\n|poke|p2|Diancie|\n|poke|p2|Glimmora, F|\n|teampreview\n|\n|t:|1699775172\n|start\n|switch|p1a: Wishiwashi|Wishiwashi, M|100\/100\n|switch|p1b: Ribombee|Ribombee, F|100\/100\n|switch|p2a: Diancie|Diancie|100\/100\n|switch|p2b: Ariados|Ariados, F|100\/100\n|-formechange|p1a: Wishiwashi|Wishiwashi-School||[from] ability: Schooling\n|turn|1\n|\n|t:|1699775186\n|detailschange|p2a: Diancie|Diancie-Mega\n|-mega|p2a: Diancie|Diancie|Diancite\n|-terastallize|p1a: Wishiwashi|Water\n|move|p1b: Ribombee|Speed Swap|p1a: Wishiwashi\n|-activate|p1b: Ribombee|move: Speed Swap|[of] p1a: Wishiwashi\n|move|p1a: Wishiwashi|Surf|p2b: Ariados|[spread] p1b,p2a,p2b\n|-supereffective|p2a: Diancie\n|-damage|p1b: Ribombee|0 fnt\n|-damage|p2a: Diancie|0 fnt\n|-enditem|p2b: Ariados|Focus Sash\n|-damage|p2b: Ariados|1\/100\n|faint|p1b: Ribombee\n|faint|p2a: Diancie\n|move|p2b: Ariados|Sticky Web|p1a: Wishiwashi\n|-sidestart|p1: imp9024|move: Sticky Web\n|\n|upkeep\n|\n|t:|1699775202\n|switch|p1b: Tornadus|Tornadus, M|100\/100\n|switch|p2a: Ogerpon|Ogerpon-Hearthflame, F|100\/100\n|-ability|p2a: Ogerpon|Mold Breaker\n|turn|2\n|\n|t:|1699775213\n|-terastallize|p2a: Ogerpon|Fire\n|detailschange|p2a: Ogerpon|Ogerpon-Hearthflame-Tera, F, tera:Fire\n|-ability|p2a: Ogerpon|Embody Aspect (Hearthflame)|boost\n|-boost|p2a: Ogerpon|atk|1\n|move|p1a: Wishiwashi|Surf|p2b: Ariados|[spread] p1b,p2a,p2b\n|-supereffective|p2a: Ogerpon\n|-damage|p1b: Tornadus|0 fnt\n|-damage|p2a: Ogerpon|0 fnt\n|-damage|p2b: Ariados|0 fnt\n|faint|p1b: Tornadus\n|faint|p2a: Ogerpon\n|faint|p2b: Ariados\n|\n|upkeep\n|\n|t:|1699775233\n|switch|p1b: Farigiraf|Farigiraf, M|100\/100\n|switch|p2a: Glimmora|Glimmora, F|100\/100\n|switch|p2b: Garchomp|Garchomp, F|100\/100\n|-activate|p1b: Farigiraf|move: Sticky Web\n|-unboost|p1b: Farigiraf|spe|1\n|turn|3\n|\n|t:|1699775250\n|move|p1b: Farigiraf|Ally Switch|p1b: Farigiraf\n|swap|p1b: Farigiraf|0|[from] move: Ally Switch\n|move|p1b: Wishiwashi|Surf|p2b: Garchomp|[spread] p1a,p2a,p2b\n|-supereffective|p2a: Glimmora\n|-damage|p1a: Farigiraf|20\/100\n|-enditem|p2a: Glimmora|Focus Sash\n|-damage|p2a: Glimmora|1\/100\n|-damage|p2b: Garchomp|2\/100\n|move|p2b: Garchomp|Scale Shot|p1a: Farigiraf\n|-damage|p1a: Farigiraf|7\/100\n|-damage|p1a: Farigiraf|0 fnt\n|faint|p1a: Farigiraf\n|-hitcount|p1: Farigiraf|2\n|-unboost|p2b: Garchomp|def|1\n|-boost|p2b: Garchomp|spe|1\n|move|p2a: Glimmora|Earth Power|p1b: Wishiwashi\n|-damage|p1b: Wishiwashi|72\/100\n|\n|upkeep\n|inactive|Battle timer is ON: inactive players will automatically lose when time's up. (requested by encqaq)\n|\n|t:|1699775267\n|switch|p1a: Clefairy|Clefairy, M|100\/100\n|-activate|p1a: Clefairy|move: Sticky Web\n|-unboost|p1a: Clefairy|spe|1\n|turn|4\n|\n|t:|1699775284\n|move|p1a: Clefairy|Follow Me|p1a: Clefairy\n|-singleturn|p1a: Clefairy|move: Follow Me\n|move|p2b: Garchomp|Earthquake|p1a: Clefairy|[spread] p2a,p1a,p1b\n|-supereffective|p2a: Glimmora\n|-damage|p2a: Glimmora|0 fnt\n|-damage|p1a: Clefairy|59\/100\n|-damage|p1b: Wishiwashi|39\/100\n|-activate|p2a: Glimmora|ability: Toxic Debris\n|-sidestart|p1: imp9024|move: Toxic Spikes\n|faint|p2a: Glimmora\n|move|p1b: Wishiwashi|Surf|p2b: Garchomp|[spread] p1a,p2b\n|-damage|p1a: Clefairy|6\/100\n|-damage|p2b: Garchomp|0 fnt\n|faint|p2b: Garchomp\n|\n|upkeep\n|inactive|encqaq has 120 seconds left.\n|c|\u2606imp9024|cant fight a billion fish can you\n|\n|t:|1699775317\n|switch|p2b: Archeops|Archeops, M|100\/100\n|turn|5\n|\n|t:|1699775328\n|move|p1a: Clefairy|Follow Me|p1a: Clefairy\n|-singleturn|p1a: Clefairy|move: Follow Me\n|move|p1b: Wishiwashi|Surf|p2b: Archeops|[spread] p1a,p2b\n|-supereffective|p2b: Archeops\n|-damage|p1a: Clefairy|0 fnt\n|-damage|p2b: Archeops|0 fnt\n|faint|p1a: Clefairy\n|faint|p2b: Archeops\n|\n|win|imp9024\n|raw|imp9024's rating: 1123 &rarr; <strong>1140<\/strong><br \/>(+17 for winning)\n|raw|encqaq's rating: 1000 &rarr; <strong>1000<\/strong><br \/>(+0 for losing)\n|l|\u2606encqaq\n","uploadtime":1699775338,"views":7,"p1id":"imp9024","p2id":"encqaq","formatid":"gen9nationaldexdoubles","rating":1000,"private":0,"password":""}