{"id":"gen9nationaldexdoubles-1948361614","p1":"Alecco","p2":"oLordyyo","format":"[Gen 9] National Dex Doubles","log":"|j|\u2606Alecco\n|j|\u2606oLordyyo\n|t:|1695252350\n|gametype|doubles\n|player|p1|Alecco|102|\n|player|p2|oLordyyo|lucas|\n|teamsize|p1|4\n|teamsize|p2|4\n|gen|9\n|tier|[Gen 9] National Dex Doubles\n|rule|HP Percentage Mod: HP is shown in percentages\n|rule|Endless Battle Clause: Forcing endless battles is banned\n|rule|OHKO Clause: OHKO moves are banned\n|rule|Evasion Moves Clause: Evasion moves are banned\n|rule|Evasion Abilities Clause: Evasion abilities are banned\n|rule|Species Clause: Limit one of each Pok\u00e9mon\n|rule|Gravity Sleep Clause: The combination of sleep-inducing moves with imperfect accuracy and Gravity or Gigantamax Orbeetle are banned\n|clearpoke\n|poke|p1|Gallade, M|\n|poke|p1|Ditto|\n|poke|p1|Clodsire, M|\n|poke|p1|Tyranitar, F|\n|poke|p2|Torkoal, F|\n|poke|p2|Amoonguss, M|\n|poke|p2|Arcanine, M|\n|poke|p2|Meganium, M|\n|teampreview\n|\n|t:|1695252361\n|start\n|switch|p1a: Godzilla|Tyranitar, F|100\/100\n|switch|p1b: Galahad|Gallade, M|100\/100\n|switch|p2a: Torkoal|Torkoal, F|100\/100\n|switch|p2b: Meganium|Meganium, M|100\/100\n|-weather|Sandstorm|[from] ability: Sand Stream|[of] p1a: Godzilla\n|-weather|SunnyDay|[from] ability: Drought|[of] p2a: Torkoal\n|turn|1\n|\n|t:|1695252393\n|switch|p2b: Arcanine|Arcanine, M, shiny|100\/100\n|-ability|p2b: Arcanine|Intimidate|boost\n|-unboost|p1a: Godzilla|atk|1\n|-unboost|p1b: Galahad|atk|1\n|detailschange|p1b: Galahad|Gallade-Mega, M\n|-mega|p1b: Galahad|Gallade|Galladite\n|move|p1b: Galahad|Knock Off|p2b: Arcanine\n|-damage|p2b: Arcanine|67\/100\n|-enditem|p2b: Arcanine|Sitrus Berry|[from] move: Knock Off|[of] p1b: Galahad\n|move|p1a: Godzilla|Body Press|p2b: Arcanine\n|-damage|p2b: Arcanine|36\/100\n|move|p2a: Torkoal|Heat Wave|p1b: Galahad|[spread] p1a,p1b\n|-resisted|p1a: Godzilla\n|-damage|p1a: Godzilla|85\/100\n|-damage|p1b: Galahad|68\/100\n|\n|-weather|SunnyDay|[upkeep]\n|-heal|p1a: Godzilla|91\/100|[from] item: Leftovers\n|upkeep\n|turn|2\n|\n|t:|1695252415\n|switch|p1b: Amogus|Ditto|100\/100\n|-transform|p1b: Amogus|p2a: Torkoal|[from] ability: Imposter\n|move|p2b: Arcanine|Protect|p2b: Arcanine\n|-singleturn|p2b: Arcanine|Protect\n|move|p1a: Godzilla|Stone Edge|p2b: Arcanine\n|-activate|p2b: Arcanine|move: Protect\n|move|p2a: Torkoal|Heat Wave|p1a: Godzilla|[spread] p1a,p1b\n|-resisted|p1a: Godzilla\n|-resisted|p1b: Amogus\n|-damage|p1a: Godzilla|77\/100\n|-damage|p1b: Amogus|76\/100\n|\n|-weather|SunnyDay|[upkeep]\n|-heal|p1a: Godzilla|83\/100|[from] item: Leftovers\n|upkeep\n|turn|3\n|\n|t:|1695252436\n|move|p2b: Arcanine|Close Combat|p1a: Godzilla\n|-supereffective|p1a: Godzilla\n|-damage|p1a: Godzilla|0 fnt\n|-unboost|p2b: Arcanine|def|1\n|-unboost|p2b: Arcanine|spd|1\n|faint|p1a: Godzilla\n|move|p2a: Torkoal|Body Press|p1b: Amogus\n|-damage|p1b: Amogus|54\/100\n|move|p1b: Amogus|Body Press|p2b: Arcanine\n|-damage|p2b: Arcanine|0 fnt\n|faint|p2b: Arcanine\n|\n|-weather|SunnyDay|[upkeep]\n|upkeep\n|\n|t:|1695252451\n|switch|p2b: Amoonguss|Amoonguss, M, shiny|100\/100\n|switch|p1a: Galahad|Gallade-Mega, M|68\/100\n|turn|4\n|\n|t:|1695252466\n|move|p1a: Galahad|Psycho Cut|p2b: Amoonguss\n|-supereffective|p2b: Amoonguss\n|-crit|p2b: Amoonguss\n|-damage|p2b: Amoonguss|0 fnt\n|faint|p2b: Amoonguss\n|move|p2a: Torkoal|Heat Wave|p1a: Galahad|[spread] p1a,p1b\n|-resisted|p1b: Amogus\n|-crit|p1b: Amogus\n|-damage|p1a: Galahad|33\/100\n|-damage|p1b: Amogus|15\/100\n|move|p1b: Amogus|Heat Wave|p2a: Torkoal|[miss]\n|-miss|p1b: Amogus|p2a: Torkoal\n|\n|-weather|SunnyDay|[upkeep]\n|upkeep\n|\n|t:|1695252475\n|switch|p2b: Meganium|Meganium, M|100\/100\n|turn|5\n|\n|t:|1695252483\n|move|p1a: Galahad|Sacred Sword|p2b: Meganium\n|-damage|p2b: Meganium|45\/100\n|move|p2b: Meganium|Seed Bomb|p1a: Galahad\n|-damage|p1a: Galahad|0 fnt\n|faint|p1a: Galahad\n|move|p2a: Torkoal|Heat Wave|p1b: Amogus\n|-resisted|p1b: Amogus\n|-damage|p1b: Amogus|0 fnt\n|faint|p1b: Amogus\n|\n|-weather|none\n|-heal|p2b: Meganium|51\/100|[from] item: Leftovers\n|upkeep\n|\n|t:|1695252503\n|switch|p1b: Smant|Clodsire, M|100\/100\n|turn|6\n|\n|t:|1695252510\n|move|p2b: Meganium|Rest|p2b: Meganium\n|-status|p2b: Meganium|slp|[from] move: Rest\n|-heal|p2b: Meganium|100\/100 slp|[silent]\n|move|p1b: Smant|Poison Jab|p2b: Meganium\n|-supereffective|p2b: Meganium\n|-damage|p2b: Meganium|56\/100 slp\n|move|p2a: Torkoal|Body Press|p1b: Smant\n|-resisted|p1b: Smant\n|-damage|p1b: Smant|83\/100\n|\n|-heal|p2b: Meganium|62\/100 slp|[from] item: Leftovers\n|-heal|p1b: Smant|89\/100|[from] item: Leftovers\n|upkeep\n|turn|7\n|\n|t:|1695252523\n|cant|p2b: Meganium|slp\n|move|p2b: Meganium|Sleep Talk|p2b: Meganium\n|move|p2b: Meganium|Seed Bomb|p1b: Smant|[from]move: Sleep Talk\n|-damage|p1b: Smant|56\/100\n|move|p1b: Smant|Poison Jab|p2b: Meganium\n|-supereffective|p2b: Meganium\n|-damage|p2b: Meganium|21\/100 slp\n|move|p2a: Torkoal|Heat Wave|p1b: Smant\n|-damage|p1b: Smant|41\/100\n|\n|-heal|p2b: Meganium|27\/100 slp|[from] item: Leftovers\n|-heal|p1b: Smant|47\/100|[from] item: Leftovers\n|upkeep\n|turn|8\n|\n|t:|1695252541\n|cant|p2b: Meganium|slp\n|move|p2b: Meganium|Sleep Talk|p2b: Meganium\n|move|p2b: Meganium|Seed Bomb|p1b: Smant|[from]move: Sleep Talk\n|-damage|p1b: Smant|12\/100\n|move|p1b: Smant|Poison Jab|p2b: Meganium\n|-supereffective|p2b: Meganium\n|-damage|p2b: Meganium|0 fnt\n|faint|p2b: Meganium\n|move|p2a: Torkoal|Heat Wave|p1b: Smant\n|-damage|p1b: Smant|0 fnt\n|faint|p1b: Smant\n|\n|win|oLordyyo\n","uploadtime":1695252566,"views":9,"p1id":"alecco","p2id":"olordyyo","formatid":"gen9nationaldexdoubles","rating":0,"private":0,"password":""}