{"id":"gen9nationaldexdoubles-1998872644","p1":"Inkubone","p2":"OPieceOfHeroGhost","format":"[Gen 9] National Dex Doubles","log":"|j|\u2606Inkubone\n|j|\u2606OPieceOfHeroGhost\n|t:|1701006587\n|gametype|doubles\n|player|p1|Inkubone|yellow|1129\n|player|p2|OPieceOfHeroGhost|morty|1090\n|teamsize|p1|6\n|teamsize|p2|6\n|gen|9\n|tier|[Gen 9] National Dex Doubles\n|rated|\n|rule|HP Percentage Mod: HP is shown in percentages\n|rule|Endless Battle Clause: Forcing endless battles is banned\n|rule|OHKO Clause: OHKO moves are banned\n|rule|Evasion Moves Clause: Evasion moves are banned\n|rule|Evasion Abilities Clause: Evasion abilities are banned\n|rule|Species Clause: Limit one of each Pok\u00e9mon\n|rule|Gravity Sleep Clause: The combination of sleep-inducing moves with imperfect accuracy and Gravity or Gigantamax Orbeetle are banned\n|clearpoke\n|poke|p1|Walking Wake|\n|poke|p1|Entei|\n|poke|p1|Raikou|\n|poke|p1|Moltres-Galar|\n|poke|p1|Suicune|\n|poke|p1|Zapdos-Galar|\n|poke|p2|Incineroar, F|\n|poke|p2|Serperior, F|\n|poke|p2|Gastrodon, M|\n|poke|p2|Flutter Mane|\n|poke|p2|Landorus-Therian, M|\n|poke|p2|Arcanine-Hisui, F|\n|teampreview\n|\n|t:|1701006620\n|start\n|switch|p1a: Raikou|Raikou, shiny|100\/100\n|switch|p1b: Moltres|Moltres-Galar|100\/100\n|switch|p2a: \u2764\ufe0fSerperior4Ever|Serperior, F|100\/100\n|switch|p2b: \u6d77\u5154\u517d\u771f\u662f\u840c\u840c\u54d2|Gastrodon, M|100\/100\n|turn|1\n|\n|t:|1701006635\n|move|p1a: Raikou|Volt Switch|p2a: \u2764\ufe0fSerperior4Ever\n|-resisted|p2a: \u2764\ufe0fSerperior4Ever\n|-damage|p2a: \u2764\ufe0fSerperior4Ever|85\/100\n|\n|t:|1701006640\n|switch|p1a: Zapdos|Zapdos-Galar|100\/100|[from] Volt Switch\n|move|p2a: \u2764\ufe0fSerperior4Ever|Glare|p1b: Moltres\n|-status|p1b: Moltres|par\n|move|p1b: Moltres|Tailwind|p1b: Moltres\n|-sidestart|p1: Inkubone|move: Tailwind\n|move|p2b: \u6d77\u5154\u517d\u771f\u662f\u840c\u840c\u54d2|Stockpile|p2b: \u6d77\u5154\u517d\u771f\u662f\u840c\u840c\u54d2\n|-start|p2b: \u6d77\u5154\u517d\u771f\u662f\u840c\u840c\u54d2|stockpile1\n|-boost|p2b: \u6d77\u5154\u517d\u771f\u662f\u840c\u840c\u54d2|def|1\n|-boost|p2b: \u6d77\u5154\u517d\u771f\u662f\u840c\u840c\u54d2|spd|1\n|\n|-heal|p2a: \u2764\ufe0fSerperior4Ever|91\/100|[from] item: Leftovers\n|upkeep\n|turn|2\n|\n|t:|1701006655\n|move|p2a: \u2764\ufe0fSerperior4Ever|Protect|p2a: \u2764\ufe0fSerperior4Ever\n|-singleturn|p2a: \u2764\ufe0fSerperior4Ever|Protect\n|move|p1a: Zapdos|Knock Off|p2b: \u6d77\u5154\u517d\u771f\u662f\u840c\u840c\u54d2\n|-damage|p2b: \u6d77\u5154\u517d\u771f\u662f\u840c\u840c\u54d2|77\/100\n|-enditem|p2b: \u6d77\u5154\u517d\u771f\u662f\u840c\u840c\u54d2|Expert Belt|[from] move: Knock Off|[of] p1a: Zapdos\n|move|p1b: Moltres|Air Slash|p2a: \u2764\ufe0fSerperior4Ever\n|-activate|p2a: \u2764\ufe0fSerperior4Ever|move: Protect\n|move|p2b: \u6d77\u5154\u517d\u771f\u662f\u840c\u840c\u54d2|Icy Wind|p1a: Zapdos|[spread] p1a,p1b\n|-supereffective|p1a: Zapdos\n|-supereffective|p1b: Moltres\n|-damage|p1a: Zapdos|72\/100\n|-damage|p1b: Moltres|79\/100 par\n|-unboost|p1a: Zapdos|spe|1\n|-ability|p1a: Zapdos|Defiant|boost\n|-boost|p1a: Zapdos|atk|2\n|-unboost|p1b: Moltres|spe|1\n|\n|-heal|p2a: \u2764\ufe0fSerperior4Ever|98\/100|[from] item: Leftovers\n|upkeep\n|turn|3\n|\n|t:|1701006691\n|move|p1a: Zapdos|Acrobatics|p2a: \u2764\ufe0fSerperior4Ever\n|-supereffective|p2a: \u2764\ufe0fSerperior4Ever\n|-damage|p2a: \u2764\ufe0fSerperior4Ever|0 fnt\n|faint|p2a: \u2764\ufe0fSerperior4Ever\n|move|p1b: Moltres|Air Slash|p2b: \u6d77\u5154\u517d\u771f\u662f\u840c\u840c\u54d2\n|-damage|p2b: \u6d77\u5154\u517d\u771f\u662f\u840c\u840c\u54d2|57\/100\n|move|p2b: \u6d77\u5154\u517d\u771f\u662f\u840c\u840c\u54d2|Stockpile|p2b: \u6d77\u5154\u517d\u771f\u662f\u840c\u840c\u54d2\n|-start|p2b: \u6d77\u5154\u517d\u771f\u662f\u840c\u840c\u54d2|stockpile2\n|-boost|p2b: \u6d77\u5154\u517d\u771f\u662f\u840c\u840c\u54d2|def|1\n|-boost|p2b: \u6d77\u5154\u517d\u771f\u662f\u840c\u840c\u54d2|spd|1\n|\n|upkeep\n|\n|t:|1701006712\n|switch|p2a: \u53d1\u59d0\u7ed9\u4f60\u5ff5\u4e00\u5ff5|Flutter Mane|100\/100\n|turn|4\n|\n|t:|1701006748\n|-end|p2a: \u53d1\u59d0\u7ed9\u4f60\u5ff5\u4e00\u5ff5|Protosynthesis|[silent]\n|switch|p2a: \u6765\u54ac\u6211\u5440\uff0c\u6c6a\u6c6a\u6c6a|Arcanine-Hisui, F|100\/100\n|-ability|p2a: \u6765\u54ac\u6211\u5440\uff0c\u6c6a\u6c6a\u6c6a|Intimidate|boost\n|-unboost|p1a: Zapdos|atk|1\n|-ability|p1a: Zapdos|Defiant|boost\n|-boost|p1a: Zapdos|atk|2\n|-unboost|p1b: Moltres|atk|1\n|move|p1a: Zapdos|Knock Off|p2a: \u6765\u54ac\u6211\u5440\uff0c\u6c6a\u6c6a\u6c6a\n|-damage|p2a: \u6765\u54ac\u6211\u5440\uff0c\u6c6a\u6c6a\u6c6a|0 fnt\n|-enditem|p2a: \u6765\u54ac\u6211\u5440\uff0c\u6c6a\u6c6a\u6c6a|Choice Band|[from] move: Knock Off|[of] p1a: Zapdos\n|faint|p2a: \u6765\u54ac\u6211\u5440\uff0c\u6c6a\u6c6a\u6c6a\n|move|p1b: Moltres|Fiery Wrath|p2b: \u6d77\u5154\u517d\u771f\u662f\u840c\u840c\u54d2\n|-damage|p2b: \u6d77\u5154\u517d\u771f\u662f\u840c\u840c\u54d2|39\/100\n|move|p2b: \u6d77\u5154\u517d\u771f\u662f\u840c\u840c\u54d2|Recover|p2b: \u6d77\u5154\u517d\u771f\u662f\u840c\u840c\u54d2\n|-heal|p2b: \u6d77\u5154\u517d\u771f\u662f\u840c\u840c\u54d2|89\/100\n|\n|-sideend|p1: Inkubone|move: Tailwind\n|upkeep\n|\n|t:|1701006764\n|switch|p2a: \u53d1\u59d0\u7ed9\u4f60\u5ff5\u4e00\u5ff5|Flutter Mane|100\/100\n|turn|5\n|\n|t:|1701006776\n|switch|p1a: Entei|Entei|100\/100\n|-terastallize|p2a: \u53d1\u59d0\u7ed9\u4f60\u5ff5\u4e00\u5ff5|Fairy\n|move|p2a: \u53d1\u59d0\u7ed9\u4f60\u5ff5\u4e00\u5ff5|Dazzling Gleam|p1b: Moltres|[spread] p1a,p1b\n|-resisted|p1a: Entei\n|-supereffective|p1b: Moltres\n|-damage|p1a: Entei|76\/100\n|-damage|p1b: Moltres|0 fnt\n|faint|p1b: Moltres\n|move|p2b: \u6d77\u5154\u517d\u771f\u662f\u840c\u840c\u54d2|Stockpile|p2b: \u6d77\u5154\u517d\u771f\u662f\u840c\u840c\u54d2\n|-start|p2b: \u6d77\u5154\u517d\u771f\u662f\u840c\u840c\u54d2|stockpile3\n|-boost|p2b: \u6d77\u5154\u517d\u771f\u662f\u840c\u840c\u54d2|def|1\n|-boost|p2b: \u6d77\u5154\u517d\u771f\u662f\u840c\u840c\u54d2|spd|1\n|\n|upkeep\n|\n|t:|1701006813\n|switch|p1b: Suicune|Suicune, shiny|100\/100\n|-ability|p1b: Suicune|Pressure\n|turn|6\n|\n|t:|1701006829\n|-end|p2a: \u53d1\u59d0\u7ed9\u4f60\u5ff5\u4e00\u5ff5|Protosynthesis|[silent]\n|switch|p2a: \u50bb\u4e86\u5427\uff0c\u52a8\u4e0d\u4e86|Landorus-Therian, M|100\/100\n|-ability|p2a: \u50bb\u4e86\u5427\uff0c\u52a8\u4e0d\u4e86|Intimidate|boost\n|-fail|p1a: Entei|unboost|Attack|[from] ability: Inner Focus|[of] p1a: Entei\n|-unboost|p1b: Suicune|atk|1\n|move|p1a: Entei|Sacred Fire|p2a: \u50bb\u4e86\u5427\uff0c\u52a8\u4e0d\u4e86\n|-damage|p2a: \u50bb\u4e86\u5427\uff0c\u52a8\u4e0d\u4e86|53\/100\n|-status|p2a: \u50bb\u4e86\u5427\uff0c\u52a8\u4e0d\u4e86|brn\n|move|p1b: Suicune|Toxic|p2b: \u6d77\u5154\u517d\u771f\u662f\u840c\u840c\u54d2\n|-status|p2b: \u6d77\u5154\u517d\u771f\u662f\u840c\u840c\u54d2|tox\n|move|p2b: \u6d77\u5154\u517d\u771f\u662f\u840c\u840c\u54d2|Earth Power|p1a: Entei\n|-supereffective|p1a: Entei\n|-damage|p1a: Entei|11\/100\n|\n|-damage|p2b: \u6d77\u5154\u517d\u771f\u662f\u840c\u840c\u54d2|83\/100 tox|[from] psn\n|-damage|p2a: \u50bb\u4e86\u5427\uff0c\u52a8\u4e0d\u4e86|47\/100 brn|[from] brn\n|upkeep\n|turn|7\n|\n|t:|1701006865\n|switch|p1a: Zapdos|Zapdos-Galar|72\/100\n|move|p2a: \u50bb\u4e86\u5427\uff0c\u52a8\u4e0d\u4e86|Rock Slide|p1a: Zapdos|[spread] p1a,p1b\n|-damage|p1a: Zapdos|62\/100\n|-damage|p1b: Suicune|94\/100\n|move|p1b: Suicune|Substitute|p1b: Suicune\n|-start|p1b: Suicune|Substitute\n|-damage|p1b: Suicune|69\/100\n|move|p2b: \u6d77\u5154\u517d\u771f\u662f\u840c\u840c\u54d2|Earth Power|p1a: Zapdos\n|-immune|p1a: Zapdos\n|\n|-heal|p1b: Suicune|75\/100|[from] item: Leftovers\n|-damage|p2b: \u6d77\u5154\u517d\u771f\u662f\u840c\u840c\u54d2|70\/100 tox|[from] psn\n|-damage|p2a: \u50bb\u4e86\u5427\uff0c\u52a8\u4e0d\u4e86|41\/100 brn|[from] brn\n|upkeep\n|turn|8\n|\n|t:|1701006895\n|switch|p2b: \u53d1\u59d0\u7ed9\u4f60\u5ff5\u4e00\u5ff5|Flutter Mane, tera:Fairy|100\/100\n|move|p1a: Zapdos|Knock Off|p2a: \u50bb\u4e86\u5427\uff0c\u52a8\u4e0d\u4e86\n|-damage|p2a: \u50bb\u4e86\u5427\uff0c\u52a8\u4e0d\u4e86|7\/100 brn\n|-enditem|p2a: \u50bb\u4e86\u5427\uff0c\u52a8\u4e0d\u4e86|Assault Vest|[from] move: Knock Off|[of] p1a: Zapdos\n|move|p2a: \u50bb\u4e86\u5427\uff0c\u52a8\u4e0d\u4e86|Stomping Tantrum|p1b: Suicune\n|-activate|p1b: Suicune|move: Substitute|[damage]\n|move|p1b: Suicune|Calm Mind|p1b: Suicune\n|-boost|p1b: Suicune|spa|1\n|-boost|p1b: Suicune|spd|1\n|\n|-heal|p1b: Suicune|81\/100|[from] item: Leftovers\n|-damage|p2a: \u50bb\u4e86\u5427\uff0c\u52a8\u4e0d\u4e86|1\/100 brn|[from] brn\n|upkeep\n|turn|9\n|\n|t:|1701006929\n|switch|p1a: Entei|Entei|11\/100\n|move|p2b: \u53d1\u59d0\u7ed9\u4f60\u5ff5\u4e00\u5ff5|Dazzling Gleam|p1b: Suicune|[spread] p1a,p1b\n|-end|p1b: Suicune|Substitute\n|-resisted|p1a: Entei\n|-damage|p1a: Entei|0 fnt\n|faint|p1a: Entei\n|move|p2a: \u50bb\u4e86\u5427\uff0c\u52a8\u4e0d\u4e86|Stomping Tantrum|p1b: Suicune\n|-damage|p1b: Suicune|69\/100\n|move|p1b: Suicune|Toxic|p2b: \u53d1\u59d0\u7ed9\u4f60\u5ff5\u4e00\u5ff5\n|-status|p2b: \u53d1\u59d0\u7ed9\u4f60\u5ff5\u4e00\u5ff5|tox\n|\n|-heal|p1b: Suicune|75\/100|[from] item: Leftovers\n|-damage|p2b: \u53d1\u59d0\u7ed9\u4f60\u5ff5\u4e00\u5ff5|94\/100 tox|[from] psn\n|-damage|p2a: \u50bb\u4e86\u5427\uff0c\u52a8\u4e0d\u4e86|0 fnt|[from] brn\n|faint|p2a: \u50bb\u4e86\u5427\uff0c\u52a8\u4e0d\u4e86\n|upkeep\n|\n|t:|1701006948\n|switch|p1a: Raikou|Raikou, shiny|100\/100\n|switch|p2a: \u864e\u95e8|Incineroar, F|100\/100\n|-ability|p2a: \u864e\u95e8|Intimidate|boost\n|-fail|p1a: Raikou|unboost|Attack|[from] ability: Inner Focus|[of] p1a: Raikou\n|-unboost|p1b: Suicune|atk|1\n|turn|10\n|\n|t:|1701006962\n|move|p2a: \u864e\u95e8|Fake Out|p1a: Raikou\n|-damage|p1a: Raikou|82\/100\n|move|p1a: Raikou|Calm Mind|p1a: Raikou\n|-boost|p1a: Raikou|spa|1\n|-boost|p1a: Raikou|spd|1\n|move|p2b: \u53d1\u59d0\u7ed9\u4f60\u5ff5\u4e00\u5ff5|Dazzling Gleam|p1b: Suicune|[spread] p1a,p1b\n|-damage|p1a: Raikou|38\/100\n|-damage|p1b: Suicune|48\/100\n|move|p1b: Suicune|Calm Mind|p1b: Suicune\n|-boost|p1b: Suicune|spa|1\n|-boost|p1b: Suicune|spd|1\n|\n|-heal|p1b: Suicune|54\/100|[from] item: Leftovers\n|-damage|p2b: \u53d1\u59d0\u7ed9\u4f60\u5ff5\u4e00\u5ff5|82\/100 tox|[from] psn\n|upkeep\n|turn|11\n|\n|t:|1701006987\n|move|p1a: Raikou|Volt Switch|p2b: \u53d1\u59d0\u7ed9\u4f60\u5ff5\u4e00\u5ff5\n|-damage|p2b: \u53d1\u59d0\u7ed9\u4f60\u5ff5\u4e00\u5ff5|44\/100 tox\n|\n|t:|1701006992\n|switch|p1a: Zapdos|Zapdos-Galar|62\/100|[from] Volt Switch\n|move|p2b: \u53d1\u59d0\u7ed9\u4f60\u5ff5\u4e00\u5ff5|Dazzling Gleam|p1b: Suicune|[spread] p1a,p1b\n|-supereffective|p1a: Zapdos\n|-damage|p1a: Zapdos|0 fnt\n|-damage|p1b: Suicune|33\/100\n|faint|p1a: Zapdos\n|move|p1b: Suicune|Scald|p2b: \u53d1\u59d0\u7ed9\u4f60\u5ff5\u4e00\u5ff5\n|-damage|p2b: \u53d1\u59d0\u7ed9\u4f60\u5ff5\u4e00\u5ff5|0 fnt\n|faint|p2b: \u53d1\u59d0\u7ed9\u4f60\u5ff5\u4e00\u5ff5\n|-end|p2b: \u53d1\u59d0\u7ed9\u4f60\u5ff5\u4e00\u5ff5|Protosynthesis|[silent]\n|move|p2a: \u864e\u95e8|Knock Off|p1b: Suicune\n|-damage|p1b: Suicune|5\/100\n|-enditem|p1b: Suicune|Leftovers|[from] move: Knock Off|[of] p2a: \u864e\u95e8\n|\n|upkeep\n|\n|t:|1701007010\n|switch|p2b: \u6d77\u5154\u517d\u771f\u662f\u840c\u840c\u54d2|Gastrodon, M|70\/100 tox\n|switch|p1a: Raikou|Raikou, shiny|38\/100\n|turn|12\n|\n|t:|1701007027\n|move|p1a: Raikou|Hidden Power|p2b: \u6d77\u5154\u517d\u771f\u662f\u840c\u840c\u54d2\n|-damage|p2b: \u6d77\u5154\u517d\u771f\u662f\u840c\u840c\u54d2|53\/100 tox\n|move|p1b: Suicune|Scald|p2b: \u6d77\u5154\u517d\u771f\u662f\u840c\u840c\u54d2\n|-activate|p2b: \u6d77\u5154\u517d\u771f\u662f\u840c\u840c\u54d2|ability: Storm Drain\n|-ability|p2b: \u6d77\u5154\u517d\u771f\u662f\u840c\u840c\u54d2|Storm Drain|boost\n|-boost|p2b: \u6d77\u5154\u517d\u771f\u662f\u840c\u840c\u54d2|spa|1\n|move|p2a: \u864e\u95e8|Knock Off|p1a: Raikou\n|-damage|p1a: Raikou|0 fnt\n|-enditem|p1a: Raikou|Weakness Policy|[from] move: Knock Off|[of] p2a: \u864e\u95e8\n|faint|p1a: Raikou\n|move|p2b: \u6d77\u5154\u517d\u771f\u662f\u840c\u840c\u54d2|Earth Power|p1b: Suicune\n|-damage|p1b: Suicune|0 fnt\n|faint|p1b: Suicune\n|\n|-damage|p2b: \u6d77\u5154\u517d\u771f\u662f\u840c\u840c\u54d2|47\/100 tox|[from] psn\n|upkeep\n|\n|t:|1701007034\n|switch|p1b: Walking Wake|Walking Wake|100\/100\n|-enditem|p1b: Walking Wake|Booster Energy\n|-activate|p1b: Walking Wake|ability: Protosynthesis|[fromitem]\n|-start|p1b: Walking Wake|protosynthesisspa\n|turn|13\n|\n|t:|1701007051\n|move|p1b: Walking Wake|Protect|p1b: Walking Wake\n|-singleturn|p1b: Walking Wake|Protect\n|move|p2a: \u864e\u95e8|Parting Shot|p1b: Walking Wake\n|-activate|p1b: Walking Wake|move: Protect\n|move|p2b: \u6d77\u5154\u517d\u771f\u662f\u840c\u840c\u54d2|Recover|p2b: \u6d77\u5154\u517d\u771f\u662f\u840c\u840c\u54d2\n|-heal|p2b: \u6d77\u5154\u517d\u771f\u662f\u840c\u840c\u54d2|97\/100 tox\n|\n|-damage|p2b: \u6d77\u5154\u517d\u771f\u662f\u840c\u840c\u54d2|85\/100 tox|[from] psn\n|upkeep\n|turn|14\n|\n|t:|1701007070\n|move|p1b: Walking Wake|Dragon Pulse|p2a: \u864e\u95e8\n|-damage|p2a: \u864e\u95e8|57\/100\n|move|p2a: \u864e\u95e8|Knock Off|p1b: Walking Wake\n|-damage|p1b: Walking Wake|66\/100\n|move|p2b: \u6d77\u5154\u517d\u771f\u662f\u840c\u840c\u54d2|Earth Power|p1b: Walking Wake\n|-damage|p1b: Walking Wake|0 fnt\n|faint|p1b: Walking Wake\n|-end|p1b: Walking Wake|Protosynthesis|[silent]\n|\n|win|OPieceOfHeroGhost\n|raw|Inkubone's rating: 1129 &rarr; <strong>1101<\/strong><br \/>(-28 for losing)\n|raw|OPieceOfHeroGhost's rating: 1090 &rarr; <strong>1119<\/strong><br \/>(+29 for winning)\n|l|\u2606Inkubone\n","uploadtime":1701007083,"views":0,"p1id":"inkubone","p2id":"opieceofheroghost","formatid":"gen9nationaldexdoubles","rating":1101,"private":0,"password":""}