{"id":"gen9nationaldexdoubles-1964524777","p1":"Gumbus wumbus","p2":"UnspokenCause","format":"[Gen 9] National Dex Doubles","log":"|j|\u2606Gumbus wumbus\n|j|\u2606UnspokenCause\n|t:|1696976646\n|gametype|doubles\n|player|p1|Gumbus wumbus|clown|1102\n|player|p2|UnspokenCause|supernerd|1166\n|teamsize|p1|6\n|teamsize|p2|6\n|gen|9\n|tier|[Gen 9] National Dex Doubles\n|rated|\n|rule|HP Percentage Mod: HP is shown in percentages\n|rule|Endless Battle Clause: Forcing endless battles is banned\n|rule|OHKO Clause: OHKO moves are banned\n|rule|Evasion Moves Clause: Evasion moves are banned\n|rule|Evasion Abilities Clause: Evasion abilities are banned\n|rule|Species Clause: Limit one of each Pok\u00e9mon\n|rule|Gravity Sleep Clause: The combination of sleep-inducing moves with imperfect accuracy and Gravity or Gigantamax Orbeetle are banned\n|clearpoke\n|poke|p1|Stunfisk-Galar, M|\n|poke|p1|Overqwil, F|\n|poke|p1|Lanturn, M|\n|poke|p1|Milotic, M|\n|poke|p1|Gyarados, M|\n|poke|p1|Kingdra, M|\n|poke|p2|Liepard, M|\n|poke|p2|Smeargle, M|\n|poke|p2|Armarouge, F|\n|poke|p2|Enamorus, F|\n|poke|p2|Chien-Pao|\n|poke|p2|Basculegion-F, F|\n|teampreview\n|\n|t:|1696976655\n|start\n|switch|p1a: Sting|Overqwil, F, shiny|100\/100\n|switch|p1b: Coil|Milotic, M, shiny|100\/100\n|switch|p2a: Liepard|Liepard, M|100\/100\n|switch|p2b: Enamorus|Enamorus, F, shiny|100\/100\n|turn|1\n|\n|t:|1696976677\n|move|p1a: Sting|Protect|p1a: Sting\n|-singleturn|p1a: Sting|Protect\n|move|p2a: Liepard|Charm|p2b: Enamorus\n|-boost|p2b: Enamorus|atk|2\n|move|p2b: Enamorus|Iron Head|p1a: Sting\n|-activate|p1a: Sting|move: Protect\n|move|p1b: Coil|Hidden Power|p2b: Enamorus\n|-supereffective|p2b: Enamorus\n|-damage|p2b: Enamorus|62\/100\n|\n|-heal|p2b: Enamorus|69\/100|[from] item: Leftovers\n|-status|p1b: Coil|brn|[from] item: Flame Orb\n|upkeep\n|turn|2\n|inactive|Battle timer is ON: inactive players will automatically lose when time's up. (requested by UnspokenCause)\n|\n|t:|1696976731\n|-terastallize|p1a: Sting|Dark\n|move|p2a: Liepard|Sucker Punch|p1b: Coil\n|-damage|p1b: Coil|85\/100 brn\n|move|p2b: Enamorus|Superpower|p1a: Sting\n|-supereffective|p1a: Sting\n|-damage|p1a: Sting|0 fnt\n|-boost|p2b: Enamorus|atk|1\n|-boost|p2b: Enamorus|def|1\n|-status|p2b: Enamorus|psn|[from] ability: Poison Point|[of] p1a: Sting\n|faint|p1a: Sting\n|move|p1b: Coil|Scald|p2a: Liepard\n|-damage|p2a: Liepard|45\/100\n|\n|-heal|p2b: Enamorus|75\/100 psn|[from] item: Leftovers\n|-damage|p2b: Enamorus|62\/100 psn|[from] psn\n|-damage|p1b: Coil|79\/100 brn|[from] brn\n|upkeep\n|\n|t:|1696976752\n|switch|p1a: Zap|Lanturn, M, shiny|100\/100\n|turn|3\n|\n|t:|1696976767\n|move|p2b: Enamorus|Iron Head|p1a: Zap\n|-resisted|p1a: Zap\n|-damage|p1a: Zap|82\/100\n|move|p2a: Liepard|Gunk Shot|p1b: Coil|[miss]\n|-miss|p2a: Liepard|p1b: Coil\n|move|p1a: Zap|Signal Beam|p2a: Liepard\n|-supereffective|p2a: Liepard\n|-damage|p2a: Liepard|0 fnt\n|faint|p2a: Liepard\n|move|p1b: Coil|Ice Beam|p2b: Enamorus\n|-supereffective|p2b: Enamorus\n|-damage|p2b: Enamorus|6\/100 psn\n|\n|-heal|p2b: Enamorus|13\/100 psn|[from] item: Leftovers\n|-damage|p2b: Enamorus|0 fnt|[from] psn\n|faint|p2b: Enamorus\n|-damage|p1b: Coil|73\/100 brn|[from] brn\n|upkeep\n|\n|t:|1696976787\n|switch|p2a: Smeargle|Smeargle, M|100\/100\n|switch|p2b: Armarouge|Armarouge, F|100\/100\n|turn|4\n|\n|t:|1696976806\n|switch|p2b: Chien-Pao|Chien-Pao|100\/100\n|-ability|p2b: Chien-Pao|Sword of Ruin\n|move|p2a: Smeargle|Revival Blessing|p2a: Smeargle\n|\n|t:|1696976813\n|-heal|p2: Enamorus|50\/100|[from] move: Revival Blessing\n|move|p1a: Zap|Scald|p2b: Chien-Pao\n|-damage|p2b: Chien-Pao|52\/100\n|-status|p2b: Chien-Pao|brn\n|move|p1b: Coil|Scald|p2b: Chien-Pao\n|-damage|p2b: Chien-Pao|10\/100 brn\n|\n|-damage|p2b: Chien-Pao|4\/100 brn|[from] brn\n|-damage|p1b: Coil|67\/100 brn|[from] brn\n|-ability|p2a: Smeargle|Moody|boost\n|-boost|p2a: Smeargle|spe|2\n|-unboost|p2a: Smeargle|atk|1\n|upkeep\n|turn|5\n|\n|t:|1696976837\n|move|p2a: Smeargle|Clangorous Soul|p2a: Smeargle\n|-boost|p2a: Smeargle|atk|1\n|-boost|p2a: Smeargle|def|1\n|-boost|p2a: Smeargle|spa|1\n|-boost|p2a: Smeargle|spd|1\n|-boost|p2a: Smeargle|spe|1\n|-damage|p2a: Smeargle|68\/100\n|move|p2b: Chien-Pao|Sacred Sword|p1a: Zap\n|-damage|p1a: Zap|50\/100\n|move|p1a: Zap|Scald|p2a: Smeargle\n|-damage|p2a: Smeargle|29\/100\n|move|p1b: Coil|Recover|p1b: Coil\n|-heal|p1b: Coil|100\/100 brn\n|\n|-heal|p2a: Smeargle|35\/100|[from] item: Leftovers\n|-damage|p2b: Chien-Pao|0 fnt|[from] brn\n|faint|p2b: Chien-Pao\n|-damage|p1b: Coil|94\/100 brn|[from] brn\n|-ability|p2a: Smeargle|Moody|boost\n|-boost|p2a: Smeargle|spa|2\n|-unboost|p2a: Smeargle|spd|1\n|upkeep\n|inactive|UnspokenCause has 120 seconds left.\n|\n|t:|1696976859\n|switch|p2b: Enamorus|Enamorus, F, shiny|50\/100\n|turn|6\n|\n|t:|1696976880\n|switch|p1a: Snipe|Kingdra, M, shiny|100\/100\n|move|p2a: Smeargle|Spore|p1a: Snipe\n|-status|p1a: Snipe|slp|[from] move: Spore\n|move|p2b: Enamorus|Superpower|p1b: Coil\n|-damage|p1b: Coil|72\/100 brn\n|-boost|p2b: Enamorus|atk|1\n|-boost|p2b: Enamorus|def|1\n|move|p1b: Coil|Ice Beam|p2b: Enamorus\n|-supereffective|p2b: Enamorus\n|-damage|p2b: Enamorus|0 fnt\n|faint|p2b: Enamorus\n|\n|-heal|p2a: Smeargle|41\/100|[from] item: Leftovers\n|-damage|p1b: Coil|66\/100 brn|[from] brn\n|-ability|p2a: Smeargle|Moody|boost\n|-boost|p2a: Smeargle|spe|2\n|-unboost|p2a: Smeargle|spd|1\n|upkeep\n|\n|t:|1696976888\n|switch|p2b: Armarouge|Armarouge, F|100\/100\n|turn|7\n|\n|t:|1696976912\n|switch|p2b: Basculegion|Basculegion-F, F|100\/100\n|cant|p1a: Snipe|slp\n|move|p2a: Smeargle|Baton Pass|p2a: Smeargle\n|\n|t:|1696976918\n|switch|p2a: Armarouge|Armarouge, F|100\/100|[from] Baton Pass\n|move|p1b: Coil|Scald|p2b: Basculegion\n|-resisted|p2b: Basculegion\n|-damage|p2b: Basculegion|88\/100\n|\n|-damage|p1b: Coil|60\/100 brn|[from] brn\n|upkeep\n|turn|8\n|\n|t:|1696976937\n|move|p2a: Armarouge|Energy Ball|p1b: Coil\n|-supereffective|p1b: Coil\n|-damage|p1b: Coil|0 fnt\n|faint|p1b: Coil\n|-curestatus|p1a: Snipe|slp|[msg]\n|move|p1a: Snipe|Surf|p2a: Armarouge|[spread] p2a,p2b\n|-supereffective|p2a: Armarouge\n|-resisted|p2b: Basculegion\n|-damage|p2a: Armarouge|9\/100\n|-damage|p2b: Basculegion|75\/100\n|-enditem|p2a: Armarouge|Weakness Policy\n|-boost|p2a: Armarouge|atk|2|[from] item: Weakness Policy\n|-boost|p2a: Armarouge|spa|2|[from] item: Weakness Policy\n|move|p2b: Basculegion|Last Respects|p1a: Snipe\n|-damage|p1a: Snipe|0 fnt\n|faint|p1a: Snipe\n|\n|upkeep\n|inactive|Gumbus wumbus has 120 seconds left.\n|\n|t:|1696976960\n|switch|p1a: Crunch|Gyarados, M, shiny|100\/100\n|switch|p1b: Zap|Lanturn, M, shiny|50\/100\n|-ability|p1a: Crunch|Intimidate|boost\n|-unboost|p2a: Armarouge|atk|1\n|-unboost|p2b: Basculegion|atk|1\n|turn|9\n|\n|t:|1696976970\n|move|p2a: Armarouge|Energy Ball|p1a: Crunch\n|-damage|p1a: Crunch|0 fnt\n|faint|p1a: Crunch\n|move|p1b: Zap|Thunderbolt|p2b: Basculegion\n|-supereffective|p2b: Basculegion\n|-damage|p2b: Basculegion|8\/100\n|move|p2b: Basculegion|Last Respects|p1b: Zap\n|-damage|p1b: Zap|0 fnt\n|faint|p1b: Zap\n|\n|upkeep\n|\n|t:|1696976983\n|switch|p1b: Trap|Stunfisk-Galar, M, shiny|100\/100\n|turn|10\n|\n|t:|1696976991\n|move|p2a: Armarouge|Energy Ball|p1b: Trap\n|-damage|p1b: Trap|19\/100\n|move|p2b: Basculegion|Wave Crash|p1b: Trap\n|-supereffective|p1b: Trap\n|-damage|p1b: Trap|0 fnt\n|faint|p1b: Trap\n|-damage|p2b: Basculegion|2\/100|[from] Recoil\n|\n|win|UnspokenCause\n|raw|Gumbus wumbus's rating: 1102 &rarr; <strong>1082<\/strong><br \/>(-20 for losing)\n|raw|UnspokenCause's rating: 1166 &rarr; <strong>1186<\/strong><br \/>(+20 for winning)\n|l|\u2606UnspokenCause\n|c|\u2606Gumbus wumbus|Man gg tho\n","uploadtime":1696977004,"views":4,"p1id":"gumbuswumbus","p2id":"unspokencause","formatid":"gen9nationaldexdoubles","rating":1082,"private":0,"password":""}