{"id":"gen9nationaldexdoubles-1959412707","p1":"dippdamacy","p2":"kpoc12","format":"[Gen 9] National Dex Doubles","log":"|j|\u2606dippdamacy\n|j|\u2606kpoc12\n|t:|1696426185\n|gametype|doubles\n|player|p1|dippdamacy|colress-gen7|\n|player|p2|kpoc12|raihan|\n|teamsize|p1|6\n|teamsize|p2|6\n|gen|9\n|tier|[Gen 9] National Dex Doubles\n|rule|HP Percentage Mod: HP is shown in percentages\n|rule|Endless Battle Clause: Forcing endless battles is banned\n|rule|OHKO Clause: OHKO moves are banned\n|rule|Evasion Moves Clause: Evasion moves are banned\n|rule|Evasion Abilities Clause: Evasion abilities are banned\n|rule|Species Clause: Limit one of each Pok\u00e9mon\n|rule|Gravity Sleep Clause: The combination of sleep-inducing moves with imperfect accuracy and Gravity or Gigantamax Orbeetle are banned\n|clearpoke\n|poke|p1|Magneton|\n|poke|p1|Rotom-Wash|\n|poke|p1|Metagross|\n|poke|p1|Beheeyem, M|\n|poke|p1|Magnezone|\n|poke|p1|Klinklang|\n|poke|p2|Cofagrigus, F|\n|poke|p2|Bouffalant, M|\n|poke|p2|Seismitoad, F|\n|poke|p2|Bisharp, F|\n|poke|p2|Eelektross, M|\n|poke|p2|Hydreigon, F|\n|teampreview\n|c|\u2606kpoc12|BANGER TUNE ON RN\n|\n|t:|1696426242\n|start\n|switch|p1a: Magneton|Magneton, shiny|100\/100\n|switch|p1b: Rotom|Rotom-Wash|100\/100\n|switch|p2a: Seismitoad|Seismitoad, F|100\/100\n|switch|p2b: Bisharp|Bisharp, F|100\/100\n|turn|1\n|\n|t:|1696426270\n|move|p1b: Rotom|Will-O-Wisp|p2b: Bisharp\n|-status|p2b: Bisharp|brn\n|move|p2b: Bisharp|Knock Off|p1b: Rotom\n|-damage|p1b: Rotom|75\/100\n|-enditem|p1b: Rotom|Life Orb|[from] move: Knock Off|[of] p2b: Bisharp\n|move|p2a: Seismitoad|Rain Dance|p2a: Seismitoad\n|-weather|RainDance\n|move|p1a: Magneton|Volt Switch|p2b: Bisharp\n|-damage|p2b: Bisharp|37\/100 brn\n|j| cassinidivision\n|\n|t:|1696426282\n|switch|p1a: Beheeyem|Beheeyem, M|100\/100|[from] Volt Switch\n|\n|-weather|RainDance|[upkeep]\n|-damage|p2b: Bisharp|31\/100 brn|[from] brn\n|upkeep\n|turn|2\n|c|\u2606dippdamacy|HELLO\n|c|\u2606kpoc12|HIII\n|c| cassinidivision|haiiiii\n|\n|t:|1696426348\n|move|p2a: Seismitoad|Sludge Wave|p1b: Rotom|[spread] p1a,p1b\n|-immune|p2b: Bisharp\n|-crit|p1b: Rotom\n|-damage|p1a: Beheeyem|79\/100\n|-damage|p1b: Rotom|42\/100\n|-status|p1a: Beheeyem|psn\n|-activate|p1a: Beheeyem|ability: Synchronize\n|-status|p2a: Seismitoad|psn\n|move|p1b: Rotom|Will-O-Wisp||[still]\n|-fail|p1b: Rotom\n|move|p2b: Bisharp|Knock Off|p1a: Beheeyem\n|-supereffective|p1a: Beheeyem\n|-damage|p1a: Beheeyem|41\/100 psn\n|-enditem|p1a: Beheeyem|Leftovers|[from] move: Knock Off|[of] p2b: Bisharp\n|move|p1a: Beheeyem|Calm Mind|p1a: Beheeyem\n|-boost|p1a: Beheeyem|spa|1\n|-boost|p1a: Beheeyem|spd|1\n|\n|-weather|RainDance|[upkeep]\n|-damage|p2a: Seismitoad|88\/100 psn|[from] psn\n|-damage|p1a: Beheeyem|28\/100 psn|[from] psn\n|-damage|p2b: Bisharp|25\/100 brn|[from] brn\n|upkeep\n|turn|3\n|c|\u2606dippdamacy|LOL\n|c|\u2606kpoc12|EL OH EL\n|c|\u2606dippdamacy|GOOD JOB ROTOM\n|c|\u2606kpoc12|the effort was there\n|c| cassinidivision|rotoms doing his best\n|\n|t:|1696426382\n|move|p2a: Seismitoad|Sludge Wave|p1b: Rotom|[spread] p1a,p1b\n|-immune|p2b: Bisharp\n|-damage|p1a: Beheeyem|14\/100 psn\n|-damage|p1b: Rotom|19\/100\n|move|p1b: Rotom|Discharge|p2a: Seismitoad|[spread] p1a,p2b\n|-immune|p2a: Seismitoad\n|-damage|p1a: Beheeyem|0 fnt\n|-damage|p2b: Bisharp|0 fnt\n|faint|p1a: Beheeyem\n|faint|p2b: Bisharp\n|\n|-weather|RainDance|[upkeep]\n|-heal|p2a: Seismitoad|94\/100 psn|[from] item: Leftovers\n|-damage|p2a: Seismitoad|82\/100 psn|[from] psn\n|upkeep\n|c|\u2606dippdamacy|HEPL I PRESSED THE WRONG MOVE\n|c|\u2606kpoc12|DISCHARGE\n|c|\u2606dippdamacy|IM CRYING\n|c|\u2606kpoc12|HDGHG\n|\n|t:|1696426402\n|switch|p2b: Eelektross|Eelektross, M|100\/100\n|switch|p1a: Magneton|Magneton, shiny|100\/100\n|turn|4\n|c| cassinidivision|ghetsis makes colress discharge?????????????\n|c|\u2606kpoc12|STOOH\n|\n|t:|1696426447\n|move|p2a: Seismitoad|Earthquake|p1a: Magneton|[spread] p1a\n|-immune|p2b: Eelektross|[from] ability: Levitate\n|-immune|p1b: Rotom|[from] ability: Levitate\n|-supereffective|p1a: Magneton\n|-damage|p1a: Magneton|20\/100\n|move|p1b: Rotom|Substitute|p1b: Rotom\n|-fail|p1b: Rotom|move: Substitute|[weak]\n|move|p1a: Magneton|Tri Attack|p2b: Eelektross\n|-damage|p2b: Eelektross|67\/100\n|move|p2b: Eelektross|Acrobatics|p1b: Rotom\n|-resisted|p1b: Rotom\n|-damage|p1b: Rotom|0 fnt\n|faint|p1b: Rotom\n|\n|-weather|RainDance|[upkeep]\n|-heal|p2a: Seismitoad|88\/100 psn|[from] item: Leftovers\n|-damage|p2a: Seismitoad|76\/100 psn|[from] psn\n|upkeep\n|\n|t:|1696426466\n|switch|p1b: Metagross|Metagross|100\/100\n|turn|5\n|\n|t:|1696426512\n|move|p2a: Seismitoad|Earthquake|p1a: Magneton|[spread] p1a,p1b\n|-immune|p2b: Eelektross|[from] ability: Levitate\n|-supereffective|p1a: Magneton\n|-supereffective|p1b: Metagross\n|-damage|p1a: Magneton|0 fnt\n|-damage|p1b: Metagross|53\/100\n|faint|p1a: Magneton\n|move|p1b: Metagross|Zen Headbutt|p2a: Seismitoad\n|-damage|p2a: Seismitoad|10\/100 psn\n|move|p2b: Eelektross|Flamethrower|p1b: Metagross\n|-supereffective|p1b: Metagross\n|-damage|p1b: Metagross|27\/100\n|\n|-weather|none\n|-heal|p2a: Seismitoad|16\/100 psn|[from] item: Leftovers\n|-damage|p2a: Seismitoad|3\/100 psn|[from] psn\n|upkeep\n|\n|t:|1696426527\n|switch|p1a: Magnezone|Magnezone|100\/100\n|turn|6\n|c|\u2606dippdamacy|that discharge actually lost me this match\n|c|\u2606dippdamacy|im going o lose it\n|c|\u2606kpoc12|i was gonna say ghet should not b winning this\n|\n|t:|1696426584\n|move|p2a: Seismitoad|Earthquake|p1a: Magnezone|[spread] p1a,p1b\n|-immune|p2b: Eelektross|[from] ability: Levitate\n|-supereffective|p1a: Magnezone\n|-supereffective|p1b: Metagross\n|-damage|p1a: Magnezone|20\/100\n|-damage|p1b: Metagross|0 fnt\n|faint|p1b: Metagross\n|move|p1a: Magnezone|Hyper Beam|p2b: Eelektross|[miss]\n|-miss|p1a: Magnezone|p2b: Eelektross\n|move|p2b: Eelektross|Close Combat|p1a: Magnezone\n|-supereffective|p1a: Magnezone\n|-damage|p1a: Magnezone|0 fnt\n|-unboost|p2b: Eelektross|def|1\n|-unboost|p2b: Eelektross|spd|1\n|faint|p1a: Magnezone\n|\n|-heal|p2a: Seismitoad|9\/100 psn|[from] item: Leftovers\n|-damage|p2a: Seismitoad|0 fnt|[from] psn\n|faint|p2a: Seismitoad\n|upkeep\n|c|\u2606dippdamacy|what if i died\n|c| cassinidivision|insane fumble\n|\n|t:|1696426604\n|switch|p2a: Hydreigon|Hydreigon, F|100\/100\n|switch|p1a: Klinklang|Klinklang|100\/100\n|-item|p1a: Klinklang|Air Balloon\n|turn|7\n|c| cassinidivision|klinklang swee p\n|\n|t:|1696426617\n|-terastallize|p1a: Klinklang|Steel\n|move|p2a: Hydreigon|Fire Blast|p1a: Klinklang\n|-supereffective|p1a: Klinklang\n|-damage|p1a: Klinklang|0 fnt\n|-enditem|p1a: Klinklang|Air Balloon\n|faint|p1a: Klinklang\n|-damage|p2a: Hydreigon|91\/100|[from] item: Life Orb\n|\n|win|kpoc12\n|c|\u2606dippdamacy|gg\n|c|\u2606kpoc12|gg!!\n","uploadtime":1696426628,"views":11,"p1id":"dippdamacy","p2id":"kpoc12","formatid":"gen9nationaldexdoubles","rating":0,"private":0,"password":""}