{"id":"gen9nationaldexdoubles-1999350449","p1":"specner4","p2":"cubzz","format":"[Gen 9] National Dex Doubles","log":"|j|\u2606specner4\n|j|\u2606cubzz\n|t:|1701064787\n|gametype|doubles\n|player|p1|specner4|265|\n|player|p2|cubzz|pokekid|\n|teamsize|p1|6\n|teamsize|p2|6\n|gen|9\n|tier|[Gen 9] National Dex Doubles\n|rule|HP Percentage Mod: HP is shown in percentages\n|rule|Endless Battle Clause: Forcing endless battles is banned\n|rule|OHKO Clause: OHKO moves are banned\n|rule|Evasion Moves Clause: Evasion moves are banned\n|rule|Evasion Abilities Clause: Evasion abilities are banned\n|rule|Species Clause: Limit one of each Pok\u00e9mon\n|rule|Gravity Sleep Clause: The combination of sleep-inducing moves with imperfect accuracy and Gravity or Gigantamax Orbeetle are banned\n|rule|Item Clause: Limit one of each item\n|clearpoke\n|poke|p1|Toedscruel, F|\n|poke|p1|Cetitan, M|\n|poke|p1|Abomasnow, M|\n|poke|p1|Trevenant, F|\n|poke|p1|Slither Wing|\n|poke|p1|Lilligant-Hisui, F|\n|poke|p2|Slowbro-Galar, M|\n|poke|p2|Dachsbun, F|\n|poke|p2|Toucannon, F|\n|poke|p2|Stoutland, F|\n|poke|p2|Unown-S|\n|poke|p2|Togedemaru, M|\n|teampreview|4\n|\n|t:|1701064798\n|start\n|switch|p1a: Toedscruel|Toedscruel, F|100\/100\n|switch|p1b: Cetitan|Cetitan, M|100\/100\n|switch|p2a: 2cannon Sam\u00ae|Toucannon, F|100\/100\n|switch|p2b: moomoos|Dachsbun, F|100\/100\n|turn|1\n|\n|t:|1701064818\n|move|p1a: Toedscruel|Rage Powder|p1a: Toedscruel\n|-singleturn|p1a: Toedscruel|move: Rage Powder\n|move|p2b: moomoos|Dig||[still]\n|-prepare|p2b: moomoos|Dig\n|move|p1b: Cetitan|Belly Drum|p1b: Cetitan\n|-damage|p1b: Cetitan|50\/100\n|-setboost|p1b: Cetitan|atk|6|[from] move: Belly Drum\n|-enditem|p1b: Cetitan|Sitrus Berry|[eat]\n|-heal|p1b: Cetitan|75\/100|[from] item: Sitrus Berry\n|move|p2a: 2cannon Sam\u00ae|Fly||[still]\n|-prepare|p2a: 2cannon Sam\u00ae|Fly\n|\n|upkeep\n|turn|2\n|\n|t:|1701064836\n|switch|p1a: Abomasnow|Abomasnow, M|100\/100\n|-weather|Snow|[from] ability: Snow Warning|[of] p1a: Abomasnow\n|move|p1b: Cetitan|Earthquake|p2b: moomoos|[spread] p1a,p2b\n|-miss|p1b: Cetitan|p2a: 2cannon Sam\u00ae\n|-resisted|p1a: Abomasnow\n|-damage|p1a: Abomasnow|65\/100\n|-damage|p2b: moomoos|0 fnt\n|faint|p2b: moomoos\n|move|p2a: 2cannon Sam\u00ae|Fly|p1b: Cetitan|[from]lockedmove\n|-damage|p1b: Cetitan|55\/100\n|\n|-weather|Snow|[upkeep]\n|upkeep\n|\n|t:|1701064848\n|switch|p2b: Slowguy|Slowbro-Galar, M|100\/100\n|turn|3\n|\n|t:|1701064861\n|detailschange|p1a: Abomasnow|Abomasnow-Mega, M\n|-mega|p1a: Abomasnow|Abomasnow|Abomasite\n|move|p1b: Cetitan|Ice Spinner|p2a: 2cannon Sam\u00ae\n|-supereffective|p2a: 2cannon Sam\u00ae\n|-damage|p2a: 2cannon Sam\u00ae|0 fnt\n|faint|p2a: 2cannon Sam\u00ae\n|move|p2b: Slowguy|Metronome|p2b: Slowguy\n|move|p2b: Slowguy|Bug Bite|p1b: Cetitan|[from]move: Metronome\n|-damage|p1b: Cetitan|42\/100\n|move|p1a: Abomasnow|Aurora Veil|p1a: Abomasnow\n|-sidestart|p1: specner4|move: Aurora Veil\n|\n|-weather|Snow|[upkeep]\n|upkeep\n|\n|t:|1701064872\n|switch|p2a: He a doggo|Stoutland, F|100\/100\n|-ability|p2a: He a doggo|Intimidate|boost\n|-unboost|p1a: Abomasnow|atk|1\n|-unboost|p1b: Cetitan|atk|1\n|turn|4\n|\n|t:|1701064893\n|move|p1b: Cetitan|Ice Spinner|p2b: Slowguy\n|-damage|p2b: Slowguy|0 fnt\n|faint|p2b: Slowguy\n|move|p2a: He a doggo|Psychic Fangs|p1b: Cetitan\n|-sideend|p1: specner4|move: Aurora Veil\n|-damage|p1b: Cetitan|30\/100\n|move|p1a: Abomasnow|Blizzard|p2a: He a doggo\n|-crit|p2a: He a doggo\n|-damage|p2a: He a doggo|37\/100\n|\n|-weather|Snow|[upkeep]\n|upkeep\n|turn|5\n|\n|t:|1701064917\n|move|p1b: Cetitan|Ice Spinner|p2a: He a doggo\n|-damage|p2a: He a doggo|0 fnt\n|faint|p2a: He a doggo\n|\n|win|specner4\n|l|\u2606cubzz\n","uploadtime":1701064930,"views":3,"p1id":"specner4","p2id":"cubzz","formatid":"gen9nationaldexdoubles","rating":0,"private":0,"password":""}