{"id":"gen9nationaldexdoubles-1996219201","p1":"hasegawa_shigure","p2":"Baymax37","format":"[Gen 9] National Dex Doubles","log":"|j|\u2606hasegawa_shigure\n|j|\u2606Baymax37\n|t:|1700660580\n|gametype|doubles\n|player|p1|hasegawa_shigure|backersf|1068\n|player|p2|Baymax37|bugcatcher-gen4dp|1095\n|teamsize|p1|6\n|teamsize|p2|6\n|gen|9\n|tier|[Gen 9] National Dex Doubles\n|rated|\n|rule|HP Percentage Mod: HP is shown in percentages\n|rule|Endless Battle Clause: Forcing endless battles is banned\n|rule|OHKO Clause: OHKO moves are banned\n|rule|Evasion Moves Clause: Evasion moves are banned\n|rule|Evasion Abilities Clause: Evasion abilities are banned\n|rule|Species Clause: Limit one of each Pok\u00e9mon\n|rule|Gravity Sleep Clause: The combination of sleep-inducing moves with imperfect accuracy and Gravity or Gigantamax Orbeetle are banned\n|clearpoke\n|poke|p1|Bibarel, M|\n|poke|p1|Empoleon, F|\n|poke|p1|Gothitelle, F|\n|poke|p1|Copperajah, F|\n|poke|p1|Garganacl, F|\n|poke|p1|Hitmontop, M|\n|poke|p2|Rampardos, M|\n|poke|p2|Primarina, F|\n|poke|p2|Cresselia, F|\n|poke|p2|Camerupt, M|\n|poke|p2|Porygon2|\n|poke|p2|Ninetales-Alola, M|\n|teampreview\n|\n|t:|1700660602\n|start\n|switch|p1a: Bibarel|Bibarel, M|100\/100\n|switch|p1b: Gothitelle|Gothitelle, F, shiny|100\/100\n|switch|p2a: Primarina|Primarina, F|100\/100\n|switch|p2b: Porygon2|Porygon2|100\/100\n|-ability|p2b: Porygon2|Download|boost\n|-boost|p2b: Porygon2|atk|1\n|turn|1\n|\n|t:|1700660625\n|move|p1a: Bibarel|Stealth Rock|p2a: Primarina\n|-sidestart|p2: Baymax37|move: Stealth Rock\n|move|p2a: Primarina|Hyper Voice|p1b: Gothitelle|[spread] p1a,p1b\n|-resisted|p1a: Bibarel\n|-damage|p1a: Bibarel|73\/100\n|-damage|p1b: Gothitelle|64\/100\n|-enditem|p2a: Primarina|Throat Spray\n|-boost|p2a: Primarina|spa|1|[from] item: Throat Spray\n|move|p1b: Gothitelle|Trick Room|p1b: Gothitelle\n|-fieldstart|move: Trick Room|[of] p1b: Gothitelle\n|move|p2b: Porygon2|Trick Room|p2b: Porygon2\n|-fieldend|move: Trick Room\n|\n|upkeep\n|turn|2\n|\n|t:|1700660643\n|move|p1a: Bibarel|Yawn|p2a: Primarina\n|-start|p2a: Primarina|move: Yawn|[of] p1a: Bibarel\n|move|p1b: Gothitelle|Energy Ball|p2a: Primarina\n|-supereffective|p2a: Primarina\n|-damage|p2a: Primarina|43\/100\n|-damage|p1b: Gothitelle|54\/100|[from] item: Life Orb\n|move|p2a: Primarina|Energy Ball|p1a: Bibarel\n|-supereffective|p1a: Bibarel\n|-damage|p1a: Bibarel|0 fnt\n|faint|p1a: Bibarel\n|move|p2b: Porygon2|Trick Room|p2b: Porygon2\n|-fieldstart|move: Trick Room|[of] p2b: Porygon2\n|\n|upkeep\n|\n|t:|1700660658\n|switch|p1a: Copperajah|Copperajah, F, shiny|100\/100\n|turn|3\n|\n|t:|1700660693\n|move|p1a: Copperajah|Heavy Slam|p2b: Porygon2\n|-damage|p2b: Porygon2|66\/100\n|move|p2a: Primarina|Hyper Voice|p1a: Copperajah|[spread] p1a,p1b\n|-damage|p1a: Copperajah|65\/100\n|-damage|p1b: Gothitelle|1\/100\n|move|p2b: Porygon2|Foul Play|p1a: Copperajah\n|-damage|p1a: Copperajah|28\/100\n|move|p1b: Gothitelle|Energy Ball|p2a: Primarina\n|-supereffective|p2a: Primarina\n|-damage|p2a: Primarina|0 fnt\n|faint|p2a: Primarina\n|-damage|p1b: Gothitelle|0 fnt|[from] item: Life Orb\n|faint|p1b: Gothitelle\n|\n|upkeep\n|\n|t:|1700660720\n|switch|p2a: Camerupt|Camerupt, M, shiny|100\/100\n|switch|p1b: Garganacl|Garganacl, F, shiny|100\/100\n|-damage|p2a: Camerupt|88\/100|[from] Stealth Rock\n|turn|4\n|\n|t:|1700660745\n|detailschange|p2a: Camerupt|Camerupt-Mega, M, shiny\n|-mega|p2a: Camerupt|Camerupt|Cameruptite\n|move|p2a: Camerupt|Protect|p2a: Camerupt\n|-singleturn|p2a: Camerupt|Protect\n|move|p1a: Copperajah|Play Rough|p2a: Camerupt\n|-activate|p2a: Camerupt|move: Protect\n|move|p2b: Porygon2|Recover|p2b: Porygon2\n|-heal|p2b: Porygon2|100\/100\n|move|p1b: Garganacl|Avalanche|p2b: Porygon2\n|-damage|p2b: Porygon2|86\/100\n|\n|upkeep\n|turn|5\n|\n|t:|1700660775\n|switch|p1b: Empoleon|Empoleon, F, shiny|100\/100\n|move|p2a: Camerupt|Eruption|p1b: Empoleon|[spread] p1a,p1b\n|-supereffective|p1a: Copperajah\n|-damage|p1a: Copperajah|0 fnt\n|-damage|p1b: Empoleon|48\/100\n|faint|p1a: Copperajah\n|move|p2b: Porygon2|Foul Play|p1b: Empoleon\n|-damage|p1b: Empoleon|33\/100\n|\n|upkeep\n|\n|t:|1700660785\n|switch|p1a: Garganacl|Garganacl, F, shiny|100\/100\n|turn|6\n|\n|t:|1700660800\n|-terastallize|p1a: Garganacl|Rock\n|move|p2a: Camerupt|Protect|p2a: Camerupt\n|-singleturn|p2a: Camerupt|Protect\n|move|p1a: Garganacl|Salt Cure|p2a: Camerupt\n|-activate|p2a: Camerupt|move: Protect\n|move|p2b: Porygon2|Discharge|p1b: Empoleon|[spread] p1a,p1b\n|-activate|p2a: Camerupt|move: Protect\n|-supereffective|p1b: Empoleon\n|-damage|p1a: Garganacl|87\/100\n|-damage|p1b: Empoleon|6\/100\n|-status|p1b: Empoleon|par\n|move|p1b: Empoleon|Scald|p2a: Camerupt\n|-activate|p2a: Camerupt|move: Protect\n|\n|-fieldend|move: Trick Room\n|upkeep\n|turn|7\n|\n|t:|1700660836\n|switch|p2a: Ninetales|Ninetales-Alola, M|100\/100\n|-damage|p2a: Ninetales|75\/100|[from] Stealth Rock\n|-weather|Snow|[from] ability: Snow Warning|[of] p2a: Ninetales\n|move|p1a: Garganacl|Salt Cure|p2a: Ninetales\n|-supereffective|p2a: Ninetales\n|-damage|p2a: Ninetales|0 fnt\n|faint|p2a: Ninetales\n|cant|p1b: Empoleon|par\n|move|p2b: Porygon2|Trick Room|p2b: Porygon2\n|-fieldstart|move: Trick Room|[of] p2b: Porygon2\n|\n|-weather|Snow|[upkeep]\n|upkeep\n|\n|t:|1700660852\n|switch|p2a: Camerupt|Camerupt-Mega, M, shiny|88\/100\n|-damage|p2a: Camerupt|75\/100|[from] Stealth Rock\n|turn|8\n|\n|t:|1700660872\n|move|p2a: Camerupt|Earth Power|p1a: Garganacl\n|-supereffective|p1a: Garganacl\n|-damage|p1a: Garganacl|0 fnt\n|faint|p1a: Garganacl\n|move|p1b: Empoleon|Scald|p2a: Camerupt\n|-supereffective|p2a: Camerupt\n|-damage|p2a: Camerupt|0 fnt\n|faint|p2a: Camerupt\n|move|p2b: Porygon2|Foul Play|p1b: Empoleon\n|-damage|p1b: Empoleon|0 fnt\n|faint|p1b: Empoleon\n|\n|-weather|Snow|[upkeep]\n|upkeep\n|\n|t:|1700660899\n|switch|p2a: Rampardos|Rampardos, M|100\/100\n|switch|p1b: Hitmontop|Hitmontop, M|100\/100\n|-damage|p2a: Rampardos|88\/100|[from] Stealth Rock\n|-ability|p1b: Hitmontop|Intimidate|boost\n|-unboost|p2a: Rampardos|atk|1\n|-unboost|p2b: Porygon2|atk|1\n|turn|9\n|\n|t:|1700660919\n|move|p2a: Rampardos|Protect|p2a: Rampardos\n|-singleturn|p2a: Rampardos|Protect\n|move|p2b: Porygon2|Foul Play|p1b: Hitmontop\n|-resisted|p1b: Hitmontop\n|-damage|p1b: Hitmontop|84\/100\n|move|p1b: Hitmontop|Earthquake|p2b: Porygon2|[spread] p2b\n|-activate|p2a: Rampardos|move: Protect\n|-damage|p2b: Porygon2|75\/100\n|\n|-weather|Snow|[upkeep]\n|upkeep\n|turn|10\n|\n|t:|1700660947\n|-terastallize|p2a: Rampardos|Flying\n|move|p2a: Rampardos|Superpower|p1b: Hitmontop\n|-damage|p1b: Hitmontop|28\/100\n|-unboost|p2a: Rampardos|atk|1\n|-unboost|p2a: Rampardos|def|1\n|-enditem|p1b: Hitmontop|Sitrus Berry|[eat]\n|-heal|p1b: Hitmontop|52\/100|[from] item: Sitrus Berry\n|-damage|p2a: Rampardos|78\/100|[from] item: Life Orb\n|move|p2b: Porygon2|Recover|p2b: Porygon2\n|-heal|p2b: Porygon2|100\/100\n|move|p1b: Hitmontop|Brick Break|p2a: Rampardos\n|-resisted|p2a: Rampardos\n|-damage|p2a: Rampardos|46\/100\n|\n|-weather|Snow|[upkeep]\n|upkeep\n|turn|11\n|\n|t:|1700660967\n|move|p2a: Rampardos|Protect|p2a: Rampardos\n|-singleturn|p2a: Rampardos|Protect\n|move|p2b: Porygon2|Discharge|p1b: Hitmontop|[spread] p1b\n|-activate|p2a: Rampardos|move: Protect\n|-damage|p1b: Hitmontop|37\/100\n|-status|p1b: Hitmontop|par\n|move|p1b: Hitmontop|Close Combat|p2a: Rampardos\n|-activate|p2a: Rampardos|move: Protect\n|\n|-weather|none\n|-fieldend|move: Trick Room\n|upkeep\n|turn|12\n|\n|t:|1700660984\n|switch|p2a: Cresselia|Cresselia, F, shiny|100\/100\n|-damage|p2a: Cresselia|88\/100|[from] Stealth Rock\n|move|p1b: Hitmontop|Earthquake|p2a: Cresselia|[spread] p2b\n|-immune|p2a: Cresselia|[from] ability: Levitate\n|-damage|p2b: Porygon2|90\/100\n|move|p2b: Porygon2|Trick Room|p2b: Porygon2\n|-fieldstart|move: Trick Room|[of] p2b: Porygon2\n|\n|-heal|p2a: Cresselia|94\/100|[from] item: Leftovers\n|upkeep\n|turn|13\n|inactive|Battle timer is ON: inactive players will automatically lose when time's up. (requested by hasegawa_shigure)\n|inactiveoff|Battle timer is now OFF.\n|\n|t:|1700661004\n|cant|p1b: Hitmontop|par\n|move|p2b: Porygon2|Foul Play|p1b: Hitmontop\n|-resisted|p1b: Hitmontop\n|-damage|p1b: Hitmontop|20\/100 par\n|move|p2a: Cresselia|Psychic|p1b: Hitmontop\n|-supereffective|p1b: Hitmontop\n|-damage|p1b: Hitmontop|0 fnt\n|faint|p1b: Hitmontop\n|\n|win|Baymax37\n|raw|hasegawa_shigure's rating: 1068 &rarr; <strong>1049<\/strong><br \/>(-19 for losing)\n|raw|Baymax37's rating: 1095 &rarr; <strong>1119<\/strong><br \/>(+24 for winning)\n","uploadtime":1700661025,"views":0,"p1id":"hasegawashigure","p2id":"baymax37","formatid":"gen9nationaldexdoubles","rating":1049,"private":0,"password":""}