{"id":"gen9nationaldexdoubles-1947445645","p1":"TMFLEVI","p2":"Cherwony","format":"[Gen 9] National Dex Doubles","log":"|j|\u2606TMFLEVI\n|j|\u2606Cherwony\n|t:|1695161412\n|gametype|doubles\n|player|p1|TMFLEVI|cynthia|\n|player|p2|Cherwony|265|\n|teamsize|p1|6\n|teamsize|p2|6\n|gen|9\n|tier|[Gen 9] National Dex Doubles\n|rule|HP Percentage Mod: HP is shown in percentages\n|rule|Endless Battle Clause: Forcing endless battles is banned\n|rule|OHKO Clause: OHKO moves are banned\n|rule|Evasion Moves Clause: Evasion moves are banned\n|rule|Evasion Abilities Clause: Evasion abilities are banned\n|rule|Species Clause: Limit one of each Pok\u00e9mon\n|rule|Gravity Sleep Clause: The combination of sleep-inducing moves with imperfect accuracy and Gravity or Gigantamax Orbeetle are banned\n|clearpoke\n|poke|p1|Ninetales-Alola, M|\n|poke|p1|Baxcalibur, F|\n|poke|p1|Froslass, F|\n|poke|p1|Mamoswine, F|\n|poke|p1|Arctozolt|\n|poke|p1|Rotom-Frost|\n|poke|p2|Tyranitar, M|\n|poke|p2|Rotom-Wash|\n|poke|p2|Iron Valiant|\n|poke|p2|Hawlucha, F|\n|poke|p2|Pincurchin, M|\n|poke|p2|Maushold-Four|\n|teampreview\n|c|\u2606TMFLEVI|glhf\n|c|\u2606Cherwony|Glhf\n|\n|t:|1695161429\n|start\n|switch|p1a: Ninetales|Ninetales-Alola, M|100\/100\n|switch|p1b: Froslass|Froslass, F|100\/100\n|switch|p2a: Maushold|Maushold-Four|100\/100\n|switch|p2b: Tyranitar|Tyranitar, M|100\/100\n|-weather|Snow|[from] ability: Snow Warning|[of] p1a: Ninetales\n|-weather|Sandstorm|[from] ability: Sand Stream|[of] p2b: Tyranitar\n|turn|1\n|\n|t:|1695161459\n|switch|p1a: Rotom|Rotom-Frost|100\/100\n|move|p2a: Maushold|Population Bomb|p1a: Rotom\n|-damage|p1a: Rotom|85\/100\n|-damage|p1a: Rotom|71\/100\n|-damage|p1a: Rotom|54\/100\n|-damage|p1a: Rotom|39\/100\n|-damage|p1a: Rotom|24\/100\n|-damage|p1a: Rotom|9\/100\n|-damage|p1a: Rotom|0 fnt\n|faint|p1a: Rotom\n|-hitcount|p1: Rotom|7\n|move|p1b: Froslass|Taunt|p2b: Tyranitar\n|-start|p2b: Tyranitar|move: Taunt\n|move|p2b: Tyranitar|Rock Slide|p1b: Froslass\n|-supereffective|p1b: Froslass\n|-enditem|p1b: Froslass|Focus Sash\n|-damage|p1b: Froslass|1\/100\n|-damage|p2b: Tyranitar|91\/100|[from] item: Life Orb\n|\n|-weather|Sandstorm|[upkeep]\n|-damage|p2a: Maushold|94\/100|[from] Sandstorm\n|-damage|p1b: Froslass|0 fnt|[from] Sandstorm\n|faint|p1b: Froslass\n|upkeep\n|c|\u2606Cherwony|Forgot snow cloak existed huh\n|\n|t:|1695161485\n|switch|p1b: Ninetales|Ninetales-Alola, M|100\/100\n|switch|p1a: Arctozolt|Arctozolt|100\/100\n|-weather|Snow|[from] ability: Snow Warning|[of] p1b: Ninetales\n|turn|2\n|\n|t:|1695161498\n|switch|p2a: Rotom|Rotom-Wash|100\/100\n|move|p1a: Arctozolt|Bolt Beak|p2a: Rotom\n|-damage|p2a: Rotom|21\/100\n|move|p1b: Ninetales|Aurora Veil|p1b: Ninetales\n|-sidestart|p1: TMFLEVI|move: Aurora Veil\n|move|p2b: Tyranitar|Brick Break|p1a: Arctozolt\n|-sideend|p1: TMFLEVI|move: Aurora Veil\n|-supereffective|p1a: Arctozolt\n|-damage|p1a: Arctozolt|42\/100\n|-damage|p2b: Tyranitar|81\/100|[from] item: Life Orb\n|\n|-weather|Snow|[upkeep]\n|-heal|p2a: Rotom|27\/100|[from] item: Leftovers\n|upkeep\n|turn|3\n|\n|t:|1695161529\n|move|p2a: Rotom|Protect|p2a: Rotom\n|-singleturn|p2a: Rotom|Protect\n|move|p1a: Arctozolt|Bolt Beak|p2a: Rotom\n|-activate|p2a: Rotom|move: Protect\n|move|p1b: Ninetales|Freeze-Dry|p2b: Tyranitar\n|-damage|p2b: Tyranitar|58\/100\n|move|p2b: Tyranitar|Brick Break|p1a: Arctozolt\n|-supereffective|p1a: Arctozolt\n|-damage|p1a: Arctozolt|0 fnt\n|faint|p1a: Arctozolt\n|-damage|p2b: Tyranitar|48\/100|[from] item: Life Orb\n|\n|-weather|Snow|[upkeep]\n|-heal|p2a: Rotom|34\/100|[from] item: Leftovers\n|-end|p2b: Tyranitar|move: Taunt\n|upkeep\n|\n|t:|1695161544\n|switch|p1a: Baxcalibur|Baxcalibur, F|100\/100\n|turn|4\n|\n|t:|1695161561\n|switch|p2b: Pincurchin|Pincurchin, M|100\/100\n|-fieldstart|move: Electric Terrain|[from] ability: Electric Surge|[of] p2b: Pincurchin\n|move|p1b: Ninetales|Freeze-Dry|p2a: Rotom\n|-supereffective|p2a: Rotom\n|-damage|p2a: Rotom|0 fnt\n|faint|p2a: Rotom\n|move|p1a: Baxcalibur|Icicle Spear|p2b: Pincurchin\n|-damage|p2b: Pincurchin|81\/100\n|-damage|p2b: Pincurchin|61\/100\n|-damage|p2b: Pincurchin|41\/100\n|-crit|p2b: Pincurchin\n|-damage|p2b: Pincurchin|13\/100\n|-hitcount|p2b: Pincurchin|4\n|\n|-weather|Snow|[upkeep]\n|upkeep\n|\n|t:|1695161581\n|switch|p2a: Iron Valiant|Iron Valiant|100\/100\n|-activate|p2a: Iron Valiant|ability: Quark Drive\n|-start|p2a: Iron Valiant|quarkdrivespe\n|turn|5\n|\n|t:|1695161603\n|-terastallize|p1a: Baxcalibur|Fire\n|move|p2a: Iron Valiant|Close Combat|p1a: Baxcalibur\n|-crit|p1a: Baxcalibur\n|-damage|p1a: Baxcalibur|4\/100\n|-unboost|p2a: Iron Valiant|def|1\n|-unboost|p2a: Iron Valiant|spd|1\n|move|p1b: Ninetales|Moonblast|p2a: Iron Valiant\n|-supereffective|p2a: Iron Valiant\n|-damage|p2a: Iron Valiant|0 fnt\n|faint|p2a: Iron Valiant\n|-end|p2a: Iron Valiant|Quark Drive|[silent]\n|move|p1a: Baxcalibur|Dragon Dance|p1a: Baxcalibur\n|-boost|p1a: Baxcalibur|atk|1\n|-boost|p1a: Baxcalibur|spe|1\n|move|p2b: Pincurchin|Scald|p1a: Baxcalibur\n|-supereffective|p1a: Baxcalibur\n|-damage|p1a: Baxcalibur|0 fnt\n|faint|p1a: Baxcalibur\n|\n|-weather|Snow|[upkeep]\n|upkeep\n|\n|t:|1695161620\n|switch|p2a: Hawlucha|Hawlucha, F|100\/100\n|switch|p1a: Mamoswine|Mamoswine, F|100\/100\n|-enditem|p2a: Hawlucha|Electric Seed\n|-boost|p2a: Hawlucha|def|1|[from] item: Electric Seed\n|turn|6\n|\n|t:|1695161639\n|-terastallize|p2a: Hawlucha|Fighting\n|move|p1a: Mamoswine|Ice Shard|p2b: Pincurchin\n|-damage|p2b: Pincurchin|0 fnt\n|faint|p2b: Pincurchin\n|move|p2a: Hawlucha|Close Combat|p1a: Mamoswine\n|-supereffective|p1a: Mamoswine\n|-damage|p1a: Mamoswine|0 fnt\n|-unboost|p2a: Hawlucha|def|1\n|-unboost|p2a: Hawlucha|spd|1\n|faint|p1a: Mamoswine\n|move|p1b: Ninetales|Freeze-Dry|p2a: Hawlucha\n|-damage|p2a: Hawlucha|37\/100\n|\n|-weather|none\n|upkeep\n|\n|t:|1695161651\n|switch|p2b: Maushold|Maushold-Four|94\/100\n|turn|7\n|\n|t:|1695161659\n|move|p2a: Hawlucha|Endeavor|p1b: Ninetales\n|-damage|p1b: Ninetales|38\/100\n|move|p2b: Maushold|Population Bomb|p1b: Ninetales\n|-damage|p1b: Ninetales|20\/100\n|-damage|p1b: Ninetales|3\/100\n|-damage|p1b: Ninetales|0 fnt\n|faint|p1b: Ninetales\n|-hitcount|p1: Ninetales|3\n|\n|win|Cherwony\n|c|\u2606Cherwony|Gg\n","uploadtime":1695161671,"views":5,"p1id":"tmflevi","p2id":"cherwony","formatid":"gen9nationaldexdoubles","rating":0,"private":0,"password":""}