{"id":"gen9nationaldexdoubles-1970781478","p1":"MageDream\/UHE","p2":"SteelCity13","format":"[Gen 9] National Dex Doubles","log":"|j|\u2606MageDream\/UHE\n|j|\u2606SteelCity13\n|t:|1697666574\n|gametype|doubles\n|player|p1|MageDream\/UHE|chuck|1123\n|player|p2|SteelCity13|gambler|1113\n|teamsize|p1|6\n|teamsize|p2|6\n|gen|9\n|tier|[Gen 9] National Dex Doubles\n|rated|\n|rule|HP Percentage Mod: HP is shown in percentages\n|rule|Endless Battle Clause: Forcing endless battles is banned\n|rule|OHKO Clause: OHKO moves are banned\n|rule|Evasion Moves Clause: Evasion moves are banned\n|rule|Evasion Abilities Clause: Evasion abilities are banned\n|rule|Species Clause: Limit one of each Pok\u00e9mon\n|rule|Gravity Sleep Clause: The combination of sleep-inducing moves with imperfect accuracy and Gravity or Gigantamax Orbeetle are banned\n|clearpoke\n|poke|p1|Ribombee, F|\n|poke|p1|Marowak-Alola, M|\n|poke|p1|Medicham, F|\n|poke|p1|Hydreigon, M|\n|poke|p1|Venomoth, F|\n|poke|p1|Murkrow, M|\n|poke|p2|Sandslash, F|\n|poke|p2|Tyranitar, F|\n|poke|p2|Hippowdon, F|\n|poke|p2|Garchomp, F|\n|poke|p2|Excadrill, F|\n|poke|p2|Dracozolt|\n|teampreview\n|\n|t:|1697666594\n|start\n|switch|p1a: Ribombee|Ribombee, F|100\/100\n|switch|p1b: Hydreigon|Hydreigon, M|100\/100\n|switch|p2a: Garchomp|Garchomp, F, shiny|100\/100\n|switch|p2b: Tyranitar|Tyranitar, F, shiny|100\/100\n|-weather|Sandstorm|[from] ability: Sand Stream|[of] p2b: Tyranitar\n|turn|1\n|inactive|Battle timer is ON: inactive players will automatically lose when time's up. (requested by SteelCity13)\n|c|\u2606SteelCity13|I\"M TAKING THE RISK BABY!!!\n|\n|t:|1697666642\n|switch|p1b: Medicham|Medicham, F|100\/100\n|-terastallize|p2a: Garchomp|Fire\n|-terastallize|p1a: Ribombee|Water\n|move|p2a: Garchomp|Fire Fang|p1a: Ribombee\n|-resisted|p1a: Ribombee\n|-damage|p1a: Ribombee|72\/100\n|move|p1a: Ribombee|Tailwind|p1a: Ribombee\n|-sidestart|p1: MageDream\/UHE|move: Tailwind\n|move|p2b: Tyranitar|Avalanche|p1b: Medicham\n|-damage|p1b: Medicham|68\/100\n|\n|-weather|Sandstorm|[upkeep]\n|-damage|p1a: Ribombee|66\/100|[from] Sandstorm\n|-damage|p1b: Medicham|62\/100|[from] Sandstorm\n|-damage|p2a: Garchomp|94\/100|[from] Sandstorm\n|upkeep\n|turn|2\n|inactive|MageDream\/UHE has 120 seconds left.\n|inactive|SteelCity13 has 120 seconds left.\n|\n|t:|1697666680\n|switch|p2b: Dracozolt|Dracozolt, shiny|100\/100\n|move|p1a: Ribombee|Moonblast|p2b: Dracozolt\n|-supereffective|p2b: Dracozolt\n|-damage|p2b: Dracozolt|1\/100\n|-enditem|p2b: Dracozolt|Salac Berry|[eat]\n|-boost|p2b: Dracozolt|spe|1|[from] item: Salac Berry\n|move|p1b: Medicham|Psyshock|p2a: Garchomp\n|-damage|p2a: Garchomp|71\/100\n|move|p2a: Garchomp|Outrage|p1b: Medicham\n|-damage|p1b: Medicham|0 fnt\n|faint|p1b: Medicham\n|\n|-weather|Sandstorm|[upkeep]\n|-damage|p1a: Ribombee|59\/100|[from] Sandstorm\n|-damage|p2a: Garchomp|65\/100|[from] Sandstorm\n|upkeep\n|inactive|MageDream\/UHE has 120 seconds left.\n|\n|t:|1697666698\n|switch|p1b: Marowak|Marowak-Alola, M|100\/100\n|turn|3\n|\n|t:|1697666713\n|move|p2b: Dracozolt|Bolt Beak|p1b: Marowak\n|-ability|p1b: Marowak|Lightning Rod|boost\n|-boost|p1b: Marowak|spa|1\n|move|p1a: Ribombee|Speed Swap|p1b: Marowak\n|-activate|p1a: Ribombee|move: Speed Swap|[of] p1b: Marowak\n|move|p1b: Marowak|Earthquake|p2b: Dracozolt|[spread] p1a,p2a,p2b\n|-supereffective|p2a: Garchomp\n|-supereffective|p2b: Dracozolt\n|-crit|p2b: Dracozolt\n|-damage|p1a: Ribombee|0 fnt\n|-damage|p2a: Garchomp|0 fnt\n|-damage|p2b: Dracozolt|0 fnt\n|faint|p1a: Ribombee\n|faint|p2a: Garchomp\n|faint|p2b: Dracozolt\n|\n|-weather|Sandstorm|[upkeep]\n|-damage|p1b: Marowak|94\/100|[from] Sandstorm\n|upkeep\n|c|\u2606SteelCity13|wp\n|c|\u2606SteelCity13|I didn't know that marowak had that\n|inactive|SteelCity13 has 120 seconds left.\n|c|\u2606SteelCity13|thats an oopsy\n|\n|t:|1697666760\n|switch|p2a: Sandslash|Sandslash, F, shiny|100\/100\n|switch|p1a: Venomoth|Venomoth, F|100\/100\n|switch|p2b: Hippowdon|Hippowdon, F, shiny|100\/100\n|turn|4\n|inactive|SteelCity13 has 120 seconds left.\n|c|\u2606MageDream\/UHE|I climbed to 1.2k for a bit but I'm on a decline\n|inactive|MageDream\/UHE has 120 seconds left.\n|c|\u2606SteelCity13|uh ok\n|inactive|MageDream\/UHE has 90 seconds left.\n|\n|t:|1697666835\n|move|p1b: Marowak|Flare Blitz|p2a: Sandslash\n|-enditem|p2a: Sandslash|Focus Sash\n|-damage|p2a: Sandslash|1\/100\n|-damage|p1b: Marowak|65\/100|[from] Recoil\n|move|p1a: Venomoth|Quiver Dance|p1a: Venomoth\n|-boost|p1a: Venomoth|spa|1\n|-boost|p1a: Venomoth|spd|1\n|-boost|p1a: Venomoth|spe|1\n|move|p2a: Sandslash|Swords Dance|p2a: Sandslash\n|-boost|p2a: Sandslash|atk|2\n|move|p2b: Hippowdon|Yawn|p1b: Marowak\n|-start|p1b: Marowak|move: Yawn|[of] p2b: Hippowdon\n|\n|-weather|Sandstorm|[upkeep]\n|-damage|p1a: Venomoth|94\/100|[from] Sandstorm\n|-damage|p1b: Marowak|58\/100|[from] Sandstorm\n|-sideend|p1: MageDream\/UHE|move: Tailwind\n|upkeep\n|turn|5\n|inactive|MageDream\/UHE has 90 seconds left.\n|inactive|SteelCity13 has 120 seconds left.\n|\n|t:|1697666873\n|switch|p1b: Hydreigon|Hydreigon, M|100\/100\n|move|p2a: Sandslash|Drill Run|p1b: Hydreigon\n|-immune|p1b: Hydreigon|[from] ability: Levitate\n|move|p1a: Venomoth|Bug Buzz|p2a: Sandslash\n|-damage|p2a: Sandslash|0 fnt\n|faint|p2a: Sandslash\n|move|p2b: Hippowdon|Yawn|p1a: Venomoth\n|-start|p1a: Venomoth|move: Yawn|[of] p2b: Hippowdon\n|\n|-weather|Sandstorm|[upkeep]\n|-damage|p1a: Venomoth|88\/100|[from] Sandstorm\n|-damage|p1b: Hydreigon|94\/100|[from] Sandstorm\n|upkeep\n|\n|t:|1697666889\n|switch|p2a: Tyranitar|Tyranitar, F, shiny|100\/100\n|turn|6\n|inactive|MageDream\/UHE has 90 seconds left.\n|\n|t:|1697666907\n|move|p1a: Venomoth|Bug Buzz|p2a: Tyranitar\n|-supereffective|p2a: Tyranitar\n|-damage|p2a: Tyranitar|41\/100\n|move|p1b: Hydreigon|Flash Cannon|p2a: Tyranitar\n|-supereffective|p2a: Tyranitar\n|-damage|p2a: Tyranitar|0 fnt\n|faint|p2a: Tyranitar\n|move|p2b: Hippowdon|Fire Fang|p1a: Venomoth\n|-supereffective|p1a: Venomoth\n|-damage|p1a: Venomoth|35\/100\n|\n|-weather|Sandstorm|[upkeep]\n|-damage|p1a: Venomoth|29\/100|[from] Sandstorm\n|-damage|p1b: Hydreigon|88\/100|[from] Sandstorm\n|-end|p1a: Venomoth|move: Yawn|[silent]\n|-status|p1a: Venomoth|slp\n|upkeep\n|inactive|SteelCity13 has 120 seconds left.\n|\n|t:|1697666918\n|switch|p2a: Excadrill|Excadrill, F, shiny|100\/100\n|turn|7\n|\n|t:|1697666935\n|switch|p1b: Murkrow|Murkrow, M, shiny|100\/100\n|cant|p1a: Venomoth|slp\n|move|p2a: Excadrill|Brick Break|p1b: Murkrow\n|-damage|p1b: Murkrow|69\/100\n|-damage|p2a: Excadrill|91\/100|[from] item: Life Orb\n|move|p2b: Hippowdon|Body Press|p1b: Murkrow\n|-damage|p1b: Murkrow|48\/100\n|\n|-weather|Sandstorm|[upkeep]\n|-damage|p1a: Venomoth|23\/100 slp|[from] Sandstorm\n|-damage|p1b: Murkrow|42\/100|[from] Sandstorm\n|upkeep\n|turn|8\n|inactive|MageDream\/UHE has 120 seconds left.\n|\n|t:|1697666954\n|move|p1b: Murkrow|Tailwind|p1b: Murkrow\n|-sidestart|p1: MageDream\/UHE|move: Tailwind\n|-curestatus|p1a: Venomoth|slp|[msg]\n|move|p1a: Venomoth|Bug Buzz|p2b: Hippowdon\n|-damage|p2b: Hippowdon|42\/100\n|move|p2a: Excadrill|Iron Head|p1b: Murkrow\n|-damage|p1b: Murkrow|0 fnt\n|faint|p1b: Murkrow\n|-damage|p2a: Excadrill|81\/100|[from] item: Life Orb\n|move|p2b: Hippowdon|Fire Fang|p1a: Venomoth\n|-supereffective|p1a: Venomoth\n|-damage|p1a: Venomoth|0 fnt\n|faint|p1a: Venomoth\n|\n|-weather|none\n|-heal|p2b: Hippowdon|48\/100|[from] item: Leftovers\n|upkeep\n|\n|t:|1697666970\n|switch|p1a: Marowak|Marowak-Alola, M|58\/100\n|switch|p1b: Hydreigon|Hydreigon, M|88\/100\n|turn|9\n|inactive|MageDream\/UHE has 120 seconds left.\n|\n|t:|1697666985\n|move|p1b: Hydreigon|Dark Pulse|p2a: Excadrill\n|-damage|p2a: Excadrill|0 fnt\n|faint|p2a: Excadrill\n|move|p1a: Marowak|Flare Blitz|p2b: Hippowdon\n|-damage|p2b: Hippowdon|0 fnt\n|faint|p2b: Hippowdon\n|-damage|p1a: Marowak|38\/100|[from] Recoil\n|\n|win|MageDream\/UHE\n|raw|MageDream&#x2f;UHE's rating: 1123 &rarr; <strong>1147<\/strong><br \/>(+24 for winning)\n|raw|SteelCity13's rating: 1113 &rarr; <strong>1089<\/strong><br \/>(-24 for losing)\n|c|\u2606MageDream\/UHE|gg\n|l|\u2606SteelCity13\n","uploadtime":1697667470,"views":8,"p1id":"magedreamuhe","p2id":"steelcity13","formatid":"gen9nationaldexdoubles","rating":1089,"private":0,"password":""}