{"id":"gen9nationaldexdoubles-1959064489","p1":"Theadonia","p2":"Not McBruh","format":"[Gen 9] National Dex Doubles","log":"|j|\u2606Theadonia\n|j|\u2606Not McBruh\n|t:|1696383007\n|gametype|doubles\n|player|p1|Theadonia|caitlin|1164\n|player|p2|Not McBruh|colress|1462\n|teamsize|p1|6\n|teamsize|p2|6\n|gen|9\n|tier|[Gen 9] National Dex Doubles\n|rated|\n|rule|HP Percentage Mod: HP is shown in percentages\n|rule|Endless Battle Clause: Forcing endless battles is banned\n|rule|OHKO Clause: OHKO moves are banned\n|rule|Evasion Moves Clause: Evasion moves are banned\n|rule|Evasion Abilities Clause: Evasion abilities are banned\n|rule|Species Clause: Limit one of each Pok\u00e9mon\n|rule|Gravity Sleep Clause: The combination of sleep-inducing moves with imperfect accuracy and Gravity or Gigantamax Orbeetle are banned\n|clearpoke\n|poke|p1|Delphox, M|\n|poke|p1|Oricorio-Sensu, F|\n|poke|p1|Kommo-o, M|\n|poke|p1|Riolu, F|\n|poke|p1|Cresselia, F|\n|poke|p1|Smeargle, F|\n|poke|p2|Mimikyu, M|\n|poke|p2|Kommo-o, M|\n|poke|p2|Indeedee-F, F|\n|poke|p2|Cresselia, F|\n|poke|p2|Rillaboom, M|\n|poke|p2|Flutter Mane|\n|teampreview\n|\n|t:|1696383022\n|start\n|switch|p1a: Delphox|Delphox, M, shiny|100\/100\n|switch|p1b: Oricorio|Oricorio-Sensu, F, shiny|100\/100\n|switch|p2a: Sean|Mimikyu, M|100\/100\n|switch|p2b: Richard|Kommo-o, M|100\/100\n|turn|1\n|\n|t:|1696383030\n|move|p1a: Delphox|Role Play|p1b: Oricorio\n|-endability|p1a: Delphox|Magician|[from] move: Role Play\n|-ability|p1a: Delphox|Dancer|[from] move: Role Play|[of] p1b: Oricorio\n|move|p2a: Sean|Thunder Wave|p1a: Delphox\n|-status|p1a: Delphox|par\n|-zpower|p2b: Richard\n|move|p2b: Richard|Clangorous Soulblaze|p1b: Oricorio|[zeffect]|[spread] p1a,p1b\n|-damage|p1a: Delphox|46\/100 par\n|-damage|p1b: Oricorio|35\/100\n|-boost|p2b: Richard|atk|1\n|-boost|p2b: Richard|def|1\n|-boost|p2b: Richard|spa|1\n|-boost|p2b: Richard|spd|1\n|-boost|p2b: Richard|spe|1\n|move|p1b: Oricorio|Quiver Dance|p1b: Oricorio\n|-boost|p1b: Oricorio|spa|1\n|-boost|p1b: Oricorio|spd|1\n|-boost|p1b: Oricorio|spe|1\n|-activate|p1a: Delphox|ability: Dancer\n|cant|p1a: Delphox|par\n|\n|upkeep\n|turn|2\n|\n|t:|1696383054\n|move|p2a: Sean|Shadow Sneak|p1b: Oricorio\n|-supereffective|p1b: Oricorio\n|-damage|p1b: Oricorio|14\/100\n|-enditem|p1b: Oricorio|Aguav Berry|[eat]\n|-heal|p1b: Oricorio|47\/100|[from] item: Aguav Berry\n|move|p2b: Richard|Clangorous Soul|p2b: Richard\n|-boost|p2b: Richard|atk|1\n|-boost|p2b: Richard|def|1\n|-boost|p2b: Richard|spa|1\n|-boost|p2b: Richard|spd|1\n|-boost|p2b: Richard|spe|1\n|-damage|p2b: Richard|68\/100\n|-activate|p1b: Oricorio|ability: Dancer\n|move|p1b: Oricorio|Clangorous Soul|p1b: Oricorio|[from]ability: Dancer\n|-boost|p1b: Oricorio|atk|1\n|-boost|p1b: Oricorio|def|1\n|-boost|p1b: Oricorio|spa|1\n|-boost|p1b: Oricorio|spd|1\n|-boost|p1b: Oricorio|spe|1\n|-damage|p1b: Oricorio|14\/100\n|-activate|p1a: Delphox|ability: Dancer\n|cant|p1a: Delphox|par\n|move|p1b: Oricorio|Roost|p1b: Oricorio\n|-heal|p1b: Oricorio|64\/100\n|-singleturn|p1b: Oricorio|move: Roost\n|cant|p1a: Delphox|par\n|\n|upkeep\n|turn|3\n|\n|t:|1696383094\n|-terastallize|p1b: Oricorio|Fairy\n|move|p2b: Richard|Clanging Scales|p1b: Oricorio|[spread] p1a\n|-immune|p1b: Oricorio\n|-damage|p1a: Delphox|0 fnt\n|faint|p1a: Delphox\n|-unboost|p2b: Richard|def|1\n|move|p1b: Oricorio|Revelation Dance|p2b: Richard\n|-supereffective|p2b: Richard\n|-damage|p2b: Richard|0 fnt\n|faint|p2b: Richard\n|move|p2a: Sean|Thunder Wave|p1b: Oricorio\n|-status|p1b: Oricorio|par\n|\n|upkeep\n|\n|t:|1696383108\n|switch|p1a: Cresselia|Cresselia, F|100\/100\n|switch|p2b: Jonathan|Rillaboom, M|100\/100\n|-fieldstart|move: Grassy Terrain|[from] ability: Grassy Surge|[of] p2b: Jonathan\n|turn|4\n|\n|t:|1696383116\n|move|p2b: Jonathan|Fake Out|p1a: Cresselia\n|-damage|p1a: Cresselia|89\/100\n|move|p2a: Sean|Play Rough|p1b: Oricorio\n|-damage|p1b: Oricorio|47\/100 par\n|move|p1b: Oricorio|Roost|p1b: Oricorio\n|-heal|p1b: Oricorio|97\/100 par\n|cant|p1a: Cresselia|flinch\n|\n|-heal|p1b: Oricorio|100\/100 par|[from] Grassy Terrain\n|-heal|p1a: Cresselia|96\/100|[from] item: Leftovers\n|upkeep\n|turn|5\n|l|\u2606Not McBruh\n|player|p2|\n|inactive|Battle timer is ON: inactive players will automatically lose when time's up. (requested by Theadonia)\n|inactive|Not McBruh has 30 seconds to reconnect!\n|inactive|Not McBruh has 20 seconds to reconnect!\n|inactive|Not McBruh has 15 seconds to reconnect!\n|inactive|Not McBruh has 10 seconds to reconnect!\n|inactive|Not McBruh has 5 seconds to reconnect!\n|-message|Not McBruh lost due to inactivity.\n|\n|win|Theadonia\n|raw|Theadonia's rating: 1164 &rarr; <strong>1206<\/strong><br \/>(+42 for winning)\n|raw|Not McBruh's rating: 1462 &rarr; <strong>1428<\/strong><br \/>(-34 for losing)\n","uploadtime":1696383224,"views":8,"p1id":"theadonia","p2id":"notmcbruh","formatid":"gen9nationaldexdoubles","rating":1206,"private":0,"password":""}