{"id":"gen9nationaldexdoubles-1947453680","p1":"piwizzy","p2":"minty blossom","format":"[Gen 9] National Dex Doubles","log":"|j|\u2606piwizzy\n|j|\u2606minty blossom\n|t:|1695162189\n|gametype|doubles\n|player|p1|piwizzy|cynthia-gen4|1000\n|player|p2|minty blossom|101|1000\n|teamsize|p1|6\n|teamsize|p2|6\n|gen|9\n|tier|[Gen 9] National Dex Doubles\n|rated|\n|rule|HP Percentage Mod: HP is shown in percentages\n|rule|Endless Battle Clause: Forcing endless battles is banned\n|rule|OHKO Clause: OHKO moves are banned\n|rule|Evasion Moves Clause: Evasion moves are banned\n|rule|Evasion Abilities Clause: Evasion abilities are banned\n|rule|Species Clause: Limit one of each Pok\u00e9mon\n|rule|Gravity Sleep Clause: The combination of sleep-inducing moves with imperfect accuracy and Gravity or Gigantamax Orbeetle are banned\n|clearpoke\n|poke|p1|Weezing-Galar, M|\n|poke|p1|Regigigas|\n|poke|p1|Tornadus, M|\n|poke|p1|Amoonguss, F|\n|poke|p1|Flutter Mane|\n|poke|p1|Glimmora, M|\n|poke|p2|Machamp, F|\n|poke|p2|Ogerpon-Cornerstone, F|\n|poke|p2|Ursaluna-Bloodmoon, M|\n|poke|p2|Dragapult, F|\n|poke|p2|Victreebel, M|\n|poke|p2|Electivire, F|\n|teampreview\n|\n|t:|1695162195\n|start\n|switch|p1a: Tornadus|Tornadus, M|100\/100\n|switch|p1b: Glimmora|Glimmora, M|100\/100\n|switch|p2a: Ogerpon|Ogerpon-Cornerstone, F|100\/100\n|switch|p2b: Victreebel|Victreebel, M, shiny|100\/100\n|turn|1\n|\n|t:|1695162208\n|move|p2a: Ogerpon|Follow Me|p2a: Ogerpon\n|-singleturn|p2a: Ogerpon|move: Follow Me\n|move|p1a: Tornadus|Tailwind|p1a: Tornadus\n|-sidestart|p1: piwizzy|move: Tailwind\n|move|p1b: Glimmora|Stealth Rock|p2a: Ogerpon\n|-sidestart|p2: minty blossom|move: Stealth Rock\n|move|p2b: Victreebel|Sunny Day|p2b: Victreebel\n|-weather|SunnyDay\n|\n|-weather|SunnyDay|[upkeep]\n|upkeep\n|turn|2\n|\n|t:|1695162236\n|move|p1a: Tornadus|Bleakwind Storm|p2a: Ogerpon|[spread] p2a,p2b\n|-crit|p2a: Ogerpon\n|-supereffective|p2b: Victreebel\n|-damage|p2a: Ogerpon|49\/100\n|-damage|p2b: Victreebel|7\/100\n|-unboost|p2b: Victreebel|spe|1\n|move|p1b: Glimmora|Sludge Bomb|p2a: Ogerpon\n|-damage|p2a: Ogerpon|6\/100\n|move|p2a: Ogerpon|Ivy Cudgel|p1a: Tornadus\n|-supereffective|p1a: Tornadus\n|-crit|p1a: Tornadus\n|-enditem|p1a: Tornadus|Focus Sash\n|-damage|p1a: Tornadus|1\/100\n|move|p2b: Victreebel|Giga Drain|p1b: Glimmora\n|-damage|p1b: Glimmora|58\/100\n|-heal|p2b: Victreebel|28\/100|[from] drain|[of] p1b: Glimmora\n|\n|-weather|SunnyDay|[upkeep]\n|-heal|p2b: Victreebel|34\/100|[from] item: Leftovers\n|upkeep\n|turn|3\n|\n|t:|1695162266\n|move|p1b: Glimmora|Spiky Shield|p1b: Glimmora\n|-singleturn|p1b: Glimmora|move: Protect\n|move|p2a: Ogerpon|Follow Me|p2a: Ogerpon\n|-singleturn|p2a: Ogerpon|move: Follow Me\n|move|p1a: Tornadus|Bleakwind Storm|p2b: Victreebel|[spread] p2a,p2b\n|-supereffective|p2b: Victreebel\n|-damage|p2a: Ogerpon|0 fnt\n|-damage|p2b: Victreebel|0 fnt\n|faint|p2a: Ogerpon\n|faint|p2b: Victreebel\n|\n|-weather|SunnyDay|[upkeep]\n|upkeep\n|\n|t:|1695162278\n|switch|p2a: Machamp|Machamp, F, shiny|100\/100\n|switch|p2b: Ursaluna|Ursaluna-Bloodmoon, M|100\/100\n|-damage|p2a: Machamp|94\/100|[from] Stealth Rock\n|-damage|p2b: Ursaluna|95\/100|[from] Stealth Rock\n|turn|4\n|\n|t:|1695162298\n|move|p1a: Tornadus|Protect|p1a: Tornadus\n|-singleturn|p1a: Tornadus|Protect\n|move|p1b: Glimmora|Sludge Bomb|p2a: Machamp\n|-damage|p2a: Machamp|43\/100\n|move|p2a: Machamp|High Horsepower|p1b: Glimmora\n|-supereffective|p1b: Glimmora\n|-damage|p1b: Glimmora|0 fnt\n|-activate|p1b: Glimmora|ability: Toxic Debris\n|-sidestart|p2: minty blossom|move: Toxic Spikes\n|faint|p1b: Glimmora\n|move|p2b: Ursaluna|Moonblast|p1a: Tornadus\n|-activate|p1a: Tornadus|move: Protect\n|\n|-weather|SunnyDay|[upkeep]\n|-sideend|p1: piwizzy|move: Tailwind\n|-status|p2a: Machamp|brn|[from] item: Flame Orb\n|upkeep\n|\n|t:|1695162314\n|switch|p1b: Flutter Mane|Flutter Mane|100\/100\n|-activate|p1b: Flutter Mane|ability: Protosynthesis\n|-start|p1b: Flutter Mane|protosynthesisspe\n|turn|5\n|\n|t:|1695162329\n|move|p1a: Tornadus|Tailwind|p1a: Tornadus\n|-sidestart|p1: piwizzy|move: Tailwind\n|move|p1b: Flutter Mane|Dazzling Gleam|p2a: Machamp|[spread] p2a,p2b\n|-supereffective|p2a: Machamp\n|-damage|p2a: Machamp|0 fnt\n|-damage|p2b: Ursaluna|70\/100\n|faint|p2a: Machamp\n|move|p2b: Ursaluna|Blood Moon|p1b: Flutter Mane\n|-damage|p1b: Flutter Mane|44\/100\n|\n|-weather|none\n|-end|p1b: Flutter Mane|Protosynthesis\n|upkeep\n|-enditem|p1b: Flutter Mane|Booster Energy\n|-activate|p1b: Flutter Mane|ability: Protosynthesis|[fromitem]\n|-start|p1b: Flutter Mane|protosynthesisspe\n|\n|t:|1695162341\n|switch|p2a: Electivire|Electivire, F|100\/100\n|-damage|p2a: Electivire|88\/100|[from] Stealth Rock\n|-item|p2a: Electivire|Air Balloon\n|turn|6\n|-activate|p2b: Ursaluna|item: Quick Claw\n|\n|t:|1695162366\n|move|p1a: Tornadus|Taunt|p2a: Electivire\n|-start|p2a: Electivire|move: Taunt\n|move|p2b: Ursaluna|Hyper Voice|p1b: Flutter Mane|[spread] p1a,p1b\n|-damage|p1a: Tornadus|0 fnt\n|-damage|p1b: Flutter Mane|19\/100\n|faint|p1a: Tornadus\n|move|p1b: Flutter Mane|Shadow Ball|p2b: Ursaluna\n|-immune|p2b: Ursaluna\n|move|p2a: Electivire|Thunder Punch|p1b: Flutter Mane\n|-damage|p1b: Flutter Mane|0 fnt\n|faint|p1b: Flutter Mane\n|-end|p1b: Flutter Mane|Protosynthesis|[silent]\n|\n|upkeep\n|\n|t:|1695162378\n|switch|p1b: Regigigas|Regigigas|100\/100\n|switch|p1a: Weezing|Weezing-Galar, M|100\/100\n|-ability|p1a: Weezing|Neutralizing Gas\n|turn|7\n|-activate|p2b: Ursaluna|item: Quick Claw\n|\n|t:|1695162400\n|move|p2b: Ursaluna|Hyper Voice|p1b: Regigigas|[spread] p1a,p1b\n|-damage|p1a: Weezing|60\/100\n|-damage|p1b: Regigigas|76\/100\n|move|p1b: Regigigas|Drain Punch|p2b: Ursaluna\n|-supereffective|p2b: Ursaluna\n|-damage|p2b: Ursaluna|26\/100\n|-heal|p1b: Regigigas|95\/100|[from] drain|[of] p2b: Ursaluna\n|move|p1a: Weezing|Sludge Bomb|p2a: Electivire\n|-damage|p2a: Electivire|58\/100\n|-enditem|p2a: Electivire|Air Balloon\n|move|p2a: Electivire|Power-Up Punch|p1b: Regigigas\n|-supereffective|p1b: Regigigas\n|-damage|p1b: Regigigas|79\/100\n|-boost|p2a: Electivire|atk|1\n|\n|-heal|p1b: Regigigas|85\/100|[from] item: Leftovers\n|-heal|p1a: Weezing|66\/100|[from] item: Black Sludge\n|upkeep\n|turn|8\n|\n|t:|1695162428\n|-terastallize|p2b: Ursaluna|Fairy\n|move|p1b: Regigigas|Return|p2a: Electivire\n|-damage|p2a: Electivire|0 fnt\n|faint|p2a: Electivire\n|move|p1a: Weezing|Sludge Bomb|p2b: Ursaluna\n|-supereffective|p2b: Ursaluna\n|-damage|p2b: Ursaluna|0 fnt\n|faint|p2b: Ursaluna\n|\n|-heal|p1b: Regigigas|91\/100|[from] item: Leftovers\n|-heal|p1a: Weezing|72\/100|[from] item: Black Sludge\n|-sideend|p1: piwizzy|move: Tailwind\n|upkeep\n|\n|t:|1695162441\n|switch|p2a: Dragapult|Dragapult, F, shiny|100\/100\n|-damage|p2a: Dragapult|88\/100|[from] Stealth Rock\n|-status|p2a: Dragapult|psn\n|turn|9\n|\n|t:|1695162453\n|move|p2a: Dragapult|Hex|p1a: Weezing\n|-damage|p1a: Weezing|35\/100\n|move|p1b: Regigigas|Knock Off|p2a: Dragapult\n|-supereffective|p2a: Dragapult\n|-damage|p2a: Dragapult|0 fnt\n|-enditem|p2a: Dragapult|Flame Orb|[from] move: Knock Off|[of] p1b: Regigigas\n|faint|p2a: Dragapult\n|\n|win|piwizzy\n|raw|piwizzy's rating: 1000 &rarr; <strong>1040<\/strong><br \/>(+40 for winning)\n|raw|minty blossom's rating: 1000 &rarr; <strong>1000<\/strong><br \/>(+0 for losing)\n|l|\u2606minty blossom\n","uploadtime":1695162464,"views":6,"p1id":"piwizzy","p2id":"mintyblossom","formatid":"gen9nationaldexdoubles","rating":1000,"private":0,"password":""}