{"id":"gen9nationaldexdoubles-1979464303","p1":"Mongoose556","p2":"fleeblefloop","format":"[Gen 9] National Dex Doubles","log":"|j|\u2606Mongoose556\n|j|\u2606fleeblefloop\n|t:|1698684740\n|gametype|doubles\n|player|p1|Mongoose556|may|1262\n|player|p2|fleeblefloop|102|1145\n|teamsize|p1|6\n|teamsize|p2|6\n|gen|9\n|tier|[Gen 9] National Dex Doubles\n|rated|\n|rule|HP Percentage Mod: HP is shown in percentages\n|rule|Endless Battle Clause: Forcing endless battles is banned\n|rule|OHKO Clause: OHKO moves are banned\n|rule|Evasion Moves Clause: Evasion moves are banned\n|rule|Evasion Abilities Clause: Evasion abilities are banned\n|rule|Species Clause: Limit one of each Pok\u00e9mon\n|rule|Gravity Sleep Clause: The combination of sleep-inducing moves with imperfect accuracy and Gravity or Gigantamax Orbeetle are banned\n|clearpoke\n|poke|p1|Alcremie-Mint-Cream, F|\n|poke|p1|Iron Valiant|\n|poke|p1|Tapu Fini|\n|poke|p1|Grimmsnarl, M|\n|poke|p1|Comfey, F|\n|poke|p1|Ribombee, F|\n|poke|p2|Oranguru, M|\n|poke|p2|Hatterene, F|\n|poke|p2|Articuno-Galar|\n|poke|p2|Indeedee-F, F|\n|poke|p2|Raichu-Alola, M|\n|poke|p2|Armarouge, M|\n|teampreview\n|inactive|Battle timer is ON: inactive players will automatically lose when time's up. (requested by Mongoose556)\n|\n|t:|1698684767\n|start\n|switch|p1a: Ribombee|Ribombee, F|100\/100\n|switch|p1b: Grimmsnarl|Grimmsnarl, M, shiny|100\/100\n|switch|p2a: Oranguru|Oranguru, M|100\/100\n|switch|p2b: Hatterene|Hatterene, F|100\/100\n|turn|1\n|\n|t:|1698684781\n|move|p1a: Ribombee|Bug Buzz|p2b: Hatterene\n|-damage|p2b: Hatterene|70\/100\n|move|p1b: Grimmsnarl|False Surrender|p2a: Oranguru\n|-supereffective|p2a: Oranguru\n|-damage|p2a: Oranguru|15\/100\n|move|p2a: Oranguru|Psychic Terrain|p2a: Oranguru\n|-fieldstart|move: Psychic Terrain\n|move|p2b: Hatterene|Dazzling Gleam|p1b: Grimmsnarl|[spread] p1a,p1b\n|-crit|p1a: Ribombee\n|-supereffective|p1b: Grimmsnarl\n|-damage|p1a: Ribombee|23\/100\n|-damage|p1b: Grimmsnarl|3\/100\n|\n|-heal|p2a: Oranguru|21\/100|[from] item: Leftovers\n|upkeep\n|turn|2\n|inactive|fleeblefloop has 120 seconds left.\n|inactive|fleeblefloop has 90 seconds left.\n|\n|t:|1698684843\n|move|p1a: Ribombee|Bug Buzz|p2a: Oranguru\n|-supereffective|p2a: Oranguru\n|-damage|p2a: Oranguru|0 fnt\n|faint|p2a: Oranguru\n|move|p1b: Grimmsnarl|False Surrender|p2b: Hatterene\n|-damage|p2b: Hatterene|17\/100\n|-enditem|p2b: Hatterene|Sitrus Berry|[eat]\n|-heal|p2b: Hatterene|42\/100|[from] item: Sitrus Berry\n|move|p2b: Hatterene|Dazzling Gleam|p1b: Grimmsnarl|[spread] p1a,p1b\n|-supereffective|p1b: Grimmsnarl\n|-damage|p1a: Ribombee|0 fnt\n|-damage|p1b: Grimmsnarl|0 fnt\n|faint|p1a: Ribombee\n|faint|p1b: Grimmsnarl\n|\n|upkeep\n|\n|t:|1698684864\n|switch|p1a: Iron Valiant|Iron Valiant|100\/100\n|switch|p1b: Tapu Fini|Tapu Fini, shiny|100\/100\n|switch|p2a: Articuno|Articuno-Galar|100\/100\n|-fieldstart|move: Misty Terrain|[from] ability: Misty Surge|[of] p1b: Tapu Fini\n|-enditem|p1a: Iron Valiant|Booster Energy\n|-activate|p1a: Iron Valiant|ability: Quark Drive|[fromitem]\n|-start|p1a: Iron Valiant|quarkdrivespe\n|turn|3\n|inactive|fleeblefloop has 120 seconds left.\n|\n|t:|1698684894\n|-terastallize|p1a: Iron Valiant|Fairy\n|move|p1a: Iron Valiant|Spirit Break|p2a: Articuno\n|-damage|p2a: Articuno|39\/100\n|-unboost|p2a: Articuno|spa|1\n|-ability|p2a: Articuno|Competitive|boost\n|-boost|p2a: Articuno|spa|2\n|move|p2a: Articuno|Freezing Glare|p1a: Iron Valiant\n|-damage|p1a: Iron Valiant|0 fnt\n|faint|p1a: Iron Valiant\n|-end|p1a: Iron Valiant|Quark Drive|[silent]\n|move|p1b: Tapu Fini|Muddy Water|p2b: Hatterene|[spread] p2a,p2b\n|-damage|p2a: Articuno|8\/100\n|-damage|p2b: Hatterene|14\/100\n|-unboost|p2b: Hatterene|accuracy|1\n|move|p2b: Hatterene|Expanding Force|p1b: Tapu Fini|[miss]\n|-miss|p2b: Hatterene|p1b: Tapu Fini\n|\n|upkeep\n|inactive|Mongoose556 has 120 seconds left.\n|\n|t:|1698684915\n|switch|p1a: Comfey|Comfey, F, shiny|100\/100\n|turn|4\n|inactive|Mongoose556 has 120 seconds left.\n|inactive|fleeblefloop has 120 seconds left.\n|\n|t:|1698684943\n|move|p1a: Comfey|Draining Kiss|p2a: Articuno\n|-damage|p2a: Articuno|0 fnt\n|faint|p2a: Articuno\n|move|p1b: Tapu Fini|Moonblast|p2b: Hatterene\n|-damage|p2b: Hatterene|0 fnt\n|faint|p2b: Hatterene\n|\n|upkeep\n|\n|t:|1698684954\n|switch|p2a: Armarouge|Armarouge, M|100\/100\n|switch|p2b: Raichu|Raichu-Alola, M|100\/100\n|turn|5\n|\n|t:|1698684973\n|move|p1a: Comfey|Draining Kiss|p2b: Raichu\n|-damage|p2b: Raichu|69\/100\n|move|p2b: Raichu|Electric Terrain|p2b: Raichu\n|-fieldstart|move: Electric Terrain\n|move|p1b: Tapu Fini|Muddy Water|p2b: Raichu|[spread] p2a,p2b\n|-supereffective|p2a: Armarouge\n|-damage|p2a: Armarouge|40\/100\n|-damage|p2b: Raichu|30\/100\n|-unboost|p2a: Armarouge|accuracy|1\n|move|p2a: Armarouge|Calm Mind|p2a: Armarouge\n|-boost|p2a: Armarouge|spa|1\n|-boost|p2a: Armarouge|spd|1\n|\n|upkeep\n|turn|6\n|\n|t:|1698685003\n|move|p1a: Comfey|Draining Kiss|p2b: Raichu\n|-damage|p2b: Raichu|0 fnt\n|faint|p2b: Raichu\n|move|p1b: Tapu Fini|Muddy Water|p2a: Armarouge\n|-supereffective|p2a: Armarouge\n|-damage|p2a: Armarouge|0 fnt\n|faint|p2a: Armarouge\n|\n|upkeep\n|-message|fleeblefloop forfeited.\n|\n|win|Mongoose556\n|raw|Mongoose556's rating: 1262 &rarr; <strong>1279<\/strong><br \/>(+17 for winning)\n|raw|fleeblefloop's rating: 1145 &rarr; <strong>1128<\/strong><br \/>(-17 for losing)\n|l|\u2606fleeblefloop\n","uploadtime":1698685015,"views":4,"p1id":"mongoose556","p2id":"fleeblefloop","formatid":"gen9nationaldexdoubles","rating":1128,"private":0,"password":""}