{"id":"gen9nationaldexdoubles-1959764631","p1":"Daepiquejt","p2":"SquidSpring","format":"[Gen 9] National Dex Doubles","log":"|j|\u2606Daepiquejt\n|j|\u2606SquidSpring\n|t:|1696453354\n|gametype|doubles\n|player|p1|Daepiquejt|102|\n|player|p2|SquidSpring|iono|\n|teamsize|p1|6\n|teamsize|p2|6\n|gen|9\n|tier|[Gen 9] National Dex Doubles\n|rated|Tournament battle\n|rule|HP Percentage Mod: HP is shown in percentages\n|rule|Endless Battle Clause: Forcing endless battles is banned\n|rule|OHKO Clause: OHKO moves are banned\n|rule|Evasion Moves Clause: Evasion moves are banned\n|rule|Evasion Abilities Clause: Evasion abilities are banned\n|rule|Species Clause: Limit one of each Pok\u00e9mon\n|rule|Gravity Sleep Clause: The combination of sleep-inducing moves with imperfect accuracy and Gravity or Gigantamax Orbeetle are banned\n|clearpoke\n|poke|p1|Scizor, M|\n|poke|p1|Rillaboom, F|\n|poke|p1|Volcanion|\n|poke|p1|Chien-Pao|\n|poke|p1|Tornadus, M|\n|poke|p1|Zygarde|\n|poke|p2|Naganadel|\n|poke|p2|Marshadow|\n|poke|p2|Whimsicott, F|\n|poke|p2|Metagross|\n|poke|p2|Kingambit, F|\n|poke|p2|Volcanion|\n|teampreview\n|inactive|Battle timer is ON: inactive players will automatically lose when time's up. (requested by Daepiquejt)\n|inactive|SquidSpring also wants the timer to be on.\n|c|\u2606SquidSpring|glhf\n|c|\u2606Daepiquejt|glhf\n|c|\u2606Daepiquejt|you will get lawnmowed\n|c|\u2606SquidSpring|we'll see\n|inactive|Daepiquejt has 120 seconds left.\n|\n|t:|1696453403\n|start\n|switch|p1a: The Lawn|Rillaboom, F|100\/100\n|switch|p1b: very ice weak|Zygarde|100\/100\n|switch|p2a: PAPER PLATES|Volcanion|100\/100\n|switch|p2b: GINGERBREAD|Whimsicott, F, shiny|100\/100\n|-ability|p1b: very ice weak|Aura Break\n|-fieldstart|move: Grassy Terrain|[from] ability: Grassy Surge|[of] p1a: The Lawn\n|turn|1\n|\n|t:|1696453418\n|move|p1a: The Lawn|Fake Out|p2b: GINGERBREAD\n|-damage|p2b: GINGERBREAD|80\/100\n|move|p2b: GINGERBREAD|Tailwind|p2b: GINGERBREAD\n|-sidestart|p2: SquidSpring|move: Tailwind\n|move|p2a: PAPER PLATES|Steam Eruption|p1b: very ice weak\n|-damage|p1b: very ice weak|47\/100\n|-status|p1b: very ice weak|brn\n|move|p1b: very ice weak|Dragon Dance|p1b: very ice weak\n|-boost|p1b: very ice weak|atk|1\n|-boost|p1b: very ice weak|spe|1\n|\n|-heal|p2b: GINGERBREAD|86\/100|[from] Grassy Terrain\n|-heal|p1b: very ice weak|53\/100 brn|[from] Grassy Terrain\n|-damage|p1b: very ice weak|47\/100 brn|[from] brn\n|upkeep\n|turn|2\n|\n|t:|1696453437\n|move|p1a: The Lawn|Grassy Glide|p2a: PAPER PLATES\n|-damage|p2a: PAPER PLATES|71\/100\n|move|p2b: GINGERBREAD|Moonblast|p1b: very ice weak\n|-supereffective|p1b: very ice weak\n|-damage|p1b: very ice weak|0 fnt\n|faint|p1b: very ice weak\n|move|p2a: PAPER PLATES|Overheat|p1a: The Lawn\n|-supereffective|p1a: The Lawn\n|-damage|p1a: The Lawn|0 fnt\n|-unboost|p2a: PAPER PLATES|spa|2\n|faint|p1a: The Lawn\n|\n|-heal|p2b: GINGERBREAD|92\/100|[from] Grassy Terrain\n|-heal|p2a: PAPER PLATES|77\/100|[from] Grassy Terrain\n|upkeep\n|\n|t:|1696453454\n|switch|p1b: not ice weak|Volcanion|100\/100\n|switch|p1a: Pien-Chao|Chien-Pao|100\/100\n|-ability|p1a: Pien-Chao|Sword of Ruin\n|turn|3\n|\n|t:|1696453462\n|move|p1a: Pien-Chao|Sucker Punch|p2a: PAPER PLATES\n|-damage|p2a: PAPER PLATES|40\/100\n|move|p2b: GINGERBREAD|Moonblast|p1a: Pien-Chao\n|-supereffective|p1a: Pien-Chao\n|-enditem|p1a: Pien-Chao|Focus Sash\n|-damage|p1a: Pien-Chao|1\/100\n|move|p2a: PAPER PLATES|Overheat|p1a: Pien-Chao\n|-supereffective|p1a: Pien-Chao\n|-damage|p1a: Pien-Chao|0 fnt\n|-unboost|p2a: PAPER PLATES|spa|2\n|faint|p1a: Pien-Chao\n|move|p1b: not ice weak|Heat Wave|p2b: GINGERBREAD|[spread] p2a,p2b\n|-resisted|p2a: PAPER PLATES\n|-supereffective|p2b: GINGERBREAD\n|-damage|p2a: PAPER PLATES|34\/100\n|-damage|p2b: GINGERBREAD|0 fnt\n|faint|p2b: GINGERBREAD\n|\n|-heal|p2a: PAPER PLATES|40\/100|[from] Grassy Terrain\n|upkeep\n|c|\u2606Daepiquejt|gg\n|\n|t:|1696453478\n|switch|p1a: less ice weak|Tornadus, M|100\/100\n|switch|p2b: STARSCREAM|Naganadel, shiny|100\/100\n|turn|4\n|c|\u2606SquidSpring|not over yet\n|\n|t:|1696453501\n|switch|p2a: MONEY MONEY MONEY|Metagross, shiny|100\/100\n|-terastallize|p1a: less ice weak|Flying\n|move|p2b: STARSCREAM|Draco Meteor|p1a: less ice weak\n|-damage|p1a: less ice weak|0 fnt\n|-unboost|p2b: STARSCREAM|spa|2\n|faint|p1a: less ice weak\n|-ability|p2b: STARSCREAM|Beast Boost|boost\n|-boost|p2b: STARSCREAM|spa|1\n|-damage|p2b: STARSCREAM|91\/100|[from] item: Life Orb\n|move|p1b: not ice weak|Heat Wave|p2a: MONEY MONEY MONEY|[spread] p2a,p2b\n|-supereffective|p2a: MONEY MONEY MONEY\n|-resisted|p2b: STARSCREAM\n|-crit|p2b: STARSCREAM\n|-damage|p2a: MONEY MONEY MONEY|1\/100\n|-damage|p2b: STARSCREAM|44\/100\n|\n|-heal|p2b: STARSCREAM|50\/100|[from] Grassy Terrain\n|-heal|p2a: MONEY MONEY MONEY|7\/100|[from] Grassy Terrain\n|-sideend|p2: SquidSpring|move: Tailwind\n|upkeep\n|inactive|Daepiquejt has 120 seconds left.\n|\n|t:|1696453521\n|switch|p1a: The Lawnmower|Scizor, M|100\/100\n|turn|5\n|\n|t:|1696453528\n|detailschange|p2a: MONEY MONEY MONEY|Metagross-Mega, shiny\n|-mega|p2a: MONEY MONEY MONEY|Metagross|Metagrossite\n|detailschange|p1a: The Lawnmower|Scizor-Mega, M\n|-mega|p1a: The Lawnmower|Scizor|Scizorite\n|move|p1a: The Lawnmower|Bullet Punch|p2b: STARSCREAM\n|-damage|p2b: STARSCREAM|0 fnt\n|faint|p2b: STARSCREAM\n|move|p2a: MONEY MONEY MONEY|Stomping Tantrum|p1b: not ice weak\n|-supereffective|p1b: not ice weak\n|-damage|p1b: not ice weak|37\/100\n|move|p1b: not ice weak|Substitute|p1b: not ice weak\n|-start|p1b: not ice weak|Substitute\n|-damage|p1b: not ice weak|12\/100\n|\n|-heal|p2a: MONEY MONEY MONEY|13\/100|[from] Grassy Terrain\n|-heal|p1b: not ice weak|18\/100|[from] Grassy Terrain\n|-heal|p1b: not ice weak|24\/100|[from] item: Leftovers\n|-fieldend|move: Grassy Terrain\n|upkeep\n|\n|t:|1696453536\n|switch|p2b: PAPER PLATES|Volcanion|40\/100\n|turn|6\n|c|\u2606Daepiquejt|you're right\n|\n|t:|1696453555\n|move|p2a: MONEY MONEY MONEY|Stomping Tantrum|p1b: not ice weak\n|-supereffective|p1b: not ice weak\n|-end|p1b: not ice weak|Substitute\n|move|p1a: The Lawnmower|Close Combat|p2b: PAPER PLATES\n|-damage|p2b: PAPER PLATES|2\/100\n|-unboost|p1a: The Lawnmower|def|1\n|-unboost|p1a: The Lawnmower|spd|1\n|move|p1b: not ice weak|Heat Wave|p2b: PAPER PLATES|[spread] p2a,p2b\n|-supereffective|p2a: MONEY MONEY MONEY\n|-resisted|p2b: PAPER PLATES\n|-damage|p2a: MONEY MONEY MONEY|0 fnt\n|-damage|p2b: PAPER PLATES|0 fnt\n|faint|p2a: MONEY MONEY MONEY\n|faint|p2b: PAPER PLATES\n|\n|-heal|p1b: not ice weak|30\/100|[from] item: Leftovers\n|upkeep\n|\n|t:|1696453562\n|switch|p2a: THE SMOKE|Marshadow|100\/100\n|switch|p2b: PAPA SMURF|Kingambit, F, shiny|100\/100\n|turn|7\n|\n|t:|1696453591\n|-terastallize|p2a: THE SMOKE|Ghost\n|move|p1a: The Lawnmower|Protect|p1a: The Lawnmower\n|-singleturn|p1a: The Lawnmower|Protect\n|move|p1b: not ice weak|Protect|p1b: not ice weak\n|-singleturn|p1b: not ice weak|Protect\n|move|p2a: THE SMOKE|Shadow Sneak|p1b: not ice weak\n|-activate|p1b: not ice weak|move: Protect\n|move|p2b: PAPA SMURF|Knock Off|p1a: The Lawnmower\n|-activate|p1a: The Lawnmower|move: Protect\n|\n|-heal|p1b: not ice weak|36\/100|[from] item: Leftovers\n|upkeep\n|turn|8\n|\n|t:|1696453605\n|move|p2a: THE SMOKE|Shadow Sneak|p1b: not ice weak\n|-damage|p1b: not ice weak|0 fnt\n|faint|p1b: not ice weak\n|-damage|p2a: THE SMOKE|91\/100|[from] item: Life Orb\n|move|p1a: The Lawnmower|Close Combat|p2b: PAPA SMURF\n|-supereffective|p2b: PAPA SMURF\n|-damage|p2b: PAPA SMURF|0 fnt\n|-unboost|p1a: The Lawnmower|def|1\n|-unboost|p1a: The Lawnmower|spd|1\n|faint|p2b: PAPA SMURF\n|\n|upkeep\n|turn|9\n|\n|t:|1696453613\n|move|p2a: THE SMOKE|Shadow Sneak|p1a: The Lawnmower\n|-damage|p1a: The Lawnmower|20\/100\n|-damage|p2a: THE SMOKE|81\/100|[from] item: Life Orb\n|move|p1a: The Lawnmower|Bullet Punch|p2a: THE SMOKE\n|-damage|p2a: THE SMOKE|34\/100\n|\n|upkeep\n|turn|10\n|c|\u2606SquidSpring|gg\n|\n|t:|1696453621\n|move|p2a: THE SMOKE|Shadow Sneak|p1a: The Lawnmower\n|-damage|p1a: The Lawnmower|0 fnt\n|faint|p1a: The Lawnmower\n|-damage|p2a: THE SMOKE|24\/100|[from] item: Life Orb\n|\n|win|SquidSpring\n|n|\u2606Daepiquejt|daepiquejt\n|n|\u2606SquidSpring|squidspring\n","uploadtime":1696453625,"views":14,"p1id":"daepiquejt","p2id":"squidspring","formatid":"gen9nationaldexdoubles","rating":0,"private":0,"password":""}