{"id":"gen9nationaldexdoubles-1978538919","p1":"Tdoshd","p2":"LightOfTheRuin","format":"[Gen 9] National Dex Doubles","log":"|j|\u2606Tdoshd\n|j|\u2606LightOfTheRuin\n|t:|1698552594\n|gametype|doubles\n|player|p1|Tdoshd|rosa|1290\n|player|p2|LightOfTheRuin|shauna-masters|1380\n|teamsize|p1|6\n|teamsize|p2|6\n|gen|9\n|tier|[Gen 9] National Dex Doubles\n|rated|\n|rule|HP Percentage Mod: HP is shown in percentages\n|rule|Endless Battle Clause: Forcing endless battles is banned\n|rule|OHKO Clause: OHKO moves are banned\n|rule|Evasion Moves Clause: Evasion moves are banned\n|rule|Evasion Abilities Clause: Evasion abilities are banned\n|rule|Species Clause: Limit one of each Pok\u00e9mon\n|rule|Gravity Sleep Clause: The combination of sleep-inducing moves with imperfect accuracy and Gravity or Gigantamax Orbeetle are banned\n|clearpoke\n|poke|p1|Camerupt, F|\n|poke|p1|Braviary-Hisui, M|\n|poke|p1|Ursaluna, F|\n|poke|p1|Cresselia, F|\n|poke|p1|Indeedee-F, F|\n|poke|p1|Okidogi, M|\n|poke|p2|Cherrim, M|\n|poke|p2|Lurantis, M|\n|poke|p2|Charizard, M|\n|poke|p2|Malamar, F|\n|poke|p2|Walking Wake|\n|poke|p2|Golurk|\n|teampreview\n|inactive|Battle timer is ON: inactive players will automatically lose when time's up. (requested by Tdoshd)\n|\n|t:|1698552614\n|start\n|switch|p1a: Camerupt|Camerupt, F|100\/100\n|switch|p1b: Cresselia|Cresselia, F|100\/100\n|switch|p2a: Walking Wake|Walking Wake|100\/100\n|switch|p2b: Malamar|Malamar, F|100\/100\n|turn|1\n|\n|t:|1698552622\n|move|p1a: Camerupt|Protect|p1a: Camerupt\n|-singleturn|p1a: Camerupt|Protect\n|move|p2a: Walking Wake|Flip Turn|p1a: Camerupt\n|-activate|p1a: Camerupt|move: Protect\n|move|p1b: Cresselia|Trick Room|p1b: Cresselia\n|-fieldstart|move: Trick Room|[of] p1b: Cresselia\n|move|p2b: Malamar|Trick Room|p2b: Malamar\n|-fieldend|move: Trick Room\n|\n|upkeep\n|turn|2\n|\n|t:|1698552640\n|switch|p1a: Okidogi|Okidogi, M|100\/100\n|move|p2a: Walking Wake|Flip Turn|p1a: Okidogi\n|-damage|p1a: Okidogi|89\/100\n|\n|t:|1698552647\n|-end|p2a: Walking Wake|Protosynthesis|[silent]\n|switch|p2a: Golurk|Golurk|100\/100|[from] Flip Turn\n|move|p1b: Cresselia|Lunar Blessing|p1b: Cresselia|[spread] p1a,p1b\n|-heal|p1a: Okidogi|100\/100\n|move|p2b: Malamar|Knock Off|p1b: Cresselia\n|-supereffective|p1b: Cresselia\n|-damage|p1b: Cresselia|64\/100\n|-enditem|p1b: Cresselia|Mental Herb|[from] move: Knock Off|[of] p2b: Malamar\n|\n|upkeep\n|turn|3\n|\n|t:|1698552674\n|move|p1a: Okidogi|Poison Jab|p2b: Malamar\n|-damage|p2b: Malamar|61\/100\n|move|p1b: Cresselia|Moonblast|p2b: Malamar\n|-supereffective|p2b: Malamar\n|-damage|p2b: Malamar|31\/100\n|move|p2b: Malamar|Knock Off|p1a: Okidogi\n|-resisted|p1a: Okidogi\n|-damage|p1a: Okidogi|88\/100\n|-enditem|p1a: Okidogi|Assault Vest|[from] move: Knock Off|[of] p2b: Malamar\n|move|p2a: Golurk|Shadow Punch|p1b: Cresselia\n|-supereffective|p1b: Cresselia\n|-crit|p1b: Cresselia\n|-damage|p1b: Cresselia|0 fnt\n|faint|p1b: Cresselia\n|\n|upkeep\n|inactive|Tdoshd has 120 seconds left.\n|\n|t:|1698552690\n|switch|p1b: Indeedee|Indeedee-F, F|100\/100\n|-fieldstart|move: Psychic Terrain|[from] ability: Psychic Surge|[of] p1b: Indeedee\n|turn|4\n|\n|t:|1698552702\n|move|p2b: Malamar|Protect|p2b: Malamar\n|-singleturn|p2b: Malamar|Protect\n|move|p1a: Okidogi|Poison Jab|p2b: Malamar\n|-activate|p2b: Malamar|move: Protect\n|move|p2a: Golurk|Earthquake|p1a: Okidogi|[spread] p1a,p1b\n|-activate|p2b: Malamar|move: Protect\n|-supereffective|p1a: Okidogi\n|-damage|p1a: Okidogi|22\/100\n|-damage|p1b: Indeedee|64\/100\n|move|p1b: Indeedee|Trick Room|p1b: Indeedee\n|-fieldstart|move: Trick Room|[of] p1b: Indeedee\n|\n|upkeep\n|turn|5\n|\n|t:|1698552724\n|switch|p2b: Charizard|Charizard, M|100\/100\n|move|p2a: Golurk|Earthquake|p1a: Okidogi|[spread] p1a,p1b\n|-immune|p2b: Charizard\n|-supereffective|p1a: Okidogi\n|-damage|p1a: Okidogi|0 fnt\n|-damage|p1b: Indeedee|27\/100\n|faint|p1a: Okidogi\n|move|p1b: Indeedee|Expanding Force|p2b: Charizard|[spread] p2a,p2b\n|-damage|p2a: Golurk|61\/100\n|-damage|p2b: Charizard|55\/100\n|\n|upkeep\n|\n|t:|1698552737\n|switch|p1a: Camerupt|Camerupt, F|100\/100\n|turn|6\n|\n|t:|1698552750\n|detailschange|p1a: Camerupt|Camerupt-Mega, F\n|-mega|p1a: Camerupt|Camerupt|Cameruptite\n|move|p2b: Charizard|Protect|p2b: Charizard\n|-singleturn|p2b: Charizard|Protect\n|move|p1a: Camerupt|Eruption|p2a: Golurk|[spread] p2a\n|-activate|p2b: Charizard|move: Protect\n|-damage|p2a: Golurk|0 fnt\n|faint|p2a: Golurk\n|move|p1b: Indeedee|Expanding Force|p2b: Charizard\n|-activate|p2b: Charizard|move: Protect\n|\n|upkeep\n|\n|t:|1698552762\n|switch|p2a: Walking Wake|Walking Wake|100\/100\n|turn|7\n|\n|t:|1698552769\n|detailschange|p2b: Charizard|Charizard-Mega-Y, M\n|-mega|p2b: Charizard|Charizard|Charizardite Y\n|-weather|SunnyDay|[from] ability: Drought|[of] p2b: Charizard\n|-activate|p2a: Walking Wake|ability: Protosynthesis\n|-start|p2a: Walking Wake|protosynthesisspa\n|move|p1a: Camerupt|Earth Power|p2a: Walking Wake\n|-damage|p2a: Walking Wake|10\/100\n|move|p1b: Indeedee|Expanding Force|p2b: Charizard|[spread] p2a,p2b\n|-damage|p2a: Walking Wake|0 fnt\n|-damage|p2b: Charizard|22\/100\n|faint|p2a: Walking Wake\n|-end|p2a: Walking Wake|Protosynthesis|[silent]\n|move|p2b: Charizard|Heat Wave|p1a: Camerupt|[spread] p1a,p1b\n|-resisted|p1a: Camerupt\n|-damage|p1a: Camerupt|70\/100\n|-damage|p1b: Indeedee|0 fnt\n|faint|p1b: Indeedee\n|\n|-weather|SunnyDay|[upkeep]\n|upkeep\n|\n|t:|1698552788\n|switch|p1b: Ursaluna|Ursaluna, F|100\/100\n|switch|p2a: Cherrim|Cherrim, M|100\/100\n|-formechange|p2a: Cherrim|Cherrim-Sunshine|[msg]|[from] ability: Flower Gift\n|turn|8\n|\n|t:|1698552802\n|move|p1a: Camerupt|Heat Wave|p2a: Cherrim|[spread] p2a,p2b\n|-supereffective|p2a: Cherrim\n|-resisted|p2b: Charizard\n|-damage|p2a: Cherrim|0 fnt\n|-damage|p2b: Charizard|0 fnt\n|faint|p2a: Cherrim\n|faint|p2b: Charizard\n|move|p1b: Ursaluna|Facade|p2: Cherrim|[notarget]\n|-fail|p1b: Ursaluna\n|\n|-weather|SunnyDay|[upkeep]\n|-fieldend|move: Trick Room\n|-fieldend|move: Psychic Terrain\n|-status|p1b: Ursaluna|brn|[from] item: Flame Orb\n|upkeep\n|\n|t:|1698552806\n|switch|p2a: Lurantis|Lurantis, M|100\/100\n|switch|p2b: Malamar|Malamar, F|31\/100\n|turn|9\n|\n|t:|1698552820\n|-terastallize|p2a: Lurantis|Fighting\n|move|p2b: Malamar|Protect|p2b: Malamar\n|-singleturn|p2b: Malamar|Protect\n|move|p1b: Ursaluna|Protect|p1b: Ursaluna\n|-singleturn|p1b: Ursaluna|Protect\n|move|p2a: Lurantis|Superpower|p1a: Camerupt\n|-damage|p1a: Camerupt|21\/100\n|-boost|p2a: Lurantis|atk|1\n|-boost|p2a: Lurantis|def|1\n|move|p1a: Camerupt|Heat Wave|p2a: Lurantis|[spread] p2a\n|-activate|p2b: Malamar|move: Protect\n|-damage|p2a: Lurantis|41\/100\n|\n|-weather|SunnyDay|[upkeep]\n|-damage|p1b: Ursaluna|94\/100 brn|[from] brn\n|upkeep\n|turn|10\n|\n|t:|1698552849\n|move|p2b: Malamar|Knock Off|p1b: Ursaluna\n|-damage|p1b: Ursaluna|73\/100 brn\n|-enditem|p1b: Ursaluna|Flame Orb|[from] move: Knock Off|[of] p2b: Malamar\n|move|p1b: Ursaluna|Facade|p2b: Malamar\n|-damage|p2b: Malamar|0 fnt\n|faint|p2b: Malamar\n|move|p2a: Lurantis|Superpower|p1a: Camerupt\n|-damage|p1a: Camerupt|0 fnt\n|-boost|p2a: Lurantis|atk|1\n|-boost|p2a: Lurantis|def|1\n|faint|p1a: Camerupt\n|\n|-weather|SunnyDay|[upkeep]\n|-damage|p1b: Ursaluna|67\/100 brn|[from] brn\n|upkeep\n|\n|t:|1698552859\n|switch|p1a: Braviary|Braviary-Hisui, M|100\/100\n|turn|11\n|\n|t:|1698552871\n|-terastallize|p1a: Braviary|Fire\n|move|p1a: Braviary|Psychic|p2a: Lurantis\n|-supereffective|p2a: Lurantis\n|-damage|p2a: Lurantis|0 fnt\n|faint|p2a: Lurantis\n|\n|win|Tdoshd\n|raw|Tdoshd's rating: 1290 &rarr; <strong>1321<\/strong><br \/>(+31 for winning)\n|raw|LightOfTheRuin's rating: 1380 &rarr; <strong>1355<\/strong><br \/>(-25 for losing)\n","uploadtime":1698552876,"views":7,"p1id":"tdoshd","p2id":"lightoftheruin","formatid":"gen9nationaldexdoubles","rating":1321,"private":0,"password":""}