{"id":"gen9nationaldexdoubles-1969161491","p1":"Junky Dummy","p2":"thundervoltss","format":"[Gen 9] National Dex Doubles","log":"|j|\u2606Junky Dummy\n|j|\u2606thundervoltss\n|t:|1697495733\n|gametype|doubles\n|player|p1|Junky Dummy|101|1370\n|player|p2|thundervoltss|elesa-masters|1376\n|teamsize|p1|6\n|teamsize|p2|6\n|gen|9\n|tier|[Gen 9] National Dex Doubles\n|rated|\n|rule|HP Percentage Mod: HP is shown in percentages\n|rule|Endless Battle Clause: Forcing endless battles is banned\n|rule|OHKO Clause: OHKO moves are banned\n|rule|Evasion Moves Clause: Evasion moves are banned\n|rule|Evasion Abilities Clause: Evasion abilities are banned\n|rule|Species Clause: Limit one of each Pok\u00e9mon\n|rule|Gravity Sleep Clause: The combination of sleep-inducing moves with imperfect accuracy and Gravity or Gigantamax Orbeetle are banned\n|clearpoke\n|poke|p1|Charizard, F|\n|poke|p1|Chi-Yu|\n|poke|p1|Flutter Mane|\n|poke|p1|Whimsicott, M|\n|poke|p1|Kingambit, F|\n|poke|p1|Landorus-Therian, M|\n|poke|p2|Grimmsnarl, M|\n|poke|p2|Spectrier|\n|poke|p2|Urshifu-*, M|\n|poke|p2|Rillaboom, F|\n|poke|p2|Incineroar, M|\n|poke|p2|Primarina, F|\n|teampreview\n|inactive|Battle timer is ON: inactive players will automatically lose when time's up. (requested by Junky Dummy)\n|\n|t:|1697495744\n|start\n|switch|p1a: Charizard|Charizard, F, shiny|100\/100\n|switch|p1b: Chi-Yu|Chi-Yu|100\/100\n|switch|p2a: Pop fizz|Grimmsnarl, M|100\/100\n|switch|p2b: Trap shadow|Spectrier|100\/100\n|-ability|p1b: Chi-Yu|Beads of Ruin\n|turn|1\n|\n|t:|1697495753\n|detailschange|p1a: Charizard|Charizard-Mega-Y, F, shiny\n|-mega|p1a: Charizard|Charizard|Charizardite Y\n|-weather|SunnyDay|[from] ability: Drought|[of] p1a: Charizard\n|-terastallize|p2b: Trap shadow|Fairy\n|move|p2a: Pop fizz|Light Screen|p2a: Pop fizz\n|-sidestart|p2: thundervoltss|move: Light Screen\n|move|p2b: Trap shadow|Snarl|p1a: Charizard|[spread] p1a,p1b\n|-resisted|p1b: Chi-Yu\n|-damage|p1a: Charizard|87\/100\n|-damage|p1b: Chi-Yu|93\/100\n|-unboost|p1a: Charizard|spa|1\n|-unboost|p1b: Chi-Yu|spa|1\n|move|p1b: Chi-Yu|Heat Wave|p2a: Pop fizz|[spread] p2a,p2b\n|-crit|p2b: Trap shadow\n|-damage|p2a: Pop fizz|70\/100\n|-damage|p2b: Trap shadow|0 fnt\n|-status|p2a: Pop fizz|brn\n|faint|p2b: Trap shadow\n|move|p1a: Charizard|Heat Wave|p2a: Pop fizz\n|-crit|p2a: Pop fizz\n|-damage|p2a: Pop fizz|0 fnt\n|faint|p2a: Pop fizz\n|\n|-weather|SunnyDay|[upkeep]\n|upkeep\n|c|\u2606thundervoltss|BRO\n|c|\u2606thundervoltss|KWIJNXK\n|c|\u2606thundervoltss|E\n|c|\u2606thundervoltss|I HATE POMEON\n|c|\u2606thundervoltss|AHIHDBEJKBEILSJAH\n|inactive|thundervoltss has 120 seconds left.\n|\n|t:|1697495798\n|switch|p2b: Punk Shock|Primarina, F|100\/100\n|switch|p2a: Wildfire|Incineroar, M|100\/100\n|-ability|p2a: Wildfire|Intimidate|boost\n|-unboost|p1a: Charizard|atk|1\n|-unboost|p1b: Chi-Yu|atk|1\n|turn|2\n|\n|t:|1697495809\n|move|p2a: Wildfire|Fake Out|p1a: Charizard\n|-damage|p1a: Charizard|75\/100\n|move|p1b: Chi-Yu|Heat Wave|p2b: Punk Shock|[spread] p2a,p2b\n|-resisted|p2a: Wildfire\n|-resisted|p2b: Punk Shock\n|-damage|p2a: Wildfire|87\/100\n|-damage|p2b: Punk Shock|88\/100\n|-status|p2b: Punk Shock|brn\n|cant|p1a: Charizard|flinch\n|move|p2b: Punk Shock|Calm Mind|p2b: Punk Shock\n|-boost|p2b: Punk Shock|spa|1\n|-boost|p2b: Punk Shock|spd|1\n|\n|-weather|SunnyDay|[upkeep]\n|-damage|p2b: Punk Shock|82\/100 brn|[from] brn\n|upkeep\n|turn|3\n|\n|t:|1697495832\n|move|p1b: Chi-Yu|Heat Wave|p2b: Punk Shock|[spread] p2a,p2b\n|-resisted|p2a: Wildfire\n|-resisted|p2b: Punk Shock\n|-crit|p2b: Punk Shock\n|-damage|p2a: Wildfire|72\/100\n|-damage|p2b: Punk Shock|35\/100 brn\n|move|p1a: Charizard|Solar Beam||[still]\n|-prepare|p1a: Charizard|Solar Beam\n|-anim|p1a: Charizard|Solar Beam|p2b: Punk Shock\n|-supereffective|p2b: Punk Shock\n|-damage|p2b: Punk Shock|8\/100 brn\n|move|p2b: Punk Shock|Hyper Voice|p1b: Chi-Yu|[spread] p1a,p1b\n|-supereffective|p1a: Charizard\n|-supereffective|p1b: Chi-Yu\n|-damage|p1a: Charizard|16\/100\n|-damage|p1b: Chi-Yu|25\/100\n|-enditem|p2b: Punk Shock|Throat Spray\n|-boost|p2b: Punk Shock|spa|1|[from] item: Throat Spray\n|move|p2a: Wildfire|Parting Shot|p1a: Charizard\n|-unboost|p1a: Charizard|atk|1\n|-unboost|p1a: Charizard|spa|1\n|\n|t:|1697495844\n|switch|p2a: Turbo charge DK|Rillaboom, F|100\/100|[from] Parting Shot\n|-fieldstart|move: Grassy Terrain|[from] ability: Grassy Surge|[of] p2a: Turbo charge DK\n|\n|-weather|SunnyDay|[upkeep]\n|-heal|p1b: Chi-Yu|31\/100|[from] Grassy Terrain\n|-heal|p2b: Punk Shock|14\/100 brn|[from] Grassy Terrain\n|-damage|p2b: Punk Shock|8\/100 brn|[from] brn\n|upkeep\n|turn|4\n|\n|t:|1697495857\n|move|p1a: Charizard|Protect|p1a: Charizard\n|-singleturn|p1a: Charizard|Protect\n|move|p2a: Turbo charge DK|Fake Out|p1a: Charizard\n|-activate|p1a: Charizard|move: Protect\n|move|p1b: Chi-Yu|Heat Wave|p2b: Punk Shock|[spread] p2a,p2b\n|-supereffective|p2a: Turbo charge DK\n|-resisted|p2b: Punk Shock\n|-damage|p2a: Turbo charge DK|59\/100\n|-damage|p2b: Punk Shock|0 fnt\n|faint|p2b: Punk Shock\n|\n|-weather|SunnyDay|[upkeep]\n|-heal|p1b: Chi-Yu|37\/100|[from] Grassy Terrain\n|-heal|p2a: Turbo charge DK|65\/100|[from] Grassy Terrain\n|upkeep\n|\n|t:|1697495860\n|switch|p2b: Grave clobber|Urshifu-Rapid-Strike, M|100\/100\n|turn|5\n|\n|t:|1697495873\n|switch|p2a: Wildfire|Incineroar, M|72\/100\n|-ability|p2a: Wildfire|Intimidate|boost\n|-unboost|p1a: Charizard|atk|1\n|-unboost|p1b: Chi-Yu|atk|1\n|move|p1b: Chi-Yu|Protect|p1b: Chi-Yu\n|-singleturn|p1b: Chi-Yu|Protect\n|move|p1a: Charizard|Solar Beam||[still]\n|-prepare|p1a: Charizard|Solar Beam\n|-anim|p1a: Charizard|Solar Beam|p2b: Grave clobber\n|-supereffective|p2b: Grave clobber\n|-damage|p2b: Grave clobber|53\/100\n|move|p2b: Grave clobber|Surging Strikes|p1b: Chi-Yu\n|-supereffective|p1b: Chi-Yu\n|-crit|p1b: Chi-Yu\n|-damage|p1b: Chi-Yu|2\/100\n|-supereffective|p1b: Chi-Yu\n|-crit|p1b: Chi-Yu\n|-damage|p1b: Chi-Yu|0 fnt\n|faint|p1b: Chi-Yu\n|-hitcount|p1: Chi-Yu|2\n|\n|-weather|none\n|-heal|p2b: Grave clobber|59\/100|[from] Grassy Terrain\n|-heal|p2a: Wildfire|78\/100|[from] Grassy Terrain\n|upkeep\n|l|\u2606Junky Dummy\n|inactive|Junky Dummy disconnected and has a minute to reconnect!\n|player|p1|\n|inactive|Junky Dummy has 30 seconds to reconnect!\n|inactive|Junky Dummy has 20 seconds to reconnect!\n|inactive|Junky Dummy has 15 seconds to reconnect!\n|inactive|Junky Dummy has 10 seconds to reconnect!\n|inactive|Junky Dummy has 5 seconds to reconnect!\n|-message|Junky Dummy lost due to inactivity.\n|\n|win|thundervoltss\n|raw|Junky Dummy's rating: 1370 &rarr; <strong>1350<\/strong><br \/>(-20 for losing)\n|raw|thundervoltss's rating: 1376 &rarr; <strong>1396<\/strong><br \/>(+20 for winning)\n|l|\u2606thundervoltss\n|j|\u2606thundervoltss\n|player|p2|thundervoltss|elesa-masters\n|l|\u2606thundervoltss\n|player|p2|\n|j|\u2606thundervoltss\n|player|p2|thundervoltss|elesa-masters\n|l|\u2606thundervoltss\n|player|p2|\n|j|\u2606thundervoltss\n|player|p2|thundervoltss|elesa-masters\n","uploadtime":1697496173,"views":12,"p1id":"junkydummy","p2id":"thundervoltss","formatid":"gen9nationaldexdoubles","rating":1350,"private":0,"password":""}