{"id":"gen9nationaldexdoubles-1968075148","p1":"Altilt","p2":"FlagHorse","format":"[Gen 9] National Dex Doubles","log":"|j|\u2606Altilt\n|j|\u2606FlagHorse\n|t:|1697381695\n|gametype|doubles\n|player|p1|Altilt|scientist-gen4dp|\n|player|p2|FlagHorse|boarder|\n|teamsize|p1|6\n|teamsize|p2|6\n|gen|9\n|tier|[Gen 9] National Dex Doubles\n|rule|HP Percentage Mod: HP is shown in percentages\n|rule|Endless Battle Clause: Forcing endless battles is banned\n|rule|OHKO Clause: OHKO moves are banned\n|rule|Evasion Moves Clause: Evasion moves are banned\n|rule|Evasion Abilities Clause: Evasion abilities are banned\n|rule|Species Clause: Limit one of each Pok\u00e9mon\n|rule|Gravity Sleep Clause: The combination of sleep-inducing moves with imperfect accuracy and Gravity or Gigantamax Orbeetle are banned\n|clearpoke\n|poke|p1|Blaziken, M|\n|poke|p1|Zapdos-Galar|\n|poke|p1|Bewear, M|\n|poke|p1|Toxicroak, M|\n|poke|p1|Mienshao, F|\n|poke|p1|Great Tusk|\n|poke|p2|Falinks|\n|poke|p2|Primeape, M|\n|poke|p2|Mienshao, F|\n|poke|p2|Great Tusk|\n|poke|p2|Heracross, F|\n|poke|p2|Zapdos-Galar|\n|teampreview\n|\n|t:|1697381709\n|start\n|switch|p1a: Blaziken|Blaziken, M|100\/100\n|switch|p1b: Zapdos|Zapdos-Galar|100\/100\n|switch|p2a: Falinks|Falinks|100\/100\n|switch|p2b: Primeape|Primeape, M|100\/100\n|turn|1\n|\n|t:|1697381720\n|detailschange|p1a: Blaziken|Blaziken-Mega, M\n|-mega|p1a: Blaziken|Blaziken|Blazikenite\n|move|p2a: Falinks|Protect|p2a: Falinks\n|-singleturn|p2a: Falinks|Protect\n|move|p1b: Zapdos|Brave Bird|p2b: Primeape\n|-supereffective|p2b: Primeape\n|-damage|p2b: Primeape|25\/100\n|-damage|p1b: Zapdos|75\/100|[from] Recoil\n|move|p1a: Blaziken|Close Combat|p2a: Falinks\n|-activate|p2a: Falinks|move: Protect\n|move|p2b: Primeape|Bulk Up|p2b: Primeape\n|-boost|p2b: Primeape|atk|1\n|-boost|p2b: Primeape|def|1\n|\n|-ability|p1a: Blaziken|Speed Boost|boost\n|-boost|p1a: Blaziken|spe|1\n|upkeep\n|turn|2\n|\n|t:|1697381733\n|move|p2b: Primeape|Protect|p2b: Primeape\n|-singleturn|p2b: Primeape|Protect\n|move|p1a: Blaziken|Brave Bird|p2b: Primeape\n|-activate|p2b: Primeape|move: Protect\n|move|p1b: Zapdos|Brave Bird|p2a: Falinks\n|-supereffective|p2a: Falinks\n|-damage|p2a: Falinks|6\/100\n|-damage|p1b: Zapdos|42\/100|[from] Recoil\n|move|p2a: Falinks|Zen Headbutt|p1b: Zapdos\n|-supereffective|p1b: Zapdos\n|-damage|p1b: Zapdos|3\/100\n|\n|-heal|p2a: Falinks|12\/100|[from] item: Leftovers\n|-ability|p1a: Blaziken|Speed Boost|boost\n|-boost|p1a: Blaziken|spe|1\n|upkeep\n|turn|3\n|c|\u2606Altilt|max def on both?\n|c|\u2606FlagHorse|Def\n|c|\u2606FlagHorse|No hp def\n|\n|t:|1697381765\n|move|p2b: Primeape|Protect||[still]\n|-fail|p2b: Primeape\n|move|p1a: Blaziken|Brave Bird|p2b: Primeape\n|-supereffective|p2b: Primeape\n|-damage|p2b: Primeape|0 fnt\n|faint|p2b: Primeape\n|-damage|p1a: Blaziken|92\/100|[from] Recoil\n|move|p1b: Zapdos|Brave Bird|p2a: Falinks\n|-supereffective|p2a: Falinks\n|-damage|p2a: Falinks|0 fnt\n|faint|p2a: Falinks\n|-damage|p1b: Zapdos|0 fnt|[from] Recoil\n|faint|p1b: Zapdos\n|\n|-ability|p1a: Blaziken|Speed Boost|boost\n|-boost|p1a: Blaziken|spe|1\n|upkeep\n|\n|t:|1697381781\n|switch|p1b: Mienshao|Mienshao, F|100\/100\n|switch|p2b: Heracross|Heracross, F|100\/100\n|switch|p2a: Mienshao|Mienshao, F|100\/100\n|turn|4\n|\n|t:|1697381791\n|move|p2b: Heracross|Protect|p2b: Heracross\n|-singleturn|p2b: Heracross|Protect\n|move|p1a: Blaziken|Brave Bird|p2b: Heracross\n|-activate|p2b: Heracross|move: Protect\n|move|p1b: Mienshao|Close Combat|p2a: Mienshao\n|-crit|p2a: Mienshao\n|-enditem|p2a: Mienshao|Focus Sash\n|-damage|p2a: Mienshao|1\/100\n|-unboost|p1b: Mienshao|def|1\n|-unboost|p1b: Mienshao|spd|1\n|-enditem|p1b: Mienshao|Eject Pack\n|\n|t:|1697381805\n|switch|p1b: Toxicroak|Toxicroak, M|100\/100\n|move|p2a: Mienshao|Hidden Power|p1a: Blaziken\n|-supereffective|p1a: Blaziken\n|-damage|p1a: Blaziken|46\/100\n|\n|-ability|p1a: Blaziken|Speed Boost|boost\n|-boost|p1a: Blaziken|spe|1\n|-status|p2b: Heracross|brn|[from] item: Flame Orb\n|upkeep\n|turn|5\n|\n|t:|1697381823\n|-terastallize|p2b: Heracross|Flying\n|move|p1b: Toxicroak|Fake Out|p2a: Mienshao\n|-damage|p2a: Mienshao|0 fnt\n|faint|p2a: Mienshao\n|move|p1a: Blaziken|Brave Bird|p2b: Heracross\n|-damage|p2b: Heracross|28\/100 brn\n|-damage|p1a: Blaziken|22\/100|[from] Recoil\n|move|p2b: Heracross|Aerial Ace|p1a: Blaziken\n|-supereffective|p1a: Blaziken\n|-damage|p1a: Blaziken|0 fnt\n|faint|p1a: Blaziken\n|\n|-damage|p2b: Heracross|22\/100 brn|[from] brn\n|upkeep\n|\n|t:|1697381837\n|switch|p2a: Zapdos|Zapdos-Galar|100\/100\n|switch|p1a: Mienshao|Mienshao, F|100\/100\n|turn|6\n|\n|t:|1697381880\n|move|p2a: Zapdos|Detect|p2a: Zapdos\n|-singleturn|p2a: Zapdos|Protect\n|move|p2b: Heracross|Protect|p2b: Heracross\n|-singleturn|p2b: Heracross|Protect\n|move|p1a: Mienshao|Acrobatics|p2a: Zapdos\n|-activate|p2a: Zapdos|move: Protect\n|move|p1b: Toxicroak|Poison Jab|p2b: Heracross\n|-activate|p2b: Heracross|move: Protect\n|\n|-damage|p2b: Heracross|16\/100 brn|[from] brn\n|upkeep\n|turn|7\n|c|\u2606Altilt|this speed tie is so game deterministic\n|c|\u2606Altilt|be adamant\n|c|\u2606FlagHorse|Man this is tense\n|\n|t:|1697381927\n|move|p1a: Mienshao|Acrobatics|p2a: Zapdos\n|-supereffective|p2a: Zapdos\n|-damage|p2a: Zapdos|25\/100\n|move|p2a: Zapdos|Tailwind|p2a: Zapdos\n|-sidestart|p2: FlagHorse|move: Tailwind\n|move|p2b: Heracross|Aerial Ace|p1a: Mienshao\n|-supereffective|p1a: Mienshao\n|-damage|p1a: Mienshao|0 fnt\n|faint|p1a: Mienshao\n|move|p1b: Toxicroak|Poison Jab|p2b: Heracross\n|-damage|p2b: Heracross|0 fnt\n|faint|p2b: Heracross\n|\n|-heal|p2a: Zapdos|31\/100|[from] item: Leftovers\n|upkeep\n|\n|t:|1697381939\n|switch|p1a: Great Tusk|Great Tusk|100\/100\n|switch|p2b: Great Tusk|Great Tusk|100\/100\n|-enditem|p2b: Great Tusk|Booster Energy\n|-activate|p2b: Great Tusk|ability: Protosynthesis|[fromitem]\n|-start|p2b: Great Tusk|protosynthesisatk\n|-enditem|p1a: Great Tusk|Booster Energy\n|-activate|p1a: Great Tusk|ability: Protosynthesis|[fromitem]\n|-start|p1a: Great Tusk|protosynthesisatk\n|turn|8\n|\n|t:|1697381973\n|move|p2a: Zapdos|Helping Hand|p2b: Great Tusk\n|-singleturn|p2b: Great Tusk|Helping Hand|[of] p2a: Zapdos\n|move|p2b: Great Tusk|Earthquake|p1b: Toxicroak|[spread] p1a,p1b\n|-immune|p2a: Zapdos\n|-supereffective|p1b: Toxicroak\n|-damage|p1a: Great Tusk|42\/100\n|-enditem|p1b: Toxicroak|Focus Sash\n|-damage|p1b: Toxicroak|1\/100\n|move|p1a: Great Tusk|Ice Spinner|p2a: Zapdos\n|-supereffective|p2a: Zapdos\n|-damage|p2a: Zapdos|0 fnt\n|faint|p2a: Zapdos\n|move|p1b: Toxicroak|Poison Jab|p2b: Great Tusk\n|-resisted|p2b: Great Tusk\n|-damage|p2b: Great Tusk|86\/100\n|\n|upkeep\n|turn|9\n|\n|t:|1697381993\n|move|p2b: Great Tusk|Earthquake|p1b: Toxicroak|[spread] p1a,p1b\n|-crit|p1a: Great Tusk\n|-supereffective|p1b: Toxicroak\n|-damage|p1a: Great Tusk|0 fnt\n|-damage|p1b: Toxicroak|0 fnt\n|faint|p1a: Great Tusk\n|-end|p1a: Great Tusk|Protosynthesis|[silent]\n|faint|p1b: Toxicroak\n|\n|upkeep\n|\n|t:|1697381998\n|switch|p1a: Bewear|Bewear, M|100\/100\n|turn|10\n|\n|t:|1697382005\n|-terastallize|p1a: Bewear|Ghost\n|move|p2b: Great Tusk|Earthquake|p1a: Bewear\n|-damage|p1a: Bewear|27\/100\n|-enditem|p1a: Bewear|Sitrus Berry|[eat]\n|-heal|p1a: Bewear|52\/100|[from] item: Sitrus Berry\n|move|p1a: Bewear|Bulk Up|p1a: Bewear\n|-boost|p1a: Bewear|atk|1\n|-boost|p1a: Bewear|def|1\n|\n|-sideend|p2: FlagHorse|move: Tailwind\n|upkeep\n|turn|11\n|\n|t:|1697382021\n|move|p2b: Great Tusk|Earthquake|p1a: Bewear\n|-damage|p1a: Bewear|6\/100\n|move|p1a: Bewear|Drain Punch|p2b: Great Tusk\n|-damage|p2b: Great Tusk|42\/100\n|-heal|p1a: Bewear|25\/100|[from] drain|[of] p2b: Great Tusk\n|\n|upkeep\n|turn|12\n|c|\u2606Altilt|man why does that do seventy\n|c|\u2606FlagHorse|Idk\n|c|\u2606Altilt|oh its not contact\n|c|\u2606Altilt|right\n|c|\u2606Altilt|ugh\n|c|\u2606Altilt|fluffy is so bad\n|\n|t:|1697382064\n|move|p2b: Great Tusk|Earthquake|p1a: Bewear\n|-damage|p1a: Bewear|0 fnt\n|faint|p1a: Bewear\n|\n|win|FlagHorse\n|c|\u2606FlagHorse|Gg man\n|c|\u2606Altilt|ggs\n","uploadtime":1697382089,"views":18,"p1id":"altilt","p2id":"flaghorse","formatid":"gen9nationaldexdoubles","rating":0,"private":0,"password":""}