{"id":"gen9nationaldexdoubles-1983686095","p1":"Xalvadore","p2":"Crimsonstar423","format":"[Gen 9] National Dex Doubles","log":"|j|\u2606Xalvadore\n|j|\u2606Crimsonstar423\n|t:|1699160783\n|gametype|doubles\n|player|p1|Xalvadore|marnie|1366\n|player|p2|Crimsonstar423|n|1301\n|teamsize|p1|6\n|teamsize|p2|6\n|gen|9\n|tier|[Gen 9] National Dex Doubles\n|rated|\n|rule|HP Percentage Mod: HP is shown in percentages\n|rule|Endless Battle Clause: Forcing endless battles is banned\n|rule|OHKO Clause: OHKO moves are banned\n|rule|Evasion Moves Clause: Evasion moves are banned\n|rule|Evasion Abilities Clause: Evasion abilities are banned\n|rule|Species Clause: Limit one of each Pok\u00e9mon\n|rule|Gravity Sleep Clause: The combination of sleep-inducing moves with imperfect accuracy and Gravity or Gigantamax Orbeetle are banned\n|clearpoke\n|poke|p1|Tyranitar, F|\n|poke|p1|Gastrodon, F|\n|poke|p1|Excadrill, F|\n|poke|p1|Zapdos|\n|poke|p1|Latias, F|\n|poke|p1|Hitmontop, M|\n|poke|p2|Meowscarada, M|\n|poke|p2|Skeledirge, F|\n|poke|p2|Sinistcha|\n|poke|p2|Fezandipiti, M|\n|poke|p2|Ninetales-Alola, M|\n|poke|p2|Roaring Moon|\n|teampreview\n|inactive|Battle timer is ON: inactive players will automatically lose when time's up. (requested by Crimsonstar423)\n|c|\u2606Crimsonstar423|cool team\n|c|\u2606Crimsonstar423|glhf\n|inactive|Xalvadore has 120 seconds left.\n|c|\u2606Xalvadore|Thanks, likewise\n|\n|t:|1699160848\n|start\n|switch|p1a: Latias|Latias, F|100\/100\n|switch|p1b: Hitmontop|Hitmontop, M|100\/100\n|switch|p2a: Meowscarada|Meowscarada, M|100\/100\n|switch|p2b: Skeledirge|Skeledirge, F|100\/100\n|-ability|p1b: Hitmontop|Intimidate|boost\n|-unboost|p2a: Meowscarada|atk|1\n|-unboost|p2b: Skeledirge|atk|1\n|turn|1\n|c|\u2606Crimsonstar423|thanks\n|\n|t:|1699160862\n|move|p1b: Hitmontop|Fake Out|p2a: Meowscarada\n|-damage|p2a: Meowscarada|85\/100\n|cant|p2a: Meowscarada|flinch\n|move|p1a: Latias|Tailwind|p1a: Latias\n|-sidestart|p1: Xalvadore|move: Tailwind\n|move|p2b: Skeledirge|Fire Pledge|p1b: Hitmontop\n|-damage|p1b: Hitmontop|72\/100\n|\n|upkeep\n|turn|2\n|\n|t:|1699160886\n|move|p1b: Hitmontop|Mach Punch|p2a: Meowscarada\n|-supereffective|p2a: Meowscarada\n|-damage|p2a: Meowscarada|38\/100\n|move|p1a: Latias|Draco Meteor|p2a: Meowscarada\n|-damage|p2a: Meowscarada|0 fnt\n|-unboost|p1a: Latias|spa|2\n|faint|p2a: Meowscarada\n|move|p2b: Skeledirge|Fire Pledge|p1b: Hitmontop\n|-damage|p1b: Hitmontop|42\/100\n|-enditem|p1b: Hitmontop|Sitrus Berry|[eat]\n|-heal|p1b: Hitmontop|67\/100|[from] item: Sitrus Berry\n|\n|upkeep\n|\n|t:|1699160901\n|switch|p2a: Fezandipiti|Fezandipiti, M|100\/100\n|turn|3\n|\n|t:|1699160931\n|switch|p1a: Tyranitar|Tyranitar, F|100\/100\n|-weather|Sandstorm|[from] ability: Sand Stream|[of] p1a: Tyranitar\n|move|p1b: Hitmontop|Wide Guard|p1b: Hitmontop\n|-singleturn|p1b: Hitmontop|Wide Guard\n|move|p2a: Fezandipiti|Dazzling Gleam|p1b: Hitmontop|[spread] \n|-activate|p1a: Tyranitar|move: Wide Guard\n|-activate|p1b: Hitmontop|move: Wide Guard\n|move|p2b: Skeledirge|Torch Song|p1b: Hitmontop\n|-damage|p1b: Hitmontop|39\/100\n|-boost|p2b: Skeledirge|spa|1\n|\n|-weather|Sandstorm|[upkeep]\n|-damage|p1b: Hitmontop|33\/100|[from] Sandstorm\n|-damage|p2a: Fezandipiti|95\/100|[from] Sandstorm\n|-damage|p2b: Skeledirge|94\/100|[from] Sandstorm\n|-heal|p2a: Fezandipiti|100\/100|[from] item: Black Sludge\n|-heal|p2b: Skeledirge|100\/100|[from] item: Leftovers\n|upkeep\n|turn|4\n|\n|t:|1699160960\n|move|p1b: Hitmontop|Wide Guard|p1b: Hitmontop\n|-singleturn|p1b: Hitmontop|Wide Guard\n|move|p1a: Tyranitar|Rock Slide|p2a: Fezandipiti|[spread] p2a,p2b\n|-supereffective|p2b: Skeledirge\n|-damage|p2a: Fezandipiti|72\/100\n|-damage|p2b: Skeledirge|48\/100\n|cant|p2a: Fezandipiti|flinch\n|move|p2b: Skeledirge|Torch Song|p1b: Hitmontop\n|-damage|p1b: Hitmontop|0 fnt\n|-boost|p2b: Skeledirge|spa|1\n|faint|p1b: Hitmontop\n|\n|-weather|Sandstorm|[upkeep]\n|-damage|p2a: Fezandipiti|66\/100|[from] Sandstorm\n|-damage|p2b: Skeledirge|42\/100|[from] Sandstorm\n|-heal|p2a: Fezandipiti|72\/100|[from] item: Black Sludge\n|-heal|p2b: Skeledirge|48\/100|[from] item: Leftovers\n|-sideend|p1: Xalvadore|move: Tailwind\n|upkeep\n|inactive|Xalvadore has 120 seconds left.\n|\n|t:|1699160977\n|switch|p1b: Excadrill|Excadrill, F|100\/100\n|turn|5\n|\n|t:|1699160990\n|switch|p2a: Ninetales|Ninetales-Alola, M|100\/100\n|-weather|Snow|[from] ability: Snow Warning|[of] p2a: Ninetales\n|-zpower|p1b: Excadrill\n|move|p1b: Excadrill|Tectonic Rage|p2a: Ninetales|[zeffect]\n|-damage|p2a: Ninetales|0 fnt\n|faint|p2a: Ninetales\n|move|p2b: Skeledirge|Torch Song|p1b: Excadrill\n|-supereffective|p1b: Excadrill\n|-damage|p1b: Excadrill|0 fnt\n|-boost|p2b: Skeledirge|spa|1\n|faint|p1b: Excadrill\n|move|p1a: Tyranitar|Rock Slide|p2b: Skeledirge\n|-supereffective|p2b: Skeledirge\n|-damage|p2b: Skeledirge|0 fnt\n|faint|p2b: Skeledirge\n|\n|-weather|Snow|[upkeep]\n|upkeep\n|\n|t:|1699161014\n|switch|p2a: Sinistcha|Sinistcha|100\/100\n|switch|p1b: Gastrodon|Gastrodon, F|100\/100\n|switch|p2b: Fezandipiti|Fezandipiti, M|72\/100\n|-heal|p2b: Fezandipiti|97\/100|[from] ability: Hospitality|[of] p2a: Sinistcha\n|turn|6\n|\n|t:|1699161026\n|switch|p1b: Zapdos|Zapdos|100\/100\n|-ability|p1b: Zapdos|Pressure\n|move|p2b: Fezandipiti|Dazzling Gleam|p1b: Zapdos|[spread] p1a,p1b\n|-supereffective|p1a: Tyranitar\n|-damage|p1a: Tyranitar|75\/100\n|-damage|p1b: Zapdos|84\/100\n|-status|p1b: Zapdos|tox|[from] ability: Toxic Chain|[of] p2b: Fezandipiti\n|move|p2a: Sinistcha|Matcha Gotcha|p1a: Tyranitar|[spread] p1b\n|-miss|p2a: Sinistcha|p1a: Tyranitar\n|-resisted|p1b: Zapdos\n|-damage|p1b: Zapdos|70\/100 tox\n|move|p1a: Tyranitar|Crunch|p2a: Sinistcha\n|-supereffective|p2a: Sinistcha\n|-damage|p2a: Sinistcha|22\/100\n|\n|-weather|Snow|[upkeep]\n|-heal|p2b: Fezandipiti|100\/100|[from] item: Black Sludge\n|-heal|p2a: Sinistcha|28\/100|[from] item: Leftovers\n|-damage|p1b: Zapdos|63\/100 tox|[from] psn\n|upkeep\n|turn|7\n|\n|t:|1699161051\n|move|p1b: Zapdos|Detect|p1b: Zapdos\n|-singleturn|p1b: Zapdos|Protect\n|move|p2b: Fezandipiti|Dazzling Gleam|p1b: Zapdos|[spread] p1a\n|-activate|p1b: Zapdos|move: Protect\n|-supereffective|p1a: Tyranitar\n|-damage|p1a: Tyranitar|51\/100\n|move|p2a: Sinistcha|Matcha Gotcha|p1b: Zapdos|[spread] p1a\n|-activate|p1b: Zapdos|move: Protect\n|-supereffective|p1a: Tyranitar\n|-damage|p1a: Tyranitar|9\/100\n|-heal|p2a: Sinistcha|58\/100|[from] drain|[of] p1a: Tyranitar\n|move|p1a: Tyranitar|Crunch|p2a: Sinistcha\n|-supereffective|p2a: Sinistcha\n|-damage|p2a: Sinistcha|0 fnt\n|faint|p2a: Sinistcha\n|\n|-weather|Snow|[upkeep]\n|-damage|p1b: Zapdos|51\/100 tox|[from] psn\n|upkeep\n|inactive|Crimsonstar423 has 120 seconds left.\n|\n|t:|1699161067\n|switch|p2a: Roaring Moon|Roaring Moon|100\/100\n|-enditem|p2a: Roaring Moon|Booster Energy\n|-activate|p2a: Roaring Moon|ability: Protosynthesis|[fromitem]\n|-start|p2a: Roaring Moon|protosynthesisspe\n|turn|8\n|\n|t:|1699161081\n|move|p1b: Zapdos|Detect|p1b: Zapdos\n|-singleturn|p1b: Zapdos|Protect\n|move|p2a: Roaring Moon|Rock Slide|p1b: Zapdos|[spread] p1a\n|-activate|p1b: Zapdos|move: Protect\n|-damage|p1a: Tyranitar|0 fnt\n|faint|p1a: Tyranitar\n|move|p2b: Fezandipiti|Dazzling Gleam|p1b: Zapdos\n|-activate|p1b: Zapdos|move: Protect\n|\n|-weather|Snow|[upkeep]\n|-damage|p1b: Zapdos|32\/100 tox|[from] psn\n|upkeep\n|-enditem|p1b: Zapdos|Sitrus Berry|[eat]\n|-heal|p1b: Zapdos|57\/100 tox|[from] item: Sitrus Berry\n|\n|t:|1699161094\n|switch|p1a: Gastrodon|Gastrodon, F|100\/100\n|turn|9\n|\n|t:|1699161104\n|-terastallize|p2a: Roaring Moon|Flying\n|move|p2a: Roaring Moon|Acrobatics|p1a: Gastrodon\n|-damage|p1a: Gastrodon|54\/100\n|move|p1b: Zapdos|Discharge|p2b: Fezandipiti|[spread] p2a,p2b\n|-immune|p1a: Gastrodon\n|-supereffective|p2a: Roaring Moon\n|-damage|p2a: Roaring Moon|37\/100\n|-damage|p2b: Fezandipiti|80\/100\n|move|p2b: Fezandipiti|Dazzling Gleam|p1b: Zapdos|[spread] p1a,p1b\n|-damage|p1a: Gastrodon|39\/100\n|-damage|p1b: Zapdos|39\/100 tox\n|-enditem|p1a: Gastrodon|Sitrus Berry|[eat]\n|-heal|p1a: Gastrodon|64\/100|[from] item: Sitrus Berry\n|move|p1a: Gastrodon|Earth Power|p2b: Fezandipiti\n|-supereffective|p2b: Fezandipiti\n|-damage|p2b: Fezandipiti|41\/100\n|\n|-weather|none\n|-heal|p2b: Fezandipiti|47\/100|[from] item: Black Sludge\n|-damage|p1b: Zapdos|15\/100 tox|[from] psn\n|upkeep\n|turn|10\n|\n|t:|1699161126\n|move|p2a: Roaring Moon|Acrobatics|p1a: Gastrodon\n|-damage|p1a: Gastrodon|21\/100\n|move|p1b: Zapdos|Discharge|p2b: Fezandipiti|[spread] p2a,p2b\n|-immune|p1a: Gastrodon\n|-supereffective|p2a: Roaring Moon\n|-damage|p2a: Roaring Moon|0 fnt\n|-damage|p2b: Fezandipiti|26\/100\n|-status|p2b: Fezandipiti|par\n|faint|p2a: Roaring Moon\n|-end|p2a: Roaring Moon|Protosynthesis|[silent]\n|move|p2b: Fezandipiti|Dazzling Gleam|p1a: Gastrodon|[spread] p1a,p1b\n|-damage|p1a: Gastrodon|5\/100\n|-damage|p1b: Zapdos|0 fnt\n|faint|p1b: Zapdos\n|move|p1a: Gastrodon|Earth Power|p2b: Fezandipiti\n|-supereffective|p2b: Fezandipiti\n|-damage|p2b: Fezandipiti|0 fnt\n|faint|p2b: Fezandipiti\n|\n|win|Xalvadore\n|raw|Xalvadore's rating: 1366 &rarr; <strong>1382<\/strong><br \/>(+16 for winning)\n|raw|Crimsonstar423's rating: 1301 &rarr; <strong>1285<\/strong><br \/>(-16 for losing)\n|c|\u2606Xalvadore|gg\n|c|\u2606Crimsonstar423|gg\n|c|\u2606Crimsonstar423|wp\n|c|\u2606Xalvadore|You too\n","uploadtime":1699161143,"views":9,"p1id":"xalvadore","p2id":"crimsonstar423","formatid":"gen9nationaldexdoubles","rating":1285,"private":0,"password":""}