{"id":"gen9nationaldexdoubles-1994141728","p1":"trnchi","p2":"WillowBi","format":"[Gen 9] National Dex Doubles","log":"|j|\u2606trnchi\n|j|\u2606WillowBi\n|t:|1700411771\n|gametype|doubles\n|player|p1|trnchi|2|\n|player|p2|WillowBi|lady|\n|teamsize|p1|6\n|teamsize|p2|6\n|gen|9\n|tier|[Gen 9] National Dex Doubles\n|rule|HP Percentage Mod: HP is shown in percentages\n|rule|Endless Battle Clause: Forcing endless battles is banned\n|rule|OHKO Clause: OHKO moves are banned\n|rule|Evasion Moves Clause: Evasion moves are banned\n|rule|Evasion Abilities Clause: Evasion abilities are banned\n|rule|Species Clause: Limit one of each Pok\u00e9mon\n|rule|Gravity Sleep Clause: The combination of sleep-inducing moves with imperfect accuracy and Gravity or Gigantamax Orbeetle are banned\n|clearpoke\n|poke|p1|Bulbasaur, M|\n|poke|p1|Torchic, F|\n|poke|p1|Mudkip, F|\n|poke|p1|Litten, F|\n|poke|p1|Pichu, F|\n|poke|p1|Riolu, F|\n|poke|p2|Totodile, F|\n|poke|p2|Scorbunny, F|\n|poke|p2|Riolu, M|\n|poke|p2|Grookey, M|\n|poke|p2|Larvitar, M|\n|poke|p2|Fuecoco, F|\n|teampreview\n|j| Daepiquejt\n|inactive|Battle timer is ON: inactive players will automatically lose when time's up. (requested by trnchi)\n|\n|t:|1700411840\n|start\n|switch|p1a: Pichu|Pichu, F|100\/100\n|switch|p1b: Bulbasaur|Bulbasaur, M|100\/100\n|switch|p2a: Riolu|Riolu, M|100\/100\n|switch|p2b: Totodile|Totodile, F|100\/100\n|turn|1\n|\n|t:|1700411855\n|move|p1a: Pichu|Fake Out|p2a: Riolu\n|-damage|p2a: Riolu|76\/100\n|move|p2a: Riolu|Drain Punch|p1a: Pichu\n|-crit|p1a: Pichu\n|-enditem|p1a: Pichu|Focus Sash\n|-damage|p1a: Pichu|1\/100\n|-heal|p2a: Riolu|100\/100|[from] drain|[of] p1a: Pichu\n|move|p2b: Totodile|Ice Punch|p1a: Pichu\n|-damage|p1a: Pichu|0 fnt\n|faint|p1a: Pichu\n|move|p1b: Bulbasaur|Giga Drain|p2b: Totodile\n|-supereffective|p2b: Totodile\n|-damage|p2b: Totodile|49\/100\n|\n|upkeep\n|inactive|trnchi has 270 seconds left.\n|\n|t:|1700411881\n|switch|p1a: Riolu|Riolu, F|100\/100\n|turn|2\n|inactive|WillowBi has 270 seconds left.\n|inactive|trnchi has 270 seconds left.\n|inactive|WillowBi has 240 seconds left.\n|inactive|WillowBi has 210 seconds left.\n|inactive|WillowBi has 180 seconds left.\n|\n|t:|1700412017\n|switch|p2b: Fuecoco|Fuecoco, F|100\/100\n|move|p2a: Riolu|Poison Jab|p1b: Bulbasaur\n|-damage|p1b: Bulbasaur|72\/100\n|move|p1a: Riolu|Thunder Punch|p2b: Fuecoco\n|-damage|p2b: Fuecoco|76\/100\n|-damage|p1a: Riolu|91\/100|[from] item: Life Orb\n|move|p1b: Bulbasaur|Leech Seed|p2a: Riolu\n|-start|p2a: Riolu|move: Leech Seed\n|\n|-heal|p1b: Bulbasaur|78\/100|[from] item: Leftovers\n|-damage|p2a: Riolu|88\/100|[from] Leech Seed|[of] p1b: Bulbasaur\n|-heal|p1b: Bulbasaur|88\/100|[silent]\n|upkeep\n|turn|3\n|inactive|WillowBi has 180 seconds left.\n|inactive|WillowBi has 150 seconds left.\n|\n|t:|1700412084\n|move|p1b: Bulbasaur|Protect|p1b: Bulbasaur\n|-singleturn|p1b: Bulbasaur|Protect\n|move|p2a: Riolu|Close Combat|p1a: Riolu\n|-damage|p1a: Riolu|0 fnt\n|-unboost|p2a: Riolu|def|1\n|-unboost|p2a: Riolu|spd|1\n|faint|p1a: Riolu\n|move|p2b: Fuecoco|Flamethrower|p1b: Bulbasaur\n|-activate|p1b: Bulbasaur|move: Protect\n|\n|-heal|p1b: Bulbasaur|94\/100|[from] item: Leftovers\n|-damage|p2a: Riolu|76\/100|[from] Leech Seed|[of] p1b: Bulbasaur\n|-heal|p1b: Bulbasaur|100\/100|[silent]\n|upkeep\n|inactive|trnchi has 270 seconds left.\n|\n|t:|1700412100\n|switch|p1a: Mudkip|Mudkip, F|100\/100\n|turn|4\n|inactive|WillowBi has 150 seconds left.\n|inactive|trnchi has 270 seconds left.\n|\n|t:|1700412135\n|-terastallize|p1b: Bulbasaur|Water\n|move|p2a: Riolu|Poison Jab|p1b: Bulbasaur\n|-damage|p1b: Bulbasaur|71\/100\n|move|p1b: Bulbasaur|Sludge Bomb|p2a: Riolu\n|-damage|p2a: Riolu|0 fnt\n|faint|p2a: Riolu\n|-zpower|p1a: Mudkip\n|move|p1a: Mudkip|Hydro Vortex|p2b: Fuecoco|[zeffect]\n|-supereffective|p2b: Fuecoco\n|-damage|p2b: Fuecoco|0 fnt\n|faint|p2b: Fuecoco\n|\n|-heal|p1b: Bulbasaur|77\/100|[from] item: Leftovers\n|upkeep\n|inactive|WillowBi has 120 seconds left.\n|inactive|WillowBi has 90 seconds left.\n|\n|t:|1700412207\n|switch|p2a: Larvitar|Larvitar, M|100\/100\n|switch|p2b: Grookey|Grookey, M|100\/100\n|-fieldstart|move: Grassy Terrain|[from] ability: Grassy Surge|[of] p2b: Grookey\n|turn|5\n|inactive|WillowBi has 90 seconds left.\n|inactive|trnchi has 270 seconds left.\n|\n|t:|1700412227\n|move|p2b: Grookey|Grassy Glide|p1a: Mudkip\n|-supereffective|p1a: Mudkip\n|-damage|p1a: Mudkip|29\/100\n|move|p2a: Larvitar|Earthquake|p1b: Bulbasaur|[spread] p2b,p1a,p1b\n|-resisted|p2b: Grookey\n|-damage|p2b: Grookey|93\/100\n|-damage|p1a: Mudkip|13\/100\n|-damage|p1b: Bulbasaur|62\/100\n|move|p1b: Bulbasaur|Sludge Bomb|p2b: Grookey\n|-supereffective|p2b: Grookey\n|-damage|p2b: Grookey|0 fnt\n|faint|p2b: Grookey\n|move|p1a: Mudkip|Waterfall|p2a: Larvitar\n|-supereffective|p2a: Larvitar\n|-damage|p2a: Larvitar|0 fnt\n|faint|p2a: Larvitar\n|\n|-heal|p1b: Bulbasaur|68\/100|[from] Grassy Terrain\n|-heal|p1b: Bulbasaur|74\/100|[from] item: Leftovers\n|-heal|p1a: Mudkip|19\/100|[from] Grassy Terrain\n|upkeep\n|inactive|WillowBi has 90 seconds left.\n|\n|t:|1700412255\n|switch|p2b: Totodile|Totodile, F|49\/100\n|switch|p2a: Scorbunny|Scorbunny, F|100\/100\n|turn|6\n|inactive|WillowBi has 90 seconds left.\n|l| Daepiquejt\n|\n|t:|1700412282\n|move|p2a: Scorbunny|Low Kick|p1a: Mudkip\n|-start|p2a: Scorbunny|typechange|Fighting|[from] ability: Libero\n|-damage|p1a: Mudkip|0 fnt\n|faint|p1a: Mudkip\n|move|p2b: Totodile|Dragon Claw|p1b: Bulbasaur\n|-damage|p1b: Bulbasaur|46\/100\n|move|p1b: Bulbasaur|Sludge Bomb|p2a: Scorbunny\n|-damage|p2a: Scorbunny|25\/100\n|\n|-heal|p2a: Scorbunny|31\/100|[from] Grassy Terrain\n|-heal|p2b: Totodile|55\/100|[from] Grassy Terrain\n|-heal|p1b: Bulbasaur|52\/100|[from] Grassy Terrain\n|-heal|p1b: Bulbasaur|58\/100|[from] item: Leftovers\n|upkeep\n|inactive|trnchi has 270 seconds left.\n|\n|t:|1700412296\n|switch|p1a: Litten|Litten, F|100\/100\n|-ability|p1a: Litten|Intimidate|boost\n|-unboost|p2a: Scorbunny|atk|1\n|-unboost|p2b: Totodile|atk|1\n|turn|7\n|inactive|WillowBi has 90 seconds left.\n|\n|t:|1700412327\n|move|p1a: Litten|Flare Blitz|p2a: Scorbunny\n|-damage|p2a: Scorbunny|0 fnt\n|faint|p2a: Scorbunny\n|-damage|p1a: Litten|90\/100|[from] Recoil\n|move|p2b: Totodile|Dragon Claw|p1b: Bulbasaur\n|-damage|p1b: Bulbasaur|39\/100\n|move|p1b: Bulbasaur|Sludge Bomb|p2b: Totodile\n|-damage|p2b: Totodile|21\/100\n|-status|p2b: Totodile|psn\n|\n|-heal|p1a: Litten|96\/100|[from] Grassy Terrain\n|-heal|p2b: Totodile|27\/100 psn|[from] Grassy Terrain\n|-heal|p1b: Bulbasaur|45\/100|[from] Grassy Terrain\n|-heal|p1b: Bulbasaur|51\/100|[from] item: Leftovers\n|-damage|p2b: Totodile|15\/100 psn|[from] psn\n|upkeep\n|turn|8\n|\n|t:|1700412348\n|move|p1a: Litten|Flare Blitz|p2b: Totodile\n|-resisted|p2b: Totodile\n|-crit|p2b: Totodile\n|-damage|p2b: Totodile|0 fnt\n|faint|p2b: Totodile\n|-damage|p1a: Litten|90\/100|[from] Recoil\n|\n|win|trnchi\n|c|\u2606trnchi|gg\n|l|\u2606WillowBi\n","uploadtime":1700412358,"views":11,"p1id":"trnchi","p2id":"willowbi","formatid":"gen9nationaldexdoubles","rating":0,"private":0,"password":""}