{"id":"gen9nationaldexdoubles-1970796540","p1":"WonderNoob","p2":"TheOfficialSlade","format":"[Gen 9] National Dex Doubles","log":"|j|\u2606WonderNoob\n|j|\u2606TheOfficialSlade\n|t:|1697668048\n|gametype|doubles\n|player|p1|WonderNoob|101|\n|player|p2|TheOfficialSlade|shadowtriad|\n|teamsize|p1|6\n|teamsize|p2|6\n|gen|9\n|tier|[Gen 9] National Dex Doubles\n|rule|HP Percentage Mod: HP is shown in percentages\n|rule|Endless Battle Clause: Forcing endless battles is banned\n|rule|OHKO Clause: OHKO moves are banned\n|rule|Evasion Moves Clause: Evasion moves are banned\n|rule|Evasion Abilities Clause: Evasion abilities are banned\n|rule|Species Clause: Limit one of each Pok\u00e9mon\n|rule|Gravity Sleep Clause: The combination of sleep-inducing moves with imperfect accuracy and Gravity or Gigantamax Orbeetle are banned\n|clearpoke\n|poke|p1|Swellow, F|\n|poke|p1|Clodsire, F|\n|poke|p1|Serperior, M|\n|poke|p1|Malamar, M|\n|poke|p1|Gyarados, M|\n|poke|p1|Cursola, F|\n|poke|p2|Espeon, F|\n|poke|p2|Rhyperior, F|\n|poke|p2|Dusclops, F|\n|poke|p2|Ferrothorn, M|\n|poke|p2|Ampharos, M|\n|poke|p2|Gothitelle, F|\n|teampreview\n|c|\u2606WonderNoob|This team fosters one of the dumbest ideas I've come up with\n|j| landlord79\n|j| usagi the weeb\n|j| KageDeSin\n|\n|t:|1697668125\n|start\n|switch|p1a: Cursola|Cursola, F|100\/100\n|switch|p1b: Swellow|Swellow, F|100\/100\n|switch|p2a: Gothitelle|Gothitelle, F|100\/100\n|switch|p2b: Rhyperior|Rhyperior, F|100\/100\n|turn|1\n|\n|t:|1697668169\n|move|p1a: Cursola|Protect|p1a: Cursola\n|-singleturn|p1a: Cursola|Protect\n|move|p2a: Gothitelle|Fake Out|p1b: Swellow\n|-damage|p1b: Swellow|90\/100\n|cant|p1b: Swellow|flinch\n|move|p2b: Rhyperior|Stone Edge|p1b: Swellow\n|-supereffective|p1b: Swellow\n|-crit|p1b: Swellow\n|-damage|p1b: Swellow|0 fnt\n|faint|p1b: Swellow\n|\n|upkeep\n|c|\u2606WonderNoob|My bird\n|c| KageDeSin|lol\n|\n|t:|1697668187\n|switch|p1b: Gyarados|Gyarados, M, shiny|100\/100\n|turn|2\n|\n|t:|1697668226\n|detailschange|p1b: Gyarados|Gyarados-Mega, M, shiny\n|-mega|p1b: Gyarados|Gyarados|Gyaradosite\n|-ability|p1b: Gyarados|Mold Breaker\n|move|p1b: Gyarados|Earthquake|p2a: Gothitelle|[spread] p1a,p2a,p2b\n|-supereffective|p2b: Rhyperior\n|-damage|p1a: Cursola|42\/100\n|-damage|p2a: Gothitelle|71\/100\n|-damage|p2b: Rhyperior|56\/100\n|-ability|p1a: Cursola|Weak Armor|boost\n|-unboost|p1a: Cursola|def|1\n|-boost|p1a: Cursola|spe|2\n|move|p1a: Cursola|Substitute|p1a: Cursola\n|-start|p1a: Cursola|Substitute\n|-damage|p1a: Cursola|17\/100\n|move|p2a: Gothitelle|Psychic|p1a: Cursola\n|-activate|p1a: Cursola|move: Substitute|[damage]\n|move|p2b: Rhyperior|Earthquake|p1b: Gyarados|[spread] p2a,p1a,p1b\n|-end|p1a: Cursola|Substitute\n|-damage|p2a: Gothitelle|39\/100\n|-damage|p1b: Gyarados|65\/100\n|-enditem|p2a: Gothitelle|Sitrus Berry|[eat]\n|-heal|p2a: Gothitelle|64\/100|[from] item: Sitrus Berry\n|\n|-heal|p2b: Rhyperior|62\/100|[from] item: Leftovers\n|upkeep\n|turn|3\n|\n|t:|1697668266\n|move|p2a: Gothitelle|Protect|p2a: Gothitelle\n|-singleturn|p2a: Gothitelle|Protect\n|move|p1b: Gyarados|Bounce||[still]\n|-prepare|p1b: Gyarados|Bounce\n|move|p1a: Cursola|Destiny Bond|p1a: Cursola\n|-singlemove|p1a: Cursola|Destiny Bond\n|move|p2b: Rhyperior|Earthquake|p1b: Gyarados|[spread] p1a\n|-miss|p2b: Rhyperior|p1b: Gyarados\n|-activate|p2a: Gothitelle|move: Protect\n|-damage|p1a: Cursola|0 fnt\n|faint|p1a: Cursola\n|-activate|p1a: Cursola|move: Destiny Bond\n|faint|p2b: Rhyperior\n|\n|upkeep\n|\n|t:|1697668285\n|switch|p2b: Ferrothorn|Ferrothorn, M|100\/100\n|switch|p1a: Clodsire|Clodsire, F|100\/100\n|turn|4\n|\n|t:|1697668302\n|move|p1b: Gyarados|Bounce|p2a: Gothitelle|[from]lockedmove\n|-damage|p2a: Gothitelle|31\/100\n|move|p2a: Gothitelle|Psychic|p1a: Clodsire\n|-supereffective|p1a: Clodsire\n|-damage|p1a: Clodsire|69\/100\n|move|p1a: Clodsire|Toxic|p2a: Gothitelle\n|-status|p2a: Gothitelle|tox\n|move|p2b: Ferrothorn|Iron Defense|p2b: Ferrothorn\n|-boost|p2b: Ferrothorn|def|2\n|\n|-heal|p1a: Clodsire|75\/100|[from] item: Leftovers\n|-damage|p2a: Gothitelle|25\/100 tox|[from] psn\n|upkeep\n|turn|5\n|\n|t:|1697668327\n|move|p2a: Gothitelle|Protect|p2a: Gothitelle\n|-singleturn|p2a: Gothitelle|Protect\n|move|p1b: Gyarados|Bounce||[still]\n|-prepare|p1b: Gyarados|Bounce\n|move|p2b: Ferrothorn|Body Press|p1b: Gyarados|[miss]\n|-miss|p2b: Ferrothorn|p1b: Gyarados\n|move|p1a: Clodsire|Earthquake|p2b: Ferrothorn|[spread] p2b\n|-miss|p1a: Clodsire|p1b: Gyarados\n|-activate|p2a: Gothitelle|move: Protect\n|-damage|p2b: Ferrothorn|95\/100\n|\n|-heal|p2b: Ferrothorn|100\/100|[from] item: Leftovers\n|-heal|p1a: Clodsire|82\/100|[from] item: Leftovers\n|-damage|p2a: Gothitelle|13\/100 tox|[from] psn\n|upkeep\n|turn|6\n|\n|t:|1697668344\n|move|p1b: Gyarados|Bounce|p2b: Ferrothorn|[from]lockedmove\n|-damage|p2b: Ferrothorn|89\/100\n|-damage|p1b: Gyarados|53\/100|[from] ability: Iron Barbs|[of] p2b: Ferrothorn\n|move|p2a: Gothitelle|Psychic|p1a: Clodsire\n|-supereffective|p1a: Clodsire\n|-damage|p1a: Clodsire|47\/100\n|move|p2b: Ferrothorn|Body Press|p1b: Gyarados\n|-supereffective|p1b: Gyarados\n|-damage|p1b: Gyarados|0 fnt\n|faint|p1b: Gyarados\n|move|p1a: Clodsire|Spikes|p2b: Ferrothorn\n|-sidestart|p2: TheOfficialSlade|Spikes\n|\n|-heal|p2b: Ferrothorn|96\/100|[from] item: Leftovers\n|-heal|p1a: Clodsire|54\/100|[from] item: Leftovers\n|-damage|p2a: Gothitelle|0 fnt|[from] psn\n|faint|p2a: Gothitelle\n|upkeep\n|\n|t:|1697668367\n|switch|p1b: Malamar|Malamar, M, shiny|100\/100\n|switch|p2a: Espeon|Espeon, F|100\/100\n|turn|7\n|\n|t:|1697668403\n|move|p2a: Espeon|Psyshock|p1a: Clodsire\n|-supereffective|p1a: Clodsire\n|-damage|p1a: Clodsire|0 fnt\n|faint|p1a: Clodsire\n|move|p1b: Malamar|Knock Off|p2a: Espeon\n|-supereffective|p2a: Espeon\n|-damage|p2a: Espeon|0 fnt\n|-enditem|p2a: Espeon|Heavy-Duty Boots|[from] move: Knock Off|[of] p1b: Malamar\n|faint|p2a: Espeon\n|move|p2b: Ferrothorn|Leech Seed|p1b: Malamar\n|-start|p1b: Malamar|move: Leech Seed\n|\n|-heal|p2b: Ferrothorn|100\/100|[from] item: Leftovers\n|-damage|p1b: Malamar|88\/100|[from] Leech Seed|[of] p2b: Ferrothorn\n|upkeep\n|\n|t:|1697668416\n|switch|p2a: Dusclops|Dusclops, F|100\/100\n|switch|p1a: Serperior|Serperior, M|100\/100\n|-damage|p2a: Dusclops|88\/100|[from] Spikes\n|-item|p1a: Serperior|Leftovers|[from] ability: Frisk|[of] p2a: Dusclops|[identify]\n|-item|p1b: Malamar|Leftovers|[from] ability: Frisk|[of] p2a: Dusclops|[identify]\n|turn|8\n|\n|t:|1697668456\n|move|p1a: Serperior|Glare|p2b: Ferrothorn\n|-status|p2b: Ferrothorn|par\n|move|p1b: Malamar|Knock Off|p2a: Dusclops\n|-supereffective|p2a: Dusclops\n|-damage|p2a: Dusclops|49\/100\n|-enditem|p2a: Dusclops|Eviolite|[from] move: Knock Off|[of] p1b: Malamar\n|move|p2b: Ferrothorn|Iron Defense|p2b: Ferrothorn\n|-boost|p2b: Ferrothorn|def|2\n|move|p2a: Dusclops|Trick Room|p2a: Dusclops\n|-fieldstart|move: Trick Room|[of] p2a: Dusclops\n|\n|-heal|p1b: Malamar|94\/100|[from] item: Leftovers\n|-damage|p1b: Malamar|82\/100|[from] Leech Seed|[of] p2b: Ferrothorn\n|upkeep\n|turn|9\n|\n|t:|1697668474\n|move|p2b: Ferrothorn|Body Press|p1b: Malamar\n|-damage|p1b: Malamar|0 fnt\n|faint|p1b: Malamar\n|move|p2a: Dusclops|Pain Split|p1a: Serperior\n|-sethp|p1a: Serperior|74\/100|[from] move: Pain Split|[silent]\n|-sethp|p2a: Dusclops|76\/100|[from] move: Pain Split\n|move|p1a: Serperior|Substitute|p1a: Serperior\n|-start|p1a: Serperior|Substitute\n|-damage|p1a: Serperior|50\/100\n|\n|-heal|p1a: Serperior|56\/100|[from] item: Leftovers\n|upkeep\n|turn|10\n|\n|t:|1697668486\n|move|p2b: Ferrothorn|Body Press|p1a: Serperior\n|-end|p1a: Serperior|Substitute\n|move|p2a: Dusclops|Night Shade|p1a: Serperior\n|-damage|p1a: Serperior|21\/100\n|move|p1a: Serperior|Leaf Storm|p2a: Dusclops\n|-damage|p2a: Dusclops|33\/100\n|-boost|p1a: Serperior|spa|2\n|\n|-heal|p1a: Serperior|28\/100|[from] item: Leftovers\n|upkeep\n|turn|11\n|\n|t:|1697668500\n|cant|p2b: Ferrothorn|par\n|move|p2a: Dusclops|Night Shade|p1a: Serperior\n|-damage|p1a: Serperior|0 fnt\n|faint|p1a: Serperior\n|\n|win|TheOfficialSlade\n|c|\u2606WonderNoob|gg\n|c|\u2606TheOfficialSlade|gg\n|l|\u2606WonderNoob\n|c| KageDeSin|gg\n|c| landlord79|gg\n","uploadtime":1697668515,"views":35,"p1id":"wondernoob","p2id":"theofficialslade","formatid":"gen9nationaldexdoubles","rating":0,"private":0,"password":""}