{"id":"gen9nationaldexdoubles-1962460566","p1":"aceth3ebase","p2":"Speefus","format":"[Gen 9] National Dex Doubles","log":"|j|\u2606aceth3ebase\n|j|\u2606Speefus\n|t:|1696750961\n|gametype|doubles\n|player|p1|aceth3ebase|gambler|1042\n|player|p2|Speefus|fisherman-gen4|1143\n|teamsize|p1|6\n|teamsize|p2|6\n|gen|9\n|tier|[Gen 9] National Dex Doubles\n|rated|\n|rule|HP Percentage Mod: HP is shown in percentages\n|rule|Endless Battle Clause: Forcing endless battles is banned\n|rule|OHKO Clause: OHKO moves are banned\n|rule|Evasion Moves Clause: Evasion moves are banned\n|rule|Evasion Abilities Clause: Evasion abilities are banned\n|rule|Species Clause: Limit one of each Pok\u00e9mon\n|rule|Gravity Sleep Clause: The combination of sleep-inducing moves with imperfect accuracy and Gravity or Gigantamax Orbeetle are banned\n|clearpoke\n|poke|p1|Manaphy|\n|poke|p1|Pelipper, F|\n|poke|p1|Iron Bundle|\n|poke|p1|Iron Hands|\n|poke|p1|Rotom-Wash|\n|poke|p1|Gastrodon, M|\n|poke|p2|Maractus, M|\n|poke|p2|Toxicroak, M|\n|poke|p2|Scizor, F|\n|poke|p2|Gastrodon, F|\n|poke|p2|Politoed, F|\n|poke|p2|Tornadus, M|\n|teampreview\n|\n|t:|1696750995\n|start\n|switch|p1a: Sanja|Manaphy|100\/100\n|switch|p1b: secret|Gastrodon, M|100\/100\n|switch|p2a: Gastrodon|Gastrodon, F|100\/100\n|switch|p2b: Scizor|Scizor, F|100\/100\n|turn|1\n|inactive|Battle timer is ON: inactive players will automatically lose when time's up. (requested by Speefus)\n|\n|t:|1696751009\n|move|p1a: Sanja|Tail Glow|p1a: Sanja\n|-boost|p1a: Sanja|spa|3\n|move|p2b: Scizor|Swords Dance|p2b: Scizor\n|-boost|p2b: Scizor|atk|2\n|move|p2a: Gastrodon|Toxic|p1a: Sanja\n|-status|p1a: Sanja|tox\n|move|p1b: secret|Yawn|p2b: Scizor\n|-start|p2b: Scizor|move: Yawn|[of] p1b: secret\n|\n|-damage|p1a: Sanja|94\/100 tox|[from] psn\n|upkeep\n|turn|2\n|\n|t:|1696751032\n|detailschange|p2b: Scizor|Scizor-Mega, F\n|-mega|p2b: Scizor|Scizor|Scizorite\n|move|p1a: Sanja|Calm Mind|p1a: Sanja\n|-boost|p1a: Sanja|spa|1\n|-boost|p1a: Sanja|spd|1\n|move|p2b: Scizor|Bug Bite|p1a: Sanja\n|-damage|p1a: Sanja|0 fnt\n|faint|p1a: Sanja\n|move|p1b: secret|Ice Beam|p2a: Gastrodon\n|-damage|p2a: Gastrodon|82\/100\n|move|p2a: Gastrodon|Toxic|p1b: secret\n|-status|p1b: secret|tox\n|\n|-damage|p1b: secret|94\/100 tox|[from] psn\n|-end|p2b: Scizor|move: Yawn|[silent]\n|-status|p2b: Scizor|slp\n|upkeep\n|\n|t:|1696751042\n|switch|p1a: Nalla|Rotom-Wash|100\/100\n|turn|3\n|\n|t:|1696751063\n|switch|p2b: Maractus|Maractus, M|100\/100\n|move|p1a: Nalla|Will-O-Wisp|p2a: Gastrodon\n|-status|p2a: Gastrodon|brn\n|move|p2a: Gastrodon|Surf|p1b: secret|[spread] p1a\n|-ability|p2b: Maractus|Storm Drain|boost\n|-boost|p2b: Maractus|spa|1\n|-ability|p1b: secret|Storm Drain|boost\n|-boost|p1b: secret|spa|1\n|-resisted|p1a: Nalla\n|-damage|p1a: Nalla|86\/100\n|move|p1b: secret|Earth Power|p2b: Maractus\n|-resisted|p2b: Maractus\n|-damage|p2b: Maractus|74\/100\n|\n|-heal|p2b: Maractus|81\/100|[from] item: Leftovers\n|-damage|p1b: secret|82\/100 tox|[from] psn\n|-damage|p2a: Gastrodon|76\/100 brn|[from] brn\n|upkeep\n|turn|4\n|\n|t:|1696751092\n|switch|p2a: Politoed|Politoed, F|100\/100\n|-weather|RainDance|[from] ability: Drizzle|[of] p2a: Politoed\n|move|p1a: Nalla|Will-O-Wisp|p2b: Maractus\n|-status|p2b: Maractus|brn\n|move|p2b: Maractus|Giga Drain|p1b: secret\n|-supereffective|p1b: secret\n|-damage|p1b: secret|0 fnt\n|-heal|p2b: Maractus|100\/100 brn|[from] drain|[of] p1b: secret\n|faint|p1b: secret\n|\n|-weather|RainDance|[upkeep]\n|-damage|p2b: Maractus|94\/100 brn|[from] brn\n|upkeep\n|\n|t:|1696751099\n|switch|p1b: Reema|Iron Hands|100\/100\n|turn|5\n|\n|t:|1696751117\n|move|p2a: Politoed|Protect|p2a: Politoed\n|-singleturn|p2a: Politoed|Protect\n|move|p1b: Reema|Fake Out|p2a: Politoed\n|-activate|p2a: Politoed|move: Protect\n|move|p1a: Nalla|Thunder|p2a: Politoed\n|-activate|p2a: Politoed|move: Protect\n|move|p2b: Maractus|Giga Drain|p1a: Nalla\n|-supereffective|p1a: Nalla\n|-damage|p1a: Nalla|0 fnt\n|-heal|p2b: Maractus|100\/100 brn|[from] drain|[of] p1a: Nalla\n|faint|p1a: Nalla\n|\n|-weather|RainDance|[upkeep]\n|-damage|p2b: Maractus|94\/100 brn|[from] brn\n|upkeep\n|\n|t:|1696751126\n|switch|p1a: Ferrer|Iron Bundle|100\/100\n|-enditem|p1a: Ferrer|Booster Energy\n|-activate|p1a: Ferrer|ability: Quark Drive|[fromitem]\n|-start|p1a: Ferrer|quarkdrivespa\n|turn|6\n|\n|t:|1696751151\n|switch|p2a: Scizor|Scizor-Mega, F|100\/100 slp\n|move|p2b: Maractus|Protect|p2b: Maractus\n|-singleturn|p2b: Maractus|Protect\n|move|p1a: Ferrer|Freeze-Dry|p2a: Scizor\n|-resisted|p2a: Scizor\n|-damage|p2a: Scizor|75\/100 slp\n|move|p1b: Reema|Drain Punch|p2b: Maractus\n|-activate|p2b: Maractus|move: Protect\n|\n|-weather|RainDance|[upkeep]\n|-heal|p2b: Maractus|100\/100 brn|[from] item: Leftovers\n|-damage|p2b: Maractus|94\/100 brn|[from] brn\n|upkeep\n|turn|7\n|\n|t:|1696751173\n|switch|p2b: Toxicroak|Toxicroak, M|100\/100\n|move|p1a: Ferrer|Freeze-Dry|p2b: Toxicroak\n|-damage|p2b: Toxicroak|15\/100\n|cant|p2a: Scizor|slp\n|move|p1b: Reema|Drain Punch|p2a: Scizor\n|-damage|p2a: Scizor|39\/100 slp\n|-damage|p1b: Reema|91\/100|[from] item: Life Orb\n|\n|-weather|RainDance|[upkeep]\n|-heal|p2b: Toxicroak|28\/100|[from] ability: Dry Skin\n|upkeep\n|turn|8\n|\n|t:|1696751191\n|move|p2b: Toxicroak|Sucker Punch|p1a: Ferrer\n|-damage|p1a: Ferrer|80\/100\n|move|p1a: Ferrer|Freeze-Dry|p2b: Toxicroak\n|-damage|p2b: Toxicroak|0 fnt\n|faint|p2b: Toxicroak\n|cant|p2a: Scizor|slp\n|move|p1b: Reema|Drain Punch|p2a: Scizor\n|-damage|p2a: Scizor|0 fnt\n|-heal|p1b: Reema|100\/100|[from] drain|[of] p2a: Scizor\n|faint|p2a: Scizor\n|-damage|p1b: Reema|91\/100|[from] item: Life Orb\n|\n|-weather|RainDance|[upkeep]\n|upkeep\n|inactive|Speefus has 120 seconds left.\n|\n|t:|1696751223\n|switch|p2b: Maractus|Maractus, M|94\/100 brn\n|switch|p2a: Politoed|Politoed, F|100\/100\n|turn|9\n|\n|t:|1696751243\n|-terastallize|p2b: Maractus|Steel\n|move|p1a: Ferrer|Freeze-Dry|p2a: Politoed\n|-supereffective|p2a: Politoed\n|-crit|p2a: Politoed\n|-damage|p2a: Politoed|0 fnt\n|faint|p2a: Politoed\n|move|p2b: Maractus|Hidden Power|p1a: Ferrer\n|-supereffective|p1a: Ferrer\n|-damage|p1a: Ferrer|27\/100\n|move|p1b: Reema|Thunder Punch|p2b: Maractus\n|-damage|p2b: Maractus|32\/100 brn\n|-damage|p1b: Reema|81\/100|[from] item: Life Orb\n|\n|-weather|RainDance|[upkeep]\n|-heal|p2b: Maractus|39\/100 brn|[from] item: Leftovers\n|-damage|p2b: Maractus|32\/100 brn|[from] brn\n|upkeep\n|inactive|Speefus has 120 seconds left.\n|\n|t:|1696751263\n|switch|p2a: Gastrodon|Gastrodon, F|76\/100 brn\n|turn|10\n|\n|t:|1696751278\n|-terastallize|p1a: Ferrer|Fighting\n|move|p2a: Gastrodon|Protect|p2a: Gastrodon\n|-singleturn|p2a: Gastrodon|Protect\n|move|p1a: Ferrer|Tera Blast|p2b: Maractus|[anim] Tera Blast Fighting\n|-supereffective|p2b: Maractus\n|-damage|p2b: Maractus|0 fnt\n|faint|p2b: Maractus\n|move|p1b: Reema|Drain Punch|p2a: Gastrodon\n|-activate|p2a: Gastrodon|move: Protect\n|\n|-weather|RainDance|[upkeep]\n|-damage|p2a: Gastrodon|70\/100 brn|[from] brn\n|upkeep\n|\n|t:|1696751287\n|switch|p2b: Tornadus|Tornadus, M|100\/100\n|turn|11\n|\n|t:|1696751302\n|move|p2b: Tornadus|Bleakwind Storm|p1a: Ferrer|[spread] p1a,p1b\n|-supereffective|p1a: Ferrer\n|-damage|p1a: Ferrer|0 fnt\n|-damage|p1b: Reema|56\/100\n|-unboost|p1b: Reema|spe|1\n|faint|p1a: Ferrer\n|-end|p1a: Ferrer|Quark Drive|[silent]\n|move|p2a: Gastrodon|Earth Power|p1b: Reema\n|-supereffective|p1b: Reema\n|-crit|p1b: Reema\n|-damage|p1b: Reema|0 fnt\n|faint|p1b: Reema\n|-end|p1b: Reema|Quark Drive|[silent]\n|\n|-weather|none\n|-damage|p2a: Gastrodon|63\/100 brn|[from] brn\n|upkeep\n|\n|t:|1696751307\n|switch|p1b: Mishka|Pelipper, F|100\/100\n|-weather|RainDance|[from] ability: Drizzle|[of] p1b: Mishka\n|turn|12\n|\n|t:|1696751324\n|move|p2b: Tornadus|Bleakwind Storm|p1b: Mishka\n|-damage|p1b: Mishka|4\/100\n|-unboost|p1b: Mishka|spe|1\n|move|p1b: Mishka|Blizzard|p2b: Tornadus|[spread] p2a,p2b\n|-supereffective|p2b: Tornadus\n|-crit|p2b: Tornadus\n|-damage|p2a: Gastrodon|42\/100 brn\n|-damage|p2b: Tornadus|0 fnt\n|-enditem|p2a: Gastrodon|Sitrus Berry|[eat]\n|-heal|p2a: Gastrodon|67\/100 brn|[from] item: Sitrus Berry\n|faint|p2b: Tornadus\n|move|p2a: Gastrodon|Toxic|p1b: Mishka\n|-status|p1b: Mishka|tox\n|\n|-weather|RainDance|[upkeep]\n|-damage|p1b: Mishka|0 fnt|[from] psn\n|faint|p1b: Mishka\n|\n|win|Speefus\n|upkeep\n|raw|aceth3ebase's rating: 1042 &rarr; <strong>1030<\/strong><br \/>(-12 for losing)\n|raw|Speefus's rating: 1143 &rarr; <strong>1161<\/strong><br \/>(+18 for winning)\n|l|\u2606Speefus\n","uploadtime":1696751350,"views":9,"p1id":"aceth3ebase","p2id":"speefus","formatid":"gen9nationaldexdoubles","rating":1030,"private":0,"password":""}