{"id":"gen9nationaldexdoubles-1990874969","p1":"Rodtime","p2":"Nova_Striekor","format":"[Gen 9] National Dex Doubles","log":"|j|\u2606Rodtime\n|j|\u2606Nova_Striekor\n|t:|1700010167\n|gametype|doubles\n|player|p1|Rodtime|steven|1008\n|player|p2|Nova_Striekor|carmine-festival|1223\n|teamsize|p1|6\n|teamsize|p2|6\n|gen|9\n|tier|[Gen 9] National Dex Doubles\n|rated|\n|rule|HP Percentage Mod: HP is shown in percentages\n|rule|Endless Battle Clause: Forcing endless battles is banned\n|rule|OHKO Clause: OHKO moves are banned\n|rule|Evasion Moves Clause: Evasion moves are banned\n|rule|Evasion Abilities Clause: Evasion abilities are banned\n|rule|Species Clause: Limit one of each Pok\u00e9mon\n|rule|Gravity Sleep Clause: The combination of sleep-inducing moves with imperfect accuracy and Gravity or Gigantamax Orbeetle are banned\n|clearpoke\n|poke|p1|Regigigas|\n|poke|p1|Dodrio, M|\n|poke|p1|Typhlosion-Hisui, F|\n|poke|p1|Weezing-Galar, F|\n|poke|p1|Conkeldurr, M|\n|poke|p1|Noivern, F|\n|poke|p2|Metagross|\n|poke|p2|Tornadus, M|\n|poke|p2|Slowbro-Galar, M|\n|poke|p2|Chien-Pao|\n|poke|p2|Urshifu-*, F|\n|poke|p2|Landorus-Therian, M|\n|teampreview\n|\n|t:|1700010222\n|start\n|switch|p1a: Conkeldurr|Conkeldurr, M, shiny|100\/100\n|switch|p1b: Dodrio|Dodrio, M|100\/100\n|switch|p2a: The meta is gross|Metagross, shiny|100\/100\n|switch|p2b: Tornado|Tornadus, M, shiny|100\/100\n|turn|1\n|c|\u2606Rodtime|So I got sucked up by my last battle so like chill\n|\n|t:|1700010247\n|move|p2b: Tornado|Brutal Swing|p1a: Conkeldurr|[spread] p2a,p1a,p1b\n|-supereffective|p2a: The meta is gross\n|-resisted|p1a: Conkeldurr\n|-damage|p2a: The meta is gross|83\/100\n|-damage|p1a: Conkeldurr|97\/100\n|-damage|p1b: Dodrio|87\/100\n|-enditem|p2a: The meta is gross|Weakness Policy\n|-boost|p2a: The meta is gross|atk|2|[from] item: Weakness Policy\n|-boost|p2a: The meta is gross|spa|2|[from] item: Weakness Policy\n|move|p1b: Dodrio|Steel Wing|p2b: Tornado\n|-damage|p2b: Tornado|81\/100\n|move|p2a: The meta is gross|Zen Headbutt|p1a: Conkeldurr\n|-supereffective|p1a: Conkeldurr\n|-damage|p1a: Conkeldurr|0 fnt\n|faint|p1a: Conkeldurr\n|\n|upkeep\n|c|\u2606Nova_Striekor|hrm\n|\n|t:|1700010273\n|switch|p1a: Weezing|Weezing-Galar, F|100\/100\n|turn|2\n|c|\u2606Nova_Striekor|zoomboi\n|c|\u2606Nova_Striekor|thank you for running levitate\n|c|\u2606Nova_Striekor|and not nuetral\n|\n|t:|1700010311\n|move|p2b: Tornado|Tailwind|p2b: Tornado\n|-sidestart|p2: Nova_Striekor|move: Tailwind\n|move|p2a: The meta is gross|Zen Headbutt|p1a: Weezing\n|-supereffective|p1a: Weezing\n|-damage|p1a: Weezing|0 fnt\n|faint|p1a: Weezing\n|move|p1b: Dodrio|Steel Wing|p2b: Tornado\n|-damage|p2b: Tornado|63\/100\n|\n|upkeep\n|c|\u2606Rodtime|Wow\n|\n|t:|1700010324\n|switch|p1a: Typhlosion|Typhlosion-Hisui, F|100\/100\n|turn|3\n|c|\u2606Nova_Striekor|no\n|\n|t:|1700010344\n|switch|p1b: Noivern|Noivern, F, shiny|100\/100\n|move|p2b: Tornado|Rain Dance|p2b: Tornado\n|-weather|RainDance\n|move|p2a: The meta is gross|Earthquake|p1b: Noivern|[spread] p1a\n|-immune|p2b: Tornado\n|-immune|p1b: Noivern\n|-supereffective|p1a: Typhlosion\n|-damage|p1a: Typhlosion|0 fnt\n|faint|p1a: Typhlosion\n|\n|-weather|RainDance|[upkeep]\n|upkeep\n|c|\u2606Nova_Striekor|erutpying\n|c|\u2606Nova_Striekor|nuh uh uh\n|\n|t:|1700010360\n|switch|p1a: Dodrio|Dodrio, M|87\/100\n|turn|4\n|c|\u2606Rodtime|My team \ud83d\udc80\ud83d\udc80\n|c|\u2606Nova_Striekor|ded\n|\n|t:|1700010387\n|move|p2b: Tornado|Bleakwind Storm|p1a: Dodrio|[spread] p1a,p1b\n|-damage|p1a: Dodrio|57\/100\n|-damage|p1b: Noivern|63\/100\n|move|p2a: The meta is gross|Iron Head|p1b: Noivern\n|-damage|p1b: Noivern|0 fnt\n|faint|p1b: Noivern\n|move|p1a: Dodrio|Steel Wing|p2b: Tornado\n|-damage|p2b: Tornado|43\/100\n|-enditem|p2b: Tornado|Sitrus Berry|[eat]\n|-heal|p2b: Tornado|68\/100|[from] item: Sitrus Berry\n|\n|-weather|RainDance|[upkeep]\n|upkeep\n|c|\u2606Nova_Striekor|bonk\n|c|\u2606Nova_Striekor|ggwp\n|c|\u2606Rodtime|By what purpose\n|\n|t:|1700010419\n|switch|p1b: Regigigas|Regigigas, shiny|100\/100\n|-start|p1b: Regigigas|ability: Slow Start\n|turn|5\n|c|\u2606Nova_Striekor|slow start lmao\n|\n|t:|1700010439\n|-terastallize|p2a: The meta is gross|Ground\n|-terastallize|p1b: Regigigas|Ghost\n|move|p2b: Tornado|Bleakwind Storm|p1a: Dodrio|[spread] p1a,p1b\n|-damage|p1a: Dodrio|31\/100\n|-damage|p1b: Regigigas|79\/100\n|move|p2a: The meta is gross|Earthquake|p1b: Regigigas|[spread] p1b\n|-immune|p2b: Tornado\n|-immune|p1a: Dodrio\n|-damage|p1b: Regigigas|21\/100\n|move|p1a: Dodrio|Fly||[still]\n|-prepare|p1a: Dodrio|Fly\n|move|p1b: Regigigas|Heat Crash|p2a: The meta is gross\n|-damage|p2a: The meta is gross|80\/100\n|\n|-weather|RainDance|[upkeep]\n|-heal|p1b: Regigigas|27\/100|[from] item: Leftovers\n|-sideend|p2: Nova_Striekor|move: Tailwind\n|upkeep\n|turn|6\n|c|\u2606Nova_Striekor|metagross is a heavy boi\n|\n|t:|1700010475\n|move|p2b: Tornado|Tailwind|p2b: Tornado\n|-sidestart|p2: Nova_Striekor|move: Tailwind\n|move|p2a: The meta is gross|Iron Head|p1b: Regigigas\n|-damage|p1b: Regigigas|0 fnt\n|faint|p1b: Regigigas\n|-end|p1b: Regigigas|Slow Start|[silent]\n|move|p1a: Dodrio|Fly|p2b: Tornado|[from]lockedmove\n|-damage|p2b: Tornado|27\/100\n|\n|-weather|RainDance|[upkeep]\n|upkeep\n|turn|7\n|c|\u2606Nova_Striekor|ggwp\n|c|\u2606Rodtime|Then why is he so fast\n|\n|t:|1700010505\n|move|p2b: Tornado|Bleakwind Storm|p1a: Dodrio\n|-damage|p1a: Dodrio|0 fnt\n|faint|p1a: Dodrio\n|\n|win|Nova_Striekor\n|raw|Rodtime's rating: 1008 &rarr; <strong>1003<\/strong><br \/>(-5 for losing)\n|raw|Nova_Striekor's rating: 1223 &rarr; <strong>1234<\/strong><br \/>(+11 for winning)\n|c|\u2606Nova_Striekor|idk\n","uploadtime":1700010516,"views":7,"p1id":"rodtime","p2id":"novastriekor","formatid":"gen9nationaldexdoubles","rating":1003,"private":0,"password":""}