{"id":"gen9nationaldexdoubles-1978579636","p1":"El Ryuk456","p2":"oonation","format":"[Gen 9] National Dex Doubles","log":"|j|\u2606El Ryuk456\n|j|\u2606oonation\n|t:|1698559691\n|gametype|doubles\n|player|p1|El Ryuk456|ingo|1422\n|player|p2|oonation|elesa-gen5bw2|1509\n|teamsize|p1|6\n|teamsize|p2|6\n|gen|9\n|tier|[Gen 9] National Dex Doubles\n|rated|\n|rule|HP Percentage Mod: HP is shown in percentages\n|rule|Endless Battle Clause: Forcing endless battles is banned\n|rule|OHKO Clause: OHKO moves are banned\n|rule|Evasion Moves Clause: Evasion moves are banned\n|rule|Evasion Abilities Clause: Evasion abilities are banned\n|rule|Species Clause: Limit one of each Pok\u00e9mon\n|rule|Gravity Sleep Clause: The combination of sleep-inducing moves with imperfect accuracy and Gravity or Gigantamax Orbeetle are banned\n|clearpoke\n|poke|p1|Thundurus-Therian, M|\n|poke|p1|Latias, F|\n|poke|p1|Pelipper, M|\n|poke|p1|Blastoise, M|\n|poke|p1|Gardevoir, F|\n|poke|p1|Meowscarada, M|\n|poke|p2|Marshadow|\n|poke|p2|Rillaboom, M|\n|poke|p2|Diancie|\n|poke|p2|Palafin, M|\n|poke|p2|Salamence, M|\n|poke|p2|Heatran, M|\n|teampreview\n|inactive|Battle timer is ON: inactive players will automatically lose when time's up. (requested by oonation)\n|inactive|El Ryuk456 has 120 seconds left.\n|inactive|oonation has 120 seconds left.\n|\n|t:|1698559729\n|start\n|switch|p1a: Mine Mine|Pelipper, M|100\/100\n|switch|p1b: Strike|Thundurus-Therian, M|100\/100\n|switch|p2a: Marshadow|Marshadow|100\/100\n|switch|p2b: Palafin|Palafin, M|100\/100\n|-weather|RainDance|[from] ability: Drizzle|[of] p1a: Mine Mine\n|turn|1\n|\n|t:|1698559756\n|detailschange|p2b: Palafin|Palafin-Hero, M\n|switch|p2b: Salamence|Salamence, M|100\/100\n|-ability|p2b: Salamence|Intimidate|boost\n|-unboost|p1a: Mine Mine|atk|1\n|-unboost|p1b: Strike|atk|1\n|move|p2a: Marshadow|Spectral Thief|p1b: Strike\n|-damage|p1b: Strike|34\/100\n|move|p1b: Strike|Wildbolt Storm|p2a: Marshadow|[spread] p2a,p2b\n|-damage|p2a: Marshadow|39\/100\n|-damage|p2b: Salamence|38\/100\n|move|p1a: Mine Mine|Hurricane|p2a: Marshadow\n|-supereffective|p2a: Marshadow\n|-damage|p2a: Marshadow|0 fnt\n|faint|p2a: Marshadow\n|\n|-weather|RainDance|[upkeep]\n|upkeep\n|inactive|oonation has 120 seconds left.\n|\n|t:|1698559772\n|switch|p2a: Diancie|Diancie|100\/100\n|turn|2\n|\n|t:|1698559777\n|switch|p1b: Harbor|Blastoise, M|100\/100\n|move|p2b: Salamence|Tailwind|p2b: Salamence\n|-sidestart|p2: oonation|move: Tailwind\n|move|p1a: Mine Mine|Tailwind|p1a: Mine Mine\n|-sidestart|p1: El Ryuk456|move: Tailwind\n|move|p2a: Diancie|Diamond Storm|p1a: Mine Mine|[spread] p1a,p1b\n|-supereffective|p1a: Mine Mine\n|-damage|p1a: Mine Mine|26\/100\n|-damage|p1b: Harbor|78\/100\n|-boost|p2a: Diancie|def|2\n|\n|-weather|RainDance|[upkeep]\n|-heal|p1b: Harbor|84\/100|[from] ability: Rain Dish\n|-heal|p1b: Harbor|90\/100|[from] item: Leftovers\n|upkeep\n|turn|3\n|\n|t:|1698559798\n|switch|p1a: Mirage|Latias, F|100\/100\n|detailschange|p2b: Salamence|Salamence-Mega, M\n|-mega|p2b: Salamence|Salamence|Salamencite\n|-terastallize|p2a: Diancie|Grass\n|move|p2b: Salamence|Hyper Voice|p1a: Mirage|[spread] p1a,p1b\n|-damage|p1a: Mirage|77\/100\n|-damage|p1b: Harbor|60\/100\n|move|p1b: Harbor|Scald|p2a: Diancie\n|-resisted|p2a: Diancie\n|-damage|p2a: Diancie|88\/100\n|move|p2a: Diancie|Diamond Storm|p1a: Mirage|[spread] p1a,p1b\n|-damage|p1a: Mirage|41\/100\n|-damage|p1b: Harbor|38\/100\n|\n|-weather|RainDance|[upkeep]\n|-heal|p1b: Harbor|44\/100|[from] ability: Rain Dish\n|-heal|p1b: Harbor|50\/100|[from] item: Leftovers\n|upkeep\n|turn|4\n|\n|t:|1698559821\n|move|p2b: Salamence|Hyper Voice|p1a: Mirage|[spread] p1a,p1b\n|-damage|p1a: Mirage|17\/100\n|-damage|p1b: Harbor|24\/100\n|-zpower|p1a: Mirage\n|move|p1a: Mirage|Shattered Psyche|p2b: Salamence|[zeffect]\n|-crit|p2b: Salamence\n|-damage|p2b: Salamence|0 fnt\n|faint|p2b: Salamence\n|move|p1b: Harbor|Scald|p2a: Diancie\n|-resisted|p2a: Diancie\n|-damage|p2a: Diancie|75\/100\n|move|p2a: Diancie|Diamond Storm|p1a: Mirage|[spread] p1b\n|-miss|p2a: Diancie|p1a: Mirage\n|-damage|p1b: Harbor|1\/100\n|-boost|p2a: Diancie|def|2\n|\n|-weather|RainDance|[upkeep]\n|-heal|p1b: Harbor|7\/100|[from] ability: Rain Dish\n|-heal|p1b: Harbor|13\/100|[from] item: Leftovers\n|upkeep\n|\n|t:|1698559840\n|switch|p2b: Rillaboom|Rillaboom, M|100\/100\n|-fieldstart|move: Grassy Terrain|[from] ability: Grassy Surge|[of] p2b: Rillaboom\n|turn|5\n|\n|t:|1698559846\n|move|p1b: Harbor|Protect|p1b: Harbor\n|-singleturn|p1b: Harbor|Protect\n|move|p2b: Rillaboom|Fake Out|p1a: Mirage\n|-damage|p1a: Mirage|2\/100\n|cant|p1a: Mirage|flinch\n|move|p2a: Diancie|Diamond Storm|p1a: Mirage|[spread] p1a\n|-activate|p1b: Harbor|move: Protect\n|-damage|p1a: Mirage|0 fnt\n|-boost|p2a: Diancie|def|2\n|faint|p1a: Mirage\n|\n|-weather|RainDance|[upkeep]\n|-heal|p1b: Harbor|19\/100|[from] ability: Rain Dish\n|-heal|p1b: Harbor|25\/100|[from] Grassy Terrain\n|-heal|p1b: Harbor|31\/100|[from] item: Leftovers\n|-heal|p2a: Diancie|82\/100|[from] Grassy Terrain\n|-sideend|p1: El Ryuk456|move: Tailwind\n|-sideend|p2: oonation|move: Tailwind\n|upkeep\n|\n|t:|1698559867\n|switch|p1a: Belle|Gardevoir, F, shiny|100\/100\n|-ability|p1a: Belle|Clear Body|[from] ability: Trace|[of] p2a: Diancie\n|turn|6\n|\n|t:|1698559880\n|detailschange|p1a: Belle|Gardevoir-Mega, F, shiny\n|-mega|p1a: Belle|Gardevoir|Gardevoirite\n|-terastallize|p1b: Harbor|Poison\n|move|p2b: Rillaboom|Grassy Glide|p1a: Belle\n|-damage|p1a: Belle|57\/100\n|move|p1a: Belle|Hyper Voice|p2a: Diancie|[spread] p2a,p2b\n|-damage|p2a: Diancie|42\/100\n|-damage|p2b: Rillaboom|68\/100\n|move|p1b: Harbor|Scald|p2a: Diancie\n|-resisted|p2a: Diancie\n|-damage|p2a: Diancie|28\/100\n|-status|p2a: Diancie|brn\n|move|p2a: Diancie|Diamond Storm|p1a: Belle|[spread] p1a,p1b\n|-damage|p1a: Belle|39\/100\n|-damage|p1b: Harbor|20\/100\n|\n|-weather|RainDance|[upkeep]\n|-heal|p1b: Harbor|26\/100|[from] ability: Rain Dish\n|-heal|p1a: Belle|45\/100|[from] Grassy Terrain\n|-heal|p2b: Rillaboom|74\/100|[from] Grassy Terrain\n|-heal|p1b: Harbor|32\/100|[from] Grassy Terrain\n|-heal|p1b: Harbor|38\/100|[from] item: Leftovers\n|-heal|p2a: Diancie|35\/100 brn|[from] Grassy Terrain\n|-damage|p2a: Diancie|28\/100 brn|[from] brn\n|upkeep\n|turn|7\n|\n|t:|1698559904\n|move|p2a: Diancie|Protect|p2a: Diancie\n|-singleturn|p2a: Diancie|Protect\n|move|p1b: Harbor|Follow Me|p1b: Harbor\n|-singleturn|p1b: Harbor|move: Follow Me\n|move|p2b: Rillaboom|Grassy Glide|p1b: Harbor\n|-resisted|p1b: Harbor\n|-damage|p1b: Harbor|25\/100\n|move|p1a: Belle|Hyper Voice|p2a: Diancie|[spread] p2b\n|-activate|p2a: Diancie|move: Protect\n|-damage|p2b: Rillaboom|39\/100\n|\n|-weather|RainDance|[upkeep]\n|-heal|p1b: Harbor|31\/100|[from] ability: Rain Dish\n|-heal|p1a: Belle|51\/100|[from] Grassy Terrain\n|-heal|p2b: Rillaboom|45\/100|[from] Grassy Terrain\n|-heal|p1b: Harbor|37\/100|[from] Grassy Terrain\n|-heal|p1b: Harbor|43\/100|[from] item: Leftovers\n|-heal|p2a: Diancie|35\/100 brn|[from] Grassy Terrain\n|-damage|p2a: Diancie|28\/100 brn|[from] brn\n|upkeep\n|turn|8\n|inactive|oonation has 120 seconds left.\n|\n|t:|1698559939\n|move|p1b: Harbor|Follow Me|p1b: Harbor\n|-singleturn|p1b: Harbor|move: Follow Me\n|move|p1a: Belle|Hyper Voice|p2b: Rillaboom|[spread] p2a,p2b\n|-damage|p2a: Diancie|0 fnt\n|-damage|p2b: Rillaboom|12\/100\n|faint|p2a: Diancie\n|move|p2b: Rillaboom|U-turn|p1b: Harbor\n|-resisted|p1b: Harbor\n|-crit|p1b: Harbor\n|-damage|p1b: Harbor|30\/100\n|inactive|oonation has 120 seconds left.\n|\n|t:|1698559952\n|switch|p2b: Palafin|Palafin-Hero, M|100\/100|[from] U-turn\n|-activate|p2b: Palafin|ability: Zero to Hero\n|\n|-weather|none\n|-heal|p1a: Belle|57\/100|[from] Grassy Terrain\n|-heal|p1b: Harbor|36\/100|[from] Grassy Terrain\n|-heal|p1b: Harbor|42\/100|[from] item: Leftovers\n|upkeep\n|\n|t:|1698559960\n|switch|p2a: Rillaboom|Rillaboom, M|12\/100\n|turn|9\n|\n|t:|1698559968\n|move|p1a: Belle|Protect|p1a: Belle\n|-singleturn|p1a: Belle|Protect\n|move|p1b: Harbor|Protect|p1b: Harbor\n|-singleturn|p1b: Harbor|Protect\n|move|p2a: Rillaboom|Fake Out|p1b: Harbor\n|-activate|p1b: Harbor|move: Protect\n|move|p2b: Palafin|Jet Punch|p1a: Belle\n|-activate|p1a: Belle|move: Protect\n|\n|-heal|p1a: Belle|63\/100|[from] Grassy Terrain\n|-heal|p2a: Rillaboom|18\/100|[from] Grassy Terrain\n|-heal|p1b: Harbor|49\/100|[from] Grassy Terrain\n|-heal|p1b: Harbor|55\/100|[from] item: Leftovers\n|-fieldend|move: Grassy Terrain\n|upkeep\n|turn|10\n|\n|t:|1698559982\n|move|p1b: Harbor|Follow Me|p1b: Harbor\n|-singleturn|p1b: Harbor|move: Follow Me\n|move|p2b: Palafin|Jet Punch|p1b: Harbor\n|-damage|p1b: Harbor|25\/100\n|move|p1a: Belle|Hyper Voice|p2b: Palafin|[spread] p2a,p2b\n|-damage|p2a: Rillaboom|0 fnt\n|-damage|p2b: Palafin|54\/100\n|faint|p2a: Rillaboom\n|\n|-heal|p1b: Harbor|31\/100|[from] item: Leftovers\n|upkeep\n|\n|t:|1698559987\n|switch|p2a: Heatran|Heatran, M|100\/100\n|turn|11\n|-message|oonation forfeited.\n|\n|win|El Ryuk456\n|raw|El Ryuk456's rating: 1422 &rarr; <strong>1447<\/strong><br \/>(+25 for winning)\n|raw|oonation's rating: 1509 &rarr; <strong>1484<\/strong><br \/>(-25 for losing)\n|l|\u2606oonation\n","uploadtime":1698560028,"views":13,"p1id":"elryuk456","p2id":"oonation","formatid":"gen9nationaldexdoubles","rating":1447,"private":0,"password":""}