{"id":"gen9nationaldexdoubles-1993043033","p1":"Vican259","p2":"xephos223","format":"[Gen 9] National Dex Doubles","log":"|j|\u2606Vican259\n|j|\u2606xephos223\n|t:|1700258480\n|gametype|doubles\n|player|p1|Vican259|iris-gen5bw2|\n|player|p2|xephos223|gambler|\n|teamsize|p1|6\n|teamsize|p2|6\n|gen|9\n|tier|[Gen 9] National Dex Doubles\n|rule|HP Percentage Mod: HP is shown in percentages\n|rule|Endless Battle Clause: Forcing endless battles is banned\n|rule|OHKO Clause: OHKO moves are banned\n|rule|Evasion Moves Clause: Evasion moves are banned\n|rule|Evasion Abilities Clause: Evasion abilities are banned\n|rule|Species Clause: Limit one of each Pok\u00e9mon\n|rule|Gravity Sleep Clause: The combination of sleep-inducing moves with imperfect accuracy and Gravity or Gigantamax Orbeetle are banned\n|clearpoke\n|poke|p1|Stakataka|\n|poke|p1|Araquanid, M|\n|poke|p1|Buzzwole|\n|poke|p1|Guzzlord|\n|poke|p1|Blacephalon|\n|poke|p1|Celesteela|\n|poke|p2|Gallade, M|\n|poke|p2|Garchomp, M|\n|poke|p2|Magnezone|\n|poke|p2|Gastrodon, F|\n|poke|p2|Togekiss, M|\n|poke|p2|Lucario, M|\n|teampreview\n|\n|t:|1700258498\n|start\n|switch|p1a: Stakataka|Stakataka|100\/100\n|switch|p1b: Guzzlord|Guzzlord|100\/100\n|switch|p2a: OU|Garchomp, M|100\/100\n|switch|p2b: :)|Togekiss, M|100\/100\n|turn|1\n|\n|t:|1700258516\n|move|p2a: OU|Outrage|p1b: Guzzlord\n|-supereffective|p1b: Guzzlord\n|-damage|p1b: Guzzlord|0 fnt\n|faint|p1b: Guzzlord\n|move|p2b: :)|Air Slash|p1a: Stakataka\n|-resisted|p1a: Stakataka\n|-damage|p1a: Stakataka|92\/100\n|cant|p1a: Stakataka|flinch\n|\n|-heal|p1a: Stakataka|98\/100|[from] item: Leftovers\n|upkeep\n|\n|t:|1700258541\n|switch|p1b: Araquanid|Araquanid, M|100\/100\n|turn|2\n|\n|t:|1700258548\n|-terastallize|p1a: Stakataka|Flying\n|move|p2a: OU|Outrage|p1a: Stakataka|[from]lockedmove\n|-damage|p1a: Stakataka|63\/100\n|move|p2b: :)|Air Slash|p1a: Stakataka\n|-damage|p1a: Stakataka|28\/100\n|move|p1b: Araquanid|Sticky Web|p2a: OU\n|-sidestart|p2: xephos223|move: Sticky Web\n|cant|p1a: Stakataka|flinch\n|\n|-heal|p1a: Stakataka|34\/100|[from] item: Leftovers\n|upkeep\n|turn|3\n|\n|t:|1700258567\n|switch|p1a: Celesteela|Celesteela|100\/100\n|move|p2a: OU|Outrage|p1a: Celesteela|[from]lockedmove\n|-resisted|p1a: Celesteela\n|-damage|p1a: Celesteela|73\/100\n|-start|p2a: OU|confusion|[fatigue]\n|move|p2b: :)|Air Slash|p1a: Celesteela\n|-resisted|p1a: Celesteela\n|-damage|p1a: Celesteela|60\/100\n|move|p1b: Araquanid|Liquidation|p2b: :)\n|-damage|p2b: :)|37\/100\n|\n|-heal|p1a: Celesteela|66\/100|[from] item: Leftovers\n|upkeep\n|turn|4\n|\n|t:|1700258591\n|switch|p2a: Beep Boop|Magnezone|100\/100\n|-activate|p2a: Beep Boop|move: Sticky Web\n|-unboost|p2a: Beep Boop|spe|1\n|move|p1b: Araquanid|Protect|p1b: Araquanid\n|-singleturn|p1b: Araquanid|Protect\n|move|p2b: :)|Roost|p2b: :)\n|-heal|p2b: :)|88\/100\n|-singleturn|p2b: :)|move: Roost\n|move|p1a: Celesteela|Heavy Slam|p2b: :)\n|-supereffective|p2b: :)\n|-damage|p2b: :)|0 fnt\n|faint|p2b: :)\n|-ability|p1a: Celesteela|Beast Boost|boost\n|-boost|p1a: Celesteela|spd|1\n|\n|-heal|p1a: Celesteela|73\/100|[from] item: Leftovers\n|upkeep\n|\n|t:|1700258607\n|switch|p2b: OU|Garchomp, M|100\/100\n|-activate|p2b: OU|move: Sticky Web\n|-unboost|p2b: OU|spe|1\n|turn|5\n|\n|t:|1700258621\n|-terastallize|p2a: Beep Boop|Flying\n|move|p2b: OU|Earthquake|p1b: Araquanid|[spread] p1b\n|-immune|p2a: Beep Boop\n|-immune|p1a: Celesteela\n|-resisted|p1b: Araquanid\n|-damage|p1b: Araquanid|81\/100\n|move|p1a: Celesteela|Flamethrower|p2a: Beep Boop\n|-damage|p2a: Beep Boop|77\/100\n|move|p1b: Araquanid|Liquidation|p2b: OU\n|-damage|p2b: OU|40\/100\n|-damage|p1b: Araquanid|69\/100|[from] ability: Rough Skin|[of] p2b: OU\n|move|p2a: Beep Boop|Reflect|p2a: Beep Boop\n|-sidestart|p2: xephos223|Reflect\n|\n|-heal|p1a: Celesteela|79\/100|[from] item: Leftovers\n|upkeep\n|turn|6\n|\n|t:|1700258647\n|move|p1b: Araquanid|Protect|p1b: Araquanid\n|-singleturn|p1b: Araquanid|Protect\n|move|p2b: OU|Outrage|p1a: Celesteela\n|-resisted|p1a: Celesteela\n|-damage|p1a: Celesteela|52\/100\n|move|p1a: Celesteela|Heavy Slam|p2a: Beep Boop\n|-damage|p2a: Beep Boop|46\/100\n|-damage|p1a: Celesteela|36\/100|[from] item: Rocky Helmet|[of] p2a: Beep Boop\n|move|p2a: Beep Boop|Discharge|p1a: Celesteela|[spread] p1a\n|-activate|p1b: Araquanid|move: Protect\n|-immune|p2b: OU\n|-supereffective|p1a: Celesteela\n|-damage|p1a: Celesteela|2\/100\n|\n|-heal|p1a: Celesteela|8\/100|[from] item: Leftovers\n|upkeep\n|turn|7\n|\n|t:|1700258671\n|move|p2b: OU|Outrage|p1a: Celesteela|[from]lockedmove\n|-resisted|p1a: Celesteela\n|-damage|p1a: Celesteela|0 fnt\n|faint|p1a: Celesteela\n|-start|p2b: OU|confusion|[fatigue]\n|move|p1b: Araquanid|Liquidation|p2b: OU\n|-damage|p2b: OU|0 fnt\n|-damage|p1b: Araquanid|56\/100|[from] ability: Rough Skin|[of] p2b: OU\n|faint|p2b: OU\n|move|p2a: Beep Boop|Discharge|p1b: Araquanid\n|-supereffective|p1b: Araquanid\n|-damage|p1b: Araquanid|0 fnt\n|faint|p1b: Araquanid\n|\n|upkeep\n|\n|t:|1700258691\n|switch|p2b: Budget Swampert|Gastrodon, F|100\/100\n|switch|p1a: Buzzwole|Buzzwole|100\/100\n|switch|p1b: Blacephalon|Blacephalon|100\/100\n|-activate|p2b: Budget Swampert|move: Sticky Web\n|-unboost|p2b: Budget Swampert|spe|1\n|turn|8\n|\n|t:|1700258729\n|move|p1b: Blacephalon|Shadow Ball|p2b: Budget Swampert\n|-damage|p2b: Budget Swampert|31\/100\n|move|p1a: Buzzwole|Hammer Arm|p2a: Beep Boop\n|-resisted|p2a: Beep Boop\n|-damage|p2a: Beep Boop|32\/100\n|-unboost|p1a: Buzzwole|spe|1\n|-damage|p1a: Buzzwole|84\/100|[from] item: Rocky Helmet|[of] p2a: Beep Boop\n|move|p2a: Beep Boop|Discharge|p1a: Buzzwole|[spread] p1a,p1b\n|-immune|p2b: Budget Swampert\n|-damage|p1a: Buzzwole|46\/100\n|-damage|p1b: Blacephalon|41\/100\n|move|p2b: Budget Swampert|Earthquake|p1b: Blacephalon|[spread] p1a,p1b\n|-immune|p2a: Beep Boop\n|-resisted|p1a: Buzzwole\n|-supereffective|p1b: Blacephalon\n|-damage|p1a: Buzzwole|40\/100\n|-damage|p1b: Blacephalon|0 fnt\n|faint|p1b: Blacephalon\n|\n|-heal|p1a: Buzzwole|46\/100|[from] item: Leftovers\n|-heal|p2b: Budget Swampert|38\/100|[from] item: Leftovers\n|upkeep\n|\n|t:|1700258749\n|switch|p1b: Stakataka|Stakataka, tera:Flying|34\/100\n|turn|9\n|\n|t:|1700258805\n|move|p1a: Buzzwole|Earthquake|p2b: Budget Swampert|[spread] p2b\n|-immune|p1b: Stakataka\n|-immune|p2a: Beep Boop\n|-damage|p2b: Budget Swampert|22\/100\n|move|p2a: Beep Boop|Flash Cannon|p1a: Buzzwole\n|-damage|p1a: Buzzwole|0 fnt\n|faint|p1a: Buzzwole\n|move|p2b: Budget Swampert|Ice Beam|p1b: Stakataka\n|-supereffective|p1b: Stakataka\n|-damage|p1b: Stakataka|0 fnt\n|faint|p1b: Stakataka\n|\n|win|xephos223\n","uploadtime":1700258820,"views":8,"p1id":"vican259","p2id":"xephos223","formatid":"gen9nationaldexdoubles","rating":0,"private":0,"password":""}