{"id":"gen9nationaldexdoubles-1991765372","p1":"SquidSpring","p2":"Penter","format":"[Gen 9] National Dex Doubles","log":"|j|\u2606SquidSpring\n|j|\u2606Penter\n|t:|1700113318\n|gametype|doubles\n|player|p1|SquidSpring|iono|\n|player|p2|Penter|n|\n|teamsize|p1|6\n|teamsize|p2|6\n|gen|9\n|tier|[Gen 9] National Dex Doubles\n|rated|Tournament battle\n|rule|HP Percentage Mod: HP is shown in percentages\n|rule|Endless Battle Clause: Forcing endless battles is banned\n|rule|OHKO Clause: OHKO moves are banned\n|rule|Evasion Moves Clause: Evasion moves are banned\n|rule|Evasion Abilities Clause: Evasion abilities are banned\n|rule|Species Clause: Limit one of each Pok\u00e9mon\n|rule|Gravity Sleep Clause: The combination of sleep-inducing moves with imperfect accuracy and Gravity or Gigantamax Orbeetle are banned\n|clearpoke\n|poke|p1|Xerneas-*|\n|poke|p1|Calyrex-Shadow|\n|poke|p1|Kyogre|\n|poke|p1|Rayquaza|\n|poke|p1|Zacian-*|\n|poke|p1|Tornadus, M|\n|poke|p2|Calyrex-Ice|\n|poke|p2|Grimmsnarl, M|\n|poke|p2|Zacian-*|\n|poke|p2|Yveltal|\n|poke|p2|Koraidon|\n|poke|p2|Zygarde|\n|teampreview\n|inactive|Battle timer is ON: inactive players will automatically lose when time's up. (requested by SquidSpring)\n|c|\u2606SquidSpring|glhf\n|c|\u2606SquidSpring|bro my autoclicker almost chose my lead for me\n|inactive|SquidSpring has 120 seconds left.\n|\n|t:|1700113367\n|start\n|switch|p1a: Tornadus|Tornadus, M|100\/100\n|switch|p1b: Calyrex|Calyrex-Shadow|100\/100\n|switch|p2a: Calyrex|Calyrex-Ice|100\/100\n|switch|p2b: Grimmsnarl|Grimmsnarl, M|100\/100\n|-ability|p1b: Calyrex|As One\n|-ability|p1b: Calyrex|Unnerve\n|-ability|p2a: Calyrex|As One\n|-ability|p2a: Calyrex|Unnerve\n|turn|1\n|\n|t:|1700113393\n|-terastallize|p2a: Calyrex|Water\n|move|p1a: Tornadus|Tailwind|p1a: Tornadus\n|-sidestart|p1: SquidSpring|move: Tailwind\n|move|p2b: Grimmsnarl|Light Screen|p2b: Grimmsnarl\n|-sidestart|p2: Penter|move: Light Screen\n|move|p1b: Calyrex|Imprison|p1b: Calyrex\n|-start|p1b: Calyrex|move: Imprison\n|cant|p2a: Calyrex|move: Imprison|Trick Room\n|\n|upkeep\n|turn|2\n|j|%Smudge\n|\n|t:|1700113412\n|switch|p1a: Kyogre|Kyogre, shiny|100\/100\n|detailschange|p1a: Kyogre|Kyogre-Primal, shiny\n|-primal|p1a: Kyogre|Blue Orb\n|-weather|PrimordialSea|[from] ability: Primordial Sea|[of] p1a: Kyogre\n|move|p2b: Grimmsnarl|Reflect|p2b: Grimmsnarl\n|-sidestart|p2: Penter|Reflect\n|move|p1b: Calyrex|Astral Barrage|p2b: Grimmsnarl|[spread] p2a,p2b\n|-resisted|p2b: Grimmsnarl\n|-damage|p2a: Calyrex|77\/100\n|-damage|p2b: Grimmsnarl|84\/100\n|move|p2a: Calyrex|Glacial Lance|p1a: Kyogre|[spread] p1a,p1b\n|-resisted|p1a: Kyogre\n|-damage|p1a: Kyogre|66\/100\n|-damage|p1b: Calyrex|24\/100\n|\n|-weather|PrimordialSea|[upkeep]\n|upkeep\n|turn|3\n|\n|t:|1700113427\n|move|p2b: Grimmsnarl|Parting Shot|p1a: Kyogre\n|-unboost|p1a: Kyogre|atk|1\n|-unboost|p1a: Kyogre|spa|1\n|\n|t:|1700113435\n|switch|p2b: Koraidon|Koraidon|100\/100|[from] Parting Shot\n|-ability|p2b: Koraidon|Orichalcum Pulse|[from] primordialsea|[fail]\n|move|p1b: Calyrex|Astral Barrage|p2a: Calyrex|[spread] p2a,p2b\n|-damage|p2a: Calyrex|51\/100\n|-damage|p2b: Koraidon|65\/100\n|move|p1a: Kyogre|Thunder|p2a: Calyrex\n|-supereffective|p2a: Calyrex\n|-damage|p2a: Calyrex|20\/100\n|-status|p2a: Calyrex|par\n|move|p2a: Calyrex|Glacial Lance|p1b: Calyrex|[spread] p1a,p1b\n|-resisted|p1a: Kyogre\n|-damage|p1a: Kyogre|31\/100\n|-damage|p1b: Calyrex|0 fnt\n|faint|p1b: Calyrex\n|-ability|p2a: Calyrex|Chilling Neigh|boost\n|-boost|p2a: Calyrex|atk|1\n|\n|-weather|PrimordialSea|[upkeep]\n|upkeep\n|\n|t:|1700113456\n|switch|p1b: Xerneas|Xerneas, shiny|100\/100\n|-ability|p1b: Xerneas|Fairy Aura\n|turn|4\n|\n|t:|1700113478\n|move|p1b: Xerneas|Geomancy||[still]\n|-prepare|p1b: Xerneas|Geomancy\n|-enditem|p1b: Xerneas|Power Herb\n|-anim|p1b: Xerneas|Geomancy|p1b: Xerneas\n|-boost|p1b: Xerneas|spa|2\n|-boost|p1b: Xerneas|spd|2\n|-boost|p1b: Xerneas|spe|2\n|move|p1a: Kyogre|Thunder|p2a: Calyrex\n|-supereffective|p2a: Calyrex\n|-damage|p2a: Calyrex|0 fnt\n|faint|p2a: Calyrex\n|move|p2b: Koraidon|Collision Course|p1a: Kyogre\n|-damage|p1a: Kyogre|0 fnt\n|faint|p1a: Kyogre\n|-weather|none\n|\n|-sideend|p1: SquidSpring|move: Tailwind\n|upkeep\n|\n|t:|1700113504\n|switch|p1a: Rayquaza|Rayquaza|100\/100\n|switch|p2a: Zacian|Zacian-Crowned|100\/100\n|-ability|p2a: Zacian|Intrepid Sword|boost\n|-boost|p2a: Zacian|atk|1\n|-ability|p1a: Rayquaza|Air Lock\n|turn|5\n|inactive|Penter has 120 seconds left.\n|\n|t:|1700113560\n|switch|p2b: Grimmsnarl|Grimmsnarl, M|84\/100\n|switch|p1a: Zacian|Zacian-Crowned|100\/100\n|-ability|p1a: Zacian|Intrepid Sword|boost\n|-boost|p1a: Zacian|atk|1\n|-terastallize|p1b: Xerneas|Electric\n|move|p1b: Xerneas|Moonblast|p2b: Grimmsnarl\n|-supereffective|p2b: Grimmsnarl\n|-damage|p2b: Grimmsnarl|0 fnt\n|faint|p2b: Grimmsnarl\n|move|p2a: Zacian|Behemoth Blade|p1b: Xerneas\n|-resisted|p1b: Xerneas\n|-damage|p1b: Xerneas|65\/100\n|\n|upkeep\n|inactive|Penter has 90 seconds left.\n|inactive|Penter has 60 seconds left.\n|\n|t:|1700113601\n|switch|p2b: Koraidon|Koraidon|65\/100\n|-weather|SunnyDay|[from] ability: Orichalcum Pulse|[of] p2b: Koraidon\n|-activate|p2b: Koraidon|Orichalcum Pulse|[source]\n|turn|6\n|inactive|Penter has 60 seconds left.\n|\n|t:|1700113637\n|move|p1b: Xerneas|Moonblast|p2b: Koraidon\n|-supereffective|p2b: Koraidon\n|-damage|p2b: Koraidon|0 fnt\n|faint|p2b: Koraidon\n|move|p1a: Zacian|Behemoth Blade|p2a: Zacian\n|-damage|p2a: Zacian|46\/100\n|move|p2a: Zacian|Play Rough|p1b: Xerneas\n|-damage|p1b: Xerneas|0 fnt\n|faint|p1b: Xerneas\n|\n|-weather|SunnyDay|[upkeep]\n|upkeep\n|\n|t:|1700113654\n|switch|p2b: Zygarde|Zygarde|100\/100\n|switch|p1b: Rayquaza|Rayquaza|100\/100\n|-ability|p1b: Rayquaza|Air Lock\n|turn|7\n|inactive|Penter has 90 seconds left.\n|inactive|Penter has 60 seconds left.\n|\n|t:|1700113703\n|detailschange|p1b: Rayquaza|Rayquaza-Mega\n|-mega|p1b: Rayquaza|Rayquaza|\n|-weather|DeltaStream|[from] ability: Delta Stream|[of] p1b: Rayquaza\n|move|p1b: Rayquaza|Protect|p1b: Rayquaza\n|-singleturn|p1b: Rayquaza|Protect\n|move|p2a: Zacian|Play Rough|p1b: Rayquaza\n|-activate|p1b: Rayquaza|move: Protect\n|move|p1a: Zacian|Behemoth Blade|p2a: Zacian\n|-damage|p2a: Zacian|0 fnt\n|faint|p2a: Zacian\n|move|p2b: Zygarde|Dragon Dance|p2b: Zygarde\n|-boost|p2b: Zygarde|atk|1\n|-boost|p2b: Zygarde|spe|1\n|\n|-weather|DeltaStream|[upkeep]\n|upkeep\n|\n|t:|1700113711\n|switch|p2a: Yveltal|Yveltal|100\/100\n|-ability|p2a: Yveltal|Dark Aura\n|turn|8\n|inactive|Penter has 60 seconds left.\n|inactive|Penter has 30 seconds left.\n|\n|t:|1700113759\n|switch|p1a: Tornadus|Tornadus, M|100\/100\n|move|p2b: Zygarde|Dragon Dance|p2b: Zygarde\n|-boost|p2b: Zygarde|atk|1\n|-boost|p2b: Zygarde|spe|1\n|move|p1b: Rayquaza|Dragon Dance|p1b: Rayquaza\n|-boost|p1b: Rayquaza|atk|1\n|-boost|p1b: Rayquaza|spe|1\n|move|p2a: Yveltal|Dark Pulse|p1b: Rayquaza\n|-damage|p1b: Rayquaza|26\/100\n|\n|-weather|DeltaStream|[upkeep]\n|-sideend|p2: Penter|move: Light Screen\n|upkeep\n|turn|9\n|inactive|Penter has 30 seconds left.\n|\n|t:|1700113791\n|move|p1b: Rayquaza|Protect|p1b: Rayquaza\n|-singleturn|p1b: Rayquaza|Protect\n|move|p2b: Zygarde|Extreme Speed|p1b: Rayquaza\n|-activate|p1b: Rayquaza|move: Protect\n|move|p1a: Tornadus|Tailwind|p1a: Tornadus\n|-sidestart|p1: SquidSpring|move: Tailwind\n|move|p2a: Yveltal|Dark Pulse|p1a: Tornadus\n|-damage|p1a: Tornadus|0 fnt\n|faint|p1a: Tornadus\n|\n|-weather|DeltaStream|[upkeep]\n|-sideend|p2: Penter|Reflect\n|upkeep\n|inactive|Penter has 30 seconds left this turn.\n|\n|t:|1700113801\n|switch|p1a: Zacian|Zacian-Crowned|100\/100\n|turn|10\n|inactive|Penter has 30 seconds left.\n|\n|t:|1700113827\n|move|p2b: Zygarde|Protect|p2b: Zygarde\n|-singleturn|p2b: Zygarde|Protect\n|move|p1b: Rayquaza|Extreme Speed|p2b: Zygarde\n|-activate|p2b: Zygarde|move: Protect\n|move|p1a: Zacian|Play Rough|p2b: Zygarde\n|-activate|p2b: Zygarde|move: Protect\n|move|p2a: Yveltal|Oblivion Wing|p1b: Rayquaza\n|-damage|p1b: Rayquaza|0 fnt\n|faint|p1b: Rayquaza\n|-weather|none\n|\n|upkeep\n|turn|11\n|j| eragon11145\n|inactive|Penter has 30 seconds left.\n|inactive|Penter has 20 seconds left.\n|inactive|Penter has 15 seconds left.\n|\n|t:|1700113870\n|move|p1a: Zacian|Play Rough|p2b: Zygarde|[miss]\n|-miss|p1a: Zacian|p2b: Zygarde\n|move|p2b: Zygarde|Thousand Arrows|p1a: Zacian\n|-supereffective|p1a: Zacian\n|-damage|p1a: Zacian|0 fnt\n|faint|p1a: Zacian\n|\n|win|Penter\n|inactive|Penter has 20 seconds left this turn.\n|n|\u2606SquidSpring|squidspring\n|n|\u2606Penter|penter\n|n| Smudge|smudge\n|n| eragon11145|eragon11145\n|c|\u2606SquidSpring|gg\n|l|\u2606SquidSpring\n|l| eragon11145\n","uploadtime":1700114178,"views":5,"p1id":"squidspring","p2id":"penter","formatid":"gen9nationaldexdoubles","rating":0,"private":0,"password":""}