{"id":"gen9nationaldexdoubles-1980837982","p1":"fumbari 24","p2":"LDP333","format":"[Gen 9] National Dex Doubles","log":"|j|\u2606fumbari 24\n|j|\u2606LDP333\n|t:|1698840715\n|gametype|doubles\n|player|p1|fumbari 24|hilbert|1387\n|player|p2|LDP333|riley|1606\n|teamsize|p1|6\n|teamsize|p2|6\n|gen|9\n|tier|[Gen 9] National Dex Doubles\n|rated|\n|rule|HP Percentage Mod: HP is shown in percentages\n|rule|Endless Battle Clause: Forcing endless battles is banned\n|rule|OHKO Clause: OHKO moves are banned\n|rule|Evasion Moves Clause: Evasion moves are banned\n|rule|Evasion Abilities Clause: Evasion abilities are banned\n|rule|Species Clause: Limit one of each Pok\u00e9mon\n|rule|Gravity Sleep Clause: The combination of sleep-inducing moves with imperfect accuracy and Gravity or Gigantamax Orbeetle are banned\n|clearpoke\n|poke|p1|Primeape, M|\n|poke|p1|Maushold|\n|poke|p1|Chesnaught, M|\n|poke|p1|Aggron, M|\n|poke|p1|Aromatisse, F|\n|poke|p1|Grimmsnarl, M|\n|poke|p2|Kommo-o, F|\n|poke|p2|Iron Bundle|\n|poke|p2|Manectric, F|\n|poke|p2|Flutter Mane|\n|poke|p2|Incineroar, M|\n|poke|p2|Rillaboom, F|\n|teampreview\n|inactive|Battle timer is ON: inactive players will automatically lose when time's up. (requested by fumbari 24)\n|\n|t:|1698840758\n|start\n|switch|p1a: Manha Manha|Aromatisse, F|100\/100\n|switch|p1b: Grimmsnarl|Grimmsnarl, M|100\/100\n|switch|p2a: Flutter Mane|Flutter Mane|100\/100\n|switch|p2b: Yuanshen|Rillaboom, F|100\/100\n|-fieldstart|move: Grassy Terrain|[from] ability: Grassy Surge|[of] p2b: Yuanshen\n|turn|1\n|\n|t:|1698840768\n|move|p2b: Yuanshen|Fake Out|p1a: Manha Manha\n|-damage|p1a: Manha Manha|87\/100\n|move|p1b: Grimmsnarl|Light Screen|p1b: Grimmsnarl\n|-sidestart|p1: fumbari 24|move: Light Screen\n|move|p2a: Flutter Mane|Dazzling Gleam|p1b: Grimmsnarl|[spread] p1a,p1b\n|-supereffective|p1b: Grimmsnarl\n|-damage|p1a: Manha Manha|65\/100\n|-damage|p1b: Grimmsnarl|46\/100\n|move|p1a: Manha Manha|Trick Room|p1a: Manha Manha\n|-fieldstart|move: Trick Room|[of] p1a: Manha Manha\n|\n|-heal|p1a: Manha Manha|71\/100|[from] Grassy Terrain\n|-heal|p1b: Grimmsnarl|53\/100|[from] Grassy Terrain\n|upkeep\n|turn|2\n|\n|t:|1698840786\n|move|p1b: Grimmsnarl|Parting Shot|p2a: Flutter Mane\n|-unboost|p2a: Flutter Mane|atk|1\n|-unboost|p2a: Flutter Mane|spa|1\n|\n|t:|1698840793\n|switch|p1b: Steeler|Aggron, M|100\/100|[from] Parting Shot\n|move|p1a: Manha Manha|Wish|p1a: Manha Manha\n|move|p2b: Yuanshen|Wood Hammer|p1a: Manha Manha\n|-damage|p1a: Manha Manha|0 fnt\n|faint|p1a: Manha Manha\n|-damage|p2b: Yuanshen|77\/100|[from] Recoil\n|move|p2a: Flutter Mane|Dazzling Gleam|p1b: Steeler\n|-resisted|p1b: Steeler\n|-damage|p1b: Steeler|86\/100\n|\n|-heal|p1b: Steeler|92\/100|[from] Grassy Terrain\n|-heal|p2b: Yuanshen|83\/100|[from] Grassy Terrain\n|upkeep\n|\n|t:|1698840811\n|switch|p1a: Chespirito|Chesnaught, M, shiny|100\/100\n|turn|3\n|\n|t:|1698840828\n|switch|p2b: EleDog|Manectric, F|100\/100\n|-end|p2a: Flutter Mane|Protosynthesis|[silent]\n|switch|p2a: universe first|Incineroar, M|100\/100\n|-ability|p2a: universe first|Intimidate|boost\n|-unboost|p1a: Chespirito|atk|1\n|-unboost|p1b: Steeler|atk|1\n|detailschange|p1b: Steeler|Aggron-Mega, M\n|-mega|p1b: Steeler|Aggron|Aggronite\n|move|p1b: Steeler|Iron Defense|p1b: Steeler\n|-boost|p1b: Steeler|def|2\n|move|p1a: Chespirito|Iron Defense|p1a: Chespirito\n|-boost|p1a: Chespirito|def|2\n|\n|-heal|p1b: Steeler|98\/100|[from] Grassy Terrain\n|upkeep\n|turn|4\n|\n|t:|1698840855\n|detailschange|p2b: EleDog|Manectric-Mega, F\n|-mega|p2b: EleDog|Manectric|Manectite\n|-ability|p2b: EleDog|Intimidate|boost\n|-unboost|p1a: Chespirito|atk|1\n|-unboost|p1b: Steeler|atk|1\n|move|p2a: universe first|Fake Out|p1a: Chespirito\n|-damage|p1a: Chespirito|97\/100\n|move|p1b: Steeler|Iron Defense|p1b: Steeler\n|-boost|p1b: Steeler|def|2\n|cant|p1a: Chespirito|flinch\n|move|p2b: EleDog|Overheat|p1b: Steeler\n|-supereffective|p1b: Steeler\n|-damage|p1b: Steeler|54\/100\n|-unboost|p2b: EleDog|spa|2\n|\n|-heal|p1b: Steeler|60\/100|[from] Grassy Terrain\n|-heal|p1a: Chespirito|100\/100|[from] Grassy Terrain\n|upkeep\n|turn|5\n|\n|t:|1698840874\n|move|p1b: Steeler|Body Press|p2b: EleDog\n|-crit|p2b: EleDog\n|-damage|p2b: EleDog|0 fnt\n|faint|p2b: EleDog\n|move|p2a: universe first|Knock Off|p1a: Chespirito\n|-resisted|p1a: Chespirito\n|-damage|p1a: Chespirito|94\/100\n|-enditem|p1a: Chespirito|Leftovers|[from] move: Knock Off|[of] p2a: universe first\n|move|p1a: Chespirito|Body Press|p2a: universe first\n|-supereffective|p2a: universe first\n|-damage|p2a: universe first|0 fnt\n|faint|p2a: universe first\n|\n|-heal|p1b: Steeler|67\/100|[from] Grassy Terrain\n|-heal|p1a: Chespirito|99\/100|[from] Grassy Terrain\n|-sideend|p1: fumbari 24|move: Light Screen\n|-fieldend|move: Trick Room\n|-fieldend|move: Grassy Terrain\n|upkeep\n|\n|t:|1698840887\n|switch|p2b: tie fei wu|Iron Bundle|100\/100\n|switch|p2a: Komm-susser-Tod|Kommo-o, F, shiny|100\/100\n|-enditem|p2b: tie fei wu|Booster Energy\n|-activate|p2b: tie fei wu|ability: Quark Drive|[fromitem]\n|-start|p2b: tie fei wu|quarkdrivespe\n|turn|6\n|l|\u2606fumbari 24\n|inactive|fumbari 24 disconnected and has a minute to reconnect!\n|player|p1|\n|j|\u2606fumbari 24\n|inactive|fumbari 24 reconnected and has 120 seconds left.\n|player|p1|fumbari 24|hilbert\n|\n|t:|1698840925\n|-terastallize|p2b: tie fei wu|Ghost\n|move|p1a: Chespirito|Wide Guard|p1a: Chespirito\n|-singleturn|p1a: Chespirito|Wide Guard\n|move|p2b: tie fei wu|Freeze-Dry|p1a: Chespirito\n|-supereffective|p1a: Chespirito\n|-damage|p1a: Chespirito|40\/100\n|move|p2a: Komm-susser-Tod|Aura Sphere|p1b: Steeler\n|-supereffective|p1b: Steeler\n|-damage|p1b: Steeler|15\/100\n|move|p1b: Steeler|Body Press|p2b: tie fei wu\n|-immune|p2b: tie fei wu\n|\n|upkeep\n|turn|7\n|inactive|fumbari 24 has 120 seconds left.\n|\n|t:|1698840945\n|switch|p1b: Grimmsnarl|Grimmsnarl, M|53\/100\n|move|p1a: Chespirito|Spiky Shield|p1a: Chespirito\n|-singleturn|p1a: Chespirito|move: Protect\n|move|p2b: tie fei wu|Freeze-Dry|p1a: Chespirito\n|-activate|p1a: Chespirito|move: Protect\n|-zpower|p2a: Komm-susser-Tod\n|move|p2a: Komm-susser-Tod|Clangorous Soulblaze|p1b: Grimmsnarl|[zeffect]|[spread] p1a\n|-immune|p1b: Grimmsnarl\n|-zbroken|p1a: Chespirito\n|-damage|p1a: Chespirito|28\/100\n|-boost|p2a: Komm-susser-Tod|atk|1\n|-boost|p2a: Komm-susser-Tod|def|1\n|-boost|p2a: Komm-susser-Tod|spa|1\n|-boost|p2a: Komm-susser-Tod|spd|1\n|-boost|p2a: Komm-susser-Tod|spe|1\n|\n|upkeep\n|turn|8\n|inactive|fumbari 24 has 120 seconds left.\n|\n|t:|1698840971\n|-end|p2b: tie fei wu|Quark Drive|[silent]\n|switch|p2b: Flutter Mane|Flutter Mane|100\/100\n|move|p2a: Komm-susser-Tod|Protect|p2a: Komm-susser-Tod\n|-singleturn|p2a: Komm-susser-Tod|Protect\n|-zpower|p1b: Grimmsnarl\n|move|p1b: Grimmsnarl|Z-Parting Shot|p2b: Flutter Mane|[anim]Parting Shot\n|-activate|p1b: Grimmsnarl|healreplacement\n|-unboost|p2b: Flutter Mane|atk|1\n|-unboost|p2b: Flutter Mane|spa|1\n|inactive|fumbari 24 has 120 seconds left.\n|\n|t:|1698840982\n|switch|p1b: Steeler|Aggron-Mega, M|15\/100|[from] Parting Shot\n|-heal|p1b: Steeler|100\/100|[from] move: Parting Shot|[zeffect]\n|move|p1a: Chespirito|Body Press|p2a: Komm-susser-Tod\n|-activate|p2a: Komm-susser-Tod|move: Protect\n|\n|upkeep\n|turn|9\n|\n|t:|1698840992\n|switch|p1a: Grimmsnarl|Grimmsnarl, M|53\/100\n|move|p1b: Steeler|Protect|p1b: Steeler\n|-singleturn|p1b: Steeler|Protect\n|move|p2a: Komm-susser-Tod|Aura Sphere|p1b: Steeler\n|-activate|p1b: Steeler|move: Protect\n|move|p2b: Flutter Mane|Dazzling Gleam|p1a: Grimmsnarl|[spread] p1a\n|-activate|p1b: Steeler|move: Protect\n|-supereffective|p1a: Grimmsnarl\n|-damage|p1a: Grimmsnarl|0 fnt\n|faint|p1a: Grimmsnarl\n|\n|upkeep\n|inactive|fumbari 24 has 120 seconds left.\n|\n|t:|1698841018\n|switch|p1a: Spectrum|Primeape, M|100\/100\n|turn|10\n|\n|t:|1698841032\n|-terastallize|p1a: Spectrum|Ghost\n|move|p2a: Komm-susser-Tod|Aura Sphere|p1b: Steeler\n|-supereffective|p1b: Steeler\n|-damage|p1b: Steeler|35\/100\n|move|p2b: Flutter Mane|Dazzling Gleam|p1a: Spectrum|[spread] p1a,p1b\n|-resisted|p1b: Steeler\n|-damage|p1a: Spectrum|79\/100\n|-damage|p1b: Steeler|21\/100\n|move|p1a: Spectrum|Rage Fist|p2b: Flutter Mane\n|-supereffective|p2b: Flutter Mane\n|-damage|p2b: Flutter Mane|0 fnt\n|faint|p2b: Flutter Mane\n|-end|p2b: Flutter Mane|Protosynthesis|[silent]\n|move|p1b: Steeler|Body Press|p2a: Komm-susser-Tod\n|-damage|p2a: Komm-susser-Tod|73\/100\n|\n|upkeep\n|\n|t:|1698841048\n|switch|p2b: Yuanshen|Rillaboom, F|83\/100\n|-fieldstart|move: Grassy Terrain|[from] ability: Grassy Surge|[of] p2b: Yuanshen\n|turn|11\n|\n|t:|1698841059\n|move|p1a: Spectrum|Protect|p1a: Spectrum\n|-singleturn|p1a: Spectrum|Protect\n|move|p2a: Komm-susser-Tod|Aura Sphere|p1b: Steeler\n|-supereffective|p1b: Steeler\n|-damage|p1b: Steeler|0 fnt\n|faint|p1b: Steeler\n|move|p2b: Yuanshen|Wood Hammer|p1a: Spectrum\n|-activate|p1a: Spectrum|move: Protect\n|\n|-heal|p2a: Komm-susser-Tod|80\/100|[from] Grassy Terrain\n|-heal|p1a: Spectrum|85\/100|[from] Grassy Terrain\n|-heal|p2b: Yuanshen|90\/100|[from] Grassy Terrain\n|upkeep\n|\n|t:|1698841077\n|switch|p1b: Maushold|Maushold|100\/100\n|turn|12\n|\n|t:|1698841089\n|move|p1b: Maushold|Baby-Doll Eyes|p2b: Yuanshen\n|-unboost|p2b: Yuanshen|atk|1\n|move|p2b: Yuanshen|Grassy Glide|p1a: Spectrum\n|-damage|p1a: Spectrum|62\/100\n|move|p2a: Komm-susser-Tod|Clanging Scales|p1b: Maushold|[spread] p1a,p1b\n|-damage|p1a: Spectrum|30\/100\n|-damage|p1b: Maushold|47\/100\n|-unboost|p2a: Komm-susser-Tod|def|1\n|move|p1a: Spectrum|Rage Fist|p2a: Komm-susser-Tod\n|-damage|p2a: Komm-susser-Tod|0 fnt\n|faint|p2a: Komm-susser-Tod\n|\n|-heal|p1b: Maushold|54\/100|[from] Grassy Terrain\n|-heal|p1a: Spectrum|36\/100|[from] Grassy Terrain\n|-heal|p2b: Yuanshen|96\/100|[from] Grassy Terrain\n|upkeep\n|\n|t:|1698841096\n|switch|p2a: tie fei wu|Iron Bundle, tera:Ghost|100\/100\n|turn|13\n|\n|t:|1698841117\n|move|p1b: Maushold|Follow Me|p1b: Maushold\n|-singleturn|p1b: Maushold|move: Follow Me\n|move|p2a: tie fei wu|Icy Wind|p1b: Maushold|[spread] p1a\n|-miss|p2a: tie fei wu|p1b: Maushold\n|-damage|p1a: Spectrum|24\/100\n|-unboost|p1a: Spectrum|spe|1\n|-ability|p1a: Spectrum|Defiant|boost\n|-boost|p1a: Spectrum|atk|2\n|move|p2b: Yuanshen|Wood Hammer|p1b: Maushold\n|-damage|p1b: Maushold|0 fnt\n|faint|p1b: Maushold\n|-damage|p2b: Yuanshen|80\/100|[from] Recoil\n|move|p1a: Spectrum|Rage Fist|p2a: tie fei wu\n|-supereffective|p2a: tie fei wu\n|-damage|p2a: tie fei wu|0 fnt\n|faint|p2a: tie fei wu\n|-end|p2a: tie fei wu|Quark Drive|[silent]\n|\n|-heal|p2b: Yuanshen|87\/100|[from] Grassy Terrain\n|-heal|p1a: Spectrum|30\/100|[from] Grassy Terrain\n|upkeep\n|inactive|fumbari 24 has 120 seconds left.\n|\n|t:|1698841133\n|switch|p1b: Chespirito|Chesnaught, M, shiny|28\/100\n|turn|14\n|\n|t:|1698841143\n|move|p1a: Spectrum|Protect|p1a: Spectrum\n|-singleturn|p1a: Spectrum|Protect\n|move|p2b: Yuanshen|Wood Hammer|p1a: Spectrum\n|-activate|p1a: Spectrum|move: Protect\n|move|p1b: Chespirito|Body Press|p2b: Yuanshen\n|-damage|p2b: Yuanshen|54\/100\n|\n|-heal|p2b: Yuanshen|61\/100|[from] Grassy Terrain\n|-heal|p1b: Chespirito|34\/100|[from] Grassy Terrain\n|-heal|p1a: Spectrum|36\/100|[from] Grassy Terrain\n|upkeep\n|turn|15\n|\n|t:|1698841159\n|move|p2b: Yuanshen|Wood Hammer|p1a: Spectrum\n|-damage|p1a: Spectrum|0 fnt\n|faint|p1a: Spectrum\n|-damage|p2b: Yuanshen|51\/100|[from] Recoil\n|move|p1b: Chespirito|Iron Defense|p1b: Chespirito\n|-boost|p1b: Chespirito|def|2\n|\n|-heal|p2b: Yuanshen|57\/100|[from] Grassy Terrain\n|-heal|p1b: Chespirito|40\/100|[from] Grassy Terrain\n|-fieldend|move: Grassy Terrain\n|upkeep\n|turn|16\n|\n|t:|1698841165\n|move|p1b: Chespirito|Spiky Shield|p1b: Chespirito\n|-singleturn|p1b: Chespirito|move: Protect\n|move|p2b: Yuanshen|Wood Hammer|p1b: Chespirito\n|-activate|p1b: Chespirito|move: Protect\n|-damage|p2b: Yuanshen|45\/100|[from] Spiky Shield|[of] p1b: Chespirito\n|\n|upkeep\n|turn|17\n|\n|t:|1698841178\n|move|p2b: Yuanshen|Wood Hammer|p1b: Chespirito\n|-resisted|p1b: Chespirito\n|-crit|p1b: Chespirito\n|-damage|p1b: Chespirito|0 fnt\n|faint|p1b: Chespirito\n|-damage|p2b: Yuanshen|32\/100|[from] Recoil\n|\n|win|LDP333\n|raw|fumbari 24's rating: 1387 &rarr; <strong>1378<\/strong><br \/>(-9 for losing)\n|raw|LDP333's rating: 1606 &rarr; <strong>1615<\/strong><br \/>(+9 for winning)\n|c|\u2606fumbari 24|Serious?\n|c|\u2606LDP333|\u54c8\u54c8\u54c8\u54c8\n|c|\u2606fumbari 24|Well\n|c|\u2606fumbari 24|Gg\n|c|\u2606LDP333|\u6b64\u4e43\u5929\u547d\u6240\u5f52\u4e5f\n","uploadtime":1698841209,"views":14,"p1id":"fumbari24","p2id":"ldp333","formatid":"gen9nationaldexdoubles","rating":1378,"private":0,"password":""}