{"id":"gen9nationaldexdoubles-1976200587","p1":"rdgsrdfg srg","p2":"endkill27","format":"[Gen 9] National Dex Doubles","log":"|j|\u2606rdgsrdfg srg\n|j|\u2606endkill27\n|t:|1698273095\n|gametype|doubles\n|player|p1|rdgsrdfg srg|lucas|1112\n|player|p2|endkill27|hiker-gen4|1154\n|teamsize|p1|6\n|teamsize|p2|6\n|gen|9\n|tier|[Gen 9] National Dex Doubles\n|rated|\n|rule|HP Percentage Mod: HP is shown in percentages\n|rule|Endless Battle Clause: Forcing endless battles is banned\n|rule|OHKO Clause: OHKO moves are banned\n|rule|Evasion Moves Clause: Evasion moves are banned\n|rule|Evasion Abilities Clause: Evasion abilities are banned\n|rule|Species Clause: Limit one of each Pok\u00e9mon\n|rule|Gravity Sleep Clause: The combination of sleep-inducing moves with imperfect accuracy and Gravity or Gigantamax Orbeetle are banned\n|clearpoke\n|poke|p1|Indeedee-F, F|\n|poke|p1|Oranguru, F|\n|poke|p1|Glastrier|\n|poke|p1|Hoopa-Unbound|\n|poke|p1|Ursaluna, F|\n|poke|p1|Zygarde|\n|poke|p2|Sneasel, M|\n|poke|p2|Raichu-Alola, M|\n|poke|p2|Zeraora|\n|poke|p2|Sneasler, M|\n|poke|p2|Tapu Koko|\n|poke|p2|Iron Hands|\n|teampreview\n|inactive|Battle timer is ON: inactive players will automatically lose when time's up. (requested by rdgsrdfg srg)\n|\n|t:|1698273104\n|start\n|switch|p1a: Hoopa|Hoopa-Unbound|100\/100\n|switch|p1b: Zygarde|Zygarde|100\/100\n|switch|p2a: Tapu Koko|Tapu Koko, shiny|100\/100\n|switch|p2b: Sneasel|Sneasel, M, shiny|100\/100\n|-fieldstart|move: Electric Terrain|[from] ability: Electric Surge|[of] p2a: Tapu Koko\n|-ability|p1b: Zygarde|Aura Break\n|turn|1\n|inactive|rdgsrdfg srg has 120 seconds left.\n|\n|t:|1698273157\n|move|p1b: Zygarde|Protect|p1b: Zygarde\n|-singleturn|p1b: Zygarde|Protect\n|move|p2b: Sneasel|Fake Out|p1b: Zygarde\n|-activate|p1b: Zygarde|move: Protect\n|move|p2a: Tapu Koko|Volt Switch|p1a: Hoopa\n|-damage|p1a: Hoopa|72\/100\n|-damage|p2a: Tapu Koko|91\/100|[from] item: Life Orb\n|inactive|endkill27 has 120 seconds left.\n|\n|t:|1698273168\n|switch|p2a: Raichu|Raichu-Alola, M, shiny|100\/100|[from] Volt Switch\n|move|p1a: Hoopa|Trick Room|p1a: Hoopa\n|-fieldstart|move: Trick Room|[of] p1a: Hoopa\n|-enditem|p1b: Zygarde|Room Service\n|-unboost|p1b: Zygarde|spe|1|[from] item: Room Service\n|-enditem|p1a: Hoopa|Room Service\n|-unboost|p1a: Hoopa|spe|1|[from] item: Room Service\n|\n|upkeep\n|turn|2\n|inactive|endkill27 has 120 seconds left.\n|\n|t:|1698273199\n|move|p2a: Raichu|Fake Out|p1b: Zygarde\n|-damage|p1b: Zygarde|95\/100\n|move|p2b: Sneasel|Ice Shard|p1b: Zygarde\n|-supereffective|p1b: Zygarde\n|-damage|p1b: Zygarde|47\/100\n|move|p1a: Hoopa|Dark Pulse|p2a: Raichu\n|-supereffective|p2a: Raichu\n|-damage|p2a: Raichu|0 fnt\n|faint|p2a: Raichu\n|cant|p1b: Zygarde|flinch\n|\n|upkeep\n|\n|t:|1698273212\n|switch|p2a: Zeraora|Zeraora, shiny|100\/100\n|turn|3\n|\n|t:|1698273227\n|switch|p1b: Indeedee|Indeedee-F, F|100\/100\n|-fieldstart|move: Psychic Terrain|[from] ability: Psychic Surge|[of] p1b: Indeedee\n|move|p2a: Zeraora|Fake Out|p1a: Hoopa\n|-activate|p1a: Hoopa|move: Psychic Terrain\n|move|p2b: Sneasel|Ice Shard|p1b: Indeedee\n|-activate|p1b: Indeedee|move: Psychic Terrain\n|move|p1a: Hoopa|Dark Pulse|p2a: Zeraora\n|-damage|p2a: Zeraora|52\/100\n|-item|p1a: Hoopa|Assault Vest|[from] ability: Magician|[of] p2a: Zeraora\n|\n|upkeep\n|turn|4\n|\n|t:|1698273249\n|switch|p1b: Zygarde|Zygarde|47\/100\n|-ability|p1b: Zygarde|Aura Break\n|move|p1a: Hoopa|Psyshock|p2a: Zeraora\n|-damage|p2a: Zeraora|0 fnt\n|faint|p2a: Zeraora\n|move|p2b: Sneasel|Knock Off|p1b: Zygarde\n|-damage|p1b: Zygarde|28\/100\n|\n|upkeep\n|\n|t:|1698273261\n|switch|p2a: Tapu Koko|Tapu Koko, shiny|91\/100\n|-fieldstart|move: Electric Terrain|[from] ability: Electric Surge|[of] p2a: Tapu Koko\n|turn|5\n|\n|t:|1698273283\n|switch|p1b: Indeedee|Indeedee-F, F|100\/100\n|-fieldstart|move: Psychic Terrain|[from] ability: Psychic Surge|[of] p1b: Indeedee\n|move|p1a: Hoopa|Psyshock|p2a: Tapu Koko\n|-damage|p2a: Tapu Koko|0 fnt\n|faint|p2a: Tapu Koko\n|move|p2b: Sneasel|Knock Off|p1b: Indeedee\n|-supereffective|p1b: Indeedee\n|-damage|p1b: Indeedee|8\/100\n|-enditem|p1b: Indeedee|Focus Sash|[from] move: Knock Off|[of] p2b: Sneasel\n|\n|-fieldend|move: Trick Room\n|upkeep\n|\n|t:|1698273296\n|switch|p2a: Iron Hands|Iron Hands, shiny|100\/100\n|turn|6\n|\n|t:|1698273321\n|-terastallize|p2a: Iron Hands|Water\n|move|p2b: Sneasel|Brick Break|p1a: Hoopa\n|-crit|p1a: Hoopa\n|-damage|p1a: Hoopa|21\/100\n|move|p2a: Iron Hands|Volt Switch|p1b: Indeedee\n|-damage|p1b: Indeedee|0 fnt\n|faint|p1b: Indeedee\n|-damage|p2a: Iron Hands|90\/100|[from] item: Life Orb\n|\n|t:|1698273332\n|-end|p2a: Iron Hands|Quark Drive|[silent]\n|switch|p2a: Sneasler|Sneasler, M, shiny|100\/100|[from] Volt Switch\n|move|p1a: Hoopa|Psyshock|p2a: Sneasler\n|-supereffective|p2a: Sneasler\n|-damage|p2a: Sneasler|0 fnt\n|faint|p2a: Sneasler\n|\n|upkeep\n|\n|t:|1698273345\n|switch|p2a: Iron Hands|Iron Hands, shiny, tera:Water|90\/100\n|switch|p1b: Zygarde|Zygarde|28\/100\n|-ability|p1b: Zygarde|Aura Break\n|turn|7\n|\n|t:|1698273366\n|move|p2b: Sneasel|Brick Break|p1a: Hoopa\n|-damage|p1a: Hoopa|0 fnt\n|faint|p1a: Hoopa\n|move|p1b: Zygarde|Thousand Arrows|p2a: Iron Hands|[spread] p2a,p2b\n|-crit|p2a: Iron Hands\n|-damage|p2a: Iron Hands|72\/100\n|-damage|p2b: Sneasel|50\/100\n|move|p2a: Iron Hands|Wild Charge|p1b: Zygarde\n|-immune|p1b: Zygarde\n|\n|upkeep\n|\n|t:|1698273385\n|switch|p1a: Ursaluna|Ursaluna, F|100\/100\n|turn|8\n|\n|t:|1698273398\n|move|p1a: Ursaluna|Protect|p1a: Ursaluna\n|-singleturn|p1a: Ursaluna|Protect\n|move|p2b: Sneasel|Brick Break|p1a: Ursaluna\n|-activate|p1a: Ursaluna|move: Protect\n|move|p1b: Zygarde|Thousand Arrows|p2a: Iron Hands|[spread] p2a,p2b\n|-damage|p2a: Iron Hands|59\/100\n|-damage|p2b: Sneasel|0 fnt\n|faint|p2b: Sneasel\n|move|p2a: Iron Hands|Close Combat|p1a: Ursaluna\n|-activate|p1a: Ursaluna|move: Protect\n|\n|-status|p1a: Ursaluna|brn|[from] item: Flame Orb\n|upkeep\n|turn|9\n|\n|t:|1698273417\n|move|p1b: Zygarde|Thousand Arrows|p2a: Iron Hands\n|-damage|p2a: Iron Hands|40\/100\n|move|p2a: Iron Hands|Close Combat|p1a: Ursaluna\n|-supereffective|p1a: Ursaluna\n|-damage|p1a: Ursaluna|0 fnt\n|-unboost|p2a: Iron Hands|def|1\n|-unboost|p2a: Iron Hands|spd|1\n|faint|p1a: Ursaluna\n|-damage|p2a: Iron Hands|30\/100|[from] item: Life Orb\n|\n|-fieldend|move: Psychic Terrain\n|upkeep\n|\n|t:|1698273428\n|switch|p1a: Glastrier|Glastrier|100\/100\n|turn|10\n|\n|t:|1698273438\n|move|p1b: Zygarde|Thousand Arrows|p2a: Iron Hands\n|-damage|p2a: Iron Hands|2\/100\n|move|p2a: Iron Hands|Close Combat|p1a: Glastrier\n|-supereffective|p1a: Glastrier\n|-damage|p1a: Glastrier|0 fnt\n|-unboost|p2a: Iron Hands|def|1\n|-unboost|p2a: Iron Hands|spd|1\n|faint|p1a: Glastrier\n|-damage|p2a: Iron Hands|0 fnt|[from] item: Life Orb\n|faint|p2a: Iron Hands\n|-end|p2a: Iron Hands|Quark Drive|[silent]\n|\n|win|rdgsrdfg srg\n|raw|rdgsrdfg srg's rating: 1112 &rarr; <strong>1140<\/strong><br \/>(+28 for winning)\n|raw|endkill27's rating: 1154 &rarr; <strong>1126<\/strong><br \/>(-28 for losing)\n","uploadtime":1698273447,"views":5,"p1id":"rdgsrdfgsrg","p2id":"endkill27","formatid":"gen9nationaldexdoubles","rating":1126,"private":0,"password":""}