{"id":"gen9nationaldexdoubles-1948377727","p1":"eberest","p2":"MisuOtt","format":"[Gen 9] National Dex Doubles","log":"|j|\u2606eberest\n|j|\u2606MisuOtt\n|t:|1695253926\n|gametype|doubles\n|player|p1|eberest|sailor|\n|player|p2|MisuOtt|170|\n|teamsize|p1|4\n|teamsize|p2|4\n|gen|9\n|tier|[Gen 9] National Dex Doubles\n|rule|HP Percentage Mod: HP is shown in percentages\n|rule|Endless Battle Clause: Forcing endless battles is banned\n|rule|OHKO Clause: OHKO moves are banned\n|rule|Evasion Moves Clause: Evasion moves are banned\n|rule|Evasion Abilities Clause: Evasion abilities are banned\n|rule|Species Clause: Limit one of each Pok\u00e9mon\n|rule|Gravity Sleep Clause: The combination of sleep-inducing moves with imperfect accuracy and Gravity or Gigantamax Orbeetle are banned\n|clearpoke\n|poke|p1|Tinkaton, F|\n|poke|p1|Skeledirge, M|\n|poke|p1|Indeedee-F, F|\n|poke|p1|Garganacl, M|\n|poke|p2|Lycanroc-Midnight, F|\n|poke|p2|Typhlosion-Hisui, M|\n|poke|p2|Lickitung, M|\n|poke|p2|Garchomp, F|\n|teampreview\n|\n|t:|1695253935\n|start\n|switch|p1a: SMASH|Tinkaton, F|100\/100\n|switch|p1b: MY BABY|Skeledirge, M|100\/100\n|switch|p2a: HAHA HE BOOM|Typhlosion-Hisui, M|100\/100\n|switch|p2b: Protect yo self|Lickitung, M|100\/100\n|-item|p1a: SMASH|Assault Vest|[from] ability: Frisk|[of] p2a: HAHA HE BOOM|[identify]\n|-item|p1b: MY BABY|Focus Sash|[from] ability: Frisk|[of] p2a: HAHA HE BOOM|[identify]\n|-ability|p1a: SMASH|Mold Breaker\n|turn|1\n|\n|t:|1695253965\n|move|p2a: HAHA HE BOOM|Thunder Punch|p1a: SMASH\n|-damage|p1a: SMASH|82\/100\n|move|p1a: SMASH|Gigaton Hammer|p2a: HAHA HE BOOM\n|-resisted|p2a: HAHA HE BOOM\n|-damage|p2a: HAHA HE BOOM|50\/100\n|move|p1b: MY BABY|Hyper Voice|p2a: HAHA HE BOOM|[spread] p2b\n|-immune|p2a: HAHA HE BOOM\n|-damage|p2b: Protect yo self|84\/100\n|move|p2b: Protect yo self|Disable|p1b: MY BABY\n|-start|p1b: MY BABY|Disable|Hyper Voice\n|\n|-heal|p2b: Protect yo self|91\/100|[from] item: Leftovers\n|upkeep\n|turn|2\n|\n|t:|1695253988\n|move|p2a: HAHA HE BOOM|Eruption|p1b: MY BABY|[spread] p1a,p1b\n|-supereffective|p1a: SMASH\n|-resisted|p1b: MY BABY\n|-damage|p1a: SMASH|51\/100\n|-damage|p1b: MY BABY|89\/100\n|move|p1a: SMASH|Ice Hammer|p2a: HAHA HE BOOM\n|-resisted|p2a: HAHA HE BOOM\n|-damage|p2a: HAHA HE BOOM|28\/100\n|-unboost|p1a: SMASH|spe|1\n|move|p1b: MY BABY|Torch Song|p2b: Protect yo self\n|-damage|p2b: Protect yo self|59\/100\n|-boost|p1b: MY BABY|spa|1\n|move|p2b: Protect yo self|Disable|p1a: SMASH\n|-start|p1a: SMASH|Disable|Ice Hammer\n|\n|-heal|p2b: Protect yo self|65\/100|[from] item: Leftovers\n|upkeep\n|turn|3\n|\n|t:|1695254024\n|move|p2a: HAHA HE BOOM|Eruption|p1a: SMASH|[spread] p1a,p1b\n|-supereffective|p1a: SMASH\n|-resisted|p1b: MY BABY\n|-damage|p1a: SMASH|36\/100\n|-damage|p1b: MY BABY|82\/100\n|move|p1b: MY BABY|Torch Song|p2b: Protect yo self\n|-damage|p2b: Protect yo self|22\/100\n|-boost|p1b: MY BABY|spa|1\n|move|p1a: SMASH|Gigaton Hammer|p2a: HAHA HE BOOM\n|-resisted|p2a: HAHA HE BOOM\n|-damage|p2a: HAHA HE BOOM|0 fnt\n|faint|p2a: HAHA HE BOOM\n|move|p2b: Protect yo self|Iron Tail|p1a: SMASH|[miss]\n|-miss|p2b: Protect yo self|p1a: SMASH\n|\n|-heal|p2b: Protect yo self|28\/100|[from] item: Leftovers\n|upkeep\n|\n|t:|1695254039\n|switch|p2a: Edgei-boi|Lycanroc-Midnight, F|100\/100\n|turn|4\n|\n|t:|1695254055\n|move|p2a: Edgei-boi|Rock Slide|p1a: SMASH|[spread] p1a,p1b\n|-resisted|p1a: SMASH\n|-supereffective|p1b: MY BABY\n|-damage|p1a: SMASH|21\/100\n|-damage|p1b: MY BABY|40\/100\n|move|p1b: MY BABY|Torch Song|p2a: Edgei-boi\n|-resisted|p2a: Edgei-boi\n|-damage|p2a: Edgei-boi|43\/100\n|-boost|p1b: MY BABY|spa|1\n|move|p1a: SMASH|Rock Slide|p2a: Edgei-boi|[spread] p2a\n|-miss|p1a: SMASH|p2b: Protect yo self\n|-damage|p2a: Edgei-boi|19\/100\n|move|p2b: Protect yo self|Iron Tail|p1a: SMASH|[miss]\n|-miss|p2b: Protect yo self|p1a: SMASH\n|\n|-heal|p2b: Protect yo self|34\/100|[from] item: Leftovers\n|upkeep\n|turn|5\n|\n|t:|1695254080\n|move|p1b: MY BABY|Torch Song|p2b: Protect yo self\n|-damage|p2b: Protect yo self|0 fnt\n|-boost|p1b: MY BABY|spa|1\n|faint|p2b: Protect yo self\n|move|p1a: SMASH|Rock Slide|p2a: Edgei-boi|[miss]\n|-miss|p1a: SMASH|p2a: Edgei-boi\n|move|p2a: Edgei-boi|Counter||[still]\n|-fail|p2a: Edgei-boi\n|\n|-end|p1b: MY BABY|Disable\n|upkeep\n|\n|t:|1695254095\n|switch|p2b: Daddy|Garchomp, F|100\/100\n|turn|6\n|\n|t:|1695254137\n|move|p2b: Daddy|Spikes|p1b: MY BABY\n|-sidestart|p1: eberest|Spikes\n|move|p1b: MY BABY|Hyper Voice|p2a: Edgei-boi|[spread] p2a,p2b\n|-resisted|p2a: Edgei-boi\n|-damage|p2a: Edgei-boi|0 fnt\n|-damage|p2b: Daddy|18\/100\n|faint|p2a: Edgei-boi\n|move|p1a: SMASH|Gigaton Hammer|p2b: Daddy\n|-damage|p2b: Daddy|0 fnt\n|faint|p2b: Daddy\n|\n|win|eberest\n","uploadtime":1695254149,"views":4,"p1id":"eberest","p2id":"misuott","formatid":"gen9nationaldexdoubles","rating":0,"private":0,"password":""}