{"id":"gen9nationaldexdoubles-1980945304","p1":"AceCoyoteNK","p2":"Birdie-BBY","format":"[Gen 9] National Dex Doubles","log":"|j|\u2606AceCoyoteNK\n|j|\u2606Birdie-BBY\n|t:|1698851202\n|gametype|doubles\n|player|p1|AceCoyoteNK|skyla|1128\n|player|p2|Birdie-BBY|veteranf|1164\n|teamsize|p1|6\n|teamsize|p2|6\n|gen|9\n|tier|[Gen 9] National Dex Doubles\n|rated|\n|rule|HP Percentage Mod: HP is shown in percentages\n|rule|Endless Battle Clause: Forcing endless battles is banned\n|rule|OHKO Clause: OHKO moves are banned\n|rule|Evasion Moves Clause: Evasion moves are banned\n|rule|Evasion Abilities Clause: Evasion abilities are banned\n|rule|Species Clause: Limit one of each Pok\u00e9mon\n|rule|Gravity Sleep Clause: The combination of sleep-inducing moves with imperfect accuracy and Gravity or Gigantamax Orbeetle are banned\n|clearpoke\n|poke|p1|Incineroar, F|\n|poke|p1|Arcanine-Hisui, M|\n|poke|p1|Kommo-o, M|\n|poke|p1|Flutter Mane|\n|poke|p1|Great Tusk|\n|poke|p1|Furret, F|\n|poke|p2|Sandslash-Alola, M|\n|poke|p2|Abomasnow, M|\n|poke|p2|Cryogonal|\n|poke|p2|Ninetales-Alola, M|\n|poke|p2|Cetitan, F|\n|poke|p2|Rotom-Frost|\n|teampreview\n|c|\u2606Birdie-BBY|Oooo\n|inactive|Battle timer is ON: inactive players will automatically lose when time's up. (requested by AceCoyoteNK)\n|c|\u2606Birdie-BBY|This is gonna be tough for me\n|c|\u2606Birdie-BBY|GL hf\n|c|\u2606AceCoyoteNK|glhf\n|\n|t:|1698851236\n|start\n|switch|p1a: GEN 8 Nightmare|Incineroar, F|100\/100\n|switch|p1b: Trash|Kommo-o, M|100\/100\n|switch|p2a: Abomasnow|Abomasnow, M, shiny|100\/100\n|switch|p2b: Cetitan|Cetitan, F, shiny|100\/100\n|-ability|p1a: GEN 8 Nightmare|Intimidate|boost\n|-unboost|p2a: Abomasnow|atk|1\n|-unboost|p2b: Cetitan|atk|1\n|-weather|Snow|[from] ability: Snow Warning|[of] p2a: Abomasnow\n|turn|1\n|\n|t:|1698851256\n|detailschange|p2a: Abomasnow|Abomasnow-Mega, M, shiny\n|-mega|p2a: Abomasnow|Abomasnow|Abomasite\n|-terastallize|p2b: Cetitan|Water\n|-terastallize|p1b: Trash|Steel\n|move|p1a: GEN 8 Nightmare|Fake Out|p2b: Cetitan\n|-crit|p2b: Cetitan\n|-damage|p2b: Cetitan|79\/100\n|cant|p2b: Cetitan|flinch\n|move|p1b: Trash|Clangorous Soul|p1b: Trash\n|-boost|p1b: Trash|atk|1\n|-boost|p1b: Trash|def|1\n|-boost|p1b: Trash|spa|1\n|-boost|p1b: Trash|spd|1\n|-boost|p1b: Trash|spe|1\n|-damage|p1b: Trash|68\/100\n|move|p2a: Abomasnow|Blizzard|p1b: Trash|[spread] p1a,p1b\n|-resisted|p1a: GEN 8 Nightmare\n|-crit|p1a: GEN 8 Nightmare\n|-resisted|p1b: Trash\n|-damage|p1a: GEN 8 Nightmare|70\/100\n|-damage|p1b: Trash|51\/100\n|-enditem|p1a: GEN 8 Nightmare|Red Card|[of] p2a: Abomasnow\n|drag|p2a: Rotom|Rotom-Frost|100\/100\n|\n|-weather|Snow|[upkeep]\n|upkeep\n|turn|2\n|\n|t:|1698851285\n|switch|p1a: Rocky boi|Arcanine-Hisui, M, shiny|100\/100\n|-ability|p1a: Rocky boi|Intimidate|boost\n|-unboost|p2a: Rotom|atk|1\n|-unboost|p2b: Cetitan|atk|1\n|move|p2a: Rotom|Helping Hand|p2b: Cetitan\n|-singleturn|p2b: Cetitan|Helping Hand|[of] p2a: Rotom\n|move|p1b: Trash|Drain Punch|p2a: Rotom\n|-supereffective|p2a: Rotom\n|-damage|p2a: Rotom|26\/100\n|-heal|p1b: Trash|82\/100|[from] drain|[of] p2a: Rotom\n|move|p2b: Cetitan|Liquidation|p1a: Rocky boi\n|-supereffective|p1a: Rocky boi\n|-damage|p1a: Rocky boi|0 fnt\n|faint|p1a: Rocky boi\n|\n|-weather|Snow|[upkeep]\n|upkeep\n|inactive|AceCoyoteNK has 120 seconds left.\n|\n|t:|1698851302\n|switch|p1a: GEN 8 Nightmare|Incineroar, F|70\/100\n|-ability|p1a: GEN 8 Nightmare|Intimidate|boost\n|-unboost|p2a: Rotom|atk|1\n|-unboost|p2b: Cetitan|atk|1\n|turn|3\n|\n|t:|1698851321\n|switch|p2b: Abomasnow|Abomasnow-Mega, M, shiny|100\/100\n|move|p1a: GEN 8 Nightmare|Fake Out|p2a: Rotom\n|-damage|p2a: Rotom|13\/100\n|-enditem|p2a: Rotom|Iapapa Berry|[eat]\n|-heal|p2a: Rotom|47\/100|[from] item: Iapapa Berry\n|move|p1b: Trash|Clangorous Soul|p1b: Trash\n|-boost|p1b: Trash|atk|1\n|-boost|p1b: Trash|def|1\n|-boost|p1b: Trash|spa|1\n|-boost|p1b: Trash|spd|1\n|-boost|p1b: Trash|spe|1\n|-damage|p1b: Trash|49\/100\n|cant|p2a: Rotom|flinch\n|\n|-weather|Snow|[upkeep]\n|upkeep\n|turn|4\n|c|\u2606AceCoyoteNK|!weakness abomasnow\n|c| AceCoyoteNK|\/raw <div class=\"infobox\">Abomasnow (ignoring abilities):<br \/><span class=\"message-effect-weak\">Weaknesses<\/span>: Bug, Fighting, <b>Fire<\/b>, Flying, Poison, Rock, Steel<br \/><span class=\"message-effect-resist\">Resistances<\/span>: Electric, Grass, Ground, Water<br \/><span class=\"message-effect-immune\">Immunities<\/span>: Frozen, Hail damage, Powder moves<\/div>\n|inactive|AceCoyoteNK has 120 seconds left.\n|\n|t:|1698851359\n|switch|p1a: Misty|Flutter Mane|100\/100\n|-enditem|p1a: Misty|Booster Energy\n|-activate|p1a: Misty|ability: Protosynthesis|[fromitem]\n|-start|p1a: Misty|protosynthesisspa\n|move|p2a: Rotom|Helping Hand|p2b: Abomasnow\n|-singleturn|p2b: Abomasnow|Helping Hand|[of] p2a: Rotom\n|move|p1b: Trash|Drain Punch|p2b: Abomasnow\n|-supereffective|p2b: Abomasnow\n|-damage|p2b: Abomasnow|31\/100\n|-heal|p1b: Trash|93\/100|[from] drain|[of] p2b: Abomasnow\n|move|p2b: Abomasnow|Earthquake|p1b: Trash|[spread] p1a,p1b\n|-immune|p2a: Rotom|[from] ability: Levitate\n|-supereffective|p1b: Trash\n|-damage|p1a: Misty|16\/100\n|-damage|p1b: Trash|56\/100\n|\n|-weather|Snow|[upkeep]\n|upkeep\n|turn|5\n|inactive|AceCoyoteNK has 120 seconds left.\n|\n|t:|1698851386\n|move|p2b: Abomasnow|Ice Shard|p1a: Misty\n|-damage|p1a: Misty|0 fnt\n|faint|p1a: Misty\n|-end|p1a: Misty|Protosynthesis|[silent]\n|move|p1b: Trash|Drain Punch|p2b: Abomasnow\n|-supereffective|p2b: Abomasnow\n|-damage|p2b: Abomasnow|0 fnt\n|-heal|p1b: Trash|76\/100|[from] drain|[of] p2b: Abomasnow\n|faint|p2b: Abomasnow\n|move|p2a: Rotom|Will-O-Wisp|p1b: Trash\n|-status|p1b: Trash|brn\n|\n|-weather|none\n|-damage|p1b: Trash|70\/100 brn|[from] brn\n|upkeep\n|inactive|AceCoyoteNK has 120 seconds left.\n|c|\u2606AceCoyoteNK|well good thing my kommo-o is special\n|\n|t:|1698851423\n|switch|p1a: GEN 8 Nightmare|Incineroar, F|70\/100\n|switch|p2b: Ninetales|Ninetales-Alola, M, shiny|100\/100\n|-weather|Snow|[from] ability: Snow Warning|[of] p2b: Ninetales\n|-ability|p1a: GEN 8 Nightmare|Intimidate|boost\n|-unboost|p2a: Rotom|atk|1\n|-unboost|p2b: Ninetales|atk|1\n|turn|6\n|c|\u2606Birdie-BBY|Still puts him on a timer\n|c|\u2606AceCoyoteNK|a slow one\n|\n|t:|1698851452\n|move|p1a: GEN 8 Nightmare|Fake Out|p2b: Ninetales\n|-damage|p2b: Ninetales|87\/100\n|move|p1b: Trash|Tera Blast|p2b: Ninetales|[anim] Tera Blast Steel\n|-supereffective|p2b: Ninetales\n|-damage|p2b: Ninetales|0 fnt\n|faint|p2b: Ninetales\n|move|p2a: Rotom|Blizzard|p1a: GEN 8 Nightmare|[spread] p1a,p1b\n|-resisted|p1a: GEN 8 Nightmare\n|-resisted|p1b: Trash\n|-damage|p1a: GEN 8 Nightmare|53\/100\n|-damage|p1b: Trash|58\/100 brn\n|\n|-weather|Snow|[upkeep]\n|-damage|p1b: Trash|52\/100 brn|[from] brn\n|upkeep\n|inactive|Birdie-BBY has 120 seconds left.\n|\n|t:|1698851466\n|switch|p2b: Sandslash|Sandslash-Alola, M|100\/100\n|turn|7\n|\n|t:|1698851481\n|switch|p1a: Grace|Furret, F, shiny|100\/100\n|-item|p2b: Sandslash|Fightinium Z|[from] ability: Frisk|[of] p1a: Grace|[identify]\n|move|p1b: Trash|Drain Punch|p2b: Sandslash\n|-supereffective|p2b: Sandslash\n|-damage|p2b: Sandslash|31\/100\n|-heal|p1b: Trash|87\/100 brn|[from] drain|[of] p2b: Sandslash\n|-zpower|p2b: Sandslash\n|move|p2b: Sandslash|All-Out Pummeling|p1b: Trash|[zeffect]\n|-supereffective|p1b: Trash\n|-damage|p1b: Trash|30\/100 brn\n|move|p2a: Rotom|Will-O-Wisp|p1a: Grace|[miss]\n|-miss|p2a: Rotom|p1a: Grace\n|\n|-weather|Snow|[upkeep]\n|-damage|p1b: Trash|24\/100 brn|[from] brn\n|upkeep\n|turn|8\n|inactive|Birdie-BBY has 120 seconds left.\n|\n|t:|1698851522\n|move|p2a: Rotom|Helping Hand|p2b: Sandslash\n|-singleturn|p2b: Sandslash|Helping Hand|[of] p2a: Rotom\n|move|p1b: Trash|Drain Punch|p2b: Sandslash\n|-supereffective|p2b: Sandslash\n|-damage|p2b: Sandslash|0 fnt\n|-heal|p1b: Trash|39\/100 brn|[from] drain|[of] p2b: Sandslash\n|faint|p2b: Sandslash\n|move|p1a: Grace|Knock Off|p2a: Rotom\n|-damage|p2a: Rotom|27\/100\n|-damage|p1a: Grace|91\/100|[from] item: Life Orb\n|\n|-weather|Snow|[upkeep]\n|-damage|p1b: Trash|33\/100 brn|[from] brn\n|upkeep\n|\n|t:|1698851537\n|switch|p2b: Cetitan|Cetitan, F, shiny, tera:Water|79\/100\n|turn|9\n|inactive|Birdie-BBY has 120 seconds left.\n|\n|t:|1698851565\n|switch|p1a: GEN 8 Nightmare|Incineroar, F|53\/100\n|-ability|p1a: GEN 8 Nightmare|Intimidate|boost\n|-unboost|p2a: Rotom|atk|1\n|-unboost|p2b: Cetitan|atk|1\n|move|p1b: Trash|Tera Blast|p2b: Cetitan|[anim] Tera Blast Steel\n|-resisted|p2b: Cetitan\n|-damage|p2b: Cetitan|42\/100\n|move|p2b: Cetitan|Liquidation|p1b: Trash|[miss]\n|-miss|p2b: Cetitan|p1b: Trash\n|move|p2a: Rotom|Will-O-Wisp|p1a: GEN 8 Nightmare\n|-immune|p1a: GEN 8 Nightmare\n|\n|-weather|Snow|[upkeep]\n|-damage|p1b: Trash|27\/100 brn|[from] brn\n|upkeep\n|turn|10\n|c|\u2606AceCoyoteNK|I love bright powder\n|inactive|Birdie-BBY has 120 seconds left.\n|inactive|AceCoyoteNK has 120 seconds left.\n|\n|t:|1698851598\n|move|p2a: Rotom|Helping Hand|p2b: Cetitan\n|-singleturn|p2b: Cetitan|Helping Hand|[of] p2a: Rotom\n|move|p1a: GEN 8 Nightmare|Fake Out|p2b: Cetitan\n|-damage|p2b: Cetitan|28\/100\n|move|p1b: Trash|Tera Blast|p2b: Cetitan|[anim] Tera Blast Steel\n|-resisted|p2b: Cetitan\n|-damage|p2b: Cetitan|0 fnt\n|faint|p2b: Cetitan\n|\n|-weather|none\n|-damage|p1b: Trash|21\/100 brn|[from] brn\n|upkeep\n|\n|t:|1698851610\n|switch|p2b: Cryogonal|Cryogonal|100\/100\n|turn|11\n|c|\u2606Birdie-BBY|Welp that's GG\n|inactive|Birdie-BBY has 120 seconds left.\n|c|\u2606AceCoyoteNK|gg\n|\n|t:|1698851639\n|switch|p1a: Grace|Furret, F, shiny|91\/100\n|-item|p2b: Cryogonal|Assault Vest|[from] ability: Frisk|[of] p1a: Grace|[identify]\n|move|p1b: Trash|Tera Blast|p2b: Cryogonal|[anim] Tera Blast Steel\n|-supereffective|p2b: Cryogonal\n|-damage|p2b: Cryogonal|16\/100\n|move|p2b: Cryogonal|Blizzard|p1b: Trash|[spread] p1a\n|-miss|p2b: Cryogonal|p1b: Trash\n|-damage|p1a: Grace|24\/100\n|move|p2a: Rotom|Blizzard|p1a: Grace|[spread] p1b\n|-miss|p2a: Rotom|p1a: Grace\n|-resisted|p1b: Trash\n|-damage|p1b: Trash|9\/100 brn\n|\n|-damage|p1b: Trash|3\/100 brn|[from] brn\n|upkeep\n|turn|12\n|inactive|Birdie-BBY has 120 seconds left.\n|\n|t:|1698851670\n|move|p2a: Rotom|Helping Hand|p2b: Cryogonal\n|-singleturn|p2b: Cryogonal|Helping Hand|[of] p2a: Rotom\n|move|p1b: Trash|Tera Blast|p2b: Cryogonal|[anim] Tera Blast Steel\n|-supereffective|p2b: Cryogonal\n|-damage|p2b: Cryogonal|0 fnt\n|faint|p2b: Cryogonal\n|move|p1a: Grace|Facade|p2a: Rotom\n|-damage|p2a: Rotom|0 fnt\n|faint|p2a: Rotom\n|-damage|p1a: Grace|14\/100|[from] item: Life Orb\n|\n|win|AceCoyoteNK\n|raw|AceCoyoteNK's rating: 1128 &rarr; <strong>1156<\/strong><br \/>(+28 for winning)\n|raw|Birdie-BBY's rating: 1164 &rarr; <strong>1136<\/strong><br \/>(-28 for losing)\n|l|\u2606Birdie-BBY\n","uploadtime":1698851685,"views":6,"p1id":"acecoyotenk","p2id":"birdiebby","formatid":"gen9nationaldexdoubles","rating":1136,"private":0,"password":""}