{"id":"gen9nationaldexdoubles-1966700972","p1":"IntermediateGamer","p2":"Spangly-2","format":"[Gen 9] National Dex Doubles","log":"|j|\u2606IntermediateGamer\n|j|\u2606Spangly-2\n|t:|1697214760\n|gametype|doubles\n|player|p1|IntermediateGamer|red|1151\n|player|p2|Spangly-2|red|1167\n|teamsize|p1|6\n|teamsize|p2|6\n|gen|9\n|tier|[Gen 9] National Dex Doubles\n|rated|\n|rule|HP Percentage Mod: HP is shown in percentages\n|rule|Endless Battle Clause: Forcing endless battles is banned\n|rule|OHKO Clause: OHKO moves are banned\n|rule|Evasion Moves Clause: Evasion moves are banned\n|rule|Evasion Abilities Clause: Evasion abilities are banned\n|rule|Species Clause: Limit one of each Pok\u00e9mon\n|rule|Gravity Sleep Clause: The combination of sleep-inducing moves with imperfect accuracy and Gravity or Gigantamax Orbeetle are banned\n|clearpoke\n|poke|p1|Dracovish|\n|poke|p1|Houndstone, M|\n|poke|p1|Tyranitar, M|\n|poke|p1|Goodra-Hisui, F|\n|poke|p1|Glimmora, F|\n|poke|p1|Kingambit, M|\n|poke|p2|Iron Hands|\n|poke|p2|Baxcalibur, F|\n|poke|p2|Sinistcha-Masterpiece|\n|poke|p2|Milotic, M|\n|poke|p2|Ribombee, F|\n|poke|p2|Arcanine-Hisui, F|\n|teampreview\n|inactive|Battle timer is ON: inactive players will automatically lose when time's up. (requested by Spangly-2)\n|inactive|IntermediateGamer also wants the timer to be on.\n|\n|t:|1697214775\n|start\n|switch|p1a: Glimmora|Glimmora, F, shiny|100\/100\n|switch|p1b: Goodra|Goodra-Hisui, F, shiny|100\/100\n|switch|p2a: Ribombee|Ribombee, F, shiny|100\/100\n|switch|p2b: Baxcalibur|Baxcalibur, F, shiny|100\/100\n|turn|1\n|\n|t:|1697214794\n|-terastallize|p2b: Baxcalibur|Steel\n|move|p2a: Ribombee|Quiver Dance|p2a: Ribombee\n|-boost|p2a: Ribombee|spa|1\n|-boost|p2a: Ribombee|spd|1\n|-boost|p2a: Ribombee|spe|1\n|move|p2b: Baxcalibur|Swords Dance|p2b: Baxcalibur\n|-boost|p2b: Baxcalibur|atk|2\n|move|p1a: Glimmora|Stealth Rock|p2a: Ribombee\n|-sidestart|p2: Spangly-2|move: Stealth Rock\n|move|p1b: Goodra|Acid Armor|p1b: Goodra\n|-boost|p1b: Goodra|def|2\n|\n|upkeep\n|turn|2\n|\n|t:|1697214828\n|move|p2a: Ribombee|Quiver Dance|p2a: Ribombee\n|-boost|p2a: Ribombee|spa|1\n|-boost|p2a: Ribombee|spd|1\n|-boost|p2a: Ribombee|spe|1\n|move|p2b: Baxcalibur|Scale Shot|p1b: Goodra\n|-damage|p1b: Goodra|87\/100\n|-damage|p1b: Goodra|75\/100\n|-damage|p1b: Goodra|61\/100\n|-damage|p1b: Goodra|47\/100\n|-hitcount|p1b: Goodra|4\n|-unboost|p2b: Baxcalibur|def|1\n|-boost|p2b: Baxcalibur|spe|1\n|move|p1a: Glimmora|Spikes|p2b: Baxcalibur\n|-sidestart|p2: Spangly-2|Spikes\n|move|p1b: Goodra|Acid Armor|p1b: Goodra\n|-boost|p1b: Goodra|def|2\n|\n|-heal|p1b: Goodra|54\/100|[from] item: Leftovers\n|upkeep\n|turn|3\n|\n|t:|1697214855\n|move|p2a: Ribombee|Moonblast|p1b: Goodra\n|-damage|p1b: Goodra|10\/100\n|move|p2b: Baxcalibur|Scale Shot|p1b: Goodra\n|-damage|p1b: Goodra|2\/100\n|-damage|p1b: Goodra|0 fnt\n|faint|p1b: Goodra\n|-hitcount|p1: Goodra|2\n|-unboost|p2b: Baxcalibur|def|1\n|-boost|p2b: Baxcalibur|spe|1\n|move|p1a: Glimmora|Spikes|p2a: Ribombee\n|-sidestart|p2: Spangly-2|Spikes\n|\n|upkeep\n|\n|t:|1697214863\n|switch|p1b: Tyranitar|Tyranitar, M, shiny|100\/100\n|-weather|Sandstorm|[from] ability: Sand Stream|[of] p1b: Tyranitar\n|turn|4\n|\n|t:|1697214876\n|switch|p1b: Kingambit|Kingambit, M, shiny|100\/100\n|-activate|p1b: Kingambit|ability: Supreme Overlord\n|-start|p1b: Kingambit|fallen1|[silent]\n|move|p2a: Ribombee|Moonblast|p1b: Kingambit\n|-damage|p1b: Kingambit|16\/100\n|move|p2b: Baxcalibur|Scale Shot|p1b: Kingambit\n|-resisted|p1b: Kingambit\n|-damage|p1b: Kingambit|5\/100\n|-resisted|p1b: Kingambit\n|-crit|p1b: Kingambit\n|-damage|p1b: Kingambit|0 fnt\n|faint|p1b: Kingambit\n|-end|p1b: Kingambit|fallen1|[silent]\n|-hitcount|p1: Kingambit|2\n|-unboost|p2b: Baxcalibur|def|1\n|-boost|p2b: Baxcalibur|spe|1\n|move|p1a: Glimmora|Sludge Wave|p2a: Ribombee|[spread] p2a\n|-immune|p2b: Baxcalibur\n|-supereffective|p2a: Ribombee\n|-damage|p2a: Ribombee|49\/100\n|\n|-weather|Sandstorm|[upkeep]\n|-damage|p2a: Ribombee|43\/100|[from] Sandstorm\n|upkeep\n|inactive|IntermediateGamer has 120 seconds left.\n|\n|t:|1697214902\n|switch|p1b: Dracovish|Dracovish, shiny|100\/100\n|turn|5\n|\n|t:|1697214919\n|move|p2b: Baxcalibur|Scale Shot|p1b: Dracovish\n|-supereffective|p1b: Dracovish\n|-damage|p1b: Dracovish|37\/100\n|-supereffective|p1b: Dracovish\n|-damage|p1b: Dracovish|0 fnt\n|faint|p1b: Dracovish\n|-hitcount|p1: Dracovish|2\n|-unboost|p2b: Baxcalibur|def|1\n|-boost|p2b: Baxcalibur|spe|1\n|move|p2a: Ribombee|Moonblast|p1a: Glimmora\n|-resisted|p1a: Glimmora\n|-damage|p1a: Glimmora|69\/100\n|move|p1a: Glimmora|Spikes|p2a: Ribombee\n|-sidestart|p2: Spangly-2|Spikes\n|\n|-weather|Sandstorm|[upkeep]\n|-damage|p2a: Ribombee|37\/100|[from] Sandstorm\n|upkeep\n|\n|t:|1697214924\n|switch|p1b: Houndstone|Houndstone, M, shiny|100\/100\n|turn|6\n|\n|t:|1697214938\n|move|p2b: Baxcalibur|Scale Shot|p1b: Houndstone\n|-damage|p1b: Houndstone|68\/100\n|-damage|p1b: Houndstone|33\/100\n|-damage|p1b: Houndstone|0 fnt\n|faint|p1b: Houndstone\n|-hitcount|p1: Houndstone|3\n|-unboost|p2b: Baxcalibur|def|1\n|-boost|p2b: Baxcalibur|spe|1\n|move|p2a: Ribombee|Moonblast|p1a: Glimmora\n|-resisted|p1a: Glimmora\n|-damage|p1a: Glimmora|36\/100\n|move|p1a: Glimmora|Sludge Wave|p2a: Ribombee|[spread] p2a\n|-immune|p2b: Baxcalibur\n|-supereffective|p2a: Ribombee\n|-damage|p2a: Ribombee|0 fnt\n|faint|p2a: Ribombee\n|\n|-weather|Sandstorm|[upkeep]\n|upkeep\n|-message|IntermediateGamer forfeited.\n|\n|win|Spangly-2\n|raw|IntermediateGamer's rating: 1151 &rarr; <strong>1127<\/strong><br \/>(-24 for losing)\n|raw|Spangly-2's rating: 1167 &rarr; <strong>1191<\/strong><br \/>(+24 for winning)\n|l|\u2606IntermediateGamer\n","uploadtime":1697214959,"views":7,"p1id":"intermediategamer","p2id":"spangly2","formatid":"gen9nationaldexdoubles","rating":1127,"private":0,"password":""}