{"id":"gen9nationaldexdoubles-1991207836","p1":"Prankbox454","p2":"ExpungedHasYourIP","format":"[Gen 9] National Dex Doubles","log":"|j|\u2606Prankbox454\n|j|\u203dExpungedHasYourIP\n|t:|1700057231\n|gametype|doubles\n|player|p1|Prankbox454|burgh|1142\n|player|p2|ExpungedHasYourIP|teamrocket|1072\n|teamsize|p1|6\n|teamsize|p2|6\n|gen|9\n|tier|[Gen 9] National Dex Doubles\n|rated|\n|rule|HP Percentage Mod: HP is shown in percentages\n|rule|Endless Battle Clause: Forcing endless battles is banned\n|rule|OHKO Clause: OHKO moves are banned\n|rule|Evasion Moves Clause: Evasion moves are banned\n|rule|Evasion Abilities Clause: Evasion abilities are banned\n|rule|Species Clause: Limit one of each Pok\u00e9mon\n|rule|Gravity Sleep Clause: The combination of sleep-inducing moves with imperfect accuracy and Gravity or Gigantamax Orbeetle are banned\n|clearpoke\n|poke|p1|Venusaur, M|\n|poke|p1|Toxapex, M|\n|poke|p1|Overqwil, M|\n|poke|p1|Sneasler, F|\n|poke|p1|Gengar, F|\n|poke|p1|Nihilego|\n|poke|p2|Regigigas|\n|poke|p2|Gallade, M|\n|poke|p2|Volcanion|\n|poke|p2|Grimmsnarl, M|\n|poke|p2|Maushold|\n|poke|p2|Amoonguss, M|\n|teampreview\n|inactive|Battle timer is ON: inactive players will automatically lose when time's up. (requested by ExpungedHasYourIP)\n|\n|t:|1700057250\n|start\n|switch|p1a: Sneasler|Sneasler, F|100\/100\n|switch|p1b: Overqwil|Overqwil, M|100\/100\n|switch|p2a: Regigigas|Regigigas|100\/100\n|switch|p2b: Gallade|Gallade, M|100\/100\n|-start|p2a: Regigigas|ability: Slow Start\n|-ability|p1b: Overqwil|Intimidate|boost\n|-unboost|p2a: Regigigas|atk|1\n|-unboost|p2b: Gallade|atk|1\n|-item|p1b: Overqwil|Air Balloon\n|turn|1\n|\n|t:|1700057259\n|move|p1a: Sneasler|Fake Out|p2b: Gallade\n|-damage|p2b: Gallade|75\/100\n|cant|p2b: Gallade|flinch\n|move|p1b: Overqwil|Taunt|p2b: Gallade\n|-start|p2b: Gallade|move: Taunt\n|move|p2a: Regigigas|Rock Polish|p2a: Regigigas\n|-boost|p2a: Regigigas|spe|2\n|\n|upkeep\n|turn|2\n|inactive|Prankbox454 has 120 seconds left.\n|\n|t:|1700057289\n|switch|p2b: Amoonguss|Amoonguss, M|100\/100\n|move|p2a: Regigigas|Protect|p2a: Regigigas\n|-singleturn|p2a: Regigigas|Protect\n|move|p1a: Sneasler|Close Combat|p2a: Regigigas\n|-activate|p2a: Regigigas|move: Protect\n|move|p1b: Overqwil|Toxic Spikes|p2a: Regigigas\n|-sidestart|p2: ExpungedHasYourIP|move: Toxic Spikes\n|\n|upkeep\n|turn|3\n|\n|t:|1700057310\n|move|p2b: Amoonguss|Rage Powder|p2b: Amoonguss\n|-singleturn|p2b: Amoonguss|move: Rage Powder\n|move|p1a: Sneasler|Close Combat|p2b: Amoonguss\n|-resisted|p2b: Amoonguss\n|-damage|p2b: Amoonguss|74\/100\n|-unboost|p1a: Sneasler|def|1\n|-unboost|p1a: Sneasler|spd|1\n|move|p2a: Regigigas|Rock Polish|p2a: Regigigas\n|-boost|p2a: Regigigas|spe|2\n|move|p1b: Overqwil|Taunt|p2b: Amoonguss\n|-start|p2b: Amoonguss|move: Taunt\n|\n|upkeep\n|turn|4\n|inactive|Prankbox454 has 120 seconds left.\n|\n|t:|1700057345\n|switch|p1a: Nihilego|Nihilego|100\/100\n|switch|p2b: Gallade|Gallade, M|75\/100\n|-status|p2b: Gallade|psn\n|move|p2a: Regigigas|Protect|p2a: Regigigas\n|-singleturn|p2a: Regigigas|Protect\n|move|p1b: Overqwil|Toxic Spikes|p2b: Gallade\n|-sidestart|p2: ExpungedHasYourIP|move: Toxic Spikes\n|\n|-damage|p2b: Gallade|62\/100 psn|[from] psn\n|upkeep\n|turn|5\n|inactive|Prankbox454 has 120 seconds left.\n|\n|t:|1700057386\n|switch|p1b: Sneasler|Sneasler, F|100\/100\n|move|p2a: Regigigas|Drain Punch|p1a: Nihilego\n|-damage|p1a: Nihilego|80\/100\n|move|p2b: Gallade|Skill Swap|p2a: Regigigas\n|-activate|p2b: Gallade|move: Skill Swap|||[of] p2a: Regigigas\n|-end|p2a: Regigigas|Slow Start|[silent]\n|-start|p2b: Gallade|ability: Slow Start\n|move|p1a: Nihilego|Venoshock|p2b: Gallade\n|-damage|p2b: Gallade|0 fnt\n|faint|p2b: Gallade\n|-end|p2b: Gallade|Slow Start|[silent]\n|-ability|p1a: Nihilego|Beast Boost|boost\n|-boost|p1a: Nihilego|spa|1\n|-damage|p1a: Nihilego|70\/100|[from] item: Life Orb\n|\n|upkeep\n|\n|t:|1700057398\n|switch|p2b: Maushold|Maushold|100\/100\n|-status|p2b: Maushold|tox\n|turn|6\n|inactive|Prankbox454 has 120 seconds left.\n|inactive|ExpungedHasYourIP has 120 seconds left.\n|inactive|Prankbox454 has 90 seconds left.\n|\n|t:|1700057449\n|move|p1b: Sneasler|Fake Out|p2b: Maushold\n|-damage|p2b: Maushold|76\/100 tox\n|move|p2a: Regigigas|Drain Punch|p1a: Nihilego\n|-damage|p1a: Nihilego|30\/100\n|cant|p2b: Maushold|flinch\n|move|p1a: Nihilego|Power Gem|p2a: Regigigas\n|-damage|p2a: Regigigas|49\/100\n|-damage|p1a: Nihilego|20\/100|[from] item: Life Orb\n|\n|-heal|p2a: Regigigas|55\/100|[from] item: Leftovers\n|-damage|p2b: Maushold|70\/100 tox|[from] psn\n|upkeep\n|turn|7\n|inactive|Prankbox454 has 90 seconds left.\n|inactive|ExpungedHasYourIP has 120 seconds left.\n|l|\u2606Prankbox454\n|inactive|Prankbox454 disconnected and has a minute to reconnect!\n|player|p1|\n|inactive|Prankbox454 has 30 seconds to reconnect!\n|j|\u2606Prankbox454\n|inactive|Prankbox454 reconnected and has 45 seconds left.\n|player|p1|Prankbox454|burgh\n|\n|t:|1700057518\n|switch|p1a: Overqwil|Overqwil, M|100\/100\n|-ability|p1a: Overqwil|Intimidate|boost\n|-unboost|p2a: Regigigas|atk|1\n|-unboost|p2b: Maushold|atk|1\n|-item|p1a: Overqwil|Air Balloon\n|-terastallize|p2a: Regigigas|Fighting\n|move|p2a: Regigigas|Drain Punch|p1a: Overqwil\n|-damage|p1a: Overqwil|81\/100\n|-heal|p2a: Regigigas|64\/100|[from] drain|[of] p1a: Overqwil\n|-enditem|p1a: Overqwil|Air Balloon\n|move|p2b: Maushold|Beat Up|p2a: Regigigas\n|-resisted|p2a: Regigigas\n|-damage|p2a: Regigigas|63\/100\n|-ability|p2a: Regigigas|Justified|boost\n|-boost|p2a: Regigigas|atk|1\n|-resisted|p2a: Regigigas\n|-damage|p2a: Regigigas|63\/100\n|-ability|p2a: Regigigas|Justified|boost\n|-boost|p2a: Regigigas|atk|1\n|-resisted|p2a: Regigigas\n|-damage|p2a: Regigigas|62\/100\n|-ability|p2a: Regigigas|Justified|boost\n|-boost|p2a: Regigigas|atk|1\n|-resisted|p2a: Regigigas\n|-damage|p2a: Regigigas|61\/100\n|-ability|p2a: Regigigas|Justified|boost\n|-boost|p2a: Regigigas|atk|1\n|-resisted|p2a: Regigigas\n|-damage|p2a: Regigigas|60\/100\n|-ability|p2a: Regigigas|Justified|boost\n|-boost|p2a: Regigigas|atk|1\n|-hitcount|p2a: Regigigas|5\n|move|p1b: Sneasler|Close Combat|p2a: Regigigas\n|-damage|p2a: Regigigas|16\/100\n|-unboost|p1b: Sneasler|def|1\n|-unboost|p1b: Sneasler|spd|1\n|-status|p2a: Regigigas|psn|[from] ability: Poison Touch|[of] p1b: Sneasler\n|\n|-heal|p2a: Regigigas|22\/100 psn|[from] item: Leftovers\n|-damage|p2a: Regigigas|9\/100 psn|[from] psn\n|-damage|p2b: Maushold|58\/100 tox|[from] psn\n|upkeep\n|turn|8\n|inactive|Prankbox454 has 60 seconds left.\n|inactive|ExpungedHasYourIP has 120 seconds left.\n|inactive|ExpungedHasYourIP has 90 seconds left.\n|\n|t:|1700057569\n|switch|p2b: Amoonguss|Amoonguss, M|100\/100\n|-sideend|p2: ExpungedHasYourIP|move: Toxic Spikes|[of] p2b: Amoonguss\n|move|p2a: Regigigas|Protect|p2a: Regigigas\n|-singleturn|p2a: Regigigas|Protect\n|move|p1b: Sneasler|Protect|p1b: Sneasler\n|-singleturn|p1b: Sneasler|Protect\n|move|p1a: Overqwil|Protect||[still]\n|-fail|p1a: Overqwil\n|\n|-heal|p2a: Regigigas|15\/100 psn|[from] item: Leftovers\n|-damage|p2a: Regigigas|3\/100 psn|[from] psn\n|upkeep\n|turn|9\n|inactive|Prankbox454 has 60 seconds left.\n|inactive|Prankbox454 has 30 seconds left.\n|inactive|Prankbox454 has 20 seconds left.\n|\n|t:|1700057624\n|move|p1a: Overqwil|Protect|p1a: Overqwil\n|-singleturn|p1a: Overqwil|Protect\n|move|p2b: Amoonguss|Rage Powder|p2b: Amoonguss\n|-singleturn|p2b: Amoonguss|move: Rage Powder\n|move|p2a: Regigigas|Drain Punch|p1a: Overqwil\n|-activate|p1a: Overqwil|move: Protect\n|move|p1b: Sneasler|Fling|p2b: Amoonguss\n|-damage|p2b: Amoonguss|92\/100\n|-enditem|p1b: Sneasler|King's Rock|[from] move: Fling\n|\n|-heal|p2a: Regigigas|9\/100 psn|[from] item: Leftovers\n|-damage|p2a: Regigigas|0 fnt|[from] psn\n|faint|p2a: Regigigas\n|upkeep\n|inactive|Prankbox454 has 25 seconds left this turn.\n|inactive|ExpungedHasYourIP has 90 seconds left.\n|-message|ExpungedHasYourIP forfeited.\n|\n|win|Prankbox454\n|inactive|Prankbox454 has 30 seconds left this turn.\n|raw|Prankbox454's rating: 1142 &rarr; <strong>1162<\/strong><br \/>(+20 for winning)\n|raw|ExpungedHasYourIP's rating: 1072 &rarr; <strong>1055<\/strong><br \/>(-17 for losing)\n|l|\u203dExpungedHasYourIP\n","uploadtime":1700057643,"views":8,"p1id":"prankbox454","p2id":"expungedhasyourip","formatid":"gen9nationaldexdoubles","rating":1055,"private":0,"password":""}