{"id":"gen9nationaldexdoubles-1988911239","p1":"Profesor Turo","p2":"Mister__Yellow","format":"[Gen 9] National Dex Doubles","log":"|j|\u2606Profesor Turo\n|j|\u2606Mister__Yellow\n|t:|1699786207\n|gametype|doubles\n|player|p1|Profesor Turo|turo-ai|1430\n|player|p2|Mister__Yellow|1|1273\n|teamsize|p1|6\n|teamsize|p2|6\n|gen|9\n|tier|[Gen 9] National Dex Doubles\n|rated|\n|rule|HP Percentage Mod: HP is shown in percentages\n|rule|Endless Battle Clause: Forcing endless battles is banned\n|rule|OHKO Clause: OHKO moves are banned\n|rule|Evasion Moves Clause: Evasion moves are banned\n|rule|Evasion Abilities Clause: Evasion abilities are banned\n|rule|Species Clause: Limit one of each Pok\u00e9mon\n|rule|Gravity Sleep Clause: The combination of sleep-inducing moves with imperfect accuracy and Gravity or Gigantamax Orbeetle are banned\n|clearpoke\n|poke|p1|Charizard, F|\n|poke|p1|Chi-Yu|\n|poke|p1|Flutter Mane|\n|poke|p1|Walking Wake|\n|poke|p1|Coalossal, F|\n|poke|p1|Flamigo, F|\n|poke|p2|Blaziken, F|\n|poke|p2|Torkoal, F|\n|poke|p2|Shiftry, F|\n|poke|p2|Pelipper, F|\n|poke|p2|Azumarill, M|\n|poke|p2|Minun, M|\n|teampreview\n|inactive|Battle timer is ON: inactive players will automatically lose when time's up. (requested by Profesor Turo)\n|\n|t:|1699786218\n|start\n|switch|p1a: Walking Wake|Walking Wake|100\/100\n|switch|p1b: Coalossal|Coalossal, F|100\/100\n|switch|p2a: Torkoal|Torkoal, F|100\/100\n|switch|p2b: Shiftry|Shiftry, F|100\/100\n|-weather|SunnyDay|[from] ability: Drought|[of] p2a: Torkoal\n|-activate|p1a: Walking Wake|ability: Protosynthesis\n|-start|p1a: Walking Wake|protosynthesisspe\n|turn|1\n|\n|t:|1699786232\n|-terastallize|p1b: Coalossal|Fire\n|move|p2b: Shiftry|Fake Out|p1a: Walking Wake\n|-damage|p1a: Walking Wake|88\/100\n|cant|p1a: Walking Wake|flinch\n|move|p1b: Coalossal|Power Gem|p2a: Torkoal\n|-supereffective|p2a: Torkoal\n|-damage|p2a: Torkoal|13\/100\n|move|p2a: Torkoal|Eruption|p1b: Coalossal|[spread] p1a,p1b\n|-resisted|p1a: Walking Wake\n|-resisted|p1b: Coalossal\n|-damage|p1a: Walking Wake|85\/100\n|-damage|p1b: Coalossal|96\/100\n|-ability|p1b: Coalossal|Steam Engine|boost\n|-boost|p1b: Coalossal|spe|6\n|\n|-weather|SunnyDay|[upkeep]\n|-heal|p2a: Torkoal|19\/100|[from] item: Leftovers\n|upkeep\n|turn|2\n|\n|t:|1699786253\n|move|p1b: Coalossal|Flamethrower|p2b: Shiftry\n|-supereffective|p2b: Shiftry\n|-enditem|p2b: Shiftry|Focus Sash\n|-damage|p2b: Shiftry|1\/100\n|move|p2b: Shiftry|Leaf Blade|p1a: Walking Wake\n|-damage|p1a: Walking Wake|46\/100\n|move|p1a: Walking Wake|Flip Turn|p1b: Coalossal\n|-supereffective|p1b: Coalossal\n|-damage|p1b: Coalossal|81\/100\n|-enditem|p1b: Coalossal|Weakness Policy\n|-boost|p1b: Coalossal|atk|2|[from] item: Weakness Policy\n|-boost|p1b: Coalossal|spa|2|[from] item: Weakness Policy\n|-damage|p1a: Walking Wake|36\/100|[from] item: Life Orb\n|\n|t:|1699786257\n|-end|p1a: Walking Wake|Protosynthesis|[silent]\n|switch|p1a: Flamigo|Flamigo, F|100\/100|[from] Flip Turn\n|-copyboost|p1a: Flamigo|p1b: Coalossal|[from] ability: Costar\n|move|p2a: Torkoal|Yawn|p1b: Coalossal\n|-start|p1b: Coalossal|move: Yawn|[of] p2a: Torkoal\n|\n|-weather|SunnyDay|[upkeep]\n|-heal|p2a: Torkoal|25\/100|[from] item: Leftovers\n|upkeep\n|turn|3\n|\n|t:|1699786281\n|move|p1a: Flamigo|Close Combat|p2b: Shiftry\n|-supereffective|p2b: Shiftry\n|-damage|p2b: Shiftry|0 fnt\n|-unboost|p1a: Flamigo|def|1\n|-unboost|p1a: Flamigo|spd|1\n|-enditem|p1a: Flamigo|White Herb\n|-clearnegativeboost|p1a: Flamigo|[silent]\n|faint|p2b: Shiftry\n|move|p1b: Coalossal|Heat Wave|p2a: Torkoal\n|-resisted|p2a: Torkoal\n|-damage|p2a: Torkoal|0 fnt\n|faint|p2a: Torkoal\n|\n|-weather|SunnyDay|[upkeep]\n|-end|p1b: Coalossal|move: Yawn|[silent]\n|-status|p1b: Coalossal|slp\n|upkeep\n|inactive|Mister__Yellow has 120 seconds left.\n|\n|t:|1699786311\n|switch|p2b: Azumarill|Azumarill, M|100\/100\n|switch|p2a: Pelipper|Pelipper, F, shiny|100\/100\n|-weather|RainDance|[from] ability: Drizzle|[of] p2a: Pelipper\n|turn|4\n|inactive|Mister__Yellow has 120 seconds left.\n|\n|t:|1699786332\n|move|p2b: Azumarill|Aqua Jet|p1a: Flamigo\n|-damage|p1a: Flamigo|20\/100\n|move|p1a: Flamigo|Acrobatics|p2b: Azumarill\n|-damage|p2b: Azumarill|0 fnt\n|faint|p2b: Azumarill\n|cant|p1b: Coalossal|slp\n|move|p2a: Pelipper|Scald|p1a: Flamigo\n|-damage|p1a: Flamigo|0 fnt\n|faint|p1a: Flamigo\n|\n|-weather|RainDance|[upkeep]\n|upkeep\n|\n|t:|1699786344\n|switch|p1a: Charizard|Charizard, F|100\/100\n|switch|p2b: Minun|Minun, M|100\/100\n|turn|5\n|\n|t:|1699786357\n|detailschange|p1a: Charizard|Charizard-Mega-Y, F\n|-mega|p1a: Charizard|Charizard|Charizardite Y\n|-weather|SunnyDay|[from] ability: Drought|[of] p1a: Charizard\n|-terastallize|p2b: Minun|Electric\n|cant|p1b: Coalossal|slp\n|move|p1a: Charizard|Heat Wave|p2b: Minun|[spread] p2a,p2b\n|-resisted|p2a: Pelipper\n|-damage|p2a: Pelipper|52\/100\n|-damage|p2b: Minun|0 fnt\n|faint|p2b: Minun\n|move|p2a: Pelipper|Scald|p1a: Charizard\n|-supereffective|p1a: Charizard\n|-damage|p1a: Charizard|63\/100\n|\n|-weather|SunnyDay|[upkeep]\n|-heal|p2a: Pelipper|58\/100|[from] item: Leftovers\n|upkeep\n|j| Pennys No.1 Fan\n|\n|t:|1699786371\n|switch|p2b: Blaziken|Blaziken, F|100\/100\n|turn|6\n|c| Pennys No.1 Fan|HI DEAR\n|\n|t:|1699786388\n|move|p2b: Blaziken|Protect|p2b: Blaziken\n|-singleturn|p2b: Blaziken|Protect\n|-curestatus|p1b: Coalossal|slp|[msg]\n|move|p1b: Coalossal|Heat Wave|p2a: Pelipper|[spread] p2a\n|-activate|p2b: Blaziken|move: Protect\n|-resisted|p2a: Pelipper\n|-damage|p2a: Pelipper|0 fnt\n|faint|p2a: Pelipper\n|move|p1a: Charizard|Heat Wave|p2b: Blaziken\n|-activate|p2b: Blaziken|move: Protect\n|\n|-weather|SunnyDay|[upkeep]\n|-ability|p2b: Blaziken|Speed Boost|boost\n|-boost|p2b: Blaziken|spe|1\n|upkeep\n|turn|7\n|\n|t:|1699786404\n|move|p1b: Coalossal|Earth Power|p2b: Blaziken\n|-supereffective|p2b: Blaziken\n|-damage|p2b: Blaziken|0 fnt\n|faint|p2b: Blaziken\n|\n|win|Profesor Turo\n|raw|Profesor Turo's rating: 1430 &rarr; <strong>1442<\/strong><br \/>(+12 for winning)\n|raw|Mister__Yellow's rating: 1273 &rarr; <strong>1259<\/strong><br \/>(-14 for losing)\n|c|\u2606Profesor Turo|Hi hi\n|c|\u2606Profesor Turo|Gg p\n|c|\u2606Mister__Yellow|gg\n|c|\u2606Profesor Turo|wp\n","uploadtime":1699786412,"views":5,"p1id":"profesorturo","p2id":"misteryellow","formatid":"gen9nationaldexdoubles","rating":1259,"private":0,"password":""}