{"id":"gen9nationaldexdoubles-1966662670","p1":"Sencopion","p2":"Sakura the blossom","format":"[Gen 9] National Dex Doubles","log":"|j|\u2606Sencopion\n|j|\u2606Sakura the blossom\n|t:|1697211660\n|gametype|doubles\n|player|p1|Sencopion|hiker-gen4|\n|player|p2|Sakura the blossom|caitlin|\n|teamsize|p1|6\n|teamsize|p2|6\n|gen|9\n|tier|[Gen 9] National Dex Doubles\n|rule|HP Percentage Mod: HP is shown in percentages\n|rule|Endless Battle Clause: Forcing endless battles is banned\n|rule|OHKO Clause: OHKO moves are banned\n|rule|Evasion Moves Clause: Evasion moves are banned\n|rule|Evasion Abilities Clause: Evasion abilities are banned\n|rule|Species Clause: Limit one of each Pok\u00e9mon\n|rule|Gravity Sleep Clause: The combination of sleep-inducing moves with imperfect accuracy and Gravity or Gigantamax Orbeetle are banned\n|clearpoke\n|poke|p1|Hatterene, F|\n|poke|p1|Camerupt, F|\n|poke|p1|Indeedee-F, F|\n|poke|p1|Armarouge, M|\n|poke|p1|Torkoal, F|\n|poke|p1|Kingambit, F|\n|poke|p2|Bouffalant, F|\n|poke|p2|Armarouge, M|\n|poke|p2|Indeedee-F, F|\n|poke|p2|Staraptor, F|\n|poke|p2|Maushold|\n|poke|p2|Gardevoir, F|\n|teampreview\n|inactive|Battle timer is ON: inactive players will automatically lose when time's up. (requested by Sencopion)\n|inactive|Sakura the blossom also wants the timer to be on.\n|c|\u2606Sakura the blossom|Gl hf\n|j| henreyeyee\n|c| henreyeyee|hi\n|c|\u2606Sencopion|glhf\n|\n|t:|1697211680\n|start\n|switch|p1a: Indeedee|Indeedee-F, F|100\/100\n|switch|p1b: Armarouge|Armarouge, M|100\/100\n|switch|p2a: Indeedee|Indeedee-F, F|100\/100\n|switch|p2b: Staraptor|Staraptor, F|100\/100\n|-fieldstart|move: Psychic Terrain|[from] ability: Psychic Surge|[of] p1a: Indeedee\n|-enditem|p2a: Indeedee|Psychic Seed\n|-boost|p2a: Indeedee|spd|1|[from] item: Psychic Seed\n|turn|1\n|\n|t:|1697211699\n|move|p1a: Indeedee|Follow Me|p1a: Indeedee\n|-singleturn|p1a: Indeedee|move: Follow Me\n|move|p2b: Staraptor|U-turn|p1a: Indeedee\n|-supereffective|p1a: Indeedee\n|-damage|p1a: Indeedee|49\/100\n|\n|t:|1697211705\n|switch|p2b: Armarouge|Armarouge, M|100\/100|[from] U-turn\n|move|p2a: Indeedee|Imprison|p2a: Indeedee\n|-start|p2a: Indeedee|move: Imprison\n|cant|p1b: Armarouge|move: Imprison|Trick Room\n|\n|upkeep\n|turn|2\n|c| henreyeyee|staraptor must be belly drum\n|c| henreyeyee|nvm\n|c|\u2606Sakura the blossom|Nah\n|\n|t:|1697211728\n|move|p2a: Indeedee|Helping Hand|p2b: Armarouge\n|-singleturn|p2b: Armarouge|Helping Hand|[of] p2a: Indeedee\n|move|p2b: Armarouge|Expanding Force|p1a: Indeedee|[spread] p1a,p1b\n|-resisted|p1a: Indeedee\n|-crit|p1a: Indeedee\n|-resisted|p1b: Armarouge\n|-damage|p1a: Indeedee|0 fnt\n|-damage|p1b: Armarouge|49\/100\n|faint|p1a: Indeedee\n|move|p1b: Armarouge|Expanding Force|p2b: Armarouge|[spread] p2a,p2b\n|-resisted|p2a: Indeedee\n|-resisted|p2b: Armarouge\n|-damage|p2a: Indeedee|75\/100\n|-damage|p2b: Armarouge|48\/100\n|-damage|p1b: Armarouge|39\/100|[from] item: Life Orb\n|\n|upkeep\n|inactive|Sencopion has 270 seconds left.\n|\n|t:|1697211744\n|switch|p1a: Kingambit|Kingambit, F|100\/100\n|turn|3\n|\n|t:|1697211761\n|switch|p1a: Camerupt|Camerupt, F|100\/100\n|move|p2a: Indeedee|Follow Me|p2a: Indeedee\n|-singleturn|p2a: Indeedee|move: Follow Me\n|move|p2b: Armarouge|Armor Cannon|p1a: Camerupt\n|-resisted|p1a: Camerupt\n|-damage|p1a: Camerupt|62\/100\n|-unboost|p2b: Armarouge|def|1\n|-unboost|p2b: Armarouge|spd|1\n|move|p1b: Armarouge|Expanding Force|p2b: Armarouge|[spread] p2a,p2b\n|-resisted|p2a: Indeedee\n|-resisted|p2b: Armarouge\n|-damage|p2a: Indeedee|49\/100\n|-damage|p2b: Armarouge|0 fnt\n|faint|p2b: Armarouge\n|-damage|p1b: Armarouge|29\/100|[from] item: Life Orb\n|\n|upkeep\n|c| henreyeyee|saki with the lead\n|c| henreyeyee|ok its evened now\n|\n|t:|1697211777\n|switch|p2b: Gardevoir|Gardevoir, F|100\/100\n|-ability|p2b: Gardevoir|Flash Fire|[from] ability: Trace|[of] p1b: Armarouge\n|turn|4\n|c| henreyeyee|indeedee still trying to stop the trickroom from going up\n|\n|t:|1697211803\n|detailschange|p1a: Camerupt|Camerupt-Mega, F\n|-mega|p1a: Camerupt|Camerupt|Cameruptite\n|move|p2a: Indeedee|Helping Hand|p2b: Gardevoir\n|-singleturn|p2b: Gardevoir|Helping Hand|[of] p2a: Indeedee\n|move|p2b: Gardevoir|Expanding Force|p1a: Camerupt|[spread] p1a,p1b\n|-resisted|p1b: Armarouge\n|-damage|p1a: Camerupt|0 fnt\n|-damage|p1b: Armarouge|0 fnt\n|faint|p1a: Camerupt\n|faint|p1b: Armarouge\n|\n|upkeep\n|\n|t:|1697211812\n|switch|p1b: Hatterene|Hatterene, F|100\/100\n|switch|p1a: Kingambit|Kingambit, F|100\/100\n|turn|5\n|c| henreyeyee|wow\n|\n|t:|1697211824\n|move|p1a: Kingambit|Protect|p1a: Kingambit\n|-singleturn|p1a: Kingambit|Protect\n|move|p1b: Hatterene|Protect|p1b: Hatterene\n|-singleturn|p1b: Hatterene|Protect\n|move|p2a: Indeedee|Follow Me|p2a: Indeedee\n|-singleturn|p2a: Indeedee|move: Follow Me\n|move|p2b: Gardevoir|Aura Sphere|p1a: Kingambit\n|-activate|p1a: Kingambit|move: Protect\n|\n|-fieldend|move: Psychic Terrain\n|upkeep\n|turn|6\n|\n|t:|1697211839\n|switch|p1a: Torkoal|Torkoal, F|100\/100\n|-weather|SunnyDay|[from] ability: Drought|[of] p1a: Torkoal\n|move|p2a: Indeedee|Follow Me|p2a: Indeedee\n|-singleturn|p2a: Indeedee|move: Follow Me\n|move|p2b: Gardevoir|Aura Sphere|p1a: Torkoal\n|-damage|p1a: Torkoal|63\/100\n|move|p1b: Hatterene|Dazzling Gleam|p2a: Indeedee|[spread] p2a,p2b\n|-damage|p2a: Indeedee|28\/100\n|-damage|p2b: Gardevoir|63\/100\n|\n|-weather|SunnyDay|[upkeep]\n|upkeep\n|turn|7\n|\n|t:|1697211862\n|move|p2a: Indeedee|Helping Hand|p2b: Gardevoir\n|-singleturn|p2b: Gardevoir|Helping Hand|[of] p2a: Indeedee\n|move|p2b: Gardevoir|Expanding Force|p1a: Torkoal\n|-damage|p1a: Torkoal|0 fnt\n|faint|p1a: Torkoal\n|move|p1b: Hatterene|Dazzling Gleam|p2b: Gardevoir|[spread] p2a,p2b\n|-damage|p2a: Indeedee|4\/100\n|-damage|p2b: Gardevoir|27\/100\n|\n|-weather|SunnyDay|[upkeep]\n|upkeep\n|\n|t:|1697211867\n|switch|p1a: Kingambit|Kingambit, F|100\/100\n|turn|8\n|\n|t:|1697211880\n|detailschange|p2b: Gardevoir|Gardevoir-Mega, F\n|-mega|p2b: Gardevoir|Gardevoir|Gardevoirite\n|move|p2a: Indeedee|Follow Me|p2a: Indeedee\n|-singleturn|p2a: Indeedee|move: Follow Me\n|move|p1a: Kingambit|Sucker Punch||[still]\n|-fail|p1a: Kingambit\n|move|p2b: Gardevoir|Hyper Voice|p1a: Kingambit|[spread] p1a,p1b\n|-damage|p1a: Kingambit|56\/100\n|-damage|p1b: Hatterene|47\/100\n|move|p1b: Hatterene|Dazzling Gleam|p2b: Gardevoir|[spread] p2a,p2b\n|-damage|p2a: Indeedee|0 fnt\n|-damage|p2b: Gardevoir|0 fnt\n|faint|p2a: Indeedee\n|faint|p2b: Gardevoir\n|\n|-weather|SunnyDay|[upkeep]\n|upkeep\n|c| henreyeyee|ah i see saki was valuing the Flash fire\n|\n|t:|1697211898\n|switch|p2b: Bouffalant|Bouffalant, F|100\/100\n|switch|p2a: Maushold|Maushold|100\/100\n|turn|9\n|\n|t:|1697211915\n|move|p1a: Kingambit|Protect|p1a: Kingambit\n|-singleturn|p1a: Kingambit|Protect\n|move|p2a: Maushold|Population Bomb|p1b: Hatterene\n|-damage|p1b: Hatterene|39\/100\n|-damage|p1b: Hatterene|30\/100\n|-damage|p1b: Hatterene|22\/100\n|-damage|p1b: Hatterene|14\/100\n|-crit|p1b: Hatterene\n|-damage|p1b: Hatterene|2\/100\n|-damage|p1b: Hatterene|0 fnt\n|faint|p1b: Hatterene\n|-hitcount|p1: Hatterene|6\n|move|p2b: Bouffalant|High Horsepower|p1a: Kingambit\n|-activate|p1a: Kingambit|move: Protect\n|\n|-weather|SunnyDay|[upkeep]\n|upkeep\n|turn|10\n|\n|t:|1697211935\n|move|p2a: Maushold|Follow Me|p2a: Maushold\n|-singleturn|p2a: Maushold|move: Follow Me\n|move|p1a: Kingambit|Sucker Punch||[still]\n|-fail|p1a: Kingambit\n|move|p2b: Bouffalant|High Horsepower|p1a: Kingambit\n|-supereffective|p1a: Kingambit\n|-damage|p1a: Kingambit|0 fnt\n|faint|p1a: Kingambit\n|\n|win|Sakura the blossom\n|c|\u2606Sencopion|gg wp saki\n|c| henreyeyee|wow\n|c|\u2606Sakura the blossom|Gg wp\n|c|\u2606Sakura the blossom|Thats more like it\n","uploadtime":1697211959,"views":10,"p1id":"sencopion","p2id":"sakuratheblossom","formatid":"gen9nationaldexdoubles","rating":0,"private":0,"password":""}