{"id":"gen9nationaldexdoubles-1982811918","p1":"Pegas04forever","p2":"fumbari 24","format":"[Gen 9] National Dex Doubles","log":"|j|\u2606Pegas04forever\n|j|\u2606fumbari 24\n|t:|1699047261\n|gametype|doubles\n|player|p1|Pegas04forever|backersf|1134\n|player|p2|fumbari 24|hilbert|1439\n|teamsize|p1|6\n|teamsize|p2|6\n|gen|9\n|tier|[Gen 9] National Dex Doubles\n|rated|\n|rule|HP Percentage Mod: HP is shown in percentages\n|rule|Endless Battle Clause: Forcing endless battles is banned\n|rule|OHKO Clause: OHKO moves are banned\n|rule|Evasion Moves Clause: Evasion moves are banned\n|rule|Evasion Abilities Clause: Evasion abilities are banned\n|rule|Species Clause: Limit one of each Pok\u00e9mon\n|rule|Gravity Sleep Clause: The combination of sleep-inducing moves with imperfect accuracy and Gravity or Gigantamax Orbeetle are banned\n|clearpoke\n|poke|p1|Espathra, F|\n|poke|p1|Flamigo, F|\n|poke|p1|Oricorio-Pom-Pom, F|\n|poke|p1|Lilligant, F|\n|poke|p1|Quaquaval, F|\n|poke|p1|Volcarona, F|\n|poke|p2|Raikou|\n|poke|p2|Latios, M|\n|poke|p2|Entei|\n|poke|p2|Weavile, F|\n|poke|p2|Flutter Mane|\n|poke|p2|Snorlax, M|\n|teampreview\n|inactive|Battle timer is ON: inactive players will automatically lose when time's up. (requested by Pegas04forever)\n|\n|t:|1699047294\n|start\n|switch|p1a: Anna Pavlova|Lilligant, F, shiny|100\/100\n|switch|p1b: Cheerleader|Oricorio-Pom-Pom, F, shiny|100\/100\n|switch|p2a: Weavile|Weavile, F|100\/100\n|switch|p2b: Raikou|Raikou|100\/100\n|-ability|p2a: Weavile|Pressure\n|turn|1\n|\n|t:|1699047313\n|move|p2a: Weavile|Fake Out|p1a: Anna Pavlova\n|-damage|p1a: Anna Pavlova|83\/100\n|-zpower|p2b: Raikou\n|move|p2b: Raikou|Gigavolt Havoc|p1b: Cheerleader|[zeffect]\n|-enditem|p1b: Cheerleader|Focus Sash\n|-damage|p1b: Cheerleader|1\/100\n|move|p1b: Cheerleader|Teeter Dance|p2b: Raikou|[spread] p1a,p2a,p2b\n|-immune|p1a: Anna Pavlova|confusion|[from] ability: Own Tempo\n|-start|p2a: Weavile|confusion\n|-start|p2b: Raikou|confusion\n|cant|p1a: Anna Pavlova|flinch\n|\n|upkeep\n|turn|2\n|\n|t:|1699047337\n|-terastallize|p1b: Cheerleader|Ground\n|-activate|p2a: Weavile|confusion\n|move|p2a: Weavile|Snarl|p1b: Cheerleader|[spread] p1a,p1b\n|-damage|p1a: Anna Pavlova|74\/100\n|-damage|p1b: Cheerleader|0 fnt\n|-unboost|p1a: Anna Pavlova|spa|1\n|faint|p1b: Cheerleader\n|-activate|p2b: Raikou|confusion\n|-damage|p2b: Raikou|94\/100|[from] confusion\n|move|p1a: Anna Pavlova|Quiver Dance|p1a: Anna Pavlova\n|-boost|p1a: Anna Pavlova|spa|1\n|-boost|p1a: Anna Pavlova|spd|1\n|-boost|p1a: Anna Pavlova|spe|1\n|\n|upkeep\n|\n|t:|1699047344\n|switch|p1b: Flamenco|Flamigo, F|100\/100\n|-copyboost|p1b: Flamenco|p1a: Anna Pavlova|[from] ability: Costar\n|turn|3\n|\n|t:|1699047357\n|-terastallize|p2a: Weavile|Water\n|move|p1b: Flamenco|Copycat|p1b: Flamenco\n|move|p1b: Flamenco|Quiver Dance|p1b: Flamenco|[from]move: Copycat\n|-boost|p1b: Flamenco|spa|1\n|-boost|p1b: Flamenco|spd|1\n|-boost|p1b: Flamenco|spe|1\n|move|p1a: Anna Pavlova|Quiver Dance|p1a: Anna Pavlova\n|-boost|p1a: Anna Pavlova|spa|1\n|-boost|p1a: Anna Pavlova|spd|1\n|-boost|p1a: Anna Pavlova|spe|1\n|-activate|p2a: Weavile|confusion\n|move|p2a: Weavile|Ice Spinner|p1a: Anna Pavlova\n|-supereffective|p1a: Anna Pavlova\n|-damage|p1a: Anna Pavlova|0 fnt\n|faint|p1a: Anna Pavlova\n|-activate|p2b: Raikou|confusion\n|move|p2b: Raikou|Volt Switch|p1b: Flamenco\n|-supereffective|p1b: Flamenco\n|-damage|p1b: Flamenco|51\/100\n|\n|t:|1699047376\n|switch|p2b: Latios|Latios, M|100\/100|[from] Volt Switch\n|\n|upkeep\n|\n|t:|1699047380\n|switch|p1a: Dancing queen|Volcarona, F|100\/100\n|turn|4\n|\n|t:|1699047388\n|switch|p2a: Entei|Entei|100\/100\n|detailschange|p2b: Latios|Latios-Mega, M\n|-mega|p2b: Latios|Latios|Latiosite\n|move|p1b: Flamenco|Acrobatics|p2b: Latios\n|-damage|p2b: Latios|72\/100\n|move|p2b: Latios|Psychic|p1b: Flamenco\n|-supereffective|p1b: Flamenco\n|-damage|p1b: Flamenco|0 fnt\n|faint|p1b: Flamenco\n|move|p1a: Dancing queen|Giga Drain|p2a: Entei\n|-resisted|p2a: Entei\n|-damage|p2a: Entei|85\/100\n|\n|-heal|p2a: Entei|92\/100|[from] item: Leftovers\n|upkeep\n|\n|t:|1699047397\n|switch|p1b: El cumbias|Quaquaval, F|100\/100\n|turn|5\n|\n|t:|1699047406\n|move|p2a: Entei|Protect|p2a: Entei\n|-singleturn|p2a: Entei|Protect\n|move|p2b: Latios|Tailwind|p2b: Latios\n|-sidestart|p2: fumbari 24|move: Tailwind\n|move|p1a: Dancing queen|Quiver Dance|p1a: Dancing queen\n|-boost|p1a: Dancing queen|spa|1\n|-boost|p1a: Dancing queen|spd|1\n|-boost|p1a: Dancing queen|spe|1\n|move|p1b: El cumbias|Aqua Step|p2a: Entei\n|-activate|p2a: Entei|move: Protect\n|\n|-heal|p2a: Entei|98\/100|[from] item: Leftovers\n|upkeep\n|turn|6\n|\n|t:|1699047417\n|move|p2b: Latios|Psychic|p1b: El cumbias\n|-supereffective|p1b: El cumbias\n|-damage|p1b: El cumbias|0 fnt\n|faint|p1b: El cumbias\n|move|p2a: Entei|Sacred Fire|p1a: Dancing queen\n|-damage|p1a: Dancing queen|33\/100\n|move|p1a: Dancing queen|Fiery Dance|p2b: Latios\n|-resisted|p2b: Latios\n|-damage|p2b: Latios|42\/100\n|\n|-heal|p2a: Entei|100\/100|[from] item: Leftovers\n|upkeep\n|\n|t:|1699047420\n|switch|p1b: Lady gaga|Espathra, F|100\/100\n|turn|7\n|\n|t:|1699047433\n|switch|p2b: Flutter Mane|Flutter Mane|100\/100\n|-enditem|p2b: Flutter Mane|Booster Energy\n|-activate|p2b: Flutter Mane|ability: Protosynthesis|[fromitem]\n|-start|p2b: Flutter Mane|protosynthesisspa\n|move|p2a: Entei|Sacred Fire|p1a: Dancing queen\n|-damage|p1a: Dancing queen|0 fnt\n|faint|p1a: Dancing queen\n|move|p1b: Lady gaga|Calm Mind|p1b: Lady gaga\n|-boost|p1b: Lady gaga|spa|1\n|-boost|p1b: Lady gaga|spd|1\n|\n|upkeep\n|turn|8\n|\n|t:|1699047455\n|move|p2b: Flutter Mane|Shadow Ball|p1b: Lady gaga\n|-supereffective|p1b: Lady gaga\n|-crit|p1b: Lady gaga\n|-damage|p1b: Lady gaga|0 fnt\n|faint|p1b: Lady gaga\n|\n|win|fumbari 24\n|raw|Pegas04forever's rating: 1134 &rarr; <strong>1127<\/strong><br \/>(-7 for losing)\n|raw|fumbari 24's rating: 1439 &rarr; <strong>1445<\/strong><br \/>(+6 for winning)\n|l|\u2606Pegas04forever\n","uploadtime":1699047478,"views":10,"p1id":"pegas04forever","p2id":"fumbari24","formatid":"gen9nationaldexdoubles","rating":1127,"private":0,"password":""}