{"id":"gen9nationaldexdoubles-1986746270","p1":"LOUGOD","p2":"FriedBeaver01","format":"[Gen 9] National Dex Doubles","log":"|j|\u2606LOUGOD\n|j|\u2606FriedBeaver01\n|t:|1699518471\n|gametype|doubles\n|player|p1|LOUGOD|101|1402\n|player|p2|FriedBeaver01|266|1347\n|teamsize|p1|6\n|teamsize|p2|6\n|gen|9\n|tier|[Gen 9] National Dex Doubles\n|rated|\n|rule|HP Percentage Mod: HP is shown in percentages\n|rule|Endless Battle Clause: Forcing endless battles is banned\n|rule|OHKO Clause: OHKO moves are banned\n|rule|Evasion Moves Clause: Evasion moves are banned\n|rule|Evasion Abilities Clause: Evasion abilities are banned\n|rule|Species Clause: Limit one of each Pok\u00e9mon\n|rule|Gravity Sleep Clause: The combination of sleep-inducing moves with imperfect accuracy and Gravity or Gigantamax Orbeetle are banned\n|clearpoke\n|poke|p1|Camerupt, M|\n|poke|p1|Hatterene, F|\n|poke|p1|Farigiraf, M|\n|poke|p1|Iron Hands|\n|poke|p1|Kingambit, M|\n|poke|p1|Sinistcha|\n|poke|p2|Ursaluna, M|\n|poke|p2|Incineroar, M|\n|poke|p2|Goodra-Hisui, M|\n|poke|p2|Chesnaught, M|\n|poke|p2|Tornadus, M|\n|poke|p2|Azumarill, M|\n|teampreview\n|\n|t:|1699518488\n|start\n|switch|p1a: Iron Hands|Iron Hands|100\/100\n|switch|p1b: Hatterene|Hatterene, F|100\/100\n|switch|p2a: Tornadus|Tornadus, M, shiny|100\/100\n|switch|p2b: Incineroar|Incineroar, M, shiny|100\/100\n|-ability|p2b: Incineroar|Intimidate|boost\n|-unboost|p1a: Iron Hands|atk|1\n|-unboost|p1b: Hatterene|atk|1\n|turn|1\n|\n|t:|1699518507\n|move|p1a: Iron Hands|Fake Out|p2b: Incineroar\n|-damage|p2b: Incineroar|87\/100\n|move|p2a: Tornadus|Taunt|p1b: Hatterene\n|move|p1b: Hatterene|Taunt|p2a: Tornadus|[from]ability: Magic Bounce\n|-start|p2a: Tornadus|move: Taunt\n|cant|p2b: Incineroar|flinch\n|move|p1b: Hatterene|Trick Room|p1b: Hatterene\n|-fieldstart|move: Trick Room|[of] p1b: Hatterene\n|\n|upkeep\n|turn|2\n|\n|t:|1699518543\n|-end|p1a: Iron Hands|Quark Drive|[silent]\n|switch|p1a: Kingambit|Kingambit, M|100\/100\n|move|p1b: Hatterene|Psychic|p2a: Tornadus\n|-damage|p2a: Tornadus|4\/100\n|-damage|p1b: Hatterene|91\/100|[from] item: Life Orb\n|move|p2a: Tornadus|Bleakwind Storm|p1b: Hatterene|[spread] p1a,p1b\n|-resisted|p1a: Kingambit\n|-damage|p1a: Kingambit|83\/100\n|-damage|p1b: Hatterene|48\/100\n|move|p2b: Incineroar|Parting Shot|p1a: Kingambit\n|-unboost|p1a: Kingambit|atk|1\n|-unboost|p1a: Kingambit|spa|1\n|\n|t:|1699518574\n|switch|p2b: Ursaluna|Ursaluna, M, shiny|100\/100|[from] Parting Shot\n|\n|-status|p2b: Ursaluna|brn|[from] item: Flame Orb\n|upkeep\n|turn|3\n|\n|t:|1699518606\n|-end|p1a: Kingambit|fallenundefined|[silent]\n|switch|p1a: Sinistcha|Sinistcha|100\/100\n|-heal|p1b: Hatterene|73\/100|[from] ability: Hospitality|[of] p1a: Sinistcha\n|move|p1b: Hatterene|Dazzling Gleam|p2a: Tornadus|[spread] p2a,p2b\n|-damage|p2a: Tornadus|0 fnt\n|-damage|p2b: Ursaluna|63\/100 brn\n|faint|p2a: Tornadus\n|-damage|p1b: Hatterene|63\/100|[from] item: Life Orb\n|move|p2b: Ursaluna|Earthquake|p1b: Hatterene|[spread] p1a,p1b\n|-resisted|p1a: Sinistcha\n|-damage|p1a: Sinistcha|76\/100\n|-damage|p1b: Hatterene|0 fnt\n|faint|p1b: Hatterene\n|\n|-heal|p1a: Sinistcha|82\/100|[from] item: Leftovers\n|-damage|p2b: Ursaluna|57\/100 brn|[from] brn\n|upkeep\n|\n|t:|1699518622\n|switch|p1b: Camerupt|Camerupt, M|100\/100\n|switch|p2a: Incineroar|Incineroar, M, shiny|87\/100\n|-ability|p2a: Incineroar|Intimidate|boost\n|-unboost|p1a: Sinistcha|atk|1\n|-unboost|p1b: Camerupt|atk|1\n|turn|4\n|\n|t:|1699518652\n|detailschange|p1b: Camerupt|Camerupt-Mega, M\n|-mega|p1b: Camerupt|Camerupt|Cameruptite\n|move|p1b: Camerupt|Eruption|p2a: Incineroar|[spread] p2a,p2b\n|-resisted|p2a: Incineroar\n|-damage|p2a: Incineroar|50\/100\n|-damage|p2b: Ursaluna|0 fnt\n|faint|p2b: Ursaluna\n|move|p1a: Sinistcha|Calm Mind|p1a: Sinistcha\n|-boost|p1a: Sinistcha|spa|1\n|-boost|p1a: Sinistcha|spd|1\n|move|p2a: Incineroar|Flare Blitz|p1a: Sinistcha\n|-supereffective|p1a: Sinistcha\n|-damage|p1a: Sinistcha|3\/100\n|-damage|p2a: Incineroar|23\/100|[from] Recoil\n|\n|-heal|p1a: Sinistcha|9\/100|[from] item: Leftovers\n|upkeep\n|\n|t:|1699518666\n|switch|p2b: Azumarill|Azumarill, M, shiny|100\/100\n|turn|5\n|inactive|Battle timer is ON: inactive players will automatically lose when time's up. (requested by FriedBeaver01)\n|\n|t:|1699518684\n|switch|p1b: Iron Hands|Iron Hands|100\/100\n|move|p2b: Azumarill|Aqua Jet|p1b: Iron Hands\n|-damage|p1b: Iron Hands|84\/100\n|move|p1a: Sinistcha|Strength Sap|p2a: Incineroar\n|-unboost|p2a: Incineroar|atk|1\n|-heal|p1a: Sinistcha|100\/100\n|move|p2a: Incineroar|Flare Blitz|p1a: Sinistcha\n|-supereffective|p1a: Sinistcha\n|-damage|p1a: Sinistcha|50\/100\n|-damage|p2a: Incineroar|6\/100|[from] Recoil\n|\n|-heal|p1a: Sinistcha|56\/100|[from] item: Leftovers\n|-fieldend|move: Trick Room\n|upkeep\n|turn|6\n|inactive|LOUGOD has 120 seconds left.\n|\n|t:|1699518715\n|switch|p2b: Chesnaught|Chesnaught, M, shiny|100\/100\n|move|p1b: Iron Hands|Fake Out|p2a: Incineroar\n|-damage|p2a: Incineroar|0 fnt\n|faint|p2a: Incineroar\n|move|p1a: Sinistcha|Strength Sap|p2b: Chesnaught\n|-unboost|p2b: Chesnaught|atk|1\n|-heal|p1a: Sinistcha|100\/100\n|\n|upkeep\n|\n|t:|1699518728\n|switch|p2a: Goodra|Goodra-Hisui, M, shiny|100\/100\n|turn|7\n|\n|t:|1699518753\n|-terastallize|p2a: Goodra|Flying\n|move|p1a: Sinistcha|Calm Mind|p1a: Sinistcha\n|-boost|p1a: Sinistcha|spa|1\n|-boost|p1a: Sinistcha|spd|1\n|move|p2b: Chesnaught|Leech Seed|p1b: Iron Hands\n|-start|p1b: Iron Hands|move: Leech Seed\n|move|p2a: Goodra|Acid Armor|p2a: Goodra\n|-boost|p2a: Goodra|def|2\n|move|p1b: Iron Hands|Close Combat|p2a: Goodra\n|-resisted|p2a: Goodra\n|-damage|p2a: Goodra|86\/100\n|-unboost|p1b: Iron Hands|def|1\n|-unboost|p1b: Iron Hands|spd|1\n|-damage|p1b: Iron Hands|67\/100|[from] item: Rocky Helmet|[of] p2a: Goodra\n|-ability|p2a: Goodra|Gooey\n|-unboost|p1b: Iron Hands|spe|1\n|\n|-damage|p1b: Iron Hands|55\/100|[from] Leech Seed|[of] p2b: Chesnaught\n|upkeep\n|turn|8\n|inactive|FriedBeaver01 has 120 seconds left.\n|\n|t:|1699518796\n|move|p1a: Sinistcha|Calm Mind|p1a: Sinistcha\n|-boost|p1a: Sinistcha|spa|1\n|-boost|p1a: Sinistcha|spd|1\n|move|p2b: Chesnaught|Wood Hammer|p1a: Sinistcha\n|-resisted|p1a: Sinistcha\n|-damage|p1a: Sinistcha|89\/100\n|-damage|p2b: Chesnaught|97\/100|[from] Recoil\n|move|p2a: Goodra|Body Press|p1b: Iron Hands\n|-damage|p1b: Iron Hands|11\/100\n|move|p1b: Iron Hands|Wild Charge|p2a: Goodra\n|-supereffective|p2a: Goodra\n|-damage|p2a: Goodra|45\/100\n|-damage|p1b: Iron Hands|0 fnt|[from] item: Rocky Helmet|[of] p2a: Goodra\n|-ability|p2a: Goodra|Gooey\n|faint|p1b: Iron Hands\n|-end|p1b: Iron Hands|Quark Drive|[silent]\n|\n|-heal|p1a: Sinistcha|95\/100|[from] item: Leftovers\n|upkeep\n|inactive|LOUGOD has 120 seconds left.\n|\n|t:|1699518819\n|switch|p1b: Farigiraf|Farigiraf, M|100\/100\n|turn|9\n|inactive|FriedBeaver01 has 120 seconds left.\n|\n|t:|1699518849\n|move|p1a: Sinistcha|Calm Mind|p1a: Sinistcha\n|-boost|p1a: Sinistcha|spa|1\n|-boost|p1a: Sinistcha|spd|1\n|move|p2b: Chesnaught|Leech Seed|p1b: Farigiraf\n|-start|p1b: Farigiraf|move: Leech Seed\n|move|p2a: Goodra|Flash Cannon|p1a: Sinistcha\n|-damage|p1a: Sinistcha|83\/100\n|move|p1b: Farigiraf|Trick Room|p1b: Farigiraf\n|-fieldstart|move: Trick Room|[of] p1b: Farigiraf\n|\n|-heal|p1a: Sinistcha|90\/100|[from] item: Leftovers\n|-damage|p1b: Farigiraf|88\/100|[from] Leech Seed|[of] p2b: Chesnaught\n|-heal|p2b: Chesnaught|100\/100|[silent]\n|upkeep\n|turn|10\n|inactive|FriedBeaver01 has 120 seconds left.\n|\n|t:|1699518882\n|move|p2b: Chesnaught|Spiky Shield|p2b: Chesnaught\n|-singleturn|p2b: Chesnaught|move: Protect\n|move|p1b: Farigiraf|Psychic|p2a: Goodra\n|-damage|p2a: Goodra|15\/100\n|move|p2a: Goodra|Body Press|p1b: Farigiraf\n|-damage|p1b: Farigiraf|38\/100\n|move|p1a: Sinistcha|Shadow Ball|p2a: Goodra\n|-damage|p2a: Goodra|0 fnt\n|faint|p2a: Goodra\n|\n|-heal|p1a: Sinistcha|96\/100|[from] item: Leftovers\n|-damage|p1b: Farigiraf|25\/100|[from] Leech Seed|[of] p2b: Chesnaught\n|upkeep\n|\n|t:|1699518892\n|switch|p2a: Azumarill|Azumarill, M, shiny|100\/100\n|turn|11\n|inactive|FriedBeaver01 has 120 seconds left.\n|\n|t:|1699518918\n|move|p2a: Azumarill|Ice Spinner|p1a: Sinistcha\n|-supereffective|p1a: Sinistcha\n|-damage|p1a: Sinistcha|49\/100\n|move|p1b: Farigiraf|Psychic|p2a: Azumarill\n|-damage|p2a: Azumarill|51\/100\n|move|p2b: Chesnaught|Drain Punch|p1b: Farigiraf\n|-damage|p1b: Farigiraf|6\/100\n|move|p1a: Sinistcha|Matcha Gotcha|p2a: Azumarill|[spread] p2a,p2b\n|-supereffective|p2a: Azumarill\n|-resisted|p2b: Chesnaught\n|-damage|p2a: Azumarill|0 fnt\n|-heal|p1a: Sinistcha|79\/100|[from] drain|[of] p2a: Azumarill\n|-damage|p2b: Chesnaught|72\/100\n|-heal|p1a: Sinistcha|95\/100|[from] drain|[of] p2b: Chesnaught\n|faint|p2a: Azumarill\n|\n|-heal|p1a: Sinistcha|100\/100|[from] item: Leftovers\n|-damage|p1b: Farigiraf|0 fnt|[from] Leech Seed|[of] p2b: Chesnaught\n|-heal|p2b: Chesnaught|78\/100|[silent]\n|faint|p1b: Farigiraf\n|upkeep\n|inactive|LOUGOD has 120 seconds left.\n|\n|t:|1699518938\n|switch|p1b: Camerupt|Camerupt-Mega, M|100\/100\n|turn|12\n|-message|FriedBeaver01 forfeited.\n|\n|win|LOUGOD\n|raw|LOUGOD's rating: 1402 &rarr; <strong>1419<\/strong><br \/>(+17 for winning)\n|raw|FriedBeaver01's rating: 1347 &rarr; <strong>1330<\/strong><br \/>(-17 for losing)\n|l|\u2606FriedBeaver01\n","uploadtime":1699518948,"views":13,"p1id":"lougod","p2id":"friedbeaver01","formatid":"gen9nationaldexdoubles","rating":1330,"private":0,"password":""}