{"id":"gen9nationaldexdoubles-1952946358","p1":"Hellolol123hah","p2":"AceofJades39","format":"[Gen 9] National Dex Doubles","log":"|j|\u2606Hellolol123hah\n|j|\u2606AceofJades39\n|t:|1695742537\n|gametype|doubles\n|player|p1|Hellolol123hah|cynthia|1162\n|player|p2|AceofJades39|cheryl|1273\n|teamsize|p1|6\n|teamsize|p2|6\n|gen|9\n|tier|[Gen 9] National Dex Doubles\n|rated|\n|rule|HP Percentage Mod: HP is shown in percentages\n|rule|Endless Battle Clause: Forcing endless battles is banned\n|rule|OHKO Clause: OHKO moves are banned\n|rule|Evasion Moves Clause: Evasion moves are banned\n|rule|Evasion Abilities Clause: Evasion abilities are banned\n|rule|Species Clause: Limit one of each Pok\u00e9mon\n|rule|Gravity Sleep Clause: The combination of sleep-inducing moves with imperfect accuracy and Gravity or Gigantamax Orbeetle are banned\n|clearpoke\n|poke|p1|Urshifu-*, M|\n|poke|p1|Tornadus, M|\n|poke|p1|Staraptor, M|\n|poke|p1|Milotic, F|\n|poke|p1|Indeedee, M|\n|poke|p1|Revavroom, M|\n|poke|p2|Weezing-Galar, M|\n|poke|p2|Regigigas|\n|poke|p2|Iron Hands|\n|poke|p2|Sinistcha-Masterpiece|\n|poke|p2|Ninetales-Alola, M|\n|poke|p2|Landorus-Therian, M|\n|teampreview\n|inactive|Battle timer is ON: inactive players will automatically lose when time's up. (requested by Hellolol123hah)\n|\n|t:|1695742547\n|start\n|switch|p1a: Tornadus|Tornadus, M|100\/100\n|switch|p1b: Urshifu|Urshifu-Rapid-Strike, M|100\/100\n|switch|p2a: Hugo|Iron Hands|100\/100\n|switch|p2b: Harm|Landorus-Therian, M|100\/100\n|-ability|p2b: Harm|Intimidate|boost\n|-unboost|p1a: Tornadus|atk|1\n|-unboost|p1b: Urshifu|atk|1\n|turn|1\n|\n|t:|1695742559\n|move|p2a: Hugo|Fake Out|p1b: Urshifu\n|-crit|p1b: Urshifu\n|-damage|p1b: Urshifu|81\/100\n|move|p2b: Harm|U-turn|p1a: Tornadus\n|-resisted|p1a: Tornadus\n|-damage|p1a: Tornadus|85\/100\n|\n|t:|1695742564\n|switch|p2b: Chug Jug|Sinistcha-Masterpiece|100\/100|[from] U-turn\n|move|p1a: Tornadus|Icy Wind|p2b: Chug Jug|[spread] p2a,p2b\n|-supereffective|p2b: Chug Jug\n|-damage|p2a: Hugo|95\/100\n|-damage|p2b: Chug Jug|83\/100\n|-unboost|p2a: Hugo|spe|1\n|-unboost|p2b: Chug Jug|spe|1\n|cant|p1b: Urshifu|flinch\n|\n|upkeep\n|turn|2\n|inactive|Hellolol123hah has 120 seconds left.\n|\n|t:|1695742594\n|move|p2b: Chug Jug|Rage Powder|p2b: Chug Jug\n|-singleturn|p2b: Chug Jug|move: Rage Powder\n|move|p1a: Tornadus|Bleakwind Storm|p2a: Hugo|[spread] p2a,p2b\n|-supereffective|p2b: Chug Jug\n|-damage|p2a: Hugo|81\/100\n|-damage|p2b: Chug Jug|32\/100\n|-unboost|p2b: Chug Jug|spe|1\n|move|p1b: Urshifu|Surging Strikes|p2b: Chug Jug\n|-resisted|p2b: Chug Jug\n|-crit|p2b: Chug Jug\n|-damage|p2b: Chug Jug|20\/100\n|-damage|p1b: Urshifu|64\/100|[from] item: Rocky Helmet|[of] p2b: Chug Jug\n|-resisted|p2b: Chug Jug\n|-crit|p2b: Chug Jug\n|-damage|p2b: Chug Jug|7\/100\n|-damage|p1b: Urshifu|48\/100|[from] item: Rocky Helmet|[of] p2b: Chug Jug\n|-resisted|p2b: Chug Jug\n|-crit|p2b: Chug Jug\n|-damage|p2b: Chug Jug|0 fnt\n|-damage|p1b: Urshifu|32\/100|[from] item: Rocky Helmet|[of] p2b: Chug Jug\n|faint|p2b: Chug Jug\n|-hitcount|p2: Chug Jug|3\n|-damage|p1b: Urshifu|22\/100|[from] item: Life Orb\n|move|p2a: Hugo|Wild Charge|p1b: Urshifu\n|-supereffective|p1b: Urshifu\n|-damage|p1b: Urshifu|0 fnt\n|faint|p1b: Urshifu\n|-damage|p2a: Hugo|77\/100|[from] Recoil\n|\n|upkeep\n|inactive|Hellolol123hah has 120 seconds left.\n|\n|t:|1695742622\n|switch|p1b: Staraptor|Staraptor, M|100\/100\n|switch|p2b: Blizz|Ninetales-Alola, M|100\/100\n|-weather|Snow|[from] ability: Snow Warning|[of] p2b: Blizz\n|turn|3\n|inactive|Hellolol123hah has 120 seconds left.\n|\n|t:|1695742652\n|move|p1a: Tornadus|Taunt|p2b: Blizz\n|-start|p2b: Blizz|move: Taunt\n|move|p2b: Blizz|Freeze-Dry|p1b: Staraptor\n|-supereffective|p1b: Staraptor\n|-damage|p1b: Staraptor|17\/100\n|move|p1b: Staraptor|Brave Bird|p2a: Hugo\n|-damage|p2a: Hugo|19\/100\n|-damage|p1b: Staraptor|0 fnt|[from] Recoil\n|faint|p1b: Staraptor\n|move|p2a: Hugo|Wild Charge|p1a: Tornadus\n|-supereffective|p1a: Tornadus\n|-damage|p1a: Tornadus|0 fnt\n|faint|p1a: Tornadus\n|-damage|p2a: Hugo|3\/100|[from] Recoil\n|\n|-weather|Snow|[upkeep]\n|upkeep\n|l|\u2606Hellolol123hah\n|inactive|Hellolol123hah disconnected and has a minute to reconnect!\n|player|p1|\n|c|\u2606AceofJades39|L\n|inactive|Hellolol123hah has 30 seconds to reconnect!\n|inactive|Hellolol123hah has 20 seconds to reconnect!\n|j|\u2606Hellolol123hah\n|inactive|Hellolol123hah reconnected and has 70 seconds left.\n|player|p1|Hellolol123hah|cynthia\n|\n|t:|1695742708\n|switch|p1a: Revavroom|Revavroom, M|100\/100\n|switch|p1b: Milotic|Milotic, F|100\/100\n|turn|4\n|\n|t:|1695742722\n|-end|p2a: Hugo|Quark Drive|[silent]\n|switch|p2a: Doug|Weezing-Galar, M|100\/100\n|-ability|p2a: Doug|Neutralizing Gas\n|move|p2b: Blizz|Freeze-Dry|p1b: Milotic\n|-supereffective|p1b: Milotic\n|-damage|p1b: Milotic|60\/100\n|move|p1a: Revavroom|Shift Gear|p1a: Revavroom\n|-boost|p1a: Revavroom|spe|2\n|-boost|p1a: Revavroom|atk|1\n|move|p1b: Milotic|Icy Wind|p2a: Doug|[spread] p2a,p2b\n|-resisted|p2b: Blizz\n|-damage|p2a: Doug|91\/100\n|-damage|p2b: Blizz|95\/100\n|-unboost|p2a: Doug|spe|1\n|-unboost|p2b: Blizz|spe|1\n|\n|-weather|Snow|[upkeep]\n|-status|p1b: Milotic|brn|[from] item: Flame Orb\n|upkeep\n|turn|5\n|inactive|Hellolol123hah has 90 seconds left.\n|inactive|Hellolol123hah has 60 seconds left.\n|\n|t:|1695742777\n|switch|p2b: The Woah|Regigigas, shiny|100\/100\n|move|p1a: Revavroom|Shift Gear|p1a: Revavroom\n|-boost|p1a: Revavroom|spe|2\n|-boost|p1a: Revavroom|atk|1\n|move|p1b: Milotic|Aqua Ring|p1b: Milotic\n|-start|p1b: Milotic|Aqua Ring\n|move|p2a: Doug|Haze|p2a: Doug\n|-clearallboost\n|\n|-weather|Snow|[upkeep]\n|-heal|p1b: Milotic|66\/100 brn|[from] Aqua Ring\n|-damage|p1b: Milotic|60\/100 brn|[from] brn\n|upkeep\n|turn|6\n|inactive|Hellolol123hah has 60 seconds left.\n|\n|t:|1695742805\n|move|p2a: Doug|Protect|p2a: Doug\n|-singleturn|p2a: Doug|Protect\n|move|p1a: Revavroom|Self-Destruct|p2a: Doug|[spread] p1b,p2b\n|-activate|p2a: Doug|move: Protect\n|-enditem|p1a: Revavroom|Normal Gem|[from] gem\n|-crit|p2b: The Woah\n|-damage|p1b: Milotic|8\/100 brn\n|-damage|p2b: The Woah|30\/100\n|faint|p1a: Revavroom\n|move|p2b: The Woah|Return|p1b: Milotic\n|-damage|p1b: Milotic|0 fnt\n|faint|p1b: Milotic\n|\n|-weather|Snow|[upkeep]\n|upkeep\n|inactive|Hellolol123hah has 30 seconds left.\n|\n|t:|1695742835\n|switch|p1b: Indeedee|Indeedee, M|100\/100\n|turn|7\n|-message|Hellolol123hah forfeited.\n|\n|win|AceofJades39\n|raw|Hellolol123hah's rating: 1162 &rarr; <strong>1145<\/strong><br \/>(-17 for losing)\n|raw|AceofJades39's rating: 1273 &rarr; <strong>1290<\/strong><br \/>(+17 for winning)\n|l|\u2606Hellolol123hah\n","uploadtime":1695742858,"views":8,"p1id":"hellolol123hah","p2id":"aceofjades39","formatid":"gen9nationaldexdoubles","rating":1145,"private":0,"password":""}