{"id":"gen9nationaldexdoubles-1957364149","p1":"Mokaccino321","p2":"naorr","format":"[Gen 9] National Dex Doubles","log":"|j|\u2606Mokaccino321\n|j|\u2606naorr\n|t:|1696212653\n|gametype|doubles\n|player|p1|Mokaccino321|265|\n|player|p2|naorr|shauntal|\n|teamsize|p1|6\n|teamsize|p2|6\n|gen|9\n|tier|[Gen 9] National Dex Doubles\n|rule|HP Percentage Mod: HP is shown in percentages\n|rule|Endless Battle Clause: Forcing endless battles is banned\n|rule|OHKO Clause: OHKO moves are banned\n|rule|Evasion Moves Clause: Evasion moves are banned\n|rule|Evasion Abilities Clause: Evasion abilities are banned\n|rule|Species Clause: Limit one of each Pok\u00e9mon\n|rule|Gravity Sleep Clause: The combination of sleep-inducing moves with imperfect accuracy and Gravity or Gigantamax Orbeetle are banned\n|clearpoke\n|poke|p1|Cradily, M|\n|poke|p1|Aerodactyl, M|\n|poke|p1|Arcanine-Hisui, F|\n|poke|p1|Nihilego|\n|poke|p1|Tyranitar, F|\n|poke|p1|Aggron, M|\n|poke|p2|Blacephalon|\n|poke|p2|Mimikyu, F|\n|poke|p2|Gholdengo|\n|poke|p2|Jellicent, M|\n|poke|p2|Sableye, M|\n|poke|p2|Polteageist|\n|teampreview\n|c|\u2606naorr|glhf\n|c|\u2606Mokaccino321|u too\n|c|\u2606Mokaccino321|Jellicent damn\n|\n|t:|1696212698\n|start\n|switch|p1a: Aerodactyl|Aerodactyl, M|100\/100\n|switch|p1b: Tyranitar|Tyranitar, F|100\/100\n|switch|p2a: Gholdengo|Gholdengo|100\/100\n|switch|p2b: Jellicent|Jellicent, M|100\/100\n|-ability|p1a: Aerodactyl|Unnerve\n|-weather|Sandstorm|[from] ability: Sand Stream|[of] p1b: Tyranitar\n|-item|p2a: Gholdengo|Air Balloon\n|turn|1\n|c|\u2606naorr|yuh\n|\n|t:|1696212768\n|move|p1a: Aerodactyl|Wide Guard|p1a: Aerodactyl\n|-singleturn|p1a: Aerodactyl|Wide Guard\n|move|p1b: Tyranitar|Crunch|p2a: Gholdengo\n|-supereffective|p2a: Gholdengo\n|-damage|p2a: Gholdengo|0 fnt\n|-enditem|p2a: Gholdengo|Air Balloon\n|faint|p2a: Gholdengo\n|-damage|p1b: Tyranitar|91\/100|[from] item: Life Orb\n|move|p2b: Jellicent|Scald|p1b: Tyranitar\n|-supereffective|p1b: Tyranitar\n|-damage|p1b: Tyranitar|59\/100\n|-status|p1b: Tyranitar|brn\n|\n|-weather|Sandstorm|[upkeep]\n|-damage|p2b: Jellicent|94\/100|[from] Sandstorm\n|-heal|p2b: Jellicent|100\/100|[from] item: Leftovers\n|-damage|p1b: Tyranitar|53\/100 brn|[from] brn\n|upkeep\n|c|\u2606naorr|wow\n|c|\u2606Mokaccino321|aaaa the burn\n|c|\u2606naorr|ez burn\n|c|\u2606Mokaccino321|i didnt expect to outspeed u\n|c|\u2606naorr|ye i put hp evs instead on ghold\n|c|\u2606Mokaccino321|ohh\n|\n|t:|1696212811\n|switch|p2a: Mimikyu|Mimikyu, F|100\/100\n|turn|2\n|\n|t:|1696212836\n|switch|p1b: Cradily|Cradily, M|100\/100\n|move|p1a: Aerodactyl|Sky Drop||[still]\n|-prepare|p1a: Aerodactyl|Sky Drop|p2a: Mimikyu\n|move|p2b: Jellicent|Taunt|p1a: Aerodactyl|[miss]\n|-miss|p2b: Jellicent|p1a: Aerodactyl\n|\n|-weather|Sandstorm|[upkeep]\n|-damage|p2a: Mimikyu|95\/100|[from] Sandstorm\n|-damage|p2b: Jellicent|94\/100|[from] Sandstorm\n|-heal|p2b: Jellicent|100\/100|[from] item: Leftovers\n|upkeep\n|turn|3\n|\n|t:|1696212862\n|switch|p2b: Sableye|Sableye, M|100\/100\n|move|p1a: Aerodactyl|Sky Drop|p2a: Mimikyu|[from]lockedmove\n|-activate|p2a: Mimikyu|ability: Disguise\n|-damage|p2a: Mimikyu|95\/100\n|-end|p2a: Mimikyu|Sky Drop\n|detailschange|p2a: Mimikyu|Mimikyu-Busted, F\n|-damage|p2a: Mimikyu|82\/100|[from] pokemon: Mimikyu-Busted\n|move|p2a: Mimikyu|Swords Dance|p2a: Mimikyu\n|-boost|p2a: Mimikyu|atk|2\n|move|p1b: Cradily|Meteor Beam||[still]\n|-prepare|p1b: Cradily|Meteor Beam\n|-boost|p1b: Cradily|spa|1\n|-enditem|p1b: Cradily|Power Herb\n|-anim|p1b: Cradily|Meteor Beam|p2a: Mimikyu\n|-damage|p2a: Mimikyu|14\/100\n|\n|-weather|Sandstorm|[upkeep]\n|-damage|p2a: Mimikyu|8\/100|[from] Sandstorm\n|-damage|p2b: Sableye|94\/100|[from] Sandstorm\n|upkeep\n|turn|4\n|\n|t:|1696212896\n|detailschange|p2b: Sableye|Sableye-Mega, M\n|-mega|p2b: Sableye|Sableye|Sablenite\n|move|p2a: Mimikyu|Shadow Sneak|p1a: Aerodactyl\n|-damage|p1a: Aerodactyl|42\/100\n|-damage|p2a: Mimikyu|0 fnt|[from] item: Life Orb\n|faint|p2a: Mimikyu\n|move|p1a: Aerodactyl|Sky Drop||[still]\n|-prepare|p1a: Aerodactyl|Sky Drop|p2b: Sableye\n|move|p1b: Cradily|Meteor Beam||[still]\n|-prepare|p1b: Cradily|Meteor Beam\n|-boost|p1b: Cradily|spa|1\n|\n|-weather|Sandstorm|[upkeep]\n|-damage|p2b: Sableye|88\/100|[from] Sandstorm\n|upkeep\n|\n|t:|1696212908\n|switch|p2a: Blacephalon|Blacephalon|100\/100\n|turn|5\n|\n|t:|1696212946\n|move|p2a: Blacephalon|Trick|p1b: Cradily\n|-activate|p2a: Blacephalon|move: Trick|[of] p1b: Cradily\n|-item|p1b: Cradily|Choice Scarf|[from] move: Trick\n|-enditem|p2a: Blacephalon|Choice Scarf|[silent]|[from] move: Trick\n|move|p1a: Aerodactyl|Sky Drop|p2b: Sableye|[from]lockedmove\n|-damage|p2b: Sableye|66\/100\n|-end|p2b: Sableye|Sky Drop\n|move|p1b: Cradily|Meteor Beam|p2b: Sableye|[from]lockedmove\n|-damage|p2b: Sableye|13\/100\n|\n|-weather|none\n|upkeep\n|turn|6\n|c|\u2606naorr|im not quite sure what im doing tbh\n|c|\u2606Mokaccino321|hahaha\n|\n|t:|1696212993\n|move|p2b: Sableye|Protect|p2b: Sableye\n|-singleturn|p2b: Sableye|Protect\n|move|p1a: Aerodactyl|Tailwind|p1a: Aerodactyl\n|-sidestart|p1: Mokaccino321|move: Tailwind\n|move|p1b: Cradily|Meteor Beam||[still]\n|-prepare|p1b: Cradily|Meteor Beam\n|-boost|p1b: Cradily|spa|1\n|move|p2a: Blacephalon|Shadow Ball|p1a: Aerodactyl\n|-damage|p1a: Aerodactyl|0 fnt\n|faint|p1a: Aerodactyl\n|-ability|p2a: Blacephalon|Beast Boost|boost\n|-boost|p2a: Blacephalon|spa|1\n|\n|upkeep\n|\n|t:|1696213007\n|switch|p1a: Nihilego|Nihilego|100\/100\n|turn|7\n|\n|t:|1696213022\n|move|p2b: Sableye|Protect||[still]\n|-fail|p2b: Sableye\n|-zpower|p1a: Nihilego\n|move|p1a: Nihilego|Continental Crush|p2a: Blacephalon|[zeffect]\n|-supereffective|p2a: Blacephalon\n|-damage|p2a: Blacephalon|0 fnt\n|faint|p2a: Blacephalon\n|-ability|p1a: Nihilego|Beast Boost|boost\n|-boost|p1a: Nihilego|spa|1\n|move|p1b: Cradily|Meteor Beam|p2b: Sableye|[from]lockedmove\n|-damage|p2b: Sableye|0 fnt\n|faint|p2b: Sableye\n|\n|upkeep\n|\n|t:|1696213036\n|switch|p2a: Polteageist|Polteageist|100\/100\n|switch|p2b: Jellicent|Jellicent, M|100\/100\n|turn|8\n|\n|t:|1696213072\n|move|p1a: Nihilego|Power Gem|p2a: Polteageist\n|-damage|p2a: Polteageist|32\/100\n|move|p1b: Cradily|Meteor Beam||[still]\n|-prepare|p1b: Cradily|Meteor Beam\n|-boost|p1b: Cradily|spa|1\n|move|p2a: Polteageist|Shell Smash|p2a: Polteageist\n|-unboost|p2a: Polteageist|def|1\n|-unboost|p2a: Polteageist|spd|1\n|-boost|p2a: Polteageist|atk|2\n|-boost|p2a: Polteageist|spa|2\n|-boost|p2a: Polteageist|spe|2\n|move|p2b: Jellicent|Scald|p1b: Cradily\n|-activate|p1b: Cradily|ability: Storm Drain\n|-ability|p1b: Cradily|Storm Drain|boost\n|-boost|p1b: Cradily|spa|1\n|\n|upkeep\n|turn|9\n|c|\u2606naorr|shit\n|\n|t:|1696213111\n|move|p1a: Nihilego|Power Gem|p2a: Polteageist\n|-damage|p2a: Polteageist|0 fnt\n|faint|p2a: Polteageist\n|-ability|p1a: Nihilego|Beast Boost|boost\n|-boost|p1a: Nihilego|spa|1\n|move|p1b: Cradily|Meteor Beam|p2b: Jellicent|[from]lockedmove|[miss]\n|-miss|p1b: Cradily|p2b: Jellicent\n|move|p2b: Jellicent|Recover||[still]\n|-fail|p2b: Jellicent|heal\n|\n|-sideend|p1: Mokaccino321|move: Tailwind\n|upkeep\n|turn|10\n|c|\u2606Mokaccino321|my cradily has more SPA than my nihi now lmao\n|c|\u2606Mokaccino321|or i can miss ;-;\n|\n|t:|1696213127\n|move|p1a: Nihilego|Grass Knot|p2b: Jellicent\n|-supereffective|p2b: Jellicent\n|-damage|p2b: Jellicent|0 fnt\n|faint|p2b: Jellicent\n|\n|win|Mokaccino321\n|c|\u2606naorr|yikes anyways\n|c|\u2606naorr|ggs\n|c|\u2606Mokaccino321|gg :3\n","uploadtime":1696213137,"views":16,"p1id":"mokaccino321","p2id":"naorr","formatid":"gen9nationaldexdoubles","rating":0,"private":0,"password":""}