{"id":"gen9nationaldexdoubles-1978488065","p1":"AdvancedDigit","p2":"wewss","format":"[Gen 9] National Dex Doubles","log":"|j|\u2606AdvancedDigit\n|j|\u2606wewss\n|t:|1698545450\n|gametype|doubles\n|player|p1|AdvancedDigit|2|1210\n|player|p2|wewss|ghetsis-gen5bw|1071\n|teamsize|p1|6\n|teamsize|p2|6\n|gen|9\n|tier|[Gen 9] National Dex Doubles\n|rated|\n|rule|HP Percentage Mod: HP is shown in percentages\n|rule|Endless Battle Clause: Forcing endless battles is banned\n|rule|OHKO Clause: OHKO moves are banned\n|rule|Evasion Moves Clause: Evasion moves are banned\n|rule|Evasion Abilities Clause: Evasion abilities are banned\n|rule|Species Clause: Limit one of each Pok\u00e9mon\n|rule|Gravity Sleep Clause: The combination of sleep-inducing moves with imperfect accuracy and Gravity or Gigantamax Orbeetle are banned\n|clearpoke\n|poke|p1|Lilligant-Hisui, F|\n|poke|p1|Tornadus, M|\n|poke|p1|Malamar, F|\n|poke|p1|Gothitelle, F|\n|poke|p1|Charizard, F|\n|poke|p1|Garchomp, M|\n|poke|p2|Pelipper, M|\n|poke|p2|Ogerpon-Wellspring, F|\n|poke|p2|Ludicolo, F|\n|poke|p2|Quagsire, F|\n|poke|p2|Volcanion|\n|poke|p2|Thundurus, M|\n|teampreview\n|inactive|Battle timer is ON: inactive players will automatically lose when time's up. (requested by wewss)\n|\n|t:|1698545474\n|start\n|switch|p1a: Lilligant|Lilligant-Hisui, F|100\/100\n|switch|p1b: Charizard|Charizard, F|100\/100\n|switch|p2a: Pelipper|Pelipper, M|100\/100\n|switch|p2b: Ludicolo|Ludicolo, F|100\/100\n|-weather|RainDance|[from] ability: Drizzle|[of] p2a: Pelipper\n|turn|1\n|\n|t:|1698545491\n|detailschange|p1b: Charizard|Charizard-Mega-Y, F\n|-mega|p1b: Charizard|Charizard|Charizardite Y\n|-weather|SunnyDay|[from] ability: Drought|[of] p1b: Charizard\n|move|p1a: Lilligant|Leaf Blade|p2a: Pelipper\n|-damage|p2a: Pelipper|45\/100\n|move|p1b: Charizard|Heat Wave|p2b: Ludicolo|[spread] p2a,p2b\n|-resisted|p2a: Pelipper\n|-damage|p2a: Pelipper|0 fnt\n|-damage|p2b: Ludicolo|20\/100\n|faint|p2a: Pelipper\n|move|p2b: Ludicolo|Surf|p1b: Charizard|[spread] p1a,p1b\n|-resisted|p1a: Lilligant\n|-supereffective|p1b: Charizard\n|-damage|p1a: Lilligant|89\/100\n|-damage|p1b: Charizard|68\/100\n|\n|-weather|SunnyDay|[upkeep]\n|upkeep\n|\n|t:|1698545507\n|switch|p2a: Thundurus|Thundurus, M|100\/100\n|turn|2\n|\n|t:|1698545523\n|move|p2a: Thundurus|Rain Dance|p2a: Thundurus\n|-weather|RainDance\n|move|p2b: Ludicolo|Giga Drain|p1b: Charizard\n|-resisted|p1b: Charizard\n|-damage|p1b: Charizard|59\/100\n|-heal|p2b: Ludicolo|24\/100|[from] drain|[of] p1b: Charizard\n|move|p1a: Lilligant|Entrainment|p1b: Charizard\n|-endability|p1b: Charizard|Drought|[from] move: Entrainment\n|-ability|p1b: Charizard|Chlorophyll|[from] move: Entrainment\n|move|p1b: Charizard|Heat Wave|p2b: Ludicolo|[spread] p2a,p2b\n|-damage|p2a: Thundurus|70\/100\n|-damage|p2b: Ludicolo|0 fnt\n|faint|p2b: Ludicolo\n|\n|-weather|RainDance|[upkeep]\n|upkeep\n|inactive|wewss has 120 seconds left.\n|\n|t:|1698545544\n|switch|p2b: Volcanion|Volcanion|100\/100\n|turn|3\n|\n|t:|1698545561\n|switch|p2a: Ogerpon|Ogerpon-Wellspring, F|100\/100\n|switch|p1a: Gothitelle|Gothitelle, F|100\/100\n|switch|p1b: Garchomp|Garchomp, M|100\/100\n|move|p2b: Volcanion|Will-O-Wisp|p1a: Gothitelle\n|-status|p1a: Gothitelle|brn\n|\n|-weather|RainDance|[upkeep]\n|-damage|p1a: Gothitelle|94\/100 brn|[from] brn\n|upkeep\n|turn|4\n|\n|t:|1698545587\n|move|p1b: Garchomp|Dragon Claw|p2a: Ogerpon\n|-damage|p2a: Ogerpon|52\/100\n|move|p2a: Ogerpon|Ivy Cudgel|p1b: Garchomp\n|-damage|p1b: Garchomp|4\/100\n|move|p2b: Volcanion|Steam Eruption|p1a: Gothitelle\n|-crit|p1a: Gothitelle\n|-damage|p1a: Gothitelle|0 fnt\n|faint|p1a: Gothitelle\n|\n|-weather|RainDance|[upkeep]\n|upkeep\n|c|\u2606AdvancedDigit|damn\n|\n|t:|1698545603\n|switch|p1a: Charizard|Charizard-Mega-Y, F|59\/100\n|-weather|SunnyDay|[from] ability: Drought|[of] p1a: Charizard\n|turn|5\n|\n|t:|1698545630\n|move|p1b: Garchomp|Earthquake|p2a: Ogerpon|[spread] p2a,p2b\n|-immune|p1a: Charizard\n|-resisted|p2a: Ogerpon\n|-supereffective|p2b: Volcanion\n|-damage|p2a: Ogerpon|30\/100\n|-damage|p2b: Volcanion|13\/100\n|move|p1a: Charizard|Heat Wave|p2a: Ogerpon|[spread] p2a,p2b\n|-resisted|p2b: Volcanion\n|-damage|p2a: Ogerpon|0 fnt\n|-damage|p2b: Volcanion|0 fnt\n|faint|p2a: Ogerpon\n|faint|p2b: Volcanion\n|\n|-weather|SunnyDay|[upkeep]\n|upkeep\n|inactive|wewss has 120 seconds left.\n|\n|t:|1698545649\n|switch|p2a: Thundurus|Thundurus, M|70\/100\n|switch|p2b: Quagsire|Quagsire, F|100\/100\n|turn|6\n|\n|t:|1698545661\n|move|p2a: Thundurus|Rain Dance|p2a: Thundurus\n|-weather|RainDance\n|move|p1b: Garchomp|Dragon Claw|p2a: Thundurus\n|-damage|p2a: Thundurus|4\/100\n|move|p1a: Charizard|Hidden Power|p2b: Quagsire\n|-supereffective|p2b: Quagsire\n|-damage|p2b: Quagsire|0 fnt\n|faint|p2b: Quagsire\n|\n|-weather|RainDance|[upkeep]\n|upkeep\n|turn|7\n|c|\u2606AdvancedDigit|gg\n|\n|t:|1698545678\n|move|p2a: Thundurus|Wildbolt Storm|p1b: Garchomp|[spread] p1a\n|-immune|p1b: Garchomp\n|-supereffective|p1a: Charizard\n|-damage|p1a: Charizard|0 fnt\n|faint|p1a: Charizard\n|move|p1b: Garchomp|Dragon Claw|p2a: Thundurus\n|-damage|p2a: Thundurus|0 fnt\n|faint|p2a: Thundurus\n|\n|win|AdvancedDigit\n|raw|AdvancedDigit's rating: 1210 &rarr; <strong>1225<\/strong><br \/>(+15 for winning)\n|raw|wewss's rating: 1071 &rarr; <strong>1058<\/strong><br \/>(-13 for losing)\n","uploadtime":1698545683,"views":7,"p1id":"advanceddigit","p2id":"wewss","formatid":"gen9nationaldexdoubles","rating":1058,"private":0,"password":""}