{"id":"gen9nationaldexdoubles-1959828888","p1":"Yveltak","p2":"XMarcosPr710","format":"[Gen 9] National Dex Doubles","log":"|j|\u2606Yveltak\n|j|\u2606XMarcosPr710\n|t:|1696459320\n|gametype|doubles\n|player|p1|Yveltak|hugh|\n|player|p2|XMarcosPr710|benga|\n|teamsize|p1|6\n|teamsize|p2|6\n|gen|9\n|tier|[Gen 9] National Dex Doubles\n|rule|HP Percentage Mod: HP is shown in percentages\n|rule|Endless Battle Clause: Forcing endless battles is banned\n|rule|OHKO Clause: OHKO moves are banned\n|rule|Evasion Moves Clause: Evasion moves are banned\n|rule|Evasion Abilities Clause: Evasion abilities are banned\n|rule|Species Clause: Limit one of each Pok\u00e9mon\n|rule|Gravity Sleep Clause: The combination of sleep-inducing moves with imperfect accuracy and Gravity or Gigantamax Orbeetle are banned\n|clearpoke\n|poke|p1|Grimmsnarl, M|\n|poke|p1|Flutter Mane|\n|poke|p1|Tapu Fini|\n|poke|p1|Togekiss, F|\n|poke|p1|Clefable, M|\n|poke|p1|Mawile, M|\n|poke|p2|Rillaboom, F|\n|poke|p2|Ogerpon-Hearthflame, F|\n|poke|p2|Whimsicott, M|\n|poke|p2|Scovillain, M|\n|poke|p2|Meowscarada, F|\n|poke|p2|Venusaur, F|\n|teampreview\n|\n|t:|1696459349\n|start\n|switch|p1a: Togekiss|Togekiss, F|100\/100\n|switch|p1b: Grimmsnarl|Grimmsnarl, M|100\/100\n|switch|p2a: It's|Meowscarada, F|100\/100\n|switch|p2b: Issue|Scovillain, M|100\/100\n|turn|1\n|\n|t:|1696459363\n|-terastallize|p2a: It's|Rock\n|move|p2b: Issue|Protect|p2b: Issue\n|-singleturn|p2b: Issue|Protect\n|move|p1b: Grimmsnarl|Light Screen|p1b: Grimmsnarl\n|-sidestart|p1: Yveltak|move: Light Screen\n|move|p2a: It's|Tera Blast|p1a: Togekiss|[anim] Tera Blast Rock\n|-supereffective|p1a: Togekiss\n|-damage|p1a: Togekiss|8\/100\n|move|p1a: Togekiss|Tailwind|p1a: Togekiss\n|-sidestart|p1: Yveltak|move: Tailwind\n|\n|-heal|p1a: Togekiss|14\/100|[from] item: Leftovers\n|upkeep\n|turn|2\n|c|\u2606Yveltak|Queeeeeeeeee\n|c|\u2606Yveltak|oye marcos tu estas loco chico\n|c|\u2606XMarcosPr710|XD\n|\n|t:|1696459402\n|move|p1a: Togekiss|Air Slash|p2b: Issue\n|-supereffective|p2b: Issue\n|-damage|p2b: Issue|7\/100\n|move|p2a: It's|Tera Blast|p1a: Togekiss|[anim] Tera Blast Rock\n|-supereffective|p1a: Togekiss\n|-crit|p1a: Togekiss\n|-damage|p1a: Togekiss|0 fnt\n|faint|p1a: Togekiss\n|move|p1b: Grimmsnarl|Spirit Break|p2b: Issue\n|-resisted|p2b: Issue\n|-damage|p2b: Issue|0 fnt\n|faint|p2b: Issue\n|\n|upkeep\n|\n|t:|1696459421\n|switch|p2b: Skill|Whimsicott, M|100\/100\n|switch|p1a: Mawile|Mawile, M|100\/100\n|turn|3\n|\n|t:|1696459435\n|switch|p2a: Es|Ogerpon-Hearthflame, F|100\/100\n|-ability|p2a: Es|Mold Breaker\n|detailschange|p1a: Mawile|Mawile-Mega, M\n|-mega|p1a: Mawile|Mawile|Mawilite\n|move|p2b: Skill|Tailwind|p2b: Skill\n|-sidestart|p2: XMarcosPr710|move: Tailwind\n|move|p1b: Grimmsnarl|Reflect|p1b: Grimmsnarl\n|-sidestart|p1: Yveltak|Reflect\n|move|p1a: Mawile|Swords Dance|p1a: Mawile\n|-boost|p1a: Mawile|atk|2\n|\n|upkeep\n|turn|4\n|\n|t:|1696459450\n|move|p2a: Es|Spiky Shield|p2a: Es\n|-singleturn|p2a: Es|move: Protect\n|move|p2b: Skill|Encore|p1a: Mawile\n|-start|p1a: Mawile|Encore\n|move|p1b: Grimmsnarl|Parting Shot|p2a: Es\n|-activate|p2a: Es|move: Protect\n|move|p1a: Mawile|Swords Dance|p1a: Mawile\n|-boost|p1a: Mawile|atk|2\n|\n|-sideend|p1: Yveltak|move: Tailwind\n|upkeep\n|turn|5\n|c|\u2606Yveltak|Pensaba q sucker era primero mb\n|\n|t:|1696459468\n|switch|p1a: Tapu Fini|Tapu Fini|100\/100\n|-fieldstart|move: Misty Terrain|[from] ability: Misty Surge|[of] p1a: Tapu Fini\n|move|p2b: Skill|Sunny Day|p2b: Skill\n|-weather|SunnyDay\n|move|p1b: Grimmsnarl|Parting Shot|p2a: Es\n|-unboost|p2a: Es|atk|1\n|-unboost|p2a: Es|spa|1\n|\n|t:|1696459474\n|switch|p1b: Flutter Mane|Flutter Mane|100\/100|[from] Parting Shot\n|-activate|p1b: Flutter Mane|ability: Protosynthesis\n|-start|p1b: Flutter Mane|protosynthesisspa\n|move|p2a: Es|Ivy Cudgel|p1a: Tapu Fini\n|-resisted|p1a: Tapu Fini\n|-damage|p1a: Tapu Fini|87\/100\n|\n|-weather|SunnyDay|[upkeep]\n|-heal|p1a: Tapu Fini|93\/100|[from] item: Leftovers\n|upkeep\n|turn|6\n|\n|t:|1696459497\n|switch|p2a: Rain|Rillaboom, F|100\/100\n|-fieldstart|move: Grassy Terrain|[from] ability: Grassy Surge|[of] p2a: Rain\n|switch|p1a: Clefable|Clefable, M|100\/100\n|move|p2b: Skill|Dazzling Gleam|p1b: Flutter Mane|[spread] p1a,p1b\n|-damage|p1a: Clefable|88\/100\n|-damage|p1b: Flutter Mane|85\/100\n|move|p1b: Flutter Mane|Icy Wind|p2a: Rain|[spread] p2a,p2b\n|-supereffective|p2a: Rain\n|-supereffective|p2b: Skill\n|-damage|p2a: Rain|53\/100\n|-damage|p2b: Skill|32\/100\n|-unboost|p2a: Rain|spe|1\n|-unboost|p2b: Skill|spe|1\n|\n|-weather|SunnyDay|[upkeep]\n|-heal|p2b: Skill|38\/100|[from] Grassy Terrain\n|-heal|p1b: Flutter Mane|91\/100|[from] Grassy Terrain\n|-heal|p2a: Rain|60\/100|[from] Grassy Terrain\n|-heal|p1a: Clefable|94\/100|[from] Grassy Terrain\n|-heal|p1a: Clefable|99\/100|[from] item: Leftovers\n|-sideend|p2: XMarcosPr710|move: Tailwind\n|upkeep\n|turn|7\n|\n|t:|1696459535\n|-end|p1b: Flutter Mane|Protosynthesis|[silent]\n|switch|p1b: Grimmsnarl|Grimmsnarl, M|100\/100\n|move|p2a: Rain|Protect|p2a: Rain\n|-singleturn|p2a: Rain|Protect\n|move|p2b: Skill|Tailwind|p2b: Skill\n|-sidestart|p2: XMarcosPr710|move: Tailwind\n|move|p1a: Clefable|Flamethrower|p2a: Rain\n|-activate|p2a: Rain|move: Protect\n|\n|-weather|SunnyDay|[upkeep]\n|-heal|p2b: Skill|45\/100|[from] Grassy Terrain\n|-heal|p2a: Rain|66\/100|[from] Grassy Terrain\n|-heal|p1a: Clefable|100\/100|[from] Grassy Terrain\n|upkeep\n|turn|8\n|\n|t:|1696459554\n|switch|p2a: It's|Meowscarada, F, tera:Rock|100\/100\n|switch|p1a: Mawile|Mawile-Mega, M|100\/100\n|move|p1b: Grimmsnarl|Parting Shot|p2a: It's\n|-unboost|p2a: It's|atk|1\n|-unboost|p2a: It's|spa|1\n|\n|t:|1696459572\n|switch|p1b: Tapu Fini|Tapu Fini|93\/100|[from] Parting Shot\n|-fieldstart|move: Misty Terrain|[from] ability: Misty Surge|[of] p1b: Tapu Fini\n|move|p2b: Skill|Dazzling Gleam|p1a: Mawile|[spread] p1a,p1b\n|-resisted|p1a: Mawile\n|-damage|p1a: Mawile|93\/100\n|-damage|p1b: Tapu Fini|82\/100\n|\n|-weather|SunnyDay|[upkeep]\n|-heal|p1b: Tapu Fini|88\/100|[from] item: Leftovers\n|-sideend|p1: Yveltak|move: Light Screen\n|upkeep\n|turn|9\n|\n|t:|1696459599\n|switch|p2b: Es|Ogerpon-Hearthflame, F|100\/100\n|-ability|p2b: Es|Mold Breaker\n|switch|p1b: Clefable|Clefable, M|100\/100\n|move|p2a: It's|Flower Trick|p1b: Clefable\n|-crit|p1b: Clefable\n|-damage|p1b: Clefable|36\/100\n|move|p1a: Mawile|Iron Head|p2a: It's\n|-supereffective|p2a: It's\n|-damage|p2a: It's|0 fnt\n|faint|p2a: It's\n|\n|-weather|none\n|-heal|p1b: Clefable|42\/100|[from] item: Leftovers\n|upkeep\n|\n|t:|1696459615\n|switch|p2a: Skill|Whimsicott, M|45\/100\n|turn|10\n|\n|t:|1696459631\n|switch|p1a: Grimmsnarl|Grimmsnarl, M|100\/100\n|move|p2a: Skill|Sunny Day|p2a: Skill\n|-weather|SunnyDay\n|move|p2b: Es|Ivy Cudgel|p1b: Clefable\n|-crit|p1b: Clefable\n|-damage|p1b: Clefable|0 fnt\n|faint|p1b: Clefable\n|\n|-weather|SunnyDay|[upkeep]\n|-sideend|p1: Yveltak|Reflect\n|-sideend|p2: XMarcosPr710|move: Tailwind\n|upkeep\n|c|\u2606Yveltak|Pero bueno clefable\n|c|\u2606Yveltak|Simplemente por ser clefable pido win\n|\n|t:|1696459662\n|switch|p1b: Tapu Fini|Tapu Fini|88\/100\n|turn|11\n|c|\u2606XMarcosPr710|XD?\n|\n|t:|1696459675\n|switch|p2a: Facts|Venusaur, F|100\/100\n|move|p1b: Tapu Fini|Protect|p1b: Tapu Fini\n|-singleturn|p1b: Tapu Fini|Protect\n|move|p1a: Grimmsnarl|Reflect|p1a: Grimmsnarl\n|-sidestart|p1: Yveltak|Reflect\n|move|p2b: Es|Knock Off|p1a: Grimmsnarl\n|-resisted|p1a: Grimmsnarl\n|-damage|p1a: Grimmsnarl|94\/100\n|-enditem|p1a: Grimmsnarl|Light Clay|[from] move: Knock Off|[of] p2b: Es\n|\n|-weather|SunnyDay|[upkeep]\n|-heal|p1b: Tapu Fini|95\/100|[from] item: Leftovers\n|upkeep\n|turn|12\n|c|\u2606Yveltak|Ojooo\n|\n|t:|1696459704\n|detailschange|p2a: Facts|Venusaur-Mega, F\n|-mega|p2a: Facts|Venusaur|Venusaurite\n|move|p1a: Grimmsnarl|Parting Shot|p2a: Facts\n|-unboost|p2a: Facts|atk|1\n|-unboost|p2a: Facts|spa|1\n|\n|t:|1696459711\n|switch|p1a: Mawile|Mawile-Mega, M|93\/100|[from] Parting Shot\n|move|p2b: Es|Wood Hammer|p1b: Tapu Fini\n|-supereffective|p1b: Tapu Fini\n|-damage|p1b: Tapu Fini|34\/100\n|-damage|p2b: Es|78\/100|[from] Recoil\n|move|p2a: Facts|Sludge Bomb|p1b: Tapu Fini\n|-supereffective|p1b: Tapu Fini\n|-damage|p1b: Tapu Fini|0 fnt\n|faint|p1b: Tapu Fini\n|\n|-weather|SunnyDay|[upkeep]\n|-fieldend|Misty Terrain\n|upkeep\n|c|\u2606Yveltak|Este\n|c|\u2606Yveltak|vaya sacada de sabe donde\n|\n|t:|1696459732\n|switch|p1b: Flutter Mane|Flutter Mane|91\/100\n|-activate|p1b: Flutter Mane|ability: Protosynthesis\n|-start|p1b: Flutter Mane|protosynthesisspa\n|turn|13\n|\n|t:|1696459748\n|-terastallize|p1b: Flutter Mane|Fire\n|move|p2b: Es|Spiky Shield|p2b: Es\n|-singleturn|p2b: Es|move: Protect\n|move|p1b: Flutter Mane|Shadow Ball|p2b: Es\n|-activate|p2b: Es|move: Protect\n|move|p2a: Facts|Sleep Powder|p1b: Flutter Mane|[miss]\n|-miss|p2a: Facts|p1b: Flutter Mane\n|move|p1a: Mawile|Iron Head|p2a: Facts\n|-damage|p2a: Facts|50\/100\n|\n|-weather|SunnyDay|[upkeep]\n|upkeep\n|turn|14\n|c|\u2606Yveltak|Toma\n|\n|t:|1696459773\n|switch|p1a: Grimmsnarl|Grimmsnarl, M|94\/100\n|move|p2b: Es|Spiky Shield||[still]\n|-fail|p2b: Es\n|move|p1b: Flutter Mane|Shadow Ball|p2a: Facts\n|-damage|p2a: Facts|0 fnt\n|faint|p2a: Facts\n|\n|-weather|none\n|-end|p1b: Flutter Mane|Protosynthesis\n|upkeep\n|\n|t:|1696459782\n|switch|p2a: Skill|Whimsicott, M|45\/100\n|turn|15\n|\n|t:|1696459813\n|move|p2a: Skill|Tailwind|p2a: Skill\n|-sidestart|p2: XMarcosPr710|move: Tailwind\n|move|p1a: Grimmsnarl|Parting Shot|p2b: Es\n|-unboost|p2b: Es|atk|1\n|-unboost|p2b: Es|spa|1\n|\n|t:|1696459816\n|switch|p1a: Mawile|Mawile-Mega, M|93\/100|[from] Parting Shot\n|move|p2b: Es|Knock Off|p1b: Flutter Mane\n|-damage|p1b: Flutter Mane|56\/100\n|-enditem|p1b: Flutter Mane|Focus Sash|[from] move: Knock Off|[of] p2b: Es\n|move|p1b: Flutter Mane|Shadow Ball|p2b: Es\n|-damage|p2b: Es|24\/100\n|\n|upkeep\n|turn|16\n|\n|t:|1696459830\n|-end|p1b: Flutter Mane|Protosynthesis|[silent]\n|switch|p1b: Grimmsnarl|Grimmsnarl, M|94\/100\n|move|p2b: Es|Spiky Shield|p2b: Es\n|-singleturn|p2b: Es|move: Protect\n|move|p2a: Skill|Sunny Day|p2a: Skill\n|-weather|SunnyDay\n|move|p1a: Mawile|Sucker Punch||[still]\n|-fail|p1a: Mawile\n|\n|-weather|SunnyDay|[upkeep]\n|upkeep\n|turn|17\n|\n|t:|1696459850\n|switch|p2b: Rain|Rillaboom, F|66\/100\n|-fieldstart|move: Grassy Terrain|[from] ability: Grassy Surge|[of] p2b: Rain\n|move|p2a: Skill|Encore|p1a: Mawile\n|-start|p1a: Mawile|Encore\n|move|p1b: Grimmsnarl|Reflect||[still]\n|-fail|p1b: Grimmsnarl\n|move|p1a: Mawile|Sucker Punch||[still]\n|-fail|p1a: Mawile\n|\n|-weather|SunnyDay|[upkeep]\n|-heal|p2a: Skill|51\/100|[from] Grassy Terrain\n|-heal|p2b: Rain|72\/100|[from] Grassy Terrain\n|-heal|p1b: Grimmsnarl|100\/100|[from] Grassy Terrain\n|-heal|p1a: Mawile|99\/100|[from] Grassy Terrain\n|upkeep\n|turn|18\n|c|\u2606Yveltak|Que tabto quieres q viva ogerpon\n|\n|t:|1696459873\n|switch|p1b: Flutter Mane|Flutter Mane, tera:Fire|56\/100\n|-activate|p1b: Flutter Mane|ability: Protosynthesis\n|-start|p1b: Flutter Mane|protosynthesisspa\n|move|p1a: Mawile|Sucker Punch|p2b: Rain\n|-damage|p2b: Rain|29\/100\n|move|p2a: Skill|Dazzling Gleam|p1a: Mawile|[spread] p1a,p1b\n|-resisted|p1a: Mawile\n|-resisted|p1b: Flutter Mane\n|-damage|p1a: Mawile|86\/100\n|-damage|p1b: Flutter Mane|44\/100\n|move|p2b: Rain|Wood Hammer|p1b: Flutter Mane\n|-resisted|p1b: Flutter Mane\n|-damage|p1b: Flutter Mane|0 fnt\n|faint|p1b: Flutter Mane\n|-end|p1b: Flutter Mane|Protosynthesis|[silent]\n|-damage|p2b: Rain|20\/100|[from] Recoil\n|\n|-weather|SunnyDay|[upkeep]\n|-heal|p2a: Skill|57\/100|[from] Grassy Terrain\n|-heal|p2b: Rain|26\/100|[from] Grassy Terrain\n|-heal|p1a: Mawile|92\/100|[from] Grassy Terrain\n|-sideend|p1: Yveltak|Reflect\n|-sideend|p2: XMarcosPr710|move: Tailwind\n|upkeep\n|\n|t:|1696459885\n|switch|p1b: Grimmsnarl|Grimmsnarl, M|100\/100\n|turn|19\n|c|\u2606Yveltak|Ya normal\n|\n|t:|1696459898\n|move|p2b: Rain|Protect|p2b: Rain\n|-singleturn|p2b: Rain|Protect\n|move|p2a: Skill|Tailwind|p2a: Skill\n|-sidestart|p2: XMarcosPr710|move: Tailwind\n|move|p1a: Mawile|Sucker Punch||[still]\n|-fail|p1a: Mawile\n|move|p1b: Grimmsnarl|Spirit Break|p2b: Rain\n|-activate|p2b: Rain|move: Protect\n|\n|-weather|SunnyDay|[upkeep]\n|-heal|p2a: Skill|63\/100|[from] Grassy Terrain\n|-heal|p2b: Rain|32\/100|[from] Grassy Terrain\n|-heal|p1a: Mawile|99\/100|[from] Grassy Terrain\n|-end|p1a: Mawile|Encore\n|upkeep\n|turn|20\n|c|\u2606Yveltak|Bueno bueno\n|c|\u2606Yveltak|Yo digo que gg\n|\n|t:|1696459922\n|move|p2b: Rain|Grassy Glide|p1b: Grimmsnarl\n|-damage|p1b: Grimmsnarl|58\/100\n|move|p2a: Skill|Dazzling Gleam|p1a: Mawile|[spread] p1a,p1b\n|-resisted|p1a: Mawile\n|-supereffective|p1b: Grimmsnarl\n|-crit|p1b: Grimmsnarl\n|-damage|p1a: Mawile|86\/100\n|-damage|p1b: Grimmsnarl|0 fnt\n|faint|p1b: Grimmsnarl\n|move|p1a: Mawile|Iron Head|p2b: Rain\n|-damage|p2b: Rain|0 fnt\n|faint|p2b: Rain\n|\n|-weather|none\n|-heal|p2a: Skill|69\/100|[from] Grassy Terrain\n|-heal|p1a: Mawile|92\/100|[from] Grassy Terrain\n|upkeep\n|c|\u2606Yveltak|Amigo q es esto\n|\n|t:|1696459933\n|switch|p2b: Es|Ogerpon-Hearthflame, F|24\/100\n|-ability|p2b: Es|Mold Breaker\n|turn|21\n|c|\u2606Yveltak|gg\n|\n|t:|1696459941\n|move|p2b: Es|Spiky Shield|p2b: Es\n|-singleturn|p2b: Es|move: Protect\n|move|p2a: Skill|Encore|p1a: Mawile\n|-start|p1a: Mawile|Encore\n|move|p1a: Mawile|Iron Head|p2a: Skill\n|-supereffective|p2a: Skill\n|-damage|p2a: Skill|0 fnt\n|faint|p2a: Skill\n|\n|-heal|p2b: Es|30\/100|[from] Grassy Terrain\n|-heal|p1a: Mawile|98\/100|[from] Grassy Terrain\n|-fieldend|move: Grassy Terrain\n|upkeep\n|turn|22\n|\n|t:|1696459949\n|move|p2b: Es|Ivy Cudgel|p1a: Mawile\n|-supereffective|p1a: Mawile\n|-damage|p1a: Mawile|0 fnt\n|faint|p1a: Mawile\n|\n|win|XMarcosPr710\n|c|\u2606XMarcosPr710|Ggs\n|c|\u2606Yveltak|Siempre los crits hombre pero muy bien hecha\n","uploadtime":1696459959,"views":22,"p1id":"yveltak","p2id":"xmarcospr710","formatid":"gen9nationaldexdoubles","rating":0,"private":0,"password":""}