{"id":"gen9nationaldexdoubles-1960743425","p1":"LunaVicta","p2":"MirzaMirza","format":"[Gen 9] National Dex Doubles","log":"|j|\u2606LunaVicta\n|j|\u2606MirzaMirza\n|t:|1696551868\n|gametype|doubles\n|player|p1|LunaVicta|170|1359\n|player|p2|MirzaMirza|265|1445\n|teamsize|p1|6\n|teamsize|p2|6\n|gen|9\n|tier|[Gen 9] National Dex Doubles\n|rated|\n|rule|HP Percentage Mod: HP is shown in percentages\n|rule|Endless Battle Clause: Forcing endless battles is banned\n|rule|OHKO Clause: OHKO moves are banned\n|rule|Evasion Moves Clause: Evasion moves are banned\n|rule|Evasion Abilities Clause: Evasion abilities are banned\n|rule|Species Clause: Limit one of each Pok\u00e9mon\n|rule|Gravity Sleep Clause: The combination of sleep-inducing moves with imperfect accuracy and Gravity or Gigantamax Orbeetle are banned\n|clearpoke\n|poke|p1|Charizard, M|\n|poke|p1|Chi-Yu|\n|poke|p1|Flutter Mane|\n|poke|p1|Whimsicott, F|\n|poke|p1|Kingambit, M|\n|poke|p1|Landorus-Therian, M|\n|poke|p2|Volcarona, F|\n|poke|p2|Smeargle, F|\n|poke|p2|Tapu Lele|\n|poke|p2|Tapu Fini|\n|poke|p2|Suicune|\n|poke|p2|Chien-Pao|\n|teampreview\n|inactive|Battle timer is ON: inactive players will automatically lose when time's up. (requested by MirzaMirza)\n|\n|t:|1696551887\n|start\n|switch|p1a: Charizard|Charizard, M|100\/100\n|switch|p1b: Chi-Yu|Chi-Yu|100\/100\n|switch|p2a: Miami Terror|Volcarona, F|100\/100\n|switch|p2b: Bobby Lee|Smeargle, F|100\/100\n|-ability|p1b: Chi-Yu|Beads of Ruin\n|turn|1\n|inactive|LunaVicta has 120 seconds left.\n|inactive|MirzaMirza has 120 seconds left.\n|\n|t:|1696551944\n|detailschange|p1a: Charizard|Charizard-Mega-Y, M\n|-mega|p1a: Charizard|Charizard|Charizardite Y\n|-weather|SunnyDay|[from] ability: Drought|[of] p1a: Charizard\n|move|p2b: Bobby Lee|Wide Guard|p2b: Bobby Lee\n|-singleturn|p2b: Bobby Lee|Wide Guard\n|move|p1b: Chi-Yu|Heat Wave|p2a: Miami Terror|[spread] \n|-activate|p2a: Miami Terror|move: Wide Guard\n|-activate|p2b: Bobby Lee|move: Wide Guard\n|move|p1a: Charizard|Heat Wave|p2b: Bobby Lee|[spread] \n|-activate|p2a: Miami Terror|move: Wide Guard\n|-activate|p2b: Bobby Lee|move: Wide Guard\n|move|p2a: Miami Terror|Quiver Dance|p2a: Miami Terror\n|-boost|p2a: Miami Terror|spa|1\n|-boost|p2a: Miami Terror|spd|1\n|-boost|p2a: Miami Terror|spe|1\n|\n|-weather|SunnyDay|[upkeep]\n|-ability|p2b: Bobby Lee|Moody|boost\n|-boost|p2b: Bobby Lee|spd|2\n|-unboost|p2b: Bobby Lee|spe|1\n|upkeep\n|turn|2\n|inactive|LunaVicta has 120 seconds left.\n|inactive|LunaVicta has 90 seconds left.\n|\n|t:|1696552010\n|move|p2a: Miami Terror|Protect|p2a: Miami Terror\n|-singleturn|p2a: Miami Terror|Protect\n|move|p1b: Chi-Yu|Overheat|p2a: Miami Terror\n|-activate|p2a: Miami Terror|move: Protect\n|move|p1a: Charizard|Solar Beam||[still]\n|-prepare|p1a: Charizard|Solar Beam\n|-anim|p1a: Charizard|Solar Beam|p2b: Bobby Lee\n|-damage|p2b: Bobby Lee|40\/100\n|move|p2b: Bobby Lee|Spore|p1a: Charizard\n|-status|p1a: Charizard|slp|[from] move: Spore\n|\n|-weather|SunnyDay|[upkeep]\n|-ability|p2b: Bobby Lee|Moody|boost\n|-boost|p2b: Bobby Lee|spa|2\n|-unboost|p2b: Bobby Lee|spd|1\n|upkeep\n|turn|3\n|inactive|LunaVicta has 90 seconds left.\n|inactive|MirzaMirza has 120 seconds left.\n|inactive|LunaVicta has 60 seconds left.\n|\n|t:|1696552067\n|move|p2b: Bobby Lee|Follow Me|p2b: Bobby Lee\n|-singleturn|p2b: Bobby Lee|move: Follow Me\n|move|p2a: Miami Terror|Quiver Dance|p2a: Miami Terror\n|-boost|p2a: Miami Terror|spa|1\n|-boost|p2a: Miami Terror|spd|1\n|-boost|p2a: Miami Terror|spe|1\n|move|p1b: Chi-Yu|Overheat|p2b: Bobby Lee\n|-damage|p2b: Bobby Lee|0 fnt\n|-unboost|p1b: Chi-Yu|spa|2\n|faint|p2b: Bobby Lee\n|cant|p1a: Charizard|slp\n|\n|-weather|SunnyDay|[upkeep]\n|upkeep\n|\n|t:|1696552079\n|switch|p2b: Phoebe|Tapu Lele|100\/100\n|-fieldstart|move: Psychic Terrain|[from] ability: Psychic Surge|[of] p2b: Phoebe\n|turn|4\n|inactive|LunaVicta has 60 seconds left.\n|inactive|LunaVicta has 30 seconds left.\n|\n|t:|1696552128\n|switch|p1b: Whimsicott|Whimsicott, F|100\/100\n|move|p2a: Miami Terror|Quiver Dance|p2a: Miami Terror\n|-boost|p2a: Miami Terror|spa|1\n|-boost|p2a: Miami Terror|spd|1\n|-boost|p2a: Miami Terror|spe|1\n|cant|p1a: Charizard|slp\n|move|p2b: Phoebe|Psych Up|p2a: Miami Terror\n|-copyboost|p2b: Phoebe|p2a: Miami Terror|[from] move: Psych Up\n|\n|-weather|SunnyDay|[upkeep]\n|upkeep\n|turn|5\n|\n|t:|1696552142\n|cant|p1a: Charizard|slp\n|move|p1b: Whimsicott|Encore|p2a: Miami Terror\n|-activate|p2a: Miami Terror|move: Psychic Terrain\n|move|p2a: Miami Terror|Heat Wave|p1b: Whimsicott|[spread] p1a,p1b\n|-resisted|p1a: Charizard\n|-supereffective|p1b: Whimsicott\n|-damage|p1a: Charizard|52\/100 slp\n|-damage|p1b: Whimsicott|0 fnt\n|faint|p1b: Whimsicott\n|move|p2b: Phoebe|Psychic|p1a: Charizard\n|-damage|p1a: Charizard|0 fnt\n|faint|p1a: Charizard\n|\n|-weather|none\n|upkeep\n|inactive|LunaVicta has 30 seconds left.\n|\n|t:|1696552165\n|switch|p1b: Chi-Yu|Chi-Yu|100\/100\n|switch|p1a: Kingambit|Kingambit, M|100\/100\n|-ability|p1b: Chi-Yu|Beads of Ruin\n|turn|6\n|\n|t:|1696552184\n|-terastallize|p1a: Kingambit|Fire\n|move|p1b: Chi-Yu|Protect|p1b: Chi-Yu\n|-singleturn|p1b: Chi-Yu|Protect\n|move|p2a: Miami Terror|Heat Wave|p1b: Chi-Yu|[spread] \n|-activate|p1b: Chi-Yu|move: Protect\n|-miss|p2a: Miami Terror|p1a: Kingambit\n|move|p2b: Phoebe|Dazzling Gleam|p1a: Kingambit|[spread] p1a\n|-activate|p1b: Chi-Yu|move: Protect\n|-resisted|p1a: Kingambit\n|-damage|p1a: Kingambit|73\/100\n|move|p1a: Kingambit|Iron Head|p2b: Phoebe\n|-supereffective|p2b: Phoebe\n|-damage|p2b: Phoebe|27\/100\n|\n|upkeep\n|turn|7\n|inactive|LunaVicta has 30 seconds left.\n|\n|t:|1696552221\n|switch|p1b: Landorus|Landorus-Therian, M|100\/100\n|-ability|p1b: Landorus|Intimidate|boost\n|-unboost|p2a: Miami Terror|atk|1\n|-unboost|p2b: Phoebe|atk|1\n|move|p2a: Miami Terror|Heat Wave|p1a: Kingambit|[spread] p1a,p1b\n|-resisted|p1a: Kingambit\n|-damage|p1a: Kingambit|49\/100\n|-damage|p1b: Landorus|27\/100\n|move|p2b: Phoebe|Psychic|p1a: Kingambit\n|-damage|p1a: Kingambit|0 fnt\n|faint|p1a: Kingambit\n|\n|upkeep\n|inactive|LunaVicta has 30 seconds left.\n|inactive|LunaVicta has 20 seconds left.\n|-message|LunaVicta forfeited.\n|\n|win|MirzaMirza\n|inactive|LunaVicta has 25 seconds left this turn.\n|raw|LunaVicta's rating: 1359 &rarr; <strong>1344<\/strong><br \/>(-15 for losing)\n|raw|MirzaMirza's rating: 1445 &rarr; <strong>1460<\/strong><br \/>(+15 for winning)\n|l|\u2606LunaVicta\n","uploadtime":1696554251,"views":5,"p1id":"lunavicta","p2id":"mirzamirza","formatid":"gen9nationaldexdoubles","rating":1344,"private":0,"password":""}