{"id":"gen9nationaldexdoubles-1981383952","p1":"Lewoise","p2":"Fj k if B jg f","format":"[Gen 9] National Dex Doubles","log":"|j|\u2606Lewoise\n|j|\u2606Fj k if B jg f\n|t:|1698889872\n|gametype|doubles\n|player|p1|Lewoise|acerola-masters|1110\n|player|p2|Fj k if B jg f|hiker-gen4|1000\n|teamsize|p1|6\n|teamsize|p2|6\n|gen|9\n|tier|[Gen 9] National Dex Doubles\n|rated|\n|rule|HP Percentage Mod: HP is shown in percentages\n|rule|Endless Battle Clause: Forcing endless battles is banned\n|rule|OHKO Clause: OHKO moves are banned\n|rule|Evasion Moves Clause: Evasion moves are banned\n|rule|Evasion Abilities Clause: Evasion abilities are banned\n|rule|Species Clause: Limit one of each Pok\u00e9mon\n|rule|Gravity Sleep Clause: The combination of sleep-inducing moves with imperfect accuracy and Gravity or Gigantamax Orbeetle are banned\n|clearpoke\n|poke|p1|Cradily, F|\n|poke|p1|Sinistcha|\n|poke|p1|Gastrodon, F|\n|poke|p1|Hatterene, F|\n|poke|p1|Klefki, F|\n|poke|p1|Spiritomb, F|\n|poke|p2|Indeedee, M|\n|poke|p2|Deoxys-Attack|\n|poke|p2|Typhlosion, F|\n|poke|p2|Kartana|\n|poke|p2|Murkrow, M|\n|poke|p2|Shuckle, F|\n|teampreview\n|\n|t:|1698889878\n|start\n|switch|p1a: Hatterene|Hatterene, F|100\/100\n|switch|p1b: Klefki|Klefki, F|100\/100\n|switch|p2a: Murkrow|Murkrow, M|100\/100\n|switch|p2b: Shuckle|Shuckle, F|100\/100\n|turn|1\n|inactive|Battle timer is ON: inactive players will automatically lose when time's up. (requested by Fj k if B jg f)\n|\n|t:|1698889894\n|move|p2a: Murkrow|Taunt|p1b: Klefki\n|-start|p1b: Klefki|move: Taunt\n|cant|p1b: Klefki|move: Taunt|Switcheroo\n|move|p1a: Hatterene|Draining Kiss|p2a: Murkrow\n|-supereffective|p2a: Murkrow\n|-enditem|p2a: Murkrow|Focus Sash\n|-damage|p2a: Murkrow|1\/100\n|move|p2b: Shuckle|Power Split|p1a: Hatterene\n|-activate|p2b: Shuckle|move: Power Split|[of] p1a: Hatterene\n|\n|upkeep\n|turn|2\n|\n|t:|1698889917\n|switch|p1b: Spiritomb|Spiritomb, F, shiny|100\/100\n|switch|p2b: Kartana|Kartana|100\/100\n|move|p2a: Murkrow|Perish Song|p2a: Murkrow\n|-start|p1a: Hatterene|perish3|[silent]\n|-start|p1b: Spiritomb|perish3|[silent]\n|-start|p2a: Murkrow|perish3|[silent]\n|-start|p2b: Kartana|perish3|[silent]\n|-fieldactivate|move: Perish Song\n|move|p1a: Hatterene|Draining Kiss|p2a: Murkrow\n|-supereffective|p2a: Murkrow\n|-damage|p2a: Murkrow|0 fnt\n|faint|p2a: Murkrow\n|\n|-start|p2b: Kartana|perish3\n|-start|p1b: Spiritomb|perish3\n|-start|p1a: Hatterene|perish3\n|upkeep\n|inactive|Fj k if B jg f has 120 seconds left.\n|\n|t:|1698889939\n|switch|p2a: Typhlosion|Typhlosion, F|100\/100\n|turn|3\n|\n|t:|1698889950\n|switch|p1b: Klefki|Klefki, F|100\/100\n|switch|p1a: Gastrodon|Gastrodon, F|100\/100\n|move|p2a: Typhlosion|Eruption|p1b: Klefki|[spread] p1a,p1b\n|-resisted|p1a: Gastrodon\n|-supereffective|p1b: Klefki\n|-damage|p1a: Gastrodon|79\/100\n|-damage|p1b: Klefki|0 fnt\n|faint|p1b: Klefki\n|move|p2b: Kartana|Smart Strike|p1a: Gastrodon\n|-resisted|p1a: Gastrodon\n|-damage|p1a: Gastrodon|56\/100\n|\n|-heal|p1a: Gastrodon|62\/100|[from] item: Leftovers\n|-start|p2b: Kartana|perish2\n|upkeep\n|\n|t:|1698889966\n|switch|p1b: Sinistcha|Sinistcha|100\/100\n|-heal|p1a: Gastrodon|87\/100|[from] ability: Hospitality|[of] p1b: Sinistcha\n|turn|4\n|inactive|Fj k if B jg f has 120 seconds left.\n|\n|t:|1698890001\n|switch|p2a: Shuckle|Shuckle, F|100\/100\n|move|p2b: Kartana|Smart Strike|p1b: Sinistcha\n|-damage|p1b: Sinistcha|63\/100\n|move|p1b: Sinistcha|Strength Sap|p2b: Kartana\n|-unboost|p2b: Kartana|atk|1\n|-heal|p1b: Sinistcha|100\/100\n|move|p1a: Gastrodon|Earth Power|p2a: Shuckle\n|-damage|p2a: Shuckle|83\/100\n|\n|-heal|p1a: Gastrodon|93\/100|[from] item: Leftovers\n|-start|p2b: Kartana|perish1\n|upkeep\n|turn|5\n|inactive|Fj k if B jg f has 120 seconds left.\n|\n|t:|1698890028\n|switch|p2b: Indeedee|Indeedee, M|100\/100\n|-fieldstart|move: Psychic Terrain|[from] ability: Psychic Surge|[of] p2b: Indeedee\n|switch|p1b: Cradily|Cradily, F|100\/100\n|move|p1a: Gastrodon|Surf|p2b: Indeedee|[spread] p2a,p2b\n|-ability|p1b: Cradily|Storm Drain|boost\n|-boost|p1b: Cradily|spa|1\n|-supereffective|p2a: Shuckle\n|-damage|p2a: Shuckle|57\/100\n|-damage|p2b: Indeedee|71\/100\n|move|p2a: Shuckle|Toxic|p1a: Gastrodon\n|-status|p1a: Gastrodon|tox\n|\n|-heal|p1a: Gastrodon|99\/100 tox|[from] item: Leftovers\n|-damage|p1a: Gastrodon|93\/100 tox|[from] psn\n|upkeep\n|turn|6\n|\n|t:|1698890050\n|-terastallize|p2b: Indeedee|Psychic\n|move|p2b: Indeedee|Expanding Force|p1b: Cradily|[spread] p1a,p1b\n|-damage|p1a: Gastrodon|32\/100 tox\n|-damage|p1b: Cradily|30\/100\n|move|p1b: Cradily|Meteor Beam||[still]\n|-prepare|p1b: Cradily|Meteor Beam\n|-boost|p1b: Cradily|spa|1\n|-enditem|p1b: Cradily|Power Herb\n|-anim|p1b: Cradily|Meteor Beam|p2b: Indeedee\n|-damage|p2b: Indeedee|0 fnt\n|faint|p2b: Indeedee\n|move|p1a: Gastrodon|Surf|p2a: Shuckle|[spread] p2a\n|-ability|p1b: Cradily|Storm Drain|boost\n|-boost|p1b: Cradily|spa|1\n|-supereffective|p2a: Shuckle\n|-damage|p2a: Shuckle|33\/100\n|move|p2a: Shuckle|Toxic|p1b: Cradily\n|-status|p1b: Cradily|tox\n|\n|-heal|p1a: Gastrodon|39\/100 tox|[from] item: Leftovers\n|-damage|p1b: Cradily|23\/100 tox|[from] psn\n|-damage|p1a: Gastrodon|26\/100 tox|[from] psn\n|upkeep\n|inactive|Fj k if B jg f has 120 seconds left.\n|inactive|Fj k if B jg f has 90 seconds left.\n|inactive|Fj k if B jg f has 60 seconds left.\n|inactive|Fj k if B jg f has 30 seconds left.\n|\n|t:|1698890157\n|switch|p2b: Kartana|Kartana|100\/100\n|turn|7\n|\n|t:|1698890169\n|switch|p2a: Deoxys|Deoxys-Attack|100\/100\n|-ability|p2a: Deoxys|Pressure\n|move|p2b: Kartana|Smart Strike|p1b: Cradily\n|-supereffective|p1b: Cradily\n|-damage|p1b: Cradily|0 fnt\n|faint|p1b: Cradily\n|-ability|p2b: Kartana|Beast Boost|boost\n|-boost|p2b: Kartana|atk|1\n|move|p1a: Gastrodon|Recover|p1a: Gastrodon\n|-heal|p1a: Gastrodon|76\/100 tox\n|\n|-heal|p1a: Gastrodon|82\/100 tox|[from] item: Leftovers\n|-damage|p1a: Gastrodon|64\/100 tox|[from] psn\n|upkeep\n|\n|t:|1698890183\n|switch|p1b: Sinistcha|Sinistcha|100\/100\n|-heal|p1a: Gastrodon|89\/100 tox|[from] ability: Hospitality|[of] p1b: Sinistcha\n|turn|8\n|inactive|Fj k if B jg f has 60 seconds left.\n|\n|t:|1698890199\n|move|p2b: Kartana|Smart Strike|p1b: Sinistcha\n|-damage|p1b: Sinistcha|48\/100\n|move|p2a: Deoxys|Shadow Ball|p1b: Sinistcha\n|-supereffective|p1b: Sinistcha\n|-damage|p1b: Sinistcha|0 fnt\n|faint|p1b: Sinistcha\n|move|p1a: Gastrodon|Earth Power|p2b: Kartana\n|-damage|p2b: Kartana|16\/100\n|\n|-heal|p1a: Gastrodon|95\/100 tox|[from] item: Leftovers\n|-damage|p1a: Gastrodon|71\/100 tox|[from] psn\n|upkeep\n|\n|t:|1698890213\n|switch|p1b: Spiritomb|Spiritomb, F, shiny|100\/100\n|turn|9\n|\n|t:|1698890223\n|move|p2b: Kartana|Smart Strike|p1b: Spiritomb\n|-damage|p1b: Spiritomb|25\/100\n|move|p2a: Deoxys|Ice Beam|p1b: Spiritomb\n|-damage|p1b: Spiritomb|0 fnt\n|faint|p1b: Spiritomb\n|move|p1a: Gastrodon|Earth Power|p2b: Kartana\n|-damage|p2b: Kartana|0 fnt\n|faint|p2b: Kartana\n|\n|-heal|p1a: Gastrodon|77\/100 tox|[from] item: Leftovers\n|-damage|p1a: Gastrodon|46\/100 tox|[from] psn\n|-fieldend|move: Psychic Terrain\n|upkeep\n|inactive|Fj k if B jg f has 90 seconds left.\n|\n|t:|1698890252\n|switch|p2b: Typhlosion|Typhlosion, F|100\/100\n|switch|p1b: Hatterene|Hatterene, F|100\/100\n|turn|10\n|\n|t:|1698890275\n|-terastallize|p1b: Hatterene|Fire\n|move|p2b: Typhlosion|Eruption|p1b: Hatterene|[spread] p1a,p1b\n|-resisted|p1a: Gastrodon\n|-resisted|p1b: Hatterene\n|-damage|p1a: Gastrodon|24\/100 tox\n|-damage|p1b: Hatterene|78\/100\n|move|p2a: Deoxys|Shadow Ball|p1b: Hatterene\n|-damage|p1b: Hatterene|47\/100\n|move|p1a: Gastrodon|Earth Power|p2b: Typhlosion\n|-supereffective|p2b: Typhlosion\n|-damage|p2b: Typhlosion|26\/100\n|move|p1b: Hatterene|Mystical Fire|p2a: Deoxys\n|-enditem|p2a: Deoxys|Focus Sash\n|-damage|p2a: Deoxys|1\/100\n|-unboost|p2a: Deoxys|spa|1\n|\n|-heal|p1a: Gastrodon|30\/100 tox|[from] item: Leftovers\n|-damage|p1a: Gastrodon|0 fnt|[from] psn\n|faint|p1a: Gastrodon\n|upkeep\n|turn|11\n|\n|t:|1698890302\n|switch|p2b: Shuckle|Shuckle, F|33\/100\n|move|p2a: Deoxys|Psyshock|p1b: Hatterene\n|-damage|p1b: Hatterene|11\/100\n|move|p1b: Hatterene|Mystical Fire|p2a: Deoxys\n|-damage|p2a: Deoxys|0 fnt\n|faint|p2a: Deoxys\n|\n|upkeep\n|\n|t:|1698890309\n|switch|p2a: Typhlosion|Typhlosion, F|26\/100\n|turn|12\n|\n|t:|1698890313\n|move|p2a: Typhlosion|Seismic Toss|p1b: Hatterene\n|-damage|p1b: Hatterene|0 fnt\n|faint|p1b: Hatterene\n|\n|win|Fj k if B jg f\n|raw|Lewoise's rating: 1110 &rarr; <strong>1080<\/strong><br \/>(-30 for losing)\n|raw|Fj k if B jg f's rating: 1040 &rarr; <strong>1081<\/strong><br \/>(+41 for winning)\n|l|\u2606Lewoise\n","uploadtime":1698890325,"views":14,"p1id":"lewoise","p2id":"fjkifbjgf","formatid":"gen9nationaldexdoubles","rating":1080,"private":0,"password":""}