{"id":"gen9nationaldexdoubles-1950957525","p1":"Thalassophobia","p2":"Dalender","format":"[Gen 9] National Dex Doubles","log":"|j|\u2606Thalassophobia\n|j|\u2606Dalender\n|t:|1695523534\n|gametype|doubles\n|player|p1|Thalassophobia|pokekid|1075\n|player|p2|Dalender|guitarist|1011\n|teamsize|p1|6\n|teamsize|p2|2\n|gen|9\n|tier|[Gen 9] National Dex Doubles\n|rated|\n|rule|HP Percentage Mod: HP is shown in percentages\n|rule|Endless Battle Clause: Forcing endless battles is banned\n|rule|OHKO Clause: OHKO moves are banned\n|rule|Evasion Moves Clause: Evasion moves are banned\n|rule|Evasion Abilities Clause: Evasion abilities are banned\n|rule|Species Clause: Limit one of each Pok\u00e9mon\n|rule|Gravity Sleep Clause: The combination of sleep-inducing moves with imperfect accuracy and Gravity or Gigantamax Orbeetle are banned\n|clearpoke\n|poke|p1|Sylveon, F|\n|poke|p1|Aurorus, M|\n|poke|p1|Ambipom, M|\n|poke|p1|Umbreon, M|\n|poke|p1|Ninetales-Alola, M|\n|poke|p1|Dachsbun, M|\n|poke|p2|Drifblim, M|\n|poke|p2|Ursaluna, F|\n|teampreview\n|\n|t:|1695523545\n|start\n|switch|p1a: Ambipom|Ambipom, M|100\/100\n|switch|p1b: Umbreon|Umbreon, M, shiny|100\/100\n|switch|p2a: Drifblim|Drifblim, M|100\/100\n|switch|p2b: Ursaluna|Ursaluna, F|100\/100\n|turn|1\n|inactive|Battle timer is ON: inactive players will automatically lose when time's up. (requested by Thalassophobia)\n|\n|t:|1695523560\n|-terastallize|p2b: Ursaluna|Ghost\n|move|p1a: Ambipom|Fake Out|p2b: Ursaluna\n|-immune|p2b: Ursaluna\n|move|p1b: Umbreon|Calm Mind|p1b: Umbreon\n|-boost|p1b: Umbreon|spa|1\n|-boost|p1b: Umbreon|spd|1\n|move|p2b: Ursaluna|Drain Punch|p1b: Umbreon\n|-supereffective|p1b: Umbreon\n|-damage|p1b: Umbreon|62\/100\n|move|p2a: Drifblim|Trick Room|p2a: Drifblim\n|-fieldstart|move: Trick Room|[of] p2a: Drifblim\n|\n|-heal|p1b: Umbreon|69\/100|[from] item: Leftovers\n|-status|p2a: Drifblim|brn|[from] item: Flame Orb\n|upkeep\n|turn|2\n|\n|t:|1695523588\n|-terastallize|p1b: Umbreon|Ghost\n|move|p2b: Ursaluna|Facade|p1b: Umbreon\n|-immune|p1b: Umbreon\n|move|p1b: Umbreon|Wish|p1b: Umbreon\n|move|p2a: Drifblim|Fling|p2b: Ursaluna\n|-supereffective|p2b: Ursaluna\n|-damage|p2b: Ursaluna|97\/100\n|-status|p2b: Ursaluna|brn\n|-enditem|p2b: Ursaluna|Weakness Policy\n|-boost|p2b: Ursaluna|atk|2|[from] item: Weakness Policy\n|-boost|p2b: Ursaluna|spa|2|[from] item: Weakness Policy\n|-enditem|p2a: Drifblim|Flame Orb|[from] move: Fling\n|move|p1a: Ambipom|Fire Punch|p2a: Drifblim\n|-damage|p2a: Drifblim|66\/100 brn\n|-damage|p1a: Ambipom|91\/100|[from] item: Life Orb\n|\n|-heal|p1b: Umbreon|75\/100|[from] item: Leftovers\n|-damage|p2b: Ursaluna|90\/100 brn|[from] brn\n|-damage|p2a: Drifblim|60\/100 brn|[from] brn\n|upkeep\n|turn|3\n|\n|t:|1695523615\n|move|p2b: Ursaluna|Earthquake|p1b: Umbreon|[spread] p1a,p1b\n|-immune|p2a: Drifblim\n|-damage|p1a: Ambipom|0 fnt\n|-damage|p1b: Umbreon|0 fnt\n|faint|p1a: Ambipom\n|faint|p1b: Umbreon\n|move|p2a: Drifblim|Clear Smog|p1: Ambipom|[notarget]\n|-fail|p2a: Drifblim\n|\n|-damage|p2b: Ursaluna|84\/100 brn|[from] brn\n|-damage|p2a: Drifblim|54\/100 brn|[from] brn\n|upkeep\n|inactive|Thalassophobia has 120 seconds left.\n|\n|t:|1695523633\n|switch|p1b: Ninetales|Ninetales-Alola, M|100\/100\n|switch|p1a: Dachsbun|Dachsbun, M|100\/100\n|-weather|Snow|[from] ability: Snow Warning|[of] p1b: Ninetales\n|turn|4\n|\n|t:|1695523644\n|move|p2b: Ursaluna|Earthquake|p1a: Dachsbun|[spread] p1a,p1b\n|-immune|p2a: Drifblim\n|-crit|p1b: Ninetales\n|-damage|p1a: Dachsbun|0 fnt\n|-damage|p1b: Ninetales|0 fnt\n|faint|p1a: Dachsbun\n|faint|p1b: Ninetales\n|move|p2a: Drifblim|Clear Smog|p1: Dachsbun|[notarget]\n|-fail|p2a: Drifblim\n|\n|-weather|Snow|[upkeep]\n|-damage|p2b: Ursaluna|78\/100 brn|[from] brn\n|-damage|p2a: Drifblim|48\/100 brn|[from] brn\n|upkeep\n|\n|t:|1695523652\n|switch|p1a: Sylveon|Sylveon, F|100\/100\n|switch|p1b: Aurorus|Aurorus, M|100\/100\n|turn|5\n|\n|t:|1695523664\n|move|p2b: Ursaluna|Earthquake|p1b: Aurorus|[spread] p1a,p1b\n|-immune|p2a: Drifblim\n|-crit|p1a: Sylveon\n|-supereffective|p1b: Aurorus\n|-damage|p1a: Sylveon|0 fnt\n|-damage|p1b: Aurorus|0 fnt\n|faint|p1a: Sylveon\n|faint|p1b: Aurorus\n|\n|win|Dalender\n|raw|Thalassophobia's rating: 1075 &rarr; <strong>1050<\/strong><br \/>(-25 for losing)\n|raw|Dalender's rating: 1011 &rarr; <strong>1056<\/strong><br \/>(+45 for winning)\n|l|\u2606Thalassophobia\n","uploadtime":1695523674,"views":19,"p1id":"thalassophobia","p2id":"dalender","formatid":"gen9nationaldexdoubles","rating":1050,"private":0,"password":""}