{"id":"gen9nationaldexdoubles-1975022949","p1":"lthebest1310","p2":"milesforhire","format":"[Gen 9] National Dex Doubles","log":"|j|\u2606lthebest1310\n|j|\u2606milesforhire\n|t:|1698155735\n|gametype|doubles\n|player|p1|lthebest1310|cynthia|1000\n|player|p2|milesforhire|rosa-masters2|1052\n|teamsize|p1|6\n|teamsize|p2|6\n|gen|9\n|tier|[Gen 9] National Dex Doubles\n|rated|\n|rule|HP Percentage Mod: HP is shown in percentages\n|rule|Endless Battle Clause: Forcing endless battles is banned\n|rule|OHKO Clause: OHKO moves are banned\n|rule|Evasion Moves Clause: Evasion moves are banned\n|rule|Evasion Abilities Clause: Evasion abilities are banned\n|rule|Species Clause: Limit one of each Pok\u00e9mon\n|rule|Gravity Sleep Clause: The combination of sleep-inducing moves with imperfect accuracy and Gravity or Gigantamax Orbeetle are banned\n|clearpoke\n|poke|p1|Ferrothorn, F|\n|poke|p1|Heatran, M|\n|poke|p1|Ursaluna, M|\n|poke|p1|Hatterene, F|\n|poke|p1|Amoonguss, M|\n|poke|p1|Cresselia, F|\n|poke|p2|Lilligant, F|\n|poke|p2|Walking Wake|\n|poke|p2|Charizard, F|\n|poke|p2|Great Tusk|\n|poke|p2|Volcarona, M|\n|poke|p2|Torkoal, M|\n|teampreview\n|\n|t:|1698155754\n|start\n|switch|p1a: Cresselia|Cresselia, F|100\/100\n|switch|p1b: Ursaluna|Ursaluna, M|100\/100\n|switch|p2a: Torkoal|Torkoal, M|100\/100\n|switch|p2b: Lilligant|Lilligant, F, shiny|100\/100\n|-weather|SunnyDay|[from] ability: Drought|[of] p2a: Torkoal\n|turn|1\n|\n|t:|1698155801\n|move|p2b: Lilligant|Sleep Powder|p1b: Ursaluna\n|-status|p1b: Ursaluna|slp|[from] move: Sleep Powder\n|cant|p1b: Ursaluna|slp\n|move|p2a: Torkoal|Stealth Rock|p1b: Ursaluna\n|-sidestart|p1: lthebest1310|move: Stealth Rock\n|move|p1a: Cresselia|Trick Room|p1a: Cresselia\n|-fieldstart|move: Trick Room|[of] p1a: Cresselia\n|\n|-weather|SunnyDay|[upkeep]\n|upkeep\n|turn|2\n|\n|t:|1698155828\n|move|p2a: Torkoal|Toxic|p1a: Cresselia\n|-status|p1a: Cresselia|tox\n|-curestatus|p1b: Ursaluna|slp|[msg]\n|move|p1b: Ursaluna|Headlong Rush|p2a: Torkoal\n|-supereffective|p2a: Torkoal\n|-damage|p2a: Torkoal|25\/100\n|-unboost|p1b: Ursaluna|def|1\n|-unboost|p1b: Ursaluna|spd|1\n|move|p1a: Cresselia|Dazzling Gleam|p2a: Torkoal|[spread] p2a,p2b\n|-resisted|p2a: Torkoal\n|-damage|p2a: Torkoal|15\/100\n|-damage|p2b: Lilligant|81\/100\n|move|p2b: Lilligant|Leech Seed|p1b: Ursaluna\n|-start|p1b: Ursaluna|move: Leech Seed\n|\n|-weather|SunnyDay|[upkeep]\n|-damage|p1b: Ursaluna|88\/100|[from] Leech Seed|[of] p2b: Lilligant\n|-heal|p2b: Lilligant|98\/100|[silent]\n|-damage|p1a: Cresselia|94\/100 tox|[from] psn\n|-status|p1b: Ursaluna|brn|[from] item: Flame Orb\n|upkeep\n|turn|3\n|\n|t:|1698155873\n|move|p2a: Torkoal|Body Press|p1b: Ursaluna\n|-supereffective|p1b: Ursaluna\n|-damage|p1b: Ursaluna|22\/100 brn\n|move|p1b: Ursaluna|Facade|p2b: Lilligant\n|-damage|p2b: Lilligant|0 fnt\n|faint|p2b: Lilligant\n|move|p1a: Cresselia|Dazzling Gleam|p2a: Torkoal\n|-resisted|p2a: Torkoal\n|-damage|p2a: Torkoal|1\/100\n|\n|-weather|SunnyDay|[upkeep]\n|-heal|p1a: Cresselia|100\/100 tox|[from] item: Leftovers\n|-damage|p1a: Cresselia|88\/100 tox|[from] psn\n|-damage|p1b: Ursaluna|16\/100 brn|[from] brn\n|upkeep\n|\n|t:|1698155887\n|switch|p2b: Walking Wake|Walking Wake|100\/100\n|-activate|p2b: Walking Wake|ability: Protosynthesis\n|-start|p2b: Walking Wake|protosynthesisspe\n|turn|4\n|\n|t:|1698155906\n|move|p1b: Ursaluna|Protect|p1b: Ursaluna\n|-singleturn|p1b: Ursaluna|Protect\n|move|p2b: Walking Wake|Protect|p2b: Walking Wake\n|-singleturn|p2b: Walking Wake|Protect\n|move|p2a: Torkoal|Body Press|p1b: Ursaluna\n|-activate|p1b: Ursaluna|move: Protect\n|move|p1a: Cresselia|Moonblast|p2b: Walking Wake\n|-activate|p2b: Walking Wake|move: Protect\n|\n|-weather|SunnyDay|[upkeep]\n|-heal|p1a: Cresselia|94\/100 tox|[from] item: Leftovers\n|-damage|p1b: Ursaluna|4\/100 brn|[from] Leech Seed|[of] p2b: Walking Wake\n|-damage|p1a: Cresselia|76\/100 tox|[from] psn\n|-damage|p1b: Ursaluna|0 fnt|[from] brn\n|faint|p1b: Ursaluna\n|upkeep\n|\n|t:|1698155929\n|switch|p1b: Hatterene|Hatterene, F|100\/100\n|-damage|p1b: Hatterene|88\/100|[from] Stealth Rock\n|turn|5\n|\n|t:|1698155942\n|move|p2a: Torkoal|Toxic|p1b: Hatterene\n|move|p1b: Hatterene|Toxic|p2a: Torkoal|[from]ability: Magic Bounce\n|-status|p2a: Torkoal|tox\n|move|p1b: Hatterene|Dazzling Gleam|p2a: Torkoal|[spread] p2a,p2b\n|-resisted|p2a: Torkoal\n|-supereffective|p2b: Walking Wake\n|-damage|p2a: Torkoal|0 fnt\n|-damage|p2b: Walking Wake|13\/100\n|faint|p2a: Torkoal\n|move|p1a: Cresselia|Moonblast|p2b: Walking Wake\n|-supereffective|p2b: Walking Wake\n|-damage|p2b: Walking Wake|0 fnt\n|faint|p2b: Walking Wake\n|-end|p2b: Walking Wake|Protosynthesis|[silent]\n|\n|-weather|SunnyDay|[upkeep]\n|-heal|p1a: Cresselia|82\/100 tox|[from] item: Leftovers\n|-damage|p1a: Cresselia|58\/100 tox|[from] psn\n|-fieldend|move: Trick Room\n|upkeep\n|\n|t:|1698155962\n|switch|p2b: Charizard|Charizard, F, shiny|100\/100\n|switch|p2a: Volcarona|Volcarona, M|100\/100\n|turn|6\n|\n|t:|1698155982\n|move|p2a: Volcarona|Quiver Dance|p2a: Volcarona\n|-boost|p2a: Volcarona|spa|1\n|-boost|p2a: Volcarona|spd|1\n|-boost|p2a: Volcarona|spe|1\n|move|p2b: Charizard|Fire Blast|p1b: Hatterene\n|-damage|p1b: Hatterene|11\/100\n|-enditem|p1b: Hatterene|Aguav Berry|[eat]\n|-heal|p1b: Hatterene|44\/100|[from] item: Aguav Berry\n|move|p1a: Cresselia|Dazzling Gleam|p2a: Volcarona|[spread] p2a,p2b\n|-resisted|p2a: Volcarona\n|-resisted|p2b: Charizard\n|-damage|p2a: Volcarona|95\/100\n|-damage|p2b: Charizard|91\/100\n|move|p1b: Hatterene|Dazzling Gleam|p2b: Charizard|[spread] p2a,p2b\n|-resisted|p2a: Volcarona\n|-resisted|p2b: Charizard\n|-damage|p2a: Volcarona|82\/100\n|-damage|p2b: Charizard|69\/100\n|\n|-weather|SunnyDay|[upkeep]\n|-heal|p1a: Cresselia|64\/100 tox|[from] item: Leftovers\n|-damage|p1a: Cresselia|34\/100 tox|[from] psn\n|upkeep\n|turn|7\n|\n|t:|1698156009\n|move|p2a: Volcarona|Quiver Dance|p2a: Volcarona\n|-boost|p2a: Volcarona|spa|1\n|-boost|p2a: Volcarona|spd|1\n|-boost|p2a: Volcarona|spe|1\n|move|p2b: Charizard|Solar Beam||[still]\n|-prepare|p2b: Charizard|Solar Beam\n|-anim|p2b: Charizard|Solar Beam|p1a: Cresselia\n|-damage|p1a: Cresselia|10\/100 tox\n|move|p1a: Cresselia|Psychic|p2a: Volcarona\n|-damage|p2a: Volcarona|64\/100\n|move|p1b: Hatterene|Trick Room|p1b: Hatterene\n|-fieldstart|move: Trick Room|[of] p1b: Hatterene\n|\n|-weather|SunnyDay|[upkeep]\n|-heal|p1a: Cresselia|16\/100 tox|[from] item: Leftovers\n|-damage|p1a: Cresselia|0 fnt|[from] psn\n|faint|p1a: Cresselia\n|upkeep\n|\n|t:|1698156038\n|switch|p1a: Heatran|Heatran, M|100\/100\n|-damage|p1a: Heatran|88\/100|[from] Stealth Rock\n|turn|8\n|\n|t:|1698156066\n|move|p1b: Hatterene|Thunder Wave|p2a: Volcarona\n|-status|p2a: Volcarona|par\n|move|p1a: Heatran|Stealth Rock|p2b: Charizard\n|-sidestart|p2: milesforhire|move: Stealth Rock\n|move|p2b: Charizard|Scorching Sands|p1a: Heatran\n|-supereffective|p1a: Heatran\n|-damage|p1a: Heatran|37\/100\n|move|p2a: Volcarona|Fiery Dance|p1b: Hatterene\n|-damage|p1b: Hatterene|0 fnt\n|faint|p1b: Hatterene\n|\n|-weather|none\n|-heal|p1a: Heatran|44\/100|[from] item: Leftovers\n|upkeep\n|\n|t:|1698156082\n|switch|p1b: Ferrothorn|Ferrothorn, F|100\/100\n|-damage|p1b: Ferrothorn|94\/100|[from] Stealth Rock\n|turn|9\n|\n|t:|1698156114\n|move|p1b: Ferrothorn|Knock Off|p2a: Volcarona\n|-damage|p2a: Volcarona|19\/100 par\n|-enditem|p2a: Volcarona|Heavy-Duty Boots|[from] move: Knock Off|[of] p1b: Ferrothorn\n|move|p1a: Heatran|Flash Cannon|p2a: Volcarona\n|-resisted|p2a: Volcarona\n|-crit|p2a: Volcarona\n|-damage|p2a: Volcarona|0 fnt\n|faint|p2a: Volcarona\n|move|p2b: Charizard|Scorching Sands|p1a: Heatran\n|-supereffective|p1a: Heatran\n|-damage|p1a: Heatran|0 fnt\n|faint|p1a: Heatran\n|\n|-heal|p1b: Ferrothorn|100\/100|[from] item: Leftovers\n|upkeep\n|\n|t:|1698156129\n|switch|p1a: Amoonguss|Amoonguss, M|100\/100\n|switch|p2a: Great Tusk|Great Tusk, shiny|100\/100\n|-damage|p1a: Amoonguss|88\/100|[from] Stealth Rock\n|-damage|p2a: Great Tusk|98\/100|[from] Stealth Rock\n|turn|10\n|\n|t:|1698156148\n|detailschange|p2b: Charizard|Charizard-Mega-Y, F, shiny\n|-mega|p2b: Charizard|Charizard|Charizardite Y\n|-weather|SunnyDay|[from] ability: Drought|[of] p2b: Charizard\n|-activate|p2a: Great Tusk|ability: Protosynthesis\n|-start|p2a: Great Tusk|protosynthesisatk\n|move|p1b: Ferrothorn|Knock Off|p2b: Charizard\n|-damage|p2b: Charizard|41\/100\n|move|p1a: Amoonguss|Spore|p2a: Great Tusk\n|-status|p2a: Great Tusk|slp|[from] move: Spore\n|cant|p2a: Great Tusk|slp\n|move|p2b: Charizard|Fire Blast|p1b: Ferrothorn\n|-supereffective|p1b: Ferrothorn\n|-damage|p1b: Ferrothorn|0 fnt\n|faint|p1b: Ferrothorn\n|\n|-weather|SunnyDay|[upkeep]\n|-heal|p1a: Amoonguss|94\/100|[from] item: Leftovers\n|upkeep\n|turn|11\n|\n|t:|1698156170\n|move|p1a: Amoonguss|Pollen Puff|p2a: Great Tusk\n|-resisted|p2a: Great Tusk\n|-damage|p2a: Great Tusk|91\/100 slp\n|-curestatus|p2a: Great Tusk|slp|[msg]\n|move|p2a: Great Tusk|Rock Slide|p1a: Amoonguss\n|-crit|p1a: Amoonguss\n|-damage|p1a: Amoonguss|46\/100\n|move|p2b: Charizard|Fire Blast|p1a: Amoonguss\n|-supereffective|p1a: Amoonguss\n|-damage|p1a: Amoonguss|0 fnt\n|faint|p1a: Amoonguss\n|\n|win|milesforhire\n|raw|lthebest1310's rating: 1000 &rarr; <strong>1000<\/strong><br \/>(+0 for losing)\n|raw|milesforhire's rating: 1052 &rarr; <strong>1079<\/strong><br \/>(+27 for winning)\n|c|\u2606milesforhire|gg\n","uploadtime":1698156189,"views":10,"p1id":"lthebest1310","p2id":"milesforhire","formatid":"gen9nationaldexdoubles","rating":1000,"private":0,"password":""}