{"id":"gen9nationaldexdoubles-1968092299","p1":"Salfy","p2":"Delta Mna sweep","format":"[Gen 9] National Dex Doubles","log":"|j|\u2606Salfy\n|j|\u2606Delta Mna sweep\n|t:|1697383497\n|gametype|doubles\n|player|p1|Salfy|depotagent|\n|player|p2|Delta Mna sweep|janine|\n|teamsize|p1|6\n|teamsize|p2|6\n|gen|9\n|tier|[Gen 9] National Dex Doubles\n|rule|HP Percentage Mod: HP is shown in percentages\n|rule|Endless Battle Clause: Forcing endless battles is banned\n|rule|OHKO Clause: OHKO moves are banned\n|rule|Evasion Moves Clause: Evasion moves are banned\n|rule|Evasion Abilities Clause: Evasion abilities are banned\n|rule|Species Clause: Limit one of each Pok\u00e9mon\n|rule|Gravity Sleep Clause: The combination of sleep-inducing moves with imperfect accuracy and Gravity or Gigantamax Orbeetle are banned\n|clearpoke\n|poke|p1|Zapdos-Galar|\n|poke|p1|Great Tusk|\n|poke|p1|Blaziken, M|\n|poke|p1|Bewear, F|\n|poke|p1|Heracross, M|\n|poke|p1|Toxicroak, F|\n|poke|p2|Wobbuffet, F|\n|poke|p2|Chesnaught, F|\n|poke|p2|Toxicroak, F|\n|poke|p2|Zapdos-Galar|\n|poke|p2|Blaziken, F|\n|poke|p2|Mienshao, F|\n|teampreview\n|c|\u2606Salfy|glhf\n|\n|t:|1697383515\n|start\n|switch|p1a: Zapdos|Zapdos-Galar|100\/100\n|switch|p1b: Toxicroak|Toxicroak, F|100\/100\n|switch|p2a: Zapdos|Zapdos-Galar|100\/100\n|switch|p2b: Mienshao|Mienshao, F, shiny|100\/100\n|turn|1\n|c|\u2606Delta Mna sweep|glhf\n|\n|t:|1697383533\n|move|p1b: Toxicroak|Fake Out|p2a: Zapdos\n|-damage|p2a: Zapdos|89\/100\n|move|p2b: Mienshao|Fake Out|p1a: Zapdos\n|-damage|p1a: Zapdos|84\/100\n|cant|p1a: Zapdos|flinch\n|cant|p2a: Zapdos|flinch\n|\n|upkeep\n|turn|2\n|\n|t:|1697383553\n|-terastallize|p1b: Toxicroak|Poison\n|move|p2a: Zapdos|Protect|p2a: Zapdos\n|-singleturn|p2a: Zapdos|Protect\n|move|p1a: Zapdos|Brave Bird|p2b: Mienshao\n|-supereffective|p2b: Mienshao\n|-enditem|p2b: Mienshao|Focus Sash\n|-damage|p2b: Mienshao|1\/100\n|-damage|p1a: Zapdos|57\/100|[from] Recoil\n|move|p1b: Toxicroak|Sludge Wave|p2b: Mienshao|[spread] p1a,p2b\n|-activate|p2a: Zapdos|move: Protect\n|-damage|p1a: Zapdos|14\/100\n|-damage|p2b: Mienshao|0 fnt\n|faint|p2b: Mienshao\n|\n|upkeep\n|\n|t:|1697383568\n|switch|p2b: Blaziken|Blaziken, F|100\/100\n|turn|3\n|\n|t:|1697383581\n|move|p1b: Toxicroak|Protect|p1b: Toxicroak\n|-singleturn|p1b: Toxicroak|Protect\n|move|p1a: Zapdos|Brave Bird|p2a: Zapdos\n|-supereffective|p2a: Zapdos\n|-damage|p2a: Zapdos|0 fnt\n|faint|p2a: Zapdos\n|-damage|p1a: Zapdos|0 fnt|[from] Recoil\n|faint|p1a: Zapdos\n|move|p2b: Blaziken|Heat Wave|p1b: Toxicroak\n|-activate|p1b: Toxicroak|move: Protect\n|\n|-ability|p2b: Blaziken|Speed Boost|boost\n|-boost|p2b: Blaziken|spe|1\n|upkeep\n|\n|t:|1697383596\n|switch|p1a: Great Tusk|Great Tusk|100\/100\n|switch|p2a: Toxicroak|Toxicroak, F, shiny|100\/100\n|turn|4\n|\n|t:|1697383614\n|move|p2b: Blaziken|Brave Bird|p1a: Great Tusk\n|-supereffective|p1a: Great Tusk\n|-damage|p1a: Great Tusk|49\/100\n|-damage|p2b: Blaziken|84\/100|[from] item: Rocky Helmet|[of] p1a: Great Tusk\n|-damage|p2b: Blaziken|63\/100|[from] Recoil\n|move|p2a: Toxicroak|Frustration|p1a: Great Tusk\n|-damage|p1a: Great Tusk|33\/100\n|-damage|p2a: Toxicroak|84\/100|[from] item: Rocky Helmet|[of] p1a: Great Tusk\n|move|p1b: Toxicroak|Sludge Wave|p2b: Blaziken|[spread] p1a,p2a,p2b\n|-resisted|p1a: Great Tusk\n|-resisted|p2a: Toxicroak\n|-damage|p1a: Great Tusk|13\/100\n|-damage|p2a: Toxicroak|52\/100\n|-damage|p2b: Blaziken|0 fnt\n|faint|p2b: Blaziken\n|move|p1a: Great Tusk|Headlong Rush|p2a: Toxicroak\n|-supereffective|p2a: Toxicroak\n|-damage|p2a: Toxicroak|0 fnt\n|-unboost|p1a: Great Tusk|def|1\n|-unboost|p1a: Great Tusk|spd|1\n|faint|p2a: Toxicroak\n|\n|upkeep\n|\n|t:|1697383633\n|switch|p2a: Wobbuffet|Wobbuffet, F|100\/100\n|switch|p2b: Chesnaught|Chesnaught, F, shiny|100\/100\n|-item|p2a: Wobbuffet|Air Balloon\n|turn|5\n|c|\u2606Salfy|It's kinda funny how much poison slydge wave toxicroak shreds through\n|\n|t:|1697383661\n|move|p1b: Toxicroak|Sludge Wave|p2b: Chesnaught|[spread] p1a,p2a,p2b\n|-resisted|p1a: Great Tusk\n|-supereffective|p2b: Chesnaught\n|-damage|p1a: Great Tusk|0 fnt\n|-damage|p2a: Wobbuffet|70\/100\n|-damage|p2b: Chesnaught|18\/100\n|-enditem|p2a: Wobbuffet|Air Balloon\n|faint|p1a: Great Tusk\n|-end|p1a: Great Tusk|Protosynthesis|[silent]\n|move|p2b: Chesnaught|Iron Defense|p2b: Chesnaught\n|-boost|p2b: Chesnaught|def|2\n|move|p2a: Wobbuffet|Destiny Bond|p2a: Wobbuffet\n|-singlemove|p2a: Wobbuffet|Destiny Bond\n|\n|-heal|p2b: Chesnaught|24\/100|[from] item: Leftovers\n|upkeep\n|\n|t:|1697383668\n|switch|p1a: Blaziken|Blaziken, M|100\/100\n|turn|6\n|\n|t:|1697383678\n|detailschange|p1a: Blaziken|Blaziken-Mega, M\n|-mega|p1a: Blaziken|Blaziken|Blazikenite\n|move|p1a: Blaziken|Protect|p1a: Blaziken\n|-singleturn|p1a: Blaziken|Protect\n|move|p2b: Chesnaught|Spiky Shield|p2b: Chesnaught\n|-singleturn|p2b: Chesnaught|move: Protect\n|move|p1b: Toxicroak|Sludge Wave|p2a: Wobbuffet|[spread] p2a\n|-activate|p1a: Blaziken|move: Protect\n|-activate|p2b: Chesnaught|move: Protect\n|-damage|p2a: Wobbuffet|35\/100\n|move|p2a: Wobbuffet|Charm|p1a: Blaziken\n|-activate|p1a: Blaziken|move: Protect\n|\n|-heal|p2b: Chesnaught|30\/100|[from] item: Leftovers\n|-ability|p1a: Blaziken|Speed Boost|boost\n|-boost|p1a: Blaziken|spe|1\n|upkeep\n|turn|7\n|\n|t:|1697383707\n|move|p1a: Blaziken|Flare Blitz|p2a: Wobbuffet\n|-damage|p2a: Wobbuffet|0 fnt\n|faint|p2a: Wobbuffet\n|-damage|p1a: Blaziken|78\/100|[from] Recoil\n|move|p1b: Toxicroak|Sludge Wave|p2b: Chesnaught|[spread] p1a,p2b\n|-supereffective|p2b: Chesnaught\n|-damage|p1a: Blaziken|26\/100\n|-damage|p2b: Chesnaught|0 fnt\n|faint|p2b: Chesnaught\n|\n|win|Salfy\n|c|\u2606Salfy|gg delta\n|c|\u2606Delta Mna sweep|aa\n","uploadtime":1697383716,"views":9,"p1id":"salfy","p2id":"deltamnasweep","formatid":"gen9nationaldexdoubles","rating":0,"private":0,"password":""}