{"id":"gen9nationaldexdoubles-1982179617","p1":"BiniJJ","p2":"ERBESTIONE","format":"[Gen 9] National Dex Doubles","log":"|j|\u2606BiniJJ\n|j|\u2606ERBESTIONE\n|t:|1698976172\n|gametype|doubles\n|player|p1|BiniJJ|burglar|1074\n|player|p2|ERBESTIONE|pokemaniac|1129\n|teamsize|p1|6\n|teamsize|p2|5\n|gen|9\n|tier|[Gen 9] National Dex Doubles\n|rated|\n|rule|HP Percentage Mod: HP is shown in percentages\n|rule|Endless Battle Clause: Forcing endless battles is banned\n|rule|OHKO Clause: OHKO moves are banned\n|rule|Evasion Moves Clause: Evasion moves are banned\n|rule|Evasion Abilities Clause: Evasion abilities are banned\n|rule|Species Clause: Limit one of each Pok\u00e9mon\n|rule|Gravity Sleep Clause: The combination of sleep-inducing moves with imperfect accuracy and Gravity or Gigantamax Orbeetle are banned\n|clearpoke\n|poke|p1|Toxicroak, F|\n|poke|p1|Starmie|\n|poke|p1|Gliscor, M|\n|poke|p1|Bouffalant, M|\n|poke|p1|Pelipper, M|\n|poke|p1|Skarmory, M|\n|poke|p2|Slowking-Galar, M|\n|poke|p2|Greninja-*, F|\n|poke|p2|Sinistcha|\n|poke|p2|Dondozo, F|\n|poke|p2|Chi-Yu|\n|teampreview\n|\n|t:|1698976274\n|start\n|switch|p1a: Pelipper|Pelipper, M|100\/100\n|switch|p1b: Toxicroak|Toxicroak, F|100\/100\n|switch|p2a: Dondozo|Dondozo, F|100\/100\n|switch|p2b: Greninja|Greninja, F|100\/100\n|-weather|RainDance|[from] ability: Drizzle|[of] p1a: Pelipper\n|turn|1\n|\n|t:|1698976290\n|move|p1b: Toxicroak|Fake Out|p2b: Greninja\n|-damage|p2b: Greninja|77\/100\n|-damage|p1b: Toxicroak|91\/100|[from] item: Life Orb\n|cant|p2b: Greninja|flinch\n|move|p1a: Pelipper|Tailwind|p1a: Pelipper\n|-sidestart|p1: BiniJJ|move: Tailwind\n|move|p2a: Dondozo|Tickle|p1b: Toxicroak\n|-unboost|p1b: Toxicroak|atk|1\n|-unboost|p1b: Toxicroak|def|1\n|\n|-weather|RainDance|[upkeep]\n|-heal|p1b: Toxicroak|100\/100|[from] ability: Dry Skin\n|upkeep\n|turn|2\n|\n|t:|1698976314\n|move|p1a: Pelipper|Wide Guard|p1a: Pelipper\n|-singleturn|p1a: Pelipper|Wide Guard\n|move|p1b: Toxicroak|Drain Punch|p2b: Greninja\n|-supereffective|p2b: Greninja\n|-damage|p2b: Greninja|0 fnt\n|faint|p2b: Greninja\n|-damage|p1b: Toxicroak|91\/100|[from] item: Life Orb\n|move|p2a: Dondozo|Waterfall|p1a: Pelipper\n|-resisted|p1a: Pelipper\n|-damage|p1a: Pelipper|81\/100\n|\n|-weather|RainDance|[upkeep]\n|-heal|p1b: Toxicroak|100\/100|[from] ability: Dry Skin\n|upkeep\n|\n|t:|1698976332\n|switch|p2b: Slowking|Slowking-Galar, M|100\/100\n|-clearboost|p2a: Dondozo|[from] ability: Curious Medicine|[of] p2b: Slowking\n|turn|3\n|\n|t:|1698976358\n|switch|p1b: Bouffalant|Bouffalant, M|100\/100\n|move|p1a: Pelipper|Wide Guard|p1a: Pelipper\n|-singleturn|p1a: Pelipper|Wide Guard\n|move|p2a: Dondozo|Yawn|p1b: Bouffalant\n|-start|p1b: Bouffalant|move: Yawn|[of] p2a: Dondozo\n|move|p2b: Slowking|Sludge Wave|p1b: Bouffalant|[spread] p2a\n|-activate|p1a: Pelipper|move: Wide Guard\n|-activate|p1b: Bouffalant|move: Wide Guard\n|-damage|p2a: Dondozo|77\/100\n|\n|-weather|RainDance|[upkeep]\n|-heal|p2a: Dondozo|83\/100|[from] item: Leftovers\n|upkeep\n|turn|4\n|\n|t:|1698976386\n|switch|p1b: Starmie|Starmie|100\/100\n|move|p1a: Pelipper|Wide Guard|p1a: Pelipper\n|-singleturn|p1a: Pelipper|Wide Guard\n|move|p2a: Dondozo|Tickle|p1a: Pelipper\n|-unboost|p1a: Pelipper|atk|1\n|-unboost|p1a: Pelipper|def|1\n|move|p2b: Slowking|Eerie Spell|p1a: Pelipper\n|-damage|p1a: Pelipper|37\/100\n|-activate|p1a: Pelipper|move: Eerie Spell|Wide Guard|3\n|\n|-weather|RainDance|[upkeep]\n|-heal|p2a: Dondozo|89\/100|[from] item: Leftovers\n|-sideend|p1: BiniJJ|move: Tailwind\n|upkeep\n|turn|5\n|\n|t:|1698976420\n|move|p1b: Starmie|Thunderbolt|p2a: Dondozo\n|-supereffective|p2a: Dondozo\n|-damage|p2a: Dondozo|41\/100\n|-status|p2a: Dondozo|par\n|-damage|p1b: Starmie|91\/100|[from] item: Life Orb\n|move|p1a: Pelipper|Tailwind|p1a: Pelipper\n|-sidestart|p1: BiniJJ|move: Tailwind\n|move|p2b: Slowking|Sludge Wave|p1a: Pelipper|[spread] p2a,p1a,p1b\n|-crit|p2a: Dondozo\n|-damage|p2a: Dondozo|6\/100 par\n|-damage|p1a: Pelipper|0 fnt\n|-damage|p1b: Starmie|33\/100\n|faint|p1a: Pelipper\n|cant|p2a: Dondozo|par\n|\n|-weather|RainDance|[upkeep]\n|-heal|p2a: Dondozo|12\/100 par|[from] item: Leftovers\n|upkeep\n|\n|t:|1698976457\n|switch|p1a: Toxicroak|Toxicroak, F|100\/100\n|turn|6\n|\n|t:|1698976467\n|switch|p2b: LucarioLikesLemons|Sinistcha|100\/100\n|-heal|p2a: Dondozo|37\/100 par|[from] ability: Hospitality|[of] p2b: LucarioLikesLemons\n|move|p2a: Dondozo|Protect|p2a: Dondozo\n|-singleturn|p2a: Dondozo|Protect\n|move|p1a: Toxicroak|Fake Out|p2a: Dondozo\n|-activate|p2a: Dondozo|move: Protect\n|move|p1b: Starmie|Thunderbolt|p2b: LucarioLikesLemons\n|-resisted|p2b: LucarioLikesLemons\n|-damage|p2b: LucarioLikesLemons|77\/100\n|-damage|p1b: Starmie|23\/100|[from] item: Life Orb\n|\n|-weather|RainDance|[upkeep]\n|-heal|p2b: LucarioLikesLemons|83\/100|[from] item: Leftovers\n|-heal|p2a: Dondozo|43\/100 par|[from] item: Leftovers\n|upkeep\n|turn|7\n|\n|t:|1698976494\n|switch|p2a: Slowking|Slowking-Galar, M|100\/100\n|-clearboost|p2b: LucarioLikesLemons|[from] ability: Curious Medicine|[of] p2a: Slowking\n|-terastallize|p2b: LucarioLikesLemons|Fire\n|move|p1b: Starmie|Ice Beam|p2b: LucarioLikesLemons\n|-resisted|p2b: LucarioLikesLemons\n|-damage|p2b: LucarioLikesLemons|63\/100\n|-damage|p1b: Starmie|13\/100|[from] item: Life Orb\n|move|p1a: Toxicroak|Ice Punch|p2b: LucarioLikesLemons\n|-resisted|p2b: LucarioLikesLemons\n|-damage|p2b: LucarioLikesLemons|52\/100\n|-damage|p1a: Toxicroak|91\/100|[from] item: Life Orb\n|move|p2b: LucarioLikesLemons|Matcha Gotcha|p1b: Starmie|[spread] p1a\n|-miss|p2b: LucarioLikesLemons|p1b: Starmie\n|-resisted|p1a: Toxicroak\n|-damage|p1a: Toxicroak|73\/100\n|-heal|p2b: LucarioLikesLemons|61\/100|[from] drain|[of] p1a: Toxicroak\n|\n|-weather|RainDance|[upkeep]\n|-heal|p1a: Toxicroak|85\/100|[from] ability: Dry Skin\n|-heal|p2b: LucarioLikesLemons|67\/100|[from] item: Leftovers\n|upkeep\n|turn|8\n|\n|t:|1698976520\n|switch|p2b: Dondozo|Dondozo, F|43\/100 par\n|move|p1b: Starmie|Scald|p2b: Dondozo\n|-resisted|p2b: Dondozo\n|-damage|p2b: Dondozo|18\/100 par\n|-damage|p1b: Starmie|3\/100|[from] item: Life Orb\n|move|p1a: Toxicroak|Drain Punch|p2b: Dondozo\n|-damage|p2b: Dondozo|0 fnt\n|-heal|p1a: Toxicroak|99\/100|[from] drain|[of] p2b: Dondozo\n|faint|p2b: Dondozo\n|-damage|p1a: Toxicroak|89\/100|[from] item: Life Orb\n|move|p2a: Slowking|Eerie Spell|p1b: Starmie\n|-resisted|p1b: Starmie\n|-damage|p1b: Starmie|0 fnt\n|faint|p1b: Starmie\n|\n|-weather|none\n|-sideend|p1: BiniJJ|move: Tailwind\n|upkeep\n|\n|t:|1698976542\n|switch|p1b: Bouffalant|Bouffalant, M|100\/100\n|switch|p2b: Chi-Yu|Chi-Yu|100\/100\n|-ability|p2b: Chi-Yu|Beads of Ruin\n|turn|9\n|\n|t:|1698976564\n|switch|p2a: LucarioLikesLemons|Sinistcha, tera:Fire|67\/100\n|move|p2b: Chi-Yu|Overheat|p1a: Toxicroak\n|-damage|p1a: Toxicroak|0 fnt\n|-unboost|p2b: Chi-Yu|spa|2\n|faint|p1a: Toxicroak\n|move|p1b: Bouffalant|Head Charge|p2a: LucarioLikesLemons\n|-damage|p2a: LucarioLikesLemons|17\/100\n|-damage|p1b: Bouffalant|91\/100|[from] Recoil\n|\n|-heal|p2a: LucarioLikesLemons|23\/100|[from] item: Leftovers\n|upkeep\n|\n|t:|1698976581\n|switch|p1a: Gliscor|Gliscor, M|100\/100\n|turn|10\n|\n|t:|1698976587\n|switch|p2a: Slowking|Slowking-Galar, M|100\/100\n|-clearboost|p2b: Chi-Yu|[from] ability: Curious Medicine|[of] p2a: Slowking\n|switch|p1b: Skarmory|Skarmory, M|100\/100\n|move|p2b: Chi-Yu|Overheat|p1b: Skarmory\n|-supereffective|p1b: Skarmory\n|-ability|p1b: Skarmory|Sturdy\n|-damage|p1b: Skarmory|1\/100\n|-unboost|p2b: Chi-Yu|spa|2\n|move|p1a: Gliscor|Earthquake|p2a: Slowking|[spread] p2a,p2b\n|-immune|p1b: Skarmory\n|-supereffective|p2a: Slowking\n|-supereffective|p2b: Chi-Yu\n|-damage|p2a: Slowking|49\/100\n|-damage|p2b: Chi-Yu|9\/100\n|\n|-status|p1a: Gliscor|tox|[from] item: Toxic Orb\n|upkeep\n|turn|11\n|\n|t:|1698976609\n|move|p1b: Skarmory|Protect|p1b: Skarmory\n|-singleturn|p1b: Skarmory|Protect\n|move|p2b: Chi-Yu|Overheat|p1a: Gliscor\n|-damage|p1a: Gliscor|17\/100 tox\n|-unboost|p2b: Chi-Yu|spa|2\n|move|p1a: Gliscor|Earthquake|p2b: Chi-Yu|[spread] p2a,p2b\n|-activate|p1b: Skarmory|move: Protect\n|-supereffective|p2a: Slowking\n|-supereffective|p2b: Chi-Yu\n|-damage|p2a: Slowking|1\/100\n|-damage|p2b: Chi-Yu|0 fnt\n|faint|p2b: Chi-Yu\n|move|p2a: Slowking|Scald|p1a: Gliscor\n|-supereffective|p1a: Gliscor\n|-damage|p1a: Gliscor|0 fnt\n|faint|p1a: Gliscor\n|\n|upkeep\n|\n|t:|1698976624\n|switch|p2b: LucarioLikesLemons|Sinistcha, tera:Fire|23\/100\n|switch|p1a: Bouffalant|Bouffalant, M|91\/100\n|-heal|p2a: Slowking|26\/100|[from] ability: Hospitality|[of] p2b: LucarioLikesLemons\n|turn|12\n|\n|t:|1698976640\n|move|p1b: Skarmory|Tailwind|p1b: Skarmory\n|-sidestart|p1: BiniJJ|move: Tailwind\n|move|p1a: Bouffalant|Earthquake|p2b: LucarioLikesLemons|[spread] p2a,p2b\n|-immune|p1b: Skarmory\n|-supereffective|p2a: Slowking\n|-supereffective|p2b: LucarioLikesLemons\n|-damage|p2a: Slowking|0 fnt\n|-damage|p2b: LucarioLikesLemons|0 fnt\n|faint|p2a: Slowking\n|faint|p2b: LucarioLikesLemons\n|\n|win|BiniJJ\n|raw|BiniJJ's rating: 1031 &rarr; <strong>1076<\/strong><br \/>(+45 for winning)\n|raw|ERBESTIONE's rating: 1129 &rarr; <strong>1097<\/strong><br \/>(-32 for losing)\n","uploadtime":1698976648,"views":8,"p1id":"binijj","p2id":"erbestione","formatid":"gen9nationaldexdoubles","rating":1076,"private":0,"password":""}