{"id":"gen9nationaldexdoubles-1970080769","p1":"SuperToad916","p2":"LightningLucario","format":"[Gen 9] National Dex Doubles","log":"|j|\u2606SuperToad916\n|j|\u2606LightningLucario\n|t:|1697592165\n|gametype|doubles\n|player|p1|SuperToad916|170|\n|player|p2|LightningLucario|101|\n|teamsize|p1|6\n|teamsize|p2|6\n|gen|9\n|tier|[Gen 9] National Dex Doubles\n|rule|HP Percentage Mod: HP is shown in percentages\n|rule|Endless Battle Clause: Forcing endless battles is banned\n|rule|OHKO Clause: OHKO moves are banned\n|rule|Evasion Moves Clause: Evasion moves are banned\n|rule|Evasion Abilities Clause: Evasion abilities are banned\n|rule|Species Clause: Limit one of each Pok\u00e9mon\n|rule|Gravity Sleep Clause: The combination of sleep-inducing moves with imperfect accuracy and Gravity or Gigantamax Orbeetle are banned\n|clearpoke\n|poke|p1|Flutter Mane|\n|poke|p1|Jumpluff, F|\n|poke|p1|Lilligant-Hisui, F|\n|poke|p1|Entei|\n|poke|p1|Walking Wake|\n|poke|p1|Charizard, M|\n|poke|p2|Tapu Fini|\n|poke|p2|Latios, M|\n|poke|p2|Whimsicott, F|\n|poke|p2|Kyurem|\n|poke|p2|Togekiss, M|\n|poke|p2|Rotom-Heat|\n|teampreview\n|j| tomciv20\n|j| CluelessGamer18\n|j| lethalpilot\n|j| JJ22FTW\n|\n|t:|1697592193\n|start\n|switch|p1a: CHARIZARD EX|Charizard, M, shiny|100\/100\n|switch|p1b: ??? NO DAMAGE|Flutter Mane|100\/100\n|switch|p2a: Whimsical Cotten|Whimsicott, F|100\/100\n|switch|p2b: Da Fckin Toaster!|Rotom-Heat|100\/100\n|turn|1\n|\n|t:|1697592225\n|detailschange|p1a: CHARIZARD EX|Charizard-Mega-Y, M, shiny\n|-mega|p1a: CHARIZARD EX|Charizard|Charizardite Y\n|-weather|SunnyDay|[from] ability: Drought|[of] p1a: CHARIZARD EX\n|-activate|p1b: ??? NO DAMAGE|ability: Protosynthesis\n|-start|p1b: ??? NO DAMAGE|protosynthesisspa\n|move|p1a: CHARIZARD EX|Protect|p1a: CHARIZARD EX\n|-singleturn|p1a: CHARIZARD EX|Protect\n|move|p2a: Whimsical Cotten|Tailwind|p2a: Whimsical Cotten\n|-sidestart|p2: LightningLucario|move: Tailwind\n|move|p2b: Da Fckin Toaster!|Light Screen|p2b: Da Fckin Toaster!\n|-sidestart|p2: LightningLucario|move: Light Screen\n|move|p1b: ??? NO DAMAGE|Mystical Fire|p2a: Whimsical Cotten\n|-supereffective|p2a: Whimsical Cotten\n|-enditem|p2a: Whimsical Cotten|Focus Sash\n|-damage|p2a: Whimsical Cotten|1\/100\n|-unboost|p2a: Whimsical Cotten|spa|1\n|\n|-weather|SunnyDay|[upkeep]\n|upkeep\n|turn|2\n|l|\u2606LightningLucario\n|player|p2|\n|j|\u2606LightningLucario\n|player|p2|LightningLucario|101\n|\n|t:|1697592277\n|switch|p1a: Groundon|Entei, shiny|100\/100\n|move|p2a: Whimsical Cotten|Encore||[still]\n|-fail|p2a: Whimsical Cotten\n|move|p2b: Da Fckin Toaster!|Reflect|p2b: Da Fckin Toaster!\n|-sidestart|p2: LightningLucario|Reflect\n|move|p1b: ??? NO DAMAGE|Dazzling Gleam|p2a: Whimsical Cotten|[spread] p2a,p2b\n|-resisted|p2b: Da Fckin Toaster!\n|-damage|p2a: Whimsical Cotten|0 fnt\n|-damage|p2b: Da Fckin Toaster!|85\/100\n|faint|p2a: Whimsical Cotten\n|\n|-weather|SunnyDay|[upkeep]\n|upkeep\n|\n|t:|1697592290\n|switch|p2a: Pupu Platter|Tapu Fini|100\/100\n|-fieldstart|move: Misty Terrain|[from] ability: Misty Surge|[of] p2a: Pupu Platter\n|turn|3\n|\n|t:|1697592322\n|move|p2b: Da Fckin Toaster!|Volt Switch|p1a: Groundon\n|-damage|p1a: Groundon|72\/100\n|\n|t:|1697592330\n|switch|p2b: Osama|Latios, M|100\/100|[from] Volt Switch\n|move|p2a: Pupu Platter|Muddy Water|p1a: Groundon|[spread] \n|-miss|p2a: Pupu Platter|p1a: Groundon\n|-miss|p2a: Pupu Platter|p1b: ??? NO DAMAGE\n|move|p1a: Groundon|Stone Edge|p2b: Osama\n|-damage|p2b: Osama|70\/100\n|move|p1b: ??? NO DAMAGE|Thunderbolt|p2a: Pupu Platter\n|-supereffective|p2a: Pupu Platter\n|-damage|p2a: Pupu Platter|55\/100\n|\n|-weather|SunnyDay|[upkeep]\n|-heal|p2a: Pupu Platter|62\/100|[from] item: Leftovers\n|upkeep\n|turn|4\n|\n|t:|1697592375\n|switch|p1a: Carcinogen|Jumpluff, F, shiny|100\/100\n|detailschange|p2b: Osama|Latios-Mega, M\n|-mega|p2b: Osama|Latios|Latiosite\n|move|p2b: Osama|Psychic|p1b: ??? NO DAMAGE\n|-crit|p1b: ??? NO DAMAGE\n|-damage|p1b: ??? NO DAMAGE|55\/100\n|move|p2a: Pupu Platter|Muddy Water|p1b: ??? NO DAMAGE|[spread] p1a,p1b\n|-resisted|p1a: Carcinogen\n|-damage|p1a: Carcinogen|96\/100\n|-damage|p1b: ??? NO DAMAGE|48\/100\n|-unboost|p1b: ??? NO DAMAGE|accuracy|1\n|move|p1b: ??? NO DAMAGE|Dazzling Gleam|p2b: Osama|[spread] p2b\n|-miss|p1b: ??? NO DAMAGE|p2a: Pupu Platter\n|-supereffective|p2b: Osama\n|-damage|p2b: Osama|7\/100\n|\n|-weather|SunnyDay|[upkeep]\n|-heal|p1a: Carcinogen|100\/100|[from] item: Leftovers\n|-heal|p2a: Pupu Platter|68\/100|[from] item: Leftovers\n|-sideend|p2: LightningLucario|move: Tailwind\n|upkeep\n|turn|5\n|\n|t:|1697592449\n|move|p1a: Carcinogen|Leech Seed|p2a: Pupu Platter|[miss]\n|-miss|p1a: Carcinogen|p2a: Pupu Platter\n|move|p2b: Osama|Ice Beam|p1a: Carcinogen\n|-supereffective|p1a: Carcinogen\n|-damage|p1a: Carcinogen|0 fnt\n|faint|p1a: Carcinogen\n|move|p1b: ??? NO DAMAGE|Dazzling Gleam|p2a: Pupu Platter|[spread] p2a,p2b\n|-supereffective|p2b: Osama\n|-crit|p2b: Osama\n|-damage|p2a: Pupu Platter|42\/100\n|-damage|p2b: Osama|0 fnt\n|faint|p2b: Osama\n|move|p2a: Pupu Platter|Calm Mind|p2a: Pupu Platter\n|-boost|p2a: Pupu Platter|spa|1\n|-boost|p2a: Pupu Platter|spd|1\n|\n|-weather|none\n|-end|p1b: ??? NO DAMAGE|Protosynthesis\n|-heal|p2a: Pupu Platter|48\/100|[from] item: Leftovers\n|upkeep\n|\n|t:|1697592467\n|switch|p2b: Mr. Flinch|Togekiss, M|100\/100\n|switch|p1a: CHARIZARD EX|Charizard-Mega-Y, M, shiny|100\/100\n|-weather|SunnyDay|[from] ability: Drought|[of] p1a: CHARIZARD EX\n|-activate|p1b: ??? NO DAMAGE|ability: Protosynthesis\n|-start|p1b: ??? NO DAMAGE|protosynthesisspa\n|turn|6\n|\n|t:|1697592515\n|move|p1a: CHARIZARD EX|Protect|p1a: CHARIZARD EX\n|-singleturn|p1a: CHARIZARD EX|Protect\n|move|p1b: ??? NO DAMAGE|Thunderbolt|p2a: Pupu Platter|[miss]\n|-miss|p1b: ??? NO DAMAGE|p2a: Pupu Platter\n|move|p2b: Mr. Flinch|Air Slash|p1b: ??? NO DAMAGE\n|-damage|p1b: ??? NO DAMAGE|31\/100\n|move|p2a: Pupu Platter|Muddy Water|p1a: CHARIZARD EX|[spread] p1b\n|-activate|p1a: CHARIZARD EX|move: Protect\n|-damage|p1b: ??? NO DAMAGE|20\/100\n|\n|-weather|SunnyDay|[upkeep]\n|-heal|p2a: Pupu Platter|55\/100|[from] item: Leftovers\n|upkeep\n|turn|7\n|\n|t:|1697592551\n|move|p1b: ??? NO DAMAGE|Thunderbolt|p2a: Pupu Platter\n|-supereffective|p2a: Pupu Platter\n|-damage|p2a: Pupu Platter|24\/100\n|move|p2b: Mr. Flinch|Air Slash|p1b: ??? NO DAMAGE\n|-damage|p1b: ??? NO DAMAGE|2\/100\n|move|p1a: CHARIZARD EX|Solar Beam||[still]\n|-prepare|p1a: CHARIZARD EX|Solar Beam\n|-anim|p1a: CHARIZARD EX|Solar Beam|p2a: Pupu Platter\n|-supereffective|p2a: Pupu Platter\n|-damage|p2a: Pupu Platter|0 fnt\n|faint|p2a: Pupu Platter\n|\n|-weather|SunnyDay|[upkeep]\n|-fieldend|Misty Terrain\n|upkeep\n|\n|t:|1697592568\n|switch|p2a: Da Fckin Toaster!|Rotom-Heat|85\/100\n|turn|8\n|\n|t:|1697592641\n|-end|p1b: ??? NO DAMAGE|Protosynthesis|[silent]\n|switch|p1b: Groundon|Entei, shiny|72\/100\n|move|p2b: Mr. Flinch|Air Slash|p1b: Groundon\n|-damage|p1b: Groundon|37\/100\n|move|p1a: CHARIZARD EX|Heat Wave|p2a: Da Fckin Toaster!|[spread] p2a,p2b\n|-resisted|p2a: Da Fckin Toaster!\n|-damage|p2a: Da Fckin Toaster!|65\/100\n|-damage|p2b: Mr. Flinch|67\/100\n|move|p2a: Da Fckin Toaster!|Light Screen||[still]\n|-fail|p2a: Da Fckin Toaster!\n|\n|-weather|SunnyDay|[upkeep]\n|-sideend|p2: LightningLucario|move: Light Screen\n|upkeep\n|turn|9\n|\n|t:|1697592689\n|move|p1b: Groundon|Extreme Speed|p2b: Mr. Flinch\n|-damage|p2b: Mr. Flinch|50\/100\n|move|p2b: Mr. Flinch|Air Slash|p1a: CHARIZARD EX\n|-damage|p1a: CHARIZARD EX|75\/100\n|cant|p1a: CHARIZARD EX|flinch\n|move|p2a: Da Fckin Toaster!|Volt Switch|p1a: CHARIZARD EX\n|-supereffective|p1a: CHARIZARD EX\n|-damage|p1a: CHARIZARD EX|35\/100\n|\n|t:|1697592699\n|switch|p2a: Kiryn|Kyurem|100\/100|[from] Volt Switch\n|-ability|p2a: Kiryn|Pressure\n|\n|-weather|SunnyDay|[upkeep]\n|-sideend|p2: LightningLucario|Reflect\n|upkeep\n|turn|10\n|\n|t:|1697592776\n|switch|p1a: Running Rake|Walking Wake|100\/100\n|-activate|p1a: Running Rake|ability: Protosynthesis\n|-start|p1a: Running Rake|protosynthesisspa\n|-terastallize|p2a: Kiryn|Ghost\n|move|p1b: Groundon|Stone Edge|p2b: Mr. Flinch\n|-supereffective|p2b: Mr. Flinch\n|-damage|p2b: Mr. Flinch|0 fnt\n|faint|p2b: Mr. Flinch\n|move|p2a: Kiryn|Earth Power|p1b: Groundon\n|-supereffective|p1b: Groundon\n|-damage|p1b: Groundon|0 fnt\n|faint|p1b: Groundon\n|\n|-weather|none\n|-end|p1a: Running Rake|Protosynthesis\n|upkeep\n|\n|t:|1697592790\n|switch|p1b: CHARIZARD EX|Charizard-Mega-Y, M, shiny|35\/100\n|switch|p2b: Da Fckin Toaster!|Rotom-Heat|65\/100\n|-weather|SunnyDay|[from] ability: Drought|[of] p1b: CHARIZARD EX\n|-activate|p1a: Running Rake|ability: Protosynthesis\n|-start|p1a: Running Rake|protosynthesisspa\n|turn|11\n|\n|t:|1697592836\n|-terastallize|p1a: Running Rake|Grass\n|move|p1b: CHARIZARD EX|Protect|p1b: CHARIZARD EX\n|-singleturn|p1b: CHARIZARD EX|Protect\n|move|p1a: Running Rake|Hydro Steam|p2b: Da Fckin Toaster!\n|-supereffective|p2b: Da Fckin Toaster!\n|-damage|p2b: Da Fckin Toaster!|0 fnt\n|faint|p2b: Da Fckin Toaster!\n|-damage|p1a: Running Rake|91\/100|[from] item: Life Orb\n|move|p2a: Kiryn|Freeze-Dry|p1a: Running Rake\n|-supereffective|p1a: Running Rake\n|-damage|p1a: Running Rake|0 fnt\n|faint|p1a: Running Rake\n|-end|p1a: Running Rake|Protosynthesis|[silent]\n|\n|-weather|SunnyDay|[upkeep]\n|upkeep\n|\n|t:|1697592863\n|switch|p1a: ??? NO DAMAGE|Flutter Mane|2\/100\n|-activate|p1a: ??? NO DAMAGE|ability: Protosynthesis\n|-start|p1a: ??? NO DAMAGE|protosynthesisspa\n|turn|12\n|\n|t:|1697592891\n|move|p1a: ??? NO DAMAGE|Shadow Ball|p2a: Kiryn\n|-supereffective|p2a: Kiryn\n|-damage|p2a: Kiryn|0 fnt\n|faint|p2a: Kiryn\n|\n|win|SuperToad916\n|l|\u2606LightningLucario\n|l| lethalpilot\n","uploadtime":1697592905,"views":10,"p1id":"supertoad916","p2id":"lightninglucario","formatid":"gen9nationaldexdoubles","rating":0,"private":0,"password":""}