{"id":"gen9nationaldexdoubles-1993958037","p1":"NoseHairs420","p2":"Weatherfan","format":"[Gen 9] National Dex Doubles","log":"|j|\u2606NoseHairs420\n|j|\u2606Weatherfan\n|t:|1700382771\n|gametype|doubles\n|player|p1|NoseHairs420|drayden|\n|player|p2|Weatherfan|argenta|\n|teamsize|p1|6\n|teamsize|p2|6\n|gen|9\n|tier|[Gen 9] National Dex Doubles\n|rule|HP Percentage Mod: HP is shown in percentages\n|rule|Endless Battle Clause: Forcing endless battles is banned\n|rule|OHKO Clause: OHKO moves are banned\n|rule|Evasion Moves Clause: Evasion moves are banned\n|rule|Evasion Abilities Clause: Evasion abilities are banned\n|rule|Species Clause: Limit one of each Pok\u00e9mon\n|rule|Gravity Sleep Clause: The combination of sleep-inducing moves with imperfect accuracy and Gravity or Gigantamax Orbeetle are banned\n|clearpoke\n|poke|p1|Kartana|\n|poke|p1|Kommo-o, F|\n|poke|p1|Gardevoir, F|\n|poke|p1|Ogerpon-Hearthflame, F|\n|poke|p1|Ursaluna-Bloodmoon, M|\n|poke|p1|Landorus-Therian, M|\n|poke|p2|Landorus-Therian, M|\n|poke|p2|Kingambit, F|\n|poke|p2|Iron Hands|\n|poke|p2|Cresselia, F|\n|poke|p2|Kommo-o, F|\n|poke|p2|Amoonguss, F|\n|teampreview\n|inactive|Battle timer is ON: inactive players will automatically lose when time's up. (requested by NoseHairs420)\n|\n|t:|1700382781\n|start\n|switch|p1a: Hikari|Kartana, shiny|100\/100\n|switch|p1b: Therion|Landorus-Therian, M|100\/100\n|switch|p2a: Landorus|Landorus-Therian, M|100\/100\n|switch|p2b: Iron Hands|Iron Hands|100\/100\n|-ability|p1b: Therion|Intimidate|boost\n|-unboost|p2a: Landorus|atk|1\n|-unboost|p2b: Iron Hands|atk|1\n|-ability|p2a: Landorus|Intimidate|boost\n|-unboost|p1a: Hikari|atk|1\n|-unboost|p1b: Therion|atk|1\n|turn|1\n|\n|t:|1700382803\n|move|p2b: Iron Hands|Fake Out|p1a: Hikari\n|-resisted|p1a: Hikari\n|-damage|p1a: Hikari|95\/100\n|cant|p1a: Hikari|flinch\n|move|p1b: Therion|Knock Off|p2a: Landorus\n|-damage|p2a: Landorus|77\/100\n|-enditem|p2a: Landorus|Safety Goggles|[from] move: Knock Off|[of] p1b: Therion\n|move|p2a: Landorus|Toxic|p1b: Therion\n|-status|p1b: Therion|tox\n|\n|-damage|p1b: Therion|95\/100 tox|[from] psn\n|upkeep\n|turn|2\n|\n|t:|1700382819\n|move|p1a: Hikari|Tailwind|p1a: Hikari\n|-sidestart|p1: NoseHairs420|move: Tailwind\n|move|p1b: Therion|U-turn|p2a: Landorus\n|-resisted|p2a: Landorus\n|-damage|p2a: Landorus|69\/100\n|\n|t:|1700382831\n|switch|p1b: Point of the Mask|Ogerpon-Hearthflame, F|100\/100|[from] U-turn\n|-ability|p1b: Point of the Mask|Mold Breaker\n|move|p2a: Landorus|Stealth Rock|p1a: Hikari\n|-sidestart|p1: NoseHairs420|move: Stealth Rock\n|move|p2b: Iron Hands|Close Combat|p1a: Hikari\n|-supereffective|p1a: Hikari\n|-damage|p1a: Hikari|0 fnt\n|-unboost|p2b: Iron Hands|def|1\n|-unboost|p2b: Iron Hands|spd|1\n|faint|p1a: Hikari\n|\n|upkeep\n|\n|t:|1700382838\n|switch|p1a: Therion|Landorus-Therian, M|95\/100 tox\n|-damage|p1a: Therion|82\/100 tox|[from] Stealth Rock\n|-ability|p1a: Therion|Intimidate|boost\n|-unboost|p2a: Landorus|atk|1\n|-unboost|p2b: Iron Hands|atk|1\n|turn|3\n|\n|t:|1700382855\n|switch|p2a: Amoonguss|Amoonguss, F|100\/100\n|move|p1b: Point of the Mask|Ivy Cudgel|p2b: Iron Hands|[anim] Ivy Cudgel Fire\n|-damage|p2b: Iron Hands|36\/100\n|move|p1a: Therion|Rock Slide|p2a: Amoonguss|[spread] p2a,p2b\n|-resisted|p2b: Iron Hands\n|-damage|p2a: Amoonguss|78\/100\n|-damage|p2b: Iron Hands|24\/100\n|move|p2b: Iron Hands|Ice Punch|p1a: Therion\n|-supereffective|p1a: Therion\n|-damage|p1a: Therion|12\/100 tox\n|-enditem|p1a: Therion|Sitrus Berry|[eat]\n|-heal|p1a: Therion|37\/100 tox|[from] item: Sitrus Berry\n|\n|-damage|p1a: Therion|31\/100 tox|[from] psn\n|upkeep\n|turn|4\n|\n|t:|1700382873\n|-end|p2b: Iron Hands|Quark Drive|[silent]\n|switch|p2b: Landorus|Landorus-Therian, M|69\/100\n|-ability|p2b: Landorus|Intimidate|boost\n|-unboost|p1a: Therion|atk|1\n|-unboost|p1b: Point of the Mask|atk|1\n|move|p1b: Point of the Mask|Ivy Cudgel|p2a: Amoonguss|[anim] Ivy Cudgel Fire\n|-supereffective|p2a: Amoonguss\n|-damage|p2a: Amoonguss|3\/100\n|-enditem|p2a: Amoonguss|Sitrus Berry|[eat]\n|-heal|p2a: Amoonguss|27\/100|[from] item: Sitrus Berry\n|move|p1a: Therion|Stomping Tantrum|p2b: Landorus\n|-immune|p2b: Landorus\n|move|p2a: Amoonguss|Sludge Bomb|p1b: Point of the Mask\n|-supereffective|p1b: Point of the Mask\n|-damage|p1b: Point of the Mask|32\/100\n|-status|p1b: Point of the Mask|psn\n|\n|-damage|p1b: Point of the Mask|20\/100 psn|[from] psn\n|-damage|p1a: Therion|19\/100 tox|[from] psn\n|upkeep\n|turn|5\n|\n|t:|1700382900\n|move|p1b: Point of the Mask|Wood Hammer|p2b: Landorus\n|-damage|p2b: Landorus|29\/100\n|-damage|p1b: Point of the Mask|3\/100 psn|[from] Recoil\n|move|p1a: Therion|Knock Off|p2a: Amoonguss\n|-damage|p2a: Amoonguss|12\/100\n|move|p2b: Landorus|Rock Slide|p1b: Point of the Mask|[spread] p1a,p1b\n|-supereffective|p1b: Point of the Mask\n|-damage|p1a: Therion|0 fnt\n|-damage|p1b: Point of the Mask|0 fnt\n|faint|p1a: Therion\n|faint|p1b: Point of the Mask\n|move|p2a: Amoonguss|Pollen Puff|p2b: Landorus\n|-heal|p2b: Landorus|79\/100\n|\n|-sideend|p1: NoseHairs420|move: Tailwind\n|upkeep\n|\n|t:|1700382912\n|switch|p1b: Timerra|Gardevoir, F, shiny|100\/100\n|switch|p1a: Kuna|Kommo-o, F|100\/100\n|-damage|p1a: Kuna|94\/100|[from] Stealth Rock\n|-damage|p1b: Timerra|88\/100|[from] Stealth Rock\n|turn|6\n|\n|t:|1700382917\n|detailschange|p1b: Timerra|Gardevoir-Mega, F, shiny\n|-mega|p1b: Timerra|Gardevoir|Gardevoirite\n|move|p1b: Timerra|Hyper Voice|p2b: Landorus|[spread] p2a,p2b\n|-resisted|p2a: Amoonguss\n|-damage|p2a: Amoonguss|0 fnt\n|-damage|p2b: Landorus|24\/100\n|faint|p2a: Amoonguss\n|-zpower|p1a: Kuna\n|move|p1a: Kuna|Clangorous Soulblaze|p2b: Landorus|[zeffect]\n|-damage|p2b: Landorus|0 fnt\n|faint|p2b: Landorus\n|-boost|p1a: Kuna|atk|1\n|-boost|p1a: Kuna|def|1\n|-boost|p1a: Kuna|spa|1\n|-boost|p1a: Kuna|spd|1\n|-boost|p1a: Kuna|spe|1\n|\n|upkeep\n|\n|t:|1700382932\n|switch|p2b: Kommo-o|Kommo-o, F|100\/100\n|switch|p2a: Iron Hands|Iron Hands|24\/100\n|turn|7\n|\n|t:|1700382937\n|move|p2a: Iron Hands|Fake Out|p1a: Kuna\n|-damage|p1a: Kuna|83\/100\n|cant|p1a: Kuna|flinch\n|move|p1b: Timerra|Hyper Voice|p2b: Kommo-o|[spread] p2a,p2b\n|-supereffective|p2a: Iron Hands\n|-supereffective|p2b: Kommo-o\n|-damage|p2a: Iron Hands|0 fnt\n|-damage|p2b: Kommo-o|0 fnt\n|faint|p2a: Iron Hands\n|-end|p2a: Iron Hands|Quark Drive|[silent]\n|faint|p2b: Kommo-o\n|\n|upkeep\n|\n|t:|1700382944\n|switch|p2b: Cresselia|Cresselia, F|100\/100\n|switch|p2a: Kingambit|Kingambit, F|100\/100\n|turn|8\n|\n|t:|1700382952\n|move|p2b: Cresselia|Ally Switch|p2b: Cresselia\n|swap|p2b: Cresselia|0|[from] move: Ally Switch\n|move|p1a: Kuna|Flamethrower|p2a: Cresselia\n|-damage|p2a: Cresselia|80\/100\n|move|p1b: Timerra|Shadow Ball|p2b: Kingambit\n|-resisted|p2b: Kingambit\n|-damage|p2b: Kingambit|81\/100\n|-unboost|p2b: Kingambit|spd|1\n|-ability|p2b: Kingambit|Defiant|boost\n|-boost|p2b: Kingambit|atk|2\n|move|p2b: Kingambit|Swords Dance|p2b: Kingambit\n|-boost|p2b: Kingambit|atk|2\n|\n|-heal|p2a: Cresselia|86\/100|[from] item: Leftovers\n|upkeep\n|turn|9\n|\n|t:|1700382972\n|-terastallize|p2b: Kingambit|Fairy\n|move|p2b: Kingambit|Sucker Punch|p1b: Timerra\n|-damage|p1b: Timerra|0 fnt\n|faint|p1b: Timerra\n|move|p1a: Kuna|Clanging Scales|p2b: Kingambit|[spread] p2a\n|-immune|p2b: Kingambit\n|-damage|p2a: Cresselia|57\/100\n|-unboost|p1a: Kuna|def|1\n|move|p2a: Cresselia|Moonblast|p1a: Kuna\n|-supereffective|p1a: Kuna\n|-damage|p1a: Kuna|36\/100\n|-unboost|p1a: Kuna|spa|1\n|\n|-heal|p2a: Cresselia|63\/100|[from] item: Leftovers\n|upkeep\n|\n|t:|1700382979\n|switch|p1b: Freddy Fazbear|Ursaluna-Bloodmoon, M|100\/100\n|-damage|p1b: Freddy Fazbear|94\/100|[from] Stealth Rock\n|turn|10\n|inactive|NoseHairs420 has 270 seconds left.\n|\n|t:|1700383024\n|move|p2a: Cresselia|Ally Switch|p2a: Cresselia\n|swap|p2a: Cresselia|1|[from] move: Ally Switch\n|move|p1a: Kuna|Flash Cannon|p2b: Cresselia\n|-damage|p2b: Cresselia|50\/100\n|move|p1b: Freddy Fazbear|Blood Moon|p2a: Kingambit\n|-damage|p2a: Kingambit|0 fnt\n|faint|p2a: Kingambit\n|\n|-heal|p2b: Cresselia|56\/100|[from] item: Leftovers\n|-heal|p1b: Freddy Fazbear|100\/100|[from] item: Leftovers\n|upkeep\n|turn|11\n|inactive|NoseHairs420 has 270 seconds left.\n|\n|t:|1700383040\n|move|p1b: Freddy Fazbear|Protect|p1b: Freddy Fazbear\n|-singleturn|p1b: Freddy Fazbear|Protect\n|move|p1a: Kuna|Clanging Scales|p2b: Cresselia\n|-damage|p2b: Cresselia|32\/100\n|-unboost|p1a: Kuna|def|1\n|move|p2b: Cresselia|Lunar Blessing|p2b: Cresselia\n|-heal|p2b: Cresselia|57\/100\n|\n|-heal|p2b: Cresselia|64\/100|[from] item: Leftovers\n|upkeep\n|turn|12\n|c|\u2606Weatherfan|knew I shoulda sucker punched\n|\n|t:|1700383052\n|move|p1a: Kuna|Clanging Scales|p2b: Cresselia\n|-damage|p2b: Cresselia|40\/100\n|-unboost|p1a: Kuna|def|1\n|move|p2b: Cresselia|Lunar Blessing|p2b: Cresselia\n|-heal|p2b: Cresselia|65\/100\n|move|p1b: Freddy Fazbear|Blood Moon|p2b: Cresselia\n|-damage|p2b: Cresselia|27\/100\n|\n|-heal|p2b: Cresselia|33\/100|[from] item: Leftovers\n|upkeep\n|turn|13\n|c|\u2606Weatherfan|this is game fo sho\n|c|\u2606Weatherfan|ggs tho\n|\n|t:|1700383073\n|move|p1b: Freddy Fazbear|Protect|p1b: Freddy Fazbear\n|-singleturn|p1b: Freddy Fazbear|Protect\n|move|p1a: Kuna|Clanging Scales|p2b: Cresselia\n|-damage|p2b: Cresselia|9\/100\n|-unboost|p1a: Kuna|def|1\n|move|p2b: Cresselia|Moonblast|p1a: Kuna\n|-supereffective|p1a: Kuna\n|-damage|p1a: Kuna|0 fnt\n|faint|p1a: Kuna\n|\n|-heal|p2b: Cresselia|15\/100|[from] item: Leftovers\n|upkeep\n|turn|14\n|c|\u2606NoseHairs420|ggs\n|inactive|Weatherfan has 270 seconds left.\n|inactive|Weatherfan has 240 seconds left.\n|\n|t:|1700383139\n|move|p2b: Cresselia|Lunar Blessing|p2b: Cresselia\n|-heal|p2b: Cresselia|40\/100\n|move|p1b: Freddy Fazbear|Blood Moon|p2b: Cresselia\n|-damage|p2b: Cresselia|0 fnt\n|faint|p2b: Cresselia\n|\n|win|NoseHairs420\n|c|\u2606Weatherfan|ggs\n|l|\u2606Weatherfan\n","uploadtime":1700383156,"views":16,"p1id":"nosehairs420","p2id":"weatherfan","formatid":"gen9nationaldexdoubles","rating":0,"private":0,"password":""}