{"id":"gen9nationaldexdoubles-1979838924","p1":"Dalender","p2":"Lewoise","format":"[Gen 9] National Dex Doubles","log":"|j|\u2606Dalender\n|j|\u2606Lewoise\n|t:|1698718629\n|gametype|doubles\n|player|p1|Dalender|guitarist|1026\n|player|p2|Lewoise|acerola-masters|1057\n|teamsize|p1|6\n|teamsize|p2|6\n|gen|9\n|tier|[Gen 9] National Dex Doubles\n|rated|\n|rule|HP Percentage Mod: HP is shown in percentages\n|rule|Endless Battle Clause: Forcing endless battles is banned\n|rule|OHKO Clause: OHKO moves are banned\n|rule|Evasion Moves Clause: Evasion moves are banned\n|rule|Evasion Abilities Clause: Evasion abilities are banned\n|rule|Species Clause: Limit one of each Pok\u00e9mon\n|rule|Gravity Sleep Clause: The combination of sleep-inducing moves with imperfect accuracy and Gravity or Gigantamax Orbeetle are banned\n|clearpoke\n|poke|p1|Muk-Alola, M|\n|poke|p1|Clefairy, F|\n|poke|p1|Klefki, F|\n|poke|p1|Espeon, F|\n|poke|p1|Incineroar, F|\n|poke|p1|Conkeldurr, M|\n|poke|p2|Cradily, F|\n|poke|p2|Sinistcha|\n|poke|p2|Gastrodon, F|\n|poke|p2|Hatterene, F|\n|poke|p2|Klefki, F|\n|poke|p2|Spiritomb, F|\n|teampreview\n|\n|t:|1698718633\n|start\n|switch|p1a: Princesa|Incineroar, F|100\/100\n|switch|p1b: Keysay|Klefki, F|100\/100\n|switch|p2a: Hatterene|Hatterene, F|100\/100\n|switch|p2b: Klefki|Klefki, F|100\/100\n|-ability|p1a: Princesa|Intimidate|boost\n|-unboost|p2a: Hatterene|atk|1\n|-unboost|p2b: Klefki|atk|1\n|turn|1\n|\n|t:|1698718654\n|-terastallize|p1b: Keysay|Dark\n|move|p1a: Princesa|Fake Out|p2a: Hatterene\n|-damage|p2a: Hatterene|89\/100\n|move|p1b: Keysay|Light Screen|p1b: Keysay\n|-sidestart|p1: Dalender|move: Light Screen\n|move|p2b: Klefki|Switcheroo|p1a: Princesa\n|-hint|Since gen 7, Dark is immune to Prankster moves.\n|-immune|p1a: Princesa\n|cant|p2a: Hatterene|flinch\n|\n|upkeep\n|turn|2\n|\n|t:|1698718684\n|move|p1b: Keysay|Reflect|p1b: Keysay\n|-sidestart|p1: Dalender|Reflect\n|move|p1a: Princesa|Snarl|p2b: Klefki|[spread] p2a,p2b\n|-resisted|p2b: Klefki\n|-damage|p2a: Hatterene|79\/100\n|-damage|p2b: Klefki|94\/100\n|-unboost|p2a: Hatterene|spa|1\n|-unboost|p2b: Klefki|spa|1\n|move|p2a: Hatterene|Draining Kiss|p1b: Keysay\n|-supereffective|p1b: Keysay\n|-damage|p1b: Keysay|75\/100\n|-heal|p2a: Hatterene|96\/100|[from] drain|[of] p1b: Keysay\n|move|p2b: Klefki|Trick Room|p2b: Klefki\n|-fieldstart|move: Trick Room|[of] p2b: Klefki\n|\n|-heal|p1b: Keysay|81\/100|[from] item: Leftovers\n|upkeep\n|turn|3\n|\n|t:|1698718707\n|switch|p2a: Spiritomb|Spiritomb, F, shiny|100\/100\n|move|p2b: Klefki|Thunder Wave|p1b: Keysay\n|-hint|Since gen 7, Dark is immune to Prankster moves.\n|-immune|p1b: Keysay\n|move|p1b: Keysay|Thunder Wave|p2b: Klefki\n|-status|p2b: Klefki|par\n|move|p1a: Princesa|Snarl|p2b: Klefki|[spread] p2a,p2b\n|-resisted|p2b: Klefki\n|-damage|p2a: Spiritomb|89\/100\n|-damage|p2b: Klefki|87\/100 par\n|-unboost|p2b: Klefki|spa|1\n|\n|-heal|p1b: Keysay|87\/100|[from] item: Leftovers\n|upkeep\n|turn|4\n|\n|t:|1698718746\n|cant|p2b: Klefki|par\n|move|p2a: Spiritomb|Nasty Plot|p2a: Spiritomb\n|-boost|p2a: Spiritomb|spa|2\n|move|p1a: Princesa|Snarl|p2b: Klefki|[spread] p2a,p2b\n|-resisted|p2b: Klefki\n|-damage|p2a: Spiritomb|77\/100\n|-damage|p2b: Klefki|80\/100 par\n|-unboost|p2b: Klefki|spa|1\n|move|p1b: Keysay|Draining Kiss|p2a: Spiritomb\n|-supereffective|p2a: Spiritomb\n|-damage|p2a: Spiritomb|44\/100\n|-heal|p1b: Keysay|100\/100|[from] drain|[of] p2a: Spiritomb\n|\n|upkeep\n|turn|5\n|\n|t:|1698718766\n|move|p2b: Klefki|Thunder Wave|p1b: Keysay\n|-hint|Since gen 7, Dark is immune to Prankster moves.\n|-immune|p1b: Keysay\n|move|p2a: Spiritomb|Shadow Ball|p1b: Keysay\n|-resisted|p1b: Keysay\n|-damage|p1b: Keysay|76\/100\n|move|p1a: Princesa|Snarl|p2b: Klefki|[spread] p2a,p2b\n|-resisted|p2b: Klefki\n|-damage|p2a: Spiritomb|32\/100\n|-damage|p2b: Klefki|73\/100 par\n|-unboost|p2b: Klefki|spa|1\n|move|p1b: Keysay|Draining Kiss|p2a: Spiritomb\n|-supereffective|p2a: Spiritomb\n|-damage|p2a: Spiritomb|2\/100\n|-heal|p1b: Keysay|95\/100|[from] drain|[of] p2a: Spiritomb\n|\n|-heal|p1b: Keysay|100\/100|[from] item: Leftovers\n|-sideend|p1: Dalender|move: Light Screen\n|upkeep\n|turn|6\n|\n|t:|1698718788\n|cant|p2b: Klefki|par\n|move|p2a: Spiritomb|Dark Pulse|p1a: Princesa\n|-resisted|p1a: Princesa\n|-damage|p1a: Princesa|78\/100\n|move|p1a: Princesa|Snarl|p2b: Klefki|[spread] p2a\n|-miss|p1a: Princesa|p2b: Klefki\n|-damage|p2a: Spiritomb|0 fnt\n|faint|p2a: Spiritomb\n|move|p1b: Keysay|Draining Kiss|p2b: Klefki\n|-resisted|p2b: Klefki\n|-damage|p2b: Klefki|64\/100 par\n|\n|-sideend|p1: Dalender|Reflect\n|-fieldend|move: Trick Room\n|upkeep\n|\n|t:|1698718809\n|switch|p2a: Gastrodon|Gastrodon, F|100\/100\n|turn|7\n|\n|t:|1698718815\n|switch|p2b: Cradily|Cradily, F|100\/100\n|move|p1b: Keysay|Light Screen|p1b: Keysay\n|-sidestart|p1: Dalender|move: Light Screen\n|move|p1a: Princesa|Snarl|p2a: Gastrodon|[spread] p2a,p2b\n|-damage|p2a: Gastrodon|90\/100\n|-damage|p2b: Cradily|89\/100\n|-unboost|p2a: Gastrodon|spa|1\n|-unboost|p2b: Cradily|spa|1\n|move|p2a: Gastrodon|Surf|p1a: Princesa|[spread] p1a,p1b\n|-ability|p2b: Cradily|Storm Drain|boost\n|-boost|p2b: Cradily|spa|1\n|-supereffective|p1a: Princesa\n|-damage|p1a: Princesa|62\/100\n|-damage|p1b: Keysay|90\/100\n|\n|-heal|p1b: Keysay|96\/100|[from] item: Leftovers\n|-heal|p2a: Gastrodon|96\/100|[from] item: Leftovers\n|upkeep\n|turn|8\n|\n|t:|1698718843\n|switch|p1a: Greg|Muk-Alola, M|100\/100\n|move|p1b: Keysay|Thunder Wave|p2b: Cradily\n|-status|p2b: Cradily|par\n|move|p2a: Gastrodon|Surf|p1b: Keysay|[spread] p1a,p1b\n|-ability|p2b: Cradily|Storm Drain|boost\n|-boost|p2b: Cradily|spa|1\n|-damage|p1a: Greg|94\/100\n|-damage|p1b: Keysay|87\/100\n|cant|p2b: Cradily|par\n|\n|-heal|p1b: Keysay|93\/100|[from] item: Leftovers\n|-heal|p2a: Gastrodon|100\/100|[from] item: Leftovers\n|upkeep\n|turn|9\n|\n|t:|1698718865\n|move|p1b: Keysay|Draining Kiss|p2b: Cradily\n|-damage|p2b: Cradily|77\/100 par\n|-heal|p1b: Keysay|100\/100|[from] drain|[of] p2b: Cradily\n|move|p1a: Greg|Toxic|p2a: Gastrodon\n|-status|p2a: Gastrodon|tox\n|move|p2a: Gastrodon|Surf|p1a: Greg|[spread] p1a,p1b\n|-ability|p2b: Cradily|Storm Drain|boost\n|-boost|p2b: Cradily|spa|1\n|-damage|p1a: Greg|88\/100\n|-damage|p1b: Keysay|90\/100\n|move|p2b: Cradily|Meteor Beam||[still]\n|-prepare|p2b: Cradily|Meteor Beam\n|-boost|p2b: Cradily|spa|1\n|-enditem|p2b: Cradily|Power Herb\n|-anim|p2b: Cradily|Meteor Beam|p1a: Greg\n|-damage|p1a: Greg|30\/100\n|-enditem|p1a: Greg|Wiki Berry|[eat]\n|-heal|p1a: Greg|63\/100|[from] item: Wiki Berry\n|\n|-heal|p1b: Keysay|97\/100|[from] item: Leftovers\n|-damage|p2a: Gastrodon|94\/100 tox|[from] psn\n|upkeep\n|turn|10\n|\n|t:|1698718892\n|switch|p1b: Princesa|Incineroar, F|62\/100\n|-ability|p1b: Princesa|Intimidate|boost\n|-unboost|p2a: Gastrodon|atk|1\n|-unboost|p2b: Cradily|atk|1\n|move|p1a: Greg|Recycle|p1a: Greg\n|-item|p1a: Greg|Wiki Berry|[from] move: Recycle\n|move|p2a: Gastrodon|Surf|p1b: Princesa|[spread] p1a,p1b\n|-ability|p2b: Cradily|Storm Drain|boost\n|-boost|p2b: Cradily|spa|1\n|-supereffective|p1b: Princesa\n|-damage|p1a: Greg|57\/100\n|-damage|p1b: Princesa|47\/100\n|cant|p2b: Cradily|par\n|\n|-heal|p2a: Gastrodon|100\/100 tox|[from] item: Leftovers\n|-damage|p2a: Gastrodon|88\/100 tox|[from] psn\n|upkeep\n|turn|11\n|\n|t:|1698718919\n|move|p1b: Princesa|Fake Out|p2b: Cradily\n|-resisted|p2b: Cradily\n|-damage|p2b: Cradily|71\/100 par\n|move|p1a: Greg|Acid Spray|p2b: Cradily\n|-damage|p2b: Cradily|62\/100 par\n|-unboost|p2b: Cradily|spd|2\n|move|p2a: Gastrodon|Surf|p1b: Princesa|[spread] p1a,p1b\n|-ability|p2b: Cradily|Storm Drain|boost\n|-boost|p2b: Cradily|spa|1\n|-crit|p1a: Greg\n|-supereffective|p1b: Princesa\n|-damage|p1a: Greg|34\/100\n|-damage|p1b: Princesa|31\/100\n|-enditem|p1a: Greg|Wiki Berry|[eat]\n|-heal|p1a: Greg|67\/100|[from] item: Wiki Berry\n|cant|p2b: Cradily|flinch\n|\n|-heal|p2a: Gastrodon|94\/100 tox|[from] item: Leftovers\n|-damage|p2a: Gastrodon|76\/100 tox|[from] psn\n|-sideend|p1: Dalender|move: Light Screen\n|upkeep\n|turn|12\n|\n|t:|1698718943\n|move|p1b: Princesa|Snarl|p2a: Gastrodon|[spread] p2a,p2b\n|-crit|p2b: Cradily\n|-damage|p2a: Gastrodon|67\/100 tox\n|-damage|p2b: Cradily|29\/100 par\n|-unboost|p2a: Gastrodon|spa|1\n|-unboost|p2b: Cradily|spa|1\n|move|p1a: Greg|Recycle|p1a: Greg\n|-item|p1a: Greg|Wiki Berry|[from] move: Recycle\n|move|p2a: Gastrodon|Surf|p1b: Princesa|[spread] p1a,p1b\n|-ability|p2b: Cradily|Storm Drain|boost\n|-boost|p2b: Cradily|spa|1\n|-supereffective|p1b: Princesa\n|-damage|p1a: Greg|59\/100\n|-damage|p1b: Princesa|14\/100\n|-enditem|p1b: Princesa|Figy Berry|[eat]\n|-heal|p1b: Princesa|47\/100|[from] item: Figy Berry\n|cant|p2b: Cradily|par\n|\n|-heal|p2a: Gastrodon|73\/100 tox|[from] item: Leftovers\n|-damage|p2a: Gastrodon|48\/100 tox|[from] psn\n|upkeep\n|turn|13\n|\n|t:|1698718969\n|move|p1b: Princesa|Flare Blitz|p2b: Cradily\n|-damage|p2b: Cradily|0 fnt\n|faint|p2b: Cradily\n|-damage|p1b: Princesa|38\/100|[from] Recoil\n|move|p1a: Greg|Acid Spray|p2a: Gastrodon\n|-resisted|p2a: Gastrodon\n|-damage|p2a: Gastrodon|44\/100 tox\n|-unboost|p2a: Gastrodon|spd|2\n|move|p2a: Gastrodon|Surf|p1b: Princesa|[spread] p1a,p1b\n|-supereffective|p1b: Princesa\n|-crit|p1b: Princesa\n|-damage|p1a: Greg|51\/100\n|-damage|p1b: Princesa|0 fnt\n|faint|p1b: Princesa\n|\n|-heal|p2a: Gastrodon|50\/100 tox|[from] item: Leftovers\n|-damage|p2a: Gastrodon|20\/100 tox|[from] psn\n|upkeep\n|\n|t:|1698718990\n|switch|p1b: Keysay|Klefki, F, tera:Dark|97\/100\n|switch|p2b: Klefki|Klefki, F|64\/100 par\n|turn|14\n|\n|t:|1698719007\n|move|p1b: Keysay|Light Screen|p1b: Keysay\n|-sidestart|p1: Dalender|move: Light Screen\n|move|p2b: Klefki|Thunder Wave|p1a: Greg\n|-hint|Since gen 7, Dark is immune to Prankster moves.\n|-immune|p1a: Greg\n|move|p1a: Greg|Recycle||[still]\n|-fail|p1a: Greg\n|move|p2a: Gastrodon|Earth Power|p1a: Greg\n|-supereffective|p1a: Greg\n|-damage|p1a: Greg|38\/100\n|-enditem|p1a: Greg|Wiki Berry|[eat]\n|-heal|p1a: Greg|71\/100|[from] item: Wiki Berry\n|\n|-heal|p1b: Keysay|100\/100|[from] item: Leftovers\n|-heal|p2a: Gastrodon|26\/100 tox|[from] item: Leftovers\n|-damage|p2a: Gastrodon|0 fnt|[from] psn\n|faint|p2a: Gastrodon\n|upkeep\n|\n|t:|1698719028\n|switch|p2a: Sinistcha|Sinistcha|100\/100\n|-heal|p2b: Klefki|89\/100 par|[from] ability: Hospitality|[of] p2a: Sinistcha\n|turn|15\n|\n|t:|1698719044\n|switch|p2b: Hatterene|Hatterene, F|96\/100\n|move|p1b: Keysay|Draining Kiss|p2b: Hatterene\n|-damage|p2b: Hatterene|82\/100\n|move|p1a: Greg|Recycle|p1a: Greg\n|-item|p1a: Greg|Wiki Berry|[from] move: Recycle\n|move|p2a: Sinistcha|Matcha Gotcha|p1b: Keysay|[spread] p1a,p1b\n|-resisted|p1a: Greg\n|-damage|p1a: Greg|66\/100\n|-damage|p1b: Keysay|85\/100\n|-status|p1a: Greg|brn\n|-status|p1b: Keysay|brn\n|\n|-heal|p1b: Keysay|91\/100 brn|[from] item: Leftovers\n|-damage|p1b: Keysay|85\/100 brn|[from] brn\n|-damage|p1a: Greg|60\/100 brn|[from] brn\n|upkeep\n|turn|16\n|\n|t:|1698719082\n|switch|p1b: Cleo|Clefairy, F|100\/100\n|move|p1a: Greg|Toxic|p2a: Sinistcha\n|-status|p2a: Sinistcha|tox\n|move|p2a: Sinistcha|Strength Sap|p1a: Greg\n|-unboost|p1a: Greg|atk|1\n|move|p2b: Hatterene|Draining Kiss|p1b: Cleo\n|-damage|p1b: Cleo|85\/100\n|-heal|p2b: Hatterene|94\/100|[from] drain|[of] p1b: Cleo\n|\n|-damage|p2a: Sinistcha|94\/100 tox|[from] psn\n|-damage|p1a: Greg|54\/100 brn|[from] brn\n|upkeep\n|turn|17\n|\n|t:|1698719104\n|move|p1a: Greg|Recycle||[still]\n|-fail|p1a: Greg\n|move|p2a: Sinistcha|Matcha Gotcha|p1a: Greg|[spread] p1a,p1b\n|-resisted|p1a: Greg\n|-damage|p1a: Greg|49\/100 brn\n|-heal|p2a: Sinistcha|97\/100 tox|[from] drain|[of] p1a: Greg\n|-damage|p1b: Cleo|71\/100\n|-heal|p2a: Sinistcha|100\/100 tox|[from] drain|[of] p1b: Cleo\n|-enditem|p1a: Greg|Wiki Berry|[eat]\n|-heal|p1a: Greg|82\/100 brn|[from] item: Wiki Berry\n|move|p1b: Cleo|Cosmic Power|p1b: Cleo\n|-boost|p1b: Cleo|def|1\n|-boost|p1b: Cleo|spd|1\n|move|p2b: Hatterene|Draining Kiss|p1a: Greg\n|-damage|p1a: Greg|70\/100 brn\n|-heal|p2b: Hatterene|100\/100|[from] drain|[of] p1a: Greg\n|\n|-damage|p2a: Sinistcha|88\/100 tox|[from] psn\n|-damage|p1a: Greg|64\/100 brn|[from] brn\n|upkeep\n|turn|18\n|\n|t:|1698719134\n|move|p1a: Greg|Recycle|p1a: Greg\n|-item|p1a: Greg|Wiki Berry|[from] move: Recycle\n|move|p2a: Sinistcha|Matcha Gotcha|p1a: Greg|[spread] p1a,p1b\n|-resisted|p1a: Greg\n|-damage|p1a: Greg|58\/100 brn\n|-heal|p2a: Sinistcha|92\/100 tox|[from] drain|[of] p1a: Greg\n|-damage|p1b: Cleo|63\/100\n|-heal|p2a: Sinistcha|96\/100 tox|[from] drain|[of] p1b: Cleo\n|move|p1b: Cleo|Cosmic Power|p1b: Cleo\n|-boost|p1b: Cleo|def|1\n|-boost|p1b: Cleo|spd|1\n|move|p2b: Hatterene|Psyshock|p1b: Cleo\n|-damage|p1b: Cleo|50\/100\n|\n|-damage|p2a: Sinistcha|78\/100 tox|[from] psn\n|-damage|p1a: Greg|52\/100 brn|[from] brn\n|-sideend|p1: Dalender|move: Light Screen\n|upkeep\n|turn|19\n|\n|t:|1698719179\n|move|p1a: Greg|Fling|p1b: Cleo\n|-resisted|p1b: Cleo\n|-damage|p1b: Cleo|50\/100\n|-heal|p1b: Cleo|83\/100|[from] item: Wiki Berry\n|-enditem|p1a: Greg|Wiki Berry|[from] move: Fling\n|move|p2a: Sinistcha|Matcha Gotcha|p1b: Cleo|[spread] p1a,p1b\n|-resisted|p1a: Greg\n|-damage|p1a: Greg|43\/100 brn\n|-heal|p2a: Sinistcha|83\/100 tox|[from] drain|[of] p1a: Greg\n|-damage|p1b: Cleo|74\/100\n|-heal|p2a: Sinistcha|87\/100 tox|[from] drain|[of] p1b: Cleo\n|move|p1b: Cleo|Cosmic Power|p1b: Cleo\n|-boost|p1b: Cleo|def|1\n|-boost|p1b: Cleo|spd|1\n|move|p2b: Hatterene|Psyshock|p1b: Cleo\n|-damage|p1b: Cleo|59\/100\n|\n|-damage|p2a: Sinistcha|63\/100 tox|[from] psn\n|-damage|p1a: Greg|37\/100 brn|[from] brn\n|upkeep\n|turn|20\n|\n|t:|1698719203\n|move|p1a: Greg|Recycle|p1a: Greg\n|-item|p1a: Greg|Wiki Berry|[from] move: Recycle\n|-enditem|p1a: Greg|Wiki Berry|[eat]\n|-heal|p1a: Greg|70\/100 brn|[from] item: Wiki Berry\n|move|p2a: Sinistcha|Matcha Gotcha|p1b: Cleo|[spread] p1a,p1b\n|-resisted|p1a: Greg\n|-damage|p1a: Greg|62\/100 brn\n|-heal|p2a: Sinistcha|67\/100 tox|[from] drain|[of] p1a: Greg\n|-damage|p1b: Cleo|51\/100\n|-heal|p2a: Sinistcha|71\/100 tox|[from] drain|[of] p1b: Cleo\n|-status|p1b: Cleo|brn\n|move|p1b: Cleo|Moonlight|p1b: Cleo\n|-heal|p1b: Cleo|100\/100 brn\n|move|p2b: Hatterene|Draining Kiss|p1a: Greg\n|-damage|p1a: Greg|46\/100 brn\n|\n|-damage|p2a: Sinistcha|40\/100 tox|[from] psn\n|-damage|p1a: Greg|39\/100 brn|[from] brn\n|upkeep\n|turn|21\n|\n|t:|1698719231\n|move|p1a: Greg|Recycle|p1a: Greg\n|-item|p1a: Greg|Wiki Berry|[from] move: Recycle\n|-enditem|p1a: Greg|Wiki Berry|[eat]\n|-heal|p1a: Greg|73\/100 brn|[from] item: Wiki Berry\n|move|p2a: Sinistcha|Strength Sap|p1a: Greg\n|-unboost|p1a: Greg|atk|1\n|-heal|p2a: Sinistcha|77\/100 tox\n|move|p1b: Cleo|Cosmic Power|p1b: Cleo\n|-boost|p1b: Cleo|def|1\n|-boost|p1b: Cleo|spd|1\n|move|p2b: Hatterene|Draining Kiss|p1a: Greg\n|-damage|p1a: Greg|54\/100 brn\n|\n|-damage|p2a: Sinistcha|41\/100 tox|[from] psn\n|-damage|p1a: Greg|48\/100 brn|[from] brn\n|upkeep\n|turn|22\n|\n|t:|1698719254\n|move|p1a: Greg|Recycle|p1a: Greg\n|-item|p1a: Greg|Wiki Berry|[from] move: Recycle\n|-enditem|p1a: Greg|Wiki Berry|[eat]\n|-heal|p1a: Greg|82\/100 brn|[from] item: Wiki Berry\n|move|p2a: Sinistcha|Strength Sap|p1a: Greg\n|-unboost|p1a: Greg|atk|1\n|-heal|p2a: Sinistcha|69\/100 tox\n|move|p1b: Cleo|Cosmic Power|p1b: Cleo\n|-boost|p1b: Cleo|def|1\n|-boost|p1b: Cleo|spd|1\n|move|p2b: Hatterene|Draining Kiss|p1a: Greg\n|-damage|p1a: Greg|63\/100 brn\n|\n|-damage|p2a: Sinistcha|26\/100 tox|[from] psn\n|-damage|p1a: Greg|57\/100 brn|[from] brn\n|upkeep\n|turn|23\n|\n|t:|1698719278\n|move|p1a: Greg|Acid Spray|p2a: Sinistcha\n|-damage|p2a: Sinistcha|16\/100 tox\n|move|p2a: Sinistcha|Matcha Gotcha|p1b: Cleo|[spread] p1a,p1b\n|-resisted|p1a: Greg\n|-damage|p1a: Greg|49\/100 brn\n|-heal|p2a: Sinistcha|20\/100 tox|[from] drain|[of] p1a: Greg\n|-damage|p1b: Cleo|95\/100 brn\n|-heal|p2a: Sinistcha|23\/100 tox|[from] drain|[of] p1b: Cleo\n|move|p1b: Cleo|Cosmic Power|p1b: Cleo\n|-boost|p1b: Cleo|def|1\n|-boost|p1b: Cleo|spd|1\n|move|p2b: Hatterene|Draining Kiss|p1a: Greg\n|-damage|p1a: Greg|32\/100 brn\n|\n|-damage|p2a: Sinistcha|0 fnt|[from] psn\n|faint|p2a: Sinistcha\n|-damage|p1a: Greg|26\/100 brn|[from] brn\n|upkeep\n|\n|t:|1698719296\n|switch|p2a: Klefki|Klefki, F|89\/100 par\n|turn|24\n|\n|t:|1698719305\n|switch|p1a: Venus|Espeon, F|100\/100\n|move|p1b: Cleo|Follow Me|p1b: Cleo\n|-singleturn|p1b: Cleo|move: Follow Me\n|move|p2a: Klefki|Fairy Lock|p2a: Klefki\n|-fieldactivate|move: Fairy Lock\n|move|p2b: Hatterene|Draining Kiss|p1b: Cleo\n|-damage|p1b: Cleo|89\/100 brn\n|\n|upkeep\n|turn|25\n|\n|t:|1698719321\n|move|p1b: Cleo|Follow Me|p1b: Cleo\n|-singleturn|p1b: Cleo|move: Follow Me\n|move|p2a: Klefki|Switcheroo|p1b: Cleo\n|-activate|p2a: Klefki|move: Trick|[of] p1b: Cleo\n|-item|p1b: Cleo|Toxic Orb|[from] move: Switcheroo\n|-item|p2a: Klefki|Eviolite|[from] move: Switcheroo\n|move|p1a: Venus|Psych Up|p1b: Cleo\n|-copyboost|p1a: Venus|p1b: Cleo|[from] move: Psych Up\n|move|p2b: Hatterene|Mystical Fire|p1b: Cleo\n|-damage|p1b: Cleo|81\/100 brn\n|-unboost|p1b: Cleo|spa|1\n|\n|upkeep\n|turn|26\n|\n|t:|1698719341\n|move|p1b: Cleo|Follow Me|p1b: Cleo\n|-singleturn|p1b: Cleo|move: Follow Me\n|cant|p2a: Klefki|par\n|move|p1a: Venus|Stored Power|p2b: Hatterene\n|-resisted|p2b: Hatterene\n|-damage|p2b: Hatterene|37\/100\n|move|p2b: Hatterene|Mystical Fire|p1b: Cleo\n|-crit|p1b: Cleo\n|-damage|p1b: Cleo|28\/100 brn\n|-unboost|p1b: Cleo|spa|1\n|\n|upkeep\n|turn|27\n|\n|t:|1698719357\n|move|p1b: Cleo|Follow Me|p1b: Cleo\n|-singleturn|p1b: Cleo|move: Follow Me\n|cant|p2a: Klefki|par\n|move|p1a: Venus|Stored Power|p2b: Hatterene\n|-resisted|p2b: Hatterene\n|-damage|p2b: Hatterene|0 fnt\n|faint|p2b: Hatterene\n|\n|upkeep\n|turn|28\n|\n|t:|1698719369\n|move|p2a: Klefki|Thunder Wave|p1a: Venus\n|move|p1a: Venus|Thunder Wave|p2a: Klefki|[from]ability: Magic Bounce\n|-fail|p2a: Klefki|par\n|move|p1a: Venus|Stored Power|p2a: Klefki\n|-resisted|p2a: Klefki\n|-damage|p2a: Klefki|9\/100 par\n|move|p1b: Cleo|Stored Power|p2a: Klefki\n|-resisted|p2a: Klefki\n|-damage|p2a: Klefki|0 fnt\n|faint|p2a: Klefki\n|\n|win|Dalender\n|raw|Dalender's rating: 1026 &rarr; <strong>1065<\/strong><br \/>(+39 for winning)\n|raw|Lewoise's rating: 1057 &rarr; <strong>1037<\/strong><br \/>(-20 for losing)\n|l|\u2606Lewoise\n","uploadtime":1698719398,"views":16,"p1id":"dalender","p2id":"lewoise","formatid":"gen9nationaldexdoubles","rating":1037,"private":0,"password":""}