{"id":"gen9nationaldexdoubles-1992307887","p1":"guzmfran","p2":"Lilytheloudmouth","format":"[Gen 9] National Dex Doubles","log":"|j|\u2606guzmfran\n|j|\u2606Lilytheloudmouth\n|t:|1700173113\n|gametype|doubles\n|player|p1|guzmfran|265|1223\n|player|p2|Lilytheloudmouth|roxie|1029\n|teamsize|p1|6\n|teamsize|p2|6\n|gen|9\n|tier|[Gen 9] National Dex Doubles\n|rated|\n|rule|HP Percentage Mod: HP is shown in percentages\n|rule|Endless Battle Clause: Forcing endless battles is banned\n|rule|OHKO Clause: OHKO moves are banned\n|rule|Evasion Moves Clause: Evasion moves are banned\n|rule|Evasion Abilities Clause: Evasion abilities are banned\n|rule|Species Clause: Limit one of each Pok\u00e9mon\n|rule|Gravity Sleep Clause: The combination of sleep-inducing moves with imperfect accuracy and Gravity or Gigantamax Orbeetle are banned\n|clearpoke\n|poke|p1|Glastrier|\n|poke|p1|Dusclops, M|\n|poke|p1|Tapu Fini|\n|poke|p1|Alcremie, F|\n|poke|p1|Dragapult, M|\n|poke|p1|Blacephalon|\n|poke|p2|Okidogi, M|\n|poke|p2|Munkidori, M|\n|poke|p2|Gliscor, M|\n|poke|p2|Oranguru, M|\n|poke|p2|Kingambit, M|\n|poke|p2|Gholdengo|\n|teampreview\n|\n|t:|1700173126\n|start\n|switch|p1a: Alcremie|Alcremie, F, shiny|100\/100\n|switch|p1b: Blacephalon|Blacephalon, shiny|100\/100\n|switch|p2a: Greed|Gholdengo|100\/100\n|switch|p2b: envy|Munkidori, M|100\/100\n|turn|1\n|inactive|Battle timer is ON: inactive players will automatically lose when time's up. (requested by Lilytheloudmouth)\n|\n|t:|1700173154\n|-terastallize|p1b: Blacephalon|Fire\n|move|p1a: Alcremie|Helping Hand|p1b: Blacephalon\n|-singleturn|p1b: Blacephalon|Helping Hand|[of] p1a: Alcremie\n|move|p1b: Blacephalon|Mind Blown|p2a: Greed|[spread] p1a,p2a,p2b\n|-supereffective|p2a: Greed\n|-damage|p1a: Alcremie|0 fnt\n|-damage|p2a: Greed|0 fnt\n|-damage|p2b: envy|0 fnt\n|-damage|p1b: Blacephalon|50\/100|[from] mindblown\n|faint|p1a: Alcremie\n|faint|p2a: Greed\n|faint|p2b: envy\n|-ability|p1b: Blacephalon|Beast Boost|boost\n|-boost|p1b: Blacephalon|spa|3\n|\n|upkeep\n|\n|t:|1700173170\n|switch|p2b: Wrath|Okidogi, M|100\/100\n|switch|p2a: Gluttony|Gliscor, M|100\/100\n|switch|p1a: Dragapult|Dragapult, M, shiny|100\/100\n|turn|2\n|\n|t:|1700173187\n|move|p1a: Dragapult|Protect|p1a: Dragapult\n|-singleturn|p1a: Dragapult|Protect\n|move|p2a: Gluttony|Protect|p2a: Gluttony\n|-singleturn|p2a: Gluttony|Protect\n|move|p1b: Blacephalon|Mind Blown|p2a: Gluttony|[spread] p2b\n|-activate|p1a: Dragapult|move: Protect\n|-activate|p2a: Gluttony|move: Protect\n|-damage|p2b: Wrath|0 fnt\n|-damage|p1b: Blacephalon|0 fnt|[from] mindblown\n|faint|p1b: Blacephalon\n|faint|p2b: Wrath\n|\n|-status|p2a: Gluttony|tox|[from] item: Toxic Orb\n|upkeep\n|\n|t:|1700173202\n|switch|p1b: Dusclops|Dusclops, M, shiny|100\/100\n|switch|p2b: sloth|Oranguru, M|100\/100\n|-item|p2a: Gluttony|Toxic Orb|[from] ability: Frisk|[of] p1b: Dusclops|[identify]\n|-item|p2b: sloth|Leftovers|[from] ability: Frisk|[of] p1b: Dusclops|[identify]\n|turn|3\n|\n|t:|1700173216\n|move|p1a: Dragapult|Dragon Darts|p2b: sloth\n|-damage|p2b: sloth|71\/100\n|-anim|p1a: Dragapult|Dragon Darts|p2a: Gluttony\n|-damage|p2a: Gluttony|78\/100 tox\n|-damage|p1a: Dragapult|91\/100|[from] item: Life Orb\n|move|p2a: Gluttony|Earthquake|p1a: Dragapult|[spread] p1a,p1b\n|-activate|p2b: sloth|ability: Telepathy\n|-damage|p1a: Dragapult|56\/100\n|-damage|p1b: Dusclops|88\/100\n|move|p2b: sloth|Instruct|p2a: Gluttony\n|-singleturn|p2a: Gluttony|move: Instruct|[of] p2b: sloth\n|move|p2a: Gluttony|Earthquake|p1a: Dragapult|[spread] p1a,p1b\n|-activate|p2b: sloth|ability: Telepathy\n|-damage|p1a: Dragapult|19\/100\n|-damage|p1b: Dusclops|75\/100\n|move|p1b: Dusclops|Trick Room|p1b: Dusclops\n|-fieldstart|move: Trick Room|[of] p1b: Dusclops\n|\n|-heal|p2b: sloth|77\/100|[from] item: Leftovers\n|-heal|p2a: Gluttony|91\/100 tox|[from] ability: Poison Heal\n|upkeep\n|turn|4\n|\n|t:|1700173245\n|move|p1b: Dusclops|Night Shade|p2a: Gluttony\n|-damage|p2a: Gluttony|62\/100 tox\n|move|p2b: sloth|Instruct|p2a: Gluttony\n|-singleturn|p2a: Gluttony|move: Instruct|[of] p2b: sloth\n|move|p2a: Gluttony|Earthquake|p1b: Dusclops|[spread] p1a,p1b\n|-activate|p2b: sloth|ability: Telepathy\n|-damage|p1a: Dragapult|0 fnt\n|-damage|p1b: Dusclops|64\/100\n|faint|p1a: Dragapult\n|move|p2a: Gluttony|Earthquake|p1b: Dusclops|[spread] p1b\n|-activate|p2b: sloth|ability: Telepathy\n|-damage|p1b: Dusclops|53\/100\n|\n|-heal|p2b: sloth|84\/100|[from] item: Leftovers\n|-heal|p2a: Gluttony|75\/100 tox|[from] ability: Poison Heal\n|upkeep\n|inactive|guzmfran has 120 seconds left.\n|\n|t:|1700173262\n|switch|p1a: Glastrier|Glastrier|100\/100\n|turn|5\n|\n|t:|1700173278\n|switch|p2b: Pride|Kingambit, M|100\/100\n|-activate|p2b: Pride|ability: Supreme Overlord\n|-start|p2b: Pride|fallen3|[silent]\n|move|p2a: Gluttony|Protect|p2a: Gluttony\n|-singleturn|p2a: Gluttony|Protect\n|move|p1b: Dusclops|Brick Break|p2b: Pride\n|-supereffective|p2b: Pride\n|-damage|p2b: Pride|72\/100\n|move|p1a: Glastrier|Icicle Crash|p2a: Gluttony\n|-activate|p2a: Gluttony|move: Protect\n|\n|-heal|p2b: Pride|78\/100|[from] item: Leftovers\n|-heal|p2a: Gluttony|87\/100 tox|[from] ability: Poison Heal\n|upkeep\n|turn|6\n|\n|t:|1700173297\n|switch|p2a: sloth|Oranguru, M|84\/100\n|move|p1b: Dusclops|Will-O-Wisp|p2b: Pride\n|-status|p2b: Pride|brn\n|move|p1a: Glastrier|Icicle Crash|p2a: sloth\n|-damage|p2a: sloth|43\/100\n|move|p2b: Pride|Iron Head|p1a: Glastrier\n|-supereffective|p1a: Glastrier\n|-damage|p1a: Glastrier|56\/100\n|-enditem|p1a: Glastrier|Weakness Policy\n|-boost|p1a: Glastrier|atk|2|[from] item: Weakness Policy\n|-boost|p1a: Glastrier|spa|2|[from] item: Weakness Policy\n|\n|-heal|p2b: Pride|84\/100 brn|[from] item: Leftovers\n|-heal|p2a: sloth|49\/100|[from] item: Leftovers\n|-damage|p2b: Pride|78\/100 brn|[from] brn\n|upkeep\n|turn|7\n|\n|t:|1700173323\n|move|p1b: Dusclops|Brick Break|p2a: sloth\n|-damage|p2a: sloth|40\/100\n|move|p1a: Glastrier|High Horsepower|p2b: Pride\n|-supereffective|p2b: Pride\n|-damage|p2b: Pride|0 fnt\n|faint|p2b: Pride\n|-end|p2b: Pride|fallen3|[silent]\n|-ability|p1a: Glastrier|Chilling Neigh|boost\n|-boost|p1a: Glastrier|atk|1\n|move|p2a: sloth|Instruct|p2: Pride|[notarget]\n|-fail|p2a: sloth\n|\n|-heal|p2a: sloth|47\/100|[from] item: Leftovers\n|-fieldend|move: Trick Room\n|upkeep\n|-message|Lilytheloudmouth forfeited.\n|\n|win|guzmfran\n|raw|guzmfran's rating: 1223 &rarr; <strong>1235<\/strong><br \/>(+12 for winning)\n|raw|Lilytheloudmouth's rating: 1029 &rarr; <strong>1022<\/strong><br \/>(-7 for losing)\n|l|\u2606Lilytheloudmouth\n","uploadtime":1700173341,"views":10,"p1id":"guzmfran","p2id":"lilytheloudmouth","formatid":"gen9nationaldexdoubles","rating":1022,"private":0,"password":""}