{"id":"gen9nationaldexdoubles-1996622100","p1":"TexanFarmersMarket","p2":"Plush Candy","format":"[Gen 9] National Dex Doubles","log":"|j|\u2606TexanFarmersMarket\n|j|\u2606Plush Candy\n|t:|1700701717\n|gametype|doubles\n|player|p1|TexanFarmersMarket|artist-gen4|\n|player|p2|Plush Candy|blue-gen1two|\n|teamsize|p1|6\n|teamsize|p2|6\n|gen|9\n|tier|[Gen 9] National Dex Doubles\n|rule|HP Percentage Mod: HP is shown in percentages\n|rule|Endless Battle Clause: Forcing endless battles is banned\n|rule|OHKO Clause: OHKO moves are banned\n|rule|Evasion Moves Clause: Evasion moves are banned\n|rule|Evasion Abilities Clause: Evasion abilities are banned\n|rule|Species Clause: Limit one of each Pok\u00e9mon\n|rule|Gravity Sleep Clause: The combination of sleep-inducing moves with imperfect accuracy and Gravity or Gigantamax Orbeetle are banned\n|clearpoke\n|poke|p1|Tyranitar, M|\n|poke|p1|Houndstone, F|\n|poke|p1|Articuno-Galar|\n|poke|p1|Oranguru, F|\n|poke|p1|Camerupt, F|\n|poke|p1|Sneasler, F|\n|poke|p2|Ninetales-Alola, M|\n|poke|p2|Arctozolt|\n|poke|p2|Mamoswine, F|\n|poke|p2|Rotom-Frost|\n|poke|p2|Slowking-Galar, M|\n|poke|p2|Kyurem-Black|\n|teampreview\n|inactive|Battle timer is ON: inactive players will automatically lose when time's up. (requested by TexanFarmersMarket)\n|c|\u2606Plush Candy|Glhf\n|c|\u2606TexanFarmersMarket|alr this is a old team\n|c|\u2606TexanFarmersMarket|glhf\n|\n|t:|1700701735\n|start\n|switch|p1a: Tyranitar|Tyranitar, M|100\/100\n|switch|p1b: Houndstone|Houndstone, F|100\/100\n|switch|p2a: Slowking|Slowking-Galar, M, shiny|100\/100\n|switch|p2b: Mamoswine|Mamoswine, F|100\/100\n|-weather|Sandstorm|[from] ability: Sand Stream|[of] p1a: Tyranitar\n|turn|1\n|c|\u2606Plush Candy|Houndstone's OU in Double?\n|c|\u2606TexanFarmersMarket|apparently\n|inactive|Plush Candy has 270 seconds left.\n|c|\u2606Plush Candy|Interesting\n|inactiveoff|Battle timer is now OFF.\n|\n|t:|1700701797\n|switch|p2a: Rotom|Rotom-Frost|100\/100\n|detailschange|p1a: Tyranitar|Tyranitar-Mega, M\n|-mega|p1a: Tyranitar|Tyranitar|Tyranitarite\n|move|p1b: Houndstone|Dig||[still]\n|-prepare|p1b: Houndstone|Dig\n|move|p2b: Mamoswine|Earthquake|p1b: Houndstone|[spread] p1a,p1b\n|-immune|p2a: Rotom|[from] ability: Levitate\n|-supereffective|p1a: Tyranitar\n|-damage|p1a: Tyranitar|14\/100\n|-damage|p1b: Houndstone|0 fnt\n|faint|p1b: Houndstone\n|move|p1a: Tyranitar|Dragon Dance|p1a: Tyranitar\n|-boost|p1a: Tyranitar|atk|1\n|-boost|p1a: Tyranitar|spe|1\n|\n|-weather|Sandstorm|[upkeep]\n|-damage|p2a: Rotom|94\/100|[from] Sandstorm\n|upkeep\n|\n|t:|1700701808\n|switch|p1b: Camerupt|Camerupt, F|100\/100\n|turn|2\n|\n|t:|1700701835\n|move|p1a: Tyranitar|Aqua Tail|p2b: Mamoswine\n|-supereffective|p2b: Mamoswine\n|-crit|p2b: Mamoswine\n|-damage|p2b: Mamoswine|0 fnt\n|faint|p2b: Mamoswine\n|move|p2a: Rotom|Volt Switch|p1a: Tyranitar\n|-damage|p1a: Tyranitar|0 fnt\n|faint|p1a: Tyranitar\n|c|\u2606Plush Candy|Damn that crit\n|\n|t:|1700701849\n|switch|p2a: Pluno|Ninetales-Alola, M|100\/100|[from] Volt Switch\n|-weather|Snow|[from] ability: Snow Warning|[of] p2a: Pluno\n|move|p1b: Camerupt|Yawn|p2a: Pluno\n|-start|p2a: Pluno|move: Yawn|[of] p1b: Camerupt\n|\n|-weather|Snow|[upkeep]\n|upkeep\n|\n|t:|1700701858\n|switch|p2b: Kyl|Kyurem-Black, shiny|100\/100\n|switch|p1a: Oranguru|Oranguru, F|100\/100\n|-ability|p2b: Kyl|Teravolt\n|turn|3\n|\n|t:|1700701892\n|switch|p1b: Articuno|Articuno-Galar|100\/100\n|move|p2a: Pluno|Blizzard|p1a: Oranguru|[spread] p1a,p1b\n|-supereffective|p1b: Articuno\n|-damage|p1a: Oranguru|83\/100\n|-damage|p1b: Articuno|31\/100\n|-enditem|p1b: Articuno|Weakness Policy\n|-boost|p1b: Articuno|atk|2|[from] item: Weakness Policy\n|-boost|p1b: Articuno|spa|2|[from] item: Weakness Policy\n|-activate|p1a: Oranguru|ability: Symbiosis|Absorb Bulb|[of] p1b: Articuno\n|move|p2b: Kyl|Outrage|p1a: Oranguru\n|-damage|p1a: Oranguru|17\/100\n|move|p1a: Oranguru|Reflect|p1a: Oranguru\n|-sidestart|p1: TexanFarmersMarket|Reflect\n|\n|-weather|Snow|[upkeep]\n|-end|p2a: Pluno|move: Yawn|[silent]\n|-status|p2a: Pluno|slp\n|upkeep\n|turn|4\n|\n|t:|1700701924\n|-terastallize|p1b: Articuno|Psychic\n|cant|p2a: Pluno|slp\n|move|p2b: Kyl|Outrage|p1b: Articuno|[from]lockedmove\n|-damage|p1b: Articuno|0 fnt\n|faint|p1b: Articuno\n|-start|p2b: Kyl|confusion|[fatigue]\n|move|p1a: Oranguru|Instruct|p1: Articuno|[notarget]\n|-fail|p1a: Oranguru\n|\n|-weather|Snow|[upkeep]\n|upkeep\n|\n|t:|1700701931\n|switch|p1b: Camerupt|Camerupt, F|100\/100\n|turn|5\n|c|\u2606TexanFarmersMarket|aw man\n|\n|t:|1700701940\n|switch|p2b: Rotom|Rotom-Frost|94\/100\n|cant|p2a: Pluno|slp\n|move|p1b: Camerupt|Eruption|p2b: Rotom|[spread] p2a,p2b\n|-supereffective|p2a: Pluno\n|-supereffective|p2b: Rotom\n|-damage|p2a: Pluno|0 fnt\n|-damage|p2b: Rotom|0 fnt\n|faint|p2a: Pluno\n|faint|p2b: Rotom\n|move|p1a: Oranguru|Instruct|p1b: Camerupt\n|-singleturn|p1b: Camerupt|move: Instruct|[of] p1a: Oranguru\n|move|p1b: Camerupt|Eruption|p2: Pluno|[notarget]\n|-fail|p1b: Camerupt\n|\n|-weather|Snow|[upkeep]\n|upkeep\n|\n|t:|1700701955\n|switch|p2a: Black Ice|Arctozolt, shiny|100\/100\n|switch|p2b: Kyl|Kyurem-Black, shiny|100\/100\n|-ability|p2b: Kyl|Teravolt\n|turn|6\n|\n|t:|1700701987\n|move|p2a: Black Ice|Low Kick|p1b: Camerupt\n|-damage|p1b: Camerupt|56\/100\n|move|p2b: Kyl|Ice Beam|p1b: Camerupt\n|-damage|p1b: Camerupt|8\/100\n|move|p1b: Camerupt|Eruption|p2b: Kyl|[spread] p2a,p2b\n|-supereffective|p2a: Black Ice\n|-damage|p2a: Black Ice|83\/100\n|-damage|p2b: Kyl|96\/100\n|move|p1a: Oranguru|Instruct|p1b: Camerupt\n|-singleturn|p1b: Camerupt|move: Instruct|[of] p1a: Oranguru\n|move|p1b: Camerupt|Eruption|p2b: Kyl|[spread] p2a,p2b\n|-supereffective|p2a: Black Ice\n|-damage|p2a: Black Ice|66\/100\n|-damage|p2b: Kyl|90\/100\n|\n|-weather|none\n|upkeep\n|turn|7\n|\n|t:|1700702017\n|switch|p2a: Slowking|Slowking-Galar, M, shiny|100\/100\n|move|p2b: Kyl|Fusion Bolt|p1a: Oranguru\n|-damage|p1a: Oranguru|0 fnt\n|faint|p1a: Oranguru\n|move|p1b: Camerupt|Eruption|p2a: Slowking|[spread] p2a,p2b\n|-damage|p2a: Slowking|96\/100\n|-damage|p2b: Kyl|85\/100\n|\n|-sideend|p1: TexanFarmersMarket|Reflect\n|upkeep\n|\n|t:|1700702024\n|switch|p1a: Sneasler|Sneasler, F|100\/100\n|-item|p1a: Sneasler|Air Balloon\n|turn|8\n|\n|t:|1700702061\n|move|p1a: Sneasler|Night Slash|p2a: Slowking\n|-supereffective|p2a: Slowking\n|-damage|p2a: Slowking|60\/100\n|-damage|p1a: Sneasler|84\/100|[from] item: Rocky Helmet|[of] p2a: Slowking\n|move|p2b: Kyl|Fusion Bolt|p1a: Sneasler\n|-damage|p1a: Sneasler|22\/100\n|-enditem|p1a: Sneasler|Air Balloon\n|move|p1b: Camerupt|Eruption|p2a: Slowking|[spread] p2a,p2b\n|-crit|p2a: Slowking\n|-damage|p2a: Slowking|53\/100\n|-damage|p2b: Kyl|80\/100\n|move|p2a: Slowking|Chilly Reception|p2a: Slowking\n|-weather|Snow\n|\n|t:|1700702077\n|switch|p2a: Black Ice|Arctozolt, shiny|66\/100|[from] Chilly Reception\n|\n|-weather|Snow|[upkeep]\n|upkeep\n|turn|9\n|\n|t:|1700702103\n|move|p1a: Sneasler|Close Combat|p2b: Kyl\n|-supereffective|p2b: Kyl\n|-damage|p2b: Kyl|3\/100\n|-unboost|p1a: Sneasler|def|1\n|-unboost|p1a: Sneasler|spd|1\n|-enditem|p2b: Kyl|Weakness Policy\n|-boost|p2b: Kyl|atk|2|[from] item: Weakness Policy\n|-boost|p2b: Kyl|spa|2|[from] item: Weakness Policy\n|move|p2a: Black Ice|Bolt Beak|p1a: Sneasler\n|-damage|p1a: Sneasler|0 fnt\n|faint|p1a: Sneasler\n|move|p2b: Kyl|Outrage|p1b: Camerupt\n|-damage|p1b: Camerupt|0 fnt\n|faint|p1b: Camerupt\n|\n|win|Plush Candy\n|c|\u2606TexanFarmersMarket|ggwp\n|c|\u2606Plush Candy|My boi angy\n|c|\u2606Plush Candy|Gg\n|c|\u2606Plush Candy|So my KyuB set works really well\n|l|\u2606TexanFarmersMarket\n|c|\u2606Plush Candy|All I need to do is convince Crim's ignorant ass that Gen 7 KyuB is viable for rightful use\n","uploadtime":1700702176,"views":0,"p1id":"texanfarmersmarket","p2id":"plushcandy","formatid":"gen9nationaldexdoubles","rating":0,"private":0,"password":""}