{"id":"gen9nationaldexdoubles-1966027423","p1":"JM35468","p2":"Kat Mono","format":"[Gen 9] National Dex Doubles","log":"|j|\u2606JM35468\n|j|\u2606Kat Mono\n|t:|1697138617\n|gametype|doubles\n|player|p1|JM35468|2|1122\n|player|p2|Kat Mono|lusamine-nihilego|1115\n|teamsize|p1|4\n|teamsize|p2|6\n|gen|9\n|tier|[Gen 9] National Dex Doubles\n|rated|\n|rule|HP Percentage Mod: HP is shown in percentages\n|rule|Endless Battle Clause: Forcing endless battles is banned\n|rule|OHKO Clause: OHKO moves are banned\n|rule|Evasion Moves Clause: Evasion moves are banned\n|rule|Evasion Abilities Clause: Evasion abilities are banned\n|rule|Species Clause: Limit one of each Pok\u00e9mon\n|rule|Gravity Sleep Clause: The combination of sleep-inducing moves with imperfect accuracy and Gravity or Gigantamax Orbeetle are banned\n|clearpoke\n|poke|p1|Alakazam, F|\n|poke|p1|Indeedee-F, F|\n|poke|p1|Grimmsnarl, M|\n|poke|p1|Empoleon, F|\n|poke|p2|Kleavor, M|\n|poke|p2|Chansey, F|\n|poke|p2|Amoonguss, F|\n|poke|p2|Grimmsnarl, M|\n|poke|p2|Diancie|\n|poke|p2|Obstagoon, F|\n|teampreview\n|inactive|Battle timer is ON: inactive players will automatically lose when time's up. (requested by Kat Mono)\n|\n|t:|1697138635\n|start\n|switch|p1a: Grimmsnarl|Grimmsnarl, M|100\/100\n|switch|p1b: Empoleon|Empoleon, F|100\/100\n|switch|p2a: Diancie|Diancie|100\/100\n|switch|p2b: Grimmsnarl|Grimmsnarl, M|100\/100\n|turn|1\n|\n|t:|1697138655\n|detailschange|p2a: Diancie|Diancie-Mega\n|-mega|p2a: Diancie|Diancie|Diancite\n|move|p1a: Grimmsnarl|Reflect|p1a: Grimmsnarl\n|-sidestart|p1: JM35468|Reflect\n|move|p2b: Grimmsnarl|Reflect|p2b: Grimmsnarl\n|-sidestart|p2: Kat Mono|Reflect\n|move|p2a: Diancie|Rock Polish|p2a: Diancie\n|-boost|p2a: Diancie|spe|2\n|move|p1b: Empoleon|Flash Cannon|p2a: Diancie\n|-supereffective|p2a: Diancie\n|-damage|p2a: Diancie|0 fnt\n|faint|p2a: Diancie\n|\n|upkeep\n|inactive|Kat Mono has 120 seconds left.\n|\n|t:|1697138671\n|switch|p2a: Amoonguss|Amoonguss, F|100\/100\n|turn|2\n|\n|t:|1697138684\n|move|p2b: Grimmsnarl|Light Screen|p2b: Grimmsnarl\n|-sidestart|p2: Kat Mono|move: Light Screen\n|move|p1a: Grimmsnarl|Taunt|p2a: Amoonguss\n|-start|p2a: Amoonguss|move: Taunt\n|move|p1b: Empoleon|Ice Beam|p2b: Grimmsnarl\n|-damage|p2b: Grimmsnarl|84\/100\n|move|p2a: Amoonguss|Giga Drain|p1b: Empoleon\n|-damage|p1b: Empoleon|73\/100\n|\n|-heal|p2b: Grimmsnarl|90\/100|[from] item: Leftovers\n|upkeep\n|turn|3\n|\n|t:|1697138709\n|move|p1a: Grimmsnarl|Light Screen|p1a: Grimmsnarl\n|-sidestart|p1: JM35468|move: Light Screen\n|move|p2b: Grimmsnarl|Parting Shot|p1b: Empoleon\n|-unboost|p1b: Empoleon|atk|1\n|-ability|p1b: Empoleon|Competitive|boost\n|-boost|p1b: Empoleon|spa|2\n|-unboost|p1b: Empoleon|spa|1\n|-ability|p1b: Empoleon|Competitive|boost\n|-boost|p1b: Empoleon|spa|2\n|inactive|Kat Mono has 120 seconds left.\n|\n|t:|1697138721\n|switch|p2b: Obstagoon|Obstagoon, F|100\/100|[from] Parting Shot\n|move|p1b: Empoleon|Ice Beam|p2a: Amoonguss\n|-supereffective|p2a: Amoonguss\n|-damage|p2a: Amoonguss|5\/100\n|move|p2a: Amoonguss|Foul Play|p1b: Empoleon\n|-damage|p1b: Empoleon|66\/100\n|-damage|p2a: Amoonguss|0 fnt|[from] item: Rocky Helmet|[of] p1b: Empoleon\n|faint|p2a: Amoonguss\n|\n|-status|p2b: Obstagoon|brn|[from] item: Flame Orb\n|upkeep\n|inactive|Kat Mono has 120 seconds left.\n|\n|t:|1697138736\n|switch|p2a: Kleavor|Kleavor, M|100\/100\n|turn|4\n|inactive|Kat Mono has 120 seconds left.\n|\n|t:|1697138755\n|-terastallize|p2a: Kleavor|Bug\n|move|p1a: Grimmsnarl|Parting Shot|p2b: Obstagoon\n|-hint|Since gen 7, Dark is immune to Prankster moves.\n|-immune|p2b: Obstagoon\n|move|p2b: Obstagoon|Close Combat|p1b: Empoleon\n|-supereffective|p1b: Empoleon\n|-damage|p1b: Empoleon|0 fnt\n|-unboost|p2b: Obstagoon|def|1\n|-unboost|p2b: Obstagoon|spd|1\n|-damage|p2b: Obstagoon|84\/100 brn|[from] item: Rocky Helmet|[of] p1b: Empoleon\n|faint|p1b: Empoleon\n|move|p2a: Kleavor|Fury Cutter|p1a: Grimmsnarl\n|-damage|p1a: Grimmsnarl|65\/100\n|\n|-damage|p2b: Obstagoon|78\/100 brn|[from] brn\n|upkeep\n|\n|t:|1697138774\n|switch|p1b: Alakazam|Alakazam, F|100\/100\n|turn|5\n|\n|t:|1697138783\n|detailschange|p1b: Alakazam|Alakazam-Mega, F\n|-mega|p1b: Alakazam|Alakazam|Alakazite\n|-ability|p1b: Alakazam|Guts|[from] ability: Trace|[of] p2b: Obstagoon\n|move|p1b: Alakazam|Protect|p1b: Alakazam\n|-singleturn|p1b: Alakazam|Protect\n|move|p1a: Grimmsnarl|Parting Shot|p2a: Kleavor\n|-unboost|p2a: Kleavor|atk|1\n|-unboost|p2a: Kleavor|spa|1\n|\n|t:|1697138792\n|switch|p1a: Indeedee|Indeedee-F, F|100\/100|[from] Parting Shot\n|-fieldstart|move: Psychic Terrain|[from] ability: Psychic Surge|[of] p1a: Indeedee\n|move|p2b: Obstagoon|Facade|p1a: Indeedee\n|-damage|p1a: Indeedee|33\/100\n|move|p2a: Kleavor|Fury Cutter|p1b: Alakazam\n|-activate|p1b: Alakazam|move: Protect\n|\n|-damage|p2b: Obstagoon|72\/100 brn|[from] brn\n|-sideend|p2: Kat Mono|Reflect\n|upkeep\n|turn|6\n|\n|t:|1697138813\n|move|p1a: Indeedee|Follow Me|p1a: Indeedee\n|-singleturn|p1a: Indeedee|move: Follow Me\n|move|p1b: Alakazam|Dazzling Gleam|p2b: Obstagoon|[spread] p2a,p2b\n|-supereffective|p2b: Obstagoon\n|-damage|p2a: Kleavor|70\/100\n|-damage|p2b: Obstagoon|4\/100 brn\n|move|p2b: Obstagoon|Knock Off|p1a: Indeedee\n|-supereffective|p1a: Indeedee\n|-damage|p1a: Indeedee|0 fnt\n|-enditem|p1a: Indeedee|Figy Berry|[from] move: Knock Off|[of] p2b: Obstagoon\n|faint|p1a: Indeedee\n|move|p2a: Kleavor|Fury Cutter|p1b: Alakazam|[miss]\n|-miss|p2a: Kleavor|p1b: Alakazam\n|\n|-damage|p2b: Obstagoon|0 fnt|[from] brn\n|faint|p2b: Obstagoon\n|-sideend|p2: Kat Mono|move: Light Screen\n|upkeep\n|\n|t:|1697138831\n|switch|p2b: Chansey|Chansey, F|100\/100\n|switch|p1a: Grimmsnarl|Grimmsnarl, M|65\/100\n|turn|7\n|\n|t:|1697138852\n|move|p1a: Grimmsnarl|Parting Shot|p2a: Kleavor\n|-activate|p2a: Kleavor|move: Psychic Terrain\n|move|p1b: Alakazam|Nasty Plot|p1b: Alakazam\n|-boost|p1b: Alakazam|spa|2\n|move|p2a: Kleavor|Fury Cutter|p1a: Grimmsnarl\n|-damage|p1a: Grimmsnarl|41\/100\n|move|p2b: Chansey|Heal Pulse|p2a: Kleavor\n|-heal|p2a: Kleavor|100\/100\n|\n|upkeep\n|turn|8\n|\n|t:|1697138873\n|move|p1a: Grimmsnarl|Taunt|p2b: Chansey\n|-activate|p2b: Chansey|move: Psychic Terrain\n|move|p1b: Alakazam|Expanding Force|p2a: Kleavor|[spread] p2a,p2b\n|-damage|p2a: Kleavor|0 fnt\n|-damage|p2b: Chansey|50\/100\n|faint|p2a: Kleavor\n|move|p2b: Chansey|Toxic|p1a: Grimmsnarl\n|-status|p1a: Grimmsnarl|tox\n|\n|-damage|p1a: Grimmsnarl|35\/100 tox|[from] psn\n|-sideend|p1: JM35468|Reflect\n|upkeep\n|\n|t:|1697138887\n|switch|p2a: Grimmsnarl|Grimmsnarl, M|90\/100\n|turn|9\n|\n|t:|1697138911\n|move|p1a: Grimmsnarl|Taunt|p2b: Chansey\n|-activate|p2b: Chansey|move: Psychic Terrain\n|move|p1b: Alakazam|Expanding Force|p2b: Chansey|[spread] p2b\n|-immune|p2a: Grimmsnarl\n|-damage|p2b: Chansey|1\/100\n|move|p2a: Grimmsnarl|Spirit Break|p1b: Alakazam\n|-damage|p1b: Alakazam|41\/100\n|-unboost|p1b: Alakazam|spa|1\n|move|p2b: Chansey|Soft-Boiled|p2b: Chansey\n|-heal|p2b: Chansey|51\/100\n|\n|-heal|p2a: Grimmsnarl|96\/100|[from] item: Leftovers\n|-damage|p1a: Grimmsnarl|22\/100 tox|[from] psn\n|-fieldend|move: Psychic Terrain\n|upkeep\n|turn|10\n|\n|t:|1697138931\n|move|p1a: Grimmsnarl|Taunt|p2b: Chansey\n|-start|p2b: Chansey|move: Taunt\n|move|p1b: Alakazam|Dazzling Gleam|p2b: Chansey|[spread] p2a,p2b\n|-supereffective|p2a: Grimmsnarl\n|-damage|p2a: Grimmsnarl|42\/100\n|-damage|p2b: Chansey|40\/100\n|move|p2a: Grimmsnarl|Spirit Break|p1b: Alakazam\n|-damage|p1b: Alakazam|0 fnt\n|faint|p1b: Alakazam\n|move|p2b: Chansey|Power-Up Punch|p1a: Grimmsnarl\n|-damage|p1a: Grimmsnarl|20\/100 tox\n|-boost|p2b: Chansey|atk|1\n|\n|-heal|p2a: Grimmsnarl|48\/100|[from] item: Leftovers\n|-damage|p1a: Grimmsnarl|2\/100 tox|[from] psn\n|-sideend|p1: JM35468|move: Light Screen\n|upkeep\n|turn|11\n|c|\u2606Kat Mono|Gg!\n|inactive|JM35468 has 120 seconds left.\n|l|\u2606JM35468\n|inactive|JM35468 disconnected and has a minute to reconnect!\n|player|p1|\n|inactive|JM35468 has 30 seconds to reconnect!\n|inactive|JM35468 has 20 seconds to reconnect!\n|inactive|JM35468 has 15 seconds to reconnect!\n|inactive|JM35468 has 10 seconds to reconnect!\n|inactive|JM35468 has 5 seconds to reconnect!\n|-message|JM35468 lost due to inactivity.\n|\n|win|Kat Mono\n|raw|JM35468's rating: 1122 &rarr; <strong>1096<\/strong><br \/>(-26 for losing)\n|raw|Kat Mono's rating: 1115 &rarr; <strong>1141<\/strong><br \/>(+26 for winning)\n","uploadtime":1697139029,"views":3,"p1id":"jm35468","p2id":"katmono","formatid":"gen9nationaldexdoubles","rating":1096,"private":0,"password":""}