{"id":"gen9nationaldexdoubles-1960620776","p1":"Bleebobloop","p2":"Doyourenember","format":"[Gen 9] National Dex Doubles","log":"|j|\u2606Bleebobloop\n|j|\u2606Doyourenember\n|t:|1696539737\n|gametype|doubles\n|player|p1|Bleebobloop|psychicf-gen4|1119\n|player|p2|Doyourenember|wallace|1077\n|teamsize|p1|6\n|teamsize|p2|6\n|gen|9\n|tier|[Gen 9] National Dex Doubles\n|rated|\n|rule|HP Percentage Mod: HP is shown in percentages\n|rule|Endless Battle Clause: Forcing endless battles is banned\n|rule|OHKO Clause: OHKO moves are banned\n|rule|Evasion Moves Clause: Evasion moves are banned\n|rule|Evasion Abilities Clause: Evasion abilities are banned\n|rule|Species Clause: Limit one of each Pok\u00e9mon\n|rule|Gravity Sleep Clause: The combination of sleep-inducing moves with imperfect accuracy and Gravity or Gigantamax Orbeetle are banned\n|clearpoke\n|poke|p1|Oricorio-Pom-Pom, F|\n|poke|p1|Volcarona, M|\n|poke|p1|Weezing-Galar, M|\n|poke|p1|Quaquaval, F|\n|poke|p1|Shiftry, F|\n|poke|p1|Slaking, M|\n|poke|p2|Lilligant, F|\n|poke|p2|Torkoal, M|\n|poke|p2|Talonflame, F|\n|poke|p2|Fezandipiti, M|\n|poke|p2|Shiftry, F|\n|poke|p2|Sandy Shocks|\n|teampreview\n|\n|t:|1696539747\n|start\n|switch|p1a: Weezing|Weezing-Galar, M|100\/100\n|switch|p1b: Slaking|Slaking, M|100\/100\n|switch|p2a: Torkoal|Torkoal, M|100\/100\n|switch|p2b: Sandy Shocks|Sandy Shocks|100\/100\n|-ability|p1a: Weezing|Neutralizing Gas\n|turn|1\n|\n|t:|1696539769\n|move|p2b: Sandy Shocks|Flash Cannon|p1a: Weezing\n|-supereffective|p1a: Weezing\n|-damage|p1a: Weezing|30\/100\n|move|p1b: Slaking|Earthquake|p2b: Sandy Shocks|[spread] p1a,p2a,p2b\n|-supereffective|p1a: Weezing\n|-supereffective|p2a: Torkoal\n|-supereffective|p2b: Sandy Shocks\n|-damage|p1a: Weezing|0 fnt\n|-damage|p2a: Torkoal|53\/100\n|-damage|p2b: Sandy Shocks|27\/100\n|faint|p1a: Weezing\n|-end|p1a: Weezing|ability: Neutralizing Gas\n|-weather|SunnyDay|[from] ability: Drought|[of] p2a: Torkoal\n|-activate|p2b: Sandy Shocks|ability: Protosynthesis\n|-start|p2b: Sandy Shocks|protosynthesisspa\n|move|p2a: Torkoal|Eruption|p1b: Slaking\n|-damage|p1b: Slaking|28\/100\n|\n|-weather|SunnyDay|[upkeep]\n|upkeep\n|\n|t:|1696539784\n|switch|p1a: Shiftry|Shiftry, F|100\/100\n|turn|2\n|\n|t:|1696539796\n|move|p2b: Sandy Shocks|Thunderbolt|p1b: Slaking\n|-damage|p1b: Slaking|0 fnt\n|faint|p1b: Slaking\n|move|p1a: Shiftry|Tailwind|p1a: Shiftry\n|-sidestart|p1: Bleebobloop|move: Tailwind\n|-ability|p1a: Shiftry|Wind Rider|boost\n|-boost|p1a: Shiftry|atk|1\n|move|p2a: Torkoal|Eruption|p1a: Shiftry\n|-supereffective|p1a: Shiftry\n|-damage|p1a: Shiftry|0 fnt\n|faint|p1a: Shiftry\n|\n|-weather|SunnyDay|[upkeep]\n|upkeep\n|\n|t:|1696539808\n|switch|p1a: Oricorio|Oricorio-Pom-Pom, F, shiny|100\/100\n|switch|p1b: Volcarona|Volcarona, M|100\/100\n|turn|3\n|\n|t:|1696539820\n|move|p1b: Volcarona|Quiver Dance|p1b: Volcarona\n|-boost|p1b: Volcarona|spa|1\n|-boost|p1b: Volcarona|spd|1\n|-boost|p1b: Volcarona|spe|1\n|-activate|p1a: Oricorio|ability: Dancer\n|move|p1a: Oricorio|Quiver Dance|p1a: Oricorio|[from]ability: Dancer\n|-boost|p1a: Oricorio|spa|1\n|-boost|p1a: Oricorio|spd|1\n|-boost|p1a: Oricorio|spe|1\n|move|p1a: Oricorio|Quiver Dance|p1a: Oricorio\n|-boost|p1a: Oricorio|spa|1\n|-boost|p1a: Oricorio|spd|1\n|-boost|p1a: Oricorio|spe|1\n|move|p2b: Sandy Shocks|Earth Power|p1b: Volcarona\n|-damage|p1b: Volcarona|57\/100\n|move|p2a: Torkoal|Eruption|p1b: Volcarona|[spread] p1a,p1b\n|-damage|p1a: Oricorio|52\/100\n|-damage|p1b: Volcarona|18\/100\n|-enditem|p1b: Volcarona|Salac Berry|[eat]\n|-boost|p1b: Volcarona|spe|1|[from] item: Salac Berry\n|\n|-weather|SunnyDay|[upkeep]\n|upkeep\n|turn|4\n|\n|t:|1696539852\n|move|p1b: Volcarona|Fiery Dance|p2a: Torkoal\n|-resisted|p2a: Torkoal\n|-damage|p2a: Torkoal|0 fnt\n|faint|p2a: Torkoal\n|-activate|p1a: Oricorio|ability: Dancer\n|move|p1a: Oricorio|Fiery Dance|p2b: Sandy Shocks|[from]ability: Dancer\n|-damage|p2b: Sandy Shocks|0 fnt\n|faint|p2b: Sandy Shocks\n|-end|p2b: Sandy Shocks|Protosynthesis|[silent]\n|move|p1a: Oricorio|Air Slash|p2: Torkoal|[notarget]\n|-fail|p1a: Oricorio\n|\n|-weather|SunnyDay|[upkeep]\n|upkeep\n|\n|t:|1696539876\n|switch|p2b: Fezandipiti|Fezandipiti, M|100\/100\n|switch|p2a: Talonflame|Talonflame, F|100\/100\n|turn|5\n|\n|t:|1696539888\n|move|p2a: Talonflame|Acrobatics|p1b: Volcarona\n|-supereffective|p1b: Volcarona\n|-damage|p1b: Volcarona|0 fnt\n|faint|p1b: Volcarona\n|move|p1a: Oricorio|Revelation Dance|p2a: Talonflame\n|-supereffective|p2a: Talonflame\n|-damage|p2a: Talonflame|0 fnt\n|faint|p2a: Talonflame\n|move|p2b: Fezandipiti|Icy Wind|p1a: Oricorio\n|-supereffective|p1a: Oricorio\n|-damage|p1a: Oricorio|36\/100\n|-unboost|p1a: Oricorio|spe|1\n|\n|-weather|none\n|-sideend|p1: Bleebobloop|move: Tailwind\n|upkeep\n|\n|t:|1696539905\n|switch|p2a: Shiftry|Shiftry, F|100\/100\n|switch|p1b: Quaquaval|Quaquaval, F|100\/100\n|turn|6\n|\n|t:|1696539919\n|move|p1a: Oricorio|Feather Dance|p2a: Shiftry\n|-unboost|p2a: Shiftry|atk|2\n|move|p2b: Fezandipiti|Play Rough|p1a: Oricorio\n|-damage|p1a: Oricorio|0 fnt\n|faint|p1a: Oricorio\n|move|p1b: Quaquaval|Aqua Step|p2b: Fezandipiti\n|-damage|p2b: Fezandipiti|43\/100\n|-boost|p1b: Quaquaval|spe|1\n|move|p2a: Shiftry|Leaf Blade|p1b: Quaquaval\n|-supereffective|p1b: Quaquaval\n|-damage|p1b: Quaquaval|35\/100\n|\n|upkeep\n|turn|7\n|\n|t:|1696539940\n|move|p1b: Quaquaval|Low Kick|p2a: Shiftry\n|-supereffective|p2a: Shiftry\n|-damage|p2a: Shiftry|0 fnt\n|faint|p2a: Shiftry\n|-ability|p1b: Quaquaval|Moxie|boost\n|-boost|p1b: Quaquaval|atk|1\n|move|p2b: Fezandipiti|Play Rough|p1b: Quaquaval\n|-supereffective|p1b: Quaquaval\n|-crit|p1b: Quaquaval\n|-damage|p1b: Quaquaval|0 fnt\n|faint|p1b: Quaquaval\n|\n|win|Doyourenember\n|raw|Bleebobloop's rating: 1119 &rarr; <strong>1091<\/strong><br \/>(-28 for losing)\n|raw|Doyourenember's rating: 1077 &rarr; <strong>1109<\/strong><br \/>(+32 for winning)\n|l|\u2606Bleebobloop\n","uploadtime":1696539957,"views":12,"p1id":"bleebobloop","p2id":"doyourenember","formatid":"gen9nationaldexdoubles","rating":1091,"private":0,"password":""}