{"id":"gen9nationaldexdoubles-1999354010","p1":"BROCKISAROCK","p2":"Whaleu","format":"[Gen 9] National Dex Doubles","log":"|j|\u2606BROCKISAROCK\n|j|\u2606Whaleu\n|t:|1701065433\n|gametype|doubles\n|player|p1|BROCKISAROCK|brock|\n|player|p2|Whaleu|266|\n|teamsize|p1|6\n|teamsize|p2|6\n|gen|9\n|tier|[Gen 9] National Dex Doubles\n|rule|HP Percentage Mod: HP is shown in percentages\n|rule|Endless Battle Clause: Forcing endless battles is banned\n|rule|OHKO Clause: OHKO moves are banned\n|rule|Evasion Moves Clause: Evasion moves are banned\n|rule|Evasion Abilities Clause: Evasion abilities are banned\n|rule|Species Clause: Limit one of each Pok\u00e9mon\n|rule|Gravity Sleep Clause: The combination of sleep-inducing moves with imperfect accuracy and Gravity or Gigantamax Orbeetle are banned\n|rule|Item Clause: Limit one of each item\n|clearpoke\n|poke|p1|Gyarados, M|\n|poke|p1|Kricketune, M|\n|poke|p1|Krookodile, M|\n|poke|p1|Dudunsparce-*, M|\n|poke|p1|Machamp, F|\n|poke|p1|Sceptile, F|\n|poke|p2|Clefable, F|\n|poke|p2|Quaquaval, M|\n|poke|p2|Serperior, F|\n|poke|p2|Klinklang|\n|poke|p2|Nidoking, M|\n|poke|p2|Gliscor, F|\n|teampreview|4\n|\n|t:|1701065473\n|start\n|switch|p1a: THE KING|Dudunsparce-Three-Segment, M|100\/100\n|switch|p1b: SHRIMP|Gyarados, M|100\/100\n|switch|p2a: Serperior|Serperior, F|100\/100\n|switch|p2b: Quaquaval|Quaquaval, M|100\/100\n|-ability|p1b: SHRIMP|Intimidate|boost\n|-boost|p2a: Serperior|atk|1\n|-unboost|p2b: Quaquaval|atk|1\n|turn|1\n|\n|t:|1701065527\n|switch|p2a: Klinklang|Klinklang|100\/100\n|switch|p1a: KUSH|Sceptile, F|100\/100\n|move|p2b: Quaquaval|Close Combat|p1a: KUSH\n|-damage|p1a: KUSH|31\/100\n|-unboost|p2b: Quaquaval|def|1\n|-unboost|p2b: Quaquaval|spd|1\n|move|p1b: SHRIMP|Reflect|p1b: SHRIMP\n|-sidestart|p1: BROCKISAROCK|Reflect\n|\n|upkeep\n|turn|2\n|\n|t:|1701065574\n|switch|p2b: Serperior|Serperior, F|100\/100\n|switch|p1b: K ROOL|Krookodile, M|100\/100\n|detailschange|p1a: KUSH|Sceptile-Mega, F\n|-mega|p1a: KUSH|Sceptile|Sceptilite\n|move|p1a: KUSH|Energy Ball|p2b: Serperior\n|-resisted|p2b: Serperior\n|-damage|p2b: Serperior|70\/100\n|move|p2a: Klinklang|Thunderbolt|p1a: KUSH\n|-activate|p1a: KUSH|ability: Lightning Rod\n|-ability|p1a: KUSH|Lightning Rod|boost\n|-boost|p1a: KUSH|spa|1\n|\n|upkeep\n|turn|3\n|\n|t:|1701065623\n|move|p1a: KUSH|Protect|p1a: KUSH\n|-singleturn|p1a: KUSH|Protect\n|move|p2b: Serperior|Leaf Storm|p1b: K ROOL|[miss]\n|-miss|p2b: Serperior|p1b: K ROOL\n|move|p1b: K ROOL|Earthquake|p2b: Serperior|[spread] p2a,p2b\n|-activate|p1a: KUSH|move: Protect\n|-supereffective|p2a: Klinklang\n|-resisted|p2b: Serperior\n|-damage|p2a: Klinklang|25\/100\n|-damage|p2b: Serperior|49\/100\n|move|p2a: Klinklang|Magnet Rise|p2a: Klinklang\n|-start|p2a: Klinklang|Magnet Rise\n|\n|upkeep\n|turn|4\n|\n|t:|1701065664\n|switch|p1b: SHRIMP|Gyarados, M|100\/100\n|-ability|p1b: SHRIMP|Intimidate|boost\n|-fail|p2a: Klinklang|unboost|[from] ability: Clear Body|[of] p2a: Klinklang\n|-boost|p2b: Serperior|atk|1\n|move|p1a: KUSH|Dragon Pulse|p2b: Serperior\n|-damage|p2b: Serperior|0 fnt\n|faint|p2b: Serperior\n|move|p2a: Klinklang|Thunderbolt|p1a: KUSH\n|-activate|p1a: KUSH|ability: Lightning Rod\n|-ability|p1a: KUSH|Lightning Rod|boost\n|-boost|p1a: KUSH|spa|1\n|\n|upkeep\n|\n|t:|1701065678\n|switch|p2b: Nidoking|Nidoking, M|100\/100\n|turn|5\n|\n|t:|1701065722\n|move|p1b: SHRIMP|Helping Hand|p1a: KUSH\n|-singleturn|p1a: KUSH|Helping Hand|[of] p1b: SHRIMP\n|move|p1a: KUSH|Energy Ball|p2b: Nidoking\n|-damage|p2b: Nidoking|0 fnt\n|faint|p2b: Nidoking\n|move|p2a: Klinklang|Gear Grind|p1a: KUSH|[miss]\n|-miss|p2a: Klinklang|p1a: KUSH\n|\n|upkeep\n|\n|t:|1701065736\n|switch|p2b: Quaquaval|Quaquaval, M|100\/100\n|turn|6\n|j| specner4\n|\n|t:|1701065767\n|switch|p1b: K ROOL|Krookodile, M|100\/100\n|move|p1a: KUSH|Energy Ball|p2b: Quaquaval\n|-supereffective|p2b: Quaquaval\n|-damage|p2b: Quaquaval|0 fnt\n|faint|p2b: Quaquaval\n|move|p2a: Klinklang|Gear Grind|p1a: KUSH\n|-damage|p1a: KUSH|8\/100\n|-damage|p1a: KUSH|0 fnt\n|faint|p1a: KUSH\n|-hitcount|p1: KUSH|2\n|\n|upkeep\n|\n|t:|1701065791\n|switch|p1a: THE KING|Dudunsparce-Three-Segment, M|100\/100\n|turn|7\n|\n|t:|1701065808\n|move|p1b: K ROOL|Knock Off|p2a: Klinklang\n|-damage|p2a: Klinklang|0 fnt\n|-enditem|p2a: Klinklang|Occa Berry|[from] move: Knock Off|[of] p1b: K ROOL\n|faint|p2a: Klinklang\n|\n|win|BROCKISAROCK\n","uploadtime":1701065815,"views":3,"p1id":"brockisarock","p2id":"whaleu","formatid":"gen9nationaldexdoubles","rating":0,"private":0,"password":""}