{"id":"gen9nationaldexdoubles-1955758672","p1":"AutumnCookie","p2":"parkle","format":"[Gen 9] National Dex Doubles","log":"|j|\u2606AutumnCookie\n|j|\u2606parkle\n|t:|1696025131\n|gametype|doubles\n|player|p1|AutumnCookie|blue|\n|player|p2|parkle|nemona-v|\n|teamsize|p1|6\n|teamsize|p2|6\n|gen|9\n|tier|[Gen 9] National Dex Doubles\n|rule|HP Percentage Mod: HP is shown in percentages\n|rule|Endless Battle Clause: Forcing endless battles is banned\n|rule|OHKO Clause: OHKO moves are banned\n|rule|Evasion Moves Clause: Evasion moves are banned\n|rule|Evasion Abilities Clause: Evasion abilities are banned\n|rule|Species Clause: Limit one of each Pok\u00e9mon\n|rule|Gravity Sleep Clause: The combination of sleep-inducing moves with imperfect accuracy and Gravity or Gigantamax Orbeetle are banned\n|clearpoke\n|poke|p1|Lycanroc-Midnight, M|\n|poke|p1|Incineroar, M|\n|poke|p1|Golisopod, F|\n|poke|p1|Mimikyu, F|\n|poke|p1|Scrafty, M|\n|poke|p1|Electivire, M|\n|poke|p2|Lycanroc, F|\n|poke|p2|Goodra, F|\n|poke|p2|Dudunsparce-*, M|\n|poke|p2|Orthworm, M|\n|poke|p2|Pawmot, M|\n|poke|p2|Quaquaval, M|\n|teampreview\n|\n|t:|1696025181\n|start\n|switch|p1a: Mimikyu|Mimikyu, F|100\/100\n|switch|p1b: Golisopod|Golisopod, F|100\/100\n|switch|p2a: Pawmot|Pawmot, M|100\/100\n|switch|p2b: Lycanroc|Lycanroc, F|100\/100\n|turn|1\n|c|\u2606parkle|okay i read you half right\n|c|\u2606parkle|half wrong\n|c|\u2606AutumnCookie|REAL\n|\n|t:|1696025235\n|move|p1b: Golisopod|First Impression|p2a: Pawmot\n|-resisted|p2a: Pawmot\n|-damage|p2a: Pawmot|50\/100\n|move|p2b: Lycanroc|Stealth Rock|p1a: Mimikyu\n|-sidestart|p1: AutumnCookie|move: Stealth Rock\n|move|p2a: Pawmot|Double Shock|p1b: Golisopod\n|-supereffective|p1b: Golisopod\n|-damage|p1b: Golisopod|9\/100\n|-start|p2a: Pawmot|typechange|???\/Fighting|[from] move: Double Shock\n|-activate|p1b: Golisopod|ability: Emergency Exit\n|c|\u2606AutumnCookie|Golisopod is very common for them to lead with\n|c|\u2606parkle|aw i was really hoping that'd one shot\n|c|\u2606AutumnCookie|WOW THAT DIDN'T KILL\n|c|\u2606parkle|YEAH .\n|c|\u2606parkle|WOW\n|c|\u2606parkle|i thought you'd do golisopod\/scrafty\n|c|\u2606parkle|to get moxie going\n|\n|t:|1696025269\n|switch|p1b: Scrafty|Scrafty, M|100\/100\n|-damage|p1b: Scrafty|95\/100|[from] Stealth Rock\n|move|p1a: Mimikyu|Swords Dance|p1a: Mimikyu\n|-boost|p1a: Mimikyu|atk|2\n|\n|-heal|p1b: Scrafty|100\/100|[from] item: Leftovers\n|upkeep\n|turn|2\n|\n|t:|1696025370\n|move|p2b: Lycanroc|Accelerock|p1a: Mimikyu\n|-activate|p1a: Mimikyu|ability: Disguise\n|-damage|p1a: Mimikyu|100\/100\n|detailschange|p1a: Mimikyu|Mimikyu-Busted, F\n|-damage|p1a: Mimikyu|88\/100|[from] pokemon: Mimikyu-Busted\n|-damage|p2b: Lycanroc|91\/100|[from] item: Life Orb\n|move|p2a: Pawmot|Close Combat|p1b: Scrafty\n|-supereffective|p1b: Scrafty\n|-damage|p1b: Scrafty|0 fnt\n|-unboost|p2a: Pawmot|def|1\n|-unboost|p2a: Pawmot|spd|1\n|faint|p1b: Scrafty\n|move|p1a: Mimikyu|Swords Dance|p1a: Mimikyu\n|-boost|p1a: Mimikyu|atk|2\n|\n|upkeep\n|c|\u2606AutumnCookie|I'm not sure if the rocks will actually just kill Golisopod lmao\n|c|\u2606parkle|:3\n|\n|t:|1696025418\n|switch|p1b: Electivire|Electivire, M|100\/100\n|-damage|p1b: Electivire|88\/100|[from] Stealth Rock\n|turn|3\n|\n|t:|1696025459\n|switch|p2a: Orthworm|Orthworm, M|100\/100\n|move|p2b: Lycanroc|Stone Edge|p1a: Mimikyu\n|-damage|p1a: Mimikyu|0 fnt\n|faint|p1a: Mimikyu\n|-damage|p2b: Lycanroc|81\/100|[from] item: Life Orb\n|move|p1b: Electivire|Ice Punch|p2b: Lycanroc\n|-damage|p2b: Lycanroc|45\/100\n|\n|upkeep\n|c|\u2606AutumnCookie|I want you to be aware the Mimikyu has 918 attack rn .\n|c|\u2606parkle|GET IT OUTTA THEEEERE\n|c|\u2606AutumnCookie|Or it did\n|c|\u2606AutumnCookie|LOL REAL\n|\n|t:|1696025480\n|switch|p1a: Incineroar|Incineroar, M|100\/100\n|-damage|p1a: Incineroar|76\/100|[from] Stealth Rock\n|-ability|p1a: Incineroar|Intimidate|boost\n|-unboost|p2a: Orthworm|atk|1\n|-unboost|p2b: Lycanroc|atk|1\n|turn|4\n|c|\u2606parkle|every time you brag about a pokemon's stat i gain the ability to ohko it\n|c|\u2606AutumnCookie|SO TRUE\n|c|\u2606AutumnCookie|I gotta stop doing that\n|\n|t:|1696025524\n|move|p2b: Lycanroc|Drill Run|p1b: Electivire|[miss]\n|-miss|p2b: Lycanroc|p1b: Electivire\n|move|p1b: Electivire|Ice Punch|p2b: Lycanroc\n|-damage|p2b: Lycanroc|11\/100\n|move|p1a: Incineroar|Flare Blitz|p2a: Orthworm\n|-supereffective|p2a: Orthworm\n|-damage|p2a: Orthworm|20\/100\n|-enditem|p2a: Orthworm|Sitrus Berry|[eat]\n|-heal|p2a: Orthworm|45\/100|[from] item: Sitrus Berry\n|-damage|p1a: Incineroar|48\/100|[from] Recoil\n|move|p2a: Orthworm|Body Press|p1a: Incineroar\n|-supereffective|p1a: Incineroar\n|-damage|p1a: Incineroar|0 fnt\n|faint|p1a: Incineroar\n|\n|upkeep\n|c|\u2606parkle|MISSED\n|c|\u2606parkle|GUH\n|c|\u2606AutumnCookie|THE MISS HELL YEAH\n|c|\u2606AutumnCookie|Really thought Flare Blitz would kill\n|\n|t:|1696025551\n|switch|p1a: Golisopod|Golisopod, F|9\/100\n|-damage|p1a: Golisopod|0 fnt|[from] Stealth Rock\n|faint|p1a: Golisopod\n|c|\u2606AutumnCookie|ROCKS DID KILL HER LOL\n|\n|t:|1696025562\n|switch|p1a: Lycanroc|Lycanroc-Midnight, M|100\/100\n|-damage|p1a: Lycanroc|88\/100|[from] Stealth Rock\n|turn|5\n|c|\u2606parkle|LMAOO\n|c|\u2606AutumnCookie|Might lose actually\n|c|\u2606AutumnCookie|Sad.\n|\n|t:|1696025646\n|-terastallize|p1a: Lycanroc|Grass\n|move|p2b: Lycanroc|Drill Run|p1b: Electivire\n|-supereffective|p1b: Electivire\n|-crit|p1b: Electivire\n|-damage|p1b: Electivire|0 fnt\n|faint|p1b: Electivire\n|-damage|p2b: Lycanroc|1\/100|[from] item: Life Orb\n|move|p1a: Lycanroc|Trailblaze|p2b: Lycanroc\n|-supereffective|p2b: Lycanroc\n|-damage|p2b: Lycanroc|0 fnt\n|-boost|p1a: Lycanroc|spe|1\n|faint|p2b: Lycanroc\n|-damage|p1a: Lycanroc|78\/100|[from] item: Life Orb\n|move|p2a: Orthworm|Earthquake|p1a: Lycanroc\n|-resisted|p1a: Lycanroc\n|-damage|p1a: Lycanroc|64\/100\n|\n|upkeep\n|c|\u2606AutumnCookie|I think if it wasn't a crit Electivire might have moved\n|\n|t:|1696025698\n|switch|p2b: Goodra|Goodra, F|100\/100\n|turn|6\n|\n|t:|1696025713\n|move|p1a: Lycanroc|Stone Edge|p2b: Goodra\n|-damage|p2b: Goodra|0 fnt\n|faint|p2b: Goodra\n|-damage|p1a: Lycanroc|55\/100|[from] item: Life Orb\n|move|p2a: Orthworm|Iron Tail|p1a: Lycanroc\n|-damage|p1a: Lycanroc|11\/100\n|\n|upkeep\n|c|\u2606parkle|oh shit\n|c|\u2606AutumnCookie|LIFE ORB DEATH WILL HAPPEN .\n|c|\u2606parkle|OHH YEAH\n|c|\u2606parkle|HFDSG\n|\n|t:|1696025737\n|switch|p2b: Dudunsparce|Dudunsparce-Three-Segment, M|100\/100\n|turn|7\n|c|\u2606AutumnCookie|YEAH.\n|\n|t:|1696025760\n|move|p1a: Lycanroc|Stomping Tantrum|p2a: Orthworm\n|-heal|p2a: Orthworm|70\/100|[from] ability: Earth Eater|[of] p1a: Lycanroc\n|move|p2a: Orthworm|Body Press|p1a: Lycanroc\n|-damage|p1a: Lycanroc|0 fnt\n|faint|p1a: Lycanroc\n|\n|win|parkle\n|c|\u2606AutumnCookie|FORGOT ABOUT EARTH EATER LOL\n|c|\u2606parkle|om nom nooomm\n|c|\u2606parkle|om nom :3\n","uploadtime":1696025775,"views":9,"p1id":"autumncookie","p2id":"parkle","formatid":"gen9nationaldexdoubles","rating":0,"private":0,"password":""}