{"id":"gen9nationaldexdoubles-1964298577","p1":"Zingaro291","p2":"nombre epico.jpg","format":"[Gen 9] National Dex Doubles","log":"|j|\u2606Zingaro291\n|j|\u2606nombre epico.jpg\n|t:|1696957746\n|gametype|doubles\n|player|p1|Zingaro291|colress|1321\n|player|p2|nombre epico.jpg|mallow-masters|1361\n|teamsize|p1|6\n|teamsize|p2|6\n|gen|9\n|tier|[Gen 9] National Dex Doubles\n|rated|\n|rule|HP Percentage Mod: HP is shown in percentages\n|rule|Endless Battle Clause: Forcing endless battles is banned\n|rule|OHKO Clause: OHKO moves are banned\n|rule|Evasion Moves Clause: Evasion moves are banned\n|rule|Evasion Abilities Clause: Evasion abilities are banned\n|rule|Species Clause: Limit one of each Pok\u00e9mon\n|rule|Gravity Sleep Clause: The combination of sleep-inducing moves with imperfect accuracy and Gravity or Gigantamax Orbeetle are banned\n|clearpoke\n|poke|p1|Cresselia, F|\n|poke|p1|Heatran, F|\n|poke|p1|Palafin, F|\n|poke|p1|Rillaboom, F|\n|poke|p1|Grimmsnarl, M|\n|poke|p1|Iron Hands|\n|poke|p2|Roaring Moon|\n|poke|p2|Mawile, F|\n|poke|p2|Tyranitar, M|\n|poke|p2|Excadrill, M|\n|poke|p2|Tapu Lele|\n|poke|p2|Tornadus, M|\n|teampreview\n|inactive|Battle timer is ON: inactive players will automatically lose when time's up. (requested by Zingaro291)\n|\n|t:|1696957769\n|start\n|switch|p1a: Grimmsnarl|Grimmsnarl, M|100\/100\n|switch|p1b: Palafin|Palafin, F|100\/100\n|switch|p2a: Roaring Moon|Roaring Moon|100\/100\n|switch|p2b: Tornadus|Tornadus, M, shiny|100\/100\n|-enditem|p2a: Roaring Moon|Booster Energy\n|-activate|p2a: Roaring Moon|ability: Protosynthesis|[fromitem]\n|-start|p2a: Roaring Moon|protosynthesisatk\n|turn|1\n|\n|t:|1696957790\n|detailschange|p1b: Palafin|Palafin-Hero, F\n|switch|p1b: Heatran|Heatran, F|100\/100\n|-terastallize|p2a: Roaring Moon|Steel\n|move|p2b: Tornadus|Tailwind|p2b: Tornadus\n|-sidestart|p2: nombre epico.jpg|move: Tailwind\n|move|p1a: Grimmsnarl|Reflect|p1a: Grimmsnarl\n|-sidestart|p1: Zingaro291|Reflect\n|move|p2a: Roaring Moon|Iron Head|p1a: Grimmsnarl\n|-supereffective|p1a: Grimmsnarl\n|-damage|p1a: Grimmsnarl|30\/100\n|\n|upkeep\n|turn|2\n|\n|t:|1696957812\n|-end|p2a: Roaring Moon|Protosynthesis|[silent]\n|switch|p2a: Tyranitar|Tyranitar, M|100\/100\n|-weather|Sandstorm|[from] ability: Sand Stream|[of] p2a: Tyranitar\n|move|p1a: Grimmsnarl|Parting Shot|p2a: Tyranitar\n|-hint|Since gen 7, Dark is immune to Prankster moves.\n|-immune|p2a: Tyranitar\n|move|p2b: Tornadus|Bleakwind Storm|p1b: Heatran|[spread] p1a,p1b\n|-resisted|p1b: Heatran\n|-damage|p1a: Grimmsnarl|0 fnt\n|-damage|p1b: Heatran|90\/100\n|faint|p1a: Grimmsnarl\n|move|p1b: Heatran|Heat Wave|p2b: Tornadus|[spread] p2b\n|-miss|p1b: Heatran|p2a: Tyranitar\n|-damage|p2b: Tornadus|56\/100\n|\n|-weather|Sandstorm|[upkeep]\n|-damage|p2b: Tornadus|50\/100|[from] Sandstorm\n|upkeep\n|\n|t:|1696957829\n|switch|p1a: Palafin|Palafin-Hero, F|100\/100\n|-activate|p1a: Palafin|ability: Zero to Hero\n|turn|3\n|\n|t:|1696957846\n|move|p2b: Tornadus|Bleakwind Storm|p1b: Heatran|[spread] p1a,p1b\n|-resisted|p1b: Heatran\n|-damage|p1a: Palafin|75\/100\n|-damage|p1b: Heatran|81\/100\n|-unboost|p1a: Palafin|spe|1\n|-unboost|p1b: Heatran|spe|1\n|move|p2a: Tyranitar|Earthquake|p1a: Palafin|[spread] p1a,p1b\n|-immune|p2b: Tornadus\n|-supereffective|p1b: Heatran\n|-damage|p1a: Palafin|60\/100\n|-damage|p1b: Heatran|26\/100\n|move|p1a: Palafin|Bulk Up|p1a: Palafin\n|-boost|p1a: Palafin|atk|1\n|-boost|p1a: Palafin|def|1\n|move|p1b: Heatran|Earth Power|p2a: Tyranitar\n|-supereffective|p2a: Tyranitar\n|-damage|p2a: Tyranitar|61\/100\n|-enditem|p2a: Tyranitar|Weakness Policy\n|-boost|p2a: Tyranitar|atk|2|[from] item: Weakness Policy\n|-boost|p2a: Tyranitar|spa|2|[from] item: Weakness Policy\n|\n|-weather|Sandstorm|[upkeep]\n|-damage|p2b: Tornadus|44\/100|[from] Sandstorm\n|-damage|p1a: Palafin|54\/100|[from] Sandstorm\n|-heal|p1a: Palafin|60\/100|[from] item: Leftovers\n|upkeep\n|turn|4\n|\n|t:|1696957871\n|switch|p2b: Tapu Lele|Tapu Lele, shiny|100\/100\n|-fieldstart|move: Psychic Terrain|[from] ability: Psychic Surge|[of] p2b: Tapu Lele\n|move|p1a: Palafin|Jet Punch|p2a: Tyranitar\n|-activate|p2a: Tyranitar|move: Psychic Terrain\n|move|p2a: Tyranitar|Earthquake|p1a: Palafin|[spread] p2b,p1a,p1b\n|-supereffective|p1b: Heatran\n|-crit|p1b: Heatran\n|-damage|p2b: Tapu Lele|34\/100\n|-damage|p1a: Palafin|42\/100\n|-damage|p1b: Heatran|0 fnt\n|faint|p1b: Heatran\n|\n|-weather|Sandstorm|[upkeep]\n|-damage|p2b: Tapu Lele|28\/100|[from] Sandstorm\n|-damage|p1a: Palafin|36\/100|[from] Sandstorm\n|-heal|p1a: Palafin|42\/100|[from] item: Leftovers\n|-sideend|p2: nombre epico.jpg|move: Tailwind\n|upkeep\n|\n|t:|1696957881\n|switch|p1b: Iron Hands|Iron Hands|100\/100\n|turn|5\n|\n|t:|1696957893\n|move|p2b: Tapu Lele|Dazzling Gleam|p1a: Palafin|[spread] p1a,p1b\n|-supereffective|p1b: Iron Hands\n|-damage|p1a: Palafin|8\/100\n|-damage|p1b: Iron Hands|26\/100\n|move|p2a: Tyranitar|Earthquake|p1a: Palafin|[spread] p2b,p1a,p1b\n|-supereffective|p1b: Iron Hands\n|-damage|p2b: Tapu Lele|0 fnt\n|-damage|p1a: Palafin|0 fnt\n|-damage|p1b: Iron Hands|0 fnt\n|faint|p2b: Tapu Lele\n|faint|p1a: Palafin\n|faint|p1b: Iron Hands\n|-end|p1b: Iron Hands|Quark Drive|[silent]\n|\n|-weather|Sandstorm|[upkeep]\n|upkeep\n|\n|t:|1696957905\n|switch|p2b: Tornadus|Tornadus, M, shiny|44\/100\n|switch|p1a: Rillaboom|Rillaboom, F|100\/100\n|switch|p1b: Cresselia|Cresselia, F|100\/100\n|-fieldstart|move: Grassy Terrain|[from] ability: Grassy Surge|[of] p1a: Rillaboom\n|turn|6\n|-message|Zingaro291 forfeited.\n|\n|win|nombre epico.jpg\n|raw|Zingaro291's rating: 1321 &rarr; <strong>1303<\/strong><br \/>(-18 for losing)\n|raw|nombre epico.jpg's rating: 1361 &rarr; <strong>1379<\/strong><br \/>(+18 for winning)\n|l|\u2606Zingaro291\n|l|\u2606nombre epico.jpg\n|j|\u2606nombre epico.jpg\n|player|p2|nombre epico.jpg|mallow-masters\n","uploadtime":1696958037,"views":6,"p1id":"zingaro291","p2id":"nombreepicojpg","formatid":"gen9nationaldexdoubles","rating":1303,"private":0,"password":""}