{"id":"gen9nationaldexdoubles-1965215007","p1":"RAAAAAAAAAAAAR","p2":"garyjgames","format":"[Gen 9] National Dex Doubles","log":"|j|\u2606RAAAAAAAAAAAAR\n|j|\u2606garyjgames\n|t:|1697051577\n|gametype|doubles\n|player|p1|RAAAAAAAAAAAAR|camper|1121\n|player|p2|garyjgames|rancher|1166\n|teamsize|p1|6\n|teamsize|p2|6\n|gen|9\n|tier|[Gen 9] National Dex Doubles\n|rated|\n|rule|HP Percentage Mod: HP is shown in percentages\n|rule|Endless Battle Clause: Forcing endless battles is banned\n|rule|OHKO Clause: OHKO moves are banned\n|rule|Evasion Moves Clause: Evasion moves are banned\n|rule|Evasion Abilities Clause: Evasion abilities are banned\n|rule|Species Clause: Limit one of each Pok\u00e9mon\n|rule|Gravity Sleep Clause: The combination of sleep-inducing moves with imperfect accuracy and Gravity or Gigantamax Orbeetle are banned\n|clearpoke\n|poke|p1|Charizard, M|\n|poke|p1|Greninja-*, M|\n|poke|p1|Pelipper, M|\n|poke|p1|Basculegion, M|\n|poke|p1|Leavanny, F|\n|poke|p1|Venusaur, M|\n|poke|p2|Okidogi, M|\n|poke|p2|Cresselia, F|\n|poke|p2|Ursaluna-Bloodmoon, M|\n|poke|p2|Torkoal, F|\n|poke|p2|Spiritomb, F|\n|poke|p2|Ribombee, M|\n|teampreview\n|inactive|Battle timer is ON: inactive players will automatically lose when time's up. (requested by RAAAAAAAAAAAAR)\n|\n|t:|1697051584\n|start\n|switch|p1a: Charizard|Charizard, M|100\/100\n|switch|p1b: Venusaur|Venusaur, M|100\/100\n|switch|p2a: Cresselia|Cresselia, F|100\/100\n|switch|p2b: Ursaluna|Ursaluna-Bloodmoon, M|100\/100\n|turn|1\n|\n|t:|1697051601\n|detailschange|p1a: Charizard|Charizard-Mega-Y, M\n|-mega|p1a: Charizard|Charizard|Charizardite Y\n|-weather|SunnyDay|[from] ability: Drought|[of] p1a: Charizard\n|move|p2b: Ursaluna|Protect|p2b: Ursaluna\n|-singleturn|p2b: Ursaluna|Protect\n|move|p1b: Venusaur|Grass Pledge|p2a: Cresselia\n|-waiting|p1b: Venusaur|p1a: Charizard\n|move|p1a: Charizard|Fire Pledge|p2a: Cresselia|[from]move: Grass Pledge\n|-combine\n|-damage|p2a: Cresselia|29\/100\n|-sidestart|p2: garyjgames|Fire Pledge\n|move|p2a: Cresselia|Trick Room|p2a: Cresselia\n|-fieldstart|move: Trick Room|[of] p2a: Cresselia\n|\n|-weather|SunnyDay|[upkeep]\n|-damage|p2b: Ursaluna|88\/100|[from] Fire Pledge\n|-damage|p2a: Cresselia|17\/100|[from] Fire Pledge\n|-heal|p2a: Cresselia|23\/100|[from] item: Leftovers\n|upkeep\n|turn|2\n|\n|t:|1697051627\n|switch|p1a: Pelipper|Pelipper, M|100\/100\n|-weather|RainDance|[from] ability: Drizzle|[of] p1a: Pelipper\n|move|p2b: Ursaluna|Blood Moon|p1a: Pelipper\n|-damage|p1a: Pelipper|0 fnt\n|faint|p1a: Pelipper\n|move|p2a: Cresselia|Lunar Blessing|p2a: Cresselia|[spread] p2a,p2b\n|-heal|p2a: Cresselia|48\/100\n|-heal|p2b: Ursaluna|100\/100\n|move|p1b: Venusaur|Grass Pledge|p2b: Ursaluna\n|-supereffective|p2b: Ursaluna\n|-damage|p2b: Ursaluna|23\/100\n|\n|-weather|RainDance|[upkeep]\n|-damage|p2b: Ursaluna|11\/100|[from] Fire Pledge\n|-damage|p2a: Cresselia|36\/100|[from] Fire Pledge\n|-heal|p2a: Cresselia|42\/100|[from] item: Leftovers\n|upkeep\n|inactive|RAAAAAAAAAAAAR has 120 seconds left.\n|\n|t:|1697051644\n|switch|p1a: Greninja|Greninja, M|100\/100\n|turn|3\n|\n|t:|1697051658\n|move|p2b: Ursaluna|Hyper Voice|p1b: Venusaur|[spread] p1a,p1b\n|-damage|p1a: Greninja|40\/100\n|-damage|p1b: Venusaur|58\/100\n|-enditem|p2b: Ursaluna|Throat Spray\n|-boost|p2b: Ursaluna|spa|1|[from] item: Throat Spray\n|move|p2a: Cresselia|Lunar Blessing|p2a: Cresselia|[spread] p2a,p2b\n|-heal|p2a: Cresselia|67\/100\n|-heal|p2b: Ursaluna|36\/100\n|move|p1b: Venusaur|Grass Pledge|p2a: Cresselia\n|-waiting|p1b: Venusaur|p1a: Greninja\n|move|p1a: Greninja|Water Pledge|p2b: Ursaluna|[from]move: Grass Pledge\n|-combine\n|-supereffective|p2b: Ursaluna\n|-damage|p2b: Ursaluna|0 fnt\n|-sidestart|p2: garyjgames|Grass Pledge\n|faint|p2b: Ursaluna\n|-ability|p1a: Greninja|Battle Bond|boost\n|-boost|p1a: Greninja|atk|1\n|-boost|p1a: Greninja|spa|1\n|-boost|p1a: Greninja|spe|1\n|-activate|p1a: Greninja|ability: Battle Bond\n|\n|-weather|RainDance|[upkeep]\n|-damage|p2a: Cresselia|54\/100|[from] Fire Pledge\n|-heal|p2a: Cresselia|60\/100|[from] item: Leftovers\n|upkeep\n|\n|t:|1697051676\n|switch|p2b: Okidogi|Okidogi, M|100\/100\n|turn|4\n|\n|t:|1697051702\n|-terastallize|p1a: Greninja|Psychic\n|move|p2a: Cresselia|Lunar Blessing|p2a: Cresselia|[spread] p2a,p2b\n|-heal|p2a: Cresselia|85\/100\n|move|p2b: Okidogi|Drain Punch|p1a: Greninja\n|-resisted|p1a: Greninja\n|-damage|p1a: Greninja|6\/100\n|move|p1b: Venusaur|Toxic|p2a: Cresselia\n|-status|p2a: Cresselia|tox\n|move|p1a: Greninja|Extrasensory|p2b: Okidogi\n|-supereffective|p2b: Okidogi\n|-damage|p2b: Okidogi|0 fnt\n|faint|p2b: Okidogi\n|\n|-weather|RainDance|[upkeep]\n|-damage|p2a: Cresselia|73\/100 tox|[from] Fire Pledge\n|-heal|p2a: Cresselia|79\/100 tox|[from] item: Leftovers\n|-damage|p2a: Cresselia|73\/100 tox|[from] psn\n|-sideend|p2: garyjgames|Fire Pledge\n|upkeep\n|\n|t:|1697051717\n|switch|p2b: Torkoal|Torkoal, F|100\/100\n|-weather|SunnyDay|[from] ability: Drought|[of] p2b: Torkoal\n|turn|5\n|inactive|RAAAAAAAAAAAAR has 120 seconds left.\n|\n|t:|1697051763\n|switch|p1b: Charizard|Charizard-Mega-Y, M|100\/100\n|-terastallize|p2b: Torkoal|Fire\n|move|p2b: Torkoal|Eruption|p1a: Greninja|[spread] p1a,p1b\n|-resisted|p1b: Charizard\n|-damage|p1a: Greninja|0 fnt\n|-damage|p1b: Charizard|32\/100\n|faint|p1a: Greninja\n|move|p2a: Cresselia|Lunar Blessing|p2a: Cresselia|[spread] p2a,p2b\n|-heal|p2a: Cresselia|98\/100 tox\n|-curestatus|p2a: Cresselia|tox|[msg]\n|\n|-weather|SunnyDay|[upkeep]\n|-heal|p2a: Cresselia|100\/100|[from] item: Leftovers\n|-fieldend|move: Trick Room\n|upkeep\n|\n|t:|1697051782\n|switch|p1a: Leavanny|Leavanny, F|100\/100\n|turn|6\n|\n|t:|1697051806\n|move|p2a: Cresselia|Ally Switch|p2a: Cresselia\n|swap|p2a: Cresselia|1|[from] move: Ally Switch\n|move|p1a: Leavanny|Lunge|p2a: Torkoal\n|-resisted|p2a: Torkoal\n|-damage|p2a: Torkoal|79\/100\n|-unboost|p2a: Torkoal|atk|1\n|move|p1b: Charizard|Air Slash|p2a: Torkoal\n|-damage|p2a: Torkoal|20\/100\n|move|p2a: Torkoal|Eruption|p1b: Charizard|[spread] p1a,p1b\n|-supereffective|p1a: Leavanny\n|-resisted|p1b: Charizard\n|-damage|p1a: Leavanny|0 fnt\n|-damage|p1b: Charizard|19\/100\n|faint|p1a: Leavanny\n|\n|-weather|SunnyDay|[upkeep]\n|-sideend|p2: garyjgames|Grass Pledge\n|upkeep\n|\n|t:|1697051820\n|switch|p1a: Venusaur|Venusaur, M|58\/100\n|turn|7\n|\n|t:|1697051831\n|switch|p2a: Spiritomb|Spiritomb, F|100\/100\n|move|p1a: Venusaur|Synthesis|p1a: Venusaur\n|-heal|p1a: Venusaur|100\/100\n|move|p1b: Charizard|Air Slash|p2a: Spiritomb\n|-crit|p2a: Spiritomb\n|-damage|p2a: Spiritomb|28\/100\n|-enditem|p2a: Spiritomb|Sitrus Berry|[eat]\n|-heal|p2a: Spiritomb|53\/100|[from] item: Sitrus Berry\n|move|p2b: Cresselia|Trick Room|p2b: Cresselia\n|-fieldstart|move: Trick Room|[of] p2b: Cresselia\n|\n|-weather|SunnyDay|[upkeep]\n|upkeep\n|turn|8\n|inactive|RAAAAAAAAAAAAR has 120 seconds left.\n|\n|t:|1697051853\n|move|p2a: Spiritomb|Night Shade|p1b: Charizard\n|-damage|p1b: Charizard|0 fnt\n|faint|p1b: Charizard\n|move|p2b: Cresselia|Lunar Blessing|p2b: Cresselia|[spread] p2a,p2b\n|-heal|p2a: Spiritomb|78\/100\n|move|p1a: Venusaur|Grass Pledge|p2a: Spiritomb\n|-damage|p2a: Spiritomb|35\/100\n|\n|-weather|SunnyDay|[upkeep]\n|upkeep\n|\n|t:|1697051862\n|switch|p1b: Basculegion|Basculegion, M|100\/100\n|turn|9\n|\n|t:|1697051880\n|switch|p2b: Ribombee|Ribombee, M|100\/100\n|move|p2a: Spiritomb|Night Shade|p1a: Venusaur\n|-damage|p1a: Venusaur|67\/100\n|move|p1b: Basculegion|Crunch|p2b: Ribombee\n|-resisted|p2b: Ribombee\n|-damage|p2b: Ribombee|78\/100\n|move|p1a: Venusaur|Earth Power|p2a: Spiritomb\n|-damage|p2a: Spiritomb|6\/100\n|\n|-weather|none\n|-heal|p2b: Ribombee|84\/100|[from] item: Leftovers\n|upkeep\n|turn|10\n|\n|t:|1697051901\n|move|p2b: Ribombee|Protect|p2b: Ribombee\n|-singleturn|p2b: Ribombee|Protect\n|move|p2a: Spiritomb|Night Shade|p1a: Venusaur\n|-damage|p1a: Venusaur|34\/100\n|move|p1b: Basculegion|Liquidation|p2b: Ribombee\n|-activate|p2b: Ribombee|move: Protect\n|move|p1a: Venusaur|Grass Pledge|p2a: Spiritomb\n|-damage|p2a: Spiritomb|0 fnt\n|faint|p2a: Spiritomb\n|\n|-heal|p2b: Ribombee|90\/100|[from] item: Leftovers\n|upkeep\n|\n|t:|1697051912\n|switch|p2a: Torkoal|Torkoal, F, tera:Fire|20\/100\n|-weather|SunnyDay|[from] ability: Drought|[of] p2a: Torkoal\n|turn|11\n|\n|t:|1697051929\n|move|p2a: Torkoal|Eruption|p1a: Venusaur|[spread] p1a,p1b\n|-supereffective|p1a: Venusaur\n|-resisted|p1b: Basculegion\n|-damage|p1a: Venusaur|0 fnt\n|-damage|p1b: Basculegion|89\/100\n|faint|p1a: Venusaur\n|move|p1b: Basculegion|Liquidation|p2a: Torkoal\n|-supereffective|p2a: Torkoal\n|-damage|p2a: Torkoal|0 fnt\n|faint|p2a: Torkoal\n|move|p2b: Ribombee|Grass Knot|p1b: Basculegion\n|-supereffective|p1b: Basculegion\n|-damage|p1b: Basculegion|56\/100\n|\n|-weather|SunnyDay|[upkeep]\n|-heal|p2b: Ribombee|96\/100|[from] item: Leftovers\n|-fieldend|move: Trick Room\n|upkeep\n|\n|t:|1697051936\n|switch|p2a: Cresselia|Cresselia, F|100\/100\n|turn|12\n|\n|t:|1697051948\n|move|p2a: Cresselia|Ally Switch|p2a: Cresselia\n|swap|p2a: Cresselia|1|[from] move: Ally Switch\n|move|p2a: Ribombee|Grass Knot|p1b: Basculegion\n|-supereffective|p1b: Basculegion\n|-damage|p1b: Basculegion|22\/100\n|move|p1b: Basculegion|Liquidation|p2b: Cresselia\n|-crit|p2b: Cresselia\n|-damage|p2b: Cresselia|79\/100\n|\n|-weather|SunnyDay|[upkeep]\n|-heal|p2a: Ribombee|100\/100|[from] item: Leftovers\n|-heal|p2b: Cresselia|85\/100|[from] item: Leftovers\n|upkeep\n|turn|13\n|-message|RAAAAAAAAAAAAR forfeited.\n|\n|win|garyjgames\n|raw|RAAAAAAAAAAAAR's rating: 1121 &rarr; <strong>1099<\/strong><br \/>(-22 for losing)\n|raw|garyjgames's rating: 1166 &rarr; <strong>1188<\/strong><br \/>(+22 for winning)\n|l|\u2606RAAAAAAAAAAAAR\n","uploadtime":1697051960,"views":8,"p1id":"raaaaaaaaaaaar","p2id":"garyjgames","formatid":"gen9nationaldexdoubles","rating":1099,"private":0,"password":""}