{"id":"gen9nationaldexdoubles-1961939320","p1":"Lexxuus2","p2":"DRGpoke","format":"[Gen 9] National Dex Doubles","log":"|j|\u2606Lexxuus2\n|j|\u2606DRGpoke\n|t:|1696691076\n|gametype|doubles\n|player|p1|Lexxuus2|veteran|1458\n|player|p2|DRGpoke|scientistf|1607\n|teamsize|p1|6\n|teamsize|p2|6\n|gen|9\n|tier|[Gen 9] National Dex Doubles\n|rated|\n|rule|HP Percentage Mod: HP is shown in percentages\n|rule|Endless Battle Clause: Forcing endless battles is banned\n|rule|OHKO Clause: OHKO moves are banned\n|rule|Evasion Moves Clause: Evasion moves are banned\n|rule|Evasion Abilities Clause: Evasion abilities are banned\n|rule|Species Clause: Limit one of each Pok\u00e9mon\n|rule|Gravity Sleep Clause: The combination of sleep-inducing moves with imperfect accuracy and Gravity or Gigantamax Orbeetle are banned\n|clearpoke\n|poke|p1|Regigigas|\n|poke|p1|Slaking, M|\n|poke|p1|Weezing-Galar, F|\n|poke|p1|Whimsicott, M|\n|poke|p1|Pawmot, M|\n|poke|p1|Blissey, F|\n|poke|p2|Venusaur, M|\n|poke|p2|Incineroar, F|\n|poke|p2|Tapu Fini|\n|poke|p2|Landorus-Therian, M|\n|poke|p2|Scream Tail|\n|poke|p2|Scizor, F|\n|teampreview\n|inactive|Battle timer is ON: inactive players will automatically lose when time's up. (requested by Lexxuus2)\n|inactive|DRGpoke has 120 seconds left.\n|\n|t:|1696691136\n|start\n|switch|p1a: Whimsicott|Whimsicott, M|100\/100\n|switch|p1b: Blissey|Blissey, F|100\/100\n|switch|p2a: Star platinum|Scizor, F|100\/100\n|switch|p2b: Venusaur|Venusaur, M|100\/100\n|turn|1\n|\n|t:|1696691155\n|detailschange|p2b: Venusaur|Venusaur-Mega, M\n|-mega|p2b: Venusaur|Venusaur|Venusaurite\n|move|p1a: Whimsicott|Taunt|p2a: Star platinum\n|-start|p2a: Star platinum|move: Taunt\n|move|p2b: Venusaur|Leech Seed|p1b: Blissey\n|-start|p1b: Blissey|move: Leech Seed\n|move|p2a: Star platinum|U-turn|p1a: Whimsicott\n|-damage|p1a: Whimsicott|52\/100\n|\n|t:|1696691166\n|switch|p2a: Tapu Fini|Tapu Fini|100\/100|[from] U-turn\n|-fieldstart|move: Misty Terrain|[from] ability: Misty Surge|[of] p2a: Tapu Fini\n|move|p1b: Blissey|Seismic Toss|p2b: Venusaur\n|-damage|p2b: Venusaur|73\/100\n|\n|-damage|p1b: Blissey|88\/100|[from] Leech Seed|[of] p2b: Venusaur\n|-heal|p2b: Venusaur|95\/100|[silent]\n|upkeep\n|turn|2\n|\n|t:|1696691187\n|switch|p2a: Star platinum|Scizor, F|100\/100\n|move|p1a: Whimsicott|Tailwind|p1a: Whimsicott\n|-sidestart|p1: Lexxuus2|move: Tailwind\n|move|p1b: Blissey|Seismic Toss|p2b: Venusaur\n|-damage|p2b: Venusaur|68\/100\n|move|p2b: Venusaur|Sludge Bomb|p1a: Whimsicott\n|-supereffective|p1a: Whimsicott\n|-damage|p1a: Whimsicott|0 fnt\n|faint|p1a: Whimsicott\n|\n|-damage|p1b: Blissey|76\/100|[from] Leech Seed|[of] p2b: Venusaur\n|-heal|p2b: Venusaur|90\/100|[silent]\n|upkeep\n|\n|t:|1696691202\n|switch|p1a: Regigigas|Regigigas|100\/100\n|-start|p1a: Regigigas|ability: Slow Start\n|turn|3\n|\n|t:|1696691217\n|switch|p1b: Weezing|Weezing-Galar, F|100\/100\n|-ability|p1b: Weezing|Neutralizing Gas\n|-end|p1a: Regigigas|Slow Start|[silent]\n|-terastallize|p1a: Regigigas|Normal\n|-terastallize|p2a: Star platinum|Steel\n|move|p2a: Star platinum|Bullet Punch|p1b: Weezing\n|-supereffective|p1b: Weezing\n|-damage|p1b: Weezing|39\/100\n|move|p1a: Regigigas|Drain Punch|p2b: Venusaur\n|-resisted|p2b: Venusaur\n|-damage|p2b: Venusaur|79\/100\n|move|p2b: Venusaur|Leech Seed|p1a: Regigigas|[miss]\n|-miss|p2b: Venusaur|p1a: Regigigas\n|\n|upkeep\n|turn|4\n|\n|t:|1696691234\n|move|p1b: Weezing|Protect|p1b: Weezing\n|-singleturn|p1b: Weezing|Protect\n|move|p2a: Star platinum|Bullet Punch|p1b: Weezing\n|-activate|p1b: Weezing|move: Protect\n|move|p1a: Regigigas|Drain Punch|p2a: Star platinum\n|-supereffective|p2a: Star platinum\n|-damage|p2a: Star platinum|35\/100\n|move|p2b: Venusaur|Leech Seed|p1a: Regigigas\n|-start|p1a: Regigigas|move: Leech Seed\n|\n|-damage|p1a: Regigigas|88\/100|[from] Leech Seed|[of] p2b: Venusaur\n|-heal|p2b: Venusaur|94\/100|[silent]\n|upkeep\n|turn|5\n|\n|t:|1696691256\n|-end|p1b: Weezing|ability: Neutralizing Gas\n|-start|p1a: Regigigas|ability: Slow Start\n|switch|p1b: Blissey|Blissey, F|76\/100\n|switch|p2a: Landorus|Landorus-Therian, M|100\/100\n|-ability|p2a: Landorus|Intimidate|boost\n|-unboost|p1a: Regigigas|atk|1\n|-unboost|p1b: Blissey|atk|1\n|move|p1a: Regigigas|Drain Punch|p2a: Landorus\n|-resisted|p2a: Landorus\n|-crit|p2a: Landorus\n|-damage|p2a: Landorus|86\/100\n|-heal|p1a: Regigigas|94\/100|[from] drain|[of] p2a: Landorus\n|move|p2b: Venusaur|Leech Seed|p1b: Blissey\n|-start|p1b: Blissey|move: Leech Seed\n|\n|-heal|p1a: Regigigas|99\/100|[from] item: Leftovers\n|-damage|p1b: Blissey|63\/100|[from] Leech Seed|[of] p2b: Venusaur\n|-heal|p2b: Venusaur|100\/100|[silent]\n|-damage|p1a: Regigigas|87\/100|[from] Leech Seed|[of] p2b: Venusaur\n|-sideend|p1: Lexxuus2|move: Tailwind\n|-fieldend|Misty Terrain\n|upkeep\n|turn|6\n|\n|t:|1696691272\n|switch|p2b: Incineroar|Incineroar, F|100\/100\n|-ability|p2b: Incineroar|Intimidate|boost\n|-unboost|p1a: Regigigas|atk|1\n|-unboost|p1b: Blissey|atk|1\n|switch|p1b: Weezing|Weezing-Galar, F|39\/100\n|-ability|p1b: Weezing|Neutralizing Gas\n|-end|p1a: Regigigas|Slow Start|[silent]\n|-end|p1a: Regigigas|Slow Start|[silent]\n|switch|p1a: Slaking|Slaking, M|100\/100\n|move|p2a: Landorus|Stealth Rock|p1b: Weezing\n|-sidestart|p1: Lexxuus2|move: Stealth Rock\n|\n|upkeep\n|turn|7\n|\n|t:|1696691288\n|switch|p2a: Star platinum|Scizor, F, tera:Steel|35\/100\n|move|p1b: Weezing|Protect|p1b: Weezing\n|-singleturn|p1b: Weezing|Protect\n|move|p2b: Incineroar|Fake Out|p1a: Slaking\n|-damage|p1a: Slaking|96\/100\n|cant|p1a: Slaking|flinch\n|\n|-heal|p1a: Slaking|100\/100|[from] item: Leftovers\n|upkeep\n|turn|8\n|\n|t:|1696691316\n|switch|p2a: Scream Tail|Scream Tail, shiny|100\/100\n|-end|p1b: Weezing|ability: Neutralizing Gas\n|-ability|p2b: Incineroar|Intimidate|boost\n|-unboost|p1a: Slaking|atk|1\n|-unboost|p1b: Weezing|atk|1\n|switch|p1b: Blissey|Blissey, F|63\/100\n|-damage|p1b: Blissey|51\/100|[from] Stealth Rock\n|move|p1a: Slaking|Earthquake|p2b: Incineroar|[spread] p1b,p2a,p2b\n|-crit|p1b: Blissey\n|-supereffective|p2b: Incineroar\n|-damage|p1b: Blissey|11\/100\n|-damage|p2a: Scream Tail|86\/100\n|-damage|p2b: Incineroar|73\/100\n|-enditem|p1b: Blissey|Red Card|[of] p1a: Slaking\n|drag|p1a: Pawmot|Pawmot, M|100\/100\n|-damage|p1a: Pawmot|94\/100|[from] Stealth Rock\n|move|p2b: Incineroar|U-turn|p1b: Blissey\n|-damage|p1b: Blissey|0 fnt\n|faint|p1b: Blissey\n|\n|t:|1696691335\n|switch|p2b: Landorus|Landorus-Therian, M|86\/100|[from] U-turn\n|-ability|p2b: Landorus|Intimidate|boost\n|-unboost|p1a: Pawmot|atk|1\n|\n|-heal|p2a: Scream Tail|92\/100|[from] item: Leftovers\n|upkeep\n|\n|t:|1696691345\n|switch|p1b: Regigigas|Regigigas, tera:Normal|87\/100\n|-damage|p1b: Regigigas|75\/100|[from] Stealth Rock\n|-start|p1b: Regigigas|ability: Slow Start\n|turn|9\n|\n|t:|1696691355\n|move|p1b: Regigigas|Protect|p1b: Regigigas\n|-singleturn|p1b: Regigigas|Protect\n|move|p2b: Landorus|Stomping Tantrum|p1a: Pawmot\n|-supereffective|p1a: Pawmot\n|-damage|p1a: Pawmot|0 fnt\n|faint|p1a: Pawmot\n|move|p2a: Scream Tail|Thunder Wave|p1b: Regigigas\n|-activate|p1b: Regigigas|move: Protect\n|\n|-heal|p2a: Scream Tail|99\/100|[from] item: Leftovers\n|-heal|p1b: Regigigas|81\/100|[from] item: Leftovers\n|upkeep\n|-message|Lexxuus2 forfeited.\n|\n|win|DRGpoke\n|raw|Lexxuus2's rating: 1458 &rarr; <strong>1446<\/strong><br \/>(-12 for losing)\n|raw|DRGpoke's rating: 1607 &rarr; <strong>1619<\/strong><br \/>(+12 for winning)\n|l|\u2606Lexxuus2\n|l|\u2606DRGpoke\n","uploadtime":1696691456,"views":7,"p1id":"lexxuus2","p2id":"drgpoke","formatid":"gen9nationaldexdoubles","rating":1446,"private":0,"password":""}