{"id":"gen9nationaldexdoubles-1985394869","p1":"Ball Buster87","p2":"bbcfjjkk","format":"[Gen 9] National Dex Doubles","log":"|j|\u2606Ball Buster87\n|j|\u2606bbcfjjkk\n|t:|1699371077\n|gametype|doubles\n|player|p1|Ball Buster87|crasherwake|1051\n|player|p2|bbcfjjkk|skier|1045\n|teamsize|p1|6\n|teamsize|p2|6\n|gen|9\n|tier|[Gen 9] National Dex Doubles\n|rated|\n|rule|HP Percentage Mod: HP is shown in percentages\n|rule|Endless Battle Clause: Forcing endless battles is banned\n|rule|OHKO Clause: OHKO moves are banned\n|rule|Evasion Moves Clause: Evasion moves are banned\n|rule|Evasion Abilities Clause: Evasion abilities are banned\n|rule|Species Clause: Limit one of each Pok\u00e9mon\n|rule|Gravity Sleep Clause: The combination of sleep-inducing moves with imperfect accuracy and Gravity or Gigantamax Orbeetle are banned\n|clearpoke\n|poke|p1|Golduck, M|\n|poke|p1|Eevee, M|\n|poke|p1|Roaring Moon|\n|poke|p1|Ditto|\n|poke|p1|Ogerpon-Hearthflame, F|\n|poke|p1|Kingambit, M|\n|poke|p2|Dusclops, F|\n|poke|p2|Gothitelle, F|\n|poke|p2|Kommo-o, M|\n|poke|p2|Corviknight, M|\n|poke|p2|Sylveon, M|\n|poke|p2|Carracosta, M|\n|teampreview\n|\n|t:|1699371089\n|start\n|switch|p1a: Golduck|Golduck, M|100\/100\n|switch|p1b: Eevee|Eevee, M|100\/100\n|switch|p2a: Dusclops|Dusclops, F|100\/100\n|switch|p2b: Corviknight|Corviknight, M|100\/100\n|-item|p1a: Golduck|Focus Sash|[from] ability: Frisk|[of] p2a: Dusclops|[identify]\n|-item|p1b: Eevee|Eevium Z|[from] ability: Frisk|[of] p2a: Dusclops|[identify]\n|turn|1\n|\n|t:|1699371122\n|move|p1a: Golduck|Simple Beam|p1b: Eevee\n|-endability|p1b: Eevee|Adaptability|[from] move: Simple Beam\n|-ability|p1b: Eevee|Simple|[from] move: Simple Beam\n|-zpower|p1b: Eevee\n|move|p1b: Eevee|Extreme Evoboost|p1b: Eevee\n|-boost|p1b: Eevee|atk|4\n|-boost|p1b: Eevee|def|4\n|-boost|p1b: Eevee|spa|4\n|-boost|p1b: Eevee|spd|4\n|-boost|p1b: Eevee|spe|4\n|move|p2b: Corviknight|Brave Bird|p1b: Eevee\n|-damage|p1b: Eevee|74\/100\n|-damage|p2b: Corviknight|92\/100|[from] Recoil\n|move|p2a: Dusclops|Trick Room|p2a: Dusclops\n|-fieldstart|move: Trick Room|[of] p2a: Dusclops\n|\n|upkeep\n|turn|2\n|\n|t:|1699371153\n|move|p2a: Dusclops|Toxic|p1b: Eevee\n|-status|p1b: Eevee|tox\n|move|p2b: Corviknight|Brave Bird|p1a: Golduck\n|-damage|p1a: Golduck|35\/100\n|-damage|p2b: Corviknight|73\/100|[from] Recoil\n|move|p1a: Golduck|Flip Turn|p2b: Corviknight\n|-damage|p2b: Corviknight|57\/100\n|\n|t:|1699371162\n|switch|p1a: Ditto|Ditto|100\/100|[from] Flip Turn\n|move|p1b: Eevee|Baton Pass|p1b: Eevee\n|\n|t:|1699371166\n|switch|p1b: Roaring Moon|Roaring Moon|100\/100|[from] Baton Pass\n|-enditem|p1b: Roaring Moon|Booster Energy\n|-activate|p1b: Roaring Moon|ability: Protosynthesis|[fromitem]\n|-start|p1b: Roaring Moon|protosynthesisatk\n|\n|upkeep\n|turn|3\n|\n|t:|1699371194\n|move|p2a: Dusclops|Toxic|p1b: Roaring Moon\n|-status|p1b: Roaring Moon|tox\n|move|p2b: Corviknight|Brave Bird|p1a: Ditto\n|-crit|p1a: Ditto\n|-enditem|p1a: Ditto|Focus Sash\n|-damage|p1a: Ditto|1\/100\n|-damage|p2b: Corviknight|28\/100|[from] Recoil\n|move|p1a: Ditto|Transform|p1b: Roaring Moon\n|-transform|p1a: Ditto|p1b: Roaring Moon\n|move|p1b: Roaring Moon|Knock Off|p2a: Dusclops\n|-supereffective|p2a: Dusclops\n|-damage|p2a: Dusclops|0 fnt\n|-enditem|p2a: Dusclops|Eviolite|[from] move: Knock Off|[of] p1b: Roaring Moon\n|faint|p2a: Dusclops\n|\n|-damage|p1b: Roaring Moon|95\/100 tox|[from] psn\n|upkeep\n|c|\u2606Ball Buster87|gg\n|\n|t:|1699371213\n|switch|p2a: Sylveon|Sylveon, M|100\/100\n|turn|4\n|\n|t:|1699371244\n|move|p2a: Sylveon|Hyper Voice|p1b: Roaring Moon|[spread] p1a,p1b\n|-supereffective|p1a: Ditto\n|-supereffective|p1b: Roaring Moon\n|-damage|p1a: Ditto|0 fnt\n|-damage|p1b: Roaring Moon|32\/100 tox\n|faint|p1a: Ditto\n|-end|p1a: Ditto|Protosynthesis|[silent]\n|move|p2b: Corviknight|Roost|p2b: Corviknight\n|-heal|p2b: Corviknight|78\/100\n|-singleturn|p2b: Corviknight|move: Roost\n|move|p1b: Roaring Moon|Acrobatics|p2b: Corviknight\n|-resisted|p2b: Corviknight\n|-damage|p2b: Corviknight|11\/100\n|-enditem|p2b: Corviknight|Aguav Berry|[eat]\n|-heal|p2b: Corviknight|44\/100|[from] item: Aguav Berry\n|\n|-damage|p1b: Roaring Moon|20\/100 tox|[from] psn\n|upkeep\n|\n|t:|1699371261\n|switch|p1a: Ogerpon|Ogerpon-Hearthflame, F|100\/100\n|-ability|p1a: Ogerpon|Mold Breaker\n|turn|5\n|\n|t:|1699371292\n|move|p2a: Sylveon|Psych Up|p1b: Roaring Moon\n|-copyboost|p2a: Sylveon|p1b: Roaring Moon|[from] move: Psych Up\n|move|p2b: Corviknight|Brave Bird|p1b: Roaring Moon\n|-damage|p1b: Roaring Moon|0 fnt\n|faint|p1b: Roaring Moon\n|-end|p1b: Roaring Moon|Protosynthesis|[silent]\n|-damage|p2b: Corviknight|37\/100|[from] Recoil\n|move|p1a: Ogerpon|Swords Dance|p1a: Ogerpon\n|-boost|p1a: Ogerpon|atk|2\n|\n|-fieldend|move: Trick Room\n|upkeep\n|c|\u2606Ball Buster87|shi\n|\n|t:|1699371307\n|switch|p1b: Golduck|Golduck, M|35\/100\n|turn|6\n|\n|t:|1699371322\n|move|p1a: Ogerpon|Ivy Cudgel|p2b: Corviknight\n|-supereffective|p2b: Corviknight\n|-damage|p2b: Corviknight|0 fnt\n|faint|p2b: Corviknight\n|move|p2a: Sylveon|Hyper Voice|p1a: Ogerpon|[spread] p1a,p1b\n|-resisted|p1a: Ogerpon\n|-damage|p1a: Ogerpon|23\/100\n|-damage|p1b: Golduck|0 fnt\n|faint|p1b: Golduck\n|\n|upkeep\n|\n|t:|1699371335\n|switch|p1b: Eevee|Eevee, M|74\/100 tox\n|switch|p2b: Gothitelle|Gothitelle, F|100\/100\n|turn|7\n|\n|t:|1699371373\n|move|p2b: Gothitelle|Fake Out|p1b: Eevee\n|-damage|p1b: Eevee|64\/100 tox\n|move|p2a: Sylveon|Quick Attack|p1a: Ogerpon\n|-resisted|p1a: Ogerpon\n|-crit|p1a: Ogerpon\n|-damage|p1a: Ogerpon|0 fnt\n|faint|p1a: Ogerpon\n|cant|p1b: Eevee|flinch\n|\n|-damage|p1b: Eevee|58\/100 tox|[from] psn\n|upkeep\n|\n|t:|1699371382\n|switch|p1a: Kingambit|Kingambit, M|100\/100\n|-activate|p1a: Kingambit|ability: Supreme Overlord\n|-start|p1a: Kingambit|fallen4|[silent]\n|turn|8\n|\n|t:|1699371397\n|move|p1a: Kingambit|Sucker Punch||[still]\n|-fail|p1a: Kingambit\n|move|p2a: Sylveon|Hyper Voice|p1a: Kingambit|[spread] p1a,p1b\n|-damage|p1a: Kingambit|0 fnt\n|-damage|p1b: Eevee|0 fnt\n|faint|p1a: Kingambit\n|-end|p1a: Kingambit|fallen4|[silent]\n|faint|p1b: Eevee\n|\n|win|bbcfjjkk\n|raw|Ball Buster87's rating: 1051 &rarr; <strong>1033<\/strong><br \/>(-18 for losing)\n|raw|bbcfjjkk's rating: 1045 &rarr; <strong>1079<\/strong><br \/>(+34 for winning)\n|c|\u2606Ball Buster87|gg\n|l|\u2606Ball Buster87\n","uploadtime":1699371416,"views":8,"p1id":"ballbuster87","p2id":"bbcfjjkk","formatid":"gen9nationaldexdoubles","rating":1033,"private":0,"password":""}