{"id":"gen9nationaldexdoubles-1972438456","p1":"JeziyahAnton","p2":"Jfj fj h gj","format":"[Gen 9] National Dex Doubles","log":"|j|\u2606JeziyahAnton\n|j|\u2606Jfj fj h gj\n|t:|1697842857\n|gametype|doubles\n|player|p1|JeziyahAnton|marlon|1106\n|player|p2|Jfj fj h gj|lucas|1092\n|teamsize|p1|6\n|teamsize|p2|6\n|gen|9\n|tier|[Gen 9] National Dex Doubles\n|rated|\n|rule|HP Percentage Mod: HP is shown in percentages\n|rule|Endless Battle Clause: Forcing endless battles is banned\n|rule|OHKO Clause: OHKO moves are banned\n|rule|Evasion Moves Clause: Evasion moves are banned\n|rule|Evasion Abilities Clause: Evasion abilities are banned\n|rule|Species Clause: Limit one of each Pok\u00e9mon\n|rule|Gravity Sleep Clause: The combination of sleep-inducing moves with imperfect accuracy and Gravity or Gigantamax Orbeetle are banned\n|clearpoke\n|poke|p1|Pheromosa|\n|poke|p1|Riolu, M|\n|poke|p1|Glastrier|\n|poke|p1|Tornadus, M|\n|poke|p1|Gastrodon-East, M|\n|poke|p1|Great Tusk|\n|poke|p2|Blastoise, M|\n|poke|p2|Clefable, F|\n|poke|p2|Indeedee-F, F|\n|poke|p2|Mr. Mime, M|\n|poke|p2|Glastrier|\n|poke|p2|Oranguru, M|\n|teampreview\n|\n|t:|1697842870\n|start\n|switch|p1a: Glastrier|Glastrier|100\/100\n|switch|p1b: Pheromosa|Pheromosa|100\/100\n|switch|p2a: Glastrier|Glastrier|100\/100\n|switch|p2b: Indeedee|Indeedee-F, F|100\/100\n|-fieldstart|move: Psychic Terrain|[from] ability: Psychic Surge|[of] p2b: Indeedee\n|turn|1\n|inactive|Battle timer is ON: inactive players will automatically lose when time's up. (requested by Jfj fj h gj)\n|\n|t:|1697842888\n|move|p1b: Pheromosa|Taunt|p2b: Indeedee\n|-start|p2b: Indeedee|move: Taunt\n|move|p1a: Glastrier|Swords Dance|p1a: Glastrier\n|-boost|p1a: Glastrier|atk|2\n|move|p2a: Glastrier|Icicle Spear|p1b: Pheromosa\n|-damage|p1b: Pheromosa|70\/100\n|-damage|p1b: Pheromosa|35\/100\n|-damage|p1b: Pheromosa|5\/100\n|-damage|p1b: Pheromosa|0 fnt\n|faint|p1b: Pheromosa\n|-ability|p2a: Glastrier|Chilling Neigh|boost\n|-boost|p2a: Glastrier|atk|1\n|-hitcount|p1: Pheromosa|4\n|cant|p2b: Indeedee|move: Taunt|Trick Room\n|\n|upkeep\n|\n|t:|1697842907\n|switch|p1b: Riolu|Riolu, M|100\/100\n|turn|2\n|inactive|JeziyahAnton has 120 seconds left.\n|\n|t:|1697842946\n|switch|p2b: Blastoise|Blastoise, M|100\/100\n|move|p2a: Glastrier|Protect|p2a: Glastrier\n|-singleturn|p2a: Glastrier|Protect\n|move|p1b: Riolu|Coaching|p1a: Glastrier\n|-boost|p1a: Glastrier|atk|1\n|-boost|p1a: Glastrier|def|1\n|move|p1a: Glastrier|Zen Headbutt|p2a: Glastrier\n|-activate|p2a: Glastrier|move: Protect\n|\n|upkeep\n|turn|3\n|\n|t:|1697842959\n|move|p2b: Blastoise|Follow Me|p2b: Blastoise\n|-singleturn|p2b: Blastoise|move: Follow Me\n|move|p1b: Riolu|Coaching|p1a: Glastrier\n|-boost|p1a: Glastrier|atk|1\n|-boost|p1a: Glastrier|def|1\n|move|p1a: Glastrier|Zen Headbutt|p2b: Blastoise\n|-damage|p2b: Blastoise|12\/100\n|-enditem|p2b: Blastoise|Iapapa Berry|[eat]\n|-heal|p2b: Blastoise|46\/100|[from] item: Iapapa Berry\n|move|p2a: Glastrier|Icicle Spear|p1b: Riolu\n|-damage|p1b: Riolu|69\/100\n|-damage|p1b: Riolu|42\/100\n|-damage|p1b: Riolu|13\/100\n|-damage|p1b: Riolu|0 fnt\n|faint|p1b: Riolu\n|-ability|p2a: Glastrier|Chilling Neigh|boost\n|-boost|p2a: Glastrier|atk|1\n|-hitcount|p1: Riolu|4\n|\n|upkeep\n|inactive|JeziyahAnton has 120 seconds left.\n|\n|t:|1697842985\n|switch|p1b: Gastrodon|Gastrodon-East, M|100\/100\n|turn|4\n|\n|t:|1697843011\n|-terastallize|p2a: Glastrier|Ice\n|move|p2b: Blastoise|Follow Me|p2b: Blastoise\n|-singleturn|p2b: Blastoise|move: Follow Me\n|move|p1b: Gastrodon|Clear Smog|p2b: Blastoise\n|-damage|p2b: Blastoise|37\/100\n|-clearboost|p2b: Blastoise\n|move|p1a: Glastrier|Icicle Spear|p2b: Blastoise\n|-resisted|p2b: Blastoise\n|-damage|p2b: Blastoise|21\/100\n|-resisted|p2b: Blastoise\n|-damage|p2b: Blastoise|4\/100\n|-resisted|p2b: Blastoise\n|-damage|p2b: Blastoise|0 fnt\n|faint|p2b: Blastoise\n|-ability|p1a: Glastrier|Chilling Neigh|boost\n|-boost|p1a: Glastrier|atk|1\n|-hitcount|p2: Blastoise|3\n|move|p2a: Glastrier|Icicle Spear|p1b: Gastrodon\n|-damage|p1b: Gastrodon|62\/100\n|-damage|p1b: Gastrodon|21\/100\n|-damage|p1b: Gastrodon|0 fnt\n|faint|p1b: Gastrodon\n|-ability|p2a: Glastrier|Chilling Neigh|boost\n|-boost|p2a: Glastrier|atk|1\n|-hitcount|p1: Gastrodon|3\n|\n|upkeep\n|inactive|Jfj fj h gj has 120 seconds left.\n|\n|t:|1697843042\n|switch|p2b: Clefable|Clefable, F|100\/100\n|switch|p1b: Tornadus|Tornadus, M|100\/100\n|turn|5\n|\n|t:|1697843055\n|-terastallize|p1a: Glastrier|Ground\n|move|p2b: Clefable|Follow Me|p2b: Clefable\n|-singleturn|p2b: Clefable|move: Follow Me\n|move|p1b: Tornadus|Tailwind|p1b: Tornadus\n|-sidestart|p1: JeziyahAnton|move: Tailwind\n|move|p1a: Glastrier|Bulldoze|p2b: Clefable|[spread] p2a,p2b\n|-immune|p1b: Tornadus\n|-damage|p2a: Glastrier|36\/100\n|-damage|p2b: Clefable|17\/100\n|-unboost|p2a: Glastrier|spe|1\n|-unboost|p2b: Clefable|spe|1\n|move|p2a: Glastrier|Icicle Spear|p1b: Tornadus\n|-supereffective|p1b: Tornadus\n|-damage|p1b: Tornadus|0 fnt\n|faint|p1b: Tornadus\n|-ability|p2a: Glastrier|Chilling Neigh|boost\n|-boost|p2a: Glastrier|atk|1\n|-hitcount|p1: Tornadus|1\n|\n|-fieldend|move: Psychic Terrain\n|upkeep\n|\n|t:|1697843067\n|switch|p1b: Great Tusk|Great Tusk|100\/100\n|turn|6\n|inactive|Jfj fj h gj has 120 seconds left.\n|inactive|Jfj fj h gj has 90 seconds left.\n|\n|t:|1697843149\n|switch|p2a: Mr. Mime|Mr. Mime, M|100\/100\n|move|p1b: Great Tusk|Close Combat|p2a: Mr. Mime\n|-resisted|p2a: Mr. Mime\n|-damage|p2a: Mr. Mime|83\/100\n|-unboost|p1b: Great Tusk|def|1\n|-unboost|p1b: Great Tusk|spd|1\n|move|p1a: Glastrier|Bulldoze|p2a: Mr. Mime|[spread] p1b,p2a,p2b\n|-crit|p2b: Clefable\n|-damage|p1b: Great Tusk|1\/100\n|-damage|p2a: Mr. Mime|0 fnt\n|-damage|p2b: Clefable|0 fnt\n|-unboost|p1b: Great Tusk|spe|1\n|faint|p2a: Mr. Mime\n|faint|p2b: Clefable\n|-ability|p1a: Glastrier|Chilling Neigh|boost\n|-boost|p1a: Glastrier|atk|1\n|\n|upkeep\n|inactive|Jfj fj h gj has 60 seconds left.\n|\n|t:|1697843192\n|switch|p2a: Glastrier|Glastrier, tera:Ice|36\/100\n|switch|p2b: Oranguru|Oranguru, M|100\/100\n|turn|7\n|\n|t:|1697843220\n|move|p2a: Glastrier|Protect|p2a: Glastrier\n|-singleturn|p2a: Glastrier|Protect\n|move|p1b: Great Tusk|Close Combat|p2a: Glastrier\n|-activate|p2a: Glastrier|move: Protect\n|move|p1a: Glastrier|Bulldoze|p2a: Glastrier|[spread] p1b,p2b\n|-activate|p2a: Glastrier|move: Protect\n|-damage|p1b: Great Tusk|0 fnt\n|-damage|p2b: Oranguru|14\/100\n|-unboost|p2b: Oranguru|spe|1\n|faint|p1b: Great Tusk\n|-end|p1b: Great Tusk|Protosynthesis|[silent]\n|move|p2b: Oranguru|Trick Room|p2b: Oranguru\n|-fieldstart|move: Trick Room|[of] p2b: Oranguru\n|\n|upkeep\n|turn|8\n|inactive|Jfj fj h gj has 60 seconds left.\n|\n|t:|1697843235\n|move|p2a: Glastrier|Icicle Spear|p1a: Glastrier\n|-supereffective|p1a: Glastrier\n|-damage|p1a: Glastrier|86\/100\n|-supereffective|p1a: Glastrier\n|-damage|p1a: Glastrier|71\/100\n|-supereffective|p1a: Glastrier\n|-damage|p1a: Glastrier|57\/100\n|-supereffective|p1a: Glastrier\n|-damage|p1a: Glastrier|43\/100\n|-supereffective|p1a: Glastrier\n|-damage|p1a: Glastrier|26\/100\n|-hitcount|p1a: Glastrier|5\n|move|p2b: Oranguru|Instruct|p2a: Glastrier\n|-singleturn|p2a: Glastrier|move: Instruct|[of] p2b: Oranguru\n|move|p2a: Glastrier|Icicle Spear|p1a: Glastrier\n|-supereffective|p1a: Glastrier\n|-damage|p1a: Glastrier|12\/100\n|-supereffective|p1a: Glastrier\n|-damage|p1a: Glastrier|0 fnt\n|faint|p1a: Glastrier\n|-hitcount|p1: Glastrier|2\n|\n|win|Jfj fj h gj\n|raw|JeziyahAnton's rating: 1106 &rarr; <strong>1080<\/strong><br \/>(-26 for losing)\n|raw|Jfj fj h gj's rating: 1092 &rarr; <strong>1119<\/strong><br \/>(+27 for winning)\n|l|\u2606JeziyahAnton\n","uploadtime":1697843258,"views":16,"p1id":"jeziyahanton","p2id":"jfjfjhgj","formatid":"gen9nationaldexdoubles","rating":1080,"private":0,"password":""}