{"id":"gen9nationaldexdoubles-1983245516","p1":"larsonshark","p2":"xiaoqing three","format":"[Gen 9] National Dex Doubles","log":"|j|\u2606larsonshark\n|j|\u2606xiaoqing three\n|t:|1699109886\n|gametype|doubles\n|player|p1|larsonshark|caitlin|1315\n|player|p2|xiaoqing three|grusha|1611\n|teamsize|p1|6\n|teamsize|p2|6\n|gen|9\n|tier|[Gen 9] National Dex Doubles\n|rated|\n|rule|HP Percentage Mod: HP is shown in percentages\n|rule|Endless Battle Clause: Forcing endless battles is banned\n|rule|OHKO Clause: OHKO moves are banned\n|rule|Evasion Moves Clause: Evasion moves are banned\n|rule|Evasion Abilities Clause: Evasion abilities are banned\n|rule|Species Clause: Limit one of each Pok\u00e9mon\n|rule|Gravity Sleep Clause: The combination of sleep-inducing moves with imperfect accuracy and Gravity or Gigantamax Orbeetle are banned\n|clearpoke\n|poke|p1|Ceruledge, M|\n|poke|p1|Chien-Pao|\n|poke|p1|Ogerpon-Hearthflame, F|\n|poke|p1|Salamence, M|\n|poke|p1|Okidogi, M|\n|poke|p1|Tapu Fini|\n|poke|p2|Marshadow|\n|poke|p2|Rillaboom, F|\n|poke|p2|Diancie|\n|poke|p2|Palafin, F|\n|poke|p2|Salamence, F|\n|poke|p2|Heatran, M|\n|teampreview\n|inactive|Battle timer is ON: inactive players will automatically lose when time's up. (requested by larsonshark)\n|\n|t:|1699109906\n|start\n|switch|p1a: Okidogi|Okidogi, M|100\/100\n|switch|p1b: Tapu Fini|Tapu Fini|100\/100\n|switch|p2a: Palafin|Palafin, F, shiny|100\/100\n|switch|p2b: Rillaboom|Rillaboom, F, shiny|100\/100\n|-fieldstart|move: Grassy Terrain|[from] ability: Grassy Surge|[of] p2b: Rillaboom\n|-fieldstart|move: Misty Terrain|[from] ability: Misty Surge|[of] p1b: Tapu Fini\n|turn|1\n|\n|t:|1699109923\n|detailschange|p2a: Palafin|Palafin-Hero, F, shiny\n|switch|p2a: Diancie|Diancie, shiny|100\/100\n|move|p2b: Rillaboom|Fake Out|p1a: Okidogi\n|-damage|p1a: Okidogi|90\/100\n|move|p1b: Tapu Fini|Icy Wind|p2a: Diancie|[spread] p2a,p2b\n|-supereffective|p2b: Rillaboom\n|-damage|p2a: Diancie|94\/100\n|-damage|p2b: Rillaboom|88\/100\n|-unboost|p2b: Rillaboom|spe|1\n|cant|p1a: Okidogi|flinch\n|\n|upkeep\n|turn|2\n|\n|t:|1699109942\n|move|p1b: Tapu Fini|Scald|p2a: Diancie\n|-supereffective|p2a: Diancie\n|-crit|p2a: Diancie\n|-damage|p2a: Diancie|36\/100\n|-enditem|p2a: Diancie|Weakness Policy\n|-boost|p2a: Diancie|atk|2|[from] item: Weakness Policy\n|-boost|p2a: Diancie|spa|2|[from] item: Weakness Policy\n|move|p1a: Okidogi|Gunk Shot|p2a: Diancie|[miss]\n|-miss|p1a: Okidogi|p2a: Diancie\n|move|p2b: Rillaboom|U-turn|p1b: Tapu Fini\n|-resisted|p1b: Tapu Fini\n|-damage|p1b: Tapu Fini|91\/100\n|\n|t:|1699109948\n|switch|p2b: Heatran|Heatran, M|100\/100|[from] U-turn\n|move|p2a: Diancie|Trick Room|p2a: Diancie\n|-fieldstart|move: Trick Room|[of] p2a: Diancie\n|\n|-heal|p1b: Tapu Fini|97\/100|[from] item: Leftovers\n|upkeep\n|turn|3\n|c|\u2606larsonshark|miss\n|c|\u2606xiaoqing three|This is crucial\n|\n|t:|1699109974\n|move|p2a: Diancie|Diamond Storm|p1a: Okidogi|[spread] p1a,p1b\n|-resisted|p1a: Okidogi\n|-damage|p1a: Okidogi|64\/100\n|-damage|p1b: Tapu Fini|47\/100\n|move|p2b: Heatran|Eruption|p1b: Tapu Fini|[spread] p1a,p1b\n|-resisted|p1b: Tapu Fini\n|-damage|p1a: Okidogi|17\/100\n|-damage|p1b: Tapu Fini|23\/100\n|move|p1a: Okidogi|Drain Punch|p2a: Diancie\n|-damage|p2a: Diancie|2\/100\n|-heal|p1a: Okidogi|33\/100|[from] drain|[of] p2a: Diancie\n|move|p1b: Tapu Fini|Scald|p2a: Diancie\n|-supereffective|p2a: Diancie\n|-damage|p2a: Diancie|0 fnt\n|faint|p2a: Diancie\n|\n|-heal|p1b: Tapu Fini|29\/100|[from] item: Leftovers\n|upkeep\n|inactive|xiaoqing three has 120 seconds left.\n|\n|t:|1699109993\n|switch|p2a: Palafin|Palafin-Hero, F, shiny|100\/100\n|-activate|p2a: Palafin|ability: Zero to Hero\n|turn|4\n|\n|t:|1699110001\n|move|p2b: Heatran|Eruption|p1a: Okidogi|[spread] p1a,p1b\n|-resisted|p1b: Tapu Fini\n|-damage|p1a: Okidogi|0 fnt\n|-damage|p1b: Tapu Fini|2\/100\n|faint|p1a: Okidogi\n|move|p1b: Tapu Fini|Heal Pulse|p1: Okidogi|[notarget]\n|-fail|p1b: Tapu Fini\n|move|p2a: Palafin|Bulk Up|p2a: Palafin\n|-boost|p2a: Palafin|atk|1\n|-boost|p2a: Palafin|def|1\n|\n|-heal|p1b: Tapu Fini|8\/100|[from] item: Leftovers\n|upkeep\n|\n|t:|1699110008\n|switch|p1a: Salamence|Salamence, M|100\/100\n|-ability|p1a: Salamence|Intimidate|boost\n|-unboost|p2a: Palafin|atk|1\n|-unboost|p2b: Heatran|atk|1\n|turn|5\n|\n|t:|1699110016\n|detailschange|p1a: Salamence|Salamence-Mega, M\n|-mega|p1a: Salamence|Salamence|Salamencite\n|move|p2b: Heatran|Eruption|p1b: Tapu Fini|[spread] p1a,p1b\n|-resisted|p1a: Salamence\n|-resisted|p1b: Tapu Fini\n|-damage|p1a: Salamence|67\/100\n|-damage|p1b: Tapu Fini|0 fnt\n|faint|p1b: Tapu Fini\n|move|p2a: Palafin|Bulk Up|p2a: Palafin\n|-boost|p2a: Palafin|atk|1\n|-boost|p2a: Palafin|def|1\n|move|p1a: Salamence|Double-Edge|p2a: Palafin\n|-crit|p2a: Palafin\n|-damage|p2a: Palafin|0 fnt\n|faint|p2a: Palafin\n|-damage|p1a: Salamence|27\/100|[from] Recoil\n|\n|-fieldend|Misty Terrain\n|upkeep\n|c|\u2606xiaoqing three|CT\n|\n|t:|1699110037\n|switch|p1b: Ogerpon|Ogerpon-Hearthflame, F|100\/100\n|switch|p2a: Salamence|Salamence, F|100\/100\n|-ability|p2a: Salamence|Intimidate|boost\n|-unboost|p1a: Salamence|atk|1\n|-unboost|p1b: Ogerpon|atk|1\n|-ability|p1b: Ogerpon|Mold Breaker\n|turn|6\n|\n|t:|1699110057\n|detailschange|p2a: Salamence|Salamence-Mega, F\n|-mega|p2a: Salamence|Salamence|Salamencite\n|-terastallize|p1b: Ogerpon|Fire\n|detailschange|p1b: Ogerpon|Ogerpon-Hearthflame-Tera, F, tera:Fire\n|-ability|p1b: Ogerpon|Embody Aspect (Hearthflame)|boost\n|-boost|p1b: Ogerpon|atk|1\n|move|p2a: Salamence|Protect|p2a: Salamence\n|-singleturn|p2a: Salamence|Protect\n|move|p2b: Heatran|Eruption|p1a: Salamence|[spread] p1a,p1b\n|-resisted|p1a: Salamence\n|-resisted|p1b: Ogerpon\n|-damage|p1a: Salamence|0 fnt\n|-damage|p1b: Ogerpon|60\/100\n|faint|p1a: Salamence\n|move|p1b: Ogerpon|Trailblaze|p2a: Salamence\n|-activate|p2a: Salamence|move: Protect\n|\n|-fieldend|move: Trick Room\n|upkeep\n|\n|t:|1699110065\n|switch|p1a: Chien-Pao|Chien-Pao|100\/100\n|-ability|p1a: Chien-Pao|Sword of Ruin\n|turn|7\n|\n|t:|1699110079\n|move|p1a: Chien-Pao|Ice Spinner|p2a: Salamence\n|-supereffective|p2a: Salamence\n|-damage|p2a: Salamence|0 fnt\n|faint|p2a: Salamence\n|-damage|p1a: Chien-Pao|91\/100|[from] item: Life Orb\n|move|p1b: Ogerpon|Stomping Tantrum|p2b: Heatran\n|-supereffective|p2b: Heatran\n|-damage|p2b: Heatran|0 fnt\n|faint|p2b: Heatran\n|\n|upkeep\n|\n|t:|1699110088\n|switch|p2a: Rillaboom|Rillaboom, F, shiny|88\/100\n|switch|p2b: Marshadow|Marshadow|100\/100\n|-fieldstart|move: Grassy Terrain|[from] ability: Grassy Surge|[of] p2a: Rillaboom\n|turn|8\n|\n|t:|1699110107\n|switch|p1b: Ceruledge|Ceruledge, M|100\/100\n|move|p2a: Rillaboom|Fake Out|p1a: Chien-Pao\n|-damage|p1a: Chien-Pao|73\/100\n|cant|p1a: Chien-Pao|flinch\n|-zpower|p2b: Marshadow\n|move|p2b: Marshadow|Soul-Stealing 7-Star Strike|p1b: Ceruledge|[zeffect]\n|-supereffective|p1b: Ceruledge\n|-damage|p1b: Ceruledge|0 fnt\n|faint|p1b: Ceruledge\n|\n|-heal|p1a: Chien-Pao|79\/100|[from] Grassy Terrain\n|-heal|p2a: Rillaboom|94\/100|[from] Grassy Terrain\n|upkeep\n|\n|t:|1699110110\n|switch|p1b: Ogerpon|Ogerpon-Hearthflame-Tera, F, tera:Fire|60\/100\n|-ability|p1b: Ogerpon|Embody Aspect (Hearthflame)|boost\n|-boost|p1b: Ogerpon|atk|1\n|turn|9\n|c|\u2606larsonshark|almost misclicked\n|\n|t:|1699110130\n|-terastallize|p2a: Rillaboom|Grass\n|move|p2a: Rillaboom|Grassy Glide|p1a: Chien-Pao\n|-damage|p1a: Chien-Pao|16\/100\n|move|p1a: Chien-Pao|Psychic Fangs|p2b: Marshadow\n|-supereffective|p2b: Marshadow\n|-damage|p2b: Marshadow|0 fnt\n|faint|p2b: Marshadow\n|-damage|p1a: Chien-Pao|6\/100|[from] item: Life Orb\n|move|p1b: Ogerpon|Ivy Cudgel|p2a: Rillaboom\n|-supereffective|p2a: Rillaboom\n|-damage|p2a: Rillaboom|0 fnt\n|faint|p2a: Rillaboom\n|\n|win|larsonshark\n|raw|larsonshark's rating: 1315 &rarr; <strong>1349<\/strong><br \/>(+34 for winning)\n|raw|xiaoqing three's rating: 1611 &rarr; <strong>1577<\/strong><br \/>(-34 for losing)\n|c|\u2606larsonshark|sacred sword\n|c|\u2606larsonshark|into your marsh\n|c|\u2606larsonshark|gg\n|l|\u2606xiaoqing three\n","uploadtime":1699110171,"views":12,"p1id":"larsonshark","p2id":"xiaoqingthree","formatid":"gen9nationaldexdoubles","rating":1349,"private":0,"password":""}