{"id":"gen9nationaldexdoubles-1979183725","p1":"BugCatcherKale","p2":"Zestytrashcan82","format":"[Gen 9] National Dex Doubles","log":"|j|\u2606BugCatcherKale\n|j|\u2606Zestytrashcan82\n|t:|1698646198\n|gametype|doubles\n|player|p1|BugCatcherKale|bugcatcher-gen4dp|1208\n|player|p2|Zestytrashcan82|iris-gen5bw2|1000\n|teamsize|p1|6\n|teamsize|p2|6\n|gen|9\n|tier|[Gen 9] National Dex Doubles\n|rated|\n|rule|HP Percentage Mod: HP is shown in percentages\n|rule|Endless Battle Clause: Forcing endless battles is banned\n|rule|OHKO Clause: OHKO moves are banned\n|rule|Evasion Moves Clause: Evasion moves are banned\n|rule|Evasion Abilities Clause: Evasion abilities are banned\n|rule|Species Clause: Limit one of each Pok\u00e9mon\n|rule|Gravity Sleep Clause: The combination of sleep-inducing moves with imperfect accuracy and Gravity or Gigantamax Orbeetle are banned\n|clearpoke\n|poke|p1|Illumise, F|\n|poke|p1|Volcarona, F|\n|poke|p1|Vikavolt, F|\n|poke|p1|Golisopod, M|\n|poke|p1|Flygon, F|\n|poke|p1|Pinsir, M|\n|poke|p2|Mawile, F|\n|poke|p2|Sinistcha-Masterpiece|\n|poke|p2|Palafin, M|\n|poke|p2|Iron Hands|\n|poke|p2|Hatterene, F|\n|poke|p2|Ursaluna-Bloodmoon, M|\n|teampreview\n|inactive|Battle timer is ON: inactive players will automatically lose when time's up. (requested by Zestytrashcan82)\n|\n|t:|1698646236\n|start\n|switch|p1a: Illumise|Illumise, F|100\/100\n|switch|p1b: Pinsir|Pinsir, M, shiny|100\/100\n|switch|p2a: Hatterene|Hatterene, F|100\/100\n|switch|p2b: Palafin|Palafin, M|100\/100\n|turn|1\n|\n|t:|1698646257\n|detailschange|p2b: Palafin|Palafin-Hero, M\n|switch|p2b: Ursaluna|Ursaluna-Bloodmoon, M|100\/100\n|detailschange|p1b: Pinsir|Pinsir-Mega, M, shiny\n|-mega|p1b: Pinsir|Pinsir|Pinsirite\n|move|p1a: Illumise|Helping Hand|p1b: Pinsir\n|-singleturn|p1b: Pinsir|Helping Hand|[of] p1a: Illumise\n|move|p1b: Pinsir|Return|p2a: Hatterene\n|-damage|p2a: Hatterene|0 fnt\n|faint|p2a: Hatterene\n|\n|upkeep\n|\n|t:|1698646269\n|switch|p2a: Iron Hands|Iron Hands|100\/100\n|-enditem|p2a: Iron Hands|Booster Energy\n|-activate|p2a: Iron Hands|ability: Quark Drive|[fromitem]\n|-start|p2a: Iron Hands|quarkdriveatk\n|turn|2\n|\n|t:|1698646279\n|move|p1b: Pinsir|Protect|p1b: Pinsir\n|-singleturn|p1b: Pinsir|Protect\n|move|p2a: Iron Hands|Fake Out|p1b: Pinsir\n|-activate|p1b: Pinsir|move: Protect\n|move|p1a: Illumise|Tailwind|p1a: Illumise\n|-sidestart|p1: BugCatcherKale|move: Tailwind\n|move|p2b: Ursaluna|Blood Moon|p1b: Pinsir\n|-activate|p1b: Pinsir|move: Protect\n|\n|upkeep\n|turn|3\n|\n|t:|1698646299\n|-terastallize|p2b: Ursaluna|Flying\n|move|p1a: Illumise|Encore|p2a: Iron Hands\n|-start|p2a: Iron Hands|Encore\n|move|p1b: Pinsir|Return|p2b: Ursaluna\n|-damage|p2b: Ursaluna|53\/100\n|move|p2b: Ursaluna|Hyper Voice|p1b: Pinsir|[spread] p1a,p1b\n|-crit|p1a: Illumise\n|-damage|p1a: Illumise|49\/100\n|-damage|p1b: Pinsir|50\/100\n|move|p2a: Iron Hands|Fake Out||[still]\n|-hint|Fake Out only works on your first turn out.\n|-fail|p2a: Iron Hands\n|\n|-heal|p2b: Ursaluna|59\/100|[from] item: Leftovers\n|upkeep\n|turn|4\n|\n|t:|1698646316\n|-end|p2a: Iron Hands|Quark Drive|[silent]\n|switch|p2a: Sinistcha|Sinistcha-Masterpiece|100\/100\n|-heal|p2b: Ursaluna|84\/100|[from] ability: Hospitality|[of] p2a: Sinistcha\n|move|p1a: Illumise|Helping Hand|p1b: Pinsir\n|-singleturn|p1b: Pinsir|Helping Hand|[of] p1a: Illumise\n|move|p1b: Pinsir|Return|p2b: Ursaluna\n|-damage|p2b: Ursaluna|12\/100\n|move|p2b: Ursaluna|Hyper Voice|p1b: Pinsir|[spread] p1a,p1b\n|-crit|p1b: Pinsir\n|-damage|p1a: Illumise|17\/100\n|-damage|p1b: Pinsir|0 fnt\n|faint|p1b: Pinsir\n|\n|-heal|p2b: Ursaluna|18\/100|[from] item: Leftovers\n|upkeep\n|inactive|BugCatcherKale has 120 seconds left.\n|\n|t:|1698646342\n|switch|p1b: Golisopod|Golisopod, M|100\/100\n|turn|5\n|inactive|BugCatcherKale has 120 seconds left.\n|\n|t:|1698646367\n|move|p1a: Illumise|Protect|p1a: Illumise\n|-singleturn|p1a: Illumise|Protect\n|move|p1b: Golisopod|First Impression|p2b: Ursaluna\n|-resisted|p2b: Ursaluna\n|-damage|p2b: Ursaluna|0 fnt\n|faint|p2b: Ursaluna\n|-damage|p1b: Golisopod|91\/100|[from] item: Life Orb\n|move|p2a: Sinistcha|Rage Powder|p2a: Sinistcha\n|-singleturn|p2a: Sinistcha|move: Rage Powder\n|\n|-sideend|p1: BugCatcherKale|move: Tailwind\n|upkeep\n|\n|t:|1698646378\n|switch|p2b: Palafin|Palafin-Hero, M|100\/100\n|-activate|p2b: Palafin|ability: Zero to Hero\n|turn|6\n|inactive|BugCatcherKale has 120 seconds left.\n|\n|t:|1698646409\n|switch|p1b: Flygon|Flygon, F|100\/100\n|move|p2b: Palafin|Jet Punch|p1a: Illumise\n|-damage|p1a: Illumise|0 fnt\n|faint|p1a: Illumise\n|move|p2a: Sinistcha|Iron Defense|p2a: Sinistcha\n|-boost|p2a: Sinistcha|def|2\n|\n|upkeep\n|inactive|BugCatcherKale has 120 seconds left.\n|\n|t:|1698646422\n|switch|p1a: Vikavolt|Vikavolt, F|100\/100\n|turn|7\n|inactive|BugCatcherKale has 120 seconds left.\n|\n|t:|1698646454\n|move|p2b: Palafin|Jet Punch|p1b: Flygon\n|-damage|p1b: Flygon|50\/100\n|move|p1b: Flygon|Dragon Dance|p1b: Flygon\n|-boost|p1b: Flygon|atk|1\n|-boost|p1b: Flygon|spe|1\n|move|p2a: Sinistcha|Matcha Gotcha|p1b: Flygon|[spread] p1b\n|-miss|p2a: Sinistcha|p1a: Vikavolt\n|-damage|p1b: Flygon|17\/100\n|-enditem|p1b: Flygon|Figy Berry|[eat]\n|-heal|p1b: Flygon|51\/100|[from] item: Figy Berry\n|move|p1a: Vikavolt|Discharge|p2a: Sinistcha|[spread] p2a,p2b\n|-immune|p1b: Flygon\n|-resisted|p2a: Sinistcha\n|-supereffective|p2b: Palafin\n|-damage|p2a: Sinistcha|83\/100\n|-damage|p2b: Palafin|28\/100\n|-status|p2a: Sinistcha|par\n|-damage|p1a: Vikavolt|91\/100|[from] item: Life Orb\n|\n|upkeep\n|turn|8\n|inactive|BugCatcherKale has 120 seconds left.\n|\n|t:|1698646480\n|move|p1b: Flygon|Protect|p1b: Flygon\n|-singleturn|p1b: Flygon|Protect\n|move|p2b: Palafin|Jet Punch|p1b: Flygon\n|-activate|p1b: Flygon|move: Protect\n|move|p1a: Vikavolt|Discharge|p2b: Palafin|[spread] p2a,p2b\n|-activate|p1b: Flygon|move: Protect\n|-resisted|p2a: Sinistcha\n|-supereffective|p2b: Palafin\n|-damage|p2a: Sinistcha|64\/100 par\n|-damage|p2b: Palafin|0 fnt\n|faint|p2b: Palafin\n|-damage|p1a: Vikavolt|81\/100|[from] item: Life Orb\n|move|p2a: Sinistcha|Matcha Gotcha|p1a: Vikavolt|[spread] p1a\n|-activate|p1b: Flygon|move: Protect\n|-resisted|p1a: Vikavolt\n|-damage|p1a: Vikavolt|68\/100\n|-heal|p2a: Sinistcha|72\/100 par|[from] drain|[of] p1a: Vikavolt\n|\n|upkeep\n|inactive|Zestytrashcan82 has 120 seconds left.\n|\n|t:|1698646497\n|switch|p2b: Mawile|Mawile, F|100\/100\n|-ability|p2b: Mawile|Intimidate|boost\n|-unboost|p1a: Vikavolt|atk|1\n|-unboost|p1b: Flygon|atk|1\n|turn|9\n|\n|t:|1698646517\n|detailschange|p2b: Mawile|Mawile-Mega, F\n|-mega|p2b: Mawile|Mawile|Mawilite\n|move|p1b: Flygon|Earthquake|p2b: Mawile|[spread] p2a,p2b\n|-immune|p1a: Vikavolt|[from] ability: Levitate\n|-resisted|p2a: Sinistcha\n|-supereffective|p2b: Mawile\n|-damage|p2a: Sinistcha|64\/100 par\n|-damage|p2b: Mawile|13\/100\n|move|p1a: Vikavolt|Discharge|p2a: Sinistcha|[spread] p2a,p2b\n|-immune|p1b: Flygon\n|-resisted|p2a: Sinistcha\n|-crit|p2b: Mawile\n|-damage|p2a: Sinistcha|48\/100 par\n|-damage|p2b: Mawile|0 fnt\n|faint|p2b: Mawile\n|-damage|p1a: Vikavolt|58\/100|[from] item: Life Orb\n|move|p2a: Sinistcha|Trick Room|p2a: Sinistcha\n|-fieldstart|move: Trick Room|[of] p2a: Sinistcha\n|\n|upkeep\n|inactive|Zestytrashcan82 has 120 seconds left.\n|\n|t:|1698646531\n|switch|p2b: Iron Hands|Iron Hands|100\/100\n|turn|10\n|\n|t:|1698646549\n|cant|p2a: Sinistcha|par\n|move|p1a: Vikavolt|Energy Ball|p2b: Iron Hands\n|-damage|p2b: Iron Hands|67\/100\n|-unboost|p2b: Iron Hands|spd|1\n|-damage|p1a: Vikavolt|48\/100|[from] item: Life Orb\n|move|p2b: Iron Hands|Drain Punch|p1b: Flygon\n|-damage|p1b: Flygon|0 fnt\n|-heal|p2b: Iron Hands|84\/100|[from] drain|[of] p1b: Flygon\n|faint|p1b: Flygon\n|\n|upkeep\n|\n|t:|1698646560\n|switch|p1b: Golisopod|Golisopod, M|91\/100\n|turn|11\n|inactive|Zestytrashcan82 has 120 seconds left.\n|inactive|BugCatcherKale has 120 seconds left.\n|\n|t:|1698646599\n|-terastallize|p1b: Golisopod|Dark\n|move|p1b: Golisopod|Sucker Punch|p2a: Sinistcha\n|-supereffective|p2a: Sinistcha\n|-damage|p2a: Sinistcha|5\/100 par\n|-damage|p1b: Golisopod|81\/100|[from] item: Life Orb\n|cant|p2a: Sinistcha|par\n|move|p1a: Vikavolt|Energy Ball|p2b: Iron Hands\n|-damage|p2b: Iron Hands|38\/100\n|-unboost|p2b: Iron Hands|spd|1\n|-damage|p1a: Vikavolt|38\/100|[from] item: Life Orb\n|move|p2b: Iron Hands|Drain Punch|p1b: Golisopod\n|-supereffective|p1b: Golisopod\n|-damage|p1b: Golisopod|16\/100\n|-heal|p2b: Iron Hands|63\/100|[from] drain|[of] p1b: Golisopod\n|-activate|p1b: Golisopod|ability: Emergency Exit\n|inactive|BugCatcherKale has 120 seconds left.\n|\n|t:|1698646615\n|switch|p1b: Volcarona|Volcarona, F|100\/100\n|\n|upkeep\n|turn|12\n|\n|t:|1698646632\n|move|p1b: Volcarona|Protect|p1b: Volcarona\n|-singleturn|p1b: Volcarona|Protect\n|move|p2a: Sinistcha|Rage Powder|p2a: Sinistcha\n|-singleturn|p2a: Sinistcha|move: Rage Powder\n|move|p1a: Vikavolt|Energy Ball|p2a: Sinistcha\n|-resisted|p2a: Sinistcha\n|-damage|p2a: Sinistcha|0 fnt\n|faint|p2a: Sinistcha\n|-damage|p1a: Vikavolt|28\/100|[from] item: Life Orb\n|move|p2b: Iron Hands|Drain Punch|p1b: Volcarona\n|-activate|p1b: Volcarona|move: Protect\n|\n|upkeep\n|turn|13\n|\n|t:|1698646650\n|move|p1a: Vikavolt|Energy Ball|p2b: Iron Hands\n|-damage|p2b: Iron Hands|2\/100\n|-damage|p1a: Vikavolt|19\/100|[from] item: Life Orb\n|move|p2b: Iron Hands|Earthquake|p1a: Vikavolt|[spread] p1b\n|-immune|p1a: Vikavolt|[from] ability: Levitate\n|-damage|p1b: Volcarona|56\/100\n|move|p1b: Volcarona|Heat Wave|p2b: Iron Hands\n|-damage|p2b: Iron Hands|0 fnt\n|faint|p2b: Iron Hands\n|-end|p2b: Iron Hands|Quark Drive|[silent]\n|\n|win|BugCatcherKale\n|raw|BugCatcherKale's rating: 1208 &rarr; <strong>1220<\/strong><br \/>(+12 for winning)\n|raw|Zestytrashcan82's rating: 1000 &rarr; <strong>1000<\/strong><br \/>(+0 for losing)\n|c|\u2606BugCatcherKale|gg\n|c|\u2606Zestytrashcan82|GG\n","uploadtime":1698646878,"views":10,"p1id":"bugcatcherkale","p2id":"zestytrashcan82","formatid":"gen9nationaldexdoubles","rating":1000,"private":0,"password":""}