{"id":"gen9nationaldexdoubles-1967890799","p1":"Play Tale of Wuxia","p2":"Zelphalopod","format":"[Gen 9] National Dex Doubles","log":"|j|\u2606Play Tale of Wuxia\n|j|\u2606Zelphalopod\n|t:|1697353386\n|gametype|doubles\n|player|p1|Play Tale of Wuxia|gentleman|\n|player|p2|Zelphalopod|nate|\n|teamsize|p1|6\n|teamsize|p2|6\n|gen|9\n|tier|[Gen 9] National Dex Doubles\n|rule|HP Percentage Mod: HP is shown in percentages\n|rule|Endless Battle Clause: Forcing endless battles is banned\n|rule|OHKO Clause: OHKO moves are banned\n|rule|Evasion Moves Clause: Evasion moves are banned\n|rule|Evasion Abilities Clause: Evasion abilities are banned\n|rule|Species Clause: Limit one of each Pok\u00e9mon\n|rule|Gravity Sleep Clause: The combination of sleep-inducing moves with imperfect accuracy and Gravity or Gigantamax Orbeetle are banned\n|clearpoke\n|poke|p1|Zapdos|\n|poke|p1|Garchomp, F|\n|poke|p1|Gholdengo|\n|poke|p1|Kleavor, F|\n|poke|p1|Vivillon, F|\n|poke|p1|Flamigo, F|\n|poke|p2|Blaziken, M|\n|poke|p2|Samurott-Hisui, M|\n|poke|p2|Volcanion|\n|poke|p2|Gyarados, M|\n|poke|p2|Rotom-Fan|\n|poke|p2|Glimmora, F|\n|teampreview\n|\n|t:|1697353427\n|start\n|switch|p1a: Tera Wattrel|Zapdos|100\/100\n|switch|p1b: Garchomp|Garchomp, F|100\/100\n|switch|p2a: Yin|Samurott-Hisui, M|100\/100\n|switch|p2b: Shui-Long|Gyarados, M|100\/100\n|-ability|p2b: Shui-Long|Intimidate|boost\n|-unboost|p1a: Tera Wattrel|atk|1\n|-unboost|p1b: Garchomp|atk|1\n|turn|1\n|\n|t:|1697353451\n|move|p2a: Yin|Taunt|p1a: Tera Wattrel\n|-start|p1a: Tera Wattrel|move: Taunt\n|move|p1a: Tera Wattrel|Discharge|p2b: Shui-Long|[spread] p2a,p2b\n|-immune|p1b: Garchomp\n|-supereffective|p2a: Yin\n|-supereffective|p2b: Shui-Long\n|-damage|p2a: Yin|18\/100\n|-damage|p2b: Shui-Long|0 fnt\n|faint|p2b: Shui-Long\n|move|p1b: Garchomp|Rock Slide|p2a: Yin\n|-damage|p2a: Yin|0 fnt\n|faint|p2a: Yin\n|\n|upkeep\n|\n|t:|1697353525\n|switch|p2b: Shimmer|Glimmora, F|100\/100\n|switch|p2a: Sky|Rotom-Fan, shiny|100\/100\n|turn|2\n|\n|t:|1697353543\n|switch|p1a: success|Vivillon, F|100\/100\n|move|p2b: Shimmer|Stealth Rock|p1b: Garchomp\n|-sidestart|p1: Play Tale of Wuxia|move: Stealth Rock\n|move|p1b: Garchomp|Earthquake|p2b: Shimmer|[spread] p2b\n|-immune|p1a: success\n|-immune|p2a: Sky\n|-supereffective|p2b: Shimmer\n|-enditem|p2b: Shimmer|Focus Sash\n|-damage|p2b: Shimmer|1\/100\n|-activate|p2b: Shimmer|ability: Toxic Debris\n|-sidestart|p1: Play Tale of Wuxia|move: Toxic Spikes\n|move|p2a: Sky|Foul Play|p1b: Garchomp\n|-damage|p1b: Garchomp|85\/100\n|-damage|p2a: Sky|88\/100|[from] ability: Rough Skin|[of] p1b: Garchomp\n|\n|upkeep\n|turn|3\n|\n|t:|1697353609\n|move|p1a: success|Tailwind|p1a: success\n|-sidestart|p1: Play Tale of Wuxia|move: Tailwind\n|move|p1b: Garchomp|Rock Slide|p2b: Shimmer|[spread] p2b\n|-miss|p1b: Garchomp|p2a: Sky\n|-damage|p2b: Shimmer|0 fnt\n|-activate|p2b: Shimmer|ability: Toxic Debris\n|-sidestart|p1: Play Tale of Wuxia|move: Toxic Spikes\n|faint|p2b: Shimmer\n|move|p2a: Sky|Thunderbolt|p1a: success\n|-supereffective|p1a: success\n|-enditem|p1a: success|Focus Sash\n|-damage|p1a: success|1\/100\n|\n|upkeep\n|\n|t:|1697353622\n|switch|p2b: Storm|Volcanion|100\/100\n|turn|4\n|\n|t:|1697353633\n|move|p1a: success|Sleep Powder|p2b: Storm\n|-status|p2b: Storm|slp|[from] move: Sleep Powder\n|move|p1b: Garchomp|Rock Slide|p2b: Storm|[spread] p2a,p2b\n|-supereffective|p2a: Sky\n|-supereffective|p2b: Storm\n|-damage|p2a: Sky|55\/100\n|-damage|p2b: Storm|77\/100 slp\n|cant|p2a: Sky|flinch\n|cant|p2b: Storm|slp\n|\n|upkeep\n|turn|5\n|\n|t:|1697353666\n|move|p1a: success|Pollen Puff|p2b: Storm\n|-resisted|p2b: Storm\n|-damage|p2b: Storm|64\/100 slp\n|move|p1b: Garchomp|Rock Slide|p2b: Storm|[spread] p2b\n|-miss|p1b: Garchomp|p2a: Sky\n|-supereffective|p2b: Storm\n|-damage|p2b: Storm|42\/100 slp\n|move|p2a: Sky|Foul Play|p1b: Garchomp\n|-damage|p1b: Garchomp|69\/100\n|-damage|p2a: Sky|43\/100|[from] ability: Rough Skin|[of] p1b: Garchomp\n|-enditem|p2a: Sky|Sitrus Berry|[eat]\n|-heal|p2a: Sky|68\/100|[from] item: Sitrus Berry\n|cant|p2b: Storm|slp\n|\n|upkeep\n|turn|6\n|\n|t:|1697353690\n|move|p1a: success|Pollen Puff|p1b: Garchomp\n|-heal|p1b: Garchomp|100\/100\n|move|p1b: Garchomp|Rock Slide|p2a: Sky|[spread] p2a,p2b\n|-supereffective|p2a: Sky\n|-supereffective|p2b: Storm\n|-damage|p2a: Sky|37\/100\n|-damage|p2b: Storm|19\/100 slp\n|move|p2a: Sky|Air Slash|p1b: Garchomp|[miss]\n|-miss|p2a: Sky|p1b: Garchomp\n|cant|p2b: Storm|slp\n|\n|-sideend|p1: Play Tale of Wuxia|move: Tailwind\n|upkeep\n|turn|7\n|\n|t:|1697353719\n|move|p1a: success|Tailwind|p1a: success\n|-sidestart|p1: Play Tale of Wuxia|move: Tailwind\n|move|p1b: Garchomp|Rock Slide|p2b: Storm|[spread] p2a,p2b\n|-supereffective|p2a: Sky\n|-supereffective|p2b: Storm\n|-damage|p2a: Sky|5\/100\n|-damage|p2b: Storm|0 fnt\n|faint|p2b: Storm\n|cant|p2a: Sky|flinch\n|\n|upkeep\n|\n|t:|1697353729\n|switch|p2b: Taro|Blaziken, M|100\/100\n|turn|8\n|\n|t:|1697353759\n|move|p1a: success|Sleep Powder|p2b: Taro\n|-status|p2b: Taro|slp|[from] move: Sleep Powder\n|move|p1b: Garchomp|Rock Slide|p2a: Sky|[spread] p2a,p2b\n|-supereffective|p2a: Sky\n|-crit|p2a: Sky\n|-damage|p2a: Sky|0 fnt\n|-damage|p2b: Taro|78\/100 slp\n|faint|p2a: Sky\n|cant|p2b: Taro|slp\n|\n|-ability|p2b: Taro|Speed Boost|boost\n|-boost|p2b: Taro|spe|1\n|upkeep\n|turn|9\n|\n|t:|1697353807\n|switch|p1a: success?|Flamigo, F|100\/100\n|-damage|p1a: success?|88\/100|[from] Stealth Rock\n|move|p1b: Garchomp|Earthquake|p2b: Taro|[spread] p2b\n|-immune|p1a: success?\n|-supereffective|p2b: Taro\n|-damage|p2b: Taro|0 fnt\n|faint|p2b: Taro\n|\n|win|Play Tale of Wuxia\n","uploadtime":1697353817,"views":16,"p1id":"playtaleofwuxia","p2id":"zelphalopod","formatid":"gen9nationaldexdoubles","rating":0,"private":0,"password":""}