{"id":"gen9nationaldexdoubles-1989126625","p1":"U LOSE KEEP QUIET","p2":"CR4SHC0URS3","format":"[Gen 9] National Dex Doubles","log":"|j|\u2606U LOSE KEEP QUIET\n|j|\u2606CR4SHC0URS3\n|t:|1699815080\n|gametype|doubles\n|player|p1|U LOSE KEEP QUIET|blackbelt-gen4dp|1000\n|player|p2|CR4SHC0URS3|alec-anime|1123\n|teamsize|p1|6\n|teamsize|p2|6\n|gen|9\n|tier|[Gen 9] National Dex Doubles\n|rated|\n|rule|HP Percentage Mod: HP is shown in percentages\n|rule|Endless Battle Clause: Forcing endless battles is banned\n|rule|OHKO Clause: OHKO moves are banned\n|rule|Evasion Moves Clause: Evasion moves are banned\n|rule|Evasion Abilities Clause: Evasion abilities are banned\n|rule|Species Clause: Limit one of each Pok\u00e9mon\n|rule|Gravity Sleep Clause: The combination of sleep-inducing moves with imperfect accuracy and Gravity or Gigantamax Orbeetle are banned\n|clearpoke\n|poke|p1|Indeedee-F, F|\n|poke|p1|Oranguru, F|\n|poke|p1|Glastrier|\n|poke|p1|Hoopa-Unbound|\n|poke|p1|Ursaluna, F|\n|poke|p1|Zygarde|\n|poke|p2|Scyther, M|\n|poke|p2|Ribombee, F|\n|poke|p2|Staraptor, M|\n|poke|p2|Sneasler, F|\n|poke|p2|Blastoise, M|\n|poke|p2|Meowscarada, M|\n|teampreview\n|inactive|Battle timer is ON: inactive players will automatically lose when time's up. (requested by CR4SHC0URS3)\n|inactive|U LOSE KEEP QUIET has 120 seconds left.\n|inactive|U LOSE KEEP QUIET has 90 seconds left.\n|\n|t:|1699815141\n|start\n|switch|p1a: Hoopa|Hoopa-Unbound|100\/100\n|switch|p1b: Zygarde|Zygarde|100\/100\n|switch|p2a: Folv|Staraptor, M|100\/100\n|switch|p2b: Copperfield|Meowscarada, M|100\/100\n|-ability|p1b: Zygarde|Aura Break\n|turn|1\n|\n|t:|1699815161\n|-terastallize|p2a: Folv|Normal\n|move|p2b: Copperfield|Play Rough|p1b: Zygarde|[miss]\n|-start|p2b: Copperfield|typechange|Fairy|[from] ability: Protean\n|-miss|p2b: Copperfield|p1b: Zygarde\n|move|p2a: Folv|Double-Edge|p1a: Hoopa\n|-damage|p1a: Hoopa|0 fnt\n|faint|p1a: Hoopa\n|-damage|p2a: Folv|62\/100|[from] Recoil\n|move|p1b: Zygarde|Coil|p1b: Zygarde\n|-boost|p1b: Zygarde|atk|1\n|-boost|p1b: Zygarde|def|1\n|-boost|p1b: Zygarde|accuracy|1\n|\n|upkeep\n|inactive|U LOSE KEEP QUIET has 120 seconds left.\n|\n|t:|1699815206\n|switch|p1a: Indeedee|Indeedee-F, F|100\/100\n|-fieldstart|move: Psychic Terrain|[from] ability: Psychic Surge|[of] p1a: Indeedee\n|turn|2\n|\n|t:|1699815217\n|move|p1a: Indeedee|Follow Me|p1a: Indeedee\n|-singleturn|p1a: Indeedee|move: Follow Me\n|move|p2b: Copperfield|Play Rough|p1a: Indeedee\n|-damage|p1a: Indeedee|45\/100\n|-damage|p2b: Copperfield|91\/100|[from] item: Life Orb\n|move|p2a: Folv|Double-Edge|p1a: Indeedee\n|-crit|p1a: Indeedee\n|-damage|p1a: Indeedee|0 fnt\n|faint|p1a: Indeedee\n|-damage|p2a: Folv|46\/100|[from] Recoil\n|move|p1b: Zygarde|Coil|p1b: Zygarde\n|-boost|p1b: Zygarde|atk|1\n|-boost|p1b: Zygarde|def|1\n|-boost|p1b: Zygarde|accuracy|1\n|\n|upkeep\n|inactive|U LOSE KEEP QUIET has 120 seconds left.\n|\n|t:|1699815262\n|switch|p1a: Oranguru|Oranguru, F|100\/100\n|turn|3\n|\n|t:|1699815277\n|move|p2b: Copperfield|Knock Off|p1a: Oranguru\n|-supereffective|p1a: Oranguru\n|-damage|p1a: Oranguru|38\/100\n|-enditem|p1a: Oranguru|Mental Herb|[from] move: Knock Off|[of] p2b: Copperfield\n|-damage|p2b: Copperfield|81\/100|[from] item: Life Orb\n|move|p2a: Folv|Double-Edge|p1b: Zygarde\n|-damage|p1b: Zygarde|50\/100\n|-damage|p2a: Folv|23\/100|[from] Recoil\n|move|p1b: Zygarde|Coil|p1b: Zygarde\n|-boost|p1b: Zygarde|atk|1\n|-boost|p1b: Zygarde|def|1\n|-boost|p1b: Zygarde|accuracy|1\n|move|p1a: Oranguru|Trick Room|p1a: Oranguru\n|-fieldstart|move: Trick Room|[of] p1a: Oranguru\n|-enditem|p1b: Zygarde|Room Service\n|-unboost|p1b: Zygarde|spe|1|[from] item: Room Service\n|\n|upkeep\n|turn|4\n|inactive|U LOSE KEEP QUIET has 120 seconds left.\n|\n|t:|1699815301\n|move|p1a: Oranguru|Instruct|p1b: Zygarde\n|-singleturn|p1b: Zygarde|move: Instruct|[of] p1a: Oranguru\n|move|p1b: Zygarde|Coil|p1b: Zygarde\n|-boost|p1b: Zygarde|atk|1\n|-boost|p1b: Zygarde|def|1\n|-boost|p1b: Zygarde|accuracy|1\n|move|p1b: Zygarde|Thousand Arrows|p2b: Copperfield|[spread] p2a,p2b\n|-crit|p2a: Folv\n|-damage|p2a: Folv|0 fnt\n|-damage|p2b: Copperfield|0 fnt\n|faint|p2a: Folv\n|faint|p2b: Copperfield\n|\n|upkeep\n|inactive|CR4SHC0URS3 has 120 seconds left.\n|\n|t:|1699815321\n|switch|p2a: Sneezy|Sneasler, F|100\/100\n|switch|p2b: Bowser|Blastoise, M|100\/100\n|turn|5\n|inactive|U LOSE KEEP QUIET has 120 seconds left.\n|inactive|U LOSE KEEP QUIET has 90 seconds left.\n|\n|t:|1699815388\n|move|p2a: Sneezy|Fake Out|p1b: Zygarde\n|-activate|p1b: Zygarde|move: Psychic Terrain\n|move|p1a: Oranguru|Instruct|p1b: Zygarde\n|-singleturn|p1b: Zygarde|move: Instruct|[of] p1a: Oranguru\n|move|p1b: Zygarde|Thousand Arrows|p2a: Sneezy|[spread] p2a,p2b\n|-supereffective|p2a: Sneezy\n|-damage|p2a: Sneezy|0 fnt\n|-damage|p2b: Bowser|21\/100\n|faint|p2a: Sneezy\n|move|p1b: Zygarde|Thousand Arrows|p2b: Bowser\n|-damage|p2b: Bowser|0 fnt\n|faint|p2b: Bowser\n|\n|upkeep\n|-message|CR4SHC0URS3 forfeited.\n|\n|win|U LOSE KEEP QUIET\n|raw|U LOSE KEEP QUIET's rating: 1045 &rarr; <strong>1086<\/strong><br \/>(+41 for winning)\n|raw|CR4SHC0URS3's rating: 1123 &rarr; <strong>1092<\/strong><br \/>(-31 for losing)\n|l|\u2606CR4SHC0URS3\n","uploadtime":1699815409,"views":5,"p1id":"ulosekeepquiet","p2id":"cr4shc0urs3","formatid":"gen9nationaldexdoubles","rating":1086,"private":0,"password":""}