{"id":"gen9nationaldexdoubles-1976547674","p1":"knightgem","p2":"Theytheman","format":"[Gen 9] National Dex Doubles","log":"|j|\u2606knightgem\n|j|\u2606Theytheman\n|t:|1698320280\n|gametype|doubles\n|player|p1|knightgem|#knightgem|1230\n|player|p2|Theytheman|dawn|1316\n|teamsize|p1|6\n|teamsize|p2|6\n|gen|9\n|tier|[Gen 9] National Dex Doubles\n|rated|\n|rule|HP Percentage Mod: HP is shown in percentages\n|rule|Endless Battle Clause: Forcing endless battles is banned\n|rule|OHKO Clause: OHKO moves are banned\n|rule|Evasion Moves Clause: Evasion moves are banned\n|rule|Evasion Abilities Clause: Evasion abilities are banned\n|rule|Species Clause: Limit one of each Pok\u00e9mon\n|rule|Gravity Sleep Clause: The combination of sleep-inducing moves with imperfect accuracy and Gravity or Gigantamax Orbeetle are banned\n|clearpoke\n|poke|p1|Primarina, F|\n|poke|p1|Skeledirge, M|\n|poke|p1|Rillaboom, M|\n|poke|p1|Toxtricity, M|\n|poke|p1|Kommo-o, F|\n|poke|p1|Clefairy, M|\n|poke|p2|Gardevoir, M|\n|poke|p2|Indeedee-F, F|\n|poke|p2|Haxorus, M|\n|poke|p2|Ribombee, F|\n|poke|p2|Ursaluna-Bloodmoon, M|\n|poke|p2|Gliscor, F|\n|teampreview\n|inactive|Battle timer is ON: inactive players will automatically lose when time's up. (requested by Theytheman)\n|inactive|knightgem also wants the timer to be on.\n|\n|t:|1698320285\n|start\n|switch|p1a: Timpani|Kommo-o, F|100\/100\n|switch|p1b: Conductor|Clefairy, M|100\/100\n|switch|p2a: Indeedee|Indeedee-F, F, shiny|100\/100\n|switch|p2b: Gardevoir|Gardevoir, M, shiny|100\/100\n|-fieldstart|move: Psychic Terrain|[from] ability: Psychic Surge|[of] p2a: Indeedee\n|turn|1\n|\n|t:|1698320307\n|switch|p1b: Bongorilla|Rillaboom, M|100\/100\n|-fieldstart|move: Grassy Terrain|[from] ability: Grassy Surge|[of] p1b: Bongorilla\n|-enditem|p1b: Bongorilla|Grassy Seed\n|-boost|p1b: Bongorilla|def|1|[from] item: Grassy Seed\n|detailschange|p2b: Gardevoir|Gardevoir-Mega, M, shiny\n|-mega|p2b: Gardevoir|Gardevoir|Gardevoirite\n|move|p2a: Indeedee|Follow Me|p2a: Indeedee\n|-singleturn|p2a: Indeedee|move: Follow Me\n|move|p2b: Gardevoir|Expanding Force|p1a: Timpani\n|-supereffective|p1a: Timpani\n|-damage|p1a: Timpani|0 fnt\n|faint|p1a: Timpani\n|\n|upkeep\n|\n|t:|1698320325\n|switch|p1a: Conductor|Clefairy, M|100\/100\n|turn|2\n|\n|t:|1698320333\n|switch|p2b: Gliscor|Gliscor, F, shiny|100\/100\n|switch|p2a: Ribombee|Ribombee, F, shiny|100\/100\n|move|p1a: Conductor|Follow Me|p1a: Conductor\n|-singleturn|p1a: Conductor|move: Follow Me\n|move|p1b: Bongorilla|Swords Dance|p1b: Bongorilla\n|-boost|p1b: Bongorilla|atk|2\n|\n|-status|p2b: Gliscor|tox|[from] item: Toxic Orb\n|upkeep\n|turn|3\n|\n|t:|1698320342\n|move|p1a: Conductor|Follow Me|p1a: Conductor\n|-singleturn|p1a: Conductor|move: Follow Me\n|move|p2a: Ribombee|Sticky Web|p1b: Bongorilla\n|-sidestart|p1: knightgem|move: Sticky Web\n|move|p2b: Gliscor|Poison Jab|p1a: Conductor\n|-supereffective|p1a: Conductor\n|-damage|p1a: Conductor|45\/100\n|move|p1b: Bongorilla|Acrobatics|p2a: Ribombee\n|-supereffective|p2a: Ribombee\n|-enditem|p2a: Ribombee|Focus Sash\n|-damage|p2a: Ribombee|1\/100\n|\n|-heal|p2a: Ribombee|7\/100|[from] Grassy Terrain\n|-heal|p1a: Conductor|51\/100|[from] Grassy Terrain\n|upkeep\n|turn|4\n|\n|t:|1698320357\n|-terastallize|p1b: Bongorilla|Grass\n|move|p1b: Bongorilla|Grassy Glide|p2b: Gliscor\n|-damage|p2b: Gliscor|12\/100 tox\n|move|p2a: Ribombee|Moonblast|p1b: Bongorilla\n|-damage|p1b: Bongorilla|67\/100\n|move|p2b: Gliscor|Poison Jab|p1a: Conductor\n|-supereffective|p1a: Conductor\n|-damage|p1a: Conductor|3\/100\n|-status|p1a: Conductor|psn\n|move|p1a: Conductor|Wish|p1a: Conductor\n|\n|-heal|p2a: Ribombee|13\/100|[from] Grassy Terrain\n|-heal|p1b: Bongorilla|74\/100|[from] Grassy Terrain\n|-heal|p1a: Conductor|9\/100 psn|[from] Grassy Terrain\n|-heal|p2b: Gliscor|25\/100 tox|[from] ability: Poison Heal\n|-damage|p1a: Conductor|0 fnt|[from] psn\n|faint|p1a: Conductor\n|upkeep\n|\n|t:|1698320363\n|switch|p1a: Gunkitar|Toxtricity, M|100\/100\n|-activate|p1a: Gunkitar|move: Sticky Web\n|-unboost|p1a: Gunkitar|spe|1\n|turn|5\n|\n|t:|1698320377\n|move|p1b: Bongorilla|Grassy Glide|p2b: Gliscor\n|-damage|p2b: Gliscor|0 fnt\n|faint|p2b: Gliscor\n|move|p2a: Ribombee|Psychic|p1a: Gunkitar\n|-supereffective|p1a: Gunkitar\n|-damage|p1a: Gunkitar|20\/100\n|move|p1a: Gunkitar|Volt Switch|p2a: Ribombee\n|-damage|p2a: Ribombee|0 fnt\n|faint|p2a: Ribombee\n|\n|t:|1698320382\n|switch|p1a: Sopraino|Primarina, F|100\/100|[from] Volt Switch\n|-activate|p1a: Sopraino|move: Sticky Web\n|-unboost|p1a: Sopraino|spe|1\n|\n|-heal|p1b: Bongorilla|80\/100|[from] Grassy Terrain\n|-fieldend|move: Grassy Terrain\n|upkeep\n|\n|t:|1698320387\n|switch|p2a: Indeedee|Indeedee-F, F, shiny|100\/100\n|switch|p2b: Gardevoir|Gardevoir-Mega, M, shiny|100\/100\n|-fieldstart|move: Psychic Terrain|[from] ability: Psychic Surge|[of] p2a: Indeedee\n|turn|6\n|\n|t:|1698320393\n|switch|p1b: Gunkitar|Toxtricity, M|20\/100\n|-activate|p1b: Gunkitar|move: Sticky Web\n|-unboost|p1b: Gunkitar|spe|1\n|move|p2a: Indeedee|Follow Me|p2a: Indeedee\n|-singleturn|p2a: Indeedee|move: Follow Me\n|move|p2b: Gardevoir|Expanding Force|p1a: Sopraino|[spread] p1a,p1b\n|-supereffective|p1b: Gunkitar\n|-damage|p1a: Sopraino|38\/100\n|-damage|p1b: Gunkitar|0 fnt\n|faint|p1b: Gunkitar\n|-zpower|p1a: Sopraino\n|move|p1a: Sopraino|Oceanic Operetta|p2a: Indeedee|[zeffect]\n|-damage|p2a: Indeedee|14\/100\n|\n|-heal|p2a: Indeedee|20\/100|[from] item: Leftovers\n|upkeep\n|-message|knightgem forfeited.\n|\n|win|Theytheman\n|raw|knightgem's rating: 1230 &rarr; <strong>1211<\/strong><br \/>(-19 for losing)\n|raw|Theytheman's rating: 1316 &rarr; <strong>1331<\/strong><br \/>(+15 for winning)\n|l|\u2606knightgem\n","uploadtime":1698320402,"views":7,"p1id":"knightgem","p2id":"theytheman","formatid":"gen9nationaldexdoubles","rating":1211,"private":0,"password":""}