{"id":"gen9nationaldexdoubles-1998458859","p1":"fumbari 24","p2":"lamebagels","format":"[Gen 9] National Dex Doubles","log":"|j|\u2606fumbari 24\n|j|\u2606lamebagels\n|t:|1700944632\n|gametype|doubles\n|player|p1|fumbari 24|hilbert|1199\n|player|p2|lamebagels|rei-isekai|1199\n|teamsize|p1|6\n|teamsize|p2|6\n|gen|9\n|tier|[Gen 9] National Dex Doubles\n|rated|\n|rule|HP Percentage Mod: HP is shown in percentages\n|rule|Endless Battle Clause: Forcing endless battles is banned\n|rule|OHKO Clause: OHKO moves are banned\n|rule|Evasion Moves Clause: Evasion moves are banned\n|rule|Evasion Abilities Clause: Evasion abilities are banned\n|rule|Species Clause: Limit one of each Pok\u00e9mon\n|rule|Gravity Sleep Clause: The combination of sleep-inducing moves with imperfect accuracy and Gravity or Gigantamax Orbeetle are banned\n|clearpoke\n|poke|p1|Altaria, F|\n|poke|p1|Togekiss, F|\n|poke|p1|Celebi|\n|poke|p1|Medicham, F|\n|poke|p1|Iron Bundle|\n|poke|p1|Indeedee-F, F|\n|poke|p2|Shuckle, M|\n|poke|p2|Mandibuzz, F|\n|poke|p2|Tyranitar, M|\n|poke|p2|Zapdos-Galar|\n|poke|p2|Raikou|\n|poke|p2|Landorus-Therian, M|\n|teampreview\n|\n|t:|1700944659\n|start\n|switch|p1a: Altaria|Altaria, F|100\/100\n|switch|p1b: Medicham|Medicham, F, shiny|100\/100\n|switch|p2a: 90|Raikou, shiny|100\/100\n|switch|p2b: sierra|Mandibuzz, F|100\/100\n|-ability|p1a: Altaria|Cloud Nine\n|turn|1\n|\n|t:|1700944673\n|detailschange|p1a: Altaria|Altaria-Mega, F\n|-mega|p1a: Altaria|Altaria|Altarianite\n|move|p1b: Medicham|Fake Out|p2b: sierra\n|-damage|p2b: sierra|93\/100\n|-damage|p1b: Medicham|84\/100|[from] item: Rocky Helmet|[of] p2b: sierra\n|move|p2a: 90|Volt Switch|p1b: Medicham\n|-damage|p1b: Medicham|32\/100\n|-enditem|p1b: Medicham|Sitrus Berry|[eat]\n|-heal|p1b: Medicham|57\/100|[from] item: Sitrus Berry\n|inactive|Battle timer is ON: inactive players will automatically lose when time's up. (requested by fumbari 24)\n|\n|t:|1700944711\n|switch|p2a: Gawsef|Shuckle, M, shiny|100\/100|[from] Volt Switch\n|move|p1a: Altaria|Cotton Guard|p1a: Altaria\n|-boost|p1a: Altaria|def|3\n|cant|p2b: sierra|flinch\n|\n|upkeep\n|turn|2\n|\n|t:|1700944721\n|move|p1a: Altaria|Hyper Voice|p2a: Gawsef|[spread] p2a,p2b\n|-supereffective|p2b: sierra\n|-damage|p2a: Gawsef|83\/100\n|-damage|p2b: sierra|41\/100\n|-enditem|p2a: Gawsef|Red Card|[of] p1a: Altaria\n|drag|p1a: Iron Bundle|Iron Bundle|100\/100\n|-enditem|p1a: Iron Bundle|Booster Energy\n|-activate|p1a: Iron Bundle|ability: Quark Drive|[fromitem]\n|-start|p1a: Iron Bundle|quarkdrivespe\n|move|p2b: sierra|Tailwind|p2b: sierra\n|-sidestart|p2: lamebagels|move: Tailwind\n|move|p1b: Medicham|Drain Punch|p2a: Gawsef\n|-damage|p2a: Gawsef|60\/100\n|-heal|p1b: Medicham|66\/100|[from] drain|[of] p2a: Gawsef\n|move|p2a: Gawsef|Power Split|p1a: Iron Bundle\n|-activate|p2a: Gawsef|move: Power Split|[of] p1a: Iron Bundle\n|\n|upkeep\n|turn|3\n|\n|t:|1700944743\n|switch|p2b: shyranitar|Tyranitar, M, shiny|100\/100\n|-weather|Sandstorm|[from] ability: Sand Stream|[of] p2b: shyranitar\n|switch|p1b: Altaria|Altaria-Mega, F|100\/100\n|move|p1a: Iron Bundle|Encore|p2a: Gawsef\n|-start|p2a: Gawsef|Encore\n|move|p2a: Gawsef|Power Split|p1a: Iron Bundle\n|-activate|p2a: Gawsef|move: Power Split|[of] p1a: Iron Bundle\n|\n|-weather|Sandstorm|[upkeep]\n|-damage|p1a: Iron Bundle|94\/100|[from] Sandstorm\n|-damage|p1b: Altaria|94\/100|[from] Sandstorm\n|upkeep\n|turn|4\n|\n|t:|1700944761\n|-terastallize|p2b: shyranitar|Water\n|move|p1a: Iron Bundle|Hydro Pump|p2a: Gawsef\n|-supereffective|p2a: Gawsef\n|-damage|p2a: Gawsef|37\/100\n|move|p2b: shyranitar|Rock Slide|p1b: Altaria|[spread] p1a,p1b\n|-supereffective|p1a: Iron Bundle\n|-crit|p1a: Iron Bundle\n|-damage|p1a: Iron Bundle|7\/100\n|-damage|p1b: Altaria|68\/100\n|move|p1b: Altaria|Hyper Voice|p2b: shyranitar|[spread] p2a,p2b\n|-damage|p2a: Gawsef|25\/100\n|-damage|p2b: shyranitar|82\/100\n|move|p2a: Gawsef|Power Split|p2b: shyranitar\n|-activate|p2a: Gawsef|move: Power Split|[of] p2b: shyranitar\n|\n|-weather|Sandstorm|[upkeep]\n|-damage|p1a: Iron Bundle|0 fnt|[from] Sandstorm\n|-damage|p2b: shyranitar|76\/100|[from] Sandstorm\n|-damage|p1b: Altaria|62\/100|[from] Sandstorm\n|faint|p1a: Iron Bundle\n|-end|p1a: Iron Bundle|Quark Drive|[silent]\n|upkeep\n|\n|t:|1700944774\n|switch|p1a: Medicham|Medicham, F, shiny|66\/100\n|turn|5\n|\n|t:|1700944783\n|move|p1a: Medicham|Fake Out|p2b: shyranitar\n|-crit|p2b: shyranitar\n|-damage|p2b: shyranitar|61\/100\n|cant|p2b: shyranitar|flinch\n|move|p1b: Altaria|Cotton Guard|p1b: Altaria\n|-boost|p1b: Altaria|def|3\n|move|p2a: Gawsef|Power Split|p1a: Medicham\n|-activate|p2a: Gawsef|move: Power Split|[of] p1a: Medicham\n|\n|-weather|Sandstorm|[upkeep]\n|-damage|p2b: shyranitar|54\/100|[from] Sandstorm\n|-damage|p1b: Altaria|55\/100|[from] Sandstorm\n|-damage|p1a: Medicham|60\/100|[from] Sandstorm\n|-end|p2a: Gawsef|Encore\n|-sideend|p2: lamebagels|move: Tailwind\n|upkeep\n|turn|6\n|\n|t:|1700944796\n|move|p1b: Altaria|Hyper Voice|p2b: shyranitar|[spread] p2a,p2b\n|-damage|p2a: Gawsef|14\/100\n|-damage|p2b: shyranitar|39\/100\n|move|p2b: shyranitar|Rock Slide|p1a: Medicham|[spread] p1a\n|-miss|p2b: shyranitar|p1b: Altaria\n|-resisted|p1a: Medicham\n|-damage|p1a: Medicham|48\/100\n|move|p1a: Medicham|Drain Punch|p2a: Gawsef\n|-damage|p2a: Gawsef|0 fnt\n|-heal|p1a: Medicham|53\/100|[from] drain|[of] p2a: Gawsef\n|faint|p2a: Gawsef\n|\n|-weather|Sandstorm|[upkeep]\n|-damage|p1b: Altaria|49\/100|[from] Sandstorm\n|-damage|p2b: shyranitar|32\/100|[from] Sandstorm\n|-damage|p1a: Medicham|47\/100|[from] Sandstorm\n|upkeep\n|\n|t:|1700944808\n|switch|p2a: Chester|Landorus-Therian, M|100\/100\n|-ability|p2a: Chester|Intimidate|boost\n|-unboost|p1a: Medicham|atk|1\n|-unboost|p1b: Altaria|atk|1\n|turn|7\n|\n|t:|1700944815\n|-activate|p1a: Medicham|move: Pursuit\n|move|p2b: shyranitar|Pursuit|p1a: Medicham|[from]Pursuit\n|-damage|p1a: Medicham|11\/100\n|switch|p1a: Celebi|Celebi|100\/100\n|move|p1b: Altaria|Roost|p1b: Altaria\n|-heal|p1b: Altaria|99\/100\n|-singleturn|p1b: Altaria|move: Roost\n|move|p2a: Chester|Sandsear Storm|p1b: Altaria|[spread] p1a,p1b\n|-resisted|p1a: Celebi\n|-damage|p1a: Celebi|90\/100\n|-damage|p1b: Altaria|76\/100\n|\n|-weather|none\n|upkeep\n|turn|8\n|\n|t:|1700944831\n|switch|p2a: sierra|Mandibuzz, F|41\/100\n|move|p1a: Celebi|Light Screen|p1a: Celebi\n|-sidestart|p1: fumbari 24|move: Light Screen\n|move|p1b: Altaria|Hyper Voice|p2a: sierra|[spread] p2a,p2b\n|-supereffective|p2a: sierra\n|-damage|p2a: sierra|0 fnt\n|-damage|p2b: shyranitar|15\/100\n|faint|p2a: sierra\n|move|p2b: shyranitar|Knock Off|p1a: Celebi\n|-supereffective|p1a: Celebi\n|-damage|p1a: Celebi|32\/100\n|-enditem|p1a: Celebi|Aguav Berry|[from] move: Knock Off|[of] p2b: shyranitar\n|\n|upkeep\n|\n|t:|1700944844\n|switch|p2a: Chester|Landorus-Therian, M|100\/100\n|-ability|p2a: Chester|Intimidate|boost\n|-unboost|p1a: Celebi|atk|1\n|-unboost|p1b: Altaria|atk|1\n|turn|9\n|\n|t:|1700944849\n|move|p1a: Celebi|Reflect|p1a: Celebi\n|-sidestart|p1: fumbari 24|Reflect\n|move|p1b: Altaria|Hyper Voice|p2a: Chester|[spread] p2a,p2b\n|-damage|p2a: Chester|70\/100\n|-damage|p2b: shyranitar|0 fnt\n|faint|p2b: shyranitar\n|move|p2a: Chester|U-turn|p1a: Celebi\n|-supereffective|p1a: Celebi\n|-damage|p1a: Celebi|0 fnt\n|faint|p1a: Celebi\n|\n|t:|1700944855\n|switch|p2a: daffodil|Zapdos-Galar, shiny|100\/100|[from] U-turn\n|\n|upkeep\n|\n|t:|1700944862\n|switch|p1a: Indeedee|Indeedee-F, F|100\/100\n|switch|p2b: 90|Raikou, shiny|100\/100\n|-fieldstart|move: Psychic Terrain|[from] ability: Psychic Surge|[of] p1a: Indeedee\n|-enditem|p1a: Indeedee|Psychic Seed\n|-boost|p1a: Indeedee|spd|1|[from] item: Psychic Seed\n|turn|10\n|\n|t:|1700944875\n|move|p2a: daffodil|Knock Off|p1a: Indeedee\n|-supereffective|p1a: Indeedee\n|-damage|p1a: Indeedee|72\/100\n|move|p2b: 90|Signal Beam|p1a: Indeedee\n|-supereffective|p1a: Indeedee\n|-damage|p1a: Indeedee|42\/100\n|move|p1b: Altaria|Hyper Voice|p2a: daffodil|[spread] p2a,p2b\n|-supereffective|p2a: daffodil\n|-crit|p2b: 90\n|-damage|p2a: daffodil|33\/100\n|-damage|p2b: 90|57\/100\n|move|p1a: Indeedee|Trick Room|p1a: Indeedee\n|-fieldstart|move: Trick Room|[of] p1a: Indeedee\n|\n|upkeep\n|turn|11\n|-message|lamebagels forfeited.\n|\n|win|fumbari 24\n|raw|fumbari 24's rating: 1199 &rarr; <strong>1224<\/strong><br \/>(+25 for winning)\n|raw|lamebagels's rating: 1199 &rarr; <strong>1174<\/strong><br \/>(-25 for losing)\n|l|\u2606lamebagels\n","uploadtime":1700944890,"views":2,"p1id":"fumbari24","p2id":"lamebagels","formatid":"gen9nationaldexdoubles","rating":1174,"private":0,"password":""}