{"id":"gen9nationaldexdoubles-1999589949","p1":"MonterrioAshmore","p2":"Huasigga","format":"[Gen 9] National Dex Doubles","log":"|j|\u2606MonterrioAshmore\n|j|\u2606Huasigga\n|t:|1701099068\n|gametype|doubles\n|player|p1|MonterrioAshmore|lucas|1057\n|player|p2|Huasigga|169|1000\n|teamsize|p1|6\n|teamsize|p2|6\n|gen|9\n|tier|[Gen 9] National Dex Doubles\n|rated|\n|rule|HP Percentage Mod: HP is shown in percentages\n|rule|Endless Battle Clause: Forcing endless battles is banned\n|rule|OHKO Clause: OHKO moves are banned\n|rule|Evasion Moves Clause: Evasion moves are banned\n|rule|Evasion Abilities Clause: Evasion abilities are banned\n|rule|Species Clause: Limit one of each Pok\u00e9mon\n|rule|Gravity Sleep Clause: The combination of sleep-inducing moves with imperfect accuracy and Gravity or Gigantamax Orbeetle are banned\n|clearpoke\n|poke|p1|Sylveon, F|\n|poke|p1|Empoleon, M|\n|poke|p1|Ursaluna, F|\n|poke|p1|Pawmot, F|\n|poke|p1|Charizard, M|\n|poke|p1|Bellossom, F|\n|poke|p2|Lumineon, F|\n|poke|p2|Gogoat, M|\n|poke|p2|Iron Moth|\n|poke|p2|Iron Treads|\n|poke|p2|Salamence, M|\n|poke|p2|Flutter Mane|\n|teampreview\n|\n|t:|1701099072\n|start\n|switch|p1a: Hoss|Charizard, M|100\/100\n|switch|p1b: Emperor Drip|Empoleon, M|100\/100\n|switch|p2a: Lumineon|Lumineon, F, shiny|100\/100\n|switch|p2b: Gogoat|Gogoat, M, shiny|100\/100\n|turn|1\n|\n|t:|1701099091\n|detailschange|p1a: Hoss|Charizard-Mega-X, M\n|-mega|p1a: Hoss|Charizard|Charizardite X\n|-terastallize|p2b: Gogoat|Rock\n|move|p1a: Hoss|Dragon Dance|p1a: Hoss\n|-boost|p1a: Hoss|atk|1\n|-boost|p1a: Hoss|spe|1\n|move|p2a: Lumineon|Tailwind|p2a: Lumineon\n|-sidestart|p2: Huasigga|move: Tailwind\n|move|p2b: Gogoat|Bulk Up|p2b: Gogoat\n|-boost|p2b: Gogoat|atk|1\n|-boost|p2b: Gogoat|def|1\n|move|p1b: Emperor Drip|Ice Beam|p2b: Gogoat\n|-damage|p2b: Gogoat|69\/100\n|\n|upkeep\n|turn|2\n|\n|t:|1701099113\n|move|p2a: Lumineon|Chilling Water|p1a: Hoss\n|-damage|p1a: Hoss|83\/100\n|-unboost|p1a: Hoss|atk|1\n|move|p1a: Hoss|Breaking Swipe|p2a: Lumineon|[spread] p2a,p2b\n|-damage|p2a: Lumineon|60\/100\n|-damage|p2b: Gogoat|42\/100\n|-unboost|p2b: Gogoat|atk|1\n|move|p2b: Gogoat|Bullet Seed|p1b: Emperor Drip\n|-damage|p1b: Emperor Drip|89\/100\n|-damage|p1b: Emperor Drip|77\/100\n|-damage|p1b: Emperor Drip|65\/100\n|-damage|p1b: Emperor Drip|52\/100\n|-damage|p1b: Emperor Drip|39\/100\n|-hitcount|p1b: Emperor Drip|5\n|move|p1b: Emperor Drip|Flash Cannon|p2b: Gogoat\n|-supereffective|p2b: Gogoat\n|-damage|p2b: Gogoat|0 fnt\n|faint|p2b: Gogoat\n|\n|upkeep\n|\n|t:|1701099145\n|switch|p2b: Iron Moth|Iron Moth, shiny|100\/100\n|-enditem|p2b: Iron Moth|Booster Energy\n|-activate|p2b: Iron Moth|ability: Quark Drive|[fromitem]\n|-start|p2b: Iron Moth|quarkdrivespe\n|turn|3\n|\n|t:|1701099160\n|move|p2b: Iron Moth|Energy Ball|p1b: Emperor Drip\n|-damage|p1b: Emperor Drip|9\/100\n|move|p2a: Lumineon|Chilling Water|p1a: Hoss\n|-damage|p1a: Hoss|66\/100\n|-unboost|p1a: Hoss|atk|1\n|move|p1a: Hoss|Breaking Swipe|p2a: Lumineon|[spread] p2a,p2b\n|-damage|p2a: Lumineon|31\/100\n|-damage|p2b: Iron Moth|68\/100\n|-unboost|p2b: Iron Moth|atk|1\n|move|p1b: Emperor Drip|Whirlpool|p2a: Lumineon\n|-activate|p2a: Lumineon|ability: Storm Drain\n|-ability|p2a: Lumineon|Storm Drain|boost\n|-boost|p2a: Lumineon|spa|1\n|\n|upkeep\n|turn|4\n|\n|t:|1701099189\n|switch|p1a: Lowmoa|Sylveon, F|100\/100\n|switch|p1b: Fuwa-Hula|Bellossom, F|100\/100\n|move|p2b: Iron Moth|Heat Wave|p1b: Fuwa-Hula|[spread] p1a,p1b\n|-supereffective|p1b: Fuwa-Hula\n|-damage|p1a: Lowmoa|77\/100\n|-damage|p1b: Fuwa-Hula|36\/100\n|move|p2a: Lumineon|Safeguard|p2a: Lumineon\n|-sidestart|p2: Huasigga|Safeguard\n|\n|-heal|p1b: Fuwa-Hula|42\/100|[from] item: Leftovers\n|-sideend|p2: Huasigga|move: Tailwind\n|upkeep\n|turn|5\n|\n|t:|1701099215\n|move|p1b: Fuwa-Hula|Helping Hand|p1a: Lowmoa\n|-singleturn|p1a: Lowmoa|Helping Hand|[of] p1b: Fuwa-Hula\n|move|p2b: Iron Moth|Heat Wave|p1a: Lowmoa|[spread] p1a,p1b\n|-supereffective|p1b: Fuwa-Hula\n|-damage|p1a: Lowmoa|50\/100\n|-damage|p1b: Fuwa-Hula|0 fnt\n|faint|p1b: Fuwa-Hula\n|move|p2a: Lumineon|Tailwind|p2a: Lumineon\n|-sidestart|p2: Huasigga|move: Tailwind\n|move|p1a: Lowmoa|Hyper Voice|p2a: Lumineon|[spread] p2a,p2b\n|-resisted|p2b: Iron Moth\n|-damage|p2a: Lumineon|0 fnt\n|-damage|p2b: Iron Moth|54\/100\n|faint|p2a: Lumineon\n|\n|upkeep\n|\n|t:|1701099229\n|switch|p2a: Iron Treads|Iron Treads, shiny|100\/100\n|switch|p1b: Ussuri|Ursaluna, F|100\/100\n|turn|6\n|\n|t:|1701099245\n|move|p2a: Iron Treads|Protect|p2a: Iron Treads\n|-singleturn|p2a: Iron Treads|Protect\n|move|p2b: Iron Moth|Energy Ball|p1b: Ussuri\n|-supereffective|p1b: Ussuri\n|-damage|p1b: Ussuri|43\/100\n|move|p1a: Lowmoa|Hyper Voice|p2b: Iron Moth|[spread] p2b\n|-activate|p2a: Iron Treads|move: Protect\n|-resisted|p2b: Iron Moth\n|-damage|p2b: Iron Moth|45\/100\n|move|p1b: Ussuri|Headlong Rush|p2b: Iron Moth\n|-supereffective|p2b: Iron Moth\n|-crit|p2b: Iron Moth\n|-damage|p2b: Iron Moth|0 fnt\n|-unboost|p1b: Ussuri|def|1\n|-unboost|p1b: Ussuri|spd|1\n|faint|p2b: Iron Moth\n|-end|p2b: Iron Moth|Quark Drive|[silent]\n|\n|-status|p1b: Ussuri|brn|[from] item: Flame Orb\n|upkeep\n|\n|t:|1701099264\n|switch|p2b: Flutter Mane|Flutter Mane, shiny|100\/100\n|turn|7\n|\n|t:|1701099283\n|switch|p1b: Tangerie|Pawmot, F|100\/100\n|move|p2b: Flutter Mane|Shadow Ball|p1b: Tangerie\n|-damage|p1b: Tangerie|26\/100\n|-unboost|p1b: Tangerie|spd|1\n|move|p2a: Iron Treads|Heavy Slam|p1a: Lowmoa\n|-supereffective|p1a: Lowmoa\n|-damage|p1a: Lowmoa|0 fnt\n|faint|p1a: Lowmoa\n|\n|upkeep\n|\n|t:|1701099296\n|switch|p1a: Hoss|Charizard-Mega-X, M|66\/100\n|turn|8\n|\n|t:|1701099308\n|move|p2b: Flutter Mane|Protect|p2b: Flutter Mane\n|-singleturn|p2b: Flutter Mane|Protect\n|move|p2a: Iron Treads|Protect|p2a: Iron Treads\n|-singleturn|p2a: Iron Treads|Protect\n|move|p1b: Tangerie|Brick Break|p2a: Iron Treads\n|-activate|p2a: Iron Treads|move: Protect\n|move|p1a: Hoss|Blaze Kick|p2b: Flutter Mane\n|-activate|p2b: Flutter Mane|move: Protect\n|\n|-sideend|p2: Huasigga|Safeguard\n|-sideend|p2: Huasigga|move: Tailwind\n|upkeep\n|turn|9\n|\n|t:|1701099330\n|-terastallize|p1b: Tangerie|Flying\n|move|p2a: Iron Treads|Protect||[still]\n|-fail|p2a: Iron Treads\n|move|p2b: Flutter Mane|Dazzling Gleam|p1a: Hoss|[spread] p1a,p1b\n|-damage|p1a: Hoss|27\/100\n|-damage|p1b: Tangerie|0 fnt\n|faint|p1b: Tangerie\n|move|p1a: Hoss|Dragon Dance|p1a: Hoss\n|-boost|p1a: Hoss|atk|1\n|-boost|p1a: Hoss|spe|1\n|\n|upkeep\n|\n|t:|1701099343\n|switch|p1b: Ussuri|Ursaluna, F|43\/100 brn\n|turn|10\n|\n|t:|1701099358\n|move|p1a: Hoss|Dual Wingbeat|p2b: Flutter Mane\n|-damage|p2b: Flutter Mane|36\/100\n|-damage|p2b: Flutter Mane|0 fnt\n|faint|p2b: Flutter Mane\n|-end|p2b: Flutter Mane|Protosynthesis|[silent]\n|-hitcount|p2: Flutter Mane|2\n|move|p2a: Iron Treads|Stomping Tantrum|p1a: Hoss\n|-supereffective|p1a: Hoss\n|-damage|p1a: Hoss|0 fnt\n|faint|p1a: Hoss\n|move|p1b: Ussuri|Drain Punch|p2a: Iron Treads\n|-supereffective|p2a: Iron Treads\n|-damage|p2a: Iron Treads|27\/100\n|-heal|p1b: Ussuri|75\/100 brn|[from] drain|[of] p2a: Iron Treads\n|\n|-damage|p1b: Ussuri|69\/100 brn|[from] brn\n|upkeep\n|\n|t:|1701099377\n|switch|p2b: Salamence|Salamence, M, shiny|100\/100\n|switch|p1a: Emperor Drip|Empoleon, M|9\/100\n|-ability|p2b: Salamence|Intimidate|boost\n|-unboost|p1a: Emperor Drip|atk|1\n|-ability|p1a: Emperor Drip|Competitive|boost\n|-boost|p1a: Emperor Drip|spa|2\n|-unboost|p1b: Ussuri|atk|1\n|turn|11\n|\n|t:|1701099398\n|move|p2b: Salamence|Heat Wave|p1a: Emperor Drip|[spread] p1b\n|-miss|p2b: Salamence|p1a: Emperor Drip\n|-damage|p1b: Ussuri|49\/100 brn\n|move|p2a: Iron Treads|Heavy Slam|p1b: Ussuri\n|-damage|p1b: Ussuri|38\/100 brn\n|move|p1a: Emperor Drip|Ice Beam|p2b: Salamence\n|-supereffective|p2b: Salamence\n|-damage|p2b: Salamence|0 fnt\n|faint|p2b: Salamence\n|move|p1b: Ussuri|Facade|p2a: Iron Treads\n|-resisted|p2a: Iron Treads\n|-damage|p2a: Iron Treads|0 fnt\n|faint|p2a: Iron Treads\n|-end|p2a: Iron Treads|Quark Drive|[silent]\n|\n|win|MonterrioAshmore\n|raw|MonterrioAshmore's rating: 1057 &rarr; <strong>1083<\/strong><br \/>(+26 for winning)\n|raw|Huasigga's rating: 1000 &rarr; <strong>1000<\/strong><br \/>(+0 for losing)\n|l|\u2606Huasigga\n","uploadtime":1701099417,"views":0,"p1id":"monterrioashmore","p2id":"huasigga","formatid":"gen9nationaldexdoubles","rating":1000,"private":0,"password":""}