{"id":"gen9nationaldexdoubles-1978745199","p1":"limplight","p2":"flamebyte","format":"[Gen 9] National Dex Doubles","log":"|j|\u2606limplight\n|j|\u2606flamebyte\n|t:|1698590049\n|gametype|doubles\n|player|p1|limplight|170|\n|player|p2|flamebyte|2|\n|teamsize|p1|6\n|teamsize|p2|6\n|gen|9\n|tier|[Gen 9] National Dex Doubles\n|rule|HP Percentage Mod: HP is shown in percentages\n|rule|Endless Battle Clause: Forcing endless battles is banned\n|rule|OHKO Clause: OHKO moves are banned\n|rule|Evasion Moves Clause: Evasion moves are banned\n|rule|Evasion Abilities Clause: Evasion abilities are banned\n|rule|Species Clause: Limit one of each Pok\u00e9mon\n|rule|Gravity Sleep Clause: The combination of sleep-inducing moves with imperfect accuracy and Gravity or Gigantamax Orbeetle are banned\n|clearpoke\n|poke|p1|Corsola-Galar, M|\n|poke|p1|Eldegoss, M|\n|poke|p1|Orbeetle, F|\n|poke|p1|Falinks|\n|poke|p1|Thievul, F|\n|poke|p1|Gurdurr, M|\n|poke|p2|Silicobra, M|\n|poke|p2|Greedent, M|\n|poke|p2|Stonjourner, M|\n|poke|p2|Mudbray, M|\n|poke|p2|Thievul, M|\n|poke|p2|Stunfisk, M|\n|teampreview\n|\n|t:|1698590386\n|start\n|switch|p1a: Orbeetle|Orbeetle, F|100\/100\n|switch|p1b: Eldegoss|Eldegoss, M|100\/100\n|switch|p2a: Silicobra|Silicobra, M|100\/100\n|switch|p2b: Greedent|Greedent, M|100\/100\n|-item|p2a: Silicobra|Leftovers|[from] ability: Frisk|[of] p1a: Orbeetle|[identify]\n|-item|p2b: Greedent|Sitrus Berry|[from] ability: Frisk|[of] p1a: Orbeetle|[identify]\n|turn|1\n|\n|t:|1698590620\n|switch|p1a: Corsola|Corsola-Galar, M|100\/100\n|switch|p1b: Falinks|Falinks|100\/100\n|move|p2a: Silicobra|Glare|p1b: Falinks\n|-status|p1b: Falinks|par\n|move|p2b: Greedent|Belly Drum|p2b: Greedent\n|-damage|p2b: Greedent|50\/100\n|-setboost|p2b: Greedent|atk|6|[from] move: Belly Drum\n|-enditem|p2b: Greedent|Sitrus Berry|[eat]\n|-heal|p2b: Greedent|75\/100|[from] item: Sitrus Berry\n|-heal|p2b: Greedent|100\/100|[from] ability: Cheek Pouch\n|\n|upkeep\n|turn|2\n|\n|t:|1698590870\n|move|p2b: Greedent|Protect|p2b: Greedent\n|-singleturn|p2b: Greedent|Protect\n|move|p1b: Falinks|First Impression|p2b: Greedent\n|-activate|p2b: Greedent|move: Protect\n|move|p2a: Silicobra|Earthquake|p1a: Corsola|[spread] p1a,p1b\n|-activate|p2b: Greedent|move: Protect\n|-damage|p1a: Corsola|84\/100\n|-damage|p1b: Falinks|78\/100 par\n|-start|p2a: Silicobra|Disable|Earthquake|[from] ability: Cursed Body|[of] p1a: Corsola\n|move|p1a: Corsola|Night Shade|p2a: Silicobra\n|-damage|p2a: Silicobra|68\/100\n|-weather|Sandstorm|[from] ability: Sand Spit|[of] p2a: Silicobra\n|\n|-weather|Sandstorm|[upkeep]\n|-damage|p1b: Falinks|72\/100 par|[from] Sandstorm\n|-damage|p1a: Corsola|78\/100|[from] Sandstorm\n|-damage|p2b: Greedent|94\/100|[from] Sandstorm\n|-heal|p1b: Falinks|78\/100 par|[from] item: Leftovers\n|-heal|p2a: Silicobra|74\/100|[from] item: Leftovers\n|-heal|p1a: Corsola|84\/100|[from] item: Leftovers\n|upkeep\n|turn|3\n|\n|t:|1698591276\n|move|p1b: Falinks|Throat Chop|p2b: Greedent\n|-damage|p2b: Greedent|77\/100\n|-start|p2b: Greedent|Throat Chop|[silent]\n|move|p2a: Silicobra|Glare|p1a: Corsola\n|-status|p1a: Corsola|par\n|move|p2b: Greedent|Body Slam|p1b: Falinks\n|-damage|p1b: Falinks|0 fnt\n|faint|p1b: Falinks\n|move|p1a: Corsola|Night Shade|p2a: Silicobra\n|-damage|p2a: Silicobra|42\/100\n|\n|-weather|Sandstorm|[upkeep]\n|-damage|p2b: Greedent|71\/100|[from] Sandstorm\n|-damage|p1a: Corsola|78\/100 par|[from] Sandstorm\n|-heal|p2a: Silicobra|48\/100|[from] item: Leftovers\n|-heal|p1a: Corsola|84\/100 par|[from] item: Leftovers\n|upkeep\n|\n|t:|1698591432\n|switch|p1b: Thievul|Thievul, F|100\/100\n|turn|4\n|\n|t:|1698591812\n|move|p2b: Greedent|Protect|p2b: Greedent\n|-singleturn|p2b: Greedent|Protect\n|move|p1b: Thievul|Snarl|p2b: Greedent|[spread] p2a\n|-activate|p2b: Greedent|move: Protect\n|-damage|p2a: Silicobra|13\/100\n|-unboost|p2a: Silicobra|spa|1\n|move|p2a: Silicobra|Glare|p1a: Corsola\n|-fail|p1a: Corsola|par\n|cant|p1a: Corsola|par\n|\n|-weather|Sandstorm|[upkeep]\n|-damage|p1b: Thievul|94\/100|[from] Sandstorm\n|-damage|p2b: Greedent|65\/100|[from] Sandstorm\n|-damage|p1a: Corsola|78\/100 par|[from] Sandstorm\n|-heal|p2a: Silicobra|19\/100|[from] item: Leftovers\n|-heal|p1a: Corsola|84\/100 par|[from] item: Leftovers\n|-end|p2b: Greedent|Throat Chop|[silent]\n|upkeep\n|turn|5\n|\n|t:|1698592198\n|move|p1b: Thievul|Snarl|p2a: Silicobra|[spread] p2a,p2b\n|-damage|p2a: Silicobra|0 fnt\n|-damage|p2b: Greedent|41\/100\n|-unboost|p2b: Greedent|spa|1\n|faint|p2a: Silicobra\n|move|p2b: Greedent|Body Slam|p1a: Corsola\n|-immune|p1a: Corsola\n|cant|p1a: Corsola|par\n|\n|-weather|Sandstorm|[upkeep]\n|-damage|p1b: Thievul|88\/100|[from] Sandstorm\n|-damage|p2b: Greedent|35\/100|[from] Sandstorm\n|-damage|p1a: Corsola|78\/100 par|[from] Sandstorm\n|-heal|p1a: Corsola|84\/100 par|[from] item: Leftovers\n|upkeep\n|\n|t:|1698592301\n|switch|p2a: Stunfisk|Stunfisk, M|100\/100\n|turn|6\n|\n|t:|1698592495\n|move|p2b: Greedent|Protect|p2b: Greedent\n|-singleturn|p2b: Greedent|Protect\n|move|p1b: Thievul|Snarl|p2a: Stunfisk|[spread] p2a\n|-activate|p2b: Greedent|move: Protect\n|-damage|p2a: Stunfisk|86\/100\n|-unboost|p2a: Stunfisk|spa|1\n|move|p2a: Stunfisk|Earth Power|p1b: Thievul\n|-damage|p1b: Thievul|67\/100\n|cant|p1a: Corsola|par\n|\n|-weather|none\n|-heal|p2a: Stunfisk|92\/100|[from] item: Leftovers\n|-heal|p1a: Corsola|90\/100 par|[from] item: Leftovers\n|upkeep\n|turn|7\n|\n|t:|1698592923\n|move|p1b: Thievul|Snarl|p2b: Greedent|[spread] p2a,p2b\n|-damage|p2a: Stunfisk|78\/100\n|-damage|p2b: Greedent|12\/100\n|-unboost|p2a: Stunfisk|spa|1\n|-unboost|p2b: Greedent|spa|1\n|move|p2a: Stunfisk|Earth Power|p1a: Corsola\n|-damage|p1a: Corsola|81\/100 par\n|move|p2b: Greedent|Seed Bomb|p1a: Corsola\n|-damage|p1a: Corsola|0 fnt\n|-start|p2b: Greedent|Disable|Seed Bomb|[from] ability: Cursed Body|[of] p1a: Corsola\n|faint|p1a: Corsola\n|\n|-heal|p2a: Stunfisk|84\/100|[from] item: Leftovers\n|upkeep\n|\n|t:|1698593542\n|switch|p1a: Eldegoss|Eldegoss, M|100\/100\n|turn|8\n|\n|t:|1698593632\n|move|p2b: Greedent|Protect|p2b: Greedent\n|-singleturn|p2b: Greedent|Protect\n|move|p1b: Thievul|Snarl|p2b: Greedent|[spread] p2a\n|-activate|p2b: Greedent|move: Protect\n|-damage|p2a: Stunfisk|69\/100\n|-unboost|p2a: Stunfisk|spa|1\n|move|p1a: Eldegoss|Synthesis|p1a: Eldegoss\n|-fail|p1a: Eldegoss|heal\n|move|p2a: Stunfisk|Earth Power|p1b: Thievul\n|-damage|p1b: Thievul|53\/100\n|\n|-heal|p2a: Stunfisk|76\/100|[from] item: Leftovers\n|upkeep\n|turn|9\n|\n|t:|1698594153\n|move|p1b: Thievul|Snarl|p2b: Greedent|[spread] p2a,p2b\n|-damage|p2a: Stunfisk|61\/100\n|-damage|p2b: Greedent|0 fnt\n|-unboost|p2a: Stunfisk|spa|1\n|faint|p2b: Greedent\n|move|p1a: Eldegoss|Aromatherapy||[still]\n|-activate|p1a: Eldegoss|move: Aromatherapy\n|-fail|p1a: Eldegoss\n|move|p2a: Stunfisk|Earth Power|p1a: Eldegoss\n|-resisted|p1a: Eldegoss\n|-damage|p1a: Eldegoss|98\/100\n|-unboost|p1a: Eldegoss|spd|1\n|\n|-heal|p2a: Stunfisk|67\/100|[from] item: Leftovers\n|upkeep\n|\n|t:|1698594904\n|switch|p2b: Mudbray|Mudbray, M|100\/100\n|turn|10\n|\n|t:|1698594955\n|move|p1b: Thievul|Snarl|p2a: Stunfisk|[spread] p2a,p2b\n|-damage|p2a: Stunfisk|53\/100\n|-damage|p2b: Mudbray|75\/100\n|-unboost|p2a: Stunfisk|spa|1\n|-unboost|p2b: Mudbray|spa|1\n|move|p1a: Eldegoss|Giga Drain|p2a: Stunfisk\n|-supereffective|p2a: Stunfisk\n|-damage|p2a: Stunfisk|26\/100\n|-heal|p1a: Eldegoss|100\/100|[from] drain|[of] p2a: Stunfisk\n|move|p2b: Mudbray|Earthquake|p1a: Eldegoss|[spread] p2a,p1a,p1b\n|-supereffective|p2a: Stunfisk\n|-resisted|p1a: Eldegoss\n|-damage|p2a: Stunfisk|0 fnt\n|-damage|p1a: Eldegoss|82\/100\n|-damage|p1b: Thievul|0 fnt\n|faint|p2a: Stunfisk\n|faint|p1b: Thievul\n|\n|upkeep\n|\n|t:|1698595410\n|switch|p1b: Gurdurr|Gurdurr, M|100\/100\n|switch|p2a: Stonjourner|Stonjourner, M|100\/100\n|turn|11\n|\n|t:|1698595588\n|move|p2a: Stonjourner|Heat Crash|p1a: Eldegoss\n|-supereffective|p1a: Eldegoss\n|-damage|p1a: Eldegoss|0 fnt\n|faint|p1a: Eldegoss\n|-damage|p2a: Stonjourner|91\/100|[from] item: Life Orb\n|move|p2b: Mudbray|Earthquake|p1b: Gurdurr|[spread] p2a,p1b\n|-supereffective|p2a: Stonjourner\n|-crit|p2a: Stonjourner\n|-damage|p2a: Stonjourner|4\/100\n|-damage|p1b: Gurdurr|73\/100\n|move|p1b: Gurdurr|Drain Punch|p2b: Mudbray\n|-damage|p2b: Mudbray|44\/100\n|-heal|p1b: Gurdurr|87\/100|[from] drain|[of] p2b: Mudbray\n|\n|upkeep\n|\n|t:|1698595600\n|switch|p1a: Orbeetle|Orbeetle, F|100\/100\n|-item|p2a: Stonjourner|Life Orb|[from] ability: Frisk|[of] p1a: Orbeetle|[identify]\n|-item|p2b: Mudbray|Eviolite|[from] ability: Frisk|[of] p1a: Orbeetle|[identify]\n|turn|12\n|\n|t:|1698595765\n|move|p2a: Stonjourner|Protect|p2a: Stonjourner\n|-singleturn|p2a: Stonjourner|Protect\n|move|p1a: Orbeetle|U-turn|p2b: Mudbray\n|-damage|p2b: Mudbray|34\/100\n|move|p2b: Mudbray|Earthquake|p1a: Orbeetle|[spread] p1a,p1b\n|-activate|p2a: Stonjourner|move: Protect\n|-resisted|p1a: Orbeetle\n|-damage|p1a: Orbeetle|84\/100\n|-damage|p1b: Gurdurr|57\/100\n|move|p1b: Gurdurr|Drain Punch|p2a: Stonjourner\n|-activate|p2a: Stonjourner|move: Protect\n|\n|-heal|p1a: Orbeetle|90\/100|[from] item: Leftovers\n|upkeep\n|turn|13\n|\n|t:|1698596050\n|move|p1a: Orbeetle|Reflect|p1a: Orbeetle\n|-sidestart|p1: limplight|Reflect\n|move|p2a: Stonjourner|Stone Edge|p1b: Gurdurr\n|-resisted|p1b: Gurdurr\n|-damage|p1b: Gurdurr|41\/100\n|-damage|p2a: Stonjourner|0 fnt|[from] item: Life Orb\n|faint|p2a: Stonjourner\n|move|p2b: Mudbray|Rock Slide|p1a: Orbeetle|[spread] p1a,p1b\n|-supereffective|p1a: Orbeetle\n|-resisted|p1b: Gurdurr\n|-damage|p1a: Orbeetle|75\/100\n|-damage|p1b: Gurdurr|38\/100\n|cant|p1b: Gurdurr|flinch\n|\n|-heal|p1a: Orbeetle|81\/100|[from] item: Leftovers\n|upkeep\n|\n|t:|1698596075\n|switch|p2a: Thievul|Thievul, M|100\/100\n|turn|14\n|\n|t:|1698596401\n|move|p2a: Thievul|Taunt|p1a: Orbeetle\n|-start|p1a: Orbeetle|move: Taunt\n|cant|p1a: Orbeetle|move: Taunt|Light Screen\n|move|p2b: Mudbray|Earthquake|p1b: Gurdurr|[spread] p2a,p1a,p1b\n|-resisted|p1a: Orbeetle\n|-damage|p2a: Thievul|38\/100\n|-damage|p1a: Orbeetle|73\/100\n|-damage|p1b: Gurdurr|23\/100\n|move|p1b: Gurdurr|Drain Punch|p2b: Mudbray\n|-damage|p2b: Mudbray|0 fnt\n|-heal|p1b: Gurdurr|39\/100|[from] drain|[of] p2b: Mudbray\n|faint|p2b: Mudbray\n|\n|-heal|p1a: Orbeetle|79\/100|[from] item: Leftovers\n|upkeep\n|turn|15\n|\n|t:|1698596468\n|move|p2a: Thievul|Sucker Punch|p1b: Gurdurr\n|-resisted|p1b: Gurdurr\n|-damage|p1b: Gurdurr|33\/100\n|move|p1a: Orbeetle|U-turn|p2a: Thievul\n|-supereffective|p2a: Thievul\n|-damage|p2a: Thievul|0 fnt\n|faint|p2a: Thievul\n|\n|win|limplight\n|l|\u2606limplight\n","uploadtime":1698596479,"views":14,"p1id":"limplight","p2id":"flamebyte","formatid":"gen9nationaldexdoubles","rating":0,"private":0,"password":""}