{"id":"gen9nationaldexdoubles-1957460820","p1":"BeyondTrash","p2":"JBUG0617","format":"[Gen 9] National Dex Doubles","log":"|j|\u2606BeyondTrash\n|j|\u2606JBUG0617\n|t:|1696224281\n|gametype|doubles\n|player|p1|BeyondTrash|hiker|\n|player|p2|JBUG0617|grimsley|\n|teamsize|p1|6\n|teamsize|p2|6\n|gen|9\n|tier|[Gen 9] National Dex Doubles\n|rule|HP Percentage Mod: HP is shown in percentages\n|rule|Endless Battle Clause: Forcing endless battles is banned\n|rule|OHKO Clause: OHKO moves are banned\n|rule|Evasion Moves Clause: Evasion moves are banned\n|rule|Evasion Abilities Clause: Evasion abilities are banned\n|rule|Species Clause: Limit one of each Pok\u00e9mon\n|rule|Gravity Sleep Clause: The combination of sleep-inducing moves with imperfect accuracy and Gravity or Gigantamax Orbeetle are banned\n|clearpoke\n|poke|p1|Skeledirge, F|\n|poke|p1|Staraptor, F|\n|poke|p1|Mandibuzz, F|\n|poke|p1|Cryogonal|\n|poke|p1|Slaking, F|\n|poke|p1|Mienshao, M|\n|poke|p2|Dachsbun, F|\n|poke|p2|Lucario, F|\n|poke|p2|Sneasler, M|\n|poke|p2|Talonflame, M|\n|poke|p2|Tauros-Paldea-Aqua, M|\n|poke|p2|Cinderace, M|\n|teampreview\n|inactive|Battle timer is ON: inactive players will automatically lose when time's up. (requested by JBUG0617)\n|\n|t:|1696224311\n|start\n|switch|p1a: Mienshao|Mienshao, M|100\/100\n|switch|p1b: Cryogonal|Cryogonal|100\/100\n|switch|p2a: Dachsbun|Dachsbun, F|100\/100\n|switch|p2b: Lucario|Lucario, F|100\/100\n|turn|1\n|\n|t:|1696224326\n|move|p2b: Lucario|Detect|p2b: Lucario\n|-singleturn|p2b: Lucario|Protect\n|move|p1b: Cryogonal|Frost Breath|p2a: Dachsbun\n|-crit|p2a: Dachsbun\n|-damage|p2a: Dachsbun|46\/100\n|move|p1a: Mienshao|High Jump Kick|p2b: Lucario\n|-activate|p2b: Lucario|move: Protect\n|-damage|p1a: Mienshao|51\/100|[from] highjumpkick\n|move|p2a: Dachsbun|Yawn|p1a: Mienshao\n|-start|p1a: Mienshao|move: Yawn|[of] p2a: Dachsbun\n|\n|-heal|p2a: Dachsbun|52\/100|[from] item: Leftovers\n|upkeep\n|turn|2\n|\n|t:|1696224351\n|switch|p2b: Talonflame|Talonflame, M|100\/100\n|move|p2a: Dachsbun|Protect|p2a: Dachsbun\n|-singleturn|p2a: Dachsbun|Protect\n|move|p1a: Mienshao|High Jump Kick|p2b: Talonflame\n|-resisted|p2b: Talonflame\n|-damage|p2b: Talonflame|35\/100\n|move|p1b: Cryogonal|Frost Breath|p2a: Dachsbun\n|-activate|p2a: Dachsbun|move: Protect\n|\n|-heal|p2a: Dachsbun|58\/100|[from] item: Leftovers\n|-end|p1a: Mienshao|move: Yawn|[silent]\n|-status|p1a: Mienshao|slp\n|upkeep\n|turn|3\n|\n|t:|1696224376\n|move|p2a: Dachsbun|Helping Hand|p2b: Talonflame\n|-singleturn|p2b: Talonflame|Helping Hand|[of] p2a: Dachsbun\n|move|p2b: Talonflame|Flare Blitz|p1b: Cryogonal\n|-supereffective|p1b: Cryogonal\n|-damage|p1b: Cryogonal|0 fnt\n|faint|p1b: Cryogonal\n|-damage|p2b: Talonflame|2\/100|[from] Recoil\n|cant|p1a: Mienshao|slp\n|\n|-heal|p2a: Dachsbun|64\/100|[from] item: Leftovers\n|upkeep\n|\n|t:|1696224388\n|switch|p1b: Staraptor|Staraptor, F|100\/100\n|-ability|p1b: Staraptor|Intimidate|boost\n|-unboost|p2a: Dachsbun|atk|1\n|-unboost|p2b: Talonflame|atk|1\n|turn|4\n|\n|t:|1696224417\n|move|p1b: Staraptor|U-turn|p2b: Talonflame\n|-resisted|p2b: Talonflame\n|-damage|p2b: Talonflame|0 fnt\n|faint|p2b: Talonflame\n|\n|t:|1696224422\n|switch|p1b: Slaking|Slaking, F|100\/100|[from] U-turn\n|-curestatus|p1a: Mienshao|slp|[msg]\n|move|p1a: Mienshao|High Jump Kick|p2a: Dachsbun\n|-resisted|p2a: Dachsbun\n|-damage|p2a: Dachsbun|27\/100\n|move|p2a: Dachsbun|Yawn|p1b: Slaking\n|-start|p1b: Slaking|move: Yawn|[of] p2a: Dachsbun\n|\n|-heal|p2a: Dachsbun|33\/100|[from] item: Leftovers\n|upkeep\n|inactive|JBUG0617 has 270 seconds left.\n|\n|t:|1696224467\n|switch|p2b: Lucario|Lucario, F|100\/100\n|turn|5\n|\n|t:|1696224484\n|switch|p1b: Skeledirge|Skeledirge, F|100\/100\n|move|p2b: Lucario|Detect|p2b: Lucario\n|-singleturn|p2b: Lucario|Protect\n|move|p2a: Dachsbun|Protect|p2a: Dachsbun\n|-singleturn|p2a: Dachsbun|Protect\n|move|p1a: Mienshao|High Jump Kick|p2a: Dachsbun\n|-activate|p2a: Dachsbun|move: Protect\n|-damage|p1a: Mienshao|1\/100|[from] highjumpkick\n|\n|-heal|p2a: Dachsbun|39\/100|[from] item: Leftovers\n|upkeep\n|turn|6\n|inactive|JBUG0617 has 270 seconds left.\n|inactive|BeyondTrash has 270 seconds left.\n|\n|t:|1696224526\n|-terastallize|p2b: Lucario|Dragon\n|move|p1a: Mienshao|High Jump Kick|p2b: Lucario\n|-damage|p2b: Lucario|0 fnt\n|faint|p2b: Lucario\n|move|p2a: Dachsbun|Yawn|p1b: Skeledirge\n|-start|p1b: Skeledirge|move: Yawn|[of] p2a: Dachsbun\n|move|p1b: Skeledirge|Earth Power|p2a: Dachsbun\n|-damage|p2a: Dachsbun|16\/100\n|\n|-heal|p2a: Dachsbun|22\/100|[from] item: Leftovers\n|upkeep\n|\n|t:|1696224539\n|switch|p2b: Sneasler|Sneasler, M|100\/100\n|turn|7\n|\n|t:|1696224549\n|switch|p1a: Staraptor|Staraptor, F|100\/100\n|-ability|p1a: Staraptor|Intimidate|boost\n|-unboost|p2a: Dachsbun|atk|1\n|-unboost|p2b: Sneasler|atk|1\n|switch|p1b: Slaking|Slaking, F|100\/100\n|move|p2a: Dachsbun|Protect|p2a: Dachsbun\n|-singleturn|p2a: Dachsbun|Protect\n|move|p2b: Sneasler|Fake Out|p1a: Staraptor\n|-damage|p1a: Staraptor|86\/100\n|\n|-heal|p2a: Dachsbun|28\/100|[from] item: Leftovers\n|upkeep\n|turn|8\n|inactive|JBUG0617 has 270 seconds left.\n|inactive|JBUG0617 has 240 seconds left.\n|inactive|JBUG0617 has 210 seconds left.\n|\n|t:|1696224628\n|move|p1a: Staraptor|Brave Bird|p2a: Dachsbun\n|-damage|p2a: Dachsbun|0 fnt\n|faint|p2a: Dachsbun\n|-damage|p1a: Staraptor|77\/100|[from] Recoil\n|move|p2b: Sneasler|Dire Claw|p1a: Staraptor\n|-damage|p1a: Staraptor|36\/100\n|-status|p1a: Staraptor|psn|[from] ability: Poison Touch|[of] p2b: Sneasler\n|move|p1b: Slaking|Earthquake|p2b: Sneasler|[spread] p2b\n|-immune|p1a: Staraptor\n|-supereffective|p2b: Sneasler\n|-enditem|p2b: Sneasler|Focus Sash\n|-damage|p2b: Sneasler|1\/100\n|\n|-damage|p1a: Staraptor|23\/100 psn|[from] psn\n|upkeep\n|inactive|JBUG0617 has 210 seconds left.\n|\n|t:|1696224641\n|switch|p2a: Tauros|Tauros-Paldea-Aqua, M|100\/100\n|-ability|p2a: Tauros|Intimidate|boost\n|-unboost|p1a: Staraptor|atk|1\n|-unboost|p1b: Slaking|atk|1\n|turn|9\n|inactive|JBUG0617 has 210 seconds left.\n|inactive|BeyondTrash has 270 seconds left.\n|\n|t:|1696224691\n|switch|p1a: Mandibuzz|Mandibuzz, F|100\/100\n|move|p2a: Tauros|Protect|p2a: Tauros\n|-singleturn|p2a: Tauros|Protect\n|move|p2b: Sneasler|Dire Claw|p1a: Mandibuzz\n|-damage|p1a: Mandibuzz|85\/100\n|-status|p1a: Mandibuzz|psn|[from] ability: Poison Touch|[of] p2b: Sneasler\n|cant|p1b: Slaking|ability: Truant\n|\n|-heal|p1a: Mandibuzz|91\/100 psn|[from] item: Leftovers\n|-damage|p1a: Mandibuzz|78\/100 psn|[from] psn\n|upkeep\n|turn|10\n|inactive|BeyondTrash has 270 seconds left.\n|inactive|JBUG0617 has 210 seconds left.\n|\n|t:|1696224717\n|move|p2b: Sneasler|Close Combat|p1a: Mandibuzz\n|-damage|p1a: Mandibuzz|54\/100 psn\n|-unboost|p2b: Sneasler|def|1\n|-unboost|p2b: Sneasler|spd|1\n|move|p2a: Tauros|Close Combat|p1b: Slaking\n|-supereffective|p1b: Slaking\n|-damage|p1b: Slaking|13\/100\n|-unboost|p2a: Tauros|def|1\n|-unboost|p2a: Tauros|spd|1\n|move|p1b: Slaking|Earthquake|p2a: Tauros|[spread] p2a,p2b\n|-immune|p1a: Mandibuzz\n|-crit|p2a: Tauros\n|-supereffective|p2b: Sneasler\n|-damage|p2a: Tauros|0 fnt\n|-damage|p2b: Sneasler|0 fnt\n|faint|p2a: Tauros\n|faint|p2b: Sneasler\n|move|p1a: Mandibuzz|Tailwind|p1a: Mandibuzz\n|-sidestart|p1: BeyondTrash|move: Tailwind\n|\n|-heal|p1a: Mandibuzz|60\/100 psn|[from] item: Leftovers\n|-damage|p1a: Mandibuzz|47\/100 psn|[from] psn\n|upkeep\n|inactive|JBUG0617 has 180 seconds left.\n|\n|t:|1696224745\n|switch|p2a: Cinderace|Cinderace, M|100\/100\n|turn|11\n|\n|t:|1696224759\n|cant|p1b: Slaking|ability: Truant\n|move|p1a: Mandibuzz|Knock Off|p2a: Cinderace\n|-damage|p2a: Cinderace|67\/100\n|-enditem|p2a: Cinderace|Heavy-Duty Boots|[from] move: Knock Off|[of] p1a: Mandibuzz\n|move|p2a: Cinderace|Pyro Ball|p1a: Mandibuzz\n|-damage|p1a: Mandibuzz|14\/100 psn\n|\n|-heal|p1a: Mandibuzz|20\/100 psn|[from] item: Leftovers\n|-damage|p1a: Mandibuzz|8\/100 psn|[from] psn\n|upkeep\n|turn|12\n|inactive|JBUG0617 has 210 seconds left.\n|\n|t:|1696224781\n|move|p1b: Slaking|Earthquake|p2a: Cinderace|[spread] p2a\n|-immune|p1a: Mandibuzz\n|-supereffective|p2a: Cinderace\n|-damage|p2a: Cinderace|0 fnt\n|faint|p2a: Cinderace\n|\n|win|BeyondTrash\n","uploadtime":1696224792,"views":8,"p1id":"beyondtrash","p2id":"jbug0617","formatid":"gen9nationaldexdoubles","rating":0,"private":0,"password":""}