{"id":"gen9nationaldexdoubles-2000073027","p1":"some random alt ig","p2":"Hellixx","format":"[Gen 9] National Dex Doubles","log":"|j|\u2606some random alt ig\n|j|\u2606Hellixx\n|t:|1701149787\n|gametype|doubles\n|player|p1|some random alt ig|unknown|1032\n|player|p2|Hellixx|alder|1075\n|teamsize|p1|6\n|teamsize|p2|6\n|gen|9\n|tier|[Gen 9] National Dex Doubles\n|rated|\n|rule|HP Percentage Mod: HP is shown in percentages\n|rule|Endless Battle Clause: Forcing endless battles is banned\n|rule|OHKO Clause: OHKO moves are banned\n|rule|Evasion Moves Clause: Evasion moves are banned\n|rule|Evasion Abilities Clause: Evasion abilities are banned\n|rule|Species Clause: Limit one of each Pok\u00e9mon\n|rule|Gravity Sleep Clause: The combination of sleep-inducing moves with imperfect accuracy and Gravity or Gigantamax Orbeetle are banned\n|clearpoke\n|poke|p1|Clamperl, F|\n|poke|p1|Aerodactyl, M|\n|poke|p1|Volcarona, F|\n|poke|p1|Liepard, F|\n|poke|p1|Araquanid, F|\n|poke|p1|Blaziken, M|\n|poke|p2|Kommo-o, M|\n|poke|p2|Latios, M|\n|poke|p2|Garchomp, F|\n|poke|p2|Rillaboom, F|\n|poke|p2|Ninetales-Alola, F|\n|poke|p2|Flamigo, M|\n|teampreview\n|inactive|Battle timer is ON: inactive players will automatically lose when time's up. (requested by Hellixx)\n|\n|t:|1701149799\n|start\n|switch|p1a: El gato|Liepard, F|100\/100\n|switch|p1b: Fried chicken|Blaziken, M|100\/100\n|switch|p2a: Kommo-o|Kommo-o, M|100\/100\n|switch|p2b: Latios|Latios, M|100\/100\n|turn|1\n|\n|t:|1701149814\n|move|p1b: Fried chicken|Protect|p1b: Fried chicken\n|-singleturn|p1b: Fried chicken|Protect\n|move|p1a: El gato|Fake Out|p2b: Latios\n|-damage|p2b: Latios|86\/100\n|cant|p2b: Latios|flinch\n|-zpower|p2a: Kommo-o\n|move|p2a: Kommo-o|Clangorous Soulblaze|p1a: El gato|[zeffect]|[spread] p1a,p1b\n|-zbroken|p1b: Fried chicken\n|-damage|p1a: El gato|0 fnt\n|-damage|p1b: Fried chicken|82\/100\n|faint|p1a: El gato\n|-boost|p2a: Kommo-o|atk|1\n|-boost|p2a: Kommo-o|def|1\n|-boost|p2a: Kommo-o|spa|1\n|-boost|p2a: Kommo-o|spd|1\n|-boost|p2a: Kommo-o|spe|1\n|\n|-ability|p1b: Fried chicken|Speed Boost|boost\n|-boost|p1b: Fried chicken|spe|1\n|upkeep\n|inactive|some random alt ig has 120 seconds left.\n|\n|t:|1701149840\n|switch|p1a: Baby boo bop|Clamperl, F|100\/100\n|turn|2\n|\n|t:|1701149856\n|move|p2a: Kommo-o|Earthquake|p1b: Fried chicken|[spread] p1a,p1b\n|-immune|p2b: Latios|[from] ability: Levitate\n|-supereffective|p1b: Fried chicken\n|-damage|p1a: Baby boo bop|54\/100\n|-damage|p1b: Fried chicken|0 fnt\n|faint|p1b: Fried chicken\n|move|p2b: Latios|Psych Up|p2a: Kommo-o\n|-copyboost|p2b: Latios|p2a: Kommo-o|[from] move: Psych Up\n|move|p1a: Baby boo bop|Ice Beam|p2a: Kommo-o\n|-supereffective|p2a: Kommo-o\n|-damage|p2a: Kommo-o|21\/100\n|\n|upkeep\n|\n|t:|1701149869\n|switch|p1b: Rock bird|Aerodactyl, M|100\/100\n|turn|3\n|\n|t:|1701149885\n|detailschange|p1b: Rock bird|Aerodactyl-Mega, M\n|-mega|p1b: Rock bird|Aerodactyl|Aerodactylite\n|-terastallize|p2b: Latios|Psychic\n|move|p2b: Latios|Stored Power|p1b: Rock bird\n|-damage|p1b: Rock bird|0 fnt\n|faint|p1b: Rock bird\n|move|p2a: Kommo-o|Earthquake|p1a: Baby boo bop|[spread] p1a\n|-immune|p2b: Latios|[from] ability: Levitate\n|-damage|p1a: Baby boo bop|7\/100\n|move|p1a: Baby boo bop|Attract|p2b: Latios\n|-start|p2b: Latios|Attract\n|\n|upkeep\n|c|\u2606Hellixx|Gg\n|\n|t:|1701149898\n|switch|p1b: dumb moth|Volcarona, F|100\/100\n|turn|4\n|\n|t:|1701149912\n|-activate|p2b: Latios|move: Attract|[of] p1a: Baby boo bop\n|move|p2b: Latios|Stored Power|p1b: dumb moth\n|-damage|p1b: dumb moth|0 fnt\n|faint|p1b: dumb moth\n|move|p2a: Kommo-o|Earthquake|p1a: Baby boo bop|[spread] p1a\n|-immune|p2b: Latios|[from] ability: Levitate\n|-damage|p1a: Baby boo bop|0 fnt\n|faint|p1a: Baby boo bop\n|-end|p2b: Latios|Attract|[silent]\n|\n|upkeep\n|\n|t:|1701149922\n|switch|p1b: Absolutely not|Araquanid, F|100\/100\n|turn|5\n|\n|t:|1701149934\n|move|p2b: Latios|Psychic|p1b: Absolutely not\n|-damage|p1b: Absolutely not|46\/100\n|move|p2a: Kommo-o|X-Scissor|p1b: Absolutely not\n|-damage|p1b: Absolutely not|8\/100\n|move|p1b: Absolutely not|Leech Life|p2b: Latios\n|-supereffective|p2b: Latios\n|-damage|p2b: Latios|34\/100\n|-heal|p1b: Absolutely not|31\/100|[from] drain|[of] p2b: Latios\n|\n|upkeep\n|turn|6\n|-message|some random alt ig forfeited.\n|\n|win|Hellixx\n|raw|some random alt ig's rating: 1032 &rarr; <strong>1019<\/strong><br \/>(-13 for losing)\n|raw|Hellixx's rating: 1075 &rarr; <strong>1100<\/strong><br \/>(+25 for winning)\n","uploadtime":1701149945,"views":0,"p1id":"somerandomaltig","p2id":"hellixx","formatid":"gen9nationaldexdoubles","rating":1019,"private":0,"password":""}