{"id":"gen9nationaldexdoubles-1995542619","p1":"Real Bani-Banani","p2":"gfsn\u7535\u68cd\u5973\u513f\u7c73\u8bfa","format":"[Gen 9] National Dex Doubles","log":"|j|\u2606Real Bani-Banani\n|j|\u2606gfsn\u7535\u68cd\u5973\u513f\u7c73\u8bfa\n|t:|1700581371\n|gametype|doubles\n|player|p1|Real Bani-Banani|rocketgruntf|1102\n|player|p2|gfsn\u7535\u68cd\u5973\u513f\u7c73\u8bfa|rosa|1206\n|teamsize|p1|6\n|teamsize|p2|6\n|gen|9\n|tier|[Gen 9] National Dex Doubles\n|rated|\n|rule|HP Percentage Mod: HP is shown in percentages\n|rule|Endless Battle Clause: Forcing endless battles is banned\n|rule|OHKO Clause: OHKO moves are banned\n|rule|Evasion Moves Clause: Evasion moves are banned\n|rule|Evasion Abilities Clause: Evasion abilities are banned\n|rule|Species Clause: Limit one of each Pok\u00e9mon\n|rule|Gravity Sleep Clause: The combination of sleep-inducing moves with imperfect accuracy and Gravity or Gigantamax Orbeetle are banned\n|clearpoke\n|poke|p1|Furret, M|\n|poke|p1|Eelektross, M|\n|poke|p1|Sableye, F|\n|poke|p1|Drifblim, F|\n|poke|p1|Vanilluxe, M|\n|poke|p1|Carbink|\n|poke|p2|Amoonguss, F|\n|poke|p2|Stakataka|\n|poke|p2|Banette, F|\n|poke|p2|Volcanion|\n|poke|p2|Indeedee-F, F|\n|poke|p2|Ursaluna-Bloodmoon, L96, M|\n|teampreview\n|inactive|Battle timer is ON: inactive players will automatically lose when time's up. (requested by gfsn\u7535\u68cd\u5973\u513f\u7c73\u8bfa)\n|\n|t:|1700581387\n|start\n|switch|p1a: BananaForScale|Furret, M|100\/100\n|switch|p1b: TheRetchingNetch|Drifblim, F|100\/100\n|switch|p2a: Stakataka|Stakataka, shiny|100\/100\n|switch|p2b: Volcanion|Volcanion|100\/100\n|-item|p2a: Stakataka|Loaded Dice|[from] ability: Frisk|[of] p1a: BananaForScale|[identify]\n|-item|p2b: Volcanion|Assault Vest|[from] ability: Frisk|[of] p1a: BananaForScale|[identify]\n|turn|1\n|\n|t:|1700581405\n|move|p1a: BananaForScale|Trick|p2a: Stakataka\n|-activate|p1a: BananaForScale|move: Trick|[of] p2a: Stakataka\n|-item|p2a: Stakataka|Choice Scarf|[from] move: Trick\n|-item|p1a: BananaForScale|Loaded Dice|[from] move: Trick\n|move|p1b: TheRetchingNetch|Disable||[still]\n|-fail|p1b: TheRetchingNetch\n|move|p2b: Volcanion|Steam Eruption|p1b: TheRetchingNetch\n|-damage|p1b: TheRetchingNetch|56\/100\n|move|p2a: Stakataka|Trick Room|p2a: Stakataka\n|-fieldstart|move: Trick Room|[of] p2a: Stakataka\n|\n|upkeep\n|turn|2\n|\n|t:|1700581433\n|switch|p2a: Ursaluna|Ursaluna-Bloodmoon, L96, M|100\/100\n|move|p2b: Volcanion|Steam Eruption|p1a: BananaForScale\n|-damage|p1a: BananaForScale|0 fnt\n|faint|p1a: BananaForScale\n|move|p1b: TheRetchingNetch|Disable|p2b: Volcanion\n|-start|p2b: Volcanion|Disable|Steam Eruption\n|\n|upkeep\n|\n|t:|1700581441\n|switch|p1a: Falmer|Sableye, F|100\/100\n|turn|3\n|inactive|gfsn\u7535\u68cd\u5973\u513f\u7c73\u8bfa has 120 seconds left.\n|inactive|gfsn\u7535\u68cd\u5973\u513f\u7c73\u8bfa has 90 seconds left.\n|inactive|gfsn\u7535\u68cd\u5973\u513f\u7c73\u8bfa has 60 seconds left.\n|\n|t:|1700581555\n|-terastallize|p2b: Volcanion|Fire\n|move|p1a: Falmer|Skill Swap|p2a: Ursaluna\n|-activate|p1a: Falmer|move: Skill Swap|Mind's Eye|Prankster|[of] p2a: Ursaluna\n|move|p2a: Ursaluna|Blood Moon|p1a: Falmer\n|-immune|p1a: Falmer\n|move|p2b: Volcanion|Heat Wave|p1b: TheRetchingNetch|[spread] p1a,p1b\n|-damage|p1a: Falmer|16\/100\n|-damage|p1b: TheRetchingNetch|17\/100\n|-enditem|p1a: Falmer|Eject Button\n|\n|t:|1700581575\n|switch|p1a: Nazeem|Eelektross, M|100\/100\n|move|p1b: TheRetchingNetch|Strength Sap|p2a: Ursaluna\n|-unboost|p2a: Ursaluna|atk|1\n|-heal|p1b: TheRetchingNetch|44\/100\n|\n|upkeep\n|turn|4\n|inactive|gfsn\u7535\u68cd\u5973\u513f\u7c73\u8bfa has 60 seconds left.\n|\n|t:|1700581600\n|move|p2a: Ursaluna|Calm Mind|p2a: Ursaluna\n|-boost|p2a: Ursaluna|spa|1\n|-boost|p2a: Ursaluna|spd|1\n|-enditem|p1a: Nazeem|Mirror Herb\n|-boost|p1a: Nazeem|spa|1|[from] item: Mirror Herb\n|-boost|p1a: Nazeem|spd|1|[from] item: Mirror Herb\n|move|p1a: Nazeem|Drain Punch|p2a: Ursaluna\n|-supereffective|p2a: Ursaluna\n|-damage|p2a: Ursaluna|62\/100\n|move|p2b: Volcanion|Heat Wave|p1a: Nazeem|[spread] p1a,p1b\n|-damage|p1a: Nazeem|62\/100\n|-damage|p1b: TheRetchingNetch|7\/100\n|move|p1b: TheRetchingNetch|Toxic|p2b: Volcanion\n|-status|p2b: Volcanion|tox\n|\n|-damage|p2b: Volcanion|94\/100 tox|[from] psn\n|upkeep\n|turn|5\n|inactive|gfsn\u7535\u68cd\u5973\u513f\u7c73\u8bfa has 60 seconds left.\n|inactive|Real Bani-Banani has 120 seconds left.\n|inactive|Real Bani-Banani has 90 seconds left.\n|\n|t:|1700581664\n|move|p1b: TheRetchingNetch|Ally Switch|p1b: TheRetchingNetch\n|swap|p1b: TheRetchingNetch|0|[from] move: Ally Switch\n|move|p2a: Ursaluna|Blood Moon|p1a: TheRetchingNetch\n|-immune|p1a: TheRetchingNetch\n|move|p1b: Nazeem|Drain Punch|p2a: Ursaluna\n|-supereffective|p2a: Ursaluna\n|-damage|p2a: Ursaluna|22\/100\n|-heal|p1b: Nazeem|84\/100|[from] drain|[of] p2a: Ursaluna\n|move|p2b: Volcanion|Heat Wave|p1b: Nazeem|[spread] p1b\n|-miss|p2b: Volcanion|p1a: TheRetchingNetch\n|-damage|p1b: Nazeem|46\/100\n|\n|-damage|p2b: Volcanion|82\/100 tox|[from] psn\n|-fieldend|move: Trick Room\n|upkeep\n|turn|6\n|inactive|Real Bani-Banani has 90 seconds left.\n|inactive|gfsn\u7535\u68cd\u5973\u513f\u7c73\u8bfa has 60 seconds left.\n|\n|t:|1700581696\n|switch|p1a: Stalhrim|Carbink|100\/100\n|move|p2a: Ursaluna|Protect|p2a: Ursaluna\n|-singleturn|p2a: Ursaluna|Protect\n|move|p2b: Volcanion|Heat Wave|p1a: Stalhrim|[spread] p1a,p1b\n|-resisted|p1a: Stalhrim\n|-damage|p1a: Stalhrim|80\/100\n|-damage|p1b: Nazeem|4\/100\n|move|p1b: Nazeem|Drain Punch|p2a: Ursaluna\n|-activate|p2a: Ursaluna|move: Protect\n|\n|-damage|p2b: Volcanion|64\/100 tox|[from] psn\n|-end|p2b: Volcanion|Disable\n|upkeep\n|turn|7\n|inactive|gfsn\u7535\u68cd\u5973\u513f\u7c73\u8bfa has 60 seconds left.\n|\n|t:|1700581723\n|move|p1a: Stalhrim|Ally Switch|p1a: Stalhrim\n|swap|p1a: Stalhrim|1|[from] move: Ally Switch\n|move|p2b: Volcanion|Heat Wave|p1b: Stalhrim|[spread] p1a,p1b\n|-resisted|p1b: Stalhrim\n|-damage|p1a: Nazeem|0 fnt\n|-damage|p1b: Stalhrim|58\/100\n|faint|p1a: Nazeem\n|move|p2a: Ursaluna|Earth Power|p1b: Stalhrim\n|-supereffective|p1b: Stalhrim\n|-damage|p1b: Stalhrim|0 fnt\n|faint|p1b: Stalhrim\n|\n|-damage|p2b: Volcanion|40\/100 tox|[from] psn\n|upkeep\n|inactive|Real Bani-Banani has 90 seconds left.\n|\n|t:|1700581749\n|switch|p1b: TheRetchingNetch|Drifblim, F|7\/100\n|switch|p1a: Falmer|Sableye, F|16\/100\n|turn|8\n|\n|t:|1700581767\n|move|p1a: Falmer|Encore|p2b: Volcanion\n|-start|p2b: Volcanion|Encore\n|move|p1b: TheRetchingNetch|Disable|p2b: Volcanion\n|-start|p2b: Volcanion|Disable|Heat Wave\n|cant|p2b: Volcanion|Disable|Heat Wave\n|move|p2a: Ursaluna|Earth Power|p1a: Falmer\n|-damage|p1a: Falmer|0 fnt\n|faint|p1a: Falmer\n|\n|-damage|p2b: Volcanion|10\/100 tox|[from] psn\n|upkeep\n|\n|t:|1700581774\n|switch|p1a: FrostAtronach|Vanilluxe, M|100\/100\n|turn|9\n|inactive|gfsn\u7535\u68cd\u5973\u513f\u7c73\u8bfa has 90 seconds left.\n|\n|t:|1700581795\n|move|p2a: Ursaluna|Protect|p2a: Ursaluna\n|-singleturn|p2a: Ursaluna|Protect\n|move|p1a: FrostAtronach|Rain Dance|p1a: FrostAtronach\n|-weather|RainDance\n|move|p1b: TheRetchingNetch|Strength Sap|p1a: FrostAtronach\n|-unboost|p1a: FrostAtronach|atk|1\n|-heal|p1b: TheRetchingNetch|41\/100\n|-activate|p2b: Volcanion|move: Struggle\n|move|p2b: Volcanion|Struggle|p1b: TheRetchingNetch\n|-damage|p1b: TheRetchingNetch|26\/100\n|-damage|p2b: Volcanion|0 fnt|[from] item: Rocky Helmet|[of] p1b: TheRetchingNetch\n|faint|p2b: Volcanion\n|\n|-weather|RainDance|[upkeep]\n|upkeep\n|\n|t:|1700581812\n|switch|p2b: Amoonguss|Amoonguss, F, shiny|100\/100\n|turn|10\n|inactive|gfsn\u7535\u68cd\u5973\u513f\u7c73\u8bfa has 90 seconds left.\n|\n|t:|1700581822\n|move|p1b: TheRetchingNetch|Ally Switch|p1b: TheRetchingNetch\n|swap|p1b: TheRetchingNetch|0|[from] move: Ally Switch\n|move|p2b: Amoonguss|Rage Powder|p2b: Amoonguss\n|-singleturn|p2b: Amoonguss|move: Rage Powder\n|move|p1b: FrostAtronach|Freeze-Dry|p2b: Amoonguss\n|-supereffective|p2b: Amoonguss\n|-damage|p2b: Amoonguss|48\/100\n|move|p2a: Ursaluna|Blood Moon|p1a: TheRetchingNetch\n|-immune|p1a: TheRetchingNetch\n|\n|-weather|RainDance|[upkeep]\n|upkeep\n|turn|11\n|\n|t:|1700581845\n|move|p2b: Amoonguss|Rage Powder|p2b: Amoonguss\n|-singleturn|p2b: Amoonguss|move: Rage Powder\n|move|p1b: FrostAtronach|Freeze-Dry|p2b: Amoonguss\n|-supereffective|p2b: Amoonguss\n|-damage|p2b: Amoonguss|0 fnt\n|faint|p2b: Amoonguss\n|move|p1a: TheRetchingNetch|Disable|p2a: Ursaluna\n|-start|p2a: Ursaluna|Disable|Blood Moon\n|move|p2a: Ursaluna|Earth Power|p1b: FrostAtronach\n|-damage|p1b: FrostAtronach|18\/100\n|\n|-weather|RainDance|[upkeep]\n|upkeep\n|inactive|gfsn\u7535\u68cd\u5973\u513f\u7c73\u8bfa has 90 seconds left.\n|\n|t:|1700581865\n|switch|p2b: Indeedee|Indeedee-F, F|100\/100\n|-fieldstart|move: Psychic Terrain|[from] ability: Psychic Surge|[of] p2b: Indeedee\n|-enditem|p2b: Indeedee|Psychic Seed\n|-boost|p2b: Indeedee|spd|1|[from] item: Psychic Seed\n|turn|12\n|\n|t:|1700581884\n|move|p2b: Indeedee|Follow Me|p2b: Indeedee\n|-singleturn|p2b: Indeedee|move: Follow Me\n|move|p1b: FrostAtronach|Weather Ball|p2b: Indeedee\n|-damage|p2b: Indeedee|66\/100\n|move|p1a: TheRetchingNetch|Toxic|p2b: Indeedee\n|-status|p2b: Indeedee|tox\n|move|p2a: Ursaluna|Earth Power|p1a: TheRetchingNetch\n|-immune|p1a: TheRetchingNetch\n|\n|-weather|RainDance|[upkeep]\n|-damage|p2b: Indeedee|60\/100 tox|[from] psn\n|upkeep\n|turn|13\n|\n|t:|1700581903\n|move|p1a: TheRetchingNetch|Ally Switch|p1a: TheRetchingNetch\n|swap|p1a: TheRetchingNetch|1|[from] move: Ally Switch\n|move|p1a: FrostAtronach|Weather Ball|p2a: Ursaluna\n|-supereffective|p2a: Ursaluna\n|-damage|p2a: Ursaluna|0 fnt\n|faint|p2a: Ursaluna\n|move|p2b: Indeedee|Trick Room|p2b: Indeedee\n|-fieldstart|move: Trick Room|[of] p2b: Indeedee\n|\n|-weather|none\n|-damage|p2b: Indeedee|48\/100 tox|[from] psn\n|upkeep\n|\n|t:|1700581915\n|switch|p2a: Stakataka|Stakataka, shiny|100\/100\n|turn|14\n|inactive|gfsn\u7535\u68cd\u5973\u513f\u7c73\u8bfa has 120 seconds left.\n|\n|t:|1700581930\n|move|p1a: FrostAtronach|Endure|p1a: FrostAtronach\n|-singleturn|p1a: FrostAtronach|move: Endure\n|move|p2a: Stakataka|Rock Blast|p1a: FrostAtronach\n|-supereffective|p1a: FrostAtronach\n|-activate|p1a: FrostAtronach|move: Endure\n|-damage|p1a: FrostAtronach|1\/100\n|-ability|p1a: FrostAtronach|Weak Armor|boost\n|-unboost|p1a: FrostAtronach|def|1\n|-boost|p1a: FrostAtronach|spe|2\n|-enditem|p1a: FrostAtronach|Weakness Policy\n|-boost|p1a: FrostAtronach|atk|2|[from] item: Weakness Policy\n|-boost|p1a: FrostAtronach|spa|2|[from] item: Weakness Policy\n|-supereffective|p1a: FrostAtronach\n|-activate|p1a: FrostAtronach|move: Endure\n|-damage|p1a: FrostAtronach|1\/100\n|-ability|p1a: FrostAtronach|Weak Armor|boost\n|-unboost|p1a: FrostAtronach|def|1\n|-boost|p1a: FrostAtronach|spe|2\n|-supereffective|p1a: FrostAtronach\n|-activate|p1a: FrostAtronach|move: Endure\n|-damage|p1a: FrostAtronach|1\/100\n|-ability|p1a: FrostAtronach|Weak Armor|boost\n|-unboost|p1a: FrostAtronach|def|1\n|-boost|p1a: FrostAtronach|spe|2\n|-hitcount|p1a: FrostAtronach|3\n|move|p2b: Indeedee|Imprison|p2b: Indeedee\n|-start|p2b: Indeedee|move: Imprison\n|move|p1b: TheRetchingNetch|Disable|p2a: Stakataka\n|-start|p2a: Stakataka|Disable|Rock Blast\n|\n|-damage|p2b: Indeedee|30\/100 tox|[from] psn\n|upkeep\n|turn|15\n|inactive|gfsn\u7535\u68cd\u5973\u513f\u7c73\u8bfa has 120 seconds left.\n|inactive|Real Bani-Banani has 120 seconds left.\n|\n|t:|1700581975\n|move|p2b: Indeedee|Protect|p2b: Indeedee\n|-singleturn|p2b: Indeedee|Protect\n|-activate|p2a: Stakataka|move: Struggle\n|move|p2a: Stakataka|Struggle|p1b: TheRetchingNetch\n|-damage|p1b: TheRetchingNetch|0 fnt\n|-damage|p2a: Stakataka|76\/100|[from] ability: Aftermath|[of] p1b: TheRetchingNetch\n|-damage|p2a: Stakataka|59\/100|[from] item: Rocky Helmet|[of] p1b: TheRetchingNetch\n|faint|p1b: TheRetchingNetch\n|-ability|p2a: Stakataka|Beast Boost|boost\n|-boost|p2a: Stakataka|atk|1\n|-damage|p2a: Stakataka|34\/100|[from] recoil\n|move|p1a: FrostAtronach|Rain Dance|p1a: FrostAtronach\n|-weather|RainDance\n|\n|-weather|RainDance|[upkeep]\n|-damage|p2b: Indeedee|5\/100 tox|[from] psn\n|upkeep\n|turn|16\n|inactive|Real Bani-Banani has 120 seconds left.\n|inactive|gfsn\u7535\u68cd\u5973\u513f\u7c73\u8bfa has 120 seconds left.\n|\n|t:|1700581995\n|move|p2b: Indeedee|Protect||[still]\n|-fail|p2b: Indeedee\n|move|p1a: FrostAtronach|Endure|p1a: FrostAtronach\n|-singleturn|p1a: FrostAtronach|move: Endure\n|-activate|p2a: Stakataka|move: Struggle\n|move|p2a: Stakataka|Struggle|p1a: FrostAtronach\n|-activate|p1a: FrostAtronach|move: Endure\n|-damage|p1a: FrostAtronach|1\/100\n|-ability|p1a: FrostAtronach|Weak Armor|boost\n|-unboost|p1a: FrostAtronach|def|1\n|-damage|p2a: Stakataka|9\/100|[from] recoil\n|\n|-weather|RainDance|[upkeep]\n|-damage|p2b: Indeedee|0 fnt|[from] psn\n|faint|p2b: Indeedee\n|-fieldend|move: Psychic Terrain\n|upkeep\n|\n|t:|1700582011\n|switch|p2b: Banette|Banette, F, shiny|100\/100\n|turn|17\n|\n|t:|1700582020\n|detailschange|p2b: Banette|Banette-Mega, F, shiny\n|-mega|p2b: Banette|Banette|Banettite\n|move|p1a: FrostAtronach|Endure||[still]\n|-fail|p1a: FrostAtronach\n|move|p2b: Banette|Encore|p1a: FrostAtronach\n|-start|p1a: FrostAtronach|Encore\n|-activate|p2a: Stakataka|move: Struggle\n|move|p2a: Stakataka|Struggle|p1a: FrostAtronach\n|-damage|p1a: FrostAtronach|0 fnt\n|faint|p1a: FrostAtronach\n|-damage|p2a: Stakataka|0 fnt|[from] recoil\n|faint|p2a: Stakataka\n|\n|win|gfsn\u7535\u68cd\u5973\u513f\u7c73\u8bfa\n|raw|Real Bani-Banani's rating: 1102 &rarr; <strong>1084<\/strong><br \/>(-18 for losing)\n|raw|gfsn\u7535\u68cd\u5973\u513f\u7c73\u8bfa's rating: 1206 &rarr; <strong>1224<\/strong><br \/>(+18 for winning)\n|c|\u2606Real Bani-Banani|gg wp\n","uploadtime":1700582041,"views":20,"p1id":"realbanibanani","p2id":"gfsn","formatid":"gen9nationaldexdoubles","rating":1084,"private":0,"password":""}