{"id":"gen9nationaldexdoubles-1957737086","p1":"BugSME","p2":"haakloong","format":"[Gen 9] National Dex Doubles","log":"|j|\u2606BugSME\n|j|\u2606haakloong\n|t:|1696257227\n|gametype|doubles\n|player|p1|BugSME|bugcatcher-gen4dp|\n|player|p2|haakloong|266|\n|teamsize|p1|6\n|teamsize|p2|6\n|gen|9\n|tier|[Gen 9] National Dex Doubles\n|rule|HP Percentage Mod: HP is shown in percentages\n|rule|Endless Battle Clause: Forcing endless battles is banned\n|rule|OHKO Clause: OHKO moves are banned\n|rule|Evasion Moves Clause: Evasion moves are banned\n|rule|Evasion Abilities Clause: Evasion abilities are banned\n|rule|Species Clause: Limit one of each Pok\u00e9mon\n|rule|Gravity Sleep Clause: The combination of sleep-inducing moves with imperfect accuracy and Gravity or Gigantamax Orbeetle are banned\n|clearpoke\n|poke|p1|Volcarona, F|\n|poke|p1|Dragapult, M|\n|poke|p1|Tentacruel, M|\n|poke|p1|Aggron, F|\n|poke|p1|Arcanine-Hisui, F|\n|poke|p1|Gyarados, M|\n|poke|p2|Goodra-Hisui, M|\n|poke|p2|Lucario, M|\n|poke|p2|Skarmory, F|\n|poke|p2|Ninetales-Alola, F|\n|poke|p2|Cloyster, M|\n|poke|p2|Aggron, M|\n|teampreview\n|\n|t:|1696257293\n|start\n|switch|p1a: Arcanine|Arcanine-Hisui, F|100\/100\n|switch|p1b: Gyarados|Gyarados, M|100\/100\n|switch|p2a: Goodra|Goodra-Hisui, M|100\/100\n|switch|p2b: Ninetales|Ninetales-Alola, F|100\/100\n|-weather|Snow|[from] ability: Snow Warning|[of] p2b: Ninetales\n|-ability|p1b: Gyarados|Intimidate|boost\n|-unboost|p2a: Goodra|atk|1\n|-unboost|p2b: Ninetales|atk|1\n|turn|1\n|\n|t:|1696257332\n|switch|p2b: Cloyster|Cloyster, M, shiny|100\/100\n|move|p1a: Arcanine|Flare Blitz|p2b: Cloyster\n|-damage|p2b: Cloyster|61\/100\n|move|p1b: Gyarados|Dragon Dance|p1b: Gyarados\n|-boost|p1b: Gyarados|atk|1\n|-boost|p1b: Gyarados|spe|1\n|move|p2a: Goodra|Thunderbolt|p1b: Gyarados\n|-supereffective|p1b: Gyarados\n|-damage|p1b: Gyarados|0 fnt\n|faint|p1b: Gyarados\n|\n|-weather|Snow|[upkeep]\n|upkeep\n|\n|t:|1696257344\n|switch|p1b: Aggron|Aggron, F|100\/100\n|turn|2\n|\n|t:|1696257368\n|move|p1a: Arcanine|Flare Blitz|p2b: Cloyster\n|-crit|p2b: Cloyster\n|-damage|p2b: Cloyster|1\/100\n|move|p2b: Cloyster|Waterfall|p1a: Arcanine\n|-supereffective|p1a: Arcanine\n|-damage|p1a: Arcanine|0 fnt\n|faint|p1a: Arcanine\n|move|p2a: Goodra|Body Press|p1b: Aggron\n|-supereffective|p1b: Aggron\n|-damage|p1b: Aggron|59\/100\n|move|p1b: Aggron|Dragon Claw|p2b: Cloyster\n|-damage|p2b: Cloyster|0 fnt\n|faint|p2b: Cloyster\n|\n|-weather|Snow|[upkeep]\n|upkeep\n|\n|t:|1696257391\n|switch|p1a: Dragapult|Dragapult, M|100\/100\n|switch|p2b: Lucario|Lucario, M|100\/100\n|turn|3\n|\n|t:|1696257434\n|move|p1a: Dragapult|Phantom Force||[still]\n|-prepare|p1a: Dragapult|Phantom Force\n|move|p2b: Lucario|Ice Punch|p1a: Dragapult|[miss]\n|-miss|p2b: Lucario|p1a: Dragapult\n|move|p2a: Goodra|Draco Meteor|p1b: Aggron\n|-resisted|p1b: Aggron\n|-damage|p1b: Aggron|27\/100\n|-unboost|p2a: Goodra|spa|2\n|move|p1b: Aggron|Earthquake|p2a: Goodra|[spread] p2a,p2b\n|-miss|p1b: Aggron|p1a: Dragapult\n|-supereffective|p2a: Goodra\n|-supereffective|p2b: Lucario\n|-damage|p2a: Goodra|52\/100\n|-damage|p2b: Lucario|14\/100\n|\n|-weather|Snow|[upkeep]\n|-heal|p2a: Goodra|58\/100|[from] item: Leftovers\n|upkeep\n|turn|4\n|\n|t:|1696257466\n|move|p1a: Dragapult|Phantom Force|p2b: Lucario|[from]lockedmove\n|-damage|p2b: Lucario|0 fnt\n|faint|p2b: Lucario\n|move|p2a: Goodra|Body Press|p1b: Aggron\n|-supereffective|p1b: Aggron\n|-damage|p1b: Aggron|0 fnt\n|faint|p1b: Aggron\n|\n|-weather|Snow|[upkeep]\n|-heal|p2a: Goodra|64\/100|[from] item: Leftovers\n|upkeep\n|\n|t:|1696257482\n|switch|p2b: Ninetales|Ninetales-Alola, F|100\/100\n|switch|p1b: Tentacruel|Tentacruel, M|100\/100\n|turn|5\n|\n|t:|1696257496\n|move|p1a: Dragapult|Phantom Force||[still]\n|-prepare|p1a: Dragapult|Phantom Force\n|move|p2b: Ninetales|Weather Ball|p1a: Dragapult|[miss]\n|-miss|p2b: Ninetales|p1a: Dragapult\n|move|p1b: Tentacruel|Sludge Bomb|p2a: Goodra\n|-immune|p2a: Goodra\n|move|p2a: Goodra|Thunderbolt|p1b: Tentacruel\n|-supereffective|p1b: Tentacruel\n|-damage|p1b: Tentacruel|69\/100\n|\n|-weather|none\n|-heal|p1b: Tentacruel|75\/100|[from] item: Black Sludge\n|-heal|p2a: Goodra|70\/100|[from] item: Leftovers\n|upkeep\n|turn|6\n|\n|t:|1696257538\n|move|p1a: Dragapult|Phantom Force|p2a: Goodra|[from]lockedmove\n|-damage|p2a: Goodra|20\/100\n|-ability|p2a: Goodra|Gooey\n|-fail|p1a: Dragapult|unboost|[from] ability: Clear Body|[of] p1a: Dragapult\n|move|p2b: Ninetales|Freeze-Dry|p1b: Tentacruel\n|-supereffective|p1b: Tentacruel\n|-damage|p1b: Tentacruel|14\/100\n|move|p1b: Tentacruel|Knock Off|p2a: Goodra\n|-damage|p2a: Goodra|4\/100\n|-ability|p2a: Goodra|Gooey\n|-unboost|p1b: Tentacruel|spe|1\n|-enditem|p2a: Goodra|Leftovers|[from] move: Knock Off|[of] p1b: Tentacruel\n|move|p2a: Goodra|Thunderbolt|p1b: Tentacruel\n|-supereffective|p1b: Tentacruel\n|-damage|p1b: Tentacruel|0 fnt\n|faint|p1b: Tentacruel\n|\n|upkeep\n|\n|t:|1696257555\n|switch|p1b: Volcarona|Volcarona, F|100\/100\n|turn|7\n|\n|t:|1696257587\n|move|p1a: Dragapult|Phantom Force||[still]\n|-prepare|p1a: Dragapult|Phantom Force\n|move|p2b: Ninetales|Aurora Veil||[still]\n|-fail|p2b: Ninetales\n|move|p1b: Volcarona|Flamethrower|p2b: Ninetales\n|-supereffective|p2b: Ninetales\n|-damage|p2b: Ninetales|9\/100\n|-status|p2b: Ninetales|brn\n|move|p2a: Goodra|Body Press|p1b: Volcarona\n|-resisted|p1b: Volcarona\n|-damage|p1b: Volcarona|92\/100\n|\n|-damage|p2b: Ninetales|3\/100 brn|[from] brn\n|upkeep\n|turn|8\n|\n|t:|1696257614\n|switch|p2b: Aggron|Aggron, M|100\/100\n|move|p1a: Dragapult|Phantom Force|p2a: Goodra|[from]lockedmove\n|-damage|p2a: Goodra|0 fnt\n|-ability|p2a: Goodra|Gooey\n|-fail|p1a: Dragapult|unboost|[from] ability: Clear Body|[of] p1a: Dragapult\n|faint|p2a: Goodra\n|move|p1b: Volcarona|Psychic|p2b: Aggron\n|-resisted|p2b: Aggron\n|-damage|p2b: Aggron|80\/100\n|\n|upkeep\n|\n|t:|1696257628\n|switch|p2a: Ninetales|Ninetales-Alola, F|3\/100 brn\n|-weather|Snow|[from] ability: Snow Warning|[of] p2a: Ninetales\n|turn|9\n|\n|t:|1696257640\n|move|p1a: Dragapult|Phantom Force||[still]\n|-prepare|p1a: Dragapult|Phantom Force\n|move|p2a: Ninetales|Draining Kiss|p1a: Dragapult|[miss]\n|-miss|p2a: Ninetales|p1a: Dragapult\n|move|p1b: Volcarona|Flamethrower|p2b: Aggron\n|-damage|p2b: Aggron|21\/100\n|move|p2b: Aggron|Rock Blast|p1b: Volcarona\n|-supereffective|p1b: Volcarona\n|-damage|p1b: Volcarona|54\/100\n|-supereffective|p1b: Volcarona\n|-crit|p1b: Volcarona\n|-damage|p1b: Volcarona|0 fnt\n|faint|p1b: Volcarona\n|-hitcount|p1: Volcarona|2\n|\n|-weather|Snow|[upkeep]\n|-damage|p2a: Ninetales|0 fnt|[from] brn\n|faint|p2a: Ninetales\n|upkeep\n|\n|t:|1696257654\n|switch|p2a: Skarmory|Skarmory, F, shiny|100\/100\n|turn|10\n|\n|t:|1696257673\n|move|p1a: Dragapult|Phantom Force|p2b: Aggron|[from]lockedmove\n|-damage|p2b: Aggron|0 fnt\n|faint|p2b: Aggron\n|move|p2a: Skarmory|Iron Defense|p2a: Skarmory\n|-boost|p2a: Skarmory|def|2\n|\n|-weather|Snow|[upkeep]\n|upkeep\n|turn|11\n|\n|t:|1696257687\n|move|p1a: Dragapult|Phantom Force||[still]\n|-prepare|p1a: Dragapult|Phantom Force\n|move|p2a: Skarmory|Iron Defense|p2a: Skarmory\n|-boost|p2a: Skarmory|def|2\n|\n|-weather|Snow|[upkeep]\n|upkeep\n|turn|12\n|\n|t:|1696257695\n|move|p1a: Dragapult|Phantom Force|p2a: Skarmory|[from]lockedmove\n|-damage|p2a: Skarmory|89\/100\n|-damage|p1a: Dragapult|84\/100|[from] item: Rocky Helmet|[of] p2a: Skarmory\n|move|p2a: Skarmory|Iron Defense|p2a: Skarmory\n|-boost|p2a: Skarmory|def|2\n|\n|-weather|Snow|[upkeep]\n|upkeep\n|turn|13\n|\n|t:|1696257717\n|move|p1a: Dragapult|Substitute|p1a: Dragapult\n|-start|p1a: Dragapult|Substitute\n|-damage|p1a: Dragapult|59\/100\n|move|p2a: Skarmory|Body Press|p1a: Dragapult\n|-immune|p1a: Dragapult\n|\n|-weather|none\n|upkeep\n|turn|14\n|\n|t:|1696257733\n|move|p1a: Dragapult|Dragon Dance|p1a: Dragapult\n|-boost|p1a: Dragapult|atk|1\n|-boost|p1a: Dragapult|spe|1\n|move|p2a: Skarmory|Body Press|p1a: Dragapult\n|-immune|p1a: Dragapult\n|\n|upkeep\n|turn|15\n|\n|t:|1696257746\n|move|p1a: Dragapult|Dragon Dance|p1a: Dragapult\n|-boost|p1a: Dragapult|atk|1\n|-boost|p1a: Dragapult|spe|1\n|move|p2a: Skarmory|Body Press|p1a: Dragapult\n|-immune|p1a: Dragapult\n|\n|upkeep\n|turn|16\n|\n|t:|1696257756\n|move|p1a: Dragapult|Dragon Dance|p1a: Dragapult\n|-boost|p1a: Dragapult|atk|1\n|-boost|p1a: Dragapult|spe|1\n|move|p2a: Skarmory|Body Press|p1a: Dragapult\n|-immune|p1a: Dragapult\n|\n|upkeep\n|turn|17\n|\n|t:|1696257768\n|move|p1a: Dragapult|Dragon Dance|p1a: Dragapult\n|-boost|p1a: Dragapult|atk|1\n|-boost|p1a: Dragapult|spe|1\n|move|p2a: Skarmory|Body Press|p1a: Dragapult\n|-immune|p1a: Dragapult\n|\n|upkeep\n|turn|18\n|\n|t:|1696257780\n|move|p1a: Dragapult|Dragon Dance|p1a: Dragapult\n|-boost|p1a: Dragapult|atk|1\n|-boost|p1a: Dragapult|spe|1\n|move|p2a: Skarmory|Body Press|p1a: Dragapult\n|-immune|p1a: Dragapult\n|\n|upkeep\n|turn|19\n|\n|t:|1696257789\n|move|p1a: Dragapult|Dragon Dance|p1a: Dragapult\n|-boost|p1a: Dragapult|atk|1\n|-boost|p1a: Dragapult|spe|1\n|move|p2a: Skarmory|Body Press|p1a: Dragapult\n|-immune|p1a: Dragapult\n|\n|upkeep\n|turn|20\n|\n|t:|1696257825\n|move|p2a: Skarmory|Protect|p2a: Skarmory\n|-singleturn|p2a: Skarmory|Protect\n|move|p1a: Dragapult|Phantom Force||[still]\n|-prepare|p1a: Dragapult|Phantom Force\n|\n|upkeep\n|turn|21\n|\n|t:|1696257833\n|move|p2a: Skarmory|Protect||[still]\n|-fail|p2a: Skarmory\n|move|p1a: Dragapult|Phantom Force|p2a: Skarmory|[from]lockedmove\n|-damage|p2a: Skarmory|60\/100\n|-damage|p1a: Dragapult|43\/100|[from] item: Rocky Helmet|[of] p2a: Skarmory\n|\n|upkeep\n|turn|22\n|\n|t:|1696257851\n|move|p2a: Skarmory|Protect|p2a: Skarmory\n|-singleturn|p2a: Skarmory|Protect\n|move|p1a: Dragapult|Dragon Darts|p2a: Skarmory\n|-activate|p2a: Skarmory|move: Protect\n|\n|upkeep\n|turn|23\n|\n|t:|1696257860\n|move|p1a: Dragapult|Dragon Darts|p2a: Skarmory\n|-resisted|p2a: Skarmory\n|-damage|p2a: Skarmory|50\/100\n|-anim|p1a: Dragapult|Dragon Darts|p2a: Skarmory\n|-resisted|p2a: Skarmory\n|-damage|p2a: Skarmory|39\/100\n|move|p2a: Skarmory|Roost|p2a: Skarmory\n|-heal|p2a: Skarmory|89\/100\n|-singleturn|p2a: Skarmory|move: Roost\n|\n|upkeep\n|turn|24\n|\n|t:|1696257880\n|move|p1a: Dragapult|Dragon Darts|p2a: Skarmory\n|-resisted|p2a: Skarmory\n|-damage|p2a: Skarmory|78\/100\n|-anim|p1a: Dragapult|Dragon Darts|p2a: Skarmory\n|-resisted|p2a: Skarmory\n|-damage|p2a: Skarmory|67\/100\n|move|p2a: Skarmory|Body Press|p1a: Dragapult\n|-immune|p1a: Dragapult\n|\n|upkeep\n|turn|25\n|\n|t:|1696257897\n|move|p2a: Skarmory|Protect|p2a: Skarmory\n|-singleturn|p2a: Skarmory|Protect\n|move|p1a: Dragapult|Dragon Darts|p2a: Skarmory\n|-activate|p2a: Skarmory|move: Protect\n|\n|upkeep\n|turn|26\n|\n|t:|1696257909\n|move|p1a: Dragapult|Dragon Darts|p2a: Skarmory\n|-resisted|p2a: Skarmory\n|-damage|p2a: Skarmory|56\/100\n|-anim|p1a: Dragapult|Dragon Darts|p2a: Skarmory\n|-resisted|p2a: Skarmory\n|-damage|p2a: Skarmory|47\/100\n|move|p2a: Skarmory|Body Press|p1a: Dragapult\n|-immune|p1a: Dragapult\n|\n|upkeep\n|turn|27\n|\n|t:|1696257920\n|move|p1a: Dragapult|Dragon Darts|p2a: Skarmory\n|-resisted|p2a: Skarmory\n|-damage|p2a: Skarmory|36\/100\n|-anim|p1a: Dragapult|Dragon Darts|p2a: Skarmory\n|-resisted|p2a: Skarmory\n|-damage|p2a: Skarmory|26\/100\n|move|p2a: Skarmory|Roost|p2a: Skarmory\n|-heal|p2a: Skarmory|76\/100\n|-singleturn|p2a: Skarmory|move: Roost\n|\n|upkeep\n|turn|28\n|\n|t:|1696257930\n|move|p2a: Skarmory|Protect|p2a: Skarmory\n|-singleturn|p2a: Skarmory|Protect\n|move|p1a: Dragapult|Dragon Dance|p1a: Dragapult\n|-boost|p1a: Dragapult|atk|0\n|-boost|p1a: Dragapult|spe|0\n|\n|upkeep\n|turn|29\n|\n|t:|1696257955\n|move|p1a: Dragapult|Dragon Dance|p1a: Dragapult\n|-boost|p1a: Dragapult|atk|0\n|-boost|p1a: Dragapult|spe|0\n|move|p2a: Skarmory|Body Press|p1a: Dragapult\n|-immune|p1a: Dragapult\n|\n|upkeep\n|turn|30\n|\n|t:|1696257972\n|move|p2a: Skarmory|Protect|p2a: Skarmory\n|-singleturn|p2a: Skarmory|Protect\n|move|p1a: Dragapult|Dragon Darts|p2a: Skarmory\n|-activate|p2a: Skarmory|move: Protect\n|\n|upkeep\n|turn|31\n|\n|t:|1696257986\n|move|p1a: Dragapult|Dragon Darts|p2a: Skarmory\n|-resisted|p2a: Skarmory\n|-damage|p2a: Skarmory|65\/100\n|-anim|p1a: Dragapult|Dragon Darts|p2a: Skarmory\n|-resisted|p2a: Skarmory\n|-damage|p2a: Skarmory|54\/100\n|move|p2a: Skarmory|Body Press|p1a: Dragapult\n|-immune|p1a: Dragapult\n|\n|upkeep\n|turn|32\n|\n|t:|1696257997\n|move|p1a: Dragapult|Dragon Darts|p2a: Skarmory\n|-resisted|p2a: Skarmory\n|-damage|p2a: Skarmory|44\/100\n|-anim|p1a: Dragapult|Dragon Darts|p2a: Skarmory\n|-resisted|p2a: Skarmory\n|-damage|p2a: Skarmory|33\/100\n|move|p2a: Skarmory|Roost|p2a: Skarmory\n|-heal|p2a: Skarmory|83\/100\n|-singleturn|p2a: Skarmory|move: Roost\n|\n|upkeep\n|turn|33\n|\n|t:|1696258013\n|move|p2a: Skarmory|Protect|p2a: Skarmory\n|-singleturn|p2a: Skarmory|Protect\n|move|p1a: Dragapult|Dragon Dance|p1a: Dragapult\n|-boost|p1a: Dragapult|atk|0\n|-boost|p1a: Dragapult|spe|0\n|\n|upkeep\n|turn|34\n|\n|t:|1696258026\n|move|p1a: Dragapult|Dragon Dance|p1a: Dragapult\n|-boost|p1a: Dragapult|atk|0\n|-boost|p1a: Dragapult|spe|0\n|move|p2a: Skarmory|Iron Defense|p2a: Skarmory\n|-boost|p2a: Skarmory|def|0\n|\n|upkeep\n|turn|35\n|\n|t:|1696258044\n|move|p1a: Dragapult|Dragon Darts|p2a: Skarmory\n|-resisted|p2a: Skarmory\n|-damage|p2a: Skarmory|72\/100\n|-anim|p1a: Dragapult|Dragon Darts|p2a: Skarmory\n|-resisted|p2a: Skarmory\n|-damage|p2a: Skarmory|61\/100\n|move|p2a: Skarmory|Iron Defense|p2a: Skarmory\n|-boost|p2a: Skarmory|def|0\n|\n|upkeep\n|turn|36\n|\n|t:|1696258055\n|move|p1a: Dragapult|Dragon Darts|p2a: Skarmory\n|-resisted|p2a: Skarmory\n|-damage|p2a: Skarmory|51\/100\n|-anim|p1a: Dragapult|Dragon Darts|p2a: Skarmory\n|-resisted|p2a: Skarmory\n|-damage|p2a: Skarmory|40\/100\n|move|p2a: Skarmory|Iron Defense|p2a: Skarmory\n|-boost|p2a: Skarmory|def|0\n|\n|upkeep\n|turn|37\n|\n|t:|1696258070\n|move|p1a: Dragapult|Dragon Darts|p2a: Skarmory\n|-resisted|p2a: Skarmory\n|-damage|p2a: Skarmory|29\/100\n|-anim|p1a: Dragapult|Dragon Darts|p2a: Skarmory\n|-resisted|p2a: Skarmory\n|-damage|p2a: Skarmory|19\/100\n|move|p2a: Skarmory|Roost|p2a: Skarmory\n|-heal|p2a: Skarmory|69\/100\n|-singleturn|p2a: Skarmory|move: Roost\n|\n|upkeep\n|turn|38\n|\n|t:|1696258096\n|move|p2a: Skarmory|Protect|p2a: Skarmory\n|-singleturn|p2a: Skarmory|Protect\n|move|p1a: Dragapult|Dragon Darts|p2a: Skarmory\n|-activate|p2a: Skarmory|move: Protect\n|\n|upkeep\n|turn|39\n|\n|t:|1696258115\n|move|p1a: Dragapult|Dragon Darts|p2a: Skarmory\n|-resisted|p2a: Skarmory\n|-damage|p2a: Skarmory|58\/100\n|-anim|p1a: Dragapult|Dragon Darts|p2a: Skarmory\n|-resisted|p2a: Skarmory\n|-damage|p2a: Skarmory|47\/100\n|move|p2a: Skarmory|Body Press|p1a: Dragapult\n|-immune|p1a: Dragapult\n|\n|upkeep\n|turn|40\n|\n|t:|1696258125\n|move|p1a: Dragapult|Dragon Darts|p2a: Skarmory\n|-resisted|p2a: Skarmory\n|-damage|p2a: Skarmory|35\/100\n|-anim|p1a: Dragapult|Dragon Darts|p2a: Skarmory\n|-resisted|p2a: Skarmory\n|-damage|p2a: Skarmory|25\/100\n|move|p2a: Skarmory|Roost|p2a: Skarmory\n|-heal|p2a: Skarmory|75\/100\n|-singleturn|p2a: Skarmory|move: Roost\n|\n|upkeep\n|turn|41\n|\n|t:|1696258136\n|move|p2a: Skarmory|Protect|p2a: Skarmory\n|-singleturn|p2a: Skarmory|Protect\n|move|p1a: Dragapult|Dragon Dance|p1a: Dragapult\n|-boost|p1a: Dragapult|atk|0\n|-boost|p1a: Dragapult|spe|0\n|\n|upkeep\n|turn|42\n|\n|t:|1696258148\n|move|p1a: Dragapult|Dragon Dance|p1a: Dragapult\n|-boost|p1a: Dragapult|atk|0\n|-boost|p1a: Dragapult|spe|0\n|move|p2a: Skarmory|Iron Defense|p2a: Skarmory\n|-boost|p2a: Skarmory|def|0\n|\n|upkeep\n|turn|43\n|\n|t:|1696258161\n|move|p1a: Dragapult|Dragon Dance|p1a: Dragapult\n|-boost|p1a: Dragapult|atk|0\n|-boost|p1a: Dragapult|spe|0\n|move|p2a: Skarmory|Iron Defense|p2a: Skarmory\n|-boost|p2a: Skarmory|def|0\n|\n|upkeep\n|turn|44\n|\n|t:|1696258169\n|move|p1a: Dragapult|Dragon Dance|p1a: Dragapult\n|-boost|p1a: Dragapult|atk|0\n|-boost|p1a: Dragapult|spe|0\n|move|p2a: Skarmory|Iron Defense|p2a: Skarmory\n|-boost|p2a: Skarmory|def|0\n|\n|upkeep\n|turn|45\n|\n|t:|1696258178\n|move|p1a: Dragapult|Dragon Dance|p1a: Dragapult\n|-boost|p1a: Dragapult|atk|0\n|-boost|p1a: Dragapult|spe|0\n|move|p2a: Skarmory|Iron Defense|p2a: Skarmory\n|-boost|p2a: Skarmory|def|0\n|\n|upkeep\n|turn|46\n|\n|t:|1696258191\n|move|p1a: Dragapult|Dragon Dance|p1a: Dragapult\n|-boost|p1a: Dragapult|atk|0\n|-boost|p1a: Dragapult|spe|0\n|move|p2a: Skarmory|Iron Defense|p2a: Skarmory\n|-boost|p2a: Skarmory|def|0\n|\n|upkeep\n|turn|47\n|\n|t:|1696258216\n|move|p1a: Dragapult|Dragon Dance|p1a: Dragapult\n|-boost|p1a: Dragapult|atk|0\n|-boost|p1a: Dragapult|spe|0\n|move|p2a: Skarmory|Iron Defense|p2a: Skarmory\n|-boost|p2a: Skarmory|def|0\n|\n|upkeep\n|turn|48\n|\n|t:|1696258239\n|move|p1a: Dragapult|Dragon Dance|p1a: Dragapult\n|-boost|p1a: Dragapult|atk|0\n|-boost|p1a: Dragapult|spe|0\n|move|p2a: Skarmory|Iron Defense|p2a: Skarmory\n|-boost|p2a: Skarmory|def|0\n|\n|upkeep\n|turn|49\n|\n|t:|1696258254\n|move|p1a: Dragapult|Dragon Dance|p1a: Dragapult\n|-boost|p1a: Dragapult|atk|0\n|-boost|p1a: Dragapult|spe|0\n|move|p2a: Skarmory|Iron Defense|p2a: Skarmory\n|-boost|p2a: Skarmory|def|0\n|\n|upkeep\n|turn|50\n|\n|t:|1696258271\n|move|p1a: Dragapult|Phantom Force||[still]\n|-prepare|p1a: Dragapult|Phantom Force\n|move|p2a: Skarmory|Iron Defense|p2a: Skarmory\n|-boost|p2a: Skarmory|def|0\n|\n|upkeep\n|turn|51\n|\n|t:|1696258276\n|move|p2a: Skarmory|Protect|p2a: Skarmory\n|-singleturn|p2a: Skarmory|Protect\n|move|p1a: Dragapult|Phantom Force|p2a: Skarmory|[from]lockedmove\n|-activate|p2a: Skarmory|move: Phantom Force|[broken]\n|-damage|p2a: Skarmory|44\/100\n|-damage|p1a: Dragapult|26\/100|[from] item: Rocky Helmet|[of] p2a: Skarmory\n|\n|upkeep\n|turn|52\n|\n|t:|1696258290\n|move|p1a: Dragapult|Phantom Force||[still]\n|-prepare|p1a: Dragapult|Phantom Force\n|move|p2a: Skarmory|Roost|p2a: Skarmory\n|-heal|p2a: Skarmory|94\/100\n|-singleturn|p2a: Skarmory|move: Roost\n|\n|upkeep\n|turn|53\n|\n|t:|1696258297\n|move|p1a: Dragapult|Phantom Force|p2a: Skarmory|[from]lockedmove\n|-damage|p2a: Skarmory|64\/100\n|-damage|p1a: Dragapult|10\/100|[from] item: Rocky Helmet|[of] p2a: Skarmory\n|move|p2a: Skarmory|Iron Defense|p2a: Skarmory\n|-boost|p2a: Skarmory|def|0\n|\n|upkeep\n|turn|54\n|\n|t:|1696258329\n|move|p2a: Skarmory|Protect|p2a: Skarmory\n|-singleturn|p2a: Skarmory|Protect\n|move|p1a: Dragapult|Dragon Darts|p2a: Skarmory\n|-activate|p2a: Skarmory|move: Protect\n|\n|upkeep\n|turn|55\n|\n|t:|1696258343\n|move|p1a: Dragapult|Phantom Force||[still]\n|-prepare|p1a: Dragapult|Phantom Force\n|move|p2a: Skarmory|Roost|p2a: Skarmory\n|-heal|p2a: Skarmory|100\/100\n|-singleturn|p2a: Skarmory|move: Roost\n|\n|upkeep\n|turn|56\n|\n|t:|1696258368\n|move|p1a: Dragapult|Phantom Force|p2a: Skarmory|[from]lockedmove\n|-damage|p2a: Skarmory|68\/100\n|-damage|p1a: Dragapult|0 fnt|[from] item: Rocky Helmet|[of] p2a: Skarmory\n|faint|p1a: Dragapult\n|\n|win|haakloong\n","uploadtime":1696258378,"views":20,"p1id":"bugsme","p2id":"haakloong","formatid":"gen9nationaldexdoubles","rating":0,"private":0,"password":""}