{"id":"gen9nationaldexdoubles-1994414066","p1":"El Ryuk456","p2":"Ralsei Hatty","format":"[Gen 9] National Dex Doubles","log":"|j|\u2606El Ryuk456\n|j|\u2606Ralsei Hatty\n|t:|1700441212\n|gametype|doubles\n|player|p1|El Ryuk456|ingo|1388\n|player|p2|Ralsei Hatty|kieran|1331\n|teamsize|p1|6\n|teamsize|p2|6\n|gen|9\n|tier|[Gen 9] National Dex Doubles\n|rated|\n|rule|HP Percentage Mod: HP is shown in percentages\n|rule|Endless Battle Clause: Forcing endless battles is banned\n|rule|OHKO Clause: OHKO moves are banned\n|rule|Evasion Moves Clause: Evasion moves are banned\n|rule|Evasion Abilities Clause: Evasion abilities are banned\n|rule|Species Clause: Limit one of each Pok\u00e9mon\n|rule|Gravity Sleep Clause: The combination of sleep-inducing moves with imperfect accuracy and Gravity or Gigantamax Orbeetle are banned\n|clearpoke\n|poke|p1|Lucario, M|\n|poke|p1|Ogerpon, F|\n|poke|p1|Tapu Lele|\n|poke|p1|Crobat, F|\n|poke|p1|Tinkaton, F|\n|poke|p1|Luxray, M|\n|poke|p2|Regieleki|\n|poke|p2|Ninetales-Alola, M|\n|poke|p2|Arctozolt|\n|poke|p2|Arcanine-Hisui, F|\n|poke|p2|Primarina, M|\n|poke|p2|Chien-Pao|\n|teampreview\n|\n|t:|1700441234\n|start\n|switch|p1a: Tinkaton|Tinkaton, F|100\/100\n|switch|p1b: Tapu Lele|Tapu Lele, shiny|100\/100\n|switch|p2a: Nine|Ninetales-Alola, M|100\/100\n|switch|p2b: Happy|Regieleki|100\/100\n|-weather|Snow|[from] ability: Snow Warning|[of] p2a: Nine\n|-ability|p1a: Tinkaton|Mold Breaker\n|-fieldstart|move: Psychic Terrain|[from] ability: Psychic Surge|[of] p1b: Tapu Lele\n|-enditem|p1a: Tinkaton|Psychic Seed\n|-boost|p1a: Tinkaton|spd|1|[from] item: Psychic Seed\n|turn|1\n|\n|t:|1700441251\n|move|p2b: Happy|Volt Switch|p1b: Tapu Lele\n|-damage|p1b: Tapu Lele|53\/100\n|\n|t:|1700441260\n|switch|p2b: Arctozolt|Arctozolt|100\/100|[from] Volt Switch\n|move|p2a: Nine|Aurora Veil|p2a: Nine\n|-sidestart|p2: Ralsei Hatty|move: Aurora Veil\n|move|p1a: Tinkaton|Gigaton Hammer|p2a: Nine\n|-supereffective|p2a: Nine\n|-damage|p2a: Nine|0 fnt\n|faint|p2a: Nine\n|-zpower|p1b: Tapu Lele\n|move|p1b: Tapu Lele|Shattered Psyche|p2b: Arctozolt|[zeffect]\n|-damage|p2b: Arctozolt|34\/100\n|\n|-weather|Snow|[upkeep]\n|upkeep\n|\n|t:|1700441264\n|switch|p2a: ChieP|Chien-Pao|100\/100\n|-ability|p2a: ChieP|Sword of Ruin\n|turn|2\n|\n|t:|1700441282\n|switch|p1b: Luxray|Luxray, M|100\/100\n|-ability|p1b: Luxray|Intimidate|boost\n|-unboost|p2a: ChieP|atk|1\n|-unboost|p2b: Arctozolt|atk|1\n|move|p2b: Arctozolt|Stomping Tantrum|p1a: Tinkaton\n|-supereffective|p1a: Tinkaton\n|-damage|p1a: Tinkaton|67\/100\n|move|p2a: ChieP|Ice Spinner|p1b: Luxray\n|-damage|p1b: Luxray|68\/100\n|-fieldend|move: Psychic Terrain\n|move|p1a: Tinkaton|Thunder Wave|p2a: ChieP|[miss]\n|-miss|p1a: Tinkaton|p2a: ChieP\n|\n|-weather|Snow|[upkeep]\n|upkeep\n|turn|3\n|\n|t:|1700441309\n|move|p2a: ChieP|Protect|p2a: ChieP\n|-singleturn|p2a: ChieP|Protect\n|move|p1b: Luxray|Baby-Doll Eyes|p2b: Arctozolt\n|-unboost|p2b: Arctozolt|atk|1\n|move|p2b: Arctozolt|Bolt Beak|p1a: Tinkaton\n|-damage|p1a: Tinkaton|22\/100\n|move|p1a: Tinkaton|Thunder Wave|p2a: ChieP\n|-activate|p2a: ChieP|move: Protect\n|\n|-weather|Snow|[upkeep]\n|upkeep\n|turn|4\n|\n|t:|1700441325\n|move|p2b: Arctozolt|Blizzard|p1a: Tinkaton|[spread] p1a,p1b\n|-resisted|p1a: Tinkaton\n|-damage|p1a: Tinkaton|13\/100\n|-damage|p1b: Luxray|43\/100\n|move|p2a: ChieP|Sacred Sword|p1a: Tinkaton\n|-damage|p1a: Tinkaton|0 fnt\n|faint|p1a: Tinkaton\n|move|p1b: Luxray|Volt Switch|p2a: ChieP\n|-damage|p2a: ChieP|76\/100\n|\n|t:|1700441334\n|switch|p1b: Lucario|Lucario, M|100\/100|[from] Volt Switch\n|\n|-weather|Snow|[upkeep]\n|upkeep\n|\n|t:|1700441340\n|switch|p1a: Luxray|Luxray, M|43\/100\n|-ability|p1a: Luxray|Intimidate|boost\n|-unboost|p2a: ChieP|atk|1\n|-unboost|p2b: Arctozolt|atk|1\n|turn|5\n|\n|t:|1700441349\n|switch|p2b: Dogy|Arcanine-Hisui, F|100\/100\n|-ability|p2b: Dogy|Intimidate|boost\n|-unboost|p1a: Luxray|atk|1\n|-unboost|p1b: Lucario|atk|1\n|detailschange|p1b: Lucario|Lucario-Mega, M\n|-mega|p1b: Lucario|Lucario|Lucarionite\n|move|p2a: ChieP|Protect|p2a: ChieP\n|-singleturn|p2a: ChieP|Protect\n|move|p1b: Lucario|Vacuum Wave|p2b: Dogy\n|-supereffective|p2b: Dogy\n|-damage|p2b: Dogy|57\/100\n|move|p1a: Luxray|Baby-Doll Eyes|p2a: ChieP\n|-activate|p2a: ChieP|move: Protect\n|\n|-weather|Snow|[upkeep]\n|-sideend|p2: Ralsei Hatty|move: Aurora Veil\n|upkeep\n|turn|6\n|inactive|Battle timer is ON: inactive players will automatically lose when time's up. (requested by El Ryuk456)\n|\n|t:|1700441412\n|move|p1b: Lucario|Vacuum Wave|p2b: Dogy\n|-supereffective|p2b: Dogy\n|-damage|p2b: Dogy|0 fnt\n|faint|p2b: Dogy\n|move|p2a: ChieP|Sacred Sword|p1b: Lucario\n|-supereffective|p1b: Lucario\n|-damage|p1b: Lucario|52\/100\n|move|p1a: Luxray|Volt Switch|p2a: ChieP\n|-damage|p2a: ChieP|39\/100\n|\n|t:|1700441427\n|switch|p1a: Crobat|Crobat, F, shiny|100\/100|[from] Volt Switch\n|\n|-weather|Snow|[upkeep]\n|upkeep\n|\n|t:|1700441440\n|switch|p2b: Happy|Regieleki|100\/100\n|turn|7\n|\n|t:|1700441448\n|-terastallize|p1a: Crobat|Ground\n|move|p1b: Lucario|Protect|p1b: Lucario\n|-singleturn|p1b: Lucario|Protect\n|move|p2a: ChieP|Sucker Punch||[still]\n|-fail|p2a: ChieP\n|move|p2b: Happy|Electroweb|p1a: Crobat|[spread] \n|-activate|p1b: Lucario|move: Protect\n|-immune|p1a: Crobat\n|move|p1a: Crobat|Tailwind|p1a: Crobat\n|-sidestart|p1: El Ryuk456|move: Tailwind\n|\n|-weather|Snow|[upkeep]\n|upkeep\n|turn|8\n|inactive|Ralsei Hatty has 120 seconds left.\n|\n|t:|1700441486\n|move|p1a: Crobat|Brave Bird|p2a: ChieP\n|-damage|p2a: ChieP|4\/100\n|-damage|p1a: Crobat|91\/100|[from] Recoil\n|move|p1b: Lucario|Aura Sphere|p2b: Happy\n|-damage|p2b: Happy|0 fnt\n|faint|p2b: Happy\n|move|p2a: ChieP|Ice Spinner|p1a: Crobat\n|-supereffective|p1a: Crobat\n|-damage|p1a: Crobat|34\/100\n|\n|-weather|none\n|upkeep\n|\n|t:|1700441493\n|switch|p2b: Kanye West|Primarina, M|100\/100\n|turn|9\n|\n|t:|1700441504\n|-terastallize|p2b: Kanye West|Water\n|move|p1b: Lucario|Protect|p1b: Lucario\n|-singleturn|p1b: Lucario|Protect\n|move|p2a: ChieP|Protect|p2a: ChieP\n|-singleturn|p2a: ChieP|Protect\n|move|p1a: Crobat|Brave Bird|p2a: ChieP\n|-activate|p2a: ChieP|move: Protect\n|move|p2b: Kanye West|Hyper Voice|p1a: Crobat|[spread] p1a\n|-activate|p1b: Lucario|move: Protect\n|-supereffective|p1a: Crobat\n|-damage|p1a: Crobat|0 fnt\n|faint|p1a: Crobat\n|-enditem|p2b: Kanye West|Throat Spray\n|-boost|p2b: Kanye West|spa|1|[from] item: Throat Spray\n|\n|upkeep\n|\n|t:|1700441518\n|switch|p1a: Ogerpon|Ogerpon, F|100\/100\n|turn|10\n|\n|t:|1700441535\n|switch|p2b: Arctozolt|Arctozolt|34\/100\n|move|p2a: ChieP|Sucker Punch|p1a: Ogerpon\n|-damage|p1a: Ogerpon|84\/100\n|move|p1b: Lucario|Aura Sphere|p2b: Arctozolt\n|-supereffective|p2b: Arctozolt\n|-damage|p2b: Arctozolt|0 fnt\n|faint|p2b: Arctozolt\n|move|p1a: Ogerpon|Ivy Cudgel|p2a: ChieP\n|-damage|p2a: ChieP|0 fnt\n|faint|p2a: ChieP\n|\n|-sideend|p1: El Ryuk456|move: Tailwind\n|upkeep\n|\n|t:|1700441556\n|switch|p2a: Kanye West|Primarina, M, tera:Water|100\/100\n|turn|11\n|\n|t:|1700441574\n|move|p1b: Lucario|Aura Sphere|p2a: Kanye West\n|-damage|p2a: Kanye West|57\/100\n|move|p1a: Ogerpon|Ivy Cudgel|p2a: Kanye West\n|-supereffective|p2a: Kanye West\n|-damage|p2a: Kanye West|0 fnt\n|faint|p2a: Kanye West\n|\n|win|El Ryuk456\n|raw|El Ryuk456's rating: 1388 &rarr; <strong>1405<\/strong><br \/>(+17 for winning)\n|raw|Ralsei Hatty's rating: 1331 &rarr; <strong>1314<\/strong><br \/>(-17 for losing)\n|l|\u2606Ralsei Hatty\n","uploadtime":1700441588,"views":7,"p1id":"elryuk456","p2id":"ralseihatty","formatid":"gen9nationaldexdoubles","rating":1314,"private":0,"password":""}