{"id":"gen9nationaldexdoubles-1984344744","p1":"realspades","p2":"yaya_x3","format":"[Gen 9] National Dex Doubles","log":"|j|\u2606realspades\n|j|\u2606yaya_x3\n|t:|1699246833\n|gametype|doubles\n|player|p1|realspades|gambler|\n|player|p2|yaya_x3|clerkf|\n|teamsize|p1|6\n|teamsize|p2|6\n|gen|9\n|tier|[Gen 9] National Dex Doubles\n|rule|HP Percentage Mod: HP is shown in percentages\n|rule|Endless Battle Clause: Forcing endless battles is banned\n|rule|OHKO Clause: OHKO moves are banned\n|rule|Evasion Moves Clause: Evasion moves are banned\n|rule|Evasion Abilities Clause: Evasion abilities are banned\n|rule|Species Clause: Limit one of each Pok\u00e9mon\n|rule|Gravity Sleep Clause: The combination of sleep-inducing moves with imperfect accuracy and Gravity or Gigantamax Orbeetle are banned\n|clearpoke\n|poke|p1|Palafin, F|\n|poke|p1|Scizor, M|\n|poke|p1|Iron Bundle|\n|poke|p1|Armarouge, M|\n|poke|p1|Great Tusk|\n|poke|p1|Kingambit, F|\n|poke|p2|Garbodor, M|\n|poke|p2|Landorus-Therian, M|\n|poke|p2|Audino, M|\n|poke|p2|Krookodile, F|\n|poke|p2|Indeedee-F, F|\n|poke|p2|Aegislash, M|\n|teampreview\n|c|\u2606realspades|idk how this team works at all btw\n|j| decidoustree\n|c|\u2606yaya_x3|my team relize on\n|c|\u2606yaya_x3|intimidate tbh\n|c|\u2606yaya_x3|relies\n|c|\u2606yaya_x3|uh\n|c|\u2606yaya_x3|idk.how to spell that\n|c|\u2606realspades|relies yes\n|c|\u2606realspades|i think\n|c| decidoustree|realize\n|\n|t:|1699246915\n|start\n|switch|p1a: Palafin|Palafin, F|100\/100\n|switch|p1b: Great Tusk|Great Tusk|100\/100\n|switch|p2a: Indeedee|Indeedee-F, F|100\/100\n|switch|p2b: Landorus|Landorus-Therian, M|100\/100\n|-ability|p2b: Landorus|Intimidate|boost\n|-unboost|p1a: Palafin|atk|1\n|-unboost|p1b: Great Tusk|atk|1\n|turn|1\n|\n|t:|1699246951\n|switch|p2b: Audino|Audino, M|100\/100\n|move|p1a: Palafin|Protect|p1a: Palafin\n|-singleturn|p1a: Palafin|Protect\n|move|p2a: Indeedee|Calm Mind|p2a: Indeedee\n|-boost|p2a: Indeedee|spa|1\n|-boost|p2a: Indeedee|spd|1\n|move|p1b: Great Tusk|Ice Spinner|p2b: Audino\n|-damage|p2b: Audino|85\/100\n|\n|upkeep\n|turn|2\n|c|\u2606yaya_x3|strat not to mega cos\n|\n|t:|1699247001\n|move|p2a: Indeedee|Calm Mind|p2a: Indeedee\n|-boost|p2a: Indeedee|spa|1\n|-boost|p2a: Indeedee|spd|1\n|move|p1b: Great Tusk|Close Combat|p2b: Audino\n|-supereffective|p2b: Audino\n|-damage|p2b: Audino|16\/100\n|-unboost|p1b: Great Tusk|def|1\n|-unboost|p1b: Great Tusk|spd|1\n|move|p1a: Palafin|Bulk Up|p1a: Palafin\n|-boost|p1a: Palafin|atk|1\n|-boost|p1a: Palafin|def|1\n|move|p2b: Audino|Wish|p2b: Audino\n|\n|upkeep\n|turn|3\n|c|\u2606yaya_x3|regenerator\n|c|\u2606yaya_x3|ability\n|c|\u2606yaya_x3|@deci\n|c| decidoustree|yes\n|c|\u2606yaya_x3|try  not to mega right away\n|c|\u2606yaya_x3|wish+ protect\n|\n|t:|1699247071\n|-end|p1b: Great Tusk|Protosynthesis|[silent]\n|switch|p1b: Iron Bundle|Iron Bundle|100\/100\n|-enditem|p1b: Iron Bundle|Booster Energy\n|-activate|p1b: Iron Bundle|ability: Quark Drive|[fromitem]\n|-start|p1b: Iron Bundle|quarkdrivespe\n|switch|p2b: Landorus|Landorus-Therian, M|100\/100\n|-ability|p2b: Landorus|Intimidate|boost\n|-unboost|p1a: Palafin|atk|1\n|-unboost|p1b: Iron Bundle|atk|1\n|move|p2a: Indeedee|Baton Pass|p2a: Indeedee\n|\n|t:|1699247082\n|switch|p2a: Aegislash|Aegislash, M|100\/100|[from] Baton Pass\n|move|p1a: Palafin|Bulk Up|p1a: Palafin\n|-boost|p1a: Palafin|atk|1\n|-boost|p1a: Palafin|def|1\n|\n|upkeep\n|turn|4\n|\n|t:|1699247112\n|switch|p2b: Audino|Audino, M|49\/100\n|move|p1b: Iron Bundle|Hydro Pump|p2a: Aegislash|[miss]\n|-miss|p1b: Iron Bundle|p2a: Aegislash\n|move|p1a: Palafin|Drain Punch|p2b: Audino\n|-supereffective|p2b: Audino\n|-damage|p2b: Audino|23\/100\n|-formechange|p2a: Aegislash|Aegislash-Blade||[from] ability: Stance Change\n|move|p2a: Aegislash|Flash Cannon|p1b: Iron Bundle\n|-damage|p1b: Iron Bundle|0 fnt\n|faint|p1b: Iron Bundle\n|-end|p1b: Iron Bundle|Quark Drive|[silent]\n|-damage|p2a: Aegislash|91\/100|[from] item: Life Orb\n|\n|upkeep\n|\n|t:|1699247151\n|switch|p1b: Great Tusk|Great Tusk|100\/100\n|turn|5\n|c|\u2606yaya_x3|no psychic terrain ability btw cos ruins a move\n|c| decidoustree|ic...\n|\n|t:|1699247202\n|detailschange|p1a: Palafin|Palafin-Hero, F\n|switch|p1a: Armarouge|Armarouge, M|100\/100\n|switch|p2b: Krookodile|Krookodile, F|100\/100\n|-ability|p2b: Krookodile|Intimidate|boost\n|-unboost|p1a: Armarouge|atk|1\n|-unboost|p1b: Great Tusk|atk|1\n|-formechange|p2a: Aegislash|Aegislash||[from] ability: Stance Change\n|move|p2a: Aegislash|King's Shield|p2a: Aegislash\n|-singleturn|p2a: Aegislash|Protect\n|move|p1b: Great Tusk|Headlong Rush|p2a: Aegislash\n|-activate|p2a: Aegislash|move: Protect\n|-unboost|p1b: Great Tusk|atk|1\n|\n|upkeep\n|turn|6\n|c|\u2606yaya_x3|indee has Follow me + Psychic terrain does not combo\n|c|\u2606yaya_x3|terrain will block follow me\n|c| decidoustree|ohhh\n|c|\u2606yaya_x3|follow me is a big key\n|c|\u2606yaya_x3|to winning\n|\n|t:|1699247275\n|-end|p1b: Great Tusk|Protosynthesis|[silent]\n|switch|p1b: Kingambit|Kingambit, F|100\/100\n|-activate|p1b: Kingambit|ability: Supreme Overlord\n|-start|p1b: Kingambit|fallen1|[silent]\n|move|p2b: Krookodile|Knock Off|p1a: Armarouge\n|-supereffective|p1a: Armarouge\n|-damage|p1a: Armarouge|5\/100\n|-enditem|p1a: Armarouge|Life Orb|[from] move: Knock Off|[of] p2b: Krookodile\n|move|p2a: Aegislash|Autotomize|p2a: Aegislash\n|-boost|p2a: Aegislash|spe|2\n|-start|p2a: Aegislash|Autotomize\n|move|p1a: Armarouge|Trick Room|p1a: Armarouge\n|-fieldstart|move: Trick Room|[of] p1a: Armarouge\n|\n|upkeep\n|turn|7\n|c|\u2606yaya_x3|fire guy definitely will heat wave\n|c|\u2606yaya_x3|and Roach guy\n|c|\u2606yaya_x3|wl\n|c|\u2606yaya_x3|will\n|c|\u2606yaya_x3|knock off or iron head\n|\n|t:|1699247359\n|switch|p1a: Great Tusk|Great Tusk|100\/100\n|move|p2a: Aegislash|King's Shield|p2a: Aegislash\n|-singleturn|p2a: Aegislash|Protect\n|move|p1b: Kingambit|Swords Dance|p1b: Kingambit\n|-boost|p1b: Kingambit|atk|2\n|move|p2b: Krookodile|Earthquake|p1a: Great Tusk|[spread] p1a,p1b\n|-activate|p2a: Aegislash|move: Protect\n|-supereffective|p1b: Kingambit\n|-damage|p1a: Great Tusk|71\/100\n|-damage|p1b: Kingambit|45\/100\n|\n|upkeep\n|turn|8\n|c|\u2606yaya_x3|mhm\n|\n|t:|1699247428\n|switch|p2b: Indeedee|Indeedee-F, F|100\/100\n|switch|p2a: Landorus|Landorus-Therian, M|100\/100\n|-ability|p2a: Landorus|Intimidate|boost\n|-unboost|p1a: Great Tusk|atk|1\n|-unboost|p1b: Kingambit|atk|1\n|move|p1b: Kingambit|Kowtow Cleave|p2a: Landorus\n|-damage|p2a: Landorus|0 fnt\n|faint|p2a: Landorus\n|move|p1a: Great Tusk|Ice Spinner|p2b: Indeedee\n|-damage|p2b: Indeedee|73\/100\n|\n|-heal|p2b: Indeedee|79\/100|[from] item: Leftovers\n|upkeep\n|\n|t:|1699247446\n|switch|p2a: Krookodile|Krookodile, F|100\/100\n|-ability|p2a: Krookodile|Intimidate|boost\n|-unboost|p1a: Great Tusk|atk|1\n|-unboost|p1b: Kingambit|atk|1\n|turn|9\n|\n|t:|1699247469\n|switch|p2b: Audino|Audino, M|56\/100\n|move|p1b: Kingambit|Kowtow Cleave|p2b: Audino\n|-damage|p2b: Audino|0 fnt\n|faint|p2b: Audino\n|move|p2a: Krookodile|Bulk Up|p2a: Krookodile\n|-boost|p2a: Krookodile|atk|1\n|-boost|p2a: Krookodile|def|1\n|move|p1a: Great Tusk|Close Combat|p2a: Krookodile\n|-supereffective|p2a: Krookodile\n|-damage|p2a: Krookodile|64\/100\n|-unboost|p1a: Great Tusk|def|1\n|-unboost|p1a: Great Tusk|spd|1\n|\n|-heal|p2a: Krookodile|70\/100|[from] item: Leftovers\n|upkeep\n|\n|t:|1699247496\n|switch|p2b: Garbodor|Garbodor, M|100\/100\n|-item|p2b: Garbodor|Air Balloon\n|turn|10\n|\n|t:|1699247521\n|-end|p1a: Great Tusk|Protosynthesis|[silent]\n|switch|p1a: Scizor|Scizor, M|100\/100\n|move|p1b: Kingambit|Protect|p1b: Kingambit\n|-singleturn|p1b: Kingambit|Protect\n|move|p2b: Garbodor|Protect|p2b: Garbodor\n|-singleturn|p2b: Garbodor|Protect\n|move|p2a: Krookodile|Protect||[still]\n|-fail|p2a: Krookodile\n|\n|-heal|p2a: Krookodile|76\/100|[from] item: Leftovers\n|-fieldend|move: Trick Room\n|upkeep\n|turn|11\n|\n|t:|1699247554\n|-end|p1b: Kingambit|fallen1|[silent]\n|switch|p1b: Great Tusk|Great Tusk|71\/100\n|detailschange|p1a: Scizor|Scizor-Mega, M\n|-mega|p1a: Scizor|Scizor|Scizorite\n|move|p2a: Krookodile|Earthquake|p1a: Scizor|[spread] p1a,p1b\n|-immune|p2b: Garbodor\n|-damage|p1a: Scizor|64\/100\n|-damage|p1b: Great Tusk|29\/100\n|move|p2b: Garbodor|Toxic Spikes|p1a: Scizor\n|-sidestart|p1: realspades|move: Toxic Spikes\n|move|p1a: Scizor|Swords Dance|p1a: Scizor\n|-boost|p1a: Scizor|atk|2\n|\n|-heal|p2a: Krookodile|82\/100|[from] item: Leftovers\n|upkeep\n|turn|12\n|\n|t:|1699247594\n|-end|p1b: Great Tusk|Protosynthesis|[silent]\n|switch|p1b: Armarouge|Armarouge, M|5\/100\n|-status|p1b: Armarouge|psn\n|move|p2b: Garbodor|Protect|p2b: Garbodor\n|-singleturn|p2b: Garbodor|Protect\n|move|p1a: Scizor|Bullet Punch|p2a: Krookodile\n|-damage|p2a: Krookodile|43\/100\n|move|p2a: Krookodile|Earthquake|p1b: Armarouge|[spread] p1a,p1b\n|-activate|p2b: Garbodor|move: Protect\n|-supereffective|p1b: Armarouge\n|-damage|p1a: Scizor|28\/100\n|-damage|p1b: Armarouge|0 fnt\n|faint|p1b: Armarouge\n|\n|-heal|p2a: Krookodile|49\/100|[from] item: Leftovers\n|upkeep\n|\n|t:|1699247606\n|switch|p1b: Palafin|Palafin-Hero, F|100\/100\n|-status|p1b: Palafin|psn\n|-activate|p1b: Palafin|ability: Zero to Hero\n|turn|13\n|\n|t:|1699247618\n|move|p2a: Krookodile|Protect|p2a: Krookodile\n|-singleturn|p2a: Krookodile|Protect\n|move|p1b: Palafin|Bulk Up|p1b: Palafin\n|-boost|p1b: Palafin|atk|1\n|-boost|p1b: Palafin|def|1\n|move|p2b: Garbodor|Infestation|p1b: Palafin\n|-damage|p1b: Palafin|98\/100 psn\n|-activate|p1b: Palafin|move: Infestation|[of] p2b: Garbodor\n|move|p1a: Scizor|Roost|p1a: Scizor\n|-heal|p1a: Scizor|78\/100\n|-singleturn|p1a: Scizor|move: Roost\n|\n|-heal|p1b: Palafin|100\/100 psn|[from] item: Leftovers\n|-heal|p2a: Krookodile|55\/100|[from] item: Leftovers\n|-damage|p1b: Palafin|88\/100 psn|[from] psn\n|-damage|p1b: Palafin|76\/100 psn|[from] move: Infestation|[partiallytrapped]\n|upkeep\n|turn|14\n|\n|t:|1699247658\n|switch|p2a: Aegislash|Aegislash, M|91\/100\n|move|p1b: Palafin|Drain Punch|p2a: Aegislash\n|-immune|p2a: Aegislash\n|move|p2b: Garbodor|Infestation|p1a: Scizor\n|-resisted|p1a: Scizor\n|-damage|p1a: Scizor|77\/100\n|-activate|p1a: Scizor|move: Infestation|[of] p2b: Garbodor\n|move|p1a: Scizor|U-turn|p2a: Aegislash\n|-resisted|p2a: Aegislash\n|-damage|p2a: Aegislash|75\/100\n|\n|t:|1699247670\n|switch|p1a: Kingambit|Kingambit, F|45\/100|[from] U-turn\n|-activate|p1a: Kingambit|ability: Supreme Overlord\n|-start|p1a: Kingambit|fallen2|[silent]\n|\n|-heal|p1b: Palafin|82\/100 psn|[from] item: Leftovers\n|-damage|p1b: Palafin|70\/100 psn|[from] psn\n|-damage|p1b: Palafin|57\/100 psn|[from] move: Infestation|[partiallytrapped]\n|upkeep\n|turn|15\n|\n|t:|1699247707\n|move|p2b: Garbodor|Protect|p2b: Garbodor\n|-singleturn|p2b: Garbodor|Protect\n|move|p1a: Kingambit|Sucker Punch|p2a: Aegislash\n|-supereffective|p2a: Aegislash\n|-damage|p2a: Aegislash|0 fnt\n|faint|p2a: Aegislash\n|move|p1b: Palafin|Drain Punch|p2b: Garbodor\n|-activate|p2b: Garbodor|move: Protect\n|\n|-heal|p1b: Palafin|63\/100 psn|[from] item: Leftovers\n|-damage|p1b: Palafin|51\/100 psn|[from] psn\n|-damage|p1b: Palafin|39\/100 psn|[from] move: Infestation|[partiallytrapped]\n|upkeep\n|\n|t:|1699247722\n|switch|p2a: Krookodile|Krookodile, F|55\/100\n|-ability|p2a: Krookodile|Intimidate|boost\n|-unboost|p1a: Kingambit|atk|1\n|-unboost|p1b: Palafin|atk|1\n|turn|16\n|c|\u2606yaya_x3|kambit good\n|c|\u2606yaya_x3|pow\n|c|\u2606realspades|yus\n|\n|t:|1699247762\n|switch|p2a: Indeedee|Indeedee-F, F|79\/100\n|move|p1b: Palafin|Jet Punch|p2a: Indeedee\n|-damage|p2a: Indeedee|27\/100\n|move|p1a: Kingambit|Sucker Punch||[still]\n|-fail|p1a: Kingambit\n|move|p2b: Garbodor|Toxic Spikes|p1b: Palafin\n|-sidestart|p1: realspades|move: Toxic Spikes\n|\n|-heal|p2a: Indeedee|33\/100|[from] item: Leftovers\n|-heal|p1b: Palafin|45\/100 psn|[from] item: Leftovers\n|-damage|p1b: Palafin|32\/100 psn|[from] psn\n|-damage|p1b: Palafin|20\/100 psn|[from] move: Infestation|[partiallytrapped]\n|upkeep\n|turn|17\n|\n|t:|1699247787\n|switch|p2a: Krookodile|Krookodile, F|55\/100\n|-ability|p2a: Krookodile|Intimidate|boost\n|-unboost|p1a: Kingambit|atk|1\n|-unboost|p1b: Palafin|atk|1\n|move|p1b: Palafin|Drain Punch|p2a: Krookodile\n|-supereffective|p2a: Krookodile\n|-damage|p2a: Krookodile|19\/100\n|-heal|p1b: Palafin|35\/100 psn|[from] drain|[of] p2a: Krookodile\n|move|p2b: Garbodor|Infestation|p1a: Kingambit\n|-damage|p1a: Kingambit|42\/100\n|-activate|p1a: Kingambit|move: Infestation|[of] p2b: Garbodor\n|move|p1a: Kingambit|Kowtow Cleave|p2b: Garbodor\n|-damage|p2b: Garbodor|60\/100\n|-ability|p2b: Garbodor|Weak Armor|boost\n|-unboost|p2b: Garbodor|def|1\n|-boost|p2b: Garbodor|spe|2\n|-enditem|p2b: Garbodor|Air Balloon\n|\n|-heal|p1b: Palafin|41\/100 psn|[from] item: Leftovers\n|-heal|p2a: Krookodile|25\/100|[from] item: Leftovers\n|-damage|p1b: Palafin|28\/100 psn|[from] psn\n|-end|p1b: Palafin|Infestation|[partiallytrapped]\n|-damage|p1a: Kingambit|29\/100|[from] move: Infestation|[partiallytrapped]\n|upkeep\n|turn|18\n|\n|t:|1699247815\n|move|p2b: Garbodor|Protect|p2b: Garbodor\n|-singleturn|p2b: Garbodor|Protect\n|move|p2a: Krookodile|Protect|p2a: Krookodile\n|-singleturn|p2a: Krookodile|Protect\n|move|p1b: Palafin|Jet Punch|p2a: Krookodile\n|-activate|p2a: Krookodile|move: Protect\n|move|p1a: Kingambit|Sucker Punch||[still]\n|-fail|p1a: Kingambit\n|\n|-heal|p1b: Palafin|35\/100 psn|[from] item: Leftovers\n|-heal|p2a: Krookodile|31\/100|[from] item: Leftovers\n|-damage|p1b: Palafin|22\/100 psn|[from] psn\n|-damage|p1a: Kingambit|17\/100|[from] move: Infestation|[partiallytrapped]\n|upkeep\n|turn|19\n|\n|t:|1699247845\n|move|p2b: Garbodor|Toxic Spikes||[still]\n|-fail|p2b: Garbodor\n|move|p1b: Palafin|Drain Punch|p2a: Krookodile\n|-supereffective|p2a: Krookodile\n|-damage|p2a: Krookodile|0 fnt\n|-heal|p1b: Palafin|35\/100 psn|[from] drain|[of] p2a: Krookodile\n|faint|p2a: Krookodile\n|move|p1a: Kingambit|Kowtow Cleave|p2b: Garbodor\n|-crit|p2b: Garbodor\n|-damage|p2b: Garbodor|0 fnt\n|faint|p2b: Garbodor\n|\n|-heal|p1b: Palafin|41\/100 psn|[from] item: Leftovers\n|-damage|p1b: Palafin|29\/100 psn|[from] psn\n|-end|p1a: Kingambit|Infestation|[partiallytrapped]|[silent]\n|upkeep\n|c|\u2606yaya_x3|ugh i failed\n|c|\u2606realspades|rip\n|\n|t:|1699247863\n|switch|p2b: Indeedee|Indeedee-F, F|33\/100\n|turn|20\n|\n|t:|1699247871\n|move|p1b: Palafin|Jet Punch|p2b: Indeedee\n|-damage|p2b: Indeedee|0 fnt\n|faint|p2b: Indeedee\n|\n|win|realspades\n|c|\u2606yaya_x3|gg ty for battlez\n|c|\u2606realspades|was close tho\n|c|\u2606realspades|aegislash scaryy\n|c|\u2606realspades|ggs wp\n|c| decidoustree|ggs\n|l|\u2606yaya_x3\n|c|\u2606realspades|nice team tbh\n|l|\u2606realspades\n|c| decidoustree|hmm\n|c| decidoustree|ty !\n","uploadtime":1699248633,"views":26,"p1id":"realspades","p2id":"yayax3","formatid":"gen9nationaldexdoubles","rating":0,"private":0,"password":""}