{"id":"gen9nationaldexdoubles-1950894683","p1":"Killette2","p2":"Beecomb","format":"[Gen 9] National Dex Doubles","log":"|j|\u2606Killette2\n|j|\u2606Beecomb\n|t:|1695516930\n|gametype|doubles\n|player|p1|Killette2|bruno|1248\n|player|p2|Beecomb|170|1131\n|teamsize|p1|6\n|teamsize|p2|6\n|gen|9\n|tier|[Gen 9] National Dex Doubles\n|rated|\n|rule|HP Percentage Mod: HP is shown in percentages\n|rule|Endless Battle Clause: Forcing endless battles is banned\n|rule|OHKO Clause: OHKO moves are banned\n|rule|Evasion Moves Clause: Evasion moves are banned\n|rule|Evasion Abilities Clause: Evasion abilities are banned\n|rule|Species Clause: Limit one of each Pok\u00e9mon\n|rule|Gravity Sleep Clause: The combination of sleep-inducing moves with imperfect accuracy and Gravity or Gigantamax Orbeetle are banned\n|clearpoke\n|poke|p1|Shuckle, L99, F|\n|poke|p1|Blissey, F|\n|poke|p1|Grimmsnarl, M|\n|poke|p1|Cofagrigus, L99, M|\n|poke|p1|Hatterene, L99, F|\n|poke|p1|Rillaboom, M|\n|poke|p2|Volcarona, F|\n|poke|p2|Oricorio-Sensu, M|\n|poke|p2|Kilowattrel, F|\n|poke|p2|Fezandipiti, M|\n|poke|p2|Sinistcha|\n|poke|p2|Ogerpon-Cornerstone, F|\n|teampreview\n|\n|t:|1695516949\n|start\n|switch|p1a: Krampus|Grimmsnarl, M|100\/100\n|switch|p1b: Hatmemey|Hatterene, L99, F|100\/100\n|switch|p2a: Fezandipiti|Fezandipiti, M|100\/100\n|switch|p2b: Sinistcha|Sinistcha|100\/100\n|turn|1\n|\n|t:|1695516970\n|switch|p2b: Ogerpon|Ogerpon-Cornerstone, F|100\/100\n|move|p1a: Krampus|Fake Out|p2a: Fezandipiti\n|-damage|p2a: Fezandipiti|88\/100\n|cant|p2a: Fezandipiti|flinch\n|move|p1b: Hatmemey|Trick Room|p1b: Hatmemey\n|-fieldstart|move: Trick Room|[of] p1b: Hatmemey\n|\n|upkeep\n|turn|2\n|\n|t:|1695516995\n|move|p1a: Krampus|Light Screen|p1a: Krampus\n|-sidestart|p1: Killette2|move: Light Screen\n|move|p1b: Hatmemey|Skill Swap|p2a: Fezandipiti\n|-activate|p1b: Hatmemey|move: Skill Swap|Toxic Chain|Magic Bounce|[of] p2a: Fezandipiti\n|move|p2a: Fezandipiti|Dazzling Gleam|p1a: Krampus|[spread] p1a,p1b\n|-supereffective|p1a: Krampus\n|-damage|p1a: Krampus|68\/100\n|-damage|p1b: Hatmemey|89\/100\n|move|p2b: Ogerpon|Horn Leech|p1a: Krampus\n|-damage|p1a: Krampus|30\/100\n|\n|upkeep\n|turn|3\n|\n|t:|1695517018\n|move|p1a: Krampus|Reflect|p1a: Krampus\n|-sidestart|p1: Killette2|Reflect\n|move|p1b: Hatmemey|Mystical Fire|p2b: Ogerpon\n|-damage|p2b: Ogerpon|76\/100\n|-unboost|p2b: Ogerpon|spa|1\n|move|p2a: Fezandipiti|Dazzling Gleam|p1b: Hatmemey|[spread] p1a,p1b\n|-supereffective|p1a: Krampus\n|-damage|p1a: Krampus|0 fnt\n|-damage|p1b: Hatmemey|78\/100\n|faint|p1a: Krampus\n|move|p2b: Ogerpon|Ivy Cudgel|p1b: Hatmemey\n|-damage|p1b: Hatmemey|24\/100\n|\n|upkeep\n|\n|t:|1695517023\n|switch|p1a: Ancient Evil|Cofagrigus, L99, M|100\/100\n|turn|4\n|\n|t:|1695517055\n|switch|p1a: 1ManArmy|Blissey, F|100\/100\n|move|p1b: Hatmemey|Skill Swap|p1a: 1ManArmy\n|-activate|p1b: Hatmemey|move: Skill Swap|||[of] p1a: 1ManArmy\n|move|p2a: Fezandipiti|Icy Wind|p1b: Hatmemey|[spread] p1a,p1b\n|-damage|p1a: 1ManArmy|98\/100\n|-damage|p1b: Hatmemey|19\/100\n|-unboost|p1a: 1ManArmy|spe|1\n|-unboost|p1b: Hatmemey|spe|1\n|move|p2b: Ogerpon|U-turn|p1b: Hatmemey\n|-damage|p1b: Hatmemey|0 fnt\n|faint|p1b: Hatmemey\n|\n|t:|1695517072\n|switch|p2b: Kilowattrel|Kilowattrel, F|100\/100|[from] U-turn\n|\n|-heal|p1a: 1ManArmy|100\/100|[from] item: Leftovers\n|upkeep\n|\n|t:|1695517081\n|switch|p1b: Ancient Evil|Cofagrigus, L99, M|100\/100\n|turn|5\n|\n|t:|1695517105\n|move|p1b: Ancient Evil|Guard Split|p1a: 1ManArmy\n|-activate|p1b: Ancient Evil|move: Guard Split|[of] p1a: 1ManArmy\n|move|p1a: 1ManArmy|Charge Beam|p2b: Kilowattrel\n|-immune|p2b: Kilowattrel|[from] ability: Volt Absorb\n|move|p2a: Fezandipiti|Icy Wind|p1a: 1ManArmy|[spread] p1a,p1b\n|-damage|p1a: 1ManArmy|97\/100\n|-damage|p1b: Ancient Evil|93\/100\n|-unboost|p1a: 1ManArmy|spe|1\n|-unboost|p1b: Ancient Evil|spe|1\n|move|p2b: Kilowattrel|Tailwind|p2b: Kilowattrel\n|-sidestart|p2: Beecomb|move: Tailwind\n|\n|-heal|p1a: 1ManArmy|100\/100|[from] item: Leftovers\n|-fieldend|move: Trick Room\n|upkeep\n|turn|6\n|\n|t:|1695517134\n|switch|p2a: Ogerpon|Ogerpon-Cornerstone, F|76\/100\n|move|p2b: Kilowattrel|Air Cutter|p1a: 1ManArmy|[spread] p1a,p1b\n|-damage|p1a: 1ManArmy|95\/100\n|-damage|p1b: Ancient Evil|78\/100\n|move|p1a: 1ManArmy|Charge Beam|p2a: Ogerpon\n|-resisted|p2a: Ogerpon\n|-damage|p2a: Ogerpon|68\/100\n|-boost|p1a: 1ManArmy|spa|1\n|-status|p2a: Ogerpon|tox|[from] ability: Toxic Chain|[of] p1a: 1ManArmy\n|move|p1b: Ancient Evil|Trick Room|p1b: Ancient Evil\n|-fieldstart|move: Trick Room|[of] p1b: Ancient Evil\n|\n|-heal|p1a: 1ManArmy|100\/100|[from] item: Leftovers\n|-damage|p2a: Ogerpon|62\/100 tox|[from] psn\n|upkeep\n|turn|7\n|\n|t:|1695517175\n|switch|p1b: Sweeper|Shuckle, L99, F|100\/100\n|move|p1a: 1ManArmy|Echoed Voice|p2b: Kilowattrel\n|-damage|p2b: Kilowattrel|53\/100\n|move|p2a: Ogerpon|U-turn|p1b: Sweeper\n|-damage|p1b: Sweeper|90\/100\n|\n|t:|1695517184\n|switch|p2a: Volcarona|Volcarona, F, shiny|100\/100|[from] U-turn\n|move|p2b: Kilowattrel|Thunderbolt|p1a: 1ManArmy\n|-damage|p1a: 1ManArmy|90\/100\n|-status|p1a: 1ManArmy|par\n|\n|-heal|p1a: 1ManArmy|96\/100 par|[from] item: Leftovers\n|upkeep\n|turn|8\n|\n|t:|1695517202\n|switch|p2b: Oricorio|Oricorio-Sensu, M|100\/100\n|-terastallize|p2a: Volcarona|Water\n|move|p1b: Sweeper|Acupressure|p1a: 1ManArmy\n|-boost|p1a: 1ManArmy|atk|2\n|move|p1a: 1ManArmy|Echoed Voice|p2a: Volcarona\n|-damage|p2a: Volcarona|49\/100\n|move|p2a: Volcarona|Fiery Dance|p1b: Sweeper\n|-damage|p1b: Sweeper|70\/100\n|-activate|p2b: Oricorio|ability: Dancer\n|move|p2b: Oricorio|Fiery Dance|p1b: Sweeper|[from]ability: Dancer\n|-damage|p1b: Sweeper|58\/100\n|\n|-heal|p1a: 1ManArmy|100\/100 par|[from] item: Leftovers\n|-sideend|p2: Beecomb|move: Tailwind\n|upkeep\n|turn|9\n|\n|t:|1695517242\n|switch|p2b: Sinistcha|Sinistcha|100\/100\n|-heal|p2a: Volcarona|74\/100|[from] ability: Hospitality|[of] p2b: Sinistcha\n|move|p1b: Sweeper|Acupressure|p1a: 1ManArmy\n|-boost|p1a: 1ManArmy|spe|2\n|move|p1a: 1ManArmy|Echoed Voice|p2a: Volcarona\n|-damage|p2a: Volcarona|0 fnt\n|faint|p2a: Volcarona\n|\n|-sideend|p1: Killette2|move: Light Screen\n|upkeep\n|\n|t:|1695517260\n|switch|p2a: Ogerpon|Ogerpon-Cornerstone, F|62\/100 tox\n|turn|10\n|\n|t:|1695517270\n|move|p2b: Sinistcha|Protect|p2b: Sinistcha\n|-singleturn|p2b: Sinistcha|Protect\n|move|p2a: Ogerpon|Protect|p2a: Ogerpon\n|-singleturn|p2a: Ogerpon|Protect\n|move|p1b: Sweeper|Guard Split|p1a: 1ManArmy\n|-activate|p1b: Sweeper|move: Guard Split|[of] p1a: 1ManArmy\n|cant|p1a: 1ManArmy|par\n|\n|-damage|p2a: Ogerpon|56\/100 tox|[from] psn\n|-sideend|p1: Killette2|Reflect\n|-fieldend|move: Trick Room\n|upkeep\n|turn|11\n|\n|t:|1695517289\n|move|p2a: Ogerpon|Horn Leech|p1a: 1ManArmy\n|-damage|p1a: 1ManArmy|86\/100 par\n|-heal|p2a: Ogerpon|73\/100 tox|[from] drain|[of] p1a: 1ManArmy\n|move|p2b: Sinistcha|Matcha Gotcha|p1b: Sweeper|[spread] p1a,p1b\n|-damage|p1a: 1ManArmy|77\/100 par\n|-damage|p1b: Sweeper|33\/100\n|move|p1a: 1ManArmy|Charge Beam|p2b: Sinistcha\n|-resisted|p2b: Sinistcha\n|-damage|p2b: Sinistcha|86\/100\n|move|p1b: Sweeper|Acupressure|p1a: 1ManArmy\n|-boost|p1a: 1ManArmy|atk|2\n|\n|-heal|p1a: 1ManArmy|83\/100 par|[from] item: Leftovers\n|-damage|p2a: Ogerpon|61\/100 tox|[from] psn\n|upkeep\n|turn|12\n|\n|t:|1695517342\n|switch|p1b: Rillaboom|Rillaboom, M|100\/100\n|-fieldstart|move: Grassy Terrain|[from] ability: Grassy Surge|[of] p1b: Rillaboom\n|move|p2a: Ogerpon|Ivy Cudgel|p1b: Rillaboom\n|-damage|p1b: Rillaboom|44\/100\n|move|p2b: Sinistcha|Matcha Gotcha|p1a: 1ManArmy|[spread] p1a,p1b\n|-resisted|p1b: Rillaboom\n|-damage|p1a: 1ManArmy|71\/100 par\n|-heal|p2b: Sinistcha|99\/100|[from] drain|[of] p1a: 1ManArmy\n|-damage|p1b: Rillaboom|29\/100\n|-heal|p2b: Sinistcha|100\/100|[from] drain|[of] p1b: Rillaboom\n|-enditem|p1b: Rillaboom|Maranga Berry|[eat]\n|-boost|p1b: Rillaboom|spd|1|[from] item: Maranga Berry\n|move|p1a: 1ManArmy|Mimic|p2b: Sinistcha\n|-start|p1a: 1ManArmy|Mimic|Matcha Gotcha\n|\n|-heal|p2a: Ogerpon|67\/100 tox|[from] Grassy Terrain\n|-heal|p1b: Rillaboom|36\/100|[from] Grassy Terrain\n|-heal|p1a: 1ManArmy|77\/100 par|[from] Grassy Terrain\n|-heal|p1a: 1ManArmy|84\/100 par|[from] item: Leftovers\n|-damage|p2a: Ogerpon|49\/100 tox|[from] psn\n|upkeep\n|turn|13\n|\n|t:|1695517378\n|move|p1b: Rillaboom|Grassy Glide|p2a: Ogerpon\n|-damage|p2a: Ogerpon|13\/100 tox\n|move|p2a: Ogerpon|U-turn|p1b: Rillaboom\n|-supereffective|p1b: Rillaboom\n|-damage|p1b: Rillaboom|0 fnt\n|faint|p1b: Rillaboom\n|\n|t:|1695517394\n|switch|p2a: Fezandipiti|Fezandipiti, M|88\/100|[from] U-turn\n|move|p2b: Sinistcha|Strength Sap|p1a: 1ManArmy\n|-unboost|p1a: 1ManArmy|atk|1\n|move|p1a: 1ManArmy|Charge Beam|p2b: Sinistcha|[miss]\n|-miss|p1a: 1ManArmy|p2b: Sinistcha\n|\n|-heal|p2a: Fezandipiti|94\/100|[from] Grassy Terrain\n|-heal|p1a: 1ManArmy|90\/100 par|[from] Grassy Terrain\n|-heal|p1a: 1ManArmy|96\/100 par|[from] item: Leftovers\n|upkeep\n|\n|t:|1695517396\n|switch|p1b: Ancient Evil|Cofagrigus, L99, M|78\/100\n|turn|14\n|inactive|Battle timer is ON: inactive players will automatically lose when time's up. (requested by Killette2)\n|\n|t:|1695517432\n|move|p2a: Fezandipiti|Dazzling Gleam|p1a: 1ManArmy|[spread] p1a,p1b\n|-damage|p1a: 1ManArmy|89\/100 par\n|-damage|p1b: Ancient Evil|53\/100\n|move|p2b: Sinistcha|Shadow Ball|p1b: Ancient Evil\n|-supereffective|p1b: Ancient Evil\n|-damage|p1b: Ancient Evil|0 fnt\n|faint|p1b: Ancient Evil\n|move|p1a: 1ManArmy|Charge Beam|p2b: Sinistcha\n|-resisted|p2b: Sinistcha\n|-damage|p2b: Sinistcha|87\/100\n|\n|-heal|p2a: Fezandipiti|99\/100|[from] Grassy Terrain\n|-heal|p2b: Sinistcha|93\/100|[from] Grassy Terrain\n|-heal|p1a: 1ManArmy|96\/100 par|[from] Grassy Terrain\n|-heal|p1a: 1ManArmy|100\/100 par|[from] item: Leftovers\n|upkeep\n|\n|t:|1695517436\n|switch|p1b: Sweeper|Shuckle, L99, F|33\/100\n|turn|15\n|\n|t:|1695517453\n|switch|p2b: Kilowattrel|Kilowattrel, F|53\/100\n|move|p2a: Fezandipiti|Icy Wind|p1a: 1ManArmy|[spread] p1a,p1b\n|-damage|p1a: 1ManArmy|97\/100 par\n|-damage|p1b: Sweeper|26\/100\n|-unboost|p1a: 1ManArmy|spe|1\n|-unboost|p1b: Sweeper|spe|1\n|cant|p1a: 1ManArmy|par\n|move|p1b: Sweeper|Guard Split|p1a: 1ManArmy\n|-activate|p1b: Sweeper|move: Guard Split|[of] p1a: 1ManArmy\n|\n|-heal|p2a: Fezandipiti|100\/100|[from] Grassy Terrain\n|-heal|p1a: 1ManArmy|100\/100 par|[from] Grassy Terrain\n|-heal|p1b: Sweeper|32\/100|[from] Grassy Terrain\n|upkeep\n|turn|16\n|\n|t:|1695517473\n|move|p2b: Kilowattrel|Tailwind|p2b: Kilowattrel\n|-sidestart|p2: Beecomb|move: Tailwind\n|move|p2a: Fezandipiti|Icy Wind|p1b: Sweeper|[spread] p1a,p1b\n|-damage|p1a: 1ManArmy|98\/100 par\n|-damage|p1b: Sweeper|24\/100\n|-unboost|p1a: 1ManArmy|spe|1\n|-unboost|p1b: Sweeper|spe|1\n|cant|p1a: 1ManArmy|par\n|move|p1b: Sweeper|Acupressure|p1a: 1ManArmy\n|-boost|p1a: 1ManArmy|spe|2\n|\n|-heal|p1a: 1ManArmy|100\/100 par|[from] Grassy Terrain\n|-heal|p1b: Sweeper|30\/100|[from] Grassy Terrain\n|-fieldend|move: Grassy Terrain\n|upkeep\n|turn|17\n|\n|t:|1695517493\n|move|p2b: Kilowattrel|Air Cutter|p1a: 1ManArmy|[spread] p1a,p1b\n|-crit|p1a: 1ManArmy\n|-crit|p1b: Sweeper\n|-damage|p1a: 1ManArmy|93\/100 par\n|-damage|p1b: Sweeper|9\/100\n|move|p2a: Fezandipiti|Icy Wind|p1a: 1ManArmy|[spread] p1a,p1b\n|-crit|p1b: Sweeper\n|-damage|p1a: 1ManArmy|89\/100 par\n|-damage|p1b: Sweeper|0 fnt\n|-unboost|p1a: 1ManArmy|spe|1\n|faint|p1b: Sweeper\n|move|p1a: 1ManArmy|Charge Beam|p2a: Fezandipiti\n|-damage|p2a: Fezandipiti|83\/100\n|-boost|p1a: 1ManArmy|spa|1\n|\n|-heal|p1a: 1ManArmy|95\/100 par|[from] item: Leftovers\n|upkeep\n|turn|18\n|inactive|Killette2 has 120 seconds left.\n|\n|t:|1695517538\n|switch|p2b: Sinistcha|Sinistcha|93\/100\n|-heal|p2a: Fezandipiti|100\/100|[from] ability: Hospitality|[of] p2b: Sinistcha\n|switch|p2a: Ogerpon|Ogerpon-Cornerstone, F|13\/100 tox\n|cant|p1a: 1ManArmy|par\n|\n|-heal|p1a: 1ManArmy|100\/100 par|[from] item: Leftovers\n|-damage|p2a: Ogerpon|7\/100 tox|[from] psn\n|upkeep\n|turn|19\n|inactive|Beecomb has 120 seconds left.\n|\n|t:|1695517573\n|switch|p2b: Kilowattrel|Kilowattrel, F|53\/100\n|move|p2a: Ogerpon|Ivy Cudgel|p1a: 1ManArmy\n|-damage|p1a: 1ManArmy|85\/100 par\n|move|p1a: 1ManArmy|Matcha Gotcha|p2a: Ogerpon|[spread] p2a,p2b\n|-resisted|p2b: Kilowattrel\n|-damage|p2a: Ogerpon|0 fnt\n|-heal|p1a: 1ManArmy|87\/100 par|[from] drain|[of] p2a: Ogerpon\n|-damage|p2b: Kilowattrel|21\/100\n|-heal|p1a: 1ManArmy|94\/100 par|[from] drain|[of] p2b: Kilowattrel\n|faint|p2a: Ogerpon\n|\n|-heal|p1a: 1ManArmy|99\/100 par|[from] item: Leftovers\n|-sideend|p2: Beecomb|move: Tailwind\n|upkeep\n|inactive|Beecomb has 120 seconds left.\n|\n|t:|1695517587\n|switch|p2a: Sinistcha|Sinistcha|93\/100\n|-heal|p2b: Kilowattrel|46\/100|[from] ability: Hospitality|[of] p2a: Sinistcha\n|turn|20\n|\n|t:|1695517600\n|move|p2b: Kilowattrel|Protect|p2b: Kilowattrel\n|-singleturn|p2b: Kilowattrel|Protect\n|move|p2a: Sinistcha|Strength Sap|p1a: 1ManArmy\n|-unboost|p1a: 1ManArmy|atk|1\n|-heal|p2a: Sinistcha|100\/100\n|cant|p1a: 1ManArmy|par\n|\n|-heal|p1a: 1ManArmy|100\/100 par|[from] item: Leftovers\n|upkeep\n|turn|21\n|inactive|Beecomb has 120 seconds left.\n|\n|t:|1695517644\n|switch|p2a: Oricorio|Oricorio-Sensu, M|100\/100\n|move|p2b: Kilowattrel|Thunderbolt|p1a: 1ManArmy\n|-damage|p1a: 1ManArmy|89\/100 par\n|move|p1a: 1ManArmy|Echoed Voice|p2b: Kilowattrel\n|-crit|p2b: Kilowattrel\n|-damage|p2b: Kilowattrel|0 fnt\n|faint|p2b: Kilowattrel\n|\n|-heal|p1a: 1ManArmy|95\/100 par|[from] item: Leftovers\n|upkeep\n|\n|t:|1695517654\n|switch|p2b: Sinistcha|Sinistcha|100\/100\n|turn|22\n|inactive|Killette2 has 120 seconds left.\n|inactive|Beecomb has 120 seconds left.\n|\n|t:|1695517699\n|move|p2a: Oricorio|Quiver Dance|p2a: Oricorio\n|-boost|p2a: Oricorio|spa|1\n|-boost|p2a: Oricorio|spd|1\n|-boost|p2a: Oricorio|spe|1\n|move|p2b: Sinistcha|Matcha Gotcha|p1a: 1ManArmy\n|-damage|p1a: 1ManArmy|84\/100 par\n|cant|p1a: 1ManArmy|par\n|\n|-heal|p1a: 1ManArmy|90\/100 par|[from] item: Leftovers\n|upkeep\n|turn|23\n|\n|t:|1695517714\n|move|p2a: Oricorio|Quiver Dance|p2a: Oricorio\n|-boost|p2a: Oricorio|spa|1\n|-boost|p2a: Oricorio|spd|1\n|-boost|p2a: Oricorio|spe|1\n|move|p2b: Sinistcha|Shadow Ball|p1a: 1ManArmy\n|-immune|p1a: 1ManArmy\n|cant|p1a: 1ManArmy|par\n|\n|-heal|p1a: 1ManArmy|96\/100 par|[from] item: Leftovers\n|upkeep\n|turn|24\n|c|\u2606Killette2|Getting your mileage out of this para\n|\n|t:|1695517733\n|move|p2a: Oricorio|Quiver Dance|p2a: Oricorio\n|-boost|p2a: Oricorio|spa|1\n|-boost|p2a: Oricorio|spd|1\n|-boost|p2a: Oricorio|spe|1\n|move|p2b: Sinistcha|Strength Sap|p1a: 1ManArmy\n|-unboost|p1a: 1ManArmy|atk|1\n|move|p1a: 1ManArmy|Charge Beam|p2a: Oricorio\n|-supereffective|p2a: Oricorio\n|-damage|p2a: Oricorio|70\/100\n|-boost|p1a: 1ManArmy|spa|1\n|\n|-heal|p1a: 1ManArmy|100\/100 par|[from] item: Leftovers\n|upkeep\n|turn|25\n|\n|t:|1695517752\n|move|p2a: Oricorio|Quiver Dance|p2a: Oricorio\n|-boost|p2a: Oricorio|spa|1\n|-boost|p2a: Oricorio|spd|1\n|-boost|p2a: Oricorio|spe|1\n|move|p2b: Sinistcha|Matcha Gotcha|p1a: 1ManArmy\n|-damage|p1a: 1ManArmy|90\/100 par\n|move|p1a: 1ManArmy|Charge Beam|p2a: Oricorio\n|-supereffective|p2a: Oricorio\n|-damage|p2a: Oricorio|35\/100\n|\n|-heal|p1a: 1ManArmy|96\/100 par|[from] item: Leftovers\n|upkeep\n|turn|26\n|\n|t:|1695517773\n|move|p2a: Oricorio|Baton Pass|p2a: Oricorio\n|\n|t:|1695517774\n|switch|p2a: Fezandipiti|Fezandipiti, M|100\/100|[from] Baton Pass\n|move|p2b: Sinistcha|Matcha Gotcha|p1a: 1ManArmy\n|-damage|p1a: 1ManArmy|85\/100 par\n|move|p1a: 1ManArmy|Charge Beam|p2a: Fezandipiti\n|-damage|p2a: Fezandipiti|91\/100\n|\n|-heal|p1a: 1ManArmy|91\/100 par|[from] item: Leftovers\n|upkeep\n|turn|27\n|\n|t:|1695517789\n|switch|p2b: Oricorio|Oricorio-Sensu, M|35\/100\n|move|p2a: Fezandipiti|Dazzling Gleam|p1a: 1ManArmy\n|-damage|p1a: 1ManArmy|65\/100 par\n|move|p1a: 1ManArmy|Matcha Gotcha|p2a: Fezandipiti|[spread] p2a,p2b\n|-resisted|p2a: Fezandipiti\n|-resisted|p2b: Oricorio\n|-damage|p2a: Fezandipiti|85\/100\n|-heal|p1a: 1ManArmy|67\/100 par|[from] drain|[of] p2a: Fezandipiti\n|-damage|p2b: Oricorio|4\/100\n|-heal|p1a: 1ManArmy|74\/100 par|[from] drain|[of] p2b: Oricorio\n|-status|p2b: Oricorio|tox|[from] ability: Toxic Chain|[of] p1a: 1ManArmy\n|\n|-heal|p1a: 1ManArmy|80\/100 par|[from] item: Leftovers\n|-damage|p2b: Oricorio|0 fnt|[from] psn\n|faint|p2b: Oricorio\n|upkeep\n|\n|t:|1695517809\n|switch|p2b: Sinistcha|Sinistcha|100\/100\n|-heal|p2a: Fezandipiti|100\/100|[from] ability: Hospitality|[of] p2b: Sinistcha\n|turn|28\n|inactive|Killette2 has 120 seconds left.\n|\n|t:|1695517841\n|move|p2a: Fezandipiti|Dazzling Gleam|p1a: 1ManArmy\n|-damage|p1a: 1ManArmy|54\/100 par\n|move|p2b: Sinistcha|Matcha Gotcha|p1a: 1ManArmy\n|-damage|p1a: 1ManArmy|43\/100 par\n|move|p1a: 1ManArmy|Charge Beam|p2b: Sinistcha\n|-resisted|p2b: Sinistcha\n|-damage|p2b: Sinistcha|75\/100\n|-status|p2b: Sinistcha|tox|[from] ability: Toxic Chain|[of] p1a: 1ManArmy\n|\n|-heal|p1a: 1ManArmy|49\/100 par|[from] item: Leftovers\n|-damage|p2b: Sinistcha|70\/100 tox|[from] psn\n|upkeep\n|turn|29\n|\n|t:|1695517862\n|move|p2a: Fezandipiti|Dazzling Gleam|p1a: 1ManArmy\n|-damage|p1a: 1ManArmy|22\/100 par\n|move|p2b: Sinistcha|Matcha Gotcha|p1a: 1ManArmy\n|-damage|p1a: 1ManArmy|12\/100 par\n|-heal|p2b: Sinistcha|82\/100 tox|[from] drain|[of] p1a: 1ManArmy\n|move|p1a: 1ManArmy|Matcha Gotcha|p2a: Fezandipiti|[spread] p2a,p2b\n|-resisted|p2a: Fezandipiti\n|-resisted|p2b: Sinistcha\n|-damage|p2a: Fezandipiti|95\/100\n|-heal|p1a: 1ManArmy|13\/100 par|[from] drain|[of] p2a: Fezandipiti\n|-damage|p2b: Sinistcha|53\/100 tox\n|-heal|p1a: 1ManArmy|19\/100 par|[from] drain|[of] p2b: Sinistcha\n|\n|-heal|p1a: 1ManArmy|25\/100 par|[from] item: Leftovers\n|-damage|p2b: Sinistcha|41\/100 tox|[from] psn\n|upkeep\n|turn|30\n|c|\u2606Killette2|Gg\n|\n|t:|1695517890\n|move|p2a: Fezandipiti|Icy Wind|p1a: 1ManArmy\n|-damage|p1a: 1ManArmy|13\/100 par\n|-unboost|p1a: 1ManArmy|spe|1\n|move|p2b: Sinistcha|Strength Sap|p1a: 1ManArmy\n|-unboost|p1a: 1ManArmy|atk|1\n|-heal|p2b: Sinistcha|53\/100 tox\n|move|p1a: 1ManArmy|Rest|p1a: 1ManArmy\n|-status|p1a: 1ManArmy|slp|[from] move: Rest\n|-heal|p1a: 1ManArmy|100\/100 slp|[silent]\n|\n|-damage|p2b: Sinistcha|35\/100 tox|[from] psn\n|upkeep\n|turn|31\n|\n|t:|1695517916\n|move|p2a: Fezandipiti|Dazzling Gleam|p1a: 1ManArmy\n|-damage|p1a: 1ManArmy|77\/100 slp\n|move|p2b: Sinistcha|Strength Sap|p1a: 1ManArmy\n|-unboost|p1a: 1ManArmy|atk|1\n|-heal|p2b: Sinistcha|42\/100 tox\n|cant|p1a: 1ManArmy|slp\n|\n|-heal|p1a: 1ManArmy|83\/100 slp|[from] item: Leftovers\n|-damage|p2b: Sinistcha|18\/100 tox|[from] psn\n|upkeep\n|turn|32\n|\n|t:|1695517933\n|move|p2a: Fezandipiti|Dazzling Gleam|p1a: 1ManArmy\n|-damage|p1a: 1ManArmy|57\/100 slp\n|move|p2b: Sinistcha|Matcha Gotcha|p1a: 1ManArmy\n|-damage|p1a: 1ManArmy|46\/100 slp\n|-heal|p2b: Sinistcha|31\/100 tox|[from] drain|[of] p1a: 1ManArmy\n|cant|p1a: 1ManArmy|slp\n|\n|-heal|p1a: 1ManArmy|52\/100 slp|[from] item: Leftovers\n|-damage|p2b: Sinistcha|2\/100 tox|[from] psn\n|upkeep\n|turn|33\n|\n|t:|1695517960\n|move|p2a: Fezandipiti|Dazzling Gleam|p1a: 1ManArmy\n|-damage|p1a: 1ManArmy|28\/100 slp\n|move|p2b: Sinistcha|Matcha Gotcha|p1a: 1ManArmy\n|-damage|p1a: 1ManArmy|17\/100 slp\n|-heal|p2b: Sinistcha|14\/100 tox|[from] drain|[of] p1a: 1ManArmy\n|-curestatus|p1a: 1ManArmy|slp|[msg]\n|move|p1a: 1ManArmy|Rest|p1a: 1ManArmy\n|-status|p1a: 1ManArmy|slp|[from] move: Rest\n|-heal|p1a: 1ManArmy|100\/100 slp|[silent]\n|\n|-damage|p2b: Sinistcha|0 fnt|[from] psn\n|faint|p2b: Sinistcha\n|upkeep\n|turn|34\n|\n|t:|1695517980\n|move|p2a: Fezandipiti|Air Cutter|p1a: 1ManArmy\n|-damage|p1a: 1ManArmy|89\/100 slp\n|cant|p1a: 1ManArmy|slp\n|\n|-heal|p1a: 1ManArmy|95\/100 slp|[from] item: Leftovers\n|upkeep\n|turn|35\n|\n|t:|1695517987\n|move|p2a: Fezandipiti|Air Cutter|p1a: 1ManArmy\n|-damage|p1a: 1ManArmy|81\/100 slp\n|cant|p1a: 1ManArmy|slp\n|\n|-heal|p1a: 1ManArmy|87\/100 slp|[from] item: Leftovers\n|upkeep\n|turn|36\n|\n|t:|1695518005\n|move|p2a: Fezandipiti|Dazzling Gleam|p1a: 1ManArmy\n|-damage|p1a: 1ManArmy|64\/100 slp\n|-curestatus|p1a: 1ManArmy|slp|[msg]\n|move|p1a: 1ManArmy|Echoed Voice|p2a: Fezandipiti\n|-damage|p2a: Fezandipiti|82\/100\n|\n|-heal|p1a: 1ManArmy|70\/100|[from] item: Leftovers\n|upkeep\n|turn|37\n|\n|t:|1695518019\n|move|p2a: Fezandipiti|Dazzling Gleam|p1a: 1ManArmy\n|-damage|p1a: 1ManArmy|45\/100\n|move|p1a: 1ManArmy|Echoed Voice|p2a: Fezandipiti\n|-damage|p2a: Fezandipiti|58\/100\n|\n|-heal|p1a: 1ManArmy|51\/100|[from] item: Leftovers\n|upkeep\n|turn|38\n|inactive|Killette2 has 120 seconds left.\n|\n|t:|1695518050\n|move|p2a: Fezandipiti|Dazzling Gleam|p1a: 1ManArmy\n|-damage|p1a: 1ManArmy|27\/100\n|move|p1a: 1ManArmy|Echoed Voice|p2a: Fezandipiti\n|-damage|p2a: Fezandipiti|26\/100\n|\n|-heal|p1a: 1ManArmy|33\/100|[from] item: Leftovers\n|upkeep\n|turn|39\n|\n|t:|1695518059\n|move|p2a: Fezandipiti|Dazzling Gleam|p1a: 1ManArmy\n|-damage|p1a: 1ManArmy|8\/100\n|move|p1a: 1ManArmy|Echoed Voice|p2a: Fezandipiti\n|-damage|p2a: Fezandipiti|0 fnt\n|faint|p2a: Fezandipiti\n|\n|win|Killette2\n|raw|Killette2's rating: 1248 &rarr; <strong>1265<\/strong><br \/>(+17 for winning)\n|raw|Beecomb's rating: 1131 &rarr; <strong>1114<\/strong><br \/>(-17 for losing)\n|l|\u2606Beecomb\n","uploadtime":1695518071,"views":17,"p1id":"killette2","p2id":"beecomb","formatid":"gen9nationaldexdoubles","rating":1114,"private":0,"password":""}