{"id":"gen9nationaldexdoubles-1968125752","p1":"Theadonia","p2":"AnnoyingCanuck","format":"[Gen 9] National Dex Doubles","log":"|j|\u2606Theadonia\n|j|\u2606AnnoyingCanuck\n|t:|1697386896\n|gametype|doubles\n|player|p1|Theadonia|caitlin|1046\n|player|p2|AnnoyingCanuck|roughneck|1035\n|teamsize|p1|6\n|teamsize|p2|6\n|gen|9\n|tier|[Gen 9] National Dex Doubles\n|rated|\n|rule|HP Percentage Mod: HP is shown in percentages\n|rule|Endless Battle Clause: Forcing endless battles is banned\n|rule|OHKO Clause: OHKO moves are banned\n|rule|Evasion Moves Clause: Evasion moves are banned\n|rule|Evasion Abilities Clause: Evasion abilities are banned\n|rule|Species Clause: Limit one of each Pok\u00e9mon\n|rule|Gravity Sleep Clause: The combination of sleep-inducing moves with imperfect accuracy and Gravity or Gigantamax Orbeetle are banned\n|clearpoke\n|poke|p1|Delphox, F|\n|poke|p1|Oricorio-Sensu, M|\n|poke|p1|Kommo-o, F|\n|poke|p1|Wailord, F|\n|poke|p1|Cresselia, F|\n|poke|p1|Ribombee, F|\n|poke|p2|Diancie|\n|poke|p2|Rillaboom, M|\n|poke|p2|Clodsire, F|\n|poke|p2|Clefable, M|\n|poke|p2|Ferrothorn, F|\n|poke|p2|Kommo-o, F|\n|teampreview\n|inactive|Battle timer is ON: inactive players will automatically lose when time's up. (requested by AnnoyingCanuck)\n|c|\u2606AnnoyingCanuck|WAILORD\n|c|\u2606AnnoyingCanuck|YES\n|c|\u2606AnnoyingCanuck|YES\n|c|\u2606Theadonia|yep \ud83d\udc33\n|\n|t:|1697386921\n|start\n|switch|p1a: Oricorio|Oricorio-Sensu, M, shiny|100\/100\n|switch|p1b: Ribombee|Ribombee, F|100\/100\n|switch|p2a: Clefable|Clefable, M|100\/100\n|switch|p2b: Clodsire|Clodsire, F|100\/100\n|turn|1\n|c|\u2606Theadonia|The legend has come\n|\n|t:|1697386937\n|move|p1b: Ribombee|Quiver Dance|p1b: Ribombee\n|-boost|p1b: Ribombee|spa|1\n|-boost|p1b: Ribombee|spd|1\n|-boost|p1b: Ribombee|spe|1\n|-activate|p1a: Oricorio|ability: Dancer\n|move|p1a: Oricorio|Quiver Dance|p1a: Oricorio|[from]ability: Dancer\n|-boost|p1a: Oricorio|spa|1\n|-boost|p1a: Oricorio|spd|1\n|-boost|p1a: Oricorio|spe|1\n|move|p1a: Oricorio|Substitute|p1a: Oricorio\n|-start|p1a: Oricorio|Substitute\n|-damage|p1a: Oricorio|75\/100\n|move|p2a: Clefable|Cosmic Power|p2a: Clefable\n|-boost|p2a: Clefable|def|1\n|-boost|p2a: Clefable|spd|1\n|move|p2b: Clodsire|Stockpile|p2b: Clodsire\n|-start|p2b: Clodsire|stockpile1\n|-boost|p2b: Clodsire|def|1\n|-boost|p2b: Clodsire|spd|1\n|\n|upkeep\n|turn|2\n|inactive|Theadonia has 120 seconds left.\n|\n|t:|1697386968\n|move|p1b: Ribombee|Pollen Puff|p1a: Oricorio\n|-heal|p1a: Oricorio|100\/100\n|move|p1a: Oricorio|Quiver Dance|p1a: Oricorio\n|-boost|p1a: Oricorio|spa|1\n|-boost|p1a: Oricorio|spd|1\n|-boost|p1a: Oricorio|spe|1\n|move|p2a: Clefable|Cosmic Power|p2a: Clefable\n|-boost|p2a: Clefable|def|1\n|-boost|p2a: Clefable|spd|1\n|move|p2b: Clodsire|Toxic Spikes|p1b: Ribombee\n|-sidestart|p1: Theadonia|move: Toxic Spikes\n|\n|upkeep\n|turn|3\n|\n|t:|1697386986\n|move|p1b: Ribombee|Quiver Dance|p1b: Ribombee\n|-boost|p1b: Ribombee|spa|1\n|-boost|p1b: Ribombee|spd|1\n|-boost|p1b: Ribombee|spe|1\n|-activate|p1a: Oricorio|ability: Dancer\n|move|p1a: Oricorio|Quiver Dance|p1a: Oricorio|[from]ability: Dancer\n|-boost|p1a: Oricorio|spa|1\n|-boost|p1a: Oricorio|spd|1\n|-boost|p1a: Oricorio|spe|1\n|move|p1a: Oricorio|Quiver Dance|p1a: Oricorio\n|-boost|p1a: Oricorio|spa|1\n|-boost|p1a: Oricorio|spd|1\n|-boost|p1a: Oricorio|spe|1\n|move|p2a: Clefable|Cosmic Power|p2a: Clefable\n|-boost|p2a: Clefable|def|1\n|-boost|p2a: Clefable|spd|1\n|move|p2b: Clodsire|Toxic Spikes|p1b: Ribombee\n|-sidestart|p1: Theadonia|move: Toxic Spikes\n|\n|upkeep\n|turn|4\n|l|\u2606Theadonia\n|inactive|Theadonia disconnected and has a minute to reconnect!\n|player|p1|\n|j|\u2606Theadonia\n|inactive|Theadonia reconnected and has 120 seconds left.\n|player|p1|Theadonia|caitlin\n|c|\u2606AnnoyingCanuck|welcome back buddy\n|\n|t:|1697387023\n|move|p1b: Ribombee|Quiver Dance|p1b: Ribombee\n|-boost|p1b: Ribombee|spa|1\n|-boost|p1b: Ribombee|spd|1\n|-boost|p1b: Ribombee|spe|1\n|-activate|p1a: Oricorio|ability: Dancer\n|move|p1a: Oricorio|Quiver Dance|p1a: Oricorio|[from]ability: Dancer\n|-boost|p1a: Oricorio|spa|1\n|-boost|p1a: Oricorio|spd|1\n|-boost|p1a: Oricorio|spe|1\n|move|p1a: Oricorio|Baton Pass|p1a: Oricorio\n|c|\u2606Theadonia|Soz my wifi isn\u2019t the best on my porch lolol\n|\n|t:|1697387039\n|switch|p1a: Wailord|Wailord, F, shiny|100\/100|[from] Baton Pass\n|-status|p1a: Wailord|tox\n|-ability|p1a: Wailord|Pressure\n|move|p2a: Clefable|Cosmic Power|p2a: Clefable\n|-boost|p2a: Clefable|def|1\n|-boost|p2a: Clefable|spd|1\n|move|p2b: Clodsire|Stockpile|p2b: Clodsire\n|-start|p2b: Clodsire|stockpile2\n|-boost|p2b: Clodsire|def|1\n|-boost|p2b: Clodsire|spd|1\n|\n|-damage|p1a: Wailord|94\/100 tox|[from] psn\n|upkeep\n|turn|5\n|inactive|Theadonia has 120 seconds left.\n|c|\u2606AnnoyingCanuck|not going for 4 times?\n|c|\u2606Theadonia|I did not know Tox spikes go through sub\n|inactive|AnnoyingCanuck has 120 seconds left.\n|inactive|Theadonia has 90 seconds left.\n|c|\u2606Theadonia|haha I\u2019m curious to see what goes on with these two you\u2019ve got set up\n|\n|t:|1697387086\n|move|p1b: Ribombee|Speed Swap|p1a: Wailord\n|-activate|p1b: Ribombee|move: Speed Swap|[of] p1a: Wailord\n|move|p1a: Wailord|Blizzard|p2a: Clefable|[spread] p2b\n|-miss|p1a: Wailord|p2a: Clefable\n|-supereffective|p2b: Clodsire\n|-damage|p2b: Clodsire|87\/100\n|move|p2a: Clefable|Cosmic Power|p2a: Clefable\n|-boost|p2a: Clefable|def|1\n|-boost|p2a: Clefable|spd|1\n|move|p2b: Clodsire|Stockpile|p2b: Clodsire\n|-start|p2b: Clodsire|stockpile3\n|-boost|p2b: Clodsire|def|1\n|-boost|p2b: Clodsire|spd|1\n|\n|-heal|p1a: Wailord|100\/100 tox|[from] item: Leftovers\n|-heal|p2b: Clodsire|93\/100|[from] item: Black Sludge\n|-damage|p1a: Wailord|88\/100 tox|[from] psn\n|upkeep\n|turn|6\n|inactive|AnnoyingCanuck has 120 seconds left.\n|\n|t:|1697387110\n|switch|p1b: Cresselia|Cresselia, F|100\/100\n|move|p1a: Wailord|Water Spout|p2b: Clodsire|[spread] p2a,p2b\n|-supereffective|p2b: Clodsire\n|-damage|p2a: Clefable|91\/100\n|-damage|p2b: Clodsire|76\/100\n|move|p2a: Clefable|Cosmic Power|p2a: Clefable\n|-boost|p2a: Clefable|def|1\n|-boost|p2a: Clefable|spd|1\n|move|p2b: Clodsire|Earthquake|p1a: Wailord|[spread] p2a,p1a\n|-immune|p1b: Cresselia|[from] ability: Levitate\n|-end|p1a: Wailord|Substitute\n|-damage|p2a: Clefable|68\/100\n|\n|-heal|p1a: Wailord|94\/100 tox|[from] item: Leftovers\n|-heal|p2a: Clefable|74\/100|[from] item: Leftovers\n|-heal|p2b: Clodsire|82\/100|[from] item: Black Sludge\n|-damage|p1a: Wailord|75\/100 tox|[from] psn\n|upkeep\n|turn|7\n|inactive|Theadonia has 120 seconds left.\n|inactive|AnnoyingCanuck has 120 seconds left.\n|\n|t:|1697387139\n|move|p1a: Wailord|Rest|p1a: Wailord\n|-status|p1a: Wailord|slp|[from] move: Rest\n|-heal|p1a: Wailord|100\/100 slp|[silent]\n|move|p1b: Cresselia|Lunar Blessing|p1b: Cresselia|[spread] p1a,p1b\n|-curestatus|p1a: Wailord|slp|[msg]\n|move|p2a: Clefable|Baton Pass|p2a: Clefable\n|inactive|AnnoyingCanuck has 120 seconds left.\n|\n|t:|1697387149\n|switch|p2a: Diancie|Diancie|100\/100|[from] Baton Pass\n|move|p2b: Clodsire|Stockpile||[still]\n|-fail|p2b: Clodsire\n|\n|-heal|p2b: Clodsire|89\/100|[from] item: Black Sludge\n|upkeep\n|turn|8\n|inactive|AnnoyingCanuck has 120 seconds left.\n|\n|t:|1697387170\n|detailschange|p2a: Diancie|Diancie-Mega\n|-mega|p2a: Diancie|Diancie|Diancite\n|move|p1a: Wailord|Water Spout|p2a: Diancie|[spread] p2a,p2b\n|-supereffective|p2a: Diancie\n|-supereffective|p2b: Clodsire\n|-damage|p2a: Diancie|7\/100\n|-damage|p2b: Clodsire|68\/100\n|move|p2a: Diancie|Psych Up|p1a: Wailord\n|-copyboost|p2a: Diancie|p1a: Wailord|[from] move: Psych Up\n|move|p1b: Cresselia|Psych Up|p2a: Diancie\n|-copyboost|p1b: Cresselia|p2a: Diancie|[from] move: Psych Up\n|move|p2b: Clodsire|Recover|p2b: Clodsire\n|-heal|p2b: Clodsire|100\/100\n|\n|upkeep\n|turn|9\n|inactive|AnnoyingCanuck has 120 seconds left.\n|\n|t:|1697387199\n|move|p2a: Diancie|Baton Pass|p2a: Diancie\n|inactive|AnnoyingCanuck has 120 seconds left.\n|\n|t:|1697387204\n|switch|p2a: Kommo-o|Kommo-o, F|100\/100|[from] Baton Pass\n|move|p1a: Wailord|Water Spout|p2a: Kommo-o|[spread] p2a,p2b\n|-resisted|p2a: Kommo-o\n|-supereffective|p2b: Clodsire\n|-damage|p2a: Kommo-o|68\/100\n|-damage|p2b: Clodsire|79\/100\n|move|p1b: Cresselia|Stored Power|p2b: Clodsire\n|-supereffective|p2b: Clodsire\n|-damage|p2b: Clodsire|23\/100\n|move|p2b: Clodsire|Stockpile||[still]\n|-fail|p2b: Clodsire\n|\n|-heal|p2b: Clodsire|30\/100|[from] item: Black Sludge\n|upkeep\n|turn|10\n|\n|t:|1697387218\n|switch|p2b: Clefable|Clefable, M|74\/100\n|move|p1a: Wailord|Water Spout|p2b: Clefable|[spread] p2a,p2b\n|-resisted|p2a: Kommo-o\n|-damage|p2a: Kommo-o|35\/100\n|-damage|p2b: Clefable|42\/100\n|-zpower|p2a: Kommo-o\n|move|p2a: Kommo-o|Clangorous Soulblaze|p1a: Wailord|[zeffect]|[spread] p1a,p1b\n|-damage|p1a: Wailord|24\/100\n|-damage|p1b: Cresselia|62\/100\n|-boost|p2a: Kommo-o|atk|1\n|-boost|p2a: Kommo-o|def|1\n|-boost|p2a: Kommo-o|spa|1\n|-boost|p2a: Kommo-o|spd|1\n|-boost|p2a: Kommo-o|spe|1\n|move|p1b: Cresselia|Dazzling Gleam|p2a: Kommo-o|[spread] p2a,p2b\n|-supereffective|p2a: Kommo-o\n|-damage|p2a: Kommo-o|0 fnt\n|-damage|p2b: Clefable|31\/100\n|faint|p2a: Kommo-o\n|\n|-heal|p1a: Wailord|31\/100|[from] item: Leftovers\n|-heal|p1b: Cresselia|69\/100|[from] item: Leftovers\n|-heal|p2b: Clefable|38\/100|[from] item: Leftovers\n|upkeep\n|inactive|AnnoyingCanuck has 120 seconds left.\n|c|\u2606AnnoyingCanuck|lol dead\n|\n|t:|1697387241\n|switch|p2a: Diancie|Diancie-Mega|7\/100\n|turn|11\n|\n|t:|1697387250\n|move|p2b: Clefable|Follow Me|p2b: Clefable\n|-singleturn|p2b: Clefable|move: Follow Me\n|move|p1a: Wailord|Blizzard|p2b: Clefable|[spread] p2a,p2b\n|-damage|p2a: Diancie|0 fnt\n|-damage|p2b: Clefable|20\/100\n|faint|p2a: Diancie\n|move|p1b: Cresselia|Dazzling Gleam|p2b: Clefable\n|-damage|p2b: Clefable|6\/100\n|\n|-heal|p1a: Wailord|37\/100|[from] item: Leftovers\n|-heal|p1b: Cresselia|75\/100|[from] item: Leftovers\n|-heal|p2b: Clefable|12\/100|[from] item: Leftovers\n|upkeep\n|\n|t:|1697387264\n|switch|p2a: Clodsire|Clodsire, F|30\/100\n|turn|12\n|c|\u2606Theadonia|Cressy and wailord are besties\n|\n|t:|1697387275\n|move|p2b: Clefable|Follow Me|p2b: Clefable\n|-singleturn|p2b: Clefable|move: Follow Me\n|move|p1a: Wailord|Water Spout|p2a: Clodsire|[spread] p2a,p2b\n|-supereffective|p2a: Clodsire\n|-crit|p2a: Clodsire\n|-damage|p2a: Clodsire|1\/100\n|-damage|p2b: Clefable|0 fnt\n|faint|p2b: Clefable\n|move|p1b: Cresselia|Dazzling Gleam|p2a: Clodsire\n|-resisted|p2a: Clodsire\n|-damage|p2a: Clodsire|0 fnt\n|faint|p2a: Clodsire\n|\n|-heal|p1a: Wailord|43\/100|[from] item: Leftovers\n|-heal|p1b: Cresselia|81\/100|[from] item: Leftovers\n|upkeep\n|c|\u2606AnnoyingCanuck|they are\n|\n|t:|1697387287\n|switch|p2b: Ferrothorn|Ferrothorn, F|100\/100\n|switch|p2a: Rillaboom|Rillaboom, M|100\/100\n|-fieldstart|move: Grassy Terrain|[from] ability: Grassy Surge|[of] p2a: Rillaboom\n|turn|13\n|\n|t:|1697387301\n|switch|p1a: Delphox|Delphox, F, shiny|100\/100\n|-status|p1a: Delphox|tox\n|move|p2a: Rillaboom|Grassy Glide|p1a: Delphox\n|-resisted|p1a: Delphox\n|-damage|p1a: Delphox|77\/100 tox\n|move|p1b: Cresselia|Stored Power|p2a: Rillaboom\n|-damage|p2a: Rillaboom|0 fnt\n|faint|p2a: Rillaboom\n|move|p2b: Ferrothorn|Iron Defense|p2b: Ferrothorn\n|-boost|p2b: Ferrothorn|def|2\n|\n|-heal|p1b: Cresselia|87\/100|[from] item: Leftovers\n|-heal|p1a: Delphox|83\/100 tox|[from] Grassy Terrain\n|-damage|p1a: Delphox|77\/100 tox|[from] psn\n|upkeep\n|turn|14\n|c|\u2606AnnoyingCanuck|gg\n|c|\u2606Theadonia|Ggwp homie :)\n|\n|t:|1697387325\n|move|p1b: Cresselia|Stored Power|p2b: Ferrothorn\n|-resisted|p2b: Ferrothorn\n|-damage|p2b: Ferrothorn|0 fnt\n|faint|p2b: Ferrothorn\n|\n|win|Theadonia\n|raw|Theadonia's rating: 1046 &rarr; <strong>1077<\/strong><br \/>(+31 for winning)\n|raw|AnnoyingCanuck's rating: 1024 &rarr; <strong>1011<\/strong><br \/>(-13 for losing)\n|l|\u2606AnnoyingCanuck\n","uploadtime":1697387333,"views":8,"p1id":"theadonia","p2id":"annoyingcanuck","formatid":"gen9nationaldexdoubles","rating":1011,"private":0,"password":""}