{"id":"gen9nationaldexdoubles-1956144721","p1":"FzGemini","p2":"icybro12","format":"[Gen 9] National Dex Doubles","log":"|j|\u2606FzGemini\n|j|\u2606icybro12\n|t:|1696078382\n|gametype|doubles\n|player|p1|FzGemini|serena|1359\n|player|p2|icybro12|psychic|1101\n|teamsize|p1|6\n|teamsize|p2|6\n|gen|9\n|tier|[Gen 9] National Dex Doubles\n|rated|\n|rule|HP Percentage Mod: HP is shown in percentages\n|rule|Endless Battle Clause: Forcing endless battles is banned\n|rule|OHKO Clause: OHKO moves are banned\n|rule|Evasion Moves Clause: Evasion moves are banned\n|rule|Evasion Abilities Clause: Evasion abilities are banned\n|rule|Species Clause: Limit one of each Pok\u00e9mon\n|rule|Gravity Sleep Clause: The combination of sleep-inducing moves with imperfect accuracy and Gravity or Gigantamax Orbeetle are banned\n|clearpoke\n|poke|p1|Salamence, F|\n|poke|p1|Zapdos|\n|poke|p1|Heatran, M|\n|poke|p1|Tapu Lele|\n|poke|p1|Urshifu-*, F|\n|poke|p1|Incineroar, F|\n|poke|p2|Tyranitar, M|\n|poke|p2|Excadrill, M|\n|poke|p2|Sandslash, M|\n|poke|p2|Jirachi|\n|poke|p2|Gastrodon, M|\n|poke|p2|Dracovish|\n|teampreview\n|inactive|Battle timer is ON: inactive players will automatically lose when time's up. (requested by FzGemini)\n|\n|t:|1696078398\n|start\n|switch|p1a: Tapu Lele|Tapu Lele|100\/100\n|switch|p1b: Zapdos|Zapdos|100\/100\n|switch|p2a: Tyranitar|Tyranitar, M|100\/100\n|switch|p2b: Dracovish|Dracovish|100\/100\n|-fieldstart|move: Psychic Terrain|[from] ability: Psychic Surge|[of] p1a: Tapu Lele\n|-weather|Sandstorm|[from] ability: Sand Stream|[of] p2a: Tyranitar\n|turn|1\n|\n|t:|1696078421\n|-terastallize|p1a: Tapu Lele|Fairy\n|move|p2b: Dracovish|Fishious Rend|p1a: Tapu Lele\n|-damage|p1a: Tapu Lele|0 fnt\n|faint|p1a: Tapu Lele\n|move|p1b: Zapdos|Tailwind|p1b: Zapdos\n|-sidestart|p1: FzGemini|move: Tailwind\n|move|p2a: Tyranitar|Power Gem|p1b: Zapdos\n|-supereffective|p1b: Zapdos\n|-damage|p1b: Zapdos|37\/100\n|\n|-weather|Sandstorm|[upkeep]\n|-damage|p1b: Zapdos|31\/100|[from] Sandstorm\n|upkeep\n|\n|t:|1696078441\n|switch|p1a: Urshifu|Urshifu-Rapid-Strike, F|100\/100\n|turn|2\n|\n|t:|1696078459\n|switch|p2b: Gastrodon|Gastrodon, M|100\/100\n|switch|p2a: Jirachi|Jirachi|100\/100\n|move|p1b: Zapdos|Volt Switch|p2b: Gastrodon\n|-immune|p2b: Gastrodon\n|move|p1a: Urshifu|Surging Strikes|p2b: Gastrodon\n|-activate|p2b: Gastrodon|ability: Storm Drain\n|-ability|p2b: Gastrodon|Storm Drain|boost\n|-boost|p2b: Gastrodon|spa|1\n|\n|-weather|Sandstorm|[upkeep]\n|-damage|p1b: Zapdos|24\/100|[from] Sandstorm\n|-damage|p1a: Urshifu|94\/100|[from] Sandstorm\n|upkeep\n|turn|3\n|inactive|FzGemini has 120 seconds left.\n|\n|t:|1696078501\n|move|p1b: Zapdos|Volt Switch|p2a: Jirachi\n|-damage|p2a: Jirachi|80\/100\n|\n|t:|1696078505\n|switch|p1b: Salamence|Salamence, F|100\/100|[from] Volt Switch\n|-ability|p1b: Salamence|Intimidate|boost\n|-unboost|p2a: Jirachi|atk|1\n|-unboost|p2b: Gastrodon|atk|1\n|move|p1a: Urshifu|Ice Spinner|p2b: Gastrodon\n|-damage|p2b: Gastrodon|62\/100\n|-fieldend|move: Psychic Terrain\n|-damage|p1a: Urshifu|84\/100|[from] item: Life Orb\n|move|p2a: Jirachi|Iron Head|p1b: Salamence\n|-damage|p1b: Salamence|78\/100\n|move|p2b: Gastrodon|Muddy Water|p1b: Salamence|[spread] p1a,p1b\n|-resisted|p1a: Urshifu\n|-resisted|p1b: Salamence\n|-damage|p1a: Urshifu|59\/100\n|-damage|p1b: Salamence|59\/100\n|\n|-weather|Sandstorm|[upkeep]\n|-damage|p1b: Salamence|52\/100|[from] Sandstorm\n|-damage|p1a: Urshifu|53\/100|[from] Sandstorm\n|-heal|p2a: Jirachi|86\/100|[from] item: Leftovers\n|-heal|p2b: Gastrodon|68\/100|[from] item: Leftovers\n|upkeep\n|turn|4\n|inactive|FzGemini has 120 seconds left.\n|\n|t:|1696078535\n|detailschange|p1b: Salamence|Salamence-Mega, F\n|-mega|p1b: Salamence|Salamence|Salamencite\n|move|p2a: Jirachi|Follow Me|p2a: Jirachi\n|-singleturn|p2a: Jirachi|move: Follow Me\n|move|p1b: Salamence|Double-Edge|p2a: Jirachi\n|-resisted|p2a: Jirachi\n|-damage|p2a: Jirachi|50\/100\n|-damage|p1b: Salamence|38\/100|[from] Recoil\n|move|p1a: Urshifu|Ice Spinner|p2a: Jirachi\n|-resisted|p2a: Jirachi\n|-damage|p2a: Jirachi|34\/100\n|-damage|p1a: Urshifu|43\/100|[from] item: Life Orb\n|move|p2b: Gastrodon|Muddy Water|p1a: Urshifu|[spread] p1a,p1b\n|-resisted|p1a: Urshifu\n|-resisted|p1b: Salamence\n|-damage|p1a: Urshifu|20\/100\n|-damage|p1b: Salamence|20\/100\n|\n|-weather|Sandstorm|[upkeep]\n|-damage|p1b: Salamence|14\/100|[from] Sandstorm\n|-damage|p1a: Urshifu|13\/100|[from] Sandstorm\n|-heal|p2a: Jirachi|41\/100|[from] item: Leftovers\n|-heal|p2b: Gastrodon|74\/100|[from] item: Leftovers\n|-sideend|p1: FzGemini|move: Tailwind\n|upkeep\n|turn|5\n|inactive|FzGemini has 120 seconds left.\n|\n|t:|1696078558\n|move|p2a: Jirachi|Follow Me|p2a: Jirachi\n|-singleturn|p2a: Jirachi|move: Follow Me\n|move|p1b: Salamence|Double-Edge|p2a: Jirachi\n|-resisted|p2a: Jirachi\n|-damage|p2a: Jirachi|6\/100\n|-damage|p1b: Salamence|0 fnt|[from] Recoil\n|faint|p1b: Salamence\n|move|p1a: Urshifu|Close Combat|p2a: Jirachi\n|-damage|p2a: Jirachi|0 fnt\n|-unboost|p1a: Urshifu|def|1\n|-unboost|p1a: Urshifu|spd|1\n|faint|p2a: Jirachi\n|-damage|p1a: Urshifu|3\/100|[from] item: Life Orb\n|move|p2b: Gastrodon|Muddy Water|p1a: Urshifu\n|-resisted|p1a: Urshifu\n|-damage|p1a: Urshifu|0 fnt\n|faint|p1a: Urshifu\n|\n|-weather|Sandstorm|[upkeep]\n|-heal|p2b: Gastrodon|80\/100|[from] item: Leftovers\n|upkeep\n|\n|t:|1696078578\n|switch|p1b: Heatran|Heatran, M|100\/100\n|switch|p1a: Incineroar|Incineroar, F|100\/100\n|switch|p2a: Dracovish|Dracovish|100\/100\n|-ability|p1a: Incineroar|Intimidate|boost\n|-unboost|p2a: Dracovish|atk|1\n|-unboost|p2b: Gastrodon|atk|1\n|turn|6\n|\n|t:|1696078593\n|switch|p2a: Excadrill|Excadrill, M|100\/100\n|move|p1a: Incineroar|Fake Out|p2a: Excadrill\n|-resisted|p2a: Excadrill\n|-damage|p2a: Excadrill|92\/100\n|move|p1b: Heatran|Flash Cannon|p2a: Excadrill\n|-resisted|p2a: Excadrill\n|-damage|p2a: Excadrill|61\/100\n|move|p2b: Gastrodon|Muddy Water|p1a: Incineroar|[spread] p1a,p1b\n|-supereffective|p1a: Incineroar\n|-supereffective|p1b: Heatran\n|-damage|p1a: Incineroar|48\/100\n|-damage|p1b: Heatran|40\/100\n|-unboost|p1a: Incineroar|accuracy|1\n|-unboost|p1b: Heatran|accuracy|1\n|\n|-weather|Sandstorm|[upkeep]\n|-damage|p1a: Incineroar|42\/100|[from] Sandstorm\n|-heal|p1b: Heatran|46\/100|[from] item: Leftovers\n|-heal|p2b: Gastrodon|86\/100|[from] item: Leftovers\n|upkeep\n|turn|7\n|\n|t:|1696078614\n|move|p2a: Excadrill|Protect|p2a: Excadrill\n|-singleturn|p2a: Excadrill|Protect\n|move|p1b: Heatran|Earth Power|p2a: Excadrill\n|-activate|p2a: Excadrill|move: Protect\n|-zpower|p1a: Incineroar\n|move|p1a: Incineroar|Malicious Moonsault|p2b: Gastrodon|[zeffect]\n|-damage|p2b: Gastrodon|8\/100\n|move|p2b: Gastrodon|Muddy Water|p1a: Incineroar|[spread] p1a,p1b\n|-supereffective|p1a: Incineroar\n|-supereffective|p1b: Heatran\n|-damage|p1a: Incineroar|0 fnt\n|-damage|p1b: Heatran|0 fnt\n|faint|p1a: Incineroar\n|faint|p1b: Heatran\n|\n|-weather|Sandstorm|[upkeep]\n|-heal|p2b: Gastrodon|14\/100|[from] item: Leftovers\n|upkeep\n|-message|FzGemini forfeited.\n|\n|win|icybro12\n|raw|FzGemini's rating: 1359 &rarr; <strong>1326<\/strong><br \/>(-33 for losing)\n|raw|icybro12's rating: 1101 &rarr; <strong>1142<\/strong><br \/>(+41 for winning)\n|l|\u2606FzGemini\n|l|\u2606icybro12\n|j|\u2606icybro12\n|player|p2|icybro12|psychic\n","uploadtime":1696078649,"views":6,"p1id":"fzgemini","p2id":"icybro12","formatid":"gen9nationaldexdoubles","rating":1142,"private":0,"password":""}