{"id":"gen9nationaldexdoubles-1972386467","p1":"kpoc12","p2":"AutumnCookie","format":"[Gen 9] National Dex Doubles","log":"|j|\u2606kpoc12\n|j|\u2606AutumnCookie\n|t:|1697837328\n|gametype|doubles\n|player|p1|kpoc12|giovanni-masters|\n|player|p2|AutumnCookie|red|\n|teamsize|p1|6\n|teamsize|p2|6\n|gen|9\n|tier|[Gen 9] National Dex Doubles\n|rule|HP Percentage Mod: HP is shown in percentages\n|rule|Endless Battle Clause: Forcing endless battles is banned\n|rule|OHKO Clause: OHKO moves are banned\n|rule|Evasion Moves Clause: Evasion moves are banned\n|rule|Evasion Abilities Clause: Evasion abilities are banned\n|rule|Species Clause: Limit one of each Pok\u00e9mon\n|rule|Gravity Sleep Clause: The combination of sleep-inducing moves with imperfect accuracy and Gravity or Gigantamax Orbeetle are banned\n|clearpoke\n|poke|p1|Garchomp, F|\n|poke|p1|Gliscor, F|\n|poke|p1|Salamence, M|\n|poke|p1|Arcanine, M|\n|poke|p1|Torterra, M|\n|poke|p1|Zapdos|\n|poke|p2|Pikachu, F|\n|poke|p2|Charizard, M|\n|poke|p2|Venusaur, F|\n|poke|p2|Blastoise, M|\n|poke|p2|Snorlax, M|\n|poke|p2|Articuno|\n|teampreview\n|\n|t:|1697837347\n|start\n|switch|p1a: Gliscor|Gliscor, F|100\/100\n|switch|p1b: Garchomp|Garchomp, F|100\/100\n|switch|p2a: Pikachu|Pikachu, F|100\/100\n|switch|p2b: Venusaur|Venusaur, F|100\/100\n|turn|1\n|j| cassinidivision\n|c| cassinidivision|hai\n|c|\u2606kpoc12|haii\n|\n|t:|1697837375\n|switch|p2a: Snorlax|Snorlax, M|100\/100\n|move|p1a: Gliscor|Tailwind|p1a: Gliscor\n|-sidestart|p1: kpoc12|move: Tailwind\n|move|p1b: Garchomp|Earthquake|p2b: Venusaur|[spread] p2a,p2b\n|-immune|p1a: Gliscor\n|-damage|p2a: Snorlax|62\/100\n|-damage|p2b: Venusaur|49\/100\n|move|p2b: Venusaur|Energy Ball|p1b: Garchomp\n|-damage|p1b: Garchomp|64\/100\n|\n|upkeep\n|turn|2\n|\n|t:|1697837404\n|move|p2b: Venusaur|Protect|p2b: Venusaur\n|-singleturn|p2b: Venusaur|Protect\n|move|p1a: Gliscor|Acrobatics|p2b: Venusaur\n|-activate|p2b: Venusaur|move: Protect\n|move|p1b: Garchomp|Earthquake|p2a: Snorlax|[spread] p2a\n|-activate|p2b: Venusaur|move: Protect\n|-immune|p1a: Gliscor\n|-damage|p2a: Snorlax|23\/100\n|move|p2a: Snorlax|Heavy Slam|p1a: Gliscor\n|-damage|p1a: Gliscor|55\/100\n|-damage|p2a: Snorlax|13\/100|[from] item: Life Orb\n|\n|upkeep\n|turn|3\n|c|\u2606AutumnCookie|Wow I am doing so much less than I thought...\n|\n|t:|1697837456\n|move|p1a: Gliscor|Acrobatics|p2b: Venusaur\n|-supereffective|p2b: Venusaur\n|-damage|p2b: Venusaur|0 fnt\n|faint|p2b: Venusaur\n|move|p1b: Garchomp|Earthquake|p2a: Snorlax|[spread] p2a\n|-immune|p1a: Gliscor\n|-damage|p2a: Snorlax|0 fnt\n|faint|p2a: Snorlax\n|\n|upkeep\n|c|\u2606kpoc12|gios team is so fun\n|\n|t:|1697837478\n|switch|p2b: Articuno|Articuno|100\/100\n|switch|p2a: Charizard|Charizard, M|100\/100\n|-ability|p2b: Articuno|Pressure\n|turn|4\n|c| cassinidivision|decided on leafs team\n|c| cassinidivision|it will either be very good or very bad\n|\n|t:|1697837513\n|move|p1a: Gliscor|U-turn|p2b: Articuno\n|-resisted|p2b: Articuno\n|-damage|p2b: Articuno|92\/100\n|-damage|p1a: Gliscor|39\/100|[from] item: Rocky Helmet|[of] p2b: Articuno\n|\n|t:|1697837519\n|switch|p1a: Zapdos|Zapdos|100\/100|[from] U-turn\n|move|p1b: Garchomp|Rock Slide|p2b: Articuno|[spread] p2a,p2b\n|-supereffective|p2a: Charizard\n|-supereffective|p2b: Articuno\n|-damage|p2a: Charizard|0 fnt\n|-damage|p2b: Articuno|15\/100\n|faint|p2a: Charizard\n|move|p2b: Articuno|Ice Beam|p1b: Garchomp\n|-supereffective|p1b: Garchomp\n|-damage|p1b: Garchomp|0 fnt\n|faint|p1b: Garchomp\n|\n|-sideend|p1: kpoc12|move: Tailwind\n|upkeep\n|\n|t:|1697837536\n|switch|p2a: Blastoise|Blastoise, M|100\/100\n|switch|p1b: Torterra|Torterra, M|100\/100\n|turn|5\n|\n|t:|1697837555\n|move|p2a: Blastoise|Fake Out|p1a: Zapdos\n|-damage|p1a: Zapdos|87\/100\n|move|p2b: Articuno|Roost|p2b: Articuno\n|-heal|p2b: Articuno|65\/100\n|-singleturn|p2b: Articuno|move: Roost\n|cant|p1a: Zapdos|flinch\n|move|p1b: Torterra|Shell Smash|p1b: Torterra\n|-unboost|p1b: Torterra|def|1\n|-unboost|p1b: Torterra|spd|1\n|-boost|p1b: Torterra|atk|2\n|-boost|p1b: Torterra|spa|2\n|-boost|p1b: Torterra|spe|2\n|\n|-heal|p1a: Zapdos|93\/100|[from] item: Leftovers\n|upkeep\n|turn|6\n|\n|t:|1697837614\n|move|p1b: Torterra|Wood Hammer|p2a: Blastoise\n|-supereffective|p2a: Blastoise\n|-damage|p2a: Blastoise|0 fnt\n|faint|p2a: Blastoise\n|-damage|p1b: Torterra|65\/100|[from] Recoil\n|move|p2b: Articuno|Ice Beam|p1b: Torterra\n|-supereffective|p1b: Torterra\n|-damage|p1b: Torterra|0 fnt\n|faint|p1b: Torterra\n|move|p1a: Zapdos|Ancient Power|p2b: Articuno\n|-supereffective|p2b: Articuno\n|-damage|p2b: Articuno|0 fnt\n|faint|p2b: Articuno\n|\n|-heal|p1a: Zapdos|99\/100|[from] item: Leftovers\n|upkeep\n|\n|t:|1697837632\n|switch|p1b: Gliscor|Gliscor, F|39\/100\n|switch|p2a: Pikachu|Pikachu, F|100\/100\n|turn|7\n|\n|t:|1697837647\n|move|p2a: Pikachu|Extreme Speed|p1a: Zapdos\n|-damage|p1a: Zapdos|62\/100\n|move|p1b: Gliscor|Earthquake|p2a: Pikachu|[spread] p2a\n|-immune|p1a: Zapdos\n|-supereffective|p2a: Pikachu\n|-damage|p2a: Pikachu|0 fnt\n|faint|p2a: Pikachu\n|\n|win|kpoc12\n|c|\u2606kpoc12|ggs x2\n|c|\u2606AutumnCookie|THAT ONE WAS BAD...\n|c| cassinidivision|man.\n|c| cassinidivision|that is.\n|c|\u2606AutumnCookie|HANG ON I SHOULD DO SOMETHING ACTUALLY...\n|c|\u2606kpoc12|THIS IS WHAT RED WANTED\n|c|\u2606AutumnCookie|IT IS\n|l|\u2606AutumnCookie\n","uploadtime":1697837677,"views":15,"p1id":"kpoc12","p2id":"autumncookie","formatid":"gen9nationaldexdoubles","rating":0,"private":0,"password":""}