{"id":"gen9nationaldexdoubles-1951775843","p1":"Penguin Stylez","p2":"Teamplayer121","format":"[Gen 9] National Dex Doubles","log":"|j|\u2606Penguin Stylez\n|j|\u2606Teamplayer121\n|t:|1695618652\n|gametype|doubles\n|player|p1|Penguin Stylez|266|1041\n|player|p2|Teamplayer121|clown|1087\n|teamsize|p1|6\n|teamsize|p2|6\n|gen|9\n|tier|[Gen 9] National Dex Doubles\n|rated|\n|rule|HP Percentage Mod: HP is shown in percentages\n|rule|Endless Battle Clause: Forcing endless battles is banned\n|rule|OHKO Clause: OHKO moves are banned\n|rule|Evasion Moves Clause: Evasion moves are banned\n|rule|Evasion Abilities Clause: Evasion abilities are banned\n|rule|Species Clause: Limit one of each Pok\u00e9mon\n|rule|Gravity Sleep Clause: The combination of sleep-inducing moves with imperfect accuracy and Gravity or Gigantamax Orbeetle are banned\n|clearpoke\n|poke|p1|Raticate, F|\n|poke|p1|Sinistcha|\n|poke|p1|Dragonite, M|\n|poke|p1|Amoonguss, F|\n|poke|p1|Crawdaunt, M|\n|poke|p1|Indeedee-F, F|\n|poke|p2|Greninja-*, M|\n|poke|p2|Marowak-Alola, F|\n|poke|p2|Sinistcha-Masterpiece|\n|poke|p2|Mew|\n|poke|p2|Gothitelle, M|\n|poke|p2|Deoxys-Defense|\n|teampreview\n|inactive|Battle timer is ON: inactive players will automatically lose when time's up. (requested by Teamplayer121)\n|\n|t:|1695618663\n|start\n|switch|p1a: Raticate|Raticate, F|100\/100\n|switch|p1b: Dragonite|Dragonite, M|100\/100\n|switch|p2a: Gothitelle|Gothitelle, M|100\/100\n|switch|p2b: Mew|Mew|100\/100\n|turn|1\n|\n|t:|1695618687\n|move|p2a: Gothitelle|Protect|p2a: Gothitelle\n|-singleturn|p2a: Gothitelle|Protect\n|move|p2b: Mew|Imprison|p2b: Mew\n|-start|p2b: Mew|move: Imprison\n|move|p1b: Dragonite|Dragon Dance|p1b: Dragonite\n|-boost|p1b: Dragonite|atk|1\n|-boost|p1b: Dragonite|spe|1\n|move|p1a: Raticate|Endeavor|p2a: Gothitelle\n|-activate|p2a: Gothitelle|move: Protect\n|\n|upkeep\n|turn|2\n|\n|t:|1695618703\n|move|p1a: Raticate|Sucker Punch||[still]\n|-fail|p1a: Raticate\n|move|p1b: Dragonite|Dragon Dance|p1b: Dragonite\n|-boost|p1b: Dragonite|atk|1\n|-boost|p1b: Dragonite|spe|1\n|move|p2b: Mew|Transform|p1b: Dragonite\n|-transform|p2b: Mew|p1b: Dragonite\n|move|p2a: Gothitelle|Calm Mind|p2a: Gothitelle\n|-boost|p2a: Gothitelle|spa|1\n|-boost|p2a: Gothitelle|spd|1\n|\n|upkeep\n|turn|3\n|\n|t:|1695618720\n|-activate|p1b: Dragonite|move: Struggle\n|move|p1b: Dragonite|Struggle|p2b: Mew\n|-damage|p2b: Mew|80\/100\n|-damage|p1b: Dragonite|75\/100|[from] recoil\n|move|p2b: Mew|Dragon Dance|p2b: Mew\n|-boost|p2b: Mew|atk|1\n|-boost|p2b: Mew|spe|1\n|move|p1a: Raticate|Endeavor|p2b: Mew\n|-damage|p2b: Mew|74\/100\n|move|p2a: Gothitelle|Calm Mind|p2a: Gothitelle\n|-boost|p2a: Gothitelle|spa|1\n|-boost|p2a: Gothitelle|spd|1\n|\n|upkeep\n|turn|4\n|\n|t:|1695618739\n|move|p2b: Mew|Outrage|p1b: Dragonite\n|-supereffective|p1b: Dragonite\n|-damage|p1b: Dragonite|0 fnt\n|faint|p1b: Dragonite\n|move|p1a: Raticate|Swords Dance|p1a: Raticate\n|-boost|p1a: Raticate|atk|2\n|move|p2a: Gothitelle|Calm Mind|p2a: Gothitelle\n|-boost|p2a: Gothitelle|spa|1\n|-boost|p2a: Gothitelle|spd|1\n|\n|upkeep\n|\n|t:|1695618749\n|switch|p1b: Crawdaunt|Crawdaunt, M|100\/100\n|turn|5\n|\n|t:|1695618755\n|move|p1a: Raticate|Sucker Punch|p2b: Mew\n|-damage|p2b: Mew|34\/100\n|move|p1b: Crawdaunt|Aqua Jet|p2b: Mew\n|-resisted|p2b: Mew\n|-damage|p2b: Mew|14\/100\n|-damage|p1b: Crawdaunt|90\/100|[from] item: Life Orb\n|move|p2b: Mew|Outrage|p1a: Raticate|[from]lockedmove\n|-enditem|p1a: Raticate|Focus Sash\n|-damage|p1a: Raticate|1\/100\n|-start|p2b: Mew|confusion|[fatigue]\n|move|p2a: Gothitelle|Calm Mind|p2a: Gothitelle\n|-boost|p2a: Gothitelle|spa|1\n|-boost|p2a: Gothitelle|spd|1\n|\n|upkeep\n|turn|6\n|\n|t:|1695618774\n|move|p1b: Crawdaunt|Aqua Jet|p2b: Mew\n|-resisted|p2b: Mew\n|-damage|p2b: Mew|0 fnt\n|faint|p2b: Mew\n|-damage|p1b: Crawdaunt|80\/100|[from] item: Life Orb\n|move|p1a: Raticate|Endeavor|p2a: Gothitelle\n|-damage|p2a: Gothitelle|1\/100\n|move|p2a: Gothitelle|Calm Mind|p2a: Gothitelle\n|-boost|p2a: Gothitelle|spa|1\n|-boost|p2a: Gothitelle|spd|1\n|\n|-heal|p2a: Gothitelle|7\/100|[from] item: Leftovers\n|upkeep\n|\n|t:|1695618778\n|switch|p2b: Marowak|Marowak-Alola, F, shiny|100\/100\n|turn|7\n|\n|t:|1695618795\n|-terastallize|p2b: Marowak|Steel\n|move|p1a: Raticate|Sucker Punch||[still]\n|-fail|p1a: Raticate\n|move|p1b: Crawdaunt|Aqua Jet|p2a: Gothitelle\n|-damage|p2a: Gothitelle|0 fnt\n|faint|p2a: Gothitelle\n|-damage|p1b: Crawdaunt|70\/100|[from] item: Life Orb\n|move|p2b: Marowak|Belly Drum|p2b: Marowak\n|-damage|p2b: Marowak|51\/100\n|-setboost|p2b: Marowak|atk|6|[from] move: Belly Drum\n|\n|upkeep\n|\n|t:|1695618817\n|switch|p2a: Greninja|Greninja, M|100\/100\n|turn|8\n|\n|t:|1695618828\n|switch|p2a: Sinistcha|Sinistcha-Masterpiece|100\/100\n|-heal|p2b: Marowak|76\/100|[from] ability: Hospitality|[of] p2a: Sinistcha\n|move|p2b: Marowak|Protect|p2b: Marowak\n|-singleturn|p2b: Marowak|Protect\n|move|p1a: Raticate|Endeavor|p2b: Marowak\n|-activate|p2b: Marowak|move: Protect\n|move|p1b: Crawdaunt|Knock Off|p2b: Marowak\n|-activate|p2b: Marowak|move: Protect\n|\n|upkeep\n|turn|9\n|\n|t:|1695618845\n|move|p1a: Raticate|Endeavor|p2b: Marowak\n|-damage|p2b: Marowak|1\/100\n|move|p2b: Marowak|Flame Charge|p1a: Raticate\n|-damage|p1a: Raticate|0 fnt\n|-boost|p2b: Marowak|spe|1\n|faint|p1a: Raticate\n|move|p2a: Sinistcha|Life Dew||[still]|[spread] p2a,p2b\n|-fail|p2a: Sinistcha|heal\n|-heal|p2b: Marowak|26\/100\n|move|p1b: Crawdaunt|Knock Off|p2a: Sinistcha\n|-supereffective|p2a: Sinistcha\n|-crit|p2a: Sinistcha\n|-damage|p2a: Sinistcha|0 fnt\n|-enditem|p2a: Sinistcha|Leftovers|[from] move: Knock Off|[of] p1b: Crawdaunt\n|faint|p2a: Sinistcha\n|-damage|p1b: Crawdaunt|60\/100|[from] item: Life Orb\n|\n|upkeep\n|\n|t:|1695618860\n|switch|p1a: Indeedee|Indeedee-F, F|100\/100\n|switch|p2a: Greninja|Greninja, M|100\/100\n|turn|10\n|\n|t:|1695618868\n|move|p1a: Indeedee|Fake Out|p2b: Marowak\n|-resisted|p2b: Marowak\n|-damage|p2b: Marowak|21\/100\n|move|p1b: Crawdaunt|Aqua Jet|p2b: Marowak\n|-damage|p2b: Marowak|0 fnt\n|faint|p2b: Marowak\n|-damage|p1b: Crawdaunt|50\/100|[from] item: Life Orb\n|move|p2a: Greninja|Mat Block|p2a: Greninja\n|-singleturn|p2a: Greninja|Mat Block\n|\n|upkeep\n|\n|t:|1695618871\n|switch|p2b: Deoxys|Deoxys-Defense|100\/100\n|-ability|p2b: Deoxys|Pressure\n|turn|11\n|\n|t:|1695618888\n|-terastallize|p1b: Crawdaunt|Grass\n|move|p2a: Greninja|Water Shuriken|p1a: Indeedee\n|-damage|p1a: Indeedee|94\/100\n|-crit|p1a: Indeedee\n|-damage|p1a: Indeedee|84\/100\n|-damage|p1a: Indeedee|78\/100\n|-hitcount|p1a: Indeedee|3\n|move|p1a: Indeedee|Heal Pulse|p1b: Crawdaunt\n|-heal|p1b: Crawdaunt|100\/100\n|move|p2b: Deoxys|Stealth Rock|p1a: Indeedee\n|-sidestart|p1: Penguin Stylez|move: Stealth Rock\n|move|p1b: Crawdaunt|Knock Off|p2b: Deoxys\n|-supereffective|p2b: Deoxys\n|-damage|p2b: Deoxys|0 fnt\n|-enditem|p2b: Deoxys|Leftovers|[from] move: Knock Off|[of] p1b: Crawdaunt\n|faint|p2b: Deoxys\n|-damage|p1b: Crawdaunt|90\/100|[from] item: Life Orb\n|\n|upkeep\n|turn|12\n|\n|t:|1695618911\n|move|p1a: Indeedee|Follow Me|p1a: Indeedee\n|-singleturn|p1a: Indeedee|move: Follow Me\n|move|p2a: Greninja|Echoed Voice|p1a: Indeedee\n|-damage|p1a: Indeedee|66\/100\n|move|p1b: Crawdaunt|Knock Off|p2a: Greninja\n|-resisted|p2a: Greninja\n|-damage|p2a: Greninja|47\/100\n|-enditem|p2a: Greninja|Focus Sash|[from] move: Knock Off|[of] p1b: Crawdaunt\n|-damage|p1b: Crawdaunt|80\/100|[from] item: Life Orb\n|\n|upkeep\n|turn|13\n|-message|Teamplayer121 forfeited.\n|\n|win|Penguin Stylez\n|raw|Penguin Stylez's rating: 1041 &rarr; <strong>1079<\/strong><br \/>(+38 for winning)\n|raw|Teamplayer121's rating: 1087 &rarr; <strong>1061<\/strong><br \/>(-26 for losing)\n|l|\u2606Teamplayer121\n","uploadtime":1695618926,"views":14,"p1id":"penguinstylez","p2id":"teamplayer121","formatid":"gen9nationaldexdoubles","rating":1061,"private":0,"password":""}