{"id":"gen9nationaldexdoubles-1970508957","p1":"snowgust","p2":"fantian","format":"[Gen 9] National Dex Doubles","log":"|j|\u2606snowgust\n|j|\u2606fantian\n|t:|1697644473\n|gametype|doubles\n|player|p1|snowgust|1|1160\n|player|p2|fantian|cynthia|1024\n|teamsize|p1|6\n|teamsize|p2|6\n|gen|9\n|tier|[Gen 9] National Dex Doubles\n|rated|\n|rule|HP Percentage Mod: HP is shown in percentages\n|rule|Endless Battle Clause: Forcing endless battles is banned\n|rule|OHKO Clause: OHKO moves are banned\n|rule|Evasion Moves Clause: Evasion moves are banned\n|rule|Evasion Abilities Clause: Evasion abilities are banned\n|rule|Species Clause: Limit one of each Pok\u00e9mon\n|rule|Gravity Sleep Clause: The combination of sleep-inducing moves with imperfect accuracy and Gravity or Gigantamax Orbeetle are banned\n|clearpoke\n|poke|p1|Dunsparce, M|\n|poke|p1|Dudunsparce-*, F|\n|poke|p1|Roaring Moon|\n|poke|p1|Sableye, F|\n|poke|p1|Blissey, F|\n|poke|p1|Dragonite, F|\n|poke|p2|Charizard, F|\n|poke|p2|Toxapex, M|\n|poke|p2|Great Tusk|\n|poke|p2|Ninetales-Alola, F|\n|poke|p2|Iron Leaves|\n|poke|p2|Tapu Koko|\n|teampreview\n|\n|t:|1697644480\n|start\n|switch|p1a: Dunsparce|Dunsparce, M|100\/100\n|switch|p1b: Sableye|Sableye, F|100\/100\n|switch|p2a: Ninetales|Ninetales-Alola, F|100\/100\n|switch|p2b: Great Tusk|Great Tusk|100\/100\n|-weather|Snow|[from] ability: Snow Warning|[of] p2a: Ninetales\n|-enditem|p2b: Great Tusk|Booster Energy\n|-activate|p2b: Great Tusk|ability: Protosynthesis|[fromitem]\n|-start|p2b: Great Tusk|protosynthesisspe\n|turn|1\n|inactive|Battle timer is ON: inactive players will automatically lose when time's up. (requested by fantian)\n|\n|t:|1697644499\n|move|p1b: Sableye|Quash|p2b: Great Tusk\n|-activate|p2b: Great Tusk|move: Quash\n|move|p2a: Ninetales|Aurora Veil|p2a: Ninetales\n|-sidestart|p2: fantian|move: Aurora Veil\n|move|p1a: Dunsparce|Rock Slide|p2a: Ninetales|[spread] p2a,p2b\n|-supereffective|p2a: Ninetales\n|-resisted|p2b: Great Tusk\n|-damage|p2a: Ninetales|82\/100\n|-damage|p2b: Great Tusk|99\/100\n|cant|p2b: Great Tusk|flinch\n|\n|-weather|Snow|[upkeep]\n|upkeep\n|turn|2\n|\n|t:|1697644514\n|move|p1b: Sableye|Thunder Wave|p2a: Ninetales\n|-status|p2a: Ninetales|par\n|move|p2b: Great Tusk|Bulk Up|p2b: Great Tusk\n|-boost|p2b: Great Tusk|atk|1\n|-boost|p2b: Great Tusk|def|1\n|move|p1a: Dunsparce|Rock Slide|p2b: Great Tusk|[spread] p2a,p2b\n|-supereffective|p2a: Ninetales\n|-resisted|p2b: Great Tusk\n|-damage|p2a: Ninetales|63\/100 par\n|-damage|p2b: Great Tusk|99\/100\n|cant|p2a: Ninetales|flinch\n|\n|-weather|Snow|[upkeep]\n|upkeep\n|turn|3\n|\n|t:|1697644528\n|switch|p2a: Charizard|Charizard, F|100\/100\n|move|p1b: Sableye|Quash|p2b: Great Tusk\n|-activate|p2b: Great Tusk|move: Quash\n|move|p1a: Dunsparce|Rock Slide|p2b: Great Tusk|[spread] p2a,p2b\n|-supereffective|p2a: Charizard\n|-resisted|p2b: Great Tusk\n|-damage|p2a: Charizard|47\/100\n|-damage|p2b: Great Tusk|98\/100\n|move|p2b: Great Tusk|Bulk Up|p2b: Great Tusk\n|-boost|p2b: Great Tusk|atk|1\n|-boost|p2b: Great Tusk|def|1\n|\n|-weather|Snow|[upkeep]\n|upkeep\n|turn|4\n|\n|t:|1697644545\n|detailschange|p2a: Charizard|Charizard-Mega-Y, F\n|-mega|p2a: Charizard|Charizard|Charizardite Y\n|-weather|SunnyDay|[from] ability: Drought|[of] p2a: Charizard\n|move|p1b: Sableye|Gravity|p1b: Sableye\n|-fieldstart|move: Gravity\n|move|p2b: Great Tusk|Head Smash|p1a: Dunsparce\n|-damage|p1a: Dunsparce|0 fnt\n|faint|p1a: Dunsparce\n|-damage|p2b: Great Tusk|59\/100|[from] Recoil\n|move|p2a: Charizard|Weather Ball|p1b: Sableye\n|-damage|p1b: Sableye|0 fnt\n|faint|p1b: Sableye\n|\n|-weather|SunnyDay|[upkeep]\n|upkeep\n|\n|t:|1697644568\n|switch|p1a: Roaring Moon|Roaring Moon|100\/100\n|switch|p1b: Dragonite|Dragonite, F|100\/100\n|-activate|p1a: Roaring Moon|ability: Protosynthesis\n|-start|p1a: Roaring Moon|protosynthesisatk\n|turn|5\n|\n|t:|1697644590\n|move|p2b: Great Tusk|Headlong Rush|p1a: Roaring Moon\n|-damage|p1a: Roaring Moon|0 fnt\n|-unboost|p2b: Great Tusk|def|1\n|-unboost|p2b: Great Tusk|spd|1\n|faint|p1a: Roaring Moon\n|-end|p1a: Roaring Moon|Protosynthesis|[silent]\n|move|p2a: Charizard|Weather Ball|p1b: Dragonite\n|-resisted|p1b: Dragonite\n|-damage|p1b: Dragonite|87\/100\n|move|p1b: Dragonite|Dragon Dance|p1b: Dragonite\n|-boost|p1b: Dragonite|atk|1\n|-boost|p1b: Dragonite|spe|1\n|\n|-weather|SunnyDay|[upkeep]\n|-heal|p1b: Dragonite|93\/100|[from] item: Leftovers\n|upkeep\n|\n|t:|1697644603\n|switch|p1a: Dudunsparce|Dudunsparce, F|100\/100\n|turn|6\n|\n|t:|1697644633\n|switch|p2a: Tapu Koko|Tapu Koko|100\/100\n|-fieldstart|move: Electric Terrain|[from] ability: Electric Surge|[of] p2a: Tapu Koko\n|-terastallize|p1a: Dudunsparce|Poison\n|move|p2b: Great Tusk|Headlong Rush|p1b: Dragonite\n|-damage|p1b: Dragonite|5\/100\n|-unboost|p2b: Great Tusk|def|1\n|-unboost|p2b: Great Tusk|spd|1\n|move|p1b: Dragonite|Dragon Dance|p1b: Dragonite\n|-boost|p1b: Dragonite|atk|1\n|-boost|p1b: Dragonite|spe|1\n|move|p1a: Dudunsparce|Agility|p1a: Dudunsparce\n|-boost|p1a: Dudunsparce|spe|2\n|\n|-weather|SunnyDay|[upkeep]\n|-heal|p1b: Dragonite|12\/100|[from] item: Leftovers\n|upkeep\n|turn|7\n|\n|t:|1697644651\n|move|p2b: Great Tusk|Headlong Rush|p1a: Dudunsparce\n|-supereffective|p1a: Dudunsparce\n|-damage|p1a: Dudunsparce|0 fnt\n|-unboost|p2b: Great Tusk|def|1\n|-unboost|p2b: Great Tusk|spd|1\n|faint|p1a: Dudunsparce\n|move|p1b: Dragonite|Rock Slide|p2a: Tapu Koko|[spread] p2a,p2b\n|-resisted|p2b: Great Tusk\n|-crit|p2b: Great Tusk\n|-damage|p2a: Tapu Koko|75\/100\n|-damage|p2b: Great Tusk|47\/100\n|move|p2a: Tapu Koko|Volt Switch|p1b: Dragonite\n|-damage|p1b: Dragonite|0 fnt\n|faint|p1b: Dragonite\n|-message|snowgust forfeited.\n|\n|win|fantian\n|raw|snowgust's rating: 1160 &rarr; <strong>1126<\/strong><br \/>(-34 for losing)\n|raw|fantian's rating: 1024 &rarr; <strong>1074<\/strong><br \/>(+50 for winning)\n|l|\u2606snowgust\n","uploadtime":1697644667,"views":6,"p1id":"snowgust","p2id":"fantian","formatid":"gen9nationaldexdoubles","rating":1074,"private":0,"password":""}