{"id":"gen9nationaldexdoubles-1948236492","p1":"Specsstrum","p2":"kingspeed51","format":"[Gen 9] National Dex Doubles","log":"|j|\u2606Specsstrum\n|j|\u2606kingspeed51\n|t:|1695241104\n|gametype|doubles\n|player|p1|Specsstrum|1|1047\n|player|p2|kingspeed51|170|1145\n|teamsize|p1|6\n|teamsize|p2|6\n|gen|9\n|tier|[Gen 9] National Dex Doubles\n|rated|\n|rule|HP Percentage Mod: HP is shown in percentages\n|rule|Endless Battle Clause: Forcing endless battles is banned\n|rule|OHKO Clause: OHKO moves are banned\n|rule|Evasion Moves Clause: Evasion moves are banned\n|rule|Evasion Abilities Clause: Evasion abilities are banned\n|rule|Species Clause: Limit one of each Pok\u00e9mon\n|rule|Gravity Sleep Clause: The combination of sleep-inducing moves with imperfect accuracy and Gravity or Gigantamax Orbeetle are banned\n|clearpoke\n|poke|p1|Oricorio-Pom-Pom, F|\n|poke|p1|Volcarona, M|\n|poke|p1|Feraligatr, M|\n|poke|p1|Mienshao, F|\n|poke|p1|Glalie, M|\n|poke|p1|Metagross|\n|poke|p2|Metagross|\n|poke|p2|Roaring Moon|\n|poke|p2|Milotic, M|\n|poke|p2|Sinistcha|\n|poke|p2|Talonflame, M|\n|poke|p2|Chansey, F|\n|teampreview\n|\n|t:|1695241137\n|start\n|switch|p1a: Oricorio|Oricorio-Pom-Pom, F, shiny|100\/100\n|switch|p1b: Volcarona|Volcarona, M, shiny|100\/100\n|switch|p2a: Talonflame|Talonflame, M|100\/100\n|switch|p2b: Roaring Moon|Roaring Moon|100\/100\n|-enditem|p2b: Roaring Moon|Booster Energy\n|-activate|p2b: Roaring Moon|ability: Protosynthesis|[fromitem]\n|-start|p2b: Roaring Moon|protosynthesisatk\n|turn|1\n|j| Ashkecham1107\n|\n|t:|1695241157\n|move|p2a: Talonflame|Tailwind|p2a: Talonflame\n|-sidestart|p2: kingspeed51|move: Tailwind\n|move|p2b: Roaring Moon|Acrobatics|p1b: Volcarona\n|-supereffective|p1b: Volcarona\n|-enditem|p1b: Volcarona|Focus Sash\n|-damage|p1b: Volcarona|1\/100\n|move|p1b: Volcarona|Quiver Dance|p1b: Volcarona\n|-boost|p1b: Volcarona|spa|1\n|-boost|p1b: Volcarona|spd|1\n|-boost|p1b: Volcarona|spe|1\n|-activate|p1a: Oricorio|ability: Dancer\n|move|p1a: Oricorio|Quiver Dance|p1a: Oricorio|[from]ability: Dancer\n|-boost|p1a: Oricorio|spa|1\n|-boost|p1a: Oricorio|spd|1\n|-boost|p1a: Oricorio|spe|1\n|move|p1a: Oricorio|Revelation Dance|p2a: Talonflame\n|-supereffective|p2a: Talonflame\n|-enditem|p2a: Talonflame|Focus Sash\n|-damage|p2a: Talonflame|1\/100\n|-damage|p1a: Oricorio|91\/100|[from] item: Life Orb\n|\n|upkeep\n|turn|2\n|j| UprisingUpsilon\n|\n|t:|1695241193\n|move|p2a: Talonflame|Protect|p2a: Talonflame\n|-singleturn|p2a: Talonflame|Protect\n|move|p2b: Roaring Moon|Outrage|p1b: Volcarona\n|-damage|p1b: Volcarona|0 fnt\n|faint|p1b: Volcarona\n|move|p1a: Oricorio|Air Slash|p2b: Roaring Moon\n|-damage|p2b: Roaring Moon|37\/100\n|-damage|p1a: Oricorio|81\/100|[from] item: Life Orb\n|\n|upkeep\n|l| UprisingUpsilon\n|\n|t:|1695241209\n|switch|p1b: Feraligatr|Feraligatr, M, shiny|100\/100\n|turn|3\n|\n|t:|1695241231\n|move|p1a: Oricorio|Protect|p1a: Oricorio\n|-singleturn|p1a: Oricorio|Protect\n|move|p2a: Talonflame|Flare Blitz|p1a: Oricorio\n|-activate|p1a: Oricorio|move: Protect\n|move|p2b: Roaring Moon|Outrage|p1a: Oricorio|[from]lockedmove\n|-activate|p1a: Oricorio|move: Protect\n|move|p1b: Feraligatr|Dragon Dance|p1b: Feraligatr\n|-boost|p1b: Feraligatr|atk|1\n|-boost|p1b: Feraligatr|spe|1\n|-activate|p1a: Oricorio|ability: Dancer\n|move|p1a: Oricorio|Dragon Dance|p1a: Oricorio|[from]ability: Dancer\n|-boost|p1a: Oricorio|atk|1\n|-boost|p1a: Oricorio|spe|1\n|\n|upkeep\n|turn|4\n|\n|t:|1695241262\n|move|p2a: Talonflame|Brave Bird|p1b: Feraligatr\n|-damage|p1b: Feraligatr|64\/100\n|-damage|p2a: Talonflame|0 fnt|[from] Recoil\n|faint|p2a: Talonflame\n|move|p2b: Roaring Moon|Outrage|p1a: Oricorio\n|-damage|p1a: Oricorio|0 fnt\n|faint|p1a: Oricorio\n|move|p1b: Feraligatr|Crunch|p2b: Roaring Moon\n|-resisted|p2b: Roaring Moon\n|-damage|p2b: Roaring Moon|0 fnt\n|faint|p2b: Roaring Moon\n|-end|p2b: Roaring Moon|Protosynthesis|[silent]\n|\n|-sideend|p2: kingspeed51|move: Tailwind\n|upkeep\n|\n|t:|1695241290\n|switch|p2a: Sinistcha|Sinistcha|100\/100\n|switch|p2b: Metagross|Metagross|100\/100\n|switch|p1a: Metagross|Metagross, shiny|100\/100\n|turn|5\n|\n|t:|1695241309\n|switch|p2b: Chansey|Chansey, F|100\/100\n|-terastallize|p2a: Sinistcha|Water\n|move|p1b: Feraligatr|Ice Punch|p2a: Sinistcha\n|-resisted|p2a: Sinistcha\n|-damage|p2a: Sinistcha|72\/100\n|move|p2a: Sinistcha|Shadow Ball|p1a: Metagross\n|-supereffective|p1a: Metagross\n|-damage|p1a: Metagross|50\/100\n|move|p1a: Metagross|Earthquake|p2b: Chansey|[spread] p1b,p2a,p2b\n|-crit|p2b: Chansey\n|-damage|p1b: Feraligatr|37\/100\n|-damage|p2a: Sinistcha|45\/100\n|-damage|p2b: Chansey|74\/100\n|\n|upkeep\n|turn|6\n|\n|t:|1695241346\n|-terastallize|p1a: Metagross|Steel\n|move|p1a: Metagross|Bullet Punch|p2a: Sinistcha\n|-resisted|p2a: Sinistcha\n|-damage|p2a: Sinistcha|30\/100\n|move|p1b: Feraligatr|Waterfall|p2b: Chansey\n|-damage|p2b: Chansey|11\/100\n|move|p2a: Sinistcha|Matcha Gotcha|p1a: Metagross|[spread] p1a,p1b\n|-resisted|p1a: Metagross\n|-supereffective|p1b: Feraligatr\n|-damage|p1a: Metagross|42\/100\n|-heal|p2a: Sinistcha|35\/100|[from] drain|[of] p1a: Metagross\n|-damage|p1b: Feraligatr|0 fnt\n|-heal|p2a: Sinistcha|51\/100|[from] drain|[of] p1b: Feraligatr\n|faint|p1b: Feraligatr\n|move|p2b: Chansey|Seismic Toss|p1a: Metagross\n|-damage|p1a: Metagross|15\/100\n|\n|upkeep\n|\n|t:|1695241362\n|switch|p1b: Mienshao|Mienshao, F, shiny|100\/100\n|turn|7\n|\n|t:|1695241371\n|switch|p2b: Metagross|Metagross|100\/100\n|move|p2a: Sinistcha|Protect|p2a: Sinistcha\n|-singleturn|p2a: Sinistcha|Protect\n|move|p1b: Mienshao|Fake Out|p2a: Sinistcha\n|-activate|p2a: Sinistcha|move: Protect\n|move|p1a: Metagross|Bullet Punch|p2b: Metagross\n|-resisted|p2b: Metagross\n|-damage|p2b: Metagross|87\/100\n|\n|upkeep\n|turn|8\n|\n|t:|1695241393\n|move|p1b: Mienshao|Knock Off|p2b: Metagross\n|-supereffective|p2b: Metagross\n|-damage|p2b: Metagross|12\/100\n|-enditem|p2b: Metagross|Weakness Policy\n|-boost|p2b: Metagross|atk|2|[from] item: Weakness Policy\n|-boost|p2b: Metagross|spa|2|[from] item: Weakness Policy\n|-damage|p1b: Mienshao|91\/100|[from] item: Life Orb\n|move|p2b: Metagross|Earthquake|p1a: Metagross|[spread] p2a,p1a,p1b\n|-supereffective|p1a: Metagross\n|-damage|p2a: Sinistcha|5\/100\n|-damage|p1a: Metagross|0 fnt\n|-damage|p1b: Mienshao|0 fnt\n|faint|p1a: Metagross\n|faint|p1b: Mienshao\n|move|p2a: Sinistcha|Shadow Ball|p1: Metagross|[notarget]\n|-fail|p2a: Sinistcha\n|\n|upkeep\n|\n|t:|1695241406\n|switch|p1b: Glalie|Glalie, M|100\/100\n|turn|9\n|\n|t:|1695241415\n|detailschange|p1b: Glalie|Glalie-Mega, M\n|-mega|p1b: Glalie|Glalie|Glalitite\n|move|p2b: Metagross|Meteor Mash|p1b: Glalie\n|-supereffective|p1b: Glalie\n|-damage|p1b: Glalie|0 fnt\n|faint|p1b: Glalie\n|\n|win|kingspeed51\n|raw|Specsstrum's rating: 1047 &rarr; <strong>1035<\/strong><br \/>(-12 for losing)\n|raw|kingspeed51's rating: 1145 &rarr; <strong>1163<\/strong><br \/>(+18 for winning)\n|l|\u2606Specsstrum\n","uploadtime":1695241422,"views":10,"p1id":"specsstrum","p2id":"kingspeed51","formatid":"gen9nationaldexdoubles","rating":1035,"private":0,"password":""}