{"id":"gen9nationaldexdoubles-1966112334","p1":"PrincessIrina","p2":"zdfgfs rsdgdsfh","format":"[Gen 9] National Dex Doubles","log":"|j|\u2606PrincessIrina\n|j|\u2606zdfgfs rsdgdsfh\n|t:|1697146000\n|gametype|doubles\n|player|p1|PrincessIrina|caitlin|1076\n|player|p2|zdfgfs rsdgdsfh|lucas|1000\n|teamsize|p1|6\n|teamsize|p2|6\n|gen|9\n|tier|[Gen 9] National Dex Doubles\n|rated|\n|rule|HP Percentage Mod: HP is shown in percentages\n|rule|Endless Battle Clause: Forcing endless battles is banned\n|rule|OHKO Clause: OHKO moves are banned\n|rule|Evasion Moves Clause: Evasion moves are banned\n|rule|Evasion Abilities Clause: Evasion abilities are banned\n|rule|Species Clause: Limit one of each Pok\u00e9mon\n|rule|Gravity Sleep Clause: The combination of sleep-inducing moves with imperfect accuracy and Gravity or Gigantamax Orbeetle are banned\n|clearpoke\n|poke|p1|Ambipom, M|\n|poke|p1|Dedenne, M|\n|poke|p1|Linoone-Galar, F|\n|poke|p1|Diggersby, F|\n|poke|p1|Pachirisu, M|\n|poke|p1|Aipom, M|\n|poke|p2|Indeedee-F, F|\n|poke|p2|Oranguru, F|\n|poke|p2|Glastrier|\n|poke|p2|Hoopa-Unbound|\n|poke|p2|Ursaluna, F|\n|poke|p2|Zygarde|\n|teampreview\n|inactive|Battle timer is ON: inactive players will automatically lose when time's up. (requested by zdfgfs rsdgdsfh)\n|\n|t:|1697146017\n|start\n|switch|p1a: Ambipom|Ambipom, M|100\/100\n|switch|p1b: Linoone|Linoone-Galar, F|100\/100\n|switch|p2a: Hoopa|Hoopa-Unbound|100\/100\n|switch|p2b: Zygarde|Zygarde|100\/100\n|-ability|p2b: Zygarde|Aura Break\n|turn|1\n|\n|t:|1697146024\n|-terastallize|p1a: Ambipom|Dark\n|move|p1a: Ambipom|Fling|p2a: Hoopa\n|-damage|p2a: Hoopa|64\/100\n|-enditem|p1a: Ambipom|Razor Fang|[from] move: Fling\n|move|p1b: Linoone|Fling|p2b: Zygarde\n|-damage|p2b: Zygarde|93\/100\n|-enditem|p1b: Linoone|Razor Fang|[from] move: Fling\n|cant|p2b: Zygarde|flinch\n|cant|p2a: Hoopa|flinch\n|\n|-item|p1a: Ambipom|Razor Fang|[from] ability: Pickup\n|-item|p1b: Linoone|Razor Fang|[from] ability: Pickup\n|upkeep\n|turn|2\n|inactive|zdfgfs rsdgdsfh has 120 seconds left.\n|\n|t:|1697146065\n|move|p2b: Zygarde|Protect|p2b: Zygarde\n|-singleturn|p2b: Zygarde|Protect\n|move|p1a: Ambipom|Fling|p2a: Hoopa\n|-damage|p2a: Hoopa|30\/100\n|-enditem|p1a: Ambipom|Razor Fang|[from] move: Fling\n|move|p1b: Linoone|Fling|p2b: Zygarde\n|-activate|p2b: Zygarde|move: Protect\n|-enditem|p1b: Linoone|Razor Fang|[from] move: Fling\n|cant|p2a: Hoopa|flinch\n|\n|-item|p1a: Ambipom|Razor Fang|[from] ability: Pickup\n|-item|p1b: Linoone|Razor Fang|[from] ability: Pickup\n|upkeep\n|turn|3\n|inactive|zdfgfs rsdgdsfh has 120 seconds left.\n|\n|t:|1697146086\n|move|p1a: Ambipom|Fling|p2a: Hoopa\n|-damage|p2a: Hoopa|0 fnt\n|-enditem|p1a: Ambipom|Razor Fang|[from] move: Fling\n|faint|p2a: Hoopa\n|move|p1b: Linoone|Fling|p2b: Zygarde\n|-damage|p2b: Zygarde|86\/100\n|-enditem|p1b: Linoone|Razor Fang|[from] move: Fling\n|cant|p2b: Zygarde|flinch\n|\n|-item|p1a: Ambipom|Razor Fang|[from] ability: Pickup\n|-item|p1b: Linoone|Razor Fang|[from] ability: Pickup\n|upkeep\n|\n|t:|1697146094\n|switch|p2a: Oranguru|Oranguru, F|100\/100\n|turn|4\n|\n|t:|1697146106\n|move|p2b: Zygarde|Protect|p2b: Zygarde\n|-singleturn|p2b: Zygarde|Protect\n|move|p1a: Ambipom|Fling|p2a: Oranguru\n|-supereffective|p2a: Oranguru\n|-damage|p2a: Oranguru|61\/100\n|-enditem|p1a: Ambipom|Razor Fang|[from] move: Fling\n|move|p1b: Linoone|Fling|p2b: Zygarde\n|-activate|p2b: Zygarde|move: Protect\n|-enditem|p1b: Linoone|Razor Fang|[from] move: Fling\n|cant|p2a: Oranguru|flinch\n|\n|-item|p1a: Ambipom|Razor Fang|[from] ability: Pickup\n|-item|p1b: Linoone|Razor Fang|[from] ability: Pickup\n|upkeep\n|turn|5\n|\n|t:|1697146123\n|move|p1a: Ambipom|Fling|p2b: Zygarde\n|-damage|p2b: Zygarde|66\/100\n|-enditem|p1a: Ambipom|Razor Fang|[from] move: Fling\n|move|p1b: Linoone|Fling|p2a: Oranguru\n|-supereffective|p2a: Oranguru\n|-damage|p2a: Oranguru|47\/100\n|-enditem|p1b: Linoone|Razor Fang|[from] move: Fling\n|cant|p2b: Zygarde|flinch\n|cant|p2a: Oranguru|flinch\n|\n|-item|p1a: Ambipom|Razor Fang|[from] ability: Pickup\n|-item|p1b: Linoone|Razor Fang|[from] ability: Pickup\n|upkeep\n|turn|6\n|inactive|zdfgfs rsdgdsfh has 120 seconds left.\n|\n|t:|1697146163\n|switch|p2a: Ursaluna|Ursaluna, F|100\/100\n|move|p2b: Zygarde|Protect|p2b: Zygarde\n|-singleturn|p2b: Zygarde|Protect\n|move|p1a: Ambipom|Fling|p2a: Ursaluna\n|-damage|p2a: Ursaluna|82\/100\n|-enditem|p1a: Ambipom|Razor Fang|[from] move: Fling\n|move|p1b: Linoone|Fling|p2b: Zygarde\n|-activate|p2b: Zygarde|move: Protect\n|-enditem|p1b: Linoone|Razor Fang|[from] move: Fling\n|\n|-item|p1a: Ambipom|Razor Fang|[from] ability: Pickup\n|-item|p1b: Linoone|Razor Fang|[from] ability: Pickup\n|-status|p2a: Ursaluna|brn|[from] item: Flame Orb\n|upkeep\n|turn|7\n|\n|t:|1697146179\n|move|p2b: Zygarde|Protect||[still]\n|-fail|p2b: Zygarde\n|move|p2a: Ursaluna|Protect|p2a: Ursaluna\n|-singleturn|p2a: Ursaluna|Protect\n|move|p1a: Ambipom|Fling|p2b: Zygarde\n|-damage|p2b: Zygarde|49\/100\n|-enditem|p1a: Ambipom|Razor Fang|[from] move: Fling\n|move|p1b: Linoone|Fling|p2a: Ursaluna\n|-activate|p2a: Ursaluna|move: Protect\n|-enditem|p1b: Linoone|Razor Fang|[from] move: Fling\n|\n|-damage|p2a: Ursaluna|76\/100 brn|[from] brn\n|-item|p1a: Ambipom|Razor Fang|[from] ability: Pickup\n|-item|p1b: Linoone|Razor Fang|[from] ability: Pickup\n|upkeep\n|turn|8\n|\n|t:|1697146193\n|move|p2b: Zygarde|Protect|p2b: Zygarde\n|-singleturn|p2b: Zygarde|Protect\n|move|p2a: Ursaluna|Protect|p2a: Ursaluna\n|-singleturn|p2a: Ursaluna|Protect\n|move|p1a: Ambipom|Fling|p2a: Ursaluna\n|-activate|p2a: Ursaluna|move: Protect\n|-enditem|p1a: Ambipom|Razor Fang|[from] move: Fling\n|move|p1b: Linoone|Fling|p2b: Zygarde\n|-activate|p2b: Zygarde|move: Protect\n|-enditem|p1b: Linoone|Razor Fang|[from] move: Fling\n|\n|-damage|p2a: Ursaluna|70\/100 brn|[from] brn\n|-item|p1a: Ambipom|Razor Fang|[from] ability: Pickup\n|-item|p1b: Linoone|Razor Fang|[from] ability: Pickup\n|upkeep\n|turn|9\n|\n|t:|1697146206\n|move|p2b: Zygarde|Protect||[still]\n|-fail|p2b: Zygarde\n|move|p2a: Ursaluna|Protect||[still]\n|-fail|p2a: Ursaluna\n|move|p1a: Ambipom|Fling|p2b: Zygarde\n|-damage|p2b: Zygarde|32\/100\n|-enditem|p1a: Ambipom|Razor Fang|[from] move: Fling\n|move|p1b: Linoone|Fling|p2a: Ursaluna\n|-damage|p2a: Ursaluna|62\/100 brn\n|-enditem|p1b: Linoone|Razor Fang|[from] move: Fling\n|\n|-damage|p2a: Ursaluna|56\/100 brn|[from] brn\n|-item|p1a: Ambipom|Razor Fang|[from] ability: Pickup\n|-item|p1b: Linoone|Razor Fang|[from] ability: Pickup\n|upkeep\n|turn|10\n|\n|t:|1697146215\n|move|p2b: Zygarde|Protect|p2b: Zygarde\n|-singleturn|p2b: Zygarde|Protect\n|move|p2a: Ursaluna|Protect|p2a: Ursaluna\n|-singleturn|p2a: Ursaluna|Protect\n|move|p1a: Ambipom|Fling|p2a: Ursaluna\n|-activate|p2a: Ursaluna|move: Protect\n|-enditem|p1a: Ambipom|Razor Fang|[from] move: Fling\n|move|p1b: Linoone|Fling|p2b: Zygarde\n|-activate|p2b: Zygarde|move: Protect\n|-enditem|p1b: Linoone|Razor Fang|[from] move: Fling\n|\n|-damage|p2a: Ursaluna|50\/100 brn|[from] brn\n|-item|p1a: Ambipom|Razor Fang|[from] ability: Pickup\n|-item|p1b: Linoone|Razor Fang|[from] ability: Pickup\n|upkeep\n|turn|11\n|\n|t:|1697146232\n|move|p2b: Zygarde|Protect||[still]\n|-fail|p2b: Zygarde\n|move|p2a: Ursaluna|Protect|p2a: Ursaluna\n|-singleturn|p2a: Ursaluna|Protect\n|move|p1a: Ambipom|Brick Break|p2a: Ursaluna\n|-activate|p2a: Ursaluna|move: Protect\n|move|p1b: Linoone|Seed Bomb|p2b: Zygarde\n|-damage|p2b: Zygarde|19\/100\n|\n|-damage|p2a: Ursaluna|43\/100 brn|[from] brn\n|upkeep\n|turn|12\n|\n|t:|1697146249\n|move|p2b: Zygarde|Protect|p2b: Zygarde\n|-singleturn|p2b: Zygarde|Protect\n|move|p1a: Ambipom|Brick Break|p2a: Ursaluna\n|-supereffective|p2a: Ursaluna\n|-damage|p2a: Ursaluna|12\/100 brn\n|move|p1b: Linoone|Seed Bomb|p2b: Zygarde\n|-activate|p2b: Zygarde|move: Protect\n|move|p2a: Ursaluna|Facade|p1a: Ambipom\n|-damage|p1a: Ambipom|0 fnt\n|faint|p1a: Ambipom\n|\n|-damage|p2a: Ursaluna|6\/100 brn|[from] brn\n|upkeep\n|-message|PrincessIrina forfeited.\n|\n|win|zdfgfs rsdgdsfh\n|raw|PrincessIrina's rating: 1076 &rarr; <strong>1050<\/strong><br \/>(-26 for losing)\n|raw|zdfgfs rsdgdsfh's rating: 1000 &rarr; <strong>1049<\/strong><br \/>(+49 for winning)\n|l|\u2606PrincessIrina\n","uploadtime":1697146263,"views":7,"p1id":"princessirina","p2id":"zdfgfsrsdgdsfh","formatid":"gen9nationaldexdoubles","rating":1049,"private":0,"password":""}