{"id":"gen9nationaldexdoubles-1976145717","p1":"Skyhero752","p2":"El Ryuk456","format":"[Gen 9] National Dex Doubles","log":"|j|\u2606Skyhero752\n|j|\u2606El Ryuk456\n|t:|1698267709\n|gametype|doubles\n|player|p1|Skyhero752|sightseer|1207\n|player|p2|El Ryuk456|ingo|1396\n|teamsize|p1|6\n|teamsize|p2|6\n|gen|9\n|tier|[Gen 9] National Dex Doubles\n|rated|\n|rule|HP Percentage Mod: HP is shown in percentages\n|rule|Endless Battle Clause: Forcing endless battles is banned\n|rule|OHKO Clause: OHKO moves are banned\n|rule|Evasion Moves Clause: Evasion moves are banned\n|rule|Evasion Abilities Clause: Evasion abilities are banned\n|rule|Species Clause: Limit one of each Pok\u00e9mon\n|rule|Gravity Sleep Clause: The combination of sleep-inducing moves with imperfect accuracy and Gravity or Gigantamax Orbeetle are banned\n|clearpoke\n|poke|p1|Ambipom, F|\n|poke|p1|Zoroark, F|\n|poke|p1|Rotom-Wash|\n|poke|p1|Orthworm, M|\n|poke|p1|Kilowattrel, F|\n|poke|p1|Salamence, F|\n|poke|p2|Landorus-Therian, M|\n|poke|p2|Chien-Pao|\n|poke|p2|Armarouge, M|\n|poke|p2|Blastoise, M|\n|poke|p2|Braviary, M|\n|poke|p2|Arboliva, F|\n|teampreview\n|\n|t:|1698267731\n|start\n|switch|p1a: Ambipom|Ambipom, F|100\/100\n|switch|p1b: Salamence|Salamence, F|100\/100\n|switch|p2a: Landorus|Landorus-Therian, M|100\/100\n|switch|p2b: Chien-Pao|Chien-Pao|100\/100\n|-ability|p2a: Landorus|Intimidate|boost\n|-unboost|p1a: Ambipom|atk|1\n|-unboost|p1b: Salamence|atk|1\n|-ability|p2b: Chien-Pao|Sword of Ruin\n|turn|1\n|\n|t:|1698267750\n|move|p1a: Ambipom|Fake Out|p2a: Landorus\n|-damage|p2a: Landorus|75\/100\n|cant|p2a: Landorus|flinch\n|move|p2b: Chien-Pao|Ice Spinner|p1b: Salamence\n|-damage|p1b: Salamence|0 fnt\n|replace|p1b: Zoroark|Zoroark, F\n|-end|p1b: Zoroark|Illusion\n|faint|p1b: Zoroark\n|\n|upkeep\n|\n|t:|1698267761\n|switch|p1b: Kilowattrel|Kilowattrel, F|100\/100\n|turn|2\n|\n|t:|1698267781\n|move|p2a: Landorus|Rock Slide|p1b: Kilowattrel|[spread] p1a,p1b\n|-supereffective|p1b: Kilowattrel\n|-crit|p1b: Kilowattrel\n|-damage|p1a: Ambipom|52\/100\n|-enditem|p1b: Kilowattrel|Focus Sash\n|-damage|p1b: Kilowattrel|1\/100\n|move|p2b: Chien-Pao|Ice Spinner|p1a: Ambipom\n|-damage|p1a: Ambipom|0 fnt\n|faint|p1a: Ambipom\n|move|p1b: Kilowattrel|Tailwind|p1b: Kilowattrel\n|-sidestart|p1: Skyhero752|move: Tailwind\n|-start|p1b: Kilowattrel|Charge|Tailwind|[from] ability: Wind Power\n|\n|upkeep\n|\n|t:|1698267794\n|switch|p1a: Salamence|Salamence, F|100\/100\n|turn|3\n|\n|t:|1698267802\n|-terastallize|p1a: Salamence|Ground\n|move|p2b: Chien-Pao|Sucker Punch|p1b: Kilowattrel\n|-damage|p1b: Kilowattrel|0 fnt\n|faint|p1b: Kilowattrel\n|move|p1a: Salamence|Dragon Dance|p1a: Salamence\n|-boost|p1a: Salamence|atk|1\n|-boost|p1a: Salamence|spe|1\n|move|p2a: Landorus|Rock Slide|p1a: Salamence\n|-resisted|p1a: Salamence\n|-damage|p1a: Salamence|77\/100\n|\n|upkeep\n|\n|t:|1698267812\n|switch|p1b: Orthworm|Orthworm, M|100\/100\n|turn|4\n|inactive|Battle timer is ON: inactive players will automatically lose when time's up. (requested by El Ryuk456)\n|\n|t:|1698267830\n|switch|p2a: Braviary|Braviary, M|100\/100\n|move|p1b: Orthworm|Helping Hand|p1a: Salamence\n|-singleturn|p1a: Salamence|Helping Hand|[of] p1b: Orthworm\n|move|p1a: Salamence|Dragon Claw|p2b: Chien-Pao\n|-enditem|p2b: Chien-Pao|Focus Sash\n|-damage|p2b: Chien-Pao|1\/100\n|move|p2b: Chien-Pao|Ice Spinner|p1a: Salamence\n|-supereffective|p1a: Salamence\n|-damage|p1a: Salamence|0 fnt\n|faint|p1a: Salamence\n|\n|upkeep\n|\n|t:|1698267841\n|switch|p1a: Rotom|Rotom-Wash|100\/100\n|turn|5\n|\n|t:|1698267854\n|move|p2b: Chien-Pao|Protect|p2b: Chien-Pao\n|-singleturn|p2b: Chien-Pao|Protect\n|move|p1a: Rotom|Electroweb|p2b: Chien-Pao|[spread] p2a\n|-activate|p2b: Chien-Pao|move: Protect\n|-supereffective|p2a: Braviary\n|-damage|p2a: Braviary|74\/100\n|-unboost|p2a: Braviary|spe|1\n|-ability|p2a: Braviary|Defiant|boost\n|-boost|p2a: Braviary|atk|2\n|move|p1b: Orthworm|Body Press|p2a: Braviary\n|-damage|p2a: Braviary|37\/100\n|move|p2a: Braviary|Roost|p2a: Braviary\n|-heal|p2a: Braviary|87\/100\n|-singleturn|p2a: Braviary|move: Roost\n|\n|-sideend|p1: Skyhero752|move: Tailwind\n|upkeep\n|turn|6\n|\n|t:|1698267878\n|move|p2b: Chien-Pao|Sacred Sword|p1b: Orthworm\n|-supereffective|p1b: Orthworm\n|-damage|p1b: Orthworm|45\/100\n|-enditem|p1b: Orthworm|Sitrus Berry|[eat]\n|-heal|p1b: Orthworm|70\/100|[from] item: Sitrus Berry\n|move|p1a: Rotom|Electroweb|p2a: Braviary|[spread] p2a,p2b\n|-supereffective|p2a: Braviary\n|-damage|p2a: Braviary|59\/100\n|-damage|p2b: Chien-Pao|0 fnt\n|-unboost|p2a: Braviary|spe|1\n|-ability|p2a: Braviary|Defiant|boost\n|-boost|p2a: Braviary|atk|2\n|faint|p2b: Chien-Pao\n|move|p1b: Orthworm|Body Press|p2a: Braviary\n|-damage|p2a: Braviary|30\/100\n|-zpower|p2a: Braviary\n|move|p2a: Braviary|Supersonic Skystrike|p1a: Rotom|[zeffect]\n|-resisted|p1a: Rotom\n|-damage|p1a: Rotom|0 fnt\n|faint|p1a: Rotom\n|\n|upkeep\n|inactive|El Ryuk456 has 120 seconds left.\n|-message|Skyhero752 forfeited.\n|\n|win|El Ryuk456\n|raw|Skyhero752's rating: 1207 &rarr; <strong>1194<\/strong><br \/>(-13 for losing)\n|raw|El Ryuk456's rating: 1396 &rarr; <strong>1406<\/strong><br \/>(+10 for winning)\n|l|\u2606Skyhero752\n","uploadtime":1698267898,"views":8,"p1id":"skyhero752","p2id":"elryuk456","formatid":"gen9nationaldexdoubles","rating":1194,"private":0,"password":""}