{"id":"gen9nationaldexdoubles-1965276271","p1":"Kalosstarterslover","p2":"WillowYT","format":"[Gen 9] National Dex Doubles","log":"|j|\u2606Kalosstarterslover\n|j|\u2606WillowYT\n|t:|1697056739\n|gametype|doubles\n|player|p1|Kalosstarterslover|wallace|1000\n|player|p2|WillowYT|firebreather|1107\n|teamsize|p1|6\n|teamsize|p2|6\n|gen|9\n|tier|[Gen 9] National Dex Doubles\n|rated|\n|rule|HP Percentage Mod: HP is shown in percentages\n|rule|Endless Battle Clause: Forcing endless battles is banned\n|rule|OHKO Clause: OHKO moves are banned\n|rule|Evasion Moves Clause: Evasion moves are banned\n|rule|Evasion Abilities Clause: Evasion abilities are banned\n|rule|Species Clause: Limit one of each Pok\u00e9mon\n|rule|Gravity Sleep Clause: The combination of sleep-inducing moves with imperfect accuracy and Gravity or Gigantamax Orbeetle are banned\n|clearpoke\n|poke|p1|Sylveon, F|\n|poke|p1|Lucario, F|\n|poke|p1|Blaziken, M|\n|poke|p1|Altaria, M|\n|poke|p1|Rillaboom, M|\n|poke|p1|Delphox, F|\n|poke|p2|Kangaskhan, F|\n|poke|p2|Tornadus, M|\n|poke|p2|Rillaboom, M|\n|poke|p2|Gholdengo|\n|poke|p2|Armarouge, F|\n|poke|p2|Gyarados, F|\n|teampreview\n|inactive|Battle timer is ON: inactive players will automatically lose when time's up. (requested by WillowYT)\n|inactive|WillowYT has 120 seconds left.\n|\n|t:|1697056777\n|start\n|switch|p1a: Blaziken|Blaziken, M|100\/100\n|switch|p1b: Altaria|Altaria, M|100\/100\n|switch|p2a: Tornadus|Tornadus, M|100\/100\n|switch|p2b: Gyarados|Gyarados, F|100\/100\n|-ability|p2b: Gyarados|Intimidate|boost\n|-unboost|p1a: Blaziken|atk|1\n|-unboost|p1b: Altaria|atk|1\n|turn|1\n|\n|t:|1697056796\n|switch|p1a: Sylveon|Sylveon, F|100\/100\n|move|p2a: Tornadus|Tailwind|p2a: Tornadus\n|-sidestart|p2: WillowYT|move: Tailwind\n|-zpower|p2b: Gyarados\n|move|p2b: Gyarados|Z-Celebrate|p2b: Gyarados|[anim]Celebrate\n|-boost|p2b: Gyarados|atk|1|[zeffect]\n|-boost|p2b: Gyarados|def|1|[zeffect]\n|-boost|p2b: Gyarados|spa|1|[zeffect]\n|-boost|p2b: Gyarados|spd|1|[zeffect]\n|-boost|p2b: Gyarados|spe|1|[zeffect]\n|-activate|p2b: Gyarados|move: Celebrate\n|move|p1b: Altaria|Ice Beam|p2a: Tornadus\n|-supereffective|p2a: Tornadus\n|-damage|p2a: Tornadus|38\/100\n|\n|upkeep\n|turn|2\n|\n|t:|1697056816\n|move|p2b: Gyarados|Frustration|p1a: Sylveon\n|-damage|p1a: Sylveon|30\/100\n|move|p2a: Tornadus|U-turn|p1a: Sylveon\n|-resisted|p1a: Sylveon\n|-damage|p1a: Sylveon|19\/100\n|\n|t:|1697056839\n|switch|p2a: Rillaboom|Rillaboom, M|100\/100|[from] U-turn\n|-fieldstart|move: Grassy Terrain|[from] ability: Grassy Surge|[of] p2a: Rillaboom\n|-enditem|p2a: Rillaboom|Grassy Seed\n|-boost|p2a: Rillaboom|def|1|[from] item: Grassy Seed\n|move|p1b: Altaria|Ice Beam|p2a: Rillaboom\n|-supereffective|p2a: Rillaboom\n|-damage|p2a: Rillaboom|38\/100\n|move|p1a: Sylveon|Light Screen|p1a: Sylveon\n|-sidestart|p1: Kalosstarterslover|move: Light Screen\n|\n|-heal|p2a: Rillaboom|44\/100|[from] Grassy Terrain\n|-heal|p1a: Sylveon|25\/100|[from] Grassy Terrain\n|upkeep\n|turn|3\n|\n|t:|1697056859\n|move|p2a: Rillaboom|Fake Out|p1a: Sylveon\n|-damage|p1a: Sylveon|7\/100\n|move|p2b: Gyarados|Frustration|p1b: Altaria\n|-damage|p1b: Altaria|43\/100\n|move|p1b: Altaria|Air Cutter|p2b: Gyarados|[spread] p2a,p2b\n|-supereffective|p2a: Rillaboom\n|-damage|p2a: Rillaboom|4\/100\n|-damage|p2b: Gyarados|89\/100\n|cant|p1a: Sylveon|flinch\n|\n|-heal|p2a: Rillaboom|10\/100|[from] Grassy Terrain\n|-heal|p1a: Sylveon|13\/100|[from] Grassy Terrain\n|upkeep\n|turn|4\n|\n|t:|1697056880\n|move|p2a: Rillaboom|Grassy Glide|p1a: Sylveon\n|-damage|p1a: Sylveon|0 fnt\n|faint|p1a: Sylveon\n|move|p2b: Gyarados|Frustration|p1b: Altaria\n|-damage|p1b: Altaria|0 fnt\n|faint|p1b: Altaria\n|\n|-heal|p2a: Rillaboom|16\/100|[from] Grassy Terrain\n|-sideend|p2: WillowYT|move: Tailwind\n|upkeep\n|\n|t:|1697056893\n|switch|p1b: Lucario|Lucario, F|100\/100\n|switch|p1a: Delphox|Delphox, F|100\/100\n|turn|5\n|\n|t:|1697056909\n|-terastallize|p1a: Delphox|Psychic\n|move|p1b: Lucario|Extreme Speed|p2b: Gyarados\n|-damage|p2b: Gyarados|69\/100\n|move|p2b: Gyarados|Waterfall|p1a: Delphox\n|-damage|p1a: Delphox|16\/100\n|move|p2a: Rillaboom|U-turn|p1b: Lucario\n|-resisted|p1b: Lucario\n|-damage|p1b: Lucario|90\/100\n|\n|t:|1697056920\n|switch|p2a: Armarouge|Armarouge, F|100\/100|[from] U-turn\n|move|p1a: Delphox|Flamethrower|p2a: Armarouge\n|-start|p2a: Armarouge|ability: Flash Fire\n|\n|-heal|p1a: Delphox|23\/100|[from] Grassy Terrain\n|-heal|p1b: Lucario|96\/100|[from] Grassy Terrain\n|upkeep\n|turn|6\n|\n|t:|1697056941\n|move|p1b: Lucario|Extreme Speed|p2b: Gyarados\n|-damage|p2b: Gyarados|50\/100\n|move|p2b: Gyarados|Crunch|p1a: Delphox\n|-supereffective|p1a: Delphox\n|-damage|p1a: Delphox|0 fnt\n|faint|p1a: Delphox\n|move|p2a: Armarouge|Heat Wave|p1b: Lucario\n|-supereffective|p1b: Lucario\n|-damage|p1b: Lucario|0 fnt\n|faint|p1b: Lucario\n|\n|-sideend|p1: Kalosstarterslover|move: Light Screen\n|-fieldend|move: Grassy Terrain\n|upkeep\n|\n|t:|1697056955\n|switch|p1a: Blaziken|Blaziken, M|100\/100\n|switch|p1b: Rillaboom|Rillaboom, M|100\/100\n|-fieldstart|move: Grassy Terrain|[from] ability: Grassy Surge|[of] p1b: Rillaboom\n|turn|7\n|\n|t:|1697056973\n|move|p2b: Gyarados|Frustration|p1a: Blaziken\n|-crit|p1a: Blaziken\n|-damage|p1a: Blaziken|0 fnt\n|faint|p1a: Blaziken\n|move|p1b: Rillaboom|Drum Beating|p2b: Gyarados\n|-damage|p2b: Gyarados|6\/100\n|-unboost|p2b: Gyarados|spe|1\n|move|p2a: Armarouge|Heat Wave|p1b: Rillaboom\n|-supereffective|p1b: Rillaboom\n|-damage|p1b: Rillaboom|0 fnt\n|faint|p1b: Rillaboom\n|\n|win|WillowYT\n|raw|Kalosstarterslover's rating: 1000 &rarr; <strong>1000<\/strong><br \/>(+0 for losing)\n|raw|WillowYT's rating: 1107 &rarr; <strong>1125<\/strong><br \/>(+18 for winning)\n|c|\u2606WillowYT|Gg\n","uploadtime":1697056993,"views":10,"p1id":"kalosstarterslover","p2id":"willowyt","formatid":"gen9nationaldexdoubles","rating":1000,"private":0,"password":""}