{"id":"gen9nationaldexdoubles-1962688516","p1":"Charvern","p2":"Voltaris33","format":"[Gen 9] National Dex Doubles","log":"|j|\u2606Charvern\n|j|\u2606Voltaris33\n|t:|1696782626\n|gametype|doubles\n|player|p1|Charvern|lucas-gen4pt|1157\n|player|p2|Voltaris33|unknown|1122\n|teamsize|p1|6\n|teamsize|p2|6\n|gen|9\n|tier|[Gen 9] National Dex Doubles\n|rated|\n|rule|HP Percentage Mod: HP is shown in percentages\n|rule|Endless Battle Clause: Forcing endless battles is banned\n|rule|OHKO Clause: OHKO moves are banned\n|rule|Evasion Moves Clause: Evasion moves are banned\n|rule|Evasion Abilities Clause: Evasion abilities are banned\n|rule|Species Clause: Limit one of each Pok\u00e9mon\n|rule|Gravity Sleep Clause: The combination of sleep-inducing moves with imperfect accuracy and Gravity or Gigantamax Orbeetle are banned\n|clearpoke\n|poke|p1|Drapion, M|\n|poke|p1|Uxie|\n|poke|p1|Haxorus, M|\n|poke|p1|Kommo-o, M|\n|poke|p1|Flygon, M|\n|poke|p1|Swampert, M|\n|poke|p2|Regigigas|\n|poke|p2|Hawlucha, F|\n|poke|p2|Falinks|\n|poke|p2|Banette, M|\n|poke|p2|Iron Valiant|\n|poke|p2|Pincurchin, M|\n|teampreview\n|inactive|Battle timer is ON: inactive players will automatically lose when time's up. (requested by Voltaris33)\n|c|\u2606Charvern|hi\n|c|\u2606Charvern|glhf\n|\n|t:|1696782633\n|start\n|switch|p1a: Uxie|Uxie|100\/100\n|switch|p1b: Ry\u016b senshi|Haxorus, M, shiny|100\/100\n|switch|p2a: Regigigas|Regigigas|100\/100\n|switch|p2b: Hawlucha|Hawlucha, F|100\/100\n|-start|p2a: Regigigas|ability: Slow Start\n|-ability|p1b: Ry\u016b senshi|Mold Breaker\n|turn|1\n|\n|t:|1696782647\n|move|p2b: Hawlucha|Entrainment|p2a: Regigigas\n|-end|p2a: Regigigas|Slow Start|[silent]\n|-endability|p2a: Regigigas|Slow Start|[from] move: Entrainment\n|-ability|p2a: Regigigas|Unburden|[from] move: Entrainment\n|move|p1a: Uxie|Yawn|p2a: Regigigas\n|-start|p2a: Regigigas|move: Yawn|[of] p1a: Uxie\n|move|p2a: Regigigas|Knock Off|p1a: Uxie\n|-supereffective|p1a: Uxie\n|-damage|p1a: Uxie|27\/100\n|-enditem|p1a: Uxie|Focus Sash|[from] move: Knock Off|[of] p2a: Regigigas\n|move|p1b: Ry\u016b senshi|Dragon Tail|p2b: Hawlucha\n|-damage|p2b: Hawlucha|37\/100\n|drag|p2b: Falinks|Falinks|100\/100\n|\n|upkeep\n|turn|2\n|\n|t:|1696782666\n|move|p1a: Uxie|Yawn|p2b: Falinks\n|-start|p2b: Falinks|move: Yawn|[of] p1a: Uxie\n|move|p2b: Falinks|No Retreat|p2b: Falinks\n|-boost|p2b: Falinks|atk|1\n|-boost|p2b: Falinks|def|1\n|-boost|p2b: Falinks|spa|1\n|-boost|p2b: Falinks|spd|1\n|-boost|p2b: Falinks|spe|1\n|-start|p2b: Falinks|move: No Retreat\n|move|p2a: Regigigas|Knock Off|p1b: Ry\u016b senshi\n|-damage|p1b: Ry\u016b senshi|54\/100\n|-enditem|p1b: Ry\u016b senshi|Dragon Fang|[from] move: Knock Off|[of] p2a: Regigigas\n|move|p1b: Ry\u016b senshi|Substitute|p1b: Ry\u016b senshi\n|-start|p1b: Ry\u016b senshi|Substitute\n|-damage|p1b: Ry\u016b senshi|29\/100\n|\n|-end|p2a: Regigigas|move: Yawn|[silent]\n|-status|p2a: Regigigas|slp\n|upkeep\n|turn|3\n|\n|t:|1696782687\n|move|p2b: Falinks|Rock Slide|p1a: Uxie|[spread] p1a\n|-miss|p2b: Falinks|p1b: Ry\u016b senshi\n|-damage|p1a: Uxie|7\/100\n|cant|p1a: Uxie|flinch\n|cant|p2a: Regigigas|slp\n|move|p1b: Ry\u016b senshi|Dragon Tail|p2a: Regigigas\n|-damage|p2a: Regigigas|74\/100 slp\n|drag|p2a: Banette|Banette, M|100\/100\n|\n|-end|p2b: Falinks|move: Yawn|[silent]\n|-status|p2b: Falinks|slp\n|upkeep\n|turn|4\n|\n|t:|1696782702\n|detailschange|p2a: Banette|Banette-Mega, M\n|-mega|p2a: Banette|Banette|Banettite\n|move|p2a: Banette|Taunt|p1a: Uxie\n|-start|p1a: Uxie|move: Taunt\n|cant|p2b: Falinks|slp\n|cant|p1a: Uxie|move: Taunt|Yawn\n|move|p1b: Ry\u016b senshi|Dragon Tail|p2b: Falinks\n|-damage|p2b: Falinks|69\/100 slp\n|drag|p2b: Hawlucha|Hawlucha, F|37\/100\n|\n|upkeep\n|turn|5\n|\n|t:|1696782728\n|switch|p2b: Iron Valiant|Iron Valiant|100\/100\n|switch|p2a: Falinks|Falinks|69\/100 slp\n|-activate|p1a: Uxie|move: Struggle\n|move|p1a: Uxie|Struggle|p2a: Falinks\n|-damage|p2a: Falinks|60\/100 slp\n|-damage|p1a: Uxie|0 fnt|[from] recoil\n|faint|p1a: Uxie\n|move|p1b: Ry\u016b senshi|Dragon Tail|p2b: Iron Valiant\n|-immune|p2b: Iron Valiant\n|\n|upkeep\n|\n|t:|1696782740\n|switch|p1a: Scark|Drapion, M, shiny|100\/100\n|turn|6\n|\n|t:|1696782746\n|-zpower|p2b: Iron Valiant\n|move|p2b: Iron Valiant|Twinkle Tackle|p1a: Scark|[zeffect]\n|-damage|p1a: Scark|43\/100\n|cant|p2a: Falinks|slp\n|move|p1a: Scark|Poison Jab|p2b: Iron Valiant\n|-supereffective|p2b: Iron Valiant\n|-damage|p2b: Iron Valiant|27\/100\n|-status|p2b: Iron Valiant|psn\n|move|p1b: Ry\u016b senshi|Dragon Tail|p2a: Falinks\n|-damage|p2a: Falinks|12\/100 slp\n|drag|p2a: Hawlucha|Hawlucha, F|37\/100\n|\n|-heal|p1a: Scark|49\/100|[from] item: Leftovers\n|-damage|p2b: Iron Valiant|15\/100 psn|[from] psn\n|upkeep\n|turn|7\n|\n|t:|1696782765\n|move|p2a: Hawlucha|Flying Press|p1a: Scark\n|-damage|p1a: Scark|15\/100\n|move|p2b: Iron Valiant|Close Combat|p1a: Scark\n|-damage|p1a: Scark|0 fnt\n|-unboost|p2b: Iron Valiant|def|1\n|-unboost|p2b: Iron Valiant|spd|1\n|faint|p1a: Scark\n|move|p1b: Ry\u016b senshi|Dragon Tail|p2a: Hawlucha\n|-damage|p2a: Hawlucha|0 fnt\n|faint|p2a: Hawlucha\n|\n|-damage|p2b: Iron Valiant|2\/100 psn|[from] psn\n|upkeep\n|\n|t:|1696782779\n|switch|p2a: Pincurchin|Pincurchin, M|100\/100\n|switch|p1a: Liib|Flygon, M|100\/100\n|-fieldstart|move: Electric Terrain|[from] ability: Electric Surge|[of] p2a: Pincurchin\n|-activate|p2b: Iron Valiant|ability: Quark Drive\n|-start|p2b: Iron Valiant|quarkdrivespe\n|-item|p2a: Pincurchin|Air Balloon\n|turn|8\n|\n|t:|1696782797\n|-terastallize|p1a: Liib|Electric\n|move|p2b: Iron Valiant|Spirit Break|p1a: Liib\n|-damage|p1a: Liib|62\/100\n|-unboost|p1a: Liib|spa|1\n|move|p1a: Liib|Dragon Claw|p2a: Pincurchin\n|-damage|p2a: Pincurchin|76\/100\n|-enditem|p2a: Pincurchin|Air Balloon\n|move|p2a: Pincurchin|Rising Voltage|p1b: Ry\u016b senshi\n|-hint|Rising Voltage's BP doubled on grounded target.\n|-resisted|p1b: Ry\u016b senshi\n|-end|p1b: Ry\u016b senshi|Substitute\n|move|p1b: Ry\u016b senshi|Dragon Tail|p2a: Pincurchin\n|-damage|p2a: Pincurchin|42\/100\n|drag|p2a: Banette|Banette-Mega, M|100\/100\n|\n|-heal|p1a: Liib|68\/100|[from] item: Leftovers\n|-damage|p2b: Iron Valiant|0 fnt|[from] psn\n|faint|p2b: Iron Valiant\n|-end|p2b: Iron Valiant|Quark Drive|[silent]\n|upkeep\n|\n|t:|1696782816\n|switch|p2b: Regigigas|Regigigas|74\/100 slp\n|-start|p2b: Regigigas|ability: Slow Start\n|turn|9\n|\n|t:|1696782826\n|move|p2a: Banette|Taunt|p1b: Ry\u016b senshi\n|-start|p1b: Ry\u016b senshi|move: Taunt\n|move|p1a: Liib|Dragon Claw|p2b: Regigigas\n|-damage|p2b: Regigigas|49\/100 slp\n|-enditem|p2b: Regigigas|Red Card|[of] p1a: Liib\n|drag|p1a: Kaiser|Kommo-o, M|100\/100\n|cant|p2b: Regigigas|slp\n|move|p1b: Ry\u016b senshi|Dragon Tail|p2a: Banette\n|-damage|p2a: Banette|55\/100\n|drag|p2a: Pincurchin|Pincurchin, M|42\/100\n|\n|upkeep\n|turn|10\n|\n|t:|1696782843\n|-zpower|p1a: Kaiser\n|move|p1a: Kaiser|Clangorous Soulblaze|p2b: Regigigas|[zeffect]|[spread] p2a,p2b\n|-damage|p2a: Pincurchin|0 fnt\n|-damage|p2b: Regigigas|13\/100 slp\n|faint|p2a: Pincurchin\n|-boost|p1a: Kaiser|atk|1\n|-boost|p1a: Kaiser|def|1\n|-boost|p1a: Kaiser|spa|1\n|-boost|p1a: Kaiser|spd|1\n|-boost|p1a: Kaiser|spe|1\n|cant|p2b: Regigigas|slp\n|move|p1b: Ry\u016b senshi|Dragon Tail|p2b: Regigigas\n|-damage|p2b: Regigigas|0 fnt\n|faint|p2b: Regigigas\n|-end|p2b: Regigigas|Slow Start|[silent]\n|\n|upkeep\n|\n|t:|1696782857\n|switch|p2b: Falinks|Falinks|12\/100 slp\n|switch|p2a: Banette|Banette-Mega, M|55\/100\n|turn|11\n|\n|t:|1696782868\n|-terastallize|p2b: Falinks|Steel\n|move|p2a: Banette|Pain Split|p1a: Kaiser\n|-sethp|p1a: Kaiser|75\/100|[from] move: Pain Split|[silent]\n|-sethp|p2a: Banette|81\/100|[from] move: Pain Split\n|move|p1a: Kaiser|Clanging Scales|p2b: Falinks|[spread] p2a,p2b\n|-crit|p2a: Banette\n|-resisted|p2b: Falinks\n|-damage|p2a: Banette|12\/100\n|-damage|p2b: Falinks|0 fnt\n|faint|p2b: Falinks\n|-unboost|p1a: Kaiser|def|1\n|move|p1b: Ry\u016b senshi|Dragon Tail|p2a: Banette\n|-damage|p2a: Banette|0 fnt\n|faint|p2a: Banette\n|\n|win|Charvern\n|raw|Charvern's rating: 1157 &rarr; <strong>1179<\/strong><br \/>(+22 for winning)\n|raw|Voltaris33's rating: 1122 &rarr; <strong>1100<\/strong><br \/>(-22 for losing)\n|c|\u2606Charvern|gg\n|l|\u2606Voltaris33\n","uploadtime":1696782888,"views":11,"p1id":"charvern","p2id":"voltaris33","formatid":"gen9nationaldexdoubles","rating":1100,"private":0,"password":""}