{"id":"gen9nationaldexdoubles-1977555851","p1":"CinDq","p2":"Nohbdy06","format":"[Gen 9] National Dex Doubles","log":"|j|\u2606CinDq\n|j|\u2606Nohbdy06\n|t:|1698426995\n|gametype|doubles\n|player|p1|CinDq|cynthia|\n|player|p2|Nohbdy06|hilda-wonderlauncher|\n|teamsize|p1|6\n|teamsize|p2|6\n|gen|9\n|tier|[Gen 9] National Dex Doubles\n|rule|HP Percentage Mod: HP is shown in percentages\n|rule|Endless Battle Clause: Forcing endless battles is banned\n|rule|OHKO Clause: OHKO moves are banned\n|rule|Evasion Moves Clause: Evasion moves are banned\n|rule|Evasion Abilities Clause: Evasion abilities are banned\n|rule|Species Clause: Limit one of each Pok\u00e9mon\n|rule|Gravity Sleep Clause: The combination of sleep-inducing moves with imperfect accuracy and Gravity or Gigantamax Orbeetle are banned\n|clearpoke\n|poke|p1|Ogerpon-Wellspring, F|\n|poke|p1|Thundurus, M|\n|poke|p1|Gliscor, F|\n|poke|p1|Rillaboom, M|\n|poke|p1|Lucario, M|\n|poke|p1|Meowscarada, F|\n|poke|p2|Volcanion|\n|poke|p2|Darkrai|\n|poke|p2|Regieleki|\n|poke|p2|Diancie|\n|poke|p2|Moltres-Galar|\n|poke|p2|Articuno|\n|teampreview\n|\n|t:|1698427009\n|start\n|switch|p1a: Meowscarada|Meowscarada, F, shiny|100\/100\n|switch|p1b: Me fr|Rillaboom, M, shiny|100\/100\n|switch|p2a: Volcanion|Volcanion|100\/100\n|switch|p2b: Articuno|Articuno, shiny|100\/100\n|-ability|p2b: Articuno|Pressure\n|-fieldstart|move: Grassy Terrain|[from] ability: Grassy Surge|[of] p1b: Me fr\n|turn|1\n|\n|t:|1698427030\n|move|p1b: Me fr|Fake Out|p2a: Volcanion\n|-damage|p2a: Volcanion|86\/100\n|move|p1a: Meowscarada|Knock Off|p2a: Volcanion\n|-start|p1a: Meowscarada|typechange|Dark|[from] ability: Protean\n|-damage|p2a: Volcanion|43\/100\n|-enditem|p2a: Volcanion|Expert Belt|[from] move: Knock Off|[of] p1a: Meowscarada\n|move|p2b: Articuno|Snowscape|p2b: Articuno\n|-weather|Snow\n|cant|p2a: Volcanion|flinch\n|\n|-weather|Snow|[upkeep]\n|-heal|p2a: Volcanion|49\/100|[from] Grassy Terrain\n|upkeep\n|turn|2\n|\n|t:|1698427061\n|move|p1b: Me fr|Grassy Glide|p2a: Volcanion\n|-damage|p2a: Volcanion|10\/100\n|move|p1a: Meowscarada|Flower Trick|p2a: Volcanion\n|-crit|p2a: Volcanion\n|-damage|p2a: Volcanion|0 fnt\n|faint|p2a: Volcanion\n|move|p2b: Articuno|Blizzard|p1b: Me fr|[spread] p1a,p1b\n|-supereffective|p1b: Me fr\n|-damage|p1a: Meowscarada|40\/100\n|-damage|p1b: Me fr|0 fnt\n|faint|p1b: Me fr\n|\n|-weather|Snow|[upkeep]\n|-heal|p1a: Meowscarada|46\/100|[from] Grassy Terrain\n|upkeep\n|\n|t:|1698427078\n|switch|p1b: Hachiko|Lucario, M|100\/100\n|switch|p2a: Moltres|Moltres-Galar, shiny|100\/100\n|turn|3\n|\n|t:|1698427112\n|detailschange|p1b: Hachiko|Lucario-Mega, M\n|-mega|p1b: Hachiko|Lucario|Lucarionite\n|move|p1b: Hachiko|Protect|p1b: Hachiko\n|-singleturn|p1b: Hachiko|Protect\n|move|p1a: Meowscarada|Play Rough|p2a: Moltres|[miss]\n|-miss|p1a: Meowscarada|p2a: Moltres\n|move|p2a: Moltres|Fiery Wrath|p1b: Hachiko|[spread] p1a\n|-activate|p1b: Hachiko|move: Protect\n|-resisted|p1a: Meowscarada\n|-damage|p1a: Meowscarada|23\/100\n|move|p2b: Articuno|Blizzard|p1a: Meowscarada|[spread] p1a\n|-activate|p1b: Hachiko|move: Protect\n|-damage|p1a: Meowscarada|0 fnt\n|faint|p1a: Meowscarada\n|\n|-weather|Snow|[upkeep]\n|upkeep\n|\n|t:|1698427128\n|switch|p1a: Hello Greg :)|Gliscor, F, shiny|100\/100\n|turn|4\n|\n|t:|1698427150\n|switch|p1a: DavidHasselhoff|Thundurus, M, shiny|100\/100\n|move|p1b: Hachiko|Aura Sphere|p2a: Moltres\n|-damage|p2a: Moltres|48\/100\n|-ability|p2a: Moltres|Berserk|boost\n|-boost|p2a: Moltres|spa|1\n|move|p2a: Moltres|Fiery Wrath|p1a: DavidHasselhoff|[spread] p1a,p1b\n|-resisted|p1b: Hachiko\n|-damage|p1a: DavidHasselhoff|64\/100\n|-damage|p1b: Hachiko|66\/100\n|move|p2b: Articuno|Blizzard|p1a: DavidHasselhoff|[spread] p1a,p1b\n|-supereffective|p1a: DavidHasselhoff\n|-resisted|p1b: Hachiko\n|-damage|p1a: DavidHasselhoff|0 fnt\n|-damage|p1b: Hachiko|33\/100\n|faint|p1a: DavidHasselhoff\n|\n|-weather|Snow|[upkeep]\n|-heal|p1b: Hachiko|39\/100|[from] Grassy Terrain\n|-heal|p2a: Moltres|54\/100|[from] item: Leftovers\n|upkeep\n|\n|t:|1698427168\n|switch|p1a: Me when :(|Ogerpon-Wellspring, F|100\/100\n|turn|5\n|\n|t:|1698427193\n|-terastallize|p2b: Articuno|Ice\n|move|p1b: Hachiko|Aura Sphere|p2a: Moltres\n|-damage|p2a: Moltres|1\/100\n|-ability|p2a: Moltres|Berserk|boost\n|-boost|p2a: Moltres|spa|1\n|move|p1a: Me when :(|Ivy Cudgel|p2b: Articuno\n|-damage|p2b: Articuno|61\/100\n|move|p2a: Moltres|Fiery Wrath|p1a: Me when :(|[spread] p1a,p1b\n|-resisted|p1b: Hachiko\n|-damage|p1a: Me when :(|31\/100\n|-damage|p1b: Hachiko|0 fnt\n|faint|p1b: Hachiko\n|move|p2b: Articuno|Blizzard|p1a: Me when :(\n|-damage|p1a: Me when :(|0 fnt\n|faint|p1a: Me when :(\n|\n|-weather|none\n|-heal|p2a: Moltres|7\/100|[from] item: Leftovers\n|-heal|p2b: Articuno|68\/100|[from] Grassy Terrain\n|-fieldend|move: Grassy Terrain\n|upkeep\n|\n|t:|1698427214\n|switch|p1b: Hello Greg :)|Gliscor, F, shiny|100\/100\n|turn|6\n|\n|t:|1698427221\n|-terastallize|p1b: Hello Greg :)|Ground\n|move|p2a: Moltres|Fiery Wrath|p1b: Hello Greg :)\n|-damage|p1b: Hello Greg :)|3\/100\n|move|p2b: Articuno|Blizzard|p1b: Hello Greg :)\n|-supereffective|p1b: Hello Greg :)\n|-damage|p1b: Hello Greg :)|0 fnt\n|faint|p1b: Hello Greg :)\n|\n|win|Nohbdy06\n|l|\u2606CinDq\n","uploadtime":1698427240,"views":9,"p1id":"cindq","p2id":"nohbdy06","formatid":"gen9nationaldexdoubles","rating":0,"private":0,"password":""}