{"id":"gen9nationaldexdoubles-1994138093","p1":"ciijjk","p2":"Theadonia","format":"[Gen 9] National Dex Doubles","log":"|j|\u2606ciijjk\n|j|\u2606Theadonia\n|t:|1700411365\n|gametype|doubles\n|player|p1|ciijjk|hilbert|1040\n|player|p2|Theadonia|roxie|1086\n|teamsize|p1|5\n|teamsize|p2|6\n|gen|9\n|tier|[Gen 9] National Dex Doubles\n|rated|\n|rule|HP Percentage Mod: HP is shown in percentages\n|rule|Endless Battle Clause: Forcing endless battles is banned\n|rule|OHKO Clause: OHKO moves are banned\n|rule|Evasion Moves Clause: Evasion moves are banned\n|rule|Evasion Abilities Clause: Evasion abilities are banned\n|rule|Species Clause: Limit one of each Pok\u00e9mon\n|rule|Gravity Sleep Clause: The combination of sleep-inducing moves with imperfect accuracy and Gravity or Gigantamax Orbeetle are banned\n|clearpoke\n|poke|p1|Dracovish|\n|poke|p1|Tyranitar, M|\n|poke|p1|Dipplin, F|\n|poke|p1|Appletun, F|\n|poke|p1|Clefable, F|\n|poke|p2|Delphox, F|\n|poke|p2|Oricorio-Sensu, M|\n|poke|p2|Kommo-o, F|\n|poke|p2|Wailord, F|\n|poke|p2|Cresselia, F|\n|poke|p2|Ribombee, F|\n|teampreview\n|\n|t:|1700411373\n|start\n|switch|p1a: Dracovish|Dracovish|100\/100\n|switch|p1b: Tyranitar|Tyranitar, M, shiny|100\/100\n|switch|p2a: Oricorio|Oricorio-Sensu, M, shiny|100\/100\n|switch|p2b: Ribombee|Ribombee, F|100\/100\n|-weather|Sandstorm|[from] ability: Sand Stream|[of] p1b: Tyranitar\n|turn|1\n|\n|t:|1700411403\n|-terastallize|p2a: Oricorio|Fairy\n|move|p1a: Dracovish|Earthquake|p2b: Ribombee|[spread] p1b,p2a,p2b\n|-supereffective|p1b: Tyranitar\n|-resisted|p2b: Ribombee\n|-damage|p1b: Tyranitar|66\/100\n|-damage|p2a: Oricorio|86\/100\n|-damage|p2b: Ribombee|83\/100\n|move|p2b: Ribombee|Quiver Dance|p2b: Ribombee\n|-boost|p2b: Ribombee|spa|1\n|-boost|p2b: Ribombee|spd|1\n|-boost|p2b: Ribombee|spe|1\n|-activate|p2a: Oricorio|ability: Dancer\n|move|p2a: Oricorio|Quiver Dance|p2a: Oricorio|[from]ability: Dancer\n|-boost|p2a: Oricorio|spa|1\n|-boost|p2a: Oricorio|spd|1\n|-boost|p2a: Oricorio|spe|1\n|move|p2a: Oricorio|Substitute|p2a: Oricorio\n|-start|p2a: Oricorio|Substitute\n|-damage|p2a: Oricorio|61\/100\n|move|p1b: Tyranitar|Flamethrower|p2b: Ribombee\n|-supereffective|p2b: Ribombee\n|-damage|p2b: Ribombee|36\/100\n|\n|-weather|Sandstorm|[upkeep]\n|-damage|p2b: Ribombee|30\/100|[from] Sandstorm\n|-damage|p2a: Oricorio|55\/100|[from] Sandstorm\n|upkeep\n|turn|2\n|\n|t:|1700411446\n|detailschange|p1b: Tyranitar|Tyranitar-Mega, M, shiny\n|-mega|p1b: Tyranitar|Tyranitar|Tyranitarite\n|move|p2b: Ribombee|Quiver Dance|p2b: Ribombee\n|-boost|p2b: Ribombee|spa|1\n|-boost|p2b: Ribombee|spd|1\n|-boost|p2b: Ribombee|spe|1\n|-activate|p2a: Oricorio|ability: Dancer\n|move|p2a: Oricorio|Quiver Dance|p2a: Oricorio|[from]ability: Dancer\n|-boost|p2a: Oricorio|spa|1\n|-boost|p2a: Oricorio|spd|1\n|-boost|p2a: Oricorio|spe|1\n|move|p2a: Oricorio|Revelation Dance|p1a: Dracovish\n|-supereffective|p1a: Dracovish\n|-damage|p1a: Dracovish|0 fnt\n|faint|p1a: Dracovish\n|move|p1b: Tyranitar|Blizzard|p2b: Ribombee|[spread] p2a,p2b\n|-activate|p2a: Oricorio|move: Substitute|[damage]\n|-damage|p2b: Ribombee|14\/100\n|\n|-weather|Sandstorm|[upkeep]\n|-damage|p2b: Ribombee|8\/100|[from] Sandstorm\n|-damage|p2a: Oricorio|49\/100|[from] Sandstorm\n|upkeep\n|\n|t:|1700411470\n|switch|p1a: Clefable|Clefable, F|100\/100\n|turn|3\n|\n|t:|1700411481\n|move|p1a: Clefable|Follow Me|p1a: Clefable\n|-singleturn|p1a: Clefable|move: Follow Me\n|move|p2b: Ribombee|Quiver Dance|p2b: Ribombee\n|-boost|p2b: Ribombee|spa|1\n|-boost|p2b: Ribombee|spd|1\n|-boost|p2b: Ribombee|spe|1\n|-activate|p2a: Oricorio|ability: Dancer\n|move|p2a: Oricorio|Quiver Dance|p2a: Oricorio|[from]ability: Dancer\n|-boost|p2a: Oricorio|spa|1\n|-boost|p2a: Oricorio|spd|1\n|-boost|p2a: Oricorio|spe|1\n|move|p2a: Oricorio|Revelation Dance|p1a: Clefable\n|-damage|p1a: Clefable|32\/100\n|move|p1b: Tyranitar|Flamethrower|p2a: Oricorio\n|-end|p2a: Oricorio|Substitute\n|\n|-weather|Sandstorm|[upkeep]\n|-damage|p2b: Ribombee|2\/100|[from] Sandstorm\n|-damage|p2a: Oricorio|42\/100|[from] Sandstorm\n|-damage|p1a: Clefable|26\/100|[from] Sandstorm\n|upkeep\n|turn|4\n|\n|t:|1700411512\n|move|p2b: Ribombee|Dazzling Gleam|p1a: Clefable|[spread] p1a,p1b\n|-supereffective|p1b: Tyranitar\n|-damage|p1a: Clefable|0 fnt\n|-damage|p1b: Tyranitar|0 fnt\n|faint|p1a: Clefable\n|faint|p1b: Tyranitar\n|move|p2a: Oricorio|Substitute|p2a: Oricorio\n|-start|p2a: Oricorio|Substitute\n|-damage|p2a: Oricorio|17\/100\n|-enditem|p2a: Oricorio|Aguav Berry|[eat]\n|-heal|p2a: Oricorio|50\/100|[from] item: Aguav Berry\n|\n|-weather|Sandstorm|[upkeep]\n|-damage|p2b: Ribombee|0 fnt|[from] Sandstorm\n|-damage|p2a: Oricorio|44\/100|[from] Sandstorm\n|faint|p2b: Ribombee\n|upkeep\n|\n|t:|1700411528\n|switch|p2b: Kommo-o|Kommo-o, F, shiny|100\/100\n|switch|p1b: Dipplin|Dipplin, F|100\/100\n|switch|p1a: Appletun|Appletun, F, shiny|100\/100\n|-ability|p1b: Dipplin|Supersweet Syrup\n|-ability|p1b: Dipplin|Supersweet Syrup|boost\n|-immune|p2a: Oricorio\n|-unboost|p2b: Kommo-o|evasion|1\n|turn|5\n|\n|t:|1700411546\n|move|p1b: Dipplin|Sucker Punch|p2a: Oricorio\n|-resisted|p2a: Oricorio\n|-activate|p2a: Oricorio|move: Substitute|[damage]\n|move|p2a: Oricorio|Revelation Dance|p1b: Dipplin\n|-supereffective|p1b: Dipplin\n|-crit|p1b: Dipplin\n|-enditem|p1b: Dipplin|Focus Sash\n|-damage|p1b: Dipplin|1\/100\n|move|p2b: Kommo-o|Clangorous Soul|p2b: Kommo-o\n|-boost|p2b: Kommo-o|atk|1\n|-boost|p2b: Kommo-o|def|1\n|-boost|p2b: Kommo-o|spa|1\n|-boost|p2b: Kommo-o|spd|1\n|-boost|p2b: Kommo-o|spe|1\n|-damage|p2b: Kommo-o|68\/100\n|-activate|p2a: Oricorio|ability: Dancer\n|move|p2a: Oricorio|Clangorous Soul|p2a: Oricorio|[from]ability: Dancer\n|-boost|p2a: Oricorio|atk|1\n|-boost|p2a: Oricorio|def|1\n|-boost|p2a: Oricorio|spa|1\n|-boost|p2a: Oricorio|spd|1\n|-boost|p2a: Oricorio|spe|1\n|-damage|p2a: Oricorio|11\/100\n|move|p1a: Appletun|Growth|p1a: Appletun\n|-boost|p1a: Appletun|atk|1\n|-boost|p1a: Appletun|spa|1\n|\n|-weather|none\n|upkeep\n|turn|6\n|\n|t:|1700411578\n|move|p2a: Oricorio|Baton Pass|p2a: Oricorio\n|\n|t:|1700411580\n|switch|p2a: Wailord|Wailord, F, shiny|100\/100|[from] Baton Pass\n|-ability|p2a: Wailord|Pressure\n|-zpower|p2b: Kommo-o\n|move|p2b: Kommo-o|Clangorous Soulblaze|p1a: Appletun|[zeffect]|[spread] p1a,p1b\n|-supereffective|p1a: Appletun\n|-supereffective|p1b: Dipplin\n|-damage|p1a: Appletun|0 fnt\n|-damage|p1b: Dipplin|0 fnt\n|faint|p1a: Appletun\n|faint|p1b: Dipplin\n|\n|win|Theadonia\n|raw|ciijjk's rating: 1040 &rarr; <strong>1026<\/strong><br \/>(-14 for losing)\n|raw|Theadonia's rating: 1086 &rarr; <strong>1110<\/strong><br \/>(+24 for winning)\n","uploadtime":1700411595,"views":23,"p1id":"ciijjk","p2id":"theadonia","formatid":"gen9nationaldexdoubles","rating":1026,"private":0,"password":""}