{"id":"gen9nationaldexdoubles-1948327981","p1":"pokeedro","p2":"Designco","format":"[Gen 9] National Dex Doubles","log":"|j|\u2606pokeedro\n|j|\u2606Designco\n|t:|1695249048\n|gametype|doubles\n|player|p1|pokeedro|cilan|1097\n|player|p2|Designco|2|1065\n|teamsize|p1|6\n|teamsize|p2|6\n|gen|9\n|tier|[Gen 9] National Dex Doubles\n|rated|\n|rule|HP Percentage Mod: HP is shown in percentages\n|rule|Endless Battle Clause: Forcing endless battles is banned\n|rule|OHKO Clause: OHKO moves are banned\n|rule|Evasion Moves Clause: Evasion moves are banned\n|rule|Evasion Abilities Clause: Evasion abilities are banned\n|rule|Species Clause: Limit one of each Pok\u00e9mon\n|rule|Gravity Sleep Clause: The combination of sleep-inducing moves with imperfect accuracy and Gravity or Gigantamax Orbeetle are banned\n|clearpoke\n|poke|p1|Oricorio-Pom-Pom, F|\n|poke|p1|Vivillon-Icy Snow, F|\n|poke|p1|Primarina, F|\n|poke|p1|Sylveon, F|\n|poke|p1|Gumshoos, F|\n|poke|p1|Vaporeon, M|\n|poke|p2|Ferrothorn, F|\n|poke|p2|Salazzle, F|\n|poke|p2|Okidogi, M|\n|poke|p2|Fezandipiti, M|\n|poke|p2|Munkidori, M|\n|poke|p2|Sinistcha|\n|teampreview\n|\n|t:|1695249060\n|start\n|switch|p1a: Oricorio|Oricorio-Pom-Pom, F, shiny|100\/100\n|switch|p1b: Vivillon|Vivillon-Icy Snow, F, shiny|100\/100\n|switch|p2a: Munkidori|Munkidori, M, shiny|100\/100\n|switch|p2b: Okidogi|Okidogi, M, shiny|100\/100\n|turn|1\n|\n|t:|1695249080\n|move|p2a: Munkidori|Fake Out|p1b: Vivillon\n|-crit|p1b: Vivillon\n|-damage|p1b: Vivillon|80\/100\n|move|p1a: Oricorio|Quiver Dance|p1a: Oricorio\n|-boost|p1a: Oricorio|spa|1\n|-boost|p1a: Oricorio|spd|1\n|-boost|p1a: Oricorio|spe|1\n|cant|p1b: Vivillon|flinch\n|move|p2b: Okidogi|Psychic Fangs|p1a: Oricorio\n|-damage|p1a: Oricorio|55\/100\n|\n|-heal|p1b: Vivillon|86\/100|[from] item: Leftovers\n|upkeep\n|turn|2\n|\n|t:|1695249104\n|move|p1a: Oricorio|Roost|p1a: Oricorio\n|-heal|p1a: Oricorio|100\/100\n|-singleturn|p1a: Oricorio|move: Roost\n|move|p1b: Vivillon|Sleep Powder|p2a: Munkidori\n|-status|p2a: Munkidori|slp|[from] move: Sleep Powder\n|move|p2b: Okidogi|Uproar|p1a: Oricorio\n|-curestatus|p2a: Munkidori|slp|[msg]\n|-damage|p1a: Oricorio|88\/100\n|-start|p2b: Okidogi|Uproar\n|move|p2a: Munkidori|Psychic|p1a: Oricorio\n|-damage|p1a: Oricorio|42\/100\n|\n|-heal|p1b: Vivillon|92\/100|[from] item: Leftovers\n|-start|p2b: Okidogi|Uproar|[upkeep]\n|upkeep\n|turn|3\n|\n|t:|1695249126\n|move|p1a: Oricorio|Roost|p1a: Oricorio\n|-heal|p1a: Oricorio|92\/100\n|-singleturn|p1a: Oricorio|move: Roost\n|move|p1b: Vivillon|Quiver Dance|p1b: Vivillon\n|-boost|p1b: Vivillon|spa|1\n|-boost|p1b: Vivillon|spd|1\n|-boost|p1b: Vivillon|spe|1\n|-activate|p1a: Oricorio|ability: Dancer\n|move|p1a: Oricorio|Quiver Dance|p1a: Oricorio|[from]ability: Dancer\n|-boost|p1a: Oricorio|spa|1\n|-boost|p1a: Oricorio|spd|1\n|-boost|p1a: Oricorio|spe|1\n|move|p2b: Okidogi|Uproar|p1b: Vivillon|[from]lockedmove\n|-damage|p1b: Vivillon|75\/100\n|move|p2a: Munkidori|Psychic|p1a: Oricorio\n|-damage|p1a: Oricorio|52\/100\n|-status|p1a: Oricorio|tox|[from] ability: Toxic Chain|[of] p2a: Munkidori\n|\n|-heal|p1b: Vivillon|81\/100|[from] item: Leftovers\n|-damage|p1a: Oricorio|46\/100 tox|[from] psn\n|-start|p2b: Okidogi|Uproar|[upkeep]\n|upkeep\n|turn|4\n|\n|t:|1695249167\n|switch|p2a: Salazzle|Salazzle, F|100\/100\n|move|p1a: Oricorio|Revelation Dance|p2b: Okidogi\n|-damage|p2b: Okidogi|0 fnt\n|faint|p2b: Okidogi\n|move|p1b: Vivillon|Quiver Dance|p1b: Vivillon\n|-boost|p1b: Vivillon|spa|1\n|-boost|p1b: Vivillon|spd|1\n|-boost|p1b: Vivillon|spe|1\n|-activate|p1a: Oricorio|ability: Dancer\n|move|p1a: Oricorio|Quiver Dance|p1a: Oricorio|[from]ability: Dancer\n|-boost|p1a: Oricorio|spa|1\n|-boost|p1a: Oricorio|spd|1\n|-boost|p1a: Oricorio|spe|1\n|\n|-heal|p1b: Vivillon|87\/100|[from] item: Leftovers\n|-damage|p1a: Oricorio|33\/100 tox|[from] psn\n|upkeep\n|\n|t:|1695249187\n|switch|p2b: Munkidori|Munkidori, M, shiny|100\/100\n|turn|5\n|inactive|Battle timer is ON: inactive players will automatically lose when time's up. (requested by Designco)\n|\n|t:|1695249205\n|move|p2a: Salazzle|Fake Out|p1a: Oricorio\n|-damage|p1a: Oricorio|24\/100 tox\n|move|p2b: Munkidori|Fake Out|p1b: Vivillon\n|-damage|p1b: Vivillon|75\/100\n|-status|p1b: Vivillon|tox|[from] ability: Toxic Chain|[of] p2b: Munkidori\n|cant|p1a: Oricorio|flinch\n|cant|p1b: Vivillon|flinch\n|\n|-heal|p1b: Vivillon|81\/100 tox|[from] item: Leftovers\n|-damage|p1a: Oricorio|5\/100 tox|[from] psn\n|-damage|p1b: Vivillon|75\/100 tox|[from] psn\n|upkeep\n|turn|6\n|\n|t:|1695249222\n|switch|p2b: Ferrothorn|Ferrothorn, F|100\/100\n|move|p1a: Oricorio|Revelation Dance|p2b: Ferrothorn\n|-resisted|p2b: Ferrothorn\n|-damage|p2b: Ferrothorn|65\/100\n|move|p1b: Vivillon|Hurricane|p2a: Salazzle\n|-enditem|p2a: Salazzle|Focus Sash\n|-damage|p2a: Salazzle|1\/100\n|-start|p2a: Salazzle|confusion\n|-activate|p2a: Salazzle|confusion\n|-damage|p2a: Salazzle|0 fnt|[from] confusion\n|faint|p2a: Salazzle\n|\n|-heal|p1b: Vivillon|81\/100 tox|[from] item: Leftovers\n|-heal|p2b: Ferrothorn|71\/100|[from] item: Leftovers\n|-damage|p1a: Oricorio|0 fnt|[from] psn\n|faint|p1a: Oricorio\n|-damage|p1b: Vivillon|69\/100 tox|[from] psn\n|upkeep\n|\n|t:|1695249245\n|switch|p2a: Munkidori|Munkidori, M, shiny|100\/100\n|switch|p1a: Gumshoos|Gumshoos, F, shiny|100\/100\n|turn|7\n|\n|t:|1695249259\n|move|p1b: Vivillon|Hurricane|p2b: Ferrothorn|[miss]\n|-miss|p1b: Vivillon|p2b: Ferrothorn\n|move|p2a: Munkidori|Sludge Wave|p1a: Gumshoos|[spread] p1a,p1b\n|-immune|p2b: Ferrothorn\n|-damage|p1a: Gumshoos|52\/100\n|-damage|p1b: Vivillon|31\/100 tox\n|move|p1a: Gumshoos|Earthquake|p2a: Munkidori|[spread] p2a,p2b\n|-immune|p1b: Vivillon\n|-supereffective|p2a: Munkidori\n|-damage|p2a: Munkidori|19\/100\n|-damage|p2b: Ferrothorn|41\/100\n|move|p2b: Ferrothorn|Knock Off|p1a: Gumshoos\n|-damage|p1a: Gumshoos|24\/100\n|-enditem|p1a: Gumshoos|Choice Band|[from] move: Knock Off|[of] p2b: Ferrothorn\n|\n|-heal|p1b: Vivillon|37\/100 tox|[from] item: Leftovers\n|-heal|p2a: Munkidori|25\/100|[from] item: Leftovers\n|-heal|p2b: Ferrothorn|47\/100|[from] item: Leftovers\n|-damage|p1b: Vivillon|19\/100 tox|[from] psn\n|upkeep\n|turn|8\n|\n|t:|1695249286\n|move|p2b: Ferrothorn|Protect|p2b: Ferrothorn\n|-singleturn|p2b: Ferrothorn|Protect\n|move|p1b: Vivillon|Hurricane|p2b: Ferrothorn\n|-activate|p2b: Ferrothorn|move: Protect\n|move|p2a: Munkidori|Sludge Wave|p1a: Gumshoos|[spread] p1a,p1b\n|-activate|p2b: Ferrothorn|move: Protect\n|-damage|p1a: Gumshoos|0 fnt\n|-damage|p1b: Vivillon|0 fnt\n|faint|p1a: Gumshoos\n|faint|p1b: Vivillon\n|\n|-heal|p2a: Munkidori|31\/100|[from] item: Leftovers\n|-heal|p2b: Ferrothorn|53\/100|[from] item: Leftovers\n|upkeep\n|inactive|pokeedro has 120 seconds left.\n|\n|t:|1695249301\n|switch|p1b: Vaporeon|Vaporeon, M, shiny|100\/100\n|switch|p1a: Primarina|Primarina, F, shiny|100\/100\n|turn|9\n|\n|t:|1695249318\n|switch|p2a: Sinistcha|Sinistcha, shiny|100\/100\n|-heal|p2b: Ferrothorn|78\/100|[from] ability: Hospitality|[of] p2a: Sinistcha\n|move|p1b: Vaporeon|Scald|p2a: Sinistcha\n|-resisted|p2a: Sinistcha\n|-damage|p2a: Sinistcha|85\/100\n|move|p1a: Primarina|Sparkling Aria|p2a: Sinistcha|[spread] p2a,p2b\n|-immune|p1b: Vaporeon|[from] ability: Water Absorb\n|-resisted|p2a: Sinistcha\n|-resisted|p2b: Ferrothorn\n|-damage|p2a: Sinistcha|64\/100\n|-damage|p2b: Ferrothorn|64\/100\n|move|p2b: Ferrothorn|Leech Seed|p1a: Primarina\n|-start|p1a: Primarina|move: Leech Seed\n|\n|-heal|p2b: Ferrothorn|70\/100|[from] item: Leftovers\n|-damage|p1a: Primarina|88\/100|[from] Leech Seed|[of] p2b: Ferrothorn\n|-heal|p2b: Ferrothorn|86\/100|[silent]\n|upkeep\n|turn|10\n|inactive|Designco has 120 seconds left.\n|\n|t:|1695249351\n|move|p1b: Vaporeon|Toxic|p2a: Sinistcha\n|-status|p2a: Sinistcha|tox\n|move|p1a: Primarina|Ice Beam|p2a: Sinistcha\n|-supereffective|p2a: Sinistcha\n|-damage|p2a: Sinistcha|0 fnt\n|faint|p2a: Sinistcha\n|move|p2b: Ferrothorn|Leech Seed|p1b: Vaporeon\n|-start|p1b: Vaporeon|move: Leech Seed\n|\n|-heal|p2b: Ferrothorn|92\/100|[from] item: Leftovers\n|-damage|p1b: Vaporeon|88\/100|[from] Leech Seed|[of] p2b: Ferrothorn\n|-heal|p2b: Ferrothorn|100\/100|[silent]\n|-damage|p1a: Primarina|76\/100|[from] Leech Seed|[of] p2b: Ferrothorn\n|upkeep\n|inactive|Designco has 120 seconds left.\n|\n|t:|1695249364\n|switch|p2a: Munkidori|Munkidori, M, shiny|31\/100\n|turn|11\n|\n|t:|1695249389\n|-terastallize|p1a: Primarina|Grass\n|move|p2a: Munkidori|Fake Out|p1a: Primarina\n|-damage|p1a: Primarina|68\/100\n|-damage|p2a: Munkidori|15\/100|[from] item: Rocky Helmet|[of] p1a: Primarina\n|move|p1b: Vaporeon|Scald|p2a: Munkidori\n|-damage|p2a: Munkidori|0 fnt\n|faint|p2a: Munkidori\n|cant|p1a: Primarina|flinch\n|move|p2b: Ferrothorn|Substitute|p2b: Ferrothorn\n|-start|p2b: Ferrothorn|Substitute\n|-damage|p2b: Ferrothorn|76\/100\n|\n|-heal|p1b: Vaporeon|94\/100|[from] item: Leftovers\n|-heal|p2b: Ferrothorn|82\/100|[from] item: Leftovers\n|-damage|p1b: Vaporeon|82\/100|[from] Leech Seed|[of] p2b: Ferrothorn\n|-heal|p2b: Ferrothorn|100\/100|[silent]\n|-damage|p1a: Primarina|55\/100|[from] Leech Seed|[of] p2b: Ferrothorn\n|upkeep\n|\n|t:|1695249407\n|switch|p2a: Fezandipiti|Fezandipiti, M, shiny|100\/100\n|turn|12\n|\n|t:|1695249423\n|move|p2a: Fezandipiti|Heat Wave|p1b: Vaporeon|[spread] p1a\n|-miss|p2a: Fezandipiti|p1b: Vaporeon\n|-supereffective|p1a: Primarina\n|-damage|p1a: Primarina|28\/100\n|move|p1b: Vaporeon|Scald|p2a: Fezandipiti\n|-damage|p2a: Fezandipiti|84\/100\n|move|p1a: Primarina|Sparkling Aria|p2a: Fezandipiti|[spread] p2a,p2b\n|-heal|p1b: Vaporeon|100\/100|[from] ability: Water Absorb|[of] p1a: Primarina\n|-resisted|p2b: Ferrothorn\n|-crit|p2b: Ferrothorn\n|-damage|p2a: Fezandipiti|55\/100\n|-damage|p2b: Ferrothorn|68\/100\n|move|p2b: Ferrothorn|Knock Off|p1b: Vaporeon\n|-damage|p1b: Vaporeon|85\/100\n|-enditem|p1b: Vaporeon|Leftovers|[from] move: Knock Off|[of] p2b: Ferrothorn\n|\n|-heal|p2b: Ferrothorn|74\/100|[from] item: Leftovers\n|-damage|p1b: Vaporeon|72\/100|[from] Leech Seed|[of] p2b: Ferrothorn\n|-heal|p2b: Ferrothorn|94\/100|[silent]\n|-damage|p1a: Primarina|16\/100|[from] Leech Seed|[of] p2b: Ferrothorn\n|-heal|p2b: Ferrothorn|100\/100|[silent]\n|upkeep\n|turn|13\n|inactive|pokeedro has 120 seconds left.\n|inactive|Designco has 120 seconds left.\n|\n|t:|1695249457\n|move|p2a: Fezandipiti|Dazzling Gleam|p1a: Primarina|[spread] p1a,p1b\n|-damage|p1a: Primarina|0 fnt\n|-damage|p1b: Vaporeon|56\/100\n|faint|p1a: Primarina\n|move|p1b: Vaporeon|Scald|p2a: Fezandipiti\n|-damage|p2a: Fezandipiti|38\/100\n|move|p2b: Ferrothorn|Substitute|p2b: Ferrothorn\n|-fail|p2b: Ferrothorn|move: Substitute\n|\n|-damage|p1b: Vaporeon|43\/100|[from] Leech Seed|[of] p2b: Ferrothorn\n|upkeep\n|inactive|pokeedro has 120 seconds left.\n|\n|t:|1695249467\n|switch|p1a: Sylveon|Sylveon, F, shiny|100\/100\n|turn|14\n|\n|t:|1695249479\n|move|p2a: Fezandipiti|Heat Wave|p1b: Vaporeon|[spread] p1a,p1b\n|-resisted|p1b: Vaporeon\n|-damage|p1a: Sylveon|92\/100\n|-damage|p1b: Vaporeon|37\/100\n|move|p1b: Vaporeon|Wish|p1b: Vaporeon\n|move|p1a: Sylveon|Psyshock|p2a: Fezandipiti\n|-supereffective|p2a: Fezandipiti\n|-damage|p2a: Fezandipiti|0 fnt\n|faint|p2a: Fezandipiti\n|move|p2b: Ferrothorn|Leech Seed|p1a: Sylveon\n|-start|p1a: Sylveon|move: Leech Seed\n|\n|-heal|p1a: Sylveon|98\/100|[from] item: Leftovers\n|-damage|p1b: Vaporeon|25\/100|[from] Leech Seed|[of] p2b: Ferrothorn\n|-damage|p1a: Sylveon|86\/100|[from] Leech Seed|[of] p2b: Ferrothorn\n|upkeep\n|turn|15\n|\n|t:|1695249499\n|move|p2b: Ferrothorn|Protect|p2b: Ferrothorn\n|-singleturn|p2b: Ferrothorn|Protect\n|move|p1b: Vaporeon|Scald|p2b: Ferrothorn\n|-activate|p2b: Ferrothorn|move: Protect\n|move|p1a: Sylveon|Psyshock|p2b: Ferrothorn\n|-activate|p2b: Ferrothorn|move: Protect\n|\n|-heal|p1b: Vaporeon|75\/100|[from] move: Wish|[wisher] Vaporeon\n|-heal|p1a: Sylveon|92\/100|[from] item: Leftovers\n|-damage|p1b: Vaporeon|62\/100|[from] Leech Seed|[of] p2b: Ferrothorn\n|-damage|p1a: Sylveon|79\/100|[from] Leech Seed|[of] p2b: Ferrothorn\n|upkeep\n|turn|16\n|\n|t:|1695249517\n|move|p1b: Vaporeon|Scald|p2b: Ferrothorn\n|-resisted|p2b: Ferrothorn\n|-activate|p2b: Ferrothorn|move: Substitute|[damage]\n|move|p1a: Sylveon|Psyshock|p2b: Ferrothorn\n|-resisted|p2b: Ferrothorn\n|-activate|p2b: Ferrothorn|move: Substitute|[damage]\n|move|p2b: Ferrothorn|Substitute|p2b: Ferrothorn\n|-fail|p2b: Ferrothorn|move: Substitute\n|\n|-heal|p1a: Sylveon|85\/100|[from] item: Leftovers\n|-damage|p1b: Vaporeon|50\/100|[from] Leech Seed|[of] p2b: Ferrothorn\n|-damage|p1a: Sylveon|73\/100|[from] Leech Seed|[of] p2b: Ferrothorn\n|upkeep\n|turn|17\n|\n|t:|1695249533\n|move|p1b: Vaporeon|Wish|p1b: Vaporeon\n|move|p1a: Sylveon|Hyper Voice|p2b: Ferrothorn\n|-resisted|p2b: Ferrothorn\n|-damage|p2b: Ferrothorn|85\/100\n|move|p2b: Ferrothorn|Substitute|p2b: Ferrothorn\n|-fail|p2b: Ferrothorn|move: Substitute\n|\n|-heal|p1a: Sylveon|79\/100|[from] item: Leftovers\n|-heal|p2b: Ferrothorn|91\/100|[from] item: Leftovers\n|-damage|p1b: Vaporeon|37\/100|[from] Leech Seed|[of] p2b: Ferrothorn\n|-heal|p2b: Ferrothorn|100\/100|[silent]\n|-damage|p1a: Sylveon|66\/100|[from] Leech Seed|[of] p2b: Ferrothorn\n|upkeep\n|turn|18\n|\n|t:|1695249557\n|move|p1b: Vaporeon|Scald|p2b: Ferrothorn\n|-resisted|p2b: Ferrothorn\n|-end|p2b: Ferrothorn|Substitute\n|move|p1a: Sylveon|Psyshock|p2b: Ferrothorn\n|-resisted|p2b: Ferrothorn\n|-damage|p2b: Ferrothorn|93\/100\n|move|p2b: Ferrothorn|Knock Off|p1a: Sylveon\n|-resisted|p1a: Sylveon\n|-damage|p1a: Sylveon|54\/100\n|-enditem|p1a: Sylveon|Leftovers|[from] move: Knock Off|[of] p2b: Ferrothorn\n|\n|-heal|p1b: Vaporeon|87\/100|[from] move: Wish|[wisher] Vaporeon\n|-heal|p2b: Ferrothorn|99\/100|[from] item: Leftovers\n|-damage|p1b: Vaporeon|75\/100|[from] Leech Seed|[of] p2b: Ferrothorn\n|-heal|p2b: Ferrothorn|100\/100|[silent]\n|-damage|p1a: Sylveon|42\/100|[from] Leech Seed|[of] p2b: Ferrothorn\n|upkeep\n|turn|19\n|\n|t:|1695249575\n|move|p2b: Ferrothorn|Protect|p2b: Ferrothorn\n|-singleturn|p2b: Ferrothorn|Protect\n|move|p1b: Vaporeon|Scald|p2b: Ferrothorn\n|-activate|p2b: Ferrothorn|move: Protect\n|move|p1a: Sylveon|Wish|p1a: Sylveon\n|\n|-damage|p1b: Vaporeon|62\/100|[from] Leech Seed|[of] p2b: Ferrothorn\n|-damage|p1a: Sylveon|29\/100|[from] Leech Seed|[of] p2b: Ferrothorn\n|upkeep\n|turn|20\n|\n|t:|1695249592\n|move|p1b: Vaporeon|Scald|p2b: Ferrothorn\n|-resisted|p2b: Ferrothorn\n|-damage|p2b: Ferrothorn|88\/100\n|-status|p2b: Ferrothorn|brn\n|move|p1a: Sylveon|Hyper Voice|p2b: Ferrothorn\n|-resisted|p2b: Ferrothorn\n|-damage|p2b: Ferrothorn|71\/100 brn\n|move|p2b: Ferrothorn|Substitute|p2b: Ferrothorn\n|-start|p2b: Ferrothorn|Substitute\n|-damage|p2b: Ferrothorn|46\/100 brn\n|\n|-heal|p1a: Sylveon|79\/100|[from] move: Wish|[wisher] Sylveon\n|-heal|p2b: Ferrothorn|53\/100 brn|[from] item: Leftovers\n|-damage|p1b: Vaporeon|50\/100|[from] Leech Seed|[of] p2b: Ferrothorn\n|-heal|p2b: Ferrothorn|73\/100 brn|[silent]\n|-damage|p1a: Sylveon|67\/100|[from] Leech Seed|[of] p2b: Ferrothorn\n|-heal|p2b: Ferrothorn|89\/100 brn|[silent]\n|-damage|p2b: Ferrothorn|83\/100 brn|[from] brn\n|upkeep\n|turn|21\n|\n|t:|1695249614\n|move|p2b: Ferrothorn|Protect|p2b: Ferrothorn\n|-singleturn|p2b: Ferrothorn|Protect\n|move|p1b: Vaporeon|Wish|p1b: Vaporeon\n|move|p1a: Sylveon|Hyper Voice|p2b: Ferrothorn\n|-activate|p2b: Ferrothorn|move: Protect\n|\n|-heal|p2b: Ferrothorn|89\/100 brn|[from] item: Leftovers\n|-damage|p1b: Vaporeon|37\/100|[from] Leech Seed|[of] p2b: Ferrothorn\n|-heal|p2b: Ferrothorn|100\/100 brn|[silent]\n|-damage|p1a: Sylveon|54\/100|[from] Leech Seed|[of] p2b: Ferrothorn\n|-damage|p2b: Ferrothorn|94\/100 brn|[from] brn\n|upkeep\n|turn|22\n|\n|t:|1695249632\n|move|p1b: Vaporeon|Scald|p2b: Ferrothorn\n|-resisted|p2b: Ferrothorn\n|-activate|p2b: Ferrothorn|move: Substitute|[damage]\n|move|p1a: Sylveon|Hyper Voice|p2b: Ferrothorn\n|-resisted|p2b: Ferrothorn\n|-damage|p2b: Ferrothorn|78\/100 brn\n|move|p2b: Ferrothorn|Knock Off|p1b: Vaporeon\n|-damage|p1b: Vaporeon|32\/100\n|\n|-heal|p1b: Vaporeon|82\/100|[from] move: Wish|[wisher] Vaporeon\n|-heal|p2b: Ferrothorn|85\/100 brn|[from] item: Leftovers\n|-damage|p1b: Vaporeon|69\/100|[from] Leech Seed|[of] p2b: Ferrothorn\n|-heal|p2b: Ferrothorn|100\/100 brn|[silent]\n|-damage|p1a: Sylveon|42\/100|[from] Leech Seed|[of] p2b: Ferrothorn\n|-damage|p2b: Ferrothorn|94\/100 brn|[from] brn\n|upkeep\n|turn|23\n|\n|t:|1695249653\n|move|p1b: Vaporeon|Scald|p2b: Ferrothorn\n|-resisted|p2b: Ferrothorn\n|-activate|p2b: Ferrothorn|move: Substitute|[damage]\n|move|p1a: Sylveon|Wish|p1a: Sylveon\n|move|p2b: Ferrothorn|Knock Off|p1a: Sylveon\n|-resisted|p1a: Sylveon\n|-damage|p1a: Sylveon|37\/100\n|\n|-heal|p2b: Ferrothorn|100\/100 brn|[from] item: Leftovers\n|-damage|p1b: Vaporeon|57\/100|[from] Leech Seed|[of] p2b: Ferrothorn\n|-damage|p1a: Sylveon|25\/100|[from] Leech Seed|[of] p2b: Ferrothorn\n|-damage|p2b: Ferrothorn|94\/100 brn|[from] brn\n|upkeep\n|turn|24\n|\n|t:|1695249668\n|move|p1b: Vaporeon|Scald|p2b: Ferrothorn\n|-resisted|p2b: Ferrothorn\n|-end|p2b: Ferrothorn|Substitute\n|move|p1a: Sylveon|Hyper Voice|p2b: Ferrothorn\n|-resisted|p2b: Ferrothorn\n|-damage|p2b: Ferrothorn|79\/100 brn\n|move|p2b: Ferrothorn|Knock Off|p1a: Sylveon\n|-resisted|p1a: Sylveon\n|-damage|p1a: Sylveon|20\/100\n|\n|-heal|p1a: Sylveon|70\/100|[from] move: Wish|[wisher] Sylveon\n|-heal|p2b: Ferrothorn|86\/100 brn|[from] item: Leftovers\n|-damage|p1b: Vaporeon|44\/100|[from] Leech Seed|[of] p2b: Ferrothorn\n|-heal|p2b: Ferrothorn|100\/100 brn|[silent]\n|-damage|p1a: Sylveon|58\/100|[from] Leech Seed|[of] p2b: Ferrothorn\n|-damage|p2b: Ferrothorn|94\/100 brn|[from] brn\n|upkeep\n|turn|25\n|\n|t:|1695249686\n|move|p1b: Vaporeon|Scald|p2b: Ferrothorn\n|-resisted|p2b: Ferrothorn\n|-damage|p2b: Ferrothorn|82\/100 brn\n|move|p1a: Sylveon|Hyper Voice|p2b: Ferrothorn\n|-resisted|p2b: Ferrothorn\n|-damage|p2b: Ferrothorn|67\/100 brn\n|move|p2b: Ferrothorn|Knock Off|p1a: Sylveon\n|-resisted|p1a: Sylveon\n|-damage|p1a: Sylveon|53\/100\n|\n|-heal|p2b: Ferrothorn|73\/100 brn|[from] item: Leftovers\n|-damage|p1b: Vaporeon|32\/100|[from] Leech Seed|[of] p2b: Ferrothorn\n|-heal|p2b: Ferrothorn|93\/100 brn|[silent]\n|-damage|p1a: Sylveon|41\/100|[from] Leech Seed|[of] p2b: Ferrothorn\n|-heal|p2b: Ferrothorn|100\/100 brn|[silent]\n|-damage|p2b: Ferrothorn|94\/100 brn|[from] brn\n|upkeep\n|turn|26\n|\n|t:|1695249707\n|move|p1b: Vaporeon|Wish|p1b: Vaporeon\n|move|p1a: Sylveon|Wish|p1a: Sylveon\n|move|p2b: Ferrothorn|Knock Off|p1a: Sylveon\n|-resisted|p1a: Sylveon\n|-damage|p1a: Sylveon|36\/100\n|\n|-heal|p2b: Ferrothorn|100\/100 brn|[from] item: Leftovers\n|-damage|p1b: Vaporeon|19\/100|[from] Leech Seed|[of] p2b: Ferrothorn\n|-damage|p1a: Sylveon|24\/100|[from] Leech Seed|[of] p2b: Ferrothorn\n|-damage|p2b: Ferrothorn|94\/100 brn|[from] brn\n|upkeep\n|turn|27\n|\n|t:|1695249720\n|move|p1b: Vaporeon|Scald|p2b: Ferrothorn\n|-resisted|p2b: Ferrothorn\n|-damage|p2b: Ferrothorn|82\/100 brn\n|move|p1a: Sylveon|Hyper Voice|p2b: Ferrothorn\n|-resisted|p2b: Ferrothorn\n|-damage|p2b: Ferrothorn|67\/100 brn\n|move|p2b: Ferrothorn|Knock Off|p1a: Sylveon\n|-resisted|p1a: Sylveon\n|-damage|p1a: Sylveon|19\/100\n|\n|-heal|p1b: Vaporeon|69\/100|[from] move: Wish|[wisher] Vaporeon\n|-heal|p1a: Sylveon|69\/100|[from] move: Wish|[wisher] Sylveon\n|-heal|p2b: Ferrothorn|73\/100 brn|[from] item: Leftovers\n|-damage|p1b: Vaporeon|57\/100|[from] Leech Seed|[of] p2b: Ferrothorn\n|-heal|p2b: Ferrothorn|93\/100 brn|[silent]\n|-damage|p1a: Sylveon|57\/100|[from] Leech Seed|[of] p2b: Ferrothorn\n|-heal|p2b: Ferrothorn|100\/100 brn|[silent]\n|-damage|p2b: Ferrothorn|94\/100 brn|[from] brn\n|upkeep\n|turn|28\n|c|\u2606Designco|I admire your effort to not lose lol\n|\n|t:|1695249745\n|move|p1b: Vaporeon|Scald|p2b: Ferrothorn\n|-resisted|p2b: Ferrothorn\n|-damage|p2b: Ferrothorn|82\/100 brn\n|move|p1a: Sylveon|Psyshock|p2b: Ferrothorn\n|-resisted|p2b: Ferrothorn\n|-crit|p2b: Ferrothorn\n|-damage|p2b: Ferrothorn|70\/100 brn\n|move|p2b: Ferrothorn|Substitute|p2b: Ferrothorn\n|-start|p2b: Ferrothorn|Substitute\n|-damage|p2b: Ferrothorn|46\/100 brn\n|\n|-heal|p2b: Ferrothorn|52\/100 brn|[from] item: Leftovers\n|-damage|p1b: Vaporeon|44\/100|[from] Leech Seed|[of] p2b: Ferrothorn\n|-heal|p2b: Ferrothorn|72\/100 brn|[silent]\n|-damage|p1a: Sylveon|44\/100|[from] Leech Seed|[of] p2b: Ferrothorn\n|-heal|p2b: Ferrothorn|89\/100 brn|[silent]\n|-damage|p2b: Ferrothorn|83\/100 brn|[from] brn\n|upkeep\n|turn|29\n|c|\u2606pokeedro|lol\n|\n|t:|1695249764\n|move|p1b: Vaporeon|Wish|p1b: Vaporeon\n|move|p1a: Sylveon|Wish|p1a: Sylveon\n|move|p2b: Ferrothorn|Leech Seed||[still]\n|-fail|p2b: Ferrothorn\n|\n|-heal|p2b: Ferrothorn|89\/100 brn|[from] item: Leftovers\n|-damage|p1b: Vaporeon|32\/100|[from] Leech Seed|[of] p2b: Ferrothorn\n|-heal|p2b: Ferrothorn|100\/100 brn|[silent]\n|-damage|p1a: Sylveon|32\/100|[from] Leech Seed|[of] p2b: Ferrothorn\n|-damage|p2b: Ferrothorn|94\/100 brn|[from] brn\n|upkeep\n|turn|30\n|\n|t:|1695249783\n|move|p2b: Ferrothorn|Protect|p2b: Ferrothorn\n|-singleturn|p2b: Ferrothorn|Protect\n|move|p1b: Vaporeon|Scald|p2b: Ferrothorn\n|-activate|p2b: Ferrothorn|move: Protect\n|move|p1a: Sylveon|Psyshock|p2b: Ferrothorn\n|-activate|p2b: Ferrothorn|move: Protect\n|\n|-heal|p1b: Vaporeon|82\/100|[from] move: Wish|[wisher] Vaporeon\n|-heal|p1a: Sylveon|82\/100|[from] move: Wish|[wisher] Sylveon\n|-heal|p2b: Ferrothorn|100\/100 brn|[from] item: Leftovers\n|-damage|p1b: Vaporeon|69\/100|[from] Leech Seed|[of] p2b: Ferrothorn\n|-damage|p1a: Sylveon|70\/100|[from] Leech Seed|[of] p2b: Ferrothorn\n|-damage|p2b: Ferrothorn|94\/100 brn|[from] brn\n|upkeep\n|turn|31\n|c|\u2606Designco|This is my actual ace \ud83d\ude0e\n|\n|t:|1695249806\n|move|p1b: Vaporeon|Scald|p2b: Ferrothorn\n|-resisted|p2b: Ferrothorn\n|-activate|p2b: Ferrothorn|move: Substitute|[damage]\n|move|p1a: Sylveon|Psyshock|p2b: Ferrothorn\n|-resisted|p2b: Ferrothorn\n|-activate|p2b: Ferrothorn|move: Substitute|[damage]\n|move|p2b: Ferrothorn|Leech Seed||[still]\n|-fail|p2b: Ferrothorn\n|\n|-heal|p2b: Ferrothorn|100\/100 brn|[from] item: Leftovers\n|-damage|p1b: Vaporeon|57\/100|[from] Leech Seed|[of] p2b: Ferrothorn\n|-damage|p1a: Sylveon|57\/100|[from] Leech Seed|[of] p2b: Ferrothorn\n|-damage|p2b: Ferrothorn|94\/100 brn|[from] brn\n|upkeep\n|turn|32\n|inactive|pokeedro has 120 seconds left.\n|\n|t:|1695249838\n|move|p1b: Vaporeon|Scald|p2b: Ferrothorn\n|-resisted|p2b: Ferrothorn\n|-end|p2b: Ferrothorn|Substitute\n|move|p1a: Sylveon|Psyshock|p2b: Ferrothorn\n|-resisted|p2b: Ferrothorn\n|-damage|p2b: Ferrothorn|86\/100 brn\n|move|p2b: Ferrothorn|Knock Off|p1a: Sylveon\n|-resisted|p1a: Sylveon\n|-damage|p1a: Sylveon|53\/100\n|\n|-heal|p2b: Ferrothorn|92\/100 brn|[from] item: Leftovers\n|-damage|p1b: Vaporeon|44\/100|[from] Leech Seed|[of] p2b: Ferrothorn\n|-heal|p2b: Ferrothorn|100\/100 brn|[silent]\n|-damage|p1a: Sylveon|41\/100|[from] Leech Seed|[of] p2b: Ferrothorn\n|-damage|p2b: Ferrothorn|94\/100 brn|[from] brn\n|upkeep\n|turn|33\n|\n|t:|1695249857\n|move|p1b: Vaporeon|Scald|p2b: Ferrothorn\n|-resisted|p2b: Ferrothorn\n|-damage|p2b: Ferrothorn|83\/100 brn\n|move|p1a: Sylveon|Hyper Voice|p2b: Ferrothorn\n|-resisted|p2b: Ferrothorn\n|-damage|p2b: Ferrothorn|68\/100 brn\n|move|p2b: Ferrothorn|Substitute|p2b: Ferrothorn\n|-start|p2b: Ferrothorn|Substitute\n|-damage|p2b: Ferrothorn|44\/100 brn\n|\n|-heal|p2b: Ferrothorn|50\/100 brn|[from] item: Leftovers\n|-damage|p1b: Vaporeon|32\/100|[from] Leech Seed|[of] p2b: Ferrothorn\n|-heal|p2b: Ferrothorn|70\/100 brn|[silent]\n|-damage|p1a: Sylveon|28\/100|[from] Leech Seed|[of] p2b: Ferrothorn\n|-heal|p2b: Ferrothorn|87\/100 brn|[silent]\n|-damage|p2b: Ferrothorn|80\/100 brn|[from] brn\n|upkeep\n|turn|34\n|\n|t:|1695249872\n|move|p1b: Vaporeon|Wish|p1b: Vaporeon\n|move|p1a: Sylveon|Wish|p1a: Sylveon\n|move|p2b: Ferrothorn|Knock Off|p1a: Sylveon\n|-resisted|p1a: Sylveon\n|-damage|p1a: Sylveon|24\/100\n|\n|-heal|p2b: Ferrothorn|87\/100 brn|[from] item: Leftovers\n|-damage|p1b: Vaporeon|19\/100|[from] Leech Seed|[of] p2b: Ferrothorn\n|-heal|p2b: Ferrothorn|100\/100 brn|[silent]\n|-damage|p1a: Sylveon|11\/100|[from] Leech Seed|[of] p2b: Ferrothorn\n|-damage|p2b: Ferrothorn|94\/100 brn|[from] brn\n|upkeep\n|turn|35\n|\n|t:|1695249887\n|move|p1b: Vaporeon|Scald|p2b: Ferrothorn\n|-resisted|p2b: Ferrothorn\n|-activate|p2b: Ferrothorn|move: Substitute|[damage]\n|move|p1a: Sylveon|Hyper Voice|p2b: Ferrothorn\n|-resisted|p2b: Ferrothorn\n|-damage|p2b: Ferrothorn|78\/100 brn\n|move|p2b: Ferrothorn|Knock Off|p1a: Sylveon\n|-resisted|p1a: Sylveon\n|-damage|p1a: Sylveon|7\/100\n|\n|-heal|p1b: Vaporeon|69\/100|[from] move: Wish|[wisher] Vaporeon\n|-heal|p1a: Sylveon|57\/100|[from] move: Wish|[wisher] Sylveon\n|-heal|p2b: Ferrothorn|84\/100 brn|[from] item: Leftovers\n|-damage|p1b: Vaporeon|57\/100|[from] Leech Seed|[of] p2b: Ferrothorn\n|-heal|p2b: Ferrothorn|100\/100 brn|[silent]\n|-damage|p1a: Sylveon|45\/100|[from] Leech Seed|[of] p2b: Ferrothorn\n|-damage|p2b: Ferrothorn|94\/100 brn|[from] brn\n|upkeep\n|turn|36\n|\n|t:|1695249905\n|move|p1b: Vaporeon|Wish|p1b: Vaporeon\n|move|p1a: Sylveon|Wish|p1a: Sylveon\n|move|p2b: Ferrothorn|Knock Off|p1a: Sylveon\n|-resisted|p1a: Sylveon\n|-damage|p1a: Sylveon|41\/100\n|\n|-heal|p2b: Ferrothorn|100\/100 brn|[from] item: Leftovers\n|-damage|p1b: Vaporeon|44\/100|[from] Leech Seed|[of] p2b: Ferrothorn\n|-damage|p1a: Sylveon|28\/100|[from] Leech Seed|[of] p2b: Ferrothorn\n|-damage|p2b: Ferrothorn|94\/100 brn|[from] brn\n|upkeep\n|turn|37\n|c|\u2606pokeedro|eveelutions\n|c|\u2606pokeedro|eveelutions\n|c|\u2606pokeedro|eveelutions\n|\n|t:|1695249932\n|move|p1b: Vaporeon|Wish||[still]\n|-fail|p1b: Vaporeon\n|move|p1a: Sylveon|Wish||[still]\n|-fail|p1a: Sylveon\n|move|p2b: Ferrothorn|Knock Off|p1a: Sylveon\n|-resisted|p1a: Sylveon\n|-damage|p1a: Sylveon|24\/100\n|\n|-heal|p1b: Vaporeon|94\/100|[from] move: Wish|[wisher] Vaporeon\n|-heal|p1a: Sylveon|74\/100|[from] move: Wish|[wisher] Sylveon\n|-heal|p2b: Ferrothorn|100\/100 brn|[from] item: Leftovers\n|-damage|p1b: Vaporeon|82\/100|[from] Leech Seed|[of] p2b: Ferrothorn\n|-damage|p1a: Sylveon|61\/100|[from] Leech Seed|[of] p2b: Ferrothorn\n|-damage|p2b: Ferrothorn|94\/100 brn|[from] brn\n|upkeep\n|turn|38\n|\n|t:|1695249954\n|move|p1b: Vaporeon|Scald|p2b: Ferrothorn\n|-resisted|p2b: Ferrothorn\n|-activate|p2b: Ferrothorn|move: Substitute|[damage]\n|move|p1a: Sylveon|Hyper Voice|p2b: Ferrothorn\n|-resisted|p2b: Ferrothorn\n|-damage|p2b: Ferrothorn|80\/100 brn\n|move|p2b: Ferrothorn|Leech Seed||[still]\n|-fail|p2b: Ferrothorn\n|\n|-heal|p2b: Ferrothorn|86\/100 brn|[from] item: Leftovers\n|-damage|p1b: Vaporeon|69\/100|[from] Leech Seed|[of] p2b: Ferrothorn\n|-heal|p2b: Ferrothorn|100\/100 brn|[silent]\n|-damage|p1a: Sylveon|49\/100|[from] Leech Seed|[of] p2b: Ferrothorn\n|-damage|p2b: Ferrothorn|94\/100 brn|[from] brn\n|upkeep\n|turn|39\n|\n|t:|1695249977\n|move|p1b: Vaporeon|Scald|p2b: Ferrothorn\n|-resisted|p2b: Ferrothorn\n|-end|p2b: Ferrothorn|Substitute\n|move|p1a: Sylveon|Hyper Voice|p2b: Ferrothorn\n|-resisted|p2b: Ferrothorn\n|-damage|p2b: Ferrothorn|78\/100 brn\n|move|p2b: Ferrothorn|Substitute|p2b: Ferrothorn\n|-start|p2b: Ferrothorn|Substitute\n|-damage|p2b: Ferrothorn|54\/100 brn\n|\n|-heal|p2b: Ferrothorn|60\/100 brn|[from] item: Leftovers\n|-damage|p1b: Vaporeon|57\/100|[from] Leech Seed|[of] p2b: Ferrothorn\n|-heal|p2b: Ferrothorn|80\/100 brn|[silent]\n|-damage|p1a: Sylveon|37\/100|[from] Leech Seed|[of] p2b: Ferrothorn\n|-heal|p2b: Ferrothorn|97\/100 brn|[silent]\n|-damage|p2b: Ferrothorn|90\/100 brn|[from] brn\n|upkeep\n|turn|40\n|\n|t:|1695250000\n|move|p1b: Vaporeon|Scald|p2b: Ferrothorn\n|-resisted|p2b: Ferrothorn\n|-activate|p2b: Ferrothorn|move: Substitute|[damage]\n|move|p1a: Sylveon|Wish|p1a: Sylveon\n|move|p2b: Ferrothorn|Knock Off|p1a: Sylveon\n|-resisted|p1a: Sylveon\n|-damage|p1a: Sylveon|32\/100\n|\n|-heal|p2b: Ferrothorn|97\/100 brn|[from] item: Leftovers\n|-damage|p1b: Vaporeon|44\/100|[from] Leech Seed|[of] p2b: Ferrothorn\n|-heal|p2b: Ferrothorn|100\/100 brn|[silent]\n|-damage|p1a: Sylveon|20\/100|[from] Leech Seed|[of] p2b: Ferrothorn\n|-damage|p2b: Ferrothorn|94\/100 brn|[from] brn\n|upkeep\n|turn|41\n|\n|t:|1695250024\n|move|p1b: Vaporeon|Wish|p1b: Vaporeon\n|move|p1a: Sylveon|Hyper Voice|p2b: Ferrothorn\n|-resisted|p2b: Ferrothorn\n|-damage|p2b: Ferrothorn|79\/100 brn\n|move|p2b: Ferrothorn|Knock Off|p1a: Sylveon\n|-resisted|p1a: Sylveon\n|-damage|p1a: Sylveon|15\/100\n|\n|-heal|p1a: Sylveon|65\/100|[from] move: Wish|[wisher] Sylveon\n|-heal|p2b: Ferrothorn|86\/100 brn|[from] item: Leftovers\n|-damage|p1b: Vaporeon|32\/100|[from] Leech Seed|[of] p2b: Ferrothorn\n|-heal|p2b: Ferrothorn|100\/100 brn|[silent]\n|-damage|p1a: Sylveon|53\/100|[from] Leech Seed|[of] p2b: Ferrothorn\n|-damage|p2b: Ferrothorn|94\/100 brn|[from] brn\n|upkeep\n|turn|42\n|\n|t:|1695250044\n|move|p1b: Vaporeon|Scald|p2b: Ferrothorn\n|-resisted|p2b: Ferrothorn\n|-crit|p2b: Ferrothorn\n|-end|p2b: Ferrothorn|Substitute\n|move|p1a: Sylveon|Psyshock|p2b: Ferrothorn\n|-resisted|p2b: Ferrothorn\n|-damage|p2b: Ferrothorn|87\/100 brn\n|move|p2b: Ferrothorn|Knock Off|p1a: Sylveon\n|-resisted|p1a: Sylveon\n|-damage|p1a: Sylveon|48\/100\n|\n|-heal|p1b: Vaporeon|82\/100|[from] move: Wish|[wisher] Vaporeon\n|-heal|p2b: Ferrothorn|93\/100 brn|[from] item: Leftovers\n|-damage|p1b: Vaporeon|69\/100|[from] Leech Seed|[of] p2b: Ferrothorn\n|-heal|p2b: Ferrothorn|100\/100 brn|[silent]\n|-damage|p1a: Sylveon|36\/100|[from] Leech Seed|[of] p2b: Ferrothorn\n|-damage|p2b: Ferrothorn|94\/100 brn|[from] brn\n|upkeep\n|turn|43\n|\n|t:|1695250064\n|move|p1b: Vaporeon|Toxic||[still]\n|-fail|p1b: Vaporeon\n|move|p1a: Sylveon|Wish|p1a: Sylveon\n|move|p2b: Ferrothorn|Substitute|p2b: Ferrothorn\n|-start|p2b: Ferrothorn|Substitute\n|-damage|p2b: Ferrothorn|69\/100 brn\n|\n|-heal|p2b: Ferrothorn|76\/100 brn|[from] item: Leftovers\n|-damage|p1b: Vaporeon|57\/100|[from] Leech Seed|[of] p2b: Ferrothorn\n|-heal|p2b: Ferrothorn|96\/100 brn|[silent]\n|-damage|p1a: Sylveon|24\/100|[from] Leech Seed|[of] p2b: Ferrothorn\n|-heal|p2b: Ferrothorn|100\/100 brn|[silent]\n|-damage|p2b: Ferrothorn|94\/100 brn|[from] brn\n|upkeep\n|turn|44\n|\n|t:|1695250082\n|move|p1b: Vaporeon|Wish|p1b: Vaporeon\n|move|p1a: Sylveon|Hyper Voice|p2b: Ferrothorn\n|-resisted|p2b: Ferrothorn\n|-damage|p2b: Ferrothorn|78\/100 brn\n|move|p2b: Ferrothorn|Knock Off|p1b: Vaporeon\n|-damage|p1b: Vaporeon|52\/100\n|\n|-heal|p1a: Sylveon|74\/100|[from] move: Wish|[wisher] Sylveon\n|-heal|p2b: Ferrothorn|84\/100 brn|[from] item: Leftovers\n|-damage|p1b: Vaporeon|40\/100|[from] Leech Seed|[of] p2b: Ferrothorn\n|-heal|p2b: Ferrothorn|100\/100 brn|[silent]\n|-damage|p1a: Sylveon|61\/100|[from] Leech Seed|[of] p2b: Ferrothorn\n|-damage|p2b: Ferrothorn|94\/100 brn|[from] brn\n|upkeep\n|turn|45\n|inactive|pokeedro has 120 seconds left.\n|\n|t:|1695250113\n|move|p1b: Vaporeon|Toxic||[still]\n|-fail|p1b: Vaporeon\n|move|p1a: Sylveon|Hyper Voice|p2b: Ferrothorn\n|-resisted|p2b: Ferrothorn\n|-damage|p2b: Ferrothorn|79\/100 brn\n|move|p2b: Ferrothorn|Knock Off|p1a: Sylveon\n|-resisted|p1a: Sylveon\n|-damage|p1a: Sylveon|57\/100\n|\n|-heal|p1b: Vaporeon|90\/100|[from] move: Wish|[wisher] Vaporeon\n|-heal|p2b: Ferrothorn|85\/100 brn|[from] item: Leftovers\n|-damage|p1b: Vaporeon|77\/100|[from] Leech Seed|[of] p2b: Ferrothorn\n|-heal|p2b: Ferrothorn|100\/100 brn|[silent]\n|-damage|p1a: Sylveon|45\/100|[from] Leech Seed|[of] p2b: Ferrothorn\n|-damage|p2b: Ferrothorn|94\/100 brn|[from] brn\n|upkeep\n|turn|46\n|\n|t:|1695250134\n|move|p1b: Vaporeon|Toxic|p1a: Sylveon|[miss]\n|-miss|p1b: Vaporeon|p1a: Sylveon\n|move|p1a: Sylveon|Hyper Voice|p2b: Ferrothorn\n|-resisted|p2b: Ferrothorn\n|-damage|p2b: Ferrothorn|79\/100 brn\n|move|p2b: Ferrothorn|Knock Off|p1a: Sylveon\n|-resisted|p1a: Sylveon\n|-damage|p1a: Sylveon|41\/100\n|\n|-heal|p2b: Ferrothorn|85\/100 brn|[from] item: Leftovers\n|-damage|p1b: Vaporeon|65\/100|[from] Leech Seed|[of] p2b: Ferrothorn\n|-heal|p2b: Ferrothorn|100\/100 brn|[silent]\n|-damage|p1a: Sylveon|28\/100|[from] Leech Seed|[of] p2b: Ferrothorn\n|-damage|p2b: Ferrothorn|94\/100 brn|[from] brn\n|upkeep\n|turn|47\n|\n|t:|1695250152\n|move|p1b: Vaporeon|Toxic||[still]\n|-fail|p1b: Vaporeon\n|move|p1a: Sylveon|Wish|p1a: Sylveon\n|move|p2b: Ferrothorn|Knock Off|p1a: Sylveon\n|-resisted|p1a: Sylveon\n|-damage|p1a: Sylveon|24\/100\n|\n|-heal|p2b: Ferrothorn|100\/100 brn|[from] item: Leftovers\n|-damage|p1b: Vaporeon|52\/100|[from] Leech Seed|[of] p2b: Ferrothorn\n|-damage|p1a: Sylveon|11\/100|[from] Leech Seed|[of] p2b: Ferrothorn\n|-damage|p2b: Ferrothorn|94\/100 brn|[from] brn\n|upkeep\n|turn|48\n|\n|t:|1695250170\n|move|p1b: Vaporeon|Toxic||[still]\n|-fail|p1b: Vaporeon\n|move|p1a: Sylveon|Psyshock|p2b: Ferrothorn\n|-resisted|p2b: Ferrothorn\n|-activate|p2b: Ferrothorn|move: Substitute|[damage]\n|move|p2b: Ferrothorn|Knock Off|p1a: Sylveon\n|-resisted|p1a: Sylveon\n|-damage|p1a: Sylveon|7\/100\n|\n|-heal|p1a: Sylveon|57\/100|[from] move: Wish|[wisher] Sylveon\n|-heal|p2b: Ferrothorn|100\/100 brn|[from] item: Leftovers\n|-damage|p1b: Vaporeon|40\/100|[from] Leech Seed|[of] p2b: Ferrothorn\n|-damage|p1a: Sylveon|44\/100|[from] Leech Seed|[of] p2b: Ferrothorn\n|-damage|p2b: Ferrothorn|94\/100 brn|[from] brn\n|upkeep\n|turn|49\n|\n|t:|1695250185\n|move|p1b: Vaporeon|Wish|p1b: Vaporeon\n|move|p1a: Sylveon|Wish|p1a: Sylveon\n|move|p2b: Ferrothorn|Leech Seed||[still]\n|-fail|p2b: Ferrothorn\n|\n|-heal|p2b: Ferrothorn|100\/100 brn|[from] item: Leftovers\n|-damage|p1b: Vaporeon|27\/100|[from] Leech Seed|[of] p2b: Ferrothorn\n|-damage|p1a: Sylveon|32\/100|[from] Leech Seed|[of] p2b: Ferrothorn\n|-damage|p2b: Ferrothorn|94\/100 brn|[from] brn\n|upkeep\n|turn|50\n|\n|t:|1695250205\n|move|p2b: Ferrothorn|Protect|p2b: Ferrothorn\n|-singleturn|p2b: Ferrothorn|Protect\n|move|p1b: Vaporeon|Toxic|p2b: Ferrothorn\n|-activate|p2b: Ferrothorn|move: Protect\n|move|p1a: Sylveon|Psyshock|p2b: Ferrothorn\n|-activate|p2b: Ferrothorn|move: Protect\n|\n|-heal|p1b: Vaporeon|77\/100|[from] move: Wish|[wisher] Vaporeon\n|-heal|p1a: Sylveon|82\/100|[from] move: Wish|[wisher] Sylveon\n|-heal|p2b: Ferrothorn|100\/100 brn|[from] item: Leftovers\n|-damage|p1b: Vaporeon|65\/100|[from] Leech Seed|[of] p2b: Ferrothorn\n|-damage|p1a: Sylveon|70\/100|[from] Leech Seed|[of] p2b: Ferrothorn\n|-damage|p2b: Ferrothorn|94\/100 brn|[from] brn\n|upkeep\n|turn|51\n|\n|t:|1695250223\n|move|p1b: Vaporeon|Toxic||[still]\n|-fail|p1b: Vaporeon\n|move|p1a: Sylveon|Psyshock|p2b: Ferrothorn\n|-resisted|p2b: Ferrothorn\n|-activate|p2b: Ferrothorn|move: Substitute|[damage]\n|move|p2b: Ferrothorn|Leech Seed||[still]\n|-fail|p2b: Ferrothorn\n|\n|-heal|p2b: Ferrothorn|100\/100 brn|[from] item: Leftovers\n|-damage|p1b: Vaporeon|52\/100|[from] Leech Seed|[of] p2b: Ferrothorn\n|-damage|p1a: Sylveon|57\/100|[from] Leech Seed|[of] p2b: Ferrothorn\n|-damage|p2b: Ferrothorn|94\/100 brn|[from] brn\n|upkeep\n|turn|52\n|inactive|pokeedro has 120 seconds left.\n|inactive|pokeedro has 90 seconds left.\n|\n|t:|1695250301\n|move|p1b: Vaporeon|Wish|p1b: Vaporeon\n|move|p1a: Sylveon|Psyshock|p2b: Ferrothorn\n|-resisted|p2b: Ferrothorn\n|-activate|p2b: Ferrothorn|move: Substitute|[damage]\n|move|p2b: Ferrothorn|Leech Seed||[still]\n|-fail|p2b: Ferrothorn\n|\n|-heal|p2b: Ferrothorn|100\/100 brn|[from] item: Leftovers\n|-damage|p1b: Vaporeon|40\/100|[from] Leech Seed|[of] p2b: Ferrothorn\n|-damage|p1a: Sylveon|45\/100|[from] Leech Seed|[of] p2b: Ferrothorn\n|-damage|p2b: Ferrothorn|94\/100 brn|[from] brn\n|upkeep\n|turn|53\n|c|\u2606Designco|You done? Lol\n|c|\u2606Designco|nope nvm\n|inactive|pokeedro has 90 seconds left.\n|\n|t:|1695250316\n|move|p1b: Vaporeon|Toxic||[still]\n|-fail|p1b: Vaporeon\n|move|p1a: Sylveon|Hyper Voice|p2b: Ferrothorn\n|-resisted|p2b: Ferrothorn\n|-damage|p2b: Ferrothorn|80\/100 brn\n|move|p2b: Ferrothorn|Knock Off|p1b: Vaporeon\n|-damage|p1b: Vaporeon|35\/100\n|\n|-heal|p1b: Vaporeon|85\/100|[from] move: Wish|[wisher] Vaporeon\n|-heal|p2b: Ferrothorn|86\/100 brn|[from] item: Leftovers\n|-damage|p1b: Vaporeon|72\/100|[from] Leech Seed|[of] p2b: Ferrothorn\n|-heal|p2b: Ferrothorn|100\/100 brn|[silent]\n|-damage|p1a: Sylveon|32\/100|[from] Leech Seed|[of] p2b: Ferrothorn\n|-damage|p2b: Ferrothorn|94\/100 brn|[from] brn\n|upkeep\n|turn|54\n|\n|t:|1695250335\n|move|p1b: Vaporeon|Toxic||[still]\n|-fail|p1b: Vaporeon\n|move|p1a: Sylveon|Wish|p1a: Sylveon\n|move|p2b: Ferrothorn|Leech Seed||[still]\n|-fail|p2b: Ferrothorn\n|\n|-heal|p2b: Ferrothorn|100\/100 brn|[from] item: Leftovers\n|-damage|p1b: Vaporeon|60\/100|[from] Leech Seed|[of] p2b: Ferrothorn\n|-damage|p1a: Sylveon|20\/100|[from] Leech Seed|[of] p2b: Ferrothorn\n|-damage|p2b: Ferrothorn|94\/100 brn|[from] brn\n|upkeep\n|turn|55\n|inactive|pokeedro has 120 seconds left.\n|\n|t:|1695250356\n|move|p2b: Ferrothorn|Protect|p2b: Ferrothorn\n|-singleturn|p2b: Ferrothorn|Protect\n|move|p1b: Vaporeon|Toxic|p2b: Ferrothorn\n|-activate|p2b: Ferrothorn|move: Protect\n|move|p1a: Sylveon|Psyshock|p2b: Ferrothorn\n|-activate|p2b: Ferrothorn|move: Protect\n|\n|-heal|p1a: Sylveon|70\/100|[from] move: Wish|[wisher] Sylveon\n|-heal|p2b: Ferrothorn|100\/100 brn|[from] item: Leftovers\n|-damage|p1b: Vaporeon|47\/100|[from] Leech Seed|[of] p2b: Ferrothorn\n|-damage|p1a: Sylveon|57\/100|[from] Leech Seed|[of] p2b: Ferrothorn\n|-damage|p2b: Ferrothorn|94\/100 brn|[from] brn\n|upkeep\n|turn|56\n|inactive|pokeedro has 120 seconds left.\n|\n|t:|1695250374\n|move|p1b: Vaporeon|Wish|p1b: Vaporeon\n|move|p1a: Sylveon|Psyshock|p2b: Ferrothorn\n|-resisted|p2b: Ferrothorn\n|-end|p2b: Ferrothorn|Substitute\n|move|p2b: Ferrothorn|Leech Seed||[still]\n|-fail|p2b: Ferrothorn\n|\n|-heal|p2b: Ferrothorn|100\/100 brn|[from] item: Leftovers\n|-damage|p1b: Vaporeon|35\/100|[from] Leech Seed|[of] p2b: Ferrothorn\n|-damage|p1a: Sylveon|45\/100|[from] Leech Seed|[of] p2b: Ferrothorn\n|-damage|p2b: Ferrothorn|94\/100 brn|[from] brn\n|upkeep\n|turn|57\n|\n|t:|1695250389\n|move|p1b: Vaporeon|Wish||[still]\n|-fail|p1b: Vaporeon\n|move|p1a: Sylveon|Wish|p1a: Sylveon\n|move|p2b: Ferrothorn|Substitute|p2b: Ferrothorn\n|-start|p2b: Ferrothorn|Substitute\n|-damage|p2b: Ferrothorn|69\/100 brn\n|\n|-heal|p1b: Vaporeon|85\/100|[from] move: Wish|[wisher] Vaporeon\n|-heal|p2b: Ferrothorn|76\/100 brn|[from] item: Leftovers\n|-damage|p1b: Vaporeon|72\/100|[from] Leech Seed|[of] p2b: Ferrothorn\n|-heal|p2b: Ferrothorn|96\/100 brn|[silent]\n|-damage|p1a: Sylveon|32\/100|[from] Leech Seed|[of] p2b: Ferrothorn\n|-heal|p2b: Ferrothorn|100\/100 brn|[silent]\n|-damage|p2b: Ferrothorn|94\/100 brn|[from] brn\n|upkeep\n|turn|58\n|\n|t:|1695250410\n|move|p1b: Vaporeon|Toxic|p2b: Ferrothorn|[miss]\n|-miss|p1b: Vaporeon|p2b: Ferrothorn\n|move|p1a: Sylveon|Psyshock|p2b: Ferrothorn\n|-resisted|p2b: Ferrothorn\n|-crit|p2b: Ferrothorn\n|-activate|p2b: Ferrothorn|move: Substitute|[damage]\n|move|p2b: Ferrothorn|Knock Off|p1b: Vaporeon\n|-damage|p1b: Vaporeon|67\/100\n|\n|-heal|p1a: Sylveon|82\/100|[from] move: Wish|[wisher] Sylveon\n|-heal|p2b: Ferrothorn|100\/100 brn|[from] item: Leftovers\n|-damage|p1b: Vaporeon|55\/100|[from] Leech Seed|[of] p2b: Ferrothorn\n|-damage|p1a: Sylveon|70\/100|[from] Leech Seed|[of] p2b: Ferrothorn\n|-damage|p2b: Ferrothorn|94\/100 brn|[from] brn\n|upkeep\n|turn|59\n|\n|t:|1695250434\n|move|p1a: Sylveon|Protect|p1a: Sylveon\n|-singleturn|p1a: Sylveon|Protect\n|move|p2b: Ferrothorn|Protect|p2b: Ferrothorn\n|-singleturn|p2b: Ferrothorn|Protect\n|move|p1b: Vaporeon|Wish|p1b: Vaporeon\n|\n|-heal|p2b: Ferrothorn|100\/100 brn|[from] item: Leftovers\n|-damage|p1b: Vaporeon|42\/100|[from] Leech Seed|[of] p2b: Ferrothorn\n|-damage|p1a: Sylveon|58\/100|[from] Leech Seed|[of] p2b: Ferrothorn\n|-damage|p2b: Ferrothorn|94\/100 brn|[from] brn\n|upkeep\n|turn|60\n|\n|t:|1695250450\n|move|p1b: Vaporeon|Toxic||[still]\n|-fail|p1b: Vaporeon\n|move|p1a: Sylveon|Wish|p1a: Sylveon\n|move|p2b: Ferrothorn|Knock Off|p1b: Vaporeon\n|-damage|p1b: Vaporeon|37\/100\n|\n|-heal|p1b: Vaporeon|87\/100|[from] move: Wish|[wisher] Vaporeon\n|-heal|p2b: Ferrothorn|100\/100 brn|[from] item: Leftovers\n|-damage|p1b: Vaporeon|75\/100|[from] Leech Seed|[of] p2b: Ferrothorn\n|-damage|p1a: Sylveon|45\/100|[from] Leech Seed|[of] p2b: Ferrothorn\n|-damage|p2b: Ferrothorn|94\/100 brn|[from] brn\n|upkeep\n|turn|61\n|\n|t:|1695250473\n|move|p1a: Sylveon|Protect|p1a: Sylveon\n|-singleturn|p1a: Sylveon|Protect\n|move|p2b: Ferrothorn|Protect|p2b: Ferrothorn\n|-singleturn|p2b: Ferrothorn|Protect\n|move|p1b: Vaporeon|Toxic|p2b: Ferrothorn\n|-activate|p2b: Ferrothorn|move: Protect\n|\n|-heal|p1a: Sylveon|95\/100|[from] move: Wish|[wisher] Sylveon\n|-heal|p2b: Ferrothorn|100\/100 brn|[from] item: Leftovers\n|-damage|p1b: Vaporeon|62\/100|[from] Leech Seed|[of] p2b: Ferrothorn\n|-damage|p1a: Sylveon|83\/100|[from] Leech Seed|[of] p2b: Ferrothorn\n|-damage|p2b: Ferrothorn|94\/100 brn|[from] brn\n|upkeep\n|turn|62\n|\n|t:|1695250493\n|move|p1a: Sylveon|Protect||[still]\n|-fail|p1a: Sylveon\n|move|p1b: Vaporeon|Toxic||[still]\n|-fail|p1b: Vaporeon\n|move|p2b: Ferrothorn|Leech Seed|p1a: Sylveon|[miss]\n|-miss|p2b: Ferrothorn|p1a: Sylveon\n|\n|-heal|p2b: Ferrothorn|100\/100 brn|[from] item: Leftovers\n|-damage|p1b: Vaporeon|50\/100|[from] Leech Seed|[of] p2b: Ferrothorn\n|-damage|p1a: Sylveon|70\/100|[from] Leech Seed|[of] p2b: Ferrothorn\n|-damage|p2b: Ferrothorn|94\/100 brn|[from] brn\n|upkeep\n|turn|63\n|\n|t:|1695250509\n|move|p1a: Sylveon|Protect|p1a: Sylveon\n|-singleturn|p1a: Sylveon|Protect\n|move|p1b: Vaporeon|Wish|p1b: Vaporeon\n|move|p2b: Ferrothorn|Leech Seed|p1a: Sylveon\n|-activate|p1a: Sylveon|move: Protect\n|\n|-heal|p2b: Ferrothorn|100\/100 brn|[from] item: Leftovers\n|-damage|p1b: Vaporeon|37\/100|[from] Leech Seed|[of] p2b: Ferrothorn\n|-damage|p1a: Sylveon|58\/100|[from] Leech Seed|[of] p2b: Ferrothorn\n|-damage|p2b: Ferrothorn|94\/100 brn|[from] brn\n|upkeep\n|turn|64\n|\n|t:|1695250524\n|move|p1a: Sylveon|Protect|p1a: Sylveon\n|-singleturn|p1a: Sylveon|Protect\n|move|p1b: Vaporeon|Toxic||[still]\n|-fail|p1b: Vaporeon\n|move|p2b: Ferrothorn|Knock Off|p1a: Sylveon\n|-activate|p1a: Sylveon|move: Protect\n|\n|-heal|p1b: Vaporeon|87\/100|[from] move: Wish|[wisher] Vaporeon\n|-heal|p2b: Ferrothorn|100\/100 brn|[from] item: Leftovers\n|-damage|p1b: Vaporeon|75\/100|[from] Leech Seed|[of] p2b: Ferrothorn\n|-damage|p1a: Sylveon|45\/100|[from] Leech Seed|[of] p2b: Ferrothorn\n|-damage|p2b: Ferrothorn|94\/100 brn|[from] brn\n|upkeep\n|turn|65\n|\n|t:|1695250544\n|move|p1b: Vaporeon|Protect|p1b: Vaporeon\n|-singleturn|p1b: Vaporeon|Protect\n|move|p2b: Ferrothorn|Protect|p2b: Ferrothorn\n|-singleturn|p2b: Ferrothorn|Protect\n|move|p1a: Sylveon|Wish|p1a: Sylveon\n|\n|-heal|p2b: Ferrothorn|100\/100 brn|[from] item: Leftovers\n|-damage|p1b: Vaporeon|62\/100|[from] Leech Seed|[of] p2b: Ferrothorn\n|-damage|p1a: Sylveon|33\/100|[from] Leech Seed|[of] p2b: Ferrothorn\n|-damage|p2b: Ferrothorn|94\/100 brn|[from] brn\n|upkeep\n|turn|66\n|c|\u2606Designco|Gg\n|\n|t:|1695250563\n|move|p1b: Vaporeon|Protect||[still]\n|-fail|p1b: Vaporeon\n|move|p1a: Sylveon|Protect|p1a: Sylveon\n|-singleturn|p1a: Sylveon|Protect\n|move|p2b: Ferrothorn|Leech Seed|p1a: Sylveon\n|-activate|p1a: Sylveon|move: Protect\n|\n|-heal|p1a: Sylveon|83\/100|[from] move: Wish|[wisher] Sylveon\n|-heal|p2b: Ferrothorn|100\/100 brn|[from] item: Leftovers\n|-damage|p1b: Vaporeon|50\/100|[from] Leech Seed|[of] p2b: Ferrothorn\n|-damage|p1a: Sylveon|71\/100|[from] Leech Seed|[of] p2b: Ferrothorn\n|-damage|p2b: Ferrothorn|94\/100 brn|[from] brn\n|upkeep\n|turn|67\n|\n|t:|1695250579\n|move|p1b: Vaporeon|Protect|p1b: Vaporeon\n|-singleturn|p1b: Vaporeon|Protect\n|move|p1a: Sylveon|Protect||[still]\n|-fail|p1a: Sylveon\n|move|p2b: Ferrothorn|Knock Off|p1b: Vaporeon\n|-activate|p1b: Vaporeon|move: Protect\n|\n|-heal|p2b: Ferrothorn|100\/100 brn|[from] item: Leftovers\n|-damage|p1b: Vaporeon|37\/100|[from] Leech Seed|[of] p2b: Ferrothorn\n|-damage|p1a: Sylveon|58\/100|[from] Leech Seed|[of] p2b: Ferrothorn\n|-damage|p2b: Ferrothorn|94\/100 brn|[from] brn\n|upkeep\n|turn|68\n|\n|t:|1695250592\n|move|p1b: Vaporeon|Protect||[still]\n|-fail|p1b: Vaporeon\n|move|p1a: Sylveon|Protect|p1a: Sylveon\n|-singleturn|p1a: Sylveon|Protect\n|move|p2b: Ferrothorn|Knock Off|p1b: Vaporeon\n|-damage|p1b: Vaporeon|32\/100\n|\n|-heal|p2b: Ferrothorn|100\/100 brn|[from] item: Leftovers\n|-damage|p1b: Vaporeon|20\/100|[from] Leech Seed|[of] p2b: Ferrothorn\n|-damage|p1a: Sylveon|46\/100|[from] Leech Seed|[of] p2b: Ferrothorn\n|-damage|p2b: Ferrothorn|94\/100 brn|[from] brn\n|upkeep\n|turn|69\n|\n|t:|1695250607\n|move|p1b: Vaporeon|Protect|p1b: Vaporeon\n|-singleturn|p1b: Vaporeon|Protect\n|move|p1a: Sylveon|Protect|p1a: Sylveon\n|-singleturn|p1a: Sylveon|Protect\n|move|p2b: Ferrothorn|Knock Off|p1b: Vaporeon\n|-activate|p1b: Vaporeon|move: Protect\n|\n|-heal|p2b: Ferrothorn|100\/100 brn|[from] item: Leftovers\n|-damage|p1b: Vaporeon|7\/100|[from] Leech Seed|[of] p2b: Ferrothorn\n|-damage|p1a: Sylveon|33\/100|[from] Leech Seed|[of] p2b: Ferrothorn\n|-damage|p2b: Ferrothorn|94\/100 brn|[from] brn\n|upkeep\n|turn|70\n|\n|t:|1695250622\n|move|p1b: Vaporeon|Protect||[still]\n|-fail|p1b: Vaporeon\n|move|p1a: Sylveon|Protect||[still]\n|-fail|p1a: Sylveon\n|move|p2b: Ferrothorn|Knock Off|p1a: Sylveon\n|-resisted|p1a: Sylveon\n|-damage|p1a: Sylveon|29\/100\n|\n|-heal|p2b: Ferrothorn|100\/100 brn|[from] item: Leftovers\n|-damage|p1b: Vaporeon|0 fnt|[from] Leech Seed|[of] p2b: Ferrothorn\n|faint|p1b: Vaporeon\n|-damage|p1a: Sylveon|16\/100|[from] Leech Seed|[of] p2b: Ferrothorn\n|-damage|p2b: Ferrothorn|94\/100 brn|[from] brn\n|upkeep\n|turn|71\n|\n|t:|1695250642\n|move|p1a: Sylveon|Wish|p1a: Sylveon\n|move|p2b: Ferrothorn|Leech Seed||[still]\n|-fail|p2b: Ferrothorn\n|\n|-heal|p2b: Ferrothorn|100\/100 brn|[from] item: Leftovers\n|-damage|p1a: Sylveon|4\/100|[from] Leech Seed|[of] p2b: Ferrothorn\n|-damage|p2b: Ferrothorn|94\/100 brn|[from] brn\n|upkeep\n|turn|72\n|\n|t:|1695250652\n|move|p1a: Sylveon|Protect|p1a: Sylveon\n|-singleturn|p1a: Sylveon|Protect\n|move|p2b: Ferrothorn|Knock Off|p1a: Sylveon\n|-activate|p1a: Sylveon|move: Protect\n|\n|-heal|p1a: Sylveon|54\/100|[from] move: Wish|[wisher] Sylveon\n|-heal|p2b: Ferrothorn|100\/100 brn|[from] item: Leftovers\n|-damage|p1a: Sylveon|42\/100|[from] Leech Seed|[of] p2b: Ferrothorn\n|-damage|p2b: Ferrothorn|94\/100 brn|[from] brn\n|upkeep\n|turn|73\n|\n|t:|1695250666\n|move|p1a: Sylveon|Protect|p1a: Sylveon\n|-singleturn|p1a: Sylveon|Protect\n|move|p2b: Ferrothorn|Substitute|p2b: Ferrothorn\n|-fail|p2b: Ferrothorn|move: Substitute\n|\n|-heal|p2b: Ferrothorn|100\/100 brn|[from] item: Leftovers\n|-damage|p1a: Sylveon|29\/100|[from] Leech Seed|[of] p2b: Ferrothorn\n|-damage|p2b: Ferrothorn|94\/100 brn|[from] brn\n|upkeep\n|turn|74\n|c|\u2606Designco|Gg\n|\n|t:|1695250674\n|move|p1a: Sylveon|Protect|p1a: Sylveon\n|-singleturn|p1a: Sylveon|Protect\n|move|p2b: Ferrothorn|Substitute|p2b: Ferrothorn\n|-fail|p2b: Ferrothorn|move: Substitute\n|\n|-heal|p2b: Ferrothorn|100\/100 brn|[from] item: Leftovers\n|-damage|p1a: Sylveon|17\/100|[from] Leech Seed|[of] p2b: Ferrothorn\n|-damage|p2b: Ferrothorn|94\/100 brn|[from] brn\n|upkeep\n|turn|75\n|c|\u2606Designco|Gg\n|\n|t:|1695250684\n|move|p1a: Sylveon|Protect||[still]\n|-fail|p1a: Sylveon\n|move|p2b: Ferrothorn|Substitute|p2b: Ferrothorn\n|-fail|p2b: Ferrothorn|move: Substitute\n|\n|-heal|p2b: Ferrothorn|100\/100 brn|[from] item: Leftovers\n|-damage|p1a: Sylveon|4\/100|[from] Leech Seed|[of] p2b: Ferrothorn\n|-damage|p2b: Ferrothorn|94\/100 brn|[from] brn\n|upkeep\n|turn|76\n|\n|t:|1695250694\n|move|p1a: Sylveon|Protect|p1a: Sylveon\n|-singleturn|p1a: Sylveon|Protect\n|move|p2b: Ferrothorn|Protect||[still]\n|-fail|p2b: Ferrothorn\n|\n|-heal|p2b: Ferrothorn|100\/100 brn|[from] item: Leftovers\n|-damage|p1a: Sylveon|0 fnt|[from] Leech Seed|[of] p2b: Ferrothorn\n|faint|p1a: Sylveon\n|\n|win|Designco\n|upkeep\n|raw|pokeedro's rating: 1097 &rarr; <strong>1070<\/strong><br \/>(-27 for losing)\n|raw|Designco's rating: 1065 &rarr; <strong>1098<\/strong><br \/>(+33 for winning)\n|c|\u2606pokeedro|gg\n","uploadtime":1695250718,"views":8,"p1id":"pokeedro","p2id":"designco","formatid":"gen9nationaldexdoubles","rating":1070,"private":0,"password":""}