{"id":"gen9nationaldexdoubles-1995553869","p1":"Zoroark Nidoking","p2":"Chi3fRoss","format":"[Gen 9] National Dex Doubles","log":"|j|\u2606Zoroark Nidoking\n|j|\u2606Chi3fRoss\n|t:|1700582358\n|gametype|doubles\n|player|p1|Zoroark Nidoking|gambler|1372\n|player|p2|Chi3fRoss|101|1352\n|teamsize|p1|6\n|teamsize|p2|6\n|gen|9\n|tier|[Gen 9] National Dex Doubles\n|rated|\n|rule|HP Percentage Mod: HP is shown in percentages\n|rule|Endless Battle Clause: Forcing endless battles is banned\n|rule|OHKO Clause: OHKO moves are banned\n|rule|Evasion Moves Clause: Evasion moves are banned\n|rule|Evasion Abilities Clause: Evasion abilities are banned\n|rule|Species Clause: Limit one of each Pok\u00e9mon\n|rule|Gravity Sleep Clause: The combination of sleep-inducing moves with imperfect accuracy and Gravity or Gigantamax Orbeetle are banned\n|clearpoke\n|poke|p1|Incineroar, M|\n|poke|p1|Rotom-Wash|\n|poke|p1|Kingdra, M|\n|poke|p1|Excadrill, F|\n|poke|p1|Skarmory, F|\n|poke|p1|Dodrio, M|\n|poke|p2|Alcremie, F|\n|poke|p2|Dragonite, F|\n|poke|p2|Regieleki|\n|poke|p2|Metagross|\n|poke|p2|Whimsicott, M|\n|poke|p2|Walking Wake|\n|teampreview\n|inactive|Battle timer is ON: inactive players will automatically lose when time's up. (requested by Zoroark Nidoking)\n|\n|t:|1700582375\n|start\n|switch|p1a: Heel Sr|Incineroar, M, shiny|100\/100\n|switch|p1b: Washy|Rotom-Wash, shiny|100\/100\n|switch|p2a: Alcremie|Alcremie, F|100\/100\n|switch|p2b: Dragonite|Dragonite, F|100\/100\n|-ability|p1a: Heel Sr|Intimidate|boost\n|-unboost|p2a: Alcremie|atk|1\n|-fail|p2b: Dragonite|unboost|Attack|[from] ability: Inner Focus|[of] p2b: Dragonite\n|turn|1\n|\n|t:|1700582387\n|move|p1b: Washy|Rain Dance|p1b: Washy\n|-weather|RainDance\n|move|p2b: Dragonite|Dragon Dance|p2b: Dragonite\n|-boost|p2b: Dragonite|atk|1\n|-boost|p2b: Dragonite|spe|1\n|move|p2a: Alcremie|Decorate|p2b: Dragonite\n|-boost|p2b: Dragonite|atk|2\n|-boost|p2b: Dragonite|spa|2\n|move|p1a: Heel Sr|Flare Blitz|p2a: Alcremie\n|-damage|p2a: Alcremie|74\/100\n|-damage|p1a: Heel Sr|93\/100|[from] Recoil\n|\n|-weather|RainDance|[upkeep]\n|upkeep\n|turn|2\n|\n|t:|1700582408\n|move|p2b: Dragonite|Protect|p2b: Dragonite\n|-singleturn|p2b: Dragonite|Protect\n|move|p1b: Washy|Volt Switch|p2b: Dragonite\n|-activate|p2b: Dragonite|move: Protect\n|move|p2a: Alcremie|Decorate|p2b: Dragonite\n|-boost|p2b: Dragonite|atk|2\n|-boost|p2b: Dragonite|spa|2\n|move|p1a: Heel Sr|Parting Shot|p2b: Dragonite\n|-activate|p2b: Dragonite|move: Protect\n|\n|-weather|RainDance|[upkeep]\n|upkeep\n|turn|3\n|\n|t:|1700582420\n|-terastallize|p2b: Dragonite|Normal\n|-terastallize|p1a: Heel Sr|Dark\n|move|p2a: Alcremie|Helping Hand|p2b: Dragonite\n|-singleturn|p2b: Dragonite|Helping Hand|[of] p2a: Alcremie\n|move|p2b: Dragonite|Extreme Speed|p1a: Heel Sr\n|-damage|p1a: Heel Sr|0 fnt\n|faint|p1a: Heel Sr\n|move|p1b: Washy|Volt Switch|p2b: Dragonite\n|-crit|p2b: Dragonite\n|-damage|p2b: Dragonite|48\/100\n|\n|t:|1700582429\n|switch|p1b: James|Kingdra, M, shiny|100\/100|[from] Volt Switch\n|\n|-weather|RainDance|[upkeep]\n|-heal|p2b: Dragonite|54\/100|[from] item: Leftovers\n|upkeep\n|\n|t:|1700582437\n|switch|p1a: Iron Scar|Skarmory, F, shiny|100\/100\n|turn|4\n|\n|t:|1700582446\n|switch|p2a: Walking Wake|Walking Wake|100\/100\n|move|p2b: Dragonite|Extreme Speed|p1b: James\n|-damage|p1b: James|0 fnt\n|faint|p1b: James\n|move|p1a: Iron Scar|Drill Peck|p2b: Dragonite\n|-damage|p2b: Dragonite|28\/100\n|\n|-weather|RainDance|[upkeep]\n|-heal|p2b: Dragonite|34\/100|[from] item: Leftovers\n|upkeep\n|\n|t:|1700582457\n|switch|p1b: Washy|Rotom-Wash, shiny|100\/100\n|turn|5\n|\n|t:|1700582469\n|move|p2b: Dragonite|Extreme Speed|p1b: Washy\n|-damage|p1b: Washy|0 fnt\n|faint|p1b: Washy\n|move|p2a: Walking Wake|Hydro Steam|p1a: Iron Scar\n|-damage|p1a: Iron Scar|15\/100\n|-enditem|p1a: Iron Scar|Mago Berry|[eat]\n|-heal|p1a: Iron Scar|48\/100|[from] item: Mago Berry\n|move|p1a: Iron Scar|Sandstorm|p1a: Iron Scar\n|-weather|Sandstorm\n|\n|-weather|Sandstorm|[upkeep]\n|-damage|p2a: Walking Wake|94\/100|[from] Sandstorm\n|-damage|p2b: Dragonite|28\/100|[from] Sandstorm\n|-heal|p2b: Dragonite|34\/100|[from] item: Leftovers\n|upkeep\n|\n|t:|1700582477\n|switch|p1b: Quake|Excadrill, F, shiny|100\/100\n|turn|6\n|\n|t:|1700582485\n|-end|p2a: Walking Wake|Protosynthesis|[silent]\n|switch|p2a: Whimsicott|Whimsicott, M|100\/100\n|move|p2b: Dragonite|Protect|p2b: Dragonite\n|-singleturn|p2b: Dragonite|Protect\n|move|p1b: Quake|Earthquake|p2b: Dragonite|[spread] p2a\n|-activate|p2b: Dragonite|move: Protect\n|-immune|p1a: Iron Scar\n|-resisted|p2a: Whimsicott\n|-damage|p2a: Whimsicott|66\/100\n|move|p1a: Iron Scar|Roost|p1a: Iron Scar\n|-heal|p1a: Iron Scar|98\/100\n|-singleturn|p1a: Iron Scar|move: Roost\n|\n|-weather|Sandstorm|[upkeep]\n|-damage|p2b: Dragonite|28\/100|[from] Sandstorm\n|-damage|p2a: Whimsicott|60\/100|[from] Sandstorm\n|-heal|p2b: Dragonite|34\/100|[from] item: Leftovers\n|upkeep\n|turn|7\n|\n|t:|1700582499\n|move|p2a: Whimsicott|Tailwind|p2a: Whimsicott\n|-sidestart|p2: Chi3fRoss|move: Tailwind\n|move|p2b: Dragonite|Stomping Tantrum|p1b: Quake\n|-supereffective|p1b: Quake\n|-damage|p1b: Quake|0 fnt\n|faint|p1b: Quake\n|move|p1a: Iron Scar|Drill Peck|p2a: Whimsicott\n|-supereffective|p2a: Whimsicott\n|-damage|p2a: Whimsicott|0 fnt\n|faint|p2a: Whimsicott\n|\n|-weather|Sandstorm|[upkeep]\n|-damage|p2b: Dragonite|28\/100|[from] Sandstorm\n|-heal|p2b: Dragonite|34\/100|[from] item: Leftovers\n|upkeep\n|\n|t:|1700582507\n|switch|p2a: Regieleki|Regieleki|100\/100\n|switch|p1b: Best Bird|Dodrio, M|100\/100\n|turn|8\n|-message|Zoroark Nidoking forfeited.\n|\n|win|Chi3fRoss\n|raw|Zoroark Nidoking's rating: 1372 &rarr; <strong>1351<\/strong><br \/>(-21 for losing)\n|raw|Chi3fRoss's rating: 1352 &rarr; <strong>1373<\/strong><br \/>(+21 for winning)\n|l|\u2606Zoroark Nidoking\n","uploadtime":1700582515,"views":9,"p1id":"zoroarknidoking","p2id":"chi3fross","formatid":"gen9nationaldexdoubles","rating":1351,"private":0,"password":""}