{"id":"gen9nationaldexdoubles-1969007260","p1":"jad12jad12","p2":"Denvah_17","format":"[Gen 9] National Dex Doubles","log":"|j|\u2606jad12jad12\n|j|\u2606Denvah_17\n|t:|1697482311\n|gametype|doubles\n|player|p1|jad12jad12|2|1224\n|player|p2|Denvah_17|alder|1410\n|teamsize|p1|6\n|teamsize|p2|6\n|gen|9\n|tier|[Gen 9] National Dex Doubles\n|rated|\n|rule|HP Percentage Mod: HP is shown in percentages\n|rule|Endless Battle Clause: Forcing endless battles is banned\n|rule|OHKO Clause: OHKO moves are banned\n|rule|Evasion Moves Clause: Evasion moves are banned\n|rule|Evasion Abilities Clause: Evasion abilities are banned\n|rule|Species Clause: Limit one of each Pok\u00e9mon\n|rule|Gravity Sleep Clause: The combination of sleep-inducing moves with imperfect accuracy and Gravity or Gigantamax Orbeetle are banned\n|clearpoke\n|poke|p1|Charizard, M|\n|poke|p1|Venusaur, M|\n|poke|p1|Victini|\n|poke|p1|Dragonite, F|\n|poke|p1|Thundurus, M|\n|poke|p1|Kommo-o, M|\n|poke|p2|Sinistcha-Masterpiece|\n|poke|p2|Diancie|\n|poke|p2|Okidogi, M|\n|poke|p2|Ursaluna-Bloodmoon, M|\n|poke|p2|Volcanion|\n|poke|p2|Golisopod, M|\n|teampreview\n|inactive|Battle timer is ON: inactive players will automatically lose when time's up. (requested by Denvah_17)\n|\n|t:|1697482339\n|start\n|switch|p1a: Charizard|Charizard, M|100\/100\n|switch|p1b: Venusaur|Venusaur, M|100\/100\n|switch|p2a: Rihanna|Diancie, shiny|100\/100\n|switch|p2b: Freddy Fazbear|Ursaluna-Bloodmoon, M|100\/100\n|turn|1\n|\n|t:|1697482360\n|detailschange|p1a: Charizard|Charizard-Mega-Y, M\n|-mega|p1a: Charizard|Charizard|Charizardite Y\n|-weather|SunnyDay|[from] ability: Drought|[of] p1a: Charizard\n|move|p1b: Venusaur|Sleep Powder|p2a: Rihanna|[miss]\n|-miss|p1b: Venusaur|p2a: Rihanna\n|move|p1a: Charizard|Solar Beam||[still]\n|-prepare|p1a: Charizard|Solar Beam\n|-anim|p1a: Charizard|Solar Beam|p2b: Freddy Fazbear\n|-supereffective|p2b: Freddy Fazbear\n|-damage|p2b: Freddy Fazbear|0 fnt\n|faint|p2b: Freddy Fazbear\n|move|p2a: Rihanna|Trick Room|p2a: Rihanna\n|-fieldstart|move: Trick Room|[of] p2a: Rihanna\n|\n|-weather|SunnyDay|[upkeep]\n|upkeep\n|\n|t:|1697482375\n|switch|p2b: Grass Latte|Sinistcha-Masterpiece|100\/100\n|turn|2\n|\n|t:|1697482381\n|move|p2a: Rihanna|Diamond Storm|p1a: Charizard|[spread] p1a,p1b\n|-supereffective|p1a: Charizard\n|-damage|p1a: Charizard|0 fnt\n|-damage|p1b: Venusaur|62\/100\n|-boost|p2a: Rihanna|def|2\n|faint|p1a: Charizard\n|move|p2b: Grass Latte|Calm Mind|p2b: Grass Latte\n|-boost|p2b: Grass Latte|spa|1\n|-boost|p2b: Grass Latte|spd|1\n|move|p1b: Venusaur|Sleep Powder|p2a: Rihanna|[miss]\n|-miss|p1b: Venusaur|p2a: Rihanna\n|\n|-weather|SunnyDay|[upkeep]\n|upkeep\n|\n|t:|1697482390\n|switch|p1a: Victini|Victini|100\/100\n|turn|3\n|\n|t:|1697482402\n|-terastallize|p2b: Grass Latte|Grass\n|move|p2a: Rihanna|Diamond Storm|p1b: Venusaur|[spread] p1a,p1b\n|-supereffective|p1a: Victini\n|-damage|p1a: Victini|35\/100\n|-damage|p1b: Venusaur|26\/100\n|-boost|p2a: Rihanna|def|2\n|move|p2b: Grass Latte|Matcha Gotcha|p1a: Victini|[spread] p1a\n|-miss|p2b: Grass Latte|p1b: Venusaur\n|-resisted|p1a: Victini\n|-damage|p1a: Victini|8\/100\n|move|p1a: Victini|V-create|p2b: Grass Latte\n|-supereffective|p2b: Grass Latte\n|-damage|p2b: Grass Latte|0 fnt\n|-unboost|p1a: Victini|spe|1\n|-unboost|p1a: Victini|def|1\n|-unboost|p1a: Victini|spd|1\n|faint|p2b: Grass Latte\n|move|p1b: Venusaur|Sleep Powder|p2a: Rihanna\n|-status|p2a: Rihanna|slp|[from] move: Sleep Powder\n|\n|-weather|SunnyDay|[upkeep]\n|upkeep\n|\n|t:|1697482418\n|switch|p2b: Goliath|Golisopod, M|100\/100\n|turn|4\n|\n|t:|1697482434\n|move|p2b: Goliath|First Impression|p1b: Venusaur\n|-damage|p1b: Venusaur|0 fnt\n|faint|p1b: Venusaur\n|-damage|p2b: Goliath|91\/100|[from] item: Life Orb\n|cant|p2a: Rihanna|slp\n|move|p1a: Victini|V-create|p2b: Goliath\n|-damage|p2b: Goliath|0 fnt\n|-unboost|p1a: Victini|spe|1\n|-unboost|p1a: Victini|def|1\n|-unboost|p1a: Victini|spd|1\n|faint|p2b: Goliath\n|\n|-weather|SunnyDay|[upkeep]\n|upkeep\n|\n|t:|1697482449\n|switch|p2b: Careless Whisper|Volcanion|100\/100\n|switch|p1b: Thundurus|Thundurus, M|100\/100\n|turn|5\n|\n|t:|1697482461\n|move|p1b: Thundurus|Thunder Wave|p2b: Careless Whisper\n|-status|p2b: Careless Whisper|par\n|move|p2b: Careless Whisper|Heat Wave|p1b: Thundurus|[spread] p1a,p1b\n|-resisted|p1a: Victini\n|-damage|p1a: Victini|0 fnt\n|-damage|p1b: Thundurus|23\/100\n|faint|p1a: Victini\n|cant|p2a: Rihanna|slp\n|\n|-weather|none\n|-fieldend|move: Trick Room\n|upkeep\n|\n|t:|1697482470\n|switch|p1a: Dragonite|Dragonite, F|100\/100\n|turn|6\n|\n|t:|1697482479\n|-terastallize|p1a: Dragonite|Normal\n|move|p2b: Careless Whisper|Protect|p2b: Careless Whisper\n|-singleturn|p2b: Careless Whisper|Protect\n|move|p1b: Thundurus|Volt Switch|p2a: Rihanna\n|-damage|p2a: Rihanna|74\/100 slp\n|\n|t:|1697482485\n|switch|p1b: Kommo-o|Kommo-o, M|100\/100|[from] Volt Switch\n|move|p1a: Dragonite|Dragon Dance|p1a: Dragonite\n|-boost|p1a: Dragonite|atk|1\n|-boost|p1a: Dragonite|spe|1\n|-curestatus|p2a: Rihanna|slp|[msg]\n|move|p2a: Rihanna|Diamond Storm|p1b: Kommo-o|[spread] p1a,p1b\n|-resisted|p1b: Kommo-o\n|-damage|p1a: Dragonite|86\/100\n|-damage|p1b: Kommo-o|87\/100\n|-boost|p2a: Rihanna|def|2\n|\n|upkeep\n|turn|7\n|\n|t:|1697482500\n|move|p1a: Dragonite|Iron Head|p2a: Rihanna\n|-supereffective|p2a: Rihanna\n|-damage|p2a: Rihanna|39\/100\n|-enditem|p2a: Rihanna|Weakness Policy\n|-boost|p2a: Rihanna|atk|2|[from] item: Weakness Policy\n|-boost|p2a: Rihanna|spa|2|[from] item: Weakness Policy\n|-zpower|p1b: Kommo-o\n|move|p1b: Kommo-o|Clangorous Soulblaze|p2a: Rihanna|[zeffect]|[spread] p2b\n|-immune|p2a: Rihanna\n|-damage|p2b: Careless Whisper|41\/100 par\n|-boost|p1b: Kommo-o|atk|1\n|-boost|p1b: Kommo-o|def|1\n|-boost|p1b: Kommo-o|spa|1\n|-boost|p1b: Kommo-o|spd|1\n|-boost|p1b: Kommo-o|spe|1\n|move|p2a: Rihanna|Dazzling Gleam|p1a: Dragonite|[spread] p1a,p1b\n|-supereffective|p1b: Kommo-o\n|-damage|p1a: Dragonite|45\/100\n|-damage|p1b: Kommo-o|0 fnt\n|faint|p1b: Kommo-o\n|move|p2b: Careless Whisper|Steam Eruption|p1a: Dragonite\n|-damage|p1a: Dragonite|0 fnt\n|faint|p1a: Dragonite\n|\n|-heal|p2b: Careless Whisper|47\/100 par|[from] item: Leftovers\n|upkeep\n|-message|jad12jad12 forfeited.\n|\n|win|Denvah_17\n|raw|jad12jad12's rating: 1224 &rarr; <strong>1211<\/strong><br \/>(-13 for losing)\n|raw|Denvah_17's rating: 1410 &rarr; <strong>1420<\/strong><br \/>(+10 for winning)\n|l|\u2606jad12jad12\n","uploadtime":1697482527,"views":12,"p1id":"jad12jad12","p2id":"denvah17","formatid":"gen9nationaldexdoubles","rating":1211,"private":0,"password":""}