{"id":"gen9nationaldexdoubles-1976321969","p1":"BugCatcherJameson","p2":"JKogut","format":"[Gen 9] National Dex Doubles","log":"|j|\u2606BugCatcherJameson\n|j|\u2606JKogut\n|t:|1698286442\n|gametype|doubles\n|player|p1|BugCatcherJameson|bugsy|\n|player|p2|JKogut|workerice|\n|teamsize|p1|6\n|teamsize|p2|6\n|gen|9\n|tier|[Gen 9] National Dex Doubles\n|rule|HP Percentage Mod: HP is shown in percentages\n|rule|Endless Battle Clause: Forcing endless battles is banned\n|rule|OHKO Clause: OHKO moves are banned\n|rule|Evasion Moves Clause: Evasion moves are banned\n|rule|Evasion Abilities Clause: Evasion abilities are banned\n|rule|Species Clause: Limit one of each Pok\u00e9mon\n|rule|Gravity Sleep Clause: The combination of sleep-inducing moves with imperfect accuracy and Gravity or Gigantamax Orbeetle are banned\n|clearpoke\n|poke|p1|Volcarona, F|\n|poke|p1|Oricorio-Pom-Pom, F|\n|poke|p1|Bellossom, F|\n|poke|p1|Quaquaval, F|\n|poke|p1|Maushold-Four|\n|poke|p1|Kommo-o, F|\n|poke|p2|Lickilicky, F|\n|poke|p2|Skeledirge, F|\n|poke|p2|Kommo-o, F|\n|poke|p2|Kilowattrel, F|\n|poke|p2|Cresselia, F|\n|poke|p2|Grimmsnarl, M|\n|teampreview\n|inactive|Battle timer is ON: inactive players will automatically lose when time's up. (requested by BugCatcherJameson)\n|inactive|BugCatcherJameson has 270 seconds left.\n|inactive|JKogut has 270 seconds left.\n|j| ChronoTrigonometry\n|j| AustralianJesus\n|inactiveoff|Battle timer is now OFF.\n|\n|t:|1698286534\n|start\n|switch|p1a: \u30c1\u30a2\u30ea\u30fc\u30c0\u30fc|Oricorio-Pom-Pom, F|100\/100\n|switch|p1b: L\u016b\u02bbau|Kommo-o, F, shiny|100\/100\n|switch|p2a: Groovy Barbie|Grimmsnarl, M, shiny|100\/100\n|switch|p2b: Curvy Barbie|Lickilicky, F|100\/100\n|-ability|p2b: Curvy Barbie|Cloud Nine\n|turn|1\n|\n|t:|1698286577\n|move|p1a: \u30c1\u30a2\u30ea\u30fc\u30c0\u30fc|Protect|p1a: \u30c1\u30a2\u30ea\u30fc\u30c0\u30fc\n|-singleturn|p1a: \u30c1\u30a2\u30ea\u30fc\u30c0\u30fc|Protect\n|move|p2a: Groovy Barbie|Reflect|p2a: Groovy Barbie\n|-sidestart|p2: JKogut|Reflect\n|move|p1b: L\u016b\u02bbau|Clangorous Soul|p1b: L\u016b\u02bbau\n|-boost|p1b: L\u016b\u02bbau|atk|1\n|-boost|p1b: L\u016b\u02bbau|def|1\n|-boost|p1b: L\u016b\u02bbau|spa|1\n|-boost|p1b: L\u016b\u02bbau|spd|1\n|-boost|p1b: L\u016b\u02bbau|spe|1\n|-damage|p1b: L\u016b\u02bbau|68\/100\n|-activate|p1a: \u30c1\u30a2\u30ea\u30fc\u30c0\u30fc|ability: Dancer\n|move|p1a: \u30c1\u30a2\u30ea\u30fc\u30c0\u30fc|Clangorous Soul|p1a: \u30c1\u30a2\u30ea\u30fc\u30c0\u30fc|[from]ability: Dancer\n|-boost|p1a: \u30c1\u30a2\u30ea\u30fc\u30c0\u30fc|atk|1\n|-boost|p1a: \u30c1\u30a2\u30ea\u30fc\u30c0\u30fc|def|1\n|-boost|p1a: \u30c1\u30a2\u30ea\u30fc\u30c0\u30fc|spa|1\n|-boost|p1a: \u30c1\u30a2\u30ea\u30fc\u30c0\u30fc|spd|1\n|-boost|p1a: \u30c1\u30a2\u30ea\u30fc\u30c0\u30fc|spe|1\n|-damage|p1a: \u30c1\u30a2\u30ea\u30fc\u30c0\u30fc|68\/100\n|move|p2b: Curvy Barbie|Dragon Tail|p1a: \u30c1\u30a2\u30ea\u30fc\u30c0\u30fc\n|-activate|p1a: \u30c1\u30a2\u30ea\u30fc\u30c0\u30fc|move: Protect\n|\n|-heal|p1b: L\u016b\u02bbau|74\/100|[from] item: Leftovers\n|upkeep\n|turn|2\n|\n|t:|1698286621\n|move|p2a: Groovy Barbie|Light Screen|p2a: Groovy Barbie\n|-sidestart|p2: JKogut|move: Light Screen\n|move|p1b: L\u016b\u02bbau|Drain Punch|p2b: Curvy Barbie\n|-supereffective|p2b: Curvy Barbie\n|-damage|p2b: Curvy Barbie|61\/100\n|-heal|p1b: L\u016b\u02bbau|100\/100|[from] drain|[of] p2b: Curvy Barbie\n|-damage|p1b: L\u016b\u02bbau|84\/100|[from] item: Rocky Helmet|[of] p2b: Curvy Barbie\n|move|p1a: \u30c1\u30a2\u30ea\u30fc\u30c0\u30fc|Roost|p1a: \u30c1\u30a2\u30ea\u30fc\u30c0\u30fc\n|-heal|p1a: \u30c1\u30a2\u30ea\u30fc\u30c0\u30fc|100\/100\n|-singleturn|p1a: \u30c1\u30a2\u30ea\u30fc\u30c0\u30fc|move: Roost\n|move|p2b: Curvy Barbie|Dragon Tail|p1b: L\u016b\u02bbau\n|-supereffective|p1b: L\u016b\u02bbau\n|-damage|p1b: L\u016b\u02bbau|68\/100\n|drag|p1b: Carnival|Quaquaval, F|100\/100\n|\n|upkeep\n|turn|3\n|\n|t:|1698286652\n|move|p1a: \u30c1\u30a2\u30ea\u30fc\u30c0\u30fc|Protect|p1a: \u30c1\u30a2\u30ea\u30fc\u30c0\u30fc\n|-singleturn|p1a: \u30c1\u30a2\u30ea\u30fc\u30c0\u30fc|Protect\n|move|p1b: Carnival|Aqua Step|p2b: Curvy Barbie\n|-damage|p2b: Curvy Barbie|42\/100\n|-boost|p1b: Carnival|spe|1\n|-damage|p1b: Carnival|84\/100|[from] item: Rocky Helmet|[of] p2b: Curvy Barbie\n|-activate|p1a: \u30c1\u30a2\u30ea\u30fc\u30c0\u30fc|ability: Dancer\n|move|p1a: \u30c1\u30a2\u30ea\u30fc\u30c0\u30fc|Aqua Step|p2b: Curvy Barbie|[from]ability: Dancer\n|-damage|p2b: Curvy Barbie|34\/100\n|-boost|p1a: \u30c1\u30a2\u30ea\u30fc\u30c0\u30fc|spe|1\n|-damage|p1a: \u30c1\u30a2\u30ea\u30fc\u30c0\u30fc|84\/100|[from] item: Rocky Helmet|[of] p2b: Curvy Barbie\n|move|p2a: Groovy Barbie|Spirit Break|p1b: Carnival\n|-supereffective|p1b: Carnival\n|-damage|p1b: Carnival|4\/100\n|-unboost|p1b: Carnival|spa|1\n|move|p2b: Curvy Barbie|Dragon Tail|p1b: Carnival\n|-damage|p1b: Carnival|0 fnt\n|faint|p1b: Carnival\n|\n|upkeep\n|\n|t:|1698286699\n|switch|p1b: My Bologna|Volcarona, F|100\/100\n|turn|4\n|\n|t:|1698286718\n|move|p1a: \u30c1\u30a2\u30ea\u30fc\u30c0\u30fc|Air Cutter|p2a: Groovy Barbie|[spread] p2a,p2b\n|-crit|p2a: Groovy Barbie\n|-damage|p2a: Groovy Barbie|58\/100\n|-damage|p2b: Curvy Barbie|17\/100\n|move|p1b: My Bologna|Fiery Dance|p2b: Curvy Barbie\n|-damage|p2b: Curvy Barbie|0 fnt\n|faint|p2b: Curvy Barbie\n|-activate|p1a: \u30c1\u30a2\u30ea\u30fc\u30c0\u30fc|ability: Dancer\n|move|p1a: \u30c1\u30a2\u30ea\u30fc\u30c0\u30fc|Fiery Dance|p2a: Groovy Barbie|[from]ability: Dancer\n|-damage|p2a: Groovy Barbie|33\/100\n|move|p2a: Groovy Barbie|Spirit Break|p1a: \u30c1\u30a2\u30ea\u30fc\u30c0\u30fc\n|-damage|p1a: \u30c1\u30a2\u30ea\u30fc\u30c0\u30fc|60\/100\n|-unboost|p1a: \u30c1\u30a2\u30ea\u30fc\u30c0\u30fc|spa|1\n|\n|upkeep\n|\n|t:|1698286766\n|switch|p2b: Alopecia Barbie|Skeledirge, F, shiny|100\/100\n|turn|5\n|\n|t:|1698286801\n|move|p1a: \u30c1\u30a2\u30ea\u30fc\u30c0\u30fc|Protect|p1a: \u30c1\u30a2\u30ea\u30fc\u30c0\u30fc\n|-singleturn|p1a: \u30c1\u30a2\u30ea\u30fc\u30c0\u30fc|Protect\n|move|p2a: Groovy Barbie|Taunt|p1b: My Bologna\n|-start|p1b: My Bologna|move: Taunt\n|move|p1b: My Bologna|Fiery Dance|p2a: Groovy Barbie\n|-damage|p2a: Groovy Barbie|8\/100\n|-activate|p1a: \u30c1\u30a2\u30ea\u30fc\u30c0\u30fc|ability: Dancer\n|move|p1a: \u30c1\u30a2\u30ea\u30fc\u30c0\u30fc|Fiery Dance|p2a: Groovy Barbie|[from]ability: Dancer\n|-damage|p2a: Groovy Barbie|0 fnt\n|faint|p2a: Groovy Barbie\n|move|p2b: Alopecia Barbie|Snarl|p1a: \u30c1\u30a2\u30ea\u30fc\u30c0\u30fc|[spread] p1b\n|-activate|p1a: \u30c1\u30a2\u30ea\u30fc\u30c0\u30fc|move: Protect\n|-damage|p1b: My Bologna|90\/100\n|-unboost|p1b: My Bologna|spa|1\n|\n|-heal|p1b: My Bologna|96\/100|[from] item: Leftovers\n|upkeep\n|\n|t:|1698286824\n|switch|p2a: Moon God Barbie|Cresselia, F|100\/100\n|turn|6\n|\n|t:|1698286840\n|move|p1a: \u30c1\u30a2\u30ea\u30fc\u30c0\u30fc|Roost|p1a: \u30c1\u30a2\u30ea\u30fc\u30c0\u30fc\n|-heal|p1a: \u30c1\u30a2\u30ea\u30fc\u30c0\u30fc|100\/100\n|-singleturn|p1a: \u30c1\u30a2\u30ea\u30fc\u30c0\u30fc|move: Roost\n|move|p1b: My Bologna|Fiery Dance|p2a: Moon God Barbie\n|-damage|p2a: Moon God Barbie|90\/100\n|-activate|p1a: \u30c1\u30a2\u30ea\u30fc\u30c0\u30fc|ability: Dancer\n|move|p1a: \u30c1\u30a2\u30ea\u30fc\u30c0\u30fc|Fiery Dance|p2a: Moon God Barbie|[from]ability: Dancer\n|-damage|p2a: Moon God Barbie|80\/100\n|move|p2b: Alopecia Barbie|Torch Song|p1a: \u30c1\u30a2\u30ea\u30fc\u30c0\u30fc\n|-damage|p1a: \u30c1\u30a2\u30ea\u30fc\u30c0\u30fc|51\/100\n|-boost|p2b: Alopecia Barbie|spa|1\n|-enditem|p1a: \u30c1\u30a2\u30ea\u30fc\u30c0\u30fc|Mirror Herb\n|-boost|p1a: \u30c1\u30a2\u30ea\u30fc\u30c0\u30fc|spa|1|[from] item: Mirror Herb\n|move|p2a: Moon God Barbie|Trick Room|p2a: Moon God Barbie\n|-fieldstart|move: Trick Room|[of] p2a: Moon God Barbie\n|\n|-heal|p1b: My Bologna|100\/100|[from] item: Leftovers\n|upkeep\n|turn|7\n|\n|t:|1698286895\n|move|p1a: \u30c1\u30a2\u30ea\u30fc\u30c0\u30fc|Protect|p1a: \u30c1\u30a2\u30ea\u30fc\u30c0\u30fc\n|-singleturn|p1a: \u30c1\u30a2\u30ea\u30fc\u30c0\u30fc|Protect\n|move|p2b: Alopecia Barbie|Torch Song|p1b: My Bologna\n|-damage|p1b: My Bologna|52\/100\n|-boost|p2b: Alopecia Barbie|spa|1\n|move|p2a: Moon God Barbie|Psych Up|p1a: \u30c1\u30a2\u30ea\u30fc\u30c0\u30fc\n|-copyboost|p2a: Moon God Barbie|p1a: \u30c1\u30a2\u30ea\u30fc\u30c0\u30fc|[from] move: Psych Up\n|move|p1b: My Bologna|Fiery Dance|p2a: Moon God Barbie\n|-damage|p2a: Moon God Barbie|73\/100\n|-boost|p1b: My Bologna|spa|1\n|-activate|p1a: \u30c1\u30a2\u30ea\u30fc\u30c0\u30fc|ability: Dancer\n|move|p1a: \u30c1\u30a2\u30ea\u30fc\u30c0\u30fc|Fiery Dance|p2a: Moon God Barbie|[from]ability: Dancer\n|-damage|p2a: Moon God Barbie|64\/100\n|-boost|p1a: \u30c1\u30a2\u30ea\u30fc\u30c0\u30fc|spa|1\n|\n|-heal|p1b: My Bologna|58\/100|[from] item: Leftovers\n|-end|p1b: My Bologna|move: Taunt\n|upkeep\n|turn|8\n|\n|t:|1698286941\n|move|p2b: Alopecia Barbie|Torch Song|p1a: \u30c1\u30a2\u30ea\u30fc\u30c0\u30fc\n|-damage|p1a: \u30c1\u30a2\u30ea\u30fc\u30c0\u30fc|0 fnt\n|-boost|p2b: Alopecia Barbie|spa|1\n|faint|p1a: \u30c1\u30a2\u30ea\u30fc\u30c0\u30fc\n|move|p1b: My Bologna|Quiver Dance|p1b: My Bologna\n|-boost|p1b: My Bologna|spa|1\n|-boost|p1b: My Bologna|spd|1\n|-boost|p1b: My Bologna|spe|1\n|move|p2a: Moon God Barbie|Dazzling Gleam|p1b: My Bologna\n|-resisted|p1b: My Bologna\n|-damage|p1b: My Bologna|51\/100\n|\n|-heal|p1b: My Bologna|57\/100|[from] item: Leftovers\n|-sideend|p2: JKogut|Reflect\n|upkeep\n|\n|t:|1698286961\n|switch|p1a: Hula|Bellossom, F, shiny|100\/100\n|turn|9\n|\n|t:|1698287001\n|move|p1a: Hula|Quiver Dance|p1a: Hula\n|-boost|p1a: Hula|spa|1\n|-boost|p1a: Hula|spd|1\n|-boost|p1a: Hula|spe|1\n|move|p2b: Alopecia Barbie|Torch Song|p1a: Hula\n|-supereffective|p1a: Hula\n|-damage|p1a: Hula|0 fnt\n|-boost|p2b: Alopecia Barbie|spa|1\n|faint|p1a: Hula\n|move|p2a: Moon God Barbie|Dazzling Gleam|p1b: My Bologna\n|-resisted|p1b: My Bologna\n|-damage|p1b: My Bologna|50\/100\n|move|p1b: My Bologna|Roost|p1b: My Bologna\n|-heal|p1b: My Bologna|99\/100\n|-singleturn|p1b: My Bologna|move: Roost\n|\n|-heal|p1b: My Bologna|100\/100|[from] item: Leftovers\n|-sideend|p2: JKogut|move: Light Screen\n|upkeep\n|\n|t:|1698287092\n|switch|p1a: L\u016b\u02bbau|Kommo-o, F, shiny|68\/100\n|turn|10\n|\n|t:|1698287106\n|-terastallize|p1a: L\u016b\u02bbau|Rock\n|move|p2b: Alopecia Barbie|Torch Song|p1a: L\u016b\u02bbau\n|-resisted|p1a: L\u016b\u02bbau\n|-damage|p1a: L\u016b\u02bbau|27\/100\n|-boost|p2b: Alopecia Barbie|spa|1\n|move|p1a: L\u016b\u02bbau|Dragon Dance|p1a: L\u016b\u02bbau\n|-boost|p1a: L\u016b\u02bbau|atk|1\n|-boost|p1a: L\u016b\u02bbau|spe|1\n|move|p2a: Moon God Barbie|Dazzling Gleam|p1a: L\u016b\u02bbau|[spread] p1a,p1b\n|-resisted|p1b: My Bologna\n|-damage|p1a: L\u016b\u02bbau|13\/100\n|-damage|p1b: My Bologna|95\/100\n|move|p1b: My Bologna|Quiver Dance|p1b: My Bologna\n|-boost|p1b: My Bologna|spa|1\n|-boost|p1b: My Bologna|spd|1\n|-boost|p1b: My Bologna|spe|1\n|\n|-heal|p1a: L\u016b\u02bbau|19\/100|[from] item: Leftovers\n|-heal|p1b: My Bologna|100\/100|[from] item: Leftovers\n|-fieldend|move: Trick Room\n|upkeep\n|turn|11\n|\n|t:|1698287154\n|move|p1b: My Bologna|Quiver Dance|p1b: My Bologna\n|-boost|p1b: My Bologna|spa|1\n|-boost|p1b: My Bologna|spd|1\n|-boost|p1b: My Bologna|spe|1\n|move|p2a: Moon God Barbie|Dazzling Gleam|p1b: My Bologna|[spread] p1a,p1b\n|-resisted|p1b: My Bologna\n|-damage|p1a: L\u016b\u02bbau|5\/100\n|-damage|p1b: My Bologna|97\/100\n|move|p1a: L\u016b\u02bbau|Rock Slide|p2a: Moon God Barbie|[spread] p2a,p2b\n|-supereffective|p2b: Alopecia Barbie\n|-damage|p2a: Moon God Barbie|52\/100\n|-damage|p2b: Alopecia Barbie|66\/100\n|move|p2b: Alopecia Barbie|Torch Song|p1a: L\u016b\u02bbau\n|-resisted|p1a: L\u016b\u02bbau\n|-damage|p1a: L\u016b\u02bbau|0 fnt\n|-boost|p2b: Alopecia Barbie|spa|1\n|faint|p1a: L\u016b\u02bbau\n|\n|-heal|p1b: My Bologna|100\/100|[from] item: Leftovers\n|-heal|p2b: Alopecia Barbie|72\/100|[from] item: Leftovers\n|upkeep\n|\n|t:|1698287171\n|switch|p1a: Takes 2 to Tango|Maushold-Four|100\/100\n|turn|12\n|\n|t:|1698287189\n|move|p1b: My Bologna|Fiery Dance|p2a: Moon God Barbie\n|-damage|p2a: Moon God Barbie|10\/100\n|-boost|p1b: My Bologna|spa|1\n|move|p2a: Moon God Barbie|Lunar Blessing|p2a: Moon God Barbie|[spread] p2a,p2b\n|-heal|p2a: Moon God Barbie|35\/100\n|-heal|p2b: Alopecia Barbie|97\/100\n|move|p1a: Takes 2 to Tango|Population Bomb|p2a: Moon God Barbie\n|-damage|p2a: Moon God Barbie|32\/100\n|-damage|p2a: Moon God Barbie|29\/100\n|-damage|p2a: Moon God Barbie|26\/100\n|-damage|p2a: Moon God Barbie|24\/100\n|-damage|p2a: Moon God Barbie|20\/100\n|-damage|p2a: Moon God Barbie|17\/100\n|-damage|p2a: Moon God Barbie|14\/100\n|-damage|p2a: Moon God Barbie|12\/100\n|-damage|p2a: Moon God Barbie|8\/100\n|-damage|p2a: Moon God Barbie|5\/100\n|-hitcount|p2a: Moon God Barbie|10\n|move|p2b: Alopecia Barbie|Torch Song|p1a: Takes 2 to Tango\n|-damage|p1a: Takes 2 to Tango|0 fnt\n|faint|p1a: Takes 2 to Tango\n|\n|-heal|p2b: Alopecia Barbie|100\/100|[from] item: Leftovers\n|upkeep\n|turn|13\n|\n|t:|1698287223\n|switch|p2a: Pop Star Barbie|Kommo-o, F, shiny|100\/100\n|move|p1b: My Bologna|Fiery Dance|p2a: Pop Star Barbie\n|-resisted|p2a: Pop Star Barbie\n|-damage|p2a: Pop Star Barbie|59\/100\n|move|p2b: Alopecia Barbie|Torch Song|p1b: My Bologna\n|-damage|p1b: My Bologna|0 fnt\n|faint|p1b: My Bologna\n|\n|win|JKogut\n|l| ChronoTrigonometry\n|l|\u2606BugCatcherJameson\n","uploadtime":1698287272,"views":9,"p1id":"bugcatcherjameson","p2id":"jkogut","formatid":"gen9nationaldexdoubles","rating":0,"private":0,"password":""}