{"id":"gen9nationaldexdoubles-1972020167","p1":"bibleisreal20994","p2":"Shnipe_Cizy","format":"[Gen 9] National Dex Doubles","log":"|j|\u2606bibleisreal20994\n|j|\u2606Shnipe_Cizy\n|t:|1697805537\n|gametype|doubles\n|player|p1|bibleisreal20994|cheren-gen5bw2|1317\n|player|p2|Shnipe_Cizy|blackbelt-gen4dp|1403\n|teamsize|p1|6\n|teamsize|p2|6\n|gen|9\n|tier|[Gen 9] National Dex Doubles\n|rated|\n|rule|HP Percentage Mod: HP is shown in percentages\n|rule|Endless Battle Clause: Forcing endless battles is banned\n|rule|OHKO Clause: OHKO moves are banned\n|rule|Evasion Moves Clause: Evasion moves are banned\n|rule|Evasion Abilities Clause: Evasion abilities are banned\n|rule|Species Clause: Limit one of each Pok\u00e9mon\n|rule|Gravity Sleep Clause: The combination of sleep-inducing moves with imperfect accuracy and Gravity or Gigantamax Orbeetle are banned\n|clearpoke\n|poke|p1|Zeraora|\n|poke|p1|Boltund, F|\n|poke|p1|Illumise, F|\n|poke|p1|Shiftry, F|\n|poke|p1|Nidoqueen, F|\n|poke|p1|Hatterene, F|\n|poke|p2|Palafin, F|\n|poke|p2|Incineroar, M|\n|poke|p2|Amoonguss, F|\n|poke|p2|Flutter Mane|\n|poke|p2|Ninetales-Alola, M|\n|poke|p2|Chien-Pao|\n|teampreview\n|inactive|Battle timer is ON: inactive players will automatically lose when time's up. (requested by bibleisreal20994)\n|\n|t:|1697805547\n|start\n|switch|p1a: Nidoqueen|Nidoqueen, F|100\/100\n|switch|p1b: NoTauntPles|Illumise, F|100\/100\n|switch|p2a: Palafin|Palafin, F|100\/100\n|switch|p2b: Ninetales|Ninetales-Alola, M, shiny|100\/100\n|-weather|Snow|[from] ability: Snow Warning|[of] p2b: Ninetales\n|turn|1\n|\n|t:|1697805555\n|detailschange|p2a: Palafin|Palafin-Hero, F\n|switch|p2a: Incineroar|Incineroar, M|100\/100\n|-ability|p2a: Incineroar|Intimidate|boost\n|-unboost|p1a: Nidoqueen|atk|1\n|-unboost|p1b: NoTauntPles|atk|1\n|move|p1b: NoTauntPles|Tailwind|p1b: NoTauntPles\n|-sidestart|p1: bibleisreal20994|move: Tailwind\n|move|p2b: Ninetales|Aurora Veil|p2b: Ninetales\n|-sidestart|p2: Shnipe_Cizy|move: Aurora Veil\n|move|p1a: Nidoqueen|Stealth Rock|p2b: Ninetales\n|-sidestart|p2: Shnipe_Cizy|move: Stealth Rock\n|\n|-weather|Snow|[upkeep]\n|upkeep\n|turn|2\n|\n|t:|1697805570\n|move|p1b: NoTauntPles|Encore|p2b: Ninetales\n|-start|p2b: Ninetales|Encore\n|move|p2b: Ninetales|Aurora Veil||[still]\n|-fail|p2b: Ninetales\n|move|p1a: Nidoqueen|Sludge Bomb|p2b: Ninetales\n|-supereffective|p2b: Ninetales\n|-damage|p2b: Ninetales|65\/100\n|-status|p2b: Ninetales|psn\n|move|p2a: Incineroar|Taunt|p1b: NoTauntPles\n|-start|p1b: NoTauntPles|move: Taunt\n|\n|-weather|Snow|[upkeep]\n|-damage|p2b: Ninetales|52\/100 psn|[from] psn\n|upkeep\n|turn|3\n|\n|t:|1697805586\n|switch|p1b: Hatterene|Hatterene, F|100\/100\n|switch|p2b: Amoonguss|Amoonguss, F|100\/100\n|-damage|p2b: Amoonguss|88\/100|[from] Stealth Rock\n|move|p1a: Nidoqueen|Taunt|p2b: Amoonguss\n|-start|p2b: Amoonguss|move: Taunt\n|move|p2a: Incineroar|Parting Shot|p1a: Nidoqueen\n|-unboost|p1a: Nidoqueen|atk|1\n|-unboost|p1a: Nidoqueen|spa|1\n|\n|t:|1697805596\n|switch|p2a: Palafin|Palafin-Hero, F|100\/100|[from] Parting Shot\n|-damage|p2a: Palafin|88\/100|[from] Stealth Rock\n|-activate|p2a: Palafin|ability: Zero to Hero\n|\n|-weather|Snow|[upkeep]\n|upkeep\n|turn|4\n|\n|t:|1697805610\n|switch|p1a: Shiftry|Shiftry, F|100\/100\n|-ability|p1a: Shiftry|Wind Rider|boost\n|-boost|p1a: Shiftry|atk|1\n|-terastallize|p2a: Palafin|Water\n|move|p2a: Palafin|Wave Crash|p1b: Hatterene\n|-damage|p1b: Hatterene|0 fnt\n|faint|p1b: Hatterene\n|-damage|p2a: Palafin|67\/100|[from] Recoil\n|move|p2b: Amoonguss|Pollen Puff|p2a: Palafin\n|-heal|p2a: Palafin|100\/100\n|\n|-weather|Snow|[upkeep]\n|-sideend|p1: bibleisreal20994|move: Tailwind\n|upkeep\n|\n|t:|1697805628\n|switch|p1b: Scoobs|Boltund, F|100\/100\n|-item|p1b: Scoobs|Air Balloon\n|turn|5\n|\n|t:|1697805640\n|move|p2a: Palafin|Protect|p2a: Palafin\n|-singleturn|p2a: Palafin|Protect\n|move|p1a: Shiftry|Fake Out|p2b: Amoonguss\n|-damage|p2b: Amoonguss|79\/100\n|move|p1b: Scoobs|Volt Switch|p2a: Palafin\n|-activate|p2a: Palafin|move: Protect\n|cant|p2b: Amoonguss|flinch\n|\n|-weather|none\n|-end|p2b: Amoonguss|move: Taunt\n|upkeep\n|turn|6\n|\n|t:|1697805653\n|switch|p2a: Incineroar|Incineroar, M|100\/100\n|-damage|p2a: Incineroar|76\/100|[from] Stealth Rock\n|-ability|p2a: Incineroar|Intimidate|boost\n|-unboost|p1a: Shiftry|atk|1\n|-unboost|p1b: Scoobs|atk|1\n|-ability|p1b: Scoobs|Competitive|boost\n|-boost|p1b: Scoobs|spa|2\n|move|p1b: Scoobs|Volt Switch|p2a: Incineroar\n|-damage|p2a: Incineroar|50\/100\n|-enditem|p2a: Incineroar|Sitrus Berry|[eat]\n|-heal|p2a: Incineroar|75\/100|[from] item: Sitrus Berry\n|\n|t:|1697805668\n|switch|p1b: NoTauntPles|Illumise, F|100\/100|[from] Volt Switch\n|move|p1a: Shiftry|Swords Dance|p1a: Shiftry\n|-boost|p1a: Shiftry|atk|2\n|move|p2b: Amoonguss|Spore|p1b: NoTauntPles\n|-status|p1b: NoTauntPles|slp|[from] move: Spore\n|\n|upkeep\n|turn|7\n|\n|t:|1697805676\n|move|p1a: Shiftry|Protect|p1a: Shiftry\n|-singleturn|p1a: Shiftry|Protect\n|move|p2a: Incineroar|Fake Out|p1a: Shiftry\n|-activate|p1a: Shiftry|move: Protect\n|cant|p1b: NoTauntPles|slp\n|move|p2b: Amoonguss|Pollen Puff|p1a: Shiftry\n|-activate|p1a: Shiftry|move: Protect\n|\n|upkeep\n|turn|8\n|\n|t:|1697805691\n|switch|p1b: Nidoqueen|Nidoqueen, F|100\/100\n|move|p1a: Shiftry|Leaf Blade|p2a: Incineroar\n|-resisted|p2a: Incineroar\n|-damage|p2a: Incineroar|54\/100\n|move|p2a: Incineroar|Taunt|p1b: Nidoqueen\n|-start|p1b: Nidoqueen|move: Taunt\n|move|p2b: Amoonguss|Pollen Puff|p1a: Shiftry\n|-supereffective|p1a: Shiftry\n|-enditem|p1a: Shiftry|Focus Sash\n|-damage|p1a: Shiftry|1\/100\n|\n|-sideend|p2: Shnipe_Cizy|move: Aurora Veil\n|upkeep\n|turn|9\n|inactive|Shnipe_Cizy has 120 seconds left.\n|\n|t:|1697805723\n|switch|p1b: NoTauntPles|Illumise, F|100\/100 slp\n|switch|p2a: Chien-Pao|Chien-Pao|100\/100\n|-damage|p2a: Chien-Pao|76\/100|[from] Stealth Rock\n|-ability|p2a: Chien-Pao|Sword of Ruin\n|move|p2b: Amoonguss|Rage Powder|p2b: Amoonguss\n|-singleturn|p2b: Amoonguss|move: Rage Powder\n|move|p1a: Shiftry|Leaf Blade|p2a: Chien-Pao\n|-damage|p2a: Chien-Pao|0 fnt\n|faint|p2a: Chien-Pao\n|\n|upkeep\n|inactive|Shnipe_Cizy has 120 seconds left.\n|\n|t:|1697805733\n|switch|p2a: Flutter Mane|Flutter Mane|100\/100\n|-damage|p2a: Flutter Mane|88\/100|[from] Stealth Rock\n|turn|10\n|\n|t:|1697805737\n|switch|p2b: Palafin|Palafin-Hero, F, tera:Water|100\/100\n|-damage|p2b: Palafin|88\/100|[from] Stealth Rock\n|move|p1a: Shiftry|Protect|p1a: Shiftry\n|-singleturn|p1a: Shiftry|Protect\n|cant|p1b: NoTauntPles|slp\n|move|p2a: Flutter Mane|Dazzling Gleam|p1a: Shiftry|[spread] p1b\n|-activate|p1a: Shiftry|move: Protect\n|-damage|p1b: NoTauntPles|56\/100 slp\n|\n|upkeep\n|turn|11\n|\n|t:|1697805748\n|move|p2b: Palafin|Jet Punch|p1a: Shiftry\n|-resisted|p1a: Shiftry\n|-damage|p1a: Shiftry|0 fnt\n|faint|p1a: Shiftry\n|-curestatus|p1b: NoTauntPles|slp|[msg]\n|move|p1b: NoTauntPles|Tailwind|p1b: NoTauntPles\n|-sidestart|p1: bibleisreal20994|move: Tailwind\n|move|p2a: Flutter Mane|Dazzling Gleam|p1b: NoTauntPles\n|-damage|p1b: NoTauntPles|0 fnt\n|faint|p1b: NoTauntPles\n|\n|upkeep\n|\n|t:|1697805755\n|switch|p1a: Killua|Zeraora|100\/100\n|switch|p1b: Scoobs|Boltund, F|100\/100\n|-item|p1b: Scoobs|Air Balloon\n|turn|12\n|\n|t:|1697805761\n|switch|p2b: Incineroar|Incineroar, M|54\/100\n|-damage|p2b: Incineroar|29\/100|[from] Stealth Rock\n|-ability|p2b: Incineroar|Intimidate|boost\n|-unboost|p1a: Killua|atk|1\n|-unboost|p1b: Scoobs|atk|1\n|-ability|p1b: Scoobs|Competitive|boost\n|-boost|p1b: Scoobs|spa|2\n|move|p1a: Killua|Plasma Fists|p2a: Flutter Mane\n|-damage|p2a: Flutter Mane|25\/100\n|-fieldactivate|move: Ion Deluge\n|-hint|Normal-type moves become Electric-type after using Plasma Fists.\n|move|p1b: Scoobs|Nuzzle|p2b: Incineroar\n|-damage|p2b: Incineroar|26\/100\n|-status|p2b: Incineroar|par\n|move|p2a: Flutter Mane|Dazzling Gleam|p1a: Killua|[spread] p1a,p1b\n|-damage|p1a: Killua|48\/100\n|-damage|p1b: Scoobs|35\/100\n|-enditem|p1b: Scoobs|Air Balloon\n|\n|upkeep\n|turn|13\n|\n|t:|1697805787\n|move|p1a: Killua|Protect|p1a: Killua\n|-singleturn|p1a: Killua|Protect\n|move|p2b: Incineroar|Fake Out|p1a: Killua\n|-activate|p1a: Killua|move: Protect\n|move|p1b: Scoobs|Volt Switch|p2a: Flutter Mane\n|-damage|p2a: Flutter Mane|0 fnt\n|faint|p2a: Flutter Mane\n|-end|p2a: Flutter Mane|Protosynthesis|[silent]\n|\n|t:|1697805794\n|switch|p1b: Nidoqueen|Nidoqueen, F|100\/100|[from] Volt Switch\n|\n|upkeep\n|\n|t:|1697805797\n|switch|p2a: Amoonguss|Amoonguss, F|100\/100\n|-damage|p2a: Amoonguss|88\/100|[from] Stealth Rock\n|turn|14\n|\n|t:|1697805811\n|switch|p1a: Scoobs|Boltund, F|35\/100\n|move|p1b: Nidoqueen|Taunt|p2a: Amoonguss\n|-start|p2a: Amoonguss|move: Taunt\n|cant|p2a: Amoonguss|move: Taunt|Spore\n|move|p2b: Incineroar|Parting Shot|p1a: Scoobs\n|-unboost|p1a: Scoobs|atk|1\n|-ability|p1a: Scoobs|Competitive|boost\n|-boost|p1a: Scoobs|spa|2\n|-unboost|p1a: Scoobs|spa|1\n|-ability|p1a: Scoobs|Competitive|boost\n|-boost|p1a: Scoobs|spa|2\n|\n|t:|1697805818\n|switch|p2b: Palafin|Palafin-Hero, F, tera:Water|88\/100|[from] Parting Shot\n|-damage|p2b: Palafin|76\/100|[from] Stealth Rock\n|\n|-sideend|p1: bibleisreal20994|move: Tailwind\n|upkeep\n|turn|15\n|\n|t:|1697805824\n|move|p1a: Scoobs|Protect|p1a: Scoobs\n|-singleturn|p1a: Scoobs|Protect\n|move|p2b: Palafin|Jet Punch|p1a: Scoobs\n|-activate|p1a: Scoobs|move: Protect\n|move|p1b: Nidoqueen|Sludge Bomb|p2b: Palafin\n|-damage|p2b: Palafin|51\/100\n|-status|p2b: Palafin|psn\n|move|p2a: Amoonguss|Pollen Puff|p2b: Palafin\n|-heal|p2b: Palafin|100\/100 psn\n|\n|-damage|p2b: Palafin|88\/100 psn|[from] psn\n|upkeep\n|turn|16\n|\n|t:|1697805838\n|move|p2b: Palafin|Jet Punch|p1a: Scoobs\n|-damage|p1a: Scoobs|0 fnt\n|faint|p1a: Scoobs\n|move|p1b: Nidoqueen|Icy Wind|p2a: Amoonguss|[spread] p2a,p2b\n|-supereffective|p2a: Amoonguss\n|-resisted|p2b: Palafin\n|-damage|p2a: Amoonguss|73\/100\n|-damage|p2b: Palafin|84\/100 psn\n|-unboost|p2a: Amoonguss|spe|1\n|-unboost|p2b: Palafin|spe|1\n|move|p2a: Amoonguss|Pollen Puff|p2b: Palafin\n|-heal|p2b: Palafin|100\/100 psn\n|\n|-damage|p2b: Palafin|88\/100 psn|[from] psn\n|-end|p2a: Amoonguss|move: Taunt\n|upkeep\n|\n|t:|1697805841\n|switch|p1a: Killua|Zeraora|48\/100\n|turn|17\n|\n|t:|1697805848\n|move|p1a: Killua|Protect|p1a: Killua\n|-singleturn|p1a: Killua|Protect\n|move|p2a: Amoonguss|Rage Powder|p2a: Amoonguss\n|-singleturn|p2a: Amoonguss|move: Rage Powder\n|move|p1b: Nidoqueen|Taunt|p2a: Amoonguss\n|-start|p2a: Amoonguss|move: Taunt\n|move|p2b: Palafin|Wave Crash|p1b: Nidoqueen\n|-supereffective|p1b: Nidoqueen\n|-damage|p1b: Nidoqueen|0 fnt\n|faint|p1b: Nidoqueen\n|-damage|p2b: Palafin|62\/100 psn|[from] Recoil\n|\n|-damage|p2b: Palafin|49\/100 psn|[from] psn\n|upkeep\n|turn|18\n|\n|t:|1697805860\n|move|p2b: Palafin|Jet Punch|p1a: Killua\n|-damage|p1a: Killua|0 fnt\n|faint|p1a: Killua\n|\n|win|Shnipe_Cizy\n|raw|bibleisreal20994's rating: 1317 &rarr; <strong>1302<\/strong><br \/>(-15 for losing)\n|raw|Shnipe_Cizy's rating: 1403 &rarr; <strong>1418<\/strong><br \/>(+15 for winning)\n|l|\u2606bibleisreal20994\n","uploadtime":1697805874,"views":14,"p1id":"bibleisreal20994","p2id":"shnipecizy","formatid":"gen9nationaldexdoubles","rating":1302,"private":0,"password":""}