{"id":"gen9nationaldexdoubles-1969774566","p1":"josiah.green","p2":"lxvliiz","format":"[Gen 9] National Dex Doubles","log":"|j|\u2606josiah.green\n|j|\u2606lxvliiz\n|t:|1697564404\n|gametype|doubles\n|player|p1|josiah.green|1|1000\n|player|p2|lxvliiz|gambler|1040\n|teamsize|p1|6\n|teamsize|p2|6\n|gen|9\n|tier|[Gen 9] National Dex Doubles\n|rated|\n|rule|HP Percentage Mod: HP is shown in percentages\n|rule|Endless Battle Clause: Forcing endless battles is banned\n|rule|OHKO Clause: OHKO moves are banned\n|rule|Evasion Moves Clause: Evasion moves are banned\n|rule|Evasion Abilities Clause: Evasion abilities are banned\n|rule|Species Clause: Limit one of each Pok\u00e9mon\n|rule|Gravity Sleep Clause: The combination of sleep-inducing moves with imperfect accuracy and Gravity or Gigantamax Orbeetle are banned\n|clearpoke\n|poke|p1|Goodra-Hisui, M|\n|poke|p1|Infernape, M|\n|poke|p1|Pawmot, L18, F|\n|poke|p1|Ambipom, F|\n|poke|p1|Arcanine-Hisui, F|\n|poke|p1|Dragonite, F|\n|poke|p2|Ribombee, F|\n|poke|p2|Nidoking, M|\n|poke|p2|Ogerpon-Cornerstone, F|\n|poke|p2|Eevee, M|\n|poke|p2|Volcarona, M|\n|poke|p2|Medicham, M|\n|teampreview\n|c|\u2606lxvliiz|soryr for bad team im testing\n|\n|t:|1697564413\n|start\n|switch|p1a: Goodra|Goodra-Hisui, M|100\/100\n|switch|p1b: Infernape|Infernape, M|100\/100\n|switch|p2a: testing1|Eevee, M|100\/100\n|switch|p2b: testing2|Ogerpon-Cornerstone, F|100\/100\n|turn|1\n|c|\u2606josiah.green|i dont think its bad\n|\n|t:|1697564442\n|-terastallize|p2b: testing2|Rock\n|detailschange|p2b: testing2|Ogerpon-Cornerstone-Tera, F, tera:Rock\n|-ability|p2b: testing2|Embody Aspect (Cornerstone)|boost\n|-boost|p2b: testing2|def|1\n|move|p2b: testing2|Follow Me|p2b: testing2\n|-singleturn|p2b: testing2|move: Follow Me\n|move|p1b: Infernape|Mach Punch|p2b: testing2\n|-supereffective|p2b: testing2\n|-damage|p2b: testing2|49\/100\n|-damage|p1b: Infernape|91\/100|[from] item: Life Orb\n|move|p1a: Goodra|Flash Cannon|p2b: testing2\n|-supereffective|p2b: testing2\n|-damage|p2b: testing2|0 fnt\n|faint|p2b: testing2\n|-zpower|p2a: testing1\n|move|p2a: testing1|Extreme Evoboost|p2a: testing1\n|-boost|p2a: testing1|atk|2\n|-boost|p2a: testing1|def|2\n|-boost|p2a: testing1|spa|2\n|-boost|p2a: testing1|spd|2\n|-boost|p2a: testing1|spe|2\n|\n|upkeep\n|\n|t:|1697564453\n|switch|p2b: testing4|Volcarona, M|100\/100\n|turn|2\n|\n|t:|1697564465\n|move|p2b: testing4|Rage Powder|p2b: testing4\n|-singleturn|p2b: testing4|move: Rage Powder\n|move|p1b: Infernape|Mach Punch|p2b: testing4\n|-resisted|p2b: testing4\n|-crit|p2b: testing4\n|-damage|p2b: testing4|75\/100\n|-damage|p1b: Infernape|81\/100|[from] item: Life Orb\n|move|p2a: testing1|Baton Pass|p2a: testing1\n|\n|t:|1697564471\n|switch|p2a: Medicham|Medicham, M|100\/100|[from] Baton Pass\n|move|p1a: Goodra|Hidden Power|p2b: testing4\n|-supereffective|p2b: testing4\n|-damage|p2b: testing4|48\/100\n|\n|upkeep\n|turn|3\n|\n|t:|1697564484\n|detailschange|p2a: Medicham|Medicham-Mega, M\n|-mega|p2a: Medicham|Medicham|Medichamite\n|move|p2b: testing4|Rage Powder|p2b: testing4\n|-singleturn|p2b: testing4|move: Rage Powder\n|move|p2a: Medicham|Zen Headbutt|p1b: Infernape\n|-supereffective|p1b: Infernape\n|-damage|p1b: Infernape|0 fnt\n|faint|p1b: Infernape\n|move|p1a: Goodra|Hidden Power|p2b: testing4\n|-supereffective|p2b: testing4\n|-damage|p2b: testing4|24\/100\n|-enditem|p2b: testing4|Wiki Berry|[eat]\n|-heal|p2b: testing4|57\/100|[from] item: Wiki Berry\n|\n|upkeep\n|\n|t:|1697564499\n|switch|p1b: Ambipom|Ambipom, F|100\/100\n|turn|4\n|\n|t:|1697564508\n|move|p1b: Ambipom|Fake Out|p2b: testing4\n|-damage|p2b: testing4|11\/100\n|-status|p1b: Ambipom|brn|[from] ability: Flame Body|[of] p2b: testing4\n|-damage|p1b: Ambipom|91\/100 brn|[from] item: Life Orb\n|move|p2a: Medicham|Power-Up Punch|p1b: Ambipom\n|-supereffective|p1b: Ambipom\n|-damage|p1b: Ambipom|0 fnt\n|-boost|p2a: Medicham|atk|1\n|faint|p1b: Ambipom\n|cant|p2b: testing4|flinch\n|move|p1a: Goodra|Hidden Power|p2a: Medicham\n|-supereffective|p2a: Medicham\n|-damage|p2a: Medicham|72\/100\n|\n|upkeep\n|\n|t:|1697564525\n|switch|p1b: Pawmot|Pawmot, L18, F|100\/100\n|turn|5\n|\n|t:|1697564535\n|move|p1b: Pawmot|Fake Out|p2b: testing4\n|-damage|p2b: testing4|11\/100\n|-status|p1b: Pawmot|brn|[from] ability: Flame Body|[of] p2b: testing4\n|cant|p2b: testing4|flinch\n|move|p2a: Medicham|Drain Punch|p1a: Goodra\n|-supereffective|p1a: Goodra\n|-damage|p1a: Goodra|0 fnt\n|-heal|p2a: Medicham|100\/100|[from] drain|[of] p1a: Goodra\n|-ability|p1a: Goodra|Gooey\n|-unboost|p2a: Medicham|spe|1\n|faint|p1a: Goodra\n|\n|-damage|p1b: Pawmot|95\/100 brn|[from] brn\n|upkeep\n|\n|t:|1697564542\n|switch|p1a: Arcanine|Arcanine-Hisui, F|100\/100\n|turn|6\n|\n|t:|1697564553\n|move|p2a: Medicham|Fake Out||[still]\n|-hint|Fake Out only works on your first turn out.\n|-fail|p2a: Medicham\n|move|p1a: Arcanine|Flare Blitz|p2a: Medicham\n|-damage|p2a: Medicham|59\/100\n|move|p2b: testing4|Tailwind|p2b: testing4\n|-sidestart|p2: lxvliiz|move: Tailwind\n|move|p1b: Pawmot|Revival Blessing|p1b: Pawmot\n|c|\u2606lxvliiz|damn\n|\n|t:|1697564561\n|-heal|p1: Ambipom|50\/100|[from] move: Revival Blessing\n|\n|-heal|p1b: Pawmot|100\/100 brn|[from] item: Leftovers\n|-damage|p1b: Pawmot|95\/100 brn|[from] brn\n|upkeep\n|turn|7\n|c|\u2606josiah.green|heheheheh\n|\n|t:|1697564579\n|move|p2b: testing4|Rage Powder|p2b: testing4\n|-singleturn|p2b: testing4|move: Rage Powder\n|move|p2a: Medicham|Drain Punch|p1a: Arcanine\n|-supereffective|p1a: Arcanine\n|-damage|p1a: Arcanine|0 fnt\n|-heal|p2a: Medicham|100\/100|[from] drain|[of] p1a: Arcanine\n|faint|p1a: Arcanine\n|move|p1b: Pawmot|Wish|p1b: Pawmot\n|\n|-heal|p1b: Pawmot|100\/100 brn|[from] item: Leftovers\n|-damage|p1b: Pawmot|95\/100 brn|[from] brn\n|upkeep\n|\n|t:|1697564592\n|switch|p1a: lastlineofdefence|Dragonite, F|100\/100\n|turn|8\n|c|\u2606lxvliiz|ngl this is the first time its worked \ud83d\udc80\ud83d\udc80\ud83d\udc80\n|\n|t:|1697564607\n|-curestatus|p1b: Pawmot|brn|[from] ability: Natural Cure\n|switch|p1b: Ambipom|Ambipom, F|50\/100\n|move|p2b: testing4|Rage Powder|p2b: testing4\n|-singleturn|p2b: testing4|move: Rage Powder\n|move|p1a: lastlineofdefence|Extreme Speed|p2b: testing4\n|-damage|p2b: testing4|0 fnt\n|faint|p2b: testing4\n|move|p2a: Medicham|Power-Up Punch|p1a: lastlineofdefence\n|-resisted|p1a: lastlineofdefence\n|-damage|p1a: lastlineofdefence|82\/100\n|-boost|p2a: Medicham|atk|1\n|\n|-heal|p1b: Ambipom|60\/100|[from] move: Wish|[wisher] Pawmot\n|upkeep\n|c|\u2606josiah.green|i cant do anything\n|\n|t:|1697564618\n|switch|p2b: testing3|Ribombee, F|100\/100\n|turn|9\n|c|\u2606lxvliiz|damn bro is bulky\n|\n|t:|1697564643\n|move|p2a: Medicham|Power-Up Punch|p1b: Ambipom\n|-supereffective|p1b: Ambipom\n|-damage|p1b: Ambipom|0 fnt\n|-boost|p2a: Medicham|atk|1\n|faint|p1b: Ambipom\n|move|p2b: testing3|Quiver Dance|p2b: testing3\n|-boost|p2b: testing3|spa|1\n|-boost|p2b: testing3|spd|1\n|-boost|p2b: testing3|spe|1\n|move|p1a: lastlineofdefence|Iron Head|p2b: testing3\n|-supereffective|p2b: testing3\n|-damage|p2b: testing3|0 fnt\n|faint|p2b: testing3\n|\n|-sideend|p2: lxvliiz|move: Tailwind\n|upkeep\n|\n|t:|1697564656\n|switch|p1b: Pawmot|Pawmot, L18, F|95\/100\n|switch|p2b: testing1|Eevee, M|100\/100\n|turn|10\n|\n|t:|1697564669\n|move|p1b: Pawmot|Fake Out|p2a: Medicham\n|-damage|p2a: Medicham|99\/100\n|move|p2b: testing1|Quick Attack|p1b: Pawmot\n|-damage|p1b: Pawmot|0 fnt\n|faint|p1b: Pawmot\n|cant|p2a: Medicham|flinch\n|move|p1a: lastlineofdefence|Dual Wingbeat|p2a: Medicham\n|-supereffective|p2a: Medicham\n|-damage|p2a: Medicham|64\/100\n|-supereffective|p2a: Medicham\n|-damage|p2a: Medicham|30\/100\n|-hitcount|p2a: Medicham|2\n|\n|upkeep\n|turn|11\n|\n|t:|1697564693\n|-terastallize|p1a: lastlineofdefence|Dragon\n|move|p2b: testing1|Quick Attack|p1a: lastlineofdefence\n|-damage|p1a: lastlineofdefence|64\/100\n|move|p2a: Medicham|Zen Headbutt|p1a: lastlineofdefence\n|-damage|p1a: lastlineofdefence|0 fnt\n|faint|p1a: lastlineofdefence\n|\n|win|lxvliiz\n|raw|josiah.green's rating: 1000 &rarr; <strong>1000<\/strong><br \/>(+0 for losing)\n|raw|lxvliiz's rating: 1040 &rarr; <strong>1070<\/strong><br \/>(+30 for winning)\n|c|\u2606josiah.green|gg\n|c|\u2606lxvliiz|gg lmao u did well\n","uploadtime":1697564707,"views":8,"p1id":"josiahgreen","p2id":"lxvliiz","formatid":"gen9nationaldexdoubles","rating":1000,"private":0,"password":""}