{"id":"gen9nationaldexdoubles-1966526202","p1":"waflefries2","p2":"UnownPeep","format":"[Gen 9] National Dex Doubles","log":"|j|\u2606waflefries2\n|j|\u2606UnownPeep\n|t:|1697199356\n|gametype|doubles\n|player|p1|waflefries2|adaman|1152\n|player|p2|UnownPeep|waitress-gen4|1035\n|teamsize|p1|6\n|teamsize|p2|6\n|gen|9\n|tier|[Gen 9] National Dex Doubles\n|rated|\n|rule|HP Percentage Mod: HP is shown in percentages\n|rule|Endless Battle Clause: Forcing endless battles is banned\n|rule|OHKO Clause: OHKO moves are banned\n|rule|Evasion Moves Clause: Evasion moves are banned\n|rule|Evasion Abilities Clause: Evasion abilities are banned\n|rule|Species Clause: Limit one of each Pok\u00e9mon\n|rule|Gravity Sleep Clause: The combination of sleep-inducing moves with imperfect accuracy and Gravity or Gigantamax Orbeetle are banned\n|clearpoke\n|poke|p1|Tyranitar, M|\n|poke|p1|Excadrill, F|\n|poke|p1|Volcarona, F|\n|poke|p1|Flutter Mane|\n|poke|p1|Dipplin, M|\n|poke|p1|Furret, M|\n|poke|p2|Cresselia, F|\n|poke|p2|Delphox, F|\n|poke|p2|Gardevoir, F|\n|poke|p2|Iron Bundle|\n|poke|p2|Indeedee-F, F|\n|poke|p2|Ceruledge, M|\n|teampreview\n|inactive|Battle timer is ON: inactive players will automatically lose when time's up. (requested by waflefries2)\n|c|\u2606UnownPeep|Glhf\n|c|\u2606waflefries2|you too\n|\n|t:|1697199369\n|start\n|switch|p1a: lizgard|Tyranitar, M, shiny|100\/100\n|switch|p1b: rat|Excadrill, F|100\/100\n|switch|p2a: Indeedee|Indeedee-F, F, shiny|100\/100\n|switch|p2b: Auroras|Cresselia, F, shiny|100\/100\n|-weather|Sandstorm|[from] ability: Sand Stream|[of] p1a: lizgard\n|-fieldstart|move: Psychic Terrain|[from] ability: Psychic Surge|[of] p2a: Indeedee\n|turn|1\n|\n|t:|1697199392\n|switch|p2b: Iron Bundle|Iron Bundle|100\/100\n|detailschange|p1a: lizgard|Tyranitar-Mega, M, shiny\n|-mega|p1a: lizgard|Tyranitar|Tyranitarite\n|move|p2a: Indeedee|Follow Me|p2a: Indeedee\n|-singleturn|p2a: Indeedee|move: Follow Me\n|move|p1b: rat|Swords Dance|p1b: rat\n|-boost|p1b: rat|atk|2\n|move|p1a: lizgard|Dragon Dance|p1a: lizgard\n|-boost|p1a: lizgard|atk|1\n|-boost|p1a: lizgard|spe|1\n|\n|-weather|Sandstorm|[upkeep]\n|-damage|p2b: Iron Bundle|95\/100|[from] Sandstorm\n|-damage|p2a: Indeedee|94\/100|[from] Sandstorm\n|upkeep\n|turn|2\n|\n|t:|1697199413\n|move|p2a: Indeedee|Follow Me|p2a: Indeedee\n|-singleturn|p2a: Indeedee|move: Follow Me\n|-zpower|p2b: Iron Bundle\n|move|p2b: Iron Bundle|Hydro Vortex|p1a: lizgard|[zeffect]\n|-supereffective|p1a: lizgard\n|-damage|p1a: lizgard|0 fnt\n|faint|p1a: lizgard\n|move|p1b: rat|Metal Claw|p2a: Indeedee\n|-damage|p2a: Indeedee|0 fnt\n|faint|p2a: Indeedee\n|\n|-weather|Sandstorm|[upkeep]\n|-damage|p2b: Iron Bundle|89\/100|[from] Sandstorm\n|upkeep\n|\n|t:|1697199428\n|switch|p1a: lil guy|Volcarona, F|100\/100\n|switch|p2a: Auroras|Cresselia, F, shiny|100\/100\n|turn|3\n|\n|t:|1697199440\n|-terastallize|p1a: lil guy|Water\n|move|p2b: Iron Bundle|Chilling Water|p1b: rat\n|-supereffective|p1b: rat\n|-damage|p1b: rat|32\/100\n|-unboost|p1b: rat|atk|1\n|move|p1a: lil guy|Quiver Dance|p1a: lil guy\n|-boost|p1a: lil guy|spa|1\n|-boost|p1a: lil guy|spd|1\n|-boost|p1a: lil guy|spe|1\n|move|p1b: rat|Metal Claw|p2b: Iron Bundle\n|-damage|p2b: Iron Bundle|16\/100\n|-boost|p1b: rat|atk|1\n|move|p2a: Auroras|Toxic|p1a: lil guy\n|-status|p1a: lil guy|tox\n|\n|-weather|Sandstorm|[upkeep]\n|-damage|p2b: Iron Bundle|10\/100|[from] Sandstorm\n|-damage|p2a: Auroras|94\/100|[from] Sandstorm\n|-heal|p2a: Auroras|100\/100|[from] item: Leftovers\n|-damage|p1a: lil guy|94\/100 tox|[from] psn\n|upkeep\n|turn|4\n|\n|t:|1697199467\n|move|p1a: lil guy|Bug Buzz|p2a: Auroras\n|-supereffective|p2a: Auroras\n|-damage|p2a: Auroras|23\/100\n|move|p2b: Iron Bundle|Chilling Water|p1b: rat\n|-supereffective|p1b: rat\n|-damage|p1b: rat|0 fnt\n|faint|p1b: rat\n|move|p2a: Auroras|Future Sight|p1a: lil guy\n|-start|p2a: Auroras|move: Future Sight\n|\n|-weather|Sandstorm|[upkeep]\n|-damage|p2b: Iron Bundle|4\/100|[from] Sandstorm\n|-damage|p2a: Auroras|17\/100|[from] Sandstorm\n|-heal|p2a: Auroras|23\/100|[from] item: Leftovers\n|-damage|p1a: lil guy|82\/100 tox|[from] psn\n|upkeep\n|\n|t:|1697199479\n|switch|p1b: Flutter Mane|Flutter Mane|100\/100\n|-enditem|p1b: Flutter Mane|Booster Energy\n|-activate|p1b: Flutter Mane|ability: Protosynthesis|[fromitem]\n|-start|p1b: Flutter Mane|protosynthesisspa\n|turn|5\n|\n|t:|1697199490\n|move|p2a: Auroras|Protect|p2a: Auroras\n|-singleturn|p2a: Auroras|Protect\n|move|p1a: lil guy|Bug Buzz|p2a: Auroras\n|-activate|p2a: Auroras|move: Protect\n|move|p2b: Iron Bundle|Hydro Pump|p1b: Flutter Mane\n|-damage|p1b: Flutter Mane|50\/100\n|move|p1b: Flutter Mane|Thunder|p2b: Iron Bundle\n|-supereffective|p2b: Iron Bundle\n|-damage|p2b: Iron Bundle|0 fnt\n|faint|p2b: Iron Bundle\n|-end|p2b: Iron Bundle|Quark Drive|[silent]\n|\n|-weather|none\n|-heal|p2a: Auroras|29\/100|[from] item: Leftovers\n|-damage|p1a: lil guy|64\/100 tox|[from] psn\n|upkeep\n|\n|t:|1697199512\n|switch|p2b: Ceruledge|Ceruledge, M|100\/100\n|turn|6\n|\n|t:|1697199531\n|move|p1a: lil guy|Bug Buzz|p2a: Auroras\n|-supereffective|p2a: Auroras\n|-damage|p2a: Auroras|0 fnt\n|faint|p2a: Auroras\n|move|p1b: Flutter Mane|Shadow Ball|p2b: Ceruledge\n|-supereffective|p2b: Ceruledge\n|-damage|p2b: Ceruledge|0 fnt\n|faint|p2b: Ceruledge\n|\n|-end|p1a: lil guy|move: Future Sight\n|-damage|p1a: lil guy|34\/100 tox\n|-damage|p1a: lil guy|9\/100 tox|[from] psn\n|upkeep\n|\n|t:|1697199545\n|switch|p2b: Winter|Gardevoir, F, shiny|100\/100\n|switch|p2a: Majo|Delphox, F, shiny|100\/100\n|turn|7\n|\n|t:|1697199559\n|detailschange|p2b: Winter|Gardevoir-Mega, F, shiny\n|-mega|p2b: Winter|Gardevoir|Gardevoirite\n|move|p1a: lil guy|Tera Blast|p2a: Majo|[anim] Tera Blast Water\n|-supereffective|p2a: Majo\n|-damage|p2a: Majo|0 fnt\n|faint|p2a: Majo\n|move|p2b: Winter|Moonblast|p1b: Flutter Mane\n|-damage|p1b: Flutter Mane|0 fnt\n|faint|p1b: Flutter Mane\n|-end|p1b: Flutter Mane|Protosynthesis|[silent]\n|\n|-damage|p1a: lil guy|0 fnt|[from] psn\n|faint|p1a: lil guy\n|upkeep\n|\n|t:|1697199566\n|switch|p1b: shmoovin|Furret, M, shiny|100\/100\n|switch|p1a: aple|Dipplin, M, shiny|100\/100\n|turn|8\n|c|\u2606UnownPeep|Lol still trying to get better at this\n|\n|t:|1697199584\n|move|p2b: Winter|Expanding Force|p1a: aple|[spread] p1a,p1b\n|-damage|p1a: aple|48\/100\n|-damage|p1b: shmoovin|0 fnt\n|faint|p1b: shmoovin\n|move|p1a: aple|Giga Drain|p2b: Winter\n|-damage|p2b: Winter|70\/100\n|-heal|p1a: aple|62\/100|[from] drain|[of] p2b: Winter\n|\n|-fieldend|move: Psychic Terrain\n|upkeep\n|turn|9\n|\n|t:|1697199595\n|move|p2b: Winter|Moonblast|p1a: aple\n|-supereffective|p1a: aple\n|-crit|p1a: aple\n|-damage|p1a: aple|0 fnt\n|faint|p1a: aple\n|\n|win|UnownPeep\n|raw|waflefries2's rating: 1152 &rarr; <strong>1119<\/strong><br \/>(-33 for losing)\n|raw|UnownPeep's rating: 1035 &rarr; <strong>1081<\/strong><br \/>(+46 for winning)\n|c|\u2606UnownPeep|Oh nice gg\n|c|\u2606waflefries2|gg\n|l|\u2606waflefries2\n","uploadtime":1697199609,"views":16,"p1id":"waflefries2","p2id":"unownpeep","formatid":"gen9nationaldexdoubles","rating":1081,"private":0,"password":""}