{"id":"gen9nationaldexdoubles-1998283742","p1":"voltiix","p2":"astro nation shoe","format":"[Gen 9] National Dex Doubles","log":"|j|\u2606voltiix\n|j|\u2606astro nation shoe\n|t:|1700924493\n|gametype|doubles\n|player|p1|voltiix|#lcwlblueeyeswhitebagons|\n|player|p2|astro nation shoe|allister|\n|teamsize|p1|6\n|teamsize|p2|6\n|gen|9\n|tier|[Gen 9] National Dex Doubles\n|rule|HP Percentage Mod: HP is shown in percentages\n|rule|Endless Battle Clause: Forcing endless battles is banned\n|rule|OHKO Clause: OHKO moves are banned\n|rule|Evasion Moves Clause: Evasion moves are banned\n|rule|Evasion Abilities Clause: Evasion abilities are banned\n|rule|Species Clause: Limit one of each Pok\u00e9mon\n|rule|Gravity Sleep Clause: The combination of sleep-inducing moves with imperfect accuracy and Gravity or Gigantamax Orbeetle are banned\n|clearpoke\n|poke|p1|Stakataka|\n|poke|p1|Rillaboom, F|\n|poke|p1|Incineroar, M|\n|poke|p1|Zygarde|\n|poke|p1|Urshifu-*, F|\n|poke|p1|Gardevoir, F|\n|poke|p2|Lucario, F|\n|poke|p2|Roaring Moon|\n|poke|p2|Chien-Pao|\n|poke|p2|Rillaboom, F|\n|poke|p2|Flutter Mane|\n|poke|p2|Entei|\n|teampreview\n|c|\u2606voltiix|hf\n|c|\u2606astro nation shoe|is the room public?\n|c|\u2606astro nation shoe|or private\n|c|\u2606voltiix|mmm not sure\n|c|\u2606voltiix|\/log voltiix made this room public.\n|c|\u2606voltiix|now is public\n|inactive|Battle timer is ON: inactive players will automatically lose when time's up. (requested by voltiix)\n|inactive|astro nation shoe has 270 seconds left.\n|inactive|astro nation shoe has 240 seconds left.\n|inactive|astro nation shoe has 210 seconds left.\n|\n|t:|1700924714\n|start\n|switch|p1a: Urshifu|Urshifu-Rapid-Strike, F|100\/100\n|switch|p1b: Rillaboom|Rillaboom, F|100\/100\n|switch|p2a: Rillaboom|Rillaboom, F|100\/100\n|switch|p2b: Flutter Mane|Flutter Mane|100\/100\n|-fieldstart|move: Grassy Terrain|[from] ability: Grassy Surge|[of] p2a: Rillaboom\n|turn|1\n|inactive|voltiix has 270 seconds left.\n|inactive|astro nation shoe has 270 seconds left.\n|\n|t:|1700924763\n|switch|p1a: Incineroar|Incineroar, M|100\/100\n|-ability|p1a: Incineroar|Intimidate|boost\n|-unboost|p2a: Rillaboom|atk|1\n|-unboost|p2b: Flutter Mane|atk|1\n|move|p2a: Rillaboom|Fake Out|p1a: Incineroar\n|-damage|p1a: Incineroar|93\/100\n|move|p2b: Flutter Mane|Dazzling Gleam|p1a: Incineroar|[spread] p1a,p1b\n|-damage|p1a: Incineroar|57\/100\n|-damage|p1b: Rillaboom|70\/100\n|move|p1b: Rillaboom|U-turn|p2a: Rillaboom\n|-supereffective|p2a: Rillaboom\n|-damage|p2a: Rillaboom|49\/100\n|\n|t:|1700924779\n|switch|p1b: Urshifu|Urshifu-Rapid-Strike, F|100\/100|[from] U-turn\n|\n|-heal|p2a: Rillaboom|55\/100|[from] Grassy Terrain\n|-heal|p1a: Incineroar|63\/100|[from] Grassy Terrain\n|upkeep\n|turn|2\n|inactive|voltiix has 270 seconds left.\n|inactive|astro nation shoe has 270 seconds left.\n|\n|t:|1700924808\n|-end|p2b: Flutter Mane|Protosynthesis|[silent]\n|switch|p2b: Roaring Moon|Roaring Moon|100\/100\n|-enditem|p2b: Roaring Moon|Booster Energy\n|-activate|p2b: Roaring Moon|ability: Protosynthesis|[fromitem]\n|-start|p2b: Roaring Moon|protosynthesisspe\n|switch|p2a: Lucario|Lucario, F|100\/100\n|move|p1b: Urshifu|U-turn|p2a: Lucario\n|-resisted|p2a: Lucario\n|-damage|p2a: Lucario|90\/100\n|inactive|voltiix has 240 seconds left.\n|inactive|voltiix has 210 seconds left.\n|\n|t:|1700924876\n|switch|p1b: Zygarde|Zygarde|100\/100|[from] U-turn\n|-ability|p1b: Zygarde|Aura Break\n|move|p1a: Incineroar|Parting Shot|p2a: Lucario\n|-unboost|p2a: Lucario|atk|1\n|-unboost|p2a: Lucario|spa|1\n|inactive|voltiix has 180 seconds left.\n|\n|t:|1700924897\n|switch|p1a: Gardevoir|Gardevoir, F|100\/100|[from] Parting Shot\n|\n|-heal|p2a: Lucario|96\/100|[from] Grassy Terrain\n|upkeep\n|turn|3\n|\n|t:|1700924916\n|switch|p1a: Incineroar|Incineroar, M|63\/100\n|-ability|p1a: Incineroar|Intimidate|boost\n|-fail|p2a: Lucario|unboost|Attack|[from] ability: Inner Focus|[of] p2a: Lucario\n|-unboost|p2b: Roaring Moon|atk|1\n|detailschange|p2a: Lucario|Lucario-Mega, F\n|-mega|p2a: Lucario|Lucario|Lucarionite\n|move|p2b: Roaring Moon|Breaking Swipe|p1a: Incineroar|[spread] p1a,p1b\n|-supereffective|p1b: Zygarde\n|-damage|p1a: Incineroar|52\/100\n|-damage|p1b: Zygarde|81\/100\n|-unboost|p1a: Incineroar|atk|1\n|-unboost|p1b: Zygarde|atk|1\n|move|p2a: Lucario|Meteor Mash|p1a: Incineroar\n|-resisted|p1a: Incineroar\n|-damage|p1a: Incineroar|36\/100\n|-boost|p2a: Lucario|atk|1\n|move|p1b: Zygarde|Thousand Waves|p2b: Roaring Moon|[spread] p2a,p2b\n|-supereffective|p2a: Lucario\n|-damage|p2a: Lucario|8\/100\n|-damage|p2b: Roaring Moon|66\/100\n|-activate|p2a: Lucario|trapped\n|-activate|p2b: Roaring Moon|trapped\n|\n|-heal|p2b: Roaring Moon|72\/100|[from] Grassy Terrain\n|-heal|p2a: Lucario|14\/100|[from] Grassy Terrain\n|-heal|p1b: Zygarde|87\/100|[from] Grassy Terrain\n|-heal|p1a: Incineroar|42\/100|[from] Grassy Terrain\n|upkeep\n|turn|4\n|inactive|voltiix has 180 seconds left.\n|inactive|voltiix has 150 seconds left.\n|\n|t:|1700924977\n|move|p2a: Lucario|Protect|p2a: Lucario\n|-singleturn|p2a: Lucario|Protect\n|move|p2b: Roaring Moon|Tailwind|p2b: Roaring Moon\n|-sidestart|p2: astro nation shoe|move: Tailwind\n|move|p1b: Zygarde|Thousand Waves|p2a: Lucario|[spread] p2b\n|-activate|p2a: Lucario|move: Protect\n|-damage|p2b: Roaring Moon|38\/100\n|-zpower|p1a: Incineroar\n|move|p1a: Incineroar|Z-Parting Shot|p2b: Roaring Moon|[anim]Parting Shot\n|-activate|p1a: Incineroar|healreplacement\n|-unboost|p2b: Roaring Moon|atk|1\n|-unboost|p2b: Roaring Moon|spa|1\n|inactive|voltiix has 150 seconds left.\n|\n|t:|1700924994\n|switch|p1a: Rillaboom|Rillaboom, F|70\/100|[from] Parting Shot\n|-heal|p1a: Rillaboom|100\/100|[from] move: Parting Shot|[zeffect]\n|\n|-heal|p2b: Roaring Moon|44\/100|[from] Grassy Terrain\n|-heal|p2a: Lucario|20\/100|[from] Grassy Terrain\n|-heal|p1b: Zygarde|94\/100|[from] Grassy Terrain\n|upkeep\n|turn|5\n|\n|t:|1700925004\n|switch|p1a: Incineroar|Incineroar, M|42\/100\n|-ability|p1a: Incineroar|Intimidate|boost\n|-unboost|p2a: Lucario|atk|1\n|-unboost|p2b: Roaring Moon|atk|1\n|move|p2b: Roaring Moon|Knock Off|p1b: Zygarde\n|-damage|p1b: Zygarde|80\/100\n|-enditem|p1b: Zygarde|Choice Band|[from] move: Knock Off|[of] p2b: Roaring Moon\n|move|p2a: Lucario|Close Combat|p1a: Incineroar\n|-supereffective|p1a: Incineroar\n|-damage|p1a: Incineroar|0 fnt\n|-unboost|p2a: Lucario|def|1\n|-unboost|p2a: Lucario|spd|1\n|faint|p1a: Incineroar\n|move|p1b: Zygarde|Thousand Waves|p2a: Lucario|[spread] p2a,p2b\n|-supereffective|p2a: Lucario\n|-damage|p2a: Lucario|0 fnt\n|-damage|p2b: Roaring Moon|23\/100\n|faint|p2a: Lucario\n|\n|-heal|p2b: Roaring Moon|29\/100|[from] Grassy Terrain\n|-heal|p1b: Zygarde|86\/100|[from] Grassy Terrain\n|-fieldend|move: Grassy Terrain\n|upkeep\n|inactive|voltiix has 180 seconds left.\n|inactive|astro nation shoe has 270 seconds left.\n|\n|t:|1700925050\n|switch|p2a: Flutter Mane|Flutter Mane|100\/100\n|switch|p1a: Gardevoir|Gardevoir, F|100\/100\n|turn|6\n|inactive|voltiix has 180 seconds left.\n|inactive|astro nation shoe has 270 seconds left.\n|inactive|voltiix has 150 seconds left.\n|inactive|voltiix has 120 seconds left.\n|\n|t:|1700925126\n|switch|p1a: Rillaboom|Rillaboom, F|100\/100\n|-fieldstart|move: Grassy Terrain|[from] ability: Grassy Surge|[of] p1a: Rillaboom\n|move|p2b: Roaring Moon|Breaking Swipe|p1b: Zygarde|[spread] p1a,p1b\n|-supereffective|p1b: Zygarde\n|-damage|p1a: Rillaboom|94\/100\n|-damage|p1b: Zygarde|75\/100\n|-unboost|p1a: Rillaboom|atk|1\n|-unboost|p1b: Zygarde|atk|1\n|move|p2a: Flutter Mane|Shadow Ball|p1a: Rillaboom\n|-damage|p1a: Rillaboom|51\/100\n|move|p1b: Zygarde|Thousand Waves|p2b: Roaring Moon|[spread] p2a,p2b\n|-damage|p2a: Flutter Mane|75\/100\n|-damage|p2b: Roaring Moon|12\/100\n|\n|-heal|p2b: Roaring Moon|18\/100|[from] Grassy Terrain\n|-heal|p2a: Flutter Mane|81\/100|[from] Grassy Terrain\n|-heal|p1b: Zygarde|81\/100|[from] Grassy Terrain\n|-heal|p1a: Rillaboom|57\/100|[from] Grassy Terrain\n|upkeep\n|turn|7\n|inactive|voltiix has 120 seconds left.\n|inactive|astro nation shoe has 270 seconds left.\n|inactive|voltiix has 90 seconds left.\n|inactive|astro nation shoe has 240 seconds left.\n|inactive|voltiix has 60 seconds left.\n|inactive|astro nation shoe has 210 seconds left.\n|\n|t:|1700925218\n|move|p2b: Roaring Moon|Protect|p2b: Roaring Moon\n|-singleturn|p2b: Roaring Moon|Protect\n|move|p2a: Flutter Mane|Shadow Ball|p1b: Zygarde\n|-damage|p1b: Zygarde|33\/100\n|move|p1b: Zygarde|Thousand Waves|p2a: Flutter Mane|[spread] p2a\n|-activate|p2b: Roaring Moon|move: Protect\n|-damage|p2a: Flutter Mane|54\/100\n|move|p1a: Rillaboom|U-turn|p2a: Flutter Mane\n|-resisted|p2a: Flutter Mane\n|-damage|p2a: Flutter Mane|47\/100\n|inactive|voltiix has 60 seconds left.\n|\n|t:|1700925225\n|switch|p1a: Stakataka|Stakataka|100\/100|[from] U-turn\n|\n|-heal|p2b: Roaring Moon|25\/100|[from] Grassy Terrain\n|-heal|p2a: Flutter Mane|53\/100|[from] Grassy Terrain\n|-heal|p1b: Zygarde|40\/100|[from] Grassy Terrain\n|-sideend|p2: astro nation shoe|move: Tailwind\n|upkeep\n|turn|8\n|\n|t:|1700925247\n|switch|p1b: Rillaboom|Rillaboom, F|57\/100\n|move|p2b: Roaring Moon|Knock Off|p1a: Stakataka\n|-damage|p1a: Stakataka|89\/100\n|-enditem|p1a: Stakataka|Clear Amulet|[from] move: Knock Off|[of] p2b: Roaring Moon\n|move|p2a: Flutter Mane|Shadow Ball|p1a: Stakataka\n|-damage|p1a: Stakataka|33\/100\n|move|p1a: Stakataka|Trick Room|p1a: Stakataka\n|-fieldstart|move: Trick Room|[of] p1a: Stakataka\n|\n|-heal|p1a: Stakataka|39\/100|[from] Grassy Terrain\n|-heal|p1b: Rillaboom|63\/100|[from] Grassy Terrain\n|-heal|p2a: Flutter Mane|59\/100|[from] Grassy Terrain\n|-heal|p2b: Roaring Moon|31\/100|[from] Grassy Terrain\n|upkeep\n|turn|9\n|inactive|astro nation shoe has 240 seconds left.\n|inactive|voltiix has 60 seconds left.\n|inactive|astro nation shoe has 210 seconds left.\n|inactive|voltiix has 30 seconds left.\n|inactive|voltiix has 20 seconds left.\n|\n|t:|1700925318\n|-end|p2a: Flutter Mane|Protosynthesis|[silent]\n|switch|p2a: Chien-Pao|Chien-Pao|100\/100\n|-ability|p2a: Chien-Pao|Sword of Ruin\n|move|p1a: Stakataka|Gyro Ball|p2a: Chien-Pao\n|-supereffective|p2a: Chien-Pao\n|-enditem|p2a: Chien-Pao|Focus Sash\n|-damage|p2a: Chien-Pao|1\/100\n|move|p1b: Rillaboom|U-turn|p2b: Roaring Moon\n|-supereffective|p2b: Roaring Moon\n|-damage|p2b: Roaring Moon|0 fnt\n|faint|p2b: Roaring Moon\n|-end|p2b: Roaring Moon|Protosynthesis|[silent]\n|inactive|voltiix has 25 seconds left this turn.\n|inactive|voltiix has 20 seconds left.\n|inactive|voltiix has 15 seconds left.\n|\n|t:|1700925332\n|switch|p1b: Zygarde|Zygarde|40\/100|[from] U-turn\n|-ability|p1b: Zygarde|Aura Break\n|\n|-heal|p1a: Stakataka|45\/100|[from] Grassy Terrain\n|-heal|p1b: Zygarde|46\/100|[from] Grassy Terrain\n|-heal|p2a: Chien-Pao|7\/100|[from] Grassy Terrain\n|upkeep\n|inactive|voltiix has 20 seconds left this turn.\n|inactive|astro nation shoe has 180 seconds left.\n|inactive|astro nation shoe has 150 seconds left.\n|inactive|astro nation shoe has 120 seconds left.\n|\n|t:|1700925441\n|switch|p2b: Rillaboom|Rillaboom, F|55\/100\n|turn|10\n|inactive|astro nation shoe has 120 seconds left.\n|inactive|voltiix has 30 seconds left.\n|inactive|astro nation shoe has 90 seconds left.\n|inactive|voltiix has 20 seconds left.\n|inactive|voltiix has 15 seconds left.\n|\n|t:|1700925494\n|-terastallize|p2a: Chien-Pao|Dark\n|move|p1b: Zygarde|Extreme Speed|p2a: Chien-Pao\n|-damage|p2a: Chien-Pao|0 fnt\n|faint|p2a: Chien-Pao\n|move|p1a: Stakataka|Heat Crash|p2b: Rillaboom\n|-supereffective|p2b: Rillaboom\n|-damage|p2b: Rillaboom|0 fnt\n|faint|p2b: Rillaboom\n|-ability|p1a: Stakataka|Beast Boost|boost\n|-boost|p1a: Stakataka|atk|1\n|\n|-heal|p1a: Stakataka|51\/100|[from] Grassy Terrain\n|-heal|p1b: Zygarde|52\/100|[from] Grassy Terrain\n|-fieldend|move: Grassy Terrain\n|upkeep\n|inactive|voltiix has 20 seconds left this turn.\n|inactive|astro nation shoe has 90 seconds left.\n|\n|t:|1700925499\n|switch|p2b: Entei|Entei|100\/100\n|switch|p2a: Flutter Mane|Flutter Mane|59\/100\n|turn|11\n|inactive|voltiix has 30 seconds left.\n|\n|t:|1700925515\n|move|p1a: Stakataka|Rock Slide|p2b: Entei|[spread] p2a,p2b\n|-supereffective|p2b: Entei\n|-damage|p2a: Flutter Mane|0 fnt\n|-damage|p2b: Entei|0 fnt\n|faint|p2a: Flutter Mane\n|-end|p2a: Flutter Mane|Protosynthesis|[silent]\n|faint|p2b: Entei\n|\n|win|voltiix\n|c|\u2606astro nation shoe|gg\n|c|\u2606voltiix|gg\n|l|\u2606voltiix\n","uploadtime":1700925529,"views":21,"p1id":"voltiix","p2id":"astronationshoe","formatid":"gen9nationaldexdoubles","rating":0,"private":0,"password":""}