{"id":"gen9nationaldexdoubles-1965217178","p1":"kpoc12","p2":"parkle","format":"[Gen 9] National Dex Doubles","log":"|j|\u2606kpoc12\n|j|\u2606parkle\n|t:|1697051758\n|gametype|doubles\n|player|p1|kpoc12|ghetsis|\n|player|p2|parkle|nemona-v|\n|teamsize|p1|6\n|teamsize|p2|6\n|gen|9\n|tier|[Gen 9] National Dex Doubles\n|rule|HP Percentage Mod: HP is shown in percentages\n|rule|Endless Battle Clause: Forcing endless battles is banned\n|rule|OHKO Clause: OHKO moves are banned\n|rule|Evasion Moves Clause: Evasion moves are banned\n|rule|Evasion Abilities Clause: Evasion abilities are banned\n|rule|Species Clause: Limit one of each Pok\u00e9mon\n|rule|Gravity Sleep Clause: The combination of sleep-inducing moves with imperfect accuracy and Gravity or Gigantamax Orbeetle are banned\n|clearpoke\n|poke|p1|Cofagrigus, M|\n|poke|p1|Bouffalant, F|\n|poke|p1|Seismitoad, F|\n|poke|p1|Bisharp, F|\n|poke|p1|Eelektross, F|\n|poke|p1|Hydreigon, M|\n|poke|p2|Lycanroc, F|\n|poke|p2|Goodra, F|\n|poke|p2|Dudunsparce-*, M|\n|poke|p2|Orthworm, M|\n|poke|p2|Pawmot, M|\n|poke|p2|Quaquaval, M|\n|teampreview\n|j| cassinidivision\n|c| cassinidivision|first\n|c|\u2606parkle|LMAO\n|\n|t:|1697051790\n|start\n|switch|p1a: Cofagrigus|Cofagrigus, M|100\/100\n|switch|p1b: Bouffalant|Bouffalant, F|100\/100\n|switch|p2a: Lycanroc|Lycanroc, F|100\/100\n|switch|p2b: Orthworm|Orthworm, M|100\/100\n|turn|1\n|c|\u2606parkle|orm\n|c| cassinidivision|mummy\n|c| cassinidivision|mummy\n|c|\u2606parkle|god not again\n|c|\u2606kpoc12|mummy :3\n|c|\u2606parkle|i dont think i even have a special attacker to deal with it\n|\n|t:|1697051821\n|move|p2a: Lycanroc|Stealth Rock|p1b: Bouffalant\n|-sidestart|p1: kpoc12|move: Stealth Rock\n|move|p2b: Orthworm|Body Press|p1b: Bouffalant\n|-supereffective|p1b: Bouffalant\n|-damage|p1b: Bouffalant|57\/100\n|move|p1b: Bouffalant|Poison Jab|p2a: Lycanroc\n|-resisted|p2a: Lycanroc\n|-damage|p2a: Lycanroc|79\/100\n|move|p1a: Cofagrigus|Toxic Spikes|p2a: Lycanroc\n|-sidestart|p2: parkle|move: Toxic Spikes\n|\n|upkeep\n|turn|2\n|c|\u2606parkle|god please not again\n|c|\u2606parkle|43?????\n|c|\u2606parkle|SUPEREFFECTIVE AND A 43?????\n|c|\u2606parkle|KILL ME????\n|c|\u2606kpoc12|HSHGHG\n|\n|t:|1697051916\n|move|p2a: Lycanroc|Stone Edge|p1a: Cofagrigus\n|-damage|p1a: Cofagrigus|50\/100\n|-damage|p2a: Lycanroc|69\/100|[from] item: Life Orb\n|move|p2b: Orthworm|Body Press|p1b: Bouffalant\n|-supereffective|p1b: Bouffalant\n|-damage|p1b: Bouffalant|13\/100\n|move|p1b: Bouffalant|Wild Charge|p2a: Lycanroc\n|-damage|p2a: Lycanroc|8\/100\n|-damage|p1b: Bouffalant|2\/100|[from] Recoil\n|move|p1a: Cofagrigus|Toxic Spikes|p2b: Orthworm\n|-sidestart|p2: parkle|move: Toxic Spikes\n|\n|-heal|p1a: Cofagrigus|57\/100|[from] item: Leftovers\n|upkeep\n|turn|3\n|c|\u2606parkle|OH I THOUGHT I WAS GETTING MUMMIED\n|c|\u2606parkle|WOW\n|c|\u2606parkle|oh not more spikes\n|c|\u2606kpoc12|MORE SPIKES!\n|\n|t:|1697051960\n|move|p2a: Lycanroc|Stone Edge|p1a: Cofagrigus\n|-damage|p1a: Cofagrigus|4\/100\n|-damage|p2a: Lycanroc|0 fnt|[from] item: Life Orb\n|faint|p2a: Lycanroc\n|move|p2b: Orthworm|Earthquake|p1b: Bouffalant|[spread] p1a,p1b\n|-damage|p1a: Cofagrigus|0 fnt\n|-damage|p1b: Bouffalant|0 fnt\n|faint|p1a: Cofagrigus\n|faint|p1b: Bouffalant\n|\n|upkeep\n|j| AutumnCookie\n|c|\u2606kpoc12|POOR MF\n|c|\u2606parkle|:3\n|c|\u2606parkle|no trick room allowed\n|\n|t:|1697051990\n|switch|p2a: Dudunsparce|Dudunsparce-Three-Segment, M|100\/100\n|switch|p1b: Bisharp|Bisharp, F|100\/100\n|switch|p1a: Hydreigon|Hydreigon, M|100\/100\n|-damage|p1a: Hydreigon|88\/100|[from] Stealth Rock\n|-damage|p1b: Bisharp|95\/100|[from] Stealth Rock\n|-status|p2a: Dudunsparce|tox\n|turn|4\n|\n|t:|1697052042\n|move|p1a: Hydreigon|Fire Blast|p2b: Orthworm\n|-supereffective|p2b: Orthworm\n|-damage|p2b: Orthworm|0 fnt\n|faint|p2b: Orthworm\n|-damage|p1a: Hydreigon|78\/100|[from] item: Life Orb\n|move|p1b: Bisharp|Knock Off|p2a: Dudunsparce\n|-damage|p2a: Dudunsparce|50\/100 tox\n|-enditem|p2a: Dudunsparce|King's Rock|[from] move: Knock Off|[of] p1b: Bisharp\n|move|p2a: Dudunsparce|Coil|p2a: Dudunsparce\n|-boost|p2a: Dudunsparce|atk|1\n|-boost|p2a: Dudunsparce|def|1\n|-boost|p2a: Dudunsparce|accuracy|1\n|\n|-damage|p2a: Dudunsparce|44\/100 tox|[from] psn\n|upkeep\n|c|\u2606parkle|UH OH\n|\n|t:|1697052073\n|switch|p2b: Goodra|Goodra, F|100\/100\n|-status|p2b: Goodra|tox\n|turn|5\n|\n|t:|1697052099\n|move|p1a: Hydreigon|Dragon Pulse|p2b: Goodra\n|-supereffective|p2b: Goodra\n|-damage|p2b: Goodra|45\/100 tox\n|-damage|p1a: Hydreigon|68\/100|[from] item: Life Orb\n|move|p2b: Goodra|Muddy Water|p1b: Bisharp|[spread] p1a,p1b\n|-resisted|p1a: Hydreigon\n|-damage|p1a: Hydreigon|57\/100\n|-damage|p1b: Bisharp|64\/100\n|move|p1b: Bisharp|Stone Edge|p2a: Dudunsparce\n|-damage|p2a: Dudunsparce|23\/100 tox\n|move|p2a: Dudunsparce|Dragon Rush|p1a: Hydreigon\n|-supereffective|p1a: Hydreigon\n|-damage|p1a: Hydreigon|0 fnt\n|faint|p1a: Hydreigon\n|\n|-damage|p2b: Goodra|39\/100 tox|[from] psn\n|-damage|p2a: Dudunsparce|11\/100 tox|[from] psn\n|upkeep\n|c|\u2606parkle|fucked up\n|\n|t:|1697052125\n|switch|p1a: Seismitoad|Seismitoad, F|100\/100\n|-damage|p1a: Seismitoad|95\/100|[from] Stealth Rock\n|turn|6\n|c|\u2606parkle|putting dragon rush on that thing was a sin\n|c| AutumnCookie|REAL\n|c|\u2606kpoc12|A SIN ASHFFH\n|\n|t:|1697052177\n|move|p2b: Goodra|Ice Beam|p1a: Seismitoad\n|-damage|p1a: Seismitoad|62\/100\n|move|p1a: Seismitoad|Rain Dance|p1a: Seismitoad\n|-weather|RainDance\n|move|p1b: Bisharp|Knock Off|p2b: Goodra\n|-damage|p2b: Goodra|0 fnt\n|-enditem|p2b: Goodra|Assault Vest|[from] move: Knock Off|[of] p1b: Bisharp\n|faint|p2b: Goodra\n|move|p2a: Dudunsparce|Hyper Drill|p1b: Bisharp\n|-resisted|p1b: Bisharp\n|-damage|p1b: Bisharp|26\/100\n|\n|-weather|RainDance|[upkeep]\n|-heal|p1a: Seismitoad|68\/100|[from] item: Leftovers\n|-damage|p2a: Dudunsparce|0 fnt|[from] psn\n|faint|p2a: Dudunsparce\n|upkeep\n|c|\u2606parkle|uh oh\n|\n|t:|1697052193\n|switch|p2b: Quaquaval|Quaquaval, M|100\/100\n|switch|p2a: Pawmot|Pawmot, M|100\/100\n|-status|p2a: Pawmot|tox\n|-status|p2b: Quaquaval|tox\n|turn|7\n|l| AutumnCookie\n|j| AutumnCookie\n|\n|t:|1697052233\n|move|p1a: Seismitoad|Muddy Water|p2a: Pawmot|[spread] \n|-miss|p1a: Seismitoad|p2a: Pawmot\n|-miss|p1a: Seismitoad|p2b: Quaquaval\n|move|p2a: Pawmot|Revival Blessing|p2a: Pawmot\n|-enditem|p2a: Pawmot|Leppa Berry|[eat]\n|-activate|p2a: Pawmot|item: Leppa Berry|Revival Blessing|[consumed]\n|c|\u2606parkle|LMAOOO\n|c|\u2606kpoc12|CRYNG\n|c|\u2606parkle|love 85% accuracy moves\n|c|\u2606parkle|my favourite\n|\n|t:|1697052247\n|-heal|p2: Orthworm|50\/100|[from] move: Revival Blessing\n|move|p2b: Quaquaval|Aqua Step|p1b: Bisharp\n|-damage|p1b: Bisharp|0 fnt\n|-boost|p2b: Quaquaval|spe|1\n|faint|p1b: Bisharp\n|-ability|p2b: Quaquaval|Moxie|boost\n|-boost|p2b: Quaquaval|atk|1\n|\n|-weather|RainDance|[upkeep]\n|-heal|p1a: Seismitoad|74\/100|[from] item: Leftovers\n|-damage|p2b: Quaquaval|94\/100 tox|[from] psn\n|-damage|p2a: Pawmot|94\/100 tox|[from] psn\n|upkeep\n|c|\u2606kpoc12|SO EVIL\n|\n|t:|1697052259\n|switch|p1b: Eelektross|Eelektross, F|100\/100\n|-damage|p1b: Eelektross|88\/100|[from] Stealth Rock\n|turn|8\n|l| AutumnCookie\n|j| AutumnCookie\n|c|\u2606parkle|ghetsis watching both his pokemon miss and then this shitter 19 year old reviving one of her pokemon mid battle\n|c| AutumnCookie|LOL\n|c|\u2606kpoc12|cant wait until max gets him this tera orb\n|c|\u2606kpoc12|i have plans\n|c|\u2606kpoc12|stg maxie hangs out w anyone these days\n|c|\u2606kpoc12|he hates ghetsis yeah. will he get him a tera orb? absolutely?\n|c| AutumnCookie|Good job Nemona. Kill this old man.\n|c|\u2606parkle|of course ?\n|c|\u2606parkle|GOOD JOB NEMONA\n|c|\u2606parkle|shes gonna get his after this like .\n|c|\u2606parkle|if she wins\n|c|\u2606parkle|which she Should unless my brain becomes a liquid\n|c|\u2606kpoc12|like? imagine ghetsis w a kingambit + orb\n|c| cassinidivision|kate throw\n|c|\u2606kpoc12|yea she wins this\n|c|\u2606parkle|LMAO\n|c|\u2606kpoc12|I AM THROWING\n|c|\u2606parkle|kate throw anyway\n|c|\u2606parkle|HDSFDGFH\n|c|\u2606kpoc12|I DO NOT WANT GHETSIS TO WIN\n|c|\u2606parkle|GET HIS ASS OUTTA HERE\n|\n|t:|1697052409\n|move|p1a: Seismitoad|Earthquake|p2a: Pawmot|[spread] p2a,p2b\n|-immune|p1b: Eelektross|[from] ability: Levitate\n|-supereffective|p2a: Pawmot\n|-damage|p2a: Pawmot|18\/100 tox\n|-damage|p2b: Quaquaval|64\/100 tox\n|move|p2b: Quaquaval|Close Combat|p1a: Seismitoad\n|-damage|p1a: Seismitoad|0 fnt\n|-unboost|p2b: Quaquaval|def|1\n|-unboost|p2b: Quaquaval|spd|1\n|faint|p1a: Seismitoad\n|-ability|p2b: Quaquaval|Moxie|boost\n|-boost|p2b: Quaquaval|atk|1\n|move|p2a: Pawmot|Close Combat|p1b: Eelektross\n|-damage|p1b: Eelektross|24\/100\n|-unboost|p2a: Pawmot|def|1\n|-unboost|p2a: Pawmot|spd|1\n|move|p1b: Eelektross|Acrobatics|p2b: Quaquaval\n|-supereffective|p2b: Quaquaval\n|-damage|p2b: Quaquaval|0 fnt\n|faint|p2b: Quaquaval\n|\n|-weather|RainDance|[upkeep]\n|-damage|p2a: Pawmot|5\/100 tox|[from] psn\n|upkeep\n|c|\u2606parkle|this is gonna be funny\n|c|\u2606parkle|theres one of them\n|c|\u2606parkle|wait for it\n|c|\u2606parkle|ANOTHA ONE\n|\n|t:|1697052431\n|switch|p2b: Orthworm|Orthworm, M|50\/100\n|-enditem|p2b: Orthworm|Sitrus Berry|[eat]\n|-heal|p2b: Orthworm|75\/100|[from] item: Sitrus Berry\n|turn|9\n|c|\u2606kpoc12|comes in. scrans berry. refuses to elborate.\n|c|\u2606parkle|LMAOO\n|c|\u2606kpoc12|wins.\n|c|\u2606parkle|swaps in\n|c|\u2606parkle|om nom\n|c|\u2606parkle|win\n|c| AutumnCookie|LMAO\n|\n|t:|1697052467\n|move|p2a: Pawmot|Double Shock|p1b: Eelektross\n|-resisted|p1b: Eelektross\n|-damage|p1b: Eelektross|0 fnt\n|-start|p2a: Pawmot|typechange|???\/Fighting|[from] move: Double Shock\n|faint|p1b: Eelektross\n|\n|win|parkle\n|c|\u2606kpoc12|ggs\n|c|\u2606kpoc12|wtf is double shock\n|c|\u2606parkle|its crazy\n|c| cassinidivision|gods.\n|c|\u2606parkle|120 power 100 accuracy but it only works if youre an electric type\n|c|\u2606kpoc12|what is it like that was an actual ohhhhh\n|c|\u2606parkle|and then it REMOVES your electric typing\n|c| AutumnCookie|YEAH\n|c|\u2606kpoc12|and removes electir ahhh\n|c|\u2606kpoc12|got it\n|c|\u2606parkle|its kinda scary .\n|c|\u2606kpoc12|i used a pawmot i should know this\n|c|\u2606parkle|LOL\n","uploadtime":1697052479,"views":8,"p1id":"kpoc12","p2id":"parkle","formatid":"gen9nationaldexdoubles","rating":0,"private":0,"password":""}