{"id":"gen9nationaldexdoubles-1962876303","p1":"Mayo_Naise_lol","p2":"Junky Dummy","format":"[Gen 9] National Dex Doubles","log":"|j|\u2606Mayo_Naise_lol\n|j|\u2606Junky Dummy\n|t:|1696800793\n|gametype|doubles\n|player|p1|Mayo_Naise_lol|harlequin|\n|player|p2|Junky Dummy|1|\n|teamsize|p1|6\n|teamsize|p2|6\n|gen|9\n|tier|[Gen 9] National Dex Doubles\n|rule|HP Percentage Mod: HP is shown in percentages\n|rule|Endless Battle Clause: Forcing endless battles is banned\n|rule|OHKO Clause: OHKO moves are banned\n|rule|Evasion Moves Clause: Evasion moves are banned\n|rule|Evasion Abilities Clause: Evasion abilities are banned\n|rule|Species Clause: Limit one of each Pok\u00e9mon\n|rule|Gravity Sleep Clause: The combination of sleep-inducing moves with imperfect accuracy and Gravity or Gigantamax Orbeetle are banned\n|clearpoke\n|poke|p1|Weezing, M|\n|poke|p1|Regigigas|\n|poke|p1|Tornadus, M|\n|poke|p1|Urshifu-*, M|\n|poke|p1|Regieleki|\n|poke|p1|Toedscruel, M|\n|poke|p2|Tapu Lele|\n|poke|p2|Regieleki|\n|poke|p2|Swampert, F|\n|poke|p2|Politoed, M|\n|poke|p2|Tornadus, M|\n|poke|p2|Kartana|\n|teampreview\n|\n|t:|1696800809\n|start\n|switch|p1a: Tornadus|Tornadus, M|100\/100\n|switch|p1b: Idliketoliveplz|Toedscruel, M|100\/100\n|switch|p2a: Swampert|Swampert, F, shiny|100\/100\n|switch|p2b: Politoed|Politoed, M, shiny|100\/100\n|-weather|RainDance|[from] ability: Drizzle|[of] p2b: Politoed\n|turn|1\n|inactive|Battle timer is ON: inactive players will automatically lose when time's up. (requested by Junky Dummy)\n|\n|t:|1696800830\n|detailschange|p2a: Swampert|Swampert-Mega, F, shiny\n|-mega|p2a: Swampert|Swampert|Swampertite\n|move|p1a: Tornadus|Tailwind|p1a: Tornadus\n|-sidestart|p1: Mayo_Naise_lol|move: Tailwind\n|move|p1b: Idliketoliveplz|Giga Drain|p2a: Swampert\n|-supereffective|p2a: Swampert\n|-damage|p2a: Swampert|20\/100\n|move|p2a: Swampert|Ice Punch|p1b: Idliketoliveplz\n|-supereffective|p1b: Idliketoliveplz\n|-damage|p1b: Idliketoliveplz|0 fnt\n|faint|p1b: Idliketoliveplz\n|move|p2b: Politoed|Encore|p1a: Tornadus\n|-start|p1a: Tornadus|Encore\n|\n|-weather|RainDance|[upkeep]\n|upkeep\n|\n|t:|1696800847\n|switch|p1b: Least regi|Regieleki|100\/100\n|turn|2\n|inactive|Junky Dummy has 270 seconds left.\n|\n|t:|1696800889\n|switch|p1b: Peak|Regigigas|100\/100\n|-start|p1b: Peak|ability: Slow Start\n|switch|p1a: Let me win plz|Weezing, M|100\/100\n|-ability|p1a: Let me win plz|Neutralizing Gas\n|-end|p1b: Peak|Slow Start|[silent]\n|switch|p2b: Tapu Lele|Tapu Lele, shiny|100\/100\n|move|p2a: Swampert|Protect||[still]\n|-fail|p2a: Swampert\n|\n|-weather|RainDance|[upkeep]\n|upkeep\n|turn|3\n|inactive|Junky Dummy has 270 seconds left.\n|inactive|Mayo_Naise_lol has 270 seconds left.\n|\n|t:|1696800922\n|move|p1a: Let me win plz|Protect|p1a: Let me win plz\n|-singleturn|p1a: Let me win plz|Protect\n|move|p1b: Peak|Ice Punch|p2a: Swampert\n|-damage|p2a: Swampert|0 fnt\n|faint|p2a: Swampert\n|-damage|p1b: Peak|91\/100|[from] item: Life Orb\n|move|p2b: Tapu Lele|Psychic|p1a: Let me win plz\n|-activate|p1a: Let me win plz|move: Protect\n|\n|-weather|RainDance|[upkeep]\n|upkeep\n|\n|t:|1696800951\n|switch|p2a: Regieleki|Regieleki, shiny|100\/100\n|turn|4\n|inactive|Mayo_Naise_lol has 270 seconds left.\n|\n|t:|1696800995\n|move|p2a: Regieleki|Protect|p2a: Regieleki\n|-singleturn|p2a: Regieleki|Protect\n|move|p1a: Let me win plz|Protect||[still]\n|-fail|p1a: Let me win plz\n|move|p2b: Tapu Lele|Protect|p2b: Tapu Lele\n|-singleturn|p2b: Tapu Lele|Protect\n|move|p1b: Peak|Return|p2a: Regieleki\n|-activate|p2a: Regieleki|move: Protect\n|\n|-weather|RainDance|[upkeep]\n|-sideend|p1: Mayo_Naise_lol|move: Tailwind\n|upkeep\n|turn|5\n|inactive|Junky Dummy has 270 seconds left.\n|inactive|Mayo_Naise_lol has 270 seconds left.\n|\n|t:|1696801015\n|move|p1a: Let me win plz|Protect|p1a: Let me win plz\n|-singleturn|p1a: Let me win plz|Protect\n|move|p2a: Regieleki|Thunder|p1a: Let me win plz\n|-activate|p1a: Let me win plz|move: Protect\n|move|p1b: Peak|Return|p2a: Regieleki\n|-damage|p2a: Regieleki|0 fnt\n|faint|p2a: Regieleki\n|-damage|p1b: Peak|81\/100|[from] item: Life Orb\n|move|p2b: Tapu Lele|Psychic|p1a: Let me win plz\n|-activate|p1a: Let me win plz|move: Protect\n|\n|-weather|none\n|upkeep\n|\n|t:|1696801024\n|switch|p2a: Politoed|Politoed, M, shiny|100\/100\n|turn|6\n|\n|t:|1696801046\n|move|p1a: Let me win plz|Protect|p1a: Let me win plz\n|-singleturn|p1a: Let me win plz|Protect\n|move|p1b: Peak|Return|p2b: Tapu Lele\n|-damage|p2b: Tapu Lele|0 fnt\n|faint|p2b: Tapu Lele\n|-damage|p1b: Peak|71\/100|[from] item: Life Orb\n|move|p2a: Politoed|Encore|p1a: Let me win plz\n|-activate|p1a: Let me win plz|move: Protect\n|\n|upkeep\n|\n|t:|1696801060\n|switch|p2b: Tornadus|Tornadus, M, shiny|100\/100\n|turn|7\n|c|\u2606Mayo_Naise_lol|Less goooo\n|\n|t:|1696801081\n|move|p2b: Tornadus|Tailwind|p2b: Tornadus\n|-sidestart|p2: Junky Dummy|move: Tailwind\n|move|p2a: Politoed|Scald|p1b: Peak\n|-damage|p1b: Peak|48\/100\n|move|p1b: Peak|Ice Punch|p2b: Tornadus\n|-supereffective|p2b: Tornadus\n|-damage|p2b: Tornadus|0 fnt\n|faint|p2b: Tornadus\n|-damage|p1b: Peak|38\/100|[from] item: Life Orb\n|move|p1a: Let me win plz|Sludge Bomb|p2a: Politoed\n|-damage|p2a: Politoed|74\/100\n|-enditem|p2a: Politoed|Eject Button\n|\n|t:|1696801088\n|switch|p2a: Kartana|Kartana, shiny|100\/100\n|\n|upkeep\n|\n|t:|1696801090\n|switch|p2b: Politoed|Politoed, M, shiny|74\/100\n|turn|8\n|\n|t:|1696801107\n|move|p1b: Peak|Protect|p1b: Peak\n|-singleturn|p1b: Peak|Protect\n|move|p2a: Kartana|Substitute|p2a: Kartana\n|-start|p2a: Kartana|Substitute\n|-damage|p2a: Kartana|76\/100\n|move|p2b: Politoed|Scald|p1b: Peak\n|-activate|p1b: Peak|move: Protect\n|move|p1a: Let me win plz|Will-O-Wisp||[still]\n|-fail|p1a: Let me win plz\n|\n|upkeep\n|turn|9\n|inactive|Mayo_Naise_lol has 270 seconds left.\n|\n|t:|1696801148\n|-end|p1b: Peak|Slow Start|[silent]\n|switch|p1b: Urshifu|Urshifu-Rapid-Strike, M|100\/100\n|-end|p1a: Let me win plz|ability: Neutralizing Gas\n|-weather|RainDance|[from] ability: Drizzle|[of] p2b: Politoed\n|switch|p1a: Tornadus|Tornadus, M|100\/100\n|move|p2a: Kartana|Sacred Sword|p1b: Urshifu\n|-damage|p1b: Urshifu|63\/100\n|move|p2b: Politoed|Encore||[still]\n|-fail|p2b: Politoed\n|\n|-weather|RainDance|[upkeep]\n|upkeep\n|turn|10\n|inactive|Mayo_Naise_lol has 270 seconds left.\n|\n|t:|1696801178\n|move|p1a: Tornadus|Tailwind|p1a: Tornadus\n|-sidestart|p1: Mayo_Naise_lol|move: Tailwind\n|move|p2a: Kartana|Leaf Blade|p1b: Urshifu\n|-supereffective|p1b: Urshifu\n|-damage|p1b: Urshifu|0 fnt\n|faint|p1b: Urshifu\n|-ability|p2a: Kartana|Beast Boost|boost\n|-boost|p2a: Kartana|atk|1\n|move|p2b: Politoed|Scald|p1a: Tornadus\n|-damage|p1a: Tornadus|56\/100\n|\n|-weather|RainDance|[upkeep]\n|-sideend|p2: Junky Dummy|move: Tailwind\n|upkeep\n|inactive|Mayo_Naise_lol has 270 seconds left.\n|\n|t:|1696801191\n|switch|p1b: Least regi|Regieleki|100\/100\n|turn|11\n|l|\u2606Junky Dummy\n|inactive|Junky Dummy disconnected and has 300 seconds to reconnect!\n|player|p2|\n|j|\u2606Junky Dummy\n|inactive|Junky Dummy reconnected and has 295 seconds left.\n|player|p2|Junky Dummy|1\n|inactive|Junky Dummy has 270 seconds left.\n|inactive|Mayo_Naise_lol has 270 seconds left.\n|inactive|Junky Dummy has 240 seconds left.\n|\n|t:|1696801282\n|move|p2b: Politoed|Protect|p2b: Politoed\n|-singleturn|p2b: Politoed|Protect\n|move|p1b: Least regi|Volt Switch|p2b: Politoed\n|-activate|p2b: Politoed|move: Protect\n|move|p1a: Tornadus|Bleakwind Storm|p2b: Politoed|[spread] p2a\n|-activate|p2b: Politoed|move: Protect\n|-end|p2a: Kartana|Substitute\n|move|p2a: Kartana|Leaf Blade|p1b: Least regi\n|-damage|p1b: Least regi|0 fnt\n|faint|p1b: Least regi\n|-ability|p2a: Kartana|Beast Boost|boost\n|-boost|p2a: Kartana|atk|1\n|\n|-weather|RainDance|[upkeep]\n|upkeep\n|\n|t:|1696801297\n|switch|p1b: Let me win plz|Weezing, M|100\/100\n|-ability|p1b: Let me win plz|Neutralizing Gas\n|turn|12\n|inactive|Junky Dummy has 240 seconds left.\n|\n|t:|1696801326\n|move|p2a: Kartana|Protect|p2a: Kartana\n|-singleturn|p2a: Kartana|Protect\n|move|p1a: Tornadus|Bleakwind Storm|p2a: Kartana|[spread] p2b\n|-activate|p2a: Kartana|move: Protect\n|-damage|p2b: Politoed|47\/100\n|-unboost|p2b: Politoed|spe|1\n|move|p1b: Let me win plz|Will-O-Wisp|p2a: Kartana\n|-activate|p2a: Kartana|move: Protect\n|move|p2b: Politoed|Scald|p1a: Tornadus\n|-damage|p1a: Tornadus|13\/100\n|-status|p1a: Tornadus|brn\n|\n|-weather|RainDance|[upkeep]\n|-damage|p1a: Tornadus|7\/100 brn|[from] brn\n|upkeep\n|turn|13\n|inactive|Junky Dummy has 240 seconds left.\n|inactive|Mayo_Naise_lol has 270 seconds left.\n|inactive|Junky Dummy has 210 seconds left.\n|\n|t:|1696801370\n|move|p2a: Kartana|Protect||[still]\n|-fail|p2a: Kartana\n|move|p1a: Tornadus|Bleakwind Storm|p2a: Kartana|[spread] p2a,p2b\n|-damage|p2a: Kartana|19\/100\n|-damage|p2b: Politoed|21\/100\n|-unboost|p2b: Politoed|spe|1\n|move|p1b: Let me win plz|Will-O-Wisp|p2a: Kartana|[miss]\n|-miss|p1b: Let me win plz|p2a: Kartana\n|move|p2b: Politoed|Scald|p1b: Let me win plz\n|-damage|p1b: Let me win plz|45\/100\n|-status|p1b: Let me win plz|brn\n|\n|-weather|none\n|-heal|p1b: Let me win plz|51\/100 brn|[from] item: Leftovers\n|-damage|p1a: Tornadus|1\/100 brn|[from] brn\n|-damage|p1b: Let me win plz|45\/100 brn|[from] brn\n|-sideend|p1: Mayo_Naise_lol|move: Tailwind\n|upkeep\n|turn|14\n|inactive|Mayo_Naise_lol has 270 seconds left.\n|inactive|Junky Dummy has 210 seconds left.\n|inactive|Junky Dummy has 180 seconds left.\n|\n|t:|1696801423\n|move|p1b: Let me win plz|Protect|p1b: Let me win plz\n|-singleturn|p1b: Let me win plz|Protect\n|move|p1a: Tornadus|Tailwind|p1a: Tornadus\n|-sidestart|p1: Mayo_Naise_lol|move: Tailwind\n|-zpower|p2a: Kartana\n|move|p2a: Kartana|All-Out Pummeling|p1b: Let me win plz|[zeffect]\n|-resisted|p1b: Let me win plz\n|-zbroken|p1b: Let me win plz\n|-damage|p1b: Let me win plz|31\/100 brn\n|move|p2b: Politoed|Scald|p1b: Let me win plz\n|-activate|p1b: Let me win plz|move: Protect\n|\n|-heal|p1b: Let me win plz|37\/100 brn|[from] item: Leftovers\n|-damage|p1a: Tornadus|0 fnt|[from] brn\n|faint|p1a: Tornadus\n|-damage|p1b: Let me win plz|31\/100 brn|[from] brn\n|upkeep\n|\n|t:|1696801437\n|switch|p1a: Peak|Regigigas|38\/100\n|turn|15\n|inactive|Junky Dummy has 180 seconds left.\n|\n|t:|1696801467\n|move|p2a: Kartana|Protect|p2a: Kartana\n|-singleturn|p2a: Kartana|Protect\n|move|p1a: Peak|Drain Punch|p2a: Kartana\n|-activate|p2a: Kartana|move: Protect\n|move|p1b: Let me win plz|Sludge Bomb|p2b: Politoed\n|-damage|p2b: Politoed|0 fnt\n|faint|p2b: Politoed\n|\n|-heal|p1b: Let me win plz|37\/100 brn|[from] item: Leftovers\n|-damage|p1b: Let me win plz|31\/100 brn|[from] brn\n|upkeep\n|turn|16\n|\n|t:|1696801482\n|move|p1a: Peak|Drain Punch|p2a: Kartana\n|-supereffective|p2a: Kartana\n|-damage|p2a: Kartana|0 fnt\n|-heal|p1a: Peak|45\/100|[from] drain|[of] p2a: Kartana\n|faint|p2a: Kartana\n|-damage|p1a: Peak|35\/100|[from] item: Life Orb\n|\n|win|Mayo_Naise_lol\n","uploadtime":1696801492,"views":19,"p1id":"mayonaiselol","p2id":"junkydummy","formatid":"gen9nationaldexdoubles","rating":0,"private":0,"password":""}