{"id":"gen9nationaldexdoubles-1987714430","p1":"TlolJuan","p2":"Darsoon","format":"[Gen 9] National Dex Doubles","log":"|j|\u2606TlolJuan\n|j|\u2606Darsoon\n|t:|1699630226\n|gametype|doubles\n|player|p1|TlolJuan|hilbert-masters|\n|player|p2|Darsoon|giovanni|\n|teamsize|p1|6\n|teamsize|p2|6\n|gen|9\n|tier|[Gen 9] National Dex Doubles\n|rule|HP Percentage Mod: HP is shown in percentages\n|rule|Endless Battle Clause: Forcing endless battles is banned\n|rule|OHKO Clause: OHKO moves are banned\n|rule|Evasion Moves Clause: Evasion moves are banned\n|rule|Evasion Abilities Clause: Evasion abilities are banned\n|rule|Species Clause: Limit one of each Pok\u00e9mon\n|rule|Gravity Sleep Clause: The combination of sleep-inducing moves with imperfect accuracy and Gravity or Gigantamax Orbeetle are banned\n|clearpoke\n|poke|p1|Dracovish|\n|poke|p1|Tyranitar, M|\n|poke|p1|Ceruledge, F|\n|poke|p1|Clefairy, M|\n|poke|p1|Togekiss, M|\n|poke|p1|Kommo-o, M|\n|poke|p2|Cinderace, F|\n|poke|p2|Blastoise, M|\n|poke|p2|Dusclops, M|\n|poke|p2|Rillaboom, M|\n|poke|p2|Primarina, F|\n|poke|p2|Kingambit, M|\n|teampreview\n|\n|t:|1699630245\n|start\n|switch|p1a: Regieleki <3|Dracovish, shiny|100\/100\n|switch|p1b: Tyranitar|Tyranitar, M|100\/100\n|switch|p2a: Boomkey|Rillaboom, M, shiny|100\/100\n|switch|p2b: Donatello|Blastoise, M|100\/100\n|-fieldstart|move: Grassy Terrain|[from] ability: Grassy Surge|[of] p2a: Boomkey\n|-weather|Sandstorm|[from] ability: Sand Stream|[of] p1b: Tyranitar\n|turn|1\n|j| JentV3\n|\n|t:|1699630270\n|-terastallize|p1b: Tyranitar|Flying\n|move|p2b: Donatello|Fake Out|p1a: Regieleki <3\n|-damage|p1a: Regieleki <3|93\/100\n|cant|p1a: Regieleki <3|flinch\n|move|p2a: Boomkey|Wood Hammer|p1a: Regieleki <3\n|-damage|p1a: Regieleki <3|7\/100\n|-damage|p2a: Boomkey|77\/100|[from] Recoil\n|move|p1b: Tyranitar|Tera Blast|p2a: Boomkey|[anim] Tera Blast Flying\n|-supereffective|p2a: Boomkey\n|-damage|p2a: Boomkey|0 fnt\n|faint|p2a: Boomkey\n|\n|-weather|Sandstorm|[upkeep]\n|-damage|p2b: Donatello|94\/100|[from] Sandstorm\n|-damage|p1b: Tyranitar|94\/100|[from] Sandstorm\n|-heal|p1a: Regieleki <3|14\/100|[from] Grassy Terrain\n|-heal|p2b: Donatello|100\/100|[from] Grassy Terrain\n|upkeep\n|\n|t:|1699630287\n|switch|p2a: Cinderina|Cinderace, F, shiny|100\/100\n|turn|2\n|\n|t:|1699630298\n|move|p2b: Donatello|Follow Me|p2b: Donatello\n|-singleturn|p2b: Donatello|move: Follow Me\n|move|p1a: Regieleki <3|Fishious Rend|p2b: Donatello\n|-resisted|p2b: Donatello\n|-damage|p2b: Donatello|82\/100\n|move|p2a: Cinderina|High Jump Kick|p1b: Tyranitar\n|-start|p2a: Cinderina|typechange|Fighting|[from] ability: Libero\n|-resisted|p1b: Tyranitar\n|-damage|p1b: Tyranitar|63\/100\n|-damage|p2a: Cinderina|91\/100|[from] item: Life Orb\n|move|p1b: Tyranitar|Knock Off|p2b: Donatello\n|-damage|p2b: Donatello|41\/100\n|-enditem|p2b: Donatello|Sitrus Berry|[from] move: Knock Off|[of] p1b: Tyranitar\n|\n|-weather|Sandstorm|[upkeep]\n|-damage|p2a: Cinderina|85\/100|[from] Sandstorm\n|-damage|p2b: Donatello|35\/100|[from] Sandstorm\n|-damage|p1b: Tyranitar|57\/100|[from] Sandstorm\n|-heal|p1a: Regieleki <3|20\/100|[from] Grassy Terrain\n|-heal|p2a: Cinderina|91\/100|[from] Grassy Terrain\n|-heal|p2b: Donatello|41\/100|[from] Grassy Terrain\n|upkeep\n|turn|3\n|\n|t:|1699630322\n|switch|p1a: Ceruledge|Ceruledge, F, shiny|100\/100\n|move|p2b: Donatello|Follow Me|p2b: Donatello\n|-singleturn|p2b: Donatello|move: Follow Me\n|move|p2a: Cinderina|Pyro Ball|p1b: Tyranitar\n|-damage|p1b: Tyranitar|17\/100\n|-damage|p2a: Cinderina|81\/100|[from] item: Life Orb\n|move|p1b: Tyranitar|Rock Slide|p2a: Cinderina|[spread] p2a,p2b\n|-resisted|p2a: Cinderina\n|-damage|p2a: Cinderina|59\/100\n|-damage|p2b: Donatello|19\/100\n|\n|-weather|Sandstorm|[upkeep]\n|-damage|p2a: Cinderina|53\/100|[from] Sandstorm\n|-damage|p1a: Ceruledge|94\/100|[from] Sandstorm\n|-damage|p2b: Donatello|13\/100|[from] Sandstorm\n|-damage|p1b: Tyranitar|10\/100|[from] Sandstorm\n|-heal|p2a: Cinderina|59\/100|[from] Grassy Terrain\n|-heal|p1a: Ceruledge|100\/100|[from] Grassy Terrain\n|-heal|p2b: Donatello|19\/100|[from] Grassy Terrain\n|upkeep\n|turn|4\n|\n|t:|1699630342\n|switch|p1b: Eternamax|Clefairy, M|100\/100\n|move|p2a: Cinderina|Pyro Ball|p1b: Eternamax\n|-damage|p1b: Eternamax|55\/100\n|-damage|p2a: Cinderina|49\/100|[from] item: Life Orb\n|move|p1a: Ceruledge|Shadow Claw|p2b: Donatello\n|-damage|p2b: Donatello|0 fnt\n|faint|p2b: Donatello\n|\n|-weather|Sandstorm|[upkeep]\n|-damage|p2a: Cinderina|43\/100|[from] Sandstorm\n|-damage|p1a: Ceruledge|94\/100|[from] Sandstorm\n|-damage|p1b: Eternamax|49\/100|[from] Sandstorm\n|-heal|p2a: Cinderina|49\/100|[from] Grassy Terrain\n|-heal|p1a: Ceruledge|100\/100|[from] Grassy Terrain\n|-heal|p1b: Eternamax|55\/100|[from] Grassy Terrain\n|upkeep\n|\n|t:|1699630358\n|switch|p2b: Aquamarine|Primarina, F, shiny|100\/100\n|turn|5\n|\n|t:|1699630378\n|move|p1b: Eternamax|Follow Me|p1b: Eternamax\n|-singleturn|p1b: Eternamax|move: Follow Me\n|move|p2a: Cinderina|High Jump Kick|p1b: Eternamax\n|-resisted|p1b: Eternamax\n|-damage|p1b: Eternamax|18\/100\n|-damage|p2a: Cinderina|39\/100|[from] item: Life Orb\n|move|p1a: Ceruledge|Bitter Blade|p2a: Cinderina\n|-damage|p2a: Cinderina|0 fnt\n|faint|p2a: Cinderina\n|move|p2b: Aquamarine|Hyper Voice|p1a: Ceruledge|[spread] p1a,p1b\n|-supereffective|p1a: Ceruledge\n|-damage|p1a: Ceruledge|35\/100\n|-damage|p1b: Eternamax|0 fnt\n|faint|p1b: Eternamax\n|-enditem|p2b: Aquamarine|Throat Spray\n|-boost|p2b: Aquamarine|spa|1|[from] item: Throat Spray\n|\n|-weather|none\n|-heal|p1a: Ceruledge|42\/100|[from] Grassy Terrain\n|-fieldend|move: Grassy Terrain\n|upkeep\n|\n|t:|1699630394\n|switch|p2a: Hades|Kingambit, M|100\/100\n|switch|p1b: Tyranitar|Tyranitar, M, tera:Flying|10\/100\n|-weather|Sandstorm|[from] ability: Sand Stream|[of] p1b: Tyranitar\n|turn|6\n|\n|t:|1699630411\n|move|p2a: Hades|Sucker Punch|p1b: Tyranitar\n|-damage|p1b: Tyranitar|0 fnt\n|faint|p1b: Tyranitar\n|move|p1a: Ceruledge|Bitter Blade|p2a: Hades\n|-supereffective|p2a: Hades\n|-damage|p2a: Hades|32\/100\n|-heal|p1a: Ceruledge|87\/100|[from] drain|[of] p2a: Hades\n|move|p2b: Aquamarine|Hyper Voice|p1a: Ceruledge\n|-supereffective|p1a: Ceruledge\n|-damage|p1a: Ceruledge|0 fnt\n|faint|p1a: Ceruledge\n|\n|-weather|Sandstorm|[upkeep]\n|-damage|p2b: Aquamarine|94\/100|[from] Sandstorm\n|upkeep\n|\n|t:|1699630421\n|switch|p1a: Regieleki <3|Dracovish, shiny|20\/100\n|switch|p1b: Kommo-o|Kommo-o, M|100\/100\n|turn|7\n|\n|t:|1699630428\n|switch|p1b: Togekiss|Togekiss, M, shiny|100\/100\n|move|p2a: Hades|Sucker Punch|p1a: Regieleki <3\n|-damage|p1a: Regieleki <3|0 fnt\n|faint|p1a: Regieleki <3\n|move|p2b: Aquamarine|Moonblast|p1b: Togekiss\n|-damage|p1b: Togekiss|40\/100\n|\n|-weather|Sandstorm|[upkeep]\n|-damage|p1b: Togekiss|34\/100|[from] Sandstorm\n|-damage|p2b: Aquamarine|88\/100|[from] Sandstorm\n|upkeep\n|\n|t:|1699630433\n|switch|p1a: Kommo-o|Kommo-o, M|100\/100\n|turn|8\n|\n|t:|1699630447\n|move|p1b: Togekiss|Follow Me|p1b: Togekiss\n|-singleturn|p1b: Togekiss|move: Follow Me\n|move|p2a: Hades|Sucker Punch||[still]\n|-fail|p2a: Hades\n|move|p1a: Kommo-o|Aura Sphere|p2a: Hades\n|-supereffective|p2a: Hades\n|-damage|p2a: Hades|0 fnt\n|faint|p2a: Hades\n|move|p2b: Aquamarine|Moonblast|p1b: Togekiss\n|-damage|p1b: Togekiss|0 fnt\n|faint|p1b: Togekiss\n|\n|-weather|Sandstorm|[upkeep]\n|-damage|p2b: Aquamarine|82\/100|[from] Sandstorm\n|upkeep\n|\n|t:|1699630459\n|switch|p2a: TRLoCambiaTodo|Dusclops, M|100\/100\n|-ability|p2a: TRLoCambiaTodo|Pressure\n|turn|9\n|\n|t:|1699630467\n|move|p2b: Aquamarine|Protect|p2b: Aquamarine\n|-singleturn|p2b: Aquamarine|Protect\n|move|p1a: Kommo-o|Clanging Scales|p2a: TRLoCambiaTodo|[spread] p2a\n|-activate|p2b: Aquamarine|move: Protect\n|-damage|p2a: TRLoCambiaTodo|76\/100\n|-unboost|p1a: Kommo-o|def|1\n|-enditem|p1a: Kommo-o|Throat Spray\n|-boost|p1a: Kommo-o|spa|1|[from] item: Throat Spray\n|move|p2a: TRLoCambiaTodo|Trick Room|p2a: TRLoCambiaTodo\n|-fieldstart|move: Trick Room|[of] p2a: TRLoCambiaTodo\n|\n|-weather|Sandstorm|[upkeep]\n|-damage|p2a: TRLoCambiaTodo|70\/100|[from] Sandstorm\n|-damage|p2b: Aquamarine|76\/100|[from] Sandstorm\n|upkeep\n|turn|10\n|\n|t:|1699630481\n|move|p2a: TRLoCambiaTodo|Night Shade|p1a: Kommo-o\n|-damage|p1a: Kommo-o|66\/100\n|move|p2b: Aquamarine|Moonblast|p1a: Kommo-o\n|-supereffective|p1a: Kommo-o\n|-damage|p1a: Kommo-o|0 fnt\n|faint|p1a: Kommo-o\n|\n|win|Darsoon\n|l|\u2606TlolJuan\n","uploadtime":1699630633,"views":6,"p1id":"tloljuan","p2id":"darsoon","formatid":"gen9nationaldexdoubles","rating":0,"private":0,"password":""}