{"id":"gen9nationaldexdoubles-1965028713","p1":"Orcaman1239","p2":"ba zhu ding fans","format":"[Gen 9] National Dex Doubles","log":"|j|\u2606Orcaman1239\n|j|\u2606ba zhu ding fans\n|t:|1697036848\n|gametype|doubles\n|player|p1|Orcaman1239|265|1050\n|player|p2|ba zhu ding fans|pokemaniac|1192\n|teamsize|p1|6\n|teamsize|p2|6\n|gen|9\n|tier|[Gen 9] National Dex Doubles\n|rated|\n|rule|HP Percentage Mod: HP is shown in percentages\n|rule|Endless Battle Clause: Forcing endless battles is banned\n|rule|OHKO Clause: OHKO moves are banned\n|rule|Evasion Moves Clause: Evasion moves are banned\n|rule|Evasion Abilities Clause: Evasion abilities are banned\n|rule|Species Clause: Limit one of each Pok\u00e9mon\n|rule|Gravity Sleep Clause: The combination of sleep-inducing moves with imperfect accuracy and Gravity or Gigantamax Orbeetle are banned\n|clearpoke\n|poke|p1|Drifblim, M|\n|poke|p1|Whiscash, M|\n|poke|p1|Amoonguss, M|\n|poke|p1|Palafin, F|\n|poke|p1|Landorus-Therian, M|\n|poke|p1|Serperior, M|\n|poke|p2|Farigiraf, F|\n|poke|p2|Iron Moth|\n|poke|p2|Amoonguss, F|\n|poke|p2|Chi-Yu|\n|poke|p2|Torkoal, M|\n|poke|p2|Walking Wake|\n|teampreview\n|\n|t:|1697036855\n|start\n|switch|p1a: Whiscash|Whiscash, M|100\/100\n|switch|p1b: Palafin|Palafin, F|100\/100\n|switch|p2a: Torkoal|Torkoal, M|100\/100\n|switch|p2b: Walking Wake|Walking Wake|100\/100\n|-weather|SunnyDay|[from] ability: Drought|[of] p2a: Torkoal\n|-activate|p2b: Walking Wake|ability: Protosynthesis\n|-start|p2b: Walking Wake|protosynthesisspa\n|turn|1\n|\n|t:|1697036873\n|move|p2b: Walking Wake|Hydro Steam|p1b: Palafin\n|-resisted|p1b: Palafin\n|-damage|p1b: Palafin|59\/100\n|move|p1b: Palafin|Flip Turn|p2a: Torkoal\n|-supereffective|p2a: Torkoal\n|-damage|p2a: Torkoal|83\/100\n|\n|t:|1697036883\n|detailschange|p1b: Palafin|Palafin-Hero, F\n|switch|p1b: Landorus|Landorus-Therian, M|100\/100|[from] Flip Turn\n|-ability|p1b: Landorus|Intimidate|boost\n|-unboost|p2a: Torkoal|atk|1\n|-unboost|p2b: Walking Wake|atk|1\n|move|p2a: Torkoal|Solar Beam||[still]\n|-prepare|p2a: Torkoal|Solar Beam\n|-anim|p2a: Torkoal|Solar Beam|p1a: Whiscash\n|-supereffective|p1a: Whiscash\n|-damage|p1a: Whiscash|0 fnt\n|faint|p1a: Whiscash\n|\n|-weather|SunnyDay|[upkeep]\n|upkeep\n|\n|t:|1697036894\n|switch|p1a: Palafin|Palafin-Hero, F|59\/100\n|-activate|p1a: Palafin|ability: Zero to Hero\n|turn|2\n|\n|t:|1697036911\n|switch|p2a: Farigiraf|Farigiraf, F|100\/100\n|-terastallize|p1a: Palafin|Fairy\n|move|p1b: Landorus|Protect|p1b: Landorus\n|-singleturn|p1b: Landorus|Protect\n|move|p2b: Walking Wake|Hydro Steam|p1b: Landorus\n|-activate|p1b: Landorus|move: Protect\n|move|p1a: Palafin|Draining Kiss|p2b: Walking Wake\n|-supereffective|p2b: Walking Wake\n|-damage|p2b: Walking Wake|68\/100\n|-heal|p1a: Palafin|83\/100|[from] drain|[of] p2b: Walking Wake\n|\n|-weather|SunnyDay|[upkeep]\n|upkeep\n|turn|3\n|inactive|Battle timer is ON: inactive players will automatically lose when time's up. (requested by Orcaman1239)\n|\n|t:|1697036953\n|switch|p2a: Torkoal|Torkoal, M|83\/100\n|move|p2b: Walking Wake|Hydro Steam|p1b: Landorus\n|-supereffective|p1b: Landorus\n|-damage|p1b: Landorus|0 fnt\n|faint|p1b: Landorus\n|move|p1a: Palafin|Draining Kiss|p2b: Walking Wake\n|-supereffective|p2b: Walking Wake\n|-damage|p2b: Walking Wake|38\/100\n|-heal|p1a: Palafin|100\/100|[from] drain|[of] p2b: Walking Wake\n|\n|-weather|SunnyDay|[upkeep]\n|upkeep\n|\n|t:|1697036965\n|switch|p1b: Drifblim|Drifblim, M|100\/100\n|turn|4\n|\n|t:|1697036980\n|move|p1b: Drifblim|Helping Hand|p1a: Palafin\n|-singleturn|p1a: Palafin|Helping Hand|[of] p1b: Drifblim\n|move|p2b: Walking Wake|Draco Meteor|p1b: Drifblim\n|-damage|p1b: Drifblim|27\/100\n|-unboost|p2b: Walking Wake|spa|2\n|-enditem|p1b: Drifblim|Sitrus Berry|[eat]\n|-heal|p1b: Drifblim|52\/100|[from] item: Sitrus Berry\n|move|p1a: Palafin|Draining Kiss|p2b: Walking Wake\n|-supereffective|p2b: Walking Wake\n|-damage|p2b: Walking Wake|0 fnt\n|faint|p2b: Walking Wake\n|-end|p2b: Walking Wake|Protosynthesis|[silent]\n|move|p2a: Torkoal|Solar Beam||[still]\n|-prepare|p2a: Torkoal|Solar Beam\n|-anim|p2a: Torkoal|Solar Beam|p1a: Palafin\n|-damage|p1a: Palafin|74\/100\n|\n|-weather|SunnyDay|[upkeep]\n|upkeep\n|\n|t:|1697036996\n|switch|p2b: Amoonguss|Amoonguss, F|100\/100\n|turn|5\n|\n|t:|1697037007\n|switch|p2a: Farigiraf|Farigiraf, F|100\/100\n|move|p1a: Palafin|Jet Punch|p2a: Farigiraf\n|-damage|p2a: Farigiraf|84\/100\n|-damage|p1a: Palafin|57\/100|[from] item: Rocky Helmet|[of] p2a: Farigiraf\n|move|p1b: Drifblim|Tailwind|p1b: Drifblim\n|-sidestart|p1: Orcaman1239|move: Tailwind\n|move|p2b: Amoonguss|Toxic|p1a: Palafin\n|-status|p1a: Palafin|tox\n|\n|-weather|none\n|-damage|p1a: Palafin|51\/100 tox|[from] psn\n|upkeep\n|turn|6\n|\n|t:|1697037032\n|move|p1b: Drifblim|Helping Hand|p1a: Palafin\n|-singleturn|p1a: Palafin|Helping Hand|[of] p1b: Drifblim\n|move|p2b: Amoonguss|Protect|p2b: Amoonguss\n|-singleturn|p2b: Amoonguss|Protect\n|move|p1a: Palafin|Close Combat|p2a: Farigiraf\n|-damage|p2a: Farigiraf|17\/100\n|-unboost|p1a: Palafin|def|1\n|-unboost|p1a: Palafin|spd|1\n|-damage|p1a: Palafin|34\/100 tox|[from] item: Rocky Helmet|[of] p2a: Farigiraf\n|move|p2a: Farigiraf|Thunderbolt|p1b: Drifblim\n|-supereffective|p1b: Drifblim\n|-damage|p1b: Drifblim|6\/100\n|\n|-damage|p1a: Palafin|22\/100 tox|[from] psn\n|upkeep\n|turn|7\n|\n|t:|1697037059\n|move|p1b: Drifblim|Helping Hand|p1a: Palafin\n|-singleturn|p1a: Palafin|Helping Hand|[of] p1b: Drifblim\n|move|p1a: Palafin|Jet Punch|p2a: Farigiraf\n|-damage|p2a: Farigiraf|0 fnt\n|-damage|p1a: Palafin|5\/100 tox|[from] item: Rocky Helmet|[of] p2a: Farigiraf\n|faint|p2a: Farigiraf\n|move|p2b: Amoonguss|Energy Ball|p1a: Palafin\n|-damage|p1a: Palafin|0 fnt\n|faint|p1a: Palafin\n|\n|upkeep\n|\n|t:|1697037073\n|switch|p1a: Serperior|Serperior, M|100\/100\n|switch|p2a: Chi-Yu|Chi-Yu|100\/100\n|-ability|p2a: Chi-Yu|Beads of Ruin\n|turn|8\n|\n|t:|1697037089\n|move|p1b: Drifblim|Will-O-Wisp|p2b: Amoonguss\n|-status|p2b: Amoonguss|brn\n|move|p1a: Serperior|Leaf Storm|p2a: Chi-Yu\n|-resisted|p2a: Chi-Yu\n|-damage|p2a: Chi-Yu|72\/100\n|-boost|p1a: Serperior|spa|2\n|move|p2a: Chi-Yu|Heat Wave|p1b: Drifblim|[spread] p1a,p1b\n|-supereffective|p1a: Serperior\n|-damage|p1a: Serperior|0 fnt\n|-damage|p1b: Drifblim|0 fnt\n|faint|p1a: Serperior\n|faint|p1b: Drifblim\n|move|p2b: Amoonguss|Energy Ball|p1: Serperior|[notarget]\n|-fail|p2b: Amoonguss\n|\n|-damage|p2b: Amoonguss|94\/100 brn|[from] brn\n|-sideend|p1: Orcaman1239|move: Tailwind\n|upkeep\n|inactive|Orcaman1239 has 120 seconds left.\n|-message|Orcaman1239 forfeited.\n|\n|win|ba zhu ding fans\n|raw|Orcaman1239's rating: 1050 &rarr; <strong>1039<\/strong><br \/>(-11 for losing)\n|raw|ba zhu ding fans's rating: 1192 &rarr; <strong>1207<\/strong><br \/>(+15 for winning)\n|l|\u2606Orcaman1239\n","uploadtime":1697037178,"views":7,"p1id":"orcaman1239","p2id":"bazhudingfans","formatid":"gen9nationaldexdoubles","rating":1039,"private":0,"password":""}