{"id":"gen9nationaldexdoubles-1983490943","p1":"Tritus ELITE 4","p2":"Ace427","format":"[Gen 9] National Dex Doubles","log":"|j|\u2606Tritus ELITE 4\n|j|\u2606Ace427\n|t:|1699135804\n|gametype|doubles\n|player|p1|Tritus ELITE 4|wulfric|1052\n|player|p2|Ace427|dawn|1051\n|teamsize|p1|6\n|teamsize|p2|6\n|gen|9\n|tier|[Gen 9] National Dex Doubles\n|rated|\n|rule|HP Percentage Mod: HP is shown in percentages\n|rule|Endless Battle Clause: Forcing endless battles is banned\n|rule|OHKO Clause: OHKO moves are banned\n|rule|Evasion Moves Clause: Evasion moves are banned\n|rule|Evasion Abilities Clause: Evasion abilities are banned\n|rule|Species Clause: Limit one of each Pok\u00e9mon\n|rule|Gravity Sleep Clause: The combination of sleep-inducing moves with imperfect accuracy and Gravity or Gigantamax Orbeetle are banned\n|clearpoke\n|poke|p1|Basculegion-F, F|\n|poke|p1|Swampert, M|\n|poke|p1|Pelipper, F|\n|poke|p1|Araquanid, M|\n|poke|p1|Milotic, F|\n|poke|p1|Ludicolo, M|\n|poke|p2|Dusclops, F|\n|poke|p2|Escavalier, M|\n|poke|p2|Iron Hands|\n|poke|p2|Pincurchin, M|\n|poke|p2|Flareon, M|\n|poke|p2|Clefable, M|\n|teampreview\n|\n|t:|1699135821\n|start\n|switch|p1a: Pelipper|Pelipper, F|100\/100\n|switch|p1b: Ludicolo|Ludicolo, M|100\/100\n|switch|p2a: Stella|Dusclops, F|100\/100\n|switch|p2b: Catch These|Iron Hands|100\/100\n|-weather|RainDance|[from] ability: Drizzle|[of] p1a: Pelipper\n|-ability|p2a: Stella|Pressure\n|turn|1\n|\n|t:|1699135843\n|move|p2b: Catch These|Fake Out|p1b: Ludicolo\n|-damage|p1b: Ludicolo|75\/100\n|cant|p1b: Ludicolo|flinch\n|move|p1a: Pelipper|Hurricane|p2b: Catch These\n|-damage|p2b: Catch These|79\/100\n|move|p2a: Stella|Trick Room|p2a: Stella\n|-fieldstart|move: Trick Room|[of] p2a: Stella\n|\n|-weather|RainDance|[upkeep]\n|upkeep\n|turn|2\n|\n|t:|1699135863\n|move|p2a: Stella|Will-O-Wisp|p1a: Pelipper\n|-status|p1a: Pelipper|brn\n|move|p2b: Catch These|Volt Switch|p1a: Pelipper\n|-supereffective|p1a: Pelipper\n|-damage|p1a: Pelipper|36\/100 brn\n|\n|t:|1699135869\n|-end|p2b: Catch These|Quark Drive|[silent]\n|switch|p2b: Peter|Pincurchin, M|100\/100|[from] Volt Switch\n|-fieldstart|move: Electric Terrain|[from] ability: Electric Surge|[of] p2b: Peter\n|move|p1a: Pelipper|Scald|p2b: Peter\n|-damage|p2b: Peter|52\/100\n|-status|p2b: Peter|brn\n|move|p1b: Ludicolo|Waterfall|p2a: Stella\n|-damage|p2a: Stella|61\/100\n|-damage|p1b: Ludicolo|65\/100|[from] item: Life Orb\n|\n|-weather|RainDance|[upkeep]\n|-heal|p2b: Peter|58\/100 brn|[from] item: Leftovers\n|-heal|p1a: Pelipper|42\/100 brn|[from] item: Leftovers\n|-damage|p2b: Peter|52\/100 brn|[from] brn\n|-damage|p1a: Pelipper|36\/100 brn|[from] brn\n|upkeep\n|turn|3\n|\n|t:|1699135888\n|switch|p1a: Swampert|Swampert, M|100\/100\n|move|p2b: Peter|Acupressure|p2b: Peter\n|-boost|p2b: Peter|evasion|2\n|move|p2a: Stella|Will-O-Wisp|p1b: Ludicolo\n|-status|p1b: Ludicolo|brn\n|move|p1b: Ludicolo|Waterfall|p2b: Peter|[miss]\n|-miss|p1b: Ludicolo|p2b: Peter\n|\n|-weather|RainDance|[upkeep]\n|-heal|p2b: Peter|58\/100 brn|[from] item: Leftovers\n|-damage|p2b: Peter|52\/100 brn|[from] brn\n|-damage|p1b: Ludicolo|59\/100 brn|[from] brn\n|upkeep\n|turn|4\n|\n|t:|1699135927\n|detailschange|p1a: Swampert|Swampert-Mega, M\n|-mega|p1a: Swampert|Swampert|Swampertite\n|move|p2b: Peter|Rising Voltage|p1b: Ludicolo\n|-hint|Rising Voltage's BP doubled on grounded target.\n|-damage|p1b: Ludicolo|0 fnt\n|faint|p1b: Ludicolo\n|move|p2a: Stella|Will-O-Wisp|p1a: Swampert\n|-status|p1a: Swampert|brn\n|move|p1a: Swampert|Earthquake|p2b: Peter|[spread] p2a\n|-miss|p1a: Swampert|p2b: Peter\n|-damage|p2a: Stella|46\/100\n|\n|-weather|RainDance|[upkeep]\n|-heal|p2b: Peter|58\/100 brn|[from] item: Leftovers\n|-damage|p2b: Peter|52\/100 brn|[from] brn\n|-damage|p1a: Swampert|94\/100 brn|[from] brn\n|upkeep\n|\n|t:|1699135943\n|switch|p1b: Pelipper|Pelipper, F|36\/100 brn\n|turn|5\n|\n|t:|1699135957\n|move|p2a: Stella|Shadow Sneak|p1b: Pelipper\n|-damage|p1b: Pelipper|23\/100 brn\n|move|p2b: Peter|Scald|p1a: Swampert\n|-damage|p1a: Swampert|59\/100 brn\n|move|p1b: Pelipper|U-turn|p2a: Stella\n|-resisted|p2a: Stella\n|-damage|p2a: Stella|44\/100\n|\n|t:|1699135967\n|switch|p1b: Milotic|Milotic, F|100\/100|[from] U-turn\n|move|p1a: Swampert|Earthquake|p2a: Stella|[spread] p1b,p2a\n|-miss|p1a: Swampert|p2b: Peter\n|-damage|p1b: Milotic|72\/100\n|-damage|p2a: Stella|29\/100\n|\n|-weather|none\n|-heal|p2b: Peter|58\/100 brn|[from] item: Leftovers\n|-heal|p1b: Milotic|79\/100|[from] item: Leftovers\n|-damage|p2b: Peter|52\/100 brn|[from] brn\n|-damage|p1a: Swampert|53\/100 brn|[from] brn\n|-fieldend|move: Trick Room\n|upkeep\n|turn|6\n|-message|Tritus ELITE 4 forfeited.\n|\n|win|Ace427\n|raw|Tritus ELITE 4's rating: 1052 &rarr; <strong>1034<\/strong><br \/>(-18 for losing)\n|raw|Ace427's rating: 1051 &rarr; <strong>1083<\/strong><br \/>(+32 for winning)\n|l|\u2606Tritus ELITE 4\n","uploadtime":1699135986,"views":9,"p1id":"trituselite4","p2id":"ace427","formatid":"gen9nationaldexdoubles","rating":1034,"private":0,"password":""}