{"id":"gen9nationaldexdoubles-1948288262","p1":"avocado_lord","p2":"JKogut","format":"[Gen 9] National Dex Doubles","log":"|j|\u2606avocado_lord\n|j|\u2606JKogut\n|t:|1695245406\n|gametype|doubles\n|player|p1|avocado_lord|ghetsis-gen5bw|\n|player|p2|JKogut|workerice|\n|teamsize|p1|6\n|teamsize|p2|6\n|gen|9\n|tier|[Gen 9] National Dex Doubles\n|rule|HP Percentage Mod: HP is shown in percentages\n|rule|Endless Battle Clause: Forcing endless battles is banned\n|rule|OHKO Clause: OHKO moves are banned\n|rule|Evasion Moves Clause: Evasion moves are banned\n|rule|Evasion Abilities Clause: Evasion abilities are banned\n|rule|Species Clause: Limit one of each Pok\u00e9mon\n|rule|Gravity Sleep Clause: The combination of sleep-inducing moves with imperfect accuracy and Gravity or Gigantamax Orbeetle are banned\n|clearpoke\n|poke|p1|Orthworm, M|\n|poke|p1|Torkoal, F|\n|poke|p1|Dachsbun, M|\n|poke|p1|Baxcalibur, M|\n|poke|p1|Mimikyu, M|\n|poke|p1|Walking Wake|\n|poke|p2|Lickilicky, F|\n|poke|p2|Skeledirge, M|\n|poke|p2|Kommo-o, M|\n|poke|p2|Kilowattrel, M|\n|poke|p2|Cresselia, F|\n|poke|p2|Grimmsnarl, M|\n|teampreview\n|j| Green133\n|j| ChronoTrigonometry\n|j| Specific360\n|\n|t:|1695245484\n|start\n|switch|p1a: Chartoise|Torkoal, F, shiny|100\/100\n|switch|p1b: Mandatory Psuedo|Baxcalibur, M, shiny|100\/100\n|switch|p2a: Alopecia Barbie|Skeledirge, M, shiny|100\/100\n|switch|p2b: Groovy Barbie|Grimmsnarl, M, shiny|100\/100\n|-weather|SunnyDay|[from] ability: Drought|[of] p1a: Chartoise\n|-item|p1a: Chartoise|Air Balloon\n|turn|1\n|\n|t:|1695245520\n|-terastallize|p1b: Mandatory Psuedo|Ground\n|-terastallize|p2a: Alopecia Barbie|Water\n|move|p2b: Groovy Barbie|Reflect|p2b: Groovy Barbie\n|-sidestart|p2: JKogut|Reflect\n|move|p1b: Mandatory Psuedo|Earthquake|p2a: Alopecia Barbie|[spread] p2a,p2b\n|-immune|p1a: Chartoise\n|-damage|p2a: Alopecia Barbie|75\/100\n|-damage|p2b: Groovy Barbie|73\/100\n|move|p2a: Alopecia Barbie|Torch Song|p1a: Chartoise\n|-resisted|p1a: Chartoise\n|-damage|p1a: Chartoise|72\/100\n|-boost|p2a: Alopecia Barbie|spa|1\n|-enditem|p1a: Chartoise|Air Balloon\n|move|p1a: Chartoise|Lava Plume|p2b: Groovy Barbie|[spread] p1b,p2a,p2b\n|-resisted|p2a: Alopecia Barbie\n|-damage|p1b: Mandatory Psuedo|80\/100\n|-damage|p2a: Alopecia Barbie|61\/100\n|-damage|p2b: Groovy Barbie|43\/100\n|-ability|p1b: Mandatory Psuedo|Thermal Exchange|boost\n|-boost|p1b: Mandatory Psuedo|atk|1\n|\n|-weather|SunnyDay|[upkeep]\n|-heal|p2a: Alopecia Barbie|67\/100|[from] item: Leftovers\n|upkeep\n|turn|2\n|\n|t:|1695245550\n|move|p1a: Chartoise|Protect|p1a: Chartoise\n|-singleturn|p1a: Chartoise|Protect\n|move|p2b: Groovy Barbie|Light Screen|p2b: Groovy Barbie\n|-sidestart|p2: JKogut|move: Light Screen\n|move|p1b: Mandatory Psuedo|Earthquake|p2b: Groovy Barbie|[spread] p2a,p2b\n|-activate|p1a: Chartoise|move: Protect\n|-damage|p2a: Alopecia Barbie|42\/100\n|-damage|p2b: Groovy Barbie|0 fnt\n|faint|p2b: Groovy Barbie\n|move|p2a: Alopecia Barbie|Torch Song|p1a: Chartoise\n|-activate|p1a: Chartoise|move: Protect\n|\n|-weather|SunnyDay|[upkeep]\n|-heal|p2a: Alopecia Barbie|49\/100|[from] item: Leftovers\n|upkeep\n|\n|t:|1695245571\n|switch|p2b: Moon God Barbie|Cresselia, F|100\/100\n|turn|3\n|\n|t:|1695245587\n|switch|p1a: Earthworm Jim|Orthworm, M, shiny|100\/100\n|move|p2b: Moon God Barbie|Lunar Blessing|p2b: Moon God Barbie|[spread] p2a,p2b\n|-heal|p2a: Alopecia Barbie|74\/100\n|move|p1b: Mandatory Psuedo|Earthquake|p2a: Alopecia Barbie|[spread] p2a\n|-immune|p1a: Earthworm Jim|[from] ability: Earth Eater\n|-immune|p2b: Moon God Barbie|[from] ability: Levitate\n|-damage|p2a: Alopecia Barbie|49\/100\n|move|p2a: Alopecia Barbie|Torch Song|p1b: Mandatory Psuedo\n|-damage|p1b: Mandatory Psuedo|39\/100\n|-boost|p2a: Alopecia Barbie|spa|1\n|-ability|p1b: Mandatory Psuedo|Thermal Exchange|boost\n|-boost|p1b: Mandatory Psuedo|atk|1\n|\n|-weather|SunnyDay|[upkeep]\n|-heal|p2a: Alopecia Barbie|55\/100|[from] item: Leftovers\n|upkeep\n|turn|4\n|\n|t:|1695245612\n|move|p1a: Earthworm Jim|Protect|p1a: Earthworm Jim\n|-singleturn|p1a: Earthworm Jim|Protect\n|move|p2b: Moon God Barbie|Lunar Blessing|p2b: Moon God Barbie|[spread] p2a,p2b\n|-heal|p2a: Alopecia Barbie|80\/100\n|move|p1b: Mandatory Psuedo|Earthquake|p2b: Moon God Barbie|[spread] p2a\n|-activate|p1a: Earthworm Jim|move: Protect\n|-immune|p2b: Moon God Barbie|[from] ability: Levitate\n|-damage|p2a: Alopecia Barbie|54\/100\n|move|p2a: Alopecia Barbie|Torch Song|p1a: Earthworm Jim\n|-activate|p1a: Earthworm Jim|move: Protect\n|\n|-weather|SunnyDay|[upkeep]\n|-heal|p2a: Alopecia Barbie|60\/100|[from] item: Leftovers\n|upkeep\n|turn|5\n|\n|t:|1695245635\n|switch|p1a: Pikachoo|Mimikyu, M, shiny|100\/100\n|move|p2b: Moon God Barbie|Lunar Blessing|p2b: Moon God Barbie|[spread] p2a,p2b\n|-heal|p2a: Alopecia Barbie|85\/100\n|move|p1b: Mandatory Psuedo|Earthquake|p2a: Alopecia Barbie|[spread] p1a,p2a\n|-immune|p2b: Moon God Barbie|[from] ability: Levitate\n|-activate|p1a: Pikachoo|ability: Disguise\n|-damage|p1a: Pikachoo|100\/100\n|-damage|p2a: Alopecia Barbie|62\/100\n|detailschange|p1a: Pikachoo|Mimikyu-Busted, M, shiny\n|-damage|p1a: Pikachoo|88\/100|[from] pokemon: Mimikyu-Busted\n|move|p2a: Alopecia Barbie|Torch Song|p1b: Mandatory Psuedo\n|-damage|p1b: Mandatory Psuedo|0 fnt\n|-boost|p2a: Alopecia Barbie|spa|1\n|faint|p1b: Mandatory Psuedo\n|\n|-weather|none\n|-heal|p2a: Alopecia Barbie|68\/100|[from] item: Leftovers\n|upkeep\n|\n|t:|1695245659\n|switch|p1b: Suicoon|Walking Wake|100\/100\n|turn|6\n|\n|t:|1695245689\n|switch|p1a: Chartoise|Torkoal, F, shiny|72\/100\n|-weather|SunnyDay|[from] ability: Drought|[of] p1a: Chartoise\n|-activate|p1b: Suicoon|ability: Protosynthesis\n|-start|p1b: Suicoon|protosynthesisspa\n|move|p2a: Alopecia Barbie|Protect|p2a: Alopecia Barbie\n|-singleturn|p2a: Alopecia Barbie|Protect\n|move|p1b: Suicoon|Hydro Steam|p2b: Moon God Barbie\n|-damage|p2b: Moon God Barbie|72\/100\n|move|p2b: Moon God Barbie|Trick Room|p2b: Moon God Barbie\n|-fieldstart|move: Trick Room|[of] p2b: Moon God Barbie\n|\n|-weather|SunnyDay|[upkeep]\n|-heal|p2a: Alopecia Barbie|74\/100|[from] item: Leftovers\n|upkeep\n|turn|7\n|\n|t:|1695245723\n|move|p1a: Chartoise|Eruption|p2a: Alopecia Barbie|[spread] p2a,p2b\n|-resisted|p2a: Alopecia Barbie\n|-damage|p2a: Alopecia Barbie|63\/100\n|-damage|p2b: Moon God Barbie|52\/100\n|move|p2a: Alopecia Barbie|Torch Song|p1a: Chartoise\n|-resisted|p1a: Chartoise\n|-damage|p1a: Chartoise|0 fnt\n|-boost|p2a: Alopecia Barbie|spa|1\n|faint|p1a: Chartoise\n|move|p2b: Moon God Barbie|Psych Up|p2a: Alopecia Barbie\n|-copyboost|p2b: Moon God Barbie|p2a: Alopecia Barbie|[from] move: Psych Up\n|move|p1b: Suicoon|Hydro Steam|p2a: Alopecia Barbie\n|-resisted|p2a: Alopecia Barbie\n|-damage|p2a: Alopecia Barbie|44\/100\n|\n|-weather|SunnyDay|[upkeep]\n|-heal|p2a: Alopecia Barbie|50\/100|[from] item: Leftovers\n|upkeep\n|\n|t:|1695245739\n|switch|p1a: Pikachoo|Mimikyu-Busted, M, shiny|88\/100\n|turn|8\n|\n|t:|1695245751\n|move|p2a: Alopecia Barbie|Slack Off|p2a: Alopecia Barbie\n|-heal|p2a: Alopecia Barbie|99\/100\n|move|p1a: Pikachoo|Light Screen|p1a: Pikachoo\n|-sidestart|p1: avocado_lord|move: Light Screen\n|move|p2b: Moon God Barbie|Lunar Blessing|p2b: Moon God Barbie|[spread] p2a,p2b\n|-heal|p2a: Alopecia Barbie|100\/100\n|-heal|p2b: Moon God Barbie|77\/100\n|move|p1b: Suicoon|Hydro Steam|p2a: Alopecia Barbie\n|-resisted|p2a: Alopecia Barbie\n|-damage|p2a: Alopecia Barbie|80\/100\n|\n|-weather|SunnyDay|[upkeep]\n|-heal|p2a: Alopecia Barbie|86\/100|[from] item: Leftovers\n|-sideend|p2: JKogut|Reflect\n|upkeep\n|turn|9\n|\n|t:|1695245781\n|move|p2a: Alopecia Barbie|Torch Song|p1a: Pikachoo\n|-damage|p1a: Pikachoo|17\/100\n|-boost|p2a: Alopecia Barbie|spa|1\n|move|p1a: Pikachoo|Taunt|p2b: Moon God Barbie\n|-start|p2b: Moon God Barbie|move: Taunt\n|-enditem|p2b: Moon God Barbie|Mental Herb\n|-end|p2b: Moon God Barbie|move: Taunt\n|move|p2b: Moon God Barbie|Dazzling Gleam|p1b: Suicoon|[spread] p1a,p1b\n|-supereffective|p1b: Suicoon\n|-damage|p1a: Pikachoo|0 fnt\n|-damage|p1b: Suicoon|48\/100\n|faint|p1a: Pikachoo\n|move|p1b: Suicoon|Hydro Steam|p2b: Moon God Barbie\n|-damage|p2b: Moon God Barbie|46\/100\n|\n|-weather|SunnyDay|[upkeep]\n|-heal|p2a: Alopecia Barbie|92\/100|[from] item: Leftovers\n|-sideend|p2: JKogut|move: Light Screen\n|upkeep\n|\n|t:|1695245798\n|switch|p1a: Hotdog|Dachsbun, M, shiny|100\/100\n|turn|10\n|\n|t:|1695245811\n|move|p2a: Alopecia Barbie|Snarl|p1b: Suicoon|[spread] p1a,p1b\n|-resisted|p1a: Hotdog\n|-damage|p1a: Hotdog|86\/100\n|-damage|p1b: Suicoon|22\/100\n|-unboost|p1a: Hotdog|spa|1\n|-unboost|p1b: Suicoon|spa|1\n|move|p2b: Moon God Barbie|Lunar Blessing|p2b: Moon God Barbie|[spread] p2a,p2b\n|-heal|p2a: Alopecia Barbie|100\/100\n|-heal|p2b: Moon God Barbie|71\/100\n|move|p1a: Hotdog|Yawn|p2b: Moon God Barbie\n|-start|p2b: Moon God Barbie|move: Yawn|[of] p1a: Hotdog\n|move|p1b: Suicoon|Hydro Steam|p2b: Moon God Barbie\n|-damage|p2b: Moon God Barbie|37\/100\n|\n|-weather|none\n|-end|p1b: Suicoon|Protosynthesis\n|-heal|p1a: Hotdog|92\/100|[from] item: Leftovers\n|-fieldend|move: Trick Room\n|upkeep\n|turn|11\n|\n|t:|1695245836\n|move|p1b: Suicoon|Hydro Steam|p2b: Moon God Barbie\n|-damage|p2b: Moon God Barbie|22\/100\n|move|p1a: Hotdog|Yawn|p2a: Alopecia Barbie\n|-start|p2a: Alopecia Barbie|move: Yawn|[of] p1a: Hotdog\n|move|p2b: Moon God Barbie|Dazzling Gleam|p1a: Hotdog|[spread] p1a,p1b\n|-supereffective|p1b: Suicoon\n|-damage|p1a: Hotdog|66\/100\n|-damage|p1b: Suicoon|0 fnt\n|faint|p1b: Suicoon\n|-end|p1b: Suicoon|Protosynthesis|[silent]\n|move|p2a: Alopecia Barbie|Snarl|p1a: Hotdog\n|-resisted|p1a: Hotdog\n|-damage|p1a: Hotdog|44\/100\n|-unboost|p1a: Hotdog|spa|1\n|\n|-heal|p1a: Hotdog|50\/100|[from] item: Leftovers\n|-end|p2b: Moon God Barbie|move: Yawn|[silent]\n|-status|p2b: Moon God Barbie|slp\n|upkeep\n|\n|t:|1695245857\n|switch|p1b: Earthworm Jim|Orthworm, M, shiny|100\/100\n|turn|12\n|\n|t:|1695245879\n|switch|p2b: Pop Star Barbie|Kommo-o, M, shiny|100\/100\n|move|p1a: Hotdog|Body Press|p2a: Alopecia Barbie\n|-damage|p2a: Alopecia Barbie|79\/100\n|move|p2a: Alopecia Barbie|Snarl|p1b: Earthworm Jim|[spread] p1a,p1b\n|-resisted|p1a: Hotdog\n|-damage|p1a: Hotdog|34\/100\n|-damage|p1b: Earthworm Jim|75\/100\n|-unboost|p1a: Hotdog|spa|1\n|-unboost|p1b: Earthworm Jim|spa|1\n|move|p1b: Earthworm Jim|Body Press|p2a: Alopecia Barbie\n|-damage|p2a: Alopecia Barbie|60\/100\n|\n|-heal|p1a: Hotdog|39\/100|[from] item: Leftovers\n|-heal|p2a: Alopecia Barbie|66\/100|[from] item: Leftovers\n|-heal|p1b: Earthworm Jim|81\/100|[from] item: Leftovers\n|-end|p2a: Alopecia Barbie|move: Yawn|[silent]\n|-status|p2a: Alopecia Barbie|slp\n|upkeep\n|turn|13\n|\n|t:|1695245903\n|move|p1a: Hotdog|Yawn|p2b: Pop Star Barbie\n|-start|p2b: Pop Star Barbie|move: Yawn|[of] p1a: Hotdog\n|move|p2b: Pop Star Barbie|Iron Head|p1a: Hotdog\n|-supereffective|p1a: Hotdog\n|-damage|p1a: Hotdog|11\/100\n|cant|p2a: Alopecia Barbie|slp\n|move|p1b: Earthworm Jim|Iron Defense|p1b: Earthworm Jim\n|-boost|p1b: Earthworm Jim|def|2\n|\n|-heal|p1a: Hotdog|17\/100|[from] item: Leftovers\n|-heal|p2a: Alopecia Barbie|72\/100 slp|[from] item: Leftovers\n|-heal|p1b: Earthworm Jim|87\/100|[from] item: Leftovers\n|upkeep\n|turn|14\n|\n|t:|1695245926\n|move|p1a: Hotdog|Helping Hand|p1b: Earthworm Jim\n|-singleturn|p1b: Earthworm Jim|Helping Hand|[of] p1a: Hotdog\n|move|p2b: Pop Star Barbie|Iron Head|p1a: Hotdog\n|-supereffective|p1a: Hotdog\n|-damage|p1a: Hotdog|0 fnt\n|faint|p1a: Hotdog\n|cant|p2a: Alopecia Barbie|slp\n|move|p1b: Earthworm Jim|Body Press|p2a: Alopecia Barbie\n|-damage|p2a: Alopecia Barbie|42\/100 slp\n|\n|-heal|p2a: Alopecia Barbie|49\/100 slp|[from] item: Leftovers\n|-heal|p1b: Earthworm Jim|93\/100|[from] item: Leftovers\n|-end|p2b: Pop Star Barbie|move: Yawn|[silent]\n|-status|p2b: Pop Star Barbie|slp\n|upkeep\n|turn|15\n|\n|t:|1695245943\n|cant|p2b: Pop Star Barbie|slp\n|-curestatus|p2a: Alopecia Barbie|slp|[msg]\n|move|p2a: Alopecia Barbie|Torch Song|p1b: Earthworm Jim\n|-supereffective|p1b: Earthworm Jim\n|-damage|p1b: Earthworm Jim|0 fnt\n|-boost|p2a: Alopecia Barbie|spa|1\n|faint|p1b: Earthworm Jim\n|\n|win|JKogut\n|l| Specific360\n|l| Green133\n|l|\u2606JKogut\n|j| Green133\n","uploadtime":1695245953,"views":13,"p1id":"avocadolord","p2id":"jkogut","formatid":"gen9nationaldexdoubles","rating":0,"private":0,"password":""}