{"id":"gen9nationaldexdoubles-1982327247","p1":"icybro12","p2":"Thejrazt","format":"[Gen 9] National Dex Doubles","log":"|j|\u2606icybro12\n|j|\u2606Thejrazt\n|t:|1698998103\n|gametype|doubles\n|player|p1|icybro12|psychic|1155\n|player|p2|Thejrazt|102|1048\n|teamsize|p1|6\n|teamsize|p2|6\n|gen|9\n|tier|[Gen 9] National Dex Doubles\n|rated|\n|rule|HP Percentage Mod: HP is shown in percentages\n|rule|Endless Battle Clause: Forcing endless battles is banned\n|rule|OHKO Clause: OHKO moves are banned\n|rule|Evasion Moves Clause: Evasion moves are banned\n|rule|Evasion Abilities Clause: Evasion abilities are banned\n|rule|Species Clause: Limit one of each Pok\u00e9mon\n|rule|Gravity Sleep Clause: The combination of sleep-inducing moves with imperfect accuracy and Gravity or Gigantamax Orbeetle are banned\n|clearpoke\n|poke|p1|Octillery, M|\n|poke|p1|Jirachi|\n|poke|p1|Tornadus, M|\n|poke|p1|Sableye, F|\n|poke|p1|Pelipper, M|\n|poke|p1|Swampert, F|\n|poke|p2|Charizard, M|\n|poke|p2|Clefairy, M|\n|poke|p2|Lilligant-Hisui, F|\n|poke|p2|Armarouge, M|\n|poke|p2|Mew|\n|poke|p2|Torkoal, M|\n|teampreview\n|inactive|Battle timer is ON: inactive players will automatically lose when time's up. (requested by Thejrazt)\n|\n|t:|1698998121\n|start\n|switch|p1a: Pelipper|Pelipper, M|100\/100\n|switch|p1b: Jirachi|Jirachi|100\/100\n|switch|p2a: Armarouge|Armarouge, M|100\/100\n|switch|p2b: Torkoal|Torkoal, M, shiny|100\/100\n|-weather|RainDance|[from] ability: Drizzle|[of] p1a: Pelipper\n|-weather|SunnyDay|[from] ability: Drought|[of] p2b: Torkoal\n|turn|1\n|\n|t:|1698998131\n|move|p1a: Pelipper|U-turn|p2b: Torkoal\n|-resisted|p2b: Torkoal\n|-damage|p2b: Torkoal|98\/100\n|\n|t:|1698998137\n|switch|p1a: Sableye|Sableye, F|100\/100|[from] U-turn\n|move|p2b: Torkoal|Lava Plume|p1b: Jirachi|[spread] p1a,p1b\n|-start|p2a: Armarouge|ability: Flash Fire\n|-supereffective|p1b: Jirachi\n|-damage|p1a: Sableye|47\/100\n|-damage|p1b: Jirachi|45\/100\n|move|p1b: Jirachi|Trick Room|p1b: Jirachi\n|-fieldstart|move: Trick Room|[of] p1b: Jirachi\n|move|p2a: Armarouge|Trick Room|p2a: Armarouge\n|-fieldend|move: Trick Room\n|\n|-weather|SunnyDay|[upkeep]\n|-heal|p1b: Jirachi|51\/100|[from] item: Leftovers\n|upkeep\n|turn|2\n|\n|t:|1698998158\n|move|p2a: Armarouge|Light Screen|p2a: Armarouge\n|-sidestart|p2: Thejrazt|move: Light Screen\n|move|p1a: Sableye|Rain Dance|p1a: Sableye\n|-weather|RainDance\n|move|p2b: Torkoal|Lava Plume|p1b: Jirachi|[spread] p1a,p1b\n|-immune|p2a: Armarouge|[from] ability: Flash Fire\n|-supereffective|p1b: Jirachi\n|-damage|p1a: Sableye|29\/100\n|-damage|p1b: Jirachi|35\/100\n|move|p1b: Jirachi|Trick Room|p1b: Jirachi\n|-fieldstart|move: Trick Room|[of] p1b: Jirachi\n|\n|-weather|RainDance|[upkeep]\n|-heal|p1b: Jirachi|41\/100|[from] item: Leftovers\n|upkeep\n|turn|3\n|\n|t:|1698998170\n|switch|p1a: Octillery|Octillery, M|100\/100\n|move|p1b: Jirachi|Follow Me|p1b: Jirachi\n|-singleturn|p1b: Jirachi|move: Follow Me\n|move|p2b: Torkoal|Lava Plume|p1a: Octillery|[spread] p1a,p1b\n|-immune|p2a: Armarouge|[from] ability: Flash Fire\n|-resisted|p1a: Octillery\n|-supereffective|p1b: Jirachi\n|-damage|p1a: Octillery|93\/100\n|-damage|p1b: Jirachi|22\/100\n|move|p2a: Armarouge|Reflect|p2a: Armarouge\n|-sidestart|p2: Thejrazt|Reflect\n|\n|-weather|RainDance|[upkeep]\n|-heal|p1b: Jirachi|28\/100|[from] item: Leftovers\n|upkeep\n|turn|4\n|\n|t:|1698998190\n|-terastallize|p1a: Octillery|Water\n|move|p2b: Torkoal|Lava Plume|p1b: Jirachi|[spread] p1a,p1b\n|-immune|p2a: Armarouge|[from] ability: Flash Fire\n|-resisted|p1a: Octillery\n|-crit|p1a: Octillery\n|-supereffective|p1b: Jirachi\n|-damage|p1a: Octillery|83\/100\n|-damage|p1b: Jirachi|12\/100\n|move|p1a: Octillery|Water Spout|p2b: Torkoal|[spread] p2a,p2b\n|-supereffective|p2a: Armarouge\n|-supereffective|p2b: Torkoal\n|-damage|p2a: Armarouge|0 fnt\n|-damage|p2b: Torkoal|0 fnt\n|faint|p2a: Armarouge\n|faint|p2b: Torkoal\n|move|p1b: Jirachi|Energy Ball|p2: Armarouge|[notarget]\n|-fail|p1b: Jirachi\n|\n|-weather|RainDance|[upkeep]\n|-heal|p1b: Jirachi|18\/100|[from] item: Leftovers\n|upkeep\n|\n|t:|1698998213\n|switch|p2b: Lilligant|Lilligant-Hisui, F, shiny|100\/100\n|switch|p2a: Clefairy|Clefairy, M, shiny|100\/100\n|turn|5\n|\n|t:|1698998218\n|move|p1b: Jirachi|Follow Me|p1b: Jirachi\n|-singleturn|p1b: Jirachi|move: Follow Me\n|move|p2a: Clefairy|Cosmic Power|p2a: Clefairy\n|-boost|p2a: Clefairy|def|1\n|-boost|p2a: Clefairy|spd|1\n|move|p1a: Octillery|Water Spout|p2a: Clefairy|[spread] p2a,p2b\n|-resisted|p2b: Lilligant\n|-damage|p2a: Clefairy|54\/100\n|-damage|p2b: Lilligant|26\/100\n|move|p2b: Lilligant|Solar Blade||[still]\n|-prepare|p2b: Lilligant|Solar Blade\n|-enditem|p2b: Lilligant|Power Herb\n|-anim|p2b: Lilligant|Solar Blade|p1b: Jirachi\n|-resisted|p1b: Jirachi\n|-damage|p1b: Jirachi|7\/100\n|\n|-weather|RainDance|[upkeep]\n|-heal|p1b: Jirachi|13\/100|[from] item: Leftovers\n|upkeep\n|turn|6\n|\n|t:|1698998230\n|move|p1b: Jirachi|Follow Me|p1b: Jirachi\n|-singleturn|p1b: Jirachi|move: Follow Me\n|move|p2a: Clefairy|Cosmic Power|p2a: Clefairy\n|-boost|p2a: Clefairy|def|1\n|-boost|p2a: Clefairy|spd|1\n|move|p1a: Octillery|Water Spout|p2a: Clefairy|[spread] p2a,p2b\n|-resisted|p2b: Lilligant\n|-damage|p2a: Clefairy|17\/100\n|-damage|p2b: Lilligant|0 fnt\n|faint|p2b: Lilligant\n|\n|-weather|none\n|-heal|p1b: Jirachi|19\/100|[from] item: Leftovers\n|-fieldend|move: Trick Room\n|upkeep\n|\n|t:|1698998236\n|switch|p2b: Charizard|Charizard, M, shiny|100\/100\n|turn|7\n|\n|t:|1698998248\n|switch|p1a: Tornadus|Tornadus, M|100\/100\n|detailschange|p2b: Charizard|Charizard-Mega-Y, M, shiny\n|-mega|p2b: Charizard|Charizard|Charizardite Y\n|-weather|SunnyDay|[from] ability: Drought|[of] p2b: Charizard\n|move|p2a: Clefairy|Helping Hand|p2b: Charizard\n|-singleturn|p2b: Charizard|Helping Hand|[of] p2a: Clefairy\n|move|p1b: Jirachi|Protect|p1b: Jirachi\n|-singleturn|p1b: Jirachi|Protect\n|move|p2b: Charizard|Hurricane|p1a: Tornadus|[miss]\n|-miss|p2b: Charizard|p1a: Tornadus\n|\n|-weather|SunnyDay|[upkeep]\n|-heal|p1b: Jirachi|25\/100|[from] item: Leftovers\n|upkeep\n|turn|8\n|\n|t:|1698998264\n|switch|p1b: Pelipper|Pelipper, M|100\/100\n|-weather|RainDance|[from] ability: Drizzle|[of] p1b: Pelipper\n|move|p2a: Clefairy|Helping Hand|p2b: Charizard\n|-singleturn|p2b: Charizard|Helping Hand|[of] p2a: Clefairy\n|move|p1a: Tornadus|Taunt|p2a: Clefairy\n|-start|p2a: Clefairy|move: Taunt\n|move|p2b: Charizard|Ancient Power|p1a: Tornadus\n|-supereffective|p1a: Tornadus\n|-damage|p1a: Tornadus|40\/100\n|\n|-weather|RainDance|[upkeep]\n|-heal|p1a: Tornadus|46\/100|[from] item: Leftovers\n|upkeep\n|turn|9\n|\n|t:|1698998288\n|switch|p2b: Mew|Mew, shiny|100\/100\n|move|p1a: Tornadus|Toxic|p2b: Mew\n|-status|p2b: Mew|tox\n|-activate|p2b: Mew|ability: Synchronize\n|-status|p1a: Tornadus|tox\n|move|p1b: Pelipper|U-turn|p2a: Clefairy\n|-resisted|p2a: Clefairy\n|-damage|p2a: Clefairy|16\/100\n|\n|t:|1698998299\n|switch|p1b: Swampert|Swampert, F|100\/100|[from] U-turn\n|move|p2a: Clefairy|Dazzling Gleam|p1b: Swampert|[spread] p1a,p1b\n|-damage|p1a: Tornadus|36\/100 tox\n|-damage|p1b: Swampert|86\/100\n|\n|-weather|RainDance|[upkeep]\n|-heal|p1a: Tornadus|42\/100 tox|[from] item: Leftovers\n|-damage|p2b: Mew|94\/100 tox|[from] psn\n|-damage|p1a: Tornadus|36\/100 tox|[from] psn\n|-sideend|p2: Thejrazt|move: Light Screen\n|upkeep\n|turn|10\n|\n|t:|1698998309\n|detailschange|p1b: Swampert|Swampert-Mega, F\n|-mega|p1b: Swampert|Swampert|Swampertite\n|move|p1a: Tornadus|Taunt|p2b: Mew\n|-start|p2b: Mew|move: Taunt\n|move|p1b: Swampert|Flip Turn|p2a: Clefairy\n|-damage|p2a: Clefairy|0 fnt\n|faint|p2a: Clefairy\n|\n|t:|1698998316\n|switch|p1b: Sableye|Sableye, F|29\/100|[from] Flip Turn\n|cant|p2b: Mew|move: Taunt|Tailwind\n|\n|-weather|RainDance|[upkeep]\n|-heal|p2b: Mew|100\/100 tox|[from] item: Leftovers\n|-heal|p1a: Tornadus|42\/100 tox|[from] item: Leftovers\n|-damage|p2b: Mew|88\/100 tox|[from] psn\n|-damage|p1a: Tornadus|30\/100 tox|[from] psn\n|-sideend|p2: Thejrazt|Reflect\n|upkeep\n|\n|t:|1698998323\n|switch|p2a: Charizard|Charizard-Mega-Y, M, shiny|100\/100\n|-weather|SunnyDay|[from] ability: Drought|[of] p2a: Charizard\n|turn|11\n|\n|t:|1698998350\n|move|p1b: Sableye|Fake Out|p2a: Charizard\n|-damage|p2a: Charizard|90\/100\n|move|p1a: Tornadus|Rain Dance|p1a: Tornadus\n|-weather|RainDance\n|cant|p2a: Charizard|flinch\n|move|p2b: Mew|Psychic Fangs|p1a: Tornadus\n|-damage|p1a: Tornadus|0 fnt\n|faint|p1a: Tornadus\n|\n|-weather|RainDance|[upkeep]\n|-heal|p2b: Mew|94\/100 tox|[from] item: Leftovers\n|-damage|p2b: Mew|76\/100 tox|[from] psn\n|upkeep\n|\n|t:|1698998359\n|switch|p1a: Swampert|Swampert-Mega, F|86\/100\n|turn|12\n|\n|t:|1698998376\n|move|p1a: Swampert|Flip Turn|p2a: Charizard\n|-supereffective|p2a: Charizard\n|-damage|p2a: Charizard|0 fnt\n|faint|p2a: Charizard\n|-message|Thejrazt forfeited.\n|\n|win|icybro12\n|raw|icybro12's rating: 1155 &rarr; <strong>1173<\/strong><br \/>(+18 for winning)\n|raw|Thejrazt's rating: 1048 &rarr; <strong>1036<\/strong><br \/>(-12 for losing)\n|l|\u2606Thejrazt\n","uploadtime":1698998401,"views":10,"p1id":"icybro12","p2id":"thejrazt","formatid":"gen9nationaldexdoubles","rating":1036,"private":0,"password":""}