{"id":"gen9nationaldexdoubles-1972566159","p1":"Issnsnd","p2":"Ronald Rizz Wizard","format":"[Gen 9] National Dex Doubles","log":"|j|\u2606Issnsnd\n|j|\u2606Ronald Rizz Wizard\n|t:|1697857869\n|gametype|doubles\n|player|p1|Issnsnd|170|1100\n|player|p2|Ronald Rizz Wizard|clair|1079\n|teamsize|p1|6\n|teamsize|p2|6\n|gen|9\n|tier|[Gen 9] National Dex Doubles\n|rated|\n|rule|HP Percentage Mod: HP is shown in percentages\n|rule|Endless Battle Clause: Forcing endless battles is banned\n|rule|OHKO Clause: OHKO moves are banned\n|rule|Evasion Moves Clause: Evasion moves are banned\n|rule|Evasion Abilities Clause: Evasion abilities are banned\n|rule|Species Clause: Limit one of each Pok\u00e9mon\n|rule|Gravity Sleep Clause: The combination of sleep-inducing moves with imperfect accuracy and Gravity or Gigantamax Orbeetle are banned\n|clearpoke\n|poke|p1|Tapu Koko|\n|poke|p1|Sceptile, M|\n|poke|p1|Shuckle, M|\n|poke|p1|Cresselia, F|\n|poke|p1|Iron Treads|\n|poke|p1|Iron Hands|\n|poke|p2|Ting-Lu|\n|poke|p2|Abomasnow, M|\n|poke|p2|Volcanion|\n|poke|p2|Kyurem-Black|\n|poke|p2|Jirachi|\n|poke|p2|Tapu Koko|\n|teampreview\n|inactive|Battle timer is ON: inactive players will automatically lose when time's up. (requested by Ronald Rizz Wizard)\n|inactive|Issnsnd has 120 seconds left.\n|\n|t:|1697857903\n|start\n|switch|p1a: Shuckle|Shuckle, M|100\/100\n|switch|p1b: Cresselia|Cresselia, F|100\/100\n|switch|p2a: Ting-Lu|Ting-Lu|100\/100\n|switch|p2b: Tapu Koko|Tapu Koko|100\/100\n|-fieldstart|move: Electric Terrain|[from] ability: Electric Surge|[of] p2b: Tapu Koko\n|-ability|p2a: Ting-Lu|Vessel of Ruin\n|turn|1\n|\n|t:|1697857927\n|move|p2b: Tapu Koko|Nature's Madness|p1a: Shuckle\n|-damage|p1a: Shuckle|50\/100\n|move|p1a: Shuckle|Power Split|p2b: Tapu Koko\n|-activate|p1a: Shuckle|move: Power Split|[of] p2b: Tapu Koko\n|move|p2a: Ting-Lu|Whirlwind|p1b: Cresselia\n|drag|p1b: Sceptile|Sceptile, M|100\/100\n|\n|upkeep\n|turn|2\n|inactive|Issnsnd has 120 seconds left.\n|\n|t:|1697857967\n|detailschange|p1b: Sceptile|Sceptile-Mega, M\n|-mega|p1b: Sceptile|Sceptile|Sceptilite\n|move|p1b: Sceptile|Giga Drain|p2a: Ting-Lu\n|-supereffective|p2a: Ting-Lu\n|-damage|p2a: Ting-Lu|58\/100\n|move|p2b: Tapu Koko|Nature's Madness|p1a: Shuckle\n|-damage|p1a: Shuckle|26\/100\n|move|p2a: Ting-Lu|Body Press|p1a: Shuckle\n|-damage|p1a: Shuckle|7\/100\n|move|p1a: Shuckle|Guard Split|p1b: Sceptile\n|-activate|p1a: Shuckle|move: Guard Split|[of] p1b: Sceptile\n|\n|-heal|p2a: Ting-Lu|64\/100|[from] item: Leftovers\n|upkeep\n|turn|3\n|inactive|Issnsnd has 120 seconds left.\n|inactive|Ronald Rizz Wizard has 120 seconds left.\n|\n|t:|1697858009\n|switch|p2a: Jirachi|Jirachi|100\/100\n|switch|p1a: Tapu Koko|Tapu Koko|100\/100\n|move|p1b: Sceptile|Giga Drain|p2a: Jirachi\n|-resisted|p2a: Jirachi\n|-damage|p2a: Jirachi|86\/100\n|move|p2b: Tapu Koko|Taunt|p1b: Sceptile\n|-start|p1b: Sceptile|move: Taunt\n|\n|upkeep\n|turn|4\n|inactive|Issnsnd has 120 seconds left.\n|inactive|Ronald Rizz Wizard has 120 seconds left.\n|\n|t:|1697858038\n|-terastallize|p1a: Tapu Koko|Electric\n|move|p1a: Tapu Koko|Discharge|p2a: Jirachi|[spread] p2a,p2b\n|-ability|p1b: Sceptile|Lightning Rod|boost\n|-boost|p1b: Sceptile|spa|1\n|-resisted|p2b: Tapu Koko\n|-damage|p2a: Jirachi|53\/100\n|-damage|p2b: Tapu Koko|72\/100\n|move|p1b: Sceptile|Giga Drain|p2b: Tapu Koko\n|-damage|p2b: Tapu Koko|0 fnt\n|faint|p2b: Tapu Koko\n|move|p2a: Jirachi|Encore|p1b: Sceptile\n|-start|p1b: Sceptile|Encore\n|\n|upkeep\n|\n|t:|1697858058\n|switch|p2b: Ting-Lu|Ting-Lu|64\/100\n|-ability|p2b: Ting-Lu|Vessel of Ruin\n|turn|5\n|inactive|Ronald Rizz Wizard has 120 seconds left.\n|\n|t:|1697858077\n|move|p2a: Jirachi|Follow Me|p2a: Jirachi\n|-singleturn|p2a: Jirachi|move: Follow Me\n|move|p1a: Tapu Koko|Discharge|p2a: Jirachi|[spread] p2a\n|-ability|p1b: Sceptile|Lightning Rod|boost\n|-boost|p1b: Sceptile|spa|1\n|-immune|p2b: Ting-Lu\n|-damage|p2a: Jirachi|30\/100\n|-enditem|p2a: Jirachi|Sitrus Berry|[eat]\n|-heal|p2a: Jirachi|55\/100|[from] item: Sitrus Berry\n|move|p1b: Sceptile|Giga Drain|p2a: Jirachi\n|-resisted|p2a: Jirachi\n|-damage|p2a: Jirachi|34\/100\n|move|p2b: Ting-Lu|Whirlwind|p1b: Sceptile\n|drag|p1b: Shuckle|Shuckle, M|7\/100\n|\n|-heal|p2b: Ting-Lu|70\/100|[from] item: Leftovers\n|-fieldend|move: Electric Terrain\n|upkeep\n|turn|6\n|inactive|Ronald Rizz Wizard has 120 seconds left.\n|inactive|Issnsnd has 120 seconds left.\n|\n|t:|1697858117\n|switch|p1a: Iron Treads|Iron Treads|100\/100\n|switch|p1b: Cresselia|Cresselia, F|100\/100\n|move|p2a: Jirachi|Iron Head|p1b: Cresselia\n|-damage|p1b: Cresselia|84\/100\n|move|p2b: Ting-Lu|Stomping Tantrum|p1a: Iron Treads\n|-supereffective|p1a: Iron Treads\n|-damage|p1a: Iron Treads|35\/100\n|\n|-heal|p2b: Ting-Lu|76\/100|[from] item: Leftovers\n|upkeep\n|turn|7\n|inactive|Issnsnd has 120 seconds left.\n|inactive|Ronald Rizz Wizard has 120 seconds left.\n|\n|t:|1697858150\n|move|p1a: Iron Treads|Protect|p1a: Iron Treads\n|-singleturn|p1a: Iron Treads|Protect\n|move|p2a: Jirachi|Protect|p2a: Jirachi\n|-singleturn|p2a: Jirachi|Protect\n|move|p2b: Ting-Lu|Stomping Tantrum|p1a: Iron Treads\n|-activate|p1a: Iron Treads|move: Protect\n|move|p1b: Cresselia|Trick Room|p1b: Cresselia\n|-fieldstart|move: Trick Room|[of] p1b: Cresselia\n|\n|-heal|p2b: Ting-Lu|82\/100|[from] item: Leftovers\n|upkeep\n|turn|8\n|inactive|Issnsnd has 120 seconds left.\n|inactive|Ronald Rizz Wizard has 120 seconds left.\n|\n|t:|1697858191\n|move|p2b: Ting-Lu|Stomping Tantrum|p1a: Iron Treads\n|-supereffective|p1a: Iron Treads\n|-damage|p1a: Iron Treads|0 fnt\n|faint|p1a: Iron Treads\n|-end|p1a: Iron Treads|Quark Drive|[silent]\n|move|p1b: Cresselia|Light Screen|p1b: Cresselia\n|-sidestart|p1: Issnsnd|move: Light Screen\n|move|p2a: Jirachi|Encore|p1b: Cresselia\n|-start|p1b: Cresselia|Encore\n|-enditem|p1b: Cresselia|Mental Herb\n|-end|p1b: Cresselia|Encore\n|\n|-heal|p2b: Ting-Lu|88\/100|[from] item: Leftovers\n|upkeep\n|inactive|Issnsnd has 90 seconds left.\n|\n|t:|1697858208\n|switch|p1a: Shuckle|Shuckle, M|7\/100\n|turn|9\n|\n|t:|1697858224\n|switch|p1b: Iron Hands|Iron Hands|100\/100\n|move|p1a: Shuckle|Guard Split|p1b: Iron Hands\n|-activate|p1a: Shuckle|move: Guard Split|[of] p1b: Iron Hands\n|move|p2a: Jirachi|Iron Head|p1a: Shuckle\n|-supereffective|p1a: Shuckle\n|-crit|p1a: Shuckle\n|-damage|p1a: Shuckle|0 fnt\n|faint|p1a: Shuckle\n|move|p2b: Ting-Lu|Whirlwind|p1b: Iron Hands\n|-end|p1b: Iron Hands|Quark Drive|[silent]\n|drag|p1b: Cresselia|Cresselia, F|84\/100\n|\n|-heal|p2b: Ting-Lu|94\/100|[from] item: Leftovers\n|upkeep\n|inactive|Issnsnd has 90 seconds left.\n|\n|t:|1697858244\n|switch|p1a: Iron Hands|Iron Hands|100\/100\n|turn|10\n|\n|t:|1697858267\n|move|p2a: Jirachi|Follow Me|p2a: Jirachi\n|-singleturn|p2a: Jirachi|move: Follow Me\n|move|p1a: Iron Hands|Substitute|p1a: Iron Hands\n|-start|p1a: Iron Hands|Substitute\n|-damage|p1a: Iron Hands|75\/100\n|move|p2b: Ting-Lu|Stomping Tantrum|p1a: Iron Hands\n|-supereffective|p1a: Iron Hands\n|-end|p1a: Iron Hands|Substitute\n|move|p1b: Cresselia|Moonlight|p1b: Cresselia\n|-heal|p1b: Cresselia|100\/100\n|\n|-heal|p1a: Iron Hands|82\/100|[from] item: Leftovers\n|-heal|p2b: Ting-Lu|100\/100|[from] item: Leftovers\n|upkeep\n|turn|11\n|inactive|Issnsnd has 90 seconds left.\n|\n|t:|1697858323\n|move|p1a: Iron Hands|Drain Punch|p2a: Jirachi\n|-damage|p2a: Jirachi|0 fnt\n|-heal|p1a: Iron Hands|95\/100|[from] drain|[of] p2a: Jirachi\n|faint|p2a: Jirachi\n|move|p2b: Ting-Lu|Stomping Tantrum|p1a: Iron Hands\n|-supereffective|p1a: Iron Hands\n|-damage|p1a: Iron Hands|55\/100\n|move|p1b: Cresselia|Moonlight|p1b: Cresselia\n|-fail|p1b: Cresselia|heal\n|\n|-heal|p1a: Iron Hands|61\/100|[from] item: Leftovers\n|-fieldend|move: Trick Room\n|upkeep\n|\n|t:|1697858339\n|switch|p2a: Kyurem|Kyurem-Black|100\/100\n|-ability|p2a: Kyurem|Teravolt\n|turn|12\n|inactive|Issnsnd has 90 seconds left.\n|\n|t:|1697858365\n|move|p2a: Kyurem|Dragon Dance|p2a: Kyurem\n|-boost|p2a: Kyurem|atk|1\n|-boost|p2a: Kyurem|spe|1\n|move|p1a: Iron Hands|Drain Punch|p2b: Ting-Lu\n|-supereffective|p2b: Ting-Lu\n|-damage|p2b: Ting-Lu|48\/100\n|-heal|p1a: Iron Hands|86\/100|[from] drain|[of] p2b: Ting-Lu\n|move|p2b: Ting-Lu|Whirlwind|p1a: Iron Hands\n|-end|p1a: Iron Hands|Quark Drive|[silent]\n|drag|p1a: Sceptile|Sceptile-Mega, M|100\/100\n|move|p1b: Cresselia|Trick Room|p1b: Cresselia\n|-fieldstart|move: Trick Room|[of] p1b: Cresselia\n|\n|-heal|p2b: Ting-Lu|54\/100|[from] item: Leftovers\n|-sideend|p1: Issnsnd|move: Light Screen\n|upkeep\n|turn|13\n|inactive|Issnsnd has 90 seconds left.\n|inactive|Ronald Rizz Wizard has 120 seconds left.\n|\n|t:|1697858397\n|-terastallize|p2a: Kyurem|Electric\n|move|p2b: Ting-Lu|Protect|p2b: Ting-Lu\n|-singleturn|p2b: Ting-Lu|Protect\n|move|p1b: Cresselia|Light Screen|p1b: Cresselia\n|-sidestart|p1: Issnsnd|move: Light Screen\n|move|p1a: Sceptile|Dragon Pulse|p2a: Kyurem\n|-damage|p2a: Kyurem|65\/100\n|move|p2a: Kyurem|Icicle Spear|p1a: Sceptile\n|-supereffective|p1a: Sceptile\n|-damage|p1a: Sceptile|0 fnt\n|faint|p1a: Sceptile\n|-hitcount|p1: Sceptile|1\n|\n|-heal|p2b: Ting-Lu|60\/100|[from] item: Leftovers\n|upkeep\n|inactive|Issnsnd has 60 seconds left.\n|\n|t:|1697858414\n|switch|p1a: Iron Hands|Iron Hands|86\/100\n|turn|14\n|inactive|Issnsnd has 60 seconds left.\n|\n|t:|1697858441\n|switch|p1b: Tapu Koko|Tapu Koko, tera:Electric|100\/100\n|-fieldstart|move: Electric Terrain|[from] ability: Electric Surge|[of] p1b: Tapu Koko\n|-activate|p1a: Iron Hands|ability: Quark Drive\n|-start|p1a: Iron Hands|quarkdriveatk\n|move|p1a: Iron Hands|Drain Punch|p2b: Ting-Lu\n|-supereffective|p2b: Ting-Lu\n|-damage|p2b: Ting-Lu|0 fnt\n|-heal|p1a: Iron Hands|100\/100|[from] drain|[of] p2b: Ting-Lu\n|faint|p2b: Ting-Lu\n|move|p2a: Kyurem|Icicle Spear|p1a: Iron Hands\n|-damage|p1a: Iron Hands|84\/100\n|-damage|p1a: Iron Hands|67\/100\n|-hitcount|p1a: Iron Hands|2\n|\n|-heal|p1a: Iron Hands|74\/100|[from] item: Leftovers\n|upkeep\n|\n|t:|1697858461\n|switch|p2b: Volcanion|Volcanion|100\/100\n|turn|15\n|inactive|Issnsnd has 60 seconds left.\n|\n|t:|1697858503\n|move|p2a: Kyurem|Protect|p2a: Kyurem\n|-singleturn|p2a: Kyurem|Protect\n|move|p1a: Iron Hands|Drain Punch|p2a: Kyurem\n|-activate|p2a: Kyurem|move: Protect\n|move|p2b: Volcanion|Steam Eruption|p1a: Iron Hands\n|-damage|p1a: Iron Hands|42\/100\n|move|p1b: Tapu Koko|Volt Switch|p2b: Volcanion\n|-supereffective|p2b: Volcanion\n|-damage|p2b: Volcanion|32\/100\n|\n|t:|1697858515\n|switch|p1b: Cresselia|Cresselia, F|100\/100|[from] Volt Switch\n|\n|-heal|p1a: Iron Hands|49\/100|[from] item: Leftovers\n|upkeep\n|turn|16\n|inactive|Issnsnd has 60 seconds left.\n|\n|t:|1697858543\n|switch|p1b: Tapu Koko|Tapu Koko, tera:Electric|100\/100\n|move|p1a: Iron Hands|Drain Punch|p2a: Kyurem\n|-damage|p2a: Kyurem|11\/100\n|-heal|p1a: Iron Hands|69\/100|[from] drain|[of] p2a: Kyurem\n|move|p2b: Volcanion|Steam Eruption|p1a: Iron Hands\n|-damage|p1a: Iron Hands|37\/100\n|move|p2a: Kyurem|Fusion Bolt|p1a: Iron Hands\n|-resisted|p1a: Iron Hands\n|-damage|p1a: Iron Hands|0 fnt\n|faint|p1a: Iron Hands\n|-end|p1a: Iron Hands|Quark Drive|[silent]\n|\n|-fieldend|move: Trick Room\n|upkeep\n|\n|t:|1697858553\n|switch|p1a: Cresselia|Cresselia, F|100\/100\n|turn|17\n|inactive|Issnsnd has 60 seconds left.\n|inactive|Ronald Rizz Wizard has 120 seconds left.\n|\n|t:|1697858583\n|switch|p2b: Abomasnow|Abomasnow, M, shiny|100\/100\n|-weather|Snow|[from] ability: Snow Warning|[of] p2b: Abomasnow\n|move|p2a: Kyurem|Icicle Spear|p1b: Tapu Koko\n|-damage|p1b: Tapu Koko|68\/100\n|-damage|p1b: Tapu Koko|41\/100\n|-damage|p1b: Tapu Koko|13\/100\n|-damage|p1b: Tapu Koko|0 fnt\n|faint|p1b: Tapu Koko\n|-hitcount|p1: Tapu Koko|4\n|move|p1a: Cresselia|Moonlight|p1a: Cresselia\n|-fail|p1a: Cresselia|heal\n|\n|-weather|Snow|[upkeep]\n|-sideend|p1: Issnsnd|move: Light Screen\n|upkeep\n|turn|18\n|-message|Issnsnd forfeited.\n|\n|win|Ronald Rizz Wizard\n|raw|Issnsnd's rating: 1100 &rarr; <strong>1073<\/strong><br \/>(-27 for losing)\n|raw|Ronald Rizz Wizard's rating: 1079 &rarr; <strong>1109<\/strong><br \/>(+30 for winning)\n|l|\u2606Issnsnd\n","uploadtime":1697858627,"views":7,"p1id":"issnsnd","p2id":"ronaldrizzwizard","formatid":"gen9nationaldexdoubles","rating":1073,"private":0,"password":""}