{"id":"gen9nationaldexdoubles-1997018845","p1":"CharlzA25","p2":"SolarBeam Slakoth","format":"[Gen 9] National Dex Doubles","log":"|j|\u2606CharlzA25\n|j|\u2606SolarBeam Slakoth\n|t:|1700756260\n|gametype|doubles\n|player|p1|CharlzA25|265|1488\n|player|p2|SolarBeam Slakoth|schoolkid-gen4dp|1344\n|teamsize|p1|6\n|teamsize|p2|6\n|gen|9\n|tier|[Gen 9] National Dex Doubles\n|rated|\n|rule|HP Percentage Mod: HP is shown in percentages\n|rule|Endless Battle Clause: Forcing endless battles is banned\n|rule|OHKO Clause: OHKO moves are banned\n|rule|Evasion Moves Clause: Evasion moves are banned\n|rule|Evasion Abilities Clause: Evasion abilities are banned\n|rule|Species Clause: Limit one of each Pok\u00e9mon\n|rule|Gravity Sleep Clause: The combination of sleep-inducing moves with imperfect accuracy and Gravity or Gigantamax Orbeetle are banned\n|clearpoke\n|poke|p1|Incineroar, M|\n|poke|p1|Great Tusk|\n|poke|p1|Tornadus, M|\n|poke|p1|Torkoal, F|\n|poke|p1|Porygon2|\n|poke|p1|Mimikyu, F|\n|poke|p2|Eevee, F|\n|poke|p2|Mr. Mime, F|\n|poke|p2|Rillaboom, F|\n|poke|p2|Charizard, F|\n|poke|p2|Chi-Yu|\n|poke|p2|Zygarde|\n|teampreview\n|inactive|Battle timer is ON: inactive players will automatically lose when time's up. (requested by SolarBeam Slakoth)\n|\n|t:|1700756276\n|start\n|switch|p1a: Great Tusk|Great Tusk|100\/100\n|switch|p1b: Incineroar|Incineroar, M|100\/100\n|switch|p2a: Eevee|Eevee, F, shiny|100\/100\n|switch|p2b: Mr. Mime|Mr. Mime, F|100\/100\n|-ability|p1b: Incineroar|Intimidate|boost\n|-unboost|p2a: Eevee|atk|1\n|-unboost|p2b: Mr. Mime|atk|1\n|turn|1\n|\n|t:|1700756288\n|move|p1b: Incineroar|Fake Out|p2a: Eevee\n|-damage|p2a: Eevee|83\/100\n|move|p2b: Mr. Mime|Follow Me|p2b: Mr. Mime\n|-singleturn|p2b: Mr. Mime|move: Follow Me\n|move|p1a: Great Tusk|Rock Slide|p2b: Mr. Mime|[spread] p2a,p2b\n|-damage|p2a: Eevee|59\/100\n|-damage|p2b: Mr. Mime|78\/100\n|cant|p2a: Eevee|flinch\n|\n|upkeep\n|turn|2\n|\n|t:|1700756302\n|switch|p1b: Torkoal|Torkoal, F|100\/100\n|-weather|SunnyDay|[from] ability: Drought|[of] p1b: Torkoal\n|-activate|p1a: Great Tusk|ability: Protosynthesis\n|-start|p1a: Great Tusk|protosynthesisatk\n|move|p2b: Mr. Mime|Follow Me|p2b: Mr. Mime\n|-singleturn|p2b: Mr. Mime|move: Follow Me\n|move|p1a: Great Tusk|Rock Slide|p2a: Eevee|[spread] p2a\n|-miss|p1a: Great Tusk|p2b: Mr. Mime\n|-damage|p2a: Eevee|28\/100\n|-zpower|p2a: Eevee\n|move|p2a: Eevee|Extreme Evoboost|p2a: Eevee\n|-boost|p2a: Eevee|atk|2\n|-boost|p2a: Eevee|def|2\n|-boost|p2a: Eevee|spa|2\n|-boost|p2a: Eevee|spd|2\n|-boost|p2a: Eevee|spe|2\n|\n|-weather|SunnyDay|[upkeep]\n|upkeep\n|turn|3\n|\n|t:|1700756322\n|move|p2b: Mr. Mime|Wide Guard|p2b: Mr. Mime\n|-singleturn|p2b: Mr. Mime|Wide Guard\n|move|p1a: Great Tusk|Rock Slide|p2b: Mr. Mime|[spread] \n|-activate|p2a: Eevee|move: Wide Guard\n|-activate|p2b: Mr. Mime|move: Wide Guard\n|move|p2a: Eevee|Baton Pass|p2a: Eevee\n|\n|t:|1700756329\n|switch|p2a: Zygarde|Zygarde, shiny|100\/100|[from] Baton Pass\n|-ability|p2a: Zygarde|Aura Break\n|move|p1b: Torkoal|Heat Wave|p2a: Zygarde|[spread] \n|-activate|p2a: Zygarde|move: Wide Guard\n|-activate|p2b: Mr. Mime|move: Wide Guard\n|\n|-weather|SunnyDay|[upkeep]\n|upkeep\n|turn|4\n|\n|t:|1700756347\n|-end|p1a: Great Tusk|Protosynthesis|[silent]\n|switch|p1a: Incineroar|Incineroar, M|100\/100\n|-ability|p1a: Incineroar|Intimidate|boost\n|-unboost|p2a: Zygarde|atk|1\n|-unboost|p2b: Mr. Mime|atk|1\n|-terastallize|p1b: Torkoal|Water\n|move|p2b: Mr. Mime|Follow Me|p2b: Mr. Mime\n|-singleturn|p2b: Mr. Mime|move: Follow Me\n|move|p2a: Zygarde|Thousand Arrows|p1b: Torkoal|[spread] p1a,p1b\n|-supereffective|p1a: Incineroar\n|-damage|p1a: Incineroar|35\/100\n|-damage|p1b: Torkoal|80\/100\n|move|p1b: Torkoal|Yawn|p2b: Mr. Mime\n|-start|p2b: Mr. Mime|move: Yawn|[of] p1b: Torkoal\n|\n|-weather|SunnyDay|[upkeep]\n|upkeep\n|turn|5\n|inactive|SolarBeam Slakoth has 120 seconds left.\n|\n|t:|1700756379\n|move|p2a: Zygarde|Protect|p2a: Zygarde\n|-singleturn|p2a: Zygarde|Protect\n|move|p1a: Incineroar|Fake Out|p2b: Mr. Mime\n|-damage|p2b: Mr. Mime|61\/100\n|move|p2b: Mr. Mime|Taunt|p1a: Incineroar\n|-start|p1a: Incineroar|move: Taunt\n|move|p1b: Torkoal|Yawn|p2a: Zygarde\n|-activate|p2a: Zygarde|move: Protect\n|\n|-weather|SunnyDay|[upkeep]\n|-end|p2b: Mr. Mime|move: Yawn|[silent]\n|-status|p2b: Mr. Mime|slp\n|upkeep\n|turn|6\n|\n|t:|1700756403\n|switch|p1a: Porygon2|Porygon2|100\/100\n|-ability|p1a: Porygon2|Filter|[from] ability: Trace|[of] p2b: Mr. Mime\n|cant|p2b: Mr. Mime|slp\n|move|p2a: Zygarde|Substitute|p2a: Zygarde\n|-start|p2a: Zygarde|Substitute\n|-damage|p2a: Zygarde|76\/100\n|move|p1b: Torkoal|Yawn||[still]\n|-fail|p1b: Torkoal\n|\n|-weather|none\n|-heal|p2a: Zygarde|82\/100|[from] item: Leftovers\n|upkeep\n|turn|7\n|\n|t:|1700756417\n|-curestatus|p2b: Mr. Mime|slp|[msg]\n|move|p2b: Mr. Mime|Follow Me|p2b: Mr. Mime\n|-singleturn|p2b: Mr. Mime|move: Follow Me\n|move|p2a: Zygarde|Thousand Arrows|p1a: Porygon2|[spread] p1a,p1b\n|-damage|p1a: Porygon2|83\/100\n|-damage|p1b: Torkoal|57\/100\n|move|p1a: Porygon2|Ice Beam|p2b: Mr. Mime\n|-damage|p2b: Mr. Mime|41\/100\n|move|p1b: Torkoal|Yawn|p2b: Mr. Mime\n|-start|p2b: Mr. Mime|move: Yawn|[of] p1b: Torkoal\n|\n|-heal|p2a: Zygarde|88\/100|[from] item: Leftovers\n|upkeep\n|turn|8\n|inactive|SolarBeam Slakoth has 120 seconds left.\n|\n|t:|1700756449\n|switch|p2b: Rillaboom|Rillaboom, F|100\/100\n|-fieldstart|move: Grassy Terrain|[from] ability: Grassy Surge|[of] p2b: Rillaboom\n|move|p1b: Torkoal|Protect|p1b: Torkoal\n|-singleturn|p1b: Torkoal|Protect\n|move|p2a: Zygarde|Thousand Arrows|p1b: Torkoal|[spread] p1a\n|-activate|p1b: Torkoal|move: Protect\n|-damage|p1a: Porygon2|65\/100\n|move|p1a: Porygon2|Trick Room|p1a: Porygon2\n|-fieldstart|move: Trick Room|[of] p1a: Porygon2\n|\n|-heal|p1b: Torkoal|64\/100|[from] Grassy Terrain\n|-heal|p1a: Porygon2|72\/100|[from] Grassy Terrain\n|-heal|p2a: Zygarde|94\/100|[from] Grassy Terrain\n|-heal|p2a: Zygarde|99\/100|[from] item: Leftovers\n|upkeep\n|turn|9\n|\n|t:|1700756471\n|switch|p1b: Incineroar|Incineroar, M|35\/100\n|-ability|p1b: Incineroar|Intimidate|boost\n|-immune|p2a: Zygarde\n|-unboost|p2b: Rillaboom|atk|1\n|move|p2a: Zygarde|Protect|p2a: Zygarde\n|-singleturn|p2a: Zygarde|Protect\n|move|p2b: Rillaboom|Grassy Glide|p1b: Incineroar\n|-resisted|p1b: Incineroar\n|-damage|p1b: Incineroar|18\/100\n|-enditem|p1b: Incineroar|Aguav Berry|[eat]\n|-heal|p1b: Incineroar|51\/100|[from] item: Aguav Berry\n|move|p1a: Porygon2|Ice Beam|p2a: Zygarde\n|-activate|p2a: Zygarde|move: Protect\n|\n|-heal|p1a: Porygon2|78\/100|[from] Grassy Terrain\n|-heal|p1b: Incineroar|57\/100|[from] Grassy Terrain\n|-heal|p2a: Zygarde|100\/100|[from] Grassy Terrain\n|upkeep\n|turn|10\n|\n|t:|1700756491\n|switch|p2b: Mr. Mime|Mr. Mime, F|41\/100\n|move|p1a: Porygon2|Ice Beam|p2a: Zygarde\n|-supereffective|p2a: Zygarde\n|-end|p2a: Zygarde|Substitute\n|move|p1b: Incineroar|Parting Shot|p2a: Zygarde\n|-unboost|p2a: Zygarde|atk|1\n|-unboost|p2a: Zygarde|spa|1\n|\n|t:|1700756503\n|switch|p1b: Torkoal|Torkoal, F, tera:Water|64\/100|[from] Parting Shot\n|-weather|SunnyDay|[from] ability: Drought|[of] p1b: Torkoal\n|move|p2a: Zygarde|Thousand Arrows|p1b: Torkoal|[spread] p1a,p1b\n|-damage|p1a: Porygon2|67\/100\n|-damage|p1b: Torkoal|48\/100\n|-enditem|p1b: Torkoal|Sitrus Berry|[eat]\n|-heal|p1b: Torkoal|73\/100|[from] item: Sitrus Berry\n|\n|-weather|SunnyDay|[upkeep]\n|-heal|p1b: Torkoal|80\/100|[from] Grassy Terrain\n|-heal|p1a: Porygon2|73\/100|[from] Grassy Terrain\n|-heal|p2b: Mr. Mime|47\/100|[from] Grassy Terrain\n|upkeep\n|turn|11\n|\n|t:|1700756518\n|move|p2b: Mr. Mime|Follow Me|p2b: Mr. Mime\n|-singleturn|p2b: Mr. Mime|move: Follow Me\n|move|p1b: Torkoal|Yawn|p2b: Mr. Mime\n|-start|p2b: Mr. Mime|move: Yawn|[of] p1b: Torkoal\n|move|p1a: Porygon2|Recover|p1a: Porygon2\n|-heal|p1a: Porygon2|100\/100\n|move|p2a: Zygarde|Substitute|p2a: Zygarde\n|-start|p2a: Zygarde|Substitute\n|-damage|p2a: Zygarde|76\/100\n|\n|-weather|SunnyDay|[upkeep]\n|-heal|p1b: Torkoal|86\/100|[from] Grassy Terrain\n|-heal|p2b: Mr. Mime|53\/100|[from] Grassy Terrain\n|-heal|p2a: Zygarde|82\/100|[from] Grassy Terrain\n|-heal|p2a: Zygarde|88\/100|[from] item: Leftovers\n|upkeep\n|turn|12\n|\n|t:|1700756545\n|switch|p2b: Charizard|Charizard, F|100\/100\n|move|p1b: Torkoal|Yawn||[still]\n|-fail|p1b: Torkoal\n|move|p1a: Porygon2|Ice Beam|p2a: Zygarde\n|-supereffective|p2a: Zygarde\n|-end|p2a: Zygarde|Substitute\n|move|p2a: Zygarde|Thousand Arrows|p1a: Porygon2|[spread] p1a,p1b\n|-damage|p1a: Porygon2|89\/100\n|-damage|p1b: Torkoal|71\/100\n|\n|-weather|SunnyDay|[upkeep]\n|-heal|p1b: Torkoal|78\/100|[from] Grassy Terrain\n|-heal|p1a: Porygon2|95\/100|[from] Grassy Terrain\n|-heal|p2a: Zygarde|94\/100|[from] Grassy Terrain\n|-heal|p2a: Zygarde|99\/100|[from] item: Leftovers\n|-fieldend|move: Trick Room\n|-fieldend|move: Grassy Terrain\n|upkeep\n|turn|13\n|\n|t:|1700756560\n|detailschange|p2b: Charizard|Charizard-Mega-Y, F\n|-mega|p2b: Charizard|Charizard|Charizardite Y\n|move|p2a: Zygarde|Protect|p2a: Zygarde\n|-singleturn|p2a: Zygarde|Protect\n|move|p1b: Torkoal|Protect|p1b: Torkoal\n|-singleturn|p1b: Torkoal|Protect\n|move|p2b: Charizard|Solar Beam||[still]\n|-prepare|p2b: Charizard|Solar Beam\n|-anim|p2b: Charizard|Solar Beam|p1b: Torkoal\n|-activate|p1b: Torkoal|move: Protect\n|move|p1a: Porygon2|Trick Room|p1a: Porygon2\n|-fieldstart|move: Trick Room|[of] p1a: Porygon2\n|\n|-weather|SunnyDay|[upkeep]\n|-heal|p2a: Zygarde|100\/100|[from] item: Leftovers\n|upkeep\n|turn|14\n|\n|t:|1700756583\n|-terastallize|p2a: Zygarde|Ground\n|move|p2b: Charizard|Protect|p2b: Charizard\n|-singleturn|p2b: Charizard|Protect\n|move|p1b: Torkoal|Yawn|p2a: Zygarde\n|-start|p2a: Zygarde|move: Yawn|[of] p1b: Torkoal\n|move|p1a: Porygon2|Eerie Impulse|p2b: Charizard\n|-activate|p2b: Charizard|move: Protect\n|move|p2a: Zygarde|Substitute|p2a: Zygarde\n|-start|p2a: Zygarde|Substitute\n|-damage|p2a: Zygarde|76\/100\n|\n|-weather|none\n|-heal|p2a: Zygarde|82\/100|[from] item: Leftovers\n|upkeep\n|turn|15\n|\n|t:|1700756602\n|switch|p1b: Incineroar|Incineroar, M|57\/100\n|-ability|p1b: Incineroar|Intimidate|boost\n|-immune|p2a: Zygarde\n|-unboost|p2b: Charizard|atk|1\n|switch|p2b: Rillaboom|Rillaboom, F|100\/100\n|-fieldstart|move: Grassy Terrain|[from] ability: Grassy Surge|[of] p2b: Rillaboom\n|move|p1a: Porygon2|Eerie Impulse|p2b: Rillaboom\n|-unboost|p2b: Rillaboom|spa|2\n|move|p2a: Zygarde|Thousand Arrows|p1b: Incineroar|[spread] p1a,p1b\n|-supereffective|p1b: Incineroar\n|-damage|p1a: Porygon2|80\/100\n|-damage|p1b: Incineroar|6\/100\n|\n|-heal|p1a: Porygon2|87\/100|[from] Grassy Terrain\n|-heal|p1b: Incineroar|12\/100|[from] Grassy Terrain\n|-heal|p2a: Zygarde|88\/100|[from] Grassy Terrain\n|-heal|p2a: Zygarde|94\/100|[from] item: Leftovers\n|-end|p2a: Zygarde|move: Yawn|[silent]\n|-status|p2a: Zygarde|slp\n|upkeep\n|turn|16\n|\n|t:|1700756626\n|move|p1b: Incineroar|Fake Out|p2b: Rillaboom\n|-damage|p2b: Rillaboom|88\/100\n|cant|p2b: Rillaboom|flinch\n|move|p1a: Porygon2|Ice Beam|p2a: Zygarde\n|-supereffective|p2a: Zygarde\n|-activate|p2a: Zygarde|move: Substitute|[damage]\n|cant|p2a: Zygarde|slp\n|\n|-heal|p1a: Porygon2|93\/100|[from] Grassy Terrain\n|-heal|p1b: Incineroar|18\/100|[from] Grassy Terrain\n|-heal|p2b: Rillaboom|94\/100|[from] Grassy Terrain\n|-heal|p2a: Zygarde|99\/100 slp|[from] Grassy Terrain\n|-heal|p2a: Zygarde|100\/100 slp|[from] item: Leftovers\n|upkeep\n|turn|17\n|\n|t:|1700756640\n|switch|p1b: Torkoal|Torkoal, F, tera:Water|78\/100\n|-weather|SunnyDay|[from] ability: Drought|[of] p1b: Torkoal\n|move|p2b: Rillaboom|Grassy Glide|p1b: Torkoal\n|-supereffective|p1b: Torkoal\n|-damage|p1b: Torkoal|16\/100\n|cant|p2a: Zygarde|slp\n|move|p1a: Porygon2|Trick Room|p1a: Porygon2\n|-fieldend|move: Trick Room\n|\n|-weather|SunnyDay|[upkeep]\n|-heal|p2b: Rillaboom|99\/100|[from] Grassy Terrain\n|-heal|p1a: Porygon2|99\/100|[from] Grassy Terrain\n|-heal|p1b: Torkoal|23\/100|[from] Grassy Terrain\n|upkeep\n|turn|18\n|\n|t:|1700756656\n|move|p1b: Torkoal|Protect|p1b: Torkoal\n|-singleturn|p1b: Torkoal|Protect\n|cant|p2a: Zygarde|slp\n|move|p2b: Rillaboom|Wood Hammer|p1a: Porygon2\n|-damage|p1a: Porygon2|47\/100\n|-damage|p2b: Rillaboom|84\/100|[from] Recoil\n|move|p1a: Porygon2|Trick Room|p1a: Porygon2\n|-fieldstart|move: Trick Room|[of] p1a: Porygon2\n|\n|-weather|SunnyDay|[upkeep]\n|-heal|p1b: Torkoal|29\/100|[from] Grassy Terrain\n|-heal|p1a: Porygon2|53\/100|[from] Grassy Terrain\n|-heal|p2b: Rillaboom|90\/100|[from] Grassy Terrain\n|upkeep\n|turn|19\n|\n|t:|1700756669\n|switch|p1b: Incineroar|Incineroar, M|18\/100\n|-ability|p1b: Incineroar|Intimidate|boost\n|-immune|p2a: Zygarde\n|-unboost|p2b: Rillaboom|atk|1\n|move|p2b: Rillaboom|Grassy Glide|p1b: Incineroar\n|-resisted|p1b: Incineroar\n|-damage|p1b: Incineroar|2\/100\n|move|p1a: Porygon2|Ice Beam|p2a: Zygarde\n|-supereffective|p2a: Zygarde\n|-end|p2a: Zygarde|Substitute\n|-curestatus|p2a: Zygarde|slp|[msg]\n|move|p2a: Zygarde|Thousand Arrows|p1b: Incineroar|[spread] p1a,p1b\n|-crit|p1a: Porygon2\n|-supereffective|p1b: Incineroar\n|-damage|p1a: Porygon2|20\/100\n|-damage|p1b: Incineroar|0 fnt\n|faint|p1b: Incineroar\n|\n|-weather|SunnyDay|[upkeep]\n|-heal|p1a: Porygon2|26\/100|[from] Grassy Terrain\n|-heal|p2b: Rillaboom|96\/100|[from] Grassy Terrain\n|-fieldend|move: Grassy Terrain\n|upkeep\n|\n|t:|1700756682\n|switch|p1b: Mimikyu|Mimikyu, F|100\/100\n|turn|20\n|inactive|CharlzA25 has 120 seconds left.\n|\n|t:|1700756720\n|move|p1a: Porygon2|Recover|p1a: Porygon2\n|-heal|p1a: Porygon2|76\/100\n|-zpower|p1b: Mimikyu\n|move|p1b: Mimikyu|Let's Snuggle Forever|p2b: Rillaboom|[zeffect]\n|-damage|p2b: Rillaboom|21\/100\n|move|p2b: Rillaboom|U-turn|p1b: Mimikyu\n|-activate|p1b: Mimikyu|ability: Disguise\n|-damage|p1b: Mimikyu|100\/100\n|detailschange|p1b: Mimikyu|Mimikyu-Busted, F\n|-damage|p1b: Mimikyu|88\/100|[from] pokemon: Mimikyu-Busted\n|inactive|SolarBeam Slakoth has 120 seconds left.\n|\n|t:|1700756752\n|switch|p2b: Charizard|Charizard-Mega-Y, F|100\/100|[from] U-turn\n|move|p2a: Zygarde|Substitute|p2a: Zygarde\n|-start|p2a: Zygarde|Substitute\n|-damage|p2a: Zygarde|76\/100\n|\n|-weather|SunnyDay|[upkeep]\n|-heal|p2a: Zygarde|82\/100|[from] item: Leftovers\n|upkeep\n|turn|21\n|\n|t:|1700756757\n|move|p1a: Porygon2|Eerie Impulse|p2b: Charizard\n|-unboost|p2b: Charizard|spa|2\n|move|p1b: Mimikyu|Wood Hammer|p2a: Zygarde\n|-supereffective|p2a: Zygarde\n|-end|p2a: Zygarde|Substitute\n|-damage|p1b: Mimikyu|79\/100|[from] Recoil|[of] p2a: Zygarde\n|move|p2b: Charizard|Heat Wave|p1a: Porygon2|[spread] p1a,p1b\n|-damage|p1a: Porygon2|58\/100\n|-damage|p1b: Mimikyu|44\/100\n|move|p2a: Zygarde|Thousand Arrows|p1a: Porygon2|[spread] p1a,p1b\n|-damage|p1a: Porygon2|42\/100\n|-damage|p1b: Mimikyu|9\/100\n|\n|-weather|none\n|-heal|p2a: Zygarde|88\/100|[from] item: Leftovers\n|upkeep\n|turn|22\n|inactive|SolarBeam Slakoth has 120 seconds left.\n|\n|t:|1700756789\n|move|p2a: Zygarde|Protect|p2a: Zygarde\n|-singleturn|p2a: Zygarde|Protect\n|move|p1a: Porygon2|Ice Beam|p2a: Zygarde\n|-activate|p2a: Zygarde|move: Protect\n|move|p1b: Mimikyu|Wood Hammer|p2a: Zygarde\n|-activate|p2a: Zygarde|move: Protect\n|move|p2b: Charizard|Heat Wave|p1b: Mimikyu|[spread] p1a,p1b\n|-damage|p1a: Porygon2|31\/100\n|-damage|p1b: Mimikyu|0 fnt\n|faint|p1b: Mimikyu\n|\n|-heal|p2a: Zygarde|94\/100|[from] item: Leftovers\n|-fieldend|move: Trick Room\n|upkeep\n|\n|t:|1700756794\n|switch|p1b: Torkoal|Torkoal, F, tera:Water|29\/100\n|-weather|SunnyDay|[from] ability: Drought|[of] p1b: Torkoal\n|turn|23\n|\n|t:|1700756804\n|move|p1b: Torkoal|Protect|p1b: Torkoal\n|-singleturn|p1b: Torkoal|Protect\n|move|p2a: Zygarde|Thousand Arrows|p1b: Torkoal|[spread] p1a\n|-activate|p1b: Torkoal|move: Protect\n|-damage|p1a: Porygon2|15\/100\n|move|p2b: Charizard|Heat Wave|p1a: Porygon2|[spread] \n|-activate|p1b: Torkoal|move: Protect\n|-miss|p2b: Charizard|p1a: Porygon2\n|move|p1a: Porygon2|Trick Room|p1a: Porygon2\n|-fieldstart|move: Trick Room|[of] p1a: Porygon2\n|\n|-weather|SunnyDay|[upkeep]\n|-heal|p2a: Zygarde|99\/100|[from] item: Leftovers\n|upkeep\n|turn|24\n|\n|t:|1700756824\n|move|p1b: Torkoal|Yawn|p2a: Zygarde\n|-start|p2a: Zygarde|move: Yawn|[of] p1b: Torkoal\n|move|p1a: Porygon2|Recover|p1a: Porygon2\n|-heal|p1a: Porygon2|65\/100\n|move|p2b: Charizard|Heat Wave|p1a: Porygon2|[spread] p1a,p1b\n|-resisted|p1b: Torkoal\n|-damage|p1a: Porygon2|48\/100\n|-damage|p1b: Torkoal|5\/100\n|move|p2a: Zygarde|Substitute|p2a: Zygarde\n|-start|p2a: Zygarde|Substitute\n|-damage|p2a: Zygarde|75\/100\n|\n|-weather|SunnyDay|[upkeep]\n|-heal|p2a: Zygarde|81\/100|[from] item: Leftovers\n|upkeep\n|turn|25\n|\n|t:|1700756844\n|switch|p2b: Mr. Mime|Mr. Mime, F|53\/100\n|move|p2a: Zygarde|Extreme Speed|p1b: Torkoal\n|-damage|p1b: Torkoal|0 fnt\n|faint|p1b: Torkoal\n|move|p1a: Porygon2|Ice Beam|p2a: Zygarde\n|-supereffective|p2a: Zygarde\n|-activate|p2a: Zygarde|move: Substitute|[damage]\n|\n|-weather|SunnyDay|[upkeep]\n|-heal|p2a: Zygarde|88\/100|[from] item: Leftovers\n|-end|p2a: Zygarde|move: Yawn|[silent]\n|-status|p2a: Zygarde|slp\n|upkeep\n|\n|t:|1700756855\n|switch|p1b: Tornadus|Tornadus, M|100\/100\n|turn|26\n|\n|t:|1700756866\n|cant|p2a: Zygarde|slp\n|move|p2b: Mr. Mime|Follow Me|p2b: Mr. Mime\n|-singleturn|p2b: Mr. Mime|move: Follow Me\n|move|p1a: Porygon2|Recover|p1a: Porygon2\n|-heal|p1a: Porygon2|98\/100\n|move|p1b: Tornadus|Bleakwind Storm|p2b: Mr. Mime|[spread] p2a,p2b\n|-end|p2a: Zygarde|Substitute\n|-damage|p2b: Mr. Mime|15\/100\n|\n|-weather|SunnyDay|[upkeep]\n|-heal|p2a: Zygarde|94\/100 slp|[from] item: Leftovers\n|upkeep\n|turn|27\n|\n|t:|1700756883\n|-curestatus|p2a: Zygarde|slp|[msg]\n|move|p2a: Zygarde|Protect|p2a: Zygarde\n|-singleturn|p2a: Zygarde|Protect\n|move|p1a: Porygon2|Ice Beam|p2a: Zygarde\n|-activate|p2a: Zygarde|move: Protect\n|move|p2b: Mr. Mime|Taunt|p1a: Porygon2\n|-start|p1a: Porygon2|move: Taunt\n|move|p1b: Tornadus|Bleakwind Storm|p2a: Zygarde|[spread] p2b\n|-activate|p2a: Zygarde|move: Protect\n|-damage|p2b: Mr. Mime|0 fnt\n|faint|p2b: Mr. Mime\n|\n|-weather|none\n|-heal|p2a: Zygarde|99\/100|[from] item: Leftovers\n|-fieldend|move: Trick Room\n|upkeep\n|\n|t:|1700756898\n|switch|p2b: Charizard|Charizard-Mega-Y, F|100\/100\n|-weather|SunnyDay|[from] ability: Drought|[of] p2b: Charizard\n|turn|28\n|\n|t:|1700756906\n|switch|p1a: Great Tusk|Great Tusk|100\/100\n|-activate|p1a: Great Tusk|ability: Protosynthesis\n|-start|p1a: Great Tusk|protosynthesisatk\n|move|p2a: Zygarde|Thousand Arrows|p1b: Tornadus|[spread] p1a,p1b\n|-damage|p1a: Great Tusk|78\/100\n|-damage|p1b: Tornadus|54\/100\n|-start|p1b: Tornadus|Smack Down\n|move|p1b: Tornadus|Bleakwind Storm|p2b: Charizard|[spread] p2a,p2b\n|-damage|p2a: Zygarde|81\/100\n|-damage|p2b: Charizard|65\/100\n|move|p2b: Charizard|Heat Wave|p1b: Tornadus|[spread] p1a,p1b\n|-damage|p1a: Great Tusk|0 fnt\n|-damage|p1b: Tornadus|0 fnt\n|faint|p1a: Great Tusk\n|-end|p1a: Great Tusk|Protosynthesis|[silent]\n|faint|p1b: Tornadus\n|\n|-weather|SunnyDay|[upkeep]\n|-heal|p2a: Zygarde|88\/100|[from] item: Leftovers\n|upkeep\n|c|\u2606SolarBeam Slakoth|gg wp\n|inactive|CharlzA25 has 120 seconds left.\n|inactive|CharlzA25 has 90 seconds left.\n|inactive|CharlzA25 has 60 seconds left.\n|inactive|CharlzA25 has 30 seconds left.\n|inactive|CharlzA25 has 20 seconds left.\n|inactive|CharlzA25 has 15 seconds left.\n|inactive|CharlzA25 has 10 seconds left.\n|inactive|CharlzA25 has 5 seconds left.\n|-message|CharlzA25 lost due to inactivity.\n|\n|win|SolarBeam Slakoth\n|raw|CharlzA25's rating: 1488 &rarr; <strong>1460<\/strong><br \/>(-28 for losing)\n|raw|SolarBeam Slakoth's rating: 1344 &rarr; <strong>1372<\/strong><br \/>(+28 for winning)\n","uploadtime":1700757061,"views":0,"p1id":"charlza25","p2id":"solarbeamslakoth","formatid":"gen9nationaldexdoubles","rating":1372,"private":0,"password":""}