{"id":"gen9nationaldexdoubles-1964501065","p1":"georgexiii","p2":"Zera & Lucy","format":"[Gen 9] National Dex Doubles","log":"|j|\u2606georgexiii\n|j|\u2606Zera & Lucy\n|t:|1696974318\n|gametype|doubles\n|player|p1|georgexiii|birdkeeper-gen4dp|1118\n|player|p2|Zera & Lucy|cynthia|1255\n|teamsize|p1|6\n|teamsize|p2|6\n|gen|9\n|tier|[Gen 9] National Dex Doubles\n|rated|\n|rule|HP Percentage Mod: HP is shown in percentages\n|rule|Endless Battle Clause: Forcing endless battles is banned\n|rule|OHKO Clause: OHKO moves are banned\n|rule|Evasion Moves Clause: Evasion moves are banned\n|rule|Evasion Abilities Clause: Evasion abilities are banned\n|rule|Species Clause: Limit one of each Pok\u00e9mon\n|rule|Gravity Sleep Clause: The combination of sleep-inducing moves with imperfect accuracy and Gravity or Gigantamax Orbeetle are banned\n|clearpoke\n|poke|p1|Ribombee, F|\n|poke|p1|Oricorio-Pom-Pom, F|\n|poke|p1|Clefable, F|\n|poke|p1|Primarina, M|\n|poke|p1|Chandelure, F|\n|poke|p1|Lopunny, F|\n|poke|p2|Umbreon, M|\n|poke|p2|Goodra-Hisui, F|\n|poke|p2|Amoonguss, F|\n|poke|p2|Sinistcha-Masterpiece|\n|poke|p2|Zapdos|\n|poke|p2|Slowbro, M|\n|teampreview\n|inactive|Battle timer is ON: inactive players will automatically lose when time's up. (requested by Zera & Lucy)\n|\n|t:|1696974339\n|start\n|switch|p1a: Midge|Clefable, F|100\/100\n|switch|p1b: John Cena|Primarina, M, shiny|100\/100\n|switch|p2a: Goodra|Goodra-Hisui, F|100\/100\n|switch|p2b: Simmy|Sinistcha-Masterpiece|100\/100\n|turn|1\n|\n|t:|1696974362\n|move|p1a: Midge|Follow Me|p1a: Midge\n|-singleturn|p1a: Midge|move: Follow Me\n|move|p1b: John Cena|Sing|p2a: Goodra\n|-status|p2a: Goodra|slp|[from] move: Sing\n|cant|p2a: Goodra|slp\n|move|p2b: Simmy|Trick Room|p2b: Simmy\n|-fieldstart|move: Trick Room|[of] p2b: Simmy\n|\n|upkeep\n|turn|2\n|\n|t:|1696974378\n|switch|p2b: Amoonguss|Amoonguss, F|100\/100\n|cant|p2a: Goodra|slp\n|move|p1a: Midge|Encore||[still]\n|-fail|p1a: Midge\n|move|p1b: John Cena|Scald|p2b: Amoonguss\n|-resisted|p2b: Amoonguss\n|-damage|p2b: Amoonguss|85\/100\n|\n|upkeep\n|turn|3\n|\n|t:|1696974399\n|move|p2b: Amoonguss|Protect|p2b: Amoonguss\n|-singleturn|p2b: Amoonguss|Protect\n|move|p1a: Midge|Follow Me|p1a: Midge\n|-singleturn|p1a: Midge|move: Follow Me\n|cant|p2a: Goodra|slp\n|move|p1b: John Cena|Scald|p2b: Amoonguss\n|-activate|p2b: Amoonguss|move: Protect\n|\n|upkeep\n|turn|4\n|\n|t:|1696974411\n|switch|p2b: Slowbro|Slowbro, M|100\/100\n|-curestatus|p2a: Goodra|slp|[msg]\n|move|p2a: Goodra|Acid Armor|p2a: Goodra\n|-boost|p2a: Goodra|def|2\n|move|p1a: Midge|Encore||[still]\n|-fail|p1a: Midge\n|move|p1b: John Cena|Scald|p2a: Goodra\n|-resisted|p2a: Goodra\n|-damage|p2a: Goodra|90\/100\n|-status|p2a: Goodra|brn\n|\n|-heal|p2a: Goodra|96\/100 brn|[from] item: Leftovers\n|-damage|p2a: Goodra|90\/100 brn|[from] brn\n|upkeep\n|turn|5\n|\n|t:|1696974431\n|move|p2b: Slowbro|Psychic Terrain|p2b: Slowbro\n|-fieldstart|move: Psychic Terrain\n|move|p2a: Goodra|Acid Armor|p2a: Goodra\n|-boost|p2a: Goodra|def|2\n|move|p1a: Midge|Encore|p2a: Goodra\n|-start|p2a: Goodra|Encore\n|move|p1b: John Cena|Sing|p2b: Slowbro\n|-status|p2b: Slowbro|slp|[from] move: Sing\n|\n|-heal|p2a: Goodra|96\/100 brn|[from] item: Leftovers\n|-damage|p2a: Goodra|90\/100 brn|[from] brn\n|-fieldend|move: Trick Room\n|upkeep\n|turn|6\n|\n|t:|1696974457\n|move|p1a: Midge|Follow Me|p1a: Midge\n|-singleturn|p1a: Midge|move: Follow Me\n|move|p1b: John Cena|Psych Up|p2a: Goodra\n|-copyboost|p1b: John Cena|p2a: Goodra|[from] move: Psych Up\n|move|p2a: Goodra|Acid Armor|p2a: Goodra\n|-boost|p2a: Goodra|def|2\n|cant|p2b: Slowbro|slp\n|\n|-heal|p2a: Goodra|96\/100 brn|[from] item: Leftovers\n|-damage|p2a: Goodra|90\/100 brn|[from] brn\n|upkeep\n|turn|7\n|\n|t:|1696974475\n|switch|p2b: Amoonguss|Amoonguss, F|100\/100\n|move|p1b: John Cena|Draining Kiss|p2a: Goodra\n|-damage|p2a: Goodra|76\/100 brn\n|-ability|p2a: Goodra|Gooey\n|-unboost|p1b: John Cena|spe|1\n|move|p1a: Midge|Wish|p1a: Midge\n|move|p2a: Goodra|Acid Armor|p2a: Goodra\n|-boost|p2a: Goodra|def|0\n|\n|-heal|p2a: Goodra|82\/100 brn|[from] item: Leftovers\n|-damage|p2a: Goodra|76\/100 brn|[from] brn\n|upkeep\n|turn|8\n|\n|t:|1696974492\n|move|p1a: Midge|Follow Me|p1a: Midge\n|-singleturn|p1a: Midge|move: Follow Me\n|move|p1b: John Cena|Psych Up|p2a: Goodra\n|-copyboost|p1b: John Cena|p2a: Goodra|[from] move: Psych Up\n|move|p2a: Goodra|Acid Armor|p2a: Goodra\n|-boost|p2a: Goodra|def|0\n|move|p2b: Amoonguss|Spore|p1a: Midge\n|-status|p1a: Midge|slp|[from] move: Spore\n|\n|-heal|p2a: Goodra|82\/100 brn|[from] item: Leftovers\n|-damage|p2a: Goodra|76\/100 brn|[from] brn\n|-end|p2a: Goodra|Encore\n|upkeep\n|turn|9\n|\n|t:|1696974524\n|-terastallize|p1b: John Cena|Steel\n|move|p2b: Amoonguss|Protect|p2b: Amoonguss\n|-singleturn|p2b: Amoonguss|Protect\n|move|p1b: John Cena|Scald|p2b: Amoonguss\n|-activate|p2b: Amoonguss|move: Protect\n|cant|p1a: Midge|slp\n|move|p2a: Goodra|Gyro Ball|p1b: John Cena\n|-resisted|p1b: John Cena\n|-damage|p1b: John Cena|99\/100\n|\n|-heal|p2a: Goodra|82\/100 brn|[from] item: Leftovers\n|-damage|p2a: Goodra|76\/100 brn|[from] brn\n|-fieldend|move: Psychic Terrain\n|upkeep\n|turn|10\n|\n|t:|1696974546\n|switch|p2b: Slowbro|Slowbro, M|100\/100 slp\n|move|p1b: John Cena|Sing|p2b: Slowbro\n|-fail|p2b: Slowbro|slp\n|cant|p1a: Midge|slp\n|move|p2a: Goodra|Body Press|p1b: John Cena\n|-supereffective|p1b: John Cena\n|-damage|p1b: John Cena|77\/100\n|\n|-heal|p2a: Goodra|82\/100 brn|[from] item: Leftovers\n|-damage|p2a: Goodra|76\/100 brn|[from] brn\n|upkeep\n|turn|11\n|\n|t:|1696974571\n|move|p1b: John Cena|Draining Kiss|p2a: Goodra\n|-damage|p2a: Goodra|62\/100 brn\n|-heal|p1b: John Cena|88\/100|[from] drain|[of] p2a: Goodra\n|-ability|p2a: Goodra|Gooey\n|-unboost|p1b: John Cena|spe|1\n|cant|p1a: Midge|slp\n|move|p2a: Goodra|Gyro Ball|p1a: Midge\n|-supereffective|p1a: Midge\n|-damage|p1a: Midge|89\/100 slp\n|-curestatus|p2b: Slowbro|slp|[msg]\n|move|p2b: Slowbro|Psychic Terrain|p2b: Slowbro\n|-fieldstart|move: Psychic Terrain\n|\n|-heal|p2a: Goodra|68\/100 brn|[from] item: Leftovers\n|-damage|p2a: Goodra|62\/100 brn|[from] brn\n|upkeep\n|turn|12\n|\n|t:|1696974596\n|-curestatus|p1a: Midge|slp|[msg]\n|move|p1a: Midge|Toxic|p2b: Slowbro\n|-status|p2b: Slowbro|tox\n|move|p1b: John Cena|Draining Kiss|p2a: Goodra\n|-damage|p2a: Goodra|47\/100 brn\n|-heal|p1b: John Cena|99\/100|[from] drain|[of] p2a: Goodra\n|-ability|p2a: Goodra|Gooey\n|-unboost|p1b: John Cena|spe|1\n|move|p2b: Slowbro|Expanding Force|p1a: Midge|[spread] p1a,p1b\n|-resisted|p1b: John Cena\n|-damage|p1a: Midge|58\/100\n|-damage|p1b: John Cena|83\/100\n|move|p2a: Goodra|Dragon Tail|p1b: John Cena\n|-resisted|p1b: John Cena\n|-damage|p1b: John Cena|81\/100\n|drag|p1b: Cream|Oricorio-Pom-Pom, F, shiny|100\/100\n|\n|-heal|p2a: Goodra|54\/100 brn|[from] item: Leftovers\n|-damage|p2b: Slowbro|94\/100 tox|[from] psn\n|-damage|p2a: Goodra|47\/100 brn|[from] brn\n|upkeep\n|turn|13\n|inactive|georgexiii has 120 seconds left.\n|inactive|Zera & Lucy has 120 seconds left.\n|\n|t:|1696974630\n|move|p1b: Cream|Substitute|p1b: Cream\n|-start|p1b: Cream|Substitute\n|-damage|p1b: Cream|76\/100\n|move|p1a: Midge|Wish|p1a: Midge\n|move|p2b: Slowbro|Expanding Force|p1a: Midge|[spread] p1a,p1b\n|-end|p1b: Cream|Substitute\n|-damage|p1a: Midge|29\/100\n|move|p2a: Goodra|Dragon Tail|p1b: Cream\n|-damage|p1b: Cream|61\/100\n|drag|p1b: John Cena|Primarina, M, shiny, tera:Steel|81\/100\n|\n|-heal|p2a: Goodra|54\/100 brn|[from] item: Leftovers\n|-damage|p2b: Slowbro|82\/100 tox|[from] psn\n|-damage|p2a: Goodra|47\/100 brn|[from] brn\n|upkeep\n|turn|14\n|\n|t:|1696974653\n|move|p1a: Midge|Follow Me|p1a: Midge\n|-singleturn|p1a: Midge|move: Follow Me\n|move|p1b: John Cena|Scald|p2a: Goodra\n|-resisted|p2a: Goodra\n|-damage|p2a: Goodra|36\/100 brn\n|move|p2b: Slowbro|Expanding Force|p1b: John Cena|[spread] p1a,p1b\n|-resisted|p1b: John Cena\n|-damage|p1a: Midge|0 fnt\n|-damage|p1b: John Cena|62\/100\n|faint|p1a: Midge\n|move|p2a: Goodra|Dragon Tail|p1b: John Cena\n|-resisted|p1b: John Cena\n|-damage|p1b: John Cena|56\/100\n|drag|p1b: Blue|Ribombee, F, shiny|100\/100\n|\n|-heal|p2a: Goodra|42\/100 brn|[from] item: Leftovers\n|-damage|p2b: Slowbro|64\/100 tox|[from] psn\n|-damage|p2a: Goodra|36\/100 brn|[from] brn\n|upkeep\n|inactive|georgexiii has 120 seconds left.\n|\n|t:|1696974669\n|switch|p1a: Cream|Oricorio-Pom-Pom, F, shiny|61\/100\n|turn|15\n|\n|t:|1696974689\n|move|p1b: Blue|Moonblast|p2a: Goodra\n|-damage|p2a: Goodra|9\/100 brn\n|-damage|p1b: Blue|91\/100|[from] item: Life Orb\n|move|p1a: Cream|Revelation Dance|p2a: Goodra\n|-resisted|p2a: Goodra\n|-damage|p2a: Goodra|2\/100 brn\n|move|p2a: Goodra|Gyro Ball|p1b: Blue\n|-supereffective|p1b: Blue\n|-damage|p1b: Blue|41\/100\n|move|p2b: Slowbro|Ice Beam|p1a: Cream\n|-supereffective|p1a: Cream\n|-damage|p1a: Cream|8\/100\n|\n|-heal|p1a: Cream|14\/100|[from] item: Leftovers\n|-heal|p2a: Goodra|8\/100 brn|[from] item: Leftovers\n|-damage|p2b: Slowbro|40\/100 tox|[from] psn\n|-damage|p2a: Goodra|2\/100 brn|[from] brn\n|-fieldend|move: Psychic Terrain\n|upkeep\n|turn|16\n|\n|t:|1696974707\n|move|p1b: Blue|Quiver Dance|p1b: Blue\n|-boost|p1b: Blue|spa|1\n|-boost|p1b: Blue|spd|1\n|-boost|p1b: Blue|spe|1\n|-activate|p1a: Cream|ability: Dancer\n|move|p1a: Cream|Quiver Dance|p1a: Cream|[from]ability: Dancer\n|-boost|p1a: Cream|spa|1\n|-boost|p1a: Cream|spd|1\n|-boost|p1a: Cream|spe|1\n|move|p1a: Cream|Icy Wind|p2b: Slowbro|[spread] p2a,p2b\n|-resisted|p2b: Slowbro\n|-damage|p2a: Goodra|0 fnt\n|-damage|p2b: Slowbro|33\/100 tox\n|-unboost|p2b: Slowbro|spe|1\n|faint|p2a: Goodra\n|move|p2b: Slowbro|Expanding Force|p1a: Cream\n|-damage|p1a: Cream|0 fnt\n|faint|p1a: Cream\n|\n|-damage|p2b: Slowbro|2\/100 tox|[from] psn\n|upkeep\n|\n|t:|1696974731\n|switch|p1a: John Cena|Primarina, M, shiny, tera:Steel|56\/100\n|switch|p2a: Zapdos|Zapdos|100\/100\n|-ability|p2a: Zapdos|Pressure\n|turn|17\n|\n|t:|1696974760\n|move|p1b: Blue|Quiver Dance|p1b: Blue\n|-boost|p1b: Blue|spa|1\n|-boost|p1b: Blue|spd|1\n|-boost|p1b: Blue|spe|1\n|move|p2a: Zapdos|Thunder Wave|p1b: Blue\n|-status|p1b: Blue|par\n|move|p1a: John Cena|Sing|p2a: Zapdos|[miss]\n|-miss|p1a: John Cena|p2a: Zapdos\n|-enditem|p1a: John Cena|Blunder Policy\n|-boost|p1a: John Cena|spe|2\n|move|p2b: Slowbro|Psychic Terrain|p2b: Slowbro\n|-fieldstart|move: Psychic Terrain\n|\n|-damage|p2b: Slowbro|0 fnt|[from] psn\n|faint|p2b: Slowbro\n|upkeep\n|\n|t:|1696974772\n|switch|p2b: Amoonguss|Amoonguss, F|100\/100\n|turn|18\n|inactive|georgexiii has 120 seconds left.\n|\n|t:|1696974826\n|move|p1a: John Cena|Scald|p2b: Amoonguss\n|-resisted|p2b: Amoonguss\n|-damage|p2b: Amoonguss|87\/100\n|move|p1b: Blue|Moonblast|p2b: Amoonguss\n|-resisted|p2b: Amoonguss\n|-damage|p2b: Amoonguss|47\/100\n|-unboost|p2b: Amoonguss|spa|1\n|-damage|p1b: Blue|31\/100 par|[from] item: Life Orb\n|move|p2a: Zapdos|Volt Switch|p1b: Blue\n|-damage|p1b: Blue|0 fnt\n|faint|p1b: Blue\n|c|\u2606georgexiii|this is interesting\n|inactive|Zera & Lucy has 120 seconds left.\n|\n|t:|1696974839\n|switch|p2a: Simmy|Sinistcha-Masterpiece|100\/100|[from] Volt Switch\n|-heal|p2b: Amoonguss|72\/100|[from] ability: Hospitality|[of] p2a: Simmy\n|move|p2b: Amoonguss|Toxic|p1a: John Cena\n|-immune|p1a: John Cena\n|\n|upkeep\n|\n|t:|1696974845\n|switch|p1b: President Barbie|Lopunny, F, shiny|100\/100\n|turn|19\n|inactive|georgexiii has 120 seconds left.\n|\n|t:|1696974861\n|detailschange|p1b: President Barbie|Lopunny-Mega, F, shiny\n|-mega|p1b: President Barbie|Lopunny|Lopunnite\n|move|p2a: Simmy|Protect|p2a: Simmy\n|-singleturn|p2a: Simmy|Protect\n|move|p1b: President Barbie|Fake Out|p2b: Amoonguss\n|-activate|p2b: Amoonguss|move: Psychic Terrain\n|move|p1a: John Cena|Draining Kiss|p2a: Simmy\n|-activate|p2a: Simmy|move: Protect\n|move|p2b: Amoonguss|Spore|p1b: President Barbie\n|-status|p1b: President Barbie|slp|[from] move: Spore\n|\n|upkeep\n|turn|20\n|\n|t:|1696974884\n|switch|p1b: Teehee|Chandelure, F|100\/100\n|move|p1a: John Cena|Draining Kiss|p2a: Simmy\n|-damage|p2a: Simmy|67\/100\n|-heal|p1a: John Cena|82\/100|[from] drain|[of] p2a: Simmy\n|move|p2a: Simmy|Matcha Gotcha|p1b: Teehee|[spread] p1a,p1b\n|-resisted|p1a: John Cena\n|-resisted|p1b: Teehee\n|-damage|p1a: John Cena|71\/100\n|-heal|p2a: Simmy|72\/100|[from] drain|[of] p1a: John Cena\n|-damage|p1b: Teehee|83\/100\n|-heal|p2a: Simmy|79\/100|[from] drain|[of] p1b: Teehee\n|move|p2b: Amoonguss|Spore|p1a: John Cena\n|-status|p1a: John Cena|slp|[from] move: Spore\n|\n|upkeep\n|turn|21\n|c|\u2606georgexiii|I forgot the field\n|\n|t:|1696974909\n|switch|p2a: Umbreon|Umbreon, M|100\/100\n|cant|p1a: John Cena|slp\n|move|p1b: Teehee|Substitute|p1b: Teehee\n|-start|p1b: Teehee|Substitute\n|-damage|p1b: Teehee|58\/100\n|move|p2b: Amoonguss|Spore||[still]\n|-fail|p2b: Amoonguss\n|\n|-fieldend|move: Psychic Terrain\n|upkeep\n|turn|22\n|\n|t:|1696974928\n|switch|p2b: Zapdos|Zapdos|100\/100\n|-ability|p2b: Zapdos|Pressure\n|cant|p1a: John Cena|slp\n|move|p1b: Teehee|Flamethrower|p2b: Zapdos\n|-damage|p2b: Zapdos|36\/100\n|move|p2a: Umbreon|Throat Chop|p1b: Teehee\n|-supereffective|p1b: Teehee\n|-end|p1b: Teehee|Substitute\n|\n|-heal|p2b: Zapdos|42\/100|[from] item: Leftovers\n|upkeep\n|turn|23\n|\n|t:|1696974952\n|-curestatus|p1a: John Cena|slp|[msg]\n|move|p1a: John Cena|Draining Kiss|p2a: Umbreon\n|-supereffective|p2a: Umbreon\n|-damage|p2a: Umbreon|73\/100\n|-heal|p1a: John Cena|96\/100|[from] drain|[of] p2a: Umbreon\n|move|p2b: Zapdos|Volt Switch|p1b: Teehee\n|-damage|p1b: Teehee|10\/100\n|\n|t:|1696974962\n|switch|p2b: Simmy|Sinistcha-Masterpiece|79\/100|[from] Volt Switch\n|-heal|p2a: Umbreon|98\/100|[from] ability: Hospitality|[of] p2b: Simmy\n|move|p1b: Teehee|Substitute|p1b: Teehee\n|-fail|p1b: Teehee|move: Substitute|[weak]\n|move|p2a: Umbreon|Throat Chop|p1b: Teehee\n|-supereffective|p1b: Teehee\n|-damage|p1b: Teehee|0 fnt\n|faint|p1b: Teehee\n|\n|-heal|p2a: Umbreon|100\/100|[from] item: Leftovers\n|upkeep\n|\n|t:|1696974969\n|switch|p1b: President Barbie|Lopunny-Mega, F, shiny|100\/100 slp\n|turn|24\n|\n|t:|1696974985\n|move|p1a: John Cena|Sing|p2b: Simmy\n|-status|p2b: Simmy|slp|[from] move: Sing\n|cant|p1b: President Barbie|slp\n|move|p2a: Umbreon|Throat Chop|p1b: President Barbie\n|-resisted|p1b: President Barbie\n|-damage|p1b: President Barbie|87\/100 slp\n|-start|p1b: President Barbie|Throat Chop|[silent]\n|cant|p2b: Simmy|slp\n|\n|upkeep\n|turn|25\n|inactive|Zera & Lucy has 120 seconds left.\n|\n|t:|1696975015\n|switch|p2b: Amoonguss|Amoonguss, F|100\/100\n|move|p1a: John Cena|Scald|p2a: Umbreon\n|-damage|p2a: Umbreon|78\/100\n|cant|p1b: President Barbie|slp\n|move|p2a: Umbreon|Throat Chop|p1a: John Cena\n|-damage|p1a: John Cena|71\/100\n|-start|p1a: John Cena|Throat Chop|[silent]\n|\n|-heal|p2a: Umbreon|84\/100|[from] item: Leftovers\n|-end|p1b: President Barbie|Throat Chop|[silent]\n|upkeep\n|turn|26\n|\n|t:|1696975033\n|move|p2b: Amoonguss|Rage Powder|p2b: Amoonguss\n|-singleturn|p2b: Amoonguss|move: Rage Powder\n|move|p1a: John Cena|Scald|p2b: Amoonguss\n|-resisted|p2b: Amoonguss\n|-damage|p2b: Amoonguss|87\/100\n|-curestatus|p1b: President Barbie|slp|[msg]\n|move|p1b: President Barbie|Power-Up Punch|p2b: Amoonguss\n|-resisted|p2b: Amoonguss\n|-damage|p2b: Amoonguss|77\/100\n|-boost|p1b: President Barbie|atk|1\n|move|p2a: Umbreon|Yawn|p1a: John Cena\n|-start|p1a: John Cena|move: Yawn|[of] p2a: Umbreon\n|\n|-heal|p2a: Umbreon|90\/100|[from] item: Leftovers\n|-end|p1a: John Cena|Throat Chop|[silent]\n|upkeep\n|turn|27\n|\n|t:|1696975060\n|switch|p2a: Simmy|Sinistcha-Masterpiece|79\/100 slp\n|-heal|p2b: Amoonguss|100\/100|[from] ability: Hospitality|[of] p2a: Simmy\n|switch|p2b: Zapdos|Zapdos|42\/100\n|-ability|p2b: Zapdos|Pressure\n|move|p1a: John Cena|Draining Kiss|p2a: Simmy\n|-damage|p2a: Simmy|47\/100 slp\n|-heal|p1a: John Cena|96\/100|[from] drain|[of] p2a: Simmy\n|move|p1b: President Barbie|Heal Bell||[still]\n|-activate|p1b: President Barbie|move: Heal Bell\n|-fail|p1b: President Barbie\n|\n|-heal|p2b: Zapdos|48\/100|[from] item: Leftovers\n|-end|p1a: John Cena|move: Yawn|[silent]\n|-status|p1a: John Cena|slp\n|upkeep\n|turn|28\n|inactive|Zera & Lucy has 120 seconds left.\n|\n|t:|1696975093\n|switch|p2a: Umbreon|Umbreon, M|90\/100\n|cant|p1a: John Cena|slp\n|move|p1b: President Barbie|Heal Bell|p1b: President Barbie\n|-activate|p1b: President Barbie|move: Heal Bell\n|-curestatus|p1a: John Cena|slp|[msg]\n|move|p2b: Zapdos|Thunder Wave|p1b: President Barbie\n|-status|p1b: President Barbie|par\n|\n|-heal|p2b: Zapdos|55\/100|[from] item: Leftovers\n|-heal|p2a: Umbreon|96\/100|[from] item: Leftovers\n|upkeep\n|turn|29\n|c|\u2606georgexiii|rip\n|\n|t:|1696975117\n|move|p1a: John Cena|Sing|p2b: Zapdos\n|-status|p2b: Zapdos|slp|[from] move: Sing\n|cant|p2b: Zapdos|slp\n|move|p1b: President Barbie|Power-Up Punch|p2a: Umbreon\n|-supereffective|p2a: Umbreon\n|-damage|p2a: Umbreon|43\/100\n|-boost|p1b: President Barbie|atk|1\n|move|p2a: Umbreon|Throat Chop|p1a: John Cena\n|-damage|p1a: John Cena|68\/100\n|-start|p1a: John Cena|Throat Chop|[silent]\n|\n|-heal|p2b: Zapdos|61\/100 slp|[from] item: Leftovers\n|-heal|p2a: Umbreon|49\/100|[from] item: Leftovers\n|upkeep\n|turn|30\n|\n|t:|1696975134\n|move|p1a: John Cena|Draining Kiss|p2a: Umbreon\n|-supereffective|p2a: Umbreon\n|-crit|p2a: Umbreon\n|-damage|p2a: Umbreon|8\/100\n|-heal|p1a: John Cena|100\/100|[from] drain|[of] p2a: Umbreon\n|-curestatus|p2b: Zapdos|slp|[msg]\n|move|p2b: Zapdos|Defog|p1a: John Cena\n|-unboost|p1a: John Cena|evasion|1\n|cant|p1b: President Barbie|par\n|move|p2a: Umbreon|Throat Chop|p1b: President Barbie\n|-resisted|p1b: President Barbie\n|-damage|p1b: President Barbie|75\/100 par\n|-start|p1b: President Barbie|Throat Chop|[silent]\n|\n|-heal|p2b: Zapdos|67\/100|[from] item: Leftovers\n|-heal|p2a: Umbreon|14\/100|[from] item: Leftovers\n|-end|p1a: John Cena|Throat Chop|[silent]\n|upkeep\n|turn|31\n|\n|t:|1696975158\n|move|p1a: John Cena|Draining Kiss|p2b: Zapdos\n|-damage|p2b: Zapdos|34\/100\n|move|p2b: Zapdos|Thunder Wave|p1a: John Cena\n|-status|p1a: John Cena|par\n|cant|p1b: President Barbie|par\n|move|p2a: Umbreon|Throat Chop|p1a: John Cena\n|-damage|p1a: John Cena|75\/100 par\n|-start|p1a: John Cena|Throat Chop|[silent]\n|\n|-heal|p2b: Zapdos|40\/100|[from] item: Leftovers\n|-heal|p2a: Umbreon|20\/100|[from] item: Leftovers\n|-end|p1b: President Barbie|Throat Chop|[silent]\n|upkeep\n|turn|32\n|\n|t:|1696975179\n|switch|p2a: Amoonguss|Amoonguss, F|100\/100\n|-terastallize|p2b: Zapdos|Electric\n|move|p2b: Zapdos|Thunderbolt|p1a: John Cena\n|-damage|p1a: John Cena|17\/100 par\n|move|p1a: John Cena|Draining Kiss|p2a: Amoonguss\n|-resisted|p2a: Amoonguss\n|-damage|p2a: Amoonguss|92\/100\n|-heal|p1a: John Cena|26\/100 par|[from] drain|[of] p2a: Amoonguss\n|cant|p1b: President Barbie|par\n|\n|-heal|p2b: Zapdos|47\/100|[from] item: Leftovers\n|-end|p1a: John Cena|Throat Chop|[silent]\n|upkeep\n|turn|33\n|\n|t:|1696975200\n|move|p2a: Amoonguss|Rage Powder|p2a: Amoonguss\n|-singleturn|p2a: Amoonguss|move: Rage Powder\n|move|p2b: Zapdos|Thunderbolt|p1a: John Cena\n|-damage|p1a: John Cena|0 fnt\n|faint|p1a: John Cena\n|move|p1b: President Barbie|Heal Bell|p1b: President Barbie\n|-activate|p1b: President Barbie|move: Heal Bell\n|-curestatus|p1b: President Barbie|par|[msg]\n|\n|-heal|p2b: Zapdos|53\/100|[from] item: Leftovers\n|upkeep\n|turn|34\n|c|\u2606Zera & Lucy|Respect the stall.\n|\n|t:|1696975224\n|move|p1b: President Barbie|Power-Up Punch|p2b: Zapdos\n|-damage|p2b: Zapdos|0 fnt\n|-boost|p1b: President Barbie|atk|1\n|faint|p2b: Zapdos\n|move|p2a: Amoonguss|Spore|p1b: President Barbie\n|-status|p1b: President Barbie|slp|[from] move: Spore\n|\n|upkeep\n|c|\u2606georgexiii|its coo\n|c|\u2606georgexiii|cool*\n|\n|t:|1696975233\n|switch|p2b: Simmy|Sinistcha-Masterpiece|47\/100 slp\n|-heal|p2a: Amoonguss|100\/100|[from] ability: Hospitality|[of] p2b: Simmy\n|turn|35\n|\n|t:|1696975243\n|move|p2a: Amoonguss|Protect|p2a: Amoonguss\n|-singleturn|p2a: Amoonguss|Protect\n|cant|p1b: President Barbie|slp\n|cant|p2b: Simmy|slp\n|\n|upkeep\n|turn|36\n|c|\u2606georgexiii|I hae amoonguss to death\n|\n|t:|1696975252\n|move|p2a: Amoonguss|Rage Powder|p2a: Amoonguss\n|-singleturn|p2a: Amoonguss|move: Rage Powder\n|-curestatus|p1b: President Barbie|slp|[msg]\n|move|p1b: President Barbie|Power-Up Punch|p2a: Amoonguss\n|-resisted|p2a: Amoonguss\n|-damage|p2a: Amoonguss|74\/100\n|-boost|p1b: President Barbie|atk|1\n|-curestatus|p2b: Simmy|slp|[msg]\n|move|p2b: Simmy|Matcha Gotcha|p1b: President Barbie|[miss]\n|-miss|p2b: Simmy|p1b: President Barbie\n|\n|upkeep\n|turn|37\n|c|\u2606georgexiii|hate*\n|\n|t:|1696975268\n|move|p2a: Amoonguss|Rage Powder|p2a: Amoonguss\n|-singleturn|p2a: Amoonguss|move: Rage Powder\n|move|p1b: President Barbie|Power-Up Punch|p2a: Amoonguss\n|-resisted|p2a: Amoonguss\n|-damage|p2a: Amoonguss|41\/100\n|-boost|p1b: President Barbie|atk|1\n|move|p2b: Simmy|Matcha Gotcha|p1b: President Barbie\n|-damage|p1b: President Barbie|32\/100\n|-heal|p2b: Simmy|64\/100|[from] drain|[of] p1b: President Barbie\n|-status|p1b: President Barbie|brn\n|\n|-damage|p1b: President Barbie|26\/100 brn|[from] brn\n|upkeep\n|turn|38\n|\n|t:|1696975279\n|move|p2a: Amoonguss|Rage Powder|p2a: Amoonguss\n|-singleturn|p2a: Amoonguss|move: Rage Powder\n|move|p1b: President Barbie|High Jump Kick|p2a: Amoonguss\n|-resisted|p2a: Amoonguss\n|-damage|p2a: Amoonguss|0 fnt\n|faint|p2a: Amoonguss\n|move|p2b: Simmy|Matcha Gotcha|p1b: President Barbie\n|-damage|p1b: President Barbie|0 fnt\n|-heal|p2b: Simmy|74\/100|[from] drain|[of] p1b: President Barbie\n|faint|p1b: President Barbie\n|\n|win|Zera & Lucy\n|raw|georgexiii's rating: 1118 &rarr; <strong>1102<\/strong><br \/>(-16 for losing)\n|raw|Zera &amp; Lucy's rating: 1255 &rarr; <strong>1271<\/strong><br \/>(+16 for winning)\n|c|\u2606georgexiii|gg\n","uploadtime":1696975294,"views":16,"p1id":"georgexiii","p2id":"zeralucy","formatid":"gen9nationaldexdoubles","rating":1102,"private":0,"password":""}