{"id":"gen9nationaldexdoubles-1992269921","p1":"RenLegend","p2":"UltraVapor","format":"[Gen 9] National Dex Doubles","log":"|j|\u2606RenLegend\n|j|\u2606UltraVapor\n|t:|1700169487\n|gametype|doubles\n|player|p1|RenLegend|swimmerf|1168\n|player|p2|UltraVapor|shelly|1122\n|teamsize|p1|6\n|teamsize|p2|6\n|gen|9\n|tier|[Gen 9] National Dex Doubles\n|rated|\n|rule|HP Percentage Mod: HP is shown in percentages\n|rule|Endless Battle Clause: Forcing endless battles is banned\n|rule|OHKO Clause: OHKO moves are banned\n|rule|Evasion Moves Clause: Evasion moves are banned\n|rule|Evasion Abilities Clause: Evasion abilities are banned\n|rule|Species Clause: Limit one of each Pok\u00e9mon\n|rule|Gravity Sleep Clause: The combination of sleep-inducing moves with imperfect accuracy and Gravity or Gigantamax Orbeetle are banned\n|clearpoke\n|poke|p1|Aegislash, F|\n|poke|p1|Kingambit, F|\n|poke|p1|Flutter Mane|\n|poke|p1|Clawitzer, M|\n|poke|p1|Ogerpon-Hearthflame, F|\n|poke|p1|Clodsire, F|\n|poke|p2|Ninetales, F|\n|poke|p2|Chi-Yu|\n|poke|p2|Ogerpon-Hearthflame, F|\n|poke|p2|Walking Wake|\n|poke|p2|Skeledirge, F|\n|poke|p2|Oricorio, F|\n|teampreview\n|\n|t:|1700169497\n|start\n|switch|p1a: Clodsire|Clodsire, F|100\/100\n|switch|p1b: Clawitzer|Clawitzer, M|100\/100\n|switch|p2a: Summer|Ninetales, F|100\/100\n|switch|p2b: Suicusaur|Walking Wake|100\/100\n|-weather|SunnyDay|[from] ability: Drought|[of] p2a: Summer\n|-activate|p2b: Suicusaur|ability: Protosynthesis\n|-start|p2b: Suicusaur|protosynthesisspa\n|turn|1\n|\n|t:|1700169524\n|move|p2b: Suicusaur|Dragon Pulse|p1b: Clawitzer\n|-damage|p1b: Clawitzer|39\/100\n|move|p2a: Summer|Extrasensory|p1a: Clodsire\n|-supereffective|p1a: Clodsire\n|-damage|p1a: Clodsire|72\/100\n|-damage|p2a: Summer|91\/100|[from] item: Life Orb\n|move|p1b: Clawitzer|Water Pulse|p2a: Summer\n|-supereffective|p2a: Summer\n|-damage|p2a: Summer|30\/100\n|move|p1a: Clodsire|Toxic Spikes|p2a: Summer\n|-sidestart|p2: UltraVapor|move: Toxic Spikes\n|\n|-weather|SunnyDay|[upkeep]\n|-heal|p1b: Clawitzer|45\/100|[from] item: Leftovers\n|-heal|p1a: Clodsire|78\/100|[from] item: Leftovers\n|upkeep\n|turn|2\n|\n|t:|1700169554\n|move|p2b: Suicusaur|Hydro Steam|p1a: Clodsire\n|-supereffective|p1a: Clodsire\n|-damage|p1a: Clodsire|0 fnt\n|faint|p1a: Clodsire\n|move|p2a: Summer|Extrasensory|p1b: Clawitzer\n|-damage|p1b: Clawitzer|11\/100\n|-damage|p2a: Summer|20\/100|[from] item: Life Orb\n|move|p1b: Clawitzer|Dragon Pulse|p2b: Suicusaur\n|-supereffective|p2b: Suicusaur\n|-damage|p2b: Suicusaur|0 fnt\n|faint|p2b: Suicusaur\n|-end|p2b: Suicusaur|Protosynthesis|[silent]\n|\n|-weather|SunnyDay|[upkeep]\n|-heal|p1b: Clawitzer|17\/100|[from] item: Leftovers\n|upkeep\n|\n|t:|1700169569\n|switch|p2b: Scout TF2|Ogerpon-Hearthflame, F|100\/100\n|switch|p1a: SpeedOsoundSonic|Flutter Mane|100\/100\n|-activate|p1a: SpeedOsoundSonic|ability: Protosynthesis\n|-start|p1a: SpeedOsoundSonic|protosynthesisspe\n|-status|p2b: Scout TF2|psn\n|-ability|p2b: Scout TF2|Mold Breaker\n|turn|3\n|\n|t:|1700169594\n|move|p1a: SpeedOsoundSonic|Dazzling Gleam|p2b: Scout TF2|[spread] p2a,p2b\n|-resisted|p2a: Summer\n|-resisted|p2b: Scout TF2\n|-damage|p2a: Summer|0 fnt\n|-damage|p2b: Scout TF2|82\/100 psn\n|faint|p2a: Summer\n|move|p2b: Scout TF2|Horn Leech|p1b: Clawitzer\n|-supereffective|p1b: Clawitzer\n|-damage|p1b: Clawitzer|0 fnt\n|-heal|p2b: Scout TF2|92\/100 psn|[from] drain|[of] p1b: Clawitzer\n|faint|p1b: Clawitzer\n|\n|-weather|SunnyDay|[upkeep]\n|-damage|p2b: Scout TF2|80\/100 psn|[from] psn\n|upkeep\n|\n|t:|1700169611\n|switch|p2a: BIDEN BLAST|Chi-Yu|100\/100\n|switch|p1b: Ogerpon|Ogerpon-Hearthflame, F|100\/100\n|-ability|p1b: Ogerpon|Mold Breaker\n|-status|p2a: BIDEN BLAST|psn\n|-ability|p2a: BIDEN BLAST|Beads of Ruin\n|turn|4\n|\n|t:|1700169642\n|-terastallize|p2a: BIDEN BLAST|Ghost\n|move|p1a: SpeedOsoundSonic|Dazzling Gleam|p2b: Scout TF2|[spread] p2a,p2b\n|-resisted|p2b: Scout TF2\n|-damage|p2a: BIDEN BLAST|66\/100 psn\n|-damage|p2b: Scout TF2|54\/100 psn\n|move|p1b: Ogerpon|Horn Leech|p2b: Scout TF2\n|-resisted|p2b: Scout TF2\n|-damage|p2b: Scout TF2|40\/100 psn\n|move|p2b: Scout TF2|U-turn|p1b: Ogerpon\n|-damage|p1b: Ogerpon|63\/100\n|\n|t:|1700169653\n|switch|p2b: Oricorio|Oricorio, F, shiny|100\/100|[from] U-turn\n|move|p2a: BIDEN BLAST|Hex|p1a: SpeedOsoundSonic\n|-supereffective|p1a: SpeedOsoundSonic\n|-damage|p1a: SpeedOsoundSonic|0 fnt\n|faint|p1a: SpeedOsoundSonic\n|-end|p1a: SpeedOsoundSonic|Protosynthesis|[silent]\n|\n|-weather|SunnyDay|[upkeep]\n|-damage|p2a: BIDEN BLAST|53\/100 psn|[from] psn\n|upkeep\n|\n|t:|1700169665\n|switch|p1a: Kingambit|Kingambit, F|100\/100\n|-activate|p1a: Kingambit|ability: Supreme Overlord\n|-start|p1a: Kingambit|fallen3|[silent]\n|turn|5\n|\n|t:|1700169682\n|move|p1b: Ogerpon|Spiky Shield|p1b: Ogerpon\n|-singleturn|p1b: Ogerpon|move: Protect\n|move|p1a: Kingambit|Sucker Punch|p2a: BIDEN BLAST\n|-supereffective|p2a: BIDEN BLAST\n|-crit|p2a: BIDEN BLAST\n|-damage|p2a: BIDEN BLAST|0 fnt\n|faint|p2a: BIDEN BLAST\n|move|p2b: Oricorio|Revelation Dance|p1a: Kingambit\n|-supereffective|p1a: Kingambit\n|-damage|p1a: Kingambit|0 fnt\n|faint|p1a: Kingambit\n|-end|p1a: Kingambit|fallen3|[silent]\n|\n|-weather|none\n|upkeep\n|\n|t:|1700169696\n|switch|p2a: Scout TF2|Ogerpon-Hearthflame, F|40\/100 psn\n|switch|p1a: Aegislash|Aegislash, F|100\/100\n|-ability|p2a: Scout TF2|Mold Breaker\n|turn|6\n|\n|t:|1700169719\n|move|p1b: Ogerpon|Brick Break|p2a: Scout TF2\n|-damage|p2a: Scout TF2|3\/100 psn\n|move|p2a: Scout TF2|Stomping Tantrum|p1a: Aegislash\n|-supereffective|p1a: Aegislash\n|-damage|p1a: Aegislash|46\/100\n|move|p2b: Oricorio|Air Slash|p1b: Ogerpon\n|-supereffective|p1b: Ogerpon\n|-damage|p1b: Ogerpon|0 fnt\n|faint|p1b: Ogerpon\n|-formechange|p1a: Aegislash|Aegislash-Blade||[from] ability: Stance Change\n|move|p1a: Aegislash|Hidden Power|p2b: Oricorio\n|-supereffective|p2b: Oricorio\n|-damage|p2b: Oricorio|31\/100\n|-damage|p1a: Aegislash|36\/100|[from] item: Life Orb\n|\n|-damage|p2a: Scout TF2|0 fnt|[from] psn\n|faint|p2a: Scout TF2\n|upkeep\n|\n|t:|1700169734\n|switch|p2a: Louisiana|Skeledirge, F, shiny|100\/100\n|-status|p2a: Louisiana|psn\n|turn|7\n|-message|RenLegend forfeited.\n|\n|win|UltraVapor\n|raw|RenLegend's rating: 1168 &rarr; <strong>1140<\/strong><br \/>(-28 for losing)\n|raw|UltraVapor's rating: 1122 &rarr; <strong>1150<\/strong><br \/>(+28 for winning)\n|l|\u2606RenLegend\n","uploadtime":1700169746,"views":5,"p1id":"renlegend","p2id":"ultravapor","formatid":"gen9nationaldexdoubles","rating":1140,"private":0,"password":""}