{"id":"gen9nationaldexdoubles-1963155744","p1":"buandfairytrainer","p2":"Terrain Buffet","format":"[Gen 9] National Dex Doubles","log":"|j|\u2606buandfairytrainer\n|j|\u2606Terrain Buffet\n|t:|1696834894\n|gametype|doubles\n|player|p1|buandfairytrainer|caitlin|1000\n|player|p2|Terrain Buffet|170|1092\n|teamsize|p1|6\n|teamsize|p2|6\n|gen|9\n|tier|[Gen 9] National Dex Doubles\n|rated|\n|rule|HP Percentage Mod: HP is shown in percentages\n|rule|Endless Battle Clause: Forcing endless battles is banned\n|rule|OHKO Clause: OHKO moves are banned\n|rule|Evasion Moves Clause: Evasion moves are banned\n|rule|Evasion Abilities Clause: Evasion abilities are banned\n|rule|Species Clause: Limit one of each Pok\u00e9mon\n|rule|Gravity Sleep Clause: The combination of sleep-inducing moves with imperfect accuracy and Gravity or Gigantamax Orbeetle are banned\n|clearpoke\n|poke|p1|Butterfree, F|\n|poke|p1|Ribombee, M|\n|poke|p1|Masquerain, F|\n|poke|p1|Vivillon-Elegant, F|\n|poke|p1|Frosmoth, M|\n|poke|p1|Slither Wing|\n|poke|p2|Rillaboom, F|\n|poke|p2|Blastoise, M|\n|poke|p2|Tapu Fini|\n|poke|p2|Tapu Koko|\n|poke|p2|Indeedee-F, F|\n|poke|p2|Clawitzer, M|\n|teampreview\n|\n|t:|1696834940\n|start\n|switch|p1a: butterfly of speed|Vivillon-Elegant, F|100\/100\n|switch|p1b: butterfly of sleep|Butterfree, F|100\/100\n|switch|p2a: Tapu Fini|Tapu Fini|100\/100\n|switch|p2b: Blastoise|Blastoise, M|100\/100\n|-fieldstart|move: Misty Terrain|[from] ability: Misty Surge|[of] p2a: Tapu Fini\n|turn|1\n|\n|t:|1696834952\n|detailschange|p2b: Blastoise|Blastoise-Mega, M\n|-mega|p2b: Blastoise|Blastoise|Blastoisinite\n|move|p2a: Tapu Fini|Light Screen|p2a: Tapu Fini\n|-sidestart|p2: Terrain Buffet|move: Light Screen\n|move|p1a: butterfly of speed|Sleep Powder|p2a: Tapu Fini\n|-activate|p2a: Tapu Fini|move: Misty Terrain\n|move|p1b: butterfly of sleep|Sleep Powder|p2b: Blastoise\n|-activate|p2b: Blastoise|move: Misty Terrain\n|move|p2b: Blastoise|Shell Smash|p2b: Blastoise\n|-unboost|p2b: Blastoise|def|1\n|-unboost|p2b: Blastoise|spd|1\n|-boost|p2b: Blastoise|atk|2\n|-boost|p2b: Blastoise|spa|2\n|-boost|p2b: Blastoise|spe|2\n|\n|upkeep\n|turn|2\n|\n|t:|1696834970\n|move|p2b: Blastoise|Terrain Pulse|p1a: butterfly of speed\n|-damage|p1a: butterfly of speed|0 fnt\n|faint|p1a: butterfly of speed\n|move|p2a: Tapu Fini|Moonblast|p1b: butterfly of sleep\n|-damage|p1b: butterfly of sleep|43\/100\n|-unboost|p1b: butterfly of sleep|spa|1\n|move|p1b: butterfly of sleep|Tailwind|p1b: butterfly of sleep\n|-sidestart|p1: buandfairytrainer|move: Tailwind\n|\n|upkeep\n|\n|t:|1696834978\n|switch|p1a: moth of bulk|Slither Wing|100\/100\n|turn|3\n|\n|t:|1696834990\n|move|p1a: moth of bulk|Protect|p1a: moth of bulk\n|-singleturn|p1a: moth of bulk|Protect\n|move|p1b: butterfly of sleep|Tailwind||[still]\n|-fail|p1b: butterfly of sleep\n|move|p2b: Blastoise|Terrain Pulse|p1a: moth of bulk\n|-activate|p1a: moth of bulk|move: Protect\n|move|p2a: Tapu Fini|Moonblast|p1b: butterfly of sleep\n|-damage|p1b: butterfly of sleep|0 fnt\n|faint|p1b: butterfly of sleep\n|\n|upkeep\n|\n|t:|1696834999\n|switch|p1b: moth of fear|Masquerain, F|100\/100\n|-ability|p1b: moth of fear|Intimidate|boost\n|-unboost|p2a: Tapu Fini|atk|1\n|-unboost|p2b: Blastoise|atk|1\n|turn|4\n|\n|t:|1696835010\n|move|p1a: moth of bulk|Dual Wingbeat|p2b: Blastoise\n|-damage|p2b: Blastoise|72\/100\n|-damage|p2b: Blastoise|45\/100\n|-hitcount|p2b: Blastoise|2\n|-damage|p1a: moth of bulk|91\/100|[from] item: Life Orb\n|move|p1b: moth of fear|Air Slash|p2b: Blastoise\n|-damage|p2b: Blastoise|10\/100\n|cant|p2b: Blastoise|flinch\n|move|p2a: Tapu Fini|Reflect|p2a: Tapu Fini\n|-sidestart|p2: Terrain Buffet|Reflect\n|\n|upkeep\n|turn|5\n|\n|t:|1696835039\n|move|p1a: moth of bulk|Dual Wingbeat|p2b: Blastoise|[miss]\n|-miss|p1a: moth of bulk|p2b: Blastoise\n|move|p1b: moth of fear|Air Slash|p2a: Tapu Fini|[miss]\n|-miss|p1b: moth of fear|p2a: Tapu Fini\n|move|p2b: Blastoise|Terrain Pulse|p1b: moth of fear\n|-enditem|p1b: moth of fear|Focus Sash\n|-damage|p1b: moth of fear|1\/100\n|move|p2a: Tapu Fini|Moonblast|p1a: moth of bulk\n|-supereffective|p1a: moth of bulk\n|-crit|p1a: moth of bulk\n|-damage|p1a: moth of bulk|0 fnt\n|faint|p1a: moth of bulk\n|-end|p1a: moth of bulk|Protosynthesis|[silent]\n|\n|-sideend|p1: buandfairytrainer|move: Tailwind\n|-fieldend|Misty Terrain\n|upkeep\n|\n|t:|1696835058\n|switch|p1a: bee of death|Ribombee, M|100\/100\n|turn|6\n|c|\u2606Terrain Buffet|omg the turtle lived\n|\n|t:|1696835077\n|move|p2b: Blastoise|Water Pulse|p1a: bee of death\n|-enditem|p1a: bee of death|Focus Sash\n|-damage|p1a: bee of death|1\/100\n|move|p1a: bee of death|Quiver Dance|p1a: bee of death\n|-boost|p1a: bee of death|spa|1\n|-boost|p1a: bee of death|spd|1\n|-boost|p1a: bee of death|spe|1\n|move|p2a: Tapu Fini|Scald|p1b: moth of fear\n|-crit|p1b: moth of fear\n|-damage|p1b: moth of fear|0 fnt\n|faint|p1b: moth of fear\n|\n|upkeep\n|\n|t:|1696835081\n|switch|p1b: moth of the moon|Frosmoth, M|100\/100\n|turn|7\n|\n|t:|1696835101\n|switch|p2a: Tapu Koko|Tapu Koko|100\/100\n|-fieldstart|move: Electric Terrain|[from] ability: Electric Surge|[of] p2a: Tapu Koko\n|move|p1a: bee of death|Dazzling Gleam|p2a: Tapu Koko|[spread] p2a,p2b\n|-damage|p2a: Tapu Koko|57\/100\n|-damage|p2b: Blastoise|0 fnt\n|faint|p2b: Blastoise\n|move|p1b: moth of the moon|Hurricane|p2a: Tapu Koko\n|-resisted|p2a: Tapu Koko\n|-damage|p2a: Tapu Koko|36\/100\n|\n|upkeep\n|\n|t:|1696835111\n|switch|p2b: Clawitzer|Clawitzer, M|100\/100\n|turn|8\n|\n|t:|1696835125\n|move|p1a: bee of death|Dazzling Gleam|p2a: Tapu Koko|[spread] p2a,p2b\n|-damage|p2a: Tapu Koko|0 fnt\n|-damage|p2b: Clawitzer|72\/100\n|faint|p2a: Tapu Koko\n|move|p1b: moth of the moon|Quiver Dance|p1b: moth of the moon\n|-boost|p1b: moth of the moon|spa|1\n|-boost|p1b: moth of the moon|spd|1\n|-boost|p1b: moth of the moon|spe|1\n|move|p2b: Clawitzer|Terrain Pulse|p1a: bee of death\n|-damage|p1a: bee of death|0 fnt\n|faint|p1a: bee of death\n|\n|-sideend|p2: Terrain Buffet|move: Light Screen\n|upkeep\n|\n|t:|1696835129\n|switch|p2a: Rillaboom|Rillaboom, F|100\/100\n|-fieldstart|move: Grassy Terrain|[from] ability: Grassy Surge|[of] p2a: Rillaboom\n|turn|9\n|\n|t:|1696835135\n|move|p2a: Rillaboom|Fake Out|p1b: moth of the moon\n|-damage|p1b: moth of the moon|75\/100\n|move|p1b: moth of the moon|Dazzling Gleam|p2a: Rillaboom|[spread] p2a,p2b\n|-crit|p2a: Rillaboom\n|-damage|p2a: Rillaboom|54\/100\n|-damage|p2b: Clawitzer|39\/100\n|move|p2b: Clawitzer|Terrain Pulse|p1b: moth of the moon\n|-resisted|p1b: moth of the moon\n|-damage|p1b: moth of the moon|27\/100\n|\n|-heal|p1b: moth of the moon|33\/100|[from] Grassy Terrain\n|-heal|p2a: Rillaboom|60\/100|[from] Grassy Terrain\n|-heal|p2b: Clawitzer|45\/100|[from] Grassy Terrain\n|upkeep\n|turn|10\n|\n|t:|1696835145\n|switch|p2b: Tapu Fini|Tapu Fini|100\/100\n|-fieldstart|move: Misty Terrain|[from] ability: Misty Surge|[of] p2b: Tapu Fini\n|move|p1b: moth of the moon|Dazzling Gleam|p2a: Rillaboom|[spread] p2a,p2b\n|-damage|p2a: Rillaboom|32\/100\n|-damage|p2b: Tapu Fini|68\/100\n|move|p2a: Rillaboom|Grassy Glide|p1b: moth of the moon\n|-resisted|p1b: moth of the moon\n|-damage|p1b: moth of the moon|8\/100\n|\n|upkeep\n|turn|11\n|\n|t:|1696835157\n|move|p1b: moth of the moon|Dazzling Gleam|p2b: Tapu Fini|[spread] p2a,p2b\n|-crit|p2b: Tapu Fini\n|-damage|p2a: Rillaboom|3\/100\n|-damage|p2b: Tapu Fini|19\/100\n|move|p2a: Rillaboom|Grassy Glide|p1b: moth of the moon\n|-resisted|p1b: moth of the moon\n|-damage|p1b: moth of the moon|0 fnt\n|faint|p1b: moth of the moon\n|\n|win|Terrain Buffet\n|raw|buandfairytrainer's rating: 1000 &rarr; <strong>1000<\/strong><br \/>(+0 for losing)\n|raw|Terrain Buffet's rating: 1119 &rarr; <strong>1136<\/strong><br \/>(+17 for winning)\n|l|\u2606buandfairytrainer\n","uploadtime":1696835164,"views":12,"p1id":"buandfairytrainer","p2id":"terrainbuffet","formatid":"gen9nationaldexdoubles","rating":1000,"private":0,"password":""}