{"id":"gen9nationaldexdoubles-1969046095","p1":"Draggy Gutsfree","p2":"MegaMania001","format":"[Gen 9] National Dex Doubles","log":"|j|\u2606Draggy Gutsfree\n|j|\u2606MegaMania001\n|t:|1697485439\n|gametype|doubles\n|player|p1|Draggy Gutsfree|roxie|\n|player|p2|MegaMania001|winona|\n|teamsize|p1|6\n|teamsize|p2|6\n|gen|9\n|tier|[Gen 9] National Dex Doubles\n|rule|HP Percentage Mod: HP is shown in percentages\n|rule|Endless Battle Clause: Forcing endless battles is banned\n|rule|OHKO Clause: OHKO moves are banned\n|rule|Evasion Moves Clause: Evasion moves are banned\n|rule|Evasion Abilities Clause: Evasion abilities are banned\n|rule|Species Clause: Limit one of each Pok\u00e9mon\n|rule|Gravity Sleep Clause: The combination of sleep-inducing moves with imperfect accuracy and Gravity or Gigantamax Orbeetle are banned\n|clearpoke\n|poke|p1|Sinistcha-Masterpiece|\n|poke|p1|Grimmsnarl, M|\n|poke|p1|Gyarados, M|\n|poke|p1|Goodra-Hisui, F|\n|poke|p1|Urshifu-*, M|\n|poke|p1|Gengar, M|\n|poke|p2|Meowscarada, M|\n|poke|p2|Incineroar, M|\n|poke|p2|Aegislash, M|\n|poke|p2|Fezandipiti, M|\n|poke|p2|Articuno-Galar|\n|poke|p2|Regieleki|\n|teampreview\n|inactive|Battle timer is ON: inactive players will automatically lose when time's up. (requested by MegaMania001)\n|\n|t:|1697485455\n|start\n|switch|p1a: Bricked Up|Grimmsnarl, M, shiny|100\/100\n|switch|p1b: Gengar|Gengar, M|100\/100\n|switch|p2a: Zippy zappy|Regieleki|100\/100\n|switch|p2b: King Arthur|Aegislash, M|100\/100\n|turn|1\n|\n|t:|1697485477\n|move|p1a: Bricked Up|Light Screen|p1a: Bricked Up\n|-sidestart|p1: Draggy Gutsfree|move: Light Screen\n|move|p2a: Zippy zappy|Electroweb|p1a: Bricked Up|[spread] p1a,p1b\n|-damage|p1a: Bricked Up|78\/100\n|-damage|p1b: Gengar|69\/100\n|-unboost|p1a: Bricked Up|spe|1\n|-unboost|p1b: Gengar|spe|1\n|move|p1b: Gengar|Shadow Ball|p2b: King Arthur\n|-supereffective|p2b: King Arthur\n|-damage|p2b: King Arthur|22\/100\n|-unboost|p2b: King Arthur|spd|1\n|-formechange|p2b: King Arthur|Aegislash-Blade||[from] ability: Stance Change\n|move|p2b: King Arthur|Iron Head|p1a: Bricked Up\n|-supereffective|p1a: Bricked Up\n|-damage|p1a: Bricked Up|23\/100\n|\n|-heal|p2b: King Arthur|28\/100|[from] item: Leftovers\n|upkeep\n|turn|2\n|\n|t:|1697485498\n|-formechange|p2b: King Arthur|Aegislash||[from] ability: Stance Change\n|move|p2b: King Arthur|King's Shield|p2b: King Arthur\n|-singleturn|p2b: King Arthur|Protect\n|move|p1a: Bricked Up|Reflect|p1a: Bricked Up\n|-sidestart|p1: Draggy Gutsfree|Reflect\n|move|p2a: Zippy zappy|Electroweb|p1a: Bricked Up|[spread] p1a,p1b\n|-damage|p1a: Bricked Up|4\/100\n|-damage|p1b: Gengar|37\/100\n|-unboost|p1a: Bricked Up|spe|1\n|-unboost|p1b: Gengar|spe|1\n|-start|p2a: Zippy zappy|Disable|Electroweb|[from] ability: Cursed Body|[of] p1b: Gengar\n|move|p1b: Gengar|Shadow Ball|p2b: King Arthur\n|-activate|p2b: King Arthur|move: Protect\n|\n|-heal|p2b: King Arthur|34\/100|[from] item: Leftovers\n|upkeep\n|turn|3\n|inactive|MegaMania001 has 270 seconds left.\n|\n|t:|1697485532\n|switch|p1a: NiceToMatcha|Sinistcha-Masterpiece|100\/100\n|-heal|p1b: Gengar|62\/100|[from] ability: Hospitality|[of] p1a: NiceToMatcha\n|move|p2a: Zippy zappy|Electro Ball|p1b: Gengar\n|-damage|p1b: Gengar|0 fnt\n|faint|p1b: Gengar\n|move|p2b: King Arthur|Iron Defense|p2b: King Arthur\n|-boost|p2b: King Arthur|def|2\n|\n|-heal|p2b: King Arthur|41\/100|[from] item: Leftovers\n|upkeep\n|\n|t:|1697485548\n|switch|p1b: Goodra|Goodra-Hisui, F|100\/100\n|turn|4\n|j| Burstdragon1\n|inactive|Draggy Gutsfree has 270 seconds left.\n|inactive|MegaMania001 has 270 seconds left.\n|\n|t:|1697485602\n|move|p2a: Zippy zappy|Volt Switch|p1a: NiceToMatcha\n|-resisted|p1a: NiceToMatcha\n|-damage|p1a: NiceToMatcha|82\/100\n|inactive|MegaMania001 has 270 seconds left.\n|\n|t:|1697485610\n|switch|p2a: Weed Wizard|Meowscarada, M|100\/100|[from] Volt Switch\n|move|p1a: NiceToMatcha|Shadow Ball|p2b: King Arthur\n|-supereffective|p2b: King Arthur\n|-damage|p2b: King Arthur|0 fnt\n|faint|p2b: King Arthur\n|move|p1b: Goodra|Body Press|p2a: Weed Wizard\n|-supereffective|p2a: Weed Wizard\n|-damage|p2a: Weed Wizard|12\/100\n|\n|-heal|p1a: NiceToMatcha|88\/100|[from] item: Leftovers\n|upkeep\n|inactive|MegaMania001 has 270 seconds left.\n|\n|t:|1697485623\n|switch|p2b: John Cena|Incineroar, M, shiny|100\/100\n|-ability|p2b: John Cena|Intimidate|boost\n|-unboost|p1a: NiceToMatcha|atk|1\n|-unboost|p1b: Goodra|atk|1\n|turn|5\n|\n|t:|1697485635\n|switch|p1a: Gyarados|Gyarados, M|100\/100\n|-ability|p1a: Gyarados|Intimidate|boost\n|-unboost|p2a: Weed Wizard|atk|1\n|-unboost|p2b: John Cena|atk|1\n|move|p2b: John Cena|Fake Out|p1b: Goodra\n|-resisted|p1b: Goodra\n|-damage|p1b: Goodra|98\/100\n|-damage|p2b: John Cena|84\/100|[from] item: Rocky Helmet|[of] p1b: Goodra\n|move|p2a: Weed Wizard|Foul Play|p1a: Gyarados\n|-start|p2a: Weed Wizard|typechange|Dark|[from] ability: Protean\n|-damage|p1a: Gyarados|43\/100\n|cant|p1b: Goodra|flinch\n|\n|upkeep\n|turn|6\n|\n|t:|1697485662\n|switch|p2a: Gazerbeam|Articuno-Galar|100\/100\n|move|p1a: Gyarados|Earthquake|p2b: John Cena|[spread] p1b,p2b\n|-immune|p2a: Gazerbeam\n|-supereffective|p1b: Goodra\n|-supereffective|p2b: John Cena\n|-damage|p1b: Goodra|71\/100\n|-damage|p2b: John Cena|39\/100\n|move|p2b: John Cena|Brick Break|p1b: Goodra\n|-sideend|p1: Draggy Gutsfree|Reflect\n|-sideend|p1: Draggy Gutsfree|move: Light Screen\n|-supereffective|p1b: Goodra\n|-damage|p1b: Goodra|45\/100\n|-damage|p2b: John Cena|23\/100|[from] item: Rocky Helmet|[of] p1b: Goodra\n|move|p1b: Goodra|Body Press|p2b: John Cena\n|-supereffective|p2b: John Cena\n|-damage|p2b: John Cena|0 fnt\n|faint|p2b: John Cena\n|\n|upkeep\n|inactive|MegaMania001 has 270 seconds left.\n|\n|t:|1697485679\n|switch|p2b: Zippy zappy|Regieleki|100\/100\n|turn|7\n|\n|t:|1697485690\n|switch|p1b: NiceToMatcha|Sinistcha-Masterpiece|88\/100\n|-heal|p1a: Gyarados|68\/100|[from] ability: Hospitality|[of] p1b: NiceToMatcha\n|move|p1a: Gyarados|Protect|p1a: Gyarados\n|-singleturn|p1a: Gyarados|Protect\n|move|p2b: Zippy zappy|Electroweb|p1a: Gyarados|[spread] p1b\n|-activate|p1a: Gyarados|move: Protect\n|-resisted|p1b: NiceToMatcha\n|-damage|p1b: NiceToMatcha|72\/100\n|-unboost|p1b: NiceToMatcha|spe|1\n|move|p2a: Gazerbeam|Freezing Glare|p1a: Gyarados\n|-activate|p1a: Gyarados|move: Protect\n|\n|-heal|p1b: NiceToMatcha|78\/100|[from] item: Leftovers\n|upkeep\n|turn|8\n|\n|t:|1697485707\n|move|p2b: Zippy zappy|Electroweb|p1b: NiceToMatcha|[spread] p1a,p1b\n|-supereffective|p1a: Gyarados\n|-resisted|p1b: NiceToMatcha\n|-damage|p1a: Gyarados|0 fnt\n|-damage|p1b: NiceToMatcha|62\/100\n|-unboost|p1b: NiceToMatcha|spe|1\n|faint|p1a: Gyarados\n|move|p2a: Gazerbeam|Freezing Glare|p1b: NiceToMatcha\n|-damage|p1b: NiceToMatcha|0 fnt\n|faint|p1b: NiceToMatcha\n|\n|upkeep\n|\n|t:|1697485717\n|switch|p1a: Bricked Up|Grimmsnarl, M, shiny|4\/100\n|switch|p1b: Urshifu|Urshifu-Rapid-Strike, M|100\/100\n|turn|9\n|\n|t:|1697485725\n|move|p1a: Bricked Up|Light Screen|p1a: Bricked Up\n|-sidestart|p1: Draggy Gutsfree|move: Light Screen\n|move|p2b: Zippy zappy|Electroweb|p1a: Bricked Up|[spread] p1a,p1b\n|-supereffective|p1b: Urshifu\n|-damage|p1a: Bricked Up|0 fnt\n|-damage|p1b: Urshifu|47\/100\n|-unboost|p1b: Urshifu|spe|1\n|faint|p1a: Bricked Up\n|move|p2a: Gazerbeam|Freezing Glare|p1b: Urshifu\n|-supereffective|p1b: Urshifu\n|-damage|p1b: Urshifu|0 fnt\n|faint|p1b: Urshifu\n|\n|upkeep\n|\n|t:|1697485737\n|switch|p1a: Goodra|Goodra-Hisui, F|45\/100\n|turn|10\n|\n|t:|1697485747\n|move|p2b: Zippy zappy|Electro Ball|p1a: Goodra\n|-resisted|p1a: Goodra\n|-damage|p1a: Goodra|27\/100\n|move|p2a: Gazerbeam|Freezing Glare|p1a: Goodra\n|-resisted|p1a: Goodra\n|-damage|p1a: Goodra|13\/100\n|move|p1a: Goodra|Body Press|p2b: Zippy zappy\n|-damage|p2b: Zippy zappy|58\/100\n|\n|upkeep\n|turn|11\n|\n|t:|1697485760\n|move|p2b: Zippy zappy|Electro Ball|p1a: Goodra\n|-resisted|p1a: Goodra\n|-damage|p1a: Goodra|0 fnt\n|faint|p1a: Goodra\n|\n|win|MegaMania001\n","uploadtime":1697485767,"views":6,"p1id":"draggygutsfree","p2id":"megamania001","formatid":"gen9nationaldexdoubles","rating":0,"private":0,"password":""}