{"id":"gen9nationaldexdoubles-1999171003","p1":"Karma1627","p2":"Palden64","format":"[Gen 9] National Dex Doubles","log":"|j|\u2606Karma1627\n|j|\u2606Palden64\n|t:|1701041054\n|gametype|doubles\n|player|p1|Karma1627|hilbert-wonderlauncher|1226\n|player|p2|Palden64|iris|1198\n|teamsize|p1|6\n|teamsize|p2|6\n|gen|9\n|tier|[Gen 9] National Dex Doubles\n|rated|\n|rule|HP Percentage Mod: HP is shown in percentages\n|rule|Endless Battle Clause: Forcing endless battles is banned\n|rule|OHKO Clause: OHKO moves are banned\n|rule|Evasion Moves Clause: Evasion moves are banned\n|rule|Evasion Abilities Clause: Evasion abilities are banned\n|rule|Species Clause: Limit one of each Pok\u00e9mon\n|rule|Gravity Sleep Clause: The combination of sleep-inducing moves with imperfect accuracy and Gravity or Gigantamax Orbeetle are banned\n|clearpoke\n|poke|p1|Ursaluna-Bloodmoon, M|\n|poke|p1|Bronzong|\n|poke|p1|Grimmsnarl, M|\n|poke|p1|Milotic, M|\n|poke|p1|Kommo-o, M|\n|poke|p1|Ogerpon-Cornerstone, F|\n|poke|p2|Smeargle, M|\n|poke|p2|Comfey, M|\n|poke|p2|Whimsicott, F|\n|poke|p2|Farigiraf, F|\n|poke|p2|Ogerpon-Cornerstone, F|\n|poke|p2|Incineroar, M|\n|teampreview\n|inactive|Battle timer is ON: inactive players will automatically lose when time's up. (requested by Karma1627)\n|\n|t:|1701041083\n|start\n|switch|p1a: Kommo-o|Kommo-o, M|100\/100\n|switch|p1b: Grimmsnarl|Grimmsnarl, M|100\/100\n|switch|p2a: Incineroar|Incineroar, M|100\/100\n|switch|p2b: Smeargle|Smeargle, M|100\/100\n|-ability|p2a: Incineroar|Intimidate|boost\n|-unboost|p1a: Kommo-o|atk|1\n|-unboost|p1b: Grimmsnarl|atk|1\n|turn|1\n|inactive|Karma1627 has 120 seconds left.\n|\n|t:|1701041116\n|move|p2a: Incineroar|Fake Out|p1a: Kommo-o\n|-damage|p1a: Kommo-o|91\/100\n|move|p1b: Grimmsnarl|Reflect|p1b: Grimmsnarl\n|-sidestart|p1: Karma1627|Reflect\n|cant|p1a: Kommo-o|flinch\n|move|p2b: Smeargle|Spore|p1a: Kommo-o\n|-status|p1a: Kommo-o|slp|[from] move: Spore\n|\n|upkeep\n|turn|2\n|\n|t:|1701041135\n|move|p1b: Grimmsnarl|Thunder Wave|p2a: Incineroar\n|-hint|Since gen 7, Dark is immune to Prankster moves.\n|-immune|p2a: Incineroar\n|cant|p1a: Kommo-o|slp\n|move|p2b: Smeargle|Spore|p1b: Grimmsnarl\n|-status|p1b: Grimmsnarl|slp|[from] move: Spore\n|move|p2a: Incineroar|Parting Shot|p1a: Kommo-o\n|-immune|p1a: Kommo-o|[from] ability: Soundproof\n|\n|upkeep\n|turn|3\n|\n|t:|1701041158\n|switch|p2a: Farigiraf|Farigiraf, F, shiny|100\/100\n|cant|p1a: Kommo-o|slp\n|move|p2b: Smeargle|Decorate|p2a: Farigiraf\n|-boost|p2a: Farigiraf|atk|2\n|-boost|p2a: Farigiraf|spa|2\n|cant|p1b: Grimmsnarl|slp\n|\n|upkeep\n|turn|4\n|inactive|Karma1627 has 120 seconds left.\n|inactive|Palden64 has 120 seconds left.\n|\n|t:|1701041192\n|cant|p1b: Grimmsnarl|slp\n|-curestatus|p1a: Kommo-o|slp|[msg]\n|move|p1a: Kommo-o|Clanging Scales|p2a: Farigiraf|[spread] p2a,p2b\n|-crit|p2b: Smeargle\n|-damage|p2a: Farigiraf|66\/100\n|-damage|p2b: Smeargle|0 fnt\n|faint|p2b: Smeargle\n|-unboost|p1a: Kommo-o|def|1\n|-enditem|p1a: Kommo-o|Throat Spray\n|-boost|p1a: Kommo-o|spa|1|[from] item: Throat Spray\n|move|p2a: Farigiraf|Psychic|p1a: Kommo-o\n|-supereffective|p1a: Kommo-o\n|-damage|p1a: Kommo-o|0 fnt\n|faint|p1a: Kommo-o\n|\n|upkeep\n|inactive|Palden64 has 120 seconds left.\n|\n|t:|1701041241\n|switch|p1a: Ogerpon|Ogerpon-Cornerstone, F|100\/100\n|switch|p2b: Incineroar|Incineroar, M|100\/100\n|-ability|p2b: Incineroar|Intimidate|boost\n|-unboost|p1a: Ogerpon|atk|1\n|-unboost|p1b: Grimmsnarl|atk|1\n|turn|5\n|inactive|Palden64 has 120 seconds left.\n|inactive|Karma1627 has 120 seconds left.\n|\n|t:|1701041273\n|move|p1a: Ogerpon|Spiky Shield|p1a: Ogerpon\n|-singleturn|p1a: Ogerpon|move: Protect\n|move|p2b: Incineroar|Fake Out|p1a: Ogerpon\n|-activate|p1a: Ogerpon|move: Protect\n|-damage|p2b: Incineroar|88\/100|[from] Spiky Shield|[of] p1a: Ogerpon\n|move|p2a: Farigiraf|Psychic|p1a: Ogerpon\n|-activate|p1a: Ogerpon|move: Protect\n|-curestatus|p1b: Grimmsnarl|slp|[msg]\n|move|p1b: Grimmsnarl|Spirit Break|p2a: Farigiraf\n|-damage|p2a: Farigiraf|54\/100\n|-unboost|p2a: Farigiraf|spa|1\n|\n|-sideend|p1: Karma1627|Reflect\n|upkeep\n|turn|6\n|inactive|Palden64 has 120 seconds left.\n|\n|t:|1701041299\n|move|p1b: Grimmsnarl|Thunder Wave||[still]\n|cant|p2a: Farigiraf|ability: Armor Tail|Thunder Wave|[of] p1b: Grimmsnarl\n|move|p1a: Ogerpon|Ivy Cudgel|p2b: Incineroar|[anim] Ivy Cudgel Rock\n|-supereffective|p2b: Incineroar\n|-damage|p2b: Incineroar|29\/100\n|move|p2a: Farigiraf|Psychic|p1a: Ogerpon\n|-damage|p1a: Ogerpon|34\/100\n|move|p2b: Incineroar|Parting Shot|p1a: Ogerpon\n|-unboost|p1a: Ogerpon|atk|1\n|-unboost|p1a: Ogerpon|spa|1\n|\n|t:|1701041311\n|switch|p2b: Comfey|Comfey, M|100\/100|[from] Parting Shot\n|\n|upkeep\n|turn|7\n|inactive|Palden64 has 120 seconds left.\n|\n|t:|1701041334\n|move|p1a: Ogerpon|Spiky Shield|p1a: Ogerpon\n|-singleturn|p1a: Ogerpon|move: Protect\n|move|p2b: Comfey|Floral Healing|p2a: Farigiraf\n|-heal|p2a: Farigiraf|100\/100\n|move|p1b: Grimmsnarl|Light Screen|p1b: Grimmsnarl\n|-sidestart|p1: Karma1627|move: Light Screen\n|move|p2a: Farigiraf|Hyper Voice|p1a: Ogerpon|[spread] p1b\n|-activate|p1a: Ogerpon|move: Protect\n|-damage|p1b: Grimmsnarl|75\/100\n|\n|upkeep\n|turn|8\n|inactive|Karma1627 has 120 seconds left.\n|\n|t:|1701041374\n|switch|p1a: Milotic|Milotic, M|100\/100\n|move|p2b: Comfey|Giga Drain|p1a: Milotic\n|-supereffective|p1a: Milotic\n|-damage|p1a: Milotic|84\/100\n|move|p1b: Grimmsnarl|Thunder Wave||[still]\n|cant|p2a: Farigiraf|ability: Armor Tail|Thunder Wave|[of] p1b: Grimmsnarl\n|move|p2a: Farigiraf|Hyper Voice|p1a: Milotic|[spread] p1a,p1b\n|-damage|p1a: Milotic|65\/100\n|-damage|p1b: Grimmsnarl|49\/100\n|\n|-heal|p1a: Milotic|71\/100|[from] item: Leftovers\n|upkeep\n|turn|9\n|inactive|Karma1627 has 120 seconds left.\n|\n|t:|1701041396\n|move|p2b: Comfey|Giga Drain|p1a: Milotic\n|-supereffective|p1a: Milotic\n|-damage|p1a: Milotic|54\/100\n|move|p1a: Milotic|Scald|p2a: Farigiraf\n|-damage|p2a: Farigiraf|69\/100\n|move|p2a: Farigiraf|Hyper Voice|p1a: Milotic|[spread] p1a,p1b\n|-damage|p1a: Milotic|32\/100\n|-damage|p1b: Grimmsnarl|22\/100\n|move|p1b: Grimmsnarl|Spirit Break|p2a: Farigiraf\n|-damage|p2a: Farigiraf|55\/100\n|-unboost|p2a: Farigiraf|spa|1\n|\n|-heal|p1a: Milotic|39\/100|[from] item: Leftovers\n|upkeep\n|turn|10\n|inactive|Palden64 has 120 seconds left.\n|\n|t:|1701041432\n|move|p2b: Comfey|Giga Drain|p1a: Milotic\n|-supereffective|p1a: Milotic\n|-damage|p1a: Milotic|24\/100\n|move|p1a: Milotic|Life Dew|p1a: Milotic|[spread] p1a,p1b\n|-heal|p1a: Milotic|49\/100\n|-heal|p1b: Grimmsnarl|47\/100\n|move|p2a: Farigiraf|Hyper Voice|p1b: Grimmsnarl|[spread] p1a,p1b\n|-damage|p1a: Milotic|35\/100\n|-damage|p1b: Grimmsnarl|28\/100\n|move|p1b: Grimmsnarl|Spirit Break|p2b: Comfey\n|-damage|p2b: Comfey|86\/100\n|-unboost|p2b: Comfey|spa|1\n|\n|-heal|p2b: Comfey|93\/100|[from] item: Leftovers\n|-heal|p1a: Milotic|41\/100|[from] item: Leftovers\n|upkeep\n|turn|11\n|inactive|Palden64 has 120 seconds left.\n|\n|t:|1701041454\n|move|p2b: Comfey|Floral Healing|p2a: Farigiraf\n|-heal|p2a: Farigiraf|100\/100\n|move|p1a: Milotic|Life Dew|p1a: Milotic|[spread] p1a,p1b\n|-heal|p1a: Milotic|66\/100\n|-heal|p1b: Grimmsnarl|53\/100\n|move|p2a: Farigiraf|Psychic|p1a: Milotic\n|-damage|p1a: Milotic|47\/100\n|move|p1b: Grimmsnarl|Spirit Break|p2a: Farigiraf\n|-damage|p2a: Farigiraf|88\/100\n|-unboost|p2a: Farigiraf|spa|1\n|\n|-heal|p2b: Comfey|99\/100|[from] item: Leftovers\n|-heal|p1a: Milotic|53\/100|[from] item: Leftovers\n|-sideend|p1: Karma1627|move: Light Screen\n|upkeep\n|turn|12\n|\n|t:|1701041478\n|switch|p2b: Ogerpon|Ogerpon-Cornerstone, F|100\/100\n|switch|p2a: Whimsicott|Whimsicott, F, shiny|100\/100\n|move|p1a: Milotic|Life Dew|p1a: Milotic|[spread] p1a,p1b\n|-heal|p1a: Milotic|78\/100\n|-heal|p1b: Grimmsnarl|78\/100\n|move|p1b: Grimmsnarl|Spirit Break|p2a: Whimsicott\n|-crit|p2a: Whimsicott\n|-damage|p2a: Whimsicott|49\/100\n|\n|-heal|p1a: Milotic|84\/100|[from] item: Leftovers\n|upkeep\n|turn|13\n|inactive|Palden64 has 120 seconds left.\n|\n|t:|1701041517\n|switch|p2a: Farigiraf|Farigiraf, F, shiny|88\/100\n|move|p1b: Grimmsnarl|Thunder Wave||[still]\n|cant|p2a: Farigiraf|ability: Armor Tail|Thunder Wave|[of] p1b: Grimmsnarl\n|move|p2b: Ogerpon|Swords Dance|p2b: Ogerpon\n|-boost|p2b: Ogerpon|atk|2\n|move|p1a: Milotic|Scald|p2b: Ogerpon\n|-damage|p2b: Ogerpon|73\/100\n|\n|-heal|p1a: Milotic|90\/100|[from] item: Leftovers\n|upkeep\n|turn|14\n|inactive|Palden64 has 120 seconds left.\n|\n|t:|1701041541\n|move|p1b: Grimmsnarl|Reflect|p1b: Grimmsnarl\n|-sidestart|p1: Karma1627|Reflect\n|move|p2b: Ogerpon|Horn Leech|p1a: Milotic\n|-supereffective|p1a: Milotic\n|-damage|p1a: Milotic|0 fnt\n|-heal|p2b: Ogerpon|100\/100|[from] drain|[of] p1a: Milotic\n|faint|p1a: Milotic\n|move|p2a: Farigiraf|Hyper Voice|p1b: Grimmsnarl\n|-damage|p1b: Grimmsnarl|41\/100\n|\n|upkeep\n|\n|t:|1701041554\n|switch|p1a: Ogerpon|Ogerpon-Cornerstone, F|34\/100\n|turn|15\n|\n|t:|1701041575\n|move|p2a: Farigiraf|Ally Switch|p2a: Farigiraf\n|swap|p2a: Farigiraf|1|[from] move: Ally Switch\n|move|p1b: Grimmsnarl|Light Screen|p1b: Grimmsnarl\n|-sidestart|p1: Karma1627|move: Light Screen\n|move|p1a: Ogerpon|Ivy Cudgel|p2a: Ogerpon|[anim] Ivy Cudgel Rock\n|-damage|p2a: Ogerpon|38\/100\n|move|p2a: Ogerpon|Horn Leech|p1a: Ogerpon\n|-damage|p1a: Ogerpon|0 fnt\n|-heal|p2a: Ogerpon|52\/100|[from] drain|[of] p1a: Ogerpon\n|faint|p1a: Ogerpon\n|\n|upkeep\n|inactive|Karma1627 has 120 seconds left.\n|\n|t:|1701041592\n|switch|p1a: Bronzong|Bronzong|100\/100\n|turn|16\n|\n|t:|1701041606\n|switch|p2b: Incineroar|Incineroar, M|29\/100\n|-ability|p2b: Incineroar|Intimidate|boost\n|-unboost|p1a: Bronzong|atk|1\n|-unboost|p1b: Grimmsnarl|atk|1\n|move|p2a: Ogerpon|Horn Leech|p1b: Grimmsnarl\n|-damage|p1b: Grimmsnarl|0 fnt\n|-heal|p2a: Ogerpon|74\/100|[from] drain|[of] p1b: Grimmsnarl\n|faint|p1b: Grimmsnarl\n|move|p1a: Bronzong|Trick Room|p1a: Bronzong\n|-fieldstart|move: Trick Room|[of] p1a: Bronzong\n|\n|upkeep\n|\n|t:|1701041617\n|switch|p1b: Ursaluna|Ursaluna-Bloodmoon, M|100\/100\n|turn|17\n|\n|t:|1701041646\n|-terastallize|p1b: Ursaluna|Electric\n|move|p2b: Incineroar|Fake Out|p1b: Ursaluna\n|-damage|p1b: Ursaluna|95\/100\n|move|p1a: Bronzong|Bulldoze|p2b: Incineroar|[spread] p1b,p2a,p2b\n|-supereffective|p1b: Ursaluna\n|-supereffective|p2b: Incineroar\n|-damage|p1b: Ursaluna|88\/100\n|-damage|p2a: Ogerpon|67\/100\n|-damage|p2b: Incineroar|19\/100\n|-unboost|p1b: Ursaluna|spe|1\n|-unboost|p2a: Ogerpon|spe|1\n|-unboost|p2b: Incineroar|spe|1\n|-enditem|p1b: Ursaluna|Weakness Policy\n|-boost|p1b: Ursaluna|atk|2|[from] item: Weakness Policy\n|-boost|p1b: Ursaluna|spa|2|[from] item: Weakness Policy\n|cant|p1b: Ursaluna|flinch\n|move|p2a: Ogerpon|Horn Leech|p1b: Ursaluna\n|-crit|p1b: Ursaluna\n|-damage|p1b: Ursaluna|0 fnt\n|-heal|p2a: Ogerpon|100\/100|[from] drain|[of] p1b: Ursaluna\n|faint|p1b: Ursaluna\n|\n|upkeep\n|turn|18\n|\n|t:|1701041675\n|move|p2a: Ogerpon|Protect|p2a: Ogerpon\n|-singleturn|p2a: Ogerpon|Protect\n|move|p1a: Bronzong|Body Press|p2a: Ogerpon\n|-activate|p2a: Ogerpon|move: Protect\n|move|p2b: Incineroar|Parting Shot|p1a: Bronzong\n|-unboost|p1a: Bronzong|atk|1\n|-unboost|p1a: Bronzong|spa|1\n|inactive|Palden64 has 120 seconds left.\n|\n|t:|1701041695\n|switch|p2b: Comfey|Comfey, M|99\/100|[from] Parting Shot\n|\n|-heal|p2b: Comfey|100\/100|[from] item: Leftovers\n|-sideend|p1: Karma1627|Reflect\n|upkeep\n|turn|19\n|inactive|Karma1627 has 120 seconds left.\n|inactive|Karma1627 has 90 seconds left.\n|inactive|Karma1627 has 60 seconds left.\n|inactive|Karma1627 has 30 seconds left.\n|inactive|Karma1627 has 20 seconds left.\n|inactive|Karma1627 has 15 seconds left.\n|inactive|Karma1627 has 10 seconds left.\n|inactive|Karma1627 has 5 seconds left.\n|-message|Karma1627 lost due to inactivity.\n|\n|win|Palden64\n|raw|Karma1627's rating: 1226 &rarr; <strong>1199<\/strong><br \/>(-27 for losing)\n|raw|Palden64's rating: 1198 &rarr; <strong>1225<\/strong><br \/>(+27 for winning)\n","uploadtime":1701041851,"views":0,"p1id":"karma1627","p2id":"palden64","formatid":"gen9nationaldexdoubles","rating":1199,"private":0,"password":""}