{"id":"gen9nationaldexdoubles-1987427138","p1":"Theadonia","p2":"Moregano18","format":"[Gen 9] National Dex Doubles","log":"|j|\u2606Theadonia\n|j|\u2606Moregano18\n|t:|1699589968\n|gametype|doubles\n|player|p1|Theadonia|roxie|1147\n|player|p2|Moregano18|backpacker|1066\n|teamsize|p1|6\n|teamsize|p2|6\n|gen|9\n|tier|[Gen 9] National Dex Doubles\n|rated|\n|rule|HP Percentage Mod: HP is shown in percentages\n|rule|Endless Battle Clause: Forcing endless battles is banned\n|rule|OHKO Clause: OHKO moves are banned\n|rule|Evasion Moves Clause: Evasion moves are banned\n|rule|Evasion Abilities Clause: Evasion abilities are banned\n|rule|Species Clause: Limit one of each Pok\u00e9mon\n|rule|Gravity Sleep Clause: The combination of sleep-inducing moves with imperfect accuracy and Gravity or Gigantamax Orbeetle are banned\n|clearpoke\n|poke|p1|Delphox, F|\n|poke|p1|Oricorio-Sensu, M|\n|poke|p1|Kommo-o, F|\n|poke|p1|Riolu, F|\n|poke|p1|Cresselia, F|\n|poke|p1|Smeargle, F|\n|poke|p2|Eevee, M|\n|poke|p2|Audino, M|\n|poke|p2|Staraptor, M|\n|poke|p2|Farigiraf, F|\n|poke|p2|Ditto|\n|poke|p2|Regigigas|\n|teampreview\n|\n|t:|1699589988\n|start\n|switch|p1a: Kommo-o|Kommo-o, F, shiny|100\/100\n|switch|p1b: Smeargle|Smeargle, F|100\/100\n|switch|p2a: Staraptor|Staraptor, M|100\/100\n|switch|p2b: Audino|Audino, M, shiny|100\/100\n|-ability|p2a: Staraptor|Intimidate|boost\n|-unboost|p1a: Kommo-o|atk|1\n|-fail|p1b: Smeargle|unboost|Attack|[from] ability: Own Tempo|[of] p1b: Smeargle\n|turn|1\n|\n|t:|1699590001\n|move|p1b: Smeargle|Simple Beam|p1a: Kommo-o\n|-endability|p1a: Kommo-o|Soundproof|[from] move: Simple Beam\n|-ability|p1a: Kommo-o|Simple|[from] move: Simple Beam\n|move|p2a: Staraptor|Close Combat|p1b: Smeargle\n|-supereffective|p1b: Smeargle\n|-damage|p1b: Smeargle|0 fnt\n|-unboost|p2a: Staraptor|def|1\n|-unboost|p2a: Staraptor|spd|1\n|faint|p1b: Smeargle\n|move|p1a: Kommo-o|Clangorous Soul|p1a: Kommo-o\n|-boost|p1a: Kommo-o|atk|2\n|-boost|p1a: Kommo-o|def|2\n|-boost|p1a: Kommo-o|spa|2\n|-boost|p1a: Kommo-o|spd|2\n|-boost|p1a: Kommo-o|spe|2\n|-damage|p1a: Kommo-o|68\/100\n|move|p2b: Audino|Icy Wind|p1a: Kommo-o\n|-supereffective|p1a: Kommo-o\n|-damage|p1a: Kommo-o|57\/100\n|-unboost|p1a: Kommo-o|spe|2\n|\n|upkeep\n|\n|t:|1699590007\n|switch|p1b: Riolu|Riolu, F|100\/100\n|turn|2\n|\n|t:|1699590041\n|switch|p2a: Regigigas|Regigigas|100\/100\n|-start|p2a: Regigigas|ability: Slow Start\n|move|p1b: Riolu|Coaching|p1a: Kommo-o\n|-boost|p1a: Kommo-o|atk|2\n|-boost|p1a: Kommo-o|def|2\n|-zpower|p1a: Kommo-o\n|move|p1a: Kommo-o|Clangorous Soulblaze|p2b: Audino|[zeffect]|[spread] p2a,p2b\n|-damage|p2a: Regigigas|36\/100\n|-damage|p2b: Audino|12\/100\n|-boost|p1a: Kommo-o|atk|2\n|-boost|p1a: Kommo-o|def|2\n|-boost|p1a: Kommo-o|spa|2\n|-boost|p1a: Kommo-o|spd|2\n|-boost|p1a: Kommo-o|spe|2\n|move|p2b: Audino|Icy Wind|p1a: Kommo-o|[spread] p1a,p1b\n|-supereffective|p1a: Kommo-o\n|-damage|p1a: Kommo-o|51\/100\n|-damage|p1b: Riolu|91\/100\n|-unboost|p1a: Kommo-o|spe|2\n|-unboost|p1b: Riolu|spe|1\n|\n|-heal|p2a: Regigigas|42\/100|[from] item: Leftovers\n|upkeep\n|turn|3\n|\n|t:|1699590067\n|move|p2a: Regigigas|Wide Guard|p2a: Regigigas\n|-singleturn|p2a: Regigigas|Wide Guard\n|move|p1b: Riolu|Vacuum Wave|p2b: Audino\n|-supereffective|p2b: Audino\n|-damage|p2b: Audino|0 fnt\n|faint|p2b: Audino\n|move|p1a: Kommo-o|Drain Punch|p2a: Regigigas\n|-supereffective|p2a: Regigigas\n|-damage|p2a: Regigigas|0 fnt\n|-heal|p1a: Kommo-o|81\/100|[from] drain|[of] p2a: Regigigas\n|faint|p2a: Regigigas\n|-end|p2a: Regigigas|Slow Start|[silent]\n|\n|upkeep\n|\n|t:|1699590082\n|switch|p2a: Staraptor|Staraptor, M|100\/100\n|switch|p2b: Ditto|Ditto, shiny|100\/100\n|-ability|p2a: Staraptor|Intimidate|boost\n|-unboost|p1a: Kommo-o|atk|2\n|-unboost|p1b: Riolu|atk|1\n|turn|4\n|\n|t:|1699590096\n|move|p1b: Riolu|Follow Me|p1b: Riolu\n|-singleturn|p1b: Riolu|move: Follow Me\n|move|p2b: Ditto|Transform|p1b: Riolu\n|-transform|p2b: Ditto|p1b: Riolu\n|move|p2a: Staraptor|Brave Bird|p1b: Riolu\n|-supereffective|p1b: Riolu\n|-damage|p1b: Riolu|0 fnt\n|faint|p1b: Riolu\n|-damage|p2a: Staraptor|78\/100|[from] Recoil\n|move|p1a: Kommo-o|Drain Punch|p2b: Ditto\n|-damage|p2b: Ditto|0 fnt\n|-heal|p1a: Kommo-o|100\/100|[from] drain|[of] p2b: Ditto\n|faint|p2b: Ditto\n|\n|upkeep\n|c|\u2606Moregano18|oof\n|c|\u2606Theadonia|Riolu is the best\n|\n|t:|1699590117\n|switch|p2b: Eevee|Eevee, M|100\/100\n|switch|p1b: Cresselia|Cresselia, F|100\/100\n|turn|5\n|\n|t:|1699590131\n|move|p2a: Staraptor|Brave Bird|p1a: Kommo-o\n|-supereffective|p1a: Kommo-o\n|-damage|p1a: Kommo-o|78\/100\n|-damage|p2a: Staraptor|72\/100|[from] Recoil\n|move|p1a: Kommo-o|Drain Punch|p2b: Eevee\n|-supereffective|p2b: Eevee\n|-damage|p2b: Eevee|0 fnt\n|-heal|p1a: Kommo-o|100\/100|[from] drain|[of] p2b: Eevee\n|faint|p2b: Eevee\n|move|p1b: Cresselia|Psych Up|p1a: Kommo-o\n|-copyboost|p1b: Cresselia|p1a: Kommo-o|[from] move: Psych Up\n|\n|upkeep\n|c|\u2606Moregano18|The prankster plays are real\n|\n|t:|1699590142\n|switch|p2b: Farigiraf|Farigiraf, F|100\/100\n|turn|6\n|\n|t:|1699590156\n|move|p2a: Staraptor|Brave Bird|p1a: Kommo-o\n|-supereffective|p1a: Kommo-o\n|-damage|p1a: Kommo-o|76\/100\n|-damage|p2a: Staraptor|65\/100|[from] Recoil\n|move|p1a: Kommo-o|Clanging Scales|p2a: Staraptor|[spread] p2a,p2b\n|-damage|p2a: Staraptor|0 fnt\n|-damage|p2b: Farigiraf|7\/100\n|faint|p2a: Staraptor\n|-unboost|p1a: Kommo-o|def|2\n|move|p2b: Farigiraf|Shadow Ball|p1b: Cresselia\n|-supereffective|p1b: Cresselia\n|-damage|p1b: Cresselia|90\/100\n|-heal|p2b: Farigiraf|8\/100|[from] item: Shell Bell|[of] p1b: Cresselia\n|move|p1b: Cresselia|Stored Power|p2b: Farigiraf\n|-resisted|p2b: Farigiraf\n|-damage|p2b: Farigiraf|0 fnt\n|faint|p2b: Farigiraf\n|\n|win|Theadonia\n|raw|Theadonia's rating: 1147 &rarr; <strong>1166<\/strong><br \/>(+19 for winning)\n|raw|Moregano18's rating: 1066 &rarr; <strong>1051<\/strong><br \/>(-15 for losing)\n|c|\u2606Theadonia|It\u2019s a great ability for support\n|c|\u2606Moregano18|gg\n|c|\u2606Theadonia|Ggwp\n|l|\u2606Moregano18\n","uploadtime":1699590179,"views":5,"p1id":"theadonia","p2id":"moregano18","formatid":"gen9nationaldexdoubles","rating":1051,"private":0,"password":""}