{"id":"gen9nationaldexdoubles-1976075827","p1":"Watertown","p2":"lxvliiz","format":"[Gen 9] National Dex Doubles","log":"|j|\u2606Watertown\n|j|\u2606lxvliiz\n|t:|1698261601\n|gametype|doubles\n|player|p1|Watertown|marlon|1100\n|player|p2|lxvliiz|102|1049\n|teamsize|p1|6\n|teamsize|p2|6\n|gen|9\n|tier|[Gen 9] National Dex Doubles\n|rated|\n|rule|HP Percentage Mod: HP is shown in percentages\n|rule|Endless Battle Clause: Forcing endless battles is banned\n|rule|OHKO Clause: OHKO moves are banned\n|rule|Evasion Moves Clause: Evasion moves are banned\n|rule|Evasion Abilities Clause: Evasion abilities are banned\n|rule|Species Clause: Limit one of each Pok\u00e9mon\n|rule|Gravity Sleep Clause: The combination of sleep-inducing moves with imperfect accuracy and Gravity or Gigantamax Orbeetle are banned\n|clearpoke\n|poke|p1|Camerupt, M|\n|poke|p1|Sandshrew-Alola, F|\n|poke|p1|Volbeat, M|\n|poke|p1|Dudunsparce-*, M|\n|poke|p1|Farigiraf, F|\n|poke|p1|Primeape, M|\n|poke|p2|Murkrow, F|\n|poke|p2|Dragapult, F|\n|poke|p2|Jirachi|\n|poke|p2|Volcarona, M|\n|poke|p2|Deoxys-Speed|\n|poke|p2|Regidrago|\n|teampreview\n|\n|t:|1698261619\n|start\n|switch|p1a: Volbeat|Volbeat, M|100\/100\n|switch|p1b: Primeape|Primeape, M|100\/100\n|switch|p2a: Deoxys|Deoxys-Speed|100\/100\n|switch|p2b: Murkrow|Murkrow, F|100\/100\n|-ability|p2a: Deoxys|Pressure\n|turn|1\n|\n|t:|1698261633\n|move|p2b: Murkrow|Tailwind|p2b: Murkrow\n|-sidestart|p2: lxvliiz|move: Tailwind\n|move|p1a: Volbeat|Tailwind|p1a: Volbeat\n|-sidestart|p1: Watertown|move: Tailwind\n|move|p1b: Primeape|Thunder Punch|p2b: Murkrow\n|-supereffective|p2b: Murkrow\n|-crit|p2b: Murkrow\n|-enditem|p2b: Murkrow|Focus Sash\n|-damage|p2b: Murkrow|1\/100\n|move|p2a: Deoxys|Trick|p1b: Primeape\n|-activate|p2a: Deoxys|move: Trick|[of] p1b: Primeape\n|-item|p1b: Primeape|Iron Ball|[from] move: Trick\n|-item|p2a: Deoxys|Eviolite|[from] move: Trick\n|\n|upkeep\n|turn|2\n|\n|t:|1698261662\n|switch|p2b: Dragapult|Dragapult, F|100\/100\n|move|p1a: Volbeat|Encore|p2a: Deoxys\n|-start|p2a: Deoxys|Encore\n|move|p2a: Deoxys|Trick|p1b: Primeape\n|-activate|p2a: Deoxys|move: Trick|[of] p1b: Primeape\n|-item|p1b: Primeape|Eviolite|[from] move: Trick\n|-item|p2a: Deoxys|Iron Ball|[from] move: Trick\n|move|p1b: Primeape|Rage Fist|p2b: Dragapult\n|-supereffective|p2b: Dragapult\n|-damage|p2b: Dragapult|61\/100\n|\n|upkeep\n|turn|3\n|\n|t:|1698261679\n|switch|p1b: Camerupt|Camerupt, M|100\/100\n|move|p1a: Volbeat|Tail Glow|p1a: Volbeat\n|-boost|p1a: Volbeat|spa|3\n|move|p2b: Dragapult|Psychic Fangs|p1b: Camerupt\n|-damage|p1b: Camerupt|60\/100\n|move|p2a: Deoxys|Trick|p1a: Volbeat\n|-activate|p2a: Deoxys|move: Trick|[of] p1a: Volbeat\n|-item|p1a: Volbeat|Iron Ball|[from] move: Trick\n|-item|p2a: Deoxys|Heavy-Duty Boots|[from] move: Trick\n|\n|upkeep\n|turn|4\n|\n|t:|1698261724\n|switch|p2a: Jirachi|Jirachi|100\/100\n|detailschange|p1b: Camerupt|Camerupt-Mega, M\n|-mega|p1b: Camerupt|Camerupt|Cameruptite\n|move|p1a: Volbeat|Baton Pass|p1a: Volbeat\n|\n|t:|1698261728\n|switch|p1a: Dudunsparce|Dudunsparce-Three-Segment, M|100\/100|[from] Baton Pass\n|move|p2b: Dragapult|Dragon Darts|p1b: Camerupt\n|-damage|p1b: Camerupt|28\/100\n|-anim|p2b: Dragapult|Dragon Darts|p1a: Dudunsparce\n|-damage|p1a: Dudunsparce|69\/100\n|move|p1b: Camerupt|Flare Blitz|p2b: Dragapult\n|-resisted|p2b: Dragapult\n|-damage|p2b: Dragapult|3\/100\n|-damage|p1b: Camerupt|10\/100|[from] Recoil\n|\n|-heal|p1a: Dudunsparce|76\/100|[from] item: Leftovers\n|-sideend|p1: Watertown|move: Tailwind\n|-sideend|p2: lxvliiz|move: Tailwind\n|upkeep\n|turn|5\n|\n|t:|1698261747\n|move|p2a: Jirachi|Follow Me|p2a: Jirachi\n|-singleturn|p2a: Jirachi|move: Follow Me\n|move|p2b: Dragapult|Dragon Darts|p1b: Camerupt\n|-damage|p1b: Camerupt|0 fnt\n|-anim|p2b: Dragapult|Dragon Darts|p1a: Dudunsparce\n|-damage|p1a: Dudunsparce|44\/100\n|faint|p1b: Camerupt\n|move|p1a: Dudunsparce|Fire Blast|p2a: Jirachi\n|-supereffective|p2a: Jirachi\n|-damage|p2a: Jirachi|2\/100\n|-enditem|p2a: Jirachi|Aguav Berry|[eat]\n|-heal|p2a: Jirachi|35\/100|[from] item: Aguav Berry\n|\n|-heal|p1a: Dudunsparce|50\/100|[from] item: Leftovers\n|upkeep\n|\n|t:|1698261762\n|switch|p1b: Volbeat|Volbeat, M|100\/100\n|turn|6\n|\n|t:|1698261771\n|move|p2a: Jirachi|Follow Me|p2a: Jirachi\n|-singleturn|p2a: Jirachi|move: Follow Me\n|move|p1b: Volbeat|Tailwind|p1b: Volbeat\n|-sidestart|p1: Watertown|move: Tailwind\n|move|p2b: Dragapult|Psychic Fangs|p1a: Dudunsparce\n|-damage|p1a: Dudunsparce|23\/100\n|move|p1a: Dudunsparce|Ice Beam|p2a: Jirachi\n|-resisted|p2a: Jirachi\n|-damage|p2a: Jirachi|17\/100\n|\n|-heal|p1a: Dudunsparce|29\/100|[from] item: Leftovers\n|upkeep\n|turn|7\n|\n|t:|1698261784\n|move|p2a: Jirachi|Follow Me|p2a: Jirachi\n|-singleturn|p2a: Jirachi|move: Follow Me\n|move|p1b: Volbeat|Encore|p2a: Jirachi\n|-start|p2a: Jirachi|Encore\n|move|p2b: Dragapult|Dragon Dance|p2b: Dragapult\n|-boost|p2b: Dragapult|atk|1\n|-boost|p2b: Dragapult|spe|1\n|move|p1a: Dudunsparce|Fire Blast|p2a: Jirachi\n|-supereffective|p2a: Jirachi\n|-damage|p2a: Jirachi|0 fnt\n|faint|p2a: Jirachi\n|\n|-heal|p1a: Dudunsparce|35\/100|[from] item: Leftovers\n|upkeep\n|\n|t:|1698261792\n|switch|p2a: Volcarona|Volcarona, M|100\/100\n|turn|8\n|\n|t:|1698261805\n|move|p2a: Volcarona|Rage Powder|p2a: Volcarona\n|-singleturn|p2a: Volcarona|move: Rage Powder\n|move|p1b: Volbeat|Encore|p2a: Volcarona\n|-start|p2a: Volcarona|Encore\n|move|p2b: Dragapult|Dragon Dance|p2b: Dragapult\n|-boost|p2b: Dragapult|atk|1\n|-boost|p2b: Dragapult|spe|1\n|move|p1a: Dudunsparce|Fire Blast|p2a: Volcarona|[miss]\n|-miss|p1a: Dudunsparce|p2a: Volcarona\n|\n|-heal|p1a: Dudunsparce|41\/100|[from] item: Leftovers\n|upkeep\n|turn|9\n|-message|Watertown forfeited.\n|\n|win|lxvliiz\n|raw|Watertown's rating: 1100 &rarr; <strong>1071<\/strong><br \/>(-29 for losing)\n|raw|lxvliiz's rating: 1049 &rarr; <strong>1086<\/strong><br \/>(+37 for winning)\n|l|\u2606Watertown\n","uploadtime":1698261815,"views":4,"p1id":"watertown","p2id":"lxvliiz","formatid":"gen9nationaldexdoubles","rating":1071,"private":0,"password":""}