{"id":"gen9nationaldexdoubles-1983310391","p1":"funny lizard","p2":"Xalvadore","format":"[Gen 9] National Dex Doubles","log":"|j|\u2606funny lizard\n|j|\u2606Xalvadore\n|t:|1699116822\n|gametype|doubles\n|player|p1|funny lizard|n-masters|1386\n|player|p2|Xalvadore|marnie|1335\n|teamsize|p1|6\n|teamsize|p2|6\n|gen|9\n|tier|[Gen 9] National Dex Doubles\n|rated|\n|rule|HP Percentage Mod: HP is shown in percentages\n|rule|Endless Battle Clause: Forcing endless battles is banned\n|rule|OHKO Clause: OHKO moves are banned\n|rule|Evasion Moves Clause: Evasion moves are banned\n|rule|Evasion Abilities Clause: Evasion abilities are banned\n|rule|Species Clause: Limit one of each Pok\u00e9mon\n|rule|Gravity Sleep Clause: The combination of sleep-inducing moves with imperfect accuracy and Gravity or Gigantamax Orbeetle are banned\n|clearpoke\n|poke|p1|Charizard, F|\n|poke|p1|Chi-Yu|\n|poke|p1|Flutter Mane|\n|poke|p1|Incineroar, F|\n|poke|p1|Kingambit, F|\n|poke|p1|Walking Wake|\n|poke|p2|Cresselia, F|\n|poke|p2|Heatran, F|\n|poke|p2|Slowking, M|\n|poke|p2|Conkeldurr, F|\n|poke|p2|Scizor, M|\n|poke|p2|Dragonite, M|\n|teampreview\n|\n|t:|1699116831\n|start\n|switch|p1a: fish|Chi-Yu|100\/100\n|switch|p1b: cat|Incineroar, F|100\/100\n|switch|p2a: Slowking|Slowking, M|100\/100\n|switch|p2b: Conkeldurr|Conkeldurr, F|100\/100\n|-ability|p1a: fish|Beads of Ruin\n|-ability|p1b: cat|Intimidate|boost\n|-unboost|p2a: Slowking|atk|1\n|-unboost|p2b: Conkeldurr|atk|1\n|turn|1\n|\n|t:|1699116846\n|move|p2b: Conkeldurr|Detect|p2b: Conkeldurr\n|-singleturn|p2b: Conkeldurr|Protect\n|move|p1b: cat|Fake Out|p2b: Conkeldurr\n|-activate|p2b: Conkeldurr|move: Protect\n|move|p1a: fish|Heat Wave|p2b: Conkeldurr|[spread] p2a\n|-activate|p2b: Conkeldurr|move: Protect\n|-resisted|p2a: Slowking\n|-damage|p2a: Slowking|65\/100\n|move|p2a: Slowking|Trick Room|p2a: Slowking\n|-fieldstart|move: Trick Room|[of] p2a: Slowking\n|\n|upkeep\n|turn|2\n|\n|t:|1699116861\n|move|p2a: Slowking|Scald|p1b: cat\n|-supereffective|p1b: cat\n|-damage|p1b: cat|14\/100\n|-enditem|p1b: cat|Sitrus Berry|[eat]\n|-heal|p1b: cat|39\/100|[from] item: Sitrus Berry\n|move|p2b: Conkeldurr|Hammer Arm|p1a: fish\n|-supereffective|p1a: fish\n|-damage|p1a: fish|0 fnt\n|-unboost|p2b: Conkeldurr|spe|1\n|faint|p1a: fish\n|-damage|p2b: Conkeldurr|91\/100|[from] item: Life Orb\n|move|p1b: cat|Parting Shot|p2b: Conkeldurr\n|-unboost|p2b: Conkeldurr|atk|1\n|-unboost|p2b: Conkeldurr|spa|1\n|\n|t:|1699116872\n|switch|p1b: groot firgurine|Charizard, F|100\/100|[from] Parting Shot\n|\n|upkeep\n|\n|t:|1699116874\n|switch|p1a: cat|Incineroar, F|39\/100\n|-ability|p1a: cat|Intimidate|boost\n|-unboost|p2a: Slowking|atk|1\n|-unboost|p2b: Conkeldurr|atk|1\n|turn|3\n|\n|t:|1699116889\n|switch|p2b: Heatran|Heatran, F|100\/100\n|detailschange|p1b: groot firgurine|Charizard-Mega-Y, F\n|-mega|p1b: groot firgurine|Charizard|Charizardite Y\n|-weather|SunnyDay|[from] ability: Drought|[of] p1b: groot firgurine\n|move|p1a: cat|Fake Out|p2a: Slowking\n|-crit|p2a: Slowking\n|-damage|p2a: Slowking|49\/100\n|cant|p2a: Slowking|flinch\n|move|p1b: groot firgurine|Air Slash|p2b: Heatran\n|-resisted|p2b: Heatran\n|-damage|p2b: Heatran|81\/100\n|\n|-weather|SunnyDay|[upkeep]\n|upkeep\n|turn|4\n|\n|t:|1699116915\n|move|p2a: Slowking|Scald|p1b: groot firgurine\n|-supereffective|p1b: groot firgurine\n|-damage|p1b: groot firgurine|64\/100\n|move|p1a: cat|Snarl|p2b: Heatran|[spread] p2a,p2b\n|-supereffective|p2a: Slowking\n|-damage|p2a: Slowking|31\/100\n|-damage|p2b: Heatran|72\/100\n|-unboost|p2a: Slowking|spa|1\n|-unboost|p2b: Heatran|spa|1\n|move|p2b: Heatran|Earth Power|p1a: cat\n|-supereffective|p1a: cat\n|-damage|p1a: cat|3\/100\n|move|p1b: groot firgurine|Solar Beam||[still]\n|-prepare|p1b: groot firgurine|Solar Beam\n|-anim|p1b: groot firgurine|Solar Beam|p2a: Slowking\n|-supereffective|p2a: Slowking\n|-damage|p2a: Slowking|0 fnt\n|faint|p2a: Slowking\n|\n|-weather|SunnyDay|[upkeep]\n|upkeep\n|\n|t:|1699116935\n|switch|p2a: Cresselia|Cresselia, F|100\/100\n|turn|5\n|\n|t:|1699116947\n|move|p2a: Cresselia|Helping Hand|p2b: Heatran\n|-singleturn|p2b: Heatran|Helping Hand|[of] p2a: Cresselia\n|move|p1a: cat|Flare Blitz|p2a: Cresselia\n|-damage|p2a: Cresselia|50\/100\n|-enditem|p2a: Cresselia|Sitrus Berry|[eat]\n|-heal|p2a: Cresselia|75\/100|[from] item: Sitrus Berry\n|-damage|p1a: cat|0 fnt|[from] Recoil\n|faint|p1a: cat\n|move|p2b: Heatran|Heat Wave|p1b: groot firgurine\n|-resisted|p1b: groot firgurine\n|-damage|p1b: groot firgurine|14\/100\n|move|p1b: groot firgurine|Heat Wave|p2b: Heatran|[spread] p2a\n|-start|p2b: Heatran|ability: Flash Fire\n|-damage|p2a: Cresselia|44\/100\n|-status|p2a: Cresselia|brn\n|\n|-weather|SunnyDay|[upkeep]\n|-damage|p2a: Cresselia|38\/100 brn|[from] brn\n|-fieldend|move: Trick Room\n|upkeep\n|\n|t:|1699116960\n|switch|p1a: penguin|Flutter Mane|100\/100\n|-activate|p1a: penguin|ability: Protosynthesis\n|-start|p1a: penguin|protosynthesisspe\n|turn|6\n|\n|t:|1699116972\n|switch|p1b: im fire type trust|Walking Wake|100\/100\n|-activate|p1b: im fire type trust|ability: Protosynthesis\n|-start|p1b: im fire type trust|protosynthesisspe\n|move|p2b: Heatran|Protect|p2b: Heatran\n|-singleturn|p2b: Heatran|Protect\n|move|p1a: penguin|Shadow Ball|p2a: Cresselia\n|-supereffective|p2a: Cresselia\n|-damage|p2a: Cresselia|0 fnt\n|faint|p2a: Cresselia\n|-damage|p1a: penguin|91\/100|[from] item: Life Orb\n|\n|-weather|SunnyDay|[upkeep]\n|upkeep\n|\n|t:|1699116984\n|switch|p2a: Dragonite|Dragonite, M|100\/100\n|turn|7\n|\n|t:|1699116992\n|-terastallize|p2a: Dragonite|Dragon\n|move|p1a: penguin|Dazzling Gleam|p2a: Dragonite|[spread] p2a,p2b\n|-supereffective|p2a: Dragonite\n|-resisted|p2b: Heatran\n|-damage|p2a: Dragonite|65\/100\n|-damage|p2b: Heatran|63\/100\n|-damage|p1a: penguin|81\/100|[from] item: Life Orb\n|move|p1b: im fire type trust|Hydro Steam|p2b: Heatran\n|-supereffective|p2b: Heatran\n|-damage|p2b: Heatran|0 fnt\n|faint|p2b: Heatran\n|move|p2a: Dragonite|Dragon Claw|p1b: im fire type trust\n|-supereffective|p1b: im fire type trust\n|-damage|p1b: im fire type trust|0 fnt\n|faint|p1b: im fire type trust\n|-end|p1b: im fire type trust|Protosynthesis|[silent]\n|\n|-weather|none\n|-end|p1a: penguin|Protosynthesis\n|upkeep\n|\n|t:|1699117007\n|switch|p1b: groot firgurine|Charizard-Mega-Y, F|14\/100\n|switch|p2b: Scizor|Scizor, M|100\/100\n|-weather|SunnyDay|[from] ability: Drought|[of] p1b: groot firgurine\n|-activate|p1a: penguin|ability: Protosynthesis\n|-start|p1a: penguin|protosynthesisspe\n|turn|8\n|\n|t:|1699117017\n|move|p2a: Dragonite|Extreme Speed|p1b: groot firgurine\n|-damage|p1b: groot firgurine|0 fnt\n|faint|p1b: groot firgurine\n|move|p2b: Scizor|Bullet Punch|p1a: penguin\n|-supereffective|p1a: penguin\n|-damage|p1a: penguin|0 fnt\n|faint|p1a: penguin\n|-end|p1a: penguin|Protosynthesis|[silent]\n|\n|-weather|SunnyDay|[upkeep]\n|upkeep\n|\n|t:|1699117021\n|switch|p1a: gambit lmfuckingao|Kingambit, F|100\/100\n|turn|9\n|\n|t:|1699117033\n|-terastallize|p1a: gambit lmfuckingao|Fire\n|move|p2a: Dragonite|Fire Punch|p1a: gambit lmfuckingao\n|-resisted|p1a: gambit lmfuckingao\n|-damage|p1a: gambit lmfuckingao|83\/100\n|move|p1a: gambit lmfuckingao|Knock Off|p2a: Dragonite\n|-damage|p2a: Dragonite|8\/100\n|-enditem|p2a: Dragonite|Haban Berry|[from] move: Knock Off|[of] p1a: gambit lmfuckingao\n|move|p2b: Scizor|Swords Dance|p2b: Scizor\n|-boost|p2b: Scizor|atk|2\n|\n|-weather|SunnyDay|[upkeep]\n|upkeep\n|turn|10\n|\n|t:|1699117050\n|move|p2a: Dragonite|Extreme Speed|p1a: gambit lmfuckingao\n|-damage|p1a: gambit lmfuckingao|58\/100\n|move|p2b: Scizor|Bullet Punch|p1a: gambit lmfuckingao\n|-resisted|p1a: gambit lmfuckingao\n|-damage|p1a: gambit lmfuckingao|23\/100\n|move|p1a: gambit lmfuckingao|Knock Off|p2b: Scizor\n|-damage|p2b: Scizor|47\/100\n|-enditem|p2b: Scizor|Iron Plate|[from] move: Knock Off|[of] p1a: gambit lmfuckingao\n|\n|-weather|SunnyDay|[upkeep]\n|upkeep\n|turn|11\n|\n|t:|1699117062\n|move|p1a: gambit lmfuckingao|Sucker Punch|p2b: Scizor\n|-damage|p2b: Scizor|10\/100\n|move|p2b: Scizor|Bullet Punch|p1a: gambit lmfuckingao\n|-resisted|p1a: gambit lmfuckingao\n|-damage|p1a: gambit lmfuckingao|0 fnt\n|faint|p1a: gambit lmfuckingao\n|\n|win|Xalvadore\n|raw|funny lizard's rating: 1386 &rarr; <strong>1363<\/strong><br \/>(-23 for losing)\n|raw|Xalvadore's rating: 1335 &rarr; <strong>1358<\/strong><br \/>(+23 for winning)\n|l|\u2606funny lizard\n|c|\u2606Xalvadore|gg\n","uploadtime":1699117071,"views":6,"p1id":"funnylizard","p2id":"xalvadore","formatid":"gen9nationaldexdoubles","rating":1358,"private":0,"password":""}