{"id":"gen9nationaldexdoubles-1999227041","p1":"I win so easily","p2":"femspencer","format":"[Gen 9] National Dex Doubles","log":"|j|\u2606I win so easily\n|j|\u2606femspencer\n|t:|1701047900\n|gametype|doubles\n|player|p1|I win so easily|camper|1000\n|player|p2|femspencer|nurse|1005\n|teamsize|p1|6\n|teamsize|p2|6\n|gen|9\n|tier|[Gen 9] National Dex Doubles\n|rated|\n|rule|HP Percentage Mod: HP is shown in percentages\n|rule|Endless Battle Clause: Forcing endless battles is banned\n|rule|OHKO Clause: OHKO moves are banned\n|rule|Evasion Moves Clause: Evasion moves are banned\n|rule|Evasion Abilities Clause: Evasion abilities are banned\n|rule|Species Clause: Limit one of each Pok\u00e9mon\n|rule|Gravity Sleep Clause: The combination of sleep-inducing moves with imperfect accuracy and Gravity or Gigantamax Orbeetle are banned\n|clearpoke\n|poke|p1|Zygarde|\n|poke|p1|Blastoise, M|\n|poke|p1|Clefable, M|\n|poke|p1|Indeedee-F, F|\n|poke|p1|Venomoth, F|\n|poke|p1|Mr. Mime, M|\n|poke|p2|Leavanny, F|\n|poke|p2|Sinistcha|\n|poke|p2|Tsareena, F|\n|poke|p2|Dipplin, F|\n|poke|p2|Arboliva, F|\n|poke|p2|Breloom, F|\n|teampreview\n|inactive|Battle timer is ON: inactive players will automatically lose when time's up. (requested by I win so easily)\n|\n|t:|1701047925\n|start\n|switch|p1a: Zygarde|Zygarde|100\/100\n|switch|p1b: Blastoise|Blastoise, M|100\/100\n|switch|p2a: Leavanny|Leavanny, F|100\/100\n|switch|p2b: Arboliva|Arboliva, F|100\/100\n|-ability|p1a: Zygarde|Aura Break\n|turn|1\n|inactive|femspencer has 120 seconds left.\n|\n|t:|1701047957\n|move|p1b: Blastoise|Follow Me|p1b: Blastoise\n|-singleturn|p1b: Blastoise|move: Follow Me\n|move|p2a: Leavanny|Leaf Blade|p1b: Blastoise\n|-supereffective|p1b: Blastoise\n|-damage|p1b: Blastoise|39\/100\n|move|p1a: Zygarde|Dragon Dance|p1a: Zygarde\n|-boost|p1a: Zygarde|atk|1\n|-boost|p1a: Zygarde|spe|1\n|move|p2b: Arboliva|Strength Sap|p1b: Blastoise\n|-unboost|p1b: Blastoise|atk|1\n|\n|upkeep\n|turn|2\n|\n|t:|1701047977\n|move|p1a: Zygarde|Protect|p1a: Zygarde\n|-singleturn|p1a: Zygarde|Protect\n|move|p1b: Blastoise|Follow Me|p1b: Blastoise\n|-singleturn|p1b: Blastoise|move: Follow Me\n|move|p2a: Leavanny|Leaf Blade|p1b: Blastoise\n|-supereffective|p1b: Blastoise\n|-damage|p1b: Blastoise|0 fnt\n|faint|p1b: Blastoise\n|move|p2b: Arboliva|Strength Sap|p1a: Zygarde\n|-activate|p1a: Zygarde|move: Protect\n|\n|upkeep\n|\n|t:|1701047993\n|switch|p1b: Clefable|Clefable, M|100\/100\n|turn|3\n|\n|t:|1701047999\n|move|p1b: Clefable|Follow Me|p1b: Clefable\n|-singleturn|p1b: Clefable|move: Follow Me\n|move|p1a: Zygarde|Dragon Dance|p1a: Zygarde\n|-boost|p1a: Zygarde|atk|1\n|-boost|p1a: Zygarde|spe|1\n|move|p2a: Leavanny|Swords Dance|p2a: Leavanny\n|-boost|p2a: Leavanny|atk|2\n|move|p2b: Arboliva|Leech Seed|p1b: Clefable\n|-start|p1b: Clefable|move: Leech Seed\n|\n|upkeep\n|turn|4\n|inactive|I win so easily has 120 seconds left.\n|\n|t:|1701048053\n|move|p1b: Clefable|Follow Me|p1b: Clefable\n|-singleturn|p1b: Clefable|move: Follow Me\n|move|p1a: Zygarde|Dragon Dance|p1a: Zygarde\n|-boost|p1a: Zygarde|atk|1\n|-boost|p1a: Zygarde|spe|1\n|move|p2a: Leavanny|Swords Dance|p2a: Leavanny\n|-boost|p2a: Leavanny|atk|2\n|move|p2b: Arboliva|Earth Power|p1b: Clefable\n|-damage|p1b: Clefable|80\/100\n|\n|upkeep\n|turn|5\n|inactive|I win so easily has 120 seconds left.\n|inactive|I win so easily has 90 seconds left.\n|inactive|I win so easily has 60 seconds left.\n|inactive|I win so easily has 30 seconds left.\n|inactive|I win so easily has 20 seconds left.\n|inactive|I win so easily has 15 seconds left.\n|inactive|I win so easily has 10 seconds left.\n|\n|t:|1701048172\n|move|p1a: Zygarde|Protect|p1a: Zygarde\n|-singleturn|p1a: Zygarde|Protect\n|move|p1b: Clefable|Follow Me|p1b: Clefable\n|-singleturn|p1b: Clefable|move: Follow Me\n|move|p2a: Leavanny|Knock Off|p1b: Clefable\n|-resisted|p1b: Clefable\n|-damage|p1b: Clefable|46\/100\n|-enditem|p1b: Clefable|Focus Sash|[from] move: Knock Off|[of] p2a: Leavanny\n|move|p2b: Arboliva|Strength Sap|p1b: Clefable\n|-unboost|p1b: Clefable|atk|1\n|\n|upkeep\n|turn|6\n|inactive|I win so easily has 30 seconds left.\n|inactive|I win so easily has 20 seconds left.\n|\n|t:|1701048192\n|move|p1b: Clefable|Follow Me|p1b: Clefable\n|-singleturn|p1b: Clefable|move: Follow Me\n|move|p1a: Zygarde|Dragon Dance|p1a: Zygarde\n|-boost|p1a: Zygarde|atk|1\n|-boost|p1a: Zygarde|spe|1\n|move|p2a: Leavanny|Bug Buzz|p1b: Clefable\n|-resisted|p1b: Clefable\n|-damage|p1b: Clefable|36\/100\n|-unboost|p1b: Clefable|spd|1\n|move|p2b: Arboliva|Strength Sap|p1b: Clefable\n|-unboost|p1b: Clefable|atk|1\n|\n|upkeep\n|turn|7\n|inactive|I win so easily has 30 seconds left.\n|inactive|I win so easily has 20 seconds left.\n|\n|t:|1701048220\n|move|p1b: Clefable|Follow Me|p1b: Clefable\n|-singleturn|p1b: Clefable|move: Follow Me\n|move|p1a: Zygarde|Thousand Arrows|p2a: Leavanny|[spread] p2a,p2b\n|-resisted|p2a: Leavanny\n|-resisted|p2b: Arboliva\n|-crit|p2b: Arboliva\n|-damage|p2a: Leavanny|56\/100\n|-damage|p2b: Arboliva|45\/100\n|-fieldstart|move: Grassy Terrain|[from] ability: Seed Sower|[of] p2b: Arboliva\n|-enditem|p2b: Arboliva|Eject Button\n|inactive|I win so easily has 25 seconds left this turn.\n|\n|t:|1701048229\n|switch|p2b: Sinistcha|Sinistcha|100\/100\n|-heal|p2a: Leavanny|81\/100|[from] ability: Hospitality|[of] p2b: Sinistcha\n|move|p2a: Leavanny|Leaf Blade|p1b: Clefable\n|-damage|p1b: Clefable|0 fnt\n|faint|p1b: Clefable\n|\n|-heal|p2a: Leavanny|87\/100|[from] Grassy Terrain\n|upkeep\n|inactive|I win so easily has 30 seconds left this turn.\n|inactive|I win so easily has 20 seconds left.\n|inactive|I win so easily has 15 seconds left.\n|inactive|I win so easily has 10 seconds left.\n|\n|t:|1701048250\n|switch|p1b: Mr. Mime|Mr. Mime, M|100\/100\n|turn|8\n|\n|t:|1701048259\n|move|p1b: Mr. Mime|Follow Me|p1b: Mr. Mime\n|-singleturn|p1b: Mr. Mime|move: Follow Me\n|move|p1a: Zygarde|Crunch|p2b: Sinistcha\n|-supereffective|p2b: Sinistcha\n|-damage|p2b: Sinistcha|0 fnt\n|faint|p2b: Sinistcha\n|move|p2a: Leavanny|Leaf Blade|p1b: Mr. Mime\n|-enditem|p1b: Mr. Mime|Focus Sash\n|-damage|p1b: Mr. Mime|1\/100\n|\n|-heal|p2a: Leavanny|93\/100|[from] Grassy Terrain\n|-heal|p1b: Mr. Mime|7\/100|[from] Grassy Terrain\n|upkeep\n|\n|t:|1701048272\n|switch|p2b: Breloom|Breloom, F|100\/100\n|turn|9\n|inactive|I win so easily has 60 seconds left.\n|\n|t:|1701048293\n|move|p1b: Mr. Mime|Follow Me|p1b: Mr. Mime\n|-singleturn|p1b: Mr. Mime|move: Follow Me\n|move|p1a: Zygarde|Crunch|p2a: Leavanny\n|-damage|p2a: Leavanny|0 fnt\n|faint|p2a: Leavanny\n|move|p2b: Breloom|Bullet Seed|p1b: Mr. Mime\n|-damage|p1b: Mr. Mime|0 fnt\n|faint|p1b: Mr. Mime\n|-hitcount|p1: Mr. Mime|1\n|\n|upkeep\n|\n|t:|1701048302\n|switch|p2a: Tsareena|Tsareena, F|100\/100\n|switch|p1b: Indeedee|Indeedee-F, F|100\/100\n|-fieldstart|move: Psychic Terrain|[from] ability: Psychic Surge|[of] p1b: Indeedee\n|turn|10\n|\n|t:|1701048319\n|move|p1b: Indeedee|Follow Me|p1b: Indeedee\n|-singleturn|p1b: Indeedee|move: Follow Me\n|move|p1a: Zygarde|Thousand Arrows|p2b: Breloom|[spread] p2a,p2b\n|-resisted|p2a: Tsareena\n|-resisted|p2b: Breloom\n|-damage|p2a: Tsareena|42\/100\n|-damage|p2b: Breloom|11\/100\n|move|p2a: Tsareena|Knock Off|p1b: Indeedee\n|-supereffective|p1b: Indeedee\n|-damage|p1b: Indeedee|43\/100\n|-enditem|p1b: Indeedee|Focus Sash|[from] move: Knock Off|[of] p2a: Tsareena\n|move|p2b: Breloom|Bullet Seed|p1b: Indeedee\n|-damage|p1b: Indeedee|23\/100\n|-damage|p1b: Indeedee|6\/100\n|-damage|p1b: Indeedee|0 fnt\n|faint|p1b: Indeedee\n|-hitcount|p1: Indeedee|3\n|\n|upkeep\n|inactive|I win so easily has 60 seconds left.\n|\n|t:|1701048353\n|switch|p1b: Venomoth|Venomoth, F|100\/100\n|turn|11\n|\n|t:|1701048364\n|move|p1b: Venomoth|Rage Powder|p1b: Venomoth\n|-singleturn|p1b: Venomoth|move: Rage Powder\n|move|p2b: Breloom|Mach Punch|p1a: Zygarde\n|-activate|p1a: Zygarde|move: Psychic Terrain\n|move|p1a: Zygarde|Thousand Arrows|p2a: Tsareena|[spread] p2a,p2b\n|-resisted|p2a: Tsareena\n|-resisted|p2b: Breloom\n|-damage|p2a: Tsareena|0 fnt\n|-damage|p2b: Breloom|0 fnt\n|faint|p2a: Tsareena\n|faint|p2b: Breloom\n|\n|upkeep\n|\n|t:|1701048373\n|switch|p2a: Dipplin|Dipplin, F|100\/100\n|switch|p2b: Arboliva|Arboliva, F|45\/100\n|-ability|p2a: Dipplin|Supersweet Syrup\n|-ability|p2a: Dipplin|Supersweet Syrup|boost\n|-unboost|p1a: Zygarde|evasion|1\n|-unboost|p1b: Venomoth|evasion|1\n|turn|12\n|inactive|I win so easily has 90 seconds left.\n|\n|t:|1701048391\n|-terastallize|p2a: Dipplin|Grass\n|move|p1a: Zygarde|Thousand Arrows|p2a: Dipplin|[spread] p2a,p2b\n|-resisted|p2a: Dipplin\n|-resisted|p2b: Arboliva\n|-damage|p2a: Dipplin|59\/100\n|-damage|p2b: Arboliva|6\/100\n|-fieldstart|move: Grassy Terrain|[from] ability: Seed Sower|[of] p2b: Arboliva\n|move|p1b: Venomoth|Bug Buzz|p2a: Dipplin\n|-supereffective|p2a: Dipplin\n|-damage|p2a: Dipplin|0 fnt\n|faint|p2a: Dipplin\n|move|p2b: Arboliva|Strength Sap|p1a: Zygarde\n|-unboost|p1a: Zygarde|atk|1\n|-heal|p2b: Arboliva|100\/100\n|\n|upkeep\n|turn|13\n|inactive|I win so easily has 90 seconds left.\n|\n|t:|1701048424\n|move|p1a: Zygarde|Dragon Dance|p1a: Zygarde\n|-boost|p1a: Zygarde|atk|1\n|-boost|p1a: Zygarde|spe|1\n|move|p1b: Venomoth|Bug Buzz|p2b: Arboliva\n|-supereffective|p2b: Arboliva\n|-damage|p2b: Arboliva|51\/100\n|move|p2b: Arboliva|Leech Seed|p1a: Zygarde\n|-start|p1a: Zygarde|move: Leech Seed\n|\n|-heal|p2b: Arboliva|58\/100|[from] Grassy Terrain\n|-damage|p1a: Zygarde|88\/100|[from] Leech Seed|[of] p2b: Arboliva\n|-heal|p2b: Arboliva|72\/100|[silent]\n|upkeep\n|turn|14\n|inactive|I win so easily has 90 seconds left.\n|\n|t:|1701048437\n|move|p1a: Zygarde|Crunch|p2b: Arboliva\n|-damage|p2b: Arboliva|17\/100\n|move|p1b: Venomoth|Bug Buzz|p2b: Arboliva\n|-supereffective|p2b: Arboliva\n|-damage|p2b: Arboliva|0 fnt\n|faint|p2b: Arboliva\n|\n|win|I win so easily\n|raw|I win so easily's rating: 1084 &rarr; <strong>1105<\/strong><br \/>(+21 for winning)\n|raw|femspencer's rating: 1005 &rarr; <strong>1000<\/strong><br \/>(-5 for losing)\n|l|\u2606femspencer\n","uploadtime":1701048453,"views":0,"p1id":"iwinsoeasily","p2id":"femspencer","formatid":"gen9nationaldexdoubles","rating":1000,"private":0,"password":""}