{"id":"gen9nationaldexdoubles-1979567036","p1":"vibrava9000","p2":"JoeIsHereG","format":"[Gen 9] National Dex Doubles","log":"|j|\u2606vibrava9000\n|j|\u2606JoeIsHereG\n|t:|1698692887\n|gametype|doubles\n|player|p1|vibrava9000|fisherman-gen4|1000\n|player|p2|JoeIsHereG|101|1061\n|teamsize|p1|6\n|teamsize|p2|6\n|gen|9\n|tier|[Gen 9] National Dex Doubles\n|rated|\n|rule|HP Percentage Mod: HP is shown in percentages\n|rule|Endless Battle Clause: Forcing endless battles is banned\n|rule|OHKO Clause: OHKO moves are banned\n|rule|Evasion Moves Clause: Evasion moves are banned\n|rule|Evasion Abilities Clause: Evasion abilities are banned\n|rule|Species Clause: Limit one of each Pok\u00e9mon\n|rule|Gravity Sleep Clause: The combination of sleep-inducing moves with imperfect accuracy and Gravity or Gigantamax Orbeetle are banned\n|clearpoke\n|poke|p1|Lurantis, M|\n|poke|p1|Ninetales, M|\n|poke|p1|Gengar, F|\n|poke|p1|Tyranitar, M|\n|poke|p1|Mew|\n|poke|p1|Pelipper, F|\n|poke|p2|Trevenant, F|\n|poke|p2|Chien-Pao|\n|poke|p2|Palafin, F|\n|poke|p2|Murkrow, M|\n|poke|p2|Lucario, F|\n|poke|p2|Sinistcha|\n|teampreview\n|inactive|Battle timer is ON: inactive players will automatically lose when time's up. (requested by JoeIsHereG)\n|inactive|vibrava9000 has 120 seconds left.\n|\n|t:|1698692935\n|start\n|switch|p1a: Mew|Mew|100\/100\n|switch|p1b: Ninetales|Ninetales, M, shiny|100\/100\n|switch|p2a: Murkrow|Murkrow, M|100\/100\n|switch|p2b: Palafin|Palafin, F|100\/100\n|-weather|SunnyDay|[from] ability: Drought|[of] p1b: Ninetales\n|turn|1\n|\n|t:|1698692965\n|move|p2a: Murkrow|Tailwind|p2a: Murkrow\n|-sidestart|p2: JoeIsHereG|move: Tailwind\n|move|p2b: Palafin|Flip Turn|p1b: Ninetales\n|-supereffective|p1b: Ninetales\n|-damage|p1b: Ninetales|63\/100\n|inactive|JoeIsHereG has 120 seconds left.\n|\n|t:|1698692987\n|detailschange|p2b: Palafin|Palafin-Hero, F\n|switch|p2b: Trevenant|Trevenant, F, shiny|100\/100|[from] Flip Turn\n|move|p1a: Mew|Reflect|p1a: Mew\n|-sidestart|p1: vibrava9000|Reflect\n|move|p1b: Ninetales|Body Slam|p2a: Murkrow\n|-damage|p2a: Murkrow|80\/100\n|\n|-weather|SunnyDay|[upkeep]\n|upkeep\n|turn|2\n|inactive|vibrava9000 has 120 seconds left.\n|inactive|vibrava9000 has 90 seconds left.\n|\n|t:|1698693047\n|switch|p1a: Lurantis|Lurantis, M, shiny|100\/100\n|move|p2a: Murkrow|Thunder Wave|p1b: Ninetales\n|-status|p1b: Ninetales|par\n|move|p2b: Trevenant|Ingrain|p2b: Trevenant\n|-start|p2b: Trevenant|move: Ingrain\n|cant|p1b: Ninetales|par\n|\n|-weather|SunnyDay|[upkeep]\n|upkeep\n|turn|3\n|inactive|JoeIsHereG has 120 seconds left.\n|\n|t:|1698693085\n|move|p2a: Murkrow|Sucker Punch||[still]\n|-fail|p2a: Murkrow\n|move|p2b: Trevenant|Substitute|p2b: Trevenant\n|-start|p2b: Trevenant|Substitute\n|-damage|p2b: Trevenant|75\/100\n|move|p1a: Lurantis|Facade|p2a: Murkrow\n|-damage|p2a: Murkrow|47\/100\n|cant|p1b: Ninetales|par\n|\n|-weather|SunnyDay|[upkeep]\n|-heal|p2b: Trevenant|82\/100|[from] Ingrain\n|upkeep\n|turn|4\n|inactive|vibrava9000 has 120 seconds left.\n|\n|t:|1698693115\n|move|p2a: Murkrow|Thunder Wave|p1a: Lurantis\n|-immune|p1a: Lurantis|[from] ability: Leaf Guard\n|move|p2b: Trevenant|Rock Slide|p1b: Ninetales|[spread] p1a,p1b\n|-supereffective|p1b: Ninetales\n|-damage|p1a: Lurantis|90\/100\n|-damage|p1b: Ninetales|39\/100 par\n|move|p1a: Lurantis|Aromatherapy|p1a: Lurantis\n|-activate|p1a: Lurantis|move: Aromatherapy\n|-curestatus|p1b: Ninetales|par|[msg]\n|move|p1b: Ninetales|Disable|p2b: Trevenant\n|-start|p2b: Trevenant|Disable|Rock Slide\n|\n|-weather|SunnyDay|[upkeep]\n|-heal|p1a: Lurantis|96\/100|[from] item: Leftovers\n|-heal|p2b: Trevenant|88\/100|[from] Ingrain\n|-sideend|p2: JoeIsHereG|move: Tailwind\n|upkeep\n|turn|5\n|inactive|vibrava9000 has 120 seconds left.\n|inactive|vibrava9000 has 90 seconds left.\n|\n|t:|1698693164\n|move|p2a: Murkrow|Thunder Wave|p1b: Ninetales\n|-status|p1b: Ninetales|par\n|move|p2b: Trevenant|Horn Leech|p1b: Ninetales\n|-resisted|p1b: Ninetales\n|-damage|p1b: Ninetales|27\/100 par\n|-heal|p2b: Trevenant|94\/100|[from] drain|[of] p1b: Ninetales\n|move|p1a: Lurantis|Leech Life|p2a: Murkrow\n|-damage|p2a: Murkrow|13\/100\n|-heal|p1a: Lurantis|100\/100|[from] drain|[of] p2a: Murkrow\n|cant|p1b: Ninetales|par\n|\n|-weather|none\n|-heal|p2b: Trevenant|99\/100|[from] Ingrain\n|-sideend|p1: vibrava9000|Reflect\n|upkeep\n|turn|6\n|inactive|vibrava9000 has 90 seconds left.\n|\n|t:|1698693188\n|move|p2a: Murkrow|Tailwind|p2a: Murkrow\n|-sidestart|p2: JoeIsHereG|move: Tailwind\n|move|p2b: Trevenant|Horn Leech|p1b: Ninetales\n|-resisted|p1b: Ninetales\n|-damage|p1b: Ninetales|11\/100 par\n|-heal|p2b: Trevenant|100\/100|[from] drain|[of] p1b: Ninetales\n|move|p1a: Lurantis|Aromatherapy|p1a: Lurantis\n|-activate|p1a: Lurantis|move: Aromatherapy\n|-curestatus|p1b: Ninetales|par|[msg]\n|move|p1b: Ninetales|Will-O-Wisp|p2b: Trevenant|[miss]\n|-miss|p1b: Ninetales|p2b: Trevenant\n|\n|upkeep\n|turn|7\n|\n|t:|1698693210\n|switch|p2a: Chien-Pao|Chien-Pao|100\/100\n|-ability|p2a: Chien-Pao|Sword of Ruin\n|move|p2b: Trevenant|Horn Leech|p1b: Ninetales\n|-resisted|p1b: Ninetales\n|-damage|p1b: Ninetales|0 fnt\n|faint|p1b: Ninetales\n|move|p1a: Lurantis|Leaf Blade|p2a: Chien-Pao\n|-damage|p2a: Chien-Pao|36\/100\n|\n|upkeep\n|inactive|vibrava9000 has 90 seconds left.\n|\n|t:|1698693231\n|switch|p1b: Pelipper|Pelipper, F, shiny|100\/100\n|turn|8\n|\n|t:|1698693245\n|move|p2a: Chien-Pao|Ice Spinner|p1b: Pelipper\n|-damage|p1b: Pelipper|46\/100\n|move|p2b: Trevenant|Horn Leech|p1b: Pelipper\n|-damage|p1b: Pelipper|9\/100\n|move|p1b: Pelipper|Ice Beam|p2a: Chien-Pao\n|-resisted|p2a: Chien-Pao\n|-damage|p2a: Chien-Pao|12\/100\n|move|p1a: Lurantis|Leech Life|p2a: Chien-Pao\n|-supereffective|p2a: Chien-Pao\n|-damage|p2a: Chien-Pao|0 fnt\n|faint|p2a: Chien-Pao\n|\n|-end|p2b: Trevenant|Disable\n|upkeep\n|\n|t:|1698693257\n|switch|p2a: Lucario|Lucario, F|100\/100\n|turn|9\n|inactive|vibrava9000 has 120 seconds left.\n|\n|t:|1698693277\n|detailschange|p2a: Lucario|Lucario-Mega, F\n|-mega|p2a: Lucario|Lucario|Lucarionite\n|move|p2a: Lucario|Power-Up Punch|p1a: Lurantis\n|-damage|p1a: Lurantis|69\/100\n|-boost|p2a: Lucario|atk|1\n|move|p2b: Trevenant|Rock Slide|p1b: Pelipper|[spread] p1a,p1b\n|-supereffective|p1b: Pelipper\n|-damage|p1a: Lurantis|53\/100\n|-damage|p1b: Pelipper|0 fnt\n|faint|p1b: Pelipper\n|cant|p1a: Lurantis|flinch\n|\n|-heal|p1a: Lurantis|60\/100|[from] item: Leftovers\n|-sideend|p2: JoeIsHereG|move: Tailwind\n|upkeep\n|\n|t:|1698693291\n|switch|p1b: Mew|Mew|100\/100\n|turn|10\n|inactive|vibrava9000 has 120 seconds left.\n|\n|t:|1698693304\n|move|p1b: Mew|Psychic|p2a: Lucario\n|-damage|p2a: Lucario|38\/100\n|move|p2a: Lucario|Power-Up Punch|p1a: Lurantis\n|-damage|p1a: Lurantis|12\/100\n|-boost|p2a: Lucario|atk|1\n|move|p2b: Trevenant|Rock Slide|p1a: Lurantis|[spread] p1a,p1b\n|-damage|p1a: Lurantis|0 fnt\n|-damage|p1b: Mew|86\/100\n|faint|p1a: Lurantis\n|\n|upkeep\n|inactive|vibrava9000 has 120 seconds left.\n|\n|t:|1698693319\n|switch|p1a: Gengar|Gengar, F, shiny|100\/100\n|turn|11\n|\n|t:|1698693331\n|move|p1b: Mew|Psychic|p2a: Lucario\n|-damage|p2a: Lucario|0 fnt\n|faint|p2a: Lucario\n|move|p1a: Gengar|Dark Pulse|p2b: Trevenant\n|-supereffective|p2b: Trevenant\n|-end|p2b: Trevenant|Substitute\n|-damage|p1a: Gengar|91\/100|[from] item: Life Orb\n|move|p2b: Trevenant|Rock Slide|p1a: Gengar|[spread] p1b\n|-miss|p2b: Trevenant|p1a: Gengar\n|-damage|p1b: Mew|71\/100\n|\n|upkeep\n|\n|t:|1698693334\n|switch|p2a: Murkrow|Murkrow, M|13\/100\n|turn|12\n|\n|t:|1698693352\n|move|p2a: Murkrow|Tailwind|p2a: Murkrow\n|-sidestart|p2: JoeIsHereG|move: Tailwind\n|move|p1b: Mew|Psychic|p2b: Trevenant\n|-damage|p2b: Trevenant|71\/100\n|move|p1a: Gengar|Dark Pulse|p2a: Murkrow\n|-resisted|p2a: Murkrow\n|-damage|p2a: Murkrow|0 fnt\n|faint|p2a: Murkrow\n|-damage|p1a: Gengar|81\/100|[from] item: Life Orb\n|move|p2b: Trevenant|Rock Slide|p1b: Mew|[spread] p1b\n|-miss|p2b: Trevenant|p1a: Gengar\n|-damage|p1b: Mew|57\/100\n|\n|-heal|p2b: Trevenant|78\/100|[from] Ingrain\n|upkeep\n|\n|t:|1698693367\n|switch|p2a: Sinistcha|Sinistcha|100\/100\n|-heal|p2b: Trevenant|100\/100|[from] ability: Hospitality|[of] p2a: Sinistcha\n|turn|13\n|inactive|vibrava9000 has 120 seconds left.\n|\n|t:|1698693400\n|move|p2a: Sinistcha|Stun Spore|p1a: Gengar\n|-status|p1a: Gengar|par\n|move|p1b: Mew|Psychic|p2a: Sinistcha\n|-damage|p2a: Sinistcha|55\/100\n|move|p2b: Trevenant|Substitute|p2b: Trevenant\n|-start|p2b: Trevenant|Substitute\n|-damage|p2b: Trevenant|75\/100\n|move|p1a: Gengar|Shadow Ball|p2a: Sinistcha\n|-supereffective|p2a: Sinistcha\n|-damage|p2a: Sinistcha|0 fnt\n|faint|p2a: Sinistcha\n|-damage|p1a: Gengar|71\/100 par|[from] item: Life Orb\n|\n|-heal|p2b: Trevenant|82\/100|[from] Ingrain\n|upkeep\n|\n|t:|1698693409\n|switch|p2a: Palafin|Palafin-Hero, F|100\/100\n|-activate|p2a: Palafin|ability: Zero to Hero\n|turn|14\n|\n|t:|1698693437\n|move|p2a: Palafin|Iron Head|p1a: Gengar\n|-damage|p1a: Gengar|0 fnt\n|faint|p1a: Gengar\n|move|p1b: Mew|Psychic|p2a: Palafin\n|-damage|p2a: Palafin|60\/100\n|move|p2b: Trevenant|Rock Slide|p1b: Mew\n|-damage|p1b: Mew|37\/100\n|\n|-heal|p2b: Trevenant|88\/100|[from] Ingrain\n|upkeep\n|inactive|vibrava9000 has 120 seconds left.\n|\n|t:|1698693448\n|switch|p1a: Tyranitar|Tyranitar, M|100\/100\n|-ability|p1a: Tyranitar|Unnerve\n|turn|15\n|\n|t:|1698693462\n|move|p2a: Palafin|Iron Head|p1a: Tyranitar\n|-supereffective|p1a: Tyranitar\n|-damage|p1a: Tyranitar|18\/100\n|-damage|p2a: Palafin|43\/100|[from] item: Rocky Helmet|[of] p1a: Tyranitar\n|move|p1b: Mew|Psychic|p2b: Trevenant\n|-end|p2b: Trevenant|Substitute\n|move|p2b: Trevenant|Horn Leech|p1b: Mew\n|-damage|p1b: Mew|10\/100\n|-heal|p2b: Trevenant|100\/100|[from] drain|[of] p1b: Mew\n|move|p1a: Tyranitar|Crunch|p2a: Palafin\n|-damage|p2a: Palafin|0 fnt\n|faint|p2a: Palafin\n|\n|-sideend|p2: JoeIsHereG|move: Tailwind\n|upkeep\n|turn|16\n|\n|t:|1698693488\n|move|p1b: Mew|Psychic|p2b: Trevenant\n|-damage|p2b: Trevenant|73\/100\n|move|p1a: Tyranitar|Crunch|p2b: Trevenant\n|-supereffective|p2b: Trevenant\n|-damage|p2b: Trevenant|0 fnt\n|faint|p2b: Trevenant\n|\n|win|vibrava9000\n|raw|vibrava9000's rating: 1000 &rarr; <strong>1047<\/strong><br \/>(+47 for winning)\n|raw|JoeIsHereG's rating: 1061 &rarr; <strong>1039<\/strong><br \/>(-22 for losing)\n|l|\u2606JoeIsHereG\n","uploadtime":1698693506,"views":14,"p1id":"vibrava9000","p2id":"joeishereg","formatid":"gen9nationaldexdoubles","rating":1039,"private":0,"password":""}