{"id":"gen9nationaldexdoubles-1972925796","p1":"retro assassin","p2":"Dragonnightwing","format":"[Gen 9] National Dex Doubles","log":"|j|\u2606retro assassin\n|j|\u2606Dragonnightwing\n|t:|1697909535\n|gametype|doubles\n|player|p1|retro assassin|iris-gen5bw2|\n|player|p2|Dragonnightwing|lance|\n|teamsize|p1|6\n|teamsize|p2|6\n|gen|9\n|tier|[Gen 9] National Dex Doubles\n|rule|HP Percentage Mod: HP is shown in percentages\n|rule|Endless Battle Clause: Forcing endless battles is banned\n|rule|OHKO Clause: OHKO moves are banned\n|rule|Evasion Moves Clause: Evasion moves are banned\n|rule|Evasion Abilities Clause: Evasion abilities are banned\n|rule|Species Clause: Limit one of each Pok\u00e9mon\n|rule|Gravity Sleep Clause: The combination of sleep-inducing moves with imperfect accuracy and Gravity or Gigantamax Orbeetle are banned\n|clearpoke\n|poke|p1|Tyranitar, F|\n|poke|p1|Sandslash, F|\n|poke|p1|Cresselia, F|\n|poke|p1|Ursaluna, F|\n|poke|p1|Hippowdon, M|\n|poke|p1|Goodra-Hisui, M|\n|poke|p2|Corviknight, F|\n|poke|p2|Empoleon, M|\n|poke|p2|Duraludon, M|\n|poke|p2|Aegislash, F|\n|poke|p2|Metagross|\n|poke|p2|Kingambit, F|\n|teampreview\n|\n|t:|1697909553\n|start\n|switch|p1a: Sandslash|Sandslash, F|100\/100\n|switch|p1b: Tyranitar|Tyranitar, F|100\/100\n|switch|p2a: Sire|Corviknight, F|100\/100\n|switch|p2b: Napoleon|Empoleon, M|100\/100\n|-ability|p2a: Sire|Pressure\n|-weather|Sandstorm|[from] ability: Sand Stream|[of] p1b: Tyranitar\n|turn|1\n|\n|t:|1697909576\n|move|p1a: Sandslash|Brick Break|p2b: Napoleon\n|-supereffective|p2b: Napoleon\n|-damage|p2b: Napoleon|69\/100\n|move|p2a: Sire|Body Press|p1b: Tyranitar\n|-supereffective|p1b: Tyranitar\n|-damage|p1b: Tyranitar|27\/100\n|-enditem|p1b: Tyranitar|Weakness Policy\n|-boost|p1b: Tyranitar|atk|2|[from] item: Weakness Policy\n|-boost|p1b: Tyranitar|spa|2|[from] item: Weakness Policy\n|move|p1b: Tyranitar|Thunder Punch|p2a: Sire\n|-supereffective|p2a: Sire\n|-damage|p2a: Sire|44\/100\n|-damage|p1b: Tyranitar|10\/100|[from] item: Rocky Helmet|[of] p2a: Sire\n|move|p2b: Napoleon|Surf|p1a: Sandslash|[spread] p2a,p1a,p1b\n|-supereffective|p1a: Sandslash\n|-supereffective|p1b: Tyranitar\n|-damage|p2a: Sire|9\/100\n|-enditem|p1a: Sandslash|Focus Sash\n|-damage|p1a: Sandslash|1\/100\n|-damage|p1b: Tyranitar|0 fnt\n|faint|p1b: Tyranitar\n|\n|-weather|Sandstorm|[upkeep]\n|upkeep\n|\n|t:|1697909604\n|switch|p1b: Hippowdon|Hippowdon, M|100\/100\n|turn|2\n|\n|t:|1697909627\n|move|p1a: Sandslash|Brick Break|p2a: Sire\n|-damage|p2a: Sire|0 fnt\n|-damage|p1a: Sandslash|0 fnt|[from] item: Rocky Helmet|[of] p2a: Sire\n|faint|p2a: Sire\n|faint|p1a: Sandslash\n|move|p2b: Napoleon|Surf|p1b: Hippowdon\n|-supereffective|p1b: Hippowdon\n|-damage|p1b: Hippowdon|18\/100\n|move|p1b: Hippowdon|Body Press|p2b: Napoleon\n|-supereffective|p2b: Napoleon\n|-damage|p2b: Napoleon|22\/100\n|\n|-weather|Sandstorm|[upkeep]\n|-heal|p1b: Hippowdon|24\/100|[from] item: Leftovers\n|upkeep\n|\n|t:|1697909644\n|switch|p1a: Cresselia|Cresselia, F|100\/100\n|switch|p2a: Donnie|Duraludon, M|100\/100\n|turn|3\n|\n|t:|1697909664\n|switch|p1b: Goodra|Goodra-Hisui, M|100\/100\n|move|p2a: Donnie|Iron Defense|p2a: Donnie\n|-boost|p2a: Donnie|def|2\n|move|p2b: Napoleon|Ice Beam|p1b: Goodra\n|-damage|p1b: Goodra|86\/100\n|move|p1a: Cresselia|Trick Room|p1a: Cresselia\n|-fieldstart|move: Trick Room|[of] p1a: Cresselia\n|\n|-weather|Sandstorm|[upkeep]\n|-damage|p1a: Cresselia|94\/100|[from] Sandstorm\n|-heal|p1a: Cresselia|100\/100|[from] item: Leftovers\n|upkeep\n|turn|4\n|\n|t:|1697909710\n|move|p2b: Napoleon|Surf|p1a: Cresselia|[spread] p2a,p1a,p1b\n|-resisted|p2a: Donnie\n|-resisted|p1b: Goodra\n|-damage|p2a: Donnie|72\/100\n|-damage|p1a: Cresselia|77\/100\n|-damage|p1b: Goodra|79\/100\n|move|p1a: Cresselia|Power Gem|p2a: Donnie\n|-resisted|p2a: Donnie\n|-damage|p2a: Donnie|54\/100\n|move|p2a: Donnie|Body Press|p1b: Goodra\n|-supereffective|p1b: Goodra\n|-damage|p1b: Goodra|0 fnt\n|faint|p1b: Goodra\n|\n|-weather|Sandstorm|[upkeep]\n|-damage|p1a: Cresselia|71\/100|[from] Sandstorm\n|-heal|p1a: Cresselia|77\/100|[from] item: Leftovers\n|upkeep\n|\n|t:|1697909725\n|switch|p1b: Ursaluna|Ursaluna, F|100\/100\n|turn|5\n|\n|t:|1697909737\n|move|p1b: Ursaluna|Fire Punch|p2b: Napoleon\n|-damage|p2b: Napoleon|0 fnt\n|faint|p2b: Napoleon\n|move|p1a: Cresselia|Dazzling Gleam|p2a: Donnie\n|-damage|p2a: Donnie|21\/100\n|move|p2a: Donnie|Body Press|p1b: Ursaluna\n|-supereffective|p1b: Ursaluna\n|-damage|p1b: Ursaluna|43\/100\n|\n|-weather|none\n|-heal|p1a: Cresselia|83\/100|[from] item: Leftovers\n|-status|p1b: Ursaluna|brn|[from] item: Flame Orb\n|upkeep\n|\n|t:|1697909752\n|switch|p2b: Agatha|Aegislash, F|100\/100\n|turn|6\n|\n|t:|1697909780\n|move|p1b: Ursaluna|Crunch|p2b: Agatha\n|-supereffective|p2b: Agatha\n|-damage|p2b: Agatha|13\/100\n|-formechange|p2b: Agatha|Aegislash-Blade||[from] ability: Stance Change\n|move|p2b: Agatha|Air Slash|p1b: Ursaluna\n|-damage|p1b: Ursaluna|23\/100 brn\n|move|p1a: Cresselia|Dazzling Gleam|p2b: Agatha|[spread] p2a,p2b\n|-resisted|p2b: Agatha\n|-damage|p2a: Donnie|0 fnt\n|-damage|p2b: Agatha|4\/100\n|faint|p2a: Donnie\n|\n|-heal|p1a: Cresselia|89\/100|[from] item: Leftovers\n|-damage|p1b: Ursaluna|17\/100 brn|[from] brn\n|upkeep\n|\n|t:|1697909796\n|switch|p2a: Shelldon|Metagross|100\/100\n|turn|7\n|\n|t:|1697909815\n|move|p1b: Ursaluna|Fire Punch|p2a: Shelldon\n|-supereffective|p2a: Shelldon\n|-damage|p2a: Shelldon|29\/100\n|-enditem|p2a: Shelldon|Weakness Policy\n|-boost|p2a: Shelldon|atk|2|[from] item: Weakness Policy\n|-boost|p2a: Shelldon|spa|2|[from] item: Weakness Policy\n|move|p2b: Agatha|Air Slash|p1b: Ursaluna\n|-damage|p1b: Ursaluna|0 fnt\n|faint|p1b: Ursaluna\n|move|p1a: Cresselia|Dazzling Gleam|p2b: Agatha|[spread] p2a,p2b\n|-resisted|p2a: Shelldon\n|-resisted|p2b: Agatha\n|-damage|p2a: Shelldon|21\/100\n|-damage|p2b: Agatha|0 fnt\n|faint|p2b: Agatha\n|move|p2a: Shelldon|Meteor Mash|p1a: Cresselia\n|-damage|p1a: Cresselia|34\/100\n|\n|-heal|p1a: Cresselia|40\/100|[from] item: Leftovers\n|-fieldend|move: Trick Room\n|upkeep\n|c|\u2606retro assassin|fuck\n|\n|t:|1697909835\n|switch|p2b: Chess|Kingambit, F|100\/100\n|switch|p1b: Hippowdon|Hippowdon, M|24\/100\n|-activate|p2b: Chess|ability: Supreme Overlord\n|-start|p2b: Chess|fallen4|[silent]\n|-weather|Sandstorm|[from] ability: Sand Stream|[of] p1b: Hippowdon\n|turn|8\n|\n|t:|1697909847\n|move|p2b: Chess|Sucker Punch|p1b: Hippowdon\n|-damage|p1b: Hippowdon|0 fnt\n|faint|p1b: Hippowdon\n|move|p2a: Shelldon|Meteor Mash|p1a: Cresselia\n|-damage|p1a: Cresselia|0 fnt\n|faint|p1a: Cresselia\n|\n|win|Dragonnightwing\n|c|\u2606Dragonnightwing|GG\n|c|\u2606retro assassin|gg\n","uploadtime":1697909879,"views":15,"p1id":"retroassassin","p2id":"dragonnightwing","formatid":"gen9nationaldexdoubles","rating":0,"private":0,"password":""}