{"id":"gen9nationaldexdoubles-1995618637","p1":"Star Guarden","p2":"Mibombilla","format":"[Gen 9] National Dex Doubles","log":"|j|\u2606Star Guarden\n|j|\u2606Mibombilla\n|t:|1700588002\n|gametype|doubles\n|player|p1|Star Guarden|lance|\n|player|p2|Mibombilla|benga|\n|teamsize|p1|6\n|teamsize|p2|6\n|gen|9\n|tier|[Gen 9] National Dex Doubles\n|rule|HP Percentage Mod: HP is shown in percentages\n|rule|Endless Battle Clause: Forcing endless battles is banned\n|rule|OHKO Clause: OHKO moves are banned\n|rule|Evasion Moves Clause: Evasion moves are banned\n|rule|Evasion Abilities Clause: Evasion abilities are banned\n|rule|Species Clause: Limit one of each Pok\u00e9mon\n|rule|Gravity Sleep Clause: The combination of sleep-inducing moves with imperfect accuracy and Gravity or Gigantamax Orbeetle are banned\n|clearpoke\n|poke|p1|Farigiraf, M|\n|poke|p1|Iron Hands|\n|poke|p1|Arcanine, F|\n|poke|p1|Rotom-Wash|\n|poke|p1|Sylveon, F|\n|poke|p1|Indeedee-F, F|\n|poke|p2|Vaporeon, M|\n|poke|p2|Umbreon, F|\n|poke|p2|Espeon, F|\n|poke|p2|Leafeon, M|\n|poke|p2|Glaceon, F|\n|poke|p2|Sylveon, M|\n|teampreview\n|\n|t:|1700588015\n|start\n|switch|p1a: Paja Pilas|Iron Hands|100\/100\n|switch|p1b: Cabalho|Farigiraf, M|100\/100\n|switch|p2a: Veganeon|Leafeon, M|100\/100\n|switch|p2b: La Oshi no Ko|Sylveon, M|100\/100\n|turn|1\n|\n|t:|1700588039\n|-terastallize|p1a: Paja Pilas|Normal\n|move|p1a: Paja Pilas|Fake Out|p2a: Veganeon\n|-damage|p2a: Veganeon|76\/100\n|cant|p2a: Veganeon|flinch\n|move|p2b: La Oshi no Ko|Calm Mind|p2b: La Oshi no Ko\n|-boost|p2b: La Oshi no Ko|spa|1\n|-boost|p2b: La Oshi no Ko|spd|1\n|move|p1b: Cabalho|Trick Room|p1b: Cabalho\n|-fieldstart|move: Trick Room|[of] p1b: Cabalho\n|\n|upkeep\n|turn|2\n|\n|t:|1700588058\n|move|p1a: Paja Pilas|Thunder Punch|p2b: La Oshi no Ko\n|-damage|p2b: La Oshi no Ko|40\/100\n|move|p2b: La Oshi no Ko|Psyshock|p1a: Paja Pilas\n|-crit|p1a: Paja Pilas\n|-damage|p1a: Paja Pilas|64\/100\n|move|p1b: Cabalho|Calm Mind|p1b: Cabalho\n|-boost|p1b: Cabalho|spa|1\n|-boost|p1b: Cabalho|spd|1\n|move|p2a: Veganeon|Sunny Day|p2a: Veganeon\n|-weather|SunnyDay\n|\n|-weather|SunnyDay|[upkeep]\n|upkeep\n|turn|3\n|\n|t:|1700588080\n|move|p1b: Cabalho|Helping Hand|p1a: Paja Pilas\n|-singleturn|p1a: Paja Pilas|Helping Hand|[of] p1b: Cabalho\n|move|p1a: Paja Pilas|Drain Punch|p2a: Veganeon\n|-damage|p2a: Veganeon|10\/100\n|-heal|p1a: Paja Pilas|84\/100|[from] drain|[of] p2a: Veganeon\n|move|p2b: La Oshi no Ko|Draining Kiss|p1a: Paja Pilas\n|-damage|p1a: Paja Pilas|41\/100\n|-heal|p2b: La Oshi no Ko|77\/100|[from] drain|[of] p1a: Paja Pilas\n|move|p2a: Veganeon|Swords Dance|p2a: Veganeon\n|-boost|p2a: Veganeon|atk|2\n|\n|-weather|SunnyDay|[upkeep]\n|upkeep\n|turn|4\n|\n|t:|1700588101\n|move|p1a: Paja Pilas|Drain Punch|p2a: Veganeon\n|-damage|p2a: Veganeon|0 fnt\n|-heal|p1a: Paja Pilas|44\/100|[from] drain|[of] p2a: Veganeon\n|faint|p2a: Veganeon\n|move|p2b: La Oshi no Ko|Draining Kiss|p1b: Cabalho\n|-damage|p1b: Cabalho|70\/100\n|-heal|p2b: La Oshi no Ko|99\/100|[from] drain|[of] p1b: Cabalho\n|move|p1b: Cabalho|Calm Mind|p1b: Cabalho\n|-boost|p1b: Cabalho|spa|1\n|-boost|p1b: Cabalho|spd|1\n|\n|-weather|SunnyDay|[upkeep]\n|-heal|p1b: Cabalho|76\/100|[from] item: Leftovers\n|upkeep\n|\n|t:|1700588113\n|switch|p2a: Hela|Glaceon, F|100\/100\n|turn|5\n|\n|t:|1700588124\n|move|p1a: Paja Pilas|Drain Punch|p2a: Hela\n|-supereffective|p2a: Hela\n|-crit|p2a: Hela\n|-damage|p2a: Hela|0 fnt\n|-heal|p1a: Paja Pilas|81\/100|[from] drain|[of] p2a: Hela\n|faint|p2a: Hela\n|move|p1b: Cabalho|Calm Mind|p1b: Cabalho\n|-boost|p1b: Cabalho|spa|1\n|-boost|p1b: Cabalho|spd|1\n|move|p2b: La Oshi no Ko|Hyper Voice|p1a: Paja Pilas|[spread] p1a,p1b\n|-damage|p1a: Paja Pilas|15\/100\n|-damage|p1b: Cabalho|46\/100\n|-enditem|p2b: La Oshi no Ko|Throat Spray\n|-boost|p2b: La Oshi no Ko|spa|1|[from] item: Throat Spray\n|\n|-weather|SunnyDay|[upkeep]\n|-heal|p1b: Cabalho|52\/100|[from] item: Leftovers\n|-fieldend|move: Trick Room\n|upkeep\n|\n|t:|1700588141\n|switch|p2a: Kafka|Espeon, F|100\/100\n|turn|6\n|\n|t:|1700588152\n|move|p1b: Cabalho|Helping Hand|p1a: Paja Pilas\n|-singleturn|p1a: Paja Pilas|Helping Hand|[of] p1b: Cabalho\n|move|p2a: Kafka|Reflect|p2a: Kafka\n|-sidestart|p2: Mibombilla|Reflect\n|move|p2b: La Oshi no Ko|Hyper Voice|p1a: Paja Pilas|[spread] p1a,p1b\n|-crit|p1b: Cabalho\n|-damage|p1a: Paja Pilas|0 fnt\n|-damage|p1b: Cabalho|0 fnt\n|faint|p1a: Paja Pilas\n|-end|p1a: Paja Pilas|Quark Drive|[silent]\n|faint|p1b: Cabalho\n|\n|-weather|none\n|upkeep\n|\n|t:|1700588188\n|switch|p1b: Dirty Deeds|Indeedee-F, F, shiny|100\/100\n|switch|p1a: Daenerys|Arcanine, F|100\/100\n|-ability|p1a: Daenerys|Intimidate|boost\n|-unboost|p2a: Kafka|atk|1\n|-unboost|p2b: La Oshi no Ko|atk|1\n|-fieldstart|move: Psychic Terrain|[from] ability: Psychic Surge|[of] p1b: Dirty Deeds\n|turn|7\n|\n|t:|1700588204\n|move|p1b: Dirty Deeds|Follow Me|p1b: Dirty Deeds\n|-singleturn|p1b: Dirty Deeds|move: Follow Me\n|move|p2a: Kafka|Light Screen|p2a: Kafka\n|-sidestart|p2: Mibombilla|move: Light Screen\n|move|p1a: Daenerys|Snarl|p2a: Kafka|[spread] p2a,p2b\n|-supereffective|p2a: Kafka\n|-resisted|p2b: La Oshi no Ko\n|-damage|p2a: Kafka|65\/100\n|-damage|p2b: La Oshi no Ko|96\/100\n|-unboost|p2a: Kafka|spa|1\n|-unboost|p2b: La Oshi no Ko|spa|1\n|move|p2b: La Oshi no Ko|Calm Mind|p2b: La Oshi no Ko\n|-boost|p2b: La Oshi no Ko|spa|1\n|-boost|p2b: La Oshi no Ko|spd|1\n|\n|upkeep\n|turn|8\n|\n|t:|1700588223\n|move|p1b: Dirty Deeds|Follow Me|p1b: Dirty Deeds\n|-singleturn|p1b: Dirty Deeds|move: Follow Me\n|move|p2a: Kafka|Calm Mind|p2a: Kafka\n|-boost|p2a: Kafka|spa|1\n|-boost|p2a: Kafka|spd|1\n|move|p1a: Daenerys|Snarl|p2b: La Oshi no Ko|[spread] p2a,p2b\n|-supereffective|p2a: Kafka\n|-resisted|p2b: La Oshi no Ko\n|-damage|p2a: Kafka|42\/100\n|-damage|p2b: La Oshi no Ko|93\/100\n|-unboost|p2a: Kafka|spa|1\n|-unboost|p2b: La Oshi no Ko|spa|1\n|move|p2b: La Oshi no Ko|Hyper Voice|p1a: Daenerys|[spread] p1a,p1b\n|-resisted|p1a: Daenerys\n|-damage|p1a: Daenerys|61\/100\n|-damage|p1b: Dirty Deeds|48\/100\n|\n|-heal|p1b: Dirty Deeds|54\/100|[from] item: Leftovers\n|upkeep\n|turn|9\n|\n|t:|1700588249\n|move|p2a: Kafka|Calm Mind|p2a: Kafka\n|-boost|p2a: Kafka|spa|1\n|-boost|p2a: Kafka|spd|1\n|move|p1a: Daenerys|Snarl|p2b: La Oshi no Ko|[spread] p2a,p2b\n|-supereffective|p2a: Kafka\n|-resisted|p2b: La Oshi no Ko\n|-damage|p2a: Kafka|24\/100\n|-damage|p2b: La Oshi no Ko|91\/100\n|-unboost|p2a: Kafka|spa|1\n|-unboost|p2b: La Oshi no Ko|spa|1\n|move|p1b: Dirty Deeds|Light Screen|p1b: Dirty Deeds\n|-sidestart|p1: Star Guarden|move: Light Screen\n|move|p2b: La Oshi no Ko|Hyper Voice|p1a: Daenerys|[spread] p1a,p1b\n|-resisted|p1a: Daenerys\n|-damage|p1a: Daenerys|43\/100\n|-damage|p1b: Dirty Deeds|26\/100\n|\n|-heal|p1b: Dirty Deeds|32\/100|[from] item: Leftovers\n|upkeep\n|turn|10\n|\n|t:|1700588269\n|move|p2a: Kafka|Calm Mind|p2a: Kafka\n|-boost|p2a: Kafka|spa|1\n|-boost|p2a: Kafka|spd|1\n|move|p1a: Daenerys|Snarl|p2a: Kafka|[spread] p2a,p2b\n|-supereffective|p2a: Kafka\n|-resisted|p2b: La Oshi no Ko\n|-damage|p2a: Kafka|12\/100\n|-damage|p2b: La Oshi no Ko|89\/100\n|-unboost|p2a: Kafka|spa|1\n|-unboost|p2b: La Oshi no Ko|spa|1\n|move|p1b: Dirty Deeds|Heal Pulse|p1a: Daenerys\n|-heal|p1a: Daenerys|94\/100\n|move|p2b: La Oshi no Ko|Draining Kiss|p1a: Daenerys\n|-resisted|p1a: Daenerys\n|-damage|p1a: Daenerys|87\/100\n|-heal|p2b: La Oshi no Ko|93\/100|[from] drain|[of] p1a: Daenerys\n|\n|-heal|p1b: Dirty Deeds|38\/100|[from] item: Leftovers\n|upkeep\n|turn|11\n|\n|t:|1700588301\n|move|p2a: Kafka|Calm Mind|p2a: Kafka\n|-boost|p2a: Kafka|spa|1\n|-boost|p2a: Kafka|spd|1\n|move|p1a: Daenerys|Snarl|p2a: Kafka|[spread] p2a,p2b\n|-supereffective|p2a: Kafka\n|-resisted|p2b: La Oshi no Ko\n|-damage|p2a: Kafka|0 fnt\n|-damage|p2b: La Oshi no Ko|91\/100\n|-unboost|p2b: La Oshi no Ko|spa|1\n|faint|p2a: Kafka\n|move|p1b: Dirty Deeds|Reflect|p1b: Dirty Deeds\n|-sidestart|p1: Star Guarden|Reflect\n|move|p2b: La Oshi no Ko|Hyper Voice|p1b: Dirty Deeds|[spread] p1a,p1b\n|-resisted|p1a: Daenerys\n|-damage|p1a: Daenerys|78\/100\n|-damage|p1b: Dirty Deeds|24\/100\n|\n|-heal|p1b: Dirty Deeds|30\/100|[from] item: Leftovers\n|-fieldend|move: Psychic Terrain\n|upkeep\n|\n|t:|1700588315\n|switch|p2a: En t\u00e9rminos de...|Vaporeon, M|100\/100\n|turn|12\n|\n|t:|1700588323\n|switch|p1a: Rotom|Rotom-Wash|100\/100\n|move|p1b: Dirty Deeds|Follow Me|p1b: Dirty Deeds\n|-singleturn|p1b: Dirty Deeds|move: Follow Me\n|move|p2a: En t\u00e9rminos de...|Rain Dance|p2a: En t\u00e9rminos de...\n|-weather|RainDance\n|move|p2b: La Oshi no Ko|Calm Mind|p2b: La Oshi no Ko\n|-boost|p2b: La Oshi no Ko|spa|1\n|-boost|p2b: La Oshi no Ko|spd|1\n|\n|-weather|RainDance|[upkeep]\n|-heal|p1b: Dirty Deeds|36\/100|[from] item: Leftovers\n|upkeep\n|turn|13\n|\n|t:|1700588342\n|move|p1b: Dirty Deeds|Follow Me|p1b: Dirty Deeds\n|-singleturn|p1b: Dirty Deeds|move: Follow Me\n|move|p1a: Rotom|Will-O-Wisp|p2b: La Oshi no Ko|[miss]\n|-miss|p1a: Rotom|p2b: La Oshi no Ko\n|move|p2a: En t\u00e9rminos de...|Aqua Ring|p2a: En t\u00e9rminos de...\n|-start|p2a: En t\u00e9rminos de...|Aqua Ring\n|move|p2b: La Oshi no Ko|Hyper Voice|p1b: Dirty Deeds|[spread] p1a,p1b\n|-damage|p1a: Rotom|81\/100\n|-damage|p1b: Dirty Deeds|21\/100\n|\n|-weather|RainDance|[upkeep]\n|-heal|p1b: Dirty Deeds|27\/100|[from] item: Leftovers\n|-sideend|p2: Mibombilla|Reflect\n|-sideend|p1: Star Guarden|move: Light Screen\n|upkeep\n|turn|14\n|\n|t:|1700588366\n|move|p1a: Rotom|Will-O-Wisp|p2b: La Oshi no Ko\n|-status|p2b: La Oshi no Ko|brn\n|move|p1b: Dirty Deeds|Light Screen|p1b: Dirty Deeds\n|-sidestart|p1: Star Guarden|move: Light Screen\n|move|p2a: En t\u00e9rminos de...|Acid Armor|p2a: En t\u00e9rminos de...\n|-boost|p2a: En t\u00e9rminos de...|def|2\n|move|p2b: La Oshi no Ko|Psyshock|p1a: Rotom\n|-damage|p1a: Rotom|66\/100\n|\n|-weather|RainDance|[upkeep]\n|-heal|p1b: Dirty Deeds|33\/100|[from] item: Leftovers\n|-damage|p2b: La Oshi no Ko|85\/100 brn|[from] brn\n|-sideend|p2: Mibombilla|move: Light Screen\n|upkeep\n|turn|15\n|\n|t:|1700588386\n|move|p1a: Rotom|Discharge|p2a: En t\u00e9rminos de...|[spread] p1b,p2a,p2b\n|-supereffective|p2a: En t\u00e9rminos de...\n|-damage|p1b: Dirty Deeds|15\/100\n|-damage|p2a: En t\u00e9rminos de...|69\/100\n|-damage|p2b: La Oshi no Ko|78\/100 brn\n|move|p1b: Dirty Deeds|Light Screen||[still]\n|-fail|p1b: Dirty Deeds\n|move|p2a: En t\u00e9rminos de...|Acid Armor|p2a: En t\u00e9rminos de...\n|-boost|p2a: En t\u00e9rminos de...|def|2\n|move|p2b: La Oshi no Ko|Draining Kiss|p1a: Rotom\n|-damage|p1a: Rotom|54\/100\n|-heal|p2b: La Oshi no Ko|84\/100 brn|[from] drain|[of] p1a: Rotom\n|\n|-weather|RainDance|[upkeep]\n|-heal|p1b: Dirty Deeds|21\/100|[from] item: Leftovers\n|-heal|p2a: En t\u00e9rminos de...|75\/100|[from] item: Leftovers\n|-heal|p2a: En t\u00e9rminos de...|82\/100|[from] Aqua Ring\n|-damage|p2b: La Oshi no Ko|78\/100 brn|[from] brn\n|-sideend|p1: Star Guarden|Reflect\n|upkeep\n|turn|16\n|\n|t:|1700588414\n|move|p1a: Rotom|Hex|p2b: La Oshi no Ko\n|-damage|p2b: La Oshi no Ko|67\/100 brn\n|move|p1b: Dirty Deeds|Heal Pulse|p1a: Rotom\n|-heal|p1a: Rotom|100\/100\n|move|p2a: En t\u00e9rminos de...|Acid Armor|p2a: En t\u00e9rminos de...\n|-boost|p2a: En t\u00e9rminos de...|def|2\n|move|p2b: La Oshi no Ko|Calm Mind|p2b: La Oshi no Ko\n|-boost|p2b: La Oshi no Ko|spa|1\n|-boost|p2b: La Oshi no Ko|spd|1\n|\n|-weather|none\n|-heal|p1b: Dirty Deeds|28\/100|[from] item: Leftovers\n|-heal|p2a: En t\u00e9rminos de...|88\/100|[from] item: Leftovers\n|-heal|p2a: En t\u00e9rminos de...|94\/100|[from] Aqua Ring\n|-damage|p2b: La Oshi no Ko|61\/100 brn|[from] brn\n|upkeep\n|turn|17\n|\n|t:|1700588441\n|move|p1a: Rotom|Discharge|p2a: En t\u00e9rminos de...|[spread] p1b,p2a,p2b\n|-crit|p1b: Dirty Deeds\n|-supereffective|p2a: En t\u00e9rminos de...\n|-damage|p1b: Dirty Deeds|0 fnt\n|-damage|p2a: En t\u00e9rminos de...|64\/100\n|-damage|p2b: La Oshi no Ko|54\/100 brn\n|faint|p1b: Dirty Deeds\n|move|p2a: En t\u00e9rminos de...|Rain Dance|p2a: En t\u00e9rminos de...\n|-weather|RainDance\n|move|p2b: La Oshi no Ko|Calm Mind|p2b: La Oshi no Ko\n|-boost|p2b: La Oshi no Ko|spa|1\n|-boost|p2b: La Oshi no Ko|spd|1\n|\n|-weather|RainDance|[upkeep]\n|-heal|p2a: En t\u00e9rminos de...|71\/100|[from] item: Leftovers\n|-heal|p2a: En t\u00e9rminos de...|77\/100|[from] Aqua Ring\n|-damage|p2b: La Oshi no Ko|47\/100 brn|[from] brn\n|upkeep\n|j| carmen_pkm\n|\n|t:|1700588460\n|switch|p1b: Vylseon|Sylveon, F|100\/100\n|turn|18\n|l| carmen_pkm\n|\n|t:|1700588478\n|move|p1a: Rotom|Hex|p2b: La Oshi no Ko\n|-damage|p2b: La Oshi no Ko|40\/100 brn\n|move|p2a: En t\u00e9rminos de...|Scald|p1b: Vylseon\n|-damage|p1b: Vylseon|80\/100\n|move|p2b: La Oshi no Ko|Hyper Voice|p1b: Vylseon|[spread] p1a,p1b\n|-damage|p1a: Rotom|59\/100\n|-damage|p1b: Vylseon|54\/100\n|move|p1b: Vylseon|Calm Mind|p1b: Vylseon\n|-boost|p1b: Vylseon|spa|1\n|-boost|p1b: Vylseon|spd|1\n|\n|-weather|RainDance|[upkeep]\n|-heal|p2a: En t\u00e9rminos de...|83\/100|[from] item: Leftovers\n|-heal|p2a: En t\u00e9rminos de...|89\/100|[from] Aqua Ring\n|-damage|p2b: La Oshi no Ko|33\/100 brn|[from] brn\n|-sideend|p1: Star Guarden|move: Light Screen\n|upkeep\n|turn|19\n|\n|t:|1700588502\n|move|p1a: Rotom|Hydro Pump|p2b: La Oshi no Ko\n|-damage|p2b: La Oshi no Ko|18\/100 brn\n|move|p2a: En t\u00e9rminos de...|Scald|p1b: Vylseon\n|-damage|p1b: Vylseon|33\/100\n|move|p2b: La Oshi no Ko|Hyper Voice|p1b: Vylseon|[spread] p1a,p1b\n|-damage|p1a: Rotom|2\/100\n|-damage|p1b: Vylseon|4\/100\n|move|p1b: Vylseon|Calm Mind|p1b: Vylseon\n|-boost|p1b: Vylseon|spa|1\n|-boost|p1b: Vylseon|spd|1\n|\n|-weather|RainDance|[upkeep]\n|-heal|p2a: En t\u00e9rminos de...|96\/100|[from] item: Leftovers\n|-heal|p2a: En t\u00e9rminos de...|100\/100|[from] Aqua Ring\n|-damage|p2b: La Oshi no Ko|11\/100 brn|[from] brn\n|upkeep\n|turn|20\n|\n|t:|1700588526\n|move|p1a: Rotom|Hex|p2b: La Oshi no Ko\n|-damage|p2b: La Oshi no Ko|4\/100 brn\n|move|p2a: En t\u00e9rminos de...|Scald|p1b: Vylseon\n|-damage|p1b: Vylseon|0 fnt\n|faint|p1b: Vylseon\n|move|p2b: La Oshi no Ko|Draining Kiss|p1a: Rotom\n|-damage|p1a: Rotom|0 fnt\n|-heal|p2b: La Oshi no Ko|5\/100 brn|[from] drain|[of] p1a: Rotom\n|faint|p1a: Rotom\n|\n|-weather|RainDance|[upkeep]\n|-damage|p2b: La Oshi no Ko|0 fnt|[from] brn\n|faint|p2b: La Oshi no Ko\n|upkeep\n|\n|t:|1700588544\n|switch|p2b: My Black Bro|Umbreon, F|100\/100\n|switch|p1b: Daenerys|Arcanine, F|78\/100\n|-ability|p1b: Daenerys|Intimidate|boost\n|-unboost|p2a: En t\u00e9rminos de...|atk|1\n|-unboost|p2b: My Black Bro|atk|1\n|turn|21\n|\n|t:|1700588556\n|move|p1b: Daenerys|Heat Wave|p2a: En t\u00e9rminos de...|[spread] p2a,p2b\n|-resisted|p2a: En t\u00e9rminos de...\n|-damage|p2a: En t\u00e9rminos de...|93\/100\n|-damage|p2b: My Black Bro|82\/100\n|move|p2a: En t\u00e9rminos de...|Scald|p1b: Daenerys\n|-supereffective|p1b: Daenerys\n|-damage|p1b: Daenerys|0 fnt\n|faint|p1b: Daenerys\n|\n|win|Mibombilla\n|l|\u2606Star Guarden\n","uploadtime":1700588579,"views":4,"p1id":"starguarden","p2id":"mibombilla","formatid":"gen9nationaldexdoubles","rating":0,"private":0,"password":""}