{"id":"gen9nationaldexdoubles-1958642126","p1":"EvanSAGAming","p2":"RavenIsNeverG4Y","format":"[Gen 9] National Dex Doubles","log":"|j|\u203dEvanSAGAming\n|j|\u203dRavenIsNeverG4Y\n|t:|1696347246\n|gametype|doubles\n|player|p1|EvanSAGAming|candice|\n|player|p2|RavenIsNeverG4Y|lusamine|\n|teamsize|p1|6\n|teamsize|p2|6\n|gen|9\n|tier|[Gen 9] National Dex Doubles\n|rule|HP Percentage Mod: HP is shown in percentages\n|rule|Endless Battle Clause: Forcing endless battles is banned\n|rule|OHKO Clause: OHKO moves are banned\n|rule|Evasion Moves Clause: Evasion moves are banned\n|rule|Evasion Abilities Clause: Evasion abilities are banned\n|rule|Species Clause: Limit one of each Pok\u00e9mon\n|rule|Gravity Sleep Clause: The combination of sleep-inducing moves with imperfect accuracy and Gravity or Gigantamax Orbeetle are banned\n|clearpoke\n|poke|p1|Emolga, M|\n|poke|p1|Dracovish|\n|poke|p1|Scizor, M|\n|poke|p1|Decidueye, F|\n|poke|p1|Arcanine, M|\n|poke|p1|Weavile, M|\n|poke|p2|Dragonite, F|\n|poke|p2|Iron Hands|\n|poke|p2|Ribombee, M|\n|poke|p2|Oricorio-Pom-Pom, M|\n|poke|p2|Mawile, M|\n|poke|p2|Glimmora, M|\n|teampreview\n|\n|t:|1696347253\n|start\n|switch|p1a: Arcanine|Arcanine, M|100\/100\n|switch|p1b: Weavile|Weavile, M|100\/100\n|switch|p2a: Ribombee|Ribombee, M, shiny|100\/100\n|switch|p2b: Oricorio|Oricorio-Pom-Pom, M|100\/100\n|-ability|p1b: Weavile|Pressure\n|turn|1\n|\n|t:|1696347269\n|-terastallize|p2b: Oricorio|Electric\n|move|p1b: Weavile|Beat Up|p1a: Arcanine\n|-damage|p1a: Arcanine|92\/100\n|-ability|p1a: Arcanine|Justified|boost\n|-boost|p1a: Arcanine|atk|1\n|-damage|p1a: Arcanine|83\/100\n|-ability|p1a: Arcanine|Justified|boost\n|-boost|p1a: Arcanine|atk|1\n|-damage|p1a: Arcanine|74\/100\n|-ability|p1a: Arcanine|Justified|boost\n|-boost|p1a: Arcanine|atk|1\n|-damage|p1a: Arcanine|65\/100\n|-ability|p1a: Arcanine|Justified|boost\n|-boost|p1a: Arcanine|atk|1\n|-damage|p1a: Arcanine|59\/100\n|-ability|p1a: Arcanine|Justified|boost\n|-boost|p1a: Arcanine|atk|1\n|-damage|p1a: Arcanine|51\/100\n|-ability|p1a: Arcanine|Justified|boost\n|-boost|p1a: Arcanine|atk|1\n|-hitcount|p1a: Arcanine|6\n|move|p2a: Ribombee|Quiver Dance|p2a: Ribombee\n|-boost|p2a: Ribombee|spa|1\n|-boost|p2a: Ribombee|spd|1\n|-boost|p2a: Ribombee|spe|1\n|-activate|p2b: Oricorio|ability: Dancer\n|move|p2b: Oricorio|Quiver Dance|p2b: Oricorio|[from]ability: Dancer\n|-boost|p2b: Oricorio|spa|1\n|-boost|p2b: Oricorio|spd|1\n|-boost|p2b: Oricorio|spe|1\n|move|p2b: Oricorio|Revelation Dance|p1b: Weavile\n|-enditem|p1b: Weavile|Focus Sash\n|-damage|p1b: Weavile|1\/100\n|move|p1a: Arcanine|Fire Fang|p2a: Ribombee\n|-supereffective|p2a: Ribombee\n|-damage|p2a: Ribombee|0 fnt\n|faint|p2a: Ribombee\n|\n|upkeep\n|\n|t:|1696347278\n|switch|p2a: Dragonite|Dragonite, F, shiny|100\/100\n|turn|2\n|\n|t:|1696347288\n|move|p2b: Oricorio|Revelation Dance|p1a: Arcanine\n|-damage|p1a: Arcanine|0 fnt\n|faint|p1a: Arcanine\n|move|p1b: Weavile|Icicle Crash|p2a: Dragonite\n|-supereffective|p2a: Dragonite\n|-damage|p2a: Dragonite|13\/100\n|-enditem|p2a: Dragonite|Aguav Berry|[eat]\n|-heal|p2a: Dragonite|46\/100|[from] item: Aguav Berry\n|move|p2a: Dragonite|Dragon Dance|p2a: Dragonite\n|-boost|p2a: Dragonite|atk|1\n|-boost|p2a: Dragonite|spe|1\n|-activate|p2b: Oricorio|ability: Dancer\n|move|p2b: Oricorio|Dragon Dance|p2b: Oricorio|[from]ability: Dancer\n|-boost|p2b: Oricorio|atk|1\n|-boost|p2b: Oricorio|spe|1\n|\n|upkeep\n|\n|t:|1696347298\n|switch|p1a: Emolga|Emolga, M|100\/100\n|turn|3\n|\n|t:|1696347312\n|move|p1a: Emolga|Protect|p1a: Emolga\n|-singleturn|p1a: Emolga|Protect\n|move|p2a: Dragonite|Extreme Speed|p1a: Emolga\n|-activate|p1a: Emolga|move: Protect\n|move|p2b: Oricorio|Revelation Dance|p1b: Weavile\n|-damage|p1b: Weavile|0 fnt\n|faint|p1b: Weavile\n|\n|upkeep\n|\n|t:|1696347322\n|switch|p1b: Dracovish|Dracovish|100\/100\n|turn|4\n|\n|t:|1696347341\n|switch|p2a: Mawile|Mawile, M|100\/100\n|move|p1a: Emolga|Helping Hand|p1b: Dracovish\n|-singleturn|p1b: Dracovish|Helping Hand|[of] p1a: Emolga\n|move|p2b: Oricorio|Calm Mind|p2b: Oricorio\n|-boost|p2b: Oricorio|spa|1\n|-boost|p2b: Oricorio|spd|1\n|move|p1b: Dracovish|Fishious Rend|p2b: Oricorio\n|-damage|p2b: Oricorio|0 fnt\n|faint|p2b: Oricorio\n|\n|upkeep\n|\n|t:|1696347348\n|switch|p2b: Glimmora|Glimmora, M|100\/100\n|turn|5\n|\n|t:|1696347371\n|detailschange|p2a: Mawile|Mawile-Mega, M\n|-mega|p2a: Mawile|Mawile|Mawilite\n|move|p1b: Dracovish|Fishious Rend|p2b: Glimmora\n|-supereffective|p2b: Glimmora\n|-damage|p2b: Glimmora|0 fnt\n|-activate|p2b: Glimmora|ability: Toxic Debris\n|-sidestart|p1: EvanSAGAming|move: Toxic Spikes\n|faint|p2b: Glimmora\n|move|p1a: Emolga|Taunt|p2a: Mawile\n|-start|p2a: Mawile|move: Taunt\n|move|p2a: Mawile|Play Rough|p1b: Dracovish\n|-supereffective|p1b: Dracovish\n|-damage|p1b: Dracovish|0 fnt\n|faint|p1b: Dracovish\n|\n|upkeep\n|\n|t:|1696347388\n|switch|p2b: Iron Hands|Iron Hands|100\/100\n|switch|p1b: Scizor|Scizor, M|100\/100\n|-enditem|p2b: Iron Hands|Booster Energy\n|-activate|p2b: Iron Hands|ability: Quark Drive|[fromitem]\n|-start|p2b: Iron Hands|quarkdriveatk\n|turn|6\n|\n|t:|1696347396\n|detailschange|p1b: Scizor|Scizor-Mega, M\n|-mega|p1b: Scizor|Scizor|Scizorite\n|move|p1a: Emolga|Protect|p1a: Emolga\n|-singleturn|p1a: Emolga|Protect\n|move|p2b: Iron Hands|Fake Out|p1b: Scizor\n|-resisted|p1b: Scizor\n|-damage|p1b: Scizor|93\/100\n|cant|p1b: Scizor|flinch\n|move|p2a: Mawile|Power-Up Punch|p1a: Emolga\n|-activate|p1a: Emolga|move: Protect\n|\n|upkeep\n|turn|7\n|\n|t:|1696347413\n|move|p1a: Emolga|Electroweb|p2b: Iron Hands|[spread] p2a,p2b\n|-resisted|p2b: Iron Hands\n|-damage|p2a: Mawile|82\/100\n|-damage|p2b: Iron Hands|95\/100\n|-unboost|p2a: Mawile|spe|1\n|-unboost|p2b: Iron Hands|spe|1\n|move|p1b: Scizor|Swords Dance|p1b: Scizor\n|-boost|p1b: Scizor|atk|2\n|move|p2a: Mawile|Iron Head|p1a: Emolga\n|-resisted|p1a: Emolga\n|-damage|p1a: Emolga|33\/100\n|-damage|p2a: Mawile|65\/100|[from] item: Rocky Helmet|[of] p1a: Emolga\n|move|p2b: Iron Hands|Drain Punch|p1b: Scizor\n|-damage|p1b: Scizor|55\/100\n|-heal|p2b: Iron Hands|100\/100|[from] drain|[of] p1b: Scizor\n|\n|-end|p2a: Mawile|move: Taunt\n|upkeep\n|turn|8\n|\n|t:|1696347458\n|move|p1b: Scizor|Bullet Punch|p2a: Mawile\n|-damage|p2a: Mawile|0 fnt\n|faint|p2a: Mawile\n|move|p1a: Emolga|Electroweb|p2b: Iron Hands\n|-resisted|p2b: Iron Hands\n|-damage|p2b: Iron Hands|93\/100\n|-unboost|p2b: Iron Hands|spe|1\n|move|p2b: Iron Hands|Drain Punch|p2: Mawile|[notarget]\n|-fail|p2b: Iron Hands\n|\n|upkeep\n|\n|t:|1696347469\n|switch|p2a: Dragonite|Dragonite, F, shiny|46\/100\n|turn|9\n|\n|t:|1696347484\n|move|p1a: Emolga|Helping Hand|p1b: Scizor\n|-singleturn|p1b: Scizor|Helping Hand|[of] p1a: Emolga\n|move|p2a: Dragonite|Extreme Speed|p1a: Emolga\n|-damage|p1a: Emolga|0 fnt\n|-damage|p2a: Dragonite|29\/100|[from] item: Rocky Helmet|[of] p1a: Emolga\n|-status|p2a: Dragonite|par|[from] ability: Static|[of] p1a: Emolga\n|faint|p1a: Emolga\n|move|p1b: Scizor|Bullet Punch|p2a: Dragonite\n|-damage|p2a: Dragonite|0 fnt\n|faint|p2a: Dragonite\n|move|p2b: Iron Hands|Drain Punch|p1b: Scizor\n|-damage|p1b: Scizor|17\/100\n|-heal|p2b: Iron Hands|100\/100|[from] drain|[of] p1b: Scizor\n|\n|upkeep\n|\n|t:|1696347497\n|switch|p1a: Decidueye|Decidueye, F|100\/100\n|-status|p1a: Decidueye|psn\n|turn|10\n|\n|t:|1696347514\n|move|p1b: Scizor|Bullet Punch|p2b: Iron Hands\n|-resisted|p2b: Iron Hands\n|-damage|p2b: Iron Hands|78\/100\n|move|p1a: Decidueye|Swords Dance|p1a: Decidueye\n|-boost|p1a: Decidueye|atk|2\n|move|p2b: Iron Hands|Drain Punch|p1b: Scizor\n|-damage|p1b: Scizor|0 fnt\n|-heal|p2b: Iron Hands|84\/100|[from] drain|[of] p1b: Scizor\n|faint|p1b: Scizor\n|\n|-damage|p1a: Decidueye|88\/100 psn|[from] psn\n|upkeep\n|turn|11\n|\n|t:|1696347522\n|move|p1a: Decidueye|Leaf Blade|p2b: Iron Hands\n|-damage|p2b: Iron Hands|16\/100\n|-damage|p1a: Decidueye|78\/100 psn|[from] item: Life Orb\n|move|p2b: Iron Hands|Thunder Punch|p1a: Decidueye\n|-resisted|p1a: Decidueye\n|-damage|p1a: Decidueye|45\/100 psn\n|\n|-damage|p1a: Decidueye|33\/100 psn|[from] psn\n|upkeep\n|turn|12\n|\n|t:|1696347529\n|move|p2b: Iron Hands|Protect|p2b: Iron Hands\n|-singleturn|p2b: Iron Hands|Protect\n|move|p1a: Decidueye|Leaf Blade|p2b: Iron Hands\n|-activate|p2b: Iron Hands|move: Protect\n|\n|-damage|p1a: Decidueye|21\/100 psn|[from] psn\n|upkeep\n|turn|13\n|\n|t:|1696347543\n|move|p2b: Iron Hands|Protect||[still]\n|-fail|p2b: Iron Hands\n|move|p1a: Decidueye|Leaf Blade|p2b: Iron Hands\n|-crit|p2b: Iron Hands\n|-damage|p2b: Iron Hands|0 fnt\n|faint|p2b: Iron Hands\n|-end|p2b: Iron Hands|Quark Drive|[silent]\n|-damage|p1a: Decidueye|11\/100 psn|[from] item: Life Orb\n|\n|win|EvanSAGAming\n|l|\u203dRavenIsNeverG4Y\n","uploadtime":1696347558,"views":15,"p1id":"evansagaming","p2id":"ravenisneverg4y","formatid":"gen9nationaldexdoubles","rating":0,"private":0,"password":""}