{"id":"gen9nationaldexdoubles-1964610649","p1":"MirzaMirzaMirza","p2":"Galar Athens 420","format":"[Gen 9] National Dex Doubles","log":"|j|\u2606MirzaMirzaMirza\n|j|\u203dGalar Athens 420\n|t:|1696985540\n|gametype|doubles\n|player|p1|MirzaMirzaMirza|265|1435\n|player|p2|Galar Athens 420|volo|1703\n|teamsize|p1|6\n|teamsize|p2|6\n|gen|9\n|tier|[Gen 9] National Dex Doubles\n|rated|\n|rule|HP Percentage Mod: HP is shown in percentages\n|rule|Endless Battle Clause: Forcing endless battles is banned\n|rule|OHKO Clause: OHKO moves are banned\n|rule|Evasion Moves Clause: Evasion moves are banned\n|rule|Evasion Abilities Clause: Evasion abilities are banned\n|rule|Species Clause: Limit one of each Pok\u00e9mon\n|rule|Gravity Sleep Clause: The combination of sleep-inducing moves with imperfect accuracy and Gravity or Gigantamax Orbeetle are banned\n|clearpoke\n|poke|p1|Volcarona, M|\n|poke|p1|Smeargle, M|\n|poke|p1|Tapu Lele|\n|poke|p1|Tapu Fini|\n|poke|p1|Suicune|\n|poke|p1|Chien-Pao|\n|poke|p2|Kingambit, M|\n|poke|p2|Marshadow|\n|poke|p2|Charizard, M|\n|poke|p2|Whimsicott, F|\n|poke|p2|Ogerpon-Hearthflame, F|\n|poke|p2|Chien-Pao|\n|teampreview\n|inactive|Battle timer is ON: inactive players will automatically lose when time's up. (requested by MirzaMirzaMirza)\n|\n|t:|1696985559\n|start\n|switch|p1a: Mi-Aow|Chien-Pao|100\/100\n|switch|p1b: Bobby Lee|Smeargle, M|100\/100\n|switch|p2a: Whimsicott|Whimsicott, F|100\/100\n|switch|p2b: Ogerpon|Ogerpon-Hearthflame, F|100\/100\n|-ability|p1a: Mi-Aow|Sword of Ruin\n|-ability|p2b: Ogerpon|Mold Breaker\n|turn|1\n|\n|t:|1696985583\n|move|p1b: Bobby Lee|Follow Me|p1b: Bobby Lee\n|-singleturn|p1b: Bobby Lee|move: Follow Me\n|move|p2a: Whimsicott|Tailwind|p2a: Whimsicott\n|-sidestart|p2: Galar Athens 420|move: Tailwind\n|move|p2b: Ogerpon|Ivy Cudgel|p1b: Bobby Lee\n|-crit|p1b: Bobby Lee\n|-enditem|p1b: Bobby Lee|Focus Sash\n|-damage|p1b: Bobby Lee|1\/100\n|move|p1a: Mi-Aow|Crunch|p2b: Ogerpon\n|-damage|p2b: Ogerpon|31\/100\n|\n|-ability|p1b: Bobby Lee|Moody|boost\n|-boost|p1b: Bobby Lee|spa|2\n|-unboost|p1b: Bobby Lee|def|1\n|upkeep\n|turn|2\n|\n|t:|1696985600\n|move|p2b: Ogerpon|Spiky Shield|p2b: Ogerpon\n|-singleturn|p2b: Ogerpon|move: Protect\n|move|p1a: Mi-Aow|Protect|p1a: Mi-Aow\n|-singleturn|p1a: Mi-Aow|Protect\n|move|p1b: Bobby Lee|King's Shield|p1b: Bobby Lee\n|-singleturn|p1b: Bobby Lee|Protect\n|move|p2a: Whimsicott|Dazzling Gleam|p1b: Bobby Lee|[spread] \n|-activate|p1a: Mi-Aow|move: Protect\n|-activate|p1b: Bobby Lee|move: Protect\n|\n|-ability|p1b: Bobby Lee|Moody|boost\n|-boost|p1b: Bobby Lee|atk|2\n|-unboost|p1b: Bobby Lee|spd|1\n|upkeep\n|turn|3\n|\n|t:|1696985616\n|switch|p2b: Kingambit|Kingambit, M, shiny|100\/100\n|move|p1b: Bobby Lee|Wide Guard|p1b: Bobby Lee\n|-singleturn|p1b: Bobby Lee|Wide Guard\n|move|p2a: Whimsicott|Dazzling Gleam|p1a: Mi-Aow|[spread] \n|-activate|p1a: Mi-Aow|move: Wide Guard\n|-activate|p1b: Bobby Lee|move: Wide Guard\n|move|p1a: Mi-Aow|Ice Spinner|p2b: Kingambit\n|-resisted|p2b: Kingambit\n|-damage|p2b: Kingambit|85\/100\n|\n|-heal|p2b: Kingambit|91\/100|[from] item: Leftovers\n|-ability|p1b: Bobby Lee|Moody|boost\n|-boost|p1b: Bobby Lee|spe|2\n|-unboost|p1b: Bobby Lee|atk|1\n|upkeep\n|turn|4\n|inactive|Galar Athens 420 has 120 seconds left.\n|\n|t:|1696985646\n|-terastallize|p2b: Kingambit|Water\n|move|p2a: Whimsicott|Encore|p1b: Bobby Lee\n|-start|p1b: Bobby Lee|Encore\n|move|p1b: Bobby Lee|Wide Guard|p1b: Bobby Lee\n|-singleturn|p1b: Bobby Lee|Wide Guard\n|move|p1a: Mi-Aow|Ice Spinner|p2a: Whimsicott\n|-supereffective|p2a: Whimsicott\n|-enditem|p2a: Whimsicott|Focus Sash\n|-damage|p2a: Whimsicott|1\/100\n|move|p2b: Kingambit|Kowtow Cleave|p1b: Bobby Lee\n|-damage|p1b: Bobby Lee|0 fnt\n|faint|p1b: Bobby Lee\n|\n|-heal|p2b: Kingambit|97\/100|[from] item: Leftovers\n|-sideend|p2: Galar Athens 420|move: Tailwind\n|upkeep\n|\n|t:|1696985662\n|switch|p1b: Miami Terror|Volcarona, M|100\/100\n|turn|5\n|\n|t:|1696985675\n|move|p2a: Whimsicott|Tailwind|p2a: Whimsicott\n|-sidestart|p2: Galar Athens 420|move: Tailwind\n|move|p1a: Mi-Aow|Crunch|p2b: Kingambit\n|-damage|p2b: Kingambit|66\/100\n|move|p2b: Kingambit|Kowtow Cleave|p1a: Mi-Aow\n|-resisted|p1a: Mi-Aow\n|-damage|p1a: Mi-Aow|72\/100\n|move|p1b: Miami Terror|Heat Wave|p2b: Kingambit|[spread] p2a,p2b\n|-supereffective|p2a: Whimsicott\n|-resisted|p2b: Kingambit\n|-damage|p2a: Whimsicott|0 fnt\n|-damage|p2b: Kingambit|50\/100\n|faint|p2a: Whimsicott\n|\n|-heal|p2b: Kingambit|57\/100|[from] item: Leftovers\n|upkeep\n|\n|t:|1696985685\n|switch|p2a: Marshadow|Marshadow|100\/100\n|turn|6\n|\n|t:|1696985693\n|move|p1a: Mi-Aow|Protect|p1a: Mi-Aow\n|-singleturn|p1a: Mi-Aow|Protect\n|move|p1b: Miami Terror|Protect|p1b: Miami Terror\n|-singleturn|p1b: Miami Terror|Protect\n|-zpower|p2a: Marshadow\n|move|p2a: Marshadow|Soul-Stealing 7-Star Strike|p1b: Miami Terror|[zeffect]\n|-zbroken|p1b: Miami Terror\n|-damage|p1b: Miami Terror|71\/100\n|move|p2b: Kingambit|Brick Break|p1a: Mi-Aow\n|-activate|p1a: Mi-Aow|move: Protect\n|\n|-heal|p2b: Kingambit|63\/100|[from] item: Leftovers\n|-heal|p1b: Miami Terror|77\/100|[from] item: Leftovers\n|upkeep\n|turn|7\n|\n|t:|1696985715\n|switch|p1a: Phoebe|Tapu Lele|100\/100\n|-fieldstart|move: Psychic Terrain|[from] ability: Psychic Surge|[of] p1a: Phoebe\n|switch|p1b: Lana|Tapu Fini|100\/100\n|-fieldstart|move: Misty Terrain|[from] ability: Misty Surge|[of] p1b: Lana\n|move|p2a: Marshadow|Spectral Thief|p1b: Lana\n|-damage|p1b: Lana|65\/100\n|move|p2b: Kingambit|Brick Break|p1a: Phoebe\n|-resisted|p1a: Phoebe\n|-damage|p1a: Phoebe|95\/100\n|\n|-heal|p2b: Kingambit|69\/100|[from] item: Leftovers\n|upkeep\n|turn|8\n|\n|t:|1696985740\n|move|p1a: Phoebe|Protect|p1a: Phoebe\n|-singleturn|p1a: Phoebe|Protect\n|move|p2a: Marshadow|Spectral Thief|p1b: Lana\n|-damage|p1b: Lana|30\/100\n|move|p2b: Kingambit|Kowtow Cleave|p1a: Phoebe\n|-activate|p1a: Phoebe|move: Protect\n|move|p1b: Lana|Dazzling Gleam|p2b: Kingambit|[spread] p2a,p2b\n|-supereffective|p2a: Marshadow\n|-damage|p2a: Marshadow|54\/100\n|-damage|p2b: Kingambit|48\/100\n|\n|-heal|p2b: Kingambit|54\/100|[from] item: Leftovers\n|-sideend|p2: Galar Athens 420|move: Tailwind\n|upkeep\n|turn|9\n|\n|t:|1696985757\n|move|p2b: Kingambit|Sucker Punch|p1a: Phoebe\n|-damage|p1a: Phoebe|67\/100\n|move|p2a: Marshadow|Spectral Thief|p1b: Lana\n|-damage|p1b: Lana|0 fnt\n|faint|p1b: Lana\n|move|p1a: Phoebe|Dazzling Gleam|p2b: Kingambit|[spread] p2a,p2b\n|-supereffective|p2a: Marshadow\n|-damage|p2a: Marshadow|0 fnt\n|-damage|p2b: Kingambit|31\/100\n|faint|p2a: Marshadow\n|\n|-heal|p2b: Kingambit|37\/100|[from] item: Leftovers\n|upkeep\n|\n|t:|1696985771\n|switch|p2a: Ogerpon|Ogerpon-Hearthflame, F|31\/100\n|switch|p1b: Miami Terror|Volcarona, M|77\/100\n|-ability|p2a: Ogerpon|Mold Breaker\n|turn|10\n|\n|t:|1696985781\n|move|p2a: Ogerpon|Spiky Shield|p2a: Ogerpon\n|-singleturn|p2a: Ogerpon|move: Protect\n|move|p1b: Miami Terror|Protect|p1b: Miami Terror\n|-singleturn|p1b: Miami Terror|Protect\n|move|p1a: Phoebe|Psychic|p2a: Ogerpon\n|-activate|p2a: Ogerpon|move: Protect\n|move|p2b: Kingambit|Kowtow Cleave|p1a: Phoebe\n|-damage|p1a: Phoebe|30\/100\n|\n|-heal|p1b: Miami Terror|83\/100|[from] item: Leftovers\n|-heal|p2b: Kingambit|43\/100|[from] item: Leftovers\n|upkeep\n|turn|11\n|\n|t:|1696985797\n|switch|p1b: Azura|Suicune|100\/100\n|move|p2a: Ogerpon|Ivy Cudgel|p1b: Azura\n|-resisted|p1b: Azura\n|-damage|p1b: Azura|77\/100\n|move|p1a: Phoebe|Psychic|p2a: Ogerpon\n|-damage|p2a: Ogerpon|0 fnt\n|faint|p2a: Ogerpon\n|move|p2b: Kingambit|Kowtow Cleave|p1a: Phoebe\n|-damage|p1a: Phoebe|0 fnt\n|faint|p1a: Phoebe\n|\n|-heal|p2b: Kingambit|50\/100|[from] item: Leftovers\n|-fieldend|Misty Terrain\n|upkeep\n|\n|t:|1696985811\n|switch|p2a: Charizard|Charizard, M|100\/100\n|switch|p1a: Miami Terror|Volcarona, M|83\/100\n|turn|12\n|\n|t:|1696985820\n|detailschange|p2a: Charizard|Charizard-Mega-Y, M\n|-mega|p2a: Charizard|Charizard|Charizardite Y\n|-weather|SunnyDay|[from] ability: Drought|[of] p2a: Charizard\n|move|p1a: Miami Terror|Protect|p1a: Miami Terror\n|-singleturn|p1a: Miami Terror|Protect\n|move|p2a: Charizard|Solar Beam||[still]\n|-prepare|p2a: Charizard|Solar Beam\n|-anim|p2a: Charizard|Solar Beam|p1b: Azura\n|-supereffective|p1b: Azura\n|-damage|p1b: Azura|5\/100\n|-enditem|p1b: Azura|Aguav Berry|[eat]\n|-heal|p1b: Azura|38\/100|[from] item: Aguav Berry\n|move|p2b: Kingambit|Kowtow Cleave|p1a: Miami Terror\n|-activate|p1a: Miami Terror|move: Protect\n|move|p1b: Azura|Roar|p2a: Charizard\n|drag|p2a: Chien-Pao|Chien-Pao|100\/100\n|-ability|p2a: Chien-Pao|Sword of Ruin\n|\n|-weather|SunnyDay|[upkeep]\n|-heal|p1a: Miami Terror|90\/100|[from] item: Leftovers\n|-heal|p2b: Kingambit|56\/100|[from] item: Leftovers\n|upkeep\n|turn|13\n|\n|t:|1696985844\n|move|p2a: Chien-Pao|Ice Spinner|p1a: Miami Terror\n|-resisted|p1a: Miami Terror\n|-damage|p1a: Miami Terror|68\/100\n|-status|p2a: Chien-Pao|brn|[from] ability: Flame Body|[of] p1a: Miami Terror\n|move|p1a: Miami Terror|Quiver Dance|p1a: Miami Terror\n|-boost|p1a: Miami Terror|spa|1\n|-boost|p1a: Miami Terror|spd|1\n|-boost|p1a: Miami Terror|spe|1\n|move|p1b: Azura|Scald|p2a: Chien-Pao\n|-damage|p2a: Chien-Pao|75\/100 brn\n|move|p2b: Kingambit|Kowtow Cleave|p1a: Miami Terror\n|-damage|p1a: Miami Terror|22\/100\n|-status|p2b: Kingambit|brn|[from] ability: Flame Body|[of] p1a: Miami Terror\n|\n|-weather|SunnyDay|[upkeep]\n|-heal|p1a: Miami Terror|28\/100|[from] item: Leftovers\n|-heal|p2b: Kingambit|62\/100 brn|[from] item: Leftovers\n|-damage|p2a: Chien-Pao|69\/100 brn|[from] brn\n|-damage|p2b: Kingambit|56\/100 brn|[from] brn\n|upkeep\n|turn|14\n|\n|t:|1696985870\n|move|p1a: Miami Terror|Protect|p1a: Miami Terror\n|-singleturn|p1a: Miami Terror|Protect\n|move|p2a: Chien-Pao|Sacred Sword|p1b: Azura\n|-damage|p1b: Azura|23\/100\n|move|p1b: Azura|Scald|p2a: Chien-Pao\n|-damage|p2a: Chien-Pao|41\/100 brn\n|move|p2b: Kingambit|Kowtow Cleave|p1a: Miami Terror\n|-activate|p1a: Miami Terror|move: Protect\n|\n|-weather|SunnyDay|[upkeep]\n|-heal|p1a: Miami Terror|34\/100|[from] item: Leftovers\n|-heal|p2b: Kingambit|62\/100 brn|[from] item: Leftovers\n|-damage|p2a: Chien-Pao|35\/100 brn|[from] brn\n|-damage|p2b: Kingambit|56\/100 brn|[from] brn\n|upkeep\n|turn|15\n|\n|t:|1696985890\n|move|p2b: Kingambit|Sucker Punch|p1a: Miami Terror\n|-crit|p1a: Miami Terror\n|-damage|p1a: Miami Terror|5\/100\n|move|p2a: Chien-Pao|Sacred Sword|p1b: Azura\n|-damage|p1b: Azura|7\/100\n|move|p1a: Miami Terror|Giga Drain|p2b: Kingambit\n|-supereffective|p2b: Kingambit\n|-damage|p2b: Kingambit|0 fnt\n|-heal|p1a: Miami Terror|34\/100|[from] drain|[of] p2b: Kingambit\n|faint|p2b: Kingambit\n|move|p1b: Azura|Scald|p2a: Chien-Pao\n|-damage|p2a: Chien-Pao|8\/100 brn\n|\n|-weather|SunnyDay|[upkeep]\n|-heal|p1a: Miami Terror|41\/100|[from] item: Leftovers\n|-damage|p2a: Chien-Pao|2\/100 brn|[from] brn\n|upkeep\n|\n|t:|1696985898\n|switch|p2b: Charizard|Charizard-Mega-Y, M|100\/100\n|turn|16\n|\n|t:|1696985908\n|move|p1a: Miami Terror|Protect|p1a: Miami Terror\n|-singleturn|p1a: Miami Terror|Protect\n|move|p2a: Chien-Pao|Sacred Sword|p1b: Azura\n|-damage|p1b: Azura|0 fnt\n|faint|p1b: Azura\n|move|p2b: Charizard|Heat Wave|p1a: Miami Terror\n|-activate|p1a: Miami Terror|move: Protect\n|\n|-weather|none\n|-heal|p1a: Miami Terror|47\/100|[from] item: Leftovers\n|-damage|p2a: Chien-Pao|0 fnt|[from] brn\n|faint|p2a: Chien-Pao\n|upkeep\n|\n|t:|1696985920\n|switch|p1b: Mi-Aow|Chien-Pao|72\/100\n|-ability|p1b: Mi-Aow|Sword of Ruin\n|turn|17\n|\n|t:|1696985928\n|move|p1b: Mi-Aow|Protect|p1b: Mi-Aow\n|-singleturn|p1b: Mi-Aow|Protect\n|move|p1a: Miami Terror|Heat Wave|p2b: Charizard\n|-resisted|p2b: Charizard\n|-damage|p2b: Charizard|66\/100\n|move|p2b: Charizard|Heat Wave|p1b: Mi-Aow|[spread] p1a\n|-activate|p1b: Mi-Aow|move: Protect\n|-damage|p1a: Miami Terror|19\/100\n|\n|-heal|p1a: Miami Terror|25\/100|[from] item: Leftovers\n|upkeep\n|turn|18\n|\n|t:|1696985947\n|move|p1b: Mi-Aow|Ice Spinner|p2b: Charizard\n|-damage|p2b: Charizard|0 fnt\n|faint|p2b: Charizard\n|\n|win|MirzaMirzaMirza\n|raw|MirzaMirzaMirza's rating: 1435 &rarr; <strong>1468<\/strong><br \/>(+33 for winning)\n|raw|Galar Athens 420's rating: 1703 &rarr; <strong>1670<\/strong><br \/>(-33 for losing)\n|l|\u203dGalar Athens 420\n","uploadtime":1696985954,"views":6,"p1id":"mirzamirzamirza","p2id":"galarathens420","formatid":"gen9nationaldexdoubles","rating":1468,"private":0,"password":""}