{"id":"gen9nationaldexdoubles-1976216472","p1":"LowksterP","p2":"Vyrusi","format":"[Gen 9] National Dex Doubles","log":"|j|\u2606LowksterP\n|j|\u2606Vyrusi\n|t:|1698274776\n|gametype|doubles\n|player|p1|LowksterP|striker|1060\n|player|p2|Vyrusi|proton|1070\n|teamsize|p1|6\n|teamsize|p2|6\n|gen|9\n|tier|[Gen 9] National Dex Doubles\n|rated|\n|rule|HP Percentage Mod: HP is shown in percentages\n|rule|Endless Battle Clause: Forcing endless battles is banned\n|rule|OHKO Clause: OHKO moves are banned\n|rule|Evasion Moves Clause: Evasion moves are banned\n|rule|Evasion Abilities Clause: Evasion abilities are banned\n|rule|Species Clause: Limit one of each Pok\u00e9mon\n|rule|Gravity Sleep Clause: The combination of sleep-inducing moves with imperfect accuracy and Gravity or Gigantamax Orbeetle are banned\n|clearpoke\n|poke|p1|Raikou|\n|poke|p1|Arcanine, M|\n|poke|p1|Dodrio, M|\n|poke|p1|Jirachi|\n|poke|p1|Machamp, M|\n|poke|p1|Nidoking, M|\n|poke|p2|Lurantis, M|\n|poke|p2|Cherrim, F|\n|poke|p2|Charizard, M|\n|poke|p2|Malamar, F|\n|poke|p2|Walking Wake|\n|poke|p2|Golurk|\n|teampreview\n|\n|t:|1698274790\n|start\n|switch|p1a: Jirachi|Jirachi, shiny|100\/100\n|switch|p1b: Arcanine|Arcanine, M, shiny|100\/100\n|switch|p2a: Cherrim|Cherrim, F|100\/100\n|switch|p2b: Lurantis|Lurantis, M|100\/100\n|-ability|p1b: Arcanine|Intimidate|boost\n|-unboost|p2a: Cherrim|atk|1\n|-boost|p2b: Lurantis|atk|1\n|turn|1\n|\n|t:|1698274813\n|-terastallize|p2b: Lurantis|Fire\n|move|p1a: Jirachi|Icy Wind|p2a: Cherrim|[spread] p2a,p2b\n|-supereffective|p2a: Cherrim\n|-resisted|p2b: Lurantis\n|-damage|p2a: Cherrim|76\/100\n|-damage|p2b: Lurantis|96\/100\n|-unboost|p2a: Cherrim|spe|1\n|-boost|p2b: Lurantis|spe|1\n|move|p1b: Arcanine|Mud-Slap|p2b: Lurantis\n|-supereffective|p2b: Lurantis\n|-damage|p2b: Lurantis|87\/100\n|-boost|p2b: Lurantis|accuracy|1\n|move|p2a: Cherrim|Sunny Day|p2a: Cherrim\n|-weather|SunnyDay\n|-formechange|p2a: Cherrim|Cherrim-Sunshine|[msg]|[from] ability: Flower Gift\n|move|p2b: Lurantis|Superpower|p1a: Jirachi\n|-damage|p1a: Jirachi|28\/100\n|-boost|p2b: Lurantis|atk|1\n|-boost|p2b: Lurantis|def|1\n|\n|-weather|SunnyDay|[upkeep]\n|-heal|p1a: Jirachi|34\/100|[from] item: Leftovers\n|-heal|p2a: Cherrim|82\/100|[from] item: Leftovers\n|upkeep\n|turn|2\n|\n|t:|1698274886\n|switch|p1b: Nidoking|Nidoking, M, shiny|100\/100\n|move|p1a: Jirachi|Cosmic Power|p1a: Jirachi\n|-boost|p1a: Jirachi|def|1\n|-boost|p1a: Jirachi|spd|1\n|move|p2a: Cherrim|Tickle|p2b: Lurantis\n|-boost|p2b: Lurantis|atk|1\n|-boost|p2b: Lurantis|def|1\n|move|p2b: Lurantis|Knock Off|p1b: Nidoking\n|-damage|p1b: Nidoking|0 fnt\n|-enditem|p1b: Nidoking|Leftovers|[from] move: Knock Off|[of] p2b: Lurantis\n|faint|p1b: Nidoking\n|\n|-weather|SunnyDay|[upkeep]\n|-heal|p1a: Jirachi|40\/100|[from] item: Leftovers\n|-heal|p2a: Cherrim|88\/100|[from] item: Leftovers\n|upkeep\n|\n|t:|1698274905\n|switch|p1b: Raikou|Raikou, shiny|100\/100\n|-ability|p1b: Raikou|Pressure\n|turn|3\n|\n|t:|1698274917\n|move|p1b: Raikou|Thunder Wave|p2b: Lurantis\n|-status|p2b: Lurantis|par\n|move|p1a: Jirachi|Cosmic Power|p1a: Jirachi\n|-boost|p1a: Jirachi|def|1\n|-boost|p1a: Jirachi|spd|1\n|move|p2a: Cherrim|Tickle|p2b: Lurantis\n|-boost|p2b: Lurantis|atk|1\n|-boost|p2b: Lurantis|def|1\n|move|p2b: Lurantis|Superpower|p1a: Jirachi\n|-damage|p1a: Jirachi|0 fnt\n|-boost|p2b: Lurantis|atk|1\n|-boost|p2b: Lurantis|def|1\n|faint|p1a: Jirachi\n|\n|-weather|SunnyDay|[upkeep]\n|-heal|p2a: Cherrim|94\/100|[from] item: Leftovers\n|upkeep\n|\n|t:|1698274959\n|switch|p1a: Machamp|Machamp, M, shiny|100\/100\n|turn|4\n|\n|t:|1698274982\n|move|p1b: Raikou|Thunder Wave|p2a: Cherrim\n|-status|p2a: Cherrim|par\n|move|p1a: Machamp|Dynamic Punch|p2b: Lurantis\n|-damage|p2b: Lurantis|75\/100 par\n|-start|p2b: Lurantis|confusion\n|move|p2a: Cherrim|Tickle|p2b: Lurantis\n|-boost|p2b: Lurantis|atk|1\n|-boost|p2b: Lurantis|def|1\n|-activate|p2b: Lurantis|confusion\n|-damage|p2b: Lurantis|62\/100 par|[from] confusion\n|\n|-weather|SunnyDay|[upkeep]\n|-heal|p2a: Cherrim|100\/100 par|[from] item: Leftovers\n|upkeep\n|turn|5\n|l|\u2606LowksterP\n|player|p1|\n|inactive|Battle timer is ON: inactive players will automatically lose when time's up. (requested by Vyrusi)\n|j|\u2606LowksterP\n|inactive|LowksterP reconnected and has 145 seconds left.\n|player|p1|LowksterP|striker\n|inactive|LowksterP has 120 seconds left.\n|\n|t:|1698275045\n|move|p1b: Raikou|Charge Beam|p2b: Lurantis\n|-damage|p2b: Lurantis|53\/100 par\n|-boost|p1b: Raikou|spa|1\n|move|p1a: Machamp|Poison Jab|p2a: Cherrim\n|-supereffective|p2a: Cherrim\n|-damage|p2a: Cherrim|41\/100 par\n|move|p2a: Cherrim|Pollen Puff|p2b: Lurantis\n|-heal|p2b: Lurantis|100\/100 par\n|-activate|p2b: Lurantis|confusion\n|move|p2b: Lurantis|Knock Off|p1b: Raikou\n|-damage|p1b: Raikou|0 fnt\n|-enditem|p1b: Raikou|Leftovers|[from] move: Knock Off|[of] p2b: Lurantis\n|faint|p1b: Raikou\n|\n|-weather|none\n|-formechange|p2a: Cherrim|Cherrim|[msg]|[from] ability: Flower Gift\n|-heal|p2a: Cherrim|47\/100 par|[from] item: Leftovers\n|upkeep\n|\n|t:|1698275066\n|switch|p1b: Dodrio|Dodrio, M|100\/100\n|turn|6\n|\n|t:|1698275092\n|move|p1b: Dodrio|Acupressure|p1a: Machamp\n|-boost|p1a: Machamp|spe|2\n|move|p1a: Machamp|Focus Energy|p1a: Machamp\n|-start|p1a: Machamp|move: Focus Energy\n|move|p2a: Cherrim|Sunny Day|p2a: Cherrim\n|-weather|SunnyDay\n|-formechange|p2a: Cherrim|Cherrim-Sunshine|[msg]|[from] ability: Flower Gift\n|-end|p2b: Lurantis|confusion\n|move|p2b: Lurantis|Superpower|p1b: Dodrio\n|-damage|p1b: Dodrio|0 fnt\n|-boost|p2b: Lurantis|def|1\n|faint|p1b: Dodrio\n|\n|-weather|SunnyDay|[upkeep]\n|-heal|p2a: Cherrim|53\/100 par|[from] item: Leftovers\n|upkeep\n|inactive|LowksterP has 120 seconds left.\n|\n|t:|1698275106\n|switch|p1b: Arcanine|Arcanine, M, shiny|100\/100\n|-ability|p1b: Arcanine|Intimidate|boost\n|-unboost|p2a: Cherrim|atk|1\n|-boost|p2b: Lurantis|atk|0\n|turn|7\n|\n|t:|1698275120\n|move|p1a: Machamp|Dynamic Punch|p2b: Lurantis\n|-damage|p2b: Lurantis|92\/100 par\n|-start|p2b: Lurantis|confusion\n|move|p1b: Arcanine|Flamethrower|p2a: Cherrim\n|-supereffective|p2a: Cherrim\n|-damage|p2a: Cherrim|0 fnt\n|faint|p2a: Cherrim\n|-activate|p2b: Lurantis|confusion\n|move|p2b: Lurantis|Solar Blade||[still]\n|-prepare|p2b: Lurantis|Solar Blade\n|-anim|p2b: Lurantis|Solar Blade|p1a: Machamp\n|-damage|p1a: Machamp|0 fnt\n|faint|p1a: Machamp\n|\n|-weather|SunnyDay|[upkeep]\n|upkeep\n|\n|t:|1698275129\n|switch|p2a: Malamar|Malamar, F|100\/100\n|turn|8\n|\n|t:|1698275138\n|move|p1b: Arcanine|Mud-Slap|p2a: Malamar\n|-damage|p2a: Malamar|97\/100\n|-boost|p2a: Malamar|accuracy|1\n|-activate|p2b: Lurantis|confusion\n|-damage|p2b: Lurantis|81\/100 par|[from] confusion\n|move|p2a: Malamar|Trick Room|p2a: Malamar\n|-fieldstart|move: Trick Room|[of] p2a: Malamar\n|\n|-weather|SunnyDay|[upkeep]\n|upkeep\n|turn|9\n|\n|t:|1698275151\n|move|p2a: Malamar|Protect|p2a: Malamar\n|-singleturn|p2a: Malamar|Protect\n|-activate|p2b: Lurantis|confusion\n|move|p2b: Lurantis|Knock Off|p1b: Arcanine\n|-damage|p1b: Arcanine|0 fnt\n|-enditem|p1b: Arcanine|Leftovers|[from] move: Knock Off|[of] p2b: Lurantis\n|faint|p1b: Arcanine\n|\n|win|Vyrusi\n|raw|LowksterP's rating: 1060 &rarr; <strong>1042<\/strong><br \/>(-18 for losing)\n|raw|Vyrusi's rating: 1070 &rarr; <strong>1099<\/strong><br \/>(+29 for winning)\n|l|\u2606LowksterP\n","uploadtime":1698275160,"views":8,"p1id":"lowksterp","p2id":"vyrusi","formatid":"gen9nationaldexdoubles","rating":1042,"private":0,"password":""}