{"id":"gen9nationaldexdoubles-1966590379","p1":"Sencopion","p2":"hn3","format":"[Gen 9] National Dex Doubles","log":"|j|\u2606Sencopion\n|j|\u2606hn3\n|t:|1697205660\n|gametype|doubles\n|player|p1|Sencopion|hiker-gen4|\n|player|p2|hn3|lucas|\n|teamsize|p1|6\n|teamsize|p2|6\n|gen|9\n|tier|[Gen 9] National Dex Doubles\n|rule|HP Percentage Mod: HP is shown in percentages\n|rule|Endless Battle Clause: Forcing endless battles is banned\n|rule|OHKO Clause: OHKO moves are banned\n|rule|Evasion Moves Clause: Evasion moves are banned\n|rule|Evasion Abilities Clause: Evasion abilities are banned\n|rule|Species Clause: Limit one of each Pok\u00e9mon\n|rule|Gravity Sleep Clause: The combination of sleep-inducing moves with imperfect accuracy and Gravity or Gigantamax Orbeetle are banned\n|clearpoke\n|poke|p1|Iron Hands|\n|poke|p1|Hatterene, F|\n|poke|p1|Torkoal, F|\n|poke|p1|Farigiraf, F|\n|poke|p1|Armarouge, F|\n|poke|p1|Indeedee-F, F|\n|poke|p2|Dracovish|\n|poke|p2|Rillaboom, F|\n|poke|p2|Roaring Moon|\n|poke|p2|Illumise, F|\n|poke|p2|Gengar, F|\n|poke|p2|Dracozolt|\n|teampreview\n|inactive|Battle timer is ON: inactive players will automatically lose when time's up. (requested by Sencopion)\n|inactive|hn3 also wants the timer to be on.\n|c|\u2606hn3|good luck have fun\n|c|\u2606Sencopion|glhf\n|c|\u2606hn3|what the fuck is that\n|c|\u2606Sencopion|?\n|inactive|Sencopion has 270 seconds left.\n|c|\u2606hn3|good team\n|c|\u2606hn3|dw\n|\n|t:|1697205697\n|start\n|switch|p1a: Indeedee|Indeedee-F, F|100\/100\n|switch|p1b: Armarouge|Armarouge, F|100\/100\n|switch|p2a: Dracozolt|Dracozolt|100\/100\n|switch|p2b: Dracovish|Dracovish|100\/100\n|-fieldstart|move: Psychic Terrain|[from] ability: Psychic Surge|[of] p1a: Indeedee\n|turn|1\n|\n|t:|1697205716\n|-terastallize|p1b: Armarouge|Grass\n|move|p1a: Indeedee|Follow Me|p1a: Indeedee\n|-singleturn|p1a: Indeedee|move: Follow Me\n|move|p2a: Dracozolt|Rock Slide|p1a: Indeedee|[spread] p1b\n|-miss|p2a: Dracozolt|p1a: Indeedee\n|-damage|p1b: Armarouge|69\/100\n|-damage|p2a: Dracozolt|91\/100|[from] item: Life Orb\n|move|p2b: Dracovish|Fishious Rend|p1a: Indeedee\n|-damage|p1a: Indeedee|20\/100\n|move|p1b: Armarouge|Trick Room|p1b: Armarouge\n|-fieldstart|move: Trick Room|[of] p1b: Armarouge\n|\n|upkeep\n|turn|2\n|inactive|hn3 has 270 seconds left.\n|inactive|Sencopion has 270 seconds left.\n|c|\u2606hn3|frick\n|\n|t:|1697205759\n|switch|p1a: Iron Hands|Iron Hands|100\/100\n|switch|p2a: Rillaboom|Rillaboom, F|100\/100\n|-fieldstart|move: Grassy Terrain|[from] ability: Grassy Surge|[of] p2a: Rillaboom\n|switch|p2b: Illumise|Illumise, F|100\/100\n|move|p1b: Armarouge|Expanding Force|p2a: Rillaboom\n|-damage|p2a: Rillaboom|46\/100\n|-damage|p1b: Armarouge|59\/100|[from] item: Life Orb\n|\n|-heal|p1b: Armarouge|65\/100|[from] Grassy Terrain\n|-heal|p2a: Rillaboom|52\/100|[from] Grassy Terrain\n|upkeep\n|turn|3\n|inactive|hn3 has 270 seconds left.\n|\n|t:|1697205788\n|-end|p1a: Iron Hands|Quark Drive|[silent]\n|switch|p1a: Indeedee|Indeedee-F, F|20\/100\n|-fieldstart|move: Psychic Terrain|[from] ability: Psychic Surge|[of] p1a: Indeedee\n|move|p2b: Illumise|Thunder Wave|p1a: Indeedee\n|-activate|p1a: Indeedee|move: Psychic Terrain\n|move|p1b: Armarouge|Expanding Force|p2a: Rillaboom|[spread] p2a,p2b\n|-damage|p2a: Rillaboom|0 fnt\n|-damage|p2b: Illumise|8\/100\n|faint|p2a: Rillaboom\n|-damage|p1b: Armarouge|56\/100|[from] item: Life Orb\n|\n|upkeep\n|inactive|hn3 has 270 seconds left.\n|\n|t:|1697205812\n|switch|p2a: Roaring Moon|Roaring Moon|100\/100\n|-enditem|p2a: Roaring Moon|Booster Energy\n|-activate|p2a: Roaring Moon|ability: Protosynthesis|[fromitem]\n|-start|p2a: Roaring Moon|protosynthesisspe\n|turn|4\n|inactive|hn3 has 270 seconds left.\n|\n|t:|1697205830\n|move|p2b: Illumise|Protect|p2b: Illumise\n|-singleturn|p2b: Illumise|Protect\n|move|p1b: Armarouge|Protect|p1b: Armarouge\n|-singleturn|p1b: Armarouge|Protect\n|move|p1a: Indeedee|Psychic|p2b: Illumise\n|-activate|p2b: Illumise|move: Protect\n|move|p2a: Roaring Moon|Acrobatics|p1b: Armarouge\n|-activate|p1b: Armarouge|move: Protect\n|\n|upkeep\n|turn|5\n|inactive|hn3 has 270 seconds left.\n|\n|t:|1697205858\n|move|p1a: Indeedee|Follow Me|p1a: Indeedee\n|-singleturn|p1a: Indeedee|move: Follow Me\n|move|p2b: Illumise|Tailwind|p2b: Illumise\n|-sidestart|p2: hn3|move: Tailwind\n|move|p1b: Armarouge|Expanding Force|p2b: Illumise|[spread] p2b\n|-immune|p2a: Roaring Moon\n|-damage|p2b: Illumise|0 fnt\n|faint|p2b: Illumise\n|-damage|p1b: Armarouge|46\/100|[from] item: Life Orb\n|move|p2a: Roaring Moon|Acrobatics|p1a: Indeedee\n|-crit|p1a: Indeedee\n|-damage|p1a: Indeedee|0 fnt\n|faint|p1a: Indeedee\n|\n|-fieldend|move: Trick Room\n|upkeep\n|\n|t:|1697205875\n|switch|p2b: Dracovish|Dracovish|100\/100\n|switch|p1a: Hatterene|Hatterene, F|100\/100\n|turn|6\n|\n|t:|1697205888\n|move|p1b: Armarouge|Protect|p1b: Armarouge\n|-singleturn|p1b: Armarouge|Protect\n|move|p2a: Roaring Moon|Acrobatics|p1b: Armarouge\n|-activate|p1b: Armarouge|move: Protect\n|move|p2b: Dracovish|Fishious Rend|p1a: Hatterene\n|-damage|p1a: Hatterene|0 fnt\n|faint|p1a: Hatterene\n|\n|upkeep\n|c|\u2606hn3|mr fish\n|\n|t:|1697205912\n|switch|p1a: Farigiraf|Farigiraf, F|100\/100\n|turn|7\n|c|\u2606hn3|also why you running specs armarouge haha\n|c|\u2606Sencopion|am I?\n|inactive|Sencopion has 270 seconds left.\n|c|\u2606hn3|oh\n|c|\u2606hn3|i guess i am dumb\n|inactive|hn3 has 270 seconds left.\n|c|\u2606hn3|sorry for the miscalculation\n|\n|t:|1697205972\n|move|p2a: Roaring Moon|Acrobatics|p1a: Farigiraf\n|-damage|p1a: Farigiraf|62\/100\n|move|p2b: Dracovish|Fishious Rend|p1a: Farigiraf\n|-damage|p1a: Farigiraf|0 fnt\n|faint|p1a: Farigiraf\n|move|p1b: Armarouge|Trick Room|p1b: Armarouge\n|-fieldstart|move: Trick Room|[of] p1b: Armarouge\n|\n|-fieldend|move: Psychic Terrain\n|upkeep\n|c|\u2606hn3|you just keep clicking expanding force\n|inactive|Sencopion has 240 seconds left.\n|\n|t:|1697206000\n|switch|p1a: Iron Hands|Iron Hands|100\/100\n|turn|8\n|inactive|Sencopion has 240 seconds left.\n|\n|t:|1697206015\n|move|p1a: Iron Hands|Drain Punch|p2a: Roaring Moon\n|-supereffective|p2a: Roaring Moon\n|-damage|p2a: Roaring Moon|0 fnt\n|faint|p2a: Roaring Moon\n|-end|p2a: Roaring Moon|Protosynthesis|[silent]\n|move|p1b: Armarouge|Expanding Force|p2b: Dracovish\n|-damage|p2b: Dracovish|20\/100\n|-damage|p1b: Armarouge|36\/100|[from] item: Life Orb\n|move|p2b: Dracovish|Fishious Rend|p1a: Iron Hands\n|-damage|p1a: Iron Hands|50\/100\n|\n|-sideend|p2: hn3|move: Tailwind\n|upkeep\n|\n|t:|1697206029\n|switch|p2a: Dracozolt|Dracozolt|91\/100\n|turn|9\n|\n|t:|1697206053\n|move|p1a: Iron Hands|Drain Punch|p2a: Dracozolt\n|-damage|p2a: Dracozolt|33\/100\n|-heal|p1a: Iron Hands|71\/100|[from] drain|[of] p2a: Dracozolt\n|move|p1b: Armarouge|Expanding Force|p2b: Dracovish\n|-damage|p2b: Dracovish|0 fnt\n|faint|p2b: Dracovish\n|-damage|p1b: Armarouge|26\/100|[from] item: Life Orb\n|move|p2a: Dracozolt|Earthquake|p1b: Armarouge|[spread] p1a\n|-miss|p2a: Dracozolt|p1b: Armarouge\n|-supereffective|p1a: Iron Hands\n|-damage|p1a: Iron Hands|8\/100\n|-damage|p2a: Dracozolt|23\/100|[from] item: Life Orb\n|\n|upkeep\n|\n|t:|1697206067\n|switch|p2b: Gengar|Gengar, F|100\/100\n|turn|10\n|\n|t:|1697206079\n|-terastallize|p2b: Gengar|Flying\n|move|p1a: Iron Hands|Drain Punch|p2a: Dracozolt\n|-damage|p2a: Dracozolt|0 fnt\n|-heal|p1a: Iron Hands|16\/100|[from] drain|[of] p2a: Dracozolt\n|faint|p2a: Dracozolt\n|move|p1b: Armarouge|Expanding Force|p2b: Gengar\n|-damage|p2b: Gengar|6\/100\n|-damage|p1b: Armarouge|16\/100|[from] item: Life Orb\n|move|p2b: Gengar|Dazzling Gleam|p1a: Iron Hands|[spread] p1a,p1b\n|-supereffective|p1a: Iron Hands\n|-damage|p1a: Iron Hands|0 fnt\n|-damage|p1b: Armarouge|0 fnt\n|faint|p1a: Iron Hands\n|-end|p1a: Iron Hands|Quark Drive|[silent]\n|faint|p1b: Armarouge\n|\n|upkeep\n|\n|t:|1697206089\n|switch|p1a: Torkoal|Torkoal, F|100\/100\n|-weather|SunnyDay|[from] ability: Drought|[of] p1a: Torkoal\n|turn|11\n|c|\u2606hn3|aw man\n|c|\u2606hn3|ggs\n|\n|t:|1697206108\n|move|p1a: Torkoal|Eruption|p2b: Gengar\n|-damage|p2b: Gengar|0 fnt\n|faint|p2b: Gengar\n|\n|win|Sencopion\n|c|\u2606Sencopion|gg wp\n","uploadtime":1697206114,"views":6,"p1id":"sencopion","p2id":"hn3","formatid":"gen9nationaldexdoubles","rating":0,"private":0,"password":""}