{"id":"gen9nationaldexdoubles-1975547909","p1":"larsonshark","p2":"schoolteen","format":"[Gen 9] National Dex Doubles","log":"|j|\u2606larsonshark\n|j|\u2606schoolteen\n|t:|1698203427\n|gametype|doubles\n|player|p1|larsonshark|caitlin|\n|player|p2|schoolteen|cheryl|\n|teamsize|p1|6\n|teamsize|p2|6\n|gen|9\n|tier|[Gen 9] National Dex Doubles\n|rule|HP Percentage Mod: HP is shown in percentages\n|rule|Endless Battle Clause: Forcing endless battles is banned\n|rule|OHKO Clause: OHKO moves are banned\n|rule|Evasion Moves Clause: Evasion moves are banned\n|rule|Evasion Abilities Clause: Evasion abilities are banned\n|rule|Species Clause: Limit one of each Pok\u00e9mon\n|rule|Gravity Sleep Clause: The combination of sleep-inducing moves with imperfect accuracy and Gravity or Gigantamax Orbeetle are banned\n|clearpoke\n|poke|p1|Iron Hands|\n|poke|p1|Iron Bundle|\n|poke|p1|Gholdengo|\n|poke|p1|Enamorus, F|\n|poke|p1|Klefki, F|\n|poke|p1|Ditto|\n|poke|p2|Roaring Moon|\n|poke|p2|Charizard, F|\n|poke|p2|Leavanny, F|\n|poke|p2|Decidueye-Hisui, F|\n|poke|p2|Linoone, M|\n|poke|p2|Furret, F|\n|teampreview\n|inactive|Battle timer is ON: inactive players will automatically lose when time's up. (requested by larsonshark)\n|inactive|schoolteen also wants the timer to be on.\n|inactive|schoolteen has 270 seconds left.\n|c|\u2606schoolteen|Why is it here\n|\n|t:|1698203480\n|start\n|switch|p1a: this strat|Enamorus, F|100\/100\n|switch|p1b: is ban worthy|Klefki, F|100\/100\n|switch|p2a: Charizard|Charizard, F|100\/100\n|switch|p2b: Roaring Moon|Roaring Moon|100\/100\n|turn|1\n|inactive|larsonshark has 270 seconds left.\n|\n|t:|1698203516\n|detailschange|p2a: Charizard|Charizard-Mega-Y, F\n|-mega|p2a: Charizard|Charizard|Charizardite Y\n|-weather|SunnyDay|[from] ability: Drought|[of] p2a: Charizard\n|-activate|p2b: Roaring Moon|ability: Protosynthesis\n|-start|p2b: Roaring Moon|protosynthesisatk\n|move|p1b: is ban worthy|Defog|p1a: this strat\n|-boost|p1a: this strat|evasion|1\n|move|p2b: Roaring Moon|Dragon Dance|p2b: Roaring Moon\n|-boost|p2b: Roaring Moon|atk|1\n|-boost|p2b: Roaring Moon|spe|1\n|move|p1a: this strat|Superpower|p2b: Roaring Moon\n|-supereffective|p2b: Roaring Moon\n|-damage|p2b: Roaring Moon|17\/100\n|-boost|p1a: this strat|atk|1\n|-boost|p1a: this strat|def|1\n|move|p2a: Charizard|Flamethrower|p1b: is ban worthy\n|-supereffective|p1b: is ban worthy\n|-damage|p1b: is ban worthy|0 fnt\n|faint|p1b: is ban worthy\n|\n|-weather|SunnyDay|[upkeep]\n|upkeep\n|\n|t:|1698203531\n|switch|p1b: Ditto|Ditto|100\/100\n|turn|2\n|\n|t:|1698203553\n|move|p2b: Roaring Moon|Brick Break|p1b: Ditto\n|-supereffective|p1b: Ditto\n|-crit|p1b: Ditto\n|-damage|p1b: Ditto|0 fnt\n|faint|p1b: Ditto\n|move|p1a: this strat|Superpower|p2b: Roaring Moon\n|-supereffective|p2b: Roaring Moon\n|-damage|p2b: Roaring Moon|0 fnt\n|-boost|p1a: this strat|atk|1\n|-boost|p1a: this strat|def|1\n|faint|p2b: Roaring Moon\n|-end|p2b: Roaring Moon|Protosynthesis|[silent]\n|move|p2a: Charizard|Flamethrower|p1a: this strat|[miss]\n|-miss|p2a: Charizard|p1a: this strat\n|\n|-weather|SunnyDay|[upkeep]\n|upkeep\n|inactive|schoolteen has 270 seconds left.\n|\n|t:|1698203586\n|switch|p2b: Leavanny|Leavanny, F|100\/100\n|switch|p1b: Iron Hands|Iron Hands|100\/100\n|turn|3\n|inactive|larsonshark has 270 seconds left.\n|\n|t:|1698203634\n|move|p1b: Iron Hands|Fake Out|p2a: Charizard\n|-damage|p2a: Charizard|78\/100\n|move|p2b: Leavanny|Sticky Web|p1a: this strat\n|-sidestart|p1: larsonshark|move: Sticky Web\n|move|p1a: this strat|Springtide Storm|p2b: Leavanny|[spread] \n|-miss|p1a: this strat|p2a: Charizard\n|-miss|p1a: this strat|p2b: Leavanny\n|cant|p2a: Charizard|flinch\n|\n|-weather|SunnyDay|[upkeep]\n|upkeep\n|turn|4\n|inactive|larsonshark has 270 seconds left.\n|\n|t:|1698203656\n|move|p2b: Leavanny|Poison Jab|p1a: this strat\n|-supereffective|p1a: this strat\n|-damage|p1a: this strat|62\/100\n|move|p1a: this strat|Springtide Storm|p2b: Leavanny|[spread] p2a,p2b\n|-resisted|p2a: Charizard\n|-damage|p2a: Charizard|61\/100\n|-damage|p2b: Leavanny|51\/100\n|-unboost|p2a: Charizard|atk|1\n|-unboost|p2b: Leavanny|atk|1\n|move|p2a: Charizard|Scorching Sands|p1b: Iron Hands\n|-supereffective|p1b: Iron Hands\n|-damage|p1b: Iron Hands|63\/100\n|move|p1b: Iron Hands|Heavy Slam|p2b: Leavanny\n|-damage|p2b: Leavanny|0 fnt\n|faint|p2b: Leavanny\n|\n|-weather|SunnyDay|[upkeep]\n|upkeep\n|inactive|schoolteen has 270 seconds left.\n|\n|t:|1698203674\n|switch|p2b: Furret|Furret, F|100\/100\n|turn|5\n|\n|t:|1698203689\n|move|p1a: this strat|Superpower|p2b: Furret\n|-supereffective|p2b: Furret\n|-damage|p2b: Furret|0 fnt\n|-boost|p1a: this strat|atk|1\n|-boost|p1a: this strat|def|1\n|faint|p2b: Furret\n|move|p2a: Charizard|Flamethrower|p1a: this strat\n|-damage|p1a: this strat|0 fnt\n|faint|p1a: this strat\n|move|p1b: Iron Hands|Ice Punch|p2a: Charizard\n|-damage|p2a: Charizard|20\/100\n|\n|-weather|none\n|upkeep\n|\n|t:|1698203700\n|switch|p1a: Gholdengo|Gholdengo|100\/100\n|switch|p2b: Decidueye|Decidueye-Hisui, F, shiny|100\/100\n|-activate|p1a: Gholdengo|move: Sticky Web\n|-unboost|p1a: Gholdengo|spe|1\n|turn|6\n|inactive|schoolteen has 270 seconds left.\n|\n|t:|1698203731\n|-terastallize|p2b: Decidueye|Fighting\n|move|p2b: Decidueye|Triple Arrows|p1a: Gholdengo\n|-supereffective|p1a: Gholdengo\n|-damage|p1a: Gholdengo|0 fnt\n|faint|p1a: Gholdengo\n|move|p2a: Charizard|Dragon Pulse|p1b: Iron Hands\n|-damage|p1b: Iron Hands|43\/100\n|move|p1b: Iron Hands|Ice Punch|p2a: Charizard\n|-crit|p2a: Charizard\n|-damage|p2a: Charizard|0 fnt\n|faint|p2a: Charizard\n|\n|upkeep\n|\n|t:|1698203753\n|switch|p2a: Linoone|Linoone, M, shiny|100\/100\n|switch|p1a: Iron Bundle|Iron Bundle|100\/100\n|-activate|p1a: Iron Bundle|move: Sticky Web\n|-unboost|p1a: Iron Bundle|spe|1\n|turn|7\n|\n|t:|1698203769\n|move|p2b: Decidueye|Triple Arrows|p1a: Iron Bundle\n|-supereffective|p1a: Iron Bundle\n|-damage|p1a: Iron Bundle|0 fnt\n|faint|p1a: Iron Bundle\n|-end|p1a: Iron Bundle|Quark Drive|[silent]\n|move|p2a: Linoone|Belly Drum|p2a: Linoone\n|-damage|p2a: Linoone|51\/100\n|-setboost|p2a: Linoone|atk|6|[from] move: Belly Drum\n|move|p1b: Iron Hands|Heavy Slam|p2b: Decidueye\n|-damage|p2b: Decidueye|42\/100\n|\n|-status|p2a: Linoone|brn|[from] item: Flame Orb\n|upkeep\n|turn|8\n|\n|t:|1698203783\n|move|p2a: Linoone|Facade|p1b: Iron Hands\n|-crit|p1b: Iron Hands\n|-damage|p1b: Iron Hands|0 fnt\n|faint|p1b: Iron Hands\n|-end|p1b: Iron Hands|Quark Drive|[silent]\n|\n|win|schoolteen\n|c|\u2606schoolteen|Hey ho\n","uploadtime":1698203800,"views":15,"p1id":"larsonshark","p2id":"schoolteen","formatid":"gen9nationaldexdoubles","rating":0,"private":0,"password":""}