{"id":"gen9nationaldexdoubles-1956270571","p1":"EUPHORIA_GS","p2":"OrangeObama","format":"[Gen 9] National Dex Doubles","log":"|j|\u2606EUPHORIA_GS\n|j|\u2606OrangeObama\n|t:|1696091669\n|gametype|doubles\n|player|p1|EUPHORIA_GS|cynthia|1076\n|player|p2|OrangeObama|acetrainer-gen4dp|1179\n|teamsize|p1|6\n|teamsize|p2|6\n|gen|9\n|tier|[Gen 9] National Dex Doubles\n|rated|\n|rule|HP Percentage Mod: HP is shown in percentages\n|rule|Endless Battle Clause: Forcing endless battles is banned\n|rule|OHKO Clause: OHKO moves are banned\n|rule|Evasion Moves Clause: Evasion moves are banned\n|rule|Evasion Abilities Clause: Evasion abilities are banned\n|rule|Species Clause: Limit one of each Pok\u00e9mon\n|rule|Gravity Sleep Clause: The combination of sleep-inducing moves with imperfect accuracy and Gravity or Gigantamax Orbeetle are banned\n|clearpoke\n|poke|p1|Ursaluna-Bloodmoon, M|\n|poke|p1|Heracross, F|\n|poke|p1|Ogerpon-Hearthflame, F|\n|poke|p1|Infernape, M|\n|poke|p1|Gliscor, M|\n|poke|p1|Ambipom, F|\n|poke|p2|Latios, M|\n|poke|p2|Landorus-Therian, M|\n|poke|p2|Ogerpon-Wellspring, F|\n|poke|p2|Hitmontop, M|\n|poke|p2|Clefairy, M|\n|poke|p2|Eevee, M|\n|teampreview\n|inactive|Battle timer is ON: inactive players will automatically lose when time's up. (requested by OrangeObama)\n|\n|t:|1696091687\n|start\n|switch|p1a: Ursaluna|Ursaluna-Bloodmoon, M|100\/100\n|switch|p1b: Ambipom|Ambipom, F|100\/100\n|switch|p2a: Hitmontop|Hitmontop, M|100\/100\n|switch|p2b: Eevee|Eevee, M|100\/100\n|-ability|p2a: Hitmontop|Intimidate|boost\n|-unboost|p1a: Ursaluna|atk|1\n|-unboost|p1b: Ambipom|atk|1\n|turn|1\n|\n|t:|1696091704\n|move|p2b: Eevee|Detect|p2b: Eevee\n|-singleturn|p2b: Eevee|Protect\n|move|p2a: Hitmontop|Fake Out|p1a: Ursaluna\n|-damage|p1a: Ursaluna|91\/100\n|move|p1b: Ambipom|Attract|p2b: Eevee\n|-activate|p2b: Eevee|move: Protect\n|cant|p1a: Ursaluna|flinch\n|\n|upkeep\n|turn|2\n|\n|t:|1696091719\n|move|p1b: Ambipom|Attract|p2b: Eevee\n|-start|p2b: Eevee|Attract\n|-activate|p2b: Eevee|move: Attract|[of] p1b: Ambipom\n|-zpower|p2b: Eevee\n|move|p2b: Eevee|Extreme Evoboost|p2b: Eevee\n|-boost|p2b: Eevee|atk|2\n|-boost|p2b: Eevee|def|2\n|-boost|p2b: Eevee|spa|2\n|-boost|p2b: Eevee|spd|2\n|-boost|p2b: Eevee|spe|2\n|move|p2a: Hitmontop|Close Combat|p1b: Ambipom\n|-supereffective|p1b: Ambipom\n|-damage|p1b: Ambipom|0 fnt\n|-unboost|p2a: Hitmontop|def|1\n|-unboost|p2a: Hitmontop|spd|1\n|faint|p1b: Ambipom\n|-end|p2b: Eevee|Attract|[silent]\n|move|p1a: Ursaluna|Blood Moon|p2a: Hitmontop\n|-damage|p2a: Hitmontop|0 fnt\n|faint|p2a: Hitmontop\n|-damage|p1a: Ursaluna|81\/100|[from] item: Life Orb\n|\n|upkeep\n|\n|t:|1696091743\n|switch|p1b: Gliscor|Gliscor, M|100\/100\n|switch|p2a: Clefairy|Clefairy, M|100\/100\n|turn|3\n|\n|t:|1696091755\n|-terastallize|p2a: Clefairy|Steel\n|move|p2a: Clefairy|Follow Me|p2a: Clefairy\n|-singleturn|p2a: Clefairy|move: Follow Me\n|move|p2b: Eevee|Baton Pass|p2b: Eevee\n|\n|t:|1696091760\n|switch|p2b: Latios|Latios, M|100\/100|[from] Baton Pass\n|move|p1b: Gliscor|Stone Edge|p2a: Clefairy\n|-resisted|p2a: Clefairy\n|-damage|p2a: Clefairy|87\/100\n|move|p1a: Ursaluna|Headlong Rush|p2a: Clefairy\n|-supereffective|p2a: Clefairy\n|-damage|p2a: Clefairy|44\/100\n|-unboost|p1a: Ursaluna|def|1\n|-unboost|p1a: Ursaluna|spd|1\n|-damage|p1a: Ursaluna|71\/100|[from] item: Life Orb\n|\n|-status|p1b: Gliscor|tox|[from] item: Toxic Orb\n|upkeep\n|turn|4\n|\n|t:|1696091781\n|detailschange|p2b: Latios|Latios-Mega, M\n|-mega|p2b: Latios|Latios|Latiosite\n|move|p2a: Clefairy|Protect|p2a: Clefairy\n|-singleturn|p2a: Clefairy|Protect\n|move|p2b: Latios|Stored Power|p1a: Ursaluna\n|-damage|p1a: Ursaluna|0 fnt\n|faint|p1a: Ursaluna\n|move|p1b: Gliscor|Facade|p2a: Clefairy\n|-activate|p2a: Clefairy|move: Protect\n|\n|upkeep\n|\n|t:|1696091793\n|switch|p1a: Heracross|Heracross, F|100\/100\n|turn|5\n|\n|t:|1696091806\n|move|p2b: Latios|Stored Power|p1a: Heracross\n|-supereffective|p1a: Heracross\n|-damage|p1a: Heracross|0 fnt\n|faint|p1a: Heracross\n|move|p1b: Gliscor|Facade|p2b: Latios\n|-crit|p2b: Latios\n|-damage|p2b: Latios|55\/100\n|move|p2a: Clefairy|Moonblast|p1b: Gliscor\n|-damage|p1b: Gliscor|68\/100 tox\n|-unboost|p1b: Gliscor|spa|1\n|\n|-heal|p1b: Gliscor|81\/100 tox|[from] ability: Poison Heal\n|upkeep\n|\n|t:|1696091817\n|switch|p1a: Ogerpon|Ogerpon-Hearthflame, F|100\/100\n|-ability|p1a: Ogerpon|Mold Breaker\n|turn|6\n|\n|t:|1696091827\n|switch|p2a: Landorus|Landorus-Therian, M|100\/100\n|-ability|p2a: Landorus|Intimidate|boost\n|-unboost|p1a: Ogerpon|atk|1\n|-unboost|p1b: Gliscor|atk|1\n|move|p2b: Latios|Stored Power|p1a: Ogerpon\n|-damage|p1a: Ogerpon|0 fnt\n|faint|p1a: Ogerpon\n|move|p1b: Gliscor|Facade|p2b: Latios\n|-damage|p2b: Latios|40\/100\n|\n|-heal|p1b: Gliscor|93\/100 tox|[from] ability: Poison Heal\n|upkeep\n|\n|t:|1696091839\n|switch|p1a: Infernape|Infernape, M|100\/100\n|turn|7\n|\n|t:|1696091849\n|move|p2b: Latios|Recover|p2b: Latios\n|-heal|p2b: Latios|90\/100\n|move|p1a: Infernape|Close Combat|p2b: Latios\n|-resisted|p2b: Latios\n|-crit|p2b: Latios\n|-damage|p2b: Latios|50\/100\n|-unboost|p1a: Infernape|def|1\n|-unboost|p1a: Infernape|spd|1\n|move|p1b: Gliscor|Crabhammer|p2a: Landorus\n|-supereffective|p2a: Landorus\n|-damage|p2a: Landorus|59\/100\n|move|p2a: Landorus|U-turn|p1a: Infernape\n|-resisted|p1a: Infernape\n|-damage|p1a: Infernape|83\/100\n|\n|t:|1696091861\n|switch|p2a: Ogerpon|Ogerpon-Wellspring, F|100\/100|[from] U-turn\n|\n|-heal|p1b: Gliscor|100\/100 tox|[from] ability: Poison Heal\n|upkeep\n|turn|8\n|\n|t:|1696091874\n|-terastallize|p1b: Gliscor|Rock\n|move|p2b: Latios|Stored Power|p1b: Gliscor\n|-damage|p1b: Gliscor|0 fnt\n|faint|p1b: Gliscor\n|move|p1a: Infernape|Close Combat|p2b: Latios\n|-resisted|p2b: Latios\n|-damage|p2b: Latios|38\/100\n|-unboost|p1a: Infernape|def|1\n|-unboost|p1a: Infernape|spd|1\n|move|p2a: Ogerpon|Ivy Cudgel|p1a: Infernape\n|-supereffective|p1a: Infernape\n|-damage|p1a: Infernape|0 fnt\n|faint|p1a: Infernape\n|\n|win|OrangeObama\n|raw|EUPHORIA_GS's rating: 1076 &rarr; <strong>1061<\/strong><br \/>(-15 for losing)\n|raw|OrangeObama's rating: 1179 &rarr; <strong>1197<\/strong><br \/>(+18 for winning)\n|l|\u2606EUPHORIA_GS\n","uploadtime":1696091888,"views":6,"p1id":"euphoriags","p2id":"orangeobama","formatid":"gen9nationaldexdoubles","rating":1061,"private":0,"password":""}