{"id":"gen9nationaldexdoubles-1985709349","p1":"Boltundover","p2":"UrsusOmega","format":"[Gen 9] National Dex Doubles","log":"|j|\u2606Boltundover\n|j|\u2606UrsusOmega\n|t:|1699397985\n|gametype|doubles\n|player|p1|Boltundover|rollerskaterf|1203\n|player|p2|UrsusOmega|palmer|1083\n|teamsize|p1|6\n|teamsize|p2|6\n|gen|9\n|tier|[Gen 9] National Dex Doubles\n|rated|\n|rule|HP Percentage Mod: HP is shown in percentages\n|rule|Endless Battle Clause: Forcing endless battles is banned\n|rule|OHKO Clause: OHKO moves are banned\n|rule|Evasion Moves Clause: Evasion moves are banned\n|rule|Evasion Abilities Clause: Evasion abilities are banned\n|rule|Species Clause: Limit one of each Pok\u00e9mon\n|rule|Gravity Sleep Clause: The combination of sleep-inducing moves with imperfect accuracy and Gravity or Gigantamax Orbeetle are banned\n|clearpoke\n|poke|p1|Charizard, M|\n|poke|p1|Kingambit, F|\n|poke|p1|Minun, M|\n|poke|p1|Clefairy, F|\n|poke|p1|Mimikyu, F|\n|poke|p1|Heatran, M|\n|poke|p2|Medicham, M|\n|poke|p2|Slaking, M|\n|poke|p2|Sinistcha|\n|poke|p2|Clefairy, F|\n|poke|p2|Indeedee, M|\n|poke|p2|Chi-Yu|\n|teampreview\n|\n|t:|1699397992\n|start\n|switch|p1a: Clefairy|Clefairy, F|100\/100\n|switch|p1b: Mimikyu|Mimikyu, F|100\/100\n|switch|p2a: Medicham|Medicham, M, shiny|100\/100\n|switch|p2b: Slaking|Slaking, M|100\/100\n|turn|1\n|\n|t:|1699398013\n|move|p1a: Clefairy|Follow Me|p1a: Clefairy\n|-singleturn|p1a: Clefairy|move: Follow Me\n|move|p2a: Medicham|Skill Swap|p1a: Clefairy\n|-activate|p2a: Medicham|move: Skill Swap|Friend Guard|Pure Power|[of] p1a: Clefairy\n|move|p2b: Slaking|Shadow Claw|p1a: Clefairy\n|-damage|p1a: Clefairy|67\/100\n|move|p1b: Mimikyu|Trick Room|p1b: Mimikyu\n|-fieldstart|move: Trick Room|[of] p1b: Mimikyu\n|\n|upkeep\n|turn|2\n|\n|t:|1699398044\n|move|p1b: Mimikyu|Snatch|p1b: Mimikyu\n|-singleturn|p1b: Mimikyu|Snatch\n|move|p1a: Clefairy|Belly Drum|p1a: Clefairy\n|-activate|p1b: Mimikyu|move: Snatch|[of] p1a: Clefairy\n|move|p1b: Mimikyu|Belly Drum|p1b: Mimikyu|[from]Snatch\n|-damage|p1b: Mimikyu|50\/100\n|-setboost|p1b: Mimikyu|atk|6|[from] move: Belly Drum\n|cant|p2b: Slaking|ability: Truant\n|move|p2a: Medicham|Skill Swap|p2b: Slaking\n|-activate|p2a: Medicham|move: Skill Swap|||[of] p2b: Slaking\n|\n|upkeep\n|turn|3\n|\n|t:|1699398073\n|switch|p2a: Clefairy|Clefairy, F, shiny|100\/100\n|move|p1a: Clefairy|Life Dew|p1a: Clefairy|[spread] p1a,p1b\n|-heal|p1a: Clefairy|92\/100\n|-heal|p1b: Mimikyu|76\/100\n|move|p1b: Mimikyu|Drain Punch|p2b: Slaking\n|-supereffective|p2b: Slaking\n|-damage|p2b: Slaking|3\/100\n|-heal|p1b: Mimikyu|100\/100|[from] drain|[of] p2b: Slaking\n|move|p2b: Slaking|Shadow Claw|p1b: Mimikyu\n|-activate|p1b: Mimikyu|ability: Disguise\n|-damage|p1b: Mimikyu|100\/100\n|detailschange|p1b: Mimikyu|Mimikyu-Busted, F\n|-damage|p1b: Mimikyu|88\/100|[from] pokemon: Mimikyu-Busted\n|-enditem|p1b: Mimikyu|Red Card|[of] p2b: Slaking\n|drag|p2b: Indeedee|Indeedee, M|100\/100\n|-fieldstart|move: Psychic Terrain|[from] ability: Psychic Surge|[of] p2b: Indeedee\n|\n|upkeep\n|turn|4\n|\n|t:|1699398102\n|move|p2a: Clefairy|Follow Me|p2a: Clefairy\n|-singleturn|p2a: Clefairy|move: Follow Me\n|move|p1a: Clefairy|After You||[still]\n|-fail|p1a: Clefairy\n|move|p1b: Mimikyu|Drain Punch|p2a: Clefairy\n|-resisted|p2a: Clefairy\n|-damage|p2a: Clefairy|64\/100\n|-heal|p1b: Mimikyu|100\/100|[from] drain|[of] p2a: Clefairy\n|move|p2b: Indeedee|Shadow Ball|p1b: Mimikyu\n|-supereffective|p1b: Mimikyu\n|-damage|p1b: Mimikyu|43\/100\n|\n|upkeep\n|turn|5\n|\n|t:|1699398122\n|move|p1a: Clefairy|Follow Me|p1a: Clefairy\n|-singleturn|p1a: Clefairy|move: Follow Me\n|move|p2a: Clefairy|Follow Me|p2a: Clefairy\n|-singleturn|p2a: Clefairy|move: Follow Me\n|move|p1b: Mimikyu|Drain Punch|p2a: Clefairy\n|-resisted|p2a: Clefairy\n|-damage|p2a: Clefairy|31\/100\n|-heal|p1b: Mimikyu|61\/100|[from] drain|[of] p2a: Clefairy\n|move|p2b: Indeedee|Hyper Voice|p1a: Clefairy|[spread] p1a\n|-immune|p1b: Mimikyu\n|-damage|p1a: Clefairy|72\/100\n|\n|-fieldend|move: Trick Room\n|upkeep\n|turn|6\n|-message|UrsusOmega forfeited.\n|\n|win|Boltundover\n|raw|Boltundover's rating: 1203 &rarr; <strong>1220<\/strong><br \/>(+17 for winning)\n|raw|UrsusOmega's rating: 1083 &rarr; <strong>1068<\/strong><br \/>(-15 for losing)\n|l|\u2606UrsusOmega\n","uploadtime":1699398138,"views":5,"p1id":"boltundover","p2id":"ursusomega","formatid":"gen9nationaldexdoubles","rating":1068,"private":0,"password":""}