{"id":"gen9nationaldexdoubles-1954115062","p1":"deino dino","p2":"WinterWait","format":"[Gen 9] National Dex Doubles","log":"|j|\u2606deino dino\n|j|\u2606WinterWait\n|t:|1695855235\n|gametype|doubles\n|player|p1|deino dino|pokemaniac|1010\n|player|p2|WinterWait|clerkf|1000\n|teamsize|p1|6\n|teamsize|p2|6\n|gen|9\n|tier|[Gen 9] National Dex Doubles\n|rated|\n|rule|HP Percentage Mod: HP is shown in percentages\n|rule|Endless Battle Clause: Forcing endless battles is banned\n|rule|OHKO Clause: OHKO moves are banned\n|rule|Evasion Moves Clause: Evasion moves are banned\n|rule|Evasion Abilities Clause: Evasion abilities are banned\n|rule|Species Clause: Limit one of each Pok\u00e9mon\n|rule|Gravity Sleep Clause: The combination of sleep-inducing moves with imperfect accuracy and Gravity or Gigantamax Orbeetle are banned\n|clearpoke\n|poke|p1|Medicham, F|\n|poke|p1|Dipplin, M|\n|poke|p1|Stonjourner, M|\n|poke|p1|Dugtrio-Alola, F|\n|poke|p1|Maushold-Four|\n|poke|p1|Magnezone|\n|poke|p2|Dipplin, M|\n|poke|p2|Lurantis, M|\n|poke|p2|Persian-Alola, F|\n|poke|p2|Kommo-o, F|\n|poke|p2|Flutter Mane|\n|poke|p2|Flamigo, M|\n|teampreview\n|\n|t:|1695855255\n|start\n|switch|p1a: Dugtrio|Dugtrio-Alola, F|100\/100\n|switch|p1b: Magnezone|Magnezone|100\/100\n|switch|p2a: Dipplin|Dipplin, M|100\/100\n|switch|p2b: Lurantis|Lurantis, M|100\/100\n|-ability|p2a: Dipplin|Supersweet Syrup\n|-ability|p2a: Dipplin|Supersweet Syrup|boost\n|-unboost|p1a: Dugtrio|evasion|1\n|-unboost|p1b: Magnezone|evasion|1\n|turn|1\n|\n|t:|1695855284\n|move|p1a: Dugtrio|Swords Dance|p1a: Dugtrio\n|-boost|p1a: Dugtrio|atk|2\n|move|p2b: Lurantis|Superpower|p1b: Magnezone\n|-supereffective|p1b: Magnezone\n|-damage|p1b: Magnezone|53\/100\n|-boost|p2b: Lurantis|atk|1\n|-boost|p2b: Lurantis|def|1\n|move|p2a: Dipplin|Syrup Bomb|p2b: Lurantis\n|-resisted|p2b: Lurantis\n|-damage|p2b: Lurantis|91\/100\n|-start|p2b: Lurantis|Syrup Bomb\n|move|p1b: Magnezone|Signal Beam|p2b: Lurantis\n|-supereffective|p2b: Lurantis\n|-damage|p2b: Lurantis|33\/100\n|\n|-boost|p2b: Lurantis|spe|1\n|upkeep\n|turn|2\n|inactive|Battle timer is ON: inactive players will automatically lose when time's up. (requested by deino dino)\n|\n|t:|1695855332\n|move|p1a: Dugtrio|Sucker Punch|p2b: Lurantis\n|-damage|p2b: Lurantis|6\/100\n|move|p2b: Lurantis|Superpower|p1b: Magnezone\n|-supereffective|p1b: Magnezone\n|-damage|p1b: Magnezone|0 fnt\n|-boost|p2b: Lurantis|atk|1\n|-boost|p2b: Lurantis|def|1\n|faint|p1b: Magnezone\n|move|p2a: Dipplin|Pollen Puff|p2b: Lurantis\n|-heal|p2b: Lurantis|56\/100\n|\n|-boost|p2b: Lurantis|spe|1\n|upkeep\n|\n|t:|1695855347\n|switch|p1b: Dipplin|Dipplin, M|100\/100\n|-ability|p1b: Dipplin|Supersweet Syrup\n|-ability|p1b: Dipplin|Supersweet Syrup|boost\n|-unboost|p2a: Dipplin|evasion|1\n|-boost|p2b: Lurantis|evasion|1\n|turn|3\n|l|\u2606WinterWait\n|inactive|WinterWait disconnected and has a minute to reconnect!\n|player|p2|\n|j|\u2606WinterWait\n|inactive|WinterWait reconnected and has 100 seconds left.\n|player|p2|WinterWait|clerkf\n|\n|t:|1695855406\n|move|p2b: Lurantis|Leech Life|p1b: Dipplin\n|-supereffective|p1b: Dipplin\n|-damage|p1b: Dipplin|43\/100\n|-heal|p2b: Lurantis|85\/100|[from] drain|[of] p1b: Dipplin\n|move|p1a: Dugtrio|Iron Head|p2b: Lurantis\n|-damage|p2b: Lurantis|46\/100\n|move|p2a: Dipplin|Giga Drain|p1a: Dugtrio\n|-damage|p1a: Dugtrio|33\/100\n|move|p1b: Dipplin|Infestation|p2b: Lurantis\n|-supereffective|p2b: Lurantis\n|-damage|p2b: Lurantis|39\/100\n|-activate|p2b: Lurantis|move: Infestation|[of] p1b: Dipplin\n|\n|-heal|p1b: Dipplin|49\/100|[from] item: Leftovers\n|-damage|p2b: Lurantis|26\/100|[from] move: Infestation|[partiallytrapped]\n|-end|p2b: Lurantis|Syrup Bomb\n|upkeep\n|turn|4\n|inactive|WinterWait has 90 seconds left.\n|\n|t:|1695855436\n|move|p1a: Dugtrio|Sucker Punch|p2b: Lurantis|[miss]\n|-miss|p1a: Dugtrio|p2b: Lurantis\n|move|p1b: Dipplin|Sucker Punch|p2b: Lurantis\n|-damage|p2b: Lurantis|19\/100\n|move|p2b: Lurantis|Leech Life|p1b: Dipplin\n|-supereffective|p1b: Dipplin\n|-damage|p1b: Dipplin|0 fnt\n|-heal|p2b: Lurantis|44\/100|[from] drain|[of] p1b: Dipplin\n|faint|p1b: Dipplin\n|move|p2a: Dipplin|Giga Drain|p1a: Dugtrio\n|-damage|p1a: Dugtrio|0 fnt\n|faint|p1a: Dugtrio\n|\n|-end|p2b: Lurantis|Infestation|[partiallytrapped]|[silent]\n|upkeep\n|inactive|deino dino has 120 seconds left.\n|c|\u2606deino dino|SUCKER PUNCH CAN MISS\n|c|\u2606deino dino|WTF\n|c|\u2606WinterWait|No no\n|c|\u2606WinterWait|your ability syrup\n|c|\u2606deino dino|yes\n|inactive|deino dino has 90 seconds left.\n|c|\u2606WinterWait|contrary boosted my evasion\n|c|\u2606WinterWait|instead of lowering it\n|c|\u2606deino dino|ik\n|c|\u2606WinterWait|Oh-\n|c|\u2606deino dino|i didnt think it had accuracy\n|inactive|deino dino has 60 seconds left.\n|\n|t:|1695855515\n|switch|p1a: Medicham|Medicham, F|100\/100\n|switch|p1b: Stonjourner|Stonjourner, M|100\/100\n|turn|5\n|c|\u2606WinterWait|I think the only cases are when the accuracy has a \u201c-\u201c mark instead of numbers\n|\n|t:|1695855536\n|detailschange|p1a: Medicham|Medicham-Mega, F\n|-mega|p1a: Medicham|Medicham|Medichamite\n|move|p2b: Lurantis|Leech Life|p1a: Medicham\n|-damage|p1a: Medicham|47\/100\n|-heal|p2b: Lurantis|65\/100|[from] drain|[of] p1a: Medicham\n|move|p1a: Medicham|Ice Punch|p2b: Lurantis\n|-supereffective|p2b: Lurantis\n|-crit|p2b: Lurantis\n|-damage|p2b: Lurantis|0 fnt\n|faint|p2b: Lurantis\n|move|p1b: Stonjourner|Rock Slide|p2a: Dipplin\n|-damage|p2a: Dipplin|68\/100\n|move|p2a: Dipplin|Giga Drain|p1b: Stonjourner\n|-supereffective|p1b: Stonjourner\n|-damage|p1b: Stonjourner|0 fnt\n|-heal|p2a: Dipplin|100\/100|[from] drain|[of] p1b: Stonjourner\n|faint|p1b: Stonjourner\n|\n|upkeep\n|inactive|WinterWait has 120 seconds left.\n|\n|t:|1695855554\n|switch|p2b: Flutter Mane|Flutter Mane|100\/100\n|switch|p1b: Maushold|Maushold-Four|100\/100\n|turn|6\n|\n|t:|1695855564\n|switch|p2a: Persian|Persian-Alola, F|100\/100\n|move|p1b: Maushold|Follow Me|p1b: Maushold\n|-singleturn|p1b: Maushold|move: Follow Me\n|move|p1a: Medicham|Bullet Punch|p2b: Flutter Mane\n|-supereffective|p2b: Flutter Mane\n|-damage|p2b: Flutter Mane|35\/100\n|-enditem|p2b: Flutter Mane|Sitrus Berry|[eat]\n|-heal|p2b: Flutter Mane|60\/100|[from] item: Sitrus Berry\n|move|p2b: Flutter Mane|Memento|p1b: Maushold\n|-unboost|p1b: Maushold|atk|2\n|-unboost|p1b: Maushold|spa|2\n|faint|p2b: Flutter Mane\n|-end|p2b: Flutter Mane|Protosynthesis|[silent]\n|\n|upkeep\n|\n|t:|1695855579\n|switch|p2b: Kommo-o|Kommo-o, F|100\/100\n|turn|7\n|inactive|deino dino has 120 seconds left.\n|\n|t:|1695855587\n|move|p2a: Persian|Fake Out|p1a: Medicham\n|-damage|p1a: Medicham|41\/100\n|move|p1b: Maushold|Follow Me|p1b: Maushold\n|-singleturn|p1b: Maushold|move: Follow Me\n|cant|p1a: Medicham|flinch\n|-zpower|p2b: Kommo-o\n|move|p2b: Kommo-o|Clangorous Soulblaze|p1a: Medicham|[zeffect]|[spread] p1a,p1b\n|-damage|p1a: Medicham|0 fnt\n|-damage|p1b: Maushold|27\/100\n|faint|p1a: Medicham\n|-boost|p2b: Kommo-o|atk|1\n|-boost|p2b: Kommo-o|def|1\n|-boost|p2b: Kommo-o|spa|1\n|-boost|p2b: Kommo-o|spd|1\n|-boost|p2b: Kommo-o|spe|1\n|\n|upkeep\n|turn|8\n|-message|deino dino forfeited.\n|\n|win|WinterWait\n|raw|deino dino's rating: 1010 &rarr; <strong>1000<\/strong><br \/>(-10 for losing)\n|raw|WinterWait's rating: 1000 &rarr; <strong>1041<\/strong><br \/>(+41 for winning)\n|l|\u2606deino dino\n","uploadtime":1695855608,"views":10,"p1id":"deinodino","p2id":"winterwait","formatid":"gen9nationaldexdoubles","rating":1000,"private":0,"password":""}