{"id":"gen9nationaldexdoubles-1983314314","p1":"13KStephen","p2":"Xalvadore","format":"[Gen 9] National Dex Doubles","log":"|j|\u260613KStephen\n|j|\u2606Xalvadore\n|t:|1699117237\n|gametype|doubles\n|player|p1|13KStephen|lucas|1112\n|player|p2|Xalvadore|marnie|1358\n|teamsize|p1|6\n|teamsize|p2|6\n|gen|9\n|tier|[Gen 9] National Dex Doubles\n|rated|\n|rule|HP Percentage Mod: HP is shown in percentages\n|rule|Endless Battle Clause: Forcing endless battles is banned\n|rule|OHKO Clause: OHKO moves are banned\n|rule|Evasion Moves Clause: Evasion moves are banned\n|rule|Evasion Abilities Clause: Evasion abilities are banned\n|rule|Species Clause: Limit one of each Pok\u00e9mon\n|rule|Gravity Sleep Clause: The combination of sleep-inducing moves with imperfect accuracy and Gravity or Gigantamax Orbeetle are banned\n|clearpoke\n|poke|p1|Absol, F|\n|poke|p1|Flutter Mane|\n|poke|p1|Conkeldurr, F|\n|poke|p1|Torkoal, M|\n|poke|p1|Leafeon, M|\n|poke|p1|Gastrodon, M|\n|poke|p2|Cresselia, F|\n|poke|p2|Heatran, M|\n|poke|p2|Slowking, F|\n|poke|p2|Conkeldurr, F|\n|poke|p2|Scizor, M|\n|poke|p2|Dragonite, F|\n|teampreview\n|\n|t:|1699117269\n|start\n|switch|p1a: Mr. Brightside|Torkoal, M|100\/100\n|switch|p1b: Flutter Mane|Flutter Mane|100\/100\n|switch|p2a: Cresselia|Cresselia, F|100\/100\n|switch|p2b: Heatran|Heatran, M|100\/100\n|-weather|SunnyDay|[from] ability: Drought|[of] p1a: Mr. Brightside\n|-activate|p1b: Flutter Mane|ability: Protosynthesis\n|-start|p1b: Flutter Mane|protosynthesisspe\n|turn|1\n|\n|t:|1699117330\n|move|p1b: Flutter Mane|Shadow Ball|p2a: Cresselia\n|-supereffective|p2a: Cresselia\n|-damage|p2a: Cresselia|38\/100\n|-enditem|p2a: Cresselia|Sitrus Berry|[eat]\n|-heal|p2a: Cresselia|63\/100|[from] item: Sitrus Berry\n|move|p2b: Heatran|Flash Cannon|p1b: Flutter Mane\n|-supereffective|p1b: Flutter Mane\n|-damage|p1b: Flutter Mane|0 fnt\n|faint|p1b: Flutter Mane\n|-end|p1b: Flutter Mane|Protosynthesis|[silent]\n|move|p1a: Mr. Brightside|Flamethrower|p1: Flutter Mane|[notarget]\n|-fail|p1a: Mr. Brightside\n|move|p2a: Cresselia|Trick Room|p2a: Cresselia\n|-fieldstart|move: Trick Room|[of] p2a: Cresselia\n|\n|-weather|SunnyDay|[upkeep]\n|upkeep\n|\n|t:|1699117369\n|switch|p1b: Nessie|Gastrodon, M|100\/100\n|turn|2\n|\n|t:|1699117394\n|move|p1a: Mr. Brightside|Solar Beam||[still]\n|-prepare|p1a: Mr. Brightside|Solar Beam\n|-anim|p1a: Mr. Brightside|Solar Beam|p2a: Cresselia\n|-damage|p2a: Cresselia|46\/100\n|move|p1b: Nessie|Earth Power|p2b: Heatran\n|-supereffective|p2b: Heatran\n|-damage|p2b: Heatran|12\/100\n|move|p2a: Cresselia|Psyshock|p1b: Nessie\n|-damage|p1b: Nessie|85\/100\n|move|p2b: Heatran|Earth Power|p1a: Mr. Brightside\n|-supereffective|p1a: Mr. Brightside\n|-damage|p1a: Mr. Brightside|5\/100\n|-enditem|p1a: Mr. Brightside|Sitrus Berry|[eat]\n|-heal|p1a: Mr. Brightside|30\/100|[from] item: Sitrus Berry\n|\n|-weather|SunnyDay|[upkeep]\n|-heal|p1b: Nessie|92\/100|[from] item: Leftovers\n|upkeep\n|turn|3\n|\n|t:|1699117448\n|move|p2a: Cresselia|Helping Hand|p2b: Heatran\n|-singleturn|p2b: Heatran|Helping Hand|[of] p2a: Cresselia\n|move|p1a: Mr. Brightside|Solar Beam||[still]\n|-prepare|p1a: Mr. Brightside|Solar Beam\n|-anim|p1a: Mr. Brightside|Solar Beam|p2a: Cresselia\n|-damage|p2a: Cresselia|29\/100\n|move|p1b: Nessie|Scald|p2b: Heatran\n|-supereffective|p2b: Heatran\n|-damage|p2b: Heatran|0 fnt\n|faint|p2b: Heatran\n|\n|-weather|SunnyDay|[upkeep]\n|-heal|p1b: Nessie|98\/100|[from] item: Leftovers\n|upkeep\n|\n|t:|1699117464\n|switch|p2b: Conkeldurr|Conkeldurr, F|100\/100\n|turn|4\n|\n|t:|1699117489\n|switch|p1a: Dorian|Leafeon, M|100\/100\n|move|p2a: Cresselia|Helping Hand|p2b: Conkeldurr\n|-singleturn|p2b: Conkeldurr|Helping Hand|[of] p2a: Cresselia\n|move|p1b: Nessie|Earth Power|p2a: Cresselia\n|-immune|p2a: Cresselia|[from] ability: Levitate\n|move|p2b: Conkeldurr|Hammer Arm|p1b: Nessie\n|-damage|p1b: Nessie|0 fnt\n|-unboost|p2b: Conkeldurr|spe|1\n|faint|p1b: Nessie\n|-damage|p2b: Conkeldurr|91\/100|[from] item: Life Orb\n|\n|-weather|SunnyDay|[upkeep]\n|upkeep\n|\n|t:|1699117513\n|switch|p1b: The Violence|Conkeldurr, F|100\/100\n|turn|5\n|\n|t:|1699117533\n|move|p2a: Cresselia|Protect|p2a: Cresselia\n|-singleturn|p2a: Cresselia|Protect\n|move|p2b: Conkeldurr|Hammer Arm|p1b: The Violence\n|-damage|p1b: The Violence|2\/100\n|-unboost|p2b: Conkeldurr|spe|1\n|-damage|p2b: Conkeldurr|81\/100|[from] item: Life Orb\n|move|p1b: The Violence|Drain Punch|p2b: Conkeldurr\n|-damage|p2b: Conkeldurr|41\/100\n|-heal|p1b: The Violence|20\/100|[from] drain|[of] p2b: Conkeldurr\n|move|p1a: Dorian|Knock Off|p2b: Conkeldurr\n|-resisted|p2b: Conkeldurr\n|-damage|p2b: Conkeldurr|27\/100\n|-enditem|p2b: Conkeldurr|Life Orb|[from] move: Knock Off|[of] p1a: Dorian\n|\n|-weather|none\n|-fieldend|move: Trick Room\n|-status|p1b: The Violence|brn|[from] item: Flame Orb\n|upkeep\n|turn|6\n|\n|t:|1699117563\n|move|p1a: Dorian|Leaf Blade|p2a: Cresselia\n|-damage|p2a: Cresselia|0 fnt\n|faint|p2a: Cresselia\n|move|p1b: The Violence|Drain Punch|p2b: Conkeldurr\n|-damage|p2b: Conkeldurr|0 fnt\n|-heal|p1b: The Violence|33\/100 brn|[from] drain|[of] p2b: Conkeldurr\n|faint|p2b: Conkeldurr\n|\n|-damage|p1b: The Violence|27\/100 brn|[from] brn\n|upkeep\n|\n|t:|1699117575\n|switch|p2a: Scizor|Scizor, M|100\/100\n|switch|p2b: Dragonite|Dragonite, F|100\/100\n|turn|7\n|\n|t:|1699117585\n|switch|p1a: Mr. Brightside|Torkoal, M|30\/100\n|-weather|SunnyDay|[from] ability: Drought|[of] p1a: Mr. Brightside\n|move|p2b: Dragonite|Extreme Speed|p1b: The Violence\n|-damage|p1b: The Violence|0 fnt\n|faint|p1b: The Violence\n|move|p2a: Scizor|Bug Bite|p1a: Mr. Brightside\n|-resisted|p1a: Mr. Brightside\n|-damage|p1a: Mr. Brightside|3\/100\n|\n|-weather|SunnyDay|[upkeep]\n|upkeep\n|\n|t:|1699117600\n|switch|p1b: Dorian|Leafeon, M|100\/100\n|turn|8\n|\n|t:|1699117608\n|move|p2b: Dragonite|Extreme Speed|p1a: Mr. Brightside\n|-damage|p1a: Mr. Brightside|0 fnt\n|faint|p1a: Mr. Brightside\n|move|p1b: Dorian|Knock Off|p2b: Dragonite\n|-damage|p2b: Dragonite|83\/100\n|-enditem|p2b: Dragonite|Haban Berry|[from] move: Knock Off|[of] p1b: Dorian\n|move|p2a: Scizor|Swords Dance|p2a: Scizor\n|-boost|p2a: Scizor|atk|2\n|\n|-weather|SunnyDay|[upkeep]\n|upkeep\n|\n|t:|1699117620\n|switch|p1a: Chloe|Absol, F|100\/100\n|turn|9\n|\n|t:|1699117635\n|move|p1a: Chloe|Sucker Punch|p2b: Dragonite\n|-crit|p2b: Dragonite\n|-damage|p2b: Dragonite|34\/100\n|move|p1b: Dorian|Double Kick|p2a: Scizor\n|-damage|p2a: Scizor|91\/100\n|-damage|p2a: Scizor|80\/100\n|-hitcount|p2a: Scizor|2\n|move|p2b: Dragonite|Dragon Claw|p1a: Chloe\n|-damage|p1a: Chloe|0 fnt\n|faint|p1a: Chloe\n|move|p2a: Scizor|Bug Bite|p1b: Dorian\n|-supereffective|p1b: Dorian\n|-damage|p1b: Dorian|0 fnt\n|faint|p1b: Dorian\n|\n|win|Xalvadore\n|raw|13KStephen's rating: 1112 &rarr; <strong>1102<\/strong><br \/>(-10 for losing)\n|raw|Xalvadore's rating: 1358 &rarr; <strong>1366<\/strong><br \/>(+8 for winning)\n|c|\u260613KStephen|Gg\n|c|\u2606Xalvadore|gg\\\n|l|\u260613KStephen\n","uploadtime":1699117652,"views":8,"p1id":"13kstephen","p2id":"xalvadore","formatid":"gen9nationaldexdoubles","rating":1102,"private":0,"password":""}