{"id":"gen9nationaldexdoubles-1969299556","p1":"Mykewea","p2":"Mr.Shadowdusk","format":"[Gen 9] National Dex Doubles","log":"|j|\u2606Mykewea\n|j|\u2606Mr.Shadowdusk\n|t:|1697511335\n|gametype|doubles\n|player|p1|Mykewea|101|\n|player|p2|Mr.Shadowdusk|bellelba|\n|teamsize|p1|6\n|teamsize|p2|6\n|gen|9\n|tier|[Gen 9] National Dex Doubles\n|rule|HP Percentage Mod: HP is shown in percentages\n|rule|Endless Battle Clause: Forcing endless battles is banned\n|rule|OHKO Clause: OHKO moves are banned\n|rule|Evasion Moves Clause: Evasion moves are banned\n|rule|Evasion Abilities Clause: Evasion abilities are banned\n|rule|Species Clause: Limit one of each Pok\u00e9mon\n|rule|Gravity Sleep Clause: The combination of sleep-inducing moves with imperfect accuracy and Gravity or Gigantamax Orbeetle are banned\n|clearpoke\n|poke|p1|Absol, F|\n|poke|p1|Delphox, F|\n|poke|p1|Meowstic, M|\n|poke|p1|Altaria, F|\n|poke|p1|Pangoro, F|\n|poke|p1|Rhyperior, M|\n|poke|p2|Spiritomb, M|\n|poke|p2|Lucario, F|\n|poke|p2|Roserade, F|\n|poke|p2|Togekiss, F|\n|poke|p2|Garchomp, F|\n|poke|p2|Milotic, F|\n|teampreview\n|inactive|Battle timer is ON: inactive players will automatically lose when time's up. (requested by Mr.Shadowdusk)\n|\n|t:|1697511348\n|start\n|switch|p1a: Meowstic|Meowstic, M|100\/100\n|switch|p1b: Altaria|Altaria, F|100\/100\n|switch|p2a: Togekiss|Togekiss, F|100\/100\n|switch|p2b: Spiritomb|Spiritomb, M|100\/100\n|-ability|p1b: Altaria|Cloud Nine\n|turn|1\n|\n|t:|1697511359\n|move|p1a: Meowstic|Fake Out|p2a: Togekiss\n|-damage|p2a: Togekiss|96\/100\n|cant|p2a: Togekiss|flinch\n|move|p1b: Altaria|Draco Meteor|p2b: Spiritomb\n|-damage|p2b: Spiritomb|68\/100\n|-unboost|p1b: Altaria|spa|2\n|move|p2b: Spiritomb|Snarl|p1b: Altaria|[spread] p1a\n|-miss|p2b: Spiritomb|p1b: Altaria\n|-supereffective|p1a: Meowstic\n|-damage|p1a: Meowstic|73\/100\n|-unboost|p1a: Meowstic|spa|1\n|\n|upkeep\n|turn|2\n|inactive|Mykewea has 270 seconds left.\n|\n|t:|1697511394\n|move|p1b: Altaria|Protect|p1b: Altaria\n|-singleturn|p1b: Altaria|Protect\n|move|p1a: Meowstic|Light Screen|p1a: Meowstic\n|-sidestart|p1: Mykewea|move: Light Screen\n|move|p2a: Togekiss|Tailwind|p2a: Togekiss\n|-sidestart|p2: Mr.Shadowdusk|move: Tailwind\n|move|p2b: Spiritomb|Snarl|p1a: Meowstic|[spread] \n|-activate|p1b: Altaria|move: Protect\n|-miss|p2b: Spiritomb|p1a: Meowstic\n|\n|upkeep\n|turn|3\n|\n|t:|1697511415\n|switch|p1b: Delphox|Delphox, F|100\/100\n|move|p1a: Meowstic|Reflect|p1a: Meowstic\n|-sidestart|p1: Mykewea|Reflect\n|move|p2a: Togekiss|Air Cutter|p1a: Meowstic|[spread] p1a,p1b\n|-damage|p1a: Meowstic|64\/100\n|-damage|p1b: Delphox|89\/100\n|move|p2b: Spiritomb|Burning Jealousy|p1b: Delphox|[spread] p1a,p1b\n|-resisted|p1b: Delphox\n|-damage|p1a: Meowstic|50\/100\n|-damage|p1b: Delphox|82\/100\n|\n|-heal|p1b: Delphox|88\/100|[from] item: Leftovers\n|upkeep\n|turn|4\n|\n|t:|1697511432\n|switch|p1a: Rhyperior|Rhyperior, M|100\/100\n|move|p2a: Togekiss|Air Cutter|p1b: Delphox|[spread] p1a,p1b\n|-resisted|p1a: Rhyperior\n|-damage|p1a: Rhyperior|96\/100\n|-damage|p1b: Delphox|77\/100\n|move|p2b: Spiritomb|Snarl|p1a: Rhyperior|[spread] p1a,p1b\n|-supereffective|p1b: Delphox\n|-damage|p1a: Rhyperior|81\/100\n|-damage|p1b: Delphox|39\/100\n|-unboost|p1a: Rhyperior|spa|1\n|-unboost|p1b: Delphox|spa|1\n|move|p1b: Delphox|Trick Room|p1b: Delphox\n|-fieldstart|move: Trick Room|[of] p1b: Delphox\n|\n|-heal|p1b: Delphox|45\/100|[from] item: Leftovers\n|upkeep\n|turn|5\n|inactive|Mr.Shadowdusk has 270 seconds left.\n|\n|t:|1697511470\n|move|p1b: Delphox|Helping Hand|p1a: Rhyperior\n|-singleturn|p1a: Rhyperior|Helping Hand|[of] p1b: Delphox\n|move|p2a: Togekiss|Protect|p2a: Togekiss\n|-singleturn|p2a: Togekiss|Protect\n|move|p1a: Rhyperior|Rock Slide|p2b: Spiritomb|[spread] p2b\n|-activate|p2a: Togekiss|move: Protect\n|-damage|p2b: Spiritomb|12\/100\n|move|p2b: Spiritomb|Shadow Ball|p1b: Delphox\n|-supereffective|p1b: Delphox\n|-damage|p1b: Delphox|0 fnt\n|faint|p1b: Delphox\n|\n|-sideend|p2: Mr.Shadowdusk|move: Tailwind\n|upkeep\n|\n|t:|1697511486\n|switch|p1b: Pangoro|Pangoro, F|100\/100\n|-ability|p1b: Pangoro|Mold Breaker\n|turn|6\n|\n|t:|1697511501\n|move|p2b: Spiritomb|Memento|p1a: Rhyperior\n|-unboost|p1a: Rhyperior|atk|2\n|-unboost|p1a: Rhyperior|spa|2\n|faint|p2b: Spiritomb\n|-zpower|p1b: Pangoro\n|move|p1b: Pangoro|Corkscrew Crash|p2a: Togekiss|[zeffect]\n|-supereffective|p2a: Togekiss\n|-damage|p2a: Togekiss|38\/100\n|move|p1a: Rhyperior|Ice Punch|p2a: Togekiss\n|-supereffective|p2a: Togekiss\n|-damage|p2a: Togekiss|17\/100\n|-enditem|p2a: Togekiss|Wiki Berry|[eat]\n|-heal|p2a: Togekiss|50\/100|[from] item: Wiki Berry\n|move|p2a: Togekiss|Air Cutter|p1a: Rhyperior|[spread] p1a,p1b\n|-resisted|p1a: Rhyperior\n|-supereffective|p1b: Pangoro\n|-damage|p1a: Rhyperior|76\/100\n|-damage|p1b: Pangoro|73\/100\n|\n|upkeep\n|inactive|Mr.Shadowdusk has 270 seconds left.\n|\n|t:|1697511533\n|switch|p2b: Roserade|Roserade, F|100\/100\n|turn|7\n|\n|t:|1697511546\n|move|p2a: Togekiss|Protect|p2a: Togekiss\n|-singleturn|p2a: Togekiss|Protect\n|move|p1b: Pangoro|Bullet Punch|p2a: Togekiss\n|-activate|p2a: Togekiss|move: Protect\n|move|p1a: Rhyperior|Rock Slide|p2a: Togekiss|[spread] p2b\n|-activate|p2a: Togekiss|move: Protect\n|-damage|p2b: Roserade|73\/100\n|move|p2b: Roserade|Dazzling Gleam|p1a: Rhyperior|[spread] p1a,p1b\n|-crit|p1a: Rhyperior\n|-supereffective|p1b: Pangoro\n|-damage|p1a: Rhyperior|47\/100\n|-damage|p1b: Pangoro|3\/100\n|\n|upkeep\n|turn|8\n|inactive|Mr.Shadowdusk has 270 seconds left.\n|\n|t:|1697511597\n|switch|p2a: Lucario|Lucario, F|100\/100\n|move|p1b: Pangoro|Drain Punch|p2b: Roserade\n|-resisted|p2b: Roserade\n|-damage|p2b: Roserade|42\/100\n|-heal|p1b: Pangoro|16\/100|[from] drain|[of] p2b: Roserade\n|move|p1a: Rhyperior|Ice Punch|p2b: Roserade\n|-supereffective|p2b: Roserade\n|-damage|p2b: Roserade|0 fnt\n|faint|p2b: Roserade\n|\n|-fieldend|move: Trick Room\n|upkeep\n|inactive|Mr.Shadowdusk has 240 seconds left.\n|\n|t:|1697511614\n|switch|p2b: Milotic|Milotic, F|100\/100\n|turn|9\n|\n|t:|1697511632\n|switch|p1b: Meowstic|Meowstic, M|50\/100\n|detailschange|p2a: Lucario|Lucario-Mega, F\n|-mega|p2a: Lucario|Lucario|Lucarionite\n|move|p2a: Lucario|Close Combat|p1b: Meowstic\n|-resisted|p1b: Meowstic\n|-damage|p1b: Meowstic|7\/100\n|-unboost|p2a: Lucario|def|1\n|-unboost|p2a: Lucario|spd|1\n|move|p2b: Milotic|Scald|p1a: Rhyperior\n|-supereffective|p1a: Rhyperior\n|-damage|p1a: Rhyperior|1\/100\n|move|p1a: Rhyperior|High Horsepower|p2a: Lucario\n|-supereffective|p2a: Lucario\n|-damage|p2a: Lucario|0 fnt\n|faint|p2a: Lucario\n|\n|-sideend|p1: Mykewea|move: Light Screen\n|upkeep\n|inactive|Mr.Shadowdusk has 240 seconds left.\n|\n|t:|1697511651\n|switch|p2a: Togekiss|Togekiss, F|50\/100\n|turn|10\n|\n|t:|1697511664\n|move|p1b: Meowstic|Light Screen|p1b: Meowstic\n|-sidestart|p1: Mykewea|move: Light Screen\n|move|p2a: Togekiss|Air Cutter|p1b: Meowstic|[spread] p1a,p1b\n|-resisted|p1a: Rhyperior\n|-damage|p1a: Rhyperior|0 fnt\n|-damage|p1b: Meowstic|0 fnt\n|faint|p1a: Rhyperior\n|faint|p1b: Meowstic\n|move|p2b: Milotic|Scald|p1: Rhyperior|[notarget]\n|-fail|p2b: Milotic\n|\n|-sideend|p1: Mykewea|Reflect\n|upkeep\n|\n|t:|1697511681\n|switch|p1b: Absol|Absol, F|100\/100\n|switch|p1a: Pangoro|Pangoro, F|16\/100\n|-ability|p1a: Pangoro|Mold Breaker\n|turn|11\n|\n|t:|1697511702\n|detailschange|p1b: Absol|Absol-Mega, F\n|-mega|p1b: Absol|Absol|Absolite\n|move|p1b: Absol|Swords Dance|p1b: Absol\n|-boost|p1b: Absol|atk|2\n|move|p2a: Togekiss|Air Cutter|p1b: Absol|[spread] p1a,p1b\n|-supereffective|p1a: Pangoro\n|-damage|p1a: Pangoro|0 fnt\n|-damage|p1b: Absol|83\/100\n|faint|p1a: Pangoro\n|move|p2b: Milotic|Scald|p1b: Absol\n|-damage|p1b: Absol|55\/100\n|\n|upkeep\n|\n|t:|1697511716\n|switch|p1a: Altaria|Altaria, F|100\/100\n|-ability|p1a: Altaria|Cloud Nine\n|turn|12\n|\n|t:|1697511727\n|move|p2a: Togekiss|Follow Me|p2a: Togekiss\n|-singleturn|p2a: Togekiss|move: Follow Me\n|move|p1b: Absol|Night Slash|p2a: Togekiss\n|-resisted|p2a: Togekiss\n|-damage|p2a: Togekiss|18\/100\n|move|p2b: Milotic|Haze|p2b: Milotic\n|-clearallboost\n|move|p1a: Altaria|Draco Meteor|p2a: Togekiss\n|-immune|p2a: Togekiss\n|\n|upkeep\n|turn|13\n|\n|t:|1697511748\n|move|p1a: Altaria|Protect|p1a: Altaria\n|-singleturn|p1a: Altaria|Protect\n|move|p2a: Togekiss|Follow Me|p2a: Togekiss\n|-singleturn|p2a: Togekiss|move: Follow Me\n|move|p1b: Absol|Swords Dance|p1b: Absol\n|-boost|p1b: Absol|atk|2\n|move|p2b: Milotic|Scald|p1b: Absol\n|-damage|p1b: Absol|28\/100\n|-status|p1b: Absol|brn\n|\n|-damage|p1b: Absol|22\/100 brn|[from] brn\n|upkeep\n|turn|14\n|\n|t:|1697511765\n|move|p2a: Togekiss|Follow Me|p2a: Togekiss\n|-singleturn|p2a: Togekiss|move: Follow Me\n|move|p1b: Absol|Quick Attack|p2a: Togekiss\n|-damage|p2a: Togekiss|5\/100\n|move|p2b: Milotic|Scald|p1b: Absol\n|-crit|p1b: Absol\n|-damage|p1b: Absol|0 fnt\n|faint|p1b: Absol\n|move|p1a: Altaria|Draco Meteor|p2a: Togekiss\n|-immune|p2a: Togekiss\n|\n|upkeep\n|turn|15\n|-message|Mykewea forfeited.\n|\n|win|Mr.Shadowdusk\n","uploadtime":1697511788,"views":16,"p1id":"mykewea","p2id":"mrshadowdusk","formatid":"gen9nationaldexdoubles","rating":0,"private":0,"password":""}