{"id":"gen9nationaldexdoubles-1990795735","p1":"Delreynan","p2":"AnimalJoker7068","format":"[Gen 9] National Dex Doubles","log":"|j|\u2606Delreynan\n|j|\u2606AnimalJoker7068\n|t:|1700001652\n|gametype|doubles\n|player|p1|Delreynan|cynthia-gen4|1000\n|player|p2|AnimalJoker7068|101|1085\n|teamsize|p1|6\n|teamsize|p2|6\n|gen|9\n|tier|[Gen 9] National Dex Doubles\n|rated|\n|rule|HP Percentage Mod: HP is shown in percentages\n|rule|Endless Battle Clause: Forcing endless battles is banned\n|rule|OHKO Clause: OHKO moves are banned\n|rule|Evasion Moves Clause: Evasion moves are banned\n|rule|Evasion Abilities Clause: Evasion abilities are banned\n|rule|Species Clause: Limit one of each Pok\u00e9mon\n|rule|Gravity Sleep Clause: The combination of sleep-inducing moves with imperfect accuracy and Gravity or Gigantamax Orbeetle are banned\n|clearpoke\n|poke|p1|Arbok, F|\n|poke|p1|Serperior, F|\n|poke|p1|Milotic, F|\n|poke|p1|Sandaconda, F|\n|poke|p1|Gyarados, F|\n|poke|p1|Seviper, M|\n|poke|p2|Talonflame, F|\n|poke|p2|Goodra-Hisui, M|\n|poke|p2|Darkrai|\n|poke|p2|Volcanion|\n|poke|p2|Dragonite, F|\n|poke|p2|Grimmsnarl, M|\n|teampreview\n|\n|t:|1700001667\n|start\n|switch|p1a: Gyarados|Gyarados, F|100\/100\n|switch|p1b: Arbok|Arbok, F|100\/100\n|switch|p2a: Grimmsnarl|Grimmsnarl, M|100\/100\n|switch|p2b: Darkrai|Darkrai|100\/100\n|-ability|p1b: Arbok|Intimidate|boost\n|-unboost|p2a: Grimmsnarl|atk|1\n|-unboost|p2b: Darkrai|atk|1\n|turn|1\n|\n|t:|1700001681\n|move|p2b: Darkrai|Hypnosis|p1a: Gyarados\n|-status|p1a: Gyarados|slp|[from] move: Hypnosis\n|cant|p1a: Gyarados|slp\n|move|p1b: Arbok|Coil|p1b: Arbok\n|-boost|p1b: Arbok|atk|1\n|-boost|p1b: Arbok|def|1\n|-boost|p1b: Arbok|accuracy|1\n|move|p2a: Grimmsnarl|Foul Play|p1b: Arbok\n|-damage|p1b: Arbok|21\/100\n|\n|-damage|p1a: Gyarados|88\/100 slp|[from] ability: Bad Dreams|[of] p2b: Darkrai\n|upkeep\n|turn|2\n|\n|t:|1700001717\n|switch|p1a: Sandaconda|Sandaconda, F|100\/100\n|move|p2b: Darkrai|Ice Beam|p1a: Sandaconda\n|-supereffective|p1a: Sandaconda\n|-damage|p1a: Sandaconda|10\/100\n|move|p1b: Arbok|Earthquake|p2b: Darkrai|[spread] p1a,p2a,p2b\n|-crit|p1a: Sandaconda\n|-damage|p1a: Sandaconda|0 fnt\n|-damage|p2a: Grimmsnarl|44\/100\n|-damage|p2b: Darkrai|50\/100\n|faint|p1a: Sandaconda\n|-damage|p1b: Arbok|11\/100|[from] item: Life Orb\n|move|p2a: Grimmsnarl|Foul Play|p1b: Arbok\n|-damage|p1b: Arbok|0 fnt\n|faint|p1b: Arbok\n|\n|upkeep\n|\n|t:|1700001744\n|switch|p1b: Milotic|Milotic, F|100\/100\n|switch|p1a: Serperior|Serperior, F, shiny|100\/100\n|turn|3\n|\n|t:|1700001763\n|move|p1a: Serperior|Leaf Storm|p2b: Darkrai\n|-damage|p2b: Darkrai|0 fnt\n|-boost|p1a: Serperior|spa|2\n|faint|p2b: Darkrai\n|move|p1b: Milotic|Scald|p2a: Grimmsnarl\n|-damage|p2a: Grimmsnarl|6\/100\n|-status|p2a: Grimmsnarl|brn\n|-enditem|p2a: Grimmsnarl|Aguav Berry|[eat]\n|-heal|p2a: Grimmsnarl|40\/100 brn|[from] item: Aguav Berry\n|move|p2a: Grimmsnarl|Foul Play|p1b: Milotic\n|-damage|p1b: Milotic|92\/100\n|\n|-heal|p1b: Milotic|98\/100|[from] item: Leftovers\n|-damage|p2a: Grimmsnarl|33\/100 brn|[from] brn\n|upkeep\n|\n|t:|1700001786\n|switch|p2b: Talonflame|Talonflame, F|100\/100\n|turn|4\n|inactive|Battle timer is ON: inactive players will automatically lose when time's up. (requested by Delreynan)\n|\n|t:|1700001798\n|-terastallize|p1a: Serperior|Dragon\n|move|p2a: Grimmsnarl|Bulk Up|p2a: Grimmsnarl\n|-boost|p2a: Grimmsnarl|atk|1\n|-boost|p2a: Grimmsnarl|def|1\n|move|p1a: Serperior|Leaf Storm|p2a: Grimmsnarl\n|-damage|p2a: Grimmsnarl|0 fnt\n|-boost|p1a: Serperior|spa|2\n|faint|p2a: Grimmsnarl\n|move|p2b: Talonflame|Brave Bird|p1a: Serperior\n|-damage|p1a: Serperior|42\/100\n|-damage|p2b: Talonflame|83\/100|[from] Recoil\n|move|p1b: Milotic|Scald|p2b: Talonflame\n|-supereffective|p2b: Talonflame\n|-damage|p2b: Talonflame|0 fnt\n|faint|p2b: Talonflame\n|\n|-heal|p1a: Serperior|49\/100|[from] item: Leftovers\n|-heal|p1b: Milotic|100\/100|[from] item: Leftovers\n|upkeep\n|\n|t:|1700001826\n|switch|p2b: Goodra|Goodra-Hisui, M|100\/100\n|switch|p2a: Dragonite|Dragonite, F|100\/100\n|turn|5\n|\n|t:|1700001839\n|move|p1a: Serperior|Leech Seed|p2b: Goodra\n|-ability|p2b: Goodra|Sap Sipper|boost\n|-boost|p2b: Goodra|atk|1\n|move|p2a: Dragonite|Draco Meteor|p1a: Serperior\n|-supereffective|p1a: Serperior\n|-damage|p1a: Serperior|0 fnt\n|-unboost|p2a: Dragonite|spa|2\n|faint|p1a: Serperior\n|move|p1b: Milotic|Ice Beam|p2a: Dragonite\n|-supereffective|p2a: Dragonite\n|-damage|p2a: Dragonite|8\/100\n|move|p2b: Goodra|Draco Meteor|p1b: Milotic\n|-damage|p1b: Milotic|64\/100\n|-unboost|p2b: Goodra|spa|2\n|\n|-heal|p1b: Milotic|70\/100|[from] item: Leftovers\n|upkeep\n|\n|t:|1700001860\n|switch|p1a: Seviper|Seviper, M|100\/100\n|turn|6\n|inactive|AnimalJoker7068 has 120 seconds left.\n|\n|t:|1700001908\n|-terastallize|p2b: Goodra|Steel\n|move|p1a: Seviper|Switcheroo|p2b: Goodra\n|-activate|p1a: Seviper|move: Trick|[of] p2b: Goodra\n|-item|p2b: Goodra|Choice Scarf|[from] move: Switcheroo\n|-item|p1a: Seviper|Aguav Berry|[from] move: Switcheroo\n|move|p2b: Goodra|Draco Meteor|p1a: Seviper\n|-damage|p1a: Seviper|56\/100\n|-unboost|p2b: Goodra|spa|2\n|move|p2a: Dragonite|Blizzard|p1a: Seviper|[spread] p1a,p1b\n|-resisted|p1b: Milotic\n|-damage|p1a: Seviper|40\/100\n|-damage|p1b: Milotic|66\/100\n|move|p1b: Milotic|Scald|p2a: Dragonite\n|-resisted|p2a: Dragonite\n|-damage|p2a: Dragonite|0 fnt\n|faint|p2a: Dragonite\n|\n|-heal|p1b: Milotic|72\/100|[from] item: Leftovers\n|upkeep\n|inactive|AnimalJoker7068 has 90 seconds left.\n|\n|t:|1700001935\n|switch|p2a: Volcanion|Volcanion|100\/100\n|turn|7\n|\n|t:|1700001952\n|move|p2b: Goodra|Draco Meteor|p1a: Seviper\n|-damage|p1a: Seviper|9\/100\n|-unboost|p2b: Goodra|spa|2\n|-enditem|p1a: Seviper|Aguav Berry|[eat]\n|-heal|p1a: Seviper|42\/100|[from] item: Aguav Berry\n|move|p1a: Seviper|Sludge Wave|p2a: Volcanion|[spread] p1b,p2a\n|-immune|p2b: Goodra\n|-damage|p1b: Milotic|51\/100\n|-damage|p2a: Volcanion|62\/100\n|move|p1b: Milotic|Toxic|p2a: Volcanion\n|-status|p2a: Volcanion|tox\n|move|p2a: Volcanion|Earth Power|p1a: Seviper\n|-supereffective|p1a: Seviper\n|-crit|p1a: Seviper\n|-damage|p1a: Seviper|0 fnt\n|faint|p1a: Seviper\n|\n|-heal|p1b: Milotic|57\/100|[from] item: Leftovers\n|-damage|p2a: Volcanion|56\/100 tox|[from] psn\n|upkeep\n|\n|t:|1700001965\n|switch|p1a: Gyarados|Gyarados, F|88\/100 slp\n|turn|8\n|inactive|AnimalJoker7068 has 120 seconds left.\n|\n|t:|1700001990\n|detailschange|p1a: Gyarados|Gyarados-Mega, F\n|-mega|p1a: Gyarados|Gyarados|Gyaradosite\n|-ability|p1a: Gyarados|Mold Breaker\n|-curestatus|p1a: Gyarados|slp|[msg]\n|move|p1a: Gyarados|Crunch|p2a: Volcanion\n|-damage|p2a: Volcanion|19\/100 tox\n|-unboost|p2a: Volcanion|def|1\n|-enditem|p2a: Volcanion|Aguav Berry|[eat]\n|-heal|p2a: Volcanion|52\/100 tox|[from] item: Aguav Berry\n|move|p2b: Goodra|Draco Meteor|p1a: Gyarados\n|-damage|p1a: Gyarados|78\/100\n|move|p1b: Milotic|Recover|p1b: Milotic\n|-heal|p1b: Milotic|100\/100\n|move|p2a: Volcanion|Earth Power|p1b: Milotic\n|-damage|p1b: Milotic|81\/100\n|\n|-heal|p1b: Milotic|87\/100|[from] item: Leftovers\n|-damage|p2a: Volcanion|40\/100 tox|[from] psn\n|upkeep\n|turn|9\n|inactive|AnimalJoker7068 has 120 seconds left.\n|\n|t:|1700002011\n|move|p1a: Gyarados|Dragon Dance|p1a: Gyarados\n|-boost|p1a: Gyarados|atk|1\n|-boost|p1a: Gyarados|spe|1\n|move|p2b: Goodra|Draco Meteor|p1a: Gyarados\n|-damage|p1a: Gyarados|68\/100\n|move|p1b: Milotic|Ice Beam|p2a: Volcanion\n|-resisted|p2a: Volcanion\n|-damage|p2a: Volcanion|33\/100 tox\n|move|p2a: Volcanion|Earthquake|p1a: Gyarados|[spread] p2b,p1a,p1b\n|-supereffective|p2b: Goodra\n|-damage|p2b: Goodra|60\/100\n|-damage|p1a: Gyarados|46\/100\n|-damage|p1b: Milotic|63\/100\n|\n|-heal|p1b: Milotic|69\/100|[from] item: Leftovers\n|-damage|p2a: Volcanion|15\/100 tox|[from] psn\n|upkeep\n|turn|10\n|inactive|AnimalJoker7068 has 120 seconds left.\n|\n|t:|1700002050\n|move|p1a: Gyarados|Waterfall|p2b: Goodra\n|-damage|p2b: Goodra|0 fnt\n|faint|p2b: Goodra\n|move|p1b: Milotic|Scald|p2a: Volcanion\n|-heal|p2a: Volcanion|40\/100 tox|[from] ability: Water Absorb|[of] p1b: Milotic\n|move|p2a: Volcanion|Earthquake|p1a: Gyarados|[spread] p1a,p1b\n|-damage|p1a: Gyarados|26\/100\n|-damage|p1b: Milotic|47\/100\n|\n|-heal|p1b: Milotic|53\/100|[from] item: Leftovers\n|-damage|p2a: Volcanion|16\/100 tox|[from] psn\n|upkeep\n|turn|11\n|inactive|AnimalJoker7068 has 120 seconds left.\n|\n|t:|1700002077\n|move|p1a: Gyarados|Crunch|p2a: Volcanion\n|-damage|p2a: Volcanion|0 fnt\n|faint|p2a: Volcanion\n|\n|win|Delreynan\n|raw|Delreynan's rating: 1000 &rarr; <strong>1047<\/strong><br \/>(+47 for winning)\n|raw|AnimalJoker7068's rating: 1057 &rarr; <strong>1035<\/strong><br \/>(-22 for losing)\n","uploadtime":1700002082,"views":4,"p1id":"delreynan","p2id":"animaljoker7068","formatid":"gen9nationaldexdoubles","rating":1035,"private":0,"password":""}