{"id":"gen9nationaldexdoubles-1997841163","p1":"xephos223","p2":"Holfrost","format":"[Gen 9] National Dex Doubles","log":"|j|\u2606xephos223\n|j|\u2606Holfrost\n|t:|1700858536\n|gametype|doubles\n|player|p1|xephos223|gambler|\n|player|p2|Holfrost|ghetsis|\n|teamsize|p1|6\n|teamsize|p2|6\n|gen|9\n|tier|[Gen 9] National Dex Doubles\n|rule|HP Percentage Mod: HP is shown in percentages\n|rule|Endless Battle Clause: Forcing endless battles is banned\n|rule|OHKO Clause: OHKO moves are banned\n|rule|Evasion Moves Clause: Evasion moves are banned\n|rule|Evasion Abilities Clause: Evasion abilities are banned\n|rule|Species Clause: Limit one of each Pok\u00e9mon\n|rule|Gravity Sleep Clause: The combination of sleep-inducing moves with imperfect accuracy and Gravity or Gigantamax Orbeetle are banned\n|clearpoke\n|poke|p1|Gallade, M|\n|poke|p1|Hoopa-Unbound|\n|poke|p1|Tyranitar, F|\n|poke|p1|Lycanroc-Dusk, F|\n|poke|p1|Iron Jugulis|\n|poke|p1|Gliscor, M|\n|poke|p2|Alakazam, M|\n|poke|p2|Buzzwole|\n|poke|p2|Rhyperior, M|\n|poke|p2|Articuno-Galar|\n|poke|p2|Tyranitar, M|\n|poke|p2|Houndstone, M|\n|teampreview\n|\n|t:|1700858561\n|start\n|switch|p1a: :(|Tyranitar, F|100\/100\n|switch|p1b: Clamper|Gliscor, M|100\/100\n|switch|p2a: In Nomine|Alakazam, M|100\/100\n|switch|p2b: Patris|Buzzwole|100\/100\n|-weather|Sandstorm|[from] ability: Sand Stream|[of] p1a: :(\n|turn|1\n|\n|t:|1700858591\n|detailschange|p1a: :(|Tyranitar-Mega, F\n|-mega|p1a: :(|Tyranitar|Tyranitarite\n|move|p1a: :(|Protect|p1a: :(\n|-singleturn|p1a: :(|Protect\n|move|p2a: In Nomine|Nasty Plot|p2a: In Nomine\n|-boost|p2a: In Nomine|spa|2\n|move|p1b: Clamper|Toxic|p2b: Patris\n|-status|p2b: Patris|tox\n|move|p2b: Patris|Ice Punch|p1b: Clamper\n|-supereffective|p1b: Clamper\n|-damage|p1b: Clamper|43\/100\n|\n|-weather|Sandstorm|[upkeep]\n|-damage|p2b: Patris|94\/100 tox|[from] Sandstorm\n|-damage|p2b: Patris|88\/100 tox|[from] psn\n|-status|p1b: Clamper|tox|[from] item: Toxic Orb\n|upkeep\n|turn|2\n|\n|t:|1700858616\n|move|p2a: In Nomine|Focus Blast|p1a: :(\n|-supereffective|p1a: :(\n|-crit|p1a: :(\n|-damage|p1a: :(|0 fnt\n|faint|p1a: :(\n|move|p1b: Clamper|Toxic|p2a: In Nomine\n|-status|p2a: In Nomine|tox\n|move|p2b: Patris|Close Combat|p1b: Clamper\n|-resisted|p1b: Clamper\n|-damage|p1b: Clamper|24\/100 tox\n|-unboost|p2b: Patris|def|1\n|-unboost|p2b: Patris|spd|1\n|\n|-weather|Sandstorm|[upkeep]\n|-damage|p2b: Patris|82\/100 tox|[from] Sandstorm\n|-heal|p1b: Clamper|37\/100 tox|[from] ability: Poison Heal\n|-damage|p2b: Patris|69\/100 tox|[from] psn\n|upkeep\n|\n|t:|1700858633\n|switch|p1a: Iron Jugulis|Iron Jugulis|100\/100\n|-enditem|p1a: Iron Jugulis|Booster Energy\n|-activate|p1a: Iron Jugulis|ability: Quark Drive|[fromitem]\n|-start|p1a: Iron Jugulis|quarkdrivespe\n|turn|3\n|\n|t:|1700858657\n|-terastallize|p1a: Iron Jugulis|Fire\n|move|p1b: Clamper|Protect|p1b: Clamper\n|-singleturn|p1b: Clamper|Protect\n|move|p1a: Iron Jugulis|Air Slash|p2b: Patris\n|-supereffective|p2b: Patris\n|-damage|p2b: Patris|0 fnt\n|faint|p2b: Patris\n|move|p2a: In Nomine|Psychic|p1b: Clamper\n|-activate|p1b: Clamper|move: Protect\n|\n|-weather|Sandstorm|[upkeep]\n|-damage|p1a: Iron Jugulis|94\/100|[from] Sandstorm\n|-heal|p1b: Clamper|49\/100 tox|[from] ability: Poison Heal\n|upkeep\n|\n|t:|1700858673\n|switch|p2b: Et Spiritus|Articuno-Galar|100\/100\n|turn|4\n|\n|t:|1700858712\n|move|p1a: Iron Jugulis|Dark Pulse|p2a: In Nomine\n|-supereffective|p2a: In Nomine\n|-damage|p2a: In Nomine|0 fnt\n|faint|p2a: In Nomine\n|-zpower|p2b: Et Spiritus\n|move|p2b: Et Spiritus|Supersonic Skystrike|p1b: Clamper|[zeffect]\n|-damage|p1b: Clamper|0 fnt\n|faint|p1b: Clamper\n|\n|-weather|Sandstorm|[upkeep]\n|-damage|p1a: Iron Jugulis|88\/100|[from] Sandstorm\n|-damage|p2b: Et Spiritus|94\/100|[from] Sandstorm\n|upkeep\n|\n|t:|1700858731\n|switch|p2a: Et Filii|Rhyperior, M|100\/100\n|switch|p1b: My Boy|Gallade, M|100\/100\n|turn|5\n|\n|t:|1700858750\n|move|p1a: Iron Jugulis|Dark Pulse|p2b: Et Spiritus\n|-supereffective|p2b: Et Spiritus\n|-damage|p2b: Et Spiritus|6\/100\n|move|p2b: Et Spiritus|Freezing Glare|p1b: My Boy\n|-damage|p1b: My Boy|47\/100\n|move|p1b: My Boy|Leaf Blade|p2a: Et Filii\n|-supereffective|p2a: Et Filii\n|-damage|p2a: Et Filii|0 fnt\n|faint|p2a: Et Filii\n|\n|-weather|none\n|upkeep\n|\n|t:|1700858763\n|switch|p2a: Sancti|Tyranitar, M|100\/100\n|-weather|Sandstorm|[from] ability: Sand Stream|[of] p2a: Sancti\n|turn|6\n|\n|t:|1700858776\n|detailschange|p2a: Sancti|Tyranitar-Mega, M\n|-mega|p2a: Sancti|Tyranitar|Tyranitarite\n|move|p1a: Iron Jugulis|Dark Pulse|p2b: Et Spiritus\n|-supereffective|p2b: Et Spiritus\n|-damage|p2b: Et Spiritus|0 fnt\n|faint|p2b: Et Spiritus\n|move|p1b: My Boy|Leaf Blade|p2a: Sancti\n|-supereffective|p2a: Sancti\n|-crit|p2a: Sancti\n|-damage|p2a: Sancti|0 fnt\n|faint|p2a: Sancti\n|\n|-weather|Sandstorm|[upkeep]\n|-damage|p1a: Iron Jugulis|82\/100|[from] Sandstorm\n|-damage|p1b: My Boy|41\/100|[from] Sandstorm\n|upkeep\n|\n|t:|1700858792\n|switch|p2b: A M E N|Houndstone, M|100\/100\n|turn|7\n|\n|t:|1700858803\n|-terastallize|p2b: A M E N|Ghost\n|move|p1a: Iron Jugulis|Dark Pulse|p2b: A M E N\n|-supereffective|p2b: A M E N\n|-damage|p2b: A M E N|11\/100\n|move|p2b: A M E N|Last Respects|p1b: My Boy\n|-supereffective|p1b: My Boy\n|-damage|p1b: My Boy|0 fnt\n|faint|p1b: My Boy\n|\n|-weather|Sandstorm|[upkeep]\n|-damage|p1a: Iron Jugulis|76\/100|[from] Sandstorm\n|upkeep\n|\n|t:|1700858814\n|switch|p1b: Dog|Lycanroc-Dusk, F|100\/100\n|turn|8\n|\n|t:|1700858822\n|move|p1a: Iron Jugulis|Dark Pulse|p2b: A M E N\n|-supereffective|p2b: A M E N\n|-damage|p2b: A M E N|0 fnt\n|faint|p2b: A M E N\n|\n|win|xephos223\n","uploadtime":1700858834,"views":2,"p1id":"xephos223","p2id":"holfrost","formatid":"gen9nationaldexdoubles","rating":0,"private":0,"password":""}