{"id":"gen9nationaldexdoubles-1979518100","p1":"Leef368","p2":"lxvliiz","format":"[Gen 9] National Dex Doubles","log":"|j|\u2606Leef368\n|j|\u2606lxvliiz\n|t:|1698688988\n|gametype|doubles\n|player|p1|Leef368|hilbert|1000\n|player|p2|lxvliiz|1|1000\n|teamsize|p1|6\n|teamsize|p2|6\n|gen|9\n|tier|[Gen 9] National Dex Doubles\n|rated|\n|rule|HP Percentage Mod: HP is shown in percentages\n|rule|Endless Battle Clause: Forcing endless battles is banned\n|rule|OHKO Clause: OHKO moves are banned\n|rule|Evasion Moves Clause: Evasion moves are banned\n|rule|Evasion Abilities Clause: Evasion abilities are banned\n|rule|Species Clause: Limit one of each Pok\u00e9mon\n|rule|Gravity Sleep Clause: The combination of sleep-inducing moves with imperfect accuracy and Gravity or Gigantamax Orbeetle are banned\n|clearpoke\n|poke|p1|Sceptile, M|\n|poke|p1|Corviknight, F|\n|poke|p1|Sandaconda, M|\n|poke|p1|Archeops, F|\n|poke|p1|Crawdaunt, F|\n|poke|p1|Chandelure, M|\n|poke|p2|Volcarona, F|\n|poke|p2|Eevee, F|\n|poke|p2|Hawlucha, M|\n|poke|p2|Tapu Koko|\n|poke|p2|Cyclizar, M|\n|poke|p2|Kartana|\n|teampreview\n|\n|t:|1698688997\n|start\n|switch|p1a: Sandaconda|Sandaconda, M|100\/100\n|switch|p1b: Archeops|Archeops, F|100\/100\n|switch|p2a: Volcarona|Volcarona, F|100\/100\n|switch|p2b: Eevee|Eevee, F|100\/100\n|-ability|p2b: Eevee|Anticipation\n|turn|1\n|\n|t:|1698689013\n|move|p2a: Volcarona|Rage Powder|p2a: Volcarona\n|-singleturn|p2a: Volcarona|move: Rage Powder\n|move|p1b: Archeops|Stealth Rock|p2a: Volcarona\n|-sidestart|p2: lxvliiz|move: Stealth Rock\n|-zpower|p2b: Eevee\n|move|p2b: Eevee|Extreme Evoboost|p2b: Eevee\n|-boost|p2b: Eevee|atk|2\n|-boost|p2b: Eevee|def|2\n|-boost|p2b: Eevee|spa|2\n|-boost|p2b: Eevee|spd|2\n|-boost|p2b: Eevee|spe|2\n|move|p1a: Sandaconda|Sandstorm|p1a: Sandaconda\n|-weather|Sandstorm\n|\n|-weather|Sandstorm|[upkeep]\n|-damage|p2b: Eevee|95\/100|[from] Sandstorm\n|-damage|p2a: Volcarona|94\/100|[from] Sandstorm\n|upkeep\n|turn|2\n|\n|t:|1698689036\n|move|p2a: Volcarona|Rage Powder|p2a: Volcarona\n|-singleturn|p2a: Volcarona|move: Rage Powder\n|move|p2b: Eevee|Baton Pass|p2b: Eevee\n|\n|t:|1698689043\n|switch|p2b: Hawlucha|Hawlucha, M|100\/100|[from] Baton Pass\n|-damage|p2b: Hawlucha|88\/100|[from] Stealth Rock\n|move|p1b: Archeops|Earth Power|p2a: Volcarona\n|-damage|p2a: Volcarona|79\/100\n|move|p1a: Sandaconda|Earthquake|p2a: Volcarona|[spread] p2a\n|-immune|p1b: Archeops\n|-immune|p2b: Hawlucha\n|-damage|p2a: Volcarona|32\/100\n|\n|-weather|Sandstorm|[upkeep]\n|-damage|p2b: Hawlucha|82\/100|[from] Sandstorm\n|-damage|p2a: Volcarona|26\/100|[from] Sandstorm\n|upkeep\n|turn|3\n|\n|t:|1698689084\n|switch|p2a: Tapu Koko|Tapu Koko|100\/100\n|-damage|p2a: Tapu Koko|88\/100|[from] Stealth Rock\n|-fieldstart|move: Electric Terrain|[from] ability: Electric Surge|[of] p2a: Tapu Koko\n|-enditem|p2b: Hawlucha|Electric Seed\n|-boost|p2b: Hawlucha|def|1|[from] item: Electric Seed\n|move|p2b: Hawlucha|Close Combat|p1a: Sandaconda\n|-crit|p1a: Sandaconda\n|-enditem|p1a: Sandaconda|Focus Sash\n|-damage|p1a: Sandaconda|1\/100\n|-unboost|p2b: Hawlucha|def|1\n|-unboost|p2b: Hawlucha|spd|1\n|move|p1b: Archeops|Earth Power|p2b: Hawlucha\n|-immune|p2b: Hawlucha\n|move|p1a: Sandaconda|Earthquake|p2a: Tapu Koko|[spread] p2a\n|-immune|p1b: Archeops\n|-immune|p2b: Hawlucha\n|-supereffective|p2a: Tapu Koko\n|-damage|p2a: Tapu Koko|0 fnt\n|faint|p2a: Tapu Koko\n|\n|-weather|Sandstorm|[upkeep]\n|-damage|p2b: Hawlucha|76\/100|[from] Sandstorm\n|upkeep\n|\n|t:|1698689094\n|switch|p2a: Kartana|Kartana|100\/100\n|-damage|p2a: Kartana|94\/100|[from] Stealth Rock\n|turn|4\n|\n|t:|1698689121\n|switch|p1b: Chandelure|Chandelure, M, shiny|100\/100\n|move|p2b: Hawlucha|Acrobatics|p1b: Chandelure\n|-damage|p1b: Chandelure|0 fnt\n|faint|p1b: Chandelure\n|move|p2a: Kartana|Leaf Blade|p1a: Sandaconda\n|-supereffective|p1a: Sandaconda\n|-damage|p1a: Sandaconda|0 fnt\n|faint|p1a: Sandaconda\n|-ability|p2a: Kartana|Beast Boost|boost\n|-boost|p2a: Kartana|atk|1\n|\n|-weather|Sandstorm|[upkeep]\n|-damage|p2b: Hawlucha|70\/100|[from] Sandstorm\n|upkeep\n|\n|t:|1698689144\n|switch|p1b: Archeops|Archeops, F|100\/100\n|switch|p1a: Corviknight|Corviknight, F|100\/100\n|-ability|p1a: Corviknight|Pressure\n|turn|5\n|\n|t:|1698689160\n|move|p2b: Hawlucha|Acrobatics|p1b: Archeops\n|-resisted|p1b: Archeops\n|-damage|p1b: Archeops|16\/100\n|move|p1b: Archeops|Facade|p2b: Hawlucha\n|-damage|p2b: Hawlucha|60\/100\n|move|p2a: Kartana|Knock Off|p1a: Corviknight\n|-damage|p1a: Corviknight|47\/100\n|-enditem|p1a: Corviknight|Leftovers|[from] move: Knock Off|[of] p2a: Kartana\n|move|p1a: Corviknight|Drill Peck|p2a: Kartana\n|-damage|p2a: Kartana|59\/100\n|\n|-weather|none\n|upkeep\n|turn|6\n|\n|t:|1698689182\n|move|p2b: Hawlucha|Acrobatics|p1b: Archeops\n|-resisted|p1b: Archeops\n|-damage|p1b: Archeops|0 fnt\n|faint|p1b: Archeops\n|move|p2a: Kartana|Leaf Blade|p1a: Corviknight\n|-resisted|p1a: Corviknight\n|-damage|p1a: Corviknight|26\/100\n|move|p1a: Corviknight|Agility|p1a: Corviknight\n|-boost|p1a: Corviknight|spe|2\n|\n|upkeep\n|\n|t:|1698689196\n|switch|p1b: Sceptile|Sceptile, M, shiny|100\/100\n|turn|7\n|\n|t:|1698689208\n|move|p2b: Hawlucha|Acrobatics|p1b: Sceptile\n|-supereffective|p1b: Sceptile\n|-damage|p1b: Sceptile|0 fnt\n|faint|p1b: Sceptile\n|move|p1a: Corviknight|Drill Peck|p2a: Kartana\n|-damage|p2a: Kartana|24\/100\n|move|p2a: Kartana|Sacred Sword|p1a: Corviknight\n|-damage|p1a: Corviknight|0 fnt\n|faint|p1a: Corviknight\n|-ability|p2a: Kartana|Beast Boost|boost\n|-boost|p2a: Kartana|atk|1\n|\n|-fieldend|move: Electric Terrain\n|upkeep\n|\n|t:|1698689223\n|switch|p1b: Crawdaunt|Crawdaunt, F|100\/100\n|turn|8\n|\n|t:|1698689230\n|move|p2b: Hawlucha|Acrobatics|p1b: Crawdaunt\n|-damage|p1b: Crawdaunt|0 fnt\n|faint|p1b: Crawdaunt\n|\n|win|lxvliiz\n|raw|Leef368's rating: 1000 &rarr; <strong>1000<\/strong><br \/>(+0 for losing)\n|raw|lxvliiz's rating: 1000 &rarr; <strong>1040<\/strong><br \/>(+40 for winning)\n|l|\u2606Leef368\n|c|\u2606lxvliiz|gg\n","uploadtime":1698689244,"views":5,"p1id":"leef368","p2id":"lxvliiz","formatid":"gen9nationaldexdoubles","rating":1000,"private":0,"password":""}