{"id":"gen9nationaldexdoubles-1971447510","p1":"Wings2Fly","p2":"Yihwach","format":"[Gen 9] National Dex Doubles","log":"|j|\u2606Wings2Fly\n|j|\u2606Yihwach\n|t:|1697739226\n|gametype|doubles\n|player|p1|Wings2Fly|roxanne|1000\n|player|p2|Yihwach|darach-caitlin|1082\n|teamsize|p1|6\n|teamsize|p2|6\n|gen|9\n|tier|[Gen 9] National Dex Doubles\n|rated|\n|rule|HP Percentage Mod: HP is shown in percentages\n|rule|Endless Battle Clause: Forcing endless battles is banned\n|rule|OHKO Clause: OHKO moves are banned\n|rule|Evasion Moves Clause: Evasion moves are banned\n|rule|Evasion Abilities Clause: Evasion abilities are banned\n|rule|Species Clause: Limit one of each Pok\u00e9mon\n|rule|Gravity Sleep Clause: The combination of sleep-inducing moves with imperfect accuracy and Gravity or Gigantamax Orbeetle are banned\n|clearpoke\n|poke|p1|Torkoal, F|\n|poke|p1|Lilligant-Hisui, F|\n|poke|p1|Indeedee-F, F|\n|poke|p1|Volcarona, M|\n|poke|p1|Oricorio-Pom-Pom, M|\n|poke|p1|Ogerpon-Wellspring, F|\n|poke|p2|Empoleon, M|\n|poke|p2|Cherrim, F|\n|poke|p2|Charizard, M|\n|poke|p2|Staraptor, M|\n|poke|p2|Luxray, M|\n|poke|p2|Garchomp, M|\n|teampreview\n|\n|t:|1697739244\n|start\n|switch|p1a: F is for friend|Indeedee-F, F|100\/100\n|switch|p1b: :pensive:|Ogerpon-Wellspring, F|100\/100\n|switch|p2a: Cherrim|Cherrim, F|100\/100\n|switch|p2b: Charizard|Charizard, M|100\/100\n|-fieldstart|move: Psychic Terrain|[from] ability: Psychic Surge|[of] p1a: F is for friend\n|-enditem|p1a: F is for friend|Psychic Seed\n|-boost|p1a: F is for friend|spd|1|[from] item: Psychic Seed\n|turn|1\n|\n|t:|1697739261\n|-terastallize|p1b: :pensive:|Water\n|detailschange|p1b: :pensive:|Ogerpon-Wellspring-Tera, F, tera:Water\n|-ability|p1b: :pensive:|Embody Aspect (Wellspring)|boost\n|-boost|p1b: :pensive:|spd|1\n|move|p2b: Charizard|Protect|p2b: Charizard\n|-singleturn|p2b: Charizard|Protect\n|move|p1a: F is for friend|Follow Me|p1a: F is for friend\n|-singleturn|p1a: F is for friend|move: Follow Me\n|move|p1b: :pensive:|Ivy Cudgel|p2b: Charizard\n|-activate|p2b: Charizard|move: Protect\n|move|p2a: Cherrim|Sunny Day|p2a: Cherrim\n|-weather|SunnyDay\n|-formechange|p2a: Cherrim|Cherrim-Sunshine|[msg]|[from] ability: Flower Gift\n|\n|-weather|SunnyDay|[upkeep]\n|upkeep\n|turn|2\n|inactive|Battle timer is ON: inactive players will automatically lose when time's up. (requested by Wings2Fly)\n|\n|t:|1697739339\n|move|p1b: :pensive:|U-turn|p2a: Cherrim\n|-supereffective|p2a: Cherrim\n|-damage|p2a: Cherrim|16\/100\n|\n|t:|1697739345\n|switch|p1b: Rona|Volcarona, M|100\/100|[from] U-turn\n|move|p2b: Charizard|Heat Wave|p1a: F is for friend|[spread] p1a,p1b\n|-damage|p1a: F is for friend|68\/100\n|-damage|p1b: Rona|50\/100\n|move|p2a: Cherrim|Solar Blade||[still]\n|-prepare|p2a: Cherrim|Solar Blade\n|-anim|p2a: Cherrim|Solar Blade|p1b: Rona\n|-resisted|p1b: Rona\n|-damage|p1b: Rona|29\/100\n|move|p1a: F is for friend|Psychic|p2b: Charizard\n|-damage|p2b: Charizard|64\/100\n|\n|-weather|SunnyDay|[upkeep]\n|-heal|p1b: Rona|35\/100|[from] item: Leftovers\n|upkeep\n|turn|3\n|inactive|Wings2Fly has 120 seconds left.\n|\n|t:|1697739387\n|move|p1a: F is for friend|Follow Me|p1a: F is for friend\n|-singleturn|p1a: F is for friend|move: Follow Me\n|move|p2b: Charizard|Heat Wave|p1b: Rona|[spread] p1a,p1b\n|-damage|p1a: F is for friend|36\/100\n|-damage|p1b: Rona|0 fnt\n|faint|p1b: Rona\n|move|p2a: Cherrim|Solar Blade||[still]\n|-prepare|p2a: Cherrim|Solar Blade\n|-anim|p2a: Cherrim|Solar Blade|p1a: F is for friend\n|-damage|p1a: F is for friend|0 fnt\n|faint|p1a: F is for friend\n|\n|-weather|SunnyDay|[upkeep]\n|upkeep\n|\n|t:|1697739396\n|switch|p1b: The Hibiscus|Lilligant-Hisui, F|100\/100\n|switch|p1a: :pensive:|Ogerpon-Wellspring-Tera, F, tera:Water|100\/100\n|-ability|p1a: :pensive:|Embody Aspect (Wellspring)|boost\n|-boost|p1a: :pensive:|spd|1\n|turn|4\n|inactive|Yihwach has 120 seconds left.\n|\n|t:|1697739439\n|move|p1b: The Hibiscus|Close Combat|p2a: Cherrim\n|-damage|p2a: Cherrim|0 fnt\n|-unboost|p1b: The Hibiscus|def|1\n|-unboost|p1b: The Hibiscus|spd|1\n|faint|p2a: Cherrim\n|move|p1a: :pensive:|Ivy Cudgel|p2b: Charizard\n|-supereffective|p2b: Charizard\n|-damage|p2b: Charizard|0 fnt\n|faint|p2b: Charizard\n|\n|-weather|SunnyDay|[upkeep]\n|upkeep\n|\n|t:|1697739450\n|switch|p2b: Garchomp|Garchomp, M|100\/100\n|switch|p2a: Staraptor|Staraptor, M|100\/100\n|-ability|p2a: Staraptor|Intimidate|boost\n|-unboost|p1a: :pensive:|atk|1\n|-unboost|p1b: The Hibiscus|atk|1\n|turn|5\n|\n|t:|1697739463\n|switch|p1b: Yellowstone|Torkoal, F, shiny|100\/100\n|move|p1a: :pensive:|Spiky Shield|p1a: :pensive:\n|-singleturn|p1a: :pensive:|move: Protect\n|move|p2a: Staraptor|Brave Bird|p1b: Yellowstone\n|-damage|p1b: Yellowstone|60\/100\n|-damage|p2a: Staraptor|88\/100|[from] Recoil\n|move|p2b: Garchomp|Swords Dance|p2b: Garchomp\n|-boost|p2b: Garchomp|atk|2\n|\n|-weather|SunnyDay|[upkeep]\n|-fieldend|move: Psychic Terrain\n|upkeep\n|turn|6\n|inactive|Yihwach has 120 seconds left.\n|\n|t:|1697739502\n|move|p2a: Staraptor|Brave Bird|p1a: :pensive:\n|-damage|p1a: :pensive:|39\/100\n|-damage|p2a: Staraptor|72\/100|[from] Recoil\n|move|p1a: :pensive:|Ivy Cudgel|p2b: Garchomp\n|-damage|p2b: Garchomp|73\/100\n|move|p2b: Garchomp|Scale Shot|p1a: :pensive:\n|-damage|p1a: :pensive:|3\/100\n|-damage|p1a: :pensive:|0 fnt\n|faint|p1a: :pensive:\n|-hitcount|p1: :pensive:|2\n|-unboost|p2b: Garchomp|def|1\n|-boost|p2b: Garchomp|spe|1\n|move|p1b: Yellowstone|Will-O-Wisp|p2a: Staraptor\n|-status|p2a: Staraptor|brn\n|\n|-weather|SunnyDay|[upkeep]\n|-damage|p2a: Staraptor|66\/100 brn|[from] brn\n|upkeep\n|\n|t:|1697739515\n|switch|p1a: The Hibiscus|Lilligant-Hisui, F|100\/100\n|turn|7\n|\n|t:|1697739541\n|switch|p2a: Empoleon|Empoleon, M|100\/100\n|move|p1a: The Hibiscus|Protect|p1a: The Hibiscus\n|-singleturn|p1a: The Hibiscus|Protect\n|move|p2b: Garchomp|Scale Shot|p1b: Yellowstone\n|-damage|p1b: Yellowstone|41\/100\n|-damage|p1b: Yellowstone|20\/100\n|-damage|p1b: Yellowstone|0 fnt\n|faint|p1b: Yellowstone\n|-hitcount|p1: Yellowstone|3\n|-unboost|p2b: Garchomp|def|1\n|-boost|p2b: Garchomp|spe|1\n|\n|-weather|SunnyDay|[upkeep]\n|upkeep\n|\n|t:|1697739550\n|switch|p1b: Go Team!|Oricorio-Pom-Pom, M|100\/100\n|turn|8\n|\n|t:|1697739561\n|switch|p2a: Staraptor|Staraptor, M|66\/100 brn\n|-ability|p2a: Staraptor|Intimidate|boost\n|-unboost|p1a: The Hibiscus|atk|1\n|-unboost|p1b: Go Team!|atk|1\n|move|p2b: Garchomp|Scale Shot|p1a: The Hibiscus|[miss]\n|-miss|p2b: Garchomp|p1a: The Hibiscus\n|move|p1a: The Hibiscus|Victory Dance|p1a: The Hibiscus\n|-boost|p1a: The Hibiscus|atk|1\n|-boost|p1a: The Hibiscus|def|1\n|-boost|p1a: The Hibiscus|spe|1\n|-activate|p1b: Go Team!|ability: Dancer\n|move|p1b: Go Team!|Victory Dance|p1b: Go Team!|[from]ability: Dancer\n|-boost|p1b: Go Team!|atk|1\n|-boost|p1b: Go Team!|def|1\n|-boost|p1b: Go Team!|spe|1\n|move|p1b: Go Team!|Substitute|p1b: Go Team!\n|-start|p1b: Go Team!|Substitute\n|-damage|p1b: Go Team!|76\/100\n|\n|-weather|none\n|-damage|p2a: Staraptor|60\/100 brn|[from] brn\n|upkeep\n|turn|9\n|\n|t:|1697739576\n|move|p2b: Garchomp|Scale Shot|p1b: Go Team!|[miss]\n|-miss|p2b: Garchomp|p1b: Go Team!\n|move|p1b: Go Team!|Revelation Dance|p2a: Staraptor\n|-supereffective|p2a: Staraptor\n|-damage|p2a: Staraptor|0 fnt\n|faint|p2a: Staraptor\n|move|p1a: The Hibiscus|Victory Dance|p1a: The Hibiscus\n|-boost|p1a: The Hibiscus|atk|1\n|-boost|p1a: The Hibiscus|def|1\n|-boost|p1a: The Hibiscus|spe|1\n|-activate|p1b: Go Team!|ability: Dancer\n|move|p1b: Go Team!|Victory Dance|p1b: Go Team!|[from]ability: Dancer\n|-boost|p1b: Go Team!|atk|1\n|-boost|p1b: Go Team!|def|1\n|-boost|p1b: Go Team!|spe|1\n|\n|upkeep\n|inactive|Yihwach has 120 seconds left.\n|-message|Yihwach forfeited.\n|\n|win|Wings2Fly\n|raw|Wings2Fly's rating: 1000 &rarr; <strong>1046<\/strong><br \/>(+46 for winning)\n|raw|Yihwach's rating: 1056 &rarr; <strong>1035<\/strong><br \/>(-21 for losing)\n|l|\u2606Yihwach\n","uploadtime":1697739635,"views":8,"p1id":"wings2fly","p2id":"yihwach","formatid":"gen9nationaldexdoubles","rating":1035,"private":0,"password":""}