{"id":"gen9nationaldexdoubles-1961970798","p1":"cediedesu","p2":"Gumbus wumbus","format":"[Gen 9] National Dex Doubles","log":"|j|\u2606cediedesu\n|j|\u2606Gumbus wumbus\n|t:|1696694279\n|gametype|doubles\n|player|p1|cediedesu|veteran|\n|player|p2|Gumbus wumbus|clown|\n|teamsize|p1|6\n|teamsize|p2|6\n|gen|9\n|tier|[Gen 9] National Dex Doubles\n|rule|HP Percentage Mod: HP is shown in percentages\n|rule|Endless Battle Clause: Forcing endless battles is banned\n|rule|OHKO Clause: OHKO moves are banned\n|rule|Evasion Moves Clause: Evasion moves are banned\n|rule|Evasion Abilities Clause: Evasion abilities are banned\n|rule|Species Clause: Limit one of each Pok\u00e9mon\n|rule|Gravity Sleep Clause: The combination of sleep-inducing moves with imperfect accuracy and Gravity or Gigantamax Orbeetle are banned\n|clearpoke\n|poke|p1|Roaring Moon|\n|poke|p1|Dragalge, M|\n|poke|p1|Haxorus, F|\n|poke|p1|Dracovish|\n|poke|p1|Tatsugiri-Stretchy, F|\n|poke|p1|Garchomp, F|\n|poke|p2|Stoutland, M|\n|poke|p2|Clawitzer, F|\n|poke|p2|Cryogonal|\n|poke|p2|Arcanine, M|\n|poke|p2|Garganacl, F|\n|poke|p2|Dachsbun, M|\n|teampreview\n|inactive|Battle timer is ON: inactive players will automatically lose when time's up. (requested by cediedesu)\n|\n|t:|1696694302\n|start\n|switch|p1a: Roaring Moon|Roaring Moon|100\/100\n|switch|p1b: Dragalge|Dragalge, M|100\/100\n|switch|p2a: Only|Arcanine, M, shiny|100\/100\n|switch|p2b: Unique|Cryogonal, shiny|100\/100\n|-ability|p2a: Only|Intimidate|boost\n|-unboost|p1a: Roaring Moon|atk|1\n|-unboost|p1b: Dragalge|atk|1\n|-enditem|p1a: Roaring Moon|Booster Energy\n|-activate|p1a: Roaring Moon|ability: Protosynthesis|[fromitem]\n|-start|p1a: Roaring Moon|protosynthesisspe\n|turn|1\n|\n|t:|1696694331\n|move|p1a: Roaring Moon|Tailwind|p1a: Roaring Moon\n|-sidestart|p1: cediedesu|move: Tailwind\n|move|p2b: Unique|Freeze-Dry|p1a: Roaring Moon\n|-supereffective|p1a: Roaring Moon\n|-damage|p1a: Roaring Moon|46\/100\n|-status|p1a: Roaring Moon|frz\n|move|p2a: Only|Scorching Sands|p1b: Dragalge\n|-supereffective|p1b: Dragalge\n|-damage|p1b: Dragalge|79\/100\n|move|p1b: Dragalge|Toxic Spikes|p2b: Unique\n|-sidestart|p2: Gumbus wumbus|move: Toxic Spikes\n|\n|-heal|p1b: Dragalge|85\/100|[from] item: Black Sludge\n|upkeep\n|turn|2\n|inactive|Gumbus wumbus has 270 seconds left.\n|\n|t:|1696694367\n|-curestatus|p1a: Roaring Moon|frz|[msg]\n|move|p1a: Roaring Moon|Acrobatics|p2b: Unique\n|-damage|p2b: Unique|54\/100\n|move|p2b: Unique|Freeze-Dry|p1b: Dragalge\n|-supereffective|p1b: Dragalge\n|-damage|p1b: Dragalge|43\/100\n|move|p2a: Only|Heat Crash|p1b: Dragalge\n|-resisted|p1b: Dragalge\n|-damage|p1b: Dragalge|33\/100\n|-status|p2a: Only|psn|[from] ability: Poison Point|[of] p1b: Dragalge\n|move|p1b: Dragalge|Dragon Pulse|p2a: Only\n|-damage|p2a: Only|64\/100 psn\n|\n|-heal|p1b: Dragalge|39\/100|[from] item: Black Sludge\n|-damage|p2a: Only|51\/100 psn|[from] psn\n|upkeep\n|turn|3\n|inactive|Gumbus wumbus has 270 seconds left.\n|inactive|cediedesu has 270 seconds left.\n|\n|t:|1696694402\n|-end|p1a: Roaring Moon|Protosynthesis|[silent]\n|switch|p1a: Dracovish|Dracovish|100\/100\n|move|p2b: Unique|Freeze-Dry|p1a: Dracovish\n|-supereffective|p1a: Dracovish\n|-damage|p1a: Dracovish|0 fnt\n|faint|p1a: Dracovish\n|move|p2a: Only|Crunch|p1b: Dragalge\n|-damage|p1b: Dragalge|17\/100\n|-unboost|p1b: Dragalge|def|1\n|move|p1b: Dragalge|Dragon Pulse|p2a: Only\n|-damage|p2a: Only|11\/100 psn\n|\n|-heal|p1b: Dragalge|23\/100|[from] item: Black Sludge\n|-damage|p2a: Only|0 fnt|[from] psn\n|faint|p2a: Only\n|upkeep\n|inactive|cediedesu has 270 seconds left.\n|inactive|Gumbus wumbus has 270 seconds left.\n|\n|t:|1696694433\n|switch|p2a: A|Dachsbun, M, shiny|100\/100\n|switch|p1a: Haxorus|Haxorus, F|100\/100\n|-ability|p1a: Haxorus|Mold Breaker\n|-status|p2a: A|psn\n|turn|4\n|inactive|cediedesu has 270 seconds left.\n|\n|t:|1696694454\n|switch|p1a: Tatsugiri|Tatsugiri-Stretchy, F|100\/100\n|move|p2b: Unique|Protect|p2b: Unique\n|-singleturn|p2b: Unique|Protect\n|move|p2a: A|Protect|p2a: A\n|-singleturn|p2a: A|Protect\n|move|p1b: Dragalge|Sludge Wave|p2b: Unique|[spread] p1a\n|-activate|p2a: A|move: Protect\n|-activate|p2b: Unique|move: Protect\n|-damage|p1a: Tatsugiri|66\/100\n|-status|p1a: Tatsugiri|psn\n|\n|-heal|p1a: Tatsugiri|72\/100 psn|[from] item: Leftovers\n|-heal|p1b: Dragalge|29\/100|[from] item: Black Sludge\n|-damage|p1a: Tatsugiri|60\/100 psn|[from] psn\n|-damage|p2a: A|88\/100 psn|[from] psn\n|-sideend|p1: cediedesu|move: Tailwind\n|upkeep\n|turn|5\n|\n|t:|1696694482\n|move|p2b: Unique|Freeze-Dry|p1a: Tatsugiri\n|-supereffective|p1a: Tatsugiri\n|-damage|p1a: Tatsugiri|0 fnt\n|faint|p1a: Tatsugiri\n|move|p2a: A|Stomping Tantrum|p1b: Dragalge\n|-supereffective|p1b: Dragalge\n|-damage|p1b: Dragalge|0 fnt\n|faint|p1b: Dragalge\n|\n|-damage|p2a: A|76\/100 psn|[from] psn\n|upkeep\n|inactive|cediedesu has 270 seconds left.\n|inactive|cediedesu has 240 seconds left.\n|inactive|cediedesu has 210 seconds left.\n|\n|t:|1696694563\n|switch|p1a: Haxorus|Haxorus, F|100\/100\n|switch|p1b: Roaring Moon|Roaring Moon|46\/100\n|-ability|p1a: Haxorus|Mold Breaker\n|turn|6\n|inactive|cediedesu has 210 seconds left.\n|inactive|Gumbus wumbus has 270 seconds left.\n|\n|t:|1696694606\n|-terastallize|p2b: Unique|Ghost\n|move|p2b: Unique|Freeze-Dry|p1a: Haxorus\n|-supereffective|p1a: Haxorus\n|-damage|p1a: Haxorus|10\/100\n|-status|p1a: Haxorus|frz\n|move|p1b: Roaring Moon|Tailwind|p1b: Roaring Moon\n|-sidestart|p1: cediedesu|move: Tailwind\n|cant|p1a: Haxorus|frz\n|move|p2a: A|Play Rough|p1b: Roaring Moon\n|-supereffective|p1b: Roaring Moon\n|-damage|p1b: Roaring Moon|0 fnt\n|faint|p1b: Roaring Moon\n|-end|p1b: Roaring Moon|Protosynthesis|[silent]\n|\n|-damage|p2a: A|64\/100 psn|[from] psn\n|upkeep\n|\n|t:|1696694624\n|switch|p1b: Garchomp|Garchomp, F|100\/100\n|turn|7\n|inactive|cediedesu has 210 seconds left.\n|inactive|Gumbus wumbus has 270 seconds left.\n|\n|t:|1696694649\n|-terastallize|p1b: Garchomp|Steel\n|cant|p1a: Haxorus|frz\n|move|p1b: Garchomp|Tera Blast|p2a: A|[anim] Tera Blast Steel\n|-supereffective|p2a: A\n|-damage|p2a: A|0 fnt\n|faint|p2a: A\n|move|p2b: Unique|Freeze-Dry|p1b: Garchomp\n|-resisted|p1b: Garchomp\n|-damage|p1b: Garchomp|88\/100\n|\n|upkeep\n|inactive|Gumbus wumbus has 270 seconds left.\n|\n|t:|1696694663\n|switch|p2a: Single|Garganacl, F, shiny|100\/100\n|turn|8\n|\n|t:|1696694672\n|cant|p1a: Haxorus|frz\n|move|p1b: Garchomp|Tera Blast|p2a: Single|[anim] Tera Blast Steel\n|-supereffective|p2a: Single\n|-damage|p2a: Single|40\/100\n|move|p2b: Unique|Flash Cannon|p1a: Haxorus\n|-damage|p1a: Haxorus|0 fnt\n|faint|p1a: Haxorus\n|move|p2a: Single|Salt Cure|p1b: Garchomp\n|-resisted|p1b: Garchomp\n|-damage|p1b: Garchomp|81\/100\n|-start|p1b: Garchomp|Salt Cure\n|\n|-damage|p1b: Garchomp|56\/100|[from] Salt Cure\n|upkeep\n|turn|9\n|\n|t:|1696694690\n|move|p2b: Unique|Protect|p2b: Unique\n|-singleturn|p2b: Unique|Protect\n|move|p2a: Single|Protect|p2a: Single\n|-singleturn|p2a: Single|Protect\n|move|p1b: Garchomp|Tera Blast|p2a: Single|[anim] Tera Blast Steel\n|-activate|p2a: Single|move: Protect\n|\n|-damage|p1b: Garchomp|31\/100|[from] Salt Cure\n|-sideend|p1: cediedesu|move: Tailwind\n|upkeep\n|-enditem|p1b: Garchomp|Sitrus Berry|[eat]\n|-heal|p1b: Garchomp|56\/100|[from] item: Sitrus Berry\n|turn|10\n|inactive|cediedesu has 240 seconds left.\n|\n|t:|1696694717\n|move|p2b: Unique|Ancient Power|p1b: Garchomp\n|-resisted|p1b: Garchomp\n|-damage|p1b: Garchomp|49\/100\n|move|p1b: Garchomp|Tera Blast|p2a: Single|[anim] Tera Blast Steel\n|-supereffective|p2a: Single\n|-damage|p2a: Single|0 fnt\n|faint|p2a: Single\n|\n|-damage|p1b: Garchomp|24\/100|[from] Salt Cure\n|upkeep\n|inactive|Gumbus wumbus has 270 seconds left.\n|\n|t:|1696694730\n|switch|p2a: Solitary|Clawitzer, F, shiny|100\/100\n|-status|p2a: Solitary|psn\n|turn|11\n|\n|t:|1696694737\n|move|p2b: Unique|Ancient Power|p1b: Garchomp\n|-resisted|p1b: Garchomp\n|-damage|p1b: Garchomp|16\/100\n|move|p1b: Garchomp|Dragon Claw|p2a: Solitary\n|-damage|p2a: Solitary|50\/100 psn\n|move|p2a: Solitary|Aura Sphere|p1b: Garchomp\n|-supereffective|p1b: Garchomp\n|-damage|p1b: Garchomp|0 fnt\n|faint|p1b: Garchomp\n|-damage|p2a: Solitary|40\/100 psn|[from] item: Life Orb\n|\n|win|Gumbus wumbus\n","uploadtime":1696694752,"views":10,"p1id":"cediedesu","p2id":"gumbuswumbus","formatid":"gen9nationaldexdoubles","rating":0,"private":0,"password":""}