{"id":"gen9nationaldexdoubles-1951665343","p1":"AceofJades39","p2":"Champ Bogar","format":"[Gen 9] National Dex Doubles","log":"|j|\u2606AceofJades39\n|j|\u2606Champ Bogar\n|t:|1695604525\n|gametype|doubles\n|player|p1|AceofJades39|cheryl|1300\n|player|p2|Champ Bogar|cynthia-gen4|1349\n|teamsize|p1|6\n|teamsize|p2|6\n|gen|9\n|tier|[Gen 9] National Dex Doubles\n|rated|\n|rule|HP Percentage Mod: HP is shown in percentages\n|rule|Endless Battle Clause: Forcing endless battles is banned\n|rule|OHKO Clause: OHKO moves are banned\n|rule|Evasion Moves Clause: Evasion moves are banned\n|rule|Evasion Abilities Clause: Evasion abilities are banned\n|rule|Species Clause: Limit one of each Pok\u00e9mon\n|rule|Gravity Sleep Clause: The combination of sleep-inducing moves with imperfect accuracy and Gravity or Gigantamax Orbeetle are banned\n|clearpoke\n|poke|p1|Weezing-Galar, M|\n|poke|p1|Regigigas|\n|poke|p1|Iron Hands|\n|poke|p1|Sinistcha-Masterpiece|\n|poke|p1|Ninetales-Alola, M|\n|poke|p1|Landorus-Therian, M|\n|poke|p2|Brambleghast, M|\n|poke|p2|Incineroar, F|\n|poke|p2|Noivern, M|\n|poke|p2|Urshifu-*, M|\n|poke|p2|Ogerpon-Cornerstone, F|\n|poke|p2|Alcremie-Rainbow-Swirl, F|\n|teampreview\n|inactive|Battle timer is ON: inactive players will automatically lose when time's up. (requested by Champ Bogar)\n|\n|t:|1695604536\n|start\n|switch|p1a: Hugo|Iron Hands|100\/100\n|switch|p1b: Harm|Landorus-Therian, M|100\/100\n|switch|p2a: Noivern|Noivern, M, shiny|100\/100\n|switch|p2b: Incineroar|Incineroar, F, shiny|100\/100\n|-ability|p1b: Harm|Intimidate|boost\n|-unboost|p2a: Noivern|atk|1\n|-unboost|p2b: Incineroar|atk|1\n|-ability|p2b: Incineroar|Intimidate|boost\n|-unboost|p1a: Hugo|atk|1\n|-unboost|p1b: Harm|atk|1\n|turn|1\n|\n|t:|1695604548\n|move|p2b: Incineroar|Fake Out|p1a: Hugo\n|-damage|p1a: Hugo|95\/100\n|cant|p1a: Hugo|flinch\n|move|p1b: Harm|Rock Slide|p2b: Incineroar|[spread] p2a,p2b\n|-supereffective|p2a: Noivern\n|-supereffective|p2b: Incineroar\n|-damage|p2a: Noivern|65\/100\n|-damage|p2b: Incineroar|75\/100\n|move|p2a: Noivern|Tailwind|p2a: Noivern\n|-sidestart|p2: Champ Bogar|move: Tailwind\n|\n|upkeep\n|turn|2\n|\n|t:|1695604568\n|-end|p1a: Hugo|Quark Drive|[silent]\n|switch|p1a: Blizz|Ninetales-Alola, M|100\/100\n|-weather|Snow|[from] ability: Snow Warning|[of] p1a: Blizz\n|move|p2a: Noivern|Boomburst|p1a: Blizz|[spread] p2b,p1a,p1b\n|-enditem|p2a: Noivern|Normal Gem|[from] gem\n|-damage|p2b: Incineroar|48\/100\n|-damage|p1a: Blizz|53\/100\n|-damage|p1b: Harm|44\/100\n|move|p1b: Harm|Rock Slide|p2b: Incineroar|[spread] p2a,p2b\n|-supereffective|p2a: Noivern\n|-supereffective|p2b: Incineroar\n|-damage|p2a: Noivern|27\/100\n|-damage|p2b: Incineroar|23\/100\n|cant|p2b: Incineroar|flinch\n|\n|-weather|Snow|[upkeep]\n|upkeep\n|turn|3\n|\n|t:|1695604589\n|move|p2a: Noivern|Protect|p2a: Noivern\n|-singleturn|p2a: Noivern|Protect\n|move|p1b: Harm|Rock Slide|p2a: Noivern|[spread] p2b\n|-activate|p2a: Noivern|move: Protect\n|-supereffective|p2b: Incineroar\n|-damage|p2b: Incineroar|0 fnt\n|faint|p2b: Incineroar\n|move|p1a: Blizz|Aurora Veil|p1a: Blizz\n|-sidestart|p1: AceofJades39|move: Aurora Veil\n|\n|-weather|Snow|[upkeep]\n|upkeep\n|\n|t:|1695604595\n|switch|p2b: Brambleghast|Brambleghast, M, shiny|100\/100\n|-ability|p2b: Brambleghast|Wind Rider|boost\n|-boost|p2b: Brambleghast|atk|1\n|turn|4\n|\n|t:|1695604614\n|move|p2b: Brambleghast|Protect|p2b: Brambleghast\n|-singleturn|p2b: Brambleghast|Protect\n|move|p2a: Noivern|Boomburst|p1b: Harm|[spread] p1a,p1b\n|-activate|p2b: Brambleghast|move: Protect\n|-damage|p1a: Blizz|16\/100\n|-damage|p1b: Harm|5\/100\n|move|p1b: Harm|Rock Slide|p2a: Noivern|[spread] p2a\n|-activate|p2b: Brambleghast|move: Protect\n|-supereffective|p2a: Noivern\n|-damage|p2a: Noivern|0 fnt\n|faint|p2a: Noivern\n|move|p1a: Blizz|Freeze-Dry|p2b: Brambleghast\n|-activate|p2b: Brambleghast|move: Protect\n|\n|-weather|Snow|[upkeep]\n|-sideend|p2: Champ Bogar|move: Tailwind\n|upkeep\n|\n|t:|1695604625\n|switch|p2a: Ogerpon|Ogerpon-Cornerstone, F|100\/100\n|turn|5\n|\n|t:|1695604642\n|move|p1b: Harm|Rock Slide|p2a: Ogerpon|[spread] p2a,p2b\n|-damage|p2a: Ogerpon|86\/100\n|-damage|p2b: Brambleghast|75\/100\n|move|p1a: Blizz|Freeze-Dry|p2a: Ogerpon\n|-supereffective|p2a: Ogerpon\n|-damage|p2a: Ogerpon|32\/100\n|move|p2b: Brambleghast|Seed Bomb|p1b: Harm\n|-damage|p1b: Harm|0 fnt\n|faint|p1b: Harm\n|move|p2a: Ogerpon|Ivy Cudgel|p1a: Blizz\n|-supereffective|p1a: Blizz\n|-damage|p1a: Blizz|0 fnt\n|faint|p1a: Blizz\n|\n|-weather|Snow|[upkeep]\n|upkeep\n|j| S1r.sweepsaLot\n|\n|t:|1695604654\n|switch|p1a: Doug|Weezing-Galar, M|100\/100\n|switch|p1b: The Woah|Regigigas, shiny|100\/100\n|-ability|p1a: Doug|Neutralizing Gas\n|turn|6\n|\n|t:|1695604665\n|move|p2a: Ogerpon|Follow Me|p2a: Ogerpon\n|-singleturn|p2a: Ogerpon|move: Follow Me\n|move|p2b: Brambleghast|Strength Sap|p1b: The Woah\n|-unboost|p1b: The Woah|atk|1\n|-heal|p2b: Brambleghast|100\/100\n|move|p1b: The Woah|Knock Off|p2a: Ogerpon\n|-damage|p2a: Ogerpon|11\/100\n|move|p1a: Doug|Will-O-Wisp|p2a: Ogerpon\n|-status|p2a: Ogerpon|brn\n|\n|-weather|none\n|-damage|p2a: Ogerpon|5\/100 brn|[from] brn\n|upkeep\n|turn|7\n|\n|t:|1695604684\n|move|p2a: Ogerpon|Follow Me|p2a: Ogerpon\n|-singleturn|p2a: Ogerpon|move: Follow Me\n|-zpower|p2b: Brambleghast\n|move|p2b: Brambleghast|Never-Ending Nightmare|p1a: Doug|[zeffect]\n|-damage|p1a: Doug|20\/100\n|move|p1b: The Woah|Knock Off|p2a: Ogerpon\n|-damage|p2a: Ogerpon|0 fnt\n|faint|p2a: Ogerpon\n|move|p1a: Doug|Haze|p1a: Doug\n|-clearallboost\n|\n|upkeep\n|\n|t:|1695604693\n|switch|p2a: Urshifu|Urshifu-Rapid-Strike, M|100\/100\n|turn|8\n|\n|t:|1695604704\n|-terastallize|p1b: The Woah|Ghost\n|move|p2a: Urshifu|Close Combat|p1b: The Woah\n|-immune|p1b: The Woah\n|move|p2b: Brambleghast|Poltergeist|p1a: Doug\n|-activate|p1a: Doug|move: Poltergeist|Rocky Helmet\n|-damage|p1a: Doug|0 fnt\n|faint|p1a: Doug\n|-end|p1a: Doug|ability: Neutralizing Gas\n|-start|p1b: The Woah|ability: Slow Start\n|move|p1b: The Woah|Return|p2a: Urshifu\n|-damage|p2a: Urshifu|72\/100\n|\n|upkeep\n|\n|t:|1695604718\n|switch|p1a: Hugo|Iron Hands|95\/100\n|turn|9\n|\n|t:|1695604722\n|move|p2a: Urshifu|Detect|p2a: Urshifu\n|-singleturn|p2a: Urshifu|Protect\n|move|p1a: Hugo|Fake Out|p2a: Urshifu\n|-activate|p2a: Urshifu|move: Protect\n|move|p2b: Brambleghast|Poltergeist|p1b: The Woah\n|-activate|p1b: The Woah|move: Poltergeist|Leftovers\n|-supereffective|p1b: The Woah\n|-damage|p1b: The Woah|50\/100\n|move|p1b: The Woah|Knock Off|p2b: Brambleghast\n|-supereffective|p2b: Brambleghast\n|-damage|p2b: Brambleghast|55\/100\n|\n|-heal|p1b: The Woah|57\/100|[from] item: Leftovers\n|upkeep\n|turn|10\n|\n|t:|1695604741\n|move|p1b: The Woah|Protect|p1b: The Woah\n|-singleturn|p1b: The Woah|Protect\n|move|p2a: Urshifu|Surging Strikes|p1a: Hugo\n|-crit|p1a: Hugo\n|-damage|p1a: Hugo|80\/100\n|-crit|p1a: Hugo\n|-damage|p1a: Hugo|66\/100\n|-crit|p1a: Hugo\n|-damage|p1a: Hugo|52\/100\n|-hitcount|p1a: Hugo|3\n|move|p2b: Brambleghast|Poltergeist|p1b: The Woah\n|-activate|p1b: The Woah|move: Protect\n|move|p1a: Hugo|Wild Charge|p2a: Urshifu\n|-supereffective|p2a: Urshifu\n|-damage|p2a: Urshifu|0 fnt\n|faint|p2a: Urshifu\n|-damage|p1a: Hugo|40\/100|[from] Recoil\n|\n|-heal|p1b: The Woah|63\/100|[from] item: Leftovers\n|-sideend|p1: AceofJades39|move: Aurora Veil\n|upkeep\n|\n|t:|1695604744\n|switch|p2a: Alcremie|Alcremie-Rainbow-Swirl, F, shiny|100\/100\n|turn|11\n|\n|t:|1695604765\n|move|p2b: Brambleghast|Strength Sap|p1a: Hugo\n|-unboost|p1a: Hugo|atk|1\n|-heal|p2b: Brambleghast|100\/100\n|move|p2a: Alcremie|Decorate|p2b: Brambleghast\n|-boost|p2b: Brambleghast|atk|2\n|-boost|p2b: Brambleghast|spa|2\n|move|p1a: Hugo|Heavy Slam|p2a: Alcremie\n|-supereffective|p2a: Alcremie\n|-damage|p2a: Alcremie|55\/100\n|move|p1b: The Woah|Knock Off|p2b: Brambleghast\n|-supereffective|p2b: Brambleghast\n|-damage|p2b: Brambleghast|53\/100\n|\n|-heal|p2a: Alcremie|61\/100|[from] item: Leftovers\n|-heal|p1b: The Woah|69\/100|[from] item: Leftovers\n|upkeep\n|turn|12\n|inactive|Champ Bogar has 120 seconds left.\n|\n|t:|1695604805\n|move|p2b: Brambleghast|Poltergeist|p1b: The Woah\n|-activate|p1b: The Woah|move: Poltergeist|Leftovers\n|-supereffective|p1b: The Woah\n|-damage|p1b: The Woah|0 fnt\n|faint|p1b: The Woah\n|-end|p1b: The Woah|Slow Start|[silent]\n|move|p2a: Alcremie|Dazzling Gleam|p1a: Hugo\n|-supereffective|p1a: Hugo\n|-damage|p1a: Hugo|15\/100\n|move|p1a: Hugo|Heavy Slam|p2b: Brambleghast\n|-damage|p2b: Brambleghast|4\/100\n|\n|-heal|p2a: Alcremie|67\/100|[from] item: Leftovers\n|upkeep\n|\n|t:|1695604816\n|switch|p1b: Chug Jug|Sinistcha-Masterpiece|100\/100\n|-heal|p1a: Hugo|40\/100|[from] ability: Hospitality|[of] p1b: Chug Jug\n|turn|13\n|\n|t:|1695604829\n|move|p2b: Brambleghast|Strength Sap|p1a: Hugo\n|-unboost|p1a: Hugo|atk|1\n|-heal|p2b: Brambleghast|96\/100\n|move|p1b: Chug Jug|Matcha Gotcha|p2a: Alcremie|[spread] p2a,p2b\n|-resisted|p2b: Brambleghast\n|-damage|p2a: Alcremie|47\/100\n|-damage|p2b: Brambleghast|74\/100\n|move|p2a: Alcremie|Dazzling Gleam|p1a: Hugo|[spread] p1a,p1b\n|-supereffective|p1a: Hugo\n|-damage|p1a: Hugo|20\/100\n|-damage|p1b: Chug Jug|83\/100\n|move|p1a: Hugo|Heavy Slam|p2a: Alcremie\n|-supereffective|p2a: Alcremie\n|-damage|p2a: Alcremie|12\/100\n|\n|-heal|p2a: Alcremie|18\/100|[from] item: Leftovers\n|upkeep\n|turn|14\n|\n|t:|1695604845\n|move|p2b: Brambleghast|Poltergeist|p1b: Chug Jug\n|-activate|p1b: Chug Jug|move: Poltergeist|Rocky Helmet\n|-supereffective|p1b: Chug Jug\n|-damage|p1b: Chug Jug|0 fnt\n|faint|p1b: Chug Jug\n|move|p2a: Alcremie|Dazzling Gleam|p1a: Hugo\n|-supereffective|p1a: Hugo\n|-damage|p1a: Hugo|0 fnt\n|faint|p1a: Hugo\n|-end|p1a: Hugo|Quark Drive|[silent]\n|\n|win|Champ Bogar\n|raw|AceofJades39's rating: 1300 &rarr; <strong>1279<\/strong><br \/>(-21 for losing)\n|raw|Champ Bogar's rating: 1349 &rarr; <strong>1366<\/strong><br \/>(+17 for winning)\n|l|\u2606AceofJades39\n|c|\u2606Champ Bogar|gg\n","uploadtime":1695604852,"views":11,"p1id":"aceofjades39","p2id":"champbogar","formatid":"gen9nationaldexdoubles","rating":1279,"private":0,"password":""}