{"id":"gen9nationaldexdoubles-1959220900","p1":"horizonfield","p2":"LowksterP","format":"[Gen 9] National Dex Doubles","log":"|j|\u2606horizonfield\n|j|\u2606LowksterP\n|t:|1696402836\n|gametype|doubles\n|player|p1|horizonfield|ingo|1035\n|player|p2|LowksterP|striker|1076\n|teamsize|p1|6\n|teamsize|p2|6\n|gen|9\n|tier|[Gen 9] National Dex Doubles\n|rated|\n|rule|HP Percentage Mod: HP is shown in percentages\n|rule|Endless Battle Clause: Forcing endless battles is banned\n|rule|OHKO Clause: OHKO moves are banned\n|rule|Evasion Moves Clause: Evasion moves are banned\n|rule|Evasion Abilities Clause: Evasion abilities are banned\n|rule|Species Clause: Limit one of each Pok\u00e9mon\n|rule|Gravity Sleep Clause: The combination of sleep-inducing moves with imperfect accuracy and Gravity or Gigantamax Orbeetle are banned\n|clearpoke\n|poke|p1|Shuckle, M|\n|poke|p1|Sinistcha-Masterpiece|\n|poke|p1|Dipplin, M|\n|poke|p1|Palossand, M|\n|poke|p1|Florges-Orange, F|\n|poke|p1|Fezandipiti, M|\n|poke|p2|Altaria, M|\n|poke|p2|Arcanine, M|\n|poke|p2|Gengar, M|\n|poke|p2|Eldegoss, F|\n|poke|p2|Primeape, M|\n|poke|p2|Tentacruel, M|\n|teampreview\n|\n|t:|1696402847\n|start\n|switch|p1a: Beach|Palossand, M|100\/100\n|switch|p1b: Juice Bar|Shuckle, M|100\/100\n|switch|p2a: Arcanine|Arcanine, M, shiny|100\/100\n|switch|p2b: Pickle Tickle|Tentacruel, M, shiny|100\/100\n|-ability|p2a: Arcanine|Intimidate|boost\n|-unboost|p1a: Beach|atk|1\n|-unboost|p1b: Juice Bar|atk|1\n|turn|1\n|\n|t:|1696402904\n|move|p2a: Arcanine|Mud-Slap|p1a: Beach\n|-damage|p1a: Beach|94\/100\n|-unboost|p1a: Beach|accuracy|1\n|move|p2b: Pickle Tickle|Icy Wind|p1a: Beach|[spread] p1a\n|-miss|p2b: Pickle Tickle|p1b: Juice Bar\n|-supereffective|p1a: Beach\n|-damage|p1a: Beach|76\/100\n|-unboost|p1a: Beach|spe|1\n|move|p1a: Beach|Earth Power|p2a: Arcanine|[miss]\n|-miss|p1a: Beach|p2a: Arcanine\n|move|p1b: Juice Bar|Sticky Web|p2b: Pickle Tickle\n|-sidestart|p2: LowksterP|move: Sticky Web\n|\n|upkeep\n|turn|2\n|\n|t:|1696402933\n|switch|p2a: Eldegoss|Eldegoss, F, shiny|100\/100\n|-activate|p2a: Eldegoss|move: Sticky Web\n|-unboost|p2a: Eldegoss|spe|1\n|switch|p2b: Altaria|Altaria, M, shiny|100\/100\n|-ability|p2b: Altaria|Cloud Nine\n|move|p1a: Beach|Sandstorm|p1a: Beach\n|-weather|Sandstorm\n|move|p1b: Juice Bar|Toxic|p2a: Eldegoss\n|-status|p2a: Eldegoss|tox\n|\n|-weather|Sandstorm|[upkeep]\n|-damage|p2a: Eldegoss|94\/100 tox|[from] psn\n|upkeep\n|turn|3\n|\n|t:|1696402959\n|switch|p1a: Susan|Florges-Orange, F|100\/100\n|move|p2b: Altaria|Hone Claws|p2b: Altaria\n|-boost|p2b: Altaria|atk|1\n|-boost|p2b: Altaria|accuracy|1\n|move|p2a: Eldegoss|Rapid Spin|p1b: Juice Bar\n|-resisted|p1b: Juice Bar\n|-damage|p1b: Juice Bar|98\/100\n|-boost|p2a: Eldegoss|spe|1\n|-sideend|p2: LowksterP|Sticky Web|[from] move: Rapid Spin|[of] p2a: Eldegoss\n|move|p1b: Juice Bar|Gyro Ball|p2b: Altaria\n|-damage|p2b: Altaria|94\/100\n|\n|-weather|Sandstorm|[upkeep]\n|-heal|p2a: Eldegoss|100\/100 tox|[from] item: Leftovers\n|-heal|p1b: Juice Bar|100\/100|[from] item: Leftovers\n|-damage|p2a: Eldegoss|88\/100 tox|[from] psn\n|upkeep\n|turn|4\n|\n|t:|1696402980\n|move|p2b: Altaria|Iron Tail|p1a: Susan\n|-supereffective|p1a: Susan\n|-damage|p1a: Susan|56\/100\n|-unboost|p1a: Susan|def|1\n|move|p1a: Susan|Dazzling Gleam|p2b: Altaria|[spread] p2a,p2b\n|-supereffective|p2b: Altaria\n|-damage|p2a: Eldegoss|68\/100 tox\n|-damage|p2b: Altaria|49\/100\n|-ability|p2a: Eldegoss|Cotton Down\n|-unboost|p1a: Susan|spe|1\n|-unboost|p1b: Juice Bar|spe|1\n|-unboost|p2b: Altaria|spe|1\n|move|p2a: Eldegoss|Leech Seed|p1b: Juice Bar\n|-start|p1b: Juice Bar|move: Leech Seed\n|move|p1b: Juice Bar|Toxic|p2b: Altaria\n|-status|p2b: Altaria|tox\n|\n|-weather|Sandstorm|[upkeep]\n|-heal|p2a: Eldegoss|74\/100 tox|[from] item: Leftovers\n|-heal|p1a: Susan|62\/100|[from] item: Leftovers\n|-damage|p1b: Juice Bar|88\/100|[from] Leech Seed|[of] p2a: Eldegoss\n|-heal|p2a: Eldegoss|85\/100 tox|[silent]\n|-damage|p2b: Altaria|42\/100 tox|[from] psn\n|-damage|p2a: Eldegoss|67\/100 tox|[from] psn\n|upkeep\n|turn|5\n|\n|t:|1696403015\n|switch|p1b: Beach|Palossand, M|76\/100\n|move|p2b: Altaria|Iron Tail|p1a: Susan\n|-supereffective|p1a: Susan\n|-damage|p1a: Susan|0 fnt\n|faint|p1a: Susan\n|move|p2a: Eldegoss|Pollen Puff|p2b: Altaria\n|-heal|p2b: Altaria|92\/100 tox\n|\n|-weather|Sandstorm|[upkeep]\n|-heal|p2a: Eldegoss|73\/100 tox|[from] item: Leftovers\n|-damage|p2b: Altaria|80\/100 tox|[from] psn\n|-damage|p2a: Eldegoss|48\/100 tox|[from] psn\n|upkeep\n|\n|t:|1696403037\n|switch|p1a: Juice Bar|Shuckle, M|88\/100\n|turn|6\n|\n|t:|1696403058\n|move|p2b: Altaria|Hone Claws|p2b: Altaria\n|-boost|p2b: Altaria|atk|1\n|-boost|p2b: Altaria|accuracy|1\n|move|p2a: Eldegoss|Aromatherapy|p2a: Eldegoss\n|-activate|p2a: Eldegoss|move: Aromatherapy\n|-curestatus|p2a: Eldegoss|tox|[msg]\n|-curestatus|p2b: Altaria|tox|[msg]\n|move|p1b: Beach|Sandstorm||[still]\n|-fail|p1b: Beach\n|move|p1a: Juice Bar|Sticky Web|p2b: Altaria\n|-sidestart|p2: LowksterP|move: Sticky Web\n|\n|-weather|none\n|-heal|p2a: Eldegoss|54\/100|[from] item: Leftovers\n|-heal|p1a: Juice Bar|94\/100|[from] item: Leftovers\n|upkeep\n|turn|7\n|\n|t:|1696403090\n|move|p2b: Altaria|Hone Claws|p2b: Altaria\n|-boost|p2b: Altaria|atk|1\n|-boost|p2b: Altaria|accuracy|1\n|move|p2a: Eldegoss|Leech Seed|p1a: Juice Bar\n|-start|p1a: Juice Bar|move: Leech Seed\n|move|p1b: Beach|Sandstorm|p1b: Beach\n|-weather|Sandstorm\n|move|p1a: Juice Bar|Toxic|p2a: Eldegoss|[miss]\n|-miss|p1a: Juice Bar|p2a: Eldegoss\n|\n|-weather|Sandstorm|[upkeep]\n|-heal|p2a: Eldegoss|60\/100|[from] item: Leftovers\n|-heal|p1a: Juice Bar|99\/100|[from] item: Leftovers\n|-damage|p1a: Juice Bar|88\/100|[from] Leech Seed|[of] p2a: Eldegoss\n|-heal|p2a: Eldegoss|71\/100|[silent]\n|upkeep\n|turn|8\n|\n|t:|1696403115\n|move|p2b: Altaria|Sing|p1a: Juice Bar\n|-status|p1a: Juice Bar|slp|[from] move: Sing\n|move|p2a: Eldegoss|Leech Seed|p1b: Beach\n|-start|p1b: Beach|move: Leech Seed\n|move|p1b: Beach|Curse|p2a: Eldegoss\n|-start|p2a: Eldegoss|Curse|[of] p1b: Beach\n|-damage|p1b: Beach|26\/100\n|cant|p1a: Juice Bar|slp\n|\n|-weather|Sandstorm|[upkeep]\n|-heal|p2a: Eldegoss|78\/100|[from] item: Leftovers\n|-heal|p1a: Juice Bar|94\/100 slp|[from] item: Leftovers\n|-damage|p1b: Beach|13\/100|[from] Leech Seed|[of] p2a: Eldegoss\n|-heal|p2a: Eldegoss|95\/100|[silent]\n|-damage|p1a: Juice Bar|81\/100 slp|[from] Leech Seed|[of] p2a: Eldegoss\n|-heal|p2a: Eldegoss|100\/100|[silent]\n|-damage|p2a: Eldegoss|76\/100|[from] Curse\n|upkeep\n|turn|9\n|\n|t:|1696403141\n|switch|p1b: Dewdrop|Dipplin, M, shiny|100\/100\n|-ability|p1b: Dewdrop|Supersweet Syrup\n|-ability|p1b: Dewdrop|Supersweet Syrup|boost\n|-unboost|p2a: Eldegoss|evasion|1\n|-unboost|p2b: Altaria|evasion|1\n|switch|p1a: Pheasant|Fezandipiti, M|100\/100\n|move|p2b: Altaria|Hone Claws|p2b: Altaria\n|-boost|p2b: Altaria|atk|1\n|-boost|p2b: Altaria|accuracy|1\n|move|p2a: Eldegoss|Rapid Spin|p1a: Pheasant\n|-damage|p1a: Pheasant|93\/100\n|-boost|p2a: Eldegoss|spe|1\n|-sideend|p2: LowksterP|Sticky Web|[from] move: Rapid Spin|[of] p2a: Eldegoss\n|\n|-weather|Sandstorm|[upkeep]\n|-heal|p2a: Eldegoss|82\/100|[from] item: Leftovers\n|-damage|p2a: Eldegoss|57\/100|[from] Curse\n|upkeep\n|turn|10\n|\n|t:|1696403187\n|switch|p2b: Bend Over|Gengar, M, shiny|100\/100\n|move|p1a: Pheasant|Icy Wind|p2b: Bend Over|[spread] p2a,p2b\n|-supereffective|p2a: Eldegoss\n|-damage|p2a: Eldegoss|39\/100\n|-damage|p2b: Bend Over|87\/100\n|-unboost|p2a: Eldegoss|spe|1\n|-unboost|p2b: Bend Over|spe|1\n|-ability|p2a: Eldegoss|Cotton Down\n|-unboost|p1a: Pheasant|spe|1\n|-unboost|p1b: Dewdrop|spe|1\n|-unboost|p2b: Bend Over|spe|1\n|move|p2a: Eldegoss|Leech Seed|p1a: Pheasant\n|-start|p1a: Pheasant|move: Leech Seed\n|move|p1b: Dewdrop|Pollen Puff|p2a: Eldegoss\n|-supereffective|p2a: Eldegoss\n|-damage|p2a: Eldegoss|0 fnt\n|-ability|p2a: Eldegoss|Cotton Down\n|-unboost|p1a: Pheasant|spe|1\n|-unboost|p1b: Dewdrop|spe|1\n|-unboost|p2b: Bend Over|spe|1\n|faint|p2a: Eldegoss\n|\n|-weather|Sandstorm|[upkeep]\n|-damage|p1a: Pheasant|87\/100|[from] Sandstorm\n|-damage|p2b: Bend Over|81\/100|[from] Sandstorm\n|-damage|p1b: Dewdrop|94\/100|[from] Sandstorm\n|-heal|p2b: Bend Over|87\/100|[from] item: Leftovers\n|upkeep\n|\n|t:|1696403209\n|switch|p2a: Arcanine|Arcanine, M, shiny|100\/100\n|-ability|p2a: Arcanine|Intimidate|boost\n|-unboost|p1a: Pheasant|atk|1\n|-unboost|p1b: Dewdrop|atk|1\n|turn|11\n|\n|t:|1696403248\n|switch|p1a: Juice Bar|Shuckle, M|81\/100 slp\n|switch|p1b: Beach|Palossand, M|13\/100\n|move|p2a: Arcanine|Mud-Slap|p1a: Juice Bar\n|-damage|p1a: Juice Bar|79\/100 slp\n|-unboost|p1a: Juice Bar|accuracy|1\n|move|p2b: Bend Over|Shadow Ball|p1b: Beach\n|-supereffective|p1b: Beach\n|-damage|p1b: Beach|0 fnt\n|faint|p1b: Beach\n|\n|-weather|none\n|-heal|p2b: Bend Over|93\/100|[from] item: Leftovers\n|-heal|p1a: Juice Bar|85\/100 slp|[from] item: Leftovers\n|upkeep\n|\n|t:|1696403270\n|switch|p1b: Dewdrop|Dipplin, M, shiny|94\/100\n|turn|12\n|\n|t:|1696403289\n|switch|p2b: Pickle Tickle|Tentacruel, M, shiny|100\/100\n|move|p2a: Arcanine|Heat Wave|p1b: Dewdrop|[spread] p1b\n|-miss|p2a: Arcanine|p1a: Juice Bar\n|-damage|p1b: Dewdrop|62\/100\n|move|p1b: Dewdrop|Pollen Puff|p2b: Pickle Tickle\n|-resisted|p2b: Pickle Tickle\n|-damage|p2b: Pickle Tickle|88\/100\n|cant|p1a: Juice Bar|slp\n|\n|-heal|p1a: Juice Bar|91\/100 slp|[from] item: Leftovers\n|upkeep\n|turn|13\n|\n|t:|1696403335\n|switch|p1a: Gossip|Sinistcha-Masterpiece|100\/100\n|-heal|p1b: Dewdrop|87\/100|[from] ability: Hospitality|[of] p1a: Gossip\n|move|p2a: Arcanine|Mud-Slap|p1a: Gossip\n|-resisted|p1a: Gossip\n|-damage|p1a: Gossip|98\/100\n|-unboost|p1a: Gossip|accuracy|1\n|move|p2b: Pickle Tickle|Knock Off|p1a: Gossip\n|-supereffective|p1a: Gossip\n|-damage|p1a: Gossip|63\/100\n|-enditem|p1a: Gossip|Assault Vest|[from] move: Knock Off|[of] p2b: Pickle Tickle\n|move|p1b: Dewdrop|Syrup Bomb|p2b: Pickle Tickle\n|-damage|p2b: Pickle Tickle|62\/100\n|-start|p2b: Pickle Tickle|Syrup Bomb\n|\n|-fail|p2b: Pickle Tickle|unboost|[from] ability: Clear Body|[of] p2b: Pickle Tickle\n|upkeep\n|turn|14\n|\n|t:|1696403363\n|move|p2a: Arcanine|Heat Wave|p1b: Dewdrop|[spread] p1a\n|-miss|p2a: Arcanine|p1b: Dewdrop\n|-supereffective|p1a: Gossip\n|-damage|p1a: Gossip|1\/100\n|move|p2b: Pickle Tickle|Icy Wind|p1a: Gossip|[spread] p1a,p1b\n|-supereffective|p1a: Gossip\n|-supereffective|p1b: Dewdrop\n|-enditem|p1b: Dewdrop|Yache Berry|[eat]\n|-enditem|p1b: Dewdrop|Yache Berry|[weaken]\n|-damage|p1a: Gossip|0 fnt\n|-damage|p1b: Dewdrop|67\/100\n|-unboost|p1b: Dewdrop|spe|1\n|faint|p1a: Gossip\n|move|p1b: Dewdrop|Sweet Scent|p2a: Arcanine|[spread] p2a,p2b\n|-unboost|p2a: Arcanine|evasion|2\n|-fail|p2b: Pickle Tickle|unboost|[from] ability: Clear Body|[of] p2b: Pickle Tickle\n|\n|-fail|p2b: Pickle Tickle|unboost|[from] ability: Clear Body|[of] p2b: Pickle Tickle\n|upkeep\n|\n|t:|1696403383\n|switch|p1a: Juice Bar|Shuckle, M|91\/100 slp\n|turn|15\n|\n|t:|1696403411\n|switch|p2a: Bend Over|Gengar, M, shiny|93\/100\n|-zpower|p2b: Pickle Tickle\n|move|p2b: Pickle Tickle|Z-Acupressure|p2b: Pickle Tickle|[anim]Acupressure\n|-start|p2b: Pickle Tickle|move: Focus Energy|[zeffect]\n|-boost|p2b: Pickle Tickle|spa|2\n|move|p1b: Dewdrop|Syrup Bomb|p2a: Bend Over\n|-resisted|p2a: Bend Over\n|-damage|p2a: Bend Over|73\/100\n|-start|p2a: Bend Over|Syrup Bomb\n|-start|p1b: Dewdrop|Disable|Syrup Bomb|[from] ability: Cursed Body|[of] p2a: Bend Over\n|cant|p1a: Juice Bar|slp\n|\n|-heal|p2a: Bend Over|79\/100|[from] item: Leftovers\n|-heal|p1a: Juice Bar|97\/100 slp|[from] item: Leftovers\n|-unboost|p2a: Bend Over|spe|1\n|-end|p2b: Pickle Tickle|Syrup Bomb\n|upkeep\n|turn|16\n|\n|t:|1696403442\n|switch|p2a: Arcanine|Arcanine, M, shiny|100\/100\n|-ability|p2a: Arcanine|Intimidate|boost\n|-unboost|p1a: Juice Bar|atk|1\n|-unboost|p1b: Dewdrop|atk|1\n|move|p2b: Pickle Tickle|Icy Wind|p1b: Dewdrop|[spread] p1a,p1b\n|-supereffective|p1b: Dewdrop\n|-crit|p1b: Dewdrop\n|-damage|p1a: Juice Bar|87\/100 slp\n|-damage|p1b: Dewdrop|0 fnt\n|-unboost|p1a: Juice Bar|spe|1\n|faint|p1b: Dewdrop\n|-curestatus|p1a: Juice Bar|slp|[msg]\n|move|p1a: Juice Bar|Gyro Ball|p2a: Arcanine\n|-resisted|p2a: Arcanine\n|-damage|p2a: Arcanine|97\/100\n|\n|-heal|p2a: Arcanine|100\/100|[from] item: Leftovers\n|-heal|p1a: Juice Bar|93\/100|[from] item: Leftovers\n|upkeep\n|\n|t:|1696403447\n|switch|p1b: Pheasant|Fezandipiti, M|87\/100\n|turn|17\n|\n|t:|1696403504\n|switch|p2a: Bend Over|Gengar, M, shiny|79\/100\n|move|p1b: Pheasant|Dazzling Gleam|p2a: Bend Over|[spread] p2a,p2b\n|-resisted|p2a: Bend Over\n|-resisted|p2b: Pickle Tickle\n|-damage|p2a: Bend Over|64\/100\n|-damage|p2b: Pickle Tickle|53\/100\n|move|p2b: Pickle Tickle|Icy Wind|p1b: Pheasant|[spread] p1a\n|-miss|p2b: Pickle Tickle|p1b: Pheasant\n|-damage|p1a: Juice Bar|83\/100\n|-unboost|p1a: Juice Bar|spe|1\n|move|p1a: Juice Bar|Gyro Ball|p2b: Pickle Tickle\n|-resisted|p2b: Pickle Tickle\n|-damage|p2b: Pickle Tickle|50\/100\n|\n|-heal|p2a: Bend Over|70\/100|[from] item: Leftovers\n|-heal|p1a: Juice Bar|89\/100|[from] item: Leftovers\n|upkeep\n|turn|18\n|l|\u2606LowksterP\n|player|p2|\n|inactive|Battle timer is ON: inactive players will automatically lose when time's up. (requested by horizonfield)\n|j|\u2606LowksterP\n|inactive|LowksterP reconnected and has 145 seconds left.\n|player|p2|LowksterP|striker\n|\n|t:|1696403633\n|move|p2a: Bend Over|Thunderbolt|p1b: Pheasant\n|-damage|p1b: Pheasant|65\/100\n|move|p1b: Pheasant|Dazzling Gleam|p2a: Bend Over|[spread] p2a,p2b\n|-resisted|p2a: Bend Over\n|-resisted|p2b: Pickle Tickle\n|-damage|p2a: Bend Over|55\/100\n|-damage|p2b: Pickle Tickle|40\/100\n|-start|p1b: Pheasant|Disable|Dazzling Gleam|[from] ability: Cursed Body|[of] p2a: Bend Over\n|move|p2b: Pickle Tickle|Icy Wind|p1a: Juice Bar|[spread] p1a,p1b\n|-crit|p1a: Juice Bar\n|-damage|p1a: Juice Bar|75\/100\n|-damage|p1b: Pheasant|50\/100\n|-unboost|p1a: Juice Bar|spe|1\n|-unboost|p1b: Pheasant|spe|1\n|move|p1a: Juice Bar|Gyro Ball|p2a: Bend Over\n|-damage|p2a: Bend Over|46\/100\n|\n|-heal|p2a: Bend Over|52\/100|[from] item: Leftovers\n|-heal|p1a: Juice Bar|81\/100|[from] item: Leftovers\n|upkeep\n|turn|19\n|inactiveoff|Battle timer is now OFF.\n|\n|t:|1696403678\n|-terastallize|p1b: Pheasant|Poison\n|move|p2a: Bend Over|Thunderbolt|p1b: Pheasant\n|-damage|p1b: Pheasant|29\/100\n|move|p2b: Pickle Tickle|Knock Off|p1a: Juice Bar\n|-damage|p1a: Juice Bar|67\/100\n|-enditem|p1a: Juice Bar|Leftovers|[from] move: Knock Off|[of] p2b: Pickle Tickle\n|move|p1b: Pheasant|Heat Wave|p2a: Bend Over|[spread] p2a,p2b\n|-resisted|p2b: Pickle Tickle\n|-damage|p2a: Bend Over|27\/100\n|-damage|p2b: Pickle Tickle|31\/100\n|-status|p2b: Pickle Tickle|brn\n|move|p1a: Juice Bar|Encore|p1b: Pheasant\n|-start|p1b: Pheasant|Encore\n|\n|-heal|p2a: Bend Over|33\/100|[from] item: Leftovers\n|-damage|p2b: Pickle Tickle|25\/100 brn|[from] brn\n|upkeep\n|turn|20\n|\n|t:|1696403711\n|move|p2a: Bend Over|Shadow Ball|p1b: Pheasant\n|-damage|p1b: Pheasant|0 fnt\n|faint|p1b: Pheasant\n|move|p2b: Pickle Tickle|Scald|p1a: Juice Bar\n|-supereffective|p1a: Juice Bar\n|-crit|p1a: Juice Bar\n|-damage|p1a: Juice Bar|0 fnt\n|faint|p1a: Juice Bar\n|\n|win|LowksterP\n|raw|horizonfield's rating: 1035 &rarr; <strong>1023<\/strong><br \/>(-12 for losing)\n|raw|LowksterP's rating: 1116 &rarr; <strong>1135<\/strong><br \/>(+19 for winning)\n|l|\u2606horizonfield\n","uploadtime":1696403730,"views":6,"p1id":"horizonfield","p2id":"lowksterp","formatid":"gen9nationaldexdoubles","rating":1023,"private":0,"password":""}