{"id":"gen9nationaldexdoubles-1984399791","p1":"pd wogus","p2":"Greenheart_YT","format":"[Gen 9] National Dex Doubles","log":"|j|\u2606pd wogus\n|j|\u2606Greenheart_YT\n|t:|1699256804\n|gametype|doubles\n|player|p1|pd wogus|dawn|1110\n|player|p2|Greenheart_YT|iono|1027\n|teamsize|p1|6\n|teamsize|p2|6\n|gen|9\n|tier|[Gen 9] National Dex Doubles\n|rated|\n|rule|HP Percentage Mod: HP is shown in percentages\n|rule|Endless Battle Clause: Forcing endless battles is banned\n|rule|OHKO Clause: OHKO moves are banned\n|rule|Evasion Moves Clause: Evasion moves are banned\n|rule|Evasion Abilities Clause: Evasion abilities are banned\n|rule|Species Clause: Limit one of each Pok\u00e9mon\n|rule|Gravity Sleep Clause: The combination of sleep-inducing moves with imperfect accuracy and Gravity or Gigantamax Orbeetle are banned\n|clearpoke\n|poke|p1|Venusaur, M|\n|poke|p1|Hitmontop, M|\n|poke|p1|Torkoal, F|\n|poke|p1|Whimsicott, M|\n|poke|p1|Walking Wake|\n|poke|p1|Rillaboom, M|\n|poke|p2|Clefairy, M|\n|poke|p2|Sinistcha-Masterpiece|\n|poke|p2|Ogerpon-Wellspring, F|\n|poke|p2|Pelipper, F|\n|poke|p2|Torkoal, M|\n|poke|p2|Armarouge, F|\n|teampreview\n|inactive|Battle timer is ON: inactive players will automatically lose when time's up. (requested by pd wogus)\n|inactive|pd wogus has 120 seconds left.\n|\n|t:|1699256839\n|start\n|switch|p1a: Walking Wake|Walking Wake|100\/100\n|switch|p1b: Venusaur|Venusaur, M|100\/100\n|switch|p2a: Ducky|Pelipper, F|100\/100\n|switch|p2b: Toasty Roasty|Armarouge, F|100\/100\n|-weather|RainDance|[from] ability: Drizzle|[of] p2a: Ducky\n|turn|1\n|inactive|Greenheart_YT has 120 seconds left.\n|\n|t:|1699256880\n|switch|p1b: Torkoal|Torkoal, F|100\/100\n|-weather|SunnyDay|[from] ability: Drought|[of] p1b: Torkoal\n|-activate|p1a: Walking Wake|ability: Protosynthesis\n|-start|p1a: Walking Wake|protosynthesisspa\n|-terastallize|p2b: Toasty Roasty|Grass\n|move|p2a: Ducky|Helping Hand|p2b: Toasty Roasty\n|-singleturn|p2b: Toasty Roasty|Helping Hand|[of] p2a: Ducky\n|move|p1a: Walking Wake|Hydro Steam|p2b: Toasty Roasty\n|-resisted|p2b: Toasty Roasty\n|-damage|p2b: Toasty Roasty|60\/100\n|move|p2b: Toasty Roasty|Energy Ball|p1a: Walking Wake\n|-damage|p1a: Walking Wake|18\/100\n|\n|-weather|SunnyDay|[upkeep]\n|upkeep\n|turn|2\n|inactive|Greenheart_YT has 120 seconds left.\n|\n|t:|1699256917\n|switch|p2a: Soup|Sinistcha-Masterpiece|100\/100\n|-heal|p2b: Toasty Roasty|84\/100|[from] ability: Hospitality|[of] p2a: Soup\n|move|p1a: Walking Wake|Draco Meteor|p2b: Toasty Roasty|[miss]\n|-miss|p1a: Walking Wake|p2b: Toasty Roasty\n|move|p2b: Toasty Roasty|Energy Ball|p1a: Walking Wake\n|-damage|p1a: Walking Wake|0 fnt\n|faint|p1a: Walking Wake\n|-end|p1a: Walking Wake|Protosynthesis|[silent]\n|move|p1b: Torkoal|Eruption|p2b: Toasty Roasty|[spread] p2a,p2b\n|-supereffective|p2a: Soup\n|-supereffective|p2b: Toasty Roasty\n|-damage|p2a: Soup|0 fnt\n|-damage|p2b: Toasty Roasty|0 fnt\n|faint|p2a: Soup\n|faint|p2b: Toasty Roasty\n|\n|-weather|SunnyDay|[upkeep]\n|upkeep\n|inactive|Greenheart_YT has 120 seconds left.\n|\n|t:|1699256934\n|switch|p1a: Rillaboom|Rillaboom, M|100\/100\n|switch|p2b: Ogerpon|Ogerpon-Wellspring, F|100\/100\n|switch|p2a: Ducky|Pelipper, F|100\/100\n|-fieldstart|move: Grassy Terrain|[from] ability: Grassy Surge|[of] p1a: Rillaboom\n|-weather|RainDance|[from] ability: Drizzle|[of] p2a: Ducky\n|turn|3\n|\n|t:|1699256952\n|switch|p1b: Venusaur|Venusaur, M|100\/100\n|move|p2a: Ducky|Helping Hand|p2b: Ogerpon\n|-singleturn|p2b: Ogerpon|Helping Hand|[of] p2a: Ducky\n|move|p1a: Rillaboom|Fake Out|p2a: Ducky\n|-damage|p2a: Ducky|88\/100\n|move|p2b: Ogerpon|Ivy Cudgel|p1b: Venusaur\n|-resisted|p1b: Venusaur\n|-damage|p1b: Venusaur|5\/100\n|\n|-weather|RainDance|[upkeep]\n|-heal|p1b: Venusaur|11\/100|[from] Grassy Terrain\n|upkeep\n|turn|4\n|\n|t:|1699256977\n|switch|p2b: Roasty Toasty|Torkoal, M|100\/100\n|-weather|SunnyDay|[from] ability: Drought|[of] p2b: Roasty Toasty\n|switch|p1a: Torkoal|Torkoal, F|100\/100\n|move|p1b: Venusaur|Giga Drain|p2a: Ducky\n|-damage|p2a: Ducky|2\/100\n|-heal|p1b: Venusaur|58\/100|[from] drain|[of] p2a: Ducky\n|-damage|p1b: Venusaur|48\/100|[from] item: Life Orb\n|move|p2a: Ducky|U-turn|p1b: Venusaur\n|-damage|p1b: Venusaur|36\/100\n|inactive|Greenheart_YT has 120 seconds left.\n|\n|t:|1699256999\n|switch|p2a: Ogerpon|Ogerpon-Wellspring, F|100\/100|[from] U-turn\n|\n|-weather|SunnyDay|[upkeep]\n|-heal|p1b: Venusaur|42\/100|[from] Grassy Terrain\n|upkeep\n|turn|5\n|inactive|Greenheart_YT has 120 seconds left.\n|\n|t:|1699257017\n|switch|p1b: Rillaboom|Rillaboom, M|100\/100\n|switch|p1a: Hitmontop|Hitmontop, M|100\/100\n|-ability|p1a: Hitmontop|Intimidate|boost\n|-unboost|p2a: Ogerpon|atk|1\n|-unboost|p2b: Roasty Toasty|atk|1\n|move|p2a: Ogerpon|Ivy Cudgel|p1a: Hitmontop\n|-damage|p1a: Hitmontop|79\/100\n|move|p2b: Roasty Toasty|Heat Wave|p1a: Hitmontop|[spread] p1a,p1b\n|-supereffective|p1b: Rillaboom\n|-damage|p1a: Hitmontop|50\/100\n|-damage|p1b: Rillaboom|17\/100\n|-enditem|p1a: Hitmontop|Sitrus Berry|[eat]\n|-heal|p1a: Hitmontop|75\/100|[from] item: Sitrus Berry\n|\n|-weather|SunnyDay|[upkeep]\n|-heal|p1b: Rillaboom|23\/100|[from] Grassy Terrain\n|-heal|p1a: Hitmontop|81\/100|[from] Grassy Terrain\n|upkeep\n|turn|6\n|\n|t:|1699257040\n|switch|p2a: Chi Mii Miiiiii|Clefairy, M|100\/100\n|move|p1a: Hitmontop|Fake Out|p2a: Chi Mii Miiiiii\n|-damage|p2a: Chi Mii Miiiiii|90\/100\n|move|p1b: Rillaboom|Wood Hammer|p2a: Chi Mii Miiiiii\n|-damage|p2a: Chi Mii Miiiiii|0 fnt\n|faint|p2a: Chi Mii Miiiiii\n|-damage|p1b: Rillaboom|0 fnt|[from] Recoil\n|faint|p1b: Rillaboom\n|move|p2b: Roasty Toasty|Heat Wave|p1a: Hitmontop\n|-damage|p1a: Hitmontop|43\/100\n|\n|-weather|SunnyDay|[upkeep]\n|-heal|p1a: Hitmontop|50\/100|[from] Grassy Terrain\n|upkeep\n|\n|t:|1699257057\n|switch|p1b: Venusaur|Venusaur, M|42\/100\n|switch|p2a: Ducky|Pelipper, F|2\/100\n|-weather|RainDance|[from] ability: Drizzle|[of] p2a: Ducky\n|turn|7\n|\n|t:|1699257083\n|move|p2a: Ducky|Protect|p2a: Ducky\n|-singleturn|p2a: Ducky|Protect\n|move|p1a: Hitmontop|Wide Guard|p1a: Hitmontop\n|-singleturn|p1a: Hitmontop|Wide Guard\n|move|p1b: Venusaur|Giga Drain|p2a: Ducky\n|-activate|p2a: Ducky|move: Protect\n|move|p2b: Roasty Toasty|Heat Wave|p1b: Venusaur|[spread] \n|-activate|p1a: Hitmontop|move: Wide Guard\n|-activate|p1b: Venusaur|move: Wide Guard\n|\n|-weather|RainDance|[upkeep]\n|-heal|p1b: Venusaur|48\/100|[from] Grassy Terrain\n|-heal|p1a: Hitmontop|56\/100|[from] Grassy Terrain\n|-fieldend|move: Grassy Terrain\n|upkeep\n|turn|8\n|\n|t:|1699257104\n|move|p2a: Ducky|Helping Hand|p2b: Roasty Toasty\n|-singleturn|p2b: Roasty Toasty|Helping Hand|[of] p2a: Ducky\n|move|p1a: Hitmontop|Wide Guard|p1a: Hitmontop\n|-singleturn|p1a: Hitmontop|Wide Guard\n|move|p1b: Venusaur|Giga Drain|p2a: Ducky\n|-damage|p2a: Ducky|0 fnt\n|-heal|p1b: Venusaur|48\/100|[from] drain|[of] p2a: Ducky\n|faint|p2a: Ducky\n|-damage|p1b: Venusaur|38\/100|[from] item: Life Orb\n|move|p2b: Roasty Toasty|Heat Wave|p1b: Venusaur|[spread] \n|-activate|p1a: Hitmontop|move: Wide Guard\n|-activate|p1b: Venusaur|move: Wide Guard\n|\n|-weather|RainDance|[upkeep]\n|upkeep\n|inactive|Greenheart_YT has 120 seconds left.\n|\n|t:|1699257122\n|switch|p2a: Ogerpon|Ogerpon-Wellspring, F|100\/100\n|turn|9\n|\n|t:|1699257136\n|switch|p1a: Torkoal|Torkoal, F|100\/100\n|-weather|SunnyDay|[from] ability: Drought|[of] p1a: Torkoal\n|move|p1b: Venusaur|Sludge Bomb|p2a: Ogerpon\n|-supereffective|p2a: Ogerpon\n|-damage|p2a: Ogerpon|0 fnt\n|faint|p2a: Ogerpon\n|-damage|p1b: Venusaur|28\/100|[from] item: Life Orb\n|move|p2b: Roasty Toasty|Clear Smog|p1b: Venusaur\n|-damage|p1b: Venusaur|17\/100\n|-clearboost|p1b: Venusaur\n|\n|-weather|SunnyDay|[upkeep]\n|upkeep\n|turn|10\n|c|\u2606Greenheart_YT|!dt wide guard\n|raw|<ul class=\"utilichart\"><li class=\"result\"><span class=\"col movenamecol\"><a href=\"https:\/\/dex.pokemonshowdown.com\/moves\/wideguard\">Wide Guard<\/a><\/span> <span class=\"col typecol\"><img src=\"\/\/play.pokemonshowdown.com\/sprites\/types\/Rock.png\" alt=\"Rock\" width=\"32\" height=\"14\"><img src=\"\/\/play.pokemonshowdown.com\/sprites\/categories\/Status.png\" alt=\"Status\" width=\"32\" height=\"14\"><\/span> <span class=\"col widelabelcol\"><em>Accuracy<\/em><br>\u2014<\/span> <span class=\"col pplabelcol\"><em>PP<\/em><br>16<\/span> <span class=\"col movedesccol\">Protects allies from multi-target moves this turn.<\/span> <\/li><li style=\"clear:both\"><\/li><\/ul>\n|raw|<font size=\"1\"><font color=\"#686868\">Priority:<\/font> 3&nbsp;|&ThickSpace;<font color=\"#686868\">Gen:<\/font> 5&nbsp;|&ThickSpace;&#10003; Bypasses Protect&nbsp;|&ThickSpace;<font color=\"#686868\">Z-Effect:<\/font>  Defense +1&nbsp;|&ThickSpace;<font color=\"#686868\">Target:<\/font> User's Side<\/font>\n\n|inactive|Greenheart_YT has 120 seconds left.\n|\n|t:|1699257172\n|move|p1b: Venusaur|Sleep Powder|p2b: Roasty Toasty\n|-status|p2b: Roasty Toasty|slp|[from] move: Sleep Powder\n|cant|p2b: Roasty Toasty|slp\n|move|p1a: Torkoal|Earth Power|p2b: Roasty Toasty\n|-supereffective|p2b: Roasty Toasty\n|-damage|p2b: Roasty Toasty|46\/100 slp\n|\n|-weather|SunnyDay|[upkeep]\n|-heal|p2b: Roasty Toasty|53\/100 slp|[from] item: Leftovers\n|upkeep\n|turn|11\n|-message|Greenheart_YT forfeited.\n|\n|win|pd wogus\n|raw|pd wogus's rating: 1110 &rarr; <strong>1129<\/strong><br \/>(+19 for winning)\n|raw|Greenheart_YT's rating: 1027 &rarr; <strong>1016<\/strong><br \/>(-11 for losing)\n|l|\u2606Greenheart_YT\n","uploadtime":1699257186,"views":7,"p1id":"pdwogus","p2id":"greenheartyt","formatid":"gen9nationaldexdoubles","rating":1016,"private":0,"password":""}