{"id":"gen9nationaldexdoubles-2000448539","p1":"McCraleb","p2":"0 Defender 0","format":"[Gen 9] National Dex Doubles","log":"|j|\u2606McCraleb\n|j|\u26060 Defender 0\n|t:|1701195700\n|gametype|doubles\n|player|p1|McCraleb|janine|1084\n|player|p2|0 Defender 0|hugh|1000\n|teamsize|p1|6\n|teamsize|p2|6\n|gen|9\n|tier|[Gen 9] National Dex Doubles\n|rated|\n|rule|HP Percentage Mod: HP is shown in percentages\n|rule|Endless Battle Clause: Forcing endless battles is banned\n|rule|OHKO Clause: OHKO moves are banned\n|rule|Evasion Moves Clause: Evasion moves are banned\n|rule|Evasion Abilities Clause: Evasion abilities are banned\n|rule|Species Clause: Limit one of each Pok\u00e9mon\n|rule|Gravity Sleep Clause: The combination of sleep-inducing moves with imperfect accuracy and Gravity or Gigantamax Orbeetle are banned\n|clearpoke\n|poke|p1|Empoleon, M|\n|poke|p1|Murkrow, M|\n|poke|p1|Kilowattrel, M|\n|poke|p1|Altaria, M|\n|poke|p1|Quaquaval, F|\n|poke|p1|Decidueye-Hisui, M|\n|poke|p2|Beheeyem, F|\n|poke|p2|Frillish, F|\n|poke|p2|Oranguru, M|\n|poke|p2|Leafeon, F|\n|poke|p2|Claydol|\n|poke|p2|Nihilego|\n|teampreview\n|\n|t:|1701195718\n|start\n|switch|p1a: Murkrow|Murkrow, M|100\/100\n|switch|p1b: Empoleon|Empoleon, M|100\/100\n|switch|p2a: Beheeyem|Beheeyem, F, shiny|100\/100\n|switch|p2b: Frillish|Frillish, F, shiny|100\/100\n|turn|1\n|\n|t:|1701195740\n|-terastallize|p1b: Empoleon|Dark\n|move|p1a: Murkrow|U-turn|p1b: Empoleon\n|-supereffective|p1b: Empoleon\n|-damage|p1b: Empoleon|80\/100\n|-enditem|p1b: Empoleon|Weakness Policy\n|-boost|p1b: Empoleon|atk|2|[from] item: Weakness Policy\n|-boost|p1b: Empoleon|spa|2|[from] item: Weakness Policy\n|\n|t:|1701195753\n|switch|p1a: Quaquaval|Quaquaval, F|100\/100|[from] U-turn\n|move|p2a: Beheeyem|Imprison|p2a: Beheeyem\n|-start|p2a: Beheeyem|move: Imprison\n|move|p1b: Empoleon|Tera Blast|p2b: Frillish|[anim] Tera Blast Dark\n|-supereffective|p2b: Frillish\n|-damage|p2b: Frillish|0 fnt\n|faint|p2b: Frillish\n|\n|upkeep\n|\n|t:|1701195767\n|switch|p2b: Leafeon|Leafeon, F, shiny|100\/100\n|turn|2\n|\n|t:|1701195804\n|switch|p2a: Claydol|Claydol, shiny|100\/100\n|move|p2b: Leafeon|Leech Seed|p1a: Quaquaval\n|-start|p1a: Quaquaval|move: Leech Seed\n|move|p1a: Quaquaval|Focus Energy|p1a: Quaquaval\n|-start|p1a: Quaquaval|move: Focus Energy\n|move|p1b: Empoleon|Tera Blast|p2a: Claydol|[anim] Tera Blast Dark\n|-supereffective|p2a: Claydol\n|-damage|p2a: Claydol|0 fnt\n|faint|p2a: Claydol\n|\n|-damage|p1a: Quaquaval|88\/100|[from] Leech Seed|[of] p2b: Leafeon\n|upkeep\n|\n|t:|1701195818\n|switch|p2a: Oranguru|Oranguru, M, shiny|100\/100\n|turn|3\n|\n|t:|1701195828\n|move|p2b: Leafeon|Swords Dance|p2b: Leafeon\n|-boost|p2b: Leafeon|atk|2\n|move|p1a: Quaquaval|Baton Pass|p1a: Quaquaval\n|\n|t:|1701195832\n|switch|p1a: Decidueye|Decidueye-Hisui, M|100\/100|[from] Baton Pass\n|move|p1b: Empoleon|Tera Blast|p2a: Oranguru|[anim] Tera Blast Dark\n|-supereffective|p2a: Oranguru\n|-damage|p2a: Oranguru|15\/100\n|move|p2a: Oranguru|Instruct|p2b: Leafeon\n|-singleturn|p2b: Leafeon|move: Instruct|[of] p2a: Oranguru\n|move|p2b: Leafeon|Swords Dance|p2b: Leafeon\n|-boost|p2b: Leafeon|atk|2\n|\n|-damage|p1a: Decidueye|88\/100|[from] Leech Seed|[of] p2b: Leafeon\n|upkeep\n|turn|4\n|\n|t:|1701195862\n|move|p1b: Empoleon|Protect|p1b: Empoleon\n|-singleturn|p1b: Empoleon|Protect\n|move|p2b: Leafeon|Yawn|p1a: Decidueye\n|-start|p1a: Decidueye|move: Yawn|[of] p2b: Leafeon\n|move|p1a: Decidueye|Dual Wingbeat|p2b: Leafeon\n|-supereffective|p2b: Leafeon\n|-crit|p2b: Leafeon\n|-damage|p2b: Leafeon|58\/100\n|-supereffective|p2b: Leafeon\n|-crit|p2b: Leafeon\n|-damage|p2b: Leafeon|19\/100\n|-hitcount|p2b: Leafeon|2\n|move|p2a: Oranguru|Pain Split|p1b: Empoleon\n|-activate|p1b: Empoleon|move: Protect\n|\n|-damage|p1a: Decidueye|76\/100|[from] Leech Seed|[of] p2b: Leafeon\n|-heal|p2b: Leafeon|36\/100|[silent]\n|upkeep\n|turn|5\n|\n|t:|1701195893\n|switch|p2b: Nihilego|Nihilego, shiny|100\/100\n|switch|p1a: Murkrow|Murkrow, M|100\/100\n|move|p1b: Empoleon|Tera Blast|p2b: Nihilego|[anim] Tera Blast Dark\n|-damage|p2b: Nihilego|65\/100\n|move|p2a: Oranguru|Pain Split|p1b: Empoleon\n|-sethp|p1b: Empoleon|47\/100|[from] move: Pain Split|[silent]\n|-sethp|p2a: Oranguru|46\/100|[from] move: Pain Split\n|\n|-heal|p2b: Nihilego|72\/100|[from] item: Leftovers\n|upkeep\n|turn|6\n|\n|t:|1701195918\n|move|p2a: Oranguru|Protect|p2a: Oranguru\n|-singleturn|p2a: Oranguru|Protect\n|move|p1a: Murkrow|Tailwind|p1a: Murkrow\n|-sidestart|p1: McCraleb|move: Tailwind\n|move|p1b: Empoleon|Flash Cannon|p2b: Nihilego\n|-supereffective|p2b: Nihilego\n|-damage|p2b: Nihilego|1\/100\n|move|p2b: Nihilego|Grass Knot|p1b: Empoleon\n|-damage|p1b: Empoleon|24\/100\n|\n|-heal|p2b: Nihilego|8\/100|[from] item: Leftovers\n|upkeep\n|turn|7\n|\n|t:|1701195945\n|switch|p2b: Leafeon|Leafeon, F, shiny|36\/100\n|move|p2a: Oranguru|Protect|p2a: Oranguru\n|-singleturn|p2a: Oranguru|Protect\n|move|p1a: Murkrow|U-turn|p2b: Leafeon\n|-supereffective|p2b: Leafeon\n|-damage|p2b: Leafeon|8\/100\n|\n|t:|1701195959\n|switch|p1a: Quaquaval|Quaquaval, F|88\/100|[from] U-turn\n|move|p1b: Empoleon|Tera Blast|p2a: Oranguru|[anim] Tera Blast Dark\n|-activate|p2a: Oranguru|move: Protect\n|\n|-heal|p1a: Quaquaval|94\/100|[from] item: Leftovers\n|upkeep\n|turn|8\n|\n|t:|1701195977\n|move|p1a: Quaquaval|Aqua Step|p2b: Leafeon\n|-resisted|p2b: Leafeon\n|-damage|p2b: Leafeon|0 fnt\n|-boost|p1a: Quaquaval|spe|1\n|faint|p2b: Leafeon\n|-ability|p1a: Quaquaval|Moxie|boost\n|-boost|p1a: Quaquaval|atk|1\n|move|p1b: Empoleon|Tera Blast|p2a: Oranguru|[anim] Tera Blast Dark\n|-supereffective|p2a: Oranguru\n|-damage|p2a: Oranguru|0 fnt\n|faint|p2a: Oranguru\n|\n|-heal|p1a: Quaquaval|100\/100|[from] item: Leftovers\n|upkeep\n|\n|t:|1701196001\n|switch|p2b: Nihilego|Nihilego, shiny|8\/100\n|switch|p2a: Beheeyem|Beheeyem, F, shiny|100\/100\n|turn|9\n|\n|t:|1701196011\n|move|p1a: Quaquaval|Aqua Step|p2b: Nihilego\n|-supereffective|p2b: Nihilego\n|-damage|p2b: Nihilego|0 fnt\n|-boost|p1a: Quaquaval|spe|1\n|faint|p2b: Nihilego\n|-ability|p1a: Quaquaval|Moxie|boost\n|-boost|p1a: Quaquaval|atk|1\n|move|p1b: Empoleon|Tera Blast|p2a: Beheeyem|[anim] Tera Blast Dark\n|-supereffective|p2a: Beheeyem\n|-damage|p2a: Beheeyem|0 fnt\n|faint|p2a: Beheeyem\n|\n|win|McCraleb\n|raw|McCraleb's rating: 1084 &rarr; <strong>1105<\/strong><br \/>(+21 for winning)\n|raw|0 Defender 0's rating: 1000 &rarr; <strong>1000<\/strong><br \/>(+0 for losing)\n|l|\u26060 Defender 0\n","uploadtime":1701196028,"views":8,"p1id":"mccraleb","p2id":"0defender0","formatid":"gen9nationaldexdoubles","rating":1000,"private":0,"password":""}