{"id":"gen9nationaldexdoubles-1996335315","p1":"JayTodd13","p2":"13KStephen","format":"[Gen 9] National Dex Doubles","log":"|j|\u2606JayTodd13\n|j|\u260613KStephen\n|t:|1700672267\n|gametype|doubles\n|player|p1|JayTodd13|blue|1219\n|player|p2|13KStephen|lucas|1298\n|teamsize|p1|6\n|teamsize|p2|6\n|gen|9\n|tier|[Gen 9] National Dex Doubles\n|rated|\n|rule|HP Percentage Mod: HP is shown in percentages\n|rule|Endless Battle Clause: Forcing endless battles is banned\n|rule|OHKO Clause: OHKO moves are banned\n|rule|Evasion Moves Clause: Evasion moves are banned\n|rule|Evasion Abilities Clause: Evasion abilities are banned\n|rule|Species Clause: Limit one of each Pok\u00e9mon\n|rule|Gravity Sleep Clause: The combination of sleep-inducing moves with imperfect accuracy and Gravity or Gigantamax Orbeetle are banned\n|clearpoke\n|poke|p1|Incineroar, F|\n|poke|p1|Rillaboom, F|\n|poke|p1|Azumarill, F|\n|poke|p1|Gholdengo|\n|poke|p1|Kommo-o, F|\n|poke|p1|Tornadus, M|\n|poke|p2|Absol, F|\n|poke|p2|Flutter Mane|\n|poke|p2|Conkeldurr, F|\n|poke|p2|Torkoal, M|\n|poke|p2|Leafeon, M|\n|poke|p2|Gastrodon, M|\n|teampreview\n|\n|t:|1700672286\n|start\n|switch|p1a: Gholdengo|Gholdengo|100\/100\n|switch|p1b: Tornadus|Tornadus, M|100\/100\n|switch|p2a: Mr. Brightside|Torkoal, M|100\/100\n|switch|p2b: Chloe|Absol, F|100\/100\n|-weather|SunnyDay|[from] ability: Drought|[of] p2a: Mr. Brightside\n|turn|1\n|\n|t:|1700672305\n|detailschange|p2b: Chloe|Absol-Mega, F\n|-mega|p2b: Chloe|Absol|Absolite\n|-terastallize|p1a: Gholdengo|Dragon\n|move|p2b: Chloe|Protect|p2b: Chloe\n|-singleturn|p2b: Chloe|Protect\n|move|p1b: Tornadus|Rain Dance|p1b: Tornadus\n|-weather|RainDance\n|move|p1a: Gholdengo|Shadow Ball|p2b: Chloe\n|-activate|p2b: Chloe|move: Protect\n|move|p2a: Mr. Brightside|Flamethrower|p1a: Gholdengo\n|-resisted|p1a: Gholdengo\n|-damage|p1a: Gholdengo|89\/100\n|\n|-weather|RainDance|[upkeep]\n|upkeep\n|turn|2\n|\n|t:|1700672326\n|switch|p2b: Nessie|Gastrodon, M|100\/100\n|move|p1a: Gholdengo|Shadow Ball|p2a: Mr. Brightside\n|-damage|p2a: Mr. Brightside|35\/100\n|-enditem|p2a: Mr. Brightside|Sitrus Berry|[eat]\n|-heal|p2a: Mr. Brightside|60\/100|[from] item: Sitrus Berry\n|-damage|p1a: Gholdengo|79\/100|[from] item: Life Orb\n|move|p1b: Tornadus|Bleakwind Storm|p2b: Nessie|[spread] p2a,p2b\n|-damage|p2a: Mr. Brightside|13\/100\n|-damage|p2b: Nessie|66\/100\n|move|p2a: Mr. Brightside|Stealth Rock|p1a: Gholdengo\n|-sidestart|p1: JayTodd13|move: Stealth Rock\n|\n|-weather|RainDance|[upkeep]\n|-heal|p2b: Nessie|72\/100|[from] item: Leftovers\n|upkeep\n|turn|3\n|\n|t:|1700672359\n|switch|p2a: Chloe|Absol-Mega, F|100\/100\n|move|p2b: Nessie|Protect|p2b: Nessie\n|-singleturn|p2b: Nessie|Protect\n|move|p1a: Gholdengo|Shadow Ball|p2b: Nessie\n|-activate|p2b: Nessie|move: Protect\n|move|p1b: Tornadus|Bleakwind Storm|p2b: Nessie|[spread] p2a\n|-activate|p2b: Nessie|move: Protect\n|-damage|p2a: Chloe|26\/100\n|-unboost|p2a: Chloe|spe|1\n|\n|-weather|RainDance|[upkeep]\n|-heal|p2b: Nessie|78\/100|[from] item: Leftovers\n|upkeep\n|turn|4\n|\n|t:|1700672379\n|move|p1a: Gholdengo|Protect|p1a: Gholdengo\n|-singleturn|p1a: Gholdengo|Protect\n|move|p2a: Chloe|Sucker Punch||[still]\n|-fail|p2a: Chloe\n|move|p1b: Tornadus|Bleakwind Storm|p2b: Nessie|[spread] p2a,p2b\n|-damage|p2a: Chloe|0 fnt\n|-damage|p2b: Nessie|42\/100\n|faint|p2a: Chloe\n|move|p2b: Nessie|Scald|p1a: Gholdengo\n|-activate|p1a: Gholdengo|move: Protect\n|\n|-weather|RainDance|[upkeep]\n|-heal|p2b: Nessie|48\/100|[from] item: Leftovers\n|upkeep\n|\n|t:|1700672383\n|switch|p2a: The Violence|Conkeldurr, F|100\/100\n|turn|5\n|\n|t:|1700672402\n|-terastallize|p2a: The Violence|Steel\n|move|p1a: Gholdengo|Shadow Ball|p2a: The Violence\n|-damage|p2a: The Violence|34\/100\n|-damage|p1a: Gholdengo|69\/100|[from] item: Life Orb\n|move|p1b: Tornadus|Bleakwind Storm|p2b: Nessie|[spread] p2a,p2b\n|-resisted|p2a: The Violence\n|-damage|p2a: The Violence|9\/100\n|-damage|p2b: Nessie|11\/100\n|move|p2a: The Violence|Ice Punch|p1a: Gholdengo\n|-supereffective|p1a: Gholdengo\n|-damage|p1a: Gholdengo|0 fnt\n|faint|p1a: Gholdengo\n|move|p2b: Nessie|Recover|p2b: Nessie\n|-heal|p2b: Nessie|61\/100\n|\n|-weather|none\n|-heal|p2b: Nessie|67\/100|[from] item: Leftovers\n|-status|p2a: The Violence|brn|[from] item: Flame Orb\n|upkeep\n|\n|t:|1700672408\n|switch|p1a: Rillaboom|Rillaboom, F|100\/100\n|-damage|p1a: Rillaboom|88\/100|[from] Stealth Rock\n|-fieldstart|move: Grassy Terrain|[from] ability: Grassy Surge|[of] p1a: Rillaboom\n|turn|6\n|\n|t:|1700672427\n|switch|p1b: Azumarill|Azumarill, F|100\/100\n|-damage|p1b: Azumarill|88\/100|[from] Stealth Rock\n|switch|p2b: Mr. Brightside|Torkoal, M|13\/100\n|-weather|SunnyDay|[from] ability: Drought|[of] p2b: Mr. Brightside\n|move|p2a: The Violence|Wide Guard|p2a: The Violence\n|-singleturn|p2a: The Violence|Wide Guard\n|move|p1a: Rillaboom|Grassy Glide|p2a: The Violence\n|-resisted|p2a: The Violence\n|-damage|p2a: The Violence|0 fnt\n|faint|p2a: The Violence\n|\n|-weather|SunnyDay|[upkeep]\n|-heal|p1a: Rillaboom|94\/100|[from] Grassy Terrain\n|-heal|p1b: Azumarill|94\/100|[from] Grassy Terrain\n|-heal|p2b: Mr. Brightside|19\/100|[from] Grassy Terrain\n|upkeep\n|\n|t:|1700672446\n|switch|p2a: Dorian|Leafeon, M|100\/100\n|turn|7\n|\n|t:|1700672454\n|switch|p1b: Incineroar|Incineroar, F|100\/100\n|-damage|p1b: Incineroar|76\/100|[from] Stealth Rock\n|-ability|p1b: Incineroar|Intimidate|boost\n|-unboost|p2a: Dorian|atk|1\n|-unboost|p2b: Mr. Brightside|atk|1\n|move|p2a: Dorian|Leaf Blade|p1b: Incineroar\n|-resisted|p1b: Incineroar\n|-crit|p1b: Incineroar\n|-damage|p1b: Incineroar|27\/100\n|move|p1a: Rillaboom|Stomping Tantrum|p2b: Mr. Brightside\n|-supereffective|p2b: Mr. Brightside\n|-damage|p2b: Mr. Brightside|0 fnt\n|faint|p2b: Mr. Brightside\n|\n|-weather|SunnyDay|[upkeep]\n|-heal|p1a: Rillaboom|100\/100|[from] Grassy Terrain\n|-heal|p1b: Incineroar|33\/100|[from] Grassy Terrain\n|upkeep\n|\n|t:|1700672469\n|switch|p2b: Flutter Mane|Flutter Mane|100\/100\n|-activate|p2b: Flutter Mane|ability: Protosynthesis\n|-start|p2b: Flutter Mane|protosynthesisspe\n|turn|8\n|\n|t:|1700672488\n|move|p1b: Incineroar|Fake Out|p2a: Dorian\n|-damage|p2a: Dorian|88\/100\n|move|p2b: Flutter Mane|Mystical Fire|p1a: Rillaboom\n|-supereffective|p1a: Rillaboom\n|-damage|p1a: Rillaboom|0 fnt\n|faint|p1a: Rillaboom\n|cant|p2a: Dorian|flinch\n|\n|-weather|SunnyDay|[upkeep]\n|-heal|p2a: Dorian|94\/100|[from] Grassy Terrain\n|-heal|p1b: Incineroar|39\/100|[from] Grassy Terrain\n|upkeep\n|\n|t:|1700672494\n|switch|p1a: Tornadus|Tornadus, M|100\/100\n|-damage|p1a: Tornadus|76\/100|[from] Stealth Rock\n|turn|9\n|\n|t:|1700672537\n|move|p1a: Tornadus|Rain Dance|p1a: Tornadus\n|-weather|RainDance\n|-end|p2b: Flutter Mane|Protosynthesis\n|move|p2b: Flutter Mane|Mystical Fire|p1b: Incineroar\n|-resisted|p1b: Incineroar\n|-damage|p1b: Incineroar|30\/100\n|-unboost|p1b: Incineroar|spa|1\n|move|p2a: Dorian|Leaf Blade|p1b: Incineroar\n|-resisted|p1b: Incineroar\n|-damage|p1b: Incineroar|9\/100\n|-enditem|p1b: Incineroar|Aguav Berry|[eat]\n|-heal|p1b: Incineroar|42\/100|[from] item: Aguav Berry\n|move|p1b: Incineroar|Parting Shot|p2b: Flutter Mane\n|-unboost|p2b: Flutter Mane|atk|1\n|-unboost|p2b: Flutter Mane|spa|1\n|\n|t:|1700672565\n|switch|p1b: Azumarill|Azumarill, F|94\/100|[from] Parting Shot\n|-damage|p1b: Azumarill|82\/100|[from] Stealth Rock\n|\n|-weather|RainDance|[upkeep]\n|-heal|p2a: Dorian|99\/100|[from] Grassy Terrain\n|-heal|p1b: Azumarill|88\/100|[from] Grassy Terrain\n|upkeep\n|turn|10\n|\n|t:|1700672584\n|-end|p2b: Flutter Mane|Protosynthesis|[silent]\n|switch|p2b: Nessie|Gastrodon, M|67\/100\n|move|p1b: Azumarill|Aqua Jet|p2b: Nessie\n|-ability|p2b: Nessie|Storm Drain|boost\n|-boost|p2b: Nessie|spa|1\n|move|p1a: Tornadus|Bleakwind Storm|p2b: Nessie|[spread] p2a,p2b\n|-supereffective|p2a: Dorian\n|-damage|p2a: Dorian|0 fnt\n|-damage|p2b: Nessie|33\/100\n|faint|p2a: Dorian\n|\n|-weather|RainDance|[upkeep]\n|-heal|p1b: Azumarill|94\/100|[from] Grassy Terrain\n|-heal|p2b: Nessie|39\/100|[from] Grassy Terrain\n|-heal|p2b: Nessie|45\/100|[from] item: Leftovers\n|-fieldend|move: Grassy Terrain\n|upkeep\n|\n|t:|1700672596\n|switch|p2a: Flutter Mane|Flutter Mane|100\/100\n|turn|11\n|\n|t:|1700672617\n|switch|p1b: Incineroar|Incineroar, F|42\/100\n|-damage|p1b: Incineroar|17\/100|[from] Stealth Rock\n|-ability|p1b: Incineroar|Intimidate|boost\n|-unboost|p2a: Flutter Mane|atk|1\n|-unboost|p2b: Nessie|atk|1\n|move|p2a: Flutter Mane|Moonblast|p1a: Tornadus\n|-damage|p1a: Tornadus|0 fnt\n|faint|p1a: Tornadus\n|move|p2b: Nessie|Recover|p2b: Nessie\n|-heal|p2b: Nessie|95\/100\n|\n|-weather|RainDance|[upkeep]\n|-heal|p2b: Nessie|100\/100|[from] item: Leftovers\n|upkeep\n|\n|t:|1700672627\n|switch|p1a: Kommo-o|Kommo-o, F|100\/100\n|-damage|p1a: Kommo-o|94\/100|[from] Stealth Rock\n|turn|12\n|\n|t:|1700672646\n|move|p2a: Flutter Mane|Moonblast|p1a: Kommo-o\n|-supereffective|p1a: Kommo-o\n|-damage|p1a: Kommo-o|0 fnt\n|faint|p1a: Kommo-o\n|move|p1b: Incineroar|Flare Blitz|p2a: Flutter Mane\n|-damage|p2a: Flutter Mane|28\/100\n|-damage|p1b: Incineroar|2\/100|[from] Recoil\n|move|p2b: Nessie|Earth Power|p1b: Incineroar\n|-supereffective|p1b: Incineroar\n|-damage|p1b: Incineroar|0 fnt\n|faint|p1b: Incineroar\n|\n|-weather|RainDance|[upkeep]\n|upkeep\n|\n|t:|1700672649\n|switch|p1b: Azumarill|Azumarill, F|94\/100\n|-damage|p1b: Azumarill|82\/100|[from] Stealth Rock\n|turn|13\n|\n|t:|1700672658\n|move|p2a: Flutter Mane|Moonblast|p1b: Azumarill\n|-damage|p1b: Azumarill|7\/100\n|-unboost|p1b: Azumarill|spa|1\n|-enditem|p1b: Azumarill|Sitrus Berry|[eat]\n|-heal|p1b: Azumarill|32\/100|[from] item: Sitrus Berry\n|move|p1b: Azumarill|Ice Spinner|p2a: Flutter Mane\n|-damage|p2a: Flutter Mane|0 fnt\n|faint|p2a: Flutter Mane\n|-end|p2a: Flutter Mane|Protosynthesis|[silent]\n|move|p2b: Nessie|Earth Power|p1b: Azumarill\n|-damage|p1b: Azumarill|0 fnt\n|faint|p1b: Azumarill\n|\n|win|13KStephen\n|raw|JayTodd13's rating: 1219 &rarr; <strong>1200<\/strong><br \/>(-19 for losing)\n|raw|13KStephen's rating: 1298 &rarr; <strong>1317<\/strong><br \/>(+19 for winning)\n|l|\u2606JayTodd13\n","uploadtime":1700672926,"views":0,"p1id":"jaytodd13","p2id":"13kstephen","formatid":"gen9nationaldexdoubles","rating":1200,"private":0,"password":""}