{"id":"gen9nationaldexdoubles-1962283730","p1":"DOUFBantheflutter","p2":"eragon11145","format":"[Gen 9] National Dex Doubles","log":"|j|\u2606DOUFBantheflutter\n|j|\u2606eragon11145\n|t:|1696726684\n|gametype|doubles\n|player|p1|DOUFBantheflutter|psychicf-gen4|\n|player|p2|eragon11145|#dwcopiii|\n|teamsize|p1|6\n|teamsize|p2|6\n|gen|9\n|tier|[Gen 9] National Dex Doubles\n|rated|Tournament battle\n|rule|HP Percentage Mod: HP is shown in percentages\n|rule|Endless Battle Clause: Forcing endless battles is banned\n|rule|OHKO Clause: OHKO moves are banned\n|rule|Evasion Moves Clause: Evasion moves are banned\n|rule|Evasion Abilities Clause: Evasion abilities are banned\n|rule|Species Clause: Limit one of each Pok\u00e9mon\n|rule|Gravity Sleep Clause: The combination of sleep-inducing moves with imperfect accuracy and Gravity or Gigantamax Orbeetle are banned\n|clearpoke\n|poke|p1|Metagross|\n|poke|p1|Amoonguss, F|\n|poke|p1|Ursaluna, F|\n|poke|p1|Kommo-o, M|\n|poke|p1|Incineroar, M|\n|poke|p1|Cresselia, F|\n|poke|p2|Tyranitar, M|\n|poke|p2|Excadrill, M|\n|poke|p2|Tornadus, M|\n|poke|p2|Ogerpon, F|\n|poke|p2|Dracovish|\n|poke|p2|Flutter Mane|\n|teampreview\n|inactive|Battle timer is ON: inactive players will automatically lose when time's up. (requested by DOUFBantheflutter)\n|inactive|eragon11145 also wants the timer to be on.\n|\n|t:|1696726705\n|start\n|switch|p1a: Incineroar|Incineroar, M, shiny|100\/100\n|switch|p1b: Kommo-o|Kommo-o, M|100\/100\n|switch|p2a: Ogerpon|Ogerpon, F|100\/100\n|switch|p2b: Tyranitar|Tyranitar, M|100\/100\n|-weather|Sandstorm|[from] ability: Sand Stream|[of] p2b: Tyranitar\n|-ability|p1a: Incineroar|Intimidate|boost\n|-unboost|p2a: Ogerpon|atk|1\n|-ability|p2a: Ogerpon|Defiant|boost\n|-boost|p2a: Ogerpon|atk|2\n|-unboost|p2b: Tyranitar|atk|1\n|turn|1\n|j|+Slash Death\n|\n|t:|1696726722\n|switch|p2b: Tornadus|Tornadus, M|100\/100\n|move|p1a: Incineroar|Fake Out|p2a: Ogerpon\n|-damage|p2a: Ogerpon|91\/100\n|-zpower|p1b: Kommo-o\n|move|p1b: Kommo-o|Clangorous Soulblaze|p2b: Tornadus|[zeffect]|[spread] p2a,p2b\n|-damage|p2a: Ogerpon|35\/100\n|-damage|p2b: Tornadus|33\/100\n|-boost|p1b: Kommo-o|atk|1\n|-boost|p1b: Kommo-o|def|1\n|-boost|p1b: Kommo-o|spa|1\n|-boost|p1b: Kommo-o|spd|1\n|-boost|p1b: Kommo-o|spe|1\n|move|p2a: Ogerpon|Ivy Cudgel|p1b: Kommo-o\n|-resisted|p1b: Kommo-o\n|-damage|p1b: Kommo-o|82\/100\n|\n|-weather|Sandstorm|[upkeep]\n|-damage|p1b: Kommo-o|76\/100|[from] Sandstorm\n|-damage|p2b: Tornadus|27\/100|[from] Sandstorm\n|-damage|p2a: Ogerpon|29\/100|[from] Sandstorm\n|-damage|p1a: Incineroar|94\/100|[from] Sandstorm\n|upkeep\n|turn|2\n|j| Onehance\n|j| cornpopbad\n|\n|t:|1696726740\n|move|p2b: Tornadus|Tailwind|p2b: Tornadus\n|-sidestart|p2: eragon11145|move: Tailwind\n|move|p2a: Ogerpon|Ivy Cudgel|p1b: Kommo-o\n|-resisted|p1b: Kommo-o\n|-damage|p1b: Kommo-o|54\/100\n|move|p1b: Kommo-o|Aura Sphere|p2a: Ogerpon\n|-damage|p2a: Ogerpon|0 fnt\n|faint|p2a: Ogerpon\n|move|p1a: Incineroar|Flare Blitz|p2b: Tornadus\n|-damage|p2b: Tornadus|0 fnt\n|faint|p2b: Tornadus\n|-damage|p1a: Incineroar|86\/100|[from] Recoil\n|\n|-weather|Sandstorm|[upkeep]\n|-damage|p1b: Kommo-o|48\/100|[from] Sandstorm\n|-damage|p1a: Incineroar|80\/100|[from] Sandstorm\n|upkeep\n|l| Onehance\n|\n|t:|1696726748\n|switch|p2b: Flutter Mane|Flutter Mane|100\/100\n|switch|p2a: Dracovish|Dracovish|100\/100\n|turn|3\n|j| Shushi-Bandit\n|\n|t:|1696726764\n|-terastallize|p1a: Incineroar|Grass\n|move|p2a: Dracovish|Fishious Rend|p1a: Incineroar\n|-resisted|p1a: Incineroar\n|-damage|p1a: Incineroar|36\/100\n|-enditem|p1a: Incineroar|Sitrus Berry|[eat]\n|-heal|p1a: Incineroar|61\/100|[from] item: Sitrus Berry\n|-damage|p2a: Dracovish|91\/100|[from] item: Life Orb\n|move|p2b: Flutter Mane|Dazzling Gleam|p1a: Incineroar|[spread] p1a,p1b\n|-supereffective|p1b: Kommo-o\n|-damage|p1a: Incineroar|26\/100\n|-damage|p1b: Kommo-o|0 fnt\n|faint|p1b: Kommo-o\n|move|p1a: Incineroar|Flare Blitz|p2b: Flutter Mane\n|-damage|p2b: Flutter Mane|7\/100\n|-damage|p1a: Incineroar|6\/100|[from] Recoil\n|\n|-weather|Sandstorm|[upkeep]\n|-damage|p2b: Flutter Mane|1\/100|[from] Sandstorm\n|-damage|p1a: Incineroar|0 fnt|[from] Sandstorm\n|faint|p1a: Incineroar\n|upkeep\n|\n|t:|1696726781\n|switch|p1b: Metagross|Metagross, shiny|100\/100\n|switch|p1a: Amoonguss|Amoonguss, F|100\/100\n|turn|4\n|\n|t:|1696726792\n|-end|p2b: Flutter Mane|Protosynthesis|[silent]\n|switch|p2b: Excadrill|Excadrill, M|100\/100\n|detailschange|p1b: Metagross|Metagross-Mega, shiny\n|-mega|p1b: Metagross|Metagross|Metagrossite\n|move|p1a: Amoonguss|Rage Powder|p1a: Amoonguss\n|-singleturn|p1a: Amoonguss|move: Rage Powder\n|move|p2a: Dracovish|Substitute|p2a: Dracovish\n|-start|p2a: Dracovish|Substitute\n|-damage|p2a: Dracovish|66\/100\n|move|p1b: Metagross|Ice Punch|p2a: Dracovish\n|-end|p2a: Dracovish|Substitute\n|\n|-weather|Sandstorm|[upkeep]\n|-damage|p1a: Amoonguss|94\/100|[from] Sandstorm\n|upkeep\n|turn|5\n|\n|t:|1696726801\n|-terastallize|p2b: Excadrill|Grass\n|move|p2a: Dracovish|Protect|p2a: Dracovish\n|-singleturn|p2a: Dracovish|Protect\n|move|p1b: Metagross|Protect|p1b: Metagross\n|-singleturn|p1b: Metagross|Protect\n|move|p2b: Excadrill|Earthquake|p1b: Metagross|[spread] p1a\n|-activate|p2a: Dracovish|move: Protect\n|-activate|p1b: Metagross|move: Protect\n|-damage|p1a: Amoonguss|43\/100\n|-enditem|p1a: Amoonguss|Sitrus Berry|[eat]\n|-heal|p1a: Amoonguss|68\/100|[from] item: Sitrus Berry\n|-damage|p2b: Excadrill|91\/100|[from] item: Life Orb\n|move|p1a: Amoonguss|Spore|p2b: Excadrill\n|-immune|p2b: Excadrill\n|\n|-weather|none\n|-sideend|p2: eragon11145|move: Tailwind\n|upkeep\n|turn|6\n|\n|t:|1696726813\n|switch|p2a: Tyranitar|Tyranitar, M|100\/100\n|-weather|Sandstorm|[from] ability: Sand Stream|[of] p2a: Tyranitar\n|move|p1a: Amoonguss|Rage Powder|p1a: Amoonguss\n|-singleturn|p1a: Amoonguss|move: Rage Powder\n|move|p2b: Excadrill|High Horsepower|p1b: Metagross|[miss]\n|-miss|p2b: Excadrill|p1b: Metagross\n|move|p1b: Metagross|Ice Punch|p2b: Excadrill\n|-supereffective|p2b: Excadrill\n|-crit|p2b: Excadrill\n|-damage|p2b: Excadrill|0 fnt\n|faint|p2b: Excadrill\n|\n|-weather|Sandstorm|[upkeep]\n|-damage|p1a: Amoonguss|62\/100|[from] Sandstorm\n|upkeep\n|c|\u2606eragon11145|what a game pokemon is\n|\n|t:|1696726834\n|switch|p2b: Dracovish|Dracovish|66\/100\n|turn|7\n|l|+Slash Death\n|\n|t:|1696726845\n|detailschange|p2a: Tyranitar|Tyranitar-Mega, M\n|-mega|p2a: Tyranitar|Tyranitar|Tyranitarite\n|move|p1a: Amoonguss|Rage Powder|p1a: Amoonguss\n|-singleturn|p1a: Amoonguss|move: Rage Powder\n|move|p2b: Dracovish|Dragon Rush|p1a: Amoonguss\n|-damage|p1a: Amoonguss|14\/100\n|-damage|p2b: Dracovish|56\/100|[from] item: Life Orb\n|move|p1b: Metagross|Iron Head|p2a: Tyranitar\n|-supereffective|p2a: Tyranitar\n|-damage|p2a: Tyranitar|32\/100\n|move|p2a: Tyranitar|Dragon Dance|p2a: Tyranitar\n|-boost|p2a: Tyranitar|atk|1\n|-boost|p2a: Tyranitar|spe|1\n|\n|-weather|Sandstorm|[upkeep]\n|-damage|p1a: Amoonguss|8\/100|[from] Sandstorm\n|upkeep\n|turn|8\n|\n|t:|1696726859\n|move|p1a: Amoonguss|Rage Powder|p1a: Amoonguss\n|-singleturn|p1a: Amoonguss|move: Rage Powder\n|move|p2b: Dracovish|Fishious Rend|p1a: Amoonguss\n|-resisted|p1a: Amoonguss\n|-damage|p1a: Amoonguss|0 fnt\n|faint|p1a: Amoonguss\n|-damage|p2b: Dracovish|46\/100|[from] item: Life Orb\n|move|p1b: Metagross|Iron Head|p2a: Tyranitar\n|-supereffective|p2a: Tyranitar\n|-damage|p2a: Tyranitar|0 fnt\n|faint|p2a: Tyranitar\n|\n|-weather|Sandstorm|[upkeep]\n|upkeep\n|\n|t:|1696726869\n|switch|p2a: Flutter Mane|Flutter Mane|1\/100\n|switch|p1a: Cresselia|Cresselia, F|100\/100\n|turn|9\n|\n|t:|1696726876\n|move|p1b: Metagross|Protect|p1b: Metagross\n|-singleturn|p1b: Metagross|Protect\n|move|p1a: Cresselia|Ally Switch|p1a: Cresselia\n|swap|p1a: Cresselia|1|[from] move: Ally Switch\n|move|p2b: Dracovish|Fishious Rend|p1b: Cresselia\n|-damage|p1b: Cresselia|72\/100\n|-damage|p2b: Dracovish|36\/100|[from] item: Life Orb\n|move|p2a: Flutter Mane|Shadow Ball|p1a: Metagross\n|-activate|p1a: Metagross|move: Protect\n|\n|-weather|Sandstorm|[upkeep]\n|-damage|p2a: Flutter Mane|0 fnt|[from] Sandstorm\n|faint|p2a: Flutter Mane\n|-end|p2a: Flutter Mane|Protosynthesis|[silent]\n|upkeep\n|turn|10\n|\n|t:|1696726890\n|move|p2b: Dracovish|Fishious Rend|p1a: Metagross\n|-damage|p1a: Metagross|27\/100\n|-damage|p2b: Dracovish|26\/100|[from] item: Life Orb\n|move|p1a: Metagross|Stomping Tantrum|p2b: Dracovish\n|-damage|p2b: Dracovish|0 fnt\n|faint|p2b: Dracovish\n|\n|win|DOUFBantheflutter\n|n|\u2606DOUFBantheflutter|doufbantheflutter\n|n|\u2606eragon11145|eragon11145\n|n| cornpopbad|cornpopbad\n|n| Shushi-Bandit|shushibandit\n|c|\u2606DOUFBantheflutter|sorry for the hax...\n|c|\u2606eragon11145|nw\n|l|\u2606DOUFBantheflutter\n|c|\u2606eragon11145|gg\n|l| Shushi-Bandit\n|l| cornpopbad\n|j| cornpopbad\n","uploadtime":1696726891,"views":15,"p1id":"doufbantheflutter","p2id":"eragon11145","formatid":"gen9nationaldexdoubles","rating":0,"private":0,"password":""}