{"id":"gen9nationaldexdoubles-1999744958","p1":"The Ganyu","p2":"saturnc","format":"[Gen 9] National Dex Doubles","log":"|j|\u2606The Ganyu\n|j|\u2606saturnc\n|t:|1701112907\n|gametype|doubles\n|player|p1|The Ganyu|guitarist|1138\n|player|p2|saturnc|n|1216\n|teamsize|p1|6\n|teamsize|p2|6\n|gen|9\n|tier|[Gen 9] National Dex Doubles\n|rated|\n|rule|HP Percentage Mod: HP is shown in percentages\n|rule|Endless Battle Clause: Forcing endless battles is banned\n|rule|OHKO Clause: OHKO moves are banned\n|rule|Evasion Moves Clause: Evasion moves are banned\n|rule|Evasion Abilities Clause: Evasion abilities are banned\n|rule|Species Clause: Limit one of each Pok\u00e9mon\n|rule|Gravity Sleep Clause: The combination of sleep-inducing moves with imperfect accuracy and Gravity or Gigantamax Orbeetle are banned\n|clearpoke\n|poke|p1|Ninetales, F|\n|poke|p1|Metagross|\n|poke|p1|Galvantula, F|\n|poke|p1|Hatterene, F|\n|poke|p1|Dracovish|\n|poke|p1|Excadrill, F|\n|poke|p2|Mew|\n|poke|p2|Landorus-Therian, M|\n|poke|p2|Salamence, M|\n|poke|p2|Aggron, M|\n|poke|p2|Regice|\n|poke|p2|Tapu Lele|\n|teampreview\n|\n|t:|1701112922\n|start\n|switch|p1a: Wolves Gravestone|Excadrill, F|100\/100\n|switch|p1b: Kujo Sara|Galvantula, F, shiny|100\/100\n|switch|p2a: Skamory|Mew, shiny|100\/100\n|switch|p2b: Landorus-Therean|Tapu Lele|100\/100\n|-fieldstart|move: Psychic Terrain|[from] ability: Psychic Surge|[of] p2b: Landorus-Therean\n|turn|1\n|-activate|p2a: Skamory|item: Quick Claw\n|\n|t:|1701112945\n|switch|p2b: Salamance|Landorus-Therian, M|100\/100\n|-ability|p2b: Salamance|Intimidate|boost\n|-unboost|p1a: Wolves Gravestone|atk|1\n|-unboost|p1b: Kujo Sara|atk|1\n|move|p2a: Skamory|Imprison|p2a: Skamory\n|-start|p2a: Skamory|move: Imprison\n|move|p1b: Kujo Sara|Sticky Web|p2b: Salamance\n|-sidestart|p2: saturnc|move: Sticky Web\n|move|p1a: Wolves Gravestone|Sandstorm|p1a: Wolves Gravestone\n|-weather|Sandstorm\n|\n|-weather|Sandstorm|[upkeep]\n|-damage|p2a: Skamory|94\/100|[from] Sandstorm\n|-damage|p1b: Kujo Sara|94\/100|[from] Sandstorm\n|upkeep\n|turn|2\n|inactive|Battle timer is ON: inactive players will automatically lose when time's up. (requested by saturnc)\n|\n|t:|1701113055\n|switch|p1b: Alisa Reinford|Hatterene, F, shiny|100\/100\n|move|p1a: Wolves Gravestone|Iron Head|p2a: Skamory\n|-damage|p2a: Skamory|61\/100\n|move|p2a: Skamory|Transform|p2b: Salamance\n|-transform|p2a: Skamory|p2b: Salamance\n|-ability|p2a: Skamory|Intimidate|boost\n|-unboost|p1a: Wolves Gravestone|atk|1\n|-unboost|p1b: Alisa Reinford|atk|1\n|move|p2b: Salamance|Earthquake|p1a: Wolves Gravestone|[spread] p1a,p1b\n|-immune|p2a: Skamory\n|-supereffective|p1a: Wolves Gravestone\n|-damage|p1a: Wolves Gravestone|0 fnt\n|-damage|p1b: Alisa Reinford|7\/100\n|faint|p1a: Wolves Gravestone\n|\n|-weather|Sandstorm|[upkeep]\n|-damage|p1b: Alisa Reinford|1\/100|[from] Sandstorm\n|upkeep\n|\n|t:|1701113072\n|switch|p1a: Focalors|Dracovish, shiny|100\/100\n|turn|3\n|\n|t:|1701113089\n|switch|p1b: Kujo Sara|Galvantula, F, shiny|94\/100\n|move|p1a: Focalors|Fishious Rend|p2b: Salamance\n|-supereffective|p2b: Salamance\n|-damage|p2b: Salamance|0 fnt\n|faint|p2b: Salamance\n|move|p2a: Skamory|Earthquake|p1b: Kujo Sara|[spread] p1a,p1b\n|-damage|p1a: Focalors|64\/100\n|-damage|p1b: Kujo Sara|6\/100\n|\n|-weather|Sandstorm|[upkeep]\n|-damage|p1b: Kujo Sara|0 fnt|[from] Sandstorm\n|faint|p1b: Kujo Sara\n|upkeep\n|\n|t:|1701113104\n|switch|p1b: The Unforged|Metagross, shiny|100\/100\n|switch|p2b: Tape Lulu|Salamence, M, shiny|100\/100\n|-ability|p2b: Tape Lulu|Intimidate|boost\n|-unboost|p1a: Focalors|atk|1\n|-fail|p1b: The Unforged|unboost|[from] ability: Clear Body|[of] p1b: The Unforged\n|turn|4\n|inactive|The Ganyu has 120 seconds left.\n|inactive|The Ganyu has 90 seconds left.\n|inactive|The Ganyu has 60 seconds left.\n|\n|t:|1701113201\n|-terastallize|p1a: Focalors|Water\n|-terastallize|p2a: Skamory|Steel\n|move|p2b: Tape Lulu|Helping Hand|p2a: Skamory\n|-singleturn|p2a: Skamory|Helping Hand|[of] p2b: Tape Lulu\n|move|p1a: Focalors|Fishious Rend|p2a: Skamory\n|-damage|p2a: Skamory|0 fnt\n|faint|p2a: Skamory\n|move|p1b: The Unforged|Psycho Cut|p2b: Tape Lulu\n|-damage|p2b: Tape Lulu|38\/100\n|\n|-weather|Sandstorm|[upkeep]\n|-damage|p2b: Tape Lulu|32\/100|[from] Sandstorm\n|upkeep\n|inactive|saturnc has 120 seconds left.\n|inactive|saturnc has 90 seconds left.\n|\n|t:|1701113255\n|switch|p2a: Ragice|Aggron, M|100\/100\n|-activate|p2a: Ragice|move: Sticky Web\n|-unboost|p2a: Ragice|spe|1\n|turn|5\n|inactive|The Ganyu has 60 seconds left.\n|\n|t:|1701113287\n|detailschange|p2a: Ragice|Aggron-Mega, M\n|-mega|p2a: Ragice|Aggron|Aggronite\n|move|p1a: Focalors|Fishious Rend|p2a: Ragice\n|-damage|p2a: Ragice|72\/100\n|move|p2b: Tape Lulu|Breaking Swipe|p1b: The Unforged|[spread] p1a,p1b\n|-resisted|p1b: The Unforged\n|-damage|p1a: Focalors|42\/100\n|-damage|p1b: The Unforged|91\/100\n|-unboost|p1a: Focalors|atk|1\n|move|p1b: The Unforged|Meteor Mash|p2b: Tape Lulu\n|-damage|p2b: Tape Lulu|0 fnt\n|faint|p2b: Tape Lulu\n|move|p2a: Ragice|Iron Defense|p2a: Ragice\n|-boost|p2a: Ragice|def|2\n|\n|-weather|Sandstorm|[upkeep]\n|-fieldend|move: Psychic Terrain\n|upkeep\n|inactive|saturnc has 90 seconds left.\n|\n|t:|1701113306\n|switch|p2b: Agron|Regice, shiny|100\/100\n|-activate|p2b: Agron|move: Sticky Web\n|-fail|p2b: Agron|unboost|[from] ability: Clear Body|[of] p2b: Agron\n|turn|6\n|\n|t:|1701113315\n|detailschange|p1b: The Unforged|Metagross-Mega, shiny\n|-mega|p1b: The Unforged|Metagross|Metagrossite\n|move|p1b: The Unforged|Bullet Punch|p2b: Agron\n|-supereffective|p2b: Agron\n|-damage|p2b: Agron|44\/100\n|move|p1a: Focalors|Fishious Rend|p2a: Ragice\n|-damage|p2a: Ragice|62\/100\n|move|p2a: Ragice|Body Press|p1b: The Unforged\n|-damage|p1b: The Unforged|24\/100\n|move|p2b: Agron|Counter|p1b: The Unforged\n|-damage|p1b: The Unforged|0 fnt\n|faint|p1b: The Unforged\n|\n|-weather|Sandstorm|[upkeep]\n|-damage|p2b: Agron|38\/100|[from] Sandstorm\n|upkeep\n|\n|t:|1701113334\n|switch|p1b: Alisa Reinford|Hatterene, F, shiny|1\/100\n|turn|7\n|inactive|The Ganyu has 90 seconds left.\n|\n|t:|1701113356\n|move|p1a: Focalors|Fishious Rend|p2a: Ragice\n|-damage|p2a: Ragice|50\/100\n|move|p2b: Agron|Frost Breath|p1a: Focalors\n|-resisted|p1a: Focalors\n|-crit|p1a: Focalors\n|-damage|p1a: Focalors|21\/100\n|move|p1b: Alisa Reinford|Mystical Fire|p2a: Ragice\n|-supereffective|p2a: Ragice\n|-damage|p2a: Ragice|1\/100\n|-unboost|p2a: Ragice|spa|1\n|move|p2a: Ragice|Body Press|p1a: Focalors\n|-crit|p1a: Focalors\n|-damage|p1a: Focalors|0 fnt\n|faint|p1a: Focalors\n|\n|-weather|Sandstorm|[upkeep]\n|-damage|p2b: Agron|32\/100|[from] Sandstorm\n|-damage|p1b: Alisa Reinford|0 fnt|[from] Sandstorm\n|faint|p1b: Alisa Reinford\n|upkeep\n|\n|t:|1701113361\n|switch|p1b: Calamity Queller|Ninetales, F, shiny|100\/100\n|-weather|SunnyDay|[from] ability: Drought|[of] p1b: Calamity Queller\n|turn|8\n|\n|t:|1701113387\n|move|p1b: Calamity Queller|Flamethrower|p2a: Ragice\n|-supereffective|p2a: Ragice\n|-damage|p2a: Ragice|0 fnt\n|faint|p2a: Ragice\n|move|p2b: Agron|Zap Cannon|p1b: Calamity Queller|[miss]\n|-miss|p2b: Agron|p1b: Calamity Queller\n|\n|-weather|SunnyDay|[upkeep]\n|upkeep\n|\n|t:|1701113396\n|switch|p2a: Landorus-Therean|Tapu Lele|100\/100\n|-activate|p2a: Landorus-Therean|move: Sticky Web\n|-unboost|p2a: Landorus-Therean|spe|1\n|-fieldstart|move: Psychic Terrain|[from] ability: Psychic Surge|[of] p2a: Landorus-Therean\n|turn|9\n|\n|t:|1701113404\n|move|p1b: Calamity Queller|Fire Blast|p2a: Landorus-Therean\n|-damage|p2a: Landorus-Therean|45\/100\n|move|p2a: Landorus-Therean|Light Screen|p2a: Landorus-Therean\n|-sidestart|p2: saturnc|move: Light Screen\n|move|p2b: Agron|Zap Cannon|p1b: Calamity Queller|[miss]\n|-miss|p2b: Agron|p1b: Calamity Queller\n|\n|-weather|SunnyDay|[upkeep]\n|upkeep\n|turn|10\n|\n|t:|1701113424\n|move|p1b: Calamity Queller|Flamethrower|p2a: Landorus-Therean\n|-damage|p2a: Landorus-Therean|14\/100\n|move|p2a: Landorus-Therean|Moonblast|p1b: Calamity Queller\n|-resisted|p1b: Calamity Queller\n|-damage|p1b: Calamity Queller|76\/100\n|move|p2b: Agron|Zap Cannon|p1b: Calamity Queller|[miss]\n|-miss|p2b: Agron|p1b: Calamity Queller\n|\n|-weather|SunnyDay|[upkeep]\n|upkeep\n|turn|11\n|\n|t:|1701113443\n|move|p1b: Calamity Queller|Flamethrower|p2a: Landorus-Therean\n|-damage|p2a: Landorus-Therean|0 fnt\n|faint|p2a: Landorus-Therean\n|move|p2b: Agron|Zap Cannon|p1b: Calamity Queller\n|-damage|p1b: Calamity Queller|46\/100\n|-status|p1b: Calamity Queller|par\n|\n|-weather|SunnyDay|[upkeep]\n|upkeep\n|turn|12\n|\n|t:|1701113459\n|move|p1b: Calamity Queller|Flamethrower|p2b: Agron\n|-supereffective|p2b: Agron\n|-damage|p2b: Agron|0 fnt\n|faint|p2b: Agron\n|\n|win|The Ganyu\n|raw|The Ganyu's rating: 1138 &rarr; <strong>1169<\/strong><br \/>(+31 for winning)\n|raw|saturnc's rating: 1216 &rarr; <strong>1185<\/strong><br \/>(-31 for losing)\n|l|\u2606saturnc\n","uploadtime":1701113472,"views":8,"p1id":"theganyu","p2id":"saturnc","formatid":"gen9nationaldexdoubles","rating":1169,"private":0,"password":""}