{"id":"gen9nationaldexdoubles-1986394979","p1":"JeanPoche","p2":"MermaidSiren","format":"[Gen 9] National Dex Doubles","log":"|j|\u2606JeanPoche\n|j|\u2606MermaidSiren\n|t:|1699475298\n|gametype|doubles\n|player|p1|JeanPoche|170|1062\n|player|p2|MermaidSiren|swimmerf-gen4|1153\n|teamsize|p1|6\n|teamsize|p2|6\n|gen|9\n|tier|[Gen 9] National Dex Doubles\n|rated|\n|rule|HP Percentage Mod: HP is shown in percentages\n|rule|Endless Battle Clause: Forcing endless battles is banned\n|rule|OHKO Clause: OHKO moves are banned\n|rule|Evasion Moves Clause: Evasion moves are banned\n|rule|Evasion Abilities Clause: Evasion abilities are banned\n|rule|Species Clause: Limit one of each Pok\u00e9mon\n|rule|Gravity Sleep Clause: The combination of sleep-inducing moves with imperfect accuracy and Gravity or Gigantamax Orbeetle are banned\n|clearpoke\n|poke|p1|Metagross|\n|poke|p1|Ninetales-Alola, F|\n|poke|p1|Weavile, M|\n|poke|p1|Ogerpon, F|\n|poke|p1|Iron Moth|\n|poke|p1|Dragonite, F|\n|poke|p2|Primarina, F|\n|poke|p2|Malamar, M|\n|poke|p2|Corsola-Galar, F|\n|poke|p2|Dhelmise|\n|poke|p2|Eelektross, F|\n|poke|p2|Dewgong, F|\n|teampreview\n|\n|t:|1699475310\n|start\n|switch|p1a: Weavile|Weavile, M|100\/100\n|switch|p1b: Ninetales|Ninetales-Alola, F|100\/100\n|switch|p2a: Primarina|Primarina, F, shiny|100\/100\n|switch|p2b: Dewgong|Dewgong, F|100\/100\n|-ability|p1a: Weavile|Pressure\n|-weather|Snow|[from] ability: Snow Warning|[of] p1b: Ninetales\n|turn|1\n|\n|t:|1699475333\n|move|p1a: Weavile|Fake Out|p2a: Primarina\n|-damage|p2a: Primarina|77\/100\n|-damage|p1a: Weavile|91\/100|[from] item: Life Orb\n|move|p2b: Dewgong|Fake Out|p1b: Ninetales\n|-damage|p1b: Ninetales|90\/100\n|cant|p1b: Ninetales|flinch\n|cant|p2a: Primarina|flinch\n|\n|-weather|Snow|[upkeep]\n|upkeep\n|turn|2\n|\n|t:|1699475348\n|move|p2b: Dewgong|Aqua Jet|p1a: Weavile\n|-damage|p1a: Weavile|73\/100\n|move|p1a: Weavile|Knock Off|p2b: Dewgong\n|-damage|p2b: Dewgong|57\/100\n|-enditem|p2b: Dewgong|Expert Belt|[from] move: Knock Off|[of] p1a: Weavile\n|-damage|p1a: Weavile|63\/100|[from] item: Life Orb\n|move|p1b: Ninetales|Aurora Veil|p1b: Ninetales\n|-sidestart|p1: JeanPoche|move: Aurora Veil\n|move|p2a: Primarina|Moonblast|p1a: Weavile\n|-supereffective|p1a: Weavile\n|-damage|p1a: Weavile|0 fnt\n|faint|p1a: Weavile\n|\n|-weather|Snow|[upkeep]\n|upkeep\n|\n|t:|1699475367\n|switch|p1a: Ogerpon|Ogerpon, F|100\/100\n|turn|3\n|\n|t:|1699475386\n|-terastallize|p2a: Primarina|Dragon\n|move|p2b: Dewgong|Ice Shard|p1a: Ogerpon\n|-supereffective|p1a: Ogerpon\n|-damage|p1a: Ogerpon|77\/100\n|move|p1a: Ogerpon|Ivy Cudgel|p2a: Primarina\n|-resisted|p2a: Primarina\n|-damage|p2a: Primarina|35\/100\n|-damage|p1a: Ogerpon|67\/100|[from] item: Life Orb\n|move|p1b: Ninetales|Dazzling Gleam|p2b: Dewgong|[spread] p2a,p2b\n|-supereffective|p2a: Primarina\n|-damage|p2a: Primarina|0 fnt\n|-damage|p2b: Dewgong|35\/100\n|faint|p2a: Primarina\n|\n|-weather|Snow|[upkeep]\n|upkeep\n|\n|t:|1699475400\n|switch|p2a: Corsola|Corsola-Galar, F|100\/100\n|turn|4\n|\n|t:|1699475418\n|move|p2b: Dewgong|Ice Shard|p1a: Ogerpon\n|-supereffective|p1a: Ogerpon\n|-damage|p1a: Ogerpon|41\/100\n|move|p1a: Ogerpon|Swords Dance|p1a: Ogerpon\n|-boost|p1a: Ogerpon|atk|2\n|move|p1b: Ninetales|Blizzard|p2b: Dewgong|[spread] p2a,p2b\n|-resisted|p2b: Dewgong\n|-damage|p2a: Corsola|78\/100\n|-damage|p2b: Dewgong|31\/100\n|move|p2a: Corsola|Will-O-Wisp|p1a: Ogerpon\n|-status|p1a: Ogerpon|brn\n|\n|-weather|Snow|[upkeep]\n|-damage|p1a: Ogerpon|35\/100 brn|[from] brn\n|upkeep\n|turn|5\n|\n|t:|1699475447\n|move|p2b: Dewgong|Ice Shard|p1a: Ogerpon\n|-supereffective|p1a: Ogerpon\n|-damage|p1a: Ogerpon|9\/100 brn\n|move|p1a: Ogerpon|Ivy Cudgel|p2b: Dewgong\n|-supereffective|p2b: Dewgong\n|-damage|p2b: Dewgong|0 fnt\n|faint|p2b: Dewgong\n|-damage|p1a: Ogerpon|0 fnt|[from] item: Life Orb\n|faint|p1a: Ogerpon\n|move|p1b: Ninetales|Encore|p2a: Corsola\n|-start|p2a: Corsola|Encore\n|move|p2a: Corsola|Will-O-Wisp|p1b: Ninetales|[miss]\n|-miss|p2a: Corsola|p1b: Ninetales\n|\n|-weather|none\n|upkeep\n|\n|t:|1699475464\n|switch|p1a: Iron Moth|Iron Moth|100\/100\n|switch|p2b: Eelektross|Eelektross, F|100\/100\n|-enditem|p1a: Iron Moth|Booster Energy\n|-activate|p1a: Iron Moth|ability: Quark Drive|[fromitem]\n|-start|p1a: Iron Moth|quarkdrivespa\n|turn|6\n|\n|t:|1699475478\n|move|p1a: Iron Moth|Heat Wave|p2b: Eelektross|[spread] p2a,p2b\n|-damage|p2a: Corsola|43\/100\n|-damage|p2b: Eelektross|42\/100\n|move|p1b: Ninetales|Dazzling Gleam|p2a: Corsola|[spread] p2a,p2b\n|-damage|p2a: Corsola|27\/100\n|-damage|p2b: Eelektross|17\/100\n|move|p2b: Eelektross|Flash Cannon|p1b: Ninetales\n|-supereffective|p1b: Ninetales\n|-damage|p1b: Ninetales|0 fnt\n|faint|p1b: Ninetales\n|move|p2a: Corsola|Will-O-Wisp|p1a: Iron Moth\n|-immune|p1a: Iron Moth\n|\n|upkeep\n|\n|t:|1699475488\n|switch|p1b: Dragonite|Dragonite, F|100\/100\n|turn|7\n|\n|t:|1699475495\n|move|p1a: Iron Moth|Heat Wave|p2a: Corsola|[spread] p2a,p2b\n|-damage|p2a: Corsola|0 fnt\n|-damage|p2b: Eelektross|0 fnt\n|faint|p2a: Corsola\n|faint|p2b: Eelektross\n|move|p1b: Dragonite|Dragon Dance|p1b: Dragonite\n|-boost|p1b: Dragonite|atk|1\n|-boost|p1b: Dragonite|spe|1\n|\n|upkeep\n|\n|t:|1699475503\n|switch|p2b: Malamar|Malamar, M|100\/100\n|switch|p2a: Dhelmise|Dhelmise|100\/100\n|turn|8\n|\n|t:|1699475542\n|move|p1b: Dragonite|Extreme Speed|p2b: Malamar\n|-damage|p2b: Malamar|62\/100\n|move|p1a: Iron Moth|Heat Wave|p2b: Malamar|[spread] p2a,p2b\n|-supereffective|p2a: Dhelmise\n|-damage|p2a: Dhelmise|0 fnt\n|-damage|p2b: Malamar|0 fnt\n|faint|p2a: Dhelmise\n|faint|p2b: Malamar\n|\n|win|JeanPoche\n|raw|JeanPoche's rating: 1062 &rarr; <strong>1101<\/strong><br \/>(+39 for winning)\n|raw|MermaidSiren's rating: 1153 &rarr; <strong>1122<\/strong><br \/>(-31 for losing)\n|l|\u2606MermaidSiren\n|c|\u2606JeanPoche|gg\n","uploadtime":1699475556,"views":5,"p1id":"jeanpoche","p2id":"mermaidsiren","formatid":"gen9nationaldexdoubles","rating":1101,"private":0,"password":""}