{"id":"gen9nationaldexdoubles-1959071752","p1":"Mokaccino321","p2":"scorpiosgammer13","format":"[Gen 9] National Dex Doubles","log":"|j|\u2606Mokaccino321\n|j|\u2606scorpiosgammer13\n|t:|1696383752\n|gametype|doubles\n|player|p1|Mokaccino321|1|\n|player|p2|scorpiosgammer13|alder|\n|teamsize|p1|6\n|teamsize|p2|6\n|gen|9\n|tier|[Gen 9] National Dex Doubles\n|rule|HP Percentage Mod: HP is shown in percentages\n|rule|Endless Battle Clause: Forcing endless battles is banned\n|rule|OHKO Clause: OHKO moves are banned\n|rule|Evasion Moves Clause: Evasion moves are banned\n|rule|Evasion Abilities Clause: Evasion abilities are banned\n|rule|Species Clause: Limit one of each Pok\u00e9mon\n|rule|Gravity Sleep Clause: The combination of sleep-inducing moves with imperfect accuracy and Gravity or Gigantamax Orbeetle are banned\n|clearpoke\n|poke|p1|Cradily, M|\n|poke|p1|Aerodactyl, M|\n|poke|p1|Arcanine-Hisui, M|\n|poke|p1|Nihilego|\n|poke|p1|Tyranitar, M|\n|poke|p1|Aggron, M|\n|poke|p2|Skeledirge, M|\n|poke|p2|Breloom, M|\n|poke|p2|Torterra, F|\n|poke|p2|Gliscor, F|\n|poke|p2|Shuckle, F|\n|poke|p2|Steelix, F|\n|teampreview\n|c|\u2606Mokaccino321|no tera :3\n|c|\u2606scorpiosgammer13|alr\n|\n|t:|1696383770\n|start\n|switch|p1a: Aerodactyl|Aerodactyl, M|100\/100\n|switch|p1b: Nihilego|Nihilego|100\/100\n|switch|p2a: Shuckle|Shuckle, F|100\/100\n|switch|p2b: Breloom|Breloom, M|100\/100\n|-ability|p1a: Aerodactyl|Unnerve\n|turn|1\n|\n|t:|1696383786\n|move|p1a: Aerodactyl|Sky Drop||[still]\n|-prepare|p1a: Aerodactyl|Sky Drop|p2b: Breloom\n|move|p1b: Nihilego|Power Gem|p2a: Shuckle\n|-supereffective|p2a: Shuckle\n|-damage|p2a: Shuckle|54\/100\n|move|p2a: Shuckle|Sticky Web|p1a: Aerodactyl\n|-sidestart|p1: Mokaccino321|move: Sticky Web\n|\n|-heal|p2a: Shuckle|60\/100|[from] item: Leftovers\n|upkeep\n|turn|2\n|\n|t:|1696383801\n|move|p1a: Aerodactyl|Sky Drop|p2b: Breloom|[from]lockedmove\n|-supereffective|p2b: Breloom\n|-damage|p2b: Breloom|0 fnt\n|faint|p2b: Breloom\n|move|p1b: Nihilego|Sludge Wave|p2a: Shuckle|[spread] p1a,p2a\n|-resisted|p1a: Aerodactyl\n|-resisted|p2a: Shuckle\n|-damage|p1a: Aerodactyl|77\/100\n|-damage|p2a: Shuckle|51\/100\n|move|p2a: Shuckle|Stealth Rock|p1b: Nihilego\n|-sidestart|p1: Mokaccino321|move: Stealth Rock\n|\n|-heal|p2a: Shuckle|57\/100|[from] item: Leftovers\n|upkeep\n|\n|t:|1696383812\n|switch|p2b: Gliscor|Gliscor, F|100\/100\n|turn|3\n|\n|t:|1696383823\n|move|p1a: Aerodactyl|Sky Drop||[still]\n|-prepare|p1a: Aerodactyl|Sky Drop|p2b: Gliscor\n|move|p1b: Nihilego|Power Gem|p2a: Shuckle\n|-supereffective|p2a: Shuckle\n|-damage|p2a: Shuckle|8\/100\n|move|p2a: Shuckle|Toxic|p1a: Aerodactyl|[miss]\n|-miss|p2a: Shuckle|p1a: Aerodactyl\n|\n|-heal|p2a: Shuckle|14\/100|[from] item: Leftovers\n|-status|p2b: Gliscor|tox|[from] item: Toxic Orb\n|upkeep\n|turn|4\n|\n|t:|1696383844\n|move|p1a: Aerodactyl|Sky Drop|p2b: Gliscor|[from]lockedmove\n|-immune|p2b: Gliscor\n|move|p1b: Nihilego|Power Gem|p2a: Shuckle\n|-supereffective|p2a: Shuckle\n|-damage|p2a: Shuckle|0 fnt\n|faint|p2a: Shuckle\n|-ability|p1b: Nihilego|Beast Boost|boost\n|-boost|p1b: Nihilego|spa|1\n|move|p2b: Gliscor|Toxic Spikes|p1b: Nihilego\n|-sidestart|p1: Mokaccino321|move: Toxic Spikes\n|\n|upkeep\n|\n|t:|1696383857\n|switch|p2a: Skeledirge|Skeledirge, M|100\/100\n|turn|5\n|\n|t:|1696383882\n|move|p1a: Aerodactyl|Sky Drop||[still]\n|-prepare|p1a: Aerodactyl|Sky Drop|p2b: Gliscor\n|-zpower|p1b: Nihilego\n|move|p1b: Nihilego|Continental Crush|p2a: Skeledirge|[zeffect]\n|-supereffective|p2a: Skeledirge\n|-damage|p2a: Skeledirge|0 fnt\n|faint|p2a: Skeledirge\n|-ability|p1b: Nihilego|Beast Boost|boost\n|-boost|p1b: Nihilego|spa|1\n|\n|upkeep\n|\n|t:|1696383892\n|switch|p2a: Torterra|Torterra, F|100\/100\n|turn|6\n|\n|t:|1696383912\n|move|p1b: Nihilego|Protect|p1b: Nihilego\n|-singleturn|p1b: Nihilego|Protect\n|move|p1a: Aerodactyl|Sky Drop|p2b: Gliscor|[from]lockedmove\n|-immune|p2b: Gliscor\n|move|p2b: Gliscor|Aerial Ace|p1b: Nihilego\n|-activate|p1b: Nihilego|move: Protect\n|move|p2a: Torterra|Shell Smash|p2a: Torterra\n|-unboost|p2a: Torterra|def|1\n|-unboost|p2a: Torterra|spd|1\n|-boost|p2a: Torterra|atk|2\n|-boost|p2a: Torterra|spa|2\n|-boost|p2a: Torterra|spe|2\n|\n|upkeep\n|turn|7\n|\n|t:|1696383933\n|move|p2a: Torterra|Headlong Rush|p1b: Nihilego\n|-supereffective|p1b: Nihilego\n|-damage|p1b: Nihilego|0 fnt\n|-unboost|p2a: Torterra|def|1\n|-unboost|p2a: Torterra|spd|1\n|faint|p1b: Nihilego\n|move|p1a: Aerodactyl|Tailwind|p1a: Aerodactyl\n|-sidestart|p1: Mokaccino321|move: Tailwind\n|move|p2b: Gliscor|Aerial Ace|p1a: Aerodactyl\n|-resisted|p1a: Aerodactyl\n|-damage|p1a: Aerodactyl|60\/100\n|\n|upkeep\n|\n|t:|1696383940\n|switch|p1b: Arcanine|Arcanine-Hisui, M|100\/100\n|-activate|p1b: Arcanine|move: Sticky Web\n|-unboost|p1b: Arcanine|spe|1\n|-damage|p1b: Arcanine|76\/100|[from] Stealth Rock\n|-status|p1b: Arcanine|psn\n|turn|8\n|\n|t:|1696383960\n|move|p1a: Aerodactyl|Sky Drop||[still]\n|-prepare|p1a: Aerodactyl|Sky Drop|p2b: Gliscor\n|move|p2a: Torterra|Headlong Rush|p1b: Arcanine\n|-supereffective|p1b: Arcanine\n|-damage|p1b: Arcanine|0 fnt\n|-unboost|p2a: Torterra|def|1\n|-unboost|p2a: Torterra|spd|1\n|faint|p1b: Arcanine\n|\n|upkeep\n|\n|t:|1696383966\n|switch|p1b: Aggron|Aggron, M|100\/100\n|-activate|p1b: Aggron|move: Sticky Web\n|-unboost|p1b: Aggron|spe|1\n|-damage|p1b: Aggron|94\/100|[from] Stealth Rock\n|turn|9\n|\n|t:|1696383975\n|detailschange|p1b: Aggron|Aggron-Mega, M\n|-mega|p1b: Aggron|Aggron|Aggronite\n|move|p1a: Aerodactyl|Sky Drop|p2b: Gliscor|[from]lockedmove\n|-immune|p2b: Gliscor\n|move|p2a: Torterra|Headlong Rush|p1b: Aggron\n|-supereffective|p1b: Aggron\n|-damage|p1b: Aggron|26\/100\n|-unboost|p2a: Torterra|def|1\n|-unboost|p2a: Torterra|spd|1\n|move|p2b: Gliscor|Aerial Ace|p1a: Aerodactyl\n|-resisted|p1a: Aerodactyl\n|-damage|p1a: Aerodactyl|42\/100\n|move|p1b: Aggron|Body Press|p2a: Torterra\n|-damage|p2a: Torterra|0 fnt\n|faint|p2a: Torterra\n|\n|upkeep\n|\n|t:|1696383989\n|switch|p2a: Steelix|Steelix, F|100\/100\n|turn|10\n|\n|t:|1696384013\n|move|p1a: Aerodactyl|Taunt|p2a: Steelix\n|-start|p2a: Steelix|move: Taunt\n|move|p2b: Gliscor|Aerial Ace|p1a: Aerodactyl\n|-resisted|p1a: Aerodactyl\n|-damage|p1a: Aerodactyl|26\/100\n|move|p1b: Aggron|Body Press|p2a: Steelix\n|-supereffective|p2a: Steelix\n|-damage|p2a: Steelix|51\/100\n|move|p2a: Steelix|Fire Fang|p1b: Aggron\n|-supereffective|p1b: Aggron\n|-damage|p1b: Aggron|19\/100\n|\n|-sideend|p1: Mokaccino321|move: Tailwind\n|upkeep\n|turn|11\n|\n|t:|1696384033\n|detailschange|p2a: Steelix|Steelix-Mega, F\n|-mega|p2a: Steelix|Steelix|Steelixite\n|move|p1a: Aerodactyl|Tailwind|p1a: Aerodactyl\n|-sidestart|p1: Mokaccino321|move: Tailwind\n|move|p2b: Gliscor|Aerial Ace|p1a: Aerodactyl\n|-resisted|p1a: Aerodactyl\n|-damage|p1a: Aerodactyl|8\/100\n|move|p1b: Aggron|Iron Defense|p1b: Aggron\n|-boost|p1b: Aggron|def|2\n|move|p2a: Steelix|Body Press|p1b: Aggron\n|-supereffective|p1b: Aggron\n|-damage|p1b: Aggron|5\/100\n|\n|upkeep\n|turn|12\n|\n|t:|1696384055\n|move|p1a: Aerodactyl|Sky Drop||[still]\n|-prepare|p1a: Aerodactyl|Sky Drop|p2b: Gliscor\n|move|p1b: Aggron|Body Press|p2a: Steelix\n|-supereffective|p2a: Steelix\n|-crit|p2a: Steelix\n|-damage|p2a: Steelix|0 fnt\n|faint|p2a: Steelix\n|\n|upkeep\n|turn|13\n|\n|t:|1696384067\n|move|p1a: Aerodactyl|Sky Drop|p2b: Gliscor|[from]lockedmove\n|-immune|p2b: Gliscor\n|move|p2b: Gliscor|Earthquake|p1a: Aerodactyl|[spread] p1b\n|-immune|p1a: Aerodactyl\n|-supereffective|p1b: Aggron\n|-damage|p1b: Aggron|0 fnt\n|faint|p1b: Aggron\n|\n|upkeep\n|\n|t:|1696384072\n|switch|p1b: Tyranitar|Tyranitar, M|100\/100\n|-activate|p1b: Tyranitar|move: Sticky Web\n|-unboost|p1b: Tyranitar|spe|1\n|-damage|p1b: Tyranitar|88\/100|[from] Stealth Rock\n|-status|p1b: Tyranitar|psn\n|-weather|Sandstorm|[from] ability: Sand Stream|[of] p1b: Tyranitar\n|turn|14\n|\n|t:|1696384081\n|move|p1a: Aerodactyl|Wide Guard|p1a: Aerodactyl\n|-singleturn|p1a: Aerodactyl|Wide Guard\n|move|p2b: Gliscor|Earthquake|p1a: Aerodactyl|[spread] \n|-activate|p1a: Aerodactyl|move: Wide Guard\n|-activate|p1b: Tyranitar|move: Wide Guard\n|move|p1b: Tyranitar|Ice Punch|p2b: Gliscor\n|-supereffective|p2b: Gliscor\n|-damage|p2b: Gliscor|0 fnt\n|faint|p2b: Gliscor\n|-damage|p1b: Tyranitar|78\/100 psn|[from] item: Life Orb\n|\n|win|Mokaccino321\n|c|\u2606Mokaccino321|gg\n|c|\u2606scorpiosgammer13|gg\n","uploadtime":1696384107,"views":12,"p1id":"mokaccino321","p2id":"scorpiosgammer13","formatid":"gen9nationaldexdoubles","rating":0,"private":0,"password":""}