{"id":"gen9nationaldexdoubles-1980383032","p1":"ItsMonon","p2":"Theadonia","format":"[Gen 9] National Dex Doubles","log":"|j|\u2606ItsMonon\n|j|\u2606Theadonia\n|t:|1698780141\n|gametype|doubles\n|player|p1|ItsMonon|pokekid|1080\n|player|p2|Theadonia|roxie|1086\n|teamsize|p1|6\n|teamsize|p2|6\n|gen|9\n|tier|[Gen 9] National Dex Doubles\n|rated|\n|rule|HP Percentage Mod: HP is shown in percentages\n|rule|Endless Battle Clause: Forcing endless battles is banned\n|rule|OHKO Clause: OHKO moves are banned\n|rule|Evasion Moves Clause: Evasion moves are banned\n|rule|Evasion Abilities Clause: Evasion abilities are banned\n|rule|Species Clause: Limit one of each Pok\u00e9mon\n|rule|Gravity Sleep Clause: The combination of sleep-inducing moves with imperfect accuracy and Gravity or Gigantamax Orbeetle are banned\n|clearpoke\n|poke|p1|Scovillain, F|\n|poke|p1|Indeedee-F, F|\n|poke|p1|Armarouge, F|\n|poke|p1|Amoonguss, M|\n|poke|p1|Sinistcha|\n|poke|p1|Iron Hands|\n|poke|p2|Squawkabilly-White, M|\n|poke|p2|Alcremie, F|\n|poke|p2|Yanmega, M|\n|poke|p2|Inteleon, M|\n|poke|p2|Cinderace, F|\n|poke|p2|Muk-Alola, F|\n|teampreview\n|\n|t:|1698780163\n|start\n|switch|p1a: Scovillain|Scovillain, F|100\/100\n|switch|p1b: Indeedee|Indeedee-F, F|100\/100\n|switch|p2a: Alcremie|Alcremie, F|100\/100\n|switch|p2b: Yanmega|Yanmega, M|100\/100\n|-fieldstart|move: Psychic Terrain|[from] ability: Psychic Surge|[of] p1b: Indeedee\n|turn|1\n|inactive|Battle timer is ON: inactive players will automatically lose when time's up. (requested by ItsMonon)\n|\n|t:|1698780171\n|move|p1b: Indeedee|Follow Me|p1b: Indeedee\n|-singleturn|p1b: Indeedee|move: Follow Me\n|move|p2a: Alcremie|Decorate|p1b: Indeedee\n|-boost|p1b: Indeedee|atk|2\n|-boost|p1b: Indeedee|spa|2\n|move|p2b: Yanmega|Substitute|p2b: Yanmega\n|-start|p2b: Yanmega|Substitute\n|-damage|p2b: Yanmega|76\/100\n|move|p1a: Scovillain|Substitute|p1a: Scovillain\n|-start|p1a: Scovillain|Substitute\n|-damage|p1a: Scovillain|75\/100\n|\n|-heal|p1a: Scovillain|82\/100|[from] item: Leftovers\n|-ability|p2b: Yanmega|Speed Boost|boost\n|-boost|p2b: Yanmega|spe|1\n|-ability|p1a: Scovillain|Moody|boost\n|-boost|p1a: Scovillain|spa|2\n|-unboost|p1a: Scovillain|spe|1\n|upkeep\n|turn|2\n|\n|t:|1698780188\n|switch|p2a: Squawkabilly|Squawkabilly-White, M|100\/100\n|move|p2b: Yanmega|Bug Buzz|p1b: Indeedee\n|-supereffective|p1b: Indeedee\n|-damage|p1b: Indeedee|29\/100\n|move|p1b: Indeedee|Psyshock|p2b: Yanmega\n|-end|p2b: Yanmega|Substitute\n|move|p1a: Scovillain|Leech Seed|p2a: Squawkabilly\n|-start|p2a: Squawkabilly|move: Leech Seed\n|\n|-heal|p1a: Scovillain|88\/100|[from] item: Leftovers\n|-damage|p2a: Squawkabilly|88\/100|[from] Leech Seed|[of] p1a: Scovillain\n|-heal|p1a: Scovillain|100\/100|[silent]\n|-ability|p2b: Yanmega|Speed Boost|boost\n|-boost|p2b: Yanmega|spe|1\n|-ability|p1a: Scovillain|Moody|boost\n|-boost|p1a: Scovillain|atk|2\n|-unboost|p1a: Scovillain|def|1\n|upkeep\n|turn|3\n|\n|t:|1698780204\n|move|p1a: Scovillain|Protect|p1a: Scovillain\n|-singleturn|p1a: Scovillain|Protect\n|move|p2b: Yanmega|Substitute|p2b: Yanmega\n|-start|p2b: Yanmega|Substitute\n|-damage|p2b: Yanmega|51\/100\n|move|p2a: Squawkabilly|Brave Bird|p1b: Indeedee\n|-damage|p1b: Indeedee|0 fnt\n|faint|p1b: Indeedee\n|-damage|p2a: Squawkabilly|78\/100|[from] Recoil\n|\n|-damage|p2a: Squawkabilly|65\/100|[from] Leech Seed|[of] p1a: Scovillain\n|-ability|p2b: Yanmega|Speed Boost|boost\n|-boost|p2b: Yanmega|spe|1\n|-ability|p1a: Scovillain|Moody|boost\n|-boost|p1a: Scovillain|spe|2\n|-unboost|p1a: Scovillain|spa|1\n|upkeep\n|\n|t:|1698780217\n|switch|p1b: Iron Hands|Iron Hands|100\/100\n|turn|4\n|\n|t:|1698780228\n|move|p1b: Iron Hands|Fake Out|p2b: Yanmega\n|-hint|Psychic Terrain doesn't affect Pok\u00e9mon immune to Ground.\n|-end|p2b: Yanmega|Substitute\n|-damage|p1b: Iron Hands|91\/100|[from] item: Life Orb\n|move|p2b: Yanmega|Bug Buzz|p1a: Scovillain\n|-damage|p1a: Scovillain|35\/100\n|move|p2a: Squawkabilly|Brave Bird|p1a: Scovillain\n|-supereffective|p1a: Scovillain\n|-end|p1a: Scovillain|Substitute\n|-damage|p2a: Squawkabilly|57\/100|[from] Recoil|[of] p1a: Scovillain\n|move|p1a: Scovillain|Flamethrower|p2b: Yanmega\n|-supereffective|p2b: Yanmega\n|-damage|p2b: Yanmega|0 fnt\n|faint|p2b: Yanmega\n|\n|-heal|p1a: Scovillain|41\/100|[from] item: Leftovers\n|-damage|p2a: Squawkabilly|44\/100|[from] Leech Seed|[of] p1a: Scovillain\n|-heal|p1a: Scovillain|54\/100|[silent]\n|-ability|p1a: Scovillain|Moody|boost\n|-boost|p1a: Scovillain|def|2\n|-unboost|p1a: Scovillain|spa|1\n|upkeep\n|inactive|Theadonia has 120 seconds left.\n|\n|t:|1698780253\n|switch|p2b: Alcremie|Alcremie, F|100\/100\n|turn|5\n|\n|t:|1698780260\n|-end|p1b: Iron Hands|Quark Drive|[silent]\n|switch|p1b: Sinistcha|Sinistcha|100\/100\n|-heal|p1a: Scovillain|79\/100|[from] ability: Hospitality|[of] p1b: Sinistcha\n|move|p1a: Scovillain|Protect|p1a: Scovillain\n|-singleturn|p1a: Scovillain|Protect\n|move|p2a: Squawkabilly|Brave Bird|p1b: Sinistcha\n|-supereffective|p1b: Sinistcha\n|-damage|p1b: Sinistcha|0 fnt\n|faint|p1b: Sinistcha\n|-damage|p2a: Squawkabilly|8\/100|[from] Recoil\n|move|p2b: Alcremie|Dazzling Gleam|p1a: Scovillain\n|-activate|p1a: Scovillain|move: Protect\n|\n|-heal|p1a: Scovillain|85\/100|[from] item: Leftovers\n|-damage|p2a: Squawkabilly|0 fnt|[from] Leech Seed|[of] p1a: Scovillain\n|-heal|p1a: Scovillain|92\/100|[silent]\n|faint|p2a: Squawkabilly\n|-fieldend|move: Psychic Terrain\n|-ability|p1a: Scovillain|Moody|boost\n|-boost|p1a: Scovillain|spd|2\n|-unboost|p1a: Scovillain|atk|1\n|upkeep\n|\n|t:|1698780276\n|switch|p2a: Muk|Muk-Alola, F|100\/100\n|switch|p1b: Iron Hands|Iron Hands|91\/100\n|turn|6\n|\n|t:|1698780288\n|switch|p2b: Cinderace|Cinderace, F|100\/100\n|switch|p2a: Inteleon|Inteleon, M|100\/100\n|move|p1b: Iron Hands|Fake Out|p2b: Cinderace\n|-damage|p2b: Cinderace|70\/100\n|-damage|p1b: Iron Hands|81\/100|[from] item: Life Orb\n|move|p1a: Scovillain|Substitute|p1a: Scovillain\n|-start|p1a: Scovillain|Substitute\n|-damage|p1a: Scovillain|67\/100\n|\n|-heal|p1a: Scovillain|74\/100|[from] item: Leftovers\n|-ability|p1a: Scovillain|Moody|boost\n|-boost|p1a: Scovillain|spa|2\n|-unboost|p1a: Scovillain|def|1\n|upkeep\n|turn|7\n|\n|t:|1698780310\n|move|p2a: Inteleon|Haze|p2a: Inteleon\n|-clearallboost\n|move|p2b: Cinderace|Pyro Ball|p1b: Iron Hands\n|-damage|p1b: Iron Hands|42\/100\n|move|p1a: Scovillain|Leech Seed|p2b: Cinderace\n|-start|p2b: Cinderace|move: Leech Seed\n|move|p1b: Iron Hands|Wild Charge|p2a: Inteleon\n|-supereffective|p2a: Inteleon\n|-enditem|p2a: Inteleon|Focus Sash\n|-damage|p2a: Inteleon|1\/100\n|-damage|p1b: Iron Hands|27\/100|[from] Recoil\n|-damage|p1b: Iron Hands|18\/100|[from] item: Life Orb\n|\n|-heal|p1a: Scovillain|80\/100|[from] item: Leftovers\n|-damage|p2b: Cinderace|58\/100|[from] Leech Seed|[of] p1a: Scovillain\n|-heal|p1a: Scovillain|92\/100|[silent]\n|-ability|p1a: Scovillain|Moody|boost\n|-boost|p1a: Scovillain|def|2\n|-unboost|p1a: Scovillain|spd|1\n|upkeep\n|turn|8\n|\n|t:|1698780327\n|-end|p1b: Iron Hands|Quark Drive|[silent]\n|switch|p1b: Amoonguss|Amoonguss, M|100\/100\n|move|p1a: Scovillain|Protect|p1a: Scovillain\n|-singleturn|p1a: Scovillain|Protect\n|move|p2a: Inteleon|Water Pledge|p1b: Amoonguss\n|-waiting|p2a: Inteleon|p2b: Cinderace\n|move|p2b: Cinderace|Fire Pledge|p1b: Amoonguss|[from]move: Water Pledge\n|-start|p2b: Cinderace|typechange|Water|[from] ability: Libero\n|-combine\n|-resisted|p1b: Amoonguss\n|-crit|p1b: Amoonguss\n|-damage|p1b: Amoonguss|81\/100\n|-sidestart|p2: Theadonia|Water Pledge\n|\n|-heal|p1a: Scovillain|98\/100|[from] item: Leftovers\n|-damage|p2b: Cinderace|46\/100|[from] Leech Seed|[of] p1a: Scovillain\n|-heal|p1a: Scovillain|100\/100|[silent]\n|-ability|p1a: Scovillain|Moody|boost\n|-boost|p1a: Scovillain|atk|2\n|-unboost|p1a: Scovillain|spd|1\n|upkeep\n|turn|9\n|\n|t:|1698780345\n|move|p2a: Inteleon|Light Screen|p2a: Inteleon\n|-sidestart|p2: Theadonia|move: Light Screen\n|move|p2b: Cinderace|Pyro Ball|p1b: Amoonguss\n|-supereffective|p1b: Amoonguss\n|-damage|p1b: Amoonguss|0 fnt\n|faint|p1b: Amoonguss\n|move|p1a: Scovillain|Flamethrower|p2a: Inteleon\n|-resisted|p2a: Inteleon\n|-damage|p2a: Inteleon|0 fnt\n|faint|p2a: Inteleon\n|\n|-damage|p2b: Cinderace|33\/100|[from] Leech Seed|[of] p1a: Scovillain\n|-ability|p1a: Scovillain|Moody|boost\n|-boost|p1a: Scovillain|def|2\n|-unboost|p1a: Scovillain|spd|1\n|upkeep\n|\n|t:|1698780355\n|switch|p2a: Muk|Muk-Alola, F|100\/100\n|switch|p1b: Iron Hands|Iron Hands|18\/100\n|turn|10\n|\n|t:|1698780365\n|move|p1a: Scovillain|Protect|p1a: Scovillain\n|-singleturn|p1a: Scovillain|Protect\n|move|p1b: Iron Hands|Fake Out|p2a: Muk\n|-damage|p2a: Muk|80\/100\n|-damage|p1b: Iron Hands|8\/100|[from] item: Life Orb\n|move|p2b: Cinderace|Pyro Ball|p1b: Iron Hands\n|-damage|p1b: Iron Hands|0 fnt\n|faint|p1b: Iron Hands\n|-end|p1b: Iron Hands|Quark Drive|[silent]\n|cant|p2a: Muk|flinch\n|\n|-heal|p2a: Muk|86\/100|[from] item: Black Sludge\n|-damage|p2b: Cinderace|21\/100|[from] Leech Seed|[of] p1a: Scovillain\n|-ability|p1a: Scovillain|Moody|boost\n|-boost|p1a: Scovillain|atk|2\n|-unboost|p1a: Scovillain|spe|1\n|upkeep\n|\n|t:|1698780375\n|switch|p1b: Armarouge|Armarouge, F|100\/100\n|turn|11\n|\n|t:|1698780388\n|move|p2b: Cinderace|U-turn|p1b: Armarouge\n|-damage|p1b: Armarouge|83\/100\n|-ability|p1b: Armarouge|Weak Armor|boost\n|-unboost|p1b: Armarouge|def|1\n|-boost|p1b: Armarouge|spe|2\n|\n|t:|1698780393\n|switch|p2b: Alcremie|Alcremie, F|100\/100|[from] U-turn\n|move|p1b: Armarouge|Iron Defense|p1b: Armarouge\n|-boost|p1b: Armarouge|def|2\n|move|p1a: Scovillain|Flamethrower|p2a: Muk\n|-damage|p2a: Muk|62\/100\n|move|p2a: Muk|Knock Off|p1b: Armarouge\n|-supereffective|p1b: Armarouge\n|-damage|p1b: Armarouge|35\/100\n|-ability|p1b: Armarouge|Weak Armor|boost\n|-unboost|p1b: Armarouge|def|1\n|-boost|p1b: Armarouge|spe|2\n|-status|p1b: Armarouge|psn|[from] ability: Poison Touch|[of] p2a: Muk\n|-enditem|p1b: Armarouge|Leftovers|[from] move: Knock Off|[of] p2a: Muk\n|\n|-heal|p2a: Muk|68\/100|[from] item: Black Sludge\n|-damage|p1b: Armarouge|23\/100 psn|[from] psn\n|-sideend|p2: Theadonia|Water Pledge\n|-ability|p1a: Scovillain|Moody|boost\n|-boost|p1a: Scovillain|spa|2\n|-unboost|p1a: Scovillain|spe|1\n|upkeep\n|turn|12\n|\n|t:|1698780419\n|move|p1b: Armarouge|Flamethrower|p2a: Muk\n|-damage|p2a: Muk|48\/100\n|move|p2b: Alcremie|Decorate|p2a: Muk\n|-boost|p2a: Muk|atk|2\n|-boost|p2a: Muk|spa|2\n|move|p2a: Muk|Knock Off|p1b: Armarouge\n|-supereffective|p1b: Armarouge\n|-damage|p1b: Armarouge|0 fnt\n|faint|p1b: Armarouge\n|move|p1a: Scovillain|Leech Seed|p2b: Alcremie\n|-start|p2b: Alcremie|move: Leech Seed\n|\n|-heal|p2a: Muk|54\/100|[from] item: Black Sludge\n|-damage|p2b: Alcremie|88\/100|[from] Leech Seed|[of] p1a: Scovillain\n|-ability|p1a: Scovillain|Moody|boost\n|-boost|p1a: Scovillain|spe|2\n|-unboost|p1a: Scovillain|atk|1\n|upkeep\n|turn|13\n|\n|t:|1698780439\n|move|p2b: Alcremie|Decorate|p2a: Muk\n|-boost|p2a: Muk|atk|2\n|-boost|p2a: Muk|spa|2\n|move|p1a: Scovillain|Flamethrower|p2a: Muk\n|-damage|p2a: Muk|6\/100\n|-status|p2a: Muk|brn\n|move|p2a: Muk|Knock Off|p1a: Scovillain\n|-end|p1a: Scovillain|Substitute\n|\n|-heal|p2a: Muk|12\/100 brn|[from] item: Black Sludge\n|-damage|p2b: Alcremie|76\/100|[from] Leech Seed|[of] p1a: Scovillain\n|-damage|p2a: Muk|6\/100 brn|[from] brn\n|-sideend|p2: Theadonia|move: Light Screen\n|-ability|p1a: Scovillain|Moody|boost\n|-boost|p1a: Scovillain|def|2\n|-unboost|p1a: Scovillain|spe|1\n|upkeep\n|turn|14\n|\n|t:|1698780452\n|switch|p2b: Cinderace|Cinderace, F|21\/100\n|move|p1a: Scovillain|Protect|p1a: Scovillain\n|-singleturn|p1a: Scovillain|Protect\n|move|p2a: Muk|Drain Punch|p1a: Scovillain\n|-activate|p1a: Scovillain|move: Protect\n|\n|-heal|p2a: Muk|12\/100 brn|[from] item: Black Sludge\n|-damage|p2a: Muk|6\/100 brn|[from] brn\n|-ability|p1a: Scovillain|Moody|boost\n|-boost|p1a: Scovillain|spe|2\n|-unboost|p1a: Scovillain|spd|1\n|upkeep\n|turn|15\n|\n|t:|1698780472\n|move|p2b: Cinderace|Pyro Ball|p1a: Scovillain|[miss]\n|-miss|p2b: Cinderace|p1a: Scovillain\n|move|p1a: Scovillain|Flamethrower|p2a: Muk\n|-damage|p2a: Muk|0 fnt\n|faint|p2a: Muk\n|\n|-ability|p1a: Scovillain|Moody|boost\n|-boost|p1a: Scovillain|spd|2\n|-unboost|p1a: Scovillain|spe|1\n|upkeep\n|\n|t:|1698780476\n|switch|p2a: Alcremie|Alcremie, F|76\/100\n|turn|16\n|\n|t:|1698780481\n|move|p2a: Alcremie|Dazzling Gleam|p1a: Scovillain\n|-resisted|p1a: Scovillain\n|-damage|p1a: Scovillain|52\/100\n|move|p2b: Cinderace|Pyro Ball|p1a: Scovillain\n|-damage|p1a: Scovillain|30\/100\n|move|p1a: Scovillain|Substitute|p1a: Scovillain\n|-start|p1a: Scovillain|Substitute\n|-damage|p1a: Scovillain|5\/100\n|\n|-heal|p1a: Scovillain|11\/100|[from] item: Leftovers\n|-ability|p1a: Scovillain|Moody|boost\n|-boost|p1a: Scovillain|spe|2\n|-unboost|p1a: Scovillain|spd|1\n|upkeep\n|turn|17\n|\n|t:|1698780495\n|move|p1a: Scovillain|Leech Seed|p2a: Alcremie\n|-start|p2a: Alcremie|move: Leech Seed\n|move|p2a: Alcremie|Dazzling Gleam|p1a: Scovillain\n|-resisted|p1a: Scovillain\n|-end|p1a: Scovillain|Substitute\n|move|p2b: Cinderace|Fire Pledge|p1a: Scovillain\n|-damage|p1a: Scovillain|0 fnt\n|faint|p1a: Scovillain\n|\n|win|Theadonia\n|raw|ItsMonon's rating: 1080 &rarr; <strong>1058<\/strong><br \/>(-22 for losing)\n|raw|Theadonia's rating: 1086 &rarr; <strong>1113<\/strong><br \/>(+27 for winning)\n|l|\u2606ItsMonon\n|c|\u2606Theadonia|Ggwp\n","uploadtime":1698780509,"views":4,"p1id":"itsmonon","p2id":"theadonia","formatid":"gen9nationaldexdoubles","rating":1058,"private":0,"password":""}