{"id":"gen9nationaldexdoubles-1986488741","p1":"Iceandgold","p2":"Smoky_Man","format":"[Gen 9] National Dex Doubles","log":"|j|\u2606Iceandgold\n|j|\u2606Smoky_Man\n|t:|1699484185\n|gametype|doubles\n|player|p1|Iceandgold|swimmerf-gen4dp|1157\n|player|p2|Smoky_Man|volo|1253\n|teamsize|p1|6\n|teamsize|p2|6\n|gen|9\n|tier|[Gen 9] National Dex Doubles\n|rated|\n|rule|HP Percentage Mod: HP is shown in percentages\n|rule|Endless Battle Clause: Forcing endless battles is banned\n|rule|OHKO Clause: OHKO moves are banned\n|rule|Evasion Moves Clause: Evasion moves are banned\n|rule|Evasion Abilities Clause: Evasion abilities are banned\n|rule|Species Clause: Limit one of each Pok\u00e9mon\n|rule|Gravity Sleep Clause: The combination of sleep-inducing moves with imperfect accuracy and Gravity or Gigantamax Orbeetle are banned\n|clearpoke\n|poke|p1|Kingambit, M|\n|poke|p1|Dragonite, F|\n|poke|p1|Ambipom, M|\n|poke|p1|Chandelure, M|\n|poke|p1|Sceptile, M|\n|poke|p1|Iron Valiant|\n|poke|p2|Tyranitar, F|\n|poke|p2|Dracovish|\n|poke|p2|Ogerpon-Cornerstone, F|\n|poke|p2|Ursaluna-Bloodmoon, M|\n|poke|p2|Tornadus, M|\n|poke|p2|Marshadow|\n|teampreview\n|inactive|Battle timer is ON: inactive players will automatically lose when time's up. (requested by Iceandgold)\n|\n|t:|1699484198\n|start\n|switch|p1a: Ambipom|Ambipom, M|100\/100\n|switch|p1b: Chandelure|Chandelure, M|100\/100\n|switch|p2a: Walmartzilla 2|Tyranitar, F, shiny|100\/100\n|switch|p2b: Cupcake|Dracovish, shiny|100\/100\n|-weather|Sandstorm|[from] ability: Sand Stream|[of] p2a: Walmartzilla 2\n|turn|1\n|\n|t:|1699484220\n|detailschange|p2a: Walmartzilla 2|Tyranitar-Mega, F, shiny\n|-mega|p2a: Walmartzilla 2|Tyranitar|Tyranitarite\n|move|p1a: Ambipom|Fake Out|p2a: Walmartzilla 2\n|-resisted|p2a: Walmartzilla 2\n|-damage|p2a: Walmartzilla 2|93\/100\n|move|p2b: Cupcake|Fishious Rend|p1b: Chandelure\n|-supereffective|p1b: Chandelure\n|-damage|p1b: Chandelure|0 fnt\n|faint|p1b: Chandelure\n|cant|p2a: Walmartzilla 2|flinch\n|\n|-weather|Sandstorm|[upkeep]\n|-damage|p1a: Ambipom|94\/100|[from] Sandstorm\n|upkeep\n|\n|t:|1699484230\n|switch|p1b: Iron Valiant|Iron Valiant|100\/100\n|-enditem|p1b: Iron Valiant|Booster Energy\n|-activate|p1b: Iron Valiant|ability: Quark Drive|[fromitem]\n|-start|p1b: Iron Valiant|quarkdrivespe\n|turn|2\n|\n|t:|1699484246\n|move|p2a: Walmartzilla 2|Protect|p2a: Walmartzilla 2\n|-singleturn|p2a: Walmartzilla 2|Protect\n|move|p1b: Iron Valiant|Focus Blast|p2a: Walmartzilla 2\n|-activate|p2a: Walmartzilla 2|move: Protect\n|move|p2b: Cupcake|Fishious Rend|p1b: Iron Valiant\n|-damage|p1b: Iron Valiant|27\/100\n|move|p1a: Ambipom|U-turn|p2b: Cupcake\n|-damage|p2b: Cupcake|79\/100\n|\n|t:|1699484257\n|switch|p1a: Dragonite|Dragonite, F|100\/100|[from] U-turn\n|\n|-weather|Sandstorm|[upkeep]\n|-damage|p1b: Iron Valiant|21\/100|[from] Sandstorm\n|-damage|p1a: Dragonite|94\/100|[from] Sandstorm\n|upkeep\n|turn|3\n|inactive|Smoky_Man has 120 seconds left.\n|\n|t:|1699484292\n|switch|p2a: Perfect Cell|Tornadus, M, shiny|100\/100\n|move|p1b: Iron Valiant|Focus Blast|p2a: Perfect Cell|[miss]\n|-miss|p1b: Iron Valiant|p2a: Perfect Cell\n|move|p2b: Cupcake|Fishious Rend|p1b: Iron Valiant\n|-damage|p1b: Iron Valiant|0 fnt\n|faint|p1b: Iron Valiant\n|-end|p1b: Iron Valiant|Quark Drive|[silent]\n|move|p1a: Dragonite|Dragon Claw|p2b: Cupcake\n|-supereffective|p2b: Cupcake\n|-damage|p2b: Cupcake|0 fnt\n|faint|p2b: Cupcake\n|\n|-weather|Sandstorm|[upkeep]\n|-damage|p2a: Perfect Cell|94\/100|[from] Sandstorm\n|-damage|p1a: Dragonite|88\/100|[from] Sandstorm\n|upkeep\n|inactive|Smoky_Man has 120 seconds left.\n|\n|t:|1699484313\n|switch|p1b: Sceptile|Sceptile, M|100\/100\n|switch|p2b: Tallest G&W Player|Marshadow|100\/100\n|turn|4\n|\n|t:|1699484334\n|detailschange|p1b: Sceptile|Sceptile-Mega, M\n|-mega|p1b: Sceptile|Sceptile|Sceptilite\n|-terastallize|p1a: Dragonite|Normal\n|move|p1a: Dragonite|Extreme Speed|p2a: Perfect Cell\n|-damage|p2a: Perfect Cell|35\/100\n|move|p2a: Perfect Cell|Tailwind|p2a: Perfect Cell\n|-sidestart|p2: Smoky_Man|move: Tailwind\n|-zpower|p2b: Tallest G&W Player\n|move|p2b: Tallest G&W Player|Soul-Stealing 7-Star Strike|p1b: Sceptile|[zeffect]\n|-damage|p1b: Sceptile|0 fnt\n|faint|p1b: Sceptile\n|\n|-weather|Sandstorm|[upkeep]\n|-damage|p2b: Tallest G&W Player|95\/100|[from] Sandstorm\n|-damage|p2a: Perfect Cell|29\/100|[from] Sandstorm\n|-damage|p1a: Dragonite|82\/100|[from] Sandstorm\n|upkeep\n|inactive|Iceandgold has 120 seconds left.\n|\n|t:|1699484352\n|switch|p1b: Kingambit|Kingambit, M|100\/100\n|-activate|p1b: Kingambit|ability: Supreme Overlord\n|-start|p1b: Kingambit|fallen3|[silent]\n|turn|5\n|inactive|Smoky_Man has 120 seconds left.\n|\n|t:|1699484388\n|switch|p2a: Walmartzilla 2|Tyranitar-Mega, F, shiny|93\/100\n|-end|p1b: Kingambit|fallen3|[silent]\n|switch|p1b: Ambipom|Ambipom, M|94\/100\n|move|p1a: Dragonite|Extreme Speed|p2a: Walmartzilla 2\n|-resisted|p2a: Walmartzilla 2\n|-damage|p2a: Walmartzilla 2|80\/100\n|move|p2b: Tallest G&W Player|Force Palm|p1b: Ambipom\n|-supereffective|p1b: Ambipom\n|-damage|p1b: Ambipom|0 fnt\n|faint|p1b: Ambipom\n|\n|-weather|none\n|upkeep\n|inactive|Iceandgold has 120 seconds left.\n|\n|t:|1699484398\n|switch|p1b: Kingambit|Kingambit, M|100\/100\n|-activate|p1b: Kingambit|ability: Supreme Overlord\n|-start|p1b: Kingambit|fallen4|[silent]\n|turn|6\n|\n|t:|1699484414\n|move|p2a: Walmartzilla 2|Protect|p2a: Walmartzilla 2\n|-singleturn|p2a: Walmartzilla 2|Protect\n|move|p2b: Tallest G&W Player|Force Palm|p1a: Dragonite\n|-supereffective|p1a: Dragonite\n|-damage|p1a: Dragonite|4\/100\n|move|p1a: Dragonite|Waterfall|p2a: Walmartzilla 2\n|-activate|p2a: Walmartzilla 2|move: Protect\n|move|p1b: Kingambit|Knock Off|p2b: Tallest G&W Player\n|-damage|p2b: Tallest G&W Player|29\/100\n|\n|upkeep\n|turn|7\n|\n|t:|1699484441\n|move|p2b: Tallest G&W Player|Force Palm|p1b: Kingambit\n|-supereffective|p1b: Kingambit\n|-damage|p1b: Kingambit|0 fnt\n|faint|p1b: Kingambit\n|-end|p1b: Kingambit|fallen4|[silent]\n|move|p2a: Walmartzilla 2|Rock Slide|p1a: Dragonite\n|-damage|p1a: Dragonite|0 fnt\n|faint|p1a: Dragonite\n|\n|win|Smoky_Man\n|raw|Iceandgold's rating: 1157 &rarr; <strong>1139<\/strong><br \/>(-18 for losing)\n|raw|Smoky_Man's rating: 1253 &rarr; <strong>1271<\/strong><br \/>(+18 for winning)\n|c|\u2606Smoky_Man|GG\n|l|\u2606Iceandgold\n","uploadtime":1699484456,"views":21,"p1id":"iceandgold","p2id":"smokyman","formatid":"gen9nationaldexdoubles","rating":1139,"private":0,"password":""}