{"id":"gen9nationaldexdoubles-1957828793","p1":"Not McBruh","p2":"Red_Ice_Games","format":"[Gen 9] National Dex Doubles","log":"|j|\u2606Not McBruh\n|j|\u2606Red_Ice_Games\n|t:|1696265883\n|gametype|doubles\n|player|p1|Not McBruh|colress|1416\n|player|p2|Red_Ice_Games|psychic|1254\n|teamsize|p1|6\n|teamsize|p2|6\n|gen|9\n|tier|[Gen 9] National Dex Doubles\n|rated|\n|rule|HP Percentage Mod: HP is shown in percentages\n|rule|Endless Battle Clause: Forcing endless battles is banned\n|rule|OHKO Clause: OHKO moves are banned\n|rule|Evasion Moves Clause: Evasion moves are banned\n|rule|Evasion Abilities Clause: Evasion abilities are banned\n|rule|Species Clause: Limit one of each Pok\u00e9mon\n|rule|Gravity Sleep Clause: The combination of sleep-inducing moves with imperfect accuracy and Gravity or Gigantamax Orbeetle are banned\n|clearpoke\n|poke|p1|Mimikyu, M|\n|poke|p1|Kommo-o, M|\n|poke|p1|Indeedee-F, F|\n|poke|p1|Cresselia, F|\n|poke|p1|Rillaboom, M|\n|poke|p1|Flutter Mane|\n|poke|p2|Iron Valiant|\n|poke|p2|Chien-Pao|\n|poke|p2|Iron Hands|\n|poke|p2|Ninjask, M|\n|poke|p2|Absol, M|\n|poke|p2|Garchomp, M|\n|teampreview\n|inactive|Battle timer is ON: inactive players will automatically lose when time's up. (requested by Red_Ice_Games)\n|c|\u2606Not McBruh|glhf\n|\n|t:|1696265899\n|start\n|switch|p1a: Sean|Mimikyu, M|100\/100\n|switch|p1b: Richard|Kommo-o, M|100\/100\n|switch|p2a: Absol|Absol, M|100\/100\n|switch|p2b: Chien-Pao|Chien-Pao|100\/100\n|-ability|p2b: Chien-Pao|Sword of Ruin\n|turn|1\n|\n|t:|1696265910\n|switch|p1b: Mary|Cresselia, F|100\/100\n|detailschange|p2a: Absol|Absol-Mega, M\n|-mega|p2a: Absol|Absol|Absolite\n|move|p2b: Chien-Pao|Ice Spinner|p1b: Mary\n|-damage|p1b: Mary|73\/100\n|move|p2a: Absol|Knock Off|p1a: Sean\n|-activate|p1a: Sean|ability: Disguise\n|-damage|p1a: Sean|100\/100\n|-enditem|p1a: Sean|Wide Lens|[from] move: Knock Off|[of] p2a: Absol\n|detailschange|p1a: Sean|Mimikyu-Busted, M\n|-damage|p1a: Sean|88\/100|[from] pokemon: Mimikyu-Busted\n|move|p1a: Sean|Will-O-Wisp|p2b: Chien-Pao\n|-status|p2b: Chien-Pao|brn\n|\n|-damage|p2b: Chien-Pao|95\/100 brn|[from] brn\n|upkeep\n|turn|2\n|\n|t:|1696265930\n|move|p1b: Mary|Protect|p1b: Mary\n|-singleturn|p1b: Mary|Protect\n|move|p2b: Chien-Pao|Ice Spinner|p1b: Mary\n|-activate|p1b: Mary|move: Protect\n|move|p2a: Absol|Knock Off|p1b: Mary\n|-activate|p1b: Mary|move: Protect\n|move|p1a: Sean|Play Rough|p2a: Absol\n|-supereffective|p2a: Absol\n|-damage|p2a: Absol|0 fnt\n|faint|p2a: Absol\n|\n|-damage|p2b: Chien-Pao|89\/100 brn|[from] brn\n|upkeep\n|\n|t:|1696265935\n|switch|p2a: Ninjask|Ninjask, M|100\/100\n|turn|3\n|\n|t:|1696265949\n|move|p2a: Ninjask|Substitute|p2a: Ninjask\n|-start|p2a: Ninjask|Substitute\n|-damage|p2a: Ninjask|76\/100\n|move|p2b: Chien-Pao|Ice Spinner|p1b: Mary\n|-damage|p1b: Mary|60\/100\n|move|p1a: Sean|Will-O-Wisp||[still]\n|-fail|p1a: Sean\n|move|p1b: Mary|Icy Wind|p2a: Ninjask|[spread] p2a\n|-miss|p1b: Mary|p2b: Chien-Pao\n|-supereffective|p2a: Ninjask\n|-end|p2a: Ninjask|Substitute\n|\n|-damage|p2b: Chien-Pao|83\/100 brn|[from] brn\n|-ability|p2a: Ninjask|Speed Boost|boost\n|-boost|p2a: Ninjask|spe|1\n|upkeep\n|turn|4\n|\n|t:|1696265964\n|move|p2b: Chien-Pao|Sucker Punch|p1b: Mary\n|-supereffective|p1b: Mary\n|-damage|p1b: Mary|37\/100\n|move|p2a: Ninjask|Substitute|p2a: Ninjask\n|-start|p2a: Ninjask|Substitute\n|-damage|p2a: Ninjask|51\/100\n|move|p1a: Sean|Play Rough|p2a: Ninjask\n|-end|p2a: Ninjask|Substitute\n|move|p1b: Mary|Icy Wind|p2a: Ninjask|[spread] p2a,p2b\n|-supereffective|p2a: Ninjask\n|-resisted|p2b: Chien-Pao\n|-damage|p2a: Ninjask|17\/100\n|-damage|p2b: Chien-Pao|76\/100 brn\n|-unboost|p2a: Ninjask|spe|1\n|-unboost|p2b: Chien-Pao|spe|1\n|\n|-damage|p2b: Chien-Pao|70\/100 brn|[from] brn\n|-ability|p2a: Ninjask|Speed Boost|boost\n|-boost|p2a: Ninjask|spe|1\n|upkeep\n|turn|5\n|\n|t:|1696265978\n|switch|p1b: Richard|Kommo-o, M|100\/100\n|move|p1a: Sean|Shadow Sneak|p2a: Ninjask\n|-damage|p2a: Ninjask|0 fnt\n|faint|p2a: Ninjask\n|move|p2b: Chien-Pao|Swords Dance|p2b: Chien-Pao\n|-boost|p2b: Chien-Pao|atk|2\n|\n|-damage|p2b: Chien-Pao|64\/100 brn|[from] brn\n|upkeep\n|\n|t:|1696265997\n|switch|p2a: Garchomp|Garchomp, M|100\/100\n|turn|6\n|\n|t:|1696266006\n|-terastallize|p2a: Garchomp|Steel\n|move|p2b: Chien-Pao|Ice Shard|p1b: Richard\n|-supereffective|p1b: Richard\n|-damage|p1b: Richard|59\/100\n|move|p1a: Sean|Play Rough|p2b: Chien-Pao\n|-supereffective|p2b: Chien-Pao\n|-damage|p2b: Chien-Pao|0 fnt\n|faint|p2b: Chien-Pao\n|-zpower|p1b: Richard\n|move|p1b: Richard|Clangorous Soulblaze|p2a: Garchomp|[zeffect]\n|-resisted|p2a: Garchomp\n|-damage|p2a: Garchomp|75\/100\n|-boost|p1b: Richard|atk|1\n|-boost|p1b: Richard|def|1\n|-boost|p1b: Richard|spa|1\n|-boost|p1b: Richard|spd|1\n|-boost|p1b: Richard|spe|1\n|move|p2a: Garchomp|Scale Shot|p1b: Richard\n|-supereffective|p1b: Richard\n|-crit|p1b: Richard\n|-damage|p1b: Richard|23\/100\n|-supereffective|p1b: Richard\n|-damage|p1b: Richard|7\/100\n|-supereffective|p1b: Richard\n|-damage|p1b: Richard|0 fnt\n|faint|p1b: Richard\n|-hitcount|p1: Richard|3\n|-unboost|p2a: Garchomp|def|1\n|-boost|p2a: Garchomp|spe|1\n|\n|upkeep\n|\n|t:|1696266035\n|switch|p2b: Iron Hands|Iron Hands|100\/100\n|switch|p1b: Jonathan|Rillaboom, M|100\/100\n|-fieldstart|move: Grassy Terrain|[from] ability: Grassy Surge|[of] p1b: Jonathan\n|turn|7\n|\n|t:|1696266049\n|move|p1b: Jonathan|Fake Out|p2a: Garchomp\n|-resisted|p2a: Garchomp\n|-damage|p2a: Garchomp|65\/100\n|-damage|p1b: Jonathan|88\/100|[from] ability: Rough Skin|[of] p2a: Garchomp\n|move|p2b: Iron Hands|Fake Out|p1b: Jonathan\n|-damage|p1b: Jonathan|73\/100\n|cant|p2a: Garchomp|flinch\n|move|p1a: Sean|Will-O-Wisp|p2a: Garchomp\n|-status|p2a: Garchomp|brn\n|\n|-heal|p2a: Garchomp|71\/100 brn|[from] Grassy Terrain\n|-heal|p1a: Sean|94\/100|[from] Grassy Terrain\n|-heal|p1b: Jonathan|79\/100|[from] Grassy Terrain\n|-damage|p2a: Garchomp|65\/100 brn|[from] brn\n|upkeep\n|turn|8\n|\n|t:|1696266071\n|move|p2a: Garchomp|Hone Claws|p2a: Garchomp\n|-boost|p2a: Garchomp|atk|1\n|-boost|p2a: Garchomp|accuracy|1\n|move|p1a: Sean|Will-O-Wisp|p2b: Iron Hands\n|-status|p2b: Iron Hands|brn\n|move|p1b: Jonathan|Knock Off|p2a: Garchomp\n|-damage|p2a: Garchomp|10\/100 brn\n|-damage|p1b: Jonathan|67\/100|[from] ability: Rough Skin|[of] p2a: Garchomp\n|-enditem|p2a: Garchomp|Loaded Dice|[from] move: Knock Off|[of] p1b: Jonathan\n|move|p2b: Iron Hands|Thunder Punch|p1a: Sean\n|-damage|p1a: Sean|66\/100\n|-status|p1a: Sean|par\n|\n|-heal|p2a: Garchomp|16\/100 brn|[from] Grassy Terrain\n|-heal|p1b: Jonathan|73\/100|[from] Grassy Terrain\n|-heal|p1a: Sean|72\/100 par|[from] Grassy Terrain\n|-damage|p2a: Garchomp|10\/100 brn|[from] brn\n|-damage|p2b: Iron Hands|94\/100 brn|[from] brn\n|upkeep\n|turn|9\n|\n|t:|1696266095\n|move|p1b: Jonathan|Grassy Glide|p2a: Garchomp\n|-resisted|p2a: Garchomp\n|-damage|p2a: Garchomp|0 fnt\n|-damage|p1b: Jonathan|61\/100|[from] ability: Rough Skin|[of] p2a: Garchomp\n|faint|p2a: Garchomp\n|cant|p1a: Sean|par\n|move|p2b: Iron Hands|Swords Dance|p2b: Iron Hands\n|-boost|p2b: Iron Hands|atk|2\n|\n|-heal|p1b: Jonathan|67\/100|[from] Grassy Terrain\n|-heal|p1a: Sean|79\/100 par|[from] Grassy Terrain\n|-heal|p2b: Iron Hands|100\/100 brn|[from] Grassy Terrain\n|-damage|p2b: Iron Hands|94\/100 brn|[from] brn\n|upkeep\n|\n|t:|1696266099\n|switch|p2a: Iron Valiant|Iron Valiant|100\/100\n|turn|10\n|\n|t:|1696266110\n|move|p2a: Iron Valiant|Spirit Break|p1a: Sean\n|-damage|p1a: Sean|26\/100 par\n|-unboost|p1a: Sean|spa|1\n|move|p1b: Jonathan|U-turn|p2a: Iron Valiant\n|-resisted|p2a: Iron Valiant\n|-damage|p2a: Iron Valiant|93\/100\n|\n|t:|1696266117\n|switch|p1b: Karen|Flutter Mane|100\/100|[from] U-turn\n|-enditem|p1b: Karen|Booster Energy\n|-activate|p1b: Karen|ability: Protosynthesis|[fromitem]\n|-start|p1b: Karen|protosynthesisspe\n|move|p1a: Sean|Play Rough|p2a: Iron Valiant\n|-supereffective|p2a: Iron Valiant\n|-damage|p2a: Iron Valiant|24\/100\n|move|p2b: Iron Hands|Thunder Punch|p1a: Sean\n|-damage|p1a: Sean|0 fnt\n|faint|p1a: Sean\n|\n|-heal|p2a: Iron Valiant|30\/100|[from] Grassy Terrain\n|-heal|p2b: Iron Hands|100\/100 brn|[from] Grassy Terrain\n|-damage|p2b: Iron Hands|94\/100 brn|[from] brn\n|upkeep\n|\n|t:|1696266131\n|switch|p1a: Jonathan|Rillaboom, M|67\/100\n|turn|11\n|\n|t:|1696266139\n|-terastallize|p1b: Karen|Fairy\n|move|p2a: Iron Valiant|Wide Guard|p2a: Iron Valiant\n|-singleturn|p2a: Iron Valiant|Wide Guard\n|move|p1a: Jonathan|Fake Out|p2b: Iron Hands\n|-damage|p2b: Iron Hands|85\/100 brn\n|move|p1b: Karen|Dazzling Gleam|p2a: Iron Valiant|[spread] \n|-activate|p2a: Iron Valiant|move: Wide Guard\n|-activate|p2b: Iron Hands|move: Wide Guard\n|cant|p2b: Iron Hands|flinch\n|\n|-heal|p2a: Iron Valiant|36\/100|[from] Grassy Terrain\n|-heal|p1a: Jonathan|73\/100|[from] Grassy Terrain\n|-heal|p2b: Iron Hands|91\/100 brn|[from] Grassy Terrain\n|-damage|p2b: Iron Hands|85\/100 brn|[from] brn\n|-fieldend|move: Grassy Terrain\n|upkeep\n|turn|12\n|\n|t:|1696266153\n|-end|p1b: Karen|Protosynthesis|[silent]\n|switch|p1b: Elizabeth|Indeedee-F, F|100\/100\n|-fieldstart|move: Psychic Terrain|[from] ability: Psychic Surge|[of] p1b: Elizabeth\n|-enditem|p1b: Elizabeth|Psychic Seed\n|-boost|p1b: Elizabeth|spd|1|[from] item: Psychic Seed\n|switch|p1a: Mary|Cresselia, F|37\/100\n|move|p2a: Iron Valiant|Wide Guard|p2a: Iron Valiant\n|-singleturn|p2a: Iron Valiant|Wide Guard\n|move|p2b: Iron Hands|Thunder Punch|p1b: Elizabeth\n|-damage|p1b: Elizabeth|64\/100\n|\n|-damage|p2b: Iron Hands|79\/100 brn|[from] brn\n|upkeep\n|turn|13\n|\n|t:|1696266164\n|move|p2a: Iron Valiant|Wide Guard|p2a: Iron Valiant\n|-singleturn|p2a: Iron Valiant|Wide Guard\n|move|p1a: Mary|Icy Wind|p2b: Iron Hands|[spread] \n|-activate|p2a: Iron Valiant|move: Wide Guard\n|-activate|p2b: Iron Hands|move: Wide Guard\n|move|p1b: Elizabeth|Heal Pulse|p1a: Mary\n|-heal|p1a: Mary|87\/100\n|move|p2b: Iron Hands|Thunder Punch|p1a: Mary\n|-damage|p1a: Mary|66\/100\n|\n|-damage|p2b: Iron Hands|72\/100 brn|[from] brn\n|upkeep\n|turn|14\n|\n|t:|1696266179\n|switch|p1a: Jonathan|Rillaboom, M|73\/100\n|-fieldstart|move: Grassy Terrain|[from] ability: Grassy Surge|[of] p1a: Jonathan\n|move|p2a: Iron Valiant|Wide Guard|p2a: Iron Valiant\n|-singleturn|p2a: Iron Valiant|Wide Guard\n|move|p1b: Elizabeth|Heal Pulse|p1a: Jonathan\n|-heal|p1a: Jonathan|100\/100\n|move|p2b: Iron Hands|Swords Dance|p2b: Iron Hands\n|-boost|p2b: Iron Hands|atk|2\n|\n|-heal|p2a: Iron Valiant|43\/100|[from] Grassy Terrain\n|-heal|p1b: Elizabeth|70\/100|[from] Grassy Terrain\n|-heal|p2b: Iron Hands|79\/100 brn|[from] Grassy Terrain\n|-damage|p2b: Iron Hands|72\/100 brn|[from] brn\n|upkeep\n|turn|15\n|\n|t:|1696266191\n|move|p2a: Iron Valiant|Wide Guard|p2a: Iron Valiant\n|-singleturn|p2a: Iron Valiant|Wide Guard\n|move|p1a: Jonathan|Grassy Glide|p2a: Iron Valiant\n|-damage|p2a: Iron Valiant|0 fnt\n|faint|p2a: Iron Valiant\n|-end|p2a: Iron Valiant|Quark Drive|[silent]\n|move|p1b: Elizabeth|Expanding Force|p2b: Iron Hands\n|-supereffective|p2b: Iron Hands\n|-damage|p2b: Iron Hands|31\/100 brn\n|move|p2b: Iron Hands|Drain Punch|p1b: Elizabeth\n|-damage|p1b: Elizabeth|10\/100\n|-heal|p2b: Iron Hands|54\/100 brn|[from] drain|[of] p1b: Elizabeth\n|\n|-heal|p1b: Elizabeth|16\/100|[from] Grassy Terrain\n|-heal|p2b: Iron Hands|60\/100 brn|[from] Grassy Terrain\n|-damage|p2b: Iron Hands|54\/100 brn|[from] brn\n|upkeep\n|turn|16\n|\n|t:|1696266200\n|move|p1a: Jonathan|Grassy Glide|p2b: Iron Hands\n|-crit|p2b: Iron Hands\n|-damage|p2b: Iron Hands|17\/100 brn\n|move|p1b: Elizabeth|Expanding Force|p2b: Iron Hands\n|-supereffective|p2b: Iron Hands\n|-damage|p2b: Iron Hands|0 fnt\n|faint|p2b: Iron Hands\n|-end|p2b: Iron Hands|Quark Drive|[silent]\n|\n|win|Not McBruh\n|raw|Not McBruh's rating: 1416 &rarr; <strong>1427<\/strong><br \/>(+11 for winning)\n|raw|Red_Ice_Games's rating: 1254 &rarr; <strong>1240<\/strong><br \/>(-14 for losing)\n|l|\u2606Red_Ice_Games\n|c|\u2606Not McBruh|gg\n","uploadtime":1696266238,"views":21,"p1id":"notmcbruh","p2id":"redicegames","formatid":"gen9nationaldexdoubles","rating":1240,"private":0,"password":""}