{"id":"gen9nationaldexdoubles-1998899872","p1":"OPieceOfHeroGhost","p2":"Uchaku","format":"[Gen 9] National Dex Doubles","log":"|j|\u2606OPieceOfHeroGhost\n|j|\u2606Uchaku\n|t:|1701010544\n|gametype|doubles\n|player|p1|OPieceOfHeroGhost|morty|1069\n|player|p2|Uchaku|colress|1214\n|teamsize|p1|6\n|teamsize|p2|6\n|gen|9\n|tier|[Gen 9] National Dex Doubles\n|rated|\n|rule|HP Percentage Mod: HP is shown in percentages\n|rule|Endless Battle Clause: Forcing endless battles is banned\n|rule|OHKO Clause: OHKO moves are banned\n|rule|Evasion Moves Clause: Evasion moves are banned\n|rule|Evasion Abilities Clause: Evasion abilities are banned\n|rule|Species Clause: Limit one of each Pok\u00e9mon\n|rule|Gravity Sleep Clause: The combination of sleep-inducing moves with imperfect accuracy and Gravity or Gigantamax Orbeetle are banned\n|clearpoke\n|poke|p1|Landorus-Therian, M|\n|poke|p1|Cresselia, F|\n|poke|p1|Kangaskhan, F|\n|poke|p1|Heatran, M|\n|poke|p1|Amoonguss, F|\n|poke|p1|Thundurus, M|\n|poke|p2|Ursaluna-Bloodmoon, M|\n|poke|p2|Slowbro-Galar, M|\n|poke|p2|Spiritomb, M|\n|poke|p2|Copperajah, M|\n|poke|p2|Exeggutor-Alola, M|\n|poke|p2|Volcanion|\n|teampreview\n|\n|t:|1701010574\n|start\n|switch|p1a: \u6211\u7237\u7237\u5411\u7262\u5927\u656c\u793c\uff01|Amoonguss, F|100\/100\n|switch|p1b: \u7262\u5927\u9a7e\u5230\uff01\uff01\uff01\uff01\uff01|Kangaskhan, F|100\/100\n|switch|p2a: Exeggutor|Exeggutor-Alola, M, shiny|100\/100\n|switch|p2b: Volcanion|Volcanion|100\/100\n|turn|1\n|\n|t:|1701010593\n|switch|p1a: \u7262\u5927\u8d5b\u9ad8\uff01\uff01\uff01|Heatran, M|100\/100\n|detailschange|p1b: \u7262\u5927\u9a7e\u5230\uff01\uff01\uff01\uff01\uff01|Kangaskhan-Mega, F\n|-mega|p1b: \u7262\u5927\u9a7e\u5230\uff01\uff01\uff01\uff01\uff01|Kangaskhan|Kangaskhanite\n|move|p1b: \u7262\u5927\u9a7e\u5230\uff01\uff01\uff01\uff01\uff01|Protect|p1b: \u7262\u5927\u9a7e\u5230\uff01\uff01\uff01\uff01\uff01\n|-singleturn|p1b: \u7262\u5927\u9a7e\u5230\uff01\uff01\uff01\uff01\uff01|Protect\n|move|p2b: Volcanion|Flamethrower|p1a: \u7262\u5927\u8d5b\u9ad8\uff01\uff01\uff01\n|-start|p1a: \u7262\u5927\u8d5b\u9ad8\uff01\uff01\uff01|ability: Flash Fire\n|move|p2a: Exeggutor|Trick Room|p2a: Exeggutor\n|-fieldstart|move: Trick Room|[of] p2a: Exeggutor\n|\n|upkeep\n|turn|2\n|\n|t:|1701010620\n|move|p1a: \u7262\u5927\u8d5b\u9ad8\uff01\uff01\uff01|Protect|p1a: \u7262\u5927\u8d5b\u9ad8\uff01\uff01\uff01\n|-singleturn|p1a: \u7262\u5927\u8d5b\u9ad8\uff01\uff01\uff01|Protect\n|move|p2a: Exeggutor|Leech Seed|p1b: \u7262\u5927\u9a7e\u5230\uff01\uff01\uff01\uff01\uff01\n|-start|p1b: \u7262\u5927\u9a7e\u5230\uff01\uff01\uff01\uff01\uff01|move: Leech Seed\n|move|p2b: Volcanion|Scorching Sands|p1a: \u7262\u5927\u8d5b\u9ad8\uff01\uff01\uff01\n|-activate|p1a: \u7262\u5927\u8d5b\u9ad8\uff01\uff01\uff01|move: Protect\n|move|p1b: \u7262\u5927\u9a7e\u5230\uff01\uff01\uff01\uff01\uff01|Power-Up Punch|p2a: Exeggutor\n|-damage|p2a: Exeggutor|87\/100\n|-boost|p1b: \u7262\u5927\u9a7e\u5230\uff01\uff01\uff01\uff01\uff01|atk|1\n|-damage|p2a: Exeggutor|82\/100\n|-boost|p1b: \u7262\u5927\u9a7e\u5230\uff01\uff01\uff01\uff01\uff01|atk|1\n|-hitcount|p2a: Exeggutor|2\n|\n|-damage|p1b: \u7262\u5927\u9a7e\u5230\uff01\uff01\uff01\uff01\uff01|88\/100|[from] Leech Seed|[of] p2a: Exeggutor\n|-heal|p2a: Exeggutor|94\/100|[silent]\n|upkeep\n|turn|3\n|\n|t:|1701010644\n|-terastallize|p1a: \u7262\u5927\u8d5b\u9ad8\uff01\uff01\uff01|Grass\n|move|p2a: Exeggutor|Energy Ball|p1b: \u7262\u5927\u9a7e\u5230\uff01\uff01\uff01\uff01\uff01\n|-damage|p1b: \u7262\u5927\u9a7e\u5230\uff01\uff01\uff01\uff01\uff01|43\/100\n|-unboost|p1b: \u7262\u5927\u9a7e\u5230\uff01\uff01\uff01\uff01\uff01|spd|1\n|move|p2b: Volcanion|Steam Eruption|p1a: \u7262\u5927\u8d5b\u9ad8\uff01\uff01\uff01\n|-resisted|p1a: \u7262\u5927\u8d5b\u9ad8\uff01\uff01\uff01\n|-damage|p1a: \u7262\u5927\u8d5b\u9ad8\uff01\uff01\uff01|64\/100\n|-damage|p2b: Volcanion|91\/100|[from] item: Life Orb\n|move|p1a: \u7262\u5927\u8d5b\u9ad8\uff01\uff01\uff01|Eruption|p2a: Exeggutor|[spread] p2a,p2b\n|-resisted|p2b: Volcanion\n|-damage|p2a: Exeggutor|32\/100\n|-damage|p2b: Volcanion|75\/100\n|-enditem|p2a: Exeggutor|Sitrus Berry|[eat]\n|-heal|p2a: Exeggutor|57\/100|[from] item: Sitrus Berry\n|move|p1b: \u7262\u5927\u9a7e\u5230\uff01\uff01\uff01\uff01\uff01|Return|p2b: Volcanion\n|-damage|p2b: Volcanion|0 fnt\n|faint|p2b: Volcanion\n|-hitcount|p2: Volcanion|1\n|\n|-heal|p1a: \u7262\u5927\u8d5b\u9ad8\uff01\uff01\uff01|71\/100|[from] item: Leftovers\n|-damage|p1b: \u7262\u5927\u9a7e\u5230\uff01\uff01\uff01\uff01\uff01|30\/100|[from] Leech Seed|[of] p2a: Exeggutor\n|-heal|p2a: Exeggutor|69\/100|[silent]\n|-item|p2a: Exeggutor|Sitrus Berry|[from] ability: Harvest\n|upkeep\n|\n|t:|1701010673\n|switch|p2b: Copperajah|Copperajah, M, shiny|100\/100\n|turn|4\n|\n|t:|1701010711\n|switch|p1b: \u7262\u5927\uff01\u6211\u7231\u4f60\uff01|Landorus-Therian, M|100\/100\n|-ability|p1b: \u7262\u5927\uff01\u6211\u7231\u4f60\uff01|Intimidate|boost\n|-unboost|p2a: Exeggutor|atk|1\n|-unboost|p2b: Copperajah|atk|1\n|move|p1a: \u7262\u5927\u8d5b\u9ad8\uff01\uff01\uff01|Protect|p1a: \u7262\u5927\u8d5b\u9ad8\uff01\uff01\uff01\n|-singleturn|p1a: \u7262\u5927\u8d5b\u9ad8\uff01\uff01\uff01|Protect\n|move|p2b: Copperajah|Heavy Slam|p1a: \u7262\u5927\u8d5b\u9ad8\uff01\uff01\uff01\n|-activate|p1a: \u7262\u5927\u8d5b\u9ad8\uff01\uff01\uff01|move: Protect\n|move|p2a: Exeggutor|Energy Ball|p1b: \u7262\u5927\uff01\u6211\u7231\u4f60\uff01\n|-damage|p1b: \u7262\u5927\uff01\u6211\u7231\u4f60\uff01|43\/100\n|-unboost|p1b: \u7262\u5927\uff01\u6211\u7231\u4f60\uff01|spd|1\n|\n|-heal|p1a: \u7262\u5927\u8d5b\u9ad8\uff01\uff01\uff01|77\/100|[from] item: Leftovers\n|upkeep\n|turn|5\n|\n|t:|1701010732\n|switch|p2b: Slowbro|Slowbro-Galar, M, shiny|100\/100\n|move|p2a: Exeggutor|Energy Ball|p1b: \u7262\u5927\uff01\u6211\u7231\u4f60\uff01\n|-damage|p1b: \u7262\u5927\uff01\u6211\u7231\u4f60\uff01|0 fnt\n|faint|p1b: \u7262\u5927\uff01\u6211\u7231\u4f60\uff01\n|move|p1a: \u7262\u5927\u8d5b\u9ad8\uff01\uff01\uff01|Heat Wave|p2b: Slowbro|[spread] p2a,p2b\n|-damage|p2a: Exeggutor|8\/100\n|-damage|p2b: Slowbro|29\/100\n|-enditem|p2a: Exeggutor|Sitrus Berry|[eat]\n|-heal|p2a: Exeggutor|33\/100|[from] item: Sitrus Berry\n|\n|-heal|p1a: \u7262\u5927\u8d5b\u9ad8\uff01\uff01\uff01|83\/100|[from] item: Leftovers\n|-fieldend|move: Trick Room\n|-item|p2a: Exeggutor|Sitrus Berry|[from] ability: Harvest\n|upkeep\n|-enditem|p2a: Exeggutor|Sitrus Berry|[eat]\n|-heal|p2a: Exeggutor|58\/100|[from] item: Sitrus Berry\n|\n|t:|1701010745\n|switch|p1b: \u7262\u5927\u6765\u4e86\uff01\uff01\uff01\uff01|Cresselia, F|100\/100\n|turn|6\n|\n|t:|1701010756\n|move|p1b: \u7262\u5927\u6765\u4e86\uff01\uff01\uff01\uff01|Lunar Blessing|p1b: \u7262\u5927\u6765\u4e86\uff01\uff01\uff01\uff01|[spread] p1a,p1b\n|-heal|p1a: \u7262\u5927\u8d5b\u9ad8\uff01\uff01\uff01|100\/100\n|move|p1a: \u7262\u5927\u8d5b\u9ad8\uff01\uff01\uff01|Eruption|p2b: Slowbro|[spread] p2a,p2b\n|-damage|p2a: Exeggutor|0 fnt\n|-damage|p2b: Slowbro|0 fnt\n|faint|p2a: Exeggutor\n|faint|p2b: Slowbro\n|\n|upkeep\n|\n|t:|1701010781\n|switch|p2a: Copperajah|Copperajah, M, shiny|100\/100\n|switch|p2b: Spiritomb|Spiritomb, M, shiny|100\/100\n|turn|7\n|\n|t:|1701010805\n|move|p1b: \u7262\u5927\u6765\u4e86\uff01\uff01\uff01\uff01|Moonblast|p2b: Spiritomb\n|-supereffective|p2b: Spiritomb\n|-damage|p2b: Spiritomb|62\/100\n|-unboost|p2b: Spiritomb|spa|1\n|move|p1a: \u7262\u5927\u8d5b\u9ad8\uff01\uff01\uff01|Eruption|p2a: Copperajah|[spread] p2a,p2b\n|-supereffective|p2a: Copperajah\n|-damage|p2a: Copperajah|0 fnt\n|-damage|p2b: Spiritomb|0 fnt\n|faint|p2a: Copperajah\n|faint|p2b: Spiritomb\n|\n|upkeep\n|\n|t:|1701010817\n|switch|p2b: Ursaluna|Ursaluna-Bloodmoon, M|100\/100\n|turn|8\n|\n|t:|1701010827\n|move|p1b: \u7262\u5927\u6765\u4e86\uff01\uff01\uff01\uff01|Moonblast|p2b: Ursaluna\n|-damage|p2b: Ursaluna|81\/100\n|move|p1a: \u7262\u5927\u8d5b\u9ad8\uff01\uff01\uff01|Eruption|p2b: Ursaluna\n|-damage|p2b: Ursaluna|0 fnt\n|faint|p2b: Ursaluna\n|\n|win|OPieceOfHeroGhost\n|raw|OPieceOfHeroGhost's rating: 1069 &rarr; <strong>1110<\/strong><br \/>(+41 for winning)\n|raw|Uchaku's rating: 1214 &rarr; <strong>1179<\/strong><br \/>(-35 for losing)\n|l|\u2606Uchaku\n","uploadtime":1701010834,"views":0,"p1id":"opieceofheroghost","p2id":"uchaku","formatid":"gen9nationaldexdoubles","rating":1110,"private":0,"password":""}