{"id":"gen9nationaldexdoubles-1983309019","p1":"ekirandom","p2":"Roncito","format":"[Gen 9] National Dex Doubles","log":"|j|\u2606ekirandom\n|j|\u2606Roncito\n|t:|1699116677\n|gametype|doubles\n|player|p1|ekirandom|266|\n|player|p2|Roncito|1|\n|teamsize|p1|6\n|teamsize|p2|6\n|gen|9\n|tier|[Gen 9] National Dex Doubles\n|rule|HP Percentage Mod: HP is shown in percentages\n|rule|Endless Battle Clause: Forcing endless battles is banned\n|rule|OHKO Clause: OHKO moves are banned\n|rule|Evasion Moves Clause: Evasion moves are banned\n|rule|Evasion Abilities Clause: Evasion abilities are banned\n|rule|Species Clause: Limit one of each Pok\u00e9mon\n|rule|Gravity Sleep Clause: The combination of sleep-inducing moves with imperfect accuracy and Gravity or Gigantamax Orbeetle are banned\n|clearpoke\n|poke|p1|Squirtle, M|\n|poke|p1|Chikorita, F|\n|poke|p1|Litten, M|\n|poke|p1|Scorbunny, F|\n|poke|p1|Larvitar, M|\n|poke|p1|Pichu, F|\n|poke|p2|Charmander, F|\n|poke|p2|Larvitar, F|\n|poke|p2|Totodile, F|\n|poke|p2|Sprigatito, F|\n|poke|p2|Bulbasaur, M|\n|poke|p2|Litten, M|\n|teampreview\n|\n|t:|1699116737\n|start\n|switch|p1a: Scorbunny|Scorbunny, F|100\/100\n|switch|p1b: Chikorita|Chikorita, F|100\/100\n|switch|p2a: Litten|Litten, M|100\/100\n|switch|p2b: Larvitar|Larvitar, F|100\/100\n|-ability|p2a: Litten|Intimidate|boost\n|-unboost|p1a: Scorbunny|atk|1\n|-unboost|p1b: Chikorita|atk|1\n|turn|1\n|\n|t:|1699116823\n|-terastallize|p1b: Chikorita|Dragon\n|move|p2a: Litten|Flare Blitz|p1b: Chikorita\n|-resisted|p1b: Chikorita\n|-damage|p1b: Chikorita|83\/100\n|-damage|p2a: Litten|94\/100|[from] Recoil\n|move|p1a: Scorbunny|Low Kick|p2b: Larvitar\n|-start|p1a: Scorbunny|typechange|Fighting|[from] ability: Libero\n|-supereffective|p2b: Larvitar\n|-damage|p2b: Larvitar|0 fnt\n|faint|p2b: Larvitar\n|move|p1b: Chikorita|Body Slam|p2a: Litten\n|-damage|p2a: Litten|73\/100\n|\n|upkeep\n|\n|t:|1699116876\n|switch|p2b: Totodile|Totodile, F|100\/100\n|turn|2\n|\n|t:|1699116907\n|switch|p1a: Pichu|Pichu, F|100\/100\n|move|p2a: Litten|Protect|p2a: Litten\n|-singleturn|p2a: Litten|Protect\n|move|p2b: Totodile|Aqua Jet|p1b: Chikorita\n|-resisted|p1b: Chikorita\n|-damage|p1b: Chikorita|77\/100\n|move|p1b: Chikorita|Seed Bomb|p2b: Totodile\n|-supereffective|p2b: Totodile\n|-damage|p2b: Totodile|77\/100\n|\n|upkeep\n|turn|3\n|\n|t:|1699116937\n|move|p2a: Litten|U-turn|p1a: Pichu\n|-damage|p1a: Pichu|5\/100\n|\n|t:|1699116944\n|switch|p2a: Charmander|Charmander, F|100\/100|[from] U-turn\n|move|p1a: Pichu|Wild Charge|p2b: Totodile\n|-supereffective|p2b: Totodile\n|-damage|p2b: Totodile|24\/100\n|-damage|p1a: Pichu|0 fnt|[from] Recoil\n|faint|p1a: Pichu\n|move|p2b: Totodile|Dragon Claw|p1b: Chikorita\n|-supereffective|p1b: Chikorita\n|-damage|p1b: Chikorita|46\/100\n|move|p1b: Chikorita|Iron Tail|p2b: Totodile|[miss]\n|-miss|p1b: Chikorita|p2b: Totodile\n|\n|upkeep\n|\n|t:|1699116971\n|switch|p1a: Larvitar|Larvitar, M|100\/100\n|turn|4\n|\n|t:|1699117027\n|switch|p1b: Squirtle|Squirtle, M|100\/100\n|move|p2a: Charmander|Protect|p2a: Charmander\n|-singleturn|p2a: Charmander|Protect\n|move|p2b: Totodile|Aqua Jet|p1a: Larvitar\n|-supereffective|p1a: Larvitar\n|-damage|p1a: Larvitar|15\/100\n|move|p1a: Larvitar|Rock Slide|p2a: Charmander|[spread] p2b\n|-activate|p2a: Charmander|move: Protect\n|-crit|p2b: Totodile\n|-damage|p2b: Totodile|2\/100\n|\n|-status|p1a: Larvitar|brn|[from] item: Flame Orb\n|upkeep\n|turn|5\n|\n|t:|1699117081\n|switch|p1a: Scorbunny|Scorbunny, F|100\/100\n|move|p2a: Charmander|Protect|p2a: Charmander\n|-singleturn|p2a: Charmander|Protect\n|move|p1b: Squirtle|Scald|p2a: Charmander\n|-activate|p2a: Charmander|move: Protect\n|move|p2b: Totodile|Waterfall|p1a: Scorbunny\n|-supereffective|p1a: Scorbunny\n|-damage|p1a: Scorbunny|0 fnt\n|faint|p1a: Scorbunny\n|\n|upkeep\n|\n|t:|1699117109\n|switch|p1a: Larvitar|Larvitar, M|15\/100 brn\n|turn|6\n|\n|t:|1699117188\n|switch|p2a: Bulbasaur|Bulbasaur, M|100\/100\n|move|p2b: Totodile|Aqua Jet|p1a: Larvitar\n|-supereffective|p1a: Larvitar\n|-damage|p1a: Larvitar|0 fnt\n|faint|p1a: Larvitar\n|move|p1b: Squirtle|Scald|p2a: Bulbasaur\n|-resisted|p2a: Bulbasaur\n|-damage|p2a: Bulbasaur|87\/100\n|\n|upkeep\n|\n|t:|1699117206\n|switch|p1a: Chikorita|Chikorita, F, tera:Dragon|46\/100\n|turn|7\n|\n|t:|1699117233\n|move|p1b: Squirtle|Ice Beam|p2a: Bulbasaur\n|-supereffective|p2a: Bulbasaur\n|-damage|p2a: Bulbasaur|47\/100\n|move|p2a: Bulbasaur|Giga Drain|p1b: Squirtle\n|-supereffective|p1b: Squirtle\n|-damage|p1b: Squirtle|48\/100\n|-heal|p2a: Bulbasaur|72\/100|[from] drain|[of] p1b: Squirtle\n|move|p2b: Totodile|Ice Punch|p1a: Chikorita\n|-supereffective|p1a: Chikorita\n|-damage|p1a: Chikorita|9\/100\n|move|p1a: Chikorita|Seed Bomb|p2b: Totodile\n|-supereffective|p2b: Totodile\n|-damage|p2b: Totodile|0 fnt\n|faint|p2b: Totodile\n|\n|upkeep\n|\n|t:|1699117269\n|switch|p2b: Sprigatito|Sprigatito, F|100\/100\n|turn|8\n|\n|t:|1699117322\n|-terastallize|p2a: Bulbasaur|Dragon\n|move|p1b: Squirtle|Protect|p1b: Squirtle\n|-singleturn|p1b: Squirtle|Protect\n|move|p2b: Sprigatito|Seed Bomb|p1b: Squirtle\n|-activate|p1b: Squirtle|move: Protect\n|move|p2a: Bulbasaur|Giga Drain|p1a: Chikorita\n|-resisted|p1a: Chikorita\n|-damage|p1a: Chikorita|0 fnt\n|-heal|p2a: Bulbasaur|77\/100|[from] drain|[of] p1a: Chikorita\n|faint|p1a: Chikorita\n|\n|upkeep\n|\n|t:|1699117336\n|switch|p1a: Litten|Litten, M|100\/100\n|-ability|p1a: Litten|Intimidate|boost\n|-unboost|p2a: Bulbasaur|atk|1\n|-unboost|p2b: Sprigatito|atk|1\n|turn|9\n|\n|t:|1699117371\n|switch|p2a: Charmander|Charmander, F|100\/100\n|move|p1a: Litten|Flare Blitz|p2b: Sprigatito\n|-supereffective|p2b: Sprigatito\n|-damage|p2b: Sprigatito|0 fnt\n|faint|p2b: Sprigatito\n|-damage|p1a: Litten|69\/100|[from] Recoil\n|-damage|p1a: Litten|59\/100|[from] item: Life Orb\n|move|p1b: Squirtle|Ice Beam|p2a: Charmander\n|-resisted|p2a: Charmander\n|-damage|p2a: Charmander|84\/100\n|\n|upkeep\n|\n|t:|1699117385\n|switch|p2b: Bulbasaur|Bulbasaur, M, tera:Dragon|77\/100\n|turn|10\n|\n|t:|1699117490\n|move|p1b: Squirtle|Protect|p1b: Squirtle\n|-singleturn|p1b: Squirtle|Protect\n|move|p1a: Litten|Double Kick|p2b: Bulbasaur\n|-damage|p2b: Bulbasaur|67\/100\n|-damage|p2b: Bulbasaur|57\/100\n|-hitcount|p2b: Bulbasaur|2\n|-damage|p1a: Litten|49\/100|[from] item: Life Orb\n|move|p2a: Charmander|Ancient Power|p1a: Litten\n|-supereffective|p1a: Litten\n|-crit|p1a: Litten\n|-damage|p1a: Litten|0 fnt\n|faint|p1a: Litten\n|move|p2b: Bulbasaur|Sleep Powder|p1b: Squirtle\n|-activate|p1b: Squirtle|move: Protect\n|\n|upkeep\n|turn|11\n|\n|t:|1699117516\n|move|p2a: Charmander|Ancient Power|p1b: Squirtle\n|-damage|p1b: Squirtle|32\/100\n|move|p1b: Squirtle|Scald|p2a: Charmander\n|-supereffective|p2a: Charmander\n|-damage|p2a: Charmander|0 fnt\n|faint|p2a: Charmander\n|move|p2b: Bulbasaur|Sleep Powder|p1b: Squirtle|[miss]\n|-miss|p2b: Bulbasaur|p1b: Squirtle\n|\n|upkeep\n|\n|t:|1699117526\n|switch|p2a: Litten|Litten, M|73\/100\n|-ability|p2a: Litten|Intimidate|boost\n|-unboost|p1b: Squirtle|atk|1\n|turn|12\n|\n|t:|1699117535\n|-zpower|p2a: Litten\n|move|p2a: Litten|Inferno Overdrive|p1b: Squirtle|[zeffect]\n|-resisted|p1b: Squirtle\n|-crit|p1b: Squirtle\n|-damage|p1b: Squirtle|0 fnt\n|faint|p1b: Squirtle\n|\n|win|Roncito\n","uploadtime":1699117545,"views":10,"p1id":"ekirandom","p2id":"roncito","formatid":"gen9nationaldexdoubles","rating":0,"private":0,"password":""}