{"id":"gen9nationaldexdoubles-1970171666","p1":"Cabinet Minister","p2":"Sinnoh Athens 420","format":"[Gen 9] National Dex Doubles","log":"|j|\u2606Cabinet Minister\n|j|\u2606Sinnoh Athens 420\n|t:|1697604659\n|gametype|doubles\n|player|p1|Cabinet Minister|gentleman|1081\n|player|p2|Sinnoh Athens 420|265|1281\n|teamsize|p1|6\n|teamsize|p2|6\n|gen|9\n|tier|[Gen 9] National Dex Doubles\n|rated|\n|rule|HP Percentage Mod: HP is shown in percentages\n|rule|Endless Battle Clause: Forcing endless battles is banned\n|rule|OHKO Clause: OHKO moves are banned\n|rule|Evasion Moves Clause: Evasion moves are banned\n|rule|Evasion Abilities Clause: Evasion abilities are banned\n|rule|Species Clause: Limit one of each Pok\u00e9mon\n|rule|Gravity Sleep Clause: The combination of sleep-inducing moves with imperfect accuracy and Gravity or Gigantamax Orbeetle are banned\n|clearpoke\n|poke|p1|Regigigas|\n|poke|p1|Mienshao, F|\n|poke|p1|Dusknoir, F|\n|poke|p1|Clefable, F|\n|poke|p1|Blissey, F|\n|poke|p1|Weezing, M|\n|poke|p2|Muk-Alola, M|\n|poke|p2|Toxapex, M|\n|poke|p2|Venusaur, M|\n|poke|p2|Salazzle, F|\n|poke|p2|Drapion, M|\n|poke|p2|Nihilego|\n|teampreview\n|\n|t:|1697604690\n|start\n|switch|p1a: Political Campaign|Regigigas|100\/100\n|switch|p1b: Weezing|Weezing, M|100\/100\n|switch|p2a: Muk|Muk-Alola, M, shiny|100\/100\n|switch|p2b: Salazzle|Salazzle, F, shiny|100\/100\n|-ability|p1b: Weezing|Neutralizing Gas\n|turn|1\n|inactive|Battle timer is ON: inactive players will automatically lose when time's up. (requested by Sinnoh Athens 420)\n|inactive|Cabinet Minister has 120 seconds left.\n|\n|t:|1697604721\n|-terastallize|p1a: Political Campaign|Ghost\n|move|p2b: Salazzle|Poison Gas|p1b: Weezing|[spread] p1a,p1b\n|-status|p1a: Political Campaign|psn\n|-immune|p1b: Weezing\n|move|p1a: Political Campaign|Crush Grip|p2b: Salazzle\n|-damage|p2b: Salazzle|6\/100\n|move|p1b: Weezing|Flamethrower|p2a: Muk\n|-damage|p2a: Muk|86\/100\n|move|p2a: Muk|Venom Drench|p1b: Weezing|[spread] p1a,p1b\n|-unboost|p1a: Political Campaign|atk|1\n|-unboost|p1a: Political Campaign|spa|1\n|-unboost|p1a: Political Campaign|spe|1\n|\n|-damage|p1a: Political Campaign|88\/100 psn|[from] psn\n|upkeep\n|turn|2\n|\n|t:|1697604748\n|-end|p1b: Weezing|ability: Neutralizing Gas\n|-start|p1a: Political Campaign|ability: Slow Start\n|switch|p1b: Budget Master|Blissey, F|100\/100\n|move|p2b: Salazzle|Heat Wave|p1a: Political Campaign|[spread] p1a,p1b\n|-damage|p1a: Political Campaign|72\/100 psn\n|-damage|p1b: Budget Master|91\/100\n|-status|p1b: Budget Master|brn\n|move|p2a: Muk|Stockpile|p2a: Muk\n|-start|p2a: Muk|stockpile1\n|-boost|p2a: Muk|def|1\n|-boost|p2a: Muk|spd|1\n|move|p1a: Political Campaign|Crush Grip|p2a: Muk\n|-damage|p2a: Muk|78\/100\n|\n|-heal|p1b: Budget Master|97\/100 brn|[from] item: Leftovers\n|-damage|p1a: Political Campaign|60\/100 psn|[from] psn\n|-damage|p1b: Budget Master|91\/100 brn|[from] brn\n|upkeep\n|turn|3\n|\n|t:|1697604770\n|move|p1a: Political Campaign|Protect|p1a: Political Campaign\n|-singleturn|p1a: Political Campaign|Protect\n|move|p2b: Salazzle|Venom Drench||[still]|[spread] \n|-activate|p1a: Political Campaign|move: Protect\n|-fail|p2b: Salazzle\n|move|p1b: Budget Master|Aromatherapy|p1b: Budget Master\n|-activate|p1b: Budget Master|move: Aromatherapy\n|-curestatus|p1a: Political Campaign|psn|[msg]\n|-curestatus|p1b: Budget Master|brn|[msg]\n|move|p2a: Muk|Stockpile|p2a: Muk\n|-start|p2a: Muk|stockpile2\n|-boost|p2a: Muk|def|1\n|-boost|p2a: Muk|spd|1\n|\n|-heal|p1b: Budget Master|97\/100|[from] item: Leftovers\n|upkeep\n|turn|4\n|inactive|Cabinet Minister has 120 seconds left.\n|\n|t:|1697604806\n|move|p2b: Salazzle|Poison Gas|p1a: Political Campaign|[spread] p1b\n|-miss|p2b: Salazzle|p1a: Political Campaign\n|-status|p1b: Budget Master|psn\n|move|p1b: Budget Master|Tri Attack|p2b: Salazzle\n|-damage|p2b: Salazzle|0 fnt\n|faint|p2b: Salazzle\n|-ability|p2a: Muk|Corrosion|[from] ability: Power of Alchemy|[of] p2b: Salazzle\n|move|p2a: Muk|Venom Drench|p1b: Budget Master|[spread] p1a,p1b\n|-unboost|p1b: Budget Master|atk|1\n|-unboost|p1b: Budget Master|spa|1\n|-unboost|p1b: Budget Master|spe|1\n|move|p1a: Political Campaign|Heat Crash|p2a: Muk\n|-damage|p2a: Muk|72\/100\n|\n|-heal|p1b: Budget Master|100\/100 psn|[from] item: Leftovers\n|-damage|p1b: Budget Master|88\/100 psn|[from] psn\n|upkeep\n|inactive|Sinnoh Athens 420 has 120 seconds left.\n|\n|t:|1697604831\n|switch|p2b: Venusaur|Venusaur, M|100\/100\n|turn|5\n|\n|t:|1697604843\n|detailschange|p2b: Venusaur|Venusaur-Mega, M\n|-mega|p2b: Venusaur|Venusaur|Venusaurite\n|move|p1a: Political Campaign|Protect|p1a: Political Campaign\n|-singleturn|p1a: Political Campaign|Protect\n|move|p2b: Venusaur|Leech Seed|p1b: Budget Master\n|-start|p1b: Budget Master|move: Leech Seed\n|move|p1b: Budget Master|Aromatherapy|p1b: Budget Master\n|-activate|p1b: Budget Master|move: Aromatherapy\n|-curestatus|p1b: Budget Master|psn|[msg]\n|move|p2a: Muk|Poison Gas|p1b: Budget Master|[spread] p1b\n|-activate|p1a: Political Campaign|move: Protect\n|-status|p1b: Budget Master|psn\n|\n|-heal|p1b: Budget Master|94\/100 psn|[from] item: Leftovers\n|-damage|p1b: Budget Master|82\/100 psn|[from] Leech Seed|[of] p2b: Venusaur\n|-damage|p1b: Budget Master|69\/100 psn|[from] psn\n|upkeep\n|turn|6\n|\n|t:|1697604869\n|switch|p1b: Weezing|Weezing, M|100\/100\n|-ability|p1b: Weezing|Neutralizing Gas\n|-end|p1a: Political Campaign|Slow Start|[silent]\n|move|p2b: Venusaur|Leech Seed|p1a: Political Campaign\n|-start|p1a: Political Campaign|move: Leech Seed\n|move|p1a: Political Campaign|Heat Crash|p2b: Venusaur\n|-supereffective|p2b: Venusaur\n|-damage|p2b: Venusaur|77\/100\n|move|p2a: Muk|Venom Drench||[still]|[spread] \n|-fail|p2a: Muk\n|\n|-damage|p1a: Political Campaign|47\/100|[from] Leech Seed|[of] p2b: Venusaur\n|-heal|p2b: Venusaur|92\/100|[silent]\n|upkeep\n|turn|7\n|\n|t:|1697604896\n|move|p2b: Venusaur|Leech Seed|p1b: Weezing\n|-start|p1b: Weezing|move: Leech Seed\n|move|p1a: Political Campaign|Crush Grip|p2b: Venusaur\n|-damage|p2b: Venusaur|61\/100\n|move|p1b: Weezing|Flamethrower|p2b: Venusaur\n|-supereffective|p2b: Venusaur\n|-crit|p2b: Venusaur\n|-damage|p2b: Venusaur|20\/100\n|move|p2a: Muk|Poison Gas|p1b: Weezing|[spread] p1a,p1b\n|-status|p1a: Political Campaign|psn\n|-immune|p1b: Weezing\n|\n|-damage|p1a: Political Campaign|35\/100 psn|[from] Leech Seed|[of] p2b: Venusaur\n|-heal|p2b: Venusaur|35\/100|[silent]\n|-damage|p1b: Weezing|88\/100|[from] Leech Seed|[of] p2b: Venusaur\n|-heal|p2b: Venusaur|46\/100|[silent]\n|-damage|p1a: Political Campaign|23\/100 psn|[from] psn\n|upkeep\n|turn|8\n|\n|t:|1697604917\n|move|p2b: Venusaur|Protect|p2b: Venusaur\n|-singleturn|p2b: Venusaur|Protect\n|move|p1a: Political Campaign|Heat Crash|p2b: Venusaur\n|-activate|p2b: Venusaur|move: Protect\n|move|p1b: Weezing|Flamethrower|p2b: Venusaur\n|-activate|p2b: Venusaur|move: Protect\n|move|p2a: Muk|Venom Drench|p1a: Political Campaign|[spread] p1a,p1b\n|-unboost|p1a: Political Campaign|atk|1\n|-unboost|p1a: Political Campaign|spa|1\n|-unboost|p1a: Political Campaign|spe|1\n|\n|-damage|p1b: Weezing|76\/100|[from] Leech Seed|[of] p2b: Venusaur\n|-heal|p2b: Venusaur|57\/100|[silent]\n|-damage|p1a: Political Campaign|10\/100 psn|[from] Leech Seed|[of] p2b: Venusaur\n|-heal|p2b: Venusaur|71\/100|[silent]\n|-damage|p1a: Political Campaign|0 fnt|[from] psn\n|faint|p1a: Political Campaign\n|-end|p1a: Political Campaign|Slow Start|[silent]\n|upkeep\n|inactive|Cabinet Minister has 120 seconds left.\n|\n|t:|1697604939\n|switch|p1a: Budget Master|Blissey, F|69\/100 psn\n|turn|9\n|\n|t:|1697604954\n|-end|p1b: Weezing|ability: Neutralizing Gas\n|switch|p1b: Senate|Dusknoir, F|100\/100\n|-ability|p1b: Senate|Pressure\n|move|p2b: Venusaur|Leech Seed|p1a: Budget Master\n|-start|p1a: Budget Master|move: Leech Seed\n|move|p1a: Budget Master|Tri Attack|p2b: Venusaur\n|-damage|p2b: Venusaur|54\/100\n|move|p2a: Muk|Poison Gas|p1a: Budget Master|[spread] p1a,p1b\n|-fail|p1a: Budget Master|psn\n|-status|p1b: Senate|psn\n|\n|-heal|p1a: Budget Master|75\/100 psn|[from] item: Leftovers\n|-damage|p1a: Budget Master|63\/100 psn|[from] Leech Seed|[of] p2b: Venusaur\n|-heal|p2b: Venusaur|78\/100|[silent]\n|-damage|p1a: Budget Master|50\/100 psn|[from] psn\n|-damage|p1b: Senate|88\/100 psn|[from] psn\n|upkeep\n|turn|10\n|\n|t:|1697604982\n|move|p2b: Venusaur|Leech Seed|p1b: Senate\n|-start|p1b: Senate|move: Leech Seed\n|move|p1a: Budget Master|Aromatherapy|p1a: Budget Master\n|-activate|p1a: Budget Master|move: Aromatherapy\n|-curestatus|p1a: Budget Master|psn|[msg]\n|-curestatus|p1b: Senate|psn|[msg]\n|move|p1b: Senate|Psychic|p2b: Venusaur\n|-supereffective|p2b: Venusaur\n|-damage|p2b: Venusaur|54\/100\n|-unboost|p2b: Venusaur|spd|1\n|move|p2a: Muk|Poison Gas|p1a: Budget Master|[spread] p1a\n|-miss|p2a: Muk|p1b: Senate\n|-status|p1a: Budget Master|psn\n|\n|-heal|p1a: Budget Master|57\/100 psn|[from] item: Leftovers\n|-heal|p1b: Senate|94\/100|[from] item: Leftovers\n|-damage|p1a: Budget Master|44\/100 psn|[from] Leech Seed|[of] p2b: Venusaur\n|-heal|p2b: Venusaur|79\/100|[silent]\n|-damage|p1b: Senate|82\/100|[from] Leech Seed|[of] p2b: Venusaur\n|-heal|p2b: Venusaur|88\/100|[silent]\n|-damage|p1a: Budget Master|32\/100 psn|[from] psn\n|upkeep\n|turn|11\n|inactive|Sinnoh Athens 420 has 120 seconds left.\n|\n|t:|1697605013\n|switch|p2b: Drapion|Drapion, M, shiny|100\/100\n|move|p1a: Budget Master|Endeavor|p2b: Drapion\n|-damage|p2b: Drapion|65\/100\n|move|p1b: Senate|Leech Life|p2b: Drapion\n|-damage|p2b: Drapion|46\/100\n|-heal|p1b: Senate|94\/100|[from] drain|[of] p2b: Drapion\n|move|p2a: Muk|Poison Gas|p1b: Senate|[spread] p1a,p1b\n|-fail|p1a: Budget Master|psn\n|-status|p1b: Senate|psn\n|\n|-heal|p1a: Budget Master|38\/100 psn|[from] item: Leftovers\n|-heal|p1b: Senate|99\/100 psn|[from] item: Leftovers\n|-damage|p1a: Budget Master|25\/100 psn|[from] Leech Seed|[of] p2b: Drapion\n|-heal|p2b: Drapion|72\/100|[silent]\n|-damage|p1b: Senate|88\/100 psn|[from] Leech Seed|[of] p2b: Drapion\n|-heal|p2b: Drapion|82\/100|[silent]\n|-damage|p1a: Budget Master|13\/100 psn|[from] psn\n|-damage|p1b: Senate|76\/100 psn|[from] psn\n|upkeep\n|turn|12\n|inactive|Sinnoh Athens 420 has 120 seconds left.\n|\n|t:|1697605039\n|move|p2b: Drapion|Night Slash|p1a: Budget Master\n|-crit|p1a: Budget Master\n|-damage|p1a: Budget Master|0 fnt\n|faint|p1a: Budget Master\n|move|p1b: Senate|Earthquake|p2a: Muk|[spread] p2a,p2b\n|-supereffective|p2a: Muk\n|-supereffective|p2b: Drapion\n|-damage|p2a: Muk|59\/100\n|-damage|p2b: Drapion|49\/100\n|move|p2a: Muk|Venom Drench|p1b: Senate\n|-unboost|p1b: Senate|atk|1\n|-unboost|p1b: Senate|spa|1\n|-unboost|p1b: Senate|spe|1\n|\n|-heal|p1b: Senate|82\/100 psn|[from] item: Leftovers\n|-damage|p1b: Senate|70\/100 psn|[from] Leech Seed|[of] p2b: Drapion\n|-heal|p2b: Drapion|59\/100|[silent]\n|-damage|p1b: Senate|57\/100 psn|[from] psn\n|upkeep\n|\n|t:|1697605053\n|switch|p1a: Committee Chair|Clefable, F|100\/100\n|turn|13\n|\n|t:|1697605065\n|move|p2b: Drapion|Cross Poison|p1a: Committee Chair\n|-supereffective|p1a: Committee Chair\n|-damage|p1a: Committee Chair|33\/100\n|move|p1a: Committee Chair|Heal Pulse|p1b: Senate\n|-heal|p1b: Senate|100\/100 psn\n|-zpower|p2a: Muk\n|move|p2a: Muk|Z-Stockpile|p2a: Muk|[anim]Stockpile\n|-heal|p2a: Muk|100\/100|[zeffect]\n|-start|p2a: Muk|stockpile3\n|-boost|p2a: Muk|def|1\n|-boost|p2a: Muk|spd|1\n|move|p1b: Senate|Earthquake|p2b: Drapion|[spread] p1a,p2a,p2b\n|-supereffective|p2a: Muk\n|-supereffective|p2b: Drapion\n|-damage|p1a: Committee Chair|20\/100\n|-damage|p2a: Muk|94\/100\n|-damage|p2b: Drapion|38\/100\n|\n|-damage|p1b: Senate|88\/100 psn|[from] Leech Seed|[of] p2b: Drapion\n|-heal|p2b: Drapion|48\/100|[silent]\n|-damage|p1b: Senate|76\/100 psn|[from] psn\n|upkeep\n|turn|14\n|\n|t:|1697605090\n|switch|p1b: Weezing|Weezing, M|76\/100\n|-ability|p1b: Weezing|Neutralizing Gas\n|move|p1a: Committee Chair|Protect|p1a: Committee Chair\n|-singleturn|p1a: Committee Chair|Protect\n|move|p2b: Drapion|Cross Poison|p1a: Committee Chair\n|-activate|p1a: Committee Chair|move: Protect\n|move|p2a: Muk|Venom Drench||[still]|[spread] \n|-activate|p1a: Committee Chair|move: Protect\n|-fail|p2a: Muk\n|\n|upkeep\n|turn|15\n|\n|t:|1697605113\n|move|p2b: Drapion|Night Slash|p1b: Weezing\n|-crit|p1b: Weezing\n|-damage|p1b: Weezing|38\/100\n|move|p1a: Committee Chair|Dazzling Gleam|p2a: Muk|[spread] p2a,p2b\n|-damage|p2a: Muk|84\/100\n|-damage|p2b: Drapion|9\/100\n|-damage|p1a: Committee Chair|10\/100|[from] item: Life Orb\n|move|p1b: Weezing|Flamethrower|p2b: Drapion\n|-damage|p2b: Drapion|0 fnt\n|faint|p2b: Drapion\n|move|p2a: Muk|Poison Gas|p1b: Weezing|[spread] p1a,p1b\n|-status|p1a: Committee Chair|psn\n|-immune|p1b: Weezing\n|\n|-damage|p1a: Committee Chair|0 fnt|[from] psn\n|faint|p1a: Committee Chair\n|upkeep\n|inactive|Cabinet Minister has 120 seconds left.\n|\n|t:|1697605147\n|switch|p2b: Toxapex|Toxapex, M|100\/100\n|switch|p1a: Senate|Dusknoir, F|76\/100 psn\n|turn|16\n|\n|t:|1697605164\n|-end|p1b: Weezing|ability: Neutralizing Gas\n|-ability|p1a: Senate|Pressure\n|switch|p1b: PAC Board Member|Mienshao, F|100\/100\n|move|p1a: Senate|Psychic|p2b: Toxapex\n|-supereffective|p2b: Toxapex\n|-damage|p2b: Toxapex|74\/100\n|move|p2a: Muk|Venom Drench|p1b: PAC Board Member|[spread] p1a,p1b\n|-unboost|p1a: Senate|atk|1\n|-unboost|p1a: Senate|spa|1\n|-unboost|p1a: Senate|spe|1\n|move|p2b: Toxapex|Muddy Water|p1a: Senate|[spread] p1a,p1b\n|-crit|p1a: Senate\n|-damage|p1a: Senate|52\/100 psn\n|-damage|p1b: PAC Board Member|78\/100\n|\n|-heal|p1a: Senate|58\/100 psn|[from] item: Leftovers\n|-heal|p2b: Toxapex|80\/100|[from] item: Black Sludge\n|-damage|p1a: Senate|46\/100 psn|[from] psn\n|upkeep\n|turn|17\n|\n|t:|1697605189\n|move|p2a: Muk|Protect|p2a: Muk\n|-singleturn|p2a: Muk|Protect\n|move|p2b: Toxapex|Baneful Bunker|p2b: Toxapex\n|-singleturn|p2b: Toxapex|move: Protect\n|move|p1b: PAC Board Member|Ice Spinner|p2a: Muk\n|-activate|p2a: Muk|move: Protect\n|move|p1a: Senate|Leech Life|p2a: Muk\n|-activate|p2a: Muk|move: Protect\n|\n|-heal|p1a: Senate|52\/100 psn|[from] item: Leftovers\n|-heal|p2b: Toxapex|86\/100|[from] item: Black Sludge\n|-damage|p1a: Senate|40\/100 psn|[from] psn\n|upkeep\n|turn|18\n|\n|t:|1697605208\n|move|p1b: PAC Board Member|Ice Spinner|p2a: Muk\n|-damage|p2a: Muk|77\/100\n|move|p2a: Muk|Poison Gas|p1b: PAC Board Member|[spread] p1b\n|-miss|p2a: Muk|p1a: Senate\n|-status|p1b: PAC Board Member|psn\n|move|p1a: Senate|Leech Life|p2a: Muk\n|-damage|p2a: Muk|73\/100\n|-heal|p1a: Senate|43\/100 psn|[from] drain|[of] p2a: Muk\n|move|p2b: Toxapex|Muddy Water|p1a: Senate|[spread] \n|-miss|p2b: Toxapex|p1a: Senate\n|-miss|p2b: Toxapex|p1b: PAC Board Member\n|\n|-heal|p1a: Senate|49\/100 psn|[from] item: Leftovers\n|-heal|p2b: Toxapex|92\/100|[from] item: Black Sludge\n|-damage|p1b: PAC Board Member|65\/100 psn|[from] psn\n|-damage|p1a: Senate|37\/100 psn|[from] psn\n|upkeep\n|turn|19\n|-message|Cabinet Minister forfeited.\n|\n|win|Sinnoh Athens 420\n|raw|Cabinet Minister's rating: 1081 &rarr; <strong>1070<\/strong><br \/>(-11 for losing)\n|raw|Sinnoh Athens 420's rating: 1281 &rarr; <strong>1293<\/strong><br \/>(+12 for winning)\n|l|\u2606Cabinet Minister\n","uploadtime":1697605235,"views":9,"p1id":"cabinetminister","p2id":"sinnohathens420","formatid":"gen9nationaldexdoubles","rating":1070,"private":0,"password":""}