{"id":"gen9nationaldexdoubles-1956169575","p1":"Paldea Athens 420","p2":"sierra24","format":"[Gen 9] National Dex Doubles","log":"|j|\u2606Paldea Athens 420\n|j|\u2606sierra24\n|t:|1696081348\n|gametype|doubles\n|player|p1|Paldea Athens 420|volo|1495\n|player|p2|sierra24|flannery|1392\n|teamsize|p1|6\n|teamsize|p2|6\n|gen|9\n|tier|[Gen 9] National Dex Doubles\n|rated|\n|rule|HP Percentage Mod: HP is shown in percentages\n|rule|Endless Battle Clause: Forcing endless battles is banned\n|rule|OHKO Clause: OHKO moves are banned\n|rule|Evasion Moves Clause: Evasion moves are banned\n|rule|Evasion Abilities Clause: Evasion abilities are banned\n|rule|Species Clause: Limit one of each Pok\u00e9mon\n|rule|Gravity Sleep Clause: The combination of sleep-inducing moves with imperfect accuracy and Gravity or Gigantamax Orbeetle are banned\n|clearpoke\n|poke|p1|Pawmot, M|\n|poke|p1|Sableye, M|\n|poke|p1|Mawile, M|\n|poke|p1|Mew|\n|poke|p1|Tapu Lele|\n|poke|p1|Flutter Mane|\n|poke|p2|Iron Valiant|\n|poke|p2|Cinderace, M|\n|poke|p2|Volcanion|\n|poke|p2|Whimsicott, M|\n|poke|p2|Heatran, M|\n|poke|p2|Heracross, M|\n|teampreview\n|\n|t:|1696081356\n|start\n|switch|p1a: Sableye|Sableye, M|100\/100\n|switch|p1b: Mew|Mew|100\/100\n|switch|p2a: Whimsicott|Whimsicott, M|100\/100\n|switch|p2b: Heracross|Heracross, M|100\/100\n|turn|1\n|inactive|Battle timer is ON: inactive players will automatically lose when time's up. (requested by Paldea Athens 420)\n|\n|t:|1696081376\n|switch|p2b: Volcanion|Volcanion|100\/100\n|-terastallize|p1b: Mew|Dark\n|move|p1a: Sableye|Skill Swap|p1b: Mew\n|-activate|p1a: Sableye|move: Skill Swap|||[of] p1b: Mew\n|move|p1b: Mew|Cosmic Power|p1b: Mew\n|-boost|p1b: Mew|def|1\n|-boost|p1b: Mew|spd|1\n|move|p2a: Whimsicott|Dazzling Gleam|p1a: Sableye|[spread] p1a,p1b\n|-supereffective|p1a: Sableye\n|-supereffective|p1b: Mew\n|-damage|p1a: Sableye|54\/100\n|-damage|p1b: Mew|78\/100\n|\n|-heal|p1b: Mew|84\/100|[from] item: Leftovers\n|upkeep\n|turn|2\n|\n|t:|1696081395\n|move|p2a: Whimsicott|Tailwind|p2a: Whimsicott\n|-sidestart|p2: sierra24|move: Tailwind\n|move|p1b: Mew|Cosmic Power|p1b: Mew\n|-boost|p1b: Mew|def|1\n|-boost|p1b: Mew|spd|1\n|move|p2b: Volcanion|Heat Wave|p1a: Sableye|[spread] p1a,p1b\n|-damage|p1a: Sableye|11\/100\n|-damage|p1b: Mew|72\/100\n|-status|p1a: Sableye|brn\n|-activate|p1a: Sableye|ability: Synchronize\n|-immune|p2b: Volcanion\n|move|p1a: Sableye|Foul Play|p2a: Whimsicott\n|-resisted|p2a: Whimsicott\n|-damage|p2a: Whimsicott|94\/100\n|\n|-heal|p2a: Whimsicott|99\/100|[from] item: Leftovers\n|-heal|p1b: Mew|78\/100|[from] item: Leftovers\n|-damage|p1a: Sableye|5\/100 brn|[from] brn\n|upkeep\n|turn|3\n|\n|t:|1696081413\n|move|p1b: Mew|Cosmic Power|p1b: Mew\n|-boost|p1b: Mew|def|1\n|-boost|p1b: Mew|spd|1\n|move|p2a: Whimsicott|Dazzling Gleam|p1b: Mew|[spread] p1a,p1b\n|-supereffective|p1a: Sableye\n|-supereffective|p1b: Mew\n|-crit|p1b: Mew\n|-damage|p1a: Sableye|0 fnt\n|-damage|p1b: Mew|32\/100\n|faint|p1a: Sableye\n|move|p2b: Volcanion|Steam Eruption|p1b: Mew\n|-damage|p1b: Mew|15\/100\n|\n|-heal|p2a: Whimsicott|100\/100|[from] item: Leftovers\n|-heal|p1b: Mew|21\/100|[from] item: Leftovers\n|upkeep\n|\n|t:|1696081433\n|switch|p1a: Flutter Mane|Flutter Mane|100\/100\n|-enditem|p1a: Flutter Mane|Booster Energy\n|-activate|p1a: Flutter Mane|ability: Protosynthesis|[fromitem]\n|-start|p1a: Flutter Mane|protosynthesisspa\n|turn|4\n|\n|t:|1696081442\n|move|p1b: Mew|Soft-Boiled|p1b: Mew\n|-heal|p1b: Mew|71\/100\n|move|p2a: Whimsicott|Dazzling Gleam|p1a: Flutter Mane|[spread] p1a,p1b\n|-supereffective|p1b: Mew\n|-damage|p1a: Flutter Mane|75\/100\n|-damage|p1b: Mew|57\/100\n|move|p2b: Volcanion|Heat Wave|p1a: Flutter Mane|[spread] p1a,p1b\n|-damage|p1a: Flutter Mane|35\/100\n|-damage|p1b: Mew|47\/100\n|move|p1a: Flutter Mane|Shadow Ball|p2b: Volcanion\n|-damage|p2b: Volcanion|20\/100\n|\n|-heal|p1b: Mew|53\/100|[from] item: Leftovers\n|upkeep\n|turn|5\n|j| masterteam99\n|\n|t:|1696081455\n|move|p1b: Mew|After You|p1a: Flutter Mane\n|-activate|p1a: Flutter Mane|move: After You\n|move|p1a: Flutter Mane|Shadow Ball|p2b: Volcanion\n|-damage|p2b: Volcanion|0 fnt\n|faint|p2b: Volcanion\n|move|p2a: Whimsicott|Dazzling Gleam|p1a: Flutter Mane|[spread] p1a,p1b\n|-supereffective|p1b: Mew\n|-crit|p1b: Mew\n|-damage|p1a: Flutter Mane|13\/100\n|-damage|p1b: Mew|10\/100\n|\n|-heal|p1b: Mew|16\/100|[from] item: Leftovers\n|-sideend|p2: sierra24|move: Tailwind\n|upkeep\n|\n|t:|1696081470\n|switch|p2b: Cinderace|Cinderace, M|100\/100\n|turn|6\n|\n|t:|1696081481\n|move|p1a: Flutter Mane|Protect|p1a: Flutter Mane\n|-singleturn|p1a: Flutter Mane|Protect\n|move|p2b: Cinderace|Sucker Punch||[still]\n|-fail|p2b: Cinderace\n|move|p2a: Whimsicott|Tailwind|p2a: Whimsicott\n|-sidestart|p2: sierra24|move: Tailwind\n|move|p1b: Mew|Soft-Boiled|p1b: Mew\n|-heal|p1b: Mew|66\/100\n|\n|-heal|p1b: Mew|72\/100|[from] item: Leftovers\n|upkeep\n|turn|7\n|l| masterteam99\n|\n|t:|1696081494\n|-end|p1a: Flutter Mane|Protosynthesis|[silent]\n|switch|p1a: Tapu Lele|Tapu Lele|100\/100\n|-fieldstart|move: Psychic Terrain|[from] ability: Psychic Surge|[of] p1a: Tapu Lele\n|move|p1b: Mew|Cosmic Power|p1b: Mew\n|-boost|p1b: Mew|def|1\n|-boost|p1b: Mew|spd|1\n|move|p2b: Cinderace|Pyro Ball|p1a: Tapu Lele\n|-damage|p1a: Tapu Lele|9\/100\n|move|p2a: Whimsicott|Dazzling Gleam|p1a: Tapu Lele|[spread] p1a,p1b\n|-supereffective|p1b: Mew\n|-damage|p1a: Tapu Lele|0 fnt\n|-damage|p1b: Mew|62\/100\n|faint|p1a: Tapu Lele\n|\n|-heal|p1b: Mew|68\/100|[from] item: Leftovers\n|upkeep\n|\n|t:|1696081510\n|switch|p1a: Pawmot|Pawmot, M|100\/100\n|turn|8\n|\n|t:|1696081521\n|-singleturn|p1a: Pawmot|move: Focus Punch\n|move|p1b: Mew|After You|p1a: Pawmot\n|-activate|p1a: Pawmot|move: After You\n|move|p1a: Pawmot|Focus Punch|p2b: Cinderace\n|-damage|p2b: Cinderace|0 fnt\n|faint|p2b: Cinderace\n|move|p2a: Whimsicott|Dazzling Gleam|p1b: Mew|[spread] p1a,p1b\n|-supereffective|p1a: Pawmot\n|-supereffective|p1b: Mew\n|-damage|p1a: Pawmot|17\/100\n|-damage|p1b: Mew|57\/100\n|\n|-heal|p1b: Mew|64\/100|[from] item: Leftovers\n|upkeep\n|\n|t:|1696081531\n|switch|p2b: Heracross|Heracross, M|100\/100\n|turn|9\n|\n|t:|1696081549\n|detailschange|p2b: Heracross|Heracross-Mega, M\n|-mega|p2b: Heracross|Heracross|Heracronite\n|move|p1b: Mew|After You|p1a: Pawmot\n|-activate|p1a: Pawmot|move: After You\n|move|p1a: Pawmot|Revival Blessing|p1a: Pawmot\n|\n|t:|1696081554\n|-heal|p1: Tapu Lele|50\/100|[from] move: Revival Blessing\n|move|p2a: Whimsicott|Dazzling Gleam|p1b: Mew|[spread] p1a,p1b\n|-supereffective|p1a: Pawmot\n|-supereffective|p1b: Mew\n|-damage|p1a: Pawmot|0 fnt\n|-damage|p1b: Mew|53\/100\n|faint|p1a: Pawmot\n|move|p2b: Heracross|Pin Missile|p1b: Mew|[miss]\n|-miss|p2b: Heracross|p1b: Mew\n|\n|-heal|p1b: Mew|59\/100|[from] item: Leftovers\n|-sideend|p2: sierra24|move: Tailwind\n|upkeep\n|c|\u2606sierra24|omg\n|c|\u2606Paldea Athens 420|cry\n|\n|t:|1696081568\n|switch|p1a: Tapu Lele|Tapu Lele|50\/100\n|turn|10\n|\n|t:|1696081577\n|move|p1b: Mew|After You|p1a: Tapu Lele\n|-activate|p1a: Tapu Lele|move: After You\n|move|p1a: Tapu Lele|Psychic|p2b: Heracross\n|-supereffective|p2b: Heracross\n|-damage|p2b: Heracross|0 fnt\n|faint|p2b: Heracross\n|move|p2a: Whimsicott|Dazzling Gleam|p1a: Tapu Lele|[spread] p1a,p1b\n|-supereffective|p1b: Mew\n|-damage|p1a: Tapu Lele|24\/100\n|-damage|p1b: Mew|49\/100\n|\n|-heal|p1b: Mew|55\/100|[from] item: Leftovers\n|upkeep\n|\n|t:|1696081584\n|switch|p2b: Heatran|Heatran, M|100\/100\n|turn|11\n|\n|t:|1696081594\n|move|p1b: Mew|Soft-Boiled|p1b: Mew\n|-heal|p1b: Mew|100\/100\n|move|p2a: Whimsicott|Dazzling Gleam|p1a: Tapu Lele|[spread] p1a,p1b\n|-supereffective|p1b: Mew\n|-damage|p1a: Tapu Lele|0 fnt\n|-damage|p1b: Mew|91\/100\n|faint|p1a: Tapu Lele\n|move|p2b: Heatran|Eruption|p1b: Mew\n|-damage|p1b: Mew|59\/100\n|\n|-heal|p1b: Mew|65\/100|[from] item: Leftovers\n|-fieldend|move: Psychic Terrain\n|upkeep\n|\n|t:|1696081603\n|switch|p1a: \u30af\u30c1\u30fc\u30c8|Mawile, M, shiny|100\/100\n|-ability|p1a: \u30af\u30c1\u30fc\u30c8|Intimidate|boost\n|-unboost|p2a: Whimsicott|atk|1\n|-unboost|p2b: Heatran|atk|1\n|turn|12\n|\n|t:|1696081608\n|detailschange|p1a: \u30af\u30c1\u30fc\u30c8|Mawile-Mega, M, shiny\n|-mega|p1a: \u30af\u30c1\u30fc\u30c8|Mawile|Mawilite\n|-singleturn|p1a: \u30af\u30c1\u30fc\u30c8|move: Focus Punch\n|move|p2a: Whimsicott|Tailwind|p2a: Whimsicott\n|-sidestart|p2: sierra24|move: Tailwind\n|move|p1b: Mew|After You|p1a: \u30af\u30c1\u30fc\u30c8\n|-activate|p1a: \u30af\u30c1\u30fc\u30c8|move: After You\n|move|p1a: \u30af\u30c1\u30fc\u30c8|Focus Punch|p2b: Heatran\n|-supereffective|p2b: Heatran\n|-damage|p2b: Heatran|0 fnt\n|faint|p2b: Heatran\n|\n|-heal|p1b: Mew|71\/100|[from] item: Leftovers\n|upkeep\n|\n|t:|1696081619\n|switch|p2b: Iron Valiant|Iron Valiant|100\/100\n|turn|13\n|\n|t:|1696081633\n|-terastallize|p2b: Iron Valiant|Fairy\n|move|p1b: Mew|After You|p1a: \u30af\u30c1\u30fc\u30c8\n|-activate|p1a: \u30af\u30c1\u30fc\u30c8|move: After You\n|move|p1a: \u30af\u30c1\u30fc\u30c8|Iron Head|p2b: Iron Valiant\n|-supereffective|p2b: Iron Valiant\n|-damage|p2b: Iron Valiant|0 fnt\n|faint|p2b: Iron Valiant\n|-end|p2b: Iron Valiant|Quark Drive|[silent]\n|move|p2a: Whimsicott|Dazzling Gleam|p1b: Mew|[spread] p1a,p1b\n|-resisted|p1a: \u30af\u30c1\u30fc\u30c8\n|-supereffective|p1b: Mew\n|-damage|p1a: \u30af\u30c1\u30fc\u30c8|88\/100\n|-damage|p1b: Mew|62\/100\n|\n|-heal|p1b: Mew|68\/100|[from] item: Leftovers\n|upkeep\n|turn|14\n|c|\u2606sierra24|gg\n|c|\u2606Paldea Athens 420|ez u mean\n|c|\u2606sierra24|sure\n|c|\u2606sierra24|just for this\n|c|\u2606Paldea Athens 420|cry\n|inactive|sierra24 has 120 seconds left.\n|c|\u2606Paldea Athens 420|noobo player\n|c|\u2606Paldea Athens 420|go tutorial\n|inactive|sierra24 has 90 seconds left.\n|inactive|sierra24 has 60 seconds left.\n|c|\u2606Paldea Athens 420|nice criticals all game\n|c|\u2606Paldea Athens 420|still too bad of a player\n|inactive|sierra24 has 30 seconds left.\n|inactive|sierra24 has 20 seconds left.\n|inactive|sierra24 has 15 seconds left.\n|inactive|sierra24 has 10 seconds left.\n|inactive|sierra24 has 5 seconds left.\n|\n|t:|1696081782\n|move|p1b: Mew|After You|p1a: \u30af\u30c1\u30fc\u30c8\n|-activate|p1a: \u30af\u30c1\u30fc\u30c8|move: After You\n|move|p1a: \u30af\u30c1\u30fc\u30c8|Iron Head|p2a: Whimsicott\n|-supereffective|p2a: Whimsicott\n|-damage|p2a: Whimsicott|0 fnt\n|faint|p2a: Whimsicott\n|\n|win|Paldea Athens 420\n|inactive|sierra24 has 10 seconds left this turn.\n|raw|Paldea Athens 420's rating: 1495 &rarr; <strong>1509<\/strong><br \/>(+14 for winning)\n|raw|sierra24's rating: 1392 &rarr; <strong>1378<\/strong><br \/>(-14 for losing)\n","uploadtime":1696081788,"views":9,"p1id":"paldeaathens420","p2id":"sierra24","formatid":"gen9nationaldexdoubles","rating":1378,"private":0,"password":""}