{"id":"gen9nationaldexdoubles-1967515958","p1":"dupoludek","p2":"Angelos1234","format":"[Gen 9] National Dex Doubles","log":"|j|\u2606dupoludek\n|j|\u2606Angelos1234\n|t:|1697309304\n|gametype|doubles\n|player|p1|dupoludek|oak-gen2|\n|player|p2|Angelos1234|infielder|\n|teamsize|p1|6\n|teamsize|p2|6\n|gen|9\n|tier|[Gen 9] National Dex Doubles\n|rule|HP Percentage Mod: HP is shown in percentages\n|rule|Endless Battle Clause: Forcing endless battles is banned\n|rule|OHKO Clause: OHKO moves are banned\n|rule|Evasion Moves Clause: Evasion moves are banned\n|rule|Evasion Abilities Clause: Evasion abilities are banned\n|rule|Species Clause: Limit one of each Pok\u00e9mon\n|rule|Gravity Sleep Clause: The combination of sleep-inducing moves with imperfect accuracy and Gravity or Gigantamax Orbeetle are banned\n|clearpoke\n|poke|p1|Eevee, F|\n|poke|p1|Latios, M|\n|poke|p1|Flamigo, M|\n|poke|p1|Lapras, M|\n|poke|p1|Shuckle, F|\n|poke|p1|Blissey, F|\n|poke|p2|Fezandipiti, M|\n|poke|p2|Maushold-Four|\n|poke|p2|Rotom-Mow|\n|poke|p2|Tyranitar, F|\n|poke|p2|Delphox, F|\n|poke|p2|Skeledirge, F|\n|teampreview\n|\n|t:|1697309309\n|start\n|switch|p1a: Fujara|Latios, M, shiny|100\/100\n|switch|p1b: Krokodyl|Eevee, F, shiny|100\/100\n|switch|p2a: Skeledirge|Skeledirge, F|100\/100\n|switch|p2b: Fezandipiti|Fezandipiti, M|100\/100\n|turn|1\n|\n|t:|1697309321\n|detailschange|p1a: Fujara|Latios-Mega, M, shiny\n|-mega|p1a: Fujara|Latios|Latiosite\n|move|p1a: Fujara|Simple Beam|p1b: Krokodyl\n|-endability|p1b: Krokodyl|Adaptability|[from] move: Simple Beam\n|-ability|p1b: Krokodyl|Simple|[from] move: Simple Beam\n|move|p2b: Fezandipiti|Dazzling Gleam|p1a: Fujara|[spread] p1a,p1b\n|-supereffective|p1a: Fujara\n|-damage|p1a: Fujara|70\/100\n|-damage|p1b: Krokodyl|79\/100\n|move|p2a: Skeledirge|Poltergeist|p1a: Fujara\n|-activate|p1a: Fujara|move: Poltergeist|Latiosite\n|-supereffective|p1a: Fujara\n|-damage|p1a: Fujara|4\/100\n|-zpower|p1b: Krokodyl\n|move|p1b: Krokodyl|Extreme Evoboost|p1b: Krokodyl\n|-boost|p1b: Krokodyl|atk|4\n|-boost|p1b: Krokodyl|def|4\n|-boost|p1b: Krokodyl|spa|4\n|-boost|p1b: Krokodyl|spd|4\n|-boost|p1b: Krokodyl|spe|4\n|\n|upkeep\n|turn|2\n|\n|t:|1697309355\n|move|p1b: Krokodyl|Baton Pass|p1b: Krokodyl\n|\n|t:|1697309358\n|switch|p1b: Annihilator|Shuckle, F|100\/100|[from] Baton Pass\n|move|p1a: Fujara|Psychic|p2b: Fezandipiti\n|-supereffective|p2b: Fezandipiti\n|-damage|p2b: Fezandipiti|8\/100\n|move|p2b: Fezandipiti|Dazzling Gleam|p1a: Fujara|[spread] p1a,p1b\n|-supereffective|p1a: Fujara\n|-damage|p1a: Fujara|0 fnt\n|-damage|p1b: Annihilator|96\/100\n|-status|p1b: Annihilator|tox|[from] ability: Toxic Chain|[of] p2b: Fezandipiti\n|faint|p1a: Fujara\n|move|p2a: Skeledirge|Fire Blast|p1b: Annihilator\n|-damage|p1b: Annihilator|47\/100 tox\n|\n|-damage|p1b: Annihilator|41\/100 tox|[from] psn\n|upkeep\n|\n|t:|1697309372\n|switch|p1a: JAJCO2212|Blissey, F, shiny|100\/100\n|turn|3\n|\n|t:|1697309385\n|move|p2b: Fezandipiti|Dazzling Gleam|p1b: Annihilator|[spread] p1a,p1b\n|-damage|p1a: JAJCO2212|95\/100\n|-damage|p1b: Annihilator|36\/100 tox\n|move|p2a: Skeledirge|Fire Blast|p1b: Annihilator\n|-damage|p1b: Annihilator|0 fnt\n|faint|p1b: Annihilator\n|move|p1a: JAJCO2212|Aromatherapy||[still]\n|-activate|p1a: JAJCO2212|move: Aromatherapy\n|-fail|p1a: JAJCO2212\n|\n|-heal|p1a: JAJCO2212|100\/100|[from] item: Leftovers\n|upkeep\n|\n|t:|1697309401\n|switch|p1b: Krokodyl|Eevee, F, shiny|79\/100\n|turn|4\n|\n|t:|1697309418\n|move|p1a: JAJCO2212|Helping Hand|p1b: Krokodyl\n|-singleturn|p1b: Krokodyl|Helping Hand|[of] p1a: JAJCO2212\n|move|p1b: Krokodyl|Quick Attack|p2b: Fezandipiti\n|-damage|p2b: Fezandipiti|0 fnt\n|faint|p2b: Fezandipiti\n|move|p2a: Skeledirge|Fire Blast|p1b: Krokodyl\n|-damage|p1b: Krokodyl|0 fnt\n|faint|p1b: Krokodyl\n|\n|upkeep\n|\n|t:|1697309429\n|switch|p2b: Rotom|Rotom-Mow|100\/100\n|switch|p1b: W\u0142odek|Lapras, M|100\/100\n|turn|5\n|\n|t:|1697309446\n|move|p2b: Rotom|Thunder|p1a: JAJCO2212|[miss]\n|-miss|p2b: Rotom|p1a: JAJCO2212\n|move|p1b: W\u0142odek|Drill Run|p2a: Skeledirge\n|-supereffective|p2a: Skeledirge\n|-damage|p2a: Skeledirge|74\/100\n|move|p2a: Skeledirge|Poltergeist|p1b: W\u0142odek|[miss]\n|-miss|p2a: Skeledirge|p1b: W\u0142odek\n|move|p1a: JAJCO2212|Light Screen|p1a: JAJCO2212\n|-sidestart|p1: dupoludek|move: Light Screen\n|\n|upkeep\n|turn|6\n|\n|t:|1697309465\n|move|p1a: JAJCO2212|Helping Hand|p1b: W\u0142odek\n|-singleturn|p1b: W\u0142odek|Helping Hand|[of] p1a: JAJCO2212\n|move|p2b: Rotom|Thunder|p1a: JAJCO2212\n|-damage|p1a: JAJCO2212|90\/100\n|move|p1b: W\u0142odek|Drill Run|p2a: Skeledirge\n|-supereffective|p2a: Skeledirge\n|-damage|p2a: Skeledirge|33\/100\n|move|p2a: Skeledirge|Poltergeist|p1b: W\u0142odek\n|-activate|p1b: W\u0142odek|move: Poltergeist|Rocky Helmet\n|-damage|p1b: W\u0142odek|80\/100\n|\n|-heal|p1a: JAJCO2212|96\/100|[from] item: Leftovers\n|upkeep\n|turn|7\n|\n|t:|1697309486\n|move|p1a: JAJCO2212|Helping Hand|p1b: W\u0142odek\n|-singleturn|p1b: W\u0142odek|Helping Hand|[of] p1a: JAJCO2212\n|move|p2b: Rotom|Thunder|p1b: W\u0142odek\n|-supereffective|p1b: W\u0142odek\n|-damage|p1b: W\u0142odek|35\/100\n|move|p1b: W\u0142odek|Drill Run|p2a: Skeledirge\n|-supereffective|p2a: Skeledirge\n|-damage|p2a: Skeledirge|0 fnt\n|faint|p2a: Skeledirge\n|\n|-heal|p1a: JAJCO2212|100\/100|[from] item: Leftovers\n|upkeep\n|\n|t:|1697309497\n|switch|p2a: Maushold|Maushold-Four|100\/100\n|turn|8\n|\n|t:|1697309507\n|move|p2a: Maushold|Population Bomb|p1a: JAJCO2212\n|-damage|p1a: JAJCO2212|80\/100\n|-damage|p1a: JAJCO2212|59\/100\n|-damage|p1a: JAJCO2212|39\/100\n|-crit|p1a: JAJCO2212\n|-damage|p1a: JAJCO2212|10\/100\n|-damage|p1a: JAJCO2212|0 fnt\n|faint|p1a: JAJCO2212\n|-hitcount|p1: JAJCO2212|5\n|move|p2b: Rotom|Thunder|p1b: W\u0142odek\n|-supereffective|p1b: W\u0142odek\n|-damage|p1b: W\u0142odek|0 fnt\n|faint|p1b: W\u0142odek\n|\n|upkeep\n|\n|t:|1697309522\n|switch|p1a: FlanelowyZiomo|Flamigo, M|100\/100\n|turn|9\n|\n|t:|1697309529\n|move|p2a: Maushold|Population Bomb|p1a: FlanelowyZiomo\n|-damage|p1a: FlanelowyZiomo|85\/100\n|-damage|p1a: FlanelowyZiomo|71\/100\n|-damage|p1a: FlanelowyZiomo|54\/100\n|-damage|p1a: FlanelowyZiomo|39\/100\n|-hitcount|p1a: FlanelowyZiomo|4\n|move|p2b: Rotom|Thunder|p1a: FlanelowyZiomo|[miss]\n|-miss|p2b: Rotom|p1a: FlanelowyZiomo\n|move|p1a: FlanelowyZiomo|Close Combat|p2a: Maushold\n|-supereffective|p2a: Maushold\n|-enditem|p2a: Maushold|Focus Sash\n|-damage|p2a: Maushold|1\/100\n|-unboost|p1a: FlanelowyZiomo|def|1\n|-unboost|p1a: FlanelowyZiomo|spd|1\n|\n|-sideend|p1: dupoludek|move: Light Screen\n|upkeep\n|turn|10\n|\n|t:|1697309548\n|move|p2b: Rotom|Sucker Punch|p1a: FlanelowyZiomo\n|-resisted|p1a: FlanelowyZiomo\n|-damage|p1a: FlanelowyZiomo|28\/100\n|move|p2a: Maushold|Population Bomb|p1a: FlanelowyZiomo\n|-damage|p1a: FlanelowyZiomo|3\/100\n|-damage|p1a: FlanelowyZiomo|0 fnt\n|faint|p1a: FlanelowyZiomo\n|-hitcount|p1: FlanelowyZiomo|2\n|\n|win|Angelos1234\n|l|\u2606dupoludek\n","uploadtime":1697309559,"views":12,"p1id":"dupoludek","p2id":"angelos1234","formatid":"gen9nationaldexdoubles","rating":0,"private":0,"password":""}