{"id":"gen9nationaldexdoubles-1957685786","p1":"bloody moth","p2":"wlaaa","format":"[Gen 9] National Dex Doubles","log":"|j|\u2606bloody moth\n|j|\u2606wlaaa\n|t:|1696253091\n|gametype|doubles\n|player|p1|bloody moth|dawn|\n|player|p2|wlaaa|dawn-gen4pt|\n|teamsize|p1|6\n|teamsize|p2|6\n|gen|9\n|tier|[Gen 9] National Dex Doubles\n|rule|HP Percentage Mod: HP is shown in percentages\n|rule|Endless Battle Clause: Forcing endless battles is banned\n|rule|OHKO Clause: OHKO moves are banned\n|rule|Evasion Moves Clause: Evasion moves are banned\n|rule|Evasion Abilities Clause: Evasion abilities are banned\n|rule|Species Clause: Limit one of each Pok\u00e9mon\n|rule|Gravity Sleep Clause: The combination of sleep-inducing moves with imperfect accuracy and Gravity or Gigantamax Orbeetle are banned\n|clearpoke\n|poke|p1|Whimsicott, M|\n|poke|p1|Ribombee, M|\n|poke|p1|Tapu Lele|\n|poke|p1|Gardevoir, M|\n|poke|p1|Ursaluna-Bloodmoon, M|\n|poke|p1|Clefairy, M|\n|poke|p2|Pincurchin, F|\n|poke|p2|Xurkitree|\n|poke|p2|Oricorio-Pom-Pom, M|\n|poke|p2|Rotom-Wash|\n|poke|p2|Pawmot, F|\n|poke|p2|Victini|\n|teampreview\n|\n|t:|1696253122\n|start\n|switch|p1a: Ribombee|Ribombee, M|100\/100\n|switch|p1b: Clefairy|Clefairy, M|100\/100\n|switch|p2a: Oricorio|Oricorio-Pom-Pom, M|100\/100\n|switch|p2b: Victini|Victini|100\/100\n|turn|1\n|\n|t:|1696253156\n|move|p1a: Ribombee|Sticky Web|p2a: Oricorio\n|-sidestart|p2: wlaaa|move: Sticky Web\n|move|p2b: Victini|V-create|p1a: Ribombee\n|-supereffective|p1a: Ribombee\n|-enditem|p1a: Ribombee|Focus Sash\n|-damage|p1a: Ribombee|1\/100\n|-unboost|p2b: Victini|spe|1\n|-unboost|p2b: Victini|def|1\n|-unboost|p2b: Victini|spd|1\n|move|p2a: Oricorio|Tailwind|p2a: Oricorio\n|-sidestart|p2: wlaaa|move: Tailwind\n|move|p1b: Clefairy|Thunder Wave|p2b: Victini\n|-status|p2b: Victini|par\n|\n|upkeep\n|turn|2\n|\n|t:|1696253180\n|switch|p1b: Whimsicott|Whimsicott, M|100\/100\n|move|p2a: Oricorio|Revelation Dance|p1a: Ribombee\n|-damage|p1a: Ribombee|0 fnt\n|faint|p1a: Ribombee\n|move|p2b: Victini|V-create|p1b: Whimsicott\n|-supereffective|p1b: Whimsicott\n|-enditem|p1b: Whimsicott|Focus Sash\n|-damage|p1b: Whimsicott|1\/100\n|-unboost|p2b: Victini|spe|1\n|-unboost|p2b: Victini|def|1\n|-unboost|p2b: Victini|spd|1\n|\n|upkeep\n|\n|t:|1696253188\n|switch|p1a: Gardevoir|Gardevoir, M|100\/100\n|-ability|p1a: Gardevoir|Dancer|[from] ability: Trace|[of] p2a: Oricorio\n|turn|3\n|\n|t:|1696253202\n|switch|p2b: Pincurchin|Pincurchin, F|100\/100\n|-activate|p2b: Pincurchin|move: Sticky Web\n|-unboost|p2b: Pincurchin|spe|1\n|-fieldstart|move: Electric Terrain|[from] ability: Electric Surge|[of] p2b: Pincurchin\n|detailschange|p1a: Gardevoir|Gardevoir-Mega, M\n|-mega|p1a: Gardevoir|Gardevoir|Gardevoirite\n|move|p1b: Whimsicott|Tailwind|p1b: Whimsicott\n|-sidestart|p1: bloody moth|move: Tailwind\n|move|p1a: Gardevoir|Hyper Voice|p2a: Oricorio|[spread] p2a,p2b\n|-damage|p2a: Oricorio|40\/100\n|-damage|p2b: Pincurchin|33\/100\n|move|p2a: Oricorio|Revelation Dance|p1b: Whimsicott\n|-resisted|p1b: Whimsicott\n|-damage|p1b: Whimsicott|0 fnt\n|faint|p1b: Whimsicott\n|\n|upkeep\n|\n|t:|1696253220\n|switch|p1b: Clefairy|Clefairy, M|100\/100\n|turn|4\n|\n|t:|1696253246\n|move|p1b: Clefairy|Follow Me|p1b: Clefairy\n|-singleturn|p1b: Clefairy|move: Follow Me\n|move|p2b: Pincurchin|Sucker Punch||[still]\n|-fail|p2b: Pincurchin\n|move|p1a: Gardevoir|Hyper Voice|p2b: Pincurchin|[spread] p2a,p2b\n|-damage|p2a: Oricorio|0 fnt\n|-damage|p2b: Pincurchin|0 fnt\n|faint|p2a: Oricorio\n|faint|p2b: Pincurchin\n|\n|-sideend|p2: wlaaa|move: Tailwind\n|upkeep\n|\n|t:|1696253274\n|switch|p2a: Pawmot|Pawmot, F|100\/100\n|switch|p2b: Victini|Victini|100\/100 par\n|-activate|p2a: Pawmot|move: Sticky Web\n|-unboost|p2a: Pawmot|spe|1\n|-activate|p2b: Victini|move: Sticky Web\n|-unboost|p2b: Victini|spe|1\n|turn|5\n|\n|t:|1696253294\n|-terastallize|p2b: Victini|Electric\n|move|p2a: Pawmot|Fake Out|p1b: Clefairy\n|-damage|p1b: Clefairy|88\/100\n|cant|p1b: Clefairy|flinch\n|move|p1a: Gardevoir|Hyper Voice|p2b: Victini|[spread] p2a,p2b\n|-supereffective|p2a: Pawmot\n|-damage|p2a: Pawmot|0 fnt\n|-damage|p2b: Victini|71\/100 par\n|faint|p2a: Pawmot\n|move|p2b: Victini|Bolt Strike|p1a: Gardevoir\n|-damage|p1a: Gardevoir|10\/100\n|\n|upkeep\n|\n|t:|1696253310\n|switch|p2a: Rotom|Rotom-Wash|100\/100\n|turn|6\n|\n|t:|1696253320\n|switch|p1b: Tapu Lele|Tapu Lele|100\/100\n|-fieldstart|move: Psychic Terrain|[from] ability: Psychic Surge|[of] p1b: Tapu Lele\n|move|p1a: Gardevoir|Expanding Force|p2b: Victini|[spread] p2a,p2b\n|-damage|p2a: Rotom|17\/100\n|-damage|p2b: Victini|27\/100 par\n|move|p2a: Rotom|Discharge|p1a: Gardevoir|[spread] p2b,p1a,p1b\n|-resisted|p2b: Victini\n|-damage|p2b: Victini|19\/100 par\n|-damage|p1a: Gardevoir|0 fnt\n|-damage|p1b: Tapu Lele|71\/100\n|-status|p1b: Tapu Lele|par\n|faint|p1a: Gardevoir\n|move|p2b: Victini|V-create|p1b: Tapu Lele\n|-damage|p1b: Tapu Lele|0 fnt\n|-unboost|p2b: Victini|spe|1\n|-unboost|p2b: Victini|def|1\n|-unboost|p2b: Victini|spd|1\n|faint|p1b: Tapu Lele\n|\n|-heal|p2a: Rotom|23\/100|[from] item: Leftovers\n|-sideend|p1: bloody moth|move: Tailwind\n|upkeep\n|\n|t:|1696253331\n|switch|p1a: Clefairy|Clefairy, M|88\/100\n|switch|p1b: Ursaluna|Ursaluna-Bloodmoon, M|100\/100\n|turn|7\n|\n|t:|1696253370\n|switch|p2a: Xurkitree|Xurkitree|100\/100\n|-activate|p2a: Xurkitree|move: Sticky Web\n|-unboost|p2a: Xurkitree|spe|1\n|move|p1a: Clefairy|Follow Me|p1a: Clefairy\n|-singleturn|p1a: Clefairy|move: Follow Me\n|move|p1b: Ursaluna|Vacuum Wave|p2a: Xurkitree\n|-activate|p2a: Xurkitree|move: Psychic Terrain\n|move|p2b: Victini|V-create|p1a: Clefairy\n|-damage|p1a: Clefairy|0 fnt\n|-unboost|p2b: Victini|spe|1\n|-unboost|p2b: Victini|def|1\n|-unboost|p2b: Victini|spd|1\n|faint|p1a: Clefairy\n|\n|upkeep\n|turn|8\n|\n|t:|1696253390\n|move|p2a: Xurkitree|Hidden Power|p1b: Ursaluna\n|-supereffective|p1b: Ursaluna\n|-damage|p1b: Ursaluna|55\/100\n|move|p1b: Ursaluna|Earth Power|p2a: Xurkitree\n|-supereffective|p2a: Xurkitree\n|-enditem|p2a: Xurkitree|Focus Sash\n|-damage|p2a: Xurkitree|1\/100\n|move|p2b: Victini|V-create|p1b: Ursaluna\n|-damage|p1b: Ursaluna|0 fnt\n|-unboost|p2b: Victini|spe|1\n|-unboost|p2b: Victini|def|1\n|-unboost|p2b: Victini|spd|1\n|faint|p1b: Ursaluna\n|\n|win|wlaaa\n","uploadtime":1696253409,"views":11,"p1id":"bloodymoth","p2id":"wlaaa","formatid":"gen9nationaldexdoubles","rating":0,"private":0,"password":""}