{"id":"gen9nationaldexdoubles-1964471341","p1":"dgxd drzg","p2":"Judetastic","format":"[Gen 9] National Dex Doubles","log":"|j|\u2606dgxd drzg\n|j|\u2606Judetastic\n|t:|1696971566\n|gametype|doubles\n|player|p1|dgxd drzg|lucas|1000\n|player|p2|Judetastic|rocketgrunt|1065\n|teamsize|p1|6\n|teamsize|p2|6\n|gen|9\n|tier|[Gen 9] National Dex Doubles\n|rated|\n|rule|HP Percentage Mod: HP is shown in percentages\n|rule|Endless Battle Clause: Forcing endless battles is banned\n|rule|OHKO Clause: OHKO moves are banned\n|rule|Evasion Moves Clause: Evasion moves are banned\n|rule|Evasion Abilities Clause: Evasion abilities are banned\n|rule|Species Clause: Limit one of each Pok\u00e9mon\n|rule|Gravity Sleep Clause: The combination of sleep-inducing moves with imperfect accuracy and Gravity or Gigantamax Orbeetle are banned\n|clearpoke\n|poke|p1|Indeedee-F, F|\n|poke|p1|Oranguru, F|\n|poke|p1|Glastrier|\n|poke|p1|Hoopa-Unbound|\n|poke|p1|Ursaluna, F|\n|poke|p1|Zygarde|\n|poke|p2|Inteleon, F|\n|poke|p2|Cinderace, F|\n|poke|p2|Jirachi|\n|poke|p2|Comfey, M|\n|poke|p2|Ogerpon-Hearthflame, F|\n|poke|p2|Regidrago|\n|teampreview\n|inactive|Battle timer is ON: inactive players will automatically lose when time's up. (requested by Judetastic)\n|\n|t:|1696971599\n|start\n|switch|p1a: Hoopa|Hoopa-Unbound|100\/100\n|switch|p1b: Zygarde|Zygarde|100\/100\n|switch|p2a: Inteleon|Inteleon, F|100\/100\n|switch|p2b: Cinderace|Cinderace, F|100\/100\n|-ability|p1b: Zygarde|Aura Break\n|turn|1\n|\n|t:|1696971613\n|move|p2a: Inteleon|Water Pledge|p1b: Zygarde\n|-waiting|p2a: Inteleon|p2b: Cinderace\n|move|p2b: Cinderace|Fire Pledge|p1b: Zygarde|[from]move: Water Pledge\n|-start|p2b: Cinderace|typechange|Water|[from] ability: Libero\n|-combine\n|-damage|p1b: Zygarde|72\/100\n|-sidestart|p2: Judetastic|Water Pledge\n|move|p1b: Zygarde|Coil|p1b: Zygarde\n|-boost|p1b: Zygarde|atk|1\n|-boost|p1b: Zygarde|def|1\n|-boost|p1b: Zygarde|accuracy|1\n|move|p1a: Hoopa|Trick Room|p1a: Hoopa\n|-fieldstart|move: Trick Room|[of] p1a: Hoopa\n|-enditem|p1b: Zygarde|Room Service\n|-unboost|p1b: Zygarde|spe|1|[from] item: Room Service\n|-enditem|p1a: Hoopa|Room Service\n|-unboost|p1a: Hoopa|spe|1|[from] item: Room Service\n|\n|upkeep\n|turn|2\n|inactive|dgxd drzg has 120 seconds left.\n|inactive|Judetastic has 120 seconds left.\n|\n|t:|1696971650\n|switch|p2b: Ogerpon|Ogerpon-Hearthflame, F|100\/100\n|-ability|p2b: Ogerpon|Mold Breaker\n|switch|p2a: Jirachi|Jirachi|100\/100\n|move|p1a: Hoopa|Dark Pulse|p2b: Ogerpon\n|-damage|p2b: Ogerpon|38\/100\n|move|p1b: Zygarde|Thousand Arrows|p2b: Ogerpon|[spread] p2a,p2b\n|-supereffective|p2a: Jirachi\n|-damage|p2a: Jirachi|26\/100\n|-damage|p2b: Ogerpon|0 fnt\n|faint|p2b: Ogerpon\n|\n|-heal|p2a: Jirachi|32\/100|[from] item: Leftovers\n|upkeep\n|inactive|Judetastic has 120 seconds left.\n|\n|t:|1696971666\n|switch|p2b: Comfey|Comfey, M|100\/100\n|turn|3\n|inactive|Judetastic has 120 seconds left.\n|\n|t:|1696971689\n|move|p2b: Comfey|Floral Healing|p2a: Jirachi\n|-heal|p2a: Jirachi|82\/100\n|move|p1a: Hoopa|Psyshock|p2b: Comfey\n|-damage|p2b: Comfey|32\/100\n|-item|p1a: Hoopa|Rocky Helmet|[from] ability: Magician|[of] p2b: Comfey\n|move|p1b: Zygarde|Thousand Arrows|p2a: Jirachi|[spread] p2a,p2b\n|-supereffective|p2a: Jirachi\n|-damage|p2a: Jirachi|8\/100\n|-damage|p2b: Comfey|0 fnt\n|faint|p2b: Comfey\n|move|p2a: Jirachi|Ancient Power|p1b: Zygarde\n|-resisted|p1b: Zygarde\n|-damage|p1b: Zygarde|66\/100\n|\n|-heal|p2a: Jirachi|14\/100|[from] item: Leftovers\n|upkeep\n|\n|t:|1696971709\n|switch|p2b: Inteleon|Inteleon, F|100\/100\n|turn|4\n|inactive|Judetastic has 120 seconds left.\n|\n|t:|1696971725\n|move|p1a: Hoopa|Dark Pulse|p2b: Inteleon\n|-damage|p2b: Inteleon|0 fnt\n|faint|p2b: Inteleon\n|move|p1b: Zygarde|Thousand Arrows|p2a: Jirachi\n|-supereffective|p2a: Jirachi\n|-damage|p2a: Jirachi|0 fnt\n|faint|p2a: Jirachi\n|\n|-sideend|p2: Judetastic|Water Pledge\n|upkeep\n|\n|t:|1696971732\n|switch|p2a: Cinderace|Cinderace, F|100\/100\n|switch|p2b: Regidrago|Regidrago|100\/100\n|turn|5\n|\n|t:|1696971746\n|move|p1a: Hoopa|Dark Pulse|p2b: Regidrago\n|-damage|p2b: Regidrago|35\/100\n|move|p1b: Zygarde|Thousand Arrows|p2a: Cinderace|[spread] p2a,p2b\n|-supereffective|p2a: Cinderace\n|-enditem|p2a: Cinderace|Focus Sash\n|-damage|p2a: Cinderace|1\/100\n|-damage|p2b: Regidrago|0 fnt\n|faint|p2b: Regidrago\n|move|p2a: Cinderace|Coaching|p2: Regidrago|[notarget]\n|-fail|p2a: Cinderace\n|\n|-fieldend|move: Trick Room\n|upkeep\n|turn|6\n|-message|Judetastic forfeited.\n|\n|win|dgxd drzg\n|raw|dgxd drzg's rating: 1000 &rarr; <strong>1047<\/strong><br \/>(+47 for winning)\n|raw|Judetastic's rating: 1065 &rarr; <strong>1042<\/strong><br \/>(-23 for losing)\n|l|\u2606Judetastic\n","uploadtime":1696971763,"views":5,"p1id":"dgxddrzg","p2id":"judetastic","formatid":"gen9nationaldexdoubles","rating":1042,"private":0,"password":""}