{"id":"gen9nationaldexdoubles-1956877029","p1":"woshihaiwang55555","p2":"aYUNsang","format":"[Gen 9] National Dex Doubles","log":"|j|\u2606woshihaiwang55555\n|j|\u2606aYUNsang\n|t:|1696165050\n|gametype|doubles\n|player|p1|woshihaiwang55555|veteranf|\n|player|p2|aYUNsang|sage|\n|teamsize|p1|6\n|teamsize|p2|6\n|gen|9\n|tier|[Gen 9] National Dex Doubles\n|rule|HP Percentage Mod: HP is shown in percentages\n|rule|Endless Battle Clause: Forcing endless battles is banned\n|rule|OHKO Clause: OHKO moves are banned\n|rule|Evasion Moves Clause: Evasion moves are banned\n|rule|Evasion Abilities Clause: Evasion abilities are banned\n|rule|Species Clause: Limit one of each Pok\u00e9mon\n|rule|Gravity Sleep Clause: The combination of sleep-inducing moves with imperfect accuracy and Gravity or Gigantamax Orbeetle are banned\n|clearpoke\n|poke|p1|Riolu, M|\n|poke|p1|Poliwrath, F|\n|poke|p1|Cramorant, F|\n|poke|p1|Quaquaval, M|\n|poke|p1|Pawmot, F|\n|poke|p1|Flamigo, F|\n|poke|p2|Ninetales-Alola, F|\n|poke|p2|Baxcalibur, M|\n|poke|p2|Arctozolt|\n|poke|p2|Amaura, F|\n|poke|p2|Glalie, F|\n|poke|p2|Eiscue, F|\n|teampreview\n|inactive|Battle timer is ON: inactive players will automatically lose when time's up. (requested by woshihaiwang55555)\n|\n|t:|1696165079\n|start\n|switch|p1a: Riolu|Riolu, M|100\/100\n|switch|p1b: Pawmot|Pawmot, F|100\/100\n|switch|p2a: Eiscue|Eiscue, F, shiny|100\/100\n|switch|p2b: Glalie|Glalie, F|100\/100\n|turn|1\n|\n|t:|1696165096\n|move|p1b: Pawmot|Fake Out|p2b: Glalie\n|-crit|p2b: Glalie\n|-damage|p2b: Glalie|77\/100\n|move|p1a: Riolu|Rain Dance|p1a: Riolu\n|-weather|RainDance\n|cant|p2b: Glalie|flinch\n|move|p2a: Eiscue|Freeze-Dry|p1b: Pawmot\n|-damage|p1b: Pawmot|71\/100\n|\n|-weather|RainDance|[upkeep]\n|-heal|p2b: Glalie|83\/100|[from] item: Leftovers\n|-ability|p2b: Glalie|Moody|boost\n|-boost|p2b: Glalie|spd|2\n|-unboost|p2b: Glalie|spe|1\n|upkeep\n|turn|2\n|\n|t:|1696165123\n|switch|p2b: Amaura|Amaura, F|100\/100\n|-weather|Snow|[from] ability: Snow Warning|[of] p2b: Amaura\n|move|p1a: Riolu|Detect|p1a: Riolu\n|-singleturn|p1a: Riolu|Protect\n|move|p1b: Pawmot|Nuzzle|p2a: Eiscue\n|-activate|p2a: Eiscue|ability: Ice Face\n|-damage|p2a: Eiscue|100\/100\n|-status|p2a: Eiscue|par\n|detailschange|p2a: Eiscue|Eiscue-Noice, F, shiny\n|move|p2a: Eiscue|Freeze-Dry|p1b: Pawmot\n|-crit|p1b: Pawmot\n|-damage|p1b: Pawmot|26\/100\n|\n|-weather|Snow|[upkeep]\n|upkeep\n|turn|3\n|\n|t:|1696165146\n|move|p1a: Riolu|Coaching|p1b: Pawmot\n|-boost|p1b: Pawmot|atk|1\n|-boost|p1b: Pawmot|def|1\n|move|p1b: Pawmot|Nuzzle|p2b: Amaura\n|-damage|p2b: Amaura|88\/100\n|-status|p2b: Amaura|par\n|cant|p2a: Eiscue|par\n|move|p2b: Amaura|Aurora Veil|p2b: Amaura\n|-sidestart|p2: aYUNsang|move: Aurora Veil\n|\n|-weather|Snow|[upkeep]\n|upkeep\n|turn|4\n|\n|t:|1696165166\n|move|p1a: Riolu|Rain Dance|p1a: Riolu\n|-weather|RainDance\n|move|p1b: Pawmot|Double Shock|p2b: Amaura\n|-crit|p2b: Amaura\n|-damage|p2b: Amaura|0 fnt\n|-start|p1b: Pawmot|typechange|???\/Fighting|[from] move: Double Shock\n|faint|p2b: Amaura\n|cant|p2a: Eiscue|par\n|\n|-weather|RainDance|[upkeep]\n|upkeep\n|inactive|aYUNsang has 270 seconds left.\n|\n|t:|1696165201\n|switch|p2b: Ninetales|Ninetales-Alola, F|100\/100\n|-weather|Snow|[from] ability: Snow Warning|[of] p2b: Ninetales\n|-activate|p2a: Eiscue|ability: Ice Face\n|detailschange|p2a: Eiscue|Eiscue, F, shiny\n|turn|5\n|inactive|aYUNsang has 270 seconds left.\n|\n|t:|1696165222\n|move|p1a: Riolu|Detect|p1a: Riolu\n|-singleturn|p1a: Riolu|Protect\n|move|p2b: Ninetales|Blizzard|p1b: Pawmot|[spread] p1b\n|-activate|p1a: Riolu|move: Protect\n|-damage|p1b: Pawmot|0 fnt\n|faint|p1b: Pawmot\n|cant|p2a: Eiscue|par\n|\n|-weather|Snow|[upkeep]\n|upkeep\n|inactive|woshihaiwang55555 has 270 seconds left.\n|\n|t:|1696165237\n|switch|p1b: Poliwrath|Poliwrath, F|100\/100\n|turn|6\n|\n|t:|1696165251\n|move|p1a: Riolu|Rain Dance|p1a: Riolu\n|-weather|RainDance\n|move|p1b: Poliwrath|Belly Drum|p1b: Poliwrath\n|-damage|p1b: Poliwrath|50\/100\n|-setboost|p1b: Poliwrath|atk|6|[from] move: Belly Drum\n|move|p2b: Ninetales|Moonblast|p1b: Poliwrath\n|-supereffective|p1b: Poliwrath\n|-damage|p1b: Poliwrath|0 fnt\n|faint|p1b: Poliwrath\n|move|p2a: Eiscue|Freeze-Dry|p1a: Riolu\n|-damage|p1a: Riolu|67\/100\n|\n|-weather|RainDance|[upkeep]\n|upkeep\n|\n|t:|1696165265\n|switch|p1b: Quaquaval|Quaquaval, M|100\/100\n|turn|7\n|\n|t:|1696165278\n|move|p1a: Riolu|Coaching|p1b: Quaquaval\n|-boost|p1b: Quaquaval|atk|1\n|-boost|p1b: Quaquaval|def|1\n|move|p2b: Ninetales|Moonblast|p1b: Quaquaval\n|-supereffective|p1b: Quaquaval\n|-damage|p1b: Quaquaval|6\/100\n|move|p1b: Quaquaval|Aqua Step|p2b: Ninetales\n|-damage|p2b: Ninetales|0 fnt\n|-boost|p1b: Quaquaval|spe|1\n|faint|p2b: Ninetales\n|-ability|p1b: Quaquaval|Moxie|boost\n|-boost|p1b: Quaquaval|atk|1\n|-damage|p1b: Quaquaval|0 fnt|[from] item: Life Orb\n|faint|p1b: Quaquaval\n|move|p2a: Eiscue|Freeze-Dry|p1a: Riolu\n|-damage|p1a: Riolu|35\/100\n|\n|-weather|RainDance|[upkeep]\n|-sideend|p2: aYUNsang|move: Aurora Veil\n|upkeep\n|\n|t:|1696165299\n|switch|p2b: Glalie|Glalie, F|83\/100\n|switch|p1b: Cramorant|Cramorant, F|100\/100\n|turn|8\n|\n|t:|1696165315\n|-terastallize|p1b: Cramorant|Fighting\n|move|p2b: Glalie|Protect|p2b: Glalie\n|-singleturn|p2b: Glalie|Protect\n|move|p1a: Riolu|Coaching|p1b: Cramorant\n|-boost|p1b: Cramorant|atk|1\n|-boost|p1b: Cramorant|def|1\n|move|p1b: Cramorant|Liquidation|p2b: Glalie\n|-activate|p2b: Glalie|move: Protect\n|move|p2a: Eiscue|Snowscape|p2a: Eiscue\n|-weather|Snow\n|\n|-weather|Snow|[upkeep]\n|-heal|p2b: Glalie|89\/100|[from] item: Leftovers\n|-ability|p2b: Glalie|Moody|boost\n|-boost|p2b: Glalie|def|2\n|-unboost|p2b: Glalie|spd|1\n|upkeep\n|turn|9\n|\n|t:|1696165344\n|move|p1a: Riolu|Coaching|p1b: Cramorant\n|-boost|p1b: Cramorant|atk|1\n|-boost|p1b: Cramorant|def|1\n|move|p2b: Glalie|Substitute|p2b: Glalie\n|-start|p2b: Glalie|Substitute\n|-damage|p2b: Glalie|64\/100\n|move|p1b: Cramorant|Liquidation|p2b: Glalie\n|-end|p2b: Glalie|Substitute\n|move|p2a: Eiscue|Freeze-Dry|p1b: Cramorant\n|-damage|p1b: Cramorant|79\/100\n|\n|-weather|Snow|[upkeep]\n|-heal|p2b: Glalie|71\/100|[from] item: Leftovers\n|-ability|p2b: Glalie|Moody|boost\n|-boost|p2b: Glalie|spa|2\n|-unboost|p2b: Glalie|spd|1\n|upkeep\n|turn|10\n|\n|t:|1696165364\n|switch|p2a: Arctozolt|Arctozolt|100\/100\n|move|p2b: Glalie|Protect|p2b: Glalie\n|-singleturn|p2b: Glalie|Protect\n|move|p1a: Riolu|Coaching|p1b: Cramorant\n|-boost|p1b: Cramorant|atk|1\n|-boost|p1b: Cramorant|def|1\n|move|p1b: Cramorant|Dual Wingbeat|p2b: Glalie\n|-activate|p2b: Glalie|move: Protect\n|\n|-weather|Snow|[upkeep]\n|-heal|p2b: Glalie|77\/100|[from] item: Leftovers\n|-ability|p2b: Glalie|Moody|boost\n|-boost|p2b: Glalie|def|2\n|-unboost|p2b: Glalie|spa|1\n|upkeep\n|turn|11\n|\n|t:|1696165381\n|move|p1a: Riolu|Follow Me|p1a: Riolu\n|-singleturn|p1a: Riolu|move: Follow Me\n|move|p2a: Arctozolt|Bolt Beak|p1a: Riolu\n|-damage|p1a: Riolu|0 fnt\n|faint|p1a: Riolu\n|-damage|p2a: Arctozolt|91\/100|[from] item: Life Orb\n|move|p2b: Glalie|Substitute|p2b: Glalie\n|-start|p2b: Glalie|Substitute\n|-damage|p2b: Glalie|52\/100\n|move|p1b: Cramorant|Tera Blast|p2a: Arctozolt|[anim] Tera Blast Fighting\n|-supereffective|p2a: Arctozolt\n|-damage|p2a: Arctozolt|0 fnt\n|faint|p2a: Arctozolt\n|\n|-weather|Snow|[upkeep]\n|-heal|p2b: Glalie|58\/100|[from] item: Leftovers\n|-ability|p2b: Glalie|Moody|boost\n|-boost|p2b: Glalie|spd|2\n|-unboost|p2b: Glalie|atk|1\n|upkeep\n|\n|t:|1696165400\n|switch|p2a: Baxcalibur|Baxcalibur, M|100\/100\n|switch|p1a: Flamigo|Flamigo, F|100\/100\n|-copyboost|p1a: Flamigo|p1b: Cramorant|[from] ability: Costar\n|turn|12\n|c|\u2606woshihaiwang55555|\u7ea2\u84dd\u9ad8\u8fbe\n|\n|t:|1696165427\n|-terastallize|p2a: Baxcalibur|Ice\n|move|p1a: Flamigo|Dual Wingbeat|p2b: Glalie\n|-activate|p2b: Glalie|move: Substitute|[damage]\n|-end|p2b: Glalie|Substitute\n|-hitcount|p2b: Glalie|2\n|move|p2a: Baxcalibur|Icicle Spear|p1a: Flamigo\n|-supereffective|p1a: Flamigo\n|-damage|p1a: Flamigo|78\/100\n|-supereffective|p1a: Flamigo\n|-damage|p1a: Flamigo|55\/100\n|-supereffective|p1a: Flamigo\n|-damage|p1a: Flamigo|33\/100\n|-supereffective|p1a: Flamigo\n|-damage|p1a: Flamigo|9\/100\n|-supereffective|p1a: Flamigo\n|-damage|p1a: Flamigo|0 fnt\n|faint|p1a: Flamigo\n|-hitcount|p1: Flamigo|5\n|move|p2b: Glalie|Freeze-Dry|p1b: Cramorant\n|-damage|p1b: Cramorant|40\/100\n|move|p1b: Cramorant|Dual Wingbeat|p2b: Glalie\n|-damage|p2b: Glalie|46\/100\n|-damage|p2b: Glalie|33\/100\n|-hitcount|p2b: Glalie|2\n|\n|-weather|none\n|-heal|p2b: Glalie|39\/100|[from] item: Leftovers\n|-ability|p2b: Glalie|Moody|boost\n|-boost|p2b: Glalie|spa|2\n|-unboost|p2b: Glalie|def|1\n|upkeep\n|turn|13\n|\n|t:|1696165456\n|move|p2b: Glalie|Protect|p2b: Glalie\n|-singleturn|p2b: Glalie|Protect\n|move|p2a: Baxcalibur|Icicle Spear|p1b: Cramorant\n|-damage|p1b: Cramorant|25\/100\n|-damage|p1b: Cramorant|10\/100\n|-damage|p1b: Cramorant|0 fnt\n|faint|p1b: Cramorant\n|-hitcount|p1: Cramorant|3\n|\n|win|aYUNsang\n|l|\u2606woshihaiwang55555\n","uploadtime":1696165468,"views":7,"p1id":"woshihaiwang55555","p2id":"ayunsang","formatid":"gen9nationaldexdoubles","rating":0,"private":0,"password":""}