{"id":"gen9nationaldexdoubles-1959778262","p1":"MeloettaMadness","p2":"PunkRockObstagoon","format":"[Gen 9] National Dex Doubles","log":"|j|\u2606MeloettaMadness\n|j|\u2606PunkRockObstagoon\n|t:|1696454565\n|gametype|doubles\n|player|p1|MeloettaMadness|clown|1106\n|player|p2|PunkRockObstagoon|hilbert|1299\n|teamsize|p1|6\n|teamsize|p2|6\n|gen|9\n|tier|[Gen 9] National Dex Doubles\n|rated|\n|rule|HP Percentage Mod: HP is shown in percentages\n|rule|Endless Battle Clause: Forcing endless battles is banned\n|rule|OHKO Clause: OHKO moves are banned\n|rule|Evasion Moves Clause: Evasion moves are banned\n|rule|Evasion Abilities Clause: Evasion abilities are banned\n|rule|Species Clause: Limit one of each Pok\u00e9mon\n|rule|Gravity Sleep Clause: The combination of sleep-inducing moves with imperfect accuracy and Gravity or Gigantamax Orbeetle are banned\n|clearpoke\n|poke|p1|Wobbuffet, M|\n|poke|p1|Tyrantrum, M|\n|poke|p1|Banette, M|\n|poke|p1|Cresselia, F|\n|poke|p1|Ninetales-Alola, M|\n|poke|p1|Brute Bonnet|\n|poke|p2|Charizard, M|\n|poke|p2|Metagross|\n|poke|p2|Grimmsnarl, M|\n|poke|p2|Tatsugiri-Stretchy, F|\n|poke|p2|Serperior, F|\n|poke|p2|Blaziken, M|\n|teampreview\n|inactive|Battle timer is ON: inactive players will automatically lose when time's up. (requested by PunkRockObstagoon)\n|inactive|PunkRockObstagoon has 120 seconds left.\n|\n|t:|1696454596\n|start\n|switch|p1a: Wobbuffet|Wobbuffet, M, shiny|100\/100\n|switch|p1b: Brute Bonnet|Brute Bonnet, shiny|100\/100\n|switch|p2a: Blaziken|Blaziken, M|100\/100\n|switch|p2b: Metagross|Metagross|100\/100\n|turn|1\n|inactive|MeloettaMadness has 120 seconds left.\n|inactive|MeloettaMadness has 90 seconds left.\n|\n|t:|1696454661\n|-terastallize|p1b: Brute Bonnet|Fire\n|move|p2b: Metagross|Rock Slide|p1b: Brute Bonnet|[spread] p1a,p1b\n|-supereffective|p1b: Brute Bonnet\n|-damage|p1a: Wobbuffet|86\/100\n|-damage|p1b: Brute Bonnet|61\/100\n|move|p2a: Blaziken|Flare Blitz|p1b: Brute Bonnet\n|-resisted|p1b: Brute Bonnet\n|-damage|p1b: Brute Bonnet|30\/100\n|-damage|p2a: Blaziken|88\/100|[from] Recoil\n|cant|p1b: Brute Bonnet|flinch\n|move|p1a: Wobbuffet|Counter|p2b: Metagross\n|-damage|p2b: Metagross|45\/100\n|\n|-heal|p1a: Wobbuffet|92\/100|[from] item: Leftovers\n|-ability|p2a: Blaziken|Speed Boost|boost\n|-boost|p2a: Blaziken|spe|1\n|upkeep\n|turn|2\n|inactive|MeloettaMadness has 90 seconds left.\n|\n|t:|1696454686\n|move|p2a: Blaziken|Bulldoze|p1b: Brute Bonnet|[spread] p2b,p1a,p1b\n|-supereffective|p2b: Metagross\n|-supereffective|p1b: Brute Bonnet\n|-damage|p2b: Metagross|16\/100\n|-damage|p1a: Wobbuffet|80\/100\n|-damage|p1b: Brute Bonnet|0 fnt\n|-unboost|p1a: Wobbuffet|spe|1\n|-enditem|p2b: Metagross|Weakness Policy\n|-boost|p2b: Metagross|atk|2|[from] item: Weakness Policy\n|-boost|p2b: Metagross|spa|2|[from] item: Weakness Policy\n|faint|p1b: Brute Bonnet\n|-end|p1b: Brute Bonnet|Protosynthesis|[silent]\n|move|p2b: Metagross|Iron Head|p1a: Wobbuffet\n|-damage|p1a: Wobbuffet|20\/100\n|move|p1a: Wobbuffet|Counter|p2b: Metagross\n|-damage|p2b: Metagross|0 fnt\n|faint|p2b: Metagross\n|\n|-heal|p1a: Wobbuffet|26\/100|[from] item: Leftovers\n|-ability|p2a: Blaziken|Speed Boost|boost\n|-boost|p2a: Blaziken|spe|1\n|upkeep\n|inactive|MeloettaMadness has 90 seconds left.\n|\n|t:|1696454714\n|switch|p2b: Serperior|Serperior, F|100\/100\n|switch|p1b: Cresselia|Cresselia, F, shiny|100\/100\n|turn|3\n|\n|t:|1696454742\n|move|p2a: Blaziken|Flare Blitz|p1a: Wobbuffet\n|-damage|p1a: Wobbuffet|0 fnt\n|faint|p1a: Wobbuffet\n|-damage|p2a: Blaziken|72\/100|[from] Recoil\n|move|p2b: Serperior|Leaf Storm|p1b: Cresselia\n|-damage|p1b: Cresselia|62\/100\n|-boost|p2b: Serperior|spa|2\n|-enditem|p1b: Cresselia|Mirror Herb\n|-boost|p1b: Cresselia|spa|2|[from] item: Mirror Herb\n|move|p1b: Cresselia|Lunar Blessing|p1b: Cresselia\n|-heal|p1b: Cresselia|87\/100\n|\n|-ability|p2a: Blaziken|Speed Boost|boost\n|-boost|p2a: Blaziken|spe|1\n|upkeep\n|\n|t:|1696454755\n|switch|p1a: Banette|Banette, M, shiny|100\/100\n|turn|4\n|inactive|MeloettaMadness has 120 seconds left.\n|\n|t:|1696454778\n|detailschange|p1a: Banette|Banette-Mega, M, shiny\n|-mega|p1a: Banette|Banette|Banettite\n|move|p2a: Blaziken|Detect|p2a: Blaziken\n|-singleturn|p2a: Blaziken|Protect\n|move|p1a: Banette|Shadow Sneak|p2b: Serperior\n|-damage|p2b: Serperior|69\/100\n|move|p2b: Serperior|Leaf Storm|p1b: Cresselia\n|-damage|p1b: Cresselia|13\/100\n|-boost|p2b: Serperior|spa|2\n|move|p1b: Cresselia|Dazzling Gleam|p2a: Blaziken|[spread] p2b\n|-activate|p2a: Blaziken|move: Protect\n|-damage|p2b: Serperior|41\/100\n|\n|-heal|p2b: Serperior|47\/100|[from] item: Leftovers\n|-ability|p2a: Blaziken|Speed Boost|boost\n|-boost|p2a: Blaziken|spe|1\n|upkeep\n|turn|5\n|inactive|MeloettaMadness has 120 seconds left.\n|\n|t:|1696454806\n|move|p1a: Banette|Shadow Sneak|p2b: Serperior\n|-damage|p2b: Serperior|16\/100\n|move|p2a: Blaziken|Flare Blitz|p1b: Cresselia\n|-damage|p1b: Cresselia|0 fnt\n|faint|p1b: Cresselia\n|-damage|p2a: Blaziken|67\/100|[from] Recoil\n|move|p2b: Serperior|Giga Drain|p1a: Banette\n|-damage|p1a: Banette|0 fnt\n|-heal|p2b: Serperior|62\/100|[from] drain|[of] p1a: Banette\n|faint|p1a: Banette\n|\n|-heal|p2b: Serperior|69\/100|[from] item: Leftovers\n|-ability|p2a: Blaziken|Speed Boost|boost\n|-boost|p2a: Blaziken|spe|1\n|upkeep\n|inactive|MeloettaMadness has 120 seconds left.\n|-message|MeloettaMadness forfeited.\n|\n|win|PunkRockObstagoon\n|raw|MeloettaMadness's rating: 1106 &rarr; <strong>1092<\/strong><br \/>(-14 for losing)\n|raw|PunkRockObstagoon's rating: 1266 &rarr; <strong>1280<\/strong><br \/>(+14 for winning)\n|l|\u2606MeloettaMadness\n","uploadtime":1696454857,"views":10,"p1id":"meloettamadness","p2id":"punkrockobstagoon","formatid":"gen9nationaldexdoubles","rating":1092,"private":0,"password":""}