{"id":"gen9nationaldexdoubles-1994892075","p1":"El Ryuk456","p2":"Brrunettesfiction","format":"[Gen 9] National Dex Doubles","log":"|j|\u2606El Ryuk456\n|j|\u2606Brrunettesfiction\n|t:|1700502245\n|gametype|doubles\n|player|p1|El Ryuk456|ingo|1364\n|player|p2|Brrunettesfiction|bellelba|1369\n|teamsize|p1|6\n|teamsize|p2|6\n|gen|9\n|tier|[Gen 9] National Dex Doubles\n|rated|\n|rule|HP Percentage Mod: HP is shown in percentages\n|rule|Endless Battle Clause: Forcing endless battles is banned\n|rule|OHKO Clause: OHKO moves are banned\n|rule|Evasion Moves Clause: Evasion moves are banned\n|rule|Evasion Abilities Clause: Evasion abilities are banned\n|rule|Species Clause: Limit one of each Pok\u00e9mon\n|rule|Gravity Sleep Clause: The combination of sleep-inducing moves with imperfect accuracy and Gravity or Gigantamax Orbeetle are banned\n|clearpoke\n|poke|p1|Audino, F|\n|poke|p1|Mimikyu, F|\n|poke|p1|Gholdengo|\n|poke|p1|Moltres-Galar|\n|poke|p1|Ogerpon-Cornerstone, F|\n|poke|p1|Zorua-Hisui, M|\n|poke|p2|Hatterene, F|\n|poke|p2|Indeedee-F, F|\n|poke|p2|Slowbro, F|\n|poke|p2|Gardevoir, F|\n|poke|p2|Tapu Lele|\n|poke|p2|Orbeetle, M|\n|teampreview\n|inactive|Battle timer is ON: inactive players will automatically lose when time's up. (requested by Brrunettesfiction)\n|\n|t:|1700502265\n|start\n|switch|p1a: Moltres|Moltres-Galar|100\/100\n|switch|p1b: Audino|Audino, F|100\/100\n|switch|p2a: Hatterene|Hatterene, F, shiny|100\/100\n|switch|p2b: Indeedee|Indeedee-F, F, shiny|100\/100\n|-fieldstart|move: Psychic Terrain|[from] ability: Psychic Surge|[of] p2b: Indeedee\n|turn|1\n|\n|t:|1700502276\n|detailschange|p1b: Audino|Audino-Mega, F\n|-mega|p1b: Audino|Audino|Audinite\n|move|p2b: Indeedee|Follow Me|p2b: Indeedee\n|-singleturn|p2b: Indeedee|move: Follow Me\n|move|p1a: Moltres|Snarl|p2a: Hatterene|[spread] p2a,p2b\n|-crit|p2a: Hatterene\n|-supereffective|p2b: Indeedee\n|-damage|p2a: Hatterene|87\/100\n|-damage|p2b: Indeedee|87\/100\n|-unboost|p2a: Hatterene|spa|1\n|-unboost|p2b: Indeedee|spa|1\n|move|p1b: Audino|Dazzling Gleam|p2b: Indeedee|[spread] p2a,p2b\n|-damage|p2a: Hatterene|70\/100\n|-damage|p2b: Indeedee|74\/100\n|move|p2a: Hatterene|Trick Room|p2a: Hatterene\n|-fieldstart|move: Trick Room|[of] p2a: Hatterene\n|\n|-heal|p2a: Hatterene|76\/100|[from] item: Leftovers\n|upkeep\n|turn|2\n|\n|t:|1700502292\n|switch|p1a: Gholdengo|Gholdengo|100\/100\n|move|p2a: Hatterene|Dazzling Gleam|p1a: Gholdengo|[spread] p1a,p1b\n|-resisted|p1a: Gholdengo\n|-damage|p1a: Gholdengo|91\/100\n|-damage|p1b: Audino|88\/100\n|move|p1b: Audino|Wish|p1b: Audino\n|move|p2b: Indeedee|Dazzling Gleam|p1a: Gholdengo|[spread] p1a,p1b\n|-resisted|p1a: Gholdengo\n|-damage|p1a: Gholdengo|87\/100\n|-damage|p1b: Audino|83\/100\n|\n|-heal|p2a: Hatterene|82\/100|[from] item: Leftovers\n|-heal|p1a: Gholdengo|93\/100|[from] item: Leftovers\n|upkeep\n|turn|3\n|\n|t:|1700502321\n|switch|p2a: Slowbro|Slowbro, F, shiny|100\/100\n|move|p2b: Indeedee|Follow Me|p2b: Indeedee\n|-singleturn|p2b: Indeedee|move: Follow Me\n|move|p1b: Audino|Dazzling Gleam|p2a: Slowbro|[spread] p2a,p2b\n|-crit|p2a: Slowbro\n|-damage|p2a: Slowbro|74\/100\n|-damage|p2b: Indeedee|62\/100\n|move|p1a: Gholdengo|Nasty Plot|p1a: Gholdengo\n|-boost|p1a: Gholdengo|spa|2\n|\n|-heal|p1b: Audino|100\/100|[from] move: Wish|[wisher] Audino\n|-heal|p2a: Slowbro|80\/100|[from] item: Leftovers\n|-heal|p1a: Gholdengo|99\/100|[from] item: Leftovers\n|upkeep\n|turn|4\n|\n|t:|1700502338\n|move|p2a: Slowbro|Shadow Ball|p1a: Gholdengo\n|-supereffective|p1a: Gholdengo\n|-damage|p1a: Gholdengo|58\/100\n|move|p1b: Audino|Wish|p1b: Audino\n|move|p2b: Indeedee|Expanding Force|p1b: Audino|[spread] p1a,p1b\n|-resisted|p1a: Gholdengo\n|-damage|p1a: Gholdengo|47\/100\n|-damage|p1b: Audino|85\/100\n|move|p1a: Gholdengo|Make It Rain|p2a: Slowbro|[spread] p2a,p2b\n|-resisted|p2a: Slowbro\n|-damage|p2a: Slowbro|33\/100\n|-damage|p2b: Indeedee|0 fnt\n|-unboost|p1a: Gholdengo|spa|1\n|faint|p2b: Indeedee\n|\n|-heal|p2a: Slowbro|39\/100|[from] item: Leftovers\n|-heal|p1a: Gholdengo|53\/100|[from] item: Leftovers\n|upkeep\n|\n|t:|1700502358\n|switch|p2b: Hatterene|Hatterene, F, shiny|82\/100\n|turn|5\n|\n|t:|1700502364\n|move|p1b: Audino|Ally Switch|p1b: Audino\n|swap|p1b: Audino|0|[from] move: Ally Switch\n|move|p2b: Hatterene|Mystical Fire|p1a: Audino\n|-damage|p1a: Audino|68\/100\n|-unboost|p1a: Audino|spa|1\n|move|p2a: Slowbro|Expanding Force|p1a: Audino|[spread] p1a,p1b\n|-crit|p1a: Audino\n|-resisted|p1b: Gholdengo\n|-damage|p1a: Audino|26\/100\n|-damage|p1b: Gholdengo|32\/100\n|move|p1b: Gholdengo|Make It Rain|p2b: Hatterene|[spread] p2a,p2b\n|-resisted|p2a: Slowbro\n|-supereffective|p2b: Hatterene\n|-damage|p2a: Slowbro|6\/100\n|-damage|p2b: Hatterene|0 fnt\n|-unboost|p1b: Gholdengo|spa|1\n|faint|p2b: Hatterene\n|\n|-heal|p1b: Gholdengo|85\/100|[from] move: Wish|[wisher] Audino\n|-heal|p2a: Slowbro|12\/100|[from] item: Leftovers\n|-heal|p1b: Gholdengo|91\/100|[from] item: Leftovers\n|-fieldend|move: Trick Room\n|upkeep\n|-message|Brrunettesfiction forfeited.\n|\n|win|El Ryuk456\n|raw|El Ryuk456's rating: 1364 &rarr; <strong>1384<\/strong><br \/>(+20 for winning)\n|raw|Brrunettesfiction's rating: 1369 &rarr; <strong>1349<\/strong><br \/>(-20 for losing)\n|l|\u2606Brrunettesfiction\n","uploadtime":1700502384,"views":3,"p1id":"elryuk456","p2id":"brrunettesfiction","formatid":"gen9nationaldexdoubles","rating":1349,"private":0,"password":""}