{"id":"gen9nationaldexdoubles-1995784616","p1":"McCraleb","p2":"fiyp","format":"[Gen 9] National Dex Doubles","log":"|j|\u2606McCraleb\n|j|\u2606fiyp\n|t:|1700602878\n|gametype|doubles\n|player|p1|McCraleb|janine|1042\n|player|p2|fiyp|drayden|1135\n|teamsize|p1|6\n|teamsize|p2|6\n|gen|9\n|tier|[Gen 9] National Dex Doubles\n|rated|\n|rule|HP Percentage Mod: HP is shown in percentages\n|rule|Endless Battle Clause: Forcing endless battles is banned\n|rule|OHKO Clause: OHKO moves are banned\n|rule|Evasion Moves Clause: Evasion moves are banned\n|rule|Evasion Abilities Clause: Evasion abilities are banned\n|rule|Species Clause: Limit one of each Pok\u00e9mon\n|rule|Gravity Sleep Clause: The combination of sleep-inducing moves with imperfect accuracy and Gravity or Gigantamax Orbeetle are banned\n|clearpoke\n|poke|p1|Arcanine, M|\n|poke|p1|Sylveon, F|\n|poke|p1|Girafarig, F|\n|poke|p1|Mandibuzz, F|\n|poke|p1|Decidueye, F|\n|poke|p1|Goodra-Hisui, M|\n|poke|p2|Grimmsnarl, M|\n|poke|p2|Hatterene, F|\n|poke|p2|Shaymin-Sky|\n|poke|p2|Chi-Yu|\n|poke|p2|Dragapult, F|\n|poke|p2|Ninetales-Alola, F|\n|teampreview\n|inactive|Battle timer is ON: inactive players will automatically lose when time's up. (requested by fiyp)\n|inactive|McCraleb also wants the timer to be on.\n|c|\u2606fiyp|hello motherfucker\n|inactive|McCraleb has 120 seconds left.\n|\n|t:|1700602917\n|start\n|switch|p1a: Mandibuzz|Mandibuzz, F, shiny|100\/100\n|switch|p1b: Decidueye|Decidueye, F, shiny|100\/100\n|switch|p2a: Shaymin|Shaymin-Sky|100\/100\n|switch|p2b: Ninetales|Ninetales-Alola, F|100\/100\n|-weather|Snow|[from] ability: Snow Warning|[of] p2b: Ninetales\n|turn|1\n|c|\u2606fiyp|shiny ugly as fac\n|inactive|McCraleb has 120 seconds left.\n|\n|t:|1700602952\n|move|p2a: Shaymin|Tailwind|p2a: Shaymin\n|-sidestart|p2: fiyp|move: Tailwind\n|move|p2b: Ninetales|Aurora Veil|p2b: Ninetales\n|-sidestart|p2: fiyp|move: Aurora Veil\n|move|p1b: Decidueye|Frenzy Plant|p2b: Ninetales\n|-damage|p2b: Ninetales|13\/100\n|-mustrecharge|p1b: Decidueye\n|move|p1a: Mandibuzz|Whirlwind|p1b: Decidueye\n|drag|p1b: Girafarig|Girafarig, F, shiny|100\/100\n|\n|-weather|Snow|[upkeep]\n|upkeep\n|turn|2\n|inactive|McCraleb has 120 seconds left.\n|\n|t:|1700602980\n|move|p2a: Shaymin|Air Slash|p1b: Girafarig\n|-damage|p1b: Girafarig|78\/100\n|move|p2b: Ninetales|Blizzard|p1b: Girafarig|[spread] p1a,p1b\n|-supereffective|p1a: Mandibuzz\n|-damage|p1a: Mandibuzz|45\/100\n|-damage|p1b: Girafarig|57\/100\n|move|p1b: Girafarig|Thunder Wave|p2b: Ninetales\n|-status|p2b: Ninetales|par\n|move|p1a: Mandibuzz|Toxic|p2a: Shaymin\n|-status|p2a: Shaymin|tox\n|\n|-weather|Snow|[upkeep]\n|-heal|p1a: Mandibuzz|51\/100|[from] item: Leftovers\n|-damage|p2a: Shaymin|94\/100 tox|[from] psn\n|upkeep\n|turn|3\n|inactive|McCraleb has 120 seconds left.\n|\n|t:|1700603009\n|move|p1a: Mandibuzz|Protect|p1a: Mandibuzz\n|-singleturn|p1a: Mandibuzz|Protect\n|move|p2a: Shaymin|Air Slash|p1b: Girafarig\n|-damage|p1b: Girafarig|34\/100\n|move|p2b: Ninetales|Misty Terrain|p2b: Ninetales\n|-fieldstart|move: Misty Terrain\n|move|p1b: Girafarig|Wish|p1b: Girafarig\n|\n|-weather|Snow|[upkeep]\n|-heal|p1a: Mandibuzz|57\/100|[from] item: Leftovers\n|-damage|p2a: Shaymin|82\/100 tox|[from] psn\n|upkeep\n|turn|4\n|\n|t:|1700603025\n|move|p1b: Girafarig|Ally Switch|p1b: Girafarig\n|swap|p1b: Girafarig|0|[from] move: Ally Switch\n|move|p2a: Shaymin|Air Slash|p1a: Girafarig\n|-damage|p1a: Girafarig|11\/100\n|move|p2b: Ninetales|Moonblast|p1a: Girafarig\n|-damage|p1a: Girafarig|0 fnt\n|faint|p1a: Girafarig\n|move|p1b: Mandibuzz|Foul Play|p2b: Ninetales\n|-resisted|p2b: Ninetales\n|-damage|p2b: Ninetales|7\/100 par\n|\n|-weather|Snow|[upkeep]\n|-heal|p1b: Mandibuzz|97\/100|[from] move: Wish|[wisher] Girafarig\n|-heal|p1b: Mandibuzz|100\/100|[from] item: Leftovers\n|-damage|p2a: Shaymin|64\/100 tox|[from] psn\n|-sideend|p2: fiyp|move: Tailwind\n|upkeep\n|inactive|McCraleb has 120 seconds left.\n|\n|t:|1700603054\n|switch|p1a: Decidueye|Decidueye, F, shiny|100\/100\n|turn|5\n|inactive|McCraleb has 120 seconds left.\n|\n|t:|1700603077\n|move|p1a: Decidueye|Sucker Punch|p2b: Ninetales\n|-resisted|p2b: Ninetales\n|-damage|p2b: Ninetales|1\/100 par\n|move|p2a: Shaymin|Air Slash|p1a: Decidueye\n|-supereffective|p1a: Decidueye\n|-damage|p1a: Decidueye|33\/100\n|move|p2b: Ninetales|Blizzard|p1b: Mandibuzz|[spread] p1a,p1b\n|-supereffective|p1a: Decidueye\n|-crit|p1a: Decidueye\n|-supereffective|p1b: Mandibuzz\n|-damage|p1a: Decidueye|0 fnt\n|-damage|p1b: Mandibuzz|46\/100\n|faint|p1a: Decidueye\n|move|p1b: Mandibuzz|Whirlwind|p1: Decidueye|[notarget]\n|-fail|p1b: Mandibuzz\n|\n|-weather|none\n|-heal|p1b: Mandibuzz|52\/100|[from] item: Leftovers\n|-damage|p2a: Shaymin|39\/100 tox|[from] psn\n|upkeep\n|\n|t:|1700603094\n|switch|p1a: Arcanine|Arcanine, M, shiny|100\/100\n|-ability|p1a: Arcanine|Intimidate|boost\n|-unboost|p2a: Shaymin|atk|1\n|-unboost|p2b: Ninetales|atk|1\n|turn|6\n|inactive|McCraleb has 120 seconds left.\n|\n|t:|1700603106\n|move|p1a: Arcanine|Extreme Speed|p2a: Shaymin\n|-damage|p2a: Shaymin|17\/100 tox\n|move|p2a: Shaymin|Tailwind|p2a: Shaymin\n|-sidestart|p2: fiyp|move: Tailwind\n|cant|p2b: Ninetales|par\n|move|p1b: Mandibuzz|Foul Play|p2b: Ninetales\n|-resisted|p2b: Ninetales\n|-damage|p2b: Ninetales|0 fnt\n|faint|p2b: Ninetales\n|\n|-heal|p1b: Mandibuzz|59\/100|[from] item: Leftovers\n|-damage|p2a: Shaymin|0 fnt|[from] psn\n|faint|p2a: Shaymin\n|upkeep\n|\n|t:|1700603123\n|switch|p2a: Chi-Yu|Chi-Yu|100\/100\n|switch|p2b: Hatterene|Hatterene, F|100\/100\n|-ability|p2a: Chi-Yu|Beads of Ruin\n|turn|7\n|\n|t:|1700603148\n|switch|p1b: Sylveon|Sylveon, F, shiny|100\/100\n|move|p2a: Chi-Yu|Protect|p2a: Chi-Yu\n|-singleturn|p2a: Chi-Yu|Protect\n|move|p1a: Arcanine|Protect|p1a: Arcanine\n|-singleturn|p1a: Arcanine|Protect\n|move|p2b: Hatterene|Misty Explosion|p1b: Sylveon|[spread] p1b\n|-activate|p2a: Chi-Yu|move: Protect\n|-activate|p1a: Arcanine|move: Protect\n|-damage|p1b: Sylveon|34\/100\n|faint|p2b: Hatterene\n|\n|-fieldend|Misty Terrain\n|upkeep\n|\n|t:|1700603160\n|switch|p2b: Grimmsnarl|Grimmsnarl, M|100\/100\n|turn|8\n|\n|t:|1700603177\n|move|p2b: Grimmsnarl|Fake Out|p1a: Arcanine\n|-damage|p1a: Arcanine|81\/100\n|move|p2a: Chi-Yu|Heat Wave|p1b: Sylveon|[spread] p1a,p1b\n|-resisted|p1a: Arcanine\n|-damage|p1a: Arcanine|42\/100\n|-damage|p1b: Sylveon|0 fnt\n|faint|p1b: Sylveon\n|-damage|p2a: Chi-Yu|91\/100|[from] item: Life Orb\n|cant|p1a: Arcanine|flinch\n|\n|-sideend|p2: fiyp|move: Aurora Veil\n|upkeep\n|\n|t:|1700603183\n|switch|p1b: Goodra|Goodra-Hisui, M, shiny|100\/100\n|turn|9\n|\n|t:|1700603200\n|move|p2b: Grimmsnarl|Thunder Wave|p1a: Arcanine\n|-status|p1a: Arcanine|par\n|move|p2a: Chi-Yu|Heat Wave|p1b: Goodra|[spread] p1a,p1b\n|-resisted|p1a: Arcanine\n|-damage|p1a: Arcanine|0 fnt\n|-damage|p1b: Goodra|65\/100\n|-status|p1b: Goodra|brn\n|faint|p1a: Arcanine\n|-damage|p2a: Chi-Yu|81\/100|[from] item: Life Orb\n|move|p1b: Goodra|Giga Impact|p2b: Grimmsnarl\n|-damage|p2b: Grimmsnarl|78\/100\n|-mustrecharge|p1b: Goodra\n|\n|-heal|p2b: Grimmsnarl|85\/100|[from] item: Leftovers\n|-damage|p1b: Goodra|59\/100 brn|[from] brn\n|-sideend|p2: fiyp|move: Tailwind\n|upkeep\n|-message|McCraleb forfeited.\n|\n|win|fiyp\n|raw|McCraleb's rating: 1042 &rarr; <strong>1030<\/strong><br \/>(-12 for losing)\n|raw|fiyp's rating: 1135 &rarr; <strong>1153<\/strong><br \/>(+18 for winning)\n","uploadtime":1700602906,"views":0,"p1id":"mccraleb","p2id":"fiyp","formatid":"gen9nationaldexdoubles","rating":1030,"private":0,"password":""}