{"id":"gen9nationaldexdoubles-1949663449","p1":"Queen Akane","p2":"MonadoBoi24","format":"[Gen 9] National Dex Doubles","log":"|j|\u2606Queen Akane\n|j|\u2606MonadoBoi24\n|t:|1695389577\n|gametype|doubles\n|player|p1|Queen Akane|may-contest|\n|player|p2|MonadoBoi24|1|\n|teamsize|p1|6\n|teamsize|p2|6\n|gen|9\n|tier|[Gen 9] National Dex Doubles\n|rule|HP Percentage Mod: HP is shown in percentages\n|rule|Endless Battle Clause: Forcing endless battles is banned\n|rule|OHKO Clause: OHKO moves are banned\n|rule|Evasion Moves Clause: Evasion moves are banned\n|rule|Evasion Abilities Clause: Evasion abilities are banned\n|rule|Species Clause: Limit one of each Pok\u00e9mon\n|rule|Gravity Sleep Clause: The combination of sleep-inducing moves with imperfect accuracy and Gravity or Gigantamax Orbeetle are banned\n|clearpoke\n|poke|p1|Empoleon, F|\n|poke|p1|Cramorant, F|\n|poke|p1|Ogerpon-Wellspring, F|\n|poke|p1|Milotic, F|\n|poke|p1|Palafin, M|\n|poke|p1|Samurott-Hisui, M|\n|poke|p2|Glimmora, F|\n|poke|p2|Toxapex, F|\n|poke|p2|Clodsire, F|\n|poke|p2|Amoonguss, M|\n|poke|p2|Venusaur, F|\n|poke|p2|Sinistcha|\n|teampreview\n|\n|t:|1695389597\n|start\n|switch|p1a: Milotic|Milotic, F|100\/100\n|switch|p1b: Palafin|Palafin, M|100\/100\n|switch|p2a: Glimmora|Glimmora, F|100\/100\n|switch|p2b: Clodsire|Clodsire, F|100\/100\n|turn|1\n|\n|t:|1695389616\n|detailschange|p1b: Palafin|Palafin-Hero, M\n|switch|p1b: Cramorant|Cramorant, F|100\/100\n|move|p2a: Glimmora|Stealth Rock|p1a: Milotic\n|-sidestart|p1: Queen Akane|move: Stealth Rock\n|move|p1a: Milotic|Coil|p1a: Milotic\n|-boost|p1a: Milotic|atk|1\n|-boost|p1a: Milotic|def|1\n|-boost|p1a: Milotic|accuracy|1\n|move|p2b: Clodsire|Curse|p2b: Clodsire\n|-unboost|p2b: Clodsire|spe|1\n|-boost|p2b: Clodsire|atk|1\n|-boost|p2b: Clodsire|def|1\n|\n|upkeep\n|turn|2\n|\n|t:|1695389638\n|move|p2a: Glimmora|Energy Ball|p1a: Milotic\n|-supereffective|p1a: Milotic\n|-damage|p1a: Milotic|60\/100\n|move|p1a: Milotic|Coil|p1a: Milotic\n|-boost|p1a: Milotic|atk|1\n|-boost|p1a: Milotic|def|1\n|-boost|p1a: Milotic|accuracy|1\n|move|p2b: Clodsire|Curse|p2b: Clodsire\n|-unboost|p2b: Clodsire|spe|1\n|-boost|p2b: Clodsire|atk|1\n|-boost|p2b: Clodsire|def|1\n|move|p1b: Cramorant|Dive||[still]\n|-formechange|p1b: Cramorant|Cramorant-Gulping|\n|-prepare|p1b: Cramorant|Dive\n|\n|-heal|p1a: Milotic|66\/100|[from] item: Leftovers\n|upkeep\n|turn|3\n|\n|t:|1695389664\n|move|p2a: Glimmora|Spikes|p1b: Cramorant\n|-sidestart|p1: Queen Akane|Spikes\n|move|p1a: Milotic|Recover|p1a: Milotic\n|-heal|p1a: Milotic|100\/100\n|move|p2b: Clodsire|Poison Jab|p1b: Cramorant|[miss]\n|-miss|p2b: Clodsire|p1b: Cramorant\n|move|p1b: Cramorant|Dive|p2a: Glimmora|[from]lockedmove\n|-supereffective|p2a: Glimmora\n|-damage|p2a: Glimmora|45\/100\n|-activate|p2a: Glimmora|ability: Toxic Debris\n|-sidestart|p1: Queen Akane|move: Toxic Spikes\n|\n|upkeep\n|turn|4\n|c|\u2606MonadoBoi24|!dt lagging tail\n|raw|<ul class=\"utilichart\"><li class=\"result\"><span class=\"col itemiconcol\"><psicon item=\"laggingtail\"><\/span> <span class=\"col namecol\"><a href=\"https:\/\/dex.pokemonshowdown.com\/items\/laggingtail\">Lagging Tail<\/a><\/span> <span class=\"col itemdesccol\">Holder moves last in its priority bracket.<\/span> <\/li><li style=\"clear:both\"><\/li><\/ul>\n|raw|<font size=\"1\"><font color=\"#686868\">Gen:<\/font> 4&nbsp;|&ThickSpace;<font color=\"#686868\">Fling Base Power:<\/font> 10<\/font>\n\n|\n|t:|1695389705\n|move|p2a: Glimmora|Power Gem|p1b: Cramorant\n|-supereffective|p1b: Cramorant\n|-damage|p1b: Cramorant|15\/100\n|-damage|p2a: Glimmora|21\/100|[from] ability: Gulp Missile|[of] p1b: Cramorant\n|-unboost|p2a: Glimmora|def|1\n|-formechange|p1b: Cramorant|Cramorant|\n|move|p1a: Milotic|Dragon Dance|p1a: Milotic\n|-boost|p1a: Milotic|atk|1\n|-boost|p1a: Milotic|spe|1\n|move|p2b: Clodsire|Poison Jab|p1a: Milotic\n|-damage|p1a: Milotic|72\/100\n|move|p1b: Cramorant|Dive||[still]\n|-formechange|p1b: Cramorant|Cramorant-Gorging|\n|-prepare|p1b: Cramorant|Dive\n|\n|-heal|p1a: Milotic|78\/100|[from] item: Leftovers\n|upkeep\n|turn|5\n|\n|t:|1695389724\n|move|p1a: Milotic|Dragon Dance|p1a: Milotic\n|-boost|p1a: Milotic|atk|1\n|-boost|p1a: Milotic|spe|1\n|move|p2a: Glimmora|Spikes|p1a: Milotic\n|-sidestart|p1: Queen Akane|Spikes\n|move|p2b: Clodsire|Poison Jab|p1a: Milotic\n|-damage|p1a: Milotic|49\/100\n|move|p1b: Cramorant|Dive|p2a: Glimmora|[from]lockedmove\n|-supereffective|p2a: Glimmora\n|-damage|p2a: Glimmora|0 fnt\n|-activate|p2a: Glimmora|ability: Toxic Debris\n|-sidestart|p1: Queen Akane|move: Toxic Spikes\n|faint|p2a: Glimmora\n|\n|-heal|p1a: Milotic|55\/100|[from] item: Leftovers\n|upkeep\n|\n|t:|1695389748\n|switch|p2a: Sinistcha|Sinistcha|100\/100\n|turn|6\n|\n|t:|1695389778\n|move|p1a: Milotic|Recover|p1a: Milotic\n|-heal|p1a: Milotic|100\/100\n|move|p2a: Sinistcha|Matcha Gotcha|p1a: Milotic|[spread] p1a,p1b\n|-supereffective|p1a: Milotic\n|-crit|p1b: Cramorant\n|-damage|p1a: Milotic|57\/100\n|-damage|p1b: Cramorant|0 fnt\n|-status|p1a: Milotic|brn\n|-damage|p2a: Sinistcha|76\/100|[from] ability: Gulp Missile|[of] p1b: Cramorant\n|-status|p2a: Sinistcha|par\n|-formechange|p1b: Cramorant|Cramorant|\n|faint|p1b: Cramorant\n|move|p2b: Clodsire|Poison Jab|p1a: Milotic\n|-damage|p1a: Milotic|35\/100 brn\n|\n|-heal|p1a: Milotic|41\/100 brn|[from] item: Leftovers\n|-damage|p1a: Milotic|35\/100 brn|[from] brn\n|upkeep\n|\n|t:|1695389799\n|switch|p1b: Samurott|Samurott-Hisui, M|100\/100\n|-damage|p1b: Samurott|88\/100|[from] Stealth Rock\n|-damage|p1b: Samurott|72\/100|[from] Spikes\n|-status|p1b: Samurott|tox\n|turn|7\n|\n|t:|1695389827\n|-terastallize|p2a: Sinistcha|Poison\n|move|p1a: Milotic|Flip Turn|p2a: Sinistcha\n|-damage|p2a: Sinistcha|56\/100 par\n|\n|t:|1695389831\n|switch|p1a: Empoleon|Empoleon, F|100\/100|[from] Flip Turn\n|-damage|p1a: Empoleon|94\/100|[from] Stealth Rock\n|-damage|p1a: Empoleon|78\/100|[from] Spikes\n|move|p1b: Samurott|Ceaseless Edge|p2a: Sinistcha\n|-damage|p2a: Sinistcha|0 fnt\n|-sidestart|p2: MonadoBoi24|Spikes\n|faint|p2a: Sinistcha\n|move|p2b: Clodsire|Poison Jab|p1a: Empoleon\n|-immune|p1a: Empoleon\n|\n|-damage|p1b: Samurott|65\/100 tox|[from] psn\n|upkeep\n|\n|t:|1695389844\n|switch|p2a: Toxapex|Toxapex, F|100\/100\n|-damage|p2a: Toxapex|88\/100|[from] Spikes\n|turn|8\n|\n|t:|1695389882\n|-terastallize|p1a: Empoleon|Steel\n|move|p1b: Samurott|Ceaseless Edge|p2b: Clodsire\n|-damage|p2b: Clodsire|62\/100\n|-sidestart|p2: MonadoBoi24|Spikes\n|move|p1a: Empoleon|Flash Cannon|p2a: Toxapex\n|-resisted|p2a: Toxapex\n|-damage|p2a: Toxapex|65\/100\n|move|p2a: Toxapex|Substitute|p2a: Toxapex\n|-start|p2a: Toxapex|Substitute\n|-damage|p2a: Toxapex|40\/100\n|move|p2b: Clodsire|Poison Jab|p1b: Samurott\n|-damage|p1b: Samurott|0 fnt\n|faint|p1b: Samurott\n|\n|-heal|p2a: Toxapex|47\/100|[from] item: Black Sludge\n|-heal|p2b: Clodsire|69\/100|[from] item: Black Sludge\n|upkeep\n|\n|t:|1695389896\n|switch|p1b: Ogerpon|Ogerpon-Wellspring, F|100\/100\n|-damage|p1b: Ogerpon|88\/100|[from] Stealth Rock\n|-damage|p1b: Ogerpon|72\/100|[from] Spikes\n|-status|p1b: Ogerpon|tox\n|turn|9\n|\n|t:|1695389915\n|move|p1b: Ogerpon|Follow Me|p1b: Ogerpon\n|-singleturn|p1b: Ogerpon|move: Follow Me\n|move|p1a: Empoleon|Air Slash|p2b: Clodsire\n|-damage|p2b: Clodsire|51\/100\n|move|p2a: Toxapex|Hex|p1b: Ogerpon\n|-damage|p1b: Ogerpon|51\/100 tox\n|cant|p2b: Clodsire|flinch\n|\n|-heal|p2a: Toxapex|53\/100|[from] item: Black Sludge\n|-heal|p2b: Clodsire|57\/100|[from] item: Black Sludge\n|-damage|p1b: Ogerpon|45\/100 tox|[from] psn\n|upkeep\n|turn|10\n|\n|t:|1695389941\n|move|p1b: Ogerpon|Follow Me|p1b: Ogerpon\n|-singleturn|p1b: Ogerpon|move: Follow Me\n|move|p1a: Empoleon|Flash Cannon|p2b: Clodsire\n|-damage|p2b: Clodsire|15\/100\n|move|p2a: Toxapex|Chilling Water|p1b: Ogerpon\n|-heal|p1b: Ogerpon|70\/100 tox|[from] ability: Water Absorb|[of] p2a: Toxapex\n|move|p2b: Clodsire|Liquidation|p1b: Ogerpon\n|-heal|p1b: Ogerpon|95\/100 tox|[from] ability: Water Absorb|[of] p2b: Clodsire\n|\n|-heal|p2a: Toxapex|59\/100|[from] item: Black Sludge\n|-heal|p2b: Clodsire|21\/100|[from] item: Black Sludge\n|-damage|p1b: Ogerpon|83\/100 tox|[from] psn\n|upkeep\n|turn|11\n|\n|t:|1695389974\n|move|p2a: Toxapex|Baneful Bunker|p2a: Toxapex\n|-singleturn|p2a: Toxapex|move: Protect\n|move|p1b: Ogerpon|Ivy Cudgel|p2a: Toxapex\n|-activate|p2a: Toxapex|move: Protect\n|move|p1a: Empoleon|Ice Beam|p2b: Clodsire\n|-supereffective|p2b: Clodsire\n|-damage|p2b: Clodsire|0 fnt\n|faint|p2b: Clodsire\n|\n|-heal|p2a: Toxapex|65\/100|[from] item: Black Sludge\n|-damage|p1b: Ogerpon|65\/100 tox|[from] psn\n|upkeep\n|\n|t:|1695389987\n|switch|p2b: Venusaur|Venusaur, F|100\/100\n|-damage|p2b: Venusaur|84\/100|[from] Spikes\n|turn|12\n|\n|t:|1695390000\n|move|p1b: Ogerpon|Ivy Cudgel|p2a: Toxapex\n|-resisted|p2a: Toxapex\n|-activate|p2a: Toxapex|move: Substitute|[damage]\n|move|p2b: Venusaur|Hidden Power|p1a: Empoleon\n|-damage|p1a: Empoleon|64\/100\n|move|p1a: Empoleon|Ice Beam|p2b: Venusaur\n|-supereffective|p2b: Venusaur\n|-damage|p2b: Venusaur|14\/100\n|move|p2a: Toxapex|Hex|p1b: Ogerpon\n|-damage|p1b: Ogerpon|44\/100 tox\n|\n|-heal|p2b: Venusaur|20\/100|[from] item: Leftovers\n|-heal|p2a: Toxapex|72\/100|[from] item: Black Sludge\n|-damage|p1b: Ogerpon|20\/100 tox|[from] psn\n|upkeep\n|turn|13\n|\n|t:|1695390021\n|move|p2a: Toxapex|Baneful Bunker|p2a: Toxapex\n|-singleturn|p2a: Toxapex|move: Protect\n|move|p1b: Ogerpon|Follow Me|p1b: Ogerpon\n|-singleturn|p1b: Ogerpon|move: Follow Me\n|move|p2b: Venusaur|Earth Power|p1b: Ogerpon\n|-resisted|p1b: Ogerpon\n|-damage|p1b: Ogerpon|2\/100 tox\n|move|p1a: Empoleon|Ice Beam|p2b: Venusaur\n|-supereffective|p2b: Venusaur\n|-damage|p2b: Venusaur|0 fnt\n|faint|p2b: Venusaur\n|\n|-heal|p2a: Toxapex|78\/100|[from] item: Black Sludge\n|-damage|p1b: Ogerpon|0 fnt|[from] psn\n|faint|p1b: Ogerpon\n|upkeep\n|\n|t:|1695390035\n|switch|p1b: Milotic|Milotic, F|35\/100 brn\n|switch|p2b: Amoonguss|Amoonguss, M|100\/100\n|-damage|p1b: Milotic|23\/100 brn|[from] Stealth Rock\n|-damage|p1b: Milotic|6\/100 brn|[from] Spikes\n|-damage|p2b: Amoonguss|84\/100|[from] Spikes\n|turn|14\n|\n|t:|1695390053\n|move|p1b: Milotic|Recover|p1b: Milotic\n|-heal|p1b: Milotic|56\/100 brn\n|move|p1a: Empoleon|Ice Beam|p2b: Amoonguss\n|-supereffective|p2b: Amoonguss\n|-damage|p2b: Amoonguss|36\/100\n|move|p2a: Toxapex|Hex|p1a: Empoleon\n|-damage|p1a: Empoleon|57\/100\n|move|p2b: Amoonguss|Spore|p1a: Empoleon\n|-status|p1a: Empoleon|slp|[from] move: Spore\n|\n|-heal|p1b: Milotic|62\/100 brn|[from] item: Leftovers\n|-heal|p2a: Toxapex|84\/100|[from] item: Black Sludge\n|-damage|p1b: Milotic|56\/100 brn|[from] brn\n|upkeep\n|turn|15\n|\n|t:|1695390075\n|move|p2a: Toxapex|Baneful Bunker|p2a: Toxapex\n|-singleturn|p2a: Toxapex|move: Protect\n|move|p1b: Milotic|Recover|p1b: Milotic\n|-heal|p1b: Milotic|100\/100 brn\n|cant|p1a: Empoleon|slp\n|move|p2b: Amoonguss|Grass Knot|p1b: Milotic\n|-supereffective|p1b: Milotic\n|-damage|p1b: Milotic|56\/100 brn\n|\n|-heal|p1b: Milotic|62\/100 brn|[from] item: Leftovers\n|-heal|p2a: Toxapex|90\/100|[from] item: Black Sludge\n|-damage|p1b: Milotic|56\/100 brn|[from] brn\n|upkeep\n|turn|16\n|\n|t:|1695390091\n|move|p1b: Milotic|Recover|p1b: Milotic\n|-heal|p1b: Milotic|100\/100 brn\n|cant|p1a: Empoleon|slp\n|move|p2a: Toxapex|Hex|p1b: Milotic\n|-damage|p1b: Milotic|89\/100 brn\n|move|p2b: Amoonguss|Grass Knot|p1b: Milotic\n|-supereffective|p1b: Milotic\n|-damage|p1b: Milotic|49\/100 brn\n|\n|-heal|p1b: Milotic|55\/100 brn|[from] item: Leftovers\n|-heal|p2a: Toxapex|97\/100|[from] item: Black Sludge\n|-damage|p1b: Milotic|49\/100 brn|[from] brn\n|upkeep\n|turn|17\n|\n|t:|1695390109\n|move|p1b: Milotic|Recover|p1b: Milotic\n|-heal|p1b: Milotic|99\/100 brn\n|-curestatus|p1a: Empoleon|slp|[msg]\n|move|p1a: Empoleon|Ice Beam|p2b: Amoonguss\n|-supereffective|p2b: Amoonguss\n|-damage|p2b: Amoonguss|0 fnt\n|faint|p2b: Amoonguss\n|move|p2a: Toxapex|Hex|p1b: Milotic\n|-damage|p1b: Milotic|87\/100 brn\n|\n|-heal|p1b: Milotic|93\/100 brn|[from] item: Leftovers\n|-heal|p2a: Toxapex|100\/100|[from] item: Black Sludge\n|-damage|p1b: Milotic|87\/100 brn|[from] brn\n|upkeep\n|turn|18\n|inactive|Battle timer is ON: inactive players will automatically lose when time's up. (requested by MonadoBoi24)\n|\n|t:|1695390139\n|move|p2a: Toxapex|Baneful Bunker|p2a: Toxapex\n|-singleturn|p2a: Toxapex|move: Protect\n|move|p1b: Milotic|Dragon Dance|p1b: Milotic\n|-boost|p1b: Milotic|atk|1\n|-boost|p1b: Milotic|spe|1\n|move|p1a: Empoleon|Air Slash|p2a: Toxapex\n|-activate|p2a: Toxapex|move: Protect\n|\n|-heal|p1b: Milotic|93\/100 brn|[from] item: Leftovers\n|-damage|p1b: Milotic|87\/100 brn|[from] brn\n|upkeep\n|turn|19\n|\n|t:|1695390153\n|move|p1b: Milotic|Dragon Dance|p1b: Milotic\n|-boost|p1b: Milotic|atk|1\n|-boost|p1b: Milotic|spe|1\n|move|p1a: Empoleon|Air Slash|p2a: Toxapex\n|-crit|p2a: Toxapex\n|-end|p2a: Toxapex|Substitute\n|move|p2a: Toxapex|Hex|p1b: Milotic\n|-crit|p1b: Milotic\n|-damage|p1b: Milotic|68\/100 brn\n|\n|-heal|p1b: Milotic|74\/100 brn|[from] item: Leftovers\n|-damage|p1b: Milotic|68\/100 brn|[from] brn\n|upkeep\n|turn|20\n|\n|t:|1695390168\n|move|p1b: Milotic|Dragon Dance|p1b: Milotic\n|-boost|p1b: Milotic|atk|1\n|-boost|p1b: Milotic|spe|1\n|move|p1a: Empoleon|Air Slash|p2a: Toxapex|[miss]\n|-miss|p1a: Empoleon|p2a: Toxapex\n|move|p2a: Toxapex|Substitute|p2a: Toxapex\n|-start|p2a: Toxapex|Substitute\n|-damage|p2a: Toxapex|75\/100\n|\n|-heal|p1b: Milotic|74\/100 brn|[from] item: Leftovers\n|-heal|p2a: Toxapex|82\/100|[from] item: Black Sludge\n|-damage|p1b: Milotic|68\/100 brn|[from] brn\n|upkeep\n|turn|21\n|\n|t:|1695390186\n|move|p1b: Milotic|Dragon Dance|p1b: Milotic\n|-boost|p1b: Milotic|atk|1\n|-boost|p1b: Milotic|spe|1\n|move|p1a: Empoleon|Air Slash|p2a: Toxapex\n|-crit|p2a: Toxapex\n|-end|p2a: Toxapex|Substitute\n|move|p2a: Toxapex|Hex|p1b: Milotic\n|-damage|p1b: Milotic|55\/100 brn\n|\n|-heal|p1b: Milotic|61\/100 brn|[from] item: Leftovers\n|-heal|p2a: Toxapex|88\/100|[from] item: Black Sludge\n|-damage|p1b: Milotic|55\/100 brn|[from] brn\n|upkeep\n|turn|22\n|\n|t:|1695390199\n|move|p1b: Milotic|Recover|p1b: Milotic\n|-heal|p1b: Milotic|100\/100 brn\n|move|p1a: Empoleon|Air Slash|p2a: Toxapex\n|-damage|p2a: Toxapex|68\/100\n|cant|p2a: Toxapex|flinch\n|\n|-heal|p2a: Toxapex|74\/100|[from] item: Black Sludge\n|-damage|p1b: Milotic|94\/100 brn|[from] brn\n|upkeep\n|turn|23\n|\n|t:|1695390220\n|move|p1b: Milotic|Dragon Dance|p1b: Milotic\n|-boost|p1b: Milotic|atk|1\n|-boost|p1b: Milotic|spe|1\n|move|p1a: Empoleon|Air Slash|p2a: Toxapex|[miss]\n|-miss|p1a: Empoleon|p2a: Toxapex\n|move|p2a: Toxapex|Substitute|p2a: Toxapex\n|-start|p2a: Toxapex|Substitute\n|-damage|p2a: Toxapex|49\/100\n|\n|-heal|p1b: Milotic|100\/100 brn|[from] item: Leftovers\n|-heal|p2a: Toxapex|55\/100|[from] item: Black Sludge\n|-damage|p1b: Milotic|94\/100 brn|[from] brn\n|upkeep\n|turn|24\n|\n|t:|1695390236\n|move|p1b: Milotic|Dragon Dance|p1b: Milotic\n|-boost|p1b: Milotic|atk|1\n|-boost|p1b: Milotic|spe|1\n|move|p1a: Empoleon|Air Slash|p2a: Toxapex\n|-activate|p2a: Toxapex|move: Substitute|[damage]\n|move|p2a: Toxapex|Chilling Water|p1b: Milotic\n|-resisted|p1b: Milotic\n|-damage|p1b: Milotic|91\/100 brn\n|-unboost|p1b: Milotic|atk|1\n|\n|-heal|p1b: Milotic|97\/100 brn|[from] item: Leftovers\n|-heal|p2a: Toxapex|62\/100|[from] item: Black Sludge\n|-damage|p1b: Milotic|91\/100 brn|[from] brn\n|upkeep\n|turn|25\n|\n|t:|1695390253\n|move|p1b: Milotic|Coil|p1b: Milotic\n|-boost|p1b: Milotic|atk|1\n|-boost|p1b: Milotic|def|1\n|-boost|p1b: Milotic|accuracy|1\n|move|p1a: Empoleon|Air Slash|p2a: Toxapex\n|-end|p2a: Toxapex|Substitute\n|move|p2a: Toxapex|Hex|p1a: Empoleon\n|-damage|p1a: Empoleon|50\/100\n|\n|-heal|p1b: Milotic|97\/100 brn|[from] item: Leftovers\n|-heal|p2a: Toxapex|68\/100|[from] item: Black Sludge\n|-damage|p1b: Milotic|91\/100 brn|[from] brn\n|upkeep\n|turn|26\n|\n|t:|1695390270\n|move|p1b: Milotic|Coil|p1b: Milotic\n|-boost|p1b: Milotic|atk|0\n|-boost|p1b: Milotic|def|1\n|-boost|p1b: Milotic|accuracy|1\n|move|p1a: Empoleon|Air Slash|p2a: Toxapex\n|-damage|p2a: Toxapex|49\/100\n|move|p2a: Toxapex|Substitute|p2a: Toxapex\n|-start|p2a: Toxapex|Substitute\n|-damage|p2a: Toxapex|24\/100\n|\n|-heal|p1b: Milotic|97\/100 brn|[from] item: Leftovers\n|-heal|p2a: Toxapex|30\/100|[from] item: Black Sludge\n|-damage|p1b: Milotic|91\/100 brn|[from] brn\n|upkeep\n|turn|27\n|\n|t:|1695390285\n|move|p2a: Toxapex|Baneful Bunker|p2a: Toxapex\n|-singleturn|p2a: Toxapex|move: Protect\n|move|p1b: Milotic|Coil|p1b: Milotic\n|-boost|p1b: Milotic|atk|0\n|-boost|p1b: Milotic|def|1\n|-boost|p1b: Milotic|accuracy|1\n|move|p1a: Empoleon|Air Slash|p2a: Toxapex\n|-activate|p2a: Toxapex|move: Protect\n|\n|-heal|p1b: Milotic|97\/100 brn|[from] item: Leftovers\n|-heal|p2a: Toxapex|37\/100|[from] item: Black Sludge\n|-damage|p1b: Milotic|91\/100 brn|[from] brn\n|upkeep\n|turn|28\n|\n|t:|1695390306\n|move|p1b: Milotic|Coil|p1b: Milotic\n|-boost|p1b: Milotic|atk|0\n|-boost|p1b: Milotic|def|1\n|-boost|p1b: Milotic|accuracy|1\n|move|p1a: Empoleon|Air Slash|p2a: Toxapex\n|-activate|p2a: Toxapex|move: Substitute|[damage]\n|move|p2a: Toxapex|Hex|p1a: Empoleon\n|-damage|p1a: Empoleon|43\/100\n|\n|-heal|p1b: Milotic|97\/100 brn|[from] item: Leftovers\n|-heal|p2a: Toxapex|43\/100|[from] item: Black Sludge\n|-damage|p1b: Milotic|91\/100 brn|[from] brn\n|upkeep\n|turn|29\n|\n|t:|1695390320\n|move|p2a: Toxapex|Baneful Bunker|p2a: Toxapex\n|-singleturn|p2a: Toxapex|move: Protect\n|move|p1b: Milotic|Coil|p1b: Milotic\n|-boost|p1b: Milotic|atk|0\n|-boost|p1b: Milotic|def|1\n|-boost|p1b: Milotic|accuracy|1\n|move|p1a: Empoleon|Air Slash|p2a: Toxapex\n|-activate|p2a: Toxapex|move: Protect\n|\n|-heal|p1b: Milotic|97\/100 brn|[from] item: Leftovers\n|-heal|p2a: Toxapex|49\/100|[from] item: Black Sludge\n|-damage|p1b: Milotic|91\/100 brn|[from] brn\n|upkeep\n|turn|30\n|\n|t:|1695390337\n|move|p1b: Milotic|Coil|p1b: Milotic\n|-boost|p1b: Milotic|atk|0\n|-boost|p1b: Milotic|def|1\n|-boost|p1b: Milotic|accuracy|1\n|move|p1a: Empoleon|Air Slash|p2a: Toxapex\n|-end|p2a: Toxapex|Substitute\n|move|p2a: Toxapex|Hex|p1a: Empoleon\n|-damage|p1a: Empoleon|36\/100\n|\n|-heal|p1b: Milotic|97\/100 brn|[from] item: Leftovers\n|-heal|p2a: Toxapex|55\/100|[from] item: Black Sludge\n|-damage|p1b: Milotic|91\/100 brn|[from] brn\n|upkeep\n|turn|31\n|\n|t:|1695390350\n|move|p1b: Milotic|Flip Turn|p2a: Toxapex\n|-resisted|p2a: Toxapex\n|-damage|p2a: Toxapex|46\/100\n|\n|t:|1695390354\n|switch|p1b: Palafin|Palafin-Hero, M|100\/100|[from] Flip Turn\n|-damage|p1b: Palafin|88\/100|[from] Stealth Rock\n|-damage|p1b: Palafin|72\/100|[from] Spikes\n|-status|p1b: Palafin|tox\n|-activate|p1b: Palafin|ability: Zero to Hero\n|move|p1a: Empoleon|Air Slash|p2a: Toxapex\n|-damage|p2a: Toxapex|27\/100\n|move|p2a: Toxapex|Substitute|p2a: Toxapex\n|-start|p2a: Toxapex|Substitute\n|-damage|p2a: Toxapex|2\/100\n|\n|-heal|p2a: Toxapex|8\/100|[from] item: Black Sludge\n|-damage|p1b: Palafin|65\/100 tox|[from] psn\n|upkeep\n|turn|32\n|\n|t:|1695390373\n|move|p2a: Toxapex|Baneful Bunker|p2a: Toxapex\n|-singleturn|p2a: Toxapex|move: Protect\n|move|p1b: Palafin|Body Slam|p2a: Toxapex\n|-activate|p2a: Toxapex|move: Protect\n|move|p1a: Empoleon|Air Slash|p2a: Toxapex\n|-activate|p2a: Toxapex|move: Protect\n|\n|-heal|p2a: Toxapex|15\/100|[from] item: Black Sludge\n|-damage|p1b: Palafin|53\/100 tox|[from] psn\n|upkeep\n|turn|33\n|\n|t:|1695390387\n|move|p1b: Palafin|Body Slam|p2a: Toxapex\n|-activate|p2a: Toxapex|move: Substitute|[damage]\n|move|p1a: Empoleon|Air Slash|p2a: Toxapex\n|-end|p2a: Toxapex|Substitute\n|move|p2a: Toxapex|Hex|p1b: Palafin\n|-damage|p1b: Palafin|34\/100 tox\n|\n|-heal|p2a: Toxapex|21\/100|[from] item: Black Sludge\n|-damage|p1b: Palafin|15\/100 tox|[from] psn\n|upkeep\n|turn|34\n|\n|t:|1695390400\n|move|p2a: Toxapex|Baneful Bunker|p2a: Toxapex\n|-singleturn|p2a: Toxapex|move: Protect\n|move|p1b: Palafin|Body Slam|p2a: Toxapex\n|-activate|p2a: Toxapex|move: Protect\n|move|p1a: Empoleon|Air Slash|p2a: Toxapex\n|-activate|p2a: Toxapex|move: Protect\n|\n|-heal|p2a: Toxapex|27\/100|[from] item: Black Sludge\n|-damage|p1b: Palafin|0 fnt|[from] psn\n|faint|p1b: Palafin\n|upkeep\n|\n|t:|1695390409\n|switch|p1b: Milotic|Milotic, F|91\/100 brn\n|-damage|p1b: Milotic|79\/100 brn|[from] Stealth Rock\n|-damage|p1b: Milotic|62\/100 brn|[from] Spikes\n|turn|35\n|\n|t:|1695390425\n|move|p2a: Toxapex|Baneful Bunker||[still]\n|-fail|p2a: Toxapex\n|move|p1b: Milotic|Flip Turn|p2a: Toxapex\n|-resisted|p2a: Toxapex\n|-damage|p2a: Toxapex|25\/100\n|move|p1a: Empoleon|Air Slash|p2a: Toxapex\n|-damage|p2a: Toxapex|6\/100\n|\n|-heal|p1b: Milotic|68\/100 brn|[from] item: Leftovers\n|-heal|p2a: Toxapex|13\/100|[from] item: Black Sludge\n|-damage|p1b: Milotic|62\/100 brn|[from] brn\n|upkeep\n|turn|36\n|\n|t:|1695390438\n|move|p1b: Milotic|Flip Turn|p2a: Toxapex\n|-resisted|p2a: Toxapex\n|-damage|p2a: Toxapex|10\/100\n|move|p1a: Empoleon|Air Slash|p2a: Toxapex\n|-damage|p2a: Toxapex|0 fnt\n|faint|p2a: Toxapex\n|\n|win|Queen Akane\n","uploadtime":1695390448,"views":6,"p1id":"queenakane","p2id":"monadoboi24","formatid":"gen9nationaldexdoubles","rating":0,"private":0,"password":""}