{"id":"gen9nationaldexdoubles-1953025422","p1":"Theadonia","p2":"Wicklette","format":"[Gen 9] National Dex Doubles","log":"|j|\u2606Theadonia\n|j|\u2606Wicklette\n|t:|1695748452\n|gametype|doubles\n|player|p1|Theadonia|caitlin|1130\n|player|p2|Wicklette|aromalady|1050\n|teamsize|p1|6\n|teamsize|p2|6\n|gen|9\n|tier|[Gen 9] National Dex Doubles\n|rated|\n|rule|HP Percentage Mod: HP is shown in percentages\n|rule|Endless Battle Clause: Forcing endless battles is banned\n|rule|OHKO Clause: OHKO moves are banned\n|rule|Evasion Moves Clause: Evasion moves are banned\n|rule|Evasion Abilities Clause: Evasion abilities are banned\n|rule|Species Clause: Limit one of each Pok\u00e9mon\n|rule|Gravity Sleep Clause: The combination of sleep-inducing moves with imperfect accuracy and Gravity or Gigantamax Orbeetle are banned\n|clearpoke\n|poke|p1|Delphox, M|\n|poke|p1|Oricorio-Sensu, F|\n|poke|p1|Kommo-o, F|\n|poke|p1|Smeargle, F|\n|poke|p1|Comfey, F|\n|poke|p1|Manaphy|\n|poke|p2|Shuckle, M|\n|poke|p2|Snorlax, M|\n|poke|p2|Florges, F|\n|poke|p2|Meowscarada, F|\n|poke|p2|Hatterene, F|\n|poke|p2|Clefairy, F|\n|teampreview\n|\n|t:|1695748460\n|start\n|switch|p1a: Delphox|Delphox, M|100\/100\n|switch|p1b: Oricorio|Oricorio-Sensu, F|100\/100\n|switch|p2a: The Shuckster|Shuckle, M|100\/100\n|switch|p2b: The Witch|Hatterene, F|100\/100\n|turn|1\n|\n|t:|1695748477\n|move|p1a: Delphox|Role Play|p1b: Oricorio\n|-endability|p1a: Delphox|Magician|[from] move: Role Play\n|-ability|p1a: Delphox|Dancer|[from] move: Role Play|[of] p1b: Oricorio\n|move|p1b: Oricorio|Revelation Dance|p2b: The Witch\n|-supereffective|p2b: The Witch\n|-damage|p2b: The Witch|34\/100\n|-activate|p1a: Delphox|ability: Dancer\n|move|p1a: Delphox|Revelation Dance|p2b: The Witch|[from]ability: Dancer\n|-damage|p2b: The Witch|0 fnt\n|faint|p2b: The Witch\n|move|p2a: The Shuckster|Gastro Acid|p1b: Oricorio\n|-endability|p1b: Oricorio\n|\n|upkeep\n|\n|t:|1695748494\n|switch|p2b: The Fairy|Clefairy, F|100\/100\n|turn|2\n|\n|t:|1695748504\n|move|p2b: The Fairy|Follow Me|p2b: The Fairy\n|-singleturn|p2b: The Fairy|move: Follow Me\n|move|p1a: Delphox|Heat Wave|p2b: The Fairy|[spread] p2a\n|-miss|p1a: Delphox|p2b: The Fairy\n|-enditem|p1a: Delphox|Blunder Policy\n|-boost|p1a: Delphox|spe|2\n|-damage|p2a: The Shuckster|80\/100\n|move|p1b: Oricorio|Quiver Dance|p1b: Oricorio\n|-boost|p1b: Oricorio|spa|1\n|-boost|p1b: Oricorio|spd|1\n|-boost|p1b: Oricorio|spe|1\n|-activate|p1a: Delphox|ability: Dancer\n|move|p1a: Delphox|Quiver Dance|p1a: Delphox|[from]ability: Dancer\n|-boost|p1a: Delphox|spa|1\n|-boost|p1a: Delphox|spd|1\n|-boost|p1a: Delphox|spe|1\n|move|p2a: The Shuckster|Gastro Acid|p1a: Delphox\n|-endability|p1a: Delphox\n|\n|upkeep\n|turn|3\n|\n|t:|1695748530\n|switch|p2b: The Punching Bag|Snorlax, M|100\/100\n|move|p1a: Delphox|Role Play||[still]\n|-fail|p1a: Delphox\n|move|p1b: Oricorio|Quiver Dance|p1b: Oricorio\n|-boost|p1b: Oricorio|spa|1\n|-boost|p1b: Oricorio|spd|1\n|-boost|p1b: Oricorio|spe|1\n|move|p2a: The Shuckster|Guard Split|p2b: The Punching Bag\n|-activate|p2a: The Shuckster|move: Guard Split|[of] p2b: The Punching Bag\n|\n|upkeep\n|turn|4\n|\n|t:|1695748551\n|switch|p1b: Smeargle|Smeargle, F|100\/100\n|move|p1a: Delphox|Stored Power|p2a: The Shuckster\n|-damage|p2a: The Shuckster|0 fnt\n|faint|p2a: The Shuckster\n|move|p2b: The Punching Bag|Amnesia|p2b: The Punching Bag\n|-boost|p2b: The Punching Bag|spd|2\n|\n|upkeep\n|\n|t:|1695748564\n|switch|p2a: The Fairy|Clefairy, F|100\/100\n|turn|5\n|\n|t:|1695748570\n|move|p1a: Delphox|Snatch|p1a: Delphox\n|-singleturn|p1a: Delphox|Snatch\n|move|p2a: The Fairy|Follow Me|p2a: The Fairy\n|-singleturn|p2a: The Fairy|move: Follow Me\n|move|p1b: Smeargle|Clangorous Soul|p1b: Smeargle\n|-activate|p1a: Delphox|move: Snatch|[of] p1b: Smeargle\n|move|p1a: Delphox|Clangorous Soul|p1a: Delphox|[from]Snatch\n|-boost|p1a: Delphox|atk|1\n|-boost|p1a: Delphox|def|1\n|-boost|p1a: Delphox|spa|1\n|-boost|p1a: Delphox|spd|1\n|-boost|p1a: Delphox|spe|1\n|-damage|p1a: Delphox|68\/100\n|move|p2b: The Punching Bag|Amnesia|p2b: The Punching Bag\n|-boost|p2b: The Punching Bag|spd|2\n|\n|upkeep\n|turn|6\n|\n|t:|1695748592\n|switch|p1b: Comfey|Comfey, F|100\/100\n|move|p2a: The Fairy|Follow Me|p2a: The Fairy\n|-singleturn|p2a: The Fairy|move: Follow Me\n|move|p1a: Delphox|Stored Power|p2a: The Fairy\n|-damage|p2a: The Fairy|0 fnt\n|faint|p2a: The Fairy\n|move|p2b: The Punching Bag|Rollout|p1a: Delphox\n|-supereffective|p1a: Delphox\n|-damage|p1a: Delphox|51\/100\n|\n|upkeep\n|\n|t:|1695748603\n|switch|p2a: The Trickster|Meowscarada, F|100\/100\n|turn|7\n|\n|t:|1695748609\n|move|p1b: Comfey|Floral Healing|p1a: Delphox\n|-heal|p1a: Delphox|100\/100\n|move|p2a: The Trickster|Sucker Punch|p1a: Delphox\n|-supereffective|p1a: Delphox\n|-damage|p1a: Delphox|24\/100\n|move|p1a: Delphox|Heat Wave|p2a: The Trickster|[spread] p2a,p2b\n|-supereffective|p2a: The Trickster\n|-enditem|p2a: The Trickster|Focus Sash\n|-damage|p2a: The Trickster|1\/100\n|-damage|p2b: The Punching Bag|96\/100\n|move|p2b: The Punching Bag|Rollout|p1a: Delphox|[from]lockedmove|[miss]\n|-miss|p2b: The Punching Bag|p1a: Delphox\n|\n|upkeep\n|turn|8\n|\n|t:|1695748638\n|move|p1a: Delphox|Snatch|p1a: Delphox\n|-singleturn|p1a: Delphox|Snatch\n|move|p1b: Comfey|Floral Healing|p1a: Delphox\n|-heal|p1a: Delphox|74\/100\n|move|p2a: The Trickster|Leech Seed|p1a: Delphox\n|-start|p1a: Delphox|move: Leech Seed\n|move|p2b: The Punching Bag|Curse|p2b: The Punching Bag\n|-unboost|p2b: The Punching Bag|spe|1\n|-boost|p2b: The Punching Bag|atk|1\n|-boost|p2b: The Punching Bag|def|1\n|\n|-damage|p1a: Delphox|62\/100|[from] Leech Seed|[of] p2a: The Trickster\n|-heal|p2a: The Trickster|13\/100|[silent]\n|upkeep\n|turn|9\n|\n|t:|1695748656\n|move|p1b: Comfey|Draining Kiss|p2a: The Trickster\n|-supereffective|p2a: The Trickster\n|-damage|p2a: The Trickster|0 fnt\n|faint|p2a: The Trickster\n|move|p1a: Delphox|Stored Power|p2b: The Punching Bag\n|-damage|p2b: The Punching Bag|69\/100\n|move|p2b: The Punching Bag|Curse|p2b: The Punching Bag\n|-unboost|p2b: The Punching Bag|spe|1\n|-boost|p2b: The Punching Bag|atk|1\n|-boost|p2b: The Punching Bag|def|1\n|\n|upkeep\n|\n|t:|1695748667\n|switch|p2a: The Bouquet|Florges, F|100\/100\n|turn|10\n|\n|t:|1695748674\n|move|p1b: Comfey|Floral Healing|p1a: Delphox\n|-heal|p1a: Delphox|100\/100\n|move|p1a: Delphox|Stored Power|p2a: The Bouquet\n|-damage|p2a: The Bouquet|0 fnt\n|faint|p2a: The Bouquet\n|move|p2b: The Punching Bag|Rollout|p1a: Delphox\n|-supereffective|p1a: Delphox\n|-damage|p1a: Delphox|70\/100\n|\n|upkeep\n|turn|11\n|\n|t:|1695748688\n|move|p1b: Comfey|Floral Healing|p1a: Delphox\n|-heal|p1a: Delphox|100\/100\n|move|p1a: Delphox|Stored Power|p2b: The Punching Bag\n|-damage|p2b: The Punching Bag|40\/100\n|move|p2b: The Punching Bag|Rollout|p1a: Delphox|[from]lockedmove\n|-supereffective|p1a: Delphox\n|-damage|p1a: Delphox|44\/100\n|\n|upkeep\n|turn|12\n|-message|Wicklette forfeited.\n|\n|win|Theadonia\n|raw|Theadonia's rating: 1130 &rarr; <strong>1149<\/strong><br \/>(+19 for winning)\n|raw|Wicklette's rating: 1050 &rarr; <strong>1036<\/strong><br \/>(-14 for losing)\n|l|\u2606Wicklette\n","uploadtime":1695748700,"views":9,"p1id":"theadonia","p2id":"wicklette","formatid":"gen9nationaldexdoubles","rating":1036,"private":0,"password":""}