{"id":"gen9nationaldexdoubles-1974506878","p1":"Jack the Ripper21","p2":"scootDDuck","format":"[Gen 9] National Dex Doubles","log":"|j|\u2606Jack the Ripper21\n|j|\u2606scootDDuck\n|t:|1698092707\n|gametype|doubles\n|player|p1|Jack the Ripper21|gentleman-gen4dp|\n|player|p2|scootDDuck|falkner|\n|teamsize|p1|6\n|teamsize|p2|6\n|gen|9\n|tier|[Gen 9] National Dex Doubles\n|rule|HP Percentage Mod: HP is shown in percentages\n|rule|Endless Battle Clause: Forcing endless battles is banned\n|rule|OHKO Clause: OHKO moves are banned\n|rule|Evasion Moves Clause: Evasion moves are banned\n|rule|Evasion Abilities Clause: Evasion abilities are banned\n|rule|Species Clause: Limit one of each Pok\u00e9mon\n|rule|Gravity Sleep Clause: The combination of sleep-inducing moves with imperfect accuracy and Gravity or Gigantamax Orbeetle are banned\n|clearpoke\n|poke|p1|Venusaur, M|\n|poke|p1|Toxapex, M|\n|poke|p1|Iron Moth|\n|poke|p1|Crobat, M|\n|poke|p1|Nihilego|\n|poke|p1|Nidoking, M|\n|poke|p2|Hippowdon, F|\n|poke|p2|Minior|\n|poke|p2|Excadrill, M|\n|poke|p2|Garchomp, M|\n|poke|p2|Nidoking, M|\n|poke|p2|Gastrodon, F|\n|teampreview\n|j| Chaoss150\n|\n|t:|1698092719\n|start\n|switch|p1a: hello|Venusaur, M|100\/100\n|switch|p1b: side|Nidoking, M|100\/100\n|switch|p2a: Whitebeard|Hippowdon, F|100\/100\n|switch|p2b: Zoro|Excadrill, M|100\/100\n|-weather|Sandstorm|[from] ability: Sand Stream|[of] p2a: Whitebeard\n|turn|1\n|\n|t:|1698092734\n|switch|p2a: Sabo|Minior, shiny|100\/100\n|-formechange|p2a: Sabo|Minior-Meteor||[from] ability: Shields Down\n|detailschange|p1a: hello|Venusaur-Mega, M\n|-mega|p1a: hello|Venusaur|Venusaurite\n|move|p2b: Zoro|Earthquake|p1b: side|[spread] p1a,p1b\n|-immune|p2a: Sabo\n|-supereffective|p1b: side\n|-damage|p1a: hello|60\/100\n|-damage|p1b: side|0 fnt\n|faint|p1b: side\n|move|p1a: hello|Leech Seed|p2b: Zoro\n|-start|p2b: Zoro|move: Leech Seed\n|\n|-weather|Sandstorm|[upkeep]\n|-damage|p1a: hello|54\/100|[from] Sandstorm\n|-damage|p2b: Zoro|88\/100|[from] Leech Seed|[of] p1a: hello\n|-heal|p1a: hello|66\/100|[silent]\n|upkeep\n|\n|t:|1698092755\n|switch|p1b: other|Nihilego|100\/100\n|turn|2\n|\n|t:|1698092777\n|switch|p1b: the|Crobat, M|100\/100\n|move|p2b: Zoro|Earthquake|p1a: hello|[spread] p1a\n|-immune|p2a: Sabo\n|-immune|p1b: the\n|-damage|p1a: hello|27\/100\n|move|p2a: Sabo|Shell Smash|p2a: Sabo\n|-unboost|p2a: Sabo|def|1\n|-unboost|p2a: Sabo|spd|1\n|-boost|p2a: Sabo|atk|2\n|-boost|p2a: Sabo|spa|2\n|-boost|p2a: Sabo|spe|2\n|move|p1a: hello|Giga Drain|p2a: Sabo\n|-damage|p2a: Sabo|59\/100\n|-heal|p1a: hello|42\/100|[from] drain|[of] p2a: Sabo\n|\n|-weather|Sandstorm|[upkeep]\n|-damage|p1b: the|94\/100|[from] Sandstorm\n|-damage|p1a: hello|36\/100|[from] Sandstorm\n|-damage|p2b: Zoro|76\/100|[from] Leech Seed|[of] p1a: hello\n|-heal|p1a: hello|48\/100|[silent]\n|upkeep\n|turn|3\n|\n|t:|1698092800\n|switch|p1b: tanky|Toxapex, M|100\/100\n|move|p2b: Zoro|Earthquake|p1b: tanky|[spread] p1a,p1b\n|-immune|p2a: Sabo\n|-supereffective|p1b: tanky\n|-damage|p1a: hello|7\/100\n|-damage|p1b: tanky|13\/100\n|move|p2a: Sabo|Rock Slide|p1b: tanky|[spread] p1b\n|-miss|p2a: Sabo|p1a: hello\n|-damage|p1b: tanky|0 fnt\n|faint|p1b: tanky\n|move|p1a: hello|Synthesis|p1a: hello\n|-heal|p1a: hello|32\/100\n|\n|-weather|Sandstorm|[upkeep]\n|-damage|p1a: hello|26\/100|[from] Sandstorm\n|-damage|p2b: Zoro|63\/100|[from] Leech Seed|[of] p1a: hello\n|-heal|p1a: hello|38\/100|[silent]\n|upkeep\n|c|\u2606scootDDuck|Sabo is such a twat\n|c|\u2606Jack the Ripper21|yeah i misclicked and im fucked\n|\n|t:|1698092826\n|switch|p1b: the|Crobat, M|94\/100\n|turn|4\n|\n|t:|1698092835\n|move|p2b: Zoro|Earthquake|p1a: hello|[spread] p1a\n|-immune|p2a: Sabo\n|-immune|p1b: the\n|-damage|p1a: hello|0 fnt\n|faint|p1a: hello\n|move|p2a: Sabo|Rock Slide|p1b: the\n|-supereffective|p1b: the\n|-damage|p1b: the|0 fnt\n|faint|p1b: the\n|\n|-weather|Sandstorm|[upkeep]\n|upkeep\n|c|\u2606Jack the Ripper21|man misclick can fuck you\n|\n|t:|1698092853\n|switch|p1b: other|Nihilego|100\/100\n|switch|p1a: Its a moth|Iron Moth|100\/100\n|-enditem|p1a: Its a moth|Booster Energy\n|-activate|p1a: Its a moth|ability: Quark Drive|[fromitem]\n|-start|p1a: Its a moth|quarkdrivespa\n|turn|5\n|c|\u2606Jack the Ripper21|yeah ground is not fun for me\n|\n|t:|1698092874\n|-terastallize|p1b: other|Rock\n|move|p2b: Zoro|Earthquake|p1b: other|[spread] p1a,p1b\n|-immune|p2a: Sabo\n|-supereffective|p1a: Its a moth\n|-supereffective|p1b: other\n|-damage|p1a: Its a moth|0 fnt\n|-damage|p1b: other|0 fnt\n|faint|p1a: Its a moth\n|-end|p1a: Its a moth|Quark Drive|[silent]\n|faint|p1b: other\n|\n|win|scootDDuck\n|c|\u2606scootDDuck|This was alot more one sided\n|c|\u2606Jack the Ripper21|yeah\n|c|\u2606scootDDuck|GG\n|c|\u2606Jack the Ripper21|misclick fuck you up\n|l| Chaoss150\n","uploadtime":1698092890,"views":8,"p1id":"jacktheripper21","p2id":"scootdduck","formatid":"gen9nationaldexdoubles","rating":0,"private":0,"password":""}