{"id":"gen9nationaldexdoubles-1956473869","p1":"LezaXYZ","p2":"monolugar","format":"[Gen 9] National Dex Doubles","log":"|j|\u2606LezaXYZ\n|j|\u2606monolugar\n|t:|1696111427\n|gametype|doubles\n|player|p1|LezaXYZ|calem-masters|\n|player|p2|monolugar|1|\n|teamsize|p1|6\n|teamsize|p2|6\n|gen|9\n|tier|[Gen 9] National Dex Doubles\n|rule|HP Percentage Mod: HP is shown in percentages\n|rule|Endless Battle Clause: Forcing endless battles is banned\n|rule|OHKO Clause: OHKO moves are banned\n|rule|Evasion Moves Clause: Evasion moves are banned\n|rule|Evasion Abilities Clause: Evasion abilities are banned\n|rule|Species Clause: Limit one of each Pok\u00e9mon\n|rule|Gravity Sleep Clause: The combination of sleep-inducing moves with imperfect accuracy and Gravity or Gigantamax Orbeetle are banned\n|clearpoke\n|poke|p1|Flutter Mane|\n|poke|p1|Chi-Yu|\n|poke|p1|Landorus-Therian, M|\n|poke|p1|Urshifu-*, M|\n|poke|p1|Iron Hands|\n|poke|p1|Amoonguss, M|\n|poke|p2|Hatterene, F|\n|poke|p2|Ursaluna, F|\n|poke|p2|Cresselia, F|\n|poke|p2|Vikavolt, M|\n|poke|p2|Ampharos, M|\n|poke|p2|Stakataka|\n|teampreview\n|j| Lexxuus2\n|j| LazyDiancie\n|j| MiniNargacuga\n|j| ErHecks\n|\n|t:|1696111501\n|start\n|switch|p1a: Chi-Yu|Chi-Yu|100\/100\n|switch|p1b: Iron Hands|Iron Hands|100\/100\n|switch|p2a: osito cari\u00f1osito|Ursaluna, F|100\/100\n|switch|p2b: Cresselia|Cresselia, F|100\/100\n|-ability|p1a: Chi-Yu|Beads of Ruin\n|turn|1\n|\n|t:|1696111522\n|move|p1a: Chi-Yu|Dark Pulse|p2b: Cresselia\n|-supereffective|p2b: Cresselia\n|-damage|p2b: Cresselia|21\/100\n|move|p1b: Iron Hands|Drain Punch|p2a: osito cari\u00f1osito\n|-supereffective|p2a: osito cari\u00f1osito\n|-damage|p2a: osito cari\u00f1osito|35\/100\n|move|p2a: osito cari\u00f1osito|Headlong Rush|p1a: Chi-Yu\n|-supereffective|p1a: Chi-Yu\n|-damage|p1a: Chi-Yu|0 fnt\n|-unboost|p2a: osito cari\u00f1osito|def|1\n|-unboost|p2a: osito cari\u00f1osito|spd|1\n|faint|p1a: Chi-Yu\n|cant|p2b: Cresselia|flinch\n|\n|-status|p2a: osito cari\u00f1osito|brn|[from] item: Flame Orb\n|upkeep\n|\n|t:|1696111537\n|switch|p1a: Urshifu|Urshifu-Rapid-Strike, M|100\/100\n|turn|2\n|c| ErHecks|y flinchea\n|c| LazyDiancie|fake out quien lo necesita\n|c| LazyDiancie|cuando tienes dark pulse\n|\n|t:|1696111562\n|switch|p2a: Ampharos|Ampharos, M|100\/100\n|move|p1a: Urshifu|Surging Strikes|p2b: Cresselia\n|-crit|p2b: Cresselia\n|-damage|p2b: Cresselia|8\/100\n|-crit|p2b: Cresselia\n|-damage|p2b: Cresselia|0 fnt\n|faint|p2b: Cresselia\n|-hitcount|p2: Cresselia|2\n|move|p1b: Iron Hands|Drain Punch|p2a: Ampharos\n|-damage|p2a: Ampharos|58\/100\n|\n|upkeep\n|j| 445-Garchomp\n|c|\u2606LezaXYZ|La verdad debi pegar snarl xd\n|c| ErHecks|100% flinch cuando mas deseas que no te haga flinch\n|\n|t:|1696111574\n|switch|p2b: Stakataka|Stakataka, shiny|100\/100\n|turn|3\n|\n|t:|1696111613\n|detailschange|p2a: Ampharos|Ampharos-Mega, M\n|-mega|p2a: Ampharos|Ampharos|Ampharosite\n|-ability|p2a: Ampharos|Mold Breaker\n|-terastallize|p1a: Urshifu|Water\n|move|p1a: Urshifu|Surging Strikes|p2b: Stakataka\n|-supereffective|p2b: Stakataka\n|-crit|p2b: Stakataka\n|-damage|p2b: Stakataka|64\/100\n|-supereffective|p2b: Stakataka\n|-crit|p2b: Stakataka\n|-damage|p2b: Stakataka|29\/100\n|-supereffective|p2b: Stakataka\n|-crit|p2b: Stakataka\n|-damage|p2b: Stakataka|0 fnt\n|faint|p2b: Stakataka\n|-hitcount|p2: Stakataka|3\n|move|p1b: Iron Hands|Drain Punch|p2a: Ampharos\n|-damage|p2a: Ampharos|16\/100\n|move|p2a: Ampharos|Dazzling Gleam|p1b: Iron Hands|[spread] p1a,p1b\n|-supereffective|p1b: Iron Hands\n|-damage|p1a: Urshifu|63\/100\n|-damage|p1b: Iron Hands|69\/100\n|\n|upkeep\n|j| ELFRAN132\n|l| MiniNargacuga\n|\n|t:|1696111653\n|switch|p2b: Vikavolt|Vikavolt, M|100\/100\n|turn|4\n|c| ErHecks|solo queda rezar\n|c| ELFRAN132|nahh gg\n|\n|t:|1696111671\n|move|p1a: Urshifu|Surging Strikes|p2b: Vikavolt\n|-crit|p2b: Vikavolt\n|-damage|p2b: Vikavolt|73\/100\n|-crit|p2b: Vikavolt\n|-damage|p2b: Vikavolt|45\/100\n|-crit|p2b: Vikavolt\n|-damage|p2b: Vikavolt|14\/100\n|-hitcount|p2b: Vikavolt|3\n|move|p1b: Iron Hands|Drain Punch|p2a: Ampharos\n|-damage|p2a: Ampharos|0 fnt\n|-heal|p1b: Iron Hands|75\/100|[from] drain|[of] p2a: Ampharos\n|faint|p2a: Ampharos\n|move|p2b: Vikavolt|Thunderbolt|p1a: Urshifu\n|-supereffective|p1a: Urshifu\n|-damage|p1a: Urshifu|0 fnt\n|faint|p1a: Urshifu\n|\n|upkeep\n|j| MiniNargacuga\n|\n|t:|1696111692\n|switch|p1a: Landorus|Landorus-Therian, M|100\/100\n|switch|p2a: Hatterene|Hatterene, F|100\/100\n|-ability|p1a: Landorus|Intimidate|boost\n|-unboost|p2a: Hatterene|atk|1\n|-unboost|p2b: Vikavolt|atk|1\n|turn|5\n|\n|t:|1696111707\n|move|p1a: Landorus|U-turn|p2a: Hatterene\n|-damage|p2a: Hatterene|72\/100\n|c| ELFRAN132|recordemos que tiene un amongus atras el leza\n|\n|t:|1696111712\n|switch|p1a: Flutter Mane|Flutter Mane|100\/100|[from] U-turn\n|-enditem|p1a: Flutter Mane|Booster Energy\n|-activate|p1a: Flutter Mane|ability: Protosynthesis|[fromitem]\n|-start|p1a: Flutter Mane|protosynthesisspe\n|move|p1b: Iron Hands|Heavy Slam|p2a: Hatterene\n|-supereffective|p2a: Hatterene\n|-damage|p2a: Hatterene|0 fnt\n|faint|p2a: Hatterene\n|move|p2b: Vikavolt|Bug Buzz|p1a: Flutter Mane\n|-resisted|p1a: Flutter Mane\n|-damage|p1a: Flutter Mane|86\/100\n|-enditem|p2b: Vikavolt|Throat Spray\n|-boost|p2b: Vikavolt|spa|1|[from] item: Throat Spray\n|\n|upkeep\n|c| ErHecks|ya valio\n|\n|t:|1696111725\n|switch|p2a: osito cari\u00f1osito|Ursaluna, F|35\/100 brn\n|turn|6\n|l| MiniNargacuga\n|c| ELFRAN132|en el raro caso que lo pudiera colar\n|c| ELFRAN132|GG\n|l| ErHecks\n|c|\u2606LezaXYZ|When ganas cuando hiciste la historia para que el rival ganara\n|j| famus123\n|c|\u2606LezaXYZ|Ahora me haran enfrentarme a user\n|c|\u2606LezaXYZ|NOOOOOOOOOOOOOOOO\n|c| 445-Garchomp|XD\n|c| ELFRAN132|teniendo la disponibilidad de un mimikyu; duscleos no los metio XD\n|j| thyplosion3205\n|\n|t:|1696111789\n|move|p1a: Flutter Mane|Icy Wind|p2b: Vikavolt|[spread] p2a,p2b\n|-supereffective|p2a: osito cari\u00f1osito\n|-damage|p2a: osito cari\u00f1osito|11\/100 brn\n|-damage|p2b: Vikavolt|0 fnt\n|-unboost|p2a: osito cari\u00f1osito|spe|1\n|faint|p2b: Vikavolt\n|move|p1b: Iron Hands|Drain Punch|p2a: osito cari\u00f1osito\n|-supereffective|p2a: osito cari\u00f1osito\n|-damage|p2a: osito cari\u00f1osito|0 fnt\n|-heal|p1b: Iron Hands|80\/100|[from] drain|[of] p2a: osito cari\u00f1osito\n|faint|p2a: osito cari\u00f1osito\n|\n|win|LezaXYZ\n|l|\u2606monolugar\n|c| ELFRAN132|leza cual pinse ventaja dices XD\n|l| Lexxuus2\n|l| thyplosion3205\n|c| ELFRAN132|teniendo un iron hanks y amongus\n|c| ELFRAN132|no existe la ventaja XD\n|c|\u2606LezaXYZ|Es que fran\n|c|\u2606LezaXYZ|yo les dije\n|c|\u2606LezaXYZ|hace 2 semanas\n|c|\u2606LezaXYZ|\"Este es el mismo team que usare contra mono\"\n|c|\u2606LezaXYZ|Y NO ME CREYERON XDDDDDDDDDDDDDDDDDDDDDDDDDDD\n|c| ELFRAN132|jajajaj\n|c| ELFRAN132|si tanto te costaba los trick room un trick room al flutter mane para cancelar esos espacios raros\n|c| ELFRAN132|y lito\n|c| ELFRAN132|XD en fin gg\n","uploadtime":1696111947,"views":8,"p1id":"lezaxyz","p2id":"monolugar","formatid":"gen9nationaldexdoubles","rating":0,"private":0,"password":""}