{"id":"gen9nationaldexdoubles-1991873292","p1":"ajkbn","p2":"Ink!Jo","format":"[Gen 9] National Dex Doubles","log":"|j|\u2606ajkbn\n|j|\u2606Ink!Jo\n|t:|1700131791\n|gametype|doubles\n|player|p1|ajkbn|2|1086\n|player|p2|Ink!Jo|blue|1232\n|teamsize|p1|6\n|teamsize|p2|6\n|gen|9\n|tier|[Gen 9] National Dex Doubles\n|rated|\n|rule|HP Percentage Mod: HP is shown in percentages\n|rule|Endless Battle Clause: Forcing endless battles is banned\n|rule|OHKO Clause: OHKO moves are banned\n|rule|Evasion Moves Clause: Evasion moves are banned\n|rule|Evasion Abilities Clause: Evasion abilities are banned\n|rule|Species Clause: Limit one of each Pok\u00e9mon\n|rule|Gravity Sleep Clause: The combination of sleep-inducing moves with imperfect accuracy and Gravity or Gigantamax Orbeetle are banned\n|clearpoke\n|poke|p1|Krookodile, M|\n|poke|p1|Murkrow, F|\n|poke|p1|Hydreigon, F|\n|poke|p1|Sharpedo, F|\n|poke|p1|Meowscarada, M|\n|poke|p1|Zoroark, F|\n|poke|p2|Eevee, M|\n|poke|p2|Lucario, M|\n|poke|p2|Mimikyu, M|\n|poke|p2|Ninetales-Alola, F|\n|poke|p2|Iron Bundle|\n|poke|p2|Milotic, F|\n|teampreview\n|inactive|Battle timer is ON: inactive players will automatically lose when time's up. (requested by ajkbn)\n|\n|t:|1700131803\n|start\n|switch|p1a: Krookodile|Krookodile, M|100\/100\n|switch|p1b: Meowscarada|Meowscarada, M|100\/100\n|switch|p2a: Emo|Iron Bundle|100\/100\n|switch|p2b: Faily|Mimikyu, M, shiny|100\/100\n|-enditem|p2a: Emo|Booster Energy\n|-activate|p2a: Emo|ability: Quark Drive|[fromitem]\n|-start|p2a: Emo|quarkdrivespe\n|turn|1\n|inactive|ajkbn has 120 seconds left.\n|\n|t:|1700131833\n|-terastallize|p1a: Krookodile|Grass\n|move|p2a: Emo|Hydro Pump|p1a: Krookodile|[miss]\n|-miss|p2a: Emo|p1a: Krookodile\n|move|p1b: Meowscarada|Flower Trick|p1a: Krookodile\n|-start|p1b: Meowscarada|typechange|Grass|[from] ability: Protean\n|-resisted|p1a: Krookodile\n|-crit|p1a: Krookodile\n|-damage|p1a: Krookodile|77\/100\n|-setboost|p1a: Krookodile|atk|6|[from] ability: Anger Point\n|move|p2b: Faily|Swords Dance|p2b: Faily\n|-boost|p2b: Faily|atk|2\n|move|p1a: Krookodile|Scale Shot|p2a: Emo\n|-damage|p2a: Emo|68\/100\n|-damage|p2a: Emo|34\/100\n|-hitcount|p2a: Emo|2\n|-unboost|p1a: Krookodile|def|1\n|-boost|p1a: Krookodile|spe|1\n|\n|-heal|p1a: Krookodile|83\/100|[from] item: Leftovers\n|upkeep\n|turn|2\n|\n|t:|1700131857\n|move|p1a: Krookodile|Protect|p1a: Krookodile\n|-singleturn|p1a: Krookodile|Protect\n|move|p2a: Emo|Blizzard|p1a: Krookodile|[spread] \n|-activate|p1a: Krookodile|move: Protect\n|-miss|p2a: Emo|p1b: Meowscarada\n|move|p1b: Meowscarada|U-turn|p2b: Faily\n|-activate|p2b: Faily|ability: Disguise\n|-damage|p2b: Faily|100\/100\n|detailschange|p2b: Faily|Mimikyu-Busted, M, shiny\n|-damage|p2b: Faily|88\/100|[from] pokemon: Mimikyu-Busted\n|inactive|ajkbn has 120 seconds left.\n|\n|t:|1700131869\n|switch|p1b: Murkrow|Murkrow, F|100\/100|[from] U-turn\n|move|p2b: Faily|Swords Dance|p2b: Faily\n|-boost|p2b: Faily|atk|2\n|\n|-heal|p1a: Krookodile|89\/100|[from] item: Leftovers\n|upkeep\n|turn|3\n|\n|t:|1700131889\n|move|p1b: Murkrow|Tailwind|p1b: Murkrow\n|-sidestart|p1: ajkbn|move: Tailwind\n|move|p1a: Krookodile|Earthquake|p2a: Emo|[spread] p2a,p2b\n|-immune|p1b: Murkrow\n|-crit|p2a: Emo\n|-damage|p2a: Emo|0 fnt\n|-damage|p2b: Faily|0 fnt\n|faint|p2a: Emo\n|-end|p2a: Emo|Quark Drive|[silent]\n|faint|p2b: Faily\n|\n|-heal|p1a: Krookodile|95\/100|[from] item: Leftovers\n|upkeep\n|\n|t:|1700131898\n|switch|p2a: Snowgrave|Ninetales-Alola, F|100\/100\n|switch|p2b: Noelle|Milotic, F|100\/100\n|-weather|Snow|[from] ability: Snow Warning|[of] p2a: Snowgrave\n|turn|4\n|\n|t:|1700131912\n|move|p1a: Krookodile|Earthquake|p2a: Snowgrave|[spread] p2a,p2b\n|-immune|p1b: Murkrow\n|-damage|p2a: Snowgrave|0 fnt\n|-damage|p2b: Noelle|0 fnt\n|faint|p2a: Snowgrave\n|faint|p2b: Noelle\n|move|p1b: Murkrow|Whirlwind|p2: Snowgrave|[notarget]\n|-fail|p1b: Murkrow\n|\n|-weather|Snow|[upkeep]\n|-heal|p1a: Krookodile|100\/100|[from] item: Leftovers\n|upkeep\n|\n|t:|1700131922\n|switch|p2a: Asriel|Eevee, M, shiny|100\/100\n|switch|p2b: Hunrr|Lucario, M|100\/100\n|-item|p2a: Asriel|Air Balloon\n|turn|5\n|\n|t:|1700131938\n|detailschange|p2b: Hunrr|Lucario-Mega, M\n|-mega|p2b: Hunrr|Lucario|Lucarionite\n|move|p1a: Krookodile|Earthquake|p2b: Hunrr|[spread] p2b\n|-immune|p1b: Murkrow\n|-immune|p2a: Asriel\n|-supereffective|p2b: Hunrr\n|-damage|p2b: Hunrr|0 fnt\n|faint|p2b: Hunrr\n|move|p1b: Murkrow|Foul Play|p2a: Asriel\n|-damage|p2a: Asriel|69\/100\n|-enditem|p2a: Asriel|Air Balloon\n|move|p2a: Asriel|Retaliate|p1a: Krookodile\n|-damage|p1a: Krookodile|40\/100\n|\n|-weather|Snow|[upkeep]\n|-heal|p1a: Krookodile|46\/100|[from] item: Leftovers\n|upkeep\n|turn|6\n|\n|t:|1700131956\n|move|p1b: Murkrow|Quash|p2a: Asriel\n|-activate|p2a: Asriel|move: Quash\n|move|p1a: Krookodile|Power Trip|p2a: Asriel\n|-damage|p2a: Asriel|0 fnt\n|faint|p2a: Asriel\n|\n|win|ajkbn\n|raw|ajkbn's rating: 1086 &rarr; <strong>1124<\/strong><br \/>(+38 for winning)\n|raw|Ink!Jo's rating: 1232 &rarr; <strong>1197<\/strong><br \/>(-35 for losing)\n|l|\u2606Ink!Jo\n","uploadtime":1700131981,"views":6,"p1id":"ajkbn","p2id":"inkjo","formatid":"gen9nationaldexdoubles","rating":1124,"private":0,"password":""}