{"id":"gen9nationaldexdoubles-1975155503","p1":"lxvliiz","p2":"AnIronicKiwi","format":"[Gen 9] National Dex Doubles","log":"|j|\u2606lxvliiz\n|j|\u2606AnIronicKiwi\n|t:|1698166189\n|gametype|doubles\n|player|p1|lxvliiz|101|1034\n|player|p2|AnIronicKiwi|1|1000\n|teamsize|p1|6\n|teamsize|p2|6\n|gen|9\n|tier|[Gen 9] National Dex Doubles\n|rated|\n|rule|HP Percentage Mod: HP is shown in percentages\n|rule|Endless Battle Clause: Forcing endless battles is banned\n|rule|OHKO Clause: OHKO moves are banned\n|rule|Evasion Moves Clause: Evasion moves are banned\n|rule|Evasion Abilities Clause: Evasion abilities are banned\n|rule|Species Clause: Limit one of each Pok\u00e9mon\n|rule|Gravity Sleep Clause: The combination of sleep-inducing moves with imperfect accuracy and Gravity or Gigantamax Orbeetle are banned\n|clearpoke\n|poke|p1|Murkrow, M|\n|poke|p1|Regidrago|\n|poke|p1|Dragapult, F|\n|poke|p1|Ogerpon-Cornerstone, F|\n|poke|p1|Volcarona, M|\n|poke|p1|Charizard, M|\n|poke|p2|Blacephalon|\n|poke|p2|Amoonguss, F|\n|poke|p2|Dachsbun, F|\n|poke|p2|Torkoal, F|\n|poke|p2|Indeedee, M|\n|poke|p2|Basculegion, M|\n|teampreview\n|inactive|Battle timer is ON: inactive players will automatically lose when time's up. (requested by AnIronicKiwi)\n|\n|t:|1698166197\n|start\n|switch|p1a: Charizard|Charizard, M|100\/100\n|switch|p1b: Murkrow|Murkrow, M|100\/100\n|switch|p2a: Blacephalon|Blacephalon|100\/100\n|switch|p2b: Amoonguss|Amoonguss, F|100\/100\n|turn|1\n|\n|t:|1698166214\n|detailschange|p1a: Charizard|Charizard-Mega-X, M\n|-mega|p1a: Charizard|Charizard|Charizardite X\n|move|p2b: Amoonguss|Rage Powder|p2b: Amoonguss\n|-singleturn|p2b: Amoonguss|move: Rage Powder\n|move|p1b: Murkrow|Tailwind|p1b: Murkrow\n|-sidestart|p1: lxvliiz|move: Tailwind\n|move|p1a: Charizard|Earthquake|p2b: Amoonguss|[spread] p2a,p2b\n|-immune|p1b: Murkrow\n|-supereffective|p2a: Blacephalon\n|-damage|p2a: Blacephalon|0 fnt\n|-damage|p2b: Amoonguss|75\/100\n|faint|p2a: Blacephalon\n|\n|upkeep\n|\n|t:|1698166230\n|switch|p2a: Dachsbun|Dachsbun, F|100\/100\n|turn|2\n|\n|t:|1698166246\n|move|p1a: Charizard|Earthquake|p2a: Dachsbun|[spread] p2a,p2b\n|-immune|p1b: Murkrow\n|-damage|p2a: Dachsbun|75\/100\n|-damage|p2b: Amoonguss|50\/100\n|-enditem|p2b: Amoonguss|Sitrus Berry|[eat]\n|-heal|p2b: Amoonguss|75\/100|[from] item: Sitrus Berry\n|move|p2a: Dachsbun|Play Rough|p1a: Charizard\n|-damage|p1a: Charizard|77\/100\n|move|p2b: Amoonguss|Spore|p1a: Charizard\n|-status|p1a: Charizard|slp|[from] move: Spore\n|move|p1b: Murkrow|Whirlwind|p2a: Dachsbun\n|drag|p2a: Torkoal|Torkoal, F|100\/100\n|-weather|SunnyDay|[from] ability: Drought|[of] p2a: Torkoal\n|\n|-weather|SunnyDay|[upkeep]\n|upkeep\n|turn|3\n|\n|t:|1698166278\n|move|p1b: Murkrow|Taunt|p2b: Amoonguss\n|-start|p2b: Amoonguss|move: Taunt\n|cant|p1a: Charizard|slp\n|cant|p2b: Amoonguss|move: Taunt|Spore\n|move|p2a: Torkoal|Eruption|p1b: Murkrow|[spread] p1a,p1b\n|-resisted|p1a: Charizard\n|-damage|p1a: Charizard|53\/100 slp\n|-damage|p1b: Murkrow|1\/100\n|\n|-weather|SunnyDay|[upkeep]\n|upkeep\n|turn|4\n|\n|t:|1698166302\n|-curestatus|p1a: Charizard|slp|[msg]\n|move|p1a: Charizard|Flame Charge|p2b: Amoonguss\n|-supereffective|p2b: Amoonguss\n|-damage|p2b: Amoonguss|0 fnt\n|-boost|p1a: Charizard|spe|1\n|faint|p2b: Amoonguss\n|move|p1b: Murkrow|Foul Play|p2a: Torkoal\n|-damage|p2a: Torkoal|81\/100\n|move|p2a: Torkoal|Eruption|p1a: Charizard|[spread] p1a,p1b\n|-resisted|p1a: Charizard\n|-crit|p1b: Murkrow\n|-damage|p1a: Charizard|34\/100\n|-damage|p1b: Murkrow|0 fnt\n|faint|p1b: Murkrow\n|\n|-weather|SunnyDay|[upkeep]\n|-sideend|p1: lxvliiz|move: Tailwind\n|upkeep\n|\n|t:|1698166318\n|switch|p1b: Dragapult|Dragapult, F|100\/100\n|switch|p2b: Indeedee|Indeedee, M|100\/100\n|-fieldstart|move: Psychic Terrain|[from] ability: Psychic Surge|[of] p2b: Indeedee\n|turn|5\n|\n|t:|1698166328\n|move|p2a: Torkoal|Protect|p2a: Torkoal\n|-singleturn|p2a: Torkoal|Protect\n|move|p1b: Dragapult|Phantom Force||[still]\n|-prepare|p1b: Dragapult|Phantom Force\n|move|p1a: Charizard|Roost|p1a: Charizard\n|-heal|p1a: Charizard|85\/100\n|-singleturn|p1a: Charizard|move: Roost\n|move|p2b: Indeedee|Dazzling Gleam|p1b: Dragapult|[spread] p1a\n|-miss|p2b: Indeedee|p1b: Dragapult\n|-damage|p1a: Charizard|66\/100\n|\n|-weather|SunnyDay|[upkeep]\n|upkeep\n|turn|6\n|\n|t:|1698166346\n|move|p1b: Dragapult|Phantom Force|p2a: Torkoal|[from]lockedmove\n|-damage|p2a: Torkoal|44\/100\n|move|p1a: Charizard|Roost|p1a: Charizard\n|-heal|p1a: Charizard|100\/100\n|-singleturn|p1a: Charizard|move: Roost\n|move|p2b: Indeedee|Dazzling Gleam|p1a: Charizard|[spread] p1a,p1b\n|-supereffective|p1b: Dragapult\n|-damage|p1a: Charizard|82\/100\n|-damage|p1b: Dragapult|54\/100\n|move|p2a: Torkoal|Heat Wave|p1b: Dragapult|[spread] p1a,p1b\n|-resisted|p1a: Charizard\n|-resisted|p1b: Dragapult\n|-damage|p1a: Charizard|68\/100\n|-damage|p1b: Dragapult|17\/100\n|\n|-weather|none\n|upkeep\n|turn|7\n|\n|t:|1698166364\n|move|p1b: Dragapult|Phantom Force||[still]\n|-prepare|p1b: Dragapult|Phantom Force\n|move|p1a: Charizard|Earthquake|p2b: Indeedee|[spread] p2a,p2b\n|-miss|p1a: Charizard|p1b: Dragapult\n|-supereffective|p2a: Torkoal\n|-damage|p2a: Torkoal|5\/100\n|-damage|p2b: Indeedee|35\/100\n|move|p2b: Indeedee|Dazzling Gleam|p1a: Charizard|[spread] p1a\n|-miss|p2b: Indeedee|p1b: Dragapult\n|-damage|p1a: Charizard|50\/100\n|move|p2a: Torkoal|Heat Wave|p1a: Charizard|[spread] p1a\n|-miss|p2a: Torkoal|p1b: Dragapult\n|-resisted|p1a: Charizard\n|-damage|p1a: Charizard|40\/100\n|\n|upkeep\n|turn|8\n|\n|t:|1698166377\n|move|p1b: Dragapult|Phantom Force|p2b: Indeedee|[from]lockedmove\n|-immune|p2b: Indeedee\n|move|p1a: Charizard|Flame Charge|p2a: Torkoal\n|-resisted|p2a: Torkoal\n|-damage|p2a: Torkoal|0 fnt\n|-boost|p1a: Charizard|spe|1\n|faint|p2a: Torkoal\n|move|p2b: Indeedee|Dazzling Gleam|p1a: Charizard|[spread] p1a,p1b\n|-supereffective|p1b: Dragapult\n|-damage|p1a: Charizard|19\/100\n|-damage|p1b: Dragapult|0 fnt\n|faint|p1b: Dragapult\n|\n|upkeep\n|c|\u2606lxvliiz|oh right\n|\n|t:|1698166388\n|switch|p1b: Ogerpon|Ogerpon-Cornerstone, F|100\/100\n|switch|p2a: Dachsbun|Dachsbun, F|75\/100\n|turn|9\n|\n|t:|1698166407\n|move|p1b: Ogerpon|Follow Me|p1b: Ogerpon\n|-singleturn|p1b: Ogerpon|move: Follow Me\n|move|p1a: Charizard|Dragon Claw|p2b: Indeedee\n|-damage|p2b: Indeedee|0 fnt\n|faint|p2b: Indeedee\n|move|p2a: Dachsbun|Body Press|p1b: Ogerpon\n|-supereffective|p1b: Ogerpon\n|-crit|p1b: Ogerpon\n|-damage|p1b: Ogerpon|23\/100\n|\n|upkeep\n|\n|t:|1698166414\n|switch|p2b: Basculegion|Basculegion, M|100\/100\n|turn|10\n|\n|t:|1698166428\n|move|p1b: Ogerpon|Follow Me|p1b: Ogerpon\n|-singleturn|p1b: Ogerpon|move: Follow Me\n|move|p1a: Charizard|Roost|p1a: Charizard\n|-heal|p1a: Charizard|70\/100\n|-singleturn|p1a: Charizard|move: Roost\n|move|p2b: Basculegion|Last Respects|p1b: Ogerpon\n|-damage|p1b: Ogerpon|0 fnt\n|faint|p1b: Ogerpon\n|move|p2a: Dachsbun|Body Press|p1a: Charizard\n|-damage|p1a: Charizard|51\/100\n|\n|upkeep\n|\n|t:|1698166432\n|switch|p1b: Volcarona|Volcarona, M|100\/100\n|turn|11\n|\n|t:|1698166445\n|move|p1b: Volcarona|Rage Powder|p1b: Volcarona\n|-singleturn|p1b: Volcarona|move: Rage Powder\n|move|p1a: Charizard|Dragon Claw|p2b: Basculegion\n|-damage|p2b: Basculegion|27\/100\n|move|p2b: Basculegion|Last Respects|p1b: Volcarona\n|-damage|p1b: Volcarona|0 fnt\n|faint|p1b: Volcarona\n|move|p2a: Dachsbun|Play Rough|p1a: Charizard\n|-damage|p1a: Charizard|26\/100\n|\n|upkeep\n|\n|t:|1698166449\n|switch|p1b: Regidrago|Regidrago|100\/100\n|turn|12\n|\n|t:|1698166463\n|move|p1a: Charizard|Dragon Claw|p2b: Basculegion\n|-damage|p2b: Basculegion|0 fnt\n|faint|p2b: Basculegion\n|move|p1b: Regidrago|Crunch|p2a: Dachsbun\n|-resisted|p2a: Dachsbun\n|-damage|p2a: Dachsbun|63\/100\n|move|p2a: Dachsbun|Play Rough|p1b: Regidrago\n|-supereffective|p1b: Regidrago\n|-damage|p1b: Regidrago|41\/100\n|\n|-fieldend|move: Psychic Terrain\n|upkeep\n|turn|13\n|\n|t:|1698166482\n|move|p1a: Charizard|Roost|p1a: Charizard\n|-heal|p1a: Charizard|77\/100\n|-singleturn|p1a: Charizard|move: Roost\n|move|p1b: Regidrago|Crunch|p2a: Dachsbun\n|-resisted|p2a: Dachsbun\n|-damage|p2a: Dachsbun|52\/100\n|move|p2a: Dachsbun|Play Rough|p1b: Regidrago\n|-supereffective|p1b: Regidrago\n|-damage|p1b: Regidrago|0 fnt\n|faint|p1b: Regidrago\n|\n|upkeep\n|turn|14\n|c|\u2606lxvliiz|i think you win\n|\n|t:|1698166498\n|move|p2a: Dachsbun|Protect|p2a: Dachsbun\n|-singleturn|p2a: Dachsbun|Protect\n|move|p1a: Charizard|Earthquake|p2a: Dachsbun\n|-activate|p2a: Dachsbun|move: Protect\n|\n|upkeep\n|turn|15\n|\n|t:|1698166524\n|move|p1a: Charizard|Earthquake|p2a: Dachsbun\n|-damage|p2a: Dachsbun|14\/100\n|move|p2a: Dachsbun|Play Rough|p1a: Charizard\n|-damage|p1a: Charizard|56\/100\n|\n|upkeep\n|turn|16\n|\n|t:|1698166531\n|move|p2a: Dachsbun|Protect|p2a: Dachsbun\n|-singleturn|p2a: Dachsbun|Protect\n|move|p1a: Charizard|Earthquake|p2a: Dachsbun\n|-activate|p2a: Dachsbun|move: Protect\n|\n|upkeep\n|turn|17\n|\n|t:|1698166537\n|move|p1a: Charizard|Earthquake|p2a: Dachsbun\n|-damage|p2a: Dachsbun|0 fnt\n|faint|p2a: Dachsbun\n|\n|win|lxvliiz\n|raw|lxvliiz's rating: 1034 &rarr; <strong>1065<\/strong><br \/>(+31 for winning)\n|raw|AnIronicKiwi's rating: 1000 &rarr; <strong>1000<\/strong><br \/>(+0 for losing)\n|l|\u2606AnIronicKiwi\n|c|\u2606lxvliiz|oh gg\n","uploadtime":1698166548,"views":6,"p1id":"lxvliiz","p2id":"anironickiwi","formatid":"gen9nationaldexdoubles","rating":1000,"private":0,"password":""}