{"id":"gen9nationaldexdoubles-1993735891","p1":"Edelgard1162","p2":"larsonshark","format":"[Gen 9] National Dex Doubles","log":"|j|\u2606Edelgard1162\n|j|\u2606larsonshark\n|t:|1700351111\n|gametype|doubles\n|player|p1|Edelgard1162|rika|1327\n|player|p2|larsonshark|caitlin|1433\n|teamsize|p1|6\n|teamsize|p2|6\n|gen|9\n|tier|[Gen 9] National Dex Doubles\n|rated|\n|rule|HP Percentage Mod: HP is shown in percentages\n|rule|Endless Battle Clause: Forcing endless battles is banned\n|rule|OHKO Clause: OHKO moves are banned\n|rule|Evasion Moves Clause: Evasion moves are banned\n|rule|Evasion Abilities Clause: Evasion abilities are banned\n|rule|Species Clause: Limit one of each Pok\u00e9mon\n|rule|Gravity Sleep Clause: The combination of sleep-inducing moves with imperfect accuracy and Gravity or Gigantamax Orbeetle are banned\n|clearpoke\n|poke|p1|Togedemaru, L1, F|\n|poke|p1|Liepard, F|\n|poke|p1|Rillaboom, F|\n|poke|p1|Tyranitar, M|\n|poke|p1|Diancie|\n|poke|p1|Gastrodon, M|\n|poke|p2|Tornadus, M|\n|poke|p2|Indeedee, M|\n|poke|p2|Chi-Yu|\n|poke|p2|Darmanitan-Galar, M|\n|poke|p2|Gholdengo|\n|poke|p2|Blastoise, F|\n|teampreview\n|inactive|Battle timer is ON: inactive players will automatically lose when time's up. (requested by larsonshark)\n|inactive|Edelgard1162 also wants the timer to be on.\n|\n|t:|1700351129\n|start\n|switch|p1a: Rillaboom|Rillaboom, F|100\/100\n|switch|p1b: Togedemaru|Togedemaru, L1, F|100\/100\n|switch|p2a: Tornadus|Tornadus, M|100\/100\n|switch|p2b: Gholdengo|Gholdengo|100\/100\n|-fieldstart|move: Grassy Terrain|[from] ability: Grassy Surge|[of] p1a: Rillaboom\n|turn|1\n|\n|t:|1700351162\n|switch|p2a: Indeedee|Indeedee, M|100\/100\n|-fieldstart|move: Psychic Terrain|[from] ability: Psychic Surge|[of] p2a: Indeedee\n|switch|p1b: Gastrodon|Gastrodon, M|100\/100\n|move|p1a: Rillaboom|Fake Out|p2a: Indeedee\n|-activate|p2a: Indeedee|move: Psychic Terrain\n|move|p2b: Gholdengo|Make It Rain|p1a: Rillaboom|[spread] p1a,p1b\n|-resisted|p1b: Gastrodon\n|-damage|p1a: Rillaboom|39\/100\n|-damage|p1b: Gastrodon|75\/100\n|-unboost|p2b: Gholdengo|spa|1\n|\n|-heal|p1a: Rillaboom|45\/100|[from] item: Leftovers\n|upkeep\n|turn|2\n|\n|t:|1700351182\n|switch|p2b: Tornadus|Tornadus, M|100\/100\n|switch|p1a: Tyranitar|Tyranitar, M|100\/100\n|-weather|Sandstorm|[from] ability: Sand Stream|[of] p1a: Tyranitar\n|move|p2a: Indeedee|Expanding Force|p1a: Tyranitar|[spread] p1b\n|-immune|p1a: Tyranitar\n|-damage|p1b: Gastrodon|16\/100\n|-enditem|p1b: Gastrodon|Mago Berry|[eat]\n|-heal|p1b: Gastrodon|49\/100|[from] item: Mago Berry\n|move|p1b: Gastrodon|Earth Power|p2b: Tornadus\n|-immune|p2b: Tornadus\n|\n|-weather|Sandstorm|[upkeep]\n|-damage|p2b: Tornadus|94\/100|[from] Sandstorm\n|-damage|p2a: Indeedee|94\/100|[from] Sandstorm\n|-heal|p2b: Tornadus|100\/100|[from] item: Leftovers\n|upkeep\n|turn|3\n|\n|t:|1700351201\n|switch|p1b: Rillaboom|Rillaboom, F|45\/100\n|-fieldstart|move: Grassy Terrain|[from] ability: Grassy Surge|[of] p1b: Rillaboom\n|move|p2b: Tornadus|Snowscape|p2b: Tornadus\n|-weather|Snow\n|move|p2a: Indeedee|Energy Ball|p1a: Tyranitar\n|-supereffective|p1a: Tyranitar\n|-damage|p1a: Tyranitar|31\/100\n|move|p1a: Tyranitar|Knock Off|p2a: Indeedee\n|-supereffective|p2a: Indeedee\n|-damage|p2a: Indeedee|0 fnt\n|-enditem|p2a: Indeedee|Terrain Extender|[from] move: Knock Off|[of] p1a: Tyranitar\n|faint|p2a: Indeedee\n|\n|-weather|Snow|[upkeep]\n|-heal|p1a: Tyranitar|37\/100|[from] Grassy Terrain\n|-heal|p1a: Tyranitar|43\/100|[from] item: Leftovers\n|-heal|p1b: Rillaboom|51\/100|[from] Grassy Terrain\n|-heal|p1b: Rillaboom|57\/100|[from] item: Leftovers\n|upkeep\n|\n|t:|1700351208\n|switch|p2a: Gholdengo|Gholdengo|100\/100\n|turn|4\n|\n|t:|1700351235\n|move|p1a: Tyranitar|Protect|p1a: Tyranitar\n|-singleturn|p1a: Tyranitar|Protect\n|move|p2b: Tornadus|Tailwind|p2b: Tornadus\n|-sidestart|p2: larsonshark|move: Tailwind\n|move|p2a: Gholdengo|Make It Rain|p1a: Tyranitar|[spread] p1b\n|-activate|p1a: Tyranitar|move: Protect\n|-damage|p1b: Rillaboom|1\/100\n|-unboost|p2a: Gholdengo|spa|1\n|move|p1b: Rillaboom|U-turn|p2b: Tornadus\n|-resisted|p2b: Tornadus\n|-damage|p2b: Tornadus|80\/100\n|inactive|Edelgard1162 has 120 seconds left.\n|\n|t:|1700351251\n|switch|p1b: Gastrodon|Gastrodon, M|49\/100|[from] U-turn\n|\n|-weather|Snow|[upkeep]\n|-heal|p2b: Tornadus|86\/100|[from] item: Leftovers\n|-heal|p1a: Tyranitar|50\/100|[from] Grassy Terrain\n|-heal|p1a: Tyranitar|56\/100|[from] item: Leftovers\n|-heal|p1b: Gastrodon|55\/100|[from] Grassy Terrain\n|upkeep\n|turn|5\n|inactive|Edelgard1162 has 120 seconds left.\n|\n|t:|1700351289\n|switch|p2b: Chi-Yu|Chi-Yu|100\/100\n|-ability|p2b: Chi-Yu|Beads of Ruin\n|move|p2a: Gholdengo|Make It Rain|p1a: Tyranitar|[spread] p1a,p1b\n|-supereffective|p1a: Tyranitar\n|-resisted|p1b: Gastrodon\n|-damage|p1a: Tyranitar|0 fnt\n|-damage|p1b: Gastrodon|31\/100\n|-unboost|p2a: Gholdengo|spa|1\n|faint|p1a: Tyranitar\n|move|p1b: Gastrodon|Earth Power|p2a: Gholdengo\n|-supereffective|p2a: Gholdengo\n|-damage|p2a: Gholdengo|0 fnt\n|faint|p2a: Gholdengo\n|\n|-weather|Snow|[upkeep]\n|-heal|p1b: Gastrodon|37\/100|[from] Grassy Terrain\n|upkeep\n|inactive|Edelgard1162 has 120 seconds left.\n|\n|t:|1700351305\n|switch|p2a: Blastoise|Blastoise, F|100\/100\n|switch|p1a: Diancie|Diancie|100\/100\n|turn|6\n|\n|t:|1700351317\n|detailschange|p2a: Blastoise|Blastoise-Mega, F\n|-mega|p2a: Blastoise|Blastoise|Blastoisinite\n|detailschange|p1a: Diancie|Diancie-Mega\n|-mega|p1a: Diancie|Diancie|Diancite\n|-terastallize|p2b: Chi-Yu|Dark\n|move|p2b: Chi-Yu|Dark Pulse|p1b: Gastrodon\n|-damage|p1b: Gastrodon|0 fnt\n|faint|p1b: Gastrodon\n|move|p2a: Blastoise|Water Spout|p1a: Diancie\n|-supereffective|p1a: Diancie\n|-damage|p1a: Diancie|0 fnt\n|faint|p1a: Diancie\n|\n|-weather|Snow|[upkeep]\n|upkeep\n|inactive|Edelgard1162 has 120 seconds left.\n|\n|t:|1700351335\n|switch|p1a: Liepard|Liepard, F|100\/100\n|switch|p1b: Togedemaru|Togedemaru, L1, F|100\/100\n|turn|7\n|\n|t:|1700351346\n|move|p1a: Liepard|Fake Out|p2b: Chi-Yu\n|-damage|p2b: Chi-Yu|83\/100\n|cant|p2b: Chi-Yu|flinch\n|move|p2a: Blastoise|Water Spout|p1a: Liepard|[spread] p1a,p1b\n|-enditem|p1a: Liepard|Focus Sash\n|-damage|p1a: Liepard|1\/100\n|-ability|p1b: Togedemaru|Sturdy\n|-damage|p1b: Togedemaru|9\/100\n|move|p1b: Togedemaru|Endeavor|p2b: Chi-Yu\n|-damage|p2b: Chi-Yu|1\/100\n|-heal|p1b: Togedemaru|100\/100|[from] item: Shell Bell|[of] p2b: Chi-Yu\n|\n|-weather|none\n|-heal|p2b: Chi-Yu|7\/100|[from] Grassy Terrain\n|-heal|p2b: Chi-Yu|13\/100|[from] item: Leftovers\n|-heal|p1a: Liepard|7\/100|[from] Grassy Terrain\n|-sideend|p2: larsonshark|move: Tailwind\n|-fieldend|move: Grassy Terrain\n|upkeep\n|turn|8\n|inactive|Edelgard1162 has 120 seconds left.\n|inactive|Edelgard1162 has 90 seconds left.\n|\n|t:|1700351427\n|move|p1a: Liepard|Sucker Punch|p2b: Chi-Yu\n|-resisted|p2b: Chi-Yu\n|-crit|p2b: Chi-Yu\n|-damage|p2b: Chi-Yu|0 fnt\n|faint|p2b: Chi-Yu\n|move|p2a: Blastoise|Water Spout|p1a: Liepard|[spread] p1a,p1b\n|-damage|p1a: Liepard|0 fnt\n|-ability|p1b: Togedemaru|Sturdy\n|-damage|p1b: Togedemaru|9\/100\n|faint|p1a: Liepard\n|move|p1b: Togedemaru|Endeavor|p2a: Blastoise\n|-damage|p2a: Blastoise|1\/100\n|-heal|p1b: Togedemaru|100\/100|[from] item: Shell Bell|[of] p2a: Blastoise\n|\n|upkeep\n|inactive|Edelgard1162 has 90 seconds left.\n|\n|t:|1700351439\n|switch|p1a: Rillaboom|Rillaboom, F|1\/100\n|switch|p2b: Tornadus|Tornadus, M|86\/100\n|-fieldstart|move: Grassy Terrain|[from] ability: Grassy Surge|[of] p1a: Rillaboom\n|turn|9\n|\n|t:|1700351449\n|move|p1a: Rillaboom|Fake Out|p2a: Blastoise\n|-damage|p2a: Blastoise|0 fnt\n|faint|p2a: Blastoise\n|move|p2b: Tornadus|Bleakwind Storm|p1a: Rillaboom|[spread] p1a,p1b\n|-supereffective|p1a: Rillaboom\n|-resisted|p1b: Togedemaru\n|-damage|p1a: Rillaboom|0 fnt\n|-ability|p1b: Togedemaru|Sturdy\n|-damage|p1b: Togedemaru|9\/100\n|faint|p1a: Rillaboom\n|move|p1b: Togedemaru|Endeavor|p2b: Tornadus\n|-damage|p2b: Tornadus|1\/100\n|-heal|p1b: Togedemaru|100\/100|[from] item: Shell Bell|[of] p2b: Tornadus\n|\n|-heal|p2b: Tornadus|7\/100|[from] item: Leftovers\n|upkeep\n|\n|t:|1700351454\n|switch|p2a: Darmanitan|Darmanitan-Galar, M|100\/100\n|turn|10\n|inactive|Edelgard1162 has 120 seconds left.\n|\n|t:|1700351477\n|move|p2b: Tornadus|Bleakwind Storm|p1b: Togedemaru\n|-resisted|p1b: Togedemaru\n|-ability|p1b: Togedemaru|Sturdy\n|-damage|p1b: Togedemaru|9\/100\n|-unboost|p1b: Togedemaru|spe|1\n|move|p2a: Darmanitan|Flare Blitz|p1b: Togedemaru\n|-supereffective|p1b: Togedemaru\n|-damage|p1b: Togedemaru|0 fnt\n|faint|p1b: Togedemaru\n|-damage|p2a: Darmanitan|99\/100|[from] Recoil\n|\n|win|larsonshark\n|raw|Edelgard1162's rating: 1327 &rarr; <strong>1313<\/strong><br \/>(-14 for losing)\n|raw|larsonshark's rating: 1433 &rarr; <strong>1447<\/strong><br \/>(+14 for winning)\n|c|\u2606larsonshark|gg\n","uploadtime":1700351486,"views":4,"p1id":"edelgard1162","p2id":"larsonshark","formatid":"gen9nationaldexdoubles","rating":1313,"private":0,"password":""}