{"id":"gen9nationaldexdoubles-1966505404","p1":"Striker Gaming","p2":"Phenixclause","format":"[Gen 9] National Dex Doubles","log":"|j|\u2606Striker Gaming\n|j|\u203dPhenixclause\n|t:|1697196807\n|gametype|doubles\n|player|p1|Striker Gaming|veteran|1000\n|player|p2|Phenixclause|benga|1136\n|teamsize|p1|6\n|teamsize|p2|6\n|gen|9\n|tier|[Gen 9] National Dex Doubles\n|rated|\n|rule|HP Percentage Mod: HP is shown in percentages\n|rule|Endless Battle Clause: Forcing endless battles is banned\n|rule|OHKO Clause: OHKO moves are banned\n|rule|Evasion Moves Clause: Evasion moves are banned\n|rule|Evasion Abilities Clause: Evasion abilities are banned\n|rule|Species Clause: Limit one of each Pok\u00e9mon\n|rule|Gravity Sleep Clause: The combination of sleep-inducing moves with imperfect accuracy and Gravity or Gigantamax Orbeetle are banned\n|clearpoke\n|poke|p1|Kommo-o, M|\n|poke|p1|Swoobat, F|\n|poke|p1|Flamigo, M|\n|poke|p1|Sylveon, F|\n|poke|p1|Cresselia, F|\n|poke|p1|Snorlax, F|\n|poke|p2|Garchomp, M|\n|poke|p2|Espathra, M|\n|poke|p2|Moltres-Galar|\n|poke|p2|Sinistcha|\n|poke|p2|Indeedee-F, F|\n|poke|p2|Chien-Pao|\n|teampreview\n|c|\u2606Striker Gaming|just testing a thing\n|\n|t:|1697196842\n|start\n|switch|p1a: Honor's End|Kommo-o, M|100\/100\n|switch|p1b: Oops|Swoobat, F, shiny|100\/100\n|switch|p2a: Espathra|Espathra, M|100\/100\n|switch|p2b: Garchomp|Garchomp, M|100\/100\n|turn|1\n|\n|t:|1697196855\n|detailschange|p2b: Garchomp|Garchomp-Mega, M\n|-mega|p2b: Garchomp|Garchomp|Garchompite\n|move|p1b: Oops|Simple Beam|p1a: Honor's End\n|-endability|p1a: Honor's End|Soundproof|[from] move: Simple Beam\n|-ability|p1a: Honor's End|Simple|[from] move: Simple Beam\n|move|p2b: Garchomp|Swords Dance|p2b: Garchomp\n|-boost|p2b: Garchomp|atk|2\n|move|p2a: Espathra|Skill Swap|p2b: Garchomp\n|-activate|p2a: Espathra|move: Skill Swap|||[of] p2b: Garchomp\n|-zpower|p1a: Honor's End\n|move|p1a: Honor's End|Clangorous Soulblaze|p2a: Espathra|[zeffect]|[spread] p2a,p2b\n|-supereffective|p2b: Garchomp\n|-enditem|p2a: Espathra|Focus Sash\n|-damage|p2a: Espathra|1\/100\n|-damage|p2b: Garchomp|0 fnt\n|faint|p2b: Garchomp\n|-boost|p1a: Honor's End|atk|2\n|-boost|p1a: Honor's End|def|2\n|-boost|p1a: Honor's End|spa|2\n|-boost|p1a: Honor's End|spd|2\n|-boost|p1a: Honor's End|spe|2\n|\n|upkeep\n|\n|t:|1697196861\n|switch|p2b: Chien-Pao|Chien-Pao|100\/100\n|-ability|p2b: Chien-Pao|Sword of Ruin\n|turn|2\n|\n|t:|1697196884\n|-terastallize|p2b: Chien-Pao|Dark\n|move|p1a: Honor's End|Boomburst|p2b: Chien-Pao|[spread] p1b,p2a,p2b\n|-damage|p1b: Oops|0 fnt\n|-damage|p2a: Espathra|0 fnt\n|-damage|p2b: Chien-Pao|0 fnt\n|faint|p1b: Oops\n|faint|p2a: Espathra\n|faint|p2b: Chien-Pao\n|\n|upkeep\n|inactive|Battle timer is ON: inactive players will automatically lose when time's up. (requested by Phenixclause)\n|inactiveoff|Battle timer is now OFF.\n|\n|t:|1697196895\n|switch|p2b: Indeedee|Indeedee-F, F|100\/100\n|switch|p1b: Cyan|Sylveon, F, shiny|100\/100\n|switch|p2a: Moltres|Moltres-Galar|100\/100\n|-fieldstart|move: Psychic Terrain|[from] ability: Psychic Surge|[of] p2b: Indeedee\n|turn|3\n|\n|t:|1697196914\n|move|p1a: Honor's End|Boomburst|p2a: Moltres|[spread] p1b,p2a,p2b\n|-damage|p1b: Cyan|51\/100\n|-damage|p2a: Moltres|38\/100\n|-damage|p2b: Indeedee|36\/100\n|-ability|p2a: Moltres|Berserk|boost\n|-boost|p2a: Moltres|spa|1\n|move|p2a: Moltres|Nasty Plot|p2a: Moltres\n|-boost|p2a: Moltres|spa|2\n|-zpower|p2b: Indeedee\n|move|p2b: Indeedee|Shattered Psyche|p1a: Honor's End|[zeffect]\n|-supereffective|p1a: Honor's End\n|-damage|p1a: Honor's End|20\/100\n|move|p1b: Cyan|Skill Swap|p1a: Honor's End\n|-activate|p1b: Cyan|move: Skill Swap|||[of] p1a: Honor's End\n|\n|-heal|p1b: Cyan|57\/100|[from] item: Leftovers\n|upkeep\n|turn|4\n|\n|t:|1697196948\n|switch|p2b: Sinistcha|Sinistcha|100\/100\n|-heal|p2a: Moltres|62\/100|[from] ability: Hospitality|[of] p2b: Sinistcha\n|move|p1a: Honor's End|Boomburst|p2b: Sinistcha|[spread] p1b,p2a,p2b\n|-supereffective|p2a: Moltres\n|-damage|p1b: Cyan|4\/100\n|-damage|p2a: Moltres|0 fnt\n|-damage|p2b: Sinistcha|0 fnt\n|faint|p2a: Moltres\n|faint|p2b: Sinistcha\n|move|p1b: Cyan|Psych Up|p1a: Honor's End\n|-copyboost|p1b: Cyan|p1a: Honor's End|[from] move: Psych Up\n|\n|-heal|p1b: Cyan|10\/100|[from] item: Leftovers\n|upkeep\n|c|\u2606Striker Gaming|thanks for the test run :)\n|c|\u2606Striker Gaming|it works\n|\n|t:|1697197002\n|switch|p2a: Indeedee|Indeedee-F, F|36\/100\n|turn|5\n|\n|t:|1697197011\n|move|p1a: Honor's End|Clanging Scales|p2a: Indeedee\n|-damage|p2a: Indeedee|0 fnt\n|faint|p2a: Indeedee\n|\n|win|Striker Gaming\n|raw|Striker Gaming's rating: 1000 &rarr; <strong>1055<\/strong><br \/>(+55 for winning)\n|raw|Phenixclause's rating: 1136 &rarr; <strong>1102<\/strong><br \/>(-34 for losing)\n|l|\u203dPhenixclause\n|c|\u2606Striker Gaming|gg\n","uploadtime":1697197042,"views":10,"p1id":"strikergaming","p2id":"phenixclause","formatid":"gen9nationaldexdoubles","rating":1055,"private":0,"password":""}