{"id":"gen9nationaldexdoubles-1980485151","p1":"mr Deuzp","p2":"fumbari 24","format":"[Gen 9] National Dex Doubles","log":"|j|\u2606mr Deuzp\n|j|\u2606fumbari 24\n|t:|1698789412\n|gametype|doubles\n|player|p1|mr Deuzp|shadowtriad|1223\n|player|p2|fumbari 24|hilbert|1364\n|teamsize|p1|6\n|teamsize|p2|6\n|gen|9\n|tier|[Gen 9] National Dex Doubles\n|rated|\n|rule|HP Percentage Mod: HP is shown in percentages\n|rule|Endless Battle Clause: Forcing endless battles is banned\n|rule|OHKO Clause: OHKO moves are banned\n|rule|Evasion Moves Clause: Evasion moves are banned\n|rule|Evasion Abilities Clause: Evasion abilities are banned\n|rule|Species Clause: Limit one of each Pok\u00e9mon\n|rule|Gravity Sleep Clause: The combination of sleep-inducing moves with imperfect accuracy and Gravity or Gigantamax Orbeetle are banned\n|clearpoke\n|poke|p1|Eevee, F|\n|poke|p1|Clefable, F|\n|poke|p1|Espathra, F|\n|poke|p1|Beedrill, M|\n|poke|p1|Muk-Alola, M|\n|poke|p1|Landorus-Therian, M|\n|poke|p2|Thundurus-Therian, M|\n|poke|p2|Latias, F|\n|poke|p2|Blastoise, M|\n|poke|p2|Pelipper, M|\n|poke|p2|Gardevoir, F|\n|poke|p2|Meowscarada, M|\n|teampreview\n|\n|t:|1698789420\n|start\n|switch|p1a: Clefable|Clefable, F, shiny|100\/100\n|switch|p1b: Eevee|Eevee, F, shiny|100\/100\n|switch|p2a: Strike|Thundurus-Therian, M|100\/100\n|switch|p2b: Mine Mine|Pelipper, M|100\/100\n|-weather|RainDance|[from] ability: Drizzle|[of] p2b: Mine Mine\n|turn|1\n|\n|t:|1698789425\n|move|p1a: Clefable|Follow Me|p1a: Clefable\n|-singleturn|p1a: Clefable|move: Follow Me\n|move|p2a: Strike|Wildbolt Storm|p1b: Eevee|[spread] p1a,p1b\n|-damage|p1a: Clefable|64\/100\n|-damage|p1b: Eevee|23\/100\n|-zpower|p1b: Eevee\n|move|p1b: Eevee|Extreme Evoboost|p1b: Eevee\n|-boost|p1b: Eevee|atk|2\n|-boost|p1b: Eevee|def|2\n|-boost|p1b: Eevee|spa|2\n|-boost|p1b: Eevee|spd|2\n|-boost|p1b: Eevee|spe|2\n|move|p2b: Mine Mine|Tailwind|p2b: Mine Mine\n|-sidestart|p2: fumbari 24|move: Tailwind\n|\n|-weather|RainDance|[upkeep]\n|-heal|p1a: Clefable|70\/100|[from] item: Leftovers\n|upkeep\n|turn|2\n|inactive|Battle timer is ON: inactive players will automatically lose when time's up. (requested by fumbari 24)\n|\n|t:|1698789451\n|move|p1a: Clefable|Follow Me|p1a: Clefable\n|-singleturn|p1a: Clefable|move: Follow Me\n|move|p2a: Strike|Wildbolt Storm|p1a: Clefable|[spread] p1a,p1b\n|-crit|p1a: Clefable\n|-damage|p1a: Clefable|12\/100\n|-damage|p1b: Eevee|0 fnt\n|-status|p1a: Clefable|par\n|faint|p1b: Eevee\n|move|p2b: Mine Mine|Scald|p1a: Clefable\n|-damage|p1a: Clefable|0 fnt\n|faint|p1a: Clefable\n|\n|-weather|RainDance|[upkeep]\n|upkeep\n|\n|t:|1698789458\n|switch|p1b: Muk|Muk-Alola, M|100\/100\n|switch|p1a: Espathra|Espathra, F, shiny|100\/100\n|turn|3\n|\n|t:|1698789469\n|move|p1a: Espathra|Protect|p1a: Espathra\n|-singleturn|p1a: Espathra|Protect\n|move|p2a: Strike|Wildbolt Storm|p1b: Muk|[spread] p1b\n|-activate|p1a: Espathra|move: Protect\n|-damage|p1b: Muk|53\/100\n|move|p2b: Mine Mine|Scald|p1b: Muk\n|-damage|p1b: Muk|17\/100\n|move|p1b: Muk|Knock Off|p2a: Strike\n|-damage|p2a: Strike|29\/100\n|-enditem|p2a: Strike|Choice Specs|[from] move: Knock Off|[of] p1b: Muk\n|\n|-weather|RainDance|[upkeep]\n|-heal|p1b: Muk|23\/100|[from] item: Leftovers\n|-ability|p1a: Espathra|Speed Boost|boost\n|-boost|p1a: Espathra|spe|1\n|upkeep\n|turn|4\n|\n|t:|1698789491\n|move|p2a: Strike|Wildbolt Storm|p1a: Espathra|[spread] p1a,p1b\n|-damage|p1a: Espathra|40\/100\n|-damage|p1b: Muk|0 fnt\n|-status|p1a: Espathra|par\n|faint|p1b: Muk\n|move|p2b: Mine Mine|Scald|p1a: Espathra\n|-damage|p1a: Espathra|0 fnt\n|faint|p1a: Espathra\n|\n|-weather|RainDance|[upkeep]\n|-sideend|p2: fumbari 24|move: Tailwind\n|upkeep\n|\n|t:|1698789494\n|switch|p1a: Beedrill|Beedrill, M, shiny|100\/100\n|switch|p1b: Landorus|Landorus-Therian, M|100\/100\n|-ability|p1b: Landorus|Intimidate|boost\n|-unboost|p2a: Strike|atk|1\n|-unboost|p2b: Mine Mine|atk|1\n|turn|5\n|\n|t:|1698789514\n|switch|p2a: Harbor|Blastoise, M|100\/100\n|detailschange|p1a: Beedrill|Beedrill-Mega, M, shiny\n|-mega|p1a: Beedrill|Beedrill|Beedrillite\n|-terastallize|p2b: Mine Mine|Steel\n|move|p1b: Landorus|Stone Edge|p2b: Mine Mine|[miss]\n|-miss|p1b: Landorus|p2b: Mine Mine\n|move|p1a: Beedrill|Poison Jab|p2a: Harbor\n|-damage|p2a: Harbor|57\/100\n|move|p2b: Mine Mine|Tailwind|p2b: Mine Mine\n|-sidestart|p2: fumbari 24|move: Tailwind\n|\n|-weather|RainDance|[upkeep]\n|-heal|p2a: Harbor|63\/100|[from] ability: Rain Dish\n|-heal|p2a: Harbor|70\/100|[from] item: Leftovers\n|upkeep\n|turn|6\n|\n|t:|1698789539\n|move|p2a: Harbor|Fake Out|p1a: Beedrill\n|-damage|p1a: Beedrill|82\/100\n|move|p1b: Landorus|Stone Edge|p2a: Harbor\n|-damage|p2a: Harbor|41\/100\n|cant|p1a: Beedrill|flinch\n|move|p2b: Mine Mine|Hurricane|p1a: Beedrill\n|-supereffective|p1a: Beedrill\n|-damage|p1a: Beedrill|0 fnt\n|faint|p1a: Beedrill\n|\n|-weather|RainDance|[upkeep]\n|-heal|p2a: Harbor|47\/100|[from] ability: Rain Dish\n|-heal|p2a: Harbor|53\/100|[from] item: Leftovers\n|upkeep\n|turn|7\n|\n|t:|1698789552\n|move|p1b: Landorus|Stone Edge|p2a: Harbor\n|-damage|p2a: Harbor|26\/100\n|move|p2a: Harbor|Scald|p1b: Landorus\n|-supereffective|p1b: Landorus\n|-damage|p1b: Landorus|4\/100\n|move|p2b: Mine Mine|Scald|p1b: Landorus\n|-supereffective|p1b: Landorus\n|-damage|p1b: Landorus|0 fnt\n|faint|p1b: Landorus\n|\n|win|fumbari 24\n|raw|mr Deuzp's rating: 1223 &rarr; <strong>1208<\/strong><br \/>(-15 for losing)\n|raw|fumbari 24's rating: 1364 &rarr; <strong>1376<\/strong><br \/>(+12 for winning)\n|l|\u2606mr Deuzp\n","uploadtime":1698789561,"views":12,"p1id":"mrdeuzp","p2id":"fumbari24","formatid":"gen9nationaldexdoubles","rating":1208,"private":0,"password":""}