{"id":"gen9nationaldexdoubles-1953086060","p1":"NotBugSme","p2":"Clabeh","format":"[Gen 9] National Dex Doubles","log":"|j|\u2606NotBugSme\n|j|\u2606Clabeh\n|t:|1695753075\n|gametype|doubles\n|player|p1|NotBugSme|depotagent|\n|player|p2|Clabeh|1|\n|teamsize|p1|6\n|teamsize|p2|6\n|gen|9\n|tier|[Gen 9] National Dex Doubles\n|rule|HP Percentage Mod: HP is shown in percentages\n|rule|Endless Battle Clause: Forcing endless battles is banned\n|rule|OHKO Clause: OHKO moves are banned\n|rule|Evasion Moves Clause: Evasion moves are banned\n|rule|Evasion Abilities Clause: Evasion abilities are banned\n|rule|Species Clause: Limit one of each Pok\u00e9mon\n|rule|Gravity Sleep Clause: The combination of sleep-inducing moves with imperfect accuracy and Gravity or Gigantamax Orbeetle are banned\n|clearpoke\n|poke|p1|Kingambit, F|\n|poke|p1|Avalugg-Hisui, F|\n|poke|p1|Tyranitar, F|\n|poke|p1|Carbink|\n|poke|p1|Aggron, M|\n|poke|p1|Archeops, F|\n|poke|p2|Claydol|\n|poke|p2|Seismitoad, M|\n|poke|p2|Ninetales, F|\n|poke|p2|Tyranitar, M|\n|poke|p2|Venusaur, F|\n|poke|p2|Cinderace, F|\n|teampreview\n|\n|t:|1695753128\n|start\n|switch|p1a: Tyranitar|Tyranitar, F, shiny|100\/100\n|switch|p1b: Avalugg|Avalugg-Hisui, F, shiny|100\/100\n|switch|p2a: Ninetales|Ninetales, F|100\/100\n|switch|p2b: Venusaur|Venusaur, F|100\/100\n|-weather|SunnyDay|[from] ability: Drought|[of] p2a: Ninetales\n|-weather|Sandstorm|[from] ability: Sand Stream|[of] p1a: Tyranitar\n|-item|p1a: Tyranitar|Air Balloon\n|turn|1\n|\n|t:|1695753161\n|move|p2b: Venusaur|Protect|p2b: Venusaur\n|-singleturn|p2b: Venusaur|Protect\n|move|p2a: Ninetales|Heat Wave|p1b: Avalugg|[spread] p1a,p1b\n|-resisted|p1a: Tyranitar\n|-damage|p1a: Tyranitar|92\/100\n|-damage|p1b: Avalugg|65\/100\n|-enditem|p1a: Tyranitar|Air Balloon\n|move|p1a: Tyranitar|Fire Punch|p2b: Venusaur\n|-activate|p2b: Venusaur|move: Protect\n|move|p1b: Avalugg|Rock Slide|p2b: Venusaur|[spread] p2a\n|-activate|p2b: Venusaur|move: Protect\n|-supereffective|p2a: Ninetales\n|-damage|p2a: Ninetales|33\/100\n|-enditem|p2a: Ninetales|Eject Button\n|\n|t:|1695753174\n|switch|p2a: Cinderace|Cinderace, F|100\/100\n|\n|-weather|Sandstorm|[upkeep]\n|-damage|p2a: Cinderace|95\/100|[from] Sandstorm\n|-damage|p2b: Venusaur|95\/100|[from] Sandstorm\n|-heal|p2b: Venusaur|100\/100|[from] item: Black Sludge\n|upkeep\n|turn|2\n|\n|t:|1695753199\n|move|p2a: Cinderace|Fire Pledge|p1b: Avalugg\n|-waiting|p2a: Cinderace|p2b: Venusaur\n|move|p2b: Venusaur|Grass Pledge|p1b: Avalugg|[from]move: Fire Pledge\n|-combine\n|-damage|p1b: Avalugg|0 fnt\n|-sidestart|p1: NotBugSme|Fire Pledge\n|faint|p1b: Avalugg\n|move|p1a: Tyranitar|Fire Punch|p2b: Venusaur\n|-supereffective|p2b: Venusaur\n|-damage|p2b: Venusaur|9\/100\n|\n|-weather|Sandstorm|[upkeep]\n|-damage|p2a: Cinderace|89\/100|[from] Sandstorm\n|-damage|p2b: Venusaur|3\/100|[from] Sandstorm\n|-heal|p2b: Venusaur|9\/100|[from] item: Black Sludge\n|-damage|p1a: Tyranitar|80\/100|[from] Fire Pledge\n|upkeep\n|\n|t:|1695753252\n|switch|p1b: Archeops|Archeops, F, shiny|100\/100\n|turn|3\n|\n|t:|1695753272\n|switch|p2a: Ninetales|Ninetales, F|33\/100\n|-weather|SunnyDay|[from] ability: Drought|[of] p2a: Ninetales\n|move|p2b: Venusaur|Protect|p2b: Venusaur\n|-singleturn|p2b: Venusaur|Protect\n|move|p1b: Archeops|Meteor Beam||[still]\n|-prepare|p1b: Archeops|Meteor Beam\n|-boost|p1b: Archeops|spa|1\n|-enditem|p1b: Archeops|Power Herb\n|-anim|p1b: Archeops|Meteor Beam|p2a: Ninetales\n|-supereffective|p2a: Ninetales\n|-damage|p2a: Ninetales|0 fnt\n|faint|p2a: Ninetales\n|move|p1a: Tyranitar|Fire Punch|p2b: Venusaur\n|-activate|p2b: Venusaur|move: Protect\n|\n|-weather|SunnyDay|[upkeep]\n|-heal|p2b: Venusaur|15\/100|[from] item: Black Sludge\n|-damage|p1b: Archeops|88\/100|[from] Fire Pledge\n|-damage|p1a: Tyranitar|68\/100|[from] Fire Pledge\n|upkeep\n|\n|t:|1695753300\n|switch|p2a: Seismitoad|Seismitoad, M|100\/100\n|turn|4\n|\n|t:|1695753331\n|switch|p1a: Aggron|Aggron, M, shiny|100\/100\n|move|p2b: Venusaur|Seed Bomb|p1a: Aggron\n|-damage|p1a: Aggron|80\/100\n|move|p1b: Archeops|Air Slash|p2a: Seismitoad\n|-crit|p2a: Seismitoad\n|-damage|p2a: Seismitoad|36\/100\n|cant|p2a: Seismitoad|flinch\n|\n|-weather|SunnyDay|[upkeep]\n|-heal|p2b: Venusaur|21\/100|[from] item: Black Sludge\n|-damage|p1b: Archeops|76\/100|[from] Fire Pledge\n|-damage|p1a: Aggron|68\/100|[from] Fire Pledge\n|upkeep\n|turn|5\n|\n|t:|1695753380\n|move|p2b: Venusaur|Seed Bomb|p1b: Archeops\n|-damage|p1b: Archeops|22\/100\n|move|p1b: Archeops|Air Slash|p2a: Seismitoad\n|-damage|p2a: Seismitoad|14\/100\n|cant|p2a: Seismitoad|flinch\n|move|p1a: Aggron|Iron Head|p2b: Venusaur\n|-damage|p2b: Venusaur|0 fnt\n|faint|p2b: Venusaur\n|\n|-weather|SunnyDay|[upkeep]\n|-damage|p1b: Archeops|9\/100|[from] Fire Pledge\n|-damage|p1a: Aggron|55\/100|[from] Fire Pledge\n|-sideend|p1: NotBugSme|Fire Pledge\n|upkeep\n|\n|t:|1695753394\n|switch|p2b: Cinderace|Cinderace, F|89\/100\n|turn|6\n|\n|t:|1695753415\n|move|p2b: Cinderace|Weather Ball|p1a: Aggron\n|-damage|p1a: Aggron|6\/100\n|move|p1b: Archeops|Air Slash|p2a: Seismitoad\n|-damage|p2a: Seismitoad|0 fnt\n|faint|p2a: Seismitoad\n|move|p1a: Aggron|Body Press|p2b: Cinderace\n|-damage|p2b: Cinderace|40\/100\n|\n|-weather|SunnyDay|[upkeep]\n|upkeep\n|\n|t:|1695753425\n|switch|p2a: Claydol|Claydol|100\/100\n|turn|7\n|\n|t:|1695753456\n|move|p2b: Cinderace|Weather Ball|p1a: Aggron\n|-damage|p1a: Aggron|0 fnt\n|faint|p1a: Aggron\n|move|p1b: Archeops|Air Slash|p2b: Cinderace\n|-damage|p2b: Cinderace|2\/100\n|move|p2a: Claydol|Iron Defense|p2a: Claydol\n|-boost|p2a: Claydol|def|2\n|\n|-weather|none\n|upkeep\n|\n|t:|1695753469\n|switch|p1a: Tyranitar|Tyranitar, F, shiny|68\/100\n|-weather|Sandstorm|[from] ability: Sand Stream|[of] p1a: Tyranitar\n|turn|8\n|\n|t:|1695753478\n|move|p2b: Cinderace|Weather Ball|p1b: Archeops\n|-start|p2b: Cinderace|typechange|Rock|[from] ability: Libero\n|-supereffective|p1b: Archeops\n|-damage|p1b: Archeops|0 fnt\n|faint|p1b: Archeops\n|move|p1a: Tyranitar|Crunch|p2a: Claydol\n|-supereffective|p2a: Claydol\n|-damage|p2a: Claydol|60\/100\n|move|p2a: Claydol|Iron Defense|p2a: Claydol\n|-boost|p2a: Claydol|def|2\n|\n|-weather|Sandstorm|[upkeep]\n|-heal|p2a: Claydol|66\/100|[from] item: Leftovers\n|upkeep\n|\n|t:|1695753494\n|switch|p1b: Carbink|Carbink, shiny|100\/100\n|turn|9\n|\n|t:|1695753523\n|move|p2b: Cinderace|Weather Ball|p1b: Carbink\n|-crit|p1b: Carbink\n|-damage|p1b: Carbink|64\/100\n|move|p1a: Tyranitar|Crunch|p2b: Cinderace\n|-damage|p2b: Cinderace|0 fnt\n|faint|p2b: Cinderace\n|move|p2a: Claydol|Body Press|p1a: Tyranitar\n|-supereffective|p1a: Tyranitar\n|-damage|p1a: Tyranitar|0 fnt\n|faint|p1a: Tyranitar\n|move|p1b: Carbink|Iron Defense|p1b: Carbink\n|-boost|p1b: Carbink|def|2\n|\n|-weather|Sandstorm|[upkeep]\n|-heal|p2a: Claydol|72\/100|[from] item: Leftovers\n|-heal|p1b: Carbink|70\/100|[from] item: Leftovers\n|upkeep\n|\n|t:|1695753540\n|switch|p2b: Tyranitar|Tyranitar, M|100\/100\n|switch|p1a: Kingambit|Kingambit, F, shiny|100\/100\n|-activate|p1a: Kingambit|ability: Supreme Overlord\n|-start|p1a: Kingambit|fallen4|[silent]\n|turn|10\n|\n|t:|1695753560\n|move|p2a: Claydol|Iron Defense|p2a: Claydol\n|-boost|p2a: Claydol|def|2\n|move|p2b: Tyranitar|Rock Slide|p1a: Kingambit|[spread] p1b\n|-miss|p2b: Tyranitar|p1a: Kingambit\n|-damage|p1b: Carbink|62\/100\n|move|p1a: Kingambit|Kowtow Cleave|p2a: Claydol\n|-supereffective|p2a: Claydol\n|-damage|p2a: Claydol|36\/100\n|cant|p1b: Carbink|flinch\n|\n|-weather|Sandstorm|[upkeep]\n|-heal|p2a: Claydol|42\/100|[from] item: Leftovers\n|-heal|p1b: Carbink|68\/100|[from] item: Leftovers\n|upkeep\n|turn|11\n|\n|t:|1695753589\n|move|p1a: Kingambit|Sucker Punch|p2a: Claydol\n|-supereffective|p2a: Claydol\n|-damage|p2a: Claydol|16\/100\n|move|p2a: Claydol|Body Press|p1a: Kingambit\n|-supereffective|p1a: Kingambit\n|-damage|p1a: Kingambit|0 fnt\n|faint|p1a: Kingambit\n|-end|p1a: Kingambit|fallen4|[silent]\n|move|p2b: Tyranitar|Rock Slide|p1b: Carbink\n|-damage|p1b: Carbink|57\/100\n|move|p1b: Carbink|Body Press|p2b: Tyranitar\n|-supereffective|p2b: Tyranitar\n|-damage|p2b: Tyranitar|0 fnt\n|faint|p2b: Tyranitar\n|\n|-weather|Sandstorm|[upkeep]\n|-heal|p2a: Claydol|22\/100|[from] item: Leftovers\n|-heal|p1b: Carbink|63\/100|[from] item: Leftovers\n|upkeep\n|turn|12\n|\n|t:|1695753631\n|move|p2a: Claydol|Body Press|p1b: Carbink\n|-damage|p1b: Carbink|34\/100\n|move|p1b: Carbink|Body Press|p2a: Claydol\n|-resisted|p2a: Claydol\n|-damage|p2a: Claydol|15\/100\n|\n|-weather|none\n|-heal|p2a: Claydol|21\/100|[from] item: Leftovers\n|-heal|p1b: Carbink|40\/100|[from] item: Leftovers\n|upkeep\n|turn|13\n|\n|t:|1695753649\n|move|p2a: Claydol|Body Press|p1b: Carbink\n|-damage|p1b: Carbink|11\/100\n|move|p1b: Carbink|Rest|p1b: Carbink\n|-status|p1b: Carbink|slp|[from] move: Rest\n|-heal|p1b: Carbink|100\/100 slp|[silent]\n|\n|-heal|p2a: Claydol|28\/100|[from] item: Leftovers\n|upkeep\n|turn|14\n|\n|t:|1695753666\n|move|p2a: Claydol|Body Press|p1b: Carbink\n|-damage|p1b: Carbink|74\/100 slp\n|cant|p1b: Carbink|slp\n|move|p1b: Carbink|Sleep Talk|p1b: Carbink\n|move|p1b: Carbink|Iron Defense|p1b: Carbink|[from]move: Sleep Talk\n|-boost|p1b: Carbink|def|2\n|\n|-heal|p2a: Claydol|34\/100|[from] item: Leftovers\n|-heal|p1b: Carbink|80\/100 slp|[from] item: Leftovers\n|upkeep\n|turn|15\n|\n|t:|1695753682\n|move|p2a: Claydol|Body Press|p1b: Carbink\n|-damage|p1b: Carbink|59\/100 slp\n|cant|p1b: Carbink|slp\n|move|p1b: Carbink|Sleep Talk|p1b: Carbink\n|move|p1b: Carbink|Iron Defense|p1b: Carbink|[from]move: Sleep Talk\n|-boost|p1b: Carbink|def|2\n|\n|-heal|p2a: Claydol|40\/100|[from] item: Leftovers\n|-heal|p1b: Carbink|65\/100 slp|[from] item: Leftovers\n|upkeep\n|turn|16\n|\n|t:|1695753693\n|move|p2a: Claydol|Body Press|p1b: Carbink\n|-damage|p1b: Carbink|50\/100 slp\n|-curestatus|p1b: Carbink|slp|[msg]\n|move|p1b: Carbink|Body Press|p2a: Claydol\n|-resisted|p2a: Claydol\n|-damage|p2a: Claydol|27\/100\n|\n|-heal|p2a: Claydol|33\/100|[from] item: Leftovers\n|-heal|p1b: Carbink|56\/100|[from] item: Leftovers\n|upkeep\n|turn|17\n|\n|t:|1695753706\n|move|p2a: Claydol|Body Press|p1b: Carbink\n|-damage|p1b: Carbink|40\/100\n|move|p1b: Carbink|Body Press|p2a: Claydol\n|-resisted|p2a: Claydol\n|-damage|p2a: Claydol|19\/100\n|\n|-heal|p2a: Claydol|25\/100|[from] item: Leftovers\n|-heal|p1b: Carbink|46\/100|[from] item: Leftovers\n|upkeep\n|turn|18\n|\n|t:|1695753717\n|move|p2a: Claydol|Body Press|p1b: Carbink\n|-damage|p1b: Carbink|33\/100\n|move|p1b: Carbink|Body Press|p2a: Claydol\n|-resisted|p2a: Claydol\n|-damage|p2a: Claydol|13\/100\n|\n|-heal|p2a: Claydol|19\/100|[from] item: Leftovers\n|-heal|p1b: Carbink|38\/100|[from] item: Leftovers\n|upkeep\n|turn|19\n|\n|t:|1695753727\n|move|p2a: Claydol|Body Press|p1b: Carbink\n|-damage|p1b: Carbink|22\/100\n|move|p1b: Carbink|Body Press|p2a: Claydol\n|-resisted|p2a: Claydol\n|-damage|p2a: Claydol|6\/100\n|\n|-heal|p2a: Claydol|12\/100|[from] item: Leftovers\n|-heal|p1b: Carbink|28\/100|[from] item: Leftovers\n|upkeep\n|turn|20\n|\n|t:|1695753737\n|move|p2a: Claydol|Body Press|p1b: Carbink\n|-damage|p1b: Carbink|13\/100\n|move|p1b: Carbink|Rest|p1b: Carbink\n|-status|p1b: Carbink|slp|[from] move: Rest\n|-heal|p1b: Carbink|100\/100 slp|[silent]\n|\n|-heal|p2a: Claydol|18\/100|[from] item: Leftovers\n|upkeep\n|turn|21\n|\n|t:|1695753746\n|move|p2a: Claydol|Body Press|p1b: Carbink\n|-damage|p1b: Carbink|86\/100 slp\n|cant|p1b: Carbink|slp\n|move|p1b: Carbink|Sleep Talk|p1b: Carbink\n|move|p1b: Carbink|Body Press|p2a: Claydol|[from]move: Sleep Talk\n|-resisted|p2a: Claydol\n|-damage|p2a: Claydol|5\/100\n|\n|-heal|p2a: Claydol|11\/100|[from] item: Leftovers\n|-heal|p1b: Carbink|92\/100 slp|[from] item: Leftovers\n|upkeep\n|turn|22\n|\n|t:|1695753757\n|move|p2a: Claydol|Body Press|p1b: Carbink\n|-damage|p1b: Carbink|77\/100 slp\n|cant|p1b: Carbink|slp\n|move|p1b: Carbink|Sleep Talk|p1b: Carbink\n|move|p1b: Carbink|Iron Defense|p1b: Carbink|[from]move: Sleep Talk\n|-boost|p1b: Carbink|def|0\n|\n|-heal|p2a: Claydol|17\/100|[from] item: Leftovers\n|-heal|p1b: Carbink|83\/100 slp|[from] item: Leftovers\n|upkeep\n|turn|23\n|\n|t:|1695753768\n|move|p2a: Claydol|Body Press|p1b: Carbink\n|-damage|p1b: Carbink|67\/100 slp\n|-curestatus|p1b: Carbink|slp|[msg]\n|move|p1b: Carbink|Body Press|p2a: Claydol\n|-resisted|p2a: Claydol\n|-damage|p2a: Claydol|5\/100\n|\n|-heal|p2a: Claydol|11\/100|[from] item: Leftovers\n|-heal|p1b: Carbink|73\/100|[from] item: Leftovers\n|upkeep\n|turn|24\n|\n|t:|1695753779\n|move|p2a: Claydol|Body Press|p1b: Carbink\n|-damage|p1b: Carbink|59\/100\n|move|p1b: Carbink|Body Press|p2a: Claydol\n|-resisted|p2a: Claydol\n|-damage|p2a: Claydol|0 fnt\n|faint|p2a: Claydol\n|\n|win|NotBugSme\n","uploadtime":1695753798,"views":27,"p1id":"notbugsme","p2id":"clabeh","formatid":"gen9nationaldexdoubles","rating":0,"private":0,"password":""}