{"id":"gen9nationaldexdoubles-1984694031","p1":"Vyrusi","p2":"fumbari 24","format":"[Gen 9] National Dex Doubles","log":"|j|\u2606Vyrusi\n|j|\u2606fumbari 24\n|t:|1699291437\n|gametype|doubles\n|player|p1|Vyrusi|proton|1213\n|player|p2|fumbari 24|hilbert|1447\n|teamsize|p1|6\n|teamsize|p2|6\n|gen|9\n|tier|[Gen 9] National Dex Doubles\n|rated|\n|rule|HP Percentage Mod: HP is shown in percentages\n|rule|Endless Battle Clause: Forcing endless battles is banned\n|rule|OHKO Clause: OHKO moves are banned\n|rule|Evasion Moves Clause: Evasion moves are banned\n|rule|Evasion Abilities Clause: Evasion abilities are banned\n|rule|Species Clause: Limit one of each Pok\u00e9mon\n|rule|Gravity Sleep Clause: The combination of sleep-inducing moves with imperfect accuracy and Gravity or Gigantamax Orbeetle are banned\n|clearpoke\n|poke|p1|Cherrim, F|\n|poke|p1|Lurantis, F|\n|poke|p1|Charizard, M|\n|poke|p1|Malamar, M|\n|poke|p1|Walking Wake|\n|poke|p1|Golurk|\n|poke|p2|Corviknight, M|\n|poke|p2|Tapu Koko|\n|poke|p2|Heracross, M|\n|poke|p2|Gastrodon, M|\n|poke|p2|Wyrdeer, M|\n|poke|p2|Sableye, M|\n|teampreview\n|inactive|Battle timer is ON: inactive players will automatically lose when time's up. (requested by fumbari 24)\n|inactive|Vyrusi has 120 seconds left.\n|\n|t:|1699291483\n|start\n|switch|p1a: Golurk|Golurk, shiny|100\/100\n|switch|p1b: Malamar|Malamar, M|100\/100\n|switch|p2a: Raijin|Tapu Koko, shiny|100\/100\n|switch|p2b: Yami|Sableye, M|100\/100\n|-fieldstart|move: Electric Terrain|[from] ability: Electric Surge|[of] p2a: Raijin\n|turn|1\n|\n|t:|1699291494\n|move|p2b: Yami|Will-O-Wisp|p1a: Golurk\n|-status|p1a: Golurk|brn\n|move|p2a: Raijin|Volt Switch|p1b: Malamar\n|-damage|p1b: Malamar|62\/100\n|\n|t:|1699291502\n|switch|p2a: Corviknight|Corviknight, M, shiny|100\/100|[from] Volt Switch\n|move|p1a: Golurk|Earthquake|p2b: Yami|[spread] p1b,p2b\n|-immune|p2a: Corviknight\n|-damage|p1b: Malamar|42\/100\n|-damage|p2b: Yami|74\/100\n|move|p1b: Malamar|Trick Room|p1b: Malamar\n|-fieldstart|move: Trick Room|[of] p1b: Malamar\n|\n|-damage|p1a: Golurk|94\/100 brn|[from] brn\n|upkeep\n|turn|2\n|\n|t:|1699291520\n|move|p2b: Yami|Knock Off|p1b: Malamar\n|-damage|p1b: Malamar|14\/100\n|-enditem|p1b: Malamar|Tanga Berry|[from] move: Knock Off|[of] p2b: Yami\n|move|p1a: Golurk|Thunder Punch|p2a: Corviknight\n|-supereffective|p2a: Corviknight\n|-damage|p2a: Corviknight|54\/100\n|move|p1b: Malamar|Knock Off|p2a: Corviknight\n|-damage|p2a: Corviknight|25\/100\n|-enditem|p2a: Corviknight|Lum Berry|[from] move: Knock Off|[of] p1b: Malamar\n|move|p2a: Corviknight|Iron Head|p1a: Golurk\n|-damage|p1a: Golurk|58\/100 brn\n|\n|-damage|p1a: Golurk|52\/100 brn|[from] brn\n|upkeep\n|turn|3\n|\n|t:|1699291535\n|move|p2b: Yami|Quash|p1a: Golurk\n|-activate|p1a: Golurk|move: Quash\n|move|p1b: Malamar|Knock Off|p2b: Yami\n|-damage|p2b: Yami|35\/100\n|-enditem|p2b: Yami|Sitrus Berry|[from] move: Knock Off|[of] p1b: Malamar\n|move|p2a: Corviknight|Roost|p2a: Corviknight\n|-heal|p2a: Corviknight|75\/100\n|-singleturn|p2a: Corviknight|move: Roost\n|move|p1a: Golurk|Thunder Punch|p2a: Corviknight\n|-damage|p2a: Corviknight|52\/100\n|\n|-damage|p1a: Golurk|46\/100 brn|[from] brn\n|upkeep\n|turn|4\n|inactive|Vyrusi has 120 seconds left.\n|\n|t:|1699291565\n|move|p1b: Malamar|Protect|p1b: Malamar\n|-singleturn|p1b: Malamar|Protect\n|move|p2b: Yami|Knock Off|p1a: Golurk\n|-supereffective|p1a: Golurk\n|-damage|p1a: Golurk|0 fnt\n|-enditem|p1a: Golurk|Punching Glove|[from] move: Knock Off|[of] p2b: Yami\n|faint|p1a: Golurk\n|move|p2a: Corviknight|Roost|p2a: Corviknight\n|-heal|p2a: Corviknight|100\/100\n|-singleturn|p2a: Corviknight|move: Roost\n|\n|upkeep\n|inactive|Vyrusi has 120 seconds left.\n|\n|t:|1699291574\n|switch|p1a: Charizard|Charizard, M|100\/100\n|turn|5\n|\n|t:|1699291589\n|detailschange|p1a: Charizard|Charizard-Mega-Y, M\n|-mega|p1a: Charizard|Charizard|Charizardite Y\n|-weather|SunnyDay|[from] ability: Drought|[of] p1a: Charizard\n|-terastallize|p2a: Corviknight|Fire\n|move|p2b: Yami|Knock Off|p1b: Malamar\n|-damage|p1b: Malamar|0 fnt\n|faint|p1b: Malamar\n|move|p2a: Corviknight|Tailwind|p2a: Corviknight\n|-sidestart|p2: fumbari 24|move: Tailwind\n|move|p1a: Charizard|Heat Wave|p2b: Yami|[spread] p2a,p2b\n|-resisted|p2a: Corviknight\n|-damage|p2a: Corviknight|68\/100\n|-damage|p2b: Yami|0 fnt\n|faint|p2b: Yami\n|\n|-weather|SunnyDay|[upkeep]\n|-fieldend|move: Trick Room\n|-fieldend|move: Electric Terrain\n|upkeep\n|\n|t:|1699291601\n|switch|p1b: Walking Wake|Walking Wake|100\/100\n|switch|p2b: Raijin|Tapu Koko, shiny|100\/100\n|-fieldstart|move: Electric Terrain|[from] ability: Electric Surge|[of] p2b: Raijin\n|-activate|p1b: Walking Wake|ability: Protosynthesis\n|-start|p1b: Walking Wake|protosynthesisspa\n|turn|6\n|\n|t:|1699291620\n|switch|p2a: Shelldon|Gastrodon, M|100\/100\n|move|p2b: Raijin|Discharge|p1a: Charizard|[spread] p1a,p1b\n|-immune|p2a: Shelldon\n|-supereffective|p1a: Charizard\n|-damage|p1a: Charizard|28\/100\n|-damage|p1b: Walking Wake|48\/100\n|move|p1b: Walking Wake|Flip Turn|p2a: Shelldon\n|-ability|p2a: Shelldon|Storm Drain|boost\n|-boost|p2a: Shelldon|spa|1\n|move|p1a: Charizard|Heat Wave|p2a: Shelldon|[spread] p2a,p2b\n|-resisted|p2a: Shelldon\n|-crit|p2a: Shelldon\n|-damage|p2a: Shelldon|57\/100\n|-damage|p2b: Raijin|21\/100\n|-status|p2b: Raijin|brn\n|\n|-weather|SunnyDay|[upkeep]\n|-damage|p2b: Raijin|15\/100 brn|[from] brn\n|upkeep\n|turn|7\n|\n|t:|1699291649\n|move|p2b: Raijin|Discharge|p1b: Walking Wake|[spread] p1a,p1b\n|-immune|p2a: Shelldon\n|-supereffective|p1a: Charizard\n|-damage|p1a: Charizard|0 fnt\n|-damage|p1b: Walking Wake|0 fnt\n|faint|p1a: Charizard\n|faint|p1b: Walking Wake\n|-end|p1b: Walking Wake|Protosynthesis|[silent]\n|move|p2a: Shelldon|Recover|p2a: Shelldon\n|-heal|p2a: Shelldon|100\/100\n|\n|-weather|SunnyDay|[upkeep]\n|-damage|p2b: Raijin|9\/100 brn|[from] brn\n|upkeep\n|\n|t:|1699291653\n|switch|p1b: Cherrim|Cherrim, F, shiny|100\/100\n|switch|p1a: Lurantis|Lurantis, F|100\/100\n|-formechange|p1b: Cherrim|Cherrim-Sunshine|[msg]|[from] ability: Flower Gift\n|turn|8\n|\n|t:|1699291670\n|move|p2b: Raijin|Discharge|p1a: Lurantis|[spread] p1a,p1b\n|-immune|p2a: Shelldon\n|-resisted|p1a: Lurantis\n|-resisted|p1b: Cherrim\n|-damage|p1a: Lurantis|89\/100\n|-damage|p1b: Cherrim|81\/100\n|move|p2a: Shelldon|Ice Beam|p1b: Cherrim\n|-supereffective|p1b: Cherrim\n|-damage|p1b: Cherrim|23\/100\n|move|p1b: Cherrim|Pollen Puff|p1a: Lurantis\n|-heal|p1a: Lurantis|100\/100\n|move|p1a: Lurantis|Superpower|p2b: Raijin\n|-resisted|p2b: Raijin\n|-damage|p2b: Raijin|0 fnt\n|-boost|p1a: Lurantis|atk|1\n|-boost|p1a: Lurantis|def|1\n|faint|p2b: Raijin\n|\n|-weather|SunnyDay|[upkeep]\n|-heal|p1b: Cherrim|29\/100|[from] item: Leftovers\n|-sideend|p2: fumbari 24|move: Tailwind\n|upkeep\n|inactive|fumbari 24 has 120 seconds left.\n|\n|t:|1699291692\n|switch|p2b: Heracles|Heracross, M|100\/100\n|turn|9\n|\n|t:|1699291703\n|detailschange|p2b: Heracles|Heracross-Mega, M\n|-mega|p2b: Heracles|Heracross|Heracronite\n|-terastallize|p1a: Lurantis|Fighting\n|move|p1b: Cherrim|Protect|p1b: Cherrim\n|-singleturn|p1b: Cherrim|Protect\n|move|p2b: Heracles|Pin Missile|p1a: Lurantis\n|-resisted|p1a: Lurantis\n|-damage|p1a: Lurantis|95\/100\n|-resisted|p1a: Lurantis\n|-damage|p1a: Lurantis|90\/100\n|-resisted|p1a: Lurantis\n|-damage|p1a: Lurantis|84\/100\n|-resisted|p1a: Lurantis\n|-damage|p1a: Lurantis|79\/100\n|-resisted|p1a: Lurantis\n|-damage|p1a: Lurantis|74\/100\n|-hitcount|p1a: Lurantis|5\n|move|p1a: Lurantis|Superpower|p2b: Heracles\n|-resisted|p2b: Heracles\n|-damage|p2b: Heracles|54\/100\n|-boost|p1a: Lurantis|atk|1\n|-boost|p1a: Lurantis|def|1\n|move|p2a: Shelldon|Ice Beam|p1b: Cherrim\n|-activate|p1b: Cherrim|move: Protect\n|\n|-weather|none\n|-formechange|p1b: Cherrim|Cherrim|[msg]|[from] ability: Flower Gift\n|-heal|p1b: Cherrim|35\/100|[from] item: Leftovers\n|upkeep\n|turn|10\n|\n|t:|1699291725\n|move|p2b: Heracles|Close Combat|p1a: Lurantis\n|-damage|p1a: Lurantis|36\/100\n|-unboost|p2b: Heracles|def|1\n|-unboost|p2b: Heracles|spd|1\n|move|p1b: Cherrim|Pollen Puff|p1a: Lurantis\n|-heal|p1a: Lurantis|86\/100\n|move|p1a: Lurantis|Superpower|p2b: Heracles\n|-resisted|p2b: Heracles\n|-damage|p2b: Heracles|0 fnt\n|-boost|p1a: Lurantis|atk|1\n|-boost|p1a: Lurantis|def|1\n|faint|p2b: Heracles\n|move|p2a: Shelldon|Ice Beam|p1b: Cherrim\n|-supereffective|p1b: Cherrim\n|-damage|p1b: Cherrim|0 fnt\n|faint|p1b: Cherrim\n|\n|-fieldend|move: Electric Terrain\n|upkeep\n|\n|t:|1699291735\n|switch|p2b: Corviknight|Corviknight, M, shiny, tera:Fire|68\/100\n|turn|11\n|\n|t:|1699291745\n|move|p2b: Corviknight|Tailwind|p2b: Corviknight\n|-sidestart|p2: fumbari 24|move: Tailwind\n|-zpower|p2a: Shelldon\n|move|p2a: Shelldon|Tectonic Rage|p1a: Lurantis|[zeffect]\n|-damage|p1a: Lurantis|7\/100\n|move|p1a: Lurantis|Superpower|p2b: Corviknight\n|-damage|p2b: Corviknight|0 fnt\n|-boost|p1a: Lurantis|atk|1\n|-boost|p1a: Lurantis|def|1\n|faint|p2b: Corviknight\n|\n|upkeep\n|\n|t:|1699291754\n|switch|p2b: Stoick|Wyrdeer, M|100\/100\n|-ability|p2b: Stoick|Intimidate|boost\n|-boost|p1a: Lurantis|atk|1\n|turn|12\n|\n|t:|1699291759\n|move|p2b: Stoick|Tera Blast|p1a: Lurantis\n|-crit|p1a: Lurantis\n|-damage|p1a: Lurantis|0 fnt\n|faint|p1a: Lurantis\n|\n|win|fumbari 24\n|raw|Vyrusi's rating: 1213 &rarr; <strong>1203<\/strong><br \/>(-10 for losing)\n|raw|fumbari 24's rating: 1447 &rarr; <strong>1455<\/strong><br \/>(+8 for winning)\n|l|\u2606Vyrusi\n","uploadtime":1699291766,"views":6,"p1id":"vyrusi","p2id":"fumbari24","formatid":"gen9nationaldexdoubles","rating":1203,"private":0,"password":""}