{"id":"gen9nationaldexdoubles-1965091670","p1":"zeref203","p2":"Kango_yt7","format":"[Gen 9] National Dex Doubles","log":"|j|\u2606zeref203\n|j|\u2606Kango_yt7\n|t:|1697041834\n|gametype|doubles\n|player|p1|zeref203|2|1237\n|player|p2|Kango_yt7|2|1084\n|teamsize|p1|6\n|teamsize|p2|6\n|gen|9\n|tier|[Gen 9] National Dex Doubles\n|rated|\n|rule|HP Percentage Mod: HP is shown in percentages\n|rule|Endless Battle Clause: Forcing endless battles is banned\n|rule|OHKO Clause: OHKO moves are banned\n|rule|Evasion Moves Clause: Evasion moves are banned\n|rule|Evasion Abilities Clause: Evasion abilities are banned\n|rule|Species Clause: Limit one of each Pok\u00e9mon\n|rule|Gravity Sleep Clause: The combination of sleep-inducing moves with imperfect accuracy and Gravity or Gigantamax Orbeetle are banned\n|clearpoke\n|poke|p1|Great Tusk|\n|poke|p1|Ninetales, F|\n|poke|p1|Sableye, F|\n|poke|p1|Feraligatr, M|\n|poke|p1|Flutter Mane|\n|poke|p1|Mawile, M|\n|poke|p2|Volcarona, M|\n|poke|p2|Meowscarada, F|\n|poke|p2|Grimmsnarl, M|\n|poke|p2|Ferrothorn, F|\n|poke|p2|Gholdengo|\n|poke|p2|Dragonite, F|\n|teampreview\n|inactive|Battle timer is ON: inactive players will automatically lose when time's up. (requested by zeref203)\n|\n|t:|1697041856\n|start\n|switch|p1a: Ninetales|Ninetales, F|100\/100\n|switch|p1b: Sableye|Sableye, F|100\/100\n|switch|p2a: Grimmsnarl|Grimmsnarl, M|100\/100\n|switch|p2b: Ferrothorn|Ferrothorn, F|100\/100\n|-weather|SunnyDay|[from] ability: Drought|[of] p1a: Ninetales\n|turn|1\n|inactive|Kango_yt7 has 120 seconds left.\n|\n|t:|1697041896\n|move|p2a: Grimmsnarl|Light Screen|p2a: Grimmsnarl\n|-sidestart|p2: Kango_yt7|move: Light Screen\n|move|p1b: Sableye|Will-O-Wisp|p2b: Ferrothorn|[miss]\n|-miss|p1b: Sableye|p2b: Ferrothorn\n|move|p1a: Ninetales|Heat Wave|p2b: Ferrothorn|[spread] p2a,p2b\n|-supereffective|p2b: Ferrothorn\n|-damage|p2a: Grimmsnarl|72\/100\n|-damage|p2b: Ferrothorn|9\/100\n|move|p2b: Ferrothorn|Gyro Ball|p1b: Sableye\n|-damage|p1b: Sableye|61\/100\n|\n|-weather|SunnyDay|[upkeep]\n|-heal|p1b: Sableye|67\/100|[from] item: Leftovers\n|upkeep\n|turn|2\n|inactive|Kango_yt7 has 120 seconds left.\n|\n|t:|1697041914\n|switch|p1b: Mawile|Mawile, M|100\/100\n|-ability|p1b: Mawile|Intimidate|boost\n|-unboost|p2a: Grimmsnarl|atk|1\n|-unboost|p2b: Ferrothorn|atk|1\n|move|p2a: Grimmsnarl|Reflect|p2a: Grimmsnarl\n|-sidestart|p2: Kango_yt7|Reflect\n|move|p1a: Ninetales|Heat Wave|p2a: Grimmsnarl|[spread] p2a\n|-miss|p1a: Ninetales|p2b: Ferrothorn\n|-damage|p2a: Grimmsnarl|44\/100\n|move|p2b: Ferrothorn|Stealth Rock|p1a: Ninetales\n|-sidestart|p1: zeref203|move: Stealth Rock\n|\n|-weather|SunnyDay|[upkeep]\n|upkeep\n|turn|3\n|inactive|Kango_yt7 has 120 seconds left.\n|\n|t:|1697041942\n|detailschange|p1b: Mawile|Mawile-Mega, M\n|-mega|p1b: Mawile|Mawile|Mawilite\n|move|p1a: Ninetales|Heat Wave|p2b: Ferrothorn|[spread] p2a,p2b\n|-supereffective|p2b: Ferrothorn\n|-damage|p2a: Grimmsnarl|13\/100\n|-damage|p2b: Ferrothorn|0 fnt\n|faint|p2b: Ferrothorn\n|move|p2a: Grimmsnarl|Darkest Lariat|p1a: Ninetales\n|-damage|p1a: Ninetales|57\/100\n|move|p1b: Mawile|Iron Head|p2a: Grimmsnarl\n|-supereffective|p2a: Grimmsnarl\n|-damage|p2a: Grimmsnarl|0 fnt\n|faint|p2a: Grimmsnarl\n|\n|-weather|SunnyDay|[upkeep]\n|upkeep\n|inactive|Kango_yt7 has 120 seconds left.\n|\n|t:|1697041971\n|switch|p2a: Volcarona|Volcarona, M|100\/100\n|switch|p2b: Dragonite|Dragonite, F|100\/100\n|turn|4\n|inactive|Kango_yt7 has 120 seconds left.\n|\n|t:|1697041983\n|move|p1a: Ninetales|Protect|p1a: Ninetales\n|-singleturn|p1a: Ninetales|Protect\n|move|p2a: Volcarona|Quiver Dance|p2a: Volcarona\n|-boost|p2a: Volcarona|spa|1\n|-boost|p2a: Volcarona|spd|1\n|-boost|p2a: Volcarona|spe|1\n|move|p2b: Dragonite|Dragon Dance|p2b: Dragonite\n|-boost|p2b: Dragonite|atk|1\n|-boost|p2b: Dragonite|spe|1\n|move|p1b: Mawile|Play Rough|p2b: Dragonite\n|-supereffective|p2b: Dragonite\n|-damage|p2b: Dragonite|0 fnt\n|faint|p2b: Dragonite\n|\n|-weather|SunnyDay|[upkeep]\n|upkeep\n|inactive|Kango_yt7 has 120 seconds left.\n|\n|t:|1697042001\n|switch|p2b: Gholdengo|Gholdengo|100\/100\n|turn|5\n|inactive|Kango_yt7 has 120 seconds left.\n|\n|t:|1697042017\n|move|p1b: Mawile|Sucker Punch|p2b: Gholdengo\n|-supereffective|p2b: Gholdengo\n|-damage|p2b: Gholdengo|43\/100\n|move|p2a: Volcarona|Air Slash|p1b: Mawile\n|-resisted|p1b: Mawile\n|-damage|p1b: Mawile|73\/100\n|move|p1a: Ninetales|Heat Wave|p2a: Volcarona|[spread] p2a,p2b\n|-supereffective|p2b: Gholdengo\n|-damage|p2a: Volcarona|82\/100\n|-damage|p2b: Gholdengo|0 fnt\n|faint|p2b: Gholdengo\n|\n|-weather|SunnyDay|[upkeep]\n|-heal|p2a: Volcarona|88\/100|[from] item: Leftovers\n|upkeep\n|inactive|Kango_yt7 has 120 seconds left.\n|\n|t:|1697042026\n|switch|p2b: Meowscarada|Meowscarada, F|100\/100\n|turn|6\n|inactive|Kango_yt7 has 120 seconds left.\n|\n|t:|1697042061\n|-terastallize|p2b: Meowscarada|Grass\n|move|p2b: Meowscarada|Sucker Punch|p1b: Mawile\n|-resisted|p1b: Mawile\n|-damage|p1b: Mawile|55\/100\n|-damage|p2b: Meowscarada|91\/100|[from] item: Life Orb\n|move|p2a: Volcarona|Air Slash|p1a: Ninetales\n|-damage|p1a: Ninetales|4\/100\n|cant|p1a: Ninetales|flinch\n|move|p1b: Mawile|Play Rough|p2b: Meowscarada\n|-damage|p2b: Meowscarada|0 fnt\n|faint|p2b: Meowscarada\n|\n|-weather|SunnyDay|[upkeep]\n|-heal|p2a: Volcarona|94\/100|[from] item: Leftovers\n|upkeep\n|turn|7\n|inactive|Kango_yt7 has 120 seconds left.\n|\n|t:|1697042082\n|move|p1a: Ninetales|Protect|p1a: Ninetales\n|-singleturn|p1a: Ninetales|Protect\n|move|p2a: Volcarona|Bug Buzz|p1b: Mawile\n|-resisted|p1b: Mawile\n|-damage|p1b: Mawile|33\/100\n|move|p1b: Mawile|Iron Head|p2a: Volcarona\n|-resisted|p2a: Volcarona\n|-damage|p2a: Volcarona|51\/100\n|\n|-weather|SunnyDay|[upkeep]\n|-heal|p2a: Volcarona|57\/100|[from] item: Leftovers\n|upkeep\n|turn|8\n|\n|t:|1697042100\n|move|p2a: Volcarona|Bug Buzz|p1b: Mawile\n|-resisted|p1b: Mawile\n|-damage|p1b: Mawile|11\/100\n|move|p1a: Ninetales|Dark Pulse|p2a: Volcarona\n|-damage|p2a: Volcarona|48\/100\n|move|p1b: Mawile|Play Rough|p2a: Volcarona\n|-resisted|p2a: Volcarona\n|-damage|p2a: Volcarona|3\/100\n|\n|-weather|none\n|-heal|p2a: Volcarona|9\/100|[from] item: Leftovers\n|-sideend|p2: Kango_yt7|move: Light Screen\n|upkeep\n|turn|9\n|\n|t:|1697042115\n|move|p1b: Mawile|Sucker Punch|p2a: Volcarona\n|-damage|p2a: Volcarona|0 fnt\n|faint|p2a: Volcarona\n|\n|win|zeref203\n|raw|zeref203's rating: 1237 &rarr; <strong>1252<\/strong><br \/>(+15 for winning)\n|raw|Kango_yt7's rating: 1084 &rarr; <strong>1071<\/strong><br \/>(-13 for losing)\n|l|\u2606Kango_yt7\n","uploadtime":1697042122,"views":11,"p1id":"zeref203","p2id":"kangoyt7","formatid":"gen9nationaldexdoubles","rating":1071,"private":0,"password":""}