{"id":"gen9nationaldexdoubles-1972434837","p1":"Jfj fj h gj","p2":"Enid Rhee","format":"[Gen 9] National Dex Doubles","log":"|j|\u2606Jfj fj h gj\n|j|\u2606Enid Rhee\n|t:|1697842448\n|gametype|doubles\n|player|p1|Jfj fj h gj|lucas|1000\n|player|p2|Enid Rhee|dawn|1071\n|teamsize|p1|6\n|teamsize|p2|6\n|gen|9\n|tier|[Gen 9] National Dex Doubles\n|rated|\n|rule|HP Percentage Mod: HP is shown in percentages\n|rule|Endless Battle Clause: Forcing endless battles is banned\n|rule|OHKO Clause: OHKO moves are banned\n|rule|Evasion Moves Clause: Evasion moves are banned\n|rule|Evasion Abilities Clause: Evasion abilities are banned\n|rule|Species Clause: Limit one of each Pok\u00e9mon\n|rule|Gravity Sleep Clause: The combination of sleep-inducing moves with imperfect accuracy and Gravity or Gigantamax Orbeetle are banned\n|clearpoke\n|poke|p1|Blastoise, F|\n|poke|p1|Clefable, F|\n|poke|p1|Indeedee-F, F|\n|poke|p1|Mr. Mime, F|\n|poke|p1|Glastrier|\n|poke|p1|Oranguru, F|\n|poke|p2|Jolteon, M|\n|poke|p2|Zapdos|\n|poke|p2|Electrode|\n|poke|p2|Electabuzz, M|\n|poke|p2|Raichu, M|\n|poke|p2|Magneton|\n|teampreview\n|inactive|Battle timer is ON: inactive players will automatically lose when time's up. (requested by Jfj fj h gj)\n|\n|t:|1697842467\n|start\n|switch|p1a: Glastrier|Glastrier|100\/100\n|switch|p1b: Indeedee|Indeedee-F, F|100\/100\n|switch|p2a: Jolteon|Jolteon, M|100\/100\n|switch|p2b: Electrode|Electrode|100\/100\n|-item|p2b: Electrode|Air Balloon\n|-fieldstart|move: Psychic Terrain|[from] ability: Psychic Surge|[of] p1b: Indeedee\n|turn|1\n|\n|t:|1697842496\n|move|p1a: Glastrier|Protect|p1a: Glastrier\n|-singleturn|p1a: Glastrier|Protect\n|move|p2b: Electrode|Headbutt|p1a: Glastrier\n|-activate|p1a: Glastrier|move: Protect\n|move|p2a: Jolteon|Volt Switch|p1a: Glastrier\n|-activate|p1a: Glastrier|move: Protect\n|move|p1b: Indeedee|Trick Room|p1b: Indeedee\n|-fieldstart|move: Trick Room|[of] p1b: Indeedee\n|\n|upkeep\n|turn|2\n|\n|t:|1697842517\n|-terastallize|p1a: Glastrier|Ice\n|move|p1b: Indeedee|Follow Me|p1b: Indeedee\n|-singleturn|p1b: Indeedee|move: Follow Me\n|move|p1a: Glastrier|Icicle Spear|p2b: Electrode\n|-damage|p2b: Electrode|71\/100\n|-enditem|p2b: Electrode|Air Balloon\n|-damage|p2b: Electrode|42\/100\n|-damage|p2b: Electrode|15\/100\n|-damage|p2b: Electrode|0 fnt\n|faint|p2b: Electrode\n|-ability|p1a: Glastrier|Chilling Neigh|boost\n|-boost|p1a: Glastrier|atk|1\n|-hitcount|p2: Electrode|4\n|move|p2a: Jolteon|Volt Switch|p1b: Indeedee\n|-damage|p1b: Indeedee|67\/100\n|inactive|Enid Rhee has 120 seconds left.\n|\n|t:|1697842544\n|switch|p2a: Electabuzz|Electabuzz, M|100\/100|[from] Volt Switch\n|\n|upkeep\n|\n|t:|1697842550\n|switch|p2b: Magneton|Magneton|100\/100\n|turn|3\n|\n|t:|1697842564\n|move|p1b: Indeedee|Follow Me|p1b: Indeedee\n|-singleturn|p1b: Indeedee|move: Follow Me\n|move|p1a: Glastrier|Icicle Spear|p2b: Magneton\n|-resisted|p2b: Magneton\n|-damage|p2b: Magneton|88\/100\n|-resisted|p2b: Magneton\n|-damage|p2b: Magneton|76\/100\n|-resisted|p2b: Magneton\n|-damage|p2b: Magneton|64\/100\n|-resisted|p2b: Magneton\n|-damage|p2b: Magneton|52\/100\n|-hitcount|p2b: Magneton|4\n|move|p2b: Magneton|Flash Cannon|p1b: Indeedee\n|-damage|p1b: Indeedee|32\/100\n|move|p2a: Electabuzz|Cross Chop|p1b: Indeedee\n|-damage|p1b: Indeedee|8\/100\n|\n|upkeep\n|turn|4\n|\n|t:|1697842590\n|move|p1b: Indeedee|Follow Me|p1b: Indeedee\n|-singleturn|p1b: Indeedee|move: Follow Me\n|move|p1a: Glastrier|Stomping Tantrum|p2b: Magneton\n|-supereffective|p2b: Magneton\n|-damage|p2b: Magneton|0 fnt\n|faint|p2b: Magneton\n|-ability|p1a: Glastrier|Chilling Neigh|boost\n|-boost|p1a: Glastrier|atk|1\n|move|p2a: Electabuzz|Fire Punch|p1b: Indeedee\n|-damage|p1b: Indeedee|0 fnt\n|faint|p1b: Indeedee\n|\n|upkeep\n|\n|t:|1697842613\n|switch|p1b: Oranguru|Oranguru, F|100\/100\n|switch|p2b: Raichu|Raichu, M|100\/100\n|turn|5\n|\n|t:|1697842622\n|move|p2b: Raichu|Fake Out|p1b: Oranguru\n|-activate|p1b: Oranguru|move: Psychic Terrain\n|move|p1a: Glastrier|Icicle Spear|p2a: Electabuzz\n|-damage|p2a: Electabuzz|44\/100\n|-damage|p2a: Electabuzz|0 fnt\n|faint|p2a: Electabuzz\n|-ability|p1a: Glastrier|Chilling Neigh|boost\n|-boost|p1a: Glastrier|atk|1\n|-hitcount|p2: Electabuzz|2\n|move|p1b: Oranguru|Instruct|p1a: Glastrier\n|-singleturn|p1a: Glastrier|move: Instruct|[of] p1b: Oranguru\n|move|p1a: Glastrier|Icicle Spear|p2b: Raichu\n|-damage|p2b: Raichu|0 fnt\n|faint|p2b: Raichu\n|-ability|p1a: Glastrier|Chilling Neigh|boost\n|-boost|p1a: Glastrier|atk|1\n|-hitcount|p2: Raichu|1\n|\n|-fieldend|move: Trick Room\n|-fieldend|move: Psychic Terrain\n|upkeep\n|-message|Enid Rhee forfeited.\n|\n|win|Jfj fj h gj\n|raw|Jfj fj h gj's rating: 1000 &rarr; <strong>1048<\/strong><br \/>(+48 for winning)\n|raw|Enid Rhee's rating: 1071 &rarr; <strong>1046<\/strong><br \/>(-25 for losing)\n|l|\u2606Enid Rhee\n","uploadtime":1697842645,"views":5,"p1id":"jfjfjhgj","p2id":"enidrhee","formatid":"gen9nationaldexdoubles","rating":1046,"private":0,"password":""}