{"id":"gen9nationaldexdoubles-1991234278","p1":"AnonymousThe1","p2":"AceCoyoteNK","format":"[Gen 9] National Dex Doubles","log":"|j|\u2606AnonymousThe1\n|j|\u2606AceCoyoteNK\n|t:|1700059791\n|gametype|doubles\n|player|p1|AnonymousThe1|unknown|1285\n|player|p2|AceCoyoteNK|lady|1126\n|teamsize|p1|6\n|teamsize|p2|6\n|gen|9\n|tier|[Gen 9] National Dex Doubles\n|rated|\n|rule|HP Percentage Mod: HP is shown in percentages\n|rule|Endless Battle Clause: Forcing endless battles is banned\n|rule|OHKO Clause: OHKO moves are banned\n|rule|Evasion Moves Clause: Evasion moves are banned\n|rule|Evasion Abilities Clause: Evasion abilities are banned\n|rule|Species Clause: Limit one of each Pok\u00e9mon\n|rule|Gravity Sleep Clause: The combination of sleep-inducing moves with imperfect accuracy and Gravity or Gigantamax Orbeetle are banned\n|clearpoke\n|poke|p1|Garchomp, M|\n|poke|p1|Toxapex, M|\n|poke|p1|Charizard, F|\n|poke|p1|Cresselia, F|\n|poke|p1|Lilligant-Hisui, F|\n|poke|p1|Moltres-Galar|\n|poke|p2|Tyranitar, F|\n|poke|p2|Goodra-Hisui, M|\n|poke|p2|Ninetales-Alola, F|\n|poke|p2|Iron Hands|\n|poke|p2|Amoonguss, M|\n|poke|p2|Incineroar, M|\n|teampreview\n|inactive|Battle timer is ON: inactive players will automatically lose when time's up. (requested by AceCoyoteNK)\n|\n|t:|1700059811\n|start\n|switch|p1a: Charizard|Charizard, F, shiny|100\/100\n|switch|p1b: Garchomp|Garchomp, M|100\/100\n|switch|p2a: Caviar|Goodra-Hisui, M|100\/100\n|switch|p2b: GEN 8 Nightmare|Incineroar, M|100\/100\n|-ability|p2b: GEN 8 Nightmare|Intimidate|boost\n|-unboost|p1a: Charizard|atk|1\n|-unboost|p1b: Garchomp|atk|1\n|turn|1\n|\n|t:|1700059839\n|detailschange|p1a: Charizard|Charizard-Mega-Y, F, shiny\n|-mega|p1a: Charizard|Charizard|Charizardite Y\n|-weather|SunnyDay|[from] ability: Drought|[of] p1a: Charizard\n|-terastallize|p2a: Caviar|Water\n|move|p2b: GEN 8 Nightmare|Fake Out|p1b: Garchomp\n|-damage|p1b: Garchomp|86\/100\n|-damage|p2b: GEN 8 Nightmare|88\/100|[from] ability: Rough Skin|[of] p1b: Garchomp\n|cant|p1b: Garchomp|flinch\n|move|p1a: Charizard|Tailwind|p1a: Charizard\n|-sidestart|p1: AnonymousThe1|move: Tailwind\n|move|p2a: Caviar|Acid Armor|p2a: Caviar\n|-boost|p2a: Caviar|def|2\n|\n|-weather|SunnyDay|[upkeep]\n|upkeep\n|turn|2\n|\n|t:|1700059856\n|move|p1b: Garchomp|Swords Dance|p1b: Garchomp\n|-boost|p1b: Garchomp|atk|2\n|move|p1a: Charizard|Solar Beam||[still]\n|-prepare|p1a: Charizard|Solar Beam\n|-anim|p1a: Charizard|Solar Beam|p2a: Caviar\n|-ability|p2a: Caviar|Sap Sipper|boost\n|-boost|p2a: Caviar|atk|1\n|move|p2a: Caviar|Acid Armor|p2a: Caviar\n|-boost|p2a: Caviar|def|2\n|move|p2b: GEN 8 Nightmare|Parting Shot|p1b: Garchomp\n|-unboost|p1b: Garchomp|atk|1\n|-unboost|p1b: Garchomp|spa|1\n|\n|t:|1700059874\n|switch|p2b: Iron fists|Iron Hands|100\/100|[from] Parting Shot\n|\n|-weather|SunnyDay|[upkeep]\n|upkeep\n|turn|3\n|\n|t:|1700059888\n|move|p1b: Garchomp|Earthquake|p2b: Iron fists|[spread] p2a,p2b\n|-immune|p1a: Charizard\n|-supereffective|p2b: Iron fists\n|-damage|p2a: Caviar|90\/100\n|-damage|p2b: Iron fists|46\/100\n|move|p1a: Charizard|Heat Wave|p2a: Caviar|[spread] p2a,p2b\n|-resisted|p2a: Caviar\n|-damage|p2a: Caviar|67\/100\n|-damage|p2b: Iron fists|4\/100\n|move|p2a: Caviar|Acid Armor|p2a: Caviar\n|-boost|p2a: Caviar|def|2\n|move|p2b: Iron fists|Ice Punch|p1b: Garchomp\n|-supereffective|p1b: Garchomp\n|-damage|p1b: Garchomp|0 fnt\n|-damage|p2b: Iron fists|0 fnt|[from] ability: Rough Skin|[of] p1b: Garchomp\n|faint|p1b: Garchomp\n|faint|p2b: Iron fists\n|-end|p2b: Iron fists|Quark Drive|[silent]\n|\n|-weather|SunnyDay|[upkeep]\n|-heal|p2a: Caviar|73\/100|[from] item: Leftovers\n|upkeep\n|\n|t:|1700059909\n|switch|p1b: Toxapex|Toxapex, M, shiny|100\/100\n|switch|p2b: GEN 8 Nightmare|Incineroar, M|88\/100\n|-ability|p2b: GEN 8 Nightmare|Intimidate|boost\n|-unboost|p1a: Charizard|atk|1\n|-unboost|p1b: Toxapex|atk|1\n|turn|4\n|\n|t:|1700059924\n|move|p2b: GEN 8 Nightmare|Fake Out|p1b: Toxapex\n|-damage|p1b: Toxapex|87\/100\n|move|p1a: Charizard|Dragon Pulse|p2a: Caviar\n|-damage|p2a: Caviar|46\/100\n|cant|p1b: Toxapex|flinch\n|move|p2a: Caviar|Body Press|p1b: Toxapex\n|-resisted|p1b: Toxapex\n|-damage|p1b: Toxapex|47\/100\n|\n|-weather|SunnyDay|[upkeep]\n|-heal|p1b: Toxapex|53\/100|[from] item: Leftovers\n|-heal|p2a: Caviar|52\/100|[from] item: Leftovers\n|-sideend|p1: AnonymousThe1|move: Tailwind\n|upkeep\n|turn|5\n|\n|t:|1700059939\n|move|p2a: Caviar|Protect|p2a: Caviar\n|-singleturn|p2a: Caviar|Protect\n|move|p1a: Charizard|Dragon Pulse|p2a: Caviar\n|-activate|p2a: Caviar|move: Protect\n|move|p2b: GEN 8 Nightmare|Parting Shot|p1a: Charizard\n|-unboost|p1a: Charizard|atk|1\n|-unboost|p1a: Charizard|spa|1\n|\n|t:|1700059948\n|switch|p2b: Amogus|Amoonguss, M|100\/100|[from] Parting Shot\n|move|p1b: Toxapex|Toxic|p2a: Caviar\n|-activate|p2a: Caviar|move: Protect\n|\n|-weather|none\n|-heal|p2a: Caviar|59\/100|[from] item: Leftovers\n|-heal|p1b: Toxapex|59\/100|[from] item: Leftovers\n|upkeep\n|turn|6\n|\n|t:|1700059964\n|switch|p1a: Cresselia|Cresselia, F, shiny|100\/100\n|move|p2b: Amogus|Rage Powder|p2b: Amogus\n|-singleturn|p2b: Amogus|move: Rage Powder\n|move|p2a: Caviar|Body Press|p1b: Toxapex\n|-resisted|p1b: Toxapex\n|-damage|p1b: Toxapex|16\/100\n|move|p1b: Toxapex|Toxic|p2b: Amogus\n|-immune|p2b: Amogus\n|\n|-heal|p2a: Caviar|65\/100|[from] item: Leftovers\n|-heal|p1b: Toxapex|22\/100|[from] item: Leftovers\n|upkeep\n|turn|7\n|\n|t:|1700059981\n|move|p2a: Caviar|Protect|p2a: Caviar\n|-singleturn|p2a: Caviar|Protect\n|move|p1b: Toxapex|Baneful Bunker|p1b: Toxapex\n|-singleturn|p1b: Toxapex|move: Protect\n|move|p1a: Cresselia|Lunar Blessing|p1a: Cresselia|[spread] p1a,p1b\n|-heal|p1b: Toxapex|47\/100\n|move|p2b: Amogus|Spore|p1b: Toxapex\n|-activate|p1b: Toxapex|move: Protect\n|\n|-heal|p2a: Caviar|71\/100|[from] item: Leftovers\n|-heal|p1b: Toxapex|54\/100|[from] item: Leftovers\n|upkeep\n|turn|8\n|\n|t:|1700060001\n|move|p2b: Amogus|Rage Powder|p2b: Amogus\n|-singleturn|p2b: Amogus|move: Rage Powder\n|move|p1a: Cresselia|Lunar Blessing|p1a: Cresselia|[spread] p1a,p1b\n|-heal|p1b: Toxapex|79\/100\n|move|p2a: Caviar|Body Press|p1b: Toxapex\n|-resisted|p1b: Toxapex\n|-damage|p1b: Toxapex|31\/100\n|move|p1b: Toxapex|Sludge Bomb|p2b: Amogus\n|-damage|p2b: Amogus|79\/100\n|\n|-heal|p2a: Caviar|77\/100|[from] item: Leftovers\n|-heal|p1b: Toxapex|37\/100|[from] item: Leftovers\n|upkeep\n|turn|9\n|\n|t:|1700060017\n|move|p1b: Toxapex|Baneful Bunker|p1b: Toxapex\n|-singleturn|p1b: Toxapex|move: Protect\n|move|p2b: Amogus|Rage Powder|p2b: Amogus\n|-singleturn|p2b: Amogus|move: Rage Powder\n|move|p1a: Cresselia|Lunar Blessing|p1a: Cresselia|[spread] p1a,p1b\n|-heal|p1b: Toxapex|62\/100\n|move|p2a: Caviar|Body Press|p1b: Toxapex\n|-activate|p1b: Toxapex|move: Protect\n|-status|p2a: Caviar|psn\n|\n|-heal|p2a: Caviar|84\/100 psn|[from] item: Leftovers\n|-heal|p1b: Toxapex|69\/100|[from] item: Leftovers\n|-damage|p2a: Caviar|71\/100 psn|[from] psn\n|upkeep\n|turn|10\n|\n|t:|1700060046\n|move|p1a: Cresselia|Reflect|p1a: Cresselia\n|-sidestart|p1: AnonymousThe1|Reflect\n|move|p2a: Caviar|Heavy Slam|p1b: Toxapex\n|-resisted|p1b: Toxapex\n|-damage|p1b: Toxapex|50\/100\n|move|p1b: Toxapex|Recover|p1b: Toxapex\n|-heal|p1b: Toxapex|99\/100\n|move|p2b: Amogus|Pollen Puff|p2a: Caviar\n|-heal|p2a: Caviar|100\/100 psn\n|\n|-heal|p1b: Toxapex|100\/100|[from] item: Leftovers\n|-damage|p2a: Caviar|88\/100 psn|[from] psn\n|upkeep\n|turn|11\n|\n|t:|1700060068\n|switch|p2b: Good Girl|Ninetales-Alola, F, shiny|100\/100\n|-weather|Snow|[from] ability: Snow Warning|[of] p2b: Good Girl\n|move|p2a: Caviar|Protect|p2a: Caviar\n|-singleturn|p2a: Caviar|Protect\n|move|p1a: Cresselia|Moonblast|p2a: Caviar\n|-activate|p2a: Caviar|move: Protect\n|move|p1b: Toxapex|Sludge Bomb|p2a: Caviar\n|-activate|p2a: Caviar|move: Protect\n|\n|-weather|Snow|[upkeep]\n|-heal|p2a: Caviar|94\/100 psn|[from] item: Leftovers\n|-damage|p2a: Caviar|82\/100 psn|[from] psn\n|upkeep\n|turn|12\n|\n|t:|1700060090\n|switch|p1a: Moltres|Moltres-Galar, shiny|100\/100\n|move|p2b: Good Girl|Blizzard|p1a: Moltres|[spread] p1a,p1b\n|-supereffective|p1a: Moltres\n|-resisted|p1b: Toxapex\n|-damage|p1a: Moltres|33\/100\n|-damage|p1b: Toxapex|84\/100\n|-enditem|p1a: Moltres|Weakness Policy\n|-boost|p1a: Moltres|atk|2|[from] item: Weakness Policy\n|-boost|p1a: Moltres|spa|2|[from] item: Weakness Policy\n|-ability|p1a: Moltres|Berserk|boost\n|-boost|p1a: Moltres|spa|1\n|-damage|p2b: Good Girl|91\/100|[from] item: Life Orb\n|move|p2a: Caviar|Body Press|p1a: Moltres\n|-damage|p1a: Moltres|0 fnt\n|faint|p1a: Moltres\n|move|p1b: Toxapex|Toxic|p2b: Good Girl\n|-status|p2b: Good Girl|tox\n|\n|-weather|Snow|[upkeep]\n|-heal|p2a: Caviar|88\/100 psn|[from] item: Leftovers\n|-heal|p1b: Toxapex|91\/100|[from] item: Leftovers\n|-damage|p2b: Good Girl|85\/100 tox|[from] psn\n|-damage|p2a: Caviar|75\/100 psn|[from] psn\n|upkeep\n|inactive|AnonymousThe1 has 120 seconds left.\n|\n|t:|1700060110\n|switch|p1a: Charizard|Charizard-Mega-Y, F, shiny|100\/100\n|-weather|SunnyDay|[from] ability: Drought|[of] p1a: Charizard\n|turn|13\n|\n|t:|1700060123\n|switch|p2b: GEN 8 Nightmare|Incineroar, M|88\/100\n|-ability|p2b: GEN 8 Nightmare|Intimidate|boost\n|-unboost|p1a: Charizard|atk|1\n|-unboost|p1b: Toxapex|atk|1\n|move|p1a: Charizard|Heat Wave|p2b: GEN 8 Nightmare|[spread] p2b\n|-miss|p1a: Charizard|p2a: Caviar\n|-resisted|p2b: GEN 8 Nightmare\n|-damage|p2b: GEN 8 Nightmare|57\/100\n|-enditem|p2b: GEN 8 Nightmare|Red Card|[of] p1a: Charizard\n|drag|p1a: Lilligant|Lilligant-Hisui, F, shiny|100\/100\n|move|p2a: Caviar|Body Press|p1a: Lilligant\n|-damage|p1a: Lilligant|0 fnt\n|faint|p1a: Lilligant\n|move|p1b: Toxapex|Sludge Bomb|p2a: Caviar\n|-damage|p2a: Caviar|58\/100 psn\n|\n|-weather|SunnyDay|[upkeep]\n|-heal|p2a: Caviar|64\/100 psn|[from] item: Leftovers\n|-heal|p1b: Toxapex|97\/100|[from] item: Leftovers\n|-damage|p2a: Caviar|52\/100 psn|[from] psn\n|upkeep\n|inactive|AnonymousThe1 has 120 seconds left.\n|\n|t:|1700060149\n|switch|p1a: Cresselia|Cresselia, F, shiny|100\/100\n|turn|14\n|\n|t:|1700060165\n|move|p2a: Caviar|Protect|p2a: Caviar\n|-singleturn|p2a: Caviar|Protect\n|move|p1a: Cresselia|Moonblast|p2a: Caviar\n|-activate|p2a: Caviar|move: Protect\n|move|p2b: GEN 8 Nightmare|Darkest Lariat|p1a: Cresselia\n|-supereffective|p1a: Cresselia\n|-damage|p1a: Cresselia|62\/100\n|move|p1b: Toxapex|Toxic|p2b: GEN 8 Nightmare\n|-status|p2b: GEN 8 Nightmare|tox\n|\n|-weather|SunnyDay|[upkeep]\n|-heal|p2a: Caviar|58\/100 psn|[from] item: Leftovers\n|-heal|p1b: Toxapex|100\/100|[from] item: Leftovers\n|-damage|p2a: Caviar|46\/100 psn|[from] psn\n|-damage|p2b: GEN 8 Nightmare|51\/100 tox|[from] psn\n|-sideend|p1: AnonymousThe1|Reflect\n|upkeep\n|turn|15\n|\n|t:|1700060193\n|-terastallize|p1a: Cresselia|Fairy\n|move|p1a: Cresselia|Reflect|p1a: Cresselia\n|-sidestart|p1: AnonymousThe1|Reflect\n|move|p2a: Caviar|Body Press|p1a: Cresselia\n|-resisted|p1a: Cresselia\n|-damage|p1a: Cresselia|41\/100\n|move|p2b: GEN 8 Nightmare|Parting Shot|p1a: Cresselia\n|-unboost|p1a: Cresselia|atk|1\n|-unboost|p1a: Cresselia|spa|1\n|inactive|AceCoyoteNK has 120 seconds left.\n|\n|t:|1700060210\n|switch|p2b: Amogus|Amoonguss, M|100\/100|[from] Parting Shot\n|move|p1b: Toxapex|Sludge Bomb|p2a: Caviar\n|-damage|p2a: Caviar|29\/100 psn\n|\n|-weather|SunnyDay|[upkeep]\n|-heal|p2a: Caviar|35\/100 psn|[from] item: Leftovers\n|-damage|p2a: Caviar|22\/100 psn|[from] psn\n|upkeep\n|turn|16\n|\n|t:|1700060235\n|move|p1a: Cresselia|Thunder Wave|p2b: Amogus\n|-status|p2b: Amogus|par\n|move|p2a: Caviar|Body Press|p1a: Cresselia\n|-resisted|p1a: Cresselia\n|-damage|p1a: Cresselia|19\/100\n|-enditem|p1a: Cresselia|Aguav Berry|[eat]\n|-heal|p1a: Cresselia|53\/100|[from] item: Aguav Berry\n|move|p1b: Toxapex|Sludge Bomb|p2a: Caviar\n|-damage|p2a: Caviar|7\/100 psn\n|move|p2b: Amogus|Pollen Puff|p2a: Caviar\n|-heal|p2a: Caviar|57\/100 psn\n|\n|-weather|SunnyDay|[upkeep]\n|-heal|p2a: Caviar|63\/100 psn|[from] item: Leftovers\n|-damage|p2a: Caviar|50\/100 psn|[from] psn\n|upkeep\n|turn|17\n|\n|t:|1700060258\n|move|p1a: Cresselia|Lunar Blessing|p1a: Cresselia|[spread] p1a,p1b\n|-heal|p1a: Cresselia|78\/100\n|move|p2a: Caviar|Body Press|p1a: Cresselia\n|-resisted|p1a: Cresselia\n|-damage|p1a: Cresselia|53\/100\n|move|p1b: Toxapex|Sludge Bomb|p2a: Caviar\n|-damage|p2a: Caviar|34\/100 psn\n|move|p2b: Amogus|Pollen Puff|p2a: Caviar\n|-heal|p2a: Caviar|84\/100 psn\n|\n|-weather|none\n|-heal|p2a: Caviar|90\/100 psn|[from] item: Leftovers\n|-damage|p2a: Caviar|78\/100 psn|[from] psn\n|upkeep\n|turn|18\n|\n|t:|1700060285\n|switch|p1a: Charizard|Charizard-Mega-Y, F, shiny|100\/100\n|-weather|SunnyDay|[from] ability: Drought|[of] p1a: Charizard\n|move|p2a: Caviar|Heavy Slam|p1a: Charizard\n|-resisted|p1a: Charizard\n|-damage|p1a: Charizard|81\/100\n|move|p1b: Toxapex|Sludge Bomb|p2a: Caviar\n|-damage|p2a: Caviar|60\/100 psn\n|move|p2b: Amogus|Pollen Puff|p2a: Caviar\n|-heal|p2a: Caviar|100\/100 psn\n|\n|-weather|SunnyDay|[upkeep]\n|-damage|p2a: Caviar|88\/100 psn|[from] psn\n|upkeep\n|turn|19\n|\n|t:|1700060306\n|switch|p2b: GEN 8 Nightmare|Incineroar, M|51\/100 tox\n|-ability|p2b: GEN 8 Nightmare|Intimidate|boost\n|-unboost|p1a: Charizard|atk|1\n|-unboost|p1b: Toxapex|atk|1\n|move|p2a: Caviar|Protect|p2a: Caviar\n|-singleturn|p2a: Caviar|Protect\n|move|p1a: Charizard|Heat Wave|p2a: Caviar|[spread] p2b\n|-activate|p2a: Caviar|move: Protect\n|-resisted|p2b: GEN 8 Nightmare\n|-damage|p2b: GEN 8 Nightmare|19\/100 tox\n|move|p1b: Toxapex|Sludge Bomb|p2a: Caviar\n|-activate|p2a: Caviar|move: Protect\n|\n|-weather|SunnyDay|[upkeep]\n|-heal|p2a: Caviar|94\/100 psn|[from] item: Leftovers\n|-damage|p2a: Caviar|82\/100 psn|[from] psn\n|-damage|p2b: GEN 8 Nightmare|13\/100 tox|[from] psn\n|-sideend|p1: AnonymousThe1|Reflect\n|upkeep\n|turn|20\n|\n|t:|1700060327\n|switch|p2b: Tantrum|Tyranitar, F|100\/100\n|-ability|p2b: Tantrum|Unnerve\n|move|p1a: Charizard|Heat Wave|p2a: Caviar|[spread] p2a,p2b\n|-resisted|p2a: Caviar\n|-resisted|p2b: Tantrum\n|-damage|p2a: Caviar|59\/100 psn\n|-damage|p2b: Tantrum|79\/100\n|move|p2a: Caviar|Body Press|p1a: Charizard\n|-resisted|p1a: Charizard\n|-damage|p1a: Charizard|5\/100\n|move|p1b: Toxapex|Sludge Bomb|p2a: Caviar\n|-damage|p2a: Caviar|42\/100 psn\n|\n|-weather|SunnyDay|[upkeep]\n|-heal|p2a: Caviar|48\/100 psn|[from] item: Leftovers\n|-damage|p2a: Caviar|35\/100 psn|[from] psn\n|upkeep\n|turn|21\n|inactive|AnonymousThe1 has 120 seconds left.\n|inactive|AceCoyoteNK has 120 seconds left.\n|\n|t:|1700060374\n|move|p1a: Charizard|Solar Beam||[still]\n|-prepare|p1a: Charizard|Solar Beam\n|-anim|p1a: Charizard|Solar Beam|p2b: Tantrum\n|-supereffective|p2b: Tantrum\n|-damage|p2b: Tantrum|8\/100\n|move|p2a: Caviar|Body Press|p1a: Charizard\n|-resisted|p1a: Charizard\n|-damage|p1a: Charizard|0 fnt\n|faint|p1a: Charizard\n|move|p1b: Toxapex|Toxic|p2b: Tantrum\n|-status|p2b: Tantrum|tox\n|move|p2b: Tantrum|Dragon Tail|p1b: Toxapex\n|-damage|p1b: Toxapex|80\/100\n|drag|p1b: Cresselia|Cresselia, F, shiny, tera:Fairy|53\/100\n|\n|-weather|SunnyDay|[upkeep]\n|-heal|p2a: Caviar|42\/100 psn|[from] item: Leftovers\n|-damage|p2b: Tantrum|2\/100 tox|[from] psn\n|-damage|p2a: Caviar|29\/100 psn|[from] psn\n|upkeep\n|\n|t:|1700060390\n|switch|p1a: Toxapex|Toxapex, M, shiny|100\/100\n|turn|22\n|\n|t:|1700060405\n|move|p1b: Cresselia|Moonblast|p2a: Caviar\n|-damage|p2a: Caviar|11\/100 psn\n|move|p2b: Tantrum|Knock Off|p1a: Toxapex\n|-damage|p1a: Toxapex|56\/100\n|-enditem|p1a: Toxapex|Leftovers|[from] move: Knock Off|[of] p2b: Tantrum\n|move|p2a: Caviar|Heavy Slam|p1b: Cresselia\n|-supereffective|p1b: Cresselia\n|-damage|p1b: Cresselia|0 fnt\n|faint|p1b: Cresselia\n|move|p1a: Toxapex|Sludge Bomb|p2a: Caviar\n|-damage|p2a: Caviar|0 fnt\n|faint|p2a: Caviar\n|\n|-weather|none\n|-damage|p2b: Tantrum|0 fnt|[from] psn\n|faint|p2b: Tantrum\n|upkeep\n|\n|t:|1700060424\n|switch|p2b: GEN 8 Nightmare|Incineroar, M|13\/100 tox\n|switch|p2a: Good Girl|Ninetales-Alola, F, shiny|85\/100 tox\n|-weather|Snow|[from] ability: Snow Warning|[of] p2a: Good Girl\n|-ability|p2b: GEN 8 Nightmare|Intimidate|boost\n|-unboost|p1a: Toxapex|atk|1\n|turn|23\n|inactive|AnonymousThe1 has 120 seconds left.\n|\n|t:|1700060441\n|move|p2a: Good Girl|Freeze-Dry|p1a: Toxapex\n|-supereffective|p1a: Toxapex\n|-damage|p1a: Toxapex|0 fnt\n|faint|p1a: Toxapex\n|-damage|p2a: Good Girl|75\/100 tox|[from] item: Life Orb\n|\n|win|AceCoyoteNK\n|raw|AnonymousThe1's rating: 1285 &rarr; <strong>1249<\/strong><br \/>(-36 for losing)\n|raw|AceCoyoteNK's rating: 1126 &rarr; <strong>1162<\/strong><br \/>(+36 for winning)\n|l|\u2606AnonymousThe1\n|c|\u2606AceCoyoteNK|ez\n","uploadtime":1700060452,"views":4,"p1id":"anonymousthe1","p2id":"acecoyotenk","formatid":"gen9nationaldexdoubles","rating":1162,"private":0,"password":""}