{"id":"gen9nationaldexdoubles-1997223168","p1":"Vican259","p2":"DoomedTaurus","format":"[Gen 9] National Dex Doubles","log":"|j|\u2606Vican259\n|j|\u2606DoomedTaurus\n|t:|1700777330\n|gametype|doubles\n|player|p1|Vican259|bellelba|\n|player|p2|DoomedTaurus|bruno|\n|teamsize|p1|6\n|teamsize|p2|6\n|gen|9\n|tier|[Gen 9] National Dex Doubles\n|rule|HP Percentage Mod: HP is shown in percentages\n|rule|Endless Battle Clause: Forcing endless battles is banned\n|rule|OHKO Clause: OHKO moves are banned\n|rule|Evasion Moves Clause: Evasion moves are banned\n|rule|Evasion Abilities Clause: Evasion abilities are banned\n|rule|Species Clause: Limit one of each Pok\u00e9mon\n|rule|Gravity Sleep Clause: The combination of sleep-inducing moves with imperfect accuracy and Gravity or Gigantamax Orbeetle are banned\n|clearpoke\n|poke|p1|Hippowdon, F|\n|poke|p1|Gliscor, M|\n|poke|p1|Lycanroc-Dusk, M|\n|poke|p1|Garganacl, M|\n|poke|p1|Great Tusk|\n|poke|p1|Flamigo, F|\n|poke|p2|Crustle, F|\n|poke|p2|Hawlucha, M|\n|poke|p2|Murkrow, M|\n|poke|p2|Drifblim, F|\n|poke|p2|Clodsire, F|\n|poke|p2|Espeon, M|\n|teampreview\n|\n|t:|1700777354\n|start\n|switch|p1a: Big chunko|Hippowdon, F|100\/100\n|switch|p1b: OU|Great Tusk|100\/100\n|switch|p2a: Crime Bird|Murkrow, M|100\/100\n|switch|p2b: UFO|Drifblim, F|100\/100\n|-weather|Sandstorm|[from] ability: Sand Stream|[of] p1a: Big chunko\n|turn|1\n|\n|t:|1700777372\n|switch|p2a: Mob Psycho|Espeon, M|100\/100\n|move|p2b: UFO|Tailwind|p2b: UFO\n|-sidestart|p2: DoomedTaurus|move: Tailwind\n|move|p1b: OU|Ice Spinner|p2a: Mob Psycho\n|-damage|p2a: Mob Psycho|62\/100\n|move|p1a: Big chunko|Stealth Rock|p2a: Mob Psycho\n|move|p2a: Mob Psycho|Stealth Rock|p1a: Big chunko|[from]ability: Magic Bounce\n|-sidestart|p1: Vican259|move: Stealth Rock\n|\n|-weather|Sandstorm|[upkeep]\n|-damage|p2a: Mob Psycho|56\/100|[from] Sandstorm\n|-damage|p2b: UFO|94\/100|[from] Sandstorm\n|-status|p2b: UFO|brn|[from] item: Flame Orb\n|upkeep\n|turn|2\n|\n|t:|1700777414\n|move|p2a: Mob Psycho|Reflect|p2a: Mob Psycho\n|-sidestart|p2: DoomedTaurus|Reflect\n|move|p2b: UFO|Will-O-Wisp|p1b: OU|[miss]\n|-miss|p2b: UFO|p1b: OU\n|move|p1b: OU|Rapid Spin|p2a: Mob Psycho\n|-damage|p2a: Mob Psycho|40\/100\n|-boost|p1b: OU|spe|1\n|-sideend|p1: Vican259|Stealth Rock|[from] move: Rapid Spin|[of] p1b: OU\n|move|p1a: Big chunko|Slack Off||[still]\n|-fail|p1a: Big chunko|heal\n|\n|-weather|Sandstorm|[upkeep]\n|-damage|p2a: Mob Psycho|34\/100|[from] Sandstorm\n|-damage|p2b: UFO|88\/100 brn|[from] Sandstorm\n|-damage|p2b: UFO|82\/100 brn|[from] brn\n|upkeep\n|turn|3\n|\n|t:|1700777443\n|move|p2a: Mob Psycho|Light Screen|p2a: Mob Psycho\n|-sidestart|p2: DoomedTaurus|move: Light Screen\n|move|p2b: UFO|Clear Smog|p1b: OU\n|-resisted|p1b: OU\n|-damage|p1b: OU|93\/100\n|-clearboost|p1b: OU\n|move|p1b: OU|Ice Spinner|p2a: Mob Psycho\n|-damage|p2a: Mob Psycho|9\/100\n|move|p1a: Big chunko|Slack Off||[still]\n|-fail|p1a: Big chunko|heal\n|\n|-weather|Sandstorm|[upkeep]\n|-damage|p2a: Mob Psycho|3\/100|[from] Sandstorm\n|-damage|p2b: UFO|76\/100 brn|[from] Sandstorm\n|-damage|p2b: UFO|70\/100 brn|[from] brn\n|upkeep\n|turn|4\n|\n|t:|1700777467\n|move|p2a: Mob Psycho|Psyshock|p1b: OU\n|-supereffective|p1b: OU\n|-damage|p1b: OU|45\/100\n|move|p2b: UFO|Will-O-Wisp|p1a: Big chunko\n|-status|p1a: Big chunko|brn\n|move|p1b: OU|Ice Spinner|p2b: UFO\n|-supereffective|p2b: UFO\n|-crit|p2b: UFO\n|-damage|p2b: UFO|0 fnt\n|faint|p2b: UFO\n|move|p1a: Big chunko|Slack Off||[still]\n|-fail|p1a: Big chunko|heal\n|\n|-weather|Sandstorm|[upkeep]\n|-damage|p2a: Mob Psycho|0 fnt|[from] Sandstorm\n|faint|p2a: Mob Psycho\n|-damage|p1a: Big chunko|94\/100 brn|[from] brn\n|-sideend|p2: DoomedTaurus|move: Tailwind\n|upkeep\n|\n|t:|1700777488\n|switch|p2a: MAcho Libre|Hawlucha, M|100\/100\n|switch|p2b: Lasagna|Crustle, F|100\/100\n|-item|p2b: Lasagna|Air Balloon\n|turn|5\n|\n|t:|1700777505\n|move|p2a: MAcho Libre|Sky Drop|p1b: OU\n|-fail|p1b: OU|move: Sky Drop|[heavy]\n|move|p1b: OU|Ice Spinner|p2a: MAcho Libre\n|-supereffective|p2a: MAcho Libre\n|-damage|p2a: MAcho Libre|52\/100\n|move|p2b: Lasagna|Shell Smash|p2b: Lasagna\n|-unboost|p2b: Lasagna|def|1\n|-unboost|p2b: Lasagna|spd|1\n|-boost|p2b: Lasagna|atk|2\n|-boost|p2b: Lasagna|spa|2\n|-boost|p2b: Lasagna|spe|2\n|move|p1a: Big chunko|Toxic|p2b: Lasagna\n|-status|p2b: Lasagna|tox\n|\n|-weather|Sandstorm|[upkeep]\n|-damage|p2a: MAcho Libre|46\/100|[from] Sandstorm\n|-damage|p2b: Lasagna|94\/100 tox|[from] psn\n|-damage|p1a: Big chunko|88\/100 brn|[from] brn\n|upkeep\n|turn|6\n|\n|t:|1700777531\n|move|p2b: Lasagna|Rock Slide|p1a: Big chunko|[spread] p1a,p1b\n|-resisted|p1a: Big chunko\n|-resisted|p1b: OU\n|-damage|p1a: Big chunko|70\/100 brn\n|-damage|p1b: OU|35\/100\n|move|p2a: MAcho Libre|Close Combat|p1a: Big chunko\n|-damage|p1a: Big chunko|30\/100 brn\n|-unboost|p2a: MAcho Libre|def|1\n|-unboost|p2a: MAcho Libre|spd|1\n|-damage|p2a: MAcho Libre|36\/100|[from] item: Life Orb\n|move|p1b: OU|Ice Spinner|p2a: MAcho Libre\n|-supereffective|p2a: MAcho Libre\n|-damage|p2a: MAcho Libre|0 fnt\n|faint|p2a: MAcho Libre\n|cant|p1a: Big chunko|flinch\n|\n|-weather|Sandstorm|[upkeep]\n|-damage|p2b: Lasagna|82\/100 tox|[from] psn\n|-damage|p1a: Big chunko|24\/100 brn|[from] brn\n|upkeep\n|\n|t:|1700777549\n|switch|p2a: The Boi|Clodsire, F|100\/100\n|turn|7\n|\n|t:|1700777568\n|move|p2b: Lasagna|Rock Slide|p1a: Big chunko|[spread] p1a,p1b\n|-resisted|p1a: Big chunko\n|-resisted|p1b: OU\n|-damage|p1a: Big chunko|6\/100 brn\n|-damage|p1b: OU|24\/100\n|move|p1b: OU|Ice Spinner|p2a: The Boi\n|-supereffective|p2a: The Boi\n|-damage|p2a: The Boi|65\/100\n|move|p1a: Big chunko|Slack Off|p1a: Big chunko\n|-heal|p1a: Big chunko|56\/100 brn\n|move|p2a: The Boi|Toxic Spikes|p1a: Big chunko\n|-sidestart|p1: Vican259|move: Toxic Spikes\n|\n|-weather|Sandstorm|[upkeep]\n|-heal|p2a: The Boi|71\/100|[from] item: Leftovers\n|-damage|p2b: Lasagna|64\/100 tox|[from] psn\n|-damage|p1a: Big chunko|50\/100 brn|[from] brn\n|upkeep\n|turn|8\n|\n|t:|1700777594\n|move|p2b: Lasagna|Rock Slide|p1a: Big chunko|[spread] p1a,p1b\n|-resisted|p1a: Big chunko\n|-resisted|p1b: OU\n|-damage|p1a: Big chunko|34\/100 brn\n|-damage|p1b: OU|15\/100\n|cant|p1b: OU|flinch\n|move|p1a: Big chunko|Stealth Rock|p2b: Lasagna\n|-sidestart|p2: DoomedTaurus|move: Stealth Rock\n|move|p2a: The Boi|Toxic Spikes|p1a: Big chunko\n|-sidestart|p1: Vican259|move: Toxic Spikes\n|\n|-weather|none\n|-heal|p2a: The Boi|77\/100|[from] item: Leftovers\n|-damage|p2b: Lasagna|40\/100 tox|[from] psn\n|-damage|p1a: Big chunko|28\/100 brn|[from] brn\n|upkeep\n|turn|9\n|\n|t:|1700777629\n|-end|p1b: OU|Protosynthesis|[silent]\n|switch|p1b: Argh|Gliscor, M|100\/100\n|move|p2b: Lasagna|Rock Slide|p1b: Argh|[spread] p1a,p1b\n|-resisted|p1a: Big chunko\n|-damage|p1a: Big chunko|12\/100 brn\n|-damage|p1b: Argh|57\/100\n|move|p1a: Big chunko|Slack Off|p1a: Big chunko\n|-heal|p1a: Big chunko|62\/100 brn\n|move|p2a: The Boi|Recover|p2a: The Boi\n|-heal|p2a: The Boi|100\/100\n|\n|-damage|p2b: Lasagna|10\/100 tox|[from] psn\n|-damage|p1a: Big chunko|56\/100 brn|[from] brn\n|-sideend|p2: DoomedTaurus|Reflect\n|-status|p1b: Argh|tox|[from] item: Toxic Orb\n|upkeep\n|turn|10\n|\n|t:|1700777658\n|move|p2b: Lasagna|Rock Slide|p1b: Argh|[spread] p1a,p1b\n|-resisted|p1a: Big chunko\n|-damage|p1a: Big chunko|38\/100 brn\n|-damage|p1b: Argh|15\/100 tox\n|move|p1b: Argh|Roost|p1b: Argh\n|-heal|p1b: Argh|65\/100 tox\n|-singleturn|p1b: Argh|move: Roost\n|move|p1a: Big chunko|Earthquake|p2b: Lasagna|[spread] p1b,p2a\n|-immune|p2b: Lasagna\n|-supereffective|p2a: The Boi\n|-damage|p1b: Argh|54\/100 tox\n|-damage|p2a: The Boi|69\/100\n|move|p2a: The Boi|Stealth Rock|p1a: Big chunko\n|-sidestart|p1: Vican259|move: Stealth Rock\n|\n|-heal|p2a: The Boi|75\/100|[from] item: Leftovers\n|-damage|p2b: Lasagna|0 fnt|[from] psn\n|faint|p2b: Lasagna\n|-heal|p1b: Argh|66\/100 tox|[from] ability: Poison Heal\n|-damage|p1a: Big chunko|32\/100 brn|[from] brn\n|-sideend|p2: DoomedTaurus|move: Light Screen\n|upkeep\n|\n|t:|1700777704\n|switch|p2b: Crime Bird|Murkrow, M|100\/100\n|-damage|p2b: Crime Bird|76\/100|[from] Stealth Rock\n|turn|11\n|\n|t:|1700777725\n|move|p2b: Crime Bird|Heat Wave|p1a: Big chunko|[spread] p1a,p1b\n|-damage|p1a: Big chunko|15\/100 brn\n|-damage|p1b: Argh|50\/100 tox\n|move|p1b: Argh|Facade|p2b: Crime Bird\n|-damage|p2b: Crime Bird|26\/100\n|move|p1a: Big chunko|Toxic|p2b: Crime Bird\n|-status|p2b: Crime Bird|tox\n|move|p2a: The Boi|Earthquake|p1b: Argh|[spread] p1a\n|-immune|p2b: Crime Bird\n|-immune|p1b: Argh\n|-damage|p1a: Big chunko|3\/100 brn\n|\n|-heal|p2a: The Boi|81\/100|[from] item: Leftovers\n|-damage|p2b: Crime Bird|20\/100 tox|[from] psn\n|-heal|p1b: Argh|62\/100 tox|[from] ability: Poison Heal\n|-damage|p1a: Big chunko|0 fnt|[from] brn\n|faint|p1a: Big chunko\n|upkeep\n|\n|t:|1700777745\n|switch|p1a: OU|Great Tusk|15\/100\n|-status|p1a: OU|tox\n|-damage|p1a: OU|12\/100 tox|[from] Stealth Rock\n|turn|12\n|\n|t:|1700777757\n|move|p2b: Crime Bird|Hurricane|p1b: Argh\n|-damage|p1b: Argh|24\/100 tox\n|-start|p1b: Argh|confusion\n|move|p1a: OU|Rapid Spin|p2b: Crime Bird\n|-damage|p2b: Crime Bird|0 fnt\n|-boost|p1a: OU|spe|1\n|-sideend|p1: Vican259|Toxic Spikes|[from] move: Rapid Spin|[of] p1a: OU\n|-sideend|p1: Vican259|Stealth Rock|[from] move: Rapid Spin|[of] p1a: OU\n|faint|p2b: Crime Bird\n|-activate|p1b: Argh|confusion\n|move|p1b: Argh|Facade|p2a: The Boi\n|-damage|p2a: The Boi|50\/100\n|move|p2a: The Boi|Earthquake|p1a: OU|[spread] p1a\n|-immune|p1b: Argh\n|-damage|p1a: OU|0 fnt\n|faint|p1a: OU\n|-end|p1a: OU|Protosynthesis|[silent]\n|\n|-heal|p2a: The Boi|56\/100|[from] item: Leftovers\n|-heal|p1b: Argh|36\/100 tox|[from] ability: Poison Heal\n|upkeep\n|\n|t:|1700777778\n|switch|p1a: Minecwaft|Garganacl, M|100\/100\n|turn|13\n|\n|t:|1700777785\n|-activate|p1b: Argh|confusion\n|-damage|p1b: Argh|29\/100 tox|[from] confusion\n|move|p1a: Minecwaft|Ice Punch|p2a: The Boi\n|-supereffective|p2a: The Boi\n|-damage|p2a: The Boi|15\/100\n|move|p2a: The Boi|Recover|p2a: The Boi\n|-heal|p2a: The Boi|65\/100\n|\n|-heal|p2a: The Boi|71\/100|[from] item: Leftovers\n|-heal|p1b: Argh|42\/100 tox|[from] ability: Poison Heal\n|upkeep\n|turn|14\n|\n|t:|1700777799\n|-end|p1b: Argh|confusion\n|move|p1b: Argh|Facade|p2a: The Boi\n|-damage|p2a: The Boi|39\/100\n|move|p1a: Minecwaft|Ice Punch|p2a: The Boi\n|-supereffective|p2a: The Boi\n|-damage|p2a: The Boi|0 fnt\n|faint|p2a: The Boi\n|\n|win|Vican259\n","uploadtime":1700777809,"views":1,"p1id":"vican259","p2id":"doomedtaurus","formatid":"gen9nationaldexdoubles","rating":0,"private":0,"password":""}