{"id":"gen9nationaldexdoubles-1971367862","p1":"yyyghyghyt","p2":"Turo's assistant","format":"[Gen 9] National Dex Doubles","log":"|j|\u2606yyyghyghyt\n|j|\u2606Turo's assistant\n|t:|1697732978\n|gametype|doubles\n|player|p1|yyyghyghyt|drayden|1148\n|player|p2|Turo's assistant|scientistf|1117\n|teamsize|p1|6\n|teamsize|p2|6\n|gen|9\n|tier|[Gen 9] National Dex Doubles\n|rated|\n|rule|HP Percentage Mod: HP is shown in percentages\n|rule|Endless Battle Clause: Forcing endless battles is banned\n|rule|OHKO Clause: OHKO moves are banned\n|rule|Evasion Moves Clause: Evasion moves are banned\n|rule|Evasion Abilities Clause: Evasion abilities are banned\n|rule|Species Clause: Limit one of each Pok\u00e9mon\n|rule|Gravity Sleep Clause: The combination of sleep-inducing moves with imperfect accuracy and Gravity or Gigantamax Orbeetle are banned\n|clearpoke\n|poke|p1|Sylveon, F|\n|poke|p1|Noivern, M|\n|poke|p1|Primarina, M|\n|poke|p1|Mismagius, F|\n|poke|p1|Ampharos, M|\n|poke|p1|Farigiraf, F|\n|poke|p2|Corsola, M|\n|poke|p2|Shuckle, M|\n|poke|p2|Cranidos, M|\n|poke|p2|Reuniclus, M|\n|poke|p2|Hatterene, F|\n|poke|p2|Dusclops, M|\n|teampreview\n|inactive|Battle timer is ON: inactive players will automatically lose when time's up. (requested by Turo's assistant)\n|inactive|yyyghyghyt also wants the timer to be on.\n|\n|t:|1697733001\n|start\n|switch|p1a: Ampharos|Ampharos, M|100\/100\n|switch|p1b: Sylveon|Sylveon, F|100\/100\n|switch|p2a: Hatterene|Hatterene, F|100\/100\n|switch|p2b: Reuniclus|Reuniclus, M|100\/100\n|-item|p1a: Ampharos|Air Balloon\n|turn|1\n|\n|t:|1697733012\n|move|p1a: Ampharos|Cotton Guard|p1a: Ampharos\n|-boost|p1a: Ampharos|def|3\n|move|p1b: Sylveon|Substitute|p1b: Sylveon\n|-start|p1b: Sylveon|Substitute\n|-damage|p1b: Sylveon|76\/100\n|move|p2b: Reuniclus|Gravity|p2b: Reuniclus\n|-fieldstart|move: Gravity\n|move|p2a: Hatterene|Trick Room|p2a: Hatterene\n|-fieldstart|move: Trick Room|[of] p2a: Hatterene\n|\n|upkeep\n|turn|2\n|\n|t:|1697733026\n|move|p2a: Hatterene|Dazzling Gleam|p1a: Ampharos|[spread] p1a,p1b\n|-activate|p1b: Sylveon|move: Substitute|[damage]\n|-damage|p1a: Ampharos|64\/100\n|-enditem|p1a: Ampharos|Air Balloon\n|move|p2b: Reuniclus|Psychic|p1b: Sylveon\n|-crit|p1b: Sylveon\n|-end|p1b: Sylveon|Substitute\n|move|p1b: Sylveon|Echoed Voice|p2b: Reuniclus\n|-damage|p2b: Reuniclus|78\/100\n|move|p1a: Ampharos|Echoed Voice|p2a: Hatterene\n|-damage|p2a: Hatterene|80\/100\n|\n|upkeep\n|turn|3\n|\n|t:|1697733043\n|move|p2a: Hatterene|Dazzling Gleam|p1a: Ampharos|[spread] p1a,p1b\n|-damage|p1a: Ampharos|29\/100\n|-damage|p1b: Sylveon|58\/100\n|move|p2b: Reuniclus|Psychic|p1a: Ampharos\n|-damage|p1a: Ampharos|0 fnt\n|faint|p1a: Ampharos\n|move|p1b: Sylveon|Echoed Voice|p2a: Hatterene\n|-damage|p2a: Hatterene|22\/100\n|\n|upkeep\n|\n|t:|1697733054\n|switch|p1a: Farigiraf|Farigiraf, F|100\/100\n|turn|4\n|\n|t:|1697733061\n|move|p2a: Hatterene|Dazzling Gleam|p1b: Sylveon|[spread] p1a,p1b\n|-crit|p1b: Sylveon\n|-damage|p1a: Farigiraf|64\/100\n|-damage|p1b: Sylveon|29\/100\n|move|p2b: Reuniclus|Thunder|p1a: Farigiraf\n|-crit|p1a: Farigiraf\n|-damage|p1a: Farigiraf|0 fnt\n|faint|p1a: Farigiraf\n|move|p1b: Sylveon|Echoed Voice|p2a: Hatterene\n|-damage|p2a: Hatterene|0 fnt\n|faint|p2a: Hatterene\n|\n|upkeep\n|\n|t:|1697733069\n|switch|p2a: Corsola|Corsola, M|100\/100\n|switch|p1a: Primarina|Primarina, M|100\/100\n|turn|5\n|\n|t:|1697733083\n|move|p2b: Reuniclus|Psychic|p1b: Sylveon\n|-damage|p1b: Sylveon|0 fnt\n|faint|p1b: Sylveon\n|move|p2a: Corsola|Head Smash|p1a: Primarina\n|-damage|p1a: Primarina|0 fnt\n|faint|p1a: Primarina\n|-damage|p2a: Corsola|46\/100|[from] Recoil\n|\n|-fieldend|move: Trick Room\n|-fieldend|move: Gravity\n|upkeep\n|\n|t:|1697733089\n|switch|p1a: Mismagius|Mismagius, F|100\/100\n|switch|p1b: Noivern|Noivern, M|100\/100\n|turn|6\n|\n|t:|1697733103\n|-terastallize|p1b: Noivern|Normal\n|move|p1b: Noivern|Echoed Voice|p2a: Corsola\n|-resisted|p2a: Corsola\n|-damage|p2a: Corsola|33\/100\n|move|p1a: Mismagius|Echoed Voice|p2b: Reuniclus\n|-damage|p2b: Reuniclus|65\/100\n|-enditem|p1a: Mismagius|Throat Spray\n|-boost|p1a: Mismagius|spa|1|[from] item: Throat Spray\n|move|p2a: Corsola|Head Smash|p1b: Noivern|[miss]\n|-miss|p2a: Corsola|p1b: Noivern\n|move|p2b: Reuniclus|Gravity|p2b: Reuniclus\n|-fieldstart|move: Gravity\n|\n|upkeep\n|turn|7\n|\n|t:|1697733121\n|-terastallize|p2b: Reuniclus|Fighting\n|move|p1b: Noivern|Echoed Voice|p2a: Corsola\n|-resisted|p2a: Corsola\n|-damage|p2a: Corsola|13\/100\n|move|p1a: Mismagius|Echoed Voice|p2a: Corsola\n|-resisted|p2a: Corsola\n|-damage|p2a: Corsola|0 fnt\n|faint|p2a: Corsola\n|move|p2b: Reuniclus|Focus Blast|p1b: Noivern\n|-supereffective|p1b: Noivern\n|-damage|p1b: Noivern|0 fnt\n|faint|p1b: Noivern\n|\n|upkeep\n|-message|yyyghyghyt forfeited.\n|\n|win|Turo's assistant\n|raw|yyyghyghyt's rating: 1148 &rarr; <strong>1121<\/strong><br \/>(-27 for losing)\n|raw|Turo&apos;s assistant's rating: 1117 &rarr; <strong>1144<\/strong><br \/>(+27 for winning)\n|l|\u2606yyyghyghyt\n","uploadtime":1697733136,"views":13,"p1id":"yyyghyghyt","p2id":"turosassistant","formatid":"gen9nationaldexdoubles","rating":1121,"private":0,"password":""}