{"id":"gen9nationaldexdoubles-1968482339","p1":"Zelphalopod","p2":"Camdar","format":"[Gen 9] National Dex Doubles","log":"|j|\u2606Zelphalopod\n|j|\u2606Camdar\n|t:|1697423347\n|gametype|doubles\n|player|p1|Zelphalopod|brendan-masters|\n|player|p2|Camdar|hilda|\n|teamsize|p1|6\n|teamsize|p2|6\n|gen|9\n|tier|[Gen 9] National Dex Doubles\n|rule|HP Percentage Mod: HP is shown in percentages\n|rule|Endless Battle Clause: Forcing endless battles is banned\n|rule|OHKO Clause: OHKO moves are banned\n|rule|Evasion Moves Clause: Evasion moves are banned\n|rule|Evasion Abilities Clause: Evasion abilities are banned\n|rule|Species Clause: Limit one of each Pok\u00e9mon\n|rule|Gravity Sleep Clause: The combination of sleep-inducing moves with imperfect accuracy and Gravity or Gigantamax Orbeetle are banned\n|clearpoke\n|poke|p1|Toxtricity, M|\n|poke|p1|Samurott-Hisui, M|\n|poke|p1|Volcanion|\n|poke|p1|Gyarados, M|\n|poke|p1|Glimmora, F|\n|poke|p1|Brute Bonnet|\n|poke|p2|Vivillon-Savanna, M|\n|poke|p2|Baxcalibur, M|\n|poke|p2|Clefable, M|\n|poke|p2|Flamigo, F|\n|poke|p2|Sylveon, F|\n|poke|p2|Garchomp, F|\n|teampreview\n|j| Relleth\n|c|\u2606Camdar|same turn 1, right?\n|\n|t:|1697423366\n|start\n|switch|p1a: Lazarus|Toxtricity, M, shiny|100\/100\n|switch|p1b: Yin|Samurott-Hisui, M|100\/100\n|switch|p2a: Vivillon|Vivillon-Savanna, M|100\/100\n|switch|p2b: Garchomp|Garchomp, F|100\/100\n|turn|1\n|c|\u2606Zelphalopod|yeah\n|\n|t:|1697423378\n|move|p2a: Vivillon|Rage Powder|p2a: Vivillon\n|-singleturn|p2a: Vivillon|move: Rage Powder\n|move|p1b: Yin|Aqua Jet|p2a: Vivillon\n|-damage|p2a: Vivillon|63\/100\n|move|p1a: Lazarus|Overdrive|p2a: Vivillon|[spread] p2a\n|-immune|p2b: Garchomp\n|-supereffective|p2a: Vivillon\n|-damage|p2a: Vivillon|0 fnt\n|faint|p2a: Vivillon\n|move|p2b: Garchomp|Earthquake|p1b: Yin|[spread] p1a,p1b\n|-supereffective|p1a: Lazarus\n|-damage|p1a: Lazarus|0 fnt\n|-damage|p1b: Yin|58\/100\n|faint|p1a: Lazarus\n|\n|upkeep\n|\n|t:|1697423396\n|switch|p2a: Clefable|Clefable, M|100\/100\n|switch|p1a: Shui-Long|Gyarados, M|100\/100\n|-ability|p1a: Shui-Long|Intimidate|boost\n|-unboost|p2a: Clefable|atk|1\n|-unboost|p2b: Garchomp|atk|1\n|turn|2\n|\n|t:|1697423414\n|move|p2a: Clefable|Follow Me|p2a: Clefable\n|-singleturn|p2a: Clefable|move: Follow Me\n|move|p2b: Garchomp|Swords Dance|p2b: Garchomp\n|-boost|p2b: Garchomp|atk|2\n|move|p1b: Yin|Ceaseless Edge|p2a: Clefable\n|-resisted|p2a: Clefable\n|-damage|p2a: Clefable|80\/100\n|-sidestart|p2: Camdar|Spikes\n|move|p1a: Shui-Long|Dragon Dance|p1a: Shui-Long\n|-boost|p1a: Shui-Long|atk|1\n|-boost|p1a: Shui-Long|spe|1\n|\n|-heal|p2a: Clefable|86\/100|[from] item: Leftovers\n|upkeep\n|turn|3\n|\n|t:|1697423438\n|-terastallize|p1a: Shui-Long|Water\n|move|p1a: Shui-Long|Waterfall|p2a: Clefable\n|-damage|p2a: Clefable|39\/100\n|move|p2b: Garchomp|Scale Shot|p1a: Shui-Long|[miss]\n|-miss|p2b: Garchomp|p1a: Shui-Long\n|move|p1b: Yin|Knock Off|p2a: Clefable\n|-resisted|p2a: Clefable\n|-damage|p2a: Clefable|20\/100\n|-enditem|p2a: Clefable|Leftovers|[from] move: Knock Off|[of] p1b: Yin\n|move|p2a: Clefable|Safeguard|p2a: Clefable\n|-sidestart|p2: Camdar|Safeguard\n|\n|upkeep\n|turn|4\n|c|\u2606Camdar|what was i even expecting\n|\n|t:|1697423468\n|move|p1a: Shui-Long|Protect|p1a: Shui-Long\n|-singleturn|p1a: Shui-Long|Protect\n|move|p2a: Clefable|Follow Me|p2a: Clefable\n|-singleturn|p2a: Clefable|move: Follow Me\n|move|p2b: Garchomp|Scale Shot|p1a: Shui-Long\n|-activate|p1a: Shui-Long|move: Protect\n|move|p1b: Yin|Aqua Cutter|p2a: Clefable\n|-crit|p2a: Clefable\n|-damage|p2a: Clefable|0 fnt\n|faint|p2a: Clefable\n|\n|upkeep\n|c|\u2606Zelphalopod|what hit chance is scale shot\n|\n|t:|1697423480\n|switch|p2a: Baxcalibur|Baxcalibur, M|100\/100\n|-damage|p2a: Baxcalibur|88\/100|[from] Spikes\n|turn|5\n|\n|t:|1697423498\n|move|p1a: Shui-Long|Ice Fang|p2b: Garchomp\n|-supereffective|p2b: Garchomp\n|-damage|p2b: Garchomp|0 fnt\n|-damage|p1a: Shui-Long|88\/100|[from] ability: Rough Skin|[of] p2b: Garchomp\n|-damage|p1a: Shui-Long|72\/100|[from] item: Rocky Helmet|[of] p2b: Garchomp\n|faint|p2b: Garchomp\n|move|p2a: Baxcalibur|Dragon Dance|p2a: Baxcalibur\n|-boost|p2a: Baxcalibur|atk|1\n|-boost|p2a: Baxcalibur|spe|1\n|move|p1b: Yin|Knock Off|p2a: Baxcalibur\n|-damage|p2a: Baxcalibur|46\/100\n|-enditem|p2a: Baxcalibur|Loaded Dice|[from] move: Knock Off|[of] p1b: Yin\n|\n|upkeep\n|\n|t:|1697423510\n|switch|p2b: Flamigo|Flamigo, F|100\/100\n|-copyboost|p2b: Flamigo|p2a: Baxcalibur|[from] ability: Costar\n|turn|6\n|\n|t:|1697423538\n|move|p2b: Flamigo|Brave Bird|p1a: Shui-Long\n|-damage|p1a: Shui-Long|0 fnt\n|faint|p1a: Shui-Long\n|-damage|p2b: Flamigo|71\/100|[from] Recoil\n|move|p2a: Baxcalibur|Scale Shot|p1b: Yin\n|-damage|p1b: Yin|35\/100\n|-damage|p1b: Yin|11\/100\n|-damage|p1b: Yin|0 fnt\n|faint|p1b: Yin\n|-hitcount|p1: Yin|3\n|-unboost|p2a: Baxcalibur|def|1\n|-boost|p2a: Baxcalibur|spe|1\n|\n|upkeep\n|\n|t:|1697423557\n|switch|p1b: Among|Brute Bonnet|100\/100\n|switch|p1a: Shimmer|Glimmora, F|100\/100\n|-enditem|p1b: Among|Booster Energy\n|-activate|p1b: Among|ability: Protosynthesis|[fromitem]\n|-start|p1b: Among|protosynthesisdef\n|turn|7\n|\n|t:|1697423571\n|-terastallize|p2a: Baxcalibur|Water\n|move|p2a: Baxcalibur|Earthquake|p1b: Among|[spread] p1a,p1b\n|-immune|p2b: Flamigo\n|-supereffective|p1a: Shimmer\n|-resisted|p1b: Among\n|-enditem|p1a: Shimmer|Focus Sash\n|-damage|p1a: Shimmer|1\/100\n|-damage|p1b: Among|90\/100\n|-activate|p1a: Shimmer|ability: Toxic Debris\n|-sidestart|p2: Camdar|move: Toxic Spikes\n|move|p2b: Flamigo|Close Combat|p1b: Among\n|-supereffective|p1b: Among\n|-crit|p1b: Among\n|-damage|p1b: Among|0 fnt\n|-unboost|p2b: Flamigo|def|1\n|-unboost|p2b: Flamigo|spd|1\n|-enditem|p2b: Flamigo|White Herb\n|-clearnegativeboost|p2b: Flamigo|[silent]\n|faint|p1b: Among\n|-end|p1b: Among|Protosynthesis|[silent]\n|move|p1a: Shimmer|Dazzling Gleam|p2b: Flamigo|[spread] p2a,p2b\n|-supereffective|p2b: Flamigo\n|-damage|p2a: Baxcalibur|24\/100\n|-damage|p2b: Flamigo|7\/100\n|\n|-sideend|p2: Camdar|Safeguard\n|upkeep\n|\n|t:|1697423591\n|switch|p1b: Storm|Volcanion|100\/100\n|turn|8\n|\n|t:|1697423605\n|move|p2a: Baxcalibur|Earthquake|p1a: Shimmer|[spread] p1a,p1b\n|-immune|p2b: Flamigo\n|-supereffective|p1a: Shimmer\n|-supereffective|p1b: Storm\n|-damage|p1a: Shimmer|0 fnt\n|-damage|p1b: Storm|38\/100\n|-activate|p1a: Shimmer|ability: Toxic Debris\n|-sidestart|p2: Camdar|move: Toxic Spikes\n|faint|p1a: Shimmer\n|move|p2b: Flamigo|Close Combat|p1b: Storm\n|-damage|p1b: Storm|0 fnt\n|-unboost|p2b: Flamigo|def|1\n|-unboost|p2b: Flamigo|spd|1\n|faint|p1b: Storm\n|\n|win|Camdar\n|l|\u2606Zelphalopod\n","uploadtime":1697423621,"views":22,"p1id":"zelphalopod","p2id":"camdar","formatid":"gen9nationaldexdoubles","rating":0,"private":0,"password":""}