{"id":"gen9nationaldexdoubles-1974240574","p1":"BuChonAso","p2":"AdvancedDigit","format":"[Gen 9] National Dex Doubles","log":"|j|\u2606BuChonAso\n|j|\u2606AdvancedDigit\n|t:|1698071224\n|gametype|doubles\n|player|p1|BuChonAso|psychic|1256\n|player|p2|AdvancedDigit|hilbert|1311\n|teamsize|p1|6\n|teamsize|p2|6\n|gen|9\n|tier|[Gen 9] National Dex Doubles\n|rated|\n|rule|HP Percentage Mod: HP is shown in percentages\n|rule|Endless Battle Clause: Forcing endless battles is banned\n|rule|OHKO Clause: OHKO moves are banned\n|rule|Evasion Moves Clause: Evasion moves are banned\n|rule|Evasion Abilities Clause: Evasion abilities are banned\n|rule|Species Clause: Limit one of each Pok\u00e9mon\n|rule|Gravity Sleep Clause: The combination of sleep-inducing moves with imperfect accuracy and Gravity or Gigantamax Orbeetle are banned\n|clearpoke\n|poke|p1|Ninetales-Alola, F|\n|poke|p1|Iron Bundle|\n|poke|p1|Sinistcha-Masterpiece|\n|poke|p1|Cresselia, F|\n|poke|p1|Arcanine-Hisui, M|\n|poke|p1|Iron Hands|\n|poke|p2|Lilligant-Hisui, F|\n|poke|p2|Tornadus, M|\n|poke|p2|Malamar, M|\n|poke|p2|Gothitelle, M|\n|poke|p2|Charizard, M|\n|poke|p2|Garchomp, M|\n|teampreview\n|\n|t:|1698071234\n|start\n|switch|p1a: Ninetales|Ninetales-Alola, F|100\/100\n|switch|p1b: Iron Bundle|Iron Bundle, shiny|100\/100\n|switch|p2a: Lilligant|Lilligant-Hisui, F|100\/100\n|switch|p2b: Charizard|Charizard, M|100\/100\n|-weather|Snow|[from] ability: Snow Warning|[of] p1a: Ninetales\n|-enditem|p1b: Iron Bundle|Booster Energy\n|-activate|p1b: Iron Bundle|ability: Quark Drive|[fromitem]\n|-start|p1b: Iron Bundle|quarkdrivespe\n|turn|1\n|\n|t:|1698071253\n|detailschange|p2b: Charizard|Charizard-Mega-Y, M\n|-mega|p2b: Charizard|Charizard|Charizardite Y\n|-weather|SunnyDay|[from] ability: Drought|[of] p2b: Charizard\n|-terastallize|p1b: Iron Bundle|Water\n|move|p2a: Lilligant|Entrainment|p2b: Charizard\n|-endability|p2b: Charizard|Drought|[from] move: Entrainment\n|-ability|p2b: Charizard|Chlorophyll|[from] move: Entrainment\n|move|p1b: Iron Bundle|Hydro Pump|p2b: Charizard\n|-supereffective|p2b: Charizard\n|-damage|p2b: Charizard|32\/100\n|move|p2b: Charizard|Heat Wave|p1b: Iron Bundle|[spread] p1a,p1b\n|-supereffective|p1a: Ninetales\n|-resisted|p1b: Iron Bundle\n|-damage|p1a: Ninetales|0 fnt\n|-damage|p1b: Iron Bundle|35\/100\n|faint|p1a: Ninetales\n|\n|-weather|SunnyDay|[upkeep]\n|upkeep\n|\n|t:|1698071271\n|switch|p1a: Iron Hands|Iron Hands|100\/100\n|-enditem|p1a: Iron Hands|Booster Energy\n|-activate|p1a: Iron Hands|ability: Quark Drive|[fromitem]\n|-start|p1a: Iron Hands|quarkdriveatk\n|turn|2\n|\n|t:|1698071280\n|move|p2b: Charizard|Protect|p2b: Charizard\n|-singleturn|p2b: Charizard|Protect\n|move|p1a: Iron Hands|Fake Out|p2b: Charizard\n|-activate|p2b: Charizard|move: Protect\n|move|p2a: Lilligant|Leaf Blade|p1b: Iron Bundle\n|-supereffective|p1b: Iron Bundle\n|-damage|p1b: Iron Bundle|0 fnt\n|faint|p1b: Iron Bundle\n|-end|p1b: Iron Bundle|Quark Drive|[silent]\n|\n|-weather|SunnyDay|[upkeep]\n|upkeep\n|\n|t:|1698071292\n|switch|p1b: Arcanine|Arcanine-Hisui, M|100\/100\n|turn|3\n|\n|t:|1698071318\n|move|p2a: Lilligant|Close Combat|p1b: Arcanine\n|-supereffective|p1b: Arcanine\n|-damage|p1b: Arcanine|0 fnt\n|-unboost|p2a: Lilligant|def|1\n|-unboost|p2a: Lilligant|spd|1\n|faint|p1b: Arcanine\n|move|p2b: Charizard|Heat Wave|p1a: Iron Hands\n|-damage|p1a: Iron Hands|12\/100\n|move|p1a: Iron Hands|Wild Charge|p2a: Lilligant\n|-resisted|p2a: Lilligant\n|-damage|p2a: Lilligant|13\/100\n|-damage|p1a: Iron Hands|0 fnt|[from] Recoil\n|faint|p1a: Iron Hands\n|-end|p1a: Iron Hands|Quark Drive|[silent]\n|\n|-weather|SunnyDay|[upkeep]\n|upkeep\n|\n|t:|1698071334\n|switch|p1b: Sinistcha|Sinistcha-Masterpiece|100\/100\n|switch|p1a: Cresselia|Cresselia, F, shiny|100\/100\n|turn|4\n|inactive|Battle timer is ON: inactive players will automatically lose when time's up. (requested by BuChonAso)\n|\n|t:|1698071357\n|move|p1a: Cresselia|Helping Hand|p1b: Sinistcha\n|-singleturn|p1b: Sinistcha|Helping Hand|[of] p1a: Cresselia\n|move|p2a: Lilligant|Leaf Blade|p1a: Cresselia\n|-damage|p1a: Cresselia|73\/100\n|move|p2b: Charizard|Heat Wave|p1b: Sinistcha|[spread] p1b\n|-miss|p2b: Charizard|p1a: Cresselia\n|-supereffective|p1b: Sinistcha\n|-damage|p1b: Sinistcha|0 fnt\n|faint|p1b: Sinistcha\n|\n|-weather|SunnyDay|[upkeep]\n|upkeep\n|turn|5\n|-message|BuChonAso forfeited.\n|\n|win|AdvancedDigit\n|raw|BuChonAso's rating: 1256 &rarr; <strong>1235<\/strong><br \/>(-21 for losing)\n|raw|AdvancedDigit's rating: 1311 &rarr; <strong>1328<\/strong><br \/>(+17 for winning)\n|l|\u2606BuChonAso\n|c|\u2606AdvancedDigit|gg\n","uploadtime":1698071372,"views":8,"p1id":"buchonaso","p2id":"advanceddigit","formatid":"gen9nationaldexdoubles","rating":1235,"private":0,"password":""}