{"id":"gen9nationaldexdoubles-1950493212","p1":"snowballskies","p2":"Astroblastyt","format":"[Gen 9] National Dex Doubles","log":"|j|\u2606snowballskies\n|j|\u2606Astroblastyt\n|t:|1695478822\n|gametype|doubles\n|player|p1|snowballskies|beauty-gen4dp|1041\n|player|p2|Astroblastyt|ingo|1087\n|teamsize|p1|6\n|teamsize|p2|6\n|gen|9\n|tier|[Gen 9] National Dex Doubles\n|rated|\n|rule|HP Percentage Mod: HP is shown in percentages\n|rule|Endless Battle Clause: Forcing endless battles is banned\n|rule|OHKO Clause: OHKO moves are banned\n|rule|Evasion Moves Clause: Evasion moves are banned\n|rule|Evasion Abilities Clause: Evasion abilities are banned\n|rule|Species Clause: Limit one of each Pok\u00e9mon\n|rule|Gravity Sleep Clause: The combination of sleep-inducing moves with imperfect accuracy and Gravity or Gigantamax Orbeetle are banned\n|clearpoke\n|poke|p1|Frosmoth, M|\n|poke|p1|Abomasnow, F|\n|poke|p1|Froslass, F|\n|poke|p1|Baxcalibur, F|\n|poke|p1|Mamoswine, M|\n|poke|p1|Ninetales-Alola, F|\n|poke|p2|Hatterene, F|\n|poke|p2|Audino, M|\n|poke|p2|Oranguru, M|\n|poke|p2|Iron Hands|\n|poke|p2|Cresselia, F|\n|poke|p2|Indeedee-F, F|\n|teampreview\n|\n|t:|1695478832\n|start\n|switch|p1a: bug|Frosmoth, M, shiny|100\/100\n|switch|p1b: >:|Abomasnow, F|100\/100\n|switch|p2a: Ape|Oranguru, M, shiny|100\/100\n|switch|p2b: Handjob|Iron Hands|100\/100\n|-weather|Snow|[from] ability: Snow Warning|[of] p1b: >:\n|-enditem|p2b: Handjob|Booster Energy\n|-activate|p2b: Handjob|ability: Quark Drive|[fromitem]\n|-start|p2b: Handjob|quarkdriveatk\n|turn|1\n|c|\u2606Astroblastyt|I\u2019m listening to creep by radio head rn\n|inactive|Battle timer is ON: inactive players will automatically lose when time's up. (requested by Astroblastyt)\n|c|\u2606snowballskies|im listening to literally nothing rn <3\n|\n|t:|1695478874\n|move|p1a: bug|Tailwind|p1a: bug\n|-sidestart|p1: snowballskies|move: Tailwind\n|move|p1b: >:|Aurora Veil|p1b: >:\n|-sidestart|p1: snowballskies|move: Aurora Veil\n|move|p2a: Ape|Taunt|p1a: bug\n|-start|p1a: bug|move: Taunt\n|move|p2b: Handjob|Earthquake|p1b: >:|[spread] p1a,p1b\n|-activate|p2a: Ape|ability: Telepathy\n|-resisted|p1a: bug\n|-resisted|p1b: >:\n|-damage|p1a: bug|84\/100\n|-damage|p1b: >:|91\/100\n|\n|-weather|Snow|[upkeep]\n|-heal|p1a: bug|90\/100|[from] item: Leftovers\n|-heal|p1b: >:|98\/100|[from] item: Leftovers\n|upkeep\n|turn|2\n|c|\u2606Astroblastyt|Handjob is my  best Pok\u00e9mon\n|c|\u2606Astroblastyt|also bad idea\n|c|\u2606Astroblastyt|shoudlnt have done that\n|c|\u2606snowballskies|wait why\n|\n|t:|1695478898\n|move|p1b: >:|Helping Hand|p1a: bug\n|-singleturn|p1a: bug|Helping Hand|[of] p1b: >:\n|move|p1a: bug|Blizzard|p2b: Handjob|[spread] p2a,p2b\n|-damage|p2a: Ape|64\/100\n|-damage|p2b: Handjob|39\/100\n|move|p2b: Handjob|Drain Punch|p1b: >:\n|-supereffective|p1b: >:\n|-damage|p1b: >:|36\/100\n|-heal|p2b: Handjob|63\/100|[from] drain|[of] p1b: >:\n|move|p2a: Ape|Trick Room|p2a: Ape\n|-fieldstart|move: Trick Room|[of] p2a: Ape\n|\n|-weather|Snow|[upkeep]\n|-heal|p2a: Ape|71\/100|[from] item: Leftovers\n|-heal|p1b: >:|42\/100|[from] item: Leftovers\n|-heal|p1a: bug|96\/100|[from] item: Leftovers\n|upkeep\n|turn|3\n|c|\u2606snowballskies|oh\n|c|\u2606Astroblastyt|Yeaaaa\n|c|\u2606snowballskies|crying in the club rn\n|\n|t:|1695478925\n|-terastallize|p2b: Handjob|Fighting\n|move|p1b: >:|Helping Hand|p1a: bug\n|-singleturn|p1a: bug|Helping Hand|[of] p1b: >:\n|move|p2b: Handjob|Close Combat|p1a: bug\n|-damage|p1a: bug|0 fnt\n|-unboost|p2b: Handjob|def|1\n|-unboost|p2b: Handjob|spd|1\n|faint|p1a: bug\n|move|p2a: Ape|Instruct|p2b: Handjob\n|-singleturn|p2b: Handjob|move: Instruct|[of] p2a: Ape\n|move|p2b: Handjob|Close Combat|p1b: >:\n|-supereffective|p1b: >:\n|-damage|p1b: >:|0 fnt\n|-unboost|p2b: Handjob|def|1\n|-unboost|p2b: Handjob|spd|1\n|faint|p1b: >:\n|\n|-weather|Snow|[upkeep]\n|-heal|p2a: Ape|77\/100|[from] item: Leftovers\n|upkeep\n|inactive|snowballskies has 120 seconds left.\n|c|\u2606snowballskies|ple\n|\n|t:|1695478949\n|switch|p1b: Luna|Froslass, F|100\/100\n|switch|p1a: Baxcalibur|Baxcalibur, F|100\/100\n|turn|4\n|inactive|snowballskies has 120 seconds left.\n|\n|t:|1695478977\n|move|p2b: Handjob|Earthquake|p1a: Baxcalibur|[spread] p1a,p1b\n|-activate|p2a: Ape|ability: Telepathy\n|-damage|p1a: Baxcalibur|85\/100\n|-damage|p1b: Luna|72\/100\n|move|p2a: Ape|Instruct|p2b: Handjob\n|-singleturn|p2b: Handjob|move: Instruct|[of] p2a: Ape\n|move|p2b: Handjob|Earthquake|p1a: Baxcalibur|[spread] p1a,p1b\n|-activate|p2a: Ape|ability: Telepathy\n|-damage|p1a: Baxcalibur|70\/100\n|-damage|p1b: Luna|46\/100\n|move|p1b: Luna|Draining Kiss|p2b: Handjob\n|-supereffective|p2b: Handjob\n|-damage|p2b: Handjob|14\/100\n|-heal|p1b: Luna|100\/100|[from] drain|[of] p2b: Handjob\n|move|p1a: Baxcalibur|Avalanche|p2b: Handjob\n|-damage|p2b: Handjob|0 fnt\n|faint|p2b: Handjob\n|-end|p2b: Handjob|Quark Drive|[silent]\n|\n|-weather|Snow|[upkeep]\n|-heal|p1a: Baxcalibur|76\/100|[from] ability: Ice Body\n|-heal|p2a: Ape|83\/100|[from] item: Leftovers\n|-sideend|p1: snowballskies|move: Tailwind\n|upkeep\n|c|\u2606snowballskies|heheheh a\n|inactive|Astroblastyt has 120 seconds left.\n|c|\u2606snowballskies|damn that did alot of damage for a smooch wtf\n|\n|t:|1695479026\n|switch|p2b: Vvitch|Hatterene, F, shiny|100\/100\n|turn|5\n|inactive|snowballskies has 120 seconds left.\n|\n|t:|1695479053\n|move|p2b: Vvitch|Dazzling Gleam|p1a: Baxcalibur|[spread] p1a,p1b\n|-supereffective|p1a: Baxcalibur\n|-damage|p1a: Baxcalibur|17\/100\n|-damage|p1b: Luna|54\/100\n|-start|p2b: Vvitch|Disable|Dazzling Gleam|[from] ability: Cursed Body|[of] p1b: Luna\n|-damage|p2b: Vvitch|91\/100|[from] item: Life Orb\n|move|p2a: Ape|Instruct|p2b: Vvitch\n|-singleturn|p2b: Vvitch|move: Instruct|[of] p2a: Ape\n|cant|p2b: Vvitch|Disable|Dazzling Gleam\n|move|p1b: Luna|Weather Ball|p2a: Ape\n|-damage|p2a: Ape|62\/100\n|move|p1a: Baxcalibur|Avalanche|p2a: Ape\n|-damage|p2a: Ape|28\/100\n|\n|-weather|none\n|-heal|p2a: Ape|35\/100|[from] item: Leftovers\n|-sideend|p1: snowballskies|move: Aurora Veil\n|upkeep\n|turn|6\n|\n|t:|1695479075\n|move|p2b: Vvitch|Mystical Fire|p1a: Baxcalibur\n|-damage|p1a: Baxcalibur|0 fnt\n|faint|p1a: Baxcalibur\n|-damage|p2b: Vvitch|81\/100|[from] item: Life Orb\n|move|p2a: Ape|Instruct|p2b: Vvitch\n|-singleturn|p2b: Vvitch|move: Instruct|[of] p2a: Ape\n|move|p2b: Vvitch|Mystical Fire|p1b: Luna\n|-supereffective|p1b: Luna\n|-damage|p1b: Luna|0 fnt\n|faint|p1b: Luna\n|-damage|p2b: Vvitch|71\/100|[from] item: Life Orb\n|\n|-heal|p2a: Ape|41\/100|[from] item: Leftovers\n|-fieldend|move: Trick Room\n|upkeep\n|inactive|snowballskies has 120 seconds left.\n|\n|t:|1695479088\n|switch|p1b: miles prower|Ninetales-Alola, F, shiny|100\/100\n|switch|p1a: nose knows|Mamoswine, M|100\/100\n|-weather|Snow|[from] ability: Snow Warning|[of] p1b: miles prower\n|turn|7\n|\n|t:|1695479102\n|move|p1b: miles prower|Hypnosis|p2a: Ape\n|-status|p2a: Ape|slp|[from] move: Hypnosis\n|move|p1a: nose knows|Rock Slide|p2b: Vvitch|[spread] p2a,p2b\n|-damage|p2a: Ape|18\/100 slp\n|-damage|p2b: Vvitch|48\/100\n|move|p2b: Vvitch|Giga Drain|p1a: nose knows\n|-supereffective|p1a: nose knows\n|-damage|p1a: nose knows|8\/100\n|-heal|p2b: Vvitch|100\/100|[from] drain|[of] p1a: nose knows\n|-damage|p2b: Vvitch|91\/100|[from] item: Life Orb\n|cant|p2a: Ape|slp\n|\n|-weather|Snow|[upkeep]\n|-heal|p1a: nose knows|14\/100|[from] item: Leftovers\n|-heal|p2a: Ape|24\/100 slp|[from] item: Leftovers\n|upkeep\n|turn|8\n|\n|t:|1695479126\n|switch|p2a: Moon|Cresselia, F, shiny|100\/100\n|switch|p2b: uwu|Indeedee-F, F|100\/100\n|-fieldstart|move: Psychic Terrain|[from] ability: Psychic Surge|[of] p2b: uwu\n|move|p1b: miles prower|Hypnosis|p2b: uwu|[miss]\n|-miss|p1b: miles prower|p2b: uwu\n|move|p1a: nose knows|Rest|p1a: nose knows\n|-status|p1a: nose knows|slp|[from] move: Rest\n|-heal|p1a: nose knows|100\/100 slp|[silent]\n|\n|-weather|Snow|[upkeep]\n|upkeep\n|turn|9\n|\n|t:|1695479144\n|move|p1b: miles prower|Helping Hand|p1a: nose knows\n|-singleturn|p1a: nose knows|Helping Hand|[of] p1b: miles prower\n|move|p2a: Moon|Calm Mind|p2a: Moon\n|-boost|p2a: Moon|spa|1\n|-boost|p2a: Moon|spd|1\n|cant|p1a: nose knows|slp\n|move|p1a: nose knows|Sleep Talk|p1a: nose knows\n|move|p1a: nose knows|High Horsepower|p2b: uwu|[from]move: Sleep Talk\n|-damage|p2b: uwu|0 fnt\n|faint|p2b: uwu\n|\n|-weather|Snow|[upkeep]\n|upkeep\n|\n|t:|1695479156\n|switch|p2b: Mercy|Audino, M, shiny|100\/100\n|turn|10\n|c|\u2606snowballskies|awe that one was cute too\n|\n|t:|1695479168\n|detailschange|p2b: Mercy|Audino-Mega, M, shiny\n|-mega|p2b: Mercy|Audino|Audinite\n|move|p1b: miles prower|Helping Hand|p1a: nose knows\n|-singleturn|p1a: nose knows|Helping Hand|[of] p1b: miles prower\n|move|p2a: Moon|Calm Mind|p2a: Moon\n|-boost|p2a: Moon|spa|1\n|-boost|p2a: Moon|spd|1\n|cant|p1a: nose knows|slp\n|move|p1a: nose knows|Sleep Talk|p1a: nose knows\n|move|p1a: nose knows|Rest||[from]move: Sleep Talk|[still]\n|-fail|p1a: nose knows\n|move|p2b: Mercy|Trick Room|p2b: Mercy\n|-fieldstart|move: Trick Room|[of] p2b: Mercy\n|\n|-weather|Snow|[upkeep]\n|upkeep\n|turn|11\n|c|\u2606snowballskies|bruh\n|c|\u2606Astroblastyt|OOF\n|\n|t:|1695479194\n|move|p1b: miles prower|Helping Hand|p1a: nose knows\n|-singleturn|p1a: nose knows|Helping Hand|[of] p1b: miles prower\n|move|p2b: Mercy|Encore|p1b: miles prower\n|-start|p1b: miles prower|Encore\n|-curestatus|p1a: nose knows|slp|[msg]\n|move|p1a: nose knows|Sleep Talk||[still]\n|-fail|p1a: nose knows\n|move|p2a: Moon|Moonblast|p1a: nose knows\n|-damage|p1a: nose knows|44\/100\n|-unboost|p1a: nose knows|spa|1\n|\n|-weather|none\n|-heal|p1a: nose knows|50\/100|[from] item: Leftovers\n|upkeep\n|turn|12\n|c|\u2606Astroblastyt|OOF\n|c|\u2606snowballskies|this fuckin hairy rat\n|\n|t:|1695479217\n|move|p1b: miles prower|Helping Hand|p1a: nose knows\n|-singleturn|p1a: nose knows|Helping Hand|[of] p1b: miles prower\n|move|p2b: Mercy|Encore||[still]\n|-fail|p2b: Mercy\n|move|p1a: nose knows|Rest|p1a: nose knows\n|-status|p1a: nose knows|slp|[from] move: Rest\n|-heal|p1a: nose knows|100\/100 slp|[silent]\n|move|p2a: Moon|Moonblast|p1a: nose knows\n|-damage|p1a: nose knows|37\/100 slp\n|\n|-heal|p1a: nose knows|43\/100 slp|[from] item: Leftovers\n|-fieldend|move: Psychic Terrain\n|upkeep\n|turn|13\n|\n|t:|1695479237\n|move|p1b: miles prower|Helping Hand|p1a: nose knows\n|-singleturn|p1a: nose knows|Helping Hand|[of] p1b: miles prower\n|move|p2b: Mercy|Encore|p1a: nose knows\n|-start|p1a: nose knows|Encore\n|cant|p1a: nose knows|slp\n|move|p2a: Moon|Moonblast|p1a: nose knows\n|-damage|p1a: nose knows|0 fnt\n|faint|p1a: nose knows\n|\n|upkeep\n|turn|14\n|\n|t:|1695479250\n|move|p1b: miles prower|Helping Hand|p1: nose knows|[notarget]\n|-fail|p1b: miles prower\n|move|p2b: Mercy|Heal Bell|p2b: Mercy\n|-activate|p2b: Mercy|move: Heal Bell\n|-curestatus|p2: Ape|slp|[msg]\n|move|p2a: Moon|Psychic|p1b: miles prower\n|-damage|p1b: miles prower|34\/100\n|-unboost|p1b: miles prower|spd|1\n|\n|-end|p1b: miles prower|Encore\n|-fieldend|move: Trick Room\n|upkeep\n|turn|15\n|c|\u2606snowballskies|pff\n|\n|t:|1695479273\n|move|p1b: miles prower|Hypnosis|p2a: Moon|[miss]\n|-miss|p1b: miles prower|p2a: Moon\n|move|p2a: Moon|Psychic|p1b: miles prower\n|-damage|p1b: miles prower|0 fnt\n|faint|p1b: miles prower\n|\n|win|Astroblastyt\n|raw|snowballskies's rating: 1041 &rarr; <strong>1027<\/strong><br \/>(-14 for losing)\n|raw|Astroblastyt's rating: 1087 &rarr; <strong>1110<\/strong><br \/>(+23 for winning)\n","uploadtime":1695479218,"views":9,"p1id":"snowballskies","p2id":"astroblastyt","formatid":"gen9nationaldexdoubles","rating":1027,"private":0,"password":""}