{"id":"gen9nationaldexdoubles-1952400735","p1":"NameVeryMaybe","p2":"luftwafflestuka","format":"[Gen 9] National Dex Doubles","log":"|j|\u2606NameVeryMaybe\n|j|\u2606luftwafflestuka\n|t:|1695680926\n|gametype|doubles\n|player|p1|NameVeryMaybe|cynthia|\n|player|p2|luftwafflestuka|cynthia|\n|teamsize|p1|6\n|teamsize|p2|6\n|gen|9\n|tier|[Gen 9] National Dex Doubles\n|rule|HP Percentage Mod: HP is shown in percentages\n|rule|Endless Battle Clause: Forcing endless battles is banned\n|rule|OHKO Clause: OHKO moves are banned\n|rule|Evasion Moves Clause: Evasion moves are banned\n|rule|Evasion Abilities Clause: Evasion abilities are banned\n|rule|Species Clause: Limit one of each Pok\u00e9mon\n|rule|Gravity Sleep Clause: The combination of sleep-inducing moves with imperfect accuracy and Gravity or Gigantamax Orbeetle are banned\n|clearpoke\n|poke|p1|Kleavor, M|\n|poke|p1|Ursaluna, F|\n|poke|p1|Gholdengo|\n|poke|p1|Cresselia, F|\n|poke|p1|Whimsicott, F|\n|poke|p1|Kingambit, M|\n|poke|p2|Spiritomb, F|\n|poke|p2|Roserade, F|\n|poke|p2|Togekiss, M|\n|poke|p2|Lucario, M|\n|poke|p2|Milotic, F|\n|poke|p2|Garchomp, F|\n|teampreview\n|j| Dedecadiv duoge\n|\n|t:|1695680946\n|start\n|switch|p1a: Axe Guy|Kleavor, M, shiny|100\/100\n|switch|p1b: Misschievous|Whimsicott, F, shiny|100\/100\n|switch|p2a: Spiritomb|Spiritomb, F|100\/100\n|switch|p2b: Lucario|Lucario, M|100\/100\n|turn|1\n|\n|t:|1695680972\n|move|p1b: Misschievous|Helping Hand|p1a: Axe Guy\n|-singleturn|p1a: Axe Guy|Helping Hand|[of] p1b: Misschievous\n|move|p2a: Spiritomb|Sucker Punch|p2b: Lucario\n|-resisted|p2b: Lucario\n|-damage|p2b: Lucario|85\/100\n|-ability|p2b: Lucario|Justified|boost\n|-boost|p2b: Lucario|atk|1\n|move|p1a: Axe Guy|Close Combat|p2b: Lucario\n|-supereffective|p2b: Lucario\n|-damage|p2b: Lucario|0 fnt\n|-unboost|p1a: Axe Guy|def|1\n|-unboost|p1a: Axe Guy|spd|1\n|faint|p2b: Lucario\n|\n|upkeep\n|\n|t:|1695680992\n|switch|p2b: Roserade|Roserade, F|100\/100\n|turn|2\n|c|\u2606luftwafflestuka|Fuck\n|\n|t:|1695681033\n|move|p1b: Misschievous|Helping Hand|p1a: Axe Guy\n|-singleturn|p1a: Axe Guy|Helping Hand|[of] p1b: Misschievous\n|move|p1a: Axe Guy|Close Combat|p2b: Roserade\n|-resisted|p2b: Roserade\n|-damage|p2b: Roserade|56\/100\n|-unboost|p1a: Axe Guy|def|1\n|-unboost|p1a: Axe Guy|spd|1\n|move|p2b: Roserade|Toxic|p1b: Misschievous\n|-status|p1b: Misschievous|tox\n|move|p2a: Spiritomb|Will-O-Wisp|p1a: Axe Guy\n|-status|p1a: Axe Guy|brn\n|\n|-heal|p2b: Roserade|62\/100|[from] item: Black Sludge\n|-damage|p1b: Misschievous|94\/100 tox|[from] psn\n|-damage|p1a: Axe Guy|94\/100 brn|[from] brn\n|upkeep\n|turn|3\n|\n|t:|1695681056\n|switch|p2b: Garchomp|Garchomp, F|100\/100\n|move|p1b: Misschievous|Encore||[still]\n|-fail|p1b: Misschievous\n|move|p1a: Axe Guy|Close Combat|p2b: Garchomp\n|-damage|p2b: Garchomp|78\/100\n|-unboost|p1a: Axe Guy|def|1\n|-unboost|p1a: Axe Guy|spd|1\n|-damage|p1a: Axe Guy|82\/100 brn|[from] ability: Rough Skin|[of] p2b: Garchomp\n|move|p2a: Spiritomb|Hex|p1a: Axe Guy\n|-damage|p1a: Axe Guy|0 fnt\n|faint|p1a: Axe Guy\n|\n|-damage|p1b: Misschievous|82\/100 tox|[from] psn\n|upkeep\n|\n|t:|1695681104\n|switch|p1a: Glintstone|Cresselia, F, shiny|100\/100\n|turn|4\n|\n|t:|1695681128\n|detailschange|p2b: Garchomp|Garchomp-Mega, F\n|-mega|p2b: Garchomp|Garchomp|Garchompite\n|move|p2a: Spiritomb|Sucker Punch||[still]\n|-fail|p2a: Spiritomb\n|move|p1b: Misschievous|Moonblast|p2b: Garchomp\n|-supereffective|p2b: Garchomp\n|-damage|p2b: Garchomp|4\/100\n|-unboost|p2b: Garchomp|spa|1\n|move|p2b: Garchomp|Stone Edge|p1a: Glintstone\n|-crit|p1a: Glintstone\n|-damage|p1a: Glintstone|54\/100\n|move|p1a: Glintstone|Trick Room|p1a: Glintstone\n|-fieldstart|move: Trick Room|[of] p1a: Glintstone\n|\n|-heal|p1a: Glintstone|60\/100|[from] item: Leftovers\n|-damage|p1b: Misschievous|64\/100 tox|[from] psn\n|upkeep\n|turn|5\n|\n|t:|1695681155\n|switch|p2b: Milotic|Milotic, F|100\/100\n|move|p2a: Spiritomb|Will-O-Wisp|p1a: Glintstone\n|-status|p1a: Glintstone|brn\n|move|p1a: Glintstone|Psychic|p2b: Milotic\n|-damage|p2b: Milotic|84\/100\n|move|p1b: Misschievous|Moonblast|p2a: Spiritomb\n|-supereffective|p2a: Spiritomb\n|-damage|p2a: Spiritomb|41\/100\n|\n|-heal|p2a: Spiritomb|48\/100|[from] item: Leftovers\n|-heal|p1a: Glintstone|66\/100 brn|[from] item: Leftovers\n|-damage|p1b: Misschievous|39\/100 tox|[from] psn\n|-damage|p1a: Glintstone|60\/100 brn|[from] brn\n|-status|p2b: Milotic|brn|[from] item: Flame Orb\n|upkeep\n|turn|6\n|c|\u2606luftwafflestuka|FUCK\n|\n|t:|1695681200\n|move|p1b: Misschievous|Encore||[still]\n|-fail|p1b: Misschievous\n|move|p2a: Spiritomb|Hex|p1a: Glintstone\n|-supereffective|p1a: Glintstone\n|-damage|p1a: Glintstone|19\/100 brn\n|move|p1a: Glintstone|Lunar Blessing|p1a: Glintstone|[spread] p1a,p1b\n|-heal|p1a: Glintstone|44\/100 brn\n|-curestatus|p1a: Glintstone|brn|[msg]\n|-heal|p1b: Misschievous|64\/100 tox\n|-curestatus|p1b: Misschievous|tox|[msg]\n|move|p2b: Milotic|Ice Beam|p1b: Misschievous\n|-supereffective|p1b: Misschievous\n|-damage|p1b: Misschievous|0 fnt\n|faint|p1b: Misschievous\n|\n|-heal|p2a: Spiritomb|54\/100|[from] item: Leftovers\n|-heal|p1a: Glintstone|50\/100|[from] item: Leftovers\n|-damage|p2b: Milotic|78\/100 brn|[from] brn\n|upkeep\n|\n|t:|1695681223\n|switch|p1b: Legal Tender|Gholdengo, shiny|100\/100\n|turn|7\n|\n|t:|1695681259\n|switch|p2a: Togekiss|Togekiss, M|100\/100\n|move|p1a: Glintstone|Lunar Blessing|p1a: Glintstone|[spread] p1a\n|-immune|p1b: Legal Tender|[from] ability: Good as Gold\n|-heal|p1a: Glintstone|75\/100\n|move|p2b: Milotic|Ice Beam|p1a: Glintstone\n|-damage|p1a: Glintstone|66\/100\n|move|p1b: Legal Tender|Nasty Plot|p1b: Legal Tender\n|-boost|p1b: Legal Tender|spa|2\n|\n|-heal|p1a: Glintstone|72\/100|[from] item: Leftovers\n|-damage|p2b: Milotic|72\/100 brn|[from] brn\n|upkeep\n|turn|8\n|\n|t:|1695681297\n|move|p1a: Glintstone|Psychic|p2b: Milotic\n|-damage|p2b: Milotic|53\/100 brn\n|move|p2a: Togekiss|Ancient Power|p1a: Glintstone\n|-damage|p1a: Glintstone|61\/100\n|move|p2b: Milotic|Recover|p2b: Milotic\n|-heal|p2b: Milotic|100\/100 brn\n|move|p1b: Legal Tender|Make It Rain|p2b: Milotic|[spread] p2a,p2b\n|-supereffective|p2a: Togekiss\n|-resisted|p2b: Milotic\n|-damage|p2a: Togekiss|0 fnt\n|-damage|p2b: Milotic|62\/100 brn\n|-unboost|p1b: Legal Tender|spa|1\n|faint|p2a: Togekiss\n|\n|-heal|p1a: Glintstone|67\/100|[from] item: Leftovers\n|-damage|p2b: Milotic|56\/100 brn|[from] brn\n|-fieldend|move: Trick Room\n|upkeep\n|\n|t:|1695681312\n|switch|p2a: Garchomp|Garchomp-Mega, F|4\/100\n|turn|9\n|\n|t:|1695681333\n|-terastallize|p1b: Legal Tender|Fighting\n|-terastallize|p2b: Milotic|Steel\n|move|p2a: Garchomp|Earthquake|p1a: Glintstone|[spread] p2b,p1b\n|-immune|p1a: Glintstone|[from] ability: Levitate\n|-supereffective|p2b: Milotic\n|-crit|p2b: Milotic\n|-damage|p2b: Milotic|0 fnt\n|-damage|p1b: Legal Tender|59\/100\n|faint|p2b: Milotic\n|move|p1b: Legal Tender|Recover|p1b: Legal Tender\n|-heal|p1b: Legal Tender|100\/100\n|move|p1a: Glintstone|Trick Room|p1a: Glintstone\n|-fieldstart|move: Trick Room|[of] p1a: Glintstone\n|\n|-heal|p1a: Glintstone|73\/100|[from] item: Leftovers\n|upkeep\n|c|\u2606luftwafflestuka|oops\n|c|\u2606luftwafflestuka|fuck\n|j| Colorful toots\n|c| Dedecadiv duoge|Um\n|l| Colorful toots\n|\n|t:|1695681360\n|switch|p2b: Spiritomb|Spiritomb, F|54\/100\n|turn|10\n|\n|t:|1695681374\n|switch|p2a: Roserade|Roserade, F|62\/100\n|move|p2b: Spiritomb|Will-O-Wisp|p1a: Glintstone\n|-status|p1a: Glintstone|brn\n|move|p1a: Glintstone|Psychic|p2a: Roserade\n|-supereffective|p2a: Roserade\n|-damage|p2a: Roserade|16\/100\n|move|p1b: Legal Tender|Make It Rain|p2b: Spiritomb|[spread] p2a,p2b\n|-damage|p2a: Roserade|0 fnt\n|-damage|p2b: Spiritomb|0 fnt\n|-unboost|p1b: Legal Tender|spa|1\n|faint|p2a: Roserade\n|faint|p2b: Spiritomb\n|\n|-heal|p1a: Glintstone|79\/100 brn|[from] item: Leftovers\n|-damage|p1a: Glintstone|73\/100 brn|[from] brn\n|upkeep\n|c|\u2606luftwafflestuka|its joever\n|\n|t:|1695681399\n|switch|p2b: Garchomp|Garchomp-Mega, F|4\/100\n|turn|11\n|\n|t:|1695681421\n|move|p1a: Glintstone|Psychic|p2b: Garchomp\n|-damage|p2b: Garchomp|0 fnt\n|faint|p2b: Garchomp\n|\n|win|NameVeryMaybe\n|c|\u2606luftwafflestuka|trick room fucks me up\n|l| Dedecadiv duoge\n|c|\u2606luftwafflestuka|ggs\n","uploadtime":1695681430,"views":14,"p1id":"nameverymaybe","p2id":"luftwafflestuka","formatid":"gen9nationaldexdoubles","rating":0,"private":0,"password":""}