{"id":"gen9nationaldexdoubles-1985936473","p1":"anonymints","p2":"Tempest2110","format":"[Gen 9] National Dex Doubles","log":"|j|\u2606anonymints\n|j|\u2606Tempest2110\n|t:|1699425772\n|gametype|doubles\n|player|p1|anonymints|nessa-masters|1055\n|player|p2|Tempest2110|yellow|1058\n|teamsize|p1|6\n|teamsize|p2|6\n|gen|9\n|tier|[Gen 9] National Dex Doubles\n|rated|\n|rule|HP Percentage Mod: HP is shown in percentages\n|rule|Endless Battle Clause: Forcing endless battles is banned\n|rule|OHKO Clause: OHKO moves are banned\n|rule|Evasion Moves Clause: Evasion moves are banned\n|rule|Evasion Abilities Clause: Evasion abilities are banned\n|rule|Species Clause: Limit one of each Pok\u00e9mon\n|rule|Gravity Sleep Clause: The combination of sleep-inducing moves with imperfect accuracy and Gravity or Gigantamax Orbeetle are banned\n|clearpoke\n|poke|p1|Pelipper, F|\n|poke|p1|Blastoise, M|\n|poke|p1|Kingdra, F|\n|poke|p1|Mantine, F|\n|poke|p1|Swampert, F|\n|poke|p1|Toxapex, F|\n|poke|p2|Cinderace, F|\n|poke|p2|Greninja-*, F|\n|poke|p2|Jirachi|\n|poke|p2|Chien-Pao|\n|poke|p2|Regieleki|\n|poke|p2|Ribombee, M|\n|teampreview\n|\n|t:|1699425778\n|start\n|switch|p1a: Pelipper|Pelipper, F|100\/100\n|switch|p1b: Kingdra|Kingdra, F|100\/100\n|switch|p2a: Ronaldo|Cinderace, F|100\/100\n|switch|p2b: Sasuke|Greninja, F|100\/100\n|-weather|RainDance|[from] ability: Drizzle|[of] p1a: Pelipper\n|turn|1\n|\n|t:|1699425794\n|move|p1b: Kingdra|Dragon Dance|p1b: Kingdra\n|-boost|p1b: Kingdra|atk|1\n|-boost|p1b: Kingdra|spe|1\n|move|p2b: Sasuke|Water Pledge|p1b: Kingdra\n|-waiting|p2b: Sasuke|p2a: Ronaldo\n|move|p2a: Ronaldo|Fire Pledge|p1b: Kingdra|[from]move: Water Pledge\n|-start|p2a: Ronaldo|typechange|Water|[from] ability: Libero\n|-combine\n|-resisted|p1b: Kingdra\n|-damage|p1b: Kingdra|84\/100\n|-sidestart|p2: Tempest2110|Water Pledge\n|move|p1a: Pelipper|U-turn|p2b: Sasuke\n|-supereffective|p2b: Sasuke\n|-damage|p2b: Sasuke|73\/100\n|\n|t:|1699425809\n|switch|p1a: Swampert|Swampert, F|100\/100|[from] U-turn\n|\n|-weather|RainDance|[upkeep]\n|upkeep\n|turn|2\n|inactive|Battle timer is ON: inactive players will automatically lose when time's up. (requested by anonymints)\n|\n|t:|1699425872\n|move|p1b: Kingdra|Iron Head|p2b: Sasuke\n|-resisted|p2b: Sasuke\n|-damage|p2b: Sasuke|40\/100\n|move|p2b: Sasuke|Dark Pulse|p1b: Kingdra\n|-start|p2b: Sasuke|typechange|Dark|[from] ability: Protean\n|-damage|p1b: Kingdra|28\/100\n|move|p2a: Ronaldo|Swords Dance|p2a: Ronaldo\n|-boost|p2a: Ronaldo|atk|2\n|move|p1a: Swampert|Earthquake|p2b: Sasuke|[spread] p1b,p2a,p2b\n|-damage|p1b: Kingdra|0 fnt\n|-damage|p2a: Ronaldo|50\/100\n|-damage|p2b: Sasuke|0 fnt\n|faint|p1b: Kingdra\n|faint|p2b: Sasuke\n|\n|-weather|RainDance|[upkeep]\n|upkeep\n|\n|t:|1699425892\n|switch|p2b: Honey|Ribombee, M|100\/100\n|switch|p1b: Mantine|Mantine, F|100\/100\n|turn|3\n|\n|t:|1699425903\n|detailschange|p1a: Swampert|Swampert-Mega, F\n|-mega|p1a: Swampert|Swampert|Swampertite\n|move|p1a: Swampert|Earthquake|p2b: Honey|[spread] p2a,p2b\n|-immune|p1b: Mantine\n|-resisted|p2b: Honey\n|-damage|p2a: Ronaldo|0 fnt\n|-damage|p2b: Honey|57\/100\n|faint|p2a: Ronaldo\n|move|p1b: Mantine|Toxic|p2b: Honey\n|-status|p2b: Honey|tox\n|move|p2b: Honey|Tailwind|p2b: Honey\n|-sidestart|p2: Tempest2110|move: Tailwind\n|\n|-weather|RainDance|[upkeep]\n|-heal|p2b: Honey|63\/100 tox|[from] item: Leftovers\n|-damage|p2b: Honey|57\/100 tox|[from] psn\n|upkeep\n|\n|t:|1699425914\n|switch|p2a: Sword|Chien-Pao|100\/100\n|-ability|p2a: Sword|Sword of Ruin\n|turn|4\n|\n|t:|1699425931\n|move|p2a: Sword|Icicle Crash|p1b: Mantine|[miss]\n|-miss|p2a: Sword|p1b: Mantine\n|move|p2b: Honey|Dazzling Gleam|p1a: Swampert|[spread] p1a,p1b\n|-damage|p1a: Swampert|77\/100\n|-damage|p1b: Mantine|83\/100\n|move|p1a: Swampert|Earthquake|p2a: Sword|[spread] p2a,p2b\n|-immune|p1b: Mantine\n|-resisted|p2b: Honey\n|-damage|p2a: Sword|32\/100\n|-damage|p2b: Honey|0 fnt\n|faint|p2b: Honey\n|move|p1b: Mantine|Ice Beam|p2a: Sword\n|-resisted|p2a: Sword\n|-damage|p2a: Sword|18\/100\n|\n|-weather|RainDance|[upkeep]\n|-heal|p1b: Mantine|89\/100|[from] item: Leftovers\n|-sideend|p2: Tempest2110|Water Pledge\n|upkeep\n|\n|t:|1699425949\n|switch|p2b: Lightspeed|Regieleki|100\/100\n|turn|5\n|\n|t:|1699425962\n|move|p2b: Lightspeed|Volt Switch|p1b: Mantine\n|-supereffective|p1b: Mantine\n|-damage|p1b: Mantine|0 fnt\n|faint|p1b: Mantine\n|\n|t:|1699425967\n|switch|p2b: Wish|Jirachi|100\/100|[from] Volt Switch\n|move|p2a: Sword|Crunch|p2b: Wish\n|-supereffective|p2b: Wish\n|-damage|p2b: Wish|0 fnt\n|faint|p2b: Wish\n|move|p1a: Swampert|Earthquake|p2a: Sword\n|-damage|p2a: Sword|0 fnt\n|faint|p2a: Sword\n|\n|-weather|none\n|upkeep\n|\n|t:|1699425979\n|switch|p2b: Lightspeed|Regieleki|100\/100\n|switch|p1b: Pelipper|Pelipper, F|100\/100\n|-weather|RainDance|[from] ability: Drizzle|[of] p1b: Pelipper\n|turn|6\n|\n|t:|1699425990\n|move|p2b: Lightspeed|Thunder Cage|p1b: Pelipper\n|-supereffective|p1b: Pelipper\n|-damage|p1b: Pelipper|0 fnt\n|faint|p1b: Pelipper\n|move|p1a: Swampert|Earthquake|p2b: Lightspeed\n|-supereffective|p2b: Lightspeed\n|-damage|p2b: Lightspeed|0 fnt\n|faint|p2b: Lightspeed\n|\n|win|anonymints\n|raw|anonymints's rating: 1055 &rarr; <strong>1087<\/strong><br \/>(+32 for winning)\n|raw|Tempest2110's rating: 1058 &rarr; <strong>1039<\/strong><br \/>(-19 for losing)\n|l|\u2606Tempest2110\n","uploadtime":1699425998,"views":18,"p1id":"anonymints","p2id":"tempest2110","formatid":"gen9nationaldexdoubles","rating":1039,"private":0,"password":""}