{"id":"gen9nationaldexdoubles-1973086424","p1":"N. Shelf","p2":"kljb lvk","format":"[Gen 9] National Dex Doubles","log":"|j|\u2606N. Shelf\n|j|\u2606kljb lvk\n|t:|1697926083\n|gametype|doubles\n|player|p1|N. Shelf|ghetsis-gen5bw|1000\n|player|p2|kljb lvk|ninjaboy|1073\n|teamsize|p1|6\n|teamsize|p2|6\n|gen|9\n|tier|[Gen 9] National Dex Doubles\n|rated|\n|rule|HP Percentage Mod: HP is shown in percentages\n|rule|Endless Battle Clause: Forcing endless battles is banned\n|rule|OHKO Clause: OHKO moves are banned\n|rule|Evasion Moves Clause: Evasion moves are banned\n|rule|Evasion Abilities Clause: Evasion abilities are banned\n|rule|Species Clause: Limit one of each Pok\u00e9mon\n|rule|Gravity Sleep Clause: The combination of sleep-inducing moves with imperfect accuracy and Gravity or Gigantamax Orbeetle are banned\n|clearpoke\n|poke|p1|Lilligant, F|\n|poke|p1|Oricorio-Sensu, M|\n|poke|p1|Manectric, F|\n|poke|p1|Garbodor, M|\n|poke|p1|Feraligatr, M|\n|poke|p1|Cinccino, F|\n|poke|p2|Indeedee-F, F|\n|poke|p2|Oranguru, F|\n|poke|p2|Glastrier|\n|poke|p2|Hoopa-Unbound|\n|poke|p2|Ursaluna, F|\n|poke|p2|Zygarde|\n|teampreview\n|\n|t:|1697926092\n|start\n|switch|p1a: Lilligant|Lilligant, F, shiny|100\/100\n|switch|p1b: Oricorio|Oricorio-Sensu, M, shiny|100\/100\n|switch|p2a: Hoopa|Hoopa-Unbound|100\/100\n|switch|p2b: Zygarde|Zygarde|100\/100\n|-ability|p2b: Zygarde|Aura Break\n|turn|1\n|\n|t:|1697926098\n|move|p1a: Lilligant|Quiver Dance|p1a: Lilligant\n|-boost|p1a: Lilligant|spa|1\n|-boost|p1a: Lilligant|spd|1\n|-boost|p1a: Lilligant|spe|1\n|-activate|p1b: Oricorio|ability: Dancer\n|move|p1b: Oricorio|Quiver Dance|p1b: Oricorio|[from]ability: Dancer\n|-boost|p1b: Oricorio|spa|1\n|-boost|p1b: Oricorio|spd|1\n|-boost|p1b: Oricorio|spe|1\n|move|p1b: Oricorio|Tailwind|p1b: Oricorio\n|-sidestart|p1: N. Shelf|move: Tailwind\n|move|p2b: Zygarde|Coil|p2b: Zygarde\n|-boost|p2b: Zygarde|atk|1\n|-boost|p2b: Zygarde|def|1\n|-boost|p2b: Zygarde|accuracy|1\n|move|p2a: Hoopa|Trick Room|p2a: Hoopa\n|-fieldstart|move: Trick Room|[of] p2a: Hoopa\n|-enditem|p2b: Zygarde|Room Service\n|-unboost|p2b: Zygarde|spe|1|[from] item: Room Service\n|-enditem|p2a: Hoopa|Room Service\n|-unboost|p2a: Hoopa|spe|1|[from] item: Room Service\n|\n|upkeep\n|turn|2\n|\n|t:|1697926117\n|-terastallize|p1b: Oricorio|Fairy\n|move|p2a: Hoopa|Dark Pulse|p1b: Oricorio\n|-resisted|p1b: Oricorio\n|-damage|p1b: Oricorio|70\/100\n|-item|p2a: Hoopa|Leftovers|[from] ability: Magician|[of] p1b: Oricorio\n|move|p2b: Zygarde|Thousand Arrows|p1a: Lilligant|[spread] p1a,p1b\n|-resisted|p1a: Lilligant\n|-damage|p1a: Lilligant|73\/100\n|-damage|p1b: Oricorio|13\/100\n|move|p1b: Oricorio|Revelation Dance|p2a: Hoopa\n|-supereffective|p2a: Hoopa\n|-damage|p2a: Hoopa|0 fnt\n|faint|p2a: Hoopa\n|move|p1a: Lilligant|Petal Dance|p2b: Zygarde\n|-damage|p2b: Zygarde|53\/100\n|-activate|p1b: Oricorio|ability: Dancer\n|move|p1b: Oricorio|Petal Dance|p2b: Zygarde|[from]ability: Dancer\n|-damage|p2b: Zygarde|16\/100\n|\n|-heal|p1a: Lilligant|79\/100|[from] item: Leftovers\n|upkeep\n|\n|t:|1697926139\n|switch|p2a: Glastrier|Glastrier|100\/100\n|turn|3\n|inactive|Battle timer is ON: inactive players will automatically lose when time's up. (requested by kljb lvk)\n|\n|t:|1697926172\n|move|p2a: Glastrier|Icicle Spear|p1a: Lilligant\n|-supereffective|p1a: Lilligant\n|-crit|p1a: Lilligant\n|-damage|p1a: Lilligant|0 fnt\n|faint|p1a: Lilligant\n|-ability|p2a: Glastrier|Chilling Neigh|boost\n|-boost|p2a: Glastrier|atk|1\n|-hitcount|p1: Lilligant|1\n|move|p2b: Zygarde|Thousand Arrows|p1b: Oricorio\n|-damage|p1b: Oricorio|0 fnt\n|faint|p1b: Oricorio\n|\n|upkeep\n|\n|t:|1697926175\n|switch|p1b: Feraligatr|Feraligatr, M|100\/100\n|switch|p1a: Garbodor|Garbodor, M, shiny|100\/100\n|turn|4\n|inactive|kljb lvk has 120 seconds left.\n|\n|t:|1697926226\n|-terastallize|p2a: Glastrier|Ice\n|move|p2a: Glastrier|Icicle Spear|p1a: Garbodor\n|-damage|p1a: Garbodor|62\/100\n|-damage|p1a: Garbodor|23\/100\n|-damage|p1a: Garbodor|0 fnt\n|faint|p1a: Garbodor\n|-ability|p2a: Glastrier|Chilling Neigh|boost\n|-boost|p2a: Glastrier|atk|1\n|-hitcount|p1: Garbodor|3\n|move|p2b: Zygarde|Thousand Arrows|p1b: Feraligatr\n|-damage|p1b: Feraligatr|51\/100\n|move|p1b: Feraligatr|Liquidation|p2b: Zygarde\n|-damage|p2b: Zygarde|0 fnt\n|faint|p2b: Zygarde\n|\n|-sideend|p1: N. Shelf|move: Tailwind\n|upkeep\n|inactive|kljb lvk has 120 seconds left.\n|\n|t:|1697926241\n|switch|p2b: Oranguru|Oranguru, F|100\/100\n|switch|p1a: Cinccino|Cinccino, F, shiny|100\/100\n|turn|5\n|\n|t:|1697926248\n|move|p2a: Glastrier|Icicle Spear|p1b: Feraligatr\n|-resisted|p1b: Feraligatr\n|-damage|p1b: Feraligatr|29\/100\n|-resisted|p1b: Feraligatr\n|-crit|p1b: Feraligatr\n|-damage|p1b: Feraligatr|0 fnt\n|faint|p1b: Feraligatr\n|-ability|p2a: Glastrier|Chilling Neigh|boost\n|-boost|p2a: Glastrier|atk|1\n|-hitcount|p1: Feraligatr|2\n|move|p2b: Oranguru|Instruct|p2a: Glastrier\n|-singleturn|p2a: Glastrier|move: Instruct|[of] p2b: Oranguru\n|move|p2a: Glastrier|Icicle Spear|p1a: Cinccino\n|-damage|p1a: Cinccino|11\/100\n|-damage|p1a: Cinccino|0 fnt\n|faint|p1a: Cinccino\n|-ability|p2a: Glastrier|Chilling Neigh|boost\n|-boost|p2a: Glastrier|atk|1\n|-hitcount|p1: Cinccino|2\n|\n|-fieldend|move: Trick Room\n|upkeep\n|\n|t:|1697926253\n|switch|p1b: Manectric|Manectric, F, shiny|100\/100\n|turn|6\n|\n|t:|1697926266\n|detailschange|p1b: Manectric|Manectric-Mega, F, shiny\n|-mega|p1b: Manectric|Manectric|Manectite\n|-ability|p1b: Manectric|Intimidate|boost\n|-unboost|p2a: Glastrier|atk|1\n|-fail|p2b: Oranguru|unboost|Attack|[from] ability: Inner Focus|[of] p2b: Oranguru\n|move|p1b: Manectric|Flamethrower|p2a: Glastrier\n|-supereffective|p2a: Glastrier\n|-damage|p2a: Glastrier|47\/100\n|move|p2b: Oranguru|Instruct|p2a: Glastrier\n|-singleturn|p2a: Glastrier|move: Instruct|[of] p2b: Oranguru\n|move|p2a: Glastrier|Icicle Spear|p1b: Manectric\n|-damage|p1b: Manectric|29\/100\n|-damage|p1b: Manectric|0 fnt\n|faint|p1b: Manectric\n|-hitcount|p1: Manectric|2\n|\n|win|kljb lvk\n|raw|N. Shelf's rating: 1000 &rarr; <strong>1000<\/strong><br \/>(+0 for losing)\n|raw|kljb lvk's rating: 1073 &rarr; <strong>1096<\/strong><br \/>(+23 for winning)\n|l|\u2606N. Shelf\n","uploadtime":1697926279,"views":11,"p1id":"nshelf","p2id":"kljblvk","formatid":"gen9nationaldexdoubles","rating":1000,"private":0,"password":""}