{"id":"gen9nationaldexdoubles-1957752559","p1":"BugSME","p2":"haakloong","format":"[Gen 9] National Dex Doubles","log":"|j|\u2606BugSME\n|j|\u2606haakloong\n|t:|1696258404\n|gametype|doubles\n|player|p1|BugSME|bugcatcher-gen4dp|\n|player|p2|haakloong|266|\n|teamsize|p1|6\n|teamsize|p2|6\n|gen|9\n|tier|[Gen 9] National Dex Doubles\n|rule|HP Percentage Mod: HP is shown in percentages\n|rule|Endless Battle Clause: Forcing endless battles is banned\n|rule|OHKO Clause: OHKO moves are banned\n|rule|Evasion Moves Clause: Evasion moves are banned\n|rule|Evasion Abilities Clause: Evasion abilities are banned\n|rule|Species Clause: Limit one of each Pok\u00e9mon\n|rule|Gravity Sleep Clause: The combination of sleep-inducing moves with imperfect accuracy and Gravity or Gigantamax Orbeetle are banned\n|clearpoke\n|poke|p1|Volcarona, M|\n|poke|p1|Dragapult, M|\n|poke|p1|Tentacruel, M|\n|poke|p1|Aggron, M|\n|poke|p1|Arcanine-Hisui, M|\n|poke|p1|Gyarados, M|\n|poke|p2|Goodra-Hisui, M|\n|poke|p2|Lucario, F|\n|poke|p2|Skarmory, F|\n|poke|p2|Ninetales-Alola, M|\n|poke|p2|Cloyster, M|\n|poke|p2|Aggron, M|\n|teampreview\n|\n|t:|1696258433\n|start\n|switch|p1a: Tentacruel|Tentacruel, M|100\/100\n|switch|p1b: Aggron|Aggron, M|100\/100\n|switch|p2a: Ninetales|Ninetales-Alola, M|100\/100\n|switch|p2b: Cloyster|Cloyster, M, shiny|100\/100\n|-weather|Snow|[from] ability: Snow Warning|[of] p2a: Ninetales\n|turn|1\n|\n|t:|1696258492\n|switch|p2b: Skarmory|Skarmory, F, shiny|100\/100\n|move|p2a: Ninetales|Freeze-Dry|p1a: Tentacruel\n|-supereffective|p1a: Tentacruel\n|-damage|p1a: Tentacruel|34\/100\n|move|p1a: Tentacruel|Sludge Bomb|p2a: Ninetales\n|-supereffective|p2a: Ninetales\n|-damage|p2a: Ninetales|20\/100\n|move|p1b: Aggron|Head Smash|p2b: Skarmory\n|-damage|p2b: Skarmory|52\/100\n|-damage|p1b: Aggron|84\/100|[from] item: Rocky Helmet|[of] p2b: Skarmory\n|-damage|p1b: Aggron|60\/100|[from] Recoil\n|\n|-weather|Snow|[upkeep]\n|-heal|p1a: Tentacruel|40\/100|[from] item: Black Sludge\n|upkeep\n|turn|2\n|\n|t:|1696258533\n|move|p2a: Ninetales|Freeze-Dry|p1a: Tentacruel\n|-supereffective|p1a: Tentacruel\n|-damage|p1a: Tentacruel|0 fnt\n|faint|p1a: Tentacruel\n|move|p2b: Skarmory|Body Press|p1b: Aggron\n|-supereffective|p1b: Aggron\n|-damage|p1b: Aggron|0 fnt\n|faint|p1b: Aggron\n|\n|-weather|Snow|[upkeep]\n|upkeep\n|\n|t:|1696258546\n|switch|p1a: Dragapult|Dragapult, M|100\/100\n|switch|p1b: Arcanine|Arcanine-Hisui, M|100\/100\n|turn|3\n|j| UsernameNoLonger0\n|\n|t:|1696258581\n|move|p1a: Dragapult|Phantom Force||[still]\n|-prepare|p1a: Dragapult|Phantom Force\n|move|p2a: Ninetales|Draining Kiss|p1a: Dragapult|[miss]\n|-miss|p2a: Ninetales|p1a: Dragapult\n|move|p1b: Arcanine|Flare Blitz|p2b: Skarmory\n|-supereffective|p2b: Skarmory\n|-damage|p2b: Skarmory|0 fnt\n|-damage|p1b: Arcanine|84\/100|[from] item: Rocky Helmet|[of] p2b: Skarmory\n|faint|p2b: Skarmory\n|\n|-weather|Snow|[upkeep]\n|upkeep\n|\n|t:|1696258592\n|switch|p2b: Cloyster|Cloyster, M, shiny|100\/100\n|turn|4\n|\n|t:|1696258628\n|switch|p2a: Goodra|Goodra-Hisui, M|100\/100\n|switch|p1b: Gyarados|Gyarados, M|100\/100\n|-ability|p1b: Gyarados|Intimidate|boost\n|-unboost|p2a: Goodra|atk|1\n|-unboost|p2b: Cloyster|atk|1\n|move|p1a: Dragapult|Phantom Force|p2a: Goodra|[from]lockedmove\n|-damage|p2a: Goodra|54\/100\n|-ability|p2a: Goodra|Gooey\n|-fail|p1a: Dragapult|unboost|[from] ability: Clear Body|[of] p1a: Dragapult\n|move|p2b: Cloyster|Waterfall|p1b: Gyarados\n|-resisted|p1b: Gyarados\n|-damage|p1b: Gyarados|86\/100\n|\n|-weather|Snow|[upkeep]\n|-heal|p1b: Gyarados|92\/100|[from] item: Leftovers\n|-heal|p2a: Goodra|60\/100|[from] item: Leftovers\n|upkeep\n|turn|5\n|\n|t:|1696258674\n|switch|p2b: Ninetales|Ninetales-Alola, M|20\/100\n|move|p1a: Dragapult|Dragon Darts|p2a: Goodra\n|-damage|p2a: Goodra|28\/100\n|-anim|p1a: Dragapult|Dragon Darts|p2a: Goodra\n|-damage|p2a: Goodra|0 fnt\n|faint|p2a: Goodra\n|move|p1b: Gyarados|Power Whip|p2b: Ninetales|[miss]\n|-miss|p1b: Gyarados|p2b: Ninetales\n|\n|-weather|none\n|-heal|p1b: Gyarados|98\/100|[from] item: Leftovers\n|upkeep\n|\n|t:|1696258687\n|switch|p2a: Cloyster|Cloyster, M, shiny|100\/100\n|turn|6\n|\n|t:|1696258733\n|move|p1a: Dragapult|Phantom Force||[still]\n|-prepare|p1a: Dragapult|Phantom Force\n|move|p2b: Ninetales|Draining Kiss|p1b: Gyarados\n|-damage|p1b: Gyarados|80\/100\n|-heal|p2b: Ninetales|36\/100|[from] drain|[of] p1b: Gyarados\n|move|p1b: Gyarados|Power Whip|p2a: Cloyster\n|-supereffective|p2a: Cloyster\n|-damage|p2a: Cloyster|36\/100\n|move|p2a: Cloyster|Icicle Spear|p1a: Dragapult|[miss]\n|-miss|p2a: Cloyster|p1a: Dragapult\n|\n|-heal|p1b: Gyarados|86\/100|[from] item: Leftovers\n|upkeep\n|turn|7\n|\n|t:|1696258780\n|move|p1a: Dragapult|Phantom Force|p2b: Ninetales|[from]lockedmove\n|-damage|p2b: Ninetales|0 fnt\n|faint|p2b: Ninetales\n|move|p1b: Gyarados|Power Whip|p2a: Cloyster\n|-supereffective|p2a: Cloyster\n|-damage|p2a: Cloyster|0 fnt\n|faint|p2a: Cloyster\n|\n|-heal|p1b: Gyarados|92\/100|[from] item: Leftovers\n|upkeep\n|\n|t:|1696258789\n|switch|p2b: Aggron|Aggron, M|100\/100\n|switch|p2a: Lucario|Lucario, F|100\/100\n|turn|8\n|\n|t:|1696258819\n|move|p1a: Dragapult|Phantom Force||[still]\n|-prepare|p1a: Dragapult|Phantom Force\n|move|p1b: Gyarados|Waterfall|p2b: Aggron\n|-supereffective|p2b: Aggron\n|-damage|p2b: Aggron|52\/100\n|move|p2a: Lucario|Ice Punch|p1a: Dragapult|[miss]\n|-miss|p2a: Lucario|p1a: Dragapult\n|move|p2b: Aggron|Body Press|p1b: Gyarados\n|-resisted|p1b: Gyarados\n|-damage|p1b: Gyarados|69\/100\n|\n|-heal|p1b: Gyarados|75\/100|[from] item: Leftovers\n|upkeep\n|turn|9\n|\n|t:|1696258842\n|move|p1a: Dragapult|Phantom Force|p2a: Lucario|[from]lockedmove\n|-damage|p2a: Lucario|26\/100\n|move|p1b: Gyarados|Waterfall|p2b: Aggron\n|-supereffective|p2b: Aggron\n|-damage|p2b: Aggron|5\/100\n|move|p2a: Lucario|Ice Punch|p1a: Dragapult\n|-supereffective|p1a: Dragapult\n|-damage|p1a: Dragapult|10\/100\n|move|p2b: Aggron|Rock Blast|p1b: Gyarados|[miss]\n|-miss|p2b: Aggron|p1b: Gyarados\n|\n|-heal|p1b: Gyarados|81\/100|[from] item: Leftovers\n|upkeep\n|turn|10\n|\n|t:|1696258860\n|move|p1a: Dragapult|Phantom Force||[still]\n|-prepare|p1a: Dragapult|Phantom Force\n|move|p1b: Gyarados|Waterfall|p2b: Aggron\n|-supereffective|p2b: Aggron\n|-damage|p2b: Aggron|0 fnt\n|faint|p2b: Aggron\n|move|p2a: Lucario|Ice Punch|p1a: Dragapult|[miss]\n|-miss|p2a: Lucario|p1a: Dragapult\n|\n|-heal|p1b: Gyarados|88\/100|[from] item: Leftovers\n|upkeep\n|turn|11\n|\n|t:|1696258874\n|move|p1a: Dragapult|Phantom Force|p2a: Lucario|[from]lockedmove\n|-damage|p2a: Lucario|0 fnt\n|faint|p2a: Lucario\n|\n|win|BugSME\n|l|\u2606haakloong\n|l|\u2606BugSME\n","uploadtime":1696258904,"views":23,"p1id":"bugsme","p2id":"haakloong","formatid":"gen9nationaldexdoubles","rating":0,"private":0,"password":""}