{"id":"gen9nationaldexdoubles-1969208442","p1":"Yu hung lo","p2":"Moonlit Banshee","format":"[Gen 9] National Dex Doubles","log":"|j|\u2606Yu hung lo\n|j|\u2606Moonlit Banshee\n|t:|1697500534\n|gametype|doubles\n|player|p1|Yu hung lo|janitor|1390\n|player|p2|Moonlit Banshee|psychicf-gen4|1272\n|teamsize|p1|6\n|teamsize|p2|6\n|gen|9\n|tier|[Gen 9] National Dex Doubles\n|rated|\n|rule|HP Percentage Mod: HP is shown in percentages\n|rule|Endless Battle Clause: Forcing endless battles is banned\n|rule|OHKO Clause: OHKO moves are banned\n|rule|Evasion Moves Clause: Evasion moves are banned\n|rule|Evasion Abilities Clause: Evasion abilities are banned\n|rule|Species Clause: Limit one of each Pok\u00e9mon\n|rule|Gravity Sleep Clause: The combination of sleep-inducing moves with imperfect accuracy and Gravity or Gigantamax Orbeetle are banned\n|clearpoke\n|poke|p1|Lucario, F|\n|poke|p1|Landorus-Therian, M|\n|poke|p1|Grimmsnarl, M|\n|poke|p1|Incineroar, F|\n|poke|p1|Rillaboom, F|\n|poke|p1|Palafin, F|\n|poke|p2|Alakazam, F|\n|poke|p2|Blacephalon|\n|poke|p2|Tapu Fini|\n|poke|p2|Espeon, F|\n|poke|p2|Grimmsnarl, M|\n|poke|p2|Basculegion, M|\n|teampreview\n|inactive|Battle timer is ON: inactive players will automatically lose when time's up. (requested by Moonlit Banshee)\n|\n|t:|1697500548\n|start\n|switch|p1a: Grimmsnarl|Grimmsnarl, M|100\/100\n|switch|p1b: Palafin|Palafin, F|100\/100\n|switch|p2a: Grimmsnarl|Grimmsnarl, M, shiny|100\/100\n|switch|p2b: Espeon|Espeon, F|100\/100\n|turn|1\n|\n|t:|1697500572\n|move|p2a: Grimmsnarl|Reflect|p2a: Grimmsnarl\n|-sidestart|p2: Moonlit Banshee|Reflect\n|move|p1a: Grimmsnarl|Parting Shot|p2b: Espeon\n|move|p2b: Espeon|Parting Shot|p1a: Grimmsnarl|[from]ability: Magic Bounce\n|-unboost|p1a: Grimmsnarl|atk|1\n|-unboost|p1a: Grimmsnarl|spa|1\n|\n|t:|1697500579\n|switch|p2b: Tapu Fini|Tapu Fini, shiny|100\/100|[from] Parting Shot\n|move|p1b: Palafin|Flip Turn|p2a: Grimmsnarl\n|-damage|p2a: Grimmsnarl|75\/100\n|\n|t:|1697500589\n|detailschange|p1b: Palafin|Palafin-Hero, F\n|switch|p1b: Rillaboom|Rillaboom, F|100\/100|[from] Flip Turn\n|-fieldstart|move: Grassy Terrain|[from] ability: Grassy Surge|[of] p1b: Rillaboom\n|\n|-heal|p2a: Grimmsnarl|81\/100|[from] Grassy Terrain\n|upkeep\n|turn|2\n|\n|t:|1697500611\n|move|p1a: Grimmsnarl|Light Screen|p1a: Grimmsnarl\n|-sidestart|p1: Yu hung lo|move: Light Screen\n|move|p2a: Grimmsnarl|Parting Shot|p1b: Rillaboom\n|-unboost|p1b: Rillaboom|atk|1\n|-unboost|p1b: Rillaboom|spa|1\n|\n|t:|1697500620\n|switch|p2a: Blacephalon|Blacephalon|100\/100|[from] Parting Shot\n|move|p2b: Tapu Fini|Moonblast|p1b: Rillaboom\n|-damage|p1b: Rillaboom|84\/100\n|move|p1b: Rillaboom|Drum Beating|p2b: Tapu Fini\n|-supereffective|p2b: Tapu Fini\n|-damage|p2b: Tapu Fini|49\/100\n|-unboost|p2b: Tapu Fini|spe|1\n|\n|-heal|p1b: Rillaboom|91\/100|[from] Grassy Terrain\n|-heal|p2b: Tapu Fini|55\/100|[from] Grassy Terrain\n|-heal|p2b: Tapu Fini|61\/100|[from] item: Leftovers\n|upkeep\n|turn|3\n|\n|t:|1697500643\n|switch|p1b: Landorus|Landorus-Therian, M|100\/100\n|-ability|p1b: Landorus|Intimidate|boost\n|-unboost|p2a: Blacephalon|atk|1\n|-unboost|p2b: Tapu Fini|atk|1\n|-terastallize|p2a: Blacephalon|Fire\n|move|p1a: Grimmsnarl|Parting Shot|p2a: Blacephalon\n|-unboost|p2a: Blacephalon|atk|1\n|-unboost|p2a: Blacephalon|spa|1\n|\n|t:|1697500650\n|switch|p1a: Incineroar|Incineroar, F|100\/100|[from] Parting Shot\n|-ability|p1a: Incineroar|Intimidate|boost\n|-unboost|p2a: Blacephalon|atk|1\n|-unboost|p2b: Tapu Fini|atk|1\n|move|p2a: Blacephalon|Heat Wave|p1a: Incineroar|[spread] p1a,p1b\n|-resisted|p1a: Incineroar\n|-damage|p1a: Incineroar|90\/100\n|-damage|p1b: Landorus|78\/100\n|-damage|p2a: Blacephalon|91\/100|[from] item: Life Orb\n|move|p2b: Tapu Fini|Moonblast|p1b: Landorus\n|-damage|p1b: Landorus|58\/100\n|\n|-heal|p2a: Blacephalon|97\/100|[from] Grassy Terrain\n|-heal|p2b: Tapu Fini|67\/100|[from] Grassy Terrain\n|-heal|p2b: Tapu Fini|73\/100|[from] item: Leftovers\n|-heal|p1a: Incineroar|96\/100|[from] Grassy Terrain\n|upkeep\n|turn|4\n|\n|t:|1697500670\n|switch|p2a: Grimmsnarl|Grimmsnarl, M, shiny|81\/100\n|switch|p2b: Espeon|Espeon, F|100\/100\n|move|p1a: Incineroar|Fake Out|p2b: Espeon\n|-crit|p2b: Espeon\n|-damage|p2b: Espeon|71\/100\n|move|p1b: Landorus|Stomping Tantrum|p2a: Grimmsnarl\n|-damage|p2a: Grimmsnarl|44\/100\n|\n|-heal|p2b: Espeon|77\/100|[from] Grassy Terrain\n|-heal|p1a: Incineroar|100\/100|[from] Grassy Terrain\n|-heal|p2a: Grimmsnarl|50\/100|[from] Grassy Terrain\n|upkeep\n|turn|5\n|inactive|Moonlit Banshee has 120 seconds left.\n|\n|t:|1697500701\n|-zpower|p2b: Espeon\n|move|p2b: Espeon|Z-Celebrate|p2b: Espeon|[anim]Celebrate\n|-boost|p2b: Espeon|atk|1|[zeffect]\n|-boost|p2b: Espeon|def|1|[zeffect]\n|-boost|p2b: Espeon|spa|1|[zeffect]\n|-boost|p2b: Espeon|spd|1|[zeffect]\n|-boost|p2b: Espeon|spe|1|[zeffect]\n|-activate|p2b: Espeon|move: Celebrate\n|move|p1b: Landorus|U-turn|p2b: Espeon\n|-supereffective|p2b: Espeon\n|-damage|p2b: Espeon|32\/100\n|\n|t:|1697500715\n|switch|p1b: Palafin|Palafin-Hero, F|100\/100|[from] U-turn\n|-activate|p1b: Palafin|ability: Zero to Hero\n|move|p1a: Incineroar|Snarl|p2b: Espeon|[spread] p2a,p2b\n|-resisted|p2a: Grimmsnarl\n|-supereffective|p2b: Espeon\n|-damage|p2a: Grimmsnarl|49\/100\n|-damage|p2b: Espeon|14\/100\n|-unboost|p2a: Grimmsnarl|spa|1\n|-unboost|p2b: Espeon|spa|1\n|move|p2a: Grimmsnarl|Spirit Break|p1b: Palafin\n|-damage|p1b: Palafin|75\/100\n|-unboost|p1b: Palafin|spa|1\n|\n|-heal|p2b: Espeon|20\/100|[from] Grassy Terrain\n|-heal|p1b: Palafin|81\/100|[from] Grassy Terrain\n|-heal|p2a: Grimmsnarl|55\/100|[from] Grassy Terrain\n|-fieldend|move: Grassy Terrain\n|upkeep\n|turn|6\n|j| PunkRockObstagoon\n|-message|Moonlit Banshee forfeited.\n|\n|win|Yu hung lo\n|raw|Yu hung lo's rating: 1390 &rarr; <strong>1403<\/strong><br \/>(+13 for winning)\n|raw|Moonlit Banshee's rating: 1272 &rarr; <strong>1255<\/strong><br \/>(-17 for losing)\n|l|\u2606Moonlit Banshee\n|l| PunkRockObstagoon\n|c|\u2606Yu hung lo|Whoa! How creative! @3@\n","uploadtime":1697500761,"views":5,"p1id":"yuhunglo","p2id":"moonlitbanshee","formatid":"gen9nationaldexdoubles","rating":1255,"private":0,"password":""}