{"id":"gen9nationaldexdoubles-1966240281","p1":"cassinidivision","p2":"AutumnCookie","format":"[Gen 9] National Dex Doubles","log":"|j|\u2606cassinidivision\n|j|\u2606AutumnCookie\n|t:|1697159359\n|gametype|doubles\n|player|p1|cassinidivision|cynthia-masters3|\n|player|p2|AutumnCookie|blue|\n|teamsize|p1|6\n|teamsize|p2|6\n|gen|9\n|tier|[Gen 9] National Dex Doubles\n|rule|HP Percentage Mod: HP is shown in percentages\n|rule|Endless Battle Clause: Forcing endless battles is banned\n|rule|OHKO Clause: OHKO moves are banned\n|rule|Evasion Moves Clause: Evasion moves are banned\n|rule|Evasion Abilities Clause: Evasion abilities are banned\n|rule|Species Clause: Limit one of each Pok\u00e9mon\n|rule|Gravity Sleep Clause: The combination of sleep-inducing moves with imperfect accuracy and Gravity or Gigantamax Orbeetle are banned\n|clearpoke\n|poke|p1|Spiritomb, F|\n|poke|p1|Roserade, F|\n|poke|p1|Togekiss, M|\n|poke|p1|Lucario, M|\n|poke|p1|Milotic, F|\n|poke|p1|Garchomp, F|\n|poke|p2|Lycanroc-Midnight, M|\n|poke|p2|Incineroar, M|\n|poke|p2|Golisopod, F|\n|poke|p2|Mimikyu, F|\n|poke|p2|Scrafty, M|\n|poke|p2|Electivire, M|\n|teampreview\n|\n|t:|1697159401\n|start\n|switch|p1a: Roserade|Roserade, F|100\/100\n|switch|p1b: Milotic|Milotic, F|100\/100\n|switch|p2a: Golisopod|Golisopod, F|100\/100\n|switch|p2b: Mimikyu|Mimikyu, F|100\/100\n|turn|1\n|\n|t:|1697159419\n|move|p2a: Golisopod|First Impression|p1a: Roserade\n|-damage|p1a: Roserade|17\/100\n|move|p1a: Roserade|Toxic Spikes|p2a: Golisopod\n|-sidestart|p2: AutumnCookie|move: Toxic Spikes\n|move|p2b: Mimikyu|Swords Dance|p2b: Mimikyu\n|-boost|p2b: Mimikyu|atk|2\n|move|p1b: Milotic|Aqua Ring|p1b: Milotic\n|-start|p1b: Milotic|Aqua Ring\n|\n|upkeep\n|turn|2\n|\n|t:|1697159443\n|move|p1a: Roserade|Toxic Spikes|p2a: Golisopod\n|-sidestart|p2: AutumnCookie|move: Toxic Spikes\n|move|p2b: Mimikyu|Swords Dance|p2b: Mimikyu\n|-boost|p2b: Mimikyu|atk|2\n|move|p1b: Milotic|Substitute|p1b: Milotic\n|-start|p1b: Milotic|Substitute\n|-damage|p1b: Milotic|76\/100\n|move|p2a: Golisopod|Leech Life|p1a: Roserade\n|-damage|p1a: Roserade|0 fnt\n|-status|p2a: Golisopod|psn|[from] ability: Poison Point|[of] p1a: Roserade\n|faint|p1a: Roserade\n|\n|-heal|p1b: Milotic|82\/100|[from] item: Leftovers\n|-heal|p1b: Milotic|88\/100|[from] Aqua Ring\n|-damage|p2a: Golisopod|88\/100 psn|[from] psn\n|upkeep\n|\n|t:|1697159453\n|switch|p1a: Togekiss|Togekiss, M|100\/100\n|turn|3\n|\n|t:|1697159468\n|move|p2b: Mimikyu|Swords Dance|p2b: Mimikyu\n|-boost|p2b: Mimikyu|atk|2\n|move|p1b: Milotic|Surf|p2a: Golisopod|[spread] p1a,p2a,p2b\n|-resisted|p2a: Golisopod\n|-damage|p1a: Togekiss|86\/100\n|-damage|p2a: Golisopod|76\/100 psn\n|-activate|p2b: Mimikyu|ability: Disguise\n|-damage|p2b: Mimikyu|100\/100\n|detailschange|p2b: Mimikyu|Mimikyu-Busted, F\n|-damage|p2b: Mimikyu|88\/100|[from] pokemon: Mimikyu-Busted\n|move|p1a: Togekiss|Reflect|p1a: Togekiss\n|-sidestart|p1: cassinidivision|Reflect\n|move|p2a: Golisopod|Liquidation|p1a: Togekiss\n|-damage|p1a: Togekiss|57\/100\n|-unboost|p1a: Togekiss|def|1\n|\n|-heal|p1b: Milotic|94\/100|[from] item: Leftovers\n|-heal|p1b: Milotic|99\/100|[from] Aqua Ring\n|-damage|p2a: Golisopod|64\/100 psn|[from] psn\n|upkeep\n|turn|4\n|\n|t:|1697159531\n|move|p2b: Mimikyu|Shadow Claw|p1a: Togekiss\n|-damage|p1a: Togekiss|0 fnt\n|faint|p1a: Togekiss\n|-damage|p2b: Mimikyu|78\/100|[from] item: Life Orb\n|move|p1b: Milotic|Surf|p2b: Mimikyu|[spread] p2a,p2b\n|-resisted|p2a: Golisopod\n|-crit|p2b: Mimikyu\n|-damage|p2a: Golisopod|52\/100 psn\n|-damage|p2b: Mimikyu|25\/100\n|move|p2a: Golisopod|Scald|p1b: Milotic\n|-resisted|p1b: Milotic\n|-activate|p1b: Milotic|move: Substitute|[damage]\n|\n|-heal|p1b: Milotic|100\/100|[from] item: Leftovers\n|-damage|p2a: Golisopod|40\/100 psn|[from] psn\n|upkeep\n|-activate|p2a: Golisopod|ability: Emergency Exit\n|\n|t:|1697159551\n|switch|p2a: Electivire|Electivire, M|100\/100\n|-status|p2a: Electivire|tox\n|\n|t:|1697159564\n|switch|p1a: Lucario|Lucario, M|100\/100\n|turn|5\n|\n|t:|1697159588\n|move|p1a: Lucario|Meteor Mash|p2b: Mimikyu\n|-supereffective|p2b: Mimikyu\n|-damage|p2b: Mimikyu|0 fnt\n|faint|p2b: Mimikyu\n|-damage|p1a: Lucario|91\/100|[from] item: Life Orb\n|move|p2a: Electivire|Earthquake|p1b: Milotic|[spread] p1a,p1b\n|-activate|p1b: Milotic|move: Substitute|[damage]\n|-supereffective|p1a: Lucario\n|-damage|p1a: Lucario|46\/100\n|move|p1b: Milotic|Surf|p2a: Electivire|[spread] p1a,p2a\n|-damage|p1a: Lucario|4\/100\n|-damage|p2a: Electivire|65\/100 tox\n|\n|-damage|p2a: Electivire|59\/100 tox|[from] psn\n|upkeep\n|c|\u2606cassinidivision|wow i did\n|c|\u2606cassinidivision|not think surf would do that to lucario\n|\n|t:|1697159624\n|switch|p2b: Lycanroc|Lycanroc-Midnight, M|100\/100\n|-status|p2b: Lycanroc|tox\n|turn|6\n|c|\u2606AutumnCookie|YEAH\n|\n|t:|1697159662\n|-terastallize|p2b: Lycanroc|Grass\n|move|p1a: Lucario|Aura Sphere|p2b: Lycanroc\n|-damage|p2b: Lycanroc|32\/100 tox\n|-damage|p1a: Lucario|0 fnt|[from] item: Life Orb\n|faint|p1a: Lucario\n|move|p2a: Electivire|Flamethrower|p1b: Milotic\n|-resisted|p1b: Milotic\n|-end|p1b: Milotic|Substitute\n|move|p2b: Lycanroc|Trailblaze|p1b: Milotic\n|-supereffective|p1b: Milotic\n|-damage|p1b: Milotic|45\/100\n|-boost|p2b: Lycanroc|spe|1\n|-damage|p2b: Lycanroc|22\/100 tox|[from] item: Life Orb\n|move|p1b: Milotic|Recover|p1b: Milotic\n|-heal|p1b: Milotic|95\/100\n|\n|-heal|p1b: Milotic|100\/100|[from] item: Leftovers\n|-damage|p2b: Lycanroc|16\/100 tox|[from] psn\n|-damage|p2a: Electivire|47\/100 tox|[from] psn\n|upkeep\n|c|\u2606AutumnCookie|I expected Mimikyu to outspeed Lucario ngl\n|\n|t:|1697159684\n|switch|p1a: Garchomp|Garchomp, F|100\/100\n|turn|7\n|\n|t:|1697159698\n|detailschange|p1a: Garchomp|Garchomp-Mega, F\n|-mega|p1a: Garchomp|Garchomp|Garchompite\n|move|p2b: Lycanroc|Trailblaze|p1b: Milotic\n|-supereffective|p1b: Milotic\n|-damage|p1b: Milotic|43\/100\n|-boost|p2b: Lycanroc|spe|1\n|-damage|p2b: Lycanroc|6\/100 tox|[from] item: Life Orb\n|move|p1a: Garchomp|Swords Dance|p1a: Garchomp\n|-boost|p1a: Garchomp|atk|2\n|move|p2a: Electivire|Ice Punch|p1a: Garchomp\n|-supereffective|p1a: Garchomp\n|-damage|p1a: Garchomp|49\/100\n|move|p1b: Milotic|Substitute|p1b: Milotic\n|-start|p1b: Milotic|Substitute\n|-damage|p1b: Milotic|19\/100\n|\n|-heal|p1b: Milotic|25\/100|[from] item: Leftovers\n|-heal|p1b: Milotic|31\/100|[from] Aqua Ring\n|-damage|p2b: Lycanroc|0 fnt|[from] psn\n|faint|p2b: Lycanroc\n|-damage|p2a: Electivire|28\/100 tox|[from] psn\n|upkeep\n|c|\u2606cassinidivision|that fumble w lucario cost me\n|\n|t:|1697159726\n|switch|p2b: Golisopod|Golisopod, F|40\/100 psn\n|turn|8\n|\n|t:|1697159737\n|move|p2b: Golisopod|First Impression|p1a: Garchomp\n|-damage|p1a: Garchomp|16\/100\n|move|p1a: Garchomp|Dragon Rush|p2b: Golisopod|[miss]\n|-miss|p1a: Garchomp|p2b: Golisopod\n|move|p2a: Electivire|Thunderbolt|p1b: Milotic\n|-supereffective|p1b: Milotic\n|-end|p1b: Milotic|Substitute\n|move|p1b: Milotic|Recover|p1b: Milotic\n|-heal|p1b: Milotic|81\/100\n|\n|-heal|p1b: Milotic|87\/100|[from] item: Leftovers\n|-heal|p1b: Milotic|93\/100|[from] Aqua Ring\n|-damage|p2a: Electivire|4\/100 tox|[from] psn\n|-damage|p2b: Golisopod|28\/100 psn|[from] psn\n|upkeep\n|turn|9\n|c|\u2606cassinidivision|FCUK\n|\n|t:|1697159768\n|move|p1a: Garchomp|Dragon Rush|p2b: Golisopod\n|-damage|p2b: Golisopod|0 fnt\n|faint|p2b: Golisopod\n|move|p2a: Electivire|Ice Punch|p1a: Garchomp\n|-supereffective|p1a: Garchomp\n|-crit|p1a: Garchomp\n|-damage|p1a: Garchomp|0 fnt\n|faint|p1a: Garchomp\n|move|p1b: Milotic|Substitute|p1b: Milotic\n|-start|p1b: Milotic|Substitute\n|-damage|p1b: Milotic|68\/100\n|\n|-heal|p1b: Milotic|74\/100|[from] item: Leftovers\n|-heal|p1b: Milotic|80\/100|[from] Aqua Ring\n|-damage|p2a: Electivire|0 fnt|[from] psn\n|faint|p2a: Electivire\n|upkeep\n|\n|t:|1697159786\n|switch|p1a: Spiritomb|Spiritomb, F|100\/100\n|switch|p2a: Scrafty|Scrafty, M|100\/100\n|switch|p2b: Incineroar|Incineroar, M|100\/100\n|-status|p2b: Incineroar|tox\n|-ability|p2b: Incineroar|Intimidate|boost\n|-unboost|p1a: Spiritomb|atk|1\n|-immune|p1b: Milotic\n|-status|p2a: Scrafty|tox\n|turn|10\n|\n|t:|1697159825\n|move|p2b: Incineroar|Flare Blitz|p1a: Spiritomb\n|-damage|p1a: Spiritomb|68\/100\n|-damage|p2b: Incineroar|91\/100 tox|[from] Recoil\n|move|p1b: Milotic|Substitute|p1b: Milotic\n|-fail|p1b: Milotic|move: Substitute\n|move|p2a: Scrafty|Bulk Up|p2a: Scrafty\n|-boost|p2a: Scrafty|atk|1\n|-boost|p2a: Scrafty|def|1\n|move|p1a: Spiritomb|Hex|p2b: Incineroar\n|-resisted|p2b: Incineroar\n|-damage|p2b: Incineroar|69\/100 tox\n|\n|-heal|p1b: Milotic|86\/100|[from] item: Leftovers\n|-heal|p1a: Spiritomb|74\/100|[from] item: Leftovers\n|-heal|p1b: Milotic|92\/100|[from] Aqua Ring\n|-damage|p2b: Incineroar|63\/100 tox|[from] psn\n|-damage|p2a: Scrafty|95\/100 tox|[from] psn\n|-sideend|p1: cassinidivision|Reflect\n|upkeep\n|turn|11\n|\n|t:|1697159855\n|move|p2b: Incineroar|Swords Dance|p2b: Incineroar\n|-boost|p2b: Incineroar|atk|2\n|move|p1b: Milotic|Surf|p2a: Scrafty|[spread] p1a,p2a,p2b\n|-supereffective|p2b: Incineroar\n|-damage|p1a: Spiritomb|51\/100\n|-damage|p2a: Scrafty|78\/100 tox\n|-damage|p2b: Incineroar|15\/100 tox\n|-enditem|p2b: Incineroar|Figy Berry|[eat]\n|-heal|p2b: Incineroar|49\/100 tox|[from] item: Figy Berry\n|move|p2a: Scrafty|Bulk Up|p2a: Scrafty\n|-boost|p2a: Scrafty|atk|1\n|-boost|p2a: Scrafty|def|1\n|move|p1a: Spiritomb|Hex|p2a: Scrafty\n|-resisted|p2a: Scrafty\n|-damage|p2a: Scrafty|63\/100 tox\n|\n|-heal|p1b: Milotic|98\/100|[from] item: Leftovers\n|-heal|p2a: Scrafty|69\/100 tox|[from] item: Leftovers\n|-heal|p1a: Spiritomb|57\/100|[from] item: Leftovers\n|-heal|p1b: Milotic|100\/100|[from] Aqua Ring\n|-damage|p2b: Incineroar|36\/100 tox|[from] psn\n|-damage|p2a: Scrafty|57\/100 tox|[from] psn\n|upkeep\n|turn|12\n|\n|t:|1697159884\n|move|p2b: Incineroar|Flare Blitz|p1a: Spiritomb\n|-damage|p1a: Spiritomb|0 fnt\n|faint|p1a: Spiritomb\n|-damage|p2b: Incineroar|20\/100 tox|[from] Recoil\n|move|p1b: Milotic|Surf|p2b: Incineroar|[spread] p2a,p2b\n|-supereffective|p2b: Incineroar\n|-damage|p2a: Scrafty|41\/100 tox\n|-damage|p2b: Incineroar|0 fnt\n|faint|p2b: Incineroar\n|move|p2a: Scrafty|Drain Punch|p1b: Milotic\n|-end|p1b: Milotic|Substitute\n|-heal|p2a: Scrafty|56\/100 tox|[from] drain|[of] p1b: Milotic\n|\n|-heal|p2a: Scrafty|62\/100 tox|[from] item: Leftovers\n|-damage|p2a: Scrafty|44\/100 tox|[from] psn\n|upkeep\n|turn|13\n|\n|t:|1697159903\n|move|p1b: Milotic|Surf|p2a: Scrafty\n|-damage|p2a: Scrafty|21\/100 tox\n|move|p2a: Scrafty|Drain Punch|p1b: Milotic\n|-damage|p1b: Milotic|49\/100\n|-heal|p2a: Scrafty|51\/100 tox|[from] drain|[of] p1b: Milotic\n|\n|-heal|p1b: Milotic|55\/100|[from] item: Leftovers\n|-heal|p2a: Scrafty|57\/100 tox|[from] item: Leftovers\n|-heal|p1b: Milotic|61\/100|[from] Aqua Ring\n|-damage|p2a: Scrafty|33\/100 tox|[from] psn\n|upkeep\n|turn|14\n|\n|t:|1697159917\n|move|p1b: Milotic|Surf|p2a: Scrafty\n|-damage|p2a: Scrafty|12\/100 tox\n|move|p2a: Scrafty|Drain Punch|p1b: Milotic\n|-damage|p1b: Milotic|12\/100\n|-heal|p2a: Scrafty|41\/100 tox|[from] drain|[of] p1b: Milotic\n|\n|-heal|p1b: Milotic|18\/100|[from] item: Leftovers\n|-heal|p2a: Scrafty|47\/100 tox|[from] item: Leftovers\n|-heal|p1b: Milotic|24\/100|[from] Aqua Ring\n|-damage|p2a: Scrafty|17\/100 tox|[from] psn\n|upkeep\n|turn|15\n|\n|t:|1697159931\n|move|p1b: Milotic|Recover|p1b: Milotic\n|-heal|p1b: Milotic|74\/100\n|move|p2a: Scrafty|Drain Punch|p1b: Milotic\n|-damage|p1b: Milotic|21\/100\n|-heal|p2a: Scrafty|48\/100 tox|[from] drain|[of] p1b: Milotic\n|\n|-heal|p1b: Milotic|27\/100|[from] item: Leftovers\n|-heal|p2a: Scrafty|54\/100 tox|[from] item: Leftovers\n|-heal|p1b: Milotic|33\/100|[from] Aqua Ring\n|-damage|p2a: Scrafty|18\/100 tox|[from] psn\n|upkeep\n|turn|16\n|\n|t:|1697159945\n|move|p1b: Milotic|Recover|p1b: Milotic\n|-heal|p1b: Milotic|83\/100\n|move|p2a: Scrafty|Drain Punch|p1b: Milotic\n|-damage|p1b: Milotic|35\/100\n|-heal|p2a: Scrafty|47\/100 tox|[from] drain|[of] p1b: Milotic\n|\n|-heal|p1b: Milotic|41\/100|[from] item: Leftovers\n|-heal|p2a: Scrafty|53\/100 tox|[from] item: Leftovers\n|-heal|p1b: Milotic|47\/100|[from] Aqua Ring\n|-damage|p2a: Scrafty|11\/100 tox|[from] psn\n|upkeep\n|turn|17\n|c|\u2606AutumnCookie|I DIE NEXT TURN CAUSE I DON'T OUTHEAL TOXIC ANYMORE\n|\n|t:|1697159972\n|move|p1b: Milotic|Surf|p2a: Scrafty\n|-damage|p2a: Scrafty|0 fnt\n|faint|p2a: Scrafty\n|\n|win|cassinidivision\n|c|\u2606cassinidivision|SO close\n|c|\u2606AutumnCookie|THAT WAS SO GOOD\n|c|\u2606AutumnCookie|SO FUCKING CLOSE\n|c|\u2606cassinidivision|i really thought losing lucario cost me\n|c|\u2606cassinidivision|milotic clutch as usual\n|c|\u2606cassinidivision|HEY WAIT\n|c|\u2606AutumnCookie|Even decades later they cannot fuckin beat her\n|c|\u2606cassinidivision|WHY ISNT SHE SHINY\n|c|\u2606AutumnCookie|YEAH\n|c|\u2606cassinidivision|:sus:\n","uploadtime":1697160034,"views":7,"p1id":"cassinidivision","p2id":"autumncookie","formatid":"gen9nationaldexdoubles","rating":0,"private":0,"password":""}