{"id":"gen9nationaldexdoubles-1976251122","p1":"kitsu-aria","p2":"big pichu","format":"[Gen 9] National Dex Doubles","log":"|j|\u2606kitsu-aria\n|j|\u2606big pichu\n|t:|1698278577\n|gametype|doubles\n|player|p1|kitsu-aria|alec-anime|1522\n|player|p2|big pichu|serena-masters2|1526\n|teamsize|p1|6\n|teamsize|p2|6\n|gen|9\n|tier|[Gen 9] National Dex Doubles\n|rated|\n|rule|HP Percentage Mod: HP is shown in percentages\n|rule|Endless Battle Clause: Forcing endless battles is banned\n|rule|OHKO Clause: OHKO moves are banned\n|rule|Evasion Moves Clause: Evasion moves are banned\n|rule|Evasion Abilities Clause: Evasion abilities are banned\n|rule|Species Clause: Limit one of each Pok\u00e9mon\n|rule|Gravity Sleep Clause: The combination of sleep-inducing moves with imperfect accuracy and Gravity or Gigantamax Orbeetle are banned\n|clearpoke\n|poke|p1|Volbeat, M|\n|poke|p1|Zamazenta-*|\n|poke|p1|Deoxys-Attack|\n|poke|p1|Salamence, M|\n|poke|p1|Kingambit, M|\n|poke|p1|Rillaboom, F|\n|poke|p2|Scizor, F|\n|poke|p2|Volcanion|\n|poke|p2|Rillaboom, M|\n|poke|p2|Marshadow|\n|poke|p2|Scream Tail|\n|poke|p2|Kyurem-Black|\n|teampreview\n|c|\u2606big pichu|oh hi\n|c|\u2606kitsu-aria|Hiii\n|\n|t:|1698278602\n|start\n|switch|p1a: Salamence|Salamence, M|100\/100\n|switch|p1b: Volbeat|Volbeat, M|100\/100\n|switch|p2a: Scream Tail|Scream Tail|100\/100\n|switch|p2b: Rillaboom|Rillaboom, M|100\/100\n|-ability|p1a: Salamence|Intimidate|boost\n|-unboost|p2a: Scream Tail|atk|1\n|-unboost|p2b: Rillaboom|atk|1\n|-fieldstart|move: Grassy Terrain|[from] ability: Grassy Surge|[of] p2b: Rillaboom\n|-enditem|p2a: Scream Tail|Booster Energy\n|-activate|p2a: Scream Tail|ability: Protosynthesis|[fromitem]\n|-start|p2a: Scream Tail|protosynthesisspe\n|turn|1\n|\n|t:|1698278611\n|move|p1a: Salamence|Protect|p1a: Salamence\n|-singleturn|p1a: Salamence|Protect\n|move|p2b: Rillaboom|Fake Out|p1a: Salamence\n|-activate|p1a: Salamence|move: Protect\n|move|p1b: Volbeat|Thunder Wave|p2a: Scream Tail\n|-status|p2a: Scream Tail|par\n|move|p2a: Scream Tail|Encore|p1b: Volbeat\n|-start|p1b: Volbeat|Encore\n|\n|upkeep\n|turn|2\n|\n|t:|1698278647\n|switch|p2b: Volcanion|Volcanion|100\/100\n|detailschange|p1a: Salamence|Salamence-Mega, M\n|-mega|p1a: Salamence|Salamence|Salamencite\n|move|p1b: Volbeat|Thunder Wave|p2b: Volcanion\n|-status|p2b: Volcanion|par\n|move|p1a: Salamence|Hyper Voice|p2b: Volcanion|[spread] p2a,p2b\n|-damage|p2a: Scream Tail|74\/100 par\n|-damage|p2b: Volcanion|62\/100 par\n|cant|p2a: Scream Tail|par\n|\n|-heal|p2a: Scream Tail|80\/100 par|[from] Grassy Terrain\n|-heal|p2b: Volcanion|68\/100 par|[from] Grassy Terrain\n|upkeep\n|turn|3\n|\n|t:|1698278664\n|switch|p1b: Zamazenta|Zamazenta|100\/100\n|-ability|p1b: Zamazenta|Dauntless Shield|boost\n|-boost|p1b: Zamazenta|def|1\n|move|p1a: Salamence|Protect|p1a: Salamence\n|-singleturn|p1a: Salamence|Protect\n|cant|p2a: Scream Tail|par\n|move|p2b: Volcanion|Heat Wave|p1b: Zamazenta|[spread] p1b\n|-activate|p1a: Salamence|move: Protect\n|-damage|p1b: Zamazenta|61\/100\n|\n|-heal|p1b: Zamazenta|68\/100|[from] Grassy Terrain\n|-heal|p2a: Scream Tail|87\/100 par|[from] Grassy Terrain\n|-heal|p2b: Volcanion|74\/100 par|[from] Grassy Terrain\n|upkeep\n|turn|4\n|\n|t:|1698278686\n|move|p1b: Zamazenta|Coaching|p1a: Salamence\n|-boost|p1a: Salamence|atk|1\n|-boost|p1a: Salamence|def|1\n|move|p1a: Salamence|Double-Edge|p2a: Scream Tail\n|-damage|p2a: Scream Tail|10\/100 par\n|-damage|p1a: Salamence|68\/100|[from] Recoil\n|move|p2a: Scream Tail|Thunder Wave|p1a: Salamence\n|-status|p1a: Salamence|par\n|cant|p2b: Volcanion|par\n|\n|-heal|p1b: Zamazenta|74\/100|[from] Grassy Terrain\n|-heal|p2a: Scream Tail|17\/100 par|[from] Grassy Terrain\n|-heal|p2b: Volcanion|80\/100 par|[from] Grassy Terrain\n|upkeep\n|turn|5\n|\n|t:|1698278704\n|switch|p2b: Kyurem|Kyurem-Black|100\/100\n|-ability|p2b: Kyurem|Teravolt\n|move|p1b: Zamazenta|Heavy Slam|p2a: Scream Tail\n|-supereffective|p2a: Scream Tail\n|-damage|p2a: Scream Tail|0 fnt\n|faint|p2a: Scream Tail\n|-end|p2a: Scream Tail|Protosynthesis|[silent]\n|-damage|p1b: Zamazenta|64\/100|[from] item: Life Orb\n|move|p1a: Salamence|Double-Edge|p2b: Kyurem\n|-damage|p2b: Kyurem|25\/100\n|-damage|p1a: Salamence|33\/100 par|[from] Recoil\n|\n|-heal|p1b: Zamazenta|70\/100|[from] Grassy Terrain\n|-heal|p2b: Kyurem|31\/100|[from] Grassy Terrain\n|-fieldend|move: Grassy Terrain\n|upkeep\n|\n|t:|1698278708\n|switch|p2a: Rillaboom|Rillaboom, M|100\/100\n|-fieldstart|move: Grassy Terrain|[from] ability: Grassy Surge|[of] p2a: Rillaboom\n|turn|6\n|\n|t:|1698278731\n|switch|p1b: Volbeat|Volbeat, M|100\/100\n|move|p2a: Rillaboom|Fake Out|p1a: Salamence\n|-damage|p1a: Salamence|23\/100 par\n|move|p2b: Kyurem|Draco Meteor|p1b: Volbeat\n|-damage|p1b: Volbeat|43\/100\n|-unboost|p2b: Kyurem|spa|2\n|cant|p1a: Salamence|flinch\n|\n|-heal|p2b: Kyurem|37\/100|[from] Grassy Terrain\n|-heal|p1b: Volbeat|49\/100|[from] Grassy Terrain\n|upkeep\n|turn|7\n|\n|t:|1698278755\n|-terastallize|p2a: Rillaboom|Fire\n|move|p1b: Volbeat|Tailwind|p1b: Volbeat\n|-sidestart|p1: kitsu-aria|move: Tailwind\n|cant|p1a: Salamence|par\n|move|p2a: Rillaboom|U-turn|p1b: Volbeat\n|-damage|p1b: Volbeat|16\/100\n|\n|t:|1698278763\n|switch|p2a: Marshadow|Marshadow|100\/100|[from] U-turn\n|move|p2b: Kyurem|Ice Beam|p1a: Salamence\n|-supereffective|p1a: Salamence\n|-damage|p1a: Salamence|0 fnt\n|faint|p1a: Salamence\n|\n|-heal|p1b: Volbeat|22\/100|[from] Grassy Terrain\n|-heal|p2b: Kyurem|43\/100|[from] Grassy Terrain\n|upkeep\n|\n|t:|1698278769\n|switch|p1a: Deoxys|Deoxys-Attack|100\/100\n|-ability|p1a: Deoxys|Pressure\n|turn|8\n|\n|t:|1698278800\n|switch|p2a: Scizor|Scizor, F|100\/100\n|move|p1b: Volbeat|Thunder Wave|p2b: Kyurem\n|-status|p2b: Kyurem|par\n|move|p1a: Deoxys|Psycho Boost|p2a: Scizor\n|-resisted|p2a: Scizor\n|-damage|p2a: Scizor|56\/100\n|-unboost|p1a: Deoxys|spa|2\n|move|p2b: Kyurem|Ice Beam|p1a: Deoxys\n|-enditem|p1a: Deoxys|Focus Sash\n|-damage|p1a: Deoxys|1\/100\n|\n|-heal|p1a: Deoxys|7\/100|[from] Grassy Terrain\n|-heal|p1b: Volbeat|28\/100|[from] Grassy Terrain\n|-heal|p2a: Scizor|62\/100|[from] Grassy Terrain\n|-heal|p2b: Kyurem|49\/100 par|[from] Grassy Terrain\n|upkeep\n|turn|9\n|\n|t:|1698278830\n|detailschange|p2a: Scizor|Scizor-Mega, F\n|-mega|p2a: Scizor|Scizor|Scizorite\n|move|p1a: Deoxys|Extreme Speed|p2b: Kyurem\n|-damage|p2b: Kyurem|26\/100 par\n|move|p1b: Volbeat|Thunder Wave|p2a: Scizor\n|-status|p2a: Scizor|par\n|move|p2a: Scizor|Bullet Punch|p1a: Deoxys\n|-damage|p1a: Deoxys|0 fnt\n|faint|p1a: Deoxys\n|move|p2b: Kyurem|Ice Beam|p1b: Volbeat\n|-damage|p1b: Volbeat|9\/100\n|\n|-heal|p1b: Volbeat|15\/100|[from] Grassy Terrain\n|-heal|p2b: Kyurem|32\/100 par|[from] Grassy Terrain\n|-heal|p2a: Scizor|68\/100 par|[from] Grassy Terrain\n|upkeep\n|\n|t:|1698278844\n|switch|p1a: Zamazenta|Zamazenta|70\/100\n|turn|10\n|\n|t:|1698278856\n|switch|p2b: Rillaboom|Rillaboom, M, tera:Fire|100\/100\n|move|p1a: Zamazenta|Close Combat|p2a: Scizor\n|-damage|p2a: Scizor|2\/100 par\n|-unboost|p1a: Zamazenta|def|1\n|-unboost|p1a: Zamazenta|spd|1\n|-damage|p1a: Zamazenta|60\/100|[from] item: Life Orb\n|move|p1b: Volbeat|U-turn|p2b: Rillaboom\n|-resisted|p2b: Rillaboom\n|-damage|p2b: Rillaboom|91\/100\n|\n|t:|1698278865\n|switch|p1b: Rillaboom|Rillaboom, F|100\/100|[from] U-turn\n|cant|p2a: Scizor|par\n|\n|-heal|p1a: Zamazenta|66\/100|[from] Grassy Terrain\n|-heal|p2b: Rillaboom|97\/100|[from] Grassy Terrain\n|-heal|p2a: Scizor|8\/100 par|[from] Grassy Terrain\n|-sideend|p1: kitsu-aria|move: Tailwind\n|-fieldend|move: Grassy Terrain\n|upkeep\n|turn|11\n|\n|t:|1698278886\n|switch|p2a: Volcanion|Volcanion|80\/100 par\n|move|p1b: Rillaboom|Fake Out|p2b: Rillaboom\n|-damage|p2b: Rillaboom|80\/100\n|move|p1a: Zamazenta|Close Combat|p2b: Rillaboom\n|-damage|p2b: Rillaboom|0 fnt\n|-unboost|p1a: Zamazenta|def|1\n|-unboost|p1a: Zamazenta|spd|1\n|faint|p2b: Rillaboom\n|-damage|p1a: Zamazenta|57\/100|[from] item: Life Orb\n|\n|upkeep\n|\n|t:|1698278894\n|switch|p2b: Marshadow|Marshadow|100\/100\n|turn|12\n|\n|t:|1698278927\n|switch|p1a: Volbeat|Volbeat, M|15\/100\n|move|p2b: Marshadow|Shadow Sneak|p1a: Volbeat\n|-crit|p1a: Volbeat\n|-damage|p1a: Volbeat|0 fnt\n|faint|p1a: Volbeat\n|move|p1b: Rillaboom|U-turn|p2b: Marshadow\n|-resisted|p2b: Marshadow\n|-damage|p2b: Marshadow|92\/100\n|\n|t:|1698278935\n|switch|p1b: Zamazenta|Zamazenta|57\/100|[from] U-turn\n|move|p2a: Volcanion|Heat Wave|p1b: Zamazenta\n|-damage|p1b: Zamazenta|2\/100\n|\n|upkeep\n|\n|t:|1698278942\n|switch|p1a: Rillaboom|Rillaboom, F|100\/100\n|-fieldstart|move: Grassy Terrain|[from] ability: Grassy Surge|[of] p1a: Rillaboom\n|turn|13\n|\n|t:|1698278963\n|move|p2b: Marshadow|Shadow Sneak|p1b: Zamazenta\n|-damage|p1b: Zamazenta|0 fnt\n|faint|p1b: Zamazenta\n|move|p1a: Rillaboom|Wood Hammer|p2a: Volcanion\n|-damage|p2a: Volcanion|14\/100 par\n|-damage|p1a: Rillaboom|81\/100|[from] Recoil\n|move|p2a: Volcanion|Heat Wave|p1a: Rillaboom|[miss]\n|-miss|p2a: Volcanion|p1a: Rillaboom\n|\n|-heal|p2b: Marshadow|98\/100|[from] Grassy Terrain\n|-heal|p1a: Rillaboom|87\/100|[from] Grassy Terrain\n|-heal|p2a: Volcanion|20\/100 par|[from] Grassy Terrain\n|upkeep\n|\n|t:|1698278969\n|switch|p1b: Kingambit|Kingambit, M|100\/100\n|turn|14\n|\n|t:|1698279001\n|switch|p2b: Kyurem|Kyurem-Black|32\/100 par\n|-ability|p2b: Kyurem|Teravolt\n|move|p1b: Kingambit|Protect|p1b: Kingambit\n|-singleturn|p1b: Kingambit|Protect\n|move|p2a: Volcanion|Protect|p2a: Volcanion\n|-singleturn|p2a: Volcanion|Protect\n|move|p1a: Rillaboom|Wood Hammer|p2b: Kyurem\n|-resisted|p2b: Kyurem\n|-damage|p2b: Kyurem|0 fnt\n|faint|p2b: Kyurem\n|-damage|p1a: Rillaboom|75\/100|[from] Recoil\n|\n|-heal|p1a: Rillaboom|81\/100|[from] Grassy Terrain\n|-heal|p2a: Volcanion|26\/100 par|[from] Grassy Terrain\n|upkeep\n|\n|t:|1698279016\n|switch|p2b: Marshadow|Marshadow|98\/100\n|turn|15\n|\n|t:|1698279027\n|-terastallize|p1b: Kingambit|Dark\n|move|p1a: Rillaboom|Grassy Glide|p2b: Marshadow\n|-damage|p2b: Marshadow|50\/100\n|move|p1b: Kingambit|Sucker Punch|p2b: Marshadow\n|-damage|p2b: Marshadow|0 fnt\n|faint|p2b: Marshadow\n|cant|p2a: Volcanion|par\n|\n|-heal|p1a: Rillaboom|88\/100|[from] Grassy Terrain\n|-heal|p2a: Volcanion|32\/100 par|[from] Grassy Terrain\n|upkeep\n|\n|t:|1698279036\n|switch|p2b: Scizor|Scizor-Mega, F|8\/100 par\n|turn|16\n|\n|t:|1698279043\n|move|p1a: Rillaboom|Grassy Glide|p2b: Scizor\n|-resisted|p2b: Scizor\n|-damage|p2b: Scizor|0 fnt\n|faint|p2b: Scizor\n|move|p1b: Kingambit|Knock Off|p2a: Volcanion\n|-damage|p2a: Volcanion|0 fnt\n|-enditem|p2a: Volcanion|Safety Goggles|[from] move: Knock Off|[of] p1b: Kingambit\n|faint|p2a: Volcanion\n|\n|win|kitsu-aria\n|raw|kitsu-aria's rating: 1522 &rarr; <strong>1542<\/strong><br \/>(+20 for winning)\n|raw|big pichu's rating: 1526 &rarr; <strong>1506<\/strong><br \/>(-20 for losing)\n|c|\u2606kitsu-aria|Gg\n|c|\u2606big pichu|gg\n|c|\u2606kitsu-aria|Para hax really won the game\n|c|\u2606big pichu|we love para\n|c|\u2606kitsu-aria|Fr\n|c|\u2606big pichu|volbeat is kinda neat ngl\n|c|\u2606big pichu|wayyyy more bulky than i expected\n|c|\u2606big pichu|i respect that a lot\n|c|\u2606kitsu-aria|Thanks! I was using it to meme at first but found it has some nice use over whimsy\n|l|\u2606kitsu-aria\n|c|\u2606big pichu|yeah, it's def interesting for sure, esp since you dont wanna stack fire type weaknesses\n|c|\u2606big pichu|wait\n|c|\u2606big pichu|my brain melt\n","uploadtime":1698279134,"views":34,"p1id":"kitsuaria","p2id":"bigpichu","formatid":"gen9nationaldexdoubles","rating":1506,"private":0,"password":""}