{"id":"gen9nationaldexdoubles-1955795243","p1":"UncleKars","p2":"Kelpton","format":"[Gen 9] National Dex Doubles","log":"|j|\u2606UncleKars\n|j|\u2606Kelpton\n|t:|1696028866\n|gametype|doubles\n|player|p1|UncleKars|silver|\n|player|p2|Kelpton|102|\n|teamsize|p1|6\n|teamsize|p2|6\n|gen|9\n|tier|[Gen 9] National Dex Doubles\n|rule|HP Percentage Mod: HP is shown in percentages\n|rule|Endless Battle Clause: Forcing endless battles is banned\n|rule|OHKO Clause: OHKO moves are banned\n|rule|Evasion Moves Clause: Evasion moves are banned\n|rule|Evasion Abilities Clause: Evasion abilities are banned\n|rule|Species Clause: Limit one of each Pok\u00e9mon\n|rule|Gravity Sleep Clause: The combination of sleep-inducing moves with imperfect accuracy and Gravity or Gigantamax Orbeetle are banned\n|clearpoke\n|poke|p1|Mudsdale, F|\n|poke|p1|Kommo-o, M|\n|poke|p1|Cacturne, M|\n|poke|p1|Ampharos, M|\n|poke|p1|Palafin, M|\n|poke|p1|Perrserker, M|\n|poke|p2|Espurr, M|\n|poke|p2|Buneary, F|\n|poke|p2|Ditto|\n|poke|p2|Mimikyu, F|\n|poke|p2|Snubbull, F|\n|poke|p2|Gengar, M|\n|teampreview\n|c|\u2606UncleKars|No harte commentary this time I\u2019m on my phone\n|\n|t:|1696028884\n|start\n|switch|p1a: Rodeo|Mudsdale, F|100\/100\n|switch|p1b: Il|Palafin, M|100\/100\n|switch|p2a: Gengar|Gengar, M, shiny|100\/100\n|switch|p2b: Buneary|Buneary, F|100\/100\n|turn|1\n|\n|t:|1696028910\n|move|p2a: Gengar|Shadow Claw|p1b: Il\n|-damage|p1b: Il|67\/100\n|move|p1b: Il|Flip Turn|p2b: Buneary\n|-damage|p2b: Buneary|55\/100\n|\n|t:|1696028920\n|detailschange|p1b: Il|Palafin-Hero, M\n|switch|p1b: Cowboy|Kommo-o, M|100\/100|[from] Flip Turn\n|move|p2b: Buneary|Endeavor|p1a: Rodeo\n|-damage|p1a: Rodeo|43\/100\n|-ability|p1a: Rodeo|Stamina|boost\n|-boost|p1a: Rodeo|def|1\n|move|p1a: Rodeo|High Horsepower|p2a: Gengar\n|-supereffective|p2a: Gengar\n|-damage|p2a: Gengar|0 fnt\n|faint|p2a: Gengar\n|\n|-heal|p1a: Rodeo|49\/100|[from] item: Leftovers\n|upkeep\n|\n|t:|1696028936\n|switch|p2a: Mimikyu|Mimikyu, F|100\/100\n|turn|2\n|\n|t:|1696028947\n|move|p2a: Mimikyu|Destiny Bond|p2a: Mimikyu\n|-singlemove|p2a: Mimikyu|Destiny Bond\n|move|p2b: Buneary|Endeavor|p1a: Rodeo\n|-damage|p1a: Rodeo|43\/100\n|-ability|p1a: Rodeo|Stamina|boost\n|-boost|p1a: Rodeo|def|1\n|move|p1b: Cowboy|Clanging Scales|p2b: Buneary|[spread] p2b\n|-immune|p2a: Mimikyu\n|-damage|p2b: Buneary|0 fnt\n|faint|p2b: Buneary\n|-unboost|p1b: Cowboy|def|1\n|move|p1a: Rodeo|Iron Defense|p1a: Rodeo\n|-boost|p1a: Rodeo|def|2\n|\n|-heal|p1a: Rodeo|49\/100|[from] item: Leftovers\n|upkeep\n|\n|t:|1696028973\n|switch|p2b: Snubbull|Snubbull, F|100\/100\n|-ability|p2b: Snubbull|Intimidate|boost\n|-unboost|p1a: Rodeo|atk|1\n|-unboost|p1b: Cowboy|atk|1\n|turn|3\n|\n|t:|1696028991\n|move|p2a: Mimikyu|Destiny Bond||[still]\n|-fail|p2a: Mimikyu\n|move|p1b: Cowboy|Shock Wave|p2a: Mimikyu\n|-activate|p2a: Mimikyu|ability: Disguise\n|-damage|p2a: Mimikyu|100\/100\n|detailschange|p2a: Mimikyu|Mimikyu-Busted, F\n|-damage|p2a: Mimikyu|88\/100|[from] pokemon: Mimikyu-Busted\n|move|p1a: Rodeo|Iron Head|p2b: Snubbull\n|-supereffective|p2b: Snubbull\n|-damage|p2b: Snubbull|47\/100\n|move|p2b: Snubbull|Body Slam|p1a: Rodeo\n|-damage|p1a: Rodeo|42\/100\n|-ability|p1a: Rodeo|Stamina|boost\n|-boost|p1a: Rodeo|def|1\n|\n|-heal|p2a: Mimikyu|94\/100|[from] item: Leftovers\n|-heal|p1a: Rodeo|48\/100|[from] item: Leftovers\n|upkeep\n|turn|4\n|\n|t:|1696029021\n|move|p2a: Mimikyu|Infestation|p1a: Rodeo\n|-damage|p1a: Rodeo|46\/100\n|-activate|p1a: Rodeo|move: Infestation|[of] p2a: Mimikyu\n|-ability|p1a: Rodeo|Stamina|boost\n|-boost|p1a: Rodeo|def|1\n|move|p1b: Cowboy|Shock Wave|p2a: Mimikyu\n|-damage|p2a: Mimikyu|77\/100\n|move|p1a: Rodeo|Iron Defense|p1a: Rodeo\n|-boost|p1a: Rodeo|def|0\n|move|p2b: Snubbull|Play Rough|p1a: Rodeo\n|-damage|p1a: Rodeo|39\/100\n|\n|-heal|p2a: Mimikyu|83\/100|[from] item: Leftovers\n|-heal|p1a: Rodeo|45\/100|[from] item: Leftovers\n|-damage|p1a: Rodeo|33\/100|[from] move: Infestation|[partiallytrapped]\n|upkeep\n|turn|5\n|\n|t:|1696029048\n|move|p2a: Mimikyu|Infestation|p1a: Rodeo\n|-damage|p1a: Rodeo|31\/100\n|move|p1b: Cowboy|Shock Wave|p2a: Mimikyu\n|-damage|p2a: Mimikyu|66\/100\n|move|p1a: Rodeo|Body Press|p2b: Snubbull\n|-resisted|p2b: Snubbull\n|-damage|p2b: Snubbull|0 fnt\n|faint|p2b: Snubbull\n|\n|-heal|p2a: Mimikyu|72\/100|[from] item: Leftovers\n|-heal|p1a: Rodeo|37\/100|[from] item: Leftovers\n|-damage|p1a: Rodeo|25\/100|[from] move: Infestation|[partiallytrapped]\n|upkeep\n|\n|t:|1696029061\n|switch|p2b: Espurr|Espurr, M|100\/100\n|turn|6\n|\n|t:|1696029091\n|switch|p1b: Deputy|Cacturne, M|100\/100\n|move|p2a: Mimikyu|Destiny Bond|p2a: Mimikyu\n|-singlemove|p2a: Mimikyu|Destiny Bond\n|move|p2b: Espurr|Thunder Wave|p1a: Rodeo\n|-immune|p1a: Rodeo\n|move|p1a: Rodeo|Body Press|p2b: Espurr\n|-resisted|p2b: Espurr\n|-damage|p2b: Espurr|20\/100\n|\n|-heal|p2a: Mimikyu|79\/100|[from] item: Leftovers\n|-heal|p1a: Rodeo|31\/100|[from] item: Leftovers\n|-damage|p1a: Rodeo|18\/100|[from] move: Infestation|[partiallytrapped]\n|upkeep\n|turn|7\n|\n|t:|1696029127\n|move|p1b: Deputy|Spiky Shield|p1b: Deputy\n|-singleturn|p1b: Deputy|move: Protect\n|move|p2a: Mimikyu|Destiny Bond||[still]\n|-fail|p2a: Mimikyu\n|move|p2b: Espurr|Reflect|p2b: Espurr\n|-sidestart|p2: Kelpton|Reflect\n|move|p1a: Rodeo|Body Press|p2b: Espurr\n|-resisted|p2b: Espurr\n|-damage|p2b: Espurr|0 fnt\n|faint|p2b: Espurr\n|\n|-heal|p2a: Mimikyu|85\/100|[from] item: Leftovers\n|-heal|p1a: Rodeo|25\/100|[from] item: Leftovers\n|-damage|p1a: Rodeo|12\/100|[from] move: Infestation|[partiallytrapped]\n|upkeep\n|\n|t:|1696029141\n|switch|p2b: Ditto|Ditto|100\/100\n|turn|8\n|l|\u2606UncleKars\n|player|p1|\n|c|\u2606Kelpton|Left me with the horse\n|j|\u2606UncleKars\n|player|p1|UncleKars|silver\n|c|\u2606Kelpton|AH\n|\n|t:|1696029315\n|-terastallize|p1a: Rodeo|Steel\n|move|p2a: Mimikyu|Destiny Bond|p2a: Mimikyu\n|-singlemove|p2a: Mimikyu|Destiny Bond\n|move|p2b: Ditto|Transform|p1a: Rodeo\n|-transform|p2b: Ditto|p1a: Rodeo\n|move|p1b: Deputy|Giga Drain|p2b: Ditto\n|-supereffective|p2b: Ditto\n|-damage|p2b: Ditto|38\/100\n|move|p1a: Rodeo|Iron Head|p2a: Mimikyu\n|-supereffective|p2a: Mimikyu\n|-damage|p2a: Mimikyu|41\/100\n|\n|-heal|p2a: Mimikyu|47\/100|[from] item: Leftovers\n|-heal|p1a: Rodeo|18\/100|[from] item: Leftovers\n|-end|p1a: Rodeo|Infestation|[partiallytrapped]\n|upkeep\n|-start|p2b: Ditto|typechange|Ground|[silent]\n|turn|9\n|\n|t:|1696029338\n|move|p2a: Mimikyu|Destiny Bond||[still]\n|-fail|p2a: Mimikyu\n|move|p1b: Deputy|Giga Drain|p2b: Ditto\n|-supereffective|p2b: Ditto\n|-damage|p2b: Ditto|0 fnt\n|faint|p2b: Ditto\n|move|p1a: Rodeo|Iron Head|p2a: Mimikyu\n|-supereffective|p2a: Mimikyu\n|-damage|p2a: Mimikyu|1\/100\n|\n|-heal|p2a: Mimikyu|8\/100|[from] item: Leftovers\n|-heal|p1a: Rodeo|25\/100|[from] item: Leftovers\n|upkeep\n|turn|10\n|\n|t:|1696029368\n|move|p2a: Mimikyu|Destiny Bond|p2a: Mimikyu\n|-singlemove|p2a: Mimikyu|Destiny Bond\n|move|p1b: Deputy|Grass Knot|p2a: Mimikyu\n|-damage|p2a: Mimikyu|0 fnt\n|faint|p2a: Mimikyu\n|-activate|p2a: Mimikyu|move: Destiny Bond\n|faint|p1b: Deputy\n|\n|win|UncleKars\n|l|\u2606UncleKars\n|c|\u2606Kelpton|THE HORSE IS STILL UP\n|l|\u2606Kelpton\n|j|\u2606UncleKars\n|player|p1|UncleKars|silver\n","uploadtime":1696029497,"views":6,"p1id":"unclekars","p2id":"kelpton","formatid":"gen9nationaldexdoubles","rating":0,"private":0,"password":""}