{"id":"gen9nationaldexdoubles-1994027642","p1":"lowbrim","p2":"Patatas6712","format":"[Gen 9] National Dex Doubles","log":"|j|\u2606lowbrim\n|j|\u2606Patatas6712\n|t:|1700396155\n|gametype|doubles\n|player|p1|lowbrim|265|1138\n|player|p2|Patatas6712|riley|1127\n|teamsize|p1|6\n|teamsize|p2|6\n|gen|9\n|tier|[Gen 9] National Dex Doubles\n|rated|\n|rule|HP Percentage Mod: HP is shown in percentages\n|rule|Endless Battle Clause: Forcing endless battles is banned\n|rule|OHKO Clause: OHKO moves are banned\n|rule|Evasion Moves Clause: Evasion moves are banned\n|rule|Evasion Abilities Clause: Evasion abilities are banned\n|rule|Species Clause: Limit one of each Pok\u00e9mon\n|rule|Gravity Sleep Clause: The combination of sleep-inducing moves with imperfect accuracy and Gravity or Gigantamax Orbeetle are banned\n|clearpoke\n|poke|p1|Mamoswine, M|\n|poke|p1|Talonflame, M|\n|poke|p1|Ribombee, F|\n|poke|p1|Roserade, M|\n|poke|p1|Boltund, M|\n|poke|p1|Gallade, M|\n|poke|p2|Deoxys-Attack|\n|poke|p2|Indeedee-F, F|\n|poke|p2|Serperior, M|\n|poke|p2|Enamorus, F|\n|poke|p2|Toxapex, F|\n|poke|p2|Dragapult, F|\n|teampreview\n|\n|t:|1700396193\n|start\n|switch|p1a: Mamoswine|Mamoswine, M|100\/100\n|switch|p1b: Talonflame|Talonflame, M|100\/100\n|switch|p2a: Deoxys|Deoxys-Attack|100\/100\n|switch|p2b: Serperior|Serperior, M|100\/100\n|-ability|p2a: Deoxys|Pressure\n|turn|1\n|\n|t:|1700396208\n|move|p2a: Deoxys|Role Play|p2b: Serperior\n|-endability|p2a: Deoxys|Pressure|[from] move: Role Play\n|-ability|p2a: Deoxys|Contrary|[from] move: Role Play|[of] p2b: Serperior\n|move|p1b: Talonflame|U-turn|p2a: Deoxys\n|-supereffective|p2a: Deoxys\n|-enditem|p2a: Deoxys|Focus Sash\n|-damage|p2a: Deoxys|1\/100\n|\n|t:|1700396219\n|switch|p1b: Ribombee|Ribombee, F|100\/100|[from] U-turn\n|move|p2b: Serperior|Glare|p1b: Ribombee\n|-status|p1b: Ribombee|par\n|move|p1a: Mamoswine|Icicle Spear|p2b: Serperior\n|-supereffective|p2b: Serperior\n|-damage|p2b: Serperior|73\/100\n|-supereffective|p2b: Serperior\n|-damage|p2b: Serperior|48\/100\n|-hitcount|p2b: Serperior|2\n|\n|upkeep\n|turn|2\n|\n|t:|1700396251\n|switch|p2b: Indeedee|Indeedee-F, F|100\/100\n|-fieldstart|move: Psychic Terrain|[from] ability: Psychic Surge|[of] p2b: Indeedee\n|move|p2a: Deoxys|Psycho Boost|p1b: Ribombee\n|-crit|p1b: Ribombee\n|-enditem|p1b: Ribombee|Focus Sash\n|-damage|p1b: Ribombee|1\/100 par\n|-boost|p2a: Deoxys|spa|2\n|move|p1a: Mamoswine|Icicle Spear|p2b: Indeedee\n|-damage|p2b: Indeedee|85\/100\n|-damage|p2b: Indeedee|70\/100\n|-damage|p2b: Indeedee|54\/100\n|-damage|p2b: Indeedee|39\/100\n|-hitcount|p2b: Indeedee|4\n|cant|p1b: Ribombee|par\n|\n|upkeep\n|turn|3\n|\n|t:|1700396278\n|switch|p1b: Talonflame|Talonflame, M|100\/100\n|move|p2b: Indeedee|Follow Me|p2b: Indeedee\n|-singleturn|p2b: Indeedee|move: Follow Me\n|move|p2a: Deoxys|Psycho Boost|p1a: Mamoswine\n|-damage|p1a: Mamoswine|0 fnt\n|-boost|p2a: Deoxys|spa|2\n|faint|p1a: Mamoswine\n|\n|upkeep\n|\n|t:|1700396295\n|switch|p1a: Ribombee|Ribombee, F|1\/100 par\n|turn|4\n|\n|t:|1700396307\n|move|p2b: Indeedee|Follow Me|p2b: Indeedee\n|-singleturn|p2b: Indeedee|move: Follow Me\n|move|p2a: Deoxys|Psycho Boost|p1b: Talonflame\n|-damage|p1b: Talonflame|0 fnt\n|-boost|p2a: Deoxys|spa|2\n|faint|p1b: Talonflame\n|move|p1a: Ribombee|Pollen Puff|p2b: Indeedee\n|-supereffective|p2b: Indeedee\n|-damage|p2b: Indeedee|0 fnt\n|faint|p2b: Indeedee\n|\n|upkeep\n|\n|t:|1700396323\n|switch|p1b: Boltund|Boltund, M|100\/100\n|switch|p2b: Dragapult|Dragapult, F|100\/100\n|turn|5\n|\n|t:|1700396337\n|move|p2a: Deoxys|Psycho Boost|p1a: Ribombee\n|-damage|p1a: Ribombee|0 fnt\n|faint|p1a: Ribombee\n|move|p2b: Dragapult|Dragon Darts|p1b: Boltund\n|-damage|p1b: Boltund|31\/100\n|-anim|p2b: Dragapult|Dragon Darts|p1b: Boltund\n|-damage|p1b: Boltund|0 fnt\n|faint|p1b: Boltund\n|\n|upkeep\n|\n|t:|1700396348\n|switch|p1a: Roserade|Roserade, M|100\/100\n|switch|p1b: Gallade|Gallade, M|100\/100\n|turn|6\n|c|\u2606Patatas6712|gg\n|\n|t:|1700396366\n|move|p2a: Deoxys|Psycho Boost|p1a: Roserade\n|-supereffective|p1a: Roserade\n|-damage|p1a: Roserade|0 fnt\n|faint|p1a: Roserade\n|move|p2b: Dragapult|Dragon Darts|p1b: Gallade\n|-damage|p1b: Gallade|28\/100\n|-anim|p2b: Dragapult|Dragon Darts|p1b: Gallade\n|-damage|p1b: Gallade|0 fnt\n|faint|p1b: Gallade\n|\n|win|Patatas6712\n|raw|lowbrim's rating: 1138 &rarr; <strong>1112<\/strong><br \/>(-26 for losing)\n|raw|Patatas6712's rating: 1127 &rarr; <strong>1153<\/strong><br \/>(+26 for winning)\n","uploadtime":1700396376,"views":15,"p1id":"lowbrim","p2id":"patatas6712","formatid":"gen9nationaldexdoubles","rating":1112,"private":0,"password":""}