{"id":"gen9nationaldexdoubles-1968111872","p1":"the maraculous","p2":"Sinnoh Athens 420","format":"[Gen 9] National Dex Doubles","log":"|j|\u2606the maraculous\n|j|\u2606Sinnoh Athens 420\n|t:|1697385510\n|gametype|doubles\n|player|p1|the maraculous|dragontamer|1391\n|player|p2|Sinnoh Athens 420|266|1285\n|teamsize|p1|6\n|teamsize|p2|6\n|gen|9\n|tier|[Gen 9] National Dex Doubles\n|rated|\n|rule|HP Percentage Mod: HP is shown in percentages\n|rule|Endless Battle Clause: Forcing endless battles is banned\n|rule|OHKO Clause: OHKO moves are banned\n|rule|Evasion Moves Clause: Evasion moves are banned\n|rule|Evasion Abilities Clause: Evasion abilities are banned\n|rule|Species Clause: Limit one of each Pok\u00e9mon\n|rule|Gravity Sleep Clause: The combination of sleep-inducing moves with imperfect accuracy and Gravity or Gigantamax Orbeetle are banned\n|clearpoke\n|poke|p1|Xurkitree|\n|poke|p1|Iron Valiant|\n|poke|p1|Chandelure, M|\n|poke|p1|Landorus-Therian, M|\n|poke|p1|Kartana|\n|poke|p1|Farigiraf, M|\n|poke|p2|Muk-Alola, M|\n|poke|p2|Toxapex, M|\n|poke|p2|Venusaur, M|\n|poke|p2|Salazzle, F|\n|poke|p2|Drapion, M|\n|poke|p2|Nihilego|\n|teampreview\n|inactive|Battle timer is ON: inactive players will automatically lose when time's up. (requested by Sinnoh Athens 420)\n|\n|t:|1697385528\n|start\n|switch|p1a: Xurkitree|Xurkitree|100\/100\n|switch|p1b: Iron Valiant|Iron Valiant|100\/100\n|switch|p2a: Muk|Muk-Alola, M, shiny|100\/100\n|switch|p2b: Salazzle|Salazzle, F, shiny|100\/100\n|turn|1\n|\n|t:|1697385545\n|move|p2b: Salazzle|Poison Gas|p1b: Iron Valiant|[spread] p1a,p1b\n|-status|p1a: Xurkitree|psn\n|-status|p1b: Iron Valiant|psn\n|move|p1b: Iron Valiant|Close Combat|p2a: Muk\n|-damage|p2a: Muk|44\/100\n|-unboost|p1b: Iron Valiant|def|1\n|-unboost|p1b: Iron Valiant|spd|1\n|-damage|p1b: Iron Valiant|91\/100 psn|[from] item: Life Orb\n|-zpower|p1a: Xurkitree\n|move|p1a: Xurkitree|Z-Electric Terrain|p1a: Xurkitree|[anim]Electric Terrain\n|-boost|p1a: Xurkitree|spe|1|[zeffect]\n|-fieldstart|move: Electric Terrain\n|-activate|p1b: Iron Valiant|ability: Quark Drive\n|-start|p1b: Iron Valiant|quarkdrivespe\n|move|p2a: Muk|Stockpile|p2a: Muk\n|-start|p2a: Muk|stockpile1\n|-boost|p2a: Muk|def|1\n|-boost|p2a: Muk|spd|1\n|\n|-damage|p1b: Iron Valiant|78\/100 psn|[from] psn\n|-damage|p1a: Xurkitree|88\/100 psn|[from] psn\n|upkeep\n|turn|2\n|\n|t:|1697385570\n|move|p2a: Muk|Protect|p2a: Muk\n|-singleturn|p2a: Muk|Protect\n|move|p1b: Iron Valiant|Destiny Bond|p1b: Iron Valiant\n|-singlemove|p1b: Iron Valiant|Destiny Bond\n|move|p1a: Xurkitree|Rising Voltage|p2a: Muk\n|-activate|p2a: Muk|move: Protect\n|move|p2b: Salazzle|Venom Drench|p1b: Iron Valiant|[spread] p1a,p1b\n|-unboost|p1a: Xurkitree|atk|1\n|-unboost|p1a: Xurkitree|spa|1\n|-unboost|p1a: Xurkitree|spe|1\n|-unboost|p1b: Iron Valiant|atk|1\n|-unboost|p1b: Iron Valiant|spa|1\n|-unboost|p1b: Iron Valiant|spe|1\n|\n|-damage|p1b: Iron Valiant|66\/100 psn|[from] psn\n|-damage|p1a: Xurkitree|76\/100 psn|[from] psn\n|upkeep\n|turn|3\n|\n|t:|1697385589\n|move|p1b: Iron Valiant|Wide Guard|p1b: Iron Valiant\n|-singleturn|p1b: Iron Valiant|Wide Guard\n|move|p2b: Salazzle|Venom Drench|p1b: Iron Valiant|[spread] \n|-activate|p1a: Xurkitree|move: Wide Guard\n|-activate|p1b: Iron Valiant|move: Wide Guard\n|move|p1a: Xurkitree|Rising Voltage|p2b: Salazzle\n|-hint|Rising Voltage's BP doubled on grounded target.\n|-enditem|p2b: Salazzle|Focus Sash\n|-damage|p2b: Salazzle|1\/100\n|-zpower|p2a: Muk\n|move|p2a: Muk|Z-Stockpile|p2a: Muk|[anim]Stockpile\n|-heal|p2a: Muk|100\/100|[zeffect]\n|-start|p2a: Muk|stockpile2\n|-boost|p2a: Muk|def|1\n|-boost|p2a: Muk|spd|1\n|\n|-damage|p1b: Iron Valiant|53\/100 psn|[from] psn\n|-damage|p1a: Xurkitree|63\/100 psn|[from] psn\n|upkeep\n|turn|4\n|\n|t:|1697385614\n|-end|p1b: Iron Valiant|Quark Drive|[silent]\n|switch|p1b: Landorus|Landorus-Therian, M|100\/100\n|-ability|p1b: Landorus|Intimidate|boost\n|-unboost|p2a: Muk|atk|1\n|-unboost|p2b: Salazzle|atk|1\n|move|p2a: Muk|Protect|p2a: Muk\n|-singleturn|p2a: Muk|Protect\n|move|p2b: Salazzle|Venom Drench|p1b: Landorus|[spread] p1a,p1b\n|-unboost|p1a: Xurkitree|atk|1\n|-unboost|p1a: Xurkitree|spa|1\n|-unboost|p1a: Xurkitree|spe|1\n|move|p1a: Xurkitree|Dazzling Gleam|p2b: Salazzle|[spread] p2b\n|-activate|p2a: Muk|move: Protect\n|-resisted|p2b: Salazzle\n|-damage|p2b: Salazzle|0 fnt\n|faint|p2b: Salazzle\n|-ability|p2a: Muk|Corrosion|[from] ability: Power of Alchemy|[of] p2b: Salazzle\n|-ability|p1a: Xurkitree|Beast Boost|boost\n|-boost|p1a: Xurkitree|spa|1\n|\n|-damage|p1a: Xurkitree|51\/100 psn|[from] psn\n|upkeep\n|inactive|Sinnoh Athens 420 has 120 seconds left.\n|\n|t:|1697385643\n|switch|p2b: Venusaur|Venusaur, M|100\/100\n|turn|5\n|inactive|Sinnoh Athens 420 has 120 seconds left.\n|\n|t:|1697385658\n|detailschange|p2b: Venusaur|Venusaur-Mega, M\n|-mega|p2b: Venusaur|Venusaur|Venusaurite\n|move|p1b: Landorus|Stomping Tantrum|p2a: Muk\n|-supereffective|p2a: Muk\n|-damage|p2a: Muk|67\/100\n|move|p2b: Venusaur|Giga Drain|p1b: Landorus\n|-crit|p1b: Landorus\n|-damage|p1b: Landorus|57\/100\n|move|p1a: Xurkitree|Rising Voltage|p2a: Muk\n|-hint|Rising Voltage's BP doubled on grounded target.\n|-damage|p2a: Muk|34\/100\n|move|p2a: Muk|Poison Gas|p1a: Xurkitree|[spread] \n|-miss|p2a: Muk|p1b: Landorus\n|-fail|p1a: Xurkitree|psn\n|\n|-damage|p1a: Xurkitree|39\/100 psn|[from] psn\n|-fieldend|move: Electric Terrain\n|upkeep\n|turn|6\n|inactive|Sinnoh Athens 420 has 120 seconds left.\n|\n|t:|1697385680\n|switch|p1a: Kartana|Kartana|100\/100\n|move|p2a: Muk|Protect|p2a: Muk\n|-singleturn|p2a: Muk|Protect\n|move|p1b: Landorus|U-turn|p2b: Venusaur\n|-damage|p2b: Venusaur|76\/100\n|\n|t:|1697385689\n|switch|p1b: Chandelure|Chandelure, M|100\/100|[from] U-turn\n|-item|p1b: Chandelure|Air Balloon\n|move|p2b: Venusaur|Giga Drain|p1b: Chandelure\n|-resisted|p1b: Chandelure\n|-damage|p1b: Chandelure|76\/100\n|-heal|p2b: Venusaur|87\/100|[from] drain|[of] p1b: Chandelure\n|-enditem|p1b: Chandelure|Air Balloon\n|\n|upkeep\n|turn|7\n|\n|t:|1697385708\n|switch|p2b: Toxapex|Toxapex, M|100\/100\n|move|p1a: Kartana|Sacred Sword|p2a: Muk\n|-damage|p2a: Muk|8\/100\n|move|p1b: Chandelure|Shadow Ball|p2b: Toxapex\n|-damage|p2b: Toxapex|61\/100\n|move|p2a: Muk|Poison Gas|p1a: Kartana|[spread] p1a,p1b\n|-status|p1a: Kartana|psn\n|-status|p1b: Chandelure|psn\n|\n|-heal|p2b: Toxapex|67\/100|[from] item: Black Sludge\n|-damage|p1a: Kartana|88\/100 psn|[from] psn\n|-damage|p1b: Chandelure|64\/100 psn|[from] psn\n|upkeep\n|turn|8\n|\n|t:|1697385726\n|move|p2b: Toxapex|Baneful Bunker|p2b: Toxapex\n|-singleturn|p2b: Toxapex|move: Protect\n|move|p1a: Kartana|Leaf Blade|p2b: Toxapex\n|-activate|p2b: Toxapex|move: Protect\n|move|p1b: Chandelure|Shadow Ball|p2b: Toxapex\n|-activate|p2b: Toxapex|move: Protect\n|move|p2a: Muk|Venom Drench|p1b: Chandelure|[spread] p1a,p1b\n|-unboost|p1a: Kartana|atk|1\n|-unboost|p1a: Kartana|spa|1\n|-unboost|p1a: Kartana|spe|1\n|-unboost|p1b: Chandelure|atk|1\n|-unboost|p1b: Chandelure|spa|1\n|-unboost|p1b: Chandelure|spe|1\n|\n|-heal|p2b: Toxapex|74\/100|[from] item: Black Sludge\n|-damage|p1a: Kartana|76\/100 psn|[from] psn\n|-damage|p1b: Chandelure|52\/100 psn|[from] psn\n|upkeep\n|turn|9\n|\n|t:|1697385756\n|switch|p1a: Farigiraf|Farigiraf, M|100\/100\n|move|p1b: Chandelure|Shadow Ball|p2b: Toxapex\n|-damage|p2b: Toxapex|44\/100\n|move|p2a: Muk|Venom Drench|p1b: Chandelure|[spread] p1a,p1b\n|-unboost|p1b: Chandelure|atk|1\n|-unboost|p1b: Chandelure|spa|1\n|-unboost|p1b: Chandelure|spe|1\n|move|p2b: Toxapex|Muddy Water|p1b: Chandelure|[spread] p1a,p1b\n|-supereffective|p1b: Chandelure\n|-crit|p1b: Chandelure\n|-damage|p1a: Farigiraf|78\/100\n|-damage|p1b: Chandelure|0 fnt\n|faint|p1b: Chandelure\n|\n|-heal|p1a: Farigiraf|84\/100|[from] item: Leftovers\n|-heal|p2b: Toxapex|50\/100|[from] item: Black Sludge\n|upkeep\n|inactive|the maraculous has 120 seconds left.\n|\n|t:|1697385769\n|switch|p1b: Xurkitree|Xurkitree|39\/100 psn\n|turn|10\n|\n|t:|1697385778\n|move|p2b: Toxapex|Baneful Bunker|p2b: Toxapex\n|-singleturn|p2b: Toxapex|move: Protect\n|move|p1b: Xurkitree|Electric Terrain|p1b: Xurkitree\n|-fieldstart|move: Electric Terrain\n|move|p1a: Farigiraf|Hyper Voice|p2b: Toxapex|[spread] p2a\n|-activate|p2b: Toxapex|move: Protect\n|-damage|p2a: Muk|0 fnt\n|faint|p2a: Muk\n|\n|-heal|p1a: Farigiraf|90\/100|[from] item: Leftovers\n|-heal|p2b: Toxapex|56\/100|[from] item: Black Sludge\n|-damage|p1b: Xurkitree|26\/100 psn|[from] psn\n|upkeep\n|\n|t:|1697385794\n|switch|p2a: Nihilego|Nihilego, shiny|100\/100\n|turn|11\n|\n|t:|1697385803\n|move|p2a: Nihilego|Meteor Beam||[still]\n|-prepare|p2a: Nihilego|Meteor Beam\n|-boost|p2a: Nihilego|spa|1\n|-enditem|p2a: Nihilego|Power Herb\n|-anim|p2a: Nihilego|Meteor Beam|p1b: Xurkitree|[miss]\n|-miss|p2a: Nihilego|p1b: Xurkitree\n|move|p1b: Xurkitree|Rising Voltage|p2a: Nihilego\n|-hint|Rising Voltage's BP doubled on grounded target.\n|-damage|p2a: Nihilego|19\/100\n|move|p1a: Farigiraf|Twin Beam|p2b: Toxapex\n|-supereffective|p2b: Toxapex\n|-damage|p2b: Toxapex|21\/100\n|-supereffective|p2b: Toxapex\n|-damage|p2b: Toxapex|0 fnt\n|faint|p2b: Toxapex\n|-hitcount|p2: Toxapex|2\n|\n|-heal|p1a: Farigiraf|96\/100|[from] item: Leftovers\n|-damage|p1b: Xurkitree|14\/100 psn|[from] psn\n|upkeep\n|\n|t:|1697385825\n|switch|p2b: Venusaur|Venusaur-Mega, M|87\/100\n|turn|12\n|\n|t:|1697385835\n|-terastallize|p1a: Farigiraf|Normal\n|move|p2b: Venusaur|Protect|p2b: Venusaur\n|-singleturn|p2b: Venusaur|Protect\n|move|p2a: Nihilego|Sludge Wave|p1a: Farigiraf|[spread] p1a,p1b\n|-activate|p2b: Venusaur|move: Protect\n|-damage|p1a: Farigiraf|41\/100\n|-damage|p1b: Xurkitree|0 fnt\n|faint|p1b: Xurkitree\n|-ability|p2a: Nihilego|Beast Boost|boost\n|-boost|p2a: Nihilego|spe|1\n|move|p1a: Farigiraf|Hyper Voice|p2b: Venusaur|[spread] p2a\n|-activate|p2b: Venusaur|move: Protect\n|-resisted|p2a: Nihilego\n|-damage|p2a: Nihilego|2\/100\n|\n|-heal|p1a: Farigiraf|47\/100|[from] item: Leftovers\n|upkeep\n|\n|t:|1697385845\n|switch|p1b: Iron Valiant|Iron Valiant|53\/100 psn\n|-activate|p1b: Iron Valiant|ability: Quark Drive\n|-start|p1b: Iron Valiant|quarkdrivespe\n|turn|13\n|\n|t:|1697385864\n|move|p1b: Iron Valiant|Wide Guard|p1b: Iron Valiant\n|-singleturn|p1b: Iron Valiant|Wide Guard\n|move|p2a: Nihilego|Thunderbolt|p1a: Farigiraf\n|-damage|p1a: Farigiraf|0 fnt\n|faint|p1a: Farigiraf\n|-ability|p2a: Nihilego|Beast Boost|boost\n|-boost|p2a: Nihilego|spe|1\n|move|p2b: Venusaur|Leech Seed|p1b: Iron Valiant\n|-start|p1b: Iron Valiant|move: Leech Seed\n|\n|-damage|p1b: Iron Valiant|41\/100 psn|[from] Leech Seed|[of] p2b: Venusaur\n|-heal|p2b: Venusaur|97\/100|[silent]\n|-damage|p1b: Iron Valiant|29\/100 psn|[from] psn\n|upkeep\n|-message|the maraculous forfeited.\n|\n|win|Sinnoh Athens 420\n|raw|the maraculous's rating: 1391 &rarr; <strong>1365<\/strong><br \/>(-26 for losing)\n|raw|Sinnoh Athens 420's rating: 1285 &rarr; <strong>1317<\/strong><br \/>(+32 for winning)\n","uploadtime":1697385879,"views":6,"p1id":"themaraculous","p2id":"sinnohathens420","formatid":"gen9nationaldexdoubles","rating":1317,"private":0,"password":""}