{"id":"gen9nationaldexdoubles-1968365761","p1":"Brick_Enjoyer_144","p2":"Diquizerazz","format":"[Gen 9] National Dex Doubles","log":"|j|\u2606Brick_Enjoyer_144\n|j|\u2606Diquizerazz\n|t:|1697410602\n|gametype|doubles\n|player|p1|Brick_Enjoyer_144|shauntal|1137\n|player|p2|Diquizerazz|wattson|1000\n|teamsize|p1|6\n|teamsize|p2|6\n|gen|9\n|tier|[Gen 9] National Dex Doubles\n|rated|\n|rule|HP Percentage Mod: HP is shown in percentages\n|rule|Endless Battle Clause: Forcing endless battles is banned\n|rule|OHKO Clause: OHKO moves are banned\n|rule|Evasion Moves Clause: Evasion moves are banned\n|rule|Evasion Abilities Clause: Evasion abilities are banned\n|rule|Species Clause: Limit one of each Pok\u00e9mon\n|rule|Gravity Sleep Clause: The combination of sleep-inducing moves with imperfect accuracy and Gravity or Gigantamax Orbeetle are banned\n|clearpoke\n|poke|p1|Banette, M|\n|poke|p1|Iron Valiant|\n|poke|p1|Dragonite, F|\n|poke|p1|Palafin, M|\n|poke|p1|Electrode-Hisui|\n|poke|p1|Meowscarada, F|\n|poke|p2|Mimikyu, M|\n|poke|p2|Gastly, M|\n|poke|p2|Gothitelle, M|\n|poke|p2|Furret, F|\n|poke|p2|Cloyster, M|\n|poke|p2|Dragapult, M|\n|teampreview\n|inactive|Battle timer is ON: inactive players will automatically lose when time's up. (requested by Brick_Enjoyer_144)\n|inactive|Diquizerazz has 120 seconds left.\n|inactive|Diquizerazz has 90 seconds left.\n|inactive|Diquizerazz has 60 seconds left.\n|inactive|Diquizerazz has 30 seconds left.\n|inactive|Diquizerazz has 20 seconds left.\n|\n|t:|1697410734\n|start\n|switch|p1a: Electrode|Electrode-Hisui|100\/100\n|switch|p1b: Palafin|Palafin, M|100\/100\n|switch|p2a: Gastly|Gastly, M|100\/100\n|switch|p2b: Mimikyu|Mimikyu, M|100\/100\n|turn|1\n|inactive|Diquizerazz has 90 seconds left.\n|\n|t:|1697410765\n|detailschange|p1b: Palafin|Palafin-Hero, M\n|switch|p1b: Meowscarada|Meowscarada, F|100\/100\n|move|p1a: Electrode|Volt Switch|p2b: Mimikyu\n|-activate|p2b: Mimikyu|ability: Disguise\n|-damage|p2b: Mimikyu|100\/100\n|detailschange|p2b: Mimikyu|Mimikyu-Busted, M\n|-damage|p2b: Mimikyu|88\/100|[from] pokemon: Mimikyu-Busted\n|inactive|Brick_Enjoyer_144 has 120 seconds left.\n|\n|t:|1697410776\n|switch|p1a: Palafin|Palafin-Hero, M|100\/100|[from] Volt Switch\n|-activate|p1a: Palafin|ability: Zero to Hero\n|move|p2b: Mimikyu|Mimic||[still]\n|-fail|p2b: Mimikyu\n|move|p2a: Gastly|Explosion|p1a: Palafin|[spread] p1a,p1b\n|-immune|p2b: Mimikyu\n|-damage|p1a: Palafin|70\/100\n|-damage|p1b: Meowscarada|53\/100\n|faint|p2a: Gastly\n|\n|upkeep\n|\n|t:|1697410797\n|switch|p2a: Dragapult|Dragapult, M|100\/100\n|turn|2\n|inactive|Diquizerazz has 90 seconds left.\n|\n|t:|1697410830\n|move|p1a: Palafin|Jet Punch|p2b: Mimikyu\n|-damage|p2b: Mimikyu|10\/100\n|-damage|p1a: Palafin|60\/100|[from] item: Life Orb\n|move|p2a: Dragapult|Phantom Force||[still]\n|-prepare|p2a: Dragapult|Phantom Force\n|-enditem|p2a: Dragapult|Power Herb\n|-anim|p2a: Dragapult|Phantom Force|p1a: Palafin\n|-damage|p1a: Palafin|8\/100\n|move|p1b: Meowscarada|Knock Off|p2a: Dragapult\n|-start|p1b: Meowscarada|typechange|Dark|[from] ability: Protean\n|-supereffective|p2a: Dragapult\n|-damage|p2a: Dragapult|0 fnt\n|faint|p2a: Dragapult\n|move|p2b: Mimikyu|Mimic|p1a: Palafin\n|-start|p2b: Mimikyu|Mimic|Jet Punch\n|\n|upkeep\n|inactive|Diquizerazz has 60 seconds left.\n|\n|t:|1697410848\n|switch|p2a: Cloyster|Cloyster, M|100\/100\n|turn|3\n|\n|t:|1697410860\n|move|p1a: Palafin|Jet Punch|p2b: Mimikyu\n|-damage|p2b: Mimikyu|0 fnt\n|faint|p2b: Mimikyu\n|-damage|p1a: Palafin|0 fnt|[from] item: Life Orb\n|faint|p1a: Palafin\n|move|p1b: Meowscarada|Knock Off|p2a: Cloyster\n|-damage|p2a: Cloyster|48\/100\n|-enditem|p2a: Cloyster|Focus Sash|[from] move: Knock Off|[of] p1b: Meowscarada\n|move|p2a: Cloyster|Icicle Spear|p1b: Meowscarada\n|-damage|p1b: Meowscarada|36\/100\n|-damage|p1b: Meowscarada|19\/100\n|-damage|p1b: Meowscarada|0 fnt\n|faint|p1b: Meowscarada\n|-hitcount|p1: Meowscarada|3\n|\n|upkeep\n|inactive|Diquizerazz has 90 seconds left.\n|\n|t:|1697410880\n|switch|p1b: Iron Valiant|Iron Valiant|100\/100\n|switch|p1a: Electrode|Electrode-Hisui|100\/100\n|switch|p2b: Furret|Furret, F|100\/100\n|-item|p1a: Electrode|Leftovers|[from] ability: Frisk|[of] p2b: Furret|[identify]\n|-item|p1b: Iron Valiant|Booster Energy|[from] ability: Frisk|[of] p2b: Furret|[identify]\n|-enditem|p1b: Iron Valiant|Booster Energy\n|-activate|p1b: Iron Valiant|ability: Quark Drive|[fromitem]\n|-start|p1b: Iron Valiant|quarkdrivespe\n|turn|4\n|\n|t:|1697410901\n|move|p1b: Iron Valiant|Aura Sphere|p2b: Furret\n|-supereffective|p2b: Furret\n|-damage|p2b: Furret|0 fnt\n|faint|p2b: Furret\n|move|p1a: Electrode|Volt Switch|p2a: Cloyster\n|-supereffective|p2a: Cloyster\n|-damage|p2a: Cloyster|0 fnt\n|faint|p2a: Cloyster\n|\n|t:|1697410913\n|switch|p1a: Banette|Banette, M|100\/100|[from] Volt Switch\n|\n|upkeep\n|\n|t:|1697410917\n|switch|p2b: Gothitelle|Gothitelle, M|100\/100\n|turn|5\n|\n|t:|1697410928\n|detailschange|p1a: Banette|Banette-Mega, M\n|-mega|p1a: Banette|Banette|Banettite\n|move|p1b: Iron Valiant|Shadow Ball|p2b: Gothitelle\n|-supereffective|p2b: Gothitelle\n|-damage|p2b: Gothitelle|56\/100\n|move|p1a: Banette|Poltergeist|p2b: Gothitelle\n|-activate|p2b: Gothitelle|move: Poltergeist|Wiki Berry\n|-supereffective|p2b: Gothitelle\n|-damage|p2b: Gothitelle|0 fnt\n|faint|p2b: Gothitelle\n|\n|win|Brick_Enjoyer_144\n|raw|Brick_Enjoyer_144's rating: 1137 &rarr; <strong>1153<\/strong><br \/>(+16 for winning)\n|raw|Diquizerazz's rating: 1000 &rarr; <strong>1000<\/strong><br \/>(+0 for losing)\n|l|\u2606Diquizerazz\n","uploadtime":1697410958,"views":7,"p1id":"brickenjoyer144","p2id":"diquizerazz","formatid":"gen9nationaldexdoubles","rating":1000,"private":0,"password":""}