{"id":"gen9nationaldexdoubles-1953360645","p1":"Greenheart_YT","p2":"Monkmilt2","format":"[Gen 9] National Dex Doubles","log":"|j|\u2606Greenheart_YT\n|j|\u2606Monkmilt2\n|t:|1695778241\n|gametype|doubles\n|player|p1|Greenheart_YT|iono|1053\n|player|p2|Monkmilt2|li|1216\n|teamsize|p1|6\n|teamsize|p2|6\n|gen|9\n|tier|[Gen 9] National Dex Doubles\n|rated|\n|rule|HP Percentage Mod: HP is shown in percentages\n|rule|Endless Battle Clause: Forcing endless battles is banned\n|rule|OHKO Clause: OHKO moves are banned\n|rule|Evasion Moves Clause: Evasion moves are banned\n|rule|Evasion Abilities Clause: Evasion abilities are banned\n|rule|Species Clause: Limit one of each Pok\u00e9mon\n|rule|Gravity Sleep Clause: The combination of sleep-inducing moves with imperfect accuracy and Gravity or Gigantamax Orbeetle are banned\n|clearpoke\n|poke|p1|Garganacl, M|\n|poke|p1|Hippowdon, F|\n|poke|p1|Cradily, M|\n|poke|p1|Diancie|\n|poke|p1|Ursaluna, F|\n|poke|p1|Landorus, M|\n|poke|p2|Baxcalibur, M|\n|poke|p2|Serperior, F|\n|poke|p2|Arcanine-Hisui, F|\n|poke|p2|Empoleon, M|\n|poke|p2|Rillaboom, M|\n|poke|p2|Kommo-o, F|\n|teampreview\n|\n|t:|1695778273\n|start\n|switch|p1a: Shark Bait|Hippowdon, F|100\/100\n|switch|p1b: Guru|Landorus, M|100\/100\n|switch|p2a: Rillaboom|Rillaboom, M, shiny|100\/100\n|switch|p2b: Kommo-o|Kommo-o, F, shiny|100\/100\n|-fieldstart|move: Grassy Terrain|[from] ability: Grassy Surge|[of] p2a: Rillaboom\n|-weather|Sandstorm|[from] ability: Sand Stream|[of] p1a: Shark Bait\n|turn|1\n|inactive|Battle timer is ON: inactive players will automatically lose when time's up. (requested by Greenheart_YT)\n|inactive|Monkmilt2 has 120 seconds left.\n|\n|t:|1695778382\n|move|p2a: Rillaboom|Fake Out|p1b: Guru\n|-damage|p1b: Guru|83\/100\n|cant|p1b: Guru|flinch\n|move|p2b: Kommo-o|Clangorous Soul|p2b: Kommo-o\n|-boost|p2b: Kommo-o|atk|1\n|-boost|p2b: Kommo-o|def|1\n|-boost|p2b: Kommo-o|spa|1\n|-boost|p2b: Kommo-o|spd|1\n|-boost|p2b: Kommo-o|spe|1\n|-damage|p2b: Kommo-o|68\/100\n|move|p1a: Shark Bait|Yawn|p2a: Rillaboom\n|-start|p2a: Rillaboom|move: Yawn|[of] p1a: Shark Bait\n|\n|-weather|Sandstorm|[upkeep]\n|-damage|p2a: Rillaboom|94\/100|[from] Sandstorm\n|-heal|p2b: Kommo-o|74\/100|[from] Grassy Terrain\n|-heal|p2a: Rillaboom|100\/100|[from] Grassy Terrain\n|upkeep\n|turn|2\n|inactive|Monkmilt2 has 120 seconds left.\n|\n|t:|1695778429\n|move|p2b: Kommo-o|Scale Shot|p1b: Guru\n|-damage|p1b: Guru|62\/100\n|-damage|p1b: Guru|42\/100\n|-damage|p1b: Guru|22\/100\n|-damage|p1b: Guru|0 fnt\n|faint|p1b: Guru\n|-hitcount|p1: Guru|4\n|-unboost|p2b: Kommo-o|def|1\n|-boost|p2b: Kommo-o|spe|1\n|move|p2a: Rillaboom|High Horsepower|p1a: Shark Bait\n|-damage|p1a: Shark Bait|78\/100\n|move|p1a: Shark Bait|Yawn|p2b: Kommo-o\n|-start|p2b: Kommo-o|move: Yawn|[of] p1a: Shark Bait\n|\n|-weather|Sandstorm|[upkeep]\n|-damage|p2a: Rillaboom|94\/100|[from] Sandstorm\n|-heal|p2b: Kommo-o|80\/100|[from] Grassy Terrain\n|-heal|p2a: Rillaboom|100\/100|[from] Grassy Terrain\n|-heal|p1a: Shark Bait|84\/100|[from] Grassy Terrain\n|-end|p2a: Rillaboom|move: Yawn|[silent]\n|-status|p2a: Rillaboom|slp\n|upkeep\n|inactive|Greenheart_YT has 120 seconds left.\n|\n|t:|1695778456\n|switch|p1b: John|Garganacl, M|100\/100\n|turn|3\n|\n|t:|1695778470\n|-terastallize|p1b: John|Ghost\n|move|p2b: Kommo-o|Drain Punch|p1b: John\n|-immune|p1b: John\n|cant|p2a: Rillaboom|slp\n|move|p1a: Shark Bait|Sand Tomb|p2b: Kommo-o|[miss]\n|-miss|p1a: Shark Bait|p2b: Kommo-o\n|move|p1b: John|Salt Cure|p2b: Kommo-o\n|-resisted|p2b: Kommo-o\n|-damage|p2b: Kommo-o|73\/100\n|-start|p2b: Kommo-o|Salt Cure\n|\n|-weather|Sandstorm|[upkeep]\n|-damage|p2a: Rillaboom|94\/100 slp|[from] Sandstorm\n|-damage|p1b: John|94\/100|[from] Sandstorm\n|-heal|p2b: Kommo-o|79\/100|[from] Grassy Terrain\n|-heal|p2a: Rillaboom|100\/100 slp|[from] Grassy Terrain\n|-heal|p1a: Shark Bait|91\/100|[from] Grassy Terrain\n|-heal|p1b: John|100\/100|[from] Grassy Terrain\n|-damage|p2b: Kommo-o|67\/100|[from] Salt Cure\n|-end|p2b: Kommo-o|move: Yawn|[silent]\n|-status|p2b: Kommo-o|slp\n|upkeep\n|turn|4\n|\n|t:|1695778490\n|cant|p2b: Kommo-o|slp\n|cant|p2a: Rillaboom|slp\n|move|p1a: Shark Bait|Sand Tomb|p2b: Kommo-o\n|-damage|p2b: Kommo-o|53\/100 slp\n|-activate|p2b: Kommo-o|move: Sand Tomb|[of] p1a: Shark Bait\n|move|p1b: John|Stealth Rock|p2a: Rillaboom\n|-sidestart|p2: Monkmilt2|move: Stealth Rock\n|\n|-weather|Sandstorm|[upkeep]\n|-damage|p2a: Rillaboom|94\/100 slp|[from] Sandstorm\n|-damage|p1b: John|94\/100|[from] Sandstorm\n|-heal|p2b: Kommo-o|60\/100 slp|[from] Grassy Terrain\n|-heal|p2a: Rillaboom|100\/100 slp|[from] Grassy Terrain\n|-heal|p1a: Shark Bait|97\/100|[from] Grassy Terrain\n|-heal|p1b: John|100\/100|[from] Grassy Terrain\n|-damage|p2b: Kommo-o|43\/100 slp|[from] move: Sand Tomb|[partiallytrapped]\n|-damage|p2b: Kommo-o|31\/100 slp|[from] Salt Cure\n|upkeep\n|turn|5\n|inactive|Greenheart_YT has 120 seconds left.\n|\n|t:|1695778523\n|cant|p2b: Kommo-o|slp\n|-curestatus|p2a: Rillaboom|slp|[msg]\n|move|p2a: Rillaboom|U-turn|p1a: Shark Bait\n|-damage|p1a: Shark Bait|81\/100\n|inactive|Monkmilt2 has 120 seconds left.\n|\n|t:|1695778560\n|switch|p2a: Serperior|Serperior, F, shiny|100\/100|[from] U-turn\n|-damage|p2a: Serperior|88\/100|[from] Stealth Rock\n|move|p1a: Shark Bait|Yawn|p2a: Serperior\n|-start|p2a: Serperior|move: Yawn|[of] p1a: Shark Bait\n|move|p1b: John|Salt Cure|p2a: Serperior\n|-damage|p2a: Serperior|74\/100\n|-start|p2a: Serperior|Salt Cure\n|\n|-weather|none\n|-heal|p2b: Kommo-o|37\/100 slp|[from] Grassy Terrain\n|-heal|p2a: Serperior|80\/100|[from] Grassy Terrain\n|-heal|p1a: Shark Bait|87\/100|[from] Grassy Terrain\n|-damage|p2b: Kommo-o|20\/100 slp|[from] move: Sand Tomb|[partiallytrapped]\n|-damage|p2b: Kommo-o|8\/100 slp|[from] Salt Cure\n|-damage|p2a: Serperior|68\/100|[from] Salt Cure\n|-fieldend|move: Grassy Terrain\n|upkeep\n|turn|6\n|inactive|Monkmilt2 has 120 seconds left.\n|\n|t:|1695778580\n|switch|p1a: Blubby|Cradily, M, shiny|100\/100\n|move|p1b: John|Protect|p1b: John\n|-singleturn|p1b: John|Protect\n|-curestatus|p2b: Kommo-o|slp|[msg]\n|move|p2b: Kommo-o|Scale Shot|p1b: John\n|-activate|p1b: John|move: Protect\n|move|p2a: Serperior|Leaf Storm|p1a: Blubby\n|-damage|p1a: Blubby|67\/100\n|-boost|p2a: Serperior|spa|2\n|\n|-heal|p1a: Blubby|73\/100|[from] item: Leftovers\n|-damage|p2b: Kommo-o|0 fnt|[from] Salt Cure\n|faint|p2b: Kommo-o\n|-damage|p2a: Serperior|56\/100|[from] Salt Cure\n|-end|p2a: Serperior|move: Yawn|[silent]\n|-status|p2a: Serperior|slp\n|upkeep\n|inactive|Monkmilt2 has 120 seconds left.\n|\n|t:|1695778595\n|switch|p2b: Baxcalibur|Baxcalibur, M|100\/100\n|-damage|p2b: Baxcalibur|76\/100|[from] Stealth Rock\n|turn|7\n|inactive|Monkmilt2 has 120 seconds left.\n|\n|t:|1695778612\n|switch|p1a: Shark Bait|Hippowdon, F|87\/100\n|-weather|Sandstorm|[from] ability: Sand Stream|[of] p1a: Shark Bait\n|-terastallize|p2b: Baxcalibur|Fairy\n|cant|p2a: Serperior|slp\n|move|p2b: Baxcalibur|Scale Shot|p1b: John|[miss]\n|-miss|p2b: Baxcalibur|p1b: John\n|move|p1b: John|Salt Cure|p2b: Baxcalibur\n|-damage|p2b: Baxcalibur|61\/100\n|-start|p2b: Baxcalibur|Salt Cure\n|\n|-weather|Sandstorm|[upkeep]\n|-damage|p2a: Serperior|49\/100 slp|[from] Sandstorm\n|-damage|p2b: Baxcalibur|55\/100|[from] Sandstorm\n|-damage|p1b: John|94\/100|[from] Sandstorm\n|-heal|p1b: John|100\/100|[from] item: Leftovers\n|-damage|p2a: Serperior|37\/100 slp|[from] Salt Cure\n|-damage|p2b: Baxcalibur|43\/100|[from] Salt Cure\n|upkeep\n|turn|8\n|c|\u2606Monkmilt2|wow\n|inactive|Monkmilt2 has 120 seconds left.\n|\n|t:|1695778639\n|switch|p1a: Blubby|Cradily, M, shiny|73\/100\n|move|p1b: John|Protect|p1b: John\n|-singleturn|p1b: John|Protect\n|cant|p2a: Serperior|slp\n|move|p2b: Baxcalibur|Icicle Spear|p1a: Blubby\n|-supereffective|p1a: Blubby\n|-damage|p1a: Blubby|45\/100\n|-supereffective|p1a: Blubby\n|-damage|p1a: Blubby|18\/100\n|-supereffective|p1a: Blubby\n|-damage|p1a: Blubby|0 fnt\n|faint|p1a: Blubby\n|-hitcount|p1: Blubby|3\n|\n|-weather|Sandstorm|[upkeep]\n|-damage|p2a: Serperior|31\/100 slp|[from] Sandstorm\n|-damage|p2b: Baxcalibur|36\/100|[from] Sandstorm\n|-damage|p1b: John|94\/100|[from] Sandstorm\n|-heal|p1b: John|100\/100|[from] item: Leftovers\n|-damage|p2a: Serperior|18\/100 slp|[from] Salt Cure\n|-damage|p2b: Baxcalibur|24\/100|[from] Salt Cure\n|upkeep\n|inactive|Greenheart_YT has 120 seconds left.\n|\n|t:|1695778661\n|switch|p1a: Lammy|Diancie, shiny|100\/100\n|turn|9\n|inactive|Greenheart_YT has 120 seconds left.\n|\n|t:|1695778680\n|cant|p2a: Serperior|slp\n|move|p2b: Baxcalibur|Icicle Spear|p1b: John\n|-damage|p1b: John|92\/100\n|-damage|p1b: John|84\/100\n|-damage|p1b: John|75\/100\n|-damage|p1b: John|68\/100\n|-damage|p1b: John|60\/100\n|-hitcount|p1b: John|5\n|move|p1a: Lammy|Dazzling Gleam|p2a: Serperior|[spread] p2a,p2b\n|-damage|p2a: Serperior|0 fnt\n|-damage|p2b: Baxcalibur|0 fnt\n|faint|p2a: Serperior\n|faint|p2b: Baxcalibur\n|move|p1b: John|Recover|p1b: John\n|-heal|p1b: John|100\/100\n|\n|-weather|Sandstorm|[upkeep]\n|-damage|p1b: John|94\/100|[from] Sandstorm\n|-heal|p1b: John|100\/100|[from] item: Leftovers\n|upkeep\n|\n|t:|1695778699\n|switch|p2a: Rillaboom|Rillaboom, M, shiny|100\/100\n|switch|p2b: Arcanine|Arcanine-Hisui, F|100\/100\n|-damage|p2b: Arcanine|76\/100|[from] Stealth Rock\n|-damage|p2a: Rillaboom|88\/100|[from] Stealth Rock\n|-fieldstart|move: Grassy Terrain|[from] ability: Grassy Surge|[of] p2a: Rillaboom\n|turn|10\n|inactive|Greenheart_YT has 120 seconds left.\n|\n|t:|1695778730\n|detailschange|p1a: Lammy|Diancie-Mega, shiny\n|-mega|p1a: Lammy|Diancie|Diancite\n|move|p2a: Rillaboom|Fake Out|p1a: Lammy\n|-resisted|p1a: Lammy\n|-damage|p1a: Lammy|90\/100\n|cant|p1a: Lammy|flinch\n|move|p2b: Arcanine|Head Smash|p1b: John\n|-damage|p1b: John|46\/100\n|move|p1b: John|Salt Cure|p2a: Rillaboom\n|-damage|p2a: Rillaboom|72\/100\n|-start|p2a: Rillaboom|Salt Cure\n|\n|-weather|Sandstorm|[upkeep]\n|-damage|p2a: Rillaboom|66\/100|[from] Sandstorm\n|-damage|p1b: John|39\/100|[from] Sandstorm\n|-heal|p1a: Lammy|96\/100|[from] Grassy Terrain\n|-heal|p2b: Arcanine|82\/100|[from] Grassy Terrain\n|-heal|p2a: Rillaboom|72\/100|[from] Grassy Terrain\n|-heal|p1b: John|46\/100|[from] Grassy Terrain\n|-heal|p1b: John|52\/100|[from] item: Leftovers\n|-damage|p2a: Rillaboom|60\/100|[from] Salt Cure\n|upkeep\n|turn|11\n|\n|t:|1695778751\n|move|p1b: John|Protect|p1b: John\n|-singleturn|p1b: John|Protect\n|move|p1a: Lammy|Dazzling Gleam|p2b: Arcanine|[spread] p2a,p2b\n|-resisted|p2b: Arcanine\n|-damage|p2a: Rillaboom|34\/100\n|-damage|p2b: Arcanine|66\/100\n|move|p2b: Arcanine|Head Smash|p1a: Lammy|[miss]\n|-miss|p2b: Arcanine|p1a: Lammy\n|move|p2a: Rillaboom|U-turn|p1b: John\n|-activate|p1b: John|move: Protect\n|\n|-weather|none\n|-heal|p1a: Lammy|100\/100|[from] Grassy Terrain\n|-heal|p2b: Arcanine|72\/100|[from] Grassy Terrain\n|-heal|p2a: Rillaboom|40\/100|[from] Grassy Terrain\n|-heal|p1b: John|58\/100|[from] Grassy Terrain\n|-heal|p1b: John|64\/100|[from] item: Leftovers\n|-damage|p2a: Rillaboom|28\/100|[from] Salt Cure\n|upkeep\n|turn|12\n|\n|t:|1695778777\n|move|p1a: Lammy|Dazzling Gleam|p2a: Rillaboom|[spread] p2a,p2b\n|-resisted|p2b: Arcanine\n|-damage|p2a: Rillaboom|4\/100\n|-damage|p2b: Arcanine|51\/100\n|move|p2b: Arcanine|Head Smash|p1a: Lammy\n|-damage|p1a: Lammy|0 fnt\n|faint|p1a: Lammy\n|move|p2a: Rillaboom|U-turn|p1b: John\n|-resisted|p1b: John\n|-damage|p1b: John|58\/100\n|\n|t:|1695778788\n|switch|p2a: Empoleon|Empoleon, M, shiny|100\/100|[from] U-turn\n|-damage|p2a: Empoleon|94\/100|[from] Stealth Rock\n|move|p1b: John|Recover|p1b: John\n|-heal|p1b: John|100\/100\n|\n|-heal|p2b: Arcanine|57\/100|[from] Grassy Terrain\n|-heal|p2a: Empoleon|100\/100|[from] Grassy Terrain\n|upkeep\n|\n|t:|1695778792\n|switch|p1a: Shark Bait|Hippowdon, F|87\/100\n|-weather|Sandstorm|[from] ability: Sand Stream|[of] p1a: Shark Bait\n|turn|13\n|\n|t:|1695778805\n|move|p2b: Arcanine|Head Smash|p1b: John\n|-damage|p1b: John|42\/100\n|move|p2a: Empoleon|Hydro Pump|p1a: Shark Bait\n|-supereffective|p1a: Shark Bait\n|-damage|p1a: Shark Bait|0 fnt\n|faint|p1a: Shark Bait\n|move|p1b: John|Salt Cure|p2a: Empoleon\n|-resisted|p2a: Empoleon\n|-damage|p2a: Empoleon|95\/100\n|-start|p2a: Empoleon|Salt Cure\n|\n|-weather|Sandstorm|[upkeep]\n|-damage|p1b: John|36\/100|[from] Sandstorm\n|-heal|p2b: Arcanine|63\/100|[from] Grassy Terrain\n|-heal|p2a: Empoleon|100\/100|[from] Grassy Terrain\n|-heal|p1b: John|42\/100|[from] Grassy Terrain\n|-heal|p1b: John|49\/100|[from] item: Leftovers\n|-damage|p2a: Empoleon|76\/100|[from] Salt Cure\n|upkeep\n|\n|t:|1695778825\n|switch|p1a: Grizzle|Ursaluna, F|100\/100\n|turn|14\n|inactive|Greenheart_YT has 120 seconds left.\n|\n|t:|1695778855\n|move|p1b: John|Protect|p1b: John\n|-singleturn|p1b: John|Protect\n|move|p2b: Arcanine|Head Smash|p1a: Grizzle|[miss]\n|-miss|p2b: Arcanine|p1a: Grizzle\n|move|p2a: Empoleon|Hydro Pump|p1a: Grizzle|[miss]\n|-miss|p2a: Empoleon|p1a: Grizzle\n|move|p1a: Grizzle|Headlong Rush|p2b: Arcanine\n|-supereffective|p2b: Arcanine\n|-damage|p2b: Arcanine|0 fnt\n|-unboost|p1a: Grizzle|def|1\n|-unboost|p1a: Grizzle|spd|1\n|faint|p2b: Arcanine\n|\n|-weather|Sandstorm|[upkeep]\n|-damage|p1b: John|42\/100|[from] Sandstorm\n|-heal|p2a: Empoleon|82\/100|[from] Grassy Terrain\n|-heal|p1b: John|49\/100|[from] Grassy Terrain\n|-heal|p1b: John|55\/100|[from] item: Leftovers\n|-damage|p2a: Empoleon|57\/100|[from] Salt Cure\n|-fieldend|move: Grassy Terrain\n|-status|p1a: Grizzle|brn|[from] item: Flame Orb\n|upkeep\n|\n|t:|1695778866\n|switch|p2b: Rillaboom|Rillaboom, M, shiny|4\/100\n|-damage|p2b: Rillaboom|0 fnt|[from] Stealth Rock\n|faint|p2b: Rillaboom\n|turn|15\n|c|\u2606Monkmilt2|smfh\n|\n|t:|1695778885\n|move|p2a: Empoleon|Hydro Pump|p1a: Grizzle\n|-supereffective|p1a: Grizzle\n|-damage|p1a: Grizzle|0 fnt\n|faint|p1a: Grizzle\n|move|p1b: John|Recover|p1b: John\n|-heal|p1b: John|100\/100\n|\n|-weather|Sandstorm|[upkeep]\n|-damage|p1b: John|94\/100|[from] Sandstorm\n|-heal|p1b: John|100\/100|[from] item: Leftovers\n|-damage|p2a: Empoleon|32\/100|[from] Salt Cure\n|upkeep\n|turn|16\n|\n|t:|1695778894\n|move|p1b: John|Protect|p1b: John\n|-singleturn|p1b: John|Protect\n|move|p2a: Empoleon|Hydro Pump|p1b: John\n|-activate|p1b: John|move: Protect\n|\n|-weather|Sandstorm|[upkeep]\n|-damage|p1b: John|94\/100|[from] Sandstorm\n|-heal|p1b: John|100\/100|[from] item: Leftovers\n|-damage|p2a: Empoleon|7\/100|[from] Salt Cure\n|upkeep\n|turn|17\n|c|\u2606Greenheart_YT|Perfect\n|\n|t:|1695778904\n|move|p2a: Empoleon|Roost|p2a: Empoleon\n|-heal|p2a: Empoleon|57\/100\n|-singleturn|p2a: Empoleon|move: Roost\n|move|p1b: John|Recover||[still]\n|-fail|p1b: John|heal\n|\n|-weather|none\n|-damage|p2a: Empoleon|32\/100|[from] Salt Cure\n|upkeep\n|turn|18\n|c|\u2606Greenheart_YT|Gg\n|c|\u2606Monkmilt2|gg\n|c|\u2606Monkmilt2|f garg\n|\n|t:|1695778923\n|move|p2a: Empoleon|Hydro Pump|p1b: John\n|-damage|p1b: John|46\/100\n|move|p1b: John|Salt Cure|p2a: Empoleon\n|-resisted|p2a: Empoleon\n|-damage|p2a: Empoleon|26\/100\n|\n|-heal|p1b: John|52\/100|[from] item: Leftovers\n|-damage|p2a: Empoleon|1\/100|[from] Salt Cure\n|upkeep\n|turn|19\n|\n|t:|1695778932\n|move|p2a: Empoleon|Hydro Pump|p1b: John\n|-damage|p1b: John|2\/100\n|move|p1b: John|Recover|p1b: John\n|-heal|p1b: John|52\/100\n|\n|-heal|p1b: John|58\/100|[from] item: Leftovers\n|-damage|p2a: Empoleon|0 fnt|[from] Salt Cure\n|faint|p2a: Empoleon\n|\n|win|Greenheart_YT\n|upkeep\n|raw|Greenheart_YT's rating: 1053 &rarr; <strong>1099<\/strong><br \/>(+46 for winning)\n|raw|Monkmilt2's rating: 1216 &rarr; <strong>1180<\/strong><br \/>(-36 for losing)\n|c|\u2606Monkmilt2|lolol\n|l|\u2606Monkmilt2\n|c|\u2606Greenheart_YT|Garg is da boi\n","uploadtime":1695778959,"views":14,"p1id":"greenheartyt","p2id":"monkmilt2","formatid":"gen9nationaldexdoubles","rating":1099,"private":0,"password":""}