{"id":"gen9nationaldexdoubles-2000374146","p1":"LeChaelum","p2":"fumbari 24","format":"[Gen 9] National Dex Doubles","log":"|j|\u2606LeChaelum\n|j|\u2606fumbari 24\n|t:|1701189424\n|gametype|doubles\n|player|p1|LeChaelum|schoolkid-gen4|1367\n|player|p2|fumbari 24|hilbert|1335\n|teamsize|p1|6\n|teamsize|p2|6\n|gen|9\n|tier|[Gen 9] National Dex Doubles\n|rated|\n|rule|HP Percentage Mod: HP is shown in percentages\n|rule|Endless Battle Clause: Forcing endless battles is banned\n|rule|OHKO Clause: OHKO moves are banned\n|rule|Evasion Moves Clause: Evasion moves are banned\n|rule|Evasion Abilities Clause: Evasion abilities are banned\n|rule|Species Clause: Limit one of each Pok\u00e9mon\n|rule|Gravity Sleep Clause: The combination of sleep-inducing moves with imperfect accuracy and Gravity or Gigantamax Orbeetle are banned\n|clearpoke\n|poke|p1|Charizard, M|\n|poke|p1|Roaring Moon|\n|poke|p1|Incineroar, M|\n|poke|p1|Vivillon-River, M|\n|poke|p1|Oricorio-Sensu, M|\n|poke|p1|Zamazenta-*|\n|poke|p2|Beartic, F|\n|poke|p2|Ninetales-Alola, F|\n|poke|p2|Articuno-Galar|\n|poke|p2|Wyrdeer, M|\n|poke|p2|Mamoswine, F|\n|poke|p2|Latios, M|\n|teampreview\n|\n|t:|1701189447\n|start\n|switch|p1a: Oricorio|Oricorio-Sensu, M|100\/100\n|switch|p1b: Zamazenta|Zamazenta|100\/100\n|switch|p2a: Wyrdeer|Wyrdeer, M|100\/100\n|switch|p2b: Articuno|Articuno-Galar|100\/100\n|-ability|p1b: Zamazenta|Dauntless Shield|boost\n|-boost|p1b: Zamazenta|def|1\n|-ability|p2a: Wyrdeer|Intimidate|boost\n|-unboost|p1a: Oricorio|atk|1\n|-unboost|p1b: Zamazenta|atk|1\n|turn|1\n|\n|t:|1701189486\n|move|p1b: Zamazenta|Coaching|p1a: Oricorio\n|-boost|p1a: Oricorio|atk|1\n|-boost|p1a: Oricorio|def|1\n|move|p1a: Oricorio|Quiver Dance|p1a: Oricorio\n|-boost|p1a: Oricorio|spa|1\n|-boost|p1a: Oricorio|spd|1\n|-boost|p1a: Oricorio|spe|1\n|move|p2a: Wyrdeer|Skill Swap|p1a: Oricorio\n|-activate|p2a: Wyrdeer|move: Skill Swap|Dancer|Intimidate|[of] p1a: Oricorio\n|-ability|p1a: Oricorio|Intimidate|boost\n|-unboost|p2a: Wyrdeer|atk|1\n|-unboost|p2b: Articuno|atk|1\n|-ability|p2b: Articuno|Competitive|boost\n|-boost|p2b: Articuno|spa|2\n|move|p2b: Articuno|Trick Room|p2b: Articuno\n|-fieldstart|move: Trick Room|[of] p2b: Articuno\n|\n|upkeep\n|turn|2\n|\n|t:|1701189510\n|move|p1b: Zamazenta|Wide Guard|p1b: Zamazenta\n|-singleturn|p1b: Zamazenta|Wide Guard\n|move|p2a: Wyrdeer|Skill Swap|p2b: Articuno\n|-activate|p2a: Wyrdeer|move: Skill Swap|||[of] p2b: Articuno\n|move|p2b: Articuno|Shadow Ball|p1a: Oricorio\n|-supereffective|p1a: Oricorio\n|-enditem|p1a: Oricorio|Focus Sash\n|-damage|p1a: Oricorio|1\/100\n|move|p1a: Oricorio|Baton Pass|p1a: Oricorio\n|inactive|Battle timer is ON: inactive players will automatically lose when time's up. (requested by fumbari 24)\n|\n|t:|1701189552\n|switch|p1a: Incineroar|Incineroar, M|100\/100|[from] Baton Pass\n|-ability|p1a: Incineroar|Intimidate|boost\n|-unboost|p2a: Wyrdeer|atk|1\n|-ability|p2a: Wyrdeer|Competitive|boost\n|-boost|p2a: Wyrdeer|spa|2\n|-unboost|p2b: Articuno|atk|1\n|\n|upkeep\n|turn|3\n|\n|t:|1701189573\n|-terastallize|p2a: Wyrdeer|Fairy\n|move|p2b: Articuno|Protect|p2b: Articuno\n|-singleturn|p2b: Articuno|Protect\n|move|p2a: Wyrdeer|Tera Blast|p1b: Zamazenta|[anim] Tera Blast Fairy\n|-supereffective|p1b: Zamazenta\n|-damage|p1b: Zamazenta|0 fnt\n|faint|p1b: Zamazenta\n|move|p1a: Incineroar|Power Trip|p2b: Articuno\n|-activate|p2b: Articuno|move: Protect\n|\n|upkeep\n|\n|t:|1701189584\n|switch|p1b: Vivillon|Vivillon-River, M|100\/100\n|turn|4\n|\n|t:|1701189596\n|move|p1b: Vivillon|Rage Powder|p1b: Vivillon\n|-singleturn|p1b: Vivillon|move: Rage Powder\n|move|p2a: Wyrdeer|Skill Swap|p1b: Vivillon\n|-activate|p2a: Wyrdeer|move: Skill Swap|Friend Guard|Competitive|[of] p1b: Vivillon\n|move|p2b: Articuno|Freezing Glare|p1b: Vivillon\n|-enditem|p1b: Vivillon|Focus Sash\n|-damage|p1b: Vivillon|1\/100\n|move|p1a: Incineroar|Power Trip|p2b: Articuno\n|-supereffective|p2b: Articuno\n|-damage|p2b: Articuno|35\/100\n|-enditem|p2b: Articuno|Sitrus Berry|[eat]\n|-heal|p2b: Articuno|60\/100|[from] item: Sitrus Berry\n|\n|upkeep\n|turn|5\n|\n|t:|1701189617\n|move|p2b: Articuno|Protect|p2b: Articuno\n|-singleturn|p2b: Articuno|Protect\n|move|p1b: Vivillon|Rage Powder|p1b: Vivillon\n|-singleturn|p1b: Vivillon|move: Rage Powder\n|move|p2a: Wyrdeer|Tera Blast|p1b: Vivillon|[anim] Tera Blast Fairy\n|-damage|p1b: Vivillon|0 fnt\n|faint|p1b: Vivillon\n|move|p1a: Incineroar|Power Trip|p2b: Articuno\n|-activate|p2b: Articuno|move: Protect\n|\n|-fieldend|move: Trick Room\n|upkeep\n|\n|t:|1701189625\n|switch|p1b: Roaring Moon|Roaring Moon|100\/100\n|turn|6\n|\n|t:|1701189638\n|-end|p1b: Roaring Moon|Protosynthesis|[silent]\n|switch|p1b: Oricorio|Oricorio-Sensu, M|1\/100\n|move|p1a: Incineroar|Power Trip|p2b: Articuno\n|-supereffective|p2b: Articuno\n|-damage|p2b: Articuno|1\/100\n|move|p2a: Wyrdeer|Tera Blast|p1b: Oricorio|[anim] Tera Blast Fairy\n|-damage|p1b: Oricorio|0 fnt\n|faint|p1b: Oricorio\n|move|p2b: Articuno|Trick Room|p2b: Articuno\n|-fieldstart|move: Trick Room|[of] p2b: Articuno\n|\n|upkeep\n|\n|t:|1701189653\n|switch|p1b: Charizard|Charizard, M|100\/100\n|turn|7\n|\n|t:|1701189663\n|move|p1b: Charizard|Protect|p1b: Charizard\n|-singleturn|p1b: Charizard|Protect\n|move|p2a: Wyrdeer|Tera Blast|p1a: Incineroar|[anim] Tera Blast Fairy\n|-damage|p1a: Incineroar|62\/100\n|move|p2b: Articuno|Freezing Glare|p1b: Charizard\n|-activate|p1b: Charizard|move: Protect\n|move|p1a: Incineroar|Power Trip|p2b: Articuno\n|-supereffective|p2b: Articuno\n|-damage|p2b: Articuno|0 fnt\n|faint|p2b: Articuno\n|\n|upkeep\n|\n|t:|1701189674\n|switch|p2b: Mamoswine|Mamoswine, F|100\/100\n|turn|8\n|\n|t:|1701189693\n|detailschange|p1b: Charizard|Charizard-Mega-Y, M\n|-mega|p1b: Charizard|Charizard|Charizardite Y\n|-weather|SunnyDay|[from] ability: Drought|[of] p1b: Charizard\n|move|p2a: Wyrdeer|Tera Blast|p1a: Incineroar|[anim] Tera Blast Fairy\n|-damage|p1a: Incineroar|23\/100\n|move|p2b: Mamoswine|Rock Slide|p1b: Charizard|[spread] p1a,p1b\n|-supereffective|p1a: Incineroar\n|-crit|p1a: Incineroar\n|-supereffective|p1b: Charizard\n|-damage|p1a: Incineroar|0 fnt\n|-damage|p1b: Charizard|0 fnt\n|faint|p1a: Incineroar\n|faint|p1b: Charizard\n|\n|-weather|SunnyDay|[upkeep]\n|upkeep\n|\n|t:|1701189707\n|switch|p1b: Roaring Moon|Roaring Moon|100\/100\n|-activate|p1b: Roaring Moon|ability: Protosynthesis\n|-start|p1b: Roaring Moon|protosynthesisatk\n|turn|9\n|c|\u2606fumbari 24|Gg\n|c|\u2606LeChaelum|ggs\n|\n|t:|1701189717\n|move|p2a: Wyrdeer|Tera Blast|p1b: Roaring Moon|[anim] Tera Blast Fairy\n|-supereffective|p1b: Roaring Moon\n|-damage|p1b: Roaring Moon|0 fnt\n|faint|p1b: Roaring Moon\n|-end|p1b: Roaring Moon|Protosynthesis|[silent]\n|\n|win|fumbari 24\n|raw|LeChaelum's rating: 1367 &rarr; <strong>1345<\/strong><br \/>(-22 for losing)\n|raw|fumbari 24's rating: 1335 &rarr; <strong>1357<\/strong><br \/>(+22 for winning)\n|l|\u2606LeChaelum\n","uploadtime":1701189876,"views":1,"p1id":"lechaelum","p2id":"fumbari24","formatid":"gen9nationaldexdoubles","rating":1345,"private":0,"password":""}