{"id":"gen9nationaldexdoubles-1957369162","p1":"musichat","p2":"HellaBackWoods909","format":"[Gen 9] National Dex Doubles","log":"|j|\u2606musichat\n|j|\u2606HellaBackWoods909\n|t:|1696213165\n|gametype|doubles\n|player|p1|musichat|arezu|1127\n|player|p2|HellaBackWoods909|170|1130\n|teamsize|p1|6\n|teamsize|p2|6\n|gen|9\n|tier|[Gen 9] National Dex Doubles\n|rated|\n|rule|HP Percentage Mod: HP is shown in percentages\n|rule|Endless Battle Clause: Forcing endless battles is banned\n|rule|OHKO Clause: OHKO moves are banned\n|rule|Evasion Moves Clause: Evasion moves are banned\n|rule|Evasion Abilities Clause: Evasion abilities are banned\n|rule|Species Clause: Limit one of each Pok\u00e9mon\n|rule|Gravity Sleep Clause: The combination of sleep-inducing moves with imperfect accuracy and Gravity or Gigantamax Orbeetle are banned\n|clearpoke\n|poke|p1|Gothitelle, F|\n|poke|p1|Manectric, F|\n|poke|p1|Durant, F|\n|poke|p1|Tapu Fini|\n|poke|p1|Persian-Alola, F|\n|poke|p1|Zygarde|\n|poke|p2|Flutter Mane|\n|poke|p2|Uxie|\n|poke|p2|Chien-Pao|\n|poke|p2|Lopunny, M|\n|poke|p2|Rillaboom, M|\n|poke|p2|Tornadus, M|\n|teampreview\n|inactive|Battle timer is ON: inactive players will automatically lose when time's up. (requested by musichat)\n|\n|t:|1696213178\n|start\n|switch|p1a: Persian|Persian-Alola, F|100\/100\n|switch|p1b: Manectric|Manectric, F|100\/100\n|switch|p2a: Chien-Pao|Chien-Pao|100\/100\n|switch|p2b: Flutter Mane|Flutter Mane|100\/100\n|-ability|p2a: Chien-Pao|Sword of Ruin\n|turn|1\n|\n|t:|1696213189\n|detailschange|p1b: Manectric|Manectric-Mega, F\n|-mega|p1b: Manectric|Manectric|Manectite\n|-ability|p1b: Manectric|Intimidate|boost\n|-unboost|p2a: Chien-Pao|atk|1\n|-unboost|p2b: Flutter Mane|atk|1\n|move|p2a: Chien-Pao|Crunch|p1b: Manectric\n|-damage|p1b: Manectric|59\/100\n|move|p2b: Flutter Mane|Dazzling Gleam|p1b: Manectric|[spread] p1a,p1b\n|-supereffective|p1a: Persian\n|-damage|p1a: Persian|0 fnt\n|-damage|p1b: Manectric|0 fnt\n|faint|p1a: Persian\n|faint|p1b: Manectric\n|\n|upkeep\n|\n|t:|1696213210\n|switch|p1b: graaaah|Gothitelle, F|100\/100\n|switch|p1a: Durant|Durant, F|100\/100\n|turn|2\n|\n|t:|1696213238\n|-end|p2b: Flutter Mane|Protosynthesis|[silent]\n|switch|p2b: Tornadus|Tornadus, M|100\/100\n|move|p1b: graaaah|Protect|p1b: graaaah\n|-singleturn|p1b: graaaah|Protect\n|move|p1a: Durant|Iron Head|p2b: Tornadus\n|-damage|p2b: Tornadus|24\/100\n|move|p2a: Chien-Pao|Crunch|p1b: graaaah\n|-activate|p1b: graaaah|move: Protect\n|\n|-heal|p2b: Tornadus|30\/100|[from] item: Leftovers\n|upkeep\n|turn|3\n|\n|t:|1696213253\n|switch|p1a: Tapu Fini|Tapu Fini|100\/100\n|-fieldstart|move: Misty Terrain|[from] ability: Misty Surge|[of] p1a: Tapu Fini\n|switch|p1b: Zygarde|Zygarde|100\/100\n|-ability|p1b: Zygarde|Aura Break\n|move|p2a: Chien-Pao|Crunch|p1b: Zygarde\n|-damage|p1b: Zygarde|74\/100\n|move|p2b: Tornadus|Bleakwind Storm|p1a: Tapu Fini|[spread] p1a,p1b\n|-damage|p1a: Tapu Fini|71\/100\n|-damage|p1b: Zygarde|40\/100\n|\n|-heal|p2b: Tornadus|36\/100|[from] item: Leftovers\n|-heal|p1b: Zygarde|46\/100|[from] item: Leftovers\n|upkeep\n|turn|4\n|\n|t:|1696213263\n|switch|p1b: Durant|Durant, F|100\/100\n|switch|p1a: graaaah|Gothitelle, F|100\/100\n|move|p2a: Chien-Pao|Ice Shard|p1b: Durant\n|-resisted|p1b: Durant\n|-damage|p1b: Durant|90\/100\n|move|p2b: Tornadus|Tailwind|p2b: Tornadus\n|-sidestart|p2: HellaBackWoods909|move: Tailwind\n|\n|-heal|p2b: Tornadus|42\/100|[from] item: Leftovers\n|upkeep\n|turn|5\n|\n|t:|1696213282\n|move|p1a: graaaah|Protect|p1a: graaaah\n|-singleturn|p1a: graaaah|Protect\n|move|p2a: Chien-Pao|Sacred Sword|p1b: Durant\n|-damage|p1b: Durant|57\/100\n|move|p2b: Tornadus|Chilling Water|p1b: Durant\n|-damage|p1b: Durant|14\/100\n|-unboost|p1b: Durant|atk|1\n|move|p1b: Durant|Entrainment|p2a: Chien-Pao\n|-endability|p2a: Chien-Pao|Sword of Ruin|[from] move: Entrainment\n|-ability|p2a: Chien-Pao|Truant|[from] move: Entrainment\n|\n|-heal|p2b: Tornadus|48\/100|[from] item: Leftovers\n|upkeep\n|turn|6\n|inactive|musichat has 120 seconds left.\n|\n|t:|1696213329\n|switch|p1b: Tapu Fini|Tapu Fini|71\/100\n|cant|p2a: Chien-Pao|ability: Truant\n|move|p2b: Tornadus|Chilling Water|p1b: Tapu Fini\n|-resisted|p1b: Tapu Fini\n|-damage|p1b: Tapu Fini|65\/100\n|-unboost|p1b: Tapu Fini|atk|1\n|move|p1a: graaaah|Heal Pulse|p1b: Tapu Fini\n|-heal|p1b: Tapu Fini|100\/100\n|\n|-heal|p2b: Tornadus|54\/100|[from] item: Leftovers\n|upkeep\n|turn|7\n|inactive|musichat has 120 seconds left.\n|\n|t:|1696213345\n|move|p1b: Tapu Fini|Protect|p1b: Tapu Fini\n|-singleturn|p1b: Tapu Fini|Protect\n|move|p1a: graaaah|Protect|p1a: graaaah\n|-singleturn|p1a: graaaah|Protect\n|move|p2a: Chien-Pao|Crunch|p1a: graaaah\n|-activate|p1a: graaaah|move: Protect\n|move|p2b: Tornadus|Bleakwind Storm|p1a: graaaah|[spread] \n|-activate|p1a: graaaah|move: Protect\n|-activate|p1b: Tapu Fini|move: Protect\n|\n|-heal|p2b: Tornadus|60\/100|[from] item: Leftovers\n|-sideend|p2: HellaBackWoods909|move: Tailwind\n|-fieldend|Misty Terrain\n|upkeep\n|turn|8\n|\n|t:|1696213363\n|cant|p2a: Chien-Pao|ability: Truant\n|move|p2b: Tornadus|Bleakwind Storm|p1b: Tapu Fini|[spread] p1a,p1b\n|-damage|p1a: graaaah|70\/100\n|-damage|p1b: Tapu Fini|71\/100\n|move|p1b: Tapu Fini|Calm Mind|p1b: Tapu Fini\n|-boost|p1b: Tapu Fini|spa|1\n|-boost|p1b: Tapu Fini|spd|1\n|move|p1a: graaaah|Skill Swap|p1b: Tapu Fini\n|-activate|p1a: graaaah|move: Skill Swap|||[of] p1b: Tapu Fini\n|-fieldstart|move: Misty Terrain|[from] ability: Misty Surge|[of] p1a: graaaah\n|\n|-heal|p2b: Tornadus|66\/100|[from] item: Leftovers\n|upkeep\n|turn|9\n|\n|t:|1696213383\n|move|p1b: Tapu Fini|Protect|p1b: Tapu Fini\n|-singleturn|p1b: Tapu Fini|Protect\n|move|p2a: Chien-Pao|Crunch|p1a: graaaah\n|-supereffective|p1a: graaaah\n|-damage|p1a: graaaah|31\/100\n|-enditem|p1a: graaaah|Sitrus Berry|[eat]\n|-heal|p1a: graaaah|56\/100|[from] item: Sitrus Berry\n|move|p2b: Tornadus|Bleakwind Storm|p1b: Tapu Fini|[spread] p1a\n|-activate|p1b: Tapu Fini|move: Protect\n|-damage|p1a: graaaah|23\/100\n|move|p1a: graaaah|Heal Pulse|p1b: Tapu Fini\n|-activate|p1b: Tapu Fini|move: Protect\n|\n|-heal|p2b: Tornadus|72\/100|[from] item: Leftovers\n|upkeep\n|turn|10\n|\n|t:|1696213400\n|cant|p2a: Chien-Pao|ability: Truant\n|move|p2b: Tornadus|Bleakwind Storm|p1b: Tapu Fini|[spread] p1a\n|-miss|p2b: Tornadus|p1b: Tapu Fini\n|-damage|p1a: graaaah|0 fnt\n|faint|p1a: graaaah\n|move|p1b: Tapu Fini|Calm Mind|p1b: Tapu Fini\n|-boost|p1b: Tapu Fini|spa|1\n|-boost|p1b: Tapu Fini|spd|1\n|\n|-heal|p2b: Tornadus|78\/100|[from] item: Leftovers\n|upkeep\n|\n|t:|1696213407\n|switch|p1a: Durant|Durant, F|14\/100\n|turn|11\n|\n|t:|1696213422\n|move|p1b: Tapu Fini|Protect|p1b: Tapu Fini\n|-singleturn|p1b: Tapu Fini|Protect\n|move|p1a: Durant|Entrainment|p2b: Tornadus\n|-endability|p2b: Tornadus|Prankster|[from] move: Entrainment\n|-ability|p2b: Tornadus|Truant|[from] move: Entrainment\n|move|p2a: Chien-Pao|Crunch|p1a: Durant\n|-crit|p1a: Durant\n|-damage|p1a: Durant|0 fnt\n|faint|p1a: Durant\n|move|p2b: Tornadus|Bleakwind Storm|p1b: Tapu Fini\n|-activate|p1b: Tapu Fini|move: Protect\n|\n|-heal|p2b: Tornadus|84\/100|[from] item: Leftovers\n|upkeep\n|\n|t:|1696213431\n|switch|p1a: Zygarde|Zygarde|46\/100\n|-ability|p1a: Zygarde|Aura Break\n|turn|12\n|\n|t:|1696213439\n|cant|p2a: Chien-Pao|ability: Truant\n|cant|p2b: Tornadus|ability: Truant\n|move|p1a: Zygarde|Substitute|p1a: Zygarde\n|-start|p1a: Zygarde|Substitute\n|-damage|p1a: Zygarde|21\/100\n|move|p1b: Tapu Fini|Calm Mind|p1b: Tapu Fini\n|-boost|p1b: Tapu Fini|spa|1\n|-boost|p1b: Tapu Fini|spd|1\n|\n|-heal|p2b: Tornadus|90\/100|[from] item: Leftovers\n|-heal|p1a: Zygarde|28\/100|[from] item: Leftovers\n|-fieldend|Misty Terrain\n|upkeep\n|turn|13\n|\n|t:|1696213449\n|move|p1a: Zygarde|Protect|p1a: Zygarde\n|-singleturn|p1a: Zygarde|Protect\n|move|p1b: Tapu Fini|Protect|p1b: Tapu Fini\n|-singleturn|p1b: Tapu Fini|Protect\n|move|p2a: Chien-Pao|Ice Spinner|p1a: Zygarde\n|-activate|p1a: Zygarde|move: Protect\n|move|p2b: Tornadus|Chilling Water|p1a: Zygarde\n|-activate|p1a: Zygarde|move: Protect\n|\n|-heal|p2b: Tornadus|96\/100|[from] item: Leftovers\n|-heal|p1a: Zygarde|34\/100|[from] item: Leftovers\n|upkeep\n|turn|14\n|\n|t:|1696213464\n|cant|p2a: Chien-Pao|ability: Truant\n|cant|p2b: Tornadus|ability: Truant\n|move|p1a: Zygarde|Dragon Dance|p1a: Zygarde\n|-boost|p1a: Zygarde|atk|1\n|-boost|p1a: Zygarde|spe|1\n|move|p1b: Tapu Fini|Calm Mind|p1b: Tapu Fini\n|-boost|p1b: Tapu Fini|spa|1\n|-boost|p1b: Tapu Fini|spd|1\n|\n|-heal|p1a: Zygarde|40\/100|[from] item: Leftovers\n|-heal|p2b: Tornadus|100\/100|[from] item: Leftovers\n|upkeep\n|turn|15\n|\n|t:|1696213478\n|move|p1a: Zygarde|Protect|p1a: Zygarde\n|-singleturn|p1a: Zygarde|Protect\n|move|p1b: Tapu Fini|Protect|p1b: Tapu Fini\n|-singleturn|p1b: Tapu Fini|Protect\n|move|p2a: Chien-Pao|Crunch|p1b: Tapu Fini\n|-activate|p1b: Tapu Fini|move: Protect\n|move|p2b: Tornadus|Bleakwind Storm|p1b: Tapu Fini|[spread] \n|-activate|p1a: Zygarde|move: Protect\n|-activate|p1b: Tapu Fini|move: Protect\n|\n|-heal|p1a: Zygarde|46\/100|[from] item: Leftovers\n|upkeep\n|turn|16\n|\n|t:|1696213492\n|cant|p2a: Chien-Pao|ability: Truant\n|move|p1a: Zygarde|Dragon Dance|p1a: Zygarde\n|-boost|p1a: Zygarde|atk|1\n|-boost|p1a: Zygarde|spe|1\n|cant|p2b: Tornadus|ability: Truant\n|move|p1b: Tapu Fini|Calm Mind|p1b: Tapu Fini\n|-boost|p1b: Tapu Fini|spa|1\n|-boost|p1b: Tapu Fini|spd|1\n|\n|-heal|p1a: Zygarde|52\/100|[from] item: Leftovers\n|upkeep\n|turn|17\n|\n|t:|1696213504\n|move|p1a: Zygarde|Protect|p1a: Zygarde\n|-singleturn|p1a: Zygarde|Protect\n|move|p1b: Tapu Fini|Protect|p1b: Tapu Fini\n|-singleturn|p1b: Tapu Fini|Protect\n|move|p2a: Chien-Pao|Ice Spinner|p1a: Zygarde\n|-activate|p1a: Zygarde|move: Protect\n|move|p2b: Tornadus|Bleakwind Storm|p1b: Tapu Fini|[spread] \n|-activate|p1a: Zygarde|move: Protect\n|-activate|p1b: Tapu Fini|move: Protect\n|\n|-heal|p1a: Zygarde|59\/100|[from] item: Leftovers\n|upkeep\n|turn|18\n|inactive|HellaBackWoods909 has 120 seconds left.\n|\n|t:|1696213551\n|move|p1a: Zygarde|Dragon Dance|p1a: Zygarde\n|-boost|p1a: Zygarde|atk|1\n|-boost|p1a: Zygarde|spe|1\n|cant|p2a: Chien-Pao|ability: Truant\n|cant|p2b: Tornadus|ability: Truant\n|move|p1b: Tapu Fini|Calm Mind|p1b: Tapu Fini\n|-boost|p1b: Tapu Fini|spa|1\n|-boost|p1b: Tapu Fini|spd|1\n|\n|-heal|p1a: Zygarde|65\/100|[from] item: Leftovers\n|upkeep\n|turn|19\n|inactive|HellaBackWoods909 has 120 seconds left.\n|\n|t:|1696213563\n|-terastallize|p2a: Chien-Pao|Ghost\n|move|p1a: Zygarde|Protect|p1a: Zygarde\n|-singleturn|p1a: Zygarde|Protect\n|move|p1b: Tapu Fini|Protect|p1b: Tapu Fini\n|-singleturn|p1b: Tapu Fini|Protect\n|move|p2a: Chien-Pao|Ice Spinner|p1a: Zygarde\n|-activate|p1a: Zygarde|move: Protect\n|move|p2b: Tornadus|Tailwind|p2b: Tornadus\n|-sidestart|p2: HellaBackWoods909|move: Tailwind\n|\n|-heal|p1a: Zygarde|71\/100|[from] item: Leftovers\n|upkeep\n|turn|20\n|\n|t:|1696213582\n|switch|p2a: Rillaboom|Rillaboom, M|100\/100\n|-fieldstart|move: Grassy Terrain|[from] ability: Grassy Surge|[of] p2a: Rillaboom\n|cant|p2b: Tornadus|ability: Truant\n|move|p1a: Zygarde|Dragon Dance|p1a: Zygarde\n|-boost|p1a: Zygarde|atk|1\n|-boost|p1a: Zygarde|spe|1\n|move|p1b: Tapu Fini|Calm Mind|p1b: Tapu Fini\n|-boost|p1b: Tapu Fini|spa|0\n|-boost|p1b: Tapu Fini|spd|0\n|\n|-heal|p1a: Zygarde|77\/100|[from] Grassy Terrain\n|-heal|p1a: Zygarde|84\/100|[from] item: Leftovers\n|-heal|p1b: Tapu Fini|77\/100|[from] Grassy Terrain\n|upkeep\n|turn|21\n|c|\u2606musichat|huh\n|inactive|musichat has 120 seconds left.\n|\n|t:|1696213614\n|move|p1b: Tapu Fini|Protect|p1b: Tapu Fini\n|-singleturn|p1b: Tapu Fini|Protect\n|move|p2a: Rillaboom|Grassy Glide|p1b: Tapu Fini\n|-activate|p1b: Tapu Fini|move: Protect\n|move|p1a: Zygarde|Thousand Arrows|p2a: Rillaboom|[spread] p2a,p2b\n|-resisted|p2a: Rillaboom\n|-damage|p2a: Rillaboom|58\/100\n|-damage|p2b: Tornadus|0 fnt\n|faint|p2b: Tornadus\n|\n|-heal|p1a: Zygarde|90\/100|[from] Grassy Terrain\n|-heal|p1a: Zygarde|96\/100|[from] item: Leftovers\n|-heal|p2a: Rillaboom|64\/100|[from] Grassy Terrain\n|-heal|p1b: Tapu Fini|84\/100|[from] Grassy Terrain\n|upkeep\n|\n|t:|1696213619\n|switch|p2b: Lopunny|Lopunny, M|100\/100\n|turn|22\n|\n|t:|1696213639\n|detailschange|p2b: Lopunny|Lopunny-Mega, M\n|-mega|p2b: Lopunny|Lopunny|Lopunnite\n|move|p2a: Rillaboom|Grassy Glide|p1b: Tapu Fini\n|-supereffective|p1b: Tapu Fini\n|-damage|p1b: Tapu Fini|22\/100\n|-enditem|p1b: Tapu Fini|Mago Berry|[eat]\n|-heal|p1b: Tapu Fini|56\/100|[from] item: Mago Berry\n|move|p2b: Lopunny|Triple Axel|p1a: Zygarde\n|-supereffective|p1a: Zygarde\n|-activate|p1a: Zygarde|move: Substitute|[damage]\n|-supereffective|p1a: Zygarde\n|-end|p1a: Zygarde|Substitute\n|-supereffective|p1a: Zygarde\n|-damage|p1a: Zygarde|33\/100\n|-hitcount|p1a: Zygarde|3\n|move|p1a: Zygarde|Thousand Arrows|p2a: Rillaboom|[spread] p2a,p2b\n|-resisted|p2a: Rillaboom\n|-damage|p2a: Rillaboom|18\/100\n|-damage|p2b: Lopunny|0 fnt\n|faint|p2b: Lopunny\n|move|p1b: Tapu Fini|Muddy Water|p2a: Rillaboom\n|-resisted|p2a: Rillaboom\n|-damage|p2a: Rillaboom|0 fnt\n|faint|p2a: Rillaboom\n|\n|-heal|p1a: Zygarde|39\/100|[from] Grassy Terrain\n|-heal|p1a: Zygarde|45\/100|[from] item: Leftovers\n|-heal|p1b: Tapu Fini|62\/100|[from] Grassy Terrain\n|-sideend|p2: HellaBackWoods909|move: Tailwind\n|upkeep\n|\n|t:|1696213649\n|switch|p2b: Chien-Pao|Chien-Pao, tera:Ghost|100\/100\n|switch|p2a: Flutter Mane|Flutter Mane|100\/100\n|-ability|p2b: Chien-Pao|Sword of Ruin\n|turn|23\n|\n|t:|1696213662\n|switch|p2b: Uxie|Uxie|100\/100\n|move|p1a: Zygarde|Protect|p1a: Zygarde\n|-singleturn|p1a: Zygarde|Protect\n|move|p2a: Flutter Mane|Dazzling Gleam|p1b: Tapu Fini|[spread] p1b\n|-activate|p1a: Zygarde|move: Protect\n|-damage|p1b: Tapu Fini|52\/100\n|move|p1b: Tapu Fini|Muddy Water|p2b: Uxie|[spread] p2b\n|-miss|p1b: Tapu Fini|p2a: Flutter Mane\n|-damage|p2b: Uxie|0 fnt\n|faint|p2b: Uxie\n|\n|-heal|p1a: Zygarde|51\/100|[from] Grassy Terrain\n|-heal|p1a: Zygarde|58\/100|[from] item: Leftovers\n|-heal|p1b: Tapu Fini|58\/100|[from] Grassy Terrain\n|upkeep\n|\n|t:|1696213669\n|switch|p2b: Chien-Pao|Chien-Pao, tera:Ghost|100\/100\n|-ability|p2b: Chien-Pao|Sword of Ruin\n|turn|24\n|\n|t:|1696213688\n|-terastallize|p1a: Zygarde|Dragon\n|move|p2b: Chien-Pao|Ice Shard|p1a: Zygarde\n|-supereffective|p1a: Zygarde\n|-damage|p1a: Zygarde|23\/100\n|move|p1a: Zygarde|Thousand Arrows|p2a: Flutter Mane|[spread] p2a,p2b\n|-damage|p2a: Flutter Mane|0 fnt\n|-enditem|p2b: Chien-Pao|Focus Sash\n|-damage|p2b: Chien-Pao|1\/100\n|faint|p2a: Flutter Mane\n|-end|p2a: Flutter Mane|Protosynthesis|[silent]\n|move|p1b: Tapu Fini|Muddy Water|p2b: Chien-Pao\n|-damage|p2b: Chien-Pao|0 fnt\n|faint|p2b: Chien-Pao\n|\n|win|musichat\n|raw|musichat's rating: 1127 &rarr; <strong>1152<\/strong><br \/>(+25 for winning)\n|raw|HellaBackWoods909's rating: 1130 &rarr; <strong>1105<\/strong><br \/>(-25 for losing)\n|l|\u2606HellaBackWoods909\n","uploadtime":1696213696,"views":10,"p1id":"musichat","p2id":"hellabackwoods909","formatid":"gen9nationaldexdoubles","rating":1105,"private":0,"password":""}