{"id":"gen9nationaldexdoubles-1961658074","p1":"Zera & Lucy","p2":"Gabe 457","format":"[Gen 9] National Dex Doubles","log":"|j|\u2606Zera & Lucy\n|j|\u2606Gabe 457\n|t:|1696648990\n|gametype|doubles\n|player|p1|Zera & Lucy|cynthia|1177\n|player|p2|Gabe 457|101|1182\n|teamsize|p1|6\n|teamsize|p2|6\n|gen|9\n|tier|[Gen 9] National Dex Doubles\n|rated|\n|rule|HP Percentage Mod: HP is shown in percentages\n|rule|Endless Battle Clause: Forcing endless battles is banned\n|rule|OHKO Clause: OHKO moves are banned\n|rule|Evasion Moves Clause: Evasion moves are banned\n|rule|Evasion Abilities Clause: Evasion abilities are banned\n|rule|Species Clause: Limit one of each Pok\u00e9mon\n|rule|Gravity Sleep Clause: The combination of sleep-inducing moves with imperfect accuracy and Gravity or Gigantamax Orbeetle are banned\n|clearpoke\n|poke|p1|Fezandipiti, M|\n|poke|p1|Goodra-Hisui, F|\n|poke|p1|Indeedee, M|\n|poke|p1|Iron Bundle|\n|poke|p1|Ogerpon-Hearthflame, F|\n|poke|p1|Tornadus-Therian, M|\n|poke|p2|Ribombee, F|\n|poke|p2|Ursaluna-Bloodmoon, M|\n|poke|p2|Manaphy|\n|poke|p2|Cramorant, F|\n|poke|p2|Fezandipiti, M|\n|poke|p2|Chien-Pao|\n|teampreview\n|inactive|Battle timer is ON: inactive players will automatically lose when time's up. (requested by Zera & Lucy)\n|\n|t:|1696649014\n|start\n|switch|p1a: Iron Bundle|Iron Bundle|100\/100\n|switch|p1b: Indeedee|Indeedee, M|100\/100\n|switch|p2a: Ribombee|Ribombee, F|100\/100\n|switch|p2b: Ursaluna|Ursaluna-Bloodmoon, M|100\/100\n|-fieldstart|move: Psychic Terrain|[from] ability: Psychic Surge|[of] p1b: Indeedee\n|-enditem|p1a: Iron Bundle|Booster Energy\n|-activate|p1a: Iron Bundle|ability: Quark Drive|[fromitem]\n|-start|p1a: Iron Bundle|quarkdrivespe\n|turn|1\n|inactive|Zera & Lucy has 120 seconds left.\n|\n|t:|1696649046\n|-terastallize|p2b: Ursaluna|Normal\n|move|p1a: Iron Bundle|Protect|p1a: Iron Bundle\n|-singleturn|p1a: Iron Bundle|Protect\n|move|p2a: Ribombee|Stun Spore|p1a: Iron Bundle\n|-activate|p1a: Iron Bundle|move: Protect\n|move|p1b: Indeedee|Mystical Fire|p2a: Ribombee\n|-supereffective|p2a: Ribombee\n|-enditem|p2a: Ribombee|Focus Sash\n|-damage|p2a: Ribombee|1\/100\n|move|p2b: Ursaluna|Calm Mind|p2b: Ursaluna\n|-boost|p2b: Ursaluna|spa|1\n|-boost|p2b: Ursaluna|spd|1\n|\n|upkeep\n|turn|2\n|\n|t:|1696649073\n|switch|p1b: Goodra|Goodra-Hisui, F|100\/100\n|move|p1a: Iron Bundle|Freeze-Dry|p2a: Ribombee\n|-damage|p2a: Ribombee|0 fnt\n|faint|p2a: Ribombee\n|move|p2b: Ursaluna|Blood Moon|p1a: Iron Bundle\n|-damage|p1a: Iron Bundle|0 fnt\n|faint|p1a: Iron Bundle\n|-end|p1a: Iron Bundle|Quark Drive|[silent]\n|\n|upkeep\n|\n|t:|1696649085\n|switch|p1a: Indeedee|Indeedee, M|100\/100\n|switch|p2a: Cheetos|Cramorant, F, shiny|100\/100\n|turn|3\n|\n|t:|1696649106\n|-terastallize|p1a: Indeedee|Psychic\n|move|p1a: Indeedee|Expanding Force|p2a: Cheetos|[spread] p2a,p2b\n|-damage|p2a: Cheetos|0 fnt\n|-damage|p2b: Ursaluna|18\/100\n|faint|p2a: Cheetos\n|move|p2b: Ursaluna|Earth Power|p1b: Goodra\n|-supereffective|p1b: Goodra\n|-damage|p1b: Goodra|0 fnt\n|faint|p1b: Goodra\n|\n|upkeep\n|\n|t:|1696649130\n|switch|p2a: Chien-Pao|Chien-Pao|100\/100\n|switch|p1b: Ogerpon|Ogerpon-Hearthflame, F|100\/100\n|-ability|p2a: Chien-Pao|Sword of Ruin\n|-ability|p1b: Ogerpon|Mold Breaker\n|turn|4\n|\n|t:|1696649150\n|switch|p1a: Fezandipiti|Fezandipiti, M|100\/100\n|move|p2a: Chien-Pao|Ice Spinner|p1b: Ogerpon\n|-damage|p1b: Ogerpon|35\/100\n|-fieldend|move: Psychic Terrain\n|move|p1b: Ogerpon|Ivy Cudgel|p2a: Chien-Pao\n|-supereffective|p2a: Chien-Pao\n|-enditem|p2a: Chien-Pao|Focus Sash\n|-damage|p2a: Chien-Pao|1\/100\n|move|p2b: Ursaluna|Hyper Voice|p1a: Fezandipiti|[spread] p1a,p1b\n|-damage|p1a: Fezandipiti|30\/100\n|-damage|p1b: Ogerpon|0 fnt\n|faint|p1b: Ogerpon\n|\n|upkeep\n|\n|t:|1696649165\n|switch|p1b: Tornadus|Tornadus-Therian, M|100\/100\n|turn|5\n|\n|t:|1696649195\n|move|p2a: Chien-Pao|Psychic Fangs|p1a: Fezandipiti\n|-supereffective|p1a: Fezandipiti\n|-damage|p1a: Fezandipiti|0 fnt\n|faint|p1a: Fezandipiti\n|move|p1b: Tornadus|Bleakwind Storm|p2a: Chien-Pao|[spread] p2a\n|-miss|p1b: Tornadus|p2b: Ursaluna\n|-damage|p2a: Chien-Pao|0 fnt\n|faint|p2a: Chien-Pao\n|-damage|p1b: Tornadus|91\/100|[from] item: Life Orb\n|move|p2b: Ursaluna|Blood Moon|p1b: Tornadus\n|-damage|p1b: Tornadus|0 fnt\n|faint|p1b: Tornadus\n|\n|upkeep\n|\n|t:|1696649210\n|switch|p2a: Fezandipiti|Fezandipiti, M|100\/100\n|switch|p1b: Indeedee|Indeedee, M, tera:Psychic|100\/100\n|-fieldstart|move: Psychic Terrain|[from] ability: Psychic Surge|[of] p1b: Indeedee\n|turn|6\n|\n|t:|1696649223\n|move|p2a: Fezandipiti|Tailwind|p2a: Fezandipiti\n|-sidestart|p2: Gabe 457|move: Tailwind\n|move|p1b: Indeedee|Expanding Force|p2b: Ursaluna|[spread] p2a,p2b\n|-supereffective|p2a: Fezandipiti\n|-damage|p2a: Fezandipiti|0 fnt\n|-damage|p2b: Ursaluna|0 fnt\n|faint|p2a: Fezandipiti\n|faint|p2b: Ursaluna\n|\n|upkeep\n|\n|t:|1696649231\n|switch|p2a: Manaphy|Manaphy|100\/100\n|turn|7\n|\n|t:|1696649238\n|move|p2a: Manaphy|Scald|p1b: Indeedee\n|-damage|p1b: Indeedee|38\/100\n|move|p1b: Indeedee|Expanding Force|p2a: Manaphy\n|-damage|p2a: Manaphy|0 fnt\n|faint|p2a: Manaphy\n|\n|win|Zera & Lucy\n|raw|Zera &amp; Lucy's rating: 1177 &rarr; <strong>1202<\/strong><br \/>(+25 for winning)\n|raw|Gabe 457's rating: 1182 &rarr; <strong>1157<\/strong><br \/>(-25 for losing)\n|l|\u2606Gabe 457\n","uploadtime":1696649249,"views":8,"p1id":"zeralucy","p2id":"gabe457","formatid":"gen9nationaldexdoubles","rating":1157,"private":0,"password":""}