{"id":"gen9nationaldexdoubles-1995451530","p1":"Narutinblaster","p2":"knightgem","format":"[Gen 9] National Dex Doubles","log":"|j|\u2606Narutinblaster\n|j|\u2606knightgem\n|t:|1700572354\n|gametype|doubles\n|player|p1|Narutinblaster|firebreather|1132\n|player|p2|knightgem|#knightgem|1252\n|teamsize|p1|6\n|teamsize|p2|6\n|gen|9\n|tier|[Gen 9] National Dex Doubles\n|rated|\n|rule|HP Percentage Mod: HP is shown in percentages\n|rule|Endless Battle Clause: Forcing endless battles is banned\n|rule|OHKO Clause: OHKO moves are banned\n|rule|Evasion Moves Clause: Evasion moves are banned\n|rule|Evasion Abilities Clause: Evasion abilities are banned\n|rule|Species Clause: Limit one of each Pok\u00e9mon\n|rule|Gravity Sleep Clause: The combination of sleep-inducing moves with imperfect accuracy and Gravity or Gigantamax Orbeetle are banned\n|clearpoke\n|poke|p1|Ceruledge, M|\n|poke|p1|Meowscarada, F|\n|poke|p1|Haxorus, F|\n|poke|p1|Flamigo, F|\n|poke|p1|Chandelure, F|\n|poke|p1|Urshifu-*, F|\n|poke|p2|Primarina, F|\n|poke|p2|Skeledirge, M|\n|poke|p2|Rillaboom, M|\n|poke|p2|Toxtricity, M|\n|poke|p2|Kommo-o, F|\n|poke|p2|Clefairy, M|\n|teampreview\n|inactive|Battle timer is ON: inactive players will automatically lose when time's up. (requested by knightgem)\n|inactive|Narutinblaster has 120 seconds left.\n|\n|t:|1700572390\n|start\n|switch|p1a: Meowscarada|Meowscarada, F|100\/100\n|switch|p1b: Ceruledge|Ceruledge, M|100\/100\n|switch|p2a: Kommo-o|Kommo-o, F|100\/100\n|switch|p2b: Clefairy|Clefairy, M|100\/100\n|turn|1\n|\n|t:|1700572413\n|-terastallize|p1b: Ceruledge|Ghost\n|move|p1a: Meowscarada|Fling|p1b: Ceruledge\n|-start|p1a: Meowscarada|typechange|Dark|[from] ability: Protean\n|-supereffective|p1b: Ceruledge\n|-damage|p1b: Ceruledge|86\/100\n|-boost|p1b: Ceruledge|spe|1|[from] item: Salac Berry\n|-ability|p1b: Ceruledge|Weak Armor|boost\n|-unboost|p1b: Ceruledge|def|1\n|-boost|p1b: Ceruledge|spe|2\n|-enditem|p1b: Ceruledge|Weakness Policy\n|-boost|p1b: Ceruledge|atk|2|[from] item: Weakness Policy\n|-boost|p1b: Ceruledge|spa|2|[from] item: Weakness Policy\n|-enditem|p1a: Meowscarada|Salac Berry|[from] move: Fling\n|move|p1b: Ceruledge|Bulk Up|p1b: Ceruledge\n|-boost|p1b: Ceruledge|atk|1\n|-boost|p1b: Ceruledge|def|1\n|move|p2a: Kommo-o|Substitute|p2a: Kommo-o\n|-start|p2a: Kommo-o|Substitute\n|-damage|p2a: Kommo-o|75\/100\n|move|p2b: Clefairy|Wish|p2b: Clefairy\n|\n|upkeep\n|turn|2\n|\n|t:|1700572430\n|move|p2b: Clefairy|Ally Switch|p2b: Clefairy\n|swap|p2b: Clefairy|0|[from] move: Ally Switch\n|move|p1b: Ceruledge|Bitter Blade|p2b: Kommo-o\n|-resisted|p2b: Kommo-o\n|-end|p2b: Kommo-o|Substitute\n|-heal|p1b: Ceruledge|99\/100|[from] drain|[of] p2b: Kommo-o\n|move|p1a: Meowscarada|U-turn|p2a: Clefairy\n|-resisted|p2a: Clefairy\n|-damage|p2a: Clefairy|90\/100\n|\n|t:|1700572440\n|switch|p1a: Flamigo|Flamigo, F|100\/100|[from] U-turn\n|-copyboost|p1a: Flamigo|p1b: Ceruledge|[from] ability: Costar\n|move|p2b: Kommo-o|Belly Drum|p2b: Kommo-o\n|-damage|p2b: Kommo-o|25\/100\n|-setboost|p2b: Kommo-o|atk|6|[from] move: Belly Drum\n|-enditem|p2b: Kommo-o|Salac Berry|[eat]\n|-boost|p2b: Kommo-o|spe|1|[from] item: Salac Berry\n|\n|-heal|p2b: Kommo-o|79\/100|[from] move: Wish|[wisher] Clefairy\n|upkeep\n|turn|3\n|\n|t:|1700572467\n|move|p2a: Clefairy|Follow Me|p2a: Clefairy\n|-singleturn|p2a: Clefairy|move: Follow Me\n|move|p1a: Flamigo|Sky Attack||[still]\n|-prepare|p1a: Flamigo|Sky Attack\n|-enditem|p1a: Flamigo|Power Herb\n|-anim|p1a: Flamigo|Sky Attack|p2a: Clefairy\n|-damage|p2a: Clefairy|0 fnt\n|faint|p2a: Clefairy\n|move|p1b: Ceruledge|Bitter Blade|p2b: Kommo-o\n|-resisted|p2b: Kommo-o\n|-damage|p2b: Kommo-o|28\/100\n|-heal|p1b: Ceruledge|100\/100|[from] drain|[of] p2b: Kommo-o\n|move|p2b: Kommo-o|Iron Head|p1a: Flamigo\n|-damage|p1a: Flamigo|0 fnt\n|faint|p1a: Flamigo\n|\n|upkeep\n|\n|t:|1700572484\n|switch|p1a: Meowscarada|Meowscarada, F|100\/100\n|switch|p2a: Skeledirge|Skeledirge, M|100\/100\n|turn|4\n|\n|t:|1700572495\n|move|p1a: Meowscarada|Ally Switch|p1a: Meowscarada\n|-start|p1a: Meowscarada|typechange|Psychic|[from] ability: Protean\n|swap|p1a: Meowscarada|1|[from] move: Ally Switch\n|move|p1a: Ceruledge|Shadow Sneak|p2b: Kommo-o\n|-crit|p2b: Kommo-o\n|-damage|p2b: Kommo-o|0 fnt\n|faint|p2b: Kommo-o\n|move|p2a: Skeledirge|Will-O-Wisp|p1b: Meowscarada\n|-status|p1b: Meowscarada|brn\n|\n|-damage|p1b: Meowscarada|94\/100 brn|[from] brn\n|upkeep\n|\n|t:|1700572502\n|switch|p2b: Primarina|Primarina, F|100\/100\n|turn|5\n|\n|t:|1700572523\n|move|p2b: Primarina|Protect|p2b: Primarina\n|-singleturn|p2b: Primarina|Protect\n|move|p1a: Ceruledge|Shadow Sneak|p2a: Skeledirge\n|-supereffective|p2a: Skeledirge\n|-damage|p2a: Skeledirge|60\/100\n|move|p1b: Meowscarada|U-turn|p2a: Skeledirge\n|-resisted|p2a: Skeledirge\n|-damage|p2a: Skeledirge|58\/100\n|\n|t:|1700572531\n|switch|p1b: Urshifu|Urshifu-Rapid-Strike, F|100\/100|[from] U-turn\n|move|p2a: Skeledirge|Will-O-Wisp|p1a: Ceruledge\n|-status|p1a: Ceruledge|brn\n|\n|-heal|p2a: Skeledirge|64\/100|[from] item: Leftovers\n|-damage|p1a: Ceruledge|94\/100 brn|[from] brn\n|upkeep\n|turn|6\n|\n|t:|1700572547\n|switch|p1a: Haxorus|Haxorus, F|100\/100\n|-ability|p1a: Haxorus|Mold Breaker\n|switch|p2a: Rillaboom|Rillaboom, M|100\/100\n|-fieldstart|move: Grassy Terrain|[from] ability: Grassy Surge|[of] p2a: Rillaboom\n|-enditem|p2a: Rillaboom|Grassy Seed\n|-boost|p2a: Rillaboom|def|1|[from] item: Grassy Seed\n|move|p1b: Urshifu|Surging Strikes|p2a: Rillaboom\n|-resisted|p2a: Rillaboom\n|-crit|p2a: Rillaboom\n|-damage|p2a: Rillaboom|92\/100\n|-resisted|p2a: Rillaboom\n|-crit|p2a: Rillaboom\n|-damage|p2a: Rillaboom|83\/100\n|-resisted|p2a: Rillaboom\n|-crit|p2a: Rillaboom\n|-damage|p2a: Rillaboom|75\/100\n|-hitcount|p2a: Rillaboom|3\n|-zpower|p2b: Primarina\n|move|p2b: Primarina|Oceanic Operetta|p1a: Haxorus|[zeffect]\n|-resisted|p1a: Haxorus\n|-damage|p1a: Haxorus|9\/100\n|\n|-heal|p1a: Haxorus|15\/100|[from] Grassy Terrain\n|-heal|p2a: Rillaboom|81\/100|[from] Grassy Terrain\n|upkeep\n|turn|7\n|\n|t:|1700572562\n|move|p1b: Urshifu|Drain Punch|p2a: Rillaboom\n|-damage|p2a: Rillaboom|58\/100\n|move|p1a: Haxorus|Scale Shot|p2a: Rillaboom\n|-crit|p2a: Rillaboom\n|-damage|p2a: Rillaboom|36\/100\n|-damage|p2a: Rillaboom|27\/100\n|-damage|p2a: Rillaboom|18\/100\n|-damage|p2a: Rillaboom|9\/100\n|-hitcount|p2a: Rillaboom|4\n|-unboost|p1a: Haxorus|def|1\n|-boost|p1a: Haxorus|spe|1\n|move|p2a: Rillaboom|Swords Dance|p2a: Rillaboom\n|-boost|p2a: Rillaboom|atk|2\n|move|p2b: Primarina|Life Dew||[still]|[spread] p2a,p2b\n|-heal|p2a: Rillaboom|34\/100\n|-fail|p2b: Primarina|heal\n|\n|-heal|p1a: Haxorus|21\/100|[from] Grassy Terrain\n|-heal|p2a: Rillaboom|40\/100|[from] Grassy Terrain\n|upkeep\n|turn|8\n|\n|t:|1700572578\n|move|p2a: Rillaboom|Grassy Glide|p1a: Haxorus\n|-resisted|p1a: Haxorus\n|-damage|p1a: Haxorus|0 fnt\n|faint|p1a: Haxorus\n|move|p1b: Urshifu|Drain Punch|p2a: Rillaboom\n|-damage|p2a: Rillaboom|18\/100\n|move|p2b: Primarina|Life Dew||[still]|[spread] p2a,p2b\n|-heal|p2a: Rillaboom|43\/100\n|-fail|p2b: Primarina|heal\n|\n|-heal|p2a: Rillaboom|49\/100|[from] Grassy Terrain\n|upkeep\n|\n|t:|1700572590\n|switch|p1a: Chandelure|Chandelure, F|100\/100\n|turn|9\n|\n|t:|1700572603\n|move|p2a: Rillaboom|Grassy Glide|p1b: Urshifu\n|-supereffective|p1b: Urshifu\n|-damage|p1b: Urshifu|0 fnt\n|faint|p1b: Urshifu\n|move|p1a: Chandelure|Energy Ball|p2b: Primarina\n|-supereffective|p2b: Primarina\n|-damage|p2b: Primarina|0 fnt\n|faint|p2b: Primarina\n|\n|-heal|p2a: Rillaboom|55\/100|[from] Grassy Terrain\n|upkeep\n|\n|t:|1700572616\n|switch|p1b: Meowscarada|Meowscarada, F|94\/100 brn\n|switch|p2b: Toxtricity|Toxtricity, M|100\/100\n|turn|10\n|\n|t:|1700572634\n|-terastallize|p2b: Toxtricity|Normal\n|move|p1b: Meowscarada|U-turn|p2a: Rillaboom\n|-start|p1b: Meowscarada|typechange|Bug|[from] ability: Protean\n|-supereffective|p2a: Rillaboom\n|-damage|p2a: Rillaboom|37\/100\n|\n|t:|1700572642\n|switch|p1b: Ceruledge|Ceruledge, M, tera:Ghost|94\/100 brn|[from] U-turn\n|move|p2b: Toxtricity|Overdrive|p1a: Chandelure|[spread] p1a,p1b\n|-damage|p1a: Chandelure|40\/100\n|-damage|p1b: Ceruledge|48\/100 brn\n|move|p1a: Chandelure|Energy Ball|p2a: Rillaboom\n|-resisted|p2a: Rillaboom\n|-damage|p2a: Rillaboom|0 fnt\n|faint|p2a: Rillaboom\n|\n|-heal|p1b: Ceruledge|54\/100 brn|[from] Grassy Terrain\n|-heal|p1a: Chandelure|46\/100|[from] Grassy Terrain\n|-damage|p1b: Ceruledge|48\/100 brn|[from] brn\n|-fieldend|move: Grassy Terrain\n|upkeep\n|\n|t:|1700572649\n|switch|p2a: Skeledirge|Skeledirge, M|64\/100\n|turn|11\n|\n|t:|1700572666\n|switch|p1a: Meowscarada|Meowscarada, F|94\/100 brn\n|move|p2b: Toxtricity|Overdrive|p1b: Ceruledge|[spread] p1a,p1b\n|-resisted|p1a: Meowscarada\n|-damage|p1a: Meowscarada|63\/100 brn\n|-damage|p1b: Ceruledge|0 fnt\n|faint|p1b: Ceruledge\n|move|p2a: Skeledirge|Torch Song|p1a: Meowscarada\n|-supereffective|p1a: Meowscarada\n|-damage|p1a: Meowscarada|0 fnt\n|-boost|p2a: Skeledirge|spa|1\n|faint|p1a: Meowscarada\n|\n|-heal|p2a: Skeledirge|70\/100|[from] item: Leftovers\n|upkeep\n|\n|t:|1700572680\n|switch|p1a: Chandelure|Chandelure, F|46\/100\n|turn|12\n|\n|t:|1700572684\n|move|p2b: Toxtricity|Overdrive|p1a: Chandelure\n|-damage|p1a: Chandelure|0 fnt\n|faint|p1a: Chandelure\n|\n|win|knightgem\n|raw|Narutinblaster's rating: 1132 &rarr; <strong>1115<\/strong><br \/>(-17 for losing)\n|raw|knightgem's rating: 1252 &rarr; <strong>1269<\/strong><br \/>(+17 for winning)\n|c|\u2606knightgem|Gg\n|l|\u2606Narutinblaster\n","uploadtime":1700572924,"views":0,"p1id":"narutinblaster","p2id":"knightgem","formatid":"gen9nationaldexdoubles","rating":1115,"private":0,"password":""}