{"id":"gen9nationaldexdoubles-1993268124","p1":"bloody moth","p2":"exp666","format":"[Gen 9] National Dex Doubles","log":"|j|\u2606bloody moth\n|j|\u2606exp666\n|t:|1700287206\n|gametype|doubles\n|player|p1|bloody moth|dawn|1421\n|player|p2|exp666|1|1377\n|teamsize|p1|6\n|teamsize|p2|6\n|gen|9\n|tier|[Gen 9] National Dex Doubles\n|rated|\n|rule|HP Percentage Mod: HP is shown in percentages\n|rule|Endless Battle Clause: Forcing endless battles is banned\n|rule|OHKO Clause: OHKO moves are banned\n|rule|Evasion Moves Clause: Evasion moves are banned\n|rule|Evasion Abilities Clause: Evasion abilities are banned\n|rule|Species Clause: Limit one of each Pok\u00e9mon\n|rule|Gravity Sleep Clause: The combination of sleep-inducing moves with imperfect accuracy and Gravity or Gigantamax Orbeetle are banned\n|clearpoke\n|poke|p1|Aegislash, F|\n|poke|p1|Regieleki|\n|poke|p1|Darmanitan-Galar, F|\n|poke|p1|Tyranitar, F|\n|poke|p1|Excadrill, M|\n|poke|p1|Tornadus, M|\n|poke|p2|Kommo-o, M|\n|poke|p2|Scizor, M|\n|poke|p2|Sneasler, M|\n|poke|p2|Volcarona, F|\n|poke|p2|Ogerpon-Hearthflame, F|\n|poke|p2|Rillaboom, M|\n|teampreview\n|\n|t:|1700287218\n|start\n|switch|p1a: Tornadus|Tornadus, M|100\/100\n|switch|p1b: Aegislash|Aegislash, F|100\/100\n|switch|p2a: Ogerpon|Ogerpon-Hearthflame, F|100\/100\n|switch|p2b: Rillaboom|Rillaboom, M|100\/100\n|-ability|p2a: Ogerpon|Mold Breaker\n|-fieldstart|move: Grassy Terrain|[from] ability: Grassy Surge|[of] p2b: Rillaboom\n|turn|1\n|\n|t:|1700287233\n|-terastallize|p2a: Ogerpon|Fire\n|detailschange|p2a: Ogerpon|Ogerpon-Hearthflame-Tera, F, tera:Fire\n|-ability|p2a: Ogerpon|Embody Aspect (Hearthflame)|boost\n|-boost|p2a: Ogerpon|atk|1\n|move|p1a: Tornadus|Tailwind|p1a: Tornadus\n|-sidestart|p1: bloody moth|move: Tailwind\n|move|p2a: Ogerpon|Ivy Cudgel|p1b: Aegislash|[anim] Ivy Cudgel Fire\n|-supereffective|p1b: Aegislash\n|-damage|p1b: Aegislash|0 fnt\n|faint|p1b: Aegislash\n|move|p2b: Rillaboom|U-turn|p1a: Tornadus\n|-resisted|p1a: Tornadus\n|-damage|p1a: Tornadus|87\/100\n|\n|t:|1700287248\n|switch|p2b: Sneasler|Sneasler, M|100\/100|[from] U-turn\n|-enditem|p2b: Sneasler|Grassy Seed\n|-boost|p2b: Sneasler|def|1|[from] item: Grassy Seed\n|\n|upkeep\n|\n|t:|1700287271\n|switch|p1b: Excadrill|Excadrill, M|100\/100\n|turn|2\n|l|\u2606exp666\n|player|p2|\n|j|\u2606exp666\n|player|p2|exp666|1\n|\n|t:|1700287332\n|-terastallize|p1b: Excadrill|Ground\n|move|p2b: Sneasler|Acrobatics|p1a: Tornadus\n|-damage|p1a: Tornadus|42\/100\n|-enditem|p1a: Tornadus|Sitrus Berry|[eat]\n|-heal|p1a: Tornadus|67\/100|[from] item: Sitrus Berry\n|move|p1a: Tornadus|Bleakwind Storm|p2b: Sneasler|[spread] p2a\n|-miss|p1a: Tornadus|p2b: Sneasler\n|-damage|p2a: Ogerpon|66\/100\n|move|p1b: Excadrill|High Horsepower|p2a: Ogerpon\n|-supereffective|p2a: Ogerpon\n|-damage|p2a: Ogerpon|0 fnt\n|faint|p2a: Ogerpon\n|\n|upkeep\n|\n|t:|1700287353\n|switch|p2a: Kommo-o|Kommo-o, M|100\/100\n|turn|3\n|\n|t:|1700287372\n|move|p2b: Sneasler|Dire Claw|p1b: Excadrill\n|-resisted|p1b: Excadrill\n|-damage|p1b: Excadrill|73\/100\n|-status|p1b: Excadrill|psn\n|move|p1a: Tornadus|Bleakwind Storm|p2b: Sneasler|[spread] p2a\n|-miss|p1a: Tornadus|p2b: Sneasler\n|-supereffective|p2a: Kommo-o\n|-damage|p2a: Kommo-o|46\/100\n|move|p1b: Excadrill|Iron Head|p2a: Kommo-o\n|-damage|p2a: Kommo-o|7\/100\n|-zpower|p2a: Kommo-o\n|move|p2a: Kommo-o|Clangorous Soulblaze|p1a: Tornadus|[zeffect]|[spread] p1a,p1b\n|-damage|p1a: Tornadus|0 fnt\n|-damage|p1b: Excadrill|20\/100 psn\n|faint|p1a: Tornadus\n|-boost|p2a: Kommo-o|atk|1\n|-boost|p2a: Kommo-o|def|1\n|-boost|p2a: Kommo-o|spa|1\n|-boost|p2a: Kommo-o|spd|1\n|-boost|p2a: Kommo-o|spe|1\n|\n|-heal|p1b: Excadrill|26\/100 psn|[from] Grassy Terrain\n|-heal|p2a: Kommo-o|13\/100|[from] Grassy Terrain\n|-damage|p1b: Excadrill|14\/100 psn|[from] psn\n|upkeep\n|\n|t:|1700287386\n|switch|p1a: Tyranitar|Tyranitar, F|100\/100\n|-weather|Sandstorm|[from] ability: Sand Stream|[of] p1a: Tyranitar\n|turn|4\n|\n|t:|1700287409\n|detailschange|p1a: Tyranitar|Tyranitar-Mega, F\n|-mega|p1a: Tyranitar|Tyranitar|Tyranitarite\n|move|p2a: Kommo-o|Protect|p2a: Kommo-o\n|-singleturn|p2a: Kommo-o|Protect\n|move|p1b: Excadrill|High Horsepower|p2b: Sneasler\n|-supereffective|p2b: Sneasler\n|-damage|p2b: Sneasler|0 fnt\n|faint|p2b: Sneasler\n|move|p1a: Tyranitar|Rock Slide|p2a: Kommo-o\n|-activate|p2a: Kommo-o|move: Protect\n|\n|-weather|Sandstorm|[upkeep]\n|-heal|p1b: Excadrill|20\/100 psn|[from] Grassy Terrain\n|-heal|p2a: Kommo-o|20\/100|[from] Grassy Terrain\n|-damage|p1b: Excadrill|7\/100 psn|[from] psn\n|-sideend|p1: bloody moth|move: Tailwind\n|upkeep\n|\n|t:|1700287419\n|switch|p2b: Rillaboom|Rillaboom, M|100\/100\n|turn|5\n|\n|t:|1700287432\n|move|p1b: Excadrill|Poison Jab|p2a: Kommo-o\n|-damage|p2a: Kommo-o|3\/100\n|move|p2a: Kommo-o|Aura Sphere|p1a: Tyranitar\n|-supereffective|p1a: Tyranitar\n|-damage|p1a: Tyranitar|0 fnt\n|faint|p1a: Tyranitar\n|move|p2b: Rillaboom|Wood Hammer|p1b: Excadrill\n|-supereffective|p1b: Excadrill\n|-damage|p1b: Excadrill|0 fnt\n|faint|p1b: Excadrill\n|-damage|p2b: Rillaboom|98\/100|[from] Recoil\n|\n|-weather|Sandstorm|[upkeep]\n|-damage|p2b: Rillaboom|92\/100|[from] Sandstorm\n|-heal|p2a: Kommo-o|9\/100|[from] Grassy Terrain\n|-heal|p2b: Rillaboom|98\/100|[from] Grassy Terrain\n|-fieldend|move: Grassy Terrain\n|upkeep\n|\n|t:|1700287439\n|switch|p1b: Regieleki|Regieleki|100\/100\n|switch|p1a: Darmanitan|Darmanitan-Galar, F|100\/100\n|turn|6\n|\n|t:|1700287448\n|switch|p2b: Volcarona|Volcarona, F|100\/100\n|move|p2a: Kommo-o|Protect|p2a: Kommo-o\n|-singleturn|p2a: Kommo-o|Protect\n|move|p1b: Regieleki|Tera Blast|p2a: Kommo-o\n|-activate|p2a: Kommo-o|move: Protect\n|move|p1a: Darmanitan|Icicle Crash|p2b: Volcarona\n|-resisted|p2b: Volcarona\n|-damage|p2b: Volcarona|21\/100\n|\n|-weather|Sandstorm|[upkeep]\n|-damage|p1b: Regieleki|95\/100|[from] Sandstorm\n|-damage|p1a: Darmanitan|95\/100|[from] Sandstorm\n|-damage|p2b: Volcarona|15\/100|[from] Sandstorm\n|upkeep\n|turn|7\n|\n|t:|1700287468\n|move|p1b: Regieleki|Electroweb|p2b: Volcarona|[spread] p2a,p2b\n|-resisted|p2a: Kommo-o\n|-damage|p2a: Kommo-o|0 fnt\n|-damage|p2b: Volcarona|0 fnt\n|faint|p2a: Kommo-o\n|faint|p2b: Volcarona\n|-damage|p1b: Regieleki|85\/100|[from] item: Life Orb\n|move|p1a: Darmanitan|Icicle Crash|p2: Kommo-o|[notarget]\n|-fail|p1a: Darmanitan\n|\n|-weather|Sandstorm|[upkeep]\n|-damage|p1b: Regieleki|79\/100|[from] Sandstorm\n|-damage|p1a: Darmanitan|89\/100|[from] Sandstorm\n|upkeep\n|\n|t:|1700287472\n|switch|p2b: Scizor|Scizor, M|100\/100\n|switch|p2a: Rillaboom|Rillaboom, M|98\/100\n|-fieldstart|move: Grassy Terrain|[from] ability: Grassy Surge|[of] p2a: Rillaboom\n|turn|8\n|\n|t:|1700287480\n|detailschange|p2b: Scizor|Scizor-Mega, M\n|-mega|p2b: Scizor|Scizor|Scizorite\n|move|p2a: Rillaboom|Grassy Glide|p1b: Regieleki\n|-damage|p1b: Regieleki|12\/100\n|move|p2b: Scizor|Bullet Punch|p1a: Darmanitan\n|-supereffective|p1a: Darmanitan\n|-damage|p1a: Darmanitan|0 fnt\n|faint|p1a: Darmanitan\n|move|p1b: Regieleki|Thunderbolt|p2b: Scizor\n|-crit|p2b: Scizor\n|-damage|p2b: Scizor|0 fnt\n|faint|p2b: Scizor\n|-damage|p1b: Regieleki|2\/100|[from] item: Life Orb\n|\n|-weather|none\n|-heal|p1b: Regieleki|8\/100|[from] Grassy Terrain\n|-heal|p2a: Rillaboom|100\/100|[from] Grassy Terrain\n|upkeep\n|turn|9\n|\n|t:|1700287489\n|move|p2a: Rillaboom|Grassy Glide|p1b: Regieleki\n|-damage|p1b: Regieleki|0 fnt\n|faint|p1b: Regieleki\n|\n|win|exp666\n|raw|bloody moth's rating: 1421 &rarr; <strong>1398<\/strong><br \/>(-23 for losing)\n|raw|exp666's rating: 1377 &rarr; <strong>1400<\/strong><br \/>(+23 for winning)\n","uploadtime":1700287522,"views":6,"p1id":"bloodymoth","p2id":"exp666","formatid":"gen9nationaldexdoubles","rating":1398,"private":0,"password":""}