{"id":"gen9nationaldexdoubles-1982857365","p1":"Carson_Senden","p2":"TomoDako","format":"[Gen 9] National Dex Doubles","log":"|j|\u2606Carson_Senden\n|j|\u2606TomoDako\n|t:|1699051873\n|gametype|doubles\n|player|p1|Carson_Senden|101|1000\n|player|p2|TomoDako|veteran|1074\n|teamsize|p1|4\n|teamsize|p2|6\n|gen|9\n|tier|[Gen 9] National Dex Doubles\n|rated|\n|rule|HP Percentage Mod: HP is shown in percentages\n|rule|Endless Battle Clause: Forcing endless battles is banned\n|rule|OHKO Clause: OHKO moves are banned\n|rule|Evasion Moves Clause: Evasion moves are banned\n|rule|Evasion Abilities Clause: Evasion abilities are banned\n|rule|Species Clause: Limit one of each Pok\u00e9mon\n|rule|Gravity Sleep Clause: The combination of sleep-inducing moves with imperfect accuracy and Gravity or Gigantamax Orbeetle are banned\n|clearpoke\n|poke|p1|Whimsicott, F|\n|poke|p1|Vivillon, M|\n|poke|p1|Arcanine-Hisui, F|\n|poke|p1|Flutter Mane|\n|poke|p2|Sableye, M|\n|poke|p2|Dracovish|\n|poke|p2|Sinistcha-Masterpiece|\n|poke|p2|Golem-Alola, M|\n|poke|p2|Gliscor, M|\n|poke|p2|Gastrodon, M|\n|teampreview\n|\n|t:|1699051883\n|start\n|switch|p1a: Whimsicott|Whimsicott, F, shiny|100\/100\n|switch|p1b: Vivillon|Vivillon, M|100\/100\n|switch|p2a: Sableye|Sableye, M|100\/100\n|switch|p2b: Dracovish|Dracovish|100\/100\n|turn|1\n|\n|t:|1699051913\n|-terastallize|p1a: Whimsicott|Water\n|-terastallize|p2b: Dracovish|Water\n|move|p2a: Sableye|Fake Out|p1a: Whimsicott\n|-damage|p1a: Whimsicott|92\/100\n|cant|p1a: Whimsicott|flinch\n|move|p1b: Vivillon|Sleep Powder|p2b: Dracovish\n|-status|p2b: Dracovish|slp|[from] move: Sleep Powder\n|cant|p2b: Dracovish|slp\n|\n|upkeep\n|turn|2\n|\n|t:|1699051935\n|move|p1a: Whimsicott|Substitute|p1a: Whimsicott\n|-start|p1a: Whimsicott|Substitute\n|-damage|p1a: Whimsicott|67\/100\n|move|p2a: Sableye|Quash||[still]\n|-fail|p2a: Sableye\n|move|p1b: Vivillon|Sleep Powder|p2a: Sableye\n|-status|p2a: Sableye|slp|[from] move: Sleep Powder\n|-curestatus|p2b: Dracovish|slp|[msg]\n|move|p2b: Dracovish|Fishious Rend|p1a: Whimsicott\n|-resisted|p1a: Whimsicott\n|-end|p1a: Whimsicott|Substitute\n|\n|upkeep\n|turn|3\n|inactive|Battle timer is ON: inactive players will automatically lose when time's up. (requested by TomoDako)\n|\n|t:|1699051975\n|move|p1a: Whimsicott|Cotton Guard|p1a: Whimsicott\n|-boost|p1a: Whimsicott|def|3\n|cant|p2a: Sableye|slp\n|move|p1b: Vivillon|Sleep Powder|p2b: Dracovish\n|-status|p2b: Dracovish|slp|[from] move: Sleep Powder\n|cant|p2b: Dracovish|slp\n|\n|upkeep\n|turn|4\n|\n|t:|1699051992\n|move|p1a: Whimsicott|Cotton Guard|p1a: Whimsicott\n|-boost|p1a: Whimsicott|def|3\n|-curestatus|p2a: Sableye|slp|[msg]\n|move|p2a: Sableye|Quash|p1b: Vivillon\n|-activate|p1b: Vivillon|move: Quash\n|-curestatus|p2b: Dracovish|slp|[msg]\n|move|p2b: Dracovish|Fishious Rend|p1b: Vivillon\n|-enditem|p1b: Vivillon|Focus Sash\n|-damage|p1b: Vivillon|1\/100\n|move|p1b: Vivillon|Quiver Dance|p1b: Vivillon\n|-boost|p1b: Vivillon|spa|1\n|-boost|p1b: Vivillon|spd|1\n|-boost|p1b: Vivillon|spe|1\n|\n|upkeep\n|turn|5\n|inactive|Carson_Senden has 120 seconds left.\n|\n|t:|1699052035\n|move|p2a: Sableye|Quash|p1b: Vivillon\n|-activate|p1b: Vivillon|move: Quash\n|move|p1a: Whimsicott|Giga Drain|p2b: Dracovish\n|-supereffective|p2b: Dracovish\n|-damage|p2b: Dracovish|56\/100\n|-heal|p1a: Whimsicott|100\/100|[from] drain|[of] p2b: Dracovish\n|move|p2b: Dracovish|Fishious Rend|p1b: Vivillon\n|-damage|p1b: Vivillon|0 fnt\n|faint|p1b: Vivillon\n|\n|upkeep\n|\n|t:|1699052048\n|switch|p1b: Flutter Mane|Flutter Mane|100\/100\n|-enditem|p1b: Flutter Mane|Booster Energy\n|-activate|p1b: Flutter Mane|ability: Protosynthesis|[fromitem]\n|-start|p1b: Flutter Mane|protosynthesisspe\n|turn|6\n|inactive|Carson_Senden has 120 seconds left.\n|\n|t:|1699052069\n|move|p1a: Whimsicott|Substitute|p1a: Whimsicott\n|-start|p1a: Whimsicott|Substitute\n|-damage|p1a: Whimsicott|76\/100\n|move|p2a: Sableye|Quash|p1b: Flutter Mane\n|-activate|p1b: Flutter Mane|move: Quash\n|move|p2b: Dracovish|Fishious Rend|p1b: Flutter Mane\n|-damage|p1b: Flutter Mane|0 fnt\n|faint|p1b: Flutter Mane\n|-end|p1b: Flutter Mane|Protosynthesis|[silent]\n|\n|upkeep\n|inactive|Carson_Senden has 120 seconds left.\n|\n|t:|1699052078\n|switch|p1b: Arcanine|Arcanine-Hisui, F, shiny|100\/100\n|turn|7\n|\n|t:|1699052090\n|move|p2a: Sableye|Quash|p1b: Arcanine\n|-activate|p1b: Arcanine|move: Quash\n|move|p1a: Whimsicott|Giga Drain|p2b: Dracovish\n|-supereffective|p2b: Dracovish\n|-damage|p2b: Dracovish|8\/100\n|-heal|p1a: Whimsicott|100\/100|[from] drain|[of] p2b: Dracovish\n|move|p2b: Dracovish|Fishious Rend|p1b: Arcanine\n|-supereffective|p1b: Arcanine\n|-damage|p1b: Arcanine|0 fnt\n|faint|p1b: Arcanine\n|\n|upkeep\n|turn|8\n|\n|t:|1699052109\n|move|p2a: Sableye|Quash||[still]\n|-fail|p2a: Sableye\n|move|p1a: Whimsicott|Giga Drain|p2b: Dracovish\n|-supereffective|p2b: Dracovish\n|-damage|p2b: Dracovish|0 fnt\n|faint|p2b: Dracovish\n|\n|upkeep\n|\n|t:|1699052116\n|switch|p2b: Sinistcha|Sinistcha-Masterpiece|100\/100\n|turn|9\n|\n|t:|1699052122\n|move|p1a: Whimsicott|Leech Seed|p2b: Sinistcha\n|-immune|p2b: Sinistcha\n|move|p2a: Sableye|Rain Dance|p2a: Sableye\n|-weather|RainDance\n|move|p2b: Sinistcha|Matcha Gotcha|p1a: Whimsicott\n|-supereffective|p1a: Whimsicott\n|-end|p1a: Whimsicott|Substitute\n|\n|-weather|RainDance|[upkeep]\n|upkeep\n|turn|10\n|\n|t:|1699052140\n|move|p1a: Whimsicott|Leech Seed|p2a: Sableye\n|-hint|Since gen 7, Dark is immune to Prankster moves.\n|-immune|p2a: Sableye\n|move|p2b: Sinistcha|Matcha Gotcha|p1a: Whimsicott|[miss]\n|-miss|p2b: Sinistcha|p1a: Whimsicott\n|move|p2a: Sableye|Dark Pulse|p1a: Whimsicott\n|-damage|p1a: Whimsicott|69\/100\n|\n|-weather|RainDance|[upkeep]\n|upkeep\n|turn|11\n|\n|t:|1699052153\n|move|p1a: Whimsicott|Giga Drain|p2a: Sableye\n|-damage|p2a: Sableye|65\/100\n|-heal|p1a: Whimsicott|96\/100|[from] drain|[of] p2a: Sableye\n|move|p2b: Sinistcha|Matcha Gotcha|p1a: Whimsicott\n|-supereffective|p1a: Whimsicott\n|-damage|p1a: Whimsicott|0 fnt\n|faint|p1a: Whimsicott\n|\n|win|TomoDako\n|raw|Carson_Senden's rating: 1000 &rarr; <strong>1000<\/strong><br \/>(+0 for losing)\n|raw|TomoDako's rating: 1074 &rarr; <strong>1097<\/strong><br \/>(+23 for winning)\n|l|\u2606Carson_Senden\n","uploadtime":1699052162,"views":7,"p1id":"carsonsenden","p2id":"tomodako","formatid":"gen9nationaldexdoubles","rating":1000,"private":0,"password":""}