{"id":"gen9nationaldexdoubles-1997228722","p1":"Vaporstar07","p2":"ugly bath star","format":"[Gen 9] National Dex Doubles","log":"|j|\u2606Vaporstar07\n|j|\u2606ugly bath star\n|t:|1700777945\n|gametype|doubles\n|player|p1|Vaporstar07|caitlin|1110\n|player|p2|ugly bath star|hiker|1166\n|teamsize|p1|6\n|teamsize|p2|6\n|gen|9\n|tier|[Gen 9] National Dex Doubles\n|rated|\n|rule|HP Percentage Mod: HP is shown in percentages\n|rule|Endless Battle Clause: Forcing endless battles is banned\n|rule|OHKO Clause: OHKO moves are banned\n|rule|Evasion Moves Clause: Evasion moves are banned\n|rule|Evasion Abilities Clause: Evasion abilities are banned\n|rule|Species Clause: Limit one of each Pok\u00e9mon\n|rule|Gravity Sleep Clause: The combination of sleep-inducing moves with imperfect accuracy and Gravity or Gigantamax Orbeetle are banned\n|clearpoke\n|poke|p1|Infernape, M|\n|poke|p1|Sylveon, M|\n|poke|p1|Chien-Pao|\n|poke|p1|Umbreon, F|\n|poke|p1|Volcarona, M|\n|poke|p1|Greninja-*, M|\n|poke|p2|Lopunny, F|\n|poke|p2|Tsareena, F|\n|poke|p2|Hatterene, F|\n|poke|p2|Salazzle, F|\n|poke|p2|Froslass, F|\n|poke|p2|Milotic, F|\n|teampreview\n|c|\u2606ugly bath star|we go agane\n|\n|t:|1700777957\n|start\n|switch|p1a: Chien-Pao|Chien-Pao|100\/100\n|switch|p1b: Volcarona|Volcarona, M, shiny|100\/100\n|switch|p2a: send help|Lopunny, F, shiny|100\/100\n|switch|p2b: i hate my trainer|Tsareena, F, shiny|100\/100\n|-ability|p1a: Chien-Pao|Sword of Ruin\n|turn|1\n|c|\u2606Vaporstar07|ye\n|\n|t:|1700777973\n|switch|p2b: malnourished|Hatterene, F, shiny|100\/100\n|detailschange|p2a: send help|Lopunny-Mega, F, shiny\n|-mega|p2a: send help|Lopunny|Lopunnite\n|move|p2a: send help|Fake Out|p1b: Volcarona\n|-damage|p1b: Volcarona|55\/100\n|move|p1a: Chien-Pao|Ice Spinner|p2b: malnourished\n|-damage|p2b: malnourished|5\/100\n|cant|p1b: Volcarona|flinch\n|\n|upkeep\n|turn|2\n|\n|t:|1700777991\n|switch|p1a: Infernape|Infernape, M, shiny|100\/100\n|move|p2a: send help|High Jump Kick|p1a: Infernape|[miss]\n|-miss|p2a: send help|p1a: Infernape\n|-damage|p2a: send help|51\/100|[from] highjumpkick\n|move|p1b: Volcarona|Heat Wave|p2b: malnourished|[spread] p2a,p2b\n|-damage|p2a: send help|0 fnt\n|-damage|p2b: malnourished|0 fnt\n|faint|p2a: send help\n|faint|p2b: malnourished\n|\n|upkeep\n|\n|t:|1700778002\n|switch|p2a: cries|Salazzle, F, shiny|100\/100\n|switch|p2b: im in danger|Froslass, F, shiny|100\/100\n|turn|3\n|c|\u2606ugly bath star|it's not looking poggers\n|\n|t:|1700778028\n|move|p2b: im in danger|Shadow Ball|p1a: Infernape\n|-damage|p1a: Infernape|51\/100\n|move|p2a: cries|Sludge Bomb|p1b: Volcarona\n|-damage|p1b: Volcarona|0 fnt\n|faint|p1b: Volcarona\n|move|p1a: Infernape|Thunder Punch|p2a: cries\n|-damage|p2a: cries|19\/100\n|\n|upkeep\n|\n|t:|1700778040\n|switch|p1b: Chien-Pao|Chien-Pao|100\/100\n|-ability|p1b: Chien-Pao|Sword of Ruin\n|turn|4\n|\n|t:|1700778054\n|move|p2b: im in danger|Shadow Ball|p1a: Infernape\n|-damage|p1a: Infernape|5\/100\n|-unboost|p1a: Infernape|spd|1\n|move|p1b: Chien-Pao|Crunch|p2b: im in danger\n|-supereffective|p2b: im in danger\n|-damage|p2b: im in danger|0 fnt\n|faint|p2b: im in danger\n|move|p2a: cries|Sludge Bomb|p1a: Infernape\n|-damage|p1a: Infernape|0 fnt\n|faint|p1a: Infernape\n|\n|upkeep\n|\n|t:|1700778066\n|switch|p2b: i hate my trainer|Tsareena, F, shiny|100\/100\n|switch|p1a: Greninja|Greninja, M, shiny|100\/100\n|turn|5\n|\n|t:|1700778082\n|-terastallize|p2b: i hate my trainer|Steel\n|move|p1a: Greninja|Water Shuriken||[still]\n|cant|p2b: i hate my trainer|ability: Queenly Majesty|Water Shuriken|[of] p1a: Greninja\n|move|p1b: Chien-Pao|Crunch|p2b: i hate my trainer\n|-damage|p2b: i hate my trainer|27\/100\n|move|p2a: cries|Sludge Bomb|p1a: Greninja\n|-damage|p1a: Greninja|6\/100\n|-status|p1a: Greninja|psn\n|move|p2b: i hate my trainer|Play Rough|p1b: Chien-Pao\n|-supereffective|p1b: Chien-Pao\n|-damage|p1b: Chien-Pao|15\/100\n|\n|-damage|p1a: Greninja|0 fnt|[from] psn\n|faint|p1a: Greninja\n|upkeep\n|c|\u2606Vaporstar07|Chien-Pao go brrrrr\n|\n|t:|1700778099\n|switch|p1a: Sylveon|Sylveon, M|100\/100\n|turn|6\n|\n|t:|1700778115\n|-terastallize|p1a: Sylveon|Fairy\n|move|p1b: Chien-Pao|Crunch|p2b: i hate my trainer\n|-damage|p2b: i hate my trainer|0 fnt\n|faint|p2b: i hate my trainer\n|move|p2a: cries|Sludge Bomb|p1b: Chien-Pao\n|-damage|p1b: Chien-Pao|0 fnt\n|faint|p1b: Chien-Pao\n|move|p1a: Sylveon|Hyper Voice|p2a: cries\n|-resisted|p2a: cries\n|-crit|p2a: cries\n|-damage|p2a: cries|0 fnt\n|faint|p2a: cries\n|\n|upkeep\n|\n|t:|1700778127\n|switch|p1b: Umbreon|Umbreon, F, shiny|100\/100\n|switch|p2a: LIFE IS A HIGHWAY|Milotic, F|100\/100\n|turn|7\n|c|\u2606Vaporstar07|The Eeveelution duo\n|\n|t:|1700778139\n|move|p2a: LIFE IS A HIGHWAY|Hypnosis|p1b: Umbreon|[miss]\n|-miss|p2a: LIFE IS A HIGHWAY|p1b: Umbreon\n|move|p1b: Umbreon|Wish|p1b: Umbreon\n|move|p1a: Sylveon|Hyper Voice|p2a: LIFE IS A HIGHWAY\n|-damage|p2a: LIFE IS A HIGHWAY|56\/100\n|\n|-heal|p2a: LIFE IS A HIGHWAY|62\/100|[from] item: Leftovers\n|upkeep\n|turn|8\n|\n|t:|1700778152\n|move|p2a: LIFE IS A HIGHWAY|Coil|p2a: LIFE IS A HIGHWAY\n|-boost|p2a: LIFE IS A HIGHWAY|atk|1\n|-boost|p2a: LIFE IS A HIGHWAY|def|1\n|-boost|p2a: LIFE IS A HIGHWAY|accuracy|1\n|move|p1b: Umbreon|Foul Play|p2a: LIFE IS A HIGHWAY\n|-crit|p2a: LIFE IS A HIGHWAY\n|-damage|p2a: LIFE IS A HIGHWAY|14\/100\n|move|p1a: Sylveon|Hyper Voice|p2a: LIFE IS A HIGHWAY\n|-damage|p2a: LIFE IS A HIGHWAY|0 fnt\n|faint|p2a: LIFE IS A HIGHWAY\n|\n|win|Vaporstar07\n|raw|Vaporstar07's rating: 1110 &rarr; <strong>1138<\/strong><br \/>(+28 for winning)\n|raw|ugly bath star's rating: 1148 &rarr; <strong>1120<\/strong><br \/>(-28 for losing)\n|c|\u2606ugly bath star|geeg\n|l|\u2606ugly bath star\n|c|\u2606Vaporstar07|gg\n","uploadtime":1700778166,"views":1,"p1id":"vaporstar07","p2id":"uglybathstar","formatid":"gen9nationaldexdoubles","rating":1120,"private":0,"password":""}