{"id":"gen9nationaldexdoubles-1981299274","p1":"abysmal_reality","p2":"tifftiff","format":"[Gen 9] National Dex Doubles","log":"|j|\u2606abysmal_reality\n|j|\u2606tifftiff\n|t:|1698881166\n|gametype|doubles\n|player|p1|abysmal_reality|265|\n|player|p2|tifftiff|cynthia-gen4|\n|teamsize|p1|6\n|teamsize|p2|6\n|gen|9\n|tier|[Gen 9] National Dex Doubles\n|rule|HP Percentage Mod: HP is shown in percentages\n|rule|Endless Battle Clause: Forcing endless battles is banned\n|rule|OHKO Clause: OHKO moves are banned\n|rule|Evasion Moves Clause: Evasion moves are banned\n|rule|Evasion Abilities Clause: Evasion abilities are banned\n|rule|Species Clause: Limit one of each Pok\u00e9mon\n|rule|Gravity Sleep Clause: The combination of sleep-inducing moves with imperfect accuracy and Gravity or Gigantamax Orbeetle are banned\n|clearpoke\n|poke|p1|Tapu Lele|\n|poke|p1|Ursaluna-Bloodmoon, M|\n|poke|p1|Scizor, M|\n|poke|p1|Landorus-Therian, M|\n|poke|p1|Baxcalibur, F|\n|poke|p1|Zamazenta-*|\n|poke|p2|Eelektross, M|\n|poke|p2|Zapdos|\n|poke|p2|Lanturn, M|\n|poke|p2|Rotom-Wash|\n|poke|p2|Pelipper, M|\n|poke|p2|Ampharos, F|\n|teampreview\n|c|\u2606tifftiff|glhf\n|c|\u2606abysmal_reality|u2\n|\n|t:|1698881221\n|start\n|switch|p1a: Scizor|Scizor, M|100\/100\n|switch|p1b: Landorus|Landorus-Therian, M|100\/100\n|switch|p2a: Peppy|Pelipper, M|100\/100\n|switch|p2b: SpicyBird|Zapdos|100\/100\n|-ability|p1b: Landorus|Intimidate|boost\n|-unboost|p2a: Peppy|atk|1\n|-unboost|p2b: SpicyBird|atk|1\n|-ability|p2b: SpicyBird|Pressure\n|-weather|RainDance|[from] ability: Drizzle|[of] p2a: Peppy\n|turn|1\n|c|\u2606abysmal_reality|damn\n|\n|t:|1698881238\n|detailschange|p1a: Scizor|Scizor-Mega, M\n|-mega|p1a: Scizor|Scizor|Scizorite\n|move|p1b: Landorus|Explosion|p2a: Peppy|[spread] p1a,p2a,p2b\n|-resisted|p1a: Scizor\n|-damage|p1a: Scizor|79\/100\n|-damage|p2a: Peppy|53\/100\n|-damage|p2b: SpicyBird|36\/100\n|faint|p1b: Landorus\n|move|p2b: SpicyBird|Hurricane|p1a: Scizor\n|-damage|p1a: Scizor|39\/100\n|move|p1a: Scizor|Swords Dance|p1a: Scizor\n|-boost|p1a: Scizor|atk|2\n|move|p2a: Peppy|Surf|p1a: Scizor|[spread] p2b,p1a\n|-damage|p2b: SpicyBird|5\/100\n|-damage|p1a: Scizor|17\/100\n|\n|-weather|RainDance|[upkeep]\n|upkeep\n|c|\u2606tifftiff|Damn\n|\n|t:|1698881261\n|switch|p1b: Tapu Lele|Tapu Lele|100\/100\n|-fieldstart|move: Psychic Terrain|[from] ability: Psychic Surge|[of] p1b: Tapu Lele\n|turn|2\n|\n|t:|1698881279\n|move|p1b: Tapu Lele|Energy Ball|p2b: SpicyBird\n|-resisted|p2b: SpicyBird\n|-damage|p2b: SpicyBird|0 fnt\n|faint|p2b: SpicyBird\n|move|p1a: Scizor|Brutal Swing|p2a: Peppy|[spread] p1b,p2a\n|-damage|p1b: Tapu Lele|28\/100\n|-damage|p2a: Peppy|20\/100\n|move|p2a: Peppy|Hurricane|p1a: Scizor\n|-damage|p1a: Scizor|0 fnt\n|faint|p1a: Scizor\n|\n|-weather|RainDance|[upkeep]\n|upkeep\n|c|\u2606abysmal_reality|did not know it also hit my ally\n|\n|t:|1698881307\n|switch|p2b: ZapZap|Lanturn, M|100\/100\n|switch|p1a: Ursaluna|Ursaluna-Bloodmoon, M|100\/100\n|turn|3\n|c|\u2606tifftiff|The explosion?\n|c|\u2606abysmal_reality|no brutal swing\n|c|\u2606tifftiff|Or brutal swing\n|c|\u2606tifftiff|Haha yeah\n|c|\u2606abysmal_reality|ye\n|\n|t:|1698881345\n|switch|p2a: Laundry|Rotom-Wash|100\/100\n|move|p1b: Tapu Lele|Energy Ball|p2b: ZapZap\n|-supereffective|p2b: ZapZap\n|-damage|p2b: ZapZap|58\/100\n|move|p2b: ZapZap|Ice Beam|p1a: Ursaluna\n|-supereffective|p1a: Ursaluna\n|-damage|p1a: Ursaluna|67\/100\n|move|p1a: Ursaluna|Hyper Voice|p2a: Laundry|[spread] p2a,p2b\n|-damage|p2a: Laundry|34\/100\n|-damage|p2b: ZapZap|19\/100\n|\n|-weather|RainDance|[upkeep]\n|-heal|p2a: Laundry|40\/100|[from] item: Leftovers\n|-heal|p2b: ZapZap|25\/100|[from] item: Leftovers\n|upkeep\n|turn|4\n|\n|t:|1698881368\n|move|p1b: Tapu Lele|Energy Ball|p2a: Laundry\n|-supereffective|p2a: Laundry\n|-damage|p2a: Laundry|0 fnt\n|faint|p2a: Laundry\n|move|p2b: ZapZap|Ice Beam|p1a: Ursaluna\n|-supereffective|p1a: Ursaluna\n|-damage|p1a: Ursaluna|35\/100\n|move|p1a: Ursaluna|Hyper Voice|p2b: ZapZap\n|-damage|p2b: ZapZap|0 fnt\n|faint|p2b: ZapZap\n|\n|-weather|RainDance|[upkeep]\n|upkeep\n|\n|t:|1698881382\n|switch|p2a: Fluffy|Ampharos, F|100\/100\n|switch|p2b: Peppy|Pelipper, M|20\/100\n|turn|5\n|c|\u2606abysmal_reality|so happy I brought grass coverage\n|\n|t:|1698881396\n|move|p1b: Tapu Lele|Energy Ball|p2b: Peppy\n|-damage|p2b: Peppy|0 fnt\n|faint|p2b: Peppy\n|move|p2a: Fluffy|Dazzling Gleam|p1a: Ursaluna|[spread] p1a,p1b\n|-crit|p1a: Ursaluna\n|-damage|p1a: Ursaluna|5\/100\n|-damage|p1b: Tapu Lele|7\/100\n|move|p1a: Ursaluna|Hyper Voice|p2a: Fluffy\n|-damage|p2a: Fluffy|28\/100\n|\n|-weather|none\n|upkeep\n|\n|t:|1698881407\n|switch|p2b: Noodle|Eelektross, M|100\/100\n|turn|6\n|c|\u2606abysmal_reality|don't tell me the noodle reverse sweeps me\n|\n|t:|1698881425\n|move|p1b: Tapu Lele|Energy Ball|p2a: Fluffy\n|-damage|p2a: Fluffy|0 fnt\n|faint|p2a: Fluffy\n|move|p1a: Ursaluna|Hyper Voice|p2b: Noodle\n|-damage|p2b: Noodle|43\/100\n|move|p2b: Noodle|U-turn|p1b: Tapu Lele\n|-damage|p1b: Tapu Lele|0 fnt\n|faint|p1b: Tapu Lele\n|\n|-fieldend|move: Psychic Terrain\n|upkeep\n|c|\u2606tifftiff|Nah\n|\n|t:|1698881439\n|switch|p1b: Baxcalibur|Baxcalibur, F|100\/100\n|turn|7\n|\n|t:|1698881454\n|move|p1b: Baxcalibur|Icicle Spear|p2b: Noodle\n|-damage|p2b: Noodle|29\/100\n|-damage|p2b: Noodle|13\/100\n|-damage|p2b: Noodle|0 fnt\n|faint|p2b: Noodle\n|-hitcount|p2: Noodle|3\n|\n|win|abysmal_reality\n|c|\u2606abysmal_reality|gg\n|c|\u2606tifftiff|gg\n|l|\u2606tifftiff\n","uploadtime":1698882184,"views":5,"p1id":"abysmalreality","p2id":"tifftiff","formatid":"gen9nationaldexdoubles","rating":0,"private":0,"password":""}