{"id":"gen9nationaldexdoubles-1984800132","p1":"MelhorDoQueParece","p2":"Diegusto","format":"[Gen 9] National Dex Doubles","log":"|j|\u2606MelhorDoQueParece\n|j|\u2606Diegusto\n|t:|1699300026\n|gametype|doubles\n|player|p1|MelhorDoQueParece|lucas|\n|player|p2|Diegusto|lucas|\n|teamsize|p1|5\n|teamsize|p2|5\n|gen|9\n|tier|[Gen 9] National Dex Doubles\n|rule|HP Percentage Mod: HP is shown in percentages\n|rule|Endless Battle Clause: Forcing endless battles is banned\n|rule|OHKO Clause: OHKO moves are banned\n|rule|Evasion Moves Clause: Evasion moves are banned\n|rule|Evasion Abilities Clause: Evasion abilities are banned\n|rule|Species Clause: Limit one of each Pok\u00e9mon\n|rule|Gravity Sleep Clause: The combination of sleep-inducing moves with imperfect accuracy and Gravity or Gigantamax Orbeetle are banned\n|clearpoke\n|poke|p1|Shuckle, F|\n|poke|p1|Cherrim, M|\n|poke|p1|Obstagoon, F|\n|poke|p1|Mew|\n|poke|p1|Alakazam, F|\n|poke|p2|Snom, L1, M|\n|poke|p2|Dragonite, L1, M|\n|poke|p2|Iron Moth, L52|\n|poke|p2|Cinderace, L35, M|\n|poke|p2|Ceruledge, L1, M|\n|teampreview\n|\n|t:|1699300043\n|start\n|switch|p1a: Mew|Mew|100\/100\n|switch|p1b: Obstagoon|Obstagoon, F|100\/100\n|switch|p2a: Snom|Snom, L1, M|100\/100\n|switch|p2b: Iron Moth|Iron Moth, L52|100\/100\n|turn|1\n|\n|t:|1699300055\n|move|p1b: Obstagoon|Obstruct|p1b: Obstagoon\n|-singleturn|p1b: Obstagoon|Protect\n|move|p1a: Mew|Swords Dance|p1a: Mew\n|-boost|p1a: Mew|atk|2\n|move|p2b: Iron Moth|Agility|p2b: Iron Moth\n|-boost|p2b: Iron Moth|spe|2\n|move|p2a: Snom|Bug Bite|p1b: Obstagoon\n|-activate|p1b: Obstagoon|move: Protect\n|-unboost|p2a: Snom|def|2\n|\n|upkeep\n|turn|2\n|\n|t:|1699300064\n|move|p1b: Obstagoon|Obstruct|p1b: Obstagoon\n|-singleturn|p1b: Obstagoon|Protect\n|move|p1a: Mew|Swords Dance|p1a: Mew\n|-boost|p1a: Mew|atk|2\n|move|p2b: Iron Moth|Agility|p2b: Iron Moth\n|-boost|p2b: Iron Moth|spe|2\n|move|p2a: Snom|Bug Bite|p1b: Obstagoon\n|-activate|p1b: Obstagoon|move: Protect\n|-unboost|p2a: Snom|def|2\n|\n|upkeep\n|turn|3\n|\n|t:|1699300070\n|move|p1b: Obstagoon|Obstruct||[still]\n|-fail|p1b: Obstagoon\n|move|p2b: Iron Moth|Agility|p2b: Iron Moth\n|-boost|p2b: Iron Moth|spe|2\n|move|p1a: Mew|Swords Dance|p1a: Mew\n|-boost|p1a: Mew|atk|2\n|move|p2a: Snom|Bug Bite|p1b: Obstagoon\n|-supereffective|p1b: Obstagoon\n|-damage|p1b: Obstagoon|99\/100\n|\n|-heal|p1b: Obstagoon|100\/100|[from] item: Leftovers\n|upkeep\n|turn|4\n|\n|t:|1699300076\n|move|p1b: Obstagoon|Obstruct|p1b: Obstagoon\n|-singleturn|p1b: Obstagoon|Protect\n|move|p2b: Iron Moth|Agility|p2b: Iron Moth\n|-boost|p2b: Iron Moth|spe|0\n|move|p1a: Mew|Baton Pass|p1a: Mew\n|\n|t:|1699300079\n|switch|p1a: Shuckle|Shuckle, F|100\/100|[from] Baton Pass\n|move|p2a: Snom|Bug Bite|p1b: Obstagoon\n|-activate|p1b: Obstagoon|move: Protect\n|-unboost|p2a: Snom|def|2\n|\n|upkeep\n|turn|5\n|\n|t:|1699300102\n|switch|p1b: Alakazam|Alakazam, F|100\/100\n|move|p2a: Snom|Protect|p2a: Snom\n|-singleturn|p2a: Snom|Protect\n|move|p2b: Iron Moth|Agility|p2b: Iron Moth\n|-boost|p2b: Iron Moth|spe|0\n|move|p1a: Shuckle|Power Trick|p1a: Shuckle\n|-start|p1a: Shuckle|Power Trick\n|\n|upkeep\n|turn|6\n|\n|t:|1699300115\n|move|p2a: Snom|Protect||[still]\n|-fail|p2a: Snom\n|move|p2b: Iron Moth|Agility|p2b: Iron Moth\n|-boost|p2b: Iron Moth|spe|0\n|move|p1b: Alakazam|Trick|p1a: Shuckle\n|-activate|p1b: Alakazam|move: Trick|[of] p1a: Shuckle\n|-item|p1a: Shuckle|Choice Band|[from] move: Trick\n|-enditem|p1b: Alakazam|Choice Band|[silent]|[from] move: Trick\n|move|p1a: Shuckle|Rollout|p2b: Iron Moth\n|-supereffective|p2b: Iron Moth\n|-damage|p2b: Iron Moth|0 fnt\n|faint|p2b: Iron Moth\n|-end|p2b: Iron Moth|Quark Drive|[silent]\n|\n|upkeep\n|\n|t:|1699300118\n|switch|p2b: Dragonite|Dragonite, L1, M|100\/100\n|turn|7\n|\n|t:|1699300153\n|move|p2a: Snom|Protect|p2a: Snom\n|-singleturn|p2a: Snom|Protect\n|move|p1b: Alakazam|Gravity|p1b: Alakazam\n|-fieldstart|move: Gravity\n|move|p1a: Shuckle|Rollout|p2b: Dragonite|[from]lockedmove\n|-supereffective|p2b: Dragonite\n|-damage|p2b: Dragonite|0 fnt\n|faint|p2b: Dragonite\n|\n|upkeep\n|\n|t:|1699300161\n|switch|p2b: Cinderace|Cinderace, L35, M|100\/100\n|turn|8\n|\n|t:|1699300181\n|switch|p1b: Cherrim|Cherrim, M|100\/100\n|move|p2a: Snom|Protect|p2a: Snom\n|-singleturn|p2a: Snom|Protect\n|move|p2b: Cinderace|Agility|p2b: Cinderace\n|-boost|p2b: Cinderace|spe|2\n|move|p1a: Shuckle|Rollout|p2b: Cinderace|[from]lockedmove\n|-supereffective|p2b: Cinderace\n|-damage|p2b: Cinderace|0 fnt\n|faint|p2b: Cinderace\n|\n|upkeep\n|\n|t:|1699300190\n|switch|p2b: Ceruledge|Ceruledge, L1, M|100\/100\n|turn|9\n|\n|t:|1699300200\n|move|p2a: Snom|Protect||[still]\n|-fail|p2a: Snom\n|move|p1b: Cherrim|Sunny Day|p1b: Cherrim\n|-weather|SunnyDay\n|-formechange|p1b: Cherrim|Cherrim-Sunshine|[msg]|[from] ability: Flower Gift\n|move|p1a: Shuckle|Rollout|p2b: Ceruledge|[from]lockedmove\n|-supereffective|p2b: Ceruledge\n|-damage|p2b: Ceruledge|0 fnt\n|faint|p2b: Ceruledge\n|\n|-weather|SunnyDay|[upkeep]\n|upkeep\n|turn|10\n|\n|t:|1699300210\n|move|p1b: Cherrim|Helping Hand|p1a: Shuckle\n|-singleturn|p1a: Shuckle|Helping Hand|[of] p1b: Cherrim\n|move|p1a: Shuckle|Rollout|p2a: Snom|[from]lockedmove\n|-supereffective|p2a: Snom\n|-damage|p2a: Snom|0 fnt\n|faint|p2a: Snom\n|\n|win|MelhorDoQueParece\n","uploadtime":1699300223,"views":5,"p1id":"melhordoqueparece","p2id":"diegusto","formatid":"gen9nationaldexdoubles","rating":0,"private":0,"password":""}