{"id":"gen9nationaldexdoubles-1962641380","p1":"Jkhiii","p2":"Charvern","format":"[Gen 9] National Dex Doubles","log":"|j|\u2606Jkhiii\n|j|\u2606Charvern\n|t:|1696777763\n|gametype|doubles\n|player|p1|Jkhiii|red|1020\n|player|p2|Charvern|lucas-gen4pt|1193\n|teamsize|p1|6\n|teamsize|p2|6\n|gen|9\n|tier|[Gen 9] National Dex Doubles\n|rated|\n|rule|HP Percentage Mod: HP is shown in percentages\n|rule|Endless Battle Clause: Forcing endless battles is banned\n|rule|OHKO Clause: OHKO moves are banned\n|rule|Evasion Moves Clause: Evasion moves are banned\n|rule|Evasion Abilities Clause: Evasion abilities are banned\n|rule|Species Clause: Limit one of each Pok\u00e9mon\n|rule|Gravity Sleep Clause: The combination of sleep-inducing moves with imperfect accuracy and Gravity or Gigantamax Orbeetle are banned\n|clearpoke\n|poke|p1|Mightyena, M|\n|poke|p1|Arboliva, M|\n|poke|p1|Skeledirge, F|\n|poke|p1|Farigiraf, F|\n|poke|p1|Dipplin, F|\n|poke|p1|Malamar, M|\n|poke|p2|Drapion, M|\n|poke|p2|Uxie|\n|poke|p2|Haxorus, M|\n|poke|p2|Kommo-o, M|\n|poke|p2|Flygon, M|\n|poke|p2|Swampert, M|\n|teampreview\n|inactive|Battle timer is ON: inactive players will automatically lose when time's up. (requested by Jkhiii)\n|c|\u2606Charvern|hi\n|c|\u2606Charvern|glhf\n|\n|t:|1696777774\n|start\n|switch|p1a: Dipplin|Dipplin, F|100\/100\n|switch|p1b: Farigiraf|Farigiraf, F|100\/100\n|switch|p2a: Uxie|Uxie|100\/100\n|switch|p2b: Ry\u016b senshi|Haxorus, M, shiny|100\/100\n|-ability|p2b: Ry\u016b senshi|Mold Breaker\n|-ability|p1a: Dipplin|Supersweet Syrup\n|-ability|p1a: Dipplin|Supersweet Syrup|boost\n|-unboost|p2a: Uxie|evasion|1\n|-unboost|p2b: Ry\u016b senshi|evasion|1\n|turn|1\n|\n|t:|1696777795\n|-terastallize|p1a: Dipplin|Steel\n|move|p2a: Uxie|Yawn|p1b: Farigiraf\n|-start|p1b: Farigiraf|move: Yawn|[of] p2a: Uxie\n|move|p1b: Farigiraf|Calm Mind|p1b: Farigiraf\n|-boost|p1b: Farigiraf|spa|1\n|-boost|p1b: Farigiraf|spd|1\n|move|p1a: Dipplin|Syrup Bomb|p2b: Ry\u016b senshi\n|-resisted|p2b: Ry\u016b senshi\n|-damage|p2b: Ry\u016b senshi|85\/100\n|-start|p2b: Ry\u016b senshi|Syrup Bomb\n|move|p2b: Ry\u016b senshi|Dragon Tail|p1a: Dipplin\n|-resisted|p1a: Dipplin\n|-damage|p1a: Dipplin|86\/100\n|drag|p1a: Skeledirge|Skeledirge, F|100\/100\n|\n|-unboost|p2b: Ry\u016b senshi|spe|1\n|upkeep\n|turn|2\n|\n|t:|1696777817\n|switch|p1b: Malamar|Malamar, M|100\/100\n|move|p2a: Uxie|Yawn|p1a: Skeledirge\n|-start|p1a: Skeledirge|move: Yawn|[of] p2a: Uxie\n|move|p1a: Skeledirge|Torch Song|p2b: Ry\u016b senshi\n|-resisted|p2b: Ry\u016b senshi\n|-damage|p2b: Ry\u016b senshi|61\/100\n|-boost|p1a: Skeledirge|spa|1\n|-enditem|p1a: Skeledirge|Throat Spray\n|-boost|p1a: Skeledirge|spa|1|[from] item: Throat Spray\n|move|p2b: Ry\u016b senshi|Substitute|p2b: Ry\u016b senshi\n|-start|p2b: Ry\u016b senshi|Substitute\n|-damage|p2b: Ry\u016b senshi|36\/100\n|\n|-unboost|p2b: Ry\u016b senshi|spe|1\n|upkeep\n|turn|3\n|\n|t:|1696777837\n|switch|p1a: Arboliva|Arboliva, M|100\/100\n|move|p2a: Uxie|Light Screen|p2a: Uxie\n|-sidestart|p2: Charvern|move: Light Screen\n|move|p1b: Malamar|Knock Off|p2a: Uxie\n|-supereffective|p2a: Uxie\n|-damage|p2a: Uxie|36\/100\n|-enditem|p2a: Uxie|Focus Sash|[from] move: Knock Off|[of] p1b: Malamar\n|move|p2b: Ry\u016b senshi|Dragon Tail|p1b: Malamar\n|-damage|p1b: Malamar|55\/100\n|drag|p1b: Dipplin|Dipplin, F, tera:Steel|86\/100\n|\n|-end|p2b: Ry\u016b senshi|Syrup Bomb\n|upkeep\n|turn|4\n|\n|t:|1696777854\n|move|p2a: Uxie|Yawn|p1b: Dipplin\n|-start|p1b: Dipplin|move: Yawn|[of] p2a: Uxie\n|move|p1b: Dipplin|Syrup Bomb|p2a: Uxie\n|-damage|p2a: Uxie|23\/100\n|-start|p2a: Uxie|Syrup Bomb\n|move|p1a: Arboliva|Dazzling Gleam|p2a: Uxie|[spread] p2a,p2b\n|-supereffective|p2b: Ry\u016b senshi\n|-end|p2b: Ry\u016b senshi|Substitute\n|-damage|p2a: Uxie|12\/100\n|move|p2b: Ry\u016b senshi|Dragon Tail|p1a: Arboliva\n|-damage|p1a: Arboliva|58\/100\n|-fieldstart|move: Grassy Terrain|[from] ability: Seed Sower|[of] p1a: Arboliva\n|drag|p1a: Mightyena|Mightyena, M|100\/100\n|\n|-heal|p1b: Dipplin|92\/100|[from] Grassy Terrain\n|-heal|p2b: Ry\u016b senshi|42\/100|[from] Grassy Terrain\n|-unboost|p2a: Uxie|spe|1\n|upkeep\n|turn|5\n|\n|t:|1696777877\n|switch|p1a: Skeledirge|Skeledirge, F|100\/100\n|switch|p1b: Arboliva|Arboliva, M|58\/100\n|move|p2a: Uxie|Reflect|p2a: Uxie\n|-sidestart|p2: Charvern|Reflect\n|move|p2b: Ry\u016b senshi|Dragon Tail|p1a: Skeledirge\n|-damage|p1a: Skeledirge|66\/100\n|drag|p1a: Farigiraf|Farigiraf, F|100\/100\n|\n|-heal|p2b: Ry\u016b senshi|49\/100|[from] Grassy Terrain\n|-heal|p1b: Arboliva|64\/100|[from] Grassy Terrain\n|-heal|p1b: Arboliva|70\/100|[from] item: Leftovers\n|-unboost|p2a: Uxie|spe|1\n|upkeep\n|turn|6\n|\n|t:|1696777897\n|move|p1a: Farigiraf|Calm Mind|p1a: Farigiraf\n|-boost|p1a: Farigiraf|spa|1\n|-boost|p1a: Farigiraf|spd|1\n|move|p2a: Uxie|Yawn|p1b: Arboliva\n|-start|p1b: Arboliva|move: Yawn|[of] p2a: Uxie\n|move|p1b: Arboliva|Giga Drain|p2b: Ry\u016b senshi\n|-resisted|p2b: Ry\u016b senshi\n|-damage|p2b: Ry\u016b senshi|31\/100\n|-heal|p1b: Arboliva|79\/100|[from] drain|[of] p2b: Ry\u016b senshi\n|move|p2b: Ry\u016b senshi|Dragon Tail|p1a: Farigiraf\n|-damage|p1a: Farigiraf|56\/100\n|drag|p1a: Malamar|Malamar, M|55\/100\n|\n|-heal|p1a: Malamar|61\/100|[from] Grassy Terrain\n|-heal|p2b: Ry\u016b senshi|37\/100|[from] Grassy Terrain\n|-heal|p1b: Arboliva|85\/100|[from] Grassy Terrain\n|-heal|p1b: Arboliva|91\/100|[from] item: Leftovers\n|-end|p2a: Uxie|Syrup Bomb\n|upkeep\n|turn|7\n|\n|t:|1696777919\n|move|p1a: Malamar|Superpower|p2b: Ry\u016b senshi\n|-damage|p2b: Ry\u016b senshi|18\/100\n|-boost|p1a: Malamar|atk|1\n|-boost|p1a: Malamar|def|1\n|move|p2a: Uxie|Yawn|p1a: Malamar\n|-start|p1a: Malamar|move: Yawn|[of] p2a: Uxie\n|move|p1b: Arboliva|Dazzling Gleam|p2b: Ry\u016b senshi|[spread] p2a,p2b\n|-supereffective|p2b: Ry\u016b senshi\n|-damage|p2a: Uxie|1\/100\n|-damage|p2b: Ry\u016b senshi|0 fnt\n|faint|p2b: Ry\u016b senshi\n|\n|-heal|p1a: Malamar|67\/100|[from] Grassy Terrain\n|-heal|p1b: Arboliva|97\/100|[from] Grassy Terrain\n|-heal|p1b: Arboliva|100\/100|[from] item: Leftovers\n|-end|p1b: Arboliva|move: Yawn|[silent]\n|-status|p1b: Arboliva|slp\n|-sideend|p2: Charvern|move: Light Screen\n|upkeep\n|inactive|Charvern has 120 seconds left.\n|\n|t:|1696777939\n|switch|p2b: Scark|Drapion, M, shiny|100\/100\n|turn|8\n|\n|t:|1696777952\n|move|p2b: Scark|Poison Jab|p1b: Arboliva\n|-supereffective|p1b: Arboliva\n|-damage|p1b: Arboliva|55\/100 slp\n|move|p1a: Malamar|Superpower|p2b: Scark\n|-damage|p2b: Scark|78\/100\n|-boost|p1a: Malamar|atk|1\n|-boost|p1a: Malamar|def|1\n|move|p2a: Uxie|Memento|p1a: Malamar\n|-boost|p1a: Malamar|atk|2\n|-boost|p1a: Malamar|spa|2\n|faint|p2a: Uxie\n|cant|p1b: Arboliva|slp\n|\n|-heal|p2b: Scark|84\/100|[from] Grassy Terrain\n|-heal|p2b: Scark|90\/100|[from] item: Leftovers\n|-heal|p1a: Malamar|73\/100|[from] Grassy Terrain\n|-heal|p1b: Arboliva|61\/100 slp|[from] Grassy Terrain\n|-heal|p1b: Arboliva|67\/100 slp|[from] item: Leftovers\n|-end|p1a: Malamar|move: Yawn|[silent]\n|-status|p1a: Malamar|slp\n|-fieldend|move: Grassy Terrain\n|upkeep\n|\n|t:|1696777971\n|switch|p2a: Kaiser|Kommo-o, M|100\/100\n|turn|9\n|\n|t:|1696777984\n|move|p2b: Scark|Acupressure|p2a: Kaiser\n|-boost|p2a: Kaiser|spe|2\n|-zpower|p2a: Kaiser\n|move|p2a: Kaiser|Clangorous Soulblaze|p1b: Arboliva|[zeffect]|[spread] p1a,p1b\n|-damage|p1a: Malamar|16\/100 slp\n|-damage|p1b: Arboliva|23\/100 slp\n|-fieldstart|move: Grassy Terrain|[from] ability: Seed Sower|[of] p1b: Arboliva\n|-boost|p2a: Kaiser|atk|1\n|-boost|p2a: Kaiser|def|1\n|-boost|p2a: Kaiser|spa|1\n|-boost|p2a: Kaiser|spd|1\n|-boost|p2a: Kaiser|spe|1\n|cant|p1a: Malamar|slp\n|cant|p1b: Arboliva|slp\n|\n|-heal|p2b: Scark|96\/100|[from] Grassy Terrain\n|-heal|p2b: Scark|100\/100|[from] item: Leftovers\n|-heal|p1a: Malamar|22\/100 slp|[from] Grassy Terrain\n|-heal|p1b: Arboliva|29\/100 slp|[from] Grassy Terrain\n|-heal|p1b: Arboliva|35\/100 slp|[from] item: Leftovers\n|-sideend|p2: Charvern|Reflect\n|upkeep\n|turn|10\n|\n|t:|1696778008\n|move|p2a: Kaiser|Clanging Scales|p1b: Arboliva|[spread] p1a,p1b\n|-damage|p1a: Malamar|0 fnt\n|-damage|p1b: Arboliva|0 fnt\n|faint|p1a: Malamar\n|faint|p1b: Arboliva\n|-unboost|p2a: Kaiser|def|1\n|move|p2b: Scark|Acupressure|p2a: Kaiser\n|-boost|p2a: Kaiser|evasion|2\n|\n|upkeep\n|\n|t:|1696778016\n|switch|p1a: Skeledirge|Skeledirge, F|66\/100\n|switch|p1b: Farigiraf|Farigiraf, F|56\/100\n|turn|11\n|\n|t:|1696778036\n|move|p2a: Kaiser|Drain Punch|p1b: Farigiraf\n|-damage|p1b: Farigiraf|6\/100\n|-enditem|p1b: Farigiraf|Aguav Berry|[eat]\n|-heal|p1b: Farigiraf|39\/100|[from] item: Aguav Berry\n|move|p2b: Scark|Poison Jab|p1a: Skeledirge\n|-resisted|p1a: Skeledirge\n|-damage|p1a: Skeledirge|55\/100\n|move|p1b: Farigiraf|Calm Mind|p1b: Farigiraf\n|-boost|p1b: Farigiraf|spa|1\n|-boost|p1b: Farigiraf|spd|1\n|move|p1a: Skeledirge|Torch Song|p2b: Scark\n|-damage|p2b: Scark|60\/100\n|-boost|p1a: Skeledirge|spa|1\n|\n|-heal|p2b: Scark|66\/100|[from] Grassy Terrain\n|-heal|p2b: Scark|73\/100|[from] item: Leftovers\n|-heal|p1b: Farigiraf|45\/100|[from] Grassy Terrain\n|-heal|p1a: Skeledirge|62\/100|[from] Grassy Terrain\n|upkeep\n|turn|12\n|\n|t:|1696778059\n|move|p2a: Kaiser|Drain Punch|p1b: Farigiraf\n|-damage|p1b: Farigiraf|0 fnt\n|faint|p1b: Farigiraf\n|move|p2b: Scark|Earthquake|p1a: Skeledirge|[spread] p2a,p1a\n|-supereffective|p1a: Skeledirge\n|-damage|p2a: Kaiser|93\/100\n|-damage|p1a: Skeledirge|48\/100\n|move|p1a: Skeledirge|Torch Song|p2b: Scark\n|-damage|p2b: Scark|14\/100\n|-boost|p1a: Skeledirge|spa|1\n|\n|-heal|p2a: Kaiser|99\/100|[from] Grassy Terrain\n|-heal|p2b: Scark|20\/100|[from] Grassy Terrain\n|-heal|p2b: Scark|26\/100|[from] item: Leftovers\n|-heal|p1a: Skeledirge|54\/100|[from] Grassy Terrain\n|upkeep\n|inactive|Jkhiii has 120 seconds left.\n|\n|t:|1696778077\n|switch|p1b: Dipplin|Dipplin, F, tera:Steel|92\/100\n|turn|13\n|\n|t:|1696778088\n|move|p2a: Kaiser|Drain Punch|p1b: Dipplin\n|-supereffective|p1b: Dipplin\n|-damage|p1b: Dipplin|24\/100\n|-heal|p2a: Kaiser|100\/100|[from] drain|[of] p1b: Dipplin\n|move|p2b: Scark|Acupressure|p2a: Kaiser\n|-boost|p2a: Kaiser|spe|2\n|move|p1a: Skeledirge|Torch Song|p2b: Scark\n|-damage|p2b: Scark|0 fnt\n|-boost|p1a: Skeledirge|spa|1\n|faint|p2b: Scark\n|move|p1b: Dipplin|Syrup Bomb|p2a: Kaiser\n|-immune|p2a: Kaiser|[from] ability: Bulletproof\n|\n|-heal|p1a: Skeledirge|61\/100|[from] Grassy Terrain\n|-heal|p1b: Dipplin|30\/100|[from] Grassy Terrain\n|-fieldend|move: Grassy Terrain\n|upkeep\n|\n|t:|1696778107\n|switch|p2b: Liib|Flygon, M|100\/100\n|turn|14\n|\n|t:|1696778114\n|-terastallize|p2b: Liib|Electric\n|move|p2a: Kaiser|Drain Punch|p1b: Dipplin\n|-supereffective|p1b: Dipplin\n|-damage|p1b: Dipplin|0 fnt\n|faint|p1b: Dipplin\n|move|p2b: Liib|Earthquake|p1a: Skeledirge|[spread] p2a,p1a\n|-supereffective|p1a: Skeledirge\n|-damage|p2a: Kaiser|75\/100\n|-damage|p1a: Skeledirge|13\/100\n|move|p1a: Skeledirge|Torch Song|p2a: Kaiser\n|-resisted|p2a: Kaiser\n|-crit|p2a: Kaiser\n|-damage|p2a: Kaiser|16\/100\n|-boost|p1a: Skeledirge|spa|1\n|\n|upkeep\n|\n|t:|1696778129\n|switch|p1b: Mightyena|Mightyena, M|100\/100\n|turn|15\n|\n|t:|1696778137\n|move|p2a: Kaiser|Drain Punch|p1b: Mightyena\n|-supereffective|p1b: Mightyena\n|-damage|p1b: Mightyena|0 fnt\n|-heal|p2a: Kaiser|66\/100|[from] drain|[of] p1b: Mightyena\n|faint|p1b: Mightyena\n|move|p2b: Liib|Dragon Claw|p1a: Skeledirge\n|-damage|p1a: Skeledirge|0 fnt\n|faint|p1a: Skeledirge\n|\n|win|Charvern\n|raw|Jkhiii's rating: 1020 &rarr; <strong>1013<\/strong><br \/>(-7 for losing)\n|raw|Charvern's rating: 1193 &rarr; <strong>1206<\/strong><br \/>(+13 for winning)\n|c|\u2606Charvern|gg\n|l|\u2606Jkhiii\n","uploadtime":1696778150,"views":9,"p1id":"jkhiii","p2id":"charvern","formatid":"gen9nationaldexdoubles","rating":1013,"private":0,"password":""}