{"id":"gen9nationaldexdoubles-1966710353","p1":"gen1erfr","p2":"STrangThing","format":"[Gen 9] National Dex Doubles","log":"|j|\u2606gen1erfr\n|j|\u2606STrangThing\n|t:|1697215500\n|gametype|doubles\n|player|p1|gen1erfr|102|\n|player|p2|STrangThing|2|\n|teamsize|p1|2\n|teamsize|p2|6\n|gen|9\n|tier|[Gen 9] National Dex Doubles\n|rule|HP Percentage Mod: HP is shown in percentages\n|rule|Endless Battle Clause: Forcing endless battles is banned\n|rule|OHKO Clause: OHKO moves are banned\n|rule|Evasion Moves Clause: Evasion moves are banned\n|rule|Evasion Abilities Clause: Evasion abilities are banned\n|rule|Species Clause: Limit one of each Pok\u00e9mon\n|rule|Gravity Sleep Clause: The combination of sleep-inducing moves with imperfect accuracy and Gravity or Gigantamax Orbeetle are banned\n|clearpoke\n|poke|p1|Krookodile, M|\n|poke|p1|Cryogonal|\n|poke|p2|Swampert, M|\n|poke|p2|Ogerpon-Hearthflame, F|\n|poke|p2|Sinistcha|\n|poke|p2|Goodra-Hisui, M|\n|poke|p2|Grimmsnarl, M|\n|poke|p2|Landorus-Therian, M|\n|teampreview\n|c|\u2606STrangThing|Lets try that again shall we\n|c|\u2606gen1erfr|yeah\n|\n|t:|1697215517\n|start\n|switch|p1a: Krookodile|Krookodile, M|100\/100\n|switch|p1b: Cryogonal|Cryogonal|100\/100\n|switch|p2a: Swampert|Swampert, M|100\/100\n|switch|p2b: Landorus|Landorus-Therian, M|100\/100\n|-ability|p2b: Landorus|Intimidate|boost\n|-unboost|p1a: Krookodile|atk|1\n|-unboost|p1b: Cryogonal|atk|1\n|turn|1\n|\n|t:|1697215534\n|-terastallize|p1a: Krookodile|Fire\n|move|p2a: Swampert|Protect|p2a: Swampert\n|-singleturn|p2a: Swampert|Protect\n|move|p1b: Cryogonal|Frost Breath|p1a: Krookodile\n|-resisted|p1a: Krookodile\n|-crit|p1a: Krookodile\n|-damage|p1a: Krookodile|79\/100\n|-setboost|p1a: Krookodile|atk|6|[from] ability: Anger Point\n|move|p2b: Landorus|Hidden Power|p1a: Krookodile\n|-resisted|p1a: Krookodile\n|-damage|p1a: Krookodile|66\/100\n|move|p1a: Krookodile|Earthquake|p2b: Landorus|[spread] \n|-activate|p2a: Swampert|move: Protect\n|-immune|p1b: Cryogonal|[from] ability: Levitate\n|-immune|p2b: Landorus\n|\n|upkeep\n|turn|2\n|c|\u2606STrangThing|Anger point i see\n|c|\u2606gen1erfr|yep\n|\n|t:|1697215570\n|switch|p2b: Grimmsnarl|Grimmsnarl, M|100\/100\n|move|p1b: Cryogonal|Frost Breath|p2b: Grimmsnarl|[miss]\n|-miss|p1b: Cryogonal|p2b: Grimmsnarl\n|move|p1a: Krookodile|Earthquake|p2a: Swampert|[spread] p2a,p2b\n|-immune|p1b: Cryogonal|[from] ability: Levitate\n|-damage|p2a: Swampert|0 fnt\n|-damage|p2b: Grimmsnarl|0 fnt\n|faint|p2a: Swampert\n|faint|p2b: Grimmsnarl\n|\n|upkeep\n|\n|t:|1697215586\n|switch|p2a: Ogerpon|Ogerpon-Hearthflame, F|100\/100\n|switch|p2b: Landorus|Landorus-Therian, M|100\/100\n|-ability|p2b: Landorus|Intimidate|boost\n|-unboost|p1a: Krookodile|atk|1\n|-unboost|p1b: Cryogonal|atk|1\n|-ability|p2a: Ogerpon|Mold Breaker\n|turn|3\n|\n|t:|1697215608\n|move|p2a: Ogerpon|Spiky Shield|p2a: Ogerpon\n|-singleturn|p2a: Ogerpon|move: Protect\n|move|p1b: Cryogonal|Frost Breath|p2b: Landorus\n|-supereffective|p2b: Landorus\n|-crit|p2b: Landorus\n|-damage|p2b: Landorus|0 fnt\n|faint|p2b: Landorus\n|move|p1a: Krookodile|Earthquake|p2a: Ogerpon|[spread] \n|-activate|p2a: Ogerpon|move: Protect\n|-immune|p1b: Cryogonal|[from] ability: Levitate\n|\n|upkeep\n|c|\u2606STrangThing|i forgot to tera\n|c|\u2606STrangThing|lol\n|c|\u2606gen1erfr|lel\n|\n|t:|1697215628\n|switch|p2b: Sinistcha|Sinistcha|100\/100\n|turn|4\n|\n|t:|1697215638\n|-terastallize|p2a: Ogerpon|Fire\n|detailschange|p2a: Ogerpon|Ogerpon-Hearthflame-Tera, F, tera:Fire\n|-ability|p2a: Ogerpon|Embody Aspect (Hearthflame)|boost\n|-boost|p2a: Ogerpon|atk|1\n|move|p1b: Cryogonal|Frost Breath|p2a: Ogerpon\n|-resisted|p2a: Ogerpon\n|-crit|p2a: Ogerpon\n|-damage|p2a: Ogerpon|84\/100\n|move|p1a: Krookodile|Earthquake|p2b: Sinistcha|[spread] p2a,p2b\n|-immune|p1b: Cryogonal|[from] ability: Levitate\n|-supereffective|p2a: Ogerpon\n|-crit|p2a: Ogerpon\n|-resisted|p2b: Sinistcha\n|-damage|p2a: Ogerpon|0 fnt\n|-damage|p2b: Sinistcha|50\/100\n|faint|p2a: Ogerpon\n|move|p2b: Sinistcha|Scald|p1a: Krookodile\n|-supereffective|p1a: Krookodile\n|-damage|p1a: Krookodile|4\/100\n|\n|-heal|p2b: Sinistcha|56\/100|[from] item: Leftovers\n|upkeep\n|c|\u2606gen1erfr|anger point go crazy\n|c|\u2606STrangThing|How did sinischa live that\n|\n|t:|1697215666\n|switch|p2a: Goodra|Goodra-Hisui, M|100\/100\n|turn|5\n|\n|t:|1697215675\n|move|p1b: Cryogonal|Frost Breath|p2b: Sinistcha\n|-supereffective|p2b: Sinistcha\n|-crit|p2b: Sinistcha\n|-damage|p2b: Sinistcha|0 fnt\n|faint|p2b: Sinistcha\n|move|p1a: Krookodile|Earthquake|p2a: Goodra|[spread] p2a\n|-immune|p1b: Cryogonal|[from] ability: Levitate\n|-supereffective|p2a: Goodra\n|-damage|p2a: Goodra|0 fnt\n|faint|p2a: Goodra\n|\n|win|gen1erfr\n|c|\u2606STrangThing|gg\n|c|\u2606gen1erfr|gg\n|c|\u2606STrangThing|again?\n|c|\u2606gen1erfr|bet\n|l|\u2606STrangThing\n","uploadtime":1697215734,"views":15,"p1id":"gen1erfr","p2id":"strangthing","formatid":"gen9nationaldexdoubles","rating":0,"private":0,"password":""}