{"id":"gen9nationaldexdoubles-1987780880","p1":"Astro Nation Shoe","p2":"eragon11145","format":"[Gen 9] National Dex Doubles","log":"|j|\u2606Astro Nation Shoe\n|j|\u2606eragon11145\n|t:|1699636270\n|gametype|doubles\n|player|p1|Astro Nation Shoe|swimmer-masters|\n|player|p2|eragon11145|#dwcopiii|\n|teamsize|p1|6\n|teamsize|p2|6\n|gen|9\n|tier|[Gen 9] National Dex Doubles\n|rule|HP Percentage Mod: HP is shown in percentages\n|rule|Endless Battle Clause: Forcing endless battles is banned\n|rule|OHKO Clause: OHKO moves are banned\n|rule|Evasion Moves Clause: Evasion moves are banned\n|rule|Evasion Abilities Clause: Evasion abilities are banned\n|rule|Species Clause: Limit one of each Pok\u00e9mon\n|rule|Gravity Sleep Clause: The combination of sleep-inducing moves with imperfect accuracy and Gravity or Gigantamax Orbeetle are banned\n|clearpoke\n|poke|p1|Metagross|\n|poke|p1|Marshadow|\n|poke|p1|Rillaboom, M|\n|poke|p1|Kingambit, M|\n|poke|p1|Volcanion|\n|poke|p1|Whimsicott, M|\n|poke|p2|Zygarde|\n|poke|p2|Indeedee-F, F|\n|poke|p2|Gardevoir, F|\n|poke|p2|Urshifu-*, F|\n|poke|p2|Roaring Moon|\n|poke|p2|Ogerpon-Hearthflame, F|\n|teampreview\n|inactive|Battle timer is ON: inactive players will automatically lose when time's up. (requested by eragon11145)\n|c|\u2606eragon11145|glhf\n|c|\u2606Astro Nation Shoe|\/log Astro Nation Shoe made this room public.\n|inactive|Astro Nation Shoe has 270 seconds left.\n|inactive|eragon11145 has 270 seconds left.\n|j| AIRedzone\n|inactive|Astro Nation Shoe has 240 seconds left.\n|j| Jello1231\n|\n|t:|1699636344\n|start\n|switch|p1a: Marshadow|Marshadow|100\/100\n|switch|p1b: Metagross|Metagross|100\/100\n|switch|p2a: Zygarde|Zygarde|100\/100\n|switch|p2b: Ogerpon|Ogerpon-Hearthflame, F|100\/100\n|-ability|p2a: Zygarde|Aura Break\n|-ability|p2b: Ogerpon|Mold Breaker\n|turn|1\n|\n|t:|1699636357\n|detailschange|p1b: Metagross|Metagross-Mega\n|-mega|p1b: Metagross|Metagross|Metagrossite\n|move|p2a: Zygarde|Protect|p2a: Zygarde\n|-singleturn|p2a: Zygarde|Protect\n|move|p2b: Ogerpon|Spiky Shield|p2b: Ogerpon\n|-singleturn|p2b: Ogerpon|move: Protect\n|-zpower|p1a: Marshadow\n|move|p1a: Marshadow|Soul-Stealing 7-Star Strike|p2b: Ogerpon|[zeffect]\n|-zbroken|p2b: Ogerpon\n|-damage|p2b: Ogerpon|77\/100\n|-damage|p1a: Marshadow|88\/100|[from] Spiky Shield|[of] p2b: Ogerpon\n|move|p1b: Metagross|Meteor Mash|p2a: Zygarde\n|-activate|p2a: Zygarde|move: Protect\n|\n|upkeep\n|turn|2\n|\n|t:|1699636386\n|move|p2b: Ogerpon|Follow Me|p2b: Ogerpon\n|-singleturn|p2b: Ogerpon|move: Follow Me\n|move|p1a: Marshadow|Close Combat|p2b: Ogerpon\n|-damage|p2b: Ogerpon|19\/100\n|-unboost|p1a: Marshadow|def|1\n|-unboost|p1a: Marshadow|spd|1\n|move|p1b: Metagross|Meteor Mash|p2b: Ogerpon\n|-resisted|p2b: Ogerpon\n|-damage|p2b: Ogerpon|0 fnt\n|faint|p2b: Ogerpon\n|move|p2a: Zygarde|Substitute|p2a: Zygarde\n|-start|p2a: Zygarde|Substitute\n|-damage|p2a: Zygarde|75\/100\n|\n|-heal|p2a: Zygarde|82\/100|[from] item: Leftovers\n|upkeep\n|j| nddcd aron\n|inactive|eragon11145 has 270 seconds left.\n|j| Iceberg77\n|\n|t:|1699636411\n|switch|p2b: Indeedee|Indeedee-F, F|100\/100\n|-fieldstart|move: Psychic Terrain|[from] ability: Psychic Surge|[of] p2b: Indeedee\n|turn|3\n|j| Evilo42\n|\n|t:|1699636424\n|switch|p1a: Whimsicott|Whimsicott, M|100\/100\n|move|p2b: Indeedee|Follow Me|p2b: Indeedee\n|-singleturn|p2b: Indeedee|move: Follow Me\n|move|p1b: Metagross|Steel Roller|p2b: Indeedee\n|-damage|p2b: Indeedee|6\/100\n|-fieldend|move: Psychic Terrain\n|-enditem|p2b: Indeedee|Sitrus Berry|[eat]\n|-heal|p2b: Indeedee|31\/100|[from] item: Sitrus Berry\n|move|p2a: Zygarde|Dragon Dance|p2a: Zygarde\n|-boost|p2a: Zygarde|atk|1\n|-boost|p2a: Zygarde|spe|1\n|\n|-heal|p2a: Zygarde|88\/100|[from] item: Leftovers\n|upkeep\n|turn|4\n|\n|t:|1699636437\n|move|p2b: Indeedee|Follow Me|p2b: Indeedee\n|-singleturn|p2b: Indeedee|move: Follow Me\n|move|p1a: Whimsicott|Tailwind|p1a: Whimsicott\n|-sidestart|p1: Astro Nation Shoe|move: Tailwind\n|move|p1b: Metagross|Meteor Mash|p2b: Indeedee\n|-damage|p2b: Indeedee|0 fnt\n|faint|p2b: Indeedee\n|move|p2a: Zygarde|Dragon Dance|p2a: Zygarde\n|-boost|p2a: Zygarde|atk|1\n|-boost|p2a: Zygarde|spe|1\n|\n|-heal|p2a: Zygarde|94\/100|[from] item: Leftovers\n|upkeep\n|\n|t:|1699636442\n|switch|p2b: Roaring Moon|Roaring Moon|100\/100\n|-enditem|p2b: Roaring Moon|Booster Energy\n|-activate|p2b: Roaring Moon|ability: Protosynthesis|[fromitem]\n|-start|p2b: Roaring Moon|protosynthesisspe\n|turn|5\n|\n|t:|1699636459\n|-terastallize|p2b: Roaring Moon|Poison\n|move|p1a: Whimsicott|Moonblast|p2b: Roaring Moon\n|-resisted|p2b: Roaring Moon\n|-damage|p2b: Roaring Moon|87\/100\n|-unboost|p2b: Roaring Moon|spa|1\n|move|p1b: Metagross|Stomping Tantrum|p2b: Roaring Moon\n|-supereffective|p2b: Roaring Moon\n|-damage|p2b: Roaring Moon|13\/100\n|move|p2b: Roaring Moon|Tailwind|p2b: Roaring Moon\n|-sidestart|p2: eragon11145|move: Tailwind\n|move|p2a: Zygarde|Thousand Arrows|p1b: Metagross|[spread] p1a,p1b\n|-resisted|p1a: Whimsicott\n|-supereffective|p1b: Metagross\n|-damage|p1a: Whimsicott|60\/100\n|-damage|p1b: Metagross|19\/100\n|\n|-heal|p2a: Zygarde|99\/100|[from] item: Leftovers\n|upkeep\n|turn|6\n|inactive|Astro Nation Shoe has 270 seconds left.\n|\n|t:|1699636499\n|move|p1a: Whimsicott|Protect|p1a: Whimsicott\n|-singleturn|p1a: Whimsicott|Protect\n|move|p2b: Roaring Moon|Knock Off|p1a: Whimsicott\n|-activate|p1a: Whimsicott|move: Protect\n|move|p2a: Zygarde|Thousand Arrows|p1b: Metagross|[spread] p1b\n|-activate|p1a: Whimsicott|move: Protect\n|-supereffective|p1b: Metagross\n|-damage|p1b: Metagross|0 fnt\n|faint|p1b: Metagross\n|\n|-heal|p2a: Zygarde|100\/100|[from] item: Leftovers\n|upkeep\n|\n|t:|1699636528\n|switch|p1b: Marshadow|Marshadow|88\/100\n|turn|7\n|inactive|Astro Nation Shoe has 240 seconds left.\n|\n|t:|1699636564\n|move|p1b: Marshadow|Shadow Sneak|p2b: Roaring Moon\n|-damage|p2b: Roaring Moon|0 fnt\n|faint|p2b: Roaring Moon\n|-end|p2b: Roaring Moon|Protosynthesis|[silent]\n|move|p2a: Zygarde|Thousand Arrows|p1a: Whimsicott|[spread] p1a,p1b\n|-resisted|p1a: Whimsicott\n|-damage|p1a: Whimsicott|21\/100\n|-damage|p1b: Marshadow|19\/100\n|move|p1a: Whimsicott|Moonblast|p2a: Zygarde\n|-supereffective|p2a: Zygarde\n|-end|p2a: Zygarde|Substitute\n|\n|-sideend|p1: Astro Nation Shoe|move: Tailwind\n|upkeep\n|\n|t:|1699636573\n|switch|p2b: Urshifu|Urshifu-Rapid-Strike, F|100\/100\n|turn|8\n|inactive|Astro Nation Shoe has 240 seconds left.\n|\n|t:|1699636610\n|move|p1b: Marshadow|Shadow Sneak|p2a: Zygarde\n|-damage|p2a: Zygarde|79\/100\n|move|p1a: Whimsicott|Tailwind|p1a: Whimsicott\n|-sidestart|p1: Astro Nation Shoe|move: Tailwind\n|move|p2a: Zygarde|Thousand Arrows|p1a: Whimsicott|[spread] p1a,p1b\n|-resisted|p1a: Whimsicott\n|-damage|p1a: Whimsicott|0 fnt\n|-damage|p1b: Marshadow|0 fnt\n|faint|p1a: Whimsicott\n|faint|p1b: Marshadow\n|move|p2b: Urshifu|U-turn|p1: Whimsicott|[notarget]\n|-fail|p2b: Urshifu\n|\n|-heal|p2a: Zygarde|85\/100|[from] item: Leftovers\n|-sideend|p2: eragon11145|move: Tailwind\n|upkeep\n|\n|t:|1699636629\n|switch|p1b: Kingambit|Kingambit, M|100\/100\n|switch|p1a: Rillaboom|Rillaboom, M|100\/100\n|-fieldstart|move: Grassy Terrain|[from] ability: Grassy Surge|[of] p1a: Rillaboom\n|turn|9\n|inactive|Astro Nation Shoe has 240 seconds left.\n|\n|t:|1699636634\n|-terastallize|p1b: Kingambit|Dark\n|move|p2a: Zygarde|Thousand Arrows|p1a: Rillaboom|[spread] p1a,p1b\n|-resisted|p1a: Rillaboom\n|-damage|p1a: Rillaboom|75\/100\n|-damage|p1b: Kingambit|55\/100\n|move|p1a: Rillaboom|Wood Hammer|p2b: Urshifu\n|-supereffective|p2b: Urshifu\n|-damage|p2b: Urshifu|0 fnt\n|faint|p2b: Urshifu\n|-damage|p1a: Rillaboom|46\/100|[from] Recoil\n|move|p1b: Kingambit|Knock Off|p2a: Zygarde\n|-crit|p2a: Zygarde\n|-damage|p2a: Zygarde|0 fnt\n|-enditem|p2a: Zygarde|Leftovers|[from] move: Knock Off|[of] p1b: Kingambit\n|faint|p2a: Zygarde\n|\n|-heal|p1a: Rillaboom|52\/100|[from] Grassy Terrain\n|-heal|p1b: Kingambit|61\/100|[from] Grassy Terrain\n|upkeep\n|\n|t:|1699636648\n|switch|p2b: Gardevoir|Gardevoir, F|100\/100\n|turn|10\n|l| AIRedzone\n|c|\u2606Astro Nation Shoe|sorry aobut the crit\n|\n|t:|1699636665\n|detailschange|p2b: Gardevoir|Gardevoir-Mega, F\n|-mega|p2b: Gardevoir|Gardevoir|Gardevoirite\n|move|p2b: Gardevoir|Protect|p2b: Gardevoir\n|-singleturn|p2b: Gardevoir|Protect\n|move|p1a: Rillaboom|Wood Hammer|p2b: Gardevoir\n|-activate|p2b: Gardevoir|move: Protect\n|move|p1b: Kingambit|Knock Off|p2b: Gardevoir\n|-activate|p2b: Gardevoir|move: Protect\n|\n|-heal|p1a: Rillaboom|58\/100|[from] Grassy Terrain\n|-heal|p1b: Kingambit|68\/100|[from] Grassy Terrain\n|upkeep\n|turn|11\n|\n|t:|1699636674\n|move|p1a: Rillaboom|Wood Hammer|p2b: Gardevoir\n|-damage|p2b: Gardevoir|0 fnt\n|faint|p2b: Gardevoir\n|-damage|p1a: Rillaboom|32\/100|[from] Recoil\n|\n|win|Astro Nation Shoe\n|c|\u2606eragon11145|gg\n|l| Iceberg77\n|l| Evilo42\n","uploadtime":1699637261,"views":80,"p1id":"astronationshoe","p2id":"eragon11145","formatid":"gen9nationaldexdoubles","rating":0,"private":0,"password":""}