{"id":"gen9nationaldexdoubles-1965710781","p1":"I'mSuspecious)","p2":"Silent Cosmos","format":"[Gen 9] National Dex Doubles","log":"|j|\u2606I'mSuspecious)\n|j|\u2606Silent Cosmos\n|t:|1697111541\n|gametype|doubles\n|player|p1|I'mSuspecious)|wallace|1274\n|player|p2|Silent Cosmos|ghetsis-gen5bw|1384\n|teamsize|p1|6\n|teamsize|p2|6\n|gen|9\n|tier|[Gen 9] National Dex Doubles\n|rated|\n|rule|HP Percentage Mod: HP is shown in percentages\n|rule|Endless Battle Clause: Forcing endless battles is banned\n|rule|OHKO Clause: OHKO moves are banned\n|rule|Evasion Moves Clause: Evasion moves are banned\n|rule|Evasion Abilities Clause: Evasion abilities are banned\n|rule|Species Clause: Limit one of each Pok\u00e9mon\n|rule|Gravity Sleep Clause: The combination of sleep-inducing moves with imperfect accuracy and Gravity or Gigantamax Orbeetle are banned\n|clearpoke\n|poke|p1|Pelipper, M|\n|poke|p1|Walking Wake|\n|poke|p1|Ogerpon-Wellspring, F|\n|poke|p1|Rotom-Wash|\n|poke|p1|Slowking, M|\n|poke|p1|Arctovish|\n|poke|p2|Houndoom, M|\n|poke|p2|Rillaboom, F|\n|poke|p2|Zygarde|\n|poke|p2|Zamazenta-*|\n|poke|p2|Tornadus, M|\n|poke|p2|Ogerpon-Wellspring, F|\n|teampreview\n|inactive|Battle timer is ON: inactive players will automatically lose when time's up. (requested by Silent Cosmos)\n|c|\u2606I'mSuspecious)|sheee\n|c|\u2606I'mSuspecious)|this is scary\n|inactive|I'mSuspecious) has 120 seconds left.\n|\n|t:|1697111585\n|start\n|switch|p1a: Pelipper|Pelipper, M|100\/100\n|switch|p1b: Rotom|Rotom-Wash|100\/100\n|switch|p2a: Houndoom|Houndoom, M|100\/100\n|switch|p2b: Tornadus|Tornadus, M|100\/100\n|-weather|RainDance|[from] ability: Drizzle|[of] p1a: Pelipper\n|turn|1\n|\n|t:|1697111601\n|detailschange|p2a: Houndoom|Houndoom-Mega, M\n|-mega|p2a: Houndoom|Houndoom|Houndoominite\n|move|p2b: Tornadus|Sunny Day|p2b: Tornadus\n|-weather|SunnyDay\n|move|p2a: Houndoom|Solar Beam||[still]\n|-prepare|p2a: Houndoom|Solar Beam\n|-anim|p2a: Houndoom|Solar Beam|p1b: Rotom\n|-supereffective|p1b: Rotom\n|-damage|p1b: Rotom|0 fnt\n|faint|p1b: Rotom\n|move|p1a: Pelipper|Tailwind|p1a: Pelipper\n|-sidestart|p1: I'mSuspecious)|move: Tailwind\n|\n|-weather|SunnyDay|[upkeep]\n|-damage|p2a: Houndoom|88\/100|[from] ability: Solar Power|[of] p2a: Houndoom\n|upkeep\n|c|\u2606I'mSuspecious)|holy\n|c|\u2606I'mSuspecious)|Shoudl've predicted that\n|\n|t:|1697111622\n|switch|p1b: Walking Wake|Walking Wake|100\/100\n|-activate|p1b: Walking Wake|ability: Protosynthesis\n|-start|p1b: Walking Wake|protosynthesisspa\n|turn|2\n|\n|t:|1697111648\n|move|p2a: Houndoom|Protect|p2a: Houndoom\n|-singleturn|p2a: Houndoom|Protect\n|move|p1a: Pelipper|Wide Guard|p1a: Pelipper\n|-singleturn|p1a: Pelipper|Wide Guard\n|move|p2b: Tornadus|Tailwind|p2b: Tornadus\n|-sidestart|p2: Silent Cosmos|move: Tailwind\n|move|p1b: Walking Wake|Hydro Steam|p2b: Tornadus\n|-damage|p2b: Tornadus|0 fnt\n|faint|p2b: Tornadus\n|\n|-weather|SunnyDay|[upkeep]\n|-damage|p2a: Houndoom|76\/100|[from] ability: Solar Power|[of] p2a: Houndoom\n|upkeep\n|inactive|Silent Cosmos has 120 seconds left.\n|\n|t:|1697111672\n|switch|p2b: Rillaboom|Rillaboom, F|100\/100\n|-fieldstart|move: Grassy Terrain|[from] ability: Grassy Surge|[of] p2b: Rillaboom\n|turn|3\n|inactive|I'mSuspecious) has 120 seconds left.\n|\n|t:|1697111707\n|switch|p1a: Ogerpon|Ogerpon-Wellspring, F|100\/100\n|move|p2b: Rillaboom|Fake Out|p1b: Walking Wake\n|-damage|p1b: Walking Wake|83\/100\n|cant|p1b: Walking Wake|flinch\n|move|p2a: Houndoom|Dark Pulse|p1a: Ogerpon\n|-damage|p1a: Ogerpon|36\/100\n|\n|-weather|SunnyDay|[upkeep]\n|-damage|p2a: Houndoom|63\/100|[from] ability: Solar Power|[of] p2a: Houndoom\n|-heal|p1b: Walking Wake|89\/100|[from] Grassy Terrain\n|-heal|p2a: Houndoom|70\/100|[from] Grassy Terrain\n|-heal|p1a: Ogerpon|42\/100|[from] Grassy Terrain\n|upkeep\n|turn|4\n|inactive|I'mSuspecious) has 120 seconds left.\n|inactive|Silent Cosmos has 120 seconds left.\n|\n|t:|1697111752\n|switch|p1a: Pelipper|Pelipper, M|100\/100\n|-weather|RainDance|[from] ability: Drizzle|[of] p1a: Pelipper\n|-end|p1b: Walking Wake|Protosynthesis\n|move|p2b: Rillaboom|Grassy Glide|p1a: Pelipper\n|-damage|p1a: Pelipper|57\/100\n|move|p1b: Walking Wake|Hydro Steam|p2b: Rillaboom\n|-resisted|p2b: Rillaboom\n|-damage|p2b: Rillaboom|76\/100\n|move|p2a: Houndoom|Solar Beam||[still]\n|-prepare|p2a: Houndoom|Solar Beam\n|\n|-weather|RainDance|[upkeep]\n|-heal|p1b: Walking Wake|95\/100|[from] Grassy Terrain\n|-heal|p2a: Houndoom|76\/100|[from] Grassy Terrain\n|-heal|p2b: Rillaboom|82\/100|[from] Grassy Terrain\n|-sideend|p1: I'mSuspecious)|move: Tailwind\n|upkeep\n|turn|5\n|c|\u2606I'mSuspecious)|WHY AREN'T YOU SWITCHING\n|inactive|Silent Cosmos has 120 seconds left.\n|inactive|I'mSuspecious) has 120 seconds left.\n|c|\u2606I'mSuspecious)|OH MY GOD I COULDVE KILLED YOUR HOUNDOOM SO LONG AGO\n|\n|t:|1697111799\n|move|p2b: Rillaboom|Grassy Glide|p1b: Walking Wake\n|-damage|p1b: Walking Wake|51\/100\n|move|p2a: Houndoom|Solar Beam|p1b: Walking Wake|[from]lockedmove\n|-damage|p1b: Walking Wake|18\/100\n|move|p1b: Walking Wake|Hydro Steam|p2a: Houndoom\n|-supereffective|p2a: Houndoom\n|-crit|p2a: Houndoom\n|-damage|p2a: Houndoom|0 fnt\n|faint|p2a: Houndoom\n|move|p1a: Pelipper|Hurricane|p2b: Rillaboom\n|-supereffective|p2b: Rillaboom\n|-damage|p2b: Rillaboom|25\/100\n|\n|-weather|RainDance|[upkeep]\n|-heal|p1b: Walking Wake|25\/100|[from] Grassy Terrain\n|-heal|p2b: Rillaboom|31\/100|[from] Grassy Terrain\n|-sideend|p2: Silent Cosmos|move: Tailwind\n|upkeep\n|c|\u2606I'mSuspecious)|my god\n|inactive|Silent Cosmos has 90 seconds left.\n|\n|t:|1697111840\n|switch|p2a: Ogerpon|Ogerpon-Wellspring, F|100\/100\n|turn|6\n|inactive|I'mSuspecious) has 120 seconds left.\n|\n|t:|1697111867\n|-end|p1b: Walking Wake|Protosynthesis|[silent]\n|switch|p1b: Ogerpon|Ogerpon-Wellspring, F|42\/100\n|-terastallize|p2a: Ogerpon|Water\n|detailschange|p2a: Ogerpon|Ogerpon-Wellspring-Tera, F, tera:Water\n|-ability|p2a: Ogerpon|Embody Aspect (Wellspring)|boost\n|-boost|p2a: Ogerpon|spd|1\n|move|p2b: Rillaboom|Grassy Glide|p1a: Pelipper\n|-damage|p1a: Pelipper|14\/100\n|move|p2a: Ogerpon|Swords Dance|p2a: Ogerpon\n|-boost|p2a: Ogerpon|atk|2\n|move|p1a: Pelipper|Hurricane|p2b: Rillaboom\n|-supereffective|p2b: Rillaboom\n|-damage|p2b: Rillaboom|0 fnt\n|faint|p2b: Rillaboom\n|\n|-weather|RainDance|[upkeep]\n|-heal|p1b: Ogerpon|48\/100|[from] Grassy Terrain\n|upkeep\n|inactive|Silent Cosmos has 60 seconds left.\n|\n|t:|1697111891\n|switch|p2b: Zygarde|Zygarde|100\/100\n|-ability|p2b: Zygarde|Aura Break\n|turn|7\n|inactive|I'mSuspecious) has 120 seconds left.\n|\n|t:|1697111912\n|move|p1b: Ogerpon|Spiky Shield|p1b: Ogerpon\n|-singleturn|p1b: Ogerpon|move: Protect\n|move|p2a: Ogerpon|Horn Leech|p1b: Ogerpon\n|-activate|p1b: Ogerpon|move: Protect\n|-damage|p2a: Ogerpon|88\/100|[from] Spiky Shield|[of] p1b: Ogerpon\n|move|p2b: Zygarde|Thousand Arrows|p1b: Ogerpon|[spread] p1a\n|-activate|p1b: Ogerpon|move: Protect\n|-damage|p1a: Pelipper|0 fnt\n|faint|p1a: Pelipper\n|\n|-weather|RainDance|[upkeep]\n|-heal|p2a: Ogerpon|94\/100|[from] Grassy Terrain\n|-heal|p1b: Ogerpon|54\/100|[from] Grassy Terrain\n|-fieldend|move: Grassy Terrain\n|upkeep\n|\n|t:|1697111927\n|switch|p1a: Slowking|Slowking, M|100\/100\n|turn|8\n|inactive|I'mSuspecious) has 120 seconds left.\n|inactive|Silent Cosmos has 90 seconds left.\n|c|\u2606I'mSuspecious)|This is a tough match\n|inactive|Silent Cosmos has 60 seconds left.\n|\n|t:|1697111970\n|-terastallize|p1a: Slowking|Fairy\n|move|p2a: Ogerpon|Horn Leech|p1a: Slowking\n|-damage|p1a: Slowking|30\/100\n|-heal|p2a: Ogerpon|100\/100|[from] drain|[of] p1a: Slowking\n|move|p1b: Ogerpon|Horn Leech|p2a: Ogerpon\n|-supereffective|p2a: Ogerpon\n|-damage|p2a: Ogerpon|0 fnt\n|-heal|p1b: Ogerpon|96\/100|[from] drain|[of] p2a: Ogerpon\n|faint|p2a: Ogerpon\n|move|p2b: Zygarde|Thousand Arrows|p1a: Slowking|[spread] p1a,p1b\n|-resisted|p1b: Ogerpon\n|-damage|p1a: Slowking|0 fnt\n|-damage|p1b: Ogerpon|73\/100\n|faint|p1a: Slowking\n|\n|-weather|none\n|upkeep\n|c|\u2606I'mSuspecious)|YES\n|c|\u2606I'mSuspecious)|SHIT\n|inactive|I'mSuspecious) has 120 seconds left.\n|c|\u2606I'mSuspecious)|slowbro\n|\n|t:|1697111997\n|switch|p2a: Zamazenta|Zamazenta|100\/100\n|switch|p1a: Walking Wake|Walking Wake|25\/100\n|-ability|p2a: Zamazenta|Dauntless Shield|boost\n|-boost|p2a: Zamazenta|def|1\n|turn|9\n|inactive|Silent Cosmos has 90 seconds left.\n|inactive|I'mSuspecious) has 120 seconds left.\n|\n|t:|1697112029\n|move|p1b: Ogerpon|Follow Me|p1b: Ogerpon\n|-singleturn|p1b: Ogerpon|move: Follow Me\n|move|p1a: Walking Wake|Draco Meteor|p2b: Zygarde\n|-supereffective|p2b: Zygarde\n|-damage|p2b: Zygarde|0 fnt\n|-unboost|p1a: Walking Wake|spa|2\n|faint|p2b: Zygarde\n|move|p2a: Zamazenta|Body Press|p1b: Ogerpon\n|-damage|p1b: Ogerpon|25\/100\n|\n|upkeep\n|turn|10\n|c|\u2606I'mSuspecious)|less gi\n|inactive|Silent Cosmos has 90 seconds left.\n|inactive|I'mSuspecious) has 120 seconds left.\n|\n|t:|1697112078\n|-end|p1a: Walking Wake|Protosynthesis|[silent]\n|switch|p1a: Arctovish|Arctovish|100\/100\n|move|p1b: Ogerpon|Spiky Shield|p1b: Ogerpon\n|-singleturn|p1b: Ogerpon|move: Protect\n|move|p2a: Zamazenta|Body Press|p1b: Ogerpon\n|-activate|p1b: Ogerpon|move: Protect\n|-damage|p2a: Zamazenta|88\/100|[from] Spiky Shield|[of] p1b: Ogerpon\n|\n|upkeep\n|turn|11\n|c|\u2606I'mSuspecious)|ggs\n|\n|t:|1697112096\n|move|p1b: Ogerpon|Follow Me|p1b: Ogerpon\n|-singleturn|p1b: Ogerpon|move: Follow Me\n|move|p2a: Zamazenta|Body Press|p1b: Ogerpon\n|-damage|p1b: Ogerpon|0 fnt\n|faint|p1b: Ogerpon\n|move|p1a: Arctovish|Psychic Fangs|p2a: Zamazenta\n|-supereffective|p2a: Zamazenta\n|-damage|p2a: Zamazenta|54\/100\n|\n|upkeep\n|\n|t:|1697112103\n|switch|p1b: Walking Wake|Walking Wake|25\/100\n|turn|12\n|inactive|Silent Cosmos has 120 seconds left.\n|inactive|I'mSuspecious) has 120 seconds left.\n|c|\u2606I'mSuspecious)|actually no?\n|\n|t:|1697112129\n|move|p1b: Walking Wake|Hydro Steam|p2a: Zamazenta\n|-damage|p2a: Zamazenta|20\/100\n|-enditem|p2a: Zamazenta|Sitrus Berry|[eat]\n|-heal|p2a: Zamazenta|45\/100|[from] item: Sitrus Berry\n|move|p2a: Zamazenta|Play Rough|p1b: Walking Wake\n|-supereffective|p1b: Walking Wake\n|-damage|p1b: Walking Wake|0 fnt\n|faint|p1b: Walking Wake\n|-end|p1b: Walking Wake|Protosynthesis|[silent]\n|move|p1a: Arctovish|Psychic Fangs|p2a: Zamazenta\n|-supereffective|p2a: Zamazenta\n|-damage|p2a: Zamazenta|9\/100\n|\n|upkeep\n|turn|13\n|inactive|I'mSuspecious) has 120 seconds left.\n|c|\u2606I'mSuspecious)|o you win\n|inactive|Silent Cosmos has 120 seconds left.\n|c|\u2606I'mSuspecious)|close\n|c|\u2606I'mSuspecious)|almost got it\n|c|\u2606I'mSuspecious)|:(\n|\n|t:|1697112153\n|move|p2a: Zamazenta|Body Press|p1a: Arctovish\n|-supereffective|p1a: Arctovish\n|-damage|p1a: Arctovish|3\/100\n|move|p1a: Arctovish|Psychic Fangs|p2a: Zamazenta\n|-supereffective|p2a: Zamazenta\n|-damage|p2a: Zamazenta|0 fnt\n|faint|p2a: Zamazenta\n|\n|win|I'mSuspecious)\n|raw|I&apos;mSuspecious)'s rating: 1274 &rarr; <strong>1307<\/strong><br \/>(+33 for winning)\n|raw|Silent Cosmos's rating: 1384 &rarr; <strong>1358<\/strong><br \/>(-26 for losing)\n|c|\u2606I'mSuspecious)|OHHHHOHOH\n|c|\u2606I'mSuspecious)|EPIC\n|c|\u2606I'mSuspecious)|GGS\n|c|\u2606Silent Cosmos|Bruh ggs\n|c|\u2606Silent Cosmos|Good game\n|c|\u2606I'mSuspecious)|WP\n|c|\u2606I'mSuspecious)|Have a good oner man\n|c|\u2606Silent Cosmos|U2\n|c|\u2606I'mSuspecious)|<3\n|c|\u2606I'mSuspecious)|See you\n|c|\u2606Silent Cosmos|See ya\n","uploadtime":1697112195,"views":11,"p1id":"imsuspecious","p2id":"silentcosmos","formatid":"gen9nationaldexdoubles","rating":1307,"private":0,"password":""}