{"id":"gen9nationaldexdoubles-1957054420","p1":"Kaxxxx","p2":"SlimeGuy98712","format":"[Gen 9] National Dex Doubles","log":"|j|\u2606Kaxxxx\n|j|\u2606SlimeGuy98712\n|t:|1696182358\n|gametype|doubles\n|player|p1|Kaxxxx|steven|1187\n|player|p2|SlimeGuy98712|erika|1144\n|teamsize|p1|6\n|teamsize|p2|6\n|gen|9\n|tier|[Gen 9] National Dex Doubles\n|rated|\n|rule|HP Percentage Mod: HP is shown in percentages\n|rule|Endless Battle Clause: Forcing endless battles is banned\n|rule|OHKO Clause: OHKO moves are banned\n|rule|Evasion Moves Clause: Evasion moves are banned\n|rule|Evasion Abilities Clause: Evasion abilities are banned\n|rule|Species Clause: Limit one of each Pok\u00e9mon\n|rule|Gravity Sleep Clause: The combination of sleep-inducing moves with imperfect accuracy and Gravity or Gigantamax Orbeetle are banned\n|clearpoke\n|poke|p1|Walking Wake|\n|poke|p1|Goodra-Hisui, M|\n|poke|p1|Baxcalibur, M|\n|poke|p1|Charizard, M|\n|poke|p1|Salamence, F|\n|poke|p1|Dragonite, F|\n|poke|p2|Araquanid, F|\n|poke|p2|Klefki, F|\n|poke|p2|Maushold|\n|poke|p2|Orthworm, M|\n|poke|p2|Pelipper, F|\n|poke|p2|Wishiwashi, M|\n|teampreview\n|\n|t:|1696182363\n|start\n|switch|p1a: Charizard|Charizard, M|100\/100\n|switch|p1b: Goodra|Goodra-Hisui, M|100\/100\n|switch|p2a: Klefki|Klefki, F|100\/100\n|switch|p2b: Orthworm|Orthworm, M|100\/100\n|turn|1\n|\n|t:|1696182376\n|move|p1a: Charizard|Protect|p1a: Charizard\n|-singleturn|p1a: Charizard|Protect\n|move|p2a: Klefki|Rain Dance|p2a: Klefki\n|-weather|RainDance\n|move|p1b: Goodra|Curse|p1b: Goodra\n|-unboost|p1b: Goodra|spe|1\n|-boost|p1b: Goodra|atk|1\n|-boost|p1b: Goodra|def|1\n|move|p2b: Orthworm|Shed Tail|p2b: Orthworm\n|-start|p2b: Orthworm|Substitute|[from] move: Shed Tail\n|-damage|p2b: Orthworm|50\/100\n|-enditem|p2b: Orthworm|Sitrus Berry|[eat]\n|-heal|p2b: Orthworm|75\/100|[from] item: Sitrus Berry\n|\n|t:|1696182384\n|switch|p2b: Araquanid|Araquanid, F, shiny|100\/100|[from] Shed Tail\n|\n|-weather|RainDance|[upkeep]\n|upkeep\n|turn|2\n|\n|t:|1696182401\n|switch|p1a: Walking Wake|Walking Wake|100\/100\n|-enditem|p1a: Walking Wake|Booster Energy\n|-activate|p1a: Walking Wake|ability: Protosynthesis|[fromitem]\n|-start|p1a: Walking Wake|protosynthesisspa\n|-terastallize|p2b: Araquanid|Water\n|move|p2b: Araquanid|Liquidation|p1a: Walking Wake\n|-resisted|p1a: Walking Wake\n|-damage|p1a: Walking Wake|64\/100\n|move|p1b: Goodra|Rock Slide|p2b: Araquanid|[spread] p2a\n|-miss|p1b: Goodra|p2b: Araquanid\n|-resisted|p2a: Klefki\n|-damage|p2a: Klefki|93\/100\n|move|p2a: Klefki|Trick Room|p2a: Klefki\n|-fieldstart|move: Trick Room|[of] p2a: Klefki\n|\n|-weather|RainDance|[upkeep]\n|upkeep\n|turn|3\n|\n|t:|1696182426\n|switch|p2a: Maushold|Maushold|100\/100\n|move|p1b: Goodra|Curse|p1b: Goodra\n|-unboost|p1b: Goodra|spe|1\n|-boost|p1b: Goodra|atk|1\n|-boost|p1b: Goodra|def|1\n|move|p2b: Araquanid|Liquidation|p1a: Walking Wake\n|-resisted|p1a: Walking Wake\n|-damage|p1a: Walking Wake|26\/100\n|move|p1a: Walking Wake|Surf|p2a: Maushold|[spread] p1b,p2a,p2b\n|-resisted|p2b: Araquanid\n|-crit|p2b: Araquanid\n|-end|p2b: Araquanid|Substitute\n|-resisted|p1b: Goodra\n|-damage|p1b: Goodra|77\/100\n|-damage|p2a: Maushold|17\/100\n|\n|-weather|RainDance|[upkeep]\n|-heal|p1b: Goodra|83\/100|[from] item: Leftovers\n|-heal|p2a: Maushold|23\/100|[from] item: Leftovers\n|upkeep\n|turn|4\n|\n|t:|1696182443\n|move|p2a: Maushold|Follow Me|p2a: Maushold\n|-singleturn|p2a: Maushold|move: Follow Me\n|move|p1b: Goodra|Rock Slide|p2b: Araquanid|[spread] p2a,p2b\n|-damage|p2a: Maushold|0 fnt\n|-damage|p2b: Araquanid|82\/100\n|faint|p2a: Maushold\n|move|p2b: Araquanid|Liquidation|p1a: Walking Wake\n|-resisted|p1a: Walking Wake\n|-damage|p1a: Walking Wake|0 fnt\n|faint|p1a: Walking Wake\n|-end|p1a: Walking Wake|Protosynthesis|[silent]\n|\n|-weather|RainDance|[upkeep]\n|-heal|p1b: Goodra|89\/100|[from] item: Leftovers\n|upkeep\n|\n|t:|1696182456\n|switch|p1a: Salamence|Salamence, F|100\/100\n|switch|p2a: Wishiwashi|Wishiwashi, M, shiny|100\/100\n|-formechange|p2a: Wishiwashi|Wishiwashi-School||[from] ability: Schooling\n|-ability|p1a: Salamence|Intimidate|boost\n|-unboost|p2a: Wishiwashi|atk|1\n|-unboost|p2b: Araquanid|atk|1\n|turn|5\n|\n|t:|1696182477\n|switch|p1a: Dragonite|Dragonite, F|100\/100\n|move|p1b: Goodra|Toxic|p2a: Wishiwashi\n|-status|p2a: Wishiwashi|tox\n|move|p2a: Wishiwashi|Ice Beam|p1a: Dragonite\n|-supereffective|p1a: Dragonite\n|-damage|p1a: Dragonite|54\/100\n|move|p2b: Araquanid|Liquidation|p1a: Dragonite\n|-resisted|p1a: Dragonite\n|-damage|p1a: Dragonite|17\/100\n|\n|-weather|RainDance|[upkeep]\n|-heal|p1b: Goodra|95\/100|[from] item: Leftovers\n|-heal|p1a: Dragonite|23\/100|[from] item: Leftovers\n|-damage|p2a: Wishiwashi|94\/100 tox|[from] psn\n|upkeep\n|turn|6\n|\n|t:|1696182497\n|switch|p2b: Klefki|Klefki, F|93\/100\n|move|p1b: Goodra|Toxic|p2b: Klefki\n|-immune|p2b: Klefki\n|move|p2a: Wishiwashi|Ice Beam|p1a: Dragonite\n|-supereffective|p1a: Dragonite\n|-damage|p1a: Dragonite|0 fnt\n|faint|p1a: Dragonite\n|\n|-weather|RainDance|[upkeep]\n|-heal|p1b: Goodra|100\/100|[from] item: Leftovers\n|-heal|p2a: Wishiwashi|100\/100 tox|[from] item: Leftovers\n|-damage|p2a: Wishiwashi|88\/100 tox|[from] psn\n|-fieldend|move: Trick Room\n|upkeep\n|\n|t:|1696182506\n|switch|p1a: Baxcalibur|Baxcalibur, M|100\/100\n|turn|7\n|\n|t:|1696182517\n|move|p1a: Baxcalibur|Dragon Dance|p1a: Baxcalibur\n|-boost|p1a: Baxcalibur|atk|1\n|-boost|p1a: Baxcalibur|spe|1\n|move|p2a: Wishiwashi|Waterfall|p1a: Baxcalibur\n|-resisted|p1a: Baxcalibur\n|-damage|p1a: Baxcalibur|78\/100\n|move|p1b: Goodra|Curse|p1b: Goodra\n|-unboost|p1b: Goodra|spe|1\n|-boost|p1b: Goodra|atk|1\n|-boost|p1b: Goodra|def|1\n|move|p2b: Klefki|Trick Room|p2b: Klefki\n|-fieldstart|move: Trick Room|[of] p2b: Klefki\n|\n|-weather|RainDance|[upkeep]\n|-heal|p2a: Wishiwashi|94\/100 tox|[from] item: Leftovers\n|-damage|p2a: Wishiwashi|76\/100 tox|[from] psn\n|upkeep\n|turn|8\n|\n|t:|1696182532\n|move|p1a: Baxcalibur|Protect|p1a: Baxcalibur\n|-singleturn|p1a: Baxcalibur|Protect\n|move|p1b: Goodra|Rock Slide|p2a: Wishiwashi|[spread] p2a,p2b\n|-resisted|p2b: Klefki\n|-damage|p2a: Wishiwashi|46\/100 tox\n|-damage|p2b: Klefki|79\/100\n|cant|p2a: Wishiwashi|flinch\n|cant|p2b: Klefki|flinch\n|\n|-weather|none\n|-heal|p2a: Wishiwashi|52\/100 tox|[from] item: Leftovers\n|-damage|p2a: Wishiwashi|28\/100 tox|[from] psn\n|upkeep\n|turn|9\n|\n|t:|1696182552\n|move|p1b: Goodra|Curse|p1b: Goodra\n|-unboost|p1b: Goodra|spe|1\n|-boost|p1b: Goodra|atk|1\n|-boost|p1b: Goodra|def|1\n|move|p2a: Wishiwashi|Ice Beam|p1a: Baxcalibur\n|-damage|p1a: Baxcalibur|50\/100\n|move|p2b: Klefki|Foul Play|p1a: Baxcalibur\n|-damage|p1a: Baxcalibur|0 fnt\n|faint|p1a: Baxcalibur\n|\n|-heal|p2a: Wishiwashi|34\/100 tox|[from] item: Leftovers\n|-damage|p2a: Wishiwashi|3\/100 tox|[from] psn\n|-formechange|p2a: Wishiwashi|Wishiwashi||[from] ability: Schooling\n|upkeep\n|\n|t:|1696182564\n|switch|p1a: Salamence|Salamence, F|100\/100\n|-ability|p1a: Salamence|Intimidate|boost\n|-unboost|p2a: Wishiwashi|atk|1\n|-unboost|p2b: Klefki|atk|1\n|turn|10\n|\n|t:|1696182574\n|move|p2b: Klefki|Reflect|p2b: Klefki\n|-sidestart|p2: SlimeGuy98712|Reflect\n|move|p1b: Goodra|Curse|p1b: Goodra\n|-unboost|p1b: Goodra|spe|1\n|-boost|p1b: Goodra|atk|1\n|-boost|p1b: Goodra|def|1\n|move|p2a: Wishiwashi|Ice Beam|p1a: Salamence\n|-supereffective|p1a: Salamence\n|-damage|p1a: Salamence|58\/100\n|move|p1a: Salamence|Heat Wave|p2b: Klefki|[spread] p2a,p2b\n|-resisted|p2a: Wishiwashi\n|-supereffective|p2b: Klefki\n|-damage|p2a: Wishiwashi|0 fnt\n|-damage|p2b: Klefki|0 fnt\n|faint|p2a: Wishiwashi\n|faint|p2b: Klefki\n|\n|upkeep\n|\n|t:|1696182581\n|switch|p2a: Pelipper|Pelipper, F|100\/100\n|switch|p2b: Araquanid|Araquanid, F, shiny, tera:Water|82\/100\n|-weather|RainDance|[from] ability: Drizzle|[of] p2a: Pelipper\n|turn|11\n|\n|t:|1696182589\n|move|p1b: Goodra|Rock Slide|p2b: Araquanid|[spread] \n|-miss|p1b: Goodra|p2a: Pelipper\n|-miss|p1b: Goodra|p2b: Araquanid\n|move|p2b: Araquanid|Liquidation|p1a: Salamence\n|-resisted|p1a: Salamence\n|-damage|p1a: Salamence|0 fnt\n|faint|p1a: Salamence\n|move|p2a: Pelipper|Blizzard|p1b: Goodra\n|-crit|p1b: Goodra\n|-damage|p1b: Goodra|69\/100\n|\n|-weather|RainDance|[upkeep]\n|-heal|p1b: Goodra|75\/100|[from] item: Leftovers\n|-fieldend|move: Trick Room\n|upkeep\n|\n|t:|1696182596\n|switch|p1a: Charizard|Charizard, M|100\/100\n|turn|12\n|\n|t:|1696182616\n|detailschange|p1a: Charizard|Charizard-Mega-X, M\n|-mega|p1a: Charizard|Charizard|Charizardite X\n|move|p1a: Charizard|Protect|p1a: Charizard\n|-singleturn|p1a: Charizard|Protect\n|move|p2a: Pelipper|Scald|p1b: Goodra\n|-resisted|p1b: Goodra\n|-damage|p1b: Goodra|56\/100\n|-status|p1b: Goodra|brn\n|move|p2b: Araquanid|Scald|p1b: Goodra\n|-resisted|p1b: Goodra\n|-damage|p1b: Goodra|31\/100 brn\n|move|p1b: Goodra|Rock Slide|p2b: Araquanid|[spread] p2a\n|-miss|p1b: Goodra|p2b: Araquanid\n|-supereffective|p2a: Pelipper\n|-damage|p2a: Pelipper|69\/100\n|\n|-weather|RainDance|[upkeep]\n|-heal|p1b: Goodra|37\/100 brn|[from] item: Leftovers\n|-damage|p1b: Goodra|31\/100 brn|[from] brn\n|upkeep\n|turn|13\n|\n|t:|1696182634\n|move|p1a: Charizard|Dragon Claw|p2b: Araquanid\n|-damage|p2b: Araquanid|46\/100\n|move|p2a: Pelipper|Blizzard|p1a: Charizard|[spread] p1a\n|-miss|p2a: Pelipper|p1b: Goodra\n|-damage|p1a: Charizard|67\/100\n|move|p2b: Araquanid|Liquidation|p1a: Charizard\n|-damage|p1a: Charizard|0 fnt\n|faint|p1a: Charizard\n|move|p1b: Goodra|Rock Slide|p2a: Pelipper|[spread] p2a,p2b\n|-supereffective|p2a: Pelipper\n|-crit|p2b: Araquanid\n|-damage|p2a: Pelipper|36\/100\n|-damage|p2b: Araquanid|15\/100\n|\n|-weather|RainDance|[upkeep]\n|-heal|p1b: Goodra|37\/100 brn|[from] item: Leftovers\n|-damage|p1b: Goodra|31\/100 brn|[from] brn\n|upkeep\n|turn|14\n|\n|t:|1696182641\n|move|p2a: Pelipper|Scald|p1b: Goodra\n|-resisted|p1b: Goodra\n|-damage|p1b: Goodra|11\/100 brn\n|move|p2b: Araquanid|Liquidation|p1b: Goodra\n|-resisted|p1b: Goodra\n|-damage|p1b: Goodra|0 fnt\n|-ability|p1b: Goodra|Gooey\n|-unboost|p2b: Araquanid|spe|1\n|faint|p1b: Goodra\n|\n|win|SlimeGuy98712\n|raw|Kaxxxx's rating: 1187 &rarr; <strong>1159<\/strong><br \/>(-28 for losing)\n|raw|SlimeGuy98712's rating: 1144 &rarr; <strong>1172<\/strong><br \/>(+28 for winning)\n|l|\u2606Kaxxxx\n","uploadtime":1696182654,"views":8,"p1id":"kaxxxx","p2id":"slimeguy98712","formatid":"gen9nationaldexdoubles","rating":1159,"private":0,"password":""}