{"id":"gen9nationaldexdoubles-1956950541","p1":"water10122246","p2":"TripleGenetive1","format":"[Gen 9] National Dex Doubles","log":"|j|\u2606water10122246\n|j|\u2606TripleGenetive1\n|t:|1696172933\n|gametype|doubles\n|player|p1|water10122246|101|1241\n|player|p2|TripleGenetive1|cynthia|1317\n|teamsize|p1|6\n|teamsize|p2|6\n|gen|9\n|tier|[Gen 9] National Dex Doubles\n|rated|\n|rule|HP Percentage Mod: HP is shown in percentages\n|rule|Endless Battle Clause: Forcing endless battles is banned\n|rule|OHKO Clause: OHKO moves are banned\n|rule|Evasion Moves Clause: Evasion moves are banned\n|rule|Evasion Abilities Clause: Evasion abilities are banned\n|rule|Species Clause: Limit one of each Pok\u00e9mon\n|rule|Gravity Sleep Clause: The combination of sleep-inducing moves with imperfect accuracy and Gravity or Gigantamax Orbeetle are banned\n|clearpoke\n|poke|p1|Incineroar, M|\n|poke|p1|Iron Hands|\n|poke|p1|Smeargle, M|\n|poke|p1|Urshifu-*, M|\n|poke|p1|Chien-Pao|\n|poke|p1|Whimsicott, M|\n|poke|p2|Ogerpon-Hearthflame, F|\n|poke|p2|Chien-Pao|\n|poke|p2|Iron Hands|\n|poke|p2|Flutter Mane|\n|poke|p2|Ninetales-Alola, F|\n|poke|p2|Gliscor, M|\n|teampreview\n|\n|t:|1696172979\n|start\n|switch|p1a: Whimsicott|Whimsicott, M, shiny|100\/100\n|switch|p1b: Incineroar|Incineroar, M|100\/100\n|switch|p2a: Lani|Ogerpon-Hearthflame, F|100\/100\n|switch|p2b: Chien-Pao|Chien-Pao|100\/100\n|-ability|p2b: Chien-Pao|Sword of Ruin\n|-ability|p2a: Lani|Mold Breaker\n|-ability|p1b: Incineroar|Intimidate|boost\n|-unboost|p2a: Lani|atk|1\n|-unboost|p2b: Chien-Pao|atk|1\n|turn|1\n|\n|t:|1696172998\n|-terastallize|p1a: Whimsicott|Water\n|move|p1b: Incineroar|Fake Out|p2b: Chien-Pao\n|-damage|p2b: Chien-Pao|83\/100\n|move|p1a: Whimsicott|Charm|p2a: Lani\n|-unboost|p2a: Lani|atk|2\n|cant|p2b: Chien-Pao|flinch\n|move|p2a: Lani|Knock Off|p1a: Whimsicott\n|-damage|p1a: Whimsicott|71\/100\n|-enditem|p1a: Whimsicott|Covert Cloak|[from] move: Knock Off|[of] p2a: Lani\n|\n|upkeep\n|turn|2\n|\n|t:|1696173018\n|switch|p2b: Ninetales|Ninetales-Alola, F|100\/100\n|-weather|Snow|[from] ability: Snow Warning|[of] p2b: Ninetales\n|switch|p2a: Flutter Mane|Flutter Mane|100\/100\n|-enditem|p2a: Flutter Mane|Booster Energy\n|-activate|p2a: Flutter Mane|ability: Protosynthesis|[fromitem]\n|-start|p2a: Flutter Mane|protosynthesisspe\n|move|p1a: Whimsicott|Tailwind|p1a: Whimsicott\n|-sidestart|p1: water10122246|move: Tailwind\n|move|p1b: Incineroar|Flare Blitz|p2b: Ninetales\n|-supereffective|p2b: Ninetales\n|-damage|p2b: Ninetales|11\/100\n|-damage|p1b: Incineroar|74\/100|[from] Recoil\n|\n|-weather|Snow|[upkeep]\n|upkeep\n|turn|3\n|\n|t:|1696173037\n|move|p1a: Whimsicott|Moonblast|p2b: Ninetales\n|-damage|p2b: Ninetales|0 fnt\n|faint|p2b: Ninetales\n|move|p2a: Flutter Mane|Dazzling Gleam|p1b: Incineroar|[spread] p1a,p1b\n|-damage|p1a: Whimsicott|21\/100\n|-damage|p1b: Incineroar|48\/100\n|-enditem|p1b: Incineroar|Sitrus Berry|[eat]\n|-heal|p1b: Incineroar|73\/100|[from] item: Sitrus Berry\n|move|p1b: Incineroar|Parting Shot|p2a: Flutter Mane\n|-unboost|p2a: Flutter Mane|atk|1\n|-unboost|p2a: Flutter Mane|spa|1\n|\n|t:|1696173059\n|switch|p1b: Smeargle|Smeargle, M|100\/100|[from] Parting Shot\n|\n|-weather|Snow|[upkeep]\n|-ability|p1b: Smeargle|Moody|boost\n|-boost|p1b: Smeargle|atk|2\n|-unboost|p1b: Smeargle|spe|1\n|upkeep\n|\n|t:|1696173069\n|switch|p2b: Iron Hands|Iron Hands|100\/100\n|turn|4\n|inactive|Battle timer is ON: inactive players will automatically lose when time's up. (requested by water10122246)\n|\n|t:|1696173076\n|switch|p1b: Incineroar|Incineroar, M|73\/100\n|-ability|p1b: Incineroar|Intimidate|boost\n|-unboost|p2a: Flutter Mane|atk|1\n|-unboost|p2b: Iron Hands|atk|1\n|move|p2a: Flutter Mane|Protect|p2a: Flutter Mane\n|-singleturn|p2a: Flutter Mane|Protect\n|move|p2b: Iron Hands|Fake Out|p1a: Whimsicott\n|-damage|p1a: Whimsicott|7\/100\n|cant|p1a: Whimsicott|flinch\n|\n|-weather|Snow|[upkeep]\n|upkeep\n|turn|5\n|\n|t:|1696173093\n|move|p1a: Whimsicott|Charm|p2b: Iron Hands\n|-unboost|p2b: Iron Hands|atk|2\n|move|p2a: Flutter Mane|Dazzling Gleam|p1a: Whimsicott|[spread] p1a,p1b\n|-damage|p1a: Whimsicott|0 fnt\n|-damage|p1b: Incineroar|54\/100\n|faint|p1a: Whimsicott\n|move|p1b: Incineroar|Parting Shot|p2a: Flutter Mane\n|-unboost|p2a: Flutter Mane|atk|1\n|-unboost|p2a: Flutter Mane|spa|1\n|\n|t:|1696173105\n|switch|p1b: Urshifu|Urshifu-Rapid-Strike, M|100\/100|[from] Parting Shot\n|move|p2b: Iron Hands|Drain Punch|p1b: Urshifu\n|-damage|p1b: Urshifu|83\/100\n|\n|-weather|Snow|[upkeep]\n|-sideend|p1: water10122246|move: Tailwind\n|upkeep\n|inactive|water10122246 has 120 seconds left.\n|\n|t:|1696173122\n|switch|p1a: Smeargle|Smeargle, M|100\/100\n|turn|6\n|\n|t:|1696173137\n|-end|p2b: Iron Hands|Quark Drive|[silent]\n|switch|p2b: Chien-Pao|Chien-Pao|83\/100\n|-ability|p2b: Chien-Pao|Sword of Ruin\n|move|p2a: Flutter Mane|Icy Wind|p1a: Smeargle|[spread] p1a,p1b\n|-resisted|p1b: Urshifu\n|-damage|p1a: Smeargle|86\/100\n|-damage|p1b: Urshifu|77\/100\n|-unboost|p1b: Urshifu|spe|1\n|move|p1a: Smeargle|Spore|p2b: Chien-Pao\n|-status|p2b: Chien-Pao|slp|[from] move: Spore\n|move|p1b: Urshifu|Surging Strikes|p2a: Flutter Mane\n|-crit|p2a: Flutter Mane\n|-damage|p2a: Flutter Mane|36\/100\n|-crit|p2a: Flutter Mane\n|-damage|p2a: Flutter Mane|0 fnt\n|faint|p2a: Flutter Mane\n|-end|p2a: Flutter Mane|Protosynthesis|[silent]\n|-hitcount|p2: Flutter Mane|2\n|\n|-weather|none\n|-ability|p1a: Smeargle|Moody|boost\n|-boost|p1a: Smeargle|def|2\n|-unboost|p1a: Smeargle|atk|1\n|upkeep\n|\n|t:|1696173158\n|switch|p2a: Iron Hands|Iron Hands|100\/100\n|turn|7\n|l|\u2606water10122246\n|inactive|water10122246 disconnected and has a minute to reconnect!\n|player|p1|\n|j|\u2606water10122246\n|inactive|water10122246 reconnected and has 145 seconds left.\n|player|p1|water10122246|101\n|\n|t:|1696173175\n|move|p2a: Iron Hands|Fake Out|p1b: Urshifu\n|-damage|p1b: Urshifu|57\/100\n|cant|p2b: Chien-Pao|slp\n|move|p1a: Smeargle|Spore|p2a: Iron Hands\n|-status|p2a: Iron Hands|slp|[from] move: Spore\n|cant|p1b: Urshifu|flinch\n|\n|-ability|p1a: Smeargle|Moody|boost\n|-boost|p1a: Smeargle|spa|2\n|-unboost|p1a: Smeargle|spd|1\n|upkeep\n|turn|8\n|inactive|TripleGenetive1 has 120 seconds left.\n|\n|t:|1696173208\n|move|p1a: Smeargle|Follow Me|p1a: Smeargle\n|-singleturn|p1a: Smeargle|move: Follow Me\n|-curestatus|p2b: Chien-Pao|slp|[msg]\n|move|p2b: Chien-Pao|Ice Spinner|p1a: Smeargle\n|-damage|p1a: Smeargle|0 fnt\n|faint|p1a: Smeargle\n|-damage|p2b: Chien-Pao|73\/100|[from] item: Life Orb\n|move|p1b: Urshifu|Drain Punch|p2b: Chien-Pao\n|-supereffective|p2b: Chien-Pao\n|-damage|p2b: Chien-Pao|0 fnt\n|-heal|p1b: Urshifu|90\/100|[from] drain|[of] p2b: Chien-Pao\n|faint|p2b: Chien-Pao\n|cant|p2a: Iron Hands|slp\n|\n|upkeep\n|\n|t:|1696173225\n|switch|p2b: Gliscor|Gliscor, M, shiny|100\/100\n|switch|p1a: Incineroar|Incineroar, M|54\/100\n|-ability|p1a: Incineroar|Intimidate|boost\n|-unboost|p2a: Iron Hands|atk|1\n|-unboost|p2b: Gliscor|atk|1\n|turn|9\n|\n|t:|1696173237\n|move|p1a: Incineroar|Fake Out|p2a: Iron Hands\n|-damage|p2a: Iron Hands|92\/100 slp\n|move|p2b: Gliscor|Swords Dance|p2b: Gliscor\n|-boost|p2b: Gliscor|atk|2\n|move|p1b: Urshifu|Surging Strikes|p2b: Gliscor\n|-supereffective|p2b: Gliscor\n|-crit|p2b: Gliscor\n|-damage|p2b: Gliscor|62\/100\n|-supereffective|p2b: Gliscor\n|-crit|p2b: Gliscor\n|-damage|p2b: Gliscor|28\/100\n|-supereffective|p2b: Gliscor\n|-crit|p2b: Gliscor\n|-damage|p2b: Gliscor|0 fnt\n|faint|p2b: Gliscor\n|-hitcount|p2: Gliscor|3\n|-curestatus|p2a: Iron Hands|slp|[msg]\n|cant|p2a: Iron Hands|flinch\n|\n|upkeep\n|\n|t:|1696173256\n|switch|p2b: Lani|Ogerpon-Hearthflame, F|100\/100\n|-ability|p2b: Lani|Mold Breaker\n|turn|10\n|\n|t:|1696173271\n|-terastallize|p2b: Lani|Fire\n|detailschange|p2b: Lani|Ogerpon-Hearthflame-Tera, F, tera:Fire\n|-ability|p2b: Lani|Embody Aspect (Hearthflame)|boost\n|-boost|p2b: Lani|atk|1\n|move|p2b: Lani|Ivy Cudgel|p1b: Urshifu\n|-resisted|p1b: Urshifu\n|-damage|p1b: Urshifu|32\/100\n|move|p1b: Urshifu|Surging Strikes|p2b: Lani\n|-supereffective|p2b: Lani\n|-crit|p2b: Lani\n|-damage|p2b: Lani|44\/100\n|-supereffective|p2b: Lani\n|-crit|p2b: Lani\n|-damage|p2b: Lani|0 fnt\n|faint|p2b: Lani\n|-hitcount|p2: Lani|2\n|move|p1a: Incineroar|Parting Shot|p2a: Iron Hands\n|-unboost|p2a: Iron Hands|atk|1\n|-unboost|p2a: Iron Hands|spa|1\n|\n|t:|1696173282\n|switch|p1a: Iron Hands|Iron Hands|100\/100|[from] Parting Shot\n|move|p2a: Iron Hands|Drain Punch|p1b: Urshifu\n|-damage|p1b: Urshifu|10\/100\n|-heal|p2a: Iron Hands|99\/100|[from] drain|[of] p1b: Urshifu\n|\n|upkeep\n|turn|11\n|\n|t:|1696173294\n|move|p1a: Iron Hands|Fake Out|p2a: Iron Hands\n|-damage|p2a: Iron Hands|90\/100\n|move|p1b: Urshifu|Surging Strikes|p2a: Iron Hands\n|-crit|p2a: Iron Hands\n|-damage|p2a: Iron Hands|75\/100\n|-crit|p2a: Iron Hands\n|-damage|p2a: Iron Hands|62\/100\n|-crit|p2a: Iron Hands\n|-damage|p2a: Iron Hands|49\/100\n|-hitcount|p2a: Iron Hands|3\n|cant|p2a: Iron Hands|flinch\n|\n|upkeep\n|turn|12\n|\n|t:|1696173308\n|-end|p1a: Iron Hands|Quark Drive|[silent]\n|switch|p1a: Incineroar|Incineroar, M|54\/100\n|-ability|p1a: Incineroar|Intimidate|boost\n|-unboost|p2a: Iron Hands|atk|1\n|move|p1b: Urshifu|Surging Strikes|p2a: Iron Hands\n|-crit|p2a: Iron Hands\n|-damage|p2a: Iron Hands|35\/100\n|-crit|p2a: Iron Hands\n|-damage|p2a: Iron Hands|22\/100\n|-crit|p2a: Iron Hands\n|-damage|p2a: Iron Hands|8\/100\n|-hitcount|p2a: Iron Hands|3\n|move|p2a: Iron Hands|Drain Punch|p1b: Urshifu\n|-damage|p1b: Urshifu|0 fnt\n|-heal|p2a: Iron Hands|11\/100|[from] drain|[of] p1b: Urshifu\n|faint|p1b: Urshifu\n|\n|upkeep\n|\n|t:|1696173322\n|switch|p1b: Chien-Pao|Chien-Pao|100\/100\n|-ability|p1b: Chien-Pao|Sword of Ruin\n|turn|13\n|\n|t:|1696173327\n|move|p1a: Incineroar|Fake Out|p2a: Iron Hands\n|-damage|p2a: Iron Hands|0 fnt\n|faint|p2a: Iron Hands\n|-end|p2a: Iron Hands|Quark Drive|[silent]\n|\n|win|water10122246\n|raw|water10122246's rating: 1241 &rarr; <strong>1271<\/strong><br \/>(+30 for winning)\n|raw|TripleGenetive1's rating: 1317 &rarr; <strong>1293<\/strong><br \/>(-24 for losing)\n|l|\u2606TripleGenetive1\n|c|\u2606water10122246|Gg\n","uploadtime":1696173341,"views":9,"p1id":"water10122246","p2id":"triplegenetive1","formatid":"gen9nationaldexdoubles","rating":1271,"private":0,"password":""}