{"id":"gen9nationaldexdoubles-1985702405","p1":"Pegas04forever","p2":"Boltundover","format":"[Gen 9] National Dex Doubles","log":"|j|\u2606Pegas04forever\n|j|\u2606Boltundover\n|t:|1699397283\n|gametype|doubles\n|player|p1|Pegas04forever|backersf|1162\n|player|p2|Boltundover|rollerskaterf|1172\n|teamsize|p1|6\n|teamsize|p2|6\n|gen|9\n|tier|[Gen 9] National Dex Doubles\n|rated|\n|rule|HP Percentage Mod: HP is shown in percentages\n|rule|Endless Battle Clause: Forcing endless battles is banned\n|rule|OHKO Clause: OHKO moves are banned\n|rule|Evasion Moves Clause: Evasion moves are banned\n|rule|Evasion Abilities Clause: Evasion abilities are banned\n|rule|Species Clause: Limit one of each Pok\u00e9mon\n|rule|Gravity Sleep Clause: The combination of sleep-inducing moves with imperfect accuracy and Gravity or Gigantamax Orbeetle are banned\n|clearpoke\n|poke|p1|Espathra, F|\n|poke|p1|Flamigo, F|\n|poke|p1|Oricorio-Pom-Pom, F|\n|poke|p1|Lilligant, F|\n|poke|p1|Quaquaval, F|\n|poke|p1|Volcarona, F|\n|poke|p2|Charizard, M|\n|poke|p2|Kingambit, M|\n|poke|p2|Minun, M|\n|poke|p2|Clefairy, F|\n|poke|p2|Mimikyu, F|\n|poke|p2|Heatran, M|\n|teampreview\n|\n|t:|1699397303\n|start\n|switch|p1a: Anna Pavlova|Lilligant, F, shiny|100\/100\n|switch|p1b: Cheerleader|Oricorio-Pom-Pom, F, shiny|100\/100\n|switch|p2a: Kingambit|Kingambit, M|100\/100\n|switch|p2b: Mimikyu|Mimikyu, F|100\/100\n|turn|1\n|inactive|Battle timer is ON: inactive players will automatically lose when time's up. (requested by Pegas04forever)\n|\n|t:|1699397309\n|move|p2a: Kingambit|Snatch|p2a: Kingambit\n|-singleturn|p2a: Kingambit|Snatch\n|move|p1b: Cheerleader|Teeter Dance|p2a: Kingambit|[spread] p1a,p2a,p2b\n|-immune|p1a: Anna Pavlova|confusion|[from] ability: Own Tempo\n|-start|p2a: Kingambit|confusion\n|-start|p2b: Mimikyu|confusion\n|move|p1a: Anna Pavlova|Quiver Dance|p1a: Anna Pavlova\n|-activate|p2a: Kingambit|move: Snatch|[of] p1a: Anna Pavlova\n|move|p2a: Kingambit|Quiver Dance|p2a: Kingambit|[from]Snatch\n|-boost|p2a: Kingambit|spa|1\n|-boost|p2a: Kingambit|spd|1\n|-boost|p2a: Kingambit|spe|1\n|-activate|p2b: Mimikyu|confusion\n|move|p2b: Mimikyu|Trick Room|p2b: Mimikyu\n|-fieldstart|move: Trick Room|[of] p2b: Mimikyu\n|\n|upkeep\n|turn|2\n|\n|t:|1699397328\n|-end|p2a: Kingambit|fallenundefined|[silent]\n|switch|p2a: Clefairy|Clefairy, F|100\/100\n|switch|p1b: Lady gaga|Espathra, F|100\/100\n|-end|p2b: Mimikyu|confusion\n|move|p2b: Mimikyu|Snatch|p2b: Mimikyu\n|-singleturn|p2b: Mimikyu|Snatch\n|move|p1a: Anna Pavlova|Quiver Dance|p1a: Anna Pavlova\n|-activate|p2b: Mimikyu|move: Snatch|[of] p1a: Anna Pavlova\n|move|p2b: Mimikyu|Quiver Dance|p2b: Mimikyu|[from]Snatch\n|-boost|p2b: Mimikyu|spa|1\n|-boost|p2b: Mimikyu|spd|1\n|-boost|p2b: Mimikyu|spe|1\n|-enditem|p1b: Lady gaga|Mirror Herb\n|-boost|p1b: Lady gaga|spa|1|[from] item: Mirror Herb\n|-boost|p1b: Lady gaga|spd|1|[from] item: Mirror Herb\n|-boost|p1b: Lady gaga|spe|1|[from] item: Mirror Herb\n|-ability|p1b: Lady gaga|Opportunist|boost\n|-boost|p1b: Lady gaga|spa|1\n|-boost|p1b: Lady gaga|spd|1\n|-boost|p1b: Lady gaga|spe|1\n|\n|upkeep\n|turn|3\n|inactive|Pegas04forever has 120 seconds left.\n|\n|t:|1699397363\n|move|p2b: Mimikyu|Snatch|p2b: Mimikyu\n|-singleturn|p2b: Mimikyu|Snatch\n|move|p1b: Lady gaga|Protect|p1b: Lady gaga\n|-singleturn|p1b: Lady gaga|Protect\n|move|p2a: Clefairy|Belly Drum|p2a: Clefairy\n|-activate|p2b: Mimikyu|move: Snatch|[of] p2a: Clefairy\n|move|p2b: Mimikyu|Belly Drum|p2b: Mimikyu|[from]Snatch\n|-damage|p2b: Mimikyu|50\/100\n|-setboost|p2b: Mimikyu|atk|6|[from] move: Belly Drum\n|-ability|p1b: Lady gaga|Opportunist|boost\n|-boost|p1b: Lady gaga|atk|6\n|move|p1a: Anna Pavlova|Light Screen|p1a: Anna Pavlova\n|-sidestart|p1: Pegas04forever|move: Light Screen\n|\n|upkeep\n|turn|4\n|inactive|Pegas04forever has 120 seconds left.\n|\n|t:|1699397391\n|move|p2a: Clefairy|After You|p2b: Mimikyu\n|-activate|p2b: Mimikyu|move: After You\n|move|p2b: Mimikyu|Drain Punch|p1a: Anna Pavlova\n|-damage|p1a: Anna Pavlova|0 fnt\n|-heal|p2b: Mimikyu|95\/100|[from] drain|[of] p1a: Anna Pavlova\n|faint|p1a: Anna Pavlova\n|move|p1b: Lady gaga|Stored Power|p2a: Clefairy\n|-damage|p2a: Clefairy|0 fnt\n|faint|p2a: Clefairy\n|\n|upkeep\n|\n|t:|1699397405\n|switch|p2a: Kingambit|Kingambit, M|100\/100\n|switch|p1a: Flamenco|Flamigo, F|100\/100\n|-activate|p2a: Kingambit|ability: Supreme Overlord\n|-start|p2a: Kingambit|fallen1|[silent]\n|-copyboost|p1a: Flamenco|p1b: Lady gaga|[from] ability: Costar\n|turn|5\n|\n|t:|1699397421\n|-terastallize|p2b: Mimikyu|Ghost\n|move|p1b: Lady gaga|Protect|p1b: Lady gaga\n|-singleturn|p1b: Lady gaga|Protect\n|move|p2a: Kingambit|Sucker Punch||[still]\n|-fail|p2a: Kingambit\n|move|p2b: Mimikyu|Shadow Sneak|p1a: Flamenco\n|-enditem|p1a: Flamenco|Focus Sash\n|-damage|p1a: Flamenco|1\/100\n|move|p1a: Flamenco|Acrobatics|p2b: Mimikyu\n|-activate|p2b: Mimikyu|ability: Disguise\n|-damage|p2b: Mimikyu|95\/100\n|detailschange|p2b: Mimikyu|Mimikyu-Busted, F, tera:Ghost\n|-damage|p2b: Mimikyu|83\/100|[from] pokemon: Mimikyu-Busted\n|-enditem|p2b: Mimikyu|Red Card|[of] p1a: Flamenco\n|drag|p1a: Dancing queen|Volcarona, F|100\/100\n|\n|-fieldend|move: Trick Room\n|upkeep\n|turn|6\n|inactive|Pegas04forever has 120 seconds left.\n|\n|t:|1699397458\n|move|p2b: Mimikyu|Shadow Sneak|p1a: Dancing queen\n|-enditem|p1a: Dancing queen|Focus Sash\n|-damage|p1a: Dancing queen|1\/100\n|-status|p2b: Mimikyu|brn|[from] ability: Flame Body|[of] p1a: Dancing queen\n|move|p2a: Kingambit|Sucker Punch|p1b: Lady gaga\n|-supereffective|p1b: Lady gaga\n|-damage|p1b: Lady gaga|0 fnt\n|faint|p1b: Lady gaga\n|move|p1a: Dancing queen|Fiery Dance|p2b: Mimikyu\n|-damage|p2b: Mimikyu|51\/100 brn\n|\n|-damage|p2b: Mimikyu|45\/100 brn|[from] brn\n|upkeep\n|\n|t:|1699397469\n|switch|p1b: El cumbias|Quaquaval, F|100\/100\n|turn|7\n|\n|t:|1699397477\n|-end|p2a: Kingambit|fallen1|[silent]\n|switch|p2a: Charizard|Charizard, M|100\/100\n|move|p2b: Mimikyu|Shadow Sneak|p1a: Dancing queen\n|-damage|p1a: Dancing queen|0 fnt\n|faint|p1a: Dancing queen\n|move|p1b: El cumbias|Aqua Step|p2b: Mimikyu\n|-damage|p2b: Mimikyu|0 fnt\n|-boost|p1b: El cumbias|spe|1\n|faint|p2b: Mimikyu\n|-ability|p1b: El cumbias|Moxie|boost\n|-boost|p1b: El cumbias|atk|1\n|\n|-sideend|p1: Pegas04forever|move: Light Screen\n|upkeep\n|\n|t:|1699397493\n|switch|p1a: Flamenco|Flamigo, F|1\/100\n|switch|p2b: Heatran|Heatran, M|100\/100\n|-copyboost|p1a: Flamenco|p1b: El cumbias|[from] ability: Costar\n|turn|8\n|\n|t:|1699397502\n|detailschange|p2a: Charizard|Charizard-Mega-Y, M\n|-mega|p2a: Charizard|Charizard|Charizardite Y\n|-weather|SunnyDay|[from] ability: Drought|[of] p2a: Charizard\n|move|p2a: Charizard|Protect|p2a: Charizard\n|-singleturn|p2a: Charizard|Protect\n|move|p1a: Flamenco|Close Combat|p2b: Heatran\n|-supereffective|p2b: Heatran\n|-damage|p2b: Heatran|0 fnt\n|-unboost|p1a: Flamenco|def|1\n|-unboost|p1a: Flamenco|spd|1\n|faint|p2b: Heatran\n|move|p1b: El cumbias|Aqua Step|p2a: Charizard\n|-activate|p2a: Charizard|move: Protect\n|\n|-weather|SunnyDay|[upkeep]\n|upkeep\n|\n|t:|1699397513\n|switch|p2b: Kingambit|Kingambit, M|100\/100\n|-activate|p2b: Kingambit|ability: Supreme Overlord\n|-start|p2b: Kingambit|fallen3|[silent]\n|turn|9\n|\n|t:|1699397522\n|move|p2b: Kingambit|Sucker Punch||[still]\n|-fail|p2b: Kingambit\n|move|p1a: Flamenco|Tailwind|p1a: Flamenco\n|-sidestart|p1: Pegas04forever|move: Tailwind\n|move|p1b: El cumbias|Aqua Step|p2a: Charizard\n|-supereffective|p2a: Charizard\n|-damage|p2a: Charizard|22\/100\n|-boost|p1b: El cumbias|spe|1\n|move|p2a: Charizard|Solar Beam||[still]\n|-prepare|p2a: Charizard|Solar Beam\n|-anim|p2a: Charizard|Solar Beam|p1b: El cumbias\n|-supereffective|p1b: El cumbias\n|-damage|p1b: El cumbias|0 fnt\n|faint|p1b: El cumbias\n|\n|-weather|SunnyDay|[upkeep]\n|upkeep\n|\n|t:|1699397535\n|switch|p1b: Cheerleader|Oricorio-Pom-Pom, F, shiny|100\/100\n|turn|10\n|\n|t:|1699397543\n|-end|p2b: Kingambit|fallen3|[silent]\n|switch|p2b: Minun|Minun, M|100\/100\n|move|p2a: Charizard|Protect|p2a: Charizard\n|-singleturn|p2a: Charizard|Protect\n|move|p1a: Flamenco|Close Combat|p2b: Minun\n|-damage|p2b: Minun|0 fnt\n|-unboost|p1a: Flamenco|def|1\n|-unboost|p1a: Flamenco|spd|1\n|faint|p2b: Minun\n|move|p1b: Cheerleader|Revelation Dance|p2a: Charizard\n|-activate|p2a: Charizard|move: Protect\n|\n|-weather|SunnyDay|[upkeep]\n|upkeep\n|\n|t:|1699397550\n|switch|p2b: Kingambit|Kingambit, M|100\/100\n|-activate|p2b: Kingambit|ability: Supreme Overlord\n|-start|p2b: Kingambit|fallen4|[silent]\n|turn|11\n|\n|t:|1699397560\n|move|p2b: Kingambit|Sucker Punch|p1a: Flamenco\n|-resisted|p1a: Flamenco\n|-damage|p1a: Flamenco|0 fnt\n|faint|p1a: Flamenco\n|move|p1b: Cheerleader|Revelation Dance|p2a: Charizard\n|-supereffective|p2a: Charizard\n|-damage|p2a: Charizard|0 fnt\n|faint|p2a: Charizard\n|\n|-weather|SunnyDay|[upkeep]\n|upkeep\n|turn|12\n|\n|t:|1699397571\n|move|p1b: Cheerleader|Teeter Dance|p2b: Kingambit\n|-start|p2b: Kingambit|confusion\n|-activate|p2b: Kingambit|confusion\n|move|p2b: Kingambit|Knock Off|p1b: Cheerleader\n|-damage|p1b: Cheerleader|22\/100\n|-enditem|p1b: Cheerleader|Focus Sash|[from] move: Knock Off|[of] p2b: Kingambit\n|\n|-weather|none\n|-sideend|p1: Pegas04forever|move: Tailwind\n|upkeep\n|turn|13\n|\n|t:|1699397588\n|-terastallize|p1b: Cheerleader|Ground\n|move|p1b: Cheerleader|Revelation Dance|p2b: Kingambit\n|-supereffective|p2b: Kingambit\n|-crit|p2b: Kingambit\n|-damage|p2b: Kingambit|15\/100\n|-enditem|p2b: Kingambit|Sitrus Berry|[eat]\n|-heal|p2b: Kingambit|40\/100|[from] item: Sitrus Berry\n|-activate|p2b: Kingambit|confusion\n|move|p2b: Kingambit|Knock Off|p1b: Cheerleader\n|-damage|p1b: Cheerleader|0 fnt\n|faint|p1b: Cheerleader\n|\n|win|Boltundover\n|raw|Pegas04forever's rating: 1162 &rarr; <strong>1138<\/strong><br \/>(-24 for losing)\n|raw|Boltundover's rating: 1172 &rarr; <strong>1196<\/strong><br \/>(+24 for winning)\n","uploadtime":1699397592,"views":6,"p1id":"pegas04forever","p2id":"boltundover","formatid":"gen9nationaldexdoubles","rating":1138,"private":0,"password":""}