{"id":"gen9nationaldexdoubles-1974477431","p1":"TRM101","p2":"fumbari 24","format":"[Gen 9] National Dex Doubles","log":"|j|\u2606TRM101\n|j|\u2606fumbari 24\n|t:|1698090239\n|gametype|doubles\n|player|p1|TRM101|clown|1215\n|player|p2|fumbari 24|hilbert|1438\n|teamsize|p1|6\n|teamsize|p2|6\n|gen|9\n|tier|[Gen 9] National Dex Doubles\n|rated|\n|rule|HP Percentage Mod: HP is shown in percentages\n|rule|Endless Battle Clause: Forcing endless battles is banned\n|rule|OHKO Clause: OHKO moves are banned\n|rule|Evasion Moves Clause: Evasion moves are banned\n|rule|Evasion Abilities Clause: Evasion abilities are banned\n|rule|Species Clause: Limit one of each Pok\u00e9mon\n|rule|Gravity Sleep Clause: The combination of sleep-inducing moves with imperfect accuracy and Gravity or Gigantamax Orbeetle are banned\n|clearpoke\n|poke|p1|Ogerpon-Hearthflame, F|\n|poke|p1|Rillaboom, M|\n|poke|p1|Roaring Moon|\n|poke|p1|Torkoal, F|\n|poke|p1|Alomomola, M|\n|poke|p1|Flutter Mane|\n|poke|p2|Lucario, M|\n|poke|p2|Whimsicott, F|\n|poke|p2|Ninetales, F|\n|poke|p2|Blastoise, M|\n|poke|p2|Excadrill, M|\n|poke|p2|Roserade, F|\n|teampreview\n|inactive|Battle timer is ON: inactive players will automatically lose when time's up. (requested by TRM101)\n|\n|t:|1698090257\n|start\n|switch|p1a: Rillaboom|Rillaboom, M|100\/100\n|switch|p1b: Alomomola|Alomomola, M|100\/100\n|switch|p2a: Champ|Lucario, M|100\/100\n|switch|p2b: Beso de Mosa|Whimsicott, F, shiny|100\/100\n|-fieldstart|move: Grassy Terrain|[from] ability: Grassy Surge|[of] p1a: Rillaboom\n|turn|1\n|\n|t:|1698090270\n|move|p2a: Champ|Protect|p2a: Champ\n|-singleturn|p2a: Champ|Protect\n|move|p1a: Rillaboom|Fake Out|p2b: Beso de Mosa\n|-damage|p2b: Beso de Mosa|84\/100\n|cant|p2b: Beso de Mosa|flinch\n|move|p1b: Alomomola|Flip Turn|p2b: Beso de Mosa\n|-resisted|p2b: Beso de Mosa\n|-damage|p2b: Beso de Mosa|71\/100\n|\n|t:|1698090286\n|switch|p1b: Ogerpon|Ogerpon-Hearthflame, F|100\/100|[from] Flip Turn\n|-ability|p1b: Ogerpon|Mold Breaker\n|\n|-heal|p2b: Beso de Mosa|77\/100|[from] Grassy Terrain\n|upkeep\n|turn|2\n|\n|t:|1698090312\n|move|p2b: Beso de Mosa|Beat Up|p2a: Champ\n|-resisted|p2a: Champ\n|-damage|p2a: Champ|99\/100\n|-ability|p2a: Champ|Justified|boost\n|-boost|p2a: Champ|atk|1\n|-resisted|p2a: Champ\n|-damage|p2a: Champ|98\/100\n|-ability|p2a: Champ|Justified|boost\n|-boost|p2a: Champ|atk|1\n|-resisted|p2a: Champ\n|-crit|p2a: Champ\n|-damage|p2a: Champ|96\/100\n|-ability|p2a: Champ|Justified|boost\n|-boost|p2a: Champ|atk|1\n|-resisted|p2a: Champ\n|-damage|p2a: Champ|95\/100\n|-ability|p2a: Champ|Justified|boost\n|-boost|p2a: Champ|atk|1\n|-resisted|p2a: Champ\n|-damage|p2a: Champ|93\/100\n|-ability|p2a: Champ|Justified|boost\n|-boost|p2a: Champ|atk|1\n|-resisted|p2a: Champ\n|-damage|p2a: Champ|92\/100\n|-ability|p2a: Champ|Justified|boost\n|-boost|p2a: Champ|atk|1\n|-hitcount|p2a: Champ|6\n|move|p1b: Ogerpon|Ivy Cudgel|p2b: Beso de Mosa\n|-supereffective|p2b: Beso de Mosa\n|-damage|p2b: Beso de Mosa|0 fnt\n|faint|p2b: Beso de Mosa\n|move|p2a: Champ|Rock Slide|p1b: Ogerpon|[spread] p1a,p1b\n|-supereffective|p1b: Ogerpon\n|-damage|p1a: Rillaboom|43\/100\n|-damage|p1b: Ogerpon|0 fnt\n|faint|p1b: Ogerpon\n|move|p1a: Rillaboom|U-turn|p2a: Champ\n|-resisted|p2a: Champ\n|-damage|p2a: Champ|85\/100\n|\n|t:|1698090320\n|switch|p1a: Roaring Moon|Roaring Moon|100\/100|[from] U-turn\n|\n|-heal|p2a: Champ|91\/100|[from] Grassy Terrain\n|upkeep\n|\n|t:|1698090345\n|switch|p2b: Corruption|Ninetales, F, shiny|100\/100\n|switch|p1b: Rillaboom|Rillaboom, M|43\/100\n|-weather|SunnyDay|[from] ability: Drought|[of] p2b: Corruption\n|-activate|p1a: Roaring Moon|ability: Protosynthesis\n|-start|p1a: Roaring Moon|protosynthesisatk\n|turn|3\n|\n|t:|1698090357\n|move|p2a: Champ|Protect|p2a: Champ\n|-singleturn|p2a: Champ|Protect\n|move|p1b: Rillaboom|Fake Out|p1a: Roaring Moon\n|-damage|p1a: Roaring Moon|91\/100\n|cant|p1a: Roaring Moon|flinch\n|move|p2b: Corruption|Will-O-Wisp|p1a: Roaring Moon\n|-status|p1a: Roaring Moon|brn\n|\n|-weather|SunnyDay|[upkeep]\n|-heal|p1a: Roaring Moon|97\/100 brn|[from] Grassy Terrain\n|-heal|p1a: Roaring Moon|100\/100 brn|[from] item: Leftovers\n|-heal|p2a: Champ|97\/100|[from] Grassy Terrain\n|-heal|p1b: Rillaboom|49\/100|[from] Grassy Terrain\n|-heal|p1b: Rillaboom|55\/100|[from] item: Leftovers\n|-damage|p1a: Roaring Moon|94\/100 brn|[from] brn\n|upkeep\n|turn|4\n|c|\u2606fumbari 24|?\n|c|\u2606fumbari 24|Missclick?\n|\n|t:|1698090386\n|detailschange|p2a: Champ|Lucario-Mega, M\n|-mega|p2a: Champ|Lucario|Lucarionite\n|move|p2a: Champ|Rock Slide|p1a: Roaring Moon|[spread] p1a,p1b\n|-damage|p1a: Roaring Moon|19\/100 brn\n|-damage|p1b: Rillaboom|0 fnt\n|faint|p1b: Rillaboom\n|move|p1a: Roaring Moon|Tailwind|p1a: Roaring Moon\n|-sidestart|p1: TRM101|move: Tailwind\n|move|p2b: Corruption|Heat Wave|p1a: Roaring Moon\n|-resisted|p1a: Roaring Moon\n|-damage|p1a: Roaring Moon|2\/100 brn\n|\n|-weather|SunnyDay|[upkeep]\n|-heal|p1a: Roaring Moon|8\/100 brn|[from] Grassy Terrain\n|-heal|p1a: Roaring Moon|14\/100 brn|[from] item: Leftovers\n|-heal|p2a: Champ|100\/100|[from] Grassy Terrain\n|-damage|p1a: Roaring Moon|8\/100 brn|[from] brn\n|upkeep\n|\n|t:|1698090394\n|switch|p1b: Flutter Mane|Flutter Mane|100\/100\n|-activate|p1b: Flutter Mane|ability: Protosynthesis\n|-start|p1b: Flutter Mane|protosynthesisspe\n|turn|5\n|\n|t:|1698090402\n|move|p2a: Champ|Bullet Punch|p1b: Flutter Mane\n|-supereffective|p1b: Flutter Mane\n|-damage|p1b: Flutter Mane|0 fnt\n|faint|p1b: Flutter Mane\n|-end|p1b: Flutter Mane|Protosynthesis|[silent]\n|move|p1a: Roaring Moon|Knock Off|p2a: Champ\n|-resisted|p2a: Champ\n|-damage|p2a: Champ|89\/100\n|move|p2b: Corruption|Heat Wave|p1a: Roaring Moon\n|-resisted|p1a: Roaring Moon\n|-damage|p1a: Roaring Moon|0 fnt\n|faint|p1a: Roaring Moon\n|-end|p1a: Roaring Moon|Protosynthesis|[silent]\n|\n|-weather|SunnyDay|[upkeep]\n|-heal|p2a: Champ|95\/100|[from] Grassy Terrain\n|-fieldend|move: Grassy Terrain\n|upkeep\n|-message|TRM101 forfeited.\n|\n|win|fumbari 24\n|raw|TRM101's rating: 1215 &rarr; <strong>1204<\/strong><br \/>(-11 for losing)\n|raw|fumbari 24's rating: 1438 &rarr; <strong>1447<\/strong><br \/>(+9 for winning)\n|l|\u2606TRM101\n","uploadtime":1698090413,"views":14,"p1id":"trm101","p2id":"fumbari24","formatid":"gen9nationaldexdoubles","rating":1204,"private":0,"password":""}