{"id":"gen9nationaldexdoubles-1992384469","p1":"Delreynan","p2":"Qwerty830","format":"[Gen 9] National Dex Doubles","log":"|j|\u2606Delreynan\n|j|\u2606Qwerty830\n|t:|1700181368\n|gametype|doubles\n|player|p1|Delreynan|cynthia-gen4|1085\n|player|p2|Qwerty830|red|1000\n|teamsize|p1|6\n|teamsize|p2|4\n|gen|9\n|tier|[Gen 9] National Dex Doubles\n|rated|\n|rule|HP Percentage Mod: HP is shown in percentages\n|rule|Endless Battle Clause: Forcing endless battles is banned\n|rule|OHKO Clause: OHKO moves are banned\n|rule|Evasion Moves Clause: Evasion moves are banned\n|rule|Evasion Abilities Clause: Evasion abilities are banned\n|rule|Species Clause: Limit one of each Pok\u00e9mon\n|rule|Gravity Sleep Clause: The combination of sleep-inducing moves with imperfect accuracy and Gravity or Gigantamax Orbeetle are banned\n|clearpoke\n|poke|p1|Greninja-*, M|\n|poke|p1|Politoed, M|\n|poke|p1|Bellibolt, M|\n|poke|p1|Venusaur, M|\n|poke|p1|Toxicroak, M|\n|poke|p1|Seismitoad, M|\n|poke|p2|Pincurchin, M|\n|poke|p2|Raichu-Alola, M|\n|poke|p2|Meowscarada, M|\n|poke|p2|Tauros-Paldea-Blaze, M|\n|teampreview\n|\n|t:|1700181388\n|start\n|switch|p1a: R\u00e3|Politoed, M|100\/100\n|switch|p1b: Maconheiro|Seismitoad, M|100\/100\n|switch|p2a: Pincurchin|Pincurchin, M|100\/100\n|switch|p2b: Raichu|Raichu-Alola, M|100\/100\n|-weather|RainDance|[from] ability: Drizzle|[of] p1a: R\u00e3\n|-fieldstart|move: Electric Terrain|[from] ability: Electric Surge|[of] p2a: Pincurchin\n|-enditem|p2b: Raichu|Electric Seed\n|-boost|p2b: Raichu|def|1|[from] item: Electric Seed\n|turn|1\n|\n|t:|1700181416\n|move|p2b: Raichu|Magnet Rise|p2b: Raichu\n|-start|p2b: Raichu|Magnet Rise\n|move|p1b: Maconheiro|Icy Wind|p2a: Pincurchin|[spread] p2a,p2b\n|-damage|p2a: Pincurchin|85\/100\n|-damage|p2b: Raichu|84\/100\n|-unboost|p2a: Pincurchin|spe|1\n|-unboost|p2b: Raichu|spe|1\n|move|p1a: R\u00e3|Perish Song|p1a: R\u00e3\n|-start|p1a: R\u00e3|perish3|[silent]\n|-start|p1b: Maconheiro|perish3|[silent]\n|-start|p2a: Pincurchin|perish3|[silent]\n|-start|p2b: Raichu|perish3|[silent]\n|-fieldactivate|move: Perish Song\n|move|p2a: Pincurchin|Toxic Spikes|p1a: R\u00e3\n|-sidestart|p1: Delreynan|move: Toxic Spikes\n|\n|-weather|RainDance|[upkeep]\n|-start|p1b: Maconheiro|perish3\n|-start|p2b: Raichu|perish3\n|-start|p1a: R\u00e3|perish3\n|-start|p2a: Pincurchin|perish3\n|upkeep\n|turn|2\n|\n|t:|1700181448\n|switch|p2b: Tauros|Tauros-Paldea-Blaze, M|100\/100\n|switch|p2a: Meowscarada|Meowscarada, M|100\/100\n|move|p1b: Maconheiro|Stealth Rock|p2b: Tauros\n|-sidestart|p2: Qwerty830|move: Stealth Rock\n|move|p1a: R\u00e3|Toxic|p2b: Tauros\n|-status|p2b: Tauros|tox\n|\n|-weather|RainDance|[upkeep]\n|-damage|p2b: Tauros|94\/100 tox|[from] psn\n|-start|p1b: Maconheiro|perish2\n|-start|p1a: R\u00e3|perish2\n|upkeep\n|turn|3\n|inactive|Battle timer is ON: inactive players will automatically lose when time's up. (requested by Delreynan)\n|\n|t:|1700181469\n|move|p2a: Meowscarada|Flower Trick|p2b: Tauros\n|-start|p2a: Meowscarada|typechange|Grass|[from] ability: Protean\n|-resisted|p2b: Tauros\n|-crit|p2b: Tauros\n|-damage|p2b: Tauros|70\/100 tox\n|-setboost|p2b: Tauros|atk|6|[from] ability: Anger Point\n|move|p1b: Maconheiro|Icy Wind|p2a: Meowscarada|[spread] p2a,p2b\n|-supereffective|p2a: Meowscarada\n|-resisted|p2b: Tauros\n|-damage|p2a: Meowscarada|69\/100\n|-damage|p2b: Tauros|62\/100 tox\n|-unboost|p2a: Meowscarada|spe|1\n|-unboost|p2b: Tauros|spe|1\n|move|p2b: Tauros|Wild Charge|p1a: R\u00e3\n|-supereffective|p1a: R\u00e3\n|-crit|p1a: R\u00e3\n|-damage|p1a: R\u00e3|0 fnt\n|faint|p1a: R\u00e3\n|-damage|p2b: Tauros|29\/100 tox|[from] Recoil\n|\n|-weather|RainDance|[upkeep]\n|-damage|p2b: Tauros|16\/100 tox|[from] psn\n|-start|p1b: Maconheiro|perish1\n|upkeep\n|\n|t:|1700181493\n|switch|p1a: Sapo maromba|Toxicroak, M|100\/100\n|-sideend|p1: Delreynan|move: Toxic Spikes|[of] p1a: Sapo maromba\n|turn|4\n|\n|t:|1700181508\n|switch|p1b: Cururu obeso|Bellibolt, M|100\/100\n|move|p1a: Sapo maromba|Sucker Punch|p2a: Meowscarada\n|-damage|p2a: Meowscarada|37\/100\n|move|p2a: Meowscarada|Flower Trick|p1b: Cururu obeso\n|-crit|p1b: Cururu obeso\n|-damage|p1b: Cururu obeso|68\/100\n|-start|p1b: Cururu obeso|Charge|Flower Trick|[from] ability: Electromorphosis\n|move|p2b: Tauros|Outrage|p1b: Cururu obeso\n|-damage|p1b: Cururu obeso|0 fnt\n|faint|p1b: Cururu obeso\n|\n|-weather|RainDance|[upkeep]\n|-damage|p2b: Tauros|0 fnt|[from] psn\n|faint|p2b: Tauros\n|upkeep\n|\n|t:|1700181530\n|switch|p2b: Raichu|Raichu-Alola, M|84\/100\n|switch|p1b: Maconheiro|Seismitoad, M|100\/100\n|-damage|p2b: Raichu|72\/100|[from] Stealth Rock\n|turn|5\n|inactive|Qwerty830 has 120 seconds left.\n|\n|t:|1700181573\n|-terastallize|p1a: Sapo maromba|Dark\n|move|p2b: Raichu|Rising Voltage|p1a: Sapo maromba\n|-hint|Rising Voltage's BP doubled on grounded target.\n|-crit|p1a: Sapo maromba\n|-damage|p1a: Sapo maromba|0 fnt\n|faint|p1a: Sapo maromba\n|move|p1b: Maconheiro|Scald|p2b: Raichu\n|-damage|p2b: Raichu|6\/100\n|-status|p2b: Raichu|brn\n|move|p2a: Meowscarada|Flower Trick|p1b: Maconheiro\n|-supereffective|p1b: Maconheiro\n|-crit|p1b: Maconheiro\n|-damage|p1b: Maconheiro|0 fnt\n|faint|p1b: Maconheiro\n|\n|-weather|RainDance|[upkeep]\n|-damage|p2b: Raichu|0 fnt|[from] brn\n|faint|p2b: Raichu\n|upkeep\n|inactive|Qwerty830 has 120 seconds left.\n|\n|t:|1700181594\n|switch|p1a: Cururu vegano|Venusaur, M|100\/100\n|switch|p2b: Pincurchin|Pincurchin, M|85\/100\n|switch|p1b: Perereca ninja|Greninja, M|100\/100\n|-damage|p2b: Pincurchin|73\/100|[from] Stealth Rock\n|turn|6\n|inactive|Qwerty830 has 120 seconds left.\n|\n|t:|1700181620\n|detailschange|p1a: Cururu vegano|Venusaur-Mega, M\n|-mega|p1a: Cururu vegano|Venusaur|Venusaurite\n|move|p1b: Perereca ninja|Water Shuriken|p2b: Pincurchin\n|-damage|p2b: Pincurchin|59\/100\n|-damage|p2b: Pincurchin|45\/100\n|-damage|p2b: Pincurchin|31\/100\n|-hitcount|p2b: Pincurchin|3\n|move|p2a: Meowscarada|Acrobatics|p1a: Cururu vegano\n|-supereffective|p1a: Cururu vegano\n|-damage|p1a: Cururu vegano|59\/100\n|move|p1a: Cururu vegano|Sludge Bomb|p2a: Meowscarada\n|-supereffective|p2a: Meowscarada\n|-damage|p2a: Meowscarada|0 fnt\n|faint|p2a: Meowscarada\n|move|p2b: Pincurchin|Rising Voltage|p1b: Perereca ninja\n|-hint|Rising Voltage's BP doubled on grounded target.\n|-supereffective|p1b: Perereca ninja\n|-damage|p1b: Perereca ninja|0 fnt\n|faint|p1b: Perereca ninja\n|\n|-weather|RainDance|[upkeep]\n|upkeep\n|turn|7\n|inactive|Qwerty830 has 120 seconds left.\n|\n|t:|1700181658\n|move|p1a: Cururu vegano|Earth Power|p2b: Pincurchin\n|-supereffective|p2b: Pincurchin\n|-damage|p2b: Pincurchin|0 fnt\n|faint|p2b: Pincurchin\n|\n|win|Delreynan\n|raw|Delreynan's rating: 1085 &rarr; <strong>1106<\/strong><br \/>(+21 for winning)\n|raw|Qwerty830's rating: 1000 &rarr; <strong>1000<\/strong><br \/>(+0 for losing)\n|l|\u2606Qwerty830\n","uploadtime":1700181662,"views":5,"p1id":"delreynan","p2id":"qwerty830","formatid":"gen9nationaldexdoubles","rating":1000,"private":0,"password":""}