{"id":"gen9nationaldexdoubles-1966826023","p1":"CatchyG","p2":"lxvliiz","format":"[Gen 9] National Dex Doubles","log":"|j|\u2606CatchyG\n|j|\u2606lxvliiz\n|t:|1697225111\n|gametype|doubles\n|player|p1|CatchyG|wallace|1292\n|player|p2|lxvliiz|101|1149\n|teamsize|p1|6\n|teamsize|p2|6\n|gen|9\n|tier|[Gen 9] National Dex Doubles\n|rated|\n|rule|HP Percentage Mod: HP is shown in percentages\n|rule|Endless Battle Clause: Forcing endless battles is banned\n|rule|OHKO Clause: OHKO moves are banned\n|rule|Evasion Moves Clause: Evasion moves are banned\n|rule|Evasion Abilities Clause: Evasion abilities are banned\n|rule|Species Clause: Limit one of each Pok\u00e9mon\n|rule|Gravity Sleep Clause: The combination of sleep-inducing moves with imperfect accuracy and Gravity or Gigantamax Orbeetle are banned\n|clearpoke\n|poke|p1|Venusaur, F|\n|poke|p1|Ninetales, F|\n|poke|p1|Jumpluff, M|\n|poke|p1|Seismitoad, M|\n|poke|p1|Galvantula, M|\n|poke|p1|Zarude|\n|poke|p2|Torkoal, M|\n|poke|p2|Rillaboom, F|\n|poke|p2|Sinistcha-Masterpiece|\n|poke|p2|Volcarona, F|\n|poke|p2|Blaziken, M|\n|poke|p2|Ogerpon-Cornerstone, F|\n|teampreview\n|inactive|Battle timer is ON: inactive players will automatically lose when time's up. (requested by CatchyG)\n|\n|t:|1697225121\n|start\n|switch|p1a: Venusaur|Venusaur, F|100\/100\n|switch|p1b: Jumpluff|Jumpluff, M|100\/100\n|switch|p2a: hi|Ogerpon-Cornerstone, F|100\/100\n|switch|p2b: there|Torkoal, M|100\/100\n|-weather|SunnyDay|[from] ability: Drought|[of] p2b: there\n|turn|1\n|\n|t:|1697225131\n|move|p2a: hi|Follow Me|p2a: hi\n|-singleturn|p2a: hi|move: Follow Me\n|move|p1b: Jumpluff|Acrobatics|p2a: hi\n|-damage|p2a: hi|64\/100\n|move|p1a: Venusaur|Sludge Bomb|p2a: hi\n|-damage|p2a: hi|6\/100\n|-damage|p1a: Venusaur|91\/100|[from] item: Life Orb\n|move|p2b: there|Eruption|p1a: Venusaur|[spread] p1a,p1b\n|-supereffective|p1a: Venusaur\n|-supereffective|p1b: Jumpluff\n|-damage|p1a: Venusaur|0 fnt\n|-damage|p1b: Jumpluff|0 fnt\n|faint|p1a: Venusaur\n|faint|p1b: Jumpluff\n|\n|-weather|SunnyDay|[upkeep]\n|upkeep\n|\n|t:|1697225149\n|switch|p1b: Ninetales|Ninetales, F|100\/100\n|switch|p1a: Zarude|Zarude|100\/100\n|turn|2\n|\n|t:|1697225161\n|-terastallize|p2b: there|Fire\n|move|p2a: hi|Follow Me|p2a: hi\n|-singleturn|p2a: hi|move: Follow Me\n|move|p1b: Ninetales|Heat Wave|p2a: hi|[spread] p2b\n|-miss|p1b: Ninetales|p2a: hi\n|-resisted|p2b: there\n|-damage|p2b: there|80\/100\n|move|p1a: Zarude|Drain Punch|p2a: hi\n|-supereffective|p2a: hi\n|-damage|p2a: hi|0 fnt\n|faint|p2a: hi\n|move|p2b: there|Eruption|p1b: Ninetales|[spread] p1a,p1b\n|-supereffective|p1a: Zarude\n|-resisted|p1b: Ninetales\n|-damage|p1a: Zarude|0 fnt\n|-damage|p1b: Ninetales|58\/100\n|faint|p1a: Zarude\n|\n|-weather|SunnyDay|[upkeep]\n|upkeep\n|\n|t:|1697225177\n|switch|p2a: whos|Volcarona, F|100\/100\n|switch|p1a: Galvantula|Galvantula, M|100\/100\n|turn|3\n|\n|t:|1697225183\n|-terastallize|p1b: Ninetales|Fire\n|move|p2a: whos|Rage Powder|p2a: whos\n|-singleturn|p2a: whos|move: Rage Powder\n|move|p1a: Galvantula|Thunder Wave|p2a: whos\n|-status|p2a: whos|par\n|move|p1b: Ninetales|Heat Wave|p2b: there|[spread] p2a\n|-miss|p1b: Ninetales|p2b: there\n|-damage|p2a: whos|64\/100 par\n|move|p2b: there|Eruption|p1a: Galvantula|[spread] p1a,p1b\n|-supereffective|p1a: Galvantula\n|-resisted|p1b: Ninetales\n|-enditem|p1a: Galvantula|Focus Sash\n|-damage|p1a: Galvantula|1\/100\n|-damage|p1b: Ninetales|15\/100\n|-enditem|p1b: Ninetales|Iapapa Berry|[eat]\n|-heal|p1b: Ninetales|48\/100|[from] item: Iapapa Berry\n|\n|-weather|SunnyDay|[upkeep]\n|upkeep\n|turn|4\n|\n|t:|1697225201\n|move|p1a: Galvantula|Thunder Wave|p2b: there\n|-status|p2b: there|par\n|move|p1b: Ninetales|Heat Wave|p2b: there|[spread] p2a,p2b\n|-resisted|p2b: there\n|-crit|p2b: there\n|-damage|p2a: whos|28\/100 par\n|-damage|p2b: there|41\/100 par\n|move|p2a: whos|Morning Sun|p2a: whos\n|-heal|p2a: whos|94\/100 par\n|cant|p2b: there|par\n|\n|-weather|SunnyDay|[upkeep]\n|upkeep\n|turn|5\n|\n|t:|1697225225\n|move|p1a: Galvantula|Sticky Web|p2a: whos\n|-sidestart|p2: lxvliiz|move: Sticky Web\n|move|p1b: Ninetales|Heat Wave|p2a: whos|[spread] p2a,p2b\n|-resisted|p2b: there\n|-crit|p2b: there\n|-damage|p2a: whos|59\/100 par\n|-damage|p2b: there|0 fnt\n|faint|p2b: there\n|move|p2a: whos|Fiery Dance|p1a: Galvantula\n|-supereffective|p1a: Galvantula\n|-damage|p1a: Galvantula|0 fnt\n|-boost|p2a: whos|spa|1\n|faint|p1a: Galvantula\n|\n|-weather|none\n|upkeep\n|\n|t:|1697225233\n|switch|p1a: Seismitoad|Seismitoad, M|100\/100\n|switch|p2b: b|Sinistcha-Masterpiece|100\/100\n|-activate|p2b: b|move: Sticky Web\n|-unboost|p2b: b|spe|1\n|-heal|p2a: whos|84\/100 par|[from] ability: Hospitality|[of] p2b: b\n|turn|6\n|\n|t:|1697225253\n|move|p2a: whos|Protect|p2a: whos\n|-singleturn|p2a: whos|Protect\n|move|p1b: Ninetales|Heat Wave|p2a: whos|[spread] p2b\n|-activate|p2a: whos|move: Protect\n|-supereffective|p2b: b\n|-damage|p2b: b|22\/100\n|move|p1a: Seismitoad|Ice Punch|p2b: b\n|-supereffective|p2b: b\n|-damage|p2b: b|0 fnt\n|faint|p2b: b\n|\n|upkeep\n|\n|t:|1697225262\n|switch|p2b: help|Blaziken, M|100\/100\n|-activate|p2b: help|move: Sticky Web\n|-unboost|p2b: help|spe|1\n|turn|7\n|\n|t:|1697225269\n|detailschange|p2b: help|Blaziken-Mega, M\n|-mega|p2b: help|Blaziken|Blazikenite\n|move|p2b: help|Protect|p2b: help\n|-singleturn|p2b: help|Protect\n|cant|p2a: whos|par\n|move|p1b: Ninetales|Heat Wave|p2b: help|[spread] p2a\n|-activate|p2b: help|move: Protect\n|-damage|p2a: whos|61\/100 par\n|move|p1a: Seismitoad|Ice Punch|p2a: whos\n|-resisted|p2a: whos\n|-damage|p2a: whos|39\/100 par\n|\n|-ability|p2b: help|Speed Boost|boost\n|-boost|p2b: help|spe|1\n|upkeep\n|turn|8\n|\n|t:|1697225285\n|cant|p2a: whos|par\n|move|p1b: Ninetales|Scorching Sands|p2b: help\n|-supereffective|p2b: help\n|-damage|p2b: help|51\/100\n|move|p2b: help|Close Combat|p1a: Seismitoad\n|-damage|p1a: Seismitoad|4\/100\n|-unboost|p2b: help|def|1\n|-unboost|p2b: help|spd|1\n|move|p1a: Seismitoad|Ice Punch|p2a: whos\n|-resisted|p2a: whos\n|-damage|p2a: whos|17\/100 par\n|-status|p1a: Seismitoad|brn|[from] ability: Flame Body|[of] p2a: whos\n|-enditem|p2a: whos|Wiki Berry|[eat]\n|-heal|p2a: whos|50\/100 par|[from] item: Wiki Berry\n|\n|-damage|p1a: Seismitoad|0 fnt|[from] brn\n|faint|p1a: Seismitoad\n|-ability|p2b: help|Speed Boost|boost\n|-boost|p2b: help|spe|1\n|upkeep\n|turn|9\n|l|\u2606CatchyG\n|inactive|CatchyG disconnected and has a minute to reconnect!\n|player|p1|\n|c|\u2606lxvliiz|lol\n|j|\u2606CatchyG\n|inactive|CatchyG reconnected and has 140 seconds left.\n|player|p1|CatchyG|wallace\n|\n|t:|1697225309\n|move|p2b: help|Close Combat|p1b: Ninetales\n|-damage|p1b: Ninetales|0 fnt\n|-unboost|p2b: help|def|1\n|-unboost|p2b: help|spd|1\n|faint|p1b: Ninetales\n|\n|win|lxvliiz\n|raw|CatchyG's rating: 1292 &rarr; <strong>1257<\/strong><br \/>(-35 for losing)\n|raw|lxvliiz's rating: 1149 &rarr; <strong>1184<\/strong><br \/>(+35 for winning)\n|l|\u2606CatchyG\n|c|\u2606lxvliiz|gg\n","uploadtime":1697225316,"views":5,"p1id":"catchyg","p2id":"lxvliiz","formatid":"gen9nationaldexdoubles","rating":1184,"private":0,"password":""}