{"id":"gen9nationaldexdoubles-1962059112","p1":"SammySs","p2":"El_Gran_Wigglytuff","format":"[Gen 9] National Dex Doubles","log":"|j|\u2606SammySs\n|j|\u2606El_Gran_Wigglytuff\n|t:|1696703123\n|gametype|doubles\n|player|p1|SammySs|lance|\n|player|p2|El_Gran_Wigglytuff|benga|\n|teamsize|p1|6\n|teamsize|p2|6\n|gen|9\n|tier|[Gen 9] National Dex Doubles\n|rule|HP Percentage Mod: HP is shown in percentages\n|rule|Endless Battle Clause: Forcing endless battles is banned\n|rule|OHKO Clause: OHKO moves are banned\n|rule|Evasion Moves Clause: Evasion moves are banned\n|rule|Evasion Abilities Clause: Evasion abilities are banned\n|rule|Species Clause: Limit one of each Pok\u00e9mon\n|rule|Gravity Sleep Clause: The combination of sleep-inducing moves with imperfect accuracy and Gravity or Gigantamax Orbeetle are banned\n|clearpoke\n|poke|p1|Flutter Mane|\n|poke|p1|Basculegion-F, F|\n|poke|p1|Ceruledge, M|\n|poke|p1|Skeledirge, M|\n|poke|p1|Typhlosion-Hisui, F|\n|poke|p1|Gholdengo|\n|poke|p2|Salamence, F|\n|poke|p2|Thundurus-Therian, M|\n|poke|p2|Tornadus, M|\n|poke|p2|Pelipper, M|\n|poke|p2|Landorus, M|\n|poke|p2|Zapdos-Galar|\n|teampreview\n|j| XMarcosPr710\n|\n|t:|1696703135\n|start\n|switch|p1a: Ceruledge|Ceruledge, M|100\/100\n|switch|p1b: Flutter Mane|Flutter Mane|100\/100\n|switch|p2a: Lluvia en Sevilla|Pelipper, M|100\/100\n|switch|p2b: 3 son mejor que 1|Tornadus, M|100\/100\n|-weather|RainDance|[from] ability: Drizzle|[of] p2a: Lluvia en Sevilla\n|-enditem|p1b: Flutter Mane|Booster Energy\n|-activate|p1b: Flutter Mane|ability: Protosynthesis|[fromitem]\n|-start|p1b: Flutter Mane|protosynthesisspe\n|turn|1\n|c| XMarcosPr710|Vamos Samy conf\u00edo en ti\n|c|\u2606SammySs|yo no la verdad\n|\n|t:|1696703168\n|move|p1a: Ceruledge|Protect|p1a: Ceruledge\n|-singleturn|p1a: Ceruledge|Protect\n|move|p2b: 3 son mejor que 1|Tailwind|p2b: 3 son mejor que 1\n|-sidestart|p2: El_Gran_Wigglytuff|move: Tailwind\n|move|p1b: Flutter Mane|Shadow Ball|p2b: 3 son mejor que 1\n|-damage|p2b: 3 son mejor que 1|48\/100\n|move|p2a: Lluvia en Sevilla|Scald|p1b: Flutter Mane\n|-damage|p1b: Flutter Mane|65\/100\n|\n|-weather|RainDance|[upkeep]\n|upkeep\n|turn|2\n|c| XMarcosPr710|Change your mind set\n|\n|t:|1696703177\n|move|p2b: 3 son mejor que 1|Bleakwind Storm|p1b: Flutter Mane|[spread] p1a,p1b\n|-crit|p1b: Flutter Mane\n|-damage|p1a: Ceruledge|61\/100\n|-damage|p1b: Flutter Mane|16\/100\n|move|p1b: Flutter Mane|Shadow Ball|p2b: 3 son mejor que 1\n|-damage|p2b: 3 son mejor que 1|0 fnt\n|faint|p2b: 3 son mejor que 1\n|move|p2a: Lluvia en Sevilla|Scald|p1a: Ceruledge\n|-supereffective|p1a: Ceruledge\n|-damage|p1a: Ceruledge|0 fnt\n|faint|p1a: Ceruledge\n|\n|-weather|RainDance|[upkeep]\n|upkeep\n|\n|t:|1696703201\n|switch|p2b: Rayo McQueen|Thundurus-Therian, M|100\/100\n|switch|p1a: Skeledirge|Skeledirge, M|100\/100\n|turn|3\n|\n|t:|1696703216\n|move|p1b: Flutter Mane|Protect|p1b: Flutter Mane\n|-singleturn|p1b: Flutter Mane|Protect\n|move|p2b: Rayo McQueen|Wildbolt Storm|p1b: Flutter Mane|[spread] p1a\n|-activate|p1b: Flutter Mane|move: Protect\n|-crit|p1a: Skeledirge\n|-damage|p1a: Skeledirge|36\/100\n|-damage|p2b: Rayo McQueen|91\/100|[from] item: Life Orb\n|move|p2a: Lluvia en Sevilla|Scald|p1a: Skeledirge\n|-supereffective|p1a: Skeledirge\n|-damage|p1a: Skeledirge|0 fnt\n|faint|p1a: Skeledirge\n|\n|-weather|RainDance|[upkeep]\n|upkeep\n|\n|t:|1696703234\n|switch|p1a: Typhlosion|Typhlosion-Hisui, F|100\/100\n|-item|p2a: Lluvia en Sevilla|Damp Rock|[from] ability: Frisk|[of] p1a: Typhlosion|[identify]\n|-item|p2b: Rayo McQueen|Life Orb|[from] ability: Frisk|[of] p1a: Typhlosion|[identify]\n|turn|4\n|\n|t:|1696703249\n|move|p1b: Flutter Mane|Protect|p1b: Flutter Mane\n|-singleturn|p1b: Flutter Mane|Protect\n|move|p2b: Rayo McQueen|Wildbolt Storm|p1b: Flutter Mane|[spread] p1a\n|-activate|p1b: Flutter Mane|move: Protect\n|-damage|p1a: Typhlosion|23\/100\n|-damage|p2b: Rayo McQueen|81\/100|[from] item: Life Orb\n|move|p1a: Typhlosion|Shadow Ball|p2b: Rayo McQueen\n|-damage|p2b: Rayo McQueen|28\/100\n|move|p2a: Lluvia en Sevilla|Scald|p1a: Typhlosion\n|-supereffective|p1a: Typhlosion\n|-damage|p1a: Typhlosion|0 fnt\n|faint|p1a: Typhlosion\n|\n|-weather|RainDance|[upkeep]\n|-sideend|p2: El_Gran_Wigglytuff|move: Tailwind\n|upkeep\n|c|\u2606El_Gran_Wigglytuff|Vaya doble Protect\n|\n|t:|1696703267\n|switch|p1a: Basculegion|Basculegion-F, F|100\/100\n|turn|5\n|\n|t:|1696703282\n|move|p2b: Rayo McQueen|Protect|p2b: Rayo McQueen\n|-singleturn|p2b: Rayo McQueen|Protect\n|move|p1b: Flutter Mane|Shadow Ball|p2a: Lluvia en Sevilla\n|-damage|p2a: Lluvia en Sevilla|47\/100\n|move|p1a: Basculegion|Ice Beam|p2b: Rayo McQueen\n|-activate|p2b: Rayo McQueen|move: Protect\n|move|p2a: Lluvia en Sevilla|Scald|p1b: Flutter Mane\n|-damage|p1b: Flutter Mane|0 fnt\n|faint|p1b: Flutter Mane\n|-end|p1b: Flutter Mane|Protosynthesis|[silent]\n|\n|-weather|RainDance|[upkeep]\n|upkeep\n|\n|t:|1696703285\n|switch|p1b: Gholdengo|Gholdengo|100\/100\n|turn|6\n|\n|t:|1696703303\n|-terastallize|p2b: Rayo McQueen|Water\n|move|p1a: Basculegion|Ice Beam|p2b: Rayo McQueen\n|-resisted|p2b: Rayo McQueen\n|-damage|p2b: Rayo McQueen|0 fnt\n|faint|p2b: Rayo McQueen\n|move|p1b: Gholdengo|Shadow Ball|p2a: Lluvia en Sevilla\n|-damage|p2a: Lluvia en Sevilla|0 fnt\n|faint|p2a: Lluvia en Sevilla\n|-damage|p1b: Gholdengo|91\/100|[from] item: Life Orb\n|\n|-weather|RainDance|[upkeep]\n|upkeep\n|c|\u2606SammySs|si no funcionaba perd\u00eda\n|\n|t:|1696703311\n|switch|p2b: Es su mejor forma|Landorus, M|100\/100\n|switch|p2a: Buenos d\u00edas|Salamence, F|100\/100\n|-ability|p2a: Buenos d\u00edas|Intimidate|boost\n|-unboost|p1a: Basculegion|atk|1\n|-unboost|p1b: Gholdengo|atk|1\n|turn|7\n|\n|t:|1696703329\n|detailschange|p2a: Buenos d\u00edas|Salamence-Mega, F\n|-mega|p2a: Buenos d\u00edas|Salamence|Salamencite\n|move|p2a: Buenos d\u00edas|Protect|p2a: Buenos d\u00edas\n|-singleturn|p2a: Buenos d\u00edas|Protect\n|move|p2b: Es su mejor forma|Protect|p2b: Es su mejor forma\n|-singleturn|p2b: Es su mejor forma|Protect\n|move|p1b: Gholdengo|Protect|p1b: Gholdengo\n|-singleturn|p1b: Gholdengo|Protect\n|move|p1a: Basculegion|Ice Beam|p2b: Es su mejor forma\n|-activate|p2b: Es su mejor forma|move: Protect\n|\n|-weather|RainDance|[upkeep]\n|upkeep\n|turn|8\n|c|\u2606SammySs|y como funcion\u00f3 creo que igual pierdo\n|\n|t:|1696703368\n|move|p1a: Basculegion|Ice Beam|p2b: Es su mejor forma\n|-supereffective|p2b: Es su mejor forma\n|-damage|p2b: Es su mejor forma|0 fnt\n|faint|p2b: Es su mejor forma\n|move|p2a: Buenos d\u00edas|Earthquake|p1a: Basculegion|[spread] p1a,p1b\n|-supereffective|p1b: Gholdengo\n|-damage|p1a: Basculegion|66\/100\n|-damage|p1b: Gholdengo|23\/100\n|move|p1b: Gholdengo|Shadow Ball|p2a: Buenos d\u00edas\n|-damage|p2a: Buenos d\u00edas|43\/100\n|-damage|p1b: Gholdengo|13\/100|[from] item: Life Orb\n|\n|-weather|none\n|upkeep\n|\n|t:|1696703388\n|switch|p2b: El Correcaminos|Zapdos-Galar|100\/100\n|turn|9\n|c|\u2606SammySs|!weak fighting\n|c| SammySs|\/raw <div class=\"infobox\">Fighting:<br \/><span class=\"message-effect-weak\">Weaknesses<\/span>: Fairy, Flying, Psychic<br \/><span class=\"message-effect-resist\">Resistances<\/span>: Bug, Dark, Rock<br \/><span class=\"message-effect-immune\">Immunities<\/span>: <font color=#999999>None<\/font><\/div>\n|c| XMarcosPr710|El correcaminos \u2620\ufe0f\u2620\ufe0f\u2620\ufe0f\n|\n|t:|1696703419\n|move|p2b: El Correcaminos|Brave Bird|p1a: Basculegion\n|-damage|p1a: Basculegion|0 fnt\n|faint|p1a: Basculegion\n|-damage|p2b: El Correcaminos|75\/100|[from] Recoil\n|move|p2a: Buenos d\u00edas|Earthquake|p1b: Gholdengo|[spread] p1b\n|-immune|p2b: El Correcaminos\n|-supereffective|p1b: Gholdengo\n|-damage|p1b: Gholdengo|0 fnt\n|faint|p1b: Gholdengo\n|\n|win|El_Gran_Wigglytuff\n","uploadtime":1696703432,"views":14,"p1id":"sammyss","p2id":"elgranwigglytuff","formatid":"gen9nationaldexdoubles","rating":0,"private":0,"password":""}