{"id":"gen9nationaldexdoubles-1988046156","p1":"MikazukiRex_","p2":"PU Rules","format":"[Gen 9] National Dex Doubles","log":"|j|\u2606MikazukiRex_\n|j|\u2606PU Rules\n|t:|1699662949\n|gametype|doubles\n|player|p1|MikazukiRex_|ltsurge|\n|player|p2|PU Rules|gentleman-gen4|\n|teamsize|p1|6\n|teamsize|p2|6\n|gen|9\n|tier|[Gen 9] National Dex Doubles\n|rule|HP Percentage Mod: HP is shown in percentages\n|rule|Endless Battle Clause: Forcing endless battles is banned\n|rule|OHKO Clause: OHKO moves are banned\n|rule|Evasion Moves Clause: Evasion moves are banned\n|rule|Evasion Abilities Clause: Evasion abilities are banned\n|rule|Species Clause: Limit one of each Pok\u00e9mon\n|rule|Gravity Sleep Clause: The combination of sleep-inducing moves with imperfect accuracy and Gravity or Gigantamax Orbeetle are banned\n|clearpoke\n|poke|p1|Chi-Yu|\n|poke|p1|Tsareena, F|\n|poke|p1|Dragonite, M|\n|poke|p1|Great Tusk|\n|poke|p1|Murkrow, M|\n|poke|p1|Dragapult, F|\n|poke|p2|Oricorio-Sensu, F|\n|poke|p2|Lilligant, F|\n|poke|p2|Iron Moth|\n|poke|p2|Latios, M|\n|poke|p2|Alakazam, F|\n|poke|p2|Blastoise, M|\n|teampreview\n|c|\u2606PU Rules|GL\n|\n|t:|1699662959\n|start\n|switch|p1a: Murkrow|Murkrow, M|100\/100\n|switch|p1b: Great Tusk|Great Tusk|100\/100\n|switch|p2a: Oricorio|Oricorio-Sensu, F|100\/100\n|switch|p2b: Lilligant|Lilligant, F|100\/100\n|turn|1\n|c|\u2606MikazukiRex_|pls\n|c|\u2606MikazukiRex_|I need it\n|\n|t:|1699663007\n|-end|p1b: Great Tusk|Protosynthesis|[silent]\n|switch|p1b: Dragapult|Dragapult, F|100\/100\n|move|p1a: Murkrow|Tailwind|p1a: Murkrow\n|-sidestart|p1: MikazukiRex_|move: Tailwind\n|-zpower|p2a: Oricorio\n|move|p2a: Oricorio|Z-Teeter Dance|p1b: Dragapult|[anim]Teeter Dance|[spread] p2b,p1a,p1b\n|-boost|p2a: Oricorio|spa|1|[zeffect]\n|-immune|p2b: Lilligant|confusion|[from] ability: Own Tempo\n|-start|p1a: Murkrow|confusion\n|-start|p1b: Dragapult|confusion\n|move|p2b: Lilligant|Petal Dance|p1a: Murkrow\n|-resisted|p1a: Murkrow\n|-damage|p1a: Murkrow|68\/100\n|-activate|p2a: Oricorio|ability: Dancer\n|move|p2a: Oricorio|Petal Dance|p1a: Murkrow|[from]ability: Dancer\n|-resisted|p1a: Murkrow\n|-damage|p1a: Murkrow|38\/100\n|\n|upkeep\n|turn|2\n|\n|t:|1699663051\n|-terastallize|p1b: Dragapult|Ghost\n|-activate|p1b: Dragapult|confusion\n|move|p1b: Dragapult|Shadow Ball|p2a: Oricorio\n|-supereffective|p2a: Oricorio\n|-damage|p2a: Oricorio|0 fnt\n|faint|p2a: Oricorio\n|-activate|p1a: Murkrow|confusion\n|-damage|p1a: Murkrow|25\/100|[from] confusion\n|move|p2b: Lilligant|Petal Dance|p1b: Dragapult|[from]lockedmove\n|-damage|p1b: Dragapult|21\/100\n|\n|upkeep\n|\n|t:|1699663064\n|switch|p2a: Iron Moth|Iron Moth|100\/100\n|-enditem|p2a: Iron Moth|Booster Energy\n|-activate|p2a: Iron Moth|ability: Quark Drive|[fromitem]\n|-start|p2a: Iron Moth|quarkdrivespa\n|turn|3\n|\n|t:|1699663084\n|-activate|p1b: Dragapult|confusion\n|move|p1b: Dragapult|Shadow Ball|p2a: Iron Moth\n|-damage|p2a: Iron Moth|27\/100\n|-unboost|p2a: Iron Moth|spd|1\n|-activate|p1a: Murkrow|confusion\n|-damage|p1a: Murkrow|12\/100|[from] confusion\n|move|p2a: Iron Moth|Heat Wave|p1a: Murkrow|[spread] p1a,p1b\n|-damage|p1a: Murkrow|0 fnt\n|-damage|p1b: Dragapult|0 fnt\n|faint|p1a: Murkrow\n|faint|p1b: Dragapult\n|move|p2b: Lilligant|Quiver Dance|p2b: Lilligant\n|-boost|p2b: Lilligant|spa|1\n|-boost|p2b: Lilligant|spd|1\n|-boost|p2b: Lilligant|spe|1\n|\n|upkeep\n|\n|t:|1699663112\n|switch|p1b: Chi-Yu|Chi-Yu|100\/100\n|switch|p1a: Dragonite|Dragonite, M|100\/100\n|-ability|p1b: Chi-Yu|Beads of Ruin\n|turn|4\n|\n|t:|1699663134\n|move|p2b: Lilligant|Protect|p2b: Lilligant\n|-singleturn|p2b: Lilligant|Protect\n|move|p1a: Dragonite|Extreme Speed|p2a: Iron Moth\n|-damage|p2a: Iron Moth|0 fnt\n|faint|p2a: Iron Moth\n|-end|p2a: Iron Moth|Quark Drive|[silent]\n|move|p1b: Chi-Yu|Overheat|p2b: Lilligant\n|-activate|p2b: Lilligant|move: Protect\n|\n|-sideend|p1: MikazukiRex_|move: Tailwind\n|upkeep\n|\n|t:|1699663143\n|switch|p2a: Latios|Latios, M|100\/100\n|turn|5\n|\n|t:|1699663154\n|switch|p1a: Tsareena|Tsareena, F|100\/100\n|detailschange|p2a: Latios|Latios-Mega, M\n|-mega|p2a: Latios|Latios|Latiosite\n|move|p2b: Lilligant|Petal Dance|p1b: Chi-Yu\n|-resisted|p1b: Chi-Yu\n|-damage|p1b: Chi-Yu|47\/100\n|move|p2a: Latios|Draco Meteor|p1a: Tsareena\n|-damage|p1a: Tsareena|0 fnt\n|-unboost|p2a: Latios|spa|2\n|faint|p1a: Tsareena\n|move|p1b: Chi-Yu|Overheat|p2b: Lilligant\n|-supereffective|p2b: Lilligant\n|-damage|p2b: Lilligant|0 fnt\n|-unboost|p1b: Chi-Yu|spa|2\n|faint|p2b: Lilligant\n|\n|upkeep\n|\n|t:|1699663176\n|switch|p2b: Blastoise|Blastoise, M|100\/100\n|switch|p1a: Dragonite|Dragonite, M|100\/100\n|turn|6\n|\n|t:|1699663195\n|switch|p2a: Alakazam|Alakazam, F|100\/100\n|switch|p1b: Great Tusk|Great Tusk|100\/100\n|move|p1a: Dragonite|Ice Spinner|p2a: Alakazam\n|-enditem|p2a: Alakazam|Focus Sash\n|-damage|p2a: Alakazam|1\/100\n|move|p2b: Blastoise|Yawn|p1a: Dragonite\n|-start|p1a: Dragonite|move: Yawn|[of] p2b: Blastoise\n|\n|upkeep\n|turn|7\n|\n|t:|1699663211\n|switch|p1a: Chi-Yu|Chi-Yu|47\/100\n|-ability|p1a: Chi-Yu|Beads of Ruin\n|move|p2b: Blastoise|Follow Me|p2b: Blastoise\n|-singleturn|p2b: Blastoise|move: Follow Me\n|move|p2a: Alakazam|Expanding Force|p1b: Great Tusk\n|-supereffective|p1b: Great Tusk\n|-damage|p1b: Great Tusk|12\/100\n|move|p1b: Great Tusk|Earthquake|p2a: Alakazam|[spread] p1a,p2a,p2b\n|-supereffective|p1a: Chi-Yu\n|-damage|p1a: Chi-Yu|0 fnt\n|-damage|p2a: Alakazam|0 fnt\n|-damage|p2b: Blastoise|59\/100\n|faint|p1a: Chi-Yu\n|faint|p2a: Alakazam\n|\n|-heal|p2b: Blastoise|65\/100|[from] item: Leftovers\n|upkeep\n|\n|t:|1699663225\n|switch|p2a: Latios|Latios-Mega, M|100\/100\n|switch|p1a: Dragonite|Dragonite, M|100\/100\n|turn|8\n|\n|t:|1699663246\n|move|p2b: Blastoise|Follow Me|p2b: Blastoise\n|-singleturn|p2b: Blastoise|move: Follow Me\n|move|p2a: Latios|Draco Meteor|p1a: Dragonite\n|-supereffective|p1a: Dragonite\n|-damage|p1a: Dragonite|0 fnt\n|-unboost|p2a: Latios|spa|2\n|faint|p1a: Dragonite\n|move|p1b: Great Tusk|Close Combat|p2b: Blastoise\n|-damage|p2b: Blastoise|0 fnt\n|-unboost|p1b: Great Tusk|def|1\n|-unboost|p1b: Great Tusk|spd|1\n|faint|p2b: Blastoise\n|\n|upkeep\n|turn|9\n|\n|t:|1699663258\n|move|p2a: Latios|Energy Ball|p1b: Great Tusk\n|-supereffective|p1b: Great Tusk\n|-damage|p1b: Great Tusk|0 fnt\n|faint|p1b: Great Tusk\n|-end|p1b: Great Tusk|Protosynthesis|[silent]\n|\n|win|PU Rules\n|c|\u2606MikazukiRex_|ggs\n|c|\u2606PU Rules|Gg\n|l|\u2606PU Rules\n","uploadtime":1699663269,"views":26,"p1id":"mikazukirex","p2id":"purules","formatid":"gen9nationaldexdoubles","rating":0,"private":0,"password":""}