{"id":"gen9nationaldexdoubles-1967966552","p1":"luig pigyviu","p2":"napstablok hoeen","format":"[Gen 9] National Dex Doubles","log":"|j|\u2606luig pigyviu\n|j|\u2606napstablok hoeen\n|t:|1697366788\n|gametype|doubles\n|player|p1|luig pigyviu|youngster-gen4dp|1000\n|player|p2|napstablok hoeen|emmet|1171\n|teamsize|p1|6\n|teamsize|p2|6\n|gen|9\n|tier|[Gen 9] National Dex Doubles\n|rated|\n|rule|HP Percentage Mod: HP is shown in percentages\n|rule|Endless Battle Clause: Forcing endless battles is banned\n|rule|OHKO Clause: OHKO moves are banned\n|rule|Evasion Moves Clause: Evasion moves are banned\n|rule|Evasion Abilities Clause: Evasion abilities are banned\n|rule|Species Clause: Limit one of each Pok\u00e9mon\n|rule|Gravity Sleep Clause: The combination of sleep-inducing moves with imperfect accuracy and Gravity or Gigantamax Orbeetle are banned\n|clearpoke\n|poke|p1|Indeedee, M|\n|poke|p1|Regieleki|\n|poke|p1|Meowscarada, M|\n|poke|p1|Spectrier|\n|poke|p1|Murkrow, F|\n|poke|p1|Shuckle, M|\n|poke|p2|Regidrago|\n|poke|p2|Tornadus, M|\n|poke|p2|Glimmora, F|\n|poke|p2|Urshifu-*, M|\n|poke|p2|Ursaluna, M|\n|poke|p2|Espathra, M|\n|teampreview\n|\n|t:|1697366804\n|start\n|switch|p1a: Murkrow|Murkrow, F|100\/100\n|switch|p1b: Shuckle|Shuckle, M|100\/100\n|switch|p2a: Regidrago|Regidrago, shiny|100\/100\n|switch|p2b: Tornadus|Tornadus, M, shiny|100\/100\n|turn|1\n|\n|t:|1697366843\n|move|p2b: Tornadus|Tailwind|p2b: Tornadus\n|-sidestart|p2: napstablok hoeen|move: Tailwind\n|move|p1a: Murkrow|Perish Song|p1a: Murkrow\n|-start|p1a: Murkrow|perish3|[silent]\n|-start|p1b: Shuckle|perish3|[silent]\n|-start|p2a: Regidrago|perish3|[silent]\n|-start|p2b: Tornadus|perish3|[silent]\n|-fieldactivate|move: Perish Song\n|move|p2a: Regidrago|Dragon Energy|p1b: Shuckle|[spread] p1a,p1b\n|-enditem|p1a: Murkrow|Focus Sash\n|-damage|p1a: Murkrow|1\/100\n|-damage|p1b: Shuckle|57\/100\n|move|p1b: Shuckle|Stealth Rock|p2a: Regidrago\n|-sidestart|p2: napstablok hoeen|move: Stealth Rock\n|\n|-start|p2b: Tornadus|perish3\n|-start|p2a: Regidrago|perish3\n|-start|p1a: Murkrow|perish3\n|-start|p1b: Shuckle|perish3\n|upkeep\n|turn|2\n|c|\u2606napstablok hoeen|uwu?\n|\n|t:|1697366866\n|switch|p2a: Urshifu|Urshifu-Rapid-Strike, M|100\/100\n|-damage|p2a: Urshifu|94\/100|[from] Stealth Rock\n|move|p1a: Murkrow|Tailwind|p1a: Murkrow\n|-sidestart|p1: luig pigyviu|move: Tailwind\n|move|p2b: Tornadus|Bleakwind Storm|p1b: Shuckle|[spread] p1b\n|-miss|p2b: Tornadus|p1a: Murkrow\n|-damage|p1b: Shuckle|34\/100\n|-unboost|p1b: Shuckle|spe|1\n|move|p1b: Shuckle|Sticky Web|p2a: Urshifu\n|-sidestart|p2: napstablok hoeen|move: Sticky Web\n|\n|-start|p2b: Tornadus|perish2\n|-start|p1a: Murkrow|perish2\n|-start|p1b: Shuckle|perish2\n|upkeep\n|turn|3\n|\n|t:|1697366889\n|switch|p2b: Regidrago|Regidrago, shiny|100\/100\n|-damage|p2b: Regidrago|88\/100|[from] Stealth Rock\n|-activate|p2b: Regidrago|move: Sticky Web\n|-unboost|p2b: Regidrago|spe|1\n|move|p1a: Murkrow|Taunt|p2a: Urshifu\n|-start|p2a: Urshifu|move: Taunt\n|move|p2a: Urshifu|Surging Strikes|p1b: Shuckle\n|-supereffective|p1b: Shuckle\n|-crit|p1b: Shuckle\n|-damage|p1b: Shuckle|12\/100\n|-supereffective|p1b: Shuckle\n|-crit|p1b: Shuckle\n|-damage|p1b: Shuckle|0 fnt\n|faint|p1b: Shuckle\n|-hitcount|p1: Shuckle|2\n|\n|-start|p1a: Murkrow|perish1\n|upkeep\n|\n|t:|1697366958\n|switch|p1b: Meowscarada|Meowscarada, M|100\/100\n|turn|4\n|\n|t:|1697366981\n|-terastallize|p2a: Urshifu|Fighting\n|move|p1a: Murkrow|Taunt|p2b: Regidrago\n|-start|p2b: Regidrago|move: Taunt\n|move|p1b: Meowscarada|Flower Trick|p2a: Urshifu\n|-start|p1b: Meowscarada|typechange|Grass|[from] ability: Protean\n|-crit|p2a: Urshifu\n|-damage|p2a: Urshifu|48\/100\n|move|p2a: Urshifu|Ice Spinner|p1b: Meowscarada\n|-supereffective|p1b: Meowscarada\n|-damage|p1b: Meowscarada|10\/100\n|move|p2b: Regidrago|Dragon Energy|p1b: Meowscarada|[spread] p1a,p1b\n|-damage|p1a: Murkrow|0 fnt\n|-damage|p1b: Meowscarada|0 fnt\n|faint|p1a: Murkrow\n|faint|p1b: Meowscarada\n|\n|-sideend|p2: napstablok hoeen|move: Tailwind\n|upkeep\n|\n|t:|1697367021\n|switch|p1b: Spectrier|Spectrier|100\/100\n|switch|p1a: Indeedee|Indeedee, M|100\/100\n|-fieldstart|move: Psychic Terrain|[from] ability: Psychic Surge|[of] p1a: Indeedee\n|turn|5\n|\n|t:|1697367057\n|move|p1a: Indeedee|Expanding Force|p2b: Regidrago|[spread] p2a,p2b\n|-supereffective|p2a: Urshifu\n|-damage|p2a: Urshifu|0 fnt\n|-damage|p2b: Regidrago|47\/100\n|-enditem|p2b: Regidrago|Sitrus Berry|[eat]\n|-heal|p2b: Regidrago|71\/100|[from] item: Sitrus Berry\n|faint|p2a: Urshifu\n|move|p1b: Spectrier|Shadow Ball|p2b: Regidrago\n|-damage|p2b: Regidrago|39\/100\n|move|p2b: Regidrago|Dragon Energy|p1b: Spectrier|[spread] p1a,p1b\n|-damage|p1a: Indeedee|65\/100\n|-damage|p1b: Spectrier|67\/100\n|\n|-sideend|p1: luig pigyviu|move: Tailwind\n|upkeep\n|inactive|Battle timer is ON: inactive players will automatically lose when time's up. (requested by luig pigyviu)\n|\n|t:|1697367074\n|switch|p2a: Ursaluna|Ursaluna, M, shiny|100\/100\n|-damage|p2a: Ursaluna|94\/100|[from] Stealth Rock\n|-activate|p2a: Ursaluna|move: Sticky Web\n|-unboost|p2a: Ursaluna|spe|1\n|turn|6\n|inactive|luig pigyviu has 120 seconds left.\n|\n|t:|1697367113\n|-terastallize|p1a: Indeedee|Psychic\n|move|p1a: Indeedee|Expanding Force|p2a: Ursaluna|[spread] p2a,p2b\n|-damage|p2a: Ursaluna|38\/100\n|-damage|p2b: Regidrago|0 fnt\n|faint|p2b: Regidrago\n|move|p1b: Spectrier|Psychic|p2a: Ursaluna\n|-damage|p2a: Ursaluna|0 fnt\n|faint|p2a: Ursaluna\n|-ability|p1b: Spectrier|Grim Neigh|boost\n|-boost|p1b: Spectrier|spa|1\n|\n|upkeep\n|\n|t:|1697367125\n|switch|p2b: Tornadus|Tornadus, M, shiny|100\/100\n|switch|p2a: Glimmora|Glimmora, F|100\/100\n|-damage|p2b: Tornadus|76\/100|[from] Stealth Rock\n|-damage|p2a: Glimmora|88\/100|[from] Stealth Rock\n|-activate|p2a: Glimmora|move: Sticky Web\n|-unboost|p2a: Glimmora|spe|1\n|turn|7\n|\n|t:|1697367141\n|move|p1a: Indeedee|Expanding Force|p2a: Glimmora|[spread] p2a,p2b\n|-supereffective|p2a: Glimmora\n|-damage|p2a: Glimmora|0 fnt\n|-damage|p2b: Tornadus|0 fnt\n|faint|p2a: Glimmora\n|faint|p2b: Tornadus\n|move|p1b: Spectrier|Psychic|p2: Glimmora|[notarget]\n|-fail|p1b: Spectrier\n|\n|upkeep\n|-message|napstablok hoeen forfeited.\n|\n|win|luig pigyviu\n|raw|luig pigyviu's rating: 1000 &rarr; <strong>1058<\/strong><br \/>(+58 for winning)\n|raw|napstablok hoeen's rating: 1171 &rarr; <strong>1135<\/strong><br \/>(-36 for losing)\n|l|\u2606napstablok hoeen\n","uploadtime":1697367150,"views":13,"p1id":"luigpigyviu","p2id":"napstablokhoeen","formatid":"gen9nationaldexdoubles","rating":1058,"private":0,"password":""}