{"id":"gen9nationaldexdoubles-1973397454","p1":"Drakhar_LoveSensei","p2":"Rff123","format":"[Gen 9] National Dex Doubles","log":"|j|\u2606Drakhar_LoveSensei\n|j|\u2606Rff123\n|t:|1697968452\n|gametype|doubles\n|player|p1|Drakhar_LoveSensei|idol|1101\n|player|p2|Rff123|nate|1194\n|teamsize|p1|6\n|teamsize|p2|6\n|gen|9\n|tier|[Gen 9] National Dex Doubles\n|rated|\n|rule|HP Percentage Mod: HP is shown in percentages\n|rule|Endless Battle Clause: Forcing endless battles is banned\n|rule|OHKO Clause: OHKO moves are banned\n|rule|Evasion Moves Clause: Evasion moves are banned\n|rule|Evasion Abilities Clause: Evasion abilities are banned\n|rule|Species Clause: Limit one of each Pok\u00e9mon\n|rule|Gravity Sleep Clause: The combination of sleep-inducing moves with imperfect accuracy and Gravity or Gigantamax Orbeetle are banned\n|clearpoke\n|poke|p1|Tsareena, F|\n|poke|p1|Murkrow, F|\n|poke|p1|Dragonite, M|\n|poke|p1|Swoobat, M|\n|poke|p1|Fezandipiti, M|\n|poke|p1|Dipplin, M|\n|poke|p2|Eevee, F|\n|poke|p2|Golduck, M|\n|poke|p2|Jirachi|\n|poke|p2|Amoonguss, M|\n|poke|p2|Chi-Yu|\n|poke|p2|Flamigo, M|\n|teampreview\n|\n|t:|1697968461\n|start\n|switch|p1a: Dragonite|Dragonite, M, shiny|100\/100\n|switch|p1b: Swoobat|Swoobat, M, shiny|100\/100\n|switch|p2a: Eevee|Eevee, F|100\/100\n|switch|p2b: Golduck|Golduck, M|100\/100\n|-ability|p2b: Golduck|Cloud Nine\n|turn|1\n|\n|t:|1697968473\n|move|p1b: Swoobat|Skill Swap|p1a: Dragonite\n|-activate|p1b: Swoobat|move: Skill Swap|||[of] p1a: Dragonite\n|move|p2b: Golduck|Simple Beam|p2a: Eevee\n|-endability|p2a: Eevee|Adaptability|[from] move: Simple Beam\n|-ability|p2a: Eevee|Simple|[from] move: Simple Beam\n|move|p1a: Dragonite|Dragon Dance|p1a: Dragonite\n|-boost|p1a: Dragonite|atk|2\n|-boost|p1a: Dragonite|spe|2\n|-zpower|p2a: Eevee\n|move|p2a: Eevee|Extreme Evoboost|p2a: Eevee\n|-boost|p2a: Eevee|atk|4\n|-boost|p2a: Eevee|def|4\n|-boost|p2a: Eevee|spa|4\n|-boost|p2a: Eevee|spd|4\n|-boost|p2a: Eevee|spe|4\n|\n|upkeep\n|turn|2\n|\n|t:|1697968505\n|move|p1a: Dragonite|Extreme Speed|p2a: Eevee\n|-damage|p2a: Eevee|52\/100\n|-damage|p1a: Dragonite|91\/100|[from] item: Life Orb\n|move|p2a: Eevee|Baton Pass|p2a: Eevee\n|\n|t:|1697968540\n|switch|p2a: Chi-Yu|Chi-Yu|100\/100|[from] Baton Pass\n|-ability|p2a: Chi-Yu|Beads of Ruin\n|move|p1b: Swoobat|Light Screen|p1b: Swoobat\n|-sidestart|p1: Drakhar_LoveSensei|move: Light Screen\n|move|p2b: Golduck|Flip Turn|p1a: Dragonite\n|-resisted|p1a: Dragonite\n|-damage|p1a: Dragonite|81\/100\n|\n|t:|1697968547\n|switch|p2b: Flamigo|Flamigo, M|100\/100|[from] Flip Turn\n|-copyboost|p2b: Flamigo|p2a: Chi-Yu|[from] ability: Costar\n|\n|upkeep\n|turn|3\n|\n|t:|1697968579\n|move|p2a: Chi-Yu|Dark Pulse|p1a: Dragonite\n|-damage|p1a: Dragonite|0 fnt\n|faint|p1a: Dragonite\n|move|p2b: Flamigo|Brave Bird|p1b: Swoobat\n|-enditem|p1b: Swoobat|Focus Sash\n|-damage|p1b: Swoobat|1\/100\n|-damage|p2b: Flamigo|71\/100|[from] Recoil\n|-damage|p2b: Flamigo|61\/100|[from] item: Life Orb\n|move|p1b: Swoobat|Skill Swap|p2a: Chi-Yu\n|-activate|p1b: Swoobat|move: Skill Swap|Beads of Ruin|Multiscale|[of] p2a: Chi-Yu\n|-ability|p1b: Swoobat|Beads of Ruin\n|\n|upkeep\n|\n|t:|1697968590\n|switch|p1a: Dipplin|Dipplin, M, shiny|100\/100\n|turn|4\n|\n|t:|1697968598\n|move|p2a: Chi-Yu|Heat Wave|p1b: Swoobat|[spread] p1a,p1b\n|-damage|p1a: Dipplin|28\/100\n|-damage|p1b: Swoobat|0 fnt\n|faint|p1b: Swoobat\n|move|p2b: Flamigo|Low Kick|p1a: Dipplin\n|-damage|p1a: Dipplin|8\/100\n|-damage|p2b: Flamigo|51\/100|[from] item: Life Orb\n|move|p1a: Dipplin|Dragon Breath|p2a: Chi-Yu\n|-damage|p2a: Chi-Yu|97\/100\n|-status|p2a: Chi-Yu|par\n|\n|upkeep\n|\n|t:|1697968611\n|switch|p1b: Tsareena|Tsareena, F, shiny|100\/100\n|turn|5\n|\n|t:|1697968619\n|-terastallize|p1b: Tsareena|Fairy\n|move|p2b: Flamigo|Low Kick|p1b: Tsareena\n|-resisted|p1b: Tsareena\n|-damage|p1b: Tsareena|52\/100\n|-damage|p2b: Flamigo|41\/100|[from] item: Life Orb\n|cant|p2a: Chi-Yu|par\n|move|p1b: Tsareena|Play Rough|p2b: Flamigo\n|-supereffective|p2b: Flamigo\n|-damage|p2b: Flamigo|0 fnt\n|faint|p2b: Flamigo\n|move|p1a: Dipplin|Recover|p1a: Dipplin\n|-heal|p1a: Dipplin|58\/100\n|\n|upkeep\n|\n|t:|1697968631\n|switch|p2b: Jirachi|Jirachi|100\/100\n|turn|6\n|\n|t:|1697968638\n|switch|p1b: Fezandipiti|Fezandipiti, M|100\/100\n|move|p2a: Chi-Yu|Heat Wave|p1b: Fezandipiti|[spread] p1a,p1b\n|-damage|p1a: Dipplin|2\/100\n|-damage|p1b: Fezandipiti|32\/100\n|-status|p1a: Dipplin|brn\n|move|p2b: Jirachi|Psych Up|p2a: Chi-Yu\n|-copyboost|p2b: Jirachi|p2a: Chi-Yu|[from] move: Psych Up\n|move|p1a: Dipplin|Recover|p1a: Dipplin\n|-heal|p1a: Dipplin|52\/100 brn\n|\n|-damage|p1a: Dipplin|46\/100 brn|[from] brn\n|-sideend|p1: Drakhar_LoveSensei|move: Light Screen\n|upkeep\n|turn|7\n|\n|t:|1697968659\n|move|p2b: Jirachi|Dazzling Gleam|p1a: Dipplin|[spread] p1a,p1b\n|-supereffective|p1a: Dipplin\n|-resisted|p1b: Fezandipiti\n|-damage|p1a: Dipplin|0 fnt\n|-damage|p1b: Fezandipiti|13\/100\n|faint|p1a: Dipplin\n|cant|p2a: Chi-Yu|par\n|move|p1b: Fezandipiti|Wing Attack|p2a: Chi-Yu\n|-damage|p2a: Chi-Yu|79\/100 par\n|-damage|p1b: Fezandipiti|4\/100|[from] item: Life Orb\n|\n|upkeep\n|\n|t:|1697968670\n|switch|p1a: Murkrow|Murkrow, F, shiny|100\/100\n|turn|8\n|\n|t:|1697968678\n|move|p1a: Murkrow|Tailwind|p1a: Murkrow\n|-sidestart|p1: Drakhar_LoveSensei|move: Tailwind\n|move|p2b: Jirachi|Dazzling Gleam|p1b: Fezandipiti|[spread] p1a,p1b\n|-supereffective|p1a: Murkrow\n|-resisted|p1b: Fezandipiti\n|-enditem|p1a: Murkrow|Focus Sash\n|-damage|p1a: Murkrow|1\/100\n|-damage|p1b: Fezandipiti|0 fnt\n|faint|p1b: Fezandipiti\n|move|p2a: Chi-Yu|Heat Wave|p1a: Murkrow\n|-damage|p1a: Murkrow|0 fnt\n|faint|p1a: Murkrow\n|\n|upkeep\n|-message|Drakhar_LoveSensei forfeited.\n|\n|win|Rff123\n|raw|Drakhar_LoveSensei's rating: 1101 &rarr; <strong>1083<\/strong><br \/>(-18 for losing)\n|raw|Rff123's rating: 1194 &rarr; <strong>1212<\/strong><br \/>(+18 for winning)\n|l|\u2606Drakhar_LoveSensei\n","uploadtime":1697968693,"views":11,"p1id":"drakharlovesensei","p2id":"rff123","formatid":"gen9nationaldexdoubles","rating":1083,"private":0,"password":""}