{"id":"gen9nationaldexdoubles-1965946086","p1":"AlbertBalls","p2":"Chunkle","format":"[Gen 9] National Dex Doubles","log":"|j|\u2606AlbertBalls\n|j|\u2606Chunkle\n|t:|1697132066\n|gametype|doubles\n|player|p1|AlbertBalls|1|1000\n|player|p2|Chunkle|janitor|1101\n|teamsize|p1|6\n|teamsize|p2|6\n|gen|9\n|tier|[Gen 9] National Dex Doubles\n|rated|\n|rule|HP Percentage Mod: HP is shown in percentages\n|rule|Endless Battle Clause: Forcing endless battles is banned\n|rule|OHKO Clause: OHKO moves are banned\n|rule|Evasion Moves Clause: Evasion moves are banned\n|rule|Evasion Abilities Clause: Evasion abilities are banned\n|rule|Species Clause: Limit one of each Pok\u00e9mon\n|rule|Gravity Sleep Clause: The combination of sleep-inducing moves with imperfect accuracy and Gravity or Gigantamax Orbeetle are banned\n|clearpoke\n|poke|p1|Incineroar, M|\n|poke|p1|Diancie|\n|poke|p1|Blastoise, M|\n|poke|p1|Jirachi|\n|poke|p1|Flamigo, F|\n|poke|p1|Ogerpon-Wellspring, F|\n|poke|p2|Diancie|\n|poke|p2|Dondozo, M|\n|poke|p2|Ceruledge, M|\n|poke|p2|Clefable, M|\n|poke|p2|Snorlax, M|\n|poke|p2|Sableye, M|\n|teampreview\n|inactive|Battle timer is ON: inactive players will automatically lose when time's up. (requested by AlbertBalls)\n|\n|t:|1697132076\n|start\n|switch|p1a: Incineroar|Incineroar, M|100\/100\n|switch|p1b: Blastoise|Blastoise, M|100\/100\n|switch|p2a: The Don|Dondozo, M, shiny|100\/100\n|switch|p2b: God Bless America|Snorlax, M, shiny|100\/100\n|-ability|p1a: Incineroar|Intimidate|boost\n|-unboost|p2a: The Don|atk|1\n|-unboost|p2b: God Bless America|atk|1\n|turn|1\n|\n|t:|1697132089\n|move|p1b: Blastoise|Water Pledge|p2a: The Don\n|-waiting|p1b: Blastoise|p1a: Incineroar\n|move|p1a: Incineroar|Fire Pledge|p2a: The Don|[from]move: Water Pledge\n|-combine\n|-resisted|p2a: The Don\n|-damage|p2a: The Don|79\/100\n|-sidestart|p1: AlbertBalls|Water Pledge\n|move|p2a: The Don|Yawn|p1b: Blastoise\n|-start|p1b: Blastoise|move: Yawn|[of] p2a: The Don\n|move|p2b: God Bless America|Belly Drum|p2b: God Bless America\n|-damage|p2b: God Bless America|50\/100\n|-setboost|p2b: God Bless America|atk|6|[from] move: Belly Drum\n|-enditem|p2b: God Bless America|Aguav Berry|[eat]\n|-heal|p2b: God Bless America|84\/100|[from] item: Aguav Berry\n|\n|upkeep\n|turn|2\n|\n|t:|1697132109\n|move|p1b: Blastoise|Follow Me|p1b: Blastoise\n|-singleturn|p1b: Blastoise|move: Follow Me\n|move|p1a: Incineroar|Parting Shot|p2b: God Bless America\n|-unboost|p2b: God Bless America|atk|1\n|-unboost|p2b: God Bless America|spa|1\n|\n|t:|1697132126\n|switch|p1a: Jirachi|Jirachi|100\/100|[from] Parting Shot\n|move|p2a: The Don|Wave Crash|p1b: Blastoise\n|-resisted|p1b: Blastoise\n|-damage|p1b: Blastoise|88\/100\n|-damage|p2a: The Don|76\/100|[from] Recoil\n|move|p2b: God Bless America|Body Slam|p1b: Blastoise\n|-damage|p1b: Blastoise|0 fnt\n|faint|p1b: Blastoise\n|\n|upkeep\n|inactive|AlbertBalls has 120 seconds left.\n|\n|t:|1697132138\n|switch|p1b: Incineroar|Incineroar, M|100\/100\n|-ability|p1b: Incineroar|Intimidate|boost\n|-unboost|p2a: The Don|atk|1\n|-unboost|p2b: God Bless America|atk|1\n|turn|3\n|\n|t:|1697132160\n|move|p1b: Incineroar|Fake Out|p2a: The Don\n|-crit|p2a: The Don\n|-damage|p2a: The Don|69\/100\n|move|p1a: Jirachi|Iron Head|p2b: God Bless America\n|-damage|p2b: God Bless America|57\/100\n|cant|p2a: The Don|flinch\n|cant|p2b: God Bless America|flinch\n|\n|upkeep\n|turn|4\n|\n|t:|1697132173\n|move|p1a: Jirachi|Iron Head|p2b: God Bless America\n|-damage|p2b: God Bless America|29\/100\n|move|p1b: Incineroar|Iron Head|p2a: The Don\n|-resisted|p2a: The Don\n|-damage|p2a: The Don|65\/100\n|move|p2a: The Don|Wave Crash|p1b: Incineroar\n|-supereffective|p1b: Incineroar\n|-damage|p1b: Incineroar|57\/100\n|-damage|p2a: The Don|54\/100|[from] Recoil\n|cant|p2b: God Bless America|flinch\n|\n|-sideend|p1: AlbertBalls|Water Pledge\n|upkeep\n|turn|5\n|\n|t:|1697132190\n|move|p1a: Jirachi|Iron Head|p2b: God Bless America\n|-damage|p2b: God Bless America|0 fnt\n|faint|p2b: God Bless America\n|move|p1b: Incineroar|Iron Head|p2a: The Don\n|-resisted|p2a: The Don\n|-damage|p2a: The Don|49\/100\n|cant|p2a: The Don|flinch\n|\n|upkeep\n|c|\u2606Chunkle|DUDE\n|l|\u2606Chunkle\n|inactive|Chunkle disconnected and has a minute to reconnect!\n|player|p2|\n|c|\u2606AlbertBalls|Lmao\n|c|\u2606AlbertBalls|rainbow terrain the goat\n|inactive|Chunkle has 30 seconds to reconnect!\n|inactive|Chunkle has 20 seconds to reconnect!\n|inactive|Chunkle has 15 seconds to reconnect!\n|inactive|Chunkle has 10 seconds to reconnect!\n|inactive|Chunkle has 5 seconds to reconnect!\n|-message|Chunkle lost due to inactivity.\n|\n|win|AlbertBalls\n|raw|AlbertBalls's rating: 1000 &rarr; <strong>1051<\/strong><br \/>(+51 for winning)\n|raw|Chunkle's rating: 1101 &rarr; <strong>1069<\/strong><br \/>(-32 for losing)\n","uploadtime":1697132265,"views":39,"p1id":"albertballs","p2id":"chunkle","formatid":"gen9nationaldexdoubles","rating":1051,"private":0,"password":""}