{"id":"gen9nationaldexdoubles-1980607008","p1":"Skipper2165","p2":"lxvliiz","format":"[Gen 9] National Dex Doubles","log":"|j|\u2606Skipper2165\n|j|\u2606lxvliiz\n|t:|1698802623\n|gametype|doubles\n|player|p1|Skipper2165|1|1062\n|player|p2|lxvliiz|gambler|1122\n|teamsize|p1|6\n|teamsize|p2|6\n|gen|9\n|tier|[Gen 9] National Dex Doubles\n|rated|\n|rule|HP Percentage Mod: HP is shown in percentages\n|rule|Endless Battle Clause: Forcing endless battles is banned\n|rule|OHKO Clause: OHKO moves are banned\n|rule|Evasion Moves Clause: Evasion moves are banned\n|rule|Evasion Abilities Clause: Evasion abilities are banned\n|rule|Species Clause: Limit one of each Pok\u00e9mon\n|rule|Gravity Sleep Clause: The combination of sleep-inducing moves with imperfect accuracy and Gravity or Gigantamax Orbeetle are banned\n|clearpoke\n|poke|p1|Jolteon, F|\n|poke|p1|Toxicroak, M|\n|poke|p1|Pelipper, M|\n|poke|p1|Ludicolo, F|\n|poke|p1|Swampert, F|\n|poke|p1|Lanturn, M|\n|poke|p2|Lilligant-Hisui, F|\n|poke|p2|Kommo-o, M|\n|poke|p2|Volcarona, F|\n|poke|p2|Oricorio-Pom-Pom, F|\n|poke|p2|Quaquaval, M|\n|poke|p2|Flamigo, F|\n|teampreview\n|\n|t:|1698802643\n|start\n|switch|p1a: Pelipper|Pelipper, M|100\/100\n|switch|p1b: Ludicolo|Ludicolo, F|100\/100\n|switch|p2a: dance dance|Volcarona, F|100\/100\n|switch|p2b: dance|Lilligant-Hisui, F|100\/100\n|-weather|RainDance|[from] ability: Drizzle|[of] p1a: Pelipper\n|turn|1\n|\n|t:|1698802650\n|move|p1b: Ludicolo|Scald|p2a: dance dance\n|-supereffective|p2a: dance dance\n|-damage|p2a: dance dance|0 fnt\n|faint|p2a: dance dance\n|move|p2b: dance|Victory Dance|p2b: dance\n|-boost|p2b: dance|atk|1\n|-boost|p2b: dance|def|1\n|-boost|p2b: dance|spe|1\n|move|p1a: Pelipper|Hurricane|p2b: dance\n|-supereffective|p2b: dance\n|-damage|p2b: dance|0 fnt\n|faint|p2b: dance\n|\n|-weather|RainDance|[upkeep]\n|upkeep\n|c|\u2606lxvliiz|damn\n|\n|t:|1698802659\n|switch|p2b: dancer|Oricorio-Pom-Pom, F|100\/100\n|switch|p2a: dancee|Kommo-o, M|100\/100\n|turn|2\n|\n|t:|1698802669\n|move|p1b: Ludicolo|Ice Beam|p2b: dancer\n|-supereffective|p2b: dancer\n|-damage|p2b: dancer|23\/100\n|move|p2b: dancer|Quiver Dance|p2b: dancer\n|-boost|p2b: dancer|spa|1\n|-boost|p2b: dancer|spd|1\n|-boost|p2b: dancer|spe|1\n|-zpower|p2a: dancee\n|move|p2a: dancee|Clangorous Soulblaze|p1b: Ludicolo|[zeffect]|[spread] p1a,p1b\n|-crit|p1b: Ludicolo\n|-damage|p1a: Pelipper|34\/100\n|-damage|p1b: Ludicolo|15\/100\n|-boost|p2a: dancee|atk|1\n|-boost|p2a: dancee|def|1\n|-boost|p2a: dancee|spa|1\n|-boost|p2a: dancee|spd|1\n|-boost|p2a: dancee|spe|1\n|move|p1a: Pelipper|Ice Beam|p2b: dancer\n|-supereffective|p2b: dancer\n|-damage|p2b: dancer|0 fnt\n|faint|p2b: dancer\n|\n|-weather|RainDance|[upkeep]\n|upkeep\n|\n|t:|1698802674\n|switch|p2b: dance dance dance|Flamigo, F|100\/100\n|-copyboost|p2b: dance dance dance|p2a: dancee|[from] ability: Costar\n|turn|3\n|\n|t:|1698802692\n|move|p1b: Ludicolo|Ice Beam|p2a: dancee\n|-supereffective|p2a: dancee\n|-damage|p2a: dancee|56\/100\n|move|p2b: dance dance dance|Acrobatics|p1a: Pelipper\n|-damage|p1a: Pelipper|0 fnt\n|faint|p1a: Pelipper\n|move|p2a: dancee|Dragon Claw|p1b: Ludicolo\n|-damage|p1b: Ludicolo|0 fnt\n|faint|p1b: Ludicolo\n|\n|-weather|RainDance|[upkeep]\n|upkeep\n|\n|t:|1698802704\n|switch|p1b: Swampert|Swampert, F|100\/100\n|switch|p1a: Jolteon|Jolteon, F|100\/100\n|turn|4\n|\n|t:|1698802714\n|move|p2b: dance dance dance|Acrobatics|p1b: Swampert\n|-damage|p1b: Swampert|33\/100\n|move|p2a: dancee|Drain Punch|p1a: Jolteon\n|-damage|p1a: Jolteon|0 fnt\n|-heal|p2a: dancee|100\/100|[from] drain|[of] p1a: Jolteon\n|faint|p1a: Jolteon\n|move|p1b: Swampert|Ice Punch|p2a: dancee\n|-supereffective|p2a: dancee\n|-damage|p2a: dancee|68\/100\n|\n|-weather|RainDance|[upkeep]\n|-heal|p1b: Swampert|39\/100|[from] item: Leftovers\n|upkeep\n|\n|t:|1698802727\n|switch|p1a: Toxicroak|Toxicroak, M|100\/100\n|turn|5\n|\n|t:|1698802741\n|move|p2b: dance dance dance|Acrobatics|p1a: Toxicroak\n|-supereffective|p1a: Toxicroak\n|-damage|p1a: Toxicroak|0 fnt\n|faint|p1a: Toxicroak\n|move|p2a: dancee|Drain Punch|p1b: Swampert\n|-damage|p1b: Swampert|0 fnt\n|-heal|p2a: dancee|94\/100|[from] drain|[of] p1b: Swampert\n|faint|p1b: Swampert\n|\n|-weather|RainDance|[upkeep]\n|upkeep\n|\n|t:|1698802746\n|switch|p1b: Lanturn|Lanturn, M|100\/100\n|turn|6\n|\n|t:|1698802753\n|move|p2b: dance dance dance|Acrobatics|p1b: Lanturn\n|-resisted|p1b: Lanturn\n|-damage|p1b: Lanturn|56\/100\n|move|p2a: dancee|Dragon Claw|p1b: Lanturn\n|-damage|p1b: Lanturn|0 fnt\n|faint|p1b: Lanturn\n|\n|win|lxvliiz\n|raw|Skipper2165's rating: 1062 &rarr; <strong>1046<\/strong><br \/>(-16 for losing)\n|raw|lxvliiz's rating: 1122 &rarr; <strong>1143<\/strong><br \/>(+21 for winning)\n|c|\u2606lxvliiz|gg\n","uploadtime":1698802765,"views":12,"p1id":"skipper2165","p2id":"lxvliiz","formatid":"gen9nationaldexdoubles","rating":1046,"private":0,"password":""}