{"id":"gen9nationaldexdoubles-1974260240","p1":"Le Thanh Hai","p2":"R.para ti","format":"[Gen 9] National Dex Doubles","log":"|j|\u2606Le Thanh Hai\n|j|\u2606R.para ti\n|t:|1698072815\n|gametype|doubles\n|player|p1|Le Thanh Hai|hilbert|1319\n|player|p2|R.para ti|1|1266\n|teamsize|p1|6\n|teamsize|p2|6\n|gen|9\n|tier|[Gen 9] National Dex Doubles\n|rated|\n|rule|HP Percentage Mod: HP is shown in percentages\n|rule|Endless Battle Clause: Forcing endless battles is banned\n|rule|OHKO Clause: OHKO moves are banned\n|rule|Evasion Moves Clause: Evasion moves are banned\n|rule|Evasion Abilities Clause: Evasion abilities are banned\n|rule|Species Clause: Limit one of each Pok\u00e9mon\n|rule|Gravity Sleep Clause: The combination of sleep-inducing moves with imperfect accuracy and Gravity or Gigantamax Orbeetle are banned\n|clearpoke\n|poke|p1|Raikou|\n|poke|p1|Kyurem-Black|\n|poke|p1|Naganadel|\n|poke|p1|Golisopod, M|\n|poke|p1|Archeops, M|\n|poke|p1|Salamence, F|\n|poke|p2|Meowstic, M|\n|poke|p2|Armarouge, M|\n|poke|p2|Alakazam, F|\n|poke|p2|Chi-Yu|\n|poke|p2|Chandelure, M|\n|poke|p2|Flutter Mane|\n|teampreview\n|inactive|Battle timer is ON: inactive players will automatically lose when time's up. (requested by Le Thanh Hai)\n|\n|t:|1698072825\n|start\n|switch|p1a: Raikou|Raikou|100\/100\n|switch|p1b: Kyurem|Kyurem-Black, shiny|100\/100\n|switch|p2a: Meowstic|Meowstic, M|100\/100\n|switch|p2b: Armarouge|Armarouge, M|100\/100\n|-ability|p1b: Kyurem|Teravolt\n|turn|1\n|\n|t:|1698072844\n|-terastallize|p2b: Armarouge|Dark\n|move|p1a: Raikou|Thunderbolt|p2b: Armarouge\n|-damage|p2b: Armarouge|41\/100\n|move|p2a: Meowstic|Power-Up Punch|p2b: Armarouge\n|-supereffective|p2b: Armarouge\n|-damage|p2b: Armarouge|31\/100\n|-boost|p2a: Meowstic|atk|1\n|-ability|p2b: Armarouge|Weak Armor|boost\n|-unboost|p2b: Armarouge|def|1\n|-boost|p2b: Armarouge|spe|2\n|-enditem|p2b: Armarouge|Weakness Policy\n|-boost|p2b: Armarouge|atk|2|[from] item: Weakness Policy\n|-boost|p2b: Armarouge|spa|2|[from] item: Weakness Policy\n|move|p2b: Armarouge|Calm Mind|p2b: Armarouge\n|-boost|p2b: Armarouge|spa|1\n|-boost|p2b: Armarouge|spd|1\n|move|p1b: Kyurem|Scale Shot|p2b: Armarouge\n|-damage|p2b: Armarouge|5\/100\n|-ability|p2b: Armarouge|Weak Armor|boost\n|-unboost|p2b: Armarouge|def|1\n|-boost|p2b: Armarouge|spe|2\n|-damage|p2b: Armarouge|0 fnt\n|faint|p2b: Armarouge\n|-hitcount|p2: Armarouge|2\n|-unboost|p1b: Kyurem|def|1\n|-boost|p1b: Kyurem|spe|1\n|\n|upkeep\n|\n|t:|1698072867\n|switch|p2b: Alakazam|Alakazam, F|100\/100\n|turn|2\n|\n|t:|1698072877\n|detailschange|p2b: Alakazam|Alakazam-Mega, F\n|-mega|p2b: Alakazam|Alakazam|Alakazite\n|-ability|p2b: Alakazam|Inner Focus|[from] ability: Trace|[of] p1a: Raikou\n|move|p2a: Meowstic|Psychic Terrain|p2a: Meowstic\n|-fieldstart|move: Psychic Terrain\n|move|p2b: Alakazam|Expanding Force|p1b: Kyurem|[spread] p1a,p1b\n|-damage|p1a: Raikou|24\/100\n|-damage|p1b: Kyurem|41\/100\n|move|p1b: Kyurem|Icicle Spear|p2b: Alakazam\n|-damage|p2b: Alakazam|68\/100\n|-damage|p2b: Alakazam|37\/100\n|-damage|p2b: Alakazam|6\/100\n|-damage|p2b: Alakazam|0 fnt\n|faint|p2b: Alakazam\n|-hitcount|p2: Alakazam|4\n|move|p1a: Raikou|Thunderbolt|p2a: Meowstic\n|-damage|p2a: Meowstic|14\/100\n|\n|-heal|p2a: Meowstic|20\/100|[from] item: Leftovers\n|upkeep\n|\n|t:|1698072900\n|switch|p2b: Flutter Mane|Flutter Mane|100\/100\n|turn|3\n|\n|t:|1698072905\n|move|p2a: Meowstic|Sunny Day|p2a: Meowstic\n|-weather|SunnyDay\n|-activate|p2b: Flutter Mane|ability: Protosynthesis\n|-start|p2b: Flutter Mane|protosynthesisspe\n|move|p2b: Flutter Mane|Dazzling Gleam|p1b: Kyurem|[spread] p1a,p1b\n|-supereffective|p1b: Kyurem\n|-damage|p1a: Raikou|0 fnt\n|-damage|p1b: Kyurem|0 fnt\n|faint|p1a: Raikou\n|faint|p1b: Kyurem\n|\n|-weather|SunnyDay|[upkeep]\n|-heal|p2a: Meowstic|26\/100|[from] item: Leftovers\n|upkeep\n|\n|t:|1698072925\n|switch|p1a: Naganadel|Naganadel|100\/100\n|switch|p1b: Archeops|Archeops, M, shiny|100\/100\n|turn|4\n|inactive|R.para ti has 120 seconds left.\n|\n|t:|1698072966\n|switch|p2a: Chi-Yu|Chi-Yu|100\/100\n|-ability|p2a: Chi-Yu|Beads of Ruin\n|move|p2b: Flutter Mane|Dazzling Gleam|p1b: Archeops|[spread] p1a,p1b\n|-damage|p1a: Naganadel|21\/100\n|-damage|p1b: Archeops|15\/100\n|move|p1a: Naganadel|Heat Wave|p2b: Flutter Mane|[spread] p2a,p2b\n|-resisted|p2a: Chi-Yu\n|-damage|p2a: Chi-Yu|78\/100\n|-damage|p2b: Flutter Mane|45\/100\n|-status|p2b: Flutter Mane|brn\n|move|p1b: Archeops|Rock Slide|p2b: Flutter Mane|[spread] p2a,p2b\n|-supereffective|p2a: Chi-Yu\n|-damage|p2a: Chi-Yu|2\/100\n|-damage|p2b: Flutter Mane|0 fnt\n|faint|p2b: Flutter Mane\n|-end|p2b: Flutter Mane|Protosynthesis|[silent]\n|\n|-weather|SunnyDay|[upkeep]\n|upkeep\n|\n|t:|1698072985\n|switch|p2b: Chandelure|Chandelure, M|100\/100\n|turn|5\n|inactive|R.para ti has 120 seconds left.\n|\n|t:|1698073000\n|move|p2a: Chi-Yu|Heat Wave|p1a: Naganadel|[spread] p1a,p1b\n|-resisted|p1a: Naganadel\n|-resisted|p1b: Archeops\n|-damage|p1a: Naganadel|0 fnt\n|-damage|p1b: Archeops|0 fnt\n|faint|p1a: Naganadel\n|faint|p1b: Archeops\n|move|p2b: Chandelure|Trick Room|p2b: Chandelure\n|-fieldstart|move: Trick Room|[of] p2b: Chandelure\n|\n|-weather|SunnyDay|[upkeep]\n|upkeep\n|\n|t:|1698073007\n|switch|p1b: Golisopod|Golisopod, M|100\/100\n|switch|p1a: Salamence|Salamence, F|100\/100\n|-ability|p1a: Salamence|Intimidate|boost\n|-unboost|p2a: Chi-Yu|atk|1\n|-unboost|p2b: Chandelure|atk|1\n|turn|6\n|\n|t:|1698073033\n|detailschange|p1a: Salamence|Salamence-Mega, F\n|-mega|p1a: Salamence|Salamence|Salamencite\n|move|p1b: Golisopod|Aqua Jet|p2a: Chi-Yu\n|-activate|p2a: Chi-Yu|move: Psychic Terrain\n|move|p2b: Chandelure|Fire Blast|p1b: Golisopod\n|-damage|p1b: Golisopod|0 fnt\n|faint|p1b: Golisopod\n|-damage|p2b: Chandelure|91\/100|[from] item: Life Orb\n|move|p1a: Salamence|Double-Edge|p2b: Chandelure\n|-damage|p2b: Chandelure|0 fnt\n|faint|p2b: Chandelure\n|-damage|p1a: Salamence|74\/100|[from] Recoil\n|move|p2a: Chi-Yu|Heat Wave|p1a: Salamence\n|-resisted|p1a: Salamence\n|-damage|p1a: Salamence|1\/100\n|\n|-weather|SunnyDay|[upkeep]\n|-fieldend|move: Psychic Terrain\n|upkeep\n|\n|t:|1698073052\n|switch|p2b: Meowstic|Meowstic, M|26\/100\n|turn|7\n|\n|t:|1698073056\n|move|p2b: Meowstic|Power-Up Punch|p1a: Salamence\n|-resisted|p1a: Salamence\n|-damage|p1a: Salamence|0 fnt\n|-boost|p2b: Meowstic|atk|1\n|faint|p1a: Salamence\n|\n|win|R.para ti\n|raw|Le Thanh Hai's rating: 1319 &rarr; <strong>1296<\/strong><br \/>(-23 for losing)\n|raw|R.para ti's rating: 1266 &rarr; <strong>1295<\/strong><br \/>(+29 for winning)\n","uploadtime":1698073069,"views":12,"p1id":"lethanhhai","p2id":"rparati","formatid":"gen9nationaldexdoubles","rating":1295,"private":0,"password":""}