{"id":"gen9nationaldexdoubles-1976206751","p1":"GabeTheGreat28","p2":"rdgsrdfg srg","format":"[Gen 9] National Dex Doubles","log":"|j|\u203dGabeTheGreat28\n|j|\u2606rdgsrdfg srg\n|t:|1698273745\n|gametype|doubles\n|player|p1|GabeTheGreat28|silver|1093\n|player|p2|rdgsrdfg srg|lucas|1175\n|teamsize|p1|6\n|teamsize|p2|6\n|gen|9\n|tier|[Gen 9] National Dex Doubles\n|rated|\n|rule|HP Percentage Mod: HP is shown in percentages\n|rule|Endless Battle Clause: Forcing endless battles is banned\n|rule|OHKO Clause: OHKO moves are banned\n|rule|Evasion Moves Clause: Evasion moves are banned\n|rule|Evasion Abilities Clause: Evasion abilities are banned\n|rule|Species Clause: Limit one of each Pok\u00e9mon\n|rule|Gravity Sleep Clause: The combination of sleep-inducing moves with imperfect accuracy and Gravity or Gigantamax Orbeetle are banned\n|clearpoke\n|poke|p1|Flamigo, F|\n|poke|p1|Clefairy, F|\n|poke|p1|Sinistcha|\n|poke|p1|Stonjourner, M|\n|poke|p1|Eevee, F|\n|poke|p1|Ninetales-Alola, M|\n|poke|p2|Indeedee-F, F|\n|poke|p2|Oranguru, F|\n|poke|p2|Glastrier|\n|poke|p2|Hoopa-Unbound|\n|poke|p2|Ursaluna, M|\n|poke|p2|Zygarde|\n|teampreview\n|inactive|Battle timer is ON: inactive players will automatically lose when time's up. (requested by rdgsrdfg srg)\n|\n|t:|1698273752\n|start\n|switch|p1a: Clefairy|Clefairy, F, shiny|100\/100\n|switch|p1b: Eevee|Eevee, F, shiny|100\/100\n|switch|p2a: Hoopa|Hoopa-Unbound|100\/100\n|switch|p2b: Zygarde|Zygarde|100\/100\n|-ability|p2b: Zygarde|Aura Break\n|turn|1\n|\n|t:|1698273765\n|move|p1a: Clefairy|Follow Me|p1a: Clefairy\n|-singleturn|p1a: Clefairy|move: Follow Me\n|move|p2b: Zygarde|Coil|p2b: Zygarde\n|-boost|p2b: Zygarde|atk|1\n|-boost|p2b: Zygarde|def|1\n|-boost|p2b: Zygarde|accuracy|1\n|-zpower|p1b: Eevee\n|move|p1b: Eevee|Extreme Evoboost|p1b: Eevee\n|-boost|p1b: Eevee|atk|2\n|-boost|p1b: Eevee|def|2\n|-boost|p1b: Eevee|spa|2\n|-boost|p1b: Eevee|spd|2\n|-boost|p1b: Eevee|spe|2\n|move|p2a: Hoopa|Trick Room|p2a: Hoopa\n|-fieldstart|move: Trick Room|[of] p2a: Hoopa\n|-enditem|p2b: Zygarde|Room Service\n|-unboost|p2b: Zygarde|spe|1|[from] item: Room Service\n|-enditem|p2a: Hoopa|Room Service\n|-unboost|p2a: Hoopa|spe|1|[from] item: Room Service\n|\n|upkeep\n|turn|2\n|\n|t:|1698273784\n|move|p1a: Clefairy|Follow Me|p1a: Clefairy\n|-singleturn|p1a: Clefairy|move: Follow Me\n|move|p2a: Hoopa|Psyshock|p1a: Clefairy\n|-damage|p1a: Clefairy|54\/100\n|-item|p2a: Hoopa|Eviolite|[from] ability: Magician|[of] p1a: Clefairy\n|move|p2b: Zygarde|Thousand Arrows|p1a: Clefairy|[spread] p1a,p1b\n|-damage|p1a: Clefairy|12\/100\n|-damage|p1b: Eevee|81\/100\n|move|p1b: Eevee|Curse|p1b: Eevee\n|-unboost|p1b: Eevee|spe|1\n|-boost|p1b: Eevee|atk|1\n|-boost|p1b: Eevee|def|1\n|\n|upkeep\n|turn|3\n|inactive|GabeTheGreat28 has 120 seconds left.\n|\n|t:|1698273821\n|move|p2a: Hoopa|Psyshock|p1b: Eevee\n|-damage|p1b: Eevee|56\/100\n|move|p1a: Clefairy|Stealth Rock|p2b: Zygarde\n|-sidestart|p2: rdgsrdfg srg|move: Stealth Rock\n|move|p2b: Zygarde|Thousand Arrows|p1b: Eevee|[spread] p1a,p1b\n|-crit|p1b: Eevee\n|-damage|p1a: Clefairy|0 fnt\n|-damage|p1b: Eevee|2\/100\n|faint|p1a: Clefairy\n|move|p1b: Eevee|Rest|p1b: Eevee\n|-status|p1b: Eevee|slp|[from] move: Rest\n|-heal|p1b: Eevee|100\/100 slp|[silent]\n|\n|upkeep\n|\n|t:|1698273837\n|switch|p1a: Flamigo|Flamigo, F, shiny|100\/100\n|-copyboost|p1a: Flamigo|p1b: Eevee|[from] ability: Costar\n|turn|4\n|inactive|GabeTheGreat28 has 120 seconds left.\n|\n|t:|1698273874\n|move|p2a: Hoopa|Psyshock|p1a: Flamigo\n|-supereffective|p1a: Flamigo\n|-damage|p1a: Flamigo|36\/100\n|move|p2b: Zygarde|Thousand Arrows|p1b: Eevee|[spread] p1a,p1b\n|-crit|p1a: Flamigo\n|-damage|p1a: Flamigo|0 fnt\n|-damage|p1b: Eevee|82\/100 slp\n|faint|p1a: Flamigo\n|cant|p1b: Eevee|slp\n|move|p1b: Eevee|Sleep Talk|p1b: Eevee\n|move|p1b: Eevee|Curse|p1b: Eevee|[from]move: Sleep Talk\n|-unboost|p1b: Eevee|spe|1\n|-boost|p1b: Eevee|atk|1\n|-boost|p1b: Eevee|def|1\n|\n|upkeep\n|inactive|GabeTheGreat28 has 90 seconds left.\n|\n|t:|1698273889\n|switch|p1a: Ninetales|Ninetales-Alola, M|100\/100\n|-weather|Snow|[from] ability: Snow Warning|[of] p1a: Ninetales\n|turn|5\n|\n|t:|1698273897\n|move|p2a: Hoopa|Psyshock|p1a: Ninetales\n|-crit|p1a: Ninetales\n|-damage|p1a: Ninetales|20\/100\n|move|p2b: Zygarde|Thousand Arrows|p1a: Ninetales|[spread] p1a,p1b\n|-damage|p1a: Ninetales|0 fnt\n|-damage|p1b: Eevee|66\/100 slp\n|faint|p1a: Ninetales\n|cant|p1b: Eevee|slp\n|move|p1b: Eevee|Sleep Talk|p1b: Eevee\n|move|p1b: Eevee|Last Resort|p2a: Hoopa|[from]move: Sleep Talk\n|-damage|p2a: Hoopa|0 fnt\n|faint|p2a: Hoopa\n|\n|-weather|Snow|[upkeep]\n|-fieldend|move: Trick Room\n|upkeep\n|inactive|GabeTheGreat28 has 120 seconds left.\n|\n|t:|1698273912\n|switch|p1a: Sinistcha|Sinistcha, shiny|100\/100\n|switch|p2a: Indeedee|Indeedee-F, F|100\/100\n|-heal|p1b: Eevee|90\/100 slp|[from] ability: Hospitality|[of] p1a: Sinistcha\n|-damage|p2a: Indeedee|88\/100|[from] Stealth Rock\n|-fieldstart|move: Psychic Terrain|[from] ability: Psychic Surge|[of] p2a: Indeedee\n|turn|6\n|inactive|GabeTheGreat28 has 120 seconds left.\n|\n|t:|1698273947\n|move|p1a: Sinistcha|Matcha Gotcha|p2b: Zygarde|[spread] p2a,p2b\n|-damage|p2a: Indeedee|67\/100\n|-damage|p2b: Zygarde|87\/100\n|-curestatus|p1b: Eevee|slp|[msg]\n|move|p1b: Eevee|Last Resort|p2b: Zygarde\n|-damage|p2b: Zygarde|29\/100\n|move|p2b: Zygarde|Coil|p2b: Zygarde\n|-boost|p2b: Zygarde|atk|1\n|-boost|p2b: Zygarde|def|1\n|-boost|p2b: Zygarde|accuracy|1\n|move|p2a: Indeedee|Trick Room|p2a: Indeedee\n|-fieldstart|move: Trick Room|[of] p2a: Indeedee\n|\n|-weather|Snow|[upkeep]\n|upkeep\n|turn|7\n|\n|t:|1698273966\n|move|p2a: Indeedee|Follow Me|p2a: Indeedee\n|-singleturn|p2a: Indeedee|move: Follow Me\n|move|p2b: Zygarde|Crunch|p1a: Sinistcha\n|-supereffective|p1a: Sinistcha\n|-damage|p1a: Sinistcha|41\/100\n|move|p1b: Eevee|Rest|p1b: Eevee\n|-status|p1b: Eevee|slp|[from] move: Rest\n|-heal|p1b: Eevee|100\/100 slp|[silent]\n|move|p1a: Sinistcha|Matcha Gotcha|p2a: Indeedee|[spread] p2a,p2b\n|-damage|p2a: Indeedee|47\/100\n|-heal|p1a: Sinistcha|53\/100|[from] drain|[of] p2a: Indeedee\n|-damage|p2b: Zygarde|14\/100\n|-heal|p1a: Sinistcha|62\/100|[from] drain|[of] p2b: Zygarde\n|\n|-weather|Snow|[upkeep]\n|upkeep\n|turn|8\n|\n|t:|1698273991\n|move|p2b: Zygarde|Crunch|p1a: Sinistcha\n|-supereffective|p1a: Sinistcha\n|-damage|p1a: Sinistcha|5\/100\n|cant|p1b: Eevee|slp\n|move|p1b: Eevee|Sleep Talk|p1b: Eevee\n|move|p1b: Eevee|Rest||[from]move: Sleep Talk|[still]\n|-fail|p1b: Eevee\n|move|p2a: Indeedee|Heal Pulse|p2b: Zygarde\n|-heal|p2b: Zygarde|64\/100\n|move|p1a: Sinistcha|Matcha Gotcha|p2b: Zygarde|[spread] p2a,p2b\n|-damage|p2a: Indeedee|26\/100\n|-heal|p1a: Sinistcha|16\/100|[from] drain|[of] p2a: Indeedee\n|-damage|p2b: Zygarde|51\/100\n|-heal|p1a: Sinistcha|25\/100|[from] drain|[of] p2b: Zygarde\n|\n|-weather|Snow|[upkeep]\n|upkeep\n|turn|9\n|\n|t:|1698274010\n|move|p2b: Zygarde|Thousand Arrows|p1a: Sinistcha|[spread] p1a,p1b\n|-resisted|p1a: Sinistcha\n|-damage|p1a: Sinistcha|9\/100\n|-damage|p1b: Eevee|79\/100 slp\n|cant|p1b: Eevee|slp\n|move|p1b: Eevee|Sleep Talk|p1b: Eevee\n|move|p1b: Eevee|Last Resort|p2b: Zygarde|[from]move: Sleep Talk\n|-damage|p2b: Zygarde|10\/100\n|move|p2a: Indeedee|Heal Pulse|p2b: Zygarde\n|-heal|p2b: Zygarde|60\/100\n|move|p1a: Sinistcha|Matcha Gotcha|p2b: Zygarde|[spread] p2a,p2b\n|-damage|p2a: Indeedee|6\/100\n|-heal|p1a: Sinistcha|20\/100|[from] drain|[of] p2a: Indeedee\n|-damage|p2b: Zygarde|45\/100\n|-heal|p1a: Sinistcha|30\/100|[from] drain|[of] p2b: Zygarde\n|\n|-weather|none\n|upkeep\n|turn|10\n|\n|t:|1698274036\n|move|p2b: Zygarde|Crunch|p1a: Sinistcha\n|-supereffective|p1a: Sinistcha\n|-damage|p1a: Sinistcha|0 fnt\n|faint|p1a: Sinistcha\n|-curestatus|p1b: Eevee|slp|[msg]\n|move|p1b: Eevee|Rest|p1b: Eevee\n|-status|p1b: Eevee|slp|[from] move: Rest\n|-heal|p1b: Eevee|100\/100 slp|[silent]\n|move|p2a: Indeedee|Heal Pulse|p2b: Zygarde\n|-heal|p2b: Zygarde|95\/100\n|\n|-fieldend|move: Trick Room\n|-fieldend|move: Psychic Terrain\n|upkeep\n|inactive|GabeTheGreat28 has 120 seconds left.\n|\n|t:|1698274048\n|switch|p1a: Stonjourner|Stonjourner, M|100\/100\n|turn|11\n|\n|t:|1698274055\n|move|p1a: Stonjourner|Rock Slide|p2b: Zygarde|[spread] p2a,p2b\n|-crit|p2a: Indeedee\n|-resisted|p2b: Zygarde\n|-damage|p2a: Indeedee|0 fnt\n|-damage|p2b: Zygarde|91\/100\n|faint|p2a: Indeedee\n|cant|p1b: Eevee|slp\n|move|p1b: Eevee|Sleep Talk|p1b: Eevee\n|move|p1b: Eevee|Last Resort|p2b: Zygarde|[from]move: Sleep Talk\n|-damage|p2b: Zygarde|34\/100\n|move|p2b: Zygarde|Thousand Arrows|p1b: Eevee|[spread] p1a,p1b\n|-supereffective|p1a: Stonjourner\n|-damage|p1a: Stonjourner|40\/100\n|-damage|p1b: Eevee|80\/100 slp\n|\n|upkeep\n|\n|t:|1698274071\n|switch|p2a: Oranguru|Oranguru, F|100\/100\n|-damage|p2a: Oranguru|88\/100|[from] Stealth Rock\n|turn|12\n|\n|t:|1698274082\n|move|p1a: Stonjourner|Rock Slide|p2a: Oranguru|[spread] p2a,p2b\n|-resisted|p2b: Zygarde\n|-damage|p2a: Oranguru|71\/100\n|-damage|p2b: Zygarde|30\/100\n|cant|p1b: Eevee|slp\n|move|p1b: Eevee|Sleep Talk|p1b: Eevee\n|move|p1b: Eevee|Last Resort|p2a: Oranguru|[from]move: Sleep Talk\n|-damage|p2a: Oranguru|0 fnt\n|faint|p2a: Oranguru\n|move|p2b: Zygarde|Thousand Arrows|p1b: Eevee|[spread] p1a,p1b\n|-supereffective|p1a: Stonjourner\n|-damage|p1a: Stonjourner|0 fnt\n|-damage|p1b: Eevee|59\/100 slp\n|faint|p1a: Stonjourner\n|\n|upkeep\n|\n|t:|1698274101\n|switch|p2a: Ursaluna|Ursaluna, M|100\/100\n|-damage|p2a: Ursaluna|94\/100|[from] Stealth Rock\n|turn|13\n|\n|t:|1698274117\n|-curestatus|p1b: Eevee|slp|[msg]\n|move|p1b: Eevee|Last Resort|p2a: Ursaluna\n|-damage|p2a: Ursaluna|17\/100\n|move|p2b: Zygarde|Coil|p2b: Zygarde\n|-boost|p2b: Zygarde|atk|1\n|-boost|p2b: Zygarde|def|1\n|-boost|p2b: Zygarde|accuracy|1\n|move|p2a: Ursaluna|Close Combat|p1b: Eevee\n|-supereffective|p1b: Eevee\n|-damage|p1b: Eevee|13\/100\n|-unboost|p2a: Ursaluna|def|1\n|-unboost|p2a: Ursaluna|spd|1\n|\n|-status|p2a: Ursaluna|brn|[from] item: Flame Orb\n|upkeep\n|turn|14\n|\n|t:|1698274130\n|move|p1b: Eevee|Rest|p1b: Eevee\n|-status|p1b: Eevee|slp|[from] move: Rest\n|-heal|p1b: Eevee|100\/100 slp|[silent]\n|move|p2b: Zygarde|Thousand Arrows|p1b: Eevee\n|-damage|p1b: Eevee|65\/100 slp\n|move|p2a: Ursaluna|Close Combat|p1b: Eevee\n|-supereffective|p1b: Eevee\n|-damage|p1b: Eevee|0 fnt\n|-unboost|p2a: Ursaluna|def|1\n|-unboost|p2a: Ursaluna|spd|1\n|faint|p1b: Eevee\n|\n|win|rdgsrdfg srg\n|raw|GabeTheGreat28's rating: 1093 &rarr; <strong>1075<\/strong><br \/>(-18 for losing)\n|raw|rdgsrdfg srg's rating: 1175 &rarr; <strong>1194<\/strong><br \/>(+19 for winning)\n","uploadtime":1698274143,"views":9,"p1id":"gabethegreat28","p2id":"rdgsrdfgsrg","formatid":"gen9nationaldexdoubles","rating":1075,"private":0,"password":""}