{"id":"gen9nationaldexdoubles-1986676142","p1":"Prapple3","p2":"blanketno","format":"[Gen 9] National Dex Doubles","log":"|j|\u2606Prapple3\n|j|\u2606blanketno\n|t:|1699506101\n|gametype|doubles\n|player|p1|Prapple3|lady|1111\n|player|p2|blanketno|bugcatcher-gen4dp|1141\n|teamsize|p1|6\n|teamsize|p2|6\n|gen|9\n|tier|[Gen 9] National Dex Doubles\n|rated|\n|rule|HP Percentage Mod: HP is shown in percentages\n|rule|Endless Battle Clause: Forcing endless battles is banned\n|rule|OHKO Clause: OHKO moves are banned\n|rule|Evasion Moves Clause: Evasion moves are banned\n|rule|Evasion Abilities Clause: Evasion abilities are banned\n|rule|Species Clause: Limit one of each Pok\u00e9mon\n|rule|Gravity Sleep Clause: The combination of sleep-inducing moves with imperfect accuracy and Gravity or Gigantamax Orbeetle are banned\n|clearpoke\n|poke|p1|Iron Treads|\n|poke|p1|Rillaboom, F|\n|poke|p1|Metagross|\n|poke|p1|Tapu Koko|\n|poke|p1|Perrserker, F|\n|poke|p1|Heatran, F|\n|poke|p2|Tapu Lele|\n|poke|p2|Hatterene, F|\n|poke|p2|Clefable, F|\n|poke|p2|Diancie|\n|poke|p2|Grimmsnarl, M|\n|poke|p2|Mawile, F|\n|teampreview\n|\n|t:|1699506130\n|start\n|switch|p1a: Metagross|Metagross|100\/100\n|switch|p1b: Rillaboom|Rillaboom, F|100\/100\n|switch|p2a: Tapu Lele|Tapu Lele, shiny|100\/100\n|switch|p2b: Diancie|Diancie, shiny|100\/100\n|-fieldstart|move: Grassy Terrain|[from] ability: Grassy Surge|[of] p1b: Rillaboom\n|-fieldstart|move: Psychic Terrain|[from] ability: Psychic Surge|[of] p2a: Tapu Lele\n|turn|1\n|\n|t:|1699506159\n|switch|p1b: Tapu Koko|Tapu Koko|100\/100\n|-fieldstart|move: Electric Terrain|[from] ability: Electric Surge|[of] p1b: Tapu Koko\n|detailschange|p1a: Metagross|Metagross-Mega\n|-mega|p1a: Metagross|Metagross|Metagrossite\n|move|p1a: Metagross|Bullet Punch|p2b: Diancie\n|-supereffective|p2b: Diancie\n|-damage|p2b: Diancie|33\/100\n|move|p2a: Tapu Lele|Psychic|p1b: Tapu Koko\n|-damage|p1b: Tapu Koko|5\/100\n|-damage|p2a: Tapu Lele|91\/100|[from] item: Life Orb\n|move|p2b: Diancie|Trick Room|p2b: Diancie\n|-fieldstart|move: Trick Room|[of] p2b: Diancie\n|\n|-heal|p2b: Diancie|39\/100|[from] item: Leftovers\n|upkeep\n|turn|2\n|\n|t:|1699506180\n|move|p1a: Metagross|Bullet Punch|p2b: Diancie\n|-supereffective|p2b: Diancie\n|-damage|p2b: Diancie|0 fnt\n|faint|p2b: Diancie\n|move|p2a: Tapu Lele|Dazzling Gleam|p1b: Tapu Koko|[spread] p1a,p1b\n|-resisted|p1a: Metagross\n|-damage|p1a: Metagross|79\/100\n|-damage|p1b: Tapu Koko|0 fnt\n|faint|p1b: Tapu Koko\n|-damage|p2a: Tapu Lele|81\/100|[from] item: Life Orb\n|\n|upkeep\n|\n|t:|1699506194\n|switch|p2b: Grimmsnarl|Grimmsnarl, M, shiny|100\/100\n|switch|p1b: Perrserker|Perrserker, F|100\/100\n|turn|3\n|\n|t:|1699506231\n|move|p1b: Perrserker|Fake Out|p2a: Tapu Lele\n|-crit|p2a: Tapu Lele\n|-damage|p2a: Tapu Lele|53\/100\n|move|p2b: Grimmsnarl|Reflect|p2b: Grimmsnarl\n|-sidestart|p2: blanketno|Reflect\n|cant|p2a: Tapu Lele|flinch\n|move|p1a: Metagross|Steel Roller|p2b: Grimmsnarl\n|-supereffective|p2b: Grimmsnarl\n|-damage|p2b: Grimmsnarl|0 fnt\n|-fieldend|move: Electric Terrain\n|faint|p2b: Grimmsnarl\n|\n|upkeep\n|\n|t:|1699506267\n|switch|p2b: Clefable|Clefable, F|100\/100\n|turn|4\n|\n|t:|1699506292\n|move|p1b: Perrserker|Helping Hand|p1a: Metagross\n|-singleturn|p1a: Metagross|Helping Hand|[of] p1b: Perrserker\n|move|p2b: Clefable|Follow Me|p2b: Clefable\n|-singleturn|p2b: Clefable|move: Follow Me\n|move|p1a: Metagross|Bullet Punch|p2b: Clefable\n|-supereffective|p2b: Clefable\n|-damage|p2b: Clefable|0 fnt\n|faint|p2b: Clefable\n|move|p2a: Tapu Lele|Shadow Ball|p1a: Metagross\n|-supereffective|p1a: Metagross\n|-damage|p1a: Metagross|0 fnt\n|faint|p1a: Metagross\n|-damage|p2a: Tapu Lele|43\/100|[from] item: Life Orb\n|\n|upkeep\n|\n|t:|1699506315\n|switch|p2b: Mawile|Mawile, F|100\/100\n|switch|p1a: Iron Treads|Iron Treads|100\/100\n|-ability|p2b: Mawile|Intimidate|boost\n|-unboost|p1a: Iron Treads|atk|1\n|-unboost|p1b: Perrserker|atk|1\n|-enditem|p1a: Iron Treads|Booster Energy\n|-activate|p1a: Iron Treads|ability: Quark Drive|[fromitem]\n|-start|p1a: Iron Treads|quarkdrivespe\n|turn|5\n|\n|t:|1699506332\n|detailschange|p2b: Mawile|Mawile-Mega, F\n|-mega|p2b: Mawile|Mawile|Mawilite\n|move|p2a: Tapu Lele|Protect|p2a: Tapu Lele\n|-singleturn|p2a: Tapu Lele|Protect\n|move|p1b: Perrserker|Iron Head|p2b: Mawile\n|-damage|p2b: Mawile|67\/100\n|cant|p2b: Mawile|flinch\n|move|p1a: Iron Treads|Stomping Tantrum|p2b: Mawile\n|-supereffective|p2b: Mawile\n|-damage|p2b: Mawile|34\/100\n|\n|-fieldend|move: Trick Room\n|upkeep\n|turn|6\n|\n|t:|1699506359\n|switch|p1b: Rillaboom|Rillaboom, F|100\/100\n|-fieldstart|move: Grassy Terrain|[from] ability: Grassy Surge|[of] p1b: Rillaboom\n|move|p1a: Iron Treads|Steel Roller|p2b: Mawile\n|-damage|p2b: Mawile|6\/100\n|-fieldend|move: Grassy Terrain\n|move|p2a: Tapu Lele|Shadow Ball|p1b: Rillaboom\n|-damage|p1b: Rillaboom|70\/100\n|-damage|p2a: Tapu Lele|33\/100|[from] item: Life Orb\n|move|p2b: Mawile|Fire Fang|p1b: Rillaboom\n|-supereffective|p1b: Rillaboom\n|-damage|p1b: Rillaboom|0 fnt\n|faint|p1b: Rillaboom\n|\n|upkeep\n|\n|t:|1699506368\n|switch|p1b: Perrserker|Perrserker, F|100\/100\n|turn|7\n|\n|t:|1699506378\n|switch|p2a: Hatterene|Hatterene, F|100\/100\n|move|p1b: Perrserker|Fake Out|p2b: Mawile\n|-resisted|p2b: Mawile\n|-damage|p2b: Mawile|1\/100\n|cant|p2b: Mawile|flinch\n|move|p1a: Iron Treads|Iron Head|p2a: Hatterene\n|-supereffective|p2a: Hatterene\n|-damage|p2a: Hatterene|41\/100\n|\n|-heal|p2a: Hatterene|47\/100|[from] item: Leftovers\n|upkeep\n|turn|8\n|\n|t:|1699506396\n|switch|p1b: Heatran|Heatran, F|100\/100\n|move|p1a: Iron Treads|Iron Head|p2a: Hatterene\n|-supereffective|p2a: Hatterene\n|-crit|p2a: Hatterene\n|-damage|p2a: Hatterene|0 fnt\n|faint|p2a: Hatterene\n|move|p2b: Mawile|Fire Fang|p1a: Iron Treads\n|-supereffective|p1a: Iron Treads\n|-damage|p1a: Iron Treads|28\/100\n|\n|upkeep\n|\n|t:|1699506405\n|switch|p2a: Tapu Lele|Tapu Lele, shiny|33\/100\n|-fieldstart|move: Psychic Terrain|[from] ability: Psychic Surge|[of] p2a: Tapu Lele\n|turn|9\n|\n|t:|1699506433\n|move|p1a: Iron Treads|Protect|p1a: Iron Treads\n|-singleturn|p1a: Iron Treads|Protect\n|move|p2a: Tapu Lele|Dazzling Gleam|p1a: Iron Treads|[spread] p1b\n|-activate|p1a: Iron Treads|move: Protect\n|-resisted|p1b: Heatran\n|-damage|p1b: Heatran|91\/100\n|-damage|p2a: Tapu Lele|23\/100|[from] item: Life Orb\n|move|p1b: Heatran|Flash Cannon|p2b: Mawile\n|-damage|p2b: Mawile|0 fnt\n|faint|p2b: Mawile\n|\n|upkeep\n|turn|10\n|\n|t:|1699506448\n|switch|p1b: Perrserker|Perrserker, F|100\/100\n|move|p2a: Tapu Lele|Protect|p2a: Tapu Lele\n|-singleturn|p2a: Tapu Lele|Protect\n|move|p1a: Iron Treads|Steel Roller|p2a: Tapu Lele\n|-activate|p2a: Tapu Lele|move: Protect\n|\n|-sideend|p2: blanketno|Reflect\n|upkeep\n|turn|11\n|\n|t:|1699506458\n|move|p1b: Perrserker|Helping Hand|p1a: Iron Treads\n|-singleturn|p1a: Iron Treads|Helping Hand|[of] p1b: Perrserker\n|move|p1a: Iron Treads|Steel Roller|p2a: Tapu Lele\n|-supereffective|p2a: Tapu Lele\n|-damage|p2a: Tapu Lele|0 fnt\n|-fieldend|move: Psychic Terrain\n|faint|p2a: Tapu Lele\n|\n|win|Prapple3\n|raw|Prapple3's rating: 1111 &rarr; <strong>1138<\/strong><br \/>(+27 for winning)\n|raw|blanketno's rating: 1141 &rarr; <strong>1114<\/strong><br \/>(-27 for losing)\n|l|\u2606blanketno\n","uploadtime":1699506468,"views":22,"p1id":"prapple3","p2id":"blanketno","formatid":"gen9nationaldexdoubles","rating":1114,"private":0,"password":""}