{"id":"gen9nationaldexdoubles-1961621587","p1":"Scarecrow4292","p2":"Slumburg","format":"[Gen 9] National Dex Doubles","log":"|j|\u2606Scarecrow4292\n|j|\u2606Slumburg\n|t:|1696644730\n|gametype|doubles\n|player|p1|Scarecrow4292|policeman|1071\n|player|p2|Slumburg|falkner|1090\n|teamsize|p1|6\n|teamsize|p2|6\n|gen|9\n|tier|[Gen 9] National Dex Doubles\n|rated|\n|rule|HP Percentage Mod: HP is shown in percentages\n|rule|Endless Battle Clause: Forcing endless battles is banned\n|rule|OHKO Clause: OHKO moves are banned\n|rule|Evasion Moves Clause: Evasion moves are banned\n|rule|Evasion Abilities Clause: Evasion abilities are banned\n|rule|Species Clause: Limit one of each Pok\u00e9mon\n|rule|Gravity Sleep Clause: The combination of sleep-inducing moves with imperfect accuracy and Gravity or Gigantamax Orbeetle are banned\n|clearpoke\n|poke|p1|Regigigas|\n|poke|p1|Ferrothorn, F|\n|poke|p1|Hydreigon, M|\n|poke|p1|Goodra-Hisui, M|\n|poke|p1|Landorus-Therian, M|\n|poke|p1|Volcanion|\n|poke|p2|Scizor, F|\n|poke|p2|Dragonite, M|\n|poke|p2|Gastrodon, M|\n|poke|p2|Sinistcha-Masterpiece|\n|poke|p2|Houndoom, M|\n|poke|p2|Clefable, M|\n|teampreview\n|\n|t:|1696644738\n|start\n|switch|p1a: Spaghetti|Regigigas|100\/100\n|switch|p1b: Penne|Ferrothorn, F|100\/100\n|switch|p2a: Fake Jays|Clefable, M|100\/100\n|switch|p2b: Gastrodon|Gastrodon, M|100\/100\n|-start|p1a: Spaghetti|ability: Slow Start\n|turn|1\n|\n|t:|1696644760\n|switch|p2a: Set|Houndoom, M, shiny|100\/100\n|move|p1a: Spaghetti|Body Slam|p2b: Gastrodon\n|-damage|p2b: Gastrodon|73\/100\n|-damage|p1a: Spaghetti|91\/100|[from] item: Life Orb\n|move|p2b: Gastrodon|Stealth Rock|p1a: Spaghetti\n|-sidestart|p1: Scarecrow4292|move: Stealth Rock\n|move|p1b: Penne|Worry Seed|p1a: Spaghetti\n|-end|p1a: Spaghetti|Slow Start|[silent]\n|-endability|p1a: Spaghetti|Slow Start|[from] move: Worry Seed\n|-ability|p1a: Spaghetti|Insomnia|[from] move: Worry Seed\n|\n|-heal|p2b: Gastrodon|79\/100|[from] item: Leftovers\n|upkeep\n|turn|2\n|\n|t:|1696644792\n|-zpower|p2a: Set\n|move|p2a: Set|Inferno Overdrive|p1b: Penne|[zeffect]\n|-supereffective|p1b: Penne\n|-damage|p1b: Penne|0 fnt\n|faint|p1b: Penne\n|move|p1a: Spaghetti|Body Slam|p2a: Set\n|-damage|p2a: Set|0 fnt\n|faint|p2a: Set\n|-damage|p1a: Spaghetti|81\/100|[from] item: Life Orb\n|move|p2b: Gastrodon|Scald|p1a: Spaghetti\n|-damage|p1a: Spaghetti|64\/100\n|\n|-heal|p2b: Gastrodon|85\/100|[from] item: Leftovers\n|upkeep\n|\n|t:|1696644821\n|switch|p2a: GreenLean|Sinistcha-Masterpiece, shiny|100\/100\n|switch|p1b: Farfalle|Goodra-Hisui, M|100\/100\n|-heal|p2b: Gastrodon|100\/100|[from] ability: Hospitality|[of] p2a: GreenLean\n|-damage|p1b: Farfalle|94\/100|[from] Stealth Rock\n|turn|3\n|\n|t:|1696644837\n|move|p1a: Spaghetti|Darkest Lariat|p2a: GreenLean\n|-supereffective|p2a: GreenLean\n|-damage|p2a: GreenLean|31\/100\n|-damage|p1a: Spaghetti|54\/100|[from] item: Life Orb\n|move|p2a: GreenLean|Stun Spore|p1a: Spaghetti\n|-status|p1a: Spaghetti|par\n|move|p1b: Farfalle|Toxic|p2b: Gastrodon\n|-status|p2b: Gastrodon|tox\n|move|p2b: Gastrodon|Earthquake|p1a: Spaghetti|[spread] p2a,p1a,p1b\n|-resisted|p2a: GreenLean\n|-supereffective|p1b: Farfalle\n|-damage|p2a: GreenLean|24\/100\n|-damage|p1a: Spaghetti|38\/100 par\n|-damage|p1b: Farfalle|51\/100\n|\n|-heal|p1b: Farfalle|57\/100|[from] item: Leftovers\n|-damage|p2b: Gastrodon|94\/100 tox|[from] psn\n|upkeep\n|turn|4\n|inactive|Battle timer is ON: inactive players will automatically lose when time's up. (requested by Scarecrow4292)\n|\n|t:|1696644871\n|switch|p2b: Ryuuko|Scizor, F|100\/100\n|move|p2a: GreenLean|Matcha Gotcha|p1a: Spaghetti|[spread] p1a,p1b\n|-resisted|p1b: Farfalle\n|-damage|p1a: Spaghetti|21\/100 par\n|-heal|p2a: GreenLean|34\/100|[from] drain|[of] p1a: Spaghetti\n|-damage|p1b: Farfalle|54\/100\n|-heal|p2a: GreenLean|36\/100|[from] drain|[of] p1b: Farfalle\n|move|p1b: Farfalle|Ice Spinner|p2a: GreenLean\n|-supereffective|p2a: GreenLean\n|-damage|p2a: GreenLean|11\/100\n|move|p1a: Spaghetti|Body Slam|p2b: Ryuuko\n|-resisted|p2b: Ryuuko\n|-damage|p2b: Ryuuko|64\/100\n|-status|p2b: Ryuuko|par\n|-damage|p1a: Spaghetti|11\/100 par|[from] item: Life Orb\n|\n|-heal|p1b: Farfalle|60\/100|[from] item: Leftovers\n|upkeep\n|turn|5\n|inactive|Slumburg has 120 seconds left.\n|\n|t:|1696644906\n|move|p1a: Spaghetti|Protect|p1a: Spaghetti\n|-singleturn|p1a: Spaghetti|Protect\n|cant|p2b: Ryuuko|par\n|move|p2a: GreenLean|Life Dew|p2a: GreenLean|[spread] p2a,p2b\n|-heal|p2a: GreenLean|36\/100\n|-heal|p2b: Ryuuko|89\/100 par\n|move|p1b: Farfalle|Flash Cannon|p2a: GreenLean\n|-damage|p2a: GreenLean|3\/100\n|\n|-heal|p1b: Farfalle|66\/100|[from] item: Leftovers\n|upkeep\n|turn|6\n|\n|t:|1696644928\n|move|p2a: GreenLean|Matcha Gotcha|p1b: Farfalle|[spread] p1a,p1b\n|-resisted|p1b: Farfalle\n|-damage|p1a: Spaghetti|0 fnt\n|-heal|p2a: GreenLean|9\/100|[from] drain|[of] p1a: Spaghetti\n|-damage|p1b: Farfalle|63\/100\n|-heal|p2a: GreenLean|11\/100|[from] drain|[of] p1b: Farfalle\n|faint|p1a: Spaghetti\n|move|p1b: Farfalle|Ice Spinner|p2a: GreenLean\n|-supereffective|p2a: GreenLean\n|-damage|p2a: GreenLean|0 fnt\n|faint|p2a: GreenLean\n|move|p2b: Ryuuko|U-turn|p1b: Farfalle\n|-resisted|p1b: Farfalle\n|-damage|p1b: Farfalle|45\/100\n|inactive|Slumburg has 120 seconds left.\n|\n|t:|1696644941\n|switch|p2b: Fake Jays|Clefable, M|100\/100|[from] U-turn\n|\n|-heal|p1b: Farfalle|51\/100|[from] item: Leftovers\n|upkeep\n|\n|t:|1696644947\n|switch|p1a: Fettuccine|Hydreigon, M|100\/100\n|switch|p2a: Gastrodon|Gastrodon, M|94\/100 tox\n|-damage|p1a: Fettuccine|88\/100|[from] Stealth Rock\n|turn|7\n|\n|t:|1696644958\n|switch|p1a: Tortellini|Volcanion|100\/100\n|-damage|p1a: Tortellini|76\/100|[from] Stealth Rock\n|move|p2b: Fake Jays|Reflect|p2b: Fake Jays\n|-sidestart|p2: Slumburg|Reflect\n|move|p1b: Farfalle|Flash Cannon|p2b: Fake Jays\n|-supereffective|p2b: Fake Jays\n|-damage|p2b: Fake Jays|59\/100\n|move|p2a: Gastrodon|Earthquake|p1a: Tortellini|[spread] p2b,p1a,p1b\n|-supereffective|p1a: Tortellini\n|-supereffective|p1b: Farfalle\n|-damage|p2b: Fake Jays|42\/100\n|-damage|p1a: Tortellini|40\/100\n|-damage|p1b: Farfalle|8\/100\n|\n|-heal|p1b: Farfalle|14\/100|[from] item: Leftovers\n|-heal|p2a: Gastrodon|100\/100 tox|[from] item: Leftovers\n|-damage|p2a: Gastrodon|94\/100 tox|[from] psn\n|upkeep\n|turn|8\n|\n|t:|1696644985\n|switch|p2b: Puff|Dragonite, M|100\/100\n|move|p1a: Tortellini|Earth Power|p2b: Puff\n|-immune|p2b: Puff\n|move|p1b: Farfalle|Flash Cannon|p2b: Puff\n|-damage|p2b: Puff|84\/100\n|move|p2a: Gastrodon|Earthquake|p1a: Tortellini|[spread] p1a,p1b\n|-immune|p2b: Puff\n|-supereffective|p1a: Tortellini\n|-supereffective|p1b: Farfalle\n|-damage|p1a: Tortellini|4\/100\n|-damage|p1b: Farfalle|0 fnt\n|faint|p1b: Farfalle\n|\n|-heal|p2a: Gastrodon|100\/100 tox|[from] item: Leftovers\n|-damage|p2a: Gastrodon|88\/100 tox|[from] psn\n|upkeep\n|inactive|Scarecrow4292 has 120 seconds left.\n|\n|t:|1696645002\n|switch|p1b: Fettuccine|Hydreigon, M|88\/100\n|-damage|p1b: Fettuccine|76\/100|[from] Stealth Rock\n|turn|9\n|inactive|Scarecrow4292 has 120 seconds left.\n|\n|t:|1696645038\n|-terastallize|p2b: Puff|Dragon\n|move|p2b: Puff|Scale Shot|p1b: Fettuccine\n|-supereffective|p1b: Fettuccine\n|-damage|p1b: Fettuccine|36\/100\n|-supereffective|p1b: Fettuccine\n|-damage|p1b: Fettuccine|0 fnt\n|faint|p1b: Fettuccine\n|-hitcount|p1: Fettuccine|2\n|-unboost|p2b: Puff|def|1\n|-boost|p2b: Puff|spe|1\n|move|p1a: Tortellini|Earth Power|p2a: Gastrodon\n|-damage|p2a: Gastrodon|57\/100 tox\n|move|p2a: Gastrodon|Earthquake|p1a: Tortellini|[spread] p2b,p1a\n|-crit|p2b: Puff\n|-supereffective|p1a: Tortellini\n|-damage|p2b: Puff|29\/100\n|-damage|p1a: Tortellini|0 fnt\n|faint|p1a: Tortellini\n|\n|-heal|p2a: Gastrodon|63\/100 tox|[from] item: Leftovers\n|-damage|p2a: Gastrodon|45\/100 tox|[from] psn\n|upkeep\n|inactive|Scarecrow4292 has 120 seconds left.\n|\n|t:|1696645059\n|switch|p1b: Conchiglie|Landorus-Therian, M|100\/100\n|-damage|p1b: Conchiglie|88\/100|[from] Stealth Rock\n|-ability|p1b: Conchiglie|Intimidate|boost\n|-unboost|p2a: Gastrodon|atk|1\n|-unboost|p2b: Puff|atk|1\n|turn|10\n|\n|t:|1696645069\n|move|p2b: Puff|Scale Shot|p1b: Conchiglie\n|-damage|p1b: Conchiglie|73\/100\n|-damage|p1b: Conchiglie|60\/100\n|-damage|p1b: Conchiglie|45\/100\n|-damage|p1b: Conchiglie|31\/100\n|-hitcount|p1b: Conchiglie|4\n|-unboost|p2b: Puff|def|1\n|-boost|p2b: Puff|spe|1\n|move|p1b: Conchiglie|Earthquake|p2b: Puff|[spread] p2a,p2b\n|-damage|p2a: Gastrodon|25\/100 tox\n|-damage|p2b: Puff|0 fnt\n|faint|p2b: Puff\n|move|p2a: Gastrodon|Scald|p1b: Conchiglie\n|-supereffective|p1b: Conchiglie\n|-damage|p1b: Conchiglie|0 fnt\n|faint|p1b: Conchiglie\n|\n|win|Slumburg\n|raw|Scarecrow4292's rating: 1071 &rarr; <strong>1051<\/strong><br \/>(-20 for losing)\n|raw|Slumburg's rating: 1090 &rarr; <strong>1115<\/strong><br \/>(+25 for winning)\n|c|\u2606Scarecrow4292|gg\n|c|\u2606Slumburg|gg\n|l|\u2606Scarecrow4292\n","uploadtime":1696645156,"views":19,"p1id":"scarecrow4292","p2id":"slumburg","formatid":"gen9nationaldexdoubles","rating":1051,"private":0,"password":""}