{"id":"gen9nationaldexdoubles-1965101227","p1":"Squarelace420","p2":"Mongoose556","format":"[Gen 9] National Dex Doubles","log":"|j|\u2606Squarelace420\n|j|\u2606Mongoose556\n|t:|1697042579\n|gametype|doubles\n|player|p1|Squarelace420|giovanni|1102\n|player|p2|Mongoose556|may|1076\n|teamsize|p1|6\n|teamsize|p2|6\n|gen|9\n|tier|[Gen 9] National Dex Doubles\n|rated|\n|rule|HP Percentage Mod: HP is shown in percentages\n|rule|Endless Battle Clause: Forcing endless battles is banned\n|rule|OHKO Clause: OHKO moves are banned\n|rule|Evasion Moves Clause: Evasion moves are banned\n|rule|Evasion Abilities Clause: Evasion abilities are banned\n|rule|Species Clause: Limit one of each Pok\u00e9mon\n|rule|Gravity Sleep Clause: The combination of sleep-inducing moves with imperfect accuracy and Gravity or Gigantamax Orbeetle are banned\n|clearpoke\n|poke|p1|Greninja-*, M|\n|poke|p1|Garchomp, F|\n|poke|p1|Garganacl, M|\n|poke|p1|Malamar, F|\n|poke|p1|Ceruledge, F|\n|poke|p1|Kingambit, F|\n|poke|p2|Inteleon, M|\n|poke|p2|Swampert, M|\n|poke|p2|Araquanid, F|\n|poke|p2|Tauros-Paldea-Aqua, M|\n|poke|p2|Cramorant, M|\n|poke|p2|Ogerpon-Wellspring, F|\n|teampreview\n|\n|t:|1697042585\n|start\n|switch|p1a: Greninja|Greninja, M, shiny|100\/100\n|switch|p1b: Garchomp|Garchomp, F|100\/100\n|switch|p2a: Araquanid|Araquanid, F, shiny|100\/100\n|switch|p2b: Throat Goat|Cramorant, M|100\/100\n|turn|1\n|c|\u2606Squarelace420|GL\n|c|\u2606Squarelace420|have fun\n|inactive|Battle timer is ON: inactive players will automatically lose when time's up. (requested by Mongoose556)\n|-activate|p2a: Araquanid|item: Quick Claw\n|\n|t:|1697042615\n|move|p2a: Araquanid|Sticky Web|p1b: Garchomp\n|-sidestart|p1: Squarelace420|move: Sticky Web\n|move|p1a: Greninja|Toxic Spikes|p2a: Araquanid\n|-sidestart|p2: Mongoose556|move: Toxic Spikes\n|move|p1b: Garchomp|Toxic|p2a: Araquanid\n|-status|p2a: Araquanid|tox\n|move|p2b: Throat Goat|Ice Beam|p1b: Garchomp\n|-supereffective|p1b: Garchomp\n|-damage|p1b: Garchomp|5\/100\n|\n|-damage|p2a: Araquanid|94\/100 tox|[from] psn\n|upkeep\n|turn|2\n|inactive|Squarelace420 has 120 seconds left.\n|\n|t:|1697042650\n|move|p1a: Greninja|Ice Beam|p2b: Throat Goat\n|-damage|p2b: Throat Goat|66\/100\n|move|p2b: Throat Goat|Surf|p1b: Garchomp|[spread] p1a,p1b\n|-heal|p2a: Araquanid|100\/100 tox|[from] ability: Water Absorb|[of] p2b: Throat Goat\n|-formechange|p2b: Throat Goat|Cramorant-Gulping|\n|-resisted|p1a: Greninja\n|-damage|p1a: Greninja|82\/100\n|-damage|p1b: Garchomp|0 fnt\n|faint|p1b: Garchomp\n|move|p2a: Araquanid|Lunge|p1a: Greninja\n|-supereffective|p1a: Greninja\n|-damage|p1a: Greninja|0 fnt\n|faint|p1a: Greninja\n|\n|-damage|p2a: Araquanid|88\/100 tox|[from] psn\n|upkeep\n|\n|t:|1697042668\n|switch|p1a: Garganacl|Garganacl, M|100\/100\n|switch|p1b: Malamar|Malamar, F|100\/100\n|-activate|p1b: Malamar|move: Sticky Web\n|-boost|p1b: Malamar|spe|1\n|-activate|p1a: Garganacl|move: Sticky Web\n|-unboost|p1a: Garganacl|spe|1\n|turn|3\n|inactive|Squarelace420 has 120 seconds left.\n|\n|t:|1697042684\n|move|p1b: Malamar|Superpower|p2a: Araquanid\n|-resisted|p2a: Araquanid\n|-damage|p2a: Araquanid|75\/100 tox\n|-boost|p1b: Malamar|atk|1\n|-boost|p1b: Malamar|def|1\n|move|p2b: Throat Goat|Surf|p1b: Malamar|[spread] p1a,p1b\n|-heal|p2a: Araquanid|99\/100 tox|[from] ability: Water Absorb|[of] p2b: Throat Goat\n|-supereffective|p1a: Garganacl\n|-damage|p1a: Garganacl|54\/100\n|-damage|p1b: Malamar|75\/100\n|move|p2a: Araquanid|Lunge|p1b: Malamar\n|-supereffective|p1b: Malamar\n|-damage|p1b: Malamar|0 fnt\n|faint|p1b: Malamar\n|move|p1a: Garganacl|Salt Cure|p2b: Throat Goat\n|-supereffective|p2b: Throat Goat\n|-damage|p2b: Throat Goat|10\/100\n|-start|p2b: Throat Goat|Salt Cure\n|-damage|p1a: Garganacl|29\/100|[from] ability: Gulp Missile|[of] p2b: Throat Goat\n|-unboost|p1a: Garganacl|def|1\n|-formechange|p2b: Throat Goat|Cramorant|\n|\n|-heal|p1a: Garganacl|36\/100|[from] item: Leftovers\n|-damage|p2a: Araquanid|82\/100 tox|[from] psn\n|-damage|p2b: Throat Goat|0 fnt|[from] Salt Cure\n|faint|p2b: Throat Goat\n|upkeep\n|inactive|Squarelace420 has 120 seconds left.\n|\n|t:|1697042707\n|switch|p2b: Ogerp\u00f6rn|Ogerpon-Wellspring, F|100\/100\n|switch|p1b: Ceruledge|Ceruledge, F, shiny|100\/100\n|-activate|p1b: Ceruledge|move: Sticky Web\n|-unboost|p1b: Ceruledge|spe|1\n|-status|p2b: Ogerp\u00f6rn|psn\n|turn|4\n|\n|t:|1697042730\n|-terastallize|p2b: Ogerp\u00f6rn|Water\n|detailschange|p2b: Ogerp\u00f6rn|Ogerpon-Wellspring-Tera, F, tera:Water\n|-ability|p2b: Ogerp\u00f6rn|Embody Aspect (Wellspring)|boost\n|-boost|p2b: Ogerp\u00f6rn|spd|1\n|move|p2b: Ogerp\u00f6rn|Ivy Cudgel|p1a: Garganacl\n|-supereffective|p1a: Garganacl\n|-damage|p1a: Garganacl|0 fnt\n|faint|p1a: Garganacl\n|move|p1b: Ceruledge|Bitter Blade|p2a: Araquanid\n|-damage|p2a: Araquanid|28\/100 tox\n|move|p2a: Araquanid|Rain Dance|p2a: Araquanid\n|-weather|RainDance\n|\n|-weather|RainDance|[upkeep]\n|-damage|p2b: Ogerp\u00f6rn|88\/100 psn|[from] psn\n|-damage|p2a: Araquanid|3\/100 tox|[from] psn\n|upkeep\n|inactive|Squarelace420 has 120 seconds left.\n|\n|t:|1697042744\n|switch|p1a: Kingambit|Kingambit, F|100\/100\n|-activate|p1a: Kingambit|move: Sticky Web\n|-unboost|p1a: Kingambit|spe|1\n|-activate|p1a: Kingambit|ability: Supreme Overlord\n|-start|p1a: Kingambit|fallen4|[silent]\n|turn|5\n|inactive|Squarelace420 has 120 seconds left.\n|\n|t:|1697042774\n|move|p2b: Ogerp\u00f6rn|Ivy Cudgel|p1a: Kingambit\n|-damage|p1a: Kingambit|0 fnt\n|faint|p1a: Kingambit\n|-end|p1a: Kingambit|fallen4|[silent]\n|move|p1b: Ceruledge|Bitter Blade|p2a: Araquanid\n|-damage|p2a: Araquanid|0 fnt\n|faint|p2a: Araquanid\n|\n|-weather|RainDance|[upkeep]\n|-damage|p2b: Ogerp\u00f6rn|76\/100 psn|[from] psn\n|upkeep\n|\n|t:|1697042779\n|switch|p2a: Randall|Inteleon, M, shiny|100\/100\n|-status|p2a: Randall|psn\n|turn|6\n|\n|t:|1697042801\n|move|p2a: Randall|Snipe Shot|p1b: Ceruledge\n|-supereffective|p1b: Ceruledge\n|-crit|p1b: Ceruledge\n|-damage|p1b: Ceruledge|0 fnt\n|faint|p1b: Ceruledge\n|\n|win|Mongoose556\n|raw|Squarelace420's rating: 1102 &rarr; <strong>1075<\/strong><br \/>(-27 for losing)\n|raw|Mongoose556's rating: 1076 &rarr; <strong>1107<\/strong><br \/>(+31 for winning)\n|c|\u2606Squarelace420|gg\n","uploadtime":1697042810,"views":5,"p1id":"squarelace420","p2id":"mongoose556","formatid":"gen9nationaldexdoubles","rating":1075,"private":0,"password":""}