{"id":"gen9nationaldexdoubles-1998755509","p1":"Vivethen","p2":"jky666","format":"[Gen 9] National Dex Doubles","log":"|j|\u2606Vivethen\n|j|\u2606jky666\n|t:|1700984125\n|gametype|doubles\n|player|p1|Vivethen|cheren|1254\n|player|p2|jky666|101|1412\n|teamsize|p1|6\n|teamsize|p2|6\n|gen|9\n|tier|[Gen 9] National Dex Doubles\n|rated|\n|rule|HP Percentage Mod: HP is shown in percentages\n|rule|Endless Battle Clause: Forcing endless battles is banned\n|rule|OHKO Clause: OHKO moves are banned\n|rule|Evasion Moves Clause: Evasion moves are banned\n|rule|Evasion Abilities Clause: Evasion abilities are banned\n|rule|Species Clause: Limit one of each Pok\u00e9mon\n|rule|Gravity Sleep Clause: The combination of sleep-inducing moves with imperfect accuracy and Gravity or Gigantamax Orbeetle are banned\n|clearpoke\n|poke|p1|Alcremie, F|\n|poke|p1|Incineroar, F|\n|poke|p1|Chi-Yu|\n|poke|p1|Sinistcha|\n|poke|p1|Urshifu-*, M|\n|poke|p1|Flutter Mane|\n|poke|p2|Cresselia, F|\n|poke|p2|Mawile, M|\n|poke|p2|Conkeldurr, M|\n|poke|p2|Ursaluna-Bloodmoon, M|\n|poke|p2|Hatterene, F|\n|poke|p2|Porygon2|\n|teampreview\n|inactive|Battle timer is ON: inactive players will automatically lose when time's up. (requested by jky666)\n|\n|t:|1700984156\n|start\n|switch|p1a: Sinistcha|Sinistcha|100\/100\n|switch|p1b: Alcremie|Alcremie, F|100\/100\n|switch|p2a: Cresselia|Cresselia, F|100\/100\n|switch|p2b: Ursaluna|Ursaluna-Bloodmoon, M|100\/100\n|turn|1\n|inactive|Vivethen has 120 seconds left.\n|\n|t:|1700984187\n|-terastallize|p2b: Ursaluna|Fairy\n|move|p1a: Sinistcha|Matcha Gotcha|p2b: Ursaluna|[spread] p2a,p2b\n|-damage|p2a: Cresselia|85\/100\n|-damage|p2b: Ursaluna|71\/100\n|move|p1b: Alcremie|Decorate|p1a: Sinistcha\n|-boost|p1a: Sinistcha|atk|2\n|-boost|p1a: Sinistcha|spa|2\n|move|p2b: Ursaluna|Blood Moon|p1a: Sinistcha\n|-damage|p1a: Sinistcha|0 fnt\n|faint|p1a: Sinistcha\n|-damage|p2b: Ursaluna|61\/100|[from] item: Life Orb\n|move|p2a: Cresselia|Trick Room|p2a: Cresselia\n|-fieldstart|move: Trick Room|[of] p2a: Cresselia\n|\n|upkeep\n|inactive|Vivethen has 120 seconds left.\n|inactive|Vivethen has 90 seconds left.\n|\n|t:|1700984223\n|switch|p1a: Urshifu|Urshifu-Rapid-Strike, M|100\/100\n|turn|2\n|\n|t:|1700984232\n|move|p1a: Urshifu|Detect|p1a: Urshifu\n|-singleturn|p1a: Urshifu|Protect\n|move|p2b: Ursaluna|Moonblast|p1a: Urshifu\n|-activate|p1a: Urshifu|move: Protect\n|move|p1b: Alcremie|Encore|p2a: Cresselia\n|-start|p2a: Cresselia|Encore\n|move|p2a: Cresselia|Trick Room|p2a: Cresselia\n|-fieldend|move: Trick Room\n|\n|upkeep\n|turn|3\n|\n|t:|1700984247\n|-terastallize|p1a: Urshifu|Water\n|move|p1a: Urshifu|Surging Strikes|p2b: Ursaluna\n|-crit|p2b: Ursaluna\n|-damage|p2b: Ursaluna|41\/100\n|-crit|p2b: Ursaluna\n|-damage|p2b: Ursaluna|21\/100\n|-crit|p2b: Ursaluna\n|-damage|p2b: Ursaluna|2\/100\n|-hitcount|p2b: Ursaluna|3\n|move|p1b: Alcremie|Decorate|p1a: Urshifu\n|-boost|p1a: Urshifu|atk|2\n|-boost|p1a: Urshifu|spa|2\n|move|p2b: Ursaluna|Blood Moon|p1b: Alcremie\n|-damage|p1b: Alcremie|11\/100\n|-damage|p2b: Ursaluna|0 fnt|[from] item: Life Orb\n|faint|p2b: Ursaluna\n|move|p2a: Cresselia|Trick Room|p2a: Cresselia\n|-fieldstart|move: Trick Room|[of] p2a: Cresselia\n|\n|upkeep\n|\n|t:|1700984263\n|switch|p2b: Mawile|Mawile, M|100\/100\n|-ability|p2b: Mawile|Intimidate|boost\n|-unboost|p1a: Urshifu|atk|1\n|-unboost|p1b: Alcremie|atk|1\n|turn|4\n|\n|t:|1700984278\n|switch|p1b: Incineroar|Incineroar, F|100\/100\n|-ability|p1b: Incineroar|Intimidate|boost\n|-unboost|p2a: Cresselia|atk|1\n|-unboost|p2b: Mawile|atk|1\n|switch|p2a: Hatterene|Hatterene, F|100\/100\n|detailschange|p2b: Mawile|Mawile-Mega, M\n|-mega|p2b: Mawile|Mawile|Mawilite\n|move|p1a: Urshifu|Detect|p1a: Urshifu\n|-singleturn|p1a: Urshifu|Protect\n|move|p2b: Mawile|Play Rough|p1a: Urshifu\n|-activate|p1a: Urshifu|move: Protect\n|\n|upkeep\n|turn|5\n|inactive|Vivethen has 120 seconds left.\n|\n|t:|1700984316\n|move|p1b: Incineroar|Fake Out|p2b: Mawile\n|-resisted|p2b: Mawile\n|-damage|p2b: Mawile|96\/100\n|move|p2a: Hatterene|Psychic|p1a: Urshifu\n|-damage|p1a: Urshifu|28\/100\n|-unboost|p1a: Urshifu|spd|1\n|cant|p2b: Mawile|flinch\n|move|p1a: Urshifu|Surging Strikes|p2b: Mawile\n|-crit|p2b: Mawile\n|-damage|p2b: Mawile|54\/100\n|-crit|p2b: Mawile\n|-damage|p2b: Mawile|14\/100\n|-crit|p2b: Mawile\n|-damage|p2b: Mawile|0 fnt\n|faint|p2b: Mawile\n|-hitcount|p2: Mawile|3\n|\n|upkeep\n|\n|t:|1700984327\n|switch|p2b: Conkeldurr|Conkeldurr, M|100\/100\n|turn|6\n|inactive|Vivethen has 120 seconds left.\n|\n|t:|1700984366\n|move|p1a: Urshifu|Detect|p1a: Urshifu\n|-singleturn|p1a: Urshifu|Protect\n|move|p2a: Hatterene|Psychic|p1a: Urshifu\n|-activate|p1a: Urshifu|move: Protect\n|move|p2b: Conkeldurr|Close Combat|p1b: Incineroar\n|-supereffective|p1b: Incineroar\n|-damage|p1b: Incineroar|0 fnt\n|-unboost|p2b: Conkeldurr|def|1\n|-unboost|p2b: Conkeldurr|spd|1\n|faint|p1b: Incineroar\n|\n|-status|p2b: Conkeldurr|brn|[from] item: Flame Orb\n|upkeep\n|\n|t:|1700984390\n|switch|p1b: Chi-Yu|Chi-Yu|100\/100\n|-ability|p1b: Chi-Yu|Beads of Ruin\n|turn|7\n|\n|t:|1700984413\n|move|p1b: Chi-Yu|Protect|p1b: Chi-Yu\n|-singleturn|p1b: Chi-Yu|Protect\n|move|p1a: Urshifu|Aqua Jet|p2a: Hatterene\n|-damage|p2a: Hatterene|53\/100\n|move|p2a: Hatterene|Psychic|p1a: Urshifu\n|-damage|p1a: Urshifu|0 fnt\n|faint|p1a: Urshifu\n|move|p2b: Conkeldurr|Close Combat|p1b: Chi-Yu\n|-activate|p1b: Chi-Yu|move: Protect\n|\n|-damage|p2b: Conkeldurr|94\/100 brn|[from] brn\n|-fieldend|move: Trick Room\n|upkeep\n|inactive|Vivethen has 90 seconds left.\n|\n|t:|1700984431\n|switch|p1a: Flutter Mane|Flutter Mane|100\/100\n|-enditem|p1a: Flutter Mane|Booster Energy\n|-activate|p1a: Flutter Mane|ability: Protosynthesis|[fromitem]\n|-start|p1a: Flutter Mane|protosynthesisspe\n|turn|8\n|\n|t:|1700984445\n|switch|p2b: Porygon2|Porygon2|100\/100\n|-ability|p2b: Porygon2|Download|boost\n|-boost|p2b: Porygon2|atk|1\n|move|p1a: Flutter Mane|Moonblast|p2b: Porygon2\n|-damage|p2b: Porygon2|75\/100\n|-unboost|p2b: Porygon2|spa|1\n|move|p1b: Chi-Yu|Overheat|p2a: Hatterene\n|-damage|p2a: Hatterene|0 fnt\n|-unboost|p1b: Chi-Yu|spa|2\n|faint|p2a: Hatterene\n|-damage|p1b: Chi-Yu|91\/100|[from] item: Life Orb\n|\n|upkeep\n|\n|t:|1700984457\n|switch|p2a: Cresselia|Cresselia, F|85\/100\n|turn|9\n|inactive|Vivethen has 120 seconds left.\n|\n|t:|1700984484\n|move|p1a: Flutter Mane|Shadow Ball|p2a: Cresselia\n|-supereffective|p2a: Cresselia\n|-damage|p2a: Cresselia|10\/100\n|move|p1b: Chi-Yu|Dark Pulse|p2a: Cresselia\n|-supereffective|p2a: Cresselia\n|-damage|p2a: Cresselia|0 fnt\n|faint|p2a: Cresselia\n|-damage|p1b: Chi-Yu|81\/100|[from] item: Life Orb\n|move|p2b: Porygon2|Teleport|p2b: Porygon2\n|\n|t:|1700984490\n|switch|p2b: Conkeldurr|Conkeldurr, M|94\/100 brn|[from] Teleport\n|\n|-damage|p2b: Conkeldurr|88\/100 brn|[from] brn\n|upkeep\n|\n|t:|1700984494\n|switch|p2a: Porygon2|Porygon2|75\/100\n|-ability|p2a: Porygon2|Download|boost\n|-boost|p2a: Porygon2|atk|1\n|turn|10\n|\n|t:|1700984509\n|switch|p1b: Alcremie|Alcremie, F|11\/100\n|move|p1a: Flutter Mane|Moonblast|p2b: Conkeldurr\n|-supereffective|p2b: Conkeldurr\n|-damage|p2b: Conkeldurr|0 fnt\n|faint|p2b: Conkeldurr\n|move|p2a: Porygon2|Trick Room|p2a: Porygon2\n|-fieldstart|move: Trick Room|[of] p2a: Porygon2\n|\n|upkeep\n|turn|11\n|-message|jky666 forfeited.\n|\n|win|Vivethen\n|raw|Vivethen's rating: 1254 &rarr; <strong>1290<\/strong><br \/>(+36 for winning)\n|raw|jky666's rating: 1412 &rarr; <strong>1383<\/strong><br \/>(-29 for losing)\n|l|\u2606jky666\n","uploadtime":1700985048,"views":26,"p1id":"vivethen","p2id":"jky666","formatid":"gen9nationaldexdoubles","rating":1290,"private":0,"password":""}