{"id":"gen9nationaldexdoubles-2000574902","p1":"Malamardo","p2":"asugamingpoke","format":"[Gen 9] National Dex Doubles","log":"|j|\u2606Malamardo\n|j|\u2606asugamingpoke\n|t:|1701206746\n|gametype|doubles\n|player|p1|Malamardo|sailor|\n|player|p2|asugamingpoke|morty-masters2|\n|teamsize|p1|6\n|teamsize|p2|6\n|gen|9\n|tier|[Gen 9] National Dex Doubles\n|rule|HP Percentage Mod: HP is shown in percentages\n|rule|Endless Battle Clause: Forcing endless battles is banned\n|rule|OHKO Clause: OHKO moves are banned\n|rule|Evasion Moves Clause: Evasion moves are banned\n|rule|Evasion Abilities Clause: Evasion abilities are banned\n|rule|Species Clause: Limit one of each Pok\u00e9mon\n|rule|Gravity Sleep Clause: The combination of sleep-inducing moves with imperfect accuracy and Gravity or Gigantamax Orbeetle are banned\n|clearpoke\n|poke|p1|Charjabug, M|\n|poke|p1|Chi-Yu|\n|poke|p1|Oricorio-Pom-Pom, F|\n|poke|p1|Lilligant, F|\n|poke|p1|Landorus, M|\n|poke|p1|Ogerpon-Wellspring, F|\n|poke|p2|Stakataka|\n|poke|p2|Swampert, F|\n|poke|p2|Darmanitan, F|\n|poke|p2|Rabsca, M|\n|poke|p2|Hatterene, F|\n|poke|p2|Diancie|\n|teampreview\n|\n|t:|1701206760\n|start\n|switch|p1a: Oricorio|Oricorio-Pom-Pom, F|100\/100\n|switch|p1b: Ogerpon|Ogerpon-Wellspring, F|100\/100\n|switch|p2a: Diancie|Diancie|100\/100\n|switch|p2b: Darmanitan|Darmanitan, F|100\/100\n|turn|1\n|j| 0rTheSpecial0ne\u26a0\ufe0f+\n|\n|t:|1701206780\n|-terastallize|p1a: Oricorio|Ground\n|move|p1b: Ogerpon|Swords Dance|p1b: Ogerpon\n|-boost|p1b: Ogerpon|atk|2\n|-activate|p1a: Oricorio|ability: Dancer\n|move|p1a: Oricorio|Swords Dance|p1a: Oricorio|[from]ability: Dancer\n|-boost|p1a: Oricorio|atk|2\n|move|p1a: Oricorio|Quiver Dance|p1a: Oricorio\n|-boost|p1a: Oricorio|spa|1\n|-boost|p1a: Oricorio|spd|1\n|-boost|p1a: Oricorio|spe|1\n|move|p2b: Darmanitan|Flamethrower|p1b: Ogerpon\n|-damage|p1b: Ogerpon|72\/100\n|move|p2a: Diancie|Trick Room|p2a: Diancie\n|-fieldstart|move: Trick Room|[of] p2a: Diancie\n|\n|upkeep\n|turn|2\n|\n|t:|1701206810\n|move|p2a: Diancie|Stealth Rock|p1b: Ogerpon\n|-sidestart|p1: Malamardo|move: Stealth Rock\n|move|p2b: Darmanitan|Flamethrower|p1b: Ogerpon\n|-damage|p1b: Ogerpon|43\/100\n|-status|p1b: Ogerpon|brn\n|move|p1b: Ogerpon|Ivy Cudgel|p2b: Darmanitan|[anim] Ivy Cudgel Water\n|-supereffective|p2b: Darmanitan\n|-crit|p2b: Darmanitan\n|-enditem|p2b: Darmanitan|Focus Sash\n|-damage|p2b: Darmanitan|1\/100\n|move|p1a: Oricorio|Revelation Dance|p2a: Diancie\n|-supereffective|p2a: Diancie\n|-damage|p2a: Diancie|40\/100\n|\n|-damage|p1b: Ogerpon|37\/100 brn|[from] brn\n|-formechange|p2b: Darmanitan|Darmanitan-Zen|\n|upkeep\n|turn|3\n|c|\u2606Malamardo|modo zen\n|\n|t:|1701206840\n|move|p2b: Darmanitan|Psychic|p1a: Oricorio\n|-damage|p1a: Oricorio|55\/100\n|move|p2a: Diancie|Body Press|p1b: Ogerpon\n|-damage|p1b: Ogerpon|1\/100 brn\n|move|p1b: Ogerpon|Power Whip|p2b: Darmanitan\n|-resisted|p2b: Darmanitan\n|-damage|p2b: Darmanitan|0 fnt\n|faint|p2b: Darmanitan\n|move|p1a: Oricorio|Revelation Dance|p2a: Diancie\n|-supereffective|p2a: Diancie\n|-damage|p2a: Diancie|0 fnt\n|faint|p2a: Diancie\n|\n|-damage|p1b: Ogerpon|0 fnt|[from] brn\n|faint|p1b: Ogerpon\n|upkeep\n|\n|t:|1701206861\n|switch|p2a: Rabsca|Rabsca, M|100\/100\n|switch|p2b: Swampert|Swampert, F|100\/100\n|switch|p1b: Lilligant|Lilligant, F|100\/100\n|-damage|p1b: Lilligant|88\/100|[from] Stealth Rock\n|turn|4\n|\n|t:|1701206874\n|detailschange|p2b: Swampert|Swampert-Mega, F\n|-mega|p2b: Swampert|Swampert|Swampertite\n|move|p2a: Rabsca|Revival Blessing|p2a: Rabsca\n|-enditem|p2a: Rabsca|Leppa Berry|[eat]\n|-activate|p2a: Rabsca|item: Leppa Berry|Revival Blessing|[consumed]\n|\n|t:|1701206879\n|-heal|p2: Darmanitan|50\/100|[from] move: Revival Blessing\n|move|p2b: Swampert|Liquidation|p1a: Oricorio\n|-supereffective|p1a: Oricorio\n|-damage|p1a: Oricorio|0 fnt\n|faint|p1a: Oricorio\n|move|p1b: Lilligant|Petal Dance|p2a: Rabsca\n|-resisted|p2a: Rabsca\n|-damage|p2a: Rabsca|72\/100\n|\n|upkeep\n|\n|t:|1701206890\n|switch|p1a: Charjabug|Charjabug, M|100\/100\n|-damage|p1a: Charjabug|76\/100|[from] Stealth Rock\n|turn|5\n|\n|t:|1701206904\n|move|p1a: Charjabug|Sticky Web|p2b: Swampert\n|-sidestart|p2: asugamingpoke|move: Sticky Web\n|move|p2a: Rabsca|Bug Buzz|p1b: Lilligant\n|-supereffective|p1b: Lilligant\n|-crit|p1b: Lilligant\n|-damage|p1b: Lilligant|0 fnt\n|faint|p1b: Lilligant\n|move|p2b: Swampert|Liquidation|p1a: Charjabug\n|-damage|p1a: Charjabug|37\/100\n|\n|-fieldend|move: Trick Room\n|upkeep\n|\n|t:|1701206917\n|switch|p1b: Landorus|Landorus, M|100\/100\n|-damage|p1b: Landorus|88\/100|[from] Stealth Rock\n|turn|6\n|\n|t:|1701206930\n|move|p1b: Landorus|Tera Blast|p2b: Swampert\n|-damage|p2b: Swampert|68\/100\n|-damage|p1b: Landorus|79\/100|[from] item: Life Orb\n|move|p2b: Swampert|Ice Punch|p1b: Landorus\n|-supereffective|p1b: Landorus\n|-damage|p1b: Landorus|0 fnt\n|faint|p1b: Landorus\n|move|p2a: Rabsca|Revival Blessing|p2a: Rabsca\n|c|\u2606Malamardo|gg\n|\n|t:|1701206937\n|-heal|p2: Diancie|50\/100|[from] move: Revival Blessing\n|move|p1a: Charjabug|Skitter Smack|p2a: Rabsca\n|-supereffective|p2a: Rabsca\n|-damage|p2a: Rabsca|28\/100\n|-unboost|p2a: Rabsca|spa|1\n|\n|upkeep\n|-message|Malamardo forfeited.\n|\n|win|asugamingpoke\n|l|\u2606Malamardo\n|c|\u2606asugamingpoke|gg\n","uploadtime":1701206978,"views":0,"p1id":"malamardo","p2id":"asugamingpoke","formatid":"gen9nationaldexdoubles","rating":0,"private":0,"password":""}