{"id":"gen9nationaldexdoubles-1991920796","p1":"wasbornatayoungagw","p2":"fumbari 24","format":"[Gen 9] National Dex Doubles","log":"|j|\u2606wasbornatayoungagw\n|j|\u2606fumbari 24\n|t:|1700138349\n|gametype|doubles\n|player|p1|wasbornatayoungagw|psychic-gen4|1354\n|player|p2|fumbari 24|hilbert|1309\n|teamsize|p1|6\n|teamsize|p2|6\n|gen|9\n|tier|[Gen 9] National Dex Doubles\n|rated|\n|rule|HP Percentage Mod: HP is shown in percentages\n|rule|Endless Battle Clause: Forcing endless battles is banned\n|rule|OHKO Clause: OHKO moves are banned\n|rule|Evasion Moves Clause: Evasion moves are banned\n|rule|Evasion Abilities Clause: Evasion abilities are banned\n|rule|Species Clause: Limit one of each Pok\u00e9mon\n|rule|Gravity Sleep Clause: The combination of sleep-inducing moves with imperfect accuracy and Gravity or Gigantamax Orbeetle are banned\n|clearpoke\n|poke|p1|Politoed, F|\n|poke|p1|Barraskewda, M|\n|poke|p1|Scizor, M|\n|poke|p1|Clefairy, M|\n|poke|p1|Tornadus, M|\n|poke|p1|Gliscor, M|\n|poke|p2|Celesteela|\n|poke|p2|Indeedee-F, F|\n|poke|p2|Manectric, M|\n|poke|p2|Gardevoir, F|\n|poke|p2|Mamoswine, F|\n|poke|p2|Blastoise, M|\n|teampreview\n|\n|t:|1700138365\n|start\n|switch|p1a: Gliscor|Gliscor, M|100\/100\n|switch|p1b: Tornadus|Tornadus, M|100\/100\n|switch|p2a: Neo|Manectric, M, shiny|100\/100\n|switch|p2b: Harbor|Blastoise, M|100\/100\n|turn|1\n|\n|t:|1700138380\n|detailschange|p2a: Neo|Manectric-Mega, M, shiny\n|-mega|p2a: Neo|Manectric|Manectite\n|-ability|p2a: Neo|Intimidate|boost\n|-unboost|p1a: Gliscor|atk|1\n|-unboost|p1b: Tornadus|atk|1\n|move|p2b: Harbor|Fake Out|p1a: Gliscor\n|-damage|p1a: Gliscor|96\/100\n|move|p1b: Tornadus|Tailwind|p1b: Tornadus\n|-sidestart|p1: wasbornatayoungagw|move: Tailwind\n|cant|p1a: Gliscor|flinch\n|move|p2a: Neo|Volt Switch|p1b: Tornadus\n|-supereffective|p1b: Tornadus\n|-damage|p1b: Tornadus|49\/100\n|\n|t:|1700138395\n|switch|p2a: Ellie|Mamoswine, F|100\/100|[from] Volt Switch\n|\n|-status|p1a: Gliscor|tox|[from] item: Toxic Orb\n|upkeep\n|turn|2\n|inactive|Battle timer is ON: inactive players will automatically lose when time's up. (requested by wasbornatayoungagw)\n|\n|t:|1700138409\n|move|p2a: Ellie|Ice Shard|p1b: Tornadus\n|-supereffective|p1b: Tornadus\n|-damage|p1b: Tornadus|0 fnt\n|faint|p1b: Tornadus\n|move|p1a: Gliscor|Stealth Rock|p2b: Harbor\n|-sidestart|p2: fumbari 24|move: Stealth Rock\n|move|p2b: Harbor|Scald|p1a: Gliscor\n|-supereffective|p1a: Gliscor\n|-damage|p1a: Gliscor|40\/100 tox\n|\n|-heal|p1a: Gliscor|53\/100 tox|[from] ability: Poison Heal\n|upkeep\n|\n|t:|1700138416\n|switch|p1b: Scizor|Scizor, M|100\/100\n|turn|3\n|\n|t:|1700138445\n|detailschange|p1b: Scizor|Scizor-Mega, M\n|-mega|p1b: Scizor|Scizor|Scizorite\n|move|p1a: Gliscor|Protect|p1a: Gliscor\n|-singleturn|p1a: Gliscor|Protect\n|move|p1b: Scizor|Bullet Punch|p2a: Ellie\n|-supereffective|p2a: Ellie\n|-damage|p2a: Ellie|26\/100\n|move|p2a: Ellie|Ice Shard|p1a: Gliscor\n|-activate|p1a: Gliscor|move: Protect\n|move|p2b: Harbor|Scald|p1b: Scizor\n|-damage|p1b: Scizor|75\/100\n|\n|-heal|p1a: Gliscor|65\/100 tox|[from] ability: Poison Heal\n|upkeep\n|turn|4\n|\n|t:|1700138467\n|move|p2b: Harbor|Follow Me|p2b: Harbor\n|-singleturn|p2b: Harbor|move: Follow Me\n|move|p2a: Ellie|Ice Shard|p1a: Gliscor\n|-supereffective|p1a: Gliscor\n|-damage|p1a: Gliscor|6\/100 tox\n|move|p1a: Gliscor|Spikes|p2b: Harbor\n|-sidestart|p2: fumbari 24|Spikes\n|move|p1b: Scizor|Swords Dance|p1b: Scizor\n|-boost|p1b: Scizor|atk|2\n|\n|-heal|p1a: Gliscor|19\/100 tox|[from] ability: Poison Heal\n|-sideend|p1: wasbornatayoungagw|move: Tailwind\n|upkeep\n|turn|5\n|\n|t:|1700138481\n|move|p1a: Gliscor|Protect|p1a: Gliscor\n|-singleturn|p1a: Gliscor|Protect\n|move|p2b: Harbor|Follow Me|p2b: Harbor\n|-singleturn|p2b: Harbor|move: Follow Me\n|move|p1b: Scizor|Bullet Punch|p2b: Harbor\n|-resisted|p2b: Harbor\n|-damage|p2b: Harbor|70\/100\n|move|p2a: Ellie|Icy Wind|p1a: Gliscor|[spread] p1b\n|-activate|p1a: Gliscor|move: Protect\n|-resisted|p1b: Scizor\n|-damage|p1b: Scizor|70\/100\n|-unboost|p1b: Scizor|spe|1\n|\n|-heal|p2b: Harbor|76\/100|[from] item: Leftovers\n|-heal|p1a: Gliscor|31\/100 tox|[from] ability: Poison Heal\n|upkeep\n|turn|6\n|inactive|wasbornatayoungagw has 120 seconds left.\n|\n|t:|1700138513\n|switch|p1a: Clefairy|Clefairy, M|100\/100\n|move|p2b: Harbor|Follow Me|p2b: Harbor\n|-singleturn|p2b: Harbor|move: Follow Me\n|move|p2a: Ellie|Icy Wind|p1b: Scizor|[spread] p1a,p1b\n|-resisted|p1b: Scizor\n|-damage|p1a: Clefairy|94\/100\n|-damage|p1b: Scizor|67\/100\n|-unboost|p1a: Clefairy|spe|1\n|-unboost|p1b: Scizor|spe|1\n|move|p1b: Scizor|Lunge|p2b: Harbor\n|-damage|p2b: Harbor|7\/100\n|-unboost|p2b: Harbor|atk|1\n|\n|-heal|p2b: Harbor|13\/100|[from] item: Leftovers\n|upkeep\n|turn|7\n|inactive|wasbornatayoungagw has 120 seconds left.\n|\n|t:|1700138550\n|move|p1a: Clefairy|Protect|p1a: Clefairy\n|-singleturn|p1a: Clefairy|Protect\n|move|p1b: Scizor|Bullet Punch|p2a: Ellie\n|-supereffective|p2a: Ellie\n|-crit|p2a: Ellie\n|-damage|p2a: Ellie|0 fnt\n|faint|p2a: Ellie\n|move|p2b: Harbor|Scald|p1b: Scizor\n|-damage|p1b: Scizor|38\/100\n|-status|p1b: Scizor|brn\n|\n|-heal|p2b: Harbor|19\/100|[from] item: Leftovers\n|-damage|p1b: Scizor|32\/100 brn|[from] brn\n|upkeep\n|\n|t:|1700138559\n|switch|p2a: Neo|Manectric-Mega, M, shiny|100\/100\n|-damage|p2a: Neo|88\/100|[from] Stealth Rock\n|-damage|p2a: Neo|76\/100|[from] Spikes\n|-ability|p2a: Neo|Intimidate|boost\n|-unboost|p1a: Clefairy|atk|1\n|-unboost|p1b: Scizor|atk|1\n|turn|8\n|\n|t:|1700138572\n|move|p1b: Scizor|Bullet Punch|p2a: Neo\n|-resisted|p2a: Neo\n|-damage|p2a: Neo|58\/100\n|move|p2a: Neo|Volt Switch|p1a: Clefairy\n|-damage|p1a: Clefairy|73\/100\n|\n|t:|1700138586\n|switch|p2a: Belle|Gardevoir, F, shiny|100\/100|[from] Volt Switch\n|-damage|p2a: Belle|88\/100|[from] Stealth Rock\n|-damage|p2a: Belle|75\/100|[from] Spikes\n|move|p2b: Harbor|Scald|p1a: Clefairy\n|-damage|p1a: Clefairy|50\/100\n|move|p1a: Clefairy|Heal Bell|p1a: Clefairy\n|-activate|p1a: Clefairy|move: Heal Bell\n|-curestatus|p1b: Scizor|brn|[msg]\n|-curestatus|p1: Gliscor|tox|[msg]\n|\n|-heal|p2b: Harbor|25\/100|[from] item: Leftovers\n|upkeep\n|turn|9\n|\n|t:|1700138600\n|switch|p2b: Indeedee|Indeedee-F, F|100\/100\n|-damage|p2b: Indeedee|88\/100|[from] Stealth Rock\n|-damage|p2b: Indeedee|76\/100|[from] Spikes\n|-fieldstart|move: Psychic Terrain|[from] ability: Psychic Surge|[of] p2b: Indeedee\n|move|p1a: Clefairy|Follow Me|p1a: Clefairy\n|-singleturn|p1a: Clefairy|move: Follow Me\n|move|p1b: Scizor|Bullet Punch|p2a: Belle\n|-activate|p2a: Belle|move: Psychic Terrain\n|-zpower|p2a: Belle\n|move|p2a: Belle|Shattered Psyche|p1a: Clefairy|[zeffect]\n|-damage|p1a: Clefairy|0 fnt\n|faint|p1a: Clefairy\n|\n|upkeep\n|\n|t:|1700138611\n|switch|p1a: Politoed|Politoed, F|100\/100\n|-weather|RainDance|[from] ability: Drizzle|[of] p1a: Politoed\n|turn|10\n|\n|t:|1700138629\n|move|p2a: Belle|Expanding Force|p1b: Scizor|[spread] p1a,p1b\n|-resisted|p1b: Scizor\n|-damage|p1a: Politoed|48\/100\n|-damage|p1b: Scizor|3\/100\n|move|p2b: Indeedee|Expanding Force|p1a: Politoed|[spread] p1a,p1b\n|-resisted|p1b: Scizor\n|-damage|p1a: Politoed|14\/100\n|-damage|p1b: Scizor|0 fnt\n|faint|p1b: Scizor\n|move|p1a: Politoed|Scald|p2a: Belle\n|-crit|p2a: Belle\n|-damage|p2a: Belle|25\/100\n|\n|-weather|RainDance|[upkeep]\n|-heal|p1a: Politoed|21\/100|[from] item: Leftovers\n|upkeep\n|\n|t:|1700138639\n|switch|p1b: Barraskewda|Barraskewda, M|100\/100\n|turn|11\n|\n|t:|1700138653\n|move|p2b: Indeedee|Follow Me|p2b: Indeedee\n|-singleturn|p2b: Indeedee|move: Follow Me\n|move|p1b: Barraskewda|Throat Chop|p2b: Indeedee\n|-supereffective|p2b: Indeedee\n|-damage|p2b: Indeedee|3\/100\n|-start|p2b: Indeedee|Throat Chop|[silent]\n|-damage|p1b: Barraskewda|91\/100|[from] item: Life Orb\n|move|p2a: Belle|Expanding Force|p1b: Barraskewda|[spread] p1a,p1b\n|-damage|p1a: Politoed|0 fnt\n|-damage|p1b: Barraskewda|0 fnt\n|faint|p1a: Politoed\n|faint|p1b: Barraskewda\n|\n|-weather|RainDance|[upkeep]\n|upkeep\n|\n|t:|1700138661\n|switch|p1a: Gliscor|Gliscor, M|31\/100\n|turn|12\n|\n|t:|1700138668\n|move|p1a: Gliscor|Protect|p1a: Gliscor\n|-singleturn|p1a: Gliscor|Protect\n|move|p2b: Indeedee|Follow Me|p2b: Indeedee\n|-singleturn|p2b: Indeedee|move: Follow Me\n|move|p2a: Belle|Expanding Force|p1a: Gliscor\n|-activate|p1a: Gliscor|move: Protect\n|\n|-weather|RainDance|[upkeep]\n|-end|p2b: Indeedee|Throat Chop|[silent]\n|-status|p1a: Gliscor|tox|[from] item: Toxic Orb\n|upkeep\n|turn|13\n|\n|t:|1700138675\n|move|p2b: Indeedee|Follow Me|p2b: Indeedee\n|-singleturn|p2b: Indeedee|move: Follow Me\n|move|p1a: Gliscor|Toxic|p2b: Indeedee\n|-status|p2b: Indeedee|tox\n|move|p2a: Belle|Expanding Force|p1a: Gliscor\n|-damage|p1a: Gliscor|0 fnt\n|faint|p1a: Gliscor\n|\n|win|fumbari 24\n|raw|wasbornatayoungagw's rating: 1354 &rarr; <strong>1331<\/strong><br \/>(-23 for losing)\n|raw|fumbari 24's rating: 1309 &rarr; <strong>1332<\/strong><br \/>(+23 for winning)\n|l|\u2606wasbornatayoungagw\n","uploadtime":1700138684,"views":11,"p1id":"wasbornatayoungagw","p2id":"fumbari24","formatid":"gen9nationaldexdoubles","rating":1331,"private":0,"password":""}