{"id":"gen9nationaldexdoubles-1979454824","p1":"Amarutheone","p2":"RealestPerson","format":"[Gen 9] National Dex Doubles","log":"|j|\u2606Amarutheone\n|j|\u2606RealestPerson\n|t:|1698683997\n|gametype|doubles\n|player|p1|Amarutheone|hilbert|1027\n|player|p2|RealestPerson|265|1093\n|teamsize|p1|6\n|teamsize|p2|6\n|gen|9\n|tier|[Gen 9] National Dex Doubles\n|rated|\n|rule|HP Percentage Mod: HP is shown in percentages\n|rule|Endless Battle Clause: Forcing endless battles is banned\n|rule|OHKO Clause: OHKO moves are banned\n|rule|Evasion Moves Clause: Evasion moves are banned\n|rule|Evasion Abilities Clause: Evasion abilities are banned\n|rule|Species Clause: Limit one of each Pok\u00e9mon\n|rule|Gravity Sleep Clause: The combination of sleep-inducing moves with imperfect accuracy and Gravity or Gigantamax Orbeetle are banned\n|clearpoke\n|poke|p1|Sceptile, M|\n|poke|p1|Meowstic, M|\n|poke|p1|Seismitoad, M|\n|poke|p1|Lucario, M|\n|poke|p1|Decidueye, M|\n|poke|p1|Tapu Koko|\n|poke|p2|Keldeo-Resolute|\n|poke|p2|Roaring Moon|\n|poke|p2|Palafin, F|\n|poke|p2|Ditto|\n|poke|p2|Shaymin-Sky|\n|poke|p2|Snorlax, F|\n|teampreview\n|\n|t:|1698684010\n|start\n|switch|p1a: Leonidas|Seismitoad, M|100\/100\n|switch|p1b: Jake|Meowstic, M|100\/100\n|switch|p2a: Shaymin|Shaymin-Sky, shiny|100\/100\n|switch|p2b: Keldeo|Keldeo-Resolute|100\/100\n|turn|1\n|\n|t:|1698684054\n|move|p1b: Jake|Reflect|p1b: Jake\n|-sidestart|p1: Amarutheone|Reflect\n|move|p2a: Shaymin|Tailwind|p2a: Shaymin\n|-sidestart|p2: RealestPerson|move: Tailwind\n|move|p2b: Keldeo|Icy Wind|p1a: Leonidas|[spread] p1a,p1b\n|-damage|p1a: Leonidas|80\/100\n|-damage|p1b: Jake|75\/100\n|-unboost|p1a: Leonidas|spe|1\n|-unboost|p1b: Jake|spe|1\n|move|p1a: Leonidas|Knock Off|p2a: Shaymin\n|-damage|p2a: Shaymin|71\/100\n|-enditem|p2a: Shaymin|Focus Sash|[from] move: Knock Off|[of] p1a: Leonidas\n|\n|-heal|p1a: Leonidas|87\/100|[from] item: Leftovers\n|upkeep\n|turn|2\n|\n|t:|1698684107\n|move|p1b: Jake|Thunder Wave|p2a: Shaymin\n|-status|p2a: Shaymin|par\n|move|p2b: Keldeo|Icy Wind|p1a: Leonidas|[spread] p1a,p1b\n|-damage|p1a: Leonidas|66\/100\n|-damage|p1b: Jake|51\/100\n|-unboost|p1a: Leonidas|spe|1\n|-unboost|p1b: Jake|spe|1\n|move|p2a: Shaymin|Seed Flare|p1a: Leonidas\n|-supereffective|p1a: Leonidas\n|-damage|p1a: Leonidas|0 fnt\n|faint|p1a: Leonidas\n|\n|upkeep\n|\n|t:|1698684120\n|switch|p1a: Decidueye|Decidueye, M|100\/100\n|turn|3\n|\n|t:|1698684143\n|move|p1b: Jake|Light Screen|p1b: Jake\n|-sidestart|p1: Amarutheone|move: Light Screen\n|move|p2b: Keldeo|Icy Wind|p1b: Jake|[spread] p1a,p1b\n|-supereffective|p1a: Decidueye\n|-damage|p1a: Decidueye|72\/100\n|-damage|p1b: Jake|36\/100\n|-unboost|p1a: Decidueye|spe|1\n|-unboost|p1b: Jake|spe|1\n|-enditem|p1a: Decidueye|Weakness Policy\n|-boost|p1a: Decidueye|atk|2|[from] item: Weakness Policy\n|-boost|p1a: Decidueye|spa|2|[from] item: Weakness Policy\n|cant|p2a: Shaymin|par\n|move|p1a: Decidueye|Poltergeist|p2b: Keldeo\n|-activate|p2b: Keldeo|move: Poltergeist|Choice Specs\n|-damage|p2b: Keldeo|0 fnt\n|faint|p2b: Keldeo\n|\n|upkeep\n|\n|t:|1698684169\n|switch|p2b: Ditto|Ditto, shiny|100\/100\n|-transform|p2b: Ditto|p1a: Decidueye|[from] ability: Imposter\n|turn|4\n|\n|t:|1698684247\n|-terastallize|p1a: Decidueye|Ghost\n|move|p1a: Decidueye|Shadow Sneak|p2b: Ditto\n|-supereffective|p2b: Ditto\n|-damage|p2b: Ditto|0 fnt\n|faint|p2b: Ditto\n|move|p1b: Jake|Thunder Wave|p2a: Shaymin|[miss]\n|-miss|p1b: Jake|p2a: Shaymin\n|cant|p2a: Shaymin|par\n|\n|-sideend|p2: RealestPerson|move: Tailwind\n|upkeep\n|\n|t:|1698684286\n|switch|p2b: Roaring Moon|Roaring Moon, shiny|100\/100\n|-enditem|p2b: Roaring Moon|Booster Energy\n|-activate|p2b: Roaring Moon|ability: Protosynthesis|[fromitem]\n|-start|p2b: Roaring Moon|protosynthesisatk\n|turn|5\n|\n|t:|1698684305\n|move|p1b: Jake|Thunder Wave|p2b: Roaring Moon\n|-hint|Since gen 7, Dark is immune to Prankster moves.\n|-immune|p2b: Roaring Moon\n|move|p2b: Roaring Moon|Dragon Dance|p2b: Roaring Moon\n|-boost|p2b: Roaring Moon|atk|1\n|-boost|p2b: Roaring Moon|spe|1\n|cant|p2a: Shaymin|par\n|move|p1a: Decidueye|Poltergeist||[still]\n|-fail|p1a: Decidueye\n|\n|upkeep\n|turn|6\n|\n|t:|1698684333\n|move|p1a: Decidueye|Shadow Sneak|p2b: Roaring Moon\n|-resisted|p2b: Roaring Moon\n|-damage|p2b: Roaring Moon|67\/100\n|move|p2b: Roaring Moon|Acrobatics|p1a: Decidueye\n|-damage|p1a: Decidueye|6\/100\n|cant|p2a: Shaymin|par\n|move|p1b: Jake|Psychic|p2a: Shaymin\n|-damage|p2a: Shaymin|35\/100 par\n|\n|upkeep\n|turn|7\n|\n|t:|1698684352\n|move|p1a: Decidueye|Shadow Sneak|p2b: Roaring Moon\n|-resisted|p2b: Roaring Moon\n|-damage|p2b: Roaring Moon|33\/100\n|move|p2b: Roaring Moon|Acrobatics|p1b: Jake\n|-crit|p1b: Jake\n|-damage|p1b: Jake|0 fnt\n|faint|p1b: Jake\n|move|p2a: Shaymin|Air Slash|p1a: Decidueye|[miss]\n|-miss|p2a: Shaymin|p1a: Decidueye\n|\n|upkeep\n|\n|t:|1698684369\n|switch|p1b: Phantom|Sceptile, M|100\/100\n|turn|8\n|\n|t:|1698684393\n|-end|p2b: Roaring Moon|Protosynthesis|[silent]\n|switch|p2b: Snorlax|Snorlax, F, shiny|100\/100\n|detailschange|p1b: Phantom|Sceptile-Mega, M\n|-mega|p1b: Phantom|Sceptile|Sceptilite\n|move|p1a: Decidueye|Shadow Sneak|p2a: Shaymin\n|-damage|p2a: Shaymin|0 fnt\n|faint|p2a: Shaymin\n|move|p1b: Phantom|Dragon Pulse|p2b: Snorlax\n|-damage|p2b: Snorlax|70\/100\n|\n|-sideend|p1: Amarutheone|Reflect\n|upkeep\n|\n|t:|1698684407\n|switch|p2a: Palafin|Palafin, F, shiny|100\/100\n|turn|9\n|inactive|Battle timer is ON: inactive players will automatically lose when time's up. (requested by RealestPerson)\n|inactive|Amarutheone has 120 seconds left.\n|\n|t:|1698684478\n|move|p1a: Decidueye|Shadow Sneak|p2a: Palafin\n|-damage|p2a: Palafin|34\/100\n|move|p1b: Phantom|Energy Ball|p2a: Palafin\n|-supereffective|p2a: Palafin\n|-damage|p2a: Palafin|0 fnt\n|faint|p2a: Palafin\n|-zpower|p2b: Snorlax\n|move|p2b: Snorlax|Pulverizing Pancake|p1b: Phantom|[zeffect]\n|-damage|p1b: Phantom|0 fnt\n|faint|p1b: Phantom\n|\n|upkeep\n|\n|t:|1698684496\n|switch|p1b: Satoshi|Lucario, M|100\/100\n|switch|p2a: Roaring Moon|Roaring Moon, shiny|33\/100\n|turn|10\n|\n|t:|1698684521\n|move|p1a: Decidueye|Shadow Sneak|p2a: Roaring Moon\n|-resisted|p2a: Roaring Moon\n|-damage|p2a: Roaring Moon|0 fnt\n|faint|p2a: Roaring Moon\n|-end|p2a: Roaring Moon|Protosynthesis|[silent]\n|move|p1b: Satoshi|Close Combat|p2b: Snorlax\n|-supereffective|p2b: Snorlax\n|-damage|p2b: Snorlax|0 fnt\n|-unboost|p1b: Satoshi|def|1\n|-unboost|p1b: Satoshi|spd|1\n|faint|p2b: Snorlax\n|-damage|p1b: Satoshi|91\/100|[from] item: Life Orb\n|\n|win|Amarutheone\n|raw|Amarutheone's rating: 1027 &rarr; <strong>1070<\/strong><br \/>(+43 for winning)\n|raw|RealestPerson's rating: 1093 &rarr; <strong>1065<\/strong><br \/>(-28 for losing)\n","uploadtime":1698684533,"views":13,"p1id":"amarutheone","p2id":"realestperson","formatid":"gen9nationaldexdoubles","rating":1065,"private":0,"password":""}