{"id":"gen9nationaldexdoubles-1989293358","p1":"omegashenronone","p2":"AdvilPills","format":"[Gen 9] National Dex Doubles","log":"|j|\u2606omegashenronone\n|j|\u2606AdvilPills\n|t:|1699832834\n|gametype|doubles\n|player|p1|omegashenronone|hugh|\n|player|p2|AdvilPills|102|\n|teamsize|p1|6\n|teamsize|p2|6\n|gen|9\n|tier|[Gen 9] National Dex Doubles\n|rule|HP Percentage Mod: HP is shown in percentages\n|rule|Endless Battle Clause: Forcing endless battles is banned\n|rule|OHKO Clause: OHKO moves are banned\n|rule|Evasion Moves Clause: Evasion moves are banned\n|rule|Evasion Abilities Clause: Evasion abilities are banned\n|rule|Species Clause: Limit one of each Pok\u00e9mon\n|rule|Gravity Sleep Clause: The combination of sleep-inducing moves with imperfect accuracy and Gravity or Gigantamax Orbeetle are banned\n|clearpoke\n|poke|p1|Urshifu-*, F|\n|poke|p1|Greninja-*, M|\n|poke|p1|Pelipper, M|\n|poke|p1|Swampert, M|\n|poke|p1|Kingdra, M|\n|poke|p1|Rotom-Wash|\n|poke|p2|Murkrow, F|\n|poke|p2|Heatran, M|\n|poke|p2|Goodra-Hisui, F|\n|poke|p2|Landorus-Therian, M|\n|poke|p2|Clefable, F|\n|poke|p2|Rillaboom, F|\n|teampreview\n|inactive|Battle timer is ON: inactive players will automatically lose when time's up. (requested by omegashenronone)\n|\n|t:|1699832842\n|start\n|switch|p1a: Happy|Pelipper, M|100\/100\n|switch|p1b: Master Shi-Fu!|Urshifu-Rapid-Strike, F|100\/100\n|switch|p2a: Clefable|Clefable, F|100\/100\n|switch|p2b: Rillaboom|Rillaboom, F|100\/100\n|-fieldstart|move: Grassy Terrain|[from] ability: Grassy Surge|[of] p2b: Rillaboom\n|-enditem|p2b: Rillaboom|Grassy Seed\n|-boost|p2b: Rillaboom|def|1|[from] item: Grassy Seed\n|-weather|RainDance|[from] ability: Drizzle|[of] p1a: Happy\n|turn|1\n|\n|t:|1699832860\n|switch|p1b: Former rotom phone|Rotom-Wash, shiny|100\/100\n|move|p2a: Clefable|Follow Me|p2a: Clefable\n|-singleturn|p2a: Clefable|move: Follow Me\n|move|p2b: Rillaboom|Wood Hammer|p1b: Former rotom phone\n|-supereffective|p1b: Former rotom phone\n|-damage|p1b: Former rotom phone|0 fnt\n|faint|p1b: Former rotom phone\n|-damage|p2b: Rillaboom|77\/100|[from] Recoil\n|move|p1a: Happy|Hurricane|p2a: Clefable\n|-damage|p2a: Clefable|63\/100\n|-start|p2a: Clefable|confusion\n|\n|-weather|RainDance|[upkeep]\n|-heal|p2b: Rillaboom|83\/100|[from] Grassy Terrain\n|-heal|p2a: Clefable|69\/100|[from] Grassy Terrain\n|-heal|p2a: Clefable|75\/100|[from] item: Leftovers\n|upkeep\n|\n|t:|1699832875\n|switch|p1b: Hur-Hur-Hur|Kingdra, M|100\/100\n|turn|2\n|\n|t:|1699832892\n|-activate|p2a: Clefable|confusion\n|move|p2a: Clefable|Follow Me|p2a: Clefable\n|-singleturn|p2a: Clefable|move: Follow Me\n|move|p1b: Hur-Hur-Hur|Hurricane|p2a: Clefable\n|-damage|p2a: Clefable|31\/100\n|move|p2b: Rillaboom|U-turn|p1b: Hur-Hur-Hur\n|-damage|p1b: Hur-Hur-Hur|71\/100\n|\n|t:|1699832898\n|switch|p2b: Goodra|Goodra-Hisui, F|100\/100|[from] U-turn\n|move|p1a: Happy|Tailwind|p1a: Happy\n|-sidestart|p1: omegashenronone|move: Tailwind\n|\n|-weather|RainDance|[upkeep]\n|-heal|p1b: Hur-Hur-Hur|77\/100|[from] Grassy Terrain\n|-heal|p2a: Clefable|38\/100|[from] Grassy Terrain\n|-heal|p2a: Clefable|44\/100|[from] item: Leftovers\n|upkeep\n|turn|3\n|c|\u2606AdvilPills|can you turn off timer rq\n|\n|t:|1699832909\n|move|p1b: Hur-Hur-Hur|Hurricane|p2a: Clefable\n|-damage|p2a: Clefable|0 fnt\n|faint|p2a: Clefable\n|move|p1a: Happy|Hurricane|p2b: Goodra\n|-resisted|p2b: Goodra\n|-damage|p2b: Goodra|88\/100\n|-start|p2b: Goodra|confusion\n|-activate|p2b: Goodra|confusion\n|move|p2b: Goodra|Draco Meteor|p1a: Happy\n|-damage|p1a: Happy|17\/100\n|-unboost|p2b: Goodra|spa|2\n|\n|-weather|RainDance|[upkeep]\n|-heal|p1b: Hur-Hur-Hur|83\/100|[from] Grassy Terrain\n|-heal|p2b: Goodra|94\/100|[from] Grassy Terrain\n|-heal|p2b: Goodra|99\/100|[from] item: Leftovers\n|upkeep\n|inactiveoff|Battle timer is now OFF.\n|c|\u2606omegashenronone|?\n|\n|t:|1699832984\n|switch|p2a: Rillaboom|Rillaboom, F|83\/100\n|turn|4\n|\n|t:|1699833005\n|switch|p1a: Master Shi-Fu!|Urshifu-Rapid-Strike, F|100\/100\n|move|p2a: Rillaboom|Fake Out|p1a: Master Shi-Fu!\n|-damage|p1a: Master Shi-Fu!|86\/100\n|move|p1b: Hur-Hur-Hur|Hurricane|p2a: Rillaboom\n|-supereffective|p2a: Rillaboom\n|-damage|p2a: Rillaboom|0 fnt\n|faint|p2a: Rillaboom\n|-end|p2b: Goodra|confusion\n|move|p2b: Goodra|Draco Meteor|p1b: Hur-Hur-Hur\n|-supereffective|p1b: Hur-Hur-Hur\n|-damage|p1b: Hur-Hur-Hur|8\/100\n|-unboost|p2b: Goodra|spa|2\n|\n|-weather|RainDance|[upkeep]\n|-heal|p1b: Hur-Hur-Hur|15\/100|[from] Grassy Terrain\n|-heal|p1a: Master Shi-Fu!|92\/100|[from] Grassy Terrain\n|-heal|p2b: Goodra|100\/100|[from] Grassy Terrain\n|upkeep\n|\n|t:|1699833012\n|switch|p2a: Landorus|Landorus-Therian, M|100\/100\n|-ability|p2a: Landorus|Intimidate|boost\n|-unboost|p1a: Master Shi-Fu!|atk|1\n|-unboost|p1b: Hur-Hur-Hur|atk|1\n|turn|5\n|c|\u2606omegashenronone|Yes!\n|\n|t:|1699833027\n|-terastallize|p2a: Landorus|Flying\n|move|p1b: Hur-Hur-Hur|Hurricane|p2a: Landorus\n|-damage|p2a: Landorus|27\/100\n|move|p1a: Master Shi-Fu!|Surging Strikes|p2a: Landorus\n|-crit|p2a: Landorus\n|-damage|p2a: Landorus|0 fnt\n|faint|p2a: Landorus\n|-hitcount|p2: Landorus|1\n|-damage|p1a: Master Shi-Fu!|82\/100|[from] item: Life Orb\n|move|p2b: Goodra|Flash Cannon|p1b: Hur-Hur-Hur\n|-resisted|p1b: Hur-Hur-Hur\n|-damage|p1b: Hur-Hur-Hur|7\/100\n|\n|-weather|RainDance|[upkeep]\n|-heal|p1b: Hur-Hur-Hur|13\/100|[from] Grassy Terrain\n|-heal|p1a: Master Shi-Fu!|88\/100|[from] Grassy Terrain\n|-sideend|p1: omegashenronone|move: Tailwind\n|-fieldend|move: Grassy Terrain\n|upkeep\n|\n|t:|1699833035\n|switch|p2a: Murkrow|Murkrow, F|100\/100\n|turn|6\n|\n|t:|1699833044\n|move|p2a: Murkrow|Tailwind|p2a: Murkrow\n|-sidestart|p2: AdvilPills|move: Tailwind\n|move|p1b: Hur-Hur-Hur|Hurricane|p2a: Murkrow\n|-damage|p2a: Murkrow|57\/100\n|move|p1a: Master Shi-Fu!|Surging Strikes|p2a: Murkrow\n|-crit|p2a: Murkrow\n|-damage|p2a: Murkrow|6\/100\n|-crit|p2a: Murkrow\n|-damage|p2a: Murkrow|0 fnt\n|faint|p2a: Murkrow\n|-hitcount|p2: Murkrow|2\n|-damage|p1a: Master Shi-Fu!|78\/100|[from] item: Life Orb\n|move|p2b: Goodra|Draco Meteor|p1b: Hur-Hur-Hur\n|-supereffective|p1b: Hur-Hur-Hur\n|-crit|p1b: Hur-Hur-Hur\n|-damage|p1b: Hur-Hur-Hur|0 fnt\n|-unboost|p2b: Goodra|spa|2\n|faint|p1b: Hur-Hur-Hur\n|\n|-weather|RainDance|[upkeep]\n|upkeep\n|\n|t:|1699833050\n|switch|p1b: Happy|Pelipper, M|17\/100\n|switch|p2a: Heatran|Heatran, M|100\/100\n|turn|7\n|\n|t:|1699833063\n|move|p2a: Heatran|Lava Plume|p1b: Happy|[spread] p2b,p1a,p1b\n|-resisted|p1a: Master Shi-Fu!\n|-resisted|p1b: Happy\n|-damage|p2b: Goodra|93\/100\n|-damage|p1a: Master Shi-Fu!|69\/100\n|-damage|p1b: Happy|8\/100\n|move|p1a: Master Shi-Fu!|Surging Strikes|p2a: Heatran\n|-supereffective|p2a: Heatran\n|-crit|p2a: Heatran\n|-damage|p2a: Heatran|39\/100\n|-damage|p1a: Master Shi-Fu!|53\/100|[from] item: Rocky Helmet|[of] p2a: Heatran\n|-supereffective|p2a: Heatran\n|-crit|p2a: Heatran\n|-damage|p2a: Heatran|0 fnt\n|-damage|p1a: Master Shi-Fu!|36\/100|[from] item: Rocky Helmet|[of] p2a: Heatran\n|faint|p2a: Heatran\n|-hitcount|p2: Heatran|2\n|-damage|p1a: Master Shi-Fu!|26\/100|[from] item: Life Orb\n|move|p2b: Goodra|Draco Meteor|p1a: Master Shi-Fu!\n|-damage|p1a: Master Shi-Fu!|1\/100\n|move|p1b: Happy|Tailwind|p1b: Happy\n|-sidestart|p1: omegashenronone|move: Tailwind\n|\n|-weather|RainDance|[upkeep]\n|-heal|p2b: Goodra|99\/100|[from] item: Leftovers\n|upkeep\n|turn|8\n|c|\u2606omegashenronone|Hes at 3hp\n|\n|t:|1699833101\n|move|p1a: Master Shi-Fu!|Surging Strikes|p2b: Goodra\n|-resisted|p2b: Goodra\n|-damage|p2b: Goodra|90\/100\n|-resisted|p2b: Goodra\n|-damage|p2b: Goodra|82\/100\n|-resisted|p2b: Goodra\n|-damage|p2b: Goodra|74\/100\n|-hitcount|p2b: Goodra|3\n|-damage|p1a: Master Shi-Fu!|0 fnt|[from] item: Life Orb\n|faint|p1a: Master Shi-Fu!\n|move|p1b: Happy|U-turn|p2b: Goodra\n|-resisted|p2b: Goodra\n|-damage|p2b: Goodra|70\/100\n|\n|t:|1699833111\n|switch|p1b: Gym bro|Swampert, M|100\/100|[from] U-turn\n|move|p2b: Goodra|Acid Spray|p1b: Gym bro\n|-resisted|p1b: Gym bro\n|-damage|p1b: Gym bro|99\/100\n|-unboost|p1b: Gym bro|spd|2\n|\n|-weather|none\n|-heal|p2b: Goodra|76\/100|[from] item: Leftovers\n|upkeep\n|\n|t:|1699833120\n|switch|p1a: Happy|Pelipper, M|8\/100\n|-weather|RainDance|[from] ability: Drizzle|[of] p1a: Happy\n|turn|9\n|\n|t:|1699833129\n|detailschange|p1b: Gym bro|Swampert-Mega, M\n|-mega|p1b: Gym bro|Swampert|Swampertite\n|move|p1b: Gym bro|Earthquake|p2b: Goodra|[spread] p2b\n|-immune|p1a: Happy\n|-supereffective|p2b: Goodra\n|-damage|p2b: Goodra|0 fnt\n|faint|p2b: Goodra\n|\n|win|omegashenronone\n|c|\u2606AdvilPills|gg\n|c|\u2606omegashenronone|Good game man\n|l|\u2606AdvilPills\n","uploadtime":1699833144,"views":23,"p1id":"omegashenronone","p2id":"advilpills","formatid":"gen9nationaldexdoubles","rating":0,"private":0,"password":""}