{"id":"gen9nationaldexdoubles-1993378061","p1":"Sakura the blossom","p2":"Atsushirouka","format":"[Gen 9] National Dex Doubles","log":"|j|\u2606Sakura the blossom\n|j|\u2606Atsushirouka\n|t:|1700308929\n|gametype|doubles\n|player|p1|Sakura the blossom|caitlin|\n|player|p2|Atsushirouka|volo|\n|teamsize|p1|6\n|teamsize|p2|6\n|gen|9\n|tier|[Gen 9] National Dex Doubles\n|rule|HP Percentage Mod: HP is shown in percentages\n|rule|Endless Battle Clause: Forcing endless battles is banned\n|rule|OHKO Clause: OHKO moves are banned\n|rule|Evasion Moves Clause: Evasion moves are banned\n|rule|Evasion Abilities Clause: Evasion abilities are banned\n|rule|Species Clause: Limit one of each Pok\u00e9mon\n|rule|Gravity Sleep Clause: The combination of sleep-inducing moves with imperfect accuracy and Gravity or Gigantamax Orbeetle are banned\n|clearpoke\n|poke|p1|Hatterene, F|\n|poke|p1|Indeedee-F, F|\n|poke|p1|Reuniclus, F|\n|poke|p1|Musharna, F|\n|poke|p1|Mawile, F|\n|poke|p1|Pangoro, M|\n|poke|p2|Kommo-o, M|\n|poke|p2|Sylveon, M|\n|poke|p2|Maushold|\n|poke|p2|Murkrow, F|\n|poke|p2|Gallade, M|\n|poke|p2|Azelf|\n|teampreview\n|inactive|Battle timer is ON: inactive players will automatically lose when time's up. (requested by Atsushirouka)\n|c|\u2606Atsushirouka|Trick room, unique, I like it!\n|c|\u2606Sakura the blossom|Azelf is a legendary btw\n|inactive|Sakura the blossom also wants the timer to be on.\n|inactive|Sakura the blossom has 270 seconds left.\n|inactive|Atsushirouka has 270 seconds left.\n|c|\u2606Atsushirouka|ah, would you like me to change it rq\n|inactive|Sakura the blossom has 240 seconds left.\n|inactive|Atsushirouka has 240 seconds left.\n|c|\u2606Atsushirouka|I forgot the lake guardians were considered legends lmfao\n|c|\u2606Sakura the blossom|Nah fuck it. I feel cocky\n|c|\u2606Atsushirouka|bet then, good luck!\n|\n|t:|1700309005\n|start\n|switch|p1a: Hatterene|Hatterene, F, shiny|100\/100\n|switch|p1b: Mawile|Mawile, F|100\/100\n|switch|p2a: Maushold|Maushold|100\/100\n|switch|p2b: Gallade|Gallade, M|100\/100\n|-ability|p1b: Mawile|Intimidate|boost\n|-unboost|p2a: Maushold|atk|1\n|-unboost|p2b: Gallade|atk|1\n|turn|1\n|c|\u2606Sakura the blossom|Gl hf\n|c|\u2606Atsushirouka|you too\n|\n|t:|1700309035\n|detailschange|p1b: Mawile|Mawile-Mega, F\n|-mega|p1b: Mawile|Mawile|Mawilite\n|move|p2a: Maushold|Beat Up|p2b: Gallade\n|-damage|p2b: Gallade|99\/100\n|-ability|p2b: Gallade|Justified|boost\n|-boost|p2b: Gallade|atk|1\n|-damage|p2b: Gallade|96\/100\n|-ability|p2b: Gallade|Justified|boost\n|-boost|p2b: Gallade|atk|1\n|-damage|p2b: Gallade|93\/100\n|-ability|p2b: Gallade|Justified|boost\n|-boost|p2b: Gallade|atk|1\n|-damage|p2b: Gallade|91\/100\n|-ability|p2b: Gallade|Justified|boost\n|-boost|p2b: Gallade|atk|1\n|-damage|p2b: Gallade|89\/100\n|-ability|p2b: Gallade|Justified|boost\n|-boost|p2b: Gallade|atk|1\n|-damage|p2b: Gallade|86\/100\n|-ability|p2b: Gallade|Justified|boost\n|-boost|p2b: Gallade|atk|1\n|-hitcount|p2b: Gallade|6\n|move|p2b: Gallade|Earthquake|p1b: Mawile|[spread] p2a,p1a,p1b\n|-crit|p2a: Maushold\n|-supereffective|p1b: Mawile\n|-damage|p2a: Maushold|0 fnt\n|-damage|p1a: Hatterene|9\/100\n|-damage|p1b: Mawile|0 fnt\n|faint|p2a: Maushold\n|faint|p1b: Mawile\n|move|p1a: Hatterene|Trick Room|p1a: Hatterene\n|-fieldstart|move: Trick Room|[of] p1a: Hatterene\n|\n|upkeep\n|c|\u2606Sakura the blossom|Huh nice\n|inactive|Sakura the blossom has 270 seconds left.\n|inactive|Atsushirouka has 270 seconds left.\n|\n|t:|1700309079\n|switch|p1b: Indeedee|Indeedee-F, F, shiny|100\/100\n|switch|p2a: Sylveon|Sylveon, M|100\/100\n|-fieldstart|move: Psychic Terrain|[from] ability: Psychic Surge|[of] p1b: Indeedee\n|-enditem|p1b: Indeedee|Psychic Seed\n|-boost|p1b: Indeedee|spd|1|[from] item: Psychic Seed\n|turn|2\n|\n|t:|1700309096\n|move|p1a: Hatterene|Dazzling Gleam|p2a: Sylveon|[spread] p2a,p2b\n|-supereffective|p2b: Gallade\n|-damage|p2a: Sylveon|76\/100\n|-damage|p2b: Gallade|34\/100\n|move|p2a: Sylveon|Hyper Voice|p1b: Indeedee|[spread] p1a,p1b\n|-damage|p1a: Hatterene|0 fnt\n|-damage|p1b: Indeedee|67\/100\n|faint|p1a: Hatterene\n|move|p1b: Indeedee|Dazzling Gleam|p2a: Sylveon|[spread] p2a,p2b\n|-supereffective|p2b: Gallade\n|-damage|p2a: Sylveon|66\/100\n|-damage|p2b: Gallade|15\/100\n|move|p2b: Gallade|Rock Slide|p1b: Indeedee\n|-damage|p1b: Indeedee|0 fnt\n|faint|p1b: Indeedee\n|\n|upkeep\n|inactive|Sakura the blossom has 270 seconds left.\n|\n|t:|1700309112\n|switch|p1a: Reuniclus|Reuniclus, F, shiny|100\/100\n|switch|p1b: Pangoro|Pangoro, M|100\/100\n|turn|3\n|c|\u2606Atsushirouka|before I make any moves\n|c|\u2606Atsushirouka|terastalization isn't allowed, correct?\n|c|\u2606Sakura the blossom|Its banned\n|c|\u2606Atsushirouka|got it\n|\n|t:|1700309140\n|move|p1a: Reuniclus|Expanding Force|p2a: Sylveon|[spread] p2a,p2b\n|-damage|p2a: Sylveon|4\/100\n|-damage|p2b: Gallade|0 fnt\n|faint|p2b: Gallade\n|move|p1b: Pangoro|Iron Head|p2a: Sylveon\n|-supereffective|p2a: Sylveon\n|-damage|p2a: Sylveon|0 fnt\n|faint|p2a: Sylveon\n|\n|upkeep\n|inactive|Atsushirouka has 270 seconds left.\n|\n|t:|1700309164\n|switch|p2a: Murkrow|Murkrow, F|100\/100\n|switch|p2b: Azelf|Azelf|100\/100\n|turn|4\n|\n|t:|1700309179\n|move|p1a: Reuniclus|Shadow Ball|p2b: Azelf\n|-supereffective|p2b: Azelf\n|-damage|p2b: Azelf|0 fnt\n|faint|p2b: Azelf\n|move|p1b: Pangoro|Rock Slide|p2a: Murkrow\n|-supereffective|p2a: Murkrow\n|-damage|p2a: Murkrow|22\/100\n|move|p2a: Murkrow|Night Shade|p1a: Reuniclus\n|-damage|p1a: Reuniclus|77\/100\n|\n|upkeep\n|\n|t:|1700309183\n|switch|p2b: Kommo-o|Kommo-o, M|100\/100\n|turn|5\n|c|\u2606Atsushirouka|gg, I got a bad matchup against trick room haha\n|c|\u2606Sakura the blossom|Ggs wp\n|\n|t:|1700309210\n|move|p2a: Murkrow|Tailwind|p2a: Murkrow\n|-sidestart|p2: Atsushirouka|move: Tailwind\n|move|p1a: Reuniclus|Expanding Force|p2b: Kommo-o|[spread] p2b\n|-immune|p2a: Murkrow\n|-supereffective|p2b: Kommo-o\n|-damage|p2b: Kommo-o|0 fnt\n|faint|p2b: Kommo-o\n|move|p1b: Pangoro|Rock Slide|p2a: Murkrow\n|-supereffective|p2a: Murkrow\n|-damage|p2a: Murkrow|0 fnt\n|faint|p2a: Murkrow\n|\n|win|Sakura the blossom\n|c|\u2606Sakura the blossom|Honestly loved the creativity\n","uploadtime":1700309239,"views":13,"p1id":"sakuratheblossom","p2id":"atsushirouka","formatid":"gen9nationaldexdoubles","rating":0,"private":0,"password":""}