{"id":"gen9nationaldexdoubles-1973045025","p1":"FriedBeaver01","p2":"The OG Trainer Red","format":"[Gen 9] National Dex Doubles","log":"|j|\u2606FriedBeaver01\n|j|\u2606The OG Trainer Red\n|t:|1697921705\n|gametype|doubles\n|player|p1|FriedBeaver01|hooligans|1227\n|player|p2|The OG Trainer Red|fisherman-gen4|1201\n|teamsize|p1|6\n|teamsize|p2|6\n|gen|9\n|tier|[Gen 9] National Dex Doubles\n|rated|\n|rule|HP Percentage Mod: HP is shown in percentages\n|rule|Endless Battle Clause: Forcing endless battles is banned\n|rule|OHKO Clause: OHKO moves are banned\n|rule|Evasion Moves Clause: Evasion moves are banned\n|rule|Evasion Abilities Clause: Evasion abilities are banned\n|rule|Species Clause: Limit one of each Pok\u00e9mon\n|rule|Gravity Sleep Clause: The combination of sleep-inducing moves with imperfect accuracy and Gravity or Gigantamax Orbeetle are banned\n|clearpoke\n|poke|p1|Tyranitar, M|\n|poke|p1|Glimmora, M|\n|poke|p1|Garganacl, M|\n|poke|p1|Arcanine-Hisui, M|\n|poke|p1|Golem-Alola, M|\n|poke|p1|Klawf, M|\n|poke|p2|Ninetales, F|\n|poke|p2|Leafeon, F|\n|poke|p2|Espeon, F|\n|poke|p2|Indeedee-F, F|\n|poke|p2|Ursaluna-Bloodmoon, M|\n|poke|p2|Iron Hands|\n|teampreview\n|inactive|Battle timer is ON: inactive players will automatically lose when time's up. (requested by FriedBeaver01)\n|\n|t:|1697921743\n|start\n|switch|p1a: Tyranitar|Tyranitar, M, shiny|100\/100\n|switch|p1b: Klawf|Klawf, M, shiny|100\/100\n|switch|p2a: Indeedee|Indeedee-F, F|100\/100\n|switch|p2b: Iron Hands|Iron Hands|100\/100\n|-fieldstart|move: Psychic Terrain|[from] ability: Psychic Surge|[of] p2a: Indeedee\n|-weather|Sandstorm|[from] ability: Sand Stream|[of] p1a: Tyranitar\n|-enditem|p2b: Iron Hands|Booster Energy\n|-activate|p2b: Iron Hands|ability: Quark Drive|[fromitem]\n|-start|p2b: Iron Hands|quarkdriveatk\n|turn|1\n|inactive|FriedBeaver01 has 120 seconds left.\n|inactive|FriedBeaver01 has 90 seconds left.\n|\n|t:|1697921804\n|switch|p1a: Glimmora|Glimmora, M, shiny|100\/100\n|-item|p1a: Glimmora|Air Balloon\n|move|p1b: Klawf|X-Scissor|p2a: Indeedee\n|-supereffective|p2a: Indeedee\n|-damage|p2a: Indeedee|32\/100\n|move|p2b: Iron Hands|Drain Punch|p1a: Glimmora\n|-damage|p1a: Glimmora|46\/100\n|-activate|p1a: Glimmora|ability: Toxic Debris\n|-sidestart|p2: The OG Trainer Red|move: Toxic Spikes\n|-enditem|p1a: Glimmora|Air Balloon\n|move|p2a: Indeedee|Trick Room|p2a: Indeedee\n|-fieldstart|move: Trick Room|[of] p2a: Indeedee\n|\n|-weather|Sandstorm|[upkeep]\n|-damage|p2b: Iron Hands|94\/100|[from] Sandstorm\n|-damage|p2a: Indeedee|26\/100|[from] Sandstorm\n|upkeep\n|turn|2\n|inactive|FriedBeaver01 has 90 seconds left.\n|\n|t:|1697921839\n|move|p2b: Iron Hands|Drain Punch|p1b: Klawf\n|-supereffective|p1b: Klawf\n|-damage|p1b: Klawf|0 fnt\n|-heal|p2b: Iron Hands|100\/100|[from] drain|[of] p1b: Klawf\n|faint|p1b: Klawf\n|move|p2a: Indeedee|Expanding Force|p1a: Glimmora\n|-supereffective|p1a: Glimmora\n|-damage|p1a: Glimmora|0 fnt\n|faint|p1a: Glimmora\n|\n|-weather|Sandstorm|[upkeep]\n|-damage|p2b: Iron Hands|94\/100|[from] Sandstorm\n|-damage|p2a: Indeedee|20\/100|[from] Sandstorm\n|upkeep\n|inactive|FriedBeaver01 has 60 seconds left.\n|\n|t:|1697921871\n|switch|p1b: Tyranitar|Tyranitar, M, shiny|100\/100\n|switch|p1a: Garganacl|Garganacl, M, shiny|100\/100\n|turn|3\n|\n|t:|1697921891\n|detailschange|p1b: Tyranitar|Tyranitar-Mega, M, shiny\n|-mega|p1b: Tyranitar|Tyranitar|Tyranitarite\n|-terastallize|p1a: Garganacl|Ghost\n|move|p1b: Tyranitar|Protect|p1b: Tyranitar\n|-singleturn|p1b: Tyranitar|Protect\n|move|p2b: Iron Hands|Drain Punch|p1b: Tyranitar\n|-activate|p1b: Tyranitar|move: Protect\n|move|p1a: Garganacl|Salt Cure|p2a: Indeedee\n|-damage|p2a: Indeedee|2\/100\n|-start|p2a: Indeedee|Salt Cure\n|move|p2a: Indeedee|Dazzling Gleam|p1b: Tyranitar|[spread] p1a\n|-activate|p1b: Tyranitar|move: Protect\n|-damage|p1a: Garganacl|87\/100\n|\n|-weather|Sandstorm|[upkeep]\n|-damage|p2b: Iron Hands|88\/100|[from] Sandstorm\n|-damage|p1a: Garganacl|81\/100|[from] Sandstorm\n|-damage|p2a: Indeedee|0 fnt|[from] Sandstorm\n|faint|p2a: Indeedee\n|-heal|p1a: Garganacl|87\/100|[from] item: Leftovers\n|upkeep\n|\n|t:|1697921908\n|switch|p2a: Ursaluna|Ursaluna-Bloodmoon, M|100\/100\n|-status|p2a: Ursaluna|psn\n|turn|4\n|inactive|FriedBeaver01 has 90 seconds left.\n|\n|t:|1697921942\n|switch|p1b: Arcanine|Arcanine-Hisui, M, shiny|100\/100\n|-terastallize|p2a: Ursaluna|Normal\n|move|p2b: Iron Hands|Drain Punch|p1b: Arcanine\n|-supereffective|p1b: Arcanine\n|-damage|p1b: Arcanine|0 fnt\n|-heal|p2b: Iron Hands|100\/100|[from] drain|[of] p1b: Arcanine\n|faint|p1b: Arcanine\n|move|p2a: Ursaluna|Hyper Voice|p1a: Garganacl\n|-damage|p1a: Garganacl|29\/100\n|move|p1a: Garganacl|Iron Defense|p1a: Garganacl\n|-boost|p1a: Garganacl|def|2\n|\n|-weather|Sandstorm|[upkeep]\n|-damage|p2b: Iron Hands|94\/100|[from] Sandstorm\n|-damage|p2a: Ursaluna|94\/100 psn|[from] Sandstorm\n|-damage|p1a: Garganacl|23\/100|[from] Sandstorm\n|-heal|p1a: Garganacl|29\/100|[from] item: Leftovers\n|-damage|p2a: Ursaluna|82\/100 psn|[from] psn\n|upkeep\n|inactive|FriedBeaver01 has 60 seconds left.\n|\n|t:|1697921963\n|switch|p1b: Golem|Golem-Alola, M, shiny|100\/100\n|turn|5\n|\n|t:|1697921977\n|move|p1a: Garganacl|Protect|p1a: Garganacl\n|-singleturn|p1a: Garganacl|Protect\n|move|p2b: Iron Hands|Thunder Punch|p1a: Garganacl\n|-activate|p1a: Garganacl|move: Protect\n|move|p2a: Ursaluna|Earth Power|p1b: Golem\n|-supereffective|p1b: Golem\n|-enditem|p1b: Golem|Focus Sash\n|-damage|p1b: Golem|1\/100\n|move|p1b: Golem|Explosion|p2b: Iron Hands|[spread] p2a,p2b\n|-activate|p1a: Garganacl|move: Protect\n|-resisted|p2b: Iron Hands\n|-damage|p2a: Ursaluna|2\/100 psn\n|-damage|p2b: Iron Hands|62\/100\n|faint|p1b: Golem\n|\n|-weather|none\n|-heal|p1a: Garganacl|35\/100|[from] item: Leftovers\n|-damage|p2a: Ursaluna|0 fnt|[from] psn\n|faint|p2a: Ursaluna\n|-fieldend|move: Trick Room\n|-fieldend|move: Psychic Terrain\n|upkeep\n|inactive|FriedBeaver01 has 90 seconds left.\n|\n|t:|1697921998\n|switch|p1b: Tyranitar|Tyranitar-Mega, M, shiny|100\/100\n|switch|p2a: Leafeon|Leafeon, F|100\/100\n|-status|p2a: Leafeon|psn\n|-weather|Sandstorm|[from] ability: Sand Stream|[of] p1b: Tyranitar\n|turn|6\n|inactive|FriedBeaver01 has 90 seconds left.\n|c|\u2606The OG Trainer Red|Iron Hands is so stupid.. It honestly makes me mad\n|c|\u2606The OG Trainer Red|It should be banned\n|c|\u2606The OG Trainer Red|This is so stupid..\n|\n|t:|1697922026\n|-end|p2b: Iron Hands|Quark Drive|[silent]\n|switch|p2b: Ninetales|Ninetales, F|100\/100\n|-status|p2b: Ninetales|psn\n|-weather|SunnyDay|[from] ability: Drought|[of] p2b: Ninetales\n|move|p1b: Tyranitar|Protect|p1b: Tyranitar\n|-singleturn|p1b: Tyranitar|Protect\n|move|p2a: Leafeon|Solar Blade||[still]\n|-prepare|p2a: Leafeon|Solar Blade\n|-anim|p2a: Leafeon|Solar Blade|p1b: Tyranitar\n|-activate|p1b: Tyranitar|move: Protect\n|move|p1a: Garganacl|Body Press|p2b: Ninetales\n|-damage|p2b: Ninetales|5\/100 psn\n|\n|-weather|SunnyDay|[upkeep]\n|-heal|p1a: Garganacl|41\/100|[from] item: Leftovers\n|-damage|p2a: Leafeon|88\/100 psn|[from] psn\n|-damage|p2b: Ninetales|0 fnt|[from] psn\n|faint|p2b: Ninetales\n|upkeep\n|inactive|The OG Trainer Red has 120 seconds left.\n|\n|t:|1697922044\n|switch|p2b: Espeon|Espeon, F|100\/100\n|-status|p2b: Espeon|psn\n|turn|7\n|\n|t:|1697922059\n|move|p1a: Garganacl|Protect|p1a: Garganacl\n|-singleturn|p1a: Garganacl|Protect\n|move|p2a: Leafeon|Solar Blade||[still]\n|-prepare|p2a: Leafeon|Solar Blade\n|-anim|p2a: Leafeon|Solar Blade|p1b: Tyranitar\n|-supereffective|p1b: Tyranitar\n|-damage|p1b: Tyranitar|32\/100\n|move|p2b: Espeon|Expanding Force|p1a: Garganacl\n|-activate|p1a: Garganacl|move: Protect\n|move|p1b: Tyranitar|Knock Off|p2b: Espeon\n|-supereffective|p2b: Espeon\n|-enditem|p2b: Espeon|Focus Sash\n|-damage|p2b: Espeon|1\/100 psn\n|\n|-weather|SunnyDay|[upkeep]\n|-heal|p1a: Garganacl|48\/100|[from] item: Leftovers\n|-damage|p2a: Leafeon|76\/100 psn|[from] psn\n|-damage|p2b: Espeon|0 fnt|[from] psn\n|faint|p2b: Espeon\n|upkeep\n|inactive|The OG Trainer Red has 120 seconds left.\n|\n|t:|1697922076\n|switch|p2b: Iron Hands|Iron Hands|62\/100\n|-status|p2b: Iron Hands|psn\n|turn|8\n|inactive|FriedBeaver01 has 120 seconds left.\n|\n|t:|1697922090\n|move|p1b: Tyranitar|Protect|p1b: Tyranitar\n|-singleturn|p1b: Tyranitar|Protect\n|move|p2a: Leafeon|Knock Off|p1a: Garganacl\n|-supereffective|p1a: Garganacl\n|-damage|p1a: Garganacl|31\/100\n|-enditem|p1a: Garganacl|Leftovers|[from] move: Knock Off|[of] p2a: Leafeon\n|move|p1a: Garganacl|Body Press|p2a: Leafeon\n|-damage|p2a: Leafeon|27\/100 psn\n|move|p2b: Iron Hands|Thunder Punch|p1a: Garganacl\n|-damage|p1a: Garganacl|20\/100\n|\n|-weather|SunnyDay|[upkeep]\n|-damage|p2a: Leafeon|14\/100 psn|[from] psn\n|-damage|p2b: Iron Hands|50\/100 psn|[from] psn\n|upkeep\n|turn|9\n|inactive|FriedBeaver01 has 120 seconds left.\n|\n|t:|1697922113\n|move|p1b: Tyranitar|Protect||[still]\n|-fail|p1b: Tyranitar\n|move|p2a: Leafeon|Solar Blade||[still]\n|-prepare|p2a: Leafeon|Solar Blade\n|-anim|p2a: Leafeon|Solar Blade|p1a: Garganacl\n|-damage|p1a: Garganacl|0 fnt\n|faint|p1a: Garganacl\n|move|p2b: Iron Hands|Drain Punch|p1b: Tyranitar\n|-supereffective|p1b: Tyranitar\n|-damage|p1b: Tyranitar|0 fnt\n|-heal|p2b: Iron Hands|63\/100 psn|[from] drain|[of] p1b: Tyranitar\n|faint|p1b: Tyranitar\n|\n|win|The OG Trainer Red\n|raw|FriedBeaver01's rating: 1227 &rarr; <strong>1200<\/strong><br \/>(-27 for losing)\n|raw|The OG Trainer Red's rating: 1201 &rarr; <strong>1228<\/strong><br \/>(+27 for winning)\n|l|\u2606FriedBeaver01\n","uploadtime":1697922128,"views":12,"p1id":"friedbeaver01","p2id":"theogtrainerred","formatid":"gen9nationaldexdoubles","rating":1200,"private":0,"password":""}