{"id":"gen9nationaldexdoubles-1993956114","p1":"Weatherfan","p2":"NoseHairs420","format":"[Gen 9] National Dex Doubles","log":"|j|\u2606Weatherfan\n|j|\u2606NoseHairs420\n|t:|1700382377\n|gametype|doubles\n|player|p1|Weatherfan|argenta|\n|player|p2|NoseHairs420|drayden|\n|teamsize|p1|6\n|teamsize|p2|6\n|gen|9\n|tier|[Gen 9] National Dex Doubles\n|rule|HP Percentage Mod: HP is shown in percentages\n|rule|Endless Battle Clause: Forcing endless battles is banned\n|rule|OHKO Clause: OHKO moves are banned\n|rule|Evasion Moves Clause: Evasion moves are banned\n|rule|Evasion Abilities Clause: Evasion abilities are banned\n|rule|Species Clause: Limit one of each Pok\u00e9mon\n|rule|Gravity Sleep Clause: The combination of sleep-inducing moves with imperfect accuracy and Gravity or Gigantamax Orbeetle are banned\n|clearpoke\n|poke|p1|Landorus-Therian, M|\n|poke|p1|Kingambit, M|\n|poke|p1|Iron Hands|\n|poke|p1|Cresselia, F|\n|poke|p1|Kommo-o, M|\n|poke|p1|Amoonguss, M|\n|poke|p2|Sinistcha-Masterpiece|\n|poke|p2|Volcanion|\n|poke|p2|Kingambit, M|\n|poke|p2|Iron Hands|\n|poke|p2|Ursaluna, M|\n|poke|p2|Cresselia, F|\n|teampreview\n|\n|t:|1700382388\n|start\n|switch|p1a: Amoonguss|Amoonguss, M|100\/100\n|switch|p1b: Landorus|Landorus-Therian, M|100\/100\n|switch|p2a: Anastasia|Sinistcha-Masterpiece|100\/100\n|switch|p2b: hor hor hor hor|Iron Hands|100\/100\n|-ability|p1b: Landorus|Intimidate|boost\n|-unboost|p2a: Anastasia|atk|1\n|-unboost|p2b: hor hor hor hor|atk|1\n|turn|1\n|\n|t:|1700382401\n|move|p2b: hor hor hor hor|Fake Out|p1a: Amoonguss\n|-damage|p1a: Amoonguss|90\/100\n|-status|p2b: hor hor hor hor|psn|[from] ability: Effect Spore|[of] p1a: Amoonguss\n|move|p1b: Landorus|Toxic|p2a: Anastasia\n|-status|p2a: Anastasia|tox\n|cant|p1a: Amoonguss|flinch\n|move|p2a: Anastasia|Trick Room|p2a: Anastasia\n|-fieldstart|move: Trick Room|[of] p2a: Anastasia\n|\n|-damage|p2b: hor hor hor hor|88\/100 psn|[from] psn\n|-damage|p2a: Anastasia|94\/100 tox|[from] psn\n|upkeep\n|turn|2\n|\n|t:|1700382434\n|-end|p2b: hor hor hor hor|Quark Drive|[silent]\n|switch|p2b: Freddy Fazbear|Ursaluna, M|100\/100\n|move|p1a: Amoonguss|Sludge Bomb|p2a: Anastasia\n|-damage|p2a: Anastasia|72\/100 tox\n|move|p2a: Anastasia|Strength Sap|p1b: Landorus\n|-unboost|p1b: Landorus|atk|1\n|-heal|p2a: Anastasia|100\/100 tox\n|move|p1b: Landorus|Stealth Rock|p2a: Anastasia\n|-sidestart|p2: NoseHairs420|move: Stealth Rock\n|\n|-damage|p2a: Anastasia|88\/100 tox|[from] psn\n|-status|p2b: Freddy Fazbear|brn|[from] item: Flame Orb\n|upkeep\n|turn|3\n|\n|t:|1700382455\n|switch|p2a: Tsuki|Cresselia, F|100\/100\n|-damage|p2a: Tsuki|88\/100|[from] Stealth Rock\n|switch|p1b: Cresselia|Cresselia, F|100\/100\n|move|p1a: Amoonguss|Rage Powder|p1a: Amoonguss\n|-singleturn|p1a: Amoonguss|move: Rage Powder\n|move|p2b: Freddy Fazbear|Facade|p1a: Amoonguss\n|-damage|p1a: Amoonguss|0 fnt\n|faint|p1a: Amoonguss\n|\n|-heal|p2a: Tsuki|94\/100|[from] item: Leftovers\n|-damage|p2b: Freddy Fazbear|94\/100 brn|[from] brn\n|upkeep\n|\n|t:|1700382459\n|switch|p1a: Landorus|Landorus-Therian, M|100\/100\n|-ability|p1a: Landorus|Intimidate|boost\n|-unboost|p2a: Tsuki|atk|1\n|-unboost|p2b: Freddy Fazbear|atk|1\n|turn|4\n|\n|t:|1700382474\n|move|p2a: Tsuki|Helping Hand|p2b: Freddy Fazbear\n|-singleturn|p2b: Freddy Fazbear|Helping Hand|[of] p2a: Tsuki\n|move|p2b: Freddy Fazbear|Facade|p1a: Landorus\n|-damage|p1a: Landorus|0 fnt\n|faint|p1a: Landorus\n|move|p1b: Cresselia|Psychic|p2b: Freddy Fazbear\n|-damage|p2b: Freddy Fazbear|75\/100 brn\n|\n|-heal|p2a: Tsuki|99\/100|[from] item: Leftovers\n|-damage|p2b: Freddy Fazbear|69\/100 brn|[from] brn\n|upkeep\n|\n|t:|1700382482\n|switch|p1a: Iron Hands|Iron Hands|100\/100\n|turn|5\n|c|\u2606NoseHairs420|O Cholera\n|c|\u2606NoseHairs420|Czy to Freddy Fazbear?\n|\n|t:|1700382499\n|move|p1a: Iron Hands|Fake Out|p2b: Freddy Fazbear\n|-damage|p2b: Freddy Fazbear|57\/100 brn\n|move|p2a: Tsuki|Ally Switch|p2a: Tsuki\n|swap|p2a: Tsuki|1|[from] move: Ally Switch\n|cant|p2a: Freddy Fazbear|flinch\n|move|p1b: Cresselia|Psychic|p2b: Tsuki\n|-resisted|p2b: Tsuki\n|-damage|p2b: Tsuki|94\/100\n|\n|-heal|p2b: Tsuki|99\/100|[from] item: Leftovers\n|-damage|p2a: Freddy Fazbear|51\/100 brn|[from] brn\n|-fieldend|move: Trick Room\n|upkeep\n|turn|6\n|\n|t:|1700382510\n|move|p2b: Tsuki|Ally Switch|p2b: Tsuki\n|swap|p2b: Tsuki|0|[from] move: Ally Switch\n|move|p1b: Cresselia|Ally Switch|p1b: Cresselia\n|swap|p1b: Cresselia|0|[from] move: Ally Switch\n|move|p1b: Iron Hands|Ice Punch|p2a: Tsuki\n|-damage|p2a: Tsuki|81\/100\n|move|p2b: Freddy Fazbear|Headlong Rush|p1a: Cresselia\n|-immune|p1a: Cresselia|[from] ability: Levitate\n|\n|-heal|p2a: Tsuki|87\/100|[from] item: Leftovers\n|-damage|p2b: Freddy Fazbear|44\/100 brn|[from] brn\n|upkeep\n|turn|7\n|c|\u2606Weatherfan|LMFAO\n|c|\u2606NoseHairs420|we share 1 brain cell\n|inactive|Battle timer is ON: inactive players will automatically lose when time's up. (requested by Weatherfan)\n|\n|t:|1700382534\n|switch|p2b: Anastasia|Sinistcha-Masterpiece|88\/100 tox\n|-damage|p2b: Anastasia|76\/100 tox|[from] Stealth Rock\n|-heal|p2a: Tsuki|100\/100|[from] ability: Hospitality|[of] p2b: Anastasia\n|move|p2a: Tsuki|Lunar Blessing|p2a: Tsuki|[spread] p2a,p2b\n|-heal|p2b: Anastasia|100\/100 tox\n|-curestatus|p2b: Anastasia|tox|[msg]\n|move|p1a: Cresselia|Psychic|p2b: Anastasia\n|-damage|p2b: Anastasia|79\/100\n|move|p1b: Iron Hands|Ice Punch|p2b: Anastasia\n|-supereffective|p2b: Anastasia\n|-damage|p2b: Anastasia|24\/100\n|\n|upkeep\n|turn|8\n|\n|t:|1700382552\n|-end|p1b: Iron Hands|Quark Drive|[silent]\n|switch|p1b: Kingambit|Kingambit, M|100\/100\n|move|p2a: Tsuki|Ally Switch|p2a: Tsuki\n|swap|p2a: Tsuki|1|[from] move: Ally Switch\n|move|p1a: Cresselia|Ally Switch|p1a: Cresselia\n|swap|p1a: Cresselia|1|[from] move: Ally Switch\n|move|p2a: Anastasia|Trick Room|p2a: Anastasia\n|-fieldstart|move: Trick Room|[of] p2a: Anastasia\n|\n|upkeep\n|turn|9\n|\n|t:|1700382568\n|switch|p2b: hor hor hor hor|Iron Hands|88\/100 psn\n|-damage|p2b: hor hor hor hor|82\/100 psn|[from] Stealth Rock\n|move|p1a: Kingambit|Swords Dance|p1a: Kingambit\n|-boost|p1a: Kingambit|atk|2\n|move|p2a: Anastasia|Strength Sap|p1a: Kingambit\n|-unboost|p1a: Kingambit|atk|1\n|-ability|p1a: Kingambit|Defiant|boost\n|-boost|p1a: Kingambit|atk|2\n|-heal|p2a: Anastasia|100\/100\n|move|p1b: Cresselia|Psychic|p2a: Anastasia\n|-damage|p2a: Anastasia|81\/100\n|\n|-damage|p2b: hor hor hor hor|69\/100 psn|[from] psn\n|upkeep\n|turn|10\n|\n|t:|1700382585\n|-terastallize|p1a: Kingambit|Fairy\n|move|p2a: Anastasia|Rage Powder|p2a: Anastasia\n|-singleturn|p2a: Anastasia|move: Rage Powder\n|move|p1b: Cresselia|Ally Switch|p1b: Cresselia\n|swap|p1b: Cresselia|0|[from] move: Ally Switch\n|move|p1b: Kingambit|Kowtow Cleave|p2a: Anastasia\n|-supereffective|p2a: Anastasia\n|-damage|p2a: Anastasia|0 fnt\n|faint|p2a: Anastasia\n|move|p2b: hor hor hor hor|Drain Punch|p1a: Cresselia\n|-resisted|p1a: Cresselia\n|-crit|p1a: Cresselia\n|-damage|p1a: Cresselia|78\/100\n|-heal|p2b: hor hor hor hor|80\/100 psn|[from] drain|[of] p1a: Cresselia\n|\n|-heal|p1a: Cresselia|84\/100|[from] item: Leftovers\n|-damage|p2b: hor hor hor hor|68\/100 psn|[from] psn\n|upkeep\n|\n|t:|1700382598\n|switch|p2a: Tony Tony Chopper|Kingambit, M|100\/100\n|-damage|p2a: Tony Tony Chopper|94\/100|[from] Stealth Rock\n|turn|11\n|\n|t:|1700382618\n|switch|p1a: Iron Hands|Iron Hands|100\/100\n|move|p2a: Tony Tony Chopper|Iron Head|p1b: Kingambit\n|-supereffective|p1b: Kingambit\n|-damage|p1b: Kingambit|35\/100\n|move|p2b: hor hor hor hor|Heavy Slam|p1a: Iron Hands\n|-resisted|p1a: Iron Hands\n|-damage|p1a: Iron Hands|94\/100\n|move|p1b: Kingambit|Kowtow Cleave|p2a: Tony Tony Chopper\n|-resisted|p2a: Tony Tony Chopper\n|-damage|p2a: Tony Tony Chopper|44\/100\n|\n|-damage|p2b: hor hor hor hor|55\/100 psn|[from] psn\n|upkeep\n|turn|12\n|\n|t:|1700382637\n|move|p1a: Iron Hands|Fake Out|p2a: Tony Tony Chopper\n|-resisted|p2a: Tony Tony Chopper\n|-damage|p2a: Tony Tony Chopper|38\/100\n|cant|p2a: Tony Tony Chopper|flinch\n|move|p2b: hor hor hor hor|Drain Punch|p1a: Iron Hands\n|-damage|p1a: Iron Hands|64\/100\n|-heal|p2b: hor hor hor hor|71\/100 psn|[from] drain|[of] p1a: Iron Hands\n|move|p1b: Kingambit|Kowtow Cleave|p2b: hor hor hor hor\n|-resisted|p2b: hor hor hor hor\n|-damage|p2b: hor hor hor hor|18\/100 psn\n|\n|-damage|p2b: hor hor hor hor|5\/100 psn|[from] psn\n|-fieldend|move: Trick Room\n|upkeep\n|turn|13\n|\n|t:|1700382655\n|move|p2a: Tony Tony Chopper|Protect|p2a: Tony Tony Chopper\n|-singleturn|p2a: Tony Tony Chopper|Protect\n|move|p1a: Iron Hands|Wild Charge|p2a: Tony Tony Chopper\n|-activate|p2a: Tony Tony Chopper|move: Protect\n|move|p1b: Kingambit|Kowtow Cleave|p2b: hor hor hor hor\n|-resisted|p2b: hor hor hor hor\n|-damage|p2b: hor hor hor hor|0 fnt\n|faint|p2b: hor hor hor hor\n|-end|p2b: hor hor hor hor|Quark Drive|[silent]\n|\n|upkeep\n|inactive|NoseHairs420 has 270 seconds left.\n|\n|t:|1700382686\n|switch|p2b: Freddy Fazbear|Ursaluna, M|44\/100 brn\n|-damage|p2b: Freddy Fazbear|38\/100 brn|[from] Stealth Rock\n|turn|14\n|\n|t:|1700382708\n|move|p1b: Kingambit|Kowtow Cleave|p2a: Tony Tony Chopper\n|-resisted|p2a: Tony Tony Chopper\n|-damage|p2a: Tony Tony Chopper|0 fnt\n|faint|p2a: Tony Tony Chopper\n|move|p1a: Iron Hands|Ice Punch|p2b: Freddy Fazbear\n|-supereffective|p2b: Freddy Fazbear\n|-damage|p2b: Freddy Fazbear|0 fnt\n|faint|p2b: Freddy Fazbear\n|\n|upkeep\n|\n|t:|1700382716\n|switch|p2b: Tsuki|Cresselia, F|100\/100\n|switch|p2a: William|Volcanion|100\/100\n|-damage|p2b: Tsuki|88\/100|[from] Stealth Rock\n|-damage|p2a: William|76\/100|[from] Stealth Rock\n|turn|15\n|\n|t:|1700382722\n|move|p2b: Tsuki|Lunar Blessing|p2b: Tsuki|[spread] p2a,p2b\n|-heal|p2a: William|100\/100\n|-heal|p2b: Tsuki|100\/100\n|move|p2a: William|Heat Wave|p1b: Kingambit|[spread] p1a,p1b\n|-damage|p1a: Iron Hands|49\/100\n|-damage|p1b: Kingambit|4\/100\n|move|p1a: Iron Hands|Wild Charge|p2a: William\n|-supereffective|p2a: William\n|-damage|p2a: William|33\/100\n|-damage|p1a: Iron Hands|35\/100|[from] Recoil\n|move|p1b: Kingambit|Kowtow Cleave|p2a: William\n|-damage|p2a: William|0 fnt\n|faint|p2a: William\n|\n|upkeep\n|turn|16\n|\n|t:|1700382739\n|-end|p1a: Iron Hands|Quark Drive|[silent]\n|switch|p1a: Cresselia|Cresselia, F|84\/100\n|move|p1b: Kingambit|Sucker Punch|p2b: Tsuki\n|-supereffective|p2b: Tsuki\n|-damage|p2b: Tsuki|0 fnt\n|faint|p2b: Tsuki\n|\n|win|Weatherfan\n|c|\u2606Weatherfan|gg\n","uploadtime":1700382749,"views":17,"p1id":"weatherfan","p2id":"nosehairs420","formatid":"gen9nationaldexdoubles","rating":0,"private":0,"password":""}