{"id":"gen9nationaldexdoubles-1955387635","p1":"Paldea Athens 420","p2":"Redjoejo","format":"[Gen 9] National Dex Doubles","log":"|j|\u2606Paldea Athens 420\n|j|\u2606Redjoejo\n|t:|1695993985\n|gametype|doubles\n|player|p1|Paldea Athens 420|volo|1432\n|player|p2|Redjoejo|n|1290\n|teamsize|p1|6\n|teamsize|p2|6\n|gen|9\n|tier|[Gen 9] National Dex Doubles\n|rated|\n|rule|HP Percentage Mod: HP is shown in percentages\n|rule|Endless Battle Clause: Forcing endless battles is banned\n|rule|OHKO Clause: OHKO moves are banned\n|rule|Evasion Moves Clause: Evasion moves are banned\n|rule|Evasion Abilities Clause: Evasion abilities are banned\n|rule|Species Clause: Limit one of each Pok\u00e9mon\n|rule|Gravity Sleep Clause: The combination of sleep-inducing moves with imperfect accuracy and Gravity or Gigantamax Orbeetle are banned\n|clearpoke\n|poke|p1|Iron Hands|\n|poke|p1|Sableye, M|\n|poke|p1|Mawile, M|\n|poke|p1|Mew|\n|poke|p1|Tapu Lele|\n|poke|p1|Flutter Mane|\n|poke|p2|Serperior, M|\n|poke|p2|Pelipper, F|\n|poke|p2|Rillaboom, F|\n|poke|p2|Swampert, F|\n|poke|p2|Oranguru, M|\n|poke|p2|Barraskewda, F|\n|teampreview\n|inactive|Battle timer is ON: inactive players will automatically lose when time's up. (requested by Redjoejo)\n|\n|t:|1695994000\n|start\n|switch|p1a: Sableye|Sableye, M|100\/100\n|switch|p1b: Mew|Mew|100\/100\n|switch|p2a: \u8f70\u96f7\u91d1\u521a\u7329|Rillaboom, F, shiny|100\/100\n|switch|p2b: \u8bf8\u845b\u6751\u592b|Oranguru, M, shiny|100\/100\n|-fieldstart|move: Grassy Terrain|[from] ability: Grassy Surge|[of] p2a: \u8f70\u96f7\u91d1\u521a\u7329\n|turn|1\n|\n|t:|1695994017\n|move|p2a: \u8f70\u96f7\u91d1\u521a\u7329|Fake Out|p1b: Mew\n|-damage|p1b: Mew|90\/100\n|move|p1a: Sableye|Skill Swap|p1b: Mew\n|-activate|p1a: Sableye|move: Skill Swap|||[of] p1b: Mew\n|cant|p1b: Mew|flinch\n|move|p2b: \u8bf8\u845b\u6751\u592b|Gravity|p2b: \u8bf8\u845b\u6751\u592b\n|-fieldstart|move: Gravity\n|\n|-heal|p1b: Mew|97\/100|[from] Grassy Terrain\n|-heal|p1b: Mew|100\/100|[from] item: Leftovers\n|upkeep\n|turn|2\n|\n|t:|1695994030\n|move|p1b: Mew|Cosmic Power|p1b: Mew\n|-boost|p1b: Mew|def|1\n|-boost|p1b: Mew|spd|1\n|move|p2a: \u8f70\u96f7\u91d1\u521a\u7329|U-turn|p1b: Mew\n|-supereffective|p1b: Mew\n|-damage|p1b: Mew|75\/100\n|\n|t:|1695994036\n|switch|p2a: \u9e22\u9752|Serperior, M|100\/100|[from] U-turn\n|move|p2b: \u8bf8\u845b\u6751\u592b|Bulldoze|p1a: Sableye|[spread] p2a,p1a,p1b\n|-resisted|p2a: \u9e22\u9752\n|-damage|p2a: \u9e22\u9752|99\/100\n|-damage|p1a: Sableye|96\/100\n|-damage|p1b: Mew|73\/100\n|-boost|p2a: \u9e22\u9752|spe|1\n|-unboost|p1a: Sableye|spe|1\n|-unboost|p1b: Mew|spe|1\n|move|p1a: Sableye|Taunt|p2b: \u8bf8\u845b\u6751\u592b\n|-start|p2b: \u8bf8\u845b\u6751\u592b|move: Taunt\n|\n|-heal|p2a: \u9e22\u9752|100\/100|[from] Grassy Terrain\n|-heal|p1b: Mew|79\/100|[from] Grassy Terrain\n|-heal|p1b: Mew|86\/100|[from] item: Leftovers\n|-heal|p1a: Sableye|100\/100|[from] Grassy Terrain\n|upkeep\n|turn|3\n|\n|t:|1695994050\n|-terastallize|p2a: \u9e22\u9752|Grass\n|move|p1b: Mew|Cosmic Power|p1b: Mew\n|-boost|p1b: Mew|def|1\n|-boost|p1b: Mew|spd|1\n|move|p2a: \u9e22\u9752|Leaf Storm|p1b: Mew\n|-damage|p1b: Mew|50\/100\n|-boost|p2a: \u9e22\u9752|spa|2\n|move|p2b: \u8bf8\u845b\u6751\u592b|Bulldoze|p1a: Sableye|[spread] p2a,p1a,p1b\n|-resisted|p2a: \u9e22\u9752\n|-damage|p2a: \u9e22\u9752|99\/100\n|-damage|p1a: Sableye|96\/100\n|-damage|p1b: Mew|48\/100\n|-boost|p2a: \u9e22\u9752|spe|1\n|-unboost|p1a: Sableye|spe|1\n|-unboost|p1b: Mew|spe|1\n|move|p1a: Sableye|Thunder Wave|p2a: \u9e22\u9752\n|-status|p2a: \u9e22\u9752|par\n|\n|-heal|p2a: \u9e22\u9752|100\/100 par|[from] Grassy Terrain\n|-heal|p1b: Mew|54\/100|[from] Grassy Terrain\n|-heal|p1b: Mew|61\/100|[from] item: Leftovers\n|-heal|p1a: Sableye|100\/100|[from] Grassy Terrain\n|upkeep\n|turn|4\n|\n|t:|1695994071\n|switch|p1a: Iron Hands|Iron Hands|100\/100\n|-enditem|p1a: Iron Hands|Booster Energy\n|-activate|p1a: Iron Hands|ability: Quark Drive|[fromitem]\n|-start|p1a: Iron Hands|quarkdriveatk\n|move|p1b: Mew|Soft-Boiled|p1b: Mew\n|-heal|p1b: Mew|100\/100\n|move|p2a: \u9e22\u9752|Leaf Storm|p1b: Mew\n|-damage|p1b: Mew|30\/100\n|-boost|p2a: \u9e22\u9752|spa|2\n|move|p2b: \u8bf8\u845b\u6751\u592b|Bulldoze|p1b: Mew|[spread] p2a,p1a,p1b\n|-resisted|p2a: \u9e22\u9752\n|-supereffective|p1a: Iron Hands\n|-damage|p2a: \u9e22\u9752|98\/100 par\n|-damage|p1a: Iron Hands|96\/100\n|-damage|p1b: Mew|28\/100\n|-boost|p2a: \u9e22\u9752|spe|1\n|-unboost|p1a: Iron Hands|spe|1\n|-unboost|p1b: Mew|spe|1\n|\n|-heal|p2a: \u9e22\u9752|100\/100 par|[from] Grassy Terrain\n|-heal|p1b: Mew|35\/100|[from] Grassy Terrain\n|-heal|p1b: Mew|41\/100|[from] item: Leftovers\n|-heal|p1a: Iron Hands|100\/100|[from] Grassy Terrain\n|upkeep\n|turn|5\n|\n|t:|1695994081\n|-singleturn|p1a: Iron Hands|move: Focus Punch\n|cant|p2a: \u9e22\u9752|par\n|move|p1b: Mew|After You|p1a: Iron Hands\n|-activate|p1a: Iron Hands|move: After You\n|move|p1a: Iron Hands|Focus Punch|p2a: \u9e22\u9752\n|-damage|p2a: \u9e22\u9752|0 fnt\n|faint|p2a: \u9e22\u9752\n|move|p2b: \u8bf8\u845b\u6751\u592b|Bulldoze|p1b: Mew|[spread] p1a,p1b\n|-supereffective|p1a: Iron Hands\n|-damage|p1a: Iron Hands|97\/100\n|-damage|p1b: Mew|40\/100\n|-unboost|p1a: Iron Hands|spe|1\n|-unboost|p1b: Mew|spe|1\n|\n|-heal|p1b: Mew|46\/100|[from] Grassy Terrain\n|-heal|p1b: Mew|52\/100|[from] item: Leftovers\n|-heal|p1a: Iron Hands|100\/100|[from] Grassy Terrain\n|-end|p2b: \u8bf8\u845b\u6751\u592b|move: Taunt\n|-fieldend|move: Gravity\n|-fieldend|move: Grassy Terrain\n|upkeep\n|inactive|Redjoejo has 120 seconds left.\n|inactive|Redjoejo has 90 seconds left.\n|\n|t:|1695994149\n|switch|p2a: \u5de8\u6cbc\u602a|Swampert, F|100\/100\n|turn|6\n|\n|t:|1695994156\n|detailschange|p2a: \u5de8\u6cbc\u602a|Swampert-Mega, F\n|-mega|p2a: \u5de8\u6cbc\u602a|Swampert|Swampertite\n|-terastallize|p1a: Iron Hands|Fighting\n|-singleturn|p1a: Iron Hands|move: Focus Punch\n|move|p1b: Mew|After You|p1a: Iron Hands\n|-activate|p1a: Iron Hands|move: After You\n|move|p1a: Iron Hands|Focus Punch|p2a: \u5de8\u6cbc\u602a\n|-damage|p2a: \u5de8\u6cbc\u602a|0 fnt\n|faint|p2a: \u5de8\u6cbc\u602a\n|move|p2b: \u8bf8\u845b\u6751\u592b|Instruct|p2: \u5de8\u6cbc\u602a|[notarget]\n|-fail|p2b: \u8bf8\u845b\u6751\u592b\n|\n|-heal|p1b: Mew|58\/100|[from] item: Leftovers\n|upkeep\n|c|\u2606Redjoejo|wow\n|\n|t:|1695994178\n|switch|p2a: \u8f70\u96f7\u91d1\u521a\u7329|Rillaboom, F, shiny|100\/100\n|-fieldstart|move: Grassy Terrain|[from] ability: Grassy Surge|[of] p2a: \u8f70\u96f7\u91d1\u521a\u7329\n|turn|7\n|\n|t:|1695994194\n|switch|p2b: \u623d\u6597\u5c16\u68ad|Barraskewda, F|100\/100\n|-singleturn|p1a: Iron Hands|move: Focus Punch\n|move|p2a: \u8f70\u96f7\u91d1\u521a\u7329|Fake Out|p1a: Iron Hands\n|-damage|p1a: Iron Hands|91\/100\n|move|p1b: Mew|Soft-Boiled|p1b: Mew\n|-heal|p1b: Mew|100\/100\n|cant|p1a: Iron Hands|Focus Punch|Focus Punch\n|\n|-heal|p1a: Iron Hands|97\/100|[from] Grassy Terrain\n|upkeep\n|turn|8\n|inactive|Redjoejo has 120 seconds left.\n|\n|t:|1695994221\n|switch|p2a: \u76d6\u9e25\u5361|Pelipper, F|100\/100\n|-weather|RainDance|[from] ability: Drizzle|[of] p2a: \u76d6\u9e25\u5361\n|-singleturn|p1a: Iron Hands|move: Focus Punch\n|move|p2b: \u623d\u6597\u5c16\u68ad|Aqua Jet|p1a: Iron Hands\n|-damage|p1a: Iron Hands|67\/100\n|move|p1b: Mew|After You|p1a: Iron Hands\n|-activate|p1a: Iron Hands|move: After You\n|cant|p1a: Iron Hands|Focus Punch|Focus Punch\n|\n|-weather|RainDance|[upkeep]\n|-heal|p1a: Iron Hands|73\/100|[from] Grassy Terrain\n|upkeep\n|turn|9\n|inactive|Redjoejo has 120 seconds left.\n|\n|t:|1695994248\n|move|p2b: \u623d\u6597\u5c16\u68ad|Aqua Jet|p1a: Iron Hands\n|-damage|p1a: Iron Hands|40\/100\n|move|p1b: Mew|After You|p1a: Iron Hands\n|-activate|p1a: Iron Hands|move: After You\n|move|p1a: Iron Hands|Wild Charge|p2b: \u623d\u6597\u5c16\u68ad\n|-supereffective|p2b: \u623d\u6597\u5c16\u68ad\n|-damage|p2b: \u623d\u6597\u5c16\u68ad|0 fnt\n|faint|p2b: \u623d\u6597\u5c16\u68ad\n|-damage|p1a: Iron Hands|27\/100|[from] Recoil\n|move|p2a: \u76d6\u9e25\u5361|Hurricane|p1a: Iron Hands\n|-supereffective|p1a: Iron Hands\n|-damage|p1a: Iron Hands|0 fnt\n|faint|p1a: Iron Hands\n|-end|p1a: Iron Hands|Quark Drive|[silent]\n|\n|-weather|RainDance|[upkeep]\n|upkeep\n|inactive|Redjoejo has 120 seconds left.\n|\n|t:|1695994261\n|switch|p2b: \u8f70\u96f7\u91d1\u521a\u7329|Rillaboom, F, shiny|100\/100\n|switch|p1a: \u30af\u30c1\u30fc\u30c8|Mawile, M, shiny|100\/100\n|-ability|p1a: \u30af\u30c1\u30fc\u30c8|Intimidate|boost\n|-unboost|p2a: \u76d6\u9e25\u5361|atk|1\n|-unboost|p2b: \u8f70\u96f7\u91d1\u521a\u7329|atk|1\n|turn|10\n|\n|t:|1695994280\n|switch|p1a: Tapu Lele|Tapu Lele|100\/100\n|-fieldstart|move: Psychic Terrain|[from] ability: Psychic Surge|[of] p1a: Tapu Lele\n|move|p2b: \u8f70\u96f7\u91d1\u521a\u7329|Fake Out|p1b: Mew\n|-activate|p1b: Mew|move: Psychic Terrain\n|move|p1b: Mew|Cosmic Power|p1b: Mew\n|-boost|p1b: Mew|def|1\n|-boost|p1b: Mew|spd|1\n|move|p2a: \u76d6\u9e25\u5361|Hurricane|p1a: Tapu Lele\n|-damage|p1a: Tapu Lele|44\/100\n|\n|-weather|RainDance|[upkeep]\n|upkeep\n|turn|11\n|\n|t:|1695994296\n|move|p1b: Mew|After You|p1a: Tapu Lele\n|-activate|p1a: Tapu Lele|move: After You\n|-zpower|p1a: Tapu Lele\n|move|p1a: Tapu Lele|Never-Ending Nightmare|p2b: \u8f70\u96f7\u91d1\u521a\u7329|[zeffect]\n|-damage|p2b: \u8f70\u96f7\u91d1\u521a\u7329|55\/100\n|move|p2a: \u76d6\u9e25\u5361|Hurricane|p1a: Tapu Lele\n|-damage|p1a: Tapu Lele|0 fnt\n|faint|p1a: Tapu Lele\n|move|p2b: \u8f70\u96f7\u91d1\u521a\u7329|Grassy Glide|p1b: Mew\n|-damage|p1b: Mew|94\/100\n|\n|-weather|RainDance|[upkeep]\n|-heal|p1b: Mew|99\/100|[from] item: Leftovers\n|upkeep\n|\n|t:|1695994308\n|switch|p1a: \u30af\u30c1\u30fc\u30c8|Mawile, M, shiny|100\/100\n|-ability|p1a: \u30af\u30c1\u30fc\u30c8|Intimidate|boost\n|-unboost|p2a: \u76d6\u9e25\u5361|atk|1\n|-unboost|p2b: \u8f70\u96f7\u91d1\u521a\u7329|atk|1\n|turn|12\n|\n|t:|1695994320\n|switch|p2b: \u8bf8\u845b\u6751\u592b|Oranguru, M, shiny|100\/100\n|detailschange|p1a: \u30af\u30c1\u30fc\u30c8|Mawile-Mega, M, shiny\n|-mega|p1a: \u30af\u30c1\u30fc\u30c8|Mawile|Mawilite\n|move|p1b: Mew|After You|p1a: \u30af\u30c1\u30fc\u30c8\n|-activate|p1a: \u30af\u30c1\u30fc\u30c8|move: After You\n|move|p1a: \u30af\u30c1\u30fc\u30c8|Thunder Punch|p2a: \u76d6\u9e25\u5361\n|-supereffective|p2a: \u76d6\u9e25\u5361\n|-enditem|p2a: \u76d6\u9e25\u5361|Focus Sash\n|-damage|p2a: \u76d6\u9e25\u5361|1\/100\n|move|p2a: \u76d6\u9e25\u5361|Hurricane|p1a: \u30af\u30c1\u30fc\u30c8\n|-resisted|p1a: \u30af\u30c1\u30fc\u30c8\n|-damage|p1a: \u30af\u30c1\u30fc\u30c8|70\/100\n|\n|-weather|none\n|-heal|p1b: Mew|100\/100|[from] item: Leftovers\n|upkeep\n|turn|13\n|\n|t:|1695994336\n|switch|p2a: \u8f70\u96f7\u91d1\u521a\u7329|Rillaboom, F, shiny|55\/100\n|-fieldstart|move: Grassy Terrain|[from] ability: Grassy Surge|[of] p2a: \u8f70\u96f7\u91d1\u521a\u7329\n|-singleturn|p1a: \u30af\u30c1\u30fc\u30c8|move: Focus Punch\n|move|p1b: Mew|After You|p1a: \u30af\u30c1\u30fc\u30c8\n|-activate|p1a: \u30af\u30c1\u30fc\u30c8|move: After You\n|move|p1a: \u30af\u30c1\u30fc\u30c8|Focus Punch|p2b: \u8bf8\u845b\u6751\u592b\n|-damage|p2b: \u8bf8\u845b\u6751\u592b|20\/100\n|-enditem|p2b: \u8bf8\u845b\u6751\u592b|Aguav Berry|[eat]\n|-heal|p2b: \u8bf8\u845b\u6751\u592b|53\/100|[from] item: Aguav Berry\n|move|p2b: \u8bf8\u845b\u6751\u592b|Bulldoze|p1a: \u30af\u30c1\u30fc\u30c8|[spread] p2a,p1a,p1b\n|-resisted|p2a: \u8f70\u96f7\u91d1\u521a\u7329\n|-supereffective|p1a: \u30af\u30c1\u30fc\u30c8\n|-damage|p2a: \u8f70\u96f7\u91d1\u521a\u7329|53\/100\n|-damage|p1a: \u30af\u30c1\u30fc\u30c8|64\/100\n|-damage|p1b: Mew|99\/100\n|-unboost|p2a: \u8f70\u96f7\u91d1\u521a\u7329|spe|1\n|-unboost|p1a: \u30af\u30c1\u30fc\u30c8|spe|1\n|-unboost|p1b: Mew|spe|1\n|\n|-heal|p2b: \u8bf8\u845b\u6751\u592b|59\/100|[from] Grassy Terrain\n|-heal|p2a: \u8f70\u96f7\u91d1\u521a\u7329|60\/100|[from] Grassy Terrain\n|-heal|p1a: \u30af\u30c1\u30fc\u30c8|70\/100|[from] Grassy Terrain\n|-heal|p1b: Mew|100\/100|[from] Grassy Terrain\n|upkeep\n|turn|14\n|\n|t:|1695994352\n|move|p2a: \u8f70\u96f7\u91d1\u521a\u7329|Fake Out|p1a: \u30af\u30c1\u30fc\u30c8\n|-resisted|p1a: \u30af\u30c1\u30fc\u30c8\n|-damage|p1a: \u30af\u30c1\u30fc\u30c8|64\/100\n|move|p1b: Mew|Cosmic Power|p1b: Mew\n|-boost|p1b: Mew|def|1\n|-boost|p1b: Mew|spd|1\n|move|p2b: \u8bf8\u845b\u6751\u592b|Bulldoze|p1a: \u30af\u30c1\u30fc\u30c8|[spread] p2a,p1a,p1b\n|-resisted|p2a: \u8f70\u96f7\u91d1\u521a\u7329\n|-supereffective|p1a: \u30af\u30c1\u30fc\u30c8\n|-damage|p2a: \u8f70\u96f7\u91d1\u521a\u7329|58\/100\n|-damage|p1a: \u30af\u30c1\u30fc\u30c8|59\/100\n|-damage|p1b: Mew|99\/100\n|-unboost|p2a: \u8f70\u96f7\u91d1\u521a\u7329|spe|1\n|-unboost|p1a: \u30af\u30c1\u30fc\u30c8|spe|1\n|-unboost|p1b: Mew|spe|1\n|cant|p1a: \u30af\u30c1\u30fc\u30c8|flinch\n|\n|-heal|p2b: \u8bf8\u845b\u6751\u592b|65\/100|[from] Grassy Terrain\n|-heal|p2a: \u8f70\u96f7\u91d1\u521a\u7329|64\/100|[from] Grassy Terrain\n|-heal|p1a: \u30af\u30c1\u30fc\u30c8|65\/100|[from] Grassy Terrain\n|-heal|p1b: Mew|100\/100|[from] Grassy Terrain\n|upkeep\n|turn|15\n|inactive|Redjoejo has 120 seconds left.\n|\n|t:|1695994384\n|move|p2b: \u8bf8\u845b\u6751\u592b|Ally Switch|p2b: \u8bf8\u845b\u6751\u592b\n|swap|p2b: \u8bf8\u845b\u6751\u592b|0|[from] move: Ally Switch\n|move|p1b: Mew|After You|p1a: \u30af\u30c1\u30fc\u30c8\n|-activate|p1a: \u30af\u30c1\u30fc\u30c8|move: After You\n|move|p1a: \u30af\u30c1\u30fc\u30c8|Ice Punch|p2a: \u8bf8\u845b\u6751\u592b\n|-damage|p2a: \u8bf8\u845b\u6751\u592b|29\/100\n|move|p2b: \u8f70\u96f7\u91d1\u521a\u7329|Brick Break|p1a: \u30af\u30c1\u30fc\u30c8\n|-damage|p1a: \u30af\u30c1\u30fc\u30c8|38\/100\n|\n|-heal|p2a: \u8bf8\u845b\u6751\u592b|36\/100|[from] Grassy Terrain\n|-heal|p2b: \u8f70\u96f7\u91d1\u521a\u7329|71\/100|[from] Grassy Terrain\n|-heal|p1a: \u30af\u30c1\u30fc\u30c8|44\/100|[from] Grassy Terrain\n|upkeep\n|turn|16\n|\n|t:|1695994400\n|-singleturn|p1a: \u30af\u30c1\u30fc\u30c8|move: Focus Punch\n|move|p1b: Mew|After You|p1a: \u30af\u30c1\u30fc\u30c8\n|-activate|p1a: \u30af\u30c1\u30fc\u30c8|move: After You\n|move|p1a: \u30af\u30c1\u30fc\u30c8|Focus Punch|p2b: \u8f70\u96f7\u91d1\u521a\u7329\n|-damage|p2b: \u8f70\u96f7\u91d1\u521a\u7329|0 fnt\n|faint|p2b: \u8f70\u96f7\u91d1\u521a\u7329\n|move|p2a: \u8bf8\u845b\u6751\u592b|Instruct|p2: \u8f70\u96f7\u91d1\u521a\u7329|[notarget]\n|-fail|p2a: \u8bf8\u845b\u6751\u592b\n|\n|-heal|p2a: \u8bf8\u845b\u6751\u592b|42\/100|[from] Grassy Terrain\n|-heal|p1a: \u30af\u30c1\u30fc\u30c8|50\/100|[from] Grassy Terrain\n|upkeep\n|\n|t:|1695994406\n|switch|p2b: \u76d6\u9e25\u5361|Pelipper, F|1\/100\n|-weather|RainDance|[from] ability: Drizzle|[of] p2b: \u76d6\u9e25\u5361\n|turn|17\n|\n|t:|1695994414\n|move|p1b: Mew|After You|p1a: \u30af\u30c1\u30fc\u30c8\n|-activate|p1a: \u30af\u30c1\u30fc\u30c8|move: After You\n|move|p1a: \u30af\u30c1\u30fc\u30c8|Thunder Punch|p2b: \u76d6\u9e25\u5361\n|-supereffective|p2b: \u76d6\u9e25\u5361\n|-damage|p2b: \u76d6\u9e25\u5361|0 fnt\n|faint|p2b: \u76d6\u9e25\u5361\n|move|p2a: \u8bf8\u845b\u6751\u592b|Bulldoze|p1a: \u30af\u30c1\u30fc\u30c8|[spread] p1a,p1b\n|-supereffective|p1a: \u30af\u30c1\u30fc\u30c8\n|-damage|p1a: \u30af\u30c1\u30fc\u30c8|44\/100\n|-damage|p1b: Mew|99\/100\n|-unboost|p1a: \u30af\u30c1\u30fc\u30c8|spe|1\n|\n|-weather|RainDance|[upkeep]\n|-heal|p2a: \u8bf8\u845b\u6751\u592b|48\/100|[from] Grassy Terrain\n|-heal|p1b: Mew|100\/100|[from] Grassy Terrain\n|-heal|p1a: \u30af\u30c1\u30fc\u30c8|50\/100|[from] Grassy Terrain\n|-fieldend|move: Grassy Terrain\n|upkeep\n|turn|18\n|\n|t:|1695994420\n|-singleturn|p1a: \u30af\u30c1\u30fc\u30c8|move: Focus Punch\n|move|p1b: Mew|After You|p1a: \u30af\u30c1\u30fc\u30c8\n|-activate|p1a: \u30af\u30c1\u30fc\u30c8|move: After You\n|move|p1a: \u30af\u30c1\u30fc\u30c8|Focus Punch|p2a: \u8bf8\u845b\u6751\u592b\n|-damage|p2a: \u8bf8\u845b\u6751\u592b|0 fnt\n|faint|p2a: \u8bf8\u845b\u6751\u592b\n|\n|win|Paldea Athens 420\n|raw|Paldea Athens 420's rating: 1432 &rarr; <strong>1444<\/strong><br \/>(+12 for winning)\n|raw|Redjoejo's rating: 1290 &rarr; <strong>1275<\/strong><br \/>(-15 for losing)\n|l|\u2606Paldea Athens 420\n","uploadtime":1695994437,"views":11,"p1id":"paldeaathens420","p2id":"redjoejo","formatid":"gen9nationaldexdoubles","rating":1275,"private":0,"password":""}