{"id":"gen9nationaldexdoubles-1981010183","p1":"Octolockr","p2":"999kamehameha","format":"[Gen 9] National Dex Doubles","log":"|j|\u2606Octolockr\n|j|\u2606999kamehameha\n|t:|1698856500\n|gametype|doubles\n|player|p1|Octolockr|plasmagrunt-gen5bw|1055\n|player|p2|999kamehameha|teamrocket|1040\n|teamsize|p1|6\n|teamsize|p2|6\n|gen|9\n|tier|[Gen 9] National Dex Doubles\n|rated|\n|rule|HP Percentage Mod: HP is shown in percentages\n|rule|Endless Battle Clause: Forcing endless battles is banned\n|rule|OHKO Clause: OHKO moves are banned\n|rule|Evasion Moves Clause: Evasion moves are banned\n|rule|Evasion Abilities Clause: Evasion abilities are banned\n|rule|Species Clause: Limit one of each Pok\u00e9mon\n|rule|Gravity Sleep Clause: The combination of sleep-inducing moves with imperfect accuracy and Gravity or Gigantamax Orbeetle are banned\n|clearpoke\n|poke|p1|Excadrill, F|\n|poke|p1|Togekiss, M|\n|poke|p1|Quaquaval, M|\n|poke|p1|Lopunny, F|\n|poke|p1|Ninetales-Alola, F|\n|poke|p1|Zangoose, M|\n|poke|p2|Mime Jr., M|\n|poke|p2|Carnivine, F|\n|poke|p2|Yamask, F|\n|poke|p2|Amoonguss, M|\n|poke|p2|Inkay, F|\n|poke|p2|Morpeko, M|\n|teampreview\n|inactive|Battle timer is ON: inactive players will automatically lose when time's up. (requested by 999kamehameha)\n|\n|t:|1698856513\n|start\n|switch|p1a: Zangoose|Zangoose, M|100\/100\n|switch|p1b: Ninetales|Ninetales-Alola, F|100\/100\n|switch|p2a: Mime Jr.|Mime Jr., M|100\/100\n|switch|p2b: Yamask|Yamask, F|100\/100\n|-weather|Snow|[from] ability: Snow Warning|[of] p1b: Ninetales\n|turn|1\n|\n|t:|1698856534\n|move|p2a: Mime Jr.|Fake Out|p1a: Zangoose\n|-enditem|p2a: Mime Jr.|Normal Gem|[from] gem\n|-crit|p1a: Zangoose\n|-damage|p1a: Zangoose|88\/100\n|move|p1b: Ninetales|Aurora Veil|p1b: Ninetales\n|-sidestart|p1: Octolockr|move: Aurora Veil\n|cant|p1a: Zangoose|flinch\n|move|p2b: Yamask|Toxic Spikes|p1b: Ninetales\n|-sidestart|p1: Octolockr|move: Toxic Spikes\n|\n|-weather|Snow|[upkeep]\n|-status|p1a: Zangoose|tox|[from] item: Toxic Orb\n|upkeep\n|turn|2\n|\n|t:|1698856553\n|move|p1b: Ninetales|Blizzard|p2a: Mime Jr.|[spread] p2a,p2b\n|-damage|p2a: Mime Jr.|72\/100\n|-damage|p2b: Yamask|70\/100\n|move|p1a: Zangoose|Shadow Claw|p2a: Mime Jr.\n|-supereffective|p2a: Mime Jr.\n|-damage|p2a: Mime Jr.|0 fnt\n|faint|p2a: Mime Jr.\n|move|p2b: Yamask|Toxic Spikes|p1b: Ninetales\n|-sidestart|p1: Octolockr|move: Toxic Spikes\n|\n|-weather|Snow|[upkeep]\n|-damage|p1a: Zangoose|82\/100 tox|[from] psn\n|upkeep\n|\n|t:|1698856566\n|switch|p2a: Carnivine|Carnivine, F|100\/100\n|turn|3\n|\n|t:|1698856580\n|-terastallize|p2a: Carnivine|Electric\n|move|p1b: Ninetales|Freeze-Dry|p2b: Yamask\n|-damage|p2b: Yamask|42\/100\n|move|p1a: Zangoose|Switcheroo|p2a: Carnivine\n|-activate|p1a: Zangoose|move: Trick|[of] p2a: Carnivine\n|-item|p2a: Carnivine|Toxic Orb|[from] move: Switcheroo\n|-item|p1a: Zangoose|Leftovers|[from] move: Switcheroo\n|move|p2a: Carnivine|Leech Seed|p1a: Zangoose\n|-start|p1a: Zangoose|move: Leech Seed\n|move|p2b: Yamask|Poltergeist|p1a: Zangoose\n|-immune|p1a: Zangoose\n|\n|-weather|Snow|[upkeep]\n|-heal|p1a: Zangoose|88\/100 tox|[from] item: Leftovers\n|-damage|p1a: Zangoose|75\/100 tox|[from] Leech Seed|[of] p2a: Carnivine\n|-damage|p1a: Zangoose|64\/100 tox|[from] psn\n|-status|p2a: Carnivine|tox|[from] item: Toxic Orb\n|upkeep\n|turn|4\n|\n|t:|1698856601\n|switch|p1a: Togekiss|Togekiss, M|100\/100\n|move|p1b: Ninetales|Blizzard|p2a: Carnivine|[spread] p2a,p2b\n|-damage|p2a: Carnivine|70\/100 tox\n|-damage|p2b: Yamask|11\/100\n|move|p2a: Carnivine|Leech Seed|p1b: Ninetales|[miss]\n|-miss|p2a: Carnivine|p1b: Ninetales\n|move|p2b: Yamask|Poltergeist|p1b: Ninetales\n|-activate|p1b: Ninetales|move: Poltergeist|Light Clay\n|-damage|p1b: Ninetales|91\/100\n|\n|-weather|Snow|[upkeep]\n|-damage|p2a: Carnivine|64\/100 tox|[from] psn\n|upkeep\n|turn|5\n|\n|t:|1698856619\n|move|p1b: Ninetales|Freeze-Dry|p2b: Yamask\n|-damage|p2b: Yamask|0 fnt\n|faint|p2b: Yamask\n|move|p1a: Togekiss|Air Slash|p2a: Carnivine\n|-resisted|p2a: Carnivine\n|-damage|p2a: Carnivine|47\/100 tox\n|cant|p2a: Carnivine|flinch\n|\n|-weather|none\n|-damage|p2a: Carnivine|35\/100 tox|[from] psn\n|upkeep\n|-message|999kamehameha forfeited.\n|\n|win|Octolockr\n|raw|Octolockr's rating: 1055 &rarr; <strong>1088<\/strong><br \/>(+33 for winning)\n|raw|999kamehameha's rating: 1071 &rarr; <strong>1049<\/strong><br \/>(-22 for losing)\n|l|\u2606999kamehameha\n","uploadtime":1698856632,"views":4,"p1id":"octolockr","p2id":"999kamehameha","formatid":"gen9nationaldexdoubles","rating":1049,"private":0,"password":""}