{"id":"gen9nationaldexdoubles-1972367030","p1":"aquadragon135","p2":"Theadonia","format":"[Gen 9] National Dex Doubles","log":"|j|\u2606aquadragon135\n|j|\u2606Theadonia\n|t:|1697835411\n|gametype|doubles\n|player|p1|aquadragon135|lady|1015\n|player|p2|Theadonia|roxie|1102\n|teamsize|p1|6\n|teamsize|p2|6\n|gen|9\n|tier|[Gen 9] National Dex Doubles\n|rated|\n|rule|HP Percentage Mod: HP is shown in percentages\n|rule|Endless Battle Clause: Forcing endless battles is banned\n|rule|OHKO Clause: OHKO moves are banned\n|rule|Evasion Moves Clause: Evasion moves are banned\n|rule|Evasion Abilities Clause: Evasion abilities are banned\n|rule|Species Clause: Limit one of each Pok\u00e9mon\n|rule|Gravity Sleep Clause: The combination of sleep-inducing moves with imperfect accuracy and Gravity or Gigantamax Orbeetle are banned\n|clearpoke\n|poke|p1|Dachsbun, M|\n|poke|p1|Druddigon, F|\n|poke|p1|Zebstrika, F|\n|poke|p1|Centiskorch, M|\n|poke|p1|Farigiraf, F|\n|poke|p1|Carracosta, F|\n|poke|p2|Delphox, F|\n|poke|p2|Oricorio-Sensu, F|\n|poke|p2|Kommo-o, F|\n|poke|p2|Wailord, F|\n|poke|p2|Cresselia, F|\n|poke|p2|Ribombee, F|\n|teampreview\n|inactive|Battle timer is ON: inactive players will automatically lose when time's up. (requested by aquadragon135)\n|\n|t:|1697835426\n|start\n|switch|p1a: Dachsbun|Dachsbun, M|100\/100\n|switch|p1b: Zebstrika|Zebstrika, F|100\/100\n|switch|p2a: Oricorio|Oricorio-Sensu, F, shiny|100\/100\n|switch|p2b: Ribombee|Ribombee, F|100\/100\n|turn|1\n|\n|t:|1697835445\n|move|p1b: Zebstrika|Discharge|p2b: Ribombee|[spread] p1a,p2a,p2b\n|-supereffective|p2a: Oricorio\n|-damage|p1a: Dachsbun|70\/100\n|-damage|p2a: Oricorio|32\/100\n|-damage|p2b: Ribombee|56\/100\n|-status|p2a: Oricorio|par\n|-status|p2b: Ribombee|par\n|move|p1a: Dachsbun|Yawn||[still]\n|-fail|p1a: Dachsbun\n|move|p2b: Ribombee|Quiver Dance|p2b: Ribombee\n|-boost|p2b: Ribombee|spa|1\n|-boost|p2b: Ribombee|spd|1\n|-boost|p2b: Ribombee|spe|1\n|-activate|p2a: Oricorio|ability: Dancer\n|move|p2a: Oricorio|Quiver Dance|p2a: Oricorio|[from]ability: Dancer\n|-boost|p2a: Oricorio|spa|1\n|-boost|p2a: Oricorio|spd|1\n|-boost|p2a: Oricorio|spe|1\n|cant|p2a: Oricorio|par\n|\n|-heal|p1a: Dachsbun|75\/100|[from] item: Leftovers\n|upkeep\n|turn|2\n|\n|t:|1697835474\n|move|p1b: Zebstrika|Volt Switch|p2b: Ribombee\n|-damage|p2b: Ribombee|18\/100 par\n|inactive|aquadragon135 has 120 seconds left.\n|\n|t:|1697835485\n|switch|p1b: Farigiraf|Farigiraf, F|100\/100|[from] Volt Switch\n|cant|p2b: Ribombee|par\n|move|p1a: Dachsbun|Trailblaze|p2a: Oricorio\n|-resisted|p2a: Oricorio\n|-damage|p2a: Oricorio|27\/100 par\n|-boost|p1a: Dachsbun|spe|1\n|cant|p2a: Oricorio|par\n|\n|-heal|p1a: Dachsbun|81\/100|[from] item: Leftovers\n|upkeep\n|turn|3\n|\n|t:|1697835506\n|move|p1a: Dachsbun|Trailblaze|p2b: Ribombee\n|-resisted|p2b: Ribombee\n|-damage|p2b: Ribombee|7\/100 par\n|-boost|p1a: Dachsbun|spe|1\n|move|p2b: Ribombee|Quiver Dance|p2b: Ribombee\n|-boost|p2b: Ribombee|spa|1\n|-boost|p2b: Ribombee|spd|1\n|-boost|p2b: Ribombee|spe|1\n|-activate|p2a: Oricorio|ability: Dancer\n|move|p2a: Oricorio|Quiver Dance|p2a: Oricorio|[from]ability: Dancer\n|-boost|p2a: Oricorio|spa|1\n|-boost|p2a: Oricorio|spd|1\n|-boost|p2a: Oricorio|spe|1\n|move|p2a: Oricorio|Baton Pass|p2a: Oricorio\n|\n|t:|1697835526\n|switch|p2a: Wailord|Wailord, F, shiny|100\/100|[from] Baton Pass\n|-ability|p2a: Wailord|Pressure\n|move|p1b: Farigiraf|Calm Mind|p1b: Farigiraf\n|-boost|p1b: Farigiraf|spa|1\n|-boost|p1b: Farigiraf|spd|1\n|\n|-heal|p1a: Dachsbun|87\/100|[from] item: Leftovers\n|upkeep\n|turn|4\n|\n|t:|1697835548\n|-terastallize|p2a: Wailord|Water\n|move|p1a: Dachsbun|Trailblaze|p2a: Wailord\n|-supereffective|p2a: Wailord\n|-damage|p2a: Wailord|75\/100\n|-boost|p1a: Dachsbun|spe|1\n|move|p2b: Ribombee|Pollen Puff|p1b: Farigiraf\n|-supereffective|p1b: Farigiraf\n|-damage|p1b: Farigiraf|0 fnt\n|faint|p1b: Farigiraf\n|move|p2a: Wailord|Water Spout|p1a: Dachsbun\n|-damage|p1a: Dachsbun|0 fnt\n|faint|p1a: Dachsbun\n|\n|-heal|p2a: Wailord|82\/100|[from] item: Leftovers\n|upkeep\n|inactive|aquadragon135 has 120 seconds left.\n|\n|t:|1697835567\n|switch|p1a: Zebstrika|Zebstrika, F|100\/100\n|switch|p1b: Carracosta|Carracosta, F|100\/100\n|turn|5\n|\n|t:|1697835575\n|move|p1b: Carracosta|Aqua Jet|p2b: Ribombee\n|-damage|p2b: Ribombee|0 fnt\n|faint|p2b: Ribombee\n|move|p1a: Zebstrika|Discharge|p2a: Wailord|[spread] p1b,p2a\n|-supereffective|p1b: Carracosta\n|-supereffective|p2a: Wailord\n|-damage|p1b: Carracosta|49\/100\n|-damage|p2a: Wailord|49\/100\n|-status|p2a: Wailord|par\n|-enditem|p1b: Carracosta|Sitrus Berry|[eat]\n|-heal|p1b: Carracosta|74\/100|[from] item: Sitrus Berry\n|cant|p2a: Wailord|par\n|\n|-heal|p2a: Wailord|56\/100 par|[from] item: Leftovers\n|upkeep\n|\n|t:|1697835585\n|switch|p2b: Cresselia|Cresselia, F|100\/100\n|turn|6\n|\n|t:|1697835603\n|move|p1a: Zebstrika|Signal Beam|p2b: Cresselia\n|-supereffective|p2b: Cresselia\n|-damage|p2b: Cresselia|78\/100\n|move|p2b: Cresselia|Psych Up|p2a: Wailord\n|-copyboost|p2b: Cresselia|p2a: Wailord|[from] move: Psych Up\n|move|p2a: Wailord|Rest|p2a: Wailord\n|-status|p2a: Wailord|slp|[from] move: Rest\n|-heal|p2a: Wailord|100\/100 slp|[silent]\n|move|p1b: Carracosta|Rock Slide|p2b: Cresselia|[spread] p2a,p2b\n|-damage|p2a: Wailord|72\/100 slp\n|-damage|p2b: Cresselia|62\/100\n|\n|-heal|p2b: Cresselia|68\/100|[from] item: Leftovers\n|-heal|p2a: Wailord|78\/100 slp|[from] item: Leftovers\n|upkeep\n|turn|7\n|\n|t:|1697835626\n|move|p2b: Cresselia|Lunar Blessing|p2b: Cresselia|[spread] p2a,p2b\n|-heal|p2a: Wailord|100\/100 slp\n|-curestatus|p2a: Wailord|slp|[msg]\n|-heal|p2b: Cresselia|93\/100\n|move|p1a: Zebstrika|Discharge|p2a: Wailord|[spread] p1b,p2a,p2b\n|-supereffective|p1b: Carracosta\n|-supereffective|p2a: Wailord\n|-damage|p1b: Carracosta|24\/100\n|-damage|p2a: Wailord|71\/100\n|-damage|p2b: Cresselia|85\/100\n|-status|p2b: Cresselia|par\n|move|p2a: Wailord|Water Spout|p1a: Zebstrika|[spread] p1a,p1b\n|-damage|p1a: Zebstrika|0 fnt\n|-damage|p1b: Carracosta|0 fnt\n|faint|p1a: Zebstrika\n|faint|p1b: Carracosta\n|\n|-heal|p2a: Wailord|77\/100|[from] item: Leftovers\n|-heal|p2b: Cresselia|91\/100 par|[from] item: Leftovers\n|upkeep\n|inactive|aquadragon135 has 120 seconds left.\n|\n|t:|1697835641\n|switch|p1a: Druddigon|Druddigon, F|100\/100\n|switch|p1b: Centiskorch|Centiskorch, M|100\/100\n|turn|8\n|\n|t:|1697835655\n|-terastallize|p1b: Centiskorch|Grass\n|move|p2a: Wailord|Water Spout|p1b: Centiskorch|[spread] p1a,p1b\n|-resisted|p1a: Druddigon\n|-resisted|p1b: Centiskorch\n|-damage|p1a: Druddigon|45\/100\n|-damage|p1b: Centiskorch|69\/100\n|move|p2b: Cresselia|Lunar Blessing|p2b: Cresselia|[spread] p2a,p2b\n|-heal|p2a: Wailord|100\/100\n|-heal|p2b: Cresselia|100\/100 par\n|-curestatus|p2b: Cresselia|par|[msg]\n|move|p1b: Centiskorch|Power Whip|p2a: Wailord\n|-supereffective|p2a: Wailord\n|-damage|p2a: Wailord|0 fnt\n|faint|p2a: Wailord\n|move|p1a: Druddigon|Fire Punch|p2b: Cresselia\n|-damage|p2b: Cresselia|79\/100\n|\n|-heal|p2b: Cresselia|85\/100|[from] item: Leftovers\n|upkeep\n|\n|t:|1697835662\n|switch|p2a: Kommo-o|Kommo-o, F, shiny|100\/100\n|turn|9\n|\n|t:|1697835686\n|move|p2b: Cresselia|Stored Power|p1b: Centiskorch\n|-damage|p1b: Centiskorch|2\/100\n|-zpower|p2a: Kommo-o\n|move|p2a: Kommo-o|Clangorous Soulblaze|p1a: Druddigon|[zeffect]|[spread] p1a,p1b\n|-supereffective|p1a: Druddigon\n|-damage|p1a: Druddigon|0 fnt\n|-damage|p1b: Centiskorch|0 fnt\n|faint|p1a: Druddigon\n|faint|p1b: Centiskorch\n|\n|win|Theadonia\n|raw|aquadragon135's rating: 1015 &rarr; <strong>1006<\/strong><br \/>(-9 for losing)\n|raw|Theadonia's rating: 1102 &rarr; <strong>1121<\/strong><br \/>(+19 for winning)\n|l|\u2606aquadragon135\n","uploadtime":1697835700,"views":9,"p1id":"aquadragon135","p2id":"theadonia","formatid":"gen9nationaldexdoubles","rating":1006,"private":0,"password":""}