{"id":"gen9nationaldexdoubles-1963430971","p1":"leoprro","p2":"BucketAxolotlYT","format":"[Gen 9] National Dex Doubles","log":"|j|\u2606leoprro\n|j|\u2606BucketAxolotlYT\n|t:|1696867228\n|gametype|doubles\n|player|p1|leoprro|red|1082\n|player|p2|BucketAxolotlYT|sonia-masters|1000\n|teamsize|p1|6\n|teamsize|p2|6\n|gen|9\n|tier|[Gen 9] National Dex Doubles\n|rated|\n|rule|HP Percentage Mod: HP is shown in percentages\n|rule|Endless Battle Clause: Forcing endless battles is banned\n|rule|OHKO Clause: OHKO moves are banned\n|rule|Evasion Moves Clause: Evasion moves are banned\n|rule|Evasion Abilities Clause: Evasion abilities are banned\n|rule|Species Clause: Limit one of each Pok\u00e9mon\n|rule|Gravity Sleep Clause: The combination of sleep-inducing moves with imperfect accuracy and Gravity or Gigantamax Orbeetle are banned\n|clearpoke\n|poke|p1|Gyarados, M|\n|poke|p1|Pachirisu, M|\n|poke|p1|Lilligant-Hisui, F|\n|poke|p1|Volcarona, M|\n|poke|p1|Crawdaunt, M|\n|poke|p1|Oricorio-Pa'u, M|\n|poke|p2|Heatmor, F|\n|poke|p2|Cresselia, F|\n|poke|p2|Ursaluna-Bloodmoon, M|\n|poke|p2|Muk-Alola, F|\n|poke|p2|Escavalier, F|\n|poke|p2|Iron Bundle|\n|teampreview\n|\n|t:|1696867244\n|start\n|switch|p1a: Lilligant|Lilligant-Hisui, F|100\/100\n|switch|p1b: Oricorio|Oricorio-Pa'u, M|100\/100\n|switch|p2a: Brick Room|Cresselia, F, shiny|100\/100\n|switch|p2b: Fuck it we FBlast|Heatmor, F|100\/100\n|turn|1\n|\n|t:|1696867259\n|move|p1b: Oricorio|Protect|p1b: Oricorio\n|-singleturn|p1b: Oricorio|Protect\n|move|p1a: Lilligant|Victory Dance|p1a: Lilligant\n|-boost|p1a: Lilligant|atk|1\n|-boost|p1a: Lilligant|def|1\n|-boost|p1a: Lilligant|spe|1\n|-activate|p1b: Oricorio|ability: Dancer\n|move|p1b: Oricorio|Victory Dance|p1b: Oricorio|[from]ability: Dancer\n|-boost|p1b: Oricorio|atk|1\n|-boost|p1b: Oricorio|def|1\n|-boost|p1b: Oricorio|spe|1\n|move|p2b: Fuck it we FBlast|Flamethrower|p1a: Lilligant\n|-supereffective|p1a: Lilligant\n|-enditem|p1a: Lilligant|Focus Sash\n|-damage|p1a: Lilligant|1\/100\n|move|p2a: Brick Room|Trick Room|p2a: Brick Room\n|-fieldstart|move: Trick Room|[of] p2a: Brick Room\n|\n|upkeep\n|turn|2\n|\n|t:|1696867280\n|move|p2a: Brick Room|Ally Switch|p2a: Brick Room\n|swap|p2a: Brick Room|1|[from] move: Ally Switch\n|move|p2a: Fuck it we FBlast|Flamethrower|p1a: Lilligant\n|-supereffective|p1a: Lilligant\n|-damage|p1a: Lilligant|0 fnt\n|faint|p1a: Lilligant\n|move|p1b: Oricorio|Substitute|p1b: Oricorio\n|-start|p1b: Oricorio|Substitute\n|-damage|p1b: Oricorio|76\/100\n|\n|-heal|p1b: Oricorio|82\/100|[from] item: Leftovers\n|upkeep\n|\n|t:|1696867292\n|switch|p1a: Crawdaunt|Crawdaunt, M|100\/100\n|turn|3\n|\n|t:|1696867297\n|move|p1b: Oricorio|Protect|p1b: Oricorio\n|-singleturn|p1b: Oricorio|Protect\n|move|p2a: Fuck it we FBlast|Focus Blast|p1a: Crawdaunt|[miss]\n|-miss|p2a: Fuck it we FBlast|p1a: Crawdaunt\n|move|p2b: Brick Room|Dazzling Gleam|p1a: Crawdaunt|[spread] p1a\n|-activate|p1b: Oricorio|move: Protect\n|-supereffective|p1a: Crawdaunt\n|-damage|p1a: Crawdaunt|59\/100\n|move|p1a: Crawdaunt|Dragon Dance|p1a: Crawdaunt\n|-boost|p1a: Crawdaunt|atk|1\n|-boost|p1a: Crawdaunt|spe|1\n|-activate|p1b: Oricorio|ability: Dancer\n|move|p1b: Oricorio|Dragon Dance|p1b: Oricorio|[from]ability: Dancer\n|-boost|p1b: Oricorio|atk|1\n|-boost|p1b: Oricorio|spe|1\n|\n|-heal|p1b: Oricorio|88\/100|[from] item: Leftovers\n|upkeep\n|turn|4\n|\n|t:|1696867316\n|move|p1a: Crawdaunt|Aqua Jet|p2a: Fuck it we FBlast\n|-supereffective|p2a: Fuck it we FBlast\n|-damage|p2a: Fuck it we FBlast|0 fnt\n|faint|p2a: Fuck it we FBlast\n|move|p2b: Brick Room|Dazzling Gleam|p1b: Oricorio|[spread] p1a,p1b\n|-activate|p1b: Oricorio|move: Substitute|[damage]\n|-supereffective|p1a: Crawdaunt\n|-damage|p1a: Crawdaunt|16\/100\n|-enditem|p1a: Crawdaunt|Sitrus Berry|[eat]\n|-heal|p1a: Crawdaunt|41\/100|[from] item: Sitrus Berry\n|move|p1b: Oricorio|Revelation Dance|p2b: Brick Room\n|-resisted|p2b: Brick Room\n|-damage|p2b: Brick Room|93\/100\n|\n|-heal|p1b: Oricorio|94\/100|[from] item: Leftovers\n|upkeep\n|\n|t:|1696867336\n|switch|p2a: SnowBotClubPenguin|Iron Bundle|100\/100\n|-enditem|p2a: SnowBotClubPenguin|Booster Energy\n|-activate|p2a: SnowBotClubPenguin|ability: Quark Drive|[fromitem]\n|-start|p2a: SnowBotClubPenguin|quarkdrivespe\n|turn|5\n|\n|t:|1696867345\n|move|p1b: Oricorio|Protect|p1b: Oricorio\n|-singleturn|p1b: Oricorio|Protect\n|move|p2b: Brick Room|Dazzling Gleam|p1a: Crawdaunt|[spread] p1a\n|-activate|p1b: Oricorio|move: Protect\n|-supereffective|p1a: Crawdaunt\n|-damage|p1a: Crawdaunt|0 fnt\n|faint|p1a: Crawdaunt\n|move|p2a: SnowBotClubPenguin|Icy Wind|p1b: Oricorio\n|-activate|p1b: Oricorio|move: Protect\n|\n|-heal|p1b: Oricorio|99\/100|[from] item: Leftovers\n|-fieldend|move: Trick Room\n|upkeep\n|\n|t:|1696867362\n|switch|p1a: Gyarados|Gyarados, M|100\/100\n|-ability|p1a: Gyarados|Intimidate|boost\n|-unboost|p2a: SnowBotClubPenguin|atk|1\n|-unboost|p2b: Brick Room|atk|1\n|turn|6\n|\n|t:|1696867370\n|move|p2b: Brick Room|Helping Hand|p2a: SnowBotClubPenguin\n|-singleturn|p2a: SnowBotClubPenguin|Helping Hand|[of] p2b: Brick Room\n|move|p2a: SnowBotClubPenguin|Freeze-Dry|p1a: Gyarados\n|-supereffective|p1a: Gyarados\n|-damage|p1a: Gyarados|0 fnt\n|faint|p1a: Gyarados\n|move|p1b: Oricorio|Dual Wingbeat|p2a: SnowBotClubPenguin|[miss]\n|-miss|p1b: Oricorio|p2a: SnowBotClubPenguin\n|\n|-heal|p1b: Oricorio|100\/100|[from] item: Leftovers\n|upkeep\n|\n|t:|1696867384\n|switch|p1a: Pachirisu|Pachirisu, M|100\/100\n|turn|7\n|\n|t:|1696867391\n|move|p1b: Oricorio|Protect|p1b: Oricorio\n|-singleturn|p1b: Oricorio|Protect\n|move|p2a: SnowBotClubPenguin|Hydro Pump|p1b: Oricorio\n|-activate|p1b: Oricorio|move: Protect\n|move|p1a: Pachirisu|Nuzzle|p2a: SnowBotClubPenguin\n|-supereffective|p2a: SnowBotClubPenguin\n|-damage|p2a: SnowBotClubPenguin|90\/100\n|-status|p2a: SnowBotClubPenguin|par\n|move|p2b: Brick Room|Dazzling Gleam|p1b: Oricorio|[spread] p1a\n|-activate|p1b: Oricorio|move: Protect\n|-damage|p1a: Pachirisu|89\/100\n|\n|upkeep\n|turn|8\n|\n|t:|1696867411\n|move|p1a: Pachirisu|Follow Me|p1a: Pachirisu\n|-singleturn|p1a: Pachirisu|move: Follow Me\n|move|p1b: Oricorio|Dual Wingbeat|p2a: SnowBotClubPenguin\n|-damage|p2a: SnowBotClubPenguin|65\/100 par\n|-damage|p2a: SnowBotClubPenguin|40\/100 par\n|-hitcount|p2a: SnowBotClubPenguin|2\n|move|p2a: SnowBotClubPenguin|Hydro Pump|p1a: Pachirisu\n|-damage|p1a: Pachirisu|32\/100\n|move|p2b: Brick Room|Dazzling Gleam|p1a: Pachirisu|[spread] p1a,p1b\n|-end|p1b: Oricorio|Substitute\n|-damage|p1a: Pachirisu|21\/100\n|-enditem|p1a: Pachirisu|Wiki Berry|[eat]\n|-heal|p1a: Pachirisu|55\/100|[from] item: Wiki Berry\n|\n|upkeep\n|turn|9\n|\n|t:|1696867431\n|move|p1b: Oricorio|Substitute|p1b: Oricorio\n|-start|p1b: Oricorio|Substitute\n|-damage|p1b: Oricorio|76\/100\n|move|p2a: SnowBotClubPenguin|Hydro Pump|p1b: Oricorio|[miss]\n|-miss|p2a: SnowBotClubPenguin|p1b: Oricorio\n|move|p1a: Pachirisu|Volt Switch|p2a: SnowBotClubPenguin\n|-supereffective|p2a: SnowBotClubPenguin\n|-damage|p2a: SnowBotClubPenguin|0 fnt\n|faint|p2a: SnowBotClubPenguin\n|-end|p2a: SnowBotClubPenguin|Quark Drive|[silent]\n|\n|t:|1696867440\n|switch|p1a: Volcarona|Volcarona, M|100\/100|[from] Volt Switch\n|move|p2b: Brick Room|Dazzling Gleam|p1b: Oricorio|[spread] p1a,p1b\n|-activate|p1b: Oricorio|move: Substitute|[damage]\n|-resisted|p1a: Volcarona\n|-damage|p1a: Volcarona|94\/100\n|\n|-heal|p1b: Oricorio|82\/100|[from] item: Leftovers\n|upkeep\n|\n|t:|1696867451\n|switch|p2a: 1988 Chevy Camaro|Escavalier, F|100\/100\n|turn|10\n|\n|t:|1696867475\n|move|p1b: Oricorio|Protect|p1b: Oricorio\n|-singleturn|p1b: Oricorio|Protect\n|move|p2b: Brick Room|Ally Switch|p2b: Brick Room\n|swap|p2b: Brick Room|0|[from] move: Ally Switch\n|move|p1a: Volcarona|Quiver Dance|p1a: Volcarona\n|-boost|p1a: Volcarona|spa|1\n|-boost|p1a: Volcarona|spd|1\n|-boost|p1a: Volcarona|spe|1\n|-activate|p1b: Oricorio|ability: Dancer\n|move|p1b: Oricorio|Quiver Dance|p1b: Oricorio|[from]ability: Dancer\n|-boost|p1b: Oricorio|spa|1\n|-boost|p1b: Oricorio|spd|1\n|-boost|p1b: Oricorio|spe|1\n|move|p2b: 1988 Chevy Camaro|Razor Shell|p1a: Volcarona\n|-supereffective|p1a: Volcarona\n|-damage|p1a: Volcarona|0 fnt\n|faint|p1a: Volcarona\n|\n|-heal|p1b: Oricorio|88\/100|[from] item: Leftovers\n|upkeep\n|\n|t:|1696867492\n|switch|p1a: Pachirisu|Pachirisu, M|55\/100\n|turn|11\n|\n|t:|1696867499\n|move|p1b: Oricorio|Dual Wingbeat|p2a: Brick Room\n|-damage|p2a: Brick Room|78\/100\n|-damage|p1b: Oricorio|71\/100|[from] item: Rocky Helmet|[of] p2a: Brick Room\n|-damage|p2a: Brick Room|62\/100\n|-damage|p1b: Oricorio|55\/100|[from] item: Rocky Helmet|[of] p2a: Brick Room\n|-hitcount|p2a: Brick Room|2\n|move|p1a: Pachirisu|Nuzzle|p2b: 1988 Chevy Camaro\n|-damage|p2b: 1988 Chevy Camaro|97\/100\n|-status|p2b: 1988 Chevy Camaro|par\n|move|p2a: Brick Room|Dazzling Gleam|p1a: Pachirisu|[spread] p1a,p1b\n|-activate|p1b: Oricorio|move: Substitute|[damage]\n|-damage|p1a: Pachirisu|43\/100\n|move|p2b: 1988 Chevy Camaro|Razor Shell|p1b: Oricorio\n|-end|p1b: Oricorio|Substitute\n|\n|-heal|p1b: Oricorio|61\/100|[from] item: Leftovers\n|upkeep\n|turn|12\n|\n|t:|1696867522\n|move|p1b: Oricorio|Substitute|p1b: Oricorio\n|-start|p1b: Oricorio|Substitute\n|-damage|p1b: Oricorio|36\/100\n|move|p1a: Pachirisu|Nuzzle|p2a: Brick Room\n|-damage|p2a: Brick Room|59\/100\n|-status|p2a: Brick Room|par\n|-damage|p1a: Pachirisu|27\/100|[from] item: Rocky Helmet|[of] p2a: Brick Room\n|move|p2a: Brick Room|Dazzling Gleam|p1b: Oricorio|[spread] p1a,p1b\n|-activate|p1b: Oricorio|move: Substitute|[damage]\n|-damage|p1a: Pachirisu|16\/100\n|cant|p2b: 1988 Chevy Camaro|par\n|\n|-heal|p1b: Oricorio|42\/100|[from] item: Leftovers\n|upkeep\n|turn|13\n|\n|t:|1696867546\n|move|p1b: Oricorio|Dual Wingbeat|p2a: Brick Room\n|-damage|p2a: Brick Room|45\/100 par\n|-damage|p1b: Oricorio|25\/100|[from] item: Rocky Helmet|[of] p2a: Brick Room\n|-damage|p2a: Brick Room|29\/100 par\n|-damage|p1b: Oricorio|9\/100|[from] item: Rocky Helmet|[of] p2a: Brick Room\n|-hitcount|p2a: Brick Room|2\n|move|p1a: Pachirisu|Super Fang|p2a: Brick Room\n|-damage|p2a: Brick Room|15\/100 par\n|-damage|p1a: Pachirisu|0 fnt|[from] item: Rocky Helmet|[of] p2a: Brick Room\n|faint|p1a: Pachirisu\n|move|p2a: Brick Room|Dazzling Gleam|p1b: Oricorio\n|-activate|p1b: Oricorio|move: Substitute|[damage]\n|move|p2b: 1988 Chevy Camaro|Razor Shell|p1b: Oricorio\n|-end|p1b: Oricorio|Substitute\n|\n|-heal|p1b: Oricorio|15\/100|[from] item: Leftovers\n|upkeep\n|turn|14\n|\n|t:|1696867565\n|move|p1b: Oricorio|Revelation Dance|p2a: Brick Room\n|-resisted|p2a: Brick Room\n|-damage|p2a: Brick Room|4\/100 par\n|move|p2a: Brick Room|Dazzling Gleam|p1b: Oricorio\n|-damage|p1b: Oricorio|5\/100\n|move|p2b: 1988 Chevy Camaro|Razor Shell|p1b: Oricorio\n|-damage|p1b: Oricorio|0 fnt\n|faint|p1b: Oricorio\n|\n|win|BucketAxolotlYT\n|raw|leoprro's rating: 1082 &rarr; <strong>1055<\/strong><br \/>(-27 for losing)\n|raw|BucketAxolotlYT's rating: 1000 &rarr; <strong>1049<\/strong><br \/>(+49 for winning)\n|l|\u2606leoprro\n|c|\u2606BucketAxolotlYT|gg\n","uploadtime":1696867577,"views":10,"p1id":"leoprro","p2id":"bucketaxolotlyt","formatid":"gen9nationaldexdoubles","rating":1049,"private":0,"password":""}