{"id":"gen9nationaldexdoubles-1964491289","p1":"WIISPORTSFAN420","p2":"jayc_fgc","format":"[Gen 9] National Dex Doubles","log":"|j|\u2606WIISPORTSFAN420\n|j|\u2606jayc_fgc\n|t:|1696973389\n|gametype|doubles\n|player|p1|WIISPORTSFAN420|265|\n|player|p2|jayc_fgc|102|\n|teamsize|p1|6\n|teamsize|p2|6\n|gen|9\n|tier|[Gen 9] National Dex Doubles\n|rule|HP Percentage Mod: HP is shown in percentages\n|rule|Endless Battle Clause: Forcing endless battles is banned\n|rule|OHKO Clause: OHKO moves are banned\n|rule|Evasion Moves Clause: Evasion moves are banned\n|rule|Evasion Abilities Clause: Evasion abilities are banned\n|rule|Species Clause: Limit one of each Pok\u00e9mon\n|rule|Gravity Sleep Clause: The combination of sleep-inducing moves with imperfect accuracy and Gravity or Gigantamax Orbeetle are banned\n|clearpoke\n|poke|p1|Chi-Yu|\n|poke|p1|Dondozo, M|\n|poke|p1|Gardevoir, F|\n|poke|p1|Arcanine-Hisui, M|\n|poke|p1|Murkrow, F|\n|poke|p1|Brute Bonnet|\n|poke|p2|Ninetales-Alola, F|\n|poke|p2|Mamoswine, F|\n|poke|p2|Flareon, M|\n|poke|p2|Swampert, M|\n|poke|p2|Froslass, F|\n|poke|p2|Baxcalibur, M|\n|teampreview\n|\n|t:|1696973400\n|start\n|switch|p1a: lil guy|Chi-Yu|100\/100\n|switch|p1b: funny hat guy|Murkrow, F, shiny|100\/100\n|switch|p2a: Swampert|Swampert, M|100\/100\n|switch|p2b: Baxcalibur|Baxcalibur, M|100\/100\n|-ability|p1a: lil guy|Beads of Ruin\n|turn|1\n|\n|t:|1696973431\n|switch|p2b: Flareon|Flareon, M|100\/100\n|move|p1b: funny hat guy|Tailwind|p1b: funny hat guy\n|-sidestart|p1: WIISPORTSFAN420|move: Tailwind\n|move|p1a: lil guy|Overheat|p2b: Flareon\n|-start|p2b: Flareon|ability: Flash Fire\n|move|p2a: Swampert|Darkest Lariat|p1a: lil guy\n|-resisted|p1a: lil guy\n|-damage|p1a: lil guy|85\/100\n|\n|upkeep\n|turn|2\n|\n|t:|1696973459\n|move|p1a: lil guy|Dark Pulse|p2b: Flareon\n|-damage|p2b: Flareon|20\/100\n|-damage|p1a: lil guy|75\/100|[from] item: Life Orb\n|move|p1b: funny hat guy|Foul Play|p2b: Flareon\n|-damage|p2b: Flareon|0 fnt\n|faint|p2b: Flareon\n|move|p2a: Swampert|Hydro Pump|p1a: lil guy|[miss]\n|-miss|p2a: Swampert|p1a: lil guy\n|\n|upkeep\n|\n|t:|1696973469\n|switch|p2b: Ninetales|Ninetales-Alola, F|100\/100\n|-weather|Snow|[from] ability: Snow Warning|[of] p2b: Ninetales\n|turn|3\n|\n|t:|1696973477\n|move|p1b: funny hat guy|Sunny Day|p1b: funny hat guy\n|-weather|SunnyDay\n|move|p1a: lil guy|Overheat|p2b: Ninetales\n|-supereffective|p2b: Ninetales\n|-enditem|p2b: Ninetales|Focus Sash\n|-damage|p2b: Ninetales|1\/100\n|-unboost|p1a: lil guy|spa|2\n|-damage|p1a: lil guy|65\/100|[from] item: Life Orb\n|move|p2b: Ninetales|Aqua Tail|p1a: lil guy|[miss]\n|-miss|p2b: Ninetales|p1a: lil guy\n|move|p2a: Swampert|Hydro Pump|p1a: lil guy\n|-supereffective|p1a: lil guy\n|-damage|p1a: lil guy|9\/100\n|\n|-weather|SunnyDay|[upkeep]\n|upkeep\n|turn|4\n|\n|t:|1696973494\n|move|p1a: lil guy|Heat Wave|p2a: Swampert|[spread] p2a,p2b\n|-resisted|p2a: Swampert\n|-supereffective|p2b: Ninetales\n|-damage|p2a: Swampert|74\/100\n|-damage|p2b: Ninetales|0 fnt\n|faint|p2b: Ninetales\n|-damage|p1a: lil guy|0 fnt|[from] item: Life Orb\n|faint|p1a: lil guy\n|move|p1b: funny hat guy|Foul Play|p2a: Swampert\n|-damage|p2a: Swampert|38\/100\n|-damage|p1b: funny hat guy|84\/100|[from] item: Rocky Helmet|[of] p2a: Swampert\n|move|p2a: Swampert|Sludge Wave|p1b: funny hat guy\n|-damage|p1b: funny hat guy|59\/100\n|\n|-weather|SunnyDay|[upkeep]\n|-sideend|p1: WIISPORTSFAN420|move: Tailwind\n|upkeep\n|\n|t:|1696973510\n|switch|p2b: Mamoswine|Mamoswine, F|100\/100\n|switch|p1a: Keke Tang|Gardevoir, F, shiny|100\/100\n|turn|5\n|\n|t:|1696973525\n|detailschange|p1a: Keke Tang|Gardevoir-Mega, F, shiny\n|-mega|p1a: Keke Tang|Gardevoir|Gardevoirite\n|move|p1b: funny hat guy|Protect|p1b: funny hat guy\n|-singleturn|p1b: funny hat guy|Protect\n|move|p1a: Keke Tang|Hyper Voice|p2a: Swampert|[spread] p2a,p2b\n|-crit|p2a: Swampert\n|-damage|p2a: Swampert|0 fnt\n|-damage|p2b: Mamoswine|5\/100\n|faint|p2a: Swampert\n|move|p2b: Mamoswine|Stealth Rock|p1b: funny hat guy\n|-sidestart|p1: WIISPORTSFAN420|move: Stealth Rock\n|\n|-weather|SunnyDay|[upkeep]\n|-heal|p2b: Mamoswine|11\/100|[from] item: Leftovers\n|upkeep\n|\n|t:|1696973534\n|switch|p2a: Froslass|Froslass, F|100\/100\n|turn|6\n|\n|t:|1696973542\n|move|p1b: funny hat guy|Tailwind|p1b: funny hat guy\n|-sidestart|p1: WIISPORTSFAN420|move: Tailwind\n|move|p1a: Keke Tang|Hyper Voice|p2a: Froslass|[spread] p2a,p2b\n|-damage|p2a: Froslass|8\/100\n|-damage|p2b: Mamoswine|0 fnt\n|faint|p2b: Mamoswine\n|move|p2a: Froslass|Draining Kiss|p1b: funny hat guy\n|-supereffective|p1b: funny hat guy\n|-damage|p1b: funny hat guy|36\/100\n|-heal|p2a: Froslass|28\/100|[from] drain|[of] p1b: funny hat guy\n|\n|-weather|SunnyDay|[upkeep]\n|upkeep\n|\n|t:|1696973546\n|switch|p2b: Baxcalibur|Baxcalibur, M|100\/100\n|turn|7\n|\n|t:|1696973558\n|move|p2a: Froslass|Sucker Punch|p1a: Keke Tang\n|-damage|p1a: Keke Tang|77\/100\n|move|p1a: Keke Tang|Moonblast|p2b: Baxcalibur\n|-supereffective|p2b: Baxcalibur\n|-damage|p2b: Baxcalibur|0 fnt\n|faint|p2b: Baxcalibur\n|move|p1b: funny hat guy|Foul Play|p2a: Froslass\n|-supereffective|p2a: Froslass\n|-crit|p2a: Froslass\n|-damage|p2a: Froslass|0 fnt\n|faint|p2a: Froslass\n|\n|win|WIISPORTSFAN420\n|l|\u2606jayc_fgc\n","uploadtime":1696973652,"views":15,"p1id":"wiisportsfan420","p2id":"jaycfgc","formatid":"gen9nationaldexdoubles","rating":0,"private":0,"password":""}