{"id":"gen9nationaldexdoubles-1967299452","p1":"I'mSuspecious)","p2":"Saramatbk","format":"[Gen 9] National Dex Doubles","log":"|j|\u2606I'mSuspecious)\n|j|\u2606Saramatbk\n|t:|1697286662\n|gametype|doubles\n|player|p1|I'mSuspecious)|wallace|1285\n|player|p2|Saramatbk|unknown|1323\n|teamsize|p1|6\n|teamsize|p2|6\n|gen|9\n|tier|[Gen 9] National Dex Doubles\n|rated|\n|rule|HP Percentage Mod: HP is shown in percentages\n|rule|Endless Battle Clause: Forcing endless battles is banned\n|rule|OHKO Clause: OHKO moves are banned\n|rule|Evasion Moves Clause: Evasion moves are banned\n|rule|Evasion Abilities Clause: Evasion abilities are banned\n|rule|Species Clause: Limit one of each Pok\u00e9mon\n|rule|Gravity Sleep Clause: The combination of sleep-inducing moves with imperfect accuracy and Gravity or Gigantamax Orbeetle are banned\n|clearpoke\n|poke|p1|Orbeetle, M|\n|poke|p1|Scyther, M|\n|poke|p1|Kleavor, F|\n|poke|p1|Volcarona, M|\n|poke|p1|Scizor, M|\n|poke|p1|Vikavolt, F|\n|poke|p2|Iron Bundle|\n|poke|p2|Gardevoir, F|\n|poke|p2|Whimsicott, M|\n|poke|p2|Metagross|\n|poke|p2|Garchomp, F|\n|poke|p2|Moltres-Galar|\n|teampreview\n|c|\u2606I'mSuspecious)|I aint winning this\n|j| czcyf\n|\n|t:|1697286696\n|start\n|switch|p1a: Scyther|Scyther, M|100\/100\n|switch|p1b: Volcarona|Volcarona, M|100\/100\n|switch|p2a: Moltres|Moltres-Galar|100\/100\n|switch|p2b: Garchomp|Garchomp, F|100\/100\n|turn|1\n|c|\u2606Saramatbk|why all bug ??XD\n|c|\u2606I'mSuspecious)|I'm trying mono of every type I'm at bug and so far the hardest this is far from a good team and I am stuck\n|c|\u2606I'mSuspecious)|I've got some insane teams but bug's by far the weakest right now\n|\n|t:|1697286752\n|move|p2a: Moltres|Helping Hand|p2b: Garchomp\n|-singleturn|p2b: Garchomp|Helping Hand|[of] p2a: Moltres\n|move|p1b: Volcarona|Protect|p1b: Volcarona\n|-singleturn|p1b: Volcarona|Protect\n|move|p2b: Garchomp|Rock Slide|p1b: Volcarona|[spread] p1a\n|-activate|p1b: Volcarona|move: Protect\n|-supereffective|p1a: Scyther\n|-damage|p1a: Scyther|0 fnt\n|faint|p1a: Scyther\n|\n|upkeep\n|c|\u2606Saramatbk|ahhh okay okay fair enough\n|c|\u2606I'mSuspecious)|shit\n|\n|t:|1697286790\n|switch|p1a: Scizor|Scizor, M|100\/100\n|turn|2\n|c|\u2606Saramatbk|why not use lokix?\n|\n|t:|1697286804\n|detailschange|p1a: Scizor|Scizor-Mega, M\n|-mega|p1a: Scizor|Scizor|Scizorite\n|-terastallize|p1b: Volcarona|Water\n|move|p2b: Garchomp|Rock Slide|p1b: Volcarona|[spread] p1a,p1b\n|-damage|p1a: Scizor|79\/100\n|-damage|p1b: Volcarona|71\/100\n|move|p1b: Volcarona|Quiver Dance|p1b: Volcarona\n|-boost|p1b: Volcarona|spa|1\n|-boost|p1b: Volcarona|spd|1\n|-boost|p1b: Volcarona|spe|1\n|move|p2a: Moltres|Fiery Wrath|p1a: Scizor|[spread] p1a,p1b\n|-damage|p1a: Scizor|45\/100\n|-damage|p1b: Volcarona|51\/100\n|cant|p1a: Scizor|flinch\n|\n|upkeep\n|turn|3\n|c|\u2606I'mSuspecious)|I've tried\n|c|\u2606I'mSuspecious)|shit\n|\n|t:|1697286834\n|switch|p2b: Whimsicott|Whimsicott, M|100\/100\n|move|p2a: Moltres|Protect|p2a: Moltres\n|-singleturn|p2a: Moltres|Protect\n|move|p1b: Volcarona|Tera Blast|p2b: Whimsicott|[anim] Tera Blast Water\n|-resisted|p2b: Whimsicott\n|-damage|p2b: Whimsicott|67\/100\n|move|p1a: Scizor|Aerial Ace|p2b: Whimsicott\n|-supereffective|p2b: Whimsicott\n|-damage|p2b: Whimsicott|3\/100\n|\n|upkeep\n|turn|4\n|c|\u2606I'mSuspecious)|aww no way\n|\n|t:|1697286858\n|switch|p2b: Metagross|Metagross|100\/100\n|move|p1b: Volcarona|Heat Wave|p2a: Moltres|[spread] p2a,p2b\n|-crit|p2a: Moltres\n|-supereffective|p2b: Metagross\n|-damage|p2a: Moltres|45\/100\n|-damage|p2b: Metagross|7\/100\n|-enditem|p2b: Metagross|Weakness Policy\n|-boost|p2b: Metagross|atk|2|[from] item: Weakness Policy\n|-boost|p2b: Metagross|spa|2|[from] item: Weakness Policy\n|-ability|p2a: Moltres|Berserk|boost\n|-boost|p2a: Moltres|spa|1\n|-enditem|p2a: Moltres|Sitrus Berry|[eat]\n|-heal|p2a: Moltres|70\/100|[from] item: Sitrus Berry\n|move|p2a: Moltres|Fiery Wrath|p1b: Volcarona|[spread] p1a,p1b\n|-damage|p1a: Scizor|0 fnt\n|-damage|p1b: Volcarona|19\/100\n|faint|p1a: Scizor\n|\n|upkeep\n|\n|t:|1697286889\n|switch|p1a: Kleavor|Kleavor, F|100\/100\n|turn|5\n|c|\u2606Saramatbk|the volcarona is scary\n|\n|t:|1697286906\n|move|p1b: Volcarona|Protect|p1b: Volcarona\n|-singleturn|p1b: Volcarona|Protect\n|move|p2a: Moltres|Protect|p2a: Moltres\n|-singleturn|p2a: Moltres|Protect\n|move|p2b: Metagross|Bullet Punch|p1b: Volcarona\n|-activate|p1b: Volcarona|move: Protect\n|move|p1a: Kleavor|Rock Slide|p2b: Metagross|[spread] p2b\n|-activate|p2a: Moltres|move: Protect\n|-resisted|p2b: Metagross\n|-damage|p2b: Metagross|0 fnt\n|faint|p2b: Metagross\n|\n|upkeep\n|c|\u2606I'mSuspecious)|shit\n|\n|t:|1697286914\n|switch|p2b: Gardevoir|Gardevoir, F, shiny|100\/100\n|turn|6\n|\n|t:|1697286951\n|switch|p1b: Orbeetle|Orbeetle, M|100\/100\n|-item|p2b: Gardevoir|Gardevoirite|[from] ability: Frisk|[of] p1b: Orbeetle|[identify]\n|detailschange|p2b: Gardevoir|Gardevoir-Mega, F, shiny\n|-mega|p2b: Gardevoir|Gardevoir|Gardevoirite\n|move|p2b: Gardevoir|Protect|p2b: Gardevoir\n|-singleturn|p2b: Gardevoir|Protect\n|move|p1a: Kleavor|Rock Slide|p2b: Gardevoir|[spread] \n|-activate|p2b: Gardevoir|move: Protect\n|-miss|p1a: Kleavor|p2a: Moltres\n|move|p2a: Moltres|Fiery Wrath|p1b: Orbeetle|[spread] p1a,p1b\n|-supereffective|p1b: Orbeetle\n|-damage|p1a: Kleavor|26\/100\n|-damage|p1b: Orbeetle|18\/100\n|\n|-heal|p1b: Orbeetle|25\/100|[from] item: Leftovers\n|upkeep\n|turn|7\n|c|\u2606I'mSuspecious)|nah\n|c|\u2606I'mSuspecious)|no way bug doesn't resist dark\\\n|\n|t:|1697286976\n|move|p2a: Moltres|Helping Hand|p2b: Gardevoir\n|-singleturn|p2b: Gardevoir|Helping Hand|[of] p2a: Moltres\n|move|p1a: Kleavor|Rock Slide|p2b: Gardevoir|[spread] p2b\n|-miss|p1a: Kleavor|p2a: Moltres\n|-damage|p2b: Gardevoir|47\/100\n|move|p2b: Gardevoir|Hyper Voice|p1b: Orbeetle|[spread] p1a,p1b\n|-damage|p1a: Kleavor|0 fnt\n|-damage|p1b: Orbeetle|0 fnt\n|faint|p1a: Kleavor\n|faint|p1b: Orbeetle\n|\n|upkeep\n|c|\u2606I'mSuspecious)|shit fgggs]\n|-message|I'mSuspecious) forfeited.\n|\n|win|Saramatbk\n|raw|I&apos;mSuspecious)'s rating: 1285 &rarr; <strong>1263<\/strong><br \/>(-22 for losing)\n|raw|Saramatbk's rating: 1323 &rarr; <strong>1341<\/strong><br \/>(+18 for winning)\n|l|\u2606I'mSuspecious)\n","uploadtime":1697286983,"views":10,"p1id":"imsuspecious","p2id":"saramatbk","formatid":"gen9nationaldexdoubles","rating":1263,"private":0,"password":""}