{"id":"gen9nationaldexdoubles-1958988851","p1":"TheMagicMudkip","p2":"zeref203","format":"[Gen 9] National Dex Doubles","log":"|j|\u2606TheMagicMudkip\n|j|\u2606zeref203\n|t:|1696375333\n|gametype|doubles\n|player|p1|TheMagicMudkip|169|1059\n|player|p2|zeref203|266|1107\n|teamsize|p1|6\n|teamsize|p2|6\n|gen|9\n|tier|[Gen 9] National Dex Doubles\n|rated|\n|rule|HP Percentage Mod: HP is shown in percentages\n|rule|Endless Battle Clause: Forcing endless battles is banned\n|rule|OHKO Clause: OHKO moves are banned\n|rule|Evasion Moves Clause: Evasion moves are banned\n|rule|Evasion Abilities Clause: Evasion abilities are banned\n|rule|Species Clause: Limit one of each Pok\u00e9mon\n|rule|Gravity Sleep Clause: The combination of sleep-inducing moves with imperfect accuracy and Gravity or Gigantamax Orbeetle are banned\n|clearpoke\n|poke|p1|Ting-Lu|\n|poke|p1|Bronzong|\n|poke|p1|Dragapult, M|\n|poke|p1|Flutter Mane|\n|poke|p1|Toxapex, M|\n|poke|p1|Ceruledge, F|\n|poke|p2|Great Tusk|\n|poke|p2|Goodra-Hisui, M|\n|poke|p2|Ninetales-Alola, F|\n|poke|p2|Metagross|\n|poke|p2|Feraligatr, M|\n|poke|p2|Absol, F|\n|teampreview\n|inactive|Battle timer is ON: inactive players will automatically lose when time's up. (requested by zeref203)\n|\n|t:|1696375342\n|start\n|switch|p1a: Ting-Lu|Ting-Lu|100\/100\n|switch|p1b: Bronzong|Bronzong|100\/100\n|switch|p2a: Ninetales|Ninetales-Alola, F|100\/100\n|switch|p2b: Absol|Absol, F|100\/100\n|-weather|Snow|[from] ability: Snow Warning|[of] p2a: Ninetales\n|-ability|p1a: Ting-Lu|Vessel of Ruin\n|turn|1\n|\n|t:|1696375362\n|detailschange|p2b: Absol|Absol-Mega, F\n|-mega|p2b: Absol|Absol|Absolite\n|move|p2b: Absol|Shadow Claw|p1b: Bronzong\n|-supereffective|p1b: Bronzong\n|-damage|p1b: Bronzong|59\/100\n|move|p2a: Ninetales|Aurora Veil|p2a: Ninetales\n|-sidestart|p2: zeref203|move: Aurora Veil\n|move|p1a: Ting-Lu|Spikes|p2b: Absol\n|move|p2b: Absol|Spikes|p1a: Ting-Lu|[from]ability: Magic Bounce\n|-sidestart|p1: TheMagicMudkip|Spikes\n|move|p1b: Bronzong|Trick Room|p1b: Bronzong\n|-fieldstart|move: Trick Room|[of] p1b: Bronzong\n|\n|-weather|Snow|[upkeep]\n|-heal|p1b: Bronzong|65\/100|[from] item: Leftovers\n|upkeep\n|turn|2\n|\n|t:|1696375381\n|move|p2b: Absol|Sucker Punch||[still]\n|-fail|p2b: Absol\n|move|p1b: Bronzong|Hypnosis|p2b: Absol\n|move|p2b: Absol|Hypnosis|p1b: Bronzong|[from]ability: Magic Bounce\n|-status|p1b: Bronzong|slp|[from] move: Hypnosis\n|move|p1a: Ting-Lu|Spikes|p2a: Ninetales\n|move|p2b: Absol|Spikes|p1a: Ting-Lu|[from]ability: Magic Bounce\n|-sidestart|p1: TheMagicMudkip|Spikes\n|move|p2a: Ninetales|Freeze-Dry|p1a: Ting-Lu\n|-supereffective|p1a: Ting-Lu\n|-damage|p1a: Ting-Lu|79\/100\n|\n|-weather|Snow|[upkeep]\n|-heal|p1b: Bronzong|72\/100 slp|[from] item: Leftovers\n|-heal|p1a: Ting-Lu|86\/100|[from] item: Leftovers\n|upkeep\n|turn|3\n|inactive|TheMagicMudkip has 120 seconds left.\n|\n|t:|1696375414\n|switch|p2a: Feraligatr|Feraligatr, M|100\/100\n|cant|p1b: Bronzong|slp\n|move|p2b: Absol|Swords Dance|p2b: Absol\n|-boost|p2b: Absol|atk|2\n|move|p1a: Ting-Lu|Whirlwind|p2b: Absol\n|move|p2b: Absol|Whirlwind|p1a: Ting-Lu|[from]ability: Magic Bounce\n|drag|p1a: Flutter Mane|Flutter Mane|100\/100\n|-damage|p1a: Flutter Mane|84\/100|[from] Spikes\n|-enditem|p1a: Flutter Mane|Booster Energy\n|-activate|p1a: Flutter Mane|ability: Protosynthesis|[fromitem]\n|-start|p1a: Flutter Mane|protosynthesisspe\n|\n|-weather|Snow|[upkeep]\n|-heal|p1b: Bronzong|78\/100 slp|[from] item: Leftovers\n|upkeep\n|turn|4\n|\n|t:|1696375440\n|cant|p1b: Bronzong|slp\n|move|p2b: Absol|Sucker Punch|p1a: Flutter Mane\n|-damage|p1a: Flutter Mane|0 fnt\n|faint|p1a: Flutter Mane\n|-end|p1a: Flutter Mane|Protosynthesis|[silent]\n|move|p2a: Feraligatr|Rock Slide|p1b: Bronzong\n|-resisted|p1b: Bronzong\n|-damage|p1b: Bronzong|64\/100 slp\n|\n|-weather|Snow|[upkeep]\n|-heal|p1b: Bronzong|70\/100 slp|[from] item: Leftovers\n|upkeep\n|\n|t:|1696375445\n|switch|p1a: Ting-Lu|Ting-Lu|86\/100\n|-damage|p1a: Ting-Lu|69\/100|[from] Spikes\n|-ability|p1a: Ting-Lu|Vessel of Ruin\n|turn|5\n|\n|t:|1696375464\n|-curestatus|p1b: Bronzong|slp|[msg]\n|move|p1b: Bronzong|Protect|p1b: Bronzong\n|-singleturn|p1b: Bronzong|Protect\n|move|p1a: Ting-Lu|Earthquake|p2b: Absol|[spread] p2a,p2b\n|-activate|p1b: Bronzong|move: Protect\n|-damage|p2a: Feraligatr|83\/100\n|-damage|p2b: Absol|64\/100\n|move|p2a: Feraligatr|Liquidation|p1a: Ting-Lu\n|-supereffective|p1a: Ting-Lu\n|-damage|p1a: Ting-Lu|0 fnt\n|faint|p1a: Ting-Lu\n|move|p2b: Absol|Play Rough|p1b: Bronzong\n|-activate|p1b: Bronzong|move: Protect\n|\n|-weather|Snow|[upkeep]\n|-heal|p1b: Bronzong|76\/100|[from] item: Leftovers\n|-sideend|p2: zeref203|move: Aurora Veil\n|-fieldend|move: Trick Room\n|upkeep\n|\n|t:|1696375467\n|switch|p1a: Dragapult|Dragapult, M|100\/100\n|-damage|p1a: Dragapult|84\/100|[from] Spikes\n|turn|6\n|\n|t:|1696375496\n|switch|p1b: Toxapex|Toxapex, M|100\/100\n|-damage|p1b: Toxapex|84\/100|[from] Spikes\n|move|p2b: Absol|Sucker Punch|p1a: Dragapult\n|-supereffective|p1a: Dragapult\n|-damage|p1a: Dragapult|0 fnt\n|faint|p1a: Dragapult\n|move|p2a: Feraligatr|Liquidation|p1b: Toxapex\n|-resisted|p1b: Toxapex\n|-damage|p1b: Toxapex|64\/100\n|\n|-weather|Snow|[upkeep]\n|-heal|p1b: Toxapex|70\/100|[from] item: Leftovers\n|upkeep\n|\n|t:|1696375500\n|switch|p1a: Ceruledge|Ceruledge, F|100\/100\n|-damage|p1a: Ceruledge|84\/100|[from] Spikes\n|turn|7\n|\n|t:|1696375517\n|move|p1b: Toxapex|Baneful Bunker|p1b: Toxapex\n|-singleturn|p1b: Toxapex|move: Protect\n|move|p2b: Absol|Sucker Punch||[still]\n|-fail|p2b: Absol\n|move|p1a: Ceruledge|Swords Dance|p1a: Ceruledge\n|-boost|p1a: Ceruledge|atk|2\n|move|p2a: Feraligatr|Rock Slide|p1a: Ceruledge|[spread] p1a\n|-activate|p1b: Toxapex|move: Protect\n|-supereffective|p1a: Ceruledge\n|-damage|p1a: Ceruledge|5\/100\n|\n|-weather|Snow|[upkeep]\n|-heal|p1b: Toxapex|76\/100|[from] item: Leftovers\n|upkeep\n|turn|8\n|\n|t:|1696375532\n|move|p2b: Absol|Sucker Punch|p1a: Ceruledge\n|-supereffective|p1a: Ceruledge\n|-damage|p1a: Ceruledge|0 fnt\n|faint|p1a: Ceruledge\n|move|p2a: Feraligatr|Rock Slide|p1b: Toxapex\n|-damage|p1b: Toxapex|53\/100\n|move|p1b: Toxapex|Scald|p2b: Absol\n|-damage|p2b: Absol|31\/100\n|\n|-weather|none\n|-heal|p1b: Toxapex|59\/100|[from] item: Leftovers\n|upkeep\n|\n|t:|1696375534\n|switch|p1a: Bronzong|Bronzong|76\/100\n|-damage|p1a: Bronzong|60\/100|[from] Spikes\n|turn|9\n|\n|t:|1696375542\n|move|p2b: Absol|Shadow Claw|p1a: Bronzong\n|-supereffective|p1a: Bronzong\n|-damage|p1a: Bronzong|0 fnt\n|faint|p1a: Bronzong\n|move|p2a: Feraligatr|Liquidation|p1b: Toxapex\n|-resisted|p1b: Toxapex\n|-damage|p1b: Toxapex|40\/100\n|move|p1b: Toxapex|Recover|p1b: Toxapex\n|-heal|p1b: Toxapex|90\/100\n|\n|-heal|p1b: Toxapex|96\/100|[from] item: Leftovers\n|upkeep\n|turn|10\n|-message|TheMagicMudkip forfeited.\n|\n|win|zeref203\n|raw|TheMagicMudkip's rating: 1059 &rarr; <strong>1043<\/strong><br \/>(-16 for losing)\n|raw|zeref203's rating: 1107 &rarr; <strong>1129<\/strong><br \/>(+22 for winning)\n|l|\u2606TheMagicMudkip\n","uploadtime":1696375557,"views":11,"p1id":"themagicmudkip","p2id":"zeref203","formatid":"gen9nationaldexdoubles","rating":1043,"private":0,"password":""}