{"id":"gen9nationaldexdoubles-1990247791","p1":"Dirtyd2oh9","p2":"DragoniteDuskull","format":"[Gen 9] National Dex Doubles","log":"|j|\u2606Dirtyd2oh9\n|j|\u2606DragoniteDuskull\n|t:|1699944127\n|gametype|doubles\n|player|p1|Dirtyd2oh9|ghetsis|1401\n|player|p2|DragoniteDuskull|will|1547\n|teamsize|p1|6\n|teamsize|p2|6\n|gen|9\n|tier|[Gen 9] National Dex Doubles\n|rated|\n|rule|HP Percentage Mod: HP is shown in percentages\n|rule|Endless Battle Clause: Forcing endless battles is banned\n|rule|OHKO Clause: OHKO moves are banned\n|rule|Evasion Moves Clause: Evasion moves are banned\n|rule|Evasion Abilities Clause: Evasion abilities are banned\n|rule|Species Clause: Limit one of each Pok\u00e9mon\n|rule|Gravity Sleep Clause: The combination of sleep-inducing moves with imperfect accuracy and Gravity or Gigantamax Orbeetle are banned\n|clearpoke\n|poke|p1|Heatran, M|\n|poke|p1|Blacephalon|\n|poke|p1|Grimmsnarl, M|\n|poke|p1|Tyranitar, F|\n|poke|p1|Dracovish|\n|poke|p1|Clefable, F|\n|poke|p2|Stakataka|\n|poke|p2|Necrozma|\n|poke|p2|Heatran, M|\n|poke|p2|Ursaluna, M|\n|poke|p2|Hoopa-Unbound|\n|poke|p2|Uxie|\n|teampreview\n|inactive|Battle timer is ON: inactive players will automatically lose when time's up. (requested by Dirtyd2oh9)\n|\n|t:|1699944142\n|start\n|switch|p1a: Grimmsnarl|Grimmsnarl, M|100\/100\n|switch|p1b: Clefable|Clefable, F, shiny|100\/100\n|switch|p2a: Stakataka|Stakataka|100\/100\n|switch|p2b: Ursaluna|Ursaluna, M|100\/100\n|turn|1\n|\n|t:|1699944164\n|switch|p1b: Dracovish|Dracovish, shiny|100\/100\n|move|p1a: Grimmsnarl|Reflect|p1a: Grimmsnarl\n|-sidestart|p1: Dirtyd2oh9|Reflect\n|move|p2b: Ursaluna|Bulk Up|p2b: Ursaluna\n|-boost|p2b: Ursaluna|atk|1\n|-boost|p2b: Ursaluna|def|1\n|move|p2a: Stakataka|Trick Room|p2a: Stakataka\n|-fieldstart|move: Trick Room|[of] p2a: Stakataka\n|\n|-status|p2b: Ursaluna|brn|[from] item: Flame Orb\n|upkeep\n|turn|2\n|\n|t:|1699944183\n|move|p1a: Grimmsnarl|Parting Shot|p2b: Ursaluna\n|-unboost|p2b: Ursaluna|atk|1\n|-unboost|p2b: Ursaluna|spa|1\n|\n|t:|1699944195\n|switch|p1a: Clefable|Clefable, F, shiny|100\/100|[from] Parting Shot\n|move|p2a: Stakataka|Rock Slide|p1b: Dracovish|[spread] p1a,p1b\n|-damage|p1a: Clefable|82\/100\n|-damage|p1b: Dracovish|80\/100\n|move|p2b: Ursaluna|Facade|p1b: Dracovish\n|-damage|p1b: Dracovish|0 fnt\n|faint|p1b: Dracovish\n|\n|-heal|p1a: Clefable|88\/100|[from] item: Leftovers\n|-damage|p2b: Ursaluna|94\/100 brn|[from] brn\n|upkeep\n|inactive|Dirtyd2oh9 has 120 seconds left.\n|\n|t:|1699944210\n|switch|p1b: Grimmsnarl|Grimmsnarl, M|100\/100\n|turn|3\n|\n|t:|1699944223\n|move|p1b: Grimmsnarl|Thunder Wave|p2a: Stakataka\n|-status|p2a: Stakataka|par\n|move|p2a: Stakataka|Gyro Ball|p1b: Grimmsnarl\n|-supereffective|p1b: Grimmsnarl\n|-damage|p1b: Grimmsnarl|0 fnt\n|faint|p1b: Grimmsnarl\n|-ability|p2a: Stakataka|Beast Boost|boost\n|-boost|p2a: Stakataka|def|1\n|move|p2b: Ursaluna|Facade|p1a: Clefable\n|-damage|p1a: Clefable|16\/100\n|move|p1a: Clefable|Calm Mind|p1a: Clefable\n|-boost|p1a: Clefable|spa|1\n|-boost|p1a: Clefable|spd|1\n|\n|-heal|p1a: Clefable|23\/100|[from] item: Leftovers\n|-damage|p2b: Ursaluna|88\/100 brn|[from] brn\n|upkeep\n|\n|t:|1699944240\n|switch|p1b: Tyranitar|Tyranitar, F, shiny|100\/100\n|-weather|Sandstorm|[from] ability: Sand Stream|[of] p1b: Tyranitar\n|turn|4\n|\n|t:|1699944253\n|detailschange|p1b: Tyranitar|Tyranitar-Mega, F, shiny\n|-mega|p1b: Tyranitar|Tyranitar|Tyranitarite\n|move|p2a: Stakataka|Gyro Ball|p1a: Clefable\n|-supereffective|p1a: Clefable\n|-damage|p1a: Clefable|0 fnt\n|faint|p1a: Clefable\n|-ability|p2a: Stakataka|Beast Boost|boost\n|-boost|p2a: Stakataka|def|1\n|move|p2b: Ursaluna|Drain Punch|p1b: Tyranitar\n|-supereffective|p1b: Tyranitar\n|-damage|p1b: Tyranitar|45\/100\n|-heal|p2b: Ursaluna|100\/100 brn|[from] drain|[of] p1b: Tyranitar\n|move|p1b: Tyranitar|Aqua Tail|p2b: Ursaluna\n|-supereffective|p2b: Ursaluna\n|-damage|p2b: Ursaluna|70\/100 brn\n|\n|-weather|Sandstorm|[upkeep]\n|-damage|p2b: Ursaluna|64\/100 brn|[from] brn\n|upkeep\n|\n|t:|1699944270\n|switch|p1a: Heatran|Heatran, M|100\/100\n|turn|5\n|\n|t:|1699944280\n|switch|p2a: Uxie|Uxie|100\/100\n|move|p2b: Ursaluna|Earthquake|p1b: Tyranitar|[spread] p1a,p1b\n|-immune|p2a: Uxie|[from] ability: Levitate\n|-supereffective|p1a: Heatran\n|-supereffective|p1b: Tyranitar\n|-damage|p1a: Heatran|0 fnt\n|-damage|p1b: Tyranitar|1\/100\n|faint|p1a: Heatran\n|move|p1b: Tyranitar|Aqua Tail|p2b: Ursaluna\n|-supereffective|p2b: Ursaluna\n|-damage|p2b: Ursaluna|35\/100 brn\n|\n|-weather|Sandstorm|[upkeep]\n|-damage|p2a: Uxie|94\/100|[from] Sandstorm\n|-damage|p2b: Ursaluna|29\/100 brn|[from] brn\n|-fieldend|move: Trick Room\n|upkeep\n|-message|Dirtyd2oh9 forfeited.\n|\n|win|DragoniteDuskull\n|raw|Dirtyd2oh9's rating: 1401 &rarr; <strong>1389<\/strong><br \/>(-12 for losing)\n|raw|DragoniteDuskull's rating: 1547 &rarr; <strong>1559<\/strong><br \/>(+12 for winning)\n|l|\u2606Dirtyd2oh9\n","uploadtime":1699944299,"views":9,"p1id":"dirtyd2oh9","p2id":"dragoniteduskull","formatid":"gen9nationaldexdoubles","rating":1389,"private":0,"password":""}