{"id":"gen9nationaldexdoubles-1956919149","p1":"DewEnjoyer","p2":"DewEnjoyerer","format":"[Gen 9] National Dex Doubles","log":"|j|\u2606DewEnjoyer\n|j|\u2606DewEnjoyerer\n|t:|1696169809\n|gametype|doubles\n|player|p1|DewEnjoyer|roxie|\n|player|p2|DewEnjoyerer|pokemaniac|\n|teamsize|p1|6\n|teamsize|p2|6\n|gen|9\n|tier|[Gen 9] National Dex Doubles\n|rule|HP Percentage Mod: HP is shown in percentages\n|rule|Endless Battle Clause: Forcing endless battles is banned\n|rule|OHKO Clause: OHKO moves are banned\n|rule|Evasion Moves Clause: Evasion moves are banned\n|rule|Evasion Abilities Clause: Evasion abilities are banned\n|rule|Species Clause: Limit one of each Pok\u00e9mon\n|rule|Gravity Sleep Clause: The combination of sleep-inducing moves with imperfect accuracy and Gravity or Gigantamax Orbeetle are banned\n|clearpoke\n|poke|p1|Electrode-Hisui|\n|poke|p1|Rillaboom, M|\n|poke|p1|Great Tusk|\n|poke|p1|Volcanion|\n|poke|p1|Goodra-Hisui, F|\n|poke|p1|Tornadus, M|\n|poke|p2|Cinderace, F|\n|poke|p2|Buizel, M|\n|poke|p2|Shaymin-Sky|\n|poke|p2|Politoed, F|\n|poke|p2|Jolteon, F|\n|poke|p2|Blissey, F|\n|teampreview\n|\n|t:|1696169819\n|start\n|switch|p1a: Orb|Electrode-Hisui, shiny|100\/100\n|switch|p1b: Ough|Tornadus, M|100\/100\n|switch|p2a: Cinderace|Cinderace, F|100\/100\n|switch|p2b: Shaymin|Shaymin-Sky|100\/100\n|turn|1\n|\n|t:|1696169844\n|move|p1b: Ough|Tailwind|p1b: Ough\n|-sidestart|p1: DewEnjoyer|move: Tailwind\n|move|p1a: Orb|Volt Switch|p2b: Shaymin\n|-damage|p2b: Shaymin|54\/100\n|\n|t:|1696169850\n|switch|p1a: Monkey|Rillaboom, M|100\/100|[from] Volt Switch\n|-fieldstart|move: Grassy Terrain|[from] ability: Grassy Surge|[of] p1a: Monkey\n|move|p2b: Shaymin|Air Slash|p1a: Monkey\n|-supereffective|p1a: Monkey\n|-damage|p1a: Monkey|0 fnt\n|faint|p1a: Monkey\n|move|p2a: Cinderace|Swords Dance|p2a: Cinderace\n|-start|p2a: Cinderace|typechange|Normal|[from] ability: Libero\n|-boost|p2a: Cinderace|atk|2\n|\n|upkeep\n|\n|t:|1696169865\n|switch|p1a: Orb|Electrode-Hisui, shiny|100\/100\n|turn|2\n|\n|t:|1696169874\n|-terastallize|p1a: Orb|Grass\n|move|p2a: Cinderace|Sucker Punch|p1a: Orb\n|-damage|p1a: Orb|16\/100\n|-status|p2a: Cinderace|par|[from] ability: Static|[of] p1a: Orb\n|move|p1a: Orb|Chloroblast|p2a: Cinderace\n|-damage|p2a: Cinderace|0 fnt\n|faint|p2a: Cinderace\n|-damage|p1a: Orb|0 fnt|[from] Recoil\n|faint|p1a: Orb\n|move|p1b: Ough|Bleakwind Storm|p2b: Shaymin\n|-supereffective|p2b: Shaymin\n|-damage|p2b: Shaymin|0 fnt\n|faint|p2b: Shaymin\n|\n|upkeep\n|\n|t:|1696169895\n|switch|p1a: Elephant|Great Tusk|100\/100\n|switch|p2b: Jolteon|Jolteon, F|100\/100\n|switch|p2a: Politoed|Politoed, F, shiny|100\/100\n|-weather|RainDance|[from] ability: Drizzle|[of] p2a: Politoed\n|turn|3\n|\n|t:|1696169922\n|switch|p1b: Roe|Goodra-Hisui, F|100\/100\n|-terastallize|p2b: Jolteon|Steel\n|move|p1a: Elephant|Close Combat|p2a: Politoed\n|-damage|p2a: Politoed|15\/100\n|-unboost|p1a: Elephant|def|1\n|-unboost|p1a: Elephant|spd|1\n|-damage|p1a: Elephant|91\/100|[from] item: Life Orb\n|move|p2b: Jolteon|Thunder|p1b: Roe\n|-resisted|p1b: Roe\n|-damage|p1b: Roe|82\/100\n|-status|p1b: Roe|par\n|move|p2a: Politoed|Toxic|p1a: Elephant\n|-status|p1a: Elephant|tox\n|\n|-weather|RainDance|[upkeep]\n|-heal|p1a: Elephant|97\/100 tox|[from] Grassy Terrain\n|-heal|p2a: Politoed|21\/100|[from] Grassy Terrain\n|-heal|p2a: Politoed|27\/100|[from] item: Leftovers\n|-heal|p1b: Roe|88\/100 par|[from] Grassy Terrain\n|-heal|p1b: Roe|94\/100 par|[from] item: Leftovers\n|-damage|p1a: Elephant|91\/100 tox|[from] psn\n|-status|p2b: Jolteon|brn|[from] item: Flame Orb\n|upkeep\n|turn|4\n|\n|t:|1696169972\n|move|p2a: Politoed|Helping Hand|p2b: Jolteon\n|-singleturn|p2b: Jolteon|Helping Hand|[of] p2a: Politoed\n|move|p1a: Elephant|Close Combat|p2b: Jolteon\n|-supereffective|p2b: Jolteon\n|-damage|p2b: Jolteon|0 fnt\n|-unboost|p1a: Elephant|def|1\n|-unboost|p1a: Elephant|spd|1\n|faint|p2b: Jolteon\n|-damage|p1a: Elephant|81\/100 tox|[from] item: Life Orb\n|move|p1b: Roe|Iron Head|p2a: Politoed\n|-resisted|p2a: Politoed\n|-crit|p2a: Politoed\n|-damage|p2a: Politoed|0 fnt\n|faint|p2a: Politoed\n|\n|-weather|RainDance|[upkeep]\n|-heal|p1a: Elephant|87\/100 tox|[from] Grassy Terrain\n|-heal|p1b: Roe|99\/100 par|[from] Grassy Terrain\n|-heal|p1b: Roe|100\/100 par|[from] item: Leftovers\n|-damage|p1a: Elephant|74\/100 tox|[from] psn\n|-sideend|p1: DewEnjoyer|move: Tailwind\n|upkeep\n|inactive|Battle timer is ON: inactive players will automatically lose when time's up. (requested by DewEnjoyer)\n|\n|t:|1696169997\n|switch|p2b: Buizel|Buizel, M|100\/100\n|switch|p2a: Blissey|Blissey, F|100\/100\n|turn|5\n|\n|t:|1696170017\n|move|p2b: Buizel|Aqua Tail|p1a: Elephant\n|-supereffective|p1a: Elephant\n|-damage|p1a: Elephant|0 fnt\n|faint|p1a: Elephant\n|-end|p1a: Elephant|Protosynthesis|[silent]\n|move|p2a: Blissey|Stealth Rock|p1b: Roe\n|-sidestart|p1: DewEnjoyer|move: Stealth Rock\n|move|p1b: Roe|Sludge Bomb|p2a: Blissey\n|-damage|p2a: Blissey|94\/100\n|\n|-weather|RainDance|[upkeep]\n|-heal|p2a: Blissey|99\/100|[from] Grassy Terrain\n|-heal|p2a: Blissey|100\/100|[from] item: Leftovers\n|-fieldend|move: Grassy Terrain\n|upkeep\n|\n|t:|1696170032\n|switch|p1a: The Steamer|Volcanion|100\/100\n|-damage|p1a: The Steamer|75\/100|[from] Stealth Rock\n|turn|6\n|inactive|DewEnjoyerer has 270 seconds left.\n|c|\u2606DewEnjoyer|Hehe\n|-message|DewEnjoyerer forfeited.\n|\n|win|DewEnjoyer\n|l|\u2606DewEnjoyerer\n","uploadtime":1696170075,"views":7,"p1id":"dewenjoyer","p2id":"dewenjoyerer","formatid":"gen9nationaldexdoubles","rating":0,"private":0,"password":""}