{"id":"gen9nationaldexdoubles-1960858230","p1":"13KStephen","p2":"Zera & Lucy","format":"[Gen 9] National Dex Doubles","log":"|j|\u260613KStephen\n|j|\u2606Zera & Lucy\n|t:|1696564634\n|gametype|doubles\n|player|p1|13KStephen|lucas|1146\n|player|p2|Zera & Lucy|cynthia|1114\n|teamsize|p1|6\n|teamsize|p2|6\n|gen|9\n|tier|[Gen 9] National Dex Doubles\n|rated|\n|rule|HP Percentage Mod: HP is shown in percentages\n|rule|Endless Battle Clause: Forcing endless battles is banned\n|rule|OHKO Clause: OHKO moves are banned\n|rule|Evasion Moves Clause: Evasion moves are banned\n|rule|Evasion Abilities Clause: Evasion abilities are banned\n|rule|Species Clause: Limit one of each Pok\u00e9mon\n|rule|Gravity Sleep Clause: The combination of sleep-inducing moves with imperfect accuracy and Gravity or Gigantamax Orbeetle are banned\n|clearpoke\n|poke|p1|Absol, F|\n|poke|p1|Froslass, F|\n|poke|p1|Mawile, M|\n|poke|p1|Leafeon, M|\n|poke|p1|Gastrodon, M|\n|poke|p1|Magcargo, F|\n|poke|p2|Fezandipiti, M|\n|poke|p2|Goodra-Hisui, M|\n|poke|p2|Indeedee, M|\n|poke|p2|Iron Bundle|\n|poke|p2|Ogerpon-Hearthflame, F|\n|poke|p2|Pelipper, F|\n|teampreview\n|inactive|Battle timer is ON: inactive players will automatically lose when time's up. (requested by Zera & Lucy)\n|\n|t:|1696564652\n|start\n|switch|p1a: Chloe|Absol, F|100\/100\n|switch|p1b: Pebble|Magcargo, F|100\/100\n|switch|p2a: Goodra|Goodra-Hisui, M|100\/100\n|switch|p2b: Fezandipiti|Fezandipiti, M|100\/100\n|turn|1\n|\n|t:|1696564664\n|move|p2b: Fezandipiti|U-turn|p1a: Chloe\n|-supereffective|p1a: Chloe\n|-crit|p1a: Chloe\n|-damage|p1a: Chloe|0 fnt\n|faint|p1a: Chloe\n|-damage|p2b: Fezandipiti|91\/100|[from] item: Life Orb\n|\n|t:|1696564668\n|switch|p2b: Pelipper|Pelipper, F|100\/100|[from] U-turn\n|-weather|RainDance|[from] ability: Drizzle|[of] p2b: Pelipper\n|move|p2a: Goodra|Earthquake|p1b: Pebble|[spread] p1b\n|-immune|p2b: Pelipper\n|-supereffective|p1b: Pebble\n|-damage|p1b: Pebble|0 fnt\n|faint|p1b: Pebble\n|\n|-weather|RainDance|[upkeep]\n|upkeep\n|\n|t:|1696564684\n|switch|p1a: Echo|Froslass, F|100\/100\n|switch|p1b: Chunk|Mawile, M|100\/100\n|-ability|p1b: Chunk|Intimidate|boost\n|-unboost|p2a: Goodra|atk|1\n|-unboost|p2b: Pelipper|atk|1\n|turn|2\n|inactive|Zera & Lucy has 120 seconds left.\n|\n|t:|1696564723\n|switch|p2a: Fezandipiti|Fezandipiti, M|91\/100\n|move|p1a: Echo|Thunderbolt|p2b: Pelipper\n|-supereffective|p2b: Pelipper\n|-damage|p2b: Pelipper|0 fnt\n|faint|p2b: Pelipper\n|move|p1b: Chunk|Power-Up Punch|p2a: Fezandipiti\n|-resisted|p2a: Fezandipiti\n|-damage|p2a: Fezandipiti|89\/100\n|-boost|p1b: Chunk|atk|1\n|\n|-weather|RainDance|[upkeep]\n|upkeep\n|\n|t:|1696564744\n|switch|p2b: Iron Bundle|Iron Bundle|100\/100\n|-enditem|p2b: Iron Bundle|Booster Energy\n|-activate|p2b: Iron Bundle|ability: Quark Drive|[fromitem]\n|-start|p2b: Iron Bundle|quarkdrivespe\n|turn|3\n|inactive|Zera & Lucy has 120 seconds left.\n|\n|t:|1696564763\n|move|p2b: Iron Bundle|Protect|p2b: Iron Bundle\n|-singleturn|p2b: Iron Bundle|Protect\n|move|p1a: Echo|Thunderbolt|p2b: Iron Bundle\n|-activate|p2b: Iron Bundle|move: Protect\n|move|p2a: Fezandipiti|Icy Wind|p1b: Chunk|[spread] p1a,p1b\n|-resisted|p1a: Echo\n|-resisted|p1b: Chunk\n|-damage|p1a: Echo|93\/100\n|-damage|p1b: Chunk|92\/100\n|-unboost|p1a: Echo|spe|1\n|-unboost|p1b: Chunk|spe|1\n|-damage|p2a: Fezandipiti|79\/100|[from] item: Life Orb\n|move|p1b: Chunk|Stockpile|p1b: Chunk\n|-start|p1b: Chunk|stockpile1\n|-boost|p1b: Chunk|def|1\n|-boost|p1b: Chunk|spd|1\n|\n|-weather|RainDance|[upkeep]\n|upkeep\n|turn|4\n|inactive|Zera & Lucy has 120 seconds left.\n|\n|t:|1696564791\n|-end|p2b: Iron Bundle|Quark Drive|[silent]\n|switch|p2b: Goodra|Goodra-Hisui, M|100\/100\n|switch|p1a: Nessie|Gastrodon, M|100\/100\n|move|p2a: Fezandipiti|Icy Wind|p1b: Chunk|[spread] p1a,p1b\n|-resisted|p1b: Chunk\n|-damage|p1a: Nessie|89\/100\n|-damage|p1b: Chunk|87\/100\n|-unboost|p1a: Nessie|spe|1\n|-unboost|p1b: Chunk|spe|1\n|-status|p1a: Nessie|tox|[from] ability: Toxic Chain|[of] p2a: Fezandipiti\n|-damage|p2a: Fezandipiti|69\/100|[from] item: Life Orb\n|move|p1b: Chunk|Stockpile|p1b: Chunk\n|-start|p1b: Chunk|stockpile2\n|-boost|p1b: Chunk|def|1\n|-boost|p1b: Chunk|spd|1\n|\n|-weather|RainDance|[upkeep]\n|-heal|p1a: Nessie|96\/100 tox|[from] item: Leftovers\n|-damage|p1a: Nessie|89\/100 tox|[from] psn\n|upkeep\n|turn|5\n|inactive|Zera & Lucy has 120 seconds left.\n|inactive|13KStephen has 120 seconds left.\n|\n|t:|1696564836\n|move|p2a: Fezandipiti|Icy Wind|p1a: Nessie|[spread] p1a,p1b\n|-resisted|p1b: Chunk\n|-damage|p1a: Nessie|80\/100 tox\n|-damage|p1b: Chunk|82\/100\n|-unboost|p1a: Nessie|spe|1\n|-unboost|p1b: Chunk|spe|1\n|-damage|p2a: Fezandipiti|59\/100|[from] item: Life Orb\n|move|p2b: Goodra|Iron Head|p1b: Chunk\n|-damage|p1b: Chunk|54\/100\n|move|p1a: Nessie|Earth Power|p2b: Goodra\n|-supereffective|p2b: Goodra\n|-damage|p2b: Goodra|76\/100\n|move|p1b: Chunk|Power-Up Punch|p2b: Goodra\n|-supereffective|p2b: Goodra\n|-damage|p2b: Goodra|57\/100\n|-boost|p1b: Chunk|atk|1\n|-ability|p2b: Goodra|Gooey\n|-unboost|p1b: Chunk|spe|1\n|\n|-weather|RainDance|[upkeep]\n|-heal|p1a: Nessie|86\/100 tox|[from] item: Leftovers\n|-damage|p1a: Nessie|74\/100 tox|[from] psn\n|upkeep\n|turn|6\n|inactive|13KStephen has 120 seconds left.\n|inactive|Zera & Lucy has 120 seconds left.\n|\n|t:|1696564875\n|move|p2a: Fezandipiti|U-turn|p1b: Chunk\n|-resisted|p1b: Chunk\n|-damage|p1b: Chunk|49\/100\n|-enditem|p1b: Chunk|Sitrus Berry|[eat]\n|-heal|p1b: Chunk|74\/100|[from] item: Sitrus Berry\n|-damage|p2a: Fezandipiti|49\/100|[from] item: Life Orb\n|\n|t:|1696564887\n|switch|p2a: Ogerpon|Ogerpon-Hearthflame, F|100\/100|[from] U-turn\n|-ability|p2a: Ogerpon|Mold Breaker\n|move|p2b: Goodra|Earthquake|p1b: Chunk|[spread] p2a,p1a,p1b\n|-supereffective|p1b: Chunk\n|-damage|p2a: Ogerpon|71\/100\n|-damage|p1a: Nessie|57\/100 tox\n|-damage|p1b: Chunk|41\/100\n|move|p1a: Nessie|Earth Power|p2b: Goodra\n|-supereffective|p2b: Goodra\n|-crit|p2b: Goodra\n|-damage|p2b: Goodra|25\/100\n|move|p1b: Chunk|Stockpile|p1b: Chunk\n|-start|p1b: Chunk|stockpile3\n|-boost|p1b: Chunk|def|1\n|-boost|p1b: Chunk|spd|1\n|\n|-weather|RainDance|[upkeep]\n|-heal|p1a: Nessie|63\/100 tox|[from] item: Leftovers\n|-damage|p1a: Nessie|45\/100 tox|[from] psn\n|upkeep\n|turn|7\n|inactive|13KStephen has 120 seconds left.\n|inactive|Zera & Lucy has 120 seconds left.\n|\n|t:|1696564916\n|move|p2a: Ogerpon|Horn Leech|p1a: Nessie\n|-supereffective|p1a: Nessie\n|-damage|p1a: Nessie|0 fnt\n|-heal|p2a: Ogerpon|100\/100|[from] drain|[of] p1a: Nessie\n|faint|p1a: Nessie\n|move|p2b: Goodra|Iron Head|p1b: Chunk\n|-damage|p1b: Chunk|18\/100\n|move|p1b: Chunk|Baton Pass|p1b: Chunk\n|\n|t:|1696564926\n|switch|p1b: Dorian|Leafeon, M|100\/100|[from] Baton Pass\n|\n|-weather|RainDance|[upkeep]\n|upkeep\n|\n|t:|1696564931\n|switch|p1a: Echo|Froslass, F|93\/100\n|turn|8\n|inactive|13KStephen has 120 seconds left.\n|\n|t:|1696564940\n|move|p2a: Ogerpon|Knock Off|p1a: Echo\n|-supereffective|p1a: Echo\n|-damage|p1a: Echo|0 fnt\n|-enditem|p1a: Echo|Choice Specs|[from] move: Knock Off|[of] p2a: Ogerpon\n|faint|p1a: Echo\n|move|p1b: Dorian|X-Scissor|p2a: Ogerpon\n|-damage|p2a: Ogerpon|24\/100\n|move|p2b: Goodra|Dragon Tail|p1b: Dorian|[miss]\n|-miss|p2b: Goodra|p1b: Dorian\n|\n|-weather|none\n|upkeep\n|inactive|13KStephen has 120 seconds left.\n|\n|t:|1696564954\n|switch|p1a: Chunk|Mawile, M|18\/100\n|-ability|p1a: Chunk|Intimidate|boost\n|-unboost|p2a: Ogerpon|atk|1\n|-unboost|p2b: Goodra|atk|1\n|turn|9\n|\n|t:|1696564964\n|-terastallize|p2a: Ogerpon|Fire\n|detailschange|p2a: Ogerpon|Ogerpon-Hearthflame-Tera, F, tera:Fire\n|-ability|p2a: Ogerpon|Embody Aspect (Hearthflame)|boost\n|-boost|p2a: Ogerpon|atk|1\n|move|p2a: Ogerpon|Ivy Cudgel|p1b: Dorian\n|-supereffective|p1b: Dorian\n|-damage|p1b: Dorian|24\/100\n|move|p2b: Goodra|Iron Head|p1a: Chunk\n|-damage|p1a: Chunk|0 fnt\n|faint|p1a: Chunk\n|move|p1b: Dorian|X-Scissor|p2a: Ogerpon\n|-resisted|p2a: Ogerpon\n|-damage|p2a: Ogerpon|0 fnt\n|faint|p2a: Ogerpon\n|\n|upkeep\n|\n|t:|1696564976\n|switch|p2a: Indeedee|Indeedee, M|100\/100\n|-fieldstart|move: Psychic Terrain|[from] ability: Psychic Surge|[of] p2a: Indeedee\n|turn|10\n|\n|t:|1696564984\n|move|p2a: Indeedee|Expanding Force|p1b: Dorian\n|-damage|p1b: Dorian|0 fnt\n|faint|p1b: Dorian\n|\n|win|Zera & Lucy\n|raw|13KStephen's rating: 1146 &rarr; <strong>1119<\/strong><br \/>(-27 for losing)\n|raw|Zera &amp; Lucy's rating: 1114 &rarr; <strong>1141<\/strong><br \/>(+27 for winning)\n","uploadtime":1696564990,"views":11,"p1id":"13kstephen","p2id":"zeralucy","formatid":"gen9nationaldexdoubles","rating":1119,"private":0,"password":""}