{"id":"gen9nationaldexdoubles-1967777940","p1":"Yu hung lo","p2":"Agame4free","format":"[Gen 9] National Dex Doubles","log":"|j|\u2606Yu hung lo\n|j|\u2606Agame4free\n|t:|1697337370\n|gametype|doubles\n|player|p1|Yu hung lo|janitor|1183\n|player|p2|Agame4free|ethan|1083\n|teamsize|p1|6\n|teamsize|p2|6\n|gen|9\n|tier|[Gen 9] National Dex Doubles\n|rated|\n|rule|HP Percentage Mod: HP is shown in percentages\n|rule|Endless Battle Clause: Forcing endless battles is banned\n|rule|OHKO Clause: OHKO moves are banned\n|rule|Evasion Moves Clause: Evasion moves are banned\n|rule|Evasion Abilities Clause: Evasion abilities are banned\n|rule|Species Clause: Limit one of each Pok\u00e9mon\n|rule|Gravity Sleep Clause: The combination of sleep-inducing moves with imperfect accuracy and Gravity or Gigantamax Orbeetle are banned\n|clearpoke\n|poke|p1|Charizard, M|\n|poke|p1|Walking Wake|\n|poke|p1|Landorus-Therian, M|\n|poke|p1|Gastrodon, M|\n|poke|p1|Ogerpon-Hearthflame, F|\n|poke|p1|Grimmsnarl, M|\n|poke|p2|Primarina, M|\n|poke|p2|Rotom-Wash|\n|poke|p2|Goodra-Hisui, F|\n|poke|p2|Ursaluna-Bloodmoon, M|\n|poke|p2|Urshifu-*, F|\n|poke|p2|Stunfisk-Galar, M|\n|teampreview\n|inactive|Battle timer is ON: inactive players will automatically lose when time's up. (requested by Yu hung lo)\n|\n|t:|1697337392\n|start\n|switch|p1a: Grimmsnarl|Grimmsnarl, M|100\/100\n|switch|p1b: Ogerpon|Ogerpon-Hearthflame, F|100\/100\n|switch|p2a: Primarina|Primarina, M|100\/100\n|switch|p2b: Rotom|Rotom-Wash|100\/100\n|-ability|p1b: Ogerpon|Mold Breaker\n|turn|1\n|\n|t:|1697337403\n|move|p1b: Ogerpon|Spiky Shield|p1b: Ogerpon\n|-singleturn|p1b: Ogerpon|move: Protect\n|move|p1a: Grimmsnarl|Light Screen|p1a: Grimmsnarl\n|-sidestart|p1: Yu hung lo|move: Light Screen\n|move|p2b: Rotom|Rain Dance|p2b: Rotom\n|-weather|RainDance\n|move|p2a: Primarina|Hyper Voice|p1b: Ogerpon|[spread] p1a\n|-activate|p1b: Ogerpon|move: Protect\n|-damage|p1a: Grimmsnarl|64\/100\n|\n|-weather|RainDance|[upkeep]\n|upkeep\n|turn|2\n|\n|t:|1697337422\n|move|p1a: Grimmsnarl|Parting Shot|p2a: Primarina\n|-unboost|p2a: Primarina|atk|1\n|-unboost|p2a: Primarina|spa|1\n|\n|t:|1697337427\n|switch|p1a: Gastrodon|Gastrodon, M|100\/100|[from] Parting Shot\n|move|p1b: Ogerpon|Swords Dance|p1b: Ogerpon\n|-boost|p1b: Ogerpon|atk|2\n|move|p2b: Rotom|Rising Voltage|p1a: Gastrodon\n|-immune|p1a: Gastrodon\n|move|p2a: Primarina|Hyper Voice|p1a: Gastrodon|[spread] p1b\n|-ability|p1a: Gastrodon|Storm Drain|boost\n|-boost|p1a: Gastrodon|spa|1\n|-damage|p1b: Ogerpon|71\/100\n|\n|-weather|RainDance|[upkeep]\n|upkeep\n|turn|3\n|\n|t:|1697337448\n|switch|p2a: Urshifu|Urshifu-Rapid-Strike, F|100\/100\n|move|p1b: Ogerpon|Horn Leech|p2b: Rotom\n|-supereffective|p2b: Rotom\n|-crit|p2b: Rotom\n|-damage|p2b: Rotom|0 fnt\n|-heal|p1b: Ogerpon|100\/100|[from] drain|[of] p2b: Rotom\n|faint|p2b: Rotom\n|move|p1a: Gastrodon|Ice Beam|p2a: Urshifu\n|-resisted|p2a: Urshifu\n|-damage|p2a: Urshifu|73\/100\n|\n|-weather|RainDance|[upkeep]\n|upkeep\n|\n|t:|1697337460\n|switch|p2b: Goodra|Goodra-Hisui, F|100\/100\n|turn|4\n|\n|t:|1697337470\n|move|p1b: Ogerpon|Horn Leech|p2a: Urshifu\n|-supereffective|p2a: Urshifu\n|-damage|p2a: Urshifu|0 fnt\n|faint|p2a: Urshifu\n|move|p2b: Goodra|Blizzard|p1b: Ogerpon|[spread] p1a,p1b\n|-damage|p1a: Gastrodon|84\/100\n|-damage|p1b: Ogerpon|80\/100\n|move|p1a: Gastrodon|Yawn|p2b: Goodra\n|-start|p2b: Goodra|move: Yawn|[of] p1a: Gastrodon\n|\n|-weather|RainDance|[upkeep]\n|-heal|p1a: Gastrodon|90\/100|[from] item: Leftovers\n|upkeep\n|\n|t:|1697337481\n|switch|p2a: Stunfisk|Stunfisk-Galar, M, shiny|100\/100\n|turn|5\n|\n|t:|1697337491\n|move|p1b: Ogerpon|Horn Leech|p2a: Stunfisk\n|-damage|p2a: Stunfisk|43\/100\n|-heal|p1b: Ogerpon|100\/100|[from] drain|[of] p2a: Stunfisk\n|move|p2b: Goodra|Earthquake|p1b: Ogerpon|[spread] p2a,p1a,p1b\n|-supereffective|p2a: Stunfisk\n|-damage|p2a: Stunfisk|19\/100\n|-damage|p1a: Gastrodon|75\/100\n|-damage|p1b: Ogerpon|82\/100\n|move|p1a: Gastrodon|Earth Power|p2a: Stunfisk\n|-supereffective|p2a: Stunfisk\n|-damage|p2a: Stunfisk|0 fnt\n|faint|p2a: Stunfisk\n|\n|-weather|RainDance|[upkeep]\n|-heal|p1a: Gastrodon|81\/100|[from] item: Leftovers\n|-end|p2b: Goodra|move: Yawn|[silent]\n|-status|p2b: Goodra|slp\n|upkeep\n|\n|t:|1697337505\n|switch|p2a: Ursaluna|Ursaluna-Bloodmoon, M|100\/100\n|turn|6\n|\n|t:|1697337515\n|move|p1b: Ogerpon|Horn Leech|p2a: Ursaluna\n|-supereffective|p2a: Ursaluna\n|-damage|p2a: Ursaluna|0 fnt\n|-heal|p1b: Ogerpon|100\/100|[from] drain|[of] p2a: Ursaluna\n|faint|p2a: Ursaluna\n|cant|p2b: Goodra|slp\n|move|p1a: Gastrodon|Yawn||[still]\n|-fail|p1a: Gastrodon\n|\n|-weather|RainDance|[upkeep]\n|-heal|p1a: Gastrodon|88\/100|[from] item: Leftovers\n|upkeep\n|\n|t:|1697337525\n|switch|p2a: Primarina|Primarina, M|100\/100\n|turn|7\n|\n|t:|1697337537\n|move|p1b: Ogerpon|Horn Leech|p2a: Primarina\n|-supereffective|p2a: Primarina\n|-damage|p2a: Primarina|0 fnt\n|faint|p2a: Primarina\n|cant|p2b: Goodra|slp\n|move|p1a: Gastrodon|Earth Power|p2b: Goodra\n|-supereffective|p2b: Goodra\n|-damage|p2b: Goodra|16\/100 slp\n|-enditem|p2b: Goodra|Mago Berry|[eat]\n|-heal|p2b: Goodra|49\/100 slp|[from] item: Mago Berry\n|\n|-weather|RainDance|[upkeep]\n|-heal|p1a: Gastrodon|94\/100|[from] item: Leftovers\n|upkeep\n|turn|8\n|\n|t:|1697337550\n|move|p1b: Ogerpon|Swords Dance|p1b: Ogerpon\n|-boost|p1b: Ogerpon|atk|2\n|cant|p2b: Goodra|slp\n|move|p1a: Gastrodon|Earth Power|p2b: Goodra\n|-supereffective|p2b: Goodra\n|-damage|p2b: Goodra|0 fnt\n|faint|p2b: Goodra\n|\n|win|Yu hung lo\n|raw|Yu hung lo's rating: 1183 &rarr; <strong>1201<\/strong><br \/>(+18 for winning)\n|raw|Agame4free's rating: 1083 &rarr; <strong>1067<\/strong><br \/>(-16 for losing)\n|l|\u2606Agame4free\n","uploadtime":1697337564,"views":7,"p1id":"yuhunglo","p2id":"agame4free","formatid":"gen9nationaldexdoubles","rating":1067,"private":0,"password":""}