{"id":"gen9nationaldexdoubles-1981037042","p1":"Kire23","p2":"Octolockr","format":"[Gen 9] National Dex Doubles","log":"|j|\u2606Kire23\n|j|\u2606Octolockr\n|t:|1698858619\n|gametype|doubles\n|player|p1|Kire23|2|1192\n|player|p2|Octolockr|plasmagrunt-gen5bw|1068\n|teamsize|p1|6\n|teamsize|p2|6\n|gen|9\n|tier|[Gen 9] National Dex Doubles\n|rated|\n|rule|HP Percentage Mod: HP is shown in percentages\n|rule|Endless Battle Clause: Forcing endless battles is banned\n|rule|OHKO Clause: OHKO moves are banned\n|rule|Evasion Moves Clause: Evasion moves are banned\n|rule|Evasion Abilities Clause: Evasion abilities are banned\n|rule|Species Clause: Limit one of each Pok\u00e9mon\n|rule|Gravity Sleep Clause: The combination of sleep-inducing moves with imperfect accuracy and Gravity or Gigantamax Orbeetle are banned\n|clearpoke\n|poke|p1|Murkrow, F|\n|poke|p1|Metagross|\n|poke|p1|Empoleon, F|\n|poke|p1|Grimmsnarl, M|\n|poke|p1|Blaziken, M|\n|poke|p1|Flutter Mane|\n|poke|p2|Excadrill, F|\n|poke|p2|Togekiss, M|\n|poke|p2|Quaquaval, M|\n|poke|p2|Lopunny, F|\n|poke|p2|Ninetales-Alola, F|\n|poke|p2|Zangoose, M|\n|teampreview\n|\n|t:|1698858635\n|start\n|switch|p1a: Murkrow|Murkrow, F|100\/100\n|switch|p1b: Blaziken|Blaziken, M|100\/100\n|switch|p2a: Excadrill|Excadrill, F|100\/100\n|switch|p2b: Quaquaval|Quaquaval, M|100\/100\n|-ability|p2a: Excadrill|Mold Breaker\n|turn|1\n|\n|t:|1698858680\n|move|p1b: Blaziken|Protect|p1b: Blaziken\n|-singleturn|p1b: Blaziken|Protect\n|move|p1a: Murkrow|Tailwind|p1a: Murkrow\n|-sidestart|p1: Kire23|move: Tailwind\n|move|p2a: Excadrill|Rock Slide|p1a: Murkrow|[spread] p1a\n|-activate|p1b: Blaziken|move: Protect\n|-supereffective|p1a: Murkrow\n|-damage|p1a: Murkrow|61\/100\n|move|p2b: Quaquaval|Aqua Step|p1b: Blaziken\n|-activate|p1b: Blaziken|move: Protect\n|\n|-ability|p1b: Blaziken|Speed Boost|boost\n|-boost|p1b: Blaziken|spe|1\n|upkeep\n|turn|2\n|\n|t:|1698858717\n|switch|p2a: Togekiss|Togekiss, M|100\/100\n|move|p1b: Blaziken|High Jump Kick|p2a: Togekiss\n|-resisted|p2a: Togekiss\n|-damage|p2a: Togekiss|80\/100\n|-damage|p1b: Blaziken|91\/100|[from] item: Life Orb\n|move|p1a: Murkrow|Icy Wind|p2a: Togekiss|[spread] p2a,p2b\n|-supereffective|p2a: Togekiss\n|-resisted|p2b: Quaquaval\n|-damage|p2a: Togekiss|67\/100\n|-damage|p2b: Quaquaval|95\/100\n|-unboost|p2a: Togekiss|spe|1\n|-unboost|p2b: Quaquaval|spe|1\n|move|p2b: Quaquaval|Aqua Step|p1b: Blaziken\n|-supereffective|p1b: Blaziken\n|-damage|p1b: Blaziken|0 fnt\n|-boost|p2b: Quaquaval|spe|1\n|faint|p1b: Blaziken\n|-ability|p2b: Quaquaval|Moxie|boost\n|-boost|p2b: Quaquaval|atk|1\n|\n|-heal|p2a: Togekiss|73\/100|[from] item: Leftovers\n|upkeep\n|\n|t:|1698858738\n|switch|p1b: Metagross|Metagross|100\/100\n|turn|3\n|\n|t:|1698858750\n|switch|p2a: Excadrill|Excadrill, F|100\/100\n|-ability|p2a: Excadrill|Mold Breaker\n|move|p1a: Murkrow|Foul Play|p2b: Quaquaval\n|-resisted|p2b: Quaquaval\n|-damage|p2b: Quaquaval|48\/100\n|move|p1b: Metagross|Meteor Mash|p2a: Excadrill\n|-resisted|p2a: Excadrill\n|-damage|p2a: Excadrill|63\/100\n|move|p2b: Quaquaval|Ice Spinner|p1a: Murkrow\n|-supereffective|p1a: Murkrow\n|-damage|p1a: Murkrow|0 fnt\n|faint|p1a: Murkrow\n|-ability|p2b: Quaquaval|Moxie|boost\n|-boost|p2b: Quaquaval|atk|1\n|\n|upkeep\n|\n|t:|1698858766\n|switch|p1a: Flutter Mane|Flutter Mane|100\/100\n|turn|4\n|\n|t:|1698858782\n|move|p2b: Quaquaval|Aqua Jet|p1a: Flutter Mane\n|-damage|p1a: Flutter Mane|0 fnt\n|faint|p1a: Flutter Mane\n|-end|p1a: Flutter Mane|Protosynthesis|[silent]\n|-ability|p2b: Quaquaval|Moxie|boost\n|-boost|p2b: Quaquaval|atk|1\n|move|p1b: Metagross|Meteor Mash|p2a: Excadrill\n|-resisted|p2a: Excadrill\n|-damage|p2a: Excadrill|24\/100\n|-boost|p1b: Metagross|atk|1\n|move|p2a: Excadrill|Drill Run|p1b: Metagross\n|-supereffective|p1b: Metagross\n|-damage|p1b: Metagross|23\/100\n|\n|-sideend|p1: Kire23|move: Tailwind\n|upkeep\n|\n|t:|1698858795\n|switch|p1a: Empoleon|Empoleon, F|100\/100\n|turn|5\n|\n|t:|1698858806\n|move|p1a: Empoleon|Protect|p1a: Empoleon\n|-singleturn|p1a: Empoleon|Protect\n|move|p2b: Quaquaval|Aqua Jet|p1b: Metagross\n|-damage|p1b: Metagross|0 fnt\n|faint|p1b: Metagross\n|-ability|p2b: Quaquaval|Moxie|boost\n|-boost|p2b: Quaquaval|atk|1\n|-zpower|p2a: Excadrill\n|move|p2a: Excadrill|Tectonic Rage|p1a: Empoleon|[zeffect]\n|-supereffective|p1a: Empoleon\n|-zbroken|p1a: Empoleon\n|-damage|p1a: Empoleon|57\/100\n|-enditem|p1a: Empoleon|Weakness Policy\n|-boost|p1a: Empoleon|atk|2|[from] item: Weakness Policy\n|-boost|p1a: Empoleon|spa|2|[from] item: Weakness Policy\n|\n|upkeep\n|\n|t:|1698858813\n|switch|p1b: Grimmsnarl|Grimmsnarl, M|100\/100\n|turn|6\n|\n|t:|1698858831\n|move|p2b: Quaquaval|Aqua Jet|p1b: Grimmsnarl\n|-damage|p1b: Grimmsnarl|7\/100\n|move|p1b: Grimmsnarl|Sucker Punch||[still]\n|-fail|p1b: Grimmsnarl\n|move|p2a: Excadrill|Drill Run|p1a: Empoleon\n|-supereffective|p1a: Empoleon\n|-damage|p1a: Empoleon|0 fnt\n|faint|p1a: Empoleon\n|\n|upkeep\n|turn|7\n|\n|t:|1698858845\n|move|p2b: Quaquaval|Aqua Jet|p1b: Grimmsnarl\n|-damage|p1b: Grimmsnarl|0 fnt\n|faint|p1b: Grimmsnarl\n|\n|win|Octolockr\n|raw|Kire23's rating: 1192 &rarr; <strong>1158<\/strong><br \/>(-34 for losing)\n|raw|Octolockr's rating: 1068 &rarr; <strong>1108<\/strong><br \/>(+40 for winning)\n|l|\u2606Kire23\n","uploadtime":1698858853,"views":9,"p1id":"kire23","p2id":"octolockr","formatid":"gen9nationaldexdoubles","rating":1108,"private":0,"password":""}