{"id":"gen9nationaldexdoubles-1979068639","p1":"lumptious","p2":"jcarp4318j","format":"[Gen 9] National Dex Doubles","log":"|j|\u2606lumptious\n|j|\u2606jcarp4318j\n|t:|1698628141\n|gametype|doubles\n|player|p1|lumptious|worker-gen4|\n|player|p2|jcarp4318j|2|\n|teamsize|p1|4\n|teamsize|p2|4\n|gen|9\n|tier|[Gen 9] National Dex Doubles\n|rule|HP Percentage Mod: HP is shown in percentages\n|rule|Endless Battle Clause: Forcing endless battles is banned\n|rule|OHKO Clause: OHKO moves are banned\n|rule|Evasion Moves Clause: Evasion moves are banned\n|rule|Evasion Abilities Clause: Evasion abilities are banned\n|rule|Species Clause: Limit one of each Pok\u00e9mon\n|rule|Gravity Sleep Clause: The combination of sleep-inducing moves with imperfect accuracy and Gravity or Gigantamax Orbeetle are banned\n|clearpoke\n|poke|p1|Zapdos|\n|poke|p1|Landorus, M|\n|poke|p1|Lycanroc, F|\n|poke|p1|Tyranitar, F|\n|poke|p2|Gholdengo|\n|poke|p2|Kingambit, M|\n|poke|p2|Primarina, M|\n|poke|p2|Mimikyu, M|\n|teampreview\n|j| D0rkrai\n|\n|t:|1698628150\n|start\n|switch|p1a: Vweefen|Zapdos|100\/100\n|switch|p1b: Stangly|Lycanroc, F|100\/100\n|switch|p2a: Mimikyu|Mimikyu, M|100\/100\n|switch|p2b: Primarina|Primarina, M|100\/100\n|turn|1\n|\n|t:|1698628175\n|move|p1b: Stangly|Taunt|p2a: Mimikyu\n|-start|p2a: Mimikyu|move: Taunt\n|-enditem|p2a: Mimikyu|Mental Herb\n|-end|p2a: Mimikyu|move: Taunt\n|move|p1a: Vweefen|Thunderbolt|p2b: Primarina\n|-supereffective|p2b: Primarina\n|-damage|p2b: Primarina|18\/100\n|move|p2b: Primarina|Hydro Pump|p1b: Stangly\n|-supereffective|p1b: Stangly\n|-enditem|p1b: Stangly|Focus Sash\n|-damage|p1b: Stangly|1\/100\n|move|p2a: Mimikyu|Trick Room|p2a: Mimikyu\n|-fieldstart|move: Trick Room|[of] p2a: Mimikyu\n|\n|upkeep\n|turn|2\n|\n|t:|1698628197\n|move|p1b: Stangly|Protect|p1b: Stangly\n|-singleturn|p1b: Stangly|Protect\n|move|p2b: Primarina|Dazzling Gleam|p1b: Stangly|[spread] p1a\n|-activate|p1b: Stangly|move: Protect\n|-damage|p1a: Vweefen|68\/100\n|move|p2a: Mimikyu|Will-O-Wisp|p1a: Vweefen\n|-status|p1a: Vweefen|brn\n|move|p1a: Vweefen|Thunderbolt|p2b: Primarina\n|-supereffective|p2b: Primarina\n|-damage|p2b: Primarina|0 fnt\n|faint|p2b: Primarina\n|\n|-damage|p1a: Vweefen|62\/100 brn|[from] brn\n|upkeep\n|\n|t:|1698628212\n|switch|p2b: Gholdengo|Gholdengo, shiny|100\/100\n|turn|3\n|j| ErducatorVGC\n|\n|t:|1698628228\n|-terastallize|p2b: Gholdengo|Steel\n|move|p2a: Mimikyu|Shadow Sneak|p1a: Vweefen\n|-damage|p1a: Vweefen|49\/100 brn\n|-status|p2a: Mimikyu|par|[from] ability: Static|[of] p1a: Vweefen\n|move|p2b: Gholdengo|Make It Rain|p1b: Stangly|[spread] p1a,p1b\n|-resisted|p1a: Vweefen\n|-supereffective|p1b: Stangly\n|-damage|p1a: Vweefen|1\/100 brn\n|-damage|p1b: Stangly|0 fnt\n|-unboost|p2b: Gholdengo|spa|1\n|faint|p1b: Stangly\n|move|p1a: Vweefen|Roost|p1a: Vweefen\n|-heal|p1a: Vweefen|51\/100 brn\n|-singleturn|p1a: Vweefen|move: Roost\n|\n|-damage|p1a: Vweefen|45\/100 brn|[from] brn\n|upkeep\n|j| GangstaRob\n|\n|t:|1698628247\n|switch|p1b: Friatch|Tyranitar, F|100\/100\n|-weather|Sandstorm|[from] ability: Sand Stream|[of] p1b: Friatch\n|turn|4\n|j| Mini Lynx\n|\n|t:|1698628269\n|-terastallize|p1b: Friatch|Steel\n|move|p2a: Mimikyu|Will-O-Wisp|p1b: Friatch|[miss]\n|-miss|p2a: Mimikyu|p1b: Friatch\n|move|p1b: Friatch|Rock Slide|p2b: Gholdengo|[spread] p2a,p2b\n|-resisted|p2b: Gholdengo\n|-crit|p2b: Gholdengo\n|-activate|p2a: Mimikyu|ability: Disguise\n|-damage|p2a: Mimikyu|100\/100 par\n|-damage|p2b: Gholdengo|77\/100\n|detailschange|p2a: Mimikyu|Mimikyu-Busted, M\n|-damage|p2a: Mimikyu|88\/100 par|[from] pokemon: Mimikyu-Busted\n|move|p2b: Gholdengo|Make It Rain|p1b: Friatch|[spread] p1a,p1b\n|-resisted|p1a: Vweefen\n|-resisted|p1b: Friatch\n|-damage|p1a: Vweefen|12\/100 brn\n|-damage|p1b: Friatch|80\/100\n|-unboost|p2b: Gholdengo|spa|1\n|move|p1a: Vweefen|Roost|p1a: Vweefen\n|-heal|p1a: Vweefen|62\/100 brn\n|-singleturn|p1a: Vweefen|move: Roost\n|\n|-weather|Sandstorm|[upkeep]\n|-damage|p2a: Mimikyu|82\/100 par|[from] Sandstorm\n|-damage|p1a: Vweefen|56\/100 brn|[from] brn\n|upkeep\n|turn|5\n|\n|t:|1698628321\n|move|p2a: Mimikyu|Shadow Sneak|p1a: Vweefen\n|-damage|p1a: Vweefen|43\/100 brn\n|move|p1b: Friatch|Iron Head|p2a: Mimikyu\n|-supereffective|p2a: Mimikyu\n|-damage|p2a: Mimikyu|0 fnt\n|faint|p2a: Mimikyu\n|move|p2b: Gholdengo|Make It Rain|p1a: Vweefen|[spread] p1a,p1b\n|-resisted|p1a: Vweefen\n|-resisted|p1b: Friatch\n|-damage|p1a: Vweefen|18\/100 brn\n|-damage|p1b: Friatch|65\/100\n|-unboost|p2b: Gholdengo|spa|1\n|move|p1a: Vweefen|Heat Wave|p2b: Gholdengo\n|-supereffective|p2b: Gholdengo\n|-damage|p2b: Gholdengo|8\/100\n|\n|-weather|Sandstorm|[upkeep]\n|-damage|p1a: Vweefen|12\/100 brn|[from] brn\n|-fieldend|move: Trick Room\n|upkeep\n|\n|t:|1698628337\n|switch|p2a: Kingambit|Kingambit, M|100\/100\n|-activate|p2a: Kingambit|ability: Supreme Overlord\n|-start|p2a: Kingambit|fallen2|[silent]\n|-item|p2a: Kingambit|Air Balloon\n|turn|6\n|l| Mini Lynx\n|\n|t:|1698628350\n|move|p1a: Vweefen|Roost|p1a: Vweefen\n|-heal|p1a: Vweefen|62\/100 brn\n|-singleturn|p1a: Vweefen|move: Roost\n|move|p2b: Gholdengo|Make It Rain|p1a: Vweefen|[spread] p1a,p1b\n|-resisted|p1a: Vweefen\n|-resisted|p1b: Friatch\n|-damage|p1a: Vweefen|42\/100 brn\n|-damage|p1b: Friatch|54\/100\n|-unboost|p2b: Gholdengo|spa|1\n|move|p1b: Friatch|Rock Slide|p2b: Gholdengo|[spread] p2a,p2b\n|-resisted|p2a: Kingambit\n|-resisted|p2b: Gholdengo\n|-damage|p2a: Kingambit|88\/100\n|-damage|p2b: Gholdengo|0 fnt\n|-enditem|p2a: Kingambit|Air Balloon\n|faint|p2b: Gholdengo\n|cant|p2a: Kingambit|flinch\n|\n|-weather|Sandstorm|[upkeep]\n|-damage|p1a: Vweefen|36\/100 brn|[from] brn\n|upkeep\n|turn|7\n|\n|t:|1698628407\n|move|p2a: Kingambit|Sucker Punch|p1b: Friatch\n|-damage|p1b: Friatch|17\/100\n|move|p1a: Vweefen|Roost|p1a: Vweefen\n|-heal|p1a: Vweefen|86\/100 brn\n|-singleturn|p1a: Vweefen|move: Roost\n|move|p1b: Friatch|Iron Head|p2a: Kingambit\n|-resisted|p2a: Kingambit\n|-damage|p2a: Kingambit|70\/100\n|\n|-weather|Sandstorm|[upkeep]\n|-damage|p1a: Vweefen|80\/100 brn|[from] brn\n|upkeep\n|turn|8\n|\n|t:|1698628421\n|move|p1a: Vweefen|Heat Wave|p2a: Kingambit\n|-supereffective|p2a: Kingambit\n|-damage|p2a: Kingambit|5\/100\n|move|p1b: Friatch|Iron Head|p2a: Kingambit\n|-resisted|p2a: Kingambit\n|-damage|p2a: Kingambit|0 fnt\n|faint|p2a: Kingambit\n|-end|p2a: Kingambit|fallen2|[silent]\n|\n|win|lumptious\n","uploadtime":1698628434,"views":10,"p1id":"lumptious","p2id":"jcarp4318j","formatid":"gen9nationaldexdoubles","rating":0,"private":0,"password":""}