{"id":"gen9nationaldexdoubles-1968434645","p1":"Chiropt","p2":"Rosesandthorns","format":"[Gen 9] National Dex Doubles","log":"|j|\u2606Chiropt\n|j|\u2606Rosesandthorns\n|t:|1697418189\n|gametype|doubles\n|player|p1|Chiropt|norman|1116\n|player|p2|Rosesandthorns|lass-gen4dp|1092\n|teamsize|p1|6\n|teamsize|p2|6\n|gen|9\n|tier|[Gen 9] National Dex Doubles\n|rated|\n|rule|HP Percentage Mod: HP is shown in percentages\n|rule|Endless Battle Clause: Forcing endless battles is banned\n|rule|OHKO Clause: OHKO moves are banned\n|rule|Evasion Moves Clause: Evasion moves are banned\n|rule|Evasion Abilities Clause: Evasion abilities are banned\n|rule|Species Clause: Limit one of each Pok\u00e9mon\n|rule|Gravity Sleep Clause: The combination of sleep-inducing moves with imperfect accuracy and Gravity or Gigantamax Orbeetle are banned\n|clearpoke\n|poke|p1|Gliscor, M|\n|poke|p1|Glimmora, F|\n|poke|p1|Absol, F|\n|poke|p1|Kilowattrel, F|\n|poke|p1|Orthworm, M|\n|poke|p1|Politoed, F|\n|poke|p2|Great Tusk|\n|poke|p2|Landorus-Therian, M|\n|poke|p2|Amoonguss, M|\n|poke|p2|Kommo-o, F|\n|poke|p2|Cloyster, M|\n|poke|p2|Baxcalibur, F|\n|teampreview\n|inactive|Battle timer is ON: inactive players will automatically lose when time's up. (requested by Chiropt)\n|\n|t:|1697418219\n|start\n|switch|p1a: Belladonna|Glimmora, F|100\/100\n|switch|p1b: Beetlejuice|Orthworm, M|100\/100\n|switch|p2a: Great Tusk|Great Tusk|100\/100\n|switch|p2b: Landorus|Landorus-Therian, M|100\/100\n|-ability|p2b: Landorus|Intimidate|boost\n|-unboost|p1a: Belladonna|atk|1\n|-unboost|p1b: Beetlejuice|atk|1\n|turn|1\n|\n|t:|1697418231\n|-terastallize|p2a: Great Tusk|Ground\n|move|p1b: Beetlejuice|Protect|p1b: Beetlejuice\n|-singleturn|p1b: Beetlejuice|Protect\n|move|p2a: Great Tusk|Earthquake|p1a: Belladonna|[spread] p1a\n|-activate|p1b: Beetlejuice|move: Protect\n|-immune|p2b: Landorus\n|-supereffective|p1a: Belladonna\n|-enditem|p1a: Belladonna|Focus Sash\n|-damage|p1a: Belladonna|1\/100\n|-activate|p1a: Belladonna|ability: Toxic Debris\n|-sidestart|p2: Rosesandthorns|move: Toxic Spikes\n|move|p1a: Belladonna|Mortal Spin|p2a: Great Tusk|[spread] p2a,p2b\n|-resisted|p2a: Great Tusk\n|-resisted|p2b: Landorus\n|-damage|p2a: Great Tusk|99\/100\n|-damage|p2b: Landorus|99\/100\n|-status|p2a: Great Tusk|psn\n|-status|p2b: Landorus|psn\n|move|p2b: Landorus|Sunny Day|p2b: Landorus\n|-weather|SunnyDay\n|-activate|p2a: Great Tusk|ability: Protosynthesis\n|-start|p2a: Great Tusk|protosynthesisatk\n|\n|-weather|SunnyDay|[upkeep]\n|-heal|p2b: Landorus|100\/100 psn|[from] item: Leftovers\n|-damage|p2a: Great Tusk|87\/100 psn|[from] psn\n|-damage|p2b: Landorus|88\/100 psn|[from] psn\n|upkeep\n|turn|2\n|\n|t:|1697418258\n|move|p1a: Belladonna|Spiky Shield|p1a: Belladonna\n|-singleturn|p1a: Belladonna|move: Protect\n|move|p2a: Great Tusk|Earthquake|p1b: Beetlejuice|[spread] \n|-activate|p1a: Belladonna|move: Protect\n|-immune|p1b: Beetlejuice|[from] ability: Earth Eater\n|-immune|p2b: Landorus\n|move|p2b: Landorus|Substitute|p2b: Landorus\n|-start|p2b: Landorus|Substitute\n|-damage|p2b: Landorus|63\/100 psn\n|move|p1b: Beetlejuice|Shed Tail|p1b: Beetlejuice\n|-start|p1b: Beetlejuice|Substitute|[from] move: Shed Tail\n|-damage|p1b: Beetlejuice|50\/100\n|-enditem|p1b: Beetlejuice|Sitrus Berry|[eat]\n|-heal|p1b: Beetlejuice|75\/100|[from] item: Sitrus Berry\n|inactive|Chiropt has 120 seconds left.\n|\n|t:|1697418277\n|switch|p1b: Siren|Politoed, F|100\/100|[from] Shed Tail\n|-weather|RainDance|[from] ability: Drizzle|[of] p1b: Siren\n|-end|p2a: Great Tusk|Protosynthesis\n|\n|-weather|RainDance|[upkeep]\n|-heal|p2b: Landorus|69\/100 psn|[from] item: Leftovers\n|-damage|p2a: Great Tusk|75\/100 psn|[from] psn\n|-damage|p2b: Landorus|57\/100 psn|[from] psn\n|upkeep\n|turn|3\n|\n|t:|1697418296\n|-end|p2a: Great Tusk|Protosynthesis|[silent]\n|switch|p2a: Cloyster|Cloyster, M|100\/100\n|-status|p2a: Cloyster|psn\n|switch|p1a: Beetlejuice|Orthworm, M|75\/100\n|move|p2b: Landorus|Hidden Power|p1a: Beetlejuice\n|-resisted|p1a: Beetlejuice\n|-damage|p1a: Beetlejuice|63\/100\n|move|p1b: Siren|Perish Song|p1b: Siren\n|-start|p1a: Beetlejuice|perish3|[silent]\n|-start|p1b: Siren|perish3|[silent]\n|-start|p2a: Cloyster|perish3|[silent]\n|-start|p2b: Landorus|perish3|[silent]\n|-fieldactivate|move: Perish Song\n|\n|-weather|RainDance|[upkeep]\n|-heal|p2b: Landorus|63\/100 psn|[from] item: Leftovers\n|-damage|p2b: Landorus|50\/100 psn|[from] psn\n|-damage|p2a: Cloyster|88\/100 psn|[from] psn\n|-start|p2b: Landorus|perish3\n|-start|p2a: Cloyster|perish3\n|-start|p1b: Siren|perish3\n|-start|p1a: Beetlejuice|perish3\n|upkeep\n|turn|4\n|inactive|Rosesandthorns has 120 seconds left.\n|\n|t:|1697418329\n|move|p2b: Landorus|Calm Mind|p2b: Landorus\n|-boost|p2b: Landorus|spa|1\n|-boost|p2b: Landorus|spd|1\n|move|p2a: Cloyster|Icicle Spear|p1b: Siren\n|-resisted|p1b: Siren\n|-activate|p1b: Siren|move: Substitute|[damage]\n|-resisted|p1b: Siren\n|-activate|p1b: Siren|move: Substitute|[damage]\n|-resisted|p1b: Siren\n|-crit|p1b: Siren\n|-activate|p1b: Siren|move: Substitute|[damage]\n|-resisted|p1b: Siren\n|-end|p1b: Siren|Substitute\n|-resisted|p1b: Siren\n|-damage|p1b: Siren|96\/100\n|-hitcount|p1b: Siren|5\n|move|p1b: Siren|Perish Song||[still]\n|-fail|p1b: Siren\n|move|p1a: Beetlejuice|Shed Tail|p1a: Beetlejuice\n|-start|p1a: Beetlejuice|Substitute|[from] move: Shed Tail\n|-damage|p1a: Beetlejuice|13\/100\n|inactive|Chiropt has 120 seconds left.\n|\n|t:|1697418350\n|switch|p1a: Belladonna|Glimmora, F|1\/100|[from] Shed Tail\n|\n|-weather|RainDance|[upkeep]\n|-heal|p2b: Landorus|57\/100 psn|[from] item: Leftovers\n|-damage|p2b: Landorus|44\/100 psn|[from] psn\n|-damage|p2a: Cloyster|75\/100 psn|[from] psn\n|-start|p2b: Landorus|perish2\n|-start|p2a: Cloyster|perish2\n|-start|p1b: Siren|perish2\n|upkeep\n|turn|5\n|\n|t:|1697418375\n|move|p1a: Belladonna|Stealth Rock|p2a: Cloyster\n|-sidestart|p2: Rosesandthorns|move: Stealth Rock\n|move|p2b: Landorus|Hidden Power|p1b: Siren\n|-resisted|p1b: Siren\n|-damage|p1b: Siren|90\/100\n|move|p2a: Cloyster|Shell Smash|p2a: Cloyster\n|-unboost|p2a: Cloyster|def|1\n|-unboost|p2a: Cloyster|spd|1\n|-boost|p2a: Cloyster|atk|2\n|-boost|p2a: Cloyster|spa|2\n|-boost|p2a: Cloyster|spe|2\n|-enditem|p2a: Cloyster|White Herb\n|-clearnegativeboost|p2a: Cloyster|[silent]\n|move|p1b: Siren|Perish Song|p1b: Siren\n|-start|p1a: Belladonna|perish3|[silent]\n|-fieldactivate|move: Perish Song\n|\n|-weather|RainDance|[upkeep]\n|-heal|p2b: Landorus|50\/100 psn|[from] item: Leftovers\n|-damage|p2a: Cloyster|63\/100 psn|[from] psn\n|-damage|p2b: Landorus|38\/100 psn|[from] psn\n|-start|p2a: Cloyster|perish1\n|-start|p1a: Belladonna|perish3\n|-start|p2b: Landorus|perish1\n|-start|p1b: Siren|perish1\n|upkeep\n|turn|6\n|inactive|Chiropt has 120 seconds left.\n|inactive|Rosesandthorns has 120 seconds left.\n|\n|t:|1697418411\n|switch|p1b: Beetlejuice|Orthworm, M|13\/100\n|move|p1a: Belladonna|Spiky Shield|p1a: Belladonna\n|-singleturn|p1a: Belladonna|move: Protect\n|move|p2a: Cloyster|Icicle Spear|p1b: Beetlejuice\n|-resisted|p1b: Beetlejuice\n|-damage|p1b: Beetlejuice|8\/100\n|-resisted|p1b: Beetlejuice\n|-damage|p1b: Beetlejuice|4\/100\n|-resisted|p1b: Beetlejuice\n|-damage|p1b: Beetlejuice|0 fnt\n|faint|p1b: Beetlejuice\n|-hitcount|p1: Beetlejuice|3\n|move|p2b: Landorus|Hidden Power|p1a: Belladonna\n|-activate|p1a: Belladonna|move: Protect\n|\n|-weather|none\n|-heal|p2b: Landorus|44\/100 psn|[from] item: Leftovers\n|-damage|p2a: Cloyster|50\/100 psn|[from] psn\n|-damage|p2b: Landorus|32\/100 psn|[from] psn\n|-start|p2a: Cloyster|perish0\n|-start|p1a: Belladonna|perish2\n|faint|p2a: Cloyster\n|-start|p2b: Landorus|perish0\n|faint|p2b: Landorus\n|upkeep\n|inactive|Chiropt has 120 seconds left.\n|inactive|Rosesandthorns has 120 seconds left.\n|\n|t:|1697418444\n|switch|p2b: Great Tusk|Great Tusk, tera:Ground|75\/100 psn\n|switch|p2a: Amoonguss|Amoonguss, M|100\/100\n|switch|p1b: Stormfront|Kilowattrel, F|100\/100\n|-damage|p2b: Great Tusk|68\/100 psn|[from] Stealth Rock\n|-sideend|p2: Rosesandthorns|move: Toxic Spikes|[of] p2a: Amoonguss\n|turn|7\n|inactive|Chiropt has 120 seconds left.\n|\n|t:|1697418461\n|move|p1b: Stormfront|Tailwind|p1b: Stormfront\n|-sidestart|p1: Chiropt|move: Tailwind\n|-start|p1b: Stormfront|Charge|Tailwind|[from] ability: Wind Power\n|move|p1a: Belladonna|Spikes|p2b: Great Tusk\n|-sidestart|p2: Rosesandthorns|Spikes\n|move|p2b: Great Tusk|Ice Spinner|p1b: Stormfront\n|-supereffective|p1b: Stormfront\n|-enditem|p1b: Stormfront|Focus Sash\n|-damage|p1b: Stormfront|1\/100\n|move|p2a: Amoonguss|Spore|p1b: Stormfront\n|-status|p1b: Stormfront|slp|[from] move: Spore\n|\n|-damage|p2b: Great Tusk|56\/100 psn|[from] psn\n|-start|p1a: Belladonna|perish1\n|upkeep\n|turn|8\n|\n|t:|1697418488\n|cant|p1b: Stormfront|slp\n|move|p1a: Belladonna|Spikes|p2b: Great Tusk\n|-sidestart|p2: Rosesandthorns|Spikes\n|move|p2b: Great Tusk|Ice Spinner|p1a: Belladonna\n|-end|p1a: Belladonna|Substitute\n|move|p2a: Amoonguss|Hidden Power|p1b: Stormfront\n|-supereffective|p1b: Stormfront\n|-damage|p1b: Stormfront|0 fnt\n|faint|p1b: Stormfront\n|\n|-damage|p2b: Great Tusk|44\/100 psn|[from] psn\n|-start|p1a: Belladonna|perish0\n|faint|p1a: Belladonna\n|upkeep\n|inactive|Chiropt has 120 seconds left.\n|\n|t:|1697418524\n|switch|p1b: Siren|Politoed, F|90\/100\n|switch|p1a: Lestat|Gliscor, M|100\/100\n|-weather|RainDance|[from] ability: Drizzle|[of] p1b: Siren\n|turn|9\n|inactive|Chiropt has 90 seconds left.\n|\n|t:|1697418563\n|-end|p2b: Great Tusk|Protosynthesis|[silent]\n|switch|p2b: Kommo-o|Kommo-o, F|100\/100\n|-damage|p2b: Kommo-o|94\/100|[from] Stealth Rock\n|-damage|p2b: Kommo-o|78\/100|[from] Spikes\n|move|p1a: Lestat|Protect|p1a: Lestat\n|-singleturn|p1a: Lestat|Protect\n|move|p1b: Siren|Perish Song|p1b: Siren\n|-start|p1a: Lestat|perish3|[silent]\n|-start|p1b: Siren|perish3|[silent]\n|-start|p2a: Amoonguss|perish3|[silent]\n|-start|p2b: Kommo-o|perish3|[silent]\n|-fieldactivate|move: Perish Song\n|move|p2a: Amoonguss|Spore|p1a: Lestat\n|-activate|p1a: Lestat|move: Protect\n|\n|-weather|RainDance|[upkeep]\n|-start|p1a: Lestat|perish3\n|-start|p1b: Siren|perish3\n|-start|p2b: Kommo-o|perish3\n|-start|p2a: Amoonguss|perish3\n|-status|p1a: Lestat|tox|[from] item: Toxic Orb\n|upkeep\n|turn|10\n|inactive|Chiropt has 90 seconds left.\n|\n|t:|1697418604\n|move|p1a: Lestat|Earthquake|p2b: Kommo-o|[spread] p1b,p2a,p2b\n|-damage|p1b: Siren|61\/100\n|-damage|p2a: Amoonguss|73\/100\n|-damage|p2b: Kommo-o|59\/100\n|move|p1b: Siren|Perish Song||[still]\n|-fail|p1b: Siren\n|-zpower|p2b: Kommo-o\n|move|p2b: Kommo-o|Clangorous Soulblaze|p1b: Siren|[zeffect]|[spread] p1a,p1b\n|-damage|p1a: Lestat|43\/100 tox\n|-damage|p1b: Siren|31\/100\n|-boost|p2b: Kommo-o|atk|1\n|-boost|p2b: Kommo-o|def|1\n|-boost|p2b: Kommo-o|spa|1\n|-boost|p2b: Kommo-o|spd|1\n|-boost|p2b: Kommo-o|spe|1\n|move|p2a: Amoonguss|Hidden Power|p1a: Lestat\n|-supereffective|p1a: Lestat\n|-damage|p1a: Lestat|0 fnt\n|faint|p1a: Lestat\n|\n|-weather|RainDance|[upkeep]\n|-start|p1b: Siren|perish2\n|-start|p2b: Kommo-o|perish2\n|-start|p2a: Amoonguss|perish2\n|-sideend|p1: Chiropt|move: Tailwind\n|upkeep\n|inactive|Chiropt has 60 seconds left.\n|\n|t:|1697418630\n|switch|p1a: Sheik|Absol, F|100\/100\n|turn|11\n|inactive|Rosesandthorns has 120 seconds left.\n|\n|t:|1697418673\n|detailschange|p1a: Sheik|Absol-Mega, F\n|-mega|p1a: Sheik|Absol|Absolite\n|move|p1b: Siren|Protect|p1b: Siren\n|-singleturn|p1b: Siren|Protect\n|move|p1a: Sheik|Psycho Cut|p2a: Amoonguss\n|-supereffective|p2a: Amoonguss\n|-damage|p2a: Amoonguss|17\/100\n|move|p2b: Kommo-o|Payback|p1a: Sheik\n|-resisted|p1a: Sheik\n|-damage|p1a: Sheik|63\/100\n|move|p2a: Amoonguss|Spore|p1a: Sheik\n|move|p1a: Sheik|Spore|p2a: Amoonguss|[from]ability: Magic Bounce\n|-immune|p2a: Amoonguss\n|\n|-weather|RainDance|[upkeep]\n|-start|p2b: Kommo-o|perish1\n|-start|p1b: Siren|perish1\n|-start|p2a: Amoonguss|perish1\n|upkeep\n|turn|12\n|inactive|Rosesandthorns has 120 seconds left.\n|\n|t:|1697418703\n|move|p1a: Sheik|Psycho Cut|p2a: Amoonguss\n|-supereffective|p2a: Amoonguss\n|-damage|p2a: Amoonguss|0 fnt\n|faint|p2a: Amoonguss\n|move|p2b: Kommo-o|Payback|p1a: Sheik\n|-resisted|p1a: Sheik\n|-damage|p1a: Sheik|27\/100\n|move|p1b: Siren|Perish Song|p1b: Siren\n|-start|p1a: Sheik|perish3|[silent]\n|-fieldactivate|move: Perish Song\n|\n|-weather|RainDance|[upkeep]\n|-start|p1a: Sheik|perish3\n|-start|p2b: Kommo-o|perish0\n|-start|p1b: Siren|perish0\n|upkeep\n|faint|p2b: Kommo-o\n|faint|p1b: Siren\n|\n|t:|1697418714\n|switch|p2b: Baxcalibur|Baxcalibur, F|100\/100\n|switch|p2a: Great Tusk|Great Tusk, tera:Ground|44\/100 psn\n|-damage|p2a: Great Tusk|37\/100 psn|[from] Stealth Rock\n|-damage|p2a: Great Tusk|21\/100 psn|[from] Spikes\n|-damage|p2b: Baxcalibur|76\/100|[from] Stealth Rock\n|-damage|p2b: Baxcalibur|59\/100|[from] Spikes\n|turn|13\n|inactive|Chiropt has 90 seconds left.\n|inactive|Rosesandthorns has 120 seconds left.\n|\n|t:|1697418739\n|move|p1a: Sheik|Sucker Punch|p2a: Great Tusk\n|-damage|p2a: Great Tusk|0 fnt\n|faint|p2a: Great Tusk\n|-end|p2a: Great Tusk|Protosynthesis|[silent]\n|move|p2b: Baxcalibur|Dragon Tail|p1a: Sheik\n|-damage|p1a: Sheik|0 fnt\n|faint|p1a: Sheik\n|\n|win|Rosesandthorns\n|raw|Chiropt's rating: 1116 &rarr; <strong>1089<\/strong><br \/>(-27 for losing)\n|raw|Rosesandthorns's rating: 1092 &rarr; <strong>1120<\/strong><br \/>(+28 for winning)\n|c|\u2606Rosesandthorns|gg\n","uploadtime":1697418750,"views":9,"p1id":"chiropt","p2id":"rosesandthorns","formatid":"gen9nationaldexdoubles","rating":1089,"private":0,"password":""}