{"id":"gen9nationaldexdoubles-1966596234","p1":"josesuperx","p2":"Dedd9","format":"[Gen 9] National Dex Doubles","log":"|j|\u2606josesuperx\n|j|\u2606Dedd9\n|t:|1697206189\n|gametype|doubles\n|player|p1|josesuperx|101|1193\n|player|p2|Dedd9|clair|1234\n|teamsize|p1|6\n|teamsize|p2|6\n|gen|9\n|tier|[Gen 9] National Dex Doubles\n|rated|\n|rule|HP Percentage Mod: HP is shown in percentages\n|rule|Endless Battle Clause: Forcing endless battles is banned\n|rule|OHKO Clause: OHKO moves are banned\n|rule|Evasion Moves Clause: Evasion moves are banned\n|rule|Evasion Abilities Clause: Evasion abilities are banned\n|rule|Species Clause: Limit one of each Pok\u00e9mon\n|rule|Gravity Sleep Clause: The combination of sleep-inducing moves with imperfect accuracy and Gravity or Gigantamax Orbeetle are banned\n|clearpoke\n|poke|p1|Salamence, M|\n|poke|p1|Ambipom, M|\n|poke|p1|Tapu Lele|\n|poke|p1|Tapu Fini|\n|poke|p1|Thundurus, M|\n|poke|p1|Incineroar, M|\n|poke|p2|Tinkaton, F|\n|poke|p2|Zamazenta-*|\n|poke|p2|Riolu, M|\n|poke|p2|Grimmsnarl, M|\n|poke|p2|Mienshao, F|\n|poke|p2|Mew|\n|teampreview\n|inactive|Battle timer is ON: inactive players will automatically lose when time's up. (requested by Dedd9)\n|\n|t:|1697206207\n|start\n|switch|p1a: Salamence|Salamence, M, shiny|100\/100\n|switch|p1b: Ambipom|Ambipom, M, shiny|100\/100\n|switch|p2a: Grimmsnarl|Grimmsnarl, M, shiny|100\/100\n|switch|p2b: Riolu|Riolu, M, shiny|100\/100\n|-ability|p1a: Salamence|Intimidate|boost\n|-unboost|p2a: Grimmsnarl|atk|1\n|-unboost|p2b: Riolu|atk|1\n|turn|1\n|\n|t:|1697206224\n|detailschange|p1a: Salamence|Salamence-Mega, M, shiny\n|-mega|p1a: Salamence|Salamence|Salamencite\n|move|p2b: Riolu|Detect|p2b: Riolu\n|-singleturn|p2b: Riolu|Protect\n|move|p1b: Ambipom|Fake Out|p2a: Grimmsnarl\n|-damage|p2a: Grimmsnarl|75\/100\n|cant|p2a: Grimmsnarl|flinch\n|move|p1a: Salamence|Dragon Dance|p1a: Salamence\n|-boost|p1a: Salamence|atk|1\n|-boost|p1a: Salamence|spe|1\n|\n|upkeep\n|turn|2\n|\n|t:|1697206247\n|move|p2b: Riolu|Detect|p2b: Riolu\n|-singleturn|p2b: Riolu|Protect\n|move|p2a: Grimmsnarl|Reflect|p2a: Grimmsnarl\n|-sidestart|p2: Dedd9|Reflect\n|move|p1a: Salamence|Dragon Claw|p2b: Riolu\n|-activate|p2b: Riolu|move: Protect\n|move|p1b: Ambipom|Double Hit|p2a: Grimmsnarl\n|-damage|p2a: Grimmsnarl|60\/100\n|-damage|p2a: Grimmsnarl|44\/100\n|-hitcount|p2a: Grimmsnarl|2\n|\n|upkeep\n|turn|3\n|\n|t:|1697206273\n|switch|p2a: Tinkaton|Tinkaton, F, shiny|100\/100\n|-ability|p2a: Tinkaton|Mold Breaker\n|move|p2b: Riolu|Coaching|p2a: Tinkaton\n|-boost|p2a: Tinkaton|atk|1\n|-boost|p2a: Tinkaton|def|1\n|move|p1a: Salamence|Dragon Claw|p2a: Tinkaton\n|-immune|p2a: Tinkaton\n|move|p1b: Ambipom|Double Hit|p2b: Riolu\n|-damage|p2b: Riolu|53\/100\n|-damage|p2b: Riolu|0 fnt\n|faint|p2b: Riolu\n|-hitcount|p2: Riolu|2\n|\n|upkeep\n|inactive|Dedd9 has 120 seconds left.\n|inactive|Dedd9 has 90 seconds left.\n|\n|t:|1697206324\n|switch|p2b: Mew|Mew|100\/100\n|turn|4\n|\n|t:|1697206348\n|switch|p1a: Incineroar|Incineroar, M, shiny|100\/100\n|-ability|p1a: Incineroar|Intimidate|boost\n|-unboost|p2a: Tinkaton|atk|1\n|-unboost|p2b: Mew|atk|1\n|switch|p1b: Tapu Lele|Tapu Lele, shiny|100\/100\n|-fieldstart|move: Psychic Terrain|[from] ability: Psychic Surge|[of] p1b: Tapu Lele\n|move|p2b: Mew|Fake Out|p1a: Incineroar\n|-activate|p1a: Incineroar|move: Psychic Terrain\n|move|p2a: Tinkaton|Gigaton Hammer|p1b: Tapu Lele\n|-supereffective|p1b: Tapu Lele\n|-damage|p1b: Tapu Lele|0 fnt\n|faint|p1b: Tapu Lele\n|\n|upkeep\n|inactive|josesuperx has 120 seconds left.\n|\n|t:|1697206368\n|switch|p1b: Ambipom|Ambipom, M, shiny|100\/100\n|turn|5\n|\n|t:|1697206376\n|move|p1b: Ambipom|Knock Off|p2b: Mew\n|-supereffective|p2b: Mew\n|-damage|p2b: Mew|71\/100\n|-enditem|p2b: Mew|Sitrus Berry|[from] move: Knock Off|[of] p1b: Ambipom\n|move|p2b: Mew|Coaching|p2a: Tinkaton\n|-boost|p2a: Tinkaton|atk|1\n|-boost|p2a: Tinkaton|def|1\n|move|p2a: Tinkaton|Rock Slide|p1b: Ambipom|[spread] p1a,p1b\n|-supereffective|p1a: Incineroar\n|-damage|p1a: Incineroar|67\/100\n|-damage|p1b: Ambipom|76\/100\n|cant|p1a: Incineroar|flinch\n|\n|upkeep\n|turn|6\n|\n|t:|1697206397\n|switch|p1b: Thundurus|Thundurus, M, shiny|100\/100\n|move|p2b: Mew|Coaching|p2a: Tinkaton\n|-boost|p2a: Tinkaton|atk|1\n|-boost|p2a: Tinkaton|def|1\n|move|p2a: Tinkaton|Gigaton Hammer|p1b: Thundurus\n|-resisted|p1b: Thundurus\n|-damage|p1b: Thundurus|37\/100\n|-enditem|p1b: Thundurus|Sitrus Berry|[eat]\n|-heal|p1b: Thundurus|62\/100|[from] item: Sitrus Berry\n|move|p1a: Incineroar|Flare Blitz|p2a: Tinkaton\n|-supereffective|p2a: Tinkaton\n|-damage|p2a: Tinkaton|72\/100\n|-damage|p1a: Incineroar|57\/100|[from] Recoil\n|\n|upkeep\n|turn|7\n|\n|t:|1697206423\n|move|p1b: Thundurus|Thunder Wave|p2a: Tinkaton\n|-activate|p2a: Tinkaton|move: Psychic Terrain\n|move|p2b: Mew|Defog|p1b: Thundurus\n|-unboost|p1b: Thundurus|evasion|1\n|-fieldend|move: Psychic Terrain\n|move|p2a: Tinkaton|Rock Slide|p1a: Incineroar|[spread] p1a,p1b\n|-supereffective|p1a: Incineroar\n|-supereffective|p1b: Thundurus\n|-damage|p1a: Incineroar|13\/100\n|-damage|p1b: Thundurus|3\/100\n|-enditem|p1a: Incineroar|Sitrus Berry|[eat]\n|-heal|p1a: Incineroar|38\/100|[from] item: Sitrus Berry\n|move|p1a: Incineroar|Darkest Lariat|p2b: Mew\n|-supereffective|p2b: Mew\n|-damage|p2b: Mew|35\/100\n|\n|upkeep\n|turn|8\n|\n|t:|1697206449\n|move|p1b: Thundurus|Thunder Wave|p2a: Tinkaton\n|-status|p2a: Tinkaton|par\n|move|p2b: Mew|Heal Bell|p2b: Mew\n|-activate|p2b: Mew|move: Heal Bell\n|-curestatus|p2a: Tinkaton|par|[msg]\n|move|p2a: Tinkaton|Rock Slide|p1a: Incineroar|[spread] p1a,p1b\n|-supereffective|p1a: Incineroar\n|-supereffective|p1b: Thundurus\n|-damage|p1a: Incineroar|0 fnt\n|-damage|p1b: Thundurus|0 fnt\n|faint|p1a: Incineroar\n|faint|p1b: Thundurus\n|\n|upkeep\n|\n|t:|1697206458\n|switch|p1b: Ambipom|Ambipom, M, shiny|76\/100\n|switch|p1a: Tapu Fini|Tapu Fini, shiny|100\/100\n|-fieldstart|move: Misty Terrain|[from] ability: Misty Surge|[of] p1a: Tapu Fini\n|turn|9\n|inactive|Dedd9 has 120 seconds left.\n|\n|t:|1697206496\n|switch|p2b: Grimmsnarl|Grimmsnarl, M, shiny|44\/100\n|move|p1b: Ambipom|Double Hit|p2a: Tinkaton\n|-resisted|p2a: Tinkaton\n|-damage|p2a: Tinkaton|69\/100\n|-resisted|p2a: Tinkaton\n|-damage|p2a: Tinkaton|66\/100\n|-hitcount|p2a: Tinkaton|2\n|move|p2a: Tinkaton|Gigaton Hammer|p1b: Ambipom\n|-damage|p1b: Ambipom|0 fnt\n|faint|p1b: Ambipom\n|move|p1a: Tapu Fini|Muddy Water|p2a: Tinkaton|[spread] p2a,p2b\n|-damage|p2a: Tinkaton|51\/100\n|-damage|p2b: Grimmsnarl|16\/100\n|\n|-sideend|p2: Dedd9|Reflect\n|upkeep\n|\n|t:|1697206514\n|switch|p1b: Salamence|Salamence-Mega, M, shiny|100\/100\n|turn|10\n|\n|t:|1697206523\n|move|p2b: Grimmsnarl|Light Screen|p2b: Grimmsnarl\n|-sidestart|p2: Dedd9|move: Light Screen\n|move|p1b: Salamence|Double-Edge|p2a: Tinkaton\n|-resisted|p2a: Tinkaton\n|-damage|p2a: Tinkaton|35\/100\n|-damage|p1b: Salamence|95\/100|[from] Recoil\n|move|p2a: Tinkaton|Rock Slide|p1a: Tapu Fini|[spread] p1a,p1b\n|-supereffective|p1b: Salamence\n|-damage|p1a: Tapu Fini|81\/100\n|-damage|p1b: Salamence|64\/100\n|cant|p1a: Tapu Fini|flinch\n|\n|upkeep\n|turn|11\n|\n|t:|1697206537\n|move|p2b: Grimmsnarl|Reflect|p2b: Grimmsnarl\n|-sidestart|p2: Dedd9|Reflect\n|move|p1b: Salamence|Double-Edge|p2b: Grimmsnarl\n|-damage|p2b: Grimmsnarl|0 fnt\n|faint|p2b: Grimmsnarl\n|-damage|p1b: Salamence|58\/100|[from] Recoil\n|move|p2a: Tinkaton|Gigaton Hammer|p1b: Salamence\n|-crit|p1b: Salamence\n|-damage|p1b: Salamence|0 fnt\n|faint|p1b: Salamence\n|move|p1a: Tapu Fini|Muddy Water|p2a: Tinkaton\n|-damage|p2a: Tinkaton|22\/100\n|-unboost|p2a: Tinkaton|accuracy|1\n|\n|upkeep\n|\n|t:|1697206546\n|switch|p2b: Mienshao|Mienshao, F|100\/100\n|turn|12\n|\n|t:|1697206551\n|move|p2b: Mienshao|Fake Out|p1a: Tapu Fini\n|-damage|p1a: Tapu Fini|70\/100\n|move|p2a: Tinkaton|Knock Off|p1a: Tapu Fini\n|-resisted|p1a: Tapu Fini\n|-damage|p1a: Tapu Fini|61\/100\n|cant|p1a: Tapu Fini|flinch\n|\n|upkeep\n|turn|13\n|\n|t:|1697206562\n|move|p2b: Mienshao|Coaching|p2a: Tinkaton\n|-boost|p2a: Tinkaton|atk|1\n|-boost|p2a: Tinkaton|def|1\n|move|p2a: Tinkaton|Gigaton Hammer|p1a: Tapu Fini\n|-damage|p1a: Tapu Fini|0 fnt\n|faint|p1a: Tapu Fini\n|\n|win|Dedd9\n|raw|josesuperx's rating: 1193 &rarr; <strong>1171<\/strong><br \/>(-22 for losing)\n|raw|Dedd9's rating: 1234 &rarr; <strong>1256<\/strong><br \/>(+22 for winning)\n|c|\u2606Dedd9|gg\n|l|\u2606josesuperx\n","uploadtime":1697206574,"views":9,"p1id":"josesuperx","p2id":"dedd9","formatid":"gen9nationaldexdoubles","rating":1171,"private":0,"password":""}