{"id":"gen9nationaldexdoubles-1957782285","p1":"massarojpr","p2":"DaveTheDino","format":"[Gen 9] National Dex Doubles","log":"|j|\u2606massarojpr\n|j|\u2606DaveTheDino\n|t:|1696260639\n|gametype|doubles\n|player|p1|massarojpr|169|\n|player|p2|DaveTheDino|101|\n|teamsize|p1|6\n|teamsize|p2|6\n|gen|9\n|tier|[Gen 9] National Dex Doubles\n|rule|HP Percentage Mod: HP is shown in percentages\n|rule|Endless Battle Clause: Forcing endless battles is banned\n|rule|OHKO Clause: OHKO moves are banned\n|rule|Evasion Moves Clause: Evasion moves are banned\n|rule|Evasion Abilities Clause: Evasion abilities are banned\n|rule|Species Clause: Limit one of each Pok\u00e9mon\n|rule|Gravity Sleep Clause: The combination of sleep-inducing moves with imperfect accuracy and Gravity or Gigantamax Orbeetle are banned\n|clearpoke\n|poke|p1|Gastrodon, F|\n|poke|p1|Tyranitar, M|\n|poke|p1|Togekiss, F|\n|poke|p1|Cinderace, M|\n|poke|p1|Volcarona, M|\n|poke|p1|Ninetales, M|\n|poke|p2|Spiritomb, M|\n|poke|p2|Lucario, M|\n|poke|p2|Garchomp, M|\n|poke|p2|Togekiss, F|\n|poke|p2|Roserade, M|\n|poke|p2|Milotic, F|\n|teampreview\n|inactive|Battle timer is ON: inactive players will automatically lose when time's up. (requested by massarojpr)\n|\n|t:|1696260658\n|start\n|switch|p1a: Togekiss|Togekiss, F|100\/100\n|switch|p1b: Volcarona|Volcarona, M|100\/100\n|switch|p2a: Spiritomb|Spiritomb, M|100\/100\n|switch|p2b: Roserade|Roserade, M|100\/100\n|-ability|p2a: Spiritomb|Pressure\n|turn|1\n|inactive|DaveTheDino has 270 seconds left.\n|inactive|DaveTheDino has 240 seconds left.\n|\n|t:|1696260721\n|move|p1a: Togekiss|Follow Me|p1a: Togekiss\n|-singleturn|p1a: Togekiss|move: Follow Me\n|move|p2b: Roserade|Sludge Bomb|p1a: Togekiss\n|-supereffective|p1a: Togekiss\n|-damage|p1a: Togekiss|25\/100\n|-enditem|p1a: Togekiss|Sitrus Berry|[eat]\n|-heal|p1a: Togekiss|49\/100|[from] item: Sitrus Berry\n|move|p1b: Volcarona|Quiver Dance|p1b: Volcarona\n|-boost|p1b: Volcarona|spa|1\n|-boost|p1b: Volcarona|spd|1\n|-boost|p1b: Volcarona|spe|1\n|move|p2a: Spiritomb|Psychic|p1a: Togekiss\n|-damage|p1a: Togekiss|32\/100\n|-unboost|p1a: Togekiss|spd|1\n|\n|upkeep\n|turn|2\n|\n|t:|1696260746\n|move|p1b: Volcarona|Flamethrower|p2b: Roserade\n|-supereffective|p2b: Roserade\n|-damage|p2b: Roserade|0 fnt\n|faint|p2b: Roserade\n|move|p1a: Togekiss|Life Dew||[still]|[spread] p1a,p1b\n|-heal|p1a: Togekiss|57\/100\n|-fail|p1b: Volcarona|heal\n|move|p2a: Spiritomb|Psychic|p1a: Togekiss\n|-damage|p1a: Togekiss|32\/100\n|\n|upkeep\n|inactive|DaveTheDino has 240 seconds left.\n|\n|t:|1696260762\n|switch|p2b: Togekiss|Togekiss, F|100\/100\n|turn|3\n|\n|t:|1696260774\n|move|p1b: Volcarona|Flamethrower|p2b: Togekiss\n|-damage|p2b: Togekiss|28\/100\n|move|p2b: Togekiss|Air Slash|p1b: Volcarona\n|-supereffective|p1b: Volcarona\n|-damage|p1b: Volcarona|52\/100\n|move|p1a: Togekiss|Thunder Wave|p2b: Togekiss|[miss]\n|-miss|p1a: Togekiss|p2b: Togekiss\n|move|p2a: Spiritomb|Psychic|p1a: Togekiss\n|-damage|p1a: Togekiss|7\/100\n|\n|upkeep\n|turn|4\n|inactive|DaveTheDino has 270 seconds left.\n|\n|t:|1696260791\n|move|p1b: Volcarona|Flamethrower|p2b: Togekiss\n|-damage|p2b: Togekiss|0 fnt\n|faint|p2b: Togekiss\n|move|p1a: Togekiss|Life Dew|p1a: Togekiss|[spread] p1a,p1b\n|-heal|p1a: Togekiss|32\/100\n|-heal|p1b: Volcarona|77\/100\n|move|p2a: Spiritomb|Psychic|p1a: Togekiss\n|-damage|p1a: Togekiss|7\/100\n|\n|upkeep\n|\n|t:|1696260813\n|switch|p2b: Milotic|Milotic, F|100\/100\n|turn|5\n|\n|t:|1696260829\n|move|p1a: Togekiss|Follow Me|p1a: Togekiss\n|-singleturn|p1a: Togekiss|move: Follow Me\n|move|p1b: Volcarona|Quiver Dance|p1b: Volcarona\n|-boost|p1b: Volcarona|spa|1\n|-boost|p1b: Volcarona|spd|1\n|-boost|p1b: Volcarona|spe|1\n|move|p2b: Milotic|Scald|p1a: Togekiss\n|-damage|p1a: Togekiss|0 fnt\n|faint|p1a: Togekiss\n|move|p2a: Spiritomb|Psychic|p1b: Volcarona\n|-damage|p1b: Volcarona|62\/100\n|\n|upkeep\n|\n|t:|1696260840\n|switch|p1a: Ninetales|Ninetales, M|100\/100\n|-weather|SunnyDay|[from] ability: Drought|[of] p1a: Ninetales\n|turn|6\n|inactive|DaveTheDino has 270 seconds left.\n|\n|t:|1696260861\n|move|p1b: Volcarona|Giga Drain|p2b: Milotic\n|-supereffective|p2b: Milotic\n|-damage|p2b: Milotic|4\/100\n|-heal|p1b: Volcarona|100\/100|[from] drain|[of] p2b: Milotic\n|move|p1a: Ninetales|Energy Ball|p2b: Milotic\n|-supereffective|p2b: Milotic\n|-damage|p2b: Milotic|0 fnt\n|faint|p2b: Milotic\n|move|p2a: Spiritomb|Psychic|p1b: Volcarona\n|-crit|p1b: Volcarona\n|-damage|p1b: Volcarona|56\/100\n|-unboost|p1b: Volcarona|spd|1\n|\n|-weather|SunnyDay|[upkeep]\n|upkeep\n|\n|t:|1696260885\n|switch|p2b: Lucario|Lucario, M|100\/100\n|turn|7\n|inactive|DaveTheDino has 270 seconds left.\n|\n|t:|1696260909\n|move|p1b: Volcarona|Flamethrower|p2b: Lucario\n|-supereffective|p2b: Lucario\n|-enditem|p2b: Lucario|Focus Sash\n|-damage|p2b: Lucario|1\/100\n|move|p1a: Ninetales|Flamethrower|p2a: Spiritomb\n|-damage|p2a: Spiritomb|74\/100\n|move|p2b: Lucario|Aura Sphere|p1b: Volcarona\n|-resisted|p1b: Volcarona\n|-damage|p1b: Volcarona|42\/100\n|move|p2a: Spiritomb|Psychic|p1a: Ninetales\n|-damage|p1a: Ninetales|76\/100\n|-unboost|p1a: Ninetales|spd|1\n|\n|-weather|SunnyDay|[upkeep]\n|upkeep\n|turn|8\n|inactive|DaveTheDino has 270 seconds left.\n|inactive|DaveTheDino has 240 seconds left.\n|\n|t:|1696260958\n|move|p1b: Volcarona|Flamethrower|p2a: Spiritomb\n|-damage|p2a: Spiritomb|0 fnt\n|faint|p2a: Spiritomb\n|move|p1a: Ninetales|Flamethrower|p2b: Lucario\n|-supereffective|p2b: Lucario\n|-damage|p2b: Lucario|0 fnt\n|faint|p2b: Lucario\n|\n|-weather|SunnyDay|[upkeep]\n|upkeep\n|\n|t:|1696260969\n|switch|p2a: Garchomp|Garchomp, M|100\/100\n|turn|9\n|\n|t:|1696260980\n|move|p1b: Volcarona|Giga Drain|p2a: Garchomp\n|-damage|p2a: Garchomp|25\/100\n|-heal|p1b: Volcarona|85\/100|[from] drain|[of] p2a: Garchomp\n|move|p2a: Garchomp|Earthquake|p1b: Volcarona|[spread] p1a,p1b\n|-supereffective|p1a: Ninetales\n|-damage|p1a: Ninetales|0 fnt\n|-damage|p1b: Volcarona|0 fnt\n|faint|p1a: Ninetales\n|faint|p1b: Volcarona\n|\n|-weather|SunnyDay|[upkeep]\n|upkeep\n|\n|t:|1696260989\n|switch|p1a: Tyranitar|Tyranitar, M|100\/100\n|switch|p1b: Gastrodon|Gastrodon, F|100\/100\n|-weather|Sandstorm|[from] ability: Sand Stream|[of] p1a: Tyranitar\n|turn|10\n|\n|t:|1696260999\n|move|p2a: Garchomp|Earthquake|p1a: Tyranitar|[spread] p1a,p1b\n|-supereffective|p1a: Tyranitar\n|-damage|p1a: Tyranitar|9\/100\n|-damage|p1b: Gastrodon|57\/100\n|move|p1a: Tyranitar|Crunch|p2a: Garchomp\n|-damage|p2a: Garchomp|0 fnt\n|-damage|p1a: Tyranitar|0 fnt|[from] ability: Rough Skin|[of] p2a: Garchomp\n|faint|p2a: Garchomp\n|faint|p1a: Tyranitar\n|\n|win|massarojpr\n","uploadtime":1696261015,"views":17,"p1id":"massarojpr","p2id":"davethedino","formatid":"gen9nationaldexdoubles","rating":0,"private":0,"password":""}