{"id":"gen9nationaldexdoubles-1959007070","p1":"zeref203","p2":"AkuAkanMenang","format":"[Gen 9] National Dex Doubles","log":"|j|\u2606zeref203\n|j|\u2606AkuAkanMenang\n|t:|1696377171\n|gametype|doubles\n|player|p1|zeref203|266|1206\n|player|p2|AkuAkanMenang|steven|1147\n|teamsize|p1|6\n|teamsize|p2|6\n|gen|9\n|tier|[Gen 9] National Dex Doubles\n|rated|\n|rule|HP Percentage Mod: HP is shown in percentages\n|rule|Endless Battle Clause: Forcing endless battles is banned\n|rule|OHKO Clause: OHKO moves are banned\n|rule|Evasion Moves Clause: Evasion moves are banned\n|rule|Evasion Abilities Clause: Evasion abilities are banned\n|rule|Species Clause: Limit one of each Pok\u00e9mon\n|rule|Gravity Sleep Clause: The combination of sleep-inducing moves with imperfect accuracy and Gravity or Gigantamax Orbeetle are banned\n|clearpoke\n|poke|p1|Great Tusk|\n|poke|p1|Goodra-Hisui, M|\n|poke|p1|Ninetales-Alola, M|\n|poke|p1|Metagross|\n|poke|p1|Feraligatr, F|\n|poke|p1|Absol, M|\n|poke|p2|Ceruledge, F|\n|poke|p2|Kilowattrel, M|\n|poke|p2|Orthworm, F|\n|poke|p2|Garchomp, F|\n|poke|p2|Quaquaval, F|\n|poke|p2|Sylveon, M|\n|teampreview\n|inactive|Battle timer is ON: inactive players will automatically lose when time's up. (requested by zeref203)\n|\n|t:|1696377185\n|start\n|switch|p1a: Ninetales|Ninetales-Alola, M|100\/100\n|switch|p1b: Absol|Absol, M|100\/100\n|switch|p2a: Garchomp|Garchomp, F|100\/100\n|switch|p2b: Kilowattrel|Kilowattrel, M|100\/100\n|-weather|Snow|[from] ability: Snow Warning|[of] p1a: Ninetales\n|turn|1\n|\n|t:|1696377210\n|switch|p2a: Orthworm|Orthworm, F|100\/100\n|detailschange|p1b: Absol|Absol-Mega, M\n|-mega|p1b: Absol|Absol|Absolite\n|move|p1b: Absol|Night Slash|p2b: Kilowattrel\n|-damage|p2b: Kilowattrel|21\/100\n|move|p2b: Kilowattrel|Tailwind|p2b: Kilowattrel\n|-sidestart|p2: AkuAkanMenang|move: Tailwind\n|move|p1a: Ninetales|Freeze-Dry|p2a: Orthworm\n|-resisted|p2a: Orthworm\n|-damage|p2a: Orthworm|85\/100\n|\n|-weather|Snow|[upkeep]\n|-heal|p2a: Orthworm|91\/100|[from] item: Leftovers\n|upkeep\n|turn|2\n|\n|t:|1696377235\n|switch|p1a: Metagross|Metagross|100\/100\n|move|p2b: Kilowattrel|Protect|p2b: Kilowattrel\n|-singleturn|p2b: Kilowattrel|Protect\n|move|p1b: Absol|Psycho Cut|p2b: Kilowattrel\n|-activate|p2b: Kilowattrel|move: Protect\n|move|p2a: Orthworm|Iron Defense|p2a: Orthworm\n|-boost|p2a: Orthworm|def|2\n|\n|-weather|Snow|[upkeep]\n|-heal|p2a: Orthworm|98\/100|[from] item: Leftovers\n|upkeep\n|turn|3\n|\n|t:|1696377256\n|switch|p2b: Ceruledge|Ceruledge, F|100\/100\n|move|p1b: Absol|Night Slash|p2b: Ceruledge\n|-supereffective|p2b: Ceruledge\n|-damage|p2b: Ceruledge|0 fnt\n|faint|p2b: Ceruledge\n|move|p2a: Orthworm|Iron Defense|p2a: Orthworm\n|-boost|p2a: Orthworm|def|2\n|move|p1a: Metagross|Agility|p1a: Metagross\n|-boost|p1a: Metagross|spe|2\n|\n|-weather|Snow|[upkeep]\n|-heal|p2a: Orthworm|100\/100|[from] item: Leftovers\n|upkeep\n|\n|t:|1696377274\n|switch|p2b: Sylveon|Sylveon, M|100\/100\n|turn|4\n|\n|t:|1696377290\n|switch|p1b: Goodra|Goodra-Hisui, M|100\/100\n|move|p1a: Metagross|Meteor Mash|p2b: Sylveon\n|-supereffective|p2b: Sylveon\n|-damage|p2b: Sylveon|0 fnt\n|faint|p2b: Sylveon\n|move|p2a: Orthworm|Body Press|p1a: Metagross\n|-damage|p1a: Metagross|35\/100\n|\n|-weather|Snow|[upkeep]\n|-sideend|p2: AkuAkanMenang|move: Tailwind\n|upkeep\n|\n|t:|1696377305\n|switch|p2b: Garchomp|Garchomp, F|100\/100\n|turn|5\n|\n|t:|1696377313\n|move|p1a: Metagross|Psycho Cut|p2b: Garchomp\n|-damage|p2b: Garchomp|63\/100\n|move|p2b: Garchomp|Dragon Claw|p2a: Orthworm\n|-resisted|p2a: Orthworm\n|-damage|p2a: Orthworm|94\/100\n|move|p2a: Orthworm|Body Press|p1a: Metagross\n|-damage|p1a: Metagross|0 fnt\n|faint|p1a: Metagross\n|move|p1b: Goodra|Blizzard|p2a: Orthworm|[spread] p2a,p2b\n|-resisted|p2a: Orthworm\n|-supereffective|p2b: Garchomp\n|-damage|p2a: Orthworm|77\/100\n|-damage|p2b: Garchomp|0 fnt\n|-status|p2a: Orthworm|frz\n|faint|p2b: Garchomp\n|\n|-weather|Snow|[upkeep]\n|-heal|p2a: Orthworm|83\/100 frz|[from] item: Leftovers\n|upkeep\n|-message|AkuAkanMenang forfeited.\n|\n|win|zeref203\n|raw|zeref203's rating: 1206 &rarr; <strong>1227<\/strong><br \/>(+21 for winning)\n|raw|AkuAkanMenang's rating: 1147 &rarr; <strong>1126<\/strong><br \/>(-21 for losing)\n|l|\u2606AkuAkanMenang\n","uploadtime":1696377345,"views":7,"p1id":"zeref203","p2id":"akuakanmenang","formatid":"gen9nationaldexdoubles","rating":1126,"private":0,"password":""}