{"id":"gen9nationaldexdoubles-1968573702","p1":"yxyqnGO","p2":"Miiirza","format":"[Gen 9] National Dex Doubles","log":"|j|\u2606yxyqnGO\n|j|\u2606Miiirza\n|t:|1697435764\n|gametype|doubles\n|player|p1|yxyqnGO|102|1429\n|player|p2|Miiirza|266|1504\n|teamsize|p1|6\n|teamsize|p2|6\n|gen|9\n|tier|[Gen 9] National Dex Doubles\n|rated|\n|rule|HP Percentage Mod: HP is shown in percentages\n|rule|Endless Battle Clause: Forcing endless battles is banned\n|rule|OHKO Clause: OHKO moves are banned\n|rule|Evasion Moves Clause: Evasion moves are banned\n|rule|Evasion Abilities Clause: Evasion abilities are banned\n|rule|Species Clause: Limit one of each Pok\u00e9mon\n|rule|Gravity Sleep Clause: The combination of sleep-inducing moves with imperfect accuracy and Gravity or Gigantamax Orbeetle are banned\n|clearpoke\n|poke|p1|Chien-Pao|\n|poke|p1|Ogerpon-Hearthflame, F|\n|poke|p1|Tornadus, M|\n|poke|p1|Brambleghast, M|\n|poke|p1|Urshifu-*, F|\n|poke|p1|Mawile, M|\n|poke|p2|Incineroar, M|\n|poke|p2|Gastrodon-East, M|\n|poke|p2|Rillaboom, M|\n|poke|p2|Zygarde|\n|poke|p2|Amoonguss, M|\n|poke|p2|Chien-Pao|\n|teampreview\n|inactive|Battle timer is ON: inactive players will automatically lose when time's up. (requested by yxyqnGO)\n|inactive|Miiirza also wants the timer to be on.\n|\n|t:|1697435795\n|start\n|switch|p1a: Tornadus|Tornadus, M|100\/100\n|switch|p1b: Urshifu|Urshifu-Rapid-Strike, F|100\/100\n|switch|p2a: Incineroar|Incineroar, M, shiny|100\/100\n|switch|p2b: Chien-Pao|Chien-Pao|100\/100\n|-ability|p2b: Chien-Pao|Sword of Ruin\n|-ability|p2a: Incineroar|Intimidate|boost\n|-unboost|p1a: Tornadus|atk|1\n|-unboost|p1b: Urshifu|atk|1\n|turn|1\n|\n|t:|1697435823\n|-terastallize|p1b: Urshifu|Water\n|move|p2a: Incineroar|Fake Out|p1b: Urshifu\n|-damage|p1b: Urshifu|83\/100\n|move|p1a: Tornadus|Tailwind|p1a: Tornadus\n|-sidestart|p1: yxyqnGO|move: Tailwind\n|cant|p1b: Urshifu|flinch\n|move|p2b: Chien-Pao|Ice Spinner|p1a: Tornadus\n|-supereffective|p1a: Tornadus\n|-damage|p1a: Tornadus|0 fnt\n|faint|p1a: Tornadus\n|\n|upkeep\n|inactive|yxyqnGO has 120 seconds left.\n|\n|t:|1697435837\n|switch|p1a: Brambleghast|Brambleghast, M|100\/100\n|-ability|p1a: Brambleghast|Wind Rider|boost\n|-boost|p1a: Brambleghast|atk|1\n|turn|2\n|\n|t:|1697435853\n|switch|p2b: Gastrodon|Gastrodon-East, M, shiny|100\/100\n|move|p1a: Brambleghast|Power Whip|p2b: Gastrodon|[miss]\n|-miss|p1a: Brambleghast|p2b: Gastrodon\n|move|p1b: Urshifu|Surging Strikes|p2b: Gastrodon\n|-activate|p2b: Gastrodon|ability: Storm Drain\n|-ability|p2b: Gastrodon|Storm Drain|boost\n|-boost|p2b: Gastrodon|spa|1\n|move|p2a: Incineroar|Knock Off|p1a: Brambleghast\n|-supereffective|p1a: Brambleghast\n|-enditem|p1a: Brambleghast|Focus Sash\n|-damage|p1a: Brambleghast|1\/100\n|\n|upkeep\n|turn|3\n|\n|t:|1697435868\n|switch|p2a: Amoonguss|Amoonguss, M|100\/100\n|move|p2b: Gastrodon|Protect|p2b: Gastrodon\n|-singleturn|p2b: Gastrodon|Protect\n|move|p1a: Brambleghast|Power Whip|p2b: Gastrodon\n|-activate|p2b: Gastrodon|move: Protect\n|move|p1b: Urshifu|Surging Strikes|p2b: Gastrodon\n|-activate|p2b: Gastrodon|ability: Storm Drain\n|-ability|p2b: Gastrodon|Storm Drain|boost\n|-boost|p2b: Gastrodon|spa|1\n|\n|upkeep\n|turn|4\n|\n|t:|1697435889\n|-terastallize|p2b: Gastrodon|Fire\n|move|p1a: Brambleghast|Poltergeist|p2b: Gastrodon\n|-activate|p2b: Gastrodon|move: Poltergeist|Leftovers\n|-damage|p2b: Gastrodon|27\/100\n|move|p1b: Urshifu|Ice Spinner|p2a: Amoonguss\n|-supereffective|p2a: Amoonguss\n|-damage|p2a: Amoonguss|60\/100\n|-damage|p1b: Urshifu|73\/100|[from] item: Life Orb\n|move|p2b: Gastrodon|Muddy Water|p1a: Brambleghast|[spread] p1a,p1b\n|-resisted|p1a: Brambleghast\n|-resisted|p1b: Urshifu\n|-damage|p1a: Brambleghast|0 fnt\n|-damage|p1b: Urshifu|31\/100\n|-unboost|p1b: Urshifu|accuracy|1\n|faint|p1a: Brambleghast\n|move|p2a: Amoonguss|Spore|p1b: Urshifu\n|-status|p1b: Urshifu|slp|[from] move: Spore\n|\n|-heal|p2b: Gastrodon|33\/100|[from] item: Leftovers\n|-heal|p2a: Amoonguss|66\/100|[from] item: Leftovers\n|-sideend|p1: yxyqnGO|move: Tailwind\n|upkeep\n|\n|t:|1697435903\n|switch|p1a: Chien-Pao|Chien-Pao|100\/100\n|-ability|p1a: Chien-Pao|Sword of Ruin\n|turn|5\n|\n|t:|1697435919\n|switch|p2a: Incineroar|Incineroar, M, shiny|100\/100\n|-ability|p2a: Incineroar|Intimidate|boost\n|-unboost|p1a: Chien-Pao|atk|1\n|-unboost|p1b: Urshifu|atk|1\n|move|p2b: Gastrodon|Protect|p2b: Gastrodon\n|-singleturn|p2b: Gastrodon|Protect\n|move|p1a: Chien-Pao|Icicle Crash|p2a: Incineroar\n|-resisted|p2a: Incineroar\n|-damage|p2a: Incineroar|83\/100\n|cant|p1b: Urshifu|slp\n|\n|-heal|p2b: Gastrodon|39\/100|[from] item: Leftovers\n|upkeep\n|turn|6\n|\n|t:|1697435944\n|switch|p1b: Ogerpon|Ogerpon-Hearthflame, F|100\/100\n|-ability|p1b: Ogerpon|Mold Breaker\n|move|p2a: Incineroar|Fake Out|p1a: Chien-Pao\n|-damage|p1a: Chien-Pao|81\/100\n|cant|p1a: Chien-Pao|flinch\n|move|p2b: Gastrodon|Earth Power|p1a: Chien-Pao\n|-crit|p1a: Chien-Pao\n|-damage|p1a: Chien-Pao|0 fnt\n|faint|p1a: Chien-Pao\n|\n|-heal|p2b: Gastrodon|45\/100|[from] item: Leftovers\n|upkeep\n|\n|t:|1697435957\n|switch|p1a: Mawile|Mawile, M|100\/100\n|-ability|p1a: Mawile|Intimidate|boost\n|-unboost|p2a: Incineroar|atk|1\n|-unboost|p2b: Gastrodon|atk|1\n|turn|7\n|\n|t:|1697435972\n|detailschange|p1a: Mawile|Mawile-Mega, M\n|-mega|p1a: Mawile|Mawile|Mawilite\n|move|p2b: Gastrodon|Protect|p2b: Gastrodon\n|-singleturn|p2b: Gastrodon|Protect\n|move|p1a: Mawile|Sucker Punch||[still]\n|-fail|p1a: Mawile\n|move|p1b: Ogerpon|Ivy Cudgel|p2a: Incineroar\n|-resisted|p2a: Incineroar\n|-damage|p2a: Incineroar|52\/100\n|move|p2a: Incineroar|Parting Shot|p1b: Ogerpon\n|-unboost|p1b: Ogerpon|atk|1\n|-unboost|p1b: Ogerpon|spa|1\n|\n|t:|1697435983\n|switch|p2a: Amoonguss|Amoonguss, M|99\/100|[from] Parting Shot\n|\n|-heal|p2b: Gastrodon|51\/100|[from] item: Leftovers\n|-heal|p2a: Amoonguss|100\/100|[from] item: Leftovers\n|upkeep\n|turn|8\n|\n|t:|1697435998\n|switch|p2a: Incineroar|Incineroar, M, shiny|52\/100\n|-ability|p2a: Incineroar|Intimidate|boost\n|-unboost|p1a: Mawile|atk|1\n|-unboost|p1b: Ogerpon|atk|1\n|move|p1a: Mawile|Sucker Punch||[still]\n|-fail|p1a: Mawile\n|move|p1b: Ogerpon|Knock Off|p2b: Gastrodon\n|-damage|p2b: Gastrodon|33\/100\n|-enditem|p2b: Gastrodon|Leftovers|[from] move: Knock Off|[of] p1b: Ogerpon\n|move|p2b: Gastrodon|Muddy Water|p1a: Mawile|[spread] p1a,p1b\n|-damage|p1a: Mawile|37\/100\n|-damage|p1b: Ogerpon|34\/100\n|-unboost|p1a: Mawile|accuracy|1\n|\n|upkeep\n|turn|9\n|\n|t:|1697436019\n|move|p1b: Ogerpon|Spiky Shield|p1b: Ogerpon\n|-singleturn|p1b: Ogerpon|move: Protect\n|move|p2a: Incineroar|Fake Out|p1a: Mawile\n|-resisted|p1a: Mawile\n|-damage|p1a: Mawile|30\/100\n|cant|p1a: Mawile|flinch\n|move|p2b: Gastrodon|Muddy Water|p1a: Mawile|[spread] p1a\n|-activate|p1b: Ogerpon|move: Protect\n|-damage|p1a: Mawile|0 fnt\n|faint|p1a: Mawile\n|\n|upkeep\n|\n|t:|1697436026\n|switch|p1a: Urshifu|Urshifu-Rapid-Strike, F, tera:Water|31\/100 slp\n|turn|10\n|\n|t:|1697436034\n|move|p2b: Gastrodon|Protect|p2b: Gastrodon\n|-singleturn|p2b: Gastrodon|Protect\n|move|p1b: Ogerpon|Knock Off|p2b: Gastrodon\n|-activate|p2b: Gastrodon|move: Protect\n|cant|p1a: Urshifu|slp\n|move|p2a: Incineroar|Parting Shot|p1a: Urshifu\n|-unboost|p1a: Urshifu|atk|1\n|-unboost|p1a: Urshifu|spa|1\n|\n|t:|1697436043\n|switch|p2a: Chien-Pao|Chien-Pao|100\/100|[from] Parting Shot\n|-ability|p2a: Chien-Pao|Sword of Ruin\n|\n|upkeep\n|turn|11\n|-message|yxyqnGO forfeited.\n|\n|win|Miiirza\n|raw|yxyqnGO's rating: 1429 &rarr; <strong>1413<\/strong><br \/>(-16 for losing)\n|raw|Miiirza's rating: 1504 &rarr; <strong>1520<\/strong><br \/>(+16 for winning)\n|l|\u2606yxyqnGO\n","uploadtime":1697436052,"views":12,"p1id":"yxyqngo","p2id":"miiirza","formatid":"gen9nationaldexdoubles","rating":1413,"private":0,"password":""}