{"id":"gen9nationaldexdoubles-1976299832","p1":"ubbbber","p2":"Brick_Enjoyer_144","format":"[Gen 9] National Dex Doubles","log":"|j|\u2606ubbbber\n|j|\u2606Brick_Enjoyer_144\n|t:|1698283888\n|gametype|doubles\n|player|p1|ubbbber|ingo|1000\n|player|p2|Brick_Enjoyer_144|shauntal|1205\n|teamsize|p1|6\n|teamsize|p2|6\n|gen|9\n|tier|[Gen 9] National Dex Doubles\n|rated|\n|rule|HP Percentage Mod: HP is shown in percentages\n|rule|Endless Battle Clause: Forcing endless battles is banned\n|rule|OHKO Clause: OHKO moves are banned\n|rule|Evasion Moves Clause: Evasion moves are banned\n|rule|Evasion Abilities Clause: Evasion abilities are banned\n|rule|Species Clause: Limit one of each Pok\u00e9mon\n|rule|Gravity Sleep Clause: The combination of sleep-inducing moves with imperfect accuracy and Gravity or Gigantamax Orbeetle are banned\n|clearpoke\n|poke|p1|Coalossal, F|\n|poke|p1|Iron Bundle|\n|poke|p1|Tyranitar, M|\n|poke|p1|Dipplin, M|\n|poke|p1|Landorus-Therian, M|\n|poke|p1|Arcanine-Hisui, M|\n|poke|p2|Espeon, F|\n|poke|p2|Gallade, M|\n|poke|p2|Illumise, F|\n|poke|p2|Urshifu-*, F|\n|poke|p2|Ogerpon-Hearthflame, F|\n|poke|p2|Heatran, F|\n|teampreview\n|inactive|Battle timer is ON: inactive players will automatically lose when time's up. (requested by Brick_Enjoyer_144)\n|\n|t:|1698283900\n|start\n|switch|p1a: Landorus|Landorus-Therian, M|100\/100\n|switch|p1b: Arcanine|Arcanine-Hisui, M|100\/100\n|switch|p2a: Illumise|Illumise, F|100\/100\n|switch|p2b: Heatran|Heatran, F|100\/100\n|-ability|p1a: Landorus|Intimidate|boost\n|-unboost|p2a: Illumise|atk|1\n|-unboost|p2b: Heatran|atk|1\n|turn|1\n|inactive|ubbbber has 120 seconds left.\n|\n|t:|1698283937\n|move|p2a: Illumise|Trick|p1a: Landorus\n|-activate|p2a: Illumise|move: Trick|[of] p1a: Landorus\n|-item|p1a: Landorus|Sticky Barb|[from] move: Trick\n|-item|p2a: Illumise|Choice Scarf|[from] move: Trick\n|move|p1a: Landorus|Earthquake|p2b: Heatran|[spread] p1b,p2a,p2b\n|-supereffective|p1b: Arcanine\n|-resisted|p2a: Illumise\n|-supereffective|p2b: Heatran\n|-damage|p1b: Arcanine|0 fnt\n|-damage|p2a: Illumise|74\/100\n|-damage|p2b: Heatran|0 fnt\n|faint|p1b: Arcanine\n|faint|p2b: Heatran\n|\n|-damage|p1a: Landorus|88\/100|[from] item: Sticky Barb\n|upkeep\n|\n|t:|1698283956\n|switch|p1b: Dipplin|Dipplin, M|100\/100\n|switch|p2b: Urshifu|Urshifu-Rapid-Strike, F|100\/100\n|-ability|p1b: Dipplin|Supersweet Syrup\n|-ability|p1b: Dipplin|Supersweet Syrup|boost\n|-unboost|p2a: Illumise|evasion|1\n|-unboost|p2b: Urshifu|evasion|1\n|turn|2\n|l|\u2606ubbbber\n|inactive|ubbbber disconnected and has a minute to reconnect!\n|player|p1|\n|inactive|Brick_Enjoyer_144 has 120 seconds left.\n|j|\u2606ubbbber\n|inactive|ubbbber reconnected and has 115 seconds left.\n|player|p1|ubbbber|ingo\n|\n|t:|1698284004\n|move|p2a: Illumise|Trick|p1b: Dipplin\n|-activate|p2a: Illumise|move: Trick|[of] p1b: Dipplin\n|-item|p1b: Dipplin|Choice Scarf|[from] move: Trick\n|-item|p2a: Illumise|Leftovers|[from] move: Trick\n|move|p2b: Urshifu|Surging Strikes|p1a: Landorus\n|-supereffective|p1a: Landorus\n|-crit|p1a: Landorus\n|-damage|p1a: Landorus|22\/100\n|-supereffective|p1a: Landorus\n|-crit|p1a: Landorus\n|-damage|p1a: Landorus|0 fnt\n|faint|p1a: Landorus\n|-hitcount|p1: Landorus|2\n|move|p1b: Dipplin|Pollen Puff|p1: Landorus|[notarget]\n|-fail|p1b: Dipplin\n|\n|-heal|p2a: Illumise|80\/100|[from] item: Leftovers\n|upkeep\n|\n|t:|1698284014\n|switch|p1a: Iron Bundle|Iron Bundle|100\/100\n|-enditem|p1a: Iron Bundle|Booster Energy\n|-activate|p1a: Iron Bundle|ability: Quark Drive|[fromitem]\n|-start|p1a: Iron Bundle|quarkdrivespe\n|turn|3\n|inactive|ubbbber has 120 seconds left.\n|\n|t:|1698284025\n|move|p2a: Illumise|Thunder Wave|p1a: Iron Bundle|[miss]\n|-miss|p2a: Illumise|p1a: Iron Bundle\n|move|p1a: Iron Bundle|Blizzard|p2b: Urshifu|[spread] p2a,p2b\n|-resisted|p2b: Urshifu\n|-damage|p2a: Illumise|34\/100\n|-damage|p2b: Urshifu|72\/100\n|move|p2b: Urshifu|Surging Strikes|p1a: Iron Bundle\n|-resisted|p1a: Iron Bundle\n|-crit|p1a: Iron Bundle\n|-damage|p1a: Iron Bundle|82\/100\n|-resisted|p1a: Iron Bundle\n|-crit|p1a: Iron Bundle\n|-damage|p1a: Iron Bundle|64\/100\n|-resisted|p1a: Iron Bundle\n|-crit|p1a: Iron Bundle\n|-damage|p1a: Iron Bundle|45\/100\n|-hitcount|p1a: Iron Bundle|3\n|move|p1b: Dipplin|Pollen Puff|p1a: Iron Bundle\n|-heal|p1a: Iron Bundle|95\/100\n|\n|-heal|p2a: Illumise|40\/100|[from] item: Leftovers\n|upkeep\n|turn|4\n|inactive|ubbbber has 120 seconds left.\n|inactive|Brick_Enjoyer_144 has 120 seconds left.\n|\n|t:|1698284062\n|move|p1a: Iron Bundle|Blizzard|p2a: Illumise|[spread] p2a,p2b\n|-resisted|p2b: Urshifu\n|-damage|p2a: Illumise|0 fnt\n|-damage|p2b: Urshifu|43\/100\n|faint|p2a: Illumise\n|move|p2b: Urshifu|Surging Strikes|p1a: Iron Bundle\n|-resisted|p1a: Iron Bundle\n|-crit|p1a: Iron Bundle\n|-damage|p1a: Iron Bundle|78\/100\n|-resisted|p1a: Iron Bundle\n|-crit|p1a: Iron Bundle\n|-damage|p1a: Iron Bundle|59\/100\n|-resisted|p1a: Iron Bundle\n|-crit|p1a: Iron Bundle\n|-damage|p1a: Iron Bundle|40\/100\n|-hitcount|p1a: Iron Bundle|3\n|move|p1b: Dipplin|Pollen Puff|p1a: Iron Bundle\n|-heal|p1a: Iron Bundle|90\/100\n|\n|upkeep\n|\n|t:|1698284083\n|switch|p2a: Gallade|Gallade, M|100\/100\n|turn|5\n|inactive|Brick_Enjoyer_144 has 120 seconds left.\n|\n|t:|1698284096\n|-terastallize|p1a: Iron Bundle|Ice\n|move|p1a: Iron Bundle|Blizzard|p2b: Urshifu|[spread] p2a,p2b\n|-resisted|p2b: Urshifu\n|-damage|p2a: Gallade|43\/100\n|-damage|p2b: Urshifu|1\/100\n|move|p2b: Urshifu|Surging Strikes|p1a: Iron Bundle\n|-crit|p1a: Iron Bundle\n|-damage|p1a: Iron Bundle|52\/100\n|-crit|p1a: Iron Bundle\n|-damage|p1a: Iron Bundle|15\/100\n|-crit|p1a: Iron Bundle\n|-damage|p1a: Iron Bundle|0 fnt\n|faint|p1a: Iron Bundle\n|-end|p1a: Iron Bundle|Quark Drive|[silent]\n|-hitcount|p1: Iron Bundle|3\n|move|p2a: Gallade|Agility|p2a: Gallade\n|-boost|p2a: Gallade|spe|2\n|move|p1b: Dipplin|Pollen Puff|p1: Iron Bundle|[notarget]\n|-fail|p1b: Dipplin\n|\n|upkeep\n|\n|t:|1698284108\n|switch|p1a: Tyranitar|Tyranitar, M|100\/100\n|-weather|Sandstorm|[from] ability: Sand Stream|[of] p1a: Tyranitar\n|turn|6\n|\n|t:|1698284125\n|move|p2a: Gallade|Sacred Sword|p1a: Tyranitar\n|-supereffective|p1a: Tyranitar\n|-damage|p1a: Tyranitar|0 fnt\n|faint|p1a: Tyranitar\n|-damage|p2a: Gallade|33\/100|[from] item: Life Orb\n|move|p2b: Urshifu|Surging Strikes|p1b: Dipplin\n|-resisted|p1b: Dipplin\n|-crit|p1b: Dipplin\n|-damage|p1b: Dipplin|96\/100\n|-resisted|p1b: Dipplin\n|-crit|p1b: Dipplin\n|-damage|p1b: Dipplin|91\/100\n|-resisted|p1b: Dipplin\n|-crit|p1b: Dipplin\n|-damage|p1b: Dipplin|86\/100\n|-hitcount|p1b: Dipplin|3\n|move|p1b: Dipplin|Pollen Puff|p2b: Urshifu\n|-resisted|p2b: Urshifu\n|-damage|p2b: Urshifu|0 fnt\n|faint|p2b: Urshifu\n|\n|-weather|Sandstorm|[upkeep]\n|-damage|p2a: Gallade|27\/100|[from] Sandstorm\n|-damage|p1b: Dipplin|80\/100|[from] Sandstorm\n|upkeep\n|\n|t:|1698284130\n|switch|p2b: Espeon|Espeon, F|100\/100\n|switch|p1a: Coalossal|Coalossal, F|100\/100\n|turn|7\n|\n|t:|1698284143\n|move|p2a: Gallade|Sacred Sword|p1a: Coalossal\n|-supereffective|p1a: Coalossal\n|-damage|p1a: Coalossal|0 fnt\n|faint|p1a: Coalossal\n|-damage|p2a: Gallade|17\/100|[from] item: Life Orb\n|move|p2b: Espeon|Psychic|p1b: Dipplin\n|-damage|p1b: Dipplin|7\/100\n|move|p1b: Dipplin|Pollen Puff|p2a: Gallade\n|-damage|p2a: Gallade|0 fnt\n|faint|p2a: Gallade\n|\n|-weather|Sandstorm|[upkeep]\n|-damage|p2b: Espeon|95\/100|[from] Sandstorm\n|-damage|p1b: Dipplin|1\/100|[from] Sandstorm\n|upkeep\n|\n|t:|1698284160\n|switch|p2a: Ogerpon|Ogerpon-Hearthflame, F|100\/100\n|-ability|p2a: Ogerpon|Mold Breaker\n|turn|8\n|\n|t:|1698284174\n|move|p2a: Ogerpon|Swords Dance|p2a: Ogerpon\n|-boost|p2a: Ogerpon|atk|2\n|move|p2b: Espeon|Psychic|p1b: Dipplin\n|-damage|p1b: Dipplin|0 fnt\n|faint|p1b: Dipplin\n|\n|win|Brick_Enjoyer_144\n|raw|ubbbber's rating: 1000 &rarr; <strong>1000<\/strong><br \/>(+0 for losing)\n|raw|Brick_Enjoyer_144's rating: 1205 &rarr; <strong>1217<\/strong><br \/>(+12 for winning)\n|l|\u2606ubbbber\n","uploadtime":1698284187,"views":10,"p1id":"ubbbber","p2id":"brickenjoyer144","formatid":"gen9nationaldexdoubles","rating":1000,"private":0,"password":""}