{"id":"gen9nationaldexdoubles-1994780984","p1":"Prapple2","p2":"PikaPika15","format":"[Gen 9] National Dex Doubles","log":"|j|\u2606Prapple2\n|j|\u2606PikaPika15\n|t:|1700492111\n|gametype|doubles\n|player|p1|Prapple2|caitlin|1281\n|player|p2|PikaPika15|burglar|1301\n|teamsize|p1|6\n|teamsize|p2|6\n|gen|9\n|tier|[Gen 9] National Dex Doubles\n|rated|\n|rule|HP Percentage Mod: HP is shown in percentages\n|rule|Endless Battle Clause: Forcing endless battles is banned\n|rule|OHKO Clause: OHKO moves are banned\n|rule|Evasion Moves Clause: Evasion moves are banned\n|rule|Evasion Abilities Clause: Evasion abilities are banned\n|rule|Species Clause: Limit one of each Pok\u00e9mon\n|rule|Gravity Sleep Clause: The combination of sleep-inducing moves with imperfect accuracy and Gravity or Gigantamax Orbeetle are banned\n|clearpoke\n|poke|p1|Vespiquen, F|\n|poke|p1|Murkrow, M|\n|poke|p1|Pelipper, M|\n|poke|p1|Dragonite, F|\n|poke|p1|Altaria, M|\n|poke|p1|Gyarados, F|\n|poke|p2|Sinistcha|\n|poke|p2|Farigiraf, M|\n|poke|p2|Iron Hands|\n|poke|p2|Torkoal, M|\n|poke|p2|Heatran, M|\n|poke|p2|Kommo-o, M|\n|teampreview\n|inactive|Battle timer is ON: inactive players will automatically lose when time's up. (requested by PikaPika15)\n|\n|t:|1700492117\n|start\n|switch|p1a: Murkrow|Murkrow, M|100\/100\n|switch|p1b: Pelipper|Pelipper, M|100\/100\n|switch|p2a: HEALING EVERYWHERE|Sinistcha|100\/100\n|switch|p2b: BOOM|Torkoal, M, shiny|100\/100\n|-weather|RainDance|[from] ability: Drizzle|[of] p1b: Pelipper\n|-weather|SunnyDay|[from] ability: Drought|[of] p2b: BOOM\n|turn|1\n|\n|t:|1700492127\n|move|p1a: Murkrow|Perish Song|p1a: Murkrow\n|-start|p1a: Murkrow|perish3|[silent]\n|-start|p1b: Pelipper|perish3|[silent]\n|-start|p2a: HEALING EVERYWHERE|perish3|[silent]\n|-start|p2b: BOOM|perish3|[silent]\n|-fieldactivate|move: Perish Song\n|move|p1b: Pelipper|Whirlpool|p2a: HEALING EVERYWHERE\n|-resisted|p2a: HEALING EVERYWHERE\n|-damage|p2a: HEALING EVERYWHERE|97\/100\n|-activate|p2a: HEALING EVERYWHERE|move: Whirlpool|[of] p1b: Pelipper\n|move|p2b: BOOM|Eruption|p1b: Pelipper|[spread] p1a,p1b\n|-resisted|p1b: Pelipper\n|-damage|p1a: Murkrow|1\/100\n|-damage|p1b: Pelipper|38\/100\n|-enditem|p1a: Murkrow|Eject Button\n|\n|t:|1700492149\n|switch|p1a: Gyarados|Gyarados, F|100\/100\n|-ability|p1a: Gyarados|Intimidate|boost\n|-unboost|p2a: HEALING EVERYWHERE|atk|1\n|-unboost|p2b: BOOM|atk|1\n|move|p2a: HEALING EVERYWHERE|Trick Room|p2a: HEALING EVERYWHERE\n|-fieldstart|move: Trick Room|[of] p2a: HEALING EVERYWHERE\n|\n|-weather|SunnyDay|[upkeep]\n|-heal|p2a: HEALING EVERYWHERE|100\/100|[from] item: Leftovers\n|-heal|p1b: Pelipper|44\/100|[from] item: Leftovers\n|-damage|p2a: HEALING EVERYWHERE|88\/100|[from] move: Whirlpool|[partiallytrapped]\n|-start|p2b: BOOM|perish3\n|-start|p2a: HEALING EVERYWHERE|perish3\n|-start|p1b: Pelipper|perish3\n|upkeep\n|turn|2\n|\n|t:|1700492164\n|move|p1b: Pelipper|Wide Guard|p1b: Pelipper\n|-singleturn|p1b: Pelipper|Wide Guard\n|move|p2b: BOOM|Eruption|p1b: Pelipper|[spread] \n|-activate|p1a: Gyarados|move: Wide Guard\n|-activate|p1b: Pelipper|move: Wide Guard\n|move|p2a: HEALING EVERYWHERE|Matcha Gotcha|p1a: Gyarados|[spread] \n|-activate|p1a: Gyarados|move: Wide Guard\n|-activate|p1b: Pelipper|move: Wide Guard\n|move|p1a: Gyarados|Whirlpool|p2b: BOOM\n|-supereffective|p2b: BOOM\n|-damage|p2b: BOOM|90\/100\n|-activate|p2b: BOOM|move: Whirlpool|[of] p1a: Gyarados\n|\n|-weather|SunnyDay|[upkeep]\n|-heal|p2a: HEALING EVERYWHERE|94\/100|[from] item: Leftovers\n|-heal|p1b: Pelipper|50\/100|[from] item: Leftovers\n|-damage|p2b: BOOM|78\/100|[from] move: Whirlpool|[partiallytrapped]\n|-damage|p2a: HEALING EVERYWHERE|82\/100|[from] move: Whirlpool|[partiallytrapped]\n|-start|p2b: BOOM|perish2\n|-start|p2a: HEALING EVERYWHERE|perish2\n|-start|p1b: Pelipper|perish2\n|upkeep\n|turn|3\n|\n|t:|1700492182\n|move|p1a: Gyarados|Protect|p1a: Gyarados\n|-singleturn|p1a: Gyarados|Protect\n|move|p2b: BOOM|Ancient Power|p1a: Gyarados\n|-activate|p1a: Gyarados|move: Protect\n|move|p2a: HEALING EVERYWHERE|Shadow Ball|p1b: Pelipper\n|-damage|p1b: Pelipper|8\/100\n|move|p1b: Pelipper|Roost|p1b: Pelipper\n|-heal|p1b: Pelipper|58\/100\n|-singleturn|p1b: Pelipper|move: Roost\n|\n|-weather|SunnyDay|[upkeep]\n|-heal|p2a: HEALING EVERYWHERE|88\/100|[from] item: Leftovers\n|-heal|p1b: Pelipper|64\/100|[from] item: Leftovers\n|-damage|p2b: BOOM|65\/100|[from] move: Whirlpool|[partiallytrapped]\n|-damage|p2a: HEALING EVERYWHERE|75\/100|[from] move: Whirlpool|[partiallytrapped]\n|-start|p2b: BOOM|perish1\n|-start|p2a: HEALING EVERYWHERE|perish1\n|-start|p1b: Pelipper|perish1\n|upkeep\n|turn|4\n|\n|t:|1700492197\n|move|p2b: BOOM|Ancient Power|p1b: Pelipper\n|-supereffective|p1b: Pelipper\n|-damage|p1b: Pelipper|13\/100\n|move|p2a: HEALING EVERYWHERE|Shadow Ball|p1b: Pelipper\n|-damage|p1b: Pelipper|0 fnt\n|faint|p1b: Pelipper\n|move|p1a: Gyarados|Bounce||[still]\n|-prepare|p1a: Gyarados|Bounce\n|\n|-weather|SunnyDay|[upkeep]\n|-heal|p2a: HEALING EVERYWHERE|81\/100|[from] item: Leftovers\n|-damage|p2b: BOOM|53\/100|[from] move: Whirlpool|[partiallytrapped]\n|-end|p2a: HEALING EVERYWHERE|Whirlpool|[partiallytrapped]|[silent]\n|-start|p2b: BOOM|perish0\n|-start|p2a: HEALING EVERYWHERE|perish0\n|faint|p2b: BOOM\n|faint|p2a: HEALING EVERYWHERE\n|upkeep\n|\n|t:|1700492210\n|switch|p2b: DIE MORTALS|Kommo-o, M|100\/100\n|switch|p2a: ERUPTION|Heatran, M|100\/100\n|switch|p1b: Altaria|Altaria, M|100\/100\n|turn|5\n|\n|t:|1700492224\n|detailschange|p1b: Altaria|Altaria-Mega, M\n|-mega|p1b: Altaria|Altaria|Altarianite\n|-terastallize|p2a: ERUPTION|Fire\n|move|p2a: ERUPTION|Eruption|p1a: Gyarados|[spread] p1b\n|-miss|p2a: ERUPTION|p1a: Gyarados\n|-resisted|p1b: Altaria\n|-damage|p1b: Altaria|40\/100\n|move|p2b: DIE MORTALS|Flash Cannon|p1b: Altaria\n|-supereffective|p1b: Altaria\n|-damage|p1b: Altaria|3\/100\n|move|p1b: Altaria|Perish Song|p1b: Altaria\n|-miss|p1b: Altaria|p1a: Gyarados\n|-start|p1b: Altaria|perish3|[silent]\n|-start|p2a: ERUPTION|perish3|[silent]\n|-start|p2b: DIE MORTALS|perish3|[silent]\n|-fieldactivate|move: Perish Song\n|move|p1a: Gyarados|Bounce|p2a: ERUPTION|[from]lockedmove\n|-damage|p2a: ERUPTION|73\/100\n|\n|-weather|none\n|-start|p2a: ERUPTION|perish3\n|-start|p2b: DIE MORTALS|perish3\n|-start|p1b: Altaria|perish3\n|-fieldend|move: Trick Room\n|upkeep\n|turn|6\n|\n|t:|1700492246\n|switch|p1b: Murkrow|Murkrow, M|1\/100\n|move|p1a: Gyarados|Whirlpool|p2a: ERUPTION\n|-supereffective|p2a: ERUPTION\n|-crit|p2a: ERUPTION\n|-damage|p2a: ERUPTION|52\/100\n|-activate|p2a: ERUPTION|move: Whirlpool|[of] p1a: Gyarados\n|move|p2b: DIE MORTALS|Boomburst|p1a: Gyarados|[spread] p2a,p1a,p1b\n|-crit|p1a: Gyarados\n|-damage|p2a: ERUPTION|25\/100\n|-damage|p1a: Gyarados|70\/100\n|-damage|p1b: Murkrow|0 fnt\n|faint|p1b: Murkrow\n|move|p2a: ERUPTION|Eruption|p1a: Gyarados\n|-resisted|p1a: Gyarados\n|-damage|p1a: Gyarados|56\/100\n|\n|-heal|p1a: Gyarados|62\/100|[from] item: Leftovers\n|-damage|p2a: ERUPTION|12\/100|[from] move: Whirlpool|[partiallytrapped]\n|-start|p2b: DIE MORTALS|perish2\n|-start|p2a: ERUPTION|perish2\n|upkeep\n|\n|t:|1700492259\n|switch|p1b: Dragonite|Dragonite, F|100\/100\n|turn|7\n|\n|t:|1700492265\n|switch|p2b: BEAM BEAM BEAM|Farigiraf, M|100\/100\n|move|p1a: Gyarados|Protect|p1a: Gyarados\n|-singleturn|p1a: Gyarados|Protect\n|move|p1b: Dragonite|Whirlpool|p2b: BEAM BEAM BEAM\n|-crit|p2b: BEAM BEAM BEAM\n|-damage|p2b: BEAM BEAM BEAM|88\/100\n|-activate|p2b: BEAM BEAM BEAM|move: Whirlpool|[of] p1b: Dragonite\n|move|p2a: ERUPTION|Eruption|p1a: Gyarados|[spread] p1b\n|-activate|p1a: Gyarados|move: Protect\n|-resisted|p1b: Dragonite\n|-damage|p1b: Dragonite|97\/100\n|\n|-heal|p1a: Gyarados|68\/100|[from] item: Leftovers\n|-damage|p2a: ERUPTION|0 fnt|[from] move: Whirlpool|[partiallytrapped]\n|faint|p2a: ERUPTION\n|-damage|p2b: BEAM BEAM BEAM|76\/100|[from] move: Whirlpool|[partiallytrapped]\n|upkeep\n|\n|t:|1700492269\n|switch|p2a: I SLAP HARD|Iron Hands|100\/100\n|-enditem|p2a: I SLAP HARD|Booster Energy\n|-activate|p2a: I SLAP HARD|ability: Quark Drive|[fromitem]\n|-start|p2a: I SLAP HARD|quarkdriveatk\n|turn|8\n|\n|t:|1700492285\n|switch|p1a: Vespiquen|Vespiquen, F|100\/100\n|-ability|p1a: Vespiquen|Unnerve\n|move|p1b: Dragonite|Dragon Dance|p1b: Dragonite\n|-boost|p1b: Dragonite|atk|1\n|-boost|p1b: Dragonite|spe|1\n|move|p2a: I SLAP HARD|Thunder Punch|p1a: Vespiquen\n|-supereffective|p1a: Vespiquen\n|-damage|p1a: Vespiquen|22\/100\n|move|p2b: BEAM BEAM BEAM|Trick Room|p2b: BEAM BEAM BEAM\n|-fieldstart|move: Trick Room|[of] p2b: BEAM BEAM BEAM\n|\n|-heal|p1a: Vespiquen|28\/100|[from] item: Leftovers\n|-damage|p2b: BEAM BEAM BEAM|64\/100|[from] move: Whirlpool|[partiallytrapped]\n|upkeep\n|turn|9\n|\n|t:|1700492303\n|move|p1a: Vespiquen|Protect|p1a: Vespiquen\n|-singleturn|p1a: Vespiquen|Protect\n|move|p1b: Dragonite|Protect|p1b: Dragonite\n|-singleturn|p1b: Dragonite|Protect\n|move|p2b: BEAM BEAM BEAM|Dazzling Gleam|p1b: Dragonite|[spread] \n|-activate|p1a: Vespiquen|move: Protect\n|-activate|p1b: Dragonite|move: Protect\n|move|p2a: I SLAP HARD|Rock Slide|p1a: Vespiquen|[spread] \n|-activate|p1a: Vespiquen|move: Protect\n|-activate|p1b: Dragonite|move: Protect\n|\n|-heal|p1a: Vespiquen|34\/100|[from] item: Leftovers\n|-damage|p2b: BEAM BEAM BEAM|51\/100|[from] move: Whirlpool|[partiallytrapped]\n|upkeep\n|turn|10\n|\n|t:|1700492329\n|move|p2b: BEAM BEAM BEAM|Dazzling Gleam|p1b: Dragonite|[spread] p1a,p1b\n|-supereffective|p1b: Dragonite\n|-damage|p1a: Vespiquen|15\/100\n|-damage|p1b: Dragonite|63\/100\n|move|p1a: Vespiquen|Roost|p1a: Vespiquen\n|-heal|p1a: Vespiquen|65\/100\n|-singleturn|p1a: Vespiquen|move: Roost\n|move|p2a: I SLAP HARD|Rock Slide|p1a: Vespiquen|[spread] p1a,p1b\n|-supereffective|p1a: Vespiquen\n|-supereffective|p1b: Dragonite\n|-damage|p1a: Vespiquen|22\/100\n|-damage|p1b: Dragonite|8\/100\n|move|p1b: Dragonite|Whirlpool|p2a: I SLAP HARD\n|-damage|p2a: I SLAP HARD|94\/100\n|-activate|p2a: I SLAP HARD|move: Whirlpool|[of] p1b: Dragonite\n|\n|-heal|p1a: Vespiquen|28\/100|[from] item: Leftovers\n|-damage|p2b: BEAM BEAM BEAM|39\/100|[from] move: Whirlpool|[partiallytrapped]\n|-damage|p2a: I SLAP HARD|82\/100|[from] move: Whirlpool|[partiallytrapped]\n|upkeep\n|turn|11\n|\n|t:|1700492348\n|move|p1a: Vespiquen|Protect|p1a: Vespiquen\n|-singleturn|p1a: Vespiquen|Protect\n|move|p1b: Dragonite|Protect|p1b: Dragonite\n|-singleturn|p1b: Dragonite|Protect\n|move|p2b: BEAM BEAM BEAM|Dazzling Gleam|p1b: Dragonite|[spread] \n|-activate|p1a: Vespiquen|move: Protect\n|-activate|p1b: Dragonite|move: Protect\n|move|p2a: I SLAP HARD|Rock Slide|p1a: Vespiquen|[spread] \n|-activate|p1a: Vespiquen|move: Protect\n|-activate|p1b: Dragonite|move: Protect\n|\n|-heal|p1a: Vespiquen|35\/100|[from] item: Leftovers\n|-damage|p2b: BEAM BEAM BEAM|26\/100|[from] move: Whirlpool|[partiallytrapped]\n|-damage|p2a: I SLAP HARD|69\/100|[from] move: Whirlpool|[partiallytrapped]\n|upkeep\n|turn|12\n|\n|t:|1700492373\n|move|p1b: Dragonite|Protect||[still]\n|-fail|p1b: Dragonite\n|move|p2b: BEAM BEAM BEAM|Dazzling Gleam|p1a: Vespiquen|[spread] p1a,p1b\n|-supereffective|p1b: Dragonite\n|-damage|p1a: Vespiquen|16\/100\n|-damage|p1b: Dragonite|0 fnt\n|faint|p1b: Dragonite\n|move|p1a: Vespiquen|Roost|p1a: Vespiquen\n|-heal|p1a: Vespiquen|66\/100\n|-singleturn|p1a: Vespiquen|move: Roost\n|move|p2a: I SLAP HARD|Rock Slide|p1a: Vespiquen\n|-supereffective|p1a: Vespiquen\n|-damage|p1a: Vespiquen|14\/100\n|\n|-heal|p1a: Vespiquen|20\/100|[from] item: Leftovers\n|-end|p2b: BEAM BEAM BEAM|Whirlpool|[partiallytrapped]\n|-end|p2a: I SLAP HARD|Whirlpool|[partiallytrapped]|[silent]\n|-fieldend|move: Trick Room\n|upkeep\n|inactive|Prapple2 has 120 seconds left.\n|\n|t:|1700492383\n|switch|p1b: Altaria|Altaria-Mega, M|3\/100\n|turn|13\n|\n|t:|1700492393\n|move|p1b: Altaria|Hyper Voice|p2b: BEAM BEAM BEAM|[spread] p2a,p2b\n|-supereffective|p2a: I SLAP HARD\n|-damage|p2a: I SLAP HARD|15\/100\n|-damage|p2b: BEAM BEAM BEAM|0 fnt\n|faint|p2b: BEAM BEAM BEAM\n|move|p2a: I SLAP HARD|Rock Slide|p1a: Vespiquen|[spread] p1a,p1b\n|-supereffective|p1a: Vespiquen\n|-damage|p1a: Vespiquen|0 fnt\n|-damage|p1b: Altaria|0 fnt\n|faint|p1a: Vespiquen\n|faint|p1b: Altaria\n|\n|upkeep\n|\n|t:|1700492399\n|switch|p1b: Gyarados|Gyarados, F|68\/100\n|switch|p2b: DIE MORTALS|Kommo-o, M|100\/100\n|-ability|p1b: Gyarados|Intimidate|boost\n|-unboost|p2a: I SLAP HARD|atk|1\n|-unboost|p2b: DIE MORTALS|atk|1\n|turn|14\n|\n|t:|1700492405\n|move|p1b: Gyarados|Bounce||[still]\n|-prepare|p1b: Gyarados|Bounce\n|move|p2b: DIE MORTALS|Clanging Scales|p1b: Gyarados|[miss]\n|-miss|p2b: DIE MORTALS|p1b: Gyarados\n|move|p2a: I SLAP HARD|Thunder Punch|p1b: Gyarados|[miss]\n|-miss|p2a: I SLAP HARD|p1b: Gyarados\n|\n|-heal|p1b: Gyarados|74\/100|[from] item: Leftovers\n|upkeep\n|turn|15\n|\n|t:|1700492413\n|move|p1b: Gyarados|Bounce|p2a: I SLAP HARD|[from]lockedmove\n|-damage|p2a: I SLAP HARD|0 fnt\n|faint|p2a: I SLAP HARD\n|-end|p2a: I SLAP HARD|Quark Drive|[silent]\n|move|p2b: DIE MORTALS|Clanging Scales|p1b: Gyarados\n|-damage|p1b: Gyarados|40\/100\n|-unboost|p2b: DIE MORTALS|def|1\n|\n|-heal|p1b: Gyarados|46\/100|[from] item: Leftovers\n|upkeep\n|turn|16\n|\n|t:|1700492421\n|move|p1b: Gyarados|Bounce||[still]\n|-prepare|p1b: Gyarados|Bounce\n|move|p2b: DIE MORTALS|Boomburst|p1b: Gyarados|[miss]\n|-miss|p2b: DIE MORTALS|p1b: Gyarados\n|\n|-heal|p1b: Gyarados|53\/100|[from] item: Leftovers\n|upkeep\n|turn|17\n|\n|t:|1700492424\n|move|p1b: Gyarados|Bounce|p2b: DIE MORTALS|[from]lockedmove|[miss]\n|-miss|p1b: Gyarados|p2b: DIE MORTALS\n|move|p2b: DIE MORTALS|Clanging Scales|p1b: Gyarados\n|-damage|p1b: Gyarados|20\/100\n|-unboost|p2b: DIE MORTALS|def|1\n|\n|-heal|p1b: Gyarados|26\/100|[from] item: Leftovers\n|upkeep\n|turn|18\n|\n|t:|1700492429\n|move|p1b: Gyarados|Bounce||[still]\n|-prepare|p1b: Gyarados|Bounce\n|move|p2b: DIE MORTALS|Clanging Scales|p1b: Gyarados|[miss]\n|-miss|p2b: DIE MORTALS|p1b: Gyarados\n|\n|-heal|p1b: Gyarados|32\/100|[from] item: Leftovers\n|upkeep\n|turn|19\n|\n|t:|1700492432\n|move|p1b: Gyarados|Bounce|p2b: DIE MORTALS|[from]lockedmove\n|-supereffective|p2b: DIE MORTALS\n|-damage|p2b: DIE MORTALS|0 fnt\n|faint|p2b: DIE MORTALS\n|\n|win|Prapple2\n|raw|Prapple2's rating: 1281 &rarr; <strong>1307<\/strong><br \/>(+26 for winning)\n|raw|PikaPika15's rating: 1301 &rarr; <strong>1280<\/strong><br \/>(-21 for losing)\n|l|\u2606PikaPika15\n","uploadtime":1700492436,"views":50,"p1id":"prapple2","p2id":"pikapika15","formatid":"gen9nationaldexdoubles","rating":1280,"private":0,"password":""}