{"id":"gen9nationaldexdoubles-1959581225","p1":"Chumpette","p2":"BugSME","format":"[Gen 9] National Dex Doubles","log":"|j|\u2606Chumpette\n|j|\u2606BugSME\n|t:|1696439009\n|gametype|doubles\n|player|p1|Chumpette|boarder|\n|player|p2|BugSME|bugcatcher-gen4dp|\n|teamsize|p1|6\n|teamsize|p2|6\n|gen|9\n|tier|[Gen 9] National Dex Doubles\n|rule|HP Percentage Mod: HP is shown in percentages\n|rule|Endless Battle Clause: Forcing endless battles is banned\n|rule|OHKO Clause: OHKO moves are banned\n|rule|Evasion Moves Clause: Evasion moves are banned\n|rule|Evasion Abilities Clause: Evasion abilities are banned\n|rule|Species Clause: Limit one of each Pok\u00e9mon\n|rule|Gravity Sleep Clause: The combination of sleep-inducing moves with imperfect accuracy and Gravity or Gigantamax Orbeetle are banned\n|clearpoke\n|poke|p1|Ninetales-Alola, F|\n|poke|p1|Togekiss, F|\n|poke|p1|Vanilluxe, M|\n|poke|p1|Cloyster, M|\n|poke|p1|Jolteon, M|\n|poke|p1|Sandslash-Alola, M|\n|poke|p2|Volcarona, M|\n|poke|p2|Dragapult, F|\n|poke|p2|Tentacruel, M|\n|poke|p2|Aggron, F|\n|poke|p2|Arcanine-Hisui, F|\n|poke|p2|Gyarados, F|\n|teampreview\n|\n|t:|1696439029\n|start\n|switch|p1a: Sycophant|Togekiss, F|100\/100\n|switch|p1b: The Messiah|Sandslash-Alola, M|100\/100\n|switch|p2a: Arcanine|Arcanine-Hisui, F|100\/100\n|switch|p2b: Gyarados|Gyarados, F|100\/100\n|-ability|p2b: Gyarados|Intimidate|boost\n|-unboost|p1a: Sycophant|atk|1\n|-unboost|p1b: The Messiah|atk|1\n|turn|1\n|\n|t:|1696439083\n|move|p1a: Sycophant|Follow Me|p1a: Sycophant\n|-singleturn|p1a: Sycophant|move: Follow Me\n|move|p2a: Arcanine|Flare Blitz|p1a: Sycophant\n|-damage|p1a: Sycophant|22\/100\n|-damage|p2a: Arcanine|84\/100|[from] item: Rocky Helmet|[of] p1a: Sycophant\n|move|p2b: Gyarados|Ice Fang|p1a: Sycophant\n|-supereffective|p1a: Sycophant\n|-damage|p1a: Sycophant|0 fnt\n|-damage|p2b: Gyarados|84\/100|[from] item: Rocky Helmet|[of] p1a: Sycophant\n|faint|p1a: Sycophant\n|move|p1b: The Messiah|Swords Dance|p1b: The Messiah\n|-boost|p1b: The Messiah|atk|2\n|\n|-heal|p2b: Gyarados|90\/100|[from] item: Leftovers\n|upkeep\n|\n|t:|1696439109\n|switch|p1a: Vanilla Ice|Vanilluxe, M|100\/100\n|-weather|Snow|[from] ability: Snow Warning|[of] p1a: Vanilla Ice\n|turn|2\n|\n|t:|1696439165\n|move|p1b: The Messiah|Brick Break|p2a: Arcanine\n|-supereffective|p2a: Arcanine\n|-crit|p2a: Arcanine\n|-damage|p2a: Arcanine|0 fnt\n|faint|p2a: Arcanine\n|move|p2b: Gyarados|Power Whip|p1a: Vanilla Ice|[miss]\n|-miss|p2b: Gyarados|p1a: Vanilla Ice\n|move|p1a: Vanilla Ice|Water Pulse|p2b: Gyarados\n|-resisted|p2b: Gyarados\n|-damage|p2b: Gyarados|80\/100\n|\n|-weather|Snow|[upkeep]\n|-heal|p2b: Gyarados|86\/100|[from] item: Leftovers\n|upkeep\n|\n|t:|1696439182\n|switch|p2a: Aggron|Aggron, F|100\/100\n|turn|3\n|\n|t:|1696439215\n|move|p1b: The Messiah|Brick Break|p2a: Aggron\n|-supereffective|p2a: Aggron\n|-damage|p2a: Aggron|19\/100\n|move|p2b: Gyarados|Power Whip|p1a: Vanilla Ice\n|-damage|p1a: Vanilla Ice|66\/100\n|move|p1a: Vanilla Ice|Water Pulse|p2a: Aggron\n|-supereffective|p2a: Aggron\n|-damage|p2a: Aggron|0 fnt\n|faint|p2a: Aggron\n|\n|-weather|Snow|[upkeep]\n|-heal|p2b: Gyarados|92\/100|[from] item: Leftovers\n|upkeep\n|\n|t:|1696439230\n|switch|p2a: Volcarona|Volcarona, M|100\/100\n|turn|4\n|j| Locodays3\n|\n|t:|1696439279\n|move|p1b: The Messiah|Triple Axel|p2a: Volcarona\n|-resisted|p2a: Volcarona\n|-damage|p2a: Volcarona|95\/100\n|-resisted|p2a: Volcarona\n|-damage|p2a: Volcarona|83\/100\n|-resisted|p2a: Volcarona\n|-damage|p2a: Volcarona|65\/100\n|-status|p1b: The Messiah|brn|[from] ability: Flame Body|[of] p2a: Volcarona\n|-hitcount|p2a: Volcarona|3\n|move|p2b: Gyarados|Power Whip|p1a: Vanilla Ice\n|-damage|p1a: Vanilla Ice|31\/100\n|move|p2a: Volcarona|Flamethrower|p1b: The Messiah\n|-supereffective|p1b: The Messiah\n|-damage|p1b: The Messiah|0 fnt\n|faint|p1b: The Messiah\n|move|p1a: Vanilla Ice|Water Pulse|p2a: Volcarona\n|-supereffective|p2a: Volcarona\n|-damage|p2a: Volcarona|29\/100\n|\n|-weather|Snow|[upkeep]\n|-heal|p2b: Gyarados|98\/100|[from] item: Leftovers\n|upkeep\n|\n|t:|1696439312\n|switch|p1b: MC Hammer|Jolteon, M|100\/100\n|turn|5\n|\n|t:|1696439332\n|switch|p2b: Dragapult|Dragapult, F|100\/100\n|move|p1b: MC Hammer|Volt Switch|p2a: Volcarona\n|-damage|p2a: Volcarona|1\/100\n|\n|t:|1696439337\n|switch|p1b: Judas|Cloyster, M|100\/100|[from] Volt Switch\n|move|p2a: Volcarona|Roost|p2a: Volcarona\n|-heal|p2a: Volcarona|51\/100\n|-singleturn|p2a: Volcarona|move: Roost\n|move|p1a: Vanilla Ice|Water Pulse|p2a: Volcarona\n|-supereffective|p2a: Volcarona\n|-damage|p2a: Volcarona|18\/100\n|\n|-weather|Snow|[upkeep]\n|upkeep\n|turn|6\n|\n|t:|1696439367\n|move|p2b: Dragapult|Dragon Darts|p1a: Vanilla Ice\n|-damage|p1a: Vanilla Ice|4\/100\n|-anim|p2b: Dragapult|Dragon Darts|p1b: Judas\n|-damage|p1b: Judas|83\/100\n|move|p2a: Volcarona|Roost|p2a: Volcarona\n|-heal|p2a: Volcarona|68\/100\n|-singleturn|p2a: Volcarona|move: Roost\n|move|p1b: Judas|Shell Smash|p1b: Judas\n|-unboost|p1b: Judas|def|1\n|-unboost|p1b: Judas|spd|1\n|-boost|p1b: Judas|atk|2\n|-boost|p1b: Judas|spa|2\n|-boost|p1b: Judas|spe|2\n|-enditem|p1b: Judas|White Herb\n|-clearnegativeboost|p1b: Judas|[silent]\n|move|p1a: Vanilla Ice|Blizzard|p2a: Volcarona|[spread] p2a,p2b\n|-resisted|p2a: Volcarona\n|-supereffective|p2b: Dragapult\n|-crit|p2b: Dragapult\n|-damage|p2a: Volcarona|51\/100\n|-damage|p2b: Dragapult|0 fnt\n|faint|p2b: Dragapult\n|\n|-weather|none\n|upkeep\n|\n|t:|1696439389\n|switch|p2b: Gyarados|Gyarados, F|98\/100\n|-ability|p2b: Gyarados|Intimidate|boost\n|-unboost|p1a: Vanilla Ice|atk|1\n|-unboost|p1b: Judas|atk|1\n|turn|7\n|\n|t:|1696439412\n|move|p1b: Judas|Rock Blast|p2a: Volcarona\n|-supereffective|p2a: Volcarona\n|-damage|p2a: Volcarona|12\/100\n|-supereffective|p2a: Volcarona\n|-damage|p2a: Volcarona|0 fnt\n|faint|p2a: Volcarona\n|-hitcount|p2: Volcarona|2\n|move|p2b: Gyarados|Power Whip|p1b: Judas\n|-supereffective|p1b: Judas\n|-damage|p1b: Judas|9\/100\n|move|p1a: Vanilla Ice|Freeze-Dry|p2b: Gyarados\n|-supereffective|p2b: Gyarados\n|-damage|p2b: Gyarados|0 fnt\n|faint|p2b: Gyarados\n|\n|upkeep\n|\n|t:|1696439428\n|switch|p2a: Tentacruel|Tentacruel, M|100\/100\n|turn|8\n|\n|t:|1696439458\n|move|p1b: Judas|Rock Blast|p2a: Tentacruel\n|-damage|p2a: Tentacruel|79\/100\n|-damage|p2a: Tentacruel|58\/100\n|-damage|p2a: Tentacruel|39\/100\n|-damage|p2a: Tentacruel|19\/100\n|-damage|p2a: Tentacruel|0 fnt\n|faint|p2a: Tentacruel\n|-hitcount|p2: Tentacruel|5\n|\n|win|Chumpette\n","uploadtime":1696439469,"views":13,"p1id":"chumpette","p2id":"bugsme","formatid":"gen9nationaldexdoubles","rating":0,"private":0,"password":""}