{"id":"gen9nationaldexdoubles-1978325686","p1":"AutumnCookie","p2":"cassinidivision","format":"[Gen 9] National Dex Doubles","log":"|j|\u2606AutumnCookie\n|j|\u2606cassinidivision\n|t:|1698525354\n|gametype|doubles\n|player|p1|AutumnCookie|ortega|\n|player|p2|cassinidivision|delinquent|\n|teamsize|p1|6\n|teamsize|p2|6\n|gen|9\n|tier|[Gen 9] National Dex Doubles\n|rule|HP Percentage Mod: HP is shown in percentages\n|rule|Endless Battle Clause: Forcing endless battles is banned\n|rule|OHKO Clause: OHKO moves are banned\n|rule|Evasion Moves Clause: Evasion moves are banned\n|rule|Evasion Abilities Clause: Evasion abilities are banned\n|rule|Species Clause: Limit one of each Pok\u00e9mon\n|rule|Gravity Sleep Clause: The combination of sleep-inducing moves with imperfect accuracy and Gravity or Gigantamax Orbeetle are banned\n|clearpoke\n|poke|p1|Klefki, M|\n|poke|p1|Wigglytuff, M|\n|poke|p1|Hatterene, F|\n|poke|p1|Dachsbun, M|\n|poke|p1|Azumarill, F|\n|poke|p1|Carbink|\n|poke|p2|Chansey, F|\n|poke|p2|Indeedee-F, F|\n|poke|p2|Sinistcha-Masterpiece|\n|poke|p2|Diancie|\n|poke|p2|Dragonite, F|\n|poke|p2|Pikachu, F|\n|teampreview\n|\n|t:|1698525360\n|start\n|switch|p1a: Klefki|Klefki, M, shiny|100\/100\n|switch|p1b: Hatterene|Hatterene, F|100\/100\n|switch|p2a: Diancie|Diancie, shiny|100\/100\n|switch|p2b: Pikachu|Pikachu, F|100\/100\n|turn|1\n|\n|t:|1698525383\n|move|p2b: Pikachu|Volt Switch|p1b: Hatterene\n|-damage|p1b: Hatterene|85\/100\n|\n|t:|1698525395\n|switch|p2b: Sinistcha|Sinistcha-Masterpiece|100\/100|[from] Volt Switch\n|move|p2a: Diancie|Diamond Storm|p1a: Klefki|[spread] p1a,p1b\n|-resisted|p1a: Klefki\n|-damage|p1a: Klefki|89\/100\n|-damage|p1b: Hatterene|59\/100\n|move|p1b: Hatterene|Calm Mind|p1b: Hatterene\n|-boost|p1b: Hatterene|spa|1\n|-boost|p1b: Hatterene|spd|1\n|move|p1a: Klefki|Trick Room|p1a: Klefki\n|-fieldstart|move: Trick Room|[of] p1a: Klefki\n|\n|-heal|p1b: Hatterene|65\/100|[from] item: Leftovers\n|upkeep\n|turn|2\n|\n|t:|1698525448\n|move|p1a: Klefki|Light Screen|p1a: Klefki\n|-sidestart|p1: AutumnCookie|move: Light Screen\n|move|p1b: Hatterene|Mystical Fire|p2b: Sinistcha\n|-supereffective|p2b: Sinistcha\n|-damage|p2b: Sinistcha|0 fnt\n|faint|p2b: Sinistcha\n|move|p2a: Diancie|Diamond Storm|p1b: Hatterene|[spread] p1a,p1b\n|-resisted|p1a: Klefki\n|-damage|p1a: Klefki|78\/100\n|-damage|p1b: Hatterene|35\/100\n|\n|-heal|p1b: Hatterene|41\/100|[from] item: Leftovers\n|upkeep\n|\n|t:|1698525460\n|switch|p2b: Dragonite|Dragonite, F|100\/100\n|turn|3\n|\n|t:|1698525474\n|move|p2b: Dragonite|Extreme Speed|p1b: Hatterene\n|-damage|p1b: Hatterene|0 fnt\n|faint|p1b: Hatterene\n|-damage|p2b: Dragonite|91\/100|[from] item: Life Orb\n|move|p1a: Klefki|Reflect|p1a: Klefki\n|-sidestart|p1: AutumnCookie|Reflect\n|move|p2a: Diancie|Diamond Storm|p1a: Klefki\n|-resisted|p1a: Klefki\n|-damage|p1a: Klefki|69\/100\n|-boost|p2a: Diancie|def|2\n|\n|upkeep\n|\n|t:|1698525504\n|switch|p1b: Azumarill|Azumarill, F|100\/100\n|turn|4\n|\n|t:|1698525514\n|move|p1a: Klefki|Spikes|p2a: Diancie\n|-sidestart|p2: cassinidivision|Spikes\n|move|p1b: Azumarill|Belly Drum|p1b: Azumarill\n|-damage|p1b: Azumarill|50\/100\n|-setboost|p1b: Azumarill|atk|6|[from] move: Belly Drum\n|-enditem|p1b: Azumarill|Sitrus Berry|[eat]\n|-heal|p1b: Azumarill|75\/100|[from] item: Sitrus Berry\n|move|p2a: Diancie|Stealth Rock|p1a: Klefki\n|-sidestart|p1: AutumnCookie|move: Stealth Rock\n|move|p2b: Dragonite|Thunder Punch|p1b: Azumarill\n|-supereffective|p1b: Azumarill\n|-damage|p1b: Azumarill|26\/100\n|-damage|p2b: Dragonite|81\/100|[from] item: Life Orb\n|\n|upkeep\n|turn|5\n|\n|t:|1698525546\n|move|p1a: Klefki|Spikes|p2b: Dragonite\n|-sidestart|p2: cassinidivision|Spikes\n|move|p1b: Azumarill|Play Rough|p2b: Dragonite\n|-supereffective|p2b: Dragonite\n|-damage|p2b: Dragonite|0 fnt\n|faint|p2b: Dragonite\n|move|p2a: Diancie|Spikes|p1a: Klefki\n|-sidestart|p1: AutumnCookie|Spikes\n|\n|-fieldend|move: Trick Room\n|upkeep\n|\n|t:|1698525564\n|switch|p2b: Pikachu|Pikachu, F|100\/100\n|-damage|p2b: Pikachu|84\/100|[from] Spikes\n|turn|6\n|\n|t:|1698525585\n|move|p1b: Azumarill|Aqua Jet|p2b: Pikachu\n|-damage|p2b: Pikachu|0 fnt\n|faint|p2b: Pikachu\n|move|p2a: Diancie|Spikes|p1a: Klefki\n|-sidestart|p1: AutumnCookie|Spikes\n|move|p1a: Klefki|Trick Room|p1a: Klefki\n|-fieldstart|move: Trick Room|[of] p1a: Klefki\n|\n|upkeep\n|\n|t:|1698525596\n|switch|p2b: Indeedee|Indeedee-F, F|100\/100\n|-damage|p2b: Indeedee|84\/100|[from] Spikes\n|turn|7\n|\n|t:|1698525616\n|move|p2b: Indeedee|Helping Hand|p2a: Diancie\n|-singleturn|p2a: Diancie|Helping Hand|[of] p2b: Indeedee\n|move|p1b: Azumarill|Aqua Jet|p2a: Diancie\n|-supereffective|p2a: Diancie\n|-damage|p2a: Diancie|21\/100\n|-damage|p1b: Azumarill|9\/100|[from] item: Rocky Helmet|[of] p2a: Diancie\n|move|p1a: Klefki|Spikes|p2b: Indeedee\n|-sidestart|p2: cassinidivision|Spikes\n|move|p2a: Diancie|Diamond Storm|p1a: Klefki|[spread] p1a,p1b\n|-resisted|p1a: Klefki\n|-damage|p1a: Klefki|58\/100\n|-damage|p1b: Azumarill|0 fnt\n|-boost|p2a: Diancie|def|2\n|faint|p1b: Azumarill\n|\n|upkeep\n|\n|t:|1698525632\n|switch|p1b: Carbink|Carbink|100\/100\n|-damage|p1b: Carbink|88\/100|[from] Stealth Rock\n|-damage|p1b: Carbink|72\/100|[from] Spikes\n|turn|8\n|\n|t:|1698525649\n|move|p2b: Indeedee|Helping Hand|p2a: Diancie\n|-singleturn|p2a: Diancie|Helping Hand|[of] p2b: Indeedee\n|move|p1a: Klefki|Light Screen||[still]\n|-fail|p1a: Klefki\n|move|p1b: Carbink|Iron Defense|p1b: Carbink\n|-boost|p1b: Carbink|def|2\n|move|p2a: Diancie|Diamond Storm|p1a: Klefki|[spread] p1a,p1b\n|-resisted|p1a: Klefki\n|-damage|p1a: Klefki|47\/100\n|-damage|p1b: Carbink|61\/100\n|\n|-heal|p1b: Carbink|67\/100|[from] item: Leftovers\n|upkeep\n|turn|9\n|\n|t:|1698525670\n|move|p2b: Indeedee|Helping Hand|p2a: Diancie\n|-singleturn|p2a: Diancie|Helping Hand|[of] p2b: Indeedee\n|move|p1a: Klefki|Light Screen||[still]\n|-fail|p1a: Klefki\n|move|p1b: Carbink|Iron Defense|p1b: Carbink\n|-boost|p1b: Carbink|def|2\n|move|p2a: Diancie|Diamond Storm|p1a: Klefki|[spread] p1a,p1b\n|-resisted|p1a: Klefki\n|-crit|p1a: Klefki\n|-damage|p1a: Klefki|25\/100\n|-damage|p1b: Carbink|60\/100\n|-boost|p2a: Diancie|def|2\n|\n|-heal|p1b: Carbink|66\/100|[from] item: Leftovers\n|-sideend|p1: AutumnCookie|move: Light Screen\n|upkeep\n|turn|10\n|\n|t:|1698525691\n|move|p2b: Indeedee|Helping Hand|p2a: Diancie\n|-singleturn|p2a: Diancie|Helping Hand|[of] p2b: Indeedee\n|move|p1a: Klefki|Light Screen|p1a: Klefki\n|-sidestart|p1: AutumnCookie|move: Light Screen\n|move|p1b: Carbink|Iron Defense|p1b: Carbink\n|-boost|p1b: Carbink|def|2\n|move|p2a: Diancie|Diamond Storm|p1b: Carbink|[spread] p1a,p1b\n|-resisted|p1a: Klefki\n|-damage|p1a: Klefki|14\/100\n|-damage|p1b: Carbink|61\/100\n|\n|-heal|p1b: Carbink|67\/100|[from] item: Leftovers\n|-sideend|p1: AutumnCookie|Reflect\n|-fieldend|move: Trick Room\n|upkeep\n|turn|11\n|\n|t:|1698525715\n|move|p2b: Indeedee|Helping Hand|p2a: Diancie\n|-singleturn|p2a: Diancie|Helping Hand|[of] p2b: Indeedee\n|move|p1a: Klefki|Reflect|p1a: Klefki\n|-sidestart|p1: AutumnCookie|Reflect\n|move|p2a: Diancie|Diamond Storm|p1a: Klefki|[spread] p1a,p1b\n|-resisted|p1a: Klefki\n|-damage|p1a: Klefki|3\/100\n|-damage|p1b: Carbink|61\/100\n|move|p1b: Carbink|Body Press|p2b: Indeedee\n|-damage|p2b: Indeedee|0 fnt\n|faint|p2b: Indeedee\n|\n|-heal|p1b: Carbink|67\/100|[from] item: Leftovers\n|upkeep\n|\n|t:|1698525725\n|switch|p2b: Chansey|Chansey, F|100\/100\n|-damage|p2b: Chansey|76\/100|[from] Spikes\n|turn|12\n|\n|t:|1698525740\n|move|p2a: Diancie|Spikes|p1b: Carbink\n|-sidestart|p1: AutumnCookie|Spikes\n|move|p2b: Chansey|Curse|p2b: Chansey\n|-unboost|p2b: Chansey|spe|1\n|-boost|p2b: Chansey|atk|1\n|-boost|p2b: Chansey|def|1\n|move|p1b: Carbink|Body Press|p2b: Chansey\n|-supereffective|p2b: Chansey\n|-damage|p2b: Chansey|0 fnt\n|faint|p2b: Chansey\n|move|p1a: Klefki|Trick Room|p1a: Klefki\n|-fieldstart|move: Trick Room|[of] p1a: Klefki\n|\n|-heal|p1b: Carbink|72\/100|[from] item: Leftovers\n|upkeep\n|turn|13\n|c|\u2606AutumnCookie|Carbink is. Such a horrible little thang.\n|c|\u2606cassinidivision|sad\n|\n|t:|1698525769\n|move|p1a: Klefki|Light Screen||[still]\n|-fail|p1a: Klefki\n|move|p1b: Carbink|Body Press|p2a: Diancie\n|-crit|p2a: Diancie\n|-damage|p2a: Diancie|0 fnt\n|-damage|p1b: Carbink|56\/100|[from] item: Rocky Helmet|[of] p2a: Diancie\n|faint|p2a: Diancie\n|\n|win|AutumnCookie\n","uploadtime":1698525780,"views":6,"p1id":"autumncookie","p2id":"cassinidivision","formatid":"gen9nationaldexdoubles","rating":0,"private":0,"password":""}