{"id":"gen9nationaldexdoubles-1955949366","p1":"Epilepsy Espeon","p2":"purrglar","format":"[Gen 9] National Dex Doubles","log":"|j|\u2606Epilepsy Espeon\n|j|\u2606purrglar\n|t:|1696046012\n|gametype|doubles\n|player|p1|Epilepsy Espeon|psychic-gen4|1110\n|player|p2|purrglar|petrel|1245\n|teamsize|p1|6\n|teamsize|p2|6\n|gen|9\n|tier|[Gen 9] National Dex Doubles\n|rated|\n|rule|HP Percentage Mod: HP is shown in percentages\n|rule|Endless Battle Clause: Forcing endless battles is banned\n|rule|OHKO Clause: OHKO moves are banned\n|rule|Evasion Moves Clause: Evasion moves are banned\n|rule|Evasion Abilities Clause: Evasion abilities are banned\n|rule|Species Clause: Limit one of each Pok\u00e9mon\n|rule|Gravity Sleep Clause: The combination of sleep-inducing moves with imperfect accuracy and Gravity or Gigantamax Orbeetle are banned\n|clearpoke\n|poke|p1|Exeggutor-Alola, M|\n|poke|p1|Pyukumuku, M|\n|poke|p1|Espeon, F|\n|poke|p1|Slowbro, M|\n|poke|p1|Milotic, F|\n|poke|p1|Clefairy, F|\n|poke|p2|Armarouge, M|\n|poke|p2|Amoonguss, F|\n|poke|p2|Bronzong|\n|poke|p2|Torkoal, L99, F|\n|poke|p2|Iron Hands|\n|poke|p2|Indeedee-F, F|\n|teampreview\n|inactive|Battle timer is ON: inactive players will automatically lose when time's up. (requested by purrglar)\n|\n|t:|1696046021\n|start\n|switch|p1a: Clefairy|Clefairy, F|100\/100\n|switch|p1b: Slowbro|Slowbro, M|100\/100\n|switch|p2a: ding dong|Bronzong, shiny|100\/100\n|switch|p2b: \"Hariyama\"|Iron Hands|100\/100\n|turn|1\n|\n|t:|1696046036\n|move|p2b: \"Hariyama\"|Fake Out|p1a: Clefairy\n|-damage|p1a: Clefairy|83\/100\n|cant|p1a: Clefairy|flinch\n|move|p1b: Slowbro|Psyshock|p2b: \"Hariyama\"\n|-supereffective|p2b: \"Hariyama\"\n|-damage|p2b: \"Hariyama\"|50\/100\n|-zpower|p2a: ding dong\n|move|p2a: ding dong|Z-Trick Room|p2a: ding dong|[anim]Trick Room\n|-boost|p2a: ding dong|accuracy|1|[zeffect]\n|-fieldstart|move: Trick Room|[of] p2a: ding dong\n|\n|upkeep\n|turn|2\n|\n|t:|1696046048\n|move|p1b: Slowbro|Psyshock|p2b: \"Hariyama\"\n|-supereffective|p2b: \"Hariyama\"\n|-damage|p2b: \"Hariyama\"|0 fnt\n|faint|p2b: \"Hariyama\"\n|-end|p2b: \"Hariyama\"|Quark Drive|[silent]\n|move|p2a: ding dong|Hypnosis|p1a: Clefairy|[miss]\n|-miss|p2a: ding dong|p1a: Clefairy\n|move|p1a: Clefairy|Cosmic Power|p1a: Clefairy\n|-boost|p1a: Clefairy|def|1\n|-boost|p1a: Clefairy|spd|1\n|\n|upkeep\n|\n|t:|1696046056\n|switch|p2b: heat|Torkoal, L99, F|100\/100\n|-weather|SunnyDay|[from] ability: Drought|[of] p2b: heat\n|turn|3\n|\n|t:|1696046068\n|move|p2b: heat|Solar Beam||[still]\n|-prepare|p2b: heat|Solar Beam\n|-anim|p2b: heat|Solar Beam|p1b: Slowbro\n|-supereffective|p1b: Slowbro\n|-damage|p1b: Slowbro|45\/100\n|move|p1b: Slowbro|Scald|p2b: heat\n|-supereffective|p2b: heat\n|-damage|p2b: heat|46\/100\n|move|p2a: ding dong|Hypnosis|p1a: Clefairy\n|-status|p1a: Clefairy|slp|[from] move: Hypnosis\n|cant|p1a: Clefairy|slp\n|\n|-weather|SunnyDay|[upkeep]\n|upkeep\n|turn|4\n|\n|t:|1696046080\n|move|p2b: heat|Solar Beam||[still]\n|-prepare|p2b: heat|Solar Beam\n|-anim|p2b: heat|Solar Beam|p1b: Slowbro\n|-supereffective|p1b: Slowbro\n|-damage|p1b: Slowbro|0 fnt\n|faint|p1b: Slowbro\n|move|p2a: ding dong|Hypnosis|p1a: Clefairy|[miss]\n|-miss|p2a: ding dong|p1a: Clefairy\n|cant|p1a: Clefairy|slp\n|\n|-weather|SunnyDay|[upkeep]\n|upkeep\n|\n|t:|1696046087\n|switch|p1b: Pyukumuku|Pyukumuku, M|100\/100\n|turn|5\n|\n|t:|1696046099\n|move|p2b: heat|Solar Beam||[still]\n|-prepare|p2b: heat|Solar Beam\n|-anim|p2b: heat|Solar Beam|p1b: Pyukumuku\n|-supereffective|p1b: Pyukumuku\n|-damage|p1b: Pyukumuku|50\/100\n|move|p1b: Pyukumuku|Purify|p1a: Clefairy\n|-curestatus|p1a: Clefairy|slp|[msg]\n|-heal|p1b: Pyukumuku|100\/100\n|move|p2a: ding dong|Gyro Ball|p1a: Clefairy\n|-supereffective|p1a: Clefairy\n|-damage|p1a: Clefairy|61\/100\n|move|p1a: Clefairy|Mystical Fire|p2a: ding dong\n|-supereffective|p2a: ding dong\n|-damage|p2a: ding dong|83\/100\n|-unboost|p2a: ding dong|spa|1\n|\n|-weather|SunnyDay|[upkeep]\n|-fieldend|move: Trick Room\n|upkeep\n|turn|6\n|\n|t:|1696046121\n|move|p1a: Clefairy|Cosmic Power|p1a: Clefairy\n|-boost|p1a: Clefairy|def|1\n|-boost|p1a: Clefairy|spd|1\n|move|p2a: ding dong|Hypnosis|p1a: Clefairy\n|-status|p1a: Clefairy|slp|[from] move: Hypnosis\n|move|p2b: heat|Solar Beam||[still]\n|-prepare|p2b: heat|Solar Beam\n|-anim|p2b: heat|Solar Beam|p1b: Pyukumuku\n|-supereffective|p1b: Pyukumuku\n|-damage|p1b: Pyukumuku|51\/100\n|move|p1b: Pyukumuku|Mirror Coat|p2b: heat\n|-damage|p2b: heat|0 fnt\n|faint|p2b: heat\n|\n|-weather|SunnyDay|[upkeep]\n|-heal|p1b: Pyukumuku|58\/100|[from] item: Leftovers\n|upkeep\n|\n|t:|1696046135\n|switch|p2b: edible|Amoonguss, F, shiny|100\/100\n|turn|7\n|\n|t:|1696046140\n|switch|p1b: Espeon|Espeon, F|100\/100\n|cant|p1a: Clefairy|slp\n|move|p2a: ding dong|Hypnosis|p1b: Espeon\n|move|p1b: Espeon|Hypnosis|p2a: ding dong|[from]ability: Magic Bounce|[miss]\n|-miss|p1b: Espeon|p2a: ding dong\n|move|p2b: edible|Clear Smog|p1a: Clefairy\n|-supereffective|p1a: Clefairy\n|-damage|p1a: Clefairy|47\/100 slp\n|-clearboost|p1a: Clefairy\n|\n|-weather|none\n|upkeep\n|turn|8\n|\n|t:|1696046156\n|move|p1b: Espeon|Psychic|p2b: edible\n|-supereffective|p2b: edible\n|-damage|p2b: edible|31\/100\n|-enditem|p2b: edible|Eject Button\n|\n|t:|1696046163\n|switch|p2b: agree|Indeedee-F, F, shiny|100\/100\n|-fieldstart|move: Psychic Terrain|[from] ability: Psychic Surge|[of] p2b: agree\n|-enditem|p2b: agree|Psychic Seed\n|-boost|p2b: agree|spd|1|[from] item: Psychic Seed\n|cant|p1a: Clefairy|slp\n|move|p2a: ding dong|Trick Room|p2a: ding dong\n|-fieldstart|move: Trick Room|[of] p2a: ding dong\n|\n|upkeep\n|turn|9\n|\n|t:|1696046182\n|move|p2a: ding dong|Gyro Ball|p1b: Espeon\n|-damage|p1b: Espeon|43\/100\n|-curestatus|p1a: Clefairy|slp|[msg]\n|move|p1a: Clefairy|Cosmic Power|p1a: Clefairy\n|-boost|p1a: Clefairy|def|1\n|-boost|p1a: Clefairy|spd|1\n|move|p2b: agree|Psychic|p1a: Clefairy\n|-damage|p1a: Clefairy|22\/100\n|move|p1b: Espeon|Shadow Ball|p2a: ding dong\n|-supereffective|p2a: ding dong\n|-damage|p2a: ding dong|44\/100\n|\n|upkeep\n|turn|10\n|\n|t:|1696046201\n|move|p2a: ding dong|Gyro Ball|p1b: Espeon\n|-damage|p1b: Espeon|0 fnt\n|faint|p1b: Espeon\n|move|p1a: Clefairy|Baton Pass|p1a: Clefairy\n|\n|t:|1696046206\n|switch|p1a: Milotic|Milotic, F|100\/100|[from] Baton Pass\n|move|p2b: agree|Psychic|p1a: Milotic\n|-damage|p1a: Milotic|81\/100\n|\n|-heal|p1a: Milotic|87\/100|[from] item: Leftovers\n|upkeep\n|\n|t:|1696046214\n|switch|p1b: Clefairy|Clefairy, F|22\/100\n|turn|11\n|\n|t:|1696046225\n|move|p2a: ding dong|Hypnosis|p1a: Milotic|[miss]\n|-miss|p2a: ding dong|p1a: Milotic\n|move|p1b: Clefairy|Chilling Water|p2a: ding dong\n|-damage|p2a: ding dong|36\/100\n|-unboost|p2a: ding dong|atk|1\n|move|p2b: agree|Psychic|p1b: Clefairy\n|-damage|p1b: Clefairy|0 fnt\n|faint|p1b: Clefairy\n|move|p1a: Milotic|Aqua Ring|p1a: Milotic\n|-start|p1a: Milotic|Aqua Ring\n|\n|-heal|p1a: Milotic|93\/100|[from] item: Leftovers\n|-heal|p1a: Milotic|99\/100|[from] Aqua Ring\n|upkeep\n|\n|t:|1696046233\n|switch|p1b: Pyukumuku|Pyukumuku, M|58\/100\n|turn|12\n|\n|t:|1696046244\n|move|p1b: Pyukumuku|Purify||[still]\n|-fail|p1b: Pyukumuku\n|move|p2a: ding dong|Hypnosis|p1a: Milotic\n|-status|p1a: Milotic|slp|[from] move: Hypnosis\n|move|p2b: agree|Psychic|p1b: Pyukumuku\n|-damage|p1b: Pyukumuku|31\/100\n|cant|p1a: Milotic|slp\n|\n|-heal|p1b: Pyukumuku|37\/100|[from] item: Leftovers\n|-heal|p1a: Milotic|100\/100 slp|[from] item: Leftovers\n|-fieldend|move: Trick Room\n|-fieldend|move: Psychic Terrain\n|upkeep\n|turn|13\n|\n|t:|1696046257\n|cant|p1a: Milotic|slp\n|move|p2b: agree|Psychic|p1a: Milotic\n|-crit|p1a: Milotic\n|-damage|p1a: Milotic|65\/100 slp\n|move|p2a: ding dong|Hypnosis|p1b: Pyukumuku\n|-status|p1b: Pyukumuku|slp|[from] move: Hypnosis\n|cant|p1b: Pyukumuku|slp\n|\n|-heal|p1a: Milotic|72\/100 slp|[from] item: Leftovers\n|-heal|p1b: Pyukumuku|43\/100 slp|[from] item: Leftovers\n|-heal|p1a: Milotic|78\/100 slp|[from] Aqua Ring\n|upkeep\n|turn|14\n|\n|t:|1696046267\n|switch|p2b: edible|Amoonguss, F, shiny|64\/100\n|-curestatus|p1a: Milotic|slp|[msg]\n|move|p1a: Milotic|Chilling Water|p2a: ding dong\n|-damage|p2a: ding dong|21\/100\n|-unboost|p2a: ding dong|atk|1\n|cant|p1b: Pyukumuku|slp\n|move|p2a: ding dong|Trick Room|p2a: ding dong\n|-fieldstart|move: Trick Room|[of] p2a: ding dong\n|\n|-heal|p1b: Pyukumuku|49\/100 slp|[from] item: Leftovers\n|-heal|p1a: Milotic|84\/100|[from] item: Leftovers\n|-heal|p1a: Milotic|90\/100|[from] Aqua Ring\n|upkeep\n|turn|15\n|\n|t:|1696046282\n|cant|p1b: Pyukumuku|slp\n|move|p2b: edible|Clear Smog|p1a: Milotic\n|-damage|p1a: Milotic|82\/100\n|-clearboost|p1a: Milotic\n|move|p2a: ding dong|Hypnosis|p1a: Milotic\n|-status|p1a: Milotic|slp|[from] move: Hypnosis\n|cant|p1a: Milotic|slp\n|\n|-heal|p1b: Pyukumuku|55\/100 slp|[from] item: Leftovers\n|-heal|p1a: Milotic|88\/100 slp|[from] item: Leftovers\n|-heal|p1a: Milotic|94\/100 slp|[from] Aqua Ring\n|upkeep\n|turn|16\n|\n|t:|1696046299\n|-curestatus|p1b: Pyukumuku|slp|[msg]\n|move|p1b: Pyukumuku|Purify|p1a: Milotic\n|-curestatus|p1a: Milotic|slp|[msg]\n|-heal|p1b: Pyukumuku|100\/100\n|move|p2b: edible|Pollen Puff|p2a: ding dong\n|-heal|p2a: ding dong|71\/100\n|move|p2a: ding dong|Gyro Ball|p1a: Milotic\n|-resisted|p1a: Milotic\n|-damage|p1a: Milotic|88\/100\n|move|p1a: Milotic|Chilling Water|p2a: ding dong\n|-damage|p2a: ding dong|56\/100\n|-unboost|p2a: ding dong|atk|1\n|\n|-heal|p1a: Milotic|94\/100|[from] item: Leftovers\n|-heal|p1a: Milotic|99\/100|[from] Aqua Ring\n|upkeep\n|turn|17\n|\n|t:|1696046328\n|move|p2b: edible|Spore|p1a: Milotic\n|-status|p1a: Milotic|slp|[from] move: Spore\n|move|p2a: ding dong|Hypnosis|p1b: Pyukumuku|[miss]\n|-miss|p2a: ding dong|p1b: Pyukumuku\n|cant|p1a: Milotic|slp\n|move|p1b: Pyukumuku|Mirror Coat||[still]\n|-fail|p1b: Pyukumuku\n|\n|-heal|p1a: Milotic|100\/100 slp|[from] item: Leftovers\n|upkeep\n|turn|18\n|\n|t:|1696046340\n|move|p1b: Pyukumuku|Purify|p1a: Milotic\n|-curestatus|p1a: Milotic|slp|[msg]\n|move|p2b: edible|Pollen Puff|p2a: ding dong\n|-heal|p2a: ding dong|100\/100\n|move|p2a: ding dong|Hypnosis|p1b: Pyukumuku|[miss]\n|-miss|p2a: ding dong|p1b: Pyukumuku\n|move|p1a: Milotic|Icy Wind|p2b: edible|[spread] p2a,p2b\n|-resisted|p2a: ding dong\n|-supereffective|p2b: edible\n|-damage|p2a: ding dong|96\/100\n|-damage|p2b: edible|46\/100\n|-unboost|p2a: ding dong|spe|1\n|-unboost|p2b: edible|spe|1\n|\n|-fieldend|move: Trick Room\n|upkeep\n|turn|19\n|\n|t:|1696046358\n|switch|p2b: agree|Indeedee-F, F, shiny|100\/100\n|-fieldstart|move: Psychic Terrain|[from] ability: Psychic Surge|[of] p2b: agree\n|move|p1a: Milotic|Icy Wind|p2a: ding dong|[spread] p2b\n|-miss|p1a: Milotic|p2a: ding dong\n|-damage|p2b: agree|88\/100\n|-unboost|p2b: agree|spe|1\n|move|p1b: Pyukumuku|Purify||[still]\n|-fail|p1b: Pyukumuku\n|move|p2a: ding dong|Hypnosis|p1b: Pyukumuku\n|-status|p1b: Pyukumuku|slp|[from] move: Hypnosis\n|\n|upkeep\n|turn|20\n|\n|t:|1696046376\n|move|p1a: Milotic|Chilling Water|p2b: agree\n|-damage|p2b: agree|64\/100\n|-unboost|p2b: agree|atk|1\n|cant|p1b: Pyukumuku|slp\n|move|p2a: ding dong|Hypnosis|p1a: Milotic\n|-status|p1a: Milotic|slp|[from] move: Hypnosis\n|move|p2b: agree|Trick Room|p2b: agree\n|-fieldstart|move: Trick Room|[of] p2b: agree\n|\n|upkeep\n|turn|21\n|\n|t:|1696046389\n|switch|p2a: Armarouge|Armarouge, M|100\/100\n|-curestatus|p1b: Pyukumuku|slp|[msg]\n|move|p1b: Pyukumuku|Purify|p1a: Milotic\n|-curestatus|p1a: Milotic|slp|[msg]\n|move|p2b: agree|Psychic|p1b: Pyukumuku\n|-damage|p1b: Pyukumuku|75\/100\n|move|p1a: Milotic|Chilling Water|p2b: agree\n|-damage|p2b: agree|43\/100\n|-unboost|p2b: agree|atk|1\n|\n|-heal|p1b: Pyukumuku|81\/100|[from] item: Leftovers\n|upkeep\n|turn|22\n|\n|t:|1696046406\n|move|p2b: agree|Follow Me|p2b: agree\n|-singleturn|p2b: agree|move: Follow Me\n|move|p2a: Armarouge|Expanding Force|p1b: Pyukumuku|[spread] p1a,p1b\n|-damage|p1a: Milotic|53\/100\n|-damage|p1b: Pyukumuku|38\/100\n|move|p1a: Milotic|Chilling Water|p2b: agree\n|-damage|p2b: agree|21\/100\n|-unboost|p2b: agree|atk|1\n|move|p1b: Pyukumuku|Mirror Coat|p2b: agree\n|-damage|p2b: agree|0 fnt\n|faint|p2b: agree\n|\n|-heal|p1b: Pyukumuku|44\/100|[from] item: Leftovers\n|-heal|p1a: Milotic|59\/100|[from] item: Leftovers\n|-heal|p1a: Milotic|65\/100|[from] Aqua Ring\n|upkeep\n|c|\u2606Epilepsy Espeon|Sleep spam all you like, you aren't actually achieving anything\n|\n|t:|1696046425\n|switch|p2b: edible|Amoonguss, F, shiny|79\/100\n|turn|23\n|\n|t:|1696046434\n|move|p1b: Pyukumuku|Recover|p1b: Pyukumuku\n|-heal|p1b: Pyukumuku|94\/100\n|move|p2b: edible|Pollen Puff|p1b: Pyukumuku\n|-damage|p1b: Pyukumuku|84\/100\n|move|p2a: Armarouge|Expanding Force|p1a: Milotic|[spread] p1a,p1b\n|-damage|p1a: Milotic|20\/100\n|-damage|p1b: Pyukumuku|42\/100\n|move|p1a: Milotic|Chilling Water|p2a: Armarouge\n|-supereffective|p2a: Armarouge\n|-damage|p2a: Armarouge|46\/100\n|-unboost|p2a: Armarouge|atk|1\n|-enditem|p2a: Armarouge|Weakness Policy\n|-boost|p2a: Armarouge|atk|2|[from] item: Weakness Policy\n|-boost|p2a: Armarouge|spa|2|[from] item: Weakness Policy\n|\n|-heal|p1b: Pyukumuku|48\/100|[from] item: Leftovers\n|-heal|p1a: Milotic|26\/100|[from] item: Leftovers\n|-heal|p1a: Milotic|32\/100|[from] Aqua Ring\n|-fieldend|move: Psychic Terrain\n|upkeep\n|turn|24\n|\n|t:|1696046457\n|move|p2b: edible|Rage Powder|p2b: edible\n|-singleturn|p2b: edible|move: Rage Powder\n|move|p1b: Pyukumuku|Recover|p1b: Pyukumuku\n|-heal|p1b: Pyukumuku|98\/100\n|move|p2a: Armarouge|Expanding Force|p1b: Pyukumuku\n|-damage|p1b: Pyukumuku|45\/100\n|move|p1a: Milotic|Life Dew|p1a: Milotic|[spread] p1a,p1b\n|-heal|p1a: Milotic|57\/100\n|-heal|p1b: Pyukumuku|70\/100\n|\n|-heal|p1b: Pyukumuku|76\/100|[from] item: Leftovers\n|-heal|p1a: Milotic|63\/100|[from] item: Leftovers\n|-heal|p1a: Milotic|69\/100|[from] Aqua Ring\n|-fieldend|move: Trick Room\n|upkeep\n|turn|25\n|inactive|Epilepsy Espeon has 120 seconds left.\n|inactive|purrglar has 120 seconds left.\n|\n|t:|1696046500\n|-terastallize|p2a: Armarouge|Grass\n|move|p1a: Milotic|Chilling Water|p2a: Armarouge\n|-resisted|p2a: Armarouge\n|-damage|p2a: Armarouge|32\/100\n|-unboost|p2a: Armarouge|atk|1\n|move|p2a: Armarouge|Expanding Force|p1a: Milotic\n|-damage|p1a: Milotic|5\/100\n|move|p2b: edible|Spore|p1b: Pyukumuku\n|-status|p1b: Pyukumuku|slp|[from] move: Spore\n|cant|p1b: Pyukumuku|slp\n|\n|-heal|p1a: Milotic|11\/100|[from] item: Leftovers\n|-heal|p1b: Pyukumuku|82\/100 slp|[from] item: Leftovers\n|-heal|p1a: Milotic|18\/100|[from] Aqua Ring\n|upkeep\n|turn|26\n|\n|t:|1696046515\n|move|p1a: Milotic|Icy Wind|p2b: edible|[spread] p2a,p2b\n|-supereffective|p2a: Armarouge\n|-supereffective|p2b: edible\n|-damage|p2a: Armarouge|2\/100\n|-damage|p2b: edible|60\/100\n|-unboost|p2a: Armarouge|spe|1\n|-unboost|p2b: edible|spe|1\n|move|p2a: Armarouge|Aura Sphere|p1a: Milotic\n|-damage|p1a: Milotic|0 fnt\n|faint|p1a: Milotic\n|cant|p1b: Pyukumuku|slp\n|move|p2b: edible|Pollen Puff|p2a: Armarouge\n|-heal|p2a: Armarouge|52\/100\n|\n|-heal|p1b: Pyukumuku|88\/100 slp|[from] item: Leftovers\n|upkeep\n|inactive|Epilepsy Espeon has 120 seconds left.\n|\n|t:|1696046527\n|switch|p1a: Exeggutor|Exeggutor-Alola, M|100\/100\n|turn|27\n|inactive|purrglar has 120 seconds left.\n|\n|t:|1696046574\n|move|p2a: Armarouge|Expanding Force|p1a: Exeggutor\n|-damage|p1a: Exeggutor|16\/100\n|-enditem|p1a: Exeggutor|Sitrus Berry|[eat]\n|-heal|p1a: Exeggutor|41\/100|[from] item: Sitrus Berry\n|move|p1a: Exeggutor|Dragon Hammer|p2a: Armarouge\n|-damage|p2a: Armarouge|15\/100\n|move|p2b: edible|Pollen Puff|p2a: Armarouge\n|-heal|p2a: Armarouge|65\/100\n|cant|p1b: Pyukumuku|slp\n|\n|-heal|p1b: Pyukumuku|94\/100 slp|[from] item: Leftovers\n|upkeep\n|turn|28\n|inactive|purrglar has 120 seconds left.\n|\n|t:|1696046593\n|move|p2b: edible|Rage Powder|p2b: edible\n|-singleturn|p2b: edible|move: Rage Powder\n|move|p2a: Armarouge|Expanding Force|p1a: Exeggutor\n|-damage|p1a: Exeggutor|0 fnt\n|faint|p1a: Exeggutor\n|-curestatus|p1b: Pyukumuku|slp|[msg]\n|move|p1b: Pyukumuku|Mirror Coat||[still]\n|-fail|p1b: Pyukumuku\n|\n|-heal|p1b: Pyukumuku|99\/100|[from] item: Leftovers\n|upkeep\n|turn|29\n|\n|t:|1696046604\n|move|p2a: Armarouge|Expanding Force|p1b: Pyukumuku\n|-damage|p1b: Pyukumuku|44\/100\n|move|p2b: edible|Spore|p1b: Pyukumuku\n|-status|p1b: Pyukumuku|slp|[from] move: Spore\n|cant|p1b: Pyukumuku|slp\n|\n|-heal|p1b: Pyukumuku|50\/100 slp|[from] item: Leftovers\n|upkeep\n|turn|30\n|\n|t:|1696046616\n|move|p2a: Armarouge|Expanding Force|p1b: Pyukumuku\n|-damage|p1b: Pyukumuku|0 fnt\n|-damage|p2a: Armarouge|23\/100|[from] ability: Innards Out|[of] p1b: Pyukumuku\n|faint|p1b: Pyukumuku\n|\n|win|purrglar\n|raw|Epilepsy Espeon's rating: 1110 &rarr; <strong>1094<\/strong><br \/>(-16 for losing)\n|raw|purrglar's rating: 1245 &rarr; <strong>1261<\/strong><br \/>(+16 for winning)\n|l|\u2606Epilepsy Espeon\n","uploadtime":1696046624,"views":7,"p1id":"epilepsyespeon","p2id":"purrglar","formatid":"gen9nationaldexdoubles","rating":1094,"private":0,"password":""}