{"id":"gen9nationaldexdoubles-1977675865","p1":"Nerdygolem513","p2":"Nesha823","format":"[Gen 9] National Dex Doubles","log":"|j|\u2606Nerdygolem513\n|j|\u2606Nesha823\n|t:|1698437639\n|gametype|doubles\n|player|p1|Nerdygolem513|skullgrunt|1298\n|player|p2|Nesha823|channeler-gen1rb|1189\n|teamsize|p1|6\n|teamsize|p2|6\n|gen|9\n|tier|[Gen 9] National Dex Doubles\n|rated|\n|rule|HP Percentage Mod: HP is shown in percentages\n|rule|Endless Battle Clause: Forcing endless battles is banned\n|rule|OHKO Clause: OHKO moves are banned\n|rule|Evasion Moves Clause: Evasion moves are banned\n|rule|Evasion Abilities Clause: Evasion abilities are banned\n|rule|Species Clause: Limit one of each Pok\u00e9mon\n|rule|Gravity Sleep Clause: The combination of sleep-inducing moves with imperfect accuracy and Gravity or Gigantamax Orbeetle are banned\n|clearpoke\n|poke|p1|Tapu Koko|\n|poke|p1|Indeedee-F, F|\n|poke|p1|Raichu-Alola, M|\n|poke|p1|Alakazam, M|\n|poke|p1|Iron Valiant|\n|poke|p1|Farigiraf, F|\n|poke|p2|Sableye, M|\n|poke|p2|Flamigo, F|\n|poke|p2|Meowscarada, M|\n|poke|p2|Indeedee-F, F|\n|poke|p2|Hatterene, F|\n|poke|p2|Krookodile, M|\n|teampreview\n|inactive|Battle timer is ON: inactive players will automatically lose when time's up. (requested by Nesha823)\n|c|\u2606Nesha823|An almost all psychic team \u2661 love it!\n|\n|t:|1698437668\n|start\n|switch|p1a: KFC|Tapu Koko|100\/100\n|switch|p1b: Pancakes|Raichu-Alola, M|100\/100\n|switch|p2a: Angelo|Meowscarada, M|100\/100\n|switch|p2b: Cooper|Krookodile, M|100\/100\n|-fieldstart|move: Electric Terrain|[from] ability: Electric Surge|[of] p1a: KFC\n|turn|1\n|\n|t:|1698437685\n|-terastallize|p1b: Pancakes|Grass\n|-terastallize|p2b: Cooper|Fire\n|move|p1b: Pancakes|Grass Knot|p2b: Cooper\n|-resisted|p2b: Cooper\n|-damage|p2b: Cooper|72\/100\n|-damage|p1b: Pancakes|91\/100|[from] item: Life Orb\n|move|p2a: Angelo|Flower Trick|p2b: Cooper\n|-resisted|p2b: Cooper\n|-crit|p2b: Cooper\n|-damage|p2b: Cooper|50\/100\n|-setboost|p2b: Cooper|atk|6|[from] ability: Anger Point\n|move|p1a: KFC|U-turn|p2b: Cooper\n|-resisted|p2b: Cooper\n|-damage|p2b: Cooper|36\/100\n|\n|t:|1698437698\n|switch|p1a: Gender|Iron Valiant|100\/100|[from] U-turn\n|-activate|p1a: Gender|ability: Quark Drive\n|-start|p1a: Gender|quarkdrivespe\n|move|p2b: Cooper|Earthquake|p1a: Gender|[spread] p2a,p1a,p1b\n|-resisted|p2a: Angelo\n|-resisted|p1b: Pancakes\n|-crit|p1b: Pancakes\n|-damage|p2a: Angelo|9\/100\n|-damage|p1a: Gender|0 fnt\n|-damage|p1b: Pancakes|0 fnt\n|faint|p1a: Gender\n|-end|p1a: Gender|Quark Drive|[silent]\n|faint|p1b: Pancakes\n|\n|upkeep\n|c|\u2606Nesha823|Omg poor cooper got doubled\n|inactive|Nerdygolem513 has 120 seconds left.\n|c|\u2606Nesha823|Aw pancakes! I love that name!\n|\n|t:|1698437719\n|switch|p1a: KFC|Tapu Koko|100\/100\n|switch|p1b: Indeed|Indeedee-F, F|100\/100\n|-fieldstart|move: Psychic Terrain|[from] ability: Psychic Surge|[of] p1b: Indeed\n|turn|2\n|inactive|Nerdygolem513 has 120 seconds left.\n|\n|t:|1698437740\n|move|p2b: Cooper|Protect|p2b: Cooper\n|-singleturn|p2b: Cooper|Protect\n|move|p1b: Indeed|Protect|p1b: Indeed\n|-singleturn|p1b: Indeed|Protect\n|move|p2a: Angelo|Flower Trick|p1b: Indeed\n|-activate|p1b: Indeed|move: Protect\n|move|p1a: KFC|Brave Bird|p2b: Cooper\n|-activate|p2b: Cooper|move: Protect\n|\n|upkeep\n|turn|3\n|\n|t:|1698437764\n|switch|p2a: Justactnatural|Flamigo, F, shiny|100\/100\n|-copyboost|p2a: Justactnatural|p2b: Cooper|[from] ability: Costar\n|move|p1a: KFC|Brave Bird|p2b: Cooper\n|-damage|p2b: Cooper|0 fnt\n|faint|p2b: Cooper\n|-damage|p1a: KFC|87\/100|[from] Recoil\n|move|p1b: Indeed|Expanding Force|p2a: Justactnatural\n|-supereffective|p2a: Justactnatural\n|-enditem|p2a: Justactnatural|Focus Sash\n|-damage|p2a: Justactnatural|1\/100\n|\n|upkeep\n|inactive|Nesha823 has 120 seconds left.\n|\n|t:|1698437785\n|switch|p2b: Angelo|Meowscarada, M|9\/100\n|turn|4\n|\n|t:|1698437798\n|move|p1b: Indeed|Protect|p1b: Indeed\n|-singleturn|p1b: Indeed|Protect\n|move|p2b: Angelo|Flower Trick|p1a: KFC\n|-crit|p1a: KFC\n|-damage|p1a: KFC|11\/100\n|move|p1a: KFC|Thunder Punch|p2a: Justactnatural\n|-supereffective|p2a: Justactnatural\n|-damage|p2a: Justactnatural|0 fnt\n|faint|p2a: Justactnatural\n|\n|upkeep\n|\n|t:|1698437814\n|switch|p2a: Sweetness|Indeedee-F, F, shiny|100\/100\n|turn|5\n|\n|t:|1698437819\n|switch|p1b: Hannah|Farigiraf, F|100\/100\n|move|p2a: Sweetness|Follow Me|p2a: Sweetness\n|-singleturn|p2a: Sweetness|move: Follow Me\n|move|p2b: Angelo|Flower Trick|p1b: Hannah\n|-crit|p1b: Hannah\n|-damage|p1b: Hannah|43\/100\n|move|p1a: KFC|U-turn|p2a: Sweetness\n|-supereffective|p2a: Sweetness\n|-damage|p2a: Sweetness|18\/100\n|\n|t:|1698437833\n|switch|p1a: Indeed|Indeedee-F, F|100\/100|[from] U-turn\n|\n|upkeep\n|turn|6\n|\n|t:|1698437847\n|move|p2a: Sweetness|Follow Me|p2a: Sweetness\n|-singleturn|p2a: Sweetness|move: Follow Me\n|move|p1a: Indeed|Follow Me|p1a: Indeed\n|-singleturn|p1a: Indeed|move: Follow Me\n|move|p2b: Angelo|Flower Trick|p1a: Indeed\n|-crit|p1a: Indeed\n|-damage|p1a: Indeed|32\/100\n|move|p1b: Hannah|Hyper Voice|p2a: Sweetness|[spread] p2a,p2b\n|-damage|p2a: Sweetness|0 fnt\n|-damage|p2b: Angelo|0 fnt\n|faint|p2a: Sweetness\n|faint|p2b: Angelo\n|\n|-heal|p1a: Indeed|38\/100|[from] item: Leftovers\n|-fieldend|move: Psychic Terrain\n|upkeep\n|\n|t:|1698437857\n|switch|p2b: Boogie|Sableye, M|100\/100\n|switch|p2a: MYWORDISFINAL|Hatterene, F, shiny|100\/100\n|turn|7\n|\n|t:|1698437869\n|move|p1a: Indeed|Protect|p1a: Indeed\n|-singleturn|p1a: Indeed|Protect\n|move|p2b: Boogie|Fake Out||[still]\n|cant|p1b: Hannah|ability: Armor Tail|Fake Out|[of] p2b: Boogie\n|move|p1b: Hannah|Wish|p1b: Hannah\n|move|p2a: MYWORDISFINAL|Trick Room|p2a: MYWORDISFINAL\n|-fieldstart|move: Trick Room|[of] p2a: MYWORDISFINAL\n|\n|-heal|p1a: Indeed|44\/100|[from] item: Leftovers\n|upkeep\n|turn|8\n|\n|t:|1698437888\n|move|p2a: MYWORDISFINAL|Dazzling Gleam|p1a: Indeed|[spread] p1a,p1b\n|-damage|p1a: Indeed|19\/100\n|-damage|p1b: Hannah|19\/100\n|-enditem|p1b: Hannah|Aguav Berry|[eat]\n|-heal|p1b: Hannah|52\/100|[from] item: Aguav Berry\n|move|p2b: Boogie|Drain Punch|p1a: Indeed\n|-crit|p1a: Indeed\n|-damage|p1a: Indeed|0 fnt\n|faint|p1a: Indeed\n|move|p1b: Hannah|Hyper Voice|p2a: MYWORDISFINAL|[spread] p2a\n|-immune|p2b: Boogie\n|-damage|p2a: MYWORDISFINAL|76\/100\n|\n|-heal|p1b: Hannah|100\/100|[from] move: Wish|[wisher] Hannah\n|upkeep\n|\n|t:|1698437904\n|switch|p1a: SPOONE|Alakazam, M|100\/100\n|turn|9\n|\n|t:|1698437917\n|detailschange|p1a: SPOONE|Alakazam-Mega, M\n|-mega|p1a: SPOONE|Alakazam|Alakazite\n|-ability|p1a: SPOONE|Prankster|[from] ability: Trace|[of] p2b: Boogie\n|move|p2a: MYWORDISFINAL|Dazzling Gleam|p1b: Hannah|[spread] p1a,p1b\n|-damage|p1a: SPOONE|54\/100\n|-damage|p1b: Hannah|75\/100\n|move|p2b: Boogie|Foul Play|p1a: SPOONE\n|-supereffective|p1a: SPOONE\n|-damage|p1a: SPOONE|3\/100\n|move|p1b: Hannah|Hyper Voice|p2b: Boogie|[spread] p2a\n|-immune|p2b: Boogie\n|-damage|p2a: MYWORDISFINAL|50\/100\n|move|p1a: SPOONE|Psychic|p2a: MYWORDISFINAL\n|-resisted|p2a: MYWORDISFINAL\n|-crit|p2a: MYWORDISFINAL\n|-damage|p2a: MYWORDISFINAL|1\/100\n|\n|upkeep\n|turn|10\n|\n|t:|1698437938\n|move|p1a: SPOONE|Protect|p1a: SPOONE\n|-singleturn|p1a: SPOONE|Protect\n|move|p2a: MYWORDISFINAL|Dazzling Gleam|p1a: SPOONE|[spread] p1b\n|-activate|p1a: SPOONE|move: Protect\n|-damage|p1b: Hannah|51\/100\n|move|p2b: Boogie|Drain Punch|p1b: Hannah\n|-damage|p1b: Hannah|29\/100\n|move|p1b: Hannah|Trick Room|p1b: Hannah\n|-fieldend|move: Trick Room\n|\n|upkeep\n|turn|11\n|\n|t:|1698437953\n|move|p1a: SPOONE|Psychic|p2a: MYWORDISFINAL\n|-resisted|p2a: MYWORDISFINAL\n|-damage|p2a: MYWORDISFINAL|0 fnt\n|faint|p2a: MYWORDISFINAL\n|move|p1b: Hannah|Wish|p1b: Hannah\n|move|p2b: Boogie|Foul Play|p1a: SPOONE\n|-supereffective|p1a: SPOONE\n|-damage|p1a: SPOONE|0 fnt\n|faint|p1a: SPOONE\n|\n|upkeep\n|\n|t:|1698437963\n|switch|p1a: KFC|Tapu Koko|11\/100\n|-fieldstart|move: Electric Terrain|[from] ability: Electric Surge|[of] p1a: KFC\n|turn|12\n|c|\u2606Nesha823|Welp\n|\n|t:|1698437972\n|move|p1b: Hannah|Ally Switch|p1b: Hannah\n|swap|p1b: Hannah|0|[from] move: Ally Switch\n|move|p1b: KFC|Thunder Punch|p2b: Boogie\n|-damage|p2b: Boogie|32\/100\n|move|p2b: Boogie|Poison Jab|p1a: Hannah\n|-damage|p1a: Hannah|6\/100\n|\n|-heal|p1b: KFC|90\/100|[from] move: Wish|[wisher] Hannah\n|upkeep\n|turn|13\n|\n|t:|1698437984\n|move|p1b: KFC|Thunder Punch|p2b: Boogie\n|-damage|p2b: Boogie|0 fnt\n|faint|p2b: Boogie\n|\n|win|Nerdygolem513\n|raw|Nerdygolem513's rating: 1298 &rarr; <strong>1315<\/strong><br \/>(+17 for winning)\n|raw|Nesha823's rating: 1189 &rarr; <strong>1172<\/strong><br \/>(-17 for losing)\n|l|\u2606Nesha823\n","uploadtime":1698437996,"views":7,"p1id":"nerdygolem513","p2id":"nesha823","formatid":"gen9nationaldexdoubles","rating":1172,"private":0,"password":""}