{"id":"gen9nationaldexdoubles-1977729851","p1":"Redzone92","p2":"nashquttin","format":"[Gen 9] National Dex Doubles","log":"|j|\u2606Redzone92\n|j|\u2606nashquttin\n|t:|1698443007\n|gametype|doubles\n|player|p1|Redzone92|alder|1128\n|player|p2|nashquttin|giovanni|1000\n|teamsize|p1|6\n|teamsize|p2|6\n|gen|9\n|tier|[Gen 9] National Dex Doubles\n|rated|\n|rule|HP Percentage Mod: HP is shown in percentages\n|rule|Endless Battle Clause: Forcing endless battles is banned\n|rule|OHKO Clause: OHKO moves are banned\n|rule|Evasion Moves Clause: Evasion moves are banned\n|rule|Evasion Abilities Clause: Evasion abilities are banned\n|rule|Species Clause: Limit one of each Pok\u00e9mon\n|rule|Gravity Sleep Clause: The combination of sleep-inducing moves with imperfect accuracy and Gravity or Gigantamax Orbeetle are banned\n|clearpoke\n|poke|p1|Urshifu-*, M|\n|poke|p1|Drapion, F|\n|poke|p1|Duraludon, M|\n|poke|p1|Alcremie, F|\n|poke|p1|Orbeetle, M|\n|poke|p1|Blacephalon|\n|poke|p2|Galvantula, F|\n|poke|p2|Klefki, M|\n|poke|p2|Gholdengo|\n|poke|p2|Eldegoss, M|\n|poke|p2|Sawsbuck-Summer, M|\n|poke|p2|Persian, M|\n|teampreview\n|\n|t:|1698443017\n|start\n|switch|p1a: Orbeetle|Orbeetle, M|100\/100\n|switch|p1b: Alcremie|Alcremie, F|100\/100\n|switch|p2a: Klefki|Klefki, M|100\/100\n|switch|p2b: Gholdengo|Gholdengo, shiny|100\/100\n|turn|1\n|\n|t:|1698443033\n|move|p2a: Klefki|Rain Dance|p2a: Klefki\n|-weather|RainDance\n|move|p1a: Orbeetle|Light Screen|p1a: Orbeetle\n|-sidestart|p1: Redzone92|move: Light Screen\n|move|p2b: Gholdengo|Nasty Plot|p2b: Gholdengo\n|-boost|p2b: Gholdengo|spa|2\n|move|p1b: Alcremie|Mystical Fire|p2b: Gholdengo\n|-supereffective|p2b: Gholdengo\n|-damage|p2b: Gholdengo|75\/100\n|-unboost|p2b: Gholdengo|spa|1\n|\n|-weather|RainDance|[upkeep]\n|upkeep\n|turn|2\n|\n|t:|1698443046\n|move|p2a: Klefki|Metal Sound|p1b: Alcremie\n|-unboost|p1b: Alcremie|spd|2\n|move|p1a: Orbeetle|Sticky Web|p2b: Gholdengo\n|-sidestart|p2: nashquttin|move: Sticky Web\n|move|p2b: Gholdengo|Make It Rain|p1a: Orbeetle|[spread] p1a,p1b\n|-supereffective|p1b: Alcremie\n|-damage|p1a: Orbeetle|45\/100\n|-damage|p1b: Alcremie|0 fnt\n|-unboost|p2b: Gholdengo|spa|1\n|faint|p1b: Alcremie\n|\n|-weather|RainDance|[upkeep]\n|upkeep\n|\n|t:|1698443060\n|switch|p1b: Duraludon|Duraludon, M|100\/100\n|turn|3\n|\n|t:|1698443087\n|move|p1a: Orbeetle|Infestation|p2b: Gholdengo\n|-resisted|p2b: Gholdengo\n|-damage|p2b: Gholdengo|73\/100\n|-activate|p2b: Gholdengo|move: Infestation|[of] p1a: Orbeetle\n|move|p2b: Gholdengo|Thunderbolt|p1a: Orbeetle\n|-damage|p1a: Orbeetle|20\/100\n|move|p2a: Klefki|Dazzling Gleam|p1a: Orbeetle|[spread] p1a,p1b\n|-damage|p1a: Orbeetle|4\/100\n|-damage|p1b: Duraludon|67\/100\n|move|p1b: Duraludon|Dark Pulse|p2b: Gholdengo\n|-supereffective|p2b: Gholdengo\n|-damage|p2b: Gholdengo|0 fnt\n|faint|p2b: Gholdengo\n|\n|-weather|RainDance|[upkeep]\n|upkeep\n|\n|t:|1698443097\n|switch|p2b: Eldegoss|Eldegoss, M|100\/100\n|-activate|p2b: Eldegoss|move: Sticky Web\n|-unboost|p2b: Eldegoss|spe|1\n|turn|4\n|\n|t:|1698443115\n|move|p2a: Klefki|Thunder Wave|p1b: Duraludon\n|-status|p1b: Duraludon|par\n|move|p1a: Orbeetle|Infestation|p2b: Eldegoss\n|-supereffective|p2b: Eldegoss\n|-damage|p2b: Eldegoss|91\/100\n|-activate|p2b: Eldegoss|move: Infestation|[of] p1a: Orbeetle\n|move|p2b: Eldegoss|Sleep Powder|p1b: Duraludon|[miss]\n|-miss|p2b: Eldegoss|p1b: Duraludon\n|move|p1b: Duraludon|Thunderbolt|p2a: Klefki\n|-damage|p2a: Klefki|52\/100\n|\n|-weather|RainDance|[upkeep]\n|-heal|p2b: Eldegoss|97\/100|[from] item: Leftovers\n|-damage|p2b: Eldegoss|84\/100|[from] move: Infestation|[partiallytrapped]\n|upkeep\n|turn|5\n|\n|t:|1698443136\n|move|p1a: Orbeetle|Reflect|p1a: Orbeetle\n|-sidestart|p1: Redzone92|Reflect\n|move|p2a: Klefki|Dazzling Gleam|p1a: Orbeetle|[spread] p1a,p1b\n|-damage|p1a: Orbeetle|0 fnt\n|-damage|p1b: Duraludon|33\/100 par\n|faint|p1a: Orbeetle\n|move|p2b: Eldegoss|Sleep Powder||[still]\n|-fail|p2b: Eldegoss\n|move|p1b: Duraludon|Thunderbolt|p2a: Klefki\n|-damage|p2a: Klefki|0 fnt\n|faint|p2a: Klefki\n|\n|-weather|RainDance|[upkeep]\n|-heal|p2b: Eldegoss|91\/100|[from] item: Leftovers\n|-end|p2b: Eldegoss|Infestation|[partiallytrapped]|[silent]\n|upkeep\n|\n|t:|1698443154\n|switch|p1a: Urshifu|Urshifu-Rapid-Strike, M|100\/100\n|switch|p2a: Persian|Persian, M, shiny|100\/100\n|-activate|p2a: Persian|move: Sticky Web\n|-unboost|p2a: Persian|spe|1\n|turn|6\n|\n|t:|1698443170\n|-terastallize|p1a: Urshifu|Fighting\n|move|p2a: Persian|Fake Out|p1a: Urshifu\n|-damage|p1a: Urshifu|83\/100\n|cant|p1a: Urshifu|flinch\n|move|p2b: Eldegoss|Sleep Powder|p1a: Urshifu\n|-status|p1a: Urshifu|slp|[from] move: Sleep Powder\n|move|p1b: Duraludon|Dragon Pulse|p2b: Eldegoss\n|-damage|p2b: Eldegoss|60\/100\n|\n|-weather|RainDance|[upkeep]\n|-heal|p1a: Urshifu|89\/100 slp|[from] item: Leftovers\n|-heal|p2b: Eldegoss|66\/100|[from] item: Leftovers\n|upkeep\n|turn|7\n|\n|t:|1698443197\n|switch|p2b: Galvantula|Galvantula, F, shiny|100\/100\n|-activate|p2b: Galvantula|move: Sticky Web\n|-unboost|p2b: Galvantula|spe|1\n|cant|p1a: Urshifu|slp\n|move|p2a: Persian|U-turn|p1b: Duraludon\n|-resisted|p1b: Duraludon\n|-damage|p1b: Duraludon|29\/100 par\n|-damage|p2a: Persian|84\/100|[from] item: Rocky Helmet|[of] p1b: Duraludon\n|\n|t:|1698443205\n|switch|p2a: Sawsbuck|Sawsbuck-Summer, M|100\/100|[from] U-turn\n|-activate|p2a: Sawsbuck|move: Sticky Web\n|-unboost|p2a: Sawsbuck|spe|1\n|move|p1b: Duraludon|Flash Cannon|p2b: Galvantula\n|-resisted|p2b: Galvantula\n|-damage|p2b: Galvantula|59\/100\n|\n|-weather|RainDance|[upkeep]\n|-heal|p1a: Urshifu|96\/100 slp|[from] item: Leftovers\n|upkeep\n|turn|8\n|\n|t:|1698443222\n|cant|p1a: Urshifu|slp\n|move|p2b: Galvantula|Thunder|p1b: Duraludon\n|-resisted|p1b: Duraludon\n|-damage|p1b: Duraludon|0 fnt\n|faint|p1b: Duraludon\n|move|p2a: Sawsbuck|Agility|p2a: Sawsbuck\n|-boost|p2a: Sawsbuck|spe|2\n|\n|-weather|none\n|-heal|p1a: Urshifu|100\/100 slp|[from] item: Leftovers\n|-sideend|p1: Redzone92|move: Light Screen\n|upkeep\n|\n|t:|1698443235\n|switch|p1b: Blacephalon|Blacephalon|100\/100\n|turn|9\n|\n|t:|1698443244\n|move|p2a: Sawsbuck|Zen Headbutt|p1b: Blacephalon\n|-crit|p1b: Blacephalon\n|-damage|p1b: Blacephalon|20\/100\n|move|p1b: Blacephalon|Heat Wave|p2a: Sawsbuck|[spread] p2a,p2b\n|-supereffective|p2a: Sawsbuck\n|-supereffective|p2b: Galvantula\n|-damage|p2a: Sawsbuck|0 fnt\n|-damage|p2b: Galvantula|0 fnt\n|faint|p2a: Sawsbuck\n|faint|p2b: Galvantula\n|-ability|p1b: Blacephalon|Beast Boost|boost\n|-boost|p1b: Blacephalon|spa|2\n|-curestatus|p1a: Urshifu|slp|[msg]\n|move|p1a: Urshifu|Drain Punch|p2: Sawsbuck|[notarget]\n|-fail|p1a: Urshifu\n|\n|upkeep\n|\n|t:|1698443251\n|switch|p2b: Eldegoss|Eldegoss, M|66\/100\n|switch|p2a: Persian|Persian, M, shiny|84\/100\n|-activate|p2a: Persian|move: Sticky Web\n|-unboost|p2a: Persian|spe|1\n|-activate|p2b: Eldegoss|move: Sticky Web\n|-unboost|p2b: Eldegoss|spe|1\n|turn|10\n|\n|t:|1698443271\n|move|p2a: Persian|Fake Out|p1a: Urshifu\n|-damage|p1a: Urshifu|85\/100\n|move|p1b: Blacephalon|Heat Wave|p2a: Persian|[spread] p2a,p2b\n|-supereffective|p2b: Eldegoss\n|-damage|p2a: Persian|0 fnt\n|-damage|p2b: Eldegoss|0 fnt\n|faint|p2a: Persian\n|faint|p2b: Eldegoss\n|\n|win|Redzone92\n|raw|Redzone92's rating: 1128 &rarr; <strong>1144<\/strong><br \/>(+16 for winning)\n|raw|nashquttin's rating: 1000 &rarr; <strong>1000<\/strong><br \/>(+0 for losing)\n|l|\u2606nashquttin\n","uploadtime":1698443403,"views":13,"p1id":"redzone92","p2id":"nashquttin","formatid":"gen9nationaldexdoubles","rating":1000,"private":0,"password":""}