{"id":"gen9nationaldexdoubles-1968570367","p1":"jhdreamer","p2":"Miiirza","format":"[Gen 9] National Dex Doubles","log":"|j|\u2606jhdreamer\n|j|\u2606Miiirza\n|t:|1697435178\n|gametype|doubles\n|player|p1|jhdreamer|102|1643\n|player|p2|Miiirza|266|1475\n|teamsize|p1|6\n|teamsize|p2|6\n|gen|9\n|tier|[Gen 9] National Dex Doubles\n|rated|\n|rule|HP Percentage Mod: HP is shown in percentages\n|rule|Endless Battle Clause: Forcing endless battles is banned\n|rule|OHKO Clause: OHKO moves are banned\n|rule|Evasion Moves Clause: Evasion moves are banned\n|rule|Evasion Abilities Clause: Evasion abilities are banned\n|rule|Species Clause: Limit one of each Pok\u00e9mon\n|rule|Gravity Sleep Clause: The combination of sleep-inducing moves with imperfect accuracy and Gravity or Gigantamax Orbeetle are banned\n|clearpoke\n|poke|p1|Gardevoir, F|\n|poke|p1|Gallade, M|\n|poke|p1|Whimsicott, F|\n|poke|p1|Landorus-Therian, M|\n|poke|p1|Volcanion|\n|poke|p1|Indeedee-F, F|\n|poke|p2|Incineroar, M|\n|poke|p2|Gastrodon-East, M|\n|poke|p2|Rillaboom, M|\n|poke|p2|Zygarde|\n|poke|p2|Amoonguss, M|\n|poke|p2|Chien-Pao|\n|teampreview\n|inactive|Battle timer is ON: inactive players will automatically lose when time's up. (requested by Miiirza)\n|inactive|Miiirza has 120 seconds left.\n|\n|t:|1697435213\n|start\n|switch|p1a: Gardevoir|Gardevoir, F, shiny|100\/100\n|switch|p1b: Whimsicott|Whimsicott, F, shiny|100\/100\n|switch|p2a: Incineroar|Incineroar, M, shiny|100\/100\n|switch|p2b: Chien-Pao|Chien-Pao|100\/100\n|-ability|p2b: Chien-Pao|Sword of Ruin\n|-ability|p1a: Gardevoir|Sword of Ruin\n|-ability|p1a: Gardevoir|Sword of Ruin|[from] ability: Trace|[of] p2b: Chien-Pao\n|-ability|p2a: Incineroar|Intimidate|boost\n|-unboost|p1a: Gardevoir|atk|1\n|-unboost|p1b: Whimsicott|atk|1\n|turn|1\n|j| extremebidenblast\n|inactive|jhdreamer has 120 seconds left.\n|\n|t:|1697435246\n|detailschange|p1a: Gardevoir|Gardevoir-Mega, F, shiny\n|-mega|p1a: Gardevoir|Gardevoir|Gardevoirite\n|move|p2a: Incineroar|Fake Out|p1b: Whimsicott\n|-damage|p1b: Whimsicott|78\/100\n|cant|p1b: Whimsicott|flinch\n|move|p2b: Chien-Pao|Ice Spinner|p1b: Whimsicott\n|-supereffective|p1b: Whimsicott\n|-damage|p1b: Whimsicott|0 fnt\n|faint|p1b: Whimsicott\n|move|p1a: Gardevoir|Hyper Voice|p2a: Incineroar|[spread] p2a,p2b\n|-supereffective|p2b: Chien-Pao\n|-crit|p2b: Chien-Pao\n|-damage|p2a: Incineroar|46\/100\n|-enditem|p2b: Chien-Pao|Focus Sash\n|-damage|p2b: Chien-Pao|1\/100\n|\n|upkeep\n|inactive|jhdreamer has 120 seconds left.\n|l| extremebidenblast\n|\n|t:|1697435260\n|switch|p1b: Landorus|Landorus-Therian, M|100\/100\n|-ability|p1b: Landorus|Intimidate|boost\n|-unboost|p2a: Incineroar|atk|1\n|-unboost|p2b: Chien-Pao|atk|1\n|turn|2\n|\n|t:|1697435271\n|switch|p1b: Volcanion|Volcanion|100\/100\n|switch|p2a: Amoonguss|Amoonguss, M|100\/100\n|move|p2b: Chien-Pao|Protect|p2b: Chien-Pao\n|-singleturn|p2b: Chien-Pao|Protect\n|move|p1a: Gardevoir|Hyper Voice|p2b: Chien-Pao|[spread] p2a\n|-activate|p2b: Chien-Pao|move: Protect\n|-resisted|p2a: Amoonguss\n|-damage|p2a: Amoonguss|78\/100\n|\n|-heal|p2a: Amoonguss|84\/100|[from] item: Leftovers\n|upkeep\n|turn|3\n|\n|t:|1697435291\n|switch|p2b: Gastrodon|Gastrodon-East, M, shiny|100\/100\n|move|p1a: Gardevoir|Expanding Force|p2a: Amoonguss\n|-supereffective|p2a: Amoonguss\n|-damage|p2a: Amoonguss|0 fnt\n|faint|p2a: Amoonguss\n|move|p1b: Volcanion|Heat Wave|p2b: Gastrodon|[miss]\n|-miss|p1b: Volcanion|p2b: Gastrodon\n|\n|upkeep\n|\n|t:|1697435301\n|switch|p2a: Zygarde|Zygarde, shiny|100\/100\n|-ability|p2a: Zygarde|Aura Break\n|turn|4\n|\n|t:|1697435318\n|switch|p1b: Indeedee|Indeedee-F, F, shiny|100\/100\n|-fieldstart|move: Psychic Terrain|[from] ability: Psychic Surge|[of] p1b: Indeedee\n|-enditem|p1b: Indeedee|Psychic Seed\n|-boost|p1b: Indeedee|spd|1|[from] item: Psychic Seed\n|-terastallize|p2a: Zygarde|Normal\n|move|p2a: Zygarde|Dragon Dance|p2a: Zygarde\n|-boost|p2a: Zygarde|atk|1\n|-boost|p2a: Zygarde|spe|1\n|move|p1a: Gardevoir|Expanding Force|p2a: Zygarde|[spread] p2a,p2b\n|-damage|p2a: Zygarde|40\/100\n|-damage|p2b: Gastrodon|27\/100\n|move|p2b: Gastrodon|Earth Power|p1b: Indeedee\n|-damage|p1b: Indeedee|77\/100\n|\n|-heal|p2a: Zygarde|47\/100|[from] item: Leftovers\n|-heal|p2b: Gastrodon|33\/100|[from] item: Leftovers\n|upkeep\n|turn|5\n|\n|t:|1697435342\n|switch|p2b: Rillaboom|Rillaboom, M|100\/100\n|-fieldstart|move: Grassy Terrain|[from] ability: Grassy Surge|[of] p2b: Rillaboom\n|move|p1b: Indeedee|Helping Hand|p1a: Gardevoir\n|-singleturn|p1a: Gardevoir|Helping Hand|[of] p1b: Indeedee\n|move|p2a: Zygarde|Protect|p2a: Zygarde\n|-singleturn|p2a: Zygarde|Protect\n|move|p1a: Gardevoir|Hyper Voice|p2a: Zygarde|[spread] p2b\n|-activate|p2a: Zygarde|move: Protect\n|-damage|p2b: Rillaboom|25\/100\n|\n|-heal|p2a: Zygarde|53\/100|[from] Grassy Terrain\n|-heal|p2a: Zygarde|59\/100|[from] item: Leftovers\n|-heal|p2b: Rillaboom|31\/100|[from] Grassy Terrain\n|-heal|p1b: Indeedee|84\/100|[from] Grassy Terrain\n|upkeep\n|turn|6\n|\n|t:|1697435364\n|switch|p1a: Landorus|Landorus-Therian, M|100\/100\n|-ability|p1a: Landorus|Intimidate|boost\n|-unboost|p2a: Zygarde|atk|1\n|-unboost|p2b: Rillaboom|atk|1\n|move|p2b: Rillaboom|Fake Out|p1a: Landorus\n|-damage|p1a: Landorus|91\/100\n|move|p2a: Zygarde|Dragon Dance|p2a: Zygarde\n|-boost|p2a: Zygarde|atk|1\n|-boost|p2a: Zygarde|spe|1\n|move|p1b: Indeedee|Reflect|p1b: Indeedee\n|-sidestart|p1: jhdreamer|Reflect\n|\n|-heal|p2a: Zygarde|65\/100|[from] Grassy Terrain\n|-heal|p2a: Zygarde|71\/100|[from] item: Leftovers\n|-heal|p2b: Rillaboom|37\/100|[from] Grassy Terrain\n|-heal|p1b: Indeedee|90\/100|[from] Grassy Terrain\n|upkeep\n|turn|7\n|\n|t:|1697435388\n|move|p2a: Zygarde|Thousand Arrows|p1b: Indeedee|[spread] p1a,p1b\n|-damage|p1a: Landorus|66\/100\n|-damage|p1b: Indeedee|65\/100\n|-start|p1a: Landorus|Smack Down\n|move|p2b: Rillaboom|U-turn|p1b: Indeedee\n|-supereffective|p1b: Indeedee\n|-damage|p1b: Indeedee|45\/100\n|\n|t:|1697435395\n|switch|p2b: Incineroar|Incineroar, M, shiny|46\/100|[from] U-turn\n|-ability|p2b: Incineroar|Intimidate|boost\n|-unboost|p1a: Landorus|atk|1\n|-unboost|p1b: Indeedee|atk|1\n|move|p1a: Landorus|U-turn|p2b: Incineroar\n|-damage|p2b: Incineroar|28\/100\n|\n|t:|1697435410\n|switch|p1a: Gardevoir|Gardevoir-Mega, F, shiny|100\/100|[from] U-turn\n|move|p1b: Indeedee|Expanding Force|p2a: Zygarde\n|-damage|p2a: Zygarde|54\/100\n|\n|-heal|p2a: Zygarde|60\/100|[from] Grassy Terrain\n|-heal|p2a: Zygarde|66\/100|[from] item: Leftovers\n|-heal|p1b: Indeedee|52\/100|[from] Grassy Terrain\n|-heal|p2b: Incineroar|34\/100|[from] Grassy Terrain\n|upkeep\n|turn|8\n|\n|t:|1697435425\n|switch|p1b: Landorus|Landorus-Therian, M|66\/100\n|-ability|p1b: Landorus|Intimidate|boost\n|-unboost|p2a: Zygarde|atk|1\n|-unboost|p2b: Incineroar|atk|1\n|move|p1a: Gardevoir|Protect|p1a: Gardevoir\n|-singleturn|p1a: Gardevoir|Protect\n|move|p2b: Incineroar|Fake Out|p1b: Landorus\n|-damage|p1b: Landorus|59\/100\n|move|p2a: Zygarde|Dragon Dance|p2a: Zygarde\n|-boost|p2a: Zygarde|atk|1\n|-boost|p2a: Zygarde|spe|1\n|\n|-heal|p2a: Zygarde|73\/100|[from] Grassy Terrain\n|-heal|p2a: Zygarde|79\/100|[from] item: Leftovers\n|-heal|p2b: Incineroar|40\/100|[from] Grassy Terrain\n|upkeep\n|turn|9\n|\n|t:|1697435446\n|move|p2a: Zygarde|Protect|p2a: Zygarde\n|-singleturn|p2a: Zygarde|Protect\n|move|p1a: Gardevoir|Hyper Voice|p2b: Incineroar|[spread] p2b\n|-activate|p2a: Zygarde|move: Protect\n|-damage|p2b: Incineroar|0 fnt\n|faint|p2b: Incineroar\n|move|p1b: Landorus|Knock Off|p2a: Zygarde\n|-activate|p2a: Zygarde|move: Protect\n|\n|-heal|p2a: Zygarde|85\/100|[from] Grassy Terrain\n|-heal|p2a: Zygarde|91\/100|[from] item: Leftovers\n|-fieldend|move: Grassy Terrain\n|upkeep\n|\n|t:|1697435457\n|switch|p2b: Chien-Pao|Chien-Pao|1\/100\n|-ability|p2b: Chien-Pao|Sword of Ruin\n|turn|10\n|\n|t:|1697435486\n|-terastallize|p1b: Landorus|Water\n|move|p2a: Zygarde|Thousand Arrows|p1b: Landorus|[spread] p1a,p1b\n|-crit|p1a: Gardevoir\n|-damage|p1a: Gardevoir|3\/100\n|-damage|p1b: Landorus|27\/100\n|move|p2b: Chien-Pao|Ice Spinner|p1a: Gardevoir\n|-damage|p1a: Gardevoir|0 fnt\n|faint|p1a: Gardevoir\n|move|p1b: Landorus|Knock Off|p2a: Zygarde\n|-damage|p2a: Zygarde|56\/100\n|-enditem|p2a: Zygarde|Leftovers|[from] move: Knock Off|[of] p1b: Landorus\n|\n|-sideend|p1: jhdreamer|Reflect\n|upkeep\n|inactive|jhdreamer has 120 seconds left.\n|\n|t:|1697435496\n|switch|p1a: Gallade|Gallade, M|100\/100\n|turn|11\n|\n|t:|1697435508\n|switch|p1b: Indeedee|Indeedee-F, F, shiny|52\/100\n|-fieldstart|move: Psychic Terrain|[from] ability: Psychic Surge|[of] p1b: Indeedee\n|move|p2a: Zygarde|Protect|p2a: Zygarde\n|-singleturn|p2a: Zygarde|Protect\n|move|p2b: Chien-Pao|Ice Spinner|p1a: Gallade\n|-damage|p1a: Gallade|37\/100\n|-fieldend|move: Psychic Terrain\n|-enditem|p1a: Gallade|Sitrus Berry|[eat]\n|-heal|p1a: Gallade|62\/100|[from] item: Sitrus Berry\n|move|p1a: Gallade|Sacred Sword|p2a: Zygarde\n|-activate|p2a: Zygarde|move: Protect\n|\n|upkeep\n|turn|12\n|\n|t:|1697435526\n|move|p1a: Gallade|Wide Guard|p1a: Gallade\n|-singleturn|p1a: Gallade|Wide Guard\n|move|p2a: Zygarde|Thousand Arrows|p1b: Indeedee|[spread] \n|-activate|p1a: Gallade|move: Wide Guard\n|-activate|p1b: Indeedee|move: Wide Guard\n|move|p2b: Chien-Pao|Ice Spinner|p1a: Gallade\n|-damage|p1a: Gallade|0 fnt\n|faint|p1a: Gallade\n|move|p1b: Indeedee|Reflect|p1b: Indeedee\n|-sidestart|p1: jhdreamer|Reflect\n|\n|upkeep\n|\n|t:|1697435539\n|switch|p1a: Landorus|Landorus-Therian, M, tera:Water|27\/100\n|-ability|p1a: Landorus|Intimidate|boost\n|-unboost|p2a: Zygarde|atk|1\n|-unboost|p2b: Chien-Pao|atk|1\n|turn|13\n|\n|t:|1697435550\n|move|p1b: Indeedee|Follow Me|p1b: Indeedee\n|-singleturn|p1b: Indeedee|move: Follow Me\n|move|p2a: Zygarde|Thousand Arrows|p1a: Landorus|[spread] p1a,p1b\n|-damage|p1a: Landorus|7\/100\n|-damage|p1b: Indeedee|29\/100\n|move|p2b: Chien-Pao|Crunch|p1b: Indeedee\n|-supereffective|p1b: Indeedee\n|-damage|p1b: Indeedee|0 fnt\n|faint|p1b: Indeedee\n|move|p1a: Landorus|U-turn|p2b: Chien-Pao\n|-supereffective|p2b: Chien-Pao\n|-damage|p2b: Chien-Pao|0 fnt\n|faint|p2b: Chien-Pao\n|\n|t:|1697435561\n|switch|p1a: Volcanion|Volcanion|100\/100|[from] U-turn\n|\n|upkeep\n|\n|t:|1697435566\n|switch|p2b: Rillaboom|Rillaboom, M|37\/100\n|switch|p1b: Landorus|Landorus-Therian, M, tera:Water|7\/100\n|-fieldstart|move: Grassy Terrain|[from] ability: Grassy Surge|[of] p2b: Rillaboom\n|-ability|p1b: Landorus|Intimidate|boost\n|-unboost|p2a: Zygarde|atk|1\n|-unboost|p2b: Rillaboom|atk|1\n|turn|14\n|\n|t:|1697435585\n|move|p2b: Rillaboom|Fake Out|p1a: Volcanion\n|-damage|p1a: Volcanion|95\/100\n|move|p2a: Zygarde|Dragon Dance|p2a: Zygarde\n|-boost|p2a: Zygarde|atk|1\n|-boost|p2a: Zygarde|spe|1\n|move|p1b: Landorus|Stomping Tantrum|p2a: Zygarde\n|-damage|p2a: Zygarde|24\/100\n|cant|p1a: Volcanion|flinch\n|\n|-heal|p2a: Zygarde|30\/100|[from] Grassy Terrain\n|-heal|p2b: Rillaboom|43\/100|[from] Grassy Terrain\n|-heal|p1b: Landorus|13\/100|[from] Grassy Terrain\n|-heal|p1a: Volcanion|100\/100|[from] Grassy Terrain\n|upkeep\n|turn|15\n|\n|t:|1697435602\n|move|p2a: Zygarde|Protect|p2a: Zygarde\n|-singleturn|p2a: Zygarde|Protect\n|move|p2b: Rillaboom|U-turn|p1b: Landorus\n|-damage|p1b: Landorus|2\/100\n|\n|t:|1697435607\n|switch|p2b: Gastrodon|Gastrodon-East, M, shiny|33\/100|[from] U-turn\n|move|p1b: Landorus|Stomping Tantrum|p2a: Zygarde\n|-activate|p2a: Zygarde|move: Protect\n|move|p1a: Volcanion|Heat Wave|p2a: Zygarde|[spread] p2b\n|-activate|p2a: Zygarde|move: Protect\n|-resisted|p2b: Gastrodon\n|-damage|p2b: Gastrodon|16\/100\n|\n|-heal|p2a: Zygarde|36\/100|[from] Grassy Terrain\n|-heal|p1b: Landorus|8\/100|[from] Grassy Terrain\n|-heal|p2b: Gastrodon|22\/100|[from] Grassy Terrain\n|-heal|p2b: Gastrodon|28\/100|[from] item: Leftovers\n|upkeep\n|turn|16\n|\n|t:|1697435633\n|move|p2a: Zygarde|Thousand Arrows|p1a: Volcanion|[spread] p1a,p1b\n|-supereffective|p1a: Volcanion\n|-damage|p1a: Volcanion|72\/100\n|-damage|p1b: Landorus|0 fnt\n|faint|p1b: Landorus\n|move|p1a: Volcanion|Heat Wave|p2b: Gastrodon|[spread] p2a,p2b\n|-resisted|p2b: Gastrodon\n|-damage|p2a: Zygarde|10\/100\n|-damage|p2b: Gastrodon|7\/100\n|move|p2b: Gastrodon|Earth Power|p1a: Volcanion\n|-supereffective|p1a: Volcanion\n|-damage|p1a: Volcanion|0 fnt\n|faint|p1a: Volcanion\n|\n|win|Miiirza\n|raw|jhdreamer's rating: 1643 &rarr; <strong>1614<\/strong><br \/>(-29 for losing)\n|raw|Miiirza's rating: 1475 &rarr; <strong>1504<\/strong><br \/>(+29 for winning)\n|l|\u2606jhdreamer\n","uploadtime":1697435647,"views":6,"p1id":"jhdreamer","p2id":"miiirza","formatid":"gen9nationaldexdoubles","rating":1504,"private":0,"password":""}