{"id":"gen9nationaldexdoubles-1994438377","p1":"NoVainilla","p2":"MAF1001","format":"[Gen 9] National Dex Doubles","log":"|j|\u2606NoVainilla\n|j|\u2606MAF1001\n|t:|1700443968\n|gametype|doubles\n|player|p1|NoVainilla|cynthia|\n|player|p2|MAF1001|unknown|\n|teamsize|p1|6\n|teamsize|p2|6\n|gen|9\n|tier|[Gen 9] National Dex Doubles\n|rule|HP Percentage Mod: HP is shown in percentages\n|rule|Endless Battle Clause: Forcing endless battles is banned\n|rule|OHKO Clause: OHKO moves are banned\n|rule|Evasion Moves Clause: Evasion moves are banned\n|rule|Evasion Abilities Clause: Evasion abilities are banned\n|rule|Species Clause: Limit one of each Pok\u00e9mon\n|rule|Gravity Sleep Clause: The combination of sleep-inducing moves with imperfect accuracy and Gravity or Gigantamax Orbeetle are banned\n|clearpoke\n|poke|p1|Squirtle, M|\n|poke|p1|Chikorita, F|\n|poke|p1|Litten, F|\n|poke|p1|Scorbunny, M|\n|poke|p1|Larvitar, M|\n|poke|p1|Pichu, M|\n|poke|p2|Grookey, F|\n|poke|p2|Froakie, M|\n|poke|p2|Rowlet, F|\n|poke|p2|Riolu, F|\n|poke|p2|Pichu, F|\n|poke|p2|Litten, F|\n|teampreview\n|\n|t:|1700444011\n|start\n|switch|p1a: Pichu|Pichu, M|100\/100\n|switch|p1b: Litten|Litten, F|100\/100\n|switch|p2a: Riolu|Riolu, F|100\/100\n|switch|p2b: Grookey|Grookey, F|100\/100\n|-ability|p1b: Litten|Intimidate|boost\n|-unboost|p2a: Riolu|atk|1\n|-unboost|p2b: Grookey|atk|1\n|-fieldstart|move: Grassy Terrain|[from] ability: Grassy Surge|[of] p2b: Grookey\n|turn|1\n|\n|t:|1700444054\n|switch|p2a: Pichu|Pichu, F|100\/100\n|move|p2b: Grookey|Fake Out|p1b: Litten\n|-damage|p1b: Litten|77\/100\n|-damage|p2b: Grookey|91\/100|[from] item: Life Orb\n|cant|p1b: Litten|flinch\n|move|p1a: Pichu|Nuzzle|p2a: Pichu\n|-ability|p2a: Pichu|Lightning Rod|boost\n|-boost|p2a: Pichu|spa|1\n|\n|-heal|p1b: Litten|83\/100|[from] Grassy Terrain\n|-heal|p2b: Grookey|97\/100|[from] Grassy Terrain\n|upkeep\n|turn|2\n|\n|t:|1700444131\n|switch|p2b: Litten|Litten, F|100\/100\n|-ability|p2b: Litten|Intimidate|boost\n|-unboost|p1a: Pichu|atk|1\n|-unboost|p1b: Litten|atk|1\n|-item|p2b: Litten|Air Balloon\n|move|p1b: Litten|Protect|p1b: Litten\n|-singleturn|p1b: Litten|Protect\n|move|p1a: Pichu|Wild Charge|p2a: Pichu\n|-activate|p2a: Pichu|ability: Lightning Rod\n|-ability|p2a: Pichu|Lightning Rod|boost\n|-boost|p2a: Pichu|spa|1\n|move|p2a: Pichu|Signal Beam|p1b: Litten\n|-activate|p1b: Litten|move: Protect\n|\n|-heal|p1b: Litten|89\/100|[from] Grassy Terrain\n|upkeep\n|turn|3\n|\n|t:|1700444181\n|move|p1b: Litten|Double Kick|p2a: Pichu\n|-crit|p2a: Pichu\n|-damage|p2a: Pichu|8\/100\n|-damage|p2a: Pichu|0 fnt\n|faint|p2a: Pichu\n|-hitcount|p2: Pichu|2\n|-damage|p1b: Litten|79\/100|[from] item: Life Orb\n|move|p2b: Litten|Parting Shot|p1b: Litten\n|-unboost|p1b: Litten|atk|1\n|-unboost|p1b: Litten|spa|1\n|\n|t:|1700444211\n|switch|p2b: Grookey|Grookey, F|97\/100|[from] Parting Shot\n|move|p1a: Pichu|Wild Charge|p2b: Grookey\n|-resisted|p2b: Grookey\n|-damage|p2b: Grookey|74\/100\n|-damage|p1a: Pichu|93\/100|[from] Recoil\n|\n|-heal|p1b: Litten|85\/100|[from] Grassy Terrain\n|-heal|p1a: Pichu|99\/100|[from] Grassy Terrain\n|-heal|p2b: Grookey|80\/100|[from] Grassy Terrain\n|upkeep\n|\n|t:|1700444223\n|switch|p2a: Litten|Litten, F|100\/100\n|-ability|p2a: Litten|Intimidate|boost\n|-unboost|p1a: Pichu|atk|1\n|-unboost|p1b: Litten|atk|1\n|-item|p2a: Litten|Air Balloon\n|turn|4\n|\n|t:|1700444239\n|move|p1a: Pichu|Protect|p1a: Pichu\n|-singleturn|p1a: Pichu|Protect\n|move|p2b: Grookey|Fake Out|p1b: Litten\n|-damage|p1b: Litten|44\/100\n|-damage|p2b: Grookey|70\/100|[from] item: Life Orb\n|cant|p1b: Litten|flinch\n|move|p2a: Litten|Flamethrower|p1a: Pichu\n|-activate|p1a: Pichu|move: Protect\n|\n|-heal|p1b: Litten|50\/100|[from] Grassy Terrain\n|-heal|p1a: Pichu|100\/100|[from] Grassy Terrain\n|-heal|p2b: Grookey|76\/100|[from] Grassy Terrain\n|upkeep\n|turn|5\n|\n|t:|1700444287\n|switch|p2b: Riolu|Riolu, F|100\/100\n|move|p1b: Litten|U-turn|p2b: Riolu\n|-resisted|p2b: Riolu\n|-damage|p2b: Riolu|91\/100\n|-damage|p1b: Litten|40\/100|[from] item: Life Orb\n|\n|t:|1700444347\n|switch|p1b: Squirtle|Squirtle, M|100\/100|[from] U-turn\n|move|p2a: Litten|Will-O-Wisp|p1a: Pichu|[miss]\n|-miss|p2a: Litten|p1a: Pichu\n|move|p1a: Pichu|Nuzzle|p2a: Litten\n|-damage|p2a: Litten|91\/100\n|-status|p2a: Litten|par\n|-enditem|p2a: Litten|Air Balloon\n|\n|-heal|p2b: Riolu|96\/100|[from] Grassy Terrain\n|-heal|p2a: Litten|97\/100 par|[from] Grassy Terrain\n|-fieldend|move: Grassy Terrain\n|upkeep\n|turn|6\n|\n|t:|1700444523\n|switch|p2a: Froakie|Froakie, M|100\/100\n|move|p1a: Pichu|Nuzzle|p2b: Riolu\n|-damage|p2b: Riolu|88\/100\n|-status|p2b: Riolu|par\n|move|p1b: Squirtle|Scald|p2a: Froakie\n|-resisted|p2a: Froakie\n|-damage|p2a: Froakie|76\/100\n|move|p2b: Riolu|Drain Punch|p1b: Squirtle\n|-damage|p1b: Squirtle|66\/100\n|-heal|p2b: Riolu|100\/100 par|[from] drain|[of] p1b: Squirtle\n|\n|upkeep\n|turn|7\n|\n|t:|1700444577\n|switch|p2a: Litten|Litten, F|97\/100 par\n|-ability|p2a: Litten|Intimidate|boost\n|-unboost|p1a: Pichu|atk|1\n|-unboost|p1b: Squirtle|atk|1\n|move|p1a: Pichu|Wild Charge|p2a: Litten\n|-crit|p2a: Litten\n|-damage|p2a: Litten|0 fnt\n|faint|p2a: Litten\n|-damage|p1a: Pichu|70\/100|[from] Recoil\n|move|p1b: Squirtle|Scald|p2b: Riolu\n|-damage|p2b: Riolu|42\/100 par\n|cant|p2b: Riolu|par\n|\n|upkeep\n|\n|t:|1700444590\n|switch|p2a: Grookey|Grookey, F|76\/100\n|-fieldstart|move: Grassy Terrain|[from] ability: Grassy Surge|[of] p2a: Grookey\n|turn|8\n|\n|t:|1700444632\n|switch|p1a: Litten|Litten, F|40\/100\n|-ability|p1a: Litten|Intimidate|boost\n|-unboost|p2a: Grookey|atk|1\n|-unboost|p2b: Riolu|atk|1\n|move|p2a: Grookey|Fake Out|p1a: Litten\n|-damage|p1a: Litten|13\/100\n|-damage|p2a: Grookey|66\/100|[from] item: Life Orb\n|move|p2b: Riolu|Coaching|p2a: Grookey\n|-boost|p2a: Grookey|atk|1\n|-boost|p2a: Grookey|def|1\n|move|p1b: Squirtle|Scald|p2b: Riolu\n|-damage|p2b: Riolu|0 fnt\n|faint|p2b: Riolu\n|\n|-heal|p1a: Litten|19\/100|[from] Grassy Terrain\n|-heal|p2a: Grookey|73\/100|[from] Grassy Terrain\n|-heal|p1b: Squirtle|72\/100|[from] Grassy Terrain\n|upkeep\n|\n|t:|1700444655\n|switch|p2b: Rowlet|Rowlet, F|100\/100\n|turn|9\n|\n|t:|1700444668\n|move|p2a: Grookey|Grassy Glide|p1b: Squirtle\n|-supereffective|p1b: Squirtle\n|-damage|p1b: Squirtle|0 fnt\n|faint|p1b: Squirtle\n|-damage|p2a: Grookey|63\/100|[from] item: Life Orb\n|move|p2b: Rowlet|Shadow Sneak|p1a: Litten\n|-damage|p1a: Litten|0 fnt\n|faint|p1a: Litten\n|\n|-heal|p2a: Grookey|69\/100|[from] Grassy Terrain\n|upkeep\n|\n|t:|1700444713\n|switch|p1a: Pichu|Pichu, M|70\/100\n|switch|p1b: Scorbunny|Scorbunny, M|100\/100\n|turn|10\n|\n|t:|1700444754\n|-terastallize|p2a: Grookey|Water\n|move|p2b: Rowlet|Shadow Sneak|p1a: Pichu\n|-damage|p1a: Pichu|7\/100\n|move|p1b: Scorbunny|Flare Blitz|p2a: Grookey\n|-resisted|p2a: Grookey\n|-damage|p2a: Grookey|10\/100\n|-damage|p1b: Scorbunny|81\/100|[from] Recoil\n|move|p1a: Pichu|Nuzzle|p2b: Rowlet\n|-damage|p2b: Rowlet|90\/100\n|-status|p2b: Rowlet|par\n|move|p2a: Grookey|Knock Off|p1b: Scorbunny\n|-damage|p1b: Scorbunny|0 fnt\n|-enditem|p1b: Scorbunny|Choice Band|[from] move: Knock Off|[of] p2a: Grookey\n|faint|p1b: Scorbunny\n|-damage|p2a: Grookey|0 fnt|[from] item: Life Orb\n|faint|p2a: Grookey\n|\n|-heal|p1a: Pichu|13\/100|[from] Grassy Terrain\n|upkeep\n|\n|t:|1700444793\n|switch|p1b: Chikorita|Chikorita, F|100\/100\n|switch|p2a: Froakie|Froakie, M|76\/100\n|turn|11\n|\n|t:|1700444827\n|move|p2b: Rowlet|Shadow Sneak|p1a: Pichu\n|-damage|p1a: Pichu|0 fnt\n|faint|p1a: Pichu\n|move|p2a: Froakie|Scald|p1b: Chikorita\n|-resisted|p1b: Chikorita\n|-crit|p1b: Chikorita\n|-damage|p1b: Chikorita|83\/100\n|move|p1b: Chikorita|Seed Bomb|p2a: Froakie\n|-supereffective|p2a: Froakie\n|-crit|p2a: Froakie\n|-damage|p2a: Froakie|0 fnt\n|faint|p2a: Froakie\n|\n|-heal|p1b: Chikorita|89\/100|[from] Grassy Terrain\n|upkeep\n|\n|t:|1700444838\n|switch|p1a: Larvitar|Larvitar, M|100\/100\n|turn|12\n|\n|t:|1700444879\n|move|p1a: Larvitar|Rock Slide|p2b: Rowlet\n|-supereffective|p2b: Rowlet\n|-damage|p2b: Rowlet|23\/100 par\n|move|p1b: Chikorita|Iron Tail|p2b: Rowlet\n|-damage|p2b: Rowlet|0 fnt\n|faint|p2b: Rowlet\n|\n|win|NoVainilla\n|c|\u2606MAF1001|gg\n|c|\u2606MAF1001|faltan 2\n","uploadtime":1700444889,"views":7,"p1id":"novainilla","p2id":"maf1001","formatid":"gen9nationaldexdoubles","rating":0,"private":0,"password":""}