{"id":"gen9nationaldexdoubles-1948367996","p1":"SwaggySavyy","p2":"AerixThorn","format":"[Gen 9] National Dex Doubles","log":"|j|\u2606SwaggySavyy\n|j|\u2606AerixThorn\n|t:|1695252977\n|gametype|doubles\n|player|p1|SwaggySavyy|bugsy|1066\n|player|p2|AerixThorn|riley|1112\n|teamsize|p1|6\n|teamsize|p2|6\n|gen|9\n|tier|[Gen 9] National Dex Doubles\n|rated|\n|rule|HP Percentage Mod: HP is shown in percentages\n|rule|Endless Battle Clause: Forcing endless battles is banned\n|rule|OHKO Clause: OHKO moves are banned\n|rule|Evasion Moves Clause: Evasion moves are banned\n|rule|Evasion Abilities Clause: Evasion abilities are banned\n|rule|Species Clause: Limit one of each Pok\u00e9mon\n|rule|Gravity Sleep Clause: The combination of sleep-inducing moves with imperfect accuracy and Gravity or Gigantamax Orbeetle are banned\n|clearpoke\n|poke|p1|Samurott-Hisui, F|\n|poke|p1|Torterra, M|\n|poke|p1|Moltres|\n|poke|p1|Forretress, F|\n|poke|p1|Diancie|\n|poke|p1|Glaceon, F|\n|poke|p2|Maushold|\n|poke|p2|Kommo-o, M|\n|poke|p2|Grimmsnarl, M|\n|poke|p2|Klefki, F|\n|poke|p2|Amoonguss, F|\n|poke|p2|Veluza, M|\n|teampreview\n|inactive|Battle timer is ON: inactive players will automatically lose when time's up. (requested by AerixThorn)\n|\n|t:|1695252994\n|start\n|switch|p1a: Samurott|Samurott-Hisui, F, shiny|100\/100\n|switch|p1b: Glaceon|Glaceon, F|100\/100\n|switch|p2a: Maushold|Maushold|100\/100\n|switch|p2b: Kommo-o|Kommo-o, M|100\/100\n|turn|1\n|\n|t:|1695253011\n|move|p2a: Maushold|Population Bomb|p1b: Glaceon\n|-damage|p1b: Glaceon|91\/100\n|-damage|p1b: Glaceon|80\/100\n|-damage|p1b: Glaceon|68\/100\n|-damage|p1b: Glaceon|57\/100\n|-damage|p1b: Glaceon|47\/100\n|-damage|p1b: Glaceon|35\/100\n|-damage|p1b: Glaceon|23\/100\n|-damage|p1b: Glaceon|12\/100\n|-damage|p1b: Glaceon|3\/100\n|-damage|p1b: Glaceon|0 fnt\n|faint|p1b: Glaceon\n|-hitcount|p1: Glaceon|10\n|move|p2b: Kommo-o|Substitute|p2b: Kommo-o\n|-start|p2b: Kommo-o|Substitute\n|-damage|p2b: Kommo-o|76\/100\n|move|p1a: Samurott|Ceaseless Edge|p2b: Kommo-o\n|-resisted|p2b: Kommo-o\n|-activate|p2b: Kommo-o|move: Substitute|[damage]\n|-sidestart|p2: AerixThorn|Spikes\n|\n|-heal|p2b: Kommo-o|82\/100|[from] item: Leftovers\n|upkeep\n|j| Where's your Fang\n|inactive|SwaggySavyy has 120 seconds left.\n|\n|t:|1695253035\n|switch|p1b: Diancie|Diancie|100\/100\n|turn|2\n|inactive|SwaggySavyy has 120 seconds left.\n|l| Where's your Fang\n|inactive|SwaggySavyy has 90 seconds left.\n|\n|t:|1695253107\n|move|p2a: Maushold|Population Bomb|p1a: Samurott\n|-damage|p1a: Samurott|87\/100\n|-damage|p1a: Samurott|73\/100\n|-damage|p1a: Samurott|60\/100\n|-damage|p1a: Samurott|46\/100\n|-damage|p1a: Samurott|32\/100\n|-damage|p1a: Samurott|16\/100\n|-damage|p1a: Samurott|2\/100\n|-damage|p1a: Samurott|0 fnt\n|faint|p1a: Samurott\n|-hitcount|p1: Samurott|8\n|move|p2b: Kommo-o|Clangorous Soul|p2b: Kommo-o\n|-boost|p2b: Kommo-o|atk|1\n|-boost|p2b: Kommo-o|def|1\n|-boost|p2b: Kommo-o|spa|1\n|-boost|p2b: Kommo-o|spd|1\n|-boost|p2b: Kommo-o|spe|1\n|-damage|p2b: Kommo-o|49\/100\n|move|p1b: Diancie|Diamond Storm|p2a: Maushold|[spread] p2a,p2b\n|-resisted|p2b: Kommo-o\n|-end|p2b: Kommo-o|Substitute\n|-damage|p2a: Maushold|50\/100\n|-boost|p1b: Diancie|def|2\n|\n|-heal|p2b: Kommo-o|55\/100|[from] item: Leftovers\n|upkeep\n|inactive|SwaggySavyy has 60 seconds left.\n|\n|t:|1695253140\n|switch|p1a: Forretress|Forretress, F|100\/100\n|turn|3\n|\n|t:|1695253155\n|move|p2b: Kommo-o|Drain Punch|p1b: Diancie\n|-damage|p1b: Diancie|78\/100\n|-heal|p2b: Kommo-o|67\/100|[from] drain|[of] p1b: Diancie\n|move|p2a: Maushold|Population Bomb|p1b: Diancie\n|-resisted|p1b: Diancie\n|-damage|p1b: Diancie|76\/100\n|-resisted|p1b: Diancie\n|-damage|p1b: Diancie|74\/100\n|-resisted|p1b: Diancie\n|-damage|p1b: Diancie|72\/100\n|-resisted|p1b: Diancie\n|-damage|p1b: Diancie|70\/100\n|-resisted|p1b: Diancie\n|-damage|p1b: Diancie|68\/100\n|-resisted|p1b: Diancie\n|-damage|p1b: Diancie|66\/100\n|-resisted|p1b: Diancie\n|-damage|p1b: Diancie|63\/100\n|-resisted|p1b: Diancie\n|-damage|p1b: Diancie|61\/100\n|-resisted|p1b: Diancie\n|-damage|p1b: Diancie|59\/100\n|-resisted|p1b: Diancie\n|-damage|p1b: Diancie|57\/100\n|-hitcount|p1b: Diancie|10\n|move|p1b: Diancie|Diamond Storm|p2b: Kommo-o|[spread] p2a,p2b\n|-resisted|p2b: Kommo-o\n|-damage|p2a: Maushold|3\/100\n|-damage|p2b: Kommo-o|57\/100\n|move|p1a: Forretress|Iron Defense|p1a: Forretress\n|-boost|p1a: Forretress|def|2\n|\n|-heal|p2b: Kommo-o|63\/100|[from] item: Leftovers\n|upkeep\n|turn|4\n|inactive|SwaggySavyy has 90 seconds left.\n|\n|t:|1695253192\n|move|p2b: Kommo-o|Drain Punch|p1b: Diancie\n|-damage|p1b: Diancie|34\/100\n|-heal|p2b: Kommo-o|75\/100|[from] drain|[of] p1b: Diancie\n|move|p2a: Maushold|Tidy Up|p2a: Maushold\n|-sideend|p2: AerixThorn|Spikes\n|-activate|p2a: Maushold|move: Tidy Up\n|-boost|p2a: Maushold|atk|1\n|-boost|p2a: Maushold|spe|1\n|move|p1b: Diancie|Diamond Storm|p2a: Maushold|[spread] p2a,p2b\n|-resisted|p2b: Kommo-o\n|-damage|p2a: Maushold|0 fnt\n|-damage|p2b: Kommo-o|65\/100\n|faint|p2a: Maushold\n|move|p1a: Forretress|Poison Jab|p2b: Kommo-o\n|-damage|p2b: Kommo-o|50\/100\n|-status|p2b: Kommo-o|psn\n|\n|-heal|p2b: Kommo-o|56\/100 psn|[from] item: Leftovers\n|-damage|p2b: Kommo-o|44\/100 psn|[from] psn\n|upkeep\n|\n|t:|1695253214\n|switch|p2a: Klefki|Klefki, F|100\/100\n|turn|5\n|inactive|SwaggySavyy has 90 seconds left.\n|\n|t:|1695253226\n|move|p2a: Klefki|Calm Mind|p2a: Klefki\n|-boost|p2a: Klefki|spa|1\n|-boost|p2a: Klefki|spd|1\n|move|p2b: Kommo-o|Drain Punch|p1b: Diancie\n|-damage|p1b: Diancie|14\/100\n|-heal|p2b: Kommo-o|54\/100 psn|[from] drain|[of] p1b: Diancie\n|move|p1b: Diancie|Draining Kiss|p2b: Kommo-o\n|-supereffective|p2b: Kommo-o\n|-damage|p2b: Kommo-o|0 fnt\n|-heal|p1b: Diancie|53\/100|[from] drain|[of] p2b: Kommo-o\n|faint|p2b: Kommo-o\n|move|p1a: Forretress|Poison Jab|p2a: Klefki\n|-immune|p2a: Klefki\n|\n|upkeep\n|\n|t:|1695253238\n|switch|p2b: Grimmsnarl|Grimmsnarl, M|100\/100\n|turn|6\n|\n|t:|1695253252\n|move|p2a: Klefki|Iron Defense|p2a: Klefki\n|-boost|p2a: Klefki|def|2\n|move|p2b: Grimmsnarl|Thunder Wave|p1a: Forretress|[miss]\n|-miss|p2b: Grimmsnarl|p1a: Forretress\n|move|p1b: Diancie|Light Screen|p1b: Diancie\n|-sidestart|p1: SwaggySavyy|move: Light Screen\n|move|p1a: Forretress|Lunge|p2b: Grimmsnarl\n|-damage|p2b: Grimmsnarl|56\/100\n|-unboost|p2b: Grimmsnarl|atk|1\n|\n|upkeep\n|turn|7\n|inactive|SwaggySavyy has 120 seconds left.\n|\n|t:|1695253270\n|move|p2a: Klefki|Calm Mind|p2a: Klefki\n|-boost|p2a: Klefki|spa|1\n|-boost|p2a: Klefki|spd|1\n|move|p2b: Grimmsnarl|Thunder Wave|p1b: Diancie\n|-status|p1b: Diancie|par\n|move|p1a: Forretress|Flash Cannon|p2a: Klefki\n|-damage|p2a: Klefki|89\/100\n|move|p1b: Diancie|Diamond Storm|p2a: Klefki|[spread] p2a,p2b\n|-resisted|p2a: Klefki\n|-damage|p2a: Klefki|83\/100\n|-damage|p2b: Grimmsnarl|19\/100\n|\n|upkeep\n|turn|8\n|inactive|AerixThorn has 120 seconds left.\n|\n|t:|1695253309\n|move|p2b: Grimmsnarl|Light Screen|p2b: Grimmsnarl\n|-sidestart|p2: AerixThorn|move: Light Screen\n|move|p2a: Klefki|Draining Kiss|p1b: Diancie\n|-damage|p1b: Diancie|33\/100 par\n|-heal|p2a: Klefki|97\/100|[from] drain|[of] p1b: Diancie\n|move|p1a: Forretress|Flash Cannon|p2a: Klefki\n|-damage|p2a: Klefki|89\/100\n|move|p1b: Diancie|Diamond Storm|p2a: Klefki|[spread] p2a,p2b\n|-resisted|p2a: Klefki\n|-damage|p2a: Klefki|83\/100\n|-damage|p2b: Grimmsnarl|0 fnt\n|faint|p2b: Grimmsnarl\n|\n|upkeep\n|\n|t:|1695253321\n|switch|p2b: Amoonguss|Amoonguss, F|100\/100\n|turn|9\n|\n|t:|1695253349\n|move|p2a: Klefki|Draining Kiss|p1b: Diancie\n|-damage|p1b: Diancie|14\/100 par\n|-heal|p2a: Klefki|96\/100|[from] drain|[of] p1b: Diancie\n|move|p1a: Forretress|Lunge|p2b: Amoonguss\n|-damage|p2b: Amoonguss|64\/100\n|-unboost|p2b: Amoonguss|atk|1\n|move|p2b: Amoonguss|Spore|p1a: Forretress\n|-status|p1a: Forretress|slp|[from] move: Spore\n|move|p1b: Diancie|Diamond Storm|p2a: Klefki|[spread] p2a,p2b\n|-resisted|p2a: Klefki\n|-damage|p2a: Klefki|89\/100\n|-damage|p2b: Amoonguss|33\/100\n|-boost|p1b: Diancie|def|2\n|\n|-heal|p2b: Amoonguss|39\/100|[from] item: Leftovers\n|upkeep\n|turn|10\n|\n|t:|1695253373\n|move|p2a: Klefki|Draining Kiss|p1b: Diancie\n|-damage|p1b: Diancie|0 fnt\n|-heal|p2a: Klefki|99\/100|[from] drain|[of] p1b: Diancie\n|faint|p1b: Diancie\n|cant|p1a: Forretress|slp\n|move|p2b: Amoonguss|Ingrain|p2b: Amoonguss\n|-start|p2b: Amoonguss|move: Ingrain\n|\n|-heal|p2b: Amoonguss|45\/100|[from] item: Leftovers\n|-heal|p2b: Amoonguss|51\/100|[from] Ingrain\n|-sideend|p1: SwaggySavyy|move: Light Screen\n|upkeep\n|\n|t:|1695253385\n|switch|p1b: Moltres|Moltres|100\/100\n|-ability|p1b: Moltres|Pressure\n|turn|11\n|inactive|AerixThorn has 120 seconds left.\n|\n|t:|1695253415\n|move|p1b: Moltres|Flamethrower|p2a: Klefki\n|-supereffective|p2a: Klefki\n|-damage|p2a: Klefki|50\/100\n|-status|p2a: Klefki|brn\n|move|p2a: Klefki|Draining Kiss|p1b: Moltres\n|-resisted|p1b: Moltres\n|-damage|p1b: Moltres|79\/100\n|-heal|p2a: Klefki|69\/100 brn|[from] drain|[of] p1b: Moltres\n|cant|p1a: Forretress|slp\n|move|p2b: Amoonguss|Spore|p1b: Moltres\n|-status|p1b: Moltres|slp|[from] move: Spore\n|\n|-heal|p2b: Amoonguss|57\/100|[from] item: Leftovers\n|-heal|p2b: Amoonguss|63\/100|[from] Ingrain\n|-damage|p2a: Klefki|63\/100 brn|[from] brn\n|upkeep\n|turn|12\n|\n|t:|1695253433\n|move|p2a: Klefki|Calm Mind|p2a: Klefki\n|-boost|p2a: Klefki|spa|1\n|-boost|p2a: Klefki|spd|1\n|cant|p1b: Moltres|slp\n|-curestatus|p1a: Forretress|slp|[msg]\n|move|p1a: Forretress|Lunge|p2b: Amoonguss\n|-damage|p2b: Amoonguss|27\/100\n|-unboost|p2b: Amoonguss|atk|1\n|-status|p1a: Forretress|slp|[from] ability: Effect Spore|[of] p2b: Amoonguss\n|move|p2b: Amoonguss|Clear Smog|p1b: Moltres\n|-crit|p1b: Moltres\n|-damage|p1b: Moltres|52\/100 slp\n|-clearboost|p1b: Moltres\n|\n|-heal|p2b: Amoonguss|33\/100|[from] item: Leftovers\n|-heal|p2b: Amoonguss|39\/100|[from] Ingrain\n|-damage|p2a: Klefki|57\/100 brn|[from] brn\n|upkeep\n|turn|13\n|\n|t:|1695253461\n|cant|p1b: Moltres|slp\n|move|p2a: Klefki|Draining Kiss|p1b: Moltres\n|-resisted|p1b: Moltres\n|-damage|p1b: Moltres|28\/100 slp\n|-heal|p2a: Klefki|79\/100 brn|[from] drain|[of] p1b: Moltres\n|cant|p1a: Forretress|slp\n|move|p2b: Amoonguss|Clear Smog|p1b: Moltres\n|-damage|p1b: Moltres|11\/100 slp\n|-clearboost|p1b: Moltres\n|\n|-heal|p2b: Amoonguss|46\/100|[from] item: Leftovers\n|-heal|p2b: Amoonguss|52\/100|[from] Ingrain\n|-damage|p2a: Klefki|73\/100 brn|[from] brn\n|upkeep\n|turn|14\n|\n|t:|1695253484\n|move|p2b: Amoonguss|Rage Powder|p2b: Amoonguss\n|-singleturn|p2b: Amoonguss|move: Rage Powder\n|cant|p1b: Moltres|slp\n|move|p2a: Klefki|Draining Kiss|p1b: Moltres\n|-resisted|p1b: Moltres\n|-damage|p1b: Moltres|0 fnt\n|-heal|p2a: Klefki|83\/100 brn|[from] drain|[of] p1b: Moltres\n|faint|p1b: Moltres\n|cant|p1a: Forretress|slp\n|\n|-heal|p2b: Amoonguss|58\/100|[from] item: Leftovers\n|-heal|p2b: Amoonguss|64\/100|[from] Ingrain\n|-damage|p2a: Klefki|77\/100 brn|[from] brn\n|upkeep\n|\n|t:|1695253500\n|switch|p1b: Torterra|Torterra, M|100\/100\n|turn|15\n|\n|t:|1695253521\n|move|p2a: Klefki|Draining Kiss|p1b: Torterra\n|-damage|p1b: Torterra|55\/100\n|-heal|p2a: Klefki|100\/100 brn|[from] drain|[of] p1b: Torterra\n|move|p1b: Torterra|Earth Power|p2b: Amoonguss\n|-damage|p2b: Amoonguss|53\/100\n|-curestatus|p1a: Forretress|slp|[msg]\n|move|p1a: Forretress|Lunge|p2b: Amoonguss\n|-damage|p2b: Amoonguss|13\/100\n|-unboost|p2b: Amoonguss|atk|1\n|-status|p1a: Forretress|slp|[from] ability: Effect Spore|[of] p2b: Amoonguss\n|move|p2b: Amoonguss|Clear Smog|p1b: Torterra\n|-damage|p1b: Torterra|38\/100\n|-clearboost|p1b: Torterra\n|\n|-heal|p1b: Torterra|44\/100|[from] item: Leftovers\n|-heal|p2b: Amoonguss|19\/100|[from] item: Leftovers\n|-heal|p2b: Amoonguss|25\/100|[from] Ingrain\n|-damage|p2a: Klefki|95\/100 brn|[from] brn\n|-sideend|p2: AerixThorn|move: Light Screen\n|upkeep\n|turn|16\n|inactive|SwaggySavyy has 120 seconds left.\n|\n|t:|1695253553\n|move|p2b: Amoonguss|Rage Powder|p2b: Amoonguss\n|-singleturn|p2b: Amoonguss|move: Rage Powder\n|move|p2a: Klefki|Draining Kiss|p1b: Torterra\n|-damage|p1b: Torterra|5\/100\n|-heal|p2a: Klefki|100\/100 brn|[from] drain|[of] p1b: Torterra\n|move|p1b: Torterra|Giga Drain|p2b: Amoonguss\n|-resisted|p2b: Amoonguss\n|-damage|p2b: Amoonguss|21\/100\n|-heal|p1b: Torterra|8\/100|[from] drain|[of] p2b: Amoonguss\n|cant|p1a: Forretress|slp\n|\n|-heal|p1b: Torterra|14\/100|[from] item: Leftovers\n|-heal|p2b: Amoonguss|27\/100|[from] item: Leftovers\n|-heal|p2b: Amoonguss|33\/100|[from] Ingrain\n|-damage|p2a: Klefki|95\/100 brn|[from] brn\n|upkeep\n|turn|17\n|inactive|SwaggySavyy has 120 seconds left.\n|\n|t:|1695253587\n|move|p2b: Amoonguss|Rage Powder|p2b: Amoonguss\n|-singleturn|p2b: Amoonguss|move: Rage Powder\n|move|p2a: Klefki|Draining Kiss|p1b: Torterra\n|-damage|p1b: Torterra|0 fnt\n|-heal|p2a: Klefki|100\/100 brn|[from] drain|[of] p1b: Torterra\n|faint|p1b: Torterra\n|cant|p1a: Forretress|slp\n|\n|-heal|p2b: Amoonguss|39\/100|[from] item: Leftovers\n|-heal|p2b: Amoonguss|45\/100|[from] Ingrain\n|-damage|p2a: Klefki|95\/100 brn|[from] brn\n|upkeep\n|turn|18\n|\n|t:|1695253602\n|move|p2b: Amoonguss|Rage Powder|p2b: Amoonguss\n|-singleturn|p2b: Amoonguss|move: Rage Powder\n|move|p2a: Klefki|Calm Mind|p2a: Klefki\n|-boost|p2a: Klefki|spa|1\n|-boost|p2a: Klefki|spd|1\n|cant|p1a: Forretress|slp\n|\n|-heal|p2b: Amoonguss|51\/100|[from] item: Leftovers\n|-heal|p2b: Amoonguss|57\/100|[from] Ingrain\n|-damage|p2a: Klefki|89\/100 brn|[from] brn\n|upkeep\n|turn|19\n|\n|t:|1695253618\n|move|p2b: Amoonguss|Rage Powder|p2b: Amoonguss\n|-singleturn|p2b: Amoonguss|move: Rage Powder\n|move|p2a: Klefki|Draining Kiss|p1a: Forretress\n|-resisted|p1a: Forretress\n|-damage|p1a: Forretress|60\/100 slp\n|-heal|p2a: Klefki|100\/100 brn|[from] drain|[of] p1a: Forretress\n|-damage|p2a: Klefki|84\/100 brn|[from] item: Rocky Helmet|[of] p1a: Forretress\n|-curestatus|p1a: Forretress|slp|[msg]\n|move|p1a: Forretress|Lunge|p2b: Amoonguss\n|-damage|p2b: Amoonguss|20\/100\n|-unboost|p2b: Amoonguss|atk|1\n|\n|-heal|p2b: Amoonguss|26\/100|[from] item: Leftovers\n|-heal|p2b: Amoonguss|32\/100|[from] Ingrain\n|-damage|p2a: Klefki|78\/100 brn|[from] brn\n|upkeep\n|turn|20\n|\n|t:|1695253641\n|move|p2a: Klefki|Draining Kiss|p1a: Forretress\n|-resisted|p1a: Forretress\n|-damage|p1a: Forretress|21\/100\n|-heal|p2a: Klefki|100\/100 brn|[from] drain|[of] p1a: Forretress\n|-damage|p2a: Klefki|84\/100 brn|[from] item: Rocky Helmet|[of] p1a: Forretress\n|move|p1a: Forretress|Lunge|p2b: Amoonguss\n|-damage|p2b: Amoonguss|0 fnt\n|faint|p2b: Amoonguss\n|\n|-damage|p2a: Klefki|78\/100 brn|[from] brn\n|upkeep\n|\n|t:|1695253649\n|switch|p2b: Veluza|Veluza, M|100\/100\n|turn|21\n|\n|t:|1695253671\n|move|p2a: Klefki|Draining Kiss|p1a: Forretress\n|-resisted|p1a: Forretress\n|-damage|p1a: Forretress|0 fnt\n|-heal|p2a: Klefki|95\/100 brn|[from] drain|[of] p1a: Forretress\n|-damage|p2a: Klefki|78\/100 brn|[from] item: Rocky Helmet|[of] p1a: Forretress\n|faint|p1a: Forretress\n|\n|win|AerixThorn\n|raw|SwaggySavyy's rating: 1066 &rarr; <strong>1049<\/strong><br \/>(-17 for losing)\n|raw|AerixThorn's rating: 1112 &rarr; <strong>1134<\/strong><br \/>(+22 for winning)\n|l|\u2606SwaggySavyy\n","uploadtime":1695253682,"views":4,"p1id":"swaggysavyy","p2id":"aerixthorn","formatid":"gen9nationaldexdoubles","rating":1049,"private":0,"password":""}