{"id":"gen9nationaldexdoubles-1981545491","p1":"Sakura the blossom","p2":"KraNyan","format":"[Gen 9] National Dex Doubles","log":"|j|\u2606Sakura the blossom\n|j|\u2606KraNyan\n|t:|1698915957\n|gametype|doubles\n|player|p1|Sakura the blossom|caitlin|\n|player|p2|KraNyan|265|\n|teamsize|p1|6\n|teamsize|p2|6\n|gen|9\n|tier|[Gen 9] National Dex Doubles\n|rule|HP Percentage Mod: HP is shown in percentages\n|rule|Endless Battle Clause: Forcing endless battles is banned\n|rule|OHKO Clause: OHKO moves are banned\n|rule|Evasion Moves Clause: Evasion moves are banned\n|rule|Evasion Abilities Clause: Evasion abilities are banned\n|rule|Species Clause: Limit one of each Pok\u00e9mon\n|rule|Gravity Sleep Clause: The combination of sleep-inducing moves with imperfect accuracy and Gravity or Gigantamax Orbeetle are banned\n|clearpoke\n|poke|p1|Oricorio-Sensu, F|\n|poke|p1|Volcarona, M|\n|poke|p1|Indeedee-F, F|\n|poke|p1|Alakazam, M|\n|poke|p1|Gallade, M|\n|poke|p1|Metagross|\n|poke|p2|Meowscarada, M|\n|poke|p2|Krookodile, F|\n|poke|p2|Sinistcha-Masterpiece|\n|poke|p2|Oranguru, M|\n|poke|p2|Riolu, M|\n|poke|p2|Golem, M|\n|teampreview\n|inactive|Battle timer is ON: inactive players will automatically lose when time's up. (requested by Sakura the blossom)\n|c|\u2606KraNyan|Many teams\n|c|\u2606Sakura the blossom|Gl hf\n|inactive|KraNyan has 270 seconds left.\n|\n|t:|1698915995\n|start\n|switch|p1a: Volcarona|Volcarona, M|100\/100\n|switch|p1b: Oricorio|Oricorio-Sensu, F, shiny|100\/100\n|switch|p2a: Meowscarada|Meowscarada, M|100\/100\n|switch|p2b: Krookodile|Krookodile, F|100\/100\n|turn|1\n|\n|t:|1698916022\n|move|p1b: Oricorio|Protect|p1b: Oricorio\n|-singleturn|p1b: Oricorio|Protect\n|move|p2b: Krookodile|Protect|p2b: Krookodile\n|-singleturn|p2b: Krookodile|Protect\n|move|p2a: Meowscarada|Flower Trick|p1a: Volcarona\n|-resisted|p1a: Volcarona\n|-crit|p1a: Volcarona\n|-damage|p1a: Volcarona|87\/100\n|move|p1a: Volcarona|Quiver Dance|p1a: Volcarona\n|-boost|p1a: Volcarona|spa|1\n|-boost|p1a: Volcarona|spd|1\n|-boost|p1a: Volcarona|spe|1\n|-activate|p1b: Oricorio|ability: Dancer\n|move|p1b: Oricorio|Quiver Dance|p1b: Oricorio|[from]ability: Dancer\n|-boost|p1b: Oricorio|spa|1\n|-boost|p1b: Oricorio|spd|1\n|-boost|p1b: Oricorio|spe|1\n|\n|upkeep\n|turn|2\n|c|\u2606Sakura the blossom|Bad choice\n|c|\u2606KraNyan|Oh no\n|inactive|Sakura the blossom has 270 seconds left.\n|\n|t:|1698916054\n|switch|p2a: Oranguru|Oranguru, M|100\/100\n|switch|p2b: Sinistcha|Sinistcha-Masterpiece|100\/100\n|move|p1a: Volcarona|Fiery Dance|p2a: Oranguru\n|-damage|p2a: Oranguru|46\/100\n|-activate|p1b: Oricorio|ability: Dancer\n|move|p1b: Oricorio|Fiery Dance|p2a: Oranguru|[from]ability: Dancer\n|-damage|p2a: Oranguru|16\/100\n|move|p1b: Oricorio|Air Slash|p2b: Sinistcha\n|-supereffective|p2b: Sinistcha\n|-damage|p2b: Sinistcha|0 fnt\n|faint|p2b: Sinistcha\n|\n|upkeep\n|inactive|KraNyan has 270 seconds left.\n|\n|t:|1698916076\n|switch|p2b: Golem|Golem, M|100\/100\n|turn|3\n|\n|t:|1698916095\n|move|p1a: Volcarona|Fiery Dance|p2a: Oranguru\n|-damage|p2a: Oranguru|0 fnt\n|-boost|p1a: Volcarona|spa|1\n|faint|p2a: Oranguru\n|-activate|p1b: Oricorio|ability: Dancer\n|move|p1b: Oricorio|Fiery Dance|p2b: Golem|[from]ability: Dancer\n|-resisted|p2b: Golem\n|-damage|p2b: Golem|76\/100\n|move|p1b: Oricorio|Revelation Dance|p2b: Golem\n|-damage|p2b: Golem|0 fnt\n|faint|p2b: Golem\n|\n|upkeep\n|c|\u2606KraNyan|This is scery\n|inactive|KraNyan has 270 seconds left.\n|\n|t:|1698916117\n|switch|p2a: Riolu|Riolu, M|100\/100\n|switch|p2b: Krookodile|Krookodile, F|100\/100\n|turn|4\n|c|\u2606Sakura the blossom|And that be a gg\n|\n|t:|1698916131\n|move|p1b: Oricorio|Protect|p1b: Oricorio\n|-singleturn|p1b: Oricorio|Protect\n|move|p2a: Riolu|Follow Me|p2a: Riolu\n|-singleturn|p2a: Riolu|move: Follow Me\n|move|p1a: Volcarona|Giga Drain|p2a: Riolu\n|-damage|p2a: Riolu|0 fnt\n|-heal|p1a: Volcarona|100\/100|[from] drain|[of] p2a: Riolu\n|faint|p2a: Riolu\n|move|p2b: Krookodile|Rock Slide|p1b: Oricorio|[spread] p1a\n|-activate|p1b: Oricorio|move: Protect\n|-supereffective|p1a: Volcarona\n|-enditem|p1a: Volcarona|Focus Sash\n|-damage|p1a: Volcarona|1\/100\n|\n|upkeep\n|c|\u2606KraNyan|Hmm\n|\n|t:|1698916145\n|switch|p2a: Meowscarada|Meowscarada, M|100\/100\n|turn|5\n|\n|t:|1698916156\n|move|p2a: Meowscarada|Ally Switch|p2a: Meowscarada\n|swap|p2a: Meowscarada|1|[from] move: Ally Switch\n|move|p1a: Volcarona|Bug Buzz|p2b: Meowscarada\n|-supereffective|p2b: Meowscarada\n|-damage|p2b: Meowscarada|0 fnt\n|faint|p2b: Meowscarada\n|move|p1b: Oricorio|Air Slash|p2a: Krookodile|[miss]\n|-miss|p1b: Oricorio|p2a: Krookodile\n|move|p2a: Krookodile|Rock Slide|p1a: Volcarona|[spread] p1a,p1b\n|-supereffective|p1a: Volcarona\n|-supereffective|p1b: Oricorio\n|-damage|p1a: Volcarona|0 fnt\n|-damage|p1b: Oricorio|39\/100\n|faint|p1a: Volcarona\n|\n|upkeep\n|c|\u2606KraNyan|Gg i lost\n|\n|t:|1698916174\n|switch|p1a: Gallade|Gallade, M, shiny|100\/100\n|turn|6\n|\n|t:|1698916183\n|detailschange|p1a: Gallade|Gallade-Mega, M, shiny\n|-mega|p1a: Gallade|Gallade|Galladite\n|move|p2a: Krookodile|Protect|p2a: Krookodile\n|-singleturn|p2a: Krookodile|Protect\n|move|p1b: Oricorio|Air Slash|p2a: Krookodile\n|-activate|p2a: Krookodile|move: Protect\n|move|p1a: Gallade|Sacred Sword|p2a: Krookodile\n|-activate|p2a: Krookodile|move: Protect\n|\n|upkeep\n|turn|7\n|c|\u2606Sakura the blossom|Gg\n|c|\u2606Sakura the blossom|Breh\n|c|\u2606KraNyan|:0\n|c|\u2606KraNyan|At least i get to learn some sets:D\n|inactive|KraNyan has 270 seconds left.\n|\n|t:|1698916214\n|move|p1b: Oricorio|Air Slash|p2a: Krookodile\n|-damage|p2a: Krookodile|34\/100\n|move|p1a: Gallade|Sacred Sword|p2a: Krookodile\n|-supereffective|p2a: Krookodile\n|-damage|p2a: Krookodile|0 fnt\n|faint|p2a: Krookodile\n|\n|win|Sakura the blossom\n|c|\u2606Sakura the blossom|More sets lmao\n","uploadtime":1698916225,"views":12,"p1id":"sakuratheblossom","p2id":"kranyan","formatid":"gen9nationaldexdoubles","rating":0,"private":0,"password":""}