{"id":"gen9nationaldexdoubles-1964506504","p1":"ColtDoesStuff","p2":"Sc4rletQu33n","format":"[Gen 9] National Dex Doubles","log":"|j|\u2606ColtDoesStuff\n|j|\u2606Sc4rletQu33n\n|t:|1696974842\n|gametype|doubles\n|player|p1|ColtDoesStuff|veteran|1121\n|player|p2|Sc4rletQu33n|cynthia-gen4|1101\n|teamsize|p1|6\n|teamsize|p2|6\n|gen|9\n|tier|[Gen 9] National Dex Doubles\n|rated|\n|rule|HP Percentage Mod: HP is shown in percentages\n|rule|Endless Battle Clause: Forcing endless battles is banned\n|rule|OHKO Clause: OHKO moves are banned\n|rule|Evasion Moves Clause: Evasion moves are banned\n|rule|Evasion Abilities Clause: Evasion abilities are banned\n|rule|Species Clause: Limit one of each Pok\u00e9mon\n|rule|Gravity Sleep Clause: The combination of sleep-inducing moves with imperfect accuracy and Gravity or Gigantamax Orbeetle are banned\n|clearpoke\n|poke|p1|Houndoom, F|\n|poke|p1|Snorlax, F|\n|poke|p1|Amoonguss, F|\n|poke|p1|Hatterene, F|\n|poke|p1|Octillery, M|\n|poke|p1|Mew|\n|poke|p2|Medicham, M|\n|poke|p2|Regigigas|\n|poke|p2|Landorus-Therian, M|\n|poke|p2|Venusaur, F|\n|poke|p2|Incineroar, M|\n|poke|p2|Basculegion-F, F|\n|teampreview\n|inactive|Battle timer is ON: inactive players will automatically lose when time's up. (requested by ColtDoesStuff)\n|\n|t:|1696974847\n|start\n|switch|p1a: Octillery|Octillery, M|100\/100\n|switch|p1b: Mew|Mew|100\/100\n|switch|p2a: Medicham|Medicham, M|100\/100\n|switch|p2b: Regigigas|Regigigas|100\/100\n|-start|p2b: Regigigas|ability: Slow Start\n|turn|1\n|\n|t:|1696974863\n|-zpower|p1b: Mew\n|move|p1b: Mew|Genesis Supernova|p2a: Medicham|[zeffect]\n|-enditem|p2a: Medicham|Focus Sash\n|-damage|p2a: Medicham|1\/100\n|-fieldstart|move: Psychic Terrain\n|move|p2a: Medicham|Skill Swap|p2b: Regigigas\n|-activate|p2a: Medicham|move: Skill Swap|||[of] p2b: Regigigas\n|-end|p2b: Regigigas|Slow Start|[silent]\n|-start|p2a: Medicham|ability: Slow Start\n|move|p2b: Regigigas|Return|p1b: Mew\n|-damage|p1b: Mew|0 fnt\n|faint|p1b: Mew\n|move|p1a: Octillery|Thunder Wave|p2b: Regigigas\n|-status|p2b: Regigigas|par\n|\n|-ability|p1a: Octillery|Moody|boost\n|-boost|p1a: Octillery|atk|2\n|-unboost|p1a: Octillery|spd|1\n|upkeep\n|-enditem|p1a: Octillery|White Herb\n|-clearnegativeboost|p1a: Octillery|[silent]\n|inactive|ColtDoesStuff has 120 seconds left.\n|\n|t:|1696974888\n|switch|p1b: Hatterene|Hatterene, F|100\/100\n|turn|2\n|\n|t:|1696974903\n|move|p2b: Regigigas|Return|p1a: Octillery\n|-damage|p1a: Octillery|0 fnt\n|faint|p1a: Octillery\n|move|p2a: Medicham|Skill Swap|p1b: Hatterene\n|-activate|p2a: Medicham|move: Skill Swap|Healer|Slow Start|[of] p1b: Hatterene\n|-end|p2a: Medicham|Slow Start|[silent]\n|-start|p1b: Hatterene|ability: Slow Start\n|move|p1b: Hatterene|Trick Room|p1b: Hatterene\n|-fieldstart|move: Trick Room|[of] p1b: Hatterene\n|\n|upkeep\n|inactive|ColtDoesStuff has 120 seconds left.\n|\n|t:|1696974916\n|switch|p1a: Amoonguss|Amoonguss, F|100\/100\n|turn|3\n|\n|t:|1696974930\n|move|p1b: Hatterene|Draining Kiss|p2a: Medicham\n|-supereffective|p2a: Medicham\n|-damage|p2a: Medicham|0 fnt\n|faint|p2a: Medicham\n|move|p1a: Amoonguss|Energy Ball|p2b: Regigigas\n|-damage|p2b: Regigigas|86\/100 par\n|move|p2b: Regigigas|Zen Headbutt|p1a: Amoonguss\n|-supereffective|p1a: Amoonguss\n|-damage|p1a: Amoonguss|0 fnt\n|faint|p1a: Amoonguss\n|\n|upkeep\n|\n|t:|1696974946\n|switch|p1a: Snorlax|Snorlax, F|100\/100\n|switch|p2a: Landorus|Landorus-Therian, M|100\/100\n|-ability|p2a: Landorus|Intimidate|boost\n|-unboost|p1a: Snorlax|atk|1\n|-unboost|p1b: Hatterene|atk|1\n|turn|4\n|\n|t:|1696974960\n|move|p1b: Hatterene|Giga Drain|p2a: Landorus\n|-damage|p2a: Landorus|74\/100\n|move|p1a: Snorlax|Body Press|p2b: Regigigas\n|-supereffective|p2b: Regigigas\n|-damage|p2b: Regigigas|54\/100 par\n|move|p2b: Regigigas|Earthquake|p1a: Snorlax|[spread] p1a,p1b\n|-immune|p2a: Landorus\n|-damage|p1a: Snorlax|61\/100\n|-damage|p1b: Hatterene|42\/100\n|move|p2a: Landorus|Knock Off|p1a: Snorlax\n|-damage|p1a: Snorlax|34\/100\n|-enditem|p1a: Snorlax|Chesto Berry|[from] move: Knock Off|[of] p2a: Landorus\n|\n|-heal|p2a: Landorus|80\/100|[from] item: Leftovers\n|upkeep\n|turn|5\n|inactive|Sc4rletQu33n has 120 seconds left.\n|\n|t:|1696974999\n|move|p1b: Hatterene|Giga Drain|p2b: Regigigas\n|-damage|p2b: Regigigas|41\/100 par\n|-heal|p1b: Hatterene|51\/100|[from] drain|[of] p2b: Regigigas\n|move|p1a: Snorlax|Rest|p1a: Snorlax\n|-status|p1a: Snorlax|slp|[from] move: Rest\n|-heal|p1a: Snorlax|100\/100 slp|[silent]\n|move|p2b: Regigigas|Return|p1b: Hatterene\n|-damage|p1b: Hatterene|0 fnt\n|faint|p1b: Hatterene\n|-end|p1b: Hatterene|Slow Start|[silent]\n|move|p2a: Landorus|U-turn|p1a: Snorlax\n|-damage|p1a: Snorlax|80\/100 slp\n|\n|t:|1696975013\n|switch|p2a: Basculegion|Basculegion-F, F|100\/100|[from] U-turn\n|\n|-fieldend|move: Psychic Terrain\n|upkeep\n|\n|t:|1696975020\n|switch|p1b: Houndoom|Houndoom, F|100\/100\n|turn|6\n|\n|t:|1696975034\n|-terastallize|p1b: Houndoom|Dark\n|-terastallize|p2a: Basculegion|Water\n|cant|p1a: Snorlax|slp\n|cant|p2b: Regigigas|par\n|move|p1b: Houndoom|Dark Pulse|p2a: Basculegion\n|-damage|p2a: Basculegion|47\/100\n|move|p2a: Basculegion|Wave Crash|p1b: Houndoom\n|-damage|p1b: Houndoom|0 fnt\n|-damage|p2a: Basculegion|30\/100|[from] item: Rocky Helmet|[of] p1b: Houndoom\n|faint|p1b: Houndoom\n|-damage|p2a: Basculegion|5\/100|[from] Recoil\n|\n|-fieldend|move: Trick Room\n|upkeep\n|turn|7\n|-message|ColtDoesStuff forfeited.\n|\n|win|Sc4rletQu33n\n|raw|ColtDoesStuff's rating: 1121 &rarr; <strong>1095<\/strong><br \/>(-26 for losing)\n|raw|Sc4rletQu33n's rating: 1101 &rarr; <strong>1127<\/strong><br \/>(+26 for winning)\n|l|\u2606ColtDoesStuff\n","uploadtime":1696975054,"views":10,"p1id":"coltdoesstuff","p2id":"sc4rletqu33n","formatid":"gen9nationaldexdoubles","rating":1095,"private":0,"password":""}