{"id":"gen9nationaldexdoubles-1996724687","p1":"OPieceOfHeroGhost","p2":"MyNaevis","format":"[Gen 9] National Dex Doubles","log":"|j|\u2606OPieceOfHeroGhost\n|j|\u2606MyNaevis\n|t:|1700714880\n|gametype|doubles\n|player|p1|OPieceOfHeroGhost|morty|1000\n|player|p2|MyNaevis|lady-gen4|1051\n|teamsize|p1|6\n|teamsize|p2|6\n|gen|9\n|tier|[Gen 9] National Dex Doubles\n|rated|\n|rule|HP Percentage Mod: HP is shown in percentages\n|rule|Endless Battle Clause: Forcing endless battles is banned\n|rule|OHKO Clause: OHKO moves are banned\n|rule|Evasion Moves Clause: Evasion moves are banned\n|rule|Evasion Abilities Clause: Evasion abilities are banned\n|rule|Species Clause: Limit one of each Pok\u00e9mon\n|rule|Gravity Sleep Clause: The combination of sleep-inducing moves with imperfect accuracy and Gravity or Gigantamax Orbeetle are banned\n|clearpoke\n|poke|p1|Incineroar, M|\n|poke|p1|Serperior, F|\n|poke|p1|Landorus-Therian, M|\n|poke|p1|Baxcalibur, F|\n|poke|p1|Excadrill, M|\n|poke|p1|Tyranitar, F|\n|poke|p2|Shuckle, F|\n|poke|p2|Volcarona, M|\n|poke|p2|Trevenant, F|\n|poke|p2|Whimsicott, F|\n|poke|p2|Dragonite, F|\n|poke|p2|Breloom, M|\n|teampreview\n|\n|t:|1700714896\n|start\n|switch|p1a: Incineroar|Incineroar, M|100\/100\n|switch|p1b: Serperior|Serperior, F|100\/100\n|switch|p2a: Trevenant|Trevenant, F, shiny|100\/100\n|switch|p2b: Shuckle|Shuckle, F, shiny|100\/100\n|-ability|p1a: Incineroar|Intimidate|boost\n|-unboost|p2a: Trevenant|atk|1\n|-boost|p2b: Shuckle|atk|1\n|turn|1\n|\n|t:|1700714916\n|move|p1a: Incineroar|Fake Out|p2b: Shuckle\n|-resisted|p2b: Shuckle\n|-damage|p2b: Shuckle|95\/100\n|move|p1b: Serperior|Glare|p2b: Shuckle\n|-status|p2b: Shuckle|par\n|move|p2a: Trevenant|Substitute|p2a: Trevenant\n|-start|p2a: Trevenant|Substitute\n|-damage|p2a: Trevenant|76\/100\n|cant|p2b: Shuckle|flinch\n|\n|upkeep\n|turn|2\n|\n|t:|1700714934\n|move|p1b: Serperior|Leaf Storm|p2a: Trevenant\n|-resisted|p2a: Trevenant\n|-activate|p2a: Trevenant|move: Substitute|[damage]\n|-boost|p1b: Serperior|spa|2\n|move|p1a: Incineroar|Knock Off|p2b: Shuckle\n|-damage|p2b: Shuckle|60\/100 par\n|-enditem|p2b: Shuckle|Shell Bell|[from] move: Knock Off|[of] p1a: Incineroar\n|move|p2a: Trevenant|Leech Seed|p1b: Serperior\n|-immune|p1b: Serperior\n|move|p2b: Shuckle|Mud-Slap|p1a: Incineroar\n|-supereffective|p1a: Incineroar\n|-damage|p1a: Incineroar|98\/100\n|-unboost|p1a: Incineroar|accuracy|1\n|\n|upkeep\n|turn|3\n|\n|t:|1700714957\n|move|p1b: Serperior|Leaf Storm|p2a: Trevenant\n|-resisted|p2a: Trevenant\n|-end|p2a: Trevenant|Substitute\n|-boost|p1b: Serperior|spa|2\n|move|p1a: Incineroar|Parting Shot|p2b: Shuckle\n|-boost|p2b: Shuckle|atk|1\n|-boost|p2b: Shuckle|spa|1\n|\n|t:|1700714970\n|switch|p1a: Landorus|Landorus-Therian, M|100\/100|[from] Parting Shot\n|-ability|p1a: Landorus|Intimidate|boost\n|-unboost|p2a: Trevenant|atk|1\n|-boost|p2b: Shuckle|atk|1\n|move|p2a: Trevenant|Curse|p1a: Landorus\n|-start|p1a: Landorus|Curse|[of] p2a: Trevenant\n|-damage|p2a: Trevenant|26\/100\n|-enditem|p2a: Trevenant|Sitrus Berry|[eat]\n|-heal|p2a: Trevenant|50\/100|[from] item: Sitrus Berry\n|move|p2b: Shuckle|Wrap|p1b: Serperior|[miss]\n|-miss|p2b: Shuckle|p1b: Serperior\n|\n|-damage|p1a: Landorus|76\/100|[from] Curse\n|-item|p2a: Trevenant|Sitrus Berry|[from] ability: Harvest\n|upkeep\n|-enditem|p2a: Trevenant|Sitrus Berry|[eat]\n|-heal|p2a: Trevenant|75\/100|[from] item: Sitrus Berry\n|turn|4\n|\n|t:|1700714992\n|move|p1b: Serperior|Leaf Storm|p2b: Shuckle\n|-damage|p2b: Shuckle|0 fnt\n|-boost|p1b: Serperior|spa|2\n|faint|p2b: Shuckle\n|move|p1a: Landorus|U-turn|p2a: Trevenant\n|-damage|p2a: Trevenant|41\/100\n|\n|t:|1700715003\n|switch|p1a: Incineroar|Incineroar, M|98\/100|[from] U-turn\n|-ability|p1a: Incineroar|Intimidate|boost\n|-unboost|p2a: Trevenant|atk|1\n|move|p2a: Trevenant|Substitute|p2a: Trevenant\n|-start|p2a: Trevenant|Substitute\n|-damage|p2a: Trevenant|16\/100\n|\n|upkeep\n|\n|t:|1700715013\n|switch|p2b: Dragonite|Dragonite, F, shiny|100\/100\n|turn|5\n|\n|t:|1700715023\n|move|p1b: Serperior|Protect|p1b: Serperior\n|-singleturn|p1b: Serperior|Protect\n|move|p2a: Trevenant|Protect|p2a: Trevenant\n|-singleturn|p2a: Trevenant|Protect\n|move|p2b: Dragonite|Thunder Wave|p1a: Incineroar\n|-status|p1a: Incineroar|par\n|move|p1a: Incineroar|Knock Off|p2b: Dragonite\n|-damage|p2b: Dragonite|80\/100\n|-enditem|p2b: Dragonite|Leftovers|[from] move: Knock Off|[of] p1a: Incineroar\n|\n|-item|p2a: Trevenant|Sitrus Berry|[from] ability: Harvest\n|upkeep\n|-enditem|p2a: Trevenant|Sitrus Berry|[eat]\n|-heal|p2a: Trevenant|41\/100|[from] item: Sitrus Berry\n|turn|6\n|\n|t:|1700715050\n|move|p1b: Serperior|Leaf Storm|p2a: Trevenant\n|-resisted|p2a: Trevenant\n|-end|p2a: Trevenant|Substitute\n|move|p2b: Dragonite|Substitute|p2b: Dragonite\n|-start|p2b: Dragonite|Substitute\n|-damage|p2b: Dragonite|55\/100\n|move|p2a: Trevenant|Leech Seed|p1a: Incineroar\n|-start|p1a: Incineroar|move: Leech Seed\n|move|p1a: Incineroar|Parting Shot|p2b: Dragonite\n|-unboost|p2b: Dragonite|atk|1\n|-unboost|p2b: Dragonite|spa|1\n|\n|t:|1700715062\n|switch|p1a: Baxcalibur|Baxcalibur, F|100\/100|[from] Parting Shot\n|\n|upkeep\n|turn|7\n|\n|t:|1700715079\n|move|p2a: Trevenant|Protect|p2a: Trevenant\n|-singleturn|p2a: Trevenant|Protect\n|move|p1a: Baxcalibur|Icicle Crash|p2a: Trevenant\n|-activate|p2a: Trevenant|move: Protect\n|move|p1b: Serperior|Leaf Storm|p2b: Dragonite\n|-resisted|p2b: Dragonite\n|-activate|p2b: Dragonite|move: Substitute|[damage]\n|move|p2b: Dragonite|Dragon Tail|p1a: Baxcalibur\n|-supereffective|p1a: Baxcalibur\n|-damage|p1a: Baxcalibur|65\/100\n|drag|p1a: Excadrill|Excadrill, M|100\/100\n|\n|upkeep\n|turn|8\n|\n|t:|1700715099\n|move|p1b: Serperior|Leaf Storm|p2b: Dragonite\n|-resisted|p2b: Dragonite\n|-end|p2b: Dragonite|Substitute\n|move|p1a: Excadrill|Rock Slide|p2b: Dragonite|[spread] p2a,p2b\n|-supereffective|p2b: Dragonite\n|-crit|p2b: Dragonite\n|-damage|p2a: Trevenant|0 fnt\n|-damage|p2b: Dragonite|0 fnt\n|faint|p2a: Trevenant\n|faint|p2b: Dragonite\n|\n|upkeep\n|\n|t:|1700715109\n|switch|p2b: Whimsicott|Whimsicott, F, shiny|100\/100\n|switch|p2a: Breloom|Breloom, M, shiny|100\/100\n|turn|9\n|\n|t:|1700715129\n|switch|p1a: Incineroar|Incineroar, M|98\/100 par\n|-ability|p1a: Incineroar|Intimidate|boost\n|-unboost|p2a: Breloom|atk|1\n|-unboost|p2b: Whimsicott|atk|1\n|move|p1b: Serperior|Protect|p1b: Serperior\n|-singleturn|p1b: Serperior|Protect\n|move|p2b: Whimsicott|Leech Seed|p1a: Incineroar\n|-hint|Since gen 7, Dark is immune to Prankster moves.\n|-immune|p1a: Incineroar\n|move|p2a: Breloom|Spore|p1a: Incineroar\n|-activate|p1a: Incineroar|item: Safety Goggles|Spore\n|\n|-status|p2a: Breloom|tox|[from] item: Toxic Orb\n|upkeep\n|turn|10\n|\n|t:|1700715152\n|move|p1a: Incineroar|Fake Out|p2b: Whimsicott\n|-damage|p2b: Whimsicott|89\/100\n|cant|p2b: Whimsicott|flinch\n|move|p1b: Serperior|Glare|p2b: Whimsicott\n|-status|p2b: Whimsicott|par\n|move|p2a: Breloom|Substitute|p2a: Breloom\n|-start|p2a: Breloom|Substitute\n|-damage|p2a: Breloom|75\/100 tox\n|\n|-heal|p2b: Whimsicott|96\/100 par|[from] item: Leftovers\n|-heal|p2a: Breloom|88\/100 tox|[from] ability: Poison Heal\n|upkeep\n|turn|11\n|\n|t:|1700715169\n|-singleturn|p2a: Breloom|move: Focus Punch\n|move|p2b: Whimsicott|Leech Seed|p1a: Incineroar\n|-hint|Since gen 7, Dark is immune to Prankster moves.\n|-immune|p1a: Incineroar\n|move|p1b: Serperior|Leaf Storm|p2a: Breloom\n|-resisted|p2a: Breloom\n|-end|p2a: Breloom|Substitute\n|move|p1a: Incineroar|Knock Off|p2b: Whimsicott\n|-resisted|p2b: Whimsicott\n|-damage|p2b: Whimsicott|75\/100 par\n|-enditem|p2b: Whimsicott|Leftovers|[from] move: Knock Off|[of] p1a: Incineroar\n|move|p2a: Breloom|Focus Punch|p1b: Serperior\n|-damage|p1b: Serperior|47\/100\n|\n|-heal|p1b: Serperior|53\/100|[from] item: Leftovers\n|-heal|p2a: Breloom|100\/100 tox|[from] ability: Poison Heal\n|upkeep\n|turn|12\n|\n|t:|1700715194\n|cant|p2b: Whimsicott|par\n|move|p1b: Serperior|Leaf Storm|p2a: Breloom\n|-resisted|p2a: Breloom\n|-damage|p2a: Breloom|0 fnt\n|faint|p2a: Breloom\n|cant|p1a: Incineroar|par\n|\n|-heal|p1b: Serperior|59\/100|[from] item: Leftovers\n|upkeep\n|\n|t:|1700715202\n|switch|p2a: Volcarona|Volcarona, M, shiny|100\/100\n|turn|13\n|\n|t:|1700715209\n|move|p1b: Serperior|Protect|p1b: Serperior\n|-singleturn|p1b: Serperior|Protect\n|cant|p2b: Whimsicott|par\n|move|p2a: Volcarona|Quiver Dance|p2a: Volcarona\n|-boost|p2a: Volcarona|spa|1\n|-boost|p2a: Volcarona|spd|1\n|-boost|p2a: Volcarona|spe|1\n|move|p1a: Incineroar|Parting Shot|p2a: Volcarona\n|-unboost|p2a: Volcarona|atk|1\n|-unboost|p2a: Volcarona|spa|1\n|\n|t:|1700715220\n|switch|p1a: Baxcalibur|Baxcalibur, F|65\/100|[from] Parting Shot\n|\n|-heal|p1b: Serperior|65\/100|[from] item: Leftovers\n|upkeep\n|turn|14\n|\n|t:|1700715241\n|switch|p1b: Incineroar|Incineroar, M|98\/100 par\n|-ability|p1b: Incineroar|Intimidate|boost\n|-unboost|p2a: Volcarona|atk|1\n|-unboost|p2b: Whimsicott|atk|1\n|move|p2b: Whimsicott|Stun Spore|p1a: Baxcalibur\n|-status|p1a: Baxcalibur|par\n|move|p2a: Volcarona|Fiery Dance|p1b: Incineroar\n|-resisted|p1b: Incineroar\n|-damage|p1b: Incineroar|85\/100 par\n|-boost|p2a: Volcarona|spa|1\n|move|p1a: Baxcalibur|Glaive Rush|p2a: Volcarona\n|-damage|p2a: Volcarona|36\/100\n|-singlemove|p1a: Baxcalibur|Glaive Rush|[silent]\n|\n|upkeep\n|turn|15\n|\n|t:|1700715260\n|move|p1b: Incineroar|Fake Out|p2a: Volcarona\n|-damage|p2a: Volcarona|25\/100\n|move|p2b: Whimsicott|Encore|p1b: Incineroar\n|-hint|Since gen 7, Dark is immune to Prankster moves.\n|-immune|p1b: Incineroar\n|cant|p2a: Volcarona|flinch\n|move|p1a: Baxcalibur|Glaive Rush|p2a: Volcarona\n|-damage|p2a: Volcarona|0 fnt\n|-singlemove|p1a: Baxcalibur|Glaive Rush|[silent]\n|faint|p2a: Volcarona\n|\n|upkeep\n|turn|16\n|-message|MyNaevis forfeited.\n|\n|win|OPieceOfHeroGhost\n|raw|OPieceOfHeroGhost's rating: 1000 &rarr; <strong>1046<\/strong><br \/>(+46 for winning)\n|raw|MyNaevis's rating: 1051 &rarr; <strong>1031<\/strong><br \/>(-20 for losing)\n|l|\u2606MyNaevis\n","uploadtime":1700715280,"views":1,"p1id":"opieceofheroghost","p2id":"mynaevis","formatid":"gen9nationaldexdoubles","rating":1031,"private":0,"password":""}